{"id": "gen9randombattle-2631969619", "format": "[Gen 9] Random Battle", "players": ["Pepe Zombi", "hello779"], "log": "|j|\u2606Pepe Zombi\n|j|\u2606hello779\n|t:|1781461146\n|gametype|singles\n|player|p1|Pepe Zombi|miku-ghost|1995\n|player|p2|hello779|170|2019\n|gen|9\n|tier|[Gen 9] Random Battle\n|rated|\n|rule|Species Clause: Limit one of each Pok\u00e9mon\n|rule|HP Percentage Mod: HP is shown in percentages\n|rule|Sleep Clause Mod: Limit one foe put to sleep\n|rule|Illusion Level Mod: Illusion disguises the Pok\u00e9mon's true level\n|\n|t:|1781461146\n|teamsize|p1|6\n|teamsize|p2|6\n|start\n|switch|p1a: Ogerpon|Ogerpon, L80, F|259/259\n|switch|p2a: Landorus|Landorus-Therian, L76, M|260/260\n|-ability|p2a: Landorus|Intimidate|boost\n|-unboost|p1a: Ogerpon|atk|1\n|-ability|p1a: Ogerpon|Defiant|boost\n|-boost|p1a: Ogerpon|atk|2\n|turn|1\n|inactive|Battle timer is ON: inactive players will automatically lose when time's up. (requested by hello779)\n|inactive|Pepe Zombi also wants the timer to be on.\n|\n|t:|1781461156\n|move|p1a: Ogerpon|U-turn|p2a: Landorus\n|-resisted|p2a: Landorus\n|-damage|p2a: Landorus|215/260\n|\n|t:|1781461161\n|switch|p1a: Froslass|Froslass, L87, F|263/263|[from] U-turn\n|move|p2a: Landorus|U-turn|p1a: Froslass\n|-resisted|p1a: Froslass\n|-damage|p1a: Froslass|232/263\n|-start|p2a: Landorus|Disable|U-turn|[from] ability: Cursed Body|[of] p1a: Froslass\n|\n|t:|1781461170\n|switch|p2a: Kleavor|Kleavor, L78, F|237/237|[from] U-turn\n|\n|upkeep\n|turn|2\n|\n|t:|1781461176\n|move|p1a: Froslass|Will-O-Wisp|p2a: Kleavor\n|-status|p2a: Kleavor|brn\n|move|p2a: Kleavor|Stone Axe|p1a: Froslass\n|-supereffective|p1a: Froslass\n|-damage|p1a: Froslass|108/263\n|-start|p2a: Kleavor|Disable|Stone Axe|[from] ability: Cursed Body|[of] p1a: Froslass\n|-sidestart|p1: Pepe Zombi|move: Stealth Rock\n|\n|-damage|p2a: Kleavor|223/237 brn|[from] brn\n|upkeep\n|turn|3\n|inactive|hello779 has 120 seconds left.\n|\n|t:|1781461218\n|move|p1a: Froslass|Spikes|p2a: Kleavor\n|-sidestart|p2: hello779|Spikes\n|move|p2a: Kleavor|X-Scissor|p1a: Froslass\n|-resisted|p1a: Froslass\n|-damage|p1a: Froslass|68/263\n|\n|-damage|p2a: Kleavor|209/237 brn|[from] brn\n|upkeep\n|turn|4\n|\n|t:|1781461225\n|move|p1a: Froslass|Triple Axel|p2a: Kleavor\n|-damage|p2a: Kleavor|187/237 brn\n|-damage|p2a: Kleavor|145/237 brn\n|-crit|p2a: Kleavor\n|-damage|p2a: Kleavor|52/237 brn\n|-hitcount|p2a: Kleavor|3\n|move|p2a: Kleavor|Defog|p1a: Froslass\n|-unboost|p1a: Froslass|evasion|1\n|-sideend|p1: Pepe Zombi|Stealth Rock|[from] move: Defog|[of] p2a: Kleavor\n|-sideend|p2: hello779|Spikes|[from] move: Defog|[of] p2a: Kleavor\n|\n|-damage|p2a: Kleavor|38/237 brn|[from] brn\n|upkeep\n|turn|5\n|inactive|hello779 has 120 seconds left.\n|\n|t:|1781461237\n|switch|p2a: Persian|Persian-Alola, L86, F|252/252\n|move|p1a: Froslass|Triple Axel|p2a: Persian\n|-damage|p2a: Persian|239/252\n|-damage|p2a: Persian|215/252\n|-damage|p2a: Persian|175/252\n|-hitcount|p2a: Persian|3\n|\n|upkeep\n|turn|6\n|\n|t:|1781461243\n|switch|p1a: Okidogi|Okidogi, L77, M|262/262\n|move|p2a: Persian|Knock Off|p1a: Okidogi\n|-resisted|p1a: Okidogi\n|-damage|p1a: Okidogi|232/262\n|-enditem|p1a: Okidogi|Leftovers|[from] move: Knock Off|[of] p2a: Persian\n|\n|upkeep\n|turn|7\n|inactive|hello779 has 120 seconds left.\n|l|\u2606hello779\n|inactive|hello779 disconnected and has a minute to reconnect!\n|player|p2|\n|inactive|hello779 has 30 seconds to reconnect!\n|j|\u2606hello779\n|inactive|hello779 reconnected and has 80 seconds left.\n|player|p2|hello779|170|\n|inactive|hello779 has 60 seconds left.\n|\n|t:|1781461329\n|move|p2a: Persian|Parting Shot|p1a: Okidogi\n|-unboost|p1a: Okidogi|atk|1\n|-unboost|p1a: Okidogi|spa|1\n|\n|t:|1781461331\n|switch|p2a: Landorus|Landorus-Therian, L76, M|215/260|[from] Parting Shot\n|-ability|p2a: Landorus|Intimidate|boost\n|-unboost|p1a: Okidogi|atk|1\n|move|p1a: Okidogi|Drain Punch|p2a: Landorus\n|-resisted|p2a: Landorus\n|-damage|p2a: Landorus|194/260\n|-heal|p1a: Okidogi|243/262|[from] drain|[of] p2a: Landorus\n|\n|-heal|p2a: Landorus|210/260|[from] item: Leftovers\n|upkeep\n|turn|8\n|\n|t:|1781461339\n|switch|p1a: Araquanid|Araquanid, L82, M|246/246\n|move|p2a: Landorus|Stealth Rock|p1a: Araquanid\n|-sidestart|p1: Pepe Zombi|move: Stealth Rock\n|\n|-heal|p2a: Landorus|226/260|[from] item: Leftovers\n|upkeep\n|turn|9\n|inactive|hello779 has 60 seconds left.\n|\n|t:|1781461375\n|move|p2a: Landorus|Stone Edge|p1a: Araquanid\n|-supereffective|p1a: Araquanid\n|-damage|p1a: Araquanid|86/246\n|move|p1a: Araquanid|Sticky Web|p2a: Landorus\n|-sidestart|p2: hello779|move: Sticky Web\n|\n|-heal|p2a: Landorus|242/260|[from] item: Leftovers\n|upkeep\n|turn|10\n|\n|t:|1781461394\n|move|p2a: Landorus|Stone Edge|p1a: Araquanid|[miss]\n|-miss|p2a: Landorus|p1a: Araquanid\n|move|p1a: Araquanid|Liquidation|p2a: Landorus\n|-supereffective|p2a: Landorus\n|-damage|p2a: Landorus|0 fnt\n|faint|p2a: Landorus\n|\n|upkeep\n|\n|t:|1781461399\n|switch|p2a: Persian|Persian-Alola, L86, F|175/252\n|turn|11\n|\n|t:|1781461401\n|move|p2a: Persian|Knock Off|p1a: Araquanid\n|-damage|p1a: Araquanid|11/246\n|-enditem|p1a: Araquanid|Heavy-Duty Boots|[from] move: Knock Off|[of] p2a: Persian\n|move|p1a: Araquanid|Hydro Pump|p2a: Persian\n|-damage|p2a: Persian|9/252\n|\n|upkeep\n|turn|12\n|inactive|hello779 has 60 seconds left.\n|\n|t:|1781461423\n|move|p2a: Persian|Knock Off|p1a: Araquanid\n|-damage|p1a: Araquanid|0 fnt\n|faint|p1a: Araquanid\n|\n|upkeep\n|\n|t:|1781461430\n|switch|p1a: Okidogi|Okidogi, L77, M|243/262\n|-damage|p1a: Okidogi|227/262|[from] Stealth Rock\n|turn|13\n|inactive|hello779 has 60 seconds left.\n|\n|t:|1781461451\n|move|p2a: Persian|Parting Shot|p1a: Okidogi\n|-unboost|p1a: Okidogi|atk|1\n|-unboost|p1a: Okidogi|spa|1\n|\n|t:|1781461457\n|switch|p2a: Jirachi|Jirachi, L80|291/291|[from] Parting Shot\n|-activate|p2a: Jirachi|move: Sticky Web\n|-unboost|p2a: Jirachi|spe|1\n|move|p1a: Okidogi|Drain Punch|p2a: Jirachi\n|-damage|p2a: Jirachi|242/291\n|-heal|p1a: Okidogi|252/262|[from] drain|[of] p2a: Jirachi\n|\n|upkeep\n|turn|14\n|\n|t:|1781461470\n|move|p1a: Okidogi|Knock Off|p2a: Jirachi\n|-supereffective|p2a: Jirachi\n|-damage|p2a: Jirachi|148/291\n|-enditem|p2a: Jirachi|Assault Vest|[from] move: Knock Off|[of] p1a: Okidogi\n|move|p2a: Jirachi|U-turn|p1a: Okidogi\n|-resisted|p1a: Okidogi\n|-damage|p1a: Okidogi|242/262\n|\n|t:|1781461474\n|switch|p2a: Kleavor|Kleavor, L78, F|38/237 brn|[from] U-turn\n|\n|-damage|p2a: Kleavor|24/237 brn|[from] brn\n|upkeep\n|turn|15\n|\n|t:|1781461485\n|move|p2a: Kleavor|Defog|p1a: Okidogi\n|-unboost|p1a: Okidogi|evasion|1\n|-sideend|p1: Pepe Zombi|Stealth Rock|[from] move: Defog|[of] p2a: Kleavor\n|-sideend|p2: hello779|Sticky Web|[from] move: Defog|[of] p2a: Kleavor\n|move|p1a: Okidogi|Drain Punch|p2a: Kleavor\n|-damage|p2a: Kleavor|0 fnt\n|-heal|p1a: Okidogi|254/262|[from] drain|[of] p2a: Kleavor\n|faint|p2a: Kleavor\n|\n|upkeep\n|inactive|hello779 has 60 seconds left.\n|\n|t:|1781461510\n|switch|p2a: Jirachi|Jirachi, L80|148/291\n|turn|16\n|\n|t:|1781461531\n|switch|p1a: Plusle|Plusle, L95, F|268/268\n|move|p2a: Jirachi|Body Slam|p1a: Plusle\n|-damage|p1a: Plusle|179/268\n|\n|upkeep\n|turn|17\n|\n|t:|1781461538\n|move|p1a: Plusle|Thunderbolt|p2a: Jirachi\n|-damage|p2a: Jirachi|22/291\n|-damage|p1a: Plusle|153/268|[from] item: Life Orb\n|move|p2a: Jirachi|Drain Punch|p1a: Plusle\n|-damage|p1a: Plusle|74/268\n|-heal|p2a: Jirachi|62/291|[from] drain|[of] p1a: Plusle\n|\n|upkeep\n|turn|18\n|\n|t:|1781461544\n|move|p1a: Plusle|Thunderbolt|p2a: Jirachi\n|-damage|p2a: Jirachi|0 fnt\n|faint|p2a: Jirachi\n|-damage|p1a: Plusle|48/268|[from] item: Life Orb\n|\n|upkeep\n|\n|t:|1781461545\n|switch|p2a: Persian|Persian-Alola, L86, F|9/252\n|turn|19\n|\n|t:|1781461550\n|move|p2a: Persian|Knock Off|p1a: Plusle\n|-damage|p1a: Plusle|0 fnt\n|-enditem|p1a: Plusle|Life Orb|[from] move: Knock Off|[of] p2a: Persian\n|faint|p1a: Plusle\n|\n|upkeep\n|\n|t:|1781461556\n|switch|p1a: Okidogi|Okidogi, L77, M|254/262\n|turn|20\n|\n|t:|1781461572\n|move|p2a: Persian|Thunder Wave|p1a: Okidogi|[miss]\n|-miss|p2a: Persian|p1a: Okidogi\n|move|p1a: Okidogi|Knock Off|p2a: Persian\n|-resisted|p2a: Persian\n|-damage|p2a: Persian|0 fnt\n|-enditem|p2a: Persian|Heavy-Duty Boots|[from] move: Knock Off|[of] p1a: Okidogi\n|faint|p2a: Persian\n|\n|upkeep\n|\n|t:|1781461576\n|switch|p2a: Zacian|Zacian, L69|241/241\n|-ability|p2a: Zacian|Intrepid Sword|boost\n|-boost|p2a: Zacian|atk|1\n|turn|21\n|\n|t:|1781461582\n|move|p2a: Zacian|Psychic Fangs|p1a: Okidogi\n|-supereffective|p1a: Okidogi\n|-damage|p1a: Okidogi|0 fnt\n|faint|p1a: Okidogi\n|-damage|p2a: Zacian|217/241|[from] item: Life Orb\n|\n|upkeep\n|\n|t:|1781461594\n|switch|p1a: Froslass|Froslass, L87, F|68/263\n|turn|22\n|inactive|hello779 has 90 seconds left.\n|\n|t:|1781461639\n|move|p1a: Froslass|Triple Axel|p2a: Zacian\n|-crit|p2a: Zacian\n|-damage|p2a: Zacian|189/241\n|-damage|p2a: Zacian|150/241\n|-damage|p2a: Zacian|96/241\n|-hitcount|p2a: Zacian|3\n|move|p2a: Zacian|Psychic Fangs|p1a: Froslass\n|-crit|p1a: Froslass\n|-damage|p1a: Froslass|0 fnt\n|-start|p2a: Zacian|Disable|Psychic Fangs|[from] ability: Cursed Body|[of] p1a: Froslass\n|faint|p1a: Froslass\n|-damage|p2a: Zacian|72/241|[from] item: Life Orb\n|\n|upkeep\n|\n|t:|1781461647\n|switch|p1a: Ogerpon|Ogerpon, L80, F|259/259\n|turn|23\n|\n|t:|1781461651\n|-terastallize|p1a: Ogerpon|Grass\n|detailschange|p1a: Ogerpon|Ogerpon-Teal-Tera, L80, F, tera:Grass\n|-ability|p1a: Ogerpon|Embody Aspect (Teal)|boost\n|-boost|p1a: Ogerpon|spe|1\n|move|p1a: Ogerpon|Ivy Cudgel|p2a: Zacian\n|-damage|p2a: Zacian|0 fnt\n|faint|p2a: Zacian\n|\n|upkeep\n|\n|t:|1781461653\n|switch|p2a: Regirock|Regirock, L83|268/268\n|turn|24\n|\n|t:|1781461661\n|-terastallize|p2a: Regirock|Fighting\n|move|p1a: Ogerpon|Ivy Cudgel|p2a: Regirock\n|-crit|p2a: Regirock\n|-damage|p2a: Regirock|144/268\n|move|p2a: Regirock|Iron Defense|p2a: Regirock\n|-boost|p2a: Regirock|def|2\n|\n|upkeep\n|turn|25\n|\n|t:|1781461667\n|move|p1a: Ogerpon|Encore|p2a: Regirock\n|-start|p2a: Regirock|Encore\n|move|p2a: Regirock|Iron Defense|p2a: Regirock\n|-boost|p2a: Regirock|def|2\n|\n|upkeep\n|turn|26\n|\n|t:|1781461670\n|move|p1a: Ogerpon|U-turn|p2a: Regirock\n|-resisted|p2a: Regirock\n|-damage|p2a: Regirock|140/268\n|\n|t:|1781461671\n|switch|p1a: Miraidon|Miraidon, L65|238/238|[from] U-turn\n|-fieldstart|move: Electric Terrain|[from] ability: Hadron Engine|[of] p1a: Miraidon\n|move|p2a: Regirock|Iron Defense|p2a: Regirock\n|-boost|p2a: Regirock|def|2\n|\n|upkeep\n|turn|27\n|-message|hello779 forfeited.\n|\n|win|Pepe Zombi\n|raw|Pepe Zombi's rating: 1995 &rarr; <strong>2016</strong><br />(+21 for winning)\n|raw|hello779's rating: 2019 &rarr; <strong>1998</strong><br />(-21 for losing)\n", "uploadtime": 1781461147, "views": 5, "formatid": "gen9randombattle", "rating": 1998, "private": 0, "password": null}