{"id": "gen9randombattle-2632002899", "format": "[Gen 9] Random Battle", "players": ["Swivel Sweeper", "Zabalilla"], "log": "|j|\u2606Swivel Sweeper\n|j|\u2606Zabalilla\n|t:|1781464805\n|gametype|singles\n|player|p1|Swivel Sweeper|swimmer|1995\n|player|p2|Zabalilla|101|1984\n|gen|9\n|tier|[Gen 9] Random Battle\n|rated|\n|rule|Species Clause: Limit one of each Pok\u00e9mon\n|rule|HP Percentage Mod: HP is shown in percentages\n|rule|Sleep Clause Mod: Limit one foe put to sleep\n|rule|Illusion Level Mod: Illusion disguises the Pok\u00e9mon's true level\n|\n|t:|1781464805\n|teamsize|p1|6\n|teamsize|p2|6\n|start\n|switch|p1a: Pachirisu|Pachirisu, L96, F|271/271\n|switch|p2a: Mesprit|Mesprit, L85|275/275\n|turn|1\n|inactive|Battle timer is ON: inactive players will automatically lose when time's up. (requested by Zabalilla)\n|\n|t:|1781464814\n|move|p1a: Pachirisu|Nuzzle|p2a: Mesprit\n|-damage|p2a: Mesprit|262/275\n|-status|p2a: Mesprit|par\n|move|p2a: Mesprit|Knock Off|p1a: Pachirisu\n|-damage|p1a: Pachirisu|197/271\n|-enditem|p1a: Pachirisu|Assault Vest|[from] move: Knock Off|[of] p2a: Mesprit\n|\n|upkeep\n|turn|2\n|\n|t:|1781464824\n|move|p1a: Pachirisu|Super Fang|p2a: Mesprit\n|-damage|p2a: Mesprit|131/275 par\n|move|p2a: Mesprit|Psychic Noise|p1a: Pachirisu\n|-damage|p1a: Pachirisu|118/271\n|-start|p1a: Pachirisu|move: Heal Block\n|\n|upkeep\n|turn|3\n|\n|t:|1781464846\n|move|p1a: Pachirisu|Thunderbolt|p2a: Mesprit\n|-damage|p2a: Mesprit|86/275 par\n|move|p2a: Mesprit|Psychic Noise|p1a: Pachirisu\n|-damage|p1a: Pachirisu|37/271\n|\n|-end|p1a: Pachirisu|move: Heal Block\n|upkeep\n|turn|4\n|\n|t:|1781464857\n|move|p1a: Pachirisu|U-turn|p2a: Mesprit\n|-supereffective|p2a: Mesprit\n|-damage|p2a: Mesprit|16/275 par\n|\n|t:|1781464862\n|switch|p1a: Camerupt|Camerupt, L91, M|275/275|[from] U-turn\n|cant|p2a: Mesprit|par\n|\n|upkeep\n|turn|5\n|\n|t:|1781464870\n|move|p1a: Camerupt|Stealth Rock|p2a: Mesprit\n|-sidestart|p2: Zabalilla|move: Stealth Rock\n|move|p2a: Mesprit|Psychic Noise|p1a: Camerupt\n|-damage|p1a: Camerupt|185/275\n|-start|p1a: Camerupt|move: Heal Block\n|\n|upkeep\n|turn|6\n|\n|t:|1781464879\n|move|p1a: Camerupt|Overheat|p2a: Mesprit\n|-damage|p2a: Mesprit|0 fnt\n|-unboost|p1a: Camerupt|spa|2\n|faint|p2a: Mesprit\n|\n|-end|p1a: Camerupt|move: Heal Block\n|upkeep\n|\n|t:|1781464888\n|switch|p2a: Poliwrath|Poliwrath, L88, M|302/302\n|-damage|p2a: Poliwrath|284/302|[from] Stealth Rock\n|turn|7\n|\n|t:|1781464892\n|move|p2a: Poliwrath|Liquidation|p1a: Camerupt\n|-supereffective|p1a: Camerupt\n|-damage|p1a: Camerupt|0 fnt\n|faint|p1a: Camerupt\n|\n|upkeep\n|\n|t:|1781464901\n|switch|p1a: Pachirisu|Pachirisu, L96, F|37/271\n|turn|8\n|\n|t:|1781464904\n|move|p1a: Pachirisu|Thunderbolt|p2a: Poliwrath\n|-supereffective|p2a: Poliwrath\n|-damage|p2a: Poliwrath|186/302\n|move|p2a: Poliwrath|Knock Off|p1a: Pachirisu\n|-damage|p1a: Pachirisu|0 fnt\n|faint|p1a: Pachirisu\n|\n|upkeep\n|\n|t:|1781464917\n|switch|p1a: Rillaboom|Rillaboom, L79, M|288/288\n|-fieldstart|move: Grassy Terrain|[from] ability: Grassy Surge|[of] p1a: Rillaboom\n|turn|9\n|\n|t:|1781464931\n|move|p1a: Rillaboom|Swords Dance|p1a: Rillaboom\n|-boost|p1a: Rillaboom|atk|2\n|move|p2a: Poliwrath|Circle Throw|p1a: Rillaboom\n|-damage|p1a: Rillaboom|212/288\n|drag|p1a: Tropius|Tropius, L91, F|328/328\n|\n|-heal|p2a: Poliwrath|204/302|[from] Grassy Terrain\n|upkeep\n|turn|10\n|\n|t:|1781464942\n|move|p2a: Poliwrath|Knock Off|p1a: Tropius\n|-damage|p1a: Tropius|258/328\n|-enditem|p1a: Tropius|Sitrus Berry|[from] move: Knock Off|[of] p2a: Poliwrath\n|move|p1a: Tropius|Dragon Dance|p1a: Tropius\n|-boost|p1a: Tropius|atk|1\n|-boost|p1a: Tropius|spe|1\n|\n|-heal|p2a: Poliwrath|222/302|[from] Grassy Terrain\n|upkeep\n|turn|11\n|\n|t:|1781464952\n|move|p1a: Tropius|Leaf Blade|p2a: Poliwrath\n|-supereffective|p2a: Poliwrath\n|-damage|p2a: Poliwrath|0 fnt\n|faint|p2a: Poliwrath\n|\n|upkeep\n|\n|t:|1781464960\n|switch|p2a: Copperajah|Copperajah, L86, M|350/350\n|-damage|p2a: Copperajah|329/350|[from] Stealth Rock\n|turn|12\n|\n|t:|1781464983\n|move|p1a: Tropius|Earthquake|p2a: Copperajah\n|-supereffective|p2a: Copperajah\n|-damage|p2a: Copperajah|207/350\n|move|p2a: Copperajah|Iron Head|p1a: Tropius\n|-damage|p1a: Tropius|89/328\n|\n|-heal|p2a: Copperajah|228/350|[from] Grassy Terrain\n|upkeep\n|turn|13\n|\n|t:|1781464991\n|move|p1a: Tropius|Earthquake|p2a: Copperajah\n|-supereffective|p2a: Copperajah\n|-damage|p2a: Copperajah|114/350\n|move|p2a: Copperajah|Iron Head|p1a: Tropius\n|-damage|p1a: Tropius|0 fnt\n|faint|p1a: Tropius\n|\n|-heal|p2a: Copperajah|135/350|[from] Grassy Terrain\n|-fieldend|move: Grassy Terrain\n|upkeep\n|\n|t:|1781465001\n|switch|p1a: Seviper|Seviper, L93, M|287/287\n|turn|14\n|\n|t:|1781465009\n|move|p1a: Seviper|Earthquake|p2a: Copperajah\n|-supereffective|p2a: Copperajah\n|-damage|p2a: Copperajah|0 fnt\n|faint|p2a: Copperajah\n|\n|upkeep\n|\n|t:|1781465013\n|switch|p2a: Primarina|Primarina, L83, M|268/268\n|-damage|p2a: Primarina|235/268|[from] Stealth Rock\n|turn|15\n|\n|t:|1781465021\n|switch|p1a: Rillaboom|Rillaboom, L79, M|212/288\n|-fieldstart|move: Grassy Terrain|[from] ability: Grassy Surge|[of] p1a: Rillaboom\n|move|p2a: Primarina|Psychic|p1a: Rillaboom\n|-damage|p1a: Rillaboom|115/288\n|\n|-heal|p1a: Rillaboom|133/288|[from] Grassy Terrain\n|-heal|p2a: Primarina|251/268|[from] Grassy Terrain\n|-heal|p2a: Primarina|267/268|[from] item: Leftovers\n|upkeep\n|turn|16\n|\n|t:|1781465036\n|switch|p2a: Armarouge|Armarouge, L80, F|267/267\n|-damage|p2a: Armarouge|201/267|[from] Stealth Rock\n|move|p1a: Rillaboom|Wood Hammer|p2a: Armarouge\n|-resisted|p2a: Armarouge\n|-damage|p2a: Armarouge|91/267\n|-ability|p2a: Armarouge|Weak Armor|boost\n|-unboost|p2a: Armarouge|def|1\n|-boost|p2a: Armarouge|spe|2\n|-damage|p1a: Rillaboom|97/288|[from] Recoil\n|-damage|p1a: Rillaboom|69/288|[from] item: Life Orb\n|\n|-heal|p2a: Armarouge|107/267|[from] Grassy Terrain\n|-heal|p1a: Rillaboom|87/288|[from] Grassy Terrain\n|upkeep\n|turn|17\n|\n|t:|1781465053\n|-terastallize|p1a: Rillaboom|Grass\n|move|p1a: Rillaboom|Grassy Glide|p2a: Armarouge\n|-resisted|p2a: Armarouge\n|-damage|p2a: Armarouge|8/267\n|-ability|p2a: Armarouge|Weak Armor|boost\n|-unboost|p2a: Armarouge|def|1\n|-boost|p2a: Armarouge|spe|2\n|-damage|p1a: Rillaboom|59/288|[from] item: Life Orb\n|move|p2a: Armarouge|Meteor Beam||[still]\n|-prepare|p2a: Armarouge|Meteor Beam\n|-boost|p2a: Armarouge|spa|1\n|-enditem|p2a: Armarouge|Power Herb\n|-anim|p2a: Armarouge|Meteor Beam|p1a: Rillaboom\n|-damage|p1a: Rillaboom|0 fnt\n|faint|p1a: Rillaboom\n|\n|-heal|p2a: Armarouge|24/267|[from] Grassy Terrain\n|upkeep\n|inactive|Swivel Sweeper has 120 seconds left.\n|\n|t:|1781465072\n|switch|p1a: Porygon-Z|Porygon-Z, L83|277/277\n|turn|18\n|\n|t:|1781465076\n|-terastallize|p2a: Armarouge|Fire\n|move|p2a: Armarouge|Armor Cannon|p1a: Porygon-Z\n|-damage|p1a: Porygon-Z|0 fnt\n|-unboost|p2a: Armarouge|def|1\n|-unboost|p2a: Armarouge|spd|1\n|faint|p1a: Porygon-Z\n|\n|-heal|p2a: Armarouge|40/267|[from] Grassy Terrain\n|upkeep\n|-message|Swivel Sweeper forfeited.\n|\n|win|Zabalilla\n", "uploadtime": 1781464807, "views": 5, "formatid": "gen9randombattle", "rating": null, "private": 0, "password": null}