{"id": "gen9randombattle-2631538829", "format": "[Gen 9] Random Battle", "players": ["moritzvb", "biscit_sama"], "log": "|j|\u2606moritzvb\n|j|\u2606biscit_sama\n|t:|1781398428\n|gametype|singles\n|player|p1|moritzvb|ariana|2102\n|player|p2|biscit_sama|psychic-gen4|2118\n|gen|9\n|tier|[Gen 9] Random Battle\n|rated|\n|rule|Species Clause: Limit one of each Pok\u00e9mon\n|rule|HP Percentage Mod: HP is shown in percentages\n|rule|Sleep Clause Mod: Limit one foe put to sleep\n|rule|Illusion Level Mod: Illusion disguises the Pok\u00e9mon's true level\n|\n|t:|1781398428\n|teamsize|p1|6\n|teamsize|p2|6\n|start\n|switch|p1a: Bastiodon|Bastiodon, L89, M|252/252\n|switch|p2a: Polteageist|Polteageist, L78|222/222\n|turn|1\n|inactive|Battle timer is ON: inactive players will automatically lose when time's up. (requested by biscit_sama)\n|\n|t:|1781398440\n|move|p2a: Polteageist|Shell Smash|p2a: Polteageist\n|-unboost|p2a: Polteageist|def|1\n|-unboost|p2a: Polteageist|spd|1\n|-boost|p2a: Polteageist|atk|2\n|-boost|p2a: Polteageist|spa|2\n|-boost|p2a: Polteageist|spe|2\n|-enditem|p2a: Polteageist|White Herb\n|-clearnegativeboost|p2a: Polteageist|[silent]\n|move|p1a: Bastiodon|Foul Play|p2a: Polteageist\n|-supereffective|p2a: Polteageist\n|-damage|p2a: Polteageist|28/222\n|\n|upkeep\n|turn|2\n|\n|t:|1781398445\n|move|p2a: Polteageist|Strength Sap|p1a: Bastiodon\n|-unboost|p1a: Bastiodon|atk|1\n|-heal|p2a: Polteageist|125/222\n|move|p1a: Bastiodon|Foul Play|p2a: Polteageist\n|-supereffective|p2a: Polteageist\n|-damage|p2a: Polteageist|0 fnt\n|-start|p1a: Bastiodon|Disable|Foul Play|[from] ability: Cursed Body|[of] p2a: Polteageist\n|faint|p2a: Polteageist\n|\n|upkeep\n|\n|t:|1781398453\n|switch|p2a: Urshifu|Urshifu, L74, M|270/270\n|turn|3\n|\n|t:|1781398463\n|switch|p1a: Leafeon|Leafeon, L88, M|258/258\n|move|p2a: Urshifu|Swords Dance|p2a: Urshifu\n|-boost|p2a: Urshifu|atk|2\n|\n|upkeep\n|turn|4\n|\n|t:|1781398490\n|-terastallize|p2a: Urshifu|Dark\n|move|p1a: Leafeon|Leaf Blade|p2a: Urshifu\n|-damage|p2a: Urshifu|101/270\n|-damage|p1a: Leafeon|233/258|[from] item: Life Orb\n|move|p2a: Urshifu|Wicked Blow|p1a: Leafeon\n|-crit|p1a: Leafeon\n|-damage|p1a: Leafeon|0 fnt\n|faint|p1a: Leafeon\n|-damage|p2a: Urshifu|74/270|[from] item: Life Orb\n|\n|upkeep\n|\n|t:|1781398495\n|switch|p1a: Tinkaton|Tinkaton, L82, F|274/274\n|-ability|p1a: Tinkaton|Mold Breaker\n|turn|5\n|\n|t:|1781398500\n|switch|p2a: Rotom|Rotom, L88|231/231\n|move|p1a: Tinkaton|Gigaton Hammer|p2a: Rotom\n|-resisted|p2a: Rotom\n|-damage|p2a: Rotom|163/231\n|\n|upkeep\n|turn|6\n|\n|t:|1781398514\n|switch|p1a: Swampert|Swampert, L83, M|302/302\n|move|p2a: Rotom|Trick|p1a: Swampert\n|-activate|p2a: Rotom|move: Trick|[of] p1a: Swampert\n|-item|p1a: Swampert|Choice Scarf|[from] move: Trick\n|-item|p2a: Rotom|Leftovers|[from] move: Trick\n|\n|-heal|p2a: Rotom|177/231|[from] item: Leftovers\n|upkeep\n|turn|7\n|\n|t:|1781398522\n|move|p1a: Swampert|Knock Off|p2a: Rotom\n|-supereffective|p2a: Rotom\n|-damage|p2a: Rotom|13/231\n|-enditem|p2a: Rotom|Leftovers|[from] move: Knock Off|[of] p1a: Swampert\n|move|p2a: Rotom|Shadow Ball|p1a: Swampert\n|-damage|p1a: Swampert|206/302\n|\n|upkeep\n|turn|8\n|\n|t:|1781398527\n|move|p1a: Swampert|Knock Off|p2a: Rotom\n|-supereffective|p2a: Rotom\n|-damage|p2a: Rotom|0 fnt\n|faint|p2a: Rotom\n|\n|upkeep\n|\n|t:|1781398541\n|switch|p2a: Flygon|Flygon, L82, M|265/265\n|turn|9\n|\n|t:|1781398548\n|move|p1a: Swampert|Knock Off|p2a: Flygon\n|-damage|p2a: Flygon|181/265\n|-enditem|p2a: Flygon|Lum Berry|[from] move: Knock Off|[of] p1a: Swampert\n|move|p2a: Flygon|Dragon Dance|p2a: Flygon\n|-boost|p2a: Flygon|atk|1\n|-boost|p2a: Flygon|spe|1\n|\n|upkeep\n|turn|10\n|\n|t:|1781398561\n|switch|p1a: Greedent|Greedent, L86, F|347/347\n|move|p2a: Flygon|Dragon Dance|p2a: Flygon\n|-boost|p2a: Flygon|atk|1\n|-boost|p2a: Flygon|spe|1\n|\n|upkeep\n|turn|11\n|\n|t:|1781398569\n|move|p2a: Flygon|Outrage|p1a: Greedent\n|-damage|p1a: Greedent|125/347\n|-enditem|p1a: Greedent|Sitrus Berry|[eat]\n|-heal|p1a: Greedent|211/347|[from] item: Sitrus Berry\n|-heal|p1a: Greedent|326/347|[from] ability: Cheek Pouch\n|move|p1a: Greedent|Double-Edge|p2a: Flygon\n|-crit|p2a: Flygon\n|-damage|p2a: Flygon|0 fnt\n|faint|p2a: Flygon\n|-damage|p1a: Greedent|266/347|[from] Recoil\n|\n|upkeep\n|\n|t:|1781398571\n|switch|p2a: Urshifu|Urshifu, L74, M, tera:Dark|74/270\n|turn|12\n|\n|t:|1781398579\n|switch|p1a: Tinkaton|Tinkaton, L82, F|274/274\n|-ability|p1a: Tinkaton|Mold Breaker\n|move|p2a: Urshifu|Close Combat|p1a: Tinkaton\n|-damage|p1a: Tinkaton|95/274\n|-unboost|p2a: Urshifu|def|1\n|-unboost|p2a: Urshifu|spd|1\n|-damage|p2a: Urshifu|47/270|[from] item: Life Orb\n|\n|-heal|p1a: Tinkaton|112/274|[from] item: Leftovers\n|upkeep\n|turn|13\n|\n|t:|1781398597\n|move|p2a: Urshifu|Sucker Punch|p1a: Tinkaton\n|-resisted|p1a: Tinkaton\n|-damage|p1a: Tinkaton|34/274\n|-damage|p2a: Urshifu|20/270|[from] item: Life Orb\n|move|p1a: Tinkaton|Gigaton Hammer|p2a: Urshifu\n|-damage|p2a: Urshifu|0 fnt\n|faint|p2a: Urshifu\n|\n|-heal|p1a: Tinkaton|51/274|[from] item: Leftovers\n|upkeep\n|\n|t:|1781398599\n|switch|p2a: Abomasnow|Abomasnow, L84, F|287/287\n|-weather|Snowscape|[from] ability: Snow Warning|[of] p2a: Abomasnow\n|turn|14\n|\n|t:|1781398604\n|move|p1a: Tinkaton|Stealth Rock|p2a: Abomasnow\n|-sidestart|p2: biscit_sama|move: Stealth Rock\n|move|p2a: Abomasnow|Aurora Veil|p2a: Abomasnow\n|-sidestart|p2: biscit_sama|move: Aurora Veil\n|\n|-weather|Snowscape|[upkeep]\n|-heal|p1a: Tinkaton|68/274|[from] item: Leftovers\n|upkeep\n|turn|15\n|\n|t:|1781398606\n|move|p1a: Tinkaton|Encore|p2a: Abomasnow\n|-start|p2a: Abomasnow|Encore\n|move|p2a: Abomasnow|Aurora Veil||[still]\n|-fail|p2a: Abomasnow\n|\n|-weather|Snowscape|[upkeep]\n|-heal|p1a: Tinkaton|85/274|[from] item: Leftovers\n|upkeep\n|turn|16\n|\n|t:|1781398610\n|switch|p2a: Oricorio|Oricorio, L84, M|263/263\n|move|p1a: Tinkaton|Gigaton Hammer|p2a: Oricorio\n|-resisted|p2a: Oricorio\n|-damage|p2a: Oricorio|225/263\n|\n|-weather|Snowscape|[upkeep]\n|-heal|p1a: Tinkaton|102/274|[from] item: Leftovers\n|upkeep\n|turn|17\n|\n|t:|1781398616\n|move|p2a: Oricorio|Quiver Dance|p2a: Oricorio\n|-boost|p2a: Oricorio|spa|1\n|-boost|p2a: Oricorio|spd|1\n|-boost|p2a: Oricorio|spe|1\n|move|p1a: Tinkaton|Encore|p2a: Oricorio\n|-start|p2a: Oricorio|Encore\n|\n|-weather|Snowscape|[upkeep]\n|-heal|p1a: Tinkaton|119/274|[from] item: Leftovers\n|upkeep\n|turn|18\n|\n|t:|1781398619\n|move|p2a: Oricorio|Quiver Dance|p2a: Oricorio\n|-boost|p2a: Oricorio|spa|1\n|-boost|p2a: Oricorio|spd|1\n|-boost|p2a: Oricorio|spe|1\n|move|p1a: Tinkaton|Gigaton Hammer|p2a: Oricorio\n|-resisted|p2a: Oricorio\n|-damage|p2a: Oricorio|186/263\n|\n|-weather|none\n|-heal|p1a: Tinkaton|136/274|[from] item: Leftovers\n|upkeep\n|turn|19\n|\n|t:|1781398626\n|switch|p1a: Swampert|Swampert, L83, M|206/302\n|move|p2a: Oricorio|Quiver Dance|p2a: Oricorio\n|-boost|p2a: Oricorio|spa|1\n|-boost|p2a: Oricorio|spd|1\n|-boost|p2a: Oricorio|spe|1\n|\n|upkeep\n|turn|20\n|\n|t:|1781398630\n|move|p2a: Oricorio|Quiver Dance|p2a: Oricorio\n|-boost|p2a: Oricorio|spa|1\n|-boost|p2a: Oricorio|spd|1\n|-boost|p2a: Oricorio|spe|1\n|move|p1a: Swampert|Yawn|p2a: Oricorio\n|-start|p2a: Oricorio|move: Yawn|[of] p1a: Swampert\n|\n|-end|p2a: Oricorio|Encore\n|upkeep\n|turn|21\n|\n|t:|1781398646\n|switch|p1a: Tinkaton|Tinkaton, L82, F|136/274\n|-ability|p1a: Tinkaton|Mold Breaker\n|move|p2a: Oricorio|Revelation Dance|p1a: Tinkaton\n|-supereffective|p1a: Tinkaton\n|-damage|p1a: Tinkaton|0 fnt\n|faint|p1a: Tinkaton\n|\n|-end|p2a: Oricorio|move: Yawn|[silent]\n|-status|p2a: Oricorio|slp\n|-sideend|p2: biscit_sama|move: Aurora Veil\n|upkeep\n|\n|t:|1781398649\n|switch|p1a: Greedent|Greedent, L86, F|266/347\n|turn|22\n|\n|t:|1781398655\n|cant|p2a: Oricorio|slp\n|move|p1a: Greedent|Double-Edge|p2a: Oricorio\n|-damage|p2a: Oricorio|18/263 slp\n|-damage|p1a: Greedent|211/347|[from] Recoil\n|\n|upkeep\n|turn|23\n|\n|t:|1781398667\n|cant|p2a: Oricorio|slp\n|move|p1a: Greedent|Double-Edge|p2a: Oricorio\n|-damage|p2a: Oricorio|0 fnt\n|faint|p2a: Oricorio\n|-damage|p1a: Greedent|205/347|[from] Recoil\n|\n|upkeep\n|-message|biscit_sama forfeited.\n|\n|win|moritzvb\n", "uploadtime": 1781398430, "views": 5, "formatid": "gen9randombattle", "rating": null, "private": 0, "password": null}