{"id": "gen9randombattle-2631534122", "format": "[Gen 9] Random Battle", "players": ["Meowerdoom", "Dooopsdiiips"], "log": "|j|\u2606Meowerdoom\n|j|\u2606Dooopsdiiips\n|t:|1781397771\n|gametype|singles\n|player|p1|Meowerdoom|burgh|2100\n|player|p2|Dooopsdiiips|265|2082\n|gen|9\n|tier|[Gen 9] Random Battle\n|rated|\n|rule|Species Clause: Limit one of each Pok\u00e9mon\n|rule|HP Percentage Mod: HP is shown in percentages\n|rule|Sleep Clause Mod: Limit one foe put to sleep\n|rule|Illusion Level Mod: Illusion disguises the Pok\u00e9mon's true level\n|\n|t:|1781397771\n|teamsize|p1|6\n|teamsize|p2|6\n|start\n|switch|p1a: Oricorio|Oricorio-Pa'u, L87, F|272/272\n|switch|p2a: Toxicroak|Toxicroak, L84, F|277/277\n|turn|1\n|\n|t:|1781397802\n|switch|p2a: Houndstone|Houndstone, L86, M|264/264\n|move|p1a: Oricorio|Hurricane|p2a: Houndstone|[miss]\n|-miss|p1a: Oricorio|p2a: Houndstone\n|\n|upkeep\n|turn|2\n|\n|t:|1781397814\n|switch|p1a: Glimmora|Glimmora, L75, F|248/248\n|-item|p1a: Glimmora|Air Balloon\n|move|p2a: Houndstone|Poltergeist|p1a: Glimmora\n|-activate|p1a: Glimmora|move: Poltergeist|Air Balloon\n|-damage|p1a: Glimmora|103/248\n|-activate|p1a: Glimmora|ability: Toxic Debris\n|-sidestart|p2: Dooopsdiiips|move: Toxic Spikes\n|-enditem|p1a: Glimmora|Air Balloon\n|\n|upkeep\n|turn|3\n|\n|t:|1781397837\n|move|p1a: Glimmora|Spikes|p2a: Houndstone\n|-sidestart|p2: Dooopsdiiips|Spikes\n|move|p2a: Houndstone|Body Press|p1a: Glimmora\n|-damage|p1a: Glimmora|38/248\n|-activate|p1a: Glimmora|ability: Toxic Debris\n|-sidestart|p2: Dooopsdiiips|move: Toxic Spikes\n|\n|upkeep\n|turn|4\n|\n|t:|1781397862\n|move|p1a: Glimmora|Spikes|p2a: Houndstone\n|-sidestart|p2: Dooopsdiiips|Spikes\n|move|p2a: Houndstone|Body Press|p1a: Glimmora\n|-damage|p1a: Glimmora|0 fnt\n|faint|p1a: Glimmora\n|\n|upkeep\n|\n|t:|1781397865\n|switch|p1a: Toxapex|Toxapex, L82, F|216/216\n|turn|5\n|\n|t:|1781397898\n|switch|p1a: Oricorio|Oricorio-Pa'u, L87, F|272/272\n|move|p2a: Houndstone|Poltergeist|p1a: Oricorio\n|-activate|p1a: Oricorio|move: Poltergeist|Heavy-Duty Boots\n|-supereffective|p1a: Oricorio\n|-damage|p1a: Oricorio|2/272\n|\n|upkeep\n|turn|6\n|\n|t:|1781397907\n|switch|p1a: Toxapex|Toxapex, L82, F|216/216\n|move|p2a: Houndstone|Body Press|p1a: Toxapex\n|-resisted|p1a: Toxapex\n|-damage|p1a: Toxapex|197/216\n|\n|-heal|p1a: Toxapex|210/216|[from] item: Leftovers\n|upkeep\n|turn|7\n|\n|t:|1781397913\n|move|p2a: Houndstone|Poltergeist|p1a: Toxapex\n|-activate|p1a: Toxapex|move: Poltergeist|Leftovers\n|-damage|p1a: Toxapex|122/216\n|move|p1a: Toxapex|Toxic|p2a: Houndstone\n|-status|p2a: Houndstone|tox\n|\n|-heal|p1a: Toxapex|135/216|[from] item: Leftovers\n|-damage|p2a: Houndstone|248/264 tox|[from] psn\n|upkeep\n|turn|8\n|\n|t:|1781397920\n|move|p2a: Houndstone|Poltergeist|p1a: Toxapex|[miss]\n|-miss|p2a: Houndstone|p1a: Toxapex\n|move|p1a: Toxapex|Recover|p1a: Toxapex\n|-heal|p1a: Toxapex|216/216\n|\n|-heal|p2a: Houndstone|264/264 tox|[from] item: Leftovers\n|-damage|p2a: Houndstone|232/264 tox|[from] psn\n|upkeep\n|turn|9\n|\n|t:|1781397928\n|move|p2a: Houndstone|Poltergeist|p1a: Toxapex\n|-activate|p1a: Toxapex|move: Poltergeist|Leftovers\n|-damage|p1a: Toxapex|132/216\n|move|p1a: Toxapex|Liquidation|p2a: Houndstone\n|-damage|p2a: Houndstone|205/264 tox\n|\n|-heal|p2a: Houndstone|221/264 tox|[from] item: Leftovers\n|-heal|p1a: Toxapex|145/216|[from] item: Leftovers\n|-damage|p2a: Houndstone|173/264 tox|[from] psn\n|upkeep\n|turn|10\n|\n|t:|1781397934\n|move|p2a: Houndstone|Rest|p2a: Houndstone\n|-status|p2a: Houndstone|slp|[from] move: Rest\n|-heal|p2a: Houndstone|264/264 slp|[silent]\n|move|p1a: Toxapex|Recover|p1a: Toxapex\n|-heal|p1a: Toxapex|216/216\n|\n|upkeep\n|turn|11\n|\n|t:|1781397942\n|switch|p1a: Donphan|Donphan, L84, M|288/288\n|cant|p2a: Houndstone|slp\n|move|p2a: Houndstone|Sleep Talk|p2a: Houndstone\n|move|p2a: Houndstone|Rest||[from] move: Sleep Talk|[still]\n|-fail|p2a: Houndstone\n|\n|upkeep\n|turn|12\n|inactive|Battle timer is ON: inactive players will automatically lose when time's up. (requested by Meowerdoom)\n|\n|t:|1781397972\n|switch|p2a: Yanmega|Yanmega, L82, M|275/275\n|move|p1a: Donphan|Knock Off|p2a: Yanmega\n|-damage|p2a: Yanmega|189/275\n|-enditem|p2a: Yanmega|Choice Specs|[from] move: Knock Off|[of] p1a: Donphan\n|\n|upkeep\n|turn|13\n|\n|t:|1781397998\n|switch|p1a: Dialga|Dialga-Origin, L73|266/266\n|-ability|p1a: Dialga|Pressure\n|move|p2a: Yanmega|Giga Drain|p1a: Dialga\n|-resisted|p1a: Dialga\n|-damage|p1a: Dialga|238/266\n|-heal|p2a: Yanmega|203/275|[from] drain|[of] p1a: Dialga\n|\n|upkeep\n|turn|14\n|\n|t:|1781398013\n|move|p2a: Yanmega|Bug Buzz|p1a: Dialga\n|-resisted|p1a: Dialga\n|-damage|p1a: Dialga|140/266\n|move|p1a: Dialga|Stealth Rock|p2a: Yanmega\n|-sidestart|p2: Dooopsdiiips|move: Stealth Rock\n|\n|upkeep\n|turn|15\n|inactive|Dooopsdiiips has 120 seconds left.\n|\n|t:|1781398030\n|move|p2a: Yanmega|Bug Buzz|p1a: Dialga\n|-resisted|p1a: Dialga\n|-damage|p1a: Dialga|46/266\n|move|p1a: Dialga|Draco Meteor|p2a: Yanmega\n|-damage|p2a: Yanmega|0 fnt\n|-unboost|p1a: Dialga|spa|2\n|faint|p2a: Yanmega\n|\n|upkeep\n|inactive|Dooopsdiiips has 120 seconds left.\n|\n|t:|1781398060\n|switch|p2a: Toxicroak|Toxicroak, L84, F|277/277\n|-sideend|p2: Dooopsdiiips|move: Toxic Spikes|[of] p2a: Toxicroak\n|-damage|p2a: Toxicroak|231/277|[from] Spikes\n|-damage|p2a: Toxicroak|214/277|[from] Stealth Rock\n|turn|16\n|\n|t:|1781398074\n|move|p2a: Toxicroak|Earthquake|p1a: Dialga\n|-supereffective|p1a: Dialga\n|-damage|p1a: Dialga|0 fnt\n|faint|p1a: Dialga\n|-damage|p2a: Toxicroak|187/277|[from] item: Life Orb\n|\n|upkeep\n|\n|t:|1781398077\n|switch|p1a: Donphan|Donphan, L84, M|288/288\n|turn|17\n|inactive|Dooopsdiiips has 90 seconds left.\n|\n|t:|1781398107\n|move|p2a: Toxicroak|Close Combat|p1a: Donphan\n|-damage|p1a: Donphan|142/288\n|-unboost|p2a: Toxicroak|def|1\n|-unboost|p2a: Toxicroak|spd|1\n|-damage|p2a: Toxicroak|160/277|[from] item: Life Orb\n|move|p1a: Donphan|Earthquake|p2a: Toxicroak\n|-supereffective|p2a: Toxicroak\n|-damage|p2a: Toxicroak|0 fnt\n|faint|p2a: Toxicroak\n|\n|upkeep\n|inactive|Dooopsdiiips has 60 seconds left.\n|\n|t:|1781398137\n|switch|p2a: Palkia|Palkia, L75|259/259\n|-damage|p2a: Palkia|216/259|[from] Spikes\n|-damage|p2a: Palkia|184/259|[from] Stealth Rock\n|-ability|p2a: Palkia|Pressure\n|turn|18\n|\n|t:|1781398145\n|move|p2a: Palkia|Spacial Rend|p1a: Donphan\n|-damage|p1a: Donphan|15/288\n|move|p1a: Donphan|Earthquake|p2a: Palkia\n|-damage|p2a: Palkia|60/259\n|\n|upkeep\n|turn|19\n|\n|t:|1781398151\n|move|p1a: Donphan|Ice Shard|p2a: Palkia\n|-damage|p2a: Palkia|26/259\n|move|p2a: Palkia|Spacial Rend|p1a: Donphan\n|-crit|p1a: Donphan\n|-damage|p1a: Donphan|0 fnt\n|faint|p1a: Donphan\n|\n|upkeep\n|\n|t:|1781398162\n|switch|p1a: Oricorio|Oricorio-Pa'u, L87, F|2/272\n|turn|20\n|\n|t:|1781398185\n|move|p1a: Oricorio|Revelation Dance|p2a: Palkia\n|-crit|p2a: Palkia\n|-damage|p2a: Palkia|0 fnt\n|faint|p2a: Palkia\n|\n|upkeep\n|inactive|Dooopsdiiips has 60 seconds left.\n|\n|t:|1781398211\n|switch|p2a: Toxtricity|Toxtricity, L82, F|257/257\n|-damage|p2a: Toxtricity|215/257|[from] Spikes\n|-damage|p2a: Toxtricity|183/257|[from] Stealth Rock\n|turn|21\n|\n|t:|1781398238\n|switch|p1a: Volbeat|Volbeat, L90, M|263/263\n|-terastallize|p2a: Toxtricity|Normal\n|move|p2a: Toxtricity|Boomburst|p1a: Volbeat\n|-damage|p1a: Volbeat|71/263\n|-enditem|p2a: Toxtricity|Throat Spray\n|-boost|p2a: Toxtricity|spa|1|[from] item: Throat Spray\n|\n|upkeep\n|turn|22\n|\n|t:|1781398259\n|move|p1a: Volbeat|Thunder Wave|p2a: Toxtricity\n|-status|p2a: Toxtricity|par\n|cant|p2a: Toxtricity|par\n|\n|upkeep\n|turn|23\n|\n|t:|1781398278\n|move|p1a: Volbeat|Roost|p1a: Volbeat\n|-heal|p1a: Volbeat|203/263\n|-singleturn|p1a: Volbeat|move: Roost\n|cant|p2a: Toxtricity|par\n|\n|upkeep\n|turn|24\n|\n|t:|1781398289\n|move|p1a: Volbeat|Roost|p1a: Volbeat\n|-heal|p1a: Volbeat|263/263\n|-singleturn|p1a: Volbeat|move: Roost\n|move|p2a: Toxtricity|Boomburst|p1a: Volbeat\n|-damage|p1a: Volbeat|0 fnt\n|faint|p1a: Volbeat\n|\n|upkeep\n|\n|t:|1781398295\n|switch|p1a: Oricorio|Oricorio-Pa'u, L87, F|2/272\n|turn|25\n|\n|t:|1781398315\n|-terastallize|p1a: Oricorio|Fighting\n|move|p1a: Oricorio|Revelation Dance|p2a: Toxtricity\n|-supereffective|p2a: Toxtricity\n|-damage|p2a: Toxtricity|0 fnt\n|faint|p2a: Toxtricity\n|\n|upkeep\n|\n|t:|1781398326\n|switch|p2a: Garchomp|Garchomp, L74, F|282/282\n|-damage|p2a: Garchomp|235/282|[from] Spikes\n|-damage|p2a: Garchomp|218/282|[from] Stealth Rock\n|turn|26\n|\n|t:|1781398336\n|move|p1a: Oricorio|Roost|p1a: Oricorio\n|-heal|p1a: Oricorio|138/272\n|move|p2a: Garchomp|Earthquake|p1a: Oricorio\n|-damage|p1a: Oricorio|9/272\n|\n|upkeep\n|turn|27\n|\n|t:|1781398349\n|move|p1a: Oricorio|Hurricane|p2a: Garchomp\n|-damage|p2a: Garchomp|70/282\n|move|p2a: Garchomp|Earthquake|p1a: Oricorio\n|-damage|p1a: Oricorio|0 fnt\n|faint|p1a: Oricorio\n|\n|upkeep\n|\n|t:|1781398351\n|switch|p1a: Toxapex|Toxapex, L82, F|216/216\n|turn|28\n|\n|t:|1781398353\n|move|p2a: Garchomp|Earthquake|p1a: Toxapex\n|-supereffective|p1a: Toxapex\n|-damage|p1a: Toxapex|66/216\n|move|p1a: Toxapex|Liquidation|p2a: Garchomp\n|-damage|p2a: Garchomp|4/282\n|-damage|p1a: Toxapex|39/216|[from] ability: Rough Skin|[of] p2a: Garchomp\n|-damage|p1a: Toxapex|3/216|[from] item: Rocky Helmet|[of] p2a: Garchomp\n|\n|-heal|p1a: Toxapex|16/216|[from] item: Leftovers\n|upkeep\n|turn|29\n|\n|t:|1781398357\n|move|p2a: Garchomp|Earthquake|p1a: Toxapex\n|-supereffective|p1a: Toxapex\n|-damage|p1a: Toxapex|0 fnt\n|faint|p1a: Toxapex\n|\n|win|Dooopsdiiips\n", "uploadtime": 1781397773, "views": 3, "formatid": "gen9randombattle", "rating": null, "private": 0, "password": null}