{"id": "gen9randombattle-2631439444", "format": "[Gen 9] Random Battle", "players": ["Zabalilla", "F Boogie"], "log": "|j|\u2606Zabalilla\n|j|\u2606F Boogie\n|t:|1781384826\n|gametype|singles\n|player|p1|Zabalilla|170|2099\n|player|p2|F Boogie|veteran-gen4|2113\n|gen|9\n|tier|[Gen 9] Random Battle\n|rated|\n|rule|Species Clause: Limit one of each Pok\u00e9mon\n|rule|HP Percentage Mod: HP is shown in percentages\n|rule|Sleep Clause Mod: Limit one foe put to sleep\n|rule|Illusion Level Mod: Illusion disguises the Pok\u00e9mon's true level\n|\n|t:|1781384826\n|teamsize|p1|6\n|teamsize|p2|6\n|start\n|switch|p1a: Slowbro|Slowbro-Galar, L87, M|307/307\n|switch|p2a: Gliscor|Gliscor, L76, M|239/239\n|turn|1\n|\n|t:|1781384831\n|move|p2a: Gliscor|Substitute|p2a: Gliscor\n|-start|p2a: Gliscor|Substitute\n|-damage|p2a: Gliscor|180/239\n|move|p1a: Slowbro|Psychic|p2a: Gliscor\n|-end|p2a: Gliscor|Substitute\n|\n|-status|p2a: Gliscor|tox|[from] item: Toxic Orb\n|upkeep\n|turn|2\n|inactive|Battle timer is ON: inactive players will automatically lose when time's up. (requested by Zabalilla)\n|\n|t:|1781384834\n|move|p2a: Gliscor|Earthquake|p1a: Slowbro\n|-supereffective|p1a: Slowbro\n|-damage|p1a: Slowbro|163/307\n|move|p1a: Slowbro|Psychic|p2a: Gliscor\n|-damage|p2a: Gliscor|41/239 tox\n|\n|-heal|p2a: Gliscor|70/239 tox|[from] ability: Poison Heal\n|upkeep\n|turn|3\n|\n|t:|1781384837\n|move|p2a: Gliscor|Protect|p2a: Gliscor\n|-singleturn|p2a: Gliscor|Protect\n|move|p1a: Slowbro|Psychic|p2a: Gliscor\n|-activate|p2a: Gliscor|move: Protect\n|\n|-heal|p2a: Gliscor|99/239 tox|[from] ability: Poison Heal\n|upkeep\n|turn|4\n|\n|t:|1781384840\n|switch|p2a: Chien-Pao|Chien-Pao, L72|234/234\n|-ability|p2a: Chien-Pao|Sword of Ruin\n|move|p1a: Slowbro|Psychic|p2a: Chien-Pao\n|-immune|p2a: Chien-Pao\n|\n|upkeep\n|turn|5\n|\n|t:|1781384843\n|switch|p1a: Delibird|Delibird, F|252/252\n|move|p2a: Chien-Pao|Crunch|p1a: Delibird\n|-damage|p1a: Delibird|63/252\n|-unboost|p1a: Delibird|def|1\n|\n|upkeep\n|turn|6\n|\n|t:|1781384846\n|switch|p1a: Wo-Chien|Wo-Chien, L83|277/277\n|-ability|p1a: Wo-Chien|Tablets of Ruin\n|move|p2a: Chien-Pao|Crunch|p1a: Wo-Chien\n|-resisted|p1a: Wo-Chien\n|-damage|p1a: Wo-Chien|224/277\n|-unboost|p1a: Wo-Chien|def|1\n|\n|-heal|p1a: Wo-Chien|241/277|[from] item: Leftovers\n|upkeep\n|turn|7\n|\n|t:|1781384854\n|switch|p2a: Victreebel|Victreebel, L90, M|290/290\n|move|p1a: Wo-Chien|Leech Seed|p2a: Victreebel\n|-immune|p2a: Victreebel\n|\n|-heal|p1a: Wo-Chien|258/277|[from] item: Leftovers\n|upkeep\n|turn|8\n|\n|t:|1781384858\n|move|p2a: Victreebel|Sunny Day|p2a: Victreebel\n|-weather|SunnyDay\n|move|p1a: Wo-Chien|Knock Off|p2a: Victreebel\n|-damage|p2a: Victreebel|181/290\n|-enditem|p2a: Victreebel|Life Orb|[from] move: Knock Off|[of] p1a: Wo-Chien\n|\n|-weather|SunnyDay|[upkeep]\n|-heal|p1a: Wo-Chien|275/277|[from] item: Leftovers\n|upkeep\n|turn|9\n|\n|t:|1781384862\n|move|p1a: Wo-Chien|Protect|p1a: Wo-Chien\n|-singleturn|p1a: Wo-Chien|Protect\n|move|p2a: Victreebel|Weather Ball|p1a: Wo-Chien\n|-activate|p1a: Wo-Chien|move: Protect\n|\n|-weather|SunnyDay|[upkeep]\n|-heal|p1a: Wo-Chien|277/277|[from] item: Leftovers\n|upkeep\n|turn|10\n|\n|t:|1781384868\n|switch|p1a: Girafarig|Girafarig, L89, F|269/269\n|move|p2a: Victreebel|Weather Ball|p1a: Girafarig\n|-damage|p1a: Girafarig|161/269\n|\n|-weather|SunnyDay|[upkeep]\n|upkeep\n|turn|11\n|\n|t:|1781384877\n|switch|p2a: Mew|Mew, L82|298/298\n|move|p1a: Girafarig|Psychic|p2a: Mew\n|-resisted|p2a: Mew\n|-damage|p2a: Mew|251/298\n|\n|-weather|SunnyDay|[upkeep]\n|upkeep\n|turn|12\n|\n|t:|1781384882\n|switch|p1a: Wo-Chien|Wo-Chien, L83|277/277\n|-ability|p1a: Wo-Chien|Tablets of Ruin\n|move|p2a: Mew|Swords Dance|p2a: Mew\n|-boost|p2a: Mew|atk|2\n|\n|-weather|none\n|upkeep\n|turn|13\n|\n|t:|1781384885\n|switch|p1a: Delibird|Delibird, F|63/252\n|move|p2a: Mew|Close Combat|p1a: Delibird\n|-damage|p1a: Delibird|0 fnt\n|-unboost|p2a: Mew|def|1\n|-unboost|p2a: Mew|spd|1\n|faint|p1a: Delibird\n|-damage|p2a: Mew|222/298|[from] item: Life Orb\n|\n|upkeep\n|\n|t:|1781384893\n|switch|p1a: Slowbro|Slowbro-Galar, L87, M|265/307\n|turn|14\n|\n|t:|1781384896\n|move|p2a: Mew|Knock Off|p1a: Slowbro\n|-supereffective|p1a: Slowbro\n|-damage|p1a: Slowbro|0 fnt\n|-enditem|p1a: Slowbro|Assault Vest|[from] move: Knock Off|[of] p2a: Mew\n|faint|p1a: Slowbro\n|-damage|p2a: Mew|193/298|[from] item: Life Orb\n|\n|upkeep\n|\n|t:|1781384901\n|switch|p1a: Arceus|Arceus-Poison, L70|284/284\n|turn|15\n|\n|t:|1781384907\n|move|p2a: Mew|Psychic Fangs|p1a: Arceus\n|-supereffective|p1a: Arceus\n|-damage|p1a: Arceus|0 fnt\n|faint|p1a: Arceus\n|-damage|p2a: Mew|164/298|[from] item: Life Orb\n|\n|upkeep\n|\n|t:|1781384910\n|switch|p1a: Quaquaval|Quaquaval, L79, M|264/264\n|turn|16\n|\n|t:|1781384913\n|-terastallize|p1a: Quaquaval|Steel\n|move|p2a: Mew|Psychic Fangs|p1a: Quaquaval\n|-resisted|p1a: Quaquaval\n|-damage|p1a: Quaquaval|143/264\n|-damage|p2a: Mew|135/298|[from] item: Life Orb\n|move|p1a: Quaquaval|Aqua Step|p2a: Mew\n|-damage|p2a: Mew|9/298\n|-boost|p1a: Quaquaval|spe|1\n|\n|-heal|p1a: Quaquaval|159/264|[from] item: Leftovers\n|upkeep\n|turn|17\n|\n|t:|1781384921\n|move|p1a: Quaquaval|Aqua Step|p2a: Mew\n|-damage|p2a: Mew|0 fnt\n|-boost|p1a: Quaquaval|spe|1\n|faint|p2a: Mew\n|-ability|p1a: Quaquaval|Moxie|boost\n|-boost|p1a: Quaquaval|atk|1\n|\n|-heal|p1a: Quaquaval|175/264|[from] item: Leftovers\n|upkeep\n|\n|t:|1781384925\n|switch|p2a: Bellibolt|Bellibolt, L84, M|320/320\n|turn|18\n|\n|t:|1781384930\n|move|p1a: Quaquaval|Close Combat|p2a: Bellibolt\n|-damage|p2a: Bellibolt|110/320\n|-unboost|p1a: Quaquaval|def|1\n|-unboost|p1a: Quaquaval|spd|1\n|-start|p2a: Bellibolt|Charge|Close Combat|[from] ability: Electromorphosis\n|move|p2a: Bellibolt|Thunderbolt|p1a: Quaquaval\n|-damage|p1a: Quaquaval|0 fnt\n|faint|p1a: Quaquaval\n|-end|p2a: Bellibolt|Charge|[silent]\n|\n|-heal|p2a: Bellibolt|130/320|[from] item: Leftovers\n|upkeep\n|\n|t:|1781384933\n|switch|p1a: Girafarig|Girafarig, L89, F|161/269\n|turn|19\n|\n|t:|1781384939\n|move|p1a: Girafarig|Nasty Plot|p1a: Girafarig\n|-boost|p1a: Girafarig|spa|2\n|move|p2a: Bellibolt|Slack Off|p2a: Bellibolt\n|-heal|p2a: Bellibolt|290/320\n|\n|-heal|p2a: Bellibolt|310/320|[from] item: Leftovers\n|upkeep\n|turn|20\n|\n|t:|1781384942\n|move|p1a: Girafarig|Nasty Plot|p1a: Girafarig\n|-boost|p1a: Girafarig|spa|2\n|move|p2a: Bellibolt|Volt Switch|p1a: Girafarig\n|-damage|p1a: Girafarig|100/269\n|\n|t:|1781384944\n|switch|p2a: Chien-Pao|Chien-Pao, L72|234/234|[from] Volt Switch\n|-ability|p2a: Chien-Pao|Sword of Ruin\n|\n|upkeep\n|turn|21\n|\n|t:|1781384945\n|move|p2a: Chien-Pao|Crunch|p1a: Girafarig\n|-supereffective|p1a: Girafarig\n|-crit|p1a: Girafarig\n|-damage|p1a: Girafarig|0 fnt\n|faint|p1a: Girafarig\n|\n|upkeep\n|-message|Zabalilla forfeited.\n|\n|win|F Boogie\n", "uploadtime": 1781384827, "views": 11, "formatid": "gen9randombattle", "rating": null, "private": 0, "password": null}