{"id": "gen9randombattle-2631712198", "format": "[Gen 9] Random Battle", "players": ["bilabong", "lemontheheavens"], "log": "|j|\u2606bilabong\n|j|\u2606lemontheheavens\n|t:|1781426691\n|gametype|singles\n|player|p1|bilabong|265|2029\n|player|p2|lemontheheavens|1|2056\n|gen|9\n|tier|[Gen 9] Random Battle\n|rated|\n|rule|Species Clause: Limit one of each Pok\u00e9mon\n|rule|HP Percentage Mod: HP is shown in percentages\n|rule|Sleep Clause Mod: Limit one foe put to sleep\n|rule|Illusion Level Mod: Illusion disguises the Pok\u00e9mon's true level\n|\n|t:|1781426691\n|teamsize|p1|6\n|teamsize|p2|6\n|start\n|switch|p1a: Sableye|Sableye, L88, F|231/231\n|switch|p2a: Vileplume|Vileplume, L85, F|266/266\n|turn|1\n|\n|t:|1781426701\n|move|p1a: Sableye|Knock Off|p2a: Vileplume\n|-damage|p2a: Vileplume|170/266\n|-enditem|p2a: Vileplume|Leftovers|[from] move: Knock Off|[of] p1a: Sableye\n|move|p2a: Vileplume|Leech Seed|p1a: Sableye\n|-start|p1a: Sableye|move: Leech Seed\n|\n|-damage|p1a: Sableye|203/231|[from] Leech Seed|[of] p2a: Vileplume\n|-heal|p2a: Vileplume|198/266|[silent]\n|upkeep\n|turn|2\n|\n|t:|1781426709\n|move|p1a: Sableye|Will-O-Wisp|p2a: Vileplume\n|-status|p2a: Vileplume|brn\n|move|p2a: Vileplume|Strength Sap|p1a: Sableye\n|-unboost|p1a: Sableye|atk|1\n|-heal|p2a: Vileplume|266/266 brn\n|\n|-heal|p1a: Sableye|217/231|[from] item: Leftovers\n|-damage|p1a: Sableye|189/231|[from] Leech Seed|[of] p2a: Vileplume\n|-damage|p2a: Vileplume|250/266 brn|[from] brn\n|upkeep\n|turn|3\n|\n|t:|1781426727\n|move|p1a: Sableye|Encore|p2a: Vileplume\n|-start|p2a: Vileplume|Encore\n|move|p2a: Vileplume|Strength Sap|p1a: Sableye\n|-unboost|p1a: Sableye|atk|1\n|-heal|p2a: Vileplume|266/266 brn\n|\n|-heal|p1a: Sableye|203/231|[from] item: Leftovers\n|-damage|p1a: Sableye|175/231|[from] Leech Seed|[of] p2a: Vileplume\n|-damage|p2a: Vileplume|250/266 brn|[from] brn\n|upkeep\n|turn|4\n|\n|t:|1781426734\n|switch|p1a: Wyrdeer|Wyrdeer, L87, M|321/321\n|-ability|p1a: Wyrdeer|Intimidate|boost\n|-unboost|p2a: Vileplume|atk|1\n|switch|p2a: Furret|Furret, L94, F|312/312\n|-item|p1a: Wyrdeer|Leftovers|[from] ability: Frisk|[of] p2a: Furret\n|\n|upkeep\n|turn|5\n|\n|t:|1781426742\n|switch|p1a: Zamazenta|Zamazenta, L71|248/248\n|-ability|p1a: Zamazenta|Dauntless Shield|boost\n|-boost|p1a: Zamazenta|def|1\n|move|p2a: Furret|Knock Off|p1a: Zamazenta\n|-resisted|p1a: Zamazenta\n|-damage|p1a: Zamazenta|216/248\n|-enditem|p1a: Zamazenta|Choice Band|[from] move: Knock Off|[of] p2a: Furret\n|\n|upkeep\n|turn|6\n|\n|t:|1781426753\n|switch|p2a: Vileplume|Vileplume, L85, F|250/266 brn\n|move|p1a: Zamazenta|Close Combat|p2a: Vileplume\n|-resisted|p2a: Vileplume\n|-damage|p2a: Vileplume|194/266 brn\n|-unboost|p1a: Zamazenta|def|1\n|-unboost|p1a: Zamazenta|spd|1\n|\n|-damage|p2a: Vileplume|178/266 brn|[from] brn\n|upkeep\n|turn|7\n|\n|t:|1781426770\n|switch|p1a: Kingambit|Kingambit, L74, F|270/270\n|move|p2a: Vileplume|Leech Seed|p1a: Kingambit|[miss]\n|-miss|p2a: Vileplume|p1a: Kingambit\n|\n|-damage|p2a: Vileplume|162/266 brn|[from] brn\n|upkeep\n|turn|8\n|\n|t:|1781426780\n|move|p2a: Vileplume|Leech Seed|p1a: Kingambit\n|-start|p1a: Kingambit|move: Leech Seed\n|move|p1a: Kingambit|Kowtow Cleave|p2a: Vileplume\n|-damage|p2a: Vileplume|65/266 brn\n|\n|-damage|p1a: Kingambit|237/270|[from] Leech Seed|[of] p2a: Vileplume\n|-heal|p2a: Vileplume|98/266 brn|[silent]\n|-damage|p2a: Vileplume|82/266 brn|[from] brn\n|upkeep\n|turn|9\n|\n|t:|1781426785\n|-end|p1a: Kingambit|fallenundefined|[silent]\n|switch|p1a: Wyrdeer|Wyrdeer, L87, M|321/321\n|-ability|p1a: Wyrdeer|Intimidate|boost\n|-unboost|p2a: Vileplume|atk|1\n|move|p2a: Vileplume|Strength Sap|p1a: Wyrdeer\n|-unboost|p1a: Wyrdeer|atk|1\n|-heal|p2a: Vileplume|266/266 brn\n|\n|-damage|p2a: Vileplume|250/266 brn|[from] brn\n|upkeep\n|turn|10\n|\n|t:|1781426791\n|move|p1a: Wyrdeer|Psychic Noise|p2a: Vileplume\n|-supereffective|p2a: Vileplume\n|-damage|p2a: Vileplume|64/266 brn\n|-start|p2a: Vileplume|move: Heal Block\n|move|p2a: Vileplume|Sludge Bomb|p1a: Wyrdeer\n|-damage|p1a: Wyrdeer|210/321\n|-status|p1a: Wyrdeer|psn\n|\n|-heal|p1a: Wyrdeer|230/321 psn|[from] item: Leftovers\n|-damage|p1a: Wyrdeer|190/321 psn|[from] psn\n|-damage|p2a: Vileplume|48/266 brn|[from] brn\n|upkeep\n|turn|11\n|\n|t:|1781426800\n|switch|p2a: Furret|Furret, L94, F|312/312\n|-item|p1a: Wyrdeer|Leftovers|[from] ability: Frisk|[of] p2a: Furret\n|move|p1a: Wyrdeer|Psychic Noise|p2a: Furret\n|-damage|p2a: Furret|209/312\n|-start|p2a: Furret|move: Heal Block\n|\n|-heal|p1a: Wyrdeer|210/321 psn|[from] item: Leftovers\n|-damage|p1a: Wyrdeer|170/321 psn|[from] psn\n|upkeep\n|turn|12\n|\n|t:|1781426803\n|switch|p1a: Zamazenta|Zamazenta, L71|216/248\n|move|p2a: Furret|U-turn|p1a: Zamazenta\n|-resisted|p1a: Zamazenta\n|-damage|p1a: Zamazenta|176/248\n|\n|t:|1781426808\n|switch|p2a: Uxie|Uxie, L83|260/260|[from] U-turn\n|\n|upkeep\n|turn|13\n|\n|t:|1781426820\n|switch|p1a: Wyrdeer|Wyrdeer, L87, M|170/321 psn\n|-ability|p1a: Wyrdeer|Intimidate|boost\n|-unboost|p2a: Uxie|atk|1\n|move|p2a: Uxie|Thunder Wave||[still]\n|-fail|p2a: Uxie\n|\n|-heal|p1a: Wyrdeer|190/321 psn|[from] item: Leftovers\n|-damage|p1a: Wyrdeer|150/321 psn|[from] psn\n|upkeep\n|turn|14\n|\n|t:|1781426834\n|switch|p2a: Vileplume|Vileplume, L85, F|48/266 brn\n|move|p1a: Wyrdeer|Megahorn|p2a: Vileplume\n|-damage|p2a: Vileplume|0 fnt\n|faint|p2a: Vileplume\n|\n|-heal|p1a: Wyrdeer|170/321 psn|[from] item: Leftovers\n|-damage|p1a: Wyrdeer|130/321 psn|[from] psn\n|upkeep\n|\n|t:|1781426839\n|switch|p2a: Flygon|Flygon, L82, F|265/265\n|turn|15\n|\n|t:|1781426851\n|switch|p1a: Sableye|Sableye, L88, F|175/231\n|move|p2a: Flygon|Earthquake|p1a: Sableye\n|-damage|p1a: Sableye|12/231\n|\n|-heal|p1a: Sableye|26/231|[from] item: Leftovers\n|upkeep\n|turn|16\n|\n|t:|1781426865\n|switch|p1a: Illumise|Illumise, L91, F|266/266\n|move|p2a: Flygon|Earthquake|p1a: Illumise\n|-resisted|p1a: Illumise\n|-damage|p1a: Illumise|182/266\n|\n|upkeep\n|turn|17\n|\n|t:|1781426871\n|switch|p2a: Hitmonlee|Hitmonlee, L85, M|223/223\n|move|p1a: Illumise|Bug Buzz|p2a: Hitmonlee\n|-resisted|p2a: Hitmonlee\n|-damage|p2a: Hitmonlee|183/223\n|\n|upkeep\n|turn|18\n|\n|t:|1781426881\n|move|p1a: Illumise|Thunder Wave|p2a: Hitmonlee\n|-status|p2a: Hitmonlee|par\n|move|p2a: Hitmonlee|Knock Off|p1a: Illumise\n|-damage|p1a: Illumise|40/266\n|-enditem|p1a: Illumise|Heavy-Duty Boots|[from] move: Knock Off|[of] p2a: Hitmonlee\n|\n|upkeep\n|turn|19\n|\n|t:|1781426888\n|switch|p2a: Swanna|Swanna, L89, M|278/278\n|move|p1a: Illumise|Roost|p1a: Illumise\n|-heal|p1a: Illumise|173/266\n|-singleturn|p1a: Illumise|move: Roost\n|\n|upkeep\n|turn|20\n|\n|t:|1781426895\n|switch|p1a: Kingambit|Kingambit, L74, F|237/270\n|move|p2a: Swanna|Brave Bird|p1a: Kingambit\n|-resisted|p1a: Kingambit\n|-damage|p1a: Kingambit|183/270\n|-damage|p2a: Swanna|260/278|[from] Recoil\n|\n|-heal|p1a: Kingambit|199/270|[from] item: Leftovers\n|upkeep\n|turn|21\n|\n|t:|1781426904\n|move|p2a: Swanna|Hydro Pump|p1a: Kingambit\n|-damage|p1a: Kingambit|52/270\n|move|p1a: Kingambit|Kowtow Cleave|p2a: Swanna\n|-damage|p2a: Swanna|148/278\n|\n|-heal|p1a: Kingambit|68/270|[from] item: Leftovers\n|upkeep\n|turn|22\n|\n|t:|1781426916\n|-end|p1a: Kingambit|fallenundefined|[silent]\n|switch|p1a: Zamazenta|Zamazenta, L71|176/248\n|move|p2a: Swanna|Roost|p2a: Swanna\n|-heal|p2a: Swanna|278/278\n|-singleturn|p2a: Swanna|move: Roost\n|\n|upkeep\n|turn|23\n|\n|t:|1781426922\n|switch|p2a: Uxie|Uxie, L83|260/260\n|move|p1a: Zamazenta|Stone Edge|p2a: Uxie\n|-crit|p2a: Uxie\n|-damage|p2a: Uxie|185/260\n|\n|-heal|p2a: Uxie|201/260|[from] item: Leftovers\n|upkeep\n|turn|24\n|\n|t:|1781426935\n|switch|p2a: Flygon|Flygon, L82, F|265/265\n|move|p1a: Zamazenta|Crunch|p2a: Flygon\n|-damage|p2a: Flygon|215/265\n|\n|upkeep\n|turn|25\n|\n|t:|1781426945\n|move|p1a: Zamazenta|Close Combat|p2a: Flygon\n|-damage|p2a: Flygon|101/265\n|-unboost|p1a: Zamazenta|def|1\n|-unboost|p1a: Zamazenta|spd|1\n|move|p2a: Flygon|Outrage|p1a: Zamazenta\n|-damage|p1a: Zamazenta|0 fnt\n|faint|p1a: Zamazenta\n|\n|upkeep\n|\n|t:|1781426959\n|switch|p1a: Wyrdeer|Wyrdeer, L87, M|130/321 psn\n|-ability|p1a: Wyrdeer|Intimidate|boost\n|-unboost|p2a: Flygon|atk|1\n|turn|26\n|\n|t:|1781426963\n|move|p2a: Flygon|Outrage|p1a: Wyrdeer|[from] lockedmove\n|-damage|p1a: Wyrdeer|0 fnt\n|faint|p1a: Wyrdeer\n|\n|upkeep\n|\n|t:|1781426982\n|switch|p1a: Illumise|Illumise, L91, F|173/266\n|turn|27\n|\n|t:|1781426985\n|move|p2a: Flygon|Outrage|p1a: Illumise|[from] lockedmove\n|-damage|p1a: Illumise|41/266\n|-start|p2a: Flygon|confusion|[fatigue]\n|move|p1a: Illumise|Bug Buzz|p2a: Flygon\n|-damage|p2a: Flygon|8/265\n|\n|upkeep\n|turn|28\n|\n|t:|1781426996\n|switch|p2a: Swanna|Swanna, L89, M|278/278\n|move|p1a: Illumise|Roost|p1a: Illumise\n|-heal|p1a: Illumise|174/266\n|-singleturn|p1a: Illumise|move: Roost\n|\n|upkeep\n|turn|29\n|\n|t:|1781427005\n|move|p1a: Illumise|Thunder Wave|p2a: Swanna\n|-status|p2a: Swanna|par\n|move|p2a: Swanna|Brave Bird|p1a: Illumise\n|-supereffective|p1a: Illumise\n|-damage|p1a: Illumise|0 fnt\n|faint|p1a: Illumise\n|-damage|p2a: Swanna|221/278 par|[from] Recoil\n|\n|upkeep\n|\n|t:|1781427015\n|switch|p1a: Miraidon|Miraidon, L65|238/238\n|-fieldstart|move: Electric Terrain|[from] ability: Hadron Engine|[of] p1a: Miraidon\n|turn|30\n|\n|t:|1781427023\n|switch|p2a: Uxie|Uxie, L83|201/260\n|move|p1a: Miraidon|Electro Drift|p2a: Uxie\n|-damage|p2a: Uxie|35/260\n|\n|-heal|p2a: Uxie|51/260|[from] item: Leftovers\n|upkeep\n|turn|31\n|\n|t:|1781427045\n|move|p1a: Miraidon|Electro Drift|p2a: Uxie\n|-damage|p2a: Uxie|0 fnt\n|faint|p2a: Uxie\n|\n|upkeep\n|\n|t:|1781427048\n|switch|p2a: Flygon|Flygon, L82, F|8/265\n|turn|32\n|\n|t:|1781427052\n|switch|p1a: Sableye|Sableye, L88, F|26/231\n|move|p2a: Flygon|Earthquake|p1a: Sableye\n|-damage|p1a: Sableye|0 fnt\n|faint|p1a: Sableye\n|\n|upkeep\n|\n|t:|1781427062\n|switch|p1a: Miraidon|Miraidon, L65|238/238\n|-activate|p1a: Miraidon|ability: Hadron Engine\n|turn|33\n|\n|t:|1781427070\n|switch|p2a: Swanna|Swanna, L89, M|221/278 par\n|move|p1a: Miraidon|Draco Meteor|p2a: Swanna\n|-damage|p2a: Swanna|0 fnt\n|-unboost|p1a: Miraidon|spa|2\n|faint|p2a: Swanna\n|\n|upkeep\n|\n|t:|1781427075\n|switch|p2a: Hitmonlee|Hitmonlee, L85, M|183/223 par\n|turn|34\n|\n|t:|1781427083\n|move|p1a: Miraidon|Draco Meteor|p2a: Hitmonlee\n|-damage|p2a: Hitmonlee|95/223 par\n|-unboost|p1a: Miraidon|spa|2\n|move|p2a: Hitmonlee|High Jump Kick|p1a: Miraidon\n|-damage|p1a: Miraidon|0 fnt\n|faint|p1a: Miraidon\n|\n|-fieldend|move: Electric Terrain\n|upkeep\n|\n|t:|1781427087\n|switch|p1a: Kingambit|Kingambit, L74, F|68/270\n|-activate|p1a: Kingambit|ability: Supreme Overlord\n|-start|p1a: Kingambit|fallen5|[silent]\n|turn|35\n|\n|t:|1781427105\n|switch|p2a: Flygon|Flygon, L82, F|8/265\n|-terastallize|p1a: Kingambit|Flying\n|move|p1a: Kingambit|Swords Dance|p1a: Kingambit\n|-boost|p1a: Kingambit|atk|2\n|\n|-heal|p1a: Kingambit|84/270|[from] item: Leftovers\n|upkeep\n|turn|36\n|\n|t:|1781427109\n|move|p1a: Kingambit|Sucker Punch|p2a: Flygon\n|-damage|p2a: Flygon|0 fnt\n|faint|p2a: Flygon\n|\n|-heal|p1a: Kingambit|100/270|[from] item: Leftovers\n|upkeep\n|\n|t:|1781427116\n|switch|p2a: Furret|Furret, L94, F|209/312\n|-item|p1a: Kingambit|Leftovers|[from] ability: Frisk|[of] p2a: Furret\n|turn|37\n|\n|t:|1781427122\n|move|p1a: Kingambit|Sucker Punch||[still]\n|-fail|p1a: Kingambit\n|move|p2a: Furret|Trick|p1a: Kingambit\n|-activate|p2a: Furret|move: Trick|[of] p1a: Kingambit\n|-item|p1a: Kingambit|Choice Band|[from] move: Trick\n|-item|p2a: Furret|Leftovers|[from] move: Trick\n|\n|-heal|p2a: Furret|228/312|[from] item: Leftovers\n|upkeep\n|turn|38\n|\n|t:|1781427137\n|switch|p2a: Hitmonlee|Hitmonlee, L85, M|95/223 par\n|move|p1a: Kingambit|Kowtow Cleave|p2a: Hitmonlee\n|-resisted|p2a: Hitmonlee\n|-damage|p2a: Hitmonlee|0 fnt\n|faint|p2a: Hitmonlee\n|\n|upkeep\n|\n|t:|1781427139\n|switch|p2a: Furret|Furret, L94, F|228/312\n|-item|p1a: Kingambit|Choice Band|[from] ability: Frisk|[of] p2a: Furret\n|turn|39\n|\n|t:|1781427142\n|-terastallize|p2a: Furret|Normal\n|move|p2a: Furret|Double-Edge|p1a: Kingambit\n|-damage|p1a: Kingambit|0 fnt\n|faint|p1a: Kingambit\n|-end|p1a: Kingambit|fallen5|[silent]\n|-damage|p2a: Furret|195/312|[from] Recoil\n|\n|win|lemontheheavens\n|raw|bilabong's rating: 2029 &rarr; <strong>2011</strong><br />(-18 for losing)\n|raw|lemontheheavens's rating: 2056 &rarr; <strong>2074</strong><br />(+18 for winning)\n", "uploadtime": 1781426693, "views": 4, "formatid": "gen9randombattle", "rating": 2011, "private": 0, "password": null}