{"id": "gen9randombattle-2631813749", "format": "[Gen 9] Random Battle", "players": ["Hunrito", "Schibi"], "log": "|j|\u2606Hunrito\n|j|\u2606Schibi\n|t:|1781443432\n|gametype|singles\n|player|p1|Hunrito|102|1914\n|player|p2|Schibi|265|1994\n|gen|9\n|tier|[Gen 9] Random Battle\n|rated|\n|rule|Species Clause: Limit one of each Pok\u00e9mon\n|rule|HP Percentage Mod: HP is shown in percentages\n|rule|Sleep Clause Mod: Limit one foe put to sleep\n|rule|Illusion Level Mod: Illusion disguises the Pok\u00e9mon's true level\n|\n|t:|1781443432\n|teamsize|p1|6\n|teamsize|p2|6\n|start\n|switch|p1a: Infernape|Infernape, L82, M|259/259\n|switch|p2a: Rillaboom|Rillaboom, L79, F|288/288\n|-fieldstart|move: Grassy Terrain|[from] ability: Grassy Surge|[of] p2a: Rillaboom\n|turn|1\n|inactive|Battle timer is ON: inactive players will automatically lose when time's up. (requested by Hunrito)\n|\n|t:|1781443445\n|switch|p2a: Dedenne|Dedenne, L88, M|261/261\n|move|p1a: Infernape|Overheat|p2a: Dedenne|[miss]\n|-miss|p1a: Infernape|p2a: Dedenne\n|\n|upkeep\n|turn|2\n|\n|t:|1781443455\n|switch|p1a: Sandaconda|Sandaconda, L84, M|258/258\n|move|p2a: Dedenne|Nuzzle|p1a: Sandaconda\n|-immune|p1a: Sandaconda\n|\n|upkeep\n|turn|3\n|\n|t:|1781443458\n|move|p2a: Dedenne|Super Fang|p1a: Sandaconda\n|-damage|p1a: Sandaconda|129/258\n|move|p1a: Sandaconda|Stealth Rock|p2a: Dedenne\n|-sidestart|p2: Schibi|move: Stealth Rock\n|\n|-heal|p1a: Sandaconda|145/258|[from] Grassy Terrain\n|-heal|p1a: Sandaconda|161/258|[from] item: Leftovers\n|upkeep\n|turn|4\n|\n|t:|1781443465\n|switch|p2a: Rillaboom|Rillaboom, L79, F|288/288\n|-damage|p2a: Rillaboom|252/288|[from] Stealth Rock\n|move|p1a: Sandaconda|Earthquake|p2a: Rillaboom\n|-resisted|p2a: Rillaboom\n|-damage|p2a: Rillaboom|222/288\n|\n|-heal|p2a: Rillaboom|240/288|[from] Grassy Terrain\n|-heal|p1a: Sandaconda|177/258|[from] Grassy Terrain\n|-heal|p1a: Sandaconda|193/258|[from] item: Leftovers\n|upkeep\n|turn|5\n|\n|t:|1781443467\n|switch|p1a: Meganium|Meganium, L90, M|290/290\n|move|p2a: Rillaboom|Wood Hammer|p1a: Meganium\n|-resisted|p1a: Meganium\n|-damage|p1a: Meganium|182/290\n|-damage|p2a: Rillaboom|204/288|[from] Recoil\n|\n|-heal|p1a: Meganium|200/290|[from] Grassy Terrain\n|-heal|p1a: Meganium|218/290|[from] item: Leftovers\n|-heal|p2a: Rillaboom|222/288|[from] Grassy Terrain\n|-fieldend|move: Grassy Terrain\n|upkeep\n|turn|6\n|\n|t:|1781443473\n|switch|p2a: Lurantis|Lurantis, L87, F|264/264\n|-damage|p2a: Lurantis|231/264|[from] Stealth Rock\n|move|p1a: Meganium|Knock Off|p2a: Lurantis\n|-damage|p2a: Lurantis|161/264\n|-enditem|p2a: Lurantis|Assault Vest|[from] move: Knock Off|[of] p1a: Meganium\n|\n|-heal|p1a: Meganium|236/290|[from] item: Leftovers\n|upkeep\n|turn|7\n|\n|t:|1781443478\n|switch|p1a: Infernape|Infernape, L82, M|259/259\n|move|p2a: Lurantis|Superpower|p1a: Infernape\n|-damage|p1a: Infernape|148/259\n|-boost|p2a: Lurantis|atk|1\n|-boost|p2a: Lurantis|def|1\n|\n|upkeep\n|turn|8\n|\n|t:|1781443484\n|move|p1a: Infernape|Overheat|p2a: Lurantis\n|-supereffective|p2a: Lurantis\n|-damage|p2a: Lurantis|0 fnt\n|-unboost|p1a: Infernape|spa|2\n|faint|p2a: Lurantis\n|-damage|p1a: Infernape|123/259|[from] item: Life Orb\n|\n|upkeep\n|\n|t:|1781443488\n|switch|p2a: Azelf|Azelf, L82|257/257\n|-damage|p2a: Azelf|225/257|[from] Stealth Rock\n|turn|9\n|\n|t:|1781443492\n|switch|p1a: Mabosstiff|Mabosstiff, L86, F|278/278\n|move|p2a: Azelf|Psychic|p1a: Mabosstiff\n|-immune|p1a: Mabosstiff\n|\n|upkeep\n|turn|10\n|\n|t:|1781443501\n|switch|p2a: Dedenne|Dedenne, L88, M|261/261\n|-damage|p2a: Dedenne|229/261|[from] Stealth Rock\n|move|p1a: Mabosstiff|Crunch|p2a: Dedenne\n|-resisted|p2a: Dedenne\n|-damage|p2a: Dedenne|31/261\n|-unboost|p2a: Dedenne|def|1\n|-enditem|p2a: Dedenne|Sitrus Berry|[eat]\n|-heal|p2a: Dedenne|96/261|[from] item: Sitrus Berry\n|-heal|p2a: Dedenne|183/261|[from] ability: Cheek Pouch\n|\n|upkeep\n|turn|11\n|\n|t:|1781443505\n|switch|p1a: Meganium|Meganium, L90, M|236/290\n|move|p2a: Dedenne|Super Fang|p1a: Meganium\n|-damage|p1a: Meganium|118/290\n|\n|-heal|p1a: Meganium|136/290|[from] item: Leftovers\n|upkeep\n|turn|12\n|\n|t:|1781443513\n|move|p2a: Dedenne|Super Fang|p1a: Meganium\n|-damage|p1a: Meganium|68/290\n|move|p1a: Meganium|Synthesis|p1a: Meganium\n|-heal|p1a: Meganium|213/290\n|\n|-heal|p1a: Meganium|231/290|[from] item: Leftovers\n|upkeep\n|turn|13\n|\n|t:|1781443517\n|move|p2a: Dedenne|Nuzzle|p1a: Meganium\n|-resisted|p1a: Meganium\n|-damage|p1a: Meganium|224/290\n|-status|p1a: Meganium|par\n|cant|p1a: Meganium|par\n|\n|-heal|p1a: Meganium|242/290 par|[from] item: Leftovers\n|upkeep\n|turn|14\n|\n|t:|1781443519\n|move|p2a: Dedenne|Super Fang|p1a: Meganium\n|-damage|p1a: Meganium|121/290 par\n|move|p1a: Meganium|Leech Seed|p2a: Dedenne\n|-start|p2a: Dedenne|move: Leech Seed\n|\n|-heal|p1a: Meganium|139/290 par|[from] item: Leftovers\n|-damage|p2a: Dedenne|151/261|[from] Leech Seed|[of] p1a: Meganium\n|-heal|p1a: Meganium|171/290 par|[silent]\n|upkeep\n|turn|15\n|\n|t:|1781443525\n|switch|p2a: Azelf|Azelf, L82|225/257\n|-damage|p2a: Azelf|193/257|[from] Stealth Rock\n|move|p1a: Meganium|Knock Off|p2a: Azelf\n|-supereffective|p2a: Azelf\n|-damage|p2a: Azelf|17/257\n|-enditem|p2a: Azelf|Life Orb|[from] move: Knock Off|[of] p1a: Meganium\n|\n|-heal|p1a: Meganium|189/290 par|[from] item: Leftovers\n|upkeep\n|turn|16\n|\n|t:|1781443535\n|move|p2a: Azelf|Fire Blast|p1a: Meganium\n|-supereffective|p1a: Meganium\n|-damage|p1a: Meganium|31/290 par\n|move|p1a: Meganium|Synthesis|p1a: Meganium\n|-heal|p1a: Meganium|176/290 par\n|\n|-heal|p1a: Meganium|194/290 par|[from] item: Leftovers\n|upkeep\n|turn|17\n|\n|t:|1781443544\n|move|p2a: Azelf|Fire Blast|p1a: Meganium\n|-supereffective|p1a: Meganium\n|-damage|p1a: Meganium|48/290 par\n|cant|p1a: Meganium|par\n|\n|-heal|p1a: Meganium|66/290 par|[from] item: Leftovers\n|upkeep\n|turn|18\n|\n|t:|1781443548\n|move|p2a: Azelf|Psychic|p1a: Meganium\n|-damage|p1a: Meganium|0 fnt\n|faint|p1a: Meganium\n|\n|upkeep\n|\n|t:|1781443555\n|switch|p1a: Infernape|Infernape, L82, M|123/259\n|turn|19\n|\n|t:|1781443556\n|move|p1a: Infernape|Mach Punch|p2a: Azelf\n|-resisted|p2a: Azelf\n|-damage|p2a: Azelf|0 fnt\n|faint|p2a: Azelf\n|-damage|p1a: Infernape|98/259|[from] item: Life Orb\n|\n|upkeep\n|\n|t:|1781443561\n|switch|p2a: Rillaboom|Rillaboom, L79, F|222/288\n|-damage|p2a: Rillaboom|186/288|[from] Stealth Rock\n|-fieldstart|move: Grassy Terrain|[from] ability: Grassy Surge|[of] p2a: Rillaboom\n|turn|20\n|\n|t:|1781443564\n|move|p2a: Rillaboom|Grassy Glide|p1a: Infernape\n|-resisted|p1a: Infernape\n|-damage|p1a: Infernape|20/259\n|move|p1a: Infernape|Overheat|p2a: Rillaboom\n|-supereffective|p2a: Rillaboom\n|-damage|p2a: Rillaboom|0 fnt\n|-unboost|p1a: Infernape|spa|2\n|faint|p2a: Rillaboom\n|-damage|p1a: Infernape|0 fnt|[from] item: Life Orb\n|faint|p1a: Infernape\n|\n|upkeep\n|\n|t:|1781443575\n|switch|p1a: Sylveon|Sylveon, L85, F|300/300\n|switch|p2a: Dedenne|Dedenne, L88, M|151/261\n|-damage|p2a: Dedenne|119/261|[from] Stealth Rock\n|turn|21\n|\n|t:|1781443578\n|switch|p1a: Sandaconda|Sandaconda, L84, M|193/258\n|move|p2a: Dedenne|Nuzzle|p1a: Sandaconda\n|-immune|p1a: Sandaconda\n|\n|-heal|p2a: Dedenne|135/261|[from] Grassy Terrain\n|-heal|p1a: Sandaconda|209/258|[from] Grassy Terrain\n|-heal|p1a: Sandaconda|225/258|[from] item: Leftovers\n|upkeep\n|turn|22\n|\n|t:|1781443582\n|move|p2a: Dedenne|Super Fang|p1a: Sandaconda\n|-damage|p1a: Sandaconda|113/258\n|move|p1a: Sandaconda|Stone Edge|p2a: Dedenne\n|-damage|p2a: Dedenne|39/261\n|\n|-heal|p2a: Dedenne|55/261|[from] Grassy Terrain\n|-heal|p1a: Sandaconda|129/258|[from] Grassy Terrain\n|-heal|p1a: Sandaconda|145/258|[from] item: Leftovers\n|upkeep\n|turn|23\n|\n|t:|1781443588\n|move|p2a: Dedenne|Super Fang|p1a: Sandaconda\n|-damage|p1a: Sandaconda|73/258\n|move|p1a: Sandaconda|Earthquake|p2a: Dedenne\n|-supereffective|p2a: Dedenne\n|-damage|p2a: Dedenne|0 fnt\n|faint|p2a: Dedenne\n|\n|-heal|p1a: Sandaconda|89/258|[from] Grassy Terrain\n|-heal|p1a: Sandaconda|105/258|[from] item: Leftovers\n|upkeep\n|\n|t:|1781443591\n|switch|p2a: Kyurem|Kyurem-Black, L71|295/295\n|-damage|p2a: Kyurem|222/295|[from] Stealth Rock\n|-ability|p2a: Kyurem|Teravolt\n|turn|24\n|\n|t:|1781443598\n|-terastallize|p2a: Kyurem|Electric\n|move|p2a: Kyurem|Dragon Dance|p2a: Kyurem\n|-boost|p2a: Kyurem|atk|1\n|-boost|p2a: Kyurem|spe|1\n|move|p1a: Sandaconda|Stone Edge|p2a: Kyurem\n|-damage|p2a: Kyurem|133/295\n|\n|-heal|p2a: Kyurem|151/295|[from] Grassy Terrain\n|-heal|p1a: Sandaconda|121/258|[from] Grassy Terrain\n|-heal|p1a: Sandaconda|137/258|[from] item: Leftovers\n|-fieldend|move: Grassy Terrain\n|upkeep\n|turn|25\n|\n|t:|1781443611\n|-terastallize|p1a: Sandaconda|Water\n|move|p2a: Kyurem|Icicle Spear|p1a: Sandaconda\n|-resisted|p1a: Sandaconda\n|-damage|p1a: Sandaconda|121/258\n|-resisted|p1a: Sandaconda\n|-damage|p1a: Sandaconda|105/258\n|-resisted|p1a: Sandaconda\n|-damage|p1a: Sandaconda|87/258\n|-resisted|p1a: Sandaconda\n|-damage|p1a: Sandaconda|69/258\n|-hitcount|p1a: Sandaconda|4\n|move|p1a: Sandaconda|Earthquake|p2a: Kyurem\n|-supereffective|p2a: Kyurem\n|-damage|p2a: Kyurem|0 fnt\n|faint|p2a: Kyurem\n|\n|-heal|p1a: Sandaconda|85/258|[from] item: Leftovers\n|upkeep\n|\n|t:|1781443614\n|switch|p2a: Snorlax|Snorlax, L82, M|397/397\n|-damage|p2a: Snorlax|348/397|[from] Stealth Rock\n|turn|26\n|\n|t:|1781443617\n|move|p1a: Sandaconda|Earthquake|p2a: Snorlax\n|-damage|p2a: Snorlax|213/397\n|move|p2a: Snorlax|Curse|p2a: Snorlax\n|-unboost|p2a: Snorlax|spe|1\n|-boost|p2a: Snorlax|atk|1\n|-boost|p2a: Snorlax|def|1\n|\n|-heal|p1a: Sandaconda|101/258|[from] item: Leftovers\n|-heal|p2a: Snorlax|237/397|[from] item: Leftovers\n|upkeep\n|turn|27\n|\n|t:|1781443620\n|move|p1a: Sandaconda|Earthquake|p2a: Snorlax\n|-damage|p2a: Snorlax|146/397\n|move|p2a: Snorlax|Curse|p2a: Snorlax\n|-unboost|p2a: Snorlax|spe|1\n|-boost|p2a: Snorlax|atk|1\n|-boost|p2a: Snorlax|def|1\n|\n|-heal|p1a: Sandaconda|117/258|[from] item: Leftovers\n|-heal|p2a: Snorlax|170/397|[from] item: Leftovers\n|upkeep\n|turn|28\n|\n|t:|1781443624\n|move|p1a: Sandaconda|Earthquake|p2a: Snorlax\n|-crit|p2a: Snorlax\n|-damage|p2a: Snorlax|0 fnt\n|faint|p2a: Snorlax\n|\n|win|Hunrito\n", "uploadtime": 1781443434, "views": 3, "formatid": "gen9randombattle", "rating": null, "private": 0, "password": null}