{"id": "gen9randombattle-2631869202", "format": "[Gen 9] Random Battle", "players": ["ftaochaphet", "pelele19"], "log": "|j|\u2606ftaochaphet\n|j|\u2606pelele19\n|t:|1781450154\n|gametype|singles\n|player|p1|ftaochaphet|266|2149\n|player|p2|pelele19|102|2193\n|gen|9\n|tier|[Gen 9] Random Battle\n|rated|\n|rule|Species Clause: Limit one of each Pok\u00e9mon\n|rule|HP Percentage Mod: HP is shown in percentages\n|rule|Sleep Clause Mod: Limit one foe put to sleep\n|rule|Illusion Level Mod: Illusion disguises the Pok\u00e9mon's true level\n|\n|t:|1781450154\n|teamsize|p1|6\n|teamsize|p2|6\n|start\n|switch|p1a: Metagross|Metagross, L79|256/256\n|switch|p2a: Blastoise|Blastoise, L80, F|258/258\n|turn|1\n|inactive|Battle timer is ON: inactive players will automatically lose when time's up. (requested by ftaochaphet)\n|\n|t:|1781450186\n|move|p2a: Blastoise|Shell Smash|p2a: Blastoise\n|-unboost|p2a: Blastoise|def|1\n|-unboost|p2a: Blastoise|spd|1\n|-boost|p2a: Blastoise|atk|2\n|-boost|p2a: Blastoise|spa|2\n|-boost|p2a: Blastoise|spe|2\n|-enditem|p2a: Blastoise|White Herb\n|-clearnegativeboost|p2a: Blastoise|[silent]\n|move|p1a: Metagross|Psychic Fangs|p2a: Blastoise\n|-damage|p2a: Blastoise|101/258\n|\n|upkeep\n|turn|2\n|\n|t:|1781450195\n|switch|p1a: Walking Wake|Walking Wake, L79|286/286\n|move|p2a: Blastoise|Hydro Pump|p1a: Walking Wake|[miss]\n|-miss|p2a: Blastoise|p1a: Walking Wake\n|\n|upkeep\n|turn|3\n|\n|t:|1781450205\n|move|p2a: Blastoise|Ice Beam|p1a: Walking Wake\n|-damage|p1a: Walking Wake|161/286\n|-status|p1a: Walking Wake|frz\n|-curestatus|p1a: Walking Wake|frz|[msg]\n|move|p1a: Walking Wake|Draco Meteor|p2a: Blastoise\n|-damage|p2a: Blastoise|0 fnt\n|-unboost|p1a: Walking Wake|spa|2\n|faint|p2a: Blastoise\n|\n|upkeep\n|\n|t:|1781450215\n|switch|p2a: Metagross|Metagross, L79|256/256\n|turn|4\n|\n|t:|1781450231\n|-end|p1a: Walking Wake|Protosynthesis|[silent]\n|switch|p1a: Bellibolt|Bellibolt, L84, F|320/320\n|move|p2a: Metagross|Stealth Rock|p1a: Bellibolt\n|-sidestart|p1: ftaochaphet|move: Stealth Rock\n|\n|upkeep\n|turn|5\n|\n|t:|1781450242\n|switch|p2a: Cyclizar|Cyclizar, L83, F|252/252\n|move|p1a: Bellibolt|Thunderbolt|p2a: Cyclizar\n|-resisted|p2a: Cyclizar\n|-damage|p2a: Cyclizar|184/252\n|\n|upkeep\n|turn|6\n|inactive|ftaochaphet has 120 seconds left.\n|\n|t:|1781450287\n|move|p2a: Cyclizar|Shed Tail|p2a: Cyclizar\n|-start|p2a: Cyclizar|Substitute|[from] move: Shed Tail\n|-damage|p2a: Cyclizar|58/252\n|\n|t:|1781450290\n|switch|p2a: Dewgong|Dewgong, L94, F|322/322|[from] Shed Tail\n|move|p1a: Bellibolt|Thunderbolt|p2a: Dewgong\n|-supereffective|p2a: Dewgong\n|-end|p2a: Dewgong|Substitute\n|\n|upkeep\n|turn|7\n|-message|pelele19 forfeited.\n|\n|win|ftaochaphet\n", "uploadtime": 1781450157, "views": 5, "formatid": "gen9randombattle", "rating": null, "private": 0, "password": null}