{"id": "gen9randombattle-2631735264", "format": "[Gen 9] Random Battle", "players": ["rosymo", "ftaochaphet"], "log": "|j|\u2606rosymo\n|j|\u2606ftaochaphet\n|t:|1781430948\n|gametype|singles\n|player|p1|rosymo|dawn|2081\n|player|p2|ftaochaphet|102|2175\n|gen|9\n|tier|[Gen 9] Random Battle\n|rated|\n|rule|Species Clause: Limit one of each Pok\u00e9mon\n|rule|HP Percentage Mod: HP is shown in percentages\n|rule|Sleep Clause Mod: Limit one foe put to sleep\n|rule|Illusion Level Mod: Illusion disguises the Pok\u00e9mon's true level\n|\n|t:|1781430948\n|teamsize|p1|6\n|teamsize|p2|6\n|start\n|switch|p1a: Mew|Mew, L82|298/298\n|switch|p2a: Leavanny|Leavanny, L86, F|269/269\n|turn|1\n|inactive|Battle timer is ON: inactive players will automatically lose when time's up. (requested by ftaochaphet)\n|\n|t:|1781430971\n|switch|p2a: Dipplin|Dipplin, L88, F|284/284\n|move|p1a: Mew|Psychic|p2a: Dipplin\n|-damage|p2a: Dipplin|224/284\n|\n|upkeep\n|turn|2\n|\n|t:|1781430982\n|move|p1a: Mew|Toxic Spikes|p2a: Dipplin\n|-sidestart|p2: ftaochaphet|move: Toxic Spikes\n|move|p2a: Dipplin|Giga Drain|p1a: Mew\n|-damage|p1a: Mew|214/298\n|-heal|p2a: Dipplin|266/284|[from] drain|[of] p1a: Mew\n|\n|-heal|p1a: Mew|232/298|[from] item: Leftovers\n|upkeep\n|turn|3\n|\n|t:|1781430992\n|move|p1a: Mew|Toxic Spikes|p2a: Dipplin\n|-sidestart|p2: ftaochaphet|move: Toxic Spikes\n|move|p2a: Dipplin|Dragon Tail|p1a: Mew\n|-damage|p1a: Mew|174/298\n|drag|p1a: Lucario|Lucario, L84, F|255/255\n|\n|upkeep\n|turn|4\n|\n|t:|1781431016\n|move|p1a: Lucario|Nasty Plot|p1a: Lucario\n|-boost|p1a: Lucario|spa|2\n|move|p2a: Dipplin|Dragon Tail|p1a: Lucario\n|-resisted|p1a: Lucario\n|-damage|p1a: Lucario|221/255\n|drag|p1a: Magnezone|Magnezone, L85|258/258\n|\n|upkeep\n|turn|5\n|\n|t:|1781431027\n|move|p1a: Magnezone|Flash Cannon|p2a: Dipplin\n|-damage|p2a: Dipplin|196/284\n|move|p2a: Dipplin|Dragon Tail|p1a: Magnezone\n|-resisted|p1a: Magnezone\n|-damage|p1a: Magnezone|234/258\n|drag|p1a: Dedenne|Dedenne, L88, F|261/261\n|\n|upkeep\n|turn|6\n|\n|t:|1781431034\n|move|p1a: Dedenne|Nuzzle|p2a: Dipplin\n|-resisted|p2a: Dipplin\n|-damage|p2a: Dipplin|193/284\n|-status|p2a: Dipplin|par\n|move|p2a: Dipplin|Recover|p2a: Dipplin\n|-heal|p2a: Dipplin|284/284 par\n|\n|upkeep\n|turn|7\n|\n|t:|1781431038\n|move|p1a: Dedenne|Super Fang|p2a: Dipplin\n|-damage|p2a: Dipplin|142/284 par\n|cant|p2a: Dipplin|par\n|\n|upkeep\n|turn|8\n|\n|t:|1781431042\n|move|p1a: Dedenne|Dazzling Gleam|p2a: Dipplin\n|-supereffective|p2a: Dipplin\n|-damage|p2a: Dipplin|28/284 par\n|move|p2a: Dipplin|Recover|p2a: Dipplin\n|-heal|p2a: Dipplin|170/284 par\n|\n|upkeep\n|turn|9\n|\n|t:|1781431046\n|move|p1a: Dedenne|Dazzling Gleam|p2a: Dipplin\n|-supereffective|p2a: Dipplin\n|-damage|p2a: Dipplin|60/284 par\n|cant|p2a: Dipplin|par\n|\n|upkeep\n|turn|10\n|\n|t:|1781431059\n|move|p1a: Dedenne|Dazzling Gleam|p2a: Dipplin\n|-supereffective|p2a: Dipplin\n|-damage|p2a: Dipplin|0 fnt\n|faint|p2a: Dipplin\n|\n|upkeep\n|\n|t:|1781431061\n|switch|p2a: Leavanny|Leavanny, L86, F|269/269\n|-status|p2a: Leavanny|tox\n|turn|11\n|\n|t:|1781431085\n|move|p1a: Dedenne|Super Fang|p2a: Leavanny\n|-damage|p2a: Leavanny|135/269 tox\n|move|p2a: Leavanny|Sticky Web|p1a: Dedenne\n|-sidestart|p1: rosymo|move: Sticky Web\n|\n|-damage|p2a: Leavanny|119/269 tox|[from] psn\n|upkeep\n|turn|12\n|\n|t:|1781431091\n|move|p1a: Dedenne|Dazzling Gleam|p2a: Leavanny\n|-damage|p2a: Leavanny|31/269 tox\n|move|p2a: Leavanny|Knock Off|p1a: Dedenne\n|-resisted|p1a: Dedenne\n|-damage|p1a: Dedenne|216/261\n|-enditem|p1a: Dedenne|Sitrus Berry|[from] move: Knock Off|[of] p2a: Leavanny\n|\n|-damage|p2a: Leavanny|0 fnt|[from] psn\n|faint|p2a: Leavanny\n|upkeep\n|\n|t:|1781431096\n|switch|p2a: Glaceon|Glaceon, L94, F|275/275\n|turn|13\n|\n|t:|1781431100\n|move|p1a: Dedenne|Nuzzle|p2a: Glaceon\n|-damage|p2a: Glaceon|263/275\n|-status|p2a: Glaceon|par\n|move|p2a: Glaceon|Calm Mind|p2a: Glaceon\n|-boost|p2a: Glaceon|spa|1\n|-boost|p2a: Glaceon|spd|1\n|\n|upkeep\n|turn|14\n|\n|t:|1781431103\n|move|p1a: Dedenne|Super Fang|p2a: Glaceon\n|-damage|p2a: Glaceon|132/275 par\n|cant|p2a: Glaceon|par\n|\n|upkeep\n|turn|15\n|\n|t:|1781431109\n|switch|p1a: Magnezone|Magnezone, L85|234/258\n|-activate|p1a: Magnezone|move: Sticky Web\n|-unboost|p1a: Magnezone|spe|1\n|cant|p2a: Glaceon|par\n|\n|upkeep\n|turn|16\n|\n|t:|1781431113\n|move|p1a: Magnezone|Body Press|p2a: Glaceon\n|-supereffective|p2a: Glaceon\n|-damage|p2a: Glaceon|38/275 par\n|cant|p2a: Glaceon|par\n|\n|upkeep\n|turn|17\n|\n|t:|1781431119\n|move|p1a: Magnezone|Body Press|p2a: Glaceon\n|-supereffective|p2a: Glaceon\n|-damage|p2a: Glaceon|0 fnt\n|faint|p2a: Glaceon\n|\n|upkeep\n|\n|t:|1781431120\n|switch|p2a: Poliwrath|Poliwrath, L88, F|302/302\n|-status|p2a: Poliwrath|tox\n|turn|18\n|\n|t:|1781431125\n|move|p2a: Poliwrath|Bulk Up|p2a: Poliwrath\n|-boost|p2a: Poliwrath|atk|1\n|-boost|p2a: Poliwrath|def|1\n|move|p1a: Magnezone|Thunderbolt|p2a: Poliwrath\n|-supereffective|p2a: Poliwrath\n|-damage|p2a: Poliwrath|74/302 tox\n|\n|-heal|p2a: Poliwrath|92/302 tox|[from] item: Leftovers\n|-damage|p2a: Poliwrath|74/302 tox|[from] psn\n|upkeep\n|turn|19\n|\n|t:|1781431134\n|switch|p1a: Mew|Mew, L82|174/298\n|-activate|p1a: Mew|move: Sticky Web\n|-unboost|p1a: Mew|spe|1\n|move|p2a: Poliwrath|Liquidation|p1a: Mew\n|-damage|p1a: Mew|39/298\n|-unboost|p1a: Mew|def|1\n|\n|-heal|p2a: Poliwrath|92/302 tox|[from] item: Leftovers\n|-heal|p1a: Mew|57/298|[from] item: Leftovers\n|-damage|p2a: Poliwrath|56/302 tox|[from] psn\n|upkeep\n|turn|20\n|\n|t:|1781431142\n|move|p2a: Poliwrath|Drain Punch|p1a: Mew\n|-resisted|p1a: Mew\n|-damage|p1a: Mew|0 fnt\n|-heal|p2a: Poliwrath|85/302 tox|[from] drain|[of] p1a: Mew\n|faint|p1a: Mew\n|\n|-heal|p2a: Poliwrath|103/302 tox|[from] item: Leftovers\n|-damage|p2a: Poliwrath|49/302 tox|[from] psn\n|upkeep\n|\n|t:|1781431147\n|switch|p1a: Lurantis|Lurantis, L87, M|264/264\n|-activate|p1a: Lurantis|move: Sticky Web\n|-boost|p1a: Lurantis|spe|1\n|turn|21\n|\n|t:|1781431150\n|move|p1a: Lurantis|Superpower|p2a: Poliwrath\n|-damage|p2a: Poliwrath|0 fnt\n|-boost|p1a: Lurantis|atk|1\n|-boost|p1a: Lurantis|def|1\n|faint|p2a: Poliwrath\n|\n|upkeep\n|\n|t:|1781431156\n|switch|p2a: Alomomola|Alomomola, L87, F|429/429\n|-status|p2a: Alomomola|tox\n|turn|22\n|\n|t:|1781431158\n|move|p1a: Lurantis|Leaf Storm|p2a: Alomomola\n|-supereffective|p2a: Alomomola\n|-damage|p2a: Alomomola|57/429 tox\n|-boost|p1a: Lurantis|spa|2\n|move|p2a: Alomomola|Scald|p1a: Lurantis\n|-resisted|p1a: Lurantis\n|-damage|p1a: Lurantis|239/264\n|\n|-heal|p1a: Lurantis|255/264|[from] item: Leftovers\n|-heal|p2a: Alomomola|83/429 tox|[from] item: Leftovers\n|-damage|p2a: Alomomola|57/429 tox|[from] psn\n|upkeep\n|turn|23\n|-message|ftaochaphet forfeited.\n|\n|win|rosymo\n", "uploadtime": 1781430950, "views": 3, "formatid": "gen9randombattle", "rating": null, "private": 0, "password": null}