{"id": "gen9randombattle-2631913153", "format": "[Gen 9] Random Battle", "players": ["heykoul", "King 11111111111"], "log": "|j|\u2606heykoul\n|j|\u2606King 11111111111\n|t:|1781454963\n|gametype|singles\n|player|p1|heykoul|266|1971\n|player|p2|King 11111111111|lucas|1985\n|gen|9\n|tier|[Gen 9] Random Battle\n|rated|\n|rule|Species Clause: Limit one of each Pok\u00e9mon\n|rule|HP Percentage Mod: HP is shown in percentages\n|rule|Sleep Clause Mod: Limit one foe put to sleep\n|rule|Illusion Level Mod: Illusion disguises the Pok\u00e9mon's true level\n|\n|t:|1781454963\n|teamsize|p1|6\n|teamsize|p2|6\n|start\n|switch|p1a: Eelektross|Eelektross, L87, F|290/290\n|switch|p2a: Tsareena|Tsareena, L87, F|267/267\n|turn|1\n|inactive|Battle timer is ON: inactive players will automatically lose when time's up. (requested by King 11111111111)\n|\n|t:|1781454975\n|move|p2a: Tsareena|Power Whip|p1a: Eelektross\n|-damage|p1a: Eelektross|125/290\n|move|p1a: Eelektross|Coil|p1a: Eelektross\n|-boost|p1a: Eelektross|atk|1\n|-boost|p1a: Eelektross|def|1\n|-boost|p1a: Eelektross|accuracy|1\n|\n|-heal|p1a: Eelektross|143/290|[from] item: Leftovers\n|upkeep\n|turn|2\n|\n|t:|1781454982\n|move|p2a: Tsareena|Power Whip|p1a: Eelektross\n|-damage|p1a: Eelektross|26/290\n|move|p1a: Eelektross|Drain Punch|p2a: Tsareena\n|-damage|p2a: Tsareena|176/267\n|-heal|p1a: Eelektross|72/290|[from] drain|[of] p2a: Tsareena\n|\n|-heal|p1a: Eelektross|90/290|[from] item: Leftovers\n|upkeep\n|turn|3\n|\n|t:|1781454989\n|move|p2a: Tsareena|Power Whip|p1a: Eelektross\n|-damage|p1a: Eelektross|0 fnt\n|faint|p1a: Eelektross\n|\n|upkeep\n|\n|t:|1781454994\n|switch|p1a: Oricorio|Oricorio, L84, F|263/263\n|turn|4\n|\n|t:|1781455009\n|switch|p2a: Goodra|Goodra-Hisui, L82, F|265/265\n|move|p1a: Oricorio|Revelation Dance|p2a: Goodra\n|-damage|p2a: Goodra|219/265\n|\n|upkeep\n|turn|5\n|\n|t:|1781455020\n|move|p1a: Oricorio|Quiver Dance|p1a: Oricorio\n|-boost|p1a: Oricorio|spa|1\n|-boost|p1a: Oricorio|spd|1\n|-boost|p1a: Oricorio|spe|1\n|move|p2a: Goodra|Dragon Tail|p1a: Oricorio\n|-damage|p1a: Oricorio|193/263\n|drag|p1a: Basculegion|Basculegion-F, L83, F|335/335\n|\n|upkeep\n|turn|6\n|\n|t:|1781455031\n|switch|p2a: Tsareena|Tsareena, L87, F|176/267\n|move|p1a: Basculegion|Flip Turn|p2a: Tsareena\n|-resisted|p2a: Tsareena\n|-damage|p2a: Tsareena|139/267\n|\n|t:|1781455036\n|switch|p1a: Oricorio|Oricorio, L84, F|193/263|[from] Flip Turn\n|\n|upkeep\n|turn|7\n|\n|t:|1781455045\n|move|p1a: Oricorio|Revelation Dance|p2a: Tsareena\n|-supereffective|p2a: Tsareena\n|-damage|p2a: Tsareena|29/267\n|move|p2a: Tsareena|Triple Axel|p1a: Oricorio\n|-crit|p1a: Oricorio\n|-damage|p1a: Oricorio|160/263\n|-damage|p1a: Oricorio|121/263\n|-damage|p1a: Oricorio|57/263\n|-hitcount|p1a: Oricorio|3\n|\n|upkeep\n|turn|8\n|\n|t:|1781455051\n|switch|p2a: Goodra|Goodra-Hisui, L82, F|219/265\n|move|p1a: Oricorio|Roost|p1a: Oricorio\n|-heal|p1a: Oricorio|189/263\n|-singleturn|p1a: Oricorio|move: Roost\n|\n|upkeep\n|turn|9\n|\n|t:|1781455058\n|move|p1a: Oricorio|Revelation Dance|p2a: Goodra\n|-damage|p2a: Goodra|174/265\n|move|p2a: Goodra|Dragon Tail|p1a: Oricorio\n|-damage|p1a: Oricorio|119/263\n|drag|p1a: Bruxish|Bruxish, L85, M|254/254\n|\n|upkeep\n|turn|10\n|\n|t:|1781455076\n|move|p1a: Bruxish|Psychic Fangs|p2a: Goodra\n|-resisted|p2a: Goodra\n|-damage|p2a: Goodra|71/265\n|move|p2a: Goodra|Draco Meteor|p1a: Bruxish\n|-damage|p1a: Bruxish|98/254\n|-unboost|p2a: Goodra|spa|2\n|\n|upkeep\n|turn|11\n|\n|t:|1781455084\n|switch|p2a: Tsareena|Tsareena, L87, F|29/267\n|move|p1a: Bruxish|Psychic Fangs|p2a: Tsareena\n|-damage|p2a: Tsareena|0 fnt\n|faint|p2a: Tsareena\n|\n|upkeep\n|\n|t:|1781455095\n|switch|p2a: Ogerpon|Ogerpon-Hearthflame, L74, F|239/239\n|-ability|p2a: Ogerpon|Mold Breaker\n|turn|12\n|\n|t:|1781455105\n|switch|p1a: Oricorio|Oricorio, L84, F|119/263\n|move|p2a: Ogerpon|Swords Dance|p2a: Ogerpon\n|-boost|p2a: Ogerpon|atk|2\n|-activate|p1a: Oricorio|ability: Dancer\n|move|p1a: Oricorio|Swords Dance|p1a: Oricorio|[from] ability: Dancer\n|-boost|p1a: Oricorio|atk|2\n|\n|upkeep\n|turn|13\n|\n|t:|1781455113\n|move|p2a: Ogerpon|Ivy Cudgel|p1a: Oricorio|[anim] Ivy Cudgel Fire\n|-resisted|p1a: Oricorio\n|-damage|p1a: Oricorio|0 fnt\n|faint|p1a: Oricorio\n|\n|upkeep\n|\n|t:|1781455119\n|switch|p1a: Persian|Persian, L92, M|269/269\n|turn|14\n|\n|t:|1781455133\n|move|p1a: Persian|Double-Edge|p2a: Ogerpon\n|-damage|p2a: Ogerpon|47/239\n|-damage|p1a: Persian|206/269|[from] Recoil\n|move|p2a: Ogerpon|Trailblaze|p1a: Persian\n|-damage|p1a: Persian|61/269\n|-boost|p2a: Ogerpon|spe|1\n|\n|upkeep\n|turn|15\n|\n|t:|1781455138\n|move|p2a: Ogerpon|Trailblaze|p1a: Persian\n|-damage|p1a: Persian|0 fnt\n|-boost|p2a: Ogerpon|spe|1\n|faint|p1a: Persian\n|\n|upkeep\n|\n|t:|1781455141\n|switch|p1a: Basculegion|Basculegion-F, L83, F|335/335\n|turn|16\n|\n|t:|1781455157\n|switch|p1a: Flareon|Flareon, L90, M|263/263\n|move|p2a: Ogerpon|Horn Leech|p1a: Flareon\n|-resisted|p1a: Flareon\n|-damage|p1a: Flareon|153/263\n|-heal|p2a: Ogerpon|102/239|[from] drain|[of] p1a: Flareon\n|\n|-status|p1a: Flareon|tox|[from] item: Toxic Orb\n|upkeep\n|turn|17\n|\n|t:|1781455161\n|move|p2a: Ogerpon|Ivy Cudgel|p1a: Flareon|[anim] Ivy Cudgel Fire\n|-resisted|p1a: Flareon\n|-damage|p1a: Flareon|3/263 tox\n|move|p1a: Flareon|Facade|p2a: Ogerpon\n|-crit|p2a: Ogerpon\n|-damage|p2a: Ogerpon|0 fnt\n|faint|p2a: Ogerpon\n|\n|-damage|p1a: Flareon|0 fnt|[from] psn\n|faint|p1a: Flareon\n|upkeep\n|\n|t:|1781455174\n|switch|p2a: Goodra|Goodra-Hisui, L82, F|71/265\n|switch|p1a: Bruxish|Bruxish, L85, M|98/254\n|turn|18\n|\n|t:|1781455179\n|move|p1a: Bruxish|Psychic Fangs|p2a: Goodra\n|-resisted|p2a: Goodra\n|-damage|p2a: Goodra|0 fnt\n|faint|p2a: Goodra\n|\n|upkeep\n|\n|t:|1781455183\n|switch|p2a: Glastrier|Glastrier, L86|311/311\n|turn|19\n|\n|t:|1781455188\n|switch|p1a: Basculegion|Basculegion-F, L83, F|335/335\n|move|p2a: Glastrier|High Horsepower|p1a: Basculegion\n|-damage|p1a: Basculegion|145/335\n|\n|upkeep\n|turn|20\n|\n|t:|1781455194\n|move|p1a: Basculegion|Hydro Pump|p2a: Glastrier\n|-damage|p2a: Glastrier|115/311\n|move|p2a: Glastrier|High Horsepower|p1a: Basculegion\n|-damage|p1a: Basculegion|0 fnt\n|faint|p1a: Basculegion\n|-ability|p2a: Glastrier|Chilling Neigh|boost\n|-boost|p2a: Glastrier|atk|1\n|\n|upkeep\n|\n|t:|1781455197\n|switch|p1a: Bruxish|Bruxish, L85, M|98/254\n|turn|21\n|\n|t:|1781455206\n|move|p1a: Bruxish|Psychic Fangs|p2a: Glastrier\n|-damage|p2a: Glastrier|0 fnt\n|faint|p2a: Glastrier\n|\n|upkeep\n|\n|t:|1781455213\n|switch|p2a: Landorus|Landorus, L75, M|257/257\n|turn|22\n|\n|t:|1781455215\n|-terastallize|p1a: Bruxish|Psychic\n|move|p1a: Bruxish|Psychic Fangs|p2a: Landorus\n|-damage|p2a: Landorus|0 fnt\n|faint|p2a: Landorus\n|\n|upkeep\n|\n|t:|1781455223\n|switch|p2a: Iron Moth|Iron Moth, L78|253/253\n|turn|23\n|\n|t:|1781455228\n|move|p2a: Iron Moth|Sludge Wave|p1a: Bruxish\n|-damage|p1a: Bruxish|0 fnt\n|faint|p1a: Bruxish\n|\n|win|King 11111111111\n", "uploadtime": 1781454965, "views": 4, "formatid": "gen9randombattle", "rating": null, "private": 0, "password": null}