{"id": "gen9randombattle-2631577605", "format": "[Gen 9] Random Battle", "players": ["General Nova64", "Apememes"], "log": "|j|\u2606General Nova64\n|j|\u2606Apememes\n|t:|1781403755\n|gametype|singles\n|player|p1|General Nova64|169|2092\n|player|p2|Apememes|265|2056\n|gen|9\n|tier|[Gen 9] Random Battle\n|rated|\n|rule|Species Clause: Limit one of each Pok\u00e9mon\n|rule|HP Percentage Mod: HP is shown in percentages\n|rule|Sleep Clause Mod: Limit one foe put to sleep\n|rule|Illusion Level Mod: Illusion disguises the Pok\u00e9mon's true level\n|\n|t:|1781403755\n|teamsize|p1|6\n|teamsize|p2|6\n|start\n|switch|p1a: Flygon|Flygon, L82, F|265/265\n|switch|p2a: Crabominable|Crabominable, L90, F|321/321\n|turn|1\n|inactive|Battle timer is ON: inactive players will automatically lose when time's up. (requested by Apememes)\n|\n|t:|1781403768\n|move|p1a: Flygon|U-turn|p2a: Crabominable\n|-resisted|p2a: Crabominable\n|-damage|p2a: Crabominable|286/321\n|\n|t:|1781403771\n|switch|p1a: Azumarill|Azumarill, L82, F|298/298|[from] U-turn\n|move|p2a: Crabominable|Knock Off|p1a: Azumarill\n|-resisted|p1a: Azumarill\n|-damage|p1a: Azumarill|246/298\n|-enditem|p1a: Azumarill|Choice Band|[from] move: Knock Off|[of] p2a: Crabominable\n|\n|upkeep\n|turn|2\n|\n|t:|1781403778\n|switch|p2a: Empoleon|Empoleon, L84, F|278/278\n|move|p1a: Azumarill|Liquidation|p2a: Empoleon\n|-resisted|p2a: Empoleon\n|-damage|p2a: Empoleon|225/278\n|-unboost|p2a: Empoleon|def|1\n|-ability|p2a: Empoleon|Competitive|boost\n|-boost|p2a: Empoleon|spa|2\n|\n|-heal|p2a: Empoleon|242/278|[from] item: Leftovers\n|upkeep\n|turn|3\n|\n|t:|1781403787\n|move|p2a: Empoleon|Surf|p1a: Azumarill\n|-resisted|p1a: Azumarill\n|-damage|p1a: Azumarill|126/298\n|move|p1a: Azumarill|Superpower|p2a: Empoleon\n|-supereffective|p2a: Empoleon\n|-damage|p2a: Empoleon|0 fnt\n|-unboost|p1a: Azumarill|atk|1\n|-unboost|p1a: Azumarill|def|1\n|faint|p2a: Empoleon\n|\n|upkeep\n|\n|t:|1781403802\n|switch|p2a: Jumpluff|Jumpluff, L87, F|271/271\n|turn|4\n|\n|t:|1781403808\n|switch|p1a: Electrode|Electrode-Hisui, L87|246/246\n|move|p2a: Jumpluff|Acrobatics|p1a: Electrode\n|-damage|p1a: Electrode|152/246\n|\n|upkeep\n|turn|5\n|\n|t:|1781403815\n|move|p1a: Electrode|Thunder Wave|p2a: Jumpluff\n|-status|p2a: Jumpluff|par\n|move|p2a: Jumpluff|U-turn|p1a: Electrode\n|-supereffective|p1a: Electrode\n|-damage|p1a: Electrode|74/246\n|\n|t:|1781403819\n|switch|p2a: Crabominable|Crabominable, L90, F|286/321|[from] U-turn\n|\n|upkeep\n|turn|6\n|\n|t:|1781403824\n|move|p1a: Electrode|Thunder Wave|p2a: Crabominable\n|-status|p2a: Crabominable|par\n|move|p2a: Crabominable|Drain Punch|p1a: Electrode\n|-damage|p1a: Electrode|0 fnt\n|-heal|p2a: Crabominable|321/321 par|[from] drain|[of] p1a: Electrode\n|faint|p1a: Electrode\n|\n|upkeep\n|\n|t:|1781403830\n|switch|p1a: Azumarill|Azumarill, L82, F|126/298\n|turn|7\n|\n|t:|1781403837\n|move|p1a: Azumarill|Play Rough|p2a: Crabominable\n|-supereffective|p2a: Crabominable\n|-damage|p2a: Crabominable|103/321 par\n|move|p2a: Crabominable|Drain Punch|p1a: Azumarill\n|-resisted|p1a: Azumarill\n|-damage|p1a: Azumarill|52/298\n|-heal|p2a: Crabominable|140/321 par|[from] drain|[of] p1a: Azumarill\n|\n|upkeep\n|turn|8\n|\n|t:|1781403848\n|switch|p2a: Probopass|Probopass, L91, M|257/257\n|move|p1a: Azumarill|Play Rough|p2a: Probopass\n|-resisted|p2a: Probopass\n|-damage|p2a: Probopass|219/257\n|\n|-heal|p2a: Probopass|235/257|[from] item: Leftovers\n|upkeep\n|turn|9\n|inactive|Apememes has 120 seconds left.\n|\n|t:|1781403889\n|switch|p2a: Crabominable|Crabominable, L90, F|140/321 par\n|move|p1a: Azumarill|Liquidation|p2a: Crabominable\n|-damage|p2a: Crabominable|25/321 par\n|\n|upkeep\n|turn|10\n|\n|t:|1781403897\n|move|p1a: Azumarill|Liquidation|p2a: Crabominable\n|-damage|p2a: Crabominable|0 fnt\n|faint|p2a: Crabominable\n|\n|upkeep\n|inactive|Apememes has 90 seconds left.\n|\n|t:|1781403936\n|switch|p2a: Gallade|Gallade, L80, M|240/240\n|turn|11\n|\n|t:|1781403938\n|move|p2a: Gallade|Psycho Cut|p1a: Azumarill\n|-damage|p1a: Azumarill|0 fnt\n|faint|p1a: Azumarill\n|\n|upkeep\n|\n|t:|1781403959\n|switch|p1a: Flygon|Flygon, L82, F|265/265\n|turn|12\n|\n|t:|1781403970\n|move|p2a: Gallade|Psycho Cut|p1a: Flygon\n|-damage|p1a: Flygon|121/265\n|move|p1a: Flygon|Earthquake|p2a: Gallade\n|-damage|p2a: Gallade|32/240\n|\n|upkeep\n|turn|13\n|\n|t:|1781403976\n|move|p2a: Gallade|Psycho Cut|p1a: Flygon\n|-damage|p1a: Flygon|0 fnt\n|faint|p1a: Flygon\n|\n|upkeep\n|\n|t:|1781403982\n|switch|p1a: Passimian|Passimian, L83, M|302/302\n|turn|14\n|inactive|Apememes has 120 seconds left.\n|\n|t:|1781403996\n|move|p1a: Passimian|Close Combat|p2a: Gallade\n|-resisted|p2a: Gallade\n|-damage|p2a: Gallade|0 fnt\n|-unboost|p1a: Passimian|def|1\n|-unboost|p1a: Passimian|spd|1\n|faint|p2a: Gallade\n|\n|upkeep\n|\n|t:|1781404002\n|switch|p2a: Deoxys|Deoxys, L74|196/196\n|-ability|p2a: Deoxys|Pressure\n|turn|15\n|inactive|Apememes has 120 seconds left.\n|\n|t:|1781404008\n|switch|p1a: Muk|Muk, L86, F|321/321\n|move|p2a: Deoxys|Psycho Boost|p1a: Muk\n|-supereffective|p1a: Muk\n|-damage|p1a: Muk|48/321\n|-unboost|p2a: Deoxys|spa|2\n|-damage|p2a: Deoxys|177/196|[from] item: Life Orb\n|\n|upkeep\n|turn|16\n|\n|t:|1781404017\n|switch|p2a: Probopass|Probopass, L91, M|235/257\n|move|p1a: Muk|Shadow Sneak|p2a: Probopass\n|-damage|p2a: Probopass|216/257\n|\n|-heal|p2a: Probopass|232/257|[from] item: Leftovers\n|upkeep\n|turn|17\n|\n|t:|1781404027\n|switch|p2a: Jumpluff|Jumpluff, L87, F|271/271 par\n|move|p1a: Muk|Drain Punch|p2a: Jumpluff\n|-resisted|p2a: Jumpluff\n|-damage|p2a: Jumpluff|236/271 par\n|-heal|p1a: Muk|66/321|[from] drain|[of] p2a: Jumpluff\n|\n|upkeep\n|turn|18\n|\n|t:|1781404037\n|move|p1a: Muk|Gunk Shot|p2a: Jumpluff|[miss]\n|-miss|p1a: Muk|p2a: Jumpluff\n|move|p2a: Jumpluff|Encore|p1a: Muk\n|-start|p1a: Muk|Encore\n|\n|upkeep\n|turn|19\n|\n|t:|1781404041\n|switch|p2a: Probopass|Probopass, L91, M|232/257\n|move|p1a: Muk|Gunk Shot|p2a: Probopass\n|-immune|p2a: Probopass\n|\n|-heal|p2a: Probopass|248/257|[from] item: Leftovers\n|upkeep\n|turn|20\n|\n|t:|1781404046\n|switch|p1a: Lurantis|Lurantis, L87, M|264/264\n|move|p2a: Probopass|Iron Defense|p2a: Probopass\n|-boost|p2a: Probopass|def|2\n|\n|-heal|p2a: Probopass|257/257|[from] item: Leftovers\n|upkeep\n|turn|21\n|\n|t:|1781404056\n|-terastallize|p2a: Probopass|Fighting\n|move|p1a: Lurantis|Superpower|p2a: Probopass\n|-damage|p2a: Probopass|227/257\n|-boost|p1a: Lurantis|atk|1\n|-boost|p1a: Lurantis|def|1\n|move|p2a: Probopass|Thunder Wave|p1a: Lurantis\n|-status|p1a: Lurantis|par\n|\n|-heal|p2a: Probopass|243/257|[from] item: Leftovers\n|upkeep\n|turn|22\n|\n|t:|1781404063\n|move|p2a: Probopass|Iron Defense|p2a: Probopass\n|-boost|p2a: Probopass|def|2\n|move|p1a: Lurantis|Superpower|p2a: Probopass\n|-damage|p2a: Probopass|215/257\n|-boost|p1a: Lurantis|atk|1\n|-boost|p1a: Lurantis|def|1\n|\n|-heal|p2a: Probopass|231/257|[from] item: Leftovers\n|upkeep\n|turn|23\n|\n|t:|1781404069\n|move|p2a: Probopass|Iron Defense|p2a: Probopass\n|-boost|p2a: Probopass|def|2\n|move|p1a: Lurantis|Superpower|p2a: Probopass\n|-damage|p2a: Probopass|200/257\n|-boost|p1a: Lurantis|atk|1\n|-boost|p1a: Lurantis|def|1\n|\n|-heal|p2a: Probopass|216/257|[from] item: Leftovers\n|upkeep\n|turn|24\n|\n|t:|1781404072\n|move|p2a: Probopass|Body Press|p1a: Lurantis\n|-damage|p1a: Lurantis|44/264 par\n|cant|p1a: Lurantis|par\n|\n|-heal|p2a: Probopass|232/257|[from] item: Leftovers\n|-heal|p1a: Lurantis|60/264 par|[from] item: Leftovers\n|upkeep\n|turn|25\n|\n|t:|1781404076\n|move|p2a: Probopass|Body Press|p1a: Lurantis\n|-damage|p1a: Lurantis|0 fnt\n|faint|p1a: Lurantis\n|\n|-heal|p2a: Probopass|248/257|[from] item: Leftovers\n|upkeep\n|l|\u2606General Nova64\n|inactive|General Nova64 disconnected and has a minute to reconnect!\n|player|p1|\n|inactive|General Nova64 has 30 seconds to reconnect!\n|inactive|General Nova64 has 20 seconds to reconnect!\n|inactive|General Nova64 has 15 seconds to reconnect!\n|inactive|General Nova64 has 10 seconds to reconnect!\n|inactive|General Nova64 has 5 seconds to reconnect!\n|-message|General Nova64 lost due to inactivity.\n|\n|win|Apememes\n", "uploadtime": 1781403756, "views": 3, "formatid": "gen9randombattle", "rating": null, "private": 0, "password": null}