{"id": "gen9randombattle-2632001888", "format": "[Gen 9] Random Battle", "players": ["bluffmepls", "Alexander Babits"], "log": "|j|\u2606bluffmepls\n|j|\u203dAlexander Babits\n|t:|1781464693\n|gametype|singles\n|player|p1|bluffmepls|169|2071\n|player|p2|Alexander Babits|2|2062\n|gen|9\n|tier|[Gen 9] Random Battle\n|rated|\n|rule|Species Clause: Limit one of each Pok\u00e9mon\n|rule|HP Percentage Mod: HP is shown in percentages\n|rule|Sleep Clause Mod: Limit one foe put to sleep\n|rule|Illusion Level Mod: Illusion disguises the Pok\u00e9mon's true level\n|\n|t:|1781464693\n|teamsize|p1|6\n|teamsize|p2|6\n|start\n|switch|p1a: Shiftry|Shiftry, L89, F|305/305\n|switch|p2a: Houndstone|Houndstone, L86, M|264/264\n|turn|1\n|inactive|Battle timer is ON: inactive players will automatically lose when time's up. (requested by bluffmepls)\n|\n|t:|1781464708\n|switch|p2a: Talonflame|Talonflame, L83, F|265/265\n|move|p1a: Shiftry|Knock Off|p2a: Talonflame\n|-damage|p2a: Talonflame|97/265\n|-enditem|p2a: Talonflame|Heavy-Duty Boots|[from] move: Knock Off|[of] p1a: Shiftry\n|-damage|p1a: Shiftry|275/305|[from] item: Life Orb\n|\n|upkeep\n|turn|2\n|\n|t:|1781464719\n|switch|p2a: Magnezone|Magnezone, L85|258/258\n|switch|p1a: Grafaiai|Grafaiai, L86, F|249/249\n|\n|upkeep\n|turn|3\n|\n|t:|1781464727\n|move|p1a: Grafaiai|Super Fang|p2a: Magnezone\n|-damage|p2a: Magnezone|129/258\n|move|p2a: Magnezone|Flash Cannon|p1a: Grafaiai\n|-damage|p1a: Grafaiai|140/249\n|\n|-heal|p2a: Magnezone|145/258|[from] item: Leftovers\n|upkeep\n|turn|4\n|\n|t:|1781464735\n|move|p1a: Grafaiai|U-turn|p2a: Magnezone\n|-resisted|p2a: Magnezone\n|-damage|p2a: Magnezone|126/258\n|\n|t:|1781464743\n|switch|p1a: Corviknight|Corviknight, L80, M|288/288|[from] U-turn\n|move|p2a: Magnezone|Body Press|p1a: Corviknight\n|-damage|p1a: Corviknight|202/288\n|\n|-heal|p1a: Corviknight|220/288|[from] item: Leftovers\n|-heal|p2a: Magnezone|142/258|[from] item: Leftovers\n|upkeep\n|turn|5\n|\n|t:|1781464749\n|move|p1a: Corviknight|Body Press|p2a: Magnezone\n|-supereffective|p2a: Magnezone\n|-damage|p2a: Magnezone|52/258\n|move|p2a: Magnezone|Discharge|p1a: Corviknight\n|-supereffective|p1a: Corviknight\n|-damage|p1a: Corviknight|0 fnt\n|faint|p1a: Corviknight\n|\n|-heal|p2a: Magnezone|68/258|[from] item: Leftovers\n|upkeep\n|\n|t:|1781464754\n|switch|p1a: Shiftry|Shiftry, L89, F|275/305\n|turn|6\n|\n|t:|1781464759\n|move|p1a: Shiftry|Knock Off|p2a: Magnezone\n|-damage|p2a: Magnezone|0 fnt\n|-enditem|p2a: Magnezone|Leftovers|[from] move: Knock Off|[of] p1a: Shiftry\n|faint|p2a: Magnezone\n|-damage|p1a: Shiftry|245/305|[from] item: Life Orb\n|\n|upkeep\n|\n|t:|1781464774\n|switch|p2a: Iron Bundle|Iron Bundle, L78|215/215\n|turn|7\n|\n|t:|1781464786\n|switch|p1a: Medicham|Medicham, L86, F|243/243\n|move|p2a: Iron Bundle|Ice Beam|p1a: Medicham\n|-crit|p1a: Medicham\n|-damage|p1a: Medicham|62/243\n|-status|p1a: Medicham|frz\n|\n|upkeep\n|turn|8\n|\n|t:|1781464792\n|-curestatus|p1a: Medicham|frz|[msg]\n|move|p1a: Medicham|Zen Headbutt|p2a: Iron Bundle|[miss]\n|-miss|p1a: Medicham|p2a: Iron Bundle\n|move|p2a: Iron Bundle|Ice Beam|p1a: Medicham\n|-damage|p1a: Medicham|0 fnt\n|faint|p1a: Medicham\n|\n|upkeep\n|\n|t:|1781464799\n|switch|p1a: Grafaiai|Grafaiai, L86, F|140/249\n|turn|9\n|\n|t:|1781464808\n|move|p2a: Iron Bundle|Ice Beam|p1a: Grafaiai\n|-crit|p1a: Grafaiai\n|-damage|p1a: Grafaiai|23/249\n|move|p1a: Grafaiai|Gunk Shot|p2a: Iron Bundle|[miss]\n|-miss|p1a: Grafaiai|p2a: Iron Bundle\n|\n|upkeep\n|turn|10\n|c|\u2606bluffmepls|i see\n|\n|t:|1781464817\n|move|p2a: Iron Bundle|Ice Beam|p1a: Grafaiai\n|-damage|p1a: Grafaiai|0 fnt\n|faint|p1a: Grafaiai\n|\n|upkeep\n|\n|t:|1781464824\n|switch|p1a: Shiftry|Shiftry, L89, F|245/305\n|turn|11\n|\n|t:|1781464831\n|-end|p2a: Iron Bundle|Quark Drive|[silent]\n|switch|p2a: Tornadus|Tornadus-Therian, L79, M|254/254\n|-terastallize|p1a: Shiftry|Fighting\n|move|p1a: Shiftry|Tailwind|p1a: Shiftry\n|-sidestart|p1: bluffmepls|move: Tailwind\n|-ability|p1a: Shiftry|Wind Rider|boost\n|-boost|p1a: Shiftry|atk|1\n|\n|upkeep\n|turn|12\n|\n|t:|1781464846\n|-terastallize|p2a: Tornadus|Fighting\n|move|p1a: Shiftry|Knock Off|p2a: Tornadus\n|-resisted|p2a: Tornadus\n|-damage|p2a: Tornadus|121/254\n|-enditem|p2a: Tornadus|Choice Specs|[from] move: Knock Off|[of] p1a: Shiftry\n|-damage|p1a: Shiftry|215/305|[from] item: Life Orb\n|move|p2a: Tornadus|Focus Blast|p1a: Shiftry|[miss]\n|-miss|p2a: Tornadus|p1a: Shiftry\n|\n|upkeep\n|turn|13\n|\n|t:|1781464857\n|move|p1a: Shiftry|Leaf Blade|p2a: Tornadus\n|-damage|p2a: Tornadus|0 fnt\n|faint|p2a: Tornadus\n|-damage|p1a: Shiftry|185/305|[from] item: Life Orb\n|\n|upkeep\n|\n|t:|1781464860\n|switch|p2a: Meganium|Meganium, L90, M|290/290\n|turn|14\n|\n|t:|1781464868\n|move|p1a: Shiftry|Knock Off|p2a: Meganium\n|-damage|p2a: Meganium|90/290\n|-enditem|p2a: Meganium|Leftovers|[from] move: Knock Off|[of] p1a: Shiftry\n|-damage|p1a: Shiftry|155/305|[from] item: Life Orb\n|move|p2a: Meganium|Earthquake|p1a: Shiftry\n|-damage|p1a: Shiftry|69/305\n|\n|-sideend|p1: bluffmepls|move: Tailwind\n|upkeep\n|turn|15\n|\n|t:|1781464884\n|switch|p1a: Iron Jugulis|Iron Jugulis, L77|271/271\n|move|p2a: Meganium|Earthquake|p1a: Iron Jugulis\n|-immune|p1a: Iron Jugulis\n|\n|upkeep\n|turn|16\n|\n|t:|1781464893\n|move|p1a: Iron Jugulis|Dark Pulse|p2a: Meganium\n|-damage|p2a: Meganium|0 fnt\n|faint|p2a: Meganium\n|\n|upkeep\n|\n|t:|1781464902\n|switch|p2a: Iron Bundle|Iron Bundle, L78|215/215\n|turn|17\n|\n|t:|1781464912\n|-end|p1a: Iron Jugulis|Quark Drive|[silent]\n|switch|p1a: Shiftry|Shiftry, L89, F, tera:Fighting|69/305\n|move|p2a: Iron Bundle|Ice Beam|p1a: Shiftry\n|-damage|p1a: Shiftry|0 fnt\n|faint|p1a: Shiftry\n|\n|upkeep\n|\n|t:|1781464916\n|switch|p1a: Shaymin|Shaymin, L82|298/298\n|turn|18\n|\n|t:|1781464926\n|-end|p2a: Iron Bundle|Quark Drive|[silent]\n|switch|p2a: Talonflame|Talonflame, L83, F|97/265\n|move|p1a: Shaymin|Seed Flare|p2a: Talonflame\n|-resisted|p2a: Talonflame\n|-damage|p2a: Talonflame|57/265\n|\n|upkeep\n|turn|19\n|\n|t:|1781464939\n|switch|p1a: Iron Jugulis|Iron Jugulis, L77|271/271\n|move|p2a: Talonflame|Brave Bird|p1a: Iron Jugulis\n|-damage|p1a: Iron Jugulis|160/271\n|-damage|p2a: Talonflame|20/265|[from] Recoil\n|\n|upkeep\n|turn|20\n|\n|t:|1781464948\n|switch|p2a: Houndstone|Houndstone, L86, M|264/264\n|move|p1a: Iron Jugulis|Dark Pulse|p2a: Houndstone\n|-supereffective|p2a: Houndstone\n|-damage|p2a: Houndstone|108/264\n|\n|upkeep\n|turn|21\n|\n|t:|1781464959\n|move|p2a: Houndstone|Shadow Sneak|p1a: Iron Jugulis\n|-resisted|p1a: Iron Jugulis\n|-damage|p1a: Iron Jugulis|136/271\n|move|p1a: Iron Jugulis|Dark Pulse|p2a: Houndstone\n|-supereffective|p2a: Houndstone\n|-damage|p2a: Houndstone|0 fnt\n|faint|p2a: Houndstone\n|\n|upkeep\n|\n|t:|1781464964\n|switch|p2a: Iron Bundle|Iron Bundle, L78|215/215\n|turn|22\n|\n|t:|1781464969\n|move|p2a: Iron Bundle|Ice Beam|p1a: Iron Jugulis\n|-supereffective|p1a: Iron Jugulis\n|-damage|p1a: Iron Jugulis|0 fnt\n|faint|p1a: Iron Jugulis\n|-end|p1a: Iron Jugulis|Quark Drive|[silent]\n|\n|upkeep\n|\n|t:|1781464972\n|switch|p1a: Shaymin|Shaymin, L82|298/298\n|turn|23\n|\n|t:|1781464979\n|move|p2a: Iron Bundle|Ice Beam|p1a: Shaymin\n|-supereffective|p1a: Shaymin\n|-damage|p1a: Shaymin|106/298\n|move|p1a: Shaymin|Seed Flare|p2a: Iron Bundle\n|-supereffective|p2a: Iron Bundle\n|-damage|p2a: Iron Bundle|0 fnt\n|faint|p2a: Iron Bundle\n|-end|p2a: Iron Bundle|Quark Drive|[silent]\n|\n|-heal|p1a: Shaymin|124/298|[from] item: Leftovers\n|upkeep\n|\n|t:|1781464982\n|switch|p2a: Talonflame|Talonflame, L83, F|20/265\n|turn|24\n|\n|t:|1781464986\n|move|p2a: Talonflame|Flare Blitz|p1a: Shaymin\n|-supereffective|p1a: Shaymin\n|-crit|p1a: Shaymin\n|-damage|p1a: Shaymin|0 fnt\n|faint|p1a: Shaymin\n|-damage|p2a: Talonflame|0 fnt|[from] Recoil\n|faint|p2a: Talonflame\n|\n|win|Alexander Babits\n", "uploadtime": 1781464695, "views": 4, "formatid": "gen9randombattle", "rating": null, "private": 0, "password": null}