{"id": "gen9randombattle-2631448070", "format": "[Gen 9] Random Battle", "players": ["cewki", "darkiway"], "log": "|j|\u2606cewki\n|j|\u2606darkiway\n|t:|1781385879\n|gametype|singles\n|player|p1|cewki|iono|1953\n|player|p2|darkiway|lady|1994\n|gen|9\n|tier|[Gen 9] Random Battle\n|rated|\n|rule|Species Clause: Limit one of each Pok\u00e9mon\n|rule|HP Percentage Mod: HP is shown in percentages\n|rule|Sleep Clause Mod: Limit one foe put to sleep\n|rule|Illusion Level Mod: Illusion disguises the Pok\u00e9mon's true level\n|\n|t:|1781385879\n|teamsize|p1|6\n|teamsize|p2|6\n|start\n|switch|p1a: Toxapex|Toxapex, L82, M|216/216\n|switch|p2a: Shaymin|Shaymin, L82|298/298\n|turn|1\n|inactive|Battle timer is ON: inactive players will automatically lose when time's up. (requested by cewki)\n|\n|t:|1781385917\n|move|p2a: Shaymin|Seed Flare|p1a: Toxapex\n|-damage|p1a: Toxapex|128/216\n|-unboost|p1a: Toxapex|spd|2\n|move|p1a: Toxapex|Toxic Spikes|p2a: Shaymin\n|-sidestart|p2: darkiway|move: Toxic Spikes\n|\n|-heal|p1a: Toxapex|141/216|[from] item: Leftovers\n|upkeep\n|turn|2\n|\n|t:|1781385929\n|switch|p1a: Chansey|Chansey, L85, F|564/564\n|move|p2a: Shaymin|Seed Flare|p1a: Chansey|[miss]\n|-miss|p2a: Shaymin|p1a: Chansey\n|\n|upkeep\n|turn|3\n|\n|t:|1781385938\n|switch|p2a: Dialga|Dialga, L73|266/266\n|-ability|p2a: Dialga|Pressure\n|move|p1a: Chansey|Stealth Rock|p2a: Dialga\n|-sidestart|p2: darkiway|move: Stealth Rock\n|\n|upkeep\n|turn|4\n|\n|t:|1781385946\n|move|p2a: Dialga|Stealth Rock|p1a: Chansey\n|-sidestart|p1: cewki|move: Stealth Rock\n|move|p1a: Chansey|Thunder Wave|p2a: Dialga\n|-status|p2a: Dialga|par\n|\n|upkeep\n|turn|5\n|inactive|darkiway has 120 seconds left.\n|\n|t:|1781385976\n|move|p1a: Chansey|Seismic Toss|p2a: Dialga\n|-damage|p2a: Dialga|181/266 par\n|cant|p2a: Dialga|par\n|\n|-heal|p2a: Dialga|197/266 par|[from] item: Leftovers\n|upkeep\n|turn|6\n|\n|t:|1781385987\n|move|p1a: Chansey|Seismic Toss|p2a: Dialga\n|-damage|p2a: Dialga|112/266 par\n|cant|p2a: Dialga|par\n|\n|-heal|p2a: Dialga|128/266 par|[from] item: Leftovers\n|upkeep\n|turn|7\n|\n|t:|1781386000\n|move|p1a: Chansey|Seismic Toss|p2a: Dialga\n|-damage|p2a: Dialga|43/266 par\n|cant|p2a: Dialga|par\n|\n|-heal|p2a: Dialga|59/266 par|[from] item: Leftovers\n|upkeep\n|turn|8\n|inactive|darkiway has 120 seconds left.\n|\n|t:|1781386017\n|move|p1a: Chansey|Seismic Toss|p2a: Dialga\n|-damage|p2a: Dialga|0 fnt\n|faint|p2a: Dialga\n|\n|upkeep\n|\n|t:|1781386022\n|switch|p2a: Virizion|Virizion, L82|283/283\n|-status|p2a: Virizion|psn\n|-damage|p2a: Virizion|266/283 psn|[from] Stealth Rock\n|turn|9\n|\n|t:|1781386032\n|switch|p1a: Banette|Banette, L93, M|270/270\n|-damage|p1a: Banette|237/270|[from] Stealth Rock\n|move|p2a: Virizion|Swords Dance|p2a: Virizion\n|-boost|p2a: Virizion|atk|2\n|\n|-damage|p2a: Virizion|231/283 psn|[from] psn\n|upkeep\n|turn|10\n|\n|t:|1781386042\n|move|p2a: Virizion|Leaf Blade|p1a: Banette\n|-damage|p1a: Banette|0 fnt\n|-start|p2a: Virizion|Disable|Leaf Blade|[from] ability: Cursed Body|[of] p1a: Banette\n|faint|p1a: Banette\n|-damage|p2a: Virizion|203/283 psn|[from] item: Life Orb\n|\n|-damage|p2a: Virizion|168/283 psn|[from] psn\n|upkeep\n|\n|t:|1781386060\n|switch|p1a: Toxapex|Toxapex, L82, M|213/216\n|-damage|p1a: Toxapex|186/216|[from] Stealth Rock\n|turn|11\n|\n|t:|1781386069\n|move|p2a: Virizion|Stone Edge|p1a: Toxapex\n|-crit|p1a: Toxapex\n|-damage|p1a: Toxapex|37/216\n|-damage|p2a: Virizion|140/283 psn|[from] item: Life Orb\n|move|p1a: Toxapex|Recover|p1a: Toxapex\n|-heal|p1a: Toxapex|145/216\n|\n|-heal|p1a: Toxapex|158/216|[from] item: Leftovers\n|-damage|p2a: Virizion|105/283 psn|[from] psn\n|upkeep\n|turn|12\n|\n|t:|1781386099\n|switch|p2a: Umbreon|Umbreon, L84, M|297/297\n|-status|p2a: Umbreon|psn\n|-damage|p2a: Umbreon|260/297 psn|[from] Stealth Rock\n|move|p1a: Toxapex|Recover|p1a: Toxapex\n|-heal|p1a: Toxapex|216/216\n|\n|-heal|p2a: Umbreon|278/297 psn|[from] item: Leftovers\n|-damage|p2a: Umbreon|241/297 psn|[from] psn\n|upkeep\n|turn|13\n|\n|t:|1781386109\n|switch|p1a: Chansey|Chansey, L85, F|564/564\n|-damage|p1a: Chansey|494/564|[from] Stealth Rock\n|move|p2a: Umbreon|Wish|p2a: Umbreon\n|\n|-heal|p2a: Umbreon|259/297 psn|[from] item: Leftovers\n|-damage|p2a: Umbreon|222/297 psn|[from] psn\n|upkeep\n|turn|14\n|\n|t:|1781386118\n|switch|p2a: Virizion|Virizion, L82|105/283 psn\n|-damage|p2a: Virizion|88/283 psn|[from] Stealth Rock\n|move|p1a: Chansey|Seismic Toss|p2a: Virizion\n|-damage|p2a: Virizion|3/283 psn\n|\n|-heal|p2a: Virizion|151/283 psn|[from] move: Wish|[wisher] Umbreon\n|-damage|p2a: Virizion|116/283 psn|[from] psn\n|upkeep\n|turn|15\n|\n|t:|1781386129\n|move|p2a: Virizion|Swords Dance|p2a: Virizion\n|-boost|p2a: Virizion|atk|2\n|move|p1a: Chansey|Seismic Toss|p2a: Virizion\n|-damage|p2a: Virizion|31/283 psn\n|\n|-damage|p2a: Virizion|0 fnt|[from] psn\n|faint|p2a: Virizion\n|upkeep\n|\n|t:|1781386136\n|switch|p2a: Talonflame|Talonflame, L83, M|265/265\n|turn|16\n|\n|t:|1781386143\n|move|p2a: Talonflame|Swords Dance|p2a: Talonflame\n|-boost|p2a: Talonflame|atk|2\n|move|p1a: Chansey|Thunder Wave|p2a: Talonflame\n|-status|p2a: Talonflame|par\n|\n|upkeep\n|turn|17\n|\n|t:|1781386170\n|switch|p1a: Toxapex|Toxapex, L82, M|216/216\n|-damage|p1a: Toxapex|189/216|[from] Stealth Rock\n|move|p2a: Talonflame|Swords Dance|p2a: Talonflame\n|-boost|p2a: Talonflame|atk|2\n|\n|-heal|p1a: Toxapex|202/216|[from] item: Leftovers\n|upkeep\n|turn|18\n|\n|t:|1781386181\n|-terastallize|p2a: Talonflame|Ground\n|move|p2a: Talonflame|Tera Blast|p1a: Toxapex|[anim] Tera Blast Ground\n|-supereffective|p1a: Toxapex\n|-damage|p1a: Toxapex|0 fnt\n|faint|p1a: Toxapex\n|\n|upkeep\n|inactive|cewki has 120 seconds left.\n|\n|t:|1781386213\n|switch|p1a: Oranguru|Oranguru, L92, M|315/315\n|-damage|p1a: Oranguru|276/315|[from] Stealth Rock\n|turn|19\n|\n|t:|1781386219\n|move|p1a: Oranguru|Psyshock|p2a: Talonflame\n|-damage|p2a: Talonflame|84/265 par\n|move|p2a: Talonflame|Tera Blast|p1a: Oranguru|[anim] Tera Blast Ground\n|-damage|p1a: Oranguru|74/315\n|\n|upkeep\n|turn|20\n|\n|t:|1781386226\n|switch|p2a: Umbreon|Umbreon, L84, M|222/297 psn\n|-damage|p2a: Umbreon|185/297 psn|[from] Stealth Rock\n|move|p1a: Oranguru|Psyshock|p2a: Umbreon\n|-immune|p2a: Umbreon\n|\n|-heal|p2a: Umbreon|203/297 psn|[from] item: Leftovers\n|-damage|p2a: Umbreon|166/297 psn|[from] psn\n|upkeep\n|turn|21\n|\n|t:|1781386237\n|switch|p1a: Chansey|Chansey, L85, F|494/564\n|-damage|p1a: Chansey|424/564|[from] Stealth Rock\n|move|p2a: Umbreon|Foul Play|p1a: Chansey\n|-damage|p1a: Chansey|408/564\n|\n|-heal|p2a: Umbreon|184/297 psn|[from] item: Leftovers\n|-damage|p2a: Umbreon|147/297 psn|[from] psn\n|upkeep\n|turn|22\n|\n|t:|1781386246\n|move|p2a: Umbreon|Wish|p2a: Umbreon\n|move|p1a: Chansey|Seismic Toss|p2a: Umbreon\n|-damage|p2a: Umbreon|62/297 psn\n|\n|-heal|p2a: Umbreon|80/297 psn|[from] item: Leftovers\n|-damage|p2a: Umbreon|43/297 psn|[from] psn\n|upkeep\n|turn|23\n|inactive|cewki has 120 seconds left.\n|\n|t:|1781386252\n|move|p2a: Umbreon|Protect|p2a: Umbreon\n|-singleturn|p2a: Umbreon|Protect\n|move|p1a: Chansey|Seismic Toss|p2a: Umbreon\n|-activate|p2a: Umbreon|move: Protect\n|\n|-heal|p2a: Umbreon|191/297 psn|[from] move: Wish|[wisher] Umbreon\n|-heal|p2a: Umbreon|209/297 psn|[from] item: Leftovers\n|-damage|p2a: Umbreon|172/297 psn|[from] psn\n|upkeep\n|turn|24\n|\n|t:|1781386257\n|move|p2a: Umbreon|Wish|p2a: Umbreon\n|move|p1a: Chansey|Seismic Toss|p2a: Umbreon\n|-damage|p2a: Umbreon|87/297 psn\n|\n|-heal|p2a: Umbreon|105/297 psn|[from] item: Leftovers\n|-damage|p2a: Umbreon|68/297 psn|[from] psn\n|upkeep\n|turn|25\n|\n|t:|1781386261\n|move|p2a: Umbreon|Protect|p2a: Umbreon\n|-singleturn|p2a: Umbreon|Protect\n|move|p1a: Chansey|Seismic Toss|p2a: Umbreon\n|-activate|p2a: Umbreon|move: Protect\n|\n|-heal|p2a: Umbreon|216/297 psn|[from] move: Wish|[wisher] Umbreon\n|-heal|p2a: Umbreon|234/297 psn|[from] item: Leftovers\n|-damage|p2a: Umbreon|197/297 psn|[from] psn\n|upkeep\n|turn|26\n|\n|t:|1781386271\n|move|p2a: Umbreon|Wish|p2a: Umbreon\n|move|p1a: Chansey|Seismic Toss|p2a: Umbreon\n|-damage|p2a: Umbreon|112/297 psn\n|\n|-heal|p2a: Umbreon|130/297 psn|[from] item: Leftovers\n|-damage|p2a: Umbreon|93/297 psn|[from] psn\n|upkeep\n|turn|27\n|\n|t:|1781386286\n|move|p2a: Umbreon|Protect|p2a: Umbreon\n|-singleturn|p2a: Umbreon|Protect\n|move|p1a: Chansey|Seismic Toss|p2a: Umbreon\n|-activate|p2a: Umbreon|move: Protect\n|\n|-heal|p2a: Umbreon|241/297 psn|[from] move: Wish|[wisher] Umbreon\n|-heal|p2a: Umbreon|259/297 psn|[from] item: Leftovers\n|-damage|p2a: Umbreon|222/297 psn|[from] psn\n|upkeep\n|turn|28\n|\n|t:|1781386293\n|move|p2a: Umbreon|Wish|p2a: Umbreon\n|move|p1a: Chansey|Seismic Toss|p2a: Umbreon\n|-damage|p2a: Umbreon|137/297 psn\n|\n|-heal|p2a: Umbreon|155/297 psn|[from] item: Leftovers\n|-damage|p2a: Umbreon|118/297 psn|[from] psn\n|upkeep\n|turn|29\n|\n|t:|1781386299\n|move|p2a: Umbreon|Protect|p2a: Umbreon\n|-singleturn|p2a: Umbreon|Protect\n|move|p1a: Chansey|Seismic Toss|p2a: Umbreon\n|-activate|p2a: Umbreon|move: Protect\n|\n|-heal|p2a: Umbreon|266/297 psn|[from] move: Wish|[wisher] Umbreon\n|-heal|p2a: Umbreon|284/297 psn|[from] item: Leftovers\n|-damage|p2a: Umbreon|247/297 psn|[from] psn\n|upkeep\n|turn|30\n|\n|t:|1781386301\n|move|p2a: Umbreon|Wish|p2a: Umbreon\n|move|p1a: Chansey|Seismic Toss|p2a: Umbreon\n|-damage|p2a: Umbreon|162/297 psn\n|\n|-heal|p2a: Umbreon|180/297 psn|[from] item: Leftovers\n|-damage|p2a: Umbreon|143/297 psn|[from] psn\n|upkeep\n|turn|31\n|\n|t:|1781386304\n|move|p2a: Umbreon|Toxic|p1a: Chansey\n|-status|p1a: Chansey|tox\n|move|p1a: Chansey|Seismic Toss|p2a: Umbreon\n|-damage|p2a: Umbreon|58/297 psn\n|\n|-heal|p2a: Umbreon|206/297 psn|[from] move: Wish|[wisher] Umbreon\n|-heal|p2a: Umbreon|224/297 psn|[from] item: Leftovers\n|-damage|p2a: Umbreon|187/297 psn|[from] psn\n|-damage|p1a: Chansey|373/564 tox|[from] psn\n|upkeep\n|turn|32\n|\n|t:|1781386311\n|-curestatus|p1a: Chansey|tox|[from] ability: Natural Cure|[silent]\n|switch|p1a: Oranguru|Oranguru, L92, M|74/315\n|-damage|p1a: Oranguru|35/315|[from] Stealth Rock\n|move|p2a: Umbreon|Wish|p2a: Umbreon\n|\n|-heal|p2a: Umbreon|205/297 psn|[from] item: Leftovers\n|-damage|p2a: Umbreon|168/297 psn|[from] psn\n|upkeep\n|turn|33\n|\n|t:|1781386314\n|move|p1a: Oranguru|Trick|p2a: Umbreon\n|-activate|p1a: Oranguru|move: Trick|[of] p2a: Umbreon\n|-item|p2a: Umbreon|Choice Specs|[from] move: Trick\n|-item|p1a: Oranguru|Leftovers|[from] move: Trick\n|move|p2a: Umbreon|Foul Play|p1a: Oranguru\n|-supereffective|p1a: Oranguru\n|-damage|p1a: Oranguru|0 fnt\n|faint|p1a: Oranguru\n|\n|-heal|p2a: Umbreon|297/297 psn|[from] move: Wish|[wisher] Umbreon\n|-damage|p2a: Umbreon|260/297 psn|[from] psn\n|upkeep\n|\n|t:|1781386323\n|switch|p1a: Crabominable|Crabominable, L90, M|321/321\n|-damage|p1a: Crabominable|281/321|[from] Stealth Rock\n|turn|34\n|\n|t:|1781386332\n|move|p2a: Umbreon|Foul Play|p1a: Crabominable\n|-resisted|p1a: Crabominable\n|-damage|p1a: Crabominable|212/321\n|move|p1a: Crabominable|Close Combat|p2a: Umbreon\n|-supereffective|p2a: Umbreon\n|-damage|p2a: Umbreon|0 fnt\n|-unboost|p1a: Crabominable|def|1\n|-unboost|p1a: Crabominable|spd|1\n|faint|p2a: Umbreon\n|\n|upkeep\n|\n|t:|1781386359\n|switch|p2a: Shaymin|Shaymin, L82|298/298\n|-status|p2a: Shaymin|psn\n|-damage|p2a: Shaymin|261/298 psn|[from] Stealth Rock\n|turn|35\n|\n|t:|1781386370\n|switch|p1a: Chansey|Chansey, L85, F|373/564\n|-damage|p1a: Chansey|303/564|[from] Stealth Rock\n|move|p2a: Shaymin|Seed Flare|p1a: Chansey|[miss]\n|-miss|p2a: Shaymin|p1a: Chansey\n|\n|-heal|p2a: Shaymin|279/298 psn|[from] item: Leftovers\n|-damage|p2a: Shaymin|242/298 psn|[from] psn\n|upkeep\n|turn|36\n|\n|t:|1781386380\n|-curestatus|p2a: Shaymin|psn|[from] ability: Natural Cure|[silent]\n|switch|p2a: Talonflame|Talonflame, L83, M, tera:Ground|84/265 par\n|move|p1a: Chansey|Soft-Boiled|p1a: Chansey\n|-heal|p1a: Chansey|564/564\n|\n|upkeep\n|turn|37\n|\n|t:|1781386386\n|move|p1a: Chansey|Seismic Toss|p2a: Talonflame\n|-damage|p2a: Talonflame|0 fnt\n|faint|p2a: Talonflame\n|\n|upkeep\n|\n|t:|1781386394\n|switch|p2a: Shaymin|Shaymin, L82|242/298\n|-status|p2a: Shaymin|psn\n|-damage|p2a: Shaymin|205/298 psn|[from] Stealth Rock\n|turn|38\n|\n|t:|1781386399\n|move|p2a: Shaymin|Seed Flare|p1a: Chansey\n|-damage|p1a: Chansey|497/564\n|move|p1a: Chansey|Seismic Toss|p2a: Shaymin\n|-damage|p2a: Shaymin|120/298 psn\n|\n|-heal|p2a: Shaymin|138/298 psn|[from] item: Leftovers\n|-damage|p2a: Shaymin|101/298 psn|[from] psn\n|upkeep\n|turn|39\n|\n|t:|1781386405\n|move|p2a: Shaymin|Synthesis|p2a: Shaymin\n|-heal|p2a: Shaymin|250/298 psn\n|move|p1a: Chansey|Seismic Toss|p2a: Shaymin\n|-damage|p2a: Shaymin|165/298 psn\n|\n|-heal|p2a: Shaymin|183/298 psn|[from] item: Leftovers\n|-damage|p2a: Shaymin|146/298 psn|[from] psn\n|upkeep\n|turn|40\n|\n|t:|1781386410\n|move|p2a: Shaymin|Synthesis|p2a: Shaymin\n|-heal|p2a: Shaymin|295/298 psn\n|move|p1a: Chansey|Seismic Toss|p2a: Shaymin\n|-damage|p2a: Shaymin|210/298 psn\n|\n|-heal|p2a: Shaymin|228/298 psn|[from] item: Leftovers\n|-damage|p2a: Shaymin|191/298 psn|[from] psn\n|upkeep\n|turn|41\n|\n|t:|1781386415\n|move|p2a: Shaymin|Seed Flare|p1a: Chansey|[miss]\n|-miss|p2a: Shaymin|p1a: Chansey\n|move|p1a: Chansey|Seismic Toss|p2a: Shaymin\n|-damage|p2a: Shaymin|106/298 psn\n|\n|-heal|p2a: Shaymin|124/298 psn|[from] item: Leftovers\n|-damage|p2a: Shaymin|87/298 psn|[from] psn\n|upkeep\n|turn|42\n|\n|t:|1781386418\n|move|p2a: Shaymin|Synthesis|p2a: Shaymin\n|-heal|p2a: Shaymin|236/298 psn\n|move|p1a: Chansey|Seismic Toss|p2a: Shaymin\n|-damage|p2a: Shaymin|151/298 psn\n|\n|-heal|p2a: Shaymin|169/298 psn|[from] item: Leftovers\n|-damage|p2a: Shaymin|132/298 psn|[from] psn\n|upkeep\n|turn|43\n|\n|t:|1781386420\n|move|p2a: Shaymin|Synthesis|p2a: Shaymin\n|-heal|p2a: Shaymin|281/298 psn\n|move|p1a: Chansey|Seismic Toss|p2a: Shaymin\n|-damage|p2a: Shaymin|196/298 psn\n|\n|-heal|p2a: Shaymin|214/298 psn|[from] item: Leftovers\n|-damage|p2a: Shaymin|177/298 psn|[from] psn\n|upkeep\n|turn|44\n|\n|t:|1781386422\n|move|p2a: Shaymin|Seed Flare|p1a: Chansey\n|-damage|p1a: Chansey|425/564\n|-unboost|p1a: Chansey|spd|2\n|move|p1a: Chansey|Seismic Toss|p2a: Shaymin\n|-damage|p2a: Shaymin|92/298 psn\n|\n|-heal|p2a: Shaymin|110/298 psn|[from] item: Leftovers\n|-damage|p2a: Shaymin|73/298 psn|[from] psn\n|upkeep\n|turn|45\n|\n|t:|1781386428\n|move|p2a: Shaymin|Synthesis|p2a: Shaymin\n|-heal|p2a: Shaymin|222/298 psn\n|move|p1a: Chansey|Seismic Toss|p2a: Shaymin\n|-damage|p2a: Shaymin|137/298 psn\n|\n|-heal|p2a: Shaymin|155/298 psn|[from] item: Leftovers\n|-damage|p2a: Shaymin|118/298 psn|[from] psn\n|upkeep\n|turn|46\n|\n|t:|1781386432\n|move|p2a: Shaymin|Synthesis|p2a: Shaymin\n|-heal|p2a: Shaymin|267/298 psn\n|move|p1a: Chansey|Seismic Toss|p2a: Shaymin\n|-damage|p2a: Shaymin|182/298 psn\n|\n|-heal|p2a: Shaymin|200/298 psn|[from] item: Leftovers\n|-damage|p2a: Shaymin|163/298 psn|[from] psn\n|upkeep\n|turn|47\n|\n|t:|1781386439\n|move|p2a: Shaymin|Seed Flare|p1a: Chansey\n|-damage|p1a: Chansey|289/564\n|move|p1a: Chansey|Seismic Toss|p2a: Shaymin\n|-damage|p2a: Shaymin|78/298 psn\n|\n|-heal|p2a: Shaymin|96/298 psn|[from] item: Leftovers\n|-damage|p2a: Shaymin|59/298 psn|[from] psn\n|upkeep\n|turn|48\n|\n|t:|1781386444\n|move|p2a: Shaymin|Synthesis|p2a: Shaymin\n|-heal|p2a: Shaymin|208/298 psn\n|move|p1a: Chansey|Seismic Toss|p2a: Shaymin\n|-damage|p2a: Shaymin|123/298 psn\n|\n|-heal|p2a: Shaymin|141/298 psn|[from] item: Leftovers\n|-damage|p2a: Shaymin|104/298 psn|[from] psn\n|upkeep\n|turn|49\n|\n|t:|1781386448\n|move|p2a: Shaymin|Synthesis|p2a: Shaymin\n|-heal|p2a: Shaymin|253/298 psn\n|move|p1a: Chansey|Soft-Boiled|p1a: Chansey\n|-heal|p1a: Chansey|564/564\n|\n|-heal|p2a: Shaymin|271/298 psn|[from] item: Leftovers\n|-damage|p2a: Shaymin|234/298 psn|[from] psn\n|upkeep\n|turn|50\n|\n|t:|1781386456\n|move|p2a: Shaymin|Seed Flare|p1a: Chansey\n|-damage|p1a: Chansey|434/564\n|move|p1a: Chansey|Soft-Boiled|p1a: Chansey\n|-heal|p1a: Chansey|564/564\n|\n|-heal|p2a: Shaymin|252/298 psn|[from] item: Leftovers\n|-damage|p2a: Shaymin|215/298 psn|[from] psn\n|upkeep\n|turn|51\n|\n|t:|1781386462\n|move|p2a: Shaymin|Air Slash|p1a: Chansey\n|-damage|p1a: Chansey|506/564\n|move|p1a: Chansey|Soft-Boiled|p1a: Chansey\n|-heal|p1a: Chansey|564/564\n|\n|-heal|p2a: Shaymin|233/298 psn|[from] item: Leftovers\n|-damage|p2a: Shaymin|196/298 psn|[from] psn\n|upkeep\n|turn|52\n|\n|t:|1781386466\n|move|p2a: Shaymin|Earth Power|p1a: Chansey\n|-damage|p1a: Chansey|497/564\n|move|p1a: Chansey|Stealth Rock||[still]\n|-fail|p1a: Chansey\n|\n|-heal|p2a: Shaymin|214/298 psn|[from] item: Leftovers\n|-damage|p2a: Shaymin|177/298 psn|[from] psn\n|upkeep\n|turn|53\n|\n|t:|1781386472\n|move|p2a: Shaymin|Earth Power|p1a: Chansey\n|-damage|p1a: Chansey|421/564\n|move|p1a: Chansey|Stealth Rock||[still]\n|-fail|p1a: Chansey\n|\n|-heal|p2a: Shaymin|195/298 psn|[from] item: Leftovers\n|-damage|p2a: Shaymin|158/298 psn|[from] psn\n|upkeep\n|turn|54\n|\n|t:|1781386474\n|move|p2a: Shaymin|Earth Power|p1a: Chansey\n|-damage|p1a: Chansey|348/564\n|-unboost|p1a: Chansey|spd|1\n|move|p1a: Chansey|Stealth Rock||[still]\n|-fail|p1a: Chansey\n|\n|-heal|p2a: Shaymin|176/298 psn|[from] item: Leftovers\n|-damage|p2a: Shaymin|139/298 psn|[from] psn\n|upkeep\n|turn|55\n|\n|t:|1781386478\n|move|p2a: Shaymin|Earth Power|p1a: Chansey\n|-damage|p1a: Chansey|255/564\n|move|p1a: Chansey|Soft-Boiled|p1a: Chansey\n|-heal|p1a: Chansey|537/564\n|\n|-heal|p2a: Shaymin|157/298 psn|[from] item: Leftovers\n|-damage|p2a: Shaymin|120/298 psn|[from] psn\n|upkeep\n|turn|56\n|\n|t:|1781386480\n|move|p2a: Shaymin|Earth Power|p1a: Chansey\n|-damage|p1a: Chansey|454/564\n|move|p1a: Chansey|Stealth Rock||[still]\n|-fail|p1a: Chansey\n|\n|-heal|p2a: Shaymin|138/298 psn|[from] item: Leftovers\n|-damage|p2a: Shaymin|101/298 psn|[from] psn\n|upkeep\n|turn|57\n|\n|t:|1781386482\n|move|p2a: Shaymin|Earth Power|p1a: Chansey\n|-damage|p1a: Chansey|370/564\n|move|p1a: Chansey|Stealth Rock||[still]\n|-fail|p1a: Chansey\n|\n|-heal|p2a: Shaymin|119/298 psn|[from] item: Leftovers\n|-damage|p2a: Shaymin|82/298 psn|[from] psn\n|upkeep\n|turn|58\n|\n|t:|1781386487\n|move|p2a: Shaymin|Earth Power|p1a: Chansey\n|-damage|p1a: Chansey|279/564\n|move|p1a: Chansey|Stealth Rock||[still]\n|-fail|p1a: Chansey\n|\n|-heal|p2a: Shaymin|100/298 psn|[from] item: Leftovers\n|-damage|p2a: Shaymin|63/298 psn|[from] psn\n|upkeep\n|turn|59\n|\n|t:|1781386492\n|move|p2a: Shaymin|Air Slash|p1a: Chansey|[miss]\n|-miss|p2a: Shaymin|p1a: Chansey\n|move|p1a: Chansey|Soft-Boiled|p1a: Chansey\n|-heal|p1a: Chansey|561/564\n|\n|-heal|p2a: Shaymin|81/298 psn|[from] item: Leftovers\n|-damage|p2a: Shaymin|44/298 psn|[from] psn\n|upkeep\n|turn|60\n|\n|t:|1781386495\n|move|p2a: Shaymin|Earth Power|p1a: Chansey\n|-damage|p1a: Chansey|474/564\n|-unboost|p1a: Chansey|spd|1\n|move|p1a: Chansey|Stealth Rock||[still]\n|-fail|p1a: Chansey\n|\n|-heal|p2a: Shaymin|62/298 psn|[from] item: Leftovers\n|-damage|p2a: Shaymin|25/298 psn|[from] psn\n|upkeep\n|turn|61\n|\n|t:|1781386503\n|move|p2a: Shaymin|Air Slash|p1a: Chansey\n|-damage|p1a: Chansey|380/564\n|move|p1a: Chansey|Stealth Rock||[still]\n|-fail|p1a: Chansey\n|\n|-heal|p2a: Shaymin|43/298 psn|[from] item: Leftovers\n|-damage|p2a: Shaymin|6/298 psn|[from] psn\n|upkeep\n|turn|62\n|\n|t:|1781386507\n|move|p2a: Shaymin|Air Slash|p1a: Chansey\n|-damage|p1a: Chansey|285/564\n|move|p1a: Chansey|Soft-Boiled|p1a: Chansey\n|-heal|p1a: Chansey|564/564\n|\n|-heal|p2a: Shaymin|24/298 psn|[from] item: Leftovers\n|-damage|p2a: Shaymin|0 fnt|[from] psn\n|faint|p2a: Shaymin\n|upkeep\n|\n|t:|1781386512\n|switch|p2a: Clawitzer|Clawitzer, L87, F|265/265\n|-status|p2a: Clawitzer|psn\n|-damage|p2a: Clawitzer|232/265 psn|[from] Stealth Rock\n|turn|63\n|\n|t:|1781386516\n|switch|p1a: Crabominable|Crabominable, L90, M|212/321\n|-damage|p1a: Crabominable|172/321|[from] Stealth Rock\n|move|p2a: Clawitzer|Water Pulse|p1a: Crabominable\n|-damage|p1a: Crabominable|33/321\n|\n|-damage|p2a: Clawitzer|199/265 psn|[from] psn\n|upkeep\n|turn|64\n|\n|t:|1781386522\n|move|p2a: Clawitzer|Water Pulse|p1a: Crabominable\n|-damage|p1a: Crabominable|0 fnt\n|faint|p1a: Crabominable\n|\n|-damage|p2a: Clawitzer|166/265 psn|[from] psn\n|upkeep\n|\n|t:|1781386524\n|switch|p1a: Chansey|Chansey, L85, F|564/564\n|-damage|p1a: Chansey|494/564|[from] Stealth Rock\n|turn|65\n|\n|t:|1781386534\n|move|p2a: Clawitzer|Water Pulse|p1a: Chansey\n|-damage|p1a: Chansey|427/564\n|move|p1a: Chansey|Stealth Rock||[still]\n|-fail|p1a: Chansey\n|\n|-damage|p2a: Clawitzer|133/265 psn|[from] psn\n|upkeep\n|turn|66\n|\n|t:|1781386539\n|move|p2a: Clawitzer|U-turn|p1a: Chansey\n|-damage|p1a: Chansey|333/564\n|move|p1a: Chansey|Stealth Rock||[still]\n|-fail|p1a: Chansey\n|\n|-damage|p2a: Clawitzer|100/265 psn|[from] psn\n|upkeep\n|turn|67\n|\n|t:|1781386542\n|move|p2a: Clawitzer|Water Pulse|p1a: Chansey\n|-damage|p1a: Chansey|269/564\n|move|p1a: Chansey|Soft-Boiled|p1a: Chansey\n|-heal|p1a: Chansey|551/564\n|\n|-damage|p2a: Clawitzer|67/265 psn|[from] psn\n|upkeep\n|turn|68\n|\n|t:|1781386544\n|move|p2a: Clawitzer|Water Pulse|p1a: Chansey\n|-crit|p1a: Chansey\n|-damage|p1a: Chansey|446/564\n|move|p1a: Chansey|Stealth Rock||[still]\n|-fail|p1a: Chansey\n|\n|-damage|p2a: Clawitzer|34/265 psn|[from] psn\n|upkeep\n|turn|69\n|\n|t:|1781386546\n|move|p2a: Clawitzer|Water Pulse|p1a: Chansey\n|-damage|p1a: Chansey|376/564\n|move|p1a: Chansey|Stealth Rock||[still]\n|-fail|p1a: Chansey\n|\n|-damage|p2a: Clawitzer|1/265 psn|[from] psn\n|upkeep\n|turn|70\n|\n|t:|1781386548\n|move|p2a: Clawitzer|Water Pulse|p1a: Chansey\n|-damage|p1a: Chansey|306/564\n|move|p1a: Chansey|Stealth Rock||[still]\n|-fail|p1a: Chansey\n|\n|-damage|p2a: Clawitzer|0 fnt|[from] psn\n|faint|p2a: Clawitzer\n|\n|win|cewki\n", "uploadtime": 1781385881, "views": 4, "formatid": "gen9randombattle", "rating": null, "private": 0, "password": null}