{"id": "gen9randombattle-2631401229", "format": "[Gen 9] Random Battle", "players": ["Gamblero", "Crowbuddy"], "log": "|j|\u2606Gamblero\n|j|\u2606Crowbuddy\n|t:|1781380232\n|gametype|singles\n|player|p1|Gamblero|preschooler|1908\n|player|p2|Crowbuddy|giovanni|1932\n|gen|9\n|tier|[Gen 9] Random Battle\n|rated|\n|rule|Species Clause: Limit one of each Pok\u00e9mon\n|rule|HP Percentage Mod: HP is shown in percentages\n|rule|Sleep Clause Mod: Limit one foe put to sleep\n|rule|Illusion Level Mod: Illusion disguises the Pok\u00e9mon's true level\n|\n|t:|1781380232\n|teamsize|p1|6\n|teamsize|p2|6\n|start\n|switch|p1a: Decidueye|Decidueye, L88, F|281/281\n|switch|p2a: Quaquaval|Quaquaval, L79, F|264/264\n|turn|1\n|inactive|Battle timer is ON: inactive players will automatically lose when time's up. (requested by Crowbuddy)\n|\n|t:|1781380251\n|switch|p2a: Gumshoos|Gumshoos, L95, F|321/321\n|move|p1a: Decidueye|Leaf Storm|p2a: Gumshoos|[miss]\n|-miss|p1a: Decidueye|p2a: Gumshoos\n|\n|upkeep\n|turn|2\n|\n|t:|1781380270\n|switch|p1a: Wo-Chien|Wo-Chien, L83|277/277\n|-ability|p1a: Wo-Chien|Tablets of Ruin\n|move|p2a: Gumshoos|Knock Off|p1a: Wo-Chien\n|-resisted|p1a: Wo-Chien\n|-damage|p1a: Wo-Chien|175/277\n|-enditem|p1a: Wo-Chien|Leftovers|[from] move: Knock Off|[of] p2a: Gumshoos\n|\n|upkeep\n|turn|3\n|\n|t:|1781380283\n|switch|p2a: Quaquaval|Quaquaval, L79, F|264/264\n|move|p1a: Wo-Chien|Stun Spore|p2a: Quaquaval\n|-status|p2a: Quaquaval|par\n|\n|upkeep\n|turn|4\n|\n|t:|1781380288\n|move|p1a: Wo-Chien|Giga Drain|p2a: Quaquaval\n|-supereffective|p2a: Quaquaval\n|-damage|p2a: Quaquaval|72/264 par\n|-heal|p1a: Wo-Chien|271/277|[from] drain|[of] p2a: Quaquaval\n|cant|p2a: Quaquaval|par\n|\n|upkeep\n|turn|5\n|\n|t:|1781380295\n|move|p1a: Wo-Chien|Giga Drain|p2a: Quaquaval\n|-supereffective|p2a: Quaquaval\n|-damage|p2a: Quaquaval|0 fnt\n|-heal|p1a: Wo-Chien|277/277|[from] drain|[of] p2a: Quaquaval\n|faint|p2a: Quaquaval\n|\n|upkeep\n|\n|t:|1781380309\n|switch|p2a: Gumshoos|Gumshoos, L95, F|321/321\n|turn|6\n|\n|t:|1781380313\n|move|p1a: Wo-Chien|Knock Off|p2a: Gumshoos\n|-damage|p2a: Gumshoos|221/321\n|-enditem|p2a: Gumshoos|Choice Band|[from] move: Knock Off|[of] p1a: Wo-Chien\n|move|p2a: Gumshoos|U-turn|p1a: Wo-Chien\n|-supereffective|p1a: Wo-Chien\n|-damage|p1a: Wo-Chien|85/277\n|\n|t:|1781380317\n|switch|p2a: Grumpig|Grumpig, L92, M|297/297|[from] U-turn\n|\n|upkeep\n|turn|7\n|\n|t:|1781380322\n|switch|p1a: Iron Treads|Iron Treads, L77|265/265\n|move|p2a: Grumpig|Dazzling Gleam|p1a: Iron Treads\n|-resisted|p1a: Iron Treads\n|-damage|p1a: Iron Treads|221/265\n|\n|-heal|p1a: Iron Treads|237/265|[from] item: Leftovers\n|upkeep\n|turn|8\n|\n|t:|1781380327\n|move|p1a: Iron Treads|Stealth Rock|p2a: Grumpig\n|-sidestart|p2: Crowbuddy|move: Stealth Rock\n|move|p2a: Grumpig|Nasty Plot|p2a: Grumpig\n|-boost|p2a: Grumpig|spa|2\n|\n|-heal|p1a: Iron Treads|253/265|[from] item: Leftovers\n|upkeep\n|turn|9\n|\n|t:|1781380330\n|move|p1a: Iron Treads|Knock Off|p2a: Grumpig\n|-supereffective|p2a: Grumpig\n|-damage|p2a: Grumpig|139/297\n|-enditem|p2a: Grumpig|Leftovers|[from] move: Knock Off|[of] p1a: Iron Treads\n|move|p2a: Grumpig|Earth Power|p1a: Iron Treads\n|-supereffective|p1a: Iron Treads\n|-damage|p1a: Iron Treads|0 fnt\n|faint|p1a: Iron Treads\n|-end|p1a: Iron Treads|Quark Drive|[silent]\n|\n|upkeep\n|\n|t:|1781380337\n|switch|p1a: Maushold|Maushold-Four, L76|238/238\n|turn|10\n|\n|t:|1781380347\n|move|p1a: Maushold|Population Bomb|p2a: Grumpig|[miss]\n|-miss|p1a: Maushold|p2a: Grumpig\n|move|p2a: Grumpig|Psychic|p1a: Maushold\n|-damage|p1a: Maushold|0 fnt\n|faint|p1a: Maushold\n|\n|upkeep\n|\n|t:|1781380354\n|switch|p1a: Dusknoir|Dusknoir, L89, F|225/225\n|turn|11\n|\n|t:|1781380361\n|move|p2a: Grumpig|Psychic|p1a: Dusknoir\n|-damage|p1a: Dusknoir|84/225\n|move|p1a: Dusknoir|Leech Life|p2a: Grumpig\n|-supereffective|p2a: Grumpig\n|-damage|p2a: Grumpig|0 fnt\n|-heal|p1a: Dusknoir|154/225|[from] drain|[of] p2a: Grumpig\n|faint|p2a: Grumpig\n|\n|upkeep\n|\n|t:|1781380366\n|switch|p2a: Eiscue|Eiscue, L88, M|274/274\n|-damage|p2a: Eiscue|206/274|[from] Stealth Rock\n|turn|12\n|\n|t:|1781380371\n|switch|p1a: Wo-Chien|Wo-Chien, L83|85/277\n|-ability|p1a: Wo-Chien|Tablets of Ruin\n|move|p2a: Eiscue|Belly Drum|p2a: Eiscue\n|-damage|p2a: Eiscue|69/274\n|-setboost|p2a: Eiscue|atk|6|[from] move: Belly Drum\n|-enditem|p2a: Eiscue|Sitrus Berry|[eat]\n|-heal|p2a: Eiscue|137/274|[from] item: Sitrus Berry\n|\n|upkeep\n|turn|13\n|\n|t:|1781380386\n|move|p1a: Wo-Chien|Giga Drain|p2a: Eiscue\n|-damage|p2a: Eiscue|64/274\n|-heal|p1a: Wo-Chien|122/277|[from] drain|[of] p2a: Eiscue\n|move|p2a: Eiscue|Ice Spinner|p1a: Wo-Chien\n|-supereffective|p1a: Wo-Chien\n|-damage|p1a: Wo-Chien|0 fnt\n|faint|p1a: Wo-Chien\n|\n|upkeep\n|\n|t:|1781380400\n|switch|p1a: Decidueye|Decidueye, L88, F|281/281\n|turn|14\n|\n|t:|1781380405\n|move|p1a: Decidueye|Leaf Storm|p2a: Eiscue\n|-crit|p2a: Eiscue\n|-damage|p2a: Eiscue|0 fnt\n|-unboost|p1a: Decidueye|spa|2\n|faint|p2a: Eiscue\n|\n|upkeep\n|\n|t:|1781380410\n|switch|p2a: Gumshoos|Gumshoos, L95, F|221/321\n|-damage|p2a: Gumshoos|181/321|[from] Stealth Rock\n|turn|15\n|\n|t:|1781380423\n|move|p1a: Decidueye|Leaf Storm|p2a: Gumshoos\n|-damage|p2a: Gumshoos|85/321\n|-unboost|p1a: Decidueye|spa|2\n|move|p2a: Gumshoos|Knock Off|p1a: Decidueye\n|-supereffective|p1a: Decidueye\n|-damage|p1a: Decidueye|67/281\n|-enditem|p1a: Decidueye|Heavy-Duty Boots|[from] move: Knock Off|[of] p2a: Gumshoos\n|\n|upkeep\n|turn|16\n|\n|t:|1781380431\n|move|p1a: Decidueye|Knock Off|p2a: Gumshoos\n|-damage|p2a: Gumshoos|25/321\n|move|p2a: Gumshoos|Knock Off|p1a: Decidueye\n|-supereffective|p1a: Decidueye\n|-damage|p1a: Decidueye|0 fnt\n|faint|p1a: Decidueye\n|\n|upkeep\n|\n|t:|1781380434\n|switch|p1a: Minior|Minior-Violet, L79|224/224\n|-formechange|p1a: Minior|Minior-Meteor||[from] ability: Shields Down\n|turn|17\n|\n|t:|1781380442\n|move|p1a: Minior|Power Gem|p2a: Gumshoos\n|-crit|p2a: Gumshoos\n|-damage|p2a: Gumshoos|0 fnt\n|faint|p2a: Gumshoos\n|\n|upkeep\n|\n|t:|1781380444\n|switch|p2a: Lumineon|Lumineon, L93, M|279/279\n|turn|18\n|\n|t:|1781380455\n|move|p2a: Lumineon|Encore|p1a: Minior\n|-start|p1a: Minior|Encore\n|move|p1a: Minior|Power Gem|p2a: Lumineon\n|-damage|p2a: Lumineon|228/279\n|\n|upkeep\n|turn|19\n|\n|t:|1781380461\n|switch|p1a: Dusknoir|Dusknoir, L89, F|154/225\n|-item|p2a: Lumineon|Heavy-Duty Boots|[from] ability: Frisk|[of] p1a: Dusknoir\n|move|p2a: Lumineon|Hydro Pump|p1a: Dusknoir|[miss]\n|-miss|p2a: Lumineon|p1a: Dusknoir\n|\n|upkeep\n|turn|20\n|\n|t:|1781380466\n|move|p2a: Lumineon|Hydro Pump|p1a: Dusknoir\n|-damage|p1a: Dusknoir|76/225\n|move|p1a: Dusknoir|Poltergeist|p2a: Lumineon\n|-activate|p2a: Lumineon|move: Poltergeist|Heavy-Duty Boots\n|-damage|p2a: Lumineon|35/279\n|\n|upkeep\n|turn|21\n|\n|t:|1781380472\n|move|p2a: Lumineon|Hydro Pump|p1a: Dusknoir\n|-damage|p1a: Dusknoir|0 fnt\n|faint|p1a: Dusknoir\n|\n|upkeep\n|\n|t:|1781380474\n|switch|p1a: Minior|Minior-Violet, L79|224/224\n|-formechange|p1a: Minior|Minior-Meteor||[from] ability: Shields Down\n|turn|22\n|\n|t:|1781380478\n|move|p2a: Lumineon|Hydro Pump|p1a: Minior\n|-supereffective|p1a: Minior\n|-damage|p1a: Minior|6/224\n|move|p1a: Minior|Shell Smash|p1a: Minior\n|-unboost|p1a: Minior|def|1\n|-unboost|p1a: Minior|spd|1\n|-boost|p1a: Minior|atk|2\n|-boost|p1a: Minior|spa|2\n|-boost|p1a: Minior|spe|2\n|-enditem|p1a: Minior|White Herb\n|-clearnegativeboost|p1a: Minior|[silent]\n|\n|-formechange|p1a: Minior|Minior-Violet||[from] ability: Shields Down\n|upkeep\n|turn|23\n|\n|t:|1781380482\n|move|p1a: Minior|Acrobatics|p2a: Lumineon\n|-damage|p2a: Lumineon|0 fnt\n|faint|p2a: Lumineon\n|\n|upkeep\n|\n|t:|1781380484\n|switch|p2a: Ditto|Ditto, L87|225/225\n|-damage|p2a: Ditto|197/225|[from] Stealth Rock\n|-transform|p2a: Ditto|p1a: Minior|[from] ability: Imposter\n|turn|24\n|\n|t:|1781380491\n|move|p2a: Ditto|Power Gem|p1a: Minior\n|-supereffective|p1a: Minior\n|-damage|p1a: Minior|0 fnt\n|faint|p1a: Minior\n|\n|win|Crowbuddy\n", "uploadtime": 1781380234, "views": 9, "formatid": "gen9randombattle", "rating": null, "private": 0, "password": null}