{"id": "gen9randombattle-2631627810", "format": "[Gen 9] Random Battle", "players": ["AllCuzOfHax", "MMF6G"], "log": "|j|\u2606AllCuzOfHax\n|j|\u2606MMF6G\n|t:|1781411179\n|gametype|singles\n|player|p1|AllCuzOfHax|anabel|2040\n|player|p2|MMF6G|veteran|2010\n|gen|9\n|tier|[Gen 9] Random Battle\n|rated|\n|rule|Species Clause: Limit one of each Pok\u00e9mon\n|rule|HP Percentage Mod: HP is shown in percentages\n|rule|Sleep Clause Mod: Limit one foe put to sleep\n|rule|Illusion Level Mod: Illusion disguises the Pok\u00e9mon's true level\n|\n|t:|1781411179\n|teamsize|p1|6\n|teamsize|p2|6\n|start\n|switch|p1a: Tentacruel|Tentacruel, L84, M|272/272\n|switch|p2a: Oranguru|Oranguru, L92, M|315/315\n|turn|1\n|inactive|Battle timer is ON: inactive players will automatically lose when time's up. (requested by MMF6G)\n|inactive|AllCuzOfHax has 120 seconds left.\n|inactive|AllCuzOfHax has 90 seconds left.\n|\n|t:|1781411248\n|move|p1a: Tentacruel|Flip Turn|p2a: Oranguru\n|-damage|p2a: Oranguru|264/315\n|\n|t:|1781411250\n|switch|p1a: Bombirdier|Bombirdier, L85, F|258/258|[from] Flip Turn\n|move|p2a: Oranguru|Nasty Plot|p2a: Oranguru\n|-boost|p2a: Oranguru|spa|2\n|\n|-heal|p2a: Oranguru|283/315|[from] item: Leftovers\n|upkeep\n|turn|2\n|\n|t:|1781411263\n|switch|p2a: Umbreon|Umbreon, L84, M|297/297\n|move|p1a: Bombirdier|Knock Off|p2a: Umbreon\n|-resisted|p2a: Umbreon\n|-damage|p2a: Umbreon|247/297\n|-enditem|p2a: Umbreon|Leftovers|[from] move: Knock Off|[of] p1a: Bombirdier\n|\n|upkeep\n|turn|3\n|\n|t:|1781411280\n|switch|p1a: Tentacruel|Tentacruel, L84, M|272/272\n|move|p2a: Umbreon|Wish|p2a: Umbreon\n|\n|upkeep\n|turn|4\n|\n|t:|1781411300\n|switch|p2a: Oranguru|Oranguru, L92, M|283/315\n|move|p1a: Tentacruel|Sludge Bomb|p2a: Oranguru\n|-damage|p2a: Oranguru|216/315\n|\n|-heal|p2a: Oranguru|315/315|[from] move: Wish|[wisher] Umbreon\n|upkeep\n|turn|5\n|\n|t:|1781411309\n|move|p1a: Tentacruel|Flip Turn|p2a: Oranguru\n|-damage|p2a: Oranguru|267/315\n|\n|t:|1781411311\n|switch|p1a: Bombirdier|Bombirdier, L85, F|258/258|[from] Flip Turn\n|move|p2a: Oranguru|Thunderbolt|p1a: Bombirdier\n|-supereffective|p1a: Bombirdier\n|-damage|p1a: Bombirdier|114/258\n|\n|-heal|p2a: Oranguru|286/315|[from] item: Leftovers\n|upkeep\n|turn|6\n|\n|t:|1781411320\n|switch|p2a: Umbreon|Umbreon, L84, M|247/297\n|move|p1a: Bombirdier|Knock Off|p2a: Umbreon\n|-resisted|p2a: Umbreon\n|-damage|p2a: Umbreon|217/297\n|\n|upkeep\n|turn|7\n|\n|t:|1781411326\n|switch|p1a: Tentacruel|Tentacruel, L84, M|272/272\n|move|p2a: Umbreon|Wish|p2a: Umbreon\n|\n|upkeep\n|turn|8\n|\n|t:|1781411350\n|switch|p2a: Oranguru|Oranguru, L92, M|286/315\n|move|p1a: Tentacruel|Flip Turn|p2a: Oranguru\n|-damage|p2a: Oranguru|237/315\n|\n|t:|1781411354\n|switch|p1a: Bombirdier|Bombirdier, L85, F|114/258|[from] Flip Turn\n|\n|-heal|p2a: Oranguru|315/315|[from] move: Wish|[wisher] Umbreon\n|upkeep\n|turn|9\n|\n|t:|1781411361\n|move|p1a: Bombirdier|Roost|p1a: Bombirdier\n|-heal|p1a: Bombirdier|243/258\n|-singleturn|p1a: Bombirdier|move: Roost\n|move|p2a: Oranguru|Thunderbolt|p1a: Bombirdier\n|-damage|p1a: Bombirdier|172/258\n|\n|upkeep\n|turn|10\n|\n|t:|1781411370\n|switch|p2a: Umbreon|Umbreon, L84, M|217/297\n|move|p1a: Bombirdier|Knock Off|p2a: Umbreon\n|-resisted|p2a: Umbreon\n|-damage|p2a: Umbreon|184/297\n|\n|upkeep\n|turn|11\n|\n|t:|1781411375\n|switch|p1a: Jumpluff|Jumpluff, L87, M|271/271\n|move|p2a: Umbreon|Wish|p2a: Umbreon\n|\n|upkeep\n|turn|12\n|\n|t:|1781411382\n|move|p1a: Jumpluff|Substitute|p1a: Jumpluff\n|-start|p1a: Jumpluff|Substitute\n|-damage|p1a: Jumpluff|204/271\n|move|p2a: Umbreon|Foul Play|p1a: Jumpluff\n|-end|p1a: Jumpluff|Substitute\n|\n|-heal|p2a: Umbreon|297/297|[from] move: Wish|[wisher] Umbreon\n|upkeep\n|turn|13\n|\n|t:|1781411388\n|move|p1a: Jumpluff|Leech Seed|p2a: Umbreon\n|-start|p2a: Umbreon|move: Leech Seed\n|move|p2a: Umbreon|Foul Play|p1a: Jumpluff\n|-damage|p1a: Jumpluff|125/271\n|\n|-damage|p2a: Umbreon|260/297|[from] Leech Seed|[of] p1a: Jumpluff\n|-heal|p1a: Jumpluff|162/271|[silent]\n|upkeep\n|turn|14\n|\n|t:|1781411405\n|move|p1a: Jumpluff|Substitute|p1a: Jumpluff\n|-start|p1a: Jumpluff|Substitute\n|-damage|p1a: Jumpluff|95/271\n|move|p2a: Umbreon|Foul Play|p1a: Jumpluff\n|-end|p1a: Jumpluff|Substitute\n|\n|-damage|p2a: Umbreon|223/297|[from] Leech Seed|[of] p1a: Jumpluff\n|-heal|p1a: Jumpluff|132/271|[silent]\n|upkeep\n|turn|15\n|\n|t:|1781411413\n|move|p1a: Jumpluff|Substitute|p1a: Jumpluff\n|-start|p1a: Jumpluff|Substitute\n|-damage|p1a: Jumpluff|65/271\n|move|p2a: Umbreon|Foul Play|p1a: Jumpluff\n|-end|p1a: Jumpluff|Substitute\n|\n|-damage|p2a: Umbreon|186/297|[from] Leech Seed|[of] p1a: Jumpluff\n|-heal|p1a: Jumpluff|102/271|[silent]\n|upkeep\n|turn|16\n|\n|t:|1781411416\n|move|p1a: Jumpluff|Strength Sap|p2a: Umbreon\n|-unboost|p2a: Umbreon|atk|1\n|-heal|p1a: Jumpluff|216/271\n|move|p2a: Umbreon|Foul Play|p1a: Jumpluff\n|-damage|p1a: Jumpluff|137/271\n|\n|-damage|p2a: Umbreon|149/297|[from] Leech Seed|[of] p1a: Jumpluff\n|-heal|p1a: Jumpluff|174/271|[silent]\n|upkeep\n|turn|17\n|\n|t:|1781411422\n|switch|p2a: Oranguru|Oranguru, L92, M|315/315\n|move|p1a: Jumpluff|Substitute|p1a: Jumpluff\n|-start|p1a: Jumpluff|Substitute\n|-damage|p1a: Jumpluff|107/271\n|\n|upkeep\n|turn|18\n|\n|t:|1781411429\n|switch|p1a: Tentacruel|Tentacruel, L84, M|272/272\n|move|p2a: Oranguru|Thunderbolt|p1a: Tentacruel\n|-supereffective|p1a: Tentacruel\n|-damage|p1a: Tentacruel|196/272\n|\n|upkeep\n|turn|19\n|\n|t:|1781411436\n|move|p1a: Tentacruel|Flip Turn|p2a: Oranguru\n|-damage|p2a: Oranguru|270/315\n|\n|t:|1781411438\n|switch|p1a: Bombirdier|Bombirdier, L85, F|172/258|[from] Flip Turn\n|move|p2a: Oranguru|Nasty Plot|p2a: Oranguru\n|-boost|p2a: Oranguru|spa|2\n|\n|-heal|p2a: Oranguru|289/315|[from] item: Leftovers\n|upkeep\n|turn|20\n|\n|t:|1781411444\n|move|p1a: Bombirdier|Knock Off|p2a: Oranguru\n|-supereffective|p2a: Oranguru\n|-damage|p2a: Oranguru|59/315\n|-enditem|p2a: Oranguru|Leftovers|[from] move: Knock Off|[of] p1a: Bombirdier\n|move|p2a: Oranguru|Thunderbolt|p1a: Bombirdier\n|-supereffective|p1a: Bombirdier\n|-damage|p1a: Bombirdier|0 fnt\n|faint|p1a: Bombirdier\n|\n|upkeep\n|\n|t:|1781411452\n|switch|p1a: Tentacruel|Tentacruel, L84, M|196/272\n|turn|21\n|\n|t:|1781411462\n|move|p1a: Tentacruel|Sludge Bomb|p2a: Oranguru\n|-damage|p2a: Oranguru|0 fnt\n|faint|p2a: Oranguru\n|\n|upkeep\n|\n|t:|1781411477\n|switch|p2a: Raging Bolt|Raging Bolt, L78|323/323\n|-enditem|p2a: Raging Bolt|Booster Energy\n|-activate|p2a: Raging Bolt|ability: Protosynthesis|[fromitem]\n|-start|p2a: Raging Bolt|protosynthesisspa\n|turn|22\n|\n|t:|1781411484\n|move|p1a: Tentacruel|Flip Turn|p2a: Raging Bolt\n|-resisted|p2a: Raging Bolt\n|-damage|p2a: Raging Bolt|298/323\n|\n|t:|1781411488\n|switch|p1a: Ursaluna|Ursaluna-Bloodmoon, L79, M|308/308|[from] Flip Turn\n|move|p2a: Raging Bolt|Calm Mind|p2a: Raging Bolt\n|-boost|p2a: Raging Bolt|spa|1\n|-boost|p2a: Raging Bolt|spd|1\n|\n|upkeep\n|turn|23\n|\n|t:|1781411510\n|switch|p1a: Jumpluff|Jumpluff, L87, M|107/271\n|move|p2a: Raging Bolt|Calm Mind|p2a: Raging Bolt\n|-boost|p2a: Raging Bolt|spa|1\n|-boost|p2a: Raging Bolt|spd|1\n|\n|upkeep\n|turn|24\n|\n|t:|1781411520\n|move|p1a: Jumpluff|Substitute|p1a: Jumpluff\n|-start|p1a: Jumpluff|Substitute\n|-damage|p1a: Jumpluff|40/271\n|move|p2a: Raging Bolt|Dragon Pulse|p1a: Jumpluff\n|-end|p1a: Jumpluff|Substitute\n|\n|upkeep\n|turn|25\n|\n|t:|1781411524\n|move|p1a: Jumpluff|Leech Seed|p2a: Raging Bolt\n|-start|p2a: Raging Bolt|move: Leech Seed\n|move|p2a: Raging Bolt|Dragon Pulse|p1a: Jumpluff\n|-damage|p1a: Jumpluff|0 fnt\n|faint|p1a: Jumpluff\n|\n|upkeep\n|\n|t:|1781411530\n|switch|p1a: Ursaluna|Ursaluna-Bloodmoon, L79, M|308/308\n|turn|26\n|\n|t:|1781411534\n|move|p2a: Raging Bolt|Dragon Pulse|p1a: Ursaluna\n|-damage|p1a: Ursaluna|0 fnt\n|faint|p1a: Ursaluna\n|\n|upkeep\n|\n|t:|1781411538\n|switch|p1a: Zebstrika|Zebstrika, L87, M|272/272\n|turn|27\n|\n|t:|1781411547\n|-terastallize|p1a: Zebstrika|Ground\n|-terastallize|p2a: Raging Bolt|Fairy\n|move|p1a: Zebstrika|High Horsepower|p2a: Raging Bolt\n|-damage|p2a: Raging Bolt|156/323\n|-damage|p1a: Zebstrika|245/272|[from] item: Life Orb\n|move|p2a: Raging Bolt|Dragon Pulse|p1a: Zebstrika\n|-damage|p1a: Zebstrika|0 fnt\n|faint|p1a: Zebstrika\n|\n|upkeep\n|-message|AllCuzOfHax forfeited.\n|\n|win|MMF6G\n", "uploadtime": 1781411181, "views": 3, "formatid": "gen9randombattle", "rating": null, "private": 0, "password": null}