{"id": "gen9randombattle-2631742511", "format": "[Gen 9] Random Battle", "players": ["L4V", "paddyd121"], "log": "|j|\u2606L4V\n|j|\u2606paddyd121\n|t:|1781432245\n|gametype|singles\n|player|p1|L4V|psychic-gen6|1927\n|player|p2|paddyd121|ethan|1921\n|gen|9\n|tier|[Gen 9] Random Battle\n|rated|\n|rule|Species Clause: Limit one of each Pok\u00e9mon\n|rule|HP Percentage Mod: HP is shown in percentages\n|rule|Sleep Clause Mod: Limit one foe put to sleep\n|rule|Illusion Level Mod: Illusion disguises the Pok\u00e9mon's true level\n|\n|t:|1781432245\n|teamsize|p1|6\n|teamsize|p2|6\n|start\n|switch|p1a: Polteageist|Polteageist-Antique, L78|222/222\n|switch|p2a: Virizion|Virizion, L82|283/283\n|turn|1\n|inactive|Battle timer is ON: inactive players will automatically lose when time's up. (requested by L4V)\n|\n|t:|1781432257\n|switch|p2a: Incineroar|Incineroar, L82, F|290/290\n|-ability|p2a: Incineroar|Intimidate|boost\n|-unboost|p1a: Polteageist|atk|1\n|-enditem|p1a: Polteageist|White Herb\n|-clearnegativeboost|p1a: Polteageist|[silent]\n|move|p1a: Polteageist|Shell Smash|p1a: Polteageist\n|-unboost|p1a: Polteageist|def|1\n|-unboost|p1a: Polteageist|spd|1\n|-boost|p1a: Polteageist|atk|2\n|-boost|p1a: Polteageist|spa|2\n|-boost|p1a: Polteageist|spe|2\n|\n|upkeep\n|turn|2\n|\n|t:|1781432270\n|move|p1a: Polteageist|Shadow Ball|p2a: Incineroar\n|-resisted|p2a: Incineroar\n|-damage|p2a: Incineroar|199/290\n|move|p2a: Incineroar|Knock Off|p1a: Polteageist\n|-supereffective|p1a: Polteageist\n|-damage|p1a: Polteageist|0 fnt\n|faint|p1a: Polteageist\n|\n|upkeep\n|\n|t:|1781432280\n|switch|p1a: Gastrodon|Gastrodon-East, L86, F|331/331\n|turn|3\n|inactive|paddyd121 has 120 seconds left.\n|\n|t:|1781432318\n|move|p2a: Incineroar|Parting Shot|p1a: Gastrodon\n|-unboost|p1a: Gastrodon|atk|1\n|-unboost|p1a: Gastrodon|spa|1\n|\n|t:|1781432320\n|switch|p2a: Virizion|Virizion, L82|283/283|[from] Parting Shot\n|move|p1a: Gastrodon|Earthquake|p2a: Virizion\n|-resisted|p2a: Virizion\n|-damage|p2a: Virizion|242/283\n|\n|upkeep\n|turn|4\n|\n|t:|1781432329\n|switch|p1a: Iron Moth|Iron Moth, L78|253/253\n|move|p2a: Virizion|Close Combat|p1a: Iron Moth\n|-resisted|p1a: Iron Moth\n|-damage|p1a: Iron Moth|150/253\n|-unboost|p2a: Virizion|def|1\n|-unboost|p2a: Virizion|spd|1\n|-damage|p2a: Virizion|214/283|[from] item: Life Orb\n|\n|upkeep\n|turn|5\n|\n|t:|1781432339\n|switch|p2a: Incineroar|Incineroar, L82, F|199/290\n|-ability|p2a: Incineroar|Intimidate|boost\n|-unboost|p1a: Iron Moth|atk|1\n|move|p1a: Iron Moth|Sludge Wave|p2a: Incineroar\n|-damage|p2a: Incineroar|82/290\n|\n|upkeep\n|turn|6\n|\n|t:|1781432344\n|move|p1a: Iron Moth|Sludge Wave|p2a: Incineroar\n|-damage|p2a: Incineroar|0 fnt\n|faint|p2a: Incineroar\n|\n|upkeep\n|\n|t:|1781432352\n|switch|p2a: Oricorio|Oricorio-Pa'u, L87, F|272/272\n|turn|7\n|\n|t:|1781432362\n|-end|p1a: Iron Moth|Quark Drive|[silent]\n|switch|p1a: Zangoose|Zangoose, L85, F|263/263\n|move|p2a: Oricorio|Quiver Dance|p2a: Oricorio\n|-boost|p2a: Oricorio|spa|1\n|-boost|p2a: Oricorio|spd|1\n|-boost|p2a: Oricorio|spe|1\n|\n|-status|p1a: Zangoose|tox|[from] item: Toxic Orb\n|upkeep\n|turn|8\n|\n|t:|1781432372\n|-terastallize|p2a: Oricorio|Fighting\n|move|p2a: Oricorio|Revelation Dance|p1a: Zangoose\n|-supereffective|p1a: Zangoose\n|-damage|p1a: Zangoose|0 fnt\n|faint|p1a: Zangoose\n|\n|upkeep\n|\n|t:|1781432385\n|switch|p1a: Ceruledge|Ceruledge, L78, F|245/245\n|turn|9\n|\n|t:|1781432393\n|switch|p2a: Inteleon|Inteleon, L81, M|246/246\n|move|p1a: Ceruledge|Bitter Blade|p2a: Inteleon\n|-resisted|p2a: Inteleon\n|-damage|p2a: Inteleon|176/246\n|\n|upkeep\n|turn|10\n|\n|t:|1781432411\n|switch|p1a: Gastrodon|Gastrodon-East, L86, F|331/331\n|move|p2a: Inteleon|U-turn|p1a: Gastrodon\n|-damage|p1a: Gastrodon|280/331\n|\n|t:|1781432416\n|switch|p2a: Smeargle|Smeargle, L95, M|258/258|[from] U-turn\n|\n|-heal|p1a: Gastrodon|300/331|[from] item: Leftovers\n|upkeep\n|turn|11\n|\n|t:|1781432427\n|move|p2a: Smeargle|Spore|p1a: Gastrodon\n|-status|p1a: Gastrodon|slp|[from] move: Spore\n|cant|p1a: Gastrodon|slp\n|\n|-heal|p1a: Gastrodon|320/331 slp|[from] item: Leftovers\n|upkeep\n|turn|12\n|\n|t:|1781432439\n|switch|p1a: Ambipom|Ambipom, L84, M|263/263\n|move|p2a: Smeargle|Sticky Web|p1a: Ambipom\n|-sidestart|p1: L4V|move: Sticky Web\n|\n|upkeep\n|turn|13\n|\n|t:|1781432450\n|switch|p2a: Roaring Moon|Roaring Moon, L72|270/270\n|-enditem|p2a: Roaring Moon|Booster Energy\n|-activate|p2a: Roaring Moon|ability: Protosynthesis|[fromitem]\n|-start|p2a: Roaring Moon|protosynthesisatk\n|move|p1a: Ambipom|Double-Edge|p2a: Roaring Moon\n|-damage|p2a: Roaring Moon|18/270\n|-damage|p1a: Ambipom|180/263|[from] Recoil\n|\n|upkeep\n|turn|14\n|\n|t:|1781432457\n|move|p1a: Ambipom|Double-Edge|p2a: Roaring Moon\n|-damage|p2a: Roaring Moon|0 fnt\n|faint|p2a: Roaring Moon\n|-end|p2a: Roaring Moon|Protosynthesis|[silent]\n|-damage|p1a: Ambipom|174/263|[from] Recoil\n|\n|upkeep\n|\n|t:|1781432475\n|switch|p2a: Oricorio|Oricorio-Pa'u, L87, F, tera:Fighting|272/272\n|turn|15\n|\n|t:|1781432481\n|move|p1a: Ambipom|Double-Edge|p2a: Oricorio\n|-damage|p2a: Oricorio|56/272\n|-damage|p1a: Ambipom|103/263|[from] Recoil\n|move|p2a: Oricorio|Quiver Dance|p2a: Oricorio\n|-boost|p2a: Oricorio|spa|1\n|-boost|p2a: Oricorio|spd|1\n|-boost|p2a: Oricorio|spe|1\n|\n|upkeep\n|turn|16\n|\n|t:|1781432488\n|move|p2a: Oricorio|Revelation Dance|p1a: Ambipom\n|-supereffective|p1a: Ambipom\n|-damage|p1a: Ambipom|0 fnt\n|faint|p1a: Ambipom\n|\n|upkeep\n|\n|t:|1781432491\n|switch|p1a: Ceruledge|Ceruledge, L78, F|245/245\n|turn|17\n|\n|t:|1781432508\n|move|p2a: Oricorio|Hurricane|p1a: Ceruledge\n|-damage|p1a: Ceruledge|47/245\n|move|p1a: Ceruledge|Bitter Blade|p2a: Oricorio\n|-damage|p2a: Oricorio|0 fnt\n|-heal|p1a: Ceruledge|75/245|[from] drain|[of] p2a: Oricorio\n|faint|p2a: Oricorio\n|\n|upkeep\n|\n|t:|1781432515\n|switch|p2a: Smeargle|Smeargle, L95, M|258/258\n|turn|18\n|\n|t:|1781432522\n|switch|p2a: Inteleon|Inteleon, L81, M|176/246\n|move|p1a: Ceruledge|Close Combat|p2a: Inteleon\n|-damage|p2a: Inteleon|55/246\n|-unboost|p1a: Ceruledge|def|1\n|-unboost|p1a: Ceruledge|spd|1\n|\n|upkeep\n|turn|19\n|\n|t:|1781432530\n|move|p2a: Inteleon|Ice Beam|p1a: Ceruledge\n|-resisted|p1a: Ceruledge\n|-damage|p1a: Ceruledge|2/245\n|move|p1a: Ceruledge|Bitter Blade|p2a: Inteleon\n|-resisted|p2a: Inteleon\n|-crit|p2a: Inteleon\n|-damage|p2a: Inteleon|0 fnt\n|-heal|p1a: Ceruledge|30/245|[from] drain|[of] p2a: Inteleon\n|faint|p2a: Inteleon\n|\n|upkeep\n|\n|t:|1781432535\n|switch|p2a: Virizion|Virizion, L82|214/283\n|turn|20\n|\n|t:|1781432542\n|move|p2a: Virizion|Leaf Blade|p1a: Ceruledge\n|-resisted|p1a: Ceruledge\n|-damage|p1a: Ceruledge|0 fnt\n|faint|p1a: Ceruledge\n|-damage|p2a: Virizion|186/283|[from] item: Life Orb\n|\n|upkeep\n|\n|t:|1781432544\n|switch|p1a: Iron Moth|Iron Moth, L78|150/253\n|turn|21\n|\n|t:|1781432553\n|-terastallize|p1a: Iron Moth|Grass\n|move|p2a: Virizion|Stone Edge|p1a: Iron Moth\n|-damage|p1a: Iron Moth|41/253\n|-damage|p2a: Virizion|158/283|[from] item: Life Orb\n|move|p1a: Iron Moth|Fire Blast|p2a: Virizion\n|-supereffective|p2a: Virizion\n|-damage|p2a: Virizion|0 fnt\n|faint|p2a: Virizion\n|\n|upkeep\n|\n|t:|1781432557\n|switch|p2a: Smeargle|Smeargle, L95, M|258/258\n|turn|22\n|\n|t:|1781432563\n|move|p1a: Iron Moth|Morning Sun|p1a: Iron Moth\n|-heal|p1a: Iron Moth|167/253\n|move|p2a: Smeargle|Ceaseless Edge|p1a: Iron Moth\n|-damage|p1a: Iron Moth|135/253\n|-sidestart|p1: L4V|Spikes\n|\n|upkeep\n|turn|23\n|-message|paddyd121 forfeited.\n|\n|win|L4V\n", "uploadtime": 1781432246, "views": 3, "formatid": "gen9randombattle", "rating": null, "private": 0, "password": null}