{"id": "gen9randombattle-2631737454", "format": "[Gen 9] Random Battle", "players": ["Crysys1", "EnthusiastAmateur"], "log": "|j|\u2606Crysys1\n|j|\u2606EnthusiastAmateur\n|t:|1781431346\n|gametype|singles\n|player|p1|Crysys1|265|2136\n|player|p2|EnthusiastAmateur|266|2088\n|gen|9\n|tier|[Gen 9] Random Battle\n|rated|\n|rule|Species Clause: Limit one of each Pok\u00e9mon\n|rule|HP Percentage Mod: HP is shown in percentages\n|rule|Sleep Clause Mod: Limit one foe put to sleep\n|rule|Illusion Level Mod: Illusion disguises the Pok\u00e9mon's true level\n|\n|t:|1781431346\n|teamsize|p1|6\n|teamsize|p2|6\n|start\n|switch|p1a: Scizor|Scizor, L79, M|240/240\n|switch|p2a: Gumshoos|Gumshoos, L95, M|321/321\n|turn|1\n|inactive|Battle timer is ON: inactive players will automatically lose when time's up. (requested by EnthusiastAmateur)\n|inactive|EnthusiastAmateur has 120 seconds left.\n|\n|t:|1781431383\n|move|p1a: Scizor|Close Combat|p2a: Gumshoos\n|-supereffective|p2a: Gumshoos\n|-damage|p2a: Gumshoos|0 fnt\n|-unboost|p1a: Scizor|def|1\n|-unboost|p1a: Scizor|spd|1\n|faint|p2a: Gumshoos\n|\n|upkeep\n|\n|t:|1781431387\n|switch|p2a: Vespiquen|Vespiquen, L99, F|299/299\n|-ability|p2a: Vespiquen|Pressure\n|turn|2\n|\n|t:|1781431417\n|switch|p1a: Zebstrika|Zebstrika, L87, M|272/272\n|move|p2a: Vespiquen|Spikes|p1a: Zebstrika\n|-sidestart|p1: Crysys1|Spikes\n|\n|upkeep\n|turn|3\n|\n|t:|1781431440\n|switch|p2a: Tyranitar|Tyranitar, L78, F|284/284\n|-weather|Sandstorm|[from] ability: Sand Stream|[of] p2a: Tyranitar\n|move|p1a: Zebstrika|Overheat|p2a: Tyranitar\n|-resisted|p2a: Tyranitar\n|-damage|p2a: Tyranitar|249/284\n|-unboost|p1a: Zebstrika|spa|2\n|-damage|p1a: Zebstrika|245/272|[from] item: Life Orb\n|\n|-weather|Sandstorm|[upkeep]\n|-damage|p1a: Zebstrika|228/272|[from] Sandstorm\n|upkeep\n|turn|4\n|\n|t:|1781431453\n|move|p1a: Zebstrika|High Horsepower|p2a: Tyranitar\n|-supereffective|p2a: Tyranitar\n|-damage|p2a: Tyranitar|62/284\n|-enditem|p2a: Tyranitar|Weakness Policy\n|-boost|p2a: Tyranitar|atk|2|[from] item: Weakness Policy\n|-boost|p2a: Tyranitar|spa|2|[from] item: Weakness Policy\n|-damage|p1a: Zebstrika|201/272|[from] item: Life Orb\n|move|p2a: Tyranitar|Knock Off|p1a: Zebstrika\n|-damage|p1a: Zebstrika|0 fnt\n|-enditem|p1a: Zebstrika|Life Orb|[from] move: Knock Off|[of] p2a: Tyranitar\n|faint|p1a: Zebstrika\n|\n|-weather|Sandstorm|[upkeep]\n|upkeep\n|\n|t:|1781431461\n|switch|p1a: Basculin|Basculin, L86, M|261/261\n|-damage|p1a: Basculin|229/261|[from] Spikes\n|turn|5\n|\n|t:|1781431470\n|move|p1a: Basculin|Flip Turn|p2a: Tyranitar\n|-supereffective|p2a: Tyranitar\n|-damage|p2a: Tyranitar|0 fnt\n|faint|p2a: Tyranitar\n|\n|t:|1781431474\n|switch|p1a: Morpeko|Morpeko, L88, M|245/245|[from] Flip Turn\n|\n|-weather|Sandstorm|[upkeep]\n|-damage|p1a: Morpeko|230/245|[from] Sandstorm\n|-formechange|p1a: Morpeko|Morpeko-Hangry||[from] ability: Hunger Switch\n|upkeep\n|\n|t:|1781431494\n|switch|p2a: Falinks|Falinks, L84|246/246\n|turn|6\n|\n|t:|1781431509\n|move|p1a: Morpeko|Rapid Spin|p2a: Falinks\n|-damage|p2a: Falinks|213/246\n|-boost|p1a: Morpeko|spe|1\n|-sideend|p1: Crysys1|Spikes|[from] move: Rapid Spin|[of] p1a: Morpeko\n|move|p2a: Falinks|Close Combat|p1a: Morpeko\n|-supereffective|p1a: Morpeko\n|-damage|p1a: Morpeko|0 fnt\n|-unboost|p2a: Falinks|def|1\n|-unboost|p2a: Falinks|spd|1\n|faint|p1a: Morpeko\n|-damage|p2a: Falinks|189/246|[from] item: Life Orb\n|\n|-weather|Sandstorm|[upkeep]\n|-damage|p2a: Falinks|174/246|[from] Sandstorm\n|upkeep\n|\n|t:|1781431514\n|switch|p1a: Basculin|Basculin, L86, M|229/261\n|turn|7\n|\n|t:|1781431525\n|move|p1a: Basculin|Wave Crash|p2a: Falinks\n|-damage|p2a: Falinks|0 fnt\n|faint|p2a: Falinks\n|-damage|p1a: Basculin|172/261|[from] Recoil\n|\n|-weather|none\n|upkeep\n|\n|t:|1781431530\n|switch|p2a: Vespiquen|Vespiquen, L99, F|299/299\n|-ability|p2a: Vespiquen|Pressure\n|turn|8\n|\n|t:|1781431545\n|move|p1a: Basculin|Wave Crash|p2a: Vespiquen\n|-damage|p2a: Vespiquen|119/299\n|-damage|p1a: Basculin|113/261|[from] Recoil\n|move|p2a: Vespiquen|Hurricane|p1a: Basculin\n|-damage|p1a: Basculin|0 fnt\n|faint|p1a: Basculin\n|\n|upkeep\n|\n|t:|1781431552\n|switch|p1a: Cloyster|Cloyster, L80, M|211/211\n|turn|9\n|\n|t:|1781431558\n|move|p1a: Cloyster|Icicle Spear|p2a: Vespiquen\n|-supereffective|p2a: Vespiquen\n|-damage|p2a: Vespiquen|81/299\n|-supereffective|p2a: Vespiquen\n|-damage|p2a: Vespiquen|43/299\n|-supereffective|p2a: Vespiquen\n|-damage|p2a: Vespiquen|5/299\n|-supereffective|p2a: Vespiquen\n|-damage|p2a: Vespiquen|0 fnt\n|faint|p2a: Vespiquen\n|-hitcount|p2: Vespiquen|4\n|\n|upkeep\n|\n|t:|1781431587\n|switch|p2a: Slither Wing|Slither Wing, L81|270/270\n|-enditem|p2a: Slither Wing|Booster Energy\n|-activate|p2a: Slither Wing|ability: Protosynthesis|[fromitem]\n|-start|p2a: Slither Wing|protosynthesisatk\n|turn|10\n|\n|t:|1781431595\n|switch|p1a: Latios|Latios, L78, M|253/253\n|move|p2a: Slither Wing|Bulk Up|p2a: Slither Wing\n|-boost|p2a: Slither Wing|atk|1\n|-boost|p2a: Slither Wing|def|1\n|\n|upkeep\n|turn|11\n|\n|t:|1781431608\n|move|p1a: Latios|Luster Purge|p2a: Slither Wing\n|-supereffective|p2a: Slither Wing\n|-damage|p2a: Slither Wing|30/270\n|-unboost|p2a: Slither Wing|spd|1\n|move|p2a: Slither Wing|Leech Life|p1a: Latios\n|-supereffective|p1a: Latios\n|-damage|p1a: Latios|0 fnt\n|-heal|p2a: Slither Wing|157/270|[from] drain|[of] p1a: Latios\n|faint|p1a: Latios\n|\n|upkeep\n|\n|t:|1781431617\n|switch|p1a: Scizor|Scizor, L79, M|240/240\n|turn|12\n|\n|t:|1781431632\n|move|p1a: Scizor|Bullet Punch|p2a: Slither Wing\n|-damage|p2a: Slither Wing|75/270\n|move|p2a: Slither Wing|Bulk Up|p2a: Slither Wing\n|-boost|p2a: Slither Wing|atk|1\n|-boost|p2a: Slither Wing|def|1\n|\n|upkeep\n|turn|13\n|inactive|EnthusiastAmateur has 120 seconds left.\n|\n|t:|1781431671\n|-terastallize|p2a: Slither Wing|Electric\n|-terastallize|p1a: Scizor|Steel\n|move|p1a: Scizor|Bullet Punch|p2a: Slither Wing\n|-resisted|p2a: Slither Wing\n|-damage|p2a: Slither Wing|36/270\n|move|p2a: Slither Wing|Leech Life|p1a: Scizor\n|-resisted|p1a: Scizor\n|-damage|p1a: Scizor|108/240\n|-heal|p2a: Slither Wing|102/270|[from] drain|[of] p1a: Scizor\n|\n|upkeep\n|turn|14\n|-message|Crysys1 forfeited.\n|\n|win|EnthusiastAmateur\n", "uploadtime": 1781431349, "views": 5, "formatid": "gen9randombattle", "rating": null, "private": 0, "password": null}