{"id": "gen9randombattle-2631886876", "format": "[Gen 9] Random Battle", "players": ["hendoa", "ripdy"], "log": "|j|\u2606hendoa\n|j|\u2606ripdy\n|t:|1781452135\n|gametype|singles\n|player|p1|hendoa|cyrus|1378\n|player|p2|ripdy|169|1418\n|gen|9\n|tier|[Gen 9] Random Battle\n|rated|\n|rule|Species Clause: Limit one of each Pok\u00e9mon\n|rule|HP Percentage Mod: HP is shown in percentages\n|rule|Sleep Clause Mod: Limit one foe put to sleep\n|rule|Illusion Level Mod: Illusion disguises the Pok\u00e9mon's true level\n|\n|t:|1781452135\n|teamsize|p1|6\n|teamsize|p2|6\n|start\n|switch|p1a: Emboar|Emboar, L84, M|322/322\n|switch|p2a: Archaludon|Archaludon, L78, M|268/268\n|turn|1\n|inactive|Battle timer is ON: inactive players will automatically lose when time's up. (requested by ripdy)\n|\n|t:|1781452148\n|switch|p2a: Kilowattrel|Kilowattrel, L83, F|252/252\n|move|p1a: Emboar|Drain Punch|p2a: Kilowattrel\n|-resisted|p2a: Kilowattrel\n|-damage|p2a: Kilowattrel|185/252\n|\n|upkeep\n|turn|2\n|\n|t:|1781452168\n|switch|p1a: Klawf|Klawf, L90, F|272/272\n|move|p2a: Kilowattrel|U-turn|p1a: Klawf\n|-damage|p1a: Klawf|242/272\n|\n|t:|1781452176\n|switch|p2a: Archaludon|Archaludon, L78, M|268/268|[from] U-turn\n|\n|upkeep\n|turn|3\n|\n|t:|1781452200\n|switch|p1a: Emboar|Emboar, L84, M|322/322\n|move|p2a: Archaludon|Dragon Tail|p1a: Emboar\n|-damage|p1a: Emboar|250/322\n|drag|p1a: Mesprit|Mesprit, L85|275/275\n|\n|upkeep\n|turn|4\n|\n|t:|1781452214\n|move|p1a: Mesprit|Thunder Wave|p2a: Archaludon\n|-status|p2a: Archaludon|par\n|move|p2a: Archaludon|Flash Cannon|p1a: Mesprit\n|-damage|p1a: Mesprit|196/275\n|-unboost|p1a: Mesprit|spd|1\n|\n|-heal|p1a: Mesprit|213/275|[from] item: Leftovers\n|upkeep\n|turn|5\n|\n|t:|1781452224\n|switch|p1a: Emboar|Emboar, L84, M|250/322\n|move|p2a: Archaludon|Dragon Tail|p1a: Emboar\n|-damage|p1a: Emboar|181/322\n|drag|p1a: Skarmory|Skarmory, L80, F|235/235\n|\n|upkeep\n|turn|6\n|\n|t:|1781452234\n|switch|p2a: Kilowattrel|Kilowattrel, L83, F|185/252\n|move|p1a: Skarmory|Stealth Rock|p2a: Kilowattrel\n|-sidestart|p2: ripdy|move: Stealth Rock\n|\n|upkeep\n|turn|7\n|\n|t:|1781452250\n|switch|p1a: Mesprit|Mesprit, L85|213/275\n|move|p2a: Kilowattrel|Thunderbolt|p1a: Mesprit\n|-damage|p1a: Mesprit|123/275\n|\n|-heal|p1a: Mesprit|140/275|[from] item: Leftovers\n|upkeep\n|turn|8\n|\n|t:|1781452259\n|move|p2a: Kilowattrel|U-turn|p1a: Mesprit\n|-supereffective|p1a: Mesprit\n|-damage|p1a: Mesprit|76/275\n|\n|t:|1781452262\n|switch|p2a: Archaludon|Archaludon, L78, M|268/268 par|[from] U-turn\n|-damage|p2a: Archaludon|252/268 par|[from] Stealth Rock\n|move|p1a: Mesprit|Knock Off|p2a: Archaludon\n|-damage|p2a: Archaludon|189/268 par\n|-ability|p2a: Archaludon|Stamina|boost\n|-boost|p2a: Archaludon|def|1\n|-enditem|p2a: Archaludon|Assault Vest|[from] move: Knock Off|[of] p1a: Mesprit\n|\n|-heal|p1a: Mesprit|93/275|[from] item: Leftovers\n|upkeep\n|turn|9\n|\n|t:|1781452281\n|switch|p1a: Skarmory|Skarmory, L80, F|235/235\n|cant|p2a: Archaludon|par\n|\n|upkeep\n|turn|10\n|\n|t:|1781452287\n|move|p1a: Skarmory|Spikes|p2a: Archaludon\n|-sidestart|p2: ripdy|Spikes\n|move|p2a: Archaludon|Dragon Tail|p1a: Skarmory\n|-resisted|p1a: Skarmory\n|-damage|p1a: Skarmory|214/235\n|-damage|p2a: Archaludon|145/268 par|[from] item: Rocky Helmet|[of] p1a: Skarmory\n|drag|p1a: Dudunsparce|Dudunsparce-Three-Segment, L83, M|343/343\n|\n|upkeep\n|turn|11\n|\n|t:|1781452295\n|move|p1a: Dudunsparce|Earthquake|p2a: Archaludon\n|-supereffective|p2a: Archaludon\n|-damage|p2a: Archaludon|63/268 par\n|-ability|p2a: Archaludon|Stamina|boost\n|-boost|p2a: Archaludon|def|1\n|move|p2a: Archaludon|Body Press|p1a: Dudunsparce\n|-supereffective|p1a: Dudunsparce\n|-damage|p1a: Dudunsparce|61/343\n|\n|-heal|p1a: Dudunsparce|82/343|[from] item: Leftovers\n|upkeep\n|turn|12\n|\n|t:|1781452309\n|-terastallize|p1a: Dudunsparce|Ghost\n|move|p1a: Dudunsparce|Roost|p1a: Dudunsparce\n|-heal|p1a: Dudunsparce|254/343\n|move|p2a: Archaludon|Body Press|p1a: Dudunsparce\n|-immune|p1a: Dudunsparce\n|\n|-heal|p1a: Dudunsparce|275/343|[from] item: Leftovers\n|upkeep\n|turn|13\n|\n|t:|1781452319\n|move|p1a: Dudunsparce|Earthquake|p2a: Archaludon\n|-supereffective|p2a: Archaludon\n|-damage|p2a: Archaludon|7/268 par\n|-ability|p2a: Archaludon|Stamina|boost\n|-boost|p2a: Archaludon|def|1\n|move|p2a: Archaludon|Draco Meteor|p1a: Dudunsparce\n|-damage|p1a: Dudunsparce|101/343\n|-unboost|p2a: Archaludon|spa|2\n|\n|-heal|p1a: Dudunsparce|122/343|[from] item: Leftovers\n|upkeep\n|turn|14\n|\n|t:|1781452330\n|move|p1a: Dudunsparce|Roost|p1a: Dudunsparce\n|-heal|p1a: Dudunsparce|294/343\n|cant|p2a: Archaludon|par\n|\n|-heal|p1a: Dudunsparce|315/343|[from] item: Leftovers\n|upkeep\n|turn|15\n|\n|t:|1781452339\n|move|p1a: Dudunsparce|Earthquake|p2a: Archaludon\n|-supereffective|p2a: Archaludon\n|-damage|p2a: Archaludon|0 fnt\n|faint|p2a: Archaludon\n|\n|-heal|p1a: Dudunsparce|336/343|[from] item: Leftovers\n|upkeep\n|\n|t:|1781452352\n|switch|p2a: Crabominable|Crabominable, L90, F|321/321\n|-damage|p2a: Crabominable|281/321|[from] Stealth Rock\n|-damage|p2a: Crabominable|241/321|[from] Spikes\n|turn|16\n|\n|t:|1781452364\n|move|p1a: Dudunsparce|Headbutt|p2a: Crabominable\n|-damage|p2a: Crabominable|166/321\n|move|p2a: Crabominable|Ice Hammer|p1a: Dudunsparce\n|-damage|p1a: Dudunsparce|5/343\n|-unboost|p2a: Crabominable|spe|1\n|\n|-heal|p1a: Dudunsparce|26/343|[from] item: Leftovers\n|upkeep\n|turn|17\n|\n|t:|1781452375\n|switch|p2a: Kilowattrel|Kilowattrel, L83, F|185/252\n|move|p1a: Dudunsparce|Headbutt|p2a: Kilowattrel\n|-damage|p2a: Kilowattrel|92/252\n|\n|-heal|p1a: Dudunsparce|47/343|[from] item: Leftovers\n|upkeep\n|turn|18\n|\n|t:|1781452386\n|switch|p1a: Mesprit|Mesprit, L85|93/275\n|move|p2a: Kilowattrel|Thunderbolt|p1a: Mesprit\n|-damage|p1a: Mesprit|2/275\n|-status|p1a: Mesprit|par\n|\n|-heal|p1a: Mesprit|19/275 par|[from] item: Leftovers\n|upkeep\n|turn|19\n|\n|t:|1781452395\n|move|p2a: Kilowattrel|Thunderbolt|p1a: Mesprit\n|-damage|p1a: Mesprit|0 fnt\n|faint|p1a: Mesprit\n|\n|upkeep\n|\n|t:|1781452406\n|switch|p1a: Klawf|Klawf, L90, F|272/272\n|turn|20\n|\n|t:|1781452415\n|move|p1a: Klawf|Knock Off|p2a: Kilowattrel\n|-damage|p2a: Kilowattrel|0 fnt\n|-enditem|p2a: Kilowattrel|Heavy-Duty Boots|[from] move: Knock Off|[of] p1a: Klawf\n|faint|p2a: Kilowattrel\n|\n|upkeep\n|\n|t:|1781452420\n|switch|p2a: Crabominable|Crabominable, L90, F|166/321\n|-damage|p2a: Crabominable|126/321|[from] Stealth Rock\n|-damage|p2a: Crabominable|86/321|[from] Spikes\n|turn|21\n|\n|t:|1781452429\n|switch|p1a: Dudunsparce|Dudunsparce-Three-Segment, L83, M, tera:Ghost|47/343\n|move|p2a: Crabominable|Close Combat|p1a: Dudunsparce\n|-immune|p1a: Dudunsparce\n|\n|-heal|p1a: Dudunsparce|68/343|[from] item: Leftovers\n|upkeep\n|turn|22\n|\n|t:|1781452440\n|switch|p2a: Flareon|Flareon, L90, M|263/263\n|-damage|p2a: Flareon|198/263|[from] Stealth Rock\n|-damage|p2a: Flareon|166/263|[from] Spikes\n|move|p1a: Dudunsparce|Headbutt|p2a: Flareon\n|-damage|p2a: Flareon|75/263\n|\n|-heal|p1a: Dudunsparce|89/343|[from] item: Leftovers\n|-status|p2a: Flareon|tox|[from] item: Toxic Orb\n|upkeep\n|turn|23\n|\n|t:|1781452455\n|switch|p1a: Golduck|Golduck, L90, F|290/290\n|-ability|p1a: Golduck|Cloud Nine\n|move|p2a: Flareon|Flare Blitz|p1a: Golduck\n|-resisted|p1a: Golduck\n|-damage|p1a: Golduck|146/290\n|-status|p1a: Golduck|brn\n|-damage|p2a: Flareon|27/263 tox|[from] Recoil\n|\n|-heal|p1a: Golduck|164/290 brn|[from] item: Leftovers\n|-damage|p2a: Flareon|11/263 tox|[from] psn\n|-damage|p1a: Golduck|146/290 brn|[from] brn\n|upkeep\n|turn|24\n|\n|t:|1781452469\n|move|p1a: Golduck|Hydro Pump|p2a: Flareon\n|-supereffective|p2a: Flareon\n|-damage|p2a: Flareon|0 fnt\n|faint|p2a: Flareon\n|\n|-heal|p1a: Golduck|164/290 brn|[from] item: Leftovers\n|-damage|p1a: Golduck|146/290 brn|[from] brn\n|upkeep\n|\n|t:|1781452480\n|switch|p2a: Snorlax|Snorlax, L82, F|397/397\n|-damage|p2a: Snorlax|348/397|[from] Stealth Rock\n|-damage|p2a: Snorlax|299/397|[from] Spikes\n|turn|25\n|-message|ripdy forfeited.\n|\n|win|hendoa\n|raw|hendoa's rating: 1378 &rarr; <strong>1400</strong><br />(+22 for winning)\n|raw|ripdy's rating: 1418 &rarr; <strong>1396</strong><br />(-22 for losing)\n|l|\u2606ripdy\n|player|p2|\n", "uploadtime": 1781452499, "views": 3, "formatid": "gen9randombattle", "rating": 1396, "private": 0, "password": null}