{"id": "gen9randombattle-2631906675", "format": "[Gen 9] Random Battle", "players": ["marper8", "Profschnitzel"], "log": "|j|\u2606marper8\n|j|\u2606Profschnitzel\n|t:|1781454272\n|gametype|singles\n|player|p1|marper8|265|2102\n|player|p2|Profschnitzel|steven|2045\n|gen|9\n|tier|[Gen 9] Random Battle\n|rated|\n|rule|Species Clause: Limit one of each Pok\u00e9mon\n|rule|HP Percentage Mod: HP is shown in percentages\n|rule|Sleep Clause Mod: Limit one foe put to sleep\n|rule|Illusion Level Mod: Illusion disguises the Pok\u00e9mon's true level\n|\n|t:|1781454272\n|teamsize|p1|6\n|teamsize|p2|6\n|start\n|switch|p1a: Vivillon|Vivillon, L83, M|268/268\n|switch|p2a: Dragalge|Dragalge, L88, M|258/258\n|turn|1\n|inactive|Battle timer is ON: inactive players will automatically lose when time's up. (requested by Profschnitzel)\n|\n|t:|1781454283\n|switch|p2a: Snorlax|Snorlax, L82, M|397/397\n|move|p1a: Vivillon|Sleep Powder|p2a: Snorlax\n|-status|p2a: Snorlax|slp|[from] move: Sleep Powder\n|\n|upkeep\n|turn|2\n|\n|t:|1781454290\n|switch|p1a: Dachsbun|Dachsbun, L92, F|254/254\n|cant|p2a: Snorlax|slp\n|move|p2a: Snorlax|Sleep Talk|p2a: Snorlax\n|move|p2a: Snorlax|Rest||[from] move: Sleep Talk|[still]\n|-fail|p2a: Snorlax\n|\n|upkeep\n|turn|3\n|\n|t:|1781454296\n|move|p1a: Dachsbun|Wish|p1a: Dachsbun\n|cant|p2a: Snorlax|slp\n|move|p2a: Snorlax|Sleep Talk|p2a: Snorlax\n|move|p2a: Snorlax|Rest||[from] move: Sleep Talk|[still]\n|-fail|p2a: Snorlax\n|\n|upkeep\n|turn|4\n|\n|t:|1781454301\n|move|p1a: Dachsbun|Body Press|p2a: Snorlax\n|-supereffective|p2a: Snorlax\n|-crit|p2a: Snorlax\n|-damage|p2a: Snorlax|87/397 slp\n|-curestatus|p2a: Snorlax|slp|[msg]\n|move|p2a: Snorlax|Curse|p2a: Snorlax\n|-unboost|p2a: Snorlax|spe|1\n|-boost|p2a: Snorlax|atk|1\n|-boost|p2a: Snorlax|def|1\n|\n|-heal|p2a: Snorlax|111/397|[from] item: Leftovers\n|upkeep\n|turn|5\n|\n|t:|1781454308\n|-terastallize|p2a: Snorlax|Poison\n|move|p1a: Dachsbun|Body Press|p2a: Snorlax\n|-resisted|p2a: Snorlax\n|-damage|p2a: Snorlax|80/397\n|move|p2a: Snorlax|Rest|p2a: Snorlax\n|-status|p2a: Snorlax|slp|[from] move: Rest\n|-heal|p2a: Snorlax|397/397 slp|[silent]\n|\n|upkeep\n|turn|6\n|\n|t:|1781454316\n|switch|p1a: Spiritomb|Spiritomb, L89, F|234/234\n|cant|p2a: Snorlax|slp\n|move|p2a: Snorlax|Sleep Talk|p2a: Snorlax\n|move|p2a: Snorlax|Body Slam|p1a: Spiritomb|[from] move: Sleep Talk\n|-immune|p1a: Spiritomb\n|\n|upkeep\n|turn|7\n|\n|t:|1781454323\n|move|p1a: Spiritomb|Will-O-Wisp||[still]\n|-fail|p1a: Spiritomb\n|cant|p2a: Snorlax|slp\n|move|p2a: Snorlax|Sleep Talk|p2a: Snorlax\n|move|p2a: Snorlax|Curse|p2a: Snorlax|[from] move: Sleep Talk\n|-unboost|p2a: Snorlax|spe|1\n|-boost|p2a: Snorlax|atk|1\n|-boost|p2a: Snorlax|def|1\n|\n|upkeep\n|turn|8\n|\n|t:|1781454339\n|switch|p2a: Charizard|Charizard, L85, M|271/271\n|move|p1a: Spiritomb|Foul Play|p2a: Charizard\n|-damage|p2a: Charizard|163/271\n|\n|upkeep\n|turn|9\n|\n|t:|1781454348\n|switch|p1a: Dachsbun|Dachsbun, L92, F|254/254\n|move|p2a: Charizard|Dragon Dance|p2a: Charizard\n|-boost|p2a: Charizard|atk|1\n|-boost|p2a: Charizard|spe|1\n|\n|upkeep\n|turn|10\n|\n|t:|1781454355\n|move|p2a: Charizard|Dragon Dance|p2a: Charizard\n|-boost|p2a: Charizard|atk|1\n|-boost|p2a: Charizard|spe|1\n|move|p1a: Dachsbun|Wish|p1a: Dachsbun\n|\n|upkeep\n|turn|11\n|\n|t:|1781454359\n|switch|p1a: Volbeat|Volbeat, L90, M|263/263\n|move|p2a: Charizard|Dragon Dance|p2a: Charizard\n|-boost|p2a: Charizard|atk|1\n|-boost|p2a: Charizard|spe|1\n|\n|upkeep\n|turn|12\n|\n|t:|1781454362\n|switch|p2a: Indeedee|Indeedee-F, L90, F|272/272\n|-fieldstart|move: Psychic Terrain|[from] ability: Psychic Surge|[of] p2a: Indeedee\n|move|p1a: Volbeat|Encore|p2a: Indeedee\n|-activate|p2a: Indeedee|move: Psychic Terrain\n|\n|upkeep\n|turn|13\n|\n|t:|1781454368\n|move|p2a: Indeedee|Dazzling Gleam|p1a: Volbeat\n|-damage|p1a: Volbeat|197/263\n|move|p1a: Volbeat|Lunge|p2a: Indeedee\n|-supereffective|p2a: Indeedee\n|-damage|p2a: Indeedee|78/272\n|-unboost|p2a: Indeedee|atk|1\n|\n|upkeep\n|turn|14\n|\n|t:|1781454377\n|switch|p2a: Lunala|Lunala, L70|308/308\n|move|p1a: Volbeat|Lunge|p2a: Lunala\n|-damage|p2a: Lunala|257/308\n|-unboost|p2a: Lunala|atk|1\n|\n|-heal|p2a: Lunala|276/308|[from] item: Leftovers\n|upkeep\n|turn|15\n|\n|t:|1781454380\n|move|p1a: Volbeat|Lunge|p2a: Lunala\n|-damage|p2a: Lunala|180/308\n|-unboost|p2a: Lunala|atk|1\n|move|p2a: Lunala|Calm Mind|p2a: Lunala\n|-boost|p2a: Lunala|spa|1\n|-boost|p2a: Lunala|spd|1\n|\n|-heal|p2a: Lunala|199/308|[from] item: Leftovers\n|upkeep\n|turn|16\n|\n|t:|1781454387\n|move|p1a: Volbeat|Lunge|p2a: Lunala\n|-damage|p2a: Lunala|106/308\n|-unboost|p2a: Lunala|atk|1\n|move|p2a: Lunala|Psyshock|p1a: Volbeat\n|-damage|p1a: Volbeat|41/263\n|\n|-heal|p2a: Lunala|125/308|[from] item: Leftovers\n|-fieldend|move: Psychic Terrain\n|upkeep\n|turn|17\n|\n|t:|1781454390\n|move|p1a: Volbeat|Thunder Wave|p2a: Lunala\n|-status|p2a: Lunala|par\n|move|p2a: Lunala|Psyshock|p1a: Volbeat\n|-damage|p1a: Volbeat|0 fnt\n|faint|p1a: Volbeat\n|\n|-heal|p2a: Lunala|144/308 par|[from] item: Leftovers\n|upkeep\n|\n|t:|1781454394\n|switch|p1a: Spiritomb|Spiritomb, L89, F|234/234\n|turn|18\n|\n|t:|1781454396\n|move|p1a: Spiritomb|Foul Play|p2a: Lunala\n|-supereffective|p2a: Lunala\n|-damage|p2a: Lunala|0 fnt\n|faint|p2a: Lunala\n|\n|upkeep\n|\n|t:|1781454399\n|switch|p2a: Granbull|Granbull, L88, F|302/302\n|-ability|p2a: Granbull|Intimidate|boost\n|-unboost|p1a: Spiritomb|atk|1\n|turn|19\n|\n|t:|1781454401\n|move|p2a: Granbull|Thunder Wave|p1a: Spiritomb\n|-status|p1a: Spiritomb|par\n|cant|p1a: Spiritomb|par\n|\n|upkeep\n|turn|20\n|\n|t:|1781454405\n|switch|p2a: Charizard|Charizard, L85, M|163/271\n|cant|p1a: Spiritomb|par\n|\n|upkeep\n|turn|21\n|\n|t:|1781454411\n|move|p2a: Charizard|Flare Blitz|p1a: Spiritomb\n|-damage|p1a: Spiritomb|138/234 par\n|-damage|p2a: Charizard|131/271|[from] Recoil\n|move|p1a: Spiritomb|Foul Play|p2a: Charizard\n|-damage|p2a: Charizard|29/271\n|\n|-heal|p1a: Spiritomb|152/234 par|[from] item: Leftovers\n|upkeep\n|turn|22\n|\n|t:|1781454421\n|move|p1a: Spiritomb|Sucker Punch|p2a: Charizard\n|-damage|p2a: Charizard|0 fnt\n|faint|p2a: Charizard\n|\n|-heal|p1a: Spiritomb|166/234 par|[from] item: Leftovers\n|upkeep\n|\n|t:|1781454425\n|switch|p2a: Dragalge|Dragalge, L88, M|258/258\n|turn|23\n|\n|t:|1781454430\n|switch|p1a: Dachsbun|Dachsbun, L92, F|254/254\n|move|p2a: Dragalge|Draco Meteor|p1a: Dachsbun\n|-immune|p1a: Dachsbun\n|\n|upkeep\n|turn|24\n|\n|t:|1781454433\n|move|p1a: Dachsbun|Protect|p1a: Dachsbun\n|-singleturn|p1a: Dachsbun|Protect\n|move|p2a: Dragalge|Sludge Wave|p1a: Dachsbun\n|-activate|p1a: Dachsbun|move: Protect\n|\n|upkeep\n|turn|25\n|\n|t:|1781454440\n|switch|p1a: Spiritomb|Spiritomb, L89, F|166/234 par\n|switch|p2a: Granbull|Granbull, L88, F|302/302\n|-ability|p2a: Granbull|Intimidate|boost\n|-unboost|p1a: Spiritomb|atk|1\n|\n|-heal|p1a: Spiritomb|180/234 par|[from] item: Leftovers\n|upkeep\n|turn|26\n|\n|t:|1781454445\n|switch|p2a: Dragalge|Dragalge, L88, M|258/258\n|move|p1a: Spiritomb|Will-O-Wisp|p2a: Dragalge\n|-status|p2a: Dragalge|brn\n|\n|-heal|p1a: Spiritomb|194/234 par|[from] item: Leftovers\n|-damage|p2a: Dragalge|242/258 brn|[from] brn\n|upkeep\n|turn|27\n|\n|t:|1781454448\n|move|p2a: Dragalge|Draco Meteor|p1a: Spiritomb\n|-damage|p1a: Spiritomb|42/234 par\n|-unboost|p2a: Dragalge|spa|2\n|move|p1a: Spiritomb|Poltergeist|p2a: Dragalge\n|-activate|p2a: Dragalge|move: Poltergeist|Leftovers\n|-damage|p2a: Dragalge|160/258 brn\n|\n|-heal|p2a: Dragalge|176/258 brn|[from] item: Leftovers\n|-heal|p1a: Spiritomb|56/234 par|[from] item: Leftovers\n|-damage|p2a: Dragalge|160/258 brn|[from] brn\n|upkeep\n|turn|28\n|\n|t:|1781454454\n|move|p1a: Spiritomb|Sucker Punch|p2a: Dragalge\n|-damage|p2a: Dragalge|108/258 brn\n|move|p2a: Dragalge|Draco Meteor|p1a: Spiritomb\n|-damage|p1a: Spiritomb|0 fnt\n|-unboost|p2a: Dragalge|spa|2\n|faint|p1a: Spiritomb\n|\n|-heal|p2a: Dragalge|124/258 brn|[from] item: Leftovers\n|-damage|p2a: Dragalge|108/258 brn|[from] brn\n|upkeep\n|\n|t:|1781454457\n|switch|p1a: Vivillon|Vivillon, L83, M|268/268\n|turn|29\n|\n|t:|1781454460\n|switch|p2a: Snorlax|Snorlax, L82, M, tera:Poison|397/397 slp\n|move|p1a: Vivillon|Quiver Dance|p1a: Vivillon\n|-boost|p1a: Vivillon|spa|1\n|-boost|p1a: Vivillon|spd|1\n|-boost|p1a: Vivillon|spe|1\n|\n|upkeep\n|turn|30\n|\n|t:|1781454463\n|move|p1a: Vivillon|Quiver Dance|p1a: Vivillon\n|-boost|p1a: Vivillon|spa|1\n|-boost|p1a: Vivillon|spd|1\n|-boost|p1a: Vivillon|spe|1\n|-curestatus|p2a: Snorlax|slp|[msg]\n|move|p2a: Snorlax|Curse|p2a: Snorlax\n|-unboost|p2a: Snorlax|spe|1\n|-boost|p2a: Snorlax|atk|1\n|-boost|p2a: Snorlax|def|1\n|\n|upkeep\n|turn|31\n|\n|t:|1781454465\n|-terastallize|p1a: Vivillon|Ground\n|move|p1a: Vivillon|Tera Blast|p2a: Snorlax|[anim] Tera Blast Ground\n|-supereffective|p2a: Snorlax\n|-damage|p2a: Snorlax|103/397\n|move|p2a: Snorlax|Body Slam|p1a: Vivillon\n|-damage|p1a: Vivillon|66/268\n|\n|-heal|p2a: Snorlax|127/397|[from] item: Leftovers\n|upkeep\n|turn|32\n|\n|t:|1781454475\n|move|p1a: Vivillon|Tera Blast|p2a: Snorlax|[anim] Tera Blast Ground\n|-supereffective|p2a: Snorlax\n|-damage|p2a: Snorlax|0 fnt\n|faint|p2a: Snorlax\n|\n|upkeep\n|\n|t:|1781454477\n|switch|p2a: Granbull|Granbull, L88, F|302/302\n|-ability|p2a: Granbull|Intimidate|boost\n|-unboost|p1a: Vivillon|atk|1\n|turn|33\n|\n|t:|1781454482\n|move|p1a: Vivillon|Sleep Powder|p2a: Granbull\n|-status|p2a: Granbull|slp|[from] move: Sleep Powder\n|cant|p2a: Granbull|slp\n|\n|upkeep\n|turn|34\n|\n|t:|1781454483\n|move|p1a: Vivillon|Tera Blast|p2a: Granbull|[anim] Tera Blast Ground\n|-damage|p2a: Granbull|97/302 slp\n|cant|p2a: Granbull|slp\n|\n|-heal|p2a: Granbull|115/302 slp|[from] item: Leftovers\n|upkeep\n|turn|35\n|\n|t:|1781454486\n|move|p1a: Vivillon|Tera Blast|p2a: Granbull|[anim] Tera Blast Ground\n|-damage|p2a: Granbull|0 fnt\n|faint|p2a: Granbull\n|\n|upkeep\n|-message|Profschnitzel forfeited.\n|\n|win|marper8\n", "uploadtime": 1781454275, "views": 5, "formatid": "gen9randombattle", "rating": null, "private": 0, "password": null}