{"id": "gen9randombattle-2631577842", "format": "[Gen 9] Random Battle", "players": ["rinigan_minato", "mcardin"], "log": "|j|\u2606rinigan_minato\n|j|\u2606mcardin\n|t:|1781403784\n|gametype|singles\n|player|p1|rinigan_minato|volkner|1705\n|player|p2|mcardin|brycen|1674\n|gen|9\n|tier|[Gen 9] Random Battle\n|rated|\n|rule|Species Clause: Limit one of each Pok\u00e9mon\n|rule|HP Percentage Mod: HP is shown in percentages\n|rule|Sleep Clause Mod: Limit one foe put to sleep\n|rule|Illusion Level Mod: Illusion disguises the Pok\u00e9mon's true level\n|\n|t:|1781403784\n|teamsize|p1|6\n|teamsize|p2|6\n|start\n|switch|p1a: Mewtwo|Mewtwo, L72|272/272\n|switch|p2a: Torkoal|Torkoal, L88, M|266/266\n|-ability|p1a: Mewtwo|Pressure\n|-weather|SunnyDay|[from] ability: Drought|[of] p2a: Torkoal\n|turn|1\n|\n|t:|1781403793\n|move|p1a: Mewtwo|Nasty Plot|p1a: Mewtwo\n|-boost|p1a: Mewtwo|spa|2\n|move|p2a: Torkoal|Fire Blast|p1a: Mewtwo\n|-crit|p1a: Mewtwo\n|-damage|p1a: Mewtwo|0 fnt\n|faint|p1a: Mewtwo\n|\n|-weather|SunnyDay|[upkeep]\n|upkeep\n|c|\u2606mcardin|sorry\n|c|\u2606rinigan_minato|i hate it here lol\n|\n|t:|1781403817\n|switch|p1a: Drednaw|Drednaw, L81, F|278/278\n|turn|2\n|\n|t:|1781403824\n|move|p1a: Drednaw|Stone Edge|p2a: Torkoal\n|-supereffective|p2a: Torkoal\n|-damage|p2a: Torkoal|108/266\n|move|p2a: Torkoal|Solar Beam||[still]\n|-prepare|p2a: Torkoal|Solar Beam\n|-anim|p2a: Torkoal|Solar Beam|p1a: Drednaw\n|-supereffective|p1a: Drednaw\n|-damage|p1a: Drednaw|0 fnt\n|faint|p1a: Drednaw\n|\n|-weather|SunnyDay|[upkeep]\n|upkeep\n|\n|t:|1781403838\n|switch|p1a: Glastrier|Glastrier, L86|312/312\n|turn|3\n|\n|t:|1781403846\n|switch|p2a: Armarouge|Armarouge, L80, F|267/267\n|move|p1a: Glastrier|High Horsepower|p2a: Armarouge\n|-supereffective|p2a: Armarouge\n|-damage|p2a: Armarouge|65/267\n|-ability|p2a: Armarouge|Weak Armor|boost\n|-unboost|p2a: Armarouge|def|1\n|-boost|p2a: Armarouge|spe|2\n|\n|-weather|SunnyDay|[upkeep]\n|upkeep\n|turn|4\n|\n|t:|1781403853\n|switch|p1a: Basculin|Basculin, L86, F|261/261\n|move|p2a: Armarouge|Armor Cannon|p1a: Basculin\n|-resisted|p1a: Basculin\n|-damage|p1a: Basculin|36/261\n|-unboost|p2a: Armarouge|def|1\n|-unboost|p2a: Armarouge|spd|1\n|\n|-weather|SunnyDay|[upkeep]\n|upkeep\n|turn|5\n|\n|t:|1781403856\n|move|p1a: Basculin|Aqua Jet|p2a: Armarouge\n|-supereffective|p2a: Armarouge\n|-damage|p2a: Armarouge|0 fnt\n|faint|p2a: Armarouge\n|\n|-weather|none\n|upkeep\n|\n|t:|1781403868\n|switch|p2a: Flygon|Flygon, L82, F|265/265\n|turn|6\n|\n|t:|1781403871\n|move|p1a: Basculin|Aqua Jet|p2a: Flygon\n|-crit|p2a: Flygon\n|-damage|p2a: Flygon|125/265\n|move|p2a: Flygon|U-turn|p1a: Basculin\n|-damage|p1a: Basculin|0 fnt\n|faint|p1a: Basculin\n|\n|t:|1781403874\n|switch|p2a: Frosmoth|Frosmoth, L82, F|249/249|[from] U-turn\n|\n|upkeep\n|inactive|Battle timer is ON: inactive players will automatically lose when time's up. (requested by mcardin)\n|\n|t:|1781403882\n|switch|p1a: Iron Boulder|Iron Boulder, L77|265/265\n|-enditem|p1a: Iron Boulder|Booster Energy\n|-activate|p1a: Iron Boulder|ability: Quark Drive|[fromitem]\n|-start|p1a: Iron Boulder|quarkdrivespe\n|turn|7\n|\n|t:|1781403890\n|move|p1a: Iron Boulder|Swords Dance|p1a: Iron Boulder\n|-boost|p1a: Iron Boulder|atk|2\n|move|p2a: Frosmoth|Bug Buzz|p1a: Iron Boulder\n|-supereffective|p1a: Iron Boulder\n|-damage|p1a: Iron Boulder|73/265\n|\n|upkeep\n|turn|8\n|\n|t:|1781403895\n|move|p1a: Iron Boulder|Mighty Cleave|p2a: Frosmoth\n|-supereffective|p2a: Frosmoth\n|-damage|p2a: Frosmoth|0 fnt\n|faint|p2a: Frosmoth\n|\n|upkeep\n|\n|t:|1781403898\n|switch|p2a: Regidrago|Regidrago, L77|435/435\n|turn|9\n|\n|t:|1781403905\n|move|p1a: Iron Boulder|Mighty Cleave|p2a: Regidrago\n|-damage|p2a: Regidrago|129/435\n|move|p2a: Regidrago|Earthquake|p1a: Iron Boulder\n|-supereffective|p1a: Iron Boulder\n|-damage|p1a: Iron Boulder|0 fnt\n|faint|p1a: Iron Boulder\n|-end|p1a: Iron Boulder|Quark Drive|[silent]\n|\n|upkeep\n|\n|t:|1781403912\n|switch|p1a: Glastrier|Glastrier, L86|312/312\n|turn|10\n|\n|t:|1781403918\n|move|p2a: Regidrago|Earthquake|p1a: Glastrier\n|-damage|p1a: Glastrier|269/312\n|move|p1a: Glastrier|Heavy Slam|p2a: Regidrago\n|-damage|p2a: Regidrago|0 fnt\n|faint|p2a: Regidrago\n|-ability|p1a: Glastrier|Chilling Neigh|boost\n|-boost|p1a: Glastrier|atk|1\n|\n|upkeep\n|\n|t:|1781403924\n|switch|p2a: Flygon|Flygon, L82, F|125/265\n|turn|11\n|\n|t:|1781403930\n|-terastallize|p2a: Flygon|Steel\n|move|p2a: Flygon|Stone Edge|p1a: Glastrier\n|-supereffective|p1a: Glastrier\n|-crit|p1a: Glastrier\n|-damage|p1a: Glastrier|125/312\n|move|p1a: Glastrier|Heavy Slam|p2a: Flygon\n|-resisted|p2a: Flygon\n|-damage|p2a: Flygon|23/265\n|\n|upkeep\n|turn|12\n|\n|t:|1781403944\n|switch|p1a: Kingambit|Kingambit, L74, M|270/270\n|-activate|p1a: Kingambit|ability: Supreme Overlord\n|-start|p1a: Kingambit|fallen4|[silent]\n|move|p2a: Flygon|Stone Edge|p1a: Kingambit\n|-resisted|p1a: Kingambit\n|-damage|p1a: Kingambit|240/270\n|\n|-heal|p1a: Kingambit|256/270|[from] item: Leftovers\n|upkeep\n|turn|13\n|\n|t:|1781403951\n|switch|p2a: Torkoal|Torkoal, L88, M|108/266\n|-weather|SunnyDay|[from] ability: Drought|[of] p2a: Torkoal\n|move|p1a: Kingambit|Swords Dance|p1a: Kingambit\n|-boost|p1a: Kingambit|atk|2\n|\n|-weather|SunnyDay|[upkeep]\n|-heal|p1a: Kingambit|270/270|[from] item: Leftovers\n|upkeep\n|turn|14\n|\n|t:|1781403957\n|move|p1a: Kingambit|Sucker Punch|p2a: Torkoal\n|-damage|p2a: Torkoal|0 fnt\n|faint|p2a: Torkoal\n|\n|-weather|SunnyDay|[upkeep]\n|upkeep\n|\n|t:|1781403959\n|switch|p2a: Sandaconda|Sandaconda, L84, M|258/258\n|turn|15\n|\n|t:|1781403965\n|move|p2a: Sandaconda|Coil|p2a: Sandaconda\n|-boost|p2a: Sandaconda|atk|1\n|-boost|p2a: Sandaconda|def|1\n|-boost|p2a: Sandaconda|accuracy|1\n|move|p1a: Kingambit|Kowtow Cleave|p2a: Sandaconda\n|-damage|p2a: Sandaconda|138/258\n|\n|-weather|SunnyDay|[upkeep]\n|upkeep\n|turn|16\n|\n|t:|1781403972\n|-terastallize|p1a: Kingambit|Dark\n|move|p2a: Sandaconda|Earthquake|p1a: Kingambit\n|-damage|p1a: Kingambit|114/270\n|move|p1a: Kingambit|Kowtow Cleave|p2a: Sandaconda\n|-damage|p2a: Sandaconda|0 fnt\n|faint|p2a: Sandaconda\n|\n|-weather|SunnyDay|[upkeep]\n|-heal|p1a: Kingambit|130/270|[from] item: Leftovers\n|upkeep\n|\n|t:|1781403976\n|switch|p2a: Flygon|Flygon, L82, F, tera:Steel|23/265\n|turn|17\n|\n|t:|1781403979\n|move|p1a: Kingambit|Sucker Punch|p2a: Flygon\n|-damage|p2a: Flygon|0 fnt\n|faint|p2a: Flygon\n|\n|win|rinigan_minato\n|raw|rinigan_minato's rating: 1705 &rarr; <strong>1723</strong><br />(+18 for winning)\n|raw|mcardin's rating: 1674 &rarr; <strong>1656</strong><br />(-18 for losing)\n|l|\u2606mcardin\n|player|p2|\n|c|\u2606rinigan_minato|gg\n", "uploadtime": 1781403986, "views": 3, "formatid": "gen9randombattle", "rating": 1656, "private": 0, "password": null}