{"id": "gen9randombattle-2631637187", "format": "[Gen 9] Random Battle", "players": ["raibam", "tejasvi_v.22"], "log": "|j|\u2606raibam\n|j|\u2606tejasvi_v.22\n|t:|1781412704\n|gametype|singles\n|player|p1|raibam|boarder|1408\n|player|p2|tejasvi_v.22|1|1435\n|gen|9\n|tier|[Gen 9] Random Battle\n|rated|\n|rule|Species Clause: Limit one of each Pok\u00e9mon\n|rule|HP Percentage Mod: HP is shown in percentages\n|rule|Sleep Clause Mod: Limit one foe put to sleep\n|rule|Illusion Level Mod: Illusion disguises the Pok\u00e9mon's true level\n|\n|t:|1781412704\n|teamsize|p1|6\n|teamsize|p2|6\n|start\n|switch|p1a: Cinderace|Cinderace, L77, F|249/249\n|switch|p2a: Cramorant|Cramorant, L86, F|261/261\n|turn|1\n|inactive|Battle timer is ON: inactive players will automatically lose when time's up. (requested by raibam)\n|\n|t:|1781412718\n|move|p1a: Cinderace|Gunk Shot|p2a: Cramorant|[miss]\n|-start|p1a: Cinderace|typechange|Poison|[from] ability: Libero\n|-miss|p1a: Cinderace|p2a: Cramorant\n|move|p2a: Cramorant|Surf|p1a: Cinderace\n|-formechange|p2a: Cramorant|Cramorant-Gulping|\n|-damage|p1a: Cinderace|143/249\n|\n|upkeep\n|turn|2\n|\n|t:|1781412730\n|move|p1a: Cinderace|Gunk Shot|p2a: Cramorant\n|-damage|p2a: Cramorant|0 fnt\n|-damage|p1a: Cinderace|81/249|[from] ability: Gulp Missile|[of] p2a: Cramorant\n|-unboost|p1a: Cinderace|def|1\n|-formechange|p2a: Cramorant|Cramorant|\n|faint|p2a: Cramorant\n|\n|upkeep\n|inactive|tejasvi_v.22 has 120 seconds left.\n|\n|t:|1781412756\n|switch|p2a: Hitmonlee|Hitmonlee, L85, M|223/223\n|turn|3\n|\n|t:|1781412760\n|move|p1a: Cinderace|Gunk Shot|p2a: Hitmonlee\n|-damage|p2a: Hitmonlee|0 fnt\n|faint|p2a: Hitmonlee\n|\n|upkeep\n|\n|t:|1781412766\n|switch|p2a: Copperajah|Copperajah, L86, M|350/350\n|turn|4\n|inactive|tejasvi_v.22 has 120 seconds left.\n|\n|t:|1781412786\n|switch|p1a: Krookodile|Krookodile, L79, F|280/280\n|-ability|p1a: Krookodile|Intimidate|boost\n|-unboost|p2a: Copperajah|atk|1\n|move|p2a: Copperajah|Heat Crash|p1a: Krookodile\n|-damage|p1a: Krookodile|162/280\n|\n|-heal|p1a: Krookodile|179/280|[from] item: Leftovers\n|upkeep\n|turn|5\n|inactive|tejasvi_v.22 has 120 seconds left.\n|\n|t:|1781412800\n|switch|p2a: Snorlax|Snorlax, L82, F|397/397\n|move|p1a: Krookodile|Earthquake|p2a: Snorlax\n|-damage|p2a: Snorlax|255/397\n|\n|-heal|p1a: Krookodile|196/280|[from] item: Leftovers\n|-heal|p2a: Snorlax|279/397|[from] item: Leftovers\n|upkeep\n|turn|6\n|\n|t:|1781412807\n|move|p1a: Krookodile|Knock Off|p2a: Snorlax\n|-damage|p2a: Snorlax|140/397\n|-enditem|p2a: Snorlax|Leftovers|[from] move: Knock Off|[of] p1a: Krookodile\n|move|p2a: Snorlax|Curse|p2a: Snorlax\n|-unboost|p2a: Snorlax|spe|1\n|-boost|p2a: Snorlax|atk|1\n|-boost|p2a: Snorlax|def|1\n|\n|-heal|p1a: Krookodile|213/280|[from] item: Leftovers\n|upkeep\n|turn|7\n|\n|t:|1781412817\n|move|p1a: Krookodile|Bulk Up|p1a: Krookodile\n|-boost|p1a: Krookodile|atk|1\n|-boost|p1a: Krookodile|def|1\n|move|p2a: Snorlax|Rest|p2a: Snorlax\n|-status|p2a: Snorlax|slp|[from] move: Rest\n|-heal|p2a: Snorlax|397/397 slp|[silent]\n|\n|-heal|p1a: Krookodile|230/280|[from] item: Leftovers\n|upkeep\n|turn|8\n|\n|t:|1781412825\n|move|p1a: Krookodile|Bulk Up|p1a: Krookodile\n|-boost|p1a: Krookodile|atk|1\n|-boost|p1a: Krookodile|def|1\n|cant|p2a: Snorlax|slp\n|move|p2a: Snorlax|Sleep Talk|p2a: Snorlax\n|move|p2a: Snorlax|Rest||[from] move: Sleep Talk|[still]\n|-fail|p2a: Snorlax\n|\n|-heal|p1a: Krookodile|247/280|[from] item: Leftovers\n|upkeep\n|turn|9\n|\n|t:|1781412835\n|move|p1a: Krookodile|Earthquake|p2a: Snorlax\n|-damage|p2a: Snorlax|219/397 slp\n|cant|p2a: Snorlax|slp\n|move|p2a: Snorlax|Sleep Talk|p2a: Snorlax\n|move|p2a: Snorlax|Rest||[from] move: Sleep Talk|[still]\n|-fail|p2a: Snorlax\n|\n|-heal|p1a: Krookodile|264/280|[from] item: Leftovers\n|upkeep\n|turn|10\n|\n|t:|1781412850\n|move|p1a: Krookodile|Earthquake|p2a: Snorlax\n|-damage|p2a: Snorlax|20/397 slp\n|-curestatus|p2a: Snorlax|slp|[msg]\n|move|p2a: Snorlax|Body Slam|p1a: Krookodile\n|-damage|p1a: Krookodile|185/280\n|-status|p1a: Krookodile|par\n|\n|-heal|p1a: Krookodile|202/280 par|[from] item: Leftovers\n|upkeep\n|turn|11\n|\n|t:|1781412867\n|move|p1a: Krookodile|Earthquake|p2a: Snorlax\n|-damage|p2a: Snorlax|0 fnt\n|faint|p2a: Snorlax\n|\n|-heal|p1a: Krookodile|219/280 par|[from] item: Leftovers\n|upkeep\n|\n|t:|1781412878\n|switch|p2a: Frosmoth|Frosmoth, L82, F|249/249\n|turn|12\n|\n|t:|1781412892\n|-terastallize|p1a: Krookodile|Poison\n|move|p2a: Frosmoth|Quiver Dance|p2a: Frosmoth\n|-boost|p2a: Frosmoth|spa|1\n|-boost|p2a: Frosmoth|spd|1\n|-boost|p2a: Frosmoth|spe|1\n|move|p1a: Krookodile|Gunk Shot|p2a: Frosmoth\n|-damage|p2a: Frosmoth|0 fnt\n|faint|p2a: Frosmoth\n|\n|-heal|p1a: Krookodile|236/280 par|[from] item: Leftovers\n|upkeep\n|\n|t:|1781412898\n|switch|p2a: Lucario|Lucario, L84, M|255/255\n|turn|13\n|\n|t:|1781412905\n|-terastallize|p2a: Lucario|Fighting\n|move|p2a: Lucario|Nasty Plot|p2a: Lucario\n|-boost|p2a: Lucario|spa|2\n|cant|p1a: Krookodile|par\n|\n|-heal|p1a: Krookodile|253/280 par|[from] item: Leftovers\n|upkeep\n|turn|14\n|\n|t:|1781412913\n|move|p2a: Lucario|Flash Cannon|p1a: Krookodile\n|-damage|p1a: Krookodile|0 fnt\n|faint|p1a: Krookodile\n|-damage|p2a: Lucario|230/255|[from] item: Life Orb\n|\n|upkeep\n|\n|t:|1781412924\n|switch|p1a: Pelipper|Pelipper, L86, F|243/243\n|-weather|RainDance|[from] ability: Drizzle|[of] p1a: Pelipper\n|turn|15\n|\n|t:|1781412930\n|move|p2a: Lucario|Focus Blast|p1a: Pelipper\n|-resisted|p1a: Pelipper\n|-damage|p1a: Pelipper|0 fnt\n|faint|p1a: Pelipper\n|-damage|p2a: Lucario|205/255|[from] item: Life Orb\n|\n|-weather|RainDance|[upkeep]\n|upkeep\n|\n|t:|1781412933\n|switch|p1a: Masquerain|Masquerain, L87, M|264/264\n|-ability|p1a: Masquerain|Intimidate|boost\n|-fail|p2a: Lucario|unboost|Attack|[from] ability: Inner Focus|[of] p2a: Lucario\n|turn|16\n|\n|t:|1781412939\n|move|p2a: Lucario|Flash Cannon|p1a: Masquerain\n|-damage|p1a: Masquerain|0 fnt\n|faint|p1a: Masquerain\n|-damage|p2a: Lucario|180/255|[from] item: Life Orb\n|\n|-weather|RainDance|[upkeep]\n|upkeep\n|\n|t:|1781412947\n|switch|p1a: Cinderace|Cinderace, L77, F|81/249\n|turn|17\n|\n|t:|1781412951\n|move|p2a: Lucario|Vacuum Wave|p1a: Cinderace\n|-damage|p1a: Cinderace|0 fnt\n|faint|p1a: Cinderace\n|-damage|p2a: Lucario|155/255|[from] item: Life Orb\n|\n|-weather|RainDance|[upkeep]\n|upkeep\n|\n|t:|1781412953\n|switch|p1a: Bisharp|Bisharp, L79, F|232/232\n|turn|18\n|\n|t:|1781412957\n|move|p2a: Lucario|Vacuum Wave|p1a: Bisharp\n|-supereffective|p1a: Bisharp\n|-damage|p1a: Bisharp|0 fnt\n|faint|p1a: Bisharp\n|-damage|p2a: Lucario|130/255|[from] item: Life Orb\n|\n|-weather|RainDance|[upkeep]\n|upkeep\n|\n|t:|1781412960\n|switch|p1a: Hatterene|Hatterene, L85, F|236/236\n|turn|19\n|\n|t:|1781412962\n|move|p2a: Lucario|Flash Cannon|p1a: Hatterene\n|-supereffective|p1a: Hatterene\n|-damage|p1a: Hatterene|0 fnt\n|faint|p1a: Hatterene\n|-damage|p2a: Lucario|105/255|[from] item: Life Orb\n|\n|win|tejasvi_v.22\n|raw|raibam's rating: 1408 &rarr; <strong>1390</strong><br />(-18 for losing)\n|raw|tejasvi_v.22's rating: 1435 &rarr; <strong>1453</strong><br />(+18 for winning)\n|l|\u2606raibam\n|player|p1|\n|c|\u2606tejasvi_v.22|Gg\n", "uploadtime": 1781412974, "views": 4, "formatid": "gen9randombattle", "rating": 1390, "private": 0, "password": null}