{"id": "gen9randombattle-2631818150", "format": "[Gen 9] Random Battle", "players": ["jeffouy", "Bolsoobra"], "log": "|j|\u2606jeffouy\n|j|\u2606Bolsoobra\n|t:|1781444022\n|gametype|singles\n|player|p1|jeffouy|266|1000\n|player|p2|Bolsoobra|1|1028\n|gen|9\n|tier|[Gen 9] Random Battle\n|rated|\n|rule|Species Clause: Limit one of each Pok\u00e9mon\n|rule|HP Percentage Mod: HP is shown in percentages\n|rule|Sleep Clause Mod: Limit one foe put to sleep\n|rule|Illusion Level Mod: Illusion disguises the Pok\u00e9mon's true level\n|\n|t:|1781444022\n|teamsize|p1|6\n|teamsize|p2|6\n|start\n|switch|p1a: Cresselia|Cresselia, L80, F|323/323\n|switch|p2a: Masquerain|Masquerain, L87, F|264/264\n|-ability|p2a: Masquerain|Intimidate|boost\n|-unboost|p1a: Cresselia|atk|1\n|turn|1\n|\n|t:|1781444047\n|move|p2a: Masquerain|Stun Spore|p1a: Cresselia|[miss]\n|-miss|p2a: Masquerain|p1a: Cresselia\n|move|p1a: Cresselia|Calm Mind|p1a: Cresselia\n|-boost|p1a: Cresselia|spa|1\n|-boost|p1a: Cresselia|spd|1\n|\n|upkeep\n|turn|2\n|\n|t:|1781444060\n|move|p2a: Masquerain|Stun Spore|p1a: Cresselia\n|-status|p1a: Cresselia|par\n|move|p1a: Cresselia|Moonlight|p1a: Cresselia\n|-fail|p1a: Cresselia|heal\n|\n|upkeep\n|turn|3\n|\n|t:|1781444069\n|move|p2a: Masquerain|Sticky Web|p1a: Cresselia\n|-sidestart|p1: jeffouy|move: Sticky Web\n|move|p1a: Cresselia|Calm Mind|p1a: Cresselia\n|-boost|p1a: Cresselia|spa|1\n|-boost|p1a: Cresselia|spd|1\n|\n|upkeep\n|turn|4\n|\n|t:|1781444079\n|move|p2a: Masquerain|Hurricane|p1a: Cresselia\n|-damage|p1a: Cresselia|271/323 par\n|move|p1a: Cresselia|Calm Mind|p1a: Cresselia\n|-boost|p1a: Cresselia|spa|1\n|-boost|p1a: Cresselia|spd|1\n|\n|-heal|p1a: Cresselia|291/323 par|[from] item: Leftovers\n|upkeep\n|turn|5\n|\n|t:|1781444088\n|move|p2a: Masquerain|U-turn|p1a: Cresselia\n|-supereffective|p1a: Cresselia\n|-damage|p1a: Cresselia|189/323 par\n|\n|t:|1781444104\n|switch|p2a: Reshiram|Reshiram, L76|277/277|[from] U-turn\n|-ability|p2a: Reshiram|Turboblaze\n|cant|p1a: Cresselia|par\n|\n|-heal|p1a: Cresselia|209/323 par|[from] item: Leftovers\n|upkeep\n|turn|6\n|\n|t:|1781444119\n|move|p2a: Reshiram|Draco Meteor|p1a: Cresselia\n|-damage|p1a: Cresselia|152/323 par\n|-unboost|p2a: Reshiram|spa|2\n|move|p1a: Cresselia|Moonblast|p2a: Reshiram\n|-damage|p2a: Reshiram|162/277\n|-unboost|p2a: Reshiram|spa|1\n|\n|-heal|p1a: Cresselia|172/323 par|[from] item: Leftovers\n|upkeep\n|turn|7\n|\n|t:|1781444132\n|move|p1a: Cresselia|Moonlight|p1a: Cresselia\n|-heal|p1a: Cresselia|323/323 par\n|move|p2a: Reshiram|Dragon Tail|p1a: Cresselia\n|-damage|p1a: Cresselia|268/323 par\n|drag|p1a: Muk|Muk-Alola, L82, F|306/306\n|-activate|p1a: Muk|move: Sticky Web\n|-unboost|p1a: Muk|spe|1\n|\n|upkeep\n|turn|8\n|\n|t:|1781444149\n|move|p2a: Reshiram|Earth Power|p1a: Muk\n|-supereffective|p1a: Muk\n|-damage|p1a: Muk|268/306\n|move|p1a: Muk|Knock Off|p2a: Reshiram\n|-damage|p2a: Reshiram|59/277\n|-enditem|p2a: Reshiram|Heavy-Duty Boots|[from] move: Knock Off|[of] p1a: Muk\n|\n|upkeep\n|turn|9\n|\n|t:|1781444163\n|switch|p2a: Forretress|Forretress, L84, F|263/263\n|move|p1a: Muk|Gunk Shot|p2a: Forretress\n|-immune|p2a: Forretress\n|\n|upkeep\n|turn|10\n|\n|t:|1781444185\n|switch|p1a: Enamorus|Enamorus, L79, F|247/247\n|move|p2a: Forretress|Stealth Rock|p1a: Enamorus\n|-sidestart|p1: jeffouy|move: Stealth Rock\n|\n|upkeep\n|turn|11\n|\n|t:|1781444197\n|move|p1a: Enamorus|Calm Mind|p1a: Enamorus\n|-boost|p1a: Enamorus|spa|1\n|-boost|p1a: Enamorus|spd|1\n|move|p2a: Forretress|Spikes|p1a: Enamorus\n|-sidestart|p1: jeffouy|Spikes\n|\n|upkeep\n|turn|12\n|\n|t:|1781444207\n|move|p1a: Enamorus|Calm Mind|p1a: Enamorus\n|-boost|p1a: Enamorus|spa|1\n|-boost|p1a: Enamorus|spd|1\n|move|p2a: Forretress|Iron Head|p1a: Enamorus\n|-supereffective|p1a: Enamorus\n|-damage|p1a: Enamorus|49/247\n|\n|upkeep\n|turn|13\n|\n|t:|1781444215\n|move|p1a: Enamorus|Mystical Fire|p2a: Forretress\n|-supereffective|p2a: Forretress\n|-ability|p2a: Forretress|Sturdy\n|-damage|p2a: Forretress|1/263\n|-unboost|p2a: Forretress|spa|1\n|move|p2a: Forretress|Spikes|p1a: Enamorus\n|-sidestart|p1: jeffouy|Spikes\n|\n|-heal|p2a: Forretress|17/263|[from] item: Leftovers\n|upkeep\n|turn|14\n|\n|t:|1781444228\n|move|p1a: Enamorus|Mystical Fire|p2a: Forretress\n|-supereffective|p2a: Forretress\n|-damage|p2a: Forretress|0 fnt\n|faint|p2a: Forretress\n|\n|upkeep\n|\n|t:|1781444240\n|switch|p2a: Dedenne|Dedenne, L88, M|261/261\n|turn|15\n|\n|t:|1781444249\n|-terastallize|p1a: Enamorus|Ground\n|move|p2a: Dedenne|Thunderbolt|p1a: Enamorus\n|-immune|p1a: Enamorus\n|move|p1a: Enamorus|Earth Power|p2a: Dedenne\n|-supereffective|p2a: Dedenne\n|-damage|p2a: Dedenne|0 fnt\n|faint|p2a: Dedenne\n|\n|upkeep\n|\n|t:|1781444258\n|switch|p2a: Masquerain|Masquerain, L87, F|264/264\n|-ability|p2a: Masquerain|Intimidate|boost\n|-unboost|p1a: Enamorus|atk|1\n|turn|16\n|\n|t:|1781444270\n|move|p1a: Enamorus|Mystical Fire|p2a: Masquerain\n|-supereffective|p2a: Masquerain\n|-damage|p2a: Masquerain|0 fnt\n|faint|p2a: Masquerain\n|\n|upkeep\n|\n|t:|1781444279\n|switch|p2a: Great Tusk|Great Tusk, L77|304/304\n|turn|17\n|\n|t:|1781444285\n|move|p1a: Enamorus|Moonblast|p2a: Great Tusk\n|-supereffective|p2a: Great Tusk\n|-damage|p2a: Great Tusk|0 fnt\n|faint|p2a: Great Tusk\n|-end|p2a: Great Tusk|Protosynthesis|[silent]\n|\n|upkeep\n|\n|t:|1781444288\n|switch|p2a: Reshiram|Reshiram, L76|59/277\n|-ability|p2a: Reshiram|Turboblaze\n|turn|18\n|\n|t:|1781444300\n|move|p1a: Enamorus|Moonblast|p2a: Reshiram\n|-damage|p2a: Reshiram|0 fnt\n|faint|p2a: Reshiram\n|\n|upkeep\n|\n|t:|1781444302\n|switch|p2a: Arboliva|Arboliva, L91, M|290/290\n|turn|19\n|\n|t:|1781444312\n|-terastallize|p2a: Arboliva|Ground\n|move|p1a: Enamorus|Mystical Fire|p2a: Arboliva\n|-damage|p2a: Arboliva|194/290\n|-unboost|p2a: Arboliva|spa|1\n|-fieldstart|move: Grassy Terrain|[from] ability: Seed Sower|[of] p2a: Arboliva\n|move|p2a: Arboliva|Energy Ball|p1a: Enamorus\n|-supereffective|p1a: Enamorus\n|-damage|p1a: Enamorus|0 fnt\n|faint|p1a: Enamorus\n|\n|-heal|p2a: Arboliva|212/290|[from] Grassy Terrain\n|-heal|p2a: Arboliva|230/290|[from] item: Leftovers\n|upkeep\n|\n|t:|1781444327\n|switch|p1a: Armarouge|Armarouge, L80, F|267/267\n|-activate|p1a: Armarouge|move: Sticky Web\n|-unboost|p1a: Armarouge|spe|1\n|-damage|p1a: Armarouge|201/267|[from] Stealth Rock\n|-damage|p1a: Armarouge|157/267|[from] Spikes\n|turn|20\n|\n|t:|1781444333\n|move|p2a: Arboliva|Earth Power|p1a: Armarouge\n|-supereffective|p1a: Armarouge\n|-damage|p1a: Armarouge|0 fnt\n|faint|p1a: Armarouge\n|\n|-heal|p2a: Arboliva|248/290|[from] Grassy Terrain\n|-heal|p2a: Arboliva|266/290|[from] item: Leftovers\n|upkeep\n|\n|t:|1781444339\n|switch|p1a: Cresselia|Cresselia, L80, F|268/323 par\n|-damage|p1a: Cresselia|228/323 par|[from] Stealth Rock\n|turn|21\n|\n|t:|1781444354\n|move|p2a: Arboliva|Energy Ball|p1a: Cresselia\n|-damage|p1a: Cresselia|134/323 par\n|move|p1a: Cresselia|Psyshock|p2a: Arboliva\n|-damage|p2a: Arboliva|209/290\n|\n|-heal|p2a: Arboliva|227/290|[from] Grassy Terrain\n|-heal|p2a: Arboliva|245/290|[from] item: Leftovers\n|-heal|p1a: Cresselia|154/323 par|[from] item: Leftovers\n|upkeep\n|turn|22\n|\n|t:|1781444372\n|switch|p1a: Clefable|Clefable, L83, F|293/293\n|-activate|p1a: Clefable|move: Sticky Web\n|-unboost|p1a: Clefable|spe|1\n|-damage|p1a: Clefable|257/293|[from] Stealth Rock\n|-damage|p1a: Clefable|209/293|[from] Spikes\n|move|p2a: Arboliva|Energy Ball|p1a: Clefable\n|-damage|p1a: Clefable|46/293\n|\n|-heal|p2a: Arboliva|263/290|[from] Grassy Terrain\n|-heal|p2a: Arboliva|281/290|[from] item: Leftovers\n|-heal|p1a: Clefable|64/293|[from] Grassy Terrain\n|-heal|p1a: Clefable|82/293|[from] item: Leftovers\n|upkeep\n|turn|23\n|\n|t:|1781444378\n|move|p2a: Arboliva|Energy Ball|p1a: Clefable\n|-damage|p1a: Clefable|0 fnt\n|faint|p1a: Clefable\n|\n|-heal|p2a: Arboliva|290/290|[from] Grassy Terrain\n|-fieldend|move: Grassy Terrain\n|upkeep\n|\n|t:|1781444383\n|switch|p1a: Dodrio|Dodrio, L85, F|241/241\n|-damage|p1a: Dodrio|181/241|[from] Stealth Rock\n|turn|24\n|\n|t:|1781444391\n|move|p1a: Dodrio|Knock Off|p2a: Arboliva\n|-damage|p2a: Arboliva|174/290\n|-fieldstart|move: Grassy Terrain|[from] ability: Seed Sower|[of] p2a: Arboliva\n|-enditem|p2a: Arboliva|Leftovers|[from] move: Knock Off|[of] p1a: Dodrio\n|move|p2a: Arboliva|Hyper Voice|p1a: Dodrio\n|-damage|p1a: Dodrio|63/241\n|\n|-heal|p2a: Arboliva|192/290|[from] Grassy Terrain\n|upkeep\n|turn|25\n|\n|t:|1781444402\n|switch|p1a: Muk|Muk-Alola, L82, F|268/306\n|-activate|p1a: Muk|move: Sticky Web\n|-unboost|p1a: Muk|spe|1\n|-damage|p1a: Muk|230/306|[from] Stealth Rock\n|-damage|p1a: Muk|179/306|[from] Spikes\n|move|p2a: Arboliva|Strength Sap|p1a: Muk\n|-unboost|p1a: Muk|atk|1\n|-heal|p2a: Arboliva|290/290\n|\n|-heal|p1a: Muk|198/306|[from] Grassy Terrain\n|upkeep\n|turn|26\n|\n|t:|1781444416\n|move|p2a: Arboliva|Earth Power|p1a: Muk\n|-supereffective|p1a: Muk\n|-damage|p1a: Muk|76/306\n|move|p1a: Muk|Ice Punch|p2a: Arboliva\n|-supereffective|p2a: Arboliva\n|-damage|p2a: Arboliva|224/290\n|\n|-heal|p2a: Arboliva|242/290|[from] Grassy Terrain\n|-heal|p1a: Muk|95/306|[from] Grassy Terrain\n|upkeep\n|turn|27\n|\n|t:|1781444430\n|move|p2a: Arboliva|Earth Power|p1a: Muk\n|-supereffective|p1a: Muk\n|-damage|p1a: Muk|0 fnt\n|faint|p1a: Muk\n|\n|-heal|p2a: Arboliva|260/290|[from] Grassy Terrain\n|upkeep\n|\n|t:|1781444435\n|switch|p1a: Dodrio|Dodrio, L85, F|63/241\n|-damage|p1a: Dodrio|3/241|[from] Stealth Rock\n|turn|28\n|\n|t:|1781444441\n|move|p1a: Dodrio|Double-Edge|p2a: Arboliva\n|-damage|p2a: Arboliva|68/290\n|-damage|p1a: Dodrio|0 fnt|[from] Recoil\n|faint|p1a: Dodrio\n|move|p2a: Arboliva|Hyper Voice|p1: Dodrio|[notarget]\n|-fail|p2a: Arboliva\n|\n|-heal|p2a: Arboliva|86/290|[from] Grassy Terrain\n|-fieldend|move: Grassy Terrain\n|upkeep\n|\n|t:|1781444444\n|switch|p1a: Cresselia|Cresselia, L80, F|154/323 par\n|-damage|p1a: Cresselia|114/323 par|[from] Stealth Rock\n|turn|29\n|\n|t:|1781444449\n|move|p2a: Arboliva|Strength Sap|p1a: Cresselia\n|-unboost|p1a: Cresselia|atk|1\n|-heal|p2a: Arboliva|203/290\n|move|p1a: Cresselia|Moonblast|p2a: Arboliva\n|-damage|p2a: Arboliva|160/290\n|-unboost|p2a: Arboliva|spa|1\n|-fieldstart|move: Grassy Terrain|[from] ability: Seed Sower|[of] p2a: Arboliva\n|\n|-heal|p2a: Arboliva|178/290|[from] Grassy Terrain\n|-heal|p1a: Cresselia|134/323 par|[from] item: Leftovers\n|upkeep\n|turn|30\n|-message|jeffouy forfeited.\n|\n|win|Bolsoobra\n|raw|jeffouy's rating: 1000 &rarr; <strong>1000</strong><br />(+0 for losing)\n|raw|Bolsoobra's rating: 1028 &rarr; <strong>1061</strong><br />(+33 for winning)\n|l|\u2606jeffouy\n|player|p1|\n", "uploadtime": 1781444472, "views": 4, "formatid": "gen9randombattle", "rating": 1000, "private": 0, "password": null}