{"id": "gen9randombattle-2631434367", "format": "[Gen 9] Random Battle", "players": ["e1i4n", "count.slapula"], "log": "|j|\u2606e1i4n\n|j|\u2606count.slapula\n|t:|1781384198\n|gametype|singles\n|player|p1|e1i4n|170|1569\n|player|p2|count.slapula|youngster-gen1rb|1563\n|gen|9\n|tier|[Gen 9] Random Battle\n|rated|\n|rule|Species Clause: Limit one of each Pok\u00e9mon\n|rule|HP Percentage Mod: HP is shown in percentages\n|rule|Sleep Clause Mod: Limit one foe put to sleep\n|rule|Illusion Level Mod: Illusion disguises the Pok\u00e9mon's true level\n|\n|t:|1781384198\n|teamsize|p1|6\n|teamsize|p2|6\n|start\n|switch|p1a: Mamoswine|Mamoswine, L81, F|311/311\n|switch|p2a: Blaziken|Blaziken, L76, M|247/247\n|turn|1\n|inactive|Battle timer is ON: inactive players will automatically lose when time's up. (requested by e1i4n)\n|\n|t:|1781384214\n|switch|p2a: Dachsbun|Dachsbun, L92, M|254/254\n|move|p1a: Mamoswine|Earthquake|p2a: Dachsbun\n|-damage|p2a: Dachsbun|144/254\n|-damage|p1a: Mamoswine|280/311|[from] item: Life Orb\n|\n|-heal|p2a: Dachsbun|159/254|[from] item: Leftovers\n|upkeep\n|turn|2\n|\n|t:|1781384227\n|switch|p1a: Misdreavus|Misdreavus, L90, M|254/254\n|move|p2a: Dachsbun|Yawn|p1a: Misdreavus\n|-start|p1a: Misdreavus|move: Yawn|[of] p2a: Dachsbun\n|\n|-heal|p2a: Dachsbun|174/254|[from] item: Leftovers\n|upkeep\n|turn|3\n|\n|t:|1781384241\n|move|p2a: Dachsbun|Wish|p2a: Dachsbun\n|move|p1a: Misdreavus|Draining Kiss|p2a: Dachsbun\n|-damage|p2a: Dachsbun|139/254\n|\n|-heal|p2a: Dachsbun|154/254|[from] item: Leftovers\n|-end|p1a: Misdreavus|move: Yawn|[silent]\n|-status|p1a: Misdreavus|slp\n|upkeep\n|turn|4\n|l|\u2606count.slapula\n|inactive|count.slapula disconnected and has a minute to reconnect!\n|player|p2|\n|j|\u2606count.slapula\n|inactive|count.slapula reconnected and has 135 seconds left.\n|player|p2|count.slapula|youngster-gen1rb|\n|\n|t:|1781384265\n|switch|p1a: Clawitzer|Clawitzer, L87, M|265/265\n|move|p2a: Dachsbun|Play Rough|p1a: Clawitzer|[miss]\n|-miss|p2a: Dachsbun|p1a: Clawitzer\n|\n|-heal|p2a: Dachsbun|254/254|[from] move: Wish|[wisher] Dachsbun\n|upkeep\n|turn|5\n|\n|t:|1781384269\n|move|p2a: Dachsbun|Play Rough|p1a: Clawitzer\n|-damage|p1a: Clawitzer|169/265\n|-unboost|p1a: Clawitzer|atk|1\n|move|p1a: Clawitzer|Water Pulse|p2a: Dachsbun\n|-damage|p2a: Dachsbun|140/254\n|-start|p2a: Dachsbun|confusion\n|\n|-heal|p2a: Dachsbun|155/254|[from] item: Leftovers\n|upkeep\n|turn|6\n|\n|t:|1781384274\n|-activate|p2a: Dachsbun|confusion\n|move|p2a: Dachsbun|Protect|p2a: Dachsbun\n|-singleturn|p2a: Dachsbun|Protect\n|move|p1a: Clawitzer|U-turn|p2a: Dachsbun\n|-activate|p2a: Dachsbun|move: Protect\n|\n|-heal|p2a: Dachsbun|170/254|[from] item: Leftovers\n|upkeep\n|turn|7\n|\n|t:|1781384277\n|-end|p2a: Dachsbun|confusion\n|move|p2a: Dachsbun|Wish|p2a: Dachsbun\n|move|p1a: Clawitzer|Water Pulse|p2a: Dachsbun\n|-damage|p2a: Dachsbun|47/254\n|\n|-heal|p2a: Dachsbun|62/254|[from] item: Leftovers\n|upkeep\n|turn|8\n|\n|t:|1781384287\n|move|p2a: Dachsbun|Protect|p2a: Dachsbun\n|-singleturn|p2a: Dachsbun|Protect\n|move|p1a: Clawitzer|Water Pulse|p2a: Dachsbun\n|-activate|p2a: Dachsbun|move: Protect\n|\n|-heal|p2a: Dachsbun|189/254|[from] move: Wish|[wisher] Dachsbun\n|-heal|p2a: Dachsbun|204/254|[from] item: Leftovers\n|upkeep\n|turn|9\n|\n|t:|1781384290\n|move|p2a: Dachsbun|Play Rough|p1a: Clawitzer\n|-damage|p1a: Clawitzer|76/265\n|move|p1a: Clawitzer|Water Pulse|p2a: Dachsbun\n|-damage|p2a: Dachsbun|96/254\n|\n|-heal|p2a: Dachsbun|111/254|[from] item: Leftovers\n|upkeep\n|turn|10\n|\n|t:|1781384299\n|move|p2a: Dachsbun|Play Rough|p1a: Clawitzer\n|-damage|p1a: Clawitzer|0 fnt\n|faint|p1a: Clawitzer\n|\n|-heal|p2a: Dachsbun|126/254|[from] item: Leftovers\n|upkeep\n|\n|t:|1781384308\n|switch|p1a: Dusknoir|Dusknoir, L89, M|225/225\n|-item|p2a: Dachsbun|Leftovers|[from] ability: Frisk|[of] p1a: Dusknoir\n|turn|11\n|\n|t:|1781384321\n|move|p2a: Dachsbun|Protect|p2a: Dachsbun\n|-singleturn|p2a: Dachsbun|Protect\n|move|p1a: Dusknoir|Poltergeist|p2a: Dachsbun\n|-activate|p2a: Dachsbun|move: Protect\n|\n|-heal|p2a: Dachsbun|141/254|[from] item: Leftovers\n|upkeep\n|turn|12\n|\n|t:|1781384325\n|switch|p2a: Komala|Komala, L88, F|258/258\n|-ability|p2a: Komala|Comatose\n|move|p1a: Dusknoir|Poltergeist|p2a: Komala\n|-immune|p2a: Komala\n|\n|upkeep\n|turn|13\n|\n|t:|1781384330\n|switch|p1a: Misdreavus|Misdreavus, L90, M|254/254 slp\n|move|p2a: Komala|Knock Off|p1a: Misdreavus\n|-supereffective|p1a: Misdreavus\n|-damage|p1a: Misdreavus|120/254 slp\n|-enditem|p1a: Misdreavus|Eviolite|[from] move: Knock Off|[of] p2a: Komala\n|\n|upkeep\n|turn|14\n|\n|t:|1781384333\n|cant|p1a: Misdreavus|slp\n|move|p2a: Komala|Knock Off|p1a: Misdreavus\n|-supereffective|p1a: Misdreavus\n|-damage|p1a: Misdreavus|0 fnt\n|faint|p1a: Misdreavus\n|\n|upkeep\n|\n|t:|1781384337\n|switch|p1a: Mamoswine|Mamoswine, L81, F|280/311\n|turn|15\n|\n|t:|1781384347\n|switch|p2a: Dachsbun|Dachsbun, L92, M|141/254\n|move|p1a: Mamoswine|Earthquake|p2a: Dachsbun\n|-damage|p2a: Dachsbun|23/254\n|-damage|p1a: Mamoswine|249/311|[from] item: Life Orb\n|\n|-heal|p2a: Dachsbun|38/254|[from] item: Leftovers\n|upkeep\n|turn|16\n|\n|t:|1781384355\n|move|p2a: Dachsbun|Protect|p2a: Dachsbun\n|-singleturn|p2a: Dachsbun|Protect\n|move|p1a: Mamoswine|Earthquake|p2a: Dachsbun\n|-activate|p2a: Dachsbun|move: Protect\n|\n|-heal|p2a: Dachsbun|53/254|[from] item: Leftovers\n|upkeep\n|turn|17\n|\n|t:|1781384360\n|switch|p2a: Tsareena|Tsareena, L87, F|267/267\n|move|p1a: Mamoswine|Earthquake|p2a: Tsareena\n|-resisted|p2a: Tsareena\n|-damage|p2a: Tsareena|196/267\n|-damage|p1a: Mamoswine|218/311|[from] item: Life Orb\n|\n|upkeep\n|turn|18\n|\n|t:|1781384369\n|switch|p1a: Dusknoir|Dusknoir, L89, M|225/225\n|-item|p2a: Tsareena|Heavy-Duty Boots|[from] ability: Frisk|[of] p1a: Dusknoir\n|-terastallize|p2a: Tsareena|Fighting\n|move|p2a: Tsareena|High Jump Kick|p1a: Dusknoir\n|-immune|p1a: Dusknoir\n|-damage|p2a: Tsareena|63/267|[from] highjumpkick\n|\n|upkeep\n|turn|19\n|\n|t:|1781384377\n|move|p2a: Tsareena|Synthesis|p2a: Tsareena\n|-heal|p2a: Tsareena|196/267\n|move|p1a: Dusknoir|Earthquake|p2a: Tsareena\n|-damage|p2a: Tsareena|94/267\n|\n|upkeep\n|turn|20\n|\n|t:|1781384384\n|switch|p2a: Ogerpon|Ogerpon, L80, F|259/259\n|move|p1a: Dusknoir|Earthquake|p2a: Ogerpon\n|-resisted|p2a: Ogerpon\n|-damage|p2a: Ogerpon|195/259\n|\n|-heal|p2a: Ogerpon|211/259|[from] item: Leftovers\n|upkeep\n|turn|21\n|\n|t:|1781384393\n|switch|p1a: Minun|Minun, L95, M|268/268\n|move|p2a: Ogerpon|Spikes|p1a: Minun\n|-sidestart|p1: e1i4n|Spikes\n|\n|-heal|p2a: Ogerpon|227/259|[from] item: Leftovers\n|upkeep\n|turn|22\n|\n|t:|1781384401\n|move|p1a: Minun|Alluring Voice|p2a: Ogerpon\n|-damage|p2a: Ogerpon|156/259\n|-damage|p1a: Minun|242/268|[from] item: Life Orb\n|move|p2a: Ogerpon|Encore|p1a: Minun\n|-start|p1a: Minun|Encore\n|\n|-heal|p2a: Ogerpon|172/259|[from] item: Leftovers\n|upkeep\n|turn|23\n|\n|t:|1781384411\n|switch|p1a: Dusknoir|Dusknoir, L89, M|225/225\n|-damage|p1a: Dusknoir|197/225|[from] Spikes\n|-item|p2a: Ogerpon|Leftovers|[from] ability: Frisk|[of] p1a: Dusknoir\n|switch|p2a: Glastrier|Glastrier, L86|312/312\n|\n|upkeep\n|turn|24\n|\n|t:|1781384416\n|move|p1a: Dusknoir|Poltergeist|p2a: Glastrier\n|-activate|p2a: Glastrier|move: Poltergeist|Heavy-Duty Boots\n|-damage|p2a: Glastrier|176/312\n|move|p2a: Glastrier|Icicle Crash|p1a: Dusknoir|[miss]\n|-miss|p2a: Glastrier|p1a: Dusknoir\n|\n|upkeep\n|turn|25\n|\n|t:|1781384422\n|switch|p1a: Primarina|Primarina, L83, M|268/268\n|-damage|p1a: Primarina|235/268|[from] Spikes\n|move|p2a: Glastrier|Icicle Crash|p1a: Primarina\n|-resisted|p1a: Primarina\n|-damage|p1a: Primarina|155/268\n|\n|-heal|p1a: Primarina|171/268|[from] item: Leftovers\n|upkeep\n|turn|26\n|\n|t:|1781384437\n|move|p1a: Primarina|Psychic Noise|p2a: Glastrier\n|-crit|p2a: Glastrier\n|-damage|p2a: Glastrier|52/312\n|-start|p2a: Glastrier|move: Heal Block\n|move|p2a: Glastrier|Heavy Slam|p1a: Primarina\n|-damage|p1a: Primarina|32/268\n|\n|-heal|p1a: Primarina|48/268|[from] item: Leftovers\n|upkeep\n|turn|27\n|\n|t:|1781384442\n|move|p1a: Primarina|Draining Kiss|p2a: Glastrier\n|-damage|p2a: Glastrier|3/312\n|-heal|p1a: Primarina|85/268|[from] drain|[of] p2a: Glastrier\n|move|p2a: Glastrier|Icicle Crash|p1a: Primarina\n|-resisted|p1a: Primarina\n|-damage|p1a: Primarina|7/268\n|\n|-heal|p1a: Primarina|23/268|[from] item: Leftovers\n|-end|p2a: Glastrier|move: Heal Block\n|upkeep\n|turn|28\n|\n|t:|1781384445\n|move|p1a: Primarina|Draining Kiss|p2a: Glastrier\n|-damage|p2a: Glastrier|0 fnt\n|-heal|p1a: Primarina|25/268|[from] drain|[of] p2a: Glastrier\n|faint|p2a: Glastrier\n|\n|-heal|p1a: Primarina|41/268|[from] item: Leftovers\n|upkeep\n|\n|t:|1781384453\n|switch|p2a: Dachsbun|Dachsbun, L92, M|53/254\n|turn|29\n|\n|t:|1781384456\n|move|p2a: Dachsbun|Play Rough|p1a: Primarina|[miss]\n|-miss|p2a: Dachsbun|p1a: Primarina\n|move|p1a: Primarina|Calm Mind|p1a: Primarina\n|-boost|p1a: Primarina|spa|1\n|-boost|p1a: Primarina|spd|1\n|\n|-heal|p2a: Dachsbun|68/254|[from] item: Leftovers\n|-heal|p1a: Primarina|57/268|[from] item: Leftovers\n|upkeep\n|turn|30\n|\n|t:|1781384460\n|move|p2a: Dachsbun|Play Rough|p1a: Primarina\n|-damage|p1a: Primarina|0 fnt\n|faint|p1a: Primarina\n|\n|-heal|p2a: Dachsbun|83/254|[from] item: Leftovers\n|upkeep\n|\n|t:|1781384463\n|switch|p1a: Mamoswine|Mamoswine, L81, F|218/311\n|-damage|p1a: Mamoswine|180/311|[from] Spikes\n|turn|31\n|\n|t:|1781384467\n|move|p2a: Dachsbun|Protect|p2a: Dachsbun\n|-singleturn|p2a: Dachsbun|Protect\n|move|p1a: Mamoswine|Stealth Rock|p2a: Dachsbun\n|-sidestart|p2: count.slapula|move: Stealth Rock\n|\n|-heal|p2a: Dachsbun|98/254|[from] item: Leftovers\n|upkeep\n|turn|32\n|\n|t:|1781384472\n|move|p2a: Dachsbun|Yawn|p1a: Mamoswine\n|-start|p1a: Mamoswine|move: Yawn|[of] p2a: Dachsbun\n|move|p1a: Mamoswine|Icicle Crash|p2a: Dachsbun\n|-damage|p2a: Dachsbun|0 fnt\n|faint|p2a: Dachsbun\n|-damage|p1a: Mamoswine|149/311|[from] item: Life Orb\n|\n|upkeep\n|\n|t:|1781384484\n|switch|p2a: Tsareena|Tsareena, L87, F, tera:Fighting|94/267\n|turn|33\n|\n|t:|1781384487\n|switch|p1a: Minun|Minun, L95, M|242/268\n|-damage|p1a: Minun|209/268|[from] Spikes\n|move|p2a: Tsareena|Synthesis|p2a: Tsareena\n|-heal|p2a: Tsareena|227/267\n|\n|upkeep\n|turn|34\n|\n|t:|1781384499\n|switch|p2a: Komala|Komala, L88, F|258/258\n|-damage|p2a: Komala|226/258|[from] Stealth Rock\n|-ability|p2a: Komala|Comatose\n|move|p1a: Minun|Nasty Plot|p1a: Minun\n|-boost|p1a: Minun|spa|2\n|\n|upkeep\n|turn|35\n|\n|t:|1781384503\n|move|p1a: Minun|Thunderbolt|p2a: Komala\n|-damage|p2a: Komala|70/258\n|-damage|p1a: Minun|183/268|[from] item: Life Orb\n|move|p2a: Komala|Rapid Spin|p1a: Minun\n|-damage|p1a: Minun|96/268\n|-boost|p2a: Komala|spe|1\n|-sideend|p2: count.slapula|Stealth Rock|[from] move: Rapid Spin|[of] p2a: Komala\n|\n|upkeep\n|turn|36\n|\n|t:|1781384508\n|move|p2a: Komala|Earthquake|p1a: Minun\n|-supereffective|p1a: Minun\n|-damage|p1a: Minun|0 fnt\n|faint|p1a: Minun\n|\n|upkeep\n|\n|t:|1781384514\n|switch|p1a: Mamoswine|Mamoswine, L81, F|149/311\n|-damage|p1a: Mamoswine|111/311|[from] Spikes\n|turn|37\n|\n|t:|1781384518\n|move|p2a: Komala|Body Slam|p1a: Mamoswine\n|-damage|p1a: Mamoswine|0 fnt\n|faint|p1a: Mamoswine\n|\n|upkeep\n|\n|t:|1781384520\n|switch|p1a: Dusknoir|Dusknoir, L89, M|197/225\n|-damage|p1a: Dusknoir|169/225|[from] Spikes\n|-item|p2a: Komala|Assault Vest|[from] ability: Frisk|[of] p1a: Dusknoir\n|turn|38\n|\n|t:|1781384530\n|move|p2a: Komala|Knock Off|p1a: Dusknoir\n|-supereffective|p1a: Dusknoir\n|-damage|p1a: Dusknoir|45/225\n|-enditem|p1a: Dusknoir|Choice Band|[from] move: Knock Off|[of] p2a: Komala\n|move|p1a: Dusknoir|Leech Life|p2a: Komala\n|-damage|p2a: Komala|0 fnt\n|-heal|p1a: Dusknoir|80/225|[from] drain|[of] p2a: Komala\n|faint|p2a: Komala\n|\n|upkeep\n|\n|t:|1781384534\n|switch|p2a: Tsareena|Tsareena, L87, F, tera:Fighting|227/267\n|turn|39\n|\n|t:|1781384538\n|move|p2a: Tsareena|Power Whip|p1a: Dusknoir\n|-damage|p1a: Dusknoir|0 fnt\n|faint|p1a: Dusknoir\n|\n|win|count.slapula\n|raw|e1i4n's rating: 1569 &rarr; <strong>1549</strong><br />(-20 for losing)\n|raw|count.slapula's rating: 1563 &rarr; <strong>1583</strong><br />(+20 for winning)\n|l|\u2606e1i4n\n|player|p1|\n", "uploadtime": 1781384541, "views": 10, "formatid": "gen9randombattle", "rating": 1549, "private": 0, "password": null}