{"id": "gen9randombattle-2631527067", "format": "[Gen 9] Random Battle", "players": ["Zayco_br", "dsagads32tasdg"], "log": "|j|\u2606Zayco_br\n|j|\u2606dsagads32tasdg\n|t:|1781396788\n|gametype|singles\n|player|p1|Zayco_br|1|1040\n|player|p2|dsagads32tasdg|170|1000\n|gen|9\n|tier|[Gen 9] Random Battle\n|rated|\n|rule|Species Clause: Limit one of each Pok\u00e9mon\n|rule|HP Percentage Mod: HP is shown in percentages\n|rule|Sleep Clause Mod: Limit one foe put to sleep\n|rule|Illusion Level Mod: Illusion disguises the Pok\u00e9mon's true level\n|\n|t:|1781396788\n|teamsize|p1|6\n|teamsize|p2|6\n|start\n|switch|p1a: Ogerpon|Ogerpon-Wellspring, L76, F|247/247\n|switch|p2a: Lokix|Lokix, L82, M|251/251\n|turn|1\n|\n|t:|1781396799\n|move|p2a: Lokix|First Impression|p1a: Ogerpon\n|-supereffective|p1a: Ogerpon\n|-damage|p1a: Ogerpon|0 fnt\n|faint|p1a: Ogerpon\n|-damage|p2a: Lokix|226/251|[from] item: Life Orb\n|\n|upkeep\n|inactive|Battle timer is ON: inactive players will automatically lose when time's up. (requested by dsagads32tasdg)\n|\n|t:|1781396813\n|switch|p1a: Armarouge|Armarouge, L80, M|267/267\n|turn|2\n|\n|t:|1781396823\n|switch|p2a: Camerupt|Camerupt, L91, F|275/275\n|move|p1a: Armarouge|Armor Cannon|p2a: Camerupt\n|-resisted|p2a: Camerupt\n|-damage|p2a: Camerupt|194/275\n|-unboost|p1a: Armarouge|def|1\n|-unboost|p1a: Armarouge|spd|1\n|\n|-heal|p2a: Camerupt|211/275|[from] item: Leftovers\n|upkeep\n|turn|3\n|\n|t:|1781396838\n|switch|p1a: Tauros|Tauros-Paldea-Aqua, L81, M|254/254\n|-ability|p1a: Tauros|Intimidate|boost\n|-unboost|p2a: Camerupt|atk|1\n|move|p2a: Camerupt|Stealth Rock|p1a: Tauros\n|-sidestart|p1: Zayco_br|move: Stealth Rock\n|\n|-heal|p2a: Camerupt|228/275|[from] item: Leftovers\n|upkeep\n|turn|4\n|\n|t:|1781396848\n|switch|p2a: Amoonguss|Amoonguss, L82, M|321/321\n|move|p1a: Tauros|Aqua Jet|p2a: Amoonguss\n|-resisted|p2a: Amoonguss\n|-damage|p2a: Amoonguss|287/321\n|-damage|p1a: Tauros|229/254|[from] item: Life Orb\n|\n|-heal|p2a: Amoonguss|307/321|[from] item: Leftovers\n|upkeep\n|turn|5\n|\n|t:|1781396866\n|switch|p1a: Armarouge|Armarouge, L80, M|267/267\n|-damage|p1a: Armarouge|201/267|[from] Stealth Rock\n|move|p2a: Amoonguss|Spore|p1a: Armarouge\n|-status|p1a: Armarouge|slp|[from] move: Spore\n|\n|-heal|p2a: Amoonguss|321/321|[from] item: Leftovers\n|upkeep\n|turn|6\n|\n|t:|1781396876\n|switch|p2a: Camerupt|Camerupt, L91, F|228/275\n|cant|p1a: Armarouge|slp\n|\n|-heal|p2a: Camerupt|245/275|[from] item: Leftovers\n|upkeep\n|turn|7\n|\n|t:|1781396893\n|cant|p1a: Armarouge|slp\n|move|p2a: Camerupt|Earthquake|p1a: Armarouge\n|-supereffective|p1a: Armarouge\n|-damage|p1a: Armarouge|0 fnt\n|faint|p1a: Armarouge\n|\n|-heal|p2a: Camerupt|262/275|[from] item: Leftovers\n|upkeep\n|\n|t:|1781396902\n|switch|p1a: Tauros|Tauros-Paldea-Aqua, L81, M|229/254\n|-damage|p1a: Tauros|214/254|[from] Stealth Rock\n|-ability|p1a: Tauros|Intimidate|boost\n|-unboost|p2a: Camerupt|atk|1\n|turn|8\n|\n|t:|1781396910\n|switch|p1a: Regidrago|Regidrago, L77|435/435\n|-damage|p1a: Regidrago|381/435|[from] Stealth Rock\n|switch|p2a: Amoonguss|Amoonguss, L82, M|321/321\n|\n|upkeep\n|turn|9\n|\n|t:|1781396919\n|move|p1a: Regidrago|Dragon Dance|p1a: Regidrago\n|-boost|p1a: Regidrago|atk|1\n|-boost|p1a: Regidrago|spe|1\n|move|p2a: Amoonguss|Spore|p1a: Regidrago\n|-status|p1a: Regidrago|slp|[from] move: Spore\n|-enditem|p1a: Regidrago|Lum Berry|[eat]\n|-curestatus|p1a: Regidrago|slp|[msg]\n|\n|upkeep\n|turn|10\n|\n|t:|1781396930\n|move|p1a: Regidrago|Draco Meteor|p2a: Amoonguss\n|-damage|p2a: Amoonguss|135/321\n|-unboost|p1a: Regidrago|spa|2\n|move|p2a: Amoonguss|Spore|p1a: Regidrago\n|-status|p1a: Regidrago|slp|[from] move: Spore\n|\n|-heal|p2a: Amoonguss|155/321|[from] item: Leftovers\n|upkeep\n|turn|11\n|\n|t:|1781396939\n|cant|p1a: Regidrago|slp\n|move|p2a: Amoonguss|Clear Smog|p1a: Regidrago\n|-damage|p1a: Regidrago|306/435 slp\n|-clearboost|p1a: Regidrago\n|\n|-heal|p2a: Amoonguss|175/321|[from] item: Leftovers\n|upkeep\n|turn|12\n|\n|t:|1781396947\n|cant|p1a: Regidrago|slp\n|move|p2a: Amoonguss|Sludge Bomb|p1a: Regidrago\n|-damage|p1a: Regidrago|173/435 slp\n|\n|-heal|p2a: Amoonguss|195/321|[from] item: Leftovers\n|upkeep\n|turn|13\n|\n|t:|1781396956\n|switch|p2a: Camerupt|Camerupt, L91, F|262/275\n|-curestatus|p1a: Regidrago|slp|[msg]\n|move|p1a: Regidrago|Draco Meteor|p2a: Camerupt\n|-damage|p2a: Camerupt|87/275\n|-unboost|p1a: Regidrago|spa|2\n|\n|-heal|p2a: Camerupt|104/275|[from] item: Leftovers\n|upkeep\n|turn|14\n|\n|t:|1781396974\n|switch|p1a: Tauros|Tauros-Paldea-Aqua, L81, M|214/254\n|-damage|p1a: Tauros|199/254|[from] Stealth Rock\n|-ability|p1a: Tauros|Intimidate|boost\n|-unboost|p2a: Camerupt|atk|1\n|move|p2a: Camerupt|Earthquake|p1a: Tauros\n|-damage|p1a: Tauros|126/254\n|\n|-heal|p2a: Camerupt|121/275|[from] item: Leftovers\n|upkeep\n|turn|15\n|\n|t:|1781396992\n|switch|p2a: Amoonguss|Amoonguss, L82, M|302/321\n|-terastallize|p1a: Tauros|Water\n|move|p1a: Tauros|Close Combat|p2a: Amoonguss\n|-resisted|p2a: Amoonguss\n|-crit|p2a: Amoonguss\n|-damage|p2a: Amoonguss|143/321\n|-unboost|p1a: Tauros|def|1\n|-unboost|p1a: Tauros|spd|1\n|-damage|p1a: Tauros|101/254|[from] item: Life Orb\n|\n|-heal|p2a: Amoonguss|163/321|[from] item: Leftovers\n|upkeep\n|turn|16\n|\n|t:|1781397004\n|move|p1a: Tauros|Close Combat|p2a: Amoonguss\n|-resisted|p2a: Amoonguss\n|-damage|p2a: Amoonguss|56/321\n|-unboost|p1a: Tauros|def|1\n|-unboost|p1a: Tauros|spd|1\n|-damage|p1a: Tauros|76/254|[from] item: Life Orb\n|move|p2a: Amoonguss|Giga Drain|p1a: Tauros\n|-supereffective|p1a: Tauros\n|-damage|p1a: Tauros|0 fnt\n|-heal|p2a: Amoonguss|94/321|[from] drain|[of] p1a: Tauros\n|faint|p1a: Tauros\n|\n|-heal|p2a: Amoonguss|114/321|[from] item: Leftovers\n|upkeep\n|\n|t:|1781397018\n|switch|p1a: Kyurem|Kyurem, L77|319/319\n|-damage|p1a: Kyurem|240/319|[from] Stealth Rock\n|-ability|p1a: Kyurem|Pressure\n|turn|17\n|\n|t:|1781397028\n|move|p1a: Kyurem|Icicle Spear|p2a: Amoonguss\n|-supereffective|p2a: Amoonguss\n|-damage|p2a: Amoonguss|42/321\n|-supereffective|p2a: Amoonguss\n|-damage|p2a: Amoonguss|0 fnt\n|faint|p2a: Amoonguss\n|-hitcount|p2: Amoonguss|2\n|\n|upkeep\n|\n|t:|1781397045\n|switch|p2a: Necrozma|Necrozma-Dusk-Mane, L69|248/248\n|turn|18\n|\n|t:|1781397064\n|switch|p1a: Regidrago|Regidrago, L77|173/435\n|-damage|p1a: Regidrago|119/435|[from] Stealth Rock\n|move|p2a: Necrozma|Dragon Dance|p2a: Necrozma\n|-boost|p2a: Necrozma|atk|1\n|-boost|p2a: Necrozma|spe|1\n|\n|upkeep\n|turn|19\n|\n|t:|1781397077\n|move|p2a: Necrozma|Dragon Dance|p2a: Necrozma\n|-boost|p2a: Necrozma|atk|1\n|-boost|p2a: Necrozma|spe|1\n|move|p1a: Regidrago|Earthquake|p2a: Necrozma\n|-supereffective|p2a: Necrozma\n|-damage|p2a: Necrozma|161/248\n|-enditem|p2a: Necrozma|Weakness Policy\n|-boost|p2a: Necrozma|atk|2|[from] item: Weakness Policy\n|-boost|p2a: Necrozma|spa|2|[from] item: Weakness Policy\n|\n|upkeep\n|turn|20\n|\n|t:|1781397086\n|move|p2a: Necrozma|Earthquake|p1a: Regidrago\n|-damage|p1a: Regidrago|0 fnt\n|faint|p1a: Regidrago\n|\n|upkeep\n|\n|t:|1781397090\n|switch|p1a: Hypno|Hypno, L95, M|315/315\n|-damage|p1a: Hypno|276/315|[from] Stealth Rock\n|turn|21\n|\n|t:|1781397095\n|-terastallize|p2a: Necrozma|Steel\n|move|p2a: Necrozma|Sunsteel Strike|p1a: Hypno\n|-damage|p1a: Hypno|0 fnt\n|faint|p1a: Hypno\n|\n|upkeep\n|\n|t:|1781397102\n|switch|p1a: Kyurem|Kyurem, L77|240/319\n|-damage|p1a: Kyurem|161/319|[from] Stealth Rock\n|-ability|p1a: Kyurem|Pressure\n|turn|22\n|\n|t:|1781397114\n|move|p2a: Necrozma|Sunsteel Strike|p1a: Kyurem\n|-supereffective|p1a: Kyurem\n|-damage|p1a: Kyurem|0 fnt\n|faint|p1a: Kyurem\n|\n|win|dsagads32tasdg\n|raw|Zayco_br's rating: 1040 &rarr; <strong>1022</strong><br />(-18 for losing)\n|raw|dsagads32tasdg's rating: 1000 &rarr; <strong>1045</strong><br />(+45 for winning)\n|l|\u2606Zayco_br\n|player|p1|\n", "uploadtime": 1781397161, "views": 5, "formatid": "gen9randombattle", "rating": 1022, "private": 0, "password": null}