{"id": "gen9randombattle-2631844450", "format": "[Gen 9] Random Battle", "players": ["Glinteighty", "PartyTrain9"], "log": "|j|\u2606Glinteighty\n|j|\u2606PartyTrain9\n|t:|1781447294\n|gametype|singles\n|player|p1|Glinteighty|102|2058\n|player|p2|PartyTrain9|266|2030\n|gen|9\n|tier|[Gen 9] Random Battle\n|rated|\n|rule|Species Clause: Limit one of each Pok\u00e9mon\n|rule|HP Percentage Mod: HP is shown in percentages\n|rule|Sleep Clause Mod: Limit one foe put to sleep\n|rule|Illusion Level Mod: Illusion disguises the Pok\u00e9mon's true level\n|\n|t:|1781447294\n|teamsize|p1|6\n|teamsize|p2|6\n|start\n|switch|p1a: Swampert|Swampert, L83, M|302/302\n|switch|p2a: Iron Leaves|Iron Leaves, L80|275/275\n|turn|1\n|inactive|Battle timer is ON: inactive players will automatically lose when time's up. (requested by PartyTrain9)\n|\n|t:|1781447316\n|switch|p1a: Chandelure|Chandelure, L83, M|235/235\n|move|p2a: Iron Leaves|Swords Dance|p2a: Iron Leaves\n|-boost|p2a: Iron Leaves|atk|2\n|\n|upkeep\n|turn|2\n|\n|t:|1781447320\n|move|p2a: Iron Leaves|Psyblade|p1a: Chandelure\n|-damage|p1a: Chandelure|0 fnt\n|faint|p1a: Chandelure\n|-damage|p2a: Iron Leaves|248/275|[from] item: Life Orb\n|\n|upkeep\n|\n|t:|1781447329\n|switch|p1a: Gumshoos|Gumshoos, L95, F|321/321\n|turn|3\n|\n|t:|1781447334\n|move|p2a: Iron Leaves|Close Combat|p1a: Gumshoos\n|-supereffective|p1a: Gumshoos\n|-damage|p1a: Gumshoos|0 fnt\n|-unboost|p2a: Iron Leaves|def|1\n|-unboost|p2a: Iron Leaves|spd|1\n|faint|p1a: Gumshoos\n|-damage|p2a: Iron Leaves|221/275|[from] item: Life Orb\n|\n|upkeep\n|\n|t:|1781447343\n|switch|p1a: Swampert|Swampert, L83, M|302/302\n|turn|4\n|\n|t:|1781447347\n|-terastallize|p1a: Swampert|Poison\n|move|p2a: Iron Leaves|Leaf Blade|p1a: Swampert\n|-resisted|p1a: Swampert\n|-damage|p1a: Swampert|153/302\n|-damage|p2a: Iron Leaves|194/275|[from] item: Life Orb\n|move|p1a: Swampert|Ice Beam|p2a: Iron Leaves\n|-supereffective|p2a: Iron Leaves\n|-damage|p2a: Iron Leaves|48/275\n|\n|-heal|p1a: Swampert|171/302|[from] item: Leftovers\n|upkeep\n|turn|5\n|\n|t:|1781447362\n|move|p2a: Iron Leaves|Psyblade|p1a: Swampert\n|-supereffective|p1a: Swampert\n|-damage|p1a: Swampert|0 fnt\n|faint|p1a: Swampert\n|-damage|p2a: Iron Leaves|21/275|[from] item: Life Orb\n|\n|upkeep\n|\n|t:|1781447369\n|switch|p1a: Quaquaval|Quaquaval, L79, F|264/264\n|turn|6\n|\n|t:|1781447371\n|switch|p1a: Ogerpon|Ogerpon-Hearthflame, L74, F|239/239\n|-ability|p1a: Ogerpon|Mold Breaker\n|move|p2a: Iron Leaves|Leaf Blade|p1a: Ogerpon\n|-resisted|p1a: Ogerpon\n|-damage|p1a: Ogerpon|161/239\n|-damage|p2a: Iron Leaves|0 fnt|[from] item: Life Orb\n|faint|p2a: Iron Leaves\n|-end|p2a: Iron Leaves|Quark Drive|[silent]\n|\n|upkeep\n|\n|t:|1781447379\n|switch|p2a: Ursaring|Ursaring, L84, F|288/288\n|turn|7\n|\n|t:|1781447387\n|move|p1a: Ogerpon|Ivy Cudgel|p2a: Ursaring|[anim] Ivy Cudgel Fire\n|-damage|p2a: Ursaring|165/288\n|move|p2a: Ursaring|Swords Dance|p2a: Ursaring\n|-boost|p2a: Ursaring|atk|2\n|\n|-status|p2a: Ursaring|tox|[from] item: Toxic Orb\n|upkeep\n|turn|8\n|\n|t:|1781447392\n|move|p2a: Ursaring|Facade|p1a: Ogerpon\n|-damage|p1a: Ogerpon|0 fnt\n|faint|p1a: Ogerpon\n|\n|-damage|p2a: Ursaring|147/288 tox|[from] psn\n|upkeep\n|\n|t:|1781447396\n|switch|p1a: Landorus|Landorus, L75, M|257/257\n|turn|9\n|\n|t:|1781447400\n|-terastallize|p2a: Ursaring|Normal\n|move|p2a: Ursaring|Facade|p1a: Landorus\n|-damage|p1a: Landorus|0 fnt\n|faint|p1a: Landorus\n|\n|-damage|p2a: Ursaring|111/288 tox|[from] psn\n|upkeep\n|\n|t:|1781447402\n|switch|p1a: Quaquaval|Quaquaval, L79, F|264/264\n|turn|10\n|\n|t:|1781447405\n|move|p2a: Ursaring|Facade|p1a: Quaquaval\n|-damage|p1a: Quaquaval|0 fnt\n|faint|p1a: Quaquaval\n|\n|win|PartyTrain9\n", "uploadtime": 1781447296, "views": 3, "formatid": "gen9randombattle", "rating": null, "private": 0, "password": null}