{"id": "gen9randombattle-2631918794", "format": "[Gen 9] Random Battle", "players": ["degentew", "ZannaBianca99"], "log": "|j|\u2606degentew\n|j|\u2606ZannaBianca99\n|t:|1781455568\n|gametype|singles\n|player|p1|degentew|miku-flying|1995\n|player|p2|ZannaBianca99|102|1957\n|gen|9\n|tier|[Gen 9] Random Battle\n|rated|\n|rule|Species Clause: Limit one of each Pok\u00e9mon\n|rule|HP Percentage Mod: HP is shown in percentages\n|rule|Sleep Clause Mod: Limit one foe put to sleep\n|rule|Illusion Level Mod: Illusion disguises the Pok\u00e9mon's true level\n|\n|t:|1781455568\n|teamsize|p1|6\n|teamsize|p2|6\n|start\n|switch|p1a: Oricorio|Oricorio-Sensu, L85, F|266/266\n|switch|p2a: Rotom|Rotom-Mow, L87|229/229\n|turn|1\n|inactive|Battle timer is ON: inactive players will automatically lose when time's up. (requested by degentew)\n|\n|t:|1781455582\n|move|p1a: Oricorio|Quiver Dance|p1a: Oricorio\n|-boost|p1a: Oricorio|spa|1\n|-boost|p1a: Oricorio|spd|1\n|-boost|p1a: Oricorio|spe|1\n|move|p2a: Rotom|Nasty Plot|p2a: Rotom\n|-boost|p2a: Rotom|spa|2\n|\n|upkeep\n|turn|2\n|\n|t:|1781455591\n|move|p1a: Oricorio|Quiver Dance|p1a: Oricorio\n|-boost|p1a: Oricorio|spa|1\n|-boost|p1a: Oricorio|spd|1\n|-boost|p1a: Oricorio|spe|1\n|move|p2a: Rotom|Thunderbolt|p1a: Oricorio\n|-supereffective|p1a: Oricorio\n|-damage|p1a: Oricorio|24/266\n|\n|upkeep\n|turn|3\n|\n|t:|1781455607\n|move|p1a: Oricorio|Hurricane|p2a: Rotom\n|-damage|p2a: Rotom|22/229\n|move|p2a: Rotom|Thunderbolt|p1a: Oricorio\n|-supereffective|p1a: Oricorio\n|-damage|p1a: Oricorio|0 fnt\n|faint|p1a: Oricorio\n|\n|-heal|p2a: Rotom|36/229|[from] item: Leftovers\n|upkeep\n|\n|t:|1781455621\n|switch|p1a: Haxorus|Haxorus, L77, F|244/244\n|-ability|p1a: Haxorus|Mold Breaker\n|turn|4\n|\n|t:|1781455626\n|switch|p2a: Ribombee|Ribombee, L83, M|235/235\n|move|p1a: Haxorus|Scale Shot|p2a: Ribombee\n|-immune|p2a: Ribombee\n|\n|upkeep\n|turn|5\n|\n|t:|1781455634\n|move|p2a: Ribombee|Stun Spore|p1a: Haxorus|[miss]\n|-miss|p2a: Ribombee|p1a: Haxorus\n|move|p1a: Haxorus|Iron Head|p2a: Ribombee\n|-supereffective|p2a: Ribombee\n|-damage|p2a: Ribombee|67/235\n|\n|upkeep\n|turn|6\n|\n|t:|1781455638\n|move|p2a: Ribombee|Sticky Web|p1a: Haxorus\n|-sidestart|p1: degentew|move: Sticky Web\n|move|p1a: Haxorus|Iron Head|p2a: Ribombee\n|-supereffective|p2a: Ribombee\n|-damage|p2a: Ribombee|0 fnt\n|faint|p2a: Ribombee\n|\n|upkeep\n|\n|t:|1781455645\n|switch|p2a: Meowscarada|Meowscarada, L78, M|247/247\n|turn|7\n|\n|t:|1781455650\n|move|p2a: Meowscarada|Triple Axel|p1a: Haxorus\n|-start|p2a: Meowscarada|typechange|Ice|[from] ability: Protean\n|-supereffective|p1a: Haxorus\n|-damage|p1a: Haxorus|187/244\n|-supereffective|p1a: Haxorus\n|-damage|p1a: Haxorus|70/244\n|-supereffective|p1a: Haxorus\n|-damage|p1a: Haxorus|0 fnt\n|faint|p1a: Haxorus\n|-hitcount|p1: Haxorus|3\n|-damage|p2a: Meowscarada|223/247|[from] item: Life Orb\n|\n|upkeep\n|\n|t:|1781455653\n|switch|p1a: Passimian|Passimian, L83, M|302/302\n|-activate|p1a: Passimian|move: Sticky Web\n|-unboost|p1a: Passimian|spe|1\n|-ability|p1a: Passimian|Defiant|boost\n|-boost|p1a: Passimian|atk|2\n|turn|8\n|\n|t:|1781455662\n|switch|p2a: Rotom|Rotom-Mow, L87|36/229\n|move|p1a: Passimian|U-turn|p2a: Rotom\n|-supereffective|p2a: Rotom\n|-damage|p2a: Rotom|0 fnt\n|faint|p2a: Rotom\n|\n|t:|1781455666\n|switch|p1a: Ting-Lu|Ting-Lu, L78|370/370|[from] U-turn\n|-activate|p1a: Ting-Lu|move: Sticky Web\n|-unboost|p1a: Ting-Lu|spe|1\n|-ability|p1a: Ting-Lu|Vessel of Ruin\n|\n|upkeep\n|\n|t:|1781455674\n|switch|p2a: Meowscarada|Meowscarada, L78, M|223/247\n|turn|9\n|\n|t:|1781455678\n|move|p2a: Meowscarada|Flower Trick|p1a: Ting-Lu\n|-start|p2a: Meowscarada|typechange|Grass|[from] ability: Protean\n|-supereffective|p1a: Ting-Lu\n|-crit|p1a: Ting-Lu\n|-damage|p1a: Ting-Lu|136/370\n|-damage|p2a: Meowscarada|199/247|[from] item: Life Orb\n|move|p1a: Ting-Lu|Heavy Slam|p2a: Meowscarada\n|-damage|p2a: Meowscarada|100/247\n|\n|upkeep\n|turn|10\n|\n|t:|1781455684\n|move|p2a: Meowscarada|Flower Trick|p1a: Ting-Lu\n|-supereffective|p1a: Ting-Lu\n|-crit|p1a: Ting-Lu\n|-damage|p1a: Ting-Lu|0 fnt\n|faint|p1a: Ting-Lu\n|-damage|p2a: Meowscarada|76/247|[from] item: Life Orb\n|\n|upkeep\n|\n|t:|1781455689\n|switch|p1a: Kingambit|Kingambit, L74, F|270/270\n|-activate|p1a: Kingambit|move: Sticky Web\n|-unboost|p1a: Kingambit|spe|1\n|-activate|p1a: Kingambit|ability: Supreme Overlord\n|-start|p1a: Kingambit|fallen3|[silent]\n|turn|11\n|\n|t:|1781455693\n|move|p2a: Meowscarada|Toxic Spikes|p1a: Kingambit\n|-sidestart|p1: degentew|move: Toxic Spikes\n|move|p1a: Kingambit|Swords Dance|p1a: Kingambit\n|-boost|p1a: Kingambit|atk|2\n|\n|upkeep\n|turn|12\n|\n|t:|1781455697\n|switch|p2a: Iron Hands|Iron Hands, L79|373/373\n|move|p1a: Kingambit|Swords Dance|p1a: Kingambit\n|-boost|p1a: Kingambit|atk|2\n|\n|upkeep\n|turn|13\n|\n|t:|1781455701\n|move|p2a: Iron Hands|Volt Switch|p1a: Kingambit\n|-damage|p1a: Kingambit|225/270\n|\n|t:|1781455703\n|-end|p2a: Iron Hands|Quark Drive|[silent]\n|switch|p2a: Meowscarada|Meowscarada, L78, M|76/247|[from] Volt Switch\n|move|p1a: Kingambit|Iron Head|p2a: Meowscarada\n|-damage|p2a: Meowscarada|0 fnt\n|faint|p2a: Meowscarada\n|\n|-heal|p1a: Kingambit|241/270|[from] item: Leftovers\n|upkeep\n|\n|t:|1781455705\n|switch|p2a: Iron Hands|Iron Hands, L79|373/373\n|turn|14\n|\n|t:|1781455712\n|-end|p1a: Kingambit|fallen3|[silent]\n|switch|p1a: Suicune|Suicune, L82|298/298\n|-activate|p1a: Suicune|move: Sticky Web\n|-unboost|p1a: Suicune|spe|1\n|-status|p1a: Suicune|psn\n|-ability|p1a: Suicune|Pressure\n|move|p2a: Iron Hands|Close Combat|p1a: Suicune\n|-damage|p1a: Suicune|178/298 psn\n|-unboost|p2a: Iron Hands|def|1\n|-unboost|p2a: Iron Hands|spd|1\n|\n|-heal|p1a: Suicune|196/298 psn|[from] item: Leftovers\n|-damage|p1a: Suicune|159/298 psn|[from] psn\n|upkeep\n|turn|15\n|\n|t:|1781455716\n|move|p2a: Iron Hands|Volt Switch|p1a: Suicune\n|-supereffective|p1a: Suicune\n|-damage|p1a: Suicune|87/298 psn\n|\n|t:|1781455720\n|-end|p2a: Iron Hands|Quark Drive|[silent]\n|switch|p2a: Gyarados|Gyarados, L79, M|280/280|[from] Volt Switch\n|move|p1a: Suicune|Scald|p2a: Gyarados\n|-resisted|p2a: Gyarados\n|-damage|p2a: Gyarados|240/280\n|\n|-heal|p1a: Suicune|105/298 psn|[from] item: Leftovers\n|-damage|p1a: Suicune|68/298 psn|[from] psn\n|upkeep\n|turn|16\n|\n|t:|1781455732\n|move|p2a: Gyarados|Earthquake|p1a: Suicune\n|-damage|p1a: Suicune|3/298 psn\n|move|p1a: Suicune|Scald|p2a: Gyarados\n|-resisted|p2a: Gyarados\n|-damage|p2a: Gyarados|206/280\n|-status|p2a: Gyarados|brn\n|\n|-heal|p1a: Suicune|21/298 psn|[from] item: Leftovers\n|-damage|p1a: Suicune|0 fnt|[from] psn\n|faint|p1a: Suicune\n|-damage|p2a: Gyarados|189/280 brn|[from] brn\n|upkeep\n|\n|t:|1781455742\n|switch|p1a: Kingambit|Kingambit, L74, F|241/270\n|-activate|p1a: Kingambit|move: Sticky Web\n|-unboost|p1a: Kingambit|spe|1\n|-activate|p1a: Kingambit|ability: Supreme Overlord\n|-start|p1a: Kingambit|fallen4|[silent]\n|turn|17\n|\n|t:|1781455754\n|switch|p2a: Iron Hands|Iron Hands, L79|373/373\n|move|p1a: Kingambit|Kowtow Cleave|p2a: Iron Hands\n|-resisted|p2a: Iron Hands\n|-damage|p2a: Iron Hands|313/373\n|\n|-heal|p1a: Kingambit|257/270|[from] item: Leftovers\n|upkeep\n|turn|18\n|\n|t:|1781455757\n|-end|p1a: Kingambit|fallen4|[silent]\n|switch|p1a: Passimian|Passimian, L83, M|302/302\n|-activate|p1a: Passimian|move: Sticky Web\n|-unboost|p1a: Passimian|spe|1\n|-ability|p1a: Passimian|Defiant|boost\n|-boost|p1a: Passimian|atk|2\n|-status|p1a: Passimian|psn\n|move|p2a: Iron Hands|Close Combat|p1a: Passimian\n|-damage|p1a: Passimian|149/302 psn\n|-unboost|p2a: Iron Hands|def|1\n|-unboost|p2a: Iron Hands|spd|1\n|\n|-damage|p1a: Passimian|112/302 psn|[from] psn\n|upkeep\n|turn|19\n|-message|degentew forfeited.\n|\n|win|ZannaBianca99\n", "uploadtime": 1781455571, "views": 3, "formatid": "gen9randombattle", "rating": null, "private": 0, "password": null}