{"id": "gen9randombattle-2631588709", "format": "[Gen 9] Random Battle", "players": ["latias999999999", "Red Skies"], "log": "|j|\u2606latias999999999\n|j|\u2606Red Skies\n|t:|1781405279\n|gametype|singles\n|player|p1|latias999999999|gardenia|2104\n|player|p2|Red Skies|n|2158\n|gen|9\n|tier|[Gen 9] Random Battle\n|rated|\n|rule|Species Clause: Limit one of each Pok\u00e9mon\n|rule|HP Percentage Mod: HP is shown in percentages\n|rule|Sleep Clause Mod: Limit one foe put to sleep\n|rule|Illusion Level Mod: Illusion disguises the Pok\u00e9mon's true level\n|\n|t:|1781405279\n|teamsize|p1|6\n|teamsize|p2|6\n|start\n|switch|p1a: Gouging Fire|Gouging Fire, L74|277/277\n|switch|p2a: Ampharos|Ampharos, L88, F|302/302\n|turn|1\n|inactive|Battle timer is ON: inactive players will automatically lose when time's up. (requested by latias999999999)\n|\n|t:|1781405294\n|move|p1a: Gouging Fire|Dragon Dance|p1a: Gouging Fire\n|-boost|p1a: Gouging Fire|atk|1\n|-boost|p1a: Gouging Fire|spe|1\n|move|p2a: Ampharos|Volt Switch|p1a: Gouging Fire\n|-resisted|p1a: Gouging Fire\n|-damage|p1a: Gouging Fire|229/277\n|\n|t:|1781405297\n|switch|p2a: Piloswine|Piloswine, L85, F|309/309|[from] Volt Switch\n|\n|upkeep\n|turn|2\n|\n|t:|1781405314\n|-end|p1a: Gouging Fire|Protosynthesis|[silent]\n|switch|p1a: Gurdurr|Gurdurr, L85, M|283/283\n|move|p2a: Piloswine|Stealth Rock|p1a: Gurdurr\n|-sidestart|p1: latias999999999|move: Stealth Rock\n|\n|upkeep\n|turn|3\n|\n|t:|1781405325\n|switch|p2a: Ampharos|Ampharos, L88, F|302/302\n|move|p1a: Gurdurr|Knock Off|p2a: Ampharos\n|-damage|p2a: Ampharos|230/302\n|-status|p1a: Gurdurr|par|[from] ability: Static|[of] p2a: Ampharos\n|-enditem|p2a: Ampharos|Assault Vest|[from] move: Knock Off|[of] p1a: Gurdurr\n|\n|upkeep\n|turn|4\n|\n|t:|1781405331\n|move|p2a: Ampharos|Dazzling Gleam|p1a: Gurdurr\n|-supereffective|p1a: Gurdurr\n|-damage|p1a: Gurdurr|151/283 par\n|move|p1a: Gurdurr|Drain Punch|p2a: Ampharos\n|-damage|p2a: Ampharos|104/302\n|-heal|p1a: Gurdurr|214/283 par|[from] drain|[of] p2a: Ampharos\n|\n|upkeep\n|turn|5\n|\n|t:|1781405343\n|switch|p1a: Ursaring|Ursaring, L84, F|288/288\n|-damage|p1a: Ursaring|252/288|[from] Stealth Rock\n|move|p2a: Ampharos|Dazzling Gleam|p1a: Ursaring\n|-damage|p1a: Ursaring|202/288\n|\n|upkeep\n|turn|6\n|\n|t:|1781405350\n|move|p2a: Ampharos|Focus Blast|p1a: Ursaring\n|-supereffective|p1a: Ursaring\n|-damage|p1a: Ursaring|42/288\n|move|p1a: Ursaring|Body Slam|p2a: Ampharos\n|-damage|p2a: Ampharos|0 fnt\n|-status|p1a: Ursaring|par|[from] ability: Static|[of] p2a: Ampharos\n|faint|p2a: Ampharos\n|\n|upkeep\n|\n|t:|1781405362\n|switch|p2a: Basculin|Basculin, L86, M|261/261\n|turn|7\n|\n|t:|1781405367\n|move|p2a: Basculin|Wave Crash|p1a: Ursaring\n|-damage|p1a: Ursaring|0 fnt\n|faint|p1a: Ursaring\n|-damage|p2a: Basculin|247/261|[from] Recoil\n|\n|upkeep\n|\n|t:|1781405381\n|switch|p1a: Plusle|Plusle, L95, M|268/268\n|-damage|p1a: Plusle|235/268|[from] Stealth Rock\n|turn|8\n|\n|t:|1781405386\n|switch|p1a: Gurdurr|Gurdurr, L85, M|214/283 par\n|-damage|p1a: Gurdurr|197/283 par|[from] Stealth Rock\n|move|p2a: Basculin|Wave Crash|p1a: Gurdurr\n|-damage|p1a: Gurdurr|9/283 par\n|-damage|p2a: Basculin|185/261|[from] Recoil\n|\n|upkeep\n|turn|9\n|\n|t:|1781405391\n|move|p1a: Gurdurr|Mach Punch|p2a: Basculin\n|-damage|p2a: Basculin|98/261\n|move|p2a: Basculin|Wave Crash|p1a: Gurdurr\n|-damage|p1a: Gurdurr|0 fnt\n|faint|p1a: Gurdurr\n|-damage|p2a: Basculin|95/261|[from] Recoil\n|\n|upkeep\n|\n|t:|1781405395\n|switch|p1a: Plusle|Plusle, L95, M|235/268\n|-damage|p1a: Plusle|202/268|[from] Stealth Rock\n|turn|10\n|\n|t:|1781405397\n|switch|p2a: Piloswine|Piloswine, L85, F|309/309\n|move|p1a: Plusle|Nasty Plot|p1a: Plusle\n|-boost|p1a: Plusle|spa|2\n|\n|upkeep\n|turn|11\n|\n|t:|1781405401\n|move|p1a: Plusle|Grass Knot|p2a: Piloswine\n|-supereffective|p2a: Piloswine\n|-damage|p2a: Piloswine|20/309\n|-damage|p1a: Plusle|176/268|[from] item: Life Orb\n|move|p2a: Piloswine|Earthquake|p1a: Plusle\n|-supereffective|p1a: Plusle\n|-damage|p1a: Plusle|0 fnt\n|faint|p1a: Plusle\n|\n|upkeep\n|\n|t:|1781405408\n|switch|p1a: Scream Tail|Scream Tail, L84|330/330\n|-damage|p1a: Scream Tail|289/330|[from] Stealth Rock\n|turn|12\n|\n|t:|1781405413\n|move|p1a: Scream Tail|Play Rough|p2a: Piloswine\n|-damage|p2a: Piloswine|0 fnt\n|faint|p2a: Piloswine\n|\n|-heal|p1a: Scream Tail|309/330|[from] item: Leftovers\n|upkeep\n|\n|t:|1781405420\n|switch|p2a: Cresselia|Cresselia, L80, F|323/323\n|turn|13\n|\n|t:|1781405423\n|move|p1a: Scream Tail|Wish|p1a: Scream Tail\n|move|p2a: Cresselia|Calm Mind|p2a: Cresselia\n|-boost|p2a: Cresselia|spa|1\n|-boost|p2a: Cresselia|spd|1\n|\n|-heal|p1a: Scream Tail|329/330|[from] item: Leftovers\n|upkeep\n|turn|14\n|\n|t:|1781405426\n|move|p1a: Scream Tail|Encore|p2a: Cresselia\n|-start|p2a: Cresselia|Encore\n|move|p2a: Cresselia|Calm Mind|p2a: Cresselia\n|-boost|p2a: Cresselia|spa|1\n|-boost|p2a: Cresselia|spd|1\n|\n|-heal|p1a: Scream Tail|330/330|[from] move: Wish|[wisher] Scream Tail\n|upkeep\n|turn|15\n|\n|t:|1781405428\n|move|p1a: Scream Tail|Wish|p1a: Scream Tail\n|move|p2a: Cresselia|Calm Mind|p2a: Cresselia\n|-boost|p2a: Cresselia|spa|1\n|-boost|p2a: Cresselia|spd|1\n|\n|upkeep\n|turn|16\n|\n|t:|1781405430\n|move|p1a: Scream Tail|Play Rough|p2a: Cresselia\n|-damage|p2a: Cresselia|262/323\n|move|p2a: Cresselia|Calm Mind|p2a: Cresselia\n|-boost|p2a: Cresselia|spa|1\n|-boost|p2a: Cresselia|spd|1\n|\n|-heal|p2a: Cresselia|282/323|[from] item: Leftovers\n|-end|p2a: Cresselia|Encore\n|upkeep\n|turn|17\n|\n|t:|1781405435\n|move|p1a: Scream Tail|Encore|p2a: Cresselia\n|-start|p2a: Cresselia|Encore\n|move|p2a: Cresselia|Calm Mind|p2a: Cresselia\n|-boost|p2a: Cresselia|spa|1\n|-boost|p2a: Cresselia|spd|1\n|\n|-heal|p2a: Cresselia|302/323|[from] item: Leftovers\n|upkeep\n|turn|18\n|\n|t:|1781405440\n|-end|p1a: Scream Tail|Protosynthesis|[silent]\n|switch|p1a: Hariyama|Hariyama, L87, F|392/392\n|-damage|p1a: Hariyama|368/392|[from] Stealth Rock\n|move|p2a: Cresselia|Calm Mind|p2a: Cresselia\n|-boost|p2a: Cresselia|spa|1\n|-boost|p2a: Cresselia|spd|1\n|\n|-heal|p2a: Cresselia|322/323|[from] item: Leftovers\n|upkeep\n|turn|19\n|\n|t:|1781405443\n|move|p2a: Cresselia|Calm Mind|p2a: Cresselia\n|-boost|p2a: Cresselia|spa|0\n|-boost|p2a: Cresselia|spd|0\n|move|p1a: Hariyama|Knock Off|p2a: Cresselia\n|-supereffective|p2a: Cresselia\n|-damage|p2a: Cresselia|178/323\n|-enditem|p2a: Cresselia|Leftovers|[from] move: Knock Off|[of] p1a: Hariyama\n|\n|-end|p2a: Cresselia|Encore\n|upkeep\n|turn|20\n|-message|latias999999999 forfeited.\n|\n|win|Red Skies\n", "uploadtime": 1781405281, "views": 3, "formatid": "gen9randombattle", "rating": null, "private": 0, "password": null}