{"id": "gen9randombattle-2631993698", "format": "[Gen 9] Random Battle", "players": ["Mattsswampert", "Vividedenne"], "log": "|j|\u2606Mattsswampert\n|j|\u2606Vividedenne\n|t:|1781463791\n|gametype|singles\n|player|p1|Mattsswampert|hugh|1485\n|player|p2|Vividedenne|#npl2023|1531\n|gen|9\n|tier|[Gen 9] Random Battle\n|rated|\n|rule|Species Clause: Limit one of each Pok\u00e9mon\n|rule|HP Percentage Mod: HP is shown in percentages\n|rule|Sleep Clause Mod: Limit one foe put to sleep\n|rule|Illusion Level Mod: Illusion disguises the Pok\u00e9mon's true level\n|\n|t:|1781463791\n|teamsize|p1|6\n|teamsize|p2|6\n|start\n|switch|p1a: Kyurem|Kyurem, L77|319/319\n|switch|p2a: Ampharos|Ampharos, L88, M|302/302\n|-ability|p1a: Kyurem|Pressure\n|turn|1\n|inactive|Battle timer is ON: inactive players will automatically lose when time's up. (requested by Vividedenne)\n|\n|t:|1781463805\n|move|p1a: Kyurem|Dragon Dance|p1a: Kyurem\n|-boost|p1a: Kyurem|atk|1\n|-boost|p1a: Kyurem|spe|1\n|move|p2a: Ampharos|Focus Blast|p1a: Kyurem\n|-supereffective|p1a: Kyurem\n|-damage|p1a: Kyurem|0 fnt\n|faint|p1a: Kyurem\n|\n|upkeep\n|inactive|Mattsswampert has 120 seconds left.\n|\n|t:|1781463841\n|switch|p1a: Delphox|Delphox, L84, M|263/263\n|turn|2\n|\n|t:|1781463861\n|switch|p2a: Uxie|Uxie, L83|260/260\n|move|p1a: Delphox|Nasty Plot|p1a: Delphox\n|-boost|p1a: Delphox|spa|2\n|\n|upkeep\n|turn|3\n|\n|t:|1781463866\n|move|p1a: Delphox|Fire Blast|p2a: Uxie\n|-crit|p2a: Uxie\n|-damage|p2a: Uxie|0 fnt\n|faint|p2a: Uxie\n|\n|upkeep\n|inactive|Vividedenne has 120 seconds left.\n|\n|t:|1781463892\n|switch|p2a: Ampharos|Ampharos, L88, M|302/302\n|turn|4\n|inactive|Mattsswampert has 120 seconds left.\n|\n|t:|1781463931\n|move|p1a: Delphox|Fire Blast|p2a: Ampharos\n|-damage|p2a: Ampharos|38/302\n|-status|p2a: Ampharos|brn\n|move|p2a: Ampharos|Volt Switch|p1a: Delphox\n|-damage|p1a: Delphox|136/263\n|\n|t:|1781463946\n|switch|p2a: Hydreigon|Hydreigon, L79, F|275/275|[from] Volt Switch\n|\n|upkeep\n|turn|5\n|inactive|Mattsswampert has 120 seconds left.\n|\n|t:|1781463960\n|switch|p1a: Comfey|Comfey, L85, F|225/225\n|move|p2a: Hydreigon|Dark Pulse|p1a: Comfey\n|-resisted|p1a: Comfey\n|-damage|p1a: Comfey|174/225\n|-damage|p2a: Hydreigon|248/275|[from] item: Life Orb\n|\n|-heal|p1a: Comfey|188/225|[from] item: Leftovers\n|upkeep\n|turn|6\n|\n|t:|1781463979\n|switch|p2a: Clodsire|Clodsire, L81, F|343/343\n|move|p1a: Comfey|Calm Mind|p1a: Comfey\n|-boost|p1a: Comfey|spa|1\n|-boost|p1a: Comfey|spd|1\n|\n|-heal|p1a: Comfey|202/225|[from] item: Leftovers\n|upkeep\n|turn|7\n|inactive|Mattsswampert has 120 seconds left.\n|\n|t:|1781463996\n|-terastallize|p1a: Comfey|Poison\n|move|p1a: Comfey|Calm Mind|p1a: Comfey\n|-boost|p1a: Comfey|spa|1\n|-boost|p1a: Comfey|spd|1\n|move|p2a: Clodsire|Toxic|p1a: Comfey\n|-immune|p1a: Comfey\n|\n|-heal|p1a: Comfey|216/225|[from] item: Leftovers\n|upkeep\n|turn|8\n|\n|t:|1781464004\n|move|p1a: Comfey|Stored Power|p2a: Clodsire\n|-supereffective|p2a: Clodsire\n|-damage|p2a: Clodsire|101/343\n|move|p2a: Clodsire|Earthquake|p1a: Comfey\n|-supereffective|p1a: Comfey\n|-crit|p1a: Comfey\n|-damage|p1a: Comfey|0 fnt\n|faint|p1a: Comfey\n|\n|-heal|p2a: Clodsire|122/343|[from] item: Leftovers\n|upkeep\n|inactive|Mattsswampert has 120 seconds left.\n|\n|t:|1781464018\n|switch|p1a: Persian|Persian, L92, F|269/269\n|turn|9\n|\n|t:|1781464023\n|switch|p2a: Ampharos|Ampharos, L88, M|38/302 brn\n|move|p1a: Persian|Double-Edge|p2a: Ampharos\n|-crit|p2a: Ampharos\n|-damage|p2a: Ampharos|0 fnt\n|faint|p2a: Ampharos\n|-damage|p1a: Persian|256/269|[from] Recoil\n|\n|upkeep\n|\n|t:|1781464035\n|switch|p2a: Phione|Phione, L91|293/293\n|turn|10\n|\n|t:|1781464041\n|-terastallize|p2a: Phione|Steel\n|move|p1a: Persian|Double-Edge|p2a: Phione\n|-resisted|p2a: Phione\n|-damage|p2a: Phione|207/293\n|-damage|p1a: Persian|228/269|[from] Recoil\n|move|p2a: Phione|Take Heart|p2a: Phione\n|-boost|p2a: Phione|spa|1\n|-boost|p2a: Phione|spd|1\n|\n|-heal|p2a: Phione|225/293|[from] item: Leftovers\n|upkeep\n|turn|11\n|\n|t:|1781464054\n|switch|p1a: Delphox|Delphox, L84, M|136/263\n|move|p2a: Phione|Scald|p1a: Delphox\n|-supereffective|p1a: Delphox\n|-damage|p1a: Delphox|0 fnt\n|faint|p1a: Delphox\n|\n|-heal|p2a: Phione|243/293|[from] item: Leftovers\n|upkeep\n|\n|t:|1781464059\n|switch|p1a: Typhlosion|Typhlosion, L84, M|267/267\n|turn|12\n|\n|t:|1781464068\n|switch|p2a: Clodsire|Clodsire, L81, F|122/343\n|move|p1a: Typhlosion|Eruption|p2a: Clodsire\n|-damage|p2a: Clodsire|0 fnt\n|faint|p2a: Clodsire\n|\n|upkeep\n|\n|t:|1781464070\n|switch|p2a: Hydreigon|Hydreigon, L79, F|248/275\n|turn|13\n|\n|t:|1781464078\n|switch|p1a: Ting-Lu|Ting-Lu, L78|370/370\n|-ability|p1a: Ting-Lu|Vessel of Ruin\n|move|p2a: Hydreigon|Dark Pulse|p1a: Ting-Lu\n|-resisted|p1a: Ting-Lu\n|-damage|p1a: Ting-Lu|319/370\n|-damage|p2a: Hydreigon|221/275|[from] item: Life Orb\n|\n|-heal|p1a: Ting-Lu|342/370|[from] item: Leftovers\n|upkeep\n|turn|14\n|\n|t:|1781464090\n|switch|p2a: Bruxish|Bruxish, L85, F|254/254\n|move|p1a: Ting-Lu|Spikes|p2a: Bruxish\n|-sidestart|p2: Vividedenne|Spikes\n|\n|-heal|p1a: Ting-Lu|365/370|[from] item: Leftovers\n|upkeep\n|turn|15\n|\n|t:|1781464118\n|move|p2a: Bruxish|Wave Crash|p1a: Ting-Lu\n|-supereffective|p1a: Ting-Lu\n|-damage|p1a: Ting-Lu|17/370\n|-damage|p2a: Bruxish|139/254|[from] Recoil\n|move|p1a: Ting-Lu|Throat Chop|p2a: Bruxish\n|-supereffective|p2a: Bruxish\n|-damage|p2a: Bruxish|0 fnt\n|faint|p2a: Bruxish\n|\n|-heal|p1a: Ting-Lu|40/370|[from] item: Leftovers\n|upkeep\n|\n|t:|1781464126\n|switch|p2a: Hydreigon|Hydreigon, L79, F|221/275\n|turn|16\n|\n|t:|1781464137\n|move|p2a: Hydreigon|Dark Pulse|p1a: Ting-Lu\n|-resisted|p1a: Ting-Lu\n|-damage|p1a: Ting-Lu|0 fnt\n|faint|p1a: Ting-Lu\n|-damage|p2a: Hydreigon|194/275|[from] item: Life Orb\n|\n|upkeep\n|\n|t:|1781464140\n|switch|p1a: Persian|Persian, L92, F|228/269\n|turn|17\n|\n|t:|1781464161\n|switch|p2a: Phione|Phione, L91, tera:Steel|243/293\n|-damage|p2a: Phione|207/293|[from] Spikes\n|move|p1a: Persian|U-turn|p2a: Phione\n|-resisted|p2a: Phione\n|-crit|p2a: Phione\n|-damage|p2a: Phione|158/293\n|\n|t:|1781464167\n|switch|p1a: Typhlosion|Typhlosion, L84, M|267/267|[from] U-turn\n|\n|-heal|p2a: Phione|176/293|[from] item: Leftovers\n|upkeep\n|turn|18\n|\n|t:|1781464184\n|move|p1a: Typhlosion|Eruption|p2a: Phione\n|-supereffective|p2a: Phione\n|-damage|p2a: Phione|0 fnt\n|faint|p2a: Phione\n|\n|upkeep\n|\n|t:|1781464186\n|switch|p2a: Hydreigon|Hydreigon, L79, F|194/275\n|turn|19\n|\n|t:|1781464189\n|move|p1a: Typhlosion|Eruption|p2a: Hydreigon\n|-resisted|p2a: Hydreigon\n|-damage|p2a: Hydreigon|57/275\n|move|p2a: Hydreigon|Dark Pulse|p1a: Typhlosion\n|-damage|p1a: Typhlosion|150/267\n|-damage|p2a: Hydreigon|30/275|[from] item: Life Orb\n|\n|upkeep\n|turn|20\n|\n|t:|1781464197\n|move|p1a: Typhlosion|Eruption|p2a: Hydreigon\n|-resisted|p2a: Hydreigon\n|-damage|p2a: Hydreigon|0 fnt\n|faint|p2a: Hydreigon\n|\n|win|Mattsswampert\n", "uploadtime": 1781463793, "views": 3, "formatid": "gen9randombattle", "rating": null, "private": 0, "password": null}