{"id": "gen9randombattle-2631967718", "format": "[Gen 9] Random Battle", "players": ["Ballboy555", "mundigsters"], "log": "|j|\u2606Ballboy555\n|j|\u2606mundigsters\n|t:|1781460928\n|gametype|singles\n|player|p1|Ballboy555|102|1862\n|player|p2|mundigsters|101|1960\n|gen|9\n|tier|[Gen 9] Random Battle\n|rated|\n|rule|Species Clause: Limit one of each Pok\u00e9mon\n|rule|HP Percentage Mod: HP is shown in percentages\n|rule|Sleep Clause Mod: Limit one foe put to sleep\n|rule|Illusion Level Mod: Illusion disguises the Pok\u00e9mon's true level\n|\n|t:|1781460928\n|teamsize|p1|6\n|teamsize|p2|6\n|start\n|switch|p1a: Kleavor|Kleavor, L78, M|237/237\n|switch|p2a: Iron Crown|Iron Crown, L78|268/268\n|turn|1\n|inactive|Battle timer is ON: inactive players will automatically lose when time's up. (requested by Ballboy555)\n|\n|t:|1781460939\n|switch|p1a: Mew|Mew, L82|298/298\n|move|p2a: Iron Crown|Tachyon Cutter|p1a: Mew\n|-damage|p1a: Mew|213/298\n|-damage|p1a: Mew|131/298\n|-hitcount|p1a: Mew|2\n|\n|-heal|p1a: Mew|149/298|[from] item: Leftovers\n|upkeep\n|turn|2\n|\n|t:|1781460942\n|move|p1a: Mew|Toxic Spikes|p2a: Iron Crown\n|-sidestart|p2: mundigsters|move: Toxic Spikes\n|move|p2a: Iron Crown|Tachyon Cutter|p1a: Mew\n|-damage|p1a: Mew|70/298\n|-damage|p1a: Mew|0 fnt\n|faint|p1a: Mew\n|-hitcount|p1: Mew|2\n|\n|upkeep\n|\n|t:|1781460950\n|switch|p1a: Snorlax|Snorlax, L82, F|397/397\n|turn|3\n|\n|t:|1781460956\n|-end|p2a: Iron Crown|Quark Drive|[silent]\n|switch|p2a: Illumise|Illumise, L91, F|266/266\n|move|p1a: Snorlax|Body Slam|p2a: Illumise\n|-damage|p2a: Illumise|170/266\n|-status|p2a: Illumise|par\n|\n|upkeep\n|turn|4\n|\n|t:|1781460962\n|move|p2a: Illumise|Thunder Wave|p1a: Snorlax|[miss]\n|-miss|p2a: Illumise|p1a: Snorlax\n|move|p1a: Snorlax|Body Slam|p2a: Illumise\n|-damage|p2a: Illumise|71/266 par\n|\n|upkeep\n|turn|5\n|\n|t:|1781460970\n|switch|p2a: Glimmora|Glimmora, L75, F|248/248\n|-sideend|p2: mundigsters|move: Toxic Spikes|[of] p2a: Glimmora\n|move|p1a: Snorlax|Body Slam|p2a: Glimmora\n|-resisted|p2a: Glimmora\n|-damage|p2a: Glimmora|197/248\n|-status|p2a: Glimmora|par\n|-activate|p2a: Glimmora|ability: Toxic Debris\n|-sidestart|p1: Ballboy555|move: Toxic Spikes\n|\n|upkeep\n|turn|6\n|\n|t:|1781460974\n|move|p1a: Snorlax|Earthquake|p2a: Glimmora\n|-supereffective|p2a: Glimmora\n|-damage|p2a: Glimmora|0 fnt\n|-activate|p2a: Glimmora|ability: Toxic Debris\n|-sidestart|p1: Ballboy555|move: Toxic Spikes\n|faint|p2a: Glimmora\n|\n|upkeep\n|\n|t:|1781460979\n|switch|p2a: Illumise|Illumise, L91, F|71/266 par\n|turn|7\n|\n|t:|1781460982\n|cant|p2a: Illumise|par\n|move|p1a: Snorlax|Body Slam|p2a: Illumise\n|-damage|p2a: Illumise|0 fnt\n|faint|p2a: Illumise\n|\n|upkeep\n|\n|t:|1781460993\n|switch|p2a: Rampardos|Rampardos, L90, M|321/321\n|turn|8\n|\n|t:|1781460997\n|-terastallize|p1a: Snorlax|Ground\n|move|p2a: Rampardos|Head Smash|p1a: Snorlax\n|-resisted|p1a: Snorlax\n|-damage|p1a: Snorlax|219/397\n|-damage|p2a: Rampardos|232/321|[from] Recoil\n|move|p1a: Snorlax|Earthquake|p2a: Rampardos\n|-supereffective|p2a: Rampardos\n|-damage|p2a: Rampardos|0 fnt\n|faint|p2a: Rampardos\n|\n|-heal|p1a: Snorlax|243/397|[from] item: Leftovers\n|upkeep\n|\n|t:|1781461005\n|switch|p2a: Tatsugiri|Tatsugiri, L87, F|260/260\n|turn|9\n|\n|t:|1781461009\n|move|p2a: Tatsugiri|Hydro Pump|p1a: Snorlax\n|-supereffective|p1a: Snorlax\n|-damage|p1a: Snorlax|13/397\n|move|p1a: Snorlax|Body Slam|p2a: Tatsugiri\n|-damage|p2a: Tatsugiri|145/260\n|\n|-heal|p1a: Snorlax|37/397|[from] item: Leftovers\n|upkeep\n|turn|10\n|\n|t:|1781461014\n|move|p2a: Tatsugiri|Rapid Spin|p1a: Snorlax\n|-damage|p1a: Snorlax|7/397\n|-boost|p2a: Tatsugiri|spe|1\n|move|p1a: Snorlax|Earthquake|p2a: Tatsugiri\n|-damage|p2a: Tatsugiri|3/260\n|\n|-heal|p1a: Snorlax|31/397|[from] item: Leftovers\n|upkeep\n|turn|11\n|\n|t:|1781461019\n|move|p2a: Tatsugiri|Rapid Spin|p1a: Snorlax\n|-damage|p1a: Snorlax|3/397\n|-boost|p2a: Tatsugiri|spe|1\n|move|p1a: Snorlax|Earthquake|p2a: Tatsugiri\n|-damage|p2a: Tatsugiri|0 fnt\n|faint|p2a: Tatsugiri\n|\n|-heal|p1a: Snorlax|27/397|[from] item: Leftovers\n|upkeep\n|\n|t:|1781461023\n|switch|p2a: Oricorio|Oricorio-Pa'u, L87, M|272/272\n|turn|12\n|\n|t:|1781461030\n|move|p2a: Oricorio|Revelation Dance|p1a: Snorlax\n|-damage|p1a: Snorlax|0 fnt\n|faint|p1a: Snorlax\n|\n|upkeep\n|\n|t:|1781461032\n|switch|p1a: Kleavor|Kleavor, L78, M|237/237\n|turn|13\n|\n|t:|1781461037\n|-terastallize|p2a: Oricorio|Ground\n|move|p2a: Oricorio|Quiver Dance|p2a: Oricorio\n|-boost|p2a: Oricorio|spa|1\n|-boost|p2a: Oricorio|spd|1\n|-boost|p2a: Oricorio|spe|1\n|move|p1a: Kleavor|Stone Axe|p2a: Oricorio\n|-resisted|p2a: Oricorio\n|-damage|p2a: Oricorio|200/272\n|-sidestart|p2: mundigsters|move: Stealth Rock\n|\n|upkeep\n|turn|14\n|\n|t:|1781461045\n|move|p2a: Oricorio|Hurricane|p1a: Kleavor\n|-damage|p1a: Kleavor|12/237\n|-start|p1a: Kleavor|confusion\n|-activate|p1a: Kleavor|confusion\n|move|p1a: Kleavor|X-Scissor|p2a: Oricorio\n|-damage|p2a: Oricorio|40/272\n|\n|upkeep\n|turn|15\n|\n|t:|1781461052\n|move|p2a: Oricorio|Revelation Dance|p1a: Kleavor\n|-damage|p1a: Kleavor|0 fnt\n|faint|p1a: Kleavor\n|\n|upkeep\n|\n|t:|1781461060\n|switch|p1a: Cramorant|Cramorant, L86, F|261/261\n|turn|16\n|\n|t:|1781461064\n|move|p2a: Oricorio|Hurricane|p1a: Cramorant\n|-damage|p1a: Cramorant|83/261\n|-start|p1a: Cramorant|confusion\n|-activate|p1a: Cramorant|confusion\n|move|p1a: Cramorant|Surf|p2a: Oricorio\n|-formechange|p1a: Cramorant|Cramorant-Gorging|\n|-supereffective|p2a: Oricorio\n|-damage|p2a: Oricorio|0 fnt\n|faint|p2a: Oricorio\n|\n|upkeep\n|\n|t:|1781461067\n|switch|p2a: Iron Crown|Iron Crown, L78|268/268\n|-damage|p2a: Iron Crown|252/268|[from] Stealth Rock\n|turn|17\n|\n|t:|1781461072\n|move|p2a: Iron Crown|Psyshock|p1a: Cramorant\n|-damage|p1a: Cramorant|0 fnt\n|-damage|p2a: Iron Crown|185/268|[from] ability: Gulp Missile|[of] p1a: Cramorant\n|-status|p2a: Iron Crown|par\n|-formechange|p1a: Cramorant|Cramorant|\n|faint|p1a: Cramorant\n|\n|upkeep\n|\n|t:|1781461075\n|switch|p1a: Froslass|Froslass, L87, F|263/263\n|-status|p1a: Froslass|tox\n|turn|18\n|\n|t:|1781461077\n|move|p1a: Froslass|Poltergeist|p2a: Iron Crown\n|-activate|p2a: Iron Crown|move: Poltergeist|Choice Specs\n|-supereffective|p2a: Iron Crown\n|-damage|p2a: Iron Crown|0 fnt\n|faint|p2a: Iron Crown\n|-end|p2a: Iron Crown|Quark Drive|[silent]\n|\n|win|Ballboy555\n|raw|Ballboy555's rating: 1862 &rarr; <strong>1887</strong><br />(+25 for winning)\n|raw|mundigsters's rating: 1960 &rarr; <strong>1935</strong><br />(-25 for losing)\n", "uploadtime": 1781461078, "views": 3, "formatid": "gen9randombattle", "rating": 1887, "private": 0, "password": null}