{"id": "gen9randombattle-2631413450", "format": "[Gen 9] Random Battle", "players": ["69latrikpelo69", "fyfsixseven"], "log": "|j|\u260669latrikpelo69\n|j|\u2606fyfsixseven\n|t:|1781381669\n|gametype|singles\n|player|p1|69latrikpelo69|pokemaniac|1971\n|player|p2|fyfsixseven|colress|1969\n|gen|9\n|tier|[Gen 9] Random Battle\n|rated|\n|rule|Species Clause: Limit one of each Pok\u00e9mon\n|rule|HP Percentage Mod: HP is shown in percentages\n|rule|Sleep Clause Mod: Limit one foe put to sleep\n|rule|Illusion Level Mod: Illusion disguises the Pok\u00e9mon's true level\n|\n|t:|1781381669\n|teamsize|p1|6\n|teamsize|p2|6\n|start\n|switch|p1a: Excadrill|Excadrill, L79, M|303/303\n|switch|p2a: Arceus|Arceus-Grass, L73|296/296\n|-ability|p1a: Excadrill|Mold Breaker\n|turn|1\n|inactive|Battle timer is ON: inactive players will automatically lose when time's up. (requested by fyfsixseven)\n|\n|t:|1781381697\n|switch|p1a: Volbeat|Volbeat, L90, M|263/263\n|move|p2a: Arceus|Fire Blast|p1a: Volbeat|[miss]\n|-miss|p2a: Arceus|p1a: Volbeat\n|\n|upkeep\n|turn|2\n|inactive|fyfsixseven has 120 seconds left.\n|\n|t:|1781381728\n|switch|p2a: Sunflora|Sunflora, M|312/312\n|move|p1a: Volbeat|Thunder Wave|p2a: Sunflora\n|-status|p2a: Sunflora|par\n|\n|upkeep\n|turn|3\n|inactive|fyfsixseven has 120 seconds left.\n|\n|t:|1781381748\n|switch|p2a: Oricorio|Oricorio, L84, F|263/263\n|move|p1a: Volbeat|Lunge|p2a: Oricorio\n|-resisted|p2a: Oricorio\n|-damage|p2a: Oricorio|241/263\n|-unboost|p2a: Oricorio|atk|1\n|\n|upkeep\n|turn|4\n|inactive|fyfsixseven has 120 seconds left.\n|\n|t:|1781381767\n|switch|p1a: Excadrill|Excadrill, L79, M|303/303\n|-ability|p1a: Excadrill|Mold Breaker\n|move|p2a: Oricorio|Revelation Dance|p1a: Excadrill\n|-supereffective|p1a: Excadrill\n|-damage|p1a: Excadrill|147/303\n|\n|upkeep\n|turn|5\n|inactive|fyfsixseven has 120 seconds left.\n|\n|t:|1781381778\n|switch|p1a: Gothitelle|Gothitelle, L90, M|272/272\n|move|p2a: Oricorio|Revelation Dance|p1a: Gothitelle\n|-damage|p1a: Gothitelle|190/272\n|\n|upkeep\n|turn|6\n|\n|t:|1781381784\n|move|p1a: Gothitelle|Trick|p2a: Oricorio\n|-activate|p1a: Gothitelle|move: Trick|[of] p2a: Oricorio\n|-item|p2a: Oricorio|Choice Scarf|[from] move: Trick\n|-item|p1a: Gothitelle|Heavy-Duty Boots|[from] move: Trick\n|move|p2a: Oricorio|Quiver Dance|p2a: Oricorio\n|-boost|p2a: Oricorio|spa|1\n|-boost|p2a: Oricorio|spd|1\n|-boost|p2a: Oricorio|spe|1\n|\n|upkeep\n|turn|7\n|\n|t:|1781381789\n|move|p2a: Oricorio|Quiver Dance|p2a: Oricorio\n|-boost|p2a: Oricorio|spa|1\n|-boost|p2a: Oricorio|spd|1\n|-boost|p2a: Oricorio|spe|1\n|move|p1a: Gothitelle|Psychic|p2a: Oricorio\n|-damage|p2a: Oricorio|178/263\n|\n|upkeep\n|turn|8\n|\n|t:|1781381792\n|move|p2a: Oricorio|Quiver Dance|p2a: Oricorio\n|-boost|p2a: Oricorio|spa|1\n|-boost|p2a: Oricorio|spd|1\n|-boost|p2a: Oricorio|spe|1\n|move|p1a: Gothitelle|Psychic|p2a: Oricorio\n|-damage|p2a: Oricorio|124/263\n|-unboost|p2a: Oricorio|spd|1\n|\n|upkeep\n|turn|9\n|\n|t:|1781381795\n|move|p2a: Oricorio|Quiver Dance|p2a: Oricorio\n|-boost|p2a: Oricorio|spa|1\n|-boost|p2a: Oricorio|spd|1\n|-boost|p2a: Oricorio|spe|1\n|move|p1a: Gothitelle|Psychic|p2a: Oricorio\n|-damage|p2a: Oricorio|75/263\n|\n|upkeep\n|turn|10\n|\n|t:|1781381797\n|move|p2a: Oricorio|Quiver Dance|p2a: Oricorio\n|-boost|p2a: Oricorio|spa|1\n|-boost|p2a: Oricorio|spd|1\n|-boost|p2a: Oricorio|spe|1\n|move|p1a: Gothitelle|Psychic|p2a: Oricorio\n|-damage|p2a: Oricorio|29/263\n|\n|upkeep\n|turn|11\n|\n|t:|1781381805\n|move|p2a: Oricorio|Quiver Dance|p2a: Oricorio\n|-boost|p2a: Oricorio|spa|1\n|-boost|p2a: Oricorio|spd|1\n|-boost|p2a: Oricorio|spe|1\n|move|p1a: Gothitelle|Psychic|p2a: Oricorio\n|-damage|p2a: Oricorio|0 fnt\n|faint|p2a: Oricorio\n|\n|upkeep\n|\n|t:|1781381823\n|switch|p2a: Arceus|Arceus-Grass, L73|296/296\n|turn|12\n|\n|t:|1781381830\n|move|p2a: Arceus|Calm Mind|p2a: Arceus\n|-boost|p2a: Arceus|spa|1\n|-boost|p2a: Arceus|spd|1\n|move|p1a: Gothitelle|Psychic|p2a: Arceus\n|-damage|p2a: Arceus|229/296\n|\n|upkeep\n|turn|13\n|\n|t:|1781381845\n|move|p2a: Arceus|Judgment|p1a: Gothitelle\n|-damage|p1a: Gothitelle|48/272\n|move|p1a: Gothitelle|Psychic|p2a: Arceus\n|-damage|p2a: Arceus|163/296\n|\n|upkeep\n|turn|14\n|\n|t:|1781381857\n|move|p2a: Arceus|Judgment|p1a: Gothitelle\n|-damage|p1a: Gothitelle|0 fnt\n|faint|p1a: Gothitelle\n|\n|upkeep\n|\n|t:|1781381865\n|switch|p1a: Volbeat|Volbeat, L90, M|263/263\n|turn|15\n|\n|t:|1781381871\n|switch|p2a: Sunflora|Sunflora, M|312/312 par\n|move|p1a: Volbeat|Encore||[still]\n|-fail|p1a: Volbeat\n|\n|upkeep\n|turn|16\n|\n|t:|1781381877\n|move|p1a: Volbeat|Lunge|p2a: Sunflora\n|-supereffective|p2a: Sunflora\n|-damage|p2a: Sunflora|138/312 par\n|-unboost|p2a: Sunflora|atk|1\n|cant|p2a: Sunflora|par\n|\n|upkeep\n|turn|17\n|\n|t:|1781381881\n|move|p1a: Volbeat|Lunge|p2a: Sunflora\n|-supereffective|p2a: Sunflora\n|-damage|p2a: Sunflora|0 fnt\n|faint|p2a: Sunflora\n|\n|upkeep\n|\n|t:|1781381883\n|switch|p2a: Ambipom|Ambipom, L84, F|263/263\n|turn|18\n|\n|t:|1781381891\n|switch|p1a: Excadrill|Excadrill, L79, M|147/303\n|-ability|p1a: Excadrill|Mold Breaker\n|move|p2a: Ambipom|Double-Edge|p1a: Excadrill\n|-resisted|p1a: Excadrill\n|-damage|p1a: Excadrill|12/303\n|-damage|p2a: Ambipom|218/263|[from] Recoil\n|\n|upkeep\n|turn|19\n|\n|t:|1781381902\n|switch|p1a: Gholdengo|Gholdengo, L77|261/261\n|move|p2a: Ambipom|Double-Edge|p1a: Gholdengo\n|-immune|p1a: Gholdengo\n|\n|upkeep\n|turn|20\n|\n|t:|1781381913\n|switch|p2a: Mesprit|Mesprit, L85|275/275\n|move|p1a: Gholdengo|Thunder Wave|p2a: Mesprit\n|-status|p2a: Mesprit|par\n|\n|upkeep\n|turn|21\n|\n|t:|1781381926\n|switch|p1a: Volbeat|Volbeat, L90, M|263/263\n|move|p2a: Mesprit|U-turn|p1a: Volbeat\n|-damage|p1a: Volbeat|206/263\n|\n|t:|1781381931\n|switch|p2a: Ambipom|Ambipom, L84, F|218/263|[from] U-turn\n|\n|upkeep\n|turn|22\n|\n|t:|1781381944\n|move|p1a: Volbeat|Thunder Wave|p2a: Ambipom\n|-status|p2a: Ambipom|par\n|move|p2a: Ambipom|Knock Off|p1a: Volbeat\n|-damage|p1a: Volbeat|89/263\n|-enditem|p1a: Volbeat|Heavy-Duty Boots|[from] move: Knock Off|[of] p2a: Ambipom\n|\n|upkeep\n|turn|23\n|\n|t:|1781381949\n|move|p1a: Volbeat|Roost|p1a: Volbeat\n|-heal|p1a: Volbeat|221/263\n|-singleturn|p1a: Volbeat|move: Roost\n|move|p2a: Ambipom|Knock Off|p1a: Volbeat\n|-damage|p1a: Volbeat|142/263\n|\n|upkeep\n|turn|24\n|\n|t:|1781381955\n|switch|p2a: Mesprit|Mesprit, L85|275/275 par\n|move|p1a: Volbeat|Lunge|p2a: Mesprit\n|-supereffective|p2a: Mesprit\n|-damage|p2a: Mesprit|141/275 par\n|-unboost|p2a: Mesprit|atk|1\n|\n|upkeep\n|turn|25\n|\n|t:|1781381980\n|switch|p1a: Excadrill|Excadrill, L79, M|12/303\n|-ability|p1a: Excadrill|Mold Breaker\n|move|p2a: Mesprit|Psychic|p1a: Excadrill\n|-resisted|p1a: Excadrill\n|-damage|p1a: Excadrill|0 fnt\n|faint|p1a: Excadrill\n|\n|upkeep\n|inactive|69latrikpelo69 has 120 seconds left.\n|\n|t:|1781382020\n|switch|p1a: Diancie|Diancie, L82|216/216\n|turn|26\n|\n|t:|1781382028\n|move|p1a: Diancie|Rock Polish|p1a: Diancie\n|-boost|p1a: Diancie|spe|2\n|move|p2a: Mesprit|Psychic|p1a: Diancie\n|-damage|p1a: Diancie|102/216\n|\n|-heal|p1a: Diancie|115/216|[from] item: Leftovers\n|upkeep\n|turn|27\n|\n|t:|1781382037\n|move|p1a: Diancie|Diamond Storm|p2a: Mesprit\n|-damage|p2a: Mesprit|45/275 par\n|move|p2a: Mesprit|Psychic|p1a: Diancie\n|-damage|p1a: Diancie|9/216\n|\n|-heal|p1a: Diancie|22/216|[from] item: Leftovers\n|upkeep\n|turn|28\n|\n|t:|1781382043\n|move|p1a: Diancie|Diamond Storm|p2a: Mesprit\n|-damage|p2a: Mesprit|0 fnt\n|-boost|p1a: Diancie|def|2\n|faint|p2a: Mesprit\n|\n|-heal|p1a: Diancie|35/216|[from] item: Leftovers\n|upkeep\n|\n|t:|1781382051\n|switch|p2a: Arceus|Arceus-Grass, L73|163/296\n|turn|29\n|\n|t:|1781382059\n|-terastallize|p1a: Diancie|Fighting\n|move|p1a: Diancie|Body Press|p2a: Arceus\n|-damage|p2a: Arceus|0 fnt\n|faint|p2a: Arceus\n|\n|-heal|p1a: Diancie|48/216|[from] item: Leftovers\n|upkeep\n|\n|t:|1781382070\n|switch|p2a: Zapdos|Zapdos-Galar, L77|265/265\n|turn|30\n|\n|t:|1781382077\n|move|p1a: Diancie|Body Press|p2a: Zapdos\n|-resisted|p2a: Zapdos\n|-damage|p2a: Zapdos|150/265\n|move|p2a: Zapdos|Brave Bird|p1a: Diancie\n|-supereffective|p1a: Diancie\n|-damage|p1a: Diancie|0 fnt\n|faint|p1a: Diancie\n|-damage|p2a: Zapdos|134/265|[from] Recoil\n|-damage|p2a: Zapdos|108/265|[from] item: Life Orb\n|\n|upkeep\n|\n|t:|1781382096\n|switch|p1a: Enamorus|Enamorus-Therian, L83, F|259/259\n|turn|31\n|\n|t:|1781382110\n|switch|p2a: Ambipom|Ambipom, L84, F|218/263 par\n|move|p1a: Enamorus|Moonblast|p2a: Ambipom\n|-damage|p2a: Ambipom|52/263 par\n|-unboost|p2a: Ambipom|spa|1\n|\n|upkeep\n|turn|32\n|\n|t:|1781382118\n|move|p1a: Enamorus|Moonblast|p2a: Ambipom\n|-damage|p2a: Ambipom|0 fnt\n|faint|p2a: Ambipom\n|\n|upkeep\n|-message|fyfsixseven forfeited.\n|\n|win|69latrikpelo69\n", "uploadtime": 1781381670, "views": 8, "formatid": "gen9randombattle", "rating": null, "private": 0, "password": null}