{"id": "gen9randombattle-2631467862", "format": "[Gen 9] Random Battle", "players": ["Rambie Drascal", "vanitas9702"], "log": "|j|\u2606Rambie Drascal\n|j|\u2606vanitas9702\n|t:|1781388402\n|gametype|singles\n|player|p1|Rambie Drascal|ninjaboy|2095\n|player|p2|vanitas9702|clair|2050\n|gen|9\n|tier|[Gen 9] Random Battle\n|rated|\n|rule|Species Clause: Limit one of each Pok\u00e9mon\n|rule|HP Percentage Mod: HP is shown in percentages\n|rule|Sleep Clause Mod: Limit one foe put to sleep\n|rule|Illusion Level Mod: Illusion disguises the Pok\u00e9mon's true level\n|\n|t:|1781388402\n|teamsize|p1|6\n|teamsize|p2|6\n|start\n|switch|p1a: Clefable|Clefable, L83, F|293/293\n|switch|p2a: Zebstrika|Zebstrika, L87, F|272/272\n|turn|1\n|inactive|Battle timer is ON: inactive players will automatically lose when time's up. (requested by Rambie Drascal)\n|\n|t:|1781388412\n|move|p2a: Zebstrika|Supercell Slam|p1a: Clefable\n|-damage|p1a: Clefable|112/293\n|-damage|p2a: Zebstrika|245/272|[from] item: Life Orb\n|move|p1a: Clefable|Moonblast|p2a: Zebstrika\n|-damage|p2a: Zebstrika|118/272\n|\n|-heal|p1a: Clefable|130/293|[from] item: Leftovers\n|upkeep\n|turn|2\n|\n|t:|1781388418\n|switch|p1a: Victreebel|Victreebel, L90, M|290/290\n|move|p2a: Zebstrika|Volt Switch|p1a: Victreebel\n|-resisted|p1a: Victreebel\n|-damage|p1a: Victreebel|245/290\n|-damage|p2a: Zebstrika|91/272|[from] item: Life Orb\n|inactive|vanitas9702 has 120 seconds left.\n|inactive|vanitas9702 has 90 seconds left.\n|inactive|vanitas9702 has 60 seconds left.\n|\n|t:|1781388514\n|switch|p2a: Chimecho|Chimecho, L93, M|290/290|[from] Volt Switch\n|\n|upkeep\n|turn|3\n|inactive|Rambie Drascal has 120 seconds left.\n|\n|t:|1781388546\n|switch|p1a: Corviknight|Corviknight, L80, F|288/288\n|move|p2a: Chimecho|Knock Off|p1a: Corviknight\n|-damage|p1a: Corviknight|240/288\n|-damage|p2a: Chimecho|242/290|[from] item: Rocky Helmet|[of] p1a: Corviknight\n|-enditem|p1a: Corviknight|Rocky Helmet|[from] move: Knock Off|[of] p2a: Chimecho\n|\n|-heal|p2a: Chimecho|260/290|[from] item: Leftovers\n|upkeep\n|turn|4\n|inactive|vanitas9702 has 60 seconds left.\n|\n|t:|1781388562\n|switch|p2a: Rotom|Rotom-Wash, L82|216/216\n|move|p1a: Corviknight|Brave Bird|p2a: Rotom\n|-resisted|p2a: Rotom\n|-damage|p2a: Rotom|167/216\n|-damage|p1a: Corviknight|224/288|[from] Recoil\n|\n|-heal|p2a: Rotom|180/216|[from] item: Leftovers\n|upkeep\n|turn|5\n|\n|t:|1781388568\n|switch|p1a: Victreebel|Victreebel, L90, M|245/290\n|move|p2a: Rotom|Will-O-Wisp|p1a: Victreebel|[miss]\n|-miss|p2a: Rotom|p1a: Victreebel\n|\n|-heal|p2a: Rotom|193/216|[from] item: Leftovers\n|upkeep\n|turn|6\n|\n|t:|1781388573\n|move|p2a: Rotom|Will-O-Wisp|p1a: Victreebel|[miss]\n|-miss|p2a: Rotom|p1a: Victreebel\n|move|p1a: Victreebel|Sunny Day|p1a: Victreebel\n|-weather|SunnyDay\n|\n|-weather|SunnyDay|[upkeep]\n|-heal|p2a: Rotom|206/216|[from] item: Leftovers\n|upkeep\n|turn|7\n|\n|t:|1781388578\n|move|p1a: Victreebel|Sludge Wave|p2a: Rotom\n|-damage|p2a: Rotom|76/216\n|-damage|p1a: Victreebel|216/290|[from] item: Life Orb\n|move|p2a: Rotom|Will-O-Wisp|p1a: Victreebel\n|-status|p1a: Victreebel|brn\n|\n|-weather|SunnyDay|[upkeep]\n|-heal|p2a: Rotom|89/216|[from] item: Leftovers\n|-damage|p1a: Victreebel|198/290 brn|[from] brn\n|upkeep\n|turn|8\n|inactive|vanitas9702 has 90 seconds left.\n|\n|t:|1781388585\n|switch|p2a: Chimecho|Chimecho, L93, M|260/290\n|move|p1a: Victreebel|Sludge Wave|p2a: Chimecho\n|-damage|p2a: Chimecho|124/290\n|-status|p2a: Chimecho|psn\n|-damage|p1a: Victreebel|169/290 brn|[from] item: Life Orb\n|\n|-weather|SunnyDay|[upkeep]\n|-heal|p2a: Chimecho|142/290 psn|[from] item: Leftovers\n|-damage|p2a: Chimecho|106/290 psn|[from] psn\n|-damage|p1a: Victreebel|151/290 brn|[from] brn\n|upkeep\n|turn|9\n|\n|t:|1781388591\n|move|p1a: Victreebel|Weather Ball|p2a: Chimecho\n|-damage|p2a: Chimecho|0 fnt\n|faint|p2a: Chimecho\n|-damage|p1a: Victreebel|122/290 brn|[from] item: Life Orb\n|\n|-weather|SunnyDay|[upkeep]\n|-damage|p1a: Victreebel|104/290 brn|[from] brn\n|upkeep\n|inactive|vanitas9702 has 90 seconds left.\n|\n|t:|1781388605\n|switch|p2a: Cacturne|Cacturne, L92, F|278/278\n|turn|10\n|\n|t:|1781388609\n|switch|p1a: Clefable|Clefable, L83, F|130/293\n|move|p2a: Cacturne|Sucker Punch||[still]\n|-fail|p2a: Cacturne\n|\n|-weather|none\n|-heal|p1a: Clefable|148/293|[from] item: Leftovers\n|upkeep\n|turn|11\n|\n|t:|1781388613\n|switch|p1a: Corviknight|Corviknight, L80, F|224/288\n|move|p2a: Cacturne|Seed Bomb|p1a: Corviknight\n|-resisted|p1a: Corviknight\n|-damage|p1a: Corviknight|192/288\n|-damage|p2a: Cacturne|251/278|[from] item: Life Orb\n|\n|upkeep\n|turn|12\n|\n|t:|1781388618\n|move|p2a: Cacturne|Swords Dance|p2a: Cacturne\n|-boost|p2a: Cacturne|atk|2\n|move|p1a: Corviknight|Body Press|p2a: Cacturne\n|-supereffective|p2a: Cacturne\n|-damage|p2a: Cacturne|123/278\n|\n|upkeep\n|turn|13\n|inactive|vanitas9702 has 120 seconds left.\n|\n|t:|1781388626\n|move|p2a: Cacturne|Knock Off|p1a: Corviknight\n|-damage|p1a: Corviknight|0 fnt\n|faint|p1a: Corviknight\n|-damage|p2a: Cacturne|96/278|[from] item: Life Orb\n|\n|upkeep\n|\n|t:|1781388633\n|switch|p1a: Indeedee|Indeedee-F, L90, F|272/272\n|-fieldstart|move: Psychic Terrain|[from] ability: Psychic Surge|[of] p1a: Indeedee\n|turn|14\n|\n|t:|1781388636\n|move|p1a: Indeedee|Hyper Voice|p2a: Cacturne\n|-damage|p2a: Cacturne|0 fnt\n|faint|p2a: Cacturne\n|\n|upkeep\n|\n|t:|1781388641\n|switch|p2a: Spectrier|Spectrier, L75|274/274\n|turn|15\n|\n|t:|1781388645\n|switch|p1a: Clefable|Clefable, L83, F|148/293\n|move|p2a: Spectrier|Substitute|p2a: Spectrier\n|-start|p2a: Spectrier|Substitute\n|-damage|p2a: Spectrier|206/274\n|\n|-heal|p2a: Spectrier|223/274|[from] item: Leftovers\n|-heal|p1a: Clefable|166/293|[from] item: Leftovers\n|upkeep\n|turn|16\n|\n|t:|1781388649\n|move|p2a: Spectrier|Nasty Plot|p2a: Spectrier\n|-boost|p2a: Spectrier|spa|2\n|move|p1a: Clefable|Moonblast|p2a: Spectrier\n|-end|p2a: Spectrier|Substitute\n|\n|-heal|p2a: Spectrier|240/274|[from] item: Leftovers\n|-heal|p1a: Clefable|184/293|[from] item: Leftovers\n|upkeep\n|turn|17\n|\n|t:|1781388655\n|move|p2a: Spectrier|Shadow Ball|p1a: Clefable\n|-damage|p1a: Clefable|91/293\n|move|p1a: Clefable|Calm Mind|p1a: Clefable\n|-boost|p1a: Clefable|spa|1\n|-boost|p1a: Clefable|spd|1\n|\n|-heal|p2a: Spectrier|257/274|[from] item: Leftovers\n|-heal|p1a: Clefable|109/293|[from] item: Leftovers\n|upkeep\n|turn|18\n|\n|t:|1781388660\n|move|p2a: Spectrier|Shadow Ball|p1a: Clefable\n|-damage|p1a: Clefable|48/293\n|move|p1a: Clefable|Moonlight|p1a: Clefable\n|-heal|p1a: Clefable|194/293\n|\n|-heal|p2a: Spectrier|274/274|[from] item: Leftovers\n|-heal|p1a: Clefable|212/293|[from] item: Leftovers\n|-fieldend|move: Psychic Terrain\n|upkeep\n|turn|19\n|\n|t:|1781388667\n|switch|p2a: Zebstrika|Zebstrika, L87, F|91/272\n|move|p1a: Clefable|Moonblast|p2a: Zebstrika\n|-damage|p2a: Zebstrika|0 fnt\n|faint|p2a: Zebstrika\n|\n|-heal|p1a: Clefable|230/293|[from] item: Leftovers\n|upkeep\n|\n|t:|1781388669\n|switch|p2a: Greedent|Greedent, L86, M|347/347\n|turn|20\n|\n|t:|1781388674\n|move|p1a: Clefable|Moonblast|p2a: Greedent\n|-damage|p2a: Greedent|194/347\n|move|p2a: Greedent|Body Slam|p1a: Clefable\n|-damage|p1a: Clefable|116/293\n|\n|-heal|p1a: Clefable|134/293|[from] item: Leftovers\n|upkeep\n|turn|21\n|\n|t:|1781388680\n|move|p1a: Clefable|Calm Mind|p1a: Clefable\n|-boost|p1a: Clefable|spa|1\n|-boost|p1a: Clefable|spd|1\n|move|p2a: Greedent|Body Slam|p1a: Clefable\n|-damage|p1a: Clefable|31/293\n|\n|-heal|p1a: Clefable|49/293|[from] item: Leftovers\n|upkeep\n|turn|22\n|\n|t:|1781388687\n|move|p1a: Clefable|Moonblast|p2a: Greedent\n|-damage|p2a: Greedent|0 fnt\n|faint|p2a: Greedent\n|\n|-heal|p1a: Clefable|67/293|[from] item: Leftovers\n|upkeep\n|\n|t:|1781388690\n|switch|p2a: Spectrier|Spectrier, L75|274/274\n|turn|23\n|\n|t:|1781388694\n|move|p2a: Spectrier|Shadow Ball|p1a: Clefable\n|-damage|p1a: Clefable|18/293\n|move|p1a: Clefable|Moonlight|p1a: Clefable\n|-heal|p1a: Clefable|164/293\n|\n|-heal|p1a: Clefable|182/293|[from] item: Leftovers\n|upkeep\n|turn|24\n|-message|vanitas9702 forfeited.\n|\n|win|Rambie Drascal\n", "uploadtime": 1781388404, "views": 3, "formatid": "gen9randombattle", "rating": null, "private": 0, "password": null}