{"id": "gen9randombattle-2631378997", "format": "[Gen 9] Random Battle", "players": ["vogabal", "opik8"], "log": "|j|\u2606vogabal\n|j|\u2606opik8\n|t:|1781377668\n|gametype|singles\n|player|p1|vogabal|2|1997\n|player|p2|opik8|colress|2007\n|gen|9\n|tier|[Gen 9] Random Battle\n|rated|\n|rule|Species Clause: Limit one of each Pok\u00e9mon\n|rule|HP Percentage Mod: HP is shown in percentages\n|rule|Sleep Clause Mod: Limit one foe put to sleep\n|rule|Illusion Level Mod: Illusion disguises the Pok\u00e9mon's true level\n|\n|t:|1781377668\n|teamsize|p1|6\n|teamsize|p2|6\n|start\n|switch|p1a: Darkrai|Darkrai, L77|234/234\n|switch|p2a: Rotom|Rotom-Fan, L86|226/226\n|turn|1\n|inactive|Battle timer is ON: inactive players will automatically lose when time's up. (requested by opik8)\n|\n|t:|1781377677\n|switch|p1a: Carbink|Carbink, L90|236/236\n|move|p2a: Rotom|Thunderbolt|p1a: Carbink\n|-damage|p1a: Carbink|175/236\n|\n|upkeep\n|turn|2\n|\n|t:|1781377680\n|move|p2a: Rotom|Will-O-Wisp|p1a: Carbink\n|-status|p1a: Carbink|brn\n|move|p1a: Carbink|Moonblast|p2a: Rotom\n|-damage|p2a: Rotom|163/226\n|\n|-damage|p1a: Carbink|161/236 brn|[from] brn\n|upkeep\n|turn|3\n|\n|t:|1781377684\n|move|p2a: Rotom|Thunderbolt|p1a: Carbink\n|-damage|p1a: Carbink|97/236 brn\n|move|p1a: Carbink|Moonblast|p2a: Rotom\n|-damage|p2a: Rotom|103/226\n|\n|-damage|p1a: Carbink|83/236 brn|[from] brn\n|upkeep\n|turn|4\n|\n|t:|1781377687\n|move|p2a: Rotom|Thunderbolt|p1a: Carbink\n|-damage|p1a: Carbink|19/236 brn\n|move|p1a: Carbink|Rest|p1a: Carbink\n|-status|p1a: Carbink|slp|[from] move: Rest\n|-heal|p1a: Carbink|236/236 slp|[silent]\n|-enditem|p1a: Carbink|Chesto Berry|[eat]\n|-curestatus|p1a: Carbink|slp|[msg]\n|\n|upkeep\n|turn|5\n|\n|t:|1781377689\n|move|p2a: Rotom|Will-O-Wisp|p1a: Carbink\n|-status|p1a: Carbink|brn\n|move|p1a: Carbink|Moonblast|p2a: Rotom\n|-damage|p2a: Rotom|42/226\n|\n|-damage|p1a: Carbink|222/236 brn|[from] brn\n|upkeep\n|turn|6\n|\n|t:|1781377694\n|move|p2a: Rotom|Thunderbolt|p1a: Carbink\n|-damage|p1a: Carbink|155/236 brn\n|move|p1a: Carbink|Moonblast|p2a: Rotom\n|-crit|p2a: Rotom\n|-damage|p2a: Rotom|0 fnt\n|faint|p2a: Rotom\n|\n|-damage|p1a: Carbink|141/236 brn|[from] brn\n|upkeep\n|\n|t:|1781377697\n|switch|p2a: Moltres|Moltres-Galar, L79|271/271\n|turn|7\n|\n|t:|1781377708\n|switch|p1a: Grumpig|Grumpig, L92, F|297/297\n|move|p2a: Moltres|Agility|p2a: Moltres\n|-boost|p2a: Moltres|spe|2\n|\n|upkeep\n|turn|8\n|\n|t:|1781377711\n|move|p2a: Moltres|Fiery Wrath|p1a: Grumpig\n|-supereffective|p1a: Grumpig\n|-damage|p1a: Grumpig|153/297\n|move|p1a: Grumpig|Trick|p2a: Moltres\n|-activate|p1a: Grumpig|move: Trick|[of] p2a: Moltres\n|-item|p2a: Moltres|Choice Scarf|[from] move: Trick\n|-item|p1a: Grumpig|Weakness Policy|[from] move: Trick\n|\n|upkeep\n|turn|9\n|\n|t:|1781377715\n|switch|p1a: Carbink|Carbink, L90|141/236 brn\n|move|p2a: Moltres|Fiery Wrath|p1a: Carbink\n|-resisted|p1a: Carbink\n|-damage|p1a: Carbink|114/236 brn\n|\n|-damage|p1a: Carbink|100/236 brn|[from] brn\n|upkeep\n|turn|10\n|\n|t:|1781377724\n|switch|p2a: Wugtrio|Wugtrio, L91, F|212/212\n|move|p1a: Carbink|Rest|p1a: Carbink\n|-status|p1a: Carbink|slp|[from] move: Rest\n|-heal|p1a: Carbink|236/236 slp|[silent]\n|\n|upkeep\n|turn|11\n|\n|t:|1781377729\n|switch|p1a: Phione|Phione, L91|293/293\n|move|p2a: Wugtrio|Liquidation|p1a: Phione\n|-resisted|p1a: Phione\n|-damage|p1a: Phione|210/293\n|\n|-heal|p1a: Phione|228/293|[from] item: Leftovers\n|upkeep\n|turn|12\n|\n|t:|1781377732\n|switch|p2a: Moltres|Moltres-Galar, L79|271/271\n|move|p1a: Phione|Take Heart|p1a: Phione\n|-boost|p1a: Phione|spa|1\n|-boost|p1a: Phione|spd|1\n|\n|-heal|p1a: Phione|246/293|[from] item: Leftovers\n|upkeep\n|turn|13\n|\n|t:|1781377736\n|move|p2a: Moltres|Hurricane|p1a: Phione\n|-damage|p1a: Phione|176/293\n|move|p1a: Phione|Take Heart|p1a: Phione\n|-boost|p1a: Phione|spa|1\n|-boost|p1a: Phione|spd|1\n|\n|-heal|p1a: Phione|194/293|[from] item: Leftovers\n|upkeep\n|turn|14\n|\n|t:|1781377739\n|move|p2a: Moltres|Hurricane|p1a: Phione\n|-damage|p1a: Phione|142/293\n|-start|p1a: Phione|confusion\n|-activate|p1a: Phione|confusion\n|move|p1a: Phione|Take Heart|p1a: Phione\n|-boost|p1a: Phione|spa|1\n|-boost|p1a: Phione|spd|1\n|\n|-heal|p1a: Phione|160/293|[from] item: Leftovers\n|upkeep\n|turn|15\n|\n|t:|1781377743\n|move|p2a: Moltres|Hurricane|p1a: Phione\n|-damage|p1a: Phione|120/293\n|-activate|p1a: Phione|confusion\n|move|p1a: Phione|Ice Beam|p2a: Moltres\n|-supereffective|p2a: Moltres\n|-damage|p2a: Moltres|0 fnt\n|faint|p2a: Moltres\n|\n|-heal|p1a: Phione|138/293|[from] item: Leftovers\n|upkeep\n|\n|t:|1781377749\n|switch|p2a: Wugtrio|Wugtrio, L91, F|212/212\n|turn|16\n|\n|t:|1781377752\n|-terastallize|p2a: Wugtrio|Dark\n|move|p2a: Wugtrio|Throat Chop|p1a: Phione\n|-damage|p1a: Phione|0 fnt\n|faint|p1a: Phione\n|\n|upkeep\n|\n|t:|1781377761\n|switch|p1a: Urshifu|Urshifu, L74, M|270/270\n|turn|17\n|\n|t:|1781377765\n|switch|p2a: Hatterene|Hatterene, L85, F|236/236\n|move|p1a: Urshifu|Wicked Blow|p2a: Hatterene\n|-crit|p2a: Hatterene\n|-damage|p2a: Hatterene|83/236\n|\n|upkeep\n|turn|18\n|\n|t:|1781377769\n|move|p1a: Urshifu|Wicked Blow|p2a: Hatterene\n|-crit|p2a: Hatterene\n|-damage|p2a: Hatterene|0 fnt\n|faint|p2a: Hatterene\n|\n|upkeep\n|\n|t:|1781377778\n|switch|p2a: Necrozma|Necrozma-Dusk-Mane, L69|248/248\n|turn|19\n|\n|t:|1781377783\n|-terastallize|p1a: Urshifu|Dark\n|move|p1a: Urshifu|Wicked Blow|p2a: Necrozma\n|-supereffective|p2a: Necrozma\n|-crit|p2a: Necrozma\n|-damage|p2a: Necrozma|0 fnt\n|faint|p2a: Necrozma\n|\n|upkeep\n|\n|t:|1781377787\n|switch|p2a: Wugtrio|Wugtrio, L91, F, tera:Dark|212/212\n|turn|20\n|\n|t:|1781377803\n|switch|p1a: Grumpig|Grumpig, L92, F|153/297\n|move|p2a: Wugtrio|Liquidation|p1a: Grumpig\n|-damage|p1a: Grumpig|0 fnt\n|faint|p1a: Grumpig\n|\n|upkeep\n|\n|t:|1781377809\n|switch|p1a: Yanmega|Yanmega, L82, F|275/275\n|turn|21\n|\n|t:|1781377812\n|move|p2a: Wugtrio|Liquidation|p1a: Yanmega\n|-damage|p1a: Yanmega|121/275\n|-unboost|p1a: Yanmega|def|1\n|move|p1a: Yanmega|Bug Buzz|p2a: Wugtrio\n|-supereffective|p2a: Wugtrio\n|-damage|p2a: Wugtrio|0 fnt\n|faint|p2a: Wugtrio\n|\n|-ability|p1a: Yanmega|Speed Boost|boost\n|-boost|p1a: Yanmega|spe|1\n|upkeep\n|\n|t:|1781377815\n|switch|p2a: Ursaluna|Ursaluna, L79, F|335/335\n|turn|22\n|-message|opik8 forfeited.\n|\n|win|vogabal\n", "uploadtime": 1781377670, "views": 6, "formatid": "gen9randombattle", "rating": null, "private": 0, "password": null}