{"id": "gen9randombattle-2631373512", "format": "[Gen 9] Random Battle", "players": ["Mythadris", "jorgeo58"], "log": "|j|\u2606Mythadris\n|j|\u2606jorgeo58\n|t:|1781377028\n|gametype|singles\n|player|p1|Mythadris|170|1097\n|player|p2|jorgeo58|101|1145\n|gen|9\n|tier|[Gen 9] Random Battle\n|rated|\n|rule|Species Clause: Limit one of each Pok\u00e9mon\n|rule|HP Percentage Mod: HP is shown in percentages\n|rule|Sleep Clause Mod: Limit one foe put to sleep\n|rule|Illusion Level Mod: Illusion disguises the Pok\u00e9mon's true level\n|\n|t:|1781377028\n|teamsize|p1|6\n|teamsize|p2|6\n|start\n|switch|p1a: Decidueye|Decidueye-Hisui, L87, M|295/295\n|switch|p2a: Sandy Shocks|Sandy Shocks, L80|267/267\n|turn|1\n|\n|t:|1781377049\n|move|p2a: Sandy Shocks|Stealth Rock|p1a: Decidueye\n|-sidestart|p1: Mythadris|move: Stealth Rock\n|move|p1a: Decidueye|Leaf Blade|p2a: Sandy Shocks\n|-supereffective|p2a: Sandy Shocks\n|-damage|p2a: Sandy Shocks|27/267\n|\n|-heal|p2a: Sandy Shocks|43/267|[from] item: Leftovers\n|upkeep\n|turn|2\n|l|\u2606jorgeo58\n|player|p2|\n|inactive|Battle timer is ON: inactive players will automatically lose when time's up. (requested by Mythadris)\n|inactive|jorgeo58 has 30 seconds to reconnect!\n|inactive|jorgeo58 has 20 seconds to reconnect!\n|j|\u2606jorgeo58\n|inactive|jorgeo58 reconnected and has 110 seconds left.\n|player|p2|jorgeo58|101|\n|\n|t:|1781377131\n|move|p1a: Decidueye|Sucker Punch||[still]\n|-fail|p1a: Decidueye\n|move|p2a: Sandy Shocks|Spikes|p1a: Decidueye\n|-sidestart|p1: Mythadris|Spikes\n|\n|-heal|p2a: Sandy Shocks|59/267|[from] item: Leftovers\n|upkeep\n|turn|3\n|\n|t:|1781377148\n|-end|p2a: Sandy Shocks|Protosynthesis|[silent]\n|switch|p2a: Noctowl|Noctowl, L95, F|344/344\n|move|p1a: Decidueye|Leaf Blade|p2a: Noctowl\n|-resisted|p2a: Noctowl\n|-damage|p2a: Noctowl|265/344\n|\n|upkeep\n|turn|4\n|\n|t:|1781377172\n|move|p2a: Noctowl|Calm Mind|p2a: Noctowl\n|-boost|p2a: Noctowl|spa|1\n|-boost|p2a: Noctowl|spd|1\n|move|p1a: Decidueye|Leaf Blade|p2a: Noctowl\n|-resisted|p2a: Noctowl\n|-crit|p2a: Noctowl\n|-damage|p2a: Noctowl|157/344\n|\n|upkeep\n|turn|5\n|\n|t:|1781377192\n|-terastallize|p1a: Decidueye|Steel\n|move|p2a: Noctowl|Hurricane|p1a: Decidueye|[miss]\n|-miss|p2a: Noctowl|p1a: Decidueye\n|move|p1a: Decidueye|Leaf Blade|p2a: Noctowl\n|-resisted|p2a: Noctowl\n|-damage|p2a: Noctowl|80/344\n|\n|upkeep\n|turn|6\n|inactive|jorgeo58 has 120 seconds left.\n|\n|t:|1781377219\n|switch|p2a: Tauros|Tauros-Paldea-Aqua, L81, M|254/254\n|-ability|p2a: Tauros|Intimidate|boost\n|-fail|p1a: Decidueye|unboost|Attack|[from] ability: Scrappy|[of] p1a: Decidueye\n|move|p1a: Decidueye|Sucker Punch||[still]\n|-fail|p1a: Decidueye\n|\n|upkeep\n|turn|7\n|inactive|jorgeo58 has 120 seconds left.\n|\n|t:|1781377237\n|switch|p1a: Arbok|Arbok, L87, M|246/246\n|-damage|p1a: Arbok|216/246|[from] Stealth Rock\n|-damage|p1a: Arbok|186/246|[from] Spikes\n|-ability|p1a: Arbok|Intimidate|boost\n|-unboost|p2a: Tauros|atk|1\n|move|p2a: Tauros|Close Combat|p1a: Arbok\n|-resisted|p1a: Arbok\n|-crit|p1a: Arbok\n|-damage|p1a: Arbok|30/246\n|-unboost|p2a: Tauros|def|1\n|-unboost|p2a: Tauros|spd|1\n|\n|upkeep\n|turn|8\n|inactive|jorgeo58 has 120 seconds left.\n|\n|t:|1781377254\n|switch|p2a: Sandy Shocks|Sandy Shocks, L80|59/267\n|move|p1a: Arbok|Glare|p2a: Sandy Shocks\n|-immune|p2a: Sandy Shocks\n|\n|-heal|p2a: Sandy Shocks|75/267|[from] item: Leftovers\n|upkeep\n|turn|9\n|\n|t:|1781377264\n|move|p1a: Arbok|Sucker Punch|p2a: Sandy Shocks\n|-damage|p2a: Sandy Shocks|10/267\n|-damage|p1a: Arbok|6/246|[from] item: Life Orb\n|move|p2a: Sandy Shocks|Earth Power|p1a: Arbok\n|-supereffective|p1a: Arbok\n|-damage|p1a: Arbok|0 fnt\n|faint|p1a: Arbok\n|\n|-heal|p2a: Sandy Shocks|26/267|[from] item: Leftovers\n|upkeep\n|\n|t:|1781377274\n|switch|p1a: Terapagos|Terapagos, L77, F|265/265\n|-activate|p1a: Terapagos|ability: Tera Shift\n|detailschange|p1a: Terapagos|Terapagos-Terastal, L77, F\n|-heal|p1a: Terapagos|273/273|[silent]\n|turn|10\n|\n|t:|1781377282\n|move|p2a: Sandy Shocks|Spikes|p1a: Terapagos\n|-sidestart|p1: Mythadris|Spikes\n|move|p1a: Terapagos|Rapid Spin|p2a: Sandy Shocks\n|-damage|p2a: Sandy Shocks|0 fnt\n|-boost|p1a: Terapagos|spe|1\n|-sideend|p1: Mythadris|Spikes|[from] move: Rapid Spin|[of] p1a: Terapagos\n|-sideend|p1: Mythadris|Stealth Rock|[from] move: Rapid Spin|[of] p1a: Terapagos\n|faint|p2a: Sandy Shocks\n|-end|p2a: Sandy Shocks|Protosynthesis|[silent]\n|\n|upkeep\n|inactive|jorgeo58 has 120 seconds left.\n|inactive|jorgeo58 has 90 seconds left.\n|\n|t:|1781377325\n|switch|p2a: Noctowl|Noctowl, L95, F|80/344\n|turn|11\n|\n|t:|1781377337\n|move|p1a: Terapagos|Dark Pulse|p2a: Noctowl\n|-damage|p2a: Noctowl|35/344\n|cant|p2a: Noctowl|flinch\n|\n|upkeep\n|turn|12\n|-message|jorgeo58 forfeited.\n|\n|win|Mythadris\n|raw|Mythadris's rating: 1097 &rarr; <strong>1126</strong><br />(+29 for winning)\n|raw|jorgeo58's rating: 1145 &rarr; <strong>1117</strong><br />(-28 for losing)\n|l|\u2606jorgeo58\n|player|p2|\n", "uploadtime": 1781377347, "views": 6, "formatid": "gen9randombattle", "rating": 1117, "private": 0, "password": null}