{"id": "gen9randombattle-2631540794", "format": "[Gen 9] Random Battle", "players": ["Christmasrieth12", "moritzvb"], "log": "|j|\u2606Christmasrieth12\n|j|\u2606moritzvb\n|t:|1781398689\n|gametype|singles\n|player|p1|Christmasrieth12|2|2152\n|player|p2|moritzvb|ariana|2123\n|gen|9\n|tier|[Gen 9] Random Battle\n|rated|\n|rule|Species Clause: Limit one of each Pok\u00e9mon\n|rule|HP Percentage Mod: HP is shown in percentages\n|rule|Sleep Clause Mod: Limit one foe put to sleep\n|rule|Illusion Level Mod: Illusion disguises the Pok\u00e9mon's true level\n|\n|t:|1781398689\n|teamsize|p1|6\n|teamsize|p2|6\n|start\n|switch|p1a: Zarude|Zarude, L77|288/288\n|switch|p2a: Piloswine|Piloswine, L85, M|309/309\n|turn|1\n|\n|t:|1781398702\n|move|p1a: Zarude|U-turn|p2a: Piloswine\n|-damage|p2a: Piloswine|273/309\n|\n|t:|1781398706\n|switch|p1a: Porygon-Z|Porygon-Z, L83|277/277|[from] U-turn\n|-ability|p1a: Porygon-Z|Download|boost\n|-boost|p1a: Porygon-Z|spa|1\n|move|p2a: Piloswine|Stealth Rock|p1a: Porygon-Z\n|-sidestart|p1: Christmasrieth12|move: Stealth Rock\n|\n|upkeep\n|turn|2\n|\n|t:|1781398714\n|move|p1a: Porygon-Z|Trick|p2a: Piloswine\n|-activate|p1a: Porygon-Z|move: Trick|[of] p2a: Piloswine\n|-item|p2a: Piloswine|Choice Scarf|[from] move: Trick\n|-item|p1a: Porygon-Z|Eviolite|[from] move: Trick\n|move|p2a: Piloswine|Roar|p1a: Porygon-Z\n|drag|p1a: Thundurus|Thundurus-Therian, L80, M|258/258\n|-damage|p1a: Thundurus|194/258|[from] Stealth Rock\n|\n|upkeep\n|turn|3\n|\n|t:|1781398727\n|switch|p2a: Baxcalibur|Baxcalibur, L75, M|295/295\n|move|p1a: Thundurus|Focus Blast|p2a: Baxcalibur\n|-supereffective|p2a: Baxcalibur\n|-damage|p2a: Baxcalibur|0 fnt\n|faint|p2a: Baxcalibur\n|\n|upkeep\n|\n|t:|1781398740\n|switch|p2a: Koraidon|Koraidon, L64|235/235\n|-weather|SunnyDay|[from] ability: Orichalcum Pulse|[of] p2a: Koraidon\n|-activate|p2a: Koraidon|Orichalcum Pulse|[source]\n|turn|4\n|\n|t:|1781398750\n|switch|p1a: Bastiodon|Bastiodon, L89, F|252/252\n|-damage|p1a: Bastiodon|237/252|[from] Stealth Rock\n|move|p2a: Koraidon|Swords Dance|p2a: Koraidon\n|-boost|p2a: Koraidon|atk|2\n|\n|-weather|SunnyDay|[upkeep]\n|upkeep\n|turn|5\n|\n|t:|1781398756\n|-terastallize|p1a: Bastiodon|Fighting\n|move|p2a: Koraidon|Collision Course|p1a: Bastiodon\n|-damage|p1a: Bastiodon|107/252\n|move|p1a: Bastiodon|Iron Defense|p1a: Bastiodon\n|-boost|p1a: Bastiodon|def|2\n|\n|-weather|SunnyDay|[upkeep]\n|upkeep\n|turn|6\n|\n|t:|1781398759\n|move|p2a: Koraidon|Collision Course|p1a: Bastiodon\n|-damage|p1a: Bastiodon|43/252\n|move|p1a: Bastiodon|Rest|p1a: Bastiodon\n|-status|p1a: Bastiodon|slp|[from] move: Rest\n|-heal|p1a: Bastiodon|252/252 slp|[silent]\n|-enditem|p1a: Bastiodon|Chesto Berry|[eat]\n|-curestatus|p1a: Bastiodon|slp|[msg]\n|\n|-weather|SunnyDay|[upkeep]\n|upkeep\n|turn|7\n|\n|t:|1781398778\n|switch|p2a: Pyroar|Pyroar, L88, F|295/295\n|-ability|p2a: Pyroar|Unnerve\n|move|p1a: Bastiodon|Body Press|p2a: Pyroar\n|-supereffective|p2a: Pyroar\n|-damage|p2a: Pyroar|0 fnt\n|faint|p2a: Pyroar\n|\n|-weather|SunnyDay|[upkeep]\n|upkeep\n|inactive|Battle timer is ON: inactive players will automatically lose when time's up. (requested by Christmasrieth12)\n|\n|t:|1781398786\n|switch|p2a: Girafarig|Girafarig, L89, F|269/269\n|turn|8\n|\n|t:|1781398793\n|move|p2a: Girafarig|Nasty Plot|p2a: Girafarig\n|-boost|p2a: Girafarig|spa|2\n|move|p1a: Bastiodon|Body Press|p2a: Girafarig\n|-damage|p2a: Girafarig|34/269\n|\n|-weather|none\n|upkeep\n|turn|9\n|\n|t:|1781398795\n|move|p2a: Girafarig|Thunderbolt|p1a: Bastiodon\n|-damage|p1a: Bastiodon|160/252\n|move|p1a: Bastiodon|Body Press|p2a: Girafarig\n|-damage|p2a: Girafarig|0 fnt\n|faint|p2a: Girafarig\n|\n|upkeep\n|-message|moritzvb forfeited.\n|\n|win|Christmasrieth12\n", "uploadtime": 1781398690, "views": 3, "formatid": "gen9randombattle", "rating": null, "private": 0, "password": null}