{"id": "gen9randombattle-2631379267", "format": "[Gen 9] Random Battle", "players": ["SGA4MVP23", "moongo"], "log": "|j|\u2606SGA4MVP23\n|j|\u2606moongo\n|t:|1781377700\n|gametype|singles\n|player|p1|SGA4MVP23|marshal|1903\n|player|p2|moongo|pokemonranger|1979\n|gen|9\n|tier|[Gen 9] Random Battle\n|rated|\n|rule|Species Clause: Limit one of each Pok\u00e9mon\n|rule|HP Percentage Mod: HP is shown in percentages\n|rule|Sleep Clause Mod: Limit one foe put to sleep\n|rule|Illusion Level Mod: Illusion disguises the Pok\u00e9mon's true level\n|\n|t:|1781377700\n|teamsize|p1|6\n|teamsize|p2|6\n|start\n|switch|p1a: Gallade|Gallade, L80, M|240/240\n|switch|p2a: Arceus|Arceus-Electric, L70|284/284\n|turn|1\n|\n|t:|1781377719\n|switch|p2a: Spiritomb|Spiritomb, L89, M|234/234\n|move|p1a: Gallade|Psycho Cut|p2a: Spiritomb\n|-immune|p2a: Spiritomb\n|\n|upkeep\n|turn|2\n|\n|t:|1781377728\n|switch|p1a: Incineroar|Incineroar, L82, F|290/290\n|-ability|p1a: Incineroar|Intimidate|boost\n|-unboost|p2a: Spiritomb|atk|1\n|move|p2a: Spiritomb|Poltergeist|p1a: Incineroar\n|-activate|p1a: Incineroar|move: Poltergeist|Heavy-Duty Boots\n|-resisted|p1a: Incineroar\n|-damage|p1a: Incineroar|250/290\n|\n|upkeep\n|turn|3\n|\n|t:|1781377746\n|switch|p2a: Garganacl|Garganacl, L80, M|291/291\n|move|p1a: Incineroar|Knock Off|p2a: Garganacl\n|-damage|p2a: Garganacl|212/291\n|-enditem|p2a: Garganacl|Leftovers|[from] move: Knock Off|[of] p1a: Incineroar\n|\n|upkeep\n|turn|4\n|\n|t:|1781377765\n|switch|p1a: Ludicolo|Ludicolo, L90, M|290/290\n|switch|p2a: Spiritomb|Spiritomb, L89, M|234/234\n|\n|upkeep\n|turn|5\n|\n|t:|1781377776\n|move|p1a: Ludicolo|Rain Dance|p1a: Ludicolo\n|-weather|RainDance\n|move|p2a: Spiritomb|Poltergeist|p1a: Ludicolo\n|-activate|p1a: Ludicolo|move: Poltergeist|Life Orb\n|-damage|p1a: Ludicolo|158/290\n|\n|-weather|RainDance|[upkeep]\n|upkeep\n|turn|6\n|\n|t:|1781377781\n|move|p1a: Ludicolo|Giga Drain|p2a: Spiritomb\n|-damage|p2a: Spiritomb|151/234\n|-heal|p1a: Ludicolo|200/290|[from] drain|[of] p2a: Spiritomb\n|-damage|p1a: Ludicolo|171/290|[from] item: Life Orb\n|move|p2a: Spiritomb|Poltergeist|p1a: Ludicolo\n|-activate|p1a: Ludicolo|move: Poltergeist|Life Orb\n|-damage|p1a: Ludicolo|35/290\n|\n|-weather|RainDance|[upkeep]\n|-heal|p2a: Spiritomb|165/234|[from] item: Leftovers\n|upkeep\n|turn|7\n|\n|t:|1781377790\n|move|p2a: Spiritomb|Shadow Sneak|p1a: Ludicolo\n|-damage|p1a: Ludicolo|0 fnt\n|faint|p1a: Ludicolo\n|\n|-weather|RainDance|[upkeep]\n|-heal|p2a: Spiritomb|179/234|[from] item: Leftovers\n|upkeep\n|\n|t:|1781377796\n|switch|p1a: Barraskewda|Barraskewda, L81, F|231/231\n|turn|8\n|\n|t:|1781377807\n|move|p1a: Barraskewda|Waterfall|p2a: Spiritomb\n|-damage|p2a: Spiritomb|0 fnt\n|faint|p2a: Spiritomb\n|\n|-weather|RainDance|[upkeep]\n|upkeep\n|\n|t:|1781377818\n|switch|p2a: Arceus|Arceus-Electric, L70|284/284\n|turn|9\n|\n|t:|1781377827\n|switch|p1a: Gallade|Gallade, L80, M|240/240\n|move|p2a: Arceus|Judgment|p1a: Gallade\n|-damage|p1a: Gallade|147/240\n|\n|-weather|none\n|upkeep\n|turn|10\n|\n|t:|1781377842\n|switch|p2a: Mewtwo|Mewtwo, L72|272/272\n|-ability|p2a: Mewtwo|Unnerve\n|move|p1a: Gallade|Sacred Sword|p2a: Mewtwo\n|-resisted|p2a: Mewtwo\n|-damage|p2a: Mewtwo|187/272\n|\n|upkeep\n|turn|11\n|\n|t:|1781377856\n|switch|p1a: Incineroar|Incineroar, L82, F|250/290\n|-ability|p1a: Incineroar|Intimidate|boost\n|-unboost|p2a: Mewtwo|atk|1\n|move|p2a: Mewtwo|Psystrike|p1a: Incineroar\n|-immune|p1a: Incineroar\n|\n|upkeep\n|turn|12\n|\n|t:|1781377869\n|switch|p2a: Garganacl|Garganacl, L80, M|212/291\n|move|p1a: Incineroar|Knock Off|p2a: Garganacl\n|-damage|p2a: Garganacl|148/291\n|\n|upkeep\n|turn|13\n|\n|t:|1781377883\n|move|p1a: Incineroar|Swords Dance|p1a: Incineroar\n|-boost|p1a: Incineroar|atk|2\n|move|p2a: Garganacl|Recover|p2a: Garganacl\n|-heal|p2a: Garganacl|291/291\n|\n|upkeep\n|turn|14\n|\n|t:|1781377901\n|move|p1a: Incineroar|Trailblaze|p2a: Garganacl\n|-supereffective|p2a: Garganacl\n|-damage|p2a: Garganacl|181/291\n|-boost|p1a: Incineroar|spe|1\n|move|p2a: Garganacl|Salt Cure|p1a: Incineroar\n|-supereffective|p1a: Incineroar\n|-damage|p1a: Incineroar|172/290\n|-start|p1a: Incineroar|Salt Cure\n|\n|-damage|p1a: Incineroar|136/290|[from] Salt Cure\n|upkeep\n|turn|15\n|\n|t:|1781377909\n|move|p1a: Incineroar|Knock Off|p2a: Garganacl\n|-damage|p2a: Garganacl|60/291\n|move|p2a: Garganacl|Recover|p2a: Garganacl\n|-heal|p2a: Garganacl|206/291\n|\n|-damage|p1a: Incineroar|100/290|[from] Salt Cure\n|upkeep\n|turn|16\n|\n|t:|1781377915\n|switch|p1a: Gallade|Gallade, L80, M|147/240\n|move|p2a: Garganacl|Body Press|p1a: Gallade\n|-resisted|p1a: Gallade\n|-crit|p1a: Gallade\n|-damage|p1a: Gallade|83/240\n|\n|upkeep\n|turn|17\n|\n|t:|1781377922\n|move|p2a: Garganacl|Protect|p2a: Garganacl\n|-singleturn|p2a: Garganacl|Protect\n|move|p1a: Gallade|Sacred Sword|p2a: Garganacl\n|-activate|p2a: Garganacl|move: Protect\n|\n|upkeep\n|turn|18\n|\n|t:|1781377926\n|switch|p1a: Incineroar|Incineroar, L82, F|100/290\n|-ability|p1a: Incineroar|Intimidate|boost\n|-unboost|p2a: Garganacl|atk|1\n|switch|p2a: Mewtwo|Mewtwo, L72|187/272\n|-ability|p2a: Mewtwo|Unnerve\n|\n|upkeep\n|turn|19\n|\n|t:|1781377934\n|switch|p2a: Garganacl|Garganacl, L80, M|206/291\n|move|p1a: Incineroar|Knock Off|p2a: Garganacl\n|-damage|p2a: Garganacl|151/291\n|\n|upkeep\n|turn|20\n|\n|t:|1781377945\n|switch|p1a: Sandslash|Sandslash-Alola, L88, F|275/275\n|move|p2a: Garganacl|Recover|p2a: Garganacl\n|-heal|p2a: Garganacl|291/291\n|\n|upkeep\n|turn|21\n|\n|t:|1781377955\n|move|p1a: Sandslash|Iron Head|p2a: Garganacl\n|-supereffective|p2a: Garganacl\n|-crit|p2a: Garganacl\n|-damage|p2a: Garganacl|49/291\n|cant|p2a: Garganacl|flinch\n|\n|upkeep\n|turn|22\n|c|\u2606moongo|lol\n|-message|moongo forfeited.\n|\n|win|SGA4MVP23\n", "uploadtime": 1781377701, "views": 7, "formatid": "gen9randombattle", "rating": null, "private": 0, "password": null}