{"id": "gen9randombattle-2631703901", "format": "[Gen 9] Random Battle", "players": ["Legendkiller01", "chiragsaini"], "log": "|j|\u2606Legendkiller01\n|j|\u2606chiragsaini\n|t:|1781425117\n|gametype|singles\n|player|p1|Legendkiller01|cynthia-gen4|1380\n|player|p2|chiragsaini|101|1354\n|gen|9\n|tier|[Gen 9] Random Battle\n|rated|\n|rule|Species Clause: Limit one of each Pok\u00e9mon\n|rule|HP Percentage Mod: HP is shown in percentages\n|rule|Sleep Clause Mod: Limit one foe put to sleep\n|rule|Illusion Level Mod: Illusion disguises the Pok\u00e9mon's true level\n|\n|t:|1781425117\n|teamsize|p1|6\n|teamsize|p2|6\n|start\n|switch|p1a: Krookodile|Krookodile, L79, F|280/280\n|switch|p2a: Inteleon|Inteleon, L81, M|246/246\n|-ability|p1a: Krookodile|Intimidate|boost\n|-unboost|p2a: Inteleon|atk|1\n|turn|1\n|inactive|Battle timer is ON: inactive players will automatically lose when time's up. (requested by chiragsaini)\n|\n|t:|1781425136\n|switch|p1a: Gardevoir|Gardevoir, L83, F|249/249\n|-ability|p1a: Gardevoir|Torrent|Trace|[from] ability: Trace|[of] p2a: Inteleon\n|move|p2a: Inteleon|U-turn|p1a: Gardevoir\n|-damage|p1a: Gardevoir|210/249\n|\n|t:|1781425147\n|switch|p2a: Ting-Lu|Ting-Lu, L78|370/370|[from] U-turn\n|-ability|p2a: Ting-Lu|Vessel of Ruin\n|\n|upkeep\n|turn|2\n|\n|t:|1781425155\n|move|p1a: Gardevoir|Trick|p2a: Ting-Lu\n|-activate|p1a: Gardevoir|move: Trick|[of] p2a: Ting-Lu\n|-item|p2a: Ting-Lu|Choice Scarf|[from] move: Trick\n|-item|p1a: Gardevoir|Leftovers|[from] move: Trick\n|move|p2a: Ting-Lu|Stealth Rock|p1a: Gardevoir\n|-sidestart|p1: Legendkiller01|move: Stealth Rock\n|\n|-heal|p1a: Gardevoir|225/249|[from] item: Leftovers\n|upkeep\n|turn|3\n|\n|t:|1781425165\n|switch|p2a: Okidogi|Okidogi, L77, M|262/262\n|move|p1a: Gardevoir|Moonblast|p2a: Okidogi\n|-damage|p2a: Okidogi|175/262\n|\n|-heal|p1a: Gardevoir|240/249|[from] item: Leftovers\n|upkeep\n|turn|4\n|\n|t:|1781425175\n|move|p1a: Gardevoir|Psyshock|p2a: Okidogi\n|-supereffective|p2a: Okidogi\n|-damage|p2a: Okidogi|0 fnt\n|faint|p2a: Okidogi\n|\n|-heal|p1a: Gardevoir|249/249|[from] item: Leftovers\n|upkeep\n|\n|t:|1781425183\n|switch|p2a: Ting-Lu|Ting-Lu, L78|370/370\n|-ability|p2a: Ting-Lu|Vessel of Ruin\n|turn|5\n|\n|t:|1781425189\n|move|p1a: Gardevoir|Moonblast|p2a: Ting-Lu\n|-supereffective|p2a: Ting-Lu\n|-damage|p2a: Ting-Lu|154/370\n|move|p2a: Ting-Lu|Throat Chop|p1a: Gardevoir\n|-crit|p1a: Gardevoir\n|-damage|p1a: Gardevoir|95/249\n|-start|p1a: Gardevoir|Throat Chop|[silent]\n|\n|-heal|p1a: Gardevoir|110/249|[from] item: Leftovers\n|upkeep\n|turn|6\n|\n|t:|1781425203\n|switch|p2a: Inteleon|Inteleon, L81, M|246/246\n|move|p1a: Gardevoir|Moonblast|p2a: Inteleon\n|-damage|p2a: Inteleon|86/246\n|\n|-heal|p1a: Gardevoir|125/249|[from] item: Leftovers\n|-end|p1a: Gardevoir|Throat Chop|[silent]\n|upkeep\n|turn|7\n|\n|t:|1781425214\n|move|p2a: Inteleon|Hydro Pump|p1a: Gardevoir\n|-damage|p1a: Gardevoir|0 fnt\n|faint|p1a: Gardevoir\n|\n|upkeep\n|\n|t:|1781425222\n|switch|p1a: Scizor|Scizor, L79, F|240/240\n|-damage|p1a: Scizor|210/240|[from] Stealth Rock\n|turn|8\n|\n|t:|1781425226\n|move|p2a: Inteleon|Hydro Pump|p1a: Scizor\n|-damage|p1a: Scizor|0 fnt\n|faint|p1a: Scizor\n|\n|upkeep\n|\n|t:|1781425237\n|switch|p1a: Swalot|Swalot, L90, M|326/326\n|-damage|p1a: Swalot|286/326|[from] Stealth Rock\n|turn|9\n|\n|t:|1781425241\n|move|p2a: Inteleon|Hydro Pump|p1a: Swalot|[miss]\n|-miss|p2a: Inteleon|p1a: Swalot\n|move|p1a: Swalot|Sludge Bomb|p2a: Inteleon\n|-damage|p2a: Inteleon|0 fnt\n|faint|p2a: Inteleon\n|\n|-heal|p1a: Swalot|306/326|[from] item: Leftovers\n|upkeep\n|\n|t:|1781425246\n|switch|p2a: Ting-Lu|Ting-Lu, L78|154/370\n|-ability|p2a: Ting-Lu|Vessel of Ruin\n|turn|10\n|\n|t:|1781425254\n|move|p2a: Ting-Lu|Earthquake|p1a: Swalot\n|-supereffective|p1a: Swalot\n|-damage|p1a: Swalot|96/326\n|move|p1a: Swalot|Toxic|p2a: Ting-Lu\n|-status|p2a: Ting-Lu|tox\n|\n|-heal|p1a: Swalot|116/326|[from] item: Leftovers\n|-damage|p2a: Ting-Lu|131/370 tox|[from] psn\n|upkeep\n|turn|11\n|\n|t:|1781425260\n|switch|p1a: Articuno|Articuno-Galar, L84|288/288\n|move|p2a: Ting-Lu|Earthquake|p1a: Articuno\n|-immune|p1a: Articuno\n|\n|-damage|p2a: Ting-Lu|85/370 tox|[from] psn\n|upkeep\n|turn|12\n|\n|t:|1781425269\n|switch|p2a: Zebstrika|Zebstrika, L87, F|272/272\n|move|p1a: Articuno|Calm Mind|p1a: Articuno\n|-boost|p1a: Articuno|spa|1\n|-boost|p1a: Articuno|spd|1\n|\n|upkeep\n|turn|13\n|\n|t:|1781425278\n|-terastallize|p1a: Articuno|Steel\n|move|p2a: Zebstrika|Supercell Slam|p1a: Articuno\n|-damage|p1a: Articuno|123/288\n|-damage|p2a: Zebstrika|245/272|[from] item: Life Orb\n|move|p1a: Articuno|Freezing Glare|p2a: Zebstrika\n|-damage|p2a: Zebstrika|40/272\n|\n|upkeep\n|turn|14\n|\n|t:|1781425288\n|switch|p1a: Krookodile|Krookodile, L79, F|280/280\n|-damage|p1a: Krookodile|263/280|[from] Stealth Rock\n|-ability|p1a: Krookodile|Intimidate|boost\n|-unboost|p2a: Zebstrika|atk|1\n|move|p2a: Zebstrika|High Horsepower|p1a: Krookodile\n|-damage|p1a: Krookodile|186/280\n|-damage|p2a: Zebstrika|13/272|[from] item: Life Orb\n|\n|-heal|p1a: Krookodile|203/280|[from] item: Leftovers\n|upkeep\n|turn|15\n|\n|t:|1781425299\n|move|p2a: Zebstrika|Overheat|p1a: Krookodile|[miss]\n|-miss|p2a: Zebstrika|p1a: Krookodile\n|move|p1a: Krookodile|Bulk Up|p1a: Krookodile\n|-boost|p1a: Krookodile|atk|1\n|-boost|p1a: Krookodile|def|1\n|\n|-heal|p1a: Krookodile|220/280|[from] item: Leftovers\n|upkeep\n|turn|16\n|\n|t:|1781425307\n|move|p2a: Zebstrika|Overheat|p1a: Krookodile|[miss]\n|-miss|p2a: Zebstrika|p1a: Krookodile\n|move|p1a: Krookodile|Knock Off|p2a: Zebstrika\n|-damage|p2a: Zebstrika|0 fnt\n|-enditem|p2a: Zebstrika|Life Orb|[from] move: Knock Off|[of] p1a: Krookodile\n|faint|p2a: Zebstrika\n|\n|-heal|p1a: Krookodile|237/280|[from] item: Leftovers\n|upkeep\n|c|\u2606chiragsaini|bitch ass zebstrka\n|\n|t:|1781425322\n|switch|p2a: Slaking|Slaking, L84, M|389/389\n|turn|17\n|\n|t:|1781425332\n|move|p2a: Slaking|Giga Impact|p1a: Krookodile\n|-damage|p1a: Krookodile|0 fnt\n|-mustrecharge|p2a: Slaking\n|faint|p1a: Krookodile\n|\n|upkeep\n|\n|t:|1781425338\n|switch|p1a: Whiscash|Whiscash, L88, F|337/337\n|-damage|p1a: Whiscash|316/337|[from] Stealth Rock\n|turn|18\n|\n|t:|1781425342\n|cant|p2a: Slaking|recharge\n|move|p1a: Whiscash|Dragon Dance|p1a: Whiscash\n|-boost|p1a: Whiscash|atk|1\n|-boost|p1a: Whiscash|spe|1\n|\n|upkeep\n|turn|19\n|\n|t:|1781425348\n|move|p1a: Whiscash|Liquidation|p2a: Slaking\n|-damage|p2a: Slaking|245/389\n|-damage|p1a: Whiscash|283/337|[from] item: Life Orb\n|move|p2a: Slaking|Giga Impact|p1a: Whiscash\n|-damage|p1a: Whiscash|0 fnt\n|-mustrecharge|p2a: Slaking\n|faint|p1a: Whiscash\n|\n|upkeep\n|-message|Legendkiller01 forfeited.\n|\n|win|chiragsaini\n", "uploadtime": 1781425315, "views": 2, "formatid": "gen9randombattle", "rating": null, "private": 0, "password": null}