{"id": "gen9randombattle-2631972136", "format": "[Gen 9] Random Battle", "players": ["LeandroBed2008", "scampy789"], "log": "|j|\u2606LeandroBed2008\n|j|\u2606scampy789\n|t:|1781461428\n|gametype|singles\n|player|p1|LeandroBed2008|1|2088\n|player|p2|scampy789|170|2079\n|gen|9\n|tier|[Gen 9] Random Battle\n|rated|\n|rule|Species Clause: Limit one of each Pok\u00e9mon\n|rule|HP Percentage Mod: HP is shown in percentages\n|rule|Sleep Clause Mod: Limit one foe put to sleep\n|rule|Illusion Level Mod: Illusion disguises the Pok\u00e9mon's true level\n|\n|t:|1781461429\n|teamsize|p1|6\n|teamsize|p2|6\n|start\n|switch|p1a: Bellossom|Bellossom, L84, M|263/263\n|switch|p2a: Munkidori|Munkidori, L79, M|269/269\n|turn|1\n|inactive|Battle timer is ON: inactive players will automatically lose when time's up. (requested by scampy789)\n|\n|t:|1781461438\n|switch|p1a: Metagross|Metagross, L79|256/256\n|move|p2a: Munkidori|U-turn|p1a: Metagross\n|-damage|p1a: Metagross|227/256\n|\n|t:|1781461451\n|switch|p2a: Oinkologne|Oinkologne, L92, M|352/352|[from] U-turn\n|\n|upkeep\n|turn|2\n|\n|t:|1781461456\n|move|p2a: Oinkologne|Curse|p2a: Oinkologne\n|-unboost|p2a: Oinkologne|spe|1\n|-boost|p2a: Oinkologne|atk|1\n|-boost|p2a: Oinkologne|def|1\n|move|p1a: Metagross|Knock Off|p2a: Oinkologne\n|-damage|p2a: Oinkologne|296/352\n|-enditem|p2a: Oinkologne|Leftovers|[from] move: Knock Off|[of] p1a: Metagross\n|\n|upkeep\n|turn|3\n|\n|t:|1781461463\n|switch|p1a: Masquerain|Masquerain, L87, F|264/264\n|-ability|p1a: Masquerain|Intimidate|boost\n|-unboost|p2a: Oinkologne|atk|1\n|move|p2a: Oinkologne|Body Slam|p1a: Masquerain\n|-damage|p1a: Masquerain|128/264\n|\n|upkeep\n|turn|4\n|\n|t:|1781461468\n|move|p1a: Masquerain|Sticky Web|p2a: Oinkologne\n|-sidestart|p2: scampy789|move: Sticky Web\n|move|p2a: Oinkologne|Body Slam|p1a: Masquerain\n|-damage|p1a: Masquerain|0 fnt\n|faint|p1a: Masquerain\n|\n|upkeep\n|\n|t:|1781461477\n|switch|p1a: Bellossom|Bellossom, L84, M|263/263\n|turn|5\n|\n|t:|1781461484\n|move|p1a: Bellossom|Quiver Dance|p1a: Bellossom\n|-boost|p1a: Bellossom|spa|1\n|-boost|p1a: Bellossom|spd|1\n|-boost|p1a: Bellossom|spe|1\n|move|p2a: Oinkologne|Body Slam|p1a: Bellossom\n|-damage|p1a: Bellossom|164/263\n|\n|-heal|p1a: Bellossom|180/263|[from] item: Leftovers\n|upkeep\n|turn|6\n|\n|t:|1781461494\n|move|p1a: Bellossom|Quiver Dance|p1a: Bellossom\n|-boost|p1a: Bellossom|spa|1\n|-boost|p1a: Bellossom|spd|1\n|-boost|p1a: Bellossom|spe|1\n|move|p2a: Oinkologne|Body Slam|p1a: Bellossom\n|-damage|p1a: Bellossom|78/263\n|\n|-heal|p1a: Bellossom|94/263|[from] item: Leftovers\n|upkeep\n|turn|7\n|\n|t:|1781461498\n|move|p1a: Bellossom|Giga Drain|p2a: Oinkologne\n|-damage|p2a: Oinkologne|157/352\n|-heal|p1a: Bellossom|164/263|[from] drain|[of] p2a: Oinkologne\n|move|p2a: Oinkologne|Body Slam|p1a: Bellossom\n|-damage|p1a: Bellossom|64/263\n|\n|-heal|p1a: Bellossom|80/263|[from] item: Leftovers\n|upkeep\n|turn|8\n|\n|t:|1781461504\n|move|p1a: Bellossom|Strength Sap|p2a: Oinkologne\n|-unboost|p2a: Oinkologne|atk|1\n|-heal|p1a: Bellossom|263/263\n|move|p2a: Oinkologne|Body Slam|p1a: Bellossom\n|-damage|p1a: Bellossom|193/263\n|\n|-heal|p1a: Bellossom|209/263|[from] item: Leftovers\n|upkeep\n|turn|9\n|\n|t:|1781461508\n|move|p1a: Bellossom|Quiver Dance|p1a: Bellossom\n|-boost|p1a: Bellossom|spa|1\n|-boost|p1a: Bellossom|spd|1\n|-boost|p1a: Bellossom|spe|1\n|move|p2a: Oinkologne|Body Slam|p1a: Bellossom\n|-damage|p1a: Bellossom|146/263\n|\n|-heal|p1a: Bellossom|162/263|[from] item: Leftovers\n|upkeep\n|turn|10\n|\n|t:|1781461513\n|move|p1a: Bellossom|Quiver Dance|p1a: Bellossom\n|-boost|p1a: Bellossom|spa|1\n|-boost|p1a: Bellossom|spd|1\n|-boost|p1a: Bellossom|spe|1\n|move|p2a: Oinkologne|Body Slam|p1a: Bellossom\n|-damage|p1a: Bellossom|96/263\n|\n|-heal|p1a: Bellossom|112/263|[from] item: Leftovers\n|upkeep\n|turn|11\n|\n|t:|1781461517\n|move|p1a: Bellossom|Strength Sap|p2a: Oinkologne\n|-unboost|p2a: Oinkologne|atk|1\n|-heal|p1a: Bellossom|263/263\n|move|p2a: Oinkologne|Body Slam|p1a: Bellossom\n|-damage|p1a: Bellossom|212/263\n|\n|-heal|p1a: Bellossom|228/263|[from] item: Leftovers\n|upkeep\n|turn|12\n|\n|t:|1781461523\n|move|p1a: Bellossom|Quiver Dance|p1a: Bellossom\n|-boost|p1a: Bellossom|spa|1\n|-boost|p1a: Bellossom|spd|1\n|-boost|p1a: Bellossom|spe|1\n|move|p2a: Oinkologne|Body Slam|p1a: Bellossom\n|-crit|p1a: Bellossom\n|-damage|p1a: Bellossom|86/263\n|-status|p1a: Bellossom|par\n|\n|-heal|p1a: Bellossom|102/263 par|[from] item: Leftovers\n|upkeep\n|turn|13\n|c|\u2606LeandroBed2008|Yo please paralyze holy\n|c|\u2606LeandroBed2008|Thank you\n|\n|t:|1781461541\n|move|p1a: Bellossom|Giga Drain|p2a: Oinkologne\n|-damage|p2a: Oinkologne|0 fnt\n|-heal|p1a: Bellossom|181/263 par|[from] drain|[of] p2a: Oinkologne\n|faint|p2a: Oinkologne\n|\n|-heal|p1a: Bellossom|197/263 par|[from] item: Leftovers\n|upkeep\n|inactive|scampy789 has 120 seconds left.\n|\n|t:|1781461563\n|switch|p2a: Rotom|Rotom-Wash, L82|216/216\n|turn|14\n|\n|t:|1781461568\n|move|p2a: Rotom|Trick|p1a: Bellossom\n|-activate|p2a: Rotom|move: Trick|[of] p1a: Bellossom\n|-item|p1a: Bellossom|Choice Scarf|[from] move: Trick\n|-item|p2a: Rotom|Leftovers|[from] move: Trick\n|move|p1a: Bellossom|Giga Drain|p2a: Rotom\n|-supereffective|p2a: Rotom\n|-damage|p2a: Rotom|0 fnt\n|-heal|p1a: Bellossom|263/263 par|[from] drain|[of] p2a: Rotom\n|faint|p2a: Rotom\n|\n|upkeep\n|\n|t:|1781461573\n|switch|p2a: Munkidori|Munkidori, L79, M|269/269\n|-activate|p2a: Munkidori|move: Sticky Web\n|-unboost|p2a: Munkidori|spe|1\n|turn|15\n|\n|t:|1781461576\n|move|p1a: Bellossom|Giga Drain|p2a: Munkidori\n|-resisted|p2a: Munkidori\n|-damage|p2a: Munkidori|140/269\n|move|p2a: Munkidori|Psyshock|p1a: Bellossom\n|-damage|p1a: Bellossom|136/263 par\n|\n|upkeep\n|turn|16\n|\n|t:|1781461581\n|move|p1a: Bellossom|Giga Drain|p2a: Munkidori\n|-resisted|p2a: Munkidori\n|-damage|p2a: Munkidori|13/269\n|-heal|p1a: Bellossom|200/263 par|[from] drain|[of] p2a: Munkidori\n|move|p2a: Munkidori|Psyshock|p1a: Bellossom\n|-damage|p1a: Bellossom|77/263 par\n|\n|upkeep\n|turn|17\n|-message|scampy789 forfeited.\n|\n|win|LeandroBed2008\n", "uploadtime": 1781461431, "views": 3, "formatid": "gen9randombattle", "rating": null, "private": 0, "password": null}