{"id": "gen9randombattle-2631814734", "format": "[Gen 9] Random Battle", "players": ["rayray9", "joebidenfan1245"], "log": "|j|\u2606rayray9\n|j|\u203djoebidenfan1245\n|t:|1781443568\n|gametype|singles\n|player|p1|rayray9|1|2069\n|player|p2|joebidenfan1245|265|2027\n|gen|9\n|tier|[Gen 9] Random Battle\n|rated|\n|rule|Species Clause: Limit one of each Pok\u00e9mon\n|rule|HP Percentage Mod: HP is shown in percentages\n|rule|Sleep Clause Mod: Limit one foe put to sleep\n|rule|Illusion Level Mod: Illusion disguises the Pok\u00e9mon's true level\n|\n|t:|1781443568\n|teamsize|p1|6\n|teamsize|p2|6\n|start\n|switch|p1a: Falinks|Falinks, L84|246/246\n|switch|p2a: Excadrill|Excadrill, L79, M|303/303\n|-ability|p2a: Excadrill|Mold Breaker\n|turn|1\n|\n|t:|1781443609\n|move|p2a: Excadrill|Earthquake|p1a: Falinks\n|-damage|p1a: Falinks|135/246\n|move|p1a: Falinks|No Retreat|p1a: Falinks\n|-boost|p1a: Falinks|atk|1\n|-boost|p1a: Falinks|def|1\n|-boost|p1a: Falinks|spa|1\n|-boost|p1a: Falinks|spd|1\n|-boost|p1a: Falinks|spe|1\n|-start|p1a: Falinks|move: No Retreat\n|\n|upkeep\n|turn|2\n|\n|t:|1781443619\n|switch|p2a: Deoxys|Deoxys-Defense, L84|221/221\n|-ability|p2a: Deoxys|Pressure\n|move|p1a: Falinks|Close Combat|p2a: Deoxys\n|-resisted|p2a: Deoxys\n|-damage|p2a: Deoxys|143/221\n|-unboost|p1a: Falinks|def|1\n|-unboost|p1a: Falinks|spd|1\n|-damage|p1a: Falinks|111/246|[from] item: Life Orb\n|\n|-heal|p2a: Deoxys|156/221|[from] item: Leftovers\n|upkeep\n|turn|3\n|\n|t:|1781443628\n|move|p1a: Falinks|Knock Off|p2a: Deoxys\n|-supereffective|p2a: Deoxys\n|-damage|p2a: Deoxys|0 fnt\n|-enditem|p2a: Deoxys|Leftovers|[from] move: Knock Off|[of] p1a: Falinks\n|faint|p2a: Deoxys\n|-damage|p1a: Falinks|87/246|[from] item: Life Orb\n|\n|upkeep\n|\n|t:|1781443632\n|switch|p2a: Clawitzer|Clawitzer, L87, M|265/265\n|turn|4\n|\n|t:|1781443640\n|move|p1a: Falinks|Close Combat|p2a: Clawitzer\n|-damage|p2a: Clawitzer|27/265\n|-unboost|p1a: Falinks|def|1\n|-unboost|p1a: Falinks|spd|1\n|-damage|p1a: Falinks|63/246|[from] item: Life Orb\n|move|p2a: Clawitzer|Water Pulse|p1a: Falinks\n|-crit|p1a: Falinks\n|-damage|p1a: Falinks|0 fnt\n|faint|p1a: Falinks\n|\n|upkeep\n|\n|t:|1781443649\n|switch|p1a: Decidueye|Decidueye-Hisui, L87, M|295/295\n|turn|5\n|\n|t:|1781443666\n|switch|p2a: Toxtricity|Toxtricity, L82, F|257/257\n|move|p1a: Decidueye|Triple Arrows|p2a: Toxtricity\n|-resisted|p2a: Toxtricity\n|-damage|p2a: Toxtricity|185/257\n|-unboost|p2a: Toxtricity|def|1\n|\n|upkeep\n|turn|6\n|\n|t:|1781443675\n|move|p2a: Toxtricity|Gunk Shot|p1a: Decidueye|[miss]\n|-miss|p2a: Toxtricity|p1a: Decidueye\n|move|p1a: Decidueye|Triple Arrows|p2a: Toxtricity\n|-resisted|p2a: Toxtricity\n|-damage|p2a: Toxtricity|80/257\n|\n|upkeep\n|turn|7\n|\n|t:|1781443679\n|move|p2a: Toxtricity|Gunk Shot|p1a: Decidueye\n|-supereffective|p1a: Decidueye\n|-damage|p1a: Decidueye|47/295\n|move|p1a: Decidueye|Triple Arrows|p2a: Toxtricity\n|-resisted|p2a: Toxtricity\n|-crit|p2a: Toxtricity\n|-damage|p2a: Toxtricity|0 fnt\n|faint|p2a: Toxtricity\n|\n|-heal|p1a: Decidueye|65/295|[from] item: Leftovers\n|upkeep\n|\n|t:|1781443688\n|switch|p2a: Excadrill|Excadrill, L79, M|303/303\n|-ability|p2a: Excadrill|Mold Breaker\n|turn|8\n|\n|t:|1781443697\n|move|p2a: Excadrill|Iron Head|p1a: Decidueye\n|-damage|p1a: Decidueye|0 fnt\n|faint|p1a: Decidueye\n|\n|upkeep\n|\n|t:|1781443709\n|switch|p1a: Noivern|Noivern, L82, F|274/274\n|turn|9\n|\n|t:|1781443731\n|move|p1a: Noivern|Flamethrower|p2a: Excadrill\n|-supereffective|p2a: Excadrill\n|-damage|p2a: Excadrill|197/303\n|move|p2a: Excadrill|Rapid Spin|p1a: Noivern\n|-damage|p1a: Noivern|228/274\n|-boost|p2a: Excadrill|spe|1\n|\n|upkeep\n|turn|10\n|\n|t:|1781443736\n|move|p2a: Excadrill|Rock Slide|p1a: Noivern\n|-supereffective|p1a: Noivern\n|-damage|p1a: Noivern|104/274\n|cant|p1a: Noivern|flinch\n|\n|upkeep\n|turn|11\n|\n|t:|1781443744\n|move|p2a: Excadrill|Rock Slide|p1a: Noivern\n|-supereffective|p1a: Noivern\n|-damage|p1a: Noivern|0 fnt\n|faint|p1a: Noivern\n|\n|upkeep\n|\n|t:|1781443747\n|switch|p1a: Rillaboom|Rillaboom, L79, M|288/288\n|-fieldstart|move: Grassy Terrain|[from] ability: Grassy Surge|[of] p1a: Rillaboom\n|turn|12\n|\n|t:|1781443756\n|move|p2a: Excadrill|Iron Head|p1a: Rillaboom\n|-damage|p1a: Rillaboom|183/288\n|move|p1a: Rillaboom|Wood Hammer|p2a: Excadrill\n|-damage|p2a: Excadrill|0 fnt\n|faint|p2a: Excadrill\n|-damage|p1a: Rillaboom|118/288|[from] Recoil\n|\n|-heal|p1a: Rillaboom|136/288|[from] Grassy Terrain\n|upkeep\n|\n|t:|1781443765\n|switch|p2a: Brute Bonnet|Brute Bonnet, L80, shiny|309/309\n|turn|13\n|\n|t:|1781443772\n|switch|p1a: Arceus|Arceus-Ghost, L69|280/280\n|move|p2a: Brute Bonnet|Crunch|p1a: Arceus\n|-supereffective|p1a: Arceus\n|-damage|p1a: Arceus|94/280\n|\n|-heal|p1a: Arceus|111/280|[from] Grassy Terrain\n|upkeep\n|turn|14\n|\n|t:|1781443782\n|move|p1a: Arceus|Will-O-Wisp|p2a: Brute Bonnet\n|-status|p2a: Brute Bonnet|brn\n|move|p2a: Brute Bonnet|Crunch|p1a: Arceus\n|-supereffective|p1a: Arceus\n|-damage|p1a: Arceus|21/280\n|\n|-heal|p1a: Arceus|38/280|[from] Grassy Terrain\n|-damage|p2a: Brute Bonnet|290/309 brn|[from] brn\n|upkeep\n|turn|15\n|\n|t:|1781443790\n|move|p1a: Arceus|Recover|p1a: Arceus\n|-heal|p1a: Arceus|178/280\n|move|p2a: Brute Bonnet|Spore|p1a: Arceus\n|-status|p1a: Arceus|slp|[from] move: Spore\n|\n|-heal|p1a: Arceus|195/280 slp|[from] Grassy Terrain\n|-heal|p2a: Brute Bonnet|309/309 brn|[from] Grassy Terrain\n|-damage|p2a: Brute Bonnet|290/309 brn|[from] brn\n|upkeep\n|turn|16\n|\n|t:|1781443800\n|cant|p1a: Arceus|slp\n|move|p2a: Brute Bonnet|Crunch|p1a: Arceus\n|-supereffective|p1a: Arceus\n|-damage|p1a: Arceus|99/280 slp\n|\n|-heal|p1a: Arceus|116/280 slp|[from] Grassy Terrain\n|-heal|p2a: Brute Bonnet|309/309 brn|[from] Grassy Terrain\n|-damage|p2a: Brute Bonnet|290/309 brn|[from] brn\n|-fieldend|move: Grassy Terrain\n|upkeep\n|turn|17\n|\n|t:|1781443803\n|cant|p1a: Arceus|slp\n|move|p2a: Brute Bonnet|Crunch|p1a: Arceus\n|-supereffective|p1a: Arceus\n|-damage|p1a: Arceus|29/280 slp\n|\n|-heal|p2a: Brute Bonnet|309/309 brn|[from] item: Leftovers\n|-damage|p2a: Brute Bonnet|290/309 brn|[from] brn\n|upkeep\n|turn|18\n|\n|t:|1781443806\n|-curestatus|p1a: Arceus|slp|[msg]\n|move|p1a: Arceus|Recover|p1a: Arceus\n|-heal|p1a: Arceus|169/280\n|move|p2a: Brute Bonnet|Crunch|p1a: Arceus\n|-supereffective|p1a: Arceus\n|-damage|p1a: Arceus|79/280\n|\n|-heal|p2a: Brute Bonnet|309/309 brn|[from] item: Leftovers\n|-damage|p2a: Brute Bonnet|290/309 brn|[from] brn\n|upkeep\n|turn|19\n|\n|t:|1781443810\n|move|p1a: Arceus|Focus Blast|p2a: Brute Bonnet\n|-supereffective|p2a: Brute Bonnet\n|-damage|p2a: Brute Bonnet|156/309 brn\n|move|p2a: Brute Bonnet|Spore|p1a: Arceus\n|-status|p1a: Arceus|slp|[from] move: Spore\n|\n|-heal|p2a: Brute Bonnet|175/309 brn|[from] item: Leftovers\n|-damage|p2a: Brute Bonnet|156/309 brn|[from] brn\n|upkeep\n|turn|20\n|\n|t:|1781443815\n|cant|p1a: Arceus|slp\n|move|p2a: Brute Bonnet|Crunch|p1a: Arceus\n|-supereffective|p1a: Arceus\n|-damage|p1a: Arceus|0 fnt\n|faint|p1a: Arceus\n|\n|-heal|p2a: Brute Bonnet|175/309 brn|[from] item: Leftovers\n|-damage|p2a: Brute Bonnet|156/309 brn|[from] brn\n|upkeep\n|\n|t:|1781443817\n|switch|p1a: Rillaboom|Rillaboom, L79, M|136/288\n|-fieldstart|move: Grassy Terrain|[from] ability: Grassy Surge|[of] p1a: Rillaboom\n|turn|21\n|\n|t:|1781443821\n|move|p1a: Rillaboom|U-turn|p2a: Brute Bonnet\n|-supereffective|p2a: Brute Bonnet\n|-damage|p2a: Brute Bonnet|0 fnt\n|faint|p2a: Brute Bonnet\n|-end|p2a: Brute Bonnet|Protosynthesis|[silent]\n|\n|t:|1781443824\n|switch|p1a: Luvdisc|Luvdisc, F|247/247|[from] U-turn\n|\n|upkeep\n|\n|t:|1781443839\n|switch|p2a: Clawitzer|Clawitzer, L87, M|27/265\n|turn|22\n|\n|t:|1781443851\n|move|p1a: Luvdisc|Surf|p2a: Clawitzer\n|-resisted|p2a: Clawitzer\n|-damage|p2a: Clawitzer|0 fnt\n|faint|p2a: Clawitzer\n|\n|upkeep\n|\n|t:|1781443854\n|switch|p2a: Ting-Lu|Ting-Lu, L78|370/370\n|-ability|p2a: Ting-Lu|Vessel of Ruin\n|turn|23\n|\n|t:|1781443869\n|-terastallize|p2a: Ting-Lu|Steel\n|move|p1a: Luvdisc|Surf|p2a: Ting-Lu\n|-damage|p2a: Ting-Lu|307/370\n|move|p2a: Ting-Lu|Payback|p1a: Luvdisc\n|-damage|p1a: Luvdisc|129/247\n|\n|-heal|p1a: Luvdisc|144/247|[from] Grassy Terrain\n|-heal|p2a: Ting-Lu|330/370|[from] Grassy Terrain\n|-heal|p2a: Ting-Lu|353/370|[from] item: Leftovers\n|upkeep\n|turn|24\n|\n|t:|1781443893\n|move|p1a: Luvdisc|Whirlpool|p2a: Ting-Lu\n|-damage|p2a: Ting-Lu|328/370\n|-activate|p2a: Ting-Lu|move: Whirlpool|[of] p1a: Luvdisc\n|move|p2a: Ting-Lu|Stealth Rock|p1a: Luvdisc\n|-sidestart|p1: rayray9|move: Stealth Rock\n|\n|-heal|p1a: Luvdisc|159/247|[from] Grassy Terrain\n|-heal|p2a: Ting-Lu|351/370|[from] Grassy Terrain\n|-heal|p2a: Ting-Lu|370/370|[from] item: Leftovers\n|-damage|p2a: Ting-Lu|324/370|[from] move: Whirlpool|[partiallytrapped]\n|upkeep\n|turn|25\n|\n|t:|1781443899\n|move|p1a: Luvdisc|Substitute|p1a: Luvdisc\n|-start|p1a: Luvdisc|Substitute\n|-damage|p1a: Luvdisc|98/247\n|move|p2a: Ting-Lu|Stealth Rock||[still]\n|-fail|p2a: Ting-Lu\n|\n|-heal|p1a: Luvdisc|113/247|[from] Grassy Terrain\n|-heal|p2a: Ting-Lu|347/370|[from] Grassy Terrain\n|-heal|p2a: Ting-Lu|370/370|[from] item: Leftovers\n|-damage|p2a: Ting-Lu|324/370|[from] move: Whirlpool|[partiallytrapped]\n|-fieldend|move: Grassy Terrain\n|upkeep\n|turn|26\n|\n|t:|1781443904\n|move|p1a: Luvdisc|Endeavor|p2a: Ting-Lu\n|-damage|p2a: Ting-Lu|113/370\n|move|p2a: Ting-Lu|Payback|p1a: Luvdisc\n|-end|p1a: Luvdisc|Substitute\n|\n|-heal|p2a: Ting-Lu|136/370|[from] item: Leftovers\n|-damage|p2a: Ting-Lu|90/370|[from] move: Whirlpool|[partiallytrapped]\n|upkeep\n|turn|27\n|\n|t:|1781443912\n|move|p1a: Luvdisc|Surf|p2a: Ting-Lu\n|-damage|p2a: Ting-Lu|30/370\n|move|p2a: Ting-Lu|Earthquake|p1a: Luvdisc\n|-damage|p1a: Luvdisc|0 fnt\n|faint|p1a: Luvdisc\n|\n|-heal|p2a: Ting-Lu|53/370|[from] item: Leftovers\n|-end|p2a: Ting-Lu|Whirlpool|[partiallytrapped]|[silent]\n|upkeep\n|\n|t:|1781443917\n|switch|p1a: Rillaboom|Rillaboom, L79, M|136/288\n|-damage|p1a: Rillaboom|100/288|[from] Stealth Rock\n|-fieldstart|move: Grassy Terrain|[from] ability: Grassy Surge|[of] p1a: Rillaboom\n|turn|28\n|\n|t:|1781443922\n|move|p1a: Rillaboom|High Horsepower|p2a: Ting-Lu\n|-supereffective|p2a: Ting-Lu\n|-damage|p2a: Ting-Lu|0 fnt\n|faint|p2a: Ting-Lu\n|\n|win|rayray9\n", "uploadtime": 1781443570, "views": 3, "formatid": "gen9randombattle", "rating": null, "private": 0, "password": null}