{"id": "gen9randombattle-2631778684", "format": "[Gen 9] Random Battle", "players": ["raphko242", "TheAustrianOak"], "log": "|j|\u2606raphko242\n|j|\u2606TheAustrianOak\n|t:|1781438292\n|gametype|singles\n|player|p1|raphko242|preschooler|1839\n|player|p2|TheAustrianOak|chuck|1926\n|gen|9\n|tier|[Gen 9] Random Battle\n|rated|\n|rule|Species Clause: Limit one of each Pok\u00e9mon\n|rule|HP Percentage Mod: HP is shown in percentages\n|rule|Sleep Clause Mod: Limit one foe put to sleep\n|rule|Illusion Level Mod: Illusion disguises the Pok\u00e9mon's true level\n|\n|t:|1781438292\n|teamsize|p1|6\n|teamsize|p2|6\n|start\n|switch|p1a: Volcarona|Volcarona, L77, F|257/257\n|switch|p2a: Eiscue|Eiscue, L88, F|274/274\n|turn|1\n|inactive|Battle timer is ON: inactive players will automatically lose when time's up. (requested by raphko242)\n|\n|t:|1781438302\n|switch|p2a: Muk|Muk-Alola, L82, M|306/306\n|move|p1a: Volcarona|Fiery Dance|p2a: Muk\n|-damage|p2a: Muk|251/306\n|\n|upkeep\n|turn|2\n|\n|t:|1781438311\n|switch|p1a: Volcanion|Volcanion, L79|256/256\n|move|p2a: Muk|Knock Off|p1a: Volcanion\n|-damage|p1a: Volcanion|171/256\n|-enditem|p1a: Volcanion|Heavy-Duty Boots|[from] move: Knock Off|[of] p2a: Muk\n|\n|upkeep\n|turn|3\n|\n|t:|1781438319\n|move|p1a: Volcanion|Earth Power|p2a: Muk\n|-supereffective|p2a: Muk\n|-damage|p2a: Muk|163/306\n|-unboost|p2a: Muk|spd|1\n|move|p2a: Muk|Poison Jab|p1a: Volcanion\n|-damage|p1a: Volcanion|99/256\n|\n|upkeep\n|turn|4\n|\n|t:|1781438325\n|switch|p2a: Braviary|Braviary-Hisui, L85, M|326/326\n|move|p1a: Volcanion|Steam Eruption|p2a: Braviary\n|-damage|p2a: Braviary|172/326\n|\n|upkeep\n|turn|5\n|\n|t:|1781438331\n|move|p2a: Braviary|Calm Mind|p2a: Braviary\n|-boost|p2a: Braviary|spa|1\n|-boost|p2a: Braviary|spd|1\n|move|p1a: Volcanion|Steam Eruption|p2a: Braviary\n|-damage|p2a: Braviary|72/326\n|\n|upkeep\n|turn|6\n|\n|t:|1781438335\n|move|p2a: Braviary|Roost|p2a: Braviary\n|-heal|p2a: Braviary|235/326\n|-singleturn|p2a: Braviary|move: Roost\n|move|p1a: Volcanion|Steam Eruption|p2a: Braviary\n|-damage|p2a: Braviary|142/326\n|\n|upkeep\n|turn|7\n|\n|t:|1781438342\n|move|p2a: Braviary|Calm Mind|p2a: Braviary\n|-boost|p2a: Braviary|spa|1\n|-boost|p2a: Braviary|spd|1\n|move|p1a: Volcanion|Haze|p1a: Volcanion\n|-clearallboost\n|\n|upkeep\n|turn|8\n|\n|t:|1781438347\n|move|p2a: Braviary|Roost|p2a: Braviary\n|-heal|p2a: Braviary|305/326\n|-singleturn|p2a: Braviary|move: Roost\n|move|p1a: Volcanion|Steam Eruption|p2a: Braviary\n|-damage|p2a: Braviary|140/326\n|\n|upkeep\n|turn|9\n|inactive|TheAustrianOak has 120 seconds left.\n|l|\u2606TheAustrianOak\n|inactive|TheAustrianOak disconnected and has a minute to reconnect!\n|player|p2|\n|j|\u2606TheAustrianOak\n|inactive|TheAustrianOak reconnected and has 105 seconds left.\n|player|p2|TheAustrianOak|chuck|\n|\n|t:|1781438397\n|move|p2a: Braviary|Esper Wing|p1a: Volcanion\n|-damage|p1a: Volcanion|0 fnt\n|-boost|p2a: Braviary|spe|1\n|faint|p1a: Volcanion\n|\n|upkeep\n|\n|t:|1781438405\n|switch|p1a: Milotic|Milotic, L83, F|293/293\n|turn|10\n|\n|t:|1781438410\n|move|p2a: Braviary|Calm Mind|p2a: Braviary\n|-boost|p2a: Braviary|spa|1\n|-boost|p2a: Braviary|spd|1\n|move|p1a: Milotic|Dragon Tail|p2a: Braviary\n|-damage|p2a: Braviary|104/326\n|drag|p2a: Muk|Muk-Alola, L82, M|163/306\n|\n|upkeep\n|turn|11\n|\n|t:|1781438413\n|move|p1a: Milotic|Scald|p2a: Muk\n|-damage|p2a: Muk|106/306\n|move|p2a: Muk|Knock Off|p1a: Milotic\n|-damage|p1a: Milotic|175/293\n|-enditem|p1a: Milotic|Leftovers|[from] move: Knock Off|[of] p2a: Muk\n|\n|upkeep\n|turn|12\n|\n|t:|1781438421\n|move|p1a: Milotic|Scald|p2a: Muk\n|-damage|p2a: Muk|54/306\n|move|p2a: Muk|Poison Jab|p1a: Milotic\n|-damage|p1a: Milotic|87/293\n|\n|upkeep\n|turn|13\n|\n|t:|1781438425\n|move|p1a: Milotic|Scald|p2a: Muk\n|-damage|p2a: Muk|0 fnt\n|faint|p2a: Muk\n|\n|upkeep\n|\n|t:|1781438435\n|switch|p2a: Mesprit|Mesprit, L85|275/275\n|turn|14\n|\n|t:|1781438448\n|switch|p1a: Gothitelle|Gothitelle, L90, M|272/272\n|move|p2a: Mesprit|Psychic Noise|p1a: Gothitelle\n|-resisted|p1a: Gothitelle\n|-damage|p1a: Gothitelle|236/272\n|-start|p1a: Gothitelle|move: Heal Block\n|\n|upkeep\n|turn|15\n|\n|t:|1781438451\n|move|p2a: Mesprit|Knock Off|p1a: Gothitelle\n|-supereffective|p1a: Gothitelle\n|-damage|p1a: Gothitelle|108/272\n|-enditem|p1a: Gothitelle|Leftovers|[from] move: Knock Off|[of] p2a: Mesprit\n|move|p1a: Gothitelle|Calm Mind|p1a: Gothitelle\n|-boost|p1a: Gothitelle|spa|1\n|-boost|p1a: Gothitelle|spd|1\n|\n|-end|p1a: Gothitelle|move: Heal Block\n|upkeep\n|turn|16\n|\n|t:|1781438459\n|move|p2a: Mesprit|Stealth Rock|p1a: Gothitelle\n|-sidestart|p1: raphko242|move: Stealth Rock\n|move|p1a: Gothitelle|Thunderbolt|p2a: Mesprit\n|-crit|p2a: Mesprit\n|-damage|p2a: Mesprit|133/275\n|\n|-heal|p2a: Mesprit|150/275|[from] item: Leftovers\n|upkeep\n|turn|17\n|\n|t:|1781438468\n|move|p2a: Mesprit|Knock Off|p1a: Gothitelle\n|-supereffective|p1a: Gothitelle\n|-damage|p1a: Gothitelle|18/272\n|move|p1a: Gothitelle|Thunderbolt|p2a: Mesprit\n|-damage|p2a: Mesprit|53/275\n|\n|-heal|p2a: Mesprit|70/275|[from] item: Leftovers\n|upkeep\n|turn|18\n|\n|t:|1781438472\n|move|p2a: Mesprit|Knock Off|p1a: Gothitelle\n|-supereffective|p1a: Gothitelle\n|-damage|p1a: Gothitelle|0 fnt\n|faint|p1a: Gothitelle\n|\n|-heal|p2a: Mesprit|87/275|[from] item: Leftovers\n|upkeep\n|\n|t:|1781438488\n|switch|p1a: Smeargle|Smeargle, L95, M|258/258\n|-damage|p1a: Smeargle|226/258|[from] Stealth Rock\n|turn|19\n|\n|t:|1781438506\n|move|p1a: Smeargle|Spore|p2a: Mesprit\n|-status|p2a: Mesprit|slp|[from] move: Spore\n|cant|p2a: Mesprit|slp\n|\n|-heal|p2a: Mesprit|104/275 slp|[from] item: Leftovers\n|upkeep\n|turn|20\n|\n|t:|1781438511\n|switch|p2a: Excadrill|Excadrill, L79, F|303/303\n|-ability|p2a: Excadrill|Mold Breaker\n|move|p1a: Smeargle|Sticky Web|p2a: Excadrill\n|-sidestart|p2: TheAustrianOak|move: Sticky Web\n|\n|upkeep\n|turn|21\n|\n|t:|1781438517\n|-terastallize|p1a: Smeargle|Ghost\n|move|p2a: Excadrill|Rapid Spin|p1a: Smeargle\n|-immune|p1a: Smeargle\n|move|p1a: Smeargle|Whirlwind|p2a: Excadrill\n|drag|p2a: Mesprit|Mesprit, L85|104/275 slp\n|\n|-heal|p2a: Mesprit|121/275 slp|[from] item: Leftovers\n|upkeep\n|turn|22\n|\n|t:|1781438525\n|switch|p2a: Excadrill|Excadrill, L79, F|303/303\n|-activate|p2a: Excadrill|move: Sticky Web\n|-unboost|p2a: Excadrill|spe|1\n|-ability|p2a: Excadrill|Mold Breaker\n|move|p1a: Smeargle|Ceaseless Edge|p2a: Excadrill\n|-damage|p2a: Excadrill|271/303\n|-sidestart|p2: TheAustrianOak|Spikes\n|\n|upkeep\n|turn|23\n|\n|t:|1781438535\n|move|p1a: Smeargle|Ceaseless Edge|p2a: Excadrill\n|-damage|p2a: Excadrill|239/303\n|-sidestart|p2: TheAustrianOak|Spikes\n|move|p2a: Excadrill|Earthquake|p1a: Smeargle\n|-damage|p1a: Smeargle|27/258\n|\n|upkeep\n|turn|24\n|\n|t:|1781438541\n|move|p1a: Smeargle|Ceaseless Edge|p2a: Excadrill|[miss]\n|-miss|p1a: Smeargle|p2a: Excadrill\n|move|p2a: Excadrill|Iron Head|p1a: Smeargle\n|-crit|p1a: Smeargle\n|-damage|p1a: Smeargle|0 fnt\n|faint|p1a: Smeargle\n|\n|upkeep\n|\n|t:|1781438547\n|switch|p1a: Torterra|Torterra, L78, M|276/276\n|-damage|p1a: Torterra|259/276|[from] Stealth Rock\n|turn|25\n|\n|t:|1781438555\n|switch|p2a: Braviary|Braviary-Hisui, L85, M|104/326\n|move|p1a: Torterra|Headlong Rush|p2a: Braviary\n|-immune|p2a: Braviary\n|\n|upkeep\n|turn|26\n|\n|t:|1781438565\n|move|p2a: Braviary|Hurricane|p1a: Torterra|[miss]\n|-miss|p2a: Braviary|p1a: Torterra\n|move|p1a: Torterra|Shell Smash|p1a: Torterra\n|-unboost|p1a: Torterra|def|1\n|-unboost|p1a: Torterra|spd|1\n|-boost|p1a: Torterra|atk|2\n|-boost|p1a: Torterra|spa|2\n|-boost|p1a: Torterra|spe|2\n|\n|upkeep\n|turn|27\n|\n|t:|1781438572\n|move|p1a: Torterra|Bullet Seed|p2a: Braviary\n|-resisted|p2a: Braviary\n|-damage|p2a: Braviary|72/326\n|-resisted|p2a: Braviary\n|-damage|p2a: Braviary|42/326\n|-resisted|p2a: Braviary\n|-damage|p2a: Braviary|12/326\n|-resisted|p2a: Braviary\n|-damage|p2a: Braviary|0 fnt\n|faint|p2a: Braviary\n|-hitcount|p2: Braviary|4\n|\n|upkeep\n|c|\u2606TheAustrianOak|70% win gone\n|\n|t:|1781438579\n|switch|p2a: Eiscue|Eiscue, L88, F|274/274\n|-activate|p2a: Eiscue|move: Sticky Web\n|-unboost|p2a: Eiscue|spe|1\n|-damage|p2a: Eiscue|229/274|[from] Spikes\n|turn|28\n|\n|t:|1781438583\n|move|p1a: Torterra|Rock Blast|p2a: Eiscue\n|-activate|p2a: Eiscue|ability: Ice Face\n|-damage|p2a: Eiscue|229/274\n|detailschange|p2a: Eiscue|Eiscue-Noice, L88, F\n|-supereffective|p2a: Eiscue\n|-damage|p2a: Eiscue|145/274\n|-supereffective|p2a: Eiscue\n|-damage|p2a: Eiscue|71/274\n|-enditem|p2a: Eiscue|Sitrus Berry|[eat]\n|-heal|p2a: Eiscue|139/274|[from] item: Sitrus Berry\n|-supereffective|p2a: Eiscue\n|-damage|p2a: Eiscue|63/274\n|-supereffective|p2a: Eiscue\n|-damage|p2a: Eiscue|0 fnt\n|faint|p2a: Eiscue\n|-hitcount|p2: Eiscue|5\n|\n|upkeep\n|\n|t:|1781438589\n|switch|p2a: Salazzle|Salazzle, L83, F|249/249\n|-activate|p2a: Salazzle|move: Sticky Web\n|-unboost|p2a: Salazzle|spe|1\n|-damage|p2a: Salazzle|208/249|[from] Spikes\n|turn|29\n|\n|t:|1781438596\n|-terastallize|p2a: Salazzle|Flying\n|move|p1a: Torterra|Headlong Rush|p2a: Salazzle\n|-immune|p2a: Salazzle\n|move|p2a: Salazzle|Flamethrower|p1a: Torterra\n|-supereffective|p1a: Torterra\n|-damage|p1a: Torterra|0 fnt\n|faint|p1a: Torterra\n|\n|-heal|p2a: Salazzle|223/249|[from] item: Leftovers\n|upkeep\n|\n|t:|1781438603\n|switch|p1a: Volcarona|Volcarona, L77, F|257/257\n|turn|30\n|c|\u2606TheAustrianOak|really? didnt expect it is thst easy to trick you\n|\n|t:|1781438617\n|move|p1a: Volcarona|Quiver Dance|p1a: Volcarona\n|-boost|p1a: Volcarona|spa|1\n|-boost|p1a: Volcarona|spd|1\n|-boost|p1a: Volcarona|spe|1\n|move|p2a: Salazzle|Toxic|p1a: Volcarona|[miss]\n|-miss|p2a: Salazzle|p1a: Volcarona\n|\n|-heal|p2a: Salazzle|238/249|[from] item: Leftovers\n|upkeep\n|turn|31\n|\n|t:|1781438624\n|move|p1a: Volcarona|Fiery Dance|p2a: Salazzle\n|-damage|p2a: Salazzle|57/249\n|move|p2a: Salazzle|Toxic|p1a: Volcarona\n|-status|p1a: Volcarona|tox\n|\n|-heal|p2a: Salazzle|72/249|[from] item: Leftovers\n|-damage|p1a: Volcarona|241/257 tox|[from] psn\n|upkeep\n|turn|32\n|\n|t:|1781438628\n|move|p2a: Salazzle|Protect|p2a: Salazzle\n|-singleturn|p2a: Salazzle|Protect\n|move|p1a: Volcarona|Fiery Dance|p2a: Salazzle\n|-activate|p2a: Salazzle|move: Protect\n|\n|-heal|p2a: Salazzle|87/249|[from] item: Leftovers\n|-damage|p1a: Volcarona|209/257 tox|[from] psn\n|upkeep\n|turn|33\n|\n|t:|1781438632\n|switch|p2a: Mesprit|Mesprit, L85|121/275 slp\n|move|p1a: Volcarona|Fiery Dance|p2a: Mesprit\n|-damage|p2a: Mesprit|0 fnt\n|faint|p2a: Mesprit\n|\n|-damage|p1a: Volcarona|161/257 tox|[from] psn\n|upkeep\n|\n|t:|1781438633\n|switch|p2a: Salazzle|Salazzle, L83, F, tera:Flying|87/249\n|turn|34\n|\n|t:|1781438635\n|move|p2a: Salazzle|Protect|p2a: Salazzle\n|-singleturn|p2a: Salazzle|Protect\n|move|p1a: Volcarona|Morning Sun|p1a: Volcarona\n|-heal|p1a: Volcarona|257/257 tox\n|\n|-heal|p2a: Salazzle|102/249|[from] item: Leftovers\n|-damage|p1a: Volcarona|193/257 tox|[from] psn\n|upkeep\n|turn|35\n|\n|t:|1781438639\n|move|p2a: Salazzle|Protect|p2a: Salazzle\n|-singleturn|p2a: Salazzle|Protect\n|move|p1a: Volcarona|Fiery Dance|p2a: Salazzle\n|-activate|p2a: Salazzle|move: Protect\n|\n|-heal|p2a: Salazzle|117/249|[from] item: Leftovers\n|-damage|p1a: Volcarona|113/257 tox|[from] psn\n|upkeep\n|turn|36\n|\n|t:|1781438651\n|switch|p2a: Excadrill|Excadrill, L79, F|239/303\n|-activate|p2a: Excadrill|move: Sticky Web\n|-unboost|p2a: Excadrill|spe|1\n|-damage|p2a: Excadrill|189/303|[from] Spikes\n|-ability|p2a: Excadrill|Mold Breaker\n|move|p1a: Volcarona|Fiery Dance|p2a: Excadrill\n|-supereffective|p2a: Excadrill\n|-damage|p2a: Excadrill|0 fnt\n|-boost|p1a: Volcarona|spa|1\n|faint|p2a: Excadrill\n|\n|-damage|p1a: Volcarona|17/257 tox|[from] psn\n|upkeep\n|\n|t:|1781438659\n|switch|p2a: Salazzle|Salazzle, L83, F, tera:Flying|117/249\n|turn|37\n|\n|t:|1781438663\n|move|p1a: Volcarona|Morning Sun|p1a: Volcarona\n|-heal|p1a: Volcarona|145/257 tox\n|move|p2a: Salazzle|Substitute|p2a: Salazzle\n|-start|p2a: Salazzle|Substitute\n|-damage|p2a: Salazzle|55/249\n|\n|-heal|p2a: Salazzle|70/249|[from] item: Leftovers\n|-damage|p1a: Volcarona|33/257 tox|[from] psn\n|upkeep\n|turn|38\n|\n|t:|1781438667\n|move|p2a: Salazzle|Protect|p2a: Salazzle\n|-singleturn|p2a: Salazzle|Protect\n|move|p1a: Volcarona|Bug Buzz|p2a: Salazzle\n|-activate|p2a: Salazzle|move: Protect\n|\n|-heal|p2a: Salazzle|85/249|[from] item: Leftovers\n|-damage|p1a: Volcarona|0 fnt|[from] psn\n|faint|p1a: Volcarona\n|upkeep\n|\n|t:|1781438670\n|switch|p1a: Milotic|Milotic, L83, F|87/293\n|-damage|p1a: Milotic|51/293|[from] Stealth Rock\n|turn|39\n|c|\u2606TheAustrianOak|outplayed\n|\n|t:|1781438680\n|move|p2a: Salazzle|Toxic|p1a: Milotic\n|-status|p1a: Milotic|tox\n|move|p1a: Milotic|Recover|p1a: Milotic\n|-heal|p1a: Milotic|198/293 tox\n|\n|-heal|p2a: Salazzle|100/249|[from] item: Leftovers\n|-damage|p1a: Milotic|180/293 tox|[from] psn\n|upkeep\n|turn|40\n|\n|t:|1781438688\n|move|p2a: Salazzle|Protect|p2a: Salazzle\n|-singleturn|p2a: Salazzle|Protect\n|move|p1a: Milotic|Recover|p1a: Milotic\n|-heal|p1a: Milotic|293/293 tox\n|\n|-heal|p2a: Salazzle|115/249|[from] item: Leftovers\n|-damage|p1a: Milotic|257/293 tox|[from] psn\n|upkeep\n|turn|41\n|\n|t:|1781438698\n|move|p2a: Salazzle|Flamethrower|p1a: Milotic\n|-resisted|p1a: Milotic\n|-damage|p1a: Milotic|215/293 tox\n|move|p1a: Milotic|Ice Beam|p2a: Salazzle\n|-supereffective|p2a: Salazzle\n|-end|p2a: Salazzle|Substitute\n|\n|-heal|p2a: Salazzle|130/249|[from] item: Leftovers\n|-damage|p1a: Milotic|161/293 tox|[from] psn\n|upkeep\n|turn|42\n|c|\u2606raphko242|I admire you\n|\n|t:|1781438706\n|move|p2a: Salazzle|Protect|p2a: Salazzle\n|-singleturn|p2a: Salazzle|Protect\n|move|p1a: Milotic|Recover|p1a: Milotic\n|-heal|p1a: Milotic|293/293 tox\n|\n|-heal|p2a: Salazzle|145/249|[from] item: Leftovers\n|-damage|p1a: Milotic|221/293 tox|[from] psn\n|upkeep\n|turn|43\n|\n|t:|1781438709\n|move|p2a: Salazzle|Substitute|p2a: Salazzle\n|-start|p2a: Salazzle|Substitute\n|-damage|p2a: Salazzle|83/249\n|move|p1a: Milotic|Ice Beam|p2a: Salazzle\n|-supereffective|p2a: Salazzle\n|-end|p2a: Salazzle|Substitute\n|\n|-heal|p2a: Salazzle|98/249|[from] item: Leftovers\n|-damage|p1a: Milotic|131/293 tox|[from] psn\n|upkeep\n|turn|44\n|\n|t:|1781438714\n|move|p2a: Salazzle|Protect|p2a: Salazzle\n|-singleturn|p2a: Salazzle|Protect\n|move|p1a: Milotic|Recover|p1a: Milotic\n|-heal|p1a: Milotic|278/293 tox\n|\n|-heal|p2a: Salazzle|113/249|[from] item: Leftovers\n|-damage|p1a: Milotic|170/293 tox|[from] psn\n|upkeep\n|turn|45\n|\n|t:|1781438719\n|move|p2a: Salazzle|Substitute|p2a: Salazzle\n|-start|p2a: Salazzle|Substitute\n|-damage|p2a: Salazzle|51/249\n|move|p1a: Milotic|Ice Beam|p2a: Salazzle\n|-supereffective|p2a: Salazzle\n|-end|p2a: Salazzle|Substitute\n|\n|-heal|p2a: Salazzle|66/249|[from] item: Leftovers\n|-damage|p1a: Milotic|44/293 tox|[from] psn\n|upkeep\n|turn|46\n|\n|t:|1781438724\n|move|p2a: Salazzle|Protect|p2a: Salazzle\n|-singleturn|p2a: Salazzle|Protect\n|move|p1a: Milotic|Ice Beam|p2a: Salazzle\n|-activate|p2a: Salazzle|move: Protect\n|\n|-heal|p2a: Salazzle|81/249|[from] item: Leftovers\n|-damage|p1a: Milotic|0 fnt|[from] psn\n|faint|p1a: Milotic\n|\n|win|TheAustrianOak\n|raw|raphko242's rating: 1839 &rarr; <strong>1824</strong><br />(-15 for losing)\n|raw|TheAustrianOak's rating: 1926 &rarr; <strong>1941</strong><br />(+15 for winning)\n|l|\u2606raphko242\n|player|p1|\n", "uploadtime": 1781438740, "views": 2, "formatid": "gen9randombattle", "rating": 1824, "private": 0, "password": null}