{"id": "gen9randombattle-2631649959", "format": "[Gen 9] Random Battle", "players": ["SelectronHiPower", "Colddeckj"], "log": "|j|\u2606SelectronHiPower\n|j|\u2606Colddeckj\n|t:|1781414883\n|gametype|singles\n|player|p1|SelectronHiPower|bellelba|1953\n|player|p2|Colddeckj|wattson|2045\n|gen|9\n|tier|[Gen 9] Random Battle\n|rated|\n|rule|Species Clause: Limit one of each Pok\u00e9mon\n|rule|HP Percentage Mod: HP is shown in percentages\n|rule|Sleep Clause Mod: Limit one foe put to sleep\n|rule|Illusion Level Mod: Illusion disguises the Pok\u00e9mon's true level\n|\n|t:|1781414883\n|teamsize|p1|6\n|teamsize|p2|6\n|start\n|switch|p1a: Cloyster|Cloyster, L80, M|211/211\n|switch|p2a: Glaceon|Glaceon, L94, F|275/275\n|turn|1\n|inactive|Battle timer is ON: inactive players will automatically lose when time's up. (requested by Colddeckj)\n|c|\u2606SelectronHiPower|glhf\n|\n|t:|1781414896\n|move|p2a: Glaceon|Freeze-Dry|p1a: Cloyster\n|-damage|p1a: Cloyster|12/211\n|move|p1a: Cloyster|Shell Smash|p1a: Cloyster\n|-unboost|p1a: Cloyster|def|1\n|-unboost|p1a: Cloyster|spd|1\n|-boost|p1a: Cloyster|atk|2\n|-boost|p1a: Cloyster|spa|2\n|-boost|p1a: Cloyster|spe|2\n|-enditem|p1a: Cloyster|White Herb\n|-clearnegativeboost|p1a: Cloyster|[silent]\n|\n|upkeep\n|turn|2\n|\n|t:|1781414909\n|move|p1a: Cloyster|Rock Blast|p2a: Glaceon|[miss]\n|-miss|p1a: Cloyster|p2a: Glaceon\n|move|p2a: Glaceon|Freeze-Dry|p1a: Cloyster\n|-damage|p1a: Cloyster|0 fnt\n|faint|p1a: Cloyster\n|\n|upkeep\n|c|\u2606SelectronHiPower|lmao\n|c|\u2606Colddeckj|Good start\n|c|\u2606SelectronHiPower|swag\n|inactive|SelectronHiPower has 120 seconds left.\n|\n|t:|1781414954\n|switch|p1a: Reuniclus|Reuniclus, L88, F|337/337\n|turn|3\n|\n|t:|1781414963\n|switch|p2a: Landorus|Landorus-Therian, L76, M|260/260\n|-ability|p2a: Landorus|Intimidate|boost\n|-unboost|p1a: Reuniclus|atk|1\n|move|p1a: Reuniclus|Calm Mind|p1a: Reuniclus\n|-boost|p1a: Reuniclus|spa|1\n|-boost|p1a: Reuniclus|spd|1\n|\n|upkeep\n|turn|4\n|\n|t:|1781414973\n|move|p2a: Landorus|Stealth Rock|p1a: Reuniclus\n|-sidestart|p1: SelectronHiPower|move: Stealth Rock\n|move|p1a: Reuniclus|Psychic|p2a: Landorus\n|-damage|p2a: Landorus|0 fnt\n|faint|p2a: Landorus\n|\n|upkeep\n|\n|t:|1781414979\n|switch|p2a: Hatterene|Hatterene, L85, F|236/236\n|turn|5\n|inactive|SelectronHiPower has 120 seconds left.\n|\n|t:|1781414992\n|move|p1a: Reuniclus|Calm Mind|p1a: Reuniclus\n|-boost|p1a: Reuniclus|spa|1\n|-boost|p1a: Reuniclus|spd|1\n|move|p2a: Hatterene|Calm Mind|p2a: Hatterene\n|-boost|p2a: Hatterene|spa|1\n|-boost|p2a: Hatterene|spd|1\n|\n|upkeep\n|turn|6\n|\n|t:|1781414999\n|move|p1a: Reuniclus|Calm Mind|p1a: Reuniclus\n|-boost|p1a: Reuniclus|spa|1\n|-boost|p1a: Reuniclus|spd|1\n|move|p2a: Hatterene|Calm Mind|p2a: Hatterene\n|-boost|p2a: Hatterene|spa|1\n|-boost|p2a: Hatterene|spd|1\n|\n|upkeep\n|turn|7\n|\n|t:|1781415004\n|move|p1a: Reuniclus|Calm Mind|p1a: Reuniclus\n|-boost|p1a: Reuniclus|spa|1\n|-boost|p1a: Reuniclus|spd|1\n|move|p2a: Hatterene|Calm Mind|p2a: Hatterene\n|-boost|p2a: Hatterene|spa|1\n|-boost|p2a: Hatterene|spd|1\n|\n|upkeep\n|turn|8\n|\n|t:|1781415010\n|move|p1a: Reuniclus|Calm Mind|p1a: Reuniclus\n|-boost|p1a: Reuniclus|spa|1\n|-boost|p1a: Reuniclus|spd|1\n|move|p2a: Hatterene|Calm Mind|p2a: Hatterene\n|-boost|p2a: Hatterene|spa|1\n|-boost|p2a: Hatterene|spd|1\n|\n|upkeep\n|turn|9\n|\n|t:|1781415018\n|move|p1a: Reuniclus|Calm Mind|p1a: Reuniclus\n|-boost|p1a: Reuniclus|spa|1\n|-boost|p1a: Reuniclus|spd|1\n|move|p2a: Hatterene|Calm Mind|p2a: Hatterene\n|-boost|p2a: Hatterene|spa|1\n|-boost|p2a: Hatterene|spd|1\n|\n|upkeep\n|turn|10\n|\n|t:|1781415024\n|move|p1a: Reuniclus|Psychic|p2a: Hatterene\n|-resisted|p2a: Hatterene\n|-damage|p2a: Hatterene|154/236\n|move|p2a: Hatterene|Psyshock|p1a: Reuniclus\n|-resisted|p1a: Reuniclus\n|-damage|p1a: Reuniclus|113/337\n|\n|-heal|p2a: Hatterene|168/236|[from] item: Leftovers\n|upkeep\n|turn|11\n|\n|t:|1781415045\n|move|p1a: Reuniclus|Psychic|p2a: Hatterene\n|-resisted|p2a: Hatterene\n|-damage|p2a: Hatterene|90/236\n|-unboost|p2a: Hatterene|spd|1\n|move|p2a: Hatterene|Psyshock|p1a: Reuniclus\n|-resisted|p1a: Reuniclus\n|-crit|p1a: Reuniclus\n|-damage|p1a: Reuniclus|0 fnt\n|faint|p1a: Reuniclus\n|\n|-heal|p2a: Hatterene|104/236|[from] item: Leftovers\n|upkeep\n|\n|t:|1781415058\n|switch|p1a: Lokix|Lokix, L82, F|251/251\n|-damage|p1a: Lokix|189/251|[from] Stealth Rock\n|turn|12\n|\n|t:|1781415065\n|move|p1a: Lokix|First Impression|p2a: Hatterene\n|-damage|p2a: Hatterene|0 fnt\n|faint|p2a: Hatterene\n|-damage|p1a: Lokix|164/251|[from] item: Life Orb\n|\n|upkeep\n|\n|t:|1781415070\n|switch|p2a: Tauros|Tauros-Paldea-Blaze, L81, M, shiny|252/252\n|turn|13\n|c|\u2606SelectronHiPower|nice\n|\n|t:|1781415085\n|move|p2a: Tauros|Substitute|p2a: Tauros\n|-start|p2a: Tauros|Substitute\n|-damage|p2a: Tauros|189/252\n|move|p1a: Lokix|Knock Off|p2a: Tauros\n|-resisted|p2a: Tauros\n|-end|p2a: Tauros|Substitute\n|-damage|p1a: Lokix|139/251|[from] item: Life Orb\n|\n|upkeep\n|turn|14\n|\n|t:|1781415095\n|move|p2a: Tauros|Substitute|p2a: Tauros\n|-start|p2a: Tauros|Substitute\n|-damage|p2a: Tauros|126/252\n|-enditem|p2a: Tauros|Sitrus Berry|[eat]\n|-heal|p2a: Tauros|189/252|[from] item: Sitrus Berry\n|move|p1a: Lokix|Leech Life|p2a: Tauros\n|-resisted|p2a: Tauros\n|-activate|p2a: Tauros|move: Substitute|[damage]\n|-heal|p1a: Lokix|163/251|[from] drain|[of] p2a: Tauros\n|-damage|p1a: Lokix|138/251|[from] item: Life Orb\n|\n|upkeep\n|turn|15\n|\n|t:|1781415105\n|move|p2a: Tauros|Bulk Up|p2a: Tauros\n|-boost|p2a: Tauros|atk|1\n|-boost|p2a: Tauros|def|1\n|move|p1a: Lokix|Knock Off|p2a: Tauros\n|-resisted|p2a: Tauros\n|-crit|p2a: Tauros\n|-end|p2a: Tauros|Substitute\n|-damage|p1a: Lokix|113/251|[from] item: Life Orb\n|\n|-activate|p2a: Tauros|ability: Cud Chew\n|-enditem|p2a: Tauros|Sitrus Berry|[eat]\n|-heal|p2a: Tauros|252/252|[from] item: Sitrus Berry\n|upkeep\n|turn|16\n|c|\u2606SelectronHiPower|you got this lol gg\n|-message|SelectronHiPower forfeited.\n|\n|win|Colddeckj\n", "uploadtime": 1781414885, "views": 3, "formatid": "gen9randombattle", "rating": null, "private": 0, "password": null}