{"id": "gen9randombattle-2631573743", "format": "[Gen 9] Random Battle", "players": ["LinkNinjaTC11", "mahershalalhashbaz"], "log": "|j|\u2606LinkNinjaTC11\n|j|\u2606mahershalalhashbaz\n|t:|1781403226\n|gametype|singles\n|player|p1|LinkNinjaTC11|veteran|1996\n|player|p2|mahershalalhashbaz|2|2007\n|gen|9\n|tier|[Gen 9] Random Battle\n|rated|\n|rule|Species Clause: Limit one of each Pok\u00e9mon\n|rule|HP Percentage Mod: HP is shown in percentages\n|rule|Sleep Clause Mod: Limit one foe put to sleep\n|rule|Illusion Level Mod: Illusion disguises the Pok\u00e9mon's true level\n|\n|t:|1781403226\n|teamsize|p1|6\n|teamsize|p2|6\n|start\n|switch|p1a: Ninetales|Ninetales, L85, M|263/263\n|switch|p2a: Lokix|Lokix, L82, M|251/251\n|-weather|SunnyDay|[from] ability: Drought|[of] p1a: Ninetales\n|turn|1\n|inactive|Battle timer is ON: inactive players will automatically lose when time's up. (requested by LinkNinjaTC11)\n|\n|t:|1781403244\n|switch|p2a: Girafarig|Girafarig, L89, F|269/269\n|move|p1a: Ninetales|Fire Blast|p2a: Girafarig\n|-crit|p2a: Girafarig\n|-damage|p2a: Girafarig|86/269\n|\n|-weather|SunnyDay|[upkeep]\n|upkeep\n|turn|2\n|\n|t:|1781403251\n|move|p1a: Ninetales|Fire Blast|p2a: Girafarig|[miss]\n|-miss|p1a: Ninetales|p2a: Girafarig\n|move|p2a: Girafarig|Psyshock|p1a: Ninetales\n|-damage|p1a: Ninetales|163/263\n|\n|-weather|SunnyDay|[upkeep]\n|upkeep\n|turn|3\n|\n|t:|1781403256\n|move|p1a: Ninetales|Fire Blast|p2a: Girafarig\n|-damage|p2a: Girafarig|0 fnt\n|faint|p2a: Girafarig\n|\n|-weather|SunnyDay|[upkeep]\n|upkeep\n|\n|t:|1781403269\n|switch|p2a: Whiscash|Whiscash, L88, F|337/337\n|turn|4\n|\n|t:|1781403286\n|switch|p2a: Lokix|Lokix, L82, M|251/251\n|move|p1a: Ninetales|Solar Beam||[still]\n|-prepare|p1a: Ninetales|Solar Beam\n|-anim|p1a: Ninetales|Solar Beam|p2a: Lokix\n|-resisted|p2a: Lokix\n|-damage|p2a: Lokix|198/251\n|\n|-weather|SunnyDay|[upkeep]\n|upkeep\n|turn|5\n|\n|t:|1781403291\n|move|p2a: Lokix|Sucker Punch|p1a: Ninetales\n|-damage|p1a: Ninetales|81/263\n|move|p1a: Ninetales|Fire Blast|p2a: Lokix\n|-supereffective|p2a: Lokix\n|-damage|p2a: Lokix|0 fnt\n|faint|p2a: Lokix\n|\n|-weather|none\n|upkeep\n|\n|t:|1781403299\n|switch|p2a: Whiscash|Whiscash, L88, F|337/337\n|turn|6\n|\n|t:|1781403303\n|switch|p1a: Landorus|Landorus-Therian, L76, M|260/260\n|-ability|p1a: Landorus|Intimidate|boost\n|-fail|p2a: Whiscash|unboost|Attack|[from] ability: Oblivious|[of] p2a: Whiscash\n|move|p2a: Whiscash|Stealth Rock|p1a: Landorus\n|-sidestart|p1: LinkNinjaTC11|move: Stealth Rock\n|\n|upkeep\n|turn|7\n|\n|t:|1781403307\n|switch|p1a: Ninetales|Ninetales, L85, M|81/263\n|-weather|SunnyDay|[from] ability: Drought|[of] p1a: Ninetales\n|move|p2a: Whiscash|Ice Beam|p1a: Ninetales\n|-resisted|p1a: Ninetales\n|-damage|p1a: Ninetales|57/263\n|\n|-weather|SunnyDay|[upkeep]\n|upkeep\n|turn|8\n|\n|t:|1781403337\n|move|p1a: Ninetales|Solar Beam||[still]\n|-prepare|p1a: Ninetales|Solar Beam\n|-anim|p1a: Ninetales|Solar Beam|p2a: Whiscash\n|-supereffective|p2a: Whiscash\n|-damage|p2a: Whiscash|0 fnt\n|faint|p2a: Whiscash\n|\n|-weather|SunnyDay|[upkeep]\n|upkeep\n|\n|t:|1781403339\n|switch|p2a: Iron Bundle|Iron Bundle, L78|215/215\n|turn|9\n|\n|t:|1781403344\n|switch|p1a: Hypno|Hypno, L95, M|315/315\n|-damage|p1a: Hypno|276/315|[from] Stealth Rock\n|move|p2a: Iron Bundle|Flip Turn|p1a: Hypno\n|-damage|p1a: Hypno|252/315\n|\n|t:|1781403347\n|-end|p2a: Iron Bundle|Quark Drive|[silent]\n|switch|p2a: Spidops|Spidops, L96, M|271/271|[from] Flip Turn\n|\n|-weather|SunnyDay|[upkeep]\n|-heal|p1a: Hypno|271/315|[from] item: Leftovers\n|upkeep\n|turn|10\n|\n|t:|1781403352\n|switch|p1a: Landorus|Landorus-Therian, L76, M|260/260\n|-damage|p1a: Landorus|228/260|[from] Stealth Rock\n|-ability|p1a: Landorus|Intimidate|boost\n|-unboost|p2a: Spidops|atk|1\n|move|p2a: Spidops|Sticky Web|p1a: Landorus\n|-sidestart|p1: LinkNinjaTC11|move: Sticky Web\n|\n|-weather|SunnyDay|[upkeep]\n|-heal|p1a: Landorus|244/260|[from] item: Leftovers\n|upkeep\n|turn|11\n|\n|t:|1781403357\n|move|p1a: Landorus|Stone Edge|p2a: Spidops\n|-supereffective|p2a: Spidops\n|-damage|p2a: Spidops|135/271\n|move|p2a: Spidops|Circle Throw|p1a: Landorus\n|-resisted|p1a: Landorus\n|-damage|p1a: Landorus|227/260\n|drag|p1a: Ninetales|Ninetales, L85, M|57/263\n|\n|-weather|none\n|upkeep\n|turn|12\n|\n|t:|1781403362\n|move|p1a: Ninetales|Fire Blast|p2a: Spidops\n|-supereffective|p2a: Spidops\n|-damage|p2a: Spidops|0 fnt\n|faint|p2a: Spidops\n|\n|upkeep\n|\n|t:|1781403364\n|switch|p2a: Iron Bundle|Iron Bundle, L78|215/215\n|turn|13\n|\n|t:|1781403367\n|switch|p1a: Hypno|Hypno, L95, M|271/315\n|-damage|p1a: Hypno|232/315|[from] Stealth Rock\n|-activate|p1a: Hypno|move: Sticky Web\n|-unboost|p1a: Hypno|spe|1\n|move|p2a: Iron Bundle|Flip Turn|p1a: Hypno\n|-damage|p1a: Hypno|178/315\n|\n|t:|1781403370\n|-end|p2a: Iron Bundle|Quark Drive|[silent]\n|switch|p2a: Plusle|Plusle, L95, M|268/268|[from] Flip Turn\n|\n|-heal|p1a: Hypno|197/315|[from] item: Leftovers\n|upkeep\n|turn|14\n|\n|t:|1781403372\n|move|p2a: Plusle|Nasty Plot|p2a: Plusle\n|-boost|p2a: Plusle|spa|2\n|move|p1a: Hypno|Toxic|p2a: Plusle|[miss]\n|-miss|p1a: Hypno|p2a: Plusle\n|\n|-heal|p1a: Hypno|216/315|[from] item: Leftovers\n|upkeep\n|turn|15\n|\n|t:|1781403377\n|switch|p1a: Landorus|Landorus-Therian, L76, M|227/260\n|-damage|p1a: Landorus|195/260|[from] Stealth Rock\n|-ability|p1a: Landorus|Intimidate|boost\n|-unboost|p2a: Plusle|atk|1\n|-terastallize|p2a: Plusle|Electric\n|move|p2a: Plusle|Thunderbolt|p1a: Landorus\n|-immune|p1a: Landorus\n|\n|-heal|p1a: Landorus|211/260|[from] item: Leftovers\n|upkeep\n|turn|16\n|\n|t:|1781403382\n|switch|p2a: Iron Bundle|Iron Bundle, L78|215/215\n|move|p1a: Landorus|Earthquake|p2a: Iron Bundle\n|-damage|p2a: Iron Bundle|104/215\n|\n|-heal|p1a: Landorus|227/260|[from] item: Leftovers\n|upkeep\n|turn|17\n|\n|t:|1781403387\n|switch|p1a: Hypno|Hypno, L95, M|216/315\n|-damage|p1a: Hypno|177/315|[from] Stealth Rock\n|-activate|p1a: Hypno|move: Sticky Web\n|-unboost|p1a: Hypno|spe|1\n|move|p2a: Iron Bundle|Ice Beam|p1a: Hypno\n|-damage|p1a: Hypno|66/315\n|\n|-heal|p1a: Hypno|85/315|[from] item: Leftovers\n|upkeep\n|turn|18\n|\n|t:|1781403392\n|move|p1a: Hypno|Protect|p1a: Hypno\n|-singleturn|p1a: Hypno|Protect\n|move|p2a: Iron Bundle|Ice Beam|p1a: Hypno\n|-activate|p1a: Hypno|move: Protect\n|\n|-heal|p1a: Hypno|104/315|[from] item: Leftovers\n|upkeep\n|turn|19\n|\n|t:|1781403396\n|move|p2a: Iron Bundle|Ice Beam|p1a: Hypno\n|-damage|p1a: Hypno|0 fnt\n|faint|p1a: Hypno\n|\n|upkeep\n|\n|t:|1781403404\n|switch|p1a: Dodrio|Dodrio, L85, F|241/241\n|turn|20\n|l|\u2606mahershalalhashbaz\n|inactive|mahershalalhashbaz disconnected and has a minute to reconnect!\n|player|p2|\n|j|\u2606mahershalalhashbaz\n|inactive|mahershalalhashbaz reconnected and has 100 seconds left.\n|player|p2|mahershalalhashbaz|2|\n|\n|t:|1781403459\n|-terastallize|p1a: Dodrio|Normal\n|move|p2a: Iron Bundle|Ice Beam|p1a: Dodrio\n|-damage|p1a: Dodrio|61/241\n|move|p1a: Dodrio|Double-Edge|p2a: Iron Bundle\n|-damage|p2a: Iron Bundle|0 fnt\n|faint|p2a: Iron Bundle\n|-end|p2a: Iron Bundle|Quark Drive|[silent]\n|-damage|p1a: Dodrio|27/241|[from] Recoil\n|\n|upkeep\n|\n|t:|1781403461\n|switch|p2a: Plusle|Plusle, L95, M, tera:Electric|268/268\n|turn|21\n|\n|t:|1781403468\n|move|p1a: Dodrio|Double-Edge|p2a: Plusle\n|-damage|p2a: Plusle|0 fnt\n|faint|p2a: Plusle\n|-damage|p1a: Dodrio|0 fnt|[from] Recoil\n|faint|p1a: Dodrio\n|\n|win|LinkNinjaTC11\n", "uploadtime": 1781403228, "views": 6, "formatid": "gen9randombattle", "rating": null, "private": 0, "password": null}