{"id": "gen9randombattle-2631616007", "format": "[Gen 9] Random Battle", "players": ["WhatEver2102", "Z10101"], "log": "|j|\u2606WhatEver2102\n|j|\u2606Z10101\n|t:|1781409334\n|gametype|singles\n|player|p1|WhatEver2102|juan|2029\n|player|p2|Z10101|102|2050\n|gen|9\n|tier|[Gen 9] Random Battle\n|rated|\n|rule|Species Clause: Limit one of each Pok\u00e9mon\n|rule|HP Percentage Mod: HP is shown in percentages\n|rule|Sleep Clause Mod: Limit one foe put to sleep\n|rule|Illusion Level Mod: Illusion disguises the Pok\u00e9mon's true level\n|\n|t:|1781409334\n|teamsize|p1|6\n|teamsize|p2|6\n|start\n|switch|p1a: Glastrier|Glastrier, L86|312/312\n|switch|p2a: Delibird|Delibird, F|252/252\n|turn|1\n|inactive|Battle timer is ON: inactive players will automatically lose when time's up. (requested by WhatEver2102)\n|\n|t:|1781409368\n|move|p2a: Delibird|Brave Bird|p1a: Glastrier\n|-damage|p1a: Glastrier|186/312\n|-damage|p2a: Delibird|210/252|[from] Recoil\n|move|p1a: Glastrier|Swords Dance|p1a: Glastrier\n|-boost|p1a: Glastrier|atk|2\n|\n|upkeep\n|turn|2\n|\n|t:|1781409378\n|move|p2a: Delibird|Brave Bird|p1a: Glastrier|[miss]\n|-miss|p2a: Delibird|p1a: Glastrier\n|move|p1a: Glastrier|Heavy Slam|p2a: Delibird\n|-supereffective|p2a: Delibird\n|-damage|p2a: Delibird|0 fnt\n|faint|p2a: Delibird\n|-ability|p1a: Glastrier|Chilling Neigh|boost\n|-boost|p1a: Glastrier|atk|1\n|\n|upkeep\n|\n|t:|1781409389\n|switch|p2a: Wigglytuff|Wigglytuff, L96, M|424/424\n|turn|3\n|\n|t:|1781409404\n|move|p2a: Wigglytuff|Fire Blast|p1a: Glastrier\n|-supereffective|p1a: Glastrier\n|-damage|p1a: Glastrier|44/312\n|move|p1a: Glastrier|Heavy Slam|p2a: Wigglytuff\n|-supereffective|p2a: Wigglytuff\n|-damage|p2a: Wigglytuff|0 fnt\n|faint|p2a: Wigglytuff\n|-ability|p1a: Glastrier|Chilling Neigh|boost\n|-boost|p1a: Glastrier|atk|1\n|\n|upkeep\n|\n|t:|1781409415\n|switch|p2a: Munkidori|Munkidori, L79, M|269/269\n|turn|4\n|\n|t:|1781409431\n|switch|p1a: Solgaleo|Solgaleo, L74|325/325\n|move|p2a: Munkidori|Psyshock|p1a: Solgaleo\n|-resisted|p1a: Solgaleo\n|-damage|p1a: Solgaleo|294/325\n|-damage|p2a: Munkidori|243/269|[from] item: Life Orb\n|\n|upkeep\n|turn|5\n|\n|t:|1781409444\n|move|p2a: Munkidori|Nasty Plot|p2a: Munkidori\n|-boost|p2a: Munkidori|spa|2\n|move|p1a: Solgaleo|Knock Off|p2a: Munkidori\n|-supereffective|p2a: Munkidori\n|-damage|p2a: Munkidori|55/269\n|-enditem|p2a: Munkidori|Life Orb|[from] move: Knock Off|[of] p1a: Solgaleo\n|\n|upkeep\n|turn|6\n|\n|t:|1781409460\n|move|p2a: Munkidori|Focus Blast|p1a: Solgaleo|[miss]\n|-miss|p2a: Munkidori|p1a: Solgaleo\n|move|p1a: Solgaleo|Flame Charge|p2a: Munkidori\n|-damage|p2a: Munkidori|3/269\n|-boost|p1a: Solgaleo|spe|1\n|\n|upkeep\n|turn|7\n|\n|t:|1781409470\n|switch|p2a: Sandaconda|Sandaconda, L84, F|258/258\n|move|p1a: Solgaleo|Flame Charge|p2a: Sandaconda\n|-crit|p2a: Sandaconda\n|-damage|p2a: Sandaconda|215/258\n|-boost|p1a: Solgaleo|spe|1\n|\n|-heal|p2a: Sandaconda|231/258|[from] item: Leftovers\n|upkeep\n|turn|8\n|\n|t:|1781409474\n|move|p1a: Solgaleo|Knock Off|p2a: Sandaconda\n|-damage|p2a: Sandaconda|175/258\n|-enditem|p2a: Sandaconda|Leftovers|[from] move: Knock Off|[of] p1a: Solgaleo\n|move|p2a: Sandaconda|Glare|p1a: Solgaleo\n|-status|p1a: Solgaleo|par\n|\n|upkeep\n|turn|9\n|\n|t:|1781409493\n|switch|p1a: Weezing|Weezing, L88, F|258/258\n|move|p2a: Sandaconda|Coil|p2a: Sandaconda\n|-boost|p2a: Sandaconda|atk|1\n|-boost|p2a: Sandaconda|def|1\n|-boost|p2a: Sandaconda|accuracy|1\n|\n|upkeep\n|turn|10\n|\n|t:|1781409502\n|move|p2a: Sandaconda|Stone Edge|p1a: Weezing\n|-damage|p1a: Weezing|176/258\n|move|p1a: Weezing|Will-O-Wisp|p2a: Sandaconda\n|-status|p2a: Sandaconda|brn\n|\n|-heal|p1a: Weezing|192/258|[from] item: Leftovers\n|-damage|p2a: Sandaconda|159/258 brn|[from] brn\n|upkeep\n|turn|11\n|\n|t:|1781409509\n|move|p2a: Sandaconda|Coil|p2a: Sandaconda\n|-boost|p2a: Sandaconda|atk|1\n|-boost|p2a: Sandaconda|def|1\n|-boost|p2a: Sandaconda|accuracy|1\n|move|p1a: Weezing|Fire Blast|p2a: Sandaconda\n|-damage|p2a: Sandaconda|70/258 brn\n|\n|-activate|p2a: Sandaconda|ability: Shed Skin\n|-curestatus|p2a: Sandaconda|brn|[msg]\n|-heal|p1a: Weezing|208/258|[from] item: Leftovers\n|upkeep\n|turn|12\n|\n|t:|1781409523\n|-terastallize|p1a: Weezing|Steel\n|move|p2a: Sandaconda|Stone Edge|p1a: Weezing\n|-resisted|p1a: Weezing\n|-damage|p1a: Weezing|151/258\n|move|p1a: Weezing|Fire Blast|p2a: Sandaconda|[miss]\n|-miss|p1a: Weezing|p2a: Sandaconda\n|\n|-heal|p1a: Weezing|167/258|[from] item: Leftovers\n|upkeep\n|turn|13\n|\n|t:|1781409531\n|move|p2a: Sandaconda|Glare|p1a: Weezing\n|-status|p1a: Weezing|par\n|move|p1a: Weezing|Will-O-Wisp|p2a: Sandaconda\n|-status|p2a: Sandaconda|brn\n|\n|-heal|p1a: Weezing|183/258 par|[from] item: Leftovers\n|-damage|p2a: Sandaconda|54/258 brn|[from] brn\n|upkeep\n|turn|14\n|\n|t:|1781409536\n|move|p2a: Sandaconda|Stone Edge|p1a: Weezing\n|-resisted|p1a: Weezing\n|-damage|p1a: Weezing|155/258 par\n|move|p1a: Weezing|Fire Blast|p2a: Sandaconda\n|-damage|p2a: Sandaconda|0 fnt\n|faint|p2a: Sandaconda\n|\n|-heal|p1a: Weezing|171/258 par|[from] item: Leftovers\n|upkeep\n|\n|t:|1781409542\n|switch|p2a: Munkidori|Munkidori, L79, M|3/269\n|turn|15\n|\n|t:|1781409549\n|move|p2a: Munkidori|Focus Blast|p1a: Weezing\n|-supereffective|p1a: Weezing\n|-damage|p1a: Weezing|0 fnt\n|faint|p1a: Weezing\n|\n|upkeep\n|\n|t:|1781409556\n|switch|p1a: Solgaleo|Solgaleo, L74|294/325 par\n|turn|16\n|\n|t:|1781409569\n|move|p2a: Munkidori|Focus Blast|p1a: Solgaleo\n|-damage|p1a: Solgaleo|196/325 par\n|move|p1a: Solgaleo|Flame Charge|p2a: Munkidori\n|-damage|p2a: Munkidori|0 fnt\n|-boost|p1a: Solgaleo|spe|1\n|faint|p2a: Munkidori\n|\n|upkeep\n|\n|t:|1781409576\n|switch|p2a: Brute Bonnet|Brute Bonnet, L80|309/309\n|turn|17\n|\n|t:|1781409586\n|move|p1a: Solgaleo|Sunsteel Strike|p2a: Brute Bonnet\n|-damage|p2a: Brute Bonnet|198/309\n|move|p2a: Brute Bonnet|Crunch|p1a: Solgaleo\n|-supereffective|p1a: Solgaleo\n|-damage|p1a: Solgaleo|8/325 par\n|-enditem|p1a: Solgaleo|Weakness Policy\n|-boost|p1a: Solgaleo|atk|2|[from] item: Weakness Policy\n|-boost|p1a: Solgaleo|spa|2|[from] item: Weakness Policy\n|\n|-heal|p2a: Brute Bonnet|217/309|[from] item: Leftovers\n|upkeep\n|turn|18\n|\n|t:|1781409602\n|move|p2a: Brute Bonnet|Sucker Punch|p1a: Solgaleo\n|-supereffective|p1a: Solgaleo\n|-damage|p1a: Solgaleo|0 fnt\n|faint|p1a: Solgaleo\n|\n|-heal|p2a: Brute Bonnet|236/309|[from] item: Leftovers\n|upkeep\n|\n|t:|1781409607\n|switch|p1a: Braviary|Braviary, L85, M|309/309\n|turn|19\n|\n|t:|1781409626\n|-terastallize|p2a: Brute Bonnet|Poison\n|move|p1a: Braviary|Brave Bird|p2a: Brute Bonnet\n|-damage|p2a: Brute Bonnet|85/309\n|-damage|p1a: Braviary|259/309|[from] Recoil\n|move|p2a: Brute Bonnet|Spore|p1a: Braviary\n|-status|p1a: Braviary|slp|[from] move: Spore\n|\n|-heal|p2a: Brute Bonnet|104/309|[from] item: Leftovers\n|upkeep\n|turn|20\n|\n|t:|1781409635\n|switch|p1a: Glastrier|Glastrier, L86|44/312\n|move|p2a: Brute Bonnet|Crunch|p1a: Glastrier\n|-damage|p1a: Glastrier|0 fnt\n|faint|p1a: Glastrier\n|\n|-heal|p2a: Brute Bonnet|123/309|[from] item: Leftovers\n|upkeep\n|\n|t:|1781409642\n|switch|p1a: Raichu|Raichu-Alola, L87, M|246/246\n|turn|21\n|\n|t:|1781409650\n|move|p1a: Raichu|Psyshock|p2a: Brute Bonnet\n|-supereffective|p2a: Brute Bonnet\n|-damage|p2a: Brute Bonnet|0 fnt\n|faint|p2a: Brute Bonnet\n|-end|p2a: Brute Bonnet|Protosynthesis|[silent]\n|-damage|p1a: Raichu|222/246|[from] item: Life Orb\n|\n|upkeep\n|\n|t:|1781409652\n|switch|p2a: Sawsbuck|Sawsbuck-Autumn, L88, M|284/284\n|turn|22\n|\n|t:|1781409658\n|move|p1a: Raichu|Psyshock|p2a: Sawsbuck\n|-damage|p2a: Sawsbuck|142/284\n|-damage|p1a: Raichu|198/246|[from] item: Life Orb\n|move|p2a: Sawsbuck|High Horsepower|p1a: Raichu\n|-supereffective|p1a: Raichu\n|-damage|p1a: Raichu|0 fnt\n|faint|p1a: Raichu\n|-damage|p2a: Sawsbuck|114/284|[from] item: Life Orb\n|\n|upkeep\n|\n|t:|1781409664\n|switch|p1a: Annihilape|Annihilape, L76, M|292/292\n|turn|23\n|\n|t:|1781409669\n|move|p2a: Sawsbuck|Swords Dance|p2a: Sawsbuck\n|-boost|p2a: Sawsbuck|atk|2\n|move|p1a: Annihilape|Drain Punch|p2a: Sawsbuck\n|-supereffective|p2a: Sawsbuck\n|-damage|p2a: Sawsbuck|0 fnt\n|faint|p2a: Sawsbuck\n|\n|win|WhatEver2102\n|raw|WhatEver2102's rating: 2029 &rarr; <strong>2050</strong><br />(+21 for winning)\n|raw|Z10101's rating: 2050 &rarr; <strong>2029</strong><br />(-21 for losing)\n", "uploadtime": 1781409336, "views": 3, "formatid": "gen9randombattle", "rating": 2029, "private": 0, "password": null}