{"id": "gen9randombattle-2632008532", "format": "[Gen 9] Random Battle", "players": ["Marferno", "magicaldc"], "log": "|j|\u2606Marferno\n|j|\u2606magicaldc\n|t:|1781465420\n|gametype|singles\n|player|p1|Marferno|lucas-gen4pt|1941\n|player|p2|magicaldc|102|1973\n|gen|9\n|tier|[Gen 9] Random Battle\n|rated|\n|rule|Species Clause: Limit one of each Pok\u00e9mon\n|rule|HP Percentage Mod: HP is shown in percentages\n|rule|Sleep Clause Mod: Limit one foe put to sleep\n|rule|Illusion Level Mod: Illusion disguises the Pok\u00e9mon's true level\n|\n|t:|1781465420\n|teamsize|p1|6\n|teamsize|p2|6\n|start\n|switch|p1a: Kilowattrel|Kilowattrel, L83, F|252/252\n|switch|p2a: Articuno|Articuno, L86|295/295\n|-ability|p2a: Articuno|Pressure\n|turn|1\n|inactive|Battle timer is ON: inactive players will automatically lose when time's up. (requested by Marferno)\n|j| hantengu445\n|\n|t:|1781465435\n|move|p1a: Kilowattrel|Thunderbolt|p2a: Articuno\n|-supereffective|p2a: Articuno\n|-damage|p2a: Articuno|151/295\n|move|p2a: Articuno|Freeze-Dry|p1a: Kilowattrel\n|-supereffective|p1a: Kilowattrel\n|-damage|p1a: Kilowattrel|54/252\n|\n|upkeep\n|turn|2\n|\n|t:|1781465445\n|move|p1a: Kilowattrel|U-turn|p2a: Articuno\n|-resisted|p2a: Articuno\n|-crit|p2a: Articuno\n|-damage|p2a: Articuno|124/295\n|\n|t:|1781465452\n|switch|p1a: Pikachu|Pikachu-Original, L93, M|216/216|[from] U-turn\n|move|p2a: Articuno|Freeze-Dry|p1a: Pikachu\n|-damage|p1a: Pikachu|110/216\n|-status|p1a: Pikachu|frz\n|\n|upkeep\n|turn|3\n|\n|t:|1781465459\n|-curestatus|p1a: Pikachu|frz|[msg]\n|move|p1a: Pikachu|Volt Tackle|p2a: Articuno\n|-supereffective|p2a: Articuno\n|-damage|p2a: Articuno|0 fnt\n|faint|p2a: Articuno\n|-damage|p1a: Pikachu|69/216|[from] Recoil\n|\n|upkeep\n|\n|t:|1781465464\n|switch|p2a: Amoonguss|Amoonguss, L82, F|321/321\n|turn|4\n|\n|t:|1781465469\n|move|p1a: Pikachu|Volt Tackle|p2a: Amoonguss\n|-resisted|p2a: Amoonguss\n|-damage|p2a: Amoonguss|192/321\n|-damage|p1a: Pikachu|26/216|[from] Recoil\n|move|p2a: Amoonguss|Sludge Bomb|p1a: Pikachu\n|-crit|p1a: Pikachu\n|-damage|p1a: Pikachu|0 fnt\n|faint|p1a: Pikachu\n|\n|-heal|p2a: Amoonguss|212/321|[from] item: Leftovers\n|upkeep\n|\n|t:|1781465487\n|switch|p1a: Toxicroak|Toxicroak, L84, F|277/277\n|turn|5\n|\n|t:|1781465491\n|move|p1a: Toxicroak|Gunk Shot|p2a: Amoonguss|[miss]\n|-miss|p1a: Toxicroak|p2a: Amoonguss\n|move|p2a: Amoonguss|Spore|p1a: Toxicroak\n|-status|p1a: Toxicroak|slp|[from] move: Spore\n|\n|-heal|p2a: Amoonguss|232/321|[from] item: Leftovers\n|upkeep\n|turn|6\n|\n|t:|1781465501\n|switch|p2a: Meloetta|Meloetta, L82|298/298\n|cant|p1a: Toxicroak|slp\n|\n|upkeep\n|turn|7\n|\n|t:|1781465506\n|switch|p1a: Greninja|Greninja, L80, M|246/246\n|move|p2a: Meloetta|Relic Song|p1a: Greninja\n|-damage|p1a: Greninja|108/246\n|-formechange|p2a: Meloetta|Meloetta-Pirouette|[msg]\n|-damage|p2a: Meloetta|269/298|[from] item: Life Orb\n|\n|upkeep\n|turn|8\n|\n|t:|1781465518\n|switch|p1a: Toxicroak|Toxicroak, L84, F|277/277 slp\n|move|p2a: Meloetta|Close Combat|p1a: Toxicroak\n|-resisted|p1a: Toxicroak\n|-damage|p1a: Toxicroak|156/277 slp\n|-unboost|p2a: Meloetta|def|1\n|-unboost|p2a: Meloetta|spd|1\n|-damage|p2a: Meloetta|240/298|[from] item: Life Orb\n|\n|upkeep\n|turn|9\n|\n|t:|1781465523\n|-curestatus|p1a: Toxicroak|slp|[msg]\n|move|p1a: Toxicroak|Sucker Punch|p2a: Meloetta\n|-resisted|p2a: Meloetta\n|-damage|p2a: Meloetta|176/298\n|move|p2a: Meloetta|Triple Axel|p1a: Toxicroak\n|-damage|p1a: Toxicroak|129/277\n|-damage|p1a: Toxicroak|73/277\n|-damage|p1a: Toxicroak|0 fnt\n|faint|p1a: Toxicroak\n|-hitcount|p1: Toxicroak|3\n|-damage|p2a: Meloetta|147/298|[from] item: Life Orb\n|\n|upkeep\n|\n|t:|1781465527\n|switch|p1a: Leafeon|Leafeon, L88, F|258/258\n|turn|10\n|\n|t:|1781465533\n|switch|p2a: Amoonguss|Amoonguss, L82, F|321/321\n|move|p1a: Leafeon|Leaf Blade|p2a: Amoonguss\n|-resisted|p2a: Amoonguss\n|-damage|p2a: Amoonguss|285/321\n|\n|-heal|p2a: Amoonguss|305/321|[from] item: Leftovers\n|upkeep\n|turn|11\n|\n|t:|1781465540\n|switch|p1a: Sinistcha|Sinistcha-Masterpiece, L83|254/254\n|move|p2a: Amoonguss|Sludge Bomb|p1a: Sinistcha\n|-damage|p1a: Sinistcha|169/254\n|\n|-heal|p1a: Sinistcha|184/254|[from] item: Leftovers\n|-heal|p2a: Amoonguss|321/321|[from] item: Leftovers\n|upkeep\n|turn|12\n|\n|t:|1781465543\n|move|p1a: Sinistcha|Calm Mind|p1a: Sinistcha\n|-boost|p1a: Sinistcha|spa|1\n|-boost|p1a: Sinistcha|spd|1\n|move|p2a: Amoonguss|Toxic|p1a: Sinistcha\n|-status|p1a: Sinistcha|tox\n|\n|-heal|p1a: Sinistcha|199/254 tox|[from] item: Leftovers\n|-damage|p1a: Sinistcha|184/254 tox|[from] psn\n|upkeep\n|turn|13\n|\n|t:|1781465547\n|switch|p2a: Abomasnow|Abomasnow, L84, M|287/287\n|-weather|Snowscape|[from] ability: Snow Warning|[of] p2a: Abomasnow\n|move|p1a: Sinistcha|Calm Mind|p1a: Sinistcha\n|-boost|p1a: Sinistcha|spa|1\n|-boost|p1a: Sinistcha|spd|1\n|\n|-weather|Snowscape|[upkeep]\n|-heal|p1a: Sinistcha|199/254 tox|[from] item: Leftovers\n|-damage|p1a: Sinistcha|169/254 tox|[from] psn\n|upkeep\n|turn|14\n|\n|t:|1781465557\n|move|p1a: Sinistcha|Strength Sap|p2a: Abomasnow\n|-unboost|p2a: Abomasnow|atk|1\n|-heal|p1a: Sinistcha|254/254 tox\n|move|p2a: Abomasnow|Aurora Veil|p2a: Abomasnow\n|-sidestart|p2: magicaldc|move: Aurora Veil\n|\n|-weather|Snowscape|[upkeep]\n|-damage|p1a: Sinistcha|209/254 tox|[from] psn\n|upkeep\n|turn|15\n|\n|t:|1781465561\n|move|p1a: Sinistcha|Calm Mind|p1a: Sinistcha\n|-boost|p1a: Sinistcha|spa|1\n|-boost|p1a: Sinistcha|spd|1\n|move|p2a: Abomasnow|Blizzard|p1a: Sinistcha\n|-supereffective|p1a: Sinistcha\n|-damage|p1a: Sinistcha|113/254 tox\n|\n|-weather|Snowscape|[upkeep]\n|-heal|p1a: Sinistcha|128/254 tox|[from] item: Leftovers\n|-damage|p1a: Sinistcha|68/254 tox|[from] psn\n|upkeep\n|turn|16\n|\n|t:|1781465573\n|-terastallize|p1a: Sinistcha|Steel\n|move|p1a: Sinistcha|Strength Sap|p2a: Abomasnow\n|-unboost|p2a: Abomasnow|atk|1\n|-heal|p1a: Sinistcha|203/254 tox\n|move|p2a: Abomasnow|Blizzard|p1a: Sinistcha\n|-resisted|p1a: Sinistcha\n|-damage|p1a: Sinistcha|179/254 tox\n|\n|-weather|Snowscape|[upkeep]\n|-heal|p1a: Sinistcha|194/254 tox|[from] item: Leftovers\n|-damage|p1a: Sinistcha|119/254 tox|[from] psn\n|upkeep\n|turn|17\n|\n|t:|1781465581\n|move|p1a: Sinistcha|Matcha Gotcha|p2a: Abomasnow\n|-resisted|p2a: Abomasnow\n|-damage|p2a: Abomasnow|219/287\n|-heal|p1a: Sinistcha|153/254 tox|[from] drain|[of] p2a: Abomasnow\n|move|p2a: Abomasnow|Earthquake|p1a: Sinistcha\n|-supereffective|p1a: Sinistcha\n|-damage|p1a: Sinistcha|93/254 tox\n|\n|-weather|none\n|-heal|p1a: Sinistcha|108/254 tox|[from] item: Leftovers\n|-damage|p1a: Sinistcha|18/254 tox|[from] psn\n|upkeep\n|turn|18\n|\n|t:|1781465592\n|move|p1a: Sinistcha|Strength Sap|p2a: Abomasnow\n|-unboost|p2a: Abomasnow|atk|1\n|-heal|p1a: Sinistcha|119/254 tox\n|move|p2a: Abomasnow|Earthquake|p1a: Sinistcha\n|-supereffective|p1a: Sinistcha\n|-damage|p1a: Sinistcha|73/254 tox\n|\n|-heal|p1a: Sinistcha|88/254 tox|[from] item: Leftovers\n|-damage|p1a: Sinistcha|0 fnt|[from] psn\n|faint|p1a: Sinistcha\n|upkeep\n|\n|t:|1781465596\n|switch|p1a: Leafeon|Leafeon, L88, F|258/258\n|turn|19\n|\n|t:|1781465603\n|move|p1a: Leafeon|Swords Dance|p1a: Leafeon\n|-boost|p1a: Leafeon|atk|2\n|move|p2a: Abomasnow|Blizzard|p1a: Leafeon\n|-supereffective|p1a: Leafeon\n|-damage|p1a: Leafeon|0 fnt\n|faint|p1a: Leafeon\n|\n|upkeep\n|-message|Marferno forfeited.\n|\n|win|magicaldc\n", "uploadtime": 1781465422, "views": 5, "formatid": "gen9randombattle", "rating": null, "private": 0, "password": null}