{"id": "gen9randombattle-2631727456", "format": "[Gen 9] Random Battle", "players": ["NZQ", "Oginotakashi"], "log": "|j|\u2606NZQ\n|j|\u2606Oginotakashi\n|t:|1781429535\n|gametype|singles\n|player|p1|NZQ|266|2066\n|player|p2|Oginotakashi|1|2211\n|gen|9\n|tier|[Gen 9] Random Battle\n|rated|\n|rule|Species Clause: Limit one of each Pok\u00e9mon\n|rule|HP Percentage Mod: HP is shown in percentages\n|rule|Sleep Clause Mod: Limit one foe put to sleep\n|rule|Illusion Level Mod: Illusion disguises the Pok\u00e9mon's true level\n|\n|t:|1781429535\n|teamsize|p1|6\n|teamsize|p2|6\n|start\n|switch|p1a: Necrozma|Necrozma-Dawn-Wings, L76|272/272\n|switch|p2a: Arceus|Arceus-Dragon, L71|288/288\n|turn|1\n|\n|t:|1781429551\n|switch|p1a: Glastrier|Glastrier, L86|312/312\n|move|p2a: Arceus|Judgment|p1a: Glastrier\n|-damage|p1a: Glastrier|222/312\n|\n|upkeep\n|turn|2\n|\n|t:|1781429562\n|switch|p2a: Iron Moth|Iron Moth, L78|253/253\n|move|p1a: Glastrier|Icicle Crash|p2a: Iron Moth\n|-resisted|p2a: Iron Moth\n|-damage|p2a: Iron Moth|161/253\n|\n|upkeep\n|turn|3\n|inactive|Battle timer is ON: inactive players will automatically lose when time's up. (requested by Oginotakashi)\n|\n|t:|1781429578\n|move|p2a: Iron Moth|U-turn|p1a: Glastrier\n|-damage|p1a: Glastrier|197/312\n|\n|t:|1781429593\n|-end|p2a: Iron Moth|Quark Drive|[silent]\n|switch|p2a: Dunsparce|Dunsparce, L86, M|312/312|[from] U-turn\n|move|p1a: Glastrier|High Horsepower|p2a: Dunsparce\n|-damage|p2a: Dunsparce|235/312\n|\n|upkeep\n|turn|4\n|\n|t:|1781429598\n|move|p2a: Dunsparce|Coil|p2a: Dunsparce\n|-boost|p2a: Dunsparce|atk|1\n|-boost|p2a: Dunsparce|def|1\n|-boost|p2a: Dunsparce|accuracy|1\n|move|p1a: Glastrier|Swords Dance|p1a: Glastrier\n|-boost|p1a: Glastrier|atk|2\n|\n|upkeep\n|turn|5\n|\n|t:|1781429601\n|move|p2a: Dunsparce|Coil|p2a: Dunsparce\n|-boost|p2a: Dunsparce|atk|1\n|-boost|p2a: Dunsparce|def|1\n|-boost|p2a: Dunsparce|accuracy|1\n|move|p1a: Glastrier|Close Combat|p2a: Dunsparce\n|-supereffective|p2a: Dunsparce\n|-damage|p2a: Dunsparce|41/312\n|-unboost|p1a: Glastrier|def|1\n|-unboost|p1a: Glastrier|spd|1\n|\n|upkeep\n|turn|6\n|\n|t:|1781429610\n|move|p2a: Dunsparce|Earthquake|p1a: Glastrier\n|-damage|p1a: Glastrier|64/312\n|move|p1a: Glastrier|Close Combat|p2a: Dunsparce\n|-supereffective|p2a: Dunsparce\n|-damage|p2a: Dunsparce|0 fnt\n|-unboost|p1a: Glastrier|def|1\n|-unboost|p1a: Glastrier|spd|1\n|faint|p2a: Dunsparce\n|-ability|p1a: Glastrier|Chilling Neigh|boost\n|-boost|p1a: Glastrier|atk|1\n|\n|upkeep\n|\n|t:|1781429614\n|switch|p2a: Iron Moth|Iron Moth, L78|161/253\n|turn|7\n|\n|t:|1781429621\n|move|p2a: Iron Moth|Sludge Wave|p1a: Glastrier\n|-crit|p1a: Glastrier\n|-damage|p1a: Glastrier|0 fnt\n|faint|p1a: Glastrier\n|\n|upkeep\n|\n|t:|1781429633\n|switch|p1a: Necrozma|Necrozma-Dawn-Wings, L76|272/272\n|turn|8\n|\n|t:|1781429638\n|move|p2a: Iron Moth|U-turn|p1a: Necrozma\n|-damage|p1a: Necrozma|238/272\n|\n|t:|1781429642\n|-end|p2a: Iron Moth|Quark Drive|[silent]\n|switch|p2a: Bisharp|Bisharp, L79, M|232/232|[from] U-turn\n|move|p1a: Necrozma|Photon Geyser|p2a: Bisharp\n|-immune|p2a: Bisharp\n|\n|-heal|p1a: Necrozma|255/272|[from] item: Leftovers\n|upkeep\n|turn|9\n|\n|t:|1781429646\n|switch|p1a: Iron Treads|Iron Treads, L77|265/265\n|move|p2a: Bisharp|Throat Chop|p1a: Iron Treads\n|-crit|p1a: Iron Treads\n|-damage|p1a: Iron Treads|153/265\n|-start|p1a: Iron Treads|Throat Chop|[silent]\n|\n|-heal|p1a: Iron Treads|169/265|[from] item: Leftovers\n|upkeep\n|turn|10\n|\n|t:|1781429658\n|switch|p2a: Gastrodon|Gastrodon-East, L86, F|331/331\n|move|p1a: Iron Treads|Stealth Rock|p2a: Gastrodon\n|-sidestart|p2: Oginotakashi|move: Stealth Rock\n|\n|-heal|p1a: Iron Treads|185/265|[from] item: Leftovers\n|-end|p1a: Iron Treads|Throat Chop|[silent]\n|upkeep\n|turn|11\n|\n|t:|1781429663\n|-end|p1a: Iron Treads|Quark Drive|[silent]\n|switch|p1a: Necrozma|Necrozma-Dawn-Wings, L76|255/272\n|move|p2a: Gastrodon|Earthquake|p1a: Necrozma\n|-damage|p1a: Necrozma|164/272\n|\n|-heal|p1a: Necrozma|181/272|[from] item: Leftovers\n|upkeep\n|turn|12\n|\n|t:|1781429673\n|switch|p1a: Sneasler|Sneasler, L74, M|240/240\n|move|p2a: Gastrodon|Earthquake|p1a: Sneasler\n|-supereffective|p1a: Sneasler\n|-damage|p1a: Sneasler|0 fnt\n|faint|p1a: Sneasler\n|\n|upkeep\n|\n|t:|1781429676\n|switch|p1a: Comfey|Comfey, L85, M|225/225\n|turn|13\n|\n|t:|1781429685\n|switch|p2a: Bisharp|Bisharp, L79, M|232/232\n|-damage|p2a: Bisharp|218/232|[from] Stealth Rock\n|move|p1a: Comfey|Calm Mind|p1a: Comfey\n|-boost|p1a: Comfey|spa|1\n|-boost|p1a: Comfey|spd|1\n|\n|upkeep\n|turn|14\n|\n|t:|1781429694\n|-terastallize|p1a: Comfey|Poison\n|move|p1a: Comfey|Calm Mind|p1a: Comfey\n|-boost|p1a: Comfey|spa|1\n|-boost|p1a: Comfey|spd|1\n|move|p2a: Bisharp|Iron Head|p1a: Comfey\n|-damage|p1a: Comfey|138/225\n|\n|-heal|p1a: Comfey|152/225|[from] item: Leftovers\n|upkeep\n|turn|15\n|\n|t:|1781429701\n|move|p1a: Comfey|Draining Kiss|p2a: Bisharp\n|-damage|p2a: Bisharp|134/232\n|-heal|p1a: Comfey|215/225|[from] drain|[of] p2a: Bisharp\n|move|p2a: Bisharp|Swords Dance|p2a: Bisharp\n|-boost|p2a: Bisharp|atk|2\n|\n|-heal|p1a: Comfey|225/225|[from] item: Leftovers\n|upkeep\n|turn|16\n|\n|t:|1781429711\n|move|p1a: Comfey|Draining Kiss|p2a: Bisharp\n|-damage|p2a: Bisharp|59/232\n|move|p2a: Bisharp|Iron Head|p1a: Comfey\n|-damage|p1a: Comfey|50/225\n|\n|-heal|p1a: Comfey|64/225|[from] item: Leftovers\n|upkeep\n|turn|17\n|\n|t:|1781429715\n|move|p1a: Comfey|Draining Kiss|p2a: Bisharp\n|-damage|p2a: Bisharp|0 fnt\n|-heal|p1a: Comfey|108/225|[from] drain|[of] p2a: Bisharp\n|faint|p2a: Bisharp\n|\n|-heal|p1a: Comfey|122/225|[from] item: Leftovers\n|upkeep\n|\n|t:|1781429719\n|switch|p2a: Gastrodon|Gastrodon-East, L86, F|331/331\n|-damage|p2a: Gastrodon|311/331|[from] Stealth Rock\n|turn|18\n|\n|t:|1781429728\n|-terastallize|p2a: Gastrodon|Poison\n|move|p1a: Comfey|Giga Drain|p2a: Gastrodon\n|-resisted|p2a: Gastrodon\n|-damage|p2a: Gastrodon|261/331\n|-heal|p1a: Comfey|147/225|[from] drain|[of] p2a: Gastrodon\n|move|p2a: Gastrodon|Earthquake|p1a: Comfey\n|-supereffective|p1a: Comfey\n|-damage|p1a: Comfey|0 fnt\n|faint|p1a: Comfey\n|\n|-heal|p2a: Gastrodon|281/331|[from] item: Leftovers\n|upkeep\n|\n|t:|1781429731\n|switch|p1a: Iron Treads|Iron Treads, L77|185/265\n|turn|19\n|\n|t:|1781429735\n|switch|p2a: Salamence|Salamence, L77, M|273/273\n|move|p1a: Iron Treads|Earthquake|p2a: Salamence\n|-immune|p2a: Salamence\n|\n|-heal|p1a: Iron Treads|201/265|[from] item: Leftovers\n|upkeep\n|turn|20\n|\n|t:|1781429739\n|move|p1a: Iron Treads|Iron Head|p2a: Salamence\n|-damage|p2a: Salamence|180/273\n|cant|p2a: Salamence|flinch\n|\n|-heal|p1a: Iron Treads|217/265|[from] item: Leftovers\n|upkeep\n|turn|21\n|\n|t:|1781429743\n|move|p1a: Iron Treads|Iron Head|p2a: Salamence\n|-damage|p2a: Salamence|86/273\n|move|p2a: Salamence|Dragon Dance|p2a: Salamence\n|-boost|p2a: Salamence|atk|1\n|-boost|p2a: Salamence|spe|1\n|\n|-heal|p1a: Iron Treads|233/265|[from] item: Leftovers\n|upkeep\n|turn|22\n|\n|t:|1781429747\n|-end|p1a: Iron Treads|Quark Drive|[silent]\n|switch|p1a: Avalugg|Avalugg, L88, F|310/310\n|move|p2a: Salamence|Earthquake|p1a: Avalugg\n|-damage|p1a: Avalugg|254/310\n|\n|upkeep\n|turn|23\n|\n|t:|1781429750\n|move|p2a: Salamence|Outrage|p1a: Avalugg\n|-damage|p1a: Avalugg|148/310\n|move|p1a: Avalugg|Avalanche|p2a: Salamence\n|-supereffective|p2a: Salamence\n|-damage|p2a: Salamence|0 fnt\n|faint|p2a: Salamence\n|\n|upkeep\n|\n|t:|1781429753\n|switch|p2a: Iron Moth|Iron Moth, L78|161/253\n|turn|24\n|\n|t:|1781429756\n|move|p2a: Iron Moth|Fire Blast|p1a: Avalugg\n|-supereffective|p1a: Avalugg\n|-damage|p1a: Avalugg|0 fnt\n|faint|p1a: Avalugg\n|\n|upkeep\n|\n|t:|1781429759\n|switch|p1a: Necrozma|Necrozma-Dawn-Wings, L76|181/272\n|turn|25\n|\n|t:|1781429766\n|move|p2a: Iron Moth|Fire Blast|p1a: Necrozma\n|-damage|p1a: Necrozma|70/272\n|move|p1a: Necrozma|Moonlight|p1a: Necrozma\n|-heal|p1a: Necrozma|206/272\n|\n|-heal|p1a: Necrozma|223/272|[from] item: Leftovers\n|upkeep\n|turn|26\n|\n|t:|1781429777\n|move|p2a: Iron Moth|Fire Blast|p1a: Necrozma|[miss]\n|-miss|p2a: Iron Moth|p1a: Necrozma\n|move|p1a: Necrozma|Calm Mind|p1a: Necrozma\n|-boost|p1a: Necrozma|spa|1\n|-boost|p1a: Necrozma|spd|1\n|\n|-heal|p1a: Necrozma|240/272|[from] item: Leftovers\n|upkeep\n|turn|27\n|\n|t:|1781429779\n|move|p2a: Iron Moth|Fire Blast|p1a: Necrozma\n|-damage|p1a: Necrozma|171/272\n|move|p1a: Necrozma|Calm Mind|p1a: Necrozma\n|-boost|p1a: Necrozma|spa|1\n|-boost|p1a: Necrozma|spd|1\n|\n|-heal|p1a: Necrozma|188/272|[from] item: Leftovers\n|upkeep\n|turn|28\n|\n|t:|1781429782\n|move|p2a: Iron Moth|U-turn|p1a: Necrozma\n|-damage|p1a: Necrozma|153/272\n|\n|t:|1781429784\n|-end|p2a: Iron Moth|Quark Drive|[silent]\n|switch|p2a: Gastrodon|Gastrodon-East, L86, F, tera:Poison|281/331|[from] U-turn\n|-damage|p2a: Gastrodon|240/331|[from] Stealth Rock\n|move|p1a: Necrozma|Calm Mind|p1a: Necrozma\n|-boost|p1a: Necrozma|spa|1\n|-boost|p1a: Necrozma|spd|1\n|\n|-heal|p1a: Necrozma|170/272|[from] item: Leftovers\n|-heal|p2a: Gastrodon|260/331|[from] item: Leftovers\n|upkeep\n|turn|29\n|\n|t:|1781429787\n|move|p1a: Necrozma|Photon Geyser|p2a: Gastrodon\n|-supereffective|p2a: Gastrodon\n|-damage|p2a: Gastrodon|0 fnt\n|faint|p2a: Gastrodon\n|\n|-heal|p1a: Necrozma|187/272|[from] item: Leftovers\n|upkeep\n|\n|t:|1781429789\n|switch|p2a: Arceus|Arceus-Dragon, L71|288/288\n|-damage|p2a: Arceus|252/288|[from] Stealth Rock\n|turn|30\n|\n|t:|1781429795\n|move|p2a: Arceus|Judgment|p1a: Necrozma\n|-damage|p1a: Necrozma|148/272\n|move|p1a: Necrozma|Photon Geyser|p2a: Arceus\n|-damage|p2a: Arceus|0 fnt\n|faint|p2a: Arceus\n|\n|-heal|p1a: Necrozma|165/272|[from] item: Leftovers\n|upkeep\n|-message|Oginotakashi forfeited.\n|\n|win|NZQ\n", "uploadtime": 1781429538, "views": 3, "formatid": "gen9randombattle", "rating": null, "private": 0, "password": null}