{"id": "gen9randombattle-2631879893", "format": "[Gen 9] Random Battle", "players": ["kormorano", "Elpapi18"], "log": "|j|\u2606kormorano\n|j|\u2606Elpapi18\n|t:|1781451354\n|gametype|singles\n|player|p1|kormorano|102|2042\n|player|p2|Elpapi18|2|2081\n|gen|9\n|tier|[Gen 9] Random Battle\n|rated|\n|rule|Species Clause: Limit one of each Pok\u00e9mon\n|rule|HP Percentage Mod: HP is shown in percentages\n|rule|Sleep Clause Mod: Limit one foe put to sleep\n|rule|Illusion Level Mod: Illusion disguises the Pok\u00e9mon's true level\n|\n|t:|1781451354\n|teamsize|p1|6\n|teamsize|p2|6\n|start\n|switch|p1a: Raging Bolt|Raging Bolt, L78|323/323\n|switch|p2a: Whiscash|Whiscash, L88, F|337/337\n|turn|1\n|inactive|Battle timer is ON: inactive players will automatically lose when time's up. (requested by kormorano)\n|\n|t:|1781451375\n|-end|p1a: Raging Bolt|Protosynthesis|[silent]\n|switch|p1a: Scovillain|Scovillain, L91, M|266/266\n|move|p2a: Whiscash|Stealth Rock|p1a: Scovillain\n|-sidestart|p1: kormorano|move: Stealth Rock\n|\n|upkeep\n|turn|2\n|\n|t:|1781451383\n|switch|p2a: Houndstone|Houndstone, L86, F|264/264\n|move|p1a: Scovillain|Energy Ball|p2a: Houndstone\n|-damage|p2a: Houndstone|186/264\n|\n|upkeep\n|turn|3\n|\n|t:|1781451389\n|move|p1a: Scovillain|Fire Blast|p2a: Houndstone\n|-damage|p2a: Houndstone|10/264\n|move|p2a: Houndstone|Poltergeist|p1a: Scovillain\n|-activate|p1a: Scovillain|move: Poltergeist|Heavy-Duty Boots\n|-damage|p1a: Scovillain|119/266\n|\n|upkeep\n|turn|4\n|\n|t:|1781451398\n|move|p2a: Houndstone|Shadow Sneak|p1a: Scovillain\n|-crit|p1a: Scovillain\n|-damage|p1a: Scovillain|46/266\n|move|p1a: Scovillain|Energy Ball|p2a: Houndstone\n|-damage|p2a: Houndstone|0 fnt\n|faint|p2a: Houndstone\n|\n|upkeep\n|\n|t:|1781451404\n|switch|p2a: Tauros|Tauros-Paldea-Combat, L82, M|257/257\n|-ability|p2a: Tauros|Intimidate|boost\n|-unboost|p1a: Scovillain|atk|1\n|turn|5\n|inactive|kormorano has 120 seconds left.\n|\n|t:|1781451439\n|move|p2a: Tauros|Earthquake|p1a: Scovillain\n|-damage|p1a: Scovillain|0 fnt\n|faint|p1a: Scovillain\n|-damage|p2a: Tauros|232/257|[from] item: Life Orb\n|\n|upkeep\n|\n|t:|1781451445\n|switch|p1a: Corviknight|Corviknight, L80, F|288/288\n|-damage|p1a: Corviknight|252/288|[from] Stealth Rock\n|-ability|p1a: Corviknight|Pressure\n|turn|6\n|inactive|kormorano has 120 seconds left.\n|\n|t:|1781451451\n|move|p2a: Tauros|Bulk Up|p2a: Tauros\n|-boost|p2a: Tauros|atk|1\n|-boost|p2a: Tauros|def|1\n|move|p1a: Corviknight|Brave Bird|p2a: Tauros\n|-supereffective|p2a: Tauros\n|-damage|p2a: Tauros|104/257\n|-damage|p1a: Corviknight|210/288|[from] Recoil\n|\n|-heal|p1a: Corviknight|228/288|[from] item: Leftovers\n|upkeep\n|turn|7\n|\n|t:|1781451457\n|move|p2a: Tauros|Close Combat|p1a: Corviknight\n|-damage|p1a: Corviknight|6/288\n|-unboost|p2a: Tauros|def|1\n|-unboost|p2a: Tauros|spd|1\n|-damage|p2a: Tauros|79/257|[from] item: Life Orb\n|move|p1a: Corviknight|Brave Bird|p2a: Tauros\n|-supereffective|p2a: Tauros\n|-damage|p2a: Tauros|0 fnt\n|faint|p2a: Tauros\n|-damage|p1a: Corviknight|0 fnt|[from] Recoil\n|faint|p1a: Corviknight\n|\n|upkeep\n|\n|t:|1781451465\n|switch|p2a: Iron Thorns|Iron Thorns, L83|302/302\n|switch|p1a: Weavile|Weavile, L79, M|239/239\n|-damage|p1a: Weavile|180/239|[from] Stealth Rock\n|turn|8\n|\n|t:|1781451476\n|switch|p1a: Piloswine|Piloswine, L85, M|309/309\n|-damage|p1a: Piloswine|271/309|[from] Stealth Rock\n|move|p2a: Iron Thorns|Stone Edge|p1a: Piloswine\n|-damage|p1a: Piloswine|174/309\n|\n|upkeep\n|turn|9\n|\n|t:|1781451497\n|-end|p2a: Iron Thorns|Quark Drive|[silent]\n|switch|p2a: Whiscash|Whiscash, L88, F|337/337\n|move|p1a: Piloswine|Earthquake|p2a: Whiscash\n|-damage|p2a: Whiscash|207/337\n|\n|-heal|p2a: Whiscash|228/337|[from] item: Leftovers\n|upkeep\n|turn|10\n|\n|t:|1781451503\n|move|p2a: Whiscash|Hydro Pump|p1a: Piloswine\n|-supereffective|p1a: Piloswine\n|-damage|p1a: Piloswine|0 fnt\n|faint|p1a: Piloswine\n|\n|-heal|p2a: Whiscash|249/337|[from] item: Leftovers\n|upkeep\n|\n|t:|1781451505\n|switch|p1a: Weavile|Weavile, L79, M|180/239\n|-damage|p1a: Weavile|121/239|[from] Stealth Rock\n|turn|11\n|\n|t:|1781451516\n|move|p1a: Weavile|Triple Axel|p2a: Whiscash\n|-damage|p2a: Whiscash|215/337\n|-damage|p2a: Whiscash|146/337\n|-damage|p2a: Whiscash|38/337\n|-hitcount|p2a: Whiscash|3\n|move|p2a: Whiscash|Earthquake|p1a: Weavile\n|-damage|p1a: Weavile|0 fnt\n|faint|p1a: Weavile\n|\n|-heal|p2a: Whiscash|59/337|[from] item: Leftovers\n|upkeep\n|\n|t:|1781451519\n|switch|p1a: Stonjourner|Stonjourner, L91, F|330/330\n|-damage|p1a: Stonjourner|289/330|[from] Stealth Rock\n|turn|12\n|\n|t:|1781451529\n|move|p1a: Stonjourner|Earthquake|p2a: Whiscash\n|-damage|p2a: Whiscash|0 fnt\n|faint|p2a: Whiscash\n|-damage|p1a: Stonjourner|256/330|[from] item: Life Orb\n|\n|upkeep\n|\n|t:|1781451550\n|switch|p2a: Ninetales|Ninetales, L85, M|263/263\n|-weather|SunnyDay|[from] ability: Drought|[of] p2a: Ninetales\n|turn|13\n|\n|t:|1781451561\n|move|p2a: Ninetales|Solar Beam||[still]\n|-prepare|p2a: Ninetales|Solar Beam\n|-anim|p2a: Ninetales|Solar Beam|p1a: Stonjourner\n|-supereffective|p1a: Stonjourner\n|-damage|p1a: Stonjourner|0 fnt\n|faint|p1a: Stonjourner\n|\n|-weather|SunnyDay|[upkeep]\n|upkeep\n|\n|t:|1781451564\n|switch|p1a: Raging Bolt|Raging Bolt, L78|323/323\n|-damage|p1a: Raging Bolt|283/323|[from] Stealth Rock\n|-activate|p1a: Raging Bolt|ability: Protosynthesis\n|-start|p1a: Raging Bolt|protosynthesisspa\n|turn|14\n|\n|t:|1781451570\n|move|p2a: Ninetales|Scorching Sands|p1a: Raging Bolt\n|-supereffective|p1a: Raging Bolt\n|-damage|p1a: Raging Bolt|193/323\n|move|p1a: Raging Bolt|Calm Mind|p1a: Raging Bolt\n|-boost|p1a: Raging Bolt|spa|1\n|-boost|p1a: Raging Bolt|spd|1\n|\n|-weather|SunnyDay|[upkeep]\n|-heal|p1a: Raging Bolt|213/323|[from] item: Leftovers\n|upkeep\n|turn|15\n|\n|t:|1781451577\n|move|p2a: Ninetales|Nasty Plot|p2a: Ninetales\n|-boost|p2a: Ninetales|spa|2\n|move|p1a: Raging Bolt|Thunderbolt|p2a: Ninetales\n|-damage|p2a: Ninetales|59/263\n|\n|-weather|SunnyDay|[upkeep]\n|-heal|p1a: Raging Bolt|233/323|[from] item: Leftovers\n|upkeep\n|turn|16\n|\n|t:|1781451580\n|move|p2a: Ninetales|Scorching Sands|p1a: Raging Bolt\n|-supereffective|p1a: Raging Bolt\n|-damage|p1a: Raging Bolt|103/323\n|move|p1a: Raging Bolt|Thunderbolt|p2a: Ninetales\n|-damage|p2a: Ninetales|0 fnt\n|faint|p2a: Ninetales\n|\n|-weather|SunnyDay|[upkeep]\n|-heal|p1a: Raging Bolt|123/323|[from] item: Leftovers\n|upkeep\n|\n|t:|1781451583\n|switch|p2a: Iron Thorns|Iron Thorns, L83|302/302\n|turn|17\n|\n|t:|1781451586\n|move|p2a: Iron Thorns|Earthquake|p1a: Raging Bolt\n|-supereffective|p1a: Raging Bolt\n|-damage|p1a: Raging Bolt|0 fnt\n|faint|p1a: Raging Bolt\n|-end|p1a: Raging Bolt|Protosynthesis|[silent]\n|\n|win|Elpapi18\n", "uploadtime": 1781451357, "views": 3, "formatid": "gen9randombattle", "rating": null, "private": 0, "password": null}