{"id": "gen9randombattle-2631395823", "format": "[Gen 9] Random Battle", "players": ["nano jump", "Usummega"], "log": "|j|\u2606nano jump\n|j|\u2606Usummega\n|t:|1781379610\n|gametype|singles\n|player|p1|nano jump|steven-masters|2317\n|player|p2|Usummega|maxie-gen6|2383\n|gen|9\n|tier|[Gen 9] Random Battle\n|rated|\n|rule|Species Clause: Limit one of each Pok\u00e9mon\n|rule|HP Percentage Mod: HP is shown in percentages\n|rule|Sleep Clause Mod: Limit one foe put to sleep\n|rule|Illusion Level Mod: Illusion disguises the Pok\u00e9mon's true level\n|\n|t:|1781379610\n|teamsize|p1|6\n|teamsize|p2|6\n|start\n|switch|p1a: Tinkaton|Tinkaton, L82, F|274/274\n|switch|p2a: Ampharos|Ampharos, L88, M|302/302\n|-ability|p1a: Tinkaton|Mold Breaker\n|turn|1\n|inactive|Battle timer is ON: inactive players will automatically lose when time's up. (requested by nano jump)\n|\n|t:|1781379644\n|move|p1a: Tinkaton|Knock Off|p2a: Ampharos\n|-damage|p2a: Ampharos|253/302\n|-enditem|p2a: Ampharos|Assault Vest|[from] move: Knock Off|[of] p1a: Tinkaton\n|move|p2a: Ampharos|Volt Switch|p1a: Tinkaton\n|-damage|p1a: Tinkaton|183/274\n|\n|t:|1781379653\n|switch|p2a: Chi-Yu|Chi-Yu, L77|211/211|[from] Volt Switch\n|-ability|p2a: Chi-Yu|Beads of Ruin\n|\n|-heal|p1a: Tinkaton|200/274|[from] item: Leftovers\n|upkeep\n|turn|2\n|\n|t:|1781379669\n|switch|p1a: Suicune|Suicune, L82|298/298\n|-ability|p1a: Suicune|Pressure\n|move|p2a: Chi-Yu|Overheat|p1a: Suicune|[miss]\n|-miss|p2a: Chi-Yu|p1a: Suicune\n|\n|upkeep\n|turn|3\n|\n|t:|1781379680\n|switch|p2a: Ampharos|Ampharos, L88, M|253/302\n|move|p1a: Suicune|Substitute|p1a: Suicune\n|-start|p1a: Suicune|Substitute\n|-damage|p1a: Suicune|224/298\n|\n|-heal|p1a: Suicune|242/298|[from] item: Leftovers\n|upkeep\n|turn|4\n|\n|t:|1781379683\n|move|p1a: Suicune|Protect|p1a: Suicune\n|-singleturn|p1a: Suicune|Protect\n|move|p2a: Ampharos|Volt Switch|p1a: Suicune\n|-activate|p1a: Suicune|move: Protect\n|\n|-heal|p1a: Suicune|260/298|[from] item: Leftovers\n|upkeep\n|turn|5\n|\n|t:|1781379686\n|move|p1a: Suicune|Calm Mind|p1a: Suicune\n|-boost|p1a: Suicune|spa|1\n|-boost|p1a: Suicune|spd|1\n|move|p2a: Ampharos|Volt Switch|p1a: Suicune\n|-supereffective|p1a: Suicune\n|-end|p1a: Suicune|Substitute\n|\n|t:|1781379698\n|switch|p2a: Reuniclus|Reuniclus, L88, M|337/337|[from] Volt Switch\n|\n|-heal|p1a: Suicune|278/298|[from] item: Leftovers\n|upkeep\n|turn|6\n|\n|t:|1781379704\n|switch|p1a: Smeargle|Smeargle, L95, F|258/258\n|move|p2a: Reuniclus|Calm Mind|p2a: Reuniclus\n|-boost|p2a: Reuniclus|spa|1\n|-boost|p2a: Reuniclus|spd|1\n|\n|upkeep\n|turn|7\n|\n|t:|1781379710\n|switch|p2a: Dipplin|Dipplin, L88, F|284/284\n|move|p1a: Smeargle|Spore|p2a: Dipplin\n|-immune|p2a: Dipplin\n|\n|upkeep\n|turn|8\n|\n|t:|1781379720\n|move|p1a: Smeargle|Sticky Web|p2a: Dipplin\n|-sidestart|p2: Usummega|move: Sticky Web\n|move|p2a: Dipplin|Dragon Pulse|p1a: Smeargle\n|-damage|p1a: Smeargle|110/258\n|\n|upkeep\n|turn|9\n|\n|t:|1781379723\n|move|p1a: Smeargle|Ceaseless Edge|p2a: Dipplin\n|-damage|p2a: Dipplin|270/284\n|-sidestart|p2: Usummega|Spikes\n|move|p2a: Dipplin|Dragon Pulse|p1a: Smeargle\n|-damage|p1a: Smeargle|0 fnt\n|faint|p1a: Smeargle\n|\n|upkeep\n|\n|t:|1781379726\n|switch|p1a: Seviper|Seviper, L93, M|287/287\n|turn|10\n|inactive|Usummega has 120 seconds left.\n|\n|t:|1781379763\n|switch|p2a: Registeel|Registeel, L81|262/262\n|-activate|p2a: Registeel|move: Sticky Web\n|-fail|p2a: Registeel|unboost|[from] ability: Clear Body|[of] p2a: Registeel\n|-damage|p2a: Registeel|230/262|[from] Spikes\n|move|p1a: Seviper|Gunk Shot|p2a: Registeel\n|-immune|p2a: Registeel\n|\n|upkeep\n|turn|11\n|inactive|Usummega has 120 seconds left.\n|\n|t:|1781379773\n|move|p1a: Seviper|Swords Dance|p1a: Seviper\n|-boost|p1a: Seviper|atk|2\n|move|p2a: Registeel|Iron Defense|p2a: Registeel\n|-boost|p2a: Registeel|def|2\n|\n|upkeep\n|turn|12\n|\n|t:|1781379779\n|-terastallize|p1a: Seviper|Ground\n|move|p1a: Seviper|Earthquake|p2a: Registeel\n|-supereffective|p2a: Registeel\n|-damage|p2a: Registeel|36/262\n|move|p2a: Registeel|Iron Defense|p2a: Registeel\n|-boost|p2a: Registeel|def|2\n|\n|upkeep\n|turn|13\n|inactive|Usummega has 120 seconds left.\n|\n|t:|1781379794\n|move|p1a: Seviper|Earthquake|p2a: Registeel\n|-supereffective|p2a: Registeel\n|-damage|p2a: Registeel|0 fnt\n|faint|p2a: Registeel\n|\n|upkeep\n|inactive|Usummega has 120 seconds left.\n|\n|t:|1781379814\n|switch|p2a: Chi-Yu|Chi-Yu, L77|211/211\n|-activate|p2a: Chi-Yu|move: Sticky Web\n|-unboost|p2a: Chi-Yu|spe|1\n|-damage|p2a: Chi-Yu|185/211|[from] Spikes\n|-ability|p2a: Chi-Yu|Beads of Ruin\n|turn|14\n|\n|t:|1781379820\n|-terastallize|p2a: Chi-Yu|Fire\n|move|p2a: Chi-Yu|Overheat|p1a: Seviper\n|-damage|p1a: Seviper|0 fnt\n|-unboost|p2a: Chi-Yu|spa|2\n|faint|p1a: Seviper\n|\n|upkeep\n|\n|t:|1781379823\n|switch|p1a: Suicune|Suicune, L82|278/298\n|-ability|p1a: Suicune|Pressure\n|turn|15\n|inactive|Usummega has 120 seconds left.\n|inactive|Usummega has 90 seconds left.\n|\n|t:|1781379882\n|switch|p2a: Reuniclus|Reuniclus, L88, M|337/337\n|-activate|p2a: Reuniclus|move: Sticky Web\n|-unboost|p2a: Reuniclus|spe|1\n|move|p1a: Suicune|Scald|p2a: Reuniclus\n|-damage|p2a: Reuniclus|259/337\n|\n|-heal|p1a: Suicune|296/298|[from] item: Leftovers\n|upkeep\n|turn|16\n|inactive|Usummega has 60 seconds left.\n|\n|t:|1781379927\n|switch|p1a: Tinkaton|Tinkaton, L82, F|200/274\n|-ability|p1a: Tinkaton|Mold Breaker\n|move|p2a: Reuniclus|Calm Mind|p2a: Reuniclus\n|-boost|p2a: Reuniclus|spa|1\n|-boost|p2a: Reuniclus|spd|1\n|\n|-heal|p1a: Tinkaton|217/274|[from] item: Leftovers\n|upkeep\n|turn|17\n|\n|t:|1781379943\n|switch|p2a: Ampharos|Ampharos, L88, M|253/302\n|-activate|p2a: Ampharos|move: Sticky Web\n|-unboost|p2a: Ampharos|spe|1\n|-damage|p2a: Ampharos|216/302|[from] Spikes\n|move|p1a: Tinkaton|Knock Off|p2a: Ampharos\n|-damage|p2a: Ampharos|179/302\n|\n|-heal|p1a: Tinkaton|234/274|[from] item: Leftovers\n|upkeep\n|turn|18\n|\n|t:|1781379966\n|move|p1a: Tinkaton|Play Rough|p2a: Ampharos|[miss]\n|-miss|p1a: Tinkaton|p2a: Ampharos\n|move|p2a: Ampharos|Discharge|p1a: Tinkaton\n|-damage|p1a: Tinkaton|143/274\n|-status|p1a: Tinkaton|par\n|\n|-heal|p1a: Tinkaton|160/274 par|[from] item: Leftovers\n|upkeep\n|turn|19\n|inactive|nano jump has 120 seconds left.\n|\n|t:|1781380016\n|move|p1a: Tinkaton|Play Rough|p2a: Ampharos\n|-damage|p2a: Ampharos|109/302\n|move|p2a: Ampharos|Discharge|p1a: Tinkaton\n|-damage|p1a: Tinkaton|70/274 par\n|\n|-heal|p1a: Tinkaton|87/274 par|[from] item: Leftovers\n|upkeep\n|turn|20\n|\n|t:|1781380022\n|move|p1a: Tinkaton|Play Rough|p2a: Ampharos\n|-damage|p2a: Ampharos|40/302\n|move|p2a: Ampharos|Discharge|p1a: Tinkaton\n|-damage|p1a: Tinkaton|0 fnt\n|faint|p1a: Tinkaton\n|\n|upkeep\n|\n|t:|1781380026\n|switch|p1a: Suicune|Suicune, L82|296/298\n|-ability|p1a: Suicune|Pressure\n|turn|21\n|inactive|Usummega has 30 seconds left.\n|\n|t:|1781380058\n|switch|p2a: Reuniclus|Reuniclus, L88, M|259/337\n|-activate|p2a: Reuniclus|move: Sticky Web\n|-unboost|p2a: Reuniclus|spe|1\n|move|p1a: Suicune|Scald|p2a: Reuniclus\n|-damage|p2a: Reuniclus|183/337\n|-status|p2a: Reuniclus|brn\n|\n|-heal|p1a: Suicune|298/298|[from] item: Leftovers\n|upkeep\n|turn|22\n|\n|t:|1781380067\n|switch|p1a: Zacian|Zacian-Crowned, L64|225/225\n|-ability|p1a: Zacian|Intrepid Sword|boost\n|-boost|p1a: Zacian|atk|1\n|move|p2a: Reuniclus|Recover|p2a: Reuniclus\n|-heal|p2a: Reuniclus|337/337 brn\n|\n|upkeep\n|turn|23\n|inactive|Usummega has 30 seconds left.\n|\n|t:|1781380089\n|move|p1a: Zacian|Swords Dance|p1a: Zacian\n|-boost|p1a: Zacian|atk|2\n|move|p2a: Reuniclus|Focus Blast|p1a: Zacian|[miss]\n|-miss|p2a: Reuniclus|p1a: Zacian\n|\n|upkeep\n|turn|24\n|\n|t:|1781380094\n|switch|p2a: Ampharos|Ampharos, L88, M|40/302\n|-activate|p2a: Ampharos|move: Sticky Web\n|-unboost|p2a: Ampharos|spe|1\n|-damage|p2a: Ampharos|3/302|[from] Spikes\n|move|p1a: Zacian|Behemoth Blade|p2a: Ampharos\n|-resisted|p2a: Ampharos\n|-damage|p2a: Ampharos|0 fnt\n|faint|p2a: Ampharos\n|\n|upkeep\n|j| Ultra7998\n|inactive|Usummega has 30 seconds left.\n|\n|t:|1781380110\n|switch|p2a: Eiscue|Eiscue, L88, F|274/274\n|-activate|p2a: Eiscue|move: Sticky Web\n|-unboost|p2a: Eiscue|spe|1\n|-damage|p2a: Eiscue|240/274|[from] Spikes\n|turn|25\n|inactive|Usummega has 30 seconds left.\n|l| Ultra7998\n|\n|t:|1781380133\n|move|p1a: Zacian|Behemoth Blade|p2a: Eiscue\n|-activate|p2a: Eiscue|ability: Ice Face\n|-damage|p2a: Eiscue|240/274\n|detailschange|p2a: Eiscue|Eiscue-Noice, L88, F\n|move|p2a: Eiscue|Belly Drum|p2a: Eiscue\n|-damage|p2a: Eiscue|103/274\n|-setboost|p2a: Eiscue|atk|6|[from] move: Belly Drum\n|-enditem|p2a: Eiscue|Sitrus Berry|[eat]\n|-heal|p2a: Eiscue|171/274|[from] item: Sitrus Berry\n|\n|upkeep\n|turn|26\n|inactive|Usummega has 30 seconds left.\n|inactive|Usummega has 20 seconds left.\n|\n|t:|1781380153\n|move|p1a: Zacian|Behemoth Blade|p2a: Eiscue\n|-supereffective|p2a: Eiscue\n|-damage|p2a: Eiscue|0 fnt\n|faint|p2a: Eiscue\n|\n|upkeep\n|inactive|Usummega has 25 seconds left this turn.\n|inactive|Usummega has 20 seconds left.\n|-message|Usummega forfeited.\n|\n|win|nano jump\n", "uploadtime": 1781379612, "views": 7, "formatid": "gen9randombattle", "rating": null, "private": 0, "password": null}