{"id": "gen9randombattle-2631561830", "format": "[Gen 9] Random Battle", "players": ["senpai_cry", "annya"], "log": "|j|\u203dsenpai_cry\n|j|\u2606annya\n|t:|1781401620\n|gametype|singles\n|player|p1|senpai_cry|red|1545\n|player|p2|annya|266|1599\n|gen|9\n|tier|[Gen 9] Random Battle\n|rated|\n|rule|Species Clause: Limit one of each Pok\u00e9mon\n|rule|HP Percentage Mod: HP is shown in percentages\n|rule|Sleep Clause Mod: Limit one foe put to sleep\n|rule|Illusion Level Mod: Illusion disguises the Pok\u00e9mon's true level\n|\n|t:|1781401620\n|teamsize|p1|6\n|teamsize|p2|6\n|start\n|switch|p1a: Miraidon|Miraidon, L65|238/238\n|switch|p2a: Diancie|Diancie, L82|216/216\n|-fieldstart|move: Electric Terrain|[from] ability: Hadron Engine|[of] p1a: Miraidon\n|turn|1\n|inactive|Battle timer is ON: inactive players will automatically lose when time's up. (requested by senpai_cry)\n|\n|t:|1781401642\n|move|p1a: Miraidon|Volt Switch|p2a: Diancie\n|-damage|p2a: Diancie|107/216\n|\n|t:|1781401646\n|switch|p1a: Copperajah|Copperajah, L86, F|349/349|[from] Volt Switch\n|move|p2a: Diancie|Earth Power|p1a: Copperajah\n|-supereffective|p1a: Copperajah\n|-damage|p1a: Copperajah|217/349\n|-unboost|p1a: Copperajah|spd|1\n|\n|-heal|p2a: Diancie|120/216|[from] item: Leftovers\n|upkeep\n|turn|2\n|\n|t:|1781401655\n|move|p2a: Diancie|Earth Power|p1a: Copperajah\n|-supereffective|p1a: Copperajah\n|-damage|p1a: Copperajah|0 fnt\n|faint|p1a: Copperajah\n|\n|-heal|p2a: Diancie|133/216|[from] item: Leftovers\n|upkeep\n|\n|t:|1781401663\n|switch|p1a: Gyarados|Gyarados, L79, M|280/280\n|turn|3\n|\n|t:|1781401667\n|move|p1a: Gyarados|Dragon Dance|p1a: Gyarados\n|-boost|p1a: Gyarados|atk|1\n|-boost|p1a: Gyarados|spe|1\n|move|p2a: Diancie|Diamond Storm|p1a: Gyarados\n|-supereffective|p1a: Gyarados\n|-damage|p1a: Gyarados|34/280\n|\n|-heal|p2a: Diancie|146/216|[from] item: Leftovers\n|upkeep\n|turn|4\n|\n|t:|1781401685\n|-terastallize|p1a: Gyarados|Ground\n|move|p1a: Gyarados|Earthquake|p2a: Diancie\n|-supereffective|p2a: Diancie\n|-damage|p2a: Diancie|0 fnt\n|faint|p2a: Diancie\n|-ability|p1a: Gyarados|Moxie|boost\n|-boost|p1a: Gyarados|atk|1\n|\n|upkeep\n|\n|t:|1781401694\n|switch|p2a: Espathra|Espathra, L80, M|283/283\n|turn|5\n|\n|t:|1781401704\n|move|p2a: Espathra|Protect|p2a: Espathra\n|-singleturn|p2a: Espathra|Protect\n|move|p1a: Gyarados|Earthquake|p2a: Espathra\n|-activate|p2a: Espathra|move: Protect\n|\n|-fieldend|move: Electric Terrain\n|-ability|p2a: Espathra|Speed Boost|boost\n|-boost|p2a: Espathra|spe|1\n|upkeep\n|turn|6\n|\n|t:|1781401712\n|move|p2a: Espathra|Dazzling Gleam|p1a: Gyarados\n|-damage|p1a: Gyarados|0 fnt\n|faint|p1a: Gyarados\n|\n|-ability|p2a: Espathra|Speed Boost|boost\n|-boost|p2a: Espathra|spe|1\n|upkeep\n|\n|t:|1781401718\n|switch|p1a: Miraidon|Miraidon, L65|238/238\n|-fieldstart|move: Electric Terrain|[from] ability: Hadron Engine|[of] p1a: Miraidon\n|turn|7\n|\n|t:|1781401726\n|switch|p2a: Mudsdale|Mudsdale, L83, F|302/302\n|move|p1a: Miraidon|Volt Switch|p2a: Mudsdale\n|-immune|p2a: Mudsdale\n|\n|upkeep\n|turn|8\n|\n|t:|1781401734\n|switch|p1a: Ting-Lu|Ting-Lu, L78|370/370\n|-ability|p1a: Ting-Lu|Vessel of Ruin\n|move|p2a: Mudsdale|Stealth Rock|p1a: Ting-Lu\n|-sidestart|p1: senpai_cry|move: Stealth Rock\n|\n|upkeep\n|turn|9\n|\n|t:|1781401738\n|move|p1a: Ting-Lu|Spikes|p2a: Mudsdale\n|-sidestart|p2: annya|Spikes\n|move|p2a: Mudsdale|Roar|p1a: Ting-Lu\n|drag|p1a: Breloom|Breloom, L83, M|235/235\n|-damage|p1a: Breloom|221/235|[from] Stealth Rock\n|\n|upkeep\n|turn|10\n|\n|t:|1781401749\n|switch|p2a: Rayquaza|Rayquaza, L72|270/270\n|-ability|p2a: Rayquaza|Air Lock\n|move|p1a: Breloom|Spore|p2a: Rayquaza\n|-status|p2a: Rayquaza|slp|[from] move: Spore\n|\n|upkeep\n|turn|11\n|\n|t:|1781401761\n|cant|p2a: Rayquaza|slp\n|move|p1a: Breloom|Rock Tomb|p2a: Rayquaza\n|-supereffective|p2a: Rayquaza\n|-damage|p2a: Rayquaza|18/270 slp\n|-unboost|p2a: Rayquaza|spe|1\n|-damage|p1a: Breloom|198/235|[from] item: Life Orb\n|\n|-fieldend|move: Electric Terrain\n|upkeep\n|turn|12\n|\n|t:|1781401770\n|move|p1a: Breloom|Rock Tomb|p2a: Rayquaza\n|-supereffective|p2a: Rayquaza\n|-damage|p2a: Rayquaza|0 fnt\n|faint|p2a: Rayquaza\n|-damage|p1a: Breloom|175/235|[from] item: Life Orb\n|\n|upkeep\n|\n|t:|1781401776\n|switch|p2a: Meowscarada|Meowscarada, L78, F|247/247\n|-damage|p2a: Meowscarada|217/247|[from] Spikes\n|turn|13\n|\n|t:|1781401799\n|switch|p1a: Bisharp|Bisharp, L79, F|232/232\n|-damage|p1a: Bisharp|218/232|[from] Stealth Rock\n|move|p2a: Meowscarada|Triple Axel|p1a: Bisharp\n|-start|p2a: Meowscarada|typechange|Ice|[from] ability: Protean\n|-resisted|p1a: Bisharp\n|-damage|p1a: Bisharp|210/232\n|-resisted|p1a: Bisharp\n|-damage|p1a: Bisharp|194/232\n|-resisted|p1a: Bisharp\n|-damage|p1a: Bisharp|167/232\n|-hitcount|p1a: Bisharp|3\n|-damage|p2a: Meowscarada|193/247|[from] item: Life Orb\n|\n|upkeep\n|turn|14\n|\n|t:|1781401812\n|switch|p2a: Mudsdale|Mudsdale, L83, F|302/302\n|-damage|p2a: Mudsdale|265/302|[from] Spikes\n|move|p1a: Bisharp|Swords Dance|p1a: Bisharp\n|-boost|p1a: Bisharp|atk|2\n|\n|-heal|p2a: Mudsdale|283/302|[from] item: Leftovers\n|upkeep\n|turn|15\n|\n|t:|1781401819\n|move|p1a: Bisharp|Throat Chop|p2a: Mudsdale\n|-damage|p2a: Mudsdale|108/302\n|-start|p2a: Mudsdale|Throat Chop|[silent]\n|-ability|p2a: Mudsdale|Stamina|boost\n|-boost|p2a: Mudsdale|def|1\n|move|p2a: Mudsdale|Earthquake|p1a: Bisharp\n|-supereffective|p1a: Bisharp\n|-damage|p1a: Bisharp|15/232\n|\n|-heal|p2a: Mudsdale|126/302|[from] item: Leftovers\n|upkeep\n|turn|16\n|\n|t:|1781401830\n|move|p1a: Bisharp|Throat Chop|p2a: Mudsdale\n|-crit|p2a: Mudsdale\n|-damage|p2a: Mudsdale|0 fnt\n|faint|p2a: Mudsdale\n|\n|upkeep\n|\n|t:|1781401836\n|switch|p2a: Espathra|Espathra, L80, M|283/283\n|-damage|p2a: Espathra|248/283|[from] Spikes\n|turn|17\n|\n|t:|1781401843\n|move|p2a: Espathra|Protect|p2a: Espathra\n|-singleturn|p2a: Espathra|Protect\n|move|p1a: Bisharp|Sucker Punch||[still]\n|-fail|p1a: Bisharp\n|\n|-heal|p2a: Espathra|265/283|[from] item: Leftovers\n|-ability|p2a: Espathra|Speed Boost|boost\n|-boost|p2a: Espathra|spe|1\n|upkeep\n|turn|18\n|\n|t:|1781401847\n|-terastallize|p2a: Espathra|Fairy\n|move|p1a: Bisharp|Sucker Punch|p2a: Espathra\n|-resisted|p2a: Espathra\n|-damage|p2a: Espathra|157/283\n|move|p2a: Espathra|Dazzling Gleam|p1a: Bisharp\n|-damage|p1a: Bisharp|0 fnt\n|faint|p1a: Bisharp\n|\n|-heal|p2a: Espathra|174/283|[from] item: Leftovers\n|-ability|p2a: Espathra|Speed Boost|boost\n|-boost|p2a: Espathra|spe|1\n|upkeep\n|\n|t:|1781401860\n|switch|p1a: Miraidon|Miraidon, L65|238/238\n|-damage|p1a: Miraidon|209/238|[from] Stealth Rock\n|-fieldstart|move: Electric Terrain|[from] ability: Hadron Engine|[of] p1a: Miraidon\n|turn|19\n|\n|t:|1781401866\n|move|p2a: Espathra|Protect|p2a: Espathra\n|-singleturn|p2a: Espathra|Protect\n|move|p1a: Miraidon|Overheat|p2a: Espathra\n|-activate|p2a: Espathra|move: Protect\n|\n|-heal|p2a: Espathra|191/283|[from] item: Leftovers\n|-ability|p2a: Espathra|Speed Boost|boost\n|-boost|p2a: Espathra|spe|1\n|upkeep\n|turn|20\n|\n|t:|1781401880\n|move|p2a: Espathra|Calm Mind|p2a: Espathra\n|-boost|p2a: Espathra|spa|1\n|-boost|p2a: Espathra|spd|1\n|move|p1a: Miraidon|Overheat|p2a: Espathra\n|-damage|p2a: Espathra|55/283\n|-unboost|p1a: Miraidon|spa|2\n|\n|-heal|p2a: Espathra|72/283|[from] item: Leftovers\n|-ability|p2a: Espathra|Speed Boost|boost\n|-boost|p2a: Espathra|spe|1\n|upkeep\n|turn|21\n|\n|t:|1781401890\n|switch|p1a: Ting-Lu|Ting-Lu, L78|370/370\n|-damage|p1a: Ting-Lu|347/370|[from] Stealth Rock\n|-ability|p1a: Ting-Lu|Vessel of Ruin\n|move|p2a: Espathra|Dazzling Gleam|p1a: Ting-Lu\n|-supereffective|p1a: Ting-Lu\n|-damage|p1a: Ting-Lu|147/370\n|\n|-heal|p2a: Espathra|89/283|[from] item: Leftovers\n|-heal|p1a: Ting-Lu|170/370|[from] item: Leftovers\n|-ability|p2a: Espathra|Speed Boost|boost\n|-boost|p2a: Espathra|spe|1\n|upkeep\n|turn|22\n|\n|t:|1781401895\n|move|p2a: Espathra|Dazzling Gleam|p1a: Ting-Lu\n|-supereffective|p1a: Ting-Lu\n|-damage|p1a: Ting-Lu|0 fnt\n|faint|p1a: Ting-Lu\n|\n|-heal|p2a: Espathra|106/283|[from] item: Leftovers\n|-ability|p2a: Espathra|Speed Boost|boost\n|-boost|p2a: Espathra|spe|1\n|upkeep\n|\n|t:|1781401898\n|switch|p1a: Miraidon|Miraidon, L65|209/238\n|-damage|p1a: Miraidon|180/238|[from] Stealth Rock\n|-activate|p1a: Miraidon|ability: Hadron Engine\n|turn|23\n|\n|t:|1781401901\n|move|p2a: Espathra|Protect|p2a: Espathra\n|-singleturn|p2a: Espathra|Protect\n|move|p1a: Miraidon|Overheat|p2a: Espathra\n|-activate|p2a: Espathra|move: Protect\n|\n|-heal|p2a: Espathra|123/283|[from] item: Leftovers\n|-fieldend|move: Electric Terrain\n|upkeep\n|turn|24\n|\n|t:|1781401904\n|move|p2a: Espathra|Dazzling Gleam|p1a: Miraidon\n|-supereffective|p1a: Miraidon\n|-damage|p1a: Miraidon|0 fnt\n|faint|p1a: Miraidon\n|\n|-heal|p2a: Espathra|140/283|[from] item: Leftovers\n|upkeep\n|\n|t:|1781401907\n|switch|p1a: Breloom|Breloom, L83, M|175/235\n|-damage|p1a: Breloom|161/235|[from] Stealth Rock\n|turn|25\n|\n|t:|1781401910\n|move|p2a: Espathra|Protect|p2a: Espathra\n|-singleturn|p2a: Espathra|Protect\n|move|p1a: Breloom|Spore|p2a: Espathra\n|-activate|p2a: Espathra|move: Protect\n|\n|-heal|p2a: Espathra|157/283|[from] item: Leftovers\n|upkeep\n|turn|26\n|-message|senpai_cry forfeited.\n|\n|win|annya\n|raw|senpai_cry's rating: 1545 &rarr; <strong>1528</strong><br />(-17 for losing)\n|raw|annya's rating: 1599 &rarr; <strong>1616</strong><br />(+17 for winning)\n|l|\u203dsenpai_cry\n|player|p1|\n", "uploadtime": 1781401916, "views": 3, "formatid": "gen9randombattle", "rating": 1528, "private": 0, "password": null}