{"id": "gen9randombattle-2631530111", "format": "[Gen 9] Random Battle", "players": ["KlausUnbound", "phivu"], "log": "|badge|p2|bronze|gen9randombattle|100-9\n|uhtml|medal-msg|<div class=\"broadcast-blue\">Curious what those medals under the avatar are? PS now has Ladder Seasons! For more information, check out the <a href=\"https://www.smogon.com/forums/threads/3740067/\">thread on Smogon.</a></div>\n|j|\u2606KlausUnbound\n|j|\u2606phivu\n|t:|1781397216\n|gametype|singles\n|player|p1|KlausUnbound|heroine2-conquest|2235\n|player|p2|phivu|265|2302\n|gen|9\n|tier|[Gen 9] Random Battle\n|rated|\n|rule|Species Clause: Limit one of each Pok\u00e9mon\n|rule|HP Percentage Mod: HP is shown in percentages\n|rule|Sleep Clause Mod: Limit one foe put to sleep\n|rule|Illusion Level Mod: Illusion disguises the Pok\u00e9mon's true level\n|\n|t:|1781397216\n|teamsize|p1|6\n|teamsize|p2|6\n|start\n|switch|p1a: Noivern|Noivern, L82, M|274/274\n|switch|p2a: Sawsbuck|Sawsbuck-Summer, L88, F|284/284\n|turn|1\n|inactive|Battle timer is ON: inactive players will automatically lose when time's up. (requested by KlausUnbound)\n|inactive|phivu has 120 seconds left.\n|\n|t:|1781397250\n|move|p1a: Noivern|Flamethrower|p2a: Sawsbuck\n|-supereffective|p2a: Sawsbuck\n|-damage|p2a: Sawsbuck|156/284\n|move|p2a: Sawsbuck|Double-Edge|p1a: Noivern\n|-damage|p1a: Noivern|74/274\n|-damage|p2a: Sawsbuck|90/284|[from] Recoil\n|-damage|p2a: Sawsbuck|62/284|[from] item: Life Orb\n|\n|upkeep\n|turn|2\n|\n|t:|1781397262\n|move|p1a: Noivern|Flamethrower|p2a: Sawsbuck\n|-supereffective|p2a: Sawsbuck\n|-damage|p2a: Sawsbuck|0 fnt\n|faint|p2a: Sawsbuck\n|\n|upkeep\n|inactive|phivu has 120 seconds left.\n|\n|t:|1781397288\n|switch|p2a: Armarouge|Armarouge, L80, M|267/267\n|turn|3\n|\n|t:|1781397295\n|move|p1a: Noivern|Draco Meteor|p2a: Armarouge\n|-damage|p2a: Armarouge|111/267\n|-unboost|p1a: Noivern|spa|2\n|move|p2a: Armarouge|Armor Cannon|p1a: Noivern\n|-resisted|p1a: Noivern\n|-damage|p1a: Noivern|0 fnt\n|-unboost|p2a: Armarouge|def|1\n|-unboost|p2a: Armarouge|spd|1\n|faint|p1a: Noivern\n|\n|upkeep\n|\n|t:|1781397314\n|switch|p1a: Mandibuzz|Mandibuzz, L85, F|326/326\n|turn|4\n|inactive|phivu has 120 seconds left.\n|\n|t:|1781397339\n|switch|p2a: Quagsire|Quagsire, L84, M|297/297\n|move|p1a: Mandibuzz|Foul Play|p2a: Quagsire\n|-damage|p2a: Quagsire|207/297\n|\n|-heal|p2a: Quagsire|225/297|[from] item: Leftovers\n|upkeep\n|turn|5\n|\n|t:|1781397346\n|move|p1a: Mandibuzz|U-turn|p2a: Quagsire\n|-damage|p2a: Quagsire|186/297\n|\n|t:|1781397348\n|switch|p1a: Garganacl|Garganacl, L80, F|291/291|[from] U-turn\n|move|p2a: Quagsire|Toxic|p1a: Garganacl\n|-immune|p1a: Garganacl|[from] ability: Purifying Salt\n|\n|-heal|p2a: Quagsire|204/297|[from] item: Leftovers\n|upkeep\n|turn|6\n|\n|t:|1781397352\n|move|p2a: Quagsire|Earthquake|p1a: Garganacl\n|-supereffective|p1a: Garganacl\n|-damage|p1a: Garganacl|145/291\n|move|p1a: Garganacl|Salt Cure|p2a: Quagsire\n|-resisted|p2a: Quagsire\n|-damage|p2a: Quagsire|185/297\n|-start|p2a: Quagsire|Salt Cure\n|\n|-heal|p2a: Quagsire|203/297|[from] item: Leftovers\n|-heal|p1a: Garganacl|163/291|[from] item: Leftovers\n|-damage|p2a: Quagsire|129/297|[from] Salt Cure\n|upkeep\n|turn|7\n|\n|t:|1781397358\n|move|p2a: Quagsire|Spikes|p1a: Garganacl\n|-sidestart|p1: KlausUnbound|Spikes\n|move|p1a: Garganacl|Recover|p1a: Garganacl\n|-heal|p1a: Garganacl|291/291\n|\n|-heal|p2a: Quagsire|147/297|[from] item: Leftovers\n|-damage|p2a: Quagsire|73/297|[from] Salt Cure\n|upkeep\n|turn|8\n|\n|t:|1781397367\n|switch|p2a: Toedscruel|Toedscruel, L87, F|281/281\n|switch|p1a: Bellossom|Bellossom, L84, F|263/263\n|-damage|p1a: Bellossom|231/263|[from] Spikes\n|\n|-heal|p1a: Bellossom|247/263|[from] item: Leftovers\n|upkeep\n|turn|9\n|\n|t:|1781397376\n|move|p1a: Bellossom|Quiver Dance|p1a: Bellossom\n|-boost|p1a: Bellossom|spa|1\n|-boost|p1a: Bellossom|spd|1\n|-boost|p1a: Bellossom|spe|1\n|move|p2a: Toedscruel|Toxic|p1a: Bellossom\n|-status|p1a: Bellossom|tox\n|\n|-heal|p1a: Bellossom|263/263 tox|[from] item: Leftovers\n|-damage|p1a: Bellossom|247/263 tox|[from] psn\n|upkeep\n|turn|10\n|\n|t:|1781397390\n|move|p2a: Toedscruel|Rapid Spin|p1a: Bellossom\n|-damage|p1a: Bellossom|218/263 tox\n|-boost|p2a: Toedscruel|spe|1\n|move|p1a: Bellossom|Quiver Dance|p1a: Bellossom\n|-boost|p1a: Bellossom|spa|1\n|-boost|p1a: Bellossom|spd|1\n|-boost|p1a: Bellossom|spe|1\n|\n|-heal|p1a: Bellossom|234/263 tox|[from] item: Leftovers\n|-damage|p1a: Bellossom|202/263 tox|[from] psn\n|upkeep\n|turn|11\n|\n|t:|1781397403\n|move|p2a: Toedscruel|Rapid Spin|p1a: Bellossom\n|-damage|p1a: Bellossom|176/263 tox\n|-boost|p2a: Toedscruel|spe|1\n|move|p1a: Bellossom|Giga Drain|p2a: Toedscruel\n|-damage|p2a: Toedscruel|166/281\n|-heal|p1a: Bellossom|234/263 tox|[from] drain|[of] p2a: Toedscruel\n|\n|-heal|p2a: Toedscruel|183/281|[from] item: Leftovers\n|-heal|p1a: Bellossom|250/263 tox|[from] item: Leftovers\n|-damage|p1a: Bellossom|202/263 tox|[from] psn\n|upkeep\n|turn|12\n|\n|t:|1781397413\n|move|p2a: Toedscruel|Rapid Spin|p1a: Bellossom\n|-crit|p1a: Bellossom\n|-damage|p1a: Bellossom|160/263 tox\n|-boost|p2a: Toedscruel|spe|1\n|move|p1a: Bellossom|Giga Drain|p2a: Toedscruel\n|-damage|p2a: Toedscruel|60/281\n|-heal|p1a: Bellossom|222/263 tox|[from] drain|[of] p2a: Toedscruel\n|\n|-heal|p2a: Toedscruel|77/281|[from] item: Leftovers\n|-heal|p1a: Bellossom|238/263 tox|[from] item: Leftovers\n|-damage|p1a: Bellossom|174/263 tox|[from] psn\n|upkeep\n|turn|13\n|\n|t:|1781397425\n|move|p2a: Toedscruel|Rapid Spin|p1a: Bellossom\n|-damage|p1a: Bellossom|147/263 tox\n|-boost|p2a: Toedscruel|spe|1\n|move|p1a: Bellossom|Giga Drain|p2a: Toedscruel\n|-damage|p2a: Toedscruel|0 fnt\n|-heal|p1a: Bellossom|186/263 tox|[from] drain|[of] p2a: Toedscruel\n|faint|p2a: Toedscruel\n|\n|-heal|p1a: Bellossom|202/263 tox|[from] item: Leftovers\n|-damage|p1a: Bellossom|122/263 tox|[from] psn\n|upkeep\n|\n|t:|1781397449\n|switch|p2a: Armarouge|Armarouge, L80, M|111/267\n|turn|14\n|\n|t:|1781397457\n|move|p1a: Bellossom|Giga Drain|p2a: Armarouge\n|-resisted|p2a: Armarouge\n|-damage|p2a: Armarouge|31/267\n|-heal|p1a: Bellossom|162/263 tox|[from] drain|[of] p2a: Armarouge\n|move|p2a: Armarouge|Psyshock|p1a: Bellossom\n|-damage|p1a: Bellossom|18/263 tox\n|\n|-heal|p1a: Bellossom|34/263 tox|[from] item: Leftovers\n|-damage|p1a: Bellossom|0 fnt|[from] psn\n|faint|p1a: Bellossom\n|upkeep\n|\n|t:|1781397465\n|switch|p1a: Mandibuzz|Mandibuzz, L85, F|326/326\n|turn|15\n|\n|t:|1781397472\n|switch|p2a: Quagsire|Quagsire, L84, M|73/297\n|move|p1a: Mandibuzz|Foul Play|p2a: Quagsire\n|-damage|p2a: Quagsire|0 fnt\n|faint|p2a: Quagsire\n|\n|upkeep\n|\n|t:|1781397483\n|switch|p2a: Lucario|Lucario, L84, M|255/255\n|turn|16\n|\n|t:|1781397487\n|move|p2a: Lucario|Nasty Plot|p2a: Lucario\n|-boost|p2a: Lucario|spa|2\n|move|p1a: Mandibuzz|U-turn|p2a: Lucario\n|-resisted|p2a: Lucario\n|-damage|p2a: Lucario|245/255\n|\n|t:|1781397507\n|switch|p1a: Toxtricity|Toxtricity, L82, F|257/257|[from] U-turn\n|-damage|p1a: Toxtricity|225/257|[from] Spikes\n|\n|upkeep\n|turn|17\n|\n|t:|1781397536\n|move|p2a: Lucario|Focus Blast|p1a: Toxtricity|[miss]\n|-miss|p2a: Lucario|p1a: Toxtricity\n|move|p1a: Toxtricity|Overdrive|p2a: Lucario\n|-damage|p2a: Lucario|26/255\n|\n|upkeep\n|turn|18\n|\n|t:|1781397549\n|move|p2a: Lucario|Focus Blast|p1a: Toxtricity\n|-resisted|p1a: Toxtricity\n|-damage|p1a: Toxtricity|0 fnt\n|faint|p1a: Toxtricity\n|-damage|p2a: Lucario|1/255|[from] item: Life Orb\n|\n|upkeep\n|\n|t:|1781397554\n|switch|p1a: Garganacl|Garganacl, L80, F|291/291\n|-damage|p1a: Garganacl|255/291|[from] Spikes\n|turn|19\n|inactive|phivu has 120 seconds left.\n|\n|t:|1781397577\n|move|p1a: Garganacl|Protect|p1a: Garganacl\n|-singleturn|p1a: Garganacl|Protect\n|move|p2a: Lucario|Flash Cannon|p1a: Garganacl\n|-activate|p1a: Garganacl|move: Protect\n|\n|-heal|p1a: Garganacl|273/291|[from] item: Leftovers\n|upkeep\n|turn|20\n|inactive|phivu has 120 seconds left.\n|\n|t:|1781397590\n|move|p2a: Lucario|Flash Cannon|p1a: Garganacl\n|-supereffective|p1a: Garganacl\n|-damage|p1a: Garganacl|0 fnt\n|faint|p1a: Garganacl\n|-damage|p2a: Lucario|0 fnt|[from] item: Life Orb\n|faint|p2a: Lucario\n|\n|upkeep\n|\n|t:|1781397593\n|switch|p2a: Cloyster|Cloyster, L80, M|211/211\n|switch|p1a: Lapras|Lapras, L87, F|367/367\n|-damage|p1a: Lapras|322/367|[from] Spikes\n|turn|21\n|\n|t:|1781397600\n|-terastallize|p2a: Cloyster|Ice\n|move|p2a: Cloyster|Shell Smash|p2a: Cloyster\n|-unboost|p2a: Cloyster|def|1\n|-unboost|p2a: Cloyster|spd|1\n|-boost|p2a: Cloyster|atk|2\n|-boost|p2a: Cloyster|spa|2\n|-boost|p2a: Cloyster|spe|2\n|-enditem|p2a: Cloyster|White Herb\n|-clearnegativeboost|p2a: Cloyster|[silent]\n|move|p1a: Lapras|Freeze-Dry|p2a: Cloyster\n|-resisted|p2a: Cloyster\n|-damage|p2a: Cloyster|127/211\n|\n|upkeep\n|turn|22\n|inactive|phivu has 120 seconds left.\n|\n|t:|1781397621\n|-terastallize|p1a: Lapras|Water\n|move|p2a: Cloyster|Rock Blast|p1a: Lapras\n|-damage|p1a: Lapras|287/367\n|-damage|p1a: Lapras|255/367\n|-damage|p1a: Lapras|221/367\n|-damage|p1a: Lapras|185/367\n|-damage|p1a: Lapras|154/367\n|-hitcount|p1a: Lapras|5\n|move|p1a: Lapras|Freeze-Dry|p2a: Cloyster\n|-resisted|p2a: Cloyster\n|-damage|p2a: Cloyster|46/211\n|\n|upkeep\n|turn|23\n|inactive|phivu has 120 seconds left.\n|\n|t:|1781397643\n|move|p2a: Cloyster|Icicle Spear|p1a: Lapras\n|-resisted|p1a: Lapras\n|-damage|p1a: Lapras|122/367\n|-resisted|p1a: Lapras\n|-damage|p1a: Lapras|90/367\n|-resisted|p1a: Lapras\n|-damage|p1a: Lapras|57/367\n|-resisted|p1a: Lapras\n|-damage|p1a: Lapras|26/367\n|-resisted|p1a: Lapras\n|-damage|p1a: Lapras|0 fnt\n|faint|p1a: Lapras\n|-hitcount|p1: Lapras|5\n|\n|upkeep\n|\n|t:|1781397646\n|switch|p1a: Mandibuzz|Mandibuzz, L85, F|326/326\n|turn|24\n|inactive|phivu has 120 seconds left.\n|\n|t:|1781397652\n|move|p2a: Cloyster|Icicle Spear|p1a: Mandibuzz\n|-supereffective|p1a: Mandibuzz\n|-damage|p1a: Mandibuzz|206/326\n|-supereffective|p1a: Mandibuzz\n|-damage|p1a: Mandibuzz|102/326\n|-supereffective|p1a: Mandibuzz\n|-damage|p1a: Mandibuzz|0 fnt\n|faint|p1a: Mandibuzz\n|-hitcount|p1: Mandibuzz|3\n|\n|win|phivu\n", "uploadtime": 1781397217, "views": 3, "formatid": "gen9randombattle", "rating": null, "private": 0, "password": null}