{"id": "gen9randombattle-2631500361", "format": "[Gen 9] Random Battle", "players": ["Arionblue_practice", "Smart Gas"], "log": "|j|\u2606Arionblue_practice\n|j|\u2606Smart Gas\n|t:|1781393001\n|gametype|singles\n|player|p1|Arionblue_practice|acetrainer-gen4dp|1936\n|player|p2|Smart Gas|clavell-s|1912\n|gen|9\n|tier|[Gen 9] Random Battle\n|rated|\n|rule|Species Clause: Limit one of each Pok\u00e9mon\n|rule|HP Percentage Mod: HP is shown in percentages\n|rule|Sleep Clause Mod: Limit one foe put to sleep\n|rule|Illusion Level Mod: Illusion disguises the Pok\u00e9mon's true level\n|\n|t:|1781393001\n|teamsize|p1|6\n|teamsize|p2|6\n|start\n|switch|p1a: Palossand|Palossand, L89, M|296/296\n|switch|p2a: Iron Thorns|Iron Thorns, L83|302/302\n|-item|p2a: Iron Thorns|Air Balloon\n|turn|1\n|inactive|Battle timer is ON: inactive players will automatically lose when time's up. (requested by Smart Gas)\n|\n|t:|1781393013\n|-end|p2a: Iron Thorns|Quark Drive|[silent]\n|switch|p2a: Vileplume|Vileplume, L85, M|266/266\n|move|p1a: Palossand|Shadow Ball|p2a: Vileplume\n|-damage|p2a: Vileplume|164/266\n|\n|-heal|p2a: Vileplume|180/266|[from] item: Leftovers\n|upkeep\n|turn|2\n|\n|t:|1781393019\n|switch|p1a: Venomoth|Venomoth, L84, M|255/255\n|move|p2a: Vileplume|Giga Drain|p1a: Venomoth\n|-resisted|p1a: Venomoth\n|-damage|p1a: Venomoth|230/255\n|-heal|p2a: Vileplume|193/266|[from] drain|[of] p1a: Venomoth\n|\n|-heal|p2a: Vileplume|209/266|[from] item: Leftovers\n|upkeep\n|turn|3\n|\n|t:|1781393044\n|switch|p2a: Iron Thorns|Iron Thorns, L83|302/302\n|-item|p2a: Iron Thorns|Air Balloon\n|move|p1a: Venomoth|Quiver Dance|p1a: Venomoth\n|-boost|p1a: Venomoth|spa|1\n|-boost|p1a: Venomoth|spd|1\n|-boost|p1a: Venomoth|spe|1\n|\n|upkeep\n|turn|4\n|\n|t:|1781393050\n|move|p1a: Venomoth|Bug Buzz|p2a: Iron Thorns\n|-damage|p2a: Iron Thorns|149/302\n|-enditem|p2a: Iron Thorns|Air Balloon\n|move|p2a: Iron Thorns|Stone Edge|p1a: Venomoth|[miss]\n|-miss|p2a: Iron Thorns|p1a: Venomoth\n|\n|upkeep\n|turn|5\n|\n|t:|1781393054\n|move|p1a: Venomoth|Bug Buzz|p2a: Iron Thorns\n|-damage|p2a: Iron Thorns|10/302\n|-unboost|p2a: Iron Thorns|spd|1\n|move|p2a: Iron Thorns|Stone Edge|p1a: Venomoth\n|-supereffective|p1a: Venomoth\n|-damage|p1a: Venomoth|0 fnt\n|faint|p1a: Venomoth\n|\n|upkeep\n|\n|t:|1781393061\n|switch|p1a: Iron Hands|Iron Hands, L79|373/373\n|turn|6\n|\n|t:|1781393074\n|move|p1a: Iron Hands|Fake Out|p2a: Iron Thorns\n|-resisted|p2a: Iron Thorns\n|-damage|p2a: Iron Thorns|0 fnt\n|faint|p2a: Iron Thorns\n|-end|p2a: Iron Thorns|Quark Drive|[silent]\n|\n|upkeep\n|\n|t:|1781393084\n|switch|p2a: Whimsicott|Whimsicott, L84, M|238/238\n|turn|7\n|\n|t:|1781393091\n|move|p2a: Whimsicott|Substitute|p2a: Whimsicott\n|-start|p2a: Whimsicott|Substitute\n|-damage|p2a: Whimsicott|179/238\n|move|p1a: Iron Hands|Volt Switch|p2a: Whimsicott\n|-resisted|p2a: Whimsicott\n|-activate|p2a: Whimsicott|move: Substitute|[damage]\n|\n|t:|1781393097\n|-end|p1a: Iron Hands|Quark Drive|[silent]\n|switch|p1a: Jirachi|Jirachi, L80|291/291|[from] Volt Switch\n|\n|-heal|p2a: Whimsicott|193/238|[from] item: Leftovers\n|upkeep\n|turn|8\n|\n|t:|1781393100\n|move|p2a: Whimsicott|Leech Seed|p1a: Jirachi\n|-start|p1a: Jirachi|move: Leech Seed\n|move|p1a: Jirachi|Iron Head|p2a: Whimsicott\n|-supereffective|p2a: Whimsicott\n|-end|p2a: Whimsicott|Substitute\n|\n|-heal|p2a: Whimsicott|207/238|[from] item: Leftovers\n|-damage|p1a: Jirachi|255/291|[from] Leech Seed|[of] p2a: Whimsicott\n|-heal|p2a: Whimsicott|238/238|[silent]\n|upkeep\n|turn|9\n|\n|t:|1781393116\n|move|p2a: Whimsicott|Substitute|p2a: Whimsicott\n|-start|p2a: Whimsicott|Substitute\n|-damage|p2a: Whimsicott|179/238\n|move|p1a: Jirachi|Iron Head|p2a: Whimsicott\n|-supereffective|p2a: Whimsicott\n|-end|p2a: Whimsicott|Substitute\n|\n|-heal|p2a: Whimsicott|193/238|[from] item: Leftovers\n|-heal|p1a: Jirachi|273/291|[from] item: Leftovers\n|-damage|p1a: Jirachi|237/291|[from] Leech Seed|[of] p2a: Whimsicott\n|-heal|p2a: Whimsicott|229/238|[silent]\n|upkeep\n|turn|10\n|\n|t:|1781393125\n|move|p2a: Whimsicott|Substitute|p2a: Whimsicott\n|-start|p2a: Whimsicott|Substitute\n|-damage|p2a: Whimsicott|170/238\n|move|p1a: Jirachi|Iron Head|p2a: Whimsicott\n|-supereffective|p2a: Whimsicott\n|-end|p2a: Whimsicott|Substitute\n|\n|-heal|p2a: Whimsicott|184/238|[from] item: Leftovers\n|-heal|p1a: Jirachi|255/291|[from] item: Leftovers\n|-damage|p1a: Jirachi|219/291|[from] Leech Seed|[of] p2a: Whimsicott\n|-heal|p2a: Whimsicott|220/238|[silent]\n|upkeep\n|turn|11\n|\n|t:|1781393128\n|move|p2a: Whimsicott|Substitute|p2a: Whimsicott\n|-start|p2a: Whimsicott|Substitute\n|-damage|p2a: Whimsicott|161/238\n|move|p1a: Jirachi|Iron Head|p2a: Whimsicott\n|-supereffective|p2a: Whimsicott\n|-end|p2a: Whimsicott|Substitute\n|\n|-heal|p2a: Whimsicott|175/238|[from] item: Leftovers\n|-heal|p1a: Jirachi|237/291|[from] item: Leftovers\n|-damage|p1a: Jirachi|201/291|[from] Leech Seed|[of] p2a: Whimsicott\n|-heal|p2a: Whimsicott|211/238|[silent]\n|upkeep\n|turn|12\n|\n|t:|1781393134\n|move|p2a: Whimsicott|Substitute|p2a: Whimsicott\n|-start|p2a: Whimsicott|Substitute\n|-damage|p2a: Whimsicott|152/238\n|move|p1a: Jirachi|Iron Head|p2a: Whimsicott\n|-supereffective|p2a: Whimsicott\n|-end|p2a: Whimsicott|Substitute\n|\n|-heal|p2a: Whimsicott|166/238|[from] item: Leftovers\n|-heal|p1a: Jirachi|219/291|[from] item: Leftovers\n|-damage|p1a: Jirachi|183/291|[from] Leech Seed|[of] p2a: Whimsicott\n|-heal|p2a: Whimsicott|202/238|[silent]\n|upkeep\n|turn|13\n|\n|t:|1781393138\n|move|p2a: Whimsicott|Substitute|p2a: Whimsicott\n|-start|p2a: Whimsicott|Substitute\n|-damage|p2a: Whimsicott|143/238\n|move|p1a: Jirachi|Iron Head|p2a: Whimsicott\n|-supereffective|p2a: Whimsicott\n|-end|p2a: Whimsicott|Substitute\n|\n|-heal|p2a: Whimsicott|157/238|[from] item: Leftovers\n|-heal|p1a: Jirachi|201/291|[from] item: Leftovers\n|-damage|p1a: Jirachi|165/291|[from] Leech Seed|[of] p2a: Whimsicott\n|-heal|p2a: Whimsicott|193/238|[silent]\n|upkeep\n|turn|14\n|\n|t:|1781393145\n|move|p2a: Whimsicott|Substitute|p2a: Whimsicott\n|-start|p2a: Whimsicott|Substitute\n|-damage|p2a: Whimsicott|134/238\n|move|p1a: Jirachi|Iron Head|p2a: Whimsicott\n|-supereffective|p2a: Whimsicott\n|-end|p2a: Whimsicott|Substitute\n|\n|-heal|p2a: Whimsicott|148/238|[from] item: Leftovers\n|-heal|p1a: Jirachi|183/291|[from] item: Leftovers\n|-damage|p1a: Jirachi|147/291|[from] Leech Seed|[of] p2a: Whimsicott\n|-heal|p2a: Whimsicott|184/238|[silent]\n|upkeep\n|turn|15\n|\n|t:|1781393153\n|switch|p2a: Vileplume|Vileplume, L85, M|209/266\n|move|p1a: Jirachi|Iron Head|p2a: Vileplume\n|-damage|p2a: Vileplume|124/266\n|\n|-heal|p1a: Jirachi|165/291|[from] item: Leftovers\n|-heal|p2a: Vileplume|140/266|[from] item: Leftovers\n|-damage|p1a: Jirachi|129/291|[from] Leech Seed|[of] p2a: Vileplume\n|-heal|p2a: Vileplume|176/266|[silent]\n|upkeep\n|turn|16\n|\n|t:|1781393156\n|move|p1a: Jirachi|Body Slam|p2a: Vileplume\n|-damage|p2a: Vileplume|117/266\n|-status|p2a: Vileplume|par\n|move|p2a: Vileplume|Strength Sap|p1a: Jirachi\n|-unboost|p1a: Jirachi|atk|1\n|-heal|p2a: Vileplume|266/266 par\n|\n|-heal|p1a: Jirachi|147/291|[from] item: Leftovers\n|-damage|p1a: Jirachi|111/291|[from] Leech Seed|[of] p2a: Vileplume\n|upkeep\n|turn|17\n|\n|t:|1781393161\n|switch|p1a: Gothitelle|Gothitelle, L90, M|272/272\n|move|p2a: Vileplume|Giga Drain|p1a: Gothitelle\n|-damage|p1a: Gothitelle|200/272\n|\n|-heal|p1a: Gothitelle|217/272|[from] item: Leftovers\n|upkeep\n|turn|18\n|\n|t:|1781393168\n|move|p1a: Gothitelle|Calm Mind|p1a: Gothitelle\n|-boost|p1a: Gothitelle|spa|1\n|-boost|p1a: Gothitelle|spd|1\n|move|p2a: Vileplume|Sludge Bomb|p1a: Gothitelle\n|-damage|p1a: Gothitelle|156/272\n|\n|-heal|p1a: Gothitelle|173/272|[from] item: Leftovers\n|upkeep\n|turn|19\n|\n|t:|1781393172\n|move|p1a: Gothitelle|Psychic Noise|p2a: Vileplume\n|-supereffective|p2a: Vileplume\n|-damage|p2a: Vileplume|8/266 par\n|-start|p2a: Vileplume|move: Heal Block\n|move|p2a: Vileplume|Leech Seed|p1a: Gothitelle|[miss]\n|-miss|p2a: Vileplume|p1a: Gothitelle\n|\n|-heal|p1a: Gothitelle|190/272|[from] item: Leftovers\n|upkeep\n|turn|20\n|\n|t:|1781393176\n|move|p1a: Gothitelle|Psychic Noise|p2a: Vileplume\n|-supereffective|p2a: Vileplume\n|-damage|p2a: Vileplume|0 fnt\n|faint|p2a: Vileplume\n|\n|-heal|p1a: Gothitelle|207/272|[from] item: Leftovers\n|upkeep\n|\n|t:|1781393183\n|switch|p2a: Basculin|Basculin-Blue-Striped, L86, M|261/261\n|turn|21\n|\n|t:|1781393188\n|move|p2a: Basculin|Wave Crash|p1a: Gothitelle\n|-damage|p1a: Gothitelle|0 fnt\n|faint|p1a: Gothitelle\n|-damage|p2a: Basculin|193/261|[from] Recoil\n|\n|upkeep\n|\n|t:|1781393192\n|switch|p1a: Iron Hands|Iron Hands, L79|373/373\n|turn|22\n|\n|t:|1781393198\n|switch|p2a: Whimsicott|Whimsicott, L84, M|184/238\n|move|p1a: Iron Hands|Fake Out|p2a: Whimsicott\n|-damage|p2a: Whimsicott|151/238\n|\n|-heal|p2a: Whimsicott|165/238|[from] item: Leftovers\n|upkeep\n|turn|23\n|\n|t:|1781393202\n|move|p2a: Whimsicott|Encore|p1a: Iron Hands\n|-start|p1a: Iron Hands|Encore\n|move|p1a: Iron Hands|Fake Out||[still]\n|-hint|Fake Out only works on your first turn out.\n|-fail|p1a: Iron Hands\n|\n|-heal|p2a: Whimsicott|179/238|[from] item: Leftovers\n|upkeep\n|turn|24\n|\n|t:|1781393206\n|-end|p1a: Iron Hands|Quark Drive|[silent]\n|switch|p1a: Palossand|Palossand, L89, M|296/296\n|move|p2a: Whimsicott|Leech Seed|p1a: Palossand\n|-start|p1a: Palossand|move: Leech Seed\n|\n|-heal|p2a: Whimsicott|193/238|[from] item: Leftovers\n|-damage|p1a: Palossand|259/296|[from] Leech Seed|[of] p2a: Whimsicott\n|-heal|p2a: Whimsicott|230/238|[silent]\n|upkeep\n|turn|25\n|\n|t:|1781393215\n|move|p2a: Whimsicott|Substitute|p2a: Whimsicott\n|-start|p2a: Whimsicott|Substitute\n|-damage|p2a: Whimsicott|171/238\n|move|p1a: Palossand|Sludge Bomb|p2a: Whimsicott\n|-supereffective|p2a: Whimsicott\n|-end|p2a: Whimsicott|Substitute\n|\n|-heal|p2a: Whimsicott|185/238|[from] item: Leftovers\n|-heal|p1a: Palossand|277/296|[from] item: Leftovers\n|-damage|p1a: Palossand|240/296|[from] Leech Seed|[of] p2a: Whimsicott\n|-heal|p2a: Whimsicott|222/238|[silent]\n|upkeep\n|turn|26\n|\n|t:|1781393219\n|switch|p2a: Garchomp|Garchomp, L74, M|282/282\n|move|p1a: Palossand|Sludge Bomb|p2a: Garchomp\n|-resisted|p2a: Garchomp\n|-damage|p2a: Garchomp|241/282\n|\n|-heal|p1a: Palossand|258/296|[from] item: Leftovers\n|-damage|p1a: Palossand|221/296|[from] Leech Seed|[of] p2a: Garchomp\n|-heal|p2a: Garchomp|278/282|[silent]\n|upkeep\n|turn|27\n|\n|t:|1781393231\n|switch|p1a: Jirachi|Jirachi, L80|111/291\n|move|p2a: Garchomp|Scale Shot|p1a: Jirachi\n|-resisted|p1a: Jirachi\n|-damage|p1a: Jirachi|98/291\n|-resisted|p1a: Jirachi\n|-damage|p1a: Jirachi|86/291\n|-resisted|p1a: Jirachi\n|-damage|p1a: Jirachi|74/291\n|-resisted|p1a: Jirachi\n|-damage|p1a: Jirachi|62/291\n|-resisted|p1a: Jirachi\n|-damage|p1a: Jirachi|50/291\n|-hitcount|p1a: Jirachi|5\n|-unboost|p2a: Garchomp|def|1\n|-boost|p2a: Garchomp|spe|1\n|\n|-heal|p1a: Jirachi|68/291|[from] item: Leftovers\n|upkeep\n|turn|28\n|\n|t:|1781393237\n|move|p2a: Garchomp|Earthquake|p1a: Jirachi\n|-supereffective|p1a: Jirachi\n|-damage|p1a: Jirachi|0 fnt\n|faint|p1a: Jirachi\n|\n|upkeep\n|\n|t:|1781393245\n|switch|p1a: Plusle|Plusle, L95, F|268/268\n|turn|29\n|\n|t:|1781393253\n|switch|p2a: Whimsicott|Whimsicott, L84, M|222/238\n|-terastallize|p1a: Plusle|Fairy\n|move|p1a: Plusle|Alluring Voice|p2a: Whimsicott\n|-damage|p2a: Whimsicott|69/238\n|-damage|p1a: Plusle|242/268|[from] item: Life Orb\n|\n|-heal|p2a: Whimsicott|83/238|[from] item: Leftovers\n|upkeep\n|turn|30\n|\n|t:|1781393262\n|move|p2a: Whimsicott|Moonblast|p1a: Plusle\n|-damage|p1a: Plusle|160/268\n|-unboost|p1a: Plusle|spa|1\n|move|p1a: Plusle|Alluring Voice|p2a: Whimsicott\n|-damage|p2a: Whimsicott|0 fnt\n|faint|p2a: Whimsicott\n|-damage|p1a: Plusle|134/268|[from] item: Life Orb\n|\n|upkeep\n|-message|Arionblue_practice forfeited.\n|\n|win|Smart Gas\n", "uploadtime": 1781393003, "views": 3, "formatid": "gen9randombattle", "rating": null, "private": 0, "password": null}