{"id": "gen9randombattle-2631524511", "format": "[Gen 9] Random Battle", "players": ["FaultierChunk", "ajtehpro"], "log": "|j|\u2606FaultierChunk\n|j|\u2606ajtehpro\n|t:|1781396433\n|gametype|singles\n|player|p1|FaultierChunk|benga|1947\n|player|p2|ajtehpro|170|1984\n|gen|9\n|tier|[Gen 9] Random Battle\n|rated|\n|rule|Species Clause: Limit one of each Pok\u00e9mon\n|rule|HP Percentage Mod: HP is shown in percentages\n|rule|Sleep Clause Mod: Limit one foe put to sleep\n|rule|Illusion Level Mod: Illusion disguises the Pok\u00e9mon's true level\n|\n|t:|1781396433\n|teamsize|p1|6\n|teamsize|p2|6\n|start\n|switch|p1a: Porygon2|Porygon2, L81|270/270\n|switch|p2a: Volbeat|Volbeat, L90, M|263/263\n|-ability|p1a: Porygon2|Download|boost\n|-boost|p1a: Porygon2|atk|1\n|turn|1\n|inactive|Battle timer is ON: inactive players will automatically lose when time's up. (requested by FaultierChunk)\n|\n|t:|1781396439\n|move|p2a: Volbeat|Thunder Wave|p1a: Porygon2\n|-status|p1a: Porygon2|par\n|move|p1a: Porygon2|Thunder Wave|p2a: Volbeat\n|-status|p2a: Volbeat|par\n|\n|upkeep\n|turn|2\n|\n|t:|1781396446\n|switch|p1a: Ariados|Ariados, L95, M|287/287\n|move|p2a: Volbeat|Encore||[still]\n|-fail|p2a: Volbeat\n|\n|upkeep\n|turn|3\n|\n|t:|1781396453\n|move|p2a: Volbeat|Thunder Wave|p1a: Ariados\n|-status|p1a: Ariados|par\n|move|p1a: Ariados|Sticky Web|p2a: Volbeat\n|-sidestart|p2: ajtehpro|move: Sticky Web\n|\n|upkeep\n|turn|4\n|\n|t:|1781396461\n|switch|p2a: Mudsdale|Mudsdale, L83, F|302/302\n|-activate|p2a: Mudsdale|move: Sticky Web\n|-unboost|p2a: Mudsdale|spe|1\n|switch|p1a: Porygon2|Porygon2, L81|270/270 par\n|-ability|p1a: Porygon2|Download|boost\n|-boost|p1a: Porygon2|spa|1\n|\n|upkeep\n|turn|5\n|\n|t:|1781396477\n|switch|p2a: Polteageist|Polteageist-Antique, L78|222/222\n|-activate|p2a: Polteageist|move: Sticky Web\n|-unboost|p2a: Polteageist|spe|1\n|-enditem|p2a: Polteageist|White Herb\n|-clearnegativeboost|p2a: Polteageist|[silent]\n|move|p1a: Porygon2|Tera Blast|p2a: Polteageist\n|-immune|p2a: Polteageist\n|\n|upkeep\n|turn|6\n|\n|t:|1781396492\n|move|p2a: Polteageist|Shell Smash|p2a: Polteageist\n|-unboost|p2a: Polteageist|def|1\n|-unboost|p2a: Polteageist|spd|1\n|-boost|p2a: Polteageist|atk|2\n|-boost|p2a: Polteageist|spa|2\n|-boost|p2a: Polteageist|spe|2\n|move|p1a: Porygon2|Shadow Ball|p2a: Polteageist\n|-supereffective|p2a: Polteageist\n|-damage|p2a: Polteageist|6/222\n|\n|upkeep\n|turn|7\n|\n|t:|1781396503\n|switch|p1a: Kingambit|Kingambit, L74, M|270/270\n|move|p2a: Polteageist|Stored Power|p1a: Kingambit\n|-immune|p1a: Kingambit\n|\n|upkeep\n|turn|8\n|\n|t:|1781396512\n|move|p2a: Polteageist|Shadow Ball|p1a: Kingambit\n|-resisted|p1a: Kingambit\n|-damage|p1a: Kingambit|156/270\n|move|p1a: Kingambit|Kowtow Cleave|p2a: Polteageist\n|-supereffective|p2a: Polteageist\n|-damage|p2a: Polteageist|0 fnt\n|faint|p2a: Polteageist\n|\n|-heal|p1a: Kingambit|172/270|[from] item: Leftovers\n|upkeep\n|\n|t:|1781396526\n|switch|p2a: Mudsdale|Mudsdale, L83, F|302/302\n|-activate|p2a: Mudsdale|move: Sticky Web\n|-unboost|p2a: Mudsdale|spe|1\n|turn|9\n|\n|t:|1781396536\n|-end|p1a: Kingambit|fallenundefined|[silent]\n|switch|p1a: Ariados|Ariados, L95, M|287/287 par\n|move|p2a: Mudsdale|Stealth Rock|p1a: Ariados\n|-sidestart|p1: FaultierChunk|move: Stealth Rock\n|\n|upkeep\n|turn|10\n|\n|t:|1781396541\n|move|p2a: Mudsdale|Stone Edge|p1a: Ariados\n|-supereffective|p1a: Ariados\n|-damage|p1a: Ariados|119/287 par\n|cant|p1a: Ariados|par\n|\n|upkeep\n|turn|11\n|\n|t:|1781396546\n|move|p2a: Mudsdale|Stone Edge|p1a: Ariados\n|-supereffective|p1a: Ariados\n|-damage|p1a: Ariados|0 fnt\n|faint|p1a: Ariados\n|\n|upkeep\n|\n|t:|1781396549\n|switch|p1a: Inteleon|Inteleon, L81, M|246/246\n|-damage|p1a: Inteleon|216/246|[from] Stealth Rock\n|turn|12\n|\n|t:|1781396566\n|switch|p2a: Ampharos|Ampharos, L88, F|302/302\n|-activate|p2a: Ampharos|move: Sticky Web\n|-unboost|p2a: Ampharos|spe|1\n|move|p1a: Inteleon|Scald|p2a: Ampharos\n|-damage|p2a: Ampharos|161/302\n|-status|p2a: Ampharos|brn\n|\n|-damage|p2a: Ampharos|143/302 brn|[from] brn\n|upkeep\n|turn|13\n|\n|t:|1781396585\n|switch|p1a: Porygon2|Porygon2, L81|270/270 par\n|-damage|p1a: Porygon2|237/270 par|[from] Stealth Rock\n|-ability|p1a: Porygon2|Download|boost\n|-boost|p1a: Porygon2|atk|1\n|move|p2a: Ampharos|Thunderbolt|p1a: Porygon2\n|-damage|p1a: Porygon2|138/270 par\n|-damage|p2a: Ampharos|113/302 brn|[from] item: Life Orb\n|\n|-damage|p2a: Ampharos|95/302 brn|[from] brn\n|upkeep\n|turn|14\n|\n|t:|1781396590\n|move|p2a: Ampharos|Focus Blast|p1a: Porygon2\n|-supereffective|p1a: Porygon2\n|-damage|p1a: Porygon2|0 fnt\n|faint|p1a: Porygon2\n|-damage|p2a: Ampharos|65/302 brn|[from] item: Life Orb\n|\n|-damage|p2a: Ampharos|47/302 brn|[from] brn\n|upkeep\n|\n|t:|1781396599\n|switch|p1a: Zapdos|Zapdos, L78|268/268\n|turn|15\n|\n|t:|1781396604\n|move|p1a: Zapdos|Heat Wave|p2a: Ampharos\n|-damage|p2a: Ampharos|0 fnt\n|faint|p2a: Ampharos\n|\n|upkeep\n|\n|t:|1781396612\n|switch|p2a: Magearna|Magearna, L77|250/250\n|-activate|p2a: Magearna|move: Sticky Web\n|-unboost|p2a: Magearna|spe|1\n|turn|16\n|\n|t:|1781396620\n|move|p1a: Zapdos|Discharge|p2a: Magearna\n|-damage|p2a: Magearna|171/250\n|move|p2a: Magearna|Shift Gear|p2a: Magearna\n|-boost|p2a: Magearna|spe|2\n|-boost|p2a: Magearna|atk|1\n|\n|upkeep\n|turn|17\n|\n|t:|1781396630\n|move|p2a: Magearna|Fleur Cannon|p1a: Zapdos\n|-damage|p1a: Zapdos|106/268\n|-unboost|p2a: Magearna|spa|2\n|move|p1a: Zapdos|Discharge|p2a: Magearna\n|-damage|p2a: Magearna|93/250\n|-status|p2a: Magearna|par\n|\n|upkeep\n|turn|18\n|\n|t:|1781396639\n|switch|p2a: Volbeat|Volbeat, L90, M|263/263 par\n|move|p1a: Zapdos|Roost|p1a: Zapdos\n|-heal|p1a: Zapdos|240/268\n|-singleturn|p1a: Zapdos|move: Roost\n|\n|upkeep\n|turn|19\n|\n|t:|1781396643\n|switch|p1a: Kingambit|Kingambit, L74, M|172/270\n|-damage|p1a: Kingambit|156/270|[from] Stealth Rock\n|-activate|p1a: Kingambit|ability: Supreme Overlord\n|-start|p1a: Kingambit|fallen2|[silent]\n|cant|p2a: Volbeat|par\n|\n|-heal|p1a: Kingambit|172/270|[from] item: Leftovers\n|upkeep\n|turn|20\n|\n|t:|1781396650\n|move|p1a: Kingambit|Kowtow Cleave|p2a: Volbeat\n|-damage|p2a: Volbeat|139/263 par\n|move|p2a: Volbeat|U-turn|p1a: Kingambit\n|-damage|p1a: Kingambit|109/270\n|\n|t:|1781396655\n|switch|p2a: Magearna|Magearna, L77|93/250 par|[from] U-turn\n|-activate|p2a: Magearna|move: Sticky Web\n|-unboost|p2a: Magearna|spe|1\n|\n|-heal|p1a: Kingambit|125/270|[from] item: Leftovers\n|upkeep\n|turn|21\n|\n|t:|1781396659\n|move|p1a: Kingambit|Iron Head|p2a: Magearna\n|-damage|p2a: Magearna|9/250 par\n|cant|p2a: Magearna|flinch\n|\n|-heal|p1a: Kingambit|141/270|[from] item: Leftovers\n|upkeep\n|turn|22\n|\n|t:|1781396664\n|move|p1a: Kingambit|Kowtow Cleave|p2a: Magearna\n|-resisted|p2a: Magearna\n|-damage|p2a: Magearna|0 fnt\n|faint|p2a: Magearna\n|\n|-heal|p1a: Kingambit|157/270|[from] item: Leftovers\n|upkeep\n|\n|t:|1781396666\n|switch|p2a: Mudsdale|Mudsdale, L83, F|302/302\n|-activate|p2a: Mudsdale|move: Sticky Web\n|-unboost|p2a: Mudsdale|spe|1\n|turn|23\n|\n|t:|1781396670\n|-end|p1a: Kingambit|fallen2|[silent]\n|switch|p1a: Zapdos|Zapdos, L78|240/268\n|move|p2a: Mudsdale|Stone Edge|p1a: Zapdos\n|-supereffective|p1a: Zapdos\n|-damage|p1a: Zapdos|64/268\n|\n|upkeep\n|turn|24\n|\n|t:|1781396673\n|move|p1a: Zapdos|Roost|p1a: Zapdos\n|-heal|p1a: Zapdos|198/268\n|-singleturn|p1a: Zapdos|move: Roost\n|move|p2a: Mudsdale|Stone Edge|p1a: Zapdos|[miss]\n|-miss|p2a: Mudsdale|p1a: Zapdos\n|\n|upkeep\n|turn|25\n|\n|t:|1781396678\n|move|p1a: Zapdos|Heat Wave|p2a: Mudsdale\n|-damage|p2a: Mudsdale|230/302\n|-ability|p2a: Mudsdale|Stamina|boost\n|-boost|p2a: Mudsdale|def|1\n|move|p2a: Mudsdale|Stone Edge|p1a: Zapdos\n|-supereffective|p1a: Zapdos\n|-damage|p1a: Zapdos|10/268\n|\n|-heal|p2a: Mudsdale|248/302|[from] item: Leftovers\n|upkeep\n|turn|26\n|\n|t:|1781396684\n|move|p1a: Zapdos|Hurricane|p2a: Mudsdale\n|-damage|p2a: Mudsdale|128/302\n|-start|p2a: Mudsdale|confusion\n|-ability|p2a: Mudsdale|Stamina|boost\n|-boost|p2a: Mudsdale|def|1\n|-activate|p2a: Mudsdale|confusion\n|move|p2a: Mudsdale|Earthquake|p1a: Zapdos\n|-immune|p1a: Zapdos\n|\n|-heal|p2a: Mudsdale|146/302|[from] item: Leftovers\n|upkeep\n|turn|27\n|\n|t:|1781396691\n|move|p1a: Zapdos|Roost|p1a: Zapdos\n|-heal|p1a: Zapdos|144/268\n|-singleturn|p1a: Zapdos|move: Roost\n|-activate|p2a: Mudsdale|confusion\n|move|p2a: Mudsdale|Earthquake|p1a: Zapdos\n|-supereffective|p1a: Zapdos\n|-damage|p1a: Zapdos|0 fnt\n|faint|p1a: Zapdos\n|\n|-heal|p2a: Mudsdale|164/302|[from] item: Leftovers\n|upkeep\n|\n|t:|1781396694\n|switch|p1a: Slither Wing|Slither Wing, L81|270/270\n|-damage|p1a: Slither Wing|237/270|[from] Stealth Rock\n|-enditem|p1a: Slither Wing|Booster Energy\n|-activate|p1a: Slither Wing|ability: Protosynthesis|[fromitem]\n|-start|p1a: Slither Wing|protosynthesisatk\n|turn|28\n|\n|t:|1781396703\n|move|p1a: Slither Wing|Bulk Up|p1a: Slither Wing\n|-boost|p1a: Slither Wing|atk|1\n|-boost|p1a: Slither Wing|def|1\n|-activate|p2a: Mudsdale|confusion\n|move|p2a: Mudsdale|Stone Edge|p1a: Slither Wing\n|-damage|p1a: Slither Wing|177/270\n|\n|-heal|p2a: Mudsdale|182/302|[from] item: Leftovers\n|upkeep\n|turn|29\n|\n|t:|1781396712\n|move|p1a: Slither Wing|Close Combat|p2a: Mudsdale\n|-damage|p2a: Mudsdale|44/302\n|-unboost|p1a: Slither Wing|def|1\n|-unboost|p1a: Slither Wing|spd|1\n|-ability|p2a: Mudsdale|Stamina|boost\n|-boost|p2a: Mudsdale|def|1\n|-activate|p2a: Mudsdale|confusion\n|move|p2a: Mudsdale|Heavy Slam|p1a: Slither Wing\n|-damage|p1a: Slither Wing|70/270\n|\n|-heal|p2a: Mudsdale|62/302|[from] item: Leftovers\n|upkeep\n|turn|30\n|\n|t:|1781396721\n|move|p1a: Slither Wing|Close Combat|p2a: Mudsdale\n|-damage|p2a: Mudsdale|0 fnt\n|-unboost|p1a: Slither Wing|def|1\n|-unboost|p1a: Slither Wing|spd|1\n|faint|p2a: Mudsdale\n|\n|upkeep\n|\n|t:|1781396724\n|switch|p2a: Kilowattrel|Kilowattrel, L83, M|252/252\n|turn|31\n|\n|t:|1781396733\n|move|p2a: Kilowattrel|Discharge|p1a: Slither Wing\n|-damage|p1a: Slither Wing|0 fnt\n|faint|p1a: Slither Wing\n|-end|p1a: Slither Wing|Protosynthesis|[silent]\n|\n|upkeep\n|\n|t:|1781396736\n|switch|p1a: Kingambit|Kingambit, L74, M|157/270\n|-damage|p1a: Kingambit|141/270|[from] Stealth Rock\n|-activate|p1a: Kingambit|ability: Supreme Overlord\n|-start|p1a: Kingambit|fallen4|[silent]\n|turn|32\n|\n|t:|1781396744\n|move|p2a: Kilowattrel|U-turn|p1a: Kingambit\n|-damage|p1a: Kingambit|107/270\n|\n|t:|1781396746\n|switch|p2a: Volbeat|Volbeat, L90, M|139/263 par|[from] U-turn\n|move|p1a: Kingambit|Kowtow Cleave|p2a: Volbeat\n|-damage|p2a: Volbeat|6/263 par\n|\n|-heal|p1a: Kingambit|123/270|[from] item: Leftovers\n|upkeep\n|turn|33\n|\n|t:|1781396756\n|move|p1a: Kingambit|Sucker Punch|p2a: Volbeat\n|-damage|p2a: Volbeat|0 fnt\n|faint|p2a: Volbeat\n|\n|-heal|p1a: Kingambit|139/270|[from] item: Leftovers\n|upkeep\n|\n|t:|1781396758\n|switch|p2a: Kilowattrel|Kilowattrel, L83, M|252/252\n|turn|34\n|\n|t:|1781396762\n|move|p2a: Kilowattrel|Discharge|p1a: Kingambit\n|-damage|p1a: Kingambit|40/270\n|move|p1a: Kingambit|Kowtow Cleave|p2a: Kilowattrel\n|-damage|p2a: Kilowattrel|89/252\n|\n|-heal|p1a: Kingambit|56/270|[from] item: Leftovers\n|upkeep\n|turn|35\n|\n|t:|1781396772\n|move|p2a: Kilowattrel|Roost|p2a: Kilowattrel\n|-heal|p2a: Kilowattrel|215/252\n|-singleturn|p2a: Kilowattrel|move: Roost\n|move|p1a: Kingambit|Kowtow Cleave|p2a: Kilowattrel\n|-damage|p2a: Kilowattrel|52/252\n|\n|-heal|p1a: Kingambit|72/270|[from] item: Leftovers\n|upkeep\n|turn|36\n|\n|t:|1781396777\n|move|p2a: Kilowattrel|Discharge|p1a: Kingambit\n|-damage|p1a: Kingambit|0 fnt\n|faint|p1a: Kingambit\n|-end|p1a: Kingambit|fallen4|[silent]\n|\n|upkeep\n|\n|t:|1781396779\n|switch|p1a: Inteleon|Inteleon, L81, M|216/246\n|-damage|p1a: Inteleon|186/246|[from] Stealth Rock\n|turn|37\n|\n|t:|1781396784\n|-terastallize|p2a: Kilowattrel|Steel\n|-terastallize|p1a: Inteleon|Water\n|move|p2a: Kilowattrel|Discharge|p1a: Inteleon\n|-supereffective|p1a: Inteleon\n|-damage|p1a: Inteleon|0 fnt\n|faint|p1a: Inteleon\n|\n|win|ajtehpro\n", "uploadtime": 1781396435, "views": 6, "formatid": "gen9randombattle", "rating": null, "private": 0, "password": null}