{"id": "gen9randombattle-2631742640", "format": "[Gen 9] Random Battle", "players": ["pagenfranskane", "rosymo"], "log": "|j|\u2606pagenfranskane\n|j|\u2606rosymo\n|t:|1781432266\n|gametype|singles\n|player|p1|pagenfranskane|battlegirl|1951\n|player|p2|rosymo|dawn|2039\n|gen|9\n|tier|[Gen 9] Random Battle\n|rated|\n|rule|Species Clause: Limit one of each Pok\u00e9mon\n|rule|HP Percentage Mod: HP is shown in percentages\n|rule|Sleep Clause Mod: Limit one foe put to sleep\n|rule|Illusion Level Mod: Illusion disguises the Pok\u00e9mon's true level\n|\n|t:|1781432266\n|teamsize|p1|6\n|teamsize|p2|6\n|start\n|switch|p1a: Scyther|Scyther, L82, F|249/249\n|switch|p2a: Glimmora|Glimmora, L75, F|248/248\n|turn|1\n|\n|t:|1781432293\n|move|p1a: Scyther|U-turn|p2a: Glimmora\n|-resisted|p2a: Glimmora\n|-damage|p2a: Glimmora|206/248\n|-activate|p2a: Glimmora|ability: Toxic Debris\n|-sidestart|p1: pagenfranskane|move: Toxic Spikes\n|\n|t:|1781432296\n|switch|p1a: Wyrdeer|Wyrdeer, L87, M|321/321|[from] U-turn\n|-status|p1a: Wyrdeer|psn\n|-ability|p1a: Wyrdeer|Intimidate|boost\n|-unboost|p2a: Glimmora|atk|1\n|move|p2a: Glimmora|Spikes|p1a: Wyrdeer\n|-sidestart|p1: pagenfranskane|Spikes\n|\n|-damage|p1a: Wyrdeer|281/321 psn|[from] psn\n|upkeep\n|turn|2\n|\n|t:|1781432308\n|switch|p2a: Oranguru|Oranguru, L92, F|315/315\n|move|p1a: Wyrdeer|Thunder Wave|p2a: Oranguru\n|-status|p2a: Oranguru|par\n|\n|-heal|p1a: Wyrdeer|301/321 psn|[from] item: Leftovers\n|-damage|p1a: Wyrdeer|261/321 psn|[from] psn\n|upkeep\n|turn|3\n|\n|t:|1781432312\n|move|p1a: Wyrdeer|Megahorn|p2a: Oranguru\n|-supereffective|p2a: Oranguru\n|-damage|p2a: Oranguru|143/315 par\n|cant|p2a: Oranguru|par\n|\n|-heal|p1a: Wyrdeer|281/321 psn|[from] item: Leftovers\n|-damage|p1a: Wyrdeer|241/321 psn|[from] psn\n|upkeep\n|turn|4\n|\n|t:|1781432321\n|switch|p2a: Glimmora|Glimmora, L75, F|206/248\n|move|p1a: Wyrdeer|Megahorn|p2a: Glimmora\n|-resisted|p2a: Glimmora\n|-damage|p2a: Glimmora|156/248\n|-activate|p2a: Glimmora|ability: Toxic Debris\n|-sidestart|p1: pagenfranskane|move: Toxic Spikes\n|\n|-heal|p1a: Wyrdeer|261/321 psn|[from] item: Leftovers\n|-damage|p1a: Wyrdeer|221/321 psn|[from] psn\n|upkeep\n|turn|5\n|\n|t:|1781432348\n|switch|p2a: Oranguru|Oranguru, L92, F|143/315 par\n|move|p1a: Wyrdeer|Earthquake|p2a: Oranguru\n|-damage|p2a: Oranguru|62/315 par\n|\n|-heal|p1a: Wyrdeer|241/321 psn|[from] item: Leftovers\n|-damage|p1a: Wyrdeer|201/321 psn|[from] psn\n|upkeep\n|turn|6\n|\n|t:|1781432362\n|move|p1a: Wyrdeer|Earthquake|p2a: Oranguru\n|-damage|p2a: Oranguru|0 fnt\n|faint|p2a: Oranguru\n|\n|-heal|p1a: Wyrdeer|221/321 psn|[from] item: Leftovers\n|-damage|p1a: Wyrdeer|181/321 psn|[from] psn\n|upkeep\n|\n|t:|1781432366\n|switch|p2a: Gurdurr|Gurdurr, L85, M|283/283\n|turn|7\n|\n|t:|1781432369\n|move|p1a: Wyrdeer|Psychic Noise|p2a: Gurdurr\n|-supereffective|p2a: Gurdurr\n|-damage|p2a: Gurdurr|109/283\n|-start|p2a: Gurdurr|move: Heal Block\n|move|p2a: Gurdurr|Knock Off|p1a: Wyrdeer\n|-supereffective|p1a: Wyrdeer\n|-damage|p1a: Wyrdeer|21/321 psn\n|-enditem|p1a: Wyrdeer|Leftovers|[from] move: Knock Off|[of] p2a: Gurdurr\n|\n|-damage|p1a: Wyrdeer|0 fnt|[from] psn\n|faint|p1a: Wyrdeer\n|upkeep\n|\n|t:|1781432378\n|switch|p1a: Scyther|Scyther, L82, F|249/249\n|turn|8\n|inactive|Battle timer is ON: inactive players will automatically lose when time's up. (requested by pagenfranskane)\n|\n|t:|1781432393\n|switch|p2a: Glimmora|Glimmora, L75, F|156/248\n|move|p1a: Scyther|Dual Wingbeat|p2a: Glimmora\n|-resisted|p2a: Glimmora\n|-damage|p2a: Glimmora|123/248\n|-resisted|p2a: Glimmora\n|-damage|p2a: Glimmora|87/248\n|-hitcount|p2a: Glimmora|2\n|\n|upkeep\n|turn|9\n|\n|t:|1781432405\n|move|p1a: Scyther|Close Combat|p2a: Glimmora\n|-damage|p2a: Glimmora|0 fnt\n|-unboost|p1a: Scyther|def|1\n|-unboost|p1a: Scyther|spd|1\n|faint|p2a: Glimmora\n|\n|upkeep\n|\n|t:|1781432409\n|switch|p2a: Raichu|Raichu-Alola, L87, M|246/246\n|turn|10\n|\n|t:|1781432415\n|move|p2a: Raichu|Nasty Plot|p2a: Raichu\n|-boost|p2a: Raichu|spa|2\n|move|p1a: Scyther|U-turn|p2a: Raichu\n|-supereffective|p2a: Raichu\n|-damage|p2a: Raichu|36/246\n|\n|t:|1781432423\n|switch|p1a: Rampardos|Rampardos, L90, M|321/321|[from] U-turn\n|-status|p1a: Rampardos|tox\n|-damage|p1a: Rampardos|281/321 tox|[from] Spikes\n|\n|-damage|p1a: Rampardos|261/321 tox|[from] psn\n|upkeep\n|turn|11\n|\n|t:|1781432429\n|move|p2a: Raichu|Thunderbolt|p1a: Rampardos\n|-damage|p1a: Rampardos|0 fnt\n|faint|p1a: Rampardos\n|-damage|p2a: Raichu|12/246|[from] item: Life Orb\n|\n|upkeep\n|\n|t:|1781432433\n|switch|p1a: Virizion|Virizion, L82|283/283\n|-status|p1a: Virizion|tox\n|-damage|p1a: Virizion|248/283 tox|[from] Spikes\n|turn|12\n|\n|t:|1781432437\n|move|p2a: Raichu|Psyshock|p1a: Virizion\n|-supereffective|p1a: Virizion\n|-damage|p1a: Virizion|0 fnt\n|faint|p1a: Virizion\n|-damage|p2a: Raichu|0 fnt|[from] item: Life Orb\n|faint|p2a: Raichu\n|\n|upkeep\n|\n|t:|1781432450\n|switch|p2a: Golem|Golem, L87, F|281/281\n|switch|p1a: Cinderace|Cinderace, L77, F|250/250\n|turn|13\n|\n|t:|1781432470\n|-terastallize|p1a: Cinderace|Grass\n|move|p1a: Cinderace|Will-O-Wisp|p2a: Golem\n|-status|p2a: Golem|brn\n|move|p2a: Golem|Earthquake|p1a: Cinderace\n|-resisted|p1a: Cinderace\n|-damage|p1a: Cinderace|208/250\n|\n|-damage|p2a: Golem|264/281 brn|[from] brn\n|upkeep\n|turn|14\n|\n|t:|1781432477\n|switch|p2a: Kyurem|Kyurem-Black, L71|295/295\n|-ability|p2a: Kyurem|Teravolt\n|move|p1a: Cinderace|Court Change|p1a: Cinderace\n|-swapsideconditions\n|-activate|p1a: Cinderace|move: Court Change\n|\n|upkeep\n|turn|15\n|\n|t:|1781432490\n|move|p1a: Cinderace|U-turn|p2a: Kyurem\n|-damage|p2a: Kyurem|240/295\n|\n|t:|1781432493\n|switch|p1a: Scyther|Scyther, L82, F|249/249|[from] U-turn\n|move|p2a: Kyurem|Dragon Dance|p2a: Kyurem\n|-boost|p2a: Kyurem|atk|1\n|-boost|p2a: Kyurem|spe|1\n|\n|upkeep\n|turn|16\n|\n|t:|1781432497\n|move|p2a: Kyurem|Icicle Spear|p1a: Scyther\n|-supereffective|p1a: Scyther\n|-damage|p1a: Scyther|145/249\n|-supereffective|p1a: Scyther\n|-damage|p1a: Scyther|49/249\n|-supereffective|p1a: Scyther\n|-damage|p1a: Scyther|0 fnt\n|faint|p1a: Scyther\n|-hitcount|p1: Scyther|3\n|\n|upkeep\n|\n|t:|1781432499\n|switch|p1a: Sinistcha|Sinistcha-Masterpiece, L83|254/254\n|turn|17\n|\n|t:|1781432508\n|move|p2a: Kyurem|Icicle Spear|p1a: Sinistcha\n|-supereffective|p1a: Sinistcha\n|-damage|p1a: Sinistcha|174/254\n|-supereffective|p1a: Sinistcha\n|-damage|p1a: Sinistcha|94/254\n|-supereffective|p1a: Sinistcha\n|-damage|p1a: Sinistcha|4/254\n|-supereffective|p1a: Sinistcha\n|-damage|p1a: Sinistcha|0 fnt\n|faint|p1a: Sinistcha\n|-hitcount|p1: Sinistcha|4\n|\n|upkeep\n|-message|pagenfranskane forfeited.\n|\n|win|rosymo\n|raw|pagenfranskane's rating: 1951 &rarr; <strong>1936</strong><br />(-15 for losing)\n|raw|rosymo's rating: 2039 &rarr; <strong>2054</strong><br />(+15 for winning)\n", "uploadtime": 1781432268, "views": 3, "formatid": "gen9randombattle", "rating": 1936, "private": 0, "password": null}