{"id": "gen9randombattle-2631416876", "format": "[Gen 9] Random Battle", "players": ["beanburrito1017", "HudsonStyles30"], "log": "|j|\u2606beanburrito1017\n|j|\u2606HudsonStyles30\n|t:|1781382087\n|gametype|singles\n|player|p1|beanburrito1017|102|2016\n|player|p2|HudsonStyles30|266|2067\n|gen|9\n|tier|[Gen 9] Random Battle\n|rated|\n|rule|Species Clause: Limit one of each Pok\u00e9mon\n|rule|HP Percentage Mod: HP is shown in percentages\n|rule|Sleep Clause Mod: Limit one foe put to sleep\n|rule|Illusion Level Mod: Illusion disguises the Pok\u00e9mon's true level\n|\n|t:|1781382087\n|teamsize|p1|6\n|teamsize|p2|6\n|start\n|switch|p1a: Uxie|Uxie, L83|260/260\n|switch|p2a: Donphan|Donphan, L84, F|288/288\n|turn|1\n|inactive|Battle timer is ON: inactive players will automatically lose when time's up. (requested by beanburrito1017)\n|\n|t:|1781382120\n|move|p1a: Uxie|Yawn|p2a: Donphan\n|-start|p2a: Donphan|move: Yawn|[of] p1a: Uxie\n|move|p2a: Donphan|Stealth Rock|p1a: Uxie\n|-sidestart|p1: beanburrito1017|move: Stealth Rock\n|\n|upkeep\n|turn|2\n|\n|t:|1781382138\n|switch|p2a: Copperajah|Copperajah, L86, M|349/349\n|move|p1a: Uxie|Yawn|p2a: Copperajah\n|-start|p2a: Copperajah|move: Yawn|[of] p1a: Uxie\n|\n|upkeep\n|turn|3\n|\n|t:|1781382153\n|move|p1a: Uxie|U-turn|p2a: Copperajah\n|-resisted|p2a: Copperajah\n|-damage|p2a: Copperajah|327/349\n|\n|t:|1781382161\n|switch|p1a: Perrserker|Perrserker, L89, F|269/269|[from] U-turn\n|-damage|p1a: Perrserker|253/269|[from] Stealth Rock\n|move|p2a: Copperajah|Knock Off|p1a: Perrserker\n|-damage|p1a: Perrserker|140/269\n|-enditem|p1a: Perrserker|Life Orb|[from] move: Knock Off|[of] p2a: Copperajah\n|\n|-end|p2a: Copperajah|move: Yawn|[silent]\n|-status|p2a: Copperajah|slp\n|upkeep\n|turn|4\n|\n|t:|1781382190\n|move|p1a: Perrserker|Close Combat|p2a: Copperajah\n|-supereffective|p2a: Copperajah\n|-damage|p2a: Copperajah|0 fnt\n|-unboost|p1a: Perrserker|def|1\n|-unboost|p1a: Perrserker|spd|1\n|faint|p2a: Copperajah\n|\n|upkeep\n|inactive|HudsonStyles30 has 120 seconds left.\n|\n|t:|1781382212\n|switch|p2a: Miraidon|Miraidon, L65|238/238\n|-fieldstart|move: Electric Terrain|[from] ability: Hadron Engine|[of] p2a: Miraidon\n|turn|5\n|\n|t:|1781382217\n|switch|p1a: Gastrodon|Gastrodon, L86, M|331/331\n|-damage|p1a: Gastrodon|311/331|[from] Stealth Rock\n|move|p2a: Miraidon|Electro Drift|p1a: Gastrodon\n|-immune|p1a: Gastrodon\n|\n|-heal|p1a: Gastrodon|331/331|[from] item: Leftovers\n|upkeep\n|turn|6\n|inactive|HudsonStyles30 has 120 seconds left.\n|\n|t:|1781382231\n|switch|p2a: Glaceon|Glaceon, L94, M|275/275\n|move|p1a: Gastrodon|Surf|p2a: Glaceon\n|-damage|p2a: Glaceon|190/275\n|\n|upkeep\n|turn|7\n|\n|t:|1781382238\n|switch|p1a: Perrserker|Perrserker, L89, F|140/269\n|-damage|p1a: Perrserker|124/269|[from] Stealth Rock\n|move|p2a: Glaceon|Wish|p2a: Glaceon\n|\n|upkeep\n|turn|8\n|inactive|HudsonStyles30 has 120 seconds left.\n|\n|t:|1781382257\n|switch|p2a: Donphan|Donphan, L84, F|288/288\n|move|p1a: Perrserker|Iron Head|p2a: Donphan\n|-damage|p2a: Donphan|186/288\n|\n|-heal|p2a: Donphan|288/288|[from] move: Wish|[wisher] Glaceon\n|upkeep\n|turn|9\n|inactive|HudsonStyles30 has 120 seconds left.\n|\n|t:|1781382272\n|move|p1a: Perrserker|Iron Head|p2a: Donphan\n|-damage|p2a: Donphan|177/288\n|move|p2a: Donphan|Ice Spinner|p1a: Perrserker\n|-resisted|p1a: Perrserker\n|-damage|p1a: Perrserker|96/269\n|-fieldend|move: Electric Terrain\n|\n|-heal|p2a: Donphan|195/288|[from] item: Leftovers\n|upkeep\n|turn|10\n|\n|t:|1781382278\n|move|p1a: Perrserker|Iron Head|p2a: Donphan\n|-damage|p2a: Donphan|89/288\n|move|p2a: Donphan|Earthquake|p1a: Perrserker\n|-supereffective|p1a: Perrserker\n|-damage|p1a: Perrserker|0 fnt\n|faint|p1a: Perrserker\n|\n|-heal|p2a: Donphan|107/288|[from] item: Leftovers\n|upkeep\n|\n|t:|1781382289\n|switch|p1a: Heracross|Heracross, L80, M|259/259\n|-damage|p1a: Heracross|227/259|[from] Stealth Rock\n|turn|11\n|inactive|HudsonStyles30 has 120 seconds left.\n|\n|t:|1781382312\n|switch|p2a: Comfey|Comfey, L85, M|225/225\n|move|p1a: Heracross|Trailblaze|p2a: Comfey\n|-damage|p2a: Comfey|185/225\n|-boost|p1a: Heracross|spe|1\n|\n|-heal|p2a: Comfey|199/225|[from] item: Leftovers\n|-status|p1a: Heracross|brn|[from] item: Flame Orb\n|upkeep\n|turn|12\n|inactive|HudsonStyles30 has 120 seconds left.\n|\n|t:|1781382332\n|-terastallize|p1a: Heracross|Normal\n|move|p2a: Comfey|Draining Kiss|p1a: Heracross\n|-damage|p1a: Heracross|176/259 brn\n|-heal|p2a: Comfey|225/225|[from] drain|[of] p1a: Heracross\n|move|p1a: Heracross|Facade|p2a: Comfey\n|-damage|p2a: Comfey|3/225\n|\n|-heal|p2a: Comfey|17/225|[from] item: Leftovers\n|-damage|p1a: Heracross|160/259 brn|[from] brn\n|upkeep\n|turn|13\n|inactive|HudsonStyles30 has 120 seconds left.\n|\n|t:|1781382350\n|move|p2a: Comfey|Draining Kiss|p1a: Heracross\n|-damage|p1a: Heracross|115/259 brn\n|-heal|p2a: Comfey|51/225|[from] drain|[of] p1a: Heracross\n|move|p1a: Heracross|Trailblaze|p2a: Comfey\n|-damage|p2a: Comfey|0 fnt\n|-boost|p1a: Heracross|spe|1\n|faint|p2a: Comfey\n|\n|-damage|p1a: Heracross|99/259 brn|[from] brn\n|upkeep\n|inactive|HudsonStyles30 has 90 seconds left.\n|inactive|HudsonStyles30 has 60 seconds left.\n|\n|t:|1781382431\n|switch|p2a: Glaceon|Glaceon, L94, M|190/275\n|turn|14\n|\n|t:|1781382438\n|move|p2a: Glaceon|Protect|p2a: Glaceon\n|-singleturn|p2a: Glaceon|Protect\n|move|p1a: Heracross|Close Combat|p2a: Glaceon\n|-activate|p2a: Glaceon|move: Protect\n|\n|-damage|p1a: Heracross|83/259 brn|[from] brn\n|upkeep\n|turn|15\n|\n|t:|1781382444\n|-terastallize|p2a: Glaceon|Water\n|move|p1a: Heracross|Facade|p2a: Glaceon\n|-damage|p2a: Glaceon|1/275\n|move|p2a: Glaceon|Freeze-Dry|p1a: Heracross\n|-damage|p1a: Heracross|0 fnt\n|faint|p1a: Heracross\n|\n|upkeep\n|\n|t:|1781382451\n|switch|p1a: Uxie|Uxie, L83|260/260\n|-damage|p1a: Uxie|228/260|[from] Stealth Rock\n|turn|16\n|inactive|HudsonStyles30 has 60 seconds left.\n|\n|t:|1781382468\n|move|p1a: Uxie|Psychic Noise|p2a: Glaceon\n|-damage|p2a: Glaceon|0 fnt\n|faint|p2a: Glaceon\n|\n|-heal|p1a: Uxie|244/260|[from] item: Leftovers\n|upkeep\n|\n|t:|1781382492\n|switch|p2a: Miraidon|Miraidon, L65|238/238\n|-fieldstart|move: Electric Terrain|[from] ability: Hadron Engine|[of] p2a: Miraidon\n|turn|17\n|\n|t:|1781382496\n|move|p2a: Miraidon|Calm Mind|p2a: Miraidon\n|-boost|p2a: Miraidon|spa|1\n|-boost|p2a: Miraidon|spd|1\n|move|p1a: Uxie|U-turn|p2a: Miraidon\n|-damage|p2a: Miraidon|192/238\n|\n|t:|1781382502\n|switch|p1a: Gastrodon|Gastrodon, L86, M|331/331|[from] U-turn\n|-damage|p1a: Gastrodon|311/331|[from] Stealth Rock\n|\n|-heal|p1a: Gastrodon|331/331|[from] item: Leftovers\n|upkeep\n|turn|18\n|\n|t:|1781382531\n|switch|p2a: Sawsbuck|Sawsbuck-Winter, L88, M|284/284\n|move|p1a: Gastrodon|Earthquake|p2a: Sawsbuck\n|-resisted|p2a: Sawsbuck\n|-damage|p2a: Sawsbuck|230/284\n|\n|upkeep\n|turn|19\n|\n|t:|1781382539\n|switch|p1a: Charizard|Charizard, L85, F|271/271\n|move|p2a: Sawsbuck|Swords Dance|p2a: Sawsbuck\n|-boost|p2a: Sawsbuck|atk|2\n|\n|upkeep\n|turn|20\n|\n|t:|1781382560\n|switch|p2a: Donphan|Donphan, L84, F|107/288\n|move|p1a: Charizard|Flare Blitz|p2a: Donphan\n|-damage|p2a: Donphan|16/288\n|-damage|p1a: Charizard|241/271|[from] Recoil\n|\n|-heal|p2a: Donphan|34/288|[from] item: Leftovers\n|upkeep\n|turn|21\n|\n|t:|1781382572\n|move|p1a: Charizard|Swords Dance|p1a: Charizard\n|-boost|p1a: Charizard|atk|2\n|move|p2a: Donphan|Rapid Spin|p1a: Charizard\n|-damage|p1a: Charizard|192/271\n|-boost|p2a: Donphan|spe|1\n|\n|-heal|p2a: Donphan|52/288|[from] item: Leftovers\n|-fieldend|move: Electric Terrain\n|upkeep\n|turn|22\n|\n|t:|1781382578\n|move|p1a: Charizard|Flare Blitz|p2a: Donphan\n|-damage|p2a: Donphan|0 fnt\n|faint|p2a: Donphan\n|-damage|p1a: Charizard|175/271|[from] Recoil\n|\n|upkeep\n|\n|t:|1781382580\n|switch|p2a: Miraidon|Miraidon, L65|192/238\n|-fieldstart|move: Electric Terrain|[from] ability: Hadron Engine|[of] p2a: Miraidon\n|turn|23\n|\n|t:|1781382584\n|move|p1a: Charizard|Earthquake|p2a: Miraidon\n|-supereffective|p2a: Miraidon\n|-damage|p2a: Miraidon|0 fnt\n|faint|p2a: Miraidon\n|\n|upkeep\n|-message|HudsonStyles30 forfeited.\n|\n|win|beanburrito1017\n", "uploadtime": 1781382088, "views": 9, "formatid": "gen9randombattle", "rating": null, "private": 0, "password": null}