{"id": "gen9randombattle-2631569909", "format": "[Gen 9] Random Battle", "players": ["Strokefish", "angsi"], "log": "|j|\u2606Strokefish\n|j|\u2606angsi\n|t:|1781402697\n|gametype|singles\n|player|p1|Strokefish|170|1974\n|player|p2|angsi|1|1948\n|gen|9\n|tier|[Gen 9] Random Battle\n|rated|\n|rule|Species Clause: Limit one of each Pok\u00e9mon\n|rule|HP Percentage Mod: HP is shown in percentages\n|rule|Sleep Clause Mod: Limit one foe put to sleep\n|rule|Illusion Level Mod: Illusion disguises the Pok\u00e9mon's true level\n|\n|t:|1781402697\n|teamsize|p1|6\n|teamsize|p2|6\n|start\n|switch|p1a: Gurdurr|Gurdurr, L85, F|283/283\n|switch|p2a: Alcremie|Alcremie-Lemon-Cream, L90, F|263/263\n|turn|1\n|inactive|Battle timer is ON: inactive players will automatically lose when time's up. (requested by angsi)\n|\n|t:|1781402735\n|switch|p1a: Wigglytuff|Wigglytuff, L96, M|424/424\n|move|p2a: Alcremie|Calm Mind|p2a: Alcremie\n|-boost|p2a: Alcremie|spa|1\n|-boost|p2a: Alcremie|spd|1\n|\n|upkeep\n|turn|2\n|\n|t:|1781402743\n|move|p2a: Alcremie|Alluring Voice|p1a: Wigglytuff\n|-crit|p1a: Wigglytuff\n|-damage|p1a: Wigglytuff|133/424\n|move|p1a: Wigglytuff|Thunder Wave|p2a: Alcremie|[miss]\n|-miss|p1a: Wigglytuff|p2a: Alcremie\n|\n|-heal|p1a: Wigglytuff|159/424|[from] item: Leftovers\n|upkeep\n|turn|3\n|\n|t:|1781402748\n|move|p2a: Alcremie|Alluring Voice|p1a: Wigglytuff\n|-damage|p1a: Wigglytuff|0 fnt\n|faint|p1a: Wigglytuff\n|\n|upkeep\n|\n|t:|1781402754\n|switch|p1a: Glastrier|Glastrier, L86|311/311\n|turn|4\n|\n|t:|1781402759\n|switch|p2a: Toxicroak|Toxicroak, L84, M|277/277\n|move|p1a: Glastrier|Heavy Slam|p2a: Toxicroak\n|-crit|p2a: Toxicroak\n|-damage|p2a: Toxicroak|0 fnt\n|faint|p2a: Toxicroak\n|-ability|p1a: Glastrier|Chilling Neigh|boost\n|-boost|p1a: Glastrier|atk|1\n|\n|upkeep\n|\n|t:|1781402772\n|switch|p2a: Deoxys|Deoxys-Attack, L72|191/191\n|-ability|p2a: Deoxys|Pressure\n|turn|5\n|\n|t:|1781402781\n|-terastallize|p1a: Glastrier|Ground\n|move|p2a: Deoxys|Knock Off|p1a: Glastrier\n|-damage|p1a: Glastrier|228/311\n|-enditem|p1a: Glastrier|Choice Band|[from] move: Knock Off|[of] p2a: Deoxys\n|-damage|p2a: Deoxys|172/191|[from] item: Life Orb\n|move|p1a: Glastrier|Heavy Slam|p2a: Deoxys\n|-damage|p2a: Deoxys|0 fnt\n|faint|p2a: Deoxys\n|-ability|p1a: Glastrier|Chilling Neigh|boost\n|-boost|p1a: Glastrier|atk|1\n|\n|upkeep\n|\n|t:|1781402783\n|switch|p2a: Zarude|Zarude-Dada, L77|288/288\n|turn|6\n|\n|t:|1781402789\n|switch|p1a: Gurdurr|Gurdurr, L85, F|283/283\n|move|p2a: Zarude|Power Whip|p1a: Gurdurr\n|-damage|p1a: Gurdurr|193/283\n|\n|upkeep\n|turn|7\n|\n|t:|1781402796\n|switch|p2a: Ribombee|Ribombee, L83, F|235/235\n|switch|p1a: Glastrier|Glastrier, L86, tera:Ground|228/311\n|\n|upkeep\n|turn|8\n|\n|t:|1781402801\n|move|p2a: Ribombee|Moonblast|p1a: Glastrier\n|-damage|p1a: Glastrier|143/311\n|-unboost|p1a: Glastrier|spa|1\n|move|p1a: Glastrier|Heavy Slam|p2a: Ribombee\n|-supereffective|p2a: Ribombee\n|-damage|p2a: Ribombee|0 fnt\n|faint|p2a: Ribombee\n|-ability|p1a: Glastrier|Chilling Neigh|boost\n|-boost|p1a: Glastrier|atk|1\n|\n|upkeep\n|\n|t:|1781402804\n|switch|p2a: Zarude|Zarude-Dada, L77|288/288\n|turn|9\n|\n|t:|1781402808\n|switch|p1a: Gurdurr|Gurdurr, L85, F|193/283\n|move|p2a: Zarude|Power Whip|p1a: Gurdurr\n|-damage|p1a: Gurdurr|112/283\n|\n|upkeep\n|turn|10\n|\n|t:|1781402811\n|move|p2a: Zarude|Power Whip|p1a: Gurdurr|[miss]\n|-miss|p2a: Zarude|p1a: Gurdurr\n|move|p1a: Gurdurr|Knock Off|p2a: Zarude\n|-resisted|p2a: Zarude\n|-damage|p2a: Zarude|252/288\n|-enditem|p2a: Zarude|Choice Scarf|[from] move: Knock Off|[of] p1a: Gurdurr\n|\n|upkeep\n|turn|11\n|\n|t:|1781402813\n|move|p2a: Zarude|U-turn|p1a: Gurdurr\n|-resisted|p1a: Gurdurr\n|-damage|p1a: Gurdurr|96/283\n|\n|t:|1781402815\n|switch|p2a: Alcremie|Alcremie-Lemon-Cream, L90, F|263/263|[from] U-turn\n|move|p1a: Gurdurr|Drain Punch|p2a: Alcremie\n|-resisted|p2a: Alcremie\n|-damage|p2a: Alcremie|217/263\n|-heal|p1a: Gurdurr|119/283|[from] drain|[of] p2a: Alcremie\n|\n|-heal|p2a: Alcremie|233/263|[from] item: Leftovers\n|upkeep\n|turn|12\n|\n|t:|1781402824\n|switch|p1a: Chimecho|Chimecho, L93, M|290/290\n|move|p2a: Alcremie|Calm Mind|p2a: Alcremie\n|-boost|p2a: Alcremie|spa|1\n|-boost|p2a: Alcremie|spd|1\n|\n|-heal|p2a: Alcremie|249/263|[from] item: Leftovers\n|upkeep\n|turn|13\n|\n|t:|1781402828\n|move|p1a: Chimecho|Cosmic Power|p1a: Chimecho\n|-boost|p1a: Chimecho|def|1\n|-boost|p1a: Chimecho|spd|1\n|move|p2a: Alcremie|Calm Mind|p2a: Alcremie\n|-boost|p2a: Alcremie|spa|1\n|-boost|p2a: Alcremie|spd|1\n|\n|-heal|p2a: Alcremie|263/263|[from] item: Leftovers\n|upkeep\n|turn|14\n|\n|t:|1781402830\n|move|p1a: Chimecho|Cosmic Power|p1a: Chimecho\n|-boost|p1a: Chimecho|def|1\n|-boost|p1a: Chimecho|spd|1\n|move|p2a: Alcremie|Alluring Voice|p1a: Chimecho\n|-damage|p1a: Chimecho|200/290\n|-start|p1a: Chimecho|confusion\n|\n|-heal|p1a: Chimecho|218/290|[from] item: Leftovers\n|upkeep\n|turn|15\n|\n|t:|1781402833\n|-activate|p1a: Chimecho|confusion\n|-damage|p1a: Chimecho|210/290|[from] confusion\n|move|p2a: Alcremie|Calm Mind|p2a: Alcremie\n|-boost|p2a: Alcremie|spa|1\n|-boost|p2a: Alcremie|spd|1\n|\n|-heal|p1a: Chimecho|228/290|[from] item: Leftovers\n|upkeep\n|turn|16\n|\n|t:|1781402836\n|-end|p1a: Chimecho|confusion\n|move|p1a: Chimecho|Cosmic Power|p1a: Chimecho\n|-boost|p1a: Chimecho|def|1\n|-boost|p1a: Chimecho|spd|1\n|move|p2a: Alcremie|Alluring Voice|p1a: Chimecho\n|-damage|p1a: Chimecho|131/290\n|-start|p1a: Chimecho|confusion\n|\n|-heal|p1a: Chimecho|149/290|[from] item: Leftovers\n|upkeep\n|turn|17\n|\n|t:|1781402839\n|-activate|p1a: Chimecho|confusion\n|-damage|p1a: Chimecho|142/290|[from] confusion\n|move|p2a: Alcremie|Alluring Voice|p1a: Chimecho\n|-damage|p1a: Chimecho|45/290\n|\n|-heal|p1a: Chimecho|63/290|[from] item: Leftovers\n|upkeep\n|turn|18\n|\n|t:|1781402842\n|-end|p1a: Chimecho|confusion\n|move|p1a: Chimecho|Recover|p1a: Chimecho\n|-heal|p1a: Chimecho|208/290\n|move|p2a: Alcremie|Alluring Voice|p1a: Chimecho\n|-damage|p1a: Chimecho|111/290\n|\n|-heal|p1a: Chimecho|129/290|[from] item: Leftovers\n|upkeep\n|turn|19\n|\n|t:|1781402844\n|move|p1a: Chimecho|Recover|p1a: Chimecho\n|-heal|p1a: Chimecho|274/290\n|move|p2a: Alcremie|Alluring Voice|p1a: Chimecho\n|-damage|p1a: Chimecho|180/290\n|\n|-heal|p1a: Chimecho|198/290|[from] item: Leftovers\n|upkeep\n|turn|20\n|\n|t:|1781402848\n|move|p1a: Chimecho|Stored Power|p2a: Alcremie\n|-damage|p2a: Alcremie|206/263\n|move|p2a: Alcremie|Calm Mind|p2a: Alcremie\n|-boost|p2a: Alcremie|spa|1\n|-boost|p2a: Alcremie|spd|1\n|\n|-heal|p1a: Chimecho|216/290|[from] item: Leftovers\n|-heal|p2a: Alcremie|222/263|[from] item: Leftovers\n|upkeep\n|turn|21\n|\n|t:|1781402850\n|move|p1a: Chimecho|Cosmic Power|p1a: Chimecho\n|-boost|p1a: Chimecho|def|1\n|-boost|p1a: Chimecho|spd|1\n|move|p2a: Alcremie|Calm Mind|p2a: Alcremie\n|-boost|p2a: Alcremie|spa|1\n|-boost|p2a: Alcremie|spd|1\n|\n|-heal|p1a: Chimecho|234/290|[from] item: Leftovers\n|-heal|p2a: Alcremie|238/263|[from] item: Leftovers\n|upkeep\n|turn|22\n|\n|t:|1781402852\n|move|p1a: Chimecho|Cosmic Power|p1a: Chimecho\n|-boost|p1a: Chimecho|def|1\n|-boost|p1a: Chimecho|spd|1\n|move|p2a: Alcremie|Calm Mind|p2a: Alcremie\n|-boost|p2a: Alcremie|spa|1\n|-boost|p2a: Alcremie|spd|1\n|\n|-heal|p1a: Chimecho|252/290|[from] item: Leftovers\n|-heal|p2a: Alcremie|254/263|[from] item: Leftovers\n|upkeep\n|turn|23\n|\n|t:|1781402855\n|move|p1a: Chimecho|Stored Power|p2a: Alcremie\n|-crit|p2a: Alcremie\n|-damage|p2a: Alcremie|0 fnt\n|faint|p2a: Alcremie\n|\n|-heal|p1a: Chimecho|270/290|[from] item: Leftovers\n|upkeep\n|\n|t:|1781402858\n|switch|p2a: Zarude|Zarude-Dada, L77|252/288\n|turn|24\n|-message|angsi forfeited.\n|\n|win|Strokefish\n", "uploadtime": 1781402699, "views": 3, "formatid": "gen9randombattle", "rating": null, "private": 0, "password": null}