{"id": "gen9randombattle-2631410425", "format": "[Gen 9] Random Battle", "players": ["qiuescent", "Sel2a707"], "log": "|j|\u203dqiuescent\n|j|\u2606Sel2a707\n|t:|1781381307\n|gametype|singles\n|player|p1|qiuescent|265|2219\n|player|p2|Sel2a707|youngster-gen4dp|2146\n|gen|9\n|tier|[Gen 9] Random Battle\n|rated|\n|rule|Species Clause: Limit one of each Pok\u00e9mon\n|rule|HP Percentage Mod: HP is shown in percentages\n|rule|Sleep Clause Mod: Limit one foe put to sleep\n|rule|Illusion Level Mod: Illusion disguises the Pok\u00e9mon's true level\n|\n|t:|1781381307\n|teamsize|p1|6\n|teamsize|p2|6\n|start\n|switch|p1a: Skarmory|Skarmory, L80, F|235/235\n|switch|p2a: Dragapult|Dragapult, L77, F|262/262\n|turn|1\n|inactive|Battle timer is ON: inactive players will automatically lose when time's up. (requested by Sel2a707)\n|\n|t:|1781381318\n|switch|p1a: Swalot|Swalot, L90, M|326/326\n|move|p2a: Dragapult|U-turn|p1a: Swalot\n|-resisted|p1a: Swalot\n|-damage|p1a: Swalot|300/326\n|\n|t:|1781381342\n|switch|p2a: Palossand|Palossand, L89, M|296/296|[from] U-turn\n|\n|-heal|p1a: Swalot|320/326|[from] item: Leftovers\n|upkeep\n|turn|2\n|\n|t:|1781381362\n|switch|p1a: Golurk|Golurk, L87|297/297\n|move|p2a: Palossand|Earth Power|p1a: Golurk\n|-damage|p1a: Golurk|182/297\n|\n|upkeep\n|turn|3\n|\n|t:|1781381374\n|switch|p2a: Pyroar|Pyroar, L88, M|295/295\n|-ability|p2a: Pyroar|Unnerve\n|move|p1a: Golurk|Poltergeist|p2a: Pyroar\n|-immune|p2a: Pyroar\n|\n|upkeep\n|turn|4\n|\n|t:|1781381384\n|move|p2a: Pyroar|Fire Blast|p1a: Golurk\n|-damage|p1a: Golurk|35/297\n|move|p1a: Golurk|Earthquake|p2a: Pyroar\n|-supereffective|p2a: Pyroar\n|-damage|p2a: Pyroar|0 fnt\n|faint|p2a: Pyroar\n|-damage|p1a: Golurk|6/297|[from] item: Life Orb\n|\n|upkeep\n|inactive|Sel2a707 has 120 seconds left.\n|\n|t:|1781381415\n|switch|p2a: Dragapult|Dragapult, L77, F|262/262\n|turn|5\n|inactive|Sel2a707 has 120 seconds left.\n|\n|t:|1781381424\n|switch|p1a: Slaking|Slaking, L84, F|389/389\n|move|p2a: Dragapult|U-turn|p1a: Slaking\n|-damage|p1a: Slaking|341/389\n|inactive|Sel2a707 has 120 seconds left.\n|\n|t:|1781381437\n|switch|p2a: Palossand|Palossand, L89, M|296/296|[from] U-turn\n|\n|upkeep\n|turn|6\n|inactive|Sel2a707 has 120 seconds left.\n|\n|t:|1781381447\n|move|p1a: Slaking|Knock Off|p2a: Palossand\n|-supereffective|p2a: Palossand\n|-damage|p2a: Palossand|120/296\n|-enditem|p2a: Palossand|Leftovers|[from] move: Knock Off|[of] p1a: Slaking\n|move|p2a: Palossand|Earth Power|p1a: Slaking\n|-damage|p1a: Slaking|206/389\n|\n|upkeep\n|turn|7\n|\n|t:|1781381458\n|switch|p1a: Scyther|Scyther, L82, M|249/249\n|move|p2a: Palossand|Shore Up|p2a: Palossand\n|-heal|p2a: Palossand|268/296\n|\n|upkeep\n|turn|8\n|\n|t:|1781381467\n|move|p1a: Scyther|Swords Dance|p1a: Scyther\n|-boost|p1a: Scyther|atk|2\n|move|p2a: Palossand|Sludge Bomb|p1a: Scyther\n|-damage|p1a: Scyther|172/249\n|\n|upkeep\n|turn|9\n|\n|t:|1781381476\n|move|p1a: Scyther|Dual Wingbeat|p2a: Palossand\n|-damage|p2a: Palossand|159/296\n|-damage|p2a: Palossand|44/296\n|-hitcount|p2a: Palossand|2\n|move|p2a: Palossand|Shadow Ball|p1a: Scyther\n|-damage|p1a: Scyther|60/249\n|\n|upkeep\n|turn|10\n|\n|t:|1781381485\n|move|p1a: Scyther|Bug Bite|p2a: Palossand\n|-resisted|p2a: Palossand\n|-damage|p2a: Palossand|0 fnt\n|faint|p2a: Palossand\n|\n|upkeep\n|\n|t:|1781381497\n|switch|p2a: Emboar|Emboar, L84, F|322/322\n|turn|11\n|\n|t:|1781381504\n|move|p2a: Emboar|Flare Blitz|p1a: Scyther\n|-supereffective|p1a: Scyther\n|-damage|p1a: Scyther|0 fnt\n|faint|p1a: Scyther\n|-damage|p2a: Emboar|302/322|[from] Recoil\n|\n|upkeep\n|\n|t:|1781381511\n|switch|p1a: Slaking|Slaking, L84, F|206/389\n|turn|12\n|\n|t:|1781381520\n|switch|p2a: Dragapult|Dragapult, L77, F|262/262\n|move|p1a: Slaking|Earthquake|p2a: Dragapult\n|-damage|p2a: Dragapult|132/262\n|\n|upkeep\n|turn|13\n|\n|t:|1781381532\n|switch|p1a: Golurk|Golurk, L87|6/297\n|move|p2a: Dragapult|U-turn|p1a: Golurk\n|-resisted|p1a: Golurk\n|-damage|p1a: Golurk|0 fnt\n|faint|p1a: Golurk\n|\n|t:|1781381545\n|switch|p2a: Emboar|Emboar, L84, F|302/322|[from] U-turn\n|\n|upkeep\n|\n|t:|1781381547\n|switch|p1a: Slaking|Slaking, L84, F|206/389\n|turn|14\n|\n|t:|1781381561\n|move|p1a: Slaking|Earthquake|p2a: Emboar\n|-supereffective|p2a: Emboar\n|-damage|p2a: Emboar|60/322\n|move|p2a: Emboar|Flare Blitz|p1a: Slaking\n|-damage|p1a: Slaking|32/389\n|-damage|p2a: Emboar|3/322|[from] Recoil\n|\n|upkeep\n|turn|15\n|\n|t:|1781381570\n|switch|p2a: Hydrapple|Hydrapple, L83, M|312/312\n|cant|p1a: Slaking|ability: Truant\n|\n|upkeep\n|turn|16\n|\n|t:|1781381578\n|switch|p1a: Swalot|Swalot, L90, M|320/326\n|move|p2a: Hydrapple|Dragon Tail|p1a: Swalot\n|-damage|p1a: Swalot|263/326\n|drag|p1a: Slaking|Slaking, L84, F|32/389\n|\n|upkeep\n|turn|17\n|\n|t:|1781381590\n|move|p1a: Slaking|Knock Off|p2a: Hydrapple\n|-damage|p2a: Hydrapple|218/312\n|-enditem|p2a: Hydrapple|Assault Vest|[from] move: Knock Off|[of] p1a: Slaking\n|move|p2a: Hydrapple|Fickle Beam|p1a: Slaking|[anim] Fickle Beam All Out\n|-activate|p2a: Hydrapple|move: Fickle Beam\n|-crit|p1a: Slaking\n|-damage|p1a: Slaking|0 fnt\n|faint|p1a: Slaking\n|\n|upkeep\n|\n|t:|1781381599\n|switch|p1a: Swalot|Swalot, L90, M|263/326\n|turn|18\n|\n|t:|1781381608\n|move|p1a: Swalot|Sludge Bomb|p2a: Hydrapple\n|-supereffective|p2a: Hydrapple\n|-damage|p2a: Hydrapple|38/312\n|move|p2a: Hydrapple|Earth Power|p1a: Swalot\n|-supereffective|p1a: Swalot\n|-damage|p1a: Swalot|123/326\n|\n|-heal|p1a: Swalot|143/326|[from] item: Leftovers\n|upkeep\n|turn|19\n|\n|t:|1781381618\n|move|p1a: Swalot|Sludge Bomb|p2a: Hydrapple\n|-supereffective|p2a: Hydrapple\n|-damage|p2a: Hydrapple|0 fnt\n|faint|p2a: Hydrapple\n|\n|-heal|p1a: Swalot|163/326|[from] item: Leftovers\n|upkeep\n|\n|t:|1781381627\n|switch|p2a: Emboar|Emboar, L84, F|3/322\n|turn|20\n|\n|t:|1781381632\n|move|p1a: Swalot|Protect|p1a: Swalot\n|-singleturn|p1a: Swalot|Protect\n|move|p2a: Emboar|Flare Blitz|p1a: Swalot\n|-activate|p1a: Swalot|move: Protect\n|\n|-heal|p1a: Swalot|183/326|[from] item: Leftovers\n|upkeep\n|turn|21\n|\n|t:|1781381640\n|move|p2a: Emboar|Flare Blitz|p1a: Swalot\n|-damage|p1a: Swalot|6/326\n|-damage|p2a: Emboar|0 fnt|[from] Recoil\n|faint|p2a: Emboar\n|move|p1a: Swalot|Earthquake|p2: Emboar|[notarget]\n|-fail|p1a: Swalot\n|\n|-heal|p1a: Swalot|26/326|[from] item: Leftovers\n|upkeep\n|\n|t:|1781381651\n|switch|p2a: Dragapult|Dragapult, L77, F|132/262\n|turn|22\n|\n|t:|1781381656\n|move|p1a: Swalot|Protect|p1a: Swalot\n|-singleturn|p1a: Swalot|Protect\n|move|p2a: Dragapult|Shadow Ball|p1a: Swalot\n|-activate|p1a: Swalot|move: Protect\n|\n|-heal|p1a: Swalot|46/326|[from] item: Leftovers\n|upkeep\n|turn|23\n|\n|t:|1781381664\n|move|p2a: Dragapult|Shadow Ball|p1a: Swalot\n|-damage|p1a: Swalot|0 fnt\n|faint|p1a: Swalot\n|\n|upkeep\n|\n|t:|1781381666\n|switch|p1a: Sandy Shocks|Sandy Shocks, L80|267/267\n|turn|24\n|\n|t:|1781381680\n|move|p2a: Dragapult|Shadow Ball|p1a: Sandy Shocks\n|-damage|p1a: Sandy Shocks|144/267\n|move|p1a: Sandy Shocks|Earth Power|p2a: Dragapult\n|-damage|p2a: Dragapult|9/262\n|-unboost|p2a: Dragapult|spd|1\n|\n|upkeep\n|turn|25\n|\n|t:|1781381689\n|-terastallize|p2a: Dragapult|Ghost\n|move|p2a: Dragapult|Shadow Ball|p1a: Sandy Shocks\n|-damage|p1a: Sandy Shocks|0 fnt\n|faint|p1a: Sandy Shocks\n|-end|p1a: Sandy Shocks|Protosynthesis|[silent]\n|\n|upkeep\n|\n|t:|1781381691\n|switch|p1a: Skarmory|Skarmory, L80, F|235/235\n|turn|26\n|\n|t:|1781381698\n|move|p2a: Dragapult|Shadow Ball|p1a: Skarmory\n|-damage|p1a: Skarmory|67/235\n|move|p1a: Skarmory|Brave Bird|p2a: Dragapult\n|-damage|p2a: Dragapult|0 fnt\n|faint|p2a: Dragapult\n|-damage|p1a: Skarmory|64/235|[from] Recoil\n|\n|-heal|p1a: Skarmory|78/235|[from] item: Leftovers\n|upkeep\n|\n|t:|1781381709\n|switch|p2a: Gardevoir|Gardevoir, L83, F|249/249\n|-ability|p2a: Gardevoir|Sturdy|Trace|[from] ability: Trace|[of] p1a: Skarmory\n|turn|27\n|\n|t:|1781381717\n|move|p2a: Gardevoir|Focus Blast|p1a: Skarmory|[miss]\n|-miss|p2a: Gardevoir|p1a: Skarmory\n|move|p1a: Skarmory|Brave Bird|p2a: Gardevoir\n|-damage|p2a: Gardevoir|116/249\n|-damage|p1a: Skarmory|34/235|[from] Recoil\n|\n|-heal|p1a: Skarmory|48/235|[from] item: Leftovers\n|upkeep\n|turn|28\n|\n|t:|1781381728\n|move|p2a: Gardevoir|Moonblast|p1a: Skarmory\n|-resisted|p1a: Skarmory\n|-damage|p1a: Skarmory|0 fnt\n|faint|p1a: Skarmory\n|-damage|p2a: Gardevoir|92/249|[from] item: Life Orb\n|\n|win|Sel2a707\n", "uploadtime": 1781381309, "views": 10, "formatid": "gen9randombattle", "rating": null, "private": 0, "password": null}