{"id": "gen9randombattle-2631511049", "format": "[Gen 9] Random Battle", "players": ["JhuniorCq", "SR-Cue"], "log": "|j|\u2606JhuniorCq\n|j|\u2606SR-Cue\n|t:|1781394497\n|gametype|singles\n|player|p1|JhuniorCq|2|1993\n|player|p2|SR-Cue|102|1957\n|gen|9\n|tier|[Gen 9] Random Battle\n|rated|\n|rule|Species Clause: Limit one of each Pok\u00e9mon\n|rule|HP Percentage Mod: HP is shown in percentages\n|rule|Sleep Clause Mod: Limit one foe put to sleep\n|rule|Illusion Level Mod: Illusion disguises the Pok\u00e9mon's true level\n|\n|t:|1781394497\n|teamsize|p1|6\n|teamsize|p2|6\n|start\n|switch|p1a: Mismagius|Mismagius, L86, F|243/243\n|switch|p2a: Electivire|Electivire, L84, F|263/263\n|turn|1\n|inactive|Battle timer is ON: inactive players will automatically lose when time's up. (requested by SR-Cue)\n|\n|t:|1781394521\n|switch|p1a: Rotom|Rotom, L88|231/231\n|move|p2a: Electivire|Supercell Slam|p1a: Rotom\n|-resisted|p1a: Rotom\n|-damage|p1a: Rotom|137/231\n|-damage|p2a: Electivire|237/263|[from] item: Life Orb\n|\n|upkeep\n|turn|2\n|\n|t:|1781394534\n|switch|p2a: Ampharos|Ampharos, L88, M|302/302\n|move|p1a: Rotom|Will-O-Wisp|p2a: Ampharos\n|-status|p2a: Ampharos|brn\n|\n|-damage|p2a: Ampharos|284/302 brn|[from] brn\n|upkeep\n|turn|3\n|inactive|JhuniorCq has 120 seconds left.\n|\n|t:|1781394594\n|move|p1a: Rotom|Shadow Ball|p2a: Ampharos\n|-crit|p2a: Ampharos\n|-damage|p2a: Ampharos|171/302 brn\n|-damage|p1a: Rotom|114/231|[from] item: Life Orb\n|move|p2a: Ampharos|Volt Switch|p1a: Rotom\n|-resisted|p1a: Rotom\n|-damage|p1a: Rotom|66/231\n|\n|t:|1781394605\n|switch|p2a: Electivire|Electivire, L84, F|237/263|[from] Volt Switch\n|\n|upkeep\n|turn|4\n|\n|t:|1781394609\n|switch|p2a: Ampharos|Ampharos, L88, M|171/302 brn\n|move|p1a: Rotom|Will-O-Wisp|p2a: Ampharos\n|-fail|p2a: Ampharos|brn\n|\n|-damage|p2a: Ampharos|153/302 brn|[from] brn\n|upkeep\n|turn|5\n|\n|t:|1781394619\n|move|p1a: Rotom|Shadow Ball|p2a: Ampharos\n|-damage|p2a: Ampharos|83/302 brn\n|-damage|p1a: Rotom|43/231|[from] item: Life Orb\n|move|p2a: Ampharos|Discharge|p1a: Rotom\n|-resisted|p1a: Rotom\n|-damage|p1a: Rotom|0 fnt\n|faint|p1a: Rotom\n|\n|-damage|p2a: Ampharos|65/302 brn|[from] brn\n|upkeep\n|inactive|JhuniorCq has 120 seconds left.\n|\n|t:|1781394630\n|switch|p1a: Azelf|Azelf, L82|257/257\n|turn|6\n|\n|t:|1781394634\n|move|p1a: Azelf|Psychic|p2a: Ampharos\n|-damage|p2a: Ampharos|0 fnt\n|faint|p2a: Ampharos\n|\n|upkeep\n|\n|t:|1781394644\n|switch|p2a: Metagross|Metagross, L79|256/256\n|turn|7\n|\n|t:|1781394662\n|move|p1a: Azelf|Fire Blast|p2a: Metagross\n|-supereffective|p2a: Metagross\n|-damage|p2a: Metagross|68/256\n|-status|p2a: Metagross|brn\n|move|p2a: Metagross|Knock Off|p1a: Azelf\n|-supereffective|p1a: Azelf\n|-damage|p1a: Azelf|110/257\n|-enditem|p1a: Azelf|Leftovers|[from] move: Knock Off|[of] p2a: Metagross\n|\n|-damage|p2a: Metagross|52/256 brn|[from] brn\n|upkeep\n|turn|8\n|\n|t:|1781394673\n|move|p1a: Azelf|Stealth Rock|p2a: Metagross\n|-sidestart|p2: SR-Cue|move: Stealth Rock\n|move|p2a: Metagross|Knock Off|p1a: Azelf\n|-supereffective|p1a: Azelf\n|-damage|p1a: Azelf|9/257\n|\n|-damage|p2a: Metagross|36/256 brn|[from] brn\n|upkeep\n|turn|9\n|\n|t:|1781394683\n|move|p1a: Azelf|Fire Blast|p2a: Metagross\n|-supereffective|p2a: Metagross\n|-damage|p2a: Metagross|0 fnt\n|faint|p2a: Metagross\n|\n|upkeep\n|\n|t:|1781394694\n|switch|p2a: Politoed|Politoed, L88, M|302/302\n|-damage|p2a: Politoed|265/302|[from] Stealth Rock\n|-weather|RainDance|[from] ability: Drizzle|[of] p2a: Politoed\n|turn|10\n|\n|t:|1781394700\n|move|p1a: Azelf|Psychic|p2a: Politoed\n|-damage|p2a: Politoed|169/302\n|move|p2a: Politoed|Weather Ball|p1a: Azelf\n|-damage|p1a: Azelf|0 fnt\n|faint|p1a: Azelf\n|\n|-weather|RainDance|[upkeep]\n|upkeep\n|\n|t:|1781394704\n|switch|p1a: Zarude|Zarude, L77|288/288\n|turn|11\n|\n|t:|1781394712\n|switch|p2a: Chesnaught|Chesnaught, L84, M|285/285\n|-damage|p2a: Chesnaught|268/285|[from] Stealth Rock\n|move|p1a: Zarude|Power Whip|p2a: Chesnaught\n|-resisted|p2a: Chesnaught\n|-crit|p2a: Chesnaught\n|-damage|p2a: Chesnaught|192/285\n|\n|-weather|RainDance|[upkeep]\n|-heal|p2a: Chesnaught|209/285|[from] item: Leftovers\n|upkeep\n|turn|12\n|\n|t:|1781394726\n|switch|p1a: Scovillain|Scovillain, L91, F|266/266\n|move|p2a: Chesnaught|Trailblaze|p1a: Scovillain\n|-resisted|p1a: Scovillain\n|-damage|p1a: Scovillain|248/266\n|-boost|p2a: Chesnaught|spe|1\n|\n|-weather|RainDance|[upkeep]\n|-heal|p2a: Chesnaught|226/285|[from] item: Leftovers\n|upkeep\n|turn|13\n|\n|t:|1781394738\n|switch|p2a: Glaceon|Glaceon, L94, M|275/275\n|move|p1a: Scovillain|Flamethrower|p2a: Glaceon\n|-supereffective|p2a: Glaceon\n|-damage|p2a: Glaceon|125/275\n|\n|-weather|RainDance|[upkeep]\n|upkeep\n|turn|14\n|\n|t:|1781394753\n|switch|p1a: Mismagius|Mismagius, L86, F|243/243\n|move|p2a: Glaceon|Protect||[still]\n|-fail|p2a: Glaceon\n|\n|-weather|none\n|upkeep\n|turn|15\n|\n|t:|1781394761\n|move|p1a: Mismagius|Nasty Plot|p1a: Mismagius\n|-boost|p1a: Mismagius|spa|2\n|move|p2a: Glaceon|Wish|p2a: Glaceon\n|\n|upkeep\n|turn|16\n|\n|t:|1781394767\n|move|p2a: Glaceon|Protect|p2a: Glaceon\n|-singleturn|p2a: Glaceon|Protect\n|move|p1a: Mismagius|Substitute|p1a: Mismagius\n|-start|p1a: Mismagius|Substitute\n|-damage|p1a: Mismagius|183/243\n|\n|-heal|p2a: Glaceon|262/275|[from] move: Wish|[wisher] Glaceon\n|-heal|p1a: Mismagius|198/243|[from] item: Leftovers\n|upkeep\n|turn|17\n|\n|t:|1781394778\n|move|p1a: Mismagius|Shadow Ball|p2a: Glaceon\n|-damage|p2a: Glaceon|108/275\n|move|p2a: Glaceon|Freeze-Dry|p1a: Mismagius\n|-end|p1a: Mismagius|Substitute\n|\n|-heal|p1a: Mismagius|213/243|[from] item: Leftovers\n|upkeep\n|turn|18\n|\n|t:|1781394788\n|switch|p2a: Chesnaught|Chesnaught, L84, M|226/285\n|-damage|p2a: Chesnaught|209/285|[from] Stealth Rock\n|move|p1a: Mismagius|Tera Blast|p2a: Chesnaught\n|-damage|p2a: Chesnaught|55/285\n|\n|-heal|p1a: Mismagius|228/243|[from] item: Leftovers\n|-heal|p2a: Chesnaught|72/285|[from] item: Leftovers\n|upkeep\n|turn|19\n|-message|SR-Cue forfeited.\n|\n|win|JhuniorCq\n|raw|JhuniorCq's rating: 1993 &rarr; <strong>2011</strong><br />(+18 for winning)\n|raw|SR-Cue's rating: 1957 &rarr; <strong>1939</strong><br />(-18 for losing)\n", "uploadtime": 1781394498, "views": 3, "formatid": "gen9randombattle", "rating": 1939, "private": 0, "password": null}