{"id": "gen9randombattle-2631563105", "format": "[Gen 9] Random Battle", "players": ["Goggyo", "Magikarpitalism"], "log": "|j|\u2606Goggyo\n|j|\u2606Magikarpitalism\n|t:|1781401795\n|gametype|singles\n|player|p1|Goggyo|1|2127\n|player|p2|Magikarpitalism|steven|2147\n|gen|9\n|tier|[Gen 9] Random Battle\n|rated|\n|rule|Species Clause: Limit one of each Pok\u00e9mon\n|rule|HP Percentage Mod: HP is shown in percentages\n|rule|Sleep Clause Mod: Limit one foe put to sleep\n|rule|Illusion Level Mod: Illusion disguises the Pok\u00e9mon's true level\n|\n|t:|1781401795\n|teamsize|p1|6\n|teamsize|p2|6\n|start\n|switch|p1a: Volbeat|Volbeat, L90, M|263/263\n|switch|p2a: Torterra|Torterra, L78, F|276/276\n|turn|1\n|inactive|Battle timer is ON: inactive players will automatically lose when time's up. (requested by Goggyo)\n|inactive|Magikarpitalism has 120 seconds left.\n|\n|t:|1781401881\n|switch|p2a: Glastrier|Glastrier, L86|312/312\n|move|p1a: Volbeat|Lunge|p2a: Glastrier\n|-damage|p2a: Glastrier|252/312\n|-unboost|p2a: Glastrier|atk|1\n|\n|upkeep\n|turn|2\n|\n|t:|1781401912\n|switch|p1a: Pecharunt|Pecharunt, L77|262/262\n|move|p2a: Glastrier|Icicle Crash|p1a: Pecharunt\n|-damage|p1a: Pecharunt|199/262\n|\n|-heal|p1a: Pecharunt|215/262|[from] item: Leftovers\n|upkeep\n|turn|3\n|\n|t:|1781401922\n|switch|p2a: Ting-Lu|Ting-Lu, L78|370/370\n|-ability|p2a: Ting-Lu|Vessel of Ruin\n|move|p1a: Pecharunt|Shadow Ball|p2a: Ting-Lu\n|-resisted|p2a: Ting-Lu\n|-damage|p2a: Ting-Lu|340/370\n|\n|-heal|p1a: Pecharunt|231/262|[from] item: Leftovers\n|-heal|p2a: Ting-Lu|363/370|[from] item: Leftovers\n|upkeep\n|turn|4\n|\n|t:|1781401938\n|switch|p1a: Volbeat|Volbeat, L90, M|263/263\n|move|p2a: Ting-Lu|Stealth Rock|p1a: Volbeat\n|-sidestart|p1: Goggyo|move: Stealth Rock\n|\n|-heal|p2a: Ting-Lu|370/370|[from] item: Leftovers\n|upkeep\n|turn|5\n|\n|t:|1781401942\n|switch|p2a: Skeledirge|Skeledirge, L79, M|294/294\n|move|p1a: Volbeat|Lunge|p2a: Skeledirge\n|-resisted|p2a: Skeledirge\n|-damage|p2a: Skeledirge|276/294\n|-unboost|p2a: Skeledirge|atk|1\n|\n|upkeep\n|turn|6\n|\n|t:|1781401972\n|switch|p1a: Greedent|Greedent, L86, M|347/347\n|-damage|p1a: Greedent|304/347|[from] Stealth Rock\n|move|p2a: Skeledirge|Torch Song|p1a: Greedent\n|-damage|p1a: Greedent|208/347\n|-boost|p2a: Skeledirge|spa|1\n|\n|upkeep\n|turn|7\n|\n|t:|1781401981\n|move|p2a: Skeledirge|Torch Song|p1a: Greedent\n|-damage|p1a: Greedent|69/347\n|-boost|p2a: Skeledirge|spa|1\n|-enditem|p1a: Greedent|Sitrus Berry|[eat]\n|-heal|p1a: Greedent|155/347|[from] item: Sitrus Berry\n|-heal|p1a: Greedent|270/347|[from] ability: Cheek Pouch\n|move|p1a: Greedent|Knock Off|p2a: Skeledirge\n|-supereffective|p2a: Skeledirge\n|-damage|p2a: Skeledirge|138/294\n|-enditem|p2a: Skeledirge|Heavy-Duty Boots|[from] move: Knock Off|[of] p1a: Greedent\n|\n|upkeep\n|turn|8\n|\n|t:|1781401985\n|move|p2a: Skeledirge|Slack Off|p2a: Skeledirge\n|-heal|p2a: Skeledirge|285/294\n|move|p1a: Greedent|Earthquake|p2a: Skeledirge\n|-supereffective|p2a: Skeledirge\n|-damage|p2a: Skeledirge|131/294\n|\n|upkeep\n|turn|9\n|\n|t:|1781401990\n|move|p2a: Skeledirge|Slack Off|p2a: Skeledirge\n|-heal|p2a: Skeledirge|278/294\n|move|p1a: Greedent|Earthquake|p2a: Skeledirge\n|-supereffective|p2a: Skeledirge\n|-damage|p2a: Skeledirge|146/294\n|\n|upkeep\n|turn|10\n|\n|t:|1781401998\n|move|p2a: Skeledirge|Slack Off|p2a: Skeledirge\n|-heal|p2a: Skeledirge|293/294\n|move|p1a: Greedent|Earthquake|p2a: Skeledirge\n|-supereffective|p2a: Skeledirge\n|-damage|p2a: Skeledirge|163/294\n|\n|upkeep\n|turn|11\n|\n|t:|1781402002\n|move|p2a: Skeledirge|Torch Song|p1a: Greedent\n|-damage|p1a: Greedent|86/347\n|-boost|p2a: Skeledirge|spa|1\n|move|p1a: Greedent|Earthquake|p2a: Skeledirge\n|-supereffective|p2a: Skeledirge\n|-damage|p2a: Skeledirge|23/294\n|\n|upkeep\n|turn|12\n|\n|t:|1781402012\n|move|p2a: Skeledirge|Torch Song|p1a: Greedent\n|-damage|p1a: Greedent|0 fnt\n|-boost|p2a: Skeledirge|spa|1\n|faint|p1a: Greedent\n|\n|upkeep\n|\n|t:|1781402021\n|switch|p1a: Pecharunt|Pecharunt, L77|231/262\n|-damage|p1a: Pecharunt|199/262|[from] Stealth Rock\n|turn|13\n|\n|t:|1781402026\n|switch|p2a: Ting-Lu|Ting-Lu, L78|370/370\n|-ability|p2a: Ting-Lu|Vessel of Ruin\n|move|p1a: Pecharunt|Malignant Chain|p2a: Ting-Lu\n|-resisted|p2a: Ting-Lu\n|-damage|p2a: Ting-Lu|337/370\n|-status|p2a: Ting-Lu|tox\n|-start|p2a: Ting-Lu|confusion|[from] ability: Poison Puppeteer|[of] p1a: Pecharunt\n|\n|-heal|p1a: Pecharunt|215/262|[from] item: Leftovers\n|-heal|p2a: Ting-Lu|360/370 tox|[from] item: Leftovers\n|-damage|p2a: Ting-Lu|337/370 tox|[from] psn\n|upkeep\n|turn|14\n|\n|t:|1781402048\n|switch|p1a: Klefki|Klefki, L84, M|233/233\n|-damage|p1a: Klefki|219/233|[from] Stealth Rock\n|switch|p2a: Skeledirge|Skeledirge, L79, M|23/294\n|\n|-heal|p1a: Klefki|233/233|[from] item: Leftovers\n|upkeep\n|turn|15\n|inactive|Magikarpitalism has 120 seconds left.\n|\n|t:|1781402090\n|switch|p2a: Ting-Lu|Ting-Lu, L78|337/370 tox\n|-ability|p2a: Ting-Lu|Vessel of Ruin\n|move|p1a: Klefki|Play Rough|p2a: Ting-Lu\n|-supereffective|p2a: Ting-Lu\n|-damage|p2a: Ting-Lu|205/370 tox\n|\n|-heal|p2a: Ting-Lu|228/370 tox|[from] item: Leftovers\n|-damage|p2a: Ting-Lu|205/370 tox|[from] psn\n|upkeep\n|turn|16\n|\n|t:|1781402102\n|move|p1a: Klefki|Spikes|p2a: Ting-Lu\n|-sidestart|p2: Magikarpitalism|Spikes\n|move|p2a: Ting-Lu|Earthquake|p1a: Klefki\n|-supereffective|p1a: Klefki\n|-damage|p1a: Klefki|35/233\n|\n|-heal|p1a: Klefki|49/233|[from] item: Leftovers\n|-heal|p2a: Ting-Lu|228/370 tox|[from] item: Leftovers\n|-damage|p2a: Ting-Lu|182/370 tox|[from] psn\n|upkeep\n|turn|17\n|\n|t:|1781402116\n|move|p1a: Klefki|Play Rough|p2a: Ting-Lu\n|-supereffective|p2a: Ting-Lu\n|-damage|p2a: Ting-Lu|44/370 tox\n|move|p2a: Ting-Lu|Heavy Slam|p1a: Klefki\n|-damage|p1a: Klefki|0 fnt\n|faint|p1a: Klefki\n|\n|-heal|p2a: Ting-Lu|67/370 tox|[from] item: Leftovers\n|-damage|p2a: Ting-Lu|0 fnt|[from] psn\n|faint|p2a: Ting-Lu\n|upkeep\n|\n|t:|1781402134\n|switch|p1a: Volbeat|Volbeat, L90, M|263/263\n|switch|p2a: Glastrier|Glastrier, L86|252/312\n|turn|18\n|\n|t:|1781402142\n|move|p1a: Volbeat|Lunge|p2a: Glastrier\n|-damage|p2a: Glastrier|194/312\n|-unboost|p2a: Glastrier|atk|1\n|move|p2a: Glastrier|Icicle Crash|p1a: Volbeat\n|-damage|p1a: Volbeat|163/263\n|\n|upkeep\n|turn|19\n|\n|t:|1781402148\n|move|p1a: Volbeat|Lunge|p2a: Glastrier\n|-damage|p2a: Glastrier|133/312\n|-unboost|p2a: Glastrier|atk|1\n|move|p2a: Glastrier|Icicle Crash|p1a: Volbeat\n|-damage|p1a: Volbeat|90/263\n|\n|upkeep\n|turn|20\n|\n|t:|1781402153\n|move|p1a: Volbeat|Roost|p1a: Volbeat\n|-heal|p1a: Volbeat|222/263\n|-singleturn|p1a: Volbeat|move: Roost\n|move|p2a: Glastrier|Icicle Crash|p1a: Volbeat\n|-damage|p1a: Volbeat|158/263\n|\n|upkeep\n|turn|21\n|\n|t:|1781402160\n|move|p1a: Volbeat|Thunder Wave|p2a: Glastrier|[miss]\n|-miss|p1a: Volbeat|p2a: Glastrier\n|move|p2a: Glastrier|Icicle Crash|p1a: Volbeat\n|-damage|p1a: Volbeat|85/263\n|\n|upkeep\n|turn|22\n|\n|t:|1781402166\n|switch|p2a: Torterra|Torterra, L78, F|276/276\n|-damage|p2a: Torterra|242/276|[from] Spikes\n|move|p1a: Volbeat|Roost|p1a: Volbeat\n|-heal|p1a: Volbeat|217/263\n|-singleturn|p1a: Volbeat|move: Roost\n|\n|upkeep\n|turn|23\n|\n|t:|1781402177\n|move|p1a: Volbeat|Lunge|p2a: Torterra\n|-supereffective|p2a: Torterra\n|-damage|p2a: Torterra|104/276\n|-unboost|p2a: Torterra|atk|1\n|move|p2a: Torterra|Rock Blast|p1a: Volbeat\n|-supereffective|p1a: Volbeat\n|-damage|p1a: Volbeat|193/263\n|-supereffective|p1a: Volbeat\n|-damage|p1a: Volbeat|169/263\n|-supereffective|p1a: Volbeat\n|-damage|p1a: Volbeat|145/263\n|-supereffective|p1a: Volbeat\n|-damage|p1a: Volbeat|121/263\n|-hitcount|p1a: Volbeat|4\n|\n|upkeep\n|turn|24\n|\n|t:|1781402184\n|move|p1a: Volbeat|Lunge|p2a: Torterra\n|-supereffective|p2a: Torterra\n|-damage|p2a: Torterra|0 fnt\n|faint|p2a: Torterra\n|\n|upkeep\n|\n|t:|1781402187\n|switch|p2a: Terrakion|Terrakion, L79|273/273\n|-damage|p2a: Terrakion|239/273|[from] Spikes\n|turn|25\n|\n|t:|1781402191\n|-terastallize|p2a: Terrakion|Ground\n|move|p1a: Volbeat|Thunder Wave|p2a: Terrakion\n|-immune|p2a: Terrakion\n|move|p2a: Terrakion|Stone Edge|p1a: Volbeat\n|-supereffective|p1a: Volbeat\n|-crit|p1a: Volbeat\n|-damage|p1a: Volbeat|0 fnt\n|faint|p1a: Volbeat\n|\n|upkeep\n|\n|t:|1781402220\n|switch|p1a: Grimmsnarl|Grimmsnarl, L83, M|293/293\n|-damage|p1a: Grimmsnarl|257/293|[from] Stealth Rock\n|turn|26\n|\n|t:|1781402224\n|switch|p2a: Skeledirge|Skeledirge, L79, M|23/294\n|-damage|p2a: Skeledirge|0 fnt|[from] Spikes\n|faint|p2a: Skeledirge\n|move|p1a: Grimmsnarl|Reflect|p1a: Grimmsnarl\n|-sidestart|p1: Goggyo|Reflect\n|\n|upkeep\n|\n|t:|1781402228\n|switch|p2a: Glastrier|Glastrier, L86|133/312\n|turn|27\n|\n|t:|1781402237\n|move|p1a: Grimmsnarl|Parting Shot|p2a: Glastrier\n|-unboost|p2a: Glastrier|atk|1\n|-unboost|p2a: Glastrier|spa|1\n|\n|t:|1781402240\n|switch|p1a: Pecharunt|Pecharunt, L77|215/262|[from] Parting Shot\n|-damage|p1a: Pecharunt|183/262|[from] Stealth Rock\n|move|p2a: Glastrier|Swords Dance|p2a: Glastrier\n|-boost|p2a: Glastrier|atk|2\n|\n|-heal|p1a: Pecharunt|199/262|[from] item: Leftovers\n|upkeep\n|turn|28\n|\n|t:|1781402247\n|move|p1a: Pecharunt|Malignant Chain|p2a: Glastrier\n|-damage|p2a: Glastrier|63/312\n|move|p2a: Glastrier|High Horsepower|p1a: Pecharunt\n|-supereffective|p1a: Pecharunt\n|-damage|p1a: Pecharunt|106/262\n|\n|-heal|p1a: Pecharunt|122/262|[from] item: Leftovers\n|upkeep\n|turn|29\n|\n|t:|1781402255\n|move|p1a: Pecharunt|Malignant Chain|p2a: Glastrier\n|-damage|p2a: Glastrier|0 fnt\n|faint|p2a: Glastrier\n|\n|-heal|p1a: Pecharunt|138/262|[from] item: Leftovers\n|upkeep\n|\n|t:|1781402257\n|switch|p2a: Terrakion|Terrakion, L79, tera:Ground|239/273\n|-damage|p2a: Terrakion|205/273|[from] Spikes\n|turn|30\n|\n|t:|1781402262\n|move|p2a: Terrakion|Earthquake|p1a: Pecharunt\n|-supereffective|p1a: Pecharunt\n|-damage|p1a: Pecharunt|14/262\n|move|p1a: Pecharunt|Malignant Chain|p2a: Terrakion\n|-resisted|p2a: Terrakion\n|-damage|p2a: Terrakion|164/273\n|\n|-heal|p1a: Pecharunt|30/262|[from] item: Leftovers\n|upkeep\n|turn|31\n|\n|t:|1781402274\n|move|p2a: Terrakion|Earthquake|p1a: Pecharunt\n|-supereffective|p1a: Pecharunt\n|-damage|p1a: Pecharunt|0 fnt\n|faint|p1a: Pecharunt\n|\n|upkeep\n|\n|t:|1781402280\n|switch|p1a: Emboar|Emboar, L84, M|322/322\n|-damage|p1a: Emboar|282/322|[from] Stealth Rock\n|turn|32\n|\n|t:|1781402286\n|-terastallize|p1a: Emboar|Fighting\n|move|p2a: Terrakion|Earthquake|p1a: Emboar\n|-damage|p1a: Emboar|177/322\n|move|p1a: Emboar|Trailblaze|p2a: Terrakion\n|-supereffective|p2a: Terrakion\n|-damage|p2a: Terrakion|72/273\n|-boost|p1a: Emboar|spe|1\n|\n|-heal|p1a: Emboar|197/322|[from] item: Leftovers\n|upkeep\n|turn|33\n|\n|t:|1781402297\n|move|p1a: Emboar|Bulk Up|p1a: Emboar\n|-boost|p1a: Emboar|atk|1\n|-boost|p1a: Emboar|def|1\n|move|p2a: Terrakion|Earthquake|p1a: Emboar\n|-damage|p1a: Emboar|119/322\n|\n|-heal|p1a: Emboar|139/322|[from] item: Leftovers\n|-sideend|p1: Goggyo|Reflect\n|upkeep\n|turn|34\n|\n|t:|1781402302\n|move|p1a: Emboar|Trailblaze|p2a: Terrakion\n|-supereffective|p2a: Terrakion\n|-damage|p2a: Terrakion|0 fnt\n|-boost|p1a: Emboar|spe|1\n|faint|p2a: Terrakion\n|\n|-heal|p1a: Emboar|159/322|[from] item: Leftovers\n|upkeep\n|\n|t:|1781402304\n|switch|p2a: Feraligatr|Feraligatr, L79, F|264/264\n|-damage|p2a: Feraligatr|231/264|[from] Spikes\n|turn|35\n|\n|t:|1781402308\n|move|p1a: Emboar|Drain Punch|p2a: Feraligatr\n|-damage|p2a: Feraligatr|45/264\n|-heal|p1a: Emboar|252/322|[from] drain|[of] p2a: Feraligatr\n|move|p2a: Feraligatr|Liquidation|p1a: Emboar\n|-damage|p1a: Emboar|130/322\n|\n|-heal|p1a: Emboar|150/322|[from] item: Leftovers\n|upkeep\n|turn|36\n|\n|t:|1781402314\n|move|p1a: Emboar|Drain Punch|p2a: Feraligatr\n|-damage|p2a: Feraligatr|0 fnt\n|-heal|p1a: Emboar|173/322|[from] drain|[of] p2a: Feraligatr\n|faint|p2a: Feraligatr\n|\n|win|Goggyo\n", "uploadtime": 1781401796, "views": 3, "formatid": "gen9randombattle", "rating": null, "private": 0, "password": null}