{"id": "gen9randombattle-2631622118", "format": "[Gen 9] Random Battle", "players": ["jsjsiis", "Hunrito"], "log": "|j|\u2606jsjsiis\n|j|\u2606Hunrito\n|t:|1781410279\n|gametype|singles\n|player|p1|jsjsiis|1|1926\n|player|p2|Hunrito|170|1944\n|gen|9\n|tier|[Gen 9] Random Battle\n|rated|\n|rule|Species Clause: Limit one of each Pok\u00e9mon\n|rule|HP Percentage Mod: HP is shown in percentages\n|rule|Sleep Clause Mod: Limit one foe put to sleep\n|rule|Illusion Level Mod: Illusion disguises the Pok\u00e9mon's true level\n|\n|t:|1781410279\n|teamsize|p1|6\n|teamsize|p2|6\n|start\n|switch|p1a: Forretress|Forretress, L84, F|263/263\n|switch|p2a: Shiftry|Shiftry, L89, F|305/305\n|turn|1\n|inactive|Battle timer is ON: inactive players will automatically lose when time's up. (requested by Hunrito)\n|\n|t:|1781410288\n|switch|p2a: Hydreigon|Hydreigon, L79, M|275/275\n|move|p1a: Forretress|Stealth Rock|p2a: Hydreigon\n|-sidestart|p2: Hunrito|move: Stealth Rock\n|\n|upkeep\n|turn|2\n|\n|t:|1781410292\n|move|p2a: Hydreigon|Fire Blast|p1a: Forretress\n|-supereffective|p1a: Forretress\n|-ability|p1a: Forretress|Sturdy\n|-damage|p1a: Forretress|1/263\n|-status|p1a: Forretress|brn\n|move|p1a: Forretress|Thunder Wave|p2a: Hydreigon\n|-status|p2a: Hydreigon|par\n|\n|-heal|p1a: Forretress|17/263 brn|[from] item: Leftovers\n|-damage|p1a: Forretress|1/263 brn|[from] brn\n|upkeep\n|turn|3\n|\n|t:|1781410298\n|move|p1a: Forretress|Iron Head|p2a: Hydreigon\n|-damage|p2a: Hydreigon|236/275 par\n|move|p2a: Hydreigon|Fire Blast|p1a: Forretress\n|-supereffective|p1a: Forretress\n|-damage|p1a: Forretress|0 fnt\n|faint|p1a: Forretress\n|\n|upkeep\n|\n|t:|1781410310\n|switch|p1a: Komala|Komala, L88, M|258/258\n|-ability|p1a: Komala|Comatose\n|turn|4\n|\n|t:|1781410317\n|move|p1a: Komala|U-turn|p2a: Hydreigon\n|-supereffective|p2a: Hydreigon\n|-damage|p2a: Hydreigon|106/275 par\n|\n|t:|1781410319\n|switch|p1a: Talonflame|Talonflame, L83, F|265/265|[from] U-turn\n|move|p2a: Hydreigon|Fire Blast|p1a: Talonflame\n|-resisted|p1a: Talonflame\n|-damage|p1a: Talonflame|194/265\n|\n|upkeep\n|turn|5\n|\n|t:|1781410326\n|switch|p2a: Palafin|Palafin, L77, F|281/281\n|-damage|p2a: Palafin|246/281|[from] Stealth Rock\n|move|p1a: Talonflame|Brave Bird|p2a: Palafin\n|-damage|p2a: Palafin|113/281\n|-damage|p1a: Talonflame|150/265|[from] Recoil\n|\n|upkeep\n|turn|6\n|\n|t:|1781410333\n|detailschange|p2a: Palafin|Palafin-Hero, L77, F\n|switch|p2a: Hydreigon|Hydreigon, L79, M|106/275 par\n|-damage|p2a: Hydreigon|72/275 par|[from] Stealth Rock\n|move|p1a: Talonflame|Will-O-Wisp||[still]\n|-fail|p1a: Talonflame\n|\n|upkeep\n|turn|7\n|\n|t:|1781410337\n|move|p1a: Talonflame|Brave Bird|p2a: Hydreigon\n|-damage|p2a: Hydreigon|0 fnt\n|faint|p2a: Hydreigon\n|-damage|p1a: Talonflame|126/265|[from] Recoil\n|\n|upkeep\n|\n|t:|1781410347\n|switch|p2a: Kyurem|Kyurem, L77|319/319\n|-damage|p2a: Kyurem|240/319|[from] Stealth Rock\n|-ability|p2a: Kyurem|Pressure\n|turn|8\n|\n|t:|1781410349\n|move|p1a: Talonflame|Will-O-Wisp|p2a: Kyurem\n|-status|p2a: Kyurem|brn\n|move|p2a: Kyurem|Ice Beam|p1a: Talonflame\n|-damage|p1a: Talonflame|0 fnt\n|faint|p1a: Talonflame\n|\n|-damage|p2a: Kyurem|221/319 brn|[from] brn\n|upkeep\n|\n|t:|1781410358\n|switch|p1a: Komala|Komala, L88, M|258/258\n|-ability|p1a: Komala|Comatose\n|turn|9\n|\n|t:|1781410360\n|move|p1a: Komala|Body Slam|p2a: Kyurem\n|-damage|p2a: Kyurem|106/319 brn\n|move|p2a: Kyurem|Ice Beam|p1a: Komala\n|-damage|p1a: Komala|114/258\n|\n|-damage|p2a: Kyurem|87/319 brn|[from] brn\n|upkeep\n|turn|10\n|\n|t:|1781410364\n|move|p1a: Komala|Body Slam|p2a: Kyurem\n|-damage|p2a: Kyurem|0 fnt\n|faint|p2a: Kyurem\n|\n|upkeep\n|\n|t:|1781410369\n|switch|p2a: Shiftry|Shiftry, L89, F|305/305\n|-damage|p2a: Shiftry|267/305|[from] Stealth Rock\n|turn|11\n|\n|t:|1781410371\n|move|p1a: Komala|Body Slam|p2a: Shiftry\n|-damage|p2a: Shiftry|134/305\n|move|p2a: Shiftry|Tailwind|p2a: Shiftry\n|-sidestart|p2: Hunrito|move: Tailwind\n|-ability|p2a: Shiftry|Wind Rider|boost\n|-boost|p2a: Shiftry|atk|1\n|\n|upkeep\n|turn|12\n|\n|t:|1781410374\n|move|p2a: Shiftry|Low Kick|p1a: Komala\n|-supereffective|p1a: Komala\n|-damage|p1a: Komala|0 fnt\n|faint|p1a: Komala\n|-damage|p2a: Shiftry|104/305|[from] item: Life Orb\n|\n|upkeep\n|\n|t:|1781410377\n|switch|p1a: Dragonite|Dragonite, L74, F|257/257\n|turn|13\n|\n|t:|1781410385\n|move|p2a: Shiftry|Leaf Blade|p1a: Dragonite\n|-resisted|p1a: Dragonite\n|-damage|p1a: Dragonite|226/257\n|-damage|p2a: Shiftry|74/305|[from] item: Life Orb\n|move|p1a: Dragonite|Outrage|p2a: Shiftry\n|-damage|p2a: Shiftry|0 fnt\n|faint|p2a: Shiftry\n|\n|upkeep\n|\n|t:|1781410388\n|switch|p2a: Magearna|Magearna, L77|250/250\n|-damage|p2a: Magearna|235/250|[from] Stealth Rock\n|turn|14\n|\n|t:|1781410390\n|move|p2a: Magearna|Shift Gear|p2a: Magearna\n|-boost|p2a: Magearna|spe|2\n|-boost|p2a: Magearna|atk|1\n|move|p1a: Dragonite|Outrage|p2a: Magearna|[from] lockedmove\n|-immune|p2a: Magearna\n|-start|p1a: Dragonite|confusion|[fatigue]\n|\n|-heal|p2a: Magearna|250/250|[from] item: Leftovers\n|-sideend|p2: Hunrito|move: Tailwind\n|upkeep\n|turn|15\n|\n|t:|1781410405\n|move|p2a: Magearna|Calm Mind|p2a: Magearna\n|-boost|p2a: Magearna|spa|1\n|-boost|p2a: Magearna|spd|1\n|-activate|p1a: Dragonite|confusion\n|-damage|p1a: Dragonite|195/257|[from] confusion\n|\n|upkeep\n|turn|16\n|\n|t:|1781410408\n|-terastallize|p1a: Dragonite|Steel\n|move|p2a: Magearna|Fleur Cannon|p1a: Dragonite\n|-resisted|p1a: Dragonite\n|-damage|p1a: Dragonite|87/257\n|-unboost|p2a: Magearna|spa|2\n|-activate|p1a: Dragonite|confusion\n|-damage|p1a: Dragonite|58/257|[from] confusion\n|\n|upkeep\n|turn|17\n|\n|t:|1781410424\n|move|p2a: Magearna|Calm Mind|p2a: Magearna\n|-boost|p2a: Magearna|spa|1\n|-boost|p2a: Magearna|spd|1\n|-activate|p1a: Dragonite|confusion\n|move|p1a: Dragonite|Earthquake|p2a: Magearna\n|-supereffective|p2a: Magearna\n|-damage|p2a: Magearna|130/250\n|\n|-heal|p2a: Magearna|145/250|[from] item: Leftovers\n|upkeep\n|turn|18\n|\n|t:|1781410432\n|move|p2a: Magearna|Fleur Cannon|p1a: Dragonite\n|-resisted|p1a: Dragonite\n|-damage|p1a: Dragonite|0 fnt\n|-unboost|p2a: Magearna|spa|2\n|faint|p1a: Dragonite\n|-ability|p2a: Magearna|Soul-Heart|boost\n|-boost|p2a: Magearna|spa|1\n|\n|-heal|p2a: Magearna|160/250|[from] item: Leftovers\n|upkeep\n|\n|t:|1781410434\n|switch|p1a: Gumshoos|Gumshoos, L95, M|321/321\n|turn|19\n|\n|t:|1781410444\n|move|p2a: Magearna|Fleur Cannon|p1a: Gumshoos\n|-damage|p1a: Gumshoos|204/321\n|-unboost|p2a: Magearna|spa|2\n|move|p1a: Gumshoos|Earthquake|p2a: Magearna\n|-supereffective|p2a: Magearna\n|-crit|p2a: Magearna\n|-damage|p2a: Magearna|0 fnt\n|faint|p2a: Magearna\n|\n|upkeep\n|\n|t:|1781410446\n|switch|p2a: Araquanid|Araquanid, L82, M|246/246\n|turn|20\n|\n|t:|1781410452\n|move|p1a: Gumshoos|Earthquake|p2a: Araquanid\n|-resisted|p2a: Araquanid\n|-damage|p2a: Araquanid|172/246\n|move|p2a: Araquanid|Liquidation|p1a: Gumshoos\n|-damage|p1a: Gumshoos|41/321\n|\n|upkeep\n|turn|21\n|\n|t:|1781410456\n|move|p1a: Gumshoos|Earthquake|p2a: Araquanid\n|-resisted|p2a: Araquanid\n|-crit|p2a: Araquanid\n|-damage|p2a: Araquanid|70/246\n|move|p2a: Araquanid|Liquidation|p1a: Gumshoos\n|-damage|p1a: Gumshoos|0 fnt\n|faint|p1a: Gumshoos\n|\n|upkeep\n|\n|t:|1781410460\n|switch|p1a: Samurott|Samurott-Hisui, L77, M|265/265\n|turn|22\n|\n|t:|1781410465\n|move|p1a: Samurott|Ceaseless Edge|p2a: Araquanid\n|-damage|p2a: Araquanid|0 fnt\n|-sidestart|p2: Hunrito|Spikes\n|faint|p2a: Araquanid\n|\n|upkeep\n|\n|t:|1781410468\n|switch|p2a: Palafin|Palafin-Hero, L77, F|113/281\n|-damage|p2a: Palafin|78/281|[from] Stealth Rock\n|-damage|p2a: Palafin|43/281|[from] Spikes\n|-activate|p2a: Palafin|ability: Zero to Hero\n|turn|23\n|\n|t:|1781410470\n|-terastallize|p2a: Palafin|Fighting\n|move|p2a: Palafin|Close Combat|p1a: Samurott\n|-supereffective|p1a: Samurott\n|-damage|p1a: Samurott|0 fnt\n|-unboost|p2a: Palafin|def|1\n|-unboost|p2a: Palafin|spd|1\n|faint|p1a: Samurott\n|\n|win|Hunrito\n", "uploadtime": 1781410281, "views": 3, "formatid": "gen9randombattle", "rating": null, "private": 0, "password": null}