{"id": "gen9randombattle-2631662644", "format": "[Gen 9] Random Battle", "players": ["coalette", "Random BS Go 69"], "log": "|j|\u2606coalette\n|j|\u2606Random BS Go 69\n|t:|1781417162\n|gametype|singles\n|player|p1|coalette|#lcplxiskittycommittee|1546\n|player|p2|Random BS Go 69|170|1611\n|gen|9\n|tier|[Gen 9] Random Battle\n|rated|\n|rule|Species Clause: Limit one of each Pok\u00e9mon\n|rule|HP Percentage Mod: HP is shown in percentages\n|rule|Sleep Clause Mod: Limit one foe put to sleep\n|rule|Illusion Level Mod: Illusion disguises the Pok\u00e9mon's true level\n|\n|t:|1781417162\n|teamsize|p1|6\n|teamsize|p2|6\n|start\n|switch|p1a: Tatsugiri|Tatsugiri, L87, F|260/260\n|switch|p2a: Oricorio|Oricorio-Sensu, L85, F|266/266\n|turn|1\n|inactive|Battle timer is ON: inactive players will automatically lose when time's up. (requested by Random BS Go 69)\n|c|\u2606coalette|glhf\n|inactive|coalette has 120 seconds left.\n|\n|t:|1781417202\n|switch|p1a: Dewgong|Dewgong, L94, M|322/322\n|move|p2a: Oricorio|Quiver Dance|p2a: Oricorio\n|-boost|p2a: Oricorio|spa|1\n|-boost|p2a: Oricorio|spd|1\n|-boost|p2a: Oricorio|spe|1\n|\n|upkeep\n|turn|2\n|\n|t:|1781417219\n|switch|p2a: Beartic|Beartic, L91, M|321/321\n|move|p1a: Dewgong|Encore||[still]\n|-fail|p1a: Dewgong\n|\n|upkeep\n|turn|3\n|\n|t:|1781417239\n|move|p1a: Dewgong|Flip Turn|p2a: Beartic\n|-damage|p2a: Beartic|264/321\n|\n|t:|1781417241\n|switch|p1a: Bronzong|Bronzong, L88|261/261|[from] Flip Turn\n|move|p2a: Beartic|Close Combat|p1a: Bronzong\n|-damage|p1a: Bronzong|167/261\n|-unboost|p2a: Beartic|def|1\n|-unboost|p2a: Beartic|spd|1\n|\n|-heal|p1a: Bronzong|183/261|[from] item: Leftovers\n|upkeep\n|turn|4\n|inactive|Random BS Go 69 has 120 seconds left.\n|inactive|Random BS Go 69 has 90 seconds left.\n|\n|t:|1781417308\n|switch|p2a: Brute Bonnet|Brute Bonnet, L80|309/309\n|move|p1a: Bronzong|Stealth Rock|p2a: Brute Bonnet\n|-sidestart|p2: Random BS Go 69|move: Stealth Rock\n|\n|-heal|p1a: Bronzong|199/261|[from] item: Leftovers\n|upkeep\n|turn|5\n|\n|t:|1781417325\n|switch|p1a: Abomasnow|Abomasnow, L84, F|287/287\n|-weather|Snowscape|[from] ability: Snow Warning|[of] p1a: Abomasnow\n|move|p2a: Brute Bonnet|Spore|p1a: Abomasnow\n|-immune|p1a: Abomasnow\n|\n|-weather|Snowscape|[upkeep]\n|upkeep\n|turn|6\n|inactive|Random BS Go 69 has 90 seconds left.\n|\n|t:|1781417352\n|move|p1a: Abomasnow|Aurora Veil|p1a: Abomasnow\n|-sidestart|p1: coalette|move: Aurora Veil\n|move|p2a: Brute Bonnet|Close Combat|p1a: Abomasnow\n|-supereffective|p1a: Abomasnow\n|-damage|p1a: Abomasnow|217/287\n|-unboost|p2a: Brute Bonnet|def|1\n|-unboost|p2a: Brute Bonnet|spd|1\n|\n|-weather|Snowscape|[upkeep]\n|upkeep\n|turn|7\n|\n|t:|1781417363\n|-end|p2a: Brute Bonnet|Protosynthesis|[silent]\n|switch|p2a: Beartic|Beartic, L91, M|264/321\n|move|p1a: Abomasnow|Blizzard|p2a: Beartic\n|-resisted|p2a: Beartic\n|-crit|p2a: Beartic\n|-damage|p2a: Beartic|174/321\n|\n|-weather|Snowscape|[upkeep]\n|upkeep\n|turn|8\n|inactive|coalette has 120 seconds left.\n|\n|t:|1781417398\n|switch|p1a: Squawkabilly|Squawkabilly-Blue, L85, M|278/278\n|move|p2a: Beartic|Icicle Crash|p1a: Squawkabilly\n|-supereffective|p1a: Squawkabilly\n|-damage|p1a: Squawkabilly|100/278\n|\n|-weather|Snowscape|[upkeep]\n|-status|p1a: Squawkabilly|brn|[from] item: Flame Orb\n|upkeep\n|turn|9\n|inactive|coalette has 120 seconds left.\n|\n|t:|1781417414\n|move|p2a: Beartic|Icicle Crash|p1a: Squawkabilly\n|-supereffective|p1a: Squawkabilly\n|-damage|p1a: Squawkabilly|0 fnt\n|faint|p1a: Squawkabilly\n|\n|-weather|none\n|upkeep\n|\n|t:|1781417419\n|switch|p1a: Tatsugiri|Tatsugiri, L87, F|260/260\n|turn|10\n|\n|t:|1781417428\n|move|p1a: Tatsugiri|Nasty Plot|p1a: Tatsugiri\n|-boost|p1a: Tatsugiri|spa|2\n|move|p2a: Beartic|Snowscape|p2a: Beartic\n|-weather|Snowscape\n|\n|-weather|Snowscape|[upkeep]\n|upkeep\n|turn|11\n|\n|t:|1781417442\n|move|p2a: Beartic|Icicle Crash|p1a: Tatsugiri\n|-damage|p1a: Tatsugiri|176/260\n|cant|p1a: Tatsugiri|flinch\n|\n|-weather|Snowscape|[upkeep]\n|upkeep\n|turn|12\n|\n|t:|1781417456\n|-terastallize|p1a: Tatsugiri|Water\n|move|p2a: Beartic|Icicle Crash|p1a: Tatsugiri\n|-resisted|p1a: Tatsugiri\n|-damage|p1a: Tatsugiri|137/260\n|move|p1a: Tatsugiri|Rapid Spin|p2a: Beartic\n|-damage|p2a: Beartic|159/321\n|-boost|p1a: Tatsugiri|spe|1\n|\n|-weather|Snowscape|[upkeep]\n|upkeep\n|turn|13\n|inactive|coalette has 120 seconds left.\n|inactive|Random BS Go 69 has 120 seconds left.\n|\n|t:|1781417488\n|move|p1a: Tatsugiri|Hydro Pump|p2a: Beartic\n|-damage|p2a: Beartic|0 fnt\n|faint|p2a: Beartic\n|\n|-weather|Snowscape|[upkeep]\n|-sideend|p1: coalette|move: Aurora Veil\n|upkeep\n|\n|t:|1781417504\n|switch|p2a: Brute Bonnet|Brute Bonnet, L80|309/309\n|-damage|p2a: Brute Bonnet|271/309|[from] Stealth Rock\n|turn|14\n|inactive|coalette has 120 seconds left.\n|\n|t:|1781417513\n|move|p2a: Brute Bonnet|Sucker Punch|p1a: Tatsugiri\n|-damage|p1a: Tatsugiri|26/260\n|move|p1a: Tatsugiri|Draco Meteor|p2a: Brute Bonnet\n|-damage|p2a: Brute Bonnet|0 fnt\n|-unboost|p1a: Tatsugiri|spa|2\n|faint|p2a: Brute Bonnet\n|-end|p2a: Brute Bonnet|Protosynthesis|[silent]\n|\n|-weather|none\n|upkeep\n|\n|t:|1781417523\n|switch|p2a: Mamoswine|Mamoswine, L81, M|311/311\n|-damage|p2a: Mamoswine|273/311|[from] Stealth Rock\n|turn|15\n|\n|t:|1781417528\n|move|p2a: Mamoswine|Ice Shard|p1a: Tatsugiri\n|-resisted|p1a: Tatsugiri\n|-damage|p1a: Tatsugiri|0 fnt\n|faint|p1a: Tatsugiri\n|\n|upkeep\n|\n|t:|1781417535\n|switch|p1a: Abomasnow|Abomasnow, L84, F|217/287\n|-weather|Snowscape|[from] ability: Snow Warning|[of] p1a: Abomasnow\n|turn|16\n|\n|t:|1781417544\n|switch|p2a: Barraskewda|Barraskewda, L81, F|231/231\n|-damage|p2a: Barraskewda|203/231|[from] Stealth Rock\n|move|p1a: Abomasnow|Aurora Veil|p1a: Abomasnow\n|-sidestart|p1: coalette|move: Aurora Veil\n|\n|-weather|Snowscape|[upkeep]\n|upkeep\n|turn|17\n|\n|t:|1781417552\n|switch|p1a: Bronzong|Bronzong, L88|199/261\n|move|p2a: Barraskewda|Flip Turn|p1a: Bronzong\n|-damage|p1a: Bronzong|154/261\n|inactive|Random BS Go 69 has 120 seconds left.\n|\n|t:|1781417585\n|switch|p2a: Garchomp|Garchomp, L74, M|282/282|[from] Flip Turn\n|-damage|p2a: Garchomp|265/282|[from] Stealth Rock\n|\n|-weather|Snowscape|[upkeep]\n|-heal|p1a: Bronzong|170/261|[from] item: Leftovers\n|upkeep\n|turn|18\n|\n|t:|1781417593\n|move|p2a: Garchomp|Swords Dance|p2a: Garchomp\n|-boost|p2a: Garchomp|atk|2\n|move|p1a: Bronzong|Hypnosis|p2a: Garchomp|[miss]\n|-miss|p1a: Bronzong|p2a: Garchomp\n|\n|-weather|Snowscape|[upkeep]\n|-heal|p1a: Bronzong|186/261|[from] item: Leftovers\n|upkeep\n|turn|19\n|\n|t:|1781417612\n|switch|p2a: Mamoswine|Mamoswine, L81, M|273/311\n|-damage|p2a: Mamoswine|235/311|[from] Stealth Rock\n|move|p1a: Bronzong|Hypnosis|p2a: Mamoswine\n|-status|p2a: Mamoswine|slp|[from] move: Hypnosis\n|\n|-weather|Snowscape|[upkeep]\n|-heal|p1a: Bronzong|202/261|[from] item: Leftovers\n|upkeep\n|turn|20\n|\n|t:|1781417625\n|switch|p2a: Garchomp|Garchomp, L74, M|265/282\n|-damage|p2a: Garchomp|248/282|[from] Stealth Rock\n|switch|p1a: Dewgong|Dewgong, L94, M|322/322\n|\n|-weather|none\n|upkeep\n|turn|21\n|inactive|Random BS Go 69 has 120 seconds left.\n|\n|t:|1781417657\n|switch|p2a: Barraskewda|Barraskewda, L81, F|203/231\n|-damage|p2a: Barraskewda|175/231|[from] Stealth Rock\n|move|p1a: Dewgong|Triple Axel|p2a: Barraskewda|[miss]\n|-miss|p1a: Dewgong|p2a: Barraskewda\n|\n|upkeep\n|turn|22\n|inactive|Random BS Go 69 has 120 seconds left.\n|\n|t:|1781417669\n|move|p2a: Barraskewda|Close Combat|p1a: Dewgong\n|-supereffective|p1a: Dewgong\n|-damage|p1a: Dewgong|185/322\n|-unboost|p2a: Barraskewda|def|1\n|-unboost|p2a: Barraskewda|spd|1\n|move|p1a: Dewgong|Flip Turn|p2a: Barraskewda\n|-resisted|p2a: Barraskewda\n|-damage|p2a: Barraskewda|115/231\n|\n|t:|1781417688\n|switch|p1a: Bronzong|Bronzong, L88|202/261|[from] Flip Turn\n|\n|-heal|p1a: Bronzong|218/261|[from] item: Leftovers\n|upkeep\n|turn|23\n|\n|t:|1781417703\n|switch|p1a: Abomasnow|Abomasnow, L84, F|217/287\n|-weather|Snowscape|[from] ability: Snow Warning|[of] p1a: Abomasnow\n|move|p2a: Barraskewda|Close Combat|p1a: Abomasnow\n|-supereffective|p1a: Abomasnow\n|-damage|p1a: Abomasnow|118/287\n|-unboost|p2a: Barraskewda|def|1\n|-unboost|p2a: Barraskewda|spd|1\n|\n|-weather|Snowscape|[upkeep]\n|-sideend|p1: coalette|move: Aurora Veil\n|upkeep\n|turn|24\n|\n|t:|1781417717\n|switch|p1a: Bronzong|Bronzong, L88|218/261\n|move|p2a: Barraskewda|Close Combat|p1a: Bronzong\n|-damage|p1a: Bronzong|107/261\n|-unboost|p2a: Barraskewda|def|1\n|-unboost|p2a: Barraskewda|spd|1\n|\n|-weather|Snowscape|[upkeep]\n|-heal|p1a: Bronzong|123/261|[from] item: Leftovers\n|upkeep\n|turn|25\n|\n|t:|1781417722\n|move|p2a: Barraskewda|Close Combat|p1a: Bronzong\n|-damage|p1a: Bronzong|17/261\n|-unboost|p2a: Barraskewda|def|1\n|-unboost|p2a: Barraskewda|spd|1\n|move|p1a: Bronzong|Iron Head|p2a: Barraskewda\n|-resisted|p2a: Barraskewda\n|-damage|p2a: Barraskewda|0 fnt\n|faint|p2a: Barraskewda\n|\n|-weather|Snowscape|[upkeep]\n|-heal|p1a: Bronzong|33/261|[from] item: Leftovers\n|upkeep\n|\n|t:|1781417748\n|switch|p2a: Garchomp|Garchomp, L74, M|248/282\n|-damage|p2a: Garchomp|231/282|[from] Stealth Rock\n|turn|26\n|\n|t:|1781417770\n|move|p2a: Garchomp|Swords Dance|p2a: Garchomp\n|-boost|p2a: Garchomp|atk|2\n|move|p1a: Bronzong|Psychic Noise|p2a: Garchomp\n|-damage|p2a: Garchomp|146/282\n|-start|p2a: Garchomp|move: Heal Block\n|\n|-weather|Snowscape|[upkeep]\n|-heal|p1a: Bronzong|49/261|[from] item: Leftovers\n|upkeep\n|turn|27\n|inactive|Random BS Go 69 has 120 seconds left.\n|\n|t:|1781417801\n|switch|p1a: Dewgong|Dewgong, L94, M|185/322\n|move|p2a: Garchomp|Scale Shot|p1a: Dewgong\n|-damage|p1a: Dewgong|149/322\n|-damage|p1a: Dewgong|118/322\n|-damage|p1a: Dewgong|81/322\n|-damage|p1a: Dewgong|47/322\n|-hitcount|p1a: Dewgong|4\n|-unboost|p2a: Garchomp|def|1\n|-boost|p2a: Garchomp|spe|1\n|\n|-weather|none\n|-end|p2a: Garchomp|move: Heal Block\n|upkeep\n|turn|28\n|inactive|Random BS Go 69 has 120 seconds left.\n|\n|t:|1781417811\n|switch|p1a: Bronzong|Bronzong, L88|49/261\n|move|p2a: Garchomp|Earthquake|p1a: Bronzong\n|-immune|p1a: Bronzong|[from] ability: Levitate\n|\n|-heal|p1a: Bronzong|65/261|[from] item: Leftovers\n|upkeep\n|turn|29\n|\n|t:|1781417817\n|switch|p1a: Dewgong|Dewgong, L94, M|47/322\n|move|p2a: Garchomp|Fire Fang|p1a: Dewgong\n|-damage|p1a: Dewgong|3/322\n|\n|upkeep\n|turn|30\n|\n|t:|1781417829\n|move|p2a: Garchomp|Earthquake|p1a: Dewgong\n|-damage|p1a: Dewgong|0 fnt\n|faint|p1a: Dewgong\n|\n|upkeep\n|\n|t:|1781417836\n|switch|p1a: Abomasnow|Abomasnow, L84, F|118/287\n|-weather|Snowscape|[from] ability: Snow Warning|[of] p1a: Abomasnow\n|turn|31\n|\n|t:|1781417858\n|-terastallize|p2a: Garchomp|Fire\n|move|p2a: Garchomp|Earthquake|p1a: Abomasnow\n|-resisted|p1a: Abomasnow\n|-damage|p1a: Abomasnow|42/287\n|move|p1a: Abomasnow|Aurora Veil|p1a: Abomasnow\n|-sidestart|p1: coalette|move: Aurora Veil\n|\n|-weather|Snowscape|[upkeep]\n|upkeep\n|turn|32\n|\n|t:|1781417870\n|move|p2a: Garchomp|Fire Fang|p1a: Abomasnow\n|-supereffective|p1a: Abomasnow\n|-damage|p1a: Abomasnow|0 fnt\n|faint|p1a: Abomasnow\n|\n|-weather|Snowscape|[upkeep]\n|upkeep\n|\n|t:|1781417879\n|switch|p1a: Copperajah|Copperajah, L86, F|349/349\n|turn|33\n|inactive|Random BS Go 69 has 120 seconds left.\n|\n|t:|1781417934\n|switch|p2a: Oricorio|Oricorio-Sensu, L85, F|266/266\n|move|p1a: Copperajah|Earthquake|p2a: Oricorio\n|-immune|p2a: Oricorio\n|\n|-weather|Snowscape|[upkeep]\n|upkeep\n|turn|34\n|\n|t:|1781417940\n|switch|p2a: Mamoswine|Mamoswine, L81, M|235/311 slp\n|-damage|p2a: Mamoswine|197/311 slp|[from] Stealth Rock\n|switch|p1a: Bronzong|Bronzong, L88|65/261\n|\n|-weather|Snowscape|[upkeep]\n|-heal|p1a: Bronzong|81/261|[from] item: Leftovers\n|upkeep\n|turn|35\n|\n|t:|1781417950\n|switch|p2a: Garchomp|Garchomp, L74, M, tera:Fire|146/282\n|-damage|p2a: Garchomp|76/282|[from] Stealth Rock\n|switch|p1a: Copperajah|Copperajah, L86, F|349/349\n|\n|-weather|none\n|upkeep\n|turn|36\n|\n|t:|1781417972\n|switch|p2a: Mamoswine|Mamoswine, L81, M|197/311 slp\n|-damage|p2a: Mamoswine|159/311 slp|[from] Stealth Rock\n|move|p1a: Copperajah|Heavy Slam|p2a: Mamoswine\n|-supereffective|p2a: Mamoswine\n|-damage|p2a: Mamoswine|0 fnt\n|faint|p2a: Mamoswine\n|\n|upkeep\n|\n|t:|1781417982\n|switch|p2a: Garchomp|Garchomp, L74, M, tera:Fire|76/282\n|-damage|p2a: Garchomp|6/282|[from] Stealth Rock\n|turn|37\n|\n|t:|1781417988\n|move|p2a: Garchomp|Earthquake|p1a: Copperajah\n|-supereffective|p1a: Copperajah\n|-damage|p1a: Copperajah|229/349\n|move|p1a: Copperajah|Heavy Slam|p2a: Garchomp\n|-resisted|p2a: Garchomp\n|-damage|p2a: Garchomp|0 fnt\n|-damage|p1a: Copperajah|186/349|[from] ability: Rough Skin|[of] p2a: Garchomp\n|faint|p2a: Garchomp\n|\n|upkeep\n|\n|t:|1781417991\n|switch|p2a: Oricorio|Oricorio-Sensu, L85, F|266/266\n|turn|38\n|\n|t:|1781417997\n|move|p2a: Oricorio|Quiver Dance|p2a: Oricorio\n|-boost|p2a: Oricorio|spa|1\n|-boost|p2a: Oricorio|spd|1\n|-boost|p2a: Oricorio|spe|1\n|move|p1a: Copperajah|Heavy Slam|p2a: Oricorio\n|-damage|p2a: Oricorio|0 fnt\n|faint|p2a: Oricorio\n|\n|win|coalette\n|raw|coalette's rating: 1546 &rarr; <strong>1571</strong><br />(+25 for winning)\n|raw|Random BS Go 69's rating: 1632 &rarr; <strong>1607</strong><br />(-25 for losing)\n|l|\u2606Random BS Go 69\n|player|p2|\n", "uploadtime": 1781418006, "views": 2, "formatid": "gen9randombattle", "rating": 1571, "private": 0, "password": null}