{"id": "gen9randombattle-2631732920", "format": "[Gen 9] Random Battle", "players": ["duuhhao", "fart's cologne"], "log": "|j|\u2606duuhhao\n|j|\u2606fart's cologne\n|t:|1781430511\n|gametype|singles\n|player|p1|duuhhao|clair|2156\n|player|p2|fart's cologne|170|2053\n|gen|9\n|tier|[Gen 9] Random Battle\n|rated|\n|rule|Species Clause: Limit one of each Pok\u00e9mon\n|rule|HP Percentage Mod: HP is shown in percentages\n|rule|Sleep Clause Mod: Limit one foe put to sleep\n|rule|Illusion Level Mod: Illusion disguises the Pok\u00e9mon's true level\n|\n|t:|1781430511\n|teamsize|p1|6\n|teamsize|p2|6\n|start\n|switch|p1a: Entei|Entei, L78|307/307\n|switch|p2a: Electrode|Electrode, L92|260/260\n|turn|1\n|\n|t:|1781430525\n|switch|p1a: Sandy Shocks|Sandy Shocks, L80|267/267\n|move|p2a: Electrode|Foul Play|p1a: Sandy Shocks\n|-damage|p1a: Sandy Shocks|205/267\n|-damage|p2a: Electrode|234/260|[from] item: Life Orb\n|\n|-heal|p1a: Sandy Shocks|221/267|[from] item: Leftovers\n|upkeep\n|turn|2\n|\n|t:|1781430535\n|move|p2a: Electrode|Taunt|p1a: Sandy Shocks\n|-start|p1a: Sandy Shocks|move: Taunt\n|move|p1a: Sandy Shocks|Earth Power|p2a: Electrode\n|-supereffective|p2a: Electrode\n|-damage|p2a: Electrode|36/260\n|\n|-heal|p1a: Sandy Shocks|237/267|[from] item: Leftovers\n|upkeep\n|turn|3\n|\n|t:|1781430544\n|move|p2a: Electrode|Explosion|p1a: Sandy Shocks\n|-damage|p1a: Sandy Shocks|65/267\n|faint|p2a: Electrode\n|move|p1a: Sandy Shocks|Thunderbolt|p2: Electrode|[notarget]\n|-fail|p1a: Sandy Shocks\n|\n|-heal|p1a: Sandy Shocks|81/267|[from] item: Leftovers\n|upkeep\n|\n|t:|1781430561\n|switch|p2a: Mimikyu|Mimikyu, L79, M|216/216\n|turn|4\n|\n|t:|1781430565\n|-end|p1a: Sandy Shocks|Protosynthesis|[silent]\n|switch|p1a: Camerupt|Camerupt, L91, M|275/275\n|move|p2a: Mimikyu|Swords Dance|p2a: Mimikyu\n|-boost|p2a: Mimikyu|atk|2\n|\n|upkeep\n|turn|5\n|\n|t:|1781430580\n|move|p2a: Mimikyu|Drain Punch|p1a: Camerupt\n|-damage|p1a: Camerupt|142/275\n|-damage|p2a: Mimikyu|195/216|[from] item: Life Orb\n|move|p1a: Camerupt|Will-O-Wisp|p2a: Mimikyu\n|-status|p2a: Mimikyu|brn\n|\n|-heal|p1a: Camerupt|159/275|[from] item: Leftovers\n|-damage|p2a: Mimikyu|182/216 brn|[from] brn\n|upkeep\n|turn|6\n|\n|t:|1781430592\n|move|p2a: Mimikyu|Drain Punch|p1a: Camerupt\n|-damage|p1a: Camerupt|101/275\n|-heal|p2a: Mimikyu|211/216 brn|[from] drain|[of] p1a: Camerupt\n|-damage|p2a: Mimikyu|190/216 brn|[from] item: Life Orb\n|move|p1a: Camerupt|Roar|p2a: Mimikyu\n|drag|p2a: Kricketune|Kricketune, L99, F|312/312\n|\n|-heal|p1a: Camerupt|118/275|[from] item: Leftovers\n|upkeep\n|turn|7\n|\n|t:|1781430606\n|move|p2a: Kricketune|Sticky Web|p1a: Camerupt\n|-sidestart|p1: duuhhao|move: Sticky Web\n|move|p1a: Camerupt|Overheat|p2a: Kricketune|[miss]\n|-miss|p1a: Camerupt|p2a: Kricketune\n|\n|-heal|p1a: Camerupt|135/275|[from] item: Leftovers\n|upkeep\n|turn|8\n|\n|t:|1781430620\n|switch|p2a: Chimecho|Chimecho, L93, F|290/290\n|move|p1a: Camerupt|Overheat|p2a: Chimecho\n|-damage|p2a: Chimecho|124/290\n|-unboost|p1a: Camerupt|spa|2\n|\n|-heal|p2a: Chimecho|142/290|[from] item: Leftovers\n|-heal|p1a: Camerupt|152/275|[from] item: Leftovers\n|upkeep\n|turn|9\n|\n|t:|1781430631\n|move|p2a: Chimecho|Recover|p2a: Chimecho\n|-heal|p2a: Chimecho|287/290\n|move|p1a: Camerupt|Will-O-Wisp|p2a: Chimecho|[miss]\n|-miss|p1a: Camerupt|p2a: Chimecho\n|\n|-heal|p2a: Chimecho|290/290|[from] item: Leftovers\n|-heal|p1a: Camerupt|169/275|[from] item: Leftovers\n|upkeep\n|turn|10\n|\n|t:|1781430640\n|move|p2a: Chimecho|Calm Mind|p2a: Chimecho\n|-boost|p2a: Chimecho|spa|1\n|-boost|p2a: Chimecho|spd|1\n|move|p1a: Camerupt|Will-O-Wisp|p2a: Chimecho\n|-status|p2a: Chimecho|brn\n|\n|-heal|p1a: Camerupt|186/275|[from] item: Leftovers\n|-damage|p2a: Chimecho|272/290 brn|[from] brn\n|upkeep\n|turn|11\n|\n|t:|1781430650\n|move|p2a: Chimecho|Psychic Noise|p1a: Camerupt\n|-damage|p1a: Camerupt|23/275\n|-start|p1a: Camerupt|move: Heal Block\n|move|p1a: Camerupt|Roar|p2a: Chimecho\n|drag|p2a: Volbeat|Volbeat, L90, M|263/263\n|\n|upkeep\n|turn|12\n|\n|t:|1781430661\n|move|p2a: Volbeat|U-turn|p1a: Camerupt\n|-resisted|p1a: Camerupt\n|-damage|p1a: Camerupt|0 fnt\n|faint|p1a: Camerupt\n|\n|t:|1781430670\n|switch|p2a: Chimecho|Chimecho, L93, F|272/290 brn|[from] U-turn\n|\n|-heal|p2a: Chimecho|290/290 brn|[from] item: Leftovers\n|-damage|p2a: Chimecho|272/290 brn|[from] brn\n|upkeep\n|\n|t:|1781430672\n|switch|p1a: Vikavolt|Vikavolt, L83, M|263/263\n|turn|13\n|\n|t:|1781430681\n|move|p2a: Chimecho|Calm Mind|p2a: Chimecho\n|-boost|p2a: Chimecho|spa|1\n|-boost|p2a: Chimecho|spd|1\n|move|p1a: Vikavolt|Bug Buzz|p2a: Chimecho\n|-supereffective|p2a: Chimecho\n|-damage|p2a: Chimecho|104/290 brn\n|\n|-heal|p2a: Chimecho|122/290 brn|[from] item: Leftovers\n|-damage|p2a: Chimecho|104/290 brn|[from] brn\n|upkeep\n|turn|14\n|\n|t:|1781430704\n|-terastallize|p2a: Chimecho|Steel\n|move|p2a: Chimecho|Recover|p2a: Chimecho\n|-heal|p2a: Chimecho|249/290 brn\n|move|p1a: Vikavolt|Thunderbolt|p2a: Chimecho\n|-damage|p2a: Chimecho|171/290 brn\n|\n|-heal|p2a: Chimecho|189/290 brn|[from] item: Leftovers\n|-damage|p2a: Chimecho|171/290 brn|[from] brn\n|upkeep\n|turn|15\n|\n|t:|1781430715\n|switch|p1a: Entei|Entei, L78|307/307\n|-activate|p1a: Entei|move: Sticky Web\n|-unboost|p1a: Entei|spe|1\n|move|p2a: Chimecho|Calm Mind|p2a: Chimecho\n|-boost|p2a: Chimecho|spa|1\n|-boost|p2a: Chimecho|spd|1\n|\n|-heal|p2a: Chimecho|189/290 brn|[from] item: Leftovers\n|-damage|p2a: Chimecho|171/290 brn|[from] brn\n|upkeep\n|turn|16\n|\n|t:|1781430726\n|move|p2a: Chimecho|Psychic Noise|p1a: Entei\n|-damage|p1a: Entei|55/307\n|-start|p1a: Entei|move: Heal Block\n|move|p1a: Entei|Flare Blitz|p2a: Chimecho\n|-supereffective|p2a: Chimecho\n|-damage|p2a: Chimecho|0 fnt\n|faint|p2a: Chimecho\n|-damage|p1a: Entei|0 fnt|[from] Recoil\n|faint|p1a: Entei\n|\n|upkeep\n|\n|t:|1781430745\n|switch|p1a: Vikavolt|Vikavolt, L83, M|263/263\n|switch|p2a: Kricketune|Kricketune, L99, F|312/312\n|turn|17\n|\n|t:|1781430751\n|move|p2a: Kricketune|Taunt|p1a: Vikavolt\n|-start|p1a: Vikavolt|move: Taunt\n|move|p1a: Vikavolt|Bug Buzz|p2a: Kricketune\n|-damage|p2a: Kricketune|137/312\n|\n|upkeep\n|turn|18\n|\n|t:|1781430766\n|move|p2a: Kricketune|Knock Off|p1a: Vikavolt\n|-damage|p1a: Vikavolt|173/263\n|-enditem|p1a: Vikavolt|Heavy-Duty Boots|[from] move: Knock Off|[of] p2a: Kricketune\n|move|p1a: Vikavolt|Bug Buzz|p2a: Kricketune\n|-damage|p2a: Kricketune|0 fnt\n|faint|p2a: Kricketune\n|\n|upkeep\n|\n|t:|1781430779\n|switch|p2a: Lunala|Lunala, L70|308/308\n|turn|19\n|\n|t:|1781430784\n|switch|p1a: Ogerpon|Ogerpon-Wellspring, L76, F|247/247\n|-activate|p1a: Ogerpon|move: Sticky Web\n|-unboost|p1a: Ogerpon|spe|1\n|move|p2a: Lunala|Calm Mind|p2a: Lunala\n|-boost|p2a: Lunala|spa|1\n|-boost|p2a: Lunala|spd|1\n|\n|upkeep\n|turn|20\n|\n|t:|1781430792\n|-terastallize|p1a: Ogerpon|Water\n|detailschange|p1a: Ogerpon|Ogerpon-Wellspring-Tera, L76, F, tera:Water\n|-ability|p1a: Ogerpon|Embody Aspect (Wellspring)|boost\n|-boost|p1a: Ogerpon|spd|1\n|move|p2a: Lunala|Calm Mind|p2a: Lunala\n|-boost|p2a: Lunala|spa|1\n|-boost|p2a: Lunala|spd|1\n|move|p1a: Ogerpon|Ivy Cudgel|p2a: Lunala|[anim] Ivy Cudgel Water\n|-damage|p2a: Lunala|215/308\n|\n|-heal|p2a: Lunala|234/308|[from] item: Leftovers\n|upkeep\n|turn|21\n|\n|t:|1781430813\n|move|p2a: Lunala|Moongeist Beam|p1a: Ogerpon\n|-damage|p1a: Ogerpon|117/247\n|move|p1a: Ogerpon|Ivy Cudgel|p2a: Lunala|[anim] Ivy Cudgel Water\n|-crit|p2a: Lunala\n|-damage|p2a: Lunala|0 fnt\n|faint|p2a: Lunala\n|\n|upkeep\n|\n|t:|1781430823\n|switch|p2a: Volbeat|Volbeat, L90, M|263/263\n|turn|22\n|\n|t:|1781430828\n|move|p2a: Volbeat|U-turn|p1a: Ogerpon\n|-damage|p1a: Ogerpon|32/247\n|\n|t:|1781430831\n|switch|p2a: Mimikyu|Mimikyu, L79, M|190/216 brn|[from] U-turn\n|move|p1a: Ogerpon|Ivy Cudgel|p2a: Mimikyu|[anim] Ivy Cudgel Water\n|-activate|p2a: Mimikyu|ability: Disguise\n|-damage|p2a: Mimikyu|190/216 brn\n|detailschange|p2a: Mimikyu|Mimikyu-Busted, L79, M\n|-damage|p2a: Mimikyu|163/216 brn|[from] pokemon: Mimikyu-Busted\n|\n|-damage|p2a: Mimikyu|150/216 brn|[from] brn\n|upkeep\n|turn|23\n|\n|t:|1781430846\n|move|p2a: Mimikyu|Play Rough|p1a: Ogerpon\n|-damage|p1a: Ogerpon|0 fnt\n|faint|p1a: Ogerpon\n|detailschange|p1: Ogerpon|Ogerpon-Wellspring, L76, F|[silent]\n|-damage|p2a: Mimikyu|129/216 brn|[from] item: Life Orb\n|\n|-damage|p2a: Mimikyu|116/216 brn|[from] brn\n|upkeep\n|\n|t:|1781430854\n|switch|p1a: Sandy Shocks|Sandy Shocks, L80|81/267\n|-activate|p1a: Sandy Shocks|move: Sticky Web\n|-unboost|p1a: Sandy Shocks|spe|1\n|turn|24\n|\n|t:|1781430860\n|move|p2a: Mimikyu|Play Rough|p1a: Sandy Shocks\n|-damage|p1a: Sandy Shocks|30/267\n|-damage|p2a: Mimikyu|95/216 brn|[from] item: Life Orb\n|move|p1a: Sandy Shocks|Thunderbolt|p2a: Mimikyu\n|-damage|p2a: Mimikyu|0 fnt\n|faint|p2a: Mimikyu\n|\n|-heal|p1a: Sandy Shocks|46/267|[from] item: Leftovers\n|upkeep\n|\n|t:|1781430870\n|switch|p2a: Volbeat|Volbeat, L90, M|263/263\n|turn|25\n|\n|t:|1781430875\n|move|p2a: Volbeat|U-turn|p1a: Sandy Shocks\n|-damage|p1a: Sandy Shocks|0 fnt\n|faint|p1a: Sandy Shocks\n|-end|p1a: Sandy Shocks|Protosynthesis|[silent]\n|\n|upkeep\n|\n|t:|1781430877\n|switch|p1a: Vikavolt|Vikavolt, L83, M|173/263\n|turn|26\n|\n|t:|1781430883\n|move|p2a: Volbeat|U-turn|p1a: Vikavolt\n|-damage|p1a: Vikavolt|109/263\n|move|p1a: Vikavolt|Thunderbolt|p2a: Volbeat\n|-damage|p2a: Volbeat|140/263\n|-status|p2a: Volbeat|par\n|\n|upkeep\n|turn|27\n|\n|t:|1781430896\n|move|p2a: Volbeat|Roost|p2a: Volbeat\n|-heal|p2a: Volbeat|263/263 par\n|-singleturn|p2a: Volbeat|move: Roost\n|move|p1a: Vikavolt|Bug Buzz|p2a: Volbeat\n|-damage|p2a: Volbeat|140/263 par\n|\n|upkeep\n|turn|28\n|\n|t:|1781430902\n|move|p1a: Vikavolt|Bug Buzz|p2a: Volbeat\n|-damage|p2a: Volbeat|10/263 par\n|-unboost|p2a: Volbeat|spd|1\n|move|p2a: Volbeat|U-turn|p1a: Vikavolt\n|-damage|p1a: Vikavolt|39/263\n|\n|upkeep\n|turn|29\n|\n|t:|1781430910\n|move|p2a: Volbeat|Roost|p2a: Volbeat\n|-heal|p2a: Volbeat|142/263 par\n|-singleturn|p2a: Volbeat|move: Roost\n|move|p1a: Vikavolt|Bug Buzz|p2a: Volbeat\n|-damage|p2a: Volbeat|0 fnt\n|faint|p2a: Volbeat\n|\n|win|duuhhao\n", "uploadtime": 1781430513, "views": 3, "formatid": "gen9randombattle", "rating": null, "private": 0, "password": null}