{"id": "gen9randombattle-2632001321", "format": "[Gen 9] Random Battle", "players": ["LXMDI", "poisi"], "log": "|j|\u2606LXMDI\n|j|\u2606poisi\n|t:|1781464630\n|gametype|singles\n|player|p1|LXMDI|nate|1360\n|player|p2|poisi|plasmagrunt-gen5bw|1357\n|gen|9\n|tier|[Gen 9] Random Battle\n|rated|\n|rule|Species Clause: Limit one of each Pok\u00e9mon\n|rule|HP Percentage Mod: HP is shown in percentages\n|rule|Sleep Clause Mod: Limit one foe put to sleep\n|rule|Illusion Level Mod: Illusion disguises the Pok\u00e9mon's true level\n|\n|t:|1781464631\n|teamsize|p1|6\n|teamsize|p2|6\n|start\n|switch|p1a: Revavroom|Revavroom, L79, M|256/256\n|switch|p2a: Sandy Shocks|Sandy Shocks, L80|267/267\n|turn|1\n|inactive|Battle timer is ON: inactive players will automatically lose when time's up. (requested by LXMDI)\n|\n|t:|1781464643\n|switch|p1a: Masquerain|Masquerain, L87, M|264/264\n|-ability|p1a: Masquerain|Intimidate|boost\n|-unboost|p2a: Sandy Shocks|atk|1\n|move|p2a: Sandy Shocks|Earth Power|p1a: Masquerain\n|-immune|p1a: Masquerain\n|\n|upkeep\n|turn|2\n|\n|t:|1781464654\n|switch|p1a: Palossand|Palossand, L89, M|296/296\n|move|p2a: Sandy Shocks|Stealth Rock|p1a: Palossand\n|-sidestart|p1: LXMDI|move: Stealth Rock\n|\n|upkeep\n|turn|3\n|\n|t:|1781464662\n|-end|p2a: Sandy Shocks|Protosynthesis|[silent]\n|switch|p2a: Muk|Muk-Alola, L82, M|306/306\n|move|p1a: Palossand|Earth Power|p2a: Muk\n|-supereffective|p2a: Muk\n|-damage|p2a: Muk|174/306\n|\n|upkeep\n|turn|4\n|\n|t:|1781464668\n|move|p2a: Muk|Knock Off|p1a: Palossand\n|-supereffective|p1a: Palossand\n|-damage|p1a: Palossand|132/296\n|-enditem|p1a: Palossand|Leftovers|[from] move: Knock Off|[of] p2a: Muk\n|move|p1a: Palossand|Earth Power|p2a: Muk\n|-supereffective|p2a: Muk\n|-damage|p2a: Muk|48/306\n|\n|upkeep\n|turn|5\n|\n|t:|1781464676\n|move|p2a: Muk|Knock Off|p1a: Palossand\n|-supereffective|p1a: Palossand\n|-damage|p1a: Palossand|12/296\n|move|p1a: Palossand|Earth Power|p2a: Muk\n|-supereffective|p2a: Muk\n|-damage|p2a: Muk|0 fnt\n|faint|p2a: Muk\n|\n|upkeep\n|\n|t:|1781464698\n|switch|p2a: Kleavor|Kleavor, L78, M|237/237\n|turn|6\n|\n|t:|1781464703\n|move|p2a: Kleavor|Stone Axe|p1a: Palossand\n|-resisted|p1a: Palossand\n|-damage|p1a: Palossand|0 fnt\n|faint|p1a: Palossand\n|\n|upkeep\n|\n|t:|1781464709\n|switch|p1a: Masquerain|Masquerain, L87, M|264/264\n|-ability|p1a: Masquerain|Intimidate|boost\n|-unboost|p2a: Kleavor|atk|1\n|turn|7\n|\n|t:|1781464715\n|move|p1a: Masquerain|Hydro Pump|p2a: Kleavor\n|-supereffective|p2a: Kleavor\n|-damage|p2a: Kleavor|9/237\n|move|p2a: Kleavor|Stone Axe|p1a: Masquerain|[miss]\n|-miss|p2a: Kleavor|p1a: Masquerain\n|\n|upkeep\n|turn|8\n|\n|t:|1781464724\n|move|p1a: Masquerain|Hydro Pump|p2a: Kleavor|[miss]\n|-miss|p1a: Masquerain|p2a: Kleavor\n|move|p2a: Kleavor|Stone Axe|p1a: Masquerain\n|-supereffective|p1a: Masquerain\n|-damage|p1a: Masquerain|0 fnt\n|faint|p1a: Masquerain\n|\n|upkeep\n|\n|t:|1781464731\n|switch|p1a: Suicune|Suicune, L82|298/298\n|-damage|p1a: Suicune|261/298|[from] Stealth Rock\n|-ability|p1a: Suicune|Pressure\n|turn|9\n|c|\u2606poisi|tiens nique bien ta mere plus loin\n|\n|t:|1781464745\n|move|p1a: Suicune|Scald|p2a: Kleavor\n|-supereffective|p2a: Kleavor\n|-damage|p2a: Kleavor|0 fnt\n|faint|p2a: Kleavor\n|\n|-heal|p1a: Suicune|279/298|[from] item: Leftovers\n|upkeep\n|\n|t:|1781464751\n|switch|p2a: Meowstic|Meowstic, L89, M|277/277\n|turn|10\n|inactive|LXMDI has 120 seconds left.\n|\n|t:|1781464789\n|move|p2a: Meowstic|Thunder Wave|p1a: Suicune\n|-status|p1a: Suicune|par\n|move|p1a: Suicune|Substitute|p1a: Suicune\n|-start|p1a: Suicune|Substitute\n|-damage|p1a: Suicune|205/298 par\n|\n|-heal|p1a: Suicune|223/298 par|[from] item: Leftovers\n|upkeep\n|turn|11\n|\n|t:|1781464797\n|move|p2a: Meowstic|Psychic Noise|p1a: Suicune\n|-damage|p1a: Suicune|153/298 par\n|-start|p1a: Suicune|move: Heal Block\n|move|p1a: Suicune|Calm Mind|p1a: Suicune\n|-boost|p1a: Suicune|spa|1\n|-boost|p1a: Suicune|spd|1\n|\n|upkeep\n|turn|12\n|\n|t:|1781464807\n|move|p2a: Meowstic|Light Screen|p2a: Meowstic\n|-sidestart|p2: poisi|move: Light Screen\n|move|p1a: Suicune|Scald|p2a: Meowstic\n|-damage|p2a: Meowstic|223/277\n|\n|-end|p1a: Suicune|move: Heal Block\n|upkeep\n|turn|13\n|\n|t:|1781464810\n|move|p2a: Meowstic|Psychic Noise|p1a: Suicune\n|-damage|p1a: Suicune|107/298 par\n|-start|p1a: Suicune|move: Heal Block\n|move|p1a: Suicune|Scald|p2a: Meowstic\n|-damage|p2a: Meowstic|169/277\n|\n|upkeep\n|turn|14\n|\n|t:|1781464817\n|move|p2a: Meowstic|Psychic Noise|p1a: Suicune\n|-damage|p1a: Suicune|62/298 par\n|move|p1a: Suicune|Scald|p2a: Meowstic\n|-damage|p2a: Meowstic|115/277\n|-status|p2a: Meowstic|brn\n|\n|-damage|p2a: Meowstic|98/277 brn|[from] brn\n|-end|p1a: Suicune|move: Heal Block\n|upkeep\n|turn|15\n|\n|t:|1781464824\n|move|p2a: Meowstic|Psychic Noise|p1a: Suicune\n|-damage|p1a: Suicune|14/298 par\n|-start|p1a: Suicune|move: Heal Block\n|cant|p1a: Suicune|par\n|\n|-damage|p2a: Meowstic|81/277 brn|[from] brn\n|upkeep\n|turn|16\n|\n|t:|1781464830\n|cant|p1a: Suicune|par\n|move|p2a: Meowstic|Psychic Noise|p1a: Suicune\n|-damage|p1a: Suicune|0 fnt\n|faint|p1a: Suicune\n|\n|-damage|p2a: Meowstic|64/277 brn|[from] brn\n|upkeep\n|\n|t:|1781464833\n|switch|p1a: Revavroom|Revavroom, L79, M|256/256\n|-damage|p1a: Revavroom|240/256|[from] Stealth Rock\n|turn|17\n|\n|t:|1781464842\n|-terastallize|p1a: Revavroom|Ground\n|move|p2a: Meowstic|Thunder Wave|p1a: Revavroom\n|-immune|p1a: Revavroom\n|move|p1a: Revavroom|Shift Gear|p1a: Revavroom\n|-boost|p1a: Revavroom|spe|2\n|-boost|p1a: Revavroom|atk|1\n|\n|-damage|p2a: Meowstic|47/277 brn|[from] brn\n|upkeep\n|turn|18\n|\n|t:|1781464863\n|move|p2a: Meowstic|Reflect|p2a: Meowstic\n|-sidestart|p2: poisi|Reflect\n|move|p1a: Revavroom|Iron Head|p2a: Meowstic\n|-damage|p2a: Meowstic|0 fnt\n|faint|p2a: Meowstic\n|-damage|p1a: Revavroom|215/256|[from] item: Life Orb\n|\n|upkeep\n|-message|LXMDI forfeited.\n|\n|win|poisi\n", "uploadtime": 1781464738, "views": 3, "formatid": "gen9randombattle", "rating": null, "private": 0, "password": null}