{"id": "gen9randombattle-2631595701", "format": "[Gen 9] Random Battle", "players": ["SZSoo", "Etjx"], "log": "|j|\u2606SZSoo\n|j|\u2606Etjx\n|t:|1781406256\n|gametype|singles\n|player|p1|SZSoo|swimmer-gen4|2091\n|player|p2|Etjx|policeman-gen4|2035\n|gen|9\n|tier|[Gen 9] Random Battle\n|rated|\n|rule|Species Clause: Limit one of each Pok\u00e9mon\n|rule|HP Percentage Mod: HP is shown in percentages\n|rule|Sleep Clause Mod: Limit one foe put to sleep\n|rule|Illusion Level Mod: Illusion disguises the Pok\u00e9mon's true level\n|\n|t:|1781406256\n|teamsize|p1|6\n|teamsize|p2|6\n|start\n|switch|p1a: Plusle|Plusle, L95, M|268/268\n|switch|p2a: Regirock|Regirock, L83|268/268\n|turn|1\n|inactive|Battle timer is ON: inactive players will automatically lose when time's up. (requested by Etjx)\n|inactive|SZSoo also wants the timer to be on.\n|\n|t:|1781406277\n|switch|p1a: Slowking|Slowking, L88, F|310/310\n|move|p2a: Regirock|Stone Edge|p1a: Slowking\n|-crit|p1a: Slowking\n|-damage|p1a: Slowking|130/310\n|\n|upkeep\n|turn|2\n|\n|t:|1781406288\n|switch|p1a: Hydrapple|Hydrapple, L83, M|312/312\n|move|p2a: Regirock|Stealth Rock|p1a: Hydrapple\n|-sidestart|p1: SZSoo|move: Stealth Rock\n|\n|upkeep\n|turn|3\n|\n|t:|1781406298\n|switch|p2a: Forretress|Forretress, L84, M|263/263\n|move|p1a: Hydrapple|Fickle Beam|p2a: Forretress\n|-resisted|p2a: Forretress\n|-crit|p2a: Forretress\n|-damage|p2a: Forretress|105/263\n|\n|-heal|p2a: Forretress|121/263|[from] item: Leftovers\n|upkeep\n|turn|4\n|\n|t:|1781406310\n|switch|p1a: Slowking|Slowking, L88, F|233/310\n|move|p2a: Forretress|Spikes|p1a: Slowking\n|-sidestart|p1: SZSoo|Spikes\n|\n|-heal|p2a: Forretress|137/263|[from] item: Leftovers\n|upkeep\n|turn|5\n|\n|t:|1781406315\n|switch|p2a: Brute Bonnet|Brute Bonnet, L80|309/309\n|move|p1a: Slowking|Scald|p2a: Brute Bonnet\n|-resisted|p2a: Brute Bonnet\n|-damage|p2a: Brute Bonnet|261/309\n|\n|-heal|p2a: Brute Bonnet|280/309|[from] item: Leftovers\n|upkeep\n|turn|6\n|\n|t:|1781406319\n|switch|p1a: Honchkrow|Honchkrow, L86, M|312/312\n|move|p2a: Brute Bonnet|Crunch|p1a: Honchkrow\n|-resisted|p1a: Honchkrow\n|-damage|p1a: Honchkrow|245/312\n|-unboost|p1a: Honchkrow|def|1\n|\n|-heal|p2a: Brute Bonnet|299/309|[from] item: Leftovers\n|upkeep\n|turn|7\n|\n|t:|1781406323\n|-end|p2a: Brute Bonnet|Protosynthesis|[silent]\n|switch|p2a: Regirock|Regirock, L83|268/268\n|move|p1a: Honchkrow|U-turn|p2a: Regirock\n|-damage|p2a: Regirock|237/268\n|\n|t:|1781406347\n|switch|p1a: Slowking|Slowking, L88, F|310/310|[from] U-turn\n|\n|-heal|p2a: Regirock|253/268|[from] item: Leftovers\n|upkeep\n|turn|8\n|\n|t:|1781406352\n|switch|p2a: Hydrapple|Hydrapple, L83, F|312/312\n|move|p1a: Slowking|Scald|p2a: Hydrapple\n|-resisted|p2a: Hydrapple\n|-crit|p2a: Hydrapple\n|-damage|p2a: Hydrapple|271/312\n|\n|-heal|p2a: Hydrapple|290/312|[from] item: Leftovers\n|upkeep\n|turn|9\n|\n|t:|1781406375\n|move|p2a: Hydrapple|Nasty Plot|p2a: Hydrapple\n|-boost|p2a: Hydrapple|spa|2\n|-prepare|p1a: Slowking|Chilly Reception|[premajor]\n|move|p1a: Slowking|Chilly Reception|p1a: Slowking\n|-weather|Snowscape\n|\n|t:|1781406386\n|switch|p1a: Honchkrow|Honchkrow, L86, M|245/312|[from] Chilly Reception\n|\n|-weather|Snowscape|[upkeep]\n|-heal|p2a: Hydrapple|309/312|[from] item: Leftovers\n|upkeep\n|turn|10\n|\n|t:|1781406390\n|switch|p2a: Regirock|Regirock, L83|253/268\n|move|p1a: Honchkrow|Brave Bird|p2a: Regirock\n|-resisted|p2a: Regirock\n|-damage|p2a: Regirock|211/268\n|-damage|p1a: Honchkrow|231/312|[from] Recoil\n|\n|-weather|Snowscape|[upkeep]\n|-heal|p2a: Regirock|227/268|[from] item: Leftovers\n|upkeep\n|turn|11\n|\n|t:|1781406393\n|move|p1a: Honchkrow|U-turn|p2a: Regirock\n|-damage|p2a: Regirock|195/268\n|\n|t:|1781406397\n|switch|p1a: Hydrapple|Hydrapple, L83, M|312/312|[from] U-turn\n|-damage|p1a: Hydrapple|273/312|[from] Stealth Rock\n|-damage|p1a: Hydrapple|234/312|[from] Spikes\n|move|p2a: Regirock|Stone Edge|p1a: Hydrapple\n|-damage|p1a: Hydrapple|138/312\n|\n|-weather|Snowscape|[upkeep]\n|-heal|p2a: Regirock|211/268|[from] item: Leftovers\n|upkeep\n|turn|12\n|\n|t:|1781406409\n|switch|p2a: Forretress|Forretress, L84, M|137/263\n|move|p1a: Hydrapple|Draco Meteor|p2a: Forretress\n|-resisted|p2a: Forretress\n|-damage|p2a: Forretress|0 fnt\n|-unboost|p1a: Hydrapple|spa|2\n|faint|p2a: Forretress\n|\n|-weather|Snowscape|[upkeep]\n|upkeep\n|\n|t:|1781406417\n|switch|p2a: Metagross|Metagross, L79|256/256\n|turn|13\n|\n|t:|1781406422\n|switch|p1a: Slowking|Slowking, L88, F|310/310\n|move|p2a: Metagross|Heavy Slam|p1a: Slowking\n|-resisted|p1a: Slowking\n|-damage|p1a: Slowking|232/310\n|\n|-weather|none\n|upkeep\n|turn|14\n|\n|t:|1781406427\n|switch|p2a: Brute Bonnet|Brute Bonnet, L80|299/309\n|move|p1a: Slowking|Scald|p2a: Brute Bonnet\n|-resisted|p2a: Brute Bonnet\n|-damage|p2a: Brute Bonnet|255/309\n|\n|-heal|p2a: Brute Bonnet|274/309|[from] item: Leftovers\n|upkeep\n|turn|15\n|\n|t:|1781406430\n|switch|p1a: Honchkrow|Honchkrow, L86, M|231/312\n|move|p2a: Brute Bonnet|Spore|p1a: Honchkrow\n|-status|p1a: Honchkrow|slp|[from] move: Spore\n|\n|-heal|p2a: Brute Bonnet|293/309|[from] item: Leftovers\n|upkeep\n|turn|16\n|\n|t:|1781406434\n|-end|p2a: Brute Bonnet|Protosynthesis|[silent]\n|switch|p2a: Regirock|Regirock, L83|211/268\n|cant|p1a: Honchkrow|slp\n|\n|-heal|p2a: Regirock|227/268|[from] item: Leftovers\n|upkeep\n|turn|17\n|\n|t:|1781406438\n|switch|p1a: Slowking|Slowking, L88, F|310/310\n|move|p2a: Regirock|Stone Edge|p1a: Slowking|[miss]\n|-miss|p2a: Regirock|p1a: Slowking\n|\n|-heal|p2a: Regirock|243/268|[from] item: Leftovers\n|upkeep\n|turn|18\n|\n|t:|1781406444\n|switch|p2a: Brute Bonnet|Brute Bonnet, L80|293/309\n|move|p1a: Slowking|Scald|p2a: Brute Bonnet\n|-resisted|p2a: Brute Bonnet\n|-damage|p2a: Brute Bonnet|251/309\n|\n|-heal|p2a: Brute Bonnet|270/309|[from] item: Leftovers\n|upkeep\n|turn|19\n|\n|t:|1781406453\n|switch|p1a: Honchkrow|Honchkrow, L86, M|231/312 slp\n|move|p2a: Brute Bonnet|Seed Bomb|p1a: Honchkrow\n|-resisted|p1a: Honchkrow\n|-damage|p1a: Honchkrow|161/312 slp\n|\n|-heal|p2a: Brute Bonnet|289/309|[from] item: Leftovers\n|upkeep\n|turn|20\n|\n|t:|1781406458\n|-end|p2a: Brute Bonnet|Protosynthesis|[silent]\n|switch|p2a: Reshiram|Reshiram, L76|277/277\n|-ability|p2a: Reshiram|Turboblaze\n|cant|p1a: Honchkrow|slp\n|\n|upkeep\n|turn|21\n|\n|t:|1781406465\n|switch|p1a: Clodsire|Clodsire, L81, F|343/343\n|-damage|p1a: Clodsire|322/343|[from] Stealth Rock\n|-damage|p1a: Clodsire|280/343|[from] Spikes\n|move|p2a: Reshiram|Dragon Dance|p2a: Reshiram\n|-boost|p2a: Reshiram|atk|1\n|-boost|p2a: Reshiram|spe|1\n|\n|-heal|p1a: Clodsire|301/343|[from] item: Leftovers\n|upkeep\n|turn|22\n|\n|t:|1781406477\n|move|p2a: Reshiram|Dragon Dance|p2a: Reshiram\n|-boost|p2a: Reshiram|atk|1\n|-boost|p2a: Reshiram|spe|1\n|move|p1a: Clodsire|Toxic|p2a: Reshiram\n|-status|p2a: Reshiram|tox\n|\n|-heal|p1a: Clodsire|322/343|[from] item: Leftovers\n|-damage|p2a: Reshiram|260/277 tox|[from] psn\n|upkeep\n|turn|23\n|\n|t:|1781406486\n|move|p2a: Reshiram|Outrage|p1a: Clodsire\n|-damage|p1a: Clodsire|0 fnt\n|faint|p1a: Clodsire\n|\n|-damage|p2a: Reshiram|226/277 tox|[from] psn\n|upkeep\n|inactive|SZSoo has 120 seconds left.\n|\n|t:|1781406518\n|switch|p1a: Hydrapple|Hydrapple, L83, M|242/312\n|-damage|p1a: Hydrapple|203/312|[from] Stealth Rock\n|-damage|p1a: Hydrapple|164/312|[from] Spikes\n|turn|24\n|\n|t:|1781406524\n|-terastallize|p1a: Hydrapple|Steel\n|move|p2a: Reshiram|Outrage|p1a: Hydrapple|[from] lockedmove\n|-resisted|p1a: Hydrapple\n|-damage|p1a: Hydrapple|63/312\n|-start|p2a: Reshiram|confusion|[fatigue]\n|move|p1a: Hydrapple|Fickle Beam|p2a: Reshiram|[anim] Fickle Beam All Out\n|-activate|p1a: Hydrapple|move: Fickle Beam\n|-supereffective|p2a: Reshiram\n|-damage|p2a: Reshiram|0 fnt\n|faint|p2a: Reshiram\n|\n|upkeep\n|\n|t:|1781406534\n|switch|p2a: Regirock|Regirock, L83|243/268\n|turn|25\n|\n|t:|1781406542\n|switch|p1a: Slowking|Slowking, L88, F|310/310\n|move|p2a: Regirock|Body Press|p1a: Slowking\n|-resisted|p1a: Slowking\n|-damage|p1a: Slowking|260/310\n|\n|-heal|p2a: Regirock|259/268|[from] item: Leftovers\n|upkeep\n|turn|26\n|\n|t:|1781406546\n|switch|p2a: Hydrapple|Hydrapple, L83, F|312/312\n|move|p1a: Slowking|Scald|p2a: Hydrapple\n|-resisted|p2a: Hydrapple\n|-damage|p2a: Hydrapple|288/312\n|\n|-heal|p2a: Hydrapple|307/312|[from] item: Leftovers\n|upkeep\n|turn|27\n|\n|t:|1781406559\n|switch|p1a: Honchkrow|Honchkrow, L86, M|161/312 slp\n|move|p2a: Hydrapple|Nasty Plot|p2a: Hydrapple\n|-boost|p2a: Hydrapple|spa|2\n|\n|-heal|p2a: Hydrapple|312/312|[from] item: Leftovers\n|upkeep\n|turn|28\n|\n|t:|1781406569\n|cant|p1a: Honchkrow|slp\n|move|p2a: Hydrapple|Fickle Beam|p1a: Honchkrow\n|-damage|p1a: Honchkrow|0 fnt\n|faint|p1a: Honchkrow\n|\n|upkeep\n|\n|t:|1781406595\n|switch|p1a: Rabsca|Rabsca, L91, M|284/284\n|turn|29\n|\n|t:|1781406607\n|move|p2a: Hydrapple|Nasty Plot|p2a: Hydrapple\n|-boost|p2a: Hydrapple|spa|2\n|move|p1a: Rabsca|Trick Room|p1a: Rabsca\n|-fieldstart|move: Trick Room|[of] p1a: Rabsca\n|\n|upkeep\n|turn|30\n|\n|t:|1781406614\n|-terastallize|p2a: Hydrapple|Steel\n|move|p1a: Rabsca|Bug Buzz|p2a: Hydrapple\n|-resisted|p2a: Hydrapple\n|-damage|p2a: Hydrapple|246/312\n|-unboost|p2a: Hydrapple|spd|1\n|move|p2a: Hydrapple|Fickle Beam|p1a: Rabsca|[anim] Fickle Beam All Out\n|-activate|p2a: Hydrapple|move: Fickle Beam\n|-damage|p1a: Rabsca|0 fnt\n|faint|p1a: Rabsca\n|\n|-heal|p2a: Hydrapple|265/312|[from] item: Leftovers\n|upkeep\n|\n|t:|1781406629\n|switch|p1a: Hydrapple|Hydrapple, L83, M, tera:Steel|167/312\n|-damage|p1a: Hydrapple|148/312|[from] Stealth Rock\n|-damage|p1a: Hydrapple|109/312|[from] Spikes\n|turn|31\n|\n|t:|1781406631\n|move|p2a: Hydrapple|Earth Power|p1a: Hydrapple\n|-supereffective|p1a: Hydrapple\n|-damage|p1a: Hydrapple|0 fnt\n|faint|p1a: Hydrapple\n|\n|-heal|p2a: Hydrapple|284/312|[from] item: Leftovers\n|upkeep\n|-message|SZSoo forfeited.\n|\n|win|Etjx\n", "uploadtime": 1781406258, "views": 3, "formatid": "gen9randombattle", "rating": null, "private": 0, "password": null}