{"id": "gen9randombattle-2631813333", "format": "[Gen 9] Random Battle", "players": ["vCreeze", "duuhhao"], "log": "|j|\u2606vCreeze\n|j|\u2606duuhhao\n|t:|1781443372\n|gametype|singles\n|player|p1|vCreeze|marnie-masters|2108\n|player|p2|duuhhao|clair|2179\n|gen|9\n|tier|[Gen 9] Random Battle\n|rated|\n|rule|Species Clause: Limit one of each Pok\u00e9mon\n|rule|HP Percentage Mod: HP is shown in percentages\n|rule|Sleep Clause Mod: Limit one foe put to sleep\n|rule|Illusion Level Mod: Illusion disguises the Pok\u00e9mon's true level\n|\n|t:|1781443372\n|teamsize|p1|6\n|teamsize|p2|6\n|start\n|switch|p1a: Tyranitar|Tyranitar, L78, M|284/284\n|switch|p2a: Iron Leaves|Iron Leaves, L80|275/275\n|-weather|Sandstorm|[from] ability: Sand Stream|[of] p1a: Tyranitar\n|turn|1\n|\n|t:|1781443401\n|switch|p1a: Ogerpon|Ogerpon-Hearthflame, L74, F|239/239\n|-ability|p1a: Ogerpon|Mold Breaker\n|move|p2a: Iron Leaves|Close Combat|p1a: Ogerpon\n|-damage|p1a: Ogerpon|86/239\n|-unboost|p2a: Iron Leaves|def|1\n|-unboost|p2a: Iron Leaves|spd|1\n|-damage|p2a: Iron Leaves|248/275|[from] item: Life Orb\n|\n|-weather|Sandstorm|[upkeep]\n|-damage|p2a: Iron Leaves|231/275|[from] Sandstorm\n|-damage|p1a: Ogerpon|72/239|[from] Sandstorm\n|upkeep\n|turn|2\n|\n|t:|1781443457\n|-end|p2a: Iron Leaves|Quark Drive|[silent]\n|switch|p2a: Tauros|Tauros, L82, M|257/257\n|move|p1a: Ogerpon|Ivy Cudgel|p2a: Tauros|[anim] Ivy Cudgel Fire\n|-damage|p2a: Tauros|142/257\n|\n|-weather|Sandstorm|[upkeep]\n|-damage|p2a: Tauros|126/257|[from] Sandstorm\n|-damage|p1a: Ogerpon|58/239|[from] Sandstorm\n|upkeep\n|turn|3\n|\n|t:|1781443466\n|move|p2a: Tauros|Throat Chop|p1a: Ogerpon\n|-damage|p1a: Ogerpon|0 fnt\n|faint|p1a: Ogerpon\n|\n|-weather|Sandstorm|[upkeep]\n|-damage|p2a: Tauros|110/257|[from] Sandstorm\n|upkeep\n|\n|t:|1781443472\n|switch|p1a: Deoxys|Deoxys, L74|196/196\n|-ability|p1a: Deoxys|Pressure\n|turn|4\n|\n|t:|1781443480\n|move|p1a: Deoxys|Ice Beam|p2a: Tauros\n|-damage|p2a: Tauros|0 fnt\n|faint|p2a: Tauros\n|-damage|p1a: Deoxys|177/196|[from] item: Life Orb\n|\n|-weather|Sandstorm|[upkeep]\n|-damage|p1a: Deoxys|165/196|[from] Sandstorm\n|upkeep\n|\n|t:|1781443487\n|switch|p2a: Banette|Banette, L93, M|270/270\n|turn|5\n|\n|t:|1781443503\n|switch|p1a: Tyranitar|Tyranitar, L78, M|284/284\n|switch|p2a: Iron Leaves|Iron Leaves, L80|231/275\n|\n|-weather|none\n|upkeep\n|turn|6\n|\n|t:|1781443519\n|switch|p1a: Milotic|Milotic, L83, F|293/293\n|move|p2a: Iron Leaves|Leaf Blade|p1a: Milotic\n|-supereffective|p1a: Milotic\n|-damage|p1a: Milotic|0 fnt\n|faint|p1a: Milotic\n|-damage|p2a: Iron Leaves|204/275|[from] item: Life Orb\n|\n|upkeep\n|\n|t:|1781443525\n|switch|p1a: Deoxys|Deoxys, L74|165/196\n|-ability|p1a: Deoxys|Pressure\n|turn|7\n|\n|t:|1781443529\n|-end|p2a: Iron Leaves|Quark Drive|[silent]\n|switch|p2a: Magnezone|Magnezone, L85|258/258\n|move|p1a: Deoxys|Knock Off|p2a: Magnezone\n|-damage|p2a: Magnezone|185/258\n|-enditem|p2a: Magnezone|Leftovers|[from] move: Knock Off|[of] p1a: Deoxys\n|-damage|p1a: Deoxys|146/196|[from] item: Life Orb\n|\n|upkeep\n|turn|8\n|\n|t:|1781443536\n|move|p1a: Deoxys|Superpower|p2a: Magnezone\n|-supereffective|p2a: Magnezone\n|-damage|p2a: Magnezone|0 fnt\n|-unboost|p1a: Deoxys|atk|1\n|-unboost|p1a: Deoxys|def|1\n|faint|p2a: Magnezone\n|-damage|p1a: Deoxys|127/196|[from] item: Life Orb\n|\n|upkeep\n|\n|t:|1781443540\n|switch|p2a: Banette|Banette, L93, M|270/270\n|turn|9\n|\n|t:|1781443550\n|switch|p1a: Tyranitar|Tyranitar, L78, M|284/284\n|-weather|Sandstorm|[from] ability: Sand Stream|[of] p1a: Tyranitar\n|move|p2a: Banette|Shadow Sneak|p1a: Tyranitar\n|-resisted|p1a: Tyranitar\n|-damage|p1a: Tyranitar|250/284\n|-damage|p2a: Banette|243/270|[from] item: Life Orb\n|\n|-weather|Sandstorm|[upkeep]\n|-damage|p2a: Banette|227/270|[from] Sandstorm\n|upkeep\n|turn|10\n|\n|t:|1781443553\n|switch|p2a: Iron Hands|Iron Hands, L79|373/373\n|move|p1a: Tyranitar|Dragon Dance|p1a: Tyranitar\n|-boost|p1a: Tyranitar|atk|1\n|-boost|p1a: Tyranitar|spe|1\n|\n|-weather|Sandstorm|[upkeep]\n|-damage|p2a: Iron Hands|350/373|[from] Sandstorm\n|-heal|p2a: Iron Hands|373/373|[from] item: Leftovers\n|upkeep\n|turn|11\n|\n|t:|1781443563\n|-terastallize|p1a: Tyranitar|Rock\n|move|p1a: Tyranitar|Stone Edge|p2a: Iron Hands\n|-resisted|p2a: Iron Hands\n|-damage|p2a: Iron Hands|272/373\n|move|p2a: Iron Hands|Wild Charge|p1a: Tyranitar\n|-damage|p1a: Tyranitar|153/284\n|-damage|p2a: Iron Hands|248/373|[from] Recoil\n|\n|-weather|Sandstorm|[upkeep]\n|-damage|p2a: Iron Hands|225/373|[from] Sandstorm\n|-heal|p2a: Iron Hands|248/373|[from] item: Leftovers\n|upkeep\n|turn|12\n|\n|t:|1781443570\n|move|p1a: Tyranitar|Stone Edge|p2a: Iron Hands\n|-resisted|p2a: Iron Hands\n|-damage|p2a: Iron Hands|148/373\n|move|p2a: Iron Hands|Drain Punch|p1a: Tyranitar\n|-supereffective|p1a: Tyranitar\n|-damage|p1a: Tyranitar|0 fnt\n|-heal|p2a: Iron Hands|225/373|[from] drain|[of] p1a: Tyranitar\n|faint|p1a: Tyranitar\n|\n|-weather|Sandstorm|[upkeep]\n|-damage|p2a: Iron Hands|202/373|[from] Sandstorm\n|-heal|p2a: Iron Hands|225/373|[from] item: Leftovers\n|upkeep\n|\n|t:|1781443579\n|switch|p1a: Deoxys|Deoxys, L74|127/196\n|-ability|p1a: Deoxys|Pressure\n|turn|13\n|\n|t:|1781443585\n|move|p1a: Deoxys|Psycho Boost|p2a: Iron Hands\n|-supereffective|p2a: Iron Hands\n|-damage|p2a: Iron Hands|0 fnt\n|-unboost|p1a: Deoxys|spa|2\n|faint|p2a: Iron Hands\n|-end|p2a: Iron Hands|Quark Drive|[silent]\n|-damage|p1a: Deoxys|108/196|[from] item: Life Orb\n|\n|-weather|none\n|upkeep\n|\n|t:|1781443588\n|switch|p2a: Banette|Banette, L93, M|227/270\n|turn|14\n|\n|t:|1781443594\n|switch|p1a: Magnezone|Magnezone, L85|258/258\n|move|p2a: Banette|Poltergeist|p1a: Magnezone\n|-activate|p1a: Magnezone|move: Poltergeist|Leftovers\n|-damage|p1a: Magnezone|90/258\n|-damage|p2a: Banette|200/270|[from] item: Life Orb\n|\n|-heal|p1a: Magnezone|106/258|[from] item: Leftovers\n|upkeep\n|turn|15\n|\n|t:|1781443601\n|move|p2a: Banette|Poltergeist|p1a: Magnezone\n|-activate|p1a: Magnezone|move: Poltergeist|Leftovers\n|-damage|p1a: Magnezone|0 fnt\n|faint|p1a: Magnezone\n|-damage|p2a: Banette|173/270|[from] item: Life Orb\n|\n|upkeep\n|\n|t:|1781443603\n|switch|p1a: Crabominable|Crabominable, L90, F|321/321\n|turn|16\n|\n|t:|1781443613\n|switch|p2a: Brambleghast|Brambleghast, L88, F|240/240\n|move|p1a: Crabominable|Ice Hammer|p2a: Brambleghast\n|-supereffective|p2a: Brambleghast\n|-damage|p2a: Brambleghast|0 fnt\n|-unboost|p1a: Crabominable|spe|1\n|faint|p2a: Brambleghast\n|\n|upkeep\n|\n|t:|1781443618\n|switch|p2a: Iron Leaves|Iron Leaves, L80|204/275\n|turn|17\n|\n|t:|1781443625\n|-terastallize|p2a: Iron Leaves|Fighting\n|move|p2a: Iron Leaves|Close Combat|p1a: Crabominable\n|-supereffective|p1a: Crabominable\n|-damage|p1a: Crabominable|0 fnt\n|-unboost|p2a: Iron Leaves|def|1\n|-unboost|p2a: Iron Leaves|spd|1\n|faint|p1a: Crabominable\n|-damage|p2a: Iron Leaves|177/275|[from] item: Life Orb\n|\n|upkeep\n|\n|t:|1781443629\n|switch|p1a: Deoxys|Deoxys, L74|108/196\n|-ability|p1a: Deoxys|Pressure\n|turn|18\n|\n|t:|1781443632\n|move|p1a: Deoxys|Psycho Boost|p2a: Iron Leaves\n|-supereffective|p2a: Iron Leaves\n|-damage|p2a: Iron Leaves|0 fnt\n|-unboost|p1a: Deoxys|spa|2\n|faint|p2a: Iron Leaves\n|-end|p2a: Iron Leaves|Quark Drive|[silent]\n|-damage|p1a: Deoxys|89/196|[from] item: Life Orb\n|\n|upkeep\n|\n|t:|1781443635\n|switch|p2a: Banette|Banette, L93, M|173/270\n|turn|19\n|inactive|Battle timer is ON: inactive players will automatically lose when time's up. (requested by vCreeze)\n|\n|t:|1781443637\n|move|p2a: Banette|Shadow Sneak|p1a: Deoxys\n|-supereffective|p1a: Deoxys\n|-damage|p1a: Deoxys|0 fnt\n|faint|p1a: Deoxys\n|-damage|p2a: Banette|146/270|[from] item: Life Orb\n|\n|win|duuhhao\n", "uploadtime": 1781443374, "views": 6, "formatid": "gen9randombattle", "rating": null, "private": 0, "password": null}