{"id": "gen9randombattle-2631673754", "format": "[Gen 9] Random Battle", "players": ["pixy.flower\u2206", "renzoprieto"], "log": "|j|\u2606pixy.flower\u2206\n|j|\u2606renzoprieto\n|t:|1781419228\n|gametype|singles\n|player|p1|pixy.flower\u2206|265|1131\n|player|p2|renzoprieto|ghetsis|1123\n|gen|9\n|tier|[Gen 9] Random Battle\n|rated|\n|rule|Species Clause: Limit one of each Pok\u00e9mon\n|rule|HP Percentage Mod: HP is shown in percentages\n|rule|Sleep Clause Mod: Limit one foe put to sleep\n|rule|Illusion Level Mod: Illusion disguises the Pok\u00e9mon's true level\n|\n|t:|1781419228\n|teamsize|p1|6\n|teamsize|p2|6\n|start\n|switch|p1a: Pikachu|Pikachu-Sinnoh, L93, M|216/216\n|switch|p2a: Zekrom|Zekrom, L71|259/259\n|-ability|p2a: Zekrom|Teravolt\n|turn|1\n|\n|t:|1781419249\n|move|p1a: Pikachu|Fake Out|p2a: Zekrom\n|-damage|p2a: Zekrom|215/259\n|cant|p2a: Zekrom|flinch\n|\n|-heal|p2a: Zekrom|231/259|[from] item: Leftovers\n|upkeep\n|turn|2\n|inactive|Battle timer is ON: inactive players will automatically lose when time's up. (requested by pixy.flower\u2206)\n|\n|t:|1781419266\n|move|p1a: Pikachu|Knock Off|p2a: Zekrom\n|-damage|p2a: Zekrom|125/259\n|-enditem|p2a: Zekrom|Leftovers|[from] move: Knock Off|[of] p1a: Pikachu\n|move|p2a: Zekrom|Dragon Dance|p2a: Zekrom\n|-boost|p2a: Zekrom|atk|1\n|-boost|p2a: Zekrom|spe|1\n|\n|upkeep\n|turn|3\n|inactive|pixy.flower\u2206 has 120 seconds left.\n|l|\u2606pixy.flower\u2206\n|inactive|pixy.flower\u2206 disconnected and has a minute to reconnect!\n|player|p1|\n|j|\u2606pixy.flower\u2206\n|inactive|pixy.flower\u2206 reconnected and has 100 seconds left.\n|player|p1|pixy.flower\u2206|265|\n|inactive|pixy.flower\u2206 has 90 seconds left.\n|\n|t:|1781419335\n|switch|p1a: Pawmot|Pawmot, L80, F|243/243\n|move|p2a: Zekrom|Outrage|p1a: Pawmot\n|-damage|p1a: Pawmot|2/243\n|\n|upkeep\n|turn|4\n|inactive|pixy.flower\u2206 has 90 seconds left.\n|\n|t:|1781419351\n|move|p2a: Zekrom|Outrage|p1a: Pawmot|[from] lockedmove\n|-damage|p1a: Pawmot|0 fnt\n|faint|p1a: Pawmot\n|\n|upkeep\n|\n|t:|1781419359\n|switch|p1a: Spiritomb|Spiritomb, L89, F|234/234\n|turn|5\n|\n|t:|1781419368\n|move|p1a: Spiritomb|Sucker Punch|p2a: Zekrom\n|-damage|p2a: Zekrom|49/259\n|move|p2a: Zekrom|Outrage|p1a: Spiritomb|[from] lockedmove\n|-damage|p1a: Spiritomb|63/234\n|-start|p2a: Zekrom|confusion|[fatigue]\n|\n|-heal|p1a: Spiritomb|77/234|[from] item: Leftovers\n|upkeep\n|turn|6\n|inactive|pixy.flower\u2206 has 90 seconds left.\n|\n|t:|1781419379\n|move|p1a: Spiritomb|Sucker Punch||[still]\n|-fail|p1a: Spiritomb\n|-activate|p2a: Zekrom|confusion\n|move|p2a: Zekrom|Substitute|p2a: Zekrom\n|-fail|p2a: Zekrom|move: Substitute|[weak]\n|\n|-heal|p1a: Spiritomb|91/234|[from] item: Leftovers\n|upkeep\n|turn|7\n|inactive|pixy.flower\u2206 has 90 seconds left.\n|\n|t:|1781419387\n|move|p1a: Spiritomb|Sucker Punch|p2a: Zekrom\n|-damage|p2a: Zekrom|0 fnt\n|faint|p2a: Zekrom\n|\n|-heal|p1a: Spiritomb|105/234|[from] item: Leftovers\n|upkeep\n|\n|t:|1781419396\n|switch|p2a: Rillaboom|Rillaboom, L79, F|288/288\n|-fieldstart|move: Grassy Terrain|[from] ability: Grassy Surge|[of] p2a: Rillaboom\n|turn|8\n|\n|t:|1781419407\n|move|p2a: Rillaboom|Wood Hammer|p1a: Spiritomb\n|-damage|p1a: Spiritomb|0 fnt\n|faint|p1a: Spiritomb\n|-damage|p2a: Rillaboom|253/288|[from] Recoil\n|\n|-heal|p2a: Rillaboom|271/288|[from] Grassy Terrain\n|upkeep\n|inactive|pixy.flower\u2206 has 90 seconds left.\n|\n|t:|1781419418\n|switch|p1a: Camerupt|Camerupt, L91, F|275/275\n|turn|9\n|\n|t:|1781419424\n|switch|p2a: Chansey|Chansey, L85, F|564/564\n|move|p1a: Camerupt|Stealth Rock|p2a: Chansey\n|-sidestart|p2: renzoprieto|move: Stealth Rock\n|\n|upkeep\n|turn|10\n|\n|t:|1781419439\n|move|p2a: Chansey|Seismic Toss|p1a: Camerupt\n|-damage|p1a: Camerupt|190/275\n|move|p1a: Camerupt|Will-O-Wisp|p2a: Chansey\n|-status|p2a: Chansey|brn\n|\n|-heal|p1a: Camerupt|207/275|[from] Grassy Terrain\n|-heal|p1a: Camerupt|224/275|[from] item: Leftovers\n|-damage|p2a: Chansey|529/564 brn|[from] brn\n|upkeep\n|turn|11\n|inactive|pixy.flower\u2206 has 90 seconds left.\n|\n|t:|1781419477\n|switch|p1a: Pikachu|Pikachu-Sinnoh, L93, M|216/216\n|move|p2a: Chansey|Seismic Toss|p1a: Pikachu\n|-damage|p1a: Pikachu|131/216\n|\n|-heal|p1a: Pikachu|144/216|[from] Grassy Terrain\n|-heal|p2a: Chansey|564/564 brn|[from] Grassy Terrain\n|-damage|p2a: Chansey|529/564 brn|[from] brn\n|upkeep\n|turn|12\n|\n|t:|1781419488\n|-curestatus|p2a: Chansey|brn|[from] ability: Natural Cure|[silent]\n|switch|p2a: Zarude|Zarude, L77|288/288\n|-damage|p2a: Zarude|252/288|[from] Stealth Rock\n|move|p1a: Pikachu|Knock Off|p2a: Zarude\n|-resisted|p2a: Zarude\n|-damage|p2a: Zarude|201/288\n|-enditem|p2a: Zarude|Leftovers|[from] move: Knock Off|[of] p1a: Pikachu\n|\n|-heal|p1a: Pikachu|157/216|[from] Grassy Terrain\n|-heal|p2a: Zarude|219/288|[from] Grassy Terrain\n|-fieldend|move: Grassy Terrain\n|upkeep\n|turn|13\n|\n|t:|1781419510\n|move|p1a: Pikachu|Surf|p2a: Zarude\n|-resisted|p2a: Zarude\n|-damage|p2a: Zarude|168/288\n|move|p2a: Zarude|Swords Dance|p2a: Zarude\n|-boost|p2a: Zarude|atk|2\n|\n|upkeep\n|turn|14\n|\n|t:|1781419523\n|move|p1a: Pikachu|Volt Tackle|p2a: Zarude\n|-resisted|p2a: Zarude\n|-damage|p2a: Zarude|76/288\n|-damage|p1a: Pikachu|127/216|[from] Recoil\n|move|p2a: Zarude|Synthesis|p2a: Zarude\n|-heal|p2a: Zarude|220/288\n|\n|upkeep\n|turn|15\n|\n|t:|1781419533\n|switch|p1a: Camerupt|Camerupt, L91, F|224/275\n|move|p2a: Zarude|Synthesis|p2a: Zarude\n|-heal|p2a: Zarude|288/288\n|\n|-heal|p1a: Camerupt|241/275|[from] item: Leftovers\n|upkeep\n|turn|16\n|\n|t:|1781419547\n|move|p2a: Zarude|Knock Off|p1a: Camerupt\n|-damage|p1a: Camerupt|1/275\n|-enditem|p1a: Camerupt|Leftovers|[from] move: Knock Off|[of] p2a: Zarude\n|move|p1a: Camerupt|Overheat|p2a: Zarude\n|-supereffective|p2a: Zarude\n|-crit|p2a: Zarude\n|-damage|p2a: Zarude|0 fnt\n|-unboost|p1a: Camerupt|spa|2\n|faint|p2a: Zarude\n|\n|upkeep\n|\n|t:|1781419556\n|switch|p2a: Rillaboom|Rillaboom, L79, F|271/288\n|-damage|p2a: Rillaboom|235/288|[from] Stealth Rock\n|-fieldstart|move: Grassy Terrain|[from] ability: Grassy Surge|[of] p2a: Rillaboom\n|turn|17\n|\n|t:|1781419563\n|move|p2a: Rillaboom|Grassy Glide|p1a: Camerupt\n|-damage|p1a: Camerupt|0 fnt\n|faint|p1a: Camerupt\n|\n|-heal|p2a: Rillaboom|253/288|[from] Grassy Terrain\n|upkeep\n|\n|t:|1781419574\n|switch|p1a: Oranguru|Oranguru, L92, F|315/315\n|turn|18\n|\n|t:|1781419585\n|switch|p2a: Chansey|Chansey, L85, F|529/564\n|-damage|p2a: Chansey|459/564|[from] Stealth Rock\n|move|p1a: Oranguru|Hyper Voice|p2a: Chansey\n|-crit|p2a: Chansey\n|-damage|p2a: Chansey|320/564\n|\n|-heal|p2a: Chansey|355/564|[from] Grassy Terrain\n|upkeep\n|turn|19\n|\n|t:|1781419596\n|switch|p1a: Pikachu|Pikachu-Sinnoh, L93, M|127/216\n|move|p2a: Chansey|Thunder Wave|p1a: Pikachu\n|-ability|p1a: Pikachu|Lightning Rod|boost\n|-boost|p1a: Pikachu|spa|1\n|\n|-heal|p1a: Pikachu|140/216|[from] Grassy Terrain\n|-heal|p2a: Chansey|390/564|[from] Grassy Terrain\n|upkeep\n|turn|20\n|\n|t:|1781419605\n|move|p1a: Pikachu|Fake Out|p2a: Chansey\n|-damage|p2a: Chansey|282/564\n|cant|p2a: Chansey|flinch\n|\n|-heal|p1a: Pikachu|153/216|[from] Grassy Terrain\n|-heal|p2a: Chansey|317/564|[from] Grassy Terrain\n|upkeep\n|turn|21\n|\n|t:|1781419618\n|move|p1a: Pikachu|Volt Tackle|p2a: Chansey\n|-damage|p2a: Chansey|0 fnt\n|faint|p2a: Chansey\n|-damage|p1a: Pikachu|48/216|[from] Recoil\n|\n|-heal|p1a: Pikachu|61/216|[from] Grassy Terrain\n|-fieldend|move: Grassy Terrain\n|upkeep\n|\n|t:|1781419624\n|switch|p2a: Rillaboom|Rillaboom, L79, F|253/288\n|-damage|p2a: Rillaboom|217/288|[from] Stealth Rock\n|-fieldstart|move: Grassy Terrain|[from] ability: Grassy Surge|[of] p2a: Rillaboom\n|turn|22\n|inactive|pixy.flower\u2206 has 90 seconds left.\n|\n|t:|1781419635\n|move|p1a: Pikachu|Knock Off|p2a: Rillaboom\n|-damage|p2a: Rillaboom|100/288\n|-enditem|p2a: Rillaboom|Choice Band|[from] move: Knock Off|[of] p1a: Pikachu\n|move|p2a: Rillaboom|Wood Hammer|p1a: Pikachu\n|-damage|p1a: Pikachu|0 fnt\n|faint|p1a: Pikachu\n|-damage|p2a: Rillaboom|80/288|[from] Recoil\n|\n|-heal|p2a: Rillaboom|98/288|[from] Grassy Terrain\n|upkeep\n|\n|t:|1781419647\n|switch|p1a: Oranguru|Oranguru, L92, F|315/315\n|turn|23\n|\n|t:|1781419653\n|move|p2a: Rillaboom|U-turn|p1a: Oranguru\n|-supereffective|p1a: Oranguru\n|-damage|p1a: Oranguru|211/315\n|\n|t:|1781419657\n|switch|p2a: Charizard|Charizard, L85, F|271/271|[from] U-turn\n|move|p1a: Oranguru|Hyper Voice|p2a: Charizard\n|-damage|p2a: Charizard|120/271\n|\n|-heal|p1a: Oranguru|230/315|[from] Grassy Terrain\n|upkeep\n|turn|24\n|\n|t:|1781419665\n|move|p2a: Charizard|Focus Blast|p1a: Oranguru\n|-damage|p1a: Oranguru|162/315\n|move|p1a: Oranguru|Hyper Voice|p2a: Charizard\n|-damage|p2a: Charizard|0 fnt\n|faint|p2a: Charizard\n|\n|-heal|p1a: Oranguru|181/315|[from] Grassy Terrain\n|upkeep\n|\n|t:|1781419674\n|switch|p2a: Rillaboom|Rillaboom, L79, F|98/288\n|-damage|p2a: Rillaboom|62/288|[from] Stealth Rock\n|turn|25\n|\n|t:|1781419684\n|switch|p1a: Palkia|Palkia, L75|259/259\n|-ability|p1a: Palkia|Pressure\n|move|p2a: Rillaboom|Wood Hammer|p1a: Palkia\n|-damage|p1a: Palkia|69/259\n|-damage|p2a: Rillaboom|0 fnt|[from] Recoil\n|faint|p2a: Rillaboom\n|\n|-heal|p1a: Palkia|85/259|[from] Grassy Terrain\n|upkeep\n|\n|t:|1781419694\n|switch|p2a: Okidogi|Okidogi, L77, M|262/262\n|-damage|p2a: Okidogi|246/262|[from] Stealth Rock\n|turn|26\n|\n|t:|1781419710\n|move|p1a: Palkia|Spacial Rend|p2a: Okidogi\n|-damage|p2a: Okidogi|84/262\n|move|p2a: Okidogi|Gunk Shot|p1a: Palkia\n|-damage|p1a: Palkia|0 fnt\n|faint|p1a: Palkia\n|\n|-heal|p2a: Okidogi|100/262|[from] Grassy Terrain\n|-heal|p2a: Okidogi|116/262|[from] item: Leftovers\n|-fieldend|move: Grassy Terrain\n|upkeep\n|\n|t:|1781419719\n|switch|p1a: Oranguru|Oranguru, L92, F|181/315\n|turn|27\n|\n|t:|1781419722\n|-terastallize|p2a: Okidogi|Dark\n|move|p2a: Okidogi|Knock Off|p1a: Oranguru\n|-supereffective|p1a: Oranguru\n|-damage|p1a: Oranguru|0 fnt\n|-enditem|p1a: Oranguru|Choice Specs|[from] move: Knock Off|[of] p2a: Okidogi\n|faint|p1a: Oranguru\n|\n|win|renzoprieto\n|raw|pixy.flower\u2206's rating: 1131 &rarr; <strong>1105</strong><br />(-26 for losing)\n|raw|renzoprieto's rating: 1123 &rarr; <strong>1149</strong><br />(+26 for winning)\n|l|\u2606pixy.flower\u2206\n|player|p1|\n", "uploadtime": 1781419732, "views": 3, "formatid": "gen9randombattle", "rating": 1105, "private": 0, "password": null}