{"id": "gen9randombattle-2631582646", "format": "[Gen 9] Random Battle", "players": ["qiuescent", "rhinoisabum"], "log": "|j|\u203dqiuescent\n|j|\u2606rhinoisabum\n|t:|1781404451\n|gametype|singles\n|player|p1|qiuescent|169|2177\n|player|p2|rhinoisabum|102|2138\n|gen|9\n|tier|[Gen 9] Random Battle\n|rated|\n|rule|Species Clause: Limit one of each Pok\u00e9mon\n|rule|HP Percentage Mod: HP is shown in percentages\n|rule|Sleep Clause Mod: Limit one foe put to sleep\n|rule|Illusion Level Mod: Illusion disguises the Pok\u00e9mon's true level\n|\n|t:|1781404451\n|teamsize|p1|6\n|teamsize|p2|6\n|start\n|switch|p1a: Hippowdon|Hippowdon, L82, M|311/311\n|switch|p2a: Mew|Mew, L82|298/298\n|-weather|Sandstorm|[from] ability: Sand Stream|[of] p1a: Hippowdon\n|turn|1\n|\n|t:|1781404460\n|move|p2a: Mew|Nasty Plot|p2a: Mew\n|-boost|p2a: Mew|spa|2\n|move|p1a: Hippowdon|Stealth Rock|p2a: Mew\n|-sidestart|p2: rhinoisabum|move: Stealth Rock\n|\n|-weather|Sandstorm|[upkeep]\n|-damage|p2a: Mew|280/298|[from] Sandstorm\n|upkeep\n|turn|2\n|inactive|Battle timer is ON: inactive players will automatically lose when time's up. (requested by rhinoisabum)\n|\n|t:|1781404466\n|switch|p1a: Skuntank|Skuntank, L84, M|310/310\n|move|p2a: Mew|Hydro Pump|p1a: Skuntank\n|-damage|p1a: Skuntank|36/310\n|-damage|p2a: Mew|251/298|[from] item: Life Orb\n|\n|-weather|Sandstorm|[upkeep]\n|-damage|p2a: Mew|233/298|[from] Sandstorm\n|-damage|p1a: Skuntank|17/310|[from] Sandstorm\n|upkeep\n|turn|3\n|\n|t:|1781404488\n|move|p2a: Mew|Nasty Plot|p2a: Mew\n|-boost|p2a: Mew|spa|2\n|move|p1a: Skuntank|Knock Off|p2a: Mew\n|-supereffective|p2a: Mew\n|-damage|p2a: Mew|12/298\n|-enditem|p2a: Mew|Life Orb|[from] move: Knock Off|[of] p1a: Skuntank\n|-damage|p1a: Skuntank|0 fnt|[from] item: Life Orb\n|faint|p1a: Skuntank\n|\n|-weather|Sandstorm|[upkeep]\n|-damage|p2a: Mew|0 fnt|[from] Sandstorm\n|faint|p2a: Mew\n|upkeep\n|\n|t:|1781404495\n|switch|p2a: Landorus|Landorus-Therian, L76, M|260/260\n|switch|p1a: Scyther|Scyther, L82, F|249/249\n|-damage|p2a: Landorus|228/260|[from] Stealth Rock\n|-ability|p2a: Landorus|Intimidate|boost\n|-unboost|p1a: Scyther|atk|1\n|turn|4\n|\n|t:|1781404499\n|move|p1a: Scyther|U-turn|p2a: Landorus\n|-resisted|p2a: Landorus\n|-damage|p2a: Landorus|199/260\n|\n|t:|1781404502\n|switch|p1a: Hippowdon|Hippowdon, L82, M|311/311|[from] U-turn\n|move|p2a: Landorus|Stealth Rock|p1a: Hippowdon\n|-sidestart|p1: qiuescent|move: Stealth Rock\n|\n|-weather|Sandstorm|[upkeep]\n|-heal|p2a: Landorus|215/260|[from] item: Leftovers\n|upkeep\n|turn|5\n|\n|t:|1781404507\n|move|p2a: Landorus|Taunt|p1a: Hippowdon\n|-start|p1a: Hippowdon|move: Taunt\n|move|p1a: Hippowdon|Stone Edge|p2a: Landorus\n|-crit|p2a: Landorus\n|-damage|p2a: Landorus|98/260\n|\n|-weather|none\n|-heal|p2a: Landorus|114/260|[from] item: Leftovers\n|upkeep\n|turn|6\n|\n|t:|1781404515\n|switch|p2a: Calyrex|Calyrex, L93|337/337\n|-ability|p2a: Calyrex|Unnerve\n|-damage|p2a: Calyrex|295/337|[from] Stealth Rock\n|move|p1a: Hippowdon|Stone Edge|p2a: Calyrex\n|-damage|p2a: Calyrex|228/337\n|\n|-heal|p2a: Calyrex|249/337|[from] item: Leftovers\n|upkeep\n|turn|7\n|\n|t:|1781404519\n|switch|p1a: Scyther|Scyther, L82, F|249/249\n|move|p2a: Calyrex|Leech Seed|p1a: Scyther|[miss]\n|-miss|p2a: Calyrex|p1a: Scyther\n|\n|-heal|p2a: Calyrex|270/337|[from] item: Leftovers\n|upkeep\n|turn|8\n|\n|t:|1781404524\n|switch|p2a: Landorus|Landorus-Therian, L76, M|114/260\n|-damage|p2a: Landorus|82/260|[from] Stealth Rock\n|-ability|p2a: Landorus|Intimidate|boost\n|-unboost|p1a: Scyther|atk|1\n|move|p1a: Scyther|U-turn|p2a: Landorus\n|-resisted|p2a: Landorus\n|-damage|p2a: Landorus|54/260\n|\n|t:|1781404528\n|switch|p1a: Hippowdon|Hippowdon, L82, M|311/311|[from] U-turn\n|-damage|p1a: Hippowdon|292/311|[from] Stealth Rock\n|-weather|Sandstorm|[from] ability: Sand Stream|[of] p1a: Hippowdon\n|\n|-weather|Sandstorm|[upkeep]\n|-heal|p2a: Landorus|70/260|[from] item: Leftovers\n|-heal|p1a: Hippowdon|311/311|[from] item: Leftovers\n|upkeep\n|turn|9\n|\n|t:|1781404530\n|move|p2a: Landorus|Earthquake|p1a: Hippowdon\n|-damage|p1a: Hippowdon|220/311\n|move|p1a: Hippowdon|Stone Edge|p2a: Landorus\n|-damage|p2a: Landorus|0 fnt\n|faint|p2a: Landorus\n|\n|-weather|Sandstorm|[upkeep]\n|-heal|p1a: Hippowdon|239/311|[from] item: Leftovers\n|upkeep\n|\n|t:|1781404540\n|switch|p2a: Greninja|Greninja, L80, M|246/246\n|-damage|p2a: Greninja|216/246|[from] Stealth Rock\n|turn|10\n|\n|t:|1781404553\n|-terastallize|p1a: Hippowdon|Steel\n|move|p2a: Greninja|Hydro Pump|p1a: Hippowdon\n|-damage|p1a: Hippowdon|71/311\n|-damage|p2a: Greninja|192/246|[from] item: Life Orb\n|move|p1a: Hippowdon|Earthquake|p2a: Greninja\n|-damage|p2a: Greninja|59/246\n|\n|-weather|Sandstorm|[upkeep]\n|-damage|p2a: Greninja|44/246|[from] Sandstorm\n|-heal|p1a: Hippowdon|90/311|[from] item: Leftovers\n|upkeep\n|turn|11\n|\n|t:|1781404559\n|switch|p1a: Exeggutor|Exeggutor, L89, F|312/312\n|-damage|p1a: Exeggutor|273/312|[from] Stealth Rock\n|move|p2a: Greninja|Dark Pulse|p1a: Exeggutor\n|-supereffective|p1a: Exeggutor\n|-damage|p1a: Exeggutor|31/312\n|-enditem|p1a: Exeggutor|Sitrus Berry|[eat]\n|-heal|p1a: Exeggutor|109/312|[from] item: Sitrus Berry\n|-damage|p2a: Greninja|20/246|[from] item: Life Orb\n|\n|-weather|Sandstorm|[upkeep]\n|-damage|p2a: Greninja|5/246|[from] Sandstorm\n|-damage|p1a: Exeggutor|90/312|[from] Sandstorm\n|-item|p1a: Exeggutor|Sitrus Berry|[from] ability: Harvest\n|upkeep\n|-enditem|p1a: Exeggutor|Sitrus Berry|[eat]\n|-heal|p1a: Exeggutor|168/312|[from] item: Sitrus Berry\n|turn|12\n|\n|t:|1781404566\n|move|p1a: Exeggutor|Protect|p1a: Exeggutor\n|-singleturn|p1a: Exeggutor|Protect\n|move|p2a: Greninja|Dark Pulse|p1a: Exeggutor\n|-activate|p1a: Exeggutor|move: Protect\n|\n|-weather|none\n|-item|p1a: Exeggutor|Sitrus Berry|[from] ability: Harvest\n|upkeep\n|turn|13\n|\n|t:|1781404570\n|switch|p1a: Hippowdon|Hippowdon, L82, M, tera:Steel|90/311\n|-damage|p1a: Hippowdon|71/311|[from] Stealth Rock\n|-weather|Sandstorm|[from] ability: Sand Stream|[of] p1a: Hippowdon\n|move|p2a: Greninja|Dark Pulse|p1a: Hippowdon\n|-damage|p1a: Hippowdon|0 fnt\n|faint|p1a: Hippowdon\n|-ability|p2a: Greninja|Battle Bond|boost\n|-boost|p2a: Greninja|atk|1\n|-boost|p2a: Greninja|spa|1\n|-boost|p2a: Greninja|spe|1\n|-activate|p2a: Greninja|ability: Battle Bond\n|-damage|p2a: Greninja|0 fnt|[from] item: Life Orb\n|faint|p2a: Greninja\n|\n|-weather|Sandstorm|[upkeep]\n|upkeep\n|\n|t:|1781404585\n|switch|p2a: Iron Moth|Iron Moth, L78|253/253\n|switch|p1a: Scyther|Scyther, L82, F|249/249\n|turn|14\n|\n|t:|1781404601\n|-terastallize|p2a: Iron Moth|Fire\n|move|p1a: Scyther|Dual Wingbeat|p2a: Iron Moth\n|-damage|p2a: Iron Moth|165/253\n|-damage|p2a: Iron Moth|78/253\n|-hitcount|p2a: Iron Moth|2\n|move|p2a: Iron Moth|Fiery Dance|p1a: Scyther\n|-supereffective|p1a: Scyther\n|-damage|p1a: Scyther|0 fnt\n|-boost|p2a: Iron Moth|spa|1\n|faint|p1a: Scyther\n|\n|-weather|Sandstorm|[upkeep]\n|-damage|p2a: Iron Moth|63/253|[from] Sandstorm\n|upkeep\n|\n|t:|1781404610\n|switch|p1a: Toxtricity|Toxtricity, L82, M|257/257\n|-damage|p1a: Toxtricity|225/257|[from] Stealth Rock\n|turn|15\n|\n|t:|1781404613\n|move|p2a: Iron Moth|Fiery Dance|p1a: Toxtricity\n|-damage|p1a: Toxtricity|5/257\n|move|p1a: Toxtricity|Boomburst|p2a: Iron Moth\n|-damage|p2a: Iron Moth|0 fnt\n|faint|p2a: Iron Moth\n|-end|p2a: Iron Moth|Quark Drive|[silent]\n|-enditem|p1a: Toxtricity|Throat Spray\n|-boost|p1a: Toxtricity|spa|1|[from] item: Throat Spray\n|\n|-weather|Sandstorm|[upkeep]\n|-damage|p1a: Toxtricity|0 fnt|[from] Sandstorm\n|faint|p1a: Toxtricity\n|upkeep\n|c|\u2606rhinoisabum|88% chance lol\n|\n|t:|1781404627\n|switch|p2a: Heracross|Heracross, L80, F|259/259\n|switch|p1a: Exeggutor|Exeggutor, L89, F|168/312\n|-damage|p2a: Heracross|227/259|[from] Stealth Rock\n|-damage|p1a: Exeggutor|129/312|[from] Stealth Rock\n|-enditem|p1a: Exeggutor|Sitrus Berry|[eat]\n|-heal|p1a: Exeggutor|207/312|[from] item: Sitrus Berry\n|turn|16\n|\n|t:|1781404633\n|switch|p2a: Calyrex|Calyrex, L93|270/337\n|-ability|p2a: Calyrex|Unnerve\n|-damage|p2a: Calyrex|228/337|[from] Stealth Rock\n|move|p1a: Exeggutor|Protect||[still]\n|-fail|p1a: Exeggutor\n|\n|-weather|Sandstorm|[upkeep]\n|-damage|p2a: Calyrex|207/337|[from] Sandstorm\n|-damage|p1a: Exeggutor|188/312|[from] Sandstorm\n|-heal|p2a: Calyrex|228/337|[from] item: Leftovers\n|-item|p1a: Exeggutor|Sitrus Berry|[from] ability: Harvest\n|upkeep\n|turn|17\n|\n|t:|1781404640\n|move|p2a: Calyrex|Calm Mind|p2a: Calyrex\n|-boost|p2a: Calyrex|spa|1\n|-boost|p2a: Calyrex|spd|1\n|move|p1a: Exeggutor|Psychic Noise|p2a: Calyrex\n|-resisted|p2a: Calyrex\n|-damage|p2a: Calyrex|192/337\n|-start|p2a: Calyrex|move: Heal Block\n|\n|-weather|none\n|upkeep\n|turn|18\n|\n|t:|1781404649\n|move|p2a: Calyrex|Calm Mind|p2a: Calyrex\n|-boost|p2a: Calyrex|spa|1\n|-boost|p2a: Calyrex|spd|1\n|move|p1a: Exeggutor|Substitute|p1a: Exeggutor\n|-start|p1a: Exeggutor|Substitute\n|-damage|p1a: Exeggutor|110/312\n|\n|-end|p2a: Calyrex|move: Heal Block\n|upkeep\n|turn|19\n|\n|t:|1781404653\n|move|p2a: Calyrex|Giga Drain|p1a: Exeggutor\n|-resisted|p1a: Exeggutor\n|-end|p1a: Exeggutor|Substitute\n|-heal|p2a: Calyrex|231/337|[from] drain|[of] p1a: Exeggutor\n|move|p1a: Exeggutor|Psychic Noise|p2a: Calyrex\n|-resisted|p2a: Calyrex\n|-damage|p2a: Calyrex|202/337\n|-start|p2a: Calyrex|move: Heal Block\n|\n|upkeep\n|turn|20\n|\n|t:|1781404674\n|move|p2a: Calyrex|Psyshock|p1a: Exeggutor\n|-resisted|p1a: Exeggutor\n|-damage|p1a: Exeggutor|29/312\n|move|p1a: Exeggutor|Psychic Noise|p2a: Calyrex\n|-resisted|p2a: Calyrex\n|-damage|p2a: Calyrex|176/337\n|\n|-end|p2a: Calyrex|move: Heal Block\n|upkeep\n|turn|21\n|\n|t:|1781404678\n|move|p1a: Exeggutor|Protect|p1a: Exeggutor\n|-singleturn|p1a: Exeggutor|Protect\n|move|p2a: Calyrex|Giga Drain|p1a: Exeggutor\n|-activate|p1a: Exeggutor|move: Protect\n|\n|-heal|p2a: Calyrex|197/337|[from] item: Leftovers\n|upkeep\n|turn|22\n|\n|t:|1781404681\n|move|p1a: Exeggutor|Protect||[still]\n|-fail|p1a: Exeggutor\n|move|p2a: Calyrex|Giga Drain|p1a: Exeggutor\n|-resisted|p1a: Exeggutor\n|-damage|p1a: Exeggutor|0 fnt\n|-heal|p2a: Calyrex|212/337|[from] drain|[of] p1a: Exeggutor\n|faint|p1a: Exeggutor\n|\n|-heal|p2a: Calyrex|233/337|[from] item: Leftovers\n|upkeep\n|\n|t:|1781404682\n|switch|p1a: Zamazenta|Zamazenta-Crowned, L68|238/238\n|-damage|p1a: Zamazenta|231/238|[from] Stealth Rock\n|-ability|p1a: Zamazenta|Dauntless Shield|boost\n|-boost|p1a: Zamazenta|def|1\n|turn|23\n|\n|t:|1781404685\n|move|p1a: Zamazenta|Iron Defense|p1a: Zamazenta\n|-boost|p1a: Zamazenta|def|2\n|move|p2a: Calyrex|Leech Seed|p1a: Zamazenta\n|-start|p1a: Zamazenta|move: Leech Seed\n|\n|-heal|p2a: Calyrex|254/337|[from] item: Leftovers\n|-damage|p1a: Zamazenta|202/238|[from] Leech Seed|[of] p2a: Calyrex\n|-heal|p2a: Calyrex|283/337|[silent]\n|upkeep\n|turn|24\n|\n|t:|1781404691\n|move|p1a: Zamazenta|Iron Defense|p1a: Zamazenta\n|-boost|p1a: Zamazenta|def|2\n|move|p2a: Calyrex|Giga Drain|p1a: Zamazenta\n|-resisted|p1a: Zamazenta\n|-damage|p1a: Zamazenta|133/238\n|-heal|p2a: Calyrex|318/337|[from] drain|[of] p1a: Zamazenta\n|\n|-heal|p2a: Calyrex|337/337|[from] item: Leftovers\n|-damage|p1a: Zamazenta|104/238|[from] Leech Seed|[of] p2a: Calyrex\n|upkeep\n|turn|25\n|\n|t:|1781404694\n|move|p1a: Zamazenta|Body Press|p2a: Calyrex\n|-resisted|p2a: Calyrex\n|-damage|p2a: Calyrex|209/337\n|move|p2a: Calyrex|Giga Drain|p1a: Zamazenta\n|-resisted|p1a: Zamazenta\n|-damage|p1a: Zamazenta|28/238\n|-heal|p2a: Calyrex|247/337|[from] drain|[of] p1a: Zamazenta\n|\n|-heal|p2a: Calyrex|268/337|[from] item: Leftovers\n|-damage|p1a: Zamazenta|0 fnt|[from] Leech Seed|[of] p2a: Calyrex\n|-heal|p2a: Calyrex|296/337|[silent]\n|faint|p1a: Zamazenta\n|\n|win|rhinoisabum\n", "uploadtime": 1781404454, "views": 8, "formatid": "gen9randombattle", "rating": null, "private": 0, "password": null}