{"id": "gen9randombattle-2631749375", "format": "[Gen 9] Random Battle", "players": ["a935212", "healboy009"], "log": "|j|\u2606a935212\n|j|\u2606healboy009\n|t:|1781433433\n|gametype|singles\n|player|p1|a935212|266|1883\n|player|p2|healboy009|lucas|1936\n|gen|9\n|tier|[Gen 9] Random Battle\n|rated|\n|rule|Species Clause: Limit one of each Pok\u00e9mon\n|rule|HP Percentage Mod: HP is shown in percentages\n|rule|Sleep Clause Mod: Limit one foe put to sleep\n|rule|Illusion Level Mod: Illusion disguises the Pok\u00e9mon's true level\n|\n|t:|1781433433\n|teamsize|p1|6\n|teamsize|p2|6\n|start\n|switch|p1a: Regice|Regice, L88|284/284\n|switch|p2a: Ribombee|Ribombee, L83, F|219/219\n|turn|1\n|inactive|Battle timer is ON: inactive players will automatically lose when time's up. (requested by a935212)\n|\n|t:|1781433449\n|move|p2a: Ribombee|Poltergeist|p1a: Regice\n|-activate|p1a: Regice|move: Poltergeist|Heavy-Duty Boots\n|-damage|p1a: Regice|162/284\n|-damage|p2a: Ribombee|198/219|[from] item: Life Orb\n|move|p1a: Regice|Ice Beam|p2a: Ribombee\n|-damage|p2a: Ribombee|57/219\n|replace|p2a: Zoroark|Zoroark-Hisui, L80, M\n|-end|p2a: Zoroark|Illusion\n|-hint|Illusion Level Mod is active, so this Pok\u00e9mon's true level was hidden.\n|\n|upkeep\n|turn|2\n|\n|t:|1781433461\n|switch|p2a: Snorlax|Snorlax, L82, F|397/397\n|move|p1a: Regice|Ice Beam|p2a: Snorlax\n|-damage|p2a: Snorlax|348/397\n|\n|-heal|p2a: Snorlax|372/397|[from] item: Leftovers\n|upkeep\n|turn|3\n|\n|t:|1781433467\n|switch|p1a: Venusaur|Venusaur, L84, F|272/272\n|move|p2a: Snorlax|Curse|p2a: Snorlax\n|-unboost|p2a: Snorlax|spe|1\n|-boost|p2a: Snorlax|atk|1\n|-boost|p2a: Snorlax|def|1\n|\n|-heal|p2a: Snorlax|396/397|[from] item: Leftovers\n|upkeep\n|turn|4\n|\n|t:|1781433474\n|move|p1a: Venusaur|Leech Seed|p2a: Snorlax\n|-start|p2a: Snorlax|move: Leech Seed\n|move|p2a: Snorlax|Body Slam|p1a: Venusaur\n|-damage|p1a: Venusaur|128/272\n|-status|p1a: Venusaur|par\n|\n|-heal|p1a: Venusaur|145/272 par|[from] item: Leftovers\n|-heal|p2a: Snorlax|397/397|[from] item: Leftovers\n|-damage|p2a: Snorlax|348/397|[from] Leech Seed|[of] p1a: Venusaur\n|-heal|p1a: Venusaur|194/272 par|[silent]\n|upkeep\n|turn|5\n|\n|t:|1781433479\n|move|p1a: Venusaur|Sleep Powder|p2a: Snorlax|[miss]\n|-miss|p1a: Venusaur|p2a: Snorlax\n|move|p2a: Snorlax|Body Slam|p1a: Venusaur\n|-damage|p1a: Venusaur|56/272 par\n|\n|-heal|p1a: Venusaur|73/272 par|[from] item: Leftovers\n|-heal|p2a: Snorlax|372/397|[from] item: Leftovers\n|-damage|p2a: Snorlax|323/397|[from] Leech Seed|[of] p1a: Venusaur\n|-heal|p1a: Venusaur|122/272 par|[silent]\n|upkeep\n|turn|6\n|\n|t:|1781433485\n|cant|p1a: Venusaur|par\n|move|p2a: Snorlax|Curse|p2a: Snorlax\n|-unboost|p2a: Snorlax|spe|1\n|-boost|p2a: Snorlax|atk|1\n|-boost|p2a: Snorlax|def|1\n|\n|-heal|p1a: Venusaur|139/272 par|[from] item: Leftovers\n|-heal|p2a: Snorlax|347/397|[from] item: Leftovers\n|-damage|p2a: Snorlax|298/397|[from] Leech Seed|[of] p1a: Venusaur\n|-heal|p1a: Venusaur|188/272 par|[silent]\n|upkeep\n|turn|7\n|\n|t:|1781433493\n|move|p1a: Venusaur|Sleep Powder|p2a: Snorlax\n|-status|p2a: Snorlax|slp|[from] move: Sleep Powder\n|cant|p2a: Snorlax|slp\n|\n|-heal|p1a: Venusaur|205/272 par|[from] item: Leftovers\n|-heal|p2a: Snorlax|322/397 slp|[from] item: Leftovers\n|-damage|p2a: Snorlax|273/397 slp|[from] Leech Seed|[of] p1a: Venusaur\n|-heal|p1a: Venusaur|254/272 par|[silent]\n|upkeep\n|turn|8\n|\n|t:|1781433498\n|move|p1a: Venusaur|Substitute|p1a: Venusaur\n|-start|p1a: Venusaur|Substitute\n|-damage|p1a: Venusaur|186/272 par\n|-curestatus|p2a: Snorlax|slp|[msg]\n|move|p2a: Snorlax|Sleep Talk||[still]\n|-fail|p2a: Snorlax\n|\n|-heal|p1a: Venusaur|203/272 par|[from] item: Leftovers\n|-heal|p2a: Snorlax|297/397|[from] item: Leftovers\n|-damage|p2a: Snorlax|248/397|[from] Leech Seed|[of] p1a: Venusaur\n|-heal|p1a: Venusaur|252/272 par|[silent]\n|upkeep\n|turn|9\n|\n|t:|1781433504\n|move|p1a: Venusaur|Sleep Powder|p2a: Snorlax|[miss]\n|-miss|p1a: Venusaur|p2a: Snorlax\n|move|p2a: Snorlax|Sleep Talk||[still]\n|-fail|p2a: Snorlax\n|\n|-heal|p1a: Venusaur|269/272 par|[from] item: Leftovers\n|-heal|p2a: Snorlax|272/397|[from] item: Leftovers\n|-damage|p2a: Snorlax|223/397|[from] Leech Seed|[of] p1a: Venusaur\n|-heal|p1a: Venusaur|272/272 par|[silent]\n|upkeep\n|turn|10\n|\n|t:|1781433510\n|move|p1a: Venusaur|Sludge Bomb|p2a: Snorlax\n|-damage|p2a: Snorlax|141/397\n|move|p2a: Snorlax|Body Slam|p1a: Venusaur\n|-end|p1a: Venusaur|Substitute\n|\n|-heal|p2a: Snorlax|165/397|[from] item: Leftovers\n|-damage|p2a: Snorlax|116/397|[from] Leech Seed|[of] p1a: Venusaur\n|upkeep\n|turn|11\n|\n|t:|1781433517\n|move|p1a: Venusaur|Sleep Powder|p2a: Snorlax\n|-status|p2a: Snorlax|slp|[from] move: Sleep Powder\n|cant|p2a: Snorlax|slp\n|\n|-heal|p2a: Snorlax|140/397 slp|[from] item: Leftovers\n|-damage|p2a: Snorlax|91/397 slp|[from] Leech Seed|[of] p1a: Venusaur\n|upkeep\n|turn|12\n|\n|t:|1781433524\n|-terastallize|p2a: Snorlax|Poison\n|move|p1a: Venusaur|Sludge Bomb|p2a: Snorlax\n|-resisted|p2a: Snorlax\n|-damage|p2a: Snorlax|52/397 slp\n|cant|p2a: Snorlax|slp\n|\n|-heal|p2a: Snorlax|76/397 slp|[from] item: Leftovers\n|-damage|p2a: Snorlax|27/397 slp|[from] Leech Seed|[of] p1a: Venusaur\n|upkeep\n|turn|13\n|\n|t:|1781433536\n|move|p1a: Venusaur|Sludge Bomb|p2a: Snorlax\n|-resisted|p2a: Snorlax\n|-damage|p2a: Snorlax|0 fnt\n|faint|p2a: Snorlax\n|\n|upkeep\n|\n|t:|1781433540\n|switch|p2a: Ribombee|Ribombee, L83, F|57/219\n|turn|14\n|\n|t:|1781433555\n|switch|p1a: Komala|Komala, L88, F|258/258\n|-ability|p1a: Komala|Comatose\n|move|p2a: Ribombee|Hyper Voice|p1a: Komala\n|-damage|p1a: Komala|167/258\n|-damage|p2a: Ribombee|36/219|[from] item: Life Orb\n|\n|upkeep\n|turn|15\n|\n|t:|1781433565\n|move|p2a: Ribombee|Focus Blast|p1a: Komala\n|-supereffective|p1a: Komala\n|-damage|p1a: Komala|29/258\n|-damage|p2a: Ribombee|15/219|[from] item: Life Orb\n|move|p1a: Komala|Knock Off|p2a: Ribombee\n|-supereffective|p2a: Ribombee\n|-damage|p2a: Ribombee|0 fnt\n|replace|p2a: Zoroark|Zoroark-Hisui, L80, M\n|-end|p2a: Zoroark|Illusion\n|-enditem|p2a: Zoroark|Life Orb|[from] move: Knock Off|[of] p1a: Komala\n|faint|p2a: Zoroark\n|\n|upkeep\n|\n|t:|1781433573\n|switch|p2a: Iron Thorns|Iron Thorns, L83|302/302\n|-enditem|p2a: Iron Thorns|Booster Energy\n|-activate|p2a: Iron Thorns|ability: Quark Drive|[fromitem]\n|-start|p2a: Iron Thorns|quarkdriveatk\n|turn|16\n|\n|t:|1781433582\n|move|p2a: Iron Thorns|Dragon Dance|p2a: Iron Thorns\n|-boost|p2a: Iron Thorns|atk|1\n|-boost|p2a: Iron Thorns|spe|1\n|move|p1a: Komala|Earthquake|p2a: Iron Thorns\n|-supereffective|p2a: Iron Thorns\n|-damage|p2a: Iron Thorns|0 fnt\n|faint|p2a: Iron Thorns\n|-end|p2a: Iron Thorns|Quark Drive|[silent]\n|\n|upkeep\n|\n|t:|1781433590\n|switch|p2a: Ribombee|Ribombee, L83, F|235/235\n|turn|17\n|\n|t:|1781433593\n|move|p2a: Ribombee|Quiver Dance|p2a: Ribombee\n|-boost|p2a: Ribombee|spa|1\n|-boost|p2a: Ribombee|spd|1\n|-boost|p2a: Ribombee|spe|1\n|move|p1a: Komala|Rapid Spin|p2a: Ribombee\n|-damage|p2a: Ribombee|145/235\n|-boost|p1a: Komala|spe|1\n|\n|upkeep\n|turn|18\n|\n|t:|1781433597\n|move|p2a: Ribombee|Quiver Dance|p2a: Ribombee\n|-boost|p2a: Ribombee|spa|1\n|-boost|p2a: Ribombee|spd|1\n|-boost|p2a: Ribombee|spe|1\n|move|p1a: Komala|Body Slam|p2a: Ribombee\n|-damage|p2a: Ribombee|3/235\n|\n|upkeep\n|turn|19\n|\n|t:|1781433603\n|move|p2a: Ribombee|Moonblast|p1a: Komala\n|-damage|p1a: Komala|0 fnt\n|faint|p1a: Komala\n|\n|upkeep\n|\n|t:|1781433611\n|switch|p1a: Regice|Regice, L88|162/284\n|turn|20\n|\n|t:|1781433614\n|move|p2a: Ribombee|Moonblast|p1a: Regice\n|-damage|p1a: Regice|68/284\n|move|p1a: Regice|Ice Beam|p2a: Ribombee\n|-damage|p2a: Ribombee|0 fnt\n|faint|p2a: Ribombee\n|\n|upkeep\n|\n|t:|1781433618\n|switch|p2a: Electivire|Electivire, L84, M|263/263\n|turn|21\n|\n|t:|1781433621\n|move|p2a: Electivire|Flamethrower|p1a: Regice\n|-supereffective|p1a: Regice\n|-damage|p1a: Regice|0 fnt\n|faint|p1a: Regice\n|-damage|p2a: Electivire|237/263|[from] item: Life Orb\n|\n|upkeep\n|\n|t:|1781433632\n|switch|p1a: Volcarona|Volcarona, L77, M|257/257\n|turn|22\n|\n|t:|1781433641\n|move|p2a: Electivire|Supercell Slam|p1a: Volcarona\n|-damage|p1a: Volcarona|23/257\n|-damage|p2a: Electivire|211/263|[from] item: Life Orb\n|move|p1a: Volcarona|Quiver Dance|p1a: Volcarona\n|-boost|p1a: Volcarona|spa|1\n|-boost|p1a: Volcarona|spd|1\n|-boost|p1a: Volcarona|spe|1\n|\n|upkeep\n|turn|23\n|\n|t:|1781433646\n|move|p1a: Volcarona|Fire Blast|p2a: Electivire\n|-damage|p2a: Electivire|25/263\n|move|p2a: Electivire|Knock Off|p1a: Volcarona\n|-damage|p1a: Volcarona|0 fnt\n|-enditem|p1a: Volcarona|Heavy-Duty Boots|[from] move: Knock Off|[of] p2a: Electivire\n|faint|p1a: Volcarona\n|-damage|p2a: Electivire|0 fnt|[from] item: Life Orb\n|faint|p2a: Electivire\n|\n|upkeep\n|\n|t:|1781433653\n|switch|p2a: Hydrapple|Hydrapple, L83, F|312/312\n|switch|p1a: Venusaur|Venusaur, L84, F|272/272 par\n|turn|24\n|\n|t:|1781433657\n|move|p2a: Hydrapple|Fickle Beam|p1a: Venusaur\n|-damage|p1a: Venusaur|182/272 par\n|cant|p1a: Venusaur|par\n|\n|-heal|p1a: Venusaur|199/272 par|[from] item: Leftovers\n|upkeep\n|turn|25\n|\n|t:|1781433670\n|move|p2a: Hydrapple|Fickle Beam|p1a: Venusaur|[anim] Fickle Beam All Out\n|-activate|p2a: Hydrapple|move: Fickle Beam\n|-damage|p1a: Venusaur|21/272 par\n|move|p1a: Venusaur|Sludge Bomb|p2a: Hydrapple\n|-supereffective|p2a: Hydrapple\n|-damage|p2a: Hydrapple|162/312\n|-status|p2a: Hydrapple|psn\n|\n|-heal|p1a: Venusaur|38/272 par|[from] item: Leftovers\n|-damage|p2a: Hydrapple|123/312 psn|[from] psn\n|upkeep\n|turn|26\n|\n|t:|1781433680\n|move|p2a: Hydrapple|Fickle Beam|p1a: Venusaur\n|-damage|p1a: Venusaur|0 fnt\n|faint|p1a: Venusaur\n|\n|-damage|p2a: Hydrapple|84/312 psn|[from] psn\n|upkeep\n|\n|t:|1781433685\n|switch|p1a: Exeggutor|Exeggutor-Alola, L89, F|314/314\n|turn|27\n|\n|t:|1781433689\n|-terastallize|p1a: Exeggutor|Fire\n|move|p1a: Exeggutor|Dragon Pulse|p2a: Hydrapple\n|-supereffective|p2a: Hydrapple\n|-damage|p2a: Hydrapple|0 fnt\n|faint|p2a: Hydrapple\n|\n|win|a935212\n|raw|a935212's rating: 1883 &rarr; <strong>1906</strong><br />(+23 for winning)\n|raw|healboy009's rating: 1936 &rarr; <strong>1913</strong><br />(-23 for losing)\n", "uploadtime": 1781433689, "views": 2, "formatid": "gen9randombattle", "rating": 1906, "private": 0, "password": null}