{"id": "gen9randombattle-2631450286", "format": "[Gen 9] Random Battle", "players": ["Mugshit", "xbox350"], "log": "|j|\u2606Mugshit\n|j|\u2606xbox350\n|t:|1781386148\n|gametype|singles\n|player|p1|Mugshit|265|2082\n|player|p2|xbox350|schoolkid-gen4|2092\n|gen|9\n|tier|[Gen 9] Random Battle\n|rated|\n|rule|Species Clause: Limit one of each Pok\u00e9mon\n|rule|HP Percentage Mod: HP is shown in percentages\n|rule|Sleep Clause Mod: Limit one foe put to sleep\n|rule|Illusion Level Mod: Illusion disguises the Pok\u00e9mon's true level\n|\n|t:|1781386148\n|teamsize|p1|6\n|teamsize|p2|6\n|start\n|switch|p1a: Staraptor|Staraptor, L79, M|263/263\n|switch|p2a: Galvantula|Galvantula, L82, F|249/249\n|turn|1\n|inactive|Battle timer is ON: inactive players will automatically lose when time's up. (requested by xbox350)\n|\n|t:|1781386162\n|move|p1a: Staraptor|U-turn|p2a: Galvantula\n|-damage|p2a: Galvantula|185/249\n|\n|t:|1781386174\n|switch|p1a: Plusle|Plusle, L95, M|268/268|[from] U-turn\n|move|p2a: Galvantula|Thunder|p1a: Plusle\n|-ability|p1a: Plusle|Lightning Rod|boost\n|-boost|p1a: Plusle|spa|1\n|\n|upkeep\n|turn|2\n|\n|t:|1781386179\n|move|p1a: Plusle|Encore|p2a: Galvantula\n|-start|p2a: Galvantula|Encore\n|move|p2a: Galvantula|Thunder|p1a: Plusle\n|-ability|p1a: Plusle|Lightning Rod|boost\n|-boost|p1a: Plusle|spa|1\n|\n|upkeep\n|turn|3\n|\n|t:|1781386187\n|switch|p2a: Uxie|Uxie, L83|260/260\n|move|p1a: Plusle|Nasty Plot|p1a: Plusle\n|-boost|p1a: Plusle|spa|2\n|\n|upkeep\n|turn|4\n|\n|t:|1781386192\n|move|p1a: Plusle|Thunderbolt|p2a: Uxie\n|-damage|p2a: Uxie|0 fnt\n|faint|p2a: Uxie\n|-damage|p1a: Plusle|242/268|[from] item: Life Orb\n|\n|upkeep\n|\n|t:|1781386196\n|switch|p2a: Talonflame|Talonflame, L83, F|265/265\n|turn|5\n|\n|t:|1781386206\n|move|p2a: Talonflame|Brave Bird|p1a: Plusle\n|-resisted|p1a: Plusle\n|-damage|p1a: Plusle|155/268\n|-damage|p2a: Talonflame|236/265|[from] Recoil\n|move|p1a: Plusle|Thunderbolt|p2a: Talonflame\n|-supereffective|p2a: Talonflame\n|-damage|p2a: Talonflame|0 fnt\n|faint|p2a: Talonflame\n|-damage|p1a: Plusle|129/268|[from] item: Life Orb\n|\n|upkeep\n|\n|t:|1781386218\n|switch|p2a: Dedenne|Dedenne, L88, M|261/261\n|turn|6\n|\n|t:|1781386226\n|move|p1a: Plusle|Thunderbolt|p2a: Dedenne\n|-resisted|p2a: Dedenne\n|-damage|p2a: Dedenne|0 fnt\n|faint|p2a: Dedenne\n|-damage|p1a: Plusle|103/268|[from] item: Life Orb\n|\n|upkeep\n|\n|t:|1781386229\n|switch|p2a: Galvantula|Galvantula, L82, F|185/249\n|turn|7\n|\n|t:|1781386232\n|move|p1a: Plusle|Thunderbolt|p2a: Galvantula\n|-resisted|p2a: Galvantula\n|-damage|p2a: Galvantula|0 fnt\n|faint|p2a: Galvantula\n|-damage|p1a: Plusle|77/268|[from] item: Life Orb\n|\n|upkeep\n|\n|t:|1781386235\n|switch|p2a: Manaphy|Manaphy, L78|284/284\n|turn|8\n|\n|t:|1781386243\n|-terastallize|p2a: Manaphy|Grass\n|move|p1a: Plusle|Thunderbolt|p2a: Manaphy\n|-resisted|p2a: Manaphy\n|-damage|p2a: Manaphy|76/284\n|-damage|p1a: Plusle|51/268|[from] item: Life Orb\n|move|p2a: Manaphy|Energy Ball|p1a: Plusle\n|-damage|p1a: Plusle|0 fnt\n|faint|p1a: Plusle\n|\n|-heal|p2a: Manaphy|93/284|[from] item: Leftovers\n|upkeep\n|\n|t:|1781386256\n|switch|p1a: Staraptor|Staraptor, L79, M|263/263\n|turn|9\n|\n|t:|1781386260\n|move|p1a: Staraptor|Brave Bird|p2a: Manaphy\n|-supereffective|p2a: Manaphy\n|-damage|p2a: Manaphy|0 fnt\n|faint|p2a: Manaphy\n|-damage|p1a: Staraptor|232/263|[from] Recoil\n|\n|upkeep\n|\n|t:|1781386263\n|switch|p2a: Salamence|Salamence, L77, M|273/273\n|-ability|p2a: Salamence|Intimidate|boost\n|-unboost|p1a: Staraptor|atk|1\n|turn|10\n|\n|t:|1781386266\n|move|p1a: Staraptor|Brave Bird|p2a: Salamence\n|-damage|p2a: Salamence|158/273\n|-damage|p1a: Staraptor|194/263|[from] Recoil\n|move|p2a: Salamence|Dragon Dance|p2a: Salamence\n|-boost|p2a: Salamence|atk|1\n|-boost|p2a: Salamence|spe|1\n|\n|upkeep\n|turn|11\n|\n|t:|1781386271\n|switch|p1a: Electivire|Electivire, L84, F|263/263\n|move|p2a: Salamence|Dragon Dance|p2a: Salamence\n|-boost|p2a: Salamence|atk|1\n|-boost|p2a: Salamence|spe|1\n|\n|upkeep\n|turn|12\n|\n|t:|1781386285\n|move|p2a: Salamence|Outrage|p1a: Electivire\n|-damage|p1a: Electivire|0 fnt\n|faint|p1a: Electivire\n|\n|upkeep\n|\n|t:|1781386295\n|switch|p1a: Blissey|Blissey, L85, F|572/572\n|turn|13\n|\n|t:|1781386299\n|move|p2a: Salamence|Outrage|p1a: Blissey|[from] lockedmove\n|-damage|p1a: Blissey|0 fnt\n|faint|p1a: Blissey\n|\n|upkeep\n|\n|t:|1781386303\n|switch|p1a: Beartic|Beartic, L91, F|321/321\n|turn|14\n|\n|t:|1781386306\n|move|p2a: Salamence|Outrage|p1a: Beartic|[from] lockedmove\n|-damage|p1a: Beartic|42/321\n|-start|p2a: Salamence|confusion|[fatigue]\n|move|p1a: Beartic|Icicle Crash|p2a: Salamence\n|-supereffective|p2a: Salamence\n|-damage|p2a: Salamence|0 fnt\n|faint|p2a: Salamence\n|\n|win|Mugshit\n|raw|Mugshit's rating: 2082 &rarr; <strong>2103</strong><br />(+21 for winning)\n|raw|xbox350's rating: 2092 &rarr; <strong>2071</strong><br />(-21 for losing)\n|l|\u2606xbox350\n|player|p2|\n|j|\u2606xbox350\n|player|p2|xbox350|schoolkid-gen4|\n", "uploadtime": 1781386151, "views": 6, "formatid": "gen9randombattle", "rating": 2071, "private": 0, "password": null}