{"id": "gen9randombattle-2631965796", "format": "[Gen 9] Random Battle", "players": ["nobody22", "Jacob Levinson"], "log": "|j|\u2606nobody22\n|j|\u2606Jacob Levinson\n|t:|1781460713\n|gametype|singles\n|player|p1|nobody22|170|1988\n|player|p2|Jacob Levinson|170|2025\n|gen|9\n|tier|[Gen 9] Random Battle\n|rated|\n|rule|Species Clause: Limit one of each Pok\u00e9mon\n|rule|HP Percentage Mod: HP is shown in percentages\n|rule|Sleep Clause Mod: Limit one foe put to sleep\n|rule|Illusion Level Mod: Illusion disguises the Pok\u00e9mon's true level\n|\n|t:|1781460713\n|teamsize|p1|6\n|teamsize|p2|6\n|start\n|switch|p1a: Abomasnow|Abomasnow, L84, M|287/287\n|switch|p2a: Dragonite|Dragonite, L74, F|257/257\n|-weather|Snowscape|[from] ability: Snow Warning|[of] p1a: Abomasnow\n|turn|1\n|\n|t:|1781460745\n|switch|p2a: Toxapex|Toxapex, L82, F|216/216\n|move|p1a: Abomasnow|Aurora Veil|p1a: Abomasnow\n|-sidestart|p1: nobody22|move: Aurora Veil\n|\n|-weather|Snowscape|[upkeep]\n|upkeep\n|turn|2\n|\n|t:|1781460756\n|switch|p1a: Overqwil|Overqwil, L82, F|274/274\n|-ability|p1a: Overqwil|Intimidate|boost\n|-unboost|p2a: Toxapex|atk|1\n|move|p2a: Toxapex|Toxic|p1a: Overqwil\n|-immune|p1a: Overqwil\n|\n|-weather|Snowscape|[upkeep]\n|upkeep\n|turn|3\n|\n|t:|1781460767\n|switch|p2a: Beartic|Beartic, L91, M|321/321\n|move|p1a: Overqwil|Swords Dance|p1a: Overqwil\n|-boost|p1a: Overqwil|atk|2\n|\n|-weather|Snowscape|[upkeep]\n|upkeep\n|turn|4\n|\n|t:|1781460786\n|move|p1a: Overqwil|Gunk Shot|p2a: Beartic\n|-damage|p2a: Beartic|128/321\n|-status|p2a: Beartic|psn\n|move|p2a: Beartic|Earthquake|p1a: Overqwil\n|-supereffective|p1a: Overqwil\n|-damage|p1a: Overqwil|126/274\n|\n|-weather|Snowscape|[upkeep]\n|-damage|p2a: Beartic|88/321 psn|[from] psn\n|upkeep\n|turn|5\n|\n|t:|1781460811\n|move|p1a: Overqwil|Scale Shot|p2a: Beartic\n|-damage|p2a: Beartic|60/321 psn\n|-damage|p2a: Beartic|34/321 psn\n|-damage|p2a: Beartic|9/321 psn\n|-damage|p2a: Beartic|0 fnt\n|faint|p2a: Beartic\n|-hitcount|p2: Beartic|4\n|-unboost|p1a: Overqwil|def|1\n|-boost|p1a: Overqwil|spe|1\n|\n|-weather|none\n|upkeep\n|\n|t:|1781460823\n|switch|p2a: Dragonite|Dragonite, L74, F|257/257\n|turn|6\n|\n|t:|1781460851\n|move|p1a: Overqwil|Scale Shot|p2a: Dragonite\n|-supereffective|p2a: Dragonite\n|-damage|p2a: Dragonite|216/257\n|-supereffective|p2a: Dragonite\n|-damage|p2a: Dragonite|132/257\n|-supereffective|p2a: Dragonite\n|-damage|p2a: Dragonite|56/257\n|-supereffective|p2a: Dragonite\n|-damage|p2a: Dragonite|0 fnt\n|faint|p2a: Dragonite\n|-hitcount|p2: Dragonite|4\n|-unboost|p1a: Overqwil|def|1\n|-boost|p1a: Overqwil|spe|1\n|\n|upkeep\n|-message|Jacob Levinson forfeited.\n|\n|win|nobody22\n|raw|nobody22's rating: 1988 &rarr; <strong>2010</strong><br />(+22 for winning)\n|raw|Jacob Levinson's rating: 2025 &rarr; <strong>2003</strong><br />(-22 for losing)\n", "uploadtime": 1781460715, "views": 3, "formatid": "gen9randombattle", "rating": 2003, "private": 0, "password": null}