{"id": "gen9randombattle-2631439736", "format": "[Gen 9] Random Battle", "players": ["Mr Brightside", "indias last hope"], "log": "|j|\u2606Mr Brightside\n|j|\u2606indias last hope\n|t:|1781384859\n|gametype|singles\n|player|p1|Mr Brightside|wallace|2115\n|player|p2|indias last hope|policeman-gen4|2259\n|gen|9\n|tier|[Gen 9] Random Battle\n|rated|\n|rule|Species Clause: Limit one of each Pok\u00e9mon\n|rule|HP Percentage Mod: HP is shown in percentages\n|rule|Sleep Clause Mod: Limit one foe put to sleep\n|rule|Illusion Level Mod: Illusion disguises the Pok\u00e9mon's true level\n|\n|t:|1781384859\n|teamsize|p1|6\n|teamsize|p2|6\n|start\n|switch|p1a: Clodsire|Clodsire, L81, F|343/343\n|switch|p2a: Araquanid|Araquanid, L82, F|246/246\n|turn|1\n|\n|t:|1781384872\n|move|p2a: Araquanid|Liquidation|p1a: Clodsire\n|-immune|p1a: Clodsire|[from] ability: Water Absorb\n|move|p1a: Clodsire|Gunk Shot|p2a: Araquanid\n|-damage|p2a: Araquanid|152/246\n|\n|upkeep\n|turn|2\n|\n|t:|1781384893\n|move|p2a: Araquanid|Sticky Web|p1a: Clodsire\n|-sidestart|p1: Mr Brightside|move: Sticky Web\n|move|p1a: Clodsire|Gunk Shot|p2a: Araquanid\n|-damage|p2a: Araquanid|62/246\n|-status|p2a: Araquanid|psn\n|\n|-damage|p2a: Araquanid|32/246 psn|[from] psn\n|upkeep\n|turn|3\n|\n|t:|1781384900\n|switch|p2a: Brambleghast|Brambleghast, L88, M|240/240\n|move|p1a: Clodsire|Earthquake|p2a: Brambleghast\n|-resisted|p2a: Brambleghast\n|-damage|p2a: Brambleghast|195/240\n|\n|-heal|p2a: Brambleghast|210/240|[from] item: Leftovers\n|upkeep\n|turn|4\n|\n|t:|1781384907\n|move|p2a: Brambleghast|Spikes|p1a: Clodsire\n|-sidestart|p1: Mr Brightside|Spikes\n|move|p1a: Clodsire|Gunk Shot|p2a: Brambleghast|[miss]\n|-miss|p1a: Clodsire|p2a: Brambleghast\n|\n|-heal|p2a: Brambleghast|225/240|[from] item: Leftovers\n|upkeep\n|turn|5\n|inactive|Battle timer is ON: inactive players will automatically lose when time's up. (requested by Mr Brightside)\n|inactive|indias last hope has 120 seconds left.\n|\n|t:|1781384976\n|move|p2a: Brambleghast|Power Whip|p1a: Clodsire\n|-damage|p1a: Clodsire|109/343\n|move|p1a: Clodsire|Toxic|p2a: Brambleghast\n|-status|p2a: Brambleghast|tox\n|\n|-heal|p2a: Brambleghast|240/240 tox|[from] item: Leftovers\n|-heal|p1a: Clodsire|130/343|[from] item: Leftovers\n|-damage|p2a: Brambleghast|225/240 tox|[from] psn\n|upkeep\n|turn|6\n|\n|t:|1781384990\n|switch|p1a: Kricketune|Kricketune, L99, M|312/312\n|move|p2a: Brambleghast|Poltergeist|p1a: Kricketune\n|-activate|p1a: Kricketune|move: Poltergeist|Heavy-Duty Boots\n|-damage|p1a: Kricketune|122/312\n|\n|-heal|p2a: Brambleghast|240/240 tox|[from] item: Leftovers\n|-damage|p2a: Brambleghast|210/240 tox|[from] psn\n|upkeep\n|turn|7\n|\n|t:|1781385001\n|switch|p1a: Oinkologne|Oinkologne-F, L92, F|361/361\n|-activate|p1a: Oinkologne|move: Sticky Web\n|-unboost|p1a: Oinkologne|spe|1\n|-damage|p1a: Oinkologne|316/361|[from] Spikes\n|move|p2a: Brambleghast|Poltergeist|p1a: Oinkologne\n|-immune|p1a: Oinkologne\n|\n|-heal|p2a: Brambleghast|225/240 tox|[from] item: Leftovers\n|-heal|p1a: Oinkologne|338/361|[from] item: Leftovers\n|-damage|p2a: Brambleghast|180/240 tox|[from] psn\n|upkeep\n|turn|8\n|\n|t:|1781385013\n|switch|p2a: Araquanid|Araquanid, L82, F|32/246 psn\n|move|p1a: Oinkologne|Lash Out|p2a: Araquanid\n|-damage|p2a: Araquanid|0 fnt\n|faint|p2a: Araquanid\n|\n|-heal|p1a: Oinkologne|360/361|[from] item: Leftovers\n|upkeep\n|\n|t:|1781385029\n|switch|p2a: Arceus|Arceus-Poison, L70|284/284\n|turn|9\n|\n|t:|1781385034\n|move|p2a: Arceus|Dragon Dance|p2a: Arceus\n|-boost|p2a: Arceus|atk|1\n|-boost|p2a: Arceus|spe|1\n|move|p1a: Oinkologne|High Horsepower|p2a: Arceus\n|-supereffective|p2a: Arceus\n|-damage|p2a: Arceus|144/284\n|\n|-heal|p1a: Oinkologne|361/361|[from] item: Leftovers\n|upkeep\n|turn|10\n|\n|t:|1781385047\n|-terastallize|p1a: Oinkologne|Ground\n|move|p2a: Arceus|Gunk Shot|p1a: Oinkologne\n|-resisted|p1a: Oinkologne\n|-damage|p1a: Oinkologne|248/361\n|move|p1a: Oinkologne|High Horsepower|p2a: Arceus\n|-supereffective|p2a: Arceus\n|-damage|p2a: Arceus|0 fnt\n|faint|p2a: Arceus\n|\n|-heal|p1a: Oinkologne|270/361|[from] item: Leftovers\n|upkeep\n|\n|t:|1781385051\n|switch|p2a: Brambleghast|Brambleghast, L88, M|180/240 tox\n|turn|11\n|\n|t:|1781385063\n|switch|p1a: Tornadus|Tornadus, L82, M|263/263\n|move|p2a: Brambleghast|Power Whip|p1a: Tornadus|[miss]\n|-miss|p2a: Brambleghast|p1a: Tornadus\n|\n|-heal|p2a: Brambleghast|195/240 tox|[from] item: Leftovers\n|-damage|p2a: Brambleghast|180/240 tox|[from] psn\n|upkeep\n|turn|12\n|\n|t:|1781385072\n|move|p1a: Tornadus|Bleakwind Storm|p2a: Brambleghast\n|-ability|p2a: Brambleghast|Wind Rider|boost\n|-boost|p2a: Brambleghast|atk|1\n|move|p2a: Brambleghast|Poltergeist|p1a: Tornadus\n|-activate|p1a: Tornadus|move: Poltergeist|Choice Specs\n|-damage|p1a: Tornadus|8/263\n|\n|-heal|p2a: Brambleghast|195/240 tox|[from] item: Leftovers\n|-damage|p2a: Brambleghast|165/240 tox|[from] psn\n|upkeep\n|turn|13\n|\n|t:|1781385084\n|switch|p1a: Kricketune|Kricketune, L99, M|122/312\n|move|p2a: Brambleghast|Power Whip|p1a: Kricketune\n|-resisted|p1a: Kricketune\n|-damage|p1a: Kricketune|0 fnt\n|faint|p1a: Kricketune\n|\n|-heal|p2a: Brambleghast|180/240 tox|[from] item: Leftovers\n|-damage|p2a: Brambleghast|135/240 tox|[from] psn\n|upkeep\n|\n|t:|1781385104\n|switch|p1a: Tsareena|Tsareena, L87, F|267/267\n|-activate|p1a: Tsareena|move: Sticky Web\n|-unboost|p1a: Tsareena|spe|1\n|-damage|p1a: Tsareena|234/267|[from] Spikes\n|turn|14\n|\n|t:|1781385124\n|switch|p2a: Reuniclus|Reuniclus, L88, M|337/337\n|move|p1a: Tsareena|Triple Axel|p2a: Reuniclus|[miss]\n|-miss|p1a: Tsareena|p2a: Reuniclus\n|\n|upkeep\n|turn|15\n|\n|t:|1781385130\n|move|p1a: Tsareena|Power Whip|p2a: Reuniclus\n|-damage|p2a: Reuniclus|99/337\n|-damage|p1a: Tsareena|208/267|[from] item: Life Orb\n|move|p2a: Reuniclus|Psychic|p1a: Tsareena\n|-damage|p1a: Tsareena|60/267\n|\n|upkeep\n|turn|16\n|\n|t:|1781385140\n|move|p1a: Tsareena|Triple Axel|p2a: Reuniclus\n|-damage|p2a: Reuniclus|74/337\n|-damage|p2a: Reuniclus|21/337\n|-damage|p2a: Reuniclus|0 fnt\n|faint|p2a: Reuniclus\n|-hitcount|p2: Reuniclus|3\n|-damage|p1a: Tsareena|34/267|[from] item: Life Orb\n|\n|upkeep\n|\n|t:|1781385157\n|switch|p2a: Brambleghast|Brambleghast, L88, M|135/240 tox\n|turn|17\n|\n|t:|1781385160\n|move|p2a: Brambleghast|Poltergeist|p1a: Tsareena\n|-activate|p1a: Tsareena|move: Poltergeist|Life Orb\n|-damage|p1a: Tsareena|0 fnt\n|faint|p1a: Tsareena\n|\n|-heal|p2a: Brambleghast|150/240 tox|[from] item: Leftovers\n|-damage|p2a: Brambleghast|135/240 tox|[from] psn\n|upkeep\n|inactive|Mr Brightside has 120 seconds left.\n|\n|t:|1781385192\n|switch|p1a: Tornadus|Tornadus, L82, M|8/263\n|turn|18\n|\n|t:|1781385199\n|move|p1a: Tornadus|U-turn|p2a: Brambleghast\n|-damage|p2a: Brambleghast|69/240 tox\n|\n|t:|1781385210\n|switch|p1a: Oinkologne|Oinkologne-F, L92, F, tera:Ground|270/361|[from] U-turn\n|-activate|p1a: Oinkologne|move: Sticky Web\n|-unboost|p1a: Oinkologne|spe|1\n|-damage|p1a: Oinkologne|225/361|[from] Spikes\n|move|p2a: Brambleghast|Poltergeist|p1a: Oinkologne\n|-activate|p1a: Oinkologne|move: Poltergeist|Leftovers\n|-damage|p1a: Oinkologne|72/361\n|\n|-heal|p2a: Brambleghast|84/240 tox|[from] item: Leftovers\n|-heal|p1a: Oinkologne|94/361|[from] item: Leftovers\n|-damage|p2a: Brambleghast|54/240 tox|[from] psn\n|upkeep\n|turn|19\n|\n|t:|1781385225\n|move|p2a: Brambleghast|Strength Sap|p1a: Oinkologne\n|-unboost|p1a: Oinkologne|atk|1\n|-heal|p2a: Brambleghast|240/240 tox\n|move|p1a: Oinkologne|Lash Out|p2a: Brambleghast\n|-supereffective|p2a: Brambleghast\n|-damage|p2a: Brambleghast|76/240 tox\n|\n|-heal|p2a: Brambleghast|91/240 tox|[from] item: Leftovers\n|-heal|p1a: Oinkologne|116/361|[from] item: Leftovers\n|-damage|p2a: Brambleghast|46/240 tox|[from] psn\n|upkeep\n|turn|20\n|\n|t:|1781385235\n|move|p2a: Brambleghast|Power Whip|p1a: Oinkologne\n|-supereffective|p1a: Oinkologne\n|-damage|p1a: Oinkologne|0 fnt\n|faint|p1a: Oinkologne\n|\n|-heal|p2a: Brambleghast|61/240 tox|[from] item: Leftovers\n|-damage|p2a: Brambleghast|1/240 tox|[from] psn\n|upkeep\n|\n|t:|1781385243\n|switch|p1a: Tornadus|Tornadus, L82, M|8/263\n|turn|21\n|\n|t:|1781385251\n|move|p1a: Tornadus|U-turn|p2a: Brambleghast\n|-damage|p2a: Brambleghast|0 fnt\n|faint|p2a: Brambleghast\n|\n|t:|1781385254\n|switch|p1a: Clodsire|Clodsire, L81, F|130/343|[from] U-turn\n|-activate|p1a: Clodsire|move: Sticky Web\n|-unboost|p1a: Clodsire|spe|1\n|-damage|p1a: Clodsire|88/343|[from] Spikes\n|\n|-heal|p1a: Clodsire|109/343|[from] item: Leftovers\n|upkeep\n|\n|t:|1781385263\n|switch|p2a: Toedscruel|Toedscruel, L87, M|281/281\n|turn|22\n|\n|t:|1781385266\n|move|p2a: Toedscruel|Earth Power|p1a: Clodsire\n|-supereffective|p1a: Clodsire\n|-damage|p1a: Clodsire|0 fnt\n|faint|p1a: Clodsire\n|\n|upkeep\n|\n|t:|1781385272\n|switch|p1a: Tornadus|Tornadus, L82, M|8/263\n|turn|23\n|\n|t:|1781385287\n|move|p1a: Tornadus|Bleakwind Storm|p2a: Toedscruel\n|-supereffective|p2a: Toedscruel\n|-damage|p2a: Toedscruel|93/281\n|move|p2a: Toedscruel|Rapid Spin|p1a: Tornadus\n|-damage|p1a: Tornadus|0 fnt\n|-boost|p2a: Toedscruel|spe|1\n|faint|p1a: Tornadus\n|\n|upkeep\n|\n|t:|1781385295\n|switch|p1a: Basculin|Basculin-Blue-Striped, L86, F|261/261\n|-activate|p1a: Basculin|move: Sticky Web\n|-unboost|p1a: Basculin|spe|1\n|-damage|p1a: Basculin|229/261|[from] Spikes\n|turn|24\n|\n|t:|1781385301\n|move|p1a: Basculin|Aqua Jet|p2a: Toedscruel\n|-damage|p2a: Toedscruel|0 fnt\n|faint|p2a: Toedscruel\n|\n|upkeep\n|\n|t:|1781385303\n|switch|p2a: Zamazenta|Zamazenta-Crowned, L68|238/238\n|-ability|p2a: Zamazenta|Dauntless Shield|boost\n|-boost|p2a: Zamazenta|def|1\n|turn|25\n|\n|t:|1781385307\n|move|p1a: Basculin|Aqua Jet|p2a: Zamazenta\n|-damage|p2a: Zamazenta|188/238\n|move|p2a: Zamazenta|Iron Defense|p2a: Zamazenta\n|-boost|p2a: Zamazenta|def|2\n|\n|upkeep\n|turn|26\n|-message|Mr Brightside forfeited.\n|\n|win|indias last hope\n", "uploadtime": 1781384861, "views": 8, "formatid": "gen9randombattle", "rating": null, "private": 0, "password": null}