{"id": "gen9randombattle-2631531015", "format": "[Gen 9] Random Battle", "players": ["SoCapable", "TY SM MY GUY"], "log": "|j|\u2606SoCapable\n|j|\u2606TY SM MY GUY\n|t:|1781397340\n|gametype|singles\n|player|p1|SoCapable|silver|2153\n|player|p2|TY SM MY GUY|hoopster|2226\n|gen|9\n|tier|[Gen 9] Random Battle\n|rated|\n|rule|Species Clause: Limit one of each Pok\u00e9mon\n|rule|HP Percentage Mod: HP is shown in percentages\n|rule|Sleep Clause Mod: Limit one foe put to sleep\n|rule|Illusion Level Mod: Illusion disguises the Pok\u00e9mon's true level\n|\n|t:|1781397340\n|teamsize|p1|6\n|teamsize|p2|6\n|start\n|switch|p1a: Flapple|Flapple, L88, F|266/266\n|switch|p2a: Minior|Minior-Blue, L79|224/224\n|-formechange|p2a: Minior|Minior-Meteor||[from] ability: Shields Down\n|turn|1\n|inactive|Battle timer is ON: inactive players will automatically lose when time's up. (requested by SoCapable)\n|\n|t:|1781397348\n|move|p1a: Flapple|Grav Apple|p2a: Minior\n|-damage|p2a: Minior|86/224\n|-unboost|p2a: Minior|def|1\n|-enditem|p2a: Minior|White Herb\n|-clearnegativeboost|p2a: Minior|[silent]\n|move|p2a: Minior|Shell Smash|p2a: Minior\n|-unboost|p2a: Minior|def|1\n|-unboost|p2a: Minior|spd|1\n|-boost|p2a: Minior|atk|2\n|-boost|p2a: Minior|spa|2\n|-boost|p2a: Minior|spe|2\n|\n|-formechange|p2a: Minior|Minior-Blue||[from] ability: Shields Down\n|upkeep\n|turn|2\n|\n|t:|1781397356\n|move|p1a: Flapple|Sucker Punch|p2a: Minior\n|-damage|p2a: Minior|0 fnt\n|faint|p2a: Minior\n|\n|upkeep\n|\n|t:|1781397370\n|switch|p2a: Golduck|Golduck, L90, F|290/290\n|-ability|p2a: Golduck|Cloud Nine\n|turn|3\n|\n|t:|1781397378\n|switch|p1a: Volcanion|Volcanion, L79|255/255\n|move|p2a: Golduck|Encore||[still]\n|-fail|p2a: Golduck\n|\n|upkeep\n|turn|4\n|\n|t:|1781397388\n|switch|p2a: Tsareena|Tsareena, L87, F|267/267\n|move|p1a: Volcanion|Sludge Bomb|p2a: Tsareena\n|-supereffective|p2a: Tsareena\n|-damage|p2a: Tsareena|143/267\n|\n|upkeep\n|turn|5\n|\n|t:|1781397396\n|switch|p1a: Whimsicott|Whimsicott, L84, M|238/238\n|move|p2a: Tsareena|Power Whip|p1a: Whimsicott\n|-resisted|p1a: Whimsicott\n|-damage|p1a: Whimsicott|154/238\n|\n|upkeep\n|turn|6\n|\n|t:|1781397412\n|move|p1a: Whimsicott|Moonblast|p2a: Tsareena\n|-crit|p2a: Tsareena\n|-damage|p2a: Tsareena|37/267\n|-unboost|p2a: Tsareena|spa|1\n|move|p2a: Tsareena|Rapid Spin|p1a: Whimsicott\n|-damage|p1a: Whimsicott|106/238\n|-boost|p2a: Tsareena|spe|1\n|\n|upkeep\n|turn|7\n|\n|t:|1781397417\n|move|p2a: Tsareena|Power Whip|p1a: Whimsicott\n|-resisted|p1a: Whimsicott\n|-crit|p1a: Whimsicott\n|-damage|p1a: Whimsicott|0 fnt\n|faint|p1a: Whimsicott\n|\n|upkeep\n|inactive|SoCapable has 120 seconds left.\n|inactive|SoCapable has 90 seconds left.\n|\n|t:|1781397487\n|switch|p1a: Volcanion|Volcanion, L79|255/255\n|turn|8\n|\n|t:|1781397492\n|move|p2a: Tsareena|Power Whip|p1a: Volcanion|[miss]\n|-miss|p2a: Tsareena|p1a: Volcanion\n|move|p1a: Volcanion|Sludge Bomb|p2a: Tsareena\n|-supereffective|p2a: Tsareena\n|-damage|p2a: Tsareena|0 fnt\n|faint|p2a: Tsareena\n|\n|upkeep\n|\n|t:|1781397502\n|switch|p2a: Farigiraf|Farigiraf, L90, F|362/362\n|turn|9\n|\n|t:|1781397507\n|switch|p1a: Veluza|Veluza, L85, F|292/292\n|move|p2a: Farigiraf|Body Slam|p1a: Veluza\n|-damage|p1a: Veluza|175/292\n|\n|upkeep\n|turn|10\n|\n|t:|1781397513\n|move|p1a: Veluza|Night Slash|p2a: Farigiraf\n|-supereffective|p2a: Farigiraf\n|-damage|p2a: Farigiraf|86/362\n|move|p2a: Farigiraf|Body Slam|p1a: Veluza\n|-damage|p1a: Veluza|57/292\n|\n|-heal|p2a: Farigiraf|108/362|[from] item: Leftovers\n|upkeep\n|turn|11\n|\n|t:|1781397517\n|move|p2a: Farigiraf|Protect|p2a: Farigiraf\n|-singleturn|p2a: Farigiraf|Protect\n|move|p1a: Veluza|Night Slash|p2a: Farigiraf\n|-activate|p2a: Farigiraf|move: Protect\n|\n|-heal|p2a: Farigiraf|130/362|[from] item: Leftovers\n|upkeep\n|turn|12\n|\n|t:|1781397527\n|switch|p2a: Milotic|Milotic, L83, F|293/293\n|move|p1a: Veluza|Night Slash|p2a: Milotic\n|-damage|p2a: Milotic|167/293\n|\n|-heal|p2a: Milotic|185/293|[from] item: Leftovers\n|upkeep\n|turn|13\n|\n|t:|1781397540\n|switch|p1a: Volcanion|Volcanion, L79|255/255\n|move|p2a: Milotic|Scald|p1a: Volcanion\n|-immune|p1a: Volcanion|[from] ability: Water Absorb\n|\n|-heal|p2a: Milotic|203/293|[from] item: Leftovers\n|upkeep\n|turn|14\n|\n|t:|1781397543\n|move|p1a: Volcanion|Sludge Bomb|p2a: Milotic\n|-damage|p2a: Milotic|145/293\n|-status|p2a: Milotic|psn\n|move|p2a: Milotic|Dragon Tail|p1a: Volcanion\n|-damage|p1a: Volcanion|232/255\n|drag|p1a: Flapple|Flapple, L88, F|266/266\n|\n|-heal|p2a: Milotic|163/293 psn|[from] item: Leftovers\n|-damage|p2a: Milotic|127/293 psn|[from] psn\n|upkeep\n|turn|15\n|\n|t:|1781397548\n|switch|p1a: Volcanion|Volcanion, L79|232/255\n|move|p2a: Milotic|Ice Beam|p1a: Volcanion\n|-resisted|p1a: Volcanion\n|-crit|p1a: Volcanion\n|-damage|p1a: Volcanion|207/255\n|\n|-heal|p2a: Milotic|145/293 psn|[from] item: Leftovers\n|-damage|p2a: Milotic|109/293 psn|[from] psn\n|upkeep\n|turn|16\n|\n|t:|1781397551\n|move|p1a: Volcanion|Sludge Bomb|p2a: Milotic\n|-damage|p2a: Milotic|52/293 psn\n|move|p2a: Milotic|Recover|p2a: Milotic\n|-heal|p2a: Milotic|199/293 psn\n|\n|-heal|p2a: Milotic|217/293 psn|[from] item: Leftovers\n|-damage|p2a: Milotic|181/293 psn|[from] psn\n|upkeep\n|turn|17\n|\n|t:|1781397567\n|switch|p1a: Venomoth|Venomoth, L84, F|255/255\n|-terastallize|p2a: Milotic|Steel\n|move|p2a: Milotic|Recover|p2a: Milotic\n|-heal|p2a: Milotic|293/293 psn\n|\n|-damage|p2a: Milotic|257/293 psn|[from] psn\n|upkeep\n|turn|18\n|\n|t:|1781397572\n|move|p1a: Venomoth|Quiver Dance|p1a: Venomoth\n|-boost|p1a: Venomoth|spa|1\n|-boost|p1a: Venomoth|spd|1\n|-boost|p1a: Venomoth|spe|1\n|move|p2a: Milotic|Scald|p1a: Venomoth\n|-damage|p1a: Venomoth|194/255\n|-status|p1a: Venomoth|brn\n|\n|-heal|p2a: Milotic|275/293 psn|[from] item: Leftovers\n|-damage|p2a: Milotic|239/293 psn|[from] psn\n|-damage|p1a: Venomoth|179/255 brn|[from] brn\n|upkeep\n|turn|19\n|\n|t:|1781397575\n|move|p1a: Venomoth|Bug Buzz|p2a: Milotic\n|-resisted|p2a: Milotic\n|-damage|p2a: Milotic|143/293 psn\n|move|p2a: Milotic|Dragon Tail|p1a: Venomoth\n|-damage|p1a: Venomoth|138/255 brn\n|drag|p1a: Veluza|Veluza, L85, F|57/292\n|\n|-heal|p2a: Milotic|161/293 psn|[from] item: Leftovers\n|-damage|p2a: Milotic|125/293 psn|[from] psn\n|upkeep\n|turn|20\n|\n|t:|1781397582\n|move|p2a: Milotic|Recover|p2a: Milotic\n|-heal|p2a: Milotic|272/293 psn\n|move|p1a: Veluza|Aqua Cutter|p2a: Milotic\n|-damage|p2a: Milotic|74/293 psn\n|\n|-heal|p2a: Milotic|92/293 psn|[from] item: Leftovers\n|-damage|p2a: Milotic|56/293 psn|[from] psn\n|upkeep\n|turn|21\n|\n|t:|1781397586\n|move|p2a: Milotic|Scald|p1a: Veluza\n|-resisted|p1a: Veluza\n|-damage|p1a: Veluza|3/292\n|move|p1a: Veluza|Aqua Cutter|p2a: Milotic\n|-damage|p2a: Milotic|0 fnt\n|faint|p2a: Milotic\n|\n|upkeep\n|\n|t:|1781397598\n|switch|p2a: Golduck|Golduck, L90, F|290/290\n|-ability|p2a: Golduck|Cloud Nine\n|turn|22\n|\n|t:|1781397603\n|switch|p1a: Volcanion|Volcanion, L79|207/255\n|move|p2a: Golduck|Nasty Plot|p2a: Golduck\n|-boost|p2a: Golduck|spa|2\n|\n|upkeep\n|turn|23\n|\n|t:|1781397606\n|move|p1a: Volcanion|Sludge Bomb|p2a: Golduck\n|-damage|p2a: Golduck|219/290\n|move|p2a: Golduck|Ice Beam|p1a: Volcanion\n|-resisted|p1a: Volcanion\n|-damage|p1a: Volcanion|172/255\n|\n|-heal|p2a: Golduck|237/290|[from] item: Leftovers\n|upkeep\n|turn|24\n|\n|t:|1781397611\n|move|p1a: Volcanion|Sludge Bomb|p2a: Golduck\n|-damage|p2a: Golduck|170/290\n|move|p2a: Golduck|Ice Beam|p1a: Volcanion\n|-resisted|p1a: Volcanion\n|-damage|p1a: Volcanion|134/255\n|\n|-heal|p2a: Golduck|188/290|[from] item: Leftovers\n|upkeep\n|turn|25\n|\n|t:|1781397615\n|move|p1a: Volcanion|Sludge Bomb|p2a: Golduck\n|-damage|p2a: Golduck|119/290\n|move|p2a: Golduck|Ice Beam|p1a: Volcanion\n|-resisted|p1a: Volcanion\n|-damage|p1a: Volcanion|99/255\n|\n|-heal|p2a: Golduck|137/290|[from] item: Leftovers\n|upkeep\n|turn|26\n|\n|t:|1781397618\n|move|p1a: Volcanion|Sludge Bomb|p2a: Golduck\n|-damage|p2a: Golduck|69/290\n|move|p2a: Golduck|Ice Beam|p1a: Volcanion\n|-resisted|p1a: Volcanion\n|-damage|p1a: Volcanion|64/255\n|\n|-heal|p2a: Golduck|87/290|[from] item: Leftovers\n|upkeep\n|turn|27\n|\n|t:|1781397621\n|move|p1a: Volcanion|Sludge Bomb|p2a: Golduck\n|-damage|p2a: Golduck|20/290\n|move|p2a: Golduck|Ice Beam|p1a: Volcanion\n|-resisted|p1a: Volcanion\n|-damage|p1a: Volcanion|27/255\n|\n|-heal|p2a: Golduck|38/290|[from] item: Leftovers\n|upkeep\n|turn|28\n|\n|t:|1781397624\n|move|p1a: Volcanion|Sludge Bomb|p2a: Golduck\n|-damage|p2a: Golduck|0 fnt\n|faint|p2a: Golduck\n|\n|upkeep\n|\n|t:|1781397627\n|switch|p2a: Farigiraf|Farigiraf, L90, F|130/362\n|turn|29\n|\n|t:|1781397630\n|switch|p1a: Veluza|Veluza, L85, F|3/292\n|move|p2a: Farigiraf|Protect||[still]\n|-fail|p2a: Farigiraf\n|\n|-heal|p2a: Farigiraf|152/362|[from] item: Leftovers\n|upkeep\n|turn|30\n|\n|t:|1781397633\n|move|p2a: Farigiraf|Protect|p2a: Farigiraf\n|-singleturn|p2a: Farigiraf|Protect\n|move|p1a: Veluza|Aqua Cutter|p2a: Farigiraf\n|-activate|p2a: Farigiraf|move: Protect\n|\n|-heal|p2a: Farigiraf|174/362|[from] item: Leftovers\n|upkeep\n|turn|31\n|\n|t:|1781397639\n|move|p1a: Veluza|Aqua Cutter|p2a: Farigiraf\n|-damage|p2a: Farigiraf|0 fnt\n|faint|p2a: Farigiraf\n|\n|upkeep\n|\n|t:|1781397642\n|switch|p2a: Zoroark|Zoroark-Hisui, L80, F|219/219\n|turn|32\n|\n|t:|1781397652\n|move|p2a: Zoroark|Hyper Voice|p1a: Veluza\n|-damage|p1a: Veluza|0 fnt\n|faint|p1a: Veluza\n|-damage|p2a: Zoroark|198/219|[from] item: Life Orb\n|\n|upkeep\n|\n|t:|1781397666\n|switch|p1a: Flapple|Flapple, L88, F|266/266\n|turn|33\n|\n|t:|1781397671\n|move|p1a: Flapple|Sucker Punch||[still]\n|-fail|p1a: Flapple\n|move|p2a: Zoroark|Will-O-Wisp|p1a: Flapple\n|-status|p1a: Flapple|brn\n|\n|-damage|p1a: Flapple|250/266 brn|[from] brn\n|upkeep\n|turn|34\n|\n|t:|1781397675\n|move|p1a: Flapple|Sucker Punch|p2a: Zoroark\n|-supereffective|p2a: Zoroark\n|-damage|p2a: Zoroark|66/219\n|move|p2a: Zoroark|Hyper Voice|p1a: Flapple\n|-damage|p1a: Flapple|82/266 brn\n|-damage|p2a: Zoroark|45/219|[from] item: Life Orb\n|\n|-damage|p1a: Flapple|66/266 brn|[from] brn\n|upkeep\n|turn|35\n|\n|t:|1781397679\n|move|p1a: Flapple|Sucker Punch||[still]\n|-fail|p1a: Flapple\n|move|p2a: Zoroark|Will-O-Wisp|p1a: Flapple\n|-fail|p1a: Flapple|brn\n|\n|-damage|p1a: Flapple|50/266 brn|[from] brn\n|upkeep\n|turn|36\n|\n|t:|1781397681\n|move|p1a: Flapple|Sucker Punch|p2a: Zoroark\n|-supereffective|p2a: Zoroark\n|-damage|p2a: Zoroark|0 fnt\n|faint|p2a: Zoroark\n|\n|win|SoCapable\n", "uploadtime": 1781397343, "views": 4, "formatid": "gen9randombattle", "rating": null, "private": 0, "password": null}