{"id": "gen9randombattle-2631889779", "format": "[Gen 9] Random Battle", "players": ["arukanu", "symitry"], "log": "|j|\u2606arukanu\n|j|\u2606symitry\n|t:|1781452446\n|gametype|singles\n|player|p1|arukanu|caitlin|1987\n|player|p2|symitry|102|1984\n|gen|9\n|tier|[Gen 9] Random Battle\n|rated|\n|rule|Species Clause: Limit one of each Pok\u00e9mon\n|rule|HP Percentage Mod: HP is shown in percentages\n|rule|Sleep Clause Mod: Limit one foe put to sleep\n|rule|Illusion Level Mod: Illusion disguises the Pok\u00e9mon's true level\n|\n|t:|1781452446\n|teamsize|p1|6\n|teamsize|p2|6\n|start\n|switch|p1a: Serperior|Serperior, L79, F|248/248\n|switch|p2a: Maushold|Maushold, L76|238/238\n|turn|1\n|\n|t:|1781452459\n|move|p1a: Serperior|Leaf Storm|p2a: Maushold\n|-damage|p2a: Maushold|118/238\n|-boost|p1a: Serperior|spa|2\n|move|p2a: Maushold|Tidy Up|p2a: Maushold\n|-boost|p2a: Maushold|atk|1\n|-boost|p2a: Maushold|spe|1\n|\n|upkeep\n|turn|2\n|inactive|Battle timer is ON: inactive players will automatically lose when time's up. (requested by symitry)\n|\n|t:|1781452474\n|move|p2a: Maushold|Population Bomb|p1a: Serperior\n|-damage|p1a: Serperior|214/248\n|-damage|p1a: Serperior|181/248\n|-damage|p1a: Serperior|150/248\n|-damage|p1a: Serperior|119/248\n|-damage|p1a: Serperior|83/248\n|-damage|p1a: Serperior|50/248\n|-damage|p1a: Serperior|16/248\n|-crit|p1a: Serperior\n|-damage|p1a: Serperior|0 fnt\n|faint|p1a: Serperior\n|-hitcount|p1: Serperior|8\n|\n|upkeep\n|\n|t:|1781452490\n|switch|p1a: Kleavor|Kleavor, L78, F|237/237\n|turn|3\n|\n|t:|1781452504\n|move|p2a: Maushold|Population Bomb|p1a: Kleavor\n|-resisted|p1a: Kleavor\n|-crit|p1a: Kleavor\n|-damage|p1a: Kleavor|214/237\n|-resisted|p1a: Kleavor\n|-damage|p1a: Kleavor|196/237\n|-resisted|p1a: Kleavor\n|-damage|p1a: Kleavor|178/237\n|-resisted|p1a: Kleavor\n|-damage|p1a: Kleavor|162/237\n|-resisted|p1a: Kleavor\n|-damage|p1a: Kleavor|146/237\n|-resisted|p1a: Kleavor\n|-damage|p1a: Kleavor|131/237\n|-resisted|p1a: Kleavor\n|-damage|p1a: Kleavor|113/237\n|-resisted|p1a: Kleavor\n|-damage|p1a: Kleavor|97/237\n|-resisted|p1a: Kleavor\n|-damage|p1a: Kleavor|82/237\n|-resisted|p1a: Kleavor\n|-damage|p1a: Kleavor|66/237\n|-hitcount|p1a: Kleavor|10\n|move|p1a: Kleavor|Stone Axe|p2a: Maushold\n|-crit|p2a: Maushold\n|-damage|p2a: Maushold|0 fnt\n|-sidestart|p2: symitry|move: Stealth Rock\n|faint|p2a: Maushold\n|\n|upkeep\n|\n|t:|1781452518\n|switch|p2a: Dugtrio|Dugtrio-Alola, L84, M|196/196\n|-damage|p2a: Dugtrio|190/196|[from] Stealth Rock\n|turn|4\n|\n|t:|1781452524\n|switch|p1a: Leafeon|Leafeon, L88, F|258/258\n|move|p2a: Dugtrio|Earthquake|p1a: Leafeon\n|-resisted|p1a: Leafeon\n|-damage|p1a: Leafeon|211/258\n|-damage|p2a: Dugtrio|171/196|[from] item: Life Orb\n|\n|upkeep\n|turn|5\n|\n|t:|1781452530\n|move|p2a: Dugtrio|Stealth Rock|p1a: Leafeon\n|-sidestart|p1: arukanu|move: Stealth Rock\n|move|p1a: Leafeon|Leaf Blade|p2a: Dugtrio\n|-damage|p2a: Dugtrio|0 fnt\n|-ability|p2a: Dugtrio|Tangling Hair\n|-unboost|p1a: Leafeon|spe|1\n|faint|p2a: Dugtrio\n|-damage|p1a: Leafeon|186/258|[from] item: Life Orb\n|\n|upkeep\n|\n|t:|1781452539\n|switch|p2a: Glalie|Glalie, L96, F|309/309\n|turn|6\n|\n|t:|1781452545\n|switch|p1a: Houndoom|Houndoom, L87, M|272/272\n|move|p2a: Glalie|Spikes|p1a: Houndoom\n|-sidestart|p1: arukanu|Spikes\n|\n|upkeep\n|turn|7\n|\n|t:|1781452559\n|-terastallize|p2a: Glalie|Water\n|move|p1a: Houndoom|Fire Blast|p2a: Glalie\n|-resisted|p2a: Glalie\n|-damage|p2a: Glalie|250/309\n|-status|p2a: Glalie|brn\n|move|p2a: Glalie|Earthquake|p1a: Houndoom\n|-supereffective|p1a: Houndoom\n|-damage|p1a: Houndoom|163/272\n|\n|-damage|p2a: Glalie|231/309 brn|[from] brn\n|upkeep\n|turn|8\n|\n|t:|1781452568\n|switch|p1a: Leafeon|Leafeon, L88, F|186/258\n|-damage|p1a: Leafeon|154/258|[from] Stealth Rock\n|-damage|p1a: Leafeon|122/258|[from] Spikes\n|move|p2a: Glalie|Spikes|p1a: Leafeon\n|-sidestart|p1: arukanu|Spikes\n|\n|-damage|p2a: Glalie|212/309 brn|[from] brn\n|upkeep\n|turn|9\n|\n|t:|1781452575\n|switch|p2a: Decidueye|Decidueye-Hisui, L87, M|295/295\n|-damage|p2a: Decidueye|277/295|[from] Stealth Rock\n|move|p1a: Leafeon|Leaf Blade|p2a: Decidueye\n|-resisted|p2a: Decidueye\n|-damage|p2a: Decidueye|202/295\n|-damage|p1a: Leafeon|97/258|[from] item: Life Orb\n|\n|-heal|p2a: Decidueye|220/295|[from] item: Leftovers\n|upkeep\n|turn|10\n|\n|t:|1781452579\n|move|p1a: Leafeon|Synthesis|p1a: Leafeon\n|-heal|p1a: Leafeon|226/258\n|move|p2a: Decidueye|Triple Arrows|p1a: Leafeon\n|-damage|p1a: Leafeon|144/258\n|\n|-heal|p2a: Decidueye|238/295|[from] item: Leftovers\n|upkeep\n|turn|11\n|\n|t:|1781452585\n|move|p1a: Leafeon|Swords Dance|p1a: Leafeon\n|-boost|p1a: Leafeon|atk|2\n|move|p2a: Decidueye|Triple Arrows|p1a: Leafeon\n|-damage|p1a: Leafeon|60/258\n|\n|-heal|p2a: Decidueye|256/295|[from] item: Leftovers\n|upkeep\n|turn|12\n|\n|t:|1781452600\n|move|p1a: Leafeon|Synthesis|p1a: Leafeon\n|-heal|p1a: Leafeon|189/258\n|move|p2a: Decidueye|Triple Arrows|p1a: Leafeon\n|-damage|p1a: Leafeon|102/258\n|\n|-heal|p2a: Decidueye|274/295|[from] item: Leftovers\n|upkeep\n|turn|13\n|\n|t:|1781452603\n|move|p1a: Leafeon|Synthesis|p1a: Leafeon\n|-heal|p1a: Leafeon|231/258\n|move|p2a: Decidueye|Triple Arrows|p1a: Leafeon\n|-damage|p1a: Leafeon|158/258\n|\n|-heal|p2a: Decidueye|292/295|[from] item: Leftovers\n|upkeep\n|turn|14\n|\n|t:|1781452612\n|move|p1a: Leafeon|Knock Off|p2a: Decidueye\n|-resisted|p2a: Decidueye\n|-damage|p2a: Decidueye|183/295\n|-enditem|p2a: Decidueye|Leftovers|[from] move: Knock Off|[of] p1a: Leafeon\n|-damage|p1a: Leafeon|133/258|[from] item: Life Orb\n|move|p2a: Decidueye|Triple Arrows|p1a: Leafeon\n|-damage|p1a: Leafeon|52/258\n|-unboost|p1a: Leafeon|def|1\n|\n|upkeep\n|turn|15\n|\n|t:|1781452618\n|move|p1a: Leafeon|Synthesis|p1a: Leafeon\n|-heal|p1a: Leafeon|181/258\n|move|p2a: Decidueye|Roost|p2a: Decidueye\n|-heal|p2a: Decidueye|295/295\n|-singleturn|p2a: Decidueye|move: Roost\n|\n|upkeep\n|turn|16\n|\n|t:|1781452629\n|move|p1a: Leafeon|Leaf Blade|p2a: Decidueye\n|-resisted|p2a: Decidueye\n|-damage|p2a: Decidueye|151/295\n|-damage|p1a: Leafeon|156/258|[from] item: Life Orb\n|move|p2a: Decidueye|Triple Arrows|p1a: Leafeon\n|-damage|p1a: Leafeon|33/258\n|-unboost|p1a: Leafeon|def|1\n|\n|upkeep\n|turn|17\n|\n|t:|1781452646\n|move|p1a: Leafeon|Synthesis|p1a: Leafeon\n|-heal|p1a: Leafeon|162/258\n|move|p2a: Decidueye|Triple Arrows|p1a: Leafeon\n|-damage|p1a: Leafeon|6/258\n|-unboost|p1a: Leafeon|def|1\n|\n|upkeep\n|turn|18\n|\n|t:|1781452651\n|move|p2a: Decidueye|Sucker Punch|p1a: Leafeon\n|-damage|p1a: Leafeon|0 fnt\n|faint|p1a: Leafeon\n|\n|upkeep\n|\n|t:|1781452654\n|switch|p1a: Houndoom|Houndoom, L87, M|163/272\n|turn|19\n|\n|t:|1781452669\n|move|p1a: Houndoom|Fire Blast|p2a: Decidueye|[miss]\n|-miss|p1a: Houndoom|p2a: Decidueye\n|move|p2a: Decidueye|Triple Arrows|p1a: Houndoom\n|-supereffective|p1a: Houndoom\n|-crit|p1a: Houndoom\n|-damage|p1a: Houndoom|0 fnt\n|faint|p1a: Houndoom\n|\n|upkeep\n|\n|t:|1781452681\n|switch|p1a: Kyogre|Kyogre, L71|259/259\n|-damage|p1a: Kyogre|227/259|[from] Stealth Rock\n|-damage|p1a: Kyogre|184/259|[from] Spikes\n|-weather|RainDance|[from] ability: Drizzle|[of] p1a: Kyogre\n|turn|20\n|\n|t:|1781452691\n|move|p1a: Kyogre|Ice Beam|p2a: Decidueye\n|-supereffective|p2a: Decidueye\n|-damage|p2a: Decidueye|27/295\n|move|p2a: Decidueye|Leaf Blade|p1a: Kyogre\n|-supereffective|p1a: Kyogre\n|-damage|p1a: Kyogre|0 fnt\n|faint|p1a: Kyogre\n|\n|-weather|RainDance|[upkeep]\n|upkeep\n|\n|t:|1781452696\n|switch|p1a: Miraidon|Miraidon, L65|238/238\n|-damage|p1a: Miraidon|209/238|[from] Stealth Rock\n|-damage|p1a: Miraidon|170/238|[from] Spikes\n|-fieldstart|move: Electric Terrain|[from] ability: Hadron Engine|[of] p1a: Miraidon\n|turn|21\n|\n|t:|1781452713\n|move|p2a: Decidueye|Sucker Punch|p1a: Miraidon\n|-damage|p1a: Miraidon|107/238\n|move|p1a: Miraidon|Electro Drift|p2a: Decidueye\n|-resisted|p2a: Decidueye\n|-damage|p2a: Decidueye|0 fnt\n|faint|p2a: Decidueye\n|\n|-weather|RainDance|[upkeep]\n|upkeep\n|\n|t:|1781452719\n|switch|p2a: Ogerpon|Ogerpon-Wellspring, L76, F|247/247\n|-damage|p2a: Ogerpon|217/247|[from] Stealth Rock\n|turn|22\n|\n|t:|1781452725\n|-terastallize|p1a: Miraidon|Electric\n|move|p1a: Miraidon|Electro Drift|p2a: Ogerpon\n|-damage|p2a: Ogerpon|0 fnt\n|faint|p2a: Ogerpon\n|\n|-weather|RainDance|[upkeep]\n|upkeep\n|\n|t:|1781452730\n|switch|p2a: Azumarill|Azumarill, L82, M|298/298\n|-damage|p2a: Azumarill|261/298|[from] Stealth Rock\n|turn|23\n|\n|t:|1781452733\n|move|p2a: Azumarill|Aqua Jet|p1a: Miraidon\n|-damage|p1a: Miraidon|14/238\n|move|p1a: Miraidon|Electro Drift|p2a: Azumarill\n|-supereffective|p2a: Azumarill\n|-damage|p2a: Azumarill|0 fnt\n|faint|p2a: Azumarill\n|\n|-weather|RainDance|[upkeep]\n|upkeep\n|\n|t:|1781452735\n|switch|p2a: Glalie|Glalie, L96, F, tera:Water|212/309 brn\n|turn|24\n|\n|t:|1781452737\n|move|p1a: Miraidon|Electro Drift|p2a: Glalie\n|-supereffective|p2a: Glalie\n|-damage|p2a: Glalie|0 fnt\n|faint|p2a: Glalie\n|\n|win|arukanu\n", "uploadtime": 1781452448, "views": 3, "formatid": "gen9randombattle", "rating": null, "private": 0, "password": null}