{"id": "gen9randombattle-2631716922", "format": "[Gen 9] Random Battle", "players": ["8btry8", "jsjsiis"], "log": "|j|\u26068btry8\n|j|\u2606jsjsiis\n|t:|1781427591\n|gametype|singles\n|player|p1|8btry8|1|1946\n|player|p2|jsjsiis|1|1993\n|gen|9\n|tier|[Gen 9] Random Battle\n|rated|\n|rule|Species Clause: Limit one of each Pok\u00e9mon\n|rule|HP Percentage Mod: HP is shown in percentages\n|rule|Sleep Clause Mod: Limit one foe put to sleep\n|rule|Illusion Level Mod: Illusion disguises the Pok\u00e9mon's true level\n|\n|t:|1781427591\n|teamsize|p1|6\n|teamsize|p2|6\n|start\n|switch|p1a: Walking Wake|Walking Wake, L79|286/286\n|switch|p2a: Overqwil|Overqwil, L82, F|274/274\n|-ability|p2a: Overqwil|Intimidate|boost\n|-unboost|p1a: Walking Wake|atk|1\n|turn|1\n|inactive|Battle timer is ON: inactive players will automatically lose when time's up. (requested by jsjsiis)\n|inactive|8btry8 has 120 seconds left.\n|\n|t:|1781427645\n|-end|p1a: Walking Wake|Protosynthesis|[silent]\n|switch|p1a: Rhyperior|Rhyperior, L82, F|323/323\n|switch|p2a: Azumarill|Azumarill, L82, F|298/298\n|\n|upkeep\n|turn|2\n|\n|t:|1781427665\n|switch|p1a: Toedscruel|Toedscruel, L87, M|281/281\n|move|p2a: Azumarill|Liquidation|p1a: Toedscruel\n|-damage|p1a: Toedscruel|94/281\n|\n|-heal|p1a: Toedscruel|111/281|[from] item: Leftovers\n|upkeep\n|turn|3\n|\n|t:|1781427673\n|switch|p2a: Eelektross|Eelektross, L87, M|290/290\n|move|p1a: Toedscruel|Giga Drain|p2a: Eelektross\n|-damage|p2a: Eelektross|239/290\n|-heal|p1a: Toedscruel|137/281|[from] drain|[of] p2a: Eelektross\n|\n|-heal|p1a: Toedscruel|154/281|[from] item: Leftovers\n|upkeep\n|turn|4\n|\n|t:|1781427684\n|move|p2a: Eelektross|U-turn|p1a: Toedscruel\n|-supereffective|p1a: Toedscruel\n|-damage|p1a: Toedscruel|2/281\n|\n|t:|1781427692\n|switch|p2a: Azumarill|Azumarill, L82, F|298/298|[from] U-turn\n|move|p1a: Toedscruel|Spore|p2a: Azumarill\n|-status|p2a: Azumarill|slp|[from] move: Spore\n|\n|-heal|p1a: Toedscruel|19/281|[from] item: Leftovers\n|upkeep\n|turn|5\n|\n|t:|1781427695\n|switch|p2a: Eelektross|Eelektross, L87, M|239/290\n|move|p1a: Toedscruel|Giga Drain|p2a: Eelektross\n|-damage|p2a: Eelektross|187/290\n|-heal|p1a: Toedscruel|45/281|[from] drain|[of] p2a: Eelektross\n|\n|-heal|p1a: Toedscruel|62/281|[from] item: Leftovers\n|upkeep\n|turn|6\n|\n|t:|1781427700\n|move|p1a: Toedscruel|Giga Drain|p2a: Eelektross\n|-crit|p2a: Eelektross\n|-damage|p2a: Eelektross|105/290\n|-heal|p1a: Toedscruel|103/281|[from] drain|[of] p2a: Eelektross\n|move|p2a: Eelektross|U-turn|p1a: Toedscruel\n|-supereffective|p1a: Toedscruel\n|-damage|p1a: Toedscruel|0 fnt\n|faint|p1a: Toedscruel\n|\n|t:|1781427709\n|switch|p2a: Koraidon|Koraidon, L64|235/235|[from] U-turn\n|-weather|SunnyDay|[from] ability: Orichalcum Pulse|[of] p2a: Koraidon\n|-activate|p2a: Koraidon|Orichalcum Pulse|[source]\n|\n|-weather|SunnyDay|[upkeep]\n|upkeep\n|\n|t:|1781427714\n|switch|p1a: Rhyperior|Rhyperior, L82, F|323/323\n|turn|7\n|\n|t:|1781427722\n|move|p2a: Koraidon|U-turn|p1a: Rhyperior\n|-damage|p1a: Rhyperior|262/323\n|\n|t:|1781427724\n|switch|p2a: Manaphy|Manaphy, L78|284/284|[from] U-turn\n|move|p1a: Rhyperior|Rock Polish|p1a: Rhyperior\n|-boost|p1a: Rhyperior|spe|2\n|\n|-weather|SunnyDay|[upkeep]\n|upkeep\n|turn|8\n|\n|t:|1781427728\n|move|p1a: Rhyperior|Earthquake|p2a: Manaphy\n|-damage|p2a: Manaphy|163/284\n|move|p2a: Manaphy|Energy Ball|p1a: Rhyperior\n|-supereffective|p1a: Rhyperior\n|-crit|p1a: Rhyperior\n|-damage|p1a: Rhyperior|0 fnt\n|faint|p1a: Rhyperior\n|\n|-weather|SunnyDay|[upkeep]\n|-heal|p2a: Manaphy|180/284|[from] item: Leftovers\n|upkeep\n|\n|t:|1781427733\n|switch|p1a: Comfey|Comfey, L85, M|225/225\n|turn|9\n|\n|t:|1781427736\n|switch|p2a: Overqwil|Overqwil, L82, F|274/274\n|-ability|p2a: Overqwil|Intimidate|boost\n|-unboost|p1a: Comfey|atk|1\n|move|p1a: Comfey|Calm Mind|p1a: Comfey\n|-boost|p1a: Comfey|spa|1\n|-boost|p1a: Comfey|spd|1\n|\n|-weather|SunnyDay|[upkeep]\n|upkeep\n|turn|10\n|\n|t:|1781427744\n|-terastallize|p1a: Comfey|Ground\n|move|p1a: Comfey|Tera Blast|p2a: Overqwil|[anim] Tera Blast Ground\n|-supereffective|p2a: Overqwil\n|-damage|p2a: Overqwil|0 fnt\n|faint|p2a: Overqwil\n|\n|-weather|none\n|upkeep\n|\n|t:|1781427755\n|switch|p2a: Eelektross|Eelektross, L87, M|105/290\n|turn|11\n|\n|t:|1781427761\n|move|p1a: Comfey|Draining Kiss|p2a: Eelektross\n|-damage|p2a: Eelektross|53/290\n|move|p2a: Eelektross|Dragon Tail|p1a: Comfey\n|-damage|p1a: Comfey|173/225\n|drag|p1a: Walking Wake|Walking Wake, L79|286/286\n|\n|upkeep\n|turn|12\n|\n|t:|1781427770\n|move|p1a: Walking Wake|Hydro Steam|p2a: Eelektross\n|-damage|p2a: Eelektross|0 fnt\n|faint|p2a: Eelektross\n|-damage|p1a: Walking Wake|258/286|[from] item: Life Orb\n|\n|upkeep\n|\n|t:|1781427781\n|switch|p2a: Azumarill|Azumarill, L82, F|298/298 slp\n|turn|13\n|\n|t:|1781427785\n|-end|p1a: Walking Wake|Protosynthesis|[silent]\n|switch|p1a: Blastoise|Blastoise, L80, M|258/258\n|cant|p2a: Azumarill|slp\n|\n|upkeep\n|turn|14\n|\n|t:|1781427789\n|move|p1a: Blastoise|Shell Smash|p1a: Blastoise\n|-unboost|p1a: Blastoise|def|1\n|-unboost|p1a: Blastoise|spd|1\n|-boost|p1a: Blastoise|atk|2\n|-boost|p1a: Blastoise|spa|2\n|-boost|p1a: Blastoise|spe|2\n|-enditem|p1a: Blastoise|White Herb\n|-clearnegativeboost|p1a: Blastoise|[silent]\n|-curestatus|p2a: Azumarill|slp|[msg]\n|move|p2a: Azumarill|Play Rough|p1a: Blastoise\n|-damage|p1a: Blastoise|110/258\n|\n|upkeep\n|turn|15\n|c|\u26068btry8|nooo 1 turn sleep :(\n|\n|t:|1781427806\n|move|p1a: Blastoise|Earthquake|p2a: Azumarill\n|-damage|p2a: Azumarill|176/298\n|move|p2a: Azumarill|Play Rough|p1a: Blastoise|[miss]\n|-miss|p2a: Azumarill|p1a: Blastoise\n|\n|upkeep\n|turn|16\n|\n|t:|1781427811\n|move|p1a: Blastoise|Earthquake|p2a: Azumarill\n|-damage|p2a: Azumarill|52/298\n|move|p2a: Azumarill|Play Rough|p1a: Blastoise\n|-damage|p1a: Blastoise|0 fnt\n|faint|p1a: Blastoise\n|\n|upkeep\n|c|\u26068btry8|ah nice\n|c|\u26068btry8|xd\n|\n|t:|1781427829\n|switch|p1a: Comfey|Comfey, L85, M, tera:Ground|173/225\n|turn|17\n|\n|t:|1781427832\n|move|p1a: Comfey|Tera Blast|p2a: Azumarill|[anim] Tera Blast Ground\n|-damage|p2a: Azumarill|0 fnt\n|faint|p2a: Azumarill\n|\n|-heal|p1a: Comfey|187/225|[from] item: Leftovers\n|upkeep\n|\n|t:|1781427840\n|switch|p2a: Manaphy|Manaphy, L78|180/284\n|turn|18\n|\n|t:|1781427865\n|move|p1a: Comfey|Tera Blast|p2a: Manaphy|[anim] Tera Blast Ground\n|-damage|p2a: Manaphy|104/284\n|move|p2a: Manaphy|Hydro Pump|p1a: Comfey|[miss]\n|-miss|p2a: Manaphy|p1a: Comfey\n|\n|-heal|p1a: Comfey|201/225|[from] item: Leftovers\n|-heal|p2a: Manaphy|121/284|[from] item: Leftovers\n|upkeep\n|turn|19\n|\n|t:|1781427871\n|move|p1a: Comfey|Tera Blast|p2a: Manaphy|[anim] Tera Blast Ground\n|-damage|p2a: Manaphy|45/284\n|move|p2a: Manaphy|Hydro Pump|p1a: Comfey|[miss]\n|-miss|p2a: Manaphy|p1a: Comfey\n|\n|-heal|p1a: Comfey|215/225|[from] item: Leftovers\n|-heal|p2a: Manaphy|62/284|[from] item: Leftovers\n|upkeep\n|turn|20\n|-message|jsjsiis forfeited.\n|\n|win|8btry8\n", "uploadtime": 1781427593, "views": 3, "formatid": "gen9randombattle", "rating": null, "private": 0, "password": null}