{"id": "gen9randombattle-2631650641", "format": "[Gen 9] Random Battle", "players": ["YUNGCORV", "Dfrrnspa97"], "log": "|j|\u2606YUNGCORV\n|j|\u2606Dfrrnspa97\n|t:|1781414998\n|gametype|singles\n|player|p1|YUNGCORV|2|2162\n|player|p2|Dfrrnspa97|101|2089\n|gen|9\n|tier|[Gen 9] Random Battle\n|rated|\n|rule|Species Clause: Limit one of each Pok\u00e9mon\n|rule|HP Percentage Mod: HP is shown in percentages\n|rule|Sleep Clause Mod: Limit one foe put to sleep\n|rule|Illusion Level Mod: Illusion disguises the Pok\u00e9mon's true level\n|\n|t:|1781414998\n|teamsize|p1|6\n|teamsize|p2|6\n|start\n|switch|p1a: Giratina|Giratina-Origin, L72|335/335\n|switch|p2a: Pyroar|Pyroar, L88, F|295/295\n|-ability|p2a: Pyroar|Unnerve\n|turn|1\n|inactive|Battle timer is ON: inactive players will automatically lose when time's up. (requested by YUNGCORV)\n|j| Zyroth_7\n|\n|t:|1781415014\n|switch|p2a: Overqwil|Overqwil, L82, M|274/274\n|-ability|p2a: Overqwil|Intimidate|boost\n|-unboost|p1a: Giratina|atk|1\n|move|p1a: Giratina|Draco Meteor|p2a: Overqwil\n|-damage|p2a: Overqwil|91/274\n|-unboost|p1a: Giratina|spa|2\n|\n|upkeep\n|turn|2\n|\n|t:|1781415033\n|switch|p1a: Groudon|Groudon, L72|263/263\n|-weather|SunnyDay|[from] ability: Drought|[of] p1a: Groudon\n|move|p2a: Overqwil|Scale Shot|p1a: Groudon\n|-damage|p1a: Groudon|247/263\n|-damage|p1a: Groudon|230/263\n|-damage|p1a: Groudon|215/263\n|-damage|p1a: Groudon|198/263\n|-hitcount|p1a: Groudon|4\n|-unboost|p2a: Overqwil|def|1\n|-boost|p2a: Overqwil|spe|1\n|\n|-weather|SunnyDay|[upkeep]\n|-heal|p1a: Groudon|214/263|[from] item: Leftovers\n|upkeep\n|turn|3\n|\n|t:|1781415049\n|move|p2a: Overqwil|Crunch|p1a: Groudon\n|-damage|p1a: Groudon|136/263\n|move|p1a: Groudon|Heat Crash|p2a: Overqwil\n|-damage|p2a: Overqwil|0 fnt\n|faint|p2a: Overqwil\n|\n|-weather|SunnyDay|[upkeep]\n|-heal|p1a: Groudon|152/263|[from] item: Leftovers\n|upkeep\n|\n|t:|1781415054\n|switch|p2a: Pyroar|Pyroar, L88, F|295/295\n|-ability|p2a: Pyroar|Unnerve\n|turn|4\n|\n|t:|1781415065\n|switch|p1a: Giratina|Giratina-Origin, L72|335/335\n|move|p2a: Pyroar|Work Up|p2a: Pyroar\n|-boost|p2a: Pyroar|atk|1\n|-boost|p2a: Pyroar|spa|1\n|\n|-weather|SunnyDay|[upkeep]\n|upkeep\n|turn|5\n|\n|t:|1781415073\n|-terastallize|p2a: Pyroar|Fire\n|move|p2a: Pyroar|Fire Blast|p1a: Giratina\n|-resisted|p1a: Giratina\n|-damage|p1a: Giratina|131/335\n|move|p1a: Giratina|Draco Meteor|p2a: Pyroar\n|-damage|p2a: Pyroar|117/295\n|-unboost|p1a: Giratina|spa|2\n|\n|-weather|SunnyDay|[upkeep]\n|upkeep\n|turn|6\n|\n|t:|1781415085\n|move|p2a: Pyroar|Fire Blast|p1a: Giratina\n|-resisted|p1a: Giratina\n|-damage|p1a: Giratina|0 fnt\n|faint|p1a: Giratina\n|\n|-weather|none\n|upkeep\n|\n|t:|1781415094\n|switch|p1a: Iron Moth|Iron Moth, L78|253/253\n|turn|7\n|\n|t:|1781415111\n|switch|p2a: Lugia|Lugia, L73|275/275\n|move|p1a: Iron Moth|Sludge Wave|p2a: Lugia\n|-damage|p2a: Lugia|228/275\n|\n|upkeep\n|turn|8\n|\n|t:|1781415128\n|-end|p1a: Iron Moth|Quark Drive|[silent]\n|switch|p1a: Electrode|Electrode-Hisui, L87|246/246\n|switch|p2a: Pyroar|Pyroar, L88, F, tera:Fire|117/295\n|-ability|p2a: Pyroar|Unnerve\n|\n|upkeep\n|turn|9\n|\n|t:|1781415137\n|switch|p1a: Iron Moth|Iron Moth, L78|253/253\n|switch|p2a: Breloom|Breloom, L83, M|235/235\n|\n|upkeep\n|turn|10\n|\n|t:|1781415148\n|switch|p2a: Lugia|Lugia, L73|228/275\n|move|p1a: Iron Moth|Fire Blast|p2a: Lugia|[miss]\n|-miss|p1a: Iron Moth|p2a: Lugia\n|\n|upkeep\n|turn|11\n|\n|t:|1781415169\n|move|p1a: Iron Moth|Sludge Wave|p2a: Lugia\n|-damage|p2a: Lugia|144/275\n|move|p2a: Lugia|Calm Mind|p2a: Lugia\n|-boost|p2a: Lugia|spa|1\n|-boost|p2a: Lugia|spd|1\n|\n|upkeep\n|turn|12\n|\n|t:|1781415177\n|-end|p1a: Iron Moth|Quark Drive|[silent]\n|switch|p1a: Electrode|Electrode-Hisui, L87|246/246\n|move|p2a: Lugia|Recover|p2a: Lugia\n|-heal|p2a: Lugia|275/275\n|\n|upkeep\n|turn|13\n|\n|t:|1781415185\n|move|p1a: Electrode|Thunder Wave|p2a: Lugia\n|-status|p2a: Lugia|par\n|move|p2a: Lugia|Psychic Noise|p1a: Electrode\n|-damage|p1a: Electrode|150/246\n|-start|p1a: Electrode|move: Heal Block\n|\n|upkeep\n|turn|14\n|\n|t:|1781415193\n|move|p1a: Electrode|Volt Switch|p2a: Lugia\n|-supereffective|p2a: Lugia\n|-damage|p2a: Lugia|231/275 par\n|-damage|p1a: Electrode|126/246|[from] item: Life Orb\n|\n|t:|1781415207\n|switch|p1a: Maushold|Maushold-Four, L76|238/238|[from] Volt Switch\n|move|p2a: Lugia|Aeroblast|p1a: Maushold\n|-damage|p1a: Maushold|97/238\n|\n|upkeep\n|turn|15\n|\n|t:|1781415215\n|move|p1a: Maushold|Population Bomb|p2a: Lugia\n|-damage|p2a: Lugia|212/275 par\n|-damage|p2a: Lugia|191/275 par\n|-damage|p2a: Lugia|172/275 par\n|-damage|p2a: Lugia|154/275 par\n|-damage|p2a: Lugia|135/275 par\n|-damage|p2a: Lugia|116/275 par\n|-damage|p2a: Lugia|97/275 par\n|-damage|p2a: Lugia|78/275 par\n|-damage|p2a: Lugia|57/275 par\n|-damage|p2a: Lugia|38/275 par\n|-hitcount|p2a: Lugia|10\n|move|p2a: Lugia|Aeroblast|p1a: Maushold|[miss]\n|-miss|p2a: Lugia|p1a: Maushold\n|\n|upkeep\n|turn|16\n|\n|t:|1781415232\n|move|p1a: Maushold|Population Bomb|p2a: Lugia\n|-damage|p2a: Lugia|17/275 par\n|-damage|p2a: Lugia|0 fnt\n|faint|p2a: Lugia\n|-hitcount|p2: Lugia|2\n|\n|upkeep\n|\n|t:|1781415236\n|switch|p2a: Breloom|Breloom, L83, M|235/235\n|turn|17\n|\n|t:|1781415241\n|switch|p1a: Misdreavus|Misdreavus, L90, M|254/254\n|move|p2a: Breloom|Spore|p1a: Misdreavus\n|-status|p1a: Misdreavus|slp|[from] move: Spore\n|\n|upkeep\n|turn|18\n|\n|t:|1781415251\n|switch|p1a: Maushold|Maushold-Four, L76|97/238\n|move|p2a: Breloom|Rock Tomb|p1a: Maushold\n|-damage|p1a: Maushold|0 fnt\n|faint|p1a: Maushold\n|-damage|p2a: Breloom|212/235|[from] item: Life Orb\n|\n|upkeep\n|\n|t:|1781415274\n|switch|p1a: Groudon|Groudon, L72|152/263\n|-weather|SunnyDay|[from] ability: Drought|[of] p1a: Groudon\n|turn|19\n|\n|t:|1781415282\n|switch|p2a: Salazzle|Salazzle, L83, F|249/249\n|move|p1a: Groudon|Heat Crash|p2a: Salazzle\n|-resisted|p2a: Salazzle\n|-damage|p2a: Salazzle|155/249\n|\n|-weather|SunnyDay|[upkeep]\n|-heal|p1a: Groudon|168/263|[from] item: Leftovers\n|upkeep\n|turn|20\n|\n|t:|1781415296\n|-terastallize|p1a: Groudon|Fire\n|move|p2a: Salazzle|Fire Blast|p1a: Groudon\n|-resisted|p1a: Groudon\n|-damage|p1a: Groudon|63/263\n|move|p1a: Groudon|Precipice Blades|p2a: Salazzle\n|-supereffective|p2a: Salazzle\n|-damage|p2a: Salazzle|0 fnt\n|faint|p2a: Salazzle\n|\n|-weather|SunnyDay|[upkeep]\n|-heal|p1a: Groudon|79/263|[from] item: Leftovers\n|upkeep\n|\n|t:|1781415300\n|switch|p2a: Brute Bonnet|Brute Bonnet, L80|309/309\n|-activate|p2a: Brute Bonnet|ability: Protosynthesis\n|-start|p2a: Brute Bonnet|protosynthesisatk\n|turn|21\n|\n|t:|1781415312\n|move|p1a: Groudon|Stealth Rock|p2a: Brute Bonnet\n|-sidestart|p2: Dfrrnspa97|move: Stealth Rock\n|move|p2a: Brute Bonnet|Crunch|p1a: Groudon\n|-damage|p1a: Groudon|0 fnt\n|faint|p1a: Groudon\n|\n|-weather|SunnyDay|[upkeep]\n|upkeep\n|\n|t:|1781415322\n|switch|p1a: Iron Moth|Iron Moth, L78|253/253\n|turn|22\n|\n|t:|1781415325\n|move|p2a: Brute Bonnet|Sucker Punch|p1a: Iron Moth\n|-damage|p1a: Iron Moth|102/253\n|move|p1a: Iron Moth|Fire Blast|p2a: Brute Bonnet\n|-supereffective|p2a: Brute Bonnet\n|-damage|p2a: Brute Bonnet|0 fnt\n|faint|p2a: Brute Bonnet\n|-end|p2a: Brute Bonnet|Protosynthesis|[silent]\n|\n|-weather|SunnyDay|[upkeep]\n|upkeep\n|\n|t:|1781415329\n|switch|p2a: Pyroar|Pyroar, L88, F, tera:Fire|117/295\n|-ability|p2a: Pyroar|Unnerve\n|turn|23\n|\n|t:|1781415338\n|-end|p1a: Iron Moth|Quark Drive|[silent]\n|switch|p1a: Misdreavus|Misdreavus, L90, M|254/254 slp\n|move|p2a: Pyroar|Fire Blast|p1a: Misdreavus\n|-damage|p1a: Misdreavus|60/254 slp\n|\n|-weather|none\n|upkeep\n|turn|24\n|\n|t:|1781415346\n|move|p2a: Pyroar|Work Up|p2a: Pyroar\n|-boost|p2a: Pyroar|atk|1\n|-boost|p2a: Pyroar|spa|1\n|cant|p1a: Misdreavus|slp\n|\n|upkeep\n|turn|25\n|\n|t:|1781415355\n|move|p2a: Pyroar|Fire Blast|p1a: Misdreavus\n|-damage|p1a: Misdreavus|0 fnt\n|faint|p1a: Misdreavus\n|\n|upkeep\n|\n|t:|1781415360\n|switch|p1a: Iron Moth|Iron Moth, L78|102/253\n|turn|26\n|-message|YUNGCORV forfeited.\n|\n|win|Dfrrnspa97\n", "uploadtime": 1781415001, "views": 4, "formatid": "gen9randombattle", "rating": null, "private": 0, "password": null}