{"id": "gen9randombattle-2631870131", "format": "[Gen 9] Random Battle", "players": ["alvaro030", "YouShallNotPas"], "log": "|j|\u2606alvaro030\n|j|\u2606YouShallNotPas\n|t:|1781450258\n|gametype|singles\n|player|p1|alvaro030|169|1949\n|player|p2|YouShallNotPas|101|1954\n|gen|9\n|tier|[Gen 9] Random Battle\n|rated|\n|rule|Species Clause: Limit one of each Pok\u00e9mon\n|rule|HP Percentage Mod: HP is shown in percentages\n|rule|Sleep Clause Mod: Limit one foe put to sleep\n|rule|Illusion Level Mod: Illusion disguises the Pok\u00e9mon's true level\n|\n|t:|1781450258\n|teamsize|p1|6\n|teamsize|p2|6\n|start\n|switch|p1a: Carbink|Carbink, L90|236/236\n|switch|p2a: Honchkrow|Honchkrow, L86, M|312/312\n|turn|1\n|inactive|Battle timer is ON: inactive players will automatically lose when time's up. (requested by alvaro030)\n|\n|t:|1781450284\n|switch|p2a: Fezandipiti|Fezandipiti, L82, M|278/278\n|move|p1a: Carbink|Iron Defense|p1a: Carbink\n|-boost|p1a: Carbink|def|2\n|\n|upkeep\n|turn|2\n|\n|t:|1781450296\n|move|p2a: Fezandipiti|Beat Up|p1a: Carbink\n|-resisted|p1a: Carbink\n|-damage|p1a: Carbink|235/236\n|-resisted|p1a: Carbink\n|-damage|p1a: Carbink|234/236\n|-resisted|p1a: Carbink\n|-damage|p1a: Carbink|233/236\n|-status|p1a: Carbink|tox|[from] ability: Toxic Chain|[of] p2a: Fezandipiti\n|-resisted|p1a: Carbink\n|-damage|p1a: Carbink|231/236 tox\n|-resisted|p1a: Carbink\n|-damage|p1a: Carbink|229/236 tox\n|-resisted|p1a: Carbink\n|-damage|p1a: Carbink|227/236 tox\n|-hitcount|p1a: Carbink|6\n|move|p1a: Carbink|Rock Polish|p1a: Carbink\n|-boost|p1a: Carbink|spe|2\n|\n|-heal|p1a: Carbink|236/236 tox|[from] item: Leftovers\n|-damage|p1a: Carbink|222/236 tox|[from] psn\n|upkeep\n|turn|3\n|\n|t:|1781450317\n|move|p1a: Carbink|Iron Defense|p1a: Carbink\n|-boost|p1a: Carbink|def|2\n|move|p2a: Fezandipiti|Moonblast|p1a: Carbink\n|-damage|p1a: Carbink|179/236 tox\n|\n|-heal|p1a: Carbink|193/236 tox|[from] item: Leftovers\n|-damage|p1a: Carbink|165/236 tox|[from] psn\n|upkeep\n|turn|4\n|\n|t:|1781450327\n|move|p1a: Carbink|Body Press|p2a: Fezandipiti\n|-resisted|p2a: Fezandipiti\n|-crit|p2a: Fezandipiti\n|-damage|p2a: Fezandipiti|168/278\n|move|p2a: Fezandipiti|Moonblast|p1a: Carbink\n|-damage|p1a: Carbink|117/236 tox\n|\n|-heal|p1a: Carbink|131/236 tox|[from] item: Leftovers\n|-heal|p2a: Fezandipiti|185/278|[from] item: Leftovers\n|-damage|p1a: Carbink|89/236 tox|[from] psn\n|upkeep\n|turn|5\n|\n|t:|1781450348\n|move|p1a: Carbink|Body Press|p2a: Fezandipiti\n|-resisted|p2a: Fezandipiti\n|-damage|p2a: Fezandipiti|115/278\n|move|p2a: Fezandipiti|Roost|p2a: Fezandipiti\n|-heal|p2a: Fezandipiti|254/278\n|-singleturn|p2a: Fezandipiti|move: Roost\n|\n|-heal|p1a: Carbink|103/236 tox|[from] item: Leftovers\n|-heal|p2a: Fezandipiti|271/278|[from] item: Leftovers\n|-damage|p1a: Carbink|47/236 tox|[from] psn\n|upkeep\n|turn|6\n|\n|t:|1781450361\n|switch|p1a: Pachirisu|Pachirisu, L96, F|271/271\n|move|p2a: Fezandipiti|Beat Up|p1a: Pachirisu\n|-damage|p1a: Pachirisu|260/271\n|-damage|p1a: Pachirisu|252/271\n|-status|p1a: Pachirisu|tox|[from] ability: Toxic Chain|[of] p2a: Fezandipiti\n|-damage|p1a: Pachirisu|243/271 tox\n|-damage|p1a: Pachirisu|233/271 tox\n|-damage|p1a: Pachirisu|221/271 tox\n|-damage|p1a: Pachirisu|210/271 tox\n|-hitcount|p1a: Pachirisu|6\n|\n|-heal|p2a: Fezandipiti|278/278|[from] item: Leftovers\n|-damage|p1a: Pachirisu|194/271 tox|[from] psn\n|upkeep\n|turn|7\n|inactive|YouShallNotPas has 120 seconds left.\n|\n|t:|1781450392\n|switch|p2a: Perrserker|Perrserker, L89, M|269/269\n|move|p1a: Pachirisu|Nuzzle|p2a: Perrserker\n|-damage|p2a: Perrserker|254/269\n|-status|p2a: Perrserker|par\n|\n|-damage|p1a: Pachirisu|162/271 tox|[from] psn\n|upkeep\n|turn|8\n|\n|t:|1781450401\n|move|p1a: Pachirisu|U-turn|p2a: Perrserker\n|-resisted|p2a: Perrserker\n|-damage|p2a: Perrserker|237/269 par\n|\n|t:|1781450405\n|switch|p1a: Carbink|Carbink, L90|47/236 tox|[from] U-turn\n|move|p2a: Perrserker|Stealth Rock|p1a: Carbink\n|-sidestart|p1: alvaro030|move: Stealth Rock\n|\n|-heal|p1a: Carbink|61/236 tox|[from] item: Leftovers\n|-damage|p1a: Carbink|47/236 tox|[from] psn\n|upkeep\n|turn|9\n|inactive|YouShallNotPas has 120 seconds left.\n|\n|t:|1781450415\n|switch|p2a: Gogoat|Gogoat, L88, F|360/360\n|move|p1a: Carbink|Body Press|p2a: Gogoat\n|-damage|p2a: Gogoat|245/360\n|\n|-heal|p2a: Gogoat|267/360|[from] item: Leftovers\n|-heal|p1a: Carbink|61/236 tox|[from] item: Leftovers\n|-damage|p1a: Carbink|33/236 tox|[from] psn\n|upkeep\n|turn|10\n|inactive|YouShallNotPas has 120 seconds left.\n|inactive|alvaro030 has 120 seconds left.\n|\n|t:|1781450448\n|switch|p1a: Trevenant|Trevenant, L89, M|296/296\n|-damage|p1a: Trevenant|259/296|[from] Stealth Rock\n|move|p2a: Gogoat|Bulk Up|p2a: Gogoat\n|-boost|p2a: Gogoat|atk|1\n|-boost|p2a: Gogoat|def|1\n|\n|-heal|p2a: Gogoat|289/360|[from] item: Leftovers\n|upkeep\n|turn|11\n|inactive|YouShallNotPas has 120 seconds left.\n|\n|t:|1781450462\n|move|p2a: Gogoat|Bulk Up|p2a: Gogoat\n|-boost|p2a: Gogoat|atk|1\n|-boost|p2a: Gogoat|def|1\n|move|p1a: Trevenant|Toxic|p2a: Gogoat\n|-status|p2a: Gogoat|tox\n|\n|-heal|p2a: Gogoat|311/360 tox|[from] item: Leftovers\n|-damage|p2a: Gogoat|289/360 tox|[from] psn\n|upkeep\n|turn|12\n|\n|t:|1781450473\n|move|p1a: Trevenant|Protect|p1a: Trevenant\n|-singleturn|p1a: Trevenant|Protect\n|move|p2a: Gogoat|Bulk Up|p2a: Gogoat\n|-boost|p2a: Gogoat|atk|1\n|-boost|p2a: Gogoat|def|1\n|\n|-heal|p2a: Gogoat|311/360 tox|[from] item: Leftovers\n|-damage|p2a: Gogoat|267/360 tox|[from] psn\n|upkeep\n|turn|13\n|\n|t:|1781450481\n|switch|p1a: Carbink|Carbink, L90|33/236 tox\n|-damage|p1a: Carbink|4/236 tox|[from] Stealth Rock\n|move|p2a: Gogoat|Horn Leech|p1a: Carbink\n|-supereffective|p1a: Carbink\n|-damage|p1a: Carbink|0 fnt\n|-heal|p2a: Gogoat|269/360 tox|[from] drain|[of] p1a: Carbink\n|faint|p1a: Carbink\n|\n|-heal|p2a: Gogoat|291/360 tox|[from] item: Leftovers\n|-damage|p2a: Gogoat|225/360 tox|[from] psn\n|upkeep\n|\n|t:|1781450488\n|switch|p1a: Trevenant|Trevenant, L89, M|259/296\n|-damage|p1a: Trevenant|222/296|[from] Stealth Rock\n|turn|14\n|\n|t:|1781450495\n|move|p2a: Gogoat|Bulk Up|p2a: Gogoat\n|-boost|p2a: Gogoat|atk|1\n|-boost|p2a: Gogoat|def|1\n|move|p1a: Trevenant|Poltergeist|p2a: Gogoat\n|-activate|p2a: Gogoat|move: Poltergeist|Leftovers\n|-damage|p2a: Gogoat|159/360 tox\n|\n|-heal|p2a: Gogoat|181/360 tox|[from] item: Leftovers\n|-damage|p2a: Gogoat|93/360 tox|[from] psn\n|upkeep\n|turn|15\n|\n|t:|1781450506\n|switch|p2a: Fezandipiti|Fezandipiti, L82, M|278/278\n|move|p1a: Trevenant|Poltergeist|p2a: Fezandipiti|[miss]\n|-miss|p1a: Trevenant|p2a: Fezandipiti\n|\n|upkeep\n|turn|16\n|\n|t:|1781450518\n|move|p2a: Fezandipiti|Gunk Shot|p1a: Trevenant\n|-damage|p1a: Trevenant|95/296\n|-enditem|p1a: Trevenant|Sitrus Berry|[eat]\n|-heal|p1a: Trevenant|169/296|[from] item: Sitrus Berry\n|move|p1a: Trevenant|Poltergeist|p2a: Fezandipiti|[miss]\n|-miss|p1a: Trevenant|p2a: Fezandipiti\n|\n|upkeep\n|turn|17\n|\n|t:|1781450530\n|move|p1a: Trevenant|Protect|p1a: Trevenant\n|-singleturn|p1a: Trevenant|Protect\n|move|p2a: Fezandipiti|Beat Up|p1a: Trevenant\n|-activate|p1a: Trevenant|move: Protect\n|\n|upkeep\n|turn|18\n|\n|t:|1781450544\n|switch|p1a: Pachirisu|Pachirisu, L96, F|162/271 tox\n|-damage|p1a: Pachirisu|129/271 tox|[from] Stealth Rock\n|move|p2a: Fezandipiti|Beat Up|p1a: Pachirisu\n|-damage|p1a: Pachirisu|119/271 tox\n|-damage|p1a: Pachirisu|111/271 tox\n|-damage|p1a: Pachirisu|102/271 tox\n|-damage|p1a: Pachirisu|91/271 tox\n|-hitcount|p1a: Pachirisu|4\n|\n|-damage|p1a: Pachirisu|75/271 tox|[from] psn\n|upkeep\n|turn|19\n|\n|t:|1781450557\n|switch|p2a: Perrserker|Perrserker, L89, M|237/269 par\n|move|p1a: Pachirisu|Super Fang|p2a: Perrserker\n|-damage|p2a: Perrserker|119/269 par\n|\n|-damage|p1a: Pachirisu|43/271 tox|[from] psn\n|upkeep\n|turn|20\n|\n|t:|1781450567\n|move|p1a: Pachirisu|Thunderbolt|p2a: Perrserker\n|-damage|p2a: Perrserker|25/269 par\n|cant|p2a: Perrserker|par\n|\n|-damage|p1a: Pachirisu|0 fnt|[from] psn\n|faint|p1a: Pachirisu\n|upkeep\n|\n|t:|1781450582\n|switch|p1a: Trevenant|Trevenant, L89, M|169/296\n|-damage|p1a: Trevenant|132/296|[from] Stealth Rock\n|turn|21\n|\n|t:|1781450602\n|switch|p2a: Honchkrow|Honchkrow, L86, M|312/312\n|move|p1a: Trevenant|Drain Punch|p2a: Honchkrow\n|-damage|p2a: Honchkrow|223/312\n|-heal|p1a: Trevenant|177/296|[from] drain|[of] p2a: Honchkrow\n|\n|-item|p1a: Trevenant|Sitrus Berry|[from] ability: Harvest\n|upkeep\n|turn|22\n|\n|t:|1781450614\n|move|p2a: Honchkrow|Brave Bird|p1a: Trevenant\n|-supereffective|p1a: Trevenant\n|-damage|p1a: Trevenant|0 fnt\n|faint|p1a: Trevenant\n|-ability|p2a: Honchkrow|Moxie|boost\n|-boost|p2a: Honchkrow|atk|1\n|-damage|p2a: Honchkrow|165/312|[from] Recoil\n|\n|upkeep\n|\n|t:|1781450620\n|switch|p1a: Jolteon|Jolteon, L84, M|246/246\n|-damage|p1a: Jolteon|216/246|[from] Stealth Rock\n|turn|23\n|\n|t:|1781450631\n|move|p2a: Honchkrow|Sucker Punch|p1a: Jolteon\n|-damage|p1a: Jolteon|33/246\n|move|p1a: Jolteon|Thunderbolt|p2a: Honchkrow\n|-supereffective|p2a: Honchkrow\n|-damage|p2a: Honchkrow|0 fnt\n|faint|p2a: Honchkrow\n|-damage|p1a: Jolteon|9/246|[from] item: Life Orb\n|\n|upkeep\n|\n|t:|1781450644\n|switch|p2a: Azumarill|Azumarill, L82, M|298/298\n|turn|24\n|\n|t:|1781450648\n|move|p2a: Azumarill|Aqua Jet|p1a: Jolteon\n|-damage|p1a: Jolteon|0 fnt\n|faint|p1a: Jolteon\n|\n|upkeep\n|\n|t:|1781450666\n|switch|p1a: Venomoth|Venomoth, L84, M|255/255\n|turn|25\n|\n|t:|1781450687\n|switch|p2a: Gogoat|Gogoat, L88, F|93/360 tox\n|move|p1a: Venomoth|Quiver Dance|p1a: Venomoth\n|-boost|p1a: Venomoth|spa|1\n|-boost|p1a: Venomoth|spd|1\n|-boost|p1a: Venomoth|spe|1\n|\n|-heal|p2a: Gogoat|115/360 tox|[from] item: Leftovers\n|-damage|p2a: Gogoat|93/360 tox|[from] psn\n|upkeep\n|turn|26\n|\n|t:|1781450698\n|move|p1a: Venomoth|Sludge Wave|p2a: Gogoat\n|-supereffective|p2a: Gogoat\n|-damage|p2a: Gogoat|0 fnt\n|faint|p2a: Gogoat\n|\n|upkeep\n|\n|t:|1781450703\n|switch|p2a: Azumarill|Azumarill, L82, M|298/298\n|turn|27\n|\n|t:|1781450711\n|-terastallize|p2a: Azumarill|Water\n|move|p2a: Azumarill|Aqua Jet|p1a: Venomoth\n|-damage|p1a: Venomoth|119/255\n|move|p1a: Venomoth|Sleep Powder|p2a: Azumarill\n|-status|p2a: Azumarill|slp|[from] move: Sleep Powder\n|\n|upkeep\n|turn|28\n|\n|t:|1781450718\n|cant|p2a: Azumarill|slp\n|move|p1a: Venomoth|Sludge Wave|p2a: Azumarill\n|-damage|p2a: Azumarill|154/298 slp\n|\n|upkeep\n|turn|29\n|\n|t:|1781450725\n|cant|p2a: Azumarill|slp\n|move|p1a: Venomoth|Sludge Wave|p2a: Azumarill\n|-damage|p2a: Azumarill|0 fnt\n|faint|p2a: Azumarill\n|\n|upkeep\n|\n|t:|1781450742\n|switch|p2a: Fezandipiti|Fezandipiti, L82, M|278/278\n|turn|30\n|\n|t:|1781450748\n|move|p1a: Venomoth|Sleep Powder|p2a: Fezandipiti\n|-status|p2a: Fezandipiti|slp|[from] move: Sleep Powder\n|cant|p2a: Fezandipiti|slp\n|\n|upkeep\n|turn|31\n|\n|t:|1781450765\n|-terastallize|p1a: Venomoth|Steel\n|move|p1a: Venomoth|Quiver Dance|p1a: Venomoth\n|-boost|p1a: Venomoth|spa|1\n|-boost|p1a: Venomoth|spd|1\n|-boost|p1a: Venomoth|spe|1\n|cant|p2a: Fezandipiti|slp\n|\n|upkeep\n|turn|32\n|\n|t:|1781450773\n|switch|p2a: Keldeo|Keldeo-Resolute, L79|273/273\n|move|p1a: Venomoth|Quiver Dance|p1a: Venomoth\n|-boost|p1a: Venomoth|spa|1\n|-boost|p1a: Venomoth|spd|1\n|-boost|p1a: Venomoth|spe|1\n|\n|upkeep\n|turn|33\n|\n|t:|1781450780\n|move|p1a: Venomoth|Sludge Wave|p2a: Keldeo\n|-damage|p2a: Keldeo|14/273\n|move|p2a: Keldeo|Secret Sword|p1a: Venomoth\n|-supereffective|p1a: Venomoth\n|-damage|p1a: Venomoth|0 fnt\n|faint|p1a: Venomoth\n|-damage|p2a: Keldeo|0 fnt|[from] item: Life Orb\n|faint|p2a: Keldeo\n|\n|upkeep\n|\n|t:|1781450793\n|switch|p2a: Fezandipiti|Fezandipiti, L82, M|278/278 slp\n|switch|p1a: Politoed|Politoed, L88, F|302/302\n|-damage|p1a: Politoed|265/302|[from] Stealth Rock\n|-weather|RainDance|[from] ability: Drizzle|[of] p1a: Politoed\n|turn|34\n|\n|t:|1781450804\n|-curestatus|p2a: Fezandipiti|slp|[msg]\n|move|p2a: Fezandipiti|Moonblast|p1a: Politoed\n|-damage|p1a: Politoed|204/302\n|-status|p1a: Politoed|tox|[from] ability: Toxic Chain|[of] p2a: Fezandipiti\n|move|p1a: Politoed|Weather Ball|p2a: Fezandipiti\n|-damage|p2a: Fezandipiti|100/278\n|\n|-weather|RainDance|[upkeep]\n|-heal|p2a: Fezandipiti|117/278|[from] item: Leftovers\n|-damage|p1a: Politoed|186/302 tox|[from] psn\n|upkeep\n|turn|35\n|\n|t:|1781450819\n|move|p2a: Fezandipiti|Roost|p2a: Fezandipiti\n|-heal|p2a: Fezandipiti|256/278\n|-singleturn|p2a: Fezandipiti|move: Roost\n|move|p1a: Politoed|Weather Ball|p2a: Fezandipiti\n|-damage|p2a: Fezandipiti|63/278\n|\n|-weather|RainDance|[upkeep]\n|-heal|p2a: Fezandipiti|80/278|[from] item: Leftovers\n|-damage|p1a: Politoed|150/302 tox|[from] psn\n|upkeep\n|turn|36\n|\n|t:|1781450829\n|move|p2a: Fezandipiti|Gunk Shot|p1a: Politoed|[miss]\n|-miss|p2a: Fezandipiti|p1a: Politoed\n|move|p1a: Politoed|Weather Ball|p2a: Fezandipiti\n|-damage|p2a: Fezandipiti|0 fnt\n|faint|p2a: Fezandipiti\n|\n|-weather|RainDance|[upkeep]\n|-damage|p1a: Politoed|96/302 tox|[from] psn\n|upkeep\n|\n|t:|1781450838\n|switch|p2a: Perrserker|Perrserker, L89, M|25/269 par\n|turn|37\n|\n|t:|1781450842\n|move|p1a: Politoed|Weather Ball|p2a: Perrserker\n|-damage|p2a: Perrserker|0 fnt\n|faint|p2a: Perrserker\n|\n|win|alvaro030\n", "uploadtime": 1781450260, "views": 3, "formatid": "gen9randombattle", "rating": null, "private": 0, "password": null}