{"id": "gen9randombattle-2631711967", "format": "[Gen 9] Random Battle", "players": ["feedgty", "torpenr"], "log": "|j|\u2606feedgty\n|j|\u203dtorpenr\n|t:|1781426645\n|gametype|singles\n|player|p1|feedgty|169|1253\n|player|p2|torpenr|169|1249\n|gen|9\n|tier|[Gen 9] Random Battle\n|rated|\n|rule|Species Clause: Limit one of each Pok\u00e9mon\n|rule|HP Percentage Mod: HP is shown in percentages\n|rule|Sleep Clause Mod: Limit one foe put to sleep\n|rule|Illusion Level Mod: Illusion disguises the Pok\u00e9mon's true level\n|\n|t:|1781426645\n|teamsize|p1|6\n|teamsize|p2|6\n|start\n|switch|p1a: Bruxish|Bruxish, L85, F|254/254\n|switch|p2a: Tinkaton|Tinkaton, L82, F|274/274\n|-ability|p2a: Tinkaton|Mold Breaker\n|turn|1\n|inactive|Battle timer is ON: inactive players will automatically lose when time's up. (requested by torpenr)\n|\n|t:|1781426676\n|switch|p1a: Lokix|Lokix, L82, F|251/251\n|move|p2a: Tinkaton|Thunder Wave|p1a: Lokix\n|-status|p1a: Lokix|par\n|\n|upkeep\n|turn|2\n|\n|t:|1781426687\n|move|p2a: Tinkaton|Play Rough|p1a: Lokix\n|-supereffective|p1a: Lokix\n|-damage|p1a: Lokix|83/251 par\n|move|p1a: Lokix|Knock Off|p2a: Tinkaton\n|-resisted|p2a: Tinkaton\n|-damage|p2a: Tinkaton|152/274\n|-enditem|p2a: Tinkaton|Leftovers|[from] move: Knock Off|[of] p1a: Lokix\n|\n|upkeep\n|turn|3\n|\n|t:|1781426699\n|switch|p1a: Spiritomb|Spiritomb, L89, F|234/234\n|move|p2a: Tinkaton|Play Rough|p1a: Spiritomb\n|-supereffective|p1a: Spiritomb\n|-damage|p1a: Spiritomb|114/234\n|\n|-heal|p1a: Spiritomb|128/234|[from] item: Leftovers\n|upkeep\n|turn|4\n|\n|t:|1781426706\n|move|p2a: Tinkaton|Play Rough|p1a: Spiritomb\n|-supereffective|p1a: Spiritomb\n|-damage|p1a: Spiritomb|8/234\n|-unboost|p1a: Spiritomb|atk|1\n|move|p1a: Spiritomb|Pain Split|p2a: Tinkaton\n|-sethp|p2a: Tinkaton|80/274|[from] move: Pain Split|[silent]\n|-sethp|p1a: Spiritomb|80/234|[from] move: Pain Split\n|\n|-heal|p1a: Spiritomb|94/234|[from] item: Leftovers\n|upkeep\n|turn|5\n|\n|t:|1781426716\n|move|p1a: Spiritomb|Shadow Sneak|p2a: Tinkaton\n|-damage|p2a: Tinkaton|43/274\n|move|p2a: Tinkaton|Play Rough|p1a: Spiritomb\n|-supereffective|p1a: Spiritomb\n|-damage|p1a: Spiritomb|0 fnt\n|faint|p1a: Spiritomb\n|\n|upkeep\n|\n|t:|1781426739\n|switch|p1a: Orthworm|Orthworm, L88, M|266/266\n|turn|6\n|\n|t:|1781426744\n|move|p2a: Tinkaton|Thunder Wave|p1a: Orthworm\n|-status|p1a: Orthworm|par\n|move|p1a: Orthworm|Coil|p1a: Orthworm\n|-boost|p1a: Orthworm|atk|1\n|-boost|p1a: Orthworm|def|1\n|-boost|p1a: Orthworm|accuracy|1\n|\n|upkeep\n|turn|7\n|\n|t:|1781426751\n|move|p2a: Tinkaton|Encore|p1a: Orthworm\n|-start|p1a: Orthworm|Encore\n|move|p1a: Orthworm|Coil|p1a: Orthworm\n|-boost|p1a: Orthworm|atk|1\n|-boost|p1a: Orthworm|def|1\n|-boost|p1a: Orthworm|accuracy|1\n|\n|upkeep\n|turn|8\n|\n|t:|1781426769\n|switch|p2a: Sunflora|Sunflora, M|312/312\n|move|p1a: Orthworm|Coil|p1a: Orthworm\n|-boost|p1a: Orthworm|atk|1\n|-boost|p1a: Orthworm|def|1\n|-boost|p1a: Orthworm|accuracy|1\n|\n|upkeep\n|turn|9\n|\n|t:|1781426783\n|move|p2a: Sunflora|Sunny Day|p2a: Sunflora\n|-weather|SunnyDay\n|move|p1a: Orthworm|Coil|p1a: Orthworm\n|-boost|p1a: Orthworm|atk|1\n|-boost|p1a: Orthworm|def|1\n|-boost|p1a: Orthworm|accuracy|1\n|\n|-weather|SunnyDay|[upkeep]\n|-end|p1a: Orthworm|Encore\n|upkeep\n|turn|10\n|\n|t:|1781426801\n|move|p2a: Sunflora|Weather Ball|p1a: Orthworm\n|-supereffective|p1a: Orthworm\n|-damage|p1a: Orthworm|0 fnt\n|faint|p1a: Orthworm\n|-damage|p2a: Sunflora|281/312|[from] item: Life Orb\n|\n|-weather|SunnyDay|[upkeep]\n|upkeep\n|\n|t:|1781426805\n|switch|p1a: Bruxish|Bruxish, L85, F|254/254\n|turn|11\n|\n|t:|1781426812\n|move|p2a: Sunflora|Solar Beam||[still]\n|-prepare|p2a: Sunflora|Solar Beam\n|-anim|p2a: Sunflora|Solar Beam|p1a: Bruxish\n|-supereffective|p1a: Bruxish\n|-damage|p1a: Bruxish|0 fnt\n|faint|p1a: Bruxish\n|-damage|p2a: Sunflora|250/312|[from] item: Life Orb\n|\n|-weather|SunnyDay|[upkeep]\n|upkeep\n|\n|t:|1781426821\n|switch|p1a: Beartic|Beartic, L91, M|321/321\n|turn|12\n|\n|t:|1781426829\n|move|p2a: Sunflora|Weather Ball|p1a: Beartic\n|-supereffective|p1a: Beartic\n|-damage|p1a: Beartic|0 fnt\n|faint|p1a: Beartic\n|-damage|p2a: Sunflora|219/312|[from] item: Life Orb\n|\n|-weather|SunnyDay|[upkeep]\n|upkeep\n|\n|t:|1781426834\n|switch|p1a: Azumarill|Azumarill, L82, F|298/298\n|turn|13\n|\n|t:|1781426855\n|move|p2a: Sunflora|Solar Beam||[still]\n|-prepare|p2a: Sunflora|Solar Beam\n|-anim|p2a: Sunflora|Solar Beam|p1a: Azumarill\n|-supereffective|p1a: Azumarill\n|-damage|p1a: Azumarill|0 fnt\n|faint|p1a: Azumarill\n|-damage|p2a: Sunflora|188/312|[from] item: Life Orb\n|\n|-weather|none\n|upkeep\n|\n|t:|1781426860\n|switch|p1a: Lokix|Lokix, L82, F|83/251 par\n|turn|14\n|\n|t:|1781426866\n|cant|p1a: Lokix|par\n|move|p2a: Sunflora|Weather Ball|p1a: Lokix\n|-damage|p1a: Lokix|0 fnt\n|faint|p1a: Lokix\n|-damage|p2a: Sunflora|157/312|[from] item: Life Orb\n|\n|win|torpenr\n|raw|feedgty's rating: 1253 &rarr; <strong>1228</strong><br />(-25 for losing)\n|raw|torpenr's rating: 1249 &rarr; <strong>1274</strong><br />(+25 for winning)\n|l|\u2606feedgty\n|player|p1|\n", "uploadtime": 1781426875, "views": 2, "formatid": "gen9randombattle", "rating": 1228, "private": 0, "password": null}