{"id": "gen9randombattle-2631860760", "format": "[Gen 9] Random Battle", "players": ["MakotoV7", "DBKaiyote"], "log": "|j|\u2606MakotoV7\n|j|\u2606DBKaiyote\n|t:|1781449214\n|gametype|singles\n|player|p1|MakotoV7|steven|2157\n|player|p2|DBKaiyote|swimmer-gen4|2089\n|gen|9\n|tier|[Gen 9] Random Battle\n|rated|\n|rule|Species Clause: Limit one of each Pok\u00e9mon\n|rule|HP Percentage Mod: HP is shown in percentages\n|rule|Sleep Clause Mod: Limit one foe put to sleep\n|rule|Illusion Level Mod: Illusion disguises the Pok\u00e9mon's true level\n|\n|t:|1781449214\n|teamsize|p1|6\n|teamsize|p2|6\n|start\n|switch|p1a: Klawf|Klawf, L90, M|272/272\n|switch|p2a: Lunala|Lunala, L70|308/308\n|turn|1\n|inactive|Battle timer is ON: inactive players will automatically lose when time's up. (requested by MakotoV7)\n|\n|t:|1781449231\n|switch|p2a: Passimian|Passimian, L83, M|302/302\n|move|p1a: Klawf|Crabhammer|p2a: Passimian\n|-damage|p2a: Passimian|222/302\n|\n|-heal|p2a: Passimian|240/302|[from] item: Leftovers\n|upkeep\n|turn|2\n|\n|t:|1781449241\n|move|p1a: Klawf|Swords Dance|p1a: Klawf\n|-boost|p1a: Klawf|atk|2\n|move|p2a: Passimian|Bulk Up|p2a: Passimian\n|-boost|p2a: Passimian|atk|1\n|-boost|p2a: Passimian|def|1\n|\n|-heal|p2a: Passimian|258/302|[from] item: Leftovers\n|upkeep\n|turn|3\n|\n|t:|1781449247\n|-terastallize|p1a: Klawf|Water\n|move|p1a: Klawf|Swords Dance|p1a: Klawf\n|-boost|p1a: Klawf|atk|2\n|move|p2a: Passimian|Bulk Up|p2a: Passimian\n|-boost|p2a: Passimian|atk|1\n|-boost|p2a: Passimian|def|1\n|\n|-heal|p2a: Passimian|276/302|[from] item: Leftovers\n|upkeep\n|turn|4\n|\n|t:|1781449254\n|move|p1a: Klawf|Crabhammer|p2a: Passimian\n|-crit|p2a: Passimian\n|-damage|p2a: Passimian|0 fnt\n|faint|p2a: Passimian\n|\n|upkeep\n|\n|t:|1781449259\n|switch|p2a: Volbeat|Volbeat, L90, M|263/263\n|turn|5\n|\n|t:|1781449261\n|move|p2a: Volbeat|Thunder Wave|p1a: Klawf\n|-status|p1a: Klawf|par\n|-enditem|p1a: Klawf|Lum Berry|[eat]\n|-curestatus|p1a: Klawf|par|[msg]\n|move|p1a: Klawf|Crabhammer|p2a: Volbeat\n|-damage|p2a: Volbeat|0 fnt\n|faint|p2a: Volbeat\n|\n|upkeep\n|\n|t:|1781449273\n|switch|p2a: Tornadus|Tornadus-Therian, L79, M|254/254\n|turn|6\n|\n|t:|1781449276\n|move|p2a: Tornadus|Grass Knot|p1a: Klawf\n|-supereffective|p1a: Klawf\n|-damage|p1a: Klawf|132/272\n|-ability|p1a: Klawf|Anger Shell|boost\n|-boost|p1a: Klawf|atk|1\n|-boost|p1a: Klawf|spa|1\n|-boost|p1a: Klawf|spe|1\n|-unboost|p1a: Klawf|def|1\n|-unboost|p1a: Klawf|spd|1\n|move|p1a: Klawf|Crabhammer|p2a: Tornadus|[miss]\n|-miss|p1a: Klawf|p2a: Tornadus\n|\n|upkeep\n|turn|7\n|\n|t:|1781449283\n|move|p1a: Klawf|Crabhammer|p2a: Tornadus\n|-damage|p2a: Tornadus|0 fnt\n|faint|p2a: Tornadus\n|\n|upkeep\n|-message|DBKaiyote forfeited.\n|\n|win|MakotoV7\n", "uploadtime": 1781449215, "views": 3, "formatid": "gen9randombattle", "rating": null, "private": 0, "password": null}