{"id": "gen9randombattle-2631944062", "format": "[Gen 9] Random Battle", "players": ["UmbreonSolitario", "isnothingeasy"], "log": "|j|\u2606UmbreonSolitario\n|j|\u2606isnothingeasy\n|t:|1781458371\n|gametype|singles\n|player|p1|UmbreonSolitario|266|1971\n|player|p2|isnothingeasy|lady|1955\n|gen|9\n|tier|[Gen 9] Random Battle\n|rated|\n|rule|Species Clause: Limit one of each Pok\u00e9mon\n|rule|HP Percentage Mod: HP is shown in percentages\n|rule|Sleep Clause Mod: Limit one foe put to sleep\n|rule|Illusion Level Mod: Illusion disguises the Pok\u00e9mon's true level\n|\n|t:|1781458371\n|teamsize|p1|6\n|teamsize|p2|6\n|start\n|switch|p1a: Arbok|Arbok, L87, F|246/246\n|switch|p2a: Coalossal|Coalossal, L89, F|341/341\n|-ability|p1a: Arbok|Intimidate|boost\n|-unboost|p2a: Coalossal|atk|1\n|turn|1\n|\n|t:|1781458385\n|switch|p2a: Farigiraf|Farigiraf, L90, F|362/362\n|move|p1a: Arbok|Earthquake|p2a: Farigiraf\n|-damage|p2a: Farigiraf|274/362\n|\n|-heal|p2a: Farigiraf|296/362|[from] item: Leftovers\n|upkeep\n|turn|2\n|\n|t:|1781458393\n|switch|p1a: Chien-Pao|Chien-Pao, L72|234/234\n|-ability|p1a: Chien-Pao|Sword of Ruin\n|move|p2a: Farigiraf|Psychic Noise|p1a: Chien-Pao\n|-immune|p1a: Chien-Pao\n|\n|-heal|p2a: Farigiraf|318/362|[from] item: Leftovers\n|upkeep\n|turn|3\n|\n|t:|1781458398\n|switch|p1a: Arbok|Arbok, L87, F|246/246\n|-ability|p1a: Arbok|Intimidate|boost\n|-unboost|p2a: Farigiraf|atk|1\n|move|p2a: Farigiraf|Protect||[still]\n|-fail|p2a: Farigiraf\n|\n|-heal|p2a: Farigiraf|340/362|[from] item: Leftovers\n|upkeep\n|turn|4\n|\n|t:|1781458406\n|move|p1a: Arbok|Coil|p1a: Arbok\n|-boost|p1a: Arbok|atk|1\n|-boost|p1a: Arbok|def|1\n|-boost|p1a: Arbok|accuracy|1\n|move|p2a: Farigiraf|Body Slam|p1a: Arbok\n|-damage|p1a: Arbok|194/246\n|\n|-heal|p1a: Arbok|209/246|[from] item: Leftovers\n|-heal|p2a: Farigiraf|362/362|[from] item: Leftovers\n|upkeep\n|turn|5\n|\n|t:|1781458415\n|move|p1a: Arbok|Gunk Shot|p2a: Farigiraf\n|-damage|p2a: Farigiraf|127/362\n|move|p2a: Farigiraf|Psychic Noise|p1a: Arbok\n|-supereffective|p1a: Arbok\n|-damage|p1a: Arbok|3/246\n|-start|p1a: Arbok|move: Heal Block\n|\n|-heal|p2a: Farigiraf|149/362|[from] item: Leftovers\n|upkeep\n|turn|6\n|\n|t:|1781458422\n|move|p1a: Arbok|Gunk Shot|p2a: Farigiraf\n|-damage|p2a: Farigiraf|0 fnt\n|faint|p2a: Farigiraf\n|\n|-end|p1a: Arbok|move: Heal Block\n|upkeep\n|\n|t:|1781458431\n|switch|p2a: Ambipom|Ambipom, L84, F|263/263\n|turn|7\n|\n|t:|1781458435\n|switch|p1a: Annihilape|Annihilape, L76, F|292/292\n|move|p2a: Ambipom|Double-Edge|p1a: Annihilape\n|-immune|p1a: Annihilape\n|\n|upkeep\n|turn|8\n|\n|t:|1781458440\n|switch|p2a: Annihilape|Annihilape, L76, F|292/292\n|switch|p1a: Arbok|Arbok, L87, F|3/246\n|-ability|p1a: Arbok|Intimidate|boost\n|-unboost|p2a: Annihilape|atk|1\n|-ability|p2a: Annihilape|Defiant|boost\n|-boost|p2a: Annihilape|atk|2\n|\n|-heal|p1a: Arbok|18/246|[from] item: Leftovers\n|upkeep\n|turn|9\n|\n|t:|1781458455\n|move|p1a: Arbok|Trailblaze|p2a: Annihilape\n|-damage|p2a: Annihilape|249/292\n|-boost|p1a: Arbok|spe|1\n|move|p2a: Annihilape|Drain Punch|p1a: Arbok\n|-resisted|p1a: Arbok\n|-damage|p1a: Arbok|0 fnt\n|-heal|p2a: Annihilape|258/292|[from] drain|[of] p1a: Arbok\n|faint|p1a: Arbok\n|\n|upkeep\n|\n|t:|1781458460\n|switch|p1a: Swanna|Swanna, L89, M|278/278\n|turn|10\n|\n|t:|1781458464\n|-terastallize|p2a: Annihilape|Ghost\n|move|p1a: Swanna|Flip Turn|p2a: Annihilape\n|-damage|p2a: Annihilape|185/292\n|\n|t:|1781458471\n|switch|p1a: Chien-Pao|Chien-Pao, L72|234/234|[from] Flip Turn\n|-ability|p1a: Chien-Pao|Sword of Ruin\n|move|p2a: Annihilape|Rage Fist|p1a: Chien-Pao\n|-resisted|p1a: Chien-Pao\n|-damage|p1a: Chien-Pao|43/234\n|\n|upkeep\n|turn|11\n|\n|t:|1781458477\n|switch|p2a: Coalossal|Coalossal, L89, F|341/341\n|move|p1a: Chien-Pao|Throat Chop|p2a: Coalossal\n|-damage|p2a: Coalossal|269/341\n|-start|p2a: Coalossal|Throat Chop|[silent]\n|\n|upkeep\n|turn|12\n|\n|t:|1781458484\n|switch|p1a: Swanna|Swanna, L89, M|278/278\n|move|p2a: Coalossal|Stone Edge|p1a: Swanna|[miss]\n|-miss|p2a: Coalossal|p1a: Swanna\n|\n|-end|p2a: Coalossal|Throat Chop|[silent]\n|upkeep\n|turn|13\n|\n|t:|1781458487\n|move|p1a: Swanna|Hydro Pump|p2a: Coalossal\n|-supereffective|p2a: Coalossal\n|-damage|p2a: Coalossal|0 fnt\n|faint|p2a: Coalossal\n|\n|upkeep\n|\n|t:|1781458490\n|switch|p2a: Rayquaza|Rayquaza, L72|270/270\n|-ability|p2a: Rayquaza|Air Lock\n|turn|14\n|inactive|Battle timer is ON: inactive players will automatically lose when time's up. (requested by isnothingeasy)\n|\n|t:|1781458523\n|move|p1a: Swanna|Brave Bird|p2a: Rayquaza\n|-damage|p2a: Rayquaza|111/270\n|-damage|p1a: Swanna|226/278|[from] Recoil\n|move|p2a: Rayquaza|Swords Dance|p2a: Rayquaza\n|-boost|p2a: Rayquaza|atk|2\n|\n|upkeep\n|turn|15\n|\n|t:|1781458527\n|move|p2a: Rayquaza|Extreme Speed|p1a: Swanna\n|-damage|p1a: Swanna|95/278\n|move|p1a: Swanna|Brave Bird|p2a: Rayquaza\n|-damage|p2a: Rayquaza|0 fnt\n|faint|p2a: Rayquaza\n|-damage|p1a: Swanna|58/278|[from] Recoil\n|\n|upkeep\n|\n|t:|1781458532\n|switch|p2a: Ambipom|Ambipom, L84, F|263/263\n|turn|16\n|\n|t:|1781458540\n|move|p2a: Ambipom|Knock Off|p1a: Swanna\n|-damage|p1a: Swanna|0 fnt\n|-enditem|p1a: Swanna|Heavy-Duty Boots|[from] move: Knock Off|[of] p2a: Ambipom\n|faint|p1a: Swanna\n|\n|upkeep\n|\n|t:|1781458546\n|switch|p1a: Tauros|Tauros-Paldea-Aqua, L81, M|252/252\n|turn|17\n|\n|t:|1781458556\n|switch|p2a: Annihilape|Annihilape, L76, F, tera:Ghost|185/292\n|move|p1a: Tauros|Bulk Up|p1a: Tauros\n|-boost|p1a: Tauros|atk|1\n|-boost|p1a: Tauros|def|1\n|\n|upkeep\n|turn|18\n|\n|t:|1781458565\n|move|p1a: Tauros|Bulk Up|p1a: Tauros\n|-boost|p1a: Tauros|atk|1\n|-boost|p1a: Tauros|def|1\n|move|p2a: Annihilape|Rest|p2a: Annihilape\n|-status|p2a: Annihilape|slp|[from] move: Rest\n|-heal|p2a: Annihilape|292/292 slp|[silent]\n|-enditem|p2a: Annihilape|Chesto Berry|[eat]\n|-curestatus|p2a: Annihilape|slp|[msg]\n|\n|upkeep\n|turn|19\n|\n|t:|1781458579\n|move|p1a: Tauros|Liquidation|p2a: Annihilape\n|-damage|p2a: Annihilape|75/292\n|move|p2a: Annihilape|Bulk Up|p2a: Annihilape\n|-boost|p2a: Annihilape|atk|1\n|-boost|p2a: Annihilape|def|1\n|\n|upkeep\n|turn|20\n|\n|t:|1781458583\n|move|p1a: Tauros|Liquidation|p2a: Annihilape\n|-damage|p2a: Annihilape|0 fnt\n|faint|p2a: Annihilape\n|\n|upkeep\n|\n|t:|1781458586\n|switch|p2a: Frosmoth|Frosmoth, L82, M|249/249\n|turn|21\n|\n|t:|1781458589\n|move|p1a: Tauros|Close Combat|p2a: Frosmoth\n|-damage|p2a: Frosmoth|0 fnt\n|-unboost|p1a: Tauros|def|1\n|-unboost|p1a: Tauros|spd|1\n|faint|p2a: Frosmoth\n|\n|upkeep\n|\n|t:|1781458592\n|switch|p2a: Ambipom|Ambipom, L84, F|263/263\n|turn|22\n|\n|t:|1781458595\n|-terastallize|p1a: Tauros|Steel\n|move|p2a: Ambipom|Double-Edge|p1a: Tauros\n|-resisted|p1a: Tauros\n|-damage|p1a: Tauros|196/252\n|-damage|p2a: Ambipom|245/263|[from] Recoil\n|move|p1a: Tauros|Close Combat|p2a: Ambipom\n|-supereffective|p2a: Ambipom\n|-damage|p2a: Ambipom|0 fnt\n|-unboost|p1a: Tauros|def|1\n|-unboost|p1a: Tauros|spd|1\n|faint|p2a: Ambipom\n|\n|win|UmbreonSolitario\n", "uploadtime": 1781458372, "views": 3, "formatid": "gen9randombattle", "rating": null, "private": 0, "password": null}