{"id": "gen9randombattle-2631492363", "format": "[Gen 9] Random Battle", "players": ["memegameguy", "Arionblue_practice"], "log": "|j|\u2606memegameguy\n|j|\u2606Arionblue_practice\n|t:|1781391911\n|gametype|singles\n|player|p1|memegameguy|hilbert|2007\n|player|p2|Arionblue_practice|acetrainer-gen4dp|1964\n|gen|9\n|tier|[Gen 9] Random Battle\n|rated|\n|rule|Species Clause: Limit one of each Pok\u00e9mon\n|rule|HP Percentage Mod: HP is shown in percentages\n|rule|Sleep Clause Mod: Limit one foe put to sleep\n|rule|Illusion Level Mod: Illusion disguises the Pok\u00e9mon's true level\n|\n|t:|1781391911\n|teamsize|p1|6\n|teamsize|p2|6\n|start\n|switch|p1a: Clawitzer|Clawitzer, L87, F|265/265\n|switch|p2a: Magearna|Magearna, L77|250/250\n|turn|1\n|\n|t:|1781391949\n|move|p1a: Clawitzer|Water Pulse|p2a: Magearna\n|-damage|p2a: Magearna|136/250\n|move|p2a: Magearna|Shift Gear|p2a: Magearna\n|-boost|p2a: Magearna|spe|2\n|-boost|p2a: Magearna|atk|1\n|\n|upkeep\n|turn|2\n|\n|t:|1781391955\n|move|p2a: Magearna|Fleur Cannon|p1a: Clawitzer\n|-damage|p1a: Clawitzer|177/265\n|-unboost|p2a: Magearna|spa|2\n|move|p1a: Clawitzer|Water Pulse|p2a: Magearna\n|-damage|p2a: Magearna|28/250\n|\n|upkeep\n|turn|3\n|\n|t:|1781391959\n|move|p2a: Magearna|Fleur Cannon|p1a: Clawitzer\n|-damage|p1a: Clawitzer|128/265\n|-unboost|p2a: Magearna|spa|2\n|move|p1a: Clawitzer|Water Pulse|p2a: Magearna\n|-damage|p2a: Magearna|0 fnt\n|faint|p2a: Magearna\n|\n|upkeep\n|\n|t:|1781391966\n|switch|p2a: Vileplume|Vileplume, L85, F|266/266\n|turn|4\n|\n|t:|1781391977\n|switch|p1a: Klefki|Klefki, L84, F|233/233\n|move|p2a: Vileplume|Sludge Bomb|p1a: Klefki\n|-immune|p1a: Klefki\n|\n|upkeep\n|turn|5\n|\n|t:|1781392017\n|switch|p2a: Flareon|Flareon, L90, F|263/263\n|move|p1a: Klefki|Thunder Wave|p2a: Flareon|[miss]\n|-miss|p1a: Klefki|p2a: Flareon\n|\n|-status|p2a: Flareon|tox|[from] item: Toxic Orb\n|upkeep\n|turn|6\n|\n|t:|1781392038\n|switch|p1a: Alomomola|Alomomola, L87, M|429/429\n|move|p2a: Flareon|Flare Blitz|p1a: Alomomola\n|-resisted|p1a: Alomomola\n|-damage|p1a: Alomomola|276/429\n|-damage|p2a: Flareon|213/263 tox|[from] Recoil\n|\n|-damage|p2a: Flareon|197/263 tox|[from] psn\n|upkeep\n|turn|7\n|\n|t:|1781392044\n|switch|p2a: Vileplume|Vileplume, L85, F|266/266\n|move|p1a: Alomomola|Protect||[still]\n|-fail|p1a: Alomomola\n|\n|upkeep\n|turn|8\n|\n|t:|1781392056\n|move|p1a: Alomomola|Flip Turn|p2a: Vileplume\n|-resisted|p2a: Vileplume\n|-damage|p2a: Vileplume|238/266\n|\n|t:|1781392058\n|switch|p1a: Hypno|Hypno, L95, M|315/315|[from] Flip Turn\n|move|p2a: Vileplume|Sludge Bomb|p1a: Hypno\n|-damage|p1a: Hypno|230/315\n|\n|-heal|p1a: Hypno|249/315|[from] item: Leftovers\n|-heal|p2a: Vileplume|254/266|[from] item: Leftovers\n|upkeep\n|turn|9\n|\n|t:|1781392066\n|switch|p2a: Wo-Chien|Wo-Chien, L83|277/277\n|-ability|p2a: Wo-Chien|Tablets of Ruin\n|move|p1a: Hypno|Psychic Noise|p2a: Wo-Chien\n|-immune|p2a: Wo-Chien\n|\n|-heal|p1a: Hypno|268/315|[from] item: Leftovers\n|upkeep\n|turn|10\n|\n|t:|1781392074\n|switch|p1a: Klefki|Klefki, L84, F|233/233\n|move|p2a: Wo-Chien|Knock Off|p1a: Klefki\n|-resisted|p1a: Klefki\n|-damage|p1a: Klefki|187/233\n|-enditem|p1a: Klefki|Leftovers|[from] move: Knock Off|[of] p2a: Wo-Chien\n|\n|upkeep\n|turn|11\n|\n|t:|1781392079\n|move|p1a: Klefki|Spikes|p2a: Wo-Chien\n|-sidestart|p2: Arionblue_practice|Spikes\n|move|p2a: Wo-Chien|Leech Seed|p1a: Klefki\n|-start|p1a: Klefki|move: Leech Seed\n|\n|-damage|p1a: Klefki|158/233|[from] Leech Seed|[of] p2a: Wo-Chien\n|upkeep\n|turn|12\n|\n|t:|1781392083\n|switch|p2a: Flareon|Flareon, L90, F|197/263 tox\n|-damage|p2a: Flareon|165/263 tox|[from] Spikes\n|move|p1a: Klefki|Spikes|p2a: Flareon\n|-sidestart|p2: Arionblue_practice|Spikes\n|\n|-damage|p1a: Klefki|129/233|[from] Leech Seed|[of] p2a: Flareon\n|-heal|p2a: Flareon|194/263 tox|[silent]\n|-damage|p2a: Flareon|178/263 tox|[from] psn\n|upkeep\n|turn|13\n|\n|t:|1781392085\n|switch|p1a: Alomomola|Alomomola, L87, M|419/429\n|move|p2a: Flareon|Flare Blitz|p1a: Alomomola\n|-resisted|p1a: Alomomola\n|-damage|p1a: Alomomola|269/429\n|-damage|p2a: Flareon|128/263 tox|[from] Recoil\n|\n|-damage|p2a: Flareon|96/263 tox|[from] psn\n|upkeep\n|turn|14\n|\n|t:|1781392090\n|switch|p2a: Vileplume|Vileplume, L85, F|254/266\n|-damage|p2a: Vileplume|210/266|[from] Spikes\n|move|p1a: Alomomola|Protect||[still]\n|-fail|p1a: Alomomola\n|\n|-heal|p2a: Vileplume|226/266|[from] item: Leftovers\n|upkeep\n|turn|15\n|\n|t:|1781392108\n|move|p1a: Alomomola|Flip Turn|p2a: Vileplume\n|-resisted|p2a: Vileplume\n|-damage|p2a: Vileplume|196/266\n|\n|t:|1781392119\n|switch|p1a: Klefki|Klefki, L84, F|129/233|[from] Flip Turn\n|move|p2a: Vileplume|Giga Drain|p1a: Klefki\n|-resisted|p1a: Klefki\n|-damage|p1a: Klefki|80/233\n|-heal|p2a: Vileplume|221/266|[from] drain|[of] p1a: Klefki\n|\n|-heal|p2a: Vileplume|237/266|[from] item: Leftovers\n|upkeep\n|turn|16\n|\n|t:|1781392127\n|switch|p2a: Bruxish|Bruxish, L85, M|254/254\n|-damage|p2a: Bruxish|212/254|[from] Spikes\n|move|p1a: Klefki|Spikes|p2a: Bruxish\n|-sidestart|p2: Arionblue_practice|Spikes\n|\n|upkeep\n|turn|17\n|\n|t:|1781392130\n|move|p1a: Klefki|Thunder Wave|p2a: Bruxish\n|-status|p2a: Bruxish|par\n|move|p2a: Bruxish|Wave Crash|p1a: Klefki\n|-damage|p1a: Klefki|0 fnt\n|faint|p1a: Klefki\n|-damage|p2a: Bruxish|186/254 par|[from] Recoil\n|-damage|p2a: Bruxish|161/254 par|[from] item: Life Orb\n|\n|upkeep\n|\n|t:|1781392142\n|switch|p1a: Alomomola|Alomomola, L87, M|412/429\n|turn|18\n|\n|t:|1781392147\n|move|p1a: Alomomola|Wish|p1a: Alomomola\n|move|p2a: Bruxish|Psychic Fangs|p1a: Alomomola\n|-damage|p1a: Alomomola|227/429\n|-damage|p2a: Bruxish|136/254 par|[from] item: Life Orb\n|\n|upkeep\n|turn|19\n|\n|t:|1781392157\n|move|p1a: Alomomola|Scald|p2a: Bruxish\n|-resisted|p2a: Bruxish\n|-damage|p2a: Bruxish|107/254 par\n|move|p2a: Bruxish|Swords Dance|p2a: Bruxish\n|-boost|p2a: Bruxish|atk|2\n|\n|-heal|p1a: Alomomola|429/429|[from] move: Wish|[wisher] Alomomola\n|upkeep\n|turn|20\n|\n|t:|1781392168\n|move|p1a: Alomomola|Flip Turn|p2a: Bruxish\n|-resisted|p2a: Bruxish\n|-crit|p2a: Bruxish\n|-damage|p2a: Bruxish|58/254 par\n|\n|t:|1781392173\n|switch|p1a: Hypno|Hypno, L95, M|268/315|[from] Flip Turn\n|move|p2a: Bruxish|Psychic Fangs|p1a: Hypno\n|-resisted|p1a: Hypno\n|-damage|p1a: Hypno|73/315\n|-damage|p2a: Bruxish|33/254 par|[from] item: Life Orb\n|\n|-heal|p1a: Hypno|92/315|[from] item: Leftovers\n|upkeep\n|turn|21\n|\n|t:|1781392180\n|move|p1a: Hypno|Knock Off|p2a: Bruxish\n|-supereffective|p2a: Bruxish\n|-damage|p2a: Bruxish|0 fnt\n|-enditem|p2a: Bruxish|Life Orb|[from] move: Knock Off|[of] p1a: Hypno\n|faint|p2a: Bruxish\n|\n|-heal|p1a: Hypno|111/315|[from] item: Leftovers\n|upkeep\n|\n|t:|1781392185\n|switch|p2a: Noivern|Noivern, L82, M|274/274\n|turn|22\n|\n|t:|1781392189\n|move|p2a: Noivern|Hurricane|p1a: Hypno|[miss]\n|-miss|p2a: Noivern|p1a: Hypno\n|move|p1a: Hypno|Thunder Wave|p2a: Noivern\n|-status|p2a: Noivern|par\n|\n|-heal|p1a: Hypno|130/315|[from] item: Leftovers\n|upkeep\n|turn|23\n|\n|t:|1781392200\n|move|p1a: Hypno|Psychic Noise|p2a: Noivern\n|-damage|p2a: Noivern|187/274 par\n|-start|p2a: Noivern|move: Heal Block\n|move|p2a: Noivern|Hurricane|p1a: Hypno\n|-damage|p1a: Hypno|57/315\n|-start|p1a: Hypno|confusion\n|\n|-heal|p1a: Hypno|76/315|[from] item: Leftovers\n|upkeep\n|turn|24\n|\n|t:|1781392208\n|-activate|p1a: Hypno|confusion\n|-damage|p1a: Hypno|45/315|[from] confusion\n|move|p2a: Noivern|Hurricane|p1a: Hypno\n|-damage|p1a: Hypno|0 fnt\n|faint|p1a: Hypno\n|\n|-end|p2a: Noivern|move: Heal Block\n|upkeep\n|\n|t:|1781392215\n|switch|p1a: Clawitzer|Clawitzer, L87, F|128/265\n|turn|25\n|\n|t:|1781392221\n|move|p1a: Clawitzer|Dragon Pulse|p2a: Noivern\n|-supereffective|p2a: Noivern\n|-damage|p2a: Noivern|0 fnt\n|faint|p2a: Noivern\n|\n|upkeep\n|\n|t:|1781392225\n|switch|p2a: Vileplume|Vileplume, L85, F|237/266\n|-damage|p2a: Vileplume|171/266|[from] Spikes\n|turn|26\n|\n|t:|1781392246\n|switch|p1a: Swalot|Swalot, L90, M|326/326\n|move|p2a: Vileplume|Giga Drain|p1a: Swalot\n|-resisted|p1a: Swalot\n|-damage|p1a: Swalot|285/326\n|-damage|p2a: Vileplume|150/266|[from] ability: Liquid Ooze|[of] p1a: Swalot\n|\n|-heal|p1a: Swalot|305/326|[from] item: Leftovers\n|-heal|p2a: Vileplume|166/266|[from] item: Leftovers\n|upkeep\n|turn|27\n|\n|t:|1781392262\n|switch|p1a: Alomomola|Alomomola, L87, M|429/429\n|move|p2a: Vileplume|Strength Sap|p1a: Alomomola\n|-unboost|p1a: Alomomola|atk|1\n|-heal|p2a: Vileplume|266/266\n|\n|upkeep\n|turn|28\n|\n|t:|1781392272\n|switch|p1a: Swalot|Swalot, L90, M|305/326\n|move|p2a: Vileplume|Sludge Bomb|p1a: Swalot\n|-resisted|p1a: Swalot\n|-damage|p1a: Swalot|253/326\n|\n|-heal|p1a: Swalot|273/326|[from] item: Leftovers\n|upkeep\n|turn|29\n|\n|t:|1781392278\n|switch|p2a: Wo-Chien|Wo-Chien, L83|277/277\n|-damage|p2a: Wo-Chien|208/277|[from] Spikes\n|-ability|p2a: Wo-Chien|Tablets of Ruin\n|move|p1a: Swalot|Knock Off|p2a: Wo-Chien\n|-resisted|p2a: Wo-Chien\n|-damage|p2a: Wo-Chien|186/277\n|-enditem|p2a: Wo-Chien|Leftovers|[from] move: Knock Off|[of] p1a: Swalot\n|\n|-heal|p1a: Swalot|293/326|[from] item: Leftovers\n|upkeep\n|turn|30\n|\n|t:|1781392299\n|switch|p1a: Clawitzer|Clawitzer, L87, F|128/265\n|move|p2a: Wo-Chien|Knock Off|p1a: Clawitzer\n|-damage|p1a: Clawitzer|35/265\n|-enditem|p1a: Clawitzer|Assault Vest|[from] move: Knock Off|[of] p2a: Wo-Chien\n|\n|upkeep\n|turn|31\n|\n|t:|1781392304\n|move|p2a: Wo-Chien|Knock Off|p1a: Clawitzer\n|-damage|p1a: Clawitzer|0 fnt\n|faint|p1a: Clawitzer\n|\n|upkeep\n|\n|t:|1781392306\n|switch|p1a: Porygon-Z|Porygon-Z, L83|277/277\n|-ability|p1a: Porygon-Z|Download|boost\n|-boost|p1a: Porygon-Z|atk|1\n|turn|32\n|\n|t:|1781392312\n|move|p1a: Porygon-Z|Nasty Plot|p1a: Porygon-Z\n|-boost|p1a: Porygon-Z|spa|2\n|move|p2a: Wo-Chien|Leech Seed|p1a: Porygon-Z\n|-start|p1a: Porygon-Z|move: Leech Seed\n|\n|-damage|p1a: Porygon-Z|243/277|[from] Leech Seed|[of] p2a: Wo-Chien\n|-heal|p2a: Wo-Chien|220/277|[silent]\n|upkeep\n|turn|33\n|\n|t:|1781392317\n|move|p1a: Porygon-Z|Tri Attack|p2a: Wo-Chien\n|-damage|p2a: Wo-Chien|29/277\n|-damage|p1a: Porygon-Z|216/277|[from] item: Life Orb\n|move|p2a: Wo-Chien|Knock Off|p1a: Porygon-Z\n|-damage|p1a: Porygon-Z|102/277\n|-enditem|p1a: Porygon-Z|Life Orb|[from] move: Knock Off|[of] p2a: Wo-Chien\n|\n|-damage|p1a: Porygon-Z|68/277|[from] Leech Seed|[of] p2a: Wo-Chien\n|-heal|p2a: Wo-Chien|63/277|[silent]\n|upkeep\n|turn|34\n|\n|t:|1781392324\n|switch|p1a: Swalot|Swalot, L90, M|293/326\n|move|p2a: Wo-Chien|Protect||[still]\n|-fail|p2a: Wo-Chien\n|\n|-heal|p1a: Swalot|313/326|[from] item: Leftovers\n|upkeep\n|turn|35\n|\n|t:|1781392328\n|move|p2a: Wo-Chien|Knock Off|p1a: Swalot\n|-damage|p1a: Swalot|217/326\n|-enditem|p1a: Swalot|Leftovers|[from] move: Knock Off|[of] p2a: Wo-Chien\n|move|p1a: Swalot|Gunk Shot|p2a: Wo-Chien\n|-supereffective|p2a: Wo-Chien\n|-damage|p2a: Wo-Chien|0 fnt\n|faint|p2a: Wo-Chien\n|\n|upkeep\n|\n|t:|1781392333\n|switch|p2a: Flareon|Flareon, L90, F|96/263 tox\n|-damage|p2a: Flareon|31/263 tox|[from] Spikes\n|turn|36\n|\n|t:|1781392338\n|switch|p1a: Alomomola|Alomomola, L87, M|429/429\n|move|p2a: Flareon|Flare Blitz|p1a: Alomomola\n|-resisted|p1a: Alomomola\n|-damage|p1a: Alomomola|292/429\n|-damage|p2a: Flareon|0 fnt|[from] Recoil\n|faint|p2a: Flareon\n|\n|upkeep\n|\n|t:|1781392343\n|switch|p2a: Vileplume|Vileplume, L85, F|266/266\n|-damage|p2a: Vileplume|200/266|[from] Spikes\n|turn|37\n|\n|t:|1781392348\n|switch|p1a: Swalot|Swalot, L90, M|217/326\n|move|p2a: Vileplume|Sludge Bomb|p1a: Swalot\n|-resisted|p1a: Swalot\n|-damage|p1a: Swalot|164/326\n|\n|-heal|p2a: Vileplume|216/266|[from] item: Leftovers\n|upkeep\n|turn|38\n|-message|Arionblue_practice forfeited.\n|\n|win|memegameguy\n", "uploadtime": 1781391912, "views": 3, "formatid": "gen9randombattle", "rating": null, "private": 0, "password": null}