{"id": "gen9randombattle-2631484666", "format": "[Gen 9] Random Battle", "players": ["boxhero147", "THSupernova"], "log": "|j|\u2606boxhero147\n|j|\u2606THSupernova\n|t:|1781390878\n|gametype|singles\n|player|p1|boxhero147|169|2083\n|player|p2|THSupernova|bellelba|2194\n|gen|9\n|tier|[Gen 9] Random Battle\n|rated|\n|rule|Species Clause: Limit one of each Pok\u00e9mon\n|rule|HP Percentage Mod: HP is shown in percentages\n|rule|Sleep Clause Mod: Limit one foe put to sleep\n|rule|Illusion Level Mod: Illusion disguises the Pok\u00e9mon's true level\n|\n|t:|1781390878\n|teamsize|p1|6\n|teamsize|p2|6\n|start\n|switch|p1a: Reuniclus|Reuniclus, L88, F|337/337\n|switch|p2a: Araquanid|Araquanid, L82, M|246/246\n|turn|1\n|\n|t:|1781390886\n|switch|p1a: Gurdurr|Gurdurr, L85, F|283/283\n|move|p2a: Araquanid|Sticky Web|p1a: Gurdurr\n|-sidestart|p1: boxhero147|move: Sticky Web\n|\n|upkeep\n|turn|2\n|\n|t:|1781390889\n|move|p1a: Gurdurr|Knock Off|p2a: Araquanid\n|-damage|p2a: Araquanid|165/246\n|-enditem|p2a: Araquanid|Heavy-Duty Boots|[from] move: Knock Off|[of] p1a: Gurdurr\n|move|p2a: Araquanid|Liquidation|p1a: Gurdurr\n|-damage|p1a: Gurdurr|186/283\n|\n|upkeep\n|turn|3\n|\n|t:|1781390894\n|move|p1a: Gurdurr|Drain Punch|p2a: Araquanid\n|-resisted|p2a: Araquanid\n|-damage|p2a: Araquanid|124/246\n|-heal|p1a: Gurdurr|207/283|[from] drain|[of] p2a: Araquanid\n|move|p2a: Araquanid|Hydro Pump|p1a: Gurdurr\n|-damage|p1a: Gurdurr|80/283\n|\n|upkeep\n|turn|4\n|\n|t:|1781390899\n|move|p1a: Gurdurr|Defog|p2a: Araquanid\n|-unboost|p2a: Araquanid|evasion|1\n|-sideend|p1: boxhero147|Sticky Web|[from] move: Defog|[of] p1a: Gurdurr\n|move|p2a: Araquanid|Hydro Pump|p1a: Gurdurr\n|-damage|p1a: Gurdurr|0 fnt\n|faint|p1a: Gurdurr\n|\n|upkeep\n|\n|t:|1781390902\n|switch|p1a: Skarmory|Skarmory, L80, F|235/235\n|turn|5\n|\n|t:|1781390919\n|switch|p2a: Feraligatr|Feraligatr, L79, F|264/264\n|move|p1a: Skarmory|Brave Bird|p2a: Feraligatr\n|-damage|p2a: Feraligatr|168/264\n|-damage|p1a: Skarmory|203/235|[from] Recoil\n|\n|-heal|p1a: Skarmory|217/235|[from] item: Leftovers\n|upkeep\n|turn|6\n|\n|t:|1781390928\n|move|p2a: Feraligatr|Liquidation|p1a: Skarmory\n|-damage|p1a: Skarmory|108/235\n|move|p1a: Skarmory|Brave Bird|p2a: Feraligatr\n|-damage|p2a: Feraligatr|69/264\n|-damage|p1a: Skarmory|75/235|[from] Recoil\n|\n|-heal|p1a: Skarmory|89/235|[from] item: Leftovers\n|upkeep\n|turn|7\n|\n|t:|1781390934\n|move|p2a: Feraligatr|Liquidation|p1a: Skarmory\n|-damage|p1a: Skarmory|0 fnt\n|faint|p1a: Skarmory\n|\n|upkeep\n|j| MrLJay\n|c| MrLJay|MEGA ELO\n|\n|t:|1781390958\n|switch|p1a: Reuniclus|Reuniclus, L88, F|337/337\n|turn|8\n|\n|t:|1781390961\n|move|p2a: Feraligatr|Crunch|p1a: Reuniclus\n|-supereffective|p1a: Reuniclus\n|-damage|p1a: Reuniclus|158/337\n|move|p1a: Reuniclus|Psychic|p2a: Feraligatr\n|-damage|p2a: Feraligatr|0 fnt\n|faint|p2a: Feraligatr\n|\n|upkeep\n|\n|t:|1781390965\n|switch|p2a: Araquanid|Araquanid, L82, M|124/246\n|turn|9\n|c|\u2606boxhero147|my team is so bad\n|\n|t:|1781390971\n|move|p2a: Araquanid|Sticky Web|p1a: Reuniclus\n|-sidestart|p1: boxhero147|move: Sticky Web\n|move|p1a: Reuniclus|Psychic|p2a: Araquanid\n|-damage|p2a: Araquanid|0 fnt\n|faint|p2a: Araquanid\n|\n|upkeep\n|\n|t:|1781390977\n|switch|p2a: Ambipom|Ambipom, L84, F|263/263\n|turn|10\n|c|\u2606boxhero147|honestly\n|c| MrLJay|not if you got 2000 elo my friend\n|c|\u2606boxhero147|webs dont even matter\n|\n|t:|1781390989\n|move|p2a: Ambipom|Fake Out|p1a: Reuniclus\n|-damage|p1a: Reuniclus|73/337\n|cant|p1a: Reuniclus|flinch\n|\n|upkeep\n|turn|11\n|\n|t:|1781390993\n|move|p2a: Ambipom|Knock Off|p1a: Reuniclus\n|-supereffective|p1a: Reuniclus\n|-damage|p1a: Reuniclus|0 fnt\n|-enditem|p1a: Reuniclus|Life Orb|[from] move: Knock Off|[of] p2a: Ambipom\n|faint|p1a: Reuniclus\n|\n|upkeep\n|\n|t:|1781390999\n|switch|p1a: Suicune|Suicune, L82|298/298\n|-activate|p1a: Suicune|move: Sticky Web\n|-unboost|p1a: Suicune|spe|1\n|-ability|p1a: Suicune|Pressure\n|turn|12\n|\n|t:|1781391003\n|move|p2a: Ambipom|Knock Off|p1a: Suicune\n|-damage|p1a: Suicune|240/298\n|-enditem|p1a: Suicune|Leftovers|[from] move: Knock Off|[of] p2a: Ambipom\n|move|p1a: Suicune|Scald|p2a: Ambipom\n|-damage|p2a: Ambipom|173/263\n|\n|upkeep\n|turn|13\n|\n|t:|1781391006\n|-terastallize|p1a: Suicune|Steel\n|move|p2a: Ambipom|Double-Edge|p1a: Suicune\n|-resisted|p1a: Suicune\n|-damage|p1a: Suicune|172/298\n|-damage|p2a: Ambipom|151/263|[from] Recoil\n|move|p1a: Suicune|Calm Mind|p1a: Suicune\n|-boost|p1a: Suicune|spa|1\n|-boost|p1a: Suicune|spd|1\n|\n|upkeep\n|turn|14\n|\n|t:|1781391009\n|move|p2a: Ambipom|Low Kick|p1a: Suicune\n|-supereffective|p1a: Suicune\n|-damage|p1a: Suicune|42/298\n|move|p1a: Suicune|Scald|p2a: Ambipom\n|-damage|p2a: Ambipom|21/263\n|\n|upkeep\n|turn|15\n|\n|t:|1781391013\n|move|p2a: Ambipom|Low Kick|p1a: Suicune\n|-supereffective|p1a: Suicune\n|-damage|p1a: Suicune|0 fnt\n|faint|p1a: Suicune\n|\n|upkeep\n|\n|t:|1781391015\n|switch|p1a: Scream Tail|Scream Tail, L84|330/330\n|-activate|p1a: Scream Tail|move: Sticky Web\n|-unboost|p1a: Scream Tail|spe|1\n|turn|16\n|\n|t:|1781391018\n|move|p2a: Ambipom|Double-Edge|p1a: Scream Tail\n|-damage|p1a: Scream Tail|200/330\n|-damage|p2a: Ambipom|0 fnt|[from] Recoil\n|faint|p2a: Ambipom\n|move|p1a: Scream Tail|Play Rough|p2: Ambipom|[notarget]\n|-fail|p1a: Scream Tail\n|\n|-heal|p1a: Scream Tail|220/330|[from] item: Leftovers\n|upkeep\n|\n|t:|1781391031\n|switch|p2a: Enamorus|Enamorus, L79, F|247/247\n|turn|17\n|\n|t:|1781391035\n|move|p2a: Enamorus|Substitute|p2a: Enamorus\n|-start|p2a: Enamorus|Substitute\n|-damage|p2a: Enamorus|186/247\n|move|p1a: Scream Tail|Thunder Wave||[still]\n|-fail|p1a: Scream Tail\n|\n|-heal|p2a: Enamorus|201/247|[from] item: Leftovers\n|-heal|p1a: Scream Tail|240/330|[from] item: Leftovers\n|upkeep\n|turn|18\n|\n|t:|1781391041\n|move|p2a: Enamorus|Superpower|p1a: Scream Tail\n|-resisted|p1a: Scream Tail\n|-damage|p1a: Scream Tail|219/330\n|-boost|p2a: Enamorus|atk|1\n|-boost|p2a: Enamorus|def|1\n|move|p1a: Scream Tail|Play Rough|p2a: Enamorus\n|-end|p2a: Enamorus|Substitute\n|\n|-heal|p2a: Enamorus|216/247|[from] item: Leftovers\n|-heal|p1a: Scream Tail|239/330|[from] item: Leftovers\n|upkeep\n|turn|19\n|\n|t:|1781391044\n|move|p2a: Enamorus|Substitute|p2a: Enamorus\n|-start|p2a: Enamorus|Substitute\n|-damage|p2a: Enamorus|155/247\n|move|p1a: Scream Tail|Play Rough|p2a: Enamorus\n|-activate|p2a: Enamorus|move: Substitute|[damage]\n|\n|-heal|p2a: Enamorus|170/247|[from] item: Leftovers\n|-heal|p1a: Scream Tail|259/330|[from] item: Leftovers\n|upkeep\n|turn|20\n|\n|t:|1781391049\n|move|p2a: Enamorus|Superpower|p1a: Scream Tail\n|-resisted|p1a: Scream Tail\n|-damage|p1a: Scream Tail|232/330\n|-boost|p2a: Enamorus|atk|1\n|-boost|p2a: Enamorus|def|1\n|move|p1a: Scream Tail|Play Rough|p2a: Enamorus\n|-end|p2a: Enamorus|Substitute\n|\n|-heal|p2a: Enamorus|185/247|[from] item: Leftovers\n|-heal|p1a: Scream Tail|252/330|[from] item: Leftovers\n|upkeep\n|turn|21\n|\n|t:|1781391054\n|-end|p1a: Scream Tail|Protosynthesis|[silent]\n|switch|p1a: Volcarona|Volcarona, L77, F|257/257\n|move|p2a: Enamorus|Substitute|p2a: Enamorus\n|-start|p2a: Enamorus|Substitute\n|-damage|p2a: Enamorus|124/247\n|\n|-heal|p2a: Enamorus|139/247|[from] item: Leftovers\n|upkeep\n|turn|22\n|\n|t:|1781391057\n|move|p2a: Enamorus|Zen Headbutt|p1a: Volcarona\n|-damage|p1a: Volcarona|106/257\n|cant|p1a: Volcarona|flinch\n|\n|-heal|p2a: Enamorus|154/247|[from] item: Leftovers\n|upkeep\n|turn|23\n|\n|t:|1781391062\n|move|p2a: Enamorus|Zen Headbutt|p1a: Volcarona\n|-damage|p1a: Volcarona|0 fnt\n|faint|p1a: Volcarona\n|\n|-heal|p2a: Enamorus|169/247|[from] item: Leftovers\n|upkeep\n|l| MrLJay\n|\n|t:|1781391065\n|switch|p1a: Scream Tail|Scream Tail, L84|252/330\n|-activate|p1a: Scream Tail|move: Sticky Web\n|-unboost|p1a: Scream Tail|spe|1\n|turn|24\n|\n|t:|1781391068\n|move|p2a: Enamorus|Play Rough|p1a: Scream Tail\n|-damage|p1a: Scream Tail|74/330\n|move|p1a: Scream Tail|Play Rough|p2a: Enamorus\n|-activate|p2a: Enamorus|move: Substitute|[damage]\n|\n|-heal|p2a: Enamorus|184/247|[from] item: Leftovers\n|-heal|p1a: Scream Tail|94/330|[from] item: Leftovers\n|upkeep\n|turn|25\n|\n|t:|1781391075\n|move|p2a: Enamorus|Play Rough|p1a: Scream Tail\n|-damage|p1a: Scream Tail|0 fnt\n|faint|p1a: Scream Tail\n|-end|p1a: Scream Tail|Protosynthesis|[silent]\n|\n|win|THSupernova\n", "uploadtime": 1781390880, "views": 3, "formatid": "gen9randombattle", "rating": null, "private": 0, "password": null}