{"id": "gen9randombattle-2631453519", "format": "[Gen 9] Random Battle", "players": ["green8Bit", "EduArdo1516"], "log": "|j|\u2606green8Bit\n|j|\u2606EduArdo1516\n|t:|1781386552\n|gametype|singles\n|player|p1|green8Bit|266|1981\n|player|p2|EduArdo1516|265|2042\n|gen|9\n|tier|[Gen 9] Random Battle\n|rated|\n|rule|Species Clause: Limit one of each Pok\u00e9mon\n|rule|HP Percentage Mod: HP is shown in percentages\n|rule|Sleep Clause Mod: Limit one foe put to sleep\n|rule|Illusion Level Mod: Illusion disguises the Pok\u00e9mon's true level\n|\n|t:|1781386552\n|teamsize|p1|6\n|teamsize|p2|6\n|start\n|switch|p1a: Victreebel|Victreebel, L90, F|290/290\n|switch|p2a: Clefable|Clefable, L83, M|293/293\n|turn|1\n|inactive|Battle timer is ON: inactive players will automatically lose when time's up. (requested by EduArdo1516)\n|\n|t:|1781386578\n|move|p1a: Victreebel|Sludge Wave|p2a: Clefable\n|-supereffective|p2a: Clefable\n|-damage|p2a: Clefable|0 fnt\n|faint|p2a: Clefable\n|-damage|p1a: Victreebel|261/290|[from] item: Life Orb\n|\n|upkeep\n|\n|t:|1781386594\n|switch|p2a: Glalie|Glalie, L96, F|309/309\n|turn|2\n|inactive|green8Bit has 120 seconds left.\n|\n|t:|1781386640\n|move|p2a: Glalie|Spikes|p1a: Victreebel\n|-sidestart|p1: green8Bit|Spikes\n|move|p1a: Victreebel|Power Whip|p2a: Glalie\n|-damage|p2a: Glalie|122/309\n|-damage|p1a: Victreebel|232/290|[from] item: Life Orb\n|\n|upkeep\n|turn|3\n|\n|t:|1781386653\n|move|p2a: Glalie|Freeze-Dry|p1a: Victreebel\n|-supereffective|p1a: Victreebel\n|-damage|p1a: Victreebel|52/290\n|move|p1a: Victreebel|Sludge Wave|p2a: Glalie\n|-damage|p2a: Glalie|0 fnt\n|faint|p2a: Glalie\n|-damage|p1a: Victreebel|23/290|[from] item: Life Orb\n|\n|upkeep\n|\n|t:|1781386670\n|switch|p2a: Great Tusk|Great Tusk, L77|304/304\n|-enditem|p2a: Great Tusk|Booster Energy\n|-activate|p2a: Great Tusk|ability: Protosynthesis|[fromitem]\n|-start|p2a: Great Tusk|protosynthesisatk\n|turn|4\n|\n|t:|1781386680\n|move|p2a: Great Tusk|Earthquake|p1a: Victreebel\n|-damage|p1a: Victreebel|0 fnt\n|faint|p1a: Victreebel\n|\n|upkeep\n|inactive|green8Bit has 90 seconds left.\n|\n|t:|1781386713\n|switch|p1a: Inteleon|Inteleon, L81, F|246/246\n|-damage|p1a: Inteleon|216/246|[from] Spikes\n|turn|5\n|\n|t:|1781386724\n|-end|p2a: Great Tusk|Protosynthesis|[silent]\n|switch|p2a: Toxapex|Toxapex, L82, F|216/216\n|move|p1a: Inteleon|Scald|p2a: Toxapex\n|-resisted|p2a: Toxapex\n|-damage|p2a: Toxapex|168/216\n|\n|-heal|p2a: Toxapex|181/216|[from] item: Leftovers\n|upkeep\n|turn|6\n|inactive|green8Bit has 90 seconds left.\n|\n|t:|1781386752\n|switch|p1a: Azumarill|Azumarill, L82, M|298/298\n|-damage|p1a: Azumarill|261/298|[from] Spikes\n|move|p2a: Toxapex|Toxic Spikes|p1a: Azumarill\n|-sidestart|p1: green8Bit|move: Toxic Spikes\n|\n|-heal|p2a: Toxapex|194/216|[from] item: Leftovers\n|upkeep\n|turn|7\n|inactive|green8Bit has 90 seconds left.\n|\n|t:|1781386779\n|switch|p1a: Girafarig|Girafarig, L89, M|269/269\n|-damage|p1a: Girafarig|236/269|[from] Spikes\n|-status|p1a: Girafarig|psn\n|move|p2a: Toxapex|Haze|p2a: Toxapex\n|-clearallboost\n|\n|-heal|p2a: Toxapex|207/216|[from] item: Leftovers\n|-damage|p1a: Girafarig|203/269 psn|[from] psn\n|upkeep\n|turn|8\n|\n|t:|1781386784\n|move|p1a: Girafarig|Nasty Plot|p1a: Girafarig\n|-boost|p1a: Girafarig|spa|2\n|move|p2a: Toxapex|Toxic Spikes|p1a: Girafarig\n|-sidestart|p1: green8Bit|move: Toxic Spikes\n|\n|-heal|p2a: Toxapex|216/216|[from] item: Leftovers\n|-damage|p1a: Girafarig|170/269 psn|[from] psn\n|upkeep\n|turn|9\n|\n|t:|1781386790\n|switch|p2a: Great Tusk|Great Tusk, L77|304/304\n|move|p1a: Girafarig|Psychic|p2a: Great Tusk\n|-supereffective|p2a: Great Tusk\n|-damage|p2a: Great Tusk|0 fnt\n|faint|p2a: Great Tusk\n|-end|p2a: Great Tusk|Protosynthesis|[silent]\n|\n|-damage|p1a: Girafarig|137/269 psn|[from] psn\n|upkeep\n|\n|t:|1781386799\n|switch|p2a: Frosmoth|Frosmoth, L82, F|249/249\n|turn|10\n|inactive|green8Bit has 90 seconds left.\n|\n|t:|1781386826\n|switch|p1a: Azumarill|Azumarill, L82, M|261/298\n|-damage|p1a: Azumarill|224/298|[from] Spikes\n|-status|p1a: Azumarill|tox\n|move|p2a: Frosmoth|Quiver Dance|p2a: Frosmoth\n|-boost|p2a: Frosmoth|spa|1\n|-boost|p2a: Frosmoth|spd|1\n|-boost|p2a: Frosmoth|spe|1\n|\n|-damage|p1a: Azumarill|206/298 tox|[from] psn\n|upkeep\n|turn|11\n|\n|t:|1781386845\n|switch|p2a: Toxapex|Toxapex, L82, F|216/216\n|move|p1a: Azumarill|Play Rough|p2a: Toxapex\n|-resisted|p2a: Toxapex\n|-damage|p2a: Toxapex|162/216\n|\n|-heal|p2a: Toxapex|175/216|[from] item: Leftovers\n|-damage|p1a: Azumarill|170/298 tox|[from] psn\n|upkeep\n|turn|12\n|\n|t:|1781386850\n|move|p1a: Azumarill|Play Rough|p2a: Toxapex\n|-resisted|p2a: Toxapex\n|-damage|p2a: Toxapex|121/216\n|move|p2a: Toxapex|Liquidation|p1a: Azumarill\n|-resisted|p1a: Azumarill\n|-damage|p1a: Azumarill|137/298 tox\n|\n|-heal|p2a: Toxapex|134/216|[from] item: Leftovers\n|-damage|p1a: Azumarill|83/298 tox|[from] psn\n|upkeep\n|turn|13\n|inactive|green8Bit has 90 seconds left.\n|\n|t:|1781386858\n|move|p1a: Azumarill|Play Rough|p2a: Toxapex\n|-resisted|p2a: Toxapex\n|-damage|p2a: Toxapex|74/216\n|move|p2a: Toxapex|Recover|p2a: Toxapex\n|-heal|p2a: Toxapex|182/216\n|\n|-heal|p2a: Toxapex|195/216|[from] item: Leftovers\n|-damage|p1a: Azumarill|11/298 tox|[from] psn\n|upkeep\n|turn|14\n|\n|t:|1781386863\n|move|p1a: Azumarill|Play Rough|p2a: Toxapex\n|-resisted|p2a: Toxapex\n|-damage|p2a: Toxapex|142/216\n|move|p2a: Toxapex|Recover|p2a: Toxapex\n|-heal|p2a: Toxapex|216/216\n|\n|-damage|p1a: Azumarill|0 fnt|[from] psn\n|faint|p1a: Azumarill\n|upkeep\n|\n|t:|1781386865\n|switch|p1a: Mamoswine|Mamoswine, L81, M|311/311\n|-damage|p1a: Mamoswine|273/311|[from] Spikes\n|-status|p1a: Mamoswine|tox\n|turn|15\n|\n|t:|1781386874\n|-terastallize|p2a: Toxapex|Grass\n|move|p1a: Mamoswine|Earthquake|p2a: Toxapex\n|-resisted|p2a: Toxapex\n|-damage|p2a: Toxapex|165/216\n|-damage|p1a: Mamoswine|242/311 tox|[from] item: Life Orb\n|move|p2a: Toxapex|Liquidation|p1a: Mamoswine\n|-supereffective|p1a: Mamoswine\n|-damage|p1a: Mamoswine|110/311 tox\n|-unboost|p1a: Mamoswine|def|1\n|\n|-heal|p2a: Toxapex|178/216|[from] item: Leftovers\n|-damage|p1a: Mamoswine|91/311 tox|[from] psn\n|upkeep\n|turn|16\n|\n|t:|1781386884\n|switch|p2a: Frosmoth|Frosmoth, L82, F|249/249\n|move|p1a: Mamoswine|Earthquake|p2a: Frosmoth\n|-resisted|p2a: Frosmoth\n|-damage|p2a: Frosmoth|144/249\n|-damage|p1a: Mamoswine|60/311 tox|[from] item: Life Orb\n|\n|-damage|p1a: Mamoswine|22/311 tox|[from] psn\n|upkeep\n|turn|17\n|inactive|green8Bit has 120 seconds left.\n|\n|t:|1781386894\n|move|p1a: Mamoswine|Icicle Crash|p2a: Frosmoth\n|-resisted|p2a: Frosmoth\n|-damage|p2a: Frosmoth|47/249\n|-damage|p1a: Mamoswine|0 fnt|[from] item: Life Orb\n|faint|p1a: Mamoswine\n|move|p2a: Frosmoth|Quiver Dance|p2a: Frosmoth\n|-boost|p2a: Frosmoth|spa|1\n|-boost|p2a: Frosmoth|spd|1\n|-boost|p2a: Frosmoth|spe|1\n|\n|upkeep\n|\n|t:|1781386923\n|switch|p1a: Frosmoth|Frosmoth, L82, M|249/249\n|turn|18\n|\n|t:|1781386940\n|move|p2a: Frosmoth|Bug Buzz|p1a: Frosmoth\n|-damage|p1a: Frosmoth|167/249\n|move|p1a: Frosmoth|Quiver Dance|p1a: Frosmoth\n|-boost|p1a: Frosmoth|spa|1\n|-boost|p1a: Frosmoth|spd|1\n|-boost|p1a: Frosmoth|spe|1\n|\n|upkeep\n|turn|19\n|\n|t:|1781386950\n|move|p1a: Frosmoth|Quiver Dance|p1a: Frosmoth\n|-boost|p1a: Frosmoth|spa|1\n|-boost|p1a: Frosmoth|spd|1\n|-boost|p1a: Frosmoth|spe|1\n|move|p2a: Frosmoth|Bug Buzz|p1a: Frosmoth\n|-damage|p1a: Frosmoth|129/249\n|\n|upkeep\n|turn|20\n|\n|t:|1781386956\n|move|p1a: Frosmoth|Hurricane|p2a: Frosmoth|[miss]\n|-miss|p1a: Frosmoth|p2a: Frosmoth\n|move|p2a: Frosmoth|Bug Buzz|p1a: Frosmoth\n|-damage|p1a: Frosmoth|84/249\n|\n|upkeep\n|turn|21\n|\n|t:|1781386960\n|move|p1a: Frosmoth|Hurricane|p2a: Frosmoth\n|-supereffective|p2a: Frosmoth\n|-damage|p2a: Frosmoth|0 fnt\n|faint|p2a: Frosmoth\n|\n|upkeep\n|\n|t:|1781386963\n|switch|p2a: Breloom|Breloom, L83, M|235/235\n|turn|22\n|inactive|green8Bit has 120 seconds left.\n|\n|t:|1781386983\n|move|p2a: Breloom|Mach Punch|p1a: Frosmoth\n|-damage|p1a: Frosmoth|0 fnt\n|faint|p1a: Frosmoth\n|-damage|p2a: Breloom|212/235|[from] item: Life Orb\n|\n|upkeep\n|\n|t:|1781386997\n|switch|p1a: Girafarig|Girafarig, L89, M|137/269 psn\n|-damage|p1a: Girafarig|104/269 psn|[from] Spikes\n|turn|23\n|\n|t:|1781387022\n|-terastallize|p1a: Girafarig|Fairy\n|move|p2a: Breloom|Mach Punch|p1a: Girafarig\n|-resisted|p1a: Girafarig\n|-damage|p1a: Girafarig|65/269 psn\n|-damage|p2a: Breloom|189/235|[from] item: Life Orb\n|move|p1a: Girafarig|Psychic|p2a: Breloom\n|-supereffective|p2a: Breloom\n|-damage|p2a: Breloom|0 fnt\n|faint|p2a: Breloom\n|\n|-damage|p1a: Girafarig|32/269 psn|[from] psn\n|upkeep\n|\n|t:|1781387028\n|switch|p2a: Toxapex|Toxapex, L82, F, tera:Grass|216/216\n|turn|24\n|\n|t:|1781387053\n|move|p1a: Girafarig|Psychic|p2a: Toxapex\n|-damage|p2a: Toxapex|150/216\n|move|p2a: Toxapex|Recover|p2a: Toxapex\n|-heal|p2a: Toxapex|216/216\n|\n|-damage|p1a: Girafarig|0 fnt|[from] psn\n|faint|p1a: Girafarig\n|upkeep\n|\n|t:|1781387057\n|switch|p1a: Inteleon|Inteleon, L81, F|216/246\n|-damage|p1a: Inteleon|186/246|[from] Spikes\n|-status|p1a: Inteleon|tox\n|turn|25\n|\n|t:|1781387067\n|move|p1a: Inteleon|Ice Beam|p2a: Toxapex\n|-supereffective|p2a: Toxapex\n|-damage|p2a: Toxapex|70/216\n|move|p2a: Toxapex|Recover|p2a: Toxapex\n|-heal|p2a: Toxapex|178/216\n|\n|-heal|p2a: Toxapex|191/216|[from] item: Leftovers\n|-damage|p1a: Inteleon|171/246 tox|[from] psn\n|upkeep\n|turn|26\n|\n|t:|1781387073\n|move|p1a: Inteleon|Ice Beam|p2a: Toxapex\n|-supereffective|p2a: Toxapex\n|-damage|p2a: Toxapex|51/216\n|move|p2a: Toxapex|Recover|p2a: Toxapex\n|-heal|p2a: Toxapex|159/216\n|\n|-heal|p2a: Toxapex|172/216|[from] item: Leftovers\n|-damage|p1a: Inteleon|141/246 tox|[from] psn\n|upkeep\n|turn|27\n|\n|t:|1781387078\n|move|p1a: Inteleon|Ice Beam|p2a: Toxapex\n|-supereffective|p2a: Toxapex\n|-damage|p2a: Toxapex|26/216\n|move|p2a: Toxapex|Recover|p2a: Toxapex\n|-heal|p2a: Toxapex|134/216\n|\n|-heal|p2a: Toxapex|147/216|[from] item: Leftovers\n|-damage|p1a: Inteleon|96/246 tox|[from] psn\n|upkeep\n|turn|28\n|\n|t:|1781387095\n|move|p1a: Inteleon|Ice Beam|p2a: Toxapex\n|-supereffective|p2a: Toxapex\n|-damage|p2a: Toxapex|0 fnt\n|faint|p2a: Toxapex\n|\n|win|green8Bit\n|raw|green8Bit's rating: 1981 &rarr; <strong>2004</strong><br />(+23 for winning)\n|raw|EduArdo1516's rating: 2042 &rarr; <strong>2019</strong><br />(-23 for losing)\n", "uploadtime": 1781386553, "views": 4, "formatid": "gen9randombattle", "rating": 2004, "private": 0, "password": null}