{"id": "gen9randombattle-2631441825", "format": "[Gen 9] Random Battle", "players": ["darkiway", "Dr3ntel"], "log": "|j|\u2606darkiway\n|j|\u203dDr3ntel\n|t:|1781385116\n|gametype|singles\n|player|p1|darkiway|lady|1970\n|player|p2|Dr3ntel|102|2046\n|gen|9\n|tier|[Gen 9] Random Battle\n|rated|\n|rule|Species Clause: Limit one of each Pok\u00e9mon\n|rule|HP Percentage Mod: HP is shown in percentages\n|rule|Sleep Clause Mod: Limit one foe put to sleep\n|rule|Illusion Level Mod: Illusion disguises the Pok\u00e9mon's true level\n|\n|t:|1781385116\n|teamsize|p1|6\n|teamsize|p2|6\n|start\n|switch|p1a: Toxicroak|Toxicroak, L84, F|277/277\n|switch|p2a: Zapdos|Zapdos, L78|268/268\n|turn|1\n|\n|t:|1781385133\n|switch|p1a: Zebstrika|Zebstrika, L87, M|272/272\n|move|p2a: Zapdos|U-turn|p1a: Zebstrika\n|-damage|p1a: Zebstrika|224/272\n|inactive|Battle timer is ON: inactive players will automatically lose when time's up. (requested by Dr3ntel)\n|\n|t:|1781385146\n|switch|p2a: Regigigas|Regigigas, L84|322/322|[from] U-turn\n|-start|p2a: Regigigas|ability: Slow Start\n|\n|upkeep\n|turn|2\n|\n|t:|1781385156\n|switch|p1a: Skarmory|Skarmory, L80, M|235/235\n|move|p2a: Regigigas|Substitute|p2a: Regigigas\n|-start|p2a: Regigigas|Substitute\n|-damage|p2a: Regigigas|242/322\n|\n|-heal|p2a: Regigigas|262/322|[from] item: Leftovers\n|upkeep\n|turn|3\n|\n|t:|1781385161\n|move|p1a: Skarmory|Stealth Rock|p2a: Regigigas\n|-sidestart|p2: Dr3ntel|move: Stealth Rock\n|move|p2a: Regigigas|Knock Off|p1a: Skarmory\n|-damage|p1a: Skarmory|201/235\n|-enditem|p1a: Skarmory|Leftovers|[from] move: Knock Off|[of] p2a: Regigigas\n|\n|-heal|p2a: Regigigas|282/322|[from] item: Leftovers\n|upkeep\n|turn|4\n|\n|t:|1781385182\n|move|p2a: Regigigas|Body Slam|p1a: Skarmory\n|-resisted|p1a: Skarmory\n|-damage|p1a: Skarmory|178/235\n|move|p1a: Skarmory|Whirlwind|p2a: Regigigas\n|drag|p2a: Zapdos|Zapdos, L78|268/268\n|\n|upkeep\n|turn|5\n|inactive|darkiway has 120 seconds left.\n|\n|t:|1781385216\n|switch|p1a: Zebstrika|Zebstrika, L87, M|224/272\n|move|p2a: Zapdos|U-turn|p1a: Zebstrika\n|-damage|p1a: Zebstrika|174/272\n|inactive|Dr3ntel has 120 seconds left.\n|\n|t:|1781385252\n|switch|p2a: Regigigas|Regigigas, L84|282/322|[from] U-turn\n|-damage|p2a: Regigigas|242/322|[from] Stealth Rock\n|-start|p2a: Regigigas|ability: Slow Start\n|\n|-heal|p2a: Regigigas|262/322|[from] item: Leftovers\n|upkeep\n|turn|6\n|\n|t:|1781385267\n|move|p1a: Zebstrika|Volt Switch|p2a: Regigigas\n|-damage|p2a: Regigigas|191/322\n|-damage|p1a: Zebstrika|147/272|[from] item: Life Orb\n|\n|t:|1781385271\n|switch|p1a: Skarmory|Skarmory, L80, M|178/235|[from] Volt Switch\n|move|p2a: Regigigas|Body Slam|p1a: Skarmory\n|-resisted|p1a: Skarmory\n|-crit|p1a: Skarmory\n|-damage|p1a: Skarmory|139/235\n|\n|-heal|p2a: Regigigas|211/322|[from] item: Leftovers\n|upkeep\n|turn|7\n|\n|t:|1781385279\n|switch|p2a: Zapdos|Zapdos, L78|268/268\n|move|p1a: Skarmory|Roost|p1a: Skarmory\n|-heal|p1a: Skarmory|235/235\n|-singleturn|p1a: Skarmory|move: Roost\n|\n|upkeep\n|turn|8\n|\n|t:|1781385285\n|switch|p1a: Zebstrika|Zebstrika, L87, M|147/272\n|move|p2a: Zapdos|Thunderbolt|p1a: Zebstrika\n|-resisted|p1a: Zebstrika\n|-damage|p1a: Zebstrika|84/272\n|\n|upkeep\n|turn|9\n|\n|t:|1781385291\n|move|p1a: Zebstrika|Supercell Slam|p2a: Zapdos\n|-damage|p2a: Zapdos|89/268\n|-damage|p1a: Zebstrika|57/272|[from] item: Life Orb\n|move|p2a: Zapdos|Hurricane|p1a: Zebstrika|[miss]\n|-miss|p2a: Zapdos|p1a: Zebstrika\n|\n|upkeep\n|turn|10\n|\n|t:|1781385297\n|move|p1a: Zebstrika|Supercell Slam|p2a: Zapdos\n|-damage|p2a: Zapdos|0 fnt\n|faint|p2a: Zapdos\n|-damage|p1a: Zebstrika|30/272|[from] item: Life Orb\n|\n|upkeep\n|\n|t:|1781385302\n|switch|p2a: Araquanid|Araquanid, L82, M|246/246\n|turn|11\n|\n|t:|1781385308\n|switch|p2a: Regigigas|Regigigas, L84|211/322\n|-damage|p2a: Regigigas|171/322|[from] Stealth Rock\n|-start|p2a: Regigigas|ability: Slow Start\n|move|p1a: Zebstrika|Supercell Slam|p2a: Regigigas\n|-damage|p2a: Regigigas|38/322\n|-damage|p1a: Zebstrika|3/272|[from] item: Life Orb\n|\n|-heal|p2a: Regigigas|58/322|[from] item: Leftovers\n|upkeep\n|turn|12\n|\n|t:|1781385318\n|move|p2a: Regigigas|Protect|p2a: Regigigas\n|-singleturn|p2a: Regigigas|Protect\n|move|p1a: Zebstrika|Volt Switch|p2a: Regigigas\n|-activate|p2a: Regigigas|move: Protect\n|\n|-heal|p2a: Regigigas|78/322|[from] item: Leftovers\n|upkeep\n|turn|13\n|\n|t:|1781385323\n|move|p2a: Regigigas|Protect||[still]\n|-fail|p2a: Regigigas\n|move|p1a: Zebstrika|Supercell Slam|p2a: Regigigas\n|-damage|p2a: Regigigas|0 fnt\n|faint|p2a: Regigigas\n|-end|p2a: Regigigas|Slow Start|[silent]\n|-damage|p1a: Zebstrika|0 fnt|[from] item: Life Orb\n|faint|p1a: Zebstrika\n|\n|upkeep\n|\n|t:|1781385334\n|switch|p1a: Bombirdier|Bombirdier, L85, M|258/258\n|switch|p2a: Araquanid|Araquanid, L82, M|246/246\n|turn|14\n|\n|t:|1781385342\n|switch|p2a: Slowbro|Slowbro-Galar, L87, M|307/307\n|-damage|p2a: Slowbro|269/307|[from] Stealth Rock\n|move|p1a: Bombirdier|Brave Bird|p2a: Slowbro\n|-damage|p2a: Slowbro|83/307\n|-damage|p1a: Bombirdier|197/258|[from] Recoil\n|\n|-heal|p2a: Slowbro|102/307|[from] item: Leftovers\n|upkeep\n|turn|15\n|\n|t:|1781385349\n|move|p1a: Bombirdier|Brave Bird|p2a: Slowbro\n|-damage|p2a: Slowbro|0 fnt\n|faint|p2a: Slowbro\n|-damage|p1a: Bombirdier|163/258|[from] Recoil\n|\n|upkeep\n|\n|t:|1781385350\n|switch|p2a: Comfey|Comfey, L85, F|225/225\n|-damage|p2a: Comfey|197/225|[from] Stealth Rock\n|turn|16\n|\n|t:|1781385380\n|switch|p1a: Skarmory|Skarmory, L80, M|235/235\n|move|p2a: Comfey|Calm Mind|p2a: Comfey\n|-boost|p2a: Comfey|spa|1\n|-boost|p2a: Comfey|spd|1\n|\n|-heal|p2a: Comfey|211/225|[from] item: Leftovers\n|upkeep\n|turn|17\n|\n|t:|1781385393\n|move|p2a: Comfey|Draining Kiss|p1a: Skarmory\n|-resisted|p1a: Skarmory\n|-damage|p1a: Skarmory|187/235\n|-heal|p2a: Comfey|225/225|[from] drain|[of] p1a: Skarmory\n|move|p1a: Skarmory|Whirlwind|p2a: Comfey\n|drag|p2a: Araquanid|Araquanid, L82, M|246/246\n|\n|upkeep\n|turn|18\n|\n|t:|1781385403\n|move|p1a: Skarmory|Brave Bird|p2a: Araquanid\n|-supereffective|p2a: Araquanid\n|-damage|p2a: Araquanid|54/246\n|-damage|p1a: Skarmory|124/235|[from] Recoil\n|move|p2a: Araquanid|Sticky Web|p1a: Skarmory\n|-sidestart|p1: darkiway|move: Sticky Web\n|\n|upkeep\n|turn|19\n|inactive|Dr3ntel has 120 seconds left.\n|\n|t:|1781385442\n|move|p1a: Skarmory|Brave Bird|p2a: Araquanid\n|-supereffective|p2a: Araquanid\n|-damage|p2a: Araquanid|0 fnt\n|faint|p2a: Araquanid\n|-damage|p1a: Skarmory|106/235|[from] Recoil\n|\n|upkeep\n|\n|t:|1781385448\n|switch|p2a: Ceruledge|Ceruledge, L78, F|245/245\n|turn|20\n|\n|t:|1781385453\n|move|p2a: Ceruledge|Swords Dance|p2a: Ceruledge\n|-boost|p2a: Ceruledge|atk|2\n|move|p1a: Skarmory|Whirlwind|p2a: Ceruledge\n|drag|p2a: Comfey|Comfey, L85, F|225/225\n|-damage|p2a: Comfey|197/225|[from] Stealth Rock\n|\n|-heal|p2a: Comfey|211/225|[from] item: Leftovers\n|upkeep\n|turn|21\n|inactive|Dr3ntel has 120 seconds left.\n|\n|t:|1781385474\n|move|p2a: Comfey|Calm Mind|p2a: Comfey\n|-boost|p2a: Comfey|spa|1\n|-boost|p2a: Comfey|spd|1\n|move|p1a: Skarmory|Roost|p1a: Skarmory\n|-heal|p1a: Skarmory|224/235\n|-singleturn|p1a: Skarmory|move: Roost\n|\n|-heal|p2a: Comfey|225/225|[from] item: Leftovers\n|upkeep\n|turn|22\n|\n|t:|1781385479\n|move|p2a: Comfey|Draining Kiss|p1a: Skarmory\n|-resisted|p1a: Skarmory\n|-damage|p1a: Skarmory|178/235\n|move|p1a: Skarmory|Brave Bird|p2a: Comfey\n|-damage|p2a: Comfey|123/225\n|-damage|p1a: Skarmory|144/235|[from] Recoil\n|\n|-heal|p2a: Comfey|137/225|[from] item: Leftovers\n|upkeep\n|turn|23\n|inactive|Dr3ntel has 120 seconds left.\n|\n|t:|1781385507\n|move|p2a: Comfey|Draining Kiss|p1a: Skarmory\n|-resisted|p1a: Skarmory\n|-damage|p1a: Skarmory|99/235\n|-heal|p2a: Comfey|171/225|[from] drain|[of] p1a: Skarmory\n|move|p1a: Skarmory|Roost|p1a: Skarmory\n|-heal|p1a: Skarmory|217/235\n|-singleturn|p1a: Skarmory|move: Roost\n|\n|-heal|p2a: Comfey|185/225|[from] item: Leftovers\n|upkeep\n|turn|24\n|\n|t:|1781385512\n|move|p2a: Comfey|Draining Kiss|p1a: Skarmory\n|-resisted|p1a: Skarmory\n|-crit|p1a: Skarmory\n|-damage|p1a: Skarmory|153/235\n|-heal|p2a: Comfey|225/225|[from] drain|[of] p1a: Skarmory\n|move|p1a: Skarmory|Brave Bird|p2a: Comfey\n|-damage|p2a: Comfey|129/225\n|-damage|p1a: Skarmory|121/235|[from] Recoil\n|\n|-heal|p2a: Comfey|143/225|[from] item: Leftovers\n|upkeep\n|turn|25\n|\n|t:|1781385517\n|move|p2a: Comfey|Draining Kiss|p1a: Skarmory\n|-resisted|p1a: Skarmory\n|-damage|p1a: Skarmory|73/235\n|-heal|p2a: Comfey|179/225|[from] drain|[of] p1a: Skarmory\n|move|p1a: Skarmory|Roost|p1a: Skarmory\n|-heal|p1a: Skarmory|191/235\n|-singleturn|p1a: Skarmory|move: Roost\n|\n|-heal|p2a: Comfey|193/225|[from] item: Leftovers\n|upkeep\n|turn|26\n|\n|t:|1781385523\n|move|p2a: Comfey|Draining Kiss|p1a: Skarmory\n|-resisted|p1a: Skarmory\n|-damage|p1a: Skarmory|144/235\n|-heal|p2a: Comfey|225/225|[from] drain|[of] p1a: Skarmory\n|move|p1a: Skarmory|Brave Bird|p2a: Comfey\n|-damage|p2a: Comfey|132/225\n|-damage|p1a: Skarmory|113/235|[from] Recoil\n|\n|-heal|p2a: Comfey|146/225|[from] item: Leftovers\n|upkeep\n|turn|27\n|\n|t:|1781385526\n|move|p2a: Comfey|Calm Mind|p2a: Comfey\n|-boost|p2a: Comfey|spa|1\n|-boost|p2a: Comfey|spd|1\n|move|p1a: Skarmory|Roost|p1a: Skarmory\n|-heal|p1a: Skarmory|231/235\n|-singleturn|p1a: Skarmory|move: Roost\n|\n|-heal|p2a: Comfey|160/225|[from] item: Leftovers\n|upkeep\n|turn|28\n|\n|t:|1781385528\n|move|p2a: Comfey|Draining Kiss|p1a: Skarmory\n|-resisted|p1a: Skarmory\n|-damage|p1a: Skarmory|167/235\n|-heal|p2a: Comfey|208/225|[from] drain|[of] p1a: Skarmory\n|move|p1a: Skarmory|Whirlwind|p2a: Comfey\n|drag|p2a: Ceruledge|Ceruledge, L78, F|245/245\n|\n|upkeep\n|turn|29\n|\n|t:|1781385531\n|move|p2a: Ceruledge|Bitter Blade|p1a: Skarmory\n|-supereffective|p1a: Skarmory\n|-damage|p1a: Skarmory|17/235\n|move|p1a: Skarmory|Whirlwind|p2a: Ceruledge\n|drag|p2a: Comfey|Comfey, L85, F|208/225\n|-damage|p2a: Comfey|180/225|[from] Stealth Rock\n|\n|-heal|p2a: Comfey|194/225|[from] item: Leftovers\n|upkeep\n|turn|30\n|\n|t:|1781385535\n|move|p2a: Comfey|Calm Mind|p2a: Comfey\n|-boost|p2a: Comfey|spa|1\n|-boost|p2a: Comfey|spd|1\n|move|p1a: Skarmory|Whirlwind|p2a: Comfey\n|drag|p2a: Ceruledge|Ceruledge, L78, F|245/245\n|\n|upkeep\n|turn|31\n|\n|t:|1781385538\n|move|p2a: Ceruledge|Bitter Blade|p1a: Skarmory\n|-supereffective|p1a: Skarmory\n|-damage|p1a: Skarmory|0 fnt\n|faint|p1a: Skarmory\n|\n|upkeep\n|\n|t:|1781385542\n|switch|p1a: Basculin|Basculin-Blue-Striped, L86, F|261/261\n|-activate|p1a: Basculin|move: Sticky Web\n|-unboost|p1a: Basculin|spe|1\n|turn|32\n|\n|t:|1781385552\n|-terastallize|p2a: Ceruledge|Ghost\n|move|p2a: Ceruledge|Swords Dance|p2a: Ceruledge\n|-boost|p2a: Ceruledge|atk|2\n|move|p1a: Basculin|Wave Crash|p2a: Ceruledge\n|-damage|p2a: Ceruledge|0 fnt\n|faint|p2a: Ceruledge\n|-damage|p1a: Basculin|180/261|[from] Recoil\n|\n|upkeep\n|\n|t:|1781385560\n|switch|p2a: Comfey|Comfey, L85, F|194/225\n|-damage|p2a: Comfey|166/225|[from] Stealth Rock\n|turn|33\n|\n|t:|1781385566\n|move|p2a: Comfey|Calm Mind|p2a: Comfey\n|-boost|p2a: Comfey|spa|1\n|-boost|p2a: Comfey|spd|1\n|move|p1a: Basculin|Wave Crash|p2a: Comfey\n|-damage|p2a: Comfey|0 fnt\n|faint|p2a: Comfey\n|-damage|p1a: Basculin|125/261|[from] Recoil\n|\n|win|darkiway\n", "uploadtime": 1781385118, "views": 7, "formatid": "gen9randombattle", "rating": null, "private": 0, "password": null}