{"id": "gen9randombattle-2631848614", "format": "[Gen 9] Random Battle", "players": ["Rheny", "shuckletheshuckle"], "log": "|j|\u2606Rheny\n|j|\u2606shuckletheshuckle\n|t:|1781447798\n|gametype|singles\n|player|p1|Rheny|102|1945\n|player|p2|shuckletheshuckle|102|1943\n|gen|9\n|tier|[Gen 9] Random Battle\n|rated|\n|rule|Species Clause: Limit one of each Pok\u00e9mon\n|rule|HP Percentage Mod: HP is shown in percentages\n|rule|Sleep Clause Mod: Limit one foe put to sleep\n|rule|Illusion Level Mod: Illusion disguises the Pok\u00e9mon's true level\n|\n|t:|1781447798\n|teamsize|p1|6\n|teamsize|p2|6\n|start\n|switch|p1a: Magcargo|Magcargo, L95, M|268/268\n|switch|p2a: Beartic|Beartic, L91, M|321/321\n|turn|1\n|\n|t:|1781447814\n|move|p2a: Beartic|Earthquake|p1a: Magcargo\n|-supereffective|p1a: Magcargo\n|-damage|p1a: Magcargo|0 fnt\n|faint|p1a: Magcargo\n|\n|upkeep\n|\n|t:|1781447820\n|switch|p1a: Entei|Entei, L78|307/307\n|turn|2\n|\n|t:|1781447827\n|switch|p2a: Primarina|Primarina, L83, F|268/268\n|move|p1a: Entei|Flare Blitz|p2a: Primarina\n|-resisted|p2a: Primarina\n|-damage|p2a: Primarina|166/268\n|-damage|p1a: Entei|273/307|[from] Recoil\n|\n|upkeep\n|turn|3\n|\n|t:|1781447833\n|switch|p1a: Sinistcha|Sinistcha, L83|254/254\n|move|p2a: Primarina|Hydro Pump|p1a: Sinistcha\n|-resisted|p1a: Sinistcha\n|-damage|p1a: Sinistcha|139/254\n|\n|-heal|p1a: Sinistcha|154/254|[from] item: Leftovers\n|upkeep\n|turn|4\n|\n|t:|1781447840\n|switch|p2a: Spidops|Spidops, L96, F|271/271\n|move|p1a: Sinistcha|Matcha Gotcha|p2a: Spidops\n|-resisted|p2a: Spidops\n|-damage|p2a: Spidops|224/271\n|-heal|p1a: Sinistcha|178/254|[from] drain|[of] p2a: Spidops\n|\n|-heal|p1a: Sinistcha|193/254|[from] item: Leftovers\n|upkeep\n|turn|5\n|\n|t:|1781447847\n|switch|p1a: Entei|Entei, L78|273/307\n|move|p2a: Spidops|Knock Off|p1a: Entei\n|-damage|p1a: Entei|114/307\n|-enditem|p1a: Entei|Choice Band|[from] move: Knock Off|[of] p2a: Spidops\n|\n|upkeep\n|turn|6\n|\n|t:|1781447853\n|switch|p2a: Primarina|Primarina, L83, F|166/268\n|move|p1a: Entei|Flare Blitz|p2a: Primarina\n|-resisted|p2a: Primarina\n|-damage|p2a: Primarina|96/268\n|-damage|p1a: Entei|91/307|[from] Recoil\n|\n|upkeep\n|turn|7\n|\n|t:|1781447871\n|switch|p1a: Whimsicott|Whimsicott, L84, M|238/238\n|move|p2a: Primarina|Flip Turn|p1a: Whimsicott\n|-resisted|p1a: Whimsicott\n|-damage|p1a: Whimsicott|210/238\n|\n|t:|1781447875\n|switch|p2a: Venusaur|Venusaur, L84, M|272/272|[from] Flip Turn\n|\n|-heal|p1a: Whimsicott|224/238|[from] item: Leftovers\n|upkeep\n|turn|8\n|\n|t:|1781447879\n|move|p1a: Whimsicott|Substitute|p1a: Whimsicott\n|-start|p1a: Whimsicott|Substitute\n|-damage|p1a: Whimsicott|165/238\n|move|p2a: Venusaur|Sludge Bomb|p1a: Whimsicott\n|-supereffective|p1a: Whimsicott\n|-end|p1a: Whimsicott|Substitute\n|\n|-heal|p1a: Whimsicott|179/238|[from] item: Leftovers\n|upkeep\n|turn|9\n|\n|t:|1781447890\n|-terastallize|p1a: Whimsicott|Steel\n|move|p1a: Whimsicott|Substitute|p1a: Whimsicott\n|-start|p1a: Whimsicott|Substitute\n|-damage|p1a: Whimsicott|120/238\n|move|p2a: Venusaur|Sludge Bomb|p1a: Whimsicott\n|-immune|p1a: Whimsicott\n|\n|-heal|p1a: Whimsicott|134/238|[from] item: Leftovers\n|upkeep\n|turn|10\n|\n|t:|1781447896\n|switch|p2a: Beartic|Beartic, L91, M|321/321\n|move|p1a: Whimsicott|Encore||[still]\n|-fail|p1a: Whimsicott\n|\n|-heal|p1a: Whimsicott|148/238|[from] item: Leftovers\n|upkeep\n|turn|11\n|\n|t:|1781447901\n|move|p1a: Whimsicott|Leech Seed|p2a: Beartic\n|-start|p2a: Beartic|move: Leech Seed\n|move|p2a: Beartic|Earthquake|p1a: Whimsicott\n|-supereffective|p1a: Whimsicott\n|-end|p1a: Whimsicott|Substitute\n|\n|-heal|p1a: Whimsicott|162/238|[from] item: Leftovers\n|-damage|p2a: Beartic|281/321|[from] Leech Seed|[of] p1a: Whimsicott\n|-heal|p1a: Whimsicott|202/238|[silent]\n|upkeep\n|turn|12\n|\n|t:|1781447914\n|move|p1a: Whimsicott|Substitute|p1a: Whimsicott\n|-start|p1a: Whimsicott|Substitute\n|-damage|p1a: Whimsicott|143/238\n|move|p2a: Beartic|Earthquake|p1a: Whimsicott\n|-supereffective|p1a: Whimsicott\n|-end|p1a: Whimsicott|Substitute\n|\n|-heal|p1a: Whimsicott|157/238|[from] item: Leftovers\n|-damage|p2a: Beartic|241/321|[from] Leech Seed|[of] p1a: Whimsicott\n|-heal|p1a: Whimsicott|197/238|[silent]\n|upkeep\n|turn|13\n|\n|t:|1781447920\n|switch|p2a: Spidops|Spidops, L96, F|224/271\n|move|p1a: Whimsicott|Substitute|p1a: Whimsicott\n|-start|p1a: Whimsicott|Substitute\n|-damage|p1a: Whimsicott|138/238\n|\n|-heal|p1a: Whimsicott|152/238|[from] item: Leftovers\n|upkeep\n|turn|14\n|\n|t:|1781447926\n|move|p1a: Whimsicott|Leech Seed|p2a: Spidops\n|-start|p2a: Spidops|move: Leech Seed\n|move|p2a: Spidops|Toxic Spikes|p1a: Whimsicott\n|-sidestart|p1: Rheny|move: Toxic Spikes\n|\n|-heal|p1a: Whimsicott|166/238|[from] item: Leftovers\n|-damage|p2a: Spidops|191/271|[from] Leech Seed|[of] p1a: Whimsicott\n|-heal|p1a: Whimsicott|199/238|[silent]\n|upkeep\n|turn|15\n|\n|t:|1781447933\n|move|p1a: Whimsicott|Encore|p2a: Spidops\n|-start|p2a: Spidops|Encore\n|move|p2a: Spidops|Toxic Spikes|p1a: Whimsicott\n|-sidestart|p1: Rheny|move: Toxic Spikes\n|\n|-heal|p1a: Whimsicott|213/238|[from] item: Leftovers\n|-damage|p2a: Spidops|158/271|[from] Leech Seed|[of] p1a: Whimsicott\n|-heal|p1a: Whimsicott|238/238|[silent]\n|upkeep\n|turn|16\n|\n|t:|1781447935\n|switch|p2a: Venusaur|Venusaur, L84, M|272/272\n|move|p1a: Whimsicott|Moonblast|p2a: Venusaur\n|-resisted|p2a: Venusaur\n|-damage|p2a: Venusaur|236/272\n|\n|-heal|p2a: Venusaur|253/272|[from] item: Leftovers\n|upkeep\n|turn|17\n|\n|t:|1781447943\n|move|p1a: Whimsicott|Moonblast|p2a: Venusaur\n|-resisted|p2a: Venusaur\n|-damage|p2a: Venusaur|214/272\n|move|p2a: Venusaur|Energy Ball|p1a: Whimsicott\n|-resisted|p1a: Whimsicott\n|-activate|p1a: Whimsicott|move: Substitute|[damage]\n|\n|-heal|p2a: Venusaur|231/272|[from] item: Leftovers\n|upkeep\n|turn|18\n|\n|t:|1781447950\n|move|p1a: Whimsicott|Moonblast|p2a: Venusaur\n|-resisted|p2a: Venusaur\n|-damage|p2a: Venusaur|191/272\n|move|p2a: Venusaur|Energy Ball|p1a: Whimsicott\n|-resisted|p1a: Whimsicott\n|-end|p1a: Whimsicott|Substitute\n|\n|-heal|p2a: Venusaur|208/272|[from] item: Leftovers\n|upkeep\n|turn|19\n|\n|t:|1781447956\n|move|p1a: Whimsicott|Substitute|p1a: Whimsicott\n|-start|p1a: Whimsicott|Substitute\n|-damage|p1a: Whimsicott|179/238\n|move|p2a: Venusaur|Energy Ball|p1a: Whimsicott\n|-resisted|p1a: Whimsicott\n|-activate|p1a: Whimsicott|move: Substitute|[damage]\n|\n|-heal|p1a: Whimsicott|193/238|[from] item: Leftovers\n|-heal|p2a: Venusaur|225/272|[from] item: Leftovers\n|upkeep\n|turn|20\n|\n|t:|1781447959\n|move|p1a: Whimsicott|Moonblast|p2a: Venusaur\n|-resisted|p2a: Venusaur\n|-damage|p2a: Venusaur|183/272\n|-unboost|p2a: Venusaur|spa|1\n|move|p2a: Venusaur|Energy Ball|p1a: Whimsicott\n|-resisted|p1a: Whimsicott\n|-end|p1a: Whimsicott|Substitute\n|\n|-heal|p1a: Whimsicott|207/238|[from] item: Leftovers\n|-heal|p2a: Venusaur|200/272|[from] item: Leftovers\n|upkeep\n|turn|21\n|\n|t:|1781447964\n|switch|p2a: Beartic|Beartic, L91, M|241/321\n|move|p1a: Whimsicott|Substitute|p1a: Whimsicott\n|-start|p1a: Whimsicott|Substitute\n|-damage|p1a: Whimsicott|148/238\n|\n|-heal|p1a: Whimsicott|162/238|[from] item: Leftovers\n|upkeep\n|turn|22\n|\n|t:|1781447968\n|switch|p2a: Venusaur|Venusaur, L84, M|200/272\n|move|p1a: Whimsicott|Leech Seed|p2a: Venusaur\n|-immune|p2a: Venusaur\n|\n|-heal|p1a: Whimsicott|176/238|[from] item: Leftovers\n|-heal|p2a: Venusaur|217/272|[from] item: Leftovers\n|upkeep\n|turn|23\n|\n|t:|1781447973\n|move|p1a: Whimsicott|Moonblast|p2a: Venusaur\n|-resisted|p2a: Venusaur\n|-damage|p2a: Venusaur|177/272\n|move|p2a: Venusaur|Energy Ball|p1a: Whimsicott\n|-resisted|p1a: Whimsicott\n|-activate|p1a: Whimsicott|move: Substitute|[damage]\n|\n|-heal|p1a: Whimsicott|190/238|[from] item: Leftovers\n|-heal|p2a: Venusaur|194/272|[from] item: Leftovers\n|upkeep\n|turn|24\n|\n|t:|1781447981\n|move|p1a: Whimsicott|Moonblast|p2a: Venusaur\n|-resisted|p2a: Venusaur\n|-damage|p2a: Venusaur|152/272\n|move|p2a: Venusaur|Energy Ball|p1a: Whimsicott\n|-resisted|p1a: Whimsicott\n|-end|p1a: Whimsicott|Substitute\n|\n|-heal|p1a: Whimsicott|204/238|[from] item: Leftovers\n|-heal|p2a: Venusaur|169/272|[from] item: Leftovers\n|upkeep\n|turn|25\n|\n|t:|1781447986\n|switch|p2a: Beartic|Beartic, L91, M|241/321\n|move|p1a: Whimsicott|Substitute|p1a: Whimsicott\n|-start|p1a: Whimsicott|Substitute\n|-damage|p1a: Whimsicott|145/238\n|\n|-heal|p1a: Whimsicott|159/238|[from] item: Leftovers\n|upkeep\n|turn|26\n|\n|t:|1781447990\n|move|p1a: Whimsicott|Leech Seed|p2a: Beartic\n|-start|p2a: Beartic|move: Leech Seed\n|move|p2a: Beartic|Earthquake|p1a: Whimsicott\n|-supereffective|p1a: Whimsicott\n|-end|p1a: Whimsicott|Substitute\n|\n|-heal|p1a: Whimsicott|173/238|[from] item: Leftovers\n|-damage|p2a: Beartic|201/321|[from] Leech Seed|[of] p1a: Whimsicott\n|-heal|p1a: Whimsicott|213/238|[silent]\n|upkeep\n|turn|27\n|\n|t:|1781447995\n|switch|p2a: Venusaur|Venusaur, L84, M|169/272\n|move|p1a: Whimsicott|Substitute|p1a: Whimsicott\n|-start|p1a: Whimsicott|Substitute\n|-damage|p1a: Whimsicott|154/238\n|\n|-heal|p1a: Whimsicott|168/238|[from] item: Leftovers\n|-heal|p2a: Venusaur|186/272|[from] item: Leftovers\n|upkeep\n|turn|28\n|\n|t:|1781448002\n|switch|p2a: Florges|Florges-Orange, L85, F|271/271\n|move|p1a: Whimsicott|Moonblast|p2a: Florges\n|-damage|p2a: Florges|214/271\n|-unboost|p2a: Florges|spa|1\n|\n|-heal|p1a: Whimsicott|182/238|[from] item: Leftovers\n|-heal|p2a: Florges|230/271|[from] item: Leftovers\n|upkeep\n|turn|29\n|\n|t:|1781448009\n|switch|p2a: Venusaur|Venusaur, L84, M|186/272\n|move|p1a: Whimsicott|Leech Seed|p2a: Venusaur\n|-immune|p2a: Venusaur\n|\n|-heal|p1a: Whimsicott|196/238|[from] item: Leftovers\n|-heal|p2a: Venusaur|203/272|[from] item: Leftovers\n|upkeep\n|turn|30\n|\n|t:|1781448019\n|switch|p2a: Florges|Florges-Orange, L85, F|230/271\n|move|p1a: Whimsicott|Moonblast|p2a: Florges\n|-damage|p2a: Florges|179/271\n|\n|-heal|p1a: Whimsicott|210/238|[from] item: Leftovers\n|-heal|p2a: Florges|195/271|[from] item: Leftovers\n|upkeep\n|turn|31\n|\n|t:|1781448026\n|switch|p2a: Venusaur|Venusaur, L84, M|203/272\n|move|p1a: Whimsicott|Moonblast|p2a: Venusaur\n|-resisted|p2a: Venusaur\n|-damage|p2a: Venusaur|163/272\n|\n|-heal|p1a: Whimsicott|224/238|[from] item: Leftovers\n|-heal|p2a: Venusaur|180/272|[from] item: Leftovers\n|upkeep\n|turn|32\n|\n|t:|1781448031\n|switch|p2a: Florges|Florges-Orange, L85, F|195/271\n|move|p1a: Whimsicott|Moonblast|p2a: Florges\n|-damage|p2a: Florges|143/271\n|\n|-heal|p1a: Whimsicott|238/238|[from] item: Leftovers\n|-heal|p2a: Florges|159/271|[from] item: Leftovers\n|upkeep\n|turn|33\n|\n|t:|1781448037\n|switch|p2a: Venusaur|Venusaur, L84, M|180/272\n|move|p1a: Whimsicott|Leech Seed|p2a: Venusaur\n|-immune|p2a: Venusaur\n|\n|-heal|p2a: Venusaur|197/272|[from] item: Leftovers\n|upkeep\n|turn|34\n|\n|t:|1781448039\n|switch|p2a: Florges|Florges-Orange, L85, F|159/271\n|move|p1a: Whimsicott|Moonblast|p2a: Florges\n|-damage|p2a: Florges|101/271\n|-unboost|p2a: Florges|spa|1\n|\n|-heal|p2a: Florges|117/271|[from] item: Leftovers\n|upkeep\n|turn|35\n|\n|t:|1781448046\n|move|p1a: Whimsicott|Moonblast|p2a: Florges\n|-damage|p2a: Florges|60/271\n|move|p2a: Florges|Synthesis|p2a: Florges\n|-heal|p2a: Florges|195/271\n|\n|-heal|p2a: Florges|211/271|[from] item: Leftovers\n|upkeep\n|turn|36\n|\n|t:|1781448050\n|switch|p2a: Venusaur|Venusaur, L84, M|197/272\n|move|p1a: Whimsicott|Moonblast|p2a: Venusaur\n|-resisted|p2a: Venusaur\n|-damage|p2a: Venusaur|158/272\n|\n|-heal|p2a: Venusaur|175/272|[from] item: Leftovers\n|upkeep\n|turn|37\n|\n|t:|1781448053\n|move|p1a: Whimsicott|Moonblast|p2a: Venusaur\n|-resisted|p2a: Venusaur\n|-damage|p2a: Venusaur|136/272\n|move|p2a: Venusaur|Energy Ball|p1a: Whimsicott\n|-resisted|p1a: Whimsicott\n|-end|p1a: Whimsicott|Substitute\n|\n|-heal|p2a: Venusaur|153/272|[from] item: Leftovers\n|upkeep\n|turn|38\n|\n|t:|1781448058\n|move|p1a: Whimsicott|Substitute|p1a: Whimsicott\n|-start|p1a: Whimsicott|Substitute\n|-damage|p1a: Whimsicott|179/238\n|move|p2a: Venusaur|Energy Ball|p1a: Whimsicott\n|-resisted|p1a: Whimsicott\n|-activate|p1a: Whimsicott|move: Substitute|[damage]\n|\n|-heal|p1a: Whimsicott|193/238|[from] item: Leftovers\n|-heal|p2a: Venusaur|170/272|[from] item: Leftovers\n|upkeep\n|turn|39\n|\n|t:|1781448061\n|move|p1a: Whimsicott|Moonblast|p2a: Venusaur\n|-resisted|p2a: Venusaur\n|-damage|p2a: Venusaur|131/272\n|-unboost|p2a: Venusaur|spa|1\n|move|p2a: Venusaur|Energy Ball|p1a: Whimsicott\n|-resisted|p1a: Whimsicott\n|-end|p1a: Whimsicott|Substitute\n|\n|-heal|p1a: Whimsicott|207/238|[from] item: Leftovers\n|-heal|p2a: Venusaur|148/272|[from] item: Leftovers\n|upkeep\n|turn|40\n|\n|t:|1781448065\n|switch|p2a: Florges|Florges-Orange, L85, F|211/271\n|move|p1a: Whimsicott|Substitute|p1a: Whimsicott\n|-start|p1a: Whimsicott|Substitute\n|-damage|p1a: Whimsicott|148/238\n|\n|-heal|p1a: Whimsicott|162/238|[from] item: Leftovers\n|-heal|p2a: Florges|227/271|[from] item: Leftovers\n|upkeep\n|turn|41\n|\n|t:|1781448070\n|switch|p2a: Venusaur|Venusaur, L84, M|148/272\n|move|p1a: Whimsicott|Moonblast|p2a: Venusaur\n|-resisted|p2a: Venusaur\n|-damage|p2a: Venusaur|112/272\n|\n|-heal|p1a: Whimsicott|176/238|[from] item: Leftovers\n|-heal|p2a: Venusaur|129/272|[from] item: Leftovers\n|upkeep\n|turn|42\n|\n|t:|1781448075\n|move|p1a: Whimsicott|Moonblast|p2a: Venusaur\n|-resisted|p2a: Venusaur\n|-damage|p2a: Venusaur|90/272\n|move|p2a: Venusaur|Synthesis|p2a: Venusaur\n|-heal|p2a: Venusaur|226/272\n|\n|-heal|p1a: Whimsicott|190/238|[from] item: Leftovers\n|-heal|p2a: Venusaur|243/272|[from] item: Leftovers\n|upkeep\n|turn|43\n|\n|t:|1781448079\n|switch|p2a: Florges|Florges-Orange, L85, F|227/271\n|move|p1a: Whimsicott|Encore||[still]\n|-fail|p1a: Whimsicott\n|\n|-heal|p1a: Whimsicott|204/238|[from] item: Leftovers\n|-heal|p2a: Florges|243/271|[from] item: Leftovers\n|upkeep\n|turn|44\n|\n|t:|1781448085\n|switch|p2a: Venusaur|Venusaur, L84, M|243/272\n|move|p1a: Whimsicott|Moonblast|p2a: Venusaur\n|-resisted|p2a: Venusaur\n|-damage|p2a: Venusaur|208/272\n|-unboost|p2a: Venusaur|spa|1\n|\n|-heal|p1a: Whimsicott|218/238|[from] item: Leftovers\n|-heal|p2a: Venusaur|225/272|[from] item: Leftovers\n|upkeep\n|turn|45\n|\n|t:|1781448091\n|switch|p2a: Florges|Florges-Orange, L85, F|243/271\n|move|p1a: Whimsicott|Leech Seed|p2a: Florges\n|-start|p2a: Florges|move: Leech Seed\n|\n|-heal|p1a: Whimsicott|232/238|[from] item: Leftovers\n|-heal|p2a: Florges|259/271|[from] item: Leftovers\n|-damage|p2a: Florges|226/271|[from] Leech Seed|[of] p1a: Whimsicott\n|-heal|p1a: Whimsicott|238/238|[silent]\n|upkeep\n|turn|46\n|\n|t:|1781448103\n|switch|p1a: Maushold|Maushold, L76|238/238\n|-status|p1a: Maushold|tox\n|switch|p2a: Venusaur|Venusaur, L84, M|225/272\n|\n|-heal|p2a: Venusaur|242/272|[from] item: Leftovers\n|-damage|p1a: Maushold|224/238 tox|[from] psn\n|upkeep\n|turn|47\n|\n|t:|1781448118\n|-terastallize|p2a: Venusaur|Steel\n|move|p1a: Maushold|Tidy Up|p1a: Maushold\n|-sideend|p1: Rheny|Toxic Spikes\n|-activate|p1a: Maushold|move: Tidy Up\n|-boost|p1a: Maushold|atk|1\n|-boost|p1a: Maushold|spe|1\n|move|p2a: Venusaur|Sludge Bomb|p1a: Maushold\n|-damage|p1a: Maushold|98/238 tox\n|\n|-heal|p2a: Venusaur|259/272|[from] item: Leftovers\n|-damage|p1a: Maushold|70/238 tox|[from] psn\n|upkeep\n|turn|48\n|\n|t:|1781448128\n|switch|p1a: Whimsicott|Whimsicott, L84, M, tera:Steel|238/238\n|move|p2a: Venusaur|Sludge Bomb|p1a: Whimsicott\n|-immune|p1a: Whimsicott\n|\n|-heal|p2a: Venusaur|272/272|[from] item: Leftovers\n|upkeep\n|turn|49\n|\n|t:|1781448133\n|switch|p2a: Florges|Florges-Orange, L85, F|226/271\n|move|p1a: Whimsicott|Substitute|p1a: Whimsicott\n|-start|p1a: Whimsicott|Substitute\n|-damage|p1a: Whimsicott|179/238\n|\n|-heal|p1a: Whimsicott|193/238|[from] item: Leftovers\n|-heal|p2a: Florges|242/271|[from] item: Leftovers\n|upkeep\n|turn|50\n|\n|t:|1781448138\n|switch|p2a: Venusaur|Venusaur, L84, M, tera:Steel|272/272\n|move|p1a: Whimsicott|Leech Seed|p2a: Venusaur\n|-start|p2a: Venusaur|move: Leech Seed\n|\n|-heal|p1a: Whimsicott|207/238|[from] item: Leftovers\n|-damage|p2a: Venusaur|238/272|[from] Leech Seed|[of] p1a: Whimsicott\n|-heal|p1a: Whimsicott|238/238|[silent]\n|upkeep\n|turn|51\n|\n|t:|1781448151\n|switch|p2a: Florges|Florges-Orange, L85, F|242/271\n|move|p1a: Whimsicott|Leech Seed|p2a: Florges\n|-start|p2a: Florges|move: Leech Seed\n|\n|-heal|p2a: Florges|258/271|[from] item: Leftovers\n|-damage|p2a: Florges|225/271|[from] Leech Seed|[of] p1a: Whimsicott\n|upkeep\n|turn|52\n|\n|t:|1781448166\n|switch|p1a: Entei|Entei, L78|91/307\n|switch|p2a: Venusaur|Venusaur, L84, M, tera:Steel|238/272\n|\n|-heal|p2a: Venusaur|255/272|[from] item: Leftovers\n|upkeep\n|turn|53\n|\n|t:|1781448175\n|switch|p2a: Primarina|Primarina, L83, F|96/268\n|move|p1a: Entei|Flare Blitz|p2a: Primarina\n|-resisted|p2a: Primarina\n|-damage|p2a: Primarina|28/268\n|-damage|p1a: Entei|69/307|[from] Recoil\n|\n|upkeep\n|turn|54\n|\n|t:|1781448178\n|move|p1a: Entei|Extreme Speed|p2a: Primarina\n|-damage|p2a: Primarina|0 fnt\n|faint|p2a: Primarina\n|\n|upkeep\n|\n|t:|1781448180\n|switch|p2a: Barraskewda|Barraskewda, L81, M|231/231\n|turn|55\n|\n|t:|1781448189\n|switch|p1a: Rayquaza|Rayquaza, L72|270/270\n|-ability|p1a: Rayquaza|Air Lock\n|move|p2a: Barraskewda|Flip Turn|p1a: Rayquaza\n|-resisted|p1a: Rayquaza\n|-damage|p1a: Rayquaza|210/270\n|\n|t:|1781448193\n|switch|p2a: Florges|Florges-Orange, L85, F|225/271|[from] Flip Turn\n|\n|-heal|p2a: Florges|241/271|[from] item: Leftovers\n|upkeep\n|turn|56\n|\n|t:|1781448201\n|move|p1a: Rayquaza|U-turn|p2a: Florges\n|-resisted|p2a: Florges\n|-damage|p2a: Florges|196/271\n|\n|t:|1781448205\n|switch|p1a: Whimsicott|Whimsicott, L84, M, tera:Steel|238/238|[from] U-turn\n|move|p2a: Florges|Moonblast|p1a: Whimsicott\n|-resisted|p1a: Whimsicott\n|-damage|p1a: Whimsicott|173/238\n|\n|-heal|p1a: Whimsicott|187/238|[from] item: Leftovers\n|-heal|p2a: Florges|212/271|[from] item: Leftovers\n|upkeep\n|turn|57\n|\n|t:|1781448208\n|switch|p2a: Spidops|Spidops, L96, F|158/271\n|move|p1a: Whimsicott|Leech Seed|p2a: Spidops\n|-start|p2a: Spidops|move: Leech Seed\n|\n|-heal|p1a: Whimsicott|201/238|[from] item: Leftovers\n|-damage|p2a: Spidops|125/271|[from] Leech Seed|[of] p1a: Whimsicott\n|-heal|p1a: Whimsicott|234/238|[silent]\n|upkeep\n|turn|58\n|\n|t:|1781448214\n|switch|p2a: Venusaur|Venusaur, L84, M, tera:Steel|255/272\n|move|p1a: Whimsicott|Substitute|p1a: Whimsicott\n|-start|p1a: Whimsicott|Substitute\n|-damage|p1a: Whimsicott|175/238\n|\n|-heal|p1a: Whimsicott|189/238|[from] item: Leftovers\n|-heal|p2a: Venusaur|272/272|[from] item: Leftovers\n|upkeep\n|turn|59\n|\n|t:|1781448219\n|switch|p2a: Florges|Florges-Orange, L85, F|212/271\n|move|p1a: Whimsicott|Leech Seed|p2a: Florges\n|-start|p2a: Florges|move: Leech Seed\n|\n|-heal|p1a: Whimsicott|203/238|[from] item: Leftovers\n|-heal|p2a: Florges|228/271|[from] item: Leftovers\n|-damage|p2a: Florges|195/271|[from] Leech Seed|[of] p1a: Whimsicott\n|-heal|p1a: Whimsicott|236/238|[silent]\n|upkeep\n|turn|60\n|\n|t:|1781448225\n|move|p1a: Whimsicott|Moonblast|p2a: Florges\n|-damage|p2a: Florges|140/271\n|-unboost|p2a: Florges|spa|1\n|move|p2a: Florges|Moonblast|p1a: Whimsicott\n|-resisted|p1a: Whimsicott\n|-activate|p1a: Whimsicott|move: Substitute|[damage]\n|\n|-heal|p1a: Whimsicott|238/238|[from] item: Leftovers\n|-heal|p2a: Florges|156/271|[from] item: Leftovers\n|-damage|p2a: Florges|123/271|[from] Leech Seed|[of] p1a: Whimsicott\n|upkeep\n|turn|61\n|\n|t:|1781448233\n|switch|p2a: Venusaur|Venusaur, L84, M, tera:Steel|272/272\n|move|p1a: Whimsicott|Moonblast|p2a: Venusaur\n|-resisted|p2a: Venusaur\n|-damage|p2a: Venusaur|236/272\n|\n|-heal|p2a: Venusaur|253/272|[from] item: Leftovers\n|upkeep\n|turn|62\n|\n|t:|1781448238\n|move|p1a: Whimsicott|Leech Seed|p2a: Venusaur\n|-start|p2a: Venusaur|move: Leech Seed\n|move|p2a: Venusaur|Energy Ball|p1a: Whimsicott\n|-resisted|p1a: Whimsicott\n|-end|p1a: Whimsicott|Substitute\n|\n|-heal|p2a: Venusaur|270/272|[from] item: Leftovers\n|-damage|p2a: Venusaur|236/272|[from] Leech Seed|[of] p1a: Whimsicott\n|upkeep\n|turn|63\n|\n|t:|1781448244\n|switch|p2a: Florges|Florges-Orange, L85, F|123/271\n|move|p1a: Whimsicott|Substitute|p1a: Whimsicott\n|-start|p1a: Whimsicott|Substitute\n|-damage|p1a: Whimsicott|179/238\n|\n|-heal|p1a: Whimsicott|193/238|[from] item: Leftovers\n|-heal|p2a: Florges|139/271|[from] item: Leftovers\n|upkeep\n|turn|64\n|\n|t:|1781448247\n|move|p1a: Whimsicott|Leech Seed|p2a: Florges\n|-start|p2a: Florges|move: Leech Seed\n|move|p2a: Florges|Synthesis|p2a: Florges\n|-heal|p2a: Florges|271/271\n|\n|-heal|p1a: Whimsicott|207/238|[from] item: Leftovers\n|-damage|p2a: Florges|238/271|[from] Leech Seed|[of] p1a: Whimsicott\n|-heal|p1a: Whimsicott|238/238|[silent]\n|upkeep\n|turn|65\n|\n|t:|1781448252\n|switch|p1a: Entei|Entei, L78|69/307\n|switch|p2a: Venusaur|Venusaur, L84, M, tera:Steel|236/272\n|\n|-heal|p2a: Venusaur|253/272|[from] item: Leftovers\n|upkeep\n|turn|66\n|\n|t:|1781448257\n|switch|p2a: Barraskewda|Barraskewda, L81, M|231/231\n|move|p1a: Entei|Flare Blitz|p2a: Barraskewda\n|-resisted|p2a: Barraskewda\n|-damage|p2a: Barraskewda|145/231\n|-damage|p1a: Entei|41/307|[from] Recoil\n|\n|upkeep\n|turn|67\n|\n|t:|1781448275\n|switch|p1a: Sinistcha|Sinistcha, L83|193/254\n|move|p2a: Barraskewda|Flip Turn|p1a: Sinistcha\n|-resisted|p1a: Sinistcha\n|-damage|p1a: Sinistcha|149/254\n|\n|t:|1781448279\n|switch|p2a: Spidops|Spidops, L96, F|125/271|[from] Flip Turn\n|\n|-heal|p1a: Sinistcha|164/254|[from] item: Leftovers\n|upkeep\n|turn|68\n|\n|t:|1781448291\n|move|p1a: Sinistcha|Calm Mind|p1a: Sinistcha\n|-boost|p1a: Sinistcha|spa|1\n|-boost|p1a: Sinistcha|spd|1\n|move|p2a: Spidops|Knock Off|p1a: Sinistcha\n|-supereffective|p1a: Sinistcha\n|-damage|p1a: Sinistcha|22/254\n|-enditem|p1a: Sinistcha|Leftovers|[from] move: Knock Off|[of] p2a: Spidops\n|\n|upkeep\n|turn|69\n|\n|t:|1781448298\n|move|p1a: Sinistcha|Strength Sap|p2a: Spidops\n|-unboost|p2a: Spidops|atk|1\n|-heal|p1a: Sinistcha|228/254\n|move|p2a: Spidops|Toxic Spikes|p1a: Sinistcha\n|-sidestart|p1: Rheny|move: Toxic Spikes\n|\n|upkeep\n|turn|70\n|\n|t:|1781448306\n|move|p1a: Sinistcha|Matcha Gotcha|p2a: Spidops\n|-resisted|p2a: Spidops\n|-damage|p2a: Spidops|53/271\n|-heal|p1a: Sinistcha|254/254|[from] drain|[of] p2a: Spidops\n|-status|p2a: Spidops|brn\n|move|p2a: Spidops|Toxic Spikes|p1a: Sinistcha\n|-sidestart|p1: Rheny|move: Toxic Spikes\n|\n|-damage|p2a: Spidops|37/271 brn|[from] brn\n|upkeep\n|turn|71\n|\n|t:|1781448315\n|switch|p2a: Venusaur|Venusaur, L84, M, tera:Steel|253/272\n|move|p1a: Sinistcha|Calm Mind|p1a: Sinistcha\n|-boost|p1a: Sinistcha|spa|1\n|-boost|p1a: Sinistcha|spd|1\n|\n|-heal|p2a: Venusaur|270/272|[from] item: Leftovers\n|upkeep\n|turn|72\n|\n|t:|1781448326\n|move|p2a: Venusaur|Sludge Bomb|p1a: Sinistcha\n|-damage|p1a: Sinistcha|200/254\n|move|p1a: Sinistcha|Matcha Gotcha|p2a: Venusaur\n|-resisted|p2a: Venusaur\n|-damage|p2a: Venusaur|180/272\n|-heal|p1a: Sinistcha|245/254|[from] drain|[of] p2a: Venusaur\n|-status|p2a: Venusaur|brn\n|\n|-heal|p2a: Venusaur|197/272 brn|[from] item: Leftovers\n|-damage|p2a: Venusaur|180/272 brn|[from] brn\n|upkeep\n|turn|73\n|\n|t:|1781448331\n|switch|p2a: Florges|Florges-Orange, L85, F|238/271\n|move|p1a: Sinistcha|Shadow Ball|p2a: Florges\n|-damage|p2a: Florges|105/271\n|-unboost|p2a: Florges|spd|1\n|\n|-heal|p2a: Florges|121/271|[from] item: Leftovers\n|upkeep\n|turn|74\n|\n|t:|1781448335\n|move|p2a: Florges|Synthesis|p2a: Florges\n|-heal|p2a: Florges|256/271\n|move|p1a: Sinistcha|Shadow Ball|p2a: Florges\n|-damage|p2a: Florges|75/271\n|\n|-heal|p2a: Florges|91/271|[from] item: Leftovers\n|upkeep\n|turn|75\n|\n|t:|1781448337\n|switch|p2a: Venusaur|Venusaur, L84, M, tera:Steel|180/272 brn\n|move|p1a: Sinistcha|Shadow Ball|p2a: Venusaur\n|-damage|p2a: Venusaur|0 fnt\n|faint|p2a: Venusaur\n|\n|upkeep\n|\n|t:|1781448339\n|switch|p2a: Florges|Florges-Orange, L85, F|91/271\n|turn|76\n|\n|t:|1781448341\n|move|p2a: Florges|Synthesis|p2a: Florges\n|-heal|p2a: Florges|226/271\n|move|p1a: Sinistcha|Shadow Ball|p2a: Florges\n|-damage|p2a: Florges|100/271\n|\n|-heal|p2a: Florges|116/271|[from] item: Leftovers\n|upkeep\n|turn|77\n|\n|t:|1781448343\n|move|p2a: Florges|Calm Mind|p2a: Florges\n|-boost|p2a: Florges|spa|1\n|-boost|p2a: Florges|spd|1\n|move|p1a: Sinistcha|Shadow Ball|p2a: Florges\n|-damage|p2a: Florges|31/271\n|\n|-heal|p2a: Florges|47/271|[from] item: Leftovers\n|upkeep\n|turn|78\n|\n|t:|1781448345\n|move|p2a: Florges|Synthesis|p2a: Florges\n|-heal|p2a: Florges|182/271\n|move|p1a: Sinistcha|Shadow Ball|p2a: Florges\n|-damage|p2a: Florges|97/271\n|\n|-heal|p2a: Florges|113/271|[from] item: Leftovers\n|upkeep\n|turn|79\n|\n|t:|1781448347\n|move|p2a: Florges|Calm Mind|p2a: Florges\n|-boost|p2a: Florges|spa|1\n|-boost|p2a: Florges|spd|1\n|move|p1a: Sinistcha|Shadow Ball|p2a: Florges\n|-crit|p2a: Florges\n|-damage|p2a: Florges|0 fnt\n|faint|p2a: Florges\n|\n|upkeep\n|\n|t:|1781448352\n|switch|p2a: Beartic|Beartic, L91, M|201/321\n|turn|80\n|c|\u2606Rheny|Well this was fun\n|\n|t:|1781448362\n|move|p1a: Sinistcha|Shadow Ball|p2a: Beartic\n|-damage|p2a: Beartic|0 fnt\n|faint|p2a: Beartic\n|\n|upkeep\n|-message|shuckletheshuckle forfeited.\n|\n|win|Rheny\n|raw|Rheny's rating: 1945 &rarr; <strong>1965</strong><br />(+20 for winning)\n|raw|shuckletheshuckle's rating: 1943 &rarr; <strong>1923</strong><br />(-20 for losing)\n|l|\u2606shuckletheshuckle\n|player|p2|\n", "uploadtime": 1781447800, "views": 9, "formatid": "gen9randombattle", "rating": 1923, "private": 0, "password": null}