{"id": "gen9randombattle-2631974723", "format": "[Gen 9] Random Battle", "players": ["marper8", "LuxemBougie"], "log": "|j|\u2606marper8\n|j|\u203dLuxemBougie\n|t:|1781461707\n|gametype|singles\n|player|p1|marper8|265|2017\n|player|p2|LuxemBougie|cynthia|1927\n|gen|9\n|tier|[Gen 9] Random Battle\n|rated|\n|rule|Species Clause: Limit one of each Pok\u00e9mon\n|rule|HP Percentage Mod: HP is shown in percentages\n|rule|Sleep Clause Mod: Limit one foe put to sleep\n|rule|Illusion Level Mod: Illusion disguises the Pok\u00e9mon's true level\n|\n|t:|1781461707\n|teamsize|p1|6\n|teamsize|p2|6\n|start\n|switch|p1a: Lokix|Lokix, L82, M|251/251\n|switch|p2a: Probopass|Probopass, L91, F|257/257\n|turn|1\n|inactive|Battle timer is ON: inactive players will automatically lose when time's up. (requested by marper8)\n|inactive|LuxemBougie has 120 seconds left.\n|inactive|LuxemBougie has 90 seconds left.\n|\n|t:|1781461783\n|switch|p1a: Infernape|Infernape, L82, M|259/259\n|move|p2a: Probopass|Body Press|p1a: Infernape\n|-crit|p1a: Infernape\n|-damage|p1a: Infernape|89/259\n|\n|upkeep\n|turn|2\n|\n|t:|1781461789\n|switch|p2a: Oricorio|Oricorio-Sensu, L85, F|266/266\n|move|p1a: Infernape|Close Combat|p2a: Oricorio\n|-immune|p2a: Oricorio\n|\n|upkeep\n|turn|3\n|\n|t:|1781461794\n|switch|p1a: Mightyena|Mightyena, L96, M|290/290\n|-ability|p1a: Mightyena|Intimidate|boost\n|-unboost|p2a: Oricorio|atk|1\n|move|p2a: Oricorio|Quiver Dance|p2a: Oricorio\n|-boost|p2a: Oricorio|spa|1\n|-boost|p2a: Oricorio|spd|1\n|-boost|p2a: Oricorio|spe|1\n|\n|upkeep\n|turn|4\n|\n|t:|1781461801\n|move|p2a: Oricorio|Hurricane|p1a: Mightyena\n|-damage|p1a: Mightyena|97/290\n|move|p1a: Mightyena|Taunt|p2a: Oricorio\n|-start|p2a: Oricorio|move: Taunt\n|\n|-heal|p1a: Mightyena|115/290|[from] item: Leftovers\n|upkeep\n|turn|5\n|\n|t:|1781461808\n|switch|p2a: Probopass|Probopass, L91, F|257/257\n|move|p1a: Mightyena|Sucker Punch||[still]\n|-fail|p1a: Mightyena\n|\n|-heal|p1a: Mightyena|133/290|[from] item: Leftovers\n|upkeep\n|turn|6\n|\n|t:|1781461812\n|switch|p1a: Infernape|Infernape, L82, M|89/259\n|move|p2a: Probopass|Body Press|p1a: Infernape\n|-damage|p1a: Infernape|0 fnt\n|faint|p1a: Infernape\n|\n|upkeep\n|\n|t:|1781461814\n|switch|p1a: Iron Boulder|Iron Boulder, L77|265/265\n|turn|7\n|\n|t:|1781461824\n|switch|p2a: Hoopa|Hoopa, L85|275/275\n|move|p1a: Iron Boulder|Swords Dance|p1a: Iron Boulder\n|-boost|p1a: Iron Boulder|atk|2\n|\n|upkeep\n|turn|8\n|\n|t:|1781461827\n|move|p2a: Hoopa|Shadow Ball|p1a: Iron Boulder\n|-supereffective|p1a: Iron Boulder\n|-damage|p1a: Iron Boulder|29/265\n|move|p1a: Iron Boulder|Mighty Cleave|p2a: Hoopa\n|-damage|p2a: Hoopa|0 fnt\n|faint|p2a: Hoopa\n|-damage|p1a: Iron Boulder|3/265|[from] item: Life Orb\n|\n|upkeep\n|\n|t:|1781461847\n|switch|p2a: Greninja|Greninja, L80, M|246/246\n|turn|9\n|\n|t:|1781461852\n|-end|p1a: Iron Boulder|Quark Drive|[silent]\n|switch|p1a: Lokix|Lokix, L82, M|251/251\n|move|p2a: Greninja|Dark Pulse|p1a: Lokix\n|-start|p2a: Greninja|typechange|Dark|[from] ability: Protean\n|-resisted|p1a: Lokix\n|-damage|p1a: Lokix|173/251\n|-damage|p2a: Greninja|222/246|[from] item: Life Orb\n|\n|upkeep\n|turn|10\n|\n|t:|1781461857\n|switch|p2a: Probopass|Probopass, L91, F|257/257\n|move|p1a: Lokix|First Impression|p2a: Probopass\n|-resisted|p2a: Probopass\n|-damage|p2a: Probopass|182/257\n|-damage|p1a: Lokix|148/251|[from] item: Life Orb\n|\n|upkeep\n|turn|11\n|\n|t:|1781461862\n|move|p1a: Lokix|Knock Off|p2a: Probopass\n|-damage|p2a: Probopass|95/257\n|-enditem|p2a: Probopass|Chesto Berry|[from] move: Knock Off|[of] p1a: Lokix\n|-damage|p1a: Lokix|123/251|[from] item: Life Orb\n|move|p2a: Probopass|Body Press|p1a: Lokix\n|-damage|p1a: Lokix|25/251\n|\n|upkeep\n|turn|12\n|\n|t:|1781461867\n|switch|p1a: Haxorus|Haxorus, L77, M|244/244\n|-ability|p1a: Haxorus|Mold Breaker\n|move|p2a: Probopass|Body Press|p1a: Haxorus\n|-damage|p1a: Haxorus|148/244\n|\n|upkeep\n|turn|13\n|\n|t:|1781461869\n|move|p1a: Haxorus|Swords Dance|p1a: Haxorus\n|-boost|p1a: Haxorus|atk|2\n|move|p2a: Probopass|Body Press|p1a: Haxorus\n|-damage|p1a: Haxorus|52/244\n|\n|upkeep\n|turn|14\n|\n|t:|1781461872\n|move|p1a: Haxorus|Earthquake|p2a: Probopass\n|-supereffective|p2a: Probopass\n|-damage|p2a: Probopass|0 fnt\n|faint|p2a: Probopass\n|\n|upkeep\n|\n|t:|1781461875\n|switch|p2a: Greninja|Greninja, L80, M|222/246\n|turn|15\n|\n|t:|1781461878\n|switch|p1a: Iron Boulder|Iron Boulder, L77|3/265\n|move|p2a: Greninja|Dark Pulse|p1a: Iron Boulder\n|-start|p2a: Greninja|typechange|Dark|[from] ability: Protean\n|-supereffective|p1a: Iron Boulder\n|-damage|p1a: Iron Boulder|0 fnt\n|faint|p1a: Iron Boulder\n|-end|p1a: Iron Boulder|Quark Drive|[silent]\n|-damage|p2a: Greninja|198/246|[from] item: Life Orb\n|\n|upkeep\n|\n|t:|1781461880\n|switch|p1a: Porygon-Z|Porygon-Z, L83|277/277\n|-ability|p1a: Porygon-Z|Download|boost\n|-boost|p1a: Porygon-Z|atk|1\n|turn|16\n|\n|t:|1781461885\n|move|p1a: Porygon-Z|Tri Attack|p2a: Greninja\n|-damage|p2a: Greninja|75/246\n|-status|p2a: Greninja|brn\n|move|p2a: Greninja|Dark Pulse|p1a: Porygon-Z\n|-damage|p1a: Porygon-Z|151/277\n|-damage|p2a: Greninja|51/246 brn|[from] item: Life Orb\n|\n|-damage|p2a: Greninja|36/246 brn|[from] brn\n|upkeep\n|turn|17\n|\n|t:|1781461892\n|switch|p1a: Lokix|Lokix, L82, M|25/251\n|switch|p2a: Oricorio|Oricorio-Sensu, L85, F|266/266\n|\n|upkeep\n|turn|18\n|\n|t:|1781461900\n|move|p2a: Oricorio|Revelation Dance|p1a: Lokix\n|-resisted|p1a: Lokix\n|-damage|p1a: Lokix|0 fnt\n|faint|p1a: Lokix\n|\n|upkeep\n|\n|t:|1781461902\n|switch|p1a: Mightyena|Mightyena, L96, M|133/290\n|-ability|p1a: Mightyena|Intimidate|boost\n|-unboost|p2a: Oricorio|atk|1\n|turn|19\n|\n|t:|1781461905\n|switch|p2a: Greninja|Greninja, L80, M|36/246 brn\n|move|p1a: Mightyena|Throat Chop|p2a: Greninja\n|-resisted|p2a: Greninja\n|-damage|p2a: Greninja|0 fnt\n|faint|p2a: Greninja\n|\n|-heal|p1a: Mightyena|151/290|[from] item: Leftovers\n|upkeep\n|\n|t:|1781461908\n|switch|p2a: Leavanny|Leavanny, L86, M|269/269\n|turn|20\n|\n|t:|1781461914\n|switch|p1a: Porygon-Z|Porygon-Z, L83|151/277\n|-ability|p1a: Porygon-Z|Download|boost\n|-boost|p1a: Porygon-Z|spa|1\n|move|p2a: Leavanny|Sticky Web|p1a: Porygon-Z\n|-sidestart|p1: marper8|move: Sticky Web\n|\n|upkeep\n|turn|21\n|\n|t:|1781461916\n|move|p1a: Porygon-Z|Tri Attack|p2a: Leavanny\n|-damage|p2a: Leavanny|91/269\n|-status|p2a: Leavanny|brn\n|move|p2a: Leavanny|Knock Off|p1a: Porygon-Z\n|-damage|p1a: Porygon-Z|109/277\n|-enditem|p1a: Porygon-Z|Choice Scarf|[from] move: Knock Off|[of] p2a: Leavanny\n|\n|-damage|p2a: Leavanny|75/269 brn|[from] brn\n|upkeep\n|turn|22\n|\n|t:|1781461920\n|move|p2a: Leavanny|Bullet Seed|p1a: Porygon-Z\n|-damage|p1a: Porygon-Z|93/277\n|-damage|p1a: Porygon-Z|77/277\n|-damage|p1a: Porygon-Z|59/277\n|-damage|p1a: Porygon-Z|41/277\n|-hitcount|p1a: Porygon-Z|4\n|move|p1a: Porygon-Z|Tri Attack|p2a: Leavanny\n|-damage|p2a: Leavanny|0 fnt\n|faint|p2a: Leavanny\n|\n|upkeep\n|\n|t:|1781461947\n|switch|p2a: Arceus|Arceus-Rock, L74|300/300\n|turn|23\n|\n|t:|1781461951\n|move|p2a: Arceus|Calm Mind|p2a: Arceus\n|-boost|p2a: Arceus|spa|1\n|-boost|p2a: Arceus|spd|1\n|move|p1a: Porygon-Z|Thunderbolt|p2a: Arceus\n|-crit|p2a: Arceus\n|-damage|p2a: Arceus|148/300\n|\n|upkeep\n|turn|24\n|\n|t:|1781461957\n|move|p2a: Arceus|Calm Mind|p2a: Arceus\n|-boost|p2a: Arceus|spa|1\n|-boost|p2a: Arceus|spd|1\n|move|p1a: Porygon-Z|Thunderbolt|p2a: Arceus\n|-damage|p2a: Arceus|92/300\n|\n|upkeep\n|turn|25\n|\n|t:|1781461962\n|-terastallize|p2a: Arceus|Ground\n|move|p2a: Arceus|Recover|p2a: Arceus\n|-heal|p2a: Arceus|242/300\n|move|p1a: Porygon-Z|Thunderbolt|p2a: Arceus\n|-immune|p2a: Arceus\n|\n|upkeep\n|turn|26\n|-message|marper8 forfeited.\n|\n|win|LuxemBougie\n", "uploadtime": 1781461709, "views": 5, "formatid": "gen9randombattle", "rating": null, "private": 0, "password": null}