{"id": "gen9randombattle-2631928981", "format": "[Gen 9] Random Battle", "players": ["grabschaender", "personanongrattata"], "log": "|j|\u2606grabschaender\n|j|\u2606personanongrattata\n|t:|1781456686\n|gametype|singles\n|player|p1|grabschaender|candice|2260\n|player|p2|personanongrattata|youngster-gen4dp|2170\n|gen|9\n|tier|[Gen 9] Random Battle\n|rated|\n|rule|Species Clause: Limit one of each Pok\u00e9mon\n|rule|HP Percentage Mod: HP is shown in percentages\n|rule|Sleep Clause Mod: Limit one foe put to sleep\n|rule|Illusion Level Mod: Illusion disguises the Pok\u00e9mon's true level\n|\n|t:|1781456686\n|teamsize|p1|6\n|teamsize|p2|6\n|start\n|switch|p1a: Lokix|Lokix, L82, M|251/251\n|switch|p2a: Lanturn|Lanturn, L89, F|367/367\n|turn|1\n|inactive|Battle timer is ON: inactive players will automatically lose when time's up. (requested by personanongrattata)\n|\n|t:|1781456694\n|move|p1a: Lokix|Knock Off|p2a: Lanturn\n|-damage|p2a: Lanturn|232/367\n|-enditem|p2a: Lanturn|Leftovers|[from] move: Knock Off|[of] p1a: Lokix\n|move|p2a: Lanturn|Scald|p1a: Lokix\n|-damage|p1a: Lokix|136/251\n|-status|p1a: Lokix|brn\n|\n|-damage|p1a: Lokix|121/251 brn|[from] brn\n|upkeep\n|turn|2\n|\n|t:|1781456703\n|move|p1a: Lokix|U-turn|p2a: Lanturn\n|-damage|p2a: Lanturn|181/367\n|\n|t:|1781456704\n|switch|p1a: Hydrapple|Hydrapple, L83, M|312/312|[from] U-turn\n|move|p2a: Lanturn|Thunderbolt|p1a: Hydrapple\n|-resisted|p1a: Hydrapple\n|-damage|p1a: Hydrapple|287/312\n|\n|upkeep\n|turn|3\n|\n|t:|1781456711\n|switch|p1a: Kleavor|Kleavor, L78, M|237/237\n|move|p2a: Lanturn|Ice Beam|p1a: Kleavor\n|-crit|p1a: Kleavor\n|-damage|p1a: Kleavor|128/237\n|-status|p1a: Kleavor|frz\n|\n|upkeep\n|turn|4\n|\n|t:|1781456715\n|cant|p1a: Kleavor|frz\n|move|p2a: Lanturn|Thunderbolt|p1a: Kleavor\n|-damage|p1a: Kleavor|17/237 frz\n|\n|upkeep\n|turn|5\n|\n|t:|1781456718\n|cant|p1a: Kleavor|frz\n|move|p2a: Lanturn|Scald|p1a: Kleavor\n|-supereffective|p1a: Kleavor\n|-damage|p1a: Kleavor|0 fnt\n|faint|p1a: Kleavor\n|\n|upkeep\n|\n|t:|1781456724\n|switch|p1a: Mamoswine|Mamoswine, L81, F|311/311\n|turn|6\n|\n|t:|1781456729\n|switch|p2a: Vigoroth|Vigoroth, L85, F|275/275\n|move|p1a: Mamoswine|Earthquake|p2a: Vigoroth\n|-damage|p2a: Vigoroth|136/275\n|\n|upkeep\n|turn|7\n|\n|t:|1781456733\n|switch|p2a: Yanmega|Yanmega, L82, M|275/275\n|move|p1a: Mamoswine|Earthquake|p2a: Yanmega\n|-immune|p2a: Yanmega\n|\n|upkeep\n|turn|8\n|\n|t:|1781456736\n|switch|p1a: Lokix|Lokix, L82, M|121/251 brn\n|move|p2a: Yanmega|U-turn|p1a: Lokix\n|-supereffective|p1a: Lokix\n|-damage|p1a: Lokix|0 fnt\n|faint|p1a: Lokix\n|\n|t:|1781456742\n|switch|p2a: Pikachu|Pikachu-Original, L93, M|216/216|[from] U-turn\n|\n|upkeep\n|\n|t:|1781456748\n|switch|p1a: Mamoswine|Mamoswine, L81, F|311/311\n|turn|9\n|\n|t:|1781456751\n|move|p2a: Pikachu|Fake Out|p1a: Mamoswine\n|-damage|p1a: Mamoswine|262/311\n|cant|p1a: Mamoswine|flinch\n|\n|upkeep\n|turn|10\n|\n|t:|1781456756\n|switch|p2a: Lanturn|Lanturn, L89, F|181/367\n|move|p1a: Mamoswine|Icicle Crash|p2a: Lanturn\n|-resisted|p2a: Lanturn\n|-damage|p2a: Lanturn|88/367\n|\n|upkeep\n|turn|11\n|\n|t:|1781456759\n|move|p1a: Mamoswine|Icicle Crash|p2a: Lanturn\n|-resisted|p2a: Lanturn\n|-damage|p2a: Lanturn|0 fnt\n|faint|p2a: Lanturn\n|\n|upkeep\n|\n|t:|1781456770\n|switch|p2a: Chien-Pao|Chien-Pao, L72|234/234\n|-ability|p2a: Chien-Pao|Sword of Ruin\n|turn|12\n|\n|t:|1781456776\n|move|p2a: Chien-Pao|Sacred Sword|p1a: Mamoswine\n|-supereffective|p1a: Mamoswine\n|-crit|p1a: Mamoswine\n|-damage|p1a: Mamoswine|0 fnt\n|faint|p1a: Mamoswine\n|\n|upkeep\n|\n|t:|1781456779\n|switch|p1a: Meloetta|Meloetta, L82|298/298\n|turn|13\n|\n|t:|1781456782\n|switch|p2a: Wo-Chien|Wo-Chien, L83|277/277\n|-ability|p2a: Wo-Chien|Tablets of Ruin\n|move|p1a: Meloetta|Relic Song|p2a: Wo-Chien\n|-damage|p2a: Wo-Chien|182/277\n|-formechange|p1a: Meloetta|Meloetta-Pirouette|[msg]\n|-damage|p1a: Meloetta|269/298|[from] item: Life Orb\n|\n|-heal|p2a: Wo-Chien|199/277|[from] item: Leftovers\n|upkeep\n|turn|14\n|\n|t:|1781456785\n|move|p2a: Wo-Chien|Protect|p2a: Wo-Chien\n|-singleturn|p2a: Wo-Chien|Protect\n|move|p1a: Meloetta|Close Combat|p2a: Wo-Chien\n|-activate|p2a: Wo-Chien|move: Protect\n|\n|-heal|p2a: Wo-Chien|216/277|[from] item: Leftovers\n|upkeep\n|turn|15\n|\n|t:|1781456792\n|-terastallize|p2a: Wo-Chien|Poison\n|move|p1a: Meloetta|Close Combat|p2a: Wo-Chien\n|-resisted|p2a: Wo-Chien\n|-damage|p2a: Wo-Chien|154/277\n|-unboost|p1a: Meloetta|def|1\n|-unboost|p1a: Meloetta|spd|1\n|-damage|p1a: Meloetta|240/298|[from] item: Life Orb\n|move|p2a: Wo-Chien|Leech Seed|p1a: Meloetta|[miss]\n|-miss|p2a: Wo-Chien|p1a: Meloetta\n|\n|-heal|p2a: Wo-Chien|171/277|[from] item: Leftovers\n|upkeep\n|turn|16\n|\n|t:|1781456798\n|move|p1a: Meloetta|Relic Song|p2a: Wo-Chien\n|-damage|p2a: Wo-Chien|113/277\n|-formechange|p1a: Meloetta|Meloetta|[msg]\n|-damage|p1a: Meloetta|211/298|[from] item: Life Orb\n|move|p2a: Wo-Chien|Knock Off|p1a: Meloetta\n|-supereffective|p1a: Meloetta\n|-damage|p1a: Meloetta|0 fnt\n|-enditem|p1a: Meloetta|Life Orb|[from] move: Knock Off|[of] p2a: Wo-Chien\n|faint|p1a: Meloetta\n|\n|-heal|p2a: Wo-Chien|130/277|[from] item: Leftovers\n|upkeep\n|\n|t:|1781456802\n|switch|p1a: Typhlosion|Typhlosion-Hisui, L83, F|257/257\n|turn|17\n|-message|grabschaender forfeited.\n|\n|win|personanongrattata\n", "uploadtime": 1781456688, "views": 3, "formatid": "gen9randombattle", "rating": null, "private": 0, "password": null}