{"id": "gen9randombattle-2631600751", "format": "[Gen 9] Random Battle", "players": ["dsagda3tugadg", "pattagobi"], "log": "|j|\u2606dsagda3tugadg\n|j|\u2606pattagobi\n|t:|1781407002\n|gametype|singles\n|player|p1|dsagda3tugadg|102|1000\n|player|p2|pattagobi|red|1002\n|gen|9\n|tier|[Gen 9] Random Battle\n|rated|\n|rule|Species Clause: Limit one of each Pok\u00e9mon\n|rule|HP Percentage Mod: HP is shown in percentages\n|rule|Sleep Clause Mod: Limit one foe put to sleep\n|rule|Illusion Level Mod: Illusion disguises the Pok\u00e9mon's true level\n|\n|t:|1781407002\n|teamsize|p1|6\n|teamsize|p2|6\n|start\n|switch|p1a: Meowstic|Meowstic-F, L89, F|277/277\n|switch|p2a: Lanturn|Lanturn, L89, F|367/367\n|turn|1\n|\n|t:|1781407021\n|switch|p1a: Spiritomb|Spiritomb, L89, F|234/234\n|move|p2a: Lanturn|Thunder Wave|p1a: Spiritomb\n|-status|p1a: Spiritomb|par\n|\n|upkeep\n|turn|2\n|\n|t:|1781407033\n|move|p2a: Lanturn|Scald|p1a: Spiritomb\n|-damage|p1a: Spiritomb|174/234 par\n|cant|p1a: Spiritomb|par\n|\n|-heal|p1a: Spiritomb|188/234 par|[from] item: Leftovers\n|upkeep\n|turn|3\n|\n|t:|1781407042\n|move|p2a: Lanturn|Scald|p1a: Spiritomb\n|-damage|p1a: Spiritomb|125/234 par\n|move|p1a: Spiritomb|Poltergeist|p2a: Lanturn\n|-activate|p2a: Lanturn|move: Poltergeist|Leftovers\n|-damage|p2a: Lanturn|205/367\n|\n|-heal|p2a: Lanturn|227/367|[from] item: Leftovers\n|-heal|p1a: Spiritomb|139/234 par|[from] item: Leftovers\n|upkeep\n|turn|4\n|\n|t:|1781407052\n|move|p2a: Lanturn|Scald|p1a: Spiritomb\n|-damage|p1a: Spiritomb|72/234 par\n|move|p1a: Spiritomb|Poltergeist|p2a: Lanturn\n|-activate|p2a: Lanturn|move: Poltergeist|Leftovers\n|-damage|p2a: Lanturn|55/367\n|\n|-heal|p2a: Lanturn|77/367|[from] item: Leftovers\n|-heal|p1a: Spiritomb|86/234 par|[from] item: Leftovers\n|upkeep\n|turn|5\n|\n|t:|1781407065\n|switch|p2a: Ursaring|Ursaring, L84, F|288/288\n|cant|p1a: Spiritomb|par\n|\n|-heal|p1a: Spiritomb|100/234 par|[from] item: Leftovers\n|-status|p2a: Ursaring|tox|[from] item: Toxic Orb\n|upkeep\n|turn|6\n|\n|t:|1781407077\n|move|p2a: Ursaring|Throat Chop|p1a: Spiritomb\n|-damage|p1a: Spiritomb|43/234 par\n|-start|p1a: Spiritomb|Throat Chop|[silent]\n|cant|p1a: Spiritomb|par\n|\n|-heal|p1a: Spiritomb|57/234 par|[from] item: Leftovers\n|-damage|p2a: Ursaring|270/288 tox|[from] psn\n|upkeep\n|turn|7\n|\n|t:|1781407088\n|move|p2a: Ursaring|Throat Chop|p1a: Spiritomb\n|-damage|p1a: Spiritomb|2/234 par\n|move|p1a: Spiritomb|Foul Play|p2a: Ursaring\n|-damage|p2a: Ursaring|113/288 tox\n|\n|-heal|p1a: Spiritomb|16/234 par|[from] item: Leftovers\n|-damage|p2a: Ursaring|77/288 tox|[from] psn\n|-end|p1a: Spiritomb|Throat Chop|[silent]\n|upkeep\n|turn|8\n|\n|t:|1781407098\n|move|p1a: Spiritomb|Sucker Punch|p2a: Ursaring\n|-damage|p2a: Ursaring|0 fnt\n|faint|p2a: Ursaring\n|\n|-heal|p1a: Spiritomb|30/234 par|[from] item: Leftovers\n|upkeep\n|\n|t:|1781407105\n|switch|p2a: Lanturn|Lanturn, L89, F|77/367\n|turn|9\n|\n|t:|1781407109\n|cant|p1a: Spiritomb|par\n|move|p2a: Lanturn|Scald|p1a: Spiritomb\n|-damage|p1a: Spiritomb|0 fnt\n|faint|p1a: Spiritomb\n|\n|-heal|p2a: Lanturn|99/367|[from] item: Leftovers\n|upkeep\n|\n|t:|1781407115\n|switch|p1a: Bombirdier|Bombirdier, L85, M|258/258\n|turn|10\n|\n|t:|1781407122\n|move|p1a: Bombirdier|Knock Off|p2a: Lanturn\n|-damage|p2a: Lanturn|0 fnt\n|-enditem|p2a: Lanturn|Leftovers|[from] move: Knock Off|[of] p1a: Bombirdier\n|faint|p2a: Lanturn\n|\n|upkeep\n|\n|t:|1781407146\n|switch|p2a: Pelipper|Pelipper, L86, M|243/243\n|-weather|RainDance|[from] ability: Drizzle|[of] p2a: Pelipper\n|turn|11\n|\n|t:|1781407167\n|move|p1a: Bombirdier|Stone Edge|p2a: Pelipper\n|-supereffective|p2a: Pelipper\n|-damage|p2a: Pelipper|25/243\n|move|p2a: Pelipper|Hydro Pump|p1a: Bombirdier\n|-damage|p1a: Bombirdier|75/258\n|\n|-weather|RainDance|[upkeep]\n|upkeep\n|turn|12\n|\n|t:|1781407178\n|move|p1a: Bombirdier|Knock Off|p2a: Pelipper\n|-damage|p2a: Pelipper|0 fnt\n|-enditem|p2a: Pelipper|Heavy-Duty Boots|[from] move: Knock Off|[of] p1a: Bombirdier\n|faint|p2a: Pelipper\n|\n|-weather|RainDance|[upkeep]\n|upkeep\n|\n|t:|1781407194\n|switch|p2a: Cyclizar|Cyclizar, L83, M|252/252\n|turn|13\n|\n|t:|1781407201\n|move|p2a: Cyclizar|Draco Meteor|p1a: Bombirdier\n|-damage|p1a: Bombirdier|0 fnt\n|-unboost|p2a: Cyclizar|spa|2\n|faint|p1a: Bombirdier\n|\n|-weather|RainDance|[upkeep]\n|upkeep\n|\n|t:|1781407214\n|switch|p1a: Venomoth|Venomoth, L84, M|255/255\n|turn|14\n|\n|t:|1781407221\n|switch|p2a: Persian|Persian-Alola, L86, M|252/252\n|move|p1a: Venomoth|Quiver Dance|p1a: Venomoth\n|-boost|p1a: Venomoth|spa|1\n|-boost|p1a: Venomoth|spd|1\n|-boost|p1a: Venomoth|spe|1\n|\n|-weather|RainDance|[upkeep]\n|upkeep\n|turn|15\n|\n|t:|1781407236\n|move|p1a: Venomoth|Bug Buzz|p2a: Persian\n|-supereffective|p2a: Persian\n|-damage|p2a: Persian|0 fnt\n|faint|p2a: Persian\n|\n|-weather|none\n|upkeep\n|\n|t:|1781407244\n|switch|p2a: Cyclizar|Cyclizar, L83, M|252/252\n|turn|16\n|\n|t:|1781407257\n|-terastallize|p2a: Cyclizar|Ghost\n|move|p1a: Venomoth|Quiver Dance|p1a: Venomoth\n|-boost|p1a: Venomoth|spa|1\n|-boost|p1a: Venomoth|spd|1\n|-boost|p1a: Venomoth|spe|1\n|move|p2a: Cyclizar|Rapid Spin|p1a: Venomoth\n|-damage|p1a: Venomoth|189/255\n|-boost|p2a: Cyclizar|spe|1\n|\n|upkeep\n|turn|17\n|\n|t:|1781407267\n|move|p1a: Venomoth|Quiver Dance|p1a: Venomoth\n|-boost|p1a: Venomoth|spa|1\n|-boost|p1a: Venomoth|spd|1\n|-boost|p1a: Venomoth|spe|1\n|move|p2a: Cyclizar|Taunt|p1a: Venomoth\n|-start|p1a: Venomoth|move: Taunt\n|\n|upkeep\n|turn|18\n|\n|t:|1781407280\n|move|p1a: Venomoth|Bug Buzz|p2a: Cyclizar\n|-resisted|p2a: Cyclizar\n|-crit|p2a: Cyclizar\n|-damage|p2a: Cyclizar|0 fnt\n|faint|p2a: Cyclizar\n|\n|upkeep\n|\n|t:|1781407285\n|switch|p2a: Chesnaught|Chesnaught, L84, M|285/285\n|turn|19\n|\n|t:|1781407294\n|-terastallize|p1a: Venomoth|Bug\n|move|p1a: Venomoth|Bug Buzz|p2a: Chesnaught\n|-damage|p2a: Chesnaught|0 fnt\n|faint|p2a: Chesnaught\n|\n|win|dsagda3tugadg\n|raw|dsagda3tugadg's rating: 1000 &rarr; <strong>1040</strong><br />(+40 for winning)\n|raw|pattagobi's rating: 1002 &rarr; <strong>1000</strong><br />(-2 for losing)\n|l|\u2606pattagobi\n|player|p2|\n", "uploadtime": 1781407301, "views": 3, "formatid": "gen9randombattle", "rating": 1000, "private": 0, "password": null}