{"id": "gen9randombattle-2631628136", "format": "[Gen 9] Random Battle", "players": ["personanongrattata", "Dfrrnspa97"], "log": "|j|\u2606personanongrattata\n|j|\u2606Dfrrnspa97\n|t:|1781411229\n|gametype|singles\n|player|p1|personanongrattata|youngster-gen4dp|2030\n|player|p2|Dfrrnspa97|101|2137\n|gen|9\n|tier|[Gen 9] Random Battle\n|rated|\n|rule|Species Clause: Limit one of each Pok\u00e9mon\n|rule|HP Percentage Mod: HP is shown in percentages\n|rule|Sleep Clause Mod: Limit one foe put to sleep\n|rule|Illusion Level Mod: Illusion disguises the Pok\u00e9mon's true level\n|\n|t:|1781411229\n|teamsize|p1|6\n|teamsize|p2|6\n|start\n|switch|p1a: Illumise|Illumise, L91, F|266/266\n|switch|p2a: Cobalion|Cobalion, L80|277/277\n|turn|1\n|inactive|Battle timer is ON: inactive players will automatically lose when time's up. (requested by personanongrattata)\n|\n|t:|1781411236\n|move|p1a: Illumise|Thunder Wave|p2a: Cobalion\n|-status|p2a: Cobalion|par\n|move|p2a: Cobalion|Stealth Rock|p1a: Illumise\n|-sidestart|p1: personanongrattata|move: Stealth Rock\n|\n|upkeep\n|turn|2\n|\n|t:|1781411242\n|move|p1a: Illumise|Encore|p2a: Cobalion\n|-start|p2a: Cobalion|Encore\n|move|p2a: Cobalion|Stealth Rock||[still]\n|-fail|p2a: Cobalion\n|\n|upkeep\n|turn|3\n|\n|t:|1781411245\n|move|p1a: Illumise|Bug Buzz|p2a: Cobalion\n|-resisted|p2a: Cobalion\n|-damage|p2a: Cobalion|251/277 par\n|move|p2a: Cobalion|Stealth Rock||[still]\n|-fail|p2a: Cobalion\n|\n|-heal|p2a: Cobalion|268/277 par|[from] item: Leftovers\n|upkeep\n|turn|4\n|\n|t:|1781411248\n|switch|p1a: Palossand|Palossand, L89, M|296/296\n|-damage|p1a: Palossand|278/296|[from] Stealth Rock\n|move|p2a: Cobalion|Stealth Rock||[still]\n|-fail|p2a: Cobalion\n|\n|-heal|p1a: Palossand|296/296|[from] item: Leftovers\n|-heal|p2a: Cobalion|277/277 par|[from] item: Leftovers\n|-end|p2a: Cobalion|Encore\n|upkeep\n|turn|5\n|\n|t:|1781411252\n|switch|p2a: Chien-Pao|Chien-Pao, L72|234/234\n|-ability|p2a: Chien-Pao|Sword of Ruin\n|move|p1a: Palossand|Shadow Ball|p2a: Chien-Pao\n|-resisted|p2a: Chien-Pao\n|-damage|p2a: Chien-Pao|171/234\n|\n|upkeep\n|turn|6\n|\n|t:|1781411264\n|switch|p1a: Lumineon|Lumineon, L93, M|279/279\n|move|p2a: Chien-Pao|Swords Dance|p2a: Chien-Pao\n|-boost|p2a: Chien-Pao|atk|2\n|\n|upkeep\n|turn|7\n|\n|t:|1781411271\n|move|p2a: Chien-Pao|Swords Dance|p2a: Chien-Pao\n|-boost|p2a: Chien-Pao|atk|2\n|move|p1a: Lumineon|U-turn|p2a: Chien-Pao\n|-supereffective|p2a: Chien-Pao\n|-damage|p2a: Chien-Pao|61/234\n|\n|t:|1781411273\n|switch|p1a: Medicham|Medicham, L86, M|243/243|[from] U-turn\n|-damage|p1a: Medicham|228/243|[from] Stealth Rock\n|\n|upkeep\n|turn|8\n|\n|t:|1781411277\n|move|p2a: Chien-Pao|Sucker Punch|p1a: Medicham\n|-damage|p1a: Medicham|0 fnt\n|faint|p1a: Medicham\n|\n|upkeep\n|j| Yutomishima\n|\n|t:|1781411288\n|switch|p1a: Palossand|Palossand, L89, M|296/296\n|-damage|p1a: Palossand|278/296|[from] Stealth Rock\n|turn|9\n|\n|t:|1781411291\n|-terastallize|p1a: Palossand|Poison\n|move|p2a: Chien-Pao|Throat Chop|p1a: Palossand\n|-damage|p1a: Palossand|25/296\n|-start|p1a: Palossand|Throat Chop|[silent]\n|move|p1a: Palossand|Earth Power|p2a: Chien-Pao\n|-damage|p2a: Chien-Pao|0 fnt\n|faint|p2a: Chien-Pao\n|\n|-heal|p1a: Palossand|43/296|[from] item: Leftovers\n|upkeep\n|\n|t:|1781411313\n|switch|p2a: Delphox|Delphox, L84, F|263/263\n|turn|10\n|\n|t:|1781411321\n|switch|p1a: Illumise|Illumise, L91, F|266/266\n|move|p2a: Delphox|Psyshock|p1a: Illumise\n|-damage|p1a: Illumise|160/266\n|\n|upkeep\n|turn|11\n|\n|t:|1781411351\n|switch|p2a: Cobalion|Cobalion, L80|277/277 par\n|move|p1a: Illumise|Thunder Wave|p2a: Cobalion\n|-fail|p2a: Cobalion|par\n|\n|upkeep\n|turn|12\n|\n|t:|1781411360\n|move|p1a: Illumise|Bug Buzz|p2a: Cobalion\n|-resisted|p2a: Cobalion\n|-damage|p2a: Cobalion|251/277 par\n|move|p2a: Cobalion|Volt Switch|p1a: Illumise\n|-damage|p1a: Illumise|118/266\n|\n|t:|1781411368\n|switch|p2a: Mightyena|Mightyena, L96, M|290/290|[from] Volt Switch\n|-ability|p2a: Mightyena|Intimidate|boost\n|-unboost|p1a: Illumise|atk|1\n|\n|upkeep\n|turn|13\n|\n|t:|1781411377\n|switch|p1a: Dedenne|Dedenne, L88, F|261/261\n|-damage|p1a: Dedenne|229/261|[from] Stealth Rock\n|switch|p2a: Cobalion|Cobalion, L80|251/277 par\n|\n|-heal|p2a: Cobalion|268/277 par|[from] item: Leftovers\n|upkeep\n|turn|14\n|inactive|Dfrrnspa97 has 120 seconds left.\n|\n|t:|1781411409\n|move|p1a: Dedenne|Thunderbolt|p2a: Cobalion\n|-damage|p2a: Cobalion|163/277 par\n|cant|p2a: Cobalion|par\n|\n|-heal|p2a: Cobalion|180/277 par|[from] item: Leftovers\n|upkeep\n|turn|15\n|\n|t:|1781411414\n|switch|p2a: Reuniclus|Reuniclus, L88, F|337/337\n|move|p1a: Dedenne|Thunderbolt|p2a: Reuniclus\n|-damage|p2a: Reuniclus|244/337\n|\n|upkeep\n|turn|16\n|\n|t:|1781411420\n|move|p1a: Dedenne|U-turn|p2a: Reuniclus\n|-supereffective|p2a: Reuniclus\n|-damage|p2a: Reuniclus|158/337\n|\n|t:|1781411423\n|switch|p1a: Palossand|Palossand, L89, M, tera:Poison|43/296|[from] U-turn\n|-damage|p1a: Palossand|6/296|[from] Stealth Rock\n|move|p2a: Reuniclus|Calm Mind|p2a: Reuniclus\n|-boost|p2a: Reuniclus|spa|1\n|-boost|p2a: Reuniclus|spd|1\n|\n|-heal|p1a: Palossand|24/296|[from] item: Leftovers\n|upkeep\n|turn|17\n|\n|t:|1781411433\n|move|p1a: Palossand|Shadow Ball|p2a: Reuniclus\n|-supereffective|p2a: Reuniclus\n|-damage|p2a: Reuniclus|38/337\n|move|p2a: Reuniclus|Recover|p2a: Reuniclus\n|-heal|p2a: Reuniclus|207/337\n|\n|-heal|p1a: Palossand|42/296|[from] item: Leftovers\n|upkeep\n|turn|18\n|\n|t:|1781411436\n|move|p1a: Palossand|Shadow Ball|p2a: Reuniclus\n|-supereffective|p2a: Reuniclus\n|-damage|p2a: Reuniclus|87/337\n|move|p2a: Reuniclus|Recover|p2a: Reuniclus\n|-heal|p2a: Reuniclus|256/337\n|\n|-heal|p1a: Palossand|60/296|[from] item: Leftovers\n|upkeep\n|turn|19\n|\n|t:|1781411440\n|move|p1a: Palossand|Shadow Ball|p2a: Reuniclus\n|-supereffective|p2a: Reuniclus\n|-crit|p2a: Reuniclus\n|-damage|p2a: Reuniclus|0 fnt\n|faint|p2a: Reuniclus\n|\n|-heal|p1a: Palossand|78/296|[from] item: Leftovers\n|upkeep\n|l|\u2606Dfrrnspa97\n|inactive|Dfrrnspa97 disconnected and has a minute to reconnect!\n|player|p2|\n|inactive|Dfrrnspa97 has 30 seconds to reconnect!\n|inactive|Dfrrnspa97 has 20 seconds to reconnect!\n|inactive|Dfrrnspa97 has 15 seconds to reconnect!\n|inactive|Dfrrnspa97 has 10 seconds to reconnect!\n|inactive|Dfrrnspa97 has 5 seconds to reconnect!\n|-message|Dfrrnspa97 lost due to inactivity.\n|\n|win|personanongrattata\n", "uploadtime": 1781411230, "views": 3, "formatid": "gen9randombattle", "rating": null, "private": 0, "password": null}