{"id": "gen9randombattle-2631707189", "format": "[Gen 9] Random Battle", "players": ["endallbeallball", "lemontheheavens"], "log": "|j|\u2606endallbeallball\n|j|\u2606lemontheheavens\n|t:|1781425741\n|gametype|singles\n|player|p1|endallbeallball|medium|2074\n|player|p2|lemontheheavens|1|2035\n|gen|9\n|tier|[Gen 9] Random Battle\n|rated|\n|rule|Species Clause: Limit one of each Pok\u00e9mon\n|rule|HP Percentage Mod: HP is shown in percentages\n|rule|Sleep Clause Mod: Limit one foe put to sleep\n|rule|Illusion Level Mod: Illusion disguises the Pok\u00e9mon's true level\n|\n|t:|1781425741\n|teamsize|p1|6\n|teamsize|p2|6\n|start\n|switch|p1a: Amoonguss|Amoonguss, L82, M|321/321\n|switch|p2a: Klefki|Klefki, L84, F|233/233\n|turn|1\n|\n|t:|1781425749\n|move|p2a: Klefki|Spikes|p1a: Amoonguss\n|-sidestart|p1: endallbeallball|Spikes\n|move|p1a: Amoonguss|Spore|p2a: Klefki\n|-status|p2a: Klefki|slp|[from] move: Spore\n|\n|upkeep\n|turn|2\n|\n|t:|1781425789\n|switch|p1a: Zapdos|Zapdos, L78|268/268\n|cant|p2a: Klefki|slp\n|\n|upkeep\n|turn|3\n|\n|t:|1781425803\n|switch|p2a: Girafarig|Girafarig, L89, F|269/269\n|move|p1a: Zapdos|Heat Wave|p2a: Girafarig\n|-damage|p2a: Girafarig|212/269\n|\n|upkeep\n|turn|4\n|\n|t:|1781425836\n|move|p2a: Girafarig|Nasty Plot|p2a: Girafarig\n|-boost|p2a: Girafarig|spa|2\n|move|p1a: Zapdos|Thunderbolt|p2a: Girafarig\n|-damage|p2a: Girafarig|137/269\n|\n|upkeep\n|turn|5\n|\n|t:|1781425845\n|switch|p1a: Iron Leaves|Iron Leaves, L80|275/275\n|-damage|p1a: Iron Leaves|241/275|[from] Spikes\n|move|p2a: Girafarig|Hyper Voice|p1a: Iron Leaves\n|-damage|p1a: Iron Leaves|61/275\n|\n|upkeep\n|turn|6\n|\n|t:|1781425852\n|move|p1a: Iron Leaves|Megahorn|p2a: Girafarig\n|-supereffective|p2a: Girafarig\n|-damage|p2a: Girafarig|0 fnt\n|faint|p2a: Girafarig\n|\n|upkeep\n|\n|t:|1781425864\n|switch|p2a: Meowscarada|Meowscarada, L78, M|247/247\n|turn|7\n|\n|t:|1781425899\n|-end|p1a: Iron Leaves|Quark Drive|[silent]\n|switch|p1a: Zapdos|Zapdos, L78|268/268\n|move|p2a: Meowscarada|Triple Axel|p1a: Zapdos\n|-start|p2a: Meowscarada|typechange|Ice|[from] ability: Protean\n|-supereffective|p1a: Zapdos\n|-damage|p1a: Zapdos|200/268\n|-status|p2a: Meowscarada|par|[from] ability: Static|[of] p1a: Zapdos\n|-supereffective|p1a: Zapdos\n|-damage|p1a: Zapdos|62/268\n|-supereffective|p1a: Zapdos\n|-damage|p1a: Zapdos|0 fnt\n|faint|p1a: Zapdos\n|-hitcount|p1: Zapdos|3\n|\n|upkeep\n|\n|t:|1781425907\n|switch|p1a: Tauros|Tauros, L82, M|257/257\n|-damage|p1a: Tauros|225/257|[from] Spikes\n|turn|8\n|\n|t:|1781425917\n|move|p1a: Tauros|Close Combat|p2a: Meowscarada\n|-supereffective|p2a: Meowscarada\n|-crit|p2a: Meowscarada\n|-damage|p2a: Meowscarada|0 fnt\n|-unboost|p1a: Tauros|def|1\n|-unboost|p1a: Tauros|spd|1\n|faint|p2a: Meowscarada\n|-damage|p1a: Tauros|200/257|[from] item: Life Orb\n|\n|upkeep\n|\n|t:|1781425924\n|switch|p2a: Vespiquen|Vespiquen, L99, F|299/299\n|-ability|p2a: Vespiquen|Pressure\n|turn|9\n|\n|t:|1781425946\n|move|p1a: Tauros|Body Slam|p2a: Vespiquen\n|-damage|p2a: Vespiquen|196/299\n|move|p2a: Vespiquen|Spikes|p1a: Tauros\n|-sidestart|p1: endallbeallball|Spikes\n|\n|upkeep\n|turn|10\n|\n|t:|1781425961\n|move|p1a: Tauros|Body Slam|p2a: Vespiquen\n|-damage|p2a: Vespiquen|78/299\n|move|p2a: Vespiquen|Roost|p2a: Vespiquen\n|-heal|p2a: Vespiquen|228/299\n|-singleturn|p2a: Vespiquen|move: Roost\n|\n|upkeep\n|turn|11\n|\n|t:|1781425963\n|move|p1a: Tauros|Body Slam|p2a: Vespiquen\n|-damage|p2a: Vespiquen|119/299\n|move|p2a: Vespiquen|Spikes|p1a: Tauros\n|-sidestart|p1: endallbeallball|Spikes\n|\n|upkeep\n|turn|12\n|\n|t:|1781425965\n|move|p1a: Tauros|Body Slam|p2a: Vespiquen\n|-damage|p2a: Vespiquen|0 fnt\n|faint|p2a: Vespiquen\n|\n|upkeep\n|\n|t:|1781425972\n|switch|p2a: Gallade|Gallade, L80, M|240/240\n|turn|13\n|\n|t:|1781425979\n|move|p1a: Tauros|Body Slam|p2a: Gallade\n|-damage|p2a: Gallade|49/240\n|move|p2a: Gallade|Psycho Cut|p1a: Tauros\n|-damage|p1a: Tauros|0 fnt\n|faint|p1a: Tauros\n|\n|upkeep\n|\n|t:|1781425985\n|switch|p1a: Mimikyu|Mimikyu, L79, M|216/216\n|-damage|p1a: Mimikyu|162/216|[from] Spikes\n|turn|14\n|\n|t:|1781425990\n|move|p1a: Mimikyu|Shadow Sneak|p2a: Gallade\n|-supereffective|p2a: Gallade\n|-damage|p2a: Gallade|0 fnt\n|faint|p2a: Gallade\n|-damage|p1a: Mimikyu|141/216|[from] item: Life Orb\n|\n|upkeep\n|\n|t:|1781425991\n|switch|p2a: Klefki|Klefki, L84, F|233/233 slp\n|turn|15\n|\n|t:|1781425995\n|cant|p2a: Klefki|slp\n|move|p1a: Mimikyu|Swords Dance|p1a: Mimikyu\n|-boost|p1a: Mimikyu|atk|2\n|\n|upkeep\n|turn|16\n|\n|t:|1781425999\n|-curestatus|p2a: Klefki|slp|[msg]\n|move|p2a: Klefki|Thunder Wave|p1a: Mimikyu\n|-status|p1a: Mimikyu|par\n|move|p1a: Mimikyu|Shadow Claw|p2a: Klefki\n|-damage|p2a: Klefki|77/233\n|-damage|p1a: Mimikyu|120/216 par|[from] item: Life Orb\n|\n|-heal|p2a: Klefki|91/233|[from] item: Leftovers\n|upkeep\n|turn|17\n|\n|t:|1781426004\n|move|p2a: Klefki|Foul Play|p1a: Mimikyu\n|-activate|p1a: Mimikyu|ability: Disguise\n|-damage|p1a: Mimikyu|120/216 par\n|detailschange|p1a: Mimikyu|Mimikyu-Busted, L79, M\n|-damage|p1a: Mimikyu|93/216 par|[from] pokemon: Mimikyu-Busted\n|move|p1a: Mimikyu|Shadow Claw|p2a: Klefki\n|-damage|p2a: Klefki|0 fnt\n|faint|p2a: Klefki\n|-damage|p1a: Mimikyu|72/216 par|[from] item: Life Orb\n|\n|upkeep\n|\n|t:|1781426008\n|switch|p2a: Alcremie|Alcremie-Ruby-Cream, L90, F|263/263\n|turn|18\n|\n|t:|1781426012\n|move|p2a: Alcremie|Calm Mind|p2a: Alcremie\n|-boost|p2a: Alcremie|spa|1\n|-boost|p2a: Alcremie|spd|1\n|move|p1a: Mimikyu|Play Rough|p2a: Alcremie\n|-damage|p2a: Alcremie|60/263\n|-damage|p1a: Mimikyu|51/216 par|[from] item: Life Orb\n|\n|-heal|p2a: Alcremie|76/263|[from] item: Leftovers\n|upkeep\n|turn|19\n|\n|t:|1781426017\n|move|p1a: Mimikyu|Shadow Sneak|p2a: Alcremie\n|-damage|p2a: Alcremie|0 fnt\n|faint|p2a: Alcremie\n|-damage|p1a: Mimikyu|30/216 par|[from] item: Life Orb\n|\n|win|endallbeallball\n", "uploadtime": 1781425743, "views": 3, "formatid": "gen9randombattle", "rating": null, "private": 0, "password": null}