{"id": "gen9randombattle-2631857246", "format": "[Gen 9] Random Battle", "players": ["matthewma654321", "Hunrito"], "log": "|j|\u2606matthewma654321\n|j|\u2606Hunrito\n|t:|1781448801\n|gametype|singles\n|player|p1|matthewma654321|102|1979\n|player|p2|Hunrito|102|1963\n|gen|9\n|tier|[Gen 9] Random Battle\n|rated|\n|rule|Species Clause: Limit one of each Pok\u00e9mon\n|rule|HP Percentage Mod: HP is shown in percentages\n|rule|Sleep Clause Mod: Limit one foe put to sleep\n|rule|Illusion Level Mod: Illusion disguises the Pok\u00e9mon's true level\n|\n|t:|1781448801\n|teamsize|p1|6\n|teamsize|p2|6\n|start\n|switch|p1a: Oricorio|Oricorio-Pom-Pom, L82, F|257/257\n|switch|p2a: Ceruledge|Ceruledge, L78, F|245/245\n|turn|1\n|inactive|Battle timer is ON: inactive players will automatically lose when time's up. (requested by Hunrito)\n|\n|t:|1781448811\n|switch|p1a: Gumshoos|Gumshoos, L95, M|321/321\n|move|p2a: Ceruledge|Swords Dance|p2a: Ceruledge\n|-boost|p2a: Ceruledge|atk|2\n|\n|upkeep\n|turn|2\n|\n|t:|1781448814\n|move|p2a: Ceruledge|Close Combat|p1a: Gumshoos\n|-supereffective|p1a: Gumshoos\n|-damage|p1a: Gumshoos|0 fnt\n|-unboost|p2a: Ceruledge|def|1\n|-unboost|p2a: Ceruledge|spd|1\n|faint|p1a: Gumshoos\n|\n|upkeep\n|\n|t:|1781448827\n|switch|p1a: Sawsbuck|Sawsbuck-Summer, L88, F|284/284\n|turn|3\n|\n|t:|1781448843\n|switch|p2a: Avalugg|Avalugg, L88, F|310/310\n|move|p1a: Sawsbuck|High Horsepower|p2a: Avalugg|[miss]\n|-miss|p1a: Sawsbuck|p2a: Avalugg\n|\n|upkeep\n|turn|4\n|\n|t:|1781448848\n|switch|p1a: Magearna|Magearna, L77|250/250\n|move|p2a: Avalugg|Avalanche|p1a: Magearna\n|-resisted|p1a: Magearna\n|-damage|p1a: Magearna|216/250\n|\n|-heal|p1a: Magearna|231/250|[from] item: Leftovers\n|upkeep\n|turn|5\n|\n|t:|1781448860\n|switch|p1a: Eternatus|Eternatus, L69|308/308\n|-ability|p1a: Eternatus|Pressure\n|switch|p2a: Ceruledge|Ceruledge, L78, F|245/245\n|\n|upkeep\n|turn|6\n|\n|t:|1781448865\n|move|p1a: Eternatus|Toxic|p2a: Ceruledge\n|-status|p2a: Ceruledge|tox\n|move|p2a: Ceruledge|Swords Dance|p2a: Ceruledge\n|-boost|p2a: Ceruledge|atk|2\n|\n|-damage|p2a: Ceruledge|230/245 tox|[from] psn\n|upkeep\n|turn|7\n|\n|t:|1781448870\n|switch|p1a: Sawsbuck|Sawsbuck-Summer, L88, F|284/284\n|move|p2a: Ceruledge|Bitter Blade|p1a: Sawsbuck\n|-supereffective|p1a: Sawsbuck\n|-damage|p1a: Sawsbuck|0 fnt\n|-heal|p2a: Ceruledge|245/245 tox|[from] drain|[of] p1a: Sawsbuck\n|faint|p1a: Sawsbuck\n|\n|-damage|p2a: Ceruledge|215/245 tox|[from] psn\n|upkeep\n|-message|matthewma654321 forfeited.\n|\n|win|Hunrito\n", "uploadtime": 1781448803, "views": 6, "formatid": "gen9randombattle", "rating": null, "private": 0, "password": null}