{"id": "gen9randombattle-2631833469", "format": "[Gen 9] Random Battle", "players": ["haxion", "duuhhao"], "log": "|j|\u2606haxion\n|j|\u2606duuhhao\n|t:|1781445959\n|gametype|singles\n|player|p1|haxion|preschooler|2271\n|player|p2|duuhhao|clair|2272\n|gen|9\n|tier|[Gen 9] Random Battle\n|rated|\n|rule|Species Clause: Limit one of each Pok\u00e9mon\n|rule|HP Percentage Mod: HP is shown in percentages\n|rule|Sleep Clause Mod: Limit one foe put to sleep\n|rule|Illusion Level Mod: Illusion disguises the Pok\u00e9mon's true level\n|\n|t:|1781445959\n|teamsize|p1|6\n|teamsize|p2|6\n|start\n|switch|p1a: Slowking|Slowking-Galar, L85, M|300/300\n|switch|p2a: Ribombee|Ribombee, L83, M|235/235\n|turn|1\n|inactive|Battle timer is ON: inactive players will automatically lose when time's up. (requested by haxion)\n|\n|t:|1781445974\n|switch|p2a: Samurott|Samurott-Hisui, L77, F|265/265\n|move|p1a: Slowking|Toxic Spikes|p2a: Samurott\n|-sidestart|p2: duuhhao|move: Toxic Spikes\n|\n|upkeep\n|turn|2\n|\n|t:|1781445997\n|switch|p1a: Klefki|Klefki, L84, F|233/233\n|move|p2a: Samurott|Ceaseless Edge|p1a: Klefki\n|-resisted|p1a: Klefki\n|-damage|p1a: Klefki|166/233\n|-sidestart|p1: haxion|Spikes\n|\n|-heal|p1a: Klefki|180/233|[from] item: Leftovers\n|upkeep\n|turn|3\n|\n|t:|1781446007\n|switch|p2a: Skeledirge|Skeledirge, L79, M|294/294\n|move|p1a: Klefki|Spikes|p2a: Skeledirge\n|-sidestart|p2: duuhhao|Spikes\n|\n|-heal|p1a: Klefki|194/233|[from] item: Leftovers\n|upkeep\n|turn|4\n|\n|t:|1781446019\n|switch|p1a: Manaphy|Manaphy, L78|284/284\n|-damage|p1a: Manaphy|249/284|[from] Spikes\n|move|p2a: Skeledirge|Torch Song|p1a: Manaphy\n|-resisted|p1a: Manaphy\n|-damage|p1a: Manaphy|211/284\n|-boost|p2a: Skeledirge|spa|1\n|\n|-heal|p1a: Manaphy|228/284|[from] item: Leftovers\n|upkeep\n|turn|5\n|\n|t:|1781446033\n|switch|p2a: Shaymin|Shaymin-Sky, L73|266/266\n|move|p1a: Manaphy|Hydro Pump|p2a: Shaymin|[miss]\n|-miss|p1a: Manaphy|p2a: Shaymin\n|\n|-heal|p1a: Manaphy|245/284|[from] item: Leftovers\n|upkeep\n|turn|6\n|\n|t:|1781446047\n|switch|p1a: Slowking|Slowking-Galar, L85, M|300/300\n|-damage|p1a: Slowking|263/300|[from] Spikes\n|move|p2a: Shaymin|Earth Power|p1a: Slowking\n|-supereffective|p1a: Slowking\n|-damage|p1a: Slowking|129/300\n|-unboost|p1a: Slowking|spd|1\n|\n|-heal|p1a: Slowking|147/300|[from] item: Leftovers\n|upkeep\n|turn|7\n|inactive|haxion has 120 seconds left.\n|inactive|haxion has 90 seconds left.\n|\n|t:|1781446111\n|-terastallize|p1a: Slowking|Dark\n|move|p2a: Shaymin|Earth Power|p1a: Slowking\n|-damage|p1a: Slowking|42/300\n|move|p1a: Slowking|Sludge Bomb|p2a: Shaymin\n|-supereffective|p2a: Shaymin\n|-damage|p2a: Shaymin|0 fnt\n|faint|p2a: Shaymin\n|\n|-heal|p1a: Slowking|60/300|[from] item: Leftovers\n|upkeep\n|\n|t:|1781446121\n|switch|p2a: Samurott|Samurott-Hisui, L77, F|265/265\n|-status|p2a: Samurott|psn\n|-damage|p2a: Samurott|232/265 psn|[from] Spikes\n|turn|8\n|inactive|haxion has 90 seconds left.\n|\n|t:|1781446143\n|switch|p1a: Kingambit|Kingambit, L74, M|270/270\n|-damage|p1a: Kingambit|237/270|[from] Spikes\n|move|p2a: Samurott|Ceaseless Edge|p1a: Kingambit\n|-resisted|p1a: Kingambit\n|-damage|p1a: Kingambit|177/270\n|-sidestart|p1: haxion|Spikes\n|\n|-heal|p1a: Kingambit|193/270|[from] item: Leftovers\n|-damage|p2a: Samurott|199/265 psn|[from] psn\n|upkeep\n|turn|9\n|inactive|haxion has 90 seconds left.\n|\n|t:|1781446156\n|switch|p2a: Ribombee|Ribombee, L83, M|235/235\n|-status|p2a: Ribombee|psn\n|-damage|p2a: Ribombee|206/235 psn|[from] Spikes\n|move|p1a: Kingambit|Swords Dance|p1a: Kingambit\n|-boost|p1a: Kingambit|atk|2\n|\n|-heal|p1a: Kingambit|209/270|[from] item: Leftovers\n|-damage|p2a: Ribombee|177/235 psn|[from] psn\n|upkeep\n|turn|10\n|\n|t:|1781446161\n|move|p2a: Ribombee|Sticky Web|p1a: Kingambit\n|-sidestart|p1: haxion|move: Sticky Web\n|move|p1a: Kingambit|Iron Head|p2a: Ribombee\n|-supereffective|p2a: Ribombee\n|-damage|p2a: Ribombee|0 fnt\n|faint|p2a: Ribombee\n|\n|-heal|p1a: Kingambit|225/270|[from] item: Leftovers\n|upkeep\n|j| Sakaisuzue\n|\n|t:|1781446164\n|switch|p2a: Dondozo|Dondozo, L78, M|362/362\n|-status|p2a: Dondozo|psn\n|-damage|p2a: Dondozo|317/362 psn|[from] Spikes\n|turn|11\n|inactive|haxion has 90 seconds left.\n|inactive|haxion has 60 seconds left.\n|\n|t:|1781446227\n|-end|p1a: Kingambit|fallenundefined|[silent]\n|switch|p1a: Falinks|Falinks, L84|246/246\n|-damage|p1a: Falinks|205/246|[from] Spikes\n|-activate|p1a: Falinks|move: Sticky Web\n|-unboost|p1a: Falinks|spe|1\n|-ability|p1a: Falinks|Defiant|boost\n|-boost|p1a: Falinks|atk|2\n|switch|p2a: Samurott|Samurott-Hisui, L77, F|199/265 psn\n|-damage|p2a: Samurott|166/265 psn|[from] Spikes\n|\n|-damage|p2a: Samurott|133/265 psn|[from] psn\n|upkeep\n|turn|12\n|inactive|haxion has 60 seconds left.\n|\n|t:|1781446237\n|move|p2a: Samurott|Razor Shell|p1a: Falinks\n|-damage|p1a: Falinks|55/246\n|move|p1a: Falinks|Close Combat|p2a: Samurott\n|-supereffective|p2a: Samurott\n|-damage|p2a: Samurott|0 fnt\n|-unboost|p1a: Falinks|def|1\n|-unboost|p1a: Falinks|spd|1\n|faint|p2a: Samurott\n|-damage|p1a: Falinks|31/246|[from] item: Life Orb\n|\n|upkeep\n|\n|t:|1781446244\n|switch|p2a: Skeledirge|Skeledirge, L79, M|294/294\n|turn|13\n|\n|t:|1781446249\n|move|p2a: Skeledirge|Torch Song|p1a: Falinks\n|-damage|p1a: Falinks|0 fnt\n|-boost|p2a: Skeledirge|spa|1\n|faint|p1a: Falinks\n|\n|upkeep\n|inactive|haxion has 60 seconds left.\n|\n|t:|1781446281\n|switch|p1a: Wugtrio|Wugtrio, L91, M|212/212\n|-damage|p1a: Wugtrio|177/212|[from] Spikes\n|-activate|p1a: Wugtrio|move: Sticky Web\n|-unboost|p1a: Wugtrio|spe|1\n|turn|14\n|\n|t:|1781446288\n|switch|p1a: Manaphy|Manaphy, L78|245/284\n|-damage|p1a: Manaphy|198/284|[from] Spikes\n|-activate|p1a: Manaphy|move: Sticky Web\n|-unboost|p1a: Manaphy|spe|1\n|-terastallize|p2a: Skeledirge|Water\n|move|p2a: Skeledirge|Torch Song|p1a: Manaphy\n|-resisted|p1a: Manaphy\n|-damage|p1a: Manaphy|142/284\n|-boost|p2a: Skeledirge|spa|1\n|\n|-heal|p1a: Manaphy|159/284|[from] item: Leftovers\n|upkeep\n|turn|15\n|inactive|haxion has 30 seconds left.\n|inactive|haxion has 20 seconds left.\n|inactive|haxion has 15 seconds left.\n|inactive|haxion has 10 seconds left.\n|\n|t:|1781446341\n|move|p2a: Skeledirge|Shadow Ball|p1a: Manaphy\n|-damage|p1a: Manaphy|0 fnt\n|faint|p1a: Manaphy\n|\n|upkeep\n|inactive|haxion has 15 seconds left this turn.\n|\n|t:|1781446344\n|switch|p1a: Klefki|Klefki, L84, F|194/233\n|-damage|p1a: Klefki|156/233|[from] Spikes\n|-activate|p1a: Klefki|move: Sticky Web\n|-unboost|p1a: Klefki|spe|1\n|turn|16\n|inactive|haxion has 25 seconds left this turn.\n|\n|t:|1781446353\n|move|p1a: Klefki|Thunder Wave|p2a: Skeledirge\n|-status|p2a: Skeledirge|par\n|move|p2a: Skeledirge|Torch Song|p1a: Klefki\n|-supereffective|p1a: Klefki\n|-damage|p1a: Klefki|0 fnt\n|-boost|p2a: Skeledirge|spa|1\n|faint|p1a: Klefki\n|\n|upkeep\n|inactive|haxion has 30 seconds left this turn.\n|inactive|haxion has 20 seconds left.\n|inactive|haxion has 15 seconds left.\n|inactive|haxion has 10 seconds left.\n|\n|t:|1781446375\n|switch|p1a: Wugtrio|Wugtrio, L91, M|177/212\n|-damage|p1a: Wugtrio|142/212|[from] Spikes\n|-activate|p1a: Wugtrio|move: Sticky Web\n|-unboost|p1a: Wugtrio|spe|1\n|turn|17\n|inactive|haxion has 20 seconds left this turn.\n|\n|t:|1781446380\n|move|p1a: Wugtrio|Throat Chop|p2a: Skeledirge\n|-damage|p2a: Skeledirge|204/294 par\n|-start|p2a: Skeledirge|Throat Chop|[silent]\n|cant|p2a: Skeledirge|par\n|\n|upkeep\n|turn|18\n|inactive|haxion has 30 seconds left this turn.\n|\n|t:|1781446386\n|move|p1a: Wugtrio|Throat Chop|p2a: Skeledirge\n|-damage|p2a: Skeledirge|100/294 par\n|move|p2a: Skeledirge|Slack Off|p2a: Skeledirge\n|-heal|p2a: Skeledirge|247/294 par\n|\n|-end|p2a: Skeledirge|Throat Chop|[silent]\n|upkeep\n|turn|19\n|\n|t:|1781446391\n|move|p1a: Wugtrio|Throat Chop|p2a: Skeledirge\n|-damage|p2a: Skeledirge|147/294 par\n|-start|p2a: Skeledirge|Throat Chop|[silent]\n|move|p2a: Skeledirge|Slack Off|p2a: Skeledirge\n|-heal|p2a: Skeledirge|294/294 par\n|\n|upkeep\n|turn|20\n|\n|t:|1781446396\n|move|p1a: Wugtrio|Throat Chop|p2a: Skeledirge\n|-damage|p2a: Skeledirge|199/294 par\n|move|p2a: Skeledirge|Shadow Ball|p1a: Wugtrio\n|-damage|p1a: Wugtrio|0 fnt\n|faint|p1a: Wugtrio\n|\n|-end|p2a: Skeledirge|Throat Chop|[silent]\n|upkeep\n|\n|t:|1781446412\n|switch|p1a: Kingambit|Kingambit, L74, M|225/270\n|-damage|p1a: Kingambit|180/270|[from] Spikes\n|-activate|p1a: Kingambit|move: Sticky Web\n|-unboost|p1a: Kingambit|spe|1\n|-activate|p1a: Kingambit|ability: Supreme Overlord\n|-start|p1a: Kingambit|fallen4|[silent]\n|turn|21\n|\n|t:|1781446422\n|move|p1a: Kingambit|Sucker Punch||[still]\n|-fail|p1a: Kingambit\n|move|p2a: Skeledirge|Slack Off|p2a: Skeledirge\n|-heal|p2a: Skeledirge|294/294 par\n|\n|-heal|p1a: Kingambit|196/270|[from] item: Leftovers\n|upkeep\n|turn|22\n|\n|t:|1781446427\n|move|p1a: Kingambit|Swords Dance|p1a: Kingambit\n|-boost|p1a: Kingambit|atk|2\n|move|p2a: Skeledirge|Torch Song|p1a: Kingambit\n|-supereffective|p1a: Kingambit\n|-damage|p1a: Kingambit|0 fnt\n|-boost|p2a: Skeledirge|spa|1\n|faint|p1a: Kingambit\n|-end|p1a: Kingambit|fallen4|[silent]\n|\n|upkeep\n|\n|t:|1781446431\n|switch|p1a: Slowking|Slowking-Galar, L85, M, tera:Dark|160/300\n|-damage|p1a: Slowking|110/300|[from] Spikes\n|-activate|p1a: Slowking|move: Sticky Web\n|-unboost|p1a: Slowking|spe|1\n|turn|23\n|\n|t:|1781446437\n|cant|p2a: Skeledirge|par\n|move|p1a: Slowking|Sludge Bomb|p2a: Skeledirge\n|-damage|p2a: Skeledirge|162/294 par\n|\n|-heal|p1a: Slowking|128/300|[from] item: Leftovers\n|upkeep\n|turn|24\n|inactive|haxion has 60 seconds left.\n|\n|t:|1781446443\n|move|p2a: Skeledirge|Torch Song|p1a: Slowking\n|-damage|p1a: Slowking|0 fnt\n|-boost|p2a: Skeledirge|spa|1\n|faint|p1a: Slowking\n|\n|win|duuhhao\n", "uploadtime": 1781445960, "views": 3, "formatid": "gen9randombattle", "rating": null, "private": 0, "password": null}