{"id": "gen9randombattle-2631867705", "format": "[Gen 9] Random Battle", "players": ["Bruhcloud", "Matuidi14"], "log": "|j|\u2606Bruhcloud\n|j|\u2606Matuidi14\n|t:|1781449989\n|gametype|singles\n|player|p1|Bruhcloud|n|2130\n|player|p2|Matuidi14|clown|2256\n|gen|9\n|tier|[Gen 9] Random Battle\n|rated|\n|rule|Species Clause: Limit one of each Pok\u00e9mon\n|rule|HP Percentage Mod: HP is shown in percentages\n|rule|Sleep Clause Mod: Limit one foe put to sleep\n|rule|Illusion Level Mod: Illusion disguises the Pok\u00e9mon's true level\n|\n|t:|1781449989\n|teamsize|p1|6\n|teamsize|p2|6\n|start\n|switch|p1a: Medicham|Medicham, L86, M|243/243\n|switch|p2a: Espeon|Espeon, L84, M|246/246\n|turn|1\n|inactive|Battle timer is ON: inactive players will automatically lose when time's up. (requested by Bruhcloud)\n|\n|t:|1781450001\n|switch|p1a: Iron Treads|Iron Treads, L77|265/265\n|move|p2a: Espeon|Shadow Ball|p1a: Iron Treads\n|-damage|p1a: Iron Treads|152/265\n|-damage|p2a: Espeon|222/246|[from] item: Life Orb\n|\n|-heal|p1a: Iron Treads|168/265|[from] item: Leftovers\n|upkeep\n|turn|2\n|\n|t:|1781450014\n|switch|p2a: Decidueye|Decidueye, L88, F|281/281\n|move|p1a: Iron Treads|Earthquake|p2a: Decidueye\n|-resisted|p2a: Decidueye\n|-damage|p2a: Decidueye|223/281\n|\n|-heal|p1a: Iron Treads|184/265|[from] item: Leftovers\n|upkeep\n|turn|3\n|\n|t:|1781450025\n|move|p1a: Iron Treads|Stealth Rock|p2a: Decidueye\n|-sidestart|p2: Matuidi14|move: Stealth Rock\n|move|p2a: Decidueye|Leaf Storm|p1a: Iron Treads\n|-damage|p1a: Iron Treads|0 fnt\n|-unboost|p2a: Decidueye|spa|2\n|faint|p1a: Iron Treads\n|-end|p1a: Iron Treads|Quark Drive|[silent]\n|-damage|p2a: Decidueye|195/281|[from] item: Life Orb\n|\n|upkeep\n|\n|t:|1781450028\n|switch|p1a: Registeel|Registeel, L81|235/235\n|turn|4\n|\n|t:|1781450037\n|move|p1a: Registeel|Dark Pulse|p2a: Decidueye\n|-supereffective|p2a: Decidueye\n|-damage|p2a: Decidueye|0 fnt\n|faint|p2a: Decidueye\n|\n|upkeep\n|\n|t:|1781450041\n|switch|p2a: Tentacruel|Tentacruel, L84, F|272/272\n|-damage|p2a: Tentacruel|238/272|[from] Stealth Rock\n|turn|5\n|\n|t:|1781450047\n|move|p1a: Registeel|Dark Pulse|p2a: Tentacruel\n|-damage|p2a: Tentacruel|166/272\n|move|p2a: Tentacruel|Rapid Spin|p1a: Registeel\n|-damage|p1a: Registeel|199/235\n|-boost|p2a: Tentacruel|spe|1\n|replace|p1a: Zoroark|Zoroark, L83, F\n|-end|p1a: Zoroark|Illusion\n|-hint|Illusion Level Mod is active, so this Pok\u00e9mon's true level was hidden.\n|-sideend|p2: Matuidi14|Stealth Rock|[from] move: Rapid Spin|[of] p2a: Tentacruel\n|\n|upkeep\n|turn|6\n|\n|t:|1781450060\n|switch|p1a: Amoonguss|Amoonguss, L82, M|321/321\n|move|p2a: Tentacruel|Sludge Bomb|p1a: Amoonguss\n|-damage|p1a: Amoonguss|237/321\n|\n|-heal|p1a: Amoonguss|257/321|[from] item: Leftovers\n|upkeep\n|turn|7\n|\n|t:|1781450072\n|switch|p2a: Espeon|Espeon, L84, M|222/246\n|move|p1a: Amoonguss|Sludge Bomb|p2a: Espeon\n|-damage|p2a: Espeon|149/246\n|\n|-heal|p1a: Amoonguss|277/321|[from] item: Leftovers\n|upkeep\n|turn|8\n|\n|t:|1781450083\n|switch|p1a: Registeel|Registeel, L81|262/262\n|move|p2a: Espeon|Shadow Ball|p1a: Registeel\n|-damage|p1a: Registeel|196/262\n|-damage|p2a: Espeon|125/246|[from] item: Life Orb\n|\n|upkeep\n|turn|9\n|\n|t:|1781450089\n|switch|p2a: Tentacruel|Tentacruel, L84, F|166/272\n|move|p1a: Registeel|Iron Head|p2a: Tentacruel\n|-resisted|p2a: Tentacruel\n|-damage|p2a: Tentacruel|122/272\n|\n|upkeep\n|turn|10\n|\n|t:|1781450092\n|switch|p1a: Amoonguss|Amoonguss, L82, M|321/321\n|move|p2a: Tentacruel|Knock Off|p1a: Amoonguss\n|-damage|p1a: Amoonguss|259/321\n|-enditem|p1a: Amoonguss|Leftovers|[from] move: Knock Off|[of] p2a: Tentacruel\n|\n|upkeep\n|turn|11\n|\n|t:|1781450096\n|move|p2a: Tentacruel|Sludge Bomb|p1a: Amoonguss\n|-damage|p1a: Amoonguss|169/321\n|move|p1a: Amoonguss|Sludge Bomb|p2a: Tentacruel\n|-resisted|p2a: Tentacruel\n|-damage|p2a: Tentacruel|100/272\n|\n|upkeep\n|turn|12\n|\n|t:|1781450100\n|move|p2a: Tentacruel|Sludge Bomb|p1a: Amoonguss\n|-damage|p1a: Amoonguss|76/321\n|move|p1a: Amoonguss|Sludge Bomb|p2a: Tentacruel\n|-resisted|p2a: Tentacruel\n|-damage|p2a: Tentacruel|80/272\n|\n|upkeep\n|turn|13\n|inactive|Matuidi14 has 120 seconds left.\n|\n|t:|1781450133\n|switch|p1a: Registeel|Registeel, L81|196/262\n|move|p2a: Tentacruel|Surf|p1a: Registeel\n|-crit|p1a: Registeel\n|-damage|p1a: Registeel|117/262\n|\n|upkeep\n|turn|14\n|\n|t:|1781450150\n|move|p2a: Tentacruel|Knock Off|p1a: Registeel\n|-damage|p1a: Registeel|82/262\n|-enditem|p1a: Registeel|Chesto Berry|[from] move: Knock Off|[of] p2a: Tentacruel\n|move|p1a: Registeel|Rest|p1a: Registeel\n|-status|p1a: Registeel|slp|[from] move: Rest\n|-heal|p1a: Registeel|262/262 slp|[silent]\n|\n|upkeep\n|turn|15\n|\n|t:|1781450160\n|move|p2a: Tentacruel|Surf|p1a: Registeel\n|-damage|p1a: Registeel|204/262 slp\n|cant|p1a: Registeel|slp\n|\n|upkeep\n|turn|16\n|inactive|Matuidi14 has 120 seconds left.\n|\n|t:|1781450211\n|switch|p1a: Amoonguss|Amoonguss, L82, M|183/321\n|move|p2a: Tentacruel|Surf|p1a: Amoonguss\n|-resisted|p1a: Amoonguss\n|-damage|p1a: Amoonguss|135/321\n|\n|upkeep\n|turn|17\n|inactive|Bruhcloud has 120 seconds left.\n|\n|t:|1781450259\n|move|p2a: Tentacruel|Sludge Bomb|p1a: Amoonguss\n|-damage|p1a: Amoonguss|36/321\n|move|p1a: Amoonguss|Giga Drain|p2a: Tentacruel\n|-damage|p2a: Tentacruel|41/272\n|-damage|p1a: Amoonguss|16/321|[from] ability: Liquid Ooze|[of] p2a: Tentacruel\n|\n|upkeep\n|turn|18\n|\n|t:|1781450264\n|switch|p1a: Registeel|Registeel, L81|204/262 slp\n|move|p2a: Tentacruel|Surf|p1a: Registeel\n|-damage|p1a: Registeel|149/262 slp\n|\n|upkeep\n|turn|19\n|inactive|Bruhcloud has 120 seconds left.\n|\n|t:|1781450289\n|switch|p1a: Amoonguss|Amoonguss, L82, M|123/321\n|move|p2a: Tentacruel|Surf|p1a: Amoonguss\n|-resisted|p1a: Amoonguss\n|-damage|p1a: Amoonguss|75/321\n|\n|upkeep\n|turn|20\n|\n|t:|1781450292\n|switch|p1a: Registeel|Registeel, L81|149/262 slp\n|move|p2a: Tentacruel|Sludge Bomb|p1a: Registeel\n|-immune|p1a: Registeel\n|\n|upkeep\n|turn|21\n|inactive|Bruhcloud has 120 seconds left.\n|inactive|Matuidi14 has 120 seconds left.\n|inactive|Bruhcloud has 90 seconds left.\n|\n|t:|1781450332\n|switch|p1a: Amoonguss|Amoonguss, L82, M|182/321\n|move|p2a: Tentacruel|Surf|p1a: Amoonguss\n|-resisted|p1a: Amoonguss\n|-damage|p1a: Amoonguss|139/321\n|\n|upkeep\n|turn|22\n|\n|t:|1781450334\n|switch|p1a: Registeel|Registeel, L81|149/262 slp\n|move|p2a: Tentacruel|Surf|p1a: Registeel\n|-damage|p1a: Registeel|94/262 slp\n|\n|upkeep\n|turn|23\n|\n|t:|1781450337\n|switch|p1a: Amoonguss|Amoonguss, L82, M|246/321\n|move|p2a: Tentacruel|Surf|p1a: Amoonguss\n|-resisted|p1a: Amoonguss\n|-damage|p1a: Amoonguss|201/321\n|\n|upkeep\n|turn|24\n|\n|t:|1781450340\n|move|p2a: Tentacruel|Sludge Bomb|p1a: Amoonguss\n|-damage|p1a: Amoonguss|111/321\n|move|p1a: Amoonguss|Giga Drain|p2a: Tentacruel\n|-damage|p2a: Tentacruel|1/272\n|-damage|p1a: Amoonguss|91/321|[from] ability: Liquid Ooze|[of] p2a: Tentacruel\n|\n|upkeep\n|turn|25\n|\n|t:|1781450347\n|switch|p1a: Registeel|Registeel, L81|94/262 slp\n|move|p2a: Tentacruel|Surf|p1a: Registeel\n|-damage|p1a: Registeel|39/262 slp\n|\n|upkeep\n|turn|26\n|\n|t:|1781450350\n|switch|p1a: Amoonguss|Amoonguss, L82, M|198/321\n|move|p2a: Tentacruel|Surf|p1a: Amoonguss\n|-resisted|p1a: Amoonguss\n|-damage|p1a: Amoonguss|149/321\n|\n|upkeep\n|turn|27\n|\n|t:|1781450352\n|switch|p1a: Registeel|Registeel, L81|39/262 slp\n|move|p2a: Tentacruel|Sludge Bomb|p1a: Registeel\n|-immune|p1a: Registeel\n|\n|upkeep\n|turn|28\n|\n|t:|1781450355\n|switch|p1a: Amoonguss|Amoonguss, L82, M|256/321\n|move|p2a: Tentacruel|Surf|p1a: Amoonguss\n|-resisted|p1a: Amoonguss\n|-damage|p1a: Amoonguss|214/321\n|\n|upkeep\n|turn|29\n|\n|t:|1781450357\n|switch|p1a: Registeel|Registeel, L81|39/262 slp\n|move|p2a: Tentacruel|Sludge Bomb|p1a: Registeel\n|-immune|p1a: Registeel\n|\n|upkeep\n|turn|30\n|\n|t:|1781450364\n|move|p2a: Tentacruel|Sludge Bomb|p1a: Registeel\n|-immune|p1a: Registeel\n|cant|p1a: Registeel|slp\n|\n|upkeep\n|turn|31\n|\n|t:|1781450367\n|switch|p1a: Amoonguss|Amoonguss, L82, M|321/321\n|move|p2a: Tentacruel|Surf|p1a: Amoonguss\n|-resisted|p1a: Amoonguss\n|-damage|p1a: Amoonguss|278/321\n|\n|upkeep\n|turn|32\n|\n|t:|1781450369\n|move|p2a: Tentacruel|Sludge Bomb|p1a: Amoonguss\n|-damage|p1a: Amoonguss|181/321\n|move|p1a: Amoonguss|Sludge Bomb|p2a: Tentacruel\n|-resisted|p2a: Tentacruel\n|-damage|p2a: Tentacruel|0 fnt\n|faint|p2a: Tentacruel\n|\n|upkeep\n|\n|t:|1781450373\n|switch|p2a: Espeon|Espeon, L84, M|125/246\n|turn|33\n|\n|t:|1781450380\n|switch|p1a: Registeel|Registeel, L81|39/262 slp\n|move|p2a: Espeon|Alluring Voice|p1a: Registeel\n|-resisted|p1a: Registeel\n|-damage|p1a: Registeel|9/262 slp\n|-damage|p2a: Espeon|101/246|[from] item: Life Orb\n|\n|upkeep\n|turn|34\n|\n|t:|1781450386\n|move|p2a: Espeon|Psychic|p1a: Registeel\n|-resisted|p1a: Registeel\n|-damage|p1a: Registeel|0 fnt\n|faint|p1a: Registeel\n|-damage|p2a: Espeon|77/246|[from] item: Life Orb\n|\n|upkeep\n|\n|t:|1781450391\n|switch|p1a: Medicham|Medicham, L86, M|243/243\n|turn|35\n|\n|t:|1781450394\n|switch|p2a: Pecharunt|Pecharunt, L77|262/262\n|move|p1a: Medicham|Close Combat|p2a: Pecharunt\n|-immune|p2a: Pecharunt\n|\n|upkeep\n|turn|36\n|\n|t:|1781450406\n|switch|p1a: Amoonguss|Amoonguss, L82, M|288/321\n|move|p2a: Pecharunt|Malignant Chain|p1a: Amoonguss\n|-damage|p1a: Amoonguss|204/321\n|\n|upkeep\n|turn|37\n|\n|t:|1781450410\n|move|p2a: Pecharunt|Malignant Chain|p1a: Amoonguss\n|-damage|p1a: Amoonguss|120/321\n|move|p1a: Amoonguss|Sludge Bomb|p2a: Pecharunt\n|-resisted|p2a: Pecharunt\n|-damage|p2a: Pecharunt|240/262\n|\n|-heal|p2a: Pecharunt|256/262|[from] item: Leftovers\n|upkeep\n|turn|38\n|\n|t:|1781450418\n|move|p2a: Pecharunt|Malignant Chain|p1a: Amoonguss\n|-crit|p1a: Amoonguss\n|-damage|p1a: Amoonguss|0 fnt\n|faint|p1a: Amoonguss\n|\n|-heal|p2a: Pecharunt|262/262|[from] item: Leftovers\n|upkeep\n|\n|t:|1781450432\n|switch|p1a: Medicham|Medicham, L86, M|243/243\n|turn|39\n|\n|t:|1781450439\n|switch|p2a: Dodrio|Dodrio, L85, F|241/241\n|move|p1a: Medicham|Zen Headbutt|p2a: Dodrio\n|-damage|p2a: Dodrio|85/241\n|\n|upkeep\n|turn|40\n|\n|t:|1781450445\n|move|p1a: Medicham|Zen Headbutt|p2a: Dodrio\n|-damage|p2a: Dodrio|0 fnt\n|faint|p2a: Dodrio\n|\n|upkeep\n|\n|t:|1781450447\n|switch|p2a: Basculin|Basculin-Blue-Striped, L86, M|261/261\n|turn|41\n|\n|t:|1781450468\n|move|p1a: Medicham|Zen Headbutt|p2a: Basculin\n|-damage|p2a: Basculin|104/261\n|move|p2a: Basculin|Wave Crash|p1a: Medicham\n|-damage|p1a: Medicham|0 fnt\n|faint|p1a: Medicham\n|-damage|p2a: Basculin|24/261|[from] Recoil\n|\n|upkeep\n|\n|t:|1781450472\n|switch|p1a: Arceus|Arceus-Fighting, L70|199/235\n|turn|42\n|\n|t:|1781450487\n|move|p1a: Arceus|Dark Pulse|p2a: Basculin\n|-damage|p2a: Basculin|0 fnt\n|faint|p2a: Basculin\n|\n|upkeep\n|\n|t:|1781450490\n|switch|p2a: Espeon|Espeon, L84, M|77/246\n|turn|43\n|\n|t:|1781450507\n|-terastallize|p1a: Arceus|Poison\n|move|p2a: Espeon|Alluring Voice|p1a: Arceus\n|-resisted|p1a: Arceus\n|-damage|p1a: Arceus|141/235\n|replace|p1a: Zoroark|Zoroark, L83, F\n|-end|p1a: Zoroark|Illusion\n|-damage|p2a: Espeon|53/246|[from] item: Life Orb\n|move|p1a: Zoroark|Dark Pulse|p2a: Espeon\n|-supereffective|p2a: Espeon\n|-damage|p2a: Espeon|0 fnt\n|faint|p2a: Espeon\n|\n|upkeep\n|\n|t:|1781450509\n|switch|p2a: Pecharunt|Pecharunt, L77|262/262\n|turn|44\n|\n|t:|1781450512\n|switch|p1a: Arceus|Arceus-Fighting, L70|284/284\n|-terastallize|p2a: Pecharunt|Dark\n|move|p2a: Pecharunt|Shadow Ball|p1a: Arceus\n|-damage|p1a: Arceus|226/284\n|\n|upkeep\n|turn|45\n|\n|t:|1781450519\n|move|p1a: Arceus|Body Press|p2a: Pecharunt\n|-supereffective|p2a: Pecharunt\n|-damage|p2a: Pecharunt|154/262\n|move|p2a: Pecharunt|Malignant Chain|p1a: Arceus\n|-damage|p1a: Arceus|151/284\n|-status|p1a: Arceus|tox\n|-start|p1a: Arceus|confusion|[from] ability: Poison Puppeteer|[of] p2a: Pecharunt\n|\n|-heal|p2a: Pecharunt|170/262|[from] item: Leftovers\n|-damage|p1a: Arceus|134/284 tox|[from] psn\n|upkeep\n|turn|46\n|\n|t:|1781450524\n|-activate|p1a: Arceus|confusion\n|move|p1a: Arceus|Body Press|p2a: Pecharunt\n|-supereffective|p2a: Pecharunt\n|-damage|p2a: Pecharunt|62/262\n|move|p2a: Pecharunt|Shadow Ball|p1a: Arceus\n|-damage|p1a: Arceus|73/284 tox\n|\n|-heal|p2a: Pecharunt|78/262|[from] item: Leftovers\n|-damage|p1a: Arceus|39/284 tox|[from] psn\n|upkeep\n|turn|47\n|\n|t:|1781450527\n|-activate|p1a: Arceus|confusion\n|move|p1a: Arceus|Body Press|p2a: Pecharunt\n|-supereffective|p2a: Pecharunt\n|-damage|p2a: Pecharunt|0 fnt\n|faint|p2a: Pecharunt\n|\n|win|Bruhcloud\n", "uploadtime": 1781449991, "views": 3, "formatid": "gen9randombattle", "rating": null, "private": 0, "password": null}