{"id": "gen9randombattle-2631434256", "format": "[Gen 9] Random Battle", "players": ["JayCroc", "OGKUSHONDECK"], "log": "|j|\u2606JayCroc\n|j|\u2606OGKUSHONDECK\n|t:|1781384184\n|gametype|singles\n|player|p1|JayCroc|ivor|1984\n|player|p2|OGKUSHONDECK|biker-gen1rb|2044\n|gen|9\n|tier|[Gen 9] Random Battle\n|rated|\n|rule|Species Clause: Limit one of each Pok\u00e9mon\n|rule|HP Percentage Mod: HP is shown in percentages\n|rule|Sleep Clause Mod: Limit one foe put to sleep\n|rule|Illusion Level Mod: Illusion disguises the Pok\u00e9mon's true level\n|\n|t:|1781384184\n|teamsize|p1|6\n|teamsize|p2|6\n|start\n|switch|p1a: Decidueye|Decidueye, L88, F|281/281\n|switch|p2a: Spidops|Spidops, L96, M|271/271\n|turn|1\n|\n|t:|1781384196\n|move|p1a: Decidueye|Spirit Shackle|p2a: Spidops\n|-damage|p2a: Spidops|183/271\n|-activate|p2a: Spidops|trapped\n|move|p2a: Spidops|Sticky Web|p1a: Decidueye\n|-sidestart|p1: JayCroc|move: Sticky Web\n|\n|upkeep\n|turn|2\n|\n|t:|1781384206\n|move|p1a: Decidueye|Spirit Shackle|p2a: Spidops\n|-damage|p2a: Spidops|92/271\n|move|p2a: Spidops|Toxic Spikes|p1a: Decidueye\n|-sidestart|p1: JayCroc|move: Toxic Spikes\n|\n|upkeep\n|turn|3\n|\n|t:|1781384212\n|move|p1a: Decidueye|Defog|p2a: Spidops\n|-unboost|p2a: Spidops|evasion|1\n|-sideend|p1: JayCroc|Toxic Spikes|[from] move: Defog|[of] p1a: Decidueye\n|-sideend|p1: JayCroc|Sticky Web|[from] move: Defog|[of] p1a: Decidueye\n|move|p2a: Spidops|Spikes|p1a: Decidueye\n|-sidestart|p1: JayCroc|Spikes\n|\n|upkeep\n|turn|4\n|\n|t:|1781384217\n|move|p1a: Decidueye|Spirit Shackle|p2a: Spidops\n|-damage|p2a: Spidops|7/271\n|move|p2a: Spidops|Sticky Web|p1a: Decidueye\n|-sidestart|p1: JayCroc|move: Sticky Web\n|\n|upkeep\n|turn|5\n|\n|t:|1781384225\n|move|p1a: Decidueye|Defog|p2a: Spidops\n|-unboost|p2a: Spidops|evasion|1\n|-sideend|p1: JayCroc|Spikes|[from] move: Defog|[of] p1a: Decidueye\n|-sideend|p1: JayCroc|Sticky Web|[from] move: Defog|[of] p1a: Decidueye\n|move|p2a: Spidops|Sticky Web|p1a: Decidueye\n|-sidestart|p1: JayCroc|move: Sticky Web\n|\n|upkeep\n|turn|6\n|\n|t:|1781384230\n|move|p1a: Decidueye|Defog|p2a: Spidops\n|-unboost|p2a: Spidops|evasion|1\n|-sideend|p1: JayCroc|Sticky Web|[from] move: Defog|[of] p1a: Decidueye\n|move|p2a: Spidops|Sticky Web|p1a: Decidueye\n|-sidestart|p1: JayCroc|move: Sticky Web\n|\n|upkeep\n|turn|7\n|\n|t:|1781384235\n|move|p1a: Decidueye|Spirit Shackle|p2a: Spidops\n|-damage|p2a: Spidops|0 fnt\n|faint|p2a: Spidops\n|\n|upkeep\n|\n|t:|1781384245\n|switch|p2a: Wigglytuff|Wigglytuff, L96, F|424/424\n|turn|8\n|\n|t:|1781384248\n|move|p1a: Decidueye|Defog|p2a: Wigglytuff\n|-unboost|p2a: Wigglytuff|evasion|1\n|-ability|p2a: Wigglytuff|Competitive|boost\n|-boost|p2a: Wigglytuff|spa|2\n|-sideend|p1: JayCroc|Sticky Web|[from] move: Defog|[of] p1a: Decidueye\n|move|p2a: Wigglytuff|Thunder Wave|p1a: Decidueye\n|-status|p1a: Decidueye|par\n|\n|upkeep\n|turn|9\n|inactive|Battle timer is ON: inactive players will automatically lose when time's up. (requested by OGKUSHONDECK)\n|\n|t:|1781384257\n|switch|p1a: Alomomola|Alomomola, L87, M|429/429\n|move|p2a: Wigglytuff|Fire Blast|p1a: Alomomola\n|-resisted|p1a: Alomomola\n|-damage|p1a: Alomomola|281/429\n|\n|upkeep\n|turn|10\n|\n|t:|1781384264\n|move|p1a: Alomomola|Flip Turn|p2a: Wigglytuff\n|-damage|p2a: Wigglytuff|339/424\n|\n|t:|1781384268\n|switch|p1a: Snorlax|Snorlax, L82, M|397/397|[from] Flip Turn\n|move|p2a: Wigglytuff|Dazzling Gleam|p1a: Snorlax\n|-damage|p1a: Snorlax|222/397\n|\n|-heal|p2a: Wigglytuff|365/424|[from] item: Leftovers\n|-heal|p1a: Snorlax|246/397|[from] item: Leftovers\n|upkeep\n|turn|11\n|\n|t:|1781384276\n|move|p2a: Wigglytuff|Knock Off|p1a: Snorlax\n|-damage|p1a: Snorlax|149/397\n|-enditem|p1a: Snorlax|Leftovers|[from] move: Knock Off|[of] p2a: Wigglytuff\n|move|p1a: Snorlax|Body Slam|p2a: Wigglytuff\n|-damage|p2a: Wigglytuff|224/424\n|-status|p2a: Wigglytuff|par\n|\n|-heal|p2a: Wigglytuff|250/424 par|[from] item: Leftovers\n|upkeep\n|turn|12\n|\n|t:|1781384284\n|move|p1a: Snorlax|Body Slam|p2a: Wigglytuff\n|-damage|p2a: Wigglytuff|126/424 par\n|move|p2a: Wigglytuff|Dazzling Gleam|p1a: Snorlax\n|-damage|p1a: Snorlax|0 fnt\n|faint|p1a: Snorlax\n|\n|-heal|p2a: Wigglytuff|152/424 par|[from] item: Leftovers\n|upkeep\n|\n|t:|1781384292\n|switch|p1a: Cinccino|Cinccino, L83, F|260/260\n|turn|13\n|\n|t:|1781384296\n|move|p1a: Cinccino|Bullet Seed|p2a: Wigglytuff\n|-damage|p2a: Wigglytuff|118/424 par\n|-damage|p2a: Wigglytuff|83/424 par\n|-damage|p2a: Wigglytuff|50/424 par\n|-damage|p2a: Wigglytuff|17/424 par\n|-damage|p2a: Wigglytuff|0 fnt\n|faint|p2a: Wigglytuff\n|-hitcount|p2: Wigglytuff|5\n|\n|upkeep\n|\n|t:|1781384311\n|switch|p2a: Reuniclus|Reuniclus, L88, F|337/337\n|turn|14\n|\n|t:|1781384324\n|move|p1a: Cinccino|Tail Slap|p2a: Reuniclus\n|-damage|p2a: Reuniclus|298/337\n|-damage|p2a: Reuniclus|258/337\n|-damage|p2a: Reuniclus|218/337\n|-damage|p2a: Reuniclus|173/337\n|-damage|p2a: Reuniclus|133/337\n|-hitcount|p2a: Reuniclus|5\n|move|p2a: Reuniclus|Psyshock|p1a: Cinccino\n|-damage|p1a: Cinccino|53/260\n|\n|upkeep\n|turn|15\n|\n|t:|1781384340\n|switch|p2a: Mimikyu|Mimikyu, L79, F|216/216\n|move|p1a: Cinccino|Bullet Seed|p2a: Mimikyu\n|-activate|p2a: Mimikyu|ability: Disguise\n|-damage|p2a: Mimikyu|216/216\n|detailschange|p2a: Mimikyu|Mimikyu-Busted, L79, F\n|-damage|p2a: Mimikyu|189/216|[from] pokemon: Mimikyu-Busted\n|-damage|p2a: Mimikyu|162/216\n|-damage|p2a: Mimikyu|134/216\n|-damage|p2a: Mimikyu|103/216\n|-hitcount|p2a: Mimikyu|4\n|\n|upkeep\n|turn|16\n|\n|t:|1781384351\n|move|p1a: Cinccino|Bullet Seed|p2a: Mimikyu\n|-damage|p2a: Mimikyu|76/216\n|-damage|p2a: Mimikyu|45/216\n|-damage|p2a: Mimikyu|15/216\n|-damage|p2a: Mimikyu|0 fnt\n|faint|p2a: Mimikyu\n|-hitcount|p2: Mimikyu|4\n|\n|upkeep\n|\n|t:|1781384353\n|switch|p2a: Sceptile|Sceptile, L87, M|264/264\n|turn|17\n|\n|t:|1781384369\n|move|p2a: Sceptile|Leaf Blade|p1a: Cinccino\n|-damage|p1a: Cinccino|0 fnt\n|faint|p1a: Cinccino\n|-damage|p2a: Sceptile|238/264|[from] item: Life Orb\n|\n|upkeep\n|\n|t:|1781384379\n|switch|p1a: Salamence|Salamence, L77, M|273/273\n|-ability|p1a: Salamence|Intimidate|boost\n|-unboost|p2a: Sceptile|atk|1\n|turn|18\n|\n|t:|1781384393\n|-terastallize|p2a: Sceptile|Rock\n|-terastallize|p1a: Salamence|Dragon\n|move|p2a: Sceptile|Rock Slide|p1a: Salamence\n|-damage|p1a: Salamence|199/273\n|-damage|p2a: Sceptile|212/264|[from] item: Life Orb\n|cant|p1a: Salamence|flinch\n|\n|upkeep\n|turn|19\n|\n|t:|1781384402\n|switch|p2a: Ho-Oh|Ho-Oh, L71|268/268\n|move|p1a: Salamence|Dragon Dance|p1a: Salamence\n|-boost|p1a: Salamence|atk|1\n|-boost|p1a: Salamence|spe|1\n|\n|upkeep\n|turn|20\n|\n|t:|1781384408\n|switch|p1a: Alomomola|Alomomola, L87, M|424/429\n|move|p2a: Ho-Oh|Sacred Fire|p1a: Alomomola\n|-resisted|p1a: Alomomola\n|-damage|p1a: Alomomola|374/429\n|-status|p1a: Alomomola|brn\n|\n|-damage|p1a: Alomomola|348/429 brn|[from] brn\n|upkeep\n|turn|21\n|\n|t:|1781384417\n|switch|p2a: Reuniclus|Reuniclus, L88, F|133/337\n|move|p1a: Alomomola|Scald|p2a: Reuniclus\n|-crit|p2a: Reuniclus\n|-damage|p2a: Reuniclus|64/337\n|\n|-damage|p1a: Alomomola|322/429 brn|[from] brn\n|upkeep\n|turn|22\n|\n|t:|1781384426\n|move|p1a: Alomomola|Flip Turn|p2a: Reuniclus\n|-crit|p2a: Reuniclus\n|-damage|p2a: Reuniclus|16/337\n|\n|t:|1781384429\n|switch|p1a: Decidueye|Decidueye, L88, F|281/281 par|[from] Flip Turn\n|move|p2a: Reuniclus|Recover|p2a: Reuniclus\n|-heal|p2a: Reuniclus|185/337\n|\n|upkeep\n|turn|23\n|\n|t:|1781384440\n|switch|p2a: Ho-Oh|Ho-Oh, L71|268/268\n|move|p1a: Decidueye|Spirit Shackle|p2a: Ho-Oh\n|-damage|p2a: Ho-Oh|153/268\n|-activate|p2a: Ho-Oh|trapped\n|\n|upkeep\n|turn|24\n|\n|t:|1781384446\n|switch|p1a: Alomomola|Alomomola, L87, M|429/429 brn\n|move|p2a: Ho-Oh|Sacred Fire|p1a: Alomomola\n|-resisted|p1a: Alomomola\n|-damage|p1a: Alomomola|383/429 brn\n|\n|-damage|p1a: Alomomola|357/429 brn|[from] brn\n|upkeep\n|turn|25\n|\n|t:|1781384454\n|move|p2a: Ho-Oh|Recover|p2a: Ho-Oh\n|-heal|p2a: Ho-Oh|268/268\n|move|p1a: Alomomola|Wish|p1a: Alomomola\n|\n|-damage|p1a: Alomomola|331/429 brn|[from] brn\n|upkeep\n|turn|26\n|\n|t:|1781384464\n|move|p2a: Ho-Oh|Brave Bird|p1a: Alomomola\n|-damage|p1a: Alomomola|201/429 brn\n|-damage|p2a: Ho-Oh|225/268|[from] Recoil\n|move|p1a: Alomomola|Scald|p2a: Ho-Oh\n|-supereffective|p2a: Ho-Oh\n|-damage|p2a: Ho-Oh|157/268\n|\n|-heal|p1a: Alomomola|415/429 brn|[from] move: Wish|[wisher] Alomomola\n|-damage|p1a: Alomomola|389/429 brn|[from] brn\n|upkeep\n|turn|27\n|\n|t:|1781384474\n|switch|p2a: Reuniclus|Reuniclus, L88, F|185/337\n|move|p1a: Alomomola|Scald|p2a: Reuniclus\n|-damage|p2a: Reuniclus|137/337\n|\n|-damage|p1a: Alomomola|363/429 brn|[from] brn\n|upkeep\n|turn|28\n|\n|t:|1781384481\n|move|p1a: Alomomola|Flip Turn|p2a: Reuniclus\n|-damage|p2a: Reuniclus|106/337\n|\n|t:|1781384487\n|switch|p1a: Decidueye|Decidueye, L88, F|281/281 par|[from] Flip Turn\n|move|p2a: Reuniclus|Recover|p2a: Reuniclus\n|-heal|p2a: Reuniclus|275/337\n|\n|upkeep\n|turn|29\n|\n|t:|1781384501\n|move|p2a: Reuniclus|Psyshock|p1a: Decidueye\n|-damage|p1a: Decidueye|125/281 par\n|move|p1a: Decidueye|Spirit Shackle|p2a: Reuniclus\n|-supereffective|p2a: Reuniclus\n|-damage|p2a: Reuniclus|53/337\n|-activate|p2a: Reuniclus|trapped\n|\n|upkeep\n|turn|30\n|\n|t:|1781384508\n|move|p2a: Reuniclus|Psyshock|p1a: Decidueye\n|-damage|p1a: Decidueye|0 fnt\n|faint|p1a: Decidueye\n|\n|upkeep\n|\n|t:|1781384516\n|switch|p1a: Salamence|Salamence, L77, M, tera:Dragon|199/273\n|-ability|p1a: Salamence|Intimidate|boost\n|-unboost|p2a: Reuniclus|atk|1\n|turn|31\n|\n|t:|1781384530\n|move|p1a: Salamence|Dragon Dance|p1a: Salamence\n|-boost|p1a: Salamence|atk|1\n|-boost|p1a: Salamence|spe|1\n|move|p2a: Reuniclus|Psyshock|p1a: Salamence\n|-damage|p1a: Salamence|11/273\n|\n|upkeep\n|turn|32\n|\n|t:|1781384547\n|move|p1a: Salamence|Dual Wingbeat|p2a: Reuniclus\n|-damage|p2a: Reuniclus|0 fnt\n|faint|p2a: Reuniclus\n|-hitcount|p2: Reuniclus|1\n|\n|upkeep\n|\n|t:|1781384549\n|switch|p2a: Ho-Oh|Ho-Oh, L71|246/268\n|turn|33\n|\n|t:|1781384554\n|move|p1a: Salamence|Outrage|p2a: Ho-Oh\n|-damage|p2a: Ho-Oh|0 fnt\n|faint|p2a: Ho-Oh\n|\n|upkeep\n|\n|t:|1781384556\n|switch|p2a: Sceptile|Sceptile, L87, M, tera:Rock|212/264\n|turn|34\n|\n|t:|1781384560\n|move|p1a: Salamence|Outrage|p2a: Sceptile|[from] lockedmove\n|-damage|p2a: Sceptile|0 fnt\n|faint|p2a: Sceptile\n|\n|win|JayCroc\n", "uploadtime": 1781384186, "views": 9, "formatid": "gen9randombattle", "rating": null, "private": 0, "password": null}