{"id": "gen9randombattle-2631908838", "format": "[Gen 9] Random Battle", "players": ["ran_pokemon", "Katebushfan"], "log": "|j|\u2606ran_pokemon\n|j|\u2606Katebushfan\n|t:|1781454503\n|gametype|singles\n|player|p1|ran_pokemon|caitlin|1162\n|player|p2|Katebushfan|infielder|1180\n|gen|9\n|tier|[Gen 9] Random Battle\n|rated|\n|rule|Species Clause: Limit one of each Pok\u00e9mon\n|rule|HP Percentage Mod: HP is shown in percentages\n|rule|Sleep Clause Mod: Limit one foe put to sleep\n|rule|Illusion Level Mod: Illusion disguises the Pok\u00e9mon's true level\n|\n|t:|1781454503\n|teamsize|p1|6\n|teamsize|p2|6\n|start\n|switch|p1a: Sylveon|Sylveon, L85, F|300/300\n|switch|p2a: Giratina|Giratina-Origin, L72|335/335\n|turn|1\n|inactive|Battle timer is ON: inactive players will automatically lose when time's up. (requested by Katebushfan)\n|\n|t:|1781454521\n|switch|p2a: Granbull|Granbull, L88, F|302/302\n|-ability|p2a: Granbull|Intimidate|boost\n|-unboost|p1a: Sylveon|atk|1\n|move|p1a: Sylveon|Hyper Voice|p2a: Granbull\n|-damage|p2a: Granbull|151/302\n|\n|-heal|p2a: Granbull|169/302|[from] item: Leftovers\n|upkeep\n|turn|2\n|inactive|ran_pokemon has 120 seconds left.\n|\n|t:|1781454556\n|move|p1a: Sylveon|Calm Mind|p1a: Sylveon\n|-boost|p1a: Sylveon|spa|1\n|-boost|p1a: Sylveon|spd|1\n|move|p2a: Granbull|Earthquake|p1a: Sylveon\n|-damage|p1a: Sylveon|190/300\n|\n|-heal|p1a: Sylveon|208/300|[from] item: Leftovers\n|-heal|p2a: Granbull|187/302|[from] item: Leftovers\n|upkeep\n|turn|3\n|inactive|ran_pokemon has 120 seconds left.\n|\n|t:|1781454566\n|move|p1a: Sylveon|Hyper Voice|p2a: Granbull\n|-damage|p2a: Granbull|0 fnt\n|faint|p2a: Granbull\n|\n|-heal|p1a: Sylveon|226/300|[from] item: Leftovers\n|upkeep\n|\n|t:|1781454571\n|switch|p2a: Okidogi|Okidogi, L77, M|262/262\n|turn|4\n|inactive|ran_pokemon has 120 seconds left.\n|\n|t:|1781454597\n|-terastallize|p1a: Sylveon|Steel\n|move|p2a: Okidogi|Gunk Shot|p1a: Sylveon\n|-immune|p1a: Sylveon\n|move|p1a: Sylveon|Hyper Voice|p2a: Okidogi\n|-damage|p2a: Okidogi|108/262\n|\n|-heal|p1a: Sylveon|244/300|[from] item: Leftovers\n|upkeep\n|turn|5\n|\n|t:|1781454619\n|switch|p1a: Dugtrio|Dugtrio, L84, F|196/196\n|move|p2a: Okidogi|Drain Punch|p1a: Dugtrio\n|-damage|p1a: Dugtrio|66/196\n|-heal|p2a: Okidogi|173/262|[from] drain|[of] p1a: Dugtrio\n|\n|upkeep\n|turn|6\n|\n|t:|1781454632\n|move|p1a: Dugtrio|Sucker Punch|p2a: Okidogi\n|-resisted|p2a: Okidogi\n|-damage|p2a: Okidogi|140/262\n|move|p2a: Okidogi|Drain Punch|p1a: Dugtrio\n|-damage|p1a: Dugtrio|0 fnt\n|-heal|p2a: Okidogi|173/262|[from] drain|[of] p1a: Dugtrio\n|faint|p1a: Dugtrio\n|\n|upkeep\n|inactive|ran_pokemon has 90 seconds left.\n|\n|t:|1781454655\n|switch|p1a: Annihilape|Annihilape, L76, F|292/292\n|turn|7\n|inactive|ran_pokemon has 90 seconds left.\n|\n|t:|1781454662\n|move|p1a: Annihilape|Bulk Up|p1a: Annihilape\n|-boost|p1a: Annihilape|atk|1\n|-boost|p1a: Annihilape|def|1\n|move|p2a: Okidogi|Psychic Fangs|p1a: Annihilape\n|-supereffective|p1a: Annihilape\n|-damage|p1a: Annihilape|196/292\n|-status|p1a: Annihilape|tox|[from] ability: Toxic Chain|[of] p2a: Okidogi\n|\n|-damage|p1a: Annihilape|178/292 tox|[from] psn\n|upkeep\n|turn|8\n|inactive|ran_pokemon has 90 seconds left.\n|\n|t:|1781454672\n|move|p1a: Annihilape|Rage Fist|p2a: Okidogi\n|-damage|p2a: Okidogi|41/262\n|move|p2a: Okidogi|Knock Off|p1a: Annihilape\n|-damage|p1a: Annihilape|116/292 tox\n|-enditem|p1a: Annihilape|Chesto Berry|[from] move: Knock Off|[of] p2a: Okidogi\n|\n|-damage|p1a: Annihilape|80/292 tox|[from] psn\n|upkeep\n|turn|9\n|\n|t:|1781454684\n|move|p1a: Annihilape|Rage Fist|p2a: Okidogi\n|-damage|p2a: Okidogi|0 fnt\n|faint|p2a: Okidogi\n|\n|-damage|p1a: Annihilape|26/292 tox|[from] psn\n|upkeep\n|\n|t:|1781454691\n|switch|p2a: Giratina|Giratina-Origin, L72|335/335\n|turn|10\n|\n|t:|1781454696\n|move|p2a: Giratina|Shadow Sneak|p1a: Annihilape\n|-supereffective|p1a: Annihilape\n|-damage|p1a: Annihilape|0 fnt\n|faint|p1a: Annihilape\n|\n|upkeep\n|\n|t:|1781454707\n|switch|p1a: Tinkaton|Tinkaton, L82, F|274/274\n|-ability|p1a: Tinkaton|Mold Breaker\n|turn|11\n|\n|t:|1781454724\n|move|p1a: Tinkaton|Play Rough|p2a: Giratina\n|-supereffective|p2a: Giratina\n|-crit|p2a: Giratina\n|-damage|p2a: Giratina|101/335\n|-unboost|p2a: Giratina|atk|1\n|move|p2a: Giratina|Poltergeist|p1a: Tinkaton\n|-activate|p1a: Tinkaton|move: Poltergeist|Leftovers\n|-damage|p1a: Tinkaton|184/274\n|\n|-heal|p1a: Tinkaton|201/274|[from] item: Leftovers\n|upkeep\n|turn|12\n|\n|t:|1781454737\n|move|p2a: Giratina|Shadow Sneak|p1a: Tinkaton\n|-damage|p1a: Tinkaton|167/274\n|move|p1a: Tinkaton|Play Rough|p2a: Giratina\n|-supereffective|p2a: Giratina\n|-damage|p2a: Giratina|0 fnt\n|faint|p2a: Giratina\n|\n|-heal|p1a: Tinkaton|184/274|[from] item: Leftovers\n|upkeep\n|\n|t:|1781454745\n|switch|p2a: Ludicolo|Ludicolo, L90, M|290/290\n|turn|13\n|inactive|ran_pokemon has 90 seconds left.\n|\n|t:|1781454779\n|move|p1a: Tinkaton|Knock Off|p2a: Ludicolo\n|-damage|p2a: Ludicolo|229/290\n|-enditem|p2a: Ludicolo|Life Orb|[from] move: Knock Off|[of] p1a: Tinkaton\n|move|p2a: Ludicolo|Rain Dance|p2a: Ludicolo\n|-weather|RainDance\n|\n|-weather|RainDance|[upkeep]\n|-heal|p1a: Tinkaton|201/274|[from] item: Leftovers\n|upkeep\n|turn|14\n|inactive|ran_pokemon has 90 seconds left.\n|\n|t:|1781454789\n|move|p2a: Ludicolo|Hydro Pump|p1a: Tinkaton\n|-damage|p1a: Tinkaton|35/274\n|move|p1a: Tinkaton|Play Rough|p2a: Ludicolo\n|-damage|p2a: Ludicolo|141/290\n|-unboost|p2a: Ludicolo|atk|1\n|\n|-weather|RainDance|[upkeep]\n|-heal|p1a: Tinkaton|52/274|[from] item: Leftovers\n|upkeep\n|turn|15\n|inactive|ran_pokemon has 90 seconds left.\n|\n|t:|1781454820\n|switch|p1a: Flapple|Flapple, L88, F|266/266\n|move|p2a: Ludicolo|Hydro Pump|p1a: Flapple\n|-resisted|p1a: Flapple\n|-damage|p1a: Flapple|202/266\n|\n|-weather|RainDance|[upkeep]\n|upkeep\n|turn|16\n|\n|t:|1781454830\n|move|p1a: Flapple|Sucker Punch|p2a: Ludicolo\n|-damage|p2a: Ludicolo|34/290\n|move|p2a: Ludicolo|Ice Beam|p1a: Flapple\n|-supereffective|p1a: Flapple\n|-damage|p1a: Flapple|0 fnt\n|faint|p1a: Flapple\n|\n|-weather|RainDance|[upkeep]\n|upkeep\n|inactive|ran_pokemon has 60 seconds left.\n|\n|t:|1781454848\n|switch|p1a: Sylveon|Sylveon, L85, F, tera:Steel|244/300\n|turn|17\n|inactive|ran_pokemon has 60 seconds left.\n|\n|t:|1781454854\n|move|p2a: Ludicolo|Hydro Pump|p1a: Sylveon\n|-damage|p1a: Sylveon|117/300\n|move|p1a: Sylveon|Hyper Voice|p2a: Ludicolo\n|-crit|p2a: Ludicolo\n|-damage|p2a: Ludicolo|0 fnt\n|faint|p2a: Ludicolo\n|\n|-weather|none\n|-heal|p1a: Sylveon|135/300|[from] item: Leftovers\n|upkeep\n|\n|t:|1781454860\n|switch|p2a: Hariyama|Hariyama, L87, F|392/392\n|turn|18\n|\n|t:|1781454868\n|-terastallize|p2a: Hariyama|Steel\n|move|p1a: Sylveon|Hyper Voice|p2a: Hariyama\n|-resisted|p2a: Hariyama\n|-damage|p2a: Hariyama|335/392\n|move|p2a: Hariyama|Close Combat|p1a: Sylveon\n|-supereffective|p1a: Sylveon\n|-damage|p1a: Sylveon|0 fnt\n|-unboost|p2a: Hariyama|def|1\n|-unboost|p2a: Hariyama|spd|1\n|faint|p1a: Sylveon\n|\n|upkeep\n|inactive|ran_pokemon has 60 seconds left.\n|\n|t:|1781454884\n|switch|p1a: Gumshoos|Gumshoos, L95, F|321/321\n|turn|19\n|\n|t:|1781454889\n|switch|p2a: Ting-Lu|Ting-Lu, L78|370/370\n|-ability|p2a: Ting-Lu|Vessel of Ruin\n|move|p1a: Gumshoos|Earthquake|p2a: Ting-Lu\n|-damage|p2a: Ting-Lu|116/370\n|\n|-heal|p2a: Ting-Lu|139/370|[from] item: Leftovers\n|upkeep\n|turn|20\n|\n|t:|1781454900\n|move|p1a: Gumshoos|Earthquake|p2a: Ting-Lu\n|-damage|p2a: Ting-Lu|6/370\n|move|p2a: Ting-Lu|Earthquake|p1a: Gumshoos\n|-damage|p1a: Gumshoos|210/321\n|\n|-heal|p2a: Ting-Lu|29/370|[from] item: Leftovers\n|upkeep\n|turn|21\n|\n|t:|1781454907\n|move|p1a: Gumshoos|Earthquake|p2a: Ting-Lu\n|-damage|p2a: Ting-Lu|0 fnt\n|faint|p2a: Ting-Lu\n|\n|upkeep\n|\n|t:|1781454909\n|switch|p2a: Hariyama|Hariyama, L87, F, tera:Steel|335/392\n|turn|22\n|\n|t:|1781454918\n|move|p1a: Gumshoos|Earthquake|p2a: Hariyama\n|-supereffective|p2a: Hariyama\n|-damage|p2a: Hariyama|0 fnt\n|faint|p2a: Hariyama\n|\n|win|ran_pokemon\n|raw|ran_pokemon's rating: 1162 &rarr; <strong>1188</strong><br />(+26 for winning)\n|raw|Katebushfan's rating: 1180 &rarr; <strong>1154</strong><br />(-26 for losing)\n|l|\u2606Katebushfan\n|player|p2|\n", "uploadtime": 1781454924, "views": 6, "formatid": "gen9randombattle", "rating": 1154, "private": 0, "password": null}