{"id": "gen9randombattle-2631789888", "format": "[Gen 9] Random Battle", "players": ["quagapult", "Schibi"], "log": "|j|\u2606quagapult\n|j|\u2606Schibi\n|t:|1781440004\n|gametype|singles\n|player|p1|quagapult|101|1932\n|player|p2|Schibi|265|1974\n|gen|9\n|tier|[Gen 9] Random Battle\n|rated|\n|rule|Species Clause: Limit one of each Pok\u00e9mon\n|rule|HP Percentage Mod: HP is shown in percentages\n|rule|Sleep Clause Mod: Limit one foe put to sleep\n|rule|Illusion Level Mod: Illusion disguises the Pok\u00e9mon's true level\n|\n|t:|1781440004\n|teamsize|p1|6\n|teamsize|p2|6\n|start\n|switch|p1a: Sandaconda|Sandaconda, L84, M|258/258\n|switch|p2a: Scyther|Scyther, L82, F|249/249\n|turn|1\n|inactive|Battle timer is ON: inactive players will automatically lose when time's up. (requested by quagapult)\n|\n|t:|1781440019\n|switch|p2a: Lumineon|Lumineon, L93, M|279/279\n|move|p1a: Sandaconda|Rock Blast|p2a: Lumineon\n|-damage|p2a: Lumineon|258/279\n|-damage|p2a: Lumineon|239/279\n|-damage|p2a: Lumineon|219/279\n|-damage|p2a: Lumineon|198/279\n|-damage|p2a: Lumineon|180/279\n|-hitcount|p2a: Lumineon|5\n|\n|upkeep\n|turn|2\n|j| keroconext1\n|\n|t:|1781440032\n|switch|p1a: Toxapex|Toxapex, L82, M|216/216\n|move|p2a: Lumineon|Hydro Pump|p1a: Toxapex\n|-resisted|p1a: Toxapex\n|-damage|p1a: Toxapex|169/216\n|-damage|p2a: Lumineon|153/279|[from] item: Life Orb\n|\n|upkeep\n|turn|3\n|\n|t:|1781440045\n|switch|p2a: Gurdurr|Gurdurr, L85, F|283/283\n|move|p1a: Toxapex|Toxic|p2a: Gurdurr\n|-status|p2a: Gurdurr|tox\n|\n|-damage|p2a: Gurdurr|266/283 tox|[from] psn\n|upkeep\n|turn|4\n|inactive|quagapult has 120 seconds left.\n|\n|t:|1781440090\n|move|p2a: Gurdurr|Knock Off|p1a: Toxapex\n|-damage|p1a: Toxapex|98/216\n|-damage|p2a: Gurdurr|219/283 tox|[from] item: Rocky Helmet|[of] p1a: Toxapex\n|-enditem|p1a: Toxapex|Rocky Helmet|[from] move: Knock Off|[of] p2a: Gurdurr\n|move|p1a: Toxapex|Liquidation|p2a: Gurdurr\n|-damage|p2a: Gurdurr|174/283 tox\n|\n|-damage|p2a: Gurdurr|140/283 tox|[from] psn\n|upkeep\n|turn|5\n|\n|t:|1781440107\n|switch|p2a: Banette|Banette, L93, F|270/270\n|move|p1a: Toxapex|Recover|p1a: Toxapex\n|-heal|p1a: Toxapex|206/216\n|\n|upkeep\n|turn|6\n|\n|t:|1781440118\n|switch|p1a: Indeedee|Indeedee-F, L90, F|272/272\n|-fieldstart|move: Psychic Terrain|[from] ability: Psychic Surge|[of] p1a: Indeedee\n|move|p2a: Banette|Swords Dance|p2a: Banette\n|-boost|p2a: Banette|atk|2\n|\n|upkeep\n|turn|7\n|\n|t:|1781440138\n|move|p1a: Indeedee|Shadow Ball|p2a: Banette\n|-supereffective|p2a: Banette\n|-damage|p2a: Banette|80/270\n|-start|p1a: Indeedee|Disable|Shadow Ball|[from] ability: Cursed Body|[of] p2a: Banette\n|-damage|p1a: Indeedee|245/272|[from] item: Life Orb\n|move|p2a: Banette|Gunk Shot|p1a: Indeedee\n|-damage|p1a: Indeedee|0 fnt\n|faint|p1a: Indeedee\n|-damage|p2a: Banette|53/270|[from] item: Life Orb\n|\n|upkeep\n|inactive|quagapult has 90 seconds left.\n|\n|t:|1781440169\n|switch|p1a: Weavile|Weavile, L79, F|239/239\n|turn|8\n|\n|t:|1781440173\n|move|p1a: Weavile|Knock Off|p2a: Banette\n|-supereffective|p2a: Banette\n|-crit|p2a: Banette\n|-damage|p2a: Banette|0 fnt\n|-enditem|p2a: Banette|Life Orb|[from] move: Knock Off|[of] p1a: Weavile\n|faint|p2a: Banette\n|\n|upkeep\n|\n|t:|1781440180\n|switch|p2a: Gurdurr|Gurdurr, L85, F|140/283 tox\n|turn|9\n|\n|t:|1781440185\n|switch|p1a: Toxapex|Toxapex, L82, M|216/216\n|move|p2a: Gurdurr|Drain Punch|p1a: Toxapex\n|-resisted|p1a: Toxapex\n|-damage|p1a: Toxapex|173/216\n|-heal|p2a: Gurdurr|162/283 tox|[from] drain|[of] p1a: Toxapex\n|\n|-damage|p2a: Gurdurr|145/283 tox|[from] psn\n|upkeep\n|turn|10\n|\n|t:|1781440195\n|move|p2a: Gurdurr|Drain Punch|p1a: Toxapex\n|-resisted|p1a: Toxapex\n|-damage|p1a: Toxapex|126/216\n|-heal|p2a: Gurdurr|169/283 tox|[from] drain|[of] p1a: Toxapex\n|move|p1a: Toxapex|Toxic|p2a: Gurdurr\n|-fail|p2a: Gurdurr|tox\n|\n|-damage|p2a: Gurdurr|135/283 tox|[from] psn\n|-fieldend|move: Psychic Terrain\n|upkeep\n|turn|11\n|\n|t:|1781440204\n|switch|p2a: Lumineon|Lumineon, L93, M|153/279\n|move|p1a: Toxapex|Recover|p1a: Toxapex\n|-heal|p1a: Toxapex|216/216\n|\n|upkeep\n|turn|12\n|\n|t:|1781440210\n|move|p2a: Lumineon|Encore|p1a: Toxapex\n|-start|p1a: Toxapex|Encore\n|move|p1a: Toxapex|Recover||[still]\n|-fail|p1a: Toxapex|heal\n|\n|upkeep\n|turn|13\n|inactive|quagapult has 120 seconds left.\n|\n|t:|1781440215\n|switch|p1a: Exeggutor|Exeggutor, L89, F|312/312\n|move|p2a: Lumineon|Hydro Pump|p1a: Exeggutor\n|-resisted|p1a: Exeggutor\n|-damage|p1a: Exeggutor|234/312\n|-damage|p2a: Lumineon|126/279|[from] item: Life Orb\n|\n|upkeep\n|turn|14\n|\n|t:|1781440224\n|switch|p1a: Toxapex|Toxapex, L82, M|216/216\n|move|p2a: Lumineon|Ice Beam|p1a: Toxapex\n|-resisted|p1a: Toxapex\n|-damage|p1a: Toxapex|189/216\n|-damage|p2a: Lumineon|99/279|[from] item: Life Orb\n|\n|upkeep\n|turn|15\n|\n|t:|1781440232\n|move|p2a: Lumineon|Hydro Pump|p1a: Toxapex\n|-resisted|p1a: Toxapex\n|-damage|p1a: Toxapex|142/216\n|-damage|p2a: Lumineon|72/279|[from] item: Life Orb\n|move|p1a: Toxapex|Toxic|p2a: Lumineon\n|-status|p2a: Lumineon|tox\n|\n|-damage|p2a: Lumineon|55/279 tox|[from] psn\n|upkeep\n|turn|16\n|\n|t:|1781440240\n|move|p2a: Lumineon|Encore|p1a: Toxapex\n|-start|p1a: Toxapex|Encore\n|move|p1a: Toxapex|Toxic|p2a: Lumineon\n|-fail|p2a: Lumineon|tox\n|\n|-damage|p2a: Lumineon|21/279 tox|[from] psn\n|upkeep\n|turn|17\n|\n|t:|1781440247\n|move|p2a: Lumineon|Hydro Pump|p1a: Toxapex\n|-resisted|p1a: Toxapex\n|-damage|p1a: Toxapex|90/216\n|-damage|p2a: Lumineon|0 fnt|[from] item: Life Orb\n|faint|p2a: Lumineon\n|move|p1a: Toxapex|Toxic|p2: Lumineon|[notarget]\n|-fail|p1a: Toxapex\n|\n|upkeep\n|\n|t:|1781440254\n|switch|p2a: Scyther|Scyther, L82, F|249/249\n|turn|18\n|\n|t:|1781440261\n|move|p2a: Scyther|Dual Wingbeat|p1a: Toxapex|[miss]\n|-miss|p2a: Scyther|p1a: Toxapex\n|move|p1a: Toxapex|Toxic|p2a: Scyther\n|-status|p2a: Scyther|tox\n|\n|-damage|p2a: Scyther|234/249 tox|[from] psn\n|-end|p1a: Toxapex|Encore\n|upkeep\n|turn|19\n|\n|t:|1781440266\n|switch|p1a: Sandaconda|Sandaconda, L84, M|258/258\n|move|p2a: Scyther|Dual Wingbeat|p1a: Sandaconda\n|-damage|p1a: Sandaconda|206/258\n|-damage|p1a: Sandaconda|158/258\n|-hitcount|p1a: Sandaconda|2\n|\n|-damage|p2a: Scyther|204/249 tox|[from] psn\n|upkeep\n|turn|20\n|\n|t:|1781440274\n|switch|p2a: Gurdurr|Gurdurr, L85, F|135/283 tox\n|move|p1a: Sandaconda|Rock Blast|p2a: Gurdurr\n|-resisted|p2a: Gurdurr\n|-damage|p2a: Gurdurr|128/283 tox\n|-resisted|p2a: Gurdurr\n|-damage|p2a: Gurdurr|121/283 tox\n|-resisted|p2a: Gurdurr\n|-damage|p2a: Gurdurr|115/283 tox\n|-resisted|p2a: Gurdurr\n|-damage|p2a: Gurdurr|108/283 tox\n|-resisted|p2a: Gurdurr\n|-damage|p2a: Gurdurr|101/283 tox\n|-hitcount|p2a: Gurdurr|5\n|\n|-damage|p2a: Gurdurr|84/283 tox|[from] psn\n|upkeep\n|turn|21\n|\n|t:|1781440294\n|switch|p2a: Rhyperior|Rhyperior, L82, M|323/323\n|move|p1a: Sandaconda|Coil|p1a: Sandaconda\n|-boost|p1a: Sandaconda|atk|1\n|-boost|p1a: Sandaconda|def|1\n|-boost|p1a: Sandaconda|accuracy|1\n|\n|upkeep\n|turn|22\n|\n|t:|1781440303\n|move|p1a: Sandaconda|Coil|p1a: Sandaconda\n|-boost|p1a: Sandaconda|atk|1\n|-boost|p1a: Sandaconda|def|1\n|-boost|p1a: Sandaconda|accuracy|1\n|move|p2a: Rhyperior|Earthquake|p1a: Sandaconda\n|-damage|p1a: Sandaconda|106/258\n|\n|upkeep\n|turn|23\n|-message|Schibi forfeited.\n|\n|win|quagapult\n", "uploadtime": 1781440007, "views": 8, "formatid": "gen9randombattle", "rating": null, "private": 0, "password": null}