{"id": "gen9randombattle-2631389875", "format": "[Gen 9] Random Battle", "players": ["valhala77", "Bunsendamew"], "log": "|j|\u2606valhala77\n|j|\u2606Bunsendamew\n|t:|1781378933\n|gametype|singles\n|player|p1|valhala77|169|1046\n|player|p2|Bunsendamew|1|1000\n|gen|9\n|tier|[Gen 9] Random Battle\n|rated|\n|rule|Species Clause: Limit one of each Pok\u00e9mon\n|rule|HP Percentage Mod: HP is shown in percentages\n|rule|Sleep Clause Mod: Limit one foe put to sleep\n|rule|Illusion Level Mod: Illusion disguises the Pok\u00e9mon's true level\n|\n|t:|1781378933\n|teamsize|p1|6\n|teamsize|p2|6\n|start\n|switch|p1a: Polteageist|Polteageist-Antique, L78|222/222\n|switch|p2a: Mew|Mew, L82|298/298\n|turn|1\n|inactive|Battle timer is ON: inactive players will automatically lose when time's up. (requested by valhala77)\n|\n|t:|1781378960\n|switch|p2a: Gumshoos|Gumshoos, L95, F|321/321\n|move|p1a: Polteageist|Shadow Ball|p2a: Gumshoos\n|-immune|p2a: Gumshoos\n|\n|upkeep\n|turn|2\n|\n|t:|1781378971\n|move|p1a: Polteageist|Tera Blast|p2a: Gumshoos\n|-damage|p2a: Gumshoos|247/321\n|move|p2a: Gumshoos|Knock Off|p1a: Polteageist\n|-supereffective|p1a: Polteageist\n|-damage|p1a: Polteageist|0 fnt\n|-start|p2a: Gumshoos|Disable|Knock Off|[from] ability: Cursed Body|[of] p1a: Polteageist\n|-enditem|p1a: Polteageist|White Herb|[from] move: Knock Off|[of] p2a: Gumshoos\n|faint|p1a: Polteageist\n|\n|upkeep\n|\n|t:|1781378971\n|switch|p1a: Mightyena|Mightyena, L96, M|290/290\n|-ability|p1a: Mightyena|Intimidate|boost\n|-unboost|p2a: Gumshoos|atk|1\n|turn|3\n|\n|t:|1781378995\n|switch|p2a: Hawlucha|Hawlucha, L80, M|256/256\n|move|p1a: Mightyena|Throat Chop|p2a: Hawlucha\n|-resisted|p2a: Hawlucha\n|-damage|p2a: Hawlucha|191/256\n|-start|p2a: Hawlucha|Throat Chop|[silent]\n|\n|upkeep\n|turn|4\n|\n|t:|1781379003\n|-terastallize|p1a: Mightyena|Fairy\n|move|p2a: Hawlucha|Swords Dance|p2a: Hawlucha\n|-boost|p2a: Hawlucha|atk|2\n|move|p1a: Mightyena|Play Rough|p2a: Hawlucha\n|-supereffective|p2a: Hawlucha\n|-damage|p2a: Hawlucha|0 fnt\n|faint|p2a: Hawlucha\n|\n|upkeep\n|inactive|Bunsendamew has 120 seconds left.\n|\n|t:|1781379046\n|switch|p2a: Dugtrio|Dugtrio, L84, F|196/196\n|turn|5\n|\n|t:|1781379055\n|move|p1a: Mightyena|Sucker Punch||[still]\n|-fail|p1a: Mightyena\n|move|p2a: Dugtrio|Swords Dance|p2a: Dugtrio\n|-boost|p2a: Dugtrio|atk|2\n|\n|upkeep\n|turn|6\n|\n|t:|1781379064\n|move|p1a: Mightyena|Sucker Punch|p2a: Dugtrio\n|-damage|p2a: Dugtrio|58/196\n|move|p2a: Dugtrio|Stone Edge|p1a: Mightyena\n|-damage|p1a: Mightyena|112/290\n|-damage|p2a: Dugtrio|39/196|[from] item: Life Orb\n|\n|-heal|p1a: Mightyena|130/290|[from] item: Leftovers\n|upkeep\n|turn|7\n|\n|t:|1781379083\n|move|p1a: Mightyena|Sucker Punch|p2a: Dugtrio\n|-damage|p2a: Dugtrio|0 fnt\n|faint|p2a: Dugtrio\n|\n|-heal|p1a: Mightyena|148/290|[from] item: Leftovers\n|upkeep\n|\n|t:|1781379089\n|switch|p2a: Mew|Mew, L82|298/298\n|turn|8\n|\n|t:|1781379098\n|move|p2a: Mew|Psychic Fangs|p1a: Mightyena\n|-crit|p1a: Mightyena\n|-damage|p1a: Mightyena|0 fnt\n|faint|p1a: Mightyena\n|-damage|p2a: Mew|269/298|[from] item: Life Orb\n|\n|upkeep\n|\n|t:|1781379098\n|switch|p1a: Latios|Latios, L78, M|253/253\n|turn|9\n|inactive|Bunsendamew has 120 seconds left.\n|\n|t:|1781379112\n|move|p1a: Latios|Draco Meteor|p2a: Mew\n|-damage|p2a: Mew|103/298\n|-unboost|p1a: Latios|spa|2\n|move|p2a: Mew|Swords Dance|p2a: Mew\n|-boost|p2a: Mew|atk|2\n|\n|upkeep\n|turn|10\n|inactive|Bunsendamew has 120 seconds left.\n|\n|t:|1781379123\n|move|p1a: Latios|Draco Meteor|p2a: Mew\n|-damage|p2a: Mew|24/298\n|-unboost|p1a: Latios|spa|2\n|move|p2a: Mew|Leech Life|p1a: Latios\n|-supereffective|p1a: Latios\n|-damage|p1a: Latios|0 fnt\n|-heal|p2a: Mew|151/298|[from] drain|[of] p1a: Latios\n|faint|p1a: Latios\n|-damage|p2a: Mew|122/298|[from] item: Life Orb\n|\n|upkeep\n|\n|t:|1781379123\n|switch|p1a: Dragonite|Dragonite, L74, F|257/257\n|turn|11\n|inactive|Bunsendamew has 120 seconds left.\n|\n|t:|1781379157\n|move|p2a: Mew|Psychic Fangs|p1a: Dragonite\n|-damage|p1a: Dragonite|135/257\n|-damage|p2a: Mew|93/298|[from] item: Life Orb\n|move|p1a: Dragonite|Earthquake|p2a: Mew\n|-damage|p2a: Mew|31/298\n|\n|upkeep\n|turn|12\n|\n|t:|1781379170\n|move|p2a: Mew|Leech Life|p1a: Dragonite\n|-resisted|p1a: Dragonite\n|-damage|p1a: Dragonite|66/257\n|-heal|p2a: Mew|66/298|[from] drain|[of] p1a: Dragonite\n|-damage|p2a: Mew|37/298|[from] item: Life Orb\n|move|p1a: Dragonite|Iron Head|p2a: Mew\n|-damage|p2a: Mew|0 fnt\n|faint|p2a: Mew\n|\n|upkeep\n|\n|t:|1781379184\n|switch|p2a: Gumshoos|Gumshoos, L95, F|247/321\n|turn|13\n|\n|t:|1781379190\n|move|p1a: Dragonite|Iron Head|p2a: Gumshoos\n|-damage|p2a: Gumshoos|175/321\n|move|p2a: Gumshoos|Knock Off|p1a: Dragonite\n|-damage|p1a: Dragonite|0 fnt\n|-enditem|p1a: Dragonite|Heavy-Duty Boots|[from] move: Knock Off|[of] p2a: Gumshoos\n|faint|p1a: Dragonite\n|\n|upkeep\n|\n|t:|1781379190\n|switch|p1a: Swalot|Swalot, L90, M|326/326\n|turn|14\n|\n|t:|1781379213\n|-terastallize|p2a: Gumshoos|Ground\n|move|p1a: Swalot|Sludge Bomb|p2a: Gumshoos\n|-resisted|p2a: Gumshoos\n|-damage|p2a: Gumshoos|121/321\n|move|p2a: Gumshoos|Knock Off|p1a: Swalot\n|-damage|p1a: Swalot|189/326\n|-enditem|p1a: Swalot|Leftovers|[from] move: Knock Off|[of] p2a: Gumshoos\n|\n|upkeep\n|turn|15\n|\n|t:|1781379223\n|move|p1a: Swalot|Ice Beam|p2a: Gumshoos\n|-supereffective|p2a: Gumshoos\n|-damage|p2a: Gumshoos|0 fnt\n|faint|p2a: Gumshoos\n|\n|upkeep\n|\n|t:|1781379231\n|switch|p2a: Houndstone|Houndstone, L86, F|264/264\n|turn|16\n|\n|t:|1781379239\n|move|p2a: Houndstone|Shadow Sneak|p1a: Swalot\n|-damage|p1a: Swalot|143/326\n|move|p1a: Swalot|Knock Off|p2a: Houndstone\n|-supereffective|p2a: Houndstone\n|-damage|p2a: Houndstone|204/264\n|-enditem|p2a: Houndstone|Assault Vest|[from] move: Knock Off|[of] p1a: Swalot\n|\n|upkeep\n|turn|17\n|\n|t:|1781379254\n|move|p2a: Houndstone|Poltergeist||[still]\n|-fail|p2a: Houndstone\n|move|p1a: Swalot|Knock Off|p2a: Houndstone\n|-supereffective|p2a: Houndstone\n|-crit|p2a: Houndstone\n|-damage|p2a: Houndstone|147/264\n|\n|upkeep\n|turn|18\n|\n|t:|1781379263\n|move|p2a: Houndstone|Play Rough|p1a: Swalot\n|-resisted|p1a: Swalot\n|-damage|p1a: Swalot|108/326\n|move|p1a: Swalot|Knock Off|p2a: Houndstone\n|-supereffective|p2a: Houndstone\n|-damage|p2a: Houndstone|107/264\n|\n|upkeep\n|turn|19\n|\n|t:|1781379271\n|move|p2a: Houndstone|Body Press|p1a: Swalot\n|-resisted|p1a: Swalot\n|-damage|p1a: Swalot|81/326\n|move|p1a: Swalot|Knock Off|p2a: Houndstone\n|-supereffective|p2a: Houndstone\n|-damage|p2a: Houndstone|71/264\n|\n|upkeep\n|turn|20\n|inactive|Bunsendamew has 120 seconds left.\n|\n|t:|1781379287\n|move|p2a: Houndstone|Body Press|p1a: Swalot\n|-resisted|p1a: Swalot\n|-damage|p1a: Swalot|53/326\n|move|p1a: Swalot|Knock Off|p2a: Houndstone\n|-supereffective|p2a: Houndstone\n|-damage|p2a: Houndstone|29/264\n|\n|upkeep\n|turn|21\n|\n|t:|1781379294\n|move|p2a: Houndstone|Body Press|p1a: Swalot\n|-resisted|p1a: Swalot\n|-damage|p1a: Swalot|26/326\n|move|p1a: Swalot|Knock Off|p2a: Houndstone\n|-supereffective|p2a: Houndstone\n|-damage|p2a: Houndstone|0 fnt\n|faint|p2a: Houndstone\n|\n|upkeep\n|\n|t:|1781379302\n|switch|p2a: Electrode|Electrode-Hisui, L87|246/246\n|turn|22\n|inactive|Bunsendamew has 120 seconds left.\n|\n|t:|1781379310\n|move|p2a: Electrode|Thunder Wave|p1a: Swalot\n|-status|p1a: Swalot|par\n|move|p1a: Swalot|Sludge Bomb|p2a: Electrode\n|-supereffective|p2a: Electrode\n|-damage|p2a: Electrode|70/246\n|\n|upkeep\n|turn|23\n|inactive|Bunsendamew has 120 seconds left.\n|\n|t:|1781379321\n|move|p2a: Electrode|Thunderbolt|p1a: Swalot\n|-damage|p1a: Swalot|0 fnt\n|faint|p1a: Swalot\n|-damage|p2a: Electrode|46/246|[from] item: Life Orb\n|\n|upkeep\n|\n|t:|1781379321\n|switch|p1a: Regieleki|Regieleki, L79|256/256\n|turn|24\n|\n|t:|1781379330\n|move|p1a: Regieleki|Explosion|p2a: Electrode\n|-damage|p2a: Electrode|0 fnt\n|faint|p1a: Regieleki\n|faint|p2a: Electrode\n|\n|win|Bunsendamew\n|raw|valhala77's rating: 1046 &rarr; <strong>1027</strong><br />(-19 for losing)\n|raw|Bunsendamew's rating: 1000 &rarr; <strong>1045</strong><br />(+45 for winning)\n|l|\u2606valhala77\n|player|p1|\n", "uploadtime": 1781379341, "views": 11, "formatid": "gen9randombattle", "rating": 1027, "private": 0, "password": null}