{"id": "gen9randombattle-2631865173", "format": "[Gen 9] Random Battle", "players": ["charroger", "LegacySaturn56"], "log": "|j|\u2606charroger\n|j|\u2606LegacySaturn56\n|t:|1781449708\n|gametype|singles\n|player|p1|charroger|265|1924\n|player|p2|LegacySaturn56|265|1907\n|gen|9\n|tier|[Gen 9] Random Battle\n|rated|\n|rule|Species Clause: Limit one of each Pok\u00e9mon\n|rule|HP Percentage Mod: HP is shown in percentages\n|rule|Sleep Clause Mod: Limit one foe put to sleep\n|rule|Illusion Level Mod: Illusion disguises the Pok\u00e9mon's true level\n|\n|t:|1781449708\n|teamsize|p1|6\n|teamsize|p2|6\n|start\n|switch|p1a: Glaceon|Glaceon, L94, F|275/275\n|switch|p2a: Hitmontop|Hitmontop, L88, M|231/231\n|-ability|p2a: Hitmontop|Intimidate|boost\n|-unboost|p1a: Glaceon|atk|1\n|turn|1\n|\n|t:|1781449747\n|move|p1a: Glaceon|Protect|p1a: Glaceon\n|-singleturn|p1a: Glaceon|Protect\n|move|p2a: Hitmontop|Rapid Spin|p1a: Glaceon\n|-activate|p1a: Glaceon|move: Protect\n|\n|upkeep\n|turn|2\n|\n|t:|1781449759\n|move|p1a: Glaceon|Freeze-Dry|p2a: Hitmontop\n|-damage|p2a: Hitmontop|165/231\n|move|p2a: Hitmontop|Rapid Spin|p1a: Glaceon\n|-damage|p1a: Glaceon|247/275\n|-boost|p2a: Hitmontop|spe|1\n|\n|upkeep\n|turn|3\n|\n|t:|1781449765\n|switch|p1a: Raichu|Raichu-Alola, L87, F|246/246\n|move|p2a: Hitmontop|Close Combat|p1a: Raichu\n|-resisted|p1a: Raichu\n|-damage|p1a: Raichu|147/246\n|-unboost|p2a: Hitmontop|def|1\n|-unboost|p2a: Hitmontop|spd|1\n|\n|upkeep\n|turn|4\n|\n|t:|1781449770\n|move|p2a: Hitmontop|Earthquake|p1a: Raichu\n|-supereffective|p1a: Raichu\n|-damage|p1a: Raichu|0 fnt\n|faint|p1a: Raichu\n|\n|upkeep\n|\n|t:|1781449774\n|switch|p1a: Honchkrow|Honchkrow, L86, M|312/312\n|turn|5\n|\n|t:|1781449781\n|move|p2a: Hitmontop|Close Combat|p1a: Honchkrow\n|-damage|p1a: Honchkrow|117/312\n|-unboost|p2a: Hitmontop|def|1\n|-unboost|p2a: Hitmontop|spd|1\n|move|p1a: Honchkrow|Thunder Wave|p2a: Hitmontop\n|-status|p2a: Hitmontop|par\n|\n|upkeep\n|turn|6\n|\n|t:|1781449789\n|move|p1a: Honchkrow|Brave Bird|p2a: Hitmontop\n|-supereffective|p2a: Hitmontop\n|-damage|p2a: Hitmontop|0 fnt\n|faint|p2a: Hitmontop\n|-ability|p1a: Honchkrow|Moxie|boost\n|-boost|p1a: Honchkrow|atk|1\n|-damage|p1a: Honchkrow|63/312|[from] Recoil\n|\n|upkeep\n|\n|t:|1781449797\n|switch|p2a: Mandibuzz|Mandibuzz, L85, F|326/326\n|turn|7\n|\n|t:|1781449802\n|move|p2a: Mandibuzz|Brave Bird|p1a: Honchkrow\n|-damage|p1a: Honchkrow|0 fnt\n|faint|p1a: Honchkrow\n|-damage|p2a: Mandibuzz|305/326|[from] Recoil\n|\n|upkeep\n|\n|t:|1781449811\n|switch|p1a: Glaceon|Glaceon, L94, F|247/275\n|turn|8\n|\n|t:|1781449817\n|switch|p2a: Crabominable|Crabominable, L90, F|321/321\n|move|p1a: Glaceon|Freeze-Dry|p2a: Crabominable\n|-resisted|p2a: Crabominable\n|-damage|p2a: Crabominable|260/321\n|\n|upkeep\n|turn|9\n|\n|t:|1781449825\n|move|p1a: Glaceon|Protect|p1a: Glaceon\n|-singleturn|p1a: Glaceon|Protect\n|move|p2a: Crabominable|Close Combat|p1a: Glaceon\n|-activate|p1a: Glaceon|move: Protect\n|\n|upkeep\n|turn|10\n|\n|t:|1781449829\n|switch|p1a: Tropius|Tropius, L91, F|328/328\n|move|p2a: Crabominable|Close Combat|p1a: Tropius\n|-resisted|p1a: Tropius\n|-damage|p1a: Tropius|196/328\n|-unboost|p2a: Crabominable|def|1\n|-unboost|p2a: Crabominable|spd|1\n|\n|upkeep\n|turn|11\n|inactive|Battle timer is ON: inactive players will automatically lose when time's up. (requested by LegacySaturn56)\n|\n|t:|1781449847\n|switch|p2a: Mandibuzz|Mandibuzz, L85, F|305/326\n|move|p1a: Tropius|Dragon Dance|p1a: Tropius\n|-boost|p1a: Tropius|atk|1\n|-boost|p1a: Tropius|spe|1\n|\n|upkeep\n|turn|12\n|\n|t:|1781449854\n|move|p1a: Tropius|Dual Wingbeat|p2a: Mandibuzz\n|-damage|p2a: Mandibuzz|251/326\n|-damage|p2a: Mandibuzz|196/326\n|-hitcount|p2a: Mandibuzz|2\n|move|p2a: Mandibuzz|Knock Off|p1a: Tropius\n|-damage|p1a: Tropius|114/328\n|-enditem|p1a: Tropius|Sitrus Berry|[from] move: Knock Off|[of] p2a: Mandibuzz\n|\n|upkeep\n|turn|13\n|\n|t:|1781449862\n|move|p1a: Tropius|Dual Wingbeat|p2a: Mandibuzz\n|-damage|p2a: Mandibuzz|141/326\n|-damage|p2a: Mandibuzz|90/326\n|-hitcount|p2a: Mandibuzz|2\n|move|p2a: Mandibuzz|Brave Bird|p1a: Tropius\n|-supereffective|p1a: Tropius\n|-damage|p1a: Tropius|0 fnt\n|faint|p1a: Tropius\n|-damage|p2a: Mandibuzz|52/326|[from] Recoil\n|\n|upkeep\n|\n|t:|1781449867\n|switch|p1a: Hydreigon|Hydreigon, L79, M|275/275\n|turn|14\n|\n|t:|1781449877\n|move|p1a: Hydreigon|Nasty Plot|p1a: Hydreigon\n|-boost|p1a: Hydreigon|spa|2\n|move|p2a: Mandibuzz|Brave Bird|p1a: Hydreigon\n|-damage|p1a: Hydreigon|167/275\n|-damage|p2a: Mandibuzz|16/326|[from] Recoil\n|\n|upkeep\n|turn|15\n|\n|t:|1781449880\n|move|p1a: Hydreigon|Dark Pulse|p2a: Mandibuzz\n|-resisted|p2a: Mandibuzz\n|-damage|p2a: Mandibuzz|0 fnt\n|faint|p2a: Mandibuzz\n|-damage|p1a: Hydreigon|140/275|[from] item: Life Orb\n|\n|upkeep\n|\n|t:|1781449901\n|switch|p2a: Flareon|Flareon, L90, F|263/263\n|turn|16\n|\n|t:|1781449904\n|move|p1a: Hydreigon|Draco Meteor|p2a: Flareon\n|-damage|p2a: Flareon|0 fnt\n|-unboost|p1a: Hydreigon|spa|2\n|faint|p2a: Flareon\n|-damage|p1a: Hydreigon|113/275|[from] item: Life Orb\n|\n|upkeep\n|\n|t:|1781449908\n|switch|p2a: Pikachu|Pikachu-World, L93, F|216/216\n|turn|17\n|\n|t:|1781449913\n|move|p2a: Pikachu|Volt Tackle|p1a: Hydreigon\n|-resisted|p1a: Hydreigon\n|-damage|p1a: Hydreigon|2/275\n|-damage|p2a: Pikachu|179/216|[from] Recoil\n|move|p1a: Hydreigon|Draco Meteor|p2a: Pikachu\n|-damage|p2a: Pikachu|0 fnt\n|-unboost|p1a: Hydreigon|spa|2\n|faint|p2a: Pikachu\n|-damage|p1a: Hydreigon|0 fnt|[from] item: Life Orb\n|faint|p1a: Hydreigon\n|\n|upkeep\n|\n|t:|1781449920\n|switch|p2a: Crabominable|Crabominable, L90, F|260/321\n|switch|p1a: Regigigas|Regigigas, L84|322/322\n|-start|p1a: Regigigas|ability: Slow Start\n|turn|18\n|\n|t:|1781449928\n|move|p1a: Regigigas|Protect|p1a: Regigigas\n|-singleturn|p1a: Regigigas|Protect\n|move|p2a: Crabominable|Knock Off|p1a: Regigigas\n|-activate|p1a: Regigigas|move: Protect\n|\n|upkeep\n|turn|19\n|\n|t:|1781449933\n|move|p2a: Crabominable|Knock Off|p1a: Regigigas\n|-crit|p1a: Regigigas\n|-damage|p1a: Regigigas|134/322\n|-enditem|p1a: Regigigas|Leftovers|[from] move: Knock Off|[of] p2a: Crabominable\n|move|p1a: Regigigas|Body Slam|p2a: Crabominable\n|-damage|p2a: Crabominable|196/321\n|\n|upkeep\n|turn|20\n|\n|t:|1781449938\n|switch|p2a: Pachirisu|Pachirisu, L96, F|271/271\n|move|p1a: Regigigas|Protect||[still]\n|-fail|p1a: Regigigas\n|\n|upkeep\n|turn|21\n|\n|t:|1781449946\n|move|p1a: Regigigas|Protect|p1a: Regigigas\n|-singleturn|p1a: Regigigas|Protect\n|move|p2a: Pachirisu|Thunderbolt|p1a: Regigigas\n|-activate|p1a: Regigigas|move: Protect\n|\n|upkeep\n|turn|22\n|\n|t:|1781449949\n|move|p2a: Pachirisu|Nuzzle|p1a: Regigigas\n|-damage|p1a: Regigigas|121/322\n|-status|p1a: Regigigas|par\n|move|p1a: Regigigas|Knock Off|p2a: Pachirisu\n|-damage|p2a: Pachirisu|213/271\n|-enditem|p2a: Pachirisu|Assault Vest|[from] move: Knock Off|[of] p1a: Regigigas\n|\n|-end|p1a: Regigigas|Slow Start\n|upkeep\n|turn|23\n|\n|t:|1781449954\n|move|p2a: Pachirisu|Thunderbolt|p1a: Regigigas\n|-damage|p1a: Regigigas|60/322 par\n|move|p1a: Regigigas|Body Slam|p2a: Pachirisu\n|-damage|p2a: Pachirisu|77/271\n|\n|upkeep\n|turn|24\n|\n|t:|1781449959\n|move|p2a: Pachirisu|Thunderbolt|p1a: Regigigas\n|-damage|p1a: Regigigas|0 fnt\n|faint|p1a: Regigigas\n|-end|p1a: Regigigas|Slow Start|[silent]\n|\n|upkeep\n|\n|t:|1781449961\n|switch|p1a: Glaceon|Glaceon, L94, F|247/275\n|turn|25\n|\n|t:|1781449966\n|move|p2a: Pachirisu|Nuzzle|p1a: Glaceon\n|-damage|p1a: Glaceon|234/275\n|-status|p1a: Glaceon|par\n|cant|p1a: Glaceon|par\n|\n|upkeep\n|turn|26\n|-message|charroger forfeited.\n|\n|win|LegacySaturn56\n", "uploadtime": 1781449709, "views": 3, "formatid": "gen9randombattle", "rating": null, "private": 0, "password": null}