{"id": "gen9randombattle-2631853429", "format": "[Gen 9] Random Battle", "players": ["Batram", "duuhhao"], "log": "|badge|p1|silver|gen9randombattle|30-9\n|uhtml|medal-msg|<div class=\"broadcast-blue\">Curious what those medals under the avatar are? PS now has Ladder Seasons! For more information, check out the <a href=\"https://www.smogon.com/forums/threads/3740067/\">thread on Smogon.</a></div>\n|j|\u2606Batram\n|j|\u2606duuhhao\n|t:|1781448355\n|gametype|singles\n|player|p1|Batram|#wcor2025canada|2403\n|player|p2|duuhhao|clair|2334\n|gen|9\n|tier|[Gen 9] Random Battle\n|rated|\n|rule|Species Clause: Limit one of each Pok\u00e9mon\n|rule|HP Percentage Mod: HP is shown in percentages\n|rule|Sleep Clause Mod: Limit one foe put to sleep\n|rule|Illusion Level Mod: Illusion disguises the Pok\u00e9mon's true level\n|\n|t:|1781448355\n|teamsize|p1|6\n|teamsize|p2|6\n|start\n|switch|p1a: Quagsire|Quagsire, L84, F|297/297\n|switch|p2a: Pincurchin|Pincurchin, M|258/258\n|-fieldstart|move: Electric Terrain|[from] ability: Electric Surge|[of] p2a: Pincurchin\n|turn|1\n|j| Rabiesdfsdf\n|\n|t:|1781448364\n|switch|p2a: Ursaring|Ursaring, L84, M|288/288\n|move|p1a: Quagsire|Toxic|p2a: Ursaring\n|-status|p2a: Ursaring|tox\n|\n|-damage|p2a: Ursaring|270/288 tox|[from] psn\n|upkeep\n|turn|2\n|\n|t:|1781448389\n|move|p2a: Ursaring|Body Slam|p1a: Quagsire\n|-damage|p1a: Quagsire|117/297\n|move|p1a: Quagsire|Earthquake|p2a: Ursaring\n|-damage|p2a: Ursaring|195/288 tox\n|\n|-heal|p1a: Quagsire|135/297|[from] item: Leftovers\n|-damage|p2a: Ursaring|159/288 tox|[from] psn\n|upkeep\n|turn|3\n|\n|t:|1781448403\n|switch|p1a: Rotom|Rotom-Wash, L82|216/216\n|move|p2a: Ursaring|Body Slam|p1a: Rotom\n|-damage|p1a: Rotom|57/216\n|\n|-heal|p1a: Rotom|70/216|[from] item: Leftovers\n|-damage|p2a: Ursaring|105/288 tox|[from] psn\n|upkeep\n|turn|4\n|\n|t:|1781448407\n|switch|p2a: Kilowattrel|Kilowattrel, L83, M|252/252\n|move|p1a: Rotom|Hydro Pump|p2a: Kilowattrel\n|-damage|p2a: Kilowattrel|104/252\n|\n|-heal|p1a: Rotom|83/216|[from] item: Leftovers\n|upkeep\n|turn|5\n|\n|t:|1781448413\n|move|p2a: Kilowattrel|Thunderbolt|p1a: Rotom\n|-damage|p1a: Rotom|0 fnt\n|faint|p1a: Rotom\n|\n|-fieldend|move: Electric Terrain\n|upkeep\n|\n|t:|1781448421\n|switch|p1a: Zekrom|Zekrom, L71|259/259\n|-ability|p1a: Zekrom|Teravolt\n|turn|6\n|\n|t:|1781448426\n|move|p2a: Kilowattrel|U-turn|p1a: Zekrom\n|-damage|p1a: Zekrom|224/259\n|\n|t:|1781448428\n|switch|p2a: Diancie|Diancie, L82|216/216|[from] U-turn\n|move|p1a: Zekrom|Dragon Dance|p1a: Zekrom\n|-boost|p1a: Zekrom|atk|1\n|-boost|p1a: Zekrom|spe|1\n|\n|-heal|p1a: Zekrom|240/259|[from] item: Leftovers\n|upkeep\n|turn|7\n|\n|t:|1781448435\n|move|p1a: Zekrom|Bolt Strike|p2a: Diancie\n|-damage|p2a: Diancie|71/216\n|-status|p2a: Diancie|par\n|move|p2a: Diancie|Diamond Storm|p1a: Zekrom\n|-crit|p1a: Zekrom\n|-damage|p1a: Zekrom|98/259\n|\n|-heal|p1a: Zekrom|114/259|[from] item: Leftovers\n|-heal|p2a: Diancie|84/216 par|[from] item: Leftovers\n|upkeep\n|turn|8\n|\n|t:|1781448443\n|move|p1a: Zekrom|Bolt Strike|p2a: Diancie\n|-damage|p2a: Diancie|0 fnt\n|faint|p2a: Diancie\n|\n|-heal|p1a: Zekrom|130/259|[from] item: Leftovers\n|upkeep\n|\n|t:|1781448449\n|switch|p2a: Oinkologne|Oinkologne, L92, M|352/352\n|turn|9\n|\n|t:|1781448455\n|move|p1a: Zekrom|Bolt Strike|p2a: Oinkologne\n|-damage|p2a: Oinkologne|115/352\n|move|p2a: Oinkologne|High Horsepower|p1a: Zekrom\n|-supereffective|p1a: Zekrom\n|-damage|p1a: Zekrom|0 fnt\n|faint|p1a: Zekrom\n|\n|-heal|p2a: Oinkologne|137/352|[from] item: Leftovers\n|upkeep\n|inactive|Battle timer is ON: inactive players will automatically lose when time's up. (requested by duuhhao)\n|\n|t:|1781448519\n|switch|p1a: Grumpig|Grumpig, L92, M|297/297\n|turn|10\n|\n|t:|1781448525\n|move|p1a: Grumpig|Psyshock|p2a: Oinkologne\n|-damage|p2a: Oinkologne|0 fnt\n|faint|p2a: Oinkologne\n|\n|upkeep\n|\n|t:|1781448535\n|switch|p2a: Pincurchin|Pincurchin, M|258/258\n|-fieldstart|move: Electric Terrain|[from] ability: Electric Surge|[of] p2a: Pincurchin\n|turn|11\n|\n|t:|1781448551\n|switch|p1a: Fezandipiti|Fezandipiti, L82, M|278/278\n|move|p2a: Pincurchin|Zing Zap|p1a: Fezandipiti\n|-damage|p1a: Fezandipiti|101/278\n|\n|-heal|p1a: Fezandipiti|118/278|[from] item: Leftovers\n|upkeep\n|turn|12\n|\n|t:|1781448564\n|move|p1a: Fezandipiti|U-turn|p2a: Pincurchin\n|-damage|p2a: Pincurchin|224/258\n|\n|t:|1781448566\n|switch|p1a: Leavanny|Leavanny, L86, F|269/269|[from] U-turn\n|move|p2a: Pincurchin|Zing Zap|p1a: Leavanny\n|-resisted|p1a: Leavanny\n|-damage|p1a: Leavanny|184/269\n|\n|-heal|p2a: Pincurchin|240/258|[from] item: Leftovers\n|upkeep\n|turn|13\n|\n|t:|1781448581\n|switch|p2a: Drifblim|Drifblim, L86, F|398/398\n|move|p1a: Leavanny|Knock Off|p2a: Drifblim\n|-supereffective|p2a: Drifblim\n|-damage|p2a: Drifblim|160/398\n|-enditem|p2a: Drifblim|Heavy-Duty Boots|[from] move: Knock Off|[of] p1a: Leavanny\n|\n|upkeep\n|turn|14\n|\n|t:|1781448592\n|-terastallize|p2a: Drifblim|Steel\n|move|p1a: Leavanny|Knock Off|p2a: Drifblim\n|-damage|p2a: Drifblim|84/398\n|move|p2a: Drifblim|Strength Sap|p1a: Leavanny\n|-unboost|p1a: Leavanny|atk|1\n|-heal|p2a: Drifblim|310/398\n|\n|upkeep\n|turn|15\n|\n|t:|1781448601\n|switch|p1a: Fezandipiti|Fezandipiti, L82, M|118/278\n|move|p2a: Drifblim|Shadow Ball|p1a: Fezandipiti\n|-damage|p1a: Fezandipiti|49/278\n|\n|-heal|p1a: Fezandipiti|66/278|[from] item: Leftovers\n|-fieldend|move: Electric Terrain\n|upkeep\n|turn|16\n|\n|t:|1781448609\n|move|p1a: Fezandipiti|Roost|p1a: Fezandipiti\n|-heal|p1a: Fezandipiti|205/278\n|-singleturn|p1a: Fezandipiti|move: Roost\n|move|p2a: Drifblim|Shadow Ball|p1a: Fezandipiti\n|-damage|p1a: Fezandipiti|141/278\n|\n|-heal|p1a: Fezandipiti|158/278|[from] item: Leftovers\n|upkeep\n|turn|17\n|\n|t:|1781448614\n|move|p1a: Fezandipiti|Roost|p1a: Fezandipiti\n|-heal|p1a: Fezandipiti|278/278\n|-singleturn|p1a: Fezandipiti|move: Roost\n|move|p2a: Drifblim|Air Slash|p1a: Fezandipiti\n|-damage|p1a: Fezandipiti|220/278\n|\n|-heal|p1a: Fezandipiti|237/278|[from] item: Leftovers\n|upkeep\n|turn|18\n|\n|t:|1781448642\n|move|p1a: Fezandipiti|U-turn|p2a: Drifblim\n|-resisted|p2a: Drifblim\n|-damage|p2a: Drifblim|276/398\n|\n|t:|1781448643\n|switch|p1a: Leavanny|Leavanny, L86, F|184/269|[from] U-turn\n|move|p2a: Drifblim|Shadow Ball|p1a: Leavanny\n|-damage|p1a: Leavanny|94/269\n|-unboost|p1a: Leavanny|spd|1\n|\n|upkeep\n|turn|19\n|\n|t:|1781448650\n|move|p1a: Leavanny|Sticky Web|p2a: Drifblim\n|-sidestart|p2: duuhhao|move: Sticky Web\n|move|p2a: Drifblim|Shadow Ball|p1a: Leavanny\n|-damage|p1a: Leavanny|0 fnt\n|faint|p1a: Leavanny\n|\n|upkeep\n|\n|t:|1781448657\n|switch|p1a: Grumpig|Grumpig, L92, M|297/297\n|turn|20\n|\n|t:|1781448666\n|move|p1a: Grumpig|Focus Blast|p2a: Drifblim\n|-supereffective|p2a: Drifblim\n|-damage|p2a: Drifblim|0 fnt\n|faint|p2a: Drifblim\n|\n|upkeep\n|\n|t:|1781448670\n|switch|p2a: Kilowattrel|Kilowattrel, L83, M|104/252\n|turn|21\n|\n|t:|1781448680\n|move|p2a: Kilowattrel|U-turn|p1a: Grumpig\n|-supereffective|p1a: Grumpig\n|-damage|p1a: Grumpig|217/297\n|\n|t:|1781448682\n|switch|p2a: Pincurchin|Pincurchin, M|240/258|[from] U-turn\n|-activate|p2a: Pincurchin|move: Sticky Web\n|-unboost|p2a: Pincurchin|spe|1\n|-fieldstart|move: Electric Terrain|[from] ability: Electric Surge|[of] p2a: Pincurchin\n|move|p1a: Grumpig|Focus Blast|p2a: Pincurchin|[miss]\n|-miss|p1a: Grumpig|p2a: Pincurchin\n|\n|-heal|p2a: Pincurchin|256/258|[from] item: Leftovers\n|upkeep\n|turn|22\n|\n|t:|1781448692\n|switch|p1a: Quagsire|Quagsire, L84, F|135/297\n|move|p2a: Pincurchin|Liquidation|p1a: Quagsire\n|-damage|p1a: Quagsire|47/297\n|\n|-heal|p1a: Quagsire|65/297|[from] item: Leftovers\n|-heal|p2a: Pincurchin|258/258|[from] item: Leftovers\n|upkeep\n|turn|23\n|\n|t:|1781448704\n|switch|p2a: Ursaring|Ursaring, L84, M|105/288 tox\n|-activate|p2a: Ursaring|move: Sticky Web\n|-unboost|p2a: Ursaring|spe|1\n|move|p1a: Quagsire|Recover|p1a: Quagsire\n|-heal|p1a: Quagsire|214/297\n|\n|-heal|p1a: Quagsire|232/297|[from] item: Leftovers\n|-damage|p2a: Ursaring|87/288 tox|[from] psn\n|upkeep\n|turn|24\n|\n|t:|1781448716\n|move|p1a: Quagsire|Earthquake|p2a: Ursaring\n|-damage|p2a: Ursaring|15/288 tox\n|move|p2a: Ursaring|Body Slam|p1a: Quagsire\n|-damage|p1a: Quagsire|70/297\n|\n|-heal|p1a: Quagsire|88/297|[from] item: Leftovers\n|-damage|p2a: Ursaring|0 fnt|[from] psn\n|faint|p2a: Ursaring\n|upkeep\n|\n|t:|1781448720\n|switch|p2a: Kilowattrel|Kilowattrel, L83, M|104/252\n|turn|25\n|\n|t:|1781448738\n|switch|p1a: Grumpig|Grumpig, L92, M|217/297\n|move|p2a: Kilowattrel|Hurricane|p1a: Grumpig\n|-damage|p1a: Grumpig|130/297\n|-start|p1a: Grumpig|confusion\n|\n|-fieldend|move: Electric Terrain\n|upkeep\n|turn|26\n|\n|t:|1781448746\n|move|p2a: Kilowattrel|Thunderbolt|p1a: Grumpig\n|-damage|p1a: Grumpig|49/297\n|-activate|p1a: Grumpig|confusion\n|move|p1a: Grumpig|Psyshock|p2a: Kilowattrel\n|-damage|p2a: Kilowattrel|0 fnt\n|faint|p2a: Kilowattrel\n|\n|upkeep\n|-message|duuhhao forfeited.\n|\n|win|Batram\n", "uploadtime": 1781448357, "views": 3, "formatid": "gen9randombattle", "rating": null, "private": 0, "password": null}