{"id": "gen9randombattle-2631537581", "format": "[Gen 9] Random Battle", "players": ["Thunderbird227", "PikaTru"], "log": "|j|\u2606Thunderbird227\n|j|\u2606PikaTru\n|t:|1781398250\n|gametype|singles\n|player|p1|Thunderbird227|n|2011\n|player|p2|PikaTru|170|2037\n|gen|9\n|tier|[Gen 9] Random Battle\n|rated|\n|rule|Species Clause: Limit one of each Pok\u00e9mon\n|rule|HP Percentage Mod: HP is shown in percentages\n|rule|Sleep Clause Mod: Limit one foe put to sleep\n|rule|Illusion Level Mod: Illusion disguises the Pok\u00e9mon's true level\n|\n|t:|1781398250\n|teamsize|p1|6\n|teamsize|p2|6\n|start\n|switch|p1a: Regigigas|Regigigas, L84|322/322\n|switch|p2a: Empoleon|Empoleon, L84, M|278/278\n|-start|p1a: Regigigas|ability: Slow Start\n|turn|1\n|inactive|Battle timer is ON: inactive players will automatically lose when time's up. (requested by Thunderbird227)\n|\n|t:|1781398267\n|switch|p1a: Malamar|Malamar, L82, F|275/275\n|move|p2a: Empoleon|Knock Off|p1a: Malamar\n|-damage|p1a: Malamar|215/275\n|-enditem|p1a: Malamar|Chesto Berry|[from] move: Knock Off|[of] p2a: Empoleon\n|\n|upkeep\n|turn|2\n|\n|t:|1781398283\n|switch|p2a: Quagsire|Quagsire, L84, M|297/297\n|move|p1a: Malamar|Superpower|p2a: Quagsire\n|-damage|p2a: Quagsire|216/297\n|-boost|p1a: Malamar|atk|1\n|-boost|p1a: Malamar|def|1\n|\n|-heal|p2a: Quagsire|234/297|[from] item: Leftovers\n|upkeep\n|turn|3\n|\n|t:|1781398294\n|move|p1a: Malamar|Knock Off|p2a: Quagsire\n|-crit|p2a: Quagsire\n|-damage|p2a: Quagsire|98/297\n|-enditem|p2a: Quagsire|Leftovers|[from] move: Knock Off|[of] p1a: Malamar\n|move|p2a: Quagsire|Toxic|p1a: Malamar\n|-status|p1a: Malamar|tox\n|\n|-damage|p1a: Malamar|198/275 tox|[from] psn\n|upkeep\n|turn|4\n|\n|t:|1781398310\n|switch|p1a: Eiscue|Eiscue, L88, M|274/274\n|move|p2a: Quagsire|Recover|p2a: Quagsire\n|-heal|p2a: Quagsire|247/297\n|\n|upkeep\n|turn|5\n|\n|t:|1781398317\n|switch|p1a: Malamar|Malamar, L82, F|198/275 tox\n|move|p2a: Quagsire|Toxic|p1a: Malamar\n|-fail|p1a: Malamar|tox\n|\n|-damage|p1a: Malamar|181/275 tox|[from] psn\n|upkeep\n|turn|6\n|\n|t:|1781398324\n|move|p1a: Malamar|Superpower|p2a: Quagsire\n|-damage|p2a: Quagsire|168/297\n|-boost|p1a: Malamar|atk|1\n|-boost|p1a: Malamar|def|1\n|move|p2a: Quagsire|Earthquake|p1a: Malamar\n|-damage|p1a: Malamar|85/275 tox\n|\n|-damage|p1a: Malamar|51/275 tox|[from] psn\n|upkeep\n|turn|7\n|\n|t:|1781398332\n|move|p1a: Malamar|Rest|p1a: Malamar\n|-status|p1a: Malamar|slp|[from] move: Rest\n|-heal|p1a: Malamar|275/275 slp|[silent]\n|move|p2a: Quagsire|Earthquake|p1a: Malamar\n|-damage|p1a: Malamar|184/275 slp\n|\n|upkeep\n|turn|8\n|\n|t:|1781398343\n|switch|p1a: Regigigas|Regigigas, L84|322/322\n|-start|p1a: Regigigas|ability: Slow Start\n|move|p2a: Quagsire|Recover|p2a: Quagsire\n|-heal|p2a: Quagsire|297/297\n|\n|upkeep\n|turn|9\n|\n|t:|1781398348\n|move|p1a: Regigigas|Body Slam|p2a: Quagsire\n|-damage|p2a: Quagsire|227/297\n|move|p2a: Quagsire|Toxic|p1a: Regigigas\n|-status|p1a: Regigigas|tox\n|\n|-damage|p1a: Regigigas|302/322 tox|[from] psn\n|upkeep\n|turn|10\n|\n|t:|1781398368\n|switch|p2a: Empoleon|Empoleon, L84, M|278/278\n|move|p1a: Regigigas|Body Slam|p2a: Empoleon\n|-resisted|p2a: Empoleon\n|-damage|p2a: Empoleon|246/278\n|\n|-heal|p2a: Empoleon|263/278|[from] item: Leftovers\n|-heal|p1a: Regigigas|322/322 tox|[from] item: Leftovers\n|-damage|p1a: Regigigas|282/322 tox|[from] psn\n|upkeep\n|turn|11\n|\n|t:|1781398370\n|move|p2a: Empoleon|Knock Off|p1a: Regigigas\n|-damage|p1a: Regigigas|233/322 tox\n|-enditem|p1a: Regigigas|Leftovers|[from] move: Knock Off|[of] p2a: Empoleon\n|move|p1a: Regigigas|Knock Off|p2a: Empoleon\n|-damage|p2a: Empoleon|215/278\n|-enditem|p2a: Empoleon|Leftovers|[from] move: Knock Off|[of] p1a: Regigigas\n|\n|-damage|p1a: Regigigas|173/322 tox|[from] psn\n|upkeep\n|turn|12\n|\n|t:|1781398378\n|move|p2a: Empoleon|Surf|p1a: Regigigas\n|-damage|p1a: Regigigas|91/322 tox\n|move|p1a: Regigigas|Rest|p1a: Regigigas\n|-status|p1a: Regigigas|slp|[from] move: Rest\n|-heal|p1a: Regigigas|322/322 slp|[silent]\n|\n|upkeep\n|turn|13\n|\n|t:|1781398401\n|move|p2a: Empoleon|Surf|p1a: Regigigas\n|-damage|p1a: Regigigas|234/322 slp\n|cant|p1a: Regigigas|slp\n|\n|-end|p1a: Regigigas|Slow Start\n|upkeep\n|turn|14\n|\n|t:|1781398406\n|cant|p1a: Regigigas|slp\n|move|p1a: Regigigas|Sleep Talk|p1a: Regigigas\n|move|p1a: Regigigas|Body Slam|p2a: Empoleon|[from] move: Sleep Talk\n|-resisted|p2a: Empoleon\n|-damage|p2a: Empoleon|150/278\n|move|p2a: Empoleon|Surf|p1a: Regigigas\n|-damage|p1a: Regigigas|143/322 slp\n|\n|upkeep\n|turn|15\n|\n|t:|1781398412\n|-curestatus|p1a: Regigigas|slp|[msg]\n|move|p1a: Regigigas|Rest|p1a: Regigigas\n|-status|p1a: Regigigas|slp|[from] move: Rest\n|-heal|p1a: Regigigas|322/322 slp|[silent]\n|move|p2a: Empoleon|Surf|p1a: Regigigas\n|-damage|p1a: Regigigas|235/322 slp\n|\n|upkeep\n|turn|16\n|\n|t:|1781398417\n|switch|p2a: Scrafty|Scrafty, L83, M|244/244\n|-ability|p2a: Scrafty|Intimidate|boost\n|-unboost|p1a: Regigigas|atk|1\n|cant|p1a: Regigigas|slp\n|move|p1a: Regigigas|Sleep Talk|p1a: Regigigas\n|move|p1a: Regigigas|Rest||[from] move: Sleep Talk|[still]\n|-fail|p1a: Regigigas\n|\n|upkeep\n|turn|17\n|\n|t:|1781398427\n|switch|p1a: Hippowdon|Hippowdon, L82, F|311/311\n|-weather|Sandstorm|[from] ability: Sand Stream|[of] p1a: Hippowdon\n|move|p2a: Scrafty|Dragon Dance|p2a: Scrafty\n|-boost|p2a: Scrafty|atk|1\n|-boost|p2a: Scrafty|spe|1\n|\n|-weather|Sandstorm|[upkeep]\n|-damage|p2a: Scrafty|229/244|[from] Sandstorm\n|-heal|p2a: Scrafty|244/244|[from] item: Leftovers\n|upkeep\n|turn|18\n|\n|t:|1781398435\n|move|p2a: Scrafty|Knock Off|p1a: Hippowdon\n|-damage|p1a: Hippowdon|187/311\n|-enditem|p1a: Hippowdon|Leftovers|[from] move: Knock Off|[of] p2a: Scrafty\n|move|p1a: Hippowdon|Whirlwind|p2a: Scrafty\n|drag|p2a: Falinks|Falinks, L84|246/246\n|\n|-weather|Sandstorm|[upkeep]\n|-damage|p2a: Falinks|231/246|[from] Sandstorm\n|upkeep\n|turn|19\n|\n|t:|1781398441\n|switch|p2a: Quagsire|Quagsire, L84, M|227/297\n|move|p1a: Hippowdon|Slack Off|p1a: Hippowdon\n|-heal|p1a: Hippowdon|311/311\n|\n|-weather|Sandstorm|[upkeep]\n|upkeep\n|turn|20\n|\n|t:|1781398449\n|switch|p1a: Regigigas|Regigigas, L84|235/322 slp\n|-start|p1a: Regigigas|ability: Slow Start\n|move|p2a: Quagsire|Ice Beam|p1a: Regigigas\n|-damage|p1a: Regigigas|191/322 slp\n|\n|-weather|Sandstorm|[upkeep]\n|-damage|p1a: Regigigas|171/322 slp|[from] Sandstorm\n|upkeep\n|turn|21\n|\n|t:|1781398453\n|switch|p2a: Scrafty|Scrafty, L83, M|244/244\n|-ability|p2a: Scrafty|Intimidate|boost\n|-unboost|p1a: Regigigas|atk|1\n|cant|p1a: Regigigas|slp\n|move|p1a: Regigigas|Sleep Talk|p1a: Regigigas\n|move|p1a: Regigigas|Rest||[from] move: Sleep Talk|[still]\n|-fail|p1a: Regigigas\n|\n|-weather|none\n|upkeep\n|turn|22\n|\n|t:|1781398458\n|switch|p1a: Azelf|Azelf, L82|257/257\n|move|p2a: Scrafty|Drain Punch|p1a: Azelf\n|-resisted|p1a: Azelf\n|-damage|p1a: Azelf|212/257\n|\n|upkeep\n|turn|23\n|\n|t:|1781398465\n|switch|p2a: Empoleon|Empoleon, L84, M|150/278\n|move|p1a: Azelf|Dazzling Gleam|p2a: Empoleon\n|-resisted|p2a: Empoleon\n|-damage|p2a: Empoleon|104/278\n|\n|upkeep\n|turn|24\n|\n|t:|1781398476\n|switch|p1a: Hippowdon|Hippowdon, L82, F|311/311\n|-weather|Sandstorm|[from] ability: Sand Stream|[of] p1a: Hippowdon\n|move|p2a: Empoleon|Roost|p2a: Empoleon\n|-heal|p2a: Empoleon|243/278\n|-singleturn|p2a: Empoleon|move: Roost\n|\n|-weather|Sandstorm|[upkeep]\n|upkeep\n|turn|25\n|\n|t:|1781398479\n|move|p2a: Empoleon|Surf|p1a: Hippowdon\n|-supereffective|p1a: Hippowdon\n|-damage|p1a: Hippowdon|41/311\n|move|p1a: Hippowdon|Earthquake|p2a: Empoleon\n|-supereffective|p2a: Empoleon\n|-damage|p2a: Empoleon|13/278\n|\n|-weather|Sandstorm|[upkeep]\n|upkeep\n|turn|26\n|\n|t:|1781398482\n|move|p2a: Empoleon|Surf|p1a: Hippowdon\n|-supereffective|p1a: Hippowdon\n|-damage|p1a: Hippowdon|0 fnt\n|faint|p1a: Hippowdon\n|\n|-weather|Sandstorm|[upkeep]\n|upkeep\n|\n|t:|1781398487\n|switch|p1a: Azelf|Azelf, L82|212/257\n|turn|27\n|\n|t:|1781398496\n|move|p1a: Azelf|Dazzling Gleam|p2a: Empoleon\n|-resisted|p2a: Empoleon\n|-damage|p2a: Empoleon|0 fnt\n|faint|p2a: Empoleon\n|\n|-weather|Sandstorm|[upkeep]\n|-damage|p1a: Azelf|196/257|[from] Sandstorm\n|upkeep\n|\n|t:|1781398509\n|switch|p2a: Meowscarada|Meowscarada, L78, M|247/247\n|turn|28\n|\n|t:|1781398512\n|move|p2a: Meowscarada|U-turn|p1a: Azelf\n|-start|p2a: Meowscarada|typechange|Bug|[from] ability: Protean\n|-supereffective|p1a: Azelf\n|-damage|p1a: Azelf|28/257\n|\n|t:|1781398515\n|switch|p2a: Quagsire|Quagsire, L84, M|227/297|[from] U-turn\n|move|p1a: Azelf|Dazzling Gleam|p2a: Quagsire\n|-damage|p2a: Quagsire|113/297\n|\n|-weather|none\n|upkeep\n|turn|29\n|\n|t:|1781398518\n|move|p1a: Azelf|Dazzling Gleam|p2a: Quagsire\n|-damage|p2a: Quagsire|0 fnt\n|faint|p2a: Quagsire\n|\n|upkeep\n|\n|t:|1781398521\n|switch|p2a: Meowscarada|Meowscarada, L78, M|247/247\n|turn|30\n|\n|t:|1781398526\n|switch|p1a: Regigigas|Regigigas, L84|171/322 slp\n|-start|p1a: Regigigas|ability: Slow Start\n|move|p2a: Meowscarada|U-turn|p1a: Regigigas\n|-start|p2a: Meowscarada|typechange|Bug|[from] ability: Protean\n|-damage|p1a: Regigigas|107/322 slp\n|\n|t:|1781398529\n|switch|p2a: Scrafty|Scrafty, L83, M|244/244|[from] U-turn\n|-ability|p2a: Scrafty|Intimidate|boost\n|-unboost|p1a: Regigigas|atk|1\n|\n|upkeep\n|turn|31\n|\n|t:|1781398534\n|move|p2a: Scrafty|Drain Punch|p1a: Regigigas\n|-supereffective|p1a: Regigigas\n|-damage|p1a: Regigigas|0 fnt\n|faint|p1a: Regigigas\n|-end|p1a: Regigigas|Slow Start|[silent]\n|\n|upkeep\n|\n|t:|1781398538\n|switch|p1a: Noivern|Noivern, L82, F|274/274\n|turn|32\n|\n|t:|1781398565\n|-terastallize|p2a: Scrafty|Poison\n|move|p1a: Noivern|Hurricane|p2a: Scrafty|[miss]\n|-miss|p1a: Noivern|p2a: Scrafty\n|move|p2a: Scrafty|Dragon Dance|p2a: Scrafty\n|-boost|p2a: Scrafty|atk|1\n|-boost|p2a: Scrafty|spe|1\n|\n|upkeep\n|turn|33\n|\n|t:|1781398583\n|move|p1a: Noivern|Hurricane|p2a: Scrafty\n|-damage|p2a: Scrafty|153/244\n|move|p2a: Scrafty|Dragon Dance|p2a: Scrafty\n|-boost|p2a: Scrafty|atk|1\n|-boost|p2a: Scrafty|spe|1\n|\n|-heal|p2a: Scrafty|168/244|[from] item: Leftovers\n|upkeep\n|turn|34\n|\n|t:|1781398592\n|move|p2a: Scrafty|Drain Punch|p1a: Noivern\n|-resisted|p1a: Noivern\n|-damage|p1a: Noivern|186/274\n|-heal|p2a: Scrafty|212/244|[from] drain|[of] p1a: Noivern\n|move|p1a: Noivern|Hurricane|p2a: Scrafty\n|-damage|p2a: Scrafty|122/244\n|\n|-heal|p2a: Scrafty|137/244|[from] item: Leftovers\n|upkeep\n|turn|35\n|\n|t:|1781398601\n|move|p2a: Scrafty|Knock Off|p1a: Noivern\n|-damage|p1a: Noivern|0 fnt\n|-enditem|p1a: Noivern|Heavy-Duty Boots|[from] move: Knock Off|[of] p2a: Scrafty\n|faint|p1a: Noivern\n|\n|-heal|p2a: Scrafty|152/244|[from] item: Leftovers\n|upkeep\n|\n|t:|1781398627\n|switch|p1a: Eiscue|Eiscue, L88, M|274/274\n|turn|36\n|\n|t:|1781398634\n|move|p2a: Scrafty|Knock Off|p1a: Eiscue\n|-activate|p1a: Eiscue|ability: Ice Face\n|-damage|p1a: Eiscue|274/274\n|-enditem|p1a: Eiscue|Sitrus Berry|[from] move: Knock Off|[of] p2a: Scrafty\n|detailschange|p1a: Eiscue|Eiscue-Noice, L88, M\n|move|p1a: Eiscue|Belly Drum|p1a: Eiscue\n|-damage|p1a: Eiscue|137/274\n|-setboost|p1a: Eiscue|atk|6|[from] move: Belly Drum\n|\n|-heal|p2a: Scrafty|167/244|[from] item: Leftovers\n|upkeep\n|turn|37\n|\n|t:|1781398643\n|-terastallize|p1a: Eiscue|Water\n|move|p2a: Scrafty|Drain Punch|p1a: Eiscue\n|-damage|p1a: Eiscue|0 fnt\n|-heal|p2a: Scrafty|236/244|[from] drain|[of] p1a: Eiscue\n|faint|p1a: Eiscue\n|\n|-heal|p2a: Scrafty|244/244|[from] item: Leftovers\n|upkeep\n|-message|Thunderbird227 forfeited.\n|\n|win|PikaTru\n", "uploadtime": 1781398252, "views": 3, "formatid": "gen9randombattle", "rating": null, "private": 0, "password": null}