{"id": "gen9randombattle-2631645071", "format": "[Gen 9] Random Battle", "players": ["spencomatic", "BenoliBenoli"], "log": "|j|\u2606spencomatic\n|j|\u2606BenoliBenoli\n|t:|1781414024\n|gametype|singles\n|player|p1|spencomatic|102|2041\n|player|p2|BenoliBenoli|102|2024\n|gen|9\n|tier|[Gen 9] Random Battle\n|rated|\n|rule|Species Clause: Limit one of each Pok\u00e9mon\n|rule|HP Percentage Mod: HP is shown in percentages\n|rule|Sleep Clause Mod: Limit one foe put to sleep\n|rule|Illusion Level Mod: Illusion disguises the Pok\u00e9mon's true level\n|\n|t:|1781414024\n|teamsize|p1|6\n|teamsize|p2|6\n|start\n|switch|p1a: Greedent|Greedent, L86, F|347/347\n|switch|p2a: Lugia|Lugia, L73|275/275\n|turn|1\n|inactive|Battle timer is ON: inactive players will automatically lose when time's up. (requested by spencomatic)\n|l|\u2606spencomatic\n|inactive|spencomatic disconnected and has a minute to reconnect!\n|player|p1|\n|\n|t:|1781414047\n|move|p2a: Lugia|Aeroblast|p1a: Greedent\n|-damage|p1a: Greedent|268/347\n|move|p1a: Greedent|Body Slam|p2a: Lugia\n|-damage|p2a: Lugia|239/275\n|\n|upkeep\n|turn|2\n|j|\u2606spencomatic\n|inactive|spencomatic reconnected and has 150 seconds left.\n|player|p1|spencomatic|102|\n|\n|t:|1781414054\n|switch|p2a: Froslass|Froslass, L87, F|263/263\n|move|p1a: Greedent|Body Slam|p2a: Froslass\n|-immune|p2a: Froslass\n|\n|upkeep\n|turn|3\n|\n|t:|1781414057\n|move|p2a: Froslass|Triple Axel|p1a: Greedent\n|-damage|p1a: Greedent|250/347\n|-damage|p1a: Greedent|216/347\n|-damage|p1a: Greedent|162/347\n|-enditem|p1a: Greedent|Sitrus Berry|[eat]\n|-heal|p1a: Greedent|248/347|[from] item: Sitrus Berry\n|-heal|p1a: Greedent|347/347|[from] ability: Cheek Pouch\n|-hitcount|p1a: Greedent|3\n|move|p1a: Greedent|Swords Dance|p1a: Greedent\n|-boost|p1a: Greedent|atk|2\n|\n|upkeep\n|turn|4\n|l|\u2606spencomatic\n|inactive|spencomatic disconnected and has a minute to reconnect!\n|player|p1|\n|\n|t:|1781414064\n|move|p2a: Froslass|Destiny Bond|p2a: Froslass\n|-singlemove|p2a: Froslass|Destiny Bond\n|move|p1a: Greedent|Knock Off|p2a: Froslass\n|-supereffective|p2a: Froslass\n|-damage|p2a: Froslass|0 fnt\n|-start|p1a: Greedent|Disable|Knock Off|[from] ability: Cursed Body|[of] p2a: Froslass\n|-enditem|p2a: Froslass|Wide Lens|[from] move: Knock Off|[of] p1a: Greedent\n|faint|p2a: Froslass\n|-activate|p2a: Froslass|move: Destiny Bond\n|faint|p1a: Greedent\n|\n|upkeep\n|j|\u2606spencomatic\n|inactive|spencomatic reconnected and has 140 seconds left.\n|player|p1|spencomatic|102|\n|\n|t:|1781414081\n|switch|p2a: Scovillain|Scovillain, L91, F|266/266\n|switch|p1a: Kleavor|Kleavor, L78, M|237/237\n|turn|5\n|\n|t:|1781414089\n|move|p2a: Scovillain|Protect|p2a: Scovillain\n|-singleturn|p2a: Scovillain|Protect\n|move|p1a: Kleavor|Stone Axe|p2a: Scovillain\n|-activate|p2a: Scovillain|move: Protect\n|\n|upkeep\n|turn|6\n|\n|t:|1781414092\n|switch|p2a: Goodra|Goodra-Hisui, L82, M|265/265\n|move|p1a: Kleavor|Stone Axe|p2a: Goodra\n|-resisted|p2a: Goodra\n|-damage|p2a: Goodra|208/265\n|-sidestart|p2: BenoliBenoli|move: Stealth Rock\n|\n|upkeep\n|turn|7\n|\n|t:|1781414097\n|switch|p1a: Ampharos|Ampharos, L88, F|302/302\n|move|p2a: Goodra|Heavy Slam|p1a: Ampharos\n|-resisted|p1a: Ampharos\n|-damage|p1a: Ampharos|238/302\n|-status|p2a: Goodra|par|[from] ability: Static|[of] p1a: Ampharos\n|\n|upkeep\n|turn|8\n|\n|t:|1781414105\n|switch|p2a: Plusle|Plusle, L95, F|268/268\n|-damage|p2a: Plusle|235/268|[from] Stealth Rock\n|move|p1a: Ampharos|Focus Blast|p2a: Plusle|[miss]\n|-miss|p1a: Ampharos|p2a: Plusle\n|\n|upkeep\n|turn|9\n|\n|t:|1781414112\n|switch|p2a: Lugia|Lugia, L73|239/275\n|move|p1a: Ampharos|Agility|p1a: Ampharos\n|-boost|p1a: Ampharos|spe|2\n|\n|upkeep\n|turn|10\n|\n|t:|1781414116\n|switch|p2a: Plusle|Plusle, L95, F|235/268\n|-damage|p2a: Plusle|202/268|[from] Stealth Rock\n|move|p1a: Ampharos|Focus Blast|p2a: Plusle\n|-damage|p2a: Plusle|66/268\n|-unboost|p2a: Plusle|spd|1\n|-damage|p1a: Ampharos|208/302|[from] item: Life Orb\n|\n|upkeep\n|turn|11\n|\n|t:|1781414124\n|move|p1a: Ampharos|Dazzling Gleam|p2a: Plusle\n|-damage|p2a: Plusle|0 fnt\n|faint|p2a: Plusle\n|-damage|p1a: Ampharos|178/302|[from] item: Life Orb\n|\n|upkeep\n|\n|t:|1781414130\n|switch|p2a: Scovillain|Scovillain, L91, F|266/266\n|-damage|p2a: Scovillain|200/266|[from] Stealth Rock\n|turn|12\n|\n|t:|1781414132\n|move|p1a: Ampharos|Focus Blast|p2a: Scovillain|[miss]\n|-miss|p1a: Ampharos|p2a: Scovillain\n|move|p2a: Scovillain|Leech Seed|p1a: Ampharos\n|-start|p1a: Ampharos|move: Leech Seed\n|\n|-heal|p2a: Scovillain|216/266|[from] item: Leftovers\n|-damage|p1a: Ampharos|141/302|[from] Leech Seed|[of] p2a: Scovillain\n|-heal|p2a: Scovillain|253/266|[silent]\n|upkeep\n|turn|13\n|\n|t:|1781414140\n|move|p1a: Ampharos|Focus Blast|p2a: Scovillain\n|-damage|p2a: Scovillain|83/266\n|-damage|p1a: Ampharos|111/302|[from] item: Life Orb\n|move|p2a: Scovillain|Substitute|p2a: Scovillain\n|-start|p2a: Scovillain|Substitute\n|-damage|p2a: Scovillain|17/266\n|\n|-heal|p2a: Scovillain|33/266|[from] item: Leftovers\n|-damage|p1a: Ampharos|74/302|[from] Leech Seed|[of] p2a: Scovillain\n|-heal|p2a: Scovillain|70/266|[silent]\n|upkeep\n|turn|14\n|\n|t:|1781414147\n|switch|p1a: Volbeat|Volbeat, L90, M|263/263\n|move|p2a: Scovillain|Protect||[still]\n|-fail|p2a: Scovillain\n|\n|-heal|p2a: Scovillain|86/266|[from] item: Leftovers\n|upkeep\n|turn|15\n|\n|t:|1781414151\n|move|p1a: Volbeat|Encore|p2a: Scovillain\n|-start|p2a: Scovillain|Encore\n|move|p2a: Scovillain|Protect||[still]\n|-fail|p2a: Scovillain\n|\n|-heal|p2a: Scovillain|102/266|[from] item: Leftovers\n|upkeep\n|turn|16\n|\n|t:|1781414153\n|move|p2a: Scovillain|Protect|p2a: Scovillain\n|-singleturn|p2a: Scovillain|Protect\n|move|p1a: Volbeat|U-turn|p2a: Scovillain\n|-activate|p2a: Scovillain|move: Protect\n|\n|-heal|p2a: Scovillain|118/266|[from] item: Leftovers\n|upkeep\n|turn|17\n|\n|t:|1781414157\n|move|p2a: Scovillain|Protect||[still]\n|-fail|p2a: Scovillain\n|move|p1a: Volbeat|U-turn|p2a: Scovillain\n|-end|p2a: Scovillain|Substitute\n|\n|t:|1781414161\n|switch|p1a: Kleavor|Kleavor, L78, M|237/237|[from] U-turn\n|\n|-heal|p2a: Scovillain|134/266|[from] item: Leftovers\n|-end|p2a: Scovillain|Encore\n|upkeep\n|turn|18\n|\n|t:|1781414166\n|move|p2a: Scovillain|Protect|p2a: Scovillain\n|-singleturn|p2a: Scovillain|Protect\n|move|p1a: Kleavor|Stone Axe|p2a: Scovillain\n|-activate|p2a: Scovillain|move: Protect\n|\n|-heal|p2a: Scovillain|150/266|[from] item: Leftovers\n|upkeep\n|turn|19\n|\n|t:|1781414174\n|switch|p2a: Goodra|Goodra-Hisui, L82, M|208/265 par\n|-damage|p2a: Goodra|192/265 par|[from] Stealth Rock\n|move|p1a: Kleavor|Close Combat|p2a: Goodra\n|-supereffective|p2a: Goodra\n|-damage|p2a: Goodra|22/265 par\n|-unboost|p1a: Kleavor|def|1\n|-unboost|p1a: Kleavor|spd|1\n|\n|upkeep\n|turn|20\n|\n|t:|1781414180\n|move|p1a: Kleavor|X-Scissor|p2a: Goodra\n|-resisted|p2a: Goodra\n|-damage|p2a: Goodra|0 fnt\n|faint|p2a: Goodra\n|\n|upkeep\n|\n|t:|1781414186\n|switch|p2a: Lugia|Lugia, L73|239/275\n|turn|21\n|\n|t:|1781414190\n|switch|p1a: Volbeat|Volbeat, L90, M|263/263\n|move|p2a: Lugia|Aeroblast|p1a: Volbeat\n|-supereffective|p1a: Volbeat\n|-damage|p1a: Volbeat|125/263\n|\n|upkeep\n|turn|22\n|\n|t:|1781414195\n|move|p1a: Volbeat|Roost|p1a: Volbeat\n|-heal|p1a: Volbeat|257/263\n|-singleturn|p1a: Volbeat|move: Roost\n|move|p2a: Lugia|Aeroblast|p1a: Volbeat\n|-supereffective|p1a: Volbeat\n|-damage|p1a: Volbeat|107/263\n|\n|upkeep\n|turn|23\n|\n|t:|1781414199\n|switch|p2a: Vaporeon|Vaporeon, L86, F|364/364\n|-damage|p2a: Vaporeon|319/364|[from] Stealth Rock\n|move|p1a: Volbeat|Roost|p1a: Volbeat\n|-heal|p1a: Volbeat|239/263\n|-singleturn|p1a: Volbeat|move: Roost\n|\n|-heal|p2a: Vaporeon|341/364|[from] item: Leftovers\n|upkeep\n|turn|24\n|\n|t:|1781414201\n|move|p1a: Volbeat|U-turn|p2a: Vaporeon\n|-damage|p2a: Vaporeon|256/364\n|\n|t:|1781414204\n|switch|p1a: Dialga|Dialga-Origin, L73|266/266|[from] U-turn\n|-ability|p1a: Dialga|Pressure\n|move|p2a: Vaporeon|Flip Turn|p1a: Dialga\n|-resisted|p1a: Dialga\n|-damage|p1a: Dialga|244/266\n|\n|t:|1781414208\n|switch|p2a: Scovillain|Scovillain, L91, F|150/266|[from] Flip Turn\n|-damage|p2a: Scovillain|84/266|[from] Stealth Rock\n|\n|-heal|p2a: Scovillain|100/266|[from] item: Leftovers\n|upkeep\n|turn|25\n|l|\u2606spencomatic\n|inactive|spencomatic disconnected and has a minute to reconnect!\n|player|p1|\n|j|\u2606spencomatic\n|inactive|spencomatic reconnected and has 115 seconds left.\n|player|p1|spencomatic|102|\n|\n|t:|1781414248\n|move|p2a: Scovillain|Leech Seed|p1a: Dialga\n|-start|p1a: Dialga|move: Leech Seed\n|move|p1a: Dialga|Draco Meteor|p2a: Scovillain\n|-damage|p2a: Scovillain|0 fnt\n|-unboost|p1a: Dialga|spa|2\n|faint|p2a: Scovillain\n|\n|upkeep\n|\n|t:|1781414255\n|switch|p2a: Lugia|Lugia, L73|239/275\n|turn|26\n|l|\u2606spencomatic\n|inactive|spencomatic disconnected and has a minute to reconnect!\n|player|p1|\n|j|\u2606spencomatic\n|inactive|spencomatic reconnected and has 120 seconds left.\n|player|p1|spencomatic|102|\n|\n|t:|1781414267\n|move|p2a: Lugia|Aeroblast|p1a: Dialga\n|-resisted|p1a: Dialga\n|-damage|p1a: Dialga|211/266\n|move|p1a: Dialga|Dragon Tail|p2a: Lugia|[miss]\n|-miss|p1a: Dialga|p2a: Lugia\n|\n|-damage|p1a: Dialga|178/266|[from] Leech Seed|[of] p2a: Lugia\n|-heal|p2a: Lugia|272/275|[silent]\n|upkeep\n|turn|27\n|\n|t:|1781414272\n|switch|p2a: Vaporeon|Vaporeon, L86, F|256/364\n|-damage|p2a: Vaporeon|211/364|[from] Stealth Rock\n|move|p1a: Dialga|Dragon Tail|p2a: Vaporeon\n|-damage|p2a: Vaporeon|139/364\n|drag|p2a: Lugia|Lugia, L73|272/275\n|\n|-damage|p1a: Dialga|145/266|[from] Leech Seed|[of] p2a: Lugia\n|-heal|p2a: Lugia|275/275|[silent]\n|upkeep\n|turn|28\n|\n|t:|1781414282\n|move|p2a: Lugia|Psychic Noise|p1a: Dialga\n|-resisted|p1a: Dialga\n|-damage|p1a: Dialga|117/266\n|-start|p1a: Dialga|move: Heal Block\n|move|p1a: Dialga|Dragon Tail|p2a: Lugia|[miss]\n|-miss|p1a: Dialga|p2a: Lugia\n|\n|-damage|p1a: Dialga|84/266|[from] Leech Seed|[of] p2a: Lugia\n|upkeep\n|turn|29\n|l|\u2606spencomatic\n|inactive|spencomatic disconnected and has a minute to reconnect!\n|player|p1|\n|j|\u2606spencomatic\n|inactive|spencomatic reconnected and has 130 seconds left.\n|player|p1|spencomatic|102|\n|\n|t:|1781414305\n|switch|p2a: Vaporeon|Vaporeon, L86, F|139/364\n|-damage|p2a: Vaporeon|94/364|[from] Stealth Rock\n|switch|p1a: Volbeat|Volbeat, L90, M|239/263\n|\n|-heal|p2a: Vaporeon|116/364|[from] item: Leftovers\n|upkeep\n|turn|30\n|\n|t:|1781414311\n|move|p1a: Volbeat|U-turn|p2a: Vaporeon\n|-damage|p2a: Vaporeon|25/364\n|\n|t:|1781414318\n|switch|p1a: Ampharos|Ampharos, L88, F|74/302|[from] U-turn\n|move|p2a: Vaporeon|Scald|p1a: Ampharos\n|-damage|p1a: Ampharos|0 fnt\n|faint|p1a: Ampharos\n|\n|-heal|p2a: Vaporeon|47/364|[from] item: Leftovers\n|upkeep\n|\n|t:|1781414323\n|switch|p1a: Kleavor|Kleavor, L78, M|237/237\n|turn|31\n|\n|t:|1781414325\n|move|p2a: Vaporeon|Protect|p2a: Vaporeon\n|-singleturn|p2a: Vaporeon|Protect\n|move|p1a: Kleavor|X-Scissor|p2a: Vaporeon\n|-activate|p2a: Vaporeon|move: Protect\n|\n|-heal|p2a: Vaporeon|69/364|[from] item: Leftovers\n|upkeep\n|turn|32\n|\n|t:|1781414328\n|move|p1a: Kleavor|X-Scissor|p2a: Vaporeon\n|-damage|p2a: Vaporeon|0 fnt\n|faint|p2a: Vaporeon\n|\n|upkeep\n|\n|t:|1781414330\n|switch|p2a: Lugia|Lugia, L73|275/275\n|turn|33\n|\n|t:|1781414335\n|switch|p1a: Volbeat|Volbeat, L90, M|239/263\n|-terastallize|p2a: Lugia|Steel\n|move|p2a: Lugia|Calm Mind|p2a: Lugia\n|-boost|p2a: Lugia|spa|1\n|-boost|p2a: Lugia|spd|1\n|\n|upkeep\n|turn|34\n|\n|t:|1781414338\n|move|p1a: Volbeat|Encore|p2a: Lugia\n|-start|p2a: Lugia|Encore\n|move|p2a: Lugia|Calm Mind|p2a: Lugia\n|-boost|p2a: Lugia|spa|1\n|-boost|p2a: Lugia|spd|1\n|\n|upkeep\n|turn|35\n|\n|t:|1781414340\n|move|p1a: Volbeat|Thunder Wave|p2a: Lugia\n|-status|p2a: Lugia|par\n|move|p2a: Lugia|Calm Mind|p2a: Lugia\n|-boost|p2a: Lugia|spa|1\n|-boost|p2a: Lugia|spd|1\n|\n|upkeep\n|turn|36\n|\n|t:|1781414342\n|move|p1a: Volbeat|Thunder Wave|p2a: Lugia\n|-fail|p2a: Lugia|par\n|move|p2a: Lugia|Calm Mind|p2a: Lugia\n|-boost|p2a: Lugia|spa|1\n|-boost|p2a: Lugia|spd|1\n|\n|-end|p2a: Lugia|Encore\n|upkeep\n|turn|37\n|\n|t:|1781414344\n|move|p1a: Volbeat|U-turn|p2a: Lugia\n|-resisted|p2a: Lugia\n|-damage|p2a: Lugia|260/275 par\n|\n|t:|1781414346\n|switch|p1a: Dialga|Dialga-Origin, L73|84/266|[from] U-turn\n|-ability|p1a: Dialga|Pressure\n|move|p2a: Lugia|Aeroblast|p1a: Dialga\n|-resisted|p1a: Dialga\n|-damage|p1a: Dialga|0 fnt\n|faint|p1a: Dialga\n|\n|upkeep\n|\n|t:|1781414349\n|switch|p1a: Armarouge|Armarouge, L80, M|267/267\n|turn|38\n|\n|t:|1781414355\n|move|p1a: Armarouge|Armor Cannon|p2a: Lugia\n|-supereffective|p2a: Lugia\n|-damage|p2a: Lugia|162/275 par\n|-unboost|p1a: Armarouge|def|1\n|-unboost|p1a: Armarouge|spd|1\n|cant|p2a: Lugia|par\n|\n|upkeep\n|turn|39\n|\n|t:|1781414361\n|switch|p1a: Volbeat|Volbeat, L90, M|239/263\n|cant|p2a: Lugia|par\n|\n|upkeep\n|turn|40\n|\n|t:|1781414367\n|move|p1a: Volbeat|Encore|p2a: Lugia\n|-start|p2a: Lugia|Encore\n|move|p2a: Lugia|Aeroblast|p1a: Volbeat\n|-supereffective|p1a: Volbeat\n|-damage|p1a: Volbeat|0 fnt\n|faint|p1a: Volbeat\n|\n|-end|p2a: Lugia|Encore\n|upkeep\n|\n|t:|1781414368\n|switch|p1a: Armarouge|Armarouge, L80, M|267/267\n|turn|41\n|\n|t:|1781414371\n|move|p1a: Armarouge|Armor Cannon|p2a: Lugia\n|-supereffective|p2a: Lugia\n|-damage|p2a: Lugia|60/275 par\n|-unboost|p1a: Armarouge|def|1\n|-unboost|p1a: Armarouge|spd|1\n|move|p2a: Lugia|Recover|p2a: Lugia\n|-heal|p2a: Lugia|198/275 par\n|\n|upkeep\n|turn|42\n|\n|t:|1781414374\n|move|p1a: Armarouge|Armor Cannon|p2a: Lugia\n|-supereffective|p2a: Lugia\n|-damage|p2a: Lugia|88/275 par\n|-unboost|p1a: Armarouge|def|1\n|-unboost|p1a: Armarouge|spd|1\n|cant|p2a: Lugia|par\n|\n|upkeep\n|turn|43\n|\n|t:|1781414376\n|move|p1a: Armarouge|Armor Cannon|p2a: Lugia\n|-supereffective|p2a: Lugia\n|-damage|p2a: Lugia|0 fnt\n|-unboost|p1a: Armarouge|def|1\n|-unboost|p1a: Armarouge|spd|1\n|faint|p2a: Lugia\n|\n|win|spencomatic\n", "uploadtime": 1781414026, "views": 4, "formatid": "gen9randombattle", "rating": null, "private": 0, "password": null}