{"id": "gen9randombattle-2631789691", "format": "[Gen 9] Random Battle", "players": ["tukkirekka", "PrimalRazz"], "log": "|j|\u2606tukkirekka\n|j|\u2606PrimalRazz\n|t:|1781439974\n|gametype|singles\n|player|p1|tukkirekka|drayden|1907\n|player|p2|PrimalRazz|scientist|1928\n|gen|9\n|tier|[Gen 9] Random Battle\n|rated|\n|rule|Species Clause: Limit one of each Pok\u00e9mon\n|rule|HP Percentage Mod: HP is shown in percentages\n|rule|Sleep Clause Mod: Limit one foe put to sleep\n|rule|Illusion Level Mod: Illusion disguises the Pok\u00e9mon's true level\n|\n|t:|1781439974\n|teamsize|p1|6\n|teamsize|p2|6\n|start\n|switch|p1a: Kricketune|Kricketune, L99, M|311/311\n|switch|p2a: Victreebel|Victreebel, L90, F|290/290\n|turn|1\n|inactive|Battle timer is ON: inactive players will automatically lose when time's up. (requested by tukkirekka)\n|\n|t:|1781439996\n|move|p1a: Kricketune|Sticky Web|p2a: Victreebel\n|-sidestart|p2: PrimalRazz|move: Sticky Web\n|move|p2a: Victreebel|Swords Dance|p2a: Victreebel\n|-boost|p2a: Victreebel|atk|2\n|\n|upkeep\n|turn|2\n|\n|t:|1781440007\n|move|p1a: Kricketune|Pounce|p2a: Victreebel\n|-damage|p2a: Victreebel|167/290\n|-unboost|p2a: Victreebel|spe|1\n|move|p2a: Victreebel|Poison Jab|p1a: Kricketune\n|-enditem|p1a: Kricketune|Focus Sash\n|-damage|p1a: Kricketune|1/311\n|-damage|p2a: Victreebel|138/290|[from] item: Life Orb\n|\n|upkeep\n|turn|3\n|\n|t:|1781440033\n|switch|p1a: Giratina|Giratina, L75|349/349\n|-ability|p1a: Giratina|Pressure\n|move|p2a: Victreebel|Poison Jab|p1a: Giratina\n|-resisted|p1a: Giratina\n|-damage|p1a: Giratina|232/349\n|-damage|p2a: Victreebel|109/290|[from] item: Life Orb\n|\n|-heal|p1a: Giratina|253/349|[from] item: Leftovers\n|upkeep\n|turn|4\n|\n|t:|1781440049\n|switch|p2a: Blissey|Blissey, L85, F|572/572\n|-activate|p2a: Blissey|move: Sticky Web\n|-unboost|p2a: Blissey|spe|1\n|move|p1a: Giratina|Dragon Tail|p2a: Blissey\n|-damage|p2a: Blissey|422/572\n|drag|p2a: Iron Bundle|Iron Bundle, L78|215/215\n|\n|-heal|p1a: Giratina|274/349|[from] item: Leftovers\n|upkeep\n|turn|5\n|\n|t:|1781440059\n|move|p2a: Iron Bundle|Freeze-Dry|p1a: Giratina\n|-supereffective|p1a: Giratina\n|-damage|p1a: Giratina|140/349\n|move|p1a: Giratina|Shadow Ball|p2a: Iron Bundle\n|-damage|p2a: Iron Bundle|107/215\n|\n|-heal|p1a: Giratina|161/349|[from] item: Leftovers\n|upkeep\n|turn|6\n|\n|t:|1781440066\n|move|p2a: Iron Bundle|Flip Turn|p1a: Giratina\n|-resisted|p1a: Giratina\n|-damage|p1a: Giratina|139/349\n|\n|t:|1781440069\n|-end|p2a: Iron Bundle|Quark Drive|[silent]\n|switch|p2a: Blissey|Blissey, L85, F|422/572|[from] Flip Turn\n|-activate|p2a: Blissey|move: Sticky Web\n|-unboost|p2a: Blissey|spe|1\n|move|p1a: Giratina|Dragon Tail|p2a: Blissey\n|-damage|p2a: Blissey|260/572\n|drag|p2a: Muk|Muk-Alola, L82, M|306/306\n|-activate|p2a: Muk|move: Sticky Web\n|-unboost|p2a: Muk|spe|1\n|\n|-heal|p1a: Giratina|160/349|[from] item: Leftovers\n|upkeep\n|turn|7\n|\n|t:|1781440080\n|switch|p2a: Blissey|Blissey, L85, F|260/572\n|-activate|p2a: Blissey|move: Sticky Web\n|-unboost|p2a: Blissey|spe|1\n|move|p1a: Giratina|Rest|p1a: Giratina\n|-status|p1a: Giratina|slp|[from] move: Rest\n|-heal|p1a: Giratina|349/349 slp|[silent]\n|\n|-heal|p2a: Blissey|295/572|[from] item: Leftovers\n|upkeep\n|turn|8\n|\n|t:|1781440088\n|move|p2a: Blissey|Stealth Rock|p1a: Giratina\n|-sidestart|p1: tukkirekka|move: Stealth Rock\n|cant|p1a: Giratina|slp\n|\n|-heal|p2a: Blissey|330/572|[from] item: Leftovers\n|upkeep\n|turn|9\n|\n|t:|1781440093\n|move|p2a: Blissey|Soft-Boiled|p2a: Blissey\n|-heal|p2a: Blissey|572/572\n|cant|p1a: Giratina|slp\n|\n|upkeep\n|turn|10\n|\n|t:|1781440098\n|move|p2a: Blissey|Thunder Wave||[still]\n|-fail|p2a: Blissey\n|-curestatus|p1a: Giratina|slp|[msg]\n|move|p1a: Giratina|Dragon Tail|p2a: Blissey\n|-damage|p2a: Blissey|409/572\n|drag|p2a: Muk|Muk-Alola, L82, M|306/306\n|-activate|p2a: Muk|move: Sticky Web\n|-unboost|p2a: Muk|spe|1\n|\n|upkeep\n|turn|11\n|\n|t:|1781440110\n|switch|p1a: Torkoal|Torkoal, L88, M|266/266\n|-weather|SunnyDay|[from] ability: Drought|[of] p1a: Torkoal\n|move|p2a: Muk|Knock Off|p1a: Torkoal\n|-crit|p1a: Torkoal\n|-damage|p1a: Torkoal|172/266\n|-enditem|p1a: Torkoal|Heavy-Duty Boots|[from] move: Knock Off|[of] p2a: Muk\n|\n|-weather|SunnyDay|[upkeep]\n|upkeep\n|turn|12\n|\n|t:|1781440125\n|move|p2a: Muk|Gunk Shot|p1a: Torkoal|[miss]\n|-miss|p2a: Muk|p1a: Torkoal\n|move|p1a: Torkoal|Stealth Rock|p2a: Muk\n|-sidestart|p2: PrimalRazz|move: Stealth Rock\n|\n|-weather|SunnyDay|[upkeep]\n|upkeep\n|turn|13\n|\n|t:|1781440131\n|move|p2a: Muk|Gunk Shot|p1a: Torkoal\n|-damage|p1a: Torkoal|85/266\n|move|p1a: Torkoal|Earthquake|p2a: Muk\n|-supereffective|p2a: Muk\n|-damage|p2a: Muk|140/306\n|\n|-weather|SunnyDay|[upkeep]\n|upkeep\n|turn|14\n|\n|t:|1781440138\n|move|p2a: Muk|Gunk Shot|p1a: Torkoal\n|-damage|p1a: Torkoal|7/266\n|move|p1a: Torkoal|Earthquake|p2a: Muk\n|-supereffective|p2a: Muk\n|-damage|p2a: Muk|0 fnt\n|faint|p2a: Muk\n|\n|-weather|SunnyDay|[upkeep]\n|upkeep\n|\n|t:|1781440149\n|switch|p2a: Iron Bundle|Iron Bundle, L78|107/215\n|turn|15\n|\n|t:|1781440155\n|move|p2a: Iron Bundle|Freeze-Dry|p1a: Torkoal\n|-resisted|p1a: Torkoal\n|-damage|p1a: Torkoal|0 fnt\n|faint|p1a: Torkoal\n|\n|-weather|none\n|upkeep\n|\n|t:|1781440163\n|switch|p1a: Eelektross|Eelektross, L87, M|290/290\n|-damage|p1a: Eelektross|254/290|[from] Stealth Rock\n|turn|16\n|\n|t:|1781440181\n|move|p2a: Iron Bundle|Flip Turn|p1a: Eelektross\n|-damage|p1a: Eelektross|202/290\n|\n|t:|1781440184\n|-end|p2a: Iron Bundle|Quark Drive|[silent]\n|switch|p2a: Blissey|Blissey, L85, F|409/572|[from] Flip Turn\n|-activate|p2a: Blissey|move: Sticky Web\n|-unboost|p2a: Blissey|spe|1\n|-damage|p2a: Blissey|338/572|[from] Stealth Rock\n|move|p1a: Eelektross|Discharge|p2a: Blissey\n|-crit|p2a: Blissey\n|-damage|p2a: Blissey|239/572\n|-status|p2a: Blissey|par\n|\n|-heal|p2a: Blissey|274/572 par|[from] item: Leftovers\n|upkeep\n|turn|17\n|\n|t:|1781440188\n|move|p1a: Eelektross|Close Combat|p2a: Blissey\n|-supereffective|p2a: Blissey\n|-damage|p2a: Blissey|0 fnt\n|-unboost|p1a: Eelektross|def|1\n|-unboost|p1a: Eelektross|spd|1\n|faint|p2a: Blissey\n|\n|upkeep\n|\n|t:|1781440212\n|switch|p2a: Iron Bundle|Iron Bundle, L78|107/215\n|turn|18\n|\n|t:|1781440221\n|switch|p1a: Giratina|Giratina, L75|349/349\n|-damage|p1a: Giratina|306/349|[from] Stealth Rock\n|-ability|p1a: Giratina|Pressure\n|move|p2a: Iron Bundle|Hydro Pump|p1a: Giratina\n|-resisted|p1a: Giratina\n|-damage|p1a: Giratina|254/349\n|\n|-heal|p1a: Giratina|275/349|[from] item: Leftovers\n|upkeep\n|turn|19\n|\n|t:|1781440229\n|move|p2a: Iron Bundle|Freeze-Dry|p1a: Giratina\n|-supereffective|p1a: Giratina\n|-damage|p1a: Giratina|135/349\n|move|p1a: Giratina|Shadow Ball|p2a: Iron Bundle\n|-damage|p2a: Iron Bundle|4/215\n|\n|-heal|p1a: Giratina|156/349|[from] item: Leftovers\n|upkeep\n|turn|20\n|\n|t:|1781440236\n|move|p2a: Iron Bundle|Freeze-Dry|p1a: Giratina\n|-supereffective|p1a: Giratina\n|-damage|p1a: Giratina|12/349\n|move|p1a: Giratina|Shadow Ball|p2a: Iron Bundle\n|-damage|p2a: Iron Bundle|0 fnt\n|faint|p2a: Iron Bundle\n|-end|p2a: Iron Bundle|Quark Drive|[silent]\n|\n|-heal|p1a: Giratina|33/349|[from] item: Leftovers\n|upkeep\n|\n|t:|1781440247\n|switch|p2a: Victreebel|Victreebel, L90, F|109/290\n|-activate|p2a: Victreebel|move: Sticky Web\n|-unboost|p2a: Victreebel|spe|1\n|-damage|p2a: Victreebel|73/290|[from] Stealth Rock\n|turn|21\n|\n|t:|1781440252\n|move|p1a: Giratina|Rest|p1a: Giratina\n|-status|p1a: Giratina|slp|[from] move: Rest\n|-heal|p1a: Giratina|349/349 slp|[silent]\n|move|p2a: Victreebel|Swords Dance|p2a: Victreebel\n|-boost|p2a: Victreebel|atk|2\n|\n|upkeep\n|turn|22\n|\n|t:|1781440258\n|switch|p1a: Kricketune|Kricketune, L99, M|1/311\n|-damage|p1a: Kricketune|0 fnt|[from] Stealth Rock\n|faint|p1a: Kricketune\n|move|p2a: Victreebel|Swords Dance|p2a: Victreebel\n|-boost|p2a: Victreebel|atk|2\n|\n|upkeep\n|\n|t:|1781440268\n|switch|p1a: Gouging Fire|Gouging Fire, L74|277/277\n|turn|23\n|\n|t:|1781440277\n|move|p2a: Victreebel|Sucker Punch|p1a: Gouging Fire\n|-damage|p1a: Gouging Fire|56/277\n|-damage|p2a: Victreebel|44/290|[from] item: Life Orb\n|move|p1a: Gouging Fire|Heat Crash|p2a: Victreebel\n|-supereffective|p2a: Victreebel\n|-damage|p2a: Victreebel|0 fnt\n|faint|p2a: Victreebel\n|\n|upkeep\n|\n|t:|1781440283\n|switch|p2a: Phione|Phione, L91|293/293\n|-activate|p2a: Phione|move: Sticky Web\n|-unboost|p2a: Phione|spe|1\n|-damage|p2a: Phione|257/293|[from] Stealth Rock\n|turn|24\n|\n|t:|1781440290\n|move|p1a: Gouging Fire|Dragon Dance|p1a: Gouging Fire\n|-boost|p1a: Gouging Fire|atk|1\n|-boost|p1a: Gouging Fire|spe|1\n|move|p2a: Phione|Scald|p1a: Gouging Fire\n|-damage|p1a: Gouging Fire|0 fnt\n|faint|p1a: Gouging Fire\n|-end|p1a: Gouging Fire|Protosynthesis|[silent]\n|\n|-heal|p2a: Phione|275/293|[from] item: Leftovers\n|upkeep\n|\n|t:|1781440294\n|switch|p1a: Eelektross|Eelektross, L87, M|202/290\n|-damage|p1a: Eelektross|166/290|[from] Stealth Rock\n|turn|25\n|\n|t:|1781440306\n|switch|p2a: Slither Wing|Slither Wing, L81|270/270\n|-activate|p2a: Slither Wing|move: Sticky Web\n|-unboost|p2a: Slither Wing|spe|1\n|-damage|p2a: Slither Wing|237/270|[from] Stealth Rock\n|-enditem|p2a: Slither Wing|Booster Energy\n|-activate|p2a: Slither Wing|ability: Protosynthesis|[fromitem]\n|-start|p2a: Slither Wing|protosynthesisatk\n|move|p1a: Eelektross|Discharge|p2a: Slither Wing\n|-damage|p2a: Slither Wing|158/270\n|\n|upkeep\n|turn|26\n|\n|t:|1781440314\n|move|p1a: Eelektross|U-turn|p2a: Slither Wing\n|-resisted|p2a: Slither Wing\n|-crit|p2a: Slither Wing\n|-damage|p2a: Slither Wing|111/270\n|\n|t:|1781440317\n|switch|p1a: Giratina|Giratina, L75|349/349 slp|[from] U-turn\n|-damage|p1a: Giratina|306/349 slp|[from] Stealth Rock\n|-ability|p1a: Giratina|Pressure\n|move|p2a: Slither Wing|Close Combat|p1a: Giratina\n|-immune|p1a: Giratina\n|\n|-heal|p1a: Giratina|327/349 slp|[from] item: Leftovers\n|upkeep\n|turn|27\n|\n|t:|1781440320\n|move|p2a: Slither Wing|Bulk Up|p2a: Slither Wing\n|-boost|p2a: Slither Wing|atk|1\n|-boost|p2a: Slither Wing|def|1\n|cant|p1a: Giratina|slp\n|\n|-heal|p1a: Giratina|348/349 slp|[from] item: Leftovers\n|upkeep\n|turn|28\n|\n|t:|1781440325\n|move|p2a: Slither Wing|Acrobatics|p1a: Giratina\n|-damage|p1a: Giratina|188/349 slp\n|cant|p1a: Giratina|slp\n|\n|-heal|p1a: Giratina|209/349 slp|[from] item: Leftovers\n|upkeep\n|turn|29\n|\n|t:|1781440329\n|move|p2a: Slither Wing|Acrobatics|p1a: Giratina\n|-damage|p1a: Giratina|62/349 slp\n|-curestatus|p1a: Giratina|slp|[msg]\n|move|p1a: Giratina|Dragon Tail|p2a: Slither Wing\n|-damage|p2a: Slither Wing|71/270\n|-end|p2a: Slither Wing|Protosynthesis|[silent]\n|drag|p2a: Phione|Phione, L91|275/293\n|-activate|p2a: Phione|move: Sticky Web\n|-unboost|p2a: Phione|spe|1\n|-damage|p2a: Phione|239/293|[from] Stealth Rock\n|\n|-heal|p1a: Giratina|83/349|[from] item: Leftovers\n|-heal|p2a: Phione|257/293|[from] item: Leftovers\n|upkeep\n|turn|30\n|\n|t:|1781440339\n|switch|p2a: Slither Wing|Slither Wing, L81|71/270\n|-activate|p2a: Slither Wing|move: Sticky Web\n|-unboost|p2a: Slither Wing|spe|1\n|-damage|p2a: Slither Wing|38/270|[from] Stealth Rock\n|move|p1a: Giratina|Rest|p1a: Giratina\n|-status|p1a: Giratina|slp|[from] move: Rest\n|-heal|p1a: Giratina|349/349 slp|[silent]\n|\n|upkeep\n|turn|31\n|\n|t:|1781440346\n|switch|p1a: Kyogre|Kyogre, L71|259/259\n|-damage|p1a: Kyogre|227/259|[from] Stealth Rock\n|-weather|RainDance|[from] ability: Drizzle|[of] p1a: Kyogre\n|move|p2a: Slither Wing|Bulk Up|p2a: Slither Wing\n|-boost|p2a: Slither Wing|atk|1\n|-boost|p2a: Slither Wing|def|1\n|\n|-weather|RainDance|[upkeep]\n|-heal|p1a: Kyogre|243/259|[from] item: Leftovers\n|upkeep\n|turn|32\n|\n|t:|1781440359\n|move|p1a: Kyogre|Ice Beam|p2a: Slither Wing\n|-damage|p2a: Slither Wing|0 fnt\n|faint|p2a: Slither Wing\n|-end|p2a: Slither Wing|Protosynthesis|[silent]\n|\n|-weather|RainDance|[upkeep]\n|-heal|p1a: Kyogre|259/259|[from] item: Leftovers\n|upkeep\n|\n|t:|1781440362\n|switch|p2a: Phione|Phione, L91|257/293\n|-activate|p2a: Phione|move: Sticky Web\n|-unboost|p2a: Phione|spe|1\n|-damage|p2a: Phione|221/293|[from] Stealth Rock\n|turn|33\n|\n|t:|1781440370\n|-terastallize|p2a: Phione|Steel\n|move|p1a: Kyogre|Thunder|p2a: Phione\n|-crit|p2a: Phione\n|-damage|p2a: Phione|94/293\n|-status|p2a: Phione|par\n|cant|p2a: Phione|par\n|\n|-weather|RainDance|[upkeep]\n|-activate|p2a: Phione|ability: Hydration\n|-curestatus|p2a: Phione|par|[msg]\n|-heal|p2a: Phione|112/293|[from] item: Leftovers\n|upkeep\n|turn|34\n|\n|t:|1781440381\n|move|p1a: Kyogre|Origin Pulse|p2a: Phione\n|-damage|p2a: Phione|0 fnt\n|faint|p2a: Phione\n|\n|win|tukkirekka\n", "uploadtime": 1781439976, "views": 6, "formatid": "gen9randombattle", "rating": null, "private": 0, "password": null}