{"id": "gen9randombattle-2631963403", "format": "[Gen 9] Random Battle", "players": ["cyb", "fingerfonger"], "log": "|j|\u2606cyb\n|j|\u2606fingerfonger\n|t:|1781460459\n|gametype|singles\n|player|p1|cyb|erika|2064\n|player|p2|fingerfonger|clerkf|2097\n|gen|9\n|tier|[Gen 9] Random Battle\n|rated|\n|rule|Species Clause: Limit one of each Pok\u00e9mon\n|rule|HP Percentage Mod: HP is shown in percentages\n|rule|Sleep Clause Mod: Limit one foe put to sleep\n|rule|Illusion Level Mod: Illusion disguises the Pok\u00e9mon's true level\n|\n|t:|1781460459\n|teamsize|p1|6\n|teamsize|p2|6\n|start\n|switch|p1a: Swampert|Swampert, L83, M|302/302\n|switch|p2a: Dipplin|Dipplin, L88, M|284/284\n|turn|1\n|\n|t:|1781460472\n|switch|p1a: Araquanid|Araquanid, L82, M|246/246\n|move|p2a: Dipplin|Giga Drain|p1a: Araquanid\n|-crit|p1a: Araquanid\n|-damage|p1a: Araquanid|150/246\n|\n|upkeep\n|turn|2\n|\n|t:|1781460495\n|switch|p2a: Eelektross|Eelektross, L87, F|290/290\n|move|p1a: Araquanid|Sticky Web|p2a: Eelektross\n|-sidestart|p2: fingerfonger|move: Sticky Web\n|\n|upkeep\n|turn|3\n|inactive|Battle timer is ON: inactive players will automatically lose when time's up. (requested by fingerfonger)\n|inactive|cyb has 120 seconds left.\n|\n|t:|1781460543\n|switch|p1a: Calyrex|Calyrex-Ice, L72|263/263\n|-ability|p1a: Calyrex|As One\n|-ability|p1a: Calyrex|Unnerve\n|move|p2a: Eelektross|Discharge|p1a: Calyrex\n|-damage|p1a: Calyrex|176/263\n|\n|upkeep\n|turn|4\n|\n|t:|1781460561\n|move|p2a: Eelektross|U-turn|p1a: Calyrex\n|-supereffective|p1a: Calyrex\n|-damage|p1a: Calyrex|84/263\n|\n|t:|1781460572\n|switch|p2a: Tauros|Tauros-Paldea-Combat, L82, M|257/257|[from] U-turn\n|-activate|p2a: Tauros|move: Sticky Web\n|-unboost|p2a: Tauros|spe|1\n|-ability|p2a: Tauros|Intimidate|boost\n|-unboost|p1a: Calyrex|atk|1\n|move|p1a: Calyrex|Glacial Lance|p2a: Tauros\n|-damage|p2a: Tauros|166/257\n|\n|upkeep\n|turn|5\n|\n|t:|1781460587\n|move|p2a: Tauros|Throat Chop|p1a: Calyrex\n|-supereffective|p1a: Calyrex\n|-damage|p1a: Calyrex|0 fnt\n|faint|p1a: Calyrex\n|-damage|p2a: Tauros|141/257|[from] item: Life Orb\n|\n|upkeep\n|inactive|cyb has 120 seconds left.\n|\n|t:|1781460617\n|switch|p1a: Sawsbuck|Sawsbuck, L88, M|284/284\n|turn|6\n|\n|t:|1781460623\n|move|p1a: Sawsbuck|Double-Edge|p2a: Tauros\n|-damage|p2a: Tauros|0 fnt\n|faint|p2a: Tauros\n|-damage|p1a: Sawsbuck|237/284|[from] Recoil\n|-damage|p1a: Sawsbuck|209/284|[from] item: Life Orb\n|\n|upkeep\n|\n|t:|1781460627\n|switch|p2a: Gurdurr|Gurdurr, L85, M|283/283\n|-activate|p2a: Gurdurr|move: Sticky Web\n|-unboost|p2a: Gurdurr|spe|1\n|turn|7\n|\n|t:|1781460633\n|switch|p1a: Araquanid|Araquanid, L82, M|150/246\n|move|p2a: Gurdurr|Defog|p1a: Araquanid\n|-unboost|p1a: Araquanid|evasion|1\n|-sideend|p2: fingerfonger|Sticky Web|[from] move: Defog|[of] p2a: Gurdurr\n|\n|upkeep\n|turn|8\n|\n|t:|1781460645\n|switch|p2a: Eelektross|Eelektross, L87, F|290/290\n|move|p1a: Araquanid|Liquidation|p2a: Eelektross\n|-damage|p2a: Eelektross|151/290\n|\n|upkeep\n|turn|9\n|\n|t:|1781460664\n|switch|p1a: Swampert|Swampert, L83, M|302/302\n|move|p2a: Eelektross|Discharge|p1a: Swampert\n|-immune|p1a: Swampert\n|\n|upkeep\n|turn|10\n|\n|t:|1781460675\n|switch|p1a: Sawsbuck|Sawsbuck, L88, M|209/284\n|move|p2a: Eelektross|U-turn|p1a: Sawsbuck\n|-supereffective|p1a: Sawsbuck\n|-damage|p1a: Sawsbuck|75/284\n|\n|t:|1781460679\n|switch|p2a: Gurdurr|Gurdurr, L85, M|283/283|[from] U-turn\n|\n|upkeep\n|turn|11\n|\n|t:|1781460685\n|move|p1a: Sawsbuck|Horn Leech|p2a: Gurdurr\n|-damage|p2a: Gurdurr|197/283\n|-heal|p1a: Sawsbuck|118/284|[from] drain|[of] p2a: Gurdurr\n|-damage|p1a: Sawsbuck|90/284|[from] item: Life Orb\n|move|p2a: Gurdurr|Knock Off|p1a: Sawsbuck\n|-damage|p1a: Sawsbuck|5/284\n|-enditem|p1a: Sawsbuck|Life Orb|[from] move: Knock Off|[of] p2a: Gurdurr\n|\n|upkeep\n|turn|12\n|\n|t:|1781460690\n|move|p2a: Gurdurr|Mach Punch|p1a: Sawsbuck\n|-supereffective|p1a: Sawsbuck\n|-damage|p1a: Sawsbuck|0 fnt\n|faint|p1a: Sawsbuck\n|\n|upkeep\n|\n|t:|1781460712\n|switch|p1a: Venomoth|Venomoth, L84, M|255/255\n|turn|13\n|\n|t:|1781460720\n|switch|p2a: Eelektross|Eelektross, L87, F|151/290\n|move|p1a: Venomoth|Sleep Powder|p2a: Eelektross|[miss]\n|-miss|p1a: Venomoth|p2a: Eelektross\n|\n|upkeep\n|turn|14\n|\n|t:|1781460726\n|switch|p1a: Swampert|Swampert, L83, M|302/302\n|move|p2a: Eelektross|Discharge|p1a: Swampert\n|-immune|p1a: Swampert\n|\n|upkeep\n|turn|15\n|\n|t:|1781460729\n|move|p1a: Swampert|Stealth Rock|p2a: Eelektross\n|-sidestart|p2: fingerfonger|move: Stealth Rock\n|move|p2a: Eelektross|U-turn|p1a: Swampert\n|-damage|p1a: Swampert|242/302\n|\n|t:|1781460738\n|switch|p2a: Dipplin|Dipplin, L88, M|284/284|[from] U-turn\n|-damage|p2a: Dipplin|249/284|[from] Stealth Rock\n|\n|-heal|p1a: Swampert|260/302|[from] item: Leftovers\n|upkeep\n|turn|16\n|\n|t:|1781460740\n|switch|p1a: Araquanid|Araquanid, L82, M|150/246\n|move|p2a: Dipplin|Dragon Pulse|p1a: Araquanid\n|-damage|p1a: Araquanid|71/246\n|\n|upkeep\n|turn|17\n|\n|t:|1781460770\n|move|p2a: Dipplin|Dragon Pulse|p1a: Araquanid\n|-damage|p1a: Araquanid|0 fnt\n|faint|p1a: Araquanid\n|\n|upkeep\n|\n|t:|1781460771\n|switch|p1a: Venomoth|Venomoth, L84, M|255/255\n|turn|18\n|\n|t:|1781460778\n|move|p1a: Venomoth|Quiver Dance|p1a: Venomoth\n|-boost|p1a: Venomoth|spa|1\n|-boost|p1a: Venomoth|spd|1\n|-boost|p1a: Venomoth|spe|1\n|move|p2a: Dipplin|Dragon Pulse|p1a: Venomoth\n|-damage|p1a: Venomoth|183/255\n|\n|upkeep\n|turn|19\n|\n|t:|1781460786\n|move|p1a: Venomoth|Sludge Wave|p2a: Dipplin\n|-supereffective|p2a: Dipplin\n|-damage|p2a: Dipplin|61/284\n|move|p2a: Dipplin|Dragon Tail|p1a: Venomoth\n|-damage|p1a: Venomoth|104/255\n|drag|p1a: Swampert|Swampert, L83, M|260/302\n|\n|-heal|p1a: Swampert|278/302|[from] item: Leftovers\n|upkeep\n|turn|20\n|\n|t:|1781460794\n|switch|p1a: Venomoth|Venomoth, L84, M|104/255\n|move|p2a: Dipplin|Giga Drain|p1a: Venomoth\n|-resisted|p1a: Venomoth\n|-damage|p1a: Venomoth|82/255\n|-heal|p2a: Dipplin|72/284|[from] drain|[of] p1a: Venomoth\n|\n|upkeep\n|turn|21\n|\n|t:|1781460800\n|move|p1a: Venomoth|Sludge Wave|p2a: Dipplin\n|-supereffective|p2a: Dipplin\n|-damage|p2a: Dipplin|0 fnt\n|faint|p2a: Dipplin\n|\n|upkeep\n|\n|t:|1781460813\n|switch|p2a: Mudsdale|Mudsdale, L83, M|302/302\n|-damage|p2a: Mudsdale|284/302|[from] Stealth Rock\n|turn|22\n|\n|t:|1781460819\n|move|p1a: Venomoth|Sleep Powder|p2a: Mudsdale\n|-status|p2a: Mudsdale|slp|[from] move: Sleep Powder\n|cant|p2a: Mudsdale|slp\n|\n|-heal|p2a: Mudsdale|302/302 slp|[from] item: Leftovers\n|upkeep\n|turn|23\n|\n|t:|1781460838\n|switch|p1a: Swampert|Swampert, L83, M|278/302\n|switch|p2a: Eelektross|Eelektross, L87, F|151/290\n|-damage|p2a: Eelektross|115/290|[from] Stealth Rock\n|\n|-heal|p1a: Swampert|296/302|[from] item: Leftovers\n|upkeep\n|turn|24\n|\n|t:|1781460848\n|move|p2a: Eelektross|U-turn|p1a: Swampert\n|-damage|p1a: Swampert|231/302\n|\n|t:|1781460856\n|switch|p2a: Mudsdale|Mudsdale, L83, M|302/302 slp|[from] U-turn\n|-damage|p2a: Mudsdale|284/302 slp|[from] Stealth Rock\n|move|p1a: Swampert|Roar|p2a: Mudsdale\n|drag|p2a: Eelektross|Eelektross, L87, F|115/290\n|-damage|p2a: Eelektross|79/290|[from] Stealth Rock\n|\n|-heal|p1a: Swampert|249/302|[from] item: Leftovers\n|upkeep\n|turn|25\n|\n|t:|1781460868\n|move|p2a: Eelektross|Flamethrower|p1a: Swampert\n|-resisted|p1a: Swampert\n|-damage|p1a: Swampert|212/302\n|move|p1a: Swampert|Roar|p2a: Eelektross\n|drag|p2a: Gurdurr|Gurdurr, L85, M|197/283\n|-damage|p2a: Gurdurr|180/283|[from] Stealth Rock\n|\n|-heal|p1a: Swampert|230/302|[from] item: Leftovers\n|upkeep\n|turn|26\n|\n|t:|1781460878\n|move|p1a: Swampert|Earthquake|p2a: Gurdurr\n|-damage|p2a: Gurdurr|104/283\n|move|p2a: Gurdurr|Knock Off|p1a: Swampert\n|-damage|p1a: Swampert|148/302\n|-enditem|p1a: Swampert|Leftovers|[from] move: Knock Off|[of] p2a: Gurdurr\n|\n|upkeep\n|turn|27\n|\n|t:|1781460883\n|move|p1a: Swampert|Earthquake|p2a: Gurdurr\n|-damage|p2a: Gurdurr|25/283\n|move|p2a: Gurdurr|Drain Punch|p1a: Swampert\n|-damage|p1a: Swampert|58/302\n|-heal|p2a: Gurdurr|70/283|[from] drain|[of] p1a: Swampert\n|\n|upkeep\n|turn|28\n|\n|t:|1781460887\n|move|p2a: Gurdurr|Mach Punch|p1a: Swampert\n|-damage|p1a: Swampert|6/302\n|move|p1a: Swampert|Earthquake|p2a: Gurdurr\n|-damage|p2a: Gurdurr|0 fnt\n|faint|p2a: Gurdurr\n|\n|upkeep\n|\n|t:|1781460904\n|switch|p2a: Stonjourner|Stonjourner, L91, F|330/330\n|-damage|p2a: Stonjourner|289/330|[from] Stealth Rock\n|turn|29\n|\n|t:|1781460924\n|move|p2a: Stonjourner|Earthquake|p1a: Swampert\n|-damage|p1a: Swampert|0 fnt\n|faint|p1a: Swampert\n|-damage|p2a: Stonjourner|256/330|[from] item: Life Orb\n|\n|upkeep\n|inactive|cyb has 120 seconds left.\n|\n|t:|1781460940\n|switch|p1a: Venomoth|Venomoth, L84, M|82/255\n|turn|30\n|inactive|cyb has 120 seconds left.\n|\n|t:|1781460950\n|move|p1a: Venomoth|Sludge Wave|p2a: Stonjourner\n|-resisted|p2a: Stonjourner\n|-damage|p2a: Stonjourner|36/330\n|-status|p2a: Stonjourner|psn\n|move|p2a: Stonjourner|Earthquake|p1a: Venomoth\n|-damage|p1a: Venomoth|0 fnt\n|faint|p1a: Venomoth\n|-damage|p2a: Stonjourner|3/330 psn|[from] item: Life Orb\n|\n|-damage|p2a: Stonjourner|0 fnt|[from] psn\n|faint|p2a: Stonjourner\n|upkeep\n|\n|t:|1781460960\n|switch|p1a: Regieleki|Regieleki, L79|256/256\n|switch|p2a: Eelektross|Eelektross, L87, F|79/290\n|-damage|p2a: Eelektross|43/290|[from] Stealth Rock\n|turn|31\n|\n|t:|1781460966\n|-terastallize|p1a: Regieleki|Ice\n|move|p1a: Regieleki|Tera Blast|p2a: Eelektross|[anim] Tera Blast Ice\n|-damage|p2a: Eelektross|0 fnt\n|faint|p2a: Eelektross\n|\n|upkeep\n|\n|t:|1781460969\n|switch|p2a: Mudsdale|Mudsdale, L83, M|284/302 slp\n|-damage|p2a: Mudsdale|266/302 slp|[from] Stealth Rock\n|turn|32\n|\n|t:|1781460979\n|-terastallize|p2a: Mudsdale|Steel\n|move|p1a: Regieleki|Tera Blast|p2a: Mudsdale|[anim] Tera Blast Ice\n|-resisted|p2a: Mudsdale\n|-damage|p2a: Mudsdale|227/302 slp\n|-ability|p2a: Mudsdale|Stamina|boost\n|-boost|p2a: Mudsdale|def|1\n|cant|p2a: Mudsdale|slp\n|\n|-heal|p2a: Mudsdale|245/302 slp|[from] item: Leftovers\n|upkeep\n|turn|33\n|\n|t:|1781460984\n|move|p1a: Regieleki|Thunderbolt|p2a: Mudsdale\n|-damage|p2a: Mudsdale|112/302 slp\n|-ability|p2a: Mudsdale|Stamina|boost\n|-boost|p2a: Mudsdale|def|1\n|-curestatus|p2a: Mudsdale|slp|[msg]\n|move|p2a: Mudsdale|Heavy Slam|p1a: Regieleki\n|-supereffective|p1a: Regieleki\n|-damage|p1a: Regieleki|0 fnt\n|faint|p1a: Regieleki\n|\n|win|fingerfonger\n", "uploadtime": 1781460462, "views": 6, "formatid": "gen9randombattle", "rating": null, "private": 0, "password": null}