{"id": "gen9randombattle-2631894629", "format": "[Gen 9] Random Battle", "players": ["haibaraa", "Pokeoke"], "log": "|j|\u2606haibaraa\n|j|\u2606Pokeoke\n|t:|1781452973\n|gametype|singles\n|player|p1|haibaraa|unknownf|2045\n|player|p2|Pokeoke|169|2054\n|gen|9\n|tier|[Gen 9] Random Battle\n|rated|\n|rule|Species Clause: Limit one of each Pok\u00e9mon\n|rule|HP Percentage Mod: HP is shown in percentages\n|rule|Sleep Clause Mod: Limit one foe put to sleep\n|rule|Illusion Level Mod: Illusion disguises the Pok\u00e9mon's true level\n|\n|t:|1781452973\n|teamsize|p1|6\n|teamsize|p2|6\n|start\n|switch|p1a: Pawmot|Pawmot, L80, M|243/243\n|switch|p2a: Electrode|Electrode, L92|260/260\n|turn|1\n|\n|t:|1781452982\n|switch|p2a: Thundurus|Thundurus-Therian, L80, M|258/258\n|move|p1a: Pawmot|Close Combat|p2a: Thundurus\n|-resisted|p2a: Thundurus\n|-damage|p2a: Thundurus|144/258\n|-unboost|p1a: Pawmot|def|1\n|-unboost|p1a: Pawmot|spd|1\n|-damage|p1a: Pawmot|219/243|[from] item: Life Orb\n|\n|upkeep\n|turn|2\n|\n|t:|1781452988\n|move|p1a: Pawmot|Ice Punch|p2a: Thundurus\n|-supereffective|p2a: Thundurus\n|-damage|p2a: Thundurus|0 fnt\n|faint|p2a: Thundurus\n|-damage|p1a: Pawmot|195/243|[from] item: Life Orb\n|\n|upkeep\n|\n|t:|1781452998\n|switch|p2a: Sawsbuck|Sawsbuck-Autumn, L88, F|284/284\n|turn|3\n|\n|t:|1781453008\n|switch|p1a: Mismagius|Mismagius, L86, M|243/243\n|move|p2a: Sawsbuck|Swords Dance|p2a: Sawsbuck\n|-boost|p2a: Sawsbuck|atk|2\n|\n|upkeep\n|turn|4\n|\n|t:|1781453015\n|move|p1a: Mismagius|Mystical Fire|p2a: Sawsbuck\n|-supereffective|p2a: Sawsbuck\n|-damage|p2a: Sawsbuck|98/284\n|-unboost|p2a: Sawsbuck|spa|1\n|move|p2a: Sawsbuck|Horn Leech|p1a: Mismagius\n|-damage|p1a: Mismagius|0 fnt\n|-heal|p2a: Sawsbuck|220/284|[from] drain|[of] p1a: Mismagius\n|faint|p1a: Mismagius\n|-damage|p2a: Sawsbuck|192/284|[from] item: Life Orb\n|\n|upkeep\n|\n|t:|1781453025\n|switch|p1a: Dunsparce|Dunsparce, L86, F|312/312\n|turn|5\n|\n|t:|1781453029\n|-terastallize|p1a: Dunsparce|Ghost\n|move|p2a: Sawsbuck|Horn Leech|p1a: Dunsparce\n|-damage|p1a: Dunsparce|131/312\n|-heal|p2a: Sawsbuck|283/284|[from] drain|[of] p1a: Dunsparce\n|-damage|p2a: Sawsbuck|255/284|[from] item: Life Orb\n|move|p1a: Dunsparce|Body Slam|p2a: Sawsbuck\n|-crit|p2a: Sawsbuck\n|-damage|p2a: Sawsbuck|137/284\n|-status|p2a: Sawsbuck|par\n|\n|upkeep\n|turn|6\n|\n|t:|1781453035\n|move|p1a: Dunsparce|Body Slam|p2a: Sawsbuck\n|-damage|p2a: Sawsbuck|50/284 par\n|move|p2a: Sawsbuck|Horn Leech|p1a: Dunsparce\n|-damage|p1a: Dunsparce|0 fnt\n|-heal|p2a: Sawsbuck|116/284 par|[from] drain|[of] p1a: Dunsparce\n|faint|p1a: Dunsparce\n|-damage|p2a: Sawsbuck|88/284 par|[from] item: Life Orb\n|\n|upkeep\n|\n|t:|1781453042\n|switch|p1a: Pawmot|Pawmot, L80, M|195/243\n|turn|7\n|\n|t:|1781453054\n|move|p1a: Pawmot|Ice Punch|p2a: Sawsbuck\n|-supereffective|p2a: Sawsbuck\n|-damage|p2a: Sawsbuck|0 fnt\n|faint|p2a: Sawsbuck\n|-damage|p1a: Pawmot|171/243|[from] item: Life Orb\n|\n|upkeep\n|\n|t:|1781453069\n|switch|p2a: Electrode|Electrode, L92|260/260\n|turn|8\n|\n|t:|1781453073\n|move|p2a: Electrode|Taunt|p1a: Pawmot\n|-start|p1a: Pawmot|move: Taunt\n|move|p1a: Pawmot|Close Combat|p2a: Electrode\n|-damage|p2a: Electrode|68/260\n|-unboost|p1a: Pawmot|def|1\n|-unboost|p1a: Pawmot|spd|1\n|-damage|p1a: Pawmot|147/243|[from] item: Life Orb\n|\n|upkeep\n|turn|9\n|\n|t:|1781453078\n|switch|p1a: Clodsire|Clodsire, L81, M|343/343\n|move|p2a: Electrode|Tera Blast|p1a: Clodsire\n|-damage|p1a: Clodsire|266/343\n|-damage|p2a: Electrode|42/260|[from] item: Life Orb\n|\n|-heal|p1a: Clodsire|287/343|[from] item: Leftovers\n|upkeep\n|turn|10\n|\n|t:|1781453084\n|move|p2a: Electrode|Taunt|p1a: Clodsire\n|-start|p1a: Clodsire|move: Taunt\n|cant|p1a: Clodsire|move: Taunt|Toxic\n|\n|-heal|p1a: Clodsire|308/343|[from] item: Leftovers\n|upkeep\n|turn|11\n|\n|t:|1781453088\n|switch|p2a: Salamence|Salamence, L77, F|273/273\n|move|p1a: Clodsire|Gunk Shot|p2a: Salamence\n|-damage|p2a: Salamence|164/273\n|\n|-heal|p1a: Clodsire|329/343|[from] item: Leftovers\n|upkeep\n|turn|12\n|\n|t:|1781453092\n|move|p2a: Salamence|Earthquake|p1a: Clodsire\n|-supereffective|p1a: Clodsire\n|-damage|p1a: Clodsire|109/343\n|move|p1a: Clodsire|Gunk Shot|p2a: Salamence|[miss]\n|-miss|p1a: Clodsire|p2a: Salamence\n|\n|-heal|p1a: Clodsire|130/343|[from] item: Leftovers\n|-end|p1a: Clodsire|move: Taunt\n|upkeep\n|turn|13\n|\n|t:|1781453097\n|move|p2a: Salamence|Earthquake|p1a: Clodsire\n|-supereffective|p1a: Clodsire\n|-damage|p1a: Clodsire|0 fnt\n|faint|p1a: Clodsire\n|-ability|p2a: Salamence|Moxie|boost\n|-boost|p2a: Salamence|atk|1\n|\n|upkeep\n|\n|t:|1781453100\n|switch|p1a: Chansey|Chansey, L85, F|564/564\n|turn|14\n|\n|t:|1781453107\n|switch|p2a: Electrode|Electrode, L92|42/260\n|move|p1a: Chansey|Thunder Wave|p2a: Electrode\n|-immune|p2a: Electrode\n|\n|upkeep\n|turn|15\n|\n|t:|1781453110\n|move|p2a: Electrode|Taunt|p1a: Chansey\n|-start|p1a: Chansey|move: Taunt\n|move|p1a: Chansey|Seismic Toss|p2a: Electrode\n|-damage|p2a: Electrode|0 fnt\n|-damage|p1a: Chansey|423/564|[from] ability: Aftermath|[of] p2a: Electrode\n|faint|p2a: Electrode\n|\n|upkeep\n|\n|t:|1781453114\n|switch|p2a: Cloyster|Cloyster, L80, M|211/211\n|turn|16\n|\n|t:|1781453116\n|move|p2a: Cloyster|Shell Smash|p2a: Cloyster\n|-unboost|p2a: Cloyster|def|1\n|-unboost|p2a: Cloyster|spd|1\n|-boost|p2a: Cloyster|atk|2\n|-boost|p2a: Cloyster|spa|2\n|-boost|p2a: Cloyster|spe|2\n|-enditem|p2a: Cloyster|White Herb\n|-clearnegativeboost|p2a: Cloyster|[silent]\n|move|p1a: Chansey|Seismic Toss|p2a: Cloyster\n|-damage|p2a: Cloyster|126/211\n|\n|upkeep\n|turn|17\n|\n|t:|1781453119\n|move|p2a: Cloyster|Shell Smash|p2a: Cloyster\n|-unboost|p2a: Cloyster|def|1\n|-unboost|p2a: Cloyster|spd|1\n|-boost|p2a: Cloyster|atk|2\n|-boost|p2a: Cloyster|spa|2\n|-boost|p2a: Cloyster|spe|2\n|move|p1a: Chansey|Seismic Toss|p2a: Cloyster\n|-damage|p2a: Cloyster|41/211\n|\n|-end|p1a: Chansey|move: Taunt\n|upkeep\n|turn|18\n|\n|t:|1781453122\n|move|p2a: Cloyster|Icicle Spear|p1a: Chansey\n|-damage|p1a: Chansey|270/564\n|-damage|p1a: Chansey|116/564\n|-damage|p1a: Chansey|0 fnt\n|faint|p1a: Chansey\n|-hitcount|p1: Chansey|3\n|\n|upkeep\n|\n|t:|1781453125\n|switch|p1a: Emboar|Emboar, L84, M|322/322\n|turn|19\n|\n|t:|1781453131\n|-terastallize|p2a: Cloyster|Rock\n|move|p2a: Cloyster|Rock Blast|p1a: Emboar|[miss]\n|-miss|p2a: Cloyster|p1a: Emboar\n|move|p1a: Emboar|Wild Charge|p2a: Cloyster\n|-damage|p2a: Cloyster|0 fnt\n|faint|p2a: Cloyster\n|-damage|p1a: Emboar|312/322|[from] Recoil\n|\n|upkeep\n|\n|t:|1781453141\n|switch|p2a: Salamence|Salamence, L77, F|164/273\n|turn|20\n|\n|t:|1781453144\n|move|p2a: Salamence|Dragon Dance|p2a: Salamence\n|-boost|p2a: Salamence|atk|1\n|-boost|p2a: Salamence|spe|1\n|move|p1a: Emboar|Wild Charge|p2a: Salamence\n|-damage|p2a: Salamence|50/273\n|-damage|p1a: Emboar|283/322|[from] Recoil\n|\n|upkeep\n|turn|21\n|\n|t:|1781453148\n|move|p2a: Salamence|Earthquake|p1a: Emboar\n|-supereffective|p1a: Emboar\n|-damage|p1a: Emboar|7/322\n|move|p1a: Emboar|Wild Charge|p2a: Salamence\n|-damage|p2a: Salamence|0 fnt\n|faint|p2a: Salamence\n|-damage|p1a: Emboar|0 fnt|[from] Recoil\n|faint|p1a: Emboar\n|\n|upkeep\n|\n|t:|1781453150\n|switch|p2a: Tinkaton|Tinkaton, L82, F|274/274\n|switch|p1a: Pawmot|Pawmot, L80, M|147/243\n|-ability|p2a: Tinkaton|Mold Breaker\n|turn|22\n|\n|t:|1781453162\n|move|p1a: Pawmot|Revival Blessing|p1a: Pawmot\n|\n|t:|1781453176\n|-heal|p1: Clodsire|171/343|[from] move: Revival Blessing\n|move|p2a: Tinkaton|Play Rough|p1a: Pawmot\n|-supereffective|p1a: Pawmot\n|-damage|p1a: Pawmot|0 fnt\n|faint|p1a: Pawmot\n|\n|upkeep\n|\n|t:|1781453180\n|switch|p1a: Clodsire|Clodsire, L81, M|171/343\n|turn|23\n|\n|t:|1781453182\n|move|p2a: Tinkaton|Gigaton Hammer|p1a: Clodsire\n|-damage|p1a: Clodsire|0 fnt\n|faint|p1a: Clodsire\n|\n|win|Pokeoke\n", "uploadtime": 1781452975, "views": 6, "formatid": "gen9randombattle", "rating": null, "private": 0, "password": null}