{"id": "gen9randombattle-2632015543", "format": "[Gen 9] Random Battle", "players": ["chichi732", "Hong hoornstaart"], "log": "|j|\u2606chichi732\n|j|\u2606Hong hoornstaart\n|t:|1781466189\n|gametype|singles\n|player|p1|chichi732|102|2250\n|player|p2|Hong hoornstaart|1|2263\n|gen|9\n|tier|[Gen 9] Random Battle\n|rated|\n|rule|Species Clause: Limit one of each Pok\u00e9mon\n|rule|HP Percentage Mod: HP is shown in percentages\n|rule|Sleep Clause Mod: Limit one foe put to sleep\n|rule|Illusion Level Mod: Illusion disguises the Pok\u00e9mon's true level\n|\n|t:|1781466189\n|teamsize|p1|6\n|teamsize|p2|6\n|start\n|switch|p1a: Toxicroak|Toxicroak, L84, F|277/277\n|switch|p2a: Emboar|Emboar, L84, F|322/322\n|turn|1\n|\n|t:|1781466202\n|move|p1a: Toxicroak|Gunk Shot|p2a: Emboar\n|-damage|p2a: Emboar|63/322\n|move|p2a: Emboar|Flare Blitz|p1a: Toxicroak\n|-damage|p1a: Toxicroak|0 fnt\n|faint|p1a: Toxicroak\n|-damage|p2a: Emboar|0 fnt|[from] Recoil\n|faint|p2a: Emboar\n|\n|upkeep\n|\n|t:|1781466217\n|switch|p1a: Arbok|Arbok, L87, F|246/246\n|switch|p2a: Regirock|Regirock, L83|268/268\n|-ability|p1a: Arbok|Intimidate|boost\n|-fail|p2a: Regirock|unboost|[from] ability: Clear Body|[of] p2a: Regirock\n|turn|2\n|\n|t:|1781466227\n|move|p1a: Arbok|Coil|p1a: Arbok\n|-boost|p1a: Arbok|atk|1\n|-boost|p1a: Arbok|def|1\n|-boost|p1a: Arbok|accuracy|1\n|move|p2a: Regirock|Thunder Wave|p1a: Arbok\n|-status|p1a: Arbok|par\n|\n|upkeep\n|turn|3\n|\n|t:|1781466233\n|move|p2a: Regirock|Stealth Rock|p1a: Arbok\n|-sidestart|p1: chichi732|move: Stealth Rock\n|move|p1a: Arbok|Trailblaze|p2a: Regirock\n|-supereffective|p2a: Regirock\n|-damage|p2a: Regirock|212/268\n|-boost|p1a: Arbok|spe|1\n|\n|-heal|p2a: Regirock|228/268|[from] item: Leftovers\n|upkeep\n|turn|4\n|\n|t:|1781466248\n|switch|p2a: Gallade|Gallade, L80, M|240/240\n|move|p1a: Arbok|Trailblaze|p2a: Gallade\n|-damage|p2a: Gallade|164/240\n|-boost|p1a: Arbok|spe|1\n|\n|upkeep\n|turn|5\n|\n|t:|1781466256\n|switch|p2a: Swalot|Swalot, L90, F|326/326\n|cant|p1a: Arbok|par\n|\n|upkeep\n|turn|6\n|\n|t:|1781466262\n|-terastallize|p2a: Swalot|Ground\n|cant|p1a: Arbok|par\n|move|p2a: Swalot|Earthquake|p1a: Arbok\n|-supereffective|p1a: Arbok\n|-damage|p1a: Arbok|78/246 par\n|\n|-heal|p1a: Arbok|93/246 par|[from] item: Leftovers\n|upkeep\n|turn|7\n|\n|t:|1781466267\n|move|p1a: Arbok|Trailblaze|p2a: Swalot\n|-supereffective|p2a: Swalot\n|-damage|p2a: Swalot|214/326\n|-boost|p1a: Arbok|spe|1\n|move|p2a: Swalot|Earthquake|p1a: Arbok\n|-supereffective|p1a: Arbok\n|-damage|p1a: Arbok|0 fnt\n|faint|p1a: Arbok\n|\n|-heal|p2a: Swalot|234/326|[from] item: Leftovers\n|upkeep\n|\n|t:|1781466272\n|switch|p1a: Noivern|Noivern, L82, M|274/274\n|turn|8\n|\n|t:|1781466276\n|switch|p2a: Regirock|Regirock, L83|228/268\n|move|p1a: Noivern|Defog|p2a: Regirock\n|-fail|p2a: Regirock|unboost|[from] ability: Clear Body|[of] p2a: Regirock\n|-sideend|p1: chichi732|Stealth Rock|[from] move: Defog|[of] p1a: Noivern\n|\n|-heal|p2a: Regirock|244/268|[from] item: Leftovers\n|upkeep\n|turn|9\n|\n|t:|1781466286\n|move|p1a: Noivern|Draco Meteor|p2a: Regirock|[miss]\n|-miss|p1a: Noivern|p2a: Regirock\n|move|p2a: Regirock|Stealth Rock|p1a: Noivern\n|-sidestart|p1: chichi732|move: Stealth Rock\n|\n|-heal|p2a: Regirock|260/268|[from] item: Leftovers\n|upkeep\n|turn|10\n|\n|t:|1781466289\n|move|p1a: Noivern|Defog|p2a: Regirock\n|-fail|p2a: Regirock|unboost|[from] ability: Clear Body|[of] p2a: Regirock\n|-sideend|p1: chichi732|Stealth Rock|[from] move: Defog|[of] p1a: Noivern\n|move|p2a: Regirock|Thunder Wave|p1a: Noivern\n|-status|p1a: Noivern|par\n|\n|-heal|p2a: Regirock|268/268|[from] item: Leftovers\n|upkeep\n|turn|11\n|\n|t:|1781466294\n|move|p2a: Regirock|Stealth Rock|p1a: Noivern\n|-sidestart|p1: chichi732|move: Stealth Rock\n|cant|p1a: Noivern|par\n|\n|upkeep\n|turn|12\n|\n|t:|1781466297\n|move|p2a: Regirock|Stone Edge|p1a: Noivern\n|-supereffective|p1a: Noivern\n|-crit|p1a: Noivern\n|-damage|p1a: Noivern|0 fnt\n|faint|p1a: Noivern\n|\n|upkeep\n|c|\u2606chichi732|what a fucking sequence for me\n|\n|t:|1781466312\n|switch|p1a: Brute Bonnet|Brute Bonnet, L80|309/309\n|-damage|p1a: Brute Bonnet|271/309|[from] Stealth Rock\n|turn|13\n|\n|t:|1781466323\n|move|p1a: Brute Bonnet|Spore|p2a: Regirock\n|-status|p2a: Regirock|slp|[from] move: Spore\n|cant|p2a: Regirock|slp\n|\n|-heal|p1a: Brute Bonnet|290/309|[from] item: Leftovers\n|upkeep\n|turn|14\n|\n|t:|1781466328\n|switch|p2a: Swalot|Swalot, L90, F, tera:Ground|234/326\n|move|p1a: Brute Bonnet|Close Combat|p2a: Swalot\n|-damage|p2a: Swalot|144/326\n|-unboost|p1a: Brute Bonnet|def|1\n|-unboost|p1a: Brute Bonnet|spd|1\n|\n|-heal|p2a: Swalot|164/326|[from] item: Leftovers\n|-heal|p1a: Brute Bonnet|309/309|[from] item: Leftovers\n|upkeep\n|turn|15\n|\n|t:|1781466333\n|-end|p1a: Brute Bonnet|Protosynthesis|[silent]\n|switch|p1a: Avalugg|Avalugg-Hisui, L90, F|317/317\n|move|p2a: Swalot|Sludge Bomb|p1a: Avalugg\n|-resisted|p1a: Avalugg\n|-damage|p1a: Avalugg|242/317\n|-status|p1a: Avalugg|psn\n|\n|-heal|p2a: Swalot|184/326|[from] item: Leftovers\n|-damage|p1a: Avalugg|203/317 psn|[from] psn\n|upkeep\n|turn|16\n|\n|t:|1781466338\n|move|p2a: Swalot|Protect|p2a: Swalot\n|-singleturn|p2a: Swalot|Protect\n|move|p1a: Avalugg|Avalanche|p2a: Swalot\n|-activate|p2a: Swalot|move: Protect\n|\n|-heal|p2a: Swalot|204/326|[from] item: Leftovers\n|-damage|p1a: Avalugg|164/317 psn|[from] psn\n|upkeep\n|turn|17\n|\n|t:|1781466347\n|move|p2a: Swalot|Earthquake|p1a: Avalugg\n|-supereffective|p1a: Avalugg\n|-damage|p1a: Avalugg|68/317 psn\n|move|p1a: Avalugg|Avalanche|p2a: Swalot\n|-supereffective|p2a: Swalot\n|-damage|p2a: Swalot|0 fnt\n|faint|p2a: Swalot\n|\n|-damage|p1a: Avalugg|29/317 psn|[from] psn\n|upkeep\n|\n|t:|1781466357\n|switch|p2a: Gallade|Gallade, L80, M|164/240\n|turn|18\n|inactive|Battle timer is ON: inactive players will automatically lose when time's up. (requested by chichi732)\n|\n|t:|1781466361\n|move|p2a: Gallade|Sacred Sword|p1a: Avalugg\n|-supereffective|p1a: Avalugg\n|-damage|p1a: Avalugg|0 fnt\n|faint|p1a: Avalugg\n|\n|upkeep\n|\n|t:|1781466365\n|switch|p1a: Brute Bonnet|Brute Bonnet, L80|309/309\n|-damage|p1a: Brute Bonnet|271/309|[from] Stealth Rock\n|turn|19\n|\n|t:|1781466373\n|switch|p2a: Spiritomb|Spiritomb, L89, M|234/234\n|-terastallize|p1a: Brute Bonnet|Poison\n|move|p1a: Brute Bonnet|Crunch|p2a: Spiritomb\n|-damage|p2a: Spiritomb|158/234\n|\n|-heal|p1a: Brute Bonnet|290/309|[from] item: Leftovers\n|-heal|p2a: Spiritomb|172/234|[from] item: Leftovers\n|upkeep\n|turn|20\n|\n|t:|1781466379\n|move|p1a: Brute Bonnet|Crunch|p2a: Spiritomb\n|-damage|p2a: Spiritomb|97/234\n|move|p2a: Spiritomb|Pain Split|p1a: Brute Bonnet\n|-sethp|p1a: Brute Bonnet|193/309|[from] move: Pain Split|[silent]\n|-sethp|p2a: Spiritomb|193/234|[from] move: Pain Split\n|\n|-heal|p1a: Brute Bonnet|212/309|[from] item: Leftovers\n|-heal|p2a: Spiritomb|207/234|[from] item: Leftovers\n|upkeep\n|turn|21\n|\n|t:|1781466384\n|move|p1a: Brute Bonnet|Crunch|p2a: Spiritomb\n|-damage|p2a: Spiritomb|126/234\n|move|p2a: Spiritomb|Foul Play|p1a: Brute Bonnet\n|-damage|p1a: Brute Bonnet|98/309\n|\n|-heal|p1a: Brute Bonnet|117/309|[from] item: Leftovers\n|-heal|p2a: Spiritomb|140/234|[from] item: Leftovers\n|upkeep\n|turn|22\n|\n|t:|1781466388\n|move|p1a: Brute Bonnet|Crunch|p2a: Spiritomb\n|-damage|p2a: Spiritomb|59/234\n|move|p2a: Spiritomb|Foul Play|p1a: Brute Bonnet\n|-crit|p1a: Brute Bonnet\n|-damage|p1a: Brute Bonnet|0 fnt\n|faint|p1a: Brute Bonnet\n|-end|p1a: Brute Bonnet|Protosynthesis|[silent]\n|\n|-heal|p2a: Spiritomb|73/234|[from] item: Leftovers\n|upkeep\n|\n|t:|1781466392\n|switch|p1a: Sawsbuck|Sawsbuck-Autumn, L88, F|284/284\n|-damage|p1a: Sawsbuck|249/284|[from] Stealth Rock\n|turn|23\n|\n|t:|1781466402\n|move|p1a: Sawsbuck|Horn Leech|p2a: Spiritomb\n|-damage|p2a: Spiritomb|0 fnt\n|-heal|p1a: Sawsbuck|284/284|[from] drain|[of] p2a: Spiritomb\n|faint|p2a: Spiritomb\n|-damage|p1a: Sawsbuck|256/284|[from] item: Life Orb\n|\n|upkeep\n|\n|t:|1781466412\n|switch|p2a: Gallade|Gallade, L80, M|164/240\n|turn|24\n|\n|t:|1781466415\n|move|p1a: Sawsbuck|Headbutt|p2a: Gallade\n|-damage|p2a: Gallade|24/240\n|-damage|p1a: Sawsbuck|228/284|[from] item: Life Orb\n|move|p2a: Gallade|Sacred Sword|p1a: Sawsbuck\n|-supereffective|p1a: Sawsbuck\n|-damage|p1a: Sawsbuck|0 fnt\n|faint|p1a: Sawsbuck\n|\n|win|Hong hoornstaart\n", "uploadtime": 1781466191, "views": 2, "formatid": "gen9randombattle", "rating": null, "private": 0, "password": null}