{"id": "gen9randombattle-2631803165", "format": "[Gen 9] Random Battle", "players": ["rex1491", "123123JJ"], "log": "|j|\u2606rex1491\n|j|\u2606123123JJ\n|t:|1781441940\n|gametype|singles\n|player|p1|rex1491|bugcatcher-gen4dp|1086\n|player|p2|123123JJ|170|1079\n|gen|9\n|tier|[Gen 9] Random Battle\n|rated|\n|rule|Species Clause: Limit one of each Pok\u00e9mon\n|rule|HP Percentage Mod: HP is shown in percentages\n|rule|Sleep Clause Mod: Limit one foe put to sleep\n|rule|Illusion Level Mod: Illusion disguises the Pok\u00e9mon's true level\n|\n|t:|1781441940\n|teamsize|p1|6\n|teamsize|p2|6\n|start\n|switch|p1a: Mamoswine|Mamoswine, L81, F|311/311\n|switch|p2a: Overqwil|Overqwil, L82, M|274/274\n|-ability|p2a: Overqwil|Intimidate|boost\n|-unboost|p1a: Mamoswine|atk|1\n|turn|1\n|\n|t:|1781441983\n|switch|p2a: Slowbro|Slowbro, L85, M|300/300\n|move|p1a: Mamoswine|Earthquake|p2a: Slowbro\n|-damage|p2a: Slowbro|213/300\n|-damage|p1a: Mamoswine|280/311|[from] item: Life Orb\n|\n|upkeep\n|turn|2\n|\n|t:|1781442001\n|move|p1a: Mamoswine|Stealth Rock|p2a: Slowbro\n|-sidestart|p2: 123123JJ|move: Stealth Rock\n|move|p2a: Slowbro|Scald|p1a: Mamoswine\n|-supereffective|p1a: Mamoswine\n|-damage|p1a: Mamoswine|28/311\n|\n|upkeep\n|turn|3\n|inactive|Battle timer is ON: inactive players will automatically lose when time's up. (requested by rex1491)\n|\n|t:|1781442016\n|move|p1a: Mamoswine|Ice Shard|p2a: Slowbro\n|-resisted|p2a: Slowbro\n|-damage|p2a: Slowbro|196/300\n|-damage|p1a: Mamoswine|0 fnt|[from] item: Life Orb\n|faint|p1a: Mamoswine\n|move|p2a: Slowbro|Body Press|p1: Mamoswine|[notarget]\n|-fail|p2a: Slowbro\n|\n|upkeep\n|\n|t:|1781442029\n|switch|p1a: Cramorant|Cramorant, L86, F|261/261\n|turn|4\n|\n|t:|1781442048\n|move|p1a: Cramorant|Brave Bird|p2a: Slowbro\n|-damage|p2a: Slowbro|90/300\n|-damage|p1a: Cramorant|226/261|[from] Recoil\n|move|p2a: Slowbro|Ice Beam|p1a: Cramorant\n|-damage|p1a: Cramorant|162/261\n|\n|upkeep\n|turn|5\n|\n|t:|1781442077\n|switch|p2a: Overqwil|Overqwil, L82, M|274/274\n|-damage|p2a: Overqwil|240/274|[from] Stealth Rock\n|-ability|p2a: Overqwil|Intimidate|boost\n|-unboost|p1a: Cramorant|atk|1\n|move|p1a: Cramorant|Brave Bird|p2a: Overqwil\n|-damage|p2a: Overqwil|155/274\n|-damage|p1a: Cramorant|134/261|[from] Recoil\n|\n|upkeep\n|turn|6\n|inactive|123123JJ has 120 seconds left.\n|\n|t:|1781442098\n|move|p1a: Cramorant|Roost|p1a: Cramorant\n|-heal|p1a: Cramorant|261/261\n|-singleturn|p1a: Cramorant|move: Roost\n|move|p2a: Overqwil|Crunch|p1a: Cramorant\n|-damage|p1a: Cramorant|134/261\n|\n|upkeep\n|turn|7\n|inactive|123123JJ has 120 seconds left.\n|inactive|rex1491 has 120 seconds left.\n|inactive|rex1491 has 90 seconds left.\n|\n|t:|1781442156\n|move|p1a: Cramorant|Brave Bird|p2a: Overqwil\n|-crit|p2a: Overqwil\n|-damage|p2a: Overqwil|0 fnt\n|faint|p2a: Overqwil\n|-damage|p1a: Cramorant|83/261|[from] Recoil\n|\n|upkeep\n|inactive|123123JJ has 120 seconds left.\n|inactive|123123JJ has 90 seconds left.\n|\n|t:|1781442193\n|switch|p2a: Terrakion|Terrakion, L79|273/273\n|-damage|p2a: Terrakion|256/273|[from] Stealth Rock\n|turn|8\n|inactive|123123JJ has 90 seconds left.\n|inactive|rex1491 has 90 seconds left.\n|\n|t:|1781442213\n|move|p2a: Terrakion|Stone Edge|p1a: Cramorant|[miss]\n|-miss|p2a: Terrakion|p1a: Cramorant\n|move|p1a: Cramorant|Surf|p2a: Terrakion\n|-formechange|p1a: Cramorant|Cramorant-Gorging|\n|-supereffective|p2a: Terrakion\n|-damage|p2a: Terrakion|58/273\n|\n|upkeep\n|turn|9\n|inactive|rex1491 has 90 seconds left.\n|\n|t:|1781442223\n|move|p2a: Terrakion|Stone Edge|p1a: Cramorant\n|-supereffective|p1a: Cramorant\n|-damage|p1a: Cramorant|0 fnt\n|-damage|p2a: Terrakion|0 fnt|[from] ability: Gulp Missile|[of] p1a: Cramorant\n|-formechange|p1a: Cramorant|Cramorant|\n|faint|p1a: Cramorant\n|faint|p2a: Terrakion\n|\n|upkeep\n|inactive|rex1491 has 90 seconds left.\n|inactive|123123JJ has 90 seconds left.\n|inactive|rex1491 has 60 seconds left.\n|\n|t:|1781442266\n|switch|p2a: Slowbro|Slowbro, L85, M|190/300\n|switch|p1a: Lumineon|Lumineon, L93, M|279/279\n|-damage|p2a: Slowbro|153/300|[from] Stealth Rock\n|turn|10\n|inactive|rex1491 has 60 seconds left.\n|\n|t:|1781442275\n|move|p1a: Lumineon|U-turn|p2a: Slowbro\n|-supereffective|p2a: Slowbro\n|-damage|p2a: Slowbro|73/300\n|inactive|rex1491 has 60 seconds left.\n|\n|t:|1781442283\n|switch|p1a: Shiftry|Shiftry, L89, F|305/305|[from] U-turn\n|move|p2a: Slowbro|Body Press|p1a: Shiftry\n|-supereffective|p1a: Shiftry\n|-damage|p1a: Shiftry|147/305\n|\n|upkeep\n|turn|11\n|inactive|rex1491 has 60 seconds left.\n|\n|t:|1781442298\n|-terastallize|p2a: Slowbro|Fighting\n|move|p1a: Shiftry|Leaf Blade|p2a: Slowbro\n|-damage|p2a: Slowbro|0 fnt\n|faint|p2a: Slowbro\n|-damage|p1a: Shiftry|117/305|[from] item: Life Orb\n|\n|upkeep\n|\n|t:|1781442310\n|switch|p2a: Shiftry|Shiftry, L89, F|305/305\n|-damage|p2a: Shiftry|267/305|[from] Stealth Rock\n|turn|12\n|inactive|rex1491 has 60 seconds left.\n|\n|t:|1781442327\n|move|p1a: Shiftry|Low Kick|p2a: Shiftry\n|-supereffective|p2a: Shiftry\n|-damage|p2a: Shiftry|72/305\n|-damage|p1a: Shiftry|87/305|[from] item: Life Orb\n|move|p2a: Shiftry|Low Kick|p1a: Shiftry\n|-supereffective|p1a: Shiftry\n|-damage|p1a: Shiftry|0 fnt\n|faint|p1a: Shiftry\n|-damage|p2a: Shiftry|42/305|[from] item: Life Orb\n|\n|upkeep\n|inactive|rex1491 has 60 seconds left.\n|\n|t:|1781442340\n|switch|p1a: Decidueye|Decidueye-Hisui, L87, F|295/295\n|turn|13\n|inactive|rex1491 has 60 seconds left.\n|inactive|123123JJ has 90 seconds left.\n|\n|t:|1781442360\n|move|p2a: Shiftry|Low Kick|p1a: Decidueye\n|-damage|p1a: Decidueye|224/295\n|-damage|p2a: Shiftry|12/305|[from] item: Life Orb\n|move|p1a: Decidueye|Triple Arrows|p2a: Shiftry\n|-supereffective|p2a: Shiftry\n|-crit|p2a: Shiftry\n|-damage|p2a: Shiftry|0 fnt\n|faint|p2a: Shiftry\n|\n|-heal|p1a: Decidueye|242/295|[from] item: Leftovers\n|upkeep\n|inactive|123123JJ has 90 seconds left.\n|\n|t:|1781442373\n|switch|p2a: Froslass|Froslass, L87, F|263/263\n|-damage|p2a: Froslass|198/263|[from] Stealth Rock\n|turn|14\n|inactive|123123JJ has 90 seconds left.\n|\n|t:|1781442395\n|-terastallize|p1a: Decidueye|Steel\n|move|p2a: Froslass|Poltergeist|p1a: Decidueye\n|-activate|p1a: Decidueye|move: Poltergeist|Leftovers\n|-damage|p1a: Decidueye|125/295\n|move|p1a: Decidueye|Knock Off|p2a: Froslass\n|-supereffective|p2a: Froslass\n|-damage|p2a: Froslass|16/263\n|-start|p1a: Decidueye|Disable|Knock Off|[from] ability: Cursed Body|[of] p2a: Froslass\n|-enditem|p2a: Froslass|Wide Lens|[from] move: Knock Off|[of] p1a: Decidueye\n|\n|-heal|p1a: Decidueye|143/295|[from] item: Leftovers\n|upkeep\n|turn|15\n|\n|t:|1781442413\n|move|p2a: Froslass|Poltergeist|p1a: Decidueye\n|-activate|p1a: Decidueye|move: Poltergeist|Leftovers\n|-damage|p1a: Decidueye|41/295\n|move|p1a: Decidueye|Leaf Blade|p2a: Froslass\n|-damage|p2a: Froslass|0 fnt\n|faint|p2a: Froslass\n|\n|-heal|p1a: Decidueye|59/295|[from] item: Leftovers\n|upkeep\n|\n|t:|1781442426\n|switch|p2a: Rabsca|Rabsca, L91, M|284/284\n|turn|16\n|\n|t:|1781442442\n|move|p1a: Decidueye|Triple Arrows|p2a: Rabsca\n|-resisted|p2a: Rabsca\n|-damage|p2a: Rabsca|257/284\n|-unboost|p2a: Rabsca|def|1\n|move|p2a: Rabsca|Revival Blessing|p2a: Rabsca\n|\n|t:|1781442450\n|-heal|p2: Terrakion|136/273|[from] move: Revival Blessing\n|\n|-heal|p1a: Decidueye|77/295|[from] item: Leftovers\n|upkeep\n|turn|17\n|\n|t:|1781442463\n|move|p1a: Decidueye|Roost|p1a: Decidueye\n|-heal|p1a: Decidueye|225/295\n|move|p2a: Rabsca|Psychic|p1a: Decidueye\n|-resisted|p1a: Decidueye\n|-damage|p1a: Decidueye|163/295\n|\n|-heal|p1a: Decidueye|181/295|[from] item: Leftovers\n|-end|p1a: Decidueye|Disable\n|upkeep\n|turn|18\n|\n|t:|1781442478\n|switch|p2a: Terrakion|Terrakion, L79|136/273\n|-damage|p2a: Terrakion|119/273|[from] Stealth Rock\n|move|p1a: Decidueye|Roost|p1a: Decidueye\n|-heal|p1a: Decidueye|295/295\n|\n|upkeep\n|turn|19\n|\n|t:|1781442492\n|move|p2a: Terrakion|Close Combat|p1a: Decidueye\n|-supereffective|p1a: Decidueye\n|-damage|p1a: Decidueye|0 fnt\n|-unboost|p2a: Terrakion|def|1\n|-unboost|p2a: Terrakion|spd|1\n|faint|p1a: Decidueye\n|\n|upkeep\n|\n|t:|1781442498\n|switch|p1a: Lumineon|Lumineon, L93, M|279/279\n|turn|20\n|\n|t:|1781442505\n|move|p1a: Lumineon|Ice Beam|p2a: Terrakion\n|-damage|p2a: Terrakion|32/273\n|move|p2a: Terrakion|Close Combat|p1a: Lumineon\n|-damage|p1a: Lumineon|68/279\n|-unboost|p2a: Terrakion|def|1\n|-unboost|p2a: Terrakion|spd|1\n|\n|upkeep\n|turn|21\n|inactive|rex1491 has 90 seconds left.\n|\n|t:|1781442520\n|switch|p2a: Rabsca|Rabsca, L91, M|257/284\n|move|p1a: Lumineon|Ice Beam|p2a: Rabsca\n|-damage|p2a: Rabsca|202/284\n|\n|upkeep\n|turn|22\n|inactive|rex1491 has 90 seconds left.\n|\n|t:|1781442531\n|move|p1a: Lumineon|U-turn|p2a: Rabsca\n|-supereffective|p2a: Rabsca\n|-damage|p2a: Rabsca|118/284\n|\n|t:|1781442535\n|switch|p1a: Kyurem|Kyurem-White, L73|303/303|[from] U-turn\n|-ability|p1a: Kyurem|Turboblaze\n|move|p2a: Rabsca|Bug Buzz|p1a: Kyurem\n|-damage|p1a: Kyurem|179/303\n|\n|upkeep\n|turn|23\n|inactive|123123JJ has 90 seconds left.\n|inactive|rex1491 has 90 seconds left.\n|\n|t:|1781442551\n|move|p1a: Kyurem|Fusion Flare|p2a: Rabsca\n|-supereffective|p2a: Rabsca\n|-damage|p2a: Rabsca|0 fnt\n|faint|p2a: Rabsca\n|\n|upkeep\n|\n|t:|1781442557\n|switch|p2a: Terrakion|Terrakion, L79|32/273\n|-damage|p2a: Terrakion|15/273|[from] Stealth Rock\n|turn|24\n|\n|t:|1781442561\n|move|p2a: Terrakion|Close Combat|p1a: Kyurem\n|-supereffective|p1a: Kyurem\n|-damage|p1a: Kyurem|0 fnt\n|-unboost|p2a: Terrakion|def|1\n|-unboost|p2a: Terrakion|spd|1\n|faint|p1a: Kyurem\n|\n|upkeep\n|\n|t:|1781442568\n|switch|p1a: Lumineon|Lumineon, L93, M|68/279\n|turn|25\n|\n|t:|1781442572\n|move|p1a: Lumineon|Ice Beam|p2a: Terrakion\n|-damage|p2a: Terrakion|0 fnt\n|faint|p2a: Terrakion\n|\n|win|rex1491\n|raw|rex1491's rating: 1086 &rarr; <strong>1113</strong><br />(+27 for winning)\n|raw|123123JJ's rating: 1079 &rarr; <strong>1058</strong><br />(-21 for losing)\n|c|\u2606rex1491|gg\n|c|\u2606rex1491|want one more?\n|l|\u2606rex1491\n|player|p1|\n", "uploadtime": 1781442690, "views": 2, "formatid": "gen9randombattle", "rating": 1058, "private": 0, "password": null}