{"id": "gen9randombattle-2631613049", "format": "[Gen 9] Random Battle", "players": ["LinkNinjaTC11", "priparap"], "log": "|j|\u2606LinkNinjaTC11\n|j|\u2606priparap\n|t:|1781408883\n|gametype|singles\n|player|p1|LinkNinjaTC11|veteran|1927\n|player|p2|priparap|169|2026\n|gen|9\n|tier|[Gen 9] Random Battle\n|rated|\n|rule|Species Clause: Limit one of each Pok\u00e9mon\n|rule|HP Percentage Mod: HP is shown in percentages\n|rule|Sleep Clause Mod: Limit one foe put to sleep\n|rule|Illusion Level Mod: Illusion disguises the Pok\u00e9mon's true level\n|\n|t:|1781408883\n|teamsize|p1|6\n|teamsize|p2|6\n|start\n|switch|p1a: Lucario|Lucario, L84, M|255/255\n|switch|p2a: Rotom|Rotom-Heat, L83|219/219\n|turn|1\n|inactive|Battle timer is ON: inactive players will automatically lose when time's up. (requested by LinkNinjaTC11)\n|\n|t:|1781408908\n|move|p1a: Lucario|Close Combat|p2a: Rotom\n|-damage|p2a: Rotom|63/219\n|-unboost|p1a: Lucario|def|1\n|-unboost|p1a: Lucario|spd|1\n|-damage|p1a: Lucario|230/255|[from] item: Life Orb\n|move|p2a: Rotom|Overheat|p1a: Lucario\n|-supereffective|p1a: Lucario\n|-damage|p1a: Lucario|0 fnt\n|-unboost|p2a: Rotom|spa|2\n|faint|p1a: Lucario\n|\n|upkeep\n|\n|t:|1781408928\n|switch|p1a: Sceptile|Sceptile, L87, M|264/264\n|turn|2\n|\n|t:|1781408947\n|switch|p2a: Dusknoir|Dusknoir, L89, F|225/225\n|-item|p1a: Sceptile|Life Orb|[from] ability: Frisk|[of] p2a: Dusknoir\n|move|p1a: Sceptile|Rock Slide|p2a: Dusknoir|[miss]\n|-miss|p1a: Sceptile|p2a: Dusknoir\n|\n|upkeep\n|turn|3\n|\n|t:|1781408966\n|switch|p1a: Regigigas|Regigigas, L84|322/322\n|-start|p1a: Regigigas|ability: Slow Start\n|move|p2a: Dusknoir|Poltergeist|p1a: Regigigas\n|-immune|p1a: Regigigas\n|\n|upkeep\n|turn|4\n|inactive|priparap has 120 seconds left.\n|\n|t:|1781408994\n|switch|p2a: Rotom|Rotom-Heat, L83|63/219\n|move|p1a: Regigigas|Substitute|p1a: Regigigas\n|-start|p1a: Regigigas|Substitute\n|-damage|p1a: Regigigas|242/322\n|\n|-heal|p1a: Regigigas|262/322|[from] item: Leftovers\n|upkeep\n|turn|5\n|\n|t:|1781409000\n|move|p2a: Rotom|Discharge|p1a: Regigigas\n|-end|p1a: Regigigas|Substitute\n|move|p1a: Regigigas|Body Slam|p2a: Rotom\n|-damage|p2a: Rotom|9/219\n|\n|-heal|p1a: Regigigas|282/322|[from] item: Leftovers\n|upkeep\n|turn|6\n|\n|t:|1781409013\n|move|p1a: Regigigas|Protect|p1a: Regigigas\n|-singleturn|p1a: Regigigas|Protect\n|move|p2a: Rotom|Will-O-Wisp|p1a: Regigigas\n|-activate|p1a: Regigigas|move: Protect\n|\n|-heal|p1a: Regigigas|302/322|[from] item: Leftovers\n|upkeep\n|turn|7\n|\n|t:|1781409019\n|move|p2a: Rotom|Will-O-Wisp|p1a: Regigigas\n|-status|p1a: Regigigas|brn\n|move|p1a: Regigigas|Substitute|p1a: Regigigas\n|-start|p1a: Regigigas|Substitute\n|-damage|p1a: Regigigas|222/322 brn\n|\n|-heal|p1a: Regigigas|242/322 brn|[from] item: Leftovers\n|-damage|p1a: Regigigas|222/322 brn|[from] brn\n|upkeep\n|turn|8\n|\n|t:|1781409026\n|move|p2a: Rotom|Discharge|p1a: Regigigas\n|-activate|p1a: Regigigas|move: Substitute|[damage]\n|move|p1a: Regigigas|Body Slam|p2a: Rotom\n|-damage|p2a: Rotom|0 fnt\n|faint|p2a: Rotom\n|\n|-heal|p1a: Regigigas|242/322 brn|[from] item: Leftovers\n|-damage|p1a: Regigigas|222/322 brn|[from] brn\n|-end|p1a: Regigigas|Slow Start\n|upkeep\n|inactive|priparap has 120 seconds left.\n|\n|t:|1781409051\n|switch|p2a: Dachsbun|Dachsbun, L92, M|254/254\n|turn|9\n|\n|t:|1781409055\n|move|p2a: Dachsbun|Body Press|p1a: Regigigas\n|-supereffective|p1a: Regigigas\n|-end|p1a: Regigigas|Substitute\n|move|p1a: Regigigas|Body Slam|p2a: Dachsbun\n|-damage|p2a: Dachsbun|206/254\n|-status|p2a: Dachsbun|par\n|\n|-heal|p1a: Regigigas|242/322 brn|[from] item: Leftovers\n|-heal|p2a: Dachsbun|221/254 par|[from] item: Leftovers\n|-damage|p1a: Regigigas|222/322 brn|[from] brn\n|upkeep\n|turn|10\n|\n|t:|1781409062\n|move|p1a: Regigigas|Knock Off|p2a: Dachsbun\n|-resisted|p2a: Dachsbun\n|-damage|p2a: Dachsbun|201/254 par\n|-enditem|p2a: Dachsbun|Leftovers|[from] move: Knock Off|[of] p1a: Regigigas\n|move|p2a: Dachsbun|Body Press|p1a: Regigigas\n|-supereffective|p1a: Regigigas\n|-damage|p1a: Regigigas|98/322 brn\n|\n|-heal|p1a: Regigigas|118/322 brn|[from] item: Leftovers\n|-damage|p1a: Regigigas|98/322 brn|[from] brn\n|upkeep\n|turn|11\n|\n|t:|1781409067\n|switch|p1a: Swalot|Swalot, L90, M|326/326\n|move|p2a: Dachsbun|Wish|p2a: Dachsbun\n|\n|upkeep\n|turn|12\n|\n|t:|1781409075\n|switch|p2a: Dusknoir|Dusknoir, L89, F|225/225\n|-item|p1a: Swalot|Leftovers|[from] ability: Frisk|[of] p2a: Dusknoir\n|move|p1a: Swalot|Knock Off|p2a: Dusknoir\n|-supereffective|p2a: Dusknoir\n|-damage|p2a: Dusknoir|133/225\n|-enditem|p2a: Dusknoir|Choice Band|[from] move: Knock Off|[of] p1a: Swalot\n|\n|-heal|p2a: Dusknoir|225/225|[from] move: Wish|[wisher] Dachsbun\n|upkeep\n|turn|13\n|\n|t:|1781409086\n|switch|p1a: Regigigas|Regigigas, L84|98/322 brn\n|-start|p1a: Regigigas|ability: Slow Start\n|move|p2a: Dusknoir|Earthquake|p1a: Regigigas\n|-damage|p1a: Regigigas|27/322 brn\n|\n|-heal|p1a: Regigigas|47/322 brn|[from] item: Leftovers\n|-damage|p1a: Regigigas|27/322 brn|[from] brn\n|upkeep\n|turn|14\n|\n|t:|1781409093\n|move|p2a: Dusknoir|Leech Life|p1a: Regigigas\n|-damage|p1a: Regigigas|0 fnt\n|faint|p1a: Regigigas\n|-end|p1a: Regigigas|Slow Start|[silent]\n|\n|upkeep\n|\n|t:|1781409099\n|switch|p1a: Lilligant|Lilligant, L86, F|261/261\n|turn|15\n|\n|t:|1781409108\n|move|p1a: Lilligant|Sleep Powder|p2a: Dusknoir\n|-status|p2a: Dusknoir|slp|[from] move: Sleep Powder\n|cant|p2a: Dusknoir|slp\n|\n|upkeep\n|turn|16\n|\n|t:|1781409123\n|switch|p2a: Furret|Furret, L94, F|312/312\n|-item|p1a: Lilligant|Life Orb|[from] ability: Frisk|[of] p2a: Furret\n|move|p1a: Lilligant|Quiver Dance|p1a: Lilligant\n|-boost|p1a: Lilligant|spa|1\n|-boost|p1a: Lilligant|spd|1\n|-boost|p1a: Lilligant|spe|1\n|\n|upkeep\n|turn|17\n|\n|t:|1781409129\n|move|p1a: Lilligant|Petal Dance|p2a: Furret\n|-damage|p2a: Furret|0 fnt\n|faint|p2a: Furret\n|-damage|p1a: Lilligant|235/261|[from] item: Life Orb\n|\n|upkeep\n|\n|t:|1781409136\n|switch|p2a: Magmortar|Magmortar, L88, F|275/275\n|turn|18\n|\n|t:|1781409142\n|move|p1a: Lilligant|Petal Dance|p2a: Magmortar|[from] lockedmove\n|-resisted|p2a: Magmortar\n|-damage|p2a: Magmortar|150/275\n|-damage|p1a: Lilligant|209/261|[from] item: Life Orb\n|move|p2a: Magmortar|Fire Blast|p1a: Lilligant\n|-supereffective|p1a: Lilligant\n|-damage|p1a: Lilligant|0 fnt\n|faint|p1a: Lilligant\n|\n|upkeep\n|\n|t:|1781409146\n|switch|p1a: Sceptile|Sceptile, L87, M|264/264\n|turn|19\n|\n|t:|1781409163\n|move|p1a: Sceptile|Rock Slide|p2a: Magmortar\n|-supereffective|p2a: Magmortar\n|-damage|p2a: Magmortar|0 fnt\n|faint|p2a: Magmortar\n|-damage|p1a: Sceptile|238/264|[from] item: Life Orb\n|\n|upkeep\n|\n|t:|1781409169\n|switch|p2a: Cramorant|Cramorant, L86, F|261/261\n|turn|20\n|\n|t:|1781409178\n|switch|p1a: Swalot|Swalot, L90, M|326/326\n|move|p2a: Cramorant|Brave Bird|p1a: Swalot\n|-damage|p1a: Swalot|203/326\n|-damage|p2a: Cramorant|220/261|[from] Recoil\n|\n|-heal|p1a: Swalot|223/326|[from] item: Leftovers\n|upkeep\n|turn|21\n|\n|t:|1781409182\n|switch|p2a: Dusknoir|Dusknoir, L89, F|225/225 slp\n|-item|p1a: Swalot|Leftovers|[from] ability: Frisk|[of] p2a: Dusknoir\n|move|p1a: Swalot|Sludge Bomb|p2a: Dusknoir\n|-resisted|p2a: Dusknoir\n|-damage|p2a: Dusknoir|192/225 slp\n|\n|-heal|p1a: Swalot|243/326|[from] item: Leftovers\n|upkeep\n|turn|22\n|\n|t:|1781409188\n|switch|p1a: Comfey|Comfey, L85, F|225/225\n|cant|p2a: Dusknoir|slp\n|\n|upkeep\n|turn|23\n|\n|t:|1781409200\n|switch|p1a: Swalot|Swalot, L90, M|243/326\n|-terastallize|p2a: Dusknoir|Ghost\n|cant|p2a: Dusknoir|slp\n|\n|-heal|p1a: Swalot|263/326|[from] item: Leftovers\n|upkeep\n|turn|24\n|\n|t:|1781409208\n|move|p1a: Swalot|Sludge Bomb|p2a: Dusknoir\n|-resisted|p2a: Dusknoir\n|-damage|p2a: Dusknoir|159/225 slp\n|-curestatus|p2a: Dusknoir|slp|[msg]\n|move|p2a: Dusknoir|Earthquake|p1a: Swalot\n|-supereffective|p1a: Swalot\n|-damage|p1a: Swalot|111/326\n|\n|-heal|p1a: Swalot|131/326|[from] item: Leftovers\n|upkeep\n|turn|25\n|\n|t:|1781409230\n|switch|p2a: Cramorant|Cramorant, L86, F|220/261\n|move|p1a: Swalot|Pain Split|p2a: Cramorant\n|-sethp|p2a: Cramorant|175/261|[from] move: Pain Split|[silent]\n|-sethp|p1a: Swalot|175/326|[from] move: Pain Split\n|\n|-heal|p1a: Swalot|195/326|[from] item: Leftovers\n|upkeep\n|turn|26\n|\n|t:|1781409235\n|move|p2a: Cramorant|Surf|p1a: Swalot\n|-formechange|p2a: Cramorant|Cramorant-Gulping|\n|-damage|p1a: Swalot|99/326\n|move|p1a: Swalot|Sludge Bomb|p2a: Cramorant\n|-damage|p2a: Cramorant|99/261\n|-status|p2a: Cramorant|psn\n|-damage|p1a: Swalot|18/326|[from] ability: Gulp Missile|[of] p2a: Cramorant\n|-unboost|p1a: Swalot|def|1\n|-formechange|p2a: Cramorant|Cramorant|\n|\n|-heal|p1a: Swalot|38/326|[from] item: Leftovers\n|-damage|p2a: Cramorant|67/261 psn|[from] psn\n|upkeep\n|turn|27\n|\n|t:|1781409243\n|switch|p1a: Sceptile|Sceptile, L87, M|238/264\n|move|p2a: Cramorant|Roost|p2a: Cramorant\n|-heal|p2a: Cramorant|198/261 psn\n|-singleturn|p2a: Cramorant|move: Roost\n|\n|-damage|p2a: Cramorant|166/261 psn|[from] psn\n|upkeep\n|turn|28\n|\n|t:|1781409249\n|move|p1a: Sceptile|Rock Slide|p2a: Cramorant\n|-supereffective|p2a: Cramorant\n|-damage|p2a: Cramorant|0 fnt\n|faint|p2a: Cramorant\n|-damage|p1a: Sceptile|212/264|[from] item: Life Orb\n|\n|upkeep\n|\n|t:|1781409252\n|switch|p2a: Dusknoir|Dusknoir, L89, F, tera:Ghost|159/225\n|-item|p1a: Sceptile|Life Orb|[from] ability: Frisk|[of] p2a: Dusknoir\n|turn|29\n|\n|t:|1781409257\n|move|p1a: Sceptile|Shed Tail|p1a: Sceptile\n|-start|p1a: Sceptile|Substitute|[from] move: Shed Tail\n|-damage|p1a: Sceptile|80/264\n|\n|t:|1781409259\n|switch|p1a: Swalot|Swalot, L90, M|38/326|[from] Shed Tail\n|move|p2a: Dusknoir|Leech Life|p1a: Swalot\n|-resisted|p1a: Swalot\n|-activate|p1a: Swalot|move: Substitute|[damage]\n|-damage|p2a: Dusknoir|143/225|[from] ability: Liquid Ooze|[of] p1a: Swalot\n|\n|-heal|p1a: Swalot|58/326|[from] item: Leftovers\n|upkeep\n|turn|30\n|\n|t:|1781409273\n|move|p2a: Dusknoir|Shadow Sneak|p1a: Swalot\n|-end|p1a: Swalot|Substitute\n|move|p1a: Swalot|Encore|p2a: Dusknoir\n|-start|p2a: Dusknoir|Encore\n|\n|-heal|p1a: Swalot|78/326|[from] item: Leftovers\n|upkeep\n|turn|31\n|\n|t:|1781409279\n|move|p2a: Dusknoir|Shadow Sneak|p1a: Swalot\n|-damage|p1a: Swalot|12/326\n|move|p1a: Swalot|Pain Split|p2a: Dusknoir\n|-sethp|p2a: Dusknoir|77/225|[from] move: Pain Split|[silent]\n|-sethp|p1a: Swalot|77/326|[from] move: Pain Split\n|\n|-heal|p1a: Swalot|97/326|[from] item: Leftovers\n|upkeep\n|turn|32\n|\n|t:|1781409281\n|move|p2a: Dusknoir|Shadow Sneak|p1a: Swalot\n|-damage|p1a: Swalot|27/326\n|move|p1a: Swalot|Knock Off|p2a: Dusknoir\n|-supereffective|p2a: Dusknoir\n|-damage|p2a: Dusknoir|15/225\n|\n|-heal|p1a: Swalot|47/326|[from] item: Leftovers\n|upkeep\n|turn|33\n|-message|priparap forfeited.\n|\n|win|LinkNinjaTC11\n", "uploadtime": 1781408885, "views": 3, "formatid": "gen9randombattle", "rating": null, "private": 0, "password": null}