{"id": "gen9randombattle-2631843273", "format": "[Gen 9] Random Battle", "players": ["cuerodeolancho", "moritzvb"], "log": "|j|\u2606cuerodeolancho\n|j|\u2606moritzvb\n|t:|1781447149\n|gametype|singles\n|player|p1|cuerodeolancho|janitor|2136\n|player|p2|moritzvb|ariana|2163\n|gen|9\n|tier|[Gen 9] Random Battle\n|rated|\n|rule|Species Clause: Limit one of each Pok\u00e9mon\n|rule|HP Percentage Mod: HP is shown in percentages\n|rule|Sleep Clause Mod: Limit one foe put to sleep\n|rule|Illusion Level Mod: Illusion disguises the Pok\u00e9mon's true level\n|\n|t:|1781447149\n|teamsize|p1|6\n|teamsize|p2|6\n|start\n|switch|p1a: Kilowattrel|Kilowattrel, L83, M|252/252\n|switch|p2a: Dodrio|Dodrio, L85, F|241/241\n|turn|1\n|inactive|Battle timer is ON: inactive players will automatically lose when time's up. (requested by cuerodeolancho)\n|\n|t:|1781447159\n|switch|p2a: Rotom|Rotom-Frost, L87|229/229\n|move|p1a: Kilowattrel|Thunderbolt|p2a: Rotom\n|-resisted|p2a: Rotom\n|-damage|p2a: Rotom|185/229\n|\n|upkeep\n|turn|2\n|\n|t:|1781447169\n|move|p1a: Kilowattrel|U-turn|p2a: Rotom\n|-damage|p2a: Rotom|154/229\n|\n|t:|1781447171\n|switch|p1a: Conkeldurr|Conkeldurr, L80, F|299/299|[from] U-turn\n|move|p2a: Rotom|Will-O-Wisp|p1a: Conkeldurr\n|-status|p1a: Conkeldurr|brn\n|\n|-damage|p1a: Conkeldurr|281/299 brn|[from] brn\n|upkeep\n|turn|3\n|\n|t:|1781447178\n|switch|p2a: Qwilfish|Qwilfish, L86, F|252/252\n|-ability|p2a: Qwilfish|Intimidate|boost\n|-unboost|p1a: Conkeldurr|atk|1\n|move|p1a: Conkeldurr|Knock Off|p2a: Qwilfish\n|-damage|p2a: Qwilfish|167/252\n|-enditem|p2a: Qwilfish|Leftovers|[from] move: Knock Off|[of] p1a: Conkeldurr\n|\n|-damage|p1a: Conkeldurr|263/299 brn|[from] brn\n|upkeep\n|turn|4\n|\n|t:|1781447188\n|switch|p1a: Dragalge|Dragalge, L88, M|258/258\n|move|p2a: Qwilfish|Gunk Shot|p1a: Dragalge\n|-resisted|p1a: Dragalge\n|-damage|p1a: Dragalge|196/258\n|\n|-heal|p1a: Dragalge|212/258|[from] item: Leftovers\n|upkeep\n|turn|5\n|\n|t:|1781447196\n|move|p2a: Qwilfish|Destiny Bond|p2a: Qwilfish\n|-singlemove|p2a: Qwilfish|Destiny Bond\n|move|p1a: Dragalge|Draco Meteor|p2a: Qwilfish\n|-damage|p2a: Qwilfish|0 fnt\n|-unboost|p1a: Dragalge|spa|2\n|faint|p2a: Qwilfish\n|-activate|p2a: Qwilfish|move: Destiny Bond\n|faint|p1a: Dragalge\n|\n|upkeep\n|\n|t:|1781447205\n|switch|p2a: Medicham|Medicham, L86, F|243/243\n|switch|p1a: Conkeldurr|Conkeldurr, L80, F|263/299 brn\n|turn|6\n|\n|t:|1781447213\n|move|p2a: Medicham|Zen Headbutt|p1a: Conkeldurr\n|-supereffective|p1a: Conkeldurr\n|-damage|p1a: Conkeldurr|5/299 brn\n|move|p1a: Conkeldurr|Facade|p2a: Medicham\n|-damage|p2a: Medicham|58/243\n|\n|-damage|p1a: Conkeldurr|0 fnt|[from] brn\n|faint|p1a: Conkeldurr\n|upkeep\n|\n|t:|1781447235\n|switch|p1a: Minun|Minun, L95, F|268/268\n|turn|7\n|\n|t:|1781447240\n|switch|p2a: Amoonguss|Amoonguss, L82, M|321/321\n|move|p1a: Minun|Thunderbolt|p2a: Amoonguss\n|-resisted|p2a: Amoonguss\n|-damage|p2a: Amoonguss|244/321\n|-damage|p1a: Minun|242/268|[from] item: Life Orb\n|\n|-heal|p2a: Amoonguss|264/321|[from] item: Leftovers\n|upkeep\n|turn|8\n|\n|t:|1781447244\n|switch|p1a: Shaymin|Shaymin-Sky, L73|266/266\n|move|p2a: Amoonguss|Spore|p1a: Shaymin\n|-immune|p1a: Shaymin\n|\n|-heal|p2a: Amoonguss|284/321|[from] item: Leftovers\n|upkeep\n|turn|9\n|\n|t:|1781447268\n|switch|p2a: Dodrio|Dodrio, L85, F|241/241\n|move|p1a: Shaymin|Air Slash|p2a: Dodrio\n|-damage|p2a: Dodrio|102/241\n|\n|upkeep\n|turn|10\n|\n|t:|1781447280\n|switch|p1a: Minun|Minun, L95, F|242/268\n|move|p2a: Dodrio|Double-Edge|p1a: Minun\n|-damage|p1a: Minun|65/268\n|-damage|p2a: Dodrio|44/241|[from] Recoil\n|\n|upkeep\n|turn|11\n|\n|t:|1781447285\n|move|p2a: Dodrio|Double-Edge|p1a: Minun\n|-damage|p1a: Minun|0 fnt\n|faint|p1a: Minun\n|-damage|p2a: Dodrio|23/241|[from] Recoil\n|\n|upkeep\n|\n|t:|1781447289\n|switch|p1a: Kilowattrel|Kilowattrel, L83, M|252/252\n|turn|12\n|\n|t:|1781447308\n|switch|p2a: Rotom|Rotom-Frost, L87|154/229\n|move|p1a: Kilowattrel|Thunderbolt|p2a: Rotom\n|-resisted|p2a: Rotom\n|-damage|p2a: Rotom|109/229\n|\n|upkeep\n|turn|13\n|\n|t:|1781447317\n|move|p1a: Kilowattrel|Hurricane|p2a: Rotom\n|-resisted|p2a: Rotom\n|-damage|p2a: Rotom|61/229\n|move|p2a: Rotom|Blizzard|p1a: Kilowattrel\n|-supereffective|p1a: Kilowattrel\n|-damage|p1a: Kilowattrel|0 fnt\n|faint|p1a: Kilowattrel\n|\n|upkeep\n|\n|t:|1781447323\n|switch|p1a: Polteageist|Polteageist, L78|222/222\n|turn|14\n|\n|t:|1781447337\n|move|p2a: Rotom|Thunderbolt|p1a: Polteageist\n|-damage|p1a: Polteageist|132/222\n|-start|p2a: Rotom|Disable|Thunderbolt|[from] ability: Cursed Body|[of] p1a: Polteageist\n|move|p1a: Polteageist|Shell Smash|p1a: Polteageist\n|-unboost|p1a: Polteageist|def|1\n|-unboost|p1a: Polteageist|spd|1\n|-boost|p1a: Polteageist|atk|2\n|-boost|p1a: Polteageist|spa|2\n|-boost|p1a: Polteageist|spe|2\n|-enditem|p1a: Polteageist|White Herb\n|-clearnegativeboost|p1a: Polteageist|[silent]\n|\n|upkeep\n|turn|15\n|\n|t:|1781447350\n|move|p1a: Polteageist|Shadow Ball|p2a: Rotom\n|-damage|p2a: Rotom|0 fnt\n|faint|p2a: Rotom\n|\n|upkeep\n|\n|t:|1781447357\n|switch|p2a: Sawsbuck|Sawsbuck, L88, M|284/284\n|turn|16\n|\n|t:|1781447363\n|-terastallize|p1a: Polteageist|Fighting\n|move|p1a: Polteageist|Tera Blast|p2a: Sawsbuck|[anim] Tera Blast Fighting\n|-supereffective|p2a: Sawsbuck\n|-damage|p2a: Sawsbuck|0 fnt\n|faint|p2a: Sawsbuck\n|\n|upkeep\n|\n|t:|1781447371\n|switch|p2a: Amoonguss|Amoonguss, L82, M|321/321\n|turn|17\n|\n|t:|1781447377\n|move|p1a: Polteageist|Stored Power|p2a: Amoonguss\n|-supereffective|p2a: Amoonguss\n|-damage|p2a: Amoonguss|0 fnt\n|faint|p2a: Amoonguss\n|\n|upkeep\n|-message|moritzvb forfeited.\n|\n|win|cuerodeolancho\n|raw|cuerodeolancho's rating: 2136 &rarr; <strong>2158</strong><br />(+22 for winning)\n|raw|moritzvb's rating: 2163 &rarr; <strong>2141</strong><br />(-22 for losing)\n", "uploadtime": 1781447151, "views": 7, "formatid": "gen9randombattle", "rating": 2141, "private": 0, "password": null}