{"id": "gen9randombattle-2631930126", "format": "[Gen 9] Random Battle", "players": ["crustlemuscle", "thatdankcharizard"], "log": "|j|\u2606crustlemuscle\n|j|\u2606thatdankcharizard\n|t:|1781456815\n|gametype|singles\n|player|p1|crustlemuscle|169|1991\n|player|p2|thatdankcharizard|266|2045\n|gen|9\n|tier|[Gen 9] Random Battle\n|rated|\n|rule|Species Clause: Limit one of each Pok\u00e9mon\n|rule|HP Percentage Mod: HP is shown in percentages\n|rule|Sleep Clause Mod: Limit one foe put to sleep\n|rule|Illusion Level Mod: Illusion disguises the Pok\u00e9mon's true level\n|\n|t:|1781456815\n|teamsize|p1|6\n|teamsize|p2|6\n|start\n|switch|p1a: Roaring Moon|Roaring Moon, L72|270/270\n|switch|p2a: Dewgong|Dewgong, L94, F|322/322\n|turn|1\n|\n|t:|1781456827\n|move|p1a: Roaring Moon|U-turn|p2a: Dewgong\n|-damage|p2a: Dewgong|249/322\n|inactive|Battle timer is ON: inactive players will automatically lose when time's up. (requested by thatdankcharizard)\n|\n|t:|1781456845\n|-end|p1a: Roaring Moon|Protosynthesis|[silent]\n|switch|p1a: Magearna|Magearna, L77|250/250|[from] U-turn\n|move|p2a: Dewgong|Flip Turn|p1a: Magearna\n|-damage|p1a: Magearna|198/250\n|\n|t:|1781456851\n|switch|p2a: Araquanid|Araquanid, L82, F|246/246|[from] Flip Turn\n|\n|upkeep\n|turn|2\n|\n|t:|1781456858\n|move|p1a: Magearna|Shift Gear|p1a: Magearna\n|-boost|p1a: Magearna|spe|2\n|-boost|p1a: Magearna|atk|1\n|move|p2a: Araquanid|Sticky Web|p1a: Magearna\n|-sidestart|p1: crustlemuscle|move: Sticky Web\n|\n|upkeep\n|turn|3\n|\n|t:|1781456866\n|move|p1a: Magearna|Iron Head|p2a: Araquanid\n|-resisted|p2a: Araquanid\n|-damage|p2a: Araquanid|197/246\n|move|p2a: Araquanid|Liquidation|p1a: Magearna\n|-damage|p1a: Magearna|77/250\n|-unboost|p1a: Magearna|def|1\n|\n|upkeep\n|turn|4\n|\n|t:|1781456872\n|move|p1a: Magearna|Fleur Cannon|p2a: Araquanid\n|-damage|p2a: Araquanid|94/246\n|-unboost|p1a: Magearna|spa|2\n|move|p2a: Araquanid|Liquidation|p1a: Magearna\n|-crit|p1a: Magearna\n|-damage|p1a: Magearna|0 fnt\n|faint|p1a: Magearna\n|\n|upkeep\n|\n|t:|1781456887\n|switch|p1a: Oinkologne|Oinkologne-F, L92, F|361/361\n|-activate|p1a: Oinkologne|move: Sticky Web\n|-unboost|p1a: Oinkologne|spe|1\n|turn|5\n|\n|t:|1781456894\n|move|p2a: Araquanid|Liquidation|p1a: Oinkologne\n|-damage|p1a: Oinkologne|225/361\n|move|p1a: Oinkologne|Body Slam|p2a: Araquanid\n|-damage|p2a: Araquanid|1/246\n|-status|p2a: Araquanid|par\n|\n|-heal|p1a: Oinkologne|247/361|[from] item: Leftovers\n|upkeep\n|turn|6\n|\n|t:|1781456904\n|switch|p2a: Dewgong|Dewgong, L94, F|249/322\n|move|p1a: Oinkologne|Body Slam|p2a: Dewgong\n|-damage|p2a: Dewgong|150/322\n|\n|-heal|p1a: Oinkologne|269/361|[from] item: Leftovers\n|upkeep\n|turn|7\n|\n|t:|1781456911\n|move|p2a: Dewgong|Flip Turn|p1a: Oinkologne\n|-damage|p1a: Oinkologne|203/361\n|\n|t:|1781456913\n|switch|p2a: Araquanid|Araquanid, L82, F|1/246 par|[from] Flip Turn\n|move|p1a: Oinkologne|Body Slam|p2a: Araquanid\n|-damage|p2a: Araquanid|0 fnt\n|faint|p2a: Araquanid\n|\n|-heal|p1a: Oinkologne|225/361|[from] item: Leftovers\n|upkeep\n|\n|t:|1781456924\n|switch|p2a: Flygon|Flygon, L82, M|265/265\n|turn|8\n|\n|t:|1781456927\n|move|p2a: Flygon|Earthquake|p1a: Oinkologne\n|-damage|p1a: Oinkologne|63/361\n|move|p1a: Oinkologne|Body Slam|p2a: Flygon\n|-damage|p2a: Flygon|157/265\n|-status|p2a: Flygon|par\n|\n|-heal|p1a: Oinkologne|85/361|[from] item: Leftovers\n|upkeep\n|turn|9\n|\n|t:|1781456936\n|move|p1a: Oinkologne|Body Slam|p2a: Flygon\n|-damage|p2a: Flygon|54/265 par\n|cant|p2a: Flygon|par\n|\n|-heal|p1a: Oinkologne|107/361|[from] item: Leftovers\n|upkeep\n|turn|10\n|\n|t:|1781456947\n|move|p1a: Oinkologne|Body Slam|p2a: Flygon\n|-damage|p2a: Flygon|0 fnt\n|faint|p2a: Flygon\n|\n|-heal|p1a: Oinkologne|129/361|[from] item: Leftovers\n|upkeep\n|\n|t:|1781456950\n|switch|p2a: Azelf|Azelf, L82|257/257\n|turn|11\n|\n|t:|1781456954\n|move|p2a: Azelf|Psychic|p1a: Oinkologne\n|-damage|p1a: Oinkologne|0 fnt\n|faint|p1a: Oinkologne\n|\n|upkeep\n|\n|t:|1781456959\n|switch|p1a: Roaring Moon|Roaring Moon, L72|270/270\n|-activate|p1a: Roaring Moon|move: Sticky Web\n|-unboost|p1a: Roaring Moon|spe|1\n|turn|12\n|\n|t:|1781456967\n|switch|p2a: Ho-Oh|Ho-Oh, L71|268/268\n|move|p1a: Roaring Moon|Knock Off|p2a: Ho-Oh\n|-damage|p2a: Ho-Oh|105/268\n|-enditem|p2a: Ho-Oh|Heavy-Duty Boots|[from] move: Knock Off|[of] p1a: Roaring Moon\n|\n|upkeep\n|turn|13\n|\n|t:|1781456977\n|-end|p1a: Roaring Moon|Protosynthesis|[silent]\n|switch|p1a: Camerupt|Camerupt, L91, M|275/275\n|-activate|p1a: Camerupt|move: Sticky Web\n|-unboost|p1a: Camerupt|spe|1\n|move|p2a: Ho-Oh|Recover|p2a: Ho-Oh\n|-heal|p2a: Ho-Oh|239/268\n|\n|upkeep\n|turn|14\n|\n|t:|1781456985\n|move|p2a: Ho-Oh|Earthquake|p1a: Camerupt\n|-supereffective|p1a: Camerupt\n|-damage|p1a: Camerupt|163/275\n|move|p1a: Camerupt|Stealth Rock|p2a: Ho-Oh\n|-sidestart|p2: thatdankcharizard|move: Stealth Rock\n|\n|-heal|p1a: Camerupt|180/275|[from] item: Leftovers\n|upkeep\n|turn|15\n|\n|t:|1781456991\n|move|p2a: Ho-Oh|Earthquake|p1a: Camerupt\n|-supereffective|p1a: Camerupt\n|-damage|p1a: Camerupt|66/275\n|move|p1a: Camerupt|Roar|p2a: Ho-Oh\n|drag|p2a: Dewgong|Dewgong, L94, F|150/322\n|\n|-heal|p1a: Camerupt|83/275|[from] item: Leftovers\n|upkeep\n|turn|16\n|\n|t:|1781457006\n|move|p2a: Dewgong|Flip Turn|p1a: Camerupt\n|-supereffective|p1a: Camerupt\n|-damage|p1a: Camerupt|0 fnt\n|faint|p1a: Camerupt\n|\n|t:|1781457014\n|switch|p2a: Ho-Oh|Ho-Oh, L71|268/268|[from] Flip Turn\n|-damage|p2a: Ho-Oh|134/268|[from] Stealth Rock\n|\n|upkeep\n|\n|t:|1781457021\n|switch|p1a: Girafarig|Girafarig, L89, M|269/269\n|-activate|p1a: Girafarig|move: Sticky Web\n|-unboost|p1a: Girafarig|spe|1\n|turn|17\n|\n|t:|1781457030\n|move|p2a: Ho-Oh|Sacred Fire|p1a: Girafarig\n|-damage|p1a: Girafarig|191/269\n|-status|p1a: Girafarig|brn\n|move|p1a: Girafarig|Nasty Plot|p1a: Girafarig\n|-boost|p1a: Girafarig|spa|2\n|\n|-damage|p1a: Girafarig|175/269 brn|[from] brn\n|upkeep\n|turn|18\n|\n|t:|1781457041\n|move|p2a: Ho-Oh|Sacred Fire|p1a: Girafarig\n|-damage|p1a: Girafarig|103/269 brn\n|move|p1a: Girafarig|Thunderbolt|p2a: Ho-Oh\n|-supereffective|p2a: Ho-Oh\n|-damage|p2a: Ho-Oh|0 fnt\n|faint|p2a: Ho-Oh\n|\n|-damage|p1a: Girafarig|87/269 brn|[from] brn\n|upkeep\n|\n|t:|1781457048\n|switch|p2a: Azelf|Azelf, L82|257/257\n|-damage|p2a: Azelf|225/257|[from] Stealth Rock\n|turn|19\n|\n|t:|1781457062\n|move|p2a: Azelf|Dazzling Gleam|p1a: Girafarig\n|-damage|p1a: Girafarig|9/269 brn\n|move|p1a: Girafarig|Thunderbolt|p2a: Azelf\n|-damage|p2a: Azelf|52/257\n|\n|-damage|p1a: Girafarig|0 fnt|[from] brn\n|faint|p1a: Girafarig\n|upkeep\n|\n|t:|1781457069\n|switch|p1a: Toxicroak|Toxicroak, L84, M|277/277\n|-activate|p1a: Toxicroak|move: Sticky Web\n|-unboost|p1a: Toxicroak|spe|1\n|turn|20\n|\n|t:|1781457078\n|move|p2a: Azelf|Dazzling Gleam|p1a: Toxicroak\n|-damage|p1a: Toxicroak|161/277\n|move|p1a: Toxicroak|Knock Off|p2a: Azelf\n|-supereffective|p2a: Azelf\n|-damage|p2a: Azelf|0 fnt\n|-enditem|p2a: Azelf|Choice Specs|[from] move: Knock Off|[of] p1a: Toxicroak\n|faint|p2a: Azelf\n|-damage|p1a: Toxicroak|134/277|[from] item: Life Orb\n|\n|upkeep\n|\n|t:|1781457084\n|switch|p2a: Ursaluna|Ursaluna-Bloodmoon, L79, M|308/308\n|-damage|p2a: Ursaluna|289/308|[from] Stealth Rock\n|turn|21\n|\n|t:|1781457098\n|move|p2a: Ursaluna|Earth Power|p1a: Toxicroak\n|-supereffective|p1a: Toxicroak\n|-damage|p1a: Toxicroak|0 fnt\n|faint|p1a: Toxicroak\n|\n|-heal|p2a: Ursaluna|308/308|[from] item: Leftovers\n|upkeep\n|\n|t:|1781457111\n|switch|p1a: Roaring Moon|Roaring Moon, L72|270/270\n|-activate|p1a: Roaring Moon|move: Sticky Web\n|-unboost|p1a: Roaring Moon|spe|1\n|turn|22\n|\n|t:|1781457118\n|-terastallize|p1a: Roaring Moon|Dragon\n|-terastallize|p2a: Ursaluna|Normal\n|move|p1a: Roaring Moon|Outrage|p2a: Ursaluna\n|-damage|p2a: Ursaluna|90/308\n|move|p2a: Ursaluna|Blood Moon|p1a: Roaring Moon\n|-damage|p1a: Roaring Moon|36/270\n|\n|-heal|p2a: Ursaluna|109/308|[from] item: Leftovers\n|upkeep\n|turn|23\n|\n|t:|1781457129\n|move|p1a: Roaring Moon|Outrage|p2a: Ursaluna|[from] lockedmove\n|-damage|p2a: Ursaluna|0 fnt\n|faint|p2a: Ursaluna\n|-start|p1a: Roaring Moon|confusion|[fatigue]\n|\n|upkeep\n|\n|t:|1781457132\n|switch|p2a: Dewgong|Dewgong, L94, F|150/322\n|turn|24\n|\n|t:|1781457140\n|move|p2a: Dewgong|Ice Beam|p1a: Roaring Moon\n|-supereffective|p1a: Roaring Moon\n|-damage|p1a: Roaring Moon|0 fnt\n|faint|p1a: Roaring Moon\n|-end|p1a: Roaring Moon|Protosynthesis|[silent]\n|\n|win|thatdankcharizard\n", "uploadtime": 1781456817, "views": 3, "formatid": "gen9randombattle", "rating": null, "private": 0, "password": null}