{"id": "gen9randombattle-2631784545", "format": "[Gen 9] Random Battle", "players": ["Dunkin_Smeargle", "cka.15"], "log": "|j|\u2606Dunkin_Smeargle\n|j|\u2606cka.15\n|t:|1781439198\n|gametype|singles\n|player|p1|Dunkin_Smeargle|artist-gen4|2028\n|player|p2|cka.15|2|2010\n|gen|9\n|tier|[Gen 9] Random Battle\n|rated|\n|rule|Species Clause: Limit one of each Pok\u00e9mon\n|rule|HP Percentage Mod: HP is shown in percentages\n|rule|Sleep Clause Mod: Limit one foe put to sleep\n|rule|Illusion Level Mod: Illusion disguises the Pok\u00e9mon's true level\n|\n|t:|1781439198\n|teamsize|p1|6\n|teamsize|p2|6\n|start\n|switch|p1a: Raikou|Raikou, L81|278/278\n|switch|p2a: Abomasnow|Abomasnow, L84, M|287/287\n|-ability|p1a: Raikou|Pressure\n|-weather|Snowscape|[from] ability: Snow Warning|[of] p2a: Abomasnow\n|turn|1\n|inactive|Battle timer is ON: inactive players will automatically lose when time's up. (requested by cka.15)\n|\n|t:|1781439214\n|move|p1a: Raikou|Scald|p2a: Abomasnow\n|-resisted|p2a: Abomasnow\n|-damage|p2a: Abomasnow|255/287\n|move|p2a: Abomasnow|Aurora Veil|p2a: Abomasnow\n|-sidestart|p2: cka.15|move: Aurora Veil\n|\n|-weather|Snowscape|[upkeep]\n|upkeep\n|turn|2\n|\n|t:|1781439220\n|move|p1a: Raikou|Calm Mind|p1a: Raikou\n|-boost|p1a: Raikou|spa|1\n|-boost|p1a: Raikou|spd|1\n|move|p2a: Abomasnow|Earthquake|p1a: Raikou\n|-supereffective|p1a: Raikou\n|-damage|p1a: Raikou|108/278\n|\n|-weather|Snowscape|[upkeep]\n|-heal|p1a: Raikou|125/278|[from] item: Leftovers\n|upkeep\n|turn|3\n|\n|t:|1781439229\n|switch|p1a: Altaria|Altaria, L89, F|278/278\n|move|p2a: Abomasnow|Wood Hammer|p1a: Altaria\n|-resisted|p1a: Altaria\n|-damage|p1a: Altaria|248/278\n|-damage|p2a: Abomasnow|245/287|[from] Recoil\n|\n|-weather|Snowscape|[upkeep]\n|upkeep\n|turn|4\n|inactive|Dunkin_Smeargle has 120 seconds left.\n|\n|t:|1781439262\n|switch|p1a: Regirock|Regirock, L83|268/268\n|move|p2a: Abomasnow|Earthquake|p1a: Regirock\n|-supereffective|p1a: Regirock\n|-damage|p1a: Regirock|202/268\n|\n|-weather|Snowscape|[upkeep]\n|upkeep\n|turn|5\n|\n|t:|1781439270\n|move|p2a: Abomasnow|Wood Hammer|p1a: Regirock\n|-supereffective|p1a: Regirock\n|-damage|p1a: Regirock|68/268\n|-damage|p2a: Abomasnow|201/287|[from] Recoil\n|move|p1a: Regirock|Stone Edge|p2a: Abomasnow\n|-supereffective|p2a: Abomasnow\n|-crit|p2a: Abomasnow\n|-damage|p2a: Abomasnow|0 fnt\n|faint|p2a: Abomasnow\n|\n|-weather|none\n|upkeep\n|\n|t:|1781439278\n|switch|p2a: Carbink|Carbink, L90|236/236\n|turn|6\n|inactive|Dunkin_Smeargle has 120 seconds left.\n|\n|t:|1781439301\n|switch|p1a: Bruxish|Bruxish, L85, F|254/254\n|move|p2a: Carbink|Rock Polish|p2a: Carbink\n|-boost|p2a: Carbink|spe|2\n|\n|upkeep\n|turn|7\n|\n|t:|1781439308\n|-terastallize|p2a: Carbink|Fighting\n|move|p2a: Carbink|Iron Defense|p2a: Carbink\n|-boost|p2a: Carbink|def|2\n|move|p1a: Bruxish|Wave Crash|p2a: Carbink\n|-damage|p2a: Carbink|202/236\n|-damage|p1a: Bruxish|243/254|[from] Recoil\n|\n|-heal|p2a: Carbink|216/236|[from] item: Leftovers\n|upkeep\n|turn|8\n|inactive|Dunkin_Smeargle has 120 seconds left.\n|\n|t:|1781439326\n|switch|p1a: Necrozma|Necrozma, L80|286/286\n|move|p2a: Carbink|Iron Defense|p2a: Carbink\n|-boost|p2a: Carbink|def|2\n|\n|-heal|p2a: Carbink|230/236|[from] item: Leftovers\n|-sideend|p2: cka.15|move: Aurora Veil\n|upkeep\n|turn|9\n|inactive|Dunkin_Smeargle has 120 seconds left.\n|\n|t:|1781439343\n|move|p2a: Carbink|Body Press|p1a: Necrozma\n|-resisted|p1a: Necrozma\n|-damage|p1a: Necrozma|89/286\n|move|p1a: Necrozma|Photon Geyser|p2a: Carbink\n|-supereffective|p2a: Carbink\n|-damage|p2a: Carbink|25/236\n|-damage|p1a: Necrozma|61/286|[from] item: Life Orb\n|\n|-heal|p2a: Carbink|39/236|[from] item: Leftovers\n|upkeep\n|turn|10\n|inactive|Dunkin_Smeargle has 120 seconds left.\n|\n|t:|1781439366\n|switch|p1a: Regirock|Regirock, L83|68/268\n|move|p2a: Carbink|Body Press|p1a: Regirock\n|-supereffective|p1a: Regirock\n|-damage|p1a: Regirock|0 fnt\n|faint|p1a: Regirock\n|\n|-heal|p2a: Carbink|53/236|[from] item: Leftovers\n|upkeep\n|\n|t:|1781439374\n|switch|p1a: Altaria|Altaria, L89, F|248/278\n|turn|11\n|\n|t:|1781439380\n|move|p2a: Carbink|Moonblast|p1a: Altaria\n|-supereffective|p1a: Altaria\n|-damage|p1a: Altaria|128/278\n|-unboost|p1a: Altaria|spa|1\n|move|p1a: Altaria|Brave Bird|p2a: Carbink\n|-supereffective|p2a: Carbink\n|-damage|p2a: Carbink|9/236\n|-damage|p1a: Altaria|113/278|[from] Recoil\n|\n|-heal|p2a: Carbink|23/236|[from] item: Leftovers\n|upkeep\n|turn|12\n|inactive|Dunkin_Smeargle has 120 seconds left.\n|\n|t:|1781439391\n|move|p2a: Carbink|Body Press|p1a: Altaria\n|-resisted|p1a: Altaria\n|-damage|p1a: Altaria|0 fnt\n|faint|p1a: Altaria\n|\n|-heal|p2a: Carbink|37/236|[from] item: Leftovers\n|upkeep\n|\n|t:|1781439402\n|switch|p1a: Bruxish|Bruxish, L85, F|243/254\n|turn|13\n|\n|t:|1781439406\n|move|p2a: Carbink|Body Press|p1a: Bruxish\n|-resisted|p1a: Bruxish\n|-damage|p1a: Bruxish|18/254\n|move|p1a: Bruxish|Psychic Fangs|p2a: Carbink\n|-supereffective|p2a: Carbink\n|-damage|p2a: Carbink|0 fnt\n|faint|p2a: Carbink\n|\n|upkeep\n|\n|t:|1781439416\n|switch|p2a: Iron Treads|Iron Treads, L77|265/265\n|turn|14\n|\n|t:|1781439426\n|switch|p1a: Necrozma|Necrozma, L80|61/286\n|move|p2a: Iron Treads|Rapid Spin|p1a: Necrozma\n|-damage|p1a: Necrozma|31/286\n|-boost|p2a: Iron Treads|spe|1\n|\n|upkeep\n|turn|15\n|\n|t:|1781439434\n|move|p2a: Iron Treads|Rapid Spin|p1a: Necrozma\n|-damage|p1a: Necrozma|0 fnt\n|-boost|p2a: Iron Treads|spe|1\n|faint|p1a: Necrozma\n|\n|upkeep\n|\n|t:|1781439442\n|switch|p1a: Raikou|Raikou, L81|125/278\n|-ability|p1a: Raikou|Pressure\n|turn|16\n|\n|t:|1781439447\n|-terastallize|p1a: Raikou|Water\n|move|p2a: Iron Treads|Knock Off|p1a: Raikou\n|-damage|p1a: Raikou|45/278\n|-enditem|p1a: Raikou|Leftovers|[from] move: Knock Off|[of] p2a: Iron Treads\n|move|p1a: Raikou|Scald|p2a: Iron Treads\n|-supereffective|p2a: Iron Treads\n|-damage|p2a: Iron Treads|121/265\n|-status|p2a: Iron Treads|brn\n|\n|-damage|p2a: Iron Treads|105/265 brn|[from] brn\n|upkeep\n|turn|17\n|\n|t:|1781439463\n|move|p2a: Iron Treads|Earthquake|p1a: Raikou\n|-damage|p1a: Raikou|0 fnt\n|faint|p1a: Raikou\n|\n|-damage|p2a: Iron Treads|89/265 brn|[from] brn\n|upkeep\n|\n|t:|1781439469\n|switch|p1a: Bruxish|Bruxish, L85, F|18/254\n|turn|18\n|\n|t:|1781439472\n|move|p1a: Bruxish|Aqua Jet|p2a: Iron Treads\n|-supereffective|p2a: Iron Treads\n|-damage|p2a: Iron Treads|0 fnt\n|faint|p2a: Iron Treads\n|-end|p2a: Iron Treads|Quark Drive|[silent]\n|\n|upkeep\n|\n|t:|1781439481\n|switch|p2a: Snorlax|Snorlax, L82, F|397/397\n|turn|19\n|\n|t:|1781439486\n|switch|p1a: Ampharos|Ampharos, L88, F|302/302\n|move|p2a: Snorlax|Curse|p2a: Snorlax\n|-unboost|p2a: Snorlax|spe|1\n|-boost|p2a: Snorlax|atk|1\n|-boost|p2a: Snorlax|def|1\n|\n|upkeep\n|turn|20\n|\n|t:|1781439492\n|move|p1a: Ampharos|Focus Blast|p2a: Snorlax\n|-supereffective|p2a: Snorlax\n|-damage|p2a: Snorlax|129/397\n|move|p2a: Snorlax|Body Slam|p1a: Ampharos\n|-damage|p1a: Ampharos|175/302\n|\n|-heal|p2a: Snorlax|153/397|[from] item: Leftovers\n|upkeep\n|turn|21\n|\n|t:|1781439500\n|move|p1a: Ampharos|Focus Blast|p2a: Snorlax\n|-supereffective|p2a: Snorlax\n|-damage|p2a: Snorlax|0 fnt\n|faint|p2a: Snorlax\n|\n|upkeep\n|\n|t:|1781439502\n|switch|p2a: Arceus|Arceus-Psychic, L69|280/280\n|turn|22\n|\n|t:|1781439507\n|switch|p1a: Bruxish|Bruxish, L85, F|18/254\n|move|p2a: Arceus|Cosmic Power|p2a: Arceus\n|-boost|p2a: Arceus|def|1\n|-boost|p2a: Arceus|spd|1\n|\n|upkeep\n|turn|23\n|\n|t:|1781439517\n|move|p2a: Arceus|Stored Power|p1a: Bruxish\n|-resisted|p1a: Bruxish\n|-damage|p1a: Bruxish|0 fnt\n|faint|p1a: Bruxish\n|\n|upkeep\n|-message|Dunkin_Smeargle forfeited.\n|\n|win|cka.15\n", "uploadtime": 1781439200, "views": 3, "formatid": "gen9randombattle", "rating": null, "private": 0, "password": null}