{"id": "gen9randombattle-2631893573", "format": "[Gen 9] Random Battle", "players": ["BBUTTER", "moritzvb"], "log": "|j|\u2606BBUTTER\n|j|\u2606moritzvb\n|t:|1781452857\n|gametype|singles\n|player|p1|BBUTTER|blue|2021\n|player|p2|moritzvb|roark|2045\n|gen|9\n|tier|[Gen 9] Random Battle\n|rated|\n|rule|Species Clause: Limit one of each Pok\u00e9mon\n|rule|HP Percentage Mod: HP is shown in percentages\n|rule|Sleep Clause Mod: Limit one foe put to sleep\n|rule|Illusion Level Mod: Illusion disguises the Pok\u00e9mon's true level\n|\n|t:|1781452857\n|teamsize|p1|6\n|teamsize|p2|6\n|start\n|switch|p1a: Masquerain|Masquerain, L87, F|264/264\n|switch|p2a: Scyther|Scyther, L82, F|249/249\n|-ability|p1a: Masquerain|Intimidate|boost\n|-unboost|p2a: Scyther|atk|1\n|turn|1\n|\n|t:|1781452878\n|switch|p1a: Arceus|Arceus-Ice, L72|291/291\n|move|p2a: Scyther|U-turn|p1a: Arceus\n|-damage|p1a: Arceus|242/291\n|\n|t:|1781452883\n|switch|p2a: Conkeldurr|Conkeldurr, L80, F|299/299|[from] U-turn\n|\n|-status|p2a: Conkeldurr|brn|[from] item: Flame Orb\n|upkeep\n|turn|2\n|\n|t:|1781452888\n|switch|p1a: Masquerain|Masquerain, L87, F|264/264\n|-ability|p1a: Masquerain|Intimidate|boost\n|-unboost|p2a: Conkeldurr|atk|1\n|move|p2a: Conkeldurr|Close Combat|p1a: Masquerain\n|-resisted|p1a: Masquerain\n|-damage|p1a: Masquerain|216/264\n|-unboost|p2a: Conkeldurr|def|1\n|-unboost|p2a: Conkeldurr|spd|1\n|\n|-damage|p2a: Conkeldurr|281/299 brn|[from] brn\n|upkeep\n|turn|3\n|\n|t:|1781452894\n|move|p1a: Masquerain|Sticky Web|p2a: Conkeldurr\n|-sidestart|p2: moritzvb|move: Sticky Web\n|move|p2a: Conkeldurr|Facade|p1a: Masquerain\n|-damage|p1a: Masquerain|77/264\n|\n|-damage|p2a: Conkeldurr|263/299 brn|[from] brn\n|upkeep\n|turn|4\n|\n|t:|1781452899\n|switch|p2a: Magnezone|Magnezone, L85|258/258\n|-activate|p2a: Magnezone|move: Sticky Web\n|-unboost|p2a: Magnezone|spe|1\n|move|p1a: Masquerain|Hurricane|p2a: Magnezone|[miss]\n|-miss|p1a: Masquerain|p2a: Magnezone\n|\n|upkeep\n|turn|5\n|\n|t:|1781452911\n|switch|p1a: Lurantis|Lurantis, L87, F|264/264\n|move|p2a: Magnezone|Volt Switch|p1a: Lurantis\n|-resisted|p1a: Lurantis\n|-damage|p1a: Lurantis|217/264\n|\n|t:|1781452922\n|switch|p2a: Toucannon|Toucannon, L88, F|284/284|[from] Volt Switch\n|\n|-heal|p1a: Lurantis|233/264|[from] item: Leftovers\n|upkeep\n|turn|6\n|\n|t:|1781452931\n|switch|p1a: Moltres|Moltres-Galar, L79|271/271\n|-singleturn|p2a: Toucannon|move: Beak Blast\n|move|p2a: Toucannon|Beak Blast|p1a: Moltres\n|-damage|p1a: Moltres|133/271\n|-ability|p1a: Moltres|Berserk|boost\n|-boost|p1a: Moltres|spa|1\n|\n|upkeep\n|turn|7\n|\n|t:|1781452939\n|-singleturn|p2a: Toucannon|move: Beak Blast\n|move|p1a: Moltres|Fiery Wrath|p2a: Toucannon\n|-damage|p2a: Toucannon|137/284\n|move|p2a: Toucannon|Beak Blast|p1a: Moltres\n|-damage|p1a: Moltres|0 fnt\n|faint|p1a: Moltres\n|\n|upkeep\n|\n|t:|1781452943\n|switch|p1a: Arceus|Arceus-Ice, L72|242/291\n|turn|8\n|\n|t:|1781452955\n|switch|p1a: Lurantis|Lurantis, L87, F|233/264\n|switch|p2a: Conkeldurr|Conkeldurr, L80, F|263/299 brn\n|-activate|p2a: Conkeldurr|move: Sticky Web\n|-unboost|p2a: Conkeldurr|spe|1\n|\n|-heal|p1a: Lurantis|249/264|[from] item: Leftovers\n|-damage|p2a: Conkeldurr|245/299 brn|[from] brn\n|upkeep\n|turn|9\n|\n|t:|1781452961\n|switch|p2a: Scyther|Scyther, L82, F|249/249\n|move|p1a: Lurantis|Superpower|p2a: Scyther\n|-resisted|p2a: Scyther\n|-damage|p2a: Scyther|222/249\n|-boost|p1a: Lurantis|atk|1\n|-boost|p1a: Lurantis|def|1\n|\n|-heal|p1a: Lurantis|264/264|[from] item: Leftovers\n|upkeep\n|turn|10\n|\n|t:|1781452974\n|move|p2a: Scyther|Defog|p1a: Lurantis\n|-boost|p1a: Lurantis|evasion|1\n|-sideend|p2: moritzvb|Sticky Web|[from] move: Defog|[of] p2a: Scyther\n|move|p1a: Lurantis|Superpower|p2a: Scyther\n|-resisted|p2a: Scyther\n|-damage|p2a: Scyther|184/249\n|-boost|p1a: Lurantis|atk|1\n|-boost|p1a: Lurantis|def|1\n|\n|upkeep\n|turn|11\n|\n|t:|1781452979\n|move|p2a: Scyther|Dual Wingbeat|p1a: Lurantis\n|-supereffective|p1a: Lurantis\n|-damage|p1a: Lurantis|196/264\n|-supereffective|p1a: Lurantis\n|-damage|p1a: Lurantis|134/264\n|-hitcount|p1a: Lurantis|2\n|move|p1a: Lurantis|Superpower|p2a: Scyther\n|-resisted|p2a: Scyther\n|-damage|p2a: Scyther|132/249\n|-boost|p1a: Lurantis|atk|1\n|-boost|p1a: Lurantis|def|1\n|\n|-heal|p1a: Lurantis|150/264|[from] item: Leftovers\n|upkeep\n|turn|12\n|\n|t:|1781452988\n|move|p2a: Scyther|Dual Wingbeat|p1a: Lurantis|[miss]\n|-miss|p2a: Scyther|p1a: Lurantis\n|move|p1a: Lurantis|Synthesis|p1a: Lurantis\n|-heal|p1a: Lurantis|264/264\n|\n|upkeep\n|turn|13\n|\n|t:|1781452994\n|move|p2a: Scyther|Dual Wingbeat|p1a: Lurantis\n|-supereffective|p1a: Lurantis\n|-damage|p1a: Lurantis|208/264\n|-supereffective|p1a: Lurantis\n|-damage|p1a: Lurantis|152/264\n|-hitcount|p1a: Lurantis|2\n|move|p1a: Lurantis|Superpower|p2a: Scyther\n|-resisted|p2a: Scyther\n|-damage|p2a: Scyther|68/249\n|-boost|p1a: Lurantis|atk|1\n|-boost|p1a: Lurantis|def|1\n|\n|-heal|p1a: Lurantis|168/264|[from] item: Leftovers\n|upkeep\n|turn|14\n|\n|t:|1781452996\n|move|p2a: Scyther|U-turn|p1a: Lurantis\n|-supereffective|p1a: Lurantis\n|-damage|p1a: Lurantis|118/264\n|\n|t:|1781452998\n|switch|p2a: Toucannon|Toucannon, L88, F|137/284|[from] U-turn\n|move|p1a: Lurantis|Synthesis|p1a: Lurantis\n|-heal|p1a: Lurantis|250/264\n|\n|-heal|p1a: Lurantis|264/264|[from] item: Leftovers\n|upkeep\n|turn|15\n|\n|t:|1781453002\n|-singleturn|p2a: Toucannon|move: Beak Blast\n|move|p1a: Lurantis|Leaf Storm|p2a: Toucannon\n|-resisted|p2a: Toucannon\n|-damage|p2a: Toucannon|65/284\n|-boost|p1a: Lurantis|spa|2\n|move|p2a: Toucannon|Beak Blast|p1a: Lurantis|[miss]\n|-miss|p2a: Toucannon|p1a: Lurantis\n|\n|upkeep\n|turn|16\n|\n|t:|1781453010\n|move|p2a: Toucannon|Roost|p2a: Toucannon\n|-heal|p2a: Toucannon|207/284\n|-singleturn|p2a: Toucannon|move: Roost\n|move|p1a: Lurantis|Leaf Storm|p2a: Toucannon\n|-damage|p2a: Toucannon|0 fnt\n|-boost|p1a: Lurantis|spa|2\n|faint|p2a: Toucannon\n|\n|upkeep\n|\n|t:|1781453022\n|switch|p2a: Koraidon|Koraidon, L64|235/235\n|-weather|SunnyDay|[from] ability: Orichalcum Pulse|[of] p2a: Koraidon\n|-activate|p2a: Koraidon|Orichalcum Pulse|[source]\n|turn|17\n|\n|t:|1781453031\n|-terastallize|p2a: Koraidon|Fire\n|-terastallize|p1a: Lurantis|Fighting\n|move|p2a: Koraidon|Flare Blitz|p1a: Lurantis|[miss]\n|-miss|p2a: Koraidon|p1a: Lurantis\n|move|p1a: Lurantis|Superpower|p2a: Koraidon\n|-damage|p2a: Koraidon|0 fnt\n|-boost|p1a: Lurantis|atk|1\n|-boost|p1a: Lurantis|def|1\n|faint|p2a: Koraidon\n|\n|-weather|SunnyDay|[upkeep]\n|upkeep\n|-message|moritzvb forfeited.\n|\n|win|BBUTTER\n", "uploadtime": 1781452861, "views": 4, "formatid": "gen9randombattle", "rating": null, "private": 0, "password": null}