{"id": "gen9randombattle-2631898770", "format": "[Gen 9] Random Battle", "players": ["fart's cologne", "renz3554"], "log": "|j|\u2606fart's cologne\n|j|\u2606renz3554\n|t:|1781453412\n|gametype|singles\n|player|p1|fart's cologne|266|2029\n|player|p2|renz3554|1|2095\n|gen|9\n|tier|[Gen 9] Random Battle\n|rated|\n|rule|Species Clause: Limit one of each Pok\u00e9mon\n|rule|HP Percentage Mod: HP is shown in percentages\n|rule|Sleep Clause Mod: Limit one foe put to sleep\n|rule|Illusion Level Mod: Illusion disguises the Pok\u00e9mon's true level\n|\n|t:|1781453412\n|teamsize|p1|6\n|teamsize|p2|6\n|start\n|switch|p1a: Mandibuzz|Mandibuzz, L85, F|326/326\n|switch|p2a: Golem|Golem, L87, F|281/281\n|turn|1\n|inactive|Battle timer is ON: inactive players will automatically lose when time's up. (requested by renz3554)\n|\n|t:|1781453419\n|move|p1a: Mandibuzz|Foul Play|p2a: Golem\n|-damage|p2a: Golem|194/281\n|move|p2a: Golem|Stone Edge|p1a: Mandibuzz\n|-supereffective|p1a: Mandibuzz\n|-crit|p1a: Mandibuzz\n|-damage|p1a: Mandibuzz|0 fnt\n|faint|p1a: Mandibuzz\n|\n|upkeep\n|\n|t:|1781453428\n|switch|p1a: Basculin|Basculin, L86, F|261/261\n|turn|2\n|\n|t:|1781453433\n|move|p1a: Basculin|Flip Turn|p2a: Golem\n|-supereffective|p2a: Golem\n|-damage|p2a: Golem|0 fnt\n|faint|p2a: Golem\n|\n|t:|1781453438\n|switch|p1a: Gliscor|Gliscor, L76, F|239/239|[from] Flip Turn\n|\n|-status|p1a: Gliscor|tox|[from] item: Toxic Orb\n|upkeep\n|\n|t:|1781453443\n|switch|p2a: Glaceon|Glaceon, L94, F|275/275\n|turn|3\n|\n|t:|1781453447\n|switch|p1a: Volcarona|Volcarona, L77, M|257/257\n|move|p2a: Glaceon|Freeze-Dry|p1a: Volcarona\n|-resisted|p1a: Volcarona\n|-damage|p1a: Volcarona|203/257\n|\n|upkeep\n|turn|4\n|\n|t:|1781453455\n|move|p1a: Volcarona|Quiver Dance|p1a: Volcarona\n|-boost|p1a: Volcarona|spa|1\n|-boost|p1a: Volcarona|spd|1\n|-boost|p1a: Volcarona|spe|1\n|move|p2a: Glaceon|Mud Shot|p1a: Volcarona\n|-damage|p1a: Volcarona|167/257\n|-unboost|p1a: Volcarona|spe|1\n|\n|upkeep\n|turn|5\n|\n|t:|1781453464\n|switch|p2a: Zapdos|Zapdos, L78|268/268\n|move|p1a: Volcarona|Quiver Dance|p1a: Volcarona\n|-boost|p1a: Volcarona|spa|1\n|-boost|p1a: Volcarona|spd|1\n|-boost|p1a: Volcarona|spe|1\n|\n|upkeep\n|turn|6\n|\n|t:|1781453471\n|move|p1a: Volcarona|Fire Blast|p2a: Zapdos\n|-damage|p2a: Zapdos|0 fnt\n|faint|p2a: Zapdos\n|\n|upkeep\n|\n|t:|1781453474\n|switch|p2a: Kleavor|Kleavor, L78, F|237/237\n|turn|7\n|\n|t:|1781453489\n|move|p1a: Volcarona|Fire Blast|p2a: Kleavor\n|-damage|p2a: Kleavor|0 fnt\n|faint|p2a: Kleavor\n|\n|upkeep\n|-message|renz3554 forfeited.\n|\n|win|fart's cologne\n", "uploadtime": 1781453413, "views": 3, "formatid": "gen9randombattle", "rating": null, "private": 0, "password": null}