{"id": "gen9randombattle-2631956635", "format": "[Gen 9] Random Battle", "players": ["Rez0718", "megaron-kum"], "log": "|j|\u2606Rez0718\n|j|\u2606megaron-kum\n|t:|1781459748\n|gametype|singles\n|player|p1|Rez0718|1|1305\n|player|p2|megaron-kum|drayden|1310\n|gen|9\n|tier|[Gen 9] Random Battle\n|rated|\n|rule|Species Clause: Limit one of each Pok\u00e9mon\n|rule|HP Percentage Mod: HP is shown in percentages\n|rule|Sleep Clause Mod: Limit one foe put to sleep\n|rule|Illusion Level Mod: Illusion disguises the Pok\u00e9mon's true level\n|\n|t:|1781459748\n|teamsize|p1|6\n|teamsize|p2|6\n|start\n|switch|p1a: Hawlucha|Hawlucha, L80, F|256/256\n|switch|p2a: Kyogre|Kyogre, L71|259/259\n|-weather|RainDance|[from] ability: Drizzle|[of] p2a: Kyogre\n|turn|1\n|inactive|Battle timer is ON: inactive players will automatically lose when time's up. (requested by Rez0718)\n|inactive|megaron-kum also wants the timer to be on.\n|\n|t:|1781459766\n|switch|p1a: Basculegion|Basculegion-F, L83, F|335/335\n|move|p2a: Kyogre|Thunder|p1a: Basculegion\n|-supereffective|p1a: Basculegion\n|-damage|p1a: Basculegion|213/335\n|-status|p1a: Basculegion|par\n|\n|-weather|RainDance|[upkeep]\n|upkeep\n|turn|2\n|\n|t:|1781459778\n|move|p2a: Kyogre|Thunder|p1a: Basculegion\n|-supereffective|p1a: Basculegion\n|-damage|p1a: Basculegion|89/335 par\n|move|p1a: Basculegion|Flip Turn|p2a: Kyogre\n|-resisted|p2a: Kyogre\n|-damage|p2a: Kyogre|192/259\n|\n|t:|1781459787\n|switch|p1a: Pikachu|Pikachu-Original, L93, M|216/216|[from] Flip Turn\n|\n|-weather|RainDance|[upkeep]\n|upkeep\n|turn|3\n|\n|t:|1781459799\n|switch|p2a: Jirachi|Jirachi, L80|291/291\n|move|p1a: Pikachu|Fake Out|p2a: Jirachi\n|-resisted|p2a: Jirachi\n|-damage|p2a: Jirachi|269/291\n|\n|-weather|RainDance|[upkeep]\n|-heal|p2a: Jirachi|287/291|[from] item: Leftovers\n|upkeep\n|turn|4\n|\n|t:|1781459811\n|move|p1a: Pikachu|Knock Off|p2a: Jirachi\n|-supereffective|p2a: Jirachi\n|-damage|p2a: Jirachi|69/291\n|-enditem|p2a: Jirachi|Leftovers|[from] move: Knock Off|[of] p1a: Pikachu\n|move|p2a: Jirachi|Iron Head|p1a: Pikachu\n|-resisted|p1a: Pikachu\n|-damage|p1a: Pikachu|154/216\n|\n|-weather|RainDance|[upkeep]\n|upkeep\n|turn|5\n|\n|t:|1781459819\n|move|p2a: Jirachi|Protect|p2a: Jirachi\n|-singleturn|p2a: Jirachi|Protect\n|move|p1a: Pikachu|Knock Off|p2a: Jirachi\n|-activate|p2a: Jirachi|move: Protect\n|\n|-weather|none\n|upkeep\n|turn|6\n|\n|t:|1781459825\n|move|p1a: Pikachu|Knock Off|p2a: Jirachi\n|-supereffective|p2a: Jirachi\n|-damage|p2a: Jirachi|0 fnt\n|faint|p2a: Jirachi\n|\n|upkeep\n|\n|t:|1781459832\n|switch|p2a: Kyurem|Kyurem, L77|319/319\n|-ability|p2a: Kyurem|Pressure\n|turn|7\n|\n|t:|1781459860\n|switch|p1a: Sableye|Sableye, L88, F|231/231\n|move|p2a: Kyurem|Earth Power|p1a: Sableye\n|-crit|p1a: Sableye\n|-damage|p1a: Sableye|109/231\n|\n|-heal|p1a: Sableye|123/231|[from] item: Leftovers\n|upkeep\n|turn|8\n|\n|t:|1781459878\n|switch|p2a: Clefable|Clefable, L83, F|293/293\n|move|p1a: Sableye|Recover|p1a: Sableye\n|-heal|p1a: Sableye|231/231\n|\n|upkeep\n|turn|9\n|inactive|Rez0718 has 120 seconds left.\n|\n|t:|1781459899\n|switch|p1a: Basculegion|Basculegion-F, L83, F|89/335 par\n|move|p2a: Clefable|Moonblast|p1a: Basculegion\n|-damage|p1a: Basculegion|0 fnt\n|faint|p1a: Basculegion\n|\n|upkeep\n|inactive|Rez0718 has 90 seconds left.\n|\n|t:|1781459939\n|switch|p1a: Pikachu|Pikachu-Original, L93, M|154/216\n|turn|10\n|\n|t:|1781459948\n|move|p1a: Pikachu|Fake Out|p2a: Clefable\n|-damage|p2a: Clefable|243/293\n|cant|p2a: Clefable|flinch\n|\n|upkeep\n|turn|11\n|inactive|Rez0718 has 90 seconds left.\n|\n|t:|1781459978\n|move|p1a: Pikachu|Volt Tackle|p2a: Clefable\n|-damage|p2a: Clefable|21/293\n|-damage|p1a: Pikachu|81/216|[from] Recoil\n|move|p2a: Clefable|Knock Off|p1a: Pikachu\n|-damage|p1a: Pikachu|0 fnt\n|-enditem|p1a: Pikachu|Light Ball|[from] move: Knock Off|[of] p2a: Clefable\n|faint|p1a: Pikachu\n|\n|upkeep\n|\n|t:|1781459992\n|switch|p1a: Hawlucha|Hawlucha, L80, F|256/256\n|turn|12\n|\n|t:|1781459998\n|switch|p2a: Spectrier|Spectrier, L75|274/274\n|move|p1a: Hawlucha|Close Combat|p2a: Spectrier\n|-immune|p2a: Spectrier\n|\n|upkeep\n|turn|13\n|inactive|Rez0718 has 90 seconds left.\n|\n|t:|1781460025\n|switch|p1a: Sableye|Sableye, L88, F|231/231\n|move|p2a: Spectrier|Draining Kiss|p1a: Sableye\n|-supereffective|p1a: Sableye\n|-damage|p1a: Sableye|101/231\n|-damage|p2a: Spectrier|247/274|[from] item: Life Orb\n|\n|-heal|p1a: Sableye|115/231|[from] item: Leftovers\n|upkeep\n|turn|14\n|\n|t:|1781460037\n|move|p1a: Sableye|Recover|p1a: Sableye\n|-heal|p1a: Sableye|231/231\n|move|p2a: Spectrier|Draining Kiss|p1a: Sableye\n|-supereffective|p1a: Sableye\n|-damage|p1a: Sableye|96/231\n|-heal|p2a: Spectrier|274/274|[from] drain|[of] p1a: Sableye\n|-damage|p2a: Spectrier|247/274|[from] item: Life Orb\n|\n|-heal|p1a: Sableye|110/231|[from] item: Leftovers\n|upkeep\n|turn|15\n|\n|t:|1781460048\n|switch|p1a: Tornadus|Tornadus, L82, M|264/264\n|move|p2a: Spectrier|Draining Kiss|p1a: Tornadus\n|-damage|p1a: Tornadus|203/264\n|-heal|p2a: Spectrier|274/274|[from] drain|[of] p1a: Tornadus\n|-damage|p2a: Spectrier|247/274|[from] item: Life Orb\n|\n|upkeep\n|turn|16\n|\n|t:|1781460057\n|move|p1a: Tornadus|Nasty Plot|p1a: Tornadus\n|-boost|p1a: Tornadus|spa|2\n|move|p2a: Spectrier|Nasty Plot|p2a: Spectrier\n|-boost|p2a: Spectrier|spa|2\n|\n|upkeep\n|turn|17\n|inactive|Rez0718 has 90 seconds left.\n|\n|t:|1781460068\n|move|p2a: Spectrier|Shadow Ball|p1a: Tornadus\n|-damage|p1a: Tornadus|0 fnt\n|faint|p1a: Tornadus\n|-ability|p2a: Spectrier|Grim Neigh|boost\n|-boost|p2a: Spectrier|spa|1\n|-damage|p2a: Spectrier|220/274|[from] item: Life Orb\n|\n|upkeep\n|inactive|Rez0718 has 90 seconds left.\n|\n|t:|1781460083\n|switch|p1a: Hydreigon|Hydreigon, L79, M|275/275\n|turn|18\n|\n|t:|1781460088\n|-terastallize|p2a: Spectrier|Fairy\n|move|p2a: Spectrier|Draining Kiss|p1a: Hydreigon\n|-supereffective|p1a: Hydreigon\n|-damage|p1a: Hydreigon|0 fnt\n|-heal|p2a: Spectrier|274/274|[from] drain|[of] p1a: Hydreigon\n|faint|p1a: Hydreigon\n|-ability|p2a: Spectrier|Grim Neigh|boost\n|-boost|p2a: Spectrier|spa|1\n|-damage|p2a: Spectrier|247/274|[from] item: Life Orb\n|\n|upkeep\n|inactive|Rez0718 has 90 seconds left.\n|-message|Rez0718 forfeited.\n|\n|win|megaron-kum\n|raw|Rez0718's rating: 1305 &rarr; <strong>1285</strong><br />(-20 for losing)\n|raw|megaron-kum's rating: 1310 &rarr; <strong>1330</strong><br />(+20 for winning)\n|l|\u2606Rez0718\n|player|p1|\n", "uploadtime": 1781460106, "views": 2, "formatid": "gen9randombattle", "rating": 1285, "private": 0, "password": null}