{"id": "gen9randombattle-2631480594", "format": "[Gen 9] Random Battle", "players": ["SeylSeya", "cool859"], "log": "|j|\u2606SeylSeya\n|j|\u2606cool859\n|t:|1781390270\n|gametype|singles\n|player|p1|SeylSeya|266|1491\n|player|p2|cool859|dawn|1490\n|gen|9\n|tier|[Gen 9] Random Battle\n|rated|\n|rule|Species Clause: Limit one of each Pok\u00e9mon\n|rule|HP Percentage Mod: HP is shown in percentages\n|rule|Sleep Clause Mod: Limit one foe put to sleep\n|rule|Illusion Level Mod: Illusion disguises the Pok\u00e9mon's true level\n|\n|t:|1781390270\n|teamsize|p1|6\n|teamsize|p2|6\n|start\n|switch|p1a: Furret|Furret, L94, M|312/312\n|switch|p2a: Dachsbun|Dachsbun, L92, M|254/254\n|-item|p2a: Dachsbun|Leftovers|[from] ability: Frisk|[of] p1a: Furret\n|turn|1\n|\n|t:|1781390282\n|move|p2a: Dachsbun|Body Press|p1a: Furret\n|-supereffective|p1a: Furret\n|-damage|p1a: Furret|140/312\n|move|p1a: Furret|Trick|p2a: Dachsbun\n|-activate|p1a: Furret|move: Trick|[of] p2a: Dachsbun\n|-item|p2a: Dachsbun|Choice Band|[from] move: Trick\n|-item|p1a: Furret|Leftovers|[from] move: Trick\n|\n|-heal|p1a: Furret|159/312|[from] item: Leftovers\n|upkeep\n|turn|2\n|inactive|Battle timer is ON: inactive players will automatically lose when time's up. (requested by SeylSeya)\n|\n|t:|1781390340\n|switch|p1a: Araquanid|Araquanid, L82, M|246/246\n|move|p2a: Dachsbun|Body Press|p1a: Araquanid\n|-resisted|p1a: Araquanid\n|-damage|p1a: Araquanid|186/246\n|\n|upkeep\n|turn|3\n|inactive|cool859 has 120 seconds left.\n|inactive|cool859 has 90 seconds left.\n|\n|t:|1781390426\n|switch|p2a: Zebstrika|Zebstrika, L87, F|272/272\n|move|p1a: Araquanid|Sticky Web|p2a: Zebstrika\n|-sidestart|p2: cool859|move: Sticky Web\n|\n|upkeep\n|turn|4\n|\n|t:|1781390442\n|move|p2a: Zebstrika|Supercell Slam|p1a: Araquanid|[miss]\n|-miss|p2a: Zebstrika|p1a: Araquanid\n|-damage|p2a: Zebstrika|136/272|[from] supercellslam\n|move|p1a: Araquanid|Mirror Coat||[still]\n|-fail|p1a: Araquanid\n|\n|upkeep\n|turn|5\n|inactive|SeylSeya has 120 seconds left.\n|\n|t:|1781390475\n|switch|p1a: Mesprit|Mesprit, L85|275/275\n|move|p2a: Zebstrika|Volt Switch|p1a: Mesprit\n|-damage|p1a: Mesprit|193/275\n|-damage|p2a: Zebstrika|109/272|[from] item: Life Orb\n|inactive|cool859 has 60 seconds left.\n|\n|t:|1781390499\n|switch|p2a: Chien-Pao|Chien-Pao, L72|234/234|[from] Volt Switch\n|-ability|p2a: Chien-Pao|Sword of Ruin\n|\n|upkeep\n|turn|6\n|inactive|SeylSeya has 120 seconds left.\n|\n|t:|1781390515\n|-terastallize|p1a: Mesprit|Fairy\n|move|p2a: Chien-Pao|Swords Dance|p2a: Chien-Pao\n|-boost|p2a: Chien-Pao|atk|2\n|move|p1a: Mesprit|Dazzling Gleam|p2a: Chien-Pao\n|-supereffective|p2a: Chien-Pao\n|-damage|p2a: Chien-Pao|0 fnt\n|faint|p2a: Chien-Pao\n|-damage|p1a: Mesprit|166/275|[from] item: Life Orb\n|\n|upkeep\n|inactive|cool859 has 60 seconds left.\n|\n|t:|1781390521\n|switch|p2a: Metagross|Metagross, L79|256/256\n|-activate|p2a: Metagross|move: Sticky Web\n|-fail|p2a: Metagross|unboost|[from] ability: Clear Body|[of] p2a: Metagross\n|turn|7\n|inactive|SeylSeya has 120 seconds left.\n|\n|t:|1781390539\n|move|p1a: Mesprit|Nasty Plot|p1a: Mesprit\n|-boost|p1a: Mesprit|spa|2\n|move|p2a: Metagross|Agility|p2a: Metagross\n|-boost|p2a: Metagross|spe|2\n|\n|upkeep\n|turn|8\n|\n|t:|1781390549\n|move|p2a: Metagross|Heavy Slam|p1a: Mesprit\n|-supereffective|p1a: Mesprit\n|-damage|p1a: Mesprit|0 fnt\n|faint|p1a: Mesprit\n|\n|upkeep\n|\n|t:|1781390562\n|switch|p1a: Golduck|Golduck, L90, M|290/290\n|-ability|p1a: Golduck|Cloud Nine\n|turn|9\n|inactive|cool859 has 90 seconds left.\n|\n|t:|1781390593\n|switch|p2a: Zebstrika|Zebstrika, L87, F|109/272\n|-activate|p2a: Zebstrika|move: Sticky Web\n|-unboost|p2a: Zebstrika|spe|1\n|move|p1a: Golduck|Hydro Pump|p2a: Zebstrika\n|-damage|p2a: Zebstrika|0 fnt\n|faint|p2a: Zebstrika\n|\n|upkeep\n|\n|t:|1781390596\n|switch|p2a: Slither Wing|Slither Wing, L81|270/270\n|-activate|p2a: Slither Wing|move: Sticky Web\n|-unboost|p2a: Slither Wing|spe|1\n|-enditem|p2a: Slither Wing|Booster Energy\n|-activate|p2a: Slither Wing|ability: Protosynthesis|[fromitem]\n|-start|p2a: Slither Wing|protosynthesisatk\n|turn|10\n|\n|t:|1781390607\n|switch|p1a: Kleavor|Kleavor, L78, F|237/237\n|move|p2a: Slither Wing|Bulk Up|p2a: Slither Wing\n|-boost|p2a: Slither Wing|atk|1\n|-boost|p2a: Slither Wing|def|1\n|\n|upkeep\n|turn|11\n|\n|t:|1781390612\n|move|p1a: Kleavor|Stone Axe|p2a: Slither Wing\n|-crit|p2a: Slither Wing\n|-damage|p2a: Slither Wing|60/270\n|-sidestart|p2: cool859|move: Stealth Rock\n|move|p2a: Slither Wing|Close Combat|p1a: Kleavor\n|-damage|p1a: Kleavor|0 fnt\n|-unboost|p2a: Slither Wing|def|1\n|-unboost|p2a: Slither Wing|spd|1\n|faint|p1a: Kleavor\n|\n|upkeep\n|\n|t:|1781390621\n|switch|p1a: Furret|Furret, L94, M|159/312\n|turn|12\n|inactive|cool859 has 90 seconds left.\n|\n|t:|1781390634\n|move|p1a: Furret|Double-Edge|p2a: Slither Wing\n|-damage|p2a: Slither Wing|0 fnt\n|faint|p2a: Slither Wing\n|-end|p2a: Slither Wing|Protosynthesis|[silent]\n|-damage|p1a: Furret|139/312|[from] Recoil\n|\n|-heal|p1a: Furret|158/312|[from] item: Leftovers\n|upkeep\n|\n|t:|1781390637\n|switch|p2a: Dachsbun|Dachsbun, L92, M|254/254\n|-activate|p2a: Dachsbun|move: Sticky Web\n|-unboost|p2a: Dachsbun|spe|1\n|-damage|p2a: Dachsbun|223/254|[from] Stealth Rock\n|turn|13\n|\n|t:|1781390658\n|switch|p1a: Araquanid|Araquanid, L82, M|186/246\n|move|p2a: Dachsbun|Play Rough|p1a: Araquanid|[miss]\n|-miss|p2a: Dachsbun|p1a: Araquanid\n|\n|upkeep\n|turn|14\n|\n|t:|1781390680\n|move|p2a: Dachsbun|Play Rough|p1a: Araquanid\n|-damage|p1a: Araquanid|36/246\n|move|p1a: Araquanid|Liquidation|p2a: Dachsbun\n|-damage|p2a: Dachsbun|117/254\n|-unboost|p2a: Dachsbun|def|1\n|\n|upkeep\n|turn|15\n|\n|t:|1781390685\n|move|p2a: Dachsbun|Play Rough|p1a: Araquanid\n|-damage|p1a: Araquanid|0 fnt\n|faint|p1a: Araquanid\n|\n|upkeep\n|\n|t:|1781390710\n|switch|p1a: Cresselia|Cresselia, L80, F|323/323\n|turn|16\n|\n|t:|1781390717\n|move|p1a: Cresselia|Calm Mind|p1a: Cresselia\n|-boost|p1a: Cresselia|spa|1\n|-boost|p1a: Cresselia|spd|1\n|move|p2a: Dachsbun|Play Rough|p1a: Cresselia\n|-damage|p1a: Cresselia|203/323\n|\n|-heal|p1a: Cresselia|223/323|[from] item: Leftovers\n|upkeep\n|turn|17\n|inactive|cool859 has 120 seconds left.\n|inactive|cool859 has 90 seconds left.\n|\n|t:|1781390784\n|move|p1a: Cresselia|Calm Mind|p1a: Cresselia\n|-boost|p1a: Cresselia|spa|1\n|-boost|p1a: Cresselia|spd|1\n|move|p2a: Dachsbun|Play Rough|p1a: Cresselia\n|-crit|p1a: Cresselia\n|-damage|p1a: Cresselia|21/323\n|\n|-heal|p1a: Cresselia|41/323|[from] item: Leftovers\n|upkeep\n|turn|18\n|\n|t:|1781390795\n|move|p1a: Cresselia|Moonlight|p1a: Cresselia\n|-heal|p1a: Cresselia|202/323\n|move|p2a: Dachsbun|Play Rough|p1a: Cresselia\n|-damage|p1a: Cresselia|79/323\n|\n|-heal|p1a: Cresselia|99/323|[from] item: Leftovers\n|upkeep\n|turn|19\n|\n|t:|1781390803\n|switch|p2a: Metagross|Metagross, L79|256/256\n|-activate|p2a: Metagross|move: Sticky Web\n|-fail|p2a: Metagross|unboost|[from] ability: Clear Body|[of] p2a: Metagross\n|-damage|p2a: Metagross|240/256|[from] Stealth Rock\n|move|p1a: Cresselia|Moonlight|p1a: Cresselia\n|-heal|p1a: Cresselia|260/323\n|\n|-heal|p1a: Cresselia|280/323|[from] item: Leftovers\n|upkeep\n|turn|20\n|\n|t:|1781390807\n|move|p1a: Cresselia|Thunderbolt|p2a: Metagross\n|-damage|p2a: Metagross|145/256\n|move|p2a: Metagross|Agility|p2a: Metagross\n|-boost|p2a: Metagross|spe|2\n|\n|-heal|p1a: Cresselia|300/323|[from] item: Leftovers\n|upkeep\n|turn|21\n|inactive|cool859 has 90 seconds left.\n|\n|t:|1781390820\n|move|p2a: Metagross|Knock Off|p1a: Cresselia\n|-supereffective|p1a: Cresselia\n|-damage|p1a: Cresselia|172/323\n|-enditem|p1a: Cresselia|Leftovers|[from] move: Knock Off|[of] p2a: Metagross\n|move|p1a: Cresselia|Thunderbolt|p2a: Metagross\n|-damage|p2a: Metagross|42/256\n|\n|upkeep\n|turn|22\n|\n|t:|1781390823\n|move|p2a: Metagross|Heavy Slam|p1a: Cresselia\n|-damage|p1a: Cresselia|34/323\n|move|p1a: Cresselia|Thunderbolt|p2a: Metagross\n|-damage|p2a: Metagross|0 fnt\n|faint|p2a: Metagross\n|\n|upkeep\n|inactive|cool859 has 90 seconds left.\n|\n|t:|1781390857\n|switch|p2a: Porygon2|Porygon2, L81|270/270\n|-activate|p2a: Porygon2|move: Sticky Web\n|-unboost|p2a: Porygon2|spe|1\n|-damage|p2a: Porygon2|237/270|[from] Stealth Rock\n|-ability|p2a: Porygon2|Download|boost\n|-boost|p2a: Porygon2|atk|1\n|turn|23\n|\n|t:|1781390870\n|move|p1a: Cresselia|Moonlight|p1a: Cresselia\n|-heal|p1a: Cresselia|195/323\n|move|p2a: Porygon2|Thunder Wave|p1a: Cresselia\n|-status|p1a: Cresselia|par\n|\n|upkeep\n|turn|24\n|inactive|cool859 has 90 seconds left.\n|\n|t:|1781390875\n|switch|p2a: Dachsbun|Dachsbun, L92, M|117/254\n|-activate|p2a: Dachsbun|move: Sticky Web\n|-unboost|p2a: Dachsbun|spe|1\n|-damage|p2a: Dachsbun|86/254|[from] Stealth Rock\n|move|p1a: Cresselia|Psyshock|p2a: Dachsbun\n|-damage|p2a: Dachsbun|0 fnt\n|faint|p2a: Dachsbun\n|\n|upkeep\n|\n|t:|1781390879\n|switch|p2a: Porygon2|Porygon2, L81|237/270\n|-activate|p2a: Porygon2|move: Sticky Web\n|-unboost|p2a: Porygon2|spe|1\n|-damage|p2a: Porygon2|204/270|[from] Stealth Rock\n|-ability|p2a: Porygon2|Download|boost\n|-boost|p2a: Porygon2|atk|1\n|turn|25\n|\n|t:|1781390886\n|-terastallize|p2a: Porygon2|Fairy\n|move|p2a: Porygon2|Tera Blast|p1a: Cresselia|[anim] Tera Blast Fairy\n|-damage|p1a: Cresselia|102/323 par\n|cant|p1a: Cresselia|par\n|\n|upkeep\n|turn|26\n|\n|t:|1781390891\n|move|p2a: Porygon2|Tera Blast|p1a: Cresselia|[anim] Tera Blast Fairy\n|-damage|p1a: Cresselia|12/323 par\n|cant|p1a: Cresselia|par\n|\n|upkeep\n|turn|27\n|\n|t:|1781390910\n|move|p2a: Porygon2|Tera Blast|p1a: Cresselia|[anim] Tera Blast Fairy\n|-damage|p1a: Cresselia|0 fnt\n|faint|p1a: Cresselia\n|\n|upkeep\n|\n|t:|1781390918\n|switch|p1a: Furret|Furret, L94, M|158/312\n|-item|p2a: Porygon2|Eviolite|[from] ability: Frisk|[of] p1a: Furret\n|turn|28\n|\n|t:|1781390928\n|move|p1a: Furret|Knock Off|p2a: Porygon2\n|-resisted|p2a: Porygon2\n|-damage|p2a: Porygon2|182/270\n|-enditem|p2a: Porygon2|Eviolite|[from] move: Knock Off|[of] p1a: Furret\n|move|p2a: Porygon2|Recover|p2a: Porygon2\n|-heal|p2a: Porygon2|270/270\n|\n|-heal|p1a: Furret|177/312|[from] item: Leftovers\n|upkeep\n|turn|29\n|\n|t:|1781390934\n|move|p1a: Furret|Double-Edge|p2a: Porygon2\n|-damage|p2a: Porygon2|147/270\n|-damage|p1a: Furret|136/312|[from] Recoil\n|move|p2a: Porygon2|Tera Blast|p1a: Furret|[anim] Tera Blast Fairy\n|-damage|p1a: Furret|21/312\n|\n|-heal|p1a: Furret|40/312|[from] item: Leftovers\n|upkeep\n|turn|30\n|\n|t:|1781390937\n|move|p1a: Furret|Double-Edge|p2a: Porygon2\n|-damage|p2a: Porygon2|15/270\n|-damage|p1a: Furret|0 fnt|[from] Recoil\n|faint|p1a: Furret\n|move|p2a: Porygon2|Recover|p2a: Porygon2\n|-heal|p2a: Porygon2|150/270\n|\n|upkeep\n|\n|t:|1781390945\n|switch|p1a: Golduck|Golduck, L90, M|290/290\n|-ability|p1a: Golduck|Cloud Nine\n|turn|31\n|\n|t:|1781390951\n|move|p1a: Golduck|Hydro Pump|p2a: Porygon2\n|-damage|p2a: Porygon2|0 fnt\n|faint|p2a: Porygon2\n|\n|win|SeylSeya\n|raw|SeylSeya's rating: 1491 &rarr; <strong>1511</strong><br />(+20 for winning)\n|raw|cool859's rating: 1490 &rarr; <strong>1470</strong><br />(-20 for losing)\n", "uploadtime": 1781390952, "views": 3, "formatid": "gen9randombattle", "rating": 1470, "private": 0, "password": null}