{"id": "gen9randombattle-2631978935", "format": "[Gen 9] Random Battle", "players": ["tiziown", "F Boogie"], "log": "|j|\u2606tiziown\n|j|\u2606F Boogie\n|t:|1781462165\n|gametype|singles\n|player|p1|tiziown|rocker-gen3|2094\n|player|p2|F Boogie|veteran-gen4|2171\n|gen|9\n|tier|[Gen 9] Random Battle\n|rated|\n|rule|Species Clause: Limit one of each Pok\u00e9mon\n|rule|HP Percentage Mod: HP is shown in percentages\n|rule|Sleep Clause Mod: Limit one foe put to sleep\n|rule|Illusion Level Mod: Illusion disguises the Pok\u00e9mon's true level\n|\n|t:|1781462165\n|teamsize|p1|6\n|teamsize|p2|6\n|start\n|switch|p1a: Necrozma|Necrozma-Dawn-Wings, L76|272/272\n|switch|p2a: Hydreigon|Hydreigon, L79, M|275/275\n|turn|1\n|\n|t:|1781462181\n|switch|p1a: Greninja|Greninja, L80, M|246/246\n|move|p2a: Hydreigon|Nasty Plot|p2a: Hydreigon\n|-boost|p2a: Hydreigon|spa|2\n|\n|upkeep\n|turn|2\n|\n|t:|1781462188\n|move|p1a: Greninja|U-turn|p2a: Hydreigon\n|-start|p1a: Greninja|typechange|Bug|[from] ability: Protean\n|-supereffective|p2a: Hydreigon\n|-damage|p2a: Hydreigon|88/275\n|-damage|p1a: Greninja|222/246|[from] item: Life Orb\n|\n|t:|1781462193\n|switch|p1a: Cryogonal|Cryogonal, L89|287/287|[from] U-turn\n|move|p2a: Hydreigon|Draco Meteor|p1a: Cryogonal\n|-damage|p1a: Cryogonal|40/287\n|-unboost|p2a: Hydreigon|spa|2\n|-damage|p2a: Hydreigon|61/275|[from] item: Life Orb\n|\n|upkeep\n|turn|3\n|\n|t:|1781462223\n|switch|p2a: Uxie|Uxie, L83|260/260\n|move|p1a: Cryogonal|Freeze-Dry|p2a: Uxie\n|-damage|p2a: Uxie|200/260\n|\n|-heal|p2a: Uxie|216/260|[from] item: Leftovers\n|upkeep\n|turn|4\n|\n|t:|1781462232\n|move|p1a: Cryogonal|Recover|p1a: Cryogonal\n|-heal|p1a: Cryogonal|184/287\n|move|p2a: Uxie|Thunder Wave|p1a: Cryogonal|[miss]\n|-miss|p2a: Uxie|p1a: Cryogonal\n|\n|-heal|p2a: Uxie|232/260|[from] item: Leftovers\n|upkeep\n|turn|5\n|\n|t:|1781462239\n|switch|p1a: Arceus|Arceus-Ground, L70|284/284\n|move|p2a: Uxie|Thunder Wave|p1a: Arceus\n|-immune|p1a: Arceus\n|\n|-heal|p2a: Uxie|248/260|[from] item: Leftovers\n|upkeep\n|turn|6\n|\n|t:|1781462266\n|switch|p1a: Greninja|Greninja, L80, M|222/246\n|move|p2a: Uxie|Encore||[still]\n|-fail|p2a: Uxie\n|\n|-heal|p2a: Uxie|260/260|[from] item: Leftovers\n|upkeep\n|turn|7\n|\n|t:|1781462274\n|move|p1a: Greninja|Spikes|p2a: Uxie\n|-start|p1a: Greninja|typechange|Ground|[from] ability: Protean\n|-sidestart|p2: F Boogie|Spikes\n|move|p2a: Uxie|Thunder Wave|p1a: Greninja\n|-immune|p1a: Greninja\n|\n|upkeep\n|turn|8\n|\n|t:|1781462280\n|move|p1a: Greninja|Spikes|p2a: Uxie\n|-sidestart|p2: F Boogie|Spikes\n|move|p2a: Uxie|U-turn|p1a: Greninja\n|-damage|p1a: Greninja|173/246\n|\n|t:|1781462282\n|switch|p2a: Corviknight|Corviknight, L80, F|288/288|[from] U-turn\n|\n|upkeep\n|turn|9\n|\n|t:|1781462322\n|switch|p1a: Dialga|Dialga-Origin, L73|266/266\n|-ability|p1a: Dialga|Pressure\n|move|p2a: Corviknight|Defog|p1a: Dialga\n|-unboost|p1a: Dialga|evasion|1\n|-sideend|p2: F Boogie|Spikes|[from] move: Defog|[of] p2a: Corviknight\n|\n|upkeep\n|turn|10\n|\n|t:|1781462333\n|switch|p2a: Sandslash|Sandslash, L89, F|278/278\n|move|p1a: Dialga|Stealth Rock|p2a: Sandslash\n|-sidestart|p2: F Boogie|move: Stealth Rock\n|\n|upkeep\n|turn|11\n|\n|t:|1781462340\n|move|p1a: Dialga|Draco Meteor|p2a: Sandslash\n|-damage|p2a: Sandslash|35/278\n|-unboost|p1a: Dialga|spa|2\n|move|p2a: Sandslash|Earthquake|p1a: Dialga\n|-supereffective|p1a: Dialga\n|-damage|p1a: Dialga|50/266\n|\n|-heal|p2a: Sandslash|52/278|[from] item: Leftovers\n|upkeep\n|turn|12\n|\n|t:|1781462348\n|move|p1a: Dialga|Flash Cannon|p2a: Sandslash\n|-damage|p2a: Sandslash|0 fnt\n|faint|p2a: Sandslash\n|\n|upkeep\n|\n|t:|1781462363\n|switch|p2a: Seviper|Seviper, L93, M|287/287\n|-damage|p2a: Seviper|252/287|[from] Stealth Rock\n|turn|13\n|\n|t:|1781462388\n|switch|p1a: Arceus|Arceus-Ground, L70|284/284\n|move|p2a: Seviper|Flamethrower|p1a: Arceus\n|-damage|p1a: Arceus|193/284\n|-damage|p2a: Seviper|224/287|[from] item: Life Orb\n|\n|upkeep\n|turn|14\n|\n|t:|1781462410\n|switch|p1a: Greninja|Greninja, L80, M|173/246\n|move|p2a: Seviper|Glare|p1a: Greninja\n|-status|p1a: Greninja|par\n|\n|upkeep\n|turn|15\n|\n|t:|1781462420\n|switch|p1a: Gogoat|Gogoat, L88, M|360/360\n|move|p2a: Seviper|Giga Drain|p1a: Gogoat\n|-ability|p1a: Gogoat|Sap Sipper|boost\n|-boost|p1a: Gogoat|atk|1\n|\n|upkeep\n|turn|16\n|\n|t:|1781462436\n|-terastallize|p1a: Gogoat|Water\n|move|p2a: Seviper|Gunk Shot|p1a: Gogoat\n|-damage|p1a: Gogoat|121/360\n|-damage|p2a: Seviper|196/287|[from] item: Life Orb\n|move|p1a: Gogoat|Earthquake|p2a: Seviper\n|-supereffective|p2a: Seviper\n|-damage|p2a: Seviper|0 fnt\n|faint|p2a: Seviper\n|\n|-heal|p1a: Gogoat|143/360|[from] item: Leftovers\n|upkeep\n|\n|t:|1781462439\n|switch|p2a: Uxie|Uxie, L83|260/260\n|-damage|p2a: Uxie|228/260|[from] Stealth Rock\n|turn|17\n|\n|t:|1781462463\n|switch|p1a: Greninja|Greninja, L80, M|173/246 par\n|move|p2a: Uxie|Psychic Noise|p1a: Greninja\n|-immune|p1a: Greninja\n|\n|-heal|p2a: Uxie|244/260|[from] item: Leftovers\n|upkeep\n|turn|18\n|\n|t:|1781462466\n|move|p2a: Uxie|U-turn|p1a: Greninja\n|-supereffective|p1a: Greninja\n|-damage|p1a: Greninja|65/246 par\n|\n|t:|1781462468\n|switch|p2a: Corviknight|Corviknight, L80, F|288/288|[from] U-turn\n|-damage|p2a: Corviknight|252/288|[from] Stealth Rock\n|cant|p1a: Greninja|par\n|\n|-heal|p2a: Corviknight|270/288|[from] item: Leftovers\n|upkeep\n|turn|19\n|\n|t:|1781462479\n|move|p2a: Corviknight|Brave Bird|p1a: Greninja\n|-damage|p1a: Greninja|0 fnt\n|faint|p1a: Greninja\n|-damage|p2a: Corviknight|249/288|[from] Recoil\n|\n|-heal|p2a: Corviknight|267/288|[from] item: Leftovers\n|upkeep\n|\n|t:|1781462484\n|switch|p1a: Dialga|Dialga-Origin, L73|50/266\n|-ability|p1a: Dialga|Pressure\n|turn|20\n|\n|t:|1781462501\n|switch|p2a: Uxie|Uxie, L83|244/260\n|-damage|p2a: Uxie|212/260|[from] Stealth Rock\n|move|p1a: Dialga|Draco Meteor|p2a: Uxie\n|-damage|p2a: Uxie|80/260\n|-unboost|p1a: Dialga|spa|2\n|\n|-heal|p2a: Uxie|96/260|[from] item: Leftovers\n|upkeep\n|turn|21\n|\n|t:|1781462510\n|switch|p1a: Cryogonal|Cryogonal, L89|184/287\n|move|p2a: Uxie|Psychic Noise|p1a: Cryogonal\n|-damage|p1a: Cryogonal|139/287\n|-start|p1a: Cryogonal|move: Heal Block\n|\n|-heal|p2a: Uxie|112/260|[from] item: Leftovers\n|upkeep\n|turn|22\n|\n|t:|1781462515\n|move|p1a: Cryogonal|Freeze-Dry|p2a: Uxie\n|-damage|p2a: Uxie|55/260\n|move|p2a: Uxie|Thunder Wave|p1a: Cryogonal\n|-status|p1a: Cryogonal|par\n|\n|-heal|p2a: Uxie|71/260|[from] item: Leftovers\n|-end|p1a: Cryogonal|move: Heal Block\n|upkeep\n|turn|23\n|\n|t:|1781462521\n|move|p2a: Uxie|U-turn|p1a: Cryogonal\n|-crit|p1a: Cryogonal\n|-damage|p1a: Cryogonal|57/287 par\n|\n|t:|1781462523\n|switch|p2a: Corviknight|Corviknight, L80, F|267/288|[from] U-turn\n|-damage|p2a: Corviknight|231/288|[from] Stealth Rock\n|move|p1a: Cryogonal|Freeze-Dry|p2a: Corviknight\n|-damage|p2a: Corviknight|147/288\n|\n|-heal|p2a: Corviknight|165/288|[from] item: Leftovers\n|upkeep\n|turn|24\n|\n|t:|1781462530\n|move|p2a: Corviknight|Defog|p1a: Cryogonal\n|-unboost|p1a: Cryogonal|evasion|1\n|-sideend|p2: F Boogie|Stealth Rock|[from] move: Defog|[of] p2a: Corviknight\n|move|p1a: Cryogonal|Freeze-Dry|p2a: Corviknight\n|-damage|p2a: Corviknight|69/288\n|\n|-heal|p2a: Corviknight|87/288|[from] item: Leftovers\n|upkeep\n|turn|25\n|\n|t:|1781462540\n|switch|p1a: Necrozma|Necrozma-Dawn-Wings, L76|272/272\n|move|p2a: Corviknight|Roost|p2a: Corviknight\n|-heal|p2a: Corviknight|231/288\n|-singleturn|p2a: Corviknight|move: Roost\n|\n|-heal|p2a: Corviknight|249/288|[from] item: Leftovers\n|upkeep\n|turn|26\n|\n|t:|1781462563\n|move|p1a: Necrozma|Moongeist Beam|p2a: Corviknight\n|-damage|p2a: Corviknight|122/288\n|move|p2a: Corviknight|U-turn|p1a: Necrozma\n|-damage|p1a: Necrozma|233/272\n|\n|t:|1781462567\n|switch|p2a: Hydreigon|Hydreigon, L79, M|61/275|[from] U-turn\n|\n|-heal|p1a: Necrozma|250/272|[from] item: Leftovers\n|upkeep\n|turn|27\n|\n|t:|1781462576\n|switch|p1a: Cryogonal|Cryogonal, L89|57/287 par\n|move|p2a: Hydreigon|Dark Pulse|p1a: Cryogonal\n|-damage|p1a: Cryogonal|0 fnt\n|faint|p1a: Cryogonal\n|-damage|p2a: Hydreigon|34/275|[from] item: Life Orb\n|\n|upkeep\n|\n|t:|1781462581\n|switch|p1a: Arceus|Arceus-Ground, L70|193/284\n|turn|28\n|\n|t:|1781462593\n|switch|p2a: Corviknight|Corviknight, L80, F|122/288\n|move|p1a: Arceus|Swords Dance|p1a: Arceus\n|-boost|p1a: Arceus|atk|2\n|\n|-heal|p2a: Corviknight|140/288|[from] item: Leftovers\n|upkeep\n|turn|29\n|\n|t:|1781462606\n|move|p1a: Arceus|Swords Dance|p1a: Arceus\n|-boost|p1a: Arceus|atk|2\n|move|p2a: Corviknight|Roost|p2a: Corviknight\n|-heal|p2a: Corviknight|284/288\n|-singleturn|p2a: Corviknight|move: Roost\n|\n|-heal|p2a: Corviknight|288/288|[from] item: Leftovers\n|upkeep\n|turn|30\n|\n|t:|1781462611\n|move|p1a: Arceus|Stone Edge|p2a: Corviknight\n|-damage|p2a: Corviknight|129/288\n|move|p2a: Corviknight|Brave Bird|p1a: Arceus\n|-damage|p1a: Arceus|82/284\n|-damage|p2a: Corviknight|92/288|[from] Recoil\n|\n|-heal|p2a: Corviknight|110/288|[from] item: Leftovers\n|upkeep\n|turn|31\n|\n|t:|1781462617\n|move|p1a: Arceus|Stone Edge|p2a: Corviknight\n|-damage|p2a: Corviknight|0 fnt\n|faint|p2a: Corviknight\n|\n|upkeep\n|\n|t:|1781462624\n|switch|p2a: Uxie|Uxie, L83|71/260\n|turn|32\n|\n|t:|1781462648\n|move|p1a: Arceus|Extreme Speed|p2a: Uxie\n|-damage|p2a: Uxie|0 fnt\n|faint|p2a: Uxie\n|\n|upkeep\n|\n|t:|1781462652\n|switch|p2a: Blaziken|Blaziken, L76, M|247/247\n|turn|33\n|c|\u2606F Boogie|gg\n|\n|t:|1781462698\n|move|p1a: Arceus|Earthquake|p2a: Blaziken\n|-supereffective|p2a: Blaziken\n|-crit|p2a: Blaziken\n|-damage|p2a: Blaziken|0 fnt\n|faint|p2a: Blaziken\n|\n|upkeep\n|\n|t:|1781462706\n|switch|p2a: Hydreigon|Hydreigon, L79, M|34/275\n|turn|34\n|\n|t:|1781462718\n|move|p1a: Arceus|Extreme Speed|p2a: Hydreigon\n|-damage|p2a: Hydreigon|0 fnt\n|faint|p2a: Hydreigon\n|\n|win|tiziown\n", "uploadtime": 1781462167, "views": 3, "formatid": "gen9randombattle", "rating": null, "private": 0, "password": null}