{"id": "gen9randombattle-2631912975", "format": "[Gen 9] Random Battle", "players": ["orenado8", "Ggs1237"], "log": "|j|\u2606orenado8\n|j|\u2606Ggs1237\n|t:|1781454943\n|gametype|singles\n|player|p1|orenado8|palmer|2187\n|player|p2|Ggs1237|linebacker|2211\n|gen|9\n|tier|[Gen 9] Random Battle\n|rated|\n|rule|Species Clause: Limit one of each Pok\u00e9mon\n|rule|HP Percentage Mod: HP is shown in percentages\n|rule|Sleep Clause Mod: Limit one foe put to sleep\n|rule|Illusion Level Mod: Illusion disguises the Pok\u00e9mon's true level\n|\n|t:|1781454943\n|teamsize|p1|6\n|teamsize|p2|6\n|start\n|switch|p1a: Azumarill|Azumarill, L82, F|298/298\n|switch|p2a: Drednaw|Drednaw, L81, M|278/278\n|turn|1\n|inactive|Battle timer is ON: inactive players will automatically lose when time's up. (requested by orenado8)\n|\n|t:|1781454958\n|move|p2a: Drednaw|Shell Smash|p2a: Drednaw\n|-unboost|p2a: Drednaw|def|1\n|-unboost|p2a: Drednaw|spd|1\n|-boost|p2a: Drednaw|atk|2\n|-boost|p2a: Drednaw|spa|2\n|-boost|p2a: Drednaw|spe|2\n|-enditem|p2a: Drednaw|White Herb\n|-clearnegativeboost|p2a: Drednaw|[silent]\n|move|p1a: Azumarill|Liquidation|p2a: Drednaw\n|-damage|p2a: Drednaw|110/278\n|\n|upkeep\n|turn|2\n|\n|t:|1781454965\n|move|p2a: Drednaw|Stone Edge|p1a: Azumarill\n|-crit|p1a: Azumarill\n|-damage|p1a: Azumarill|0 fnt\n|faint|p1a: Azumarill\n|\n|upkeep\n|\n|t:|1781454994\n|switch|p1a: Mew|Mew, L82|298/298\n|turn|3\n|\n|t:|1781455001\n|move|p2a: Drednaw|Liquidation|p1a: Mew\n|-damage|p1a: Mew|133/298\n|move|p1a: Mew|Psychic|p2a: Drednaw\n|-damage|p2a: Drednaw|2/278\n|\n|-heal|p1a: Mew|151/298|[from] item: Leftovers\n|upkeep\n|turn|4\n|inactive|orenado8 has 120 seconds left.\n|\n|t:|1781455031\n|move|p2a: Drednaw|Liquidation|p1a: Mew\n|-damage|p1a: Mew|0 fnt\n|faint|p1a: Mew\n|\n|upkeep\n|inactive|orenado8 has 90 seconds left.\n|\n|t:|1781455064\n|switch|p1a: Armarouge|Armarouge, L80, F|267/267\n|turn|5\n|inactive|orenado8 has 90 seconds left.\n|\n|t:|1781455077\n|-terastallize|p1a: Armarouge|Psychic\n|move|p2a: Drednaw|Liquidation|p1a: Armarouge\n|-damage|p1a: Armarouge|80/267\n|-ability|p1a: Armarouge|Weak Armor|boost\n|-unboost|p1a: Armarouge|def|1\n|-boost|p1a: Armarouge|spe|2\n|move|p1a: Armarouge|Psyshock|p2a: Drednaw\n|-damage|p2a: Drednaw|0 fnt\n|faint|p2a: Drednaw\n|\n|upkeep\n|\n|t:|1781455085\n|switch|p2a: Lokix|Lokix, L82, F|251/251\n|turn|6\n|\n|t:|1781455095\n|switch|p1a: Volcanion|Volcanion, L79|255/255\n|move|p2a: Lokix|First Impression|p1a: Volcanion\n|-resisted|p1a: Volcanion\n|-damage|p1a: Volcanion|169/255\n|\n|upkeep\n|turn|7\n|\n|t:|1781455100\n|move|p2a: Lokix|U-turn|p1a: Volcanion\n|-resisted|p1a: Volcanion\n|-damage|p1a: Volcanion|99/255\n|\n|t:|1781455106\n|switch|p2a: Torkoal|Torkoal, L88, F|266/266|[from] U-turn\n|-weather|SunnyDay|[from] ability: Drought|[of] p2a: Torkoal\n|move|p1a: Volcanion|Flame Charge|p2a: Torkoal\n|-resisted|p2a: Torkoal\n|-damage|p2a: Torkoal|242/266\n|-boost|p1a: Volcanion|spe|1\n|\n|-weather|SunnyDay|[upkeep]\n|upkeep\n|turn|8\n|\n|t:|1781455122\n|move|p1a: Volcanion|Steam Eruption|p2a: Torkoal\n|-supereffective|p2a: Torkoal\n|-damage|p2a: Torkoal|90/266\n|move|p2a: Torkoal|Earthquake|p1a: Volcanion\n|-supereffective|p1a: Volcanion\n|-damage|p1a: Volcanion|0 fnt\n|faint|p1a: Volcanion\n|\n|-weather|SunnyDay|[upkeep]\n|upkeep\n|\n|t:|1781455139\n|switch|p1a: Iron Thorns|Iron Thorns, L83|302/302\n|-item|p1a: Iron Thorns|Air Balloon\n|turn|9\n|\n|t:|1781455146\n|move|p1a: Iron Thorns|Stone Edge|p2a: Torkoal\n|-supereffective|p2a: Torkoal\n|-damage|p2a: Torkoal|0 fnt\n|faint|p2a: Torkoal\n|\n|-weather|SunnyDay|[upkeep]\n|upkeep\n|\n|t:|1781455156\n|switch|p2a: Lokix|Lokix, L82, F|251/251\n|turn|10\n|\n|t:|1781455160\n|move|p2a: Lokix|U-turn|p1a: Iron Thorns\n|-damage|p1a: Iron Thorns|232/302\n|-enditem|p1a: Iron Thorns|Air Balloon\n|\n|t:|1781455162\n|switch|p2a: Golurk|Golurk, L87|297/297|[from] U-turn\n|move|p1a: Iron Thorns|Stone Edge|p2a: Golurk\n|-resisted|p2a: Golurk\n|-damage|p2a: Golurk|230/297\n|\n|-weather|SunnyDay|[upkeep]\n|upkeep\n|turn|11\n|inactive|orenado8 has 120 seconds left.\n|\n|t:|1781455175\n|-end|p1a: Iron Thorns|Quark Drive|[silent]\n|switch|p1a: Spidops|Spidops, L96, M|271/271\n|move|p2a: Golurk|Earthquake|p1a: Spidops\n|-resisted|p1a: Spidops\n|-damage|p1a: Spidops|201/271\n|-damage|p2a: Golurk|201/297|[from] item: Life Orb\n|\n|-weather|none\n|upkeep\n|turn|12\n|\n|t:|1781455184\n|move|p2a: Golurk|Stone Edge|p1a: Spidops\n|-supereffective|p1a: Spidops\n|-damage|p1a: Spidops|0 fnt\n|faint|p1a: Spidops\n|-damage|p2a: Golurk|172/297|[from] item: Life Orb\n|\n|upkeep\n|\n|t:|1781455189\n|switch|p1a: Armarouge|Armarouge, L80, F, tera:Psychic|80/267\n|turn|13\n|\n|t:|1781455193\n|switch|p2a: Magcargo|Magcargo, L95, F|268/268\n|move|p1a: Armarouge|Armor Cannon|p2a: Magcargo\n|-resisted|p2a: Magcargo\n|-damage|p2a: Magcargo|217/268\n|-unboost|p1a: Armarouge|def|1\n|-unboost|p1a: Armarouge|spd|1\n|\n|upkeep\n|turn|14\n|\n|t:|1781455197\n|switch|p1a: Iron Thorns|Iron Thorns, L83|232/302\n|move|p2a: Magcargo|Shell Smash|p2a: Magcargo\n|-unboost|p2a: Magcargo|def|1\n|-unboost|p2a: Magcargo|spd|1\n|-boost|p2a: Magcargo|atk|2\n|-boost|p2a: Magcargo|spa|2\n|-boost|p2a: Magcargo|spe|2\n|\n|upkeep\n|turn|15\n|\n|t:|1781455206\n|move|p2a: Magcargo|Earth Power|p1a: Iron Thorns\n|-supereffective|p1a: Iron Thorns\n|-damage|p1a: Iron Thorns|0 fnt\n|faint|p1a: Iron Thorns\n|-end|p1a: Iron Thorns|Quark Drive|[silent]\n|\n|upkeep\n|\n|t:|1781455208\n|switch|p1a: Armarouge|Armarouge, L80, F, tera:Psychic|80/267\n|turn|16\n|\n|t:|1781455211\n|move|p2a: Magcargo|Power Gem|p1a: Armarouge\n|-damage|p1a: Armarouge|0 fnt\n|faint|p1a: Armarouge\n|\n|win|Ggs1237\n", "uploadtime": 1781454944, "views": 3, "formatid": "gen9randombattle", "rating": null, "private": 0, "password": null}