{"id": "gen9randombattle-2631785045", "format": "[Gen 9] Random Battle", "players": ["Daruma", "goooze"], "log": "|j|\u2606Daruma\n|j|\u2606goooze\n|t:|1781439271\n|gametype|singles\n|player|p1|Daruma|#ruplixsleekslushrushers|2176\n|player|p2|goooze|li|2224\n|gen|9\n|tier|[Gen 9] Random Battle\n|rated|\n|rule|Species Clause: Limit one of each Pok\u00e9mon\n|rule|HP Percentage Mod: HP is shown in percentages\n|rule|Sleep Clause Mod: Limit one foe put to sleep\n|rule|Illusion Level Mod: Illusion disguises the Pok\u00e9mon's true level\n|\n|t:|1781439271\n|teamsize|p1|6\n|teamsize|p2|6\n|start\n|switch|p1a: Pincurchin|Pincurchin, M|258/258\n|switch|p2a: Sudowoodo|Sudowoodo, L94, F|284/284\n|-fieldstart|move: Electric Terrain|[from] ability: Electric Surge|[of] p1a: Pincurchin\n|turn|1\n|inactive|Battle timer is ON: inactive players will automatically lose when time's up. (requested by goooze)\n|\n|t:|1781439294\n|move|p2a: Sudowoodo|Stealth Rock|p1a: Pincurchin\n|-sidestart|p1: Daruma|move: Stealth Rock\n|move|p1a: Pincurchin|Curse|p1a: Pincurchin\n|-unboost|p1a: Pincurchin|spe|1\n|-boost|p1a: Pincurchin|atk|1\n|-boost|p1a: Pincurchin|def|1\n|\n|upkeep\n|turn|2\n|\n|t:|1781439314\n|switch|p2a: Bellibolt|Bellibolt, L84, M|320/320\n|move|p1a: Pincurchin|Curse|p1a: Pincurchin\n|-unboost|p1a: Pincurchin|spe|1\n|-boost|p1a: Pincurchin|atk|1\n|-boost|p1a: Pincurchin|def|1\n|\n|upkeep\n|turn|3\n|\n|t:|1781439323\n|switch|p1a: Muk|Muk, L86, M|321/321\n|-damage|p1a: Muk|281/321|[from] Stealth Rock\n|move|p2a: Bellibolt|Toxic|p1a: Muk\n|-immune|p1a: Muk\n|\n|upkeep\n|turn|4\n|\n|t:|1781439335\n|switch|p2a: Sudowoodo|Sudowoodo, L94, F|284/284\n|move|p1a: Muk|Knock Off|p2a: Sudowoodo\n|-damage|p2a: Sudowoodo|231/284\n|-enditem|p2a: Sudowoodo|Leftovers|[from] move: Knock Off|[of] p1a: Muk\n|\n|upkeep\n|turn|5\n|\n|t:|1781439344\n|move|p1a: Muk|Poison Jab|p2a: Sudowoodo\n|-resisted|p2a: Sudowoodo\n|-damage|p2a: Sudowoodo|198/284\n|move|p2a: Sudowoodo|Earthquake|p1a: Muk\n|-supereffective|p1a: Muk\n|-damage|p1a: Muk|67/321\n|\n|-fieldend|move: Electric Terrain\n|upkeep\n|turn|6\n|\n|t:|1781439347\n|move|p1a: Muk|Poison Jab|p2a: Sudowoodo\n|-resisted|p2a: Sudowoodo\n|-damage|p2a: Sudowoodo|166/284\n|move|p2a: Sudowoodo|Earthquake|p1a: Muk\n|-supereffective|p1a: Muk\n|-damage|p1a: Muk|0 fnt\n|faint|p1a: Muk\n|\n|upkeep\n|-message|Daruma forfeited.\n|\n|win|goooze\n|raw|Daruma's rating: 2176 &rarr; <strong>2159</strong><br />(-17 for losing)\n|raw|goooze's rating: 2224 &rarr; <strong>2241</strong><br />(+17 for winning)\n", "uploadtime": 1781439273, "views": 4, "formatid": "gen9randombattle", "rating": 2159, "private": 0, "password": null}