{"id": "gen9randombattle-2631680598", "format": "[Gen 9] Random Battle", "players": ["izlnh", "719 man"], "log": "|j|\u2606izlnh\n|j|\u2606719 man\n|t:|1781420525\n|gametype|singles\n|player|p1|izlnh|102|1141\n|player|p2|719 man|volkner|1081\n|gen|9\n|tier|[Gen 9] Random Battle\n|rated|\n|rule|Species Clause: Limit one of each Pok\u00e9mon\n|rule|HP Percentage Mod: HP is shown in percentages\n|rule|Sleep Clause Mod: Limit one foe put to sleep\n|rule|Illusion Level Mod: Illusion disguises the Pok\u00e9mon's true level\n|\n|t:|1781420525\n|teamsize|p1|6\n|teamsize|p2|6\n|start\n|switch|p1a: Dragalge|Dragalge, L88, F|258/258\n|switch|p2a: Slowking|Slowking, L88, M|310/310\n|turn|1\n|\n|t:|1781420548\n|move|p1a: Dragalge|Sludge Wave|p2a: Slowking\n|-damage|p2a: Slowking|180/310\n|move|p2a: Slowking|Future Sight|p1a: Dragalge\n|-start|p2a: Slowking|move: Future Sight\n|\n|upkeep\n|turn|2\n|\n|t:|1781420562\n|switch|p1a: Hypno|Hypno, L95, F|315/315\n|switch|p2a: Coalossal|Coalossal, L89, M|341/341\n|\n|upkeep\n|turn|3\n|\n|t:|1781420573\n|move|p1a: Hypno|Toxic|p2a: Coalossal\n|-status|p2a: Coalossal|tox\n|move|p2a: Coalossal|Stealth Rock|p1a: Hypno\n|-sidestart|p1: izlnh|move: Stealth Rock\n|\n|-end|p1a: Hypno|move: Future Sight\n|-resisted|p1a: Hypno\n|-damage|p1a: Hypno|262/315\n|-heal|p1a: Hypno|281/315|[from] item: Leftovers\n|-damage|p2a: Coalossal|320/341 tox|[from] psn\n|upkeep\n|turn|4\n|inactive|Battle timer is ON: inactive players will automatically lose when time's up. (requested by izlnh)\n|\n|t:|1781420589\n|move|p1a: Hypno|Knock Off|p2a: Coalossal\n|-damage|p2a: Coalossal|268/341 tox\n|-enditem|p2a: Coalossal|Heavy-Duty Boots|[from] move: Knock Off|[of] p1a: Hypno\n|move|p2a: Coalossal|Stone Edge|p1a: Hypno|[miss]\n|-miss|p2a: Coalossal|p1a: Hypno\n|\n|-heal|p1a: Hypno|300/315|[from] item: Leftovers\n|-damage|p2a: Coalossal|226/341 tox|[from] psn\n|upkeep\n|turn|5\n|inactive|izlnh has 120 seconds left.\n|\n|t:|1781420626\n|switch|p1a: Dragalge|Dragalge, L88, F|258/258\n|-damage|p1a: Dragalge|226/258|[from] Stealth Rock\n|move|p2a: Coalossal|Stone Edge|p1a: Dragalge\n|-damage|p1a: Dragalge|126/258\n|\n|-damage|p2a: Coalossal|163/341 tox|[from] psn\n|upkeep\n|turn|6\n|inactive|izlnh has 120 seconds left.\n|\n|t:|1781420639\n|move|p1a: Dragalge|Focus Blast|p2a: Coalossal\n|-supereffective|p2a: Coalossal\n|-damage|p2a: Coalossal|0 fnt\n|faint|p2a: Coalossal\n|\n|upkeep\n|\n|t:|1781420646\n|switch|p2a: Slowking|Slowking, L88, M|283/310\n|turn|7\n|\n|t:|1781420651\n|switch|p1a: Hypno|Hypno, L95, F|300/315\n|-damage|p1a: Hypno|261/315|[from] Stealth Rock\n|move|p2a: Slowking|Scald|p1a: Hypno\n|-damage|p1a: Hypno|194/315\n|\n|-heal|p1a: Hypno|213/315|[from] item: Leftovers\n|upkeep\n|turn|8\n|\n|t:|1781420668\n|move|p1a: Hypno|Toxic|p2a: Slowking\n|-status|p2a: Slowking|tox\n|move|p2a: Slowking|Scald|p1a: Hypno\n|-crit|p1a: Hypno\n|-damage|p1a: Hypno|108/315\n|\n|-heal|p1a: Hypno|127/315|[from] item: Leftovers\n|-damage|p2a: Slowking|264/310 tox|[from] psn\n|upkeep\n|turn|9\n|\n|t:|1781420682\n|move|p1a: Hypno|Knock Off|p2a: Slowking\n|-supereffective|p2a: Slowking\n|-damage|p2a: Slowking|114/310 tox\n|-enditem|p2a: Slowking|Heavy-Duty Boots|[from] move: Knock Off|[of] p1a: Hypno\n|move|p2a: Slowking|Scald|p1a: Hypno\n|-damage|p1a: Hypno|61/315\n|\n|-heal|p1a: Hypno|80/315|[from] item: Leftovers\n|-damage|p2a: Slowking|76/310 tox|[from] psn\n|upkeep\n|turn|10\n|\n|t:|1781420696\n|switch|p2a: Weezing|Weezing-Galar, L86, F|252/252\n|move|p1a: Hypno|Knock Off|p2a: Weezing\n|-resisted|p2a: Weezing\n|-damage|p2a: Weezing|227/252\n|-enditem|p2a: Weezing|Leftovers|[from] move: Knock Off|[of] p1a: Hypno\n|\n|-heal|p1a: Hypno|99/315|[from] item: Leftovers\n|upkeep\n|turn|11\n|inactive|izlnh has 120 seconds left.\n|\n|t:|1781420713\n|move|p1a: Hypno|Psychic Noise|p2a: Weezing\n|-supereffective|p2a: Weezing\n|-damage|p2a: Weezing|33/252\n|-start|p2a: Weezing|move: Heal Block\n|move|p2a: Weezing|Gunk Shot|p1a: Hypno\n|-damage|p1a: Hypno|0 fnt\n|faint|p1a: Hypno\n|\n|upkeep\n|inactive|izlnh has 120 seconds left.\n|inactive|izlnh has 90 seconds left.\n|\n|t:|1781420755\n|switch|p1a: Froslass|Froslass, L87, F|263/263\n|-damage|p1a: Froslass|198/263|[from] Stealth Rock\n|turn|12\n|inactive|izlnh has 90 seconds left.\n|\n|t:|1781420769\n|-terastallize|p2a: Weezing|Steel\n|move|p1a: Froslass|Triple Axel|p2a: Weezing\n|-resisted|p2a: Weezing\n|-damage|p2a: Weezing|25/252\n|-resisted|p2a: Weezing\n|-damage|p2a: Weezing|11/252\n|-resisted|p2a: Weezing\n|-damage|p2a: Weezing|0 fnt\n|faint|p2a: Weezing\n|-hitcount|p2: Weezing|3\n|\n|upkeep\n|inactive|719 man has 120 seconds left.\n|\n|t:|1781420794\n|switch|p2a: Arbok|Arbok, L87, M|246/246\n|-ability|p2a: Arbok|Intimidate|boost\n|-unboost|p1a: Froslass|atk|1\n|turn|13\n|inactive|izlnh has 90 seconds left.\n|\n|t:|1781420811\n|move|p1a: Froslass|Will-O-Wisp|p2a: Arbok\n|-status|p2a: Arbok|brn\n|move|p2a: Arbok|Knock Off|p1a: Froslass\n|-supereffective|p1a: Froslass\n|-damage|p1a: Froslass|101/263\n|-enditem|p1a: Froslass|Wide Lens|[from] move: Knock Off|[of] p2a: Arbok\n|-damage|p2a: Arbok|222/246 brn|[from] item: Life Orb\n|\n|-damage|p2a: Arbok|207/246 brn|[from] brn\n|upkeep\n|turn|14\n|inactive|izlnh has 90 seconds left.\n|inactive|719 man has 120 seconds left.\n|inactive|izlnh has 60 seconds left.\n|\n|t:|1781420856\n|switch|p1a: Fezandipiti|Fezandipiti, L82, M|278/278\n|-damage|p1a: Fezandipiti|244/278|[from] Stealth Rock\n|move|p2a: Arbok|Knock Off|p1a: Fezandipiti\n|-resisted|p1a: Fezandipiti\n|-damage|p1a: Fezandipiti|219/278\n|-enditem|p1a: Fezandipiti|Leftovers|[from] move: Knock Off|[of] p2a: Arbok\n|-damage|p2a: Arbok|183/246 brn|[from] item: Life Orb\n|\n|-damage|p2a: Arbok|168/246 brn|[from] brn\n|upkeep\n|turn|15\n|inactive|izlnh has 60 seconds left.\n|\n|t:|1781420880\n|switch|p2a: Slowking|Slowking, L88, M|179/310 tox\n|-terastallize|p1a: Fezandipiti|Ground\n|move|p1a: Fezandipiti|Tera Blast|p2a: Slowking|[anim] Tera Blast Ground\n|-damage|p2a: Slowking|106/310 tox\n|\n|-damage|p2a: Slowking|87/310 tox|[from] psn\n|upkeep\n|turn|16\n|\n|t:|1781420893\n|switch|p2a: Breloom|Breloom, L83, M|235/235\n|move|p1a: Fezandipiti|Tera Blast|p2a: Breloom|[anim] Tera Blast Ground\n|-resisted|p2a: Breloom\n|-damage|p2a: Breloom|193/235\n|\n|upkeep\n|turn|17\n|\n|t:|1781420907\n|move|p1a: Fezandipiti|Gunk Shot|p2a: Breloom|[miss]\n|-miss|p1a: Fezandipiti|p2a: Breloom\n|move|p2a: Breloom|Spore|p1a: Fezandipiti\n|-status|p1a: Fezandipiti|slp|[from] move: Spore\n|\n|upkeep\n|turn|18\n|\n|t:|1781420918\n|cant|p1a: Fezandipiti|slp\n|move|p2a: Breloom|Bullet Seed|p1a: Fezandipiti\n|-supereffective|p1a: Fezandipiti\n|-damage|p1a: Fezandipiti|84/278 slp\n|-supereffective|p1a: Fezandipiti\n|-damage|p1a: Fezandipiti|0 fnt\n|faint|p1a: Fezandipiti\n|-hitcount|p1: Fezandipiti|2\n|-damage|p2a: Breloom|170/235|[from] item: Life Orb\n|\n|upkeep\n|\n|t:|1781420927\n|switch|p1a: Dragalge|Dragalge, L88, F|126/258\n|-damage|p1a: Dragalge|94/258|[from] Stealth Rock\n|turn|19\n|\n|t:|1781420937\n|move|p2a: Breloom|Spore|p1a: Dragalge\n|-status|p1a: Dragalge|slp|[from] move: Spore\n|cant|p1a: Dragalge|slp\n|\n|upkeep\n|turn|20\n|inactive|izlnh has 60 seconds left.\n|\n|t:|1781420947\n|move|p2a: Breloom|Rock Tomb|p1a: Dragalge\n|-damage|p1a: Dragalge|0 fnt\n|faint|p1a: Dragalge\n|-damage|p2a: Breloom|147/235|[from] item: Life Orb\n|\n|upkeep\n|inactive|izlnh has 60 seconds left.\n|\n|t:|1781420957\n|switch|p1a: Froslass|Froslass, L87, F|101/263\n|-damage|p1a: Froslass|36/263|[from] Stealth Rock\n|turn|21\n|\n|t:|1781420970\n|switch|p2a: Slowking|Slowking, L88, M|190/310 tox\n|move|p1a: Froslass|Triple Axel|p2a: Slowking\n|-resisted|p2a: Slowking\n|-damage|p2a: Slowking|180/310 tox\n|-resisted|p2a: Slowking\n|-damage|p2a: Slowking|160/310 tox\n|-resisted|p2a: Slowking\n|-damage|p2a: Slowking|133/310 tox\n|-hitcount|p2a: Slowking|3\n|\n|-damage|p2a: Slowking|114/310 tox|[from] psn\n|upkeep\n|turn|22\n|inactive|izlnh has 60 seconds left.\n|\n|t:|1781421002\n|switch|p2a: Whimsicott|Whimsicott, L84, M|238/238\n|move|p1a: Froslass|Triple Axel|p2a: Whimsicott\n|-supereffective|p2a: Whimsicott\n|-damage|p2a: Whimsicott|196/238\n|-supereffective|p2a: Whimsicott\n|-damage|p2a: Whimsicott|106/238\n|-hitcount|p2a: Whimsicott|2\n|\n|upkeep\n|turn|23\n|\n|t:|1781421016\n|move|p2a: Whimsicott|Moonblast|p1a: Froslass\n|-damage|p1a: Froslass|0 fnt\n|-start|p2a: Whimsicott|Disable|Moonblast|[from] ability: Cursed Body|[of] p1a: Froslass\n|faint|p1a: Froslass\n|\n|upkeep\n|\n|t:|1781421028\n|switch|p1a: Reuniclus|Reuniclus, L88, F|337/337\n|turn|24\n|\n|t:|1781421046\n|move|p2a: Whimsicott|U-turn|p1a: Reuniclus\n|-supereffective|p1a: Reuniclus\n|-damage|p1a: Reuniclus|251/337\n|\n|t:|1781421053\n|switch|p2a: Slowking|Slowking, L88, M|217/310 tox|[from] U-turn\n|move|p1a: Reuniclus|Psyshock|p2a: Slowking\n|-resisted|p2a: Slowking\n|-damage|p2a: Slowking|139/310 tox\n|\n|-damage|p2a: Slowking|120/310 tox|[from] psn\n|upkeep\n|turn|25\n|\n|t:|1781421064\n|move|p2a: Slowking|Scald|p1a: Reuniclus\n|-damage|p1a: Reuniclus|149/337\n|move|p1a: Reuniclus|Calm Mind|p1a: Reuniclus\n|-boost|p1a: Reuniclus|spa|1\n|-boost|p1a: Reuniclus|spd|1\n|\n|-damage|p2a: Slowking|82/310 tox|[from] psn\n|upkeep\n|turn|26\n|\n|t:|1781421073\n|switch|p2a: Whimsicott|Whimsicott, L84, M|106/238\n|move|p1a: Reuniclus|Recover|p1a: Reuniclus\n|-heal|p1a: Reuniclus|318/337\n|\n|upkeep\n|turn|27\n|\n|t:|1781421086\n|move|p2a: Whimsicott|Encore|p1a: Reuniclus\n|-start|p1a: Reuniclus|Encore\n|move|p1a: Reuniclus|Recover|p1a: Reuniclus\n|-heal|p1a: Reuniclus|337/337\n|\n|upkeep\n|turn|28\n|\n|t:|1781421093\n|move|p2a: Whimsicott|Stun Spore|p1a: Reuniclus\n|-status|p1a: Reuniclus|par\n|move|p1a: Reuniclus|Recover||[still]\n|-fail|p1a: Reuniclus|heal\n|\n|upkeep\n|turn|29\n|\n|t:|1781421114\n|move|p2a: Whimsicott|U-turn|p1a: Reuniclus\n|-supereffective|p1a: Reuniclus\n|-damage|p1a: Reuniclus|253/337 par\n|\n|t:|1781421118\n|switch|p2a: Breloom|Breloom, L83, M|147/235|[from] U-turn\n|move|p1a: Reuniclus|Recover|p1a: Reuniclus\n|-heal|p1a: Reuniclus|337/337 par\n|\n|-end|p1a: Reuniclus|Encore\n|upkeep\n|turn|30\n|inactive|izlnh has 60 seconds left.\n|\n|t:|1781421128\n|move|p2a: Breloom|Bullet Seed|p1a: Reuniclus\n|-damage|p1a: Reuniclus|273/337 par\n|-damage|p1a: Reuniclus|209/337 par\n|-damage|p1a: Reuniclus|138/337 par\n|-damage|p1a: Reuniclus|68/337 par\n|-damage|p1a: Reuniclus|0 fnt\n|faint|p1a: Reuniclus\n|-hitcount|p1: Reuniclus|5\n|-damage|p2a: Breloom|124/235|[from] item: Life Orb\n|\n|upkeep\n|inactive|izlnh has 60 seconds left.\n|\n|t:|1781421139\n|switch|p1a: Dialga|Dialga, L73|266/266\n|-damage|p1a: Dialga|250/266|[from] Stealth Rock\n|-ability|p1a: Dialga|Pressure\n|turn|31\n|inactive|izlnh has 60 seconds left.\n|\n|t:|1781421159\n|switch|p2a: Whimsicott|Whimsicott, L84, M|106/238\n|move|p1a: Dialga|Fire Blast|p2a: Whimsicott\n|-supereffective|p2a: Whimsicott\n|-damage|p2a: Whimsicott|0 fnt\n|faint|p2a: Whimsicott\n|\n|upkeep\n|\n|t:|1781421171\n|switch|p2a: Arbok|Arbok, L87, M|168/246 brn\n|-ability|p2a: Arbok|Intimidate|boost\n|-unboost|p1a: Dialga|atk|1\n|turn|32\n|\n|t:|1781421183\n|move|p2a: Arbok|Knock Off|p1a: Dialga\n|-damage|p1a: Dialga|207/266\n|-enditem|p1a: Dialga|Assault Vest|[from] move: Knock Off|[of] p2a: Arbok\n|-damage|p2a: Arbok|144/246 brn|[from] item: Life Orb\n|move|p1a: Dialga|Fire Blast|p2a: Arbok\n|-crit|p2a: Arbok\n|-damage|p2a: Arbok|13/246 brn\n|\n|-damage|p2a: Arbok|0 fnt|[from] brn\n|faint|p2a: Arbok\n|upkeep\n|\n|t:|1781421193\n|switch|p2a: Slowking|Slowking, L88, M|185/310 tox\n|turn|33\n|\n|t:|1781421202\n|move|p1a: Dialga|Heavy Slam|p2a: Slowking\n|-resisted|p2a: Slowking\n|-crit|p2a: Slowking\n|-damage|p2a: Slowking|97/310 tox\n|move|p2a: Slowking|Slack Off|p2a: Slowking\n|-heal|p2a: Slowking|252/310 tox\n|\n|-damage|p2a: Slowking|233/310 tox|[from] psn\n|upkeep\n|turn|34\n|\n|t:|1781421215\n|move|p2a: Slowking|Scald|p1a: Dialga\n|-resisted|p1a: Dialga\n|-damage|p1a: Dialga|154/266\n|move|p1a: Dialga|Dragon Tail|p2a: Slowking\n|-damage|p2a: Slowking|193/310 tox\n|drag|p2a: Breloom|Breloom, L83, M|124/235\n|\n|upkeep\n|turn|35\n|\n|t:|1781421225\n|move|p2a: Breloom|Mach Punch|p1a: Dialga\n|-supereffective|p1a: Dialga\n|-damage|p1a: Dialga|0 fnt\n|faint|p1a: Dialga\n|-damage|p2a: Breloom|101/235|[from] item: Life Orb\n|\n|win|719 man\n|raw|izlnh's rating: 1141 &rarr; <strong>1112</strong><br />(-29 for losing)\n|raw|719 man's rating: 1081 &rarr; <strong>1114</strong><br />(+33 for winning)\n", "uploadtime": 1781421231, "views": 12, "formatid": "gen9randombattle", "rating": 1112, "private": 0, "password": null}