{"id": "gen9randombattle-2631806166", "format": "[Gen 9] Random Battle", "players": ["moenke", "Higgelhiggel"], "log": "|j|\u2606moenke\n|j|\u2606Higgelhiggel\n|t:|1781442365\n|gametype|singles\n|player|p1|moenke|1|2115\n|player|p2|Higgelhiggel|1|2162\n|gen|9\n|tier|[Gen 9] Random Battle\n|rated|\n|rule|Species Clause: Limit one of each Pok\u00e9mon\n|rule|HP Percentage Mod: HP is shown in percentages\n|rule|Sleep Clause Mod: Limit one foe put to sleep\n|rule|Illusion Level Mod: Illusion disguises the Pok\u00e9mon's true level\n|\n|t:|1781442365\n|teamsize|p1|6\n|teamsize|p2|6\n|start\n|switch|p1a: Rabsca|Rabsca, L91, F|284/284\n|switch|p2a: Delibird|Delibird, F|252/252\n|turn|1\n|\n|t:|1781442374\n|switch|p1a: Granbull|Granbull, L88, F|302/302\n|-ability|p1a: Granbull|Intimidate|boost\n|-unboost|p2a: Delibird|atk|1\n|move|p2a: Delibird|Brave Bird|p1a: Granbull|[miss]\n|-miss|p2a: Delibird|p1a: Granbull\n|\n|upkeep\n|turn|2\n|\n|t:|1781442378\n|move|p2a: Delibird|Spikes|p1a: Granbull\n|-sidestart|p1: moenke|Spikes\n|move|p1a: Granbull|Play Rough|p2a: Delibird\n|-damage|p2a: Delibird|78/252\n|\n|upkeep\n|turn|3\n|inactive|Battle timer is ON: inactive players will automatically lose when time's up. (requested by moenke)\n|\n|t:|1781442388\n|switch|p2a: Dusknoir|Dusknoir, L89, M|225/225\n|-item|p1a: Granbull|Leftovers|[from] ability: Frisk|[of] p2a: Dusknoir\n|move|p1a: Granbull|Play Rough|p2a: Dusknoir\n|-damage|p2a: Dusknoir|137/225\n|\n|-heal|p2a: Dusknoir|151/225|[from] item: Leftovers\n|upkeep\n|turn|4\n|\n|t:|1781442400\n|move|p2a: Dusknoir|Will-O-Wisp|p1a: Granbull\n|-status|p1a: Granbull|brn\n|move|p1a: Granbull|Play Rough|p2a: Dusknoir\n|-damage|p2a: Dusknoir|107/225\n|\n|-heal|p2a: Dusknoir|121/225|[from] item: Leftovers\n|-damage|p1a: Granbull|284/302 brn|[from] brn\n|upkeep\n|turn|5\n|\n|t:|1781442404\n|move|p2a: Dusknoir|Poltergeist|p1a: Granbull\n|-activate|p1a: Granbull|move: Poltergeist|Leftovers\n|-damage|p1a: Granbull|136/302 brn\n|move|p1a: Granbull|Thunder Wave|p2a: Dusknoir\n|-status|p2a: Dusknoir|par\n|\n|-heal|p1a: Granbull|154/302 brn|[from] item: Leftovers\n|-heal|p2a: Dusknoir|135/225 par|[from] item: Leftovers\n|-damage|p1a: Granbull|136/302 brn|[from] brn\n|upkeep\n|turn|6\n|\n|t:|1781442409\n|move|p1a: Granbull|Play Rough|p2a: Dusknoir\n|-damage|p2a: Dusknoir|90/225 par\n|cant|p2a: Dusknoir|par\n|\n|-heal|p1a: Granbull|154/302 brn|[from] item: Leftovers\n|-heal|p2a: Dusknoir|104/225 par|[from] item: Leftovers\n|-damage|p1a: Granbull|136/302 brn|[from] brn\n|upkeep\n|turn|7\n|\n|t:|1781442412\n|move|p1a: Granbull|Play Rough|p2a: Dusknoir\n|-damage|p2a: Dusknoir|60/225 par\n|move|p2a: Dusknoir|Poltergeist|p1a: Granbull\n|-activate|p1a: Granbull|move: Poltergeist|Leftovers\n|-damage|p1a: Granbull|0 fnt\n|faint|p1a: Granbull\n|\n|-heal|p2a: Dusknoir|74/225 par|[from] item: Leftovers\n|upkeep\n|\n|t:|1781442419\n|switch|p1a: Ambipom|Ambipom, L84, M|263/263\n|-damage|p1a: Ambipom|231/263|[from] Spikes\n|turn|8\n|\n|t:|1781442422\n|move|p1a: Ambipom|Knock Off|p2a: Dusknoir\n|-supereffective|p2a: Dusknoir\n|-damage|p2a: Dusknoir|0 fnt\n|-enditem|p2a: Dusknoir|Leftovers|[from] move: Knock Off|[of] p1a: Ambipom\n|faint|p2a: Dusknoir\n|\n|upkeep\n|\n|t:|1781442429\n|switch|p2a: Volbeat|Volbeat, L90, M|263/263\n|turn|9\n|\n|t:|1781442432\n|switch|p1a: Rabsca|Rabsca, L91, F|284/284\n|move|p2a: Volbeat|Thunder Wave|p1a: Rabsca\n|-status|p1a: Rabsca|par\n|-activate|p1a: Rabsca|ability: Synchronize\n|-status|p2a: Volbeat|par\n|\n|upkeep\n|turn|10\n|\n|t:|1781442439\n|switch|p1a: Scizor|Scizor, L79, F|240/240\n|-damage|p1a: Scizor|210/240|[from] Spikes\n|cant|p2a: Volbeat|par\n|\n|upkeep\n|turn|11\n|\n|t:|1781442442\n|move|p2a: Volbeat|Thunder Wave|p1a: Scizor\n|-status|p1a: Scizor|par\n|move|p1a: Scizor|Bug Bite|p2a: Volbeat\n|-damage|p2a: Volbeat|127/263 par\n|-damage|p1a: Scizor|186/240 par|[from] item: Life Orb\n|\n|upkeep\n|turn|12\n|\n|t:|1781442453\n|switch|p2a: Samurott|Samurott-Hisui, L77, F|265/265\n|move|p1a: Scizor|Bug Bite|p2a: Samurott\n|-supereffective|p2a: Samurott\n|-damage|p2a: Samurott|0 fnt\n|faint|p2a: Samurott\n|-damage|p1a: Scizor|162/240 par|[from] item: Life Orb\n|\n|upkeep\n|\n|t:|1781442464\n|switch|p2a: Azumarill|Azumarill, L82, F|298/298\n|turn|13\n|\n|t:|1781442472\n|move|p2a: Azumarill|Liquidation|p1a: Scizor\n|-damage|p1a: Scizor|11/240 par\n|move|p1a: Scizor|Swords Dance|p1a: Scizor\n|-boost|p1a: Scizor|atk|2\n|\n|upkeep\n|turn|14\n|\n|t:|1781442478\n|cant|p1a: Scizor|par\n|move|p2a: Azumarill|Liquidation|p1a: Scizor\n|-damage|p1a: Scizor|0 fnt\n|faint|p1a: Scizor\n|\n|upkeep\n|\n|t:|1781442488\n|switch|p1a: Ambipom|Ambipom, L84, M|231/263\n|-damage|p1a: Ambipom|199/263|[from] Spikes\n|turn|15\n|\n|t:|1781442491\n|move|p1a: Ambipom|Fake Out|p2a: Azumarill\n|-damage|p2a: Azumarill|208/298\n|cant|p2a: Azumarill|flinch\n|\n|upkeep\n|turn|16\n|\n|t:|1781442499\n|move|p1a: Ambipom|U-turn|p2a: Azumarill\n|-resisted|p2a: Azumarill\n|-damage|p2a: Azumarill|181/298\n|\n|t:|1781442506\n|switch|p1a: Grimmsnarl|Grimmsnarl, L83, M|293/293|[from] U-turn\n|-damage|p1a: Grimmsnarl|257/293|[from] Spikes\n|move|p2a: Azumarill|Liquidation|p1a: Grimmsnarl\n|-damage|p1a: Grimmsnarl|62/293\n|\n|upkeep\n|turn|17\n|\n|t:|1781442510\n|move|p1a: Grimmsnarl|Spirit Break|p2a: Azumarill\n|-damage|p2a: Azumarill|79/298\n|-unboost|p2a: Azumarill|spa|1\n|move|p2a: Azumarill|Liquidation|p1a: Grimmsnarl\n|-damage|p1a: Grimmsnarl|0 fnt\n|faint|p1a: Grimmsnarl\n|\n|upkeep\n|\n|t:|1781442514\n|switch|p1a: Ambipom|Ambipom, L84, M|199/263\n|-damage|p1a: Ambipom|167/263|[from] Spikes\n|turn|18\n|\n|t:|1781442516\n|move|p1a: Ambipom|Fake Out|p2a: Azumarill\n|-damage|p2a: Azumarill|0 fnt\n|faint|p2a: Azumarill\n|\n|upkeep\n|\n|t:|1781442519\n|switch|p2a: Volbeat|Volbeat, L90, M|127/263 par\n|turn|19\n|\n|t:|1781442525\n|switch|p1a: Zapdos|Zapdos-Galar, L77|265/265\n|cant|p2a: Volbeat|par\n|\n|upkeep\n|turn|20\n|\n|t:|1781442528\n|move|p2a: Volbeat|Thunder Wave|p1a: Zapdos\n|-status|p1a: Zapdos|par\n|move|p1a: Zapdos|Brave Bird|p2a: Volbeat\n|-supereffective|p2a: Volbeat\n|-damage|p2a: Volbeat|0 fnt\n|faint|p2a: Volbeat\n|-damage|p1a: Zapdos|223/265 par|[from] Recoil\n|\n|upkeep\n|\n|t:|1781442532\n|switch|p2a: Delibird|Delibird, F|78/252\n|turn|21\n|\n|t:|1781442534\n|move|p2a: Delibird|Brave Bird|p1a: Zapdos\n|-supereffective|p1a: Zapdos\n|-damage|p1a: Zapdos|0 fnt\n|faint|p1a: Zapdos\n|-damage|p2a: Delibird|4/252|[from] Recoil\n|\n|upkeep\n|\n|t:|1781442536\n|switch|p1a: Ambipom|Ambipom, L84, M|167/263\n|-damage|p1a: Ambipom|135/263|[from] Spikes\n|turn|22\n|\n|t:|1781442538\n|move|p1a: Ambipom|Fake Out|p2a: Delibird\n|-damage|p2a: Delibird|0 fnt\n|faint|p2a: Delibird\n|\n|upkeep\n|\n|t:|1781442539\n|switch|p2a: Rhyperior|Rhyperior, L82, M|323/323\n|turn|23\n|\n|t:|1781442554\n|move|p1a: Ambipom|Knock Off|p2a: Rhyperior\n|-damage|p2a: Rhyperior|271/323\n|-enditem|p2a: Rhyperior|Assault Vest|[from] move: Knock Off|[of] p1a: Ambipom\n|move|p2a: Rhyperior|Stone Edge|p1a: Ambipom\n|-crit|p1a: Ambipom\n|-damage|p1a: Ambipom|0 fnt\n|faint|p1a: Ambipom\n|\n|upkeep\n|\n|t:|1781442556\n|switch|p1a: Rabsca|Rabsca, L91, F|284/284 par\n|turn|24\n|\n|t:|1781442568\n|-terastallize|p1a: Rabsca|Steel\n|move|p2a: Rhyperior|Earthquake|p1a: Rabsca\n|-supereffective|p1a: Rabsca\n|-damage|p1a: Rabsca|32/284 par\n|move|p1a: Rabsca|Revival Blessing|p1a: Rabsca\n|\n|t:|1781442588\n|-heal|p1: Scizor|120/240|[from] move: Revival Blessing\n|\n|upkeep\n|turn|25\n|\n|t:|1781442591\n|move|p2a: Rhyperior|Earthquake|p1a: Rabsca\n|-supereffective|p1a: Rabsca\n|-damage|p1a: Rabsca|0 fnt\n|faint|p1a: Rabsca\n|\n|upkeep\n|\n|t:|1781442592\n|switch|p1a: Scizor|Scizor, L79, F|120/240\n|-damage|p1a: Scizor|90/240|[from] Spikes\n|turn|26\n|\n|t:|1781442605\n|-terastallize|p2a: Rhyperior|Dragon\n|move|p1a: Scizor|Bullet Punch|p2a: Rhyperior\n|-damage|p2a: Rhyperior|205/323\n|-damage|p1a: Scizor|66/240|[from] item: Life Orb\n|move|p2a: Rhyperior|Earthquake|p1a: Scizor\n|-damage|p1a: Scizor|0 fnt\n|faint|p1a: Scizor\n|\n|win|Higgelhiggel\n", "uploadtime": 1781442367, "views": 3, "formatid": "gen9randombattle", "rating": null, "private": 0, "password": null}