{"id": "gen9randombattle-2631934095", "format": "[Gen 9] Random Battle", "players": ["Mitsuki", "kingslugma13"], "log": "|j|\u2606Mitsuki\n|j|\u2606kingslugma13\n|t:|1781457264\n|gametype|singles\n|player|p1|Mitsuki|#mitsuki|1748\n|player|p2|kingslugma13|170|1701\n|gen|9\n|tier|[Gen 9] Random Battle\n|rated|\n|rule|Species Clause: Limit one of each Pok\u00e9mon\n|rule|HP Percentage Mod: HP is shown in percentages\n|rule|Sleep Clause Mod: Limit one foe put to sleep\n|rule|Illusion Level Mod: Illusion disguises the Pok\u00e9mon's true level\n|\n|t:|1781457264\n|teamsize|p1|6\n|teamsize|p2|6\n|start\n|switch|p1a: Miraidon|Miraidon, L65|238/238\n|switch|p2a: Passimian|Passimian, L83, F|302/302\n|-fieldstart|move: Electric Terrain|[from] ability: Hadron Engine|[of] p1a: Miraidon\n|turn|1\n|inactive|Battle timer is ON: inactive players will automatically lose when time's up. (requested by kingslugma13)\n|\n|t:|1781457273\n|move|p2a: Passimian|Knock Off|p1a: Miraidon\n|-damage|p1a: Miraidon|137/238\n|-enditem|p1a: Miraidon|Choice Specs|[from] move: Knock Off|[of] p2a: Passimian\n|move|p1a: Miraidon|Volt Switch|p2a: Passimian\n|-damage|p2a: Passimian|167/302\n|\n|t:|1781457280\n|switch|p1a: Ho-Oh|Ho-Oh, L71|268/268|[from] Volt Switch\n|\n|upkeep\n|turn|2\n|\n|t:|1781457291\n|switch|p2a: Luxray|Luxray, L88, F|284/284\n|-ability|p2a: Luxray|Intimidate|boost\n|-unboost|p1a: Ho-Oh|atk|1\n|move|p1a: Ho-Oh|Sacred Fire|p2a: Luxray\n|-damage|p2a: Luxray|215/284\n|-status|p2a: Luxray|brn\n|\n|-damage|p2a: Luxray|198/284 brn|[from] brn\n|upkeep\n|turn|3\n|\n|t:|1781457301\n|switch|p1a: Regirock|Regirock, L83|268/268\n|move|p2a: Luxray|Volt Switch|p1a: Regirock\n|-damage|p1a: Regirock|180/268\n|\n|t:|1781457313\n|switch|p2a: Clawitzer|Clawitzer, L87, M|265/265|[from] Volt Switch\n|\n|-heal|p1a: Regirock|196/268|[from] item: Leftovers\n|upkeep\n|turn|4\n|\n|t:|1781457321\n|switch|p1a: Luvdisc|Luvdisc, F|247/247\n|move|p2a: Clawitzer|Water Pulse|p1a: Luvdisc\n|-resisted|p1a: Luvdisc\n|-damage|p1a: Luvdisc|149/247\n|\n|upkeep\n|turn|5\n|\n|t:|1781457332\n|switch|p2a: Luxray|Luxray, L88, F|198/284 brn\n|-ability|p2a: Luxray|Intimidate|boost\n|-unboost|p1a: Luvdisc|atk|1\n|move|p1a: Luvdisc|Substitute|p1a: Luvdisc\n|-start|p1a: Luvdisc|Substitute\n|-damage|p1a: Luvdisc|88/247\n|\n|-damage|p2a: Luxray|181/284 brn|[from] brn\n|-fieldend|move: Electric Terrain\n|upkeep\n|turn|6\n|\n|t:|1781457340\n|move|p1a: Luvdisc|Surf|p2a: Luxray\n|-damage|p2a: Luxray|130/284 brn\n|move|p2a: Luxray|Wild Charge|p1a: Luvdisc\n|-supereffective|p1a: Luvdisc\n|-end|p1a: Luvdisc|Substitute\n|-damage|p2a: Luxray|115/284 brn|[from] Recoil|[of] p1a: Luvdisc\n|\n|-damage|p2a: Luxray|98/284 brn|[from] brn\n|upkeep\n|turn|7\n|\n|t:|1781457347\n|move|p1a: Luvdisc|Substitute|p1a: Luvdisc\n|-start|p1a: Luvdisc|Substitute\n|-damage|p1a: Luvdisc|27/247\n|move|p2a: Luxray|Volt Switch|p1a: Luvdisc\n|-supereffective|p1a: Luvdisc\n|-end|p1a: Luvdisc|Substitute\n|\n|t:|1781457363\n|switch|p2a: Passimian|Passimian, L83, F|167/302|[from] Volt Switch\n|\n|upkeep\n|turn|8\n|\n|t:|1781457365\n|move|p2a: Passimian|Rock Slide|p1a: Luvdisc\n|-damage|p1a: Luvdisc|0 fnt\n|faint|p1a: Luvdisc\n|\n|upkeep\n|\n|t:|1781457370\n|switch|p1a: Regirock|Regirock, L83|196/268\n|turn|9\n|\n|t:|1781457380\n|switch|p2a: Clodsire|Clodsire, L81, F|343/343\n|move|p1a: Regirock|Stealth Rock|p2a: Clodsire\n|-sidestart|p2: kingslugma13|move: Stealth Rock\n|\n|-heal|p1a: Regirock|212/268|[from] item: Leftovers\n|upkeep\n|turn|10\n|\n|t:|1781457389\n|switch|p1a: Cryogonal|Cryogonal, L89|287/287\n|move|p2a: Clodsire|Stealth Rock|p1a: Cryogonal\n|-sidestart|p1: Mitsuki|move: Stealth Rock\n|\n|upkeep\n|turn|11\n|\n|t:|1781457393\n|move|p1a: Cryogonal|Rapid Spin|p2a: Clodsire\n|-damage|p2a: Clodsire|311/343\n|-boost|p1a: Cryogonal|spe|1\n|-sideend|p1: Mitsuki|Stealth Rock|[from] move: Rapid Spin|[of] p1a: Cryogonal\n|move|p2a: Clodsire|Gunk Shot|p1a: Cryogonal\n|-damage|p1a: Cryogonal|161/287\n|\n|-heal|p2a: Clodsire|332/343|[from] item: Leftovers\n|upkeep\n|turn|12\n|\n|t:|1781457397\n|move|p1a: Cryogonal|Ice Beam|p2a: Clodsire\n|-supereffective|p2a: Clodsire\n|-damage|p2a: Clodsire|132/343\n|move|p2a: Clodsire|Gunk Shot|p1a: Cryogonal\n|-damage|p1a: Cryogonal|19/287\n|\n|-heal|p2a: Clodsire|153/343|[from] item: Leftovers\n|upkeep\n|turn|13\n|\n|t:|1781457401\n|move|p1a: Cryogonal|Ice Beam|p2a: Clodsire\n|-supereffective|p2a: Clodsire\n|-crit|p2a: Clodsire\n|-damage|p2a: Clodsire|0 fnt\n|faint|p2a: Clodsire\n|\n|upkeep\n|\n|t:|1781457406\n|switch|p2a: Passimian|Passimian, L83, F|167/302\n|-damage|p2a: Passimian|149/302|[from] Stealth Rock\n|turn|14\n|\n|t:|1781457408\n|move|p1a: Cryogonal|Ice Beam|p2a: Passimian\n|-damage|p2a: Passimian|22/302\n|move|p2a: Passimian|Close Combat|p1a: Cryogonal\n|-supereffective|p1a: Cryogonal\n|-damage|p1a: Cryogonal|0 fnt\n|-unboost|p2a: Passimian|def|1\n|-unboost|p2a: Passimian|spd|1\n|faint|p1a: Cryogonal\n|\n|upkeep\n|\n|t:|1781457414\n|switch|p1a: Ho-Oh|Ho-Oh, L71|268/268\n|turn|15\n|\n|t:|1781457419\n|switch|p2a: Luxray|Luxray, L88, F|98/284 brn\n|-damage|p2a: Luxray|63/284 brn|[from] Stealth Rock\n|-ability|p2a: Luxray|Intimidate|boost\n|-unboost|p1a: Ho-Oh|atk|1\n|move|p1a: Ho-Oh|Earthquake|p2a: Luxray\n|-supereffective|p2a: Luxray\n|-damage|p2a: Luxray|0 fnt\n|faint|p2a: Luxray\n|\n|upkeep\n|\n|t:|1781457425\n|switch|p2a: Quaquaval|Quaquaval, L79, F|264/264\n|-damage|p2a: Quaquaval|248/264|[from] Stealth Rock\n|turn|16\n|\n|t:|1781457428\n|move|p2a: Quaquaval|Aqua Step|p1a: Ho-Oh\n|-supereffective|p1a: Ho-Oh\n|-damage|p1a: Ho-Oh|0 fnt\n|-boost|p2a: Quaquaval|spe|1\n|faint|p1a: Ho-Oh\n|-ability|p2a: Quaquaval|Moxie|boost\n|-boost|p2a: Quaquaval|atk|1\n|\n|upkeep\n|\n|t:|1781457431\n|switch|p1a: Gyarados|Gyarados, L79, F|280/280\n|turn|17\n|\n|t:|1781457442\n|move|p2a: Quaquaval|Aqua Step|p1a: Gyarados\n|-resisted|p1a: Gyarados\n|-damage|p1a: Gyarados|168/280\n|-boost|p2a: Quaquaval|spe|1\n|move|p1a: Gyarados|Dragon Dance|p1a: Gyarados\n|-boost|p1a: Gyarados|atk|1\n|-boost|p1a: Gyarados|spe|1\n|\n|upkeep\n|turn|18\n|\n|t:|1781457450\n|move|p2a: Quaquaval|Aqua Step|p1a: Gyarados\n|-resisted|p1a: Gyarados\n|-damage|p1a: Gyarados|63/280\n|-boost|p2a: Quaquaval|spe|1\n|move|p1a: Gyarados|Earthquake|p2a: Quaquaval\n|-damage|p2a: Quaquaval|110/264\n|\n|upkeep\n|turn|19\n|\n|t:|1781457453\n|move|p2a: Quaquaval|Aqua Step|p1a: Gyarados\n|-resisted|p1a: Gyarados\n|-damage|p1a: Gyarados|0 fnt\n|-boost|p2a: Quaquaval|spe|1\n|faint|p1a: Gyarados\n|-ability|p2a: Quaquaval|Moxie|boost\n|-boost|p2a: Quaquaval|atk|1\n|\n|upkeep\n|-message|Mitsuki forfeited.\n|\n|win|kingslugma13\n|raw|Mitsuki's rating: 1748 &rarr; <strong>1725</strong><br />(-23 for losing)\n|raw|kingslugma13's rating: 1701 &rarr; <strong>1724</strong><br />(+23 for winning)\n|l|\u2606Mitsuki\n|player|p1|\n", "uploadtime": 1781457459, "views": 2, "formatid": "gen9randombattle", "rating": 1724, "private": 0, "password": null}