{"id": "gen9randombattle-2631686485", "format": "[Gen 9] Random Battle", "players": ["DoctorWit", "Sip of Sabrina"], "log": "|j|\u2606DoctorWit\n|j|\u2606Sip of Sabrina\n|t:|1781421691\n|gametype|singles\n|player|p1|DoctorWit|1|1470\n|player|p2|Sip of Sabrina|acetrainer-gen4dp|1461\n|gen|9\n|tier|[Gen 9] Random Battle\n|rated|\n|rule|Species Clause: Limit one of each Pok\u00e9mon\n|rule|HP Percentage Mod: HP is shown in percentages\n|rule|Sleep Clause Mod: Limit one foe put to sleep\n|rule|Illusion Level Mod: Illusion disguises the Pok\u00e9mon's true level\n|\n|t:|1781421691\n|teamsize|p1|6\n|teamsize|p2|6\n|start\n|switch|p1a: Ursaring|Ursaring, L84, F|288/288\n|switch|p2a: Iron Leaves|Iron Leaves, L80|275/275\n|turn|1\n|inactive|Battle timer is ON: inactive players will automatically lose when time's up. (requested by DoctorWit)\n|inactive|Sip of Sabrina has 120 seconds left.\n|\n|t:|1781421742\n|-end|p2a: Iron Leaves|Quark Drive|[silent]\n|switch|p2a: Rhyperior|Rhyperior, L82, F|323/323\n|move|p1a: Ursaring|Body Slam|p2a: Rhyperior\n|-resisted|p2a: Rhyperior\n|-damage|p2a: Rhyperior|278/323\n|\n|upkeep\n|turn|2\n|\n|t:|1781421751\n|move|p1a: Ursaring|Earthquake|p2a: Rhyperior\n|-supereffective|p2a: Rhyperior\n|-damage|p2a: Rhyperior|181/323\n|move|p2a: Rhyperior|Earthquake|p1a: Ursaring\n|-damage|p1a: Ursaring|177/288\n|\n|upkeep\n|turn|3\n|\n|t:|1781421759\n|move|p1a: Ursaring|Earthquake|p2a: Rhyperior\n|-supereffective|p2a: Rhyperior\n|-damage|p2a: Rhyperior|88/323\n|move|p2a: Rhyperior|Earthquake|p1a: Ursaring\n|-damage|p1a: Ursaring|84/288\n|\n|upkeep\n|turn|4\n|\n|t:|1781421766\n|switch|p2a: Yanmega|Yanmega, L82, F|275/275\n|move|p1a: Ursaring|Rest|p1a: Ursaring\n|-status|p1a: Ursaring|slp|[from] move: Rest\n|-heal|p1a: Ursaring|288/288 slp|[silent]\n|\n|upkeep\n|turn|5\n|\n|t:|1781421785\n|move|p2a: Yanmega|Air Slash|p1a: Ursaring\n|-damage|p1a: Ursaring|197/288 slp\n|cant|p1a: Ursaring|slp\n|cant|p1a: Ursaring|flinch\n|\n|upkeep\n|turn|6\n|\n|t:|1781421790\n|move|p2a: Yanmega|Air Slash|p1a: Ursaring\n|-damage|p1a: Ursaring|92/288 slp\n|cant|p1a: Ursaring|slp\n|cant|p1a: Ursaring|flinch\n|\n|upkeep\n|turn|7\n|\n|t:|1781421797\n|move|p2a: Yanmega|Air Slash|p1a: Ursaring\n|-damage|p1a: Ursaring|0 fnt\n|faint|p1a: Ursaring\n|\n|upkeep\n|\n|t:|1781421801\n|switch|p1a: Moltres|Moltres, L81|278/278\n|turn|8\n|\n|t:|1781421805\n|switch|p2a: Rhyperior|Rhyperior, L82, F|88/323\n|move|p1a: Moltres|Fire Blast|p2a: Rhyperior|[miss]\n|-miss|p1a: Moltres|p2a: Rhyperior\n|\n|upkeep\n|turn|9\n|inactive|DoctorWit has 120 seconds left.\n|\n|t:|1781421837\n|move|p1a: Moltres|Will-O-Wisp|p2a: Rhyperior\n|-status|p2a: Rhyperior|brn\n|move|p2a: Rhyperior|Stone Edge|p1a: Moltres|[miss]\n|-miss|p2a: Rhyperior|p1a: Moltres\n|\n|-damage|p2a: Rhyperior|68/323 brn|[from] brn\n|upkeep\n|turn|10\n|\n|t:|1781421843\n|move|p1a: Moltres|Fire Blast|p2a: Rhyperior\n|-resisted|p2a: Rhyperior\n|-crit|p2a: Rhyperior\n|-damage|p2a: Rhyperior|0 fnt\n|faint|p2a: Rhyperior\n|\n|upkeep\n|inactive|Sip of Sabrina has 120 seconds left.\n|\n|t:|1781421877\n|switch|p2a: Golduck|Golduck, L90, M|290/290\n|-ability|p2a: Golduck|Cloud Nine\n|turn|11\n|inactive|DoctorWit has 120 seconds left.\n|\n|t:|1781421917\n|move|p2a: Golduck|Nasty Plot|p2a: Golduck\n|-boost|p2a: Golduck|spa|2\n|move|p1a: Moltres|Will-O-Wisp|p2a: Golduck\n|-status|p2a: Golduck|brn\n|\n|-damage|p2a: Golduck|272/290 brn|[from] brn\n|upkeep\n|turn|12\n|\n|t:|1781421923\n|move|p2a: Golduck|Encore|p1a: Moltres\n|-start|p1a: Moltres|Encore\n|move|p1a: Moltres|Will-O-Wisp|p2a: Golduck\n|-fail|p2a: Golduck|brn\n|\n|-heal|p2a: Golduck|290/290 brn|[from] item: Leftovers\n|-damage|p2a: Golduck|272/290 brn|[from] brn\n|upkeep\n|turn|13\n|\n|t:|1781421928\n|switch|p1a: Porygon2|Porygon2, L81|270/270\n|-ability|p1a: Porygon2|Download|boost\n|-boost|p1a: Porygon2|atk|1\n|move|p2a: Golduck|Nasty Plot|p2a: Golduck\n|-boost|p2a: Golduck|spa|2\n|\n|-heal|p2a: Golduck|290/290 brn|[from] item: Leftovers\n|-damage|p2a: Golduck|272/290 brn|[from] brn\n|upkeep\n|turn|14\n|\n|t:|1781421933\n|move|p2a: Golduck|Hydro Pump|p1a: Porygon2|[miss]\n|-miss|p2a: Golduck|p1a: Porygon2\n|move|p1a: Porygon2|Shadow Ball|p2a: Golduck\n|-damage|p2a: Golduck|212/290 brn\n|\n|-heal|p2a: Golduck|230/290 brn|[from] item: Leftovers\n|-damage|p2a: Golduck|212/290 brn|[from] brn\n|upkeep\n|turn|15\n|\n|t:|1781421938\n|move|p2a: Golduck|Hydro Pump|p1a: Porygon2\n|-damage|p1a: Porygon2|33/270\n|move|p1a: Porygon2|Shadow Ball|p2a: Golduck\n|-crit|p2a: Golduck\n|-damage|p2a: Golduck|133/290 brn\n|\n|-heal|p2a: Golduck|151/290 brn|[from] item: Leftovers\n|-damage|p2a: Golduck|133/290 brn|[from] brn\n|upkeep\n|turn|16\n|\n|t:|1781421943\n|move|p2a: Golduck|Grass Knot|p1a: Porygon2\n|-damage|p1a: Porygon2|0 fnt\n|faint|p1a: Porygon2\n|\n|-heal|p2a: Golduck|151/290 brn|[from] item: Leftovers\n|-damage|p2a: Golduck|133/290 brn|[from] brn\n|upkeep\n|\n|t:|1781421951\n|switch|p1a: Kricketune|Kricketune, L99, M|312/312\n|turn|17\n|\n|t:|1781421956\n|move|p2a: Golduck|Hydro Pump|p1a: Kricketune\n|-damage|p1a: Kricketune|0 fnt\n|faint|p1a: Kricketune\n|\n|-heal|p2a: Golduck|151/290 brn|[from] item: Leftovers\n|-damage|p2a: Golduck|133/290 brn|[from] brn\n|upkeep\n|\n|t:|1781421959\n|switch|p1a: Houndoom|Houndoom, L87, F|272/272\n|turn|18\n|\n|t:|1781421963\n|-terastallize|p1a: Houndoom|Poison\n|move|p1a: Houndoom|Sludge Bomb|p2a: Golduck\n|-damage|p2a: Golduck|27/290 brn\n|move|p2a: Golduck|Hydro Pump|p1a: Houndoom\n|-damage|p1a: Houndoom|0 fnt\n|faint|p1a: Houndoom\n|\n|-heal|p2a: Golduck|45/290 brn|[from] item: Leftovers\n|-damage|p2a: Golduck|27/290 brn|[from] brn\n|upkeep\n|\n|t:|1781421969\n|switch|p1a: Falinks|Falinks, L84|246/246\n|turn|19\n|\n|t:|1781421975\n|move|p2a: Golduck|Hydro Pump|p1a: Falinks\n|-damage|p1a: Falinks|0 fnt\n|faint|p1a: Falinks\n|\n|-heal|p2a: Golduck|45/290 brn|[from] item: Leftovers\n|-damage|p2a: Golduck|27/290 brn|[from] brn\n|upkeep\n|\n|t:|1781421977\n|switch|p1a: Moltres|Moltres, L81|278/278\n|turn|20\n|\n|t:|1781421980\n|move|p2a: Golduck|Hydro Pump|p1a: Moltres\n|-supereffective|p1a: Moltres\n|-damage|p1a: Moltres|0 fnt\n|faint|p1a: Moltres\n|\n|win|Sip of Sabrina\n|raw|DoctorWit's rating: 1470 &rarr; <strong>1449</strong><br />(-21 for losing)\n|raw|Sip of Sabrina's rating: 1461 &rarr; <strong>1482</strong><br />(+21 for winning)\n|l|\u2606DoctorWit\n|player|p1|\n|c|\u2606Sip of Sabrina|gg\n", "uploadtime": 1781421990, "views": 4, "formatid": "gen9randombattle", "rating": 1449, "private": 0, "password": null}