{"id": "gen9randombattle-2631919588", "format": "[Gen 9] Random Battle", "players": ["YouShallNotPas", "flaviodssts"], "log": "|j|\u2606YouShallNotPas\n|j|\u2606flaviodssts\n|t:|1781455654\n|gametype|singles\n|player|p1|YouShallNotPas|101|1904\n|player|p2|flaviodssts|burglar|1939\n|gen|9\n|tier|[Gen 9] Random Battle\n|rated|\n|rule|Species Clause: Limit one of each Pok\u00e9mon\n|rule|HP Percentage Mod: HP is shown in percentages\n|rule|Sleep Clause Mod: Limit one foe put to sleep\n|rule|Illusion Level Mod: Illusion disguises the Pok\u00e9mon's true level\n|\n|t:|1781455654\n|teamsize|p1|6\n|teamsize|p2|6\n|start\n|switch|p1a: Morpeko|Morpeko, L88, F|245/245\n|switch|p2a: Gyarados|Gyarados, L79, M|280/280\n|-ability|p2a: Gyarados|Intimidate|boost\n|-unboost|p1a: Morpeko|atk|1\n|turn|1\n|inactive|Battle timer is ON: inactive players will automatically lose when time's up. (requested by flaviodssts)\n|\n|t:|1781455663\n|switch|p2a: Abomasnow|Abomasnow, L84, M|287/287\n|-weather|Snowscape|[from] ability: Snow Warning|[of] p2a: Abomasnow\n|move|p1a: Morpeko|Aura Wheel|p2a: Abomasnow\n|-resisted|p2a: Abomasnow\n|-damage|p2a: Abomasnow|257/287\n|-boost|p1a: Morpeko|spe|1\n|\n|-weather|Snowscape|[upkeep]\n|-formechange|p1a: Morpeko|Morpeko-Hangry||[from] ability: Hunger Switch\n|upkeep\n|turn|2\n|\n|t:|1781455675\n|move|p1a: Morpeko|Parting Shot|p2a: Abomasnow\n|-unboost|p2a: Abomasnow|atk|1\n|-unboost|p2a: Abomasnow|spa|1\n|\n|t:|1781455687\n|switch|p1a: Ludicolo|Ludicolo, L90, M|290/290|[from] Parting Shot\n|move|p2a: Abomasnow|Aurora Veil|p2a: Abomasnow\n|-sidestart|p2: flaviodssts|move: Aurora Veil\n|\n|-weather|Snowscape|[upkeep]\n|upkeep\n|turn|3\n|\n|t:|1781455710\n|move|p1a: Ludicolo|Rain Dance|p1a: Ludicolo\n|-weather|RainDance\n|move|p2a: Abomasnow|Blizzard|p1a: Ludicolo|[miss]\n|-miss|p2a: Abomasnow|p1a: Ludicolo\n|\n|-weather|RainDance|[upkeep]\n|upkeep\n|turn|4\n|\n|t:|1781455725\n|switch|p1a: Oricorio|Oricorio, L84, F|263/263\n|switch|p2a: Magearna|Magearna, L77|250/250\n|\n|-weather|RainDance|[upkeep]\n|upkeep\n|turn|5\n|\n|t:|1781455749\n|switch|p2a: Gyarados|Gyarados, L79, M|280/280\n|-ability|p2a: Gyarados|Intimidate|boost\n|-unboost|p1a: Oricorio|atk|1\n|move|p1a: Oricorio|Quiver Dance|p1a: Oricorio\n|-boost|p1a: Oricorio|spa|1\n|-boost|p1a: Oricorio|spd|1\n|-boost|p1a: Oricorio|spe|1\n|\n|-weather|RainDance|[upkeep]\n|upkeep\n|turn|6\n|inactive|YouShallNotPas has 120 seconds left.\n|\n|t:|1781455767\n|switch|p1a: Tauros|Tauros-Paldea-Combat, L82, M|257/257\n|-ability|p1a: Tauros|Intimidate|boost\n|-unboost|p2a: Gyarados|atk|1\n|move|p2a: Gyarados|Waterfall|p1a: Tauros\n|-damage|p1a: Tauros|172/257\n|\n|-weather|RainDance|[upkeep]\n|upkeep\n|turn|7\n|inactive|YouShallNotPas has 120 seconds left.\n|\n|t:|1781455777\n|switch|p2a: Arbok|Arbok, L87, F|246/246\n|-ability|p2a: Arbok|Intimidate|boost\n|-unboost|p1a: Tauros|atk|1\n|move|p1a: Tauros|Stone Edge|p2a: Arbok\n|-damage|p2a: Arbok|206/246\n|\n|-weather|none\n|-heal|p2a: Arbok|221/246|[from] item: Leftovers\n|upkeep\n|turn|8\n|inactive|YouShallNotPas has 120 seconds left.\n|\n|t:|1781455788\n|move|p1a: Tauros|Stone Edge|p2a: Arbok|[miss]\n|-miss|p1a: Tauros|p2a: Arbok\n|move|p2a: Arbok|Gunk Shot|p1a: Tauros\n|-damage|p1a: Tauros|48/257\n|\n|-heal|p2a: Arbok|236/246|[from] item: Leftovers\n|upkeep\n|turn|9\n|\n|t:|1781455795\n|move|p1a: Tauros|Stone Edge|p2a: Arbok\n|-damage|p2a: Arbok|190/246\n|move|p2a: Arbok|Earthquake|p1a: Tauros\n|-damage|p1a: Tauros|0 fnt\n|faint|p1a: Tauros\n|\n|-heal|p2a: Arbok|205/246|[from] item: Leftovers\n|-sideend|p2: flaviodssts|move: Aurora Veil\n|upkeep\n|inactive|YouShallNotPas has 120 seconds left.\n|\n|t:|1781455824\n|switch|p1a: Regieleki|Regieleki, L79|256/256\n|turn|10\n|\n|t:|1781455829\n|switch|p2a: Abomasnow|Abomasnow, L84, M|257/287\n|-weather|Snowscape|[from] ability: Snow Warning|[of] p2a: Abomasnow\n|move|p1a: Regieleki|Volt Switch|p2a: Abomasnow\n|-resisted|p2a: Abomasnow\n|-damage|p2a: Abomasnow|203/287\n|\n|t:|1781455838\n|switch|p1a: Ludicolo|Ludicolo, L90, M|290/290|[from] Volt Switch\n|\n|-weather|Snowscape|[upkeep]\n|upkeep\n|turn|11\n|\n|t:|1781455843\n|move|p1a: Ludicolo|Rain Dance|p1a: Ludicolo\n|-weather|RainDance\n|move|p2a: Abomasnow|Aurora Veil||[still]\n|-fail|p2a: Abomasnow\n|\n|-weather|RainDance|[upkeep]\n|upkeep\n|turn|12\n|\n|t:|1781455848\n|switch|p2a: Magearna|Magearna, L77|250/250\n|move|p1a: Ludicolo|Hydro Pump|p2a: Magearna\n|-damage|p2a: Magearna|19/250\n|-damage|p1a: Ludicolo|261/290|[from] item: Life Orb\n|\n|-weather|RainDance|[upkeep]\n|-heal|p2a: Magearna|34/250|[from] item: Leftovers\n|upkeep\n|turn|13\n|\n|t:|1781455865\n|move|p1a: Ludicolo|Giga Drain|p2a: Magearna\n|-resisted|p2a: Magearna\n|-damage|p2a: Magearna|0 fnt\n|-heal|p1a: Ludicolo|278/290|[from] drain|[of] p2a: Magearna\n|faint|p2a: Magearna\n|-damage|p1a: Ludicolo|249/290|[from] item: Life Orb\n|\n|-weather|RainDance|[upkeep]\n|upkeep\n|\n|t:|1781455868\n|switch|p2a: Arbok|Arbok, L87, F|205/246\n|-ability|p2a: Arbok|Intimidate|boost\n|-unboost|p1a: Ludicolo|atk|1\n|turn|14\n|\n|t:|1781455882\n|move|p1a: Ludicolo|Hydro Pump|p2a: Arbok\n|-damage|p2a: Arbok|0 fnt\n|faint|p2a: Arbok\n|-damage|p1a: Ludicolo|220/290|[from] item: Life Orb\n|\n|-weather|RainDance|[upkeep]\n|upkeep\n|\n|t:|1781455896\n|switch|p2a: Gyarados|Gyarados, L79, M|280/280\n|-ability|p2a: Gyarados|Intimidate|boost\n|-unboost|p1a: Ludicolo|atk|1\n|turn|15\n|\n|t:|1781455911\n|move|p1a: Ludicolo|Giga Drain|p2a: Gyarados\n|-damage|p2a: Gyarados|175/280\n|-heal|p1a: Ludicolo|273/290|[from] drain|[of] p2a: Gyarados\n|-damage|p1a: Ludicolo|244/290|[from] item: Life Orb\n|move|p2a: Gyarados|Dragon Dance|p2a: Gyarados\n|-boost|p2a: Gyarados|atk|1\n|-boost|p2a: Gyarados|spe|1\n|\n|-weather|none\n|upkeep\n|turn|16\n|\n|t:|1781455921\n|move|p2a: Gyarados|Dragon Dance|p2a: Gyarados\n|-boost|p2a: Gyarados|atk|1\n|-boost|p2a: Gyarados|spe|1\n|move|p1a: Ludicolo|Rain Dance|p1a: Ludicolo\n|-weather|RainDance\n|\n|-weather|RainDance|[upkeep]\n|upkeep\n|turn|17\n|\n|t:|1781455933\n|move|p1a: Ludicolo|Giga Drain|p2a: Gyarados\n|-damage|p2a: Gyarados|61/280\n|-heal|p1a: Ludicolo|290/290|[from] drain|[of] p2a: Gyarados\n|-damage|p1a: Ludicolo|261/290|[from] item: Life Orb\n|move|p2a: Gyarados|Dragon Dance|p2a: Gyarados\n|-boost|p2a: Gyarados|atk|1\n|-boost|p2a: Gyarados|spe|1\n|\n|-weather|RainDance|[upkeep]\n|upkeep\n|turn|18\n|\n|t:|1781455941\n|-terastallize|p2a: Gyarados|Flying\n|move|p2a: Gyarados|Tera Blast|p1a: Ludicolo|[anim] Tera Blast Flying\n|-supereffective|p1a: Ludicolo\n|-damage|p1a: Ludicolo|0 fnt\n|faint|p1a: Ludicolo\n|\n|-weather|RainDance|[upkeep]\n|upkeep\n|inactive|YouShallNotPas has 120 seconds left.\n|\n|t:|1781455981\n|switch|p1a: Hydrapple|Hydrapple, L83, M|312/312\n|turn|19\n|inactive|YouShallNotPas has 120 seconds left.\n|\n|t:|1781455989\n|-terastallize|p1a: Hydrapple|Steel\n|move|p2a: Gyarados|Waterfall|p1a: Hydrapple\n|-damage|p1a: Hydrapple|0 fnt\n|faint|p1a: Hydrapple\n|\n|-weather|RainDance|[upkeep]\n|upkeep\n|inactive|YouShallNotPas has 120 seconds left.\n|\n|t:|1781456001\n|switch|p1a: Regieleki|Regieleki, L79|256/256\n|turn|20\n|\n|t:|1781456006\n|move|p2a: Gyarados|Waterfall|p1a: Regieleki\n|-damage|p1a: Regieleki|0 fnt\n|faint|p1a: Regieleki\n|\n|-weather|none\n|upkeep\n|-message|YouShallNotPas forfeited.\n|\n|win|flaviodssts\n", "uploadtime": 1781455656, "views": 3, "formatid": "gen9randombattle", "rating": null, "private": 0, "password": null}