{"id": "gen9randombattle-2631729296", "format": "[Gen 9] Random Battle", "players": ["ch3test8", "Alphamon7"], "log": "|j|\u2606ch3test8\n|j|\u2606Alphamon7\n|t:|1781429864\n|gametype|singles\n|player|p1|ch3test8|265|1908\n|player|p2|Alphamon7|blaine|2011\n|gen|9\n|tier|[Gen 9] Random Battle\n|rated|\n|rule|Species Clause: Limit one of each Pok\u00e9mon\n|rule|HP Percentage Mod: HP is shown in percentages\n|rule|Sleep Clause Mod: Limit one foe put to sleep\n|rule|Illusion Level Mod: Illusion disguises the Pok\u00e9mon's true level\n|\n|t:|1781429864\n|teamsize|p1|6\n|teamsize|p2|6\n|start\n|switch|p1a: Glimmora|Glimmora, L75, F|248/248\n|switch|p2a: Vileplume|Vileplume, L85, F|266/266\n|turn|1\n|inactive|Battle timer is ON: inactive players will automatically lose when time's up. (requested by ch3test8)\n|\n|t:|1781429882\n|move|p1a: Glimmora|Stealth Rock|p2a: Vileplume\n|-sidestart|p2: Alphamon7|move: Stealth Rock\n|move|p2a: Vileplume|Leech Seed|p1a: Glimmora\n|-start|p1a: Glimmora|move: Leech Seed\n|\n|-damage|p1a: Glimmora|217/248|[from] Leech Seed|[of] p2a: Vileplume\n|upkeep\n|turn|2\n|\n|t:|1781429905\n|switch|p1a: Bisharp|Bisharp, L79, M|232/232\n|move|p2a: Vileplume|Giga Drain|p1a: Bisharp\n|-resisted|p1a: Bisharp\n|-damage|p1a: Bisharp|196/232\n|\n|upkeep\n|turn|3\n|\n|t:|1781429915\n|move|p1a: Bisharp|Iron Head|p2a: Vileplume\n|-damage|p2a: Vileplume|175/266\n|move|p2a: Vileplume|Leech Seed|p1a: Bisharp\n|-start|p1a: Bisharp|move: Leech Seed\n|\n|-heal|p2a: Vileplume|191/266|[from] item: Leftovers\n|-damage|p1a: Bisharp|167/232|[from] Leech Seed|[of] p2a: Vileplume\n|-heal|p2a: Vileplume|220/266|[silent]\n|upkeep\n|turn|4\n|\n|t:|1781429929\n|switch|p1a: Glimmora|Glimmora, L75, F|217/248\n|move|p2a: Vileplume|Giga Drain|p1a: Glimmora\n|-damage|p1a: Glimmora|115/248\n|-heal|p2a: Vileplume|266/266|[from] drain|[of] p1a: Glimmora\n|\n|upkeep\n|turn|5\n|\n|t:|1781429937\n|switch|p1a: Espeon|Espeon, L84, F|246/246\n|move|p2a: Vileplume|Leech Seed|p1a: Espeon\n|move|p1a: Espeon|Leech Seed|p2a: Vileplume|[from] ability: Magic Bounce\n|-immune|p2a: Vileplume\n|\n|upkeep\n|turn|6\n|\n|t:|1781429953\n|switch|p2a: Bastiodon|Bastiodon, L89, F|252/252\n|-damage|p2a: Bastiodon|237/252|[from] Stealth Rock\n|move|p1a: Espeon|Psyshock|p2a: Bastiodon\n|-resisted|p2a: Bastiodon\n|-crit|p2a: Bastiodon\n|-damage|p2a: Bastiodon|176/252\n|-damage|p1a: Espeon|222/246|[from] item: Life Orb\n|\n|upkeep\n|turn|7\n|\n|t:|1781429977\n|switch|p1a: Sableye|Sableye, L88, M|231/231\n|move|p2a: Bastiodon|Foul Play|p1a: Sableye\n|-damage|p1a: Sableye|159/231\n|\n|-heal|p1a: Sableye|173/231|[from] item: Leftovers\n|upkeep\n|turn|8\n|inactive|Alphamon7 has 120 seconds left.\n|\n|t:|1781430008\n|switch|p2a: Bellibolt|Bellibolt, L84, M|320/320\n|-damage|p2a: Bellibolt|280/320|[from] Stealth Rock\n|move|p1a: Sableye|Knock Off|p2a: Bellibolt\n|-damage|p2a: Bellibolt|186/320\n|-start|p2a: Bellibolt|Charge|Knock Off|[from] ability: Electromorphosis\n|-enditem|p2a: Bellibolt|Leftovers|[from] move: Knock Off|[of] p1a: Sableye\n|\n|-heal|p1a: Sableye|187/231|[from] item: Leftovers\n|upkeep\n|turn|9\n|\n|t:|1781430025\n|switch|p1a: Jolteon|Jolteon, L84, F|246/246\n|move|p2a: Bellibolt|Thunderbolt|p1a: Jolteon\n|-immune|p1a: Jolteon|[from] ability: Volt Absorb\n|-end|p2a: Bellibolt|Charge|[silent]\n|\n|upkeep\n|turn|10\n|\n|t:|1781430050\n|switch|p1a: Bisharp|Bisharp, L79, M|167/232\n|switch|p2a: Ursaluna|Ursaluna-Bloodmoon, L79, M|308/308\n|-damage|p2a: Ursaluna|289/308|[from] Stealth Rock\n|\n|-heal|p2a: Ursaluna|308/308|[from] item: Leftovers\n|upkeep\n|turn|11\n|inactive|ch3test8 has 120 seconds left.\n|\n|t:|1781430066\n|switch|p1a: Sableye|Sableye, L88, M|187/231\n|move|p2a: Ursaluna|Calm Mind|p2a: Ursaluna\n|-boost|p2a: Ursaluna|spa|1\n|-boost|p2a: Ursaluna|spd|1\n|\n|-heal|p1a: Sableye|201/231|[from] item: Leftovers\n|upkeep\n|turn|12\n|\n|t:|1781430077\n|switch|p2a: Bellibolt|Bellibolt, L84, M|186/320\n|-damage|p2a: Bellibolt|146/320|[from] Stealth Rock\n|move|p1a: Sableye|Encore||[still]\n|-fail|p1a: Sableye\n|\n|-heal|p1a: Sableye|215/231|[from] item: Leftovers\n|upkeep\n|turn|13\n|inactive|ch3test8 has 120 seconds left.\n|\n|t:|1781430099\n|switch|p1a: Bisharp|Bisharp, L79, M|167/232\n|move|p2a: Bellibolt|Slack Off|p2a: Bellibolt\n|-heal|p2a: Bellibolt|306/320\n|\n|upkeep\n|turn|14\n|\n|t:|1781430106\n|move|p1a: Bisharp|Swords Dance|p1a: Bisharp\n|-boost|p1a: Bisharp|atk|2\n|move|p2a: Bellibolt|Thunderbolt|p1a: Bisharp\n|-damage|p1a: Bisharp|89/232\n|\n|upkeep\n|turn|15\n|\n|t:|1781430115\n|move|p1a: Bisharp|Throat Chop|p2a: Bellibolt\n|-damage|p2a: Bellibolt|119/320\n|-start|p2a: Bellibolt|Throat Chop|[silent]\n|-start|p2a: Bellibolt|Charge|Throat Chop|[from] ability: Electromorphosis\n|move|p2a: Bellibolt|Thunderbolt|p1a: Bisharp\n|-damage|p1a: Bisharp|0 fnt\n|faint|p1a: Bisharp\n|-end|p2a: Bellibolt|Charge|[silent]\n|\n|upkeep\n|inactive|ch3test8 has 120 seconds left.\n|\n|t:|1781430140\n|switch|p1a: Jolteon|Jolteon, L84, F|246/246\n|turn|16\n|\n|t:|1781430145\n|move|p1a: Jolteon|Alluring Voice|p2a: Bellibolt\n|-damage|p2a: Bellibolt|24/320\n|-start|p2a: Bellibolt|Charge|Alluring Voice|[from] ability: Electromorphosis\n|move|p2a: Bellibolt|Slack Off|p2a: Bellibolt\n|-heal|p2a: Bellibolt|184/320\n|\n|-end|p2a: Bellibolt|Throat Chop|[silent]\n|upkeep\n|turn|17\n|\n|t:|1781430154\n|move|p1a: Jolteon|Alluring Voice|p2a: Bellibolt\n|-damage|p2a: Bellibolt|85/320\n|-start|p2a: Bellibolt|Charge|Alluring Voice|[from] ability: Electromorphosis\n|move|p2a: Bellibolt|Slack Off|p2a: Bellibolt\n|-heal|p2a: Bellibolt|245/320\n|\n|upkeep\n|turn|18\n|\n|t:|1781430161\n|move|p1a: Jolteon|Alluring Voice|p2a: Bellibolt\n|-damage|p2a: Bellibolt|155/320\n|-start|p2a: Bellibolt|Charge|Alluring Voice|[from] ability: Electromorphosis\n|move|p2a: Bellibolt|Toxic|p1a: Jolteon\n|-status|p1a: Jolteon|tox\n|\n|-damage|p1a: Jolteon|231/246 tox|[from] psn\n|upkeep\n|turn|19\n|\n|t:|1781430171\n|switch|p1a: Sableye|Sableye, L88, M|215/231\n|move|p2a: Bellibolt|Slack Off|p2a: Bellibolt\n|-heal|p2a: Bellibolt|315/320\n|\n|-heal|p1a: Sableye|229/231|[from] item: Leftovers\n|upkeep\n|turn|20\n|\n|t:|1781430195\n|switch|p2a: Vileplume|Vileplume, L85, F|266/266\n|-damage|p2a: Vileplume|233/266|[from] Stealth Rock\n|move|p1a: Sableye|Encore||[still]\n|-fail|p1a: Sableye\n|\n|-heal|p1a: Sableye|231/231|[from] item: Leftovers\n|-heal|p2a: Vileplume|249/266|[from] item: Leftovers\n|upkeep\n|turn|21\n|\n|t:|1781430207\n|move|p1a: Sableye|Knock Off|p2a: Vileplume\n|-damage|p2a: Vileplume|150/266\n|-enditem|p2a: Vileplume|Leftovers|[from] move: Knock Off|[of] p1a: Sableye\n|move|p2a: Vileplume|Sludge Bomb|p1a: Sableye\n|-resisted|p1a: Sableye\n|-damage|p1a: Sableye|168/231\n|\n|-heal|p1a: Sableye|182/231|[from] item: Leftovers\n|upkeep\n|turn|22\n|\n|t:|1781430216\n|move|p1a: Sableye|Thunder Wave|p2a: Vileplume\n|-status|p2a: Vileplume|par\n|move|p2a: Vileplume|Leech Seed|p1a: Sableye\n|-start|p1a: Sableye|move: Leech Seed\n|\n|-heal|p1a: Sableye|196/231|[from] item: Leftovers\n|-damage|p1a: Sableye|168/231|[from] Leech Seed|[of] p2a: Vileplume\n|-heal|p2a: Vileplume|178/266 par|[silent]\n|upkeep\n|turn|23\n|\n|t:|1781430225\n|switch|p1a: Espeon|Espeon, L84, F|222/246\n|move|p2a: Vileplume|Sludge Bomb|p1a: Espeon\n|-damage|p1a: Espeon|125/246\n|-status|p1a: Espeon|psn\n|\n|-damage|p1a: Espeon|95/246 psn|[from] psn\n|upkeep\n|turn|24\n|\n|t:|1781430236\n|switch|p2a: Bastiodon|Bastiodon, L89, F|176/252\n|-damage|p2a: Bastiodon|161/252|[from] Stealth Rock\n|move|p1a: Espeon|Morning Sun|p1a: Espeon\n|-heal|p1a: Espeon|218/246 psn\n|\n|-damage|p1a: Espeon|188/246 psn|[from] psn\n|upkeep\n|turn|25\n|\n|t:|1781430247\n|switch|p1a: Sableye|Sableye, L88, M|168/231\n|move|p2a: Bastiodon|Foul Play|p1a: Sableye\n|-damage|p1a: Sableye|103/231\n|\n|-heal|p1a: Sableye|117/231|[from] item: Leftovers\n|upkeep\n|turn|26\n|\n|t:|1781430268\n|switch|p2a: Bellibolt|Bellibolt, L84, M|315/320\n|-damage|p2a: Bellibolt|275/320|[from] Stealth Rock\n|move|p1a: Sableye|Recover|p1a: Sableye\n|-heal|p1a: Sableye|231/231\n|\n|upkeep\n|turn|27\n|\n|t:|1781430278\n|switch|p1a: Espeon|Espeon, L84, F|188/246 psn\n|move|p2a: Bellibolt|Thunderbolt|p1a: Espeon\n|-damage|p1a: Espeon|97/246 psn\n|\n|-damage|p1a: Espeon|67/246 psn|[from] psn\n|upkeep\n|turn|28\n|\n|t:|1781430288\n|move|p1a: Espeon|Morning Sun|p1a: Espeon\n|-heal|p1a: Espeon|190/246 psn\n|move|p2a: Bellibolt|Thunderbolt|p1a: Espeon\n|-damage|p1a: Espeon|91/246 psn\n|\n|-damage|p1a: Espeon|61/246 psn|[from] psn\n|upkeep\n|turn|29\n|\n|t:|1781430304\n|switch|p1a: Jolteon|Jolteon, L84, F|231/246 tox\n|move|p2a: Bellibolt|Thunderbolt|p1a: Jolteon\n|-heal|p1a: Jolteon|246/246 tox|[from] ability: Volt Absorb|[of] p2a: Bellibolt\n|\n|-damage|p1a: Jolteon|231/246 tox|[from] psn\n|upkeep\n|turn|30\n|\n|t:|1781430320\n|move|p1a: Jolteon|Shadow Ball|p2a: Bellibolt\n|-damage|p2a: Bellibolt|184/320\n|-start|p2a: Bellibolt|Charge|Shadow Ball|[from] ability: Electromorphosis\n|move|p2a: Bellibolt|Muddy Water|p1a: Jolteon\n|-damage|p1a: Jolteon|173/246 tox\n|\n|-damage|p1a: Jolteon|143/246 tox|[from] psn\n|upkeep\n|turn|31\n|\n|t:|1781430331\n|switch|p1a: Sableye|Sableye, L88, M|231/231\n|move|p2a: Bellibolt|Slack Off|p2a: Bellibolt\n|-heal|p2a: Bellibolt|320/320\n|\n|upkeep\n|turn|32\n|\n|t:|1781430340\n|switch|p2a: Vileplume|Vileplume, L85, F|178/266 par\n|-damage|p2a: Vileplume|145/266 par|[from] Stealth Rock\n|move|p1a: Sableye|Knock Off|p2a: Vileplume\n|-damage|p2a: Vileplume|81/266 par\n|-status|p1a: Sableye|slp|[from] ability: Effect Spore|[of] p2a: Vileplume\n|\n|upkeep\n|turn|33\n|\n|t:|1781430349\n|switch|p1a: Espeon|Espeon, L84, F|61/246 psn\n|move|p2a: Vileplume|Giga Drain|p1a: Espeon\n|-damage|p1a: Espeon|0 fnt\n|-heal|p2a: Vileplume|112/266 par|[from] drain|[of] p1a: Espeon\n|faint|p1a: Espeon\n|\n|upkeep\n|\n|t:|1781430355\n|switch|p1a: Glimmora|Glimmora, L75, F|115/248\n|turn|34\n|\n|t:|1781430372\n|-terastallize|p2a: Vileplume|Steel\n|move|p1a: Glimmora|Sludge Wave|p2a: Vileplume\n|-immune|p2a: Vileplume\n|move|p2a: Vileplume|Strength Sap|p1a: Glimmora\n|-unboost|p1a: Glimmora|atk|1\n|-heal|p2a: Vileplume|238/266 par\n|\n|upkeep\n|turn|35\n|\n|t:|1781430383\n|move|p1a: Glimmora|Earth Power|p2a: Vileplume\n|-supereffective|p2a: Vileplume\n|-damage|p2a: Vileplume|120/266 par\n|cant|p2a: Vileplume|par\n|\n|upkeep\n|turn|36\n|\n|t:|1781430393\n|switch|p2a: Mew|Mew, L82|298/298\n|-damage|p2a: Mew|261/298|[from] Stealth Rock\n|move|p1a: Glimmora|Earth Power|p2a: Mew\n|-damage|p2a: Mew|199/298\n|\n|upkeep\n|turn|37\n|\n|t:|1781430405\n|switch|p1a: Sableye|Sableye, L88, M|231/231 slp\n|move|p2a: Mew|Psychic|p1a: Sableye\n|-immune|p1a: Sableye\n|\n|upkeep\n|turn|38\n|\n|t:|1781430418\n|move|p2a: Mew|Nasty Plot|p2a: Mew\n|-boost|p2a: Mew|spa|2\n|cant|p1a: Sableye|slp\n|\n|upkeep\n|turn|39\n|\n|t:|1781430431\n|move|p2a: Mew|Dark Pulse|p1a: Sableye\n|-damage|p1a: Sableye|59/231 slp\n|-damage|p2a: Mew|170/298|[from] item: Life Orb\n|-curestatus|p1a: Sableye|slp|[msg]\n|move|p1a: Sableye|Knock Off|p2a: Mew\n|-supereffective|p2a: Mew\n|-damage|p2a: Mew|0 fnt\n|-enditem|p2a: Mew|Life Orb|[from] move: Knock Off|[of] p1a: Sableye\n|faint|p2a: Mew\n|\n|-heal|p1a: Sableye|73/231|[from] item: Leftovers\n|upkeep\n|inactive|Alphamon7 has 120 seconds left.\n|\n|t:|1781430462\n|switch|p2a: Ursaluna|Ursaluna-Bloodmoon, L79, M|308/308\n|-damage|p2a: Ursaluna|289/308|[from] Stealth Rock\n|turn|40\n|inactive|Alphamon7 has 120 seconds left.\n|\n|t:|1781430469\n|move|p1a: Sableye|Recover|p1a: Sableye\n|-heal|p1a: Sableye|189/231\n|move|p2a: Ursaluna|Blood Moon|p1a: Sableye\n|-damage|p1a: Sableye|0 fnt\n|faint|p1a: Sableye\n|\n|-heal|p2a: Ursaluna|308/308|[from] item: Leftovers\n|upkeep\n|\n|t:|1781430489\n|switch|p1a: Dragapult|Dragapult, L77, F|262/262\n|turn|41\n|\n|t:|1781430502\n|-terastallize|p1a: Dragapult|Dragon\n|move|p1a: Dragapult|Dragon Darts|p2a: Ursaluna\n|-damage|p2a: Ursaluna|246/308\n|-anim|p1a: Dragapult|Dragon Darts|p2a: Ursaluna\n|-damage|p2a: Ursaluna|190/308\n|move|p2a: Ursaluna|Calm Mind|p2a: Ursaluna\n|-boost|p2a: Ursaluna|spa|1\n|-boost|p2a: Ursaluna|spd|1\n|\n|-heal|p2a: Ursaluna|209/308|[from] item: Leftovers\n|upkeep\n|turn|42\n|\n|t:|1781430513\n|move|p1a: Dragapult|Dragon Darts|p2a: Ursaluna\n|-damage|p2a: Ursaluna|153/308\n|-anim|p1a: Dragapult|Dragon Darts|p2a: Ursaluna\n|-damage|p2a: Ursaluna|95/308\n|move|p2a: Ursaluna|Blood Moon|p1a: Dragapult\n|-damage|p1a: Dragapult|0 fnt\n|faint|p1a: Dragapult\n|\n|-heal|p2a: Ursaluna|114/308|[from] item: Leftovers\n|upkeep\n|\n|t:|1781430524\n|switch|p1a: Glimmora|Glimmora, L75, F|115/248\n|turn|43\n|\n|t:|1781430527\n|move|p1a: Glimmora|Sludge Wave|p2a: Ursaluna\n|-resisted|p2a: Ursaluna\n|-damage|p2a: Ursaluna|67/308\n|-status|p2a: Ursaluna|psn\n|move|p2a: Ursaluna|Earth Power|p1a: Glimmora\n|-supereffective|p1a: Glimmora\n|-damage|p1a: Glimmora|0 fnt\n|faint|p1a: Glimmora\n|\n|-heal|p2a: Ursaluna|86/308 psn|[from] item: Leftovers\n|-damage|p2a: Ursaluna|48/308 psn|[from] psn\n|upkeep\n|\n|t:|1781430532\n|switch|p1a: Jolteon|Jolteon, L84, F|143/246 tox\n|turn|44\n|\n|t:|1781430539\n|move|p1a: Jolteon|Alluring Voice|p2a: Ursaluna\n|-damage|p2a: Ursaluna|0 fnt\n|faint|p2a: Ursaluna\n|\n|-damage|p1a: Jolteon|128/246 tox|[from] psn\n|upkeep\n|\n|t:|1781430545\n|switch|p2a: Vileplume|Vileplume, L85, F, tera:Steel|120/266 par\n|-damage|p2a: Vileplume|104/266 par|[from] Stealth Rock\n|turn|45\n|\n|t:|1781430550\n|move|p1a: Jolteon|Alluring Voice|p2a: Vileplume\n|-resisted|p2a: Vileplume\n|-crit|p2a: Vileplume\n|-damage|p2a: Vileplume|36/266 par\n|move|p2a: Vileplume|Strength Sap|p1a: Jolteon\n|-unboost|p1a: Jolteon|atk|1\n|-heal|p2a: Vileplume|150/266 par\n|\n|-damage|p1a: Jolteon|98/246 tox|[from] psn\n|upkeep\n|turn|46\n|-message|ch3test8 forfeited.\n|\n|win|Alphamon7\n", "uploadtime": 1781429869, "views": 6, "formatid": "gen9randombattle", "rating": null, "private": 0, "password": null}