{"id": "gen9randombattle-2631630717", "format": "[Gen 9] Random Battle", "players": ["Node", "who is to say"], "log": "|badge|p1|bronze|gen9randombattle|100-9\n|uhtml|medal-msg|<div class=\"broadcast-blue\">Curious what those medals under the avatar are? PS now has Ladder Seasons! For more information, check out the <a href=\"https://www.smogon.com/forums/threads/3740067/\">thread on Smogon.</a></div>\n|j|\u2606Node\n|j|\u2606who is to say\n|t:|1781411645\n|gametype|singles\n|player|p1|Node|#agplviblackpink|2355\n|player|p2|who is to say|170|2239\n|gen|9\n|tier|[Gen 9] Random Battle\n|rated|\n|rule|Species Clause: Limit one of each Pok\u00e9mon\n|rule|HP Percentage Mod: HP is shown in percentages\n|rule|Sleep Clause Mod: Limit one foe put to sleep\n|rule|Illusion Level Mod: Illusion disguises the Pok\u00e9mon's true level\n|\n|t:|1781411645\n|teamsize|p1|6\n|teamsize|p2|6\n|start\n|switch|p1a: Dudunsparce|Dudunsparce, L83, M|343/343\n|switch|p2a: Qwilfish|Qwilfish-Hisui, L83, M|244/244\n|-ability|p2a: Qwilfish|Intimidate|boost\n|-unboost|p1a: Dudunsparce|atk|1\n|-ability|p1a: Dudunsparce|Rattled|boost\n|-boost|p1a: Dudunsparce|spe|1\n|turn|1\n|\n|t:|1781411673\n|move|p1a: Dudunsparce|Calm Mind|p1a: Dudunsparce\n|-boost|p1a: Dudunsparce|spa|1\n|-boost|p1a: Dudunsparce|spd|1\n|move|p2a: Qwilfish|Gunk Shot|p1a: Dudunsparce\n|-damage|p1a: Dudunsparce|205/343\n|\n|-heal|p1a: Dudunsparce|226/343|[from] item: Leftovers\n|upkeep\n|turn|2\n|\n|t:|1781411687\n|move|p1a: Dudunsparce|Boomburst|p2a: Qwilfish\n|-damage|p2a: Qwilfish|67/244\n|move|p2a: Qwilfish|Gunk Shot|p1a: Dudunsparce\n|-damage|p1a: Dudunsparce|88/343\n|\n|-heal|p1a: Dudunsparce|109/343|[from] item: Leftovers\n|upkeep\n|turn|3\n|\n|t:|1781411695\n|switch|p2a: Rotom|Rotom, L88|231/231\n|move|p1a: Dudunsparce|Roost|p1a: Dudunsparce\n|-heal|p1a: Dudunsparce|281/343\n|-singleturn|p1a: Dudunsparce|move: Roost\n|\n|-heal|p1a: Dudunsparce|302/343|[from] item: Leftovers\n|upkeep\n|turn|4\n|\n|t:|1781411699\n|move|p2a: Rotom|Volt Switch|p1a: Dudunsparce\n|-damage|p1a: Dudunsparce|216/343\n|-damage|p2a: Rotom|208/231|[from] item: Life Orb\n|\n|t:|1781411701\n|switch|p2a: Chansey|Chansey, L85, F|564/564|[from] Volt Switch\n|move|p1a: Dudunsparce|Shadow Ball|p2a: Chansey\n|-immune|p2a: Chansey\n|\n|-heal|p1a: Dudunsparce|237/343|[from] item: Leftovers\n|upkeep\n|turn|5\n|\n|t:|1781411755\n|move|p1a: Dudunsparce|Calm Mind|p1a: Dudunsparce\n|-boost|p1a: Dudunsparce|spa|1\n|-boost|p1a: Dudunsparce|spd|1\n|move|p2a: Chansey|Thunder Wave|p1a: Dudunsparce\n|-status|p1a: Dudunsparce|par\n|\n|-heal|p1a: Dudunsparce|258/343 par|[from] item: Leftovers\n|upkeep\n|turn|6\n|\n|t:|1781411767\n|move|p2a: Chansey|Seismic Toss|p1a: Dudunsparce\n|-damage|p1a: Dudunsparce|173/343 par\n|move|p1a: Dudunsparce|Calm Mind|p1a: Dudunsparce\n|-boost|p1a: Dudunsparce|spa|1\n|-boost|p1a: Dudunsparce|spd|1\n|\n|-heal|p1a: Dudunsparce|194/343 par|[from] item: Leftovers\n|upkeep\n|turn|7\n|\n|t:|1781411773\n|move|p2a: Chansey|Stealth Rock|p1a: Dudunsparce\n|-sidestart|p1: Node|move: Stealth Rock\n|move|p1a: Dudunsparce|Roost|p1a: Dudunsparce\n|-heal|p1a: Dudunsparce|343/343 par\n|-singleturn|p1a: Dudunsparce|move: Roost\n|\n|upkeep\n|turn|8\n|\n|t:|1781411783\n|move|p2a: Chansey|Seismic Toss|p1a: Dudunsparce\n|-damage|p1a: Dudunsparce|258/343 par\n|move|p1a: Dudunsparce|Calm Mind|p1a: Dudunsparce\n|-boost|p1a: Dudunsparce|spa|1\n|-boost|p1a: Dudunsparce|spd|1\n|\n|-heal|p1a: Dudunsparce|279/343 par|[from] item: Leftovers\n|upkeep\n|turn|9\n|\n|t:|1781411792\n|switch|p2a: Qwilfish|Qwilfish-Hisui, L83, M|67/244\n|-ability|p2a: Qwilfish|Intimidate|boost\n|-unboost|p1a: Dudunsparce|atk|1\n|-ability|p1a: Dudunsparce|Rattled|boost\n|-boost|p1a: Dudunsparce|spe|1\n|cant|p1a: Dudunsparce|par\n|\n|-heal|p1a: Dudunsparce|300/343 par|[from] item: Leftovers\n|upkeep\n|turn|10\n|\n|t:|1781411801\n|move|p2a: Qwilfish|Gunk Shot|p1a: Dudunsparce\n|-damage|p1a: Dudunsparce|162/343 par\n|move|p1a: Dudunsparce|Shadow Ball|p2a: Qwilfish\n|-resisted|p2a: Qwilfish\n|-damage|p2a: Qwilfish|0 fnt\n|faint|p2a: Qwilfish\n|\n|-heal|p1a: Dudunsparce|183/343 par|[from] item: Leftovers\n|upkeep\n|\n|t:|1781411805\n|switch|p2a: Mienshao|Mienshao, L83, F|244/244\n|turn|11\n|j| Yutomishima\n|inactive|Battle timer is ON: inactive players will automatically lose when time's up. (requested by who is to say)\n|\n|t:|1781411871\n|switch|p1a: Fezandipiti|Fezandipiti, L82, M|278/278\n|-damage|p1a: Fezandipiti|244/278|[from] Stealth Rock\n|move|p2a: Mienshao|Knock Off|p1a: Fezandipiti\n|-resisted|p1a: Fezandipiti\n|-damage|p1a: Fezandipiti|186/278\n|-enditem|p1a: Fezandipiti|Leftovers|[from] move: Knock Off|[of] p2a: Mienshao\n|-damage|p2a: Mienshao|220/244|[from] item: Life Orb\n|\n|upkeep\n|turn|12\n|\n|t:|1781411878\n|switch|p2a: Rotom|Rotom, L88|208/231\n|move|p1a: Fezandipiti|Play Rough|p2a: Rotom\n|-damage|p2a: Rotom|124/231\n|\n|upkeep\n|turn|13\n|\n|t:|1781411884\n|move|p2a: Rotom|Will-O-Wisp|p1a: Fezandipiti\n|-status|p1a: Fezandipiti|brn\n|move|p1a: Fezandipiti|Play Rough|p2a: Rotom\n|-damage|p2a: Rotom|81/231\n|\n|-damage|p1a: Fezandipiti|169/278 brn|[from] brn\n|upkeep\n|turn|14\n|\n|t:|1781411889\n|move|p2a: Rotom|Volt Switch|p1a: Fezandipiti\n|-damage|p1a: Fezandipiti|86/278 brn\n|-damage|p2a: Rotom|58/231|[from] item: Life Orb\n|\n|t:|1781411895\n|switch|p2a: Charizard|Charizard, L85, M|271/271|[from] Volt Switch\n|move|p1a: Fezandipiti|Play Rough|p2a: Charizard\n|-resisted|p2a: Charizard\n|-damage|p2a: Charizard|247/271\n|\n|-damage|p1a: Fezandipiti|69/278 brn|[from] brn\n|upkeep\n|turn|15\n|\n|t:|1781411907\n|move|p2a: Charizard|Dragon Dance|p2a: Charizard\n|-boost|p2a: Charizard|atk|1\n|-boost|p2a: Charizard|spe|1\n|move|p1a: Fezandipiti|Gunk Shot|p2a: Charizard\n|-damage|p2a: Charizard|190/271\n|\n|-damage|p1a: Fezandipiti|52/278 brn|[from] brn\n|upkeep\n|turn|16\n|\n|t:|1781411911\n|move|p2a: Charizard|Earthquake|p1a: Fezandipiti\n|-supereffective|p1a: Fezandipiti\n|-damage|p1a: Fezandipiti|0 fnt\n|faint|p1a: Fezandipiti\n|\n|upkeep\n|\n|t:|1781411917\n|switch|p1a: Sandslash|Sandslash, L89, M|278/278\n|-damage|p1a: Sandslash|261/278|[from] Stealth Rock\n|turn|17\n|\n|t:|1781411935\n|move|p2a: Charizard|Flare Blitz|p1a: Sandslash\n|-damage|p1a: Sandslash|111/278\n|-damage|p2a: Charizard|140/271|[from] Recoil\n|move|p1a: Sandslash|Stone Edge|p2a: Charizard\n|-supereffective|p2a: Charizard\n|-damage|p2a: Charizard|0 fnt\n|faint|p2a: Charizard\n|\n|upkeep\n|\n|t:|1781411940\n|switch|p2a: Rotom|Rotom, L88|58/231\n|turn|18\n|\n|t:|1781411954\n|move|p2a: Rotom|Shadow Ball|p1a: Sandslash\n|-damage|p1a: Sandslash|0 fnt\n|faint|p1a: Sandslash\n|-damage|p2a: Rotom|35/231|[from] item: Life Orb\n|\n|upkeep\n|\n|t:|1781411972\n|switch|p1a: Orthworm|Orthworm, L88, M|266/266\n|-damage|p1a: Orthworm|250/266|[from] Stealth Rock\n|turn|19\n|\n|t:|1781411978\n|move|p2a: Rotom|Thunderbolt|p1a: Orthworm\n|-damage|p1a: Orthworm|78/266\n|-damage|p2a: Rotom|12/231|[from] item: Life Orb\n|move|p1a: Orthworm|Stealth Rock|p2a: Rotom\n|-sidestart|p2: who is to say|move: Stealth Rock\n|\n|-heal|p1a: Orthworm|94/266|[from] item: Leftovers\n|upkeep\n|turn|20\n|\n|t:|1781411986\n|move|p2a: Rotom|Thunderbolt|p1a: Orthworm\n|-damage|p1a: Orthworm|0 fnt\n|faint|p1a: Orthworm\n|-damage|p2a: Rotom|0 fnt|[from] item: Life Orb\n|faint|p2a: Rotom\n|\n|upkeep\n|\n|t:|1781411990\n|switch|p2a: Mienshao|Mienshao, L83, F|244/244\n|switch|p1a: Thundurus|Thundurus-Therian, L80, M|258/258\n|-damage|p2a: Mienshao|229/244|[from] Stealth Rock\n|-damage|p1a: Thundurus|194/258|[from] Stealth Rock\n|turn|21\n|\n|t:|1781411994\n|move|p2a: Mienshao|Triple Axel|p1a: Thundurus\n|-supereffective|p1a: Thundurus\n|-damage|p1a: Thundurus|137/258\n|-supereffective|p1a: Thundurus\n|-crit|p1a: Thundurus\n|-damage|p1a: Thundurus|0 fnt\n|faint|p1a: Thundurus\n|-hitcount|p1: Thundurus|2\n|-damage|p2a: Mienshao|205/244|[from] item: Life Orb\n|\n|upkeep\n|j| nocomment3\n|\n|t:|1781412002\n|switch|p1a: Torterra|Torterra, L78, F|276/276\n|-damage|p1a: Torterra|259/276|[from] Stealth Rock\n|turn|22\n|\n|t:|1781412009\n|-terastallize|p1a: Torterra|Ground\n|move|p2a: Mienshao|Knock Off|p1a: Torterra\n|-damage|p1a: Torterra|163/276\n|-enditem|p1a: Torterra|Loaded Dice|[from] move: Knock Off|[of] p2a: Mienshao\n|-damage|p2a: Mienshao|181/244|[from] item: Life Orb\n|move|p1a: Torterra|Shell Smash|p1a: Torterra\n|-unboost|p1a: Torterra|def|1\n|-unboost|p1a: Torterra|spd|1\n|-boost|p1a: Torterra|atk|2\n|-boost|p1a: Torterra|spa|2\n|-boost|p1a: Torterra|spe|2\n|\n|upkeep\n|turn|23\n|\n|t:|1781412015\n|switch|p2a: Chansey|Chansey, L85, F|564/564\n|-damage|p2a: Chansey|494/564|[from] Stealth Rock\n|move|p1a: Torterra|Headlong Rush|p2a: Chansey\n|-damage|p2a: Chansey|0 fnt\n|-unboost|p1a: Torterra|def|1\n|-unboost|p1a: Torterra|spd|1\n|faint|p2a: Chansey\n|\n|upkeep\n|\n|t:|1781412020\n|switch|p2a: Tornadus|Tornadus-Therian, L79, M|254/254\n|turn|24\n|\n|t:|1781412027\n|-terastallize|p2a: Tornadus|Fighting\n|move|p1a: Torterra|Headlong Rush|p2a: Tornadus\n|-damage|p2a: Tornadus|0 fnt\n|-unboost|p1a: Torterra|def|1\n|-unboost|p1a: Torterra|spd|1\n|faint|p2a: Tornadus\n|\n|upkeep\n|-message|who is to say forfeited.\n|\n|win|Node\n|raw|Node's rating: 2355 &rarr; <strong>2369</strong><br />(+14 for winning)\n|raw|who is to say's rating: 2239 &rarr; <strong>2225</strong><br />(-14 for losing)\n|l|\u2606who is to say\n|player|p2|\n", "uploadtime": 1781411647, "views": 4, "formatid": "gen9randombattle", "rating": 2225, "private": 0, "password": null}