{"id": "gen9randombattle-2631596466", "format": "[Gen 9] Random Battle", "players": ["latias999999999", "rubberbuns"], "log": "|j|\u2606latias999999999\n|j|\u2606rubberbuns\n|t:|1781406367\n|gametype|singles\n|player|p1|latias999999999|gardenia|2082\n|player|p2|rubberbuns|102|2017\n|gen|9\n|tier|[Gen 9] Random Battle\n|rated|\n|rule|Species Clause: Limit one of each Pok\u00e9mon\n|rule|HP Percentage Mod: HP is shown in percentages\n|rule|Sleep Clause Mod: Limit one foe put to sleep\n|rule|Illusion Level Mod: Illusion disguises the Pok\u00e9mon's true level\n|\n|t:|1781406367\n|teamsize|p1|6\n|teamsize|p2|6\n|start\n|switch|p1a: Veluza|Veluza, L85, F|292/292\n|switch|p2a: Chesnaught|Chesnaught, L84, F|285/285\n|turn|1\n|inactive|Battle timer is ON: inactive players will automatically lose when time's up. (requested by latias999999999)\n|inactive|rubberbuns has 120 seconds left.\n|\n|t:|1781406401\n|switch|p1a: Qwilfish|Qwilfish-Hisui, L83, F|244/244\n|-ability|p1a: Qwilfish|Intimidate|boost\n|-unboost|p2a: Chesnaught|atk|1\n|move|p2a: Chesnaught|Trailblaze|p1a: Qwilfish\n|-resisted|p1a: Qwilfish\n|-damage|p1a: Qwilfish|232/244\n|-boost|p2a: Chesnaught|spe|1\n|\n|upkeep\n|turn|2\n|j| redunix\n|inactive|rubberbuns has 120 seconds left.\n|\n|t:|1781406433\n|move|p2a: Chesnaught|Iron Defense|p2a: Chesnaught\n|-boost|p2a: Chesnaught|def|2\n|move|p1a: Qwilfish|Toxic Spikes|p2a: Chesnaught\n|-sidestart|p2: rubberbuns|move: Toxic Spikes\n|\n|upkeep\n|turn|3\n|\n|t:|1781406450\n|switch|p1a: Oranguru|Oranguru, L92, F|315/315\n|move|p2a: Chesnaught|Body Press|p1a: Oranguru\n|-damage|p1a: Oranguru|120/315\n|\n|upkeep\n|turn|4\n|\n|t:|1781406454\n|move|p2a: Chesnaught|Body Press|p1a: Oranguru\n|-damage|p1a: Oranguru|0 fnt\n|faint|p1a: Oranguru\n|\n|upkeep\n|\n|t:|1781406457\n|switch|p1a: Milotic|Milotic, L83, M|293/293\n|turn|5\n|\n|t:|1781406473\n|switch|p2a: Palkia|Palkia, L75|259/259\n|-status|p2a: Palkia|psn\n|-ability|p2a: Palkia|Pressure\n|move|p1a: Milotic|Haze|p1a: Milotic\n|-clearallboost\n|\n|-damage|p2a: Palkia|227/259 psn|[from] psn\n|upkeep\n|turn|6\n|\n|t:|1781406486\n|switch|p1a: Qwilfish|Qwilfish-Hisui, L83, F|232/244\n|-ability|p1a: Qwilfish|Intimidate|boost\n|-unboost|p2a: Palkia|atk|1\n|move|p2a: Palkia|Spacial Rend|p1a: Qwilfish\n|-damage|p1a: Qwilfish|126/244\n|\n|-damage|p2a: Palkia|195/259 psn|[from] psn\n|upkeep\n|turn|7\n|\n|t:|1781406498\n|switch|p2a: Sandaconda|Sandaconda, L84, M|258/258\n|-status|p2a: Sandaconda|psn\n|move|p1a: Qwilfish|Toxic Spikes|p2a: Sandaconda\n|-sidestart|p2: rubberbuns|move: Toxic Spikes\n|\n|-damage|p2a: Sandaconda|226/258 psn|[from] psn\n|upkeep\n|turn|8\n|\n|t:|1781406517\n|switch|p1a: Milotic|Milotic, L83, M|293/293\n|move|p2a: Sandaconda|Earthquake|p1a: Milotic\n|-damage|p1a: Milotic|178/293\n|\n|-heal|p1a: Milotic|196/293|[from] item: Leftovers\n|-damage|p2a: Sandaconda|194/258 psn|[from] psn\n|upkeep\n|turn|9\n|\n|t:|1781406527\n|switch|p2a: Palkia|Palkia, L75|195/259 psn\n|-ability|p2a: Palkia|Pressure\n|move|p1a: Milotic|Recover|p1a: Milotic\n|-heal|p1a: Milotic|293/293\n|\n|-damage|p2a: Palkia|163/259 psn|[from] psn\n|upkeep\n|turn|10\n|\n|t:|1781406533\n|move|p2a: Palkia|Spacial Rend|p1a: Milotic\n|-damage|p1a: Milotic|206/293\n|move|p1a: Milotic|Ice Beam|p2a: Palkia\n|-damage|p2a: Palkia|103/259 psn\n|\n|-heal|p1a: Milotic|224/293|[from] item: Leftovers\n|-damage|p2a: Palkia|71/259 psn|[from] psn\n|upkeep\n|turn|11\n|\n|t:|1781406558\n|switch|p2a: Electrode|Electrode-Hisui, L87|246/246\n|-status|p2a: Electrode|tox\n|move|p1a: Milotic|Recover|p1a: Milotic\n|-heal|p1a: Milotic|293/293\n|\n|-damage|p2a: Electrode|231/246 tox|[from] psn\n|upkeep\n|turn|12\n|\n|t:|1781406569\n|switch|p1a: Electrode|Electrode-Hisui, L87|246/246\n|-terastallize|p2a: Electrode|Poison\n|move|p2a: Electrode|Thunderbolt|p1a: Electrode\n|-resisted|p1a: Electrode\n|-damage|p1a: Electrode|222/246\n|\n|-heal|p2a: Electrode|246/246 tox|[from] item: Leftovers\n|-damage|p2a: Electrode|216/246 tox|[from] psn\n|upkeep\n|turn|13\n|\n|t:|1781406586\n|switch|p2a: Palkia|Palkia, L75|71/259 psn\n|-ability|p2a: Palkia|Pressure\n|move|p1a: Electrode|Giga Drain|p2a: Palkia\n|-damage|p2a: Palkia|0 fnt\n|-heal|p1a: Electrode|246/246|[from] drain|[of] p2a: Palkia\n|faint|p2a: Palkia\n|-damage|p1a: Electrode|222/246|[from] item: Life Orb\n|\n|upkeep\n|\n|t:|1781406593\n|switch|p2a: Electrode|Electrode-Hisui, L87, tera:Poison|216/246 tox\n|-sideend|p2: rubberbuns|move: Toxic Spikes|[of] p2a: Electrode\n|turn|14\n|\n|t:|1781406604\n|switch|p2a: Chesnaught|Chesnaught, L84, F|285/285\n|move|p1a: Electrode|Thunderbolt|p2a: Chesnaught\n|-resisted|p2a: Chesnaught\n|-damage|p2a: Chesnaught|227/285\n|-damage|p1a: Electrode|198/246|[from] item: Life Orb\n|\n|-heal|p2a: Chesnaught|244/285|[from] item: Leftovers\n|upkeep\n|turn|15\n|\n|t:|1781406609\n|move|p1a: Electrode|Taunt|p2a: Chesnaught\n|-start|p2a: Chesnaught|move: Taunt\n|move|p2a: Chesnaught|Body Press|p1a: Electrode\n|-damage|p1a: Electrode|90/246\n|\n|-heal|p2a: Chesnaught|261/285|[from] item: Leftovers\n|upkeep\n|turn|16\n|\n|t:|1781406614\n|move|p1a: Electrode|Volt Switch|p2a: Chesnaught\n|-resisted|p2a: Chesnaught\n|-damage|p2a: Chesnaught|209/285\n|-damage|p1a: Electrode|66/246|[from] item: Life Orb\n|\n|t:|1781406620\n|switch|p1a: Qwilfish|Qwilfish-Hisui, L83, F|126/244|[from] Volt Switch\n|-ability|p1a: Qwilfish|Intimidate|boost\n|-unboost|p2a: Chesnaught|atk|1\n|move|p2a: Chesnaught|Body Press|p1a: Qwilfish\n|-damage|p1a: Qwilfish|50/244\n|\n|-heal|p2a: Chesnaught|226/285|[from] item: Leftovers\n|upkeep\n|turn|17\n|\n|t:|1781406625\n|move|p1a: Qwilfish|Gunk Shot|p2a: Chesnaught\n|-supereffective|p2a: Chesnaught\n|-damage|p2a: Chesnaught|26/285\n|move|p2a: Chesnaught|Body Press|p1a: Qwilfish\n|-damage|p1a: Qwilfish|0 fnt\n|faint|p1a: Qwilfish\n|\n|-heal|p2a: Chesnaught|43/285|[from] item: Leftovers\n|-end|p2a: Chesnaught|move: Taunt\n|upkeep\n|\n|t:|1781406640\n|switch|p1a: Electrode|Electrode-Hisui, L87|66/246\n|turn|18\n|\n|t:|1781406644\n|move|p1a: Electrode|Giga Drain|p2a: Chesnaught\n|-resisted|p2a: Chesnaught\n|-damage|p2a: Chesnaught|0 fnt\n|-heal|p1a: Electrode|88/246|[from] drain|[of] p2a: Chesnaught\n|faint|p2a: Chesnaught\n|-damage|p1a: Electrode|64/246|[from] item: Life Orb\n|\n|upkeep\n|\n|t:|1781406662\n|switch|p2a: Electrode|Electrode-Hisui, L87, tera:Poison|216/246 tox\n|turn|19\n|\n|t:|1781406665\n|move|p2a: Electrode|Giga Drain|p1a: Electrode\n|-resisted|p1a: Electrode\n|-damage|p1a: Electrode|25/246\n|-heal|p2a: Electrode|236/246 tox|[from] drain|[of] p1a: Electrode\n|move|p1a: Electrode|Thunderbolt|p2a: Electrode\n|-damage|p2a: Electrode|119/246 tox\n|-damage|p1a: Electrode|1/246|[from] item: Life Orb\n|\n|-heal|p2a: Electrode|134/246 tox|[from] item: Leftovers\n|-damage|p2a: Electrode|119/246 tox|[from] psn\n|upkeep\n|turn|20\n|\n|t:|1781406673\n|move|p2a: Electrode|Giga Drain|p1a: Electrode\n|-resisted|p1a: Electrode\n|-damage|p1a: Electrode|0 fnt\n|-heal|p2a: Electrode|120/246 tox|[from] drain|[of] p1a: Electrode\n|faint|p1a: Electrode\n|\n|-heal|p2a: Electrode|135/246 tox|[from] item: Leftovers\n|-damage|p2a: Electrode|105/246 tox|[from] psn\n|upkeep\n|\n|t:|1781406678\n|switch|p1a: Glalie|Glalie, L96, F|309/309\n|turn|21\n|\n|t:|1781406696\n|switch|p2a: Sandaconda|Sandaconda, L84, M|194/258 psn\n|move|p1a: Glalie|Freeze-Dry|p2a: Sandaconda\n|-supereffective|p2a: Sandaconda\n|-damage|p2a: Sandaconda|8/258 psn\n|\n|-damage|p2a: Sandaconda|0 fnt|[from] psn\n|faint|p2a: Sandaconda\n|upkeep\n|\n|t:|1781406703\n|switch|p2a: Chien-Pao|Chien-Pao, L72|234/234\n|-ability|p2a: Chien-Pao|Sword of Ruin\n|turn|22\n|\n|t:|1781406712\n|move|p2a: Chien-Pao|Crunch|p1a: Glalie\n|-damage|p1a: Glalie|162/309\n|move|p1a: Glalie|Earthquake|p2a: Chien-Pao\n|-damage|p2a: Chien-Pao|138/234\n|\n|upkeep\n|turn|23\n|\n|t:|1781406719\n|move|p2a: Chien-Pao|Crunch|p1a: Glalie\n|-damage|p1a: Glalie|15/309\n|move|p1a: Glalie|Earthquake|p2a: Chien-Pao\n|-damage|p2a: Chien-Pao|41/234\n|\n|upkeep\n|turn|24\n|\n|t:|1781406722\n|move|p2a: Chien-Pao|Crunch|p1a: Glalie\n|-damage|p1a: Glalie|0 fnt\n|faint|p1a: Glalie\n|\n|upkeep\n|\n|t:|1781406724\n|switch|p1a: Veluza|Veluza, L85, F|292/292\n|turn|25\n|\n|t:|1781406734\n|move|p1a: Veluza|Flip Turn|p2a: Chien-Pao\n|-damage|p2a: Chien-Pao|0 fnt\n|faint|p2a: Chien-Pao\n|\n|t:|1781406737\n|switch|p1a: Milotic|Milotic, L83, M|293/293|[from] Flip Turn\n|\n|upkeep\n|\n|t:|1781406741\n|switch|p2a: Electrode|Electrode-Hisui, L87, tera:Poison|105/246 tox\n|turn|26\n|\n|t:|1781406755\n|-terastallize|p1a: Milotic|Dragon\n|move|p2a: Electrode|Leech Seed|p1a: Milotic\n|-start|p1a: Milotic|move: Leech Seed\n|move|p1a: Milotic|Scald|p2a: Electrode\n|-damage|p2a: Electrode|14/246 tox\n|\n|-heal|p2a: Electrode|29/246 tox|[from] item: Leftovers\n|-damage|p1a: Milotic|257/293|[from] Leech Seed|[of] p2a: Electrode\n|-heal|p2a: Electrode|65/246 tox|[silent]\n|-damage|p2a: Electrode|50/246 tox|[from] psn\n|upkeep\n|turn|27\n|\n|t:|1781406773\n|move|p2a: Electrode|Giga Drain|p1a: Milotic\n|-resisted|p1a: Milotic\n|-damage|p1a: Milotic|230/293\n|-heal|p2a: Electrode|64/246 tox|[from] drain|[of] p1a: Milotic\n|move|p1a: Milotic|Scald|p2a: Electrode\n|-damage|p2a: Electrode|0 fnt\n|faint|p2a: Electrode\n|\n|-heal|p1a: Milotic|248/293|[from] item: Leftovers\n|upkeep\n|\n|t:|1781406775\n|switch|p2a: Mewtwo|Mewtwo, L72|272/272\n|-ability|p2a: Mewtwo|Pressure\n|turn|28\n|\n|t:|1781406779\n|switch|p1a: Veluza|Veluza, L85, F|292/292\n|move|p2a: Mewtwo|Nasty Plot|p2a: Mewtwo\n|-boost|p2a: Mewtwo|spa|2\n|\n|upkeep\n|turn|29\n|\n|t:|1781406787\n|move|p1a: Veluza|Night Slash|p2a: Mewtwo\n|-supereffective|p2a: Mewtwo\n|-damage|p2a: Mewtwo|104/272\n|move|p2a: Mewtwo|Psystrike|p1a: Veluza\n|-resisted|p1a: Veluza\n|-damage|p1a: Veluza|137/292\n|-damage|p2a: Mewtwo|77/272|[from] item: Life Orb\n|\n|upkeep\n|turn|30\n|\n|t:|1781406790\n|move|p1a: Veluza|Night Slash|p2a: Mewtwo\n|-supereffective|p2a: Mewtwo\n|-damage|p2a: Mewtwo|0 fnt\n|faint|p2a: Mewtwo\n|\n|win|latias999999999\n", "uploadtime": 1781406369, "views": 4, "formatid": "gen9randombattle", "rating": null, "private": 0, "password": null}