{"id": "gen9randombattle-2631661339", "format": "[Gen 9] Random Battle", "players": ["jfndjfjfjfjgkgofo", "surge_phoenix"], "log": "|j|\u2606jfndjfjfjfjgkgofo\n|j|\u2606surge_phoenix\n|t:|1781416922\n|gametype|singles\n|player|p1|jfndjfjfjfjgkgofo|169|\n|player|p2|surge_phoenix|steven|\n|gen|9\n|tier|[Gen 9] Random Battle\n|rule|Species Clause: Limit one of each Pok\u00e9mon\n|rule|HP Percentage Mod: HP is shown in percentages\n|rule|Sleep Clause Mod: Limit one foe put to sleep\n|rule|Illusion Level Mod: Illusion disguises the Pok\u00e9mon's true level\n|\n|t:|1781416922\n|teamsize|p1|6\n|teamsize|p2|6\n|start\n|switch|p1a: Cetitan|Cetitan, L82, M|413/413\n|switch|p2a: Zebstrika|Zebstrika, L87, M|272/272\n|turn|1\n|\n|t:|1781416945\n|move|p2a: Zebstrika|Volt Switch|p1a: Cetitan\n|-damage|p1a: Cetitan|291/413\n|-damage|p2a: Zebstrika|245/272|[from] item: Life Orb\n|\n|t:|1781416957\n|switch|p2a: Veluza|Veluza, L85, M|292/292|[from] Volt Switch\n|move|p1a: Cetitan|Earthquake|p2a: Veluza\n|-damage|p2a: Veluza|183/292\n|-damage|p1a: Cetitan|250/413|[from] item: Life Orb\n|\n|upkeep\n|turn|2\n|\n|t:|1781417003\n|move|p2a: Veluza|Aqua Cutter|p1a: Cetitan\n|-damage|p1a: Cetitan|39/413\n|move|p1a: Cetitan|Icicle Crash|p2a: Veluza\n|-resisted|p2a: Veluza\n|-damage|p2a: Veluza|97/292\n|\n|upkeep\n|turn|3\n|\n|t:|1781417018\n|move|p1a: Cetitan|Ice Shard|p2a: Veluza\n|-resisted|p2a: Veluza\n|-damage|p2a: Veluza|66/292\n|-damage|p1a: Cetitan|0 fnt|[from] item: Life Orb\n|faint|p1a: Cetitan\n|move|p2a: Veluza|Aqua Cutter|p1: Cetitan|[notarget]\n|-fail|p2a: Veluza\n|\n|upkeep\n|\n|t:|1781417045\n|switch|p1a: Altaria|Altaria, L89, M|278/278\n|turn|4\n|\n|t:|1781417094\n|switch|p2a: Tinkaton|Tinkaton, L82, F|274/274\n|-ability|p2a: Tinkaton|Mold Breaker\n|move|p1a: Altaria|Brave Bird|p2a: Tinkaton\n|-resisted|p2a: Tinkaton\n|-damage|p2a: Tinkaton|214/274\n|-damage|p1a: Altaria|258/278|[from] Recoil\n|\n|-heal|p2a: Tinkaton|231/274|[from] item: Leftovers\n|upkeep\n|turn|5\n|\n|t:|1781417111\n|move|p2a: Tinkaton|Play Rough|p1a: Altaria\n|-supereffective|p1a: Altaria\n|-damage|p1a: Altaria|114/278\n|move|p1a: Altaria|Will-O-Wisp|p2a: Tinkaton\n|-status|p2a: Tinkaton|brn\n|\n|-heal|p2a: Tinkaton|248/274 brn|[from] item: Leftovers\n|-damage|p2a: Tinkaton|231/274 brn|[from] brn\n|upkeep\n|turn|6\n|\n|t:|1781417133\n|switch|p1a: Bellossom|Bellossom, L84, F|263/263\n|move|p2a: Tinkaton|Stealth Rock|p1a: Bellossom\n|-sidestart|p1: jfndjfjfjfjgkgofo|move: Stealth Rock\n|\n|-heal|p2a: Tinkaton|248/274 brn|[from] item: Leftovers\n|-damage|p2a: Tinkaton|231/274 brn|[from] brn\n|upkeep\n|turn|7\n|\n|t:|1781417147\n|move|p2a: Tinkaton|Knock Off|p1a: Bellossom\n|-damage|p1a: Bellossom|240/263\n|-enditem|p1a: Bellossom|Leftovers|[from] move: Knock Off|[of] p2a: Tinkaton\n|move|p1a: Bellossom|Quiver Dance|p1a: Bellossom\n|-boost|p1a: Bellossom|spa|1\n|-boost|p1a: Bellossom|spd|1\n|-boost|p1a: Bellossom|spe|1\n|\n|-heal|p2a: Tinkaton|248/274 brn|[from] item: Leftovers\n|-damage|p2a: Tinkaton|231/274 brn|[from] brn\n|upkeep\n|turn|8\n|\n|t:|1781417162\n|switch|p2a: Slowbro|Slowbro-Galar, L87, M|307/307\n|move|p1a: Bellossom|Quiver Dance|p1a: Bellossom\n|-boost|p1a: Bellossom|spa|1\n|-boost|p1a: Bellossom|spd|1\n|-boost|p1a: Bellossom|spe|1\n|\n|upkeep\n|turn|9\n|\n|t:|1781417183\n|move|p1a: Bellossom|Moonblast|p2a: Slowbro\n|-resisted|p2a: Slowbro\n|-damage|p2a: Slowbro|258/307\n|-unboost|p2a: Slowbro|spa|1\n|move|p2a: Slowbro|Shell Side Arm|p1a: Bellossom|[anim] Shell Side Arm Physical\n|-supereffective|p1a: Bellossom\n|-damage|p1a: Bellossom|52/263\n|-hint|Physical Shell Side Arm\n|\n|upkeep\n|turn|10\n|\n|t:|1781417195\n|move|p1a: Bellossom|Giga Drain|p2a: Slowbro\n|-resisted|p2a: Slowbro\n|-damage|p2a: Slowbro|200/307\n|-heal|p1a: Bellossom|81/263|[from] drain|[of] p2a: Slowbro\n|move|p2a: Slowbro|Shell Side Arm|p1a: Bellossom|[anim] Shell Side Arm Physical\n|-supereffective|p1a: Bellossom\n|-damage|p1a: Bellossom|0 fnt\n|-hint|Physical Shell Side Arm\n|faint|p1a: Bellossom\n|\n|upkeep\n|\n|t:|1781417211\n|switch|p1a: Meloetta|Meloetta, L82|298/298\n|-damage|p1a: Meloetta|261/298|[from] Stealth Rock\n|turn|11\n|\n|t:|1781417241\n|switch|p2a: Tinkaton|Tinkaton, L82, F|231/274 brn\n|-ability|p2a: Tinkaton|Mold Breaker\n|move|p1a: Meloetta|U-turn|p2a: Tinkaton\n|-resisted|p2a: Tinkaton\n|-damage|p2a: Tinkaton|221/274 brn\n|\n|t:|1781417268\n|switch|p1a: Cresselia|Cresselia, L80, F|323/323|[from] U-turn\n|-damage|p1a: Cresselia|283/323|[from] Stealth Rock\n|\n|-heal|p2a: Tinkaton|238/274 brn|[from] item: Leftovers\n|-heal|p1a: Cresselia|303/323|[from] item: Leftovers\n|-damage|p2a: Tinkaton|221/274 brn|[from] brn\n|upkeep\n|turn|12\n|\n|t:|1781417289\n|-terastallize|p1a: Cresselia|Poison\n|move|p2a: Tinkaton|Knock Off|p1a: Cresselia\n|-damage|p1a: Cresselia|278/323\n|-enditem|p1a: Cresselia|Leftovers|[from] move: Knock Off|[of] p2a: Tinkaton\n|move|p1a: Cresselia|Calm Mind|p1a: Cresselia\n|-boost|p1a: Cresselia|spa|1\n|-boost|p1a: Cresselia|spd|1\n|\n|-heal|p2a: Tinkaton|238/274 brn|[from] item: Leftovers\n|-damage|p2a: Tinkaton|221/274 brn|[from] brn\n|upkeep\n|turn|13\n|\n|t:|1781417325\n|switch|p2a: Slowbro|Slowbro-Galar, L87, M|302/307\n|move|p1a: Cresselia|Calm Mind|p1a: Cresselia\n|-boost|p1a: Cresselia|spa|1\n|-boost|p1a: Cresselia|spd|1\n|\n|upkeep\n|turn|14\n|\n|t:|1781417334\n|move|p1a: Cresselia|Psyshock|p2a: Slowbro\n|-damage|p2a: Slowbro|182/307\n|move|p2a: Slowbro|Psychic|p1a: Cresselia\n|-supereffective|p1a: Cresselia\n|-damage|p1a: Cresselia|182/323\n|\n|upkeep\n|turn|15\n|\n|t:|1781417345\n|switch|p2a: Tinkaton|Tinkaton, L82, F|221/274 brn\n|-ability|p2a: Tinkaton|Mold Breaker\n|move|p1a: Cresselia|Calm Mind|p1a: Cresselia\n|-boost|p1a: Cresselia|spa|1\n|-boost|p1a: Cresselia|spd|1\n|\n|-heal|p2a: Tinkaton|238/274 brn|[from] item: Leftovers\n|-damage|p2a: Tinkaton|221/274 brn|[from] brn\n|upkeep\n|turn|16\n|\n|t:|1781417357\n|switch|p2a: Slowbro|Slowbro-Galar, L87, M|284/307\n|move|p1a: Cresselia|Moonlight|p1a: Cresselia\n|-heal|p1a: Cresselia|323/323\n|\n|upkeep\n|turn|17\n|\n|t:|1781417371\n|move|p1a: Cresselia|Calm Mind|p1a: Cresselia\n|-boost|p1a: Cresselia|spa|1\n|-boost|p1a: Cresselia|spd|1\n|move|p2a: Slowbro|Psychic|p1a: Cresselia\n|-supereffective|p1a: Cresselia\n|-damage|p1a: Cresselia|263/323\n|\n|upkeep\n|turn|18\n|\n|t:|1781417378\n|move|p1a: Cresselia|Moonblast|p2a: Slowbro\n|-resisted|p2a: Slowbro\n|-damage|p2a: Slowbro|221/307\n|move|p2a: Slowbro|Psychic|p1a: Cresselia\n|-supereffective|p1a: Cresselia\n|-damage|p1a: Cresselia|203/323\n|\n|upkeep\n|turn|19\n|\n|t:|1781417386\n|move|p1a: Cresselia|Psyshock|p2a: Slowbro\n|-damage|p2a: Slowbro|59/307\n|move|p2a: Slowbro|Psychic|p1a: Cresselia\n|-supereffective|p1a: Cresselia\n|-damage|p1a: Cresselia|143/323\n|\n|upkeep\n|turn|20\n|\n|t:|1781417396\n|move|p1a: Cresselia|Psyshock|p2a: Slowbro\n|-damage|p2a: Slowbro|0 fnt\n|faint|p2a: Slowbro\n|\n|upkeep\n|\n|t:|1781417401\n|switch|p2a: Veluza|Veluza, L85, M|66/292\n|turn|21\n|\n|t:|1781417412\n|move|p1a: Cresselia|Moonblast|p2a: Veluza\n|-damage|p2a: Veluza|0 fnt\n|faint|p2a: Veluza\n|\n|upkeep\n|\n|t:|1781417429\n|switch|p2a: Venomoth|Venomoth, L84, F|255/255\n|turn|22\n|\n|t:|1781417436\n|move|p2a: Venomoth|Sleep Powder|p1a: Cresselia|[miss]\n|-miss|p2a: Venomoth|p1a: Cresselia\n|move|p1a: Cresselia|Moonlight|p1a: Cresselia\n|-heal|p1a: Cresselia|304/323\n|\n|upkeep\n|turn|23\n|\n|t:|1781417452\n|move|p2a: Venomoth|Sleep Powder|p1a: Cresselia\n|-status|p1a: Cresselia|slp|[from] move: Sleep Powder\n|cant|p1a: Cresselia|slp\n|\n|upkeep\n|turn|24\n|\n|t:|1781417465\n|switch|p2a: Zebstrika|Zebstrika, L87, M|245/272\n|-curestatus|p1a: Cresselia|slp|[msg]\n|move|p1a: Cresselia|Moonblast|p2a: Zebstrika\n|-damage|p2a: Zebstrika|68/272\n|\n|upkeep\n|turn|25\n|\n|t:|1781417474\n|move|p2a: Zebstrika|Supercell Slam|p1a: Cresselia\n|-damage|p1a: Cresselia|179/323\n|-damage|p2a: Zebstrika|41/272|[from] item: Life Orb\n|move|p1a: Cresselia|Psyshock|p2a: Zebstrika\n|-damage|p2a: Zebstrika|0 fnt\n|faint|p2a: Zebstrika\n|\n|upkeep\n|\n|t:|1781417485\n|switch|p2a: Venomoth|Venomoth, L84, F|255/255\n|turn|26\n|\n|t:|1781417493\n|move|p2a: Venomoth|Sleep Powder|p1a: Cresselia\n|-status|p1a: Cresselia|slp|[from] move: Sleep Powder\n|cant|p1a: Cresselia|slp\n|\n|upkeep\n|turn|27\n|\n|t:|1781417503\n|switch|p2a: Tinkaton|Tinkaton, L82, F|221/274 brn\n|-ability|p2a: Tinkaton|Mold Breaker\n|cant|p1a: Cresselia|slp\n|\n|-heal|p2a: Tinkaton|238/274 brn|[from] item: Leftovers\n|-damage|p2a: Tinkaton|221/274 brn|[from] brn\n|upkeep\n|turn|28\n|\n|t:|1781417514\n|move|p2a: Tinkaton|Gigaton Hammer|p1a: Cresselia\n|-damage|p1a: Cresselia|125/323 slp\n|-curestatus|p1a: Cresselia|slp|[msg]\n|move|p1a: Cresselia|Psyshock|p2a: Tinkaton\n|-resisted|p2a: Tinkaton\n|-damage|p2a: Tinkaton|109/274 brn\n|\n|-heal|p2a: Tinkaton|126/274 brn|[from] item: Leftovers\n|-damage|p2a: Tinkaton|109/274 brn|[from] brn\n|upkeep\n|turn|29\n|\n|t:|1781417526\n|switch|p2a: Venomoth|Venomoth, L84, F|255/255\n|move|p1a: Cresselia|Moonlight|p1a: Cresselia\n|-heal|p1a: Cresselia|286/323\n|\n|upkeep\n|turn|30\n|\n|t:|1781417536\n|move|p2a: Venomoth|Sleep Powder|p1a: Cresselia\n|-status|p1a: Cresselia|slp|[from] move: Sleep Powder\n|cant|p1a: Cresselia|slp\n|\n|upkeep\n|turn|31\n|\n|t:|1781417544\n|switch|p2a: Tinkaton|Tinkaton, L82, F|109/274 brn\n|-ability|p2a: Tinkaton|Mold Breaker\n|cant|p1a: Cresselia|slp\n|\n|-heal|p2a: Tinkaton|126/274 brn|[from] item: Leftovers\n|-damage|p2a: Tinkaton|109/274 brn|[from] brn\n|upkeep\n|turn|32\n|\n|t:|1781417555\n|move|p2a: Tinkaton|Gigaton Hammer|p1a: Cresselia\n|-damage|p1a: Cresselia|230/323 slp\n|-curestatus|p1a: Cresselia|slp|[msg]\n|move|p1a: Cresselia|Psyshock|p2a: Tinkaton\n|-resisted|p2a: Tinkaton\n|-damage|p2a: Tinkaton|9/274 brn\n|\n|-heal|p2a: Tinkaton|26/274 brn|[from] item: Leftovers\n|-damage|p2a: Tinkaton|9/274 brn|[from] brn\n|upkeep\n|turn|33\n|\n|t:|1781417573\n|move|p2a: Tinkaton|Knock Off|p1a: Cresselia\n|-damage|p1a: Cresselia|215/323\n|move|p1a: Cresselia|Moonblast|p2a: Tinkaton\n|-resisted|p2a: Tinkaton\n|-damage|p2a: Tinkaton|0 fnt\n|faint|p2a: Tinkaton\n|\n|upkeep\n|\n|t:|1781417585\n|switch|p2a: Venomoth|Venomoth, L84, F|255/255\n|turn|34\n|inactive|Battle timer is ON: inactive players will automatically lose when time's up. (requested by surge_phoenix)\n|\n|t:|1781417598\n|move|p2a: Venomoth|Sleep Powder|p1a: Cresselia\n|-status|p1a: Cresselia|slp|[from] move: Sleep Powder\n|cant|p1a: Cresselia|slp\n|\n|upkeep\n|turn|35\n|\n|t:|1781417614\n|move|p2a: Venomoth|Bug Buzz|p1a: Cresselia\n|-resisted|p1a: Cresselia\n|-damage|p1a: Cresselia|191/323 slp\n|cant|p1a: Cresselia|slp\n|\n|upkeep\n|turn|36\n|\n|t:|1781417624\n|move|p2a: Venomoth|Bug Buzz|p1a: Cresselia\n|-resisted|p1a: Cresselia\n|-damage|p1a: Cresselia|167/323 slp\n|cant|p1a: Cresselia|slp\n|\n|upkeep\n|turn|37\n|\n|t:|1781417640\n|move|p2a: Venomoth|Bug Buzz|p1a: Cresselia\n|-resisted|p1a: Cresselia\n|-damage|p1a: Cresselia|143/323 slp\n|-curestatus|p1a: Cresselia|slp|[msg]\n|move|p1a: Cresselia|Moonlight|p1a: Cresselia\n|-heal|p1a: Cresselia|304/323\n|\n|upkeep\n|turn|38\n|\n|t:|1781417650\n|move|p2a: Venomoth|Sleep Powder|p1a: Cresselia\n|-status|p1a: Cresselia|slp|[from] move: Sleep Powder\n|cant|p1a: Cresselia|slp\n|\n|upkeep\n|turn|39\n|\n|t:|1781417663\n|move|p2a: Venomoth|Bug Buzz|p1a: Cresselia\n|-resisted|p1a: Cresselia\n|-damage|p1a: Cresselia|278/323 slp\n|cant|p1a: Cresselia|slp\n|\n|upkeep\n|turn|40\n|\n|t:|1781417670\n|move|p2a: Venomoth|Bug Buzz|p1a: Cresselia\n|-resisted|p1a: Cresselia\n|-damage|p1a: Cresselia|254/323 slp\n|-unboost|p1a: Cresselia|spd|1\n|cant|p1a: Cresselia|slp\n|\n|upkeep\n|turn|41\n|\n|t:|1781417678\n|move|p2a: Venomoth|Bug Buzz|p1a: Cresselia\n|-resisted|p1a: Cresselia\n|-damage|p1a: Cresselia|224/323 slp\n|-unboost|p1a: Cresselia|spd|1\n|-curestatus|p1a: Cresselia|slp|[msg]\n|move|p1a: Cresselia|Moonblast|p2a: Venomoth\n|-resisted|p2a: Venomoth\n|-damage|p2a: Venomoth|165/255\n|\n|upkeep\n|turn|42\n|\n|t:|1781417688\n|move|p2a: Venomoth|Sleep Powder|p1a: Cresselia\n|-status|p1a: Cresselia|slp|[from] move: Sleep Powder\n|cant|p1a: Cresselia|slp\n|\n|upkeep\n|turn|43\n|\n|t:|1781417697\n|move|p2a: Venomoth|Bug Buzz|p1a: Cresselia\n|-resisted|p1a: Cresselia\n|-damage|p1a: Cresselia|190/323 slp\n|-curestatus|p1a: Cresselia|slp|[msg]\n|move|p1a: Cresselia|Moonblast|p2a: Venomoth\n|-resisted|p2a: Venomoth\n|-damage|p2a: Venomoth|79/255\n|\n|upkeep\n|turn|44\n|\n|t:|1781417706\n|move|p2a: Venomoth|Sleep Powder|p1a: Cresselia\n|-status|p1a: Cresselia|slp|[from] move: Sleep Powder\n|cant|p1a: Cresselia|slp\n|\n|upkeep\n|turn|45\n|\n|t:|1781417713\n|move|p2a: Venomoth|Bug Buzz|p1a: Cresselia\n|-resisted|p1a: Cresselia\n|-damage|p1a: Cresselia|154/323 slp\n|cant|p1a: Cresselia|slp\n|\n|upkeep\n|turn|46\n|\n|t:|1781417719\n|move|p2a: Venomoth|Bug Buzz|p1a: Cresselia\n|-resisted|p1a: Cresselia\n|-damage|p1a: Cresselia|118/323 slp\n|-unboost|p1a: Cresselia|spd|1\n|cant|p1a: Cresselia|slp\n|\n|upkeep\n|turn|47\n|\n|t:|1781417727\n|move|p2a: Venomoth|Bug Buzz|p1a: Cresselia\n|-resisted|p1a: Cresselia\n|-damage|p1a: Cresselia|72/323 slp\n|-curestatus|p1a: Cresselia|slp|[msg]\n|move|p1a: Cresselia|Moonblast|p2a: Venomoth\n|-resisted|p2a: Venomoth\n|-damage|p2a: Venomoth|0 fnt\n|faint|p2a: Venomoth\n|\n|upkeep\n|\n|t:|1781417737\n|switch|p2a: Gastrodon|Gastrodon-East, L86, F|331/331\n|turn|48\n|\n|t:|1781417743\n|move|p1a: Cresselia|Moonlight|p1a: Cresselia\n|-heal|p1a: Cresselia|233/323\n|move|p2a: Gastrodon|Surf|p1a: Cresselia\n|-damage|p1a: Cresselia|184/323\n|\n|upkeep\n|turn|49\n|\n|t:|1781417751\n|move|p1a: Cresselia|Psyshock|p2a: Gastrodon\n|-damage|p2a: Gastrodon|102/331\n|move|p2a: Gastrodon|Surf|p1a: Cresselia\n|-damage|p1a: Cresselia|129/323\n|\n|-heal|p2a: Gastrodon|122/331|[from] item: Leftovers\n|upkeep\n|turn|50\n|\n|t:|1781417760\n|move|p1a: Cresselia|Psyshock|p2a: Gastrodon\n|-damage|p2a: Gastrodon|0 fnt\n|faint|p2a: Gastrodon\n|\n|win|jfndjfjfjfjgkgofo\n", "uploadtime": 1781417767, "views": 5, "formatid": "gen9randombattle", "rating": null, "private": 0, "password": null}