{"id": "gen9randombattle-2631675001", "format": "[Gen 9] Random Battle", "players": ["iamdashuaibi", "Fettyw0p"], "log": "|j|\u2606iamdashuaibi\n|j|\u2606Fettyw0p\n|t:|1781419466\n|gametype|singles\n|player|p1|iamdashuaibi|101|1302\n|player|p2|Fettyw0p|101|1307\n|gen|9\n|tier|[Gen 9] Random Battle\n|rated|\n|rule|Species Clause: Limit one of each Pok\u00e9mon\n|rule|HP Percentage Mod: HP is shown in percentages\n|rule|Sleep Clause Mod: Limit one foe put to sleep\n|rule|Illusion Level Mod: Illusion disguises the Pok\u00e9mon's true level\n|\n|t:|1781419466\n|teamsize|p1|6\n|teamsize|p2|6\n|start\n|switch|p1a: Ditto|Ditto, L87|225/225\n|switch|p2a: Iron Moth|Iron Moth, L78|253/253\n|-transform|p1a: Ditto|p2a: Iron Moth|[from] ability: Imposter\n|turn|1\n|\n|t:|1781419514\n|-end|p1a: Ditto|Quark Drive|[silent]\n|switch|p1a: Empoleon|Empoleon, L84, F|278/278\n|-end|p2a: Iron Moth|Quark Drive|[silent]\n|switch|p2a: Noivern|Noivern, L82, M|274/274\n|\n|upkeep\n|turn|2\n|\n|t:|1781419531\n|switch|p2a: Pincurchin|Pincurchin, M|258/258\n|-fieldstart|move: Electric Terrain|[from] ability: Electric Surge|[of] p2a: Pincurchin\n|move|p1a: Empoleon|Yawn|p2a: Pincurchin\n|-activate|p2a: Pincurchin|move: Electric Terrain\n|\n|upkeep\n|turn|3\n|inactive|Battle timer is ON: inactive players will automatically lose when time's up. (requested by Fettyw0p)\n|\n|t:|1781419561\n|move|p1a: Empoleon|Flip Turn|p2a: Pincurchin\n|-damage|p2a: Pincurchin|210/258\n|\n|t:|1781419564\n|switch|p1a: Sandaconda|Sandaconda, L84, M|258/258|[from] Flip Turn\n|move|p2a: Pincurchin|Spikes|p1a: Sandaconda\n|-sidestart|p1: iamdashuaibi|Spikes\n|\n|-heal|p2a: Pincurchin|226/258|[from] item: Leftovers\n|upkeep\n|turn|4\n|\n|t:|1781419584\n|switch|p2a: Noivern|Noivern, L82, M|274/274\n|move|p1a: Sandaconda|Earthquake|p2a: Noivern\n|-immune|p2a: Noivern\n|\n|upkeep\n|turn|5\n|inactive|iamdashuaibi has 120 seconds left.\n|\n|t:|1781419627\n|switch|p1a: Empoleon|Empoleon, L84, F|278/278\n|-damage|p1a: Empoleon|244/278|[from] Spikes\n|move|p2a: Noivern|Boomburst|p1a: Empoleon\n|-resisted|p1a: Empoleon\n|-damage|p1a: Empoleon|184/278\n|\n|-heal|p1a: Empoleon|201/278|[from] item: Leftovers\n|upkeep\n|turn|6\n|\n|t:|1781419645\n|switch|p2a: Pincurchin|Pincurchin, M|226/258\n|move|p1a: Empoleon|Flip Turn|p2a: Pincurchin\n|-damage|p2a: Pincurchin|178/258\n|\n|t:|1781419652\n|switch|p1a: Sandaconda|Sandaconda, L84, M|258/258|[from] Flip Turn\n|-damage|p1a: Sandaconda|226/258|[from] Spikes\n|\n|-heal|p2a: Pincurchin|194/258|[from] item: Leftovers\n|-fieldend|move: Electric Terrain\n|upkeep\n|turn|7\n|\n|t:|1781419665\n|move|p1a: Sandaconda|Rock Blast|p2a: Pincurchin\n|-damage|p2a: Pincurchin|178/258\n|-damage|p2a: Pincurchin|162/258\n|-damage|p2a: Pincurchin|146/258\n|-damage|p2a: Pincurchin|130/258\n|-damage|p2a: Pincurchin|115/258\n|-hitcount|p2a: Pincurchin|5\n|move|p2a: Pincurchin|Scald|p1a: Sandaconda\n|-supereffective|p1a: Sandaconda\n|-damage|p1a: Sandaconda|56/258\n|\n|-heal|p2a: Pincurchin|131/258|[from] item: Leftovers\n|upkeep\n|turn|8\n|inactive|Fettyw0p has 120 seconds left.\n|inactive|iamdashuaibi has 90 seconds left.\n|\n|t:|1781419698\n|switch|p2a: Noivern|Noivern, L82, M|274/274\n|move|p1a: Sandaconda|Earthquake|p2a: Noivern\n|-immune|p2a: Noivern\n|\n|upkeep\n|turn|9\n|\n|t:|1781419706\n|move|p2a: Noivern|Hurricane|p1a: Sandaconda|[miss]\n|-miss|p2a: Noivern|p1a: Sandaconda\n|move|p1a: Sandaconda|Rock Blast|p2a: Noivern|[miss]\n|-miss|p1a: Sandaconda|p2a: Noivern\n|\n|upkeep\n|turn|10\n|inactive|iamdashuaibi has 90 seconds left.\n|\n|t:|1781419724\n|switch|p1a: Empoleon|Empoleon, L84, F|201/278\n|-damage|p1a: Empoleon|167/278|[from] Spikes\n|move|p2a: Noivern|Hurricane|p1a: Empoleon\n|-resisted|p1a: Empoleon\n|-damage|p1a: Empoleon|89/278\n|\n|-heal|p1a: Empoleon|106/278|[from] item: Leftovers\n|upkeep\n|turn|11\n|\n|t:|1781419743\n|switch|p2a: Whimsicott|Whimsicott, L84, M|238/238\n|move|p1a: Empoleon|Yawn|p2a: Whimsicott\n|-start|p2a: Whimsicott|move: Yawn|[of] p1a: Empoleon\n|\n|-heal|p1a: Empoleon|123/278|[from] item: Leftovers\n|upkeep\n|turn|12\n|\n|t:|1781419755\n|move|p2a: Whimsicott|Stun Spore|p1a: Empoleon\n|-status|p1a: Empoleon|par\n|move|p1a: Empoleon|Roost|p1a: Empoleon\n|-heal|p1a: Empoleon|262/278 par\n|-singleturn|p1a: Empoleon|move: Roost\n|\n|-heal|p1a: Empoleon|278/278 par|[from] item: Leftovers\n|-end|p2a: Whimsicott|move: Yawn|[silent]\n|-status|p2a: Whimsicott|slp\n|upkeep\n|turn|13\n|\n|t:|1781419766\n|cant|p2a: Whimsicott|slp\n|move|p1a: Empoleon|Flip Turn|p2a: Whimsicott\n|-resisted|p2a: Whimsicott\n|-damage|p2a: Whimsicott|208/238 slp\n|\n|t:|1781419768\n|switch|p1a: Salamence|Salamence, L77, F|273/273|[from] Flip Turn\n|\n|upkeep\n|turn|14\n|\n|t:|1781419784\n|switch|p2a: Noivern|Noivern, L82, M|274/274\n|move|p1a: Salamence|Dragon Dance|p1a: Salamence\n|-boost|p1a: Salamence|atk|1\n|-boost|p1a: Salamence|spe|1\n|\n|upkeep\n|turn|15\n|\n|t:|1781419804\n|switch|p2a: Whimsicott|Whimsicott, L84, M|208/238 slp\n|-terastallize|p1a: Salamence|Steel\n|move|p1a: Salamence|Dual Wingbeat|p2a: Whimsicott\n|-supereffective|p2a: Whimsicott\n|-damage|p2a: Whimsicott|70/238 slp\n|-supereffective|p2a: Whimsicott\n|-damage|p2a: Whimsicott|0 fnt\n|faint|p2a: Whimsicott\n|-ability|p1a: Salamence|Moxie|boost\n|-boost|p1a: Salamence|atk|1\n|-hitcount|p2: Whimsicott|2\n|\n|upkeep\n|\n|t:|1781419815\n|switch|p2a: Iron Moth|Iron Moth, L78|253/253\n|turn|16\n|inactive|iamdashuaibi has 90 seconds left.\n|\n|t:|1781419848\n|move|p1a: Salamence|Outrage|p2a: Iron Moth\n|-damage|p2a: Iron Moth|0 fnt\n|faint|p2a: Iron Moth\n|-end|p2a: Iron Moth|Quark Drive|[silent]\n|-ability|p1a: Salamence|Moxie|boost\n|-boost|p1a: Salamence|atk|1\n|\n|upkeep\n|\n|t:|1781419858\n|switch|p2a: Noivern|Noivern, L82, M|274/274\n|turn|17\n|inactive|iamdashuaibi has 90 seconds left.\n|\n|t:|1781419886\n|-terastallize|p2a: Noivern|Normal\n|move|p1a: Salamence|Outrage|p2a: Noivern|[from] lockedmove\n|-damage|p2a: Noivern|0 fnt\n|faint|p2a: Noivern\n|-ability|p1a: Salamence|Moxie|boost\n|-boost|p1a: Salamence|atk|1\n|-start|p1a: Salamence|confusion|[fatigue]\n|\n|upkeep\n|\n|t:|1781419900\n|switch|p2a: Braviary|Braviary, L85, M|309/309\n|turn|18\n|inactive|iamdashuaibi has 60 seconds left.\n|\n|t:|1781419930\n|-activate|p1a: Salamence|confusion\n|move|p1a: Salamence|Outrage|p2a: Braviary\n|-damage|p2a: Braviary|0 fnt\n|faint|p2a: Braviary\n|-ability|p1a: Salamence|Moxie|boost\n|-boost|p1a: Salamence|atk|1\n|\n|upkeep\n|\n|t:|1781419937\n|switch|p2a: Pincurchin|Pincurchin, M|131/258\n|-fieldstart|move: Electric Terrain|[from] ability: Electric Surge|[of] p2a: Pincurchin\n|turn|19\n|inactive|iamdashuaibi has 60 seconds left.\n|\n|t:|1781419949\n|-end|p1a: Salamence|confusion\n|move|p1a: Salamence|Outrage|p2a: Pincurchin|[from] lockedmove\n|-damage|p2a: Pincurchin|0 fnt\n|faint|p2a: Pincurchin\n|-ability|p1a: Salamence|Moxie|boost\n|-boost|p1a: Salamence|atk|1\n|-start|p1a: Salamence|confusion|[fatigue]\n|\n|upkeep\n|\n|t:|1781419954\n|switch|p2a: Grafaiai|Grafaiai, L86, F|249/249\n|turn|20\n|\n|t:|1781419960\n|-activate|p1a: Salamence|confusion\n|-damage|p1a: Salamence|128/273|[from] confusion\n|move|p2a: Grafaiai|Low Kick|p1a: Salamence\n|-supereffective|p1a: Salamence\n|-crit|p1a: Salamence\n|-damage|p1a: Salamence|0 fnt\n|faint|p1a: Salamence\n|-damage|p2a: Grafaiai|225/249|[from] item: Life Orb\n|\n|upkeep\n|\n|t:|1781419966\n|switch|p1a: Sandaconda|Sandaconda, L84, M|56/258\n|-damage|p1a: Sandaconda|24/258|[from] Spikes\n|turn|21\n|\n|t:|1781419976\n|move|p2a: Grafaiai|Low Kick|p1a: Sandaconda\n|-damage|p1a: Sandaconda|0 fnt\n|faint|p1a: Sandaconda\n|-damage|p2a: Grafaiai|201/249|[from] item: Life Orb\n|\n|upkeep\n|\n|t:|1781419984\n|switch|p1a: Empoleon|Empoleon, L84, F|278/278 par\n|-damage|p1a: Empoleon|244/278 par|[from] Spikes\n|turn|22\n|\n|t:|1781419993\n|move|p2a: Grafaiai|Swords Dance|p2a: Grafaiai\n|-boost|p2a: Grafaiai|atk|2\n|move|p1a: Empoleon|Flip Turn|p2a: Grafaiai\n|-damage|p2a: Grafaiai|128/249\n|\n|t:|1781419999\n|switch|p1a: Ditto|Ditto, L87|225/225|[from] Flip Turn\n|-damage|p1a: Ditto|197/225|[from] Spikes\n|-transform|p1a: Ditto|p2a: Grafaiai|[from] ability: Imposter\n|\n|upkeep\n|turn|23\n|inactive|iamdashuaibi has 90 seconds left.\n|\n|t:|1781420013\n|move|p1a: Ditto|Knock Off|p2a: Grafaiai\n|-damage|p2a: Grafaiai|0 fnt\n|-enditem|p2a: Grafaiai|Life Orb|[from] move: Knock Off|[of] p1a: Ditto\n|faint|p2a: Grafaiai\n|\n|win|iamdashuaibi\n|raw|iamdashuaibi's rating: 1302 &rarr; <strong>1322</strong><br />(+20 for winning)\n|raw|Fettyw0p's rating: 1307 &rarr; <strong>1287</strong><br />(-20 for losing)\n", "uploadtime": 1781420021, "views": 3, "formatid": "gen9randombattle", "rating": 1287, "private": 0, "password": null}