{"id": "gen9randombattle-2631773785", "format": "[Gen 9] Random Battle", "players": ["pagenfranskane", "joebidenfan1245"], "log": "|j|\u2606pagenfranskane\n|j|\u2606joebidenfan1245\n|t:|1781437507\n|gametype|singles\n|player|p1|pagenfranskane|battlegirl|1977\n|player|p2|joebidenfan1245|265|1944\n|gen|9\n|tier|[Gen 9] Random Battle\n|rated|\n|rule|Species Clause: Limit one of each Pok\u00e9mon\n|rule|HP Percentage Mod: HP is shown in percentages\n|rule|Sleep Clause Mod: Limit one foe put to sleep\n|rule|Illusion Level Mod: Illusion disguises the Pok\u00e9mon's true level\n|\n|t:|1781437507\n|teamsize|p1|6\n|teamsize|p2|6\n|start\n|switch|p1a: Ceruledge|Ceruledge, L78, M|245/245\n|switch|p2a: Pachirisu|Pachirisu, L96, M|271/271\n|turn|1\n|\n|t:|1781437530\n|move|p2a: Pachirisu|Nuzzle|p1a: Ceruledge\n|-damage|p1a: Ceruledge|226/245\n|-status|p1a: Ceruledge|par\n|-ability|p1a: Ceruledge|Weak Armor|boost\n|-unboost|p1a: Ceruledge|def|1\n|-boost|p1a: Ceruledge|spe|2\n|cant|p1a: Ceruledge|par\n|\n|upkeep\n|turn|2\n|\n|t:|1781437543\n|move|p2a: Pachirisu|Thunderbolt|p1a: Ceruledge\n|-damage|p1a: Ceruledge|156/245 par\n|move|p1a: Ceruledge|Bitter Blade|p2a: Pachirisu\n|-damage|p2a: Pachirisu|172/271\n|-heal|p1a: Ceruledge|206/245 par|[from] drain|[of] p2a: Pachirisu\n|\n|upkeep\n|turn|3\n|\n|t:|1781437550\n|move|p2a: Pachirisu|U-turn|p1a: Ceruledge\n|-resisted|p1a: Ceruledge\n|-damage|p1a: Ceruledge|191/245 par\n|-ability|p1a: Ceruledge|Weak Armor|boost\n|-unboost|p1a: Ceruledge|def|1\n|-boost|p1a: Ceruledge|spe|2\n|\n|t:|1781437555\n|switch|p2a: Pelipper|Pelipper, L86, M|243/243|[from] U-turn\n|-weather|RainDance|[from] ability: Drizzle|[of] p2a: Pelipper\n|move|p1a: Ceruledge|Bitter Blade|p2a: Pelipper\n|-resisted|p2a: Pelipper\n|-damage|p2a: Pelipper|219/243\n|-heal|p1a: Ceruledge|203/245 par|[from] drain|[of] p2a: Pelipper\n|\n|-weather|RainDance|[upkeep]\n|upkeep\n|turn|4\n|\n|t:|1781437562\n|move|p1a: Ceruledge|Poltergeist|p2a: Pelipper|[miss]\n|-miss|p1a: Ceruledge|p2a: Pelipper\n|move|p2a: Pelipper|Hydro Pump|p1a: Ceruledge|[miss]\n|-miss|p2a: Pelipper|p1a: Ceruledge\n|\n|-weather|RainDance|[upkeep]\n|upkeep\n|turn|5\n|\n|t:|1781437565\n|cant|p1a: Ceruledge|par\n|move|p2a: Pelipper|Hydro Pump|p1a: Ceruledge\n|-supereffective|p1a: Ceruledge\n|-damage|p1a: Ceruledge|0 fnt\n|faint|p1a: Ceruledge\n|\n|-weather|RainDance|[upkeep]\n|upkeep\n|\n|t:|1781437568\n|switch|p1a: Lapras|Lapras, L87, M|367/367\n|turn|6\n|\n|t:|1781437578\n|switch|p2a: Pachirisu|Pachirisu, L96, M|172/271\n|move|p1a: Lapras|Dragon Dance|p1a: Lapras\n|-boost|p1a: Lapras|atk|1\n|-boost|p1a: Lapras|spe|1\n|\n|-weather|RainDance|[upkeep]\n|upkeep\n|turn|7\n|\n|t:|1781437593\n|-terastallize|p1a: Lapras|Ground\n|move|p2a: Pachirisu|Nuzzle|p1a: Lapras\n|-immune|p1a: Lapras\n|move|p1a: Lapras|Dragon Dance|p1a: Lapras\n|-boost|p1a: Lapras|atk|1\n|-boost|p1a: Lapras|spe|1\n|\n|-weather|none\n|upkeep\n|turn|8\n|\n|t:|1781437603\n|move|p1a: Lapras|Dragon Dance|p1a: Lapras\n|-boost|p1a: Lapras|atk|1\n|-boost|p1a: Lapras|spe|1\n|move|p2a: Pachirisu|U-turn|p1a: Lapras\n|-crit|p1a: Lapras\n|-damage|p1a: Lapras|304/367\n|\n|t:|1781437604\n|switch|p2a: Illumise|Illumise, L91, F|266/266|[from] U-turn\n|\n|upkeep\n|turn|9\n|\n|t:|1781437610\n|move|p2a: Illumise|Encore|p1a: Lapras\n|-start|p1a: Lapras|Encore\n|move|p1a: Lapras|Dragon Dance|p1a: Lapras\n|-boost|p1a: Lapras|atk|1\n|-boost|p1a: Lapras|spe|1\n|\n|upkeep\n|turn|10\n|\n|t:|1781437614\n|move|p1a: Lapras|Dragon Dance|p1a: Lapras\n|-boost|p1a: Lapras|atk|1\n|-boost|p1a: Lapras|spe|1\n|move|p2a: Illumise|Bug Buzz|p1a: Lapras\n|-damage|p1a: Lapras|225/367\n|\n|upkeep\n|turn|11\n|\n|t:|1781437622\n|switch|p1a: Muk|Muk, L86, M|321/321\n|move|p2a: Illumise|Bug Buzz|p1a: Muk\n|-resisted|p1a: Muk\n|-damage|p1a: Muk|279/321\n|\n|-heal|p1a: Muk|299/321|[from] item: Leftovers\n|upkeep\n|turn|12\n|\n|t:|1781437644\n|move|p2a: Illumise|Thunder Wave|p1a: Muk\n|-status|p1a: Muk|par\n|move|p1a: Muk|Knock Off|p2a: Illumise\n|-damage|p2a: Illumise|182/266\n|-enditem|p2a: Illumise|Heavy-Duty Boots|[from] move: Knock Off|[of] p1a: Muk\n|\n|-heal|p1a: Muk|319/321 par|[from] item: Leftovers\n|upkeep\n|turn|13\n|inactive|Battle timer is ON: inactive players will automatically lose when time's up. (requested by pagenfranskane)\n|\n|t:|1781437657\n|switch|p2a: Pelipper|Pelipper, L86, M|219/243\n|-weather|RainDance|[from] ability: Drizzle|[of] p2a: Pelipper\n|move|p1a: Muk|Toxic Spikes|p2a: Pelipper\n|-sidestart|p2: joebidenfan1245|move: Toxic Spikes\n|\n|-weather|RainDance|[upkeep]\n|-heal|p1a: Muk|321/321 par|[from] item: Leftovers\n|upkeep\n|turn|14\n|\n|t:|1781437667\n|move|p2a: Pelipper|Hurricane|p1a: Muk\n|-damage|p1a: Muk|221/321 par\n|-start|p1a: Muk|confusion\n|-activate|p1a: Muk|confusion\n|move|p1a: Muk|Toxic Spikes|p2a: Pelipper\n|-sidestart|p2: joebidenfan1245|move: Toxic Spikes\n|\n|-weather|RainDance|[upkeep]\n|-heal|p1a: Muk|241/321 par|[from] item: Leftovers\n|upkeep\n|turn|15\n|\n|t:|1781437676\n|move|p2a: Pelipper|Hurricane|p1a: Muk\n|-damage|p1a: Muk|130/321 par\n|-activate|p1a: Muk|confusion\n|-damage|p1a: Muk|97/321 par|[from] confusion\n|\n|-weather|RainDance|[upkeep]\n|-heal|p1a: Muk|117/321 par|[from] item: Leftovers\n|upkeep\n|turn|16\n|\n|t:|1781437682\n|move|p2a: Pelipper|Hurricane|p1a: Muk\n|-damage|p1a: Muk|3/321 par\n|-activate|p1a: Muk|confusion\n|move|p1a: Muk|Gunk Shot|p2a: Pelipper\n|-damage|p2a: Pelipper|101/243\n|\n|-weather|RainDance|[upkeep]\n|-heal|p1a: Muk|23/321 par|[from] item: Leftovers\n|upkeep\n|turn|17\n|\n|t:|1781437690\n|move|p2a: Pelipper|Hurricane|p1a: Muk\n|-damage|p1a: Muk|0 fnt\n|faint|p1a: Muk\n|\n|-weather|none\n|upkeep\n|\n|t:|1781437696\n|switch|p1a: Delphox|Delphox, L84, M|263/263\n|turn|18\n|\n|t:|1781437708\n|move|p1a: Delphox|Psyshock|p2a: Pelipper\n|-damage|p2a: Pelipper|0 fnt\n|faint|p2a: Pelipper\n|\n|upkeep\n|inactive|joebidenfan1245 has 120 seconds left.\n|\n|t:|1781437738\n|switch|p2a: Charizard|Charizard, L85, M|271/271\n|turn|19\n|\n|t:|1781437741\n|move|p1a: Delphox|Psyshock|p2a: Charizard\n|-damage|p2a: Charizard|108/271\n|move|p2a: Charizard|Earthquake|p1a: Delphox\n|-supereffective|p1a: Delphox\n|-crit|p1a: Delphox\n|-damage|p1a: Delphox|23/263\n|\n|upkeep\n|turn|20\n|inactive|joebidenfan1245 has 120 seconds left.\n|\n|t:|1781437772\n|switch|p2a: Illumise|Illumise, L91, F|182/266\n|-status|p2a: Illumise|tox\n|move|p1a: Delphox|Psyshock|p2a: Illumise\n|-damage|p2a: Illumise|31/266 tox\n|\n|-damage|p2a: Illumise|15/266 tox|[from] psn\n|upkeep\n|turn|21\n|\n|t:|1781437783\n|switch|p1a: Sableye|Sableye, L88, M|231/231\n|move|p2a: Illumise|Thunder Wave|p1a: Sableye\n|-hint|Since gen 7, Dark is immune to Prankster moves.\n|-immune|p1a: Sableye\n|\n|-damage|p2a: Illumise|0 fnt|[from] psn\n|faint|p2a: Illumise\n|upkeep\n|inactive|joebidenfan1245 has 90 seconds left.\n|\n|t:|1781437815\n|switch|p2a: Charizard|Charizard, L85, M|108/271\n|turn|22\n|\n|t:|1781437825\n|move|p2a: Charizard|Hurricane|p1a: Sableye|[miss]\n|-miss|p2a: Charizard|p1a: Sableye\n|move|p1a: Sableye|Knock Off|p2a: Charizard\n|-damage|p2a: Charizard|0 fnt\n|-enditem|p2a: Charizard|Heavy-Duty Boots|[from] move: Knock Off|[of] p1a: Sableye\n|faint|p2a: Charizard\n|\n|upkeep\n|inactive|joebidenfan1245 has 90 seconds left.\n|\n|t:|1781437840\n|switch|p2a: Meganium|Meganium, L90, F|290/290\n|-status|p2a: Meganium|tox\n|turn|23\n|\n|t:|1781437845\n|switch|p1a: Delphox|Delphox, L84, M|23/263\n|move|p2a: Meganium|Knock Off|p1a: Delphox\n|-supereffective|p1a: Delphox\n|-damage|p1a: Delphox|0 fnt\n|-enditem|p1a: Delphox|Choice Specs|[from] move: Knock Off|[of] p2a: Meganium\n|faint|p1a: Delphox\n|\n|-damage|p2a: Meganium|272/290 tox|[from] psn\n|upkeep\n|\n|t:|1781437849\n|switch|p1a: Sableye|Sableye, L88, M|231/231\n|turn|24\n|\n|t:|1781437853\n|move|p1a: Sableye|Encore|p2a: Meganium\n|-start|p2a: Meganium|Encore\n|move|p2a: Meganium|Knock Off|p1a: Sableye\n|-damage|p1a: Sableye|151/231\n|-enditem|p1a: Sableye|Leftovers|[from] move: Knock Off|[of] p2a: Meganium\n|\n|-heal|p2a: Meganium|290/290 tox|[from] item: Leftovers\n|-damage|p2a: Meganium|254/290 tox|[from] psn\n|upkeep\n|turn|25\n|\n|t:|1781437867\n|-terastallize|p2a: Meganium|Poison\n|move|p2a: Meganium|Knock Off|p1a: Sableye\n|-damage|p1a: Sableye|103/231\n|move|p1a: Sableye|Knock Off|p2a: Meganium\n|-damage|p2a: Meganium|167/290 tox\n|-enditem|p2a: Meganium|Leftovers|[from] move: Knock Off|[of] p1a: Sableye\n|\n|-damage|p2a: Meganium|113/290 tox|[from] psn\n|upkeep\n|turn|26\n|\n|t:|1781437875\n|switch|p2a: Pachirisu|Pachirisu, L96, M|172/271\n|-status|p2a: Pachirisu|tox\n|move|p1a: Sableye|Recover|p1a: Sableye\n|-heal|p1a: Sableye|219/231\n|\n|-damage|p2a: Pachirisu|156/271 tox|[from] psn\n|upkeep\n|turn|27\n|\n|t:|1781437882\n|switch|p1a: Lapras|Lapras, L87, M, tera:Ground|225/367\n|move|p2a: Pachirisu|Nuzzle|p1a: Lapras\n|-immune|p1a: Lapras\n|\n|-damage|p2a: Pachirisu|124/271 tox|[from] psn\n|upkeep\n|turn|28\n|\n|t:|1781437886\n|move|p2a: Pachirisu|U-turn|p1a: Lapras\n|-damage|p1a: Lapras|189/367\n|\n|t:|1781437889\n|switch|p2a: Meganium|Meganium, L90, F, tera:Poison|113/290 tox|[from] U-turn\n|-sideend|p2: joebidenfan1245|move: Toxic Spikes|[of] p2a: Meganium\n|move|p1a: Lapras|Dragon Dance|p1a: Lapras\n|-boost|p1a: Lapras|atk|1\n|-boost|p1a: Lapras|spe|1\n|\n|-damage|p2a: Meganium|95/290 tox|[from] psn\n|upkeep\n|turn|29\n|\n|t:|1781437893\n|move|p1a: Lapras|Earthquake|p2a: Meganium\n|-supereffective|p2a: Meganium\n|-damage|p2a: Meganium|0 fnt\n|faint|p2a: Meganium\n|\n|upkeep\n|\n|t:|1781437896\n|switch|p2a: Regidrago|Regidrago, L77|435/435\n|turn|30\n|\n|t:|1781437900\n|move|p1a: Lapras|Icicle Spear|p2a: Regidrago\n|-supereffective|p2a: Regidrago\n|-damage|p2a: Regidrago|307/435\n|-supereffective|p2a: Regidrago\n|-damage|p2a: Regidrago|191/435\n|-supereffective|p2a: Regidrago\n|-damage|p2a: Regidrago|57/435\n|-supereffective|p2a: Regidrago\n|-damage|p2a: Regidrago|0 fnt\n|faint|p2a: Regidrago\n|-hitcount|p2: Regidrago|4\n|\n|upkeep\n|-message|joebidenfan1245 forfeited.\n|\n|win|pagenfranskane\n", "uploadtime": 1781437509, "views": 5, "formatid": "gen9randombattle", "rating": null, "private": 0, "password": null}