{"id": "gen9randombattle-2631493638", "format": "[Gen 9] Random Battle", "players": ["f91swdg", "BafoDePiranha"], "log": "|j|\u2606f91swdg\n|j|\u2606BafoDePiranha\n|t:|1781392070\n|gametype|singles\n|player|p1|f91swdg|biker-gen4|2152\n|player|p2|BafoDePiranha|karen|2115\n|gen|9\n|tier|[Gen 9] Random Battle\n|rated|\n|rule|Species Clause: Limit one of each Pok\u00e9mon\n|rule|HP Percentage Mod: HP is shown in percentages\n|rule|Sleep Clause Mod: Limit one foe put to sleep\n|rule|Illusion Level Mod: Illusion disguises the Pok\u00e9mon's true level\n|\n|t:|1781392070\n|teamsize|p1|6\n|teamsize|p2|6\n|start\n|switch|p1a: Darkrai|Darkrai, L77|234/234\n|switch|p2a: Kommo-o|Kommo-o, L78, M|245/245\n|turn|1\n|inactive|Battle timer is ON: inactive players will automatically lose when time's up. (requested by f91swdg)\n|l|\u2606BafoDePiranha\n|inactive|BafoDePiranha disconnected and has a minute to reconnect!\n|player|p2|\n|j|\u2606BafoDePiranha\n|inactive|BafoDePiranha reconnected and has 140 seconds left.\n|player|p2|BafoDePiranha|karen|\n|\n|t:|1781392094\n|switch|p1a: Ribombee|Ribombee, L83, M|235/235\n|switch|p2a: Great Tusk|Great Tusk, L77|304/304\n|\n|upkeep\n|turn|2\n|\n|t:|1781392101\n|-end|p2a: Great Tusk|Protosynthesis|[silent]\n|switch|p2a: Eelektross|Eelektross, L87, F|290/290\n|move|p1a: Ribombee|Moonblast|p2a: Eelektross\n|-damage|p2a: Eelektross|227/290\n|-unboost|p2a: Eelektross|spa|1\n|\n|upkeep\n|turn|3\n|\n|t:|1781392111\n|move|p1a: Ribombee|Quiver Dance|p1a: Ribombee\n|-boost|p1a: Ribombee|spa|1\n|-boost|p1a: Ribombee|spd|1\n|-boost|p1a: Ribombee|spe|1\n|move|p2a: Eelektross|Discharge|p1a: Ribombee\n|-damage|p1a: Ribombee|183/235\n|\n|upkeep\n|turn|4\n|\n|t:|1781392116\n|move|p1a: Ribombee|Moonblast|p2a: Eelektross\n|-damage|p2a: Eelektross|134/290\n|-unboost|p2a: Eelektross|spa|1\n|move|p2a: Eelektross|U-turn|p1a: Ribombee\n|-resisted|p1a: Ribombee\n|-damage|p1a: Ribombee|144/235\n|\n|t:|1781392120\n|switch|p2a: Typhlosion|Typhlosion-Hisui, L83, M|257/257|[from] U-turn\n|\n|upkeep\n|turn|5\n|\n|t:|1781392127\n|-terastallize|p1a: Ribombee|Ground\n|move|p1a: Ribombee|Tera Blast|p2a: Typhlosion|[anim] Tera Blast Ground\n|-supereffective|p2a: Typhlosion\n|-damage|p2a: Typhlosion|0 fnt\n|faint|p2a: Typhlosion\n|\n|upkeep\n|\n|t:|1781392133\n|switch|p2a: Tropius|Tropius, L91, F|328/328\n|turn|6\n|\n|t:|1781392138\n|move|p1a: Ribombee|Bug Buzz|p2a: Tropius\n|-damage|p2a: Tropius|207/328\n|move|p2a: Tropius|Dragon Dance|p2a: Tropius\n|-boost|p2a: Tropius|atk|1\n|-boost|p2a: Tropius|spe|1\n|\n|upkeep\n|turn|7\n|\n|t:|1781392147\n|move|p1a: Ribombee|Moonblast|p2a: Tropius\n|-damage|p2a: Tropius|72/328\n|-unboost|p2a: Tropius|spa|1\n|-enditem|p2a: Tropius|Sitrus Berry|[eat]\n|-heal|p2a: Tropius|154/328|[from] item: Sitrus Berry\n|move|p2a: Tropius|Dual Wingbeat|p1a: Ribombee\n|-damage|p1a: Ribombee|65/235\n|-damage|p1a: Ribombee|0 fnt\n|faint|p1a: Ribombee\n|-hitcount|p1: Ribombee|2\n|\n|-item|p2a: Tropius|Sitrus Berry|[from] ability: Harvest\n|upkeep\n|-enditem|p2a: Tropius|Sitrus Berry|[eat]\n|-heal|p2a: Tropius|236/328|[from] item: Sitrus Berry\n|\n|t:|1781392152\n|switch|p1a: Noctowl|Noctowl, L95, M|344/344\n|turn|8\n|\n|t:|1781392164\n|move|p2a: Tropius|Dual Wingbeat|p1a: Noctowl\n|-damage|p1a: Noctowl|263/344\n|-damage|p1a: Noctowl|193/344\n|-hitcount|p1a: Noctowl|2\n|move|p1a: Noctowl|Hurricane|p2a: Tropius\n|-supereffective|p2a: Tropius\n|-damage|p2a: Tropius|0 fnt\n|faint|p2a: Tropius\n|\n|upkeep\n|\n|t:|1781392168\n|switch|p2a: Eelektross|Eelektross, L87, F|134/290\n|turn|9\n|\n|t:|1781392173\n|move|p1a: Noctowl|Hyper Voice|p2a: Eelektross\n|-damage|p2a: Eelektross|53/290\n|move|p2a: Eelektross|Discharge|p1a: Noctowl\n|-supereffective|p1a: Noctowl\n|-damage|p1a: Noctowl|25/344\n|-status|p1a: Noctowl|par\n|\n|upkeep\n|turn|10\n|\n|t:|1781392177\n|move|p2a: Eelektross|Discharge|p1a: Noctowl\n|-supereffective|p1a: Noctowl\n|-damage|p1a: Noctowl|0 fnt\n|faint|p1a: Noctowl\n|\n|upkeep\n|\n|t:|1781392189\n|switch|p1a: Zamazenta|Zamazenta, L71|248/248\n|-ability|p1a: Zamazenta|Dauntless Shield|boost\n|-boost|p1a: Zamazenta|def|1\n|turn|11\n|\n|t:|1781392194\n|move|p1a: Zamazenta|Body Press|p2a: Eelektross\n|-damage|p2a: Eelektross|0 fnt\n|faint|p2a: Eelektross\n|\n|upkeep\n|\n|t:|1781392215\n|switch|p2a: Kommo-o|Kommo-o, L78, M|245/245\n|turn|12\n|\n|t:|1781392222\n|move|p1a: Zamazenta|Body Press|p2a: Kommo-o\n|-damage|p2a: Kommo-o|157/245\n|move|p2a: Kommo-o|Clangorous Soul|p2a: Kommo-o\n|-boost|p2a: Kommo-o|atk|1\n|-boost|p2a: Kommo-o|def|1\n|-boost|p2a: Kommo-o|spa|1\n|-boost|p2a: Kommo-o|spd|1\n|-boost|p2a: Kommo-o|spe|1\n|-damage|p2a: Kommo-o|77/245\n|-enditem|p2a: Kommo-o|Throat Spray\n|-boost|p2a: Kommo-o|spa|1|[from] item: Throat Spray\n|\n|upkeep\n|turn|13\n|\n|t:|1781392225\n|move|p2a: Kommo-o|Drain Punch|p1a: Zamazenta\n|-damage|p1a: Zamazenta|176/248\n|-heal|p2a: Kommo-o|113/245|[from] drain|[of] p1a: Zamazenta\n|move|p1a: Zamazenta|Body Press|p2a: Kommo-o\n|-damage|p2a: Kommo-o|56/245\n|\n|-heal|p1a: Zamazenta|191/248|[from] item: Leftovers\n|upkeep\n|turn|14\n|\n|t:|1781392228\n|move|p2a: Kommo-o|Drain Punch|p1a: Zamazenta\n|-damage|p1a: Zamazenta|112/248\n|-heal|p2a: Kommo-o|96/245|[from] drain|[of] p1a: Zamazenta\n|move|p1a: Zamazenta|Iron Defense|p1a: Zamazenta\n|-boost|p1a: Zamazenta|def|2\n|\n|-heal|p1a: Zamazenta|127/248|[from] item: Leftovers\n|upkeep\n|turn|15\n|\n|t:|1781392231\n|move|p2a: Kommo-o|Drain Punch|p1a: Zamazenta\n|-crit|p1a: Zamazenta\n|-damage|p1a: Zamazenta|0 fnt\n|-heal|p2a: Kommo-o|160/245|[from] drain|[of] p1a: Zamazenta\n|faint|p1a: Zamazenta\n|\n|upkeep\n|\n|t:|1781392238\n|switch|p1a: Keldeo|Keldeo-Resolute, L79|273/273\n|turn|16\n|\n|t:|1781392240\n|move|p2a: Kommo-o|Drain Punch|p1a: Keldeo\n|-damage|p1a: Keldeo|147/273\n|-heal|p2a: Kommo-o|223/245|[from] drain|[of] p1a: Keldeo\n|move|p1a: Keldeo|Secret Sword|p2a: Kommo-o\n|-damage|p2a: Kommo-o|136/245\n|\n|upkeep\n|turn|17\n|-message|f91swdg forfeited.\n|\n|win|BafoDePiranha\n", "uploadtime": 1781392072, "views": 3, "formatid": "gen9randombattle", "rating": null, "private": 0, "password": null}