{"id": "gen9randombattle-2631530755", "format": "[Gen 9] Random Battle", "players": ["Gengarking1_24", "thegreyvans"], "log": "|j|\u2606Gengarking1_24\n|j|\u2606thegreyvans\n|t:|1781397304\n|gametype|singles\n|player|p1|Gengarking1_24|169|1235\n|player|p2|thegreyvans|crasherwake|1210\n|gen|9\n|tier|[Gen 9] Random Battle\n|rated|\n|rule|Species Clause: Limit one of each Pok\u00e9mon\n|rule|HP Percentage Mod: HP is shown in percentages\n|rule|Sleep Clause Mod: Limit one foe put to sleep\n|rule|Illusion Level Mod: Illusion disguises the Pok\u00e9mon's true level\n|\n|t:|1781397304\n|teamsize|p1|6\n|teamsize|p2|6\n|start\n|switch|p1a: Hitmonchan|Hitmonchan, L87, M|229/229\n|switch|p2a: Grimmsnarl|Grimmsnarl, L83, M|293/293\n|turn|1\n|\n|t:|1781397316\n|move|p2a: Grimmsnarl|Reflect|p2a: Grimmsnarl\n|-sidestart|p2: thegreyvans|Reflect\n|move|p1a: Hitmonchan|Poison Jab|p2a: Grimmsnarl\n|-supereffective|p2a: Grimmsnarl\n|-damage|p2a: Grimmsnarl|220/293\n|-status|p2a: Grimmsnarl|psn\n|\n|-damage|p2a: Grimmsnarl|184/293 psn|[from] psn\n|upkeep\n|turn|2\n|\n|t:|1781397332\n|switch|p1a: Comfey|Comfey, L85, M|225/225\n|-terastallize|p2a: Grimmsnarl|Steel\n|move|p2a: Grimmsnarl|Light Screen|p2a: Grimmsnarl\n|-sidestart|p2: thegreyvans|move: Light Screen\n|\n|-damage|p2a: Grimmsnarl|148/293 psn|[from] psn\n|upkeep\n|turn|3\n|\n|t:|1781397341\n|move|p1a: Comfey|Calm Mind|p1a: Comfey\n|-boost|p1a: Comfey|spa|1\n|-boost|p1a: Comfey|spd|1\n|move|p2a: Grimmsnarl|Spirit Break|p1a: Comfey\n|-damage|p1a: Comfey|138/225\n|-unboost|p1a: Comfey|spa|1\n|\n|-heal|p1a: Comfey|152/225|[from] item: Leftovers\n|-damage|p2a: Grimmsnarl|112/293 psn|[from] psn\n|upkeep\n|turn|4\n|\n|t:|1781397352\n|move|p1a: Comfey|Calm Mind|p1a: Comfey\n|-boost|p1a: Comfey|spa|1\n|-boost|p1a: Comfey|spd|1\n|move|p2a: Grimmsnarl|Spirit Break|p1a: Comfey\n|-damage|p1a: Comfey|68/225\n|-unboost|p1a: Comfey|spa|1\n|\n|-heal|p1a: Comfey|82/225|[from] item: Leftovers\n|-damage|p2a: Grimmsnarl|76/293 psn|[from] psn\n|upkeep\n|turn|5\n|inactive|Battle timer is ON: inactive players will automatically lose when time's up. (requested by Gengarking1_24)\n|\n|t:|1781397370\n|-terastallize|p1a: Comfey|Fairy\n|move|p1a: Comfey|Draining Kiss|p2a: Grimmsnarl\n|-resisted|p2a: Grimmsnarl\n|-damage|p2a: Grimmsnarl|55/293 psn\n|-heal|p1a: Comfey|98/225|[from] drain|[of] p2a: Grimmsnarl\n|move|p2a: Grimmsnarl|Parting Shot|p1a: Comfey\n|-unboost|p1a: Comfey|atk|1\n|-unboost|p1a: Comfey|spa|1\n|\n|t:|1781397383\n|switch|p2a: Vikavolt|Vikavolt, L83, M|263/263|[from] Parting Shot\n|\n|-heal|p1a: Comfey|112/225|[from] item: Leftovers\n|upkeep\n|turn|6\n|\n|t:|1781397394\n|move|p1a: Comfey|Calm Mind|p1a: Comfey\n|-boost|p1a: Comfey|spa|1\n|-boost|p1a: Comfey|spd|1\n|move|p2a: Vikavolt|Sticky Web|p1a: Comfey\n|-sidestart|p1: Gengarking1_24|move: Sticky Web\n|\n|-heal|p1a: Comfey|126/225|[from] item: Leftovers\n|upkeep\n|turn|7\n|\n|t:|1781397403\n|move|p1a: Comfey|Calm Mind|p1a: Comfey\n|-boost|p1a: Comfey|spa|1\n|-boost|p1a: Comfey|spd|1\n|move|p2a: Vikavolt|Volt Switch|p1a: Comfey\n|-damage|p1a: Comfey|101/225\n|\n|t:|1781397410\n|switch|p2a: Ursaluna|Ursaluna-Bloodmoon, L79, M|308/308|[from] Volt Switch\n|\n|-heal|p1a: Comfey|115/225|[from] item: Leftovers\n|upkeep\n|turn|8\n|\n|t:|1781397421\n|move|p1a: Comfey|Calm Mind|p1a: Comfey\n|-boost|p1a: Comfey|spa|1\n|-boost|p1a: Comfey|spd|1\n|move|p2a: Ursaluna|Blood Moon|p1a: Comfey\n|-damage|p1a: Comfey|78/225\n|\n|-heal|p1a: Comfey|92/225|[from] item: Leftovers\n|-sideend|p2: thegreyvans|Reflect\n|upkeep\n|turn|9\n|\n|t:|1781397435\n|move|p1a: Comfey|Giga Drain|p2a: Ursaluna\n|-supereffective|p2a: Ursaluna\n|-damage|p2a: Ursaluna|189/308\n|-heal|p1a: Comfey|152/225|[from] drain|[of] p2a: Ursaluna\n|move|p2a: Ursaluna|Earth Power|p1a: Comfey\n|-damage|p1a: Comfey|125/225\n|\n|-heal|p1a: Comfey|139/225|[from] item: Leftovers\n|-heal|p2a: Ursaluna|208/308|[from] item: Leftovers\n|-sideend|p2: thegreyvans|move: Light Screen\n|upkeep\n|turn|10\n|\n|t:|1781397449\n|switch|p2a: Trevenant|Trevenant, L89, M|296/296\n|move|p1a: Comfey|Calm Mind|p1a: Comfey\n|-boost|p1a: Comfey|spa|1\n|-boost|p1a: Comfey|spd|1\n|\n|-heal|p1a: Comfey|153/225|[from] item: Leftovers\n|upkeep\n|turn|11\n|\n|t:|1781397461\n|move|p1a: Comfey|Draining Kiss|p2a: Trevenant\n|-damage|p2a: Trevenant|92/296\n|-heal|p1a: Comfey|225/225|[from] drain|[of] p2a: Trevenant\n|move|p2a: Trevenant|Horn Leech|p1a: Comfey\n|-damage|p1a: Comfey|103/225\n|-heal|p2a: Trevenant|153/296|[from] drain|[of] p1a: Comfey\n|-damage|p2a: Trevenant|124/296|[from] item: Life Orb\n|\n|-heal|p1a: Comfey|117/225|[from] item: Leftovers\n|upkeep\n|turn|12\n|\n|t:|1781397473\n|move|p1a: Comfey|Draining Kiss|p2a: Trevenant\n|-damage|p2a: Trevenant|0 fnt\n|-heal|p1a: Comfey|210/225|[from] drain|[of] p2a: Trevenant\n|faint|p2a: Trevenant\n|\n|-heal|p1a: Comfey|224/225|[from] item: Leftovers\n|upkeep\n|\n|t:|1781397481\n|switch|p2a: Vikavolt|Vikavolt, L83, M|263/263\n|turn|13\n|\n|t:|1781397493\n|move|p1a: Comfey|Draining Kiss|p2a: Vikavolt\n|-damage|p2a: Vikavolt|23/263\n|-heal|p1a: Comfey|225/225|[from] drain|[of] p2a: Vikavolt\n|move|p2a: Vikavolt|Volt Switch|p1a: Comfey\n|-damage|p1a: Comfey|204/225\n|\n|t:|1781397501\n|switch|p2a: Zarude|Zarude, L77|288/288|[from] Volt Switch\n|\n|-heal|p1a: Comfey|218/225|[from] item: Leftovers\n|upkeep\n|turn|14\n|\n|t:|1781397513\n|move|p1a: Comfey|Draining Kiss|p2a: Zarude\n|-supereffective|p2a: Zarude\n|-damage|p2a: Zarude|0 fnt\n|-heal|p1a: Comfey|225/225|[from] drain|[of] p2a: Zarude\n|faint|p2a: Zarude\n|\n|upkeep\n|\n|t:|1781397520\n|switch|p2a: Volcarona|Volcarona, L77, M|257/257\n|turn|15\n|inactive|Gengarking1_24 has 120 seconds left.\n|\n|t:|1781397553\n|move|p1a: Comfey|Stored Power|p2a: Volcarona\n|-damage|p2a: Volcarona|0 fnt\n|faint|p2a: Volcarona\n|\n|upkeep\n|\n|t:|1781397561\n|switch|p2a: Vikavolt|Vikavolt, L83, M|23/263\n|turn|16\n|\n|t:|1781397566\n|move|p1a: Comfey|Draining Kiss|p2a: Vikavolt\n|-damage|p2a: Vikavolt|0 fnt\n|faint|p2a: Vikavolt\n|\n|upkeep\n|-message|thegreyvans forfeited.\n|\n|win|Gengarking1_24\n|raw|Gengarking1_24's rating: 1235 &rarr; <strong>1258</strong><br />(+23 for winning)\n|raw|thegreyvans's rating: 1210 &rarr; <strong>1187</strong><br />(-23 for losing)\n|l|\u2606thegreyvans\n|player|p2|\n", "uploadtime": 1781397573, "views": 8, "formatid": "gen9randombattle", "rating": 1187, "private": 0, "password": null}