{"id": "gen9randombattle-2631431926", "format": "[Gen 9] Random Battle", "players": ["Zanka neli", "DivoToppp"], "log": "|j|\u2606Zanka neli\n|j|\u2606DivoToppp\n|t:|1781383903\n|gametype|singles\n|player|p1|Zanka neli|giovanni|\n|player|p2|DivoToppp|hilbert|\n|gen|9\n|tier|[Gen 9] Random Battle\n|rule|Species Clause: Limit one of each Pok\u00e9mon\n|rule|HP Percentage Mod: HP is shown in percentages\n|rule|Sleep Clause Mod: Limit one foe put to sleep\n|rule|Illusion Level Mod: Illusion disguises the Pok\u00e9mon's true level\n|\n|t:|1781383903\n|teamsize|p1|6\n|teamsize|p2|6\n|start\n|switch|p1a: Cinccino|Cinccino, L83, F|260/260\n|switch|p2a: Archaludon|Archaludon, L78, F|268/268\n|turn|1\n|inactive|Battle timer is ON: inactive players will automatically lose when time's up. (requested by Zanka neli)\n|\n|t:|1781383928\n|move|p1a: Cinccino|Bullet Seed|p2a: Archaludon\n|-resisted|p2a: Archaludon\n|-damage|p2a: Archaludon|264/268\n|-ability|p2a: Archaludon|Stamina|boost\n|-boost|p2a: Archaludon|def|1\n|-resisted|p2a: Archaludon\n|-damage|p2a: Archaludon|261/268\n|-ability|p2a: Archaludon|Stamina|boost\n|-boost|p2a: Archaludon|def|1\n|-resisted|p2a: Archaludon\n|-damage|p2a: Archaludon|259/268\n|-ability|p2a: Archaludon|Stamina|boost\n|-boost|p2a: Archaludon|def|1\n|-resisted|p2a: Archaludon\n|-damage|p2a: Archaludon|257/268\n|-ability|p2a: Archaludon|Stamina|boost\n|-boost|p2a: Archaludon|def|1\n|-hitcount|p2a: Archaludon|4\n|move|p2a: Archaludon|Body Press|p1a: Cinccino\n|-supereffective|p1a: Cinccino\n|-damage|p1a: Cinccino|0 fnt\n|faint|p1a: Cinccino\n|\n|upkeep\n|\n|t:|1781383955\n|switch|p1a: Dragapult|Dragapult, L77, M|262/262\n|turn|2\n|\n|t:|1781383968\n|move|p1a: Dragapult|Fire Blast|p2a: Archaludon\n|-damage|p2a: Archaludon|175/268\n|-ability|p2a: Archaludon|Stamina|boost\n|-boost|p2a: Archaludon|def|1\n|move|p2a: Archaludon|Flash Cannon|p1a: Dragapult\n|-damage|p1a: Dragapult|156/262\n|\n|upkeep\n|turn|3\n|\n|t:|1781383979\n|move|p1a: Dragapult|Fire Blast|p2a: Archaludon\n|-damage|p2a: Archaludon|91/268\n|-ability|p2a: Archaludon|Stamina|boost\n|-boost|p2a: Archaludon|def|1\n|move|p2a: Archaludon|Draco Meteor|p1a: Dragapult\n|-supereffective|p1a: Dragapult\n|-damage|p1a: Dragapult|0 fnt\n|-unboost|p2a: Archaludon|spa|2\n|faint|p1a: Dragapult\n|\n|upkeep\n|\n|t:|1781383993\n|switch|p1a: Umbreon|Umbreon, L84, M|297/297\n|turn|4\n|\n|t:|1781384002\n|-terastallize|p2a: Archaludon|Fighting\n|move|p1a: Umbreon|Protect|p1a: Umbreon\n|-singleturn|p1a: Umbreon|Protect\n|move|p2a: Archaludon|Body Press|p1a: Umbreon\n|-activate|p1a: Umbreon|move: Protect\n|\n|upkeep\n|turn|5\n|\n|t:|1781384011\n|move|p2a: Archaludon|Body Press|p1a: Umbreon\n|-supereffective|p1a: Umbreon\n|-damage|p1a: Umbreon|0 fnt\n|faint|p1a: Umbreon\n|\n|upkeep\n|\n|t:|1781384015\n|switch|p1a: Iron Boulder|Iron Boulder, L77|265/265\n|-enditem|p1a: Iron Boulder|Booster Energy\n|-activate|p1a: Iron Boulder|ability: Quark Drive|[fromitem]\n|-start|p1a: Iron Boulder|quarkdrivespe\n|turn|6\n|\n|t:|1781384026\n|move|p1a: Iron Boulder|Zen Headbutt|p2a: Archaludon\n|-supereffective|p2a: Archaludon\n|-damage|p2a: Archaludon|59/268\n|move|p2a: Archaludon|Body Press|p1a: Iron Boulder\n|-damage|p1a: Iron Boulder|0 fnt\n|faint|p1a: Iron Boulder\n|-end|p1a: Iron Boulder|Quark Drive|[silent]\n|\n|upkeep\n|\n|t:|1781384034\n|switch|p1a: Oinkologne|Oinkologne, L92, M|352/352\n|turn|7\n|\n|t:|1781384038\n|move|p2a: Archaludon|Body Press|p1a: Oinkologne\n|-supereffective|p1a: Oinkologne\n|-damage|p1a: Oinkologne|0 fnt\n|faint|p1a: Oinkologne\n|\n|upkeep\n|\n|t:|1781384044\n|switch|p1a: Floatzel|Floatzel, L86, M|286/286\n|turn|8\n|\n|t:|1781384050\n|move|p1a: Floatzel|Wave Crash|p2a: Archaludon\n|-damage|p2a: Archaludon|32/268\n|-damage|p1a: Floatzel|277/286|[from] Recoil\n|move|p2a: Archaludon|Body Press|p1a: Floatzel\n|-damage|p1a: Floatzel|0 fnt\n|faint|p1a: Floatzel\n|\n|win|DivoToppp\n|l|\u2606DivoToppp\n|player|p2|\n|j|\u2606DivoToppp\n|player|p2|DivoToppp|hilbert|\n|l|\u2606Zanka neli\n|player|p1|\n", "uploadtime": 1781384244, "views": 11, "formatid": "gen9randombattle", "rating": null, "private": 0, "password": null}