{"id": "gen9randombattle-2631521143", "format": "[Gen 9] Random Battle", "players": ["ellierriez", "alexerries"], "log": "|j|\u2606ellierriez\n|j|\u2606alexerries\n|t:|1781395966\n|gametype|singles\n|player|p1|ellierriez|parasollady-gen4|\n|player|p2|alexerries|whitney|\n|gen|9\n|tier|[Gen 9] Random Battle\n|rule|Species Clause: Limit one of each Pok\u00e9mon\n|rule|HP Percentage Mod: HP is shown in percentages\n|rule|Sleep Clause Mod: Limit one foe put to sleep\n|rule|Illusion Level Mod: Illusion disguises the Pok\u00e9mon's true level\n|\n|t:|1781395966\n|teamsize|p1|6\n|teamsize|p2|6\n|start\n|switch|p1a: Serperior|Serperior, L79, M|248/248\n|switch|p2a: Greninja|Greninja, L80, M|246/246\n|turn|1\n|c|\u2606alexerries|!weakness serperior\n|c| alexerries|/raw <div class=\"infobox\">Serperior (ignoring abilities):<br /><span class=\"message-effect-weak\">Weaknesses</span>: Bug, Fire, Flying, Ice, Poison<br /><span class=\"message-effect-resist\">Resistances</span>: Electric, Grass, Ground, Water<br /><span class=\"message-effect-immune\">Immunities</span>: Powder moves</div>\n|c|\u2606ellierriez|OH WAIT\n|c|\u2606ellierriez|HI\n|c|\u2606ellierriez|!weakness Grenninja\nNo Pok\u00e9mon or type named 'Grenninja' was found. Searching for 'Greninja' instead.\n|c| ellierriez|/raw <div class=\"infobox\">Greninja (ignoring abilities):<br /><span class=\"message-effect-weak\">Weaknesses</span>: Bug, Electric, Fairy, Fighting, Grass<br /><span class=\"message-effect-resist\">Resistances</span>: Dark, Fire, Ghost, Ice, Steel, Water<br /><span class=\"message-effect-immune\">Immunities</span>: Psychic, Prankster</div>\n|\n|t:|1781396236\n|move|p2a: Greninja|Ice Beam|p1a: Serperior\n|-supereffective|p1a: Serperior\n|-damage|p1a: Serperior|89/248\n|-damage|p2a: Greninja|222/246|[from] item: Life Orb\n|move|p1a: Serperior|Leaf Storm|p2a: Greninja\n|-supereffective|p2a: Greninja\n|-damage|p2a: Greninja|0 fnt\n|-boost|p1a: Serperior|spa|2\n|faint|p2a: Greninja\n|-damage|p1a: Serperior|65/248|[from] item: Life Orb\n|\n|upkeep\n|\n|t:|1781396272\n|switch|p2a: Serperior|Serperior, L79, F|248/248\n|turn|2\n|\n|t:|1781396295\n|move|p1a: Serperior|Glare|p2a: Serperior\n|-status|p2a: Serperior|par\n|move|p2a: Serperior|Leech Seed|p1a: Serperior\n|-immune|p1a: Serperior\n|\n|upkeep\n|turn|3\n|\n|t:|1781396352\n|move|p1a: Serperior|Leaf Storm|p2a: Serperior\n|-resisted|p2a: Serperior\n|-damage|p2a: Serperior|119/248 par\n|-boost|p1a: Serperior|spa|2\n|-damage|p1a: Serperior|41/248|[from] item: Life Orb\n|move|p2a: Serperior|Tera Blast|p1a: Serperior\n|-damage|p1a: Serperior|2/248\n|\n|-heal|p2a: Serperior|134/248 par|[from] item: Leftovers\n|upkeep\n|turn|4\n|c|\u2606ellierriez|MY LUCK\n|c|\u2606ellierriez|WOAH\n|\n|t:|1781396474\n|move|p1a: Serperior|Leaf Storm|p2a: Serperior\n|-resisted|p2a: Serperior\n|-damage|p2a: Serperior|0 fnt\n|-boost|p1a: Serperior|spa|2\n|faint|p2a: Serperior\n|-damage|p1a: Serperior|0 fnt|[from] item: Life Orb\n|faint|p1a: Serperior\n|\n|upkeep\n|c|\u2606ellierriez|IM DAYING\n|c|\u2606alexerries|I CANT\n|\n|t:|1781396525\n|switch|p1a: Mamoswine|Mamoswine, L81, F|311/311\n|switch|p2a: Swalot|Swalot, L90, M|326/326\n|turn|5\n|c|\u2606alexerries|THATS UGLY\n|c|\u2606alexerries|BOTH ARE\n|c|\u2606ellierriez|FR\n|\n|t:|1781396576\n|move|p1a: Mamoswine|Earthquake|p2a: Swalot\n|-supereffective|p2a: Swalot\n|-damage|p2a: Swalot|6/326\n|-damage|p1a: Mamoswine|280/311|[from] item: Life Orb\n|move|p2a: Swalot|Knock Off|p1a: Mamoswine\n|-damage|p1a: Mamoswine|202/311\n|-enditem|p1a: Mamoswine|Life Orb|[from] move: Knock Off|[of] p2a: Swalot\n|\n|-heal|p2a: Swalot|26/326|[from] item: Leftovers\n|upkeep\n|turn|6\n|c|\u2606ellierriez|RAT UR SO LUCKY\n|\n|t:|1781396635\n|switch|p2a: Krookodile|Krookodile, L79, F|280/280\n|-ability|p2a: Krookodile|Intimidate|boost\n|-unboost|p1a: Mamoswine|atk|1\n|move|p1a: Mamoswine|Earthquake|p2a: Krookodile\n|-damage|p2a: Krookodile|183/280\n|\n|-heal|p2a: Krookodile|200/280|[from] item: Leftovers\n|upkeep\n|turn|7\n|\n|t:|1781396684\n|move|p2a: Krookodile|Gunk Shot|p1a: Mamoswine\n|-resisted|p1a: Mamoswine\n|-damage|p1a: Mamoswine|151/311\n|-status|p1a: Mamoswine|psn\n|move|p1a: Mamoswine|Icicle Crash|p2a: Krookodile\n|-supereffective|p2a: Krookodile\n|-damage|p2a: Krookodile|50/280\n|\n|-heal|p2a: Krookodile|67/280|[from] item: Leftovers\n|-damage|p1a: Mamoswine|113/311 psn|[from] psn\n|upkeep\n|turn|8\n|\n|t:|1781396708\n|move|p1a: Mamoswine|Ice Shard|p2a: Krookodile\n|-supereffective|p2a: Krookodile\n|-damage|p2a: Krookodile|0 fnt\n|faint|p2a: Krookodile\n|\n|-damage|p1a: Mamoswine|75/311 psn|[from] psn\n|upkeep\n|\n|t:|1781396743\n|switch|p2a: Swalot|Swalot, L90, M|26/326\n|turn|9\n|\n|t:|1781396752\n|move|p1a: Mamoswine|Ice Shard|p2a: Swalot\n|-damage|p2a: Swalot|0 fnt\n|faint|p2a: Swalot\n|\n|-damage|p1a: Mamoswine|37/311 psn|[from] psn\n|upkeep\n|\n|t:|1781396783\n|switch|p2a: Ribombee|Ribombee, L83, M|235/235\n|turn|10\n|\n|t:|1781396823\n|switch|p1a: Blaziken|Blaziken, L76, M|247/247\n|move|p2a: Ribombee|Moonblast|p1a: Blaziken\n|-damage|p1a: Blaziken|118/247\n|\n|upkeep\n|turn|11\n|\n|t:|1781396836\n|-terastallize|p1a: Blaziken|Dark\n|move|p2a: Ribombee|Moonblast|p1a: Blaziken\n|-supereffective|p1a: Blaziken\n|-damage|p1a: Blaziken|0 fnt\n|faint|p1a: Blaziken\n|\n|upkeep\n|c|\u2606ellierriez|U LITTLE M\n|c|\u2606ellierriez|MF\n|c|\u2606alexerries|I CANT\n|\n|t:|1781396893\n|switch|p1a: Glastrier|Glastrier, L86|312/312\n|turn|12\n|\n|t:|1781396909\n|move|p2a: Ribombee|Moonblast|p1a: Glastrier\n|-damage|p1a: Glastrier|237/312\n|move|p1a: Glastrier|Heavy Slam|p2a: Ribombee\n|-supereffective|p2a: Ribombee\n|-damage|p2a: Ribombee|0 fnt\n|faint|p2a: Ribombee\n|-ability|p1a: Glastrier|Chilling Neigh|boost\n|-boost|p1a: Glastrier|atk|1\n|\n|upkeep\n|c|\u2606ellierriez|PEAK\n|\n|t:|1781396918\n|switch|p2a: Pachirisu|Pachirisu, L96, F|271/271\n|turn|13\n|\n|t:|1781396929\n|-terastallize|p2a: Pachirisu|Flying\n|move|p2a: Pachirisu|U-turn|p1a: Glastrier\n|-crit|p1a: Glastrier\n|-damage|p1a: Glastrier|197/312\n|move|p1a: Glastrier|High Horsepower|p2a: Pachirisu\n|-immune|p2a: Pachirisu\n|\n|upkeep\n|turn|14\n|c|\u2606ellierriez|LUCKY\n|\n|t:|1781396942\n|move|p2a: Pachirisu|Discharge|p1a: Glastrier\n|-damage|p1a: Glastrier|143/312\n|-status|p1a: Glastrier|par\n|move|p1a: Glastrier|Icicle Crash|p2a: Pachirisu\n|-supereffective|p2a: Pachirisu\n|-damage|p2a: Pachirisu|0 fnt\n|faint|p2a: Pachirisu\n|\n|win|ellierriez\n|l|\u2606alexerries\n|player|p2|\n", "uploadtime": 1781397686, "views": 20, "formatid": "gen9randombattle", "rating": null, "private": 0, "password": null}