{"id": "gen9randombattle-2631939327", "format": "[Gen 9] Random Battle", "players": ["god king raidriar", "Aminator3000"], "log": "|j|\u2606god king raidriar\n|j|\u2606Aminator3000\n|t:|1781457841\n|gametype|singles\n|player|p1|god king raidriar|170|1927\n|player|p2|Aminator3000|veteran|1936\n|gen|9\n|tier|[Gen 9] Random Battle\n|rated|\n|rule|Species Clause: Limit one of each Pok\u00e9mon\n|rule|HP Percentage Mod: HP is shown in percentages\n|rule|Sleep Clause Mod: Limit one foe put to sleep\n|rule|Illusion Level Mod: Illusion disguises the Pok\u00e9mon's true level\n|\n|t:|1781457841\n|teamsize|p1|6\n|teamsize|p2|6\n|start\n|switch|p1a: Scrafty|Scrafty, L83, M|244/244\n|switch|p2a: Wugtrio|Wugtrio, L91, M|212/212\n|turn|1\n|inactive|Battle timer is ON: inactive players will automatically lose when time's up. (requested by Aminator3000)\n|\n|t:|1781457848\n|move|p2a: Wugtrio|Liquidation|p1a: Scrafty\n|-damage|p1a: Scrafty|118/244\n|move|p1a: Scrafty|Drain Punch|p2a: Wugtrio\n|-damage|p2a: Wugtrio|118/212\n|-heal|p1a: Scrafty|165/244|[from] drain|[of] p2a: Wugtrio\n|-ability|p2a: Wugtrio|Gooey\n|-unboost|p1a: Scrafty|spe|1\n|\n|-heal|p1a: Scrafty|180/244|[from] item: Leftovers\n|upkeep\n|turn|2\n|\n|t:|1781457876\n|move|p2a: Wugtrio|Liquidation|p1a: Scrafty\n|-damage|p1a: Scrafty|38/244\n|move|p1a: Scrafty|Knock Off|p2a: Wugtrio\n|-damage|p2a: Wugtrio|0 fnt\n|-ability|p2a: Wugtrio|Gooey\n|-unboost|p1a: Scrafty|spe|1\n|-enditem|p2a: Wugtrio|Choice Band|[from] move: Knock Off|[of] p1a: Scrafty\n|faint|p2a: Wugtrio\n|\n|-heal|p1a: Scrafty|53/244|[from] item: Leftovers\n|upkeep\n|\n|t:|1781457895\n|switch|p2a: Exeggutor|Exeggutor, L89, F|312/312\n|turn|3\n|inactive|god king raidriar has 120 seconds left.\n|\n|t:|1781457926\n|switch|p1a: Dodrio|Dodrio, L85, F|241/241\n|move|p2a: Exeggutor|Giga Drain|p1a: Dodrio\n|-resisted|p1a: Dodrio\n|-damage|p1a: Dodrio|175/241\n|\n|upkeep\n|turn|4\n|\n|t:|1781457943\n|move|p1a: Dodrio|Brave Bird|p2a: Exeggutor\n|-supereffective|p2a: Exeggutor\n|-damage|p2a: Exeggutor|0 fnt\n|faint|p2a: Exeggutor\n|-damage|p1a: Dodrio|72/241|[from] Recoil\n|\n|upkeep\n|\n|t:|1781457953\n|switch|p2a: Braviary|Braviary, L85, M|309/309\n|turn|5\n|\n|t:|1781457961\n|move|p1a: Dodrio|Brave Bird|p2a: Braviary\n|-damage|p2a: Braviary|74/309\n|-damage|p1a: Dodrio|0 fnt|[from] Recoil\n|faint|p1a: Dodrio\n|move|p2a: Braviary|Roost|p2a: Braviary\n|-heal|p2a: Braviary|229/309\n|-singleturn|p2a: Braviary|move: Roost\n|\n|upkeep\n|\n|t:|1781457966\n|switch|p1a: Chien-Pao|Chien-Pao, L72|234/234\n|-ability|p1a: Chien-Pao|Sword of Ruin\n|turn|6\n|\n|t:|1781457982\n|-terastallize|p2a: Braviary|Fighting\n|move|p1a: Chien-Pao|Icicle Crash|p2a: Braviary\n|-damage|p2a: Braviary|40/309\n|move|p2a: Braviary|Close Combat|p1a: Chien-Pao\n|-supereffective|p1a: Chien-Pao\n|-damage|p1a: Chien-Pao|0 fnt\n|-unboost|p2a: Braviary|def|1\n|-unboost|p2a: Braviary|spd|1\n|faint|p1a: Chien-Pao\n|\n|upkeep\n|\n|t:|1781457996\n|switch|p1a: Deoxys|Deoxys-Speed, L82|216/216\n|-ability|p1a: Deoxys|Pressure\n|turn|7\n|\n|t:|1781458004\n|switch|p2a: Oranguru|Oranguru, L92, M|315/315\n|move|p1a: Deoxys|Nasty Plot|p1a: Deoxys\n|-boost|p1a: Deoxys|spa|2\n|\n|upkeep\n|turn|8\n|\n|t:|1781458014\n|-terastallize|p1a: Deoxys|Dark\n|move|p1a: Deoxys|Dark Pulse|p2a: Oranguru\n|-supereffective|p2a: Oranguru\n|-damage|p2a: Oranguru|0 fnt\n|faint|p2a: Oranguru\n|-damage|p1a: Deoxys|195/216|[from] item: Life Orb\n|\n|upkeep\n|\n|t:|1781458025\n|switch|p2a: Bombirdier|Bombirdier, L85, F|258/258\n|turn|9\n|\n|t:|1781458030\n|move|p1a: Deoxys|Focus Blast|p2a: Bombirdier\n|-damage|p2a: Bombirdier|51/258\n|-damage|p1a: Deoxys|174/216|[from] item: Life Orb\n|move|p2a: Bombirdier|U-turn|p1a: Deoxys\n|-supereffective|p1a: Deoxys\n|-damage|p1a: Deoxys|64/216\n|\n|t:|1781458043\n|switch|p2a: Braviary|Braviary, L85, M, tera:Fighting|40/309|[from] U-turn\n|\n|upkeep\n|turn|10\n|c|\u2606god king raidriar|ill kill you\n|\n|t:|1781458050\n|move|p1a: Deoxys|Dark Pulse|p2a: Braviary\n|-resisted|p2a: Braviary\n|-damage|p2a: Braviary|0 fnt\n|faint|p2a: Braviary\n|-damage|p1a: Deoxys|43/216|[from] item: Life Orb\n|\n|upkeep\n|\n|t:|1781458056\n|switch|p2a: Banette|Banette, L93, M|270/270\n|turn|11\n|\n|t:|1781458061\n|move|p2a: Banette|Shadow Sneak|p1a: Deoxys\n|-resisted|p1a: Deoxys\n|-damage|p1a: Deoxys|1/216\n|-damage|p2a: Banette|243/270|[from] item: Life Orb\n|move|p1a: Deoxys|Dark Pulse|p2a: Banette\n|-supereffective|p2a: Banette\n|-damage|p2a: Banette|0 fnt\n|-start|p1a: Deoxys|Disable|Dark Pulse|[from] ability: Cursed Body|[of] p2a: Banette\n|faint|p2a: Banette\n|-damage|p1a: Deoxys|0 fnt|[from] item: Life Orb\n|faint|p1a: Deoxys\n|\n|upkeep\n|-message|Aminator3000 forfeited.\n|\n|win|god king raidriar\n", "uploadtime": 1781457843, "views": 3, "formatid": "gen9randombattle", "rating": null, "private": 0, "password": null}