{"id": "gen9randombattle-2631519491", "format": "[Gen 9] Random Battle", "players": ["phantasmiccat", "f91swdg"], "log": "|badge|p1|bronze|gen9ru|100-9\n|uhtml|medal-msg|<div class=\"broadcast-blue\">Curious what those medals under the avatar are? PS now has Ladder Seasons! For more information, check out the <a href=\"https://www.smogon.com/forums/threads/3740067/\">thread on Smogon.</a></div>\n|j|\u2606phantasmiccat\n|j|\u2606f91swdg\n|t:|1781395731\n|gametype|singles\n|player|p1|phantasmiccat|miku-grass|2281\n|player|p2|f91swdg|biker-gen4|2184\n|gen|9\n|tier|[Gen 9] Random Battle\n|rated|\n|rule|Species Clause: Limit one of each Pok\u00e9mon\n|rule|HP Percentage Mod: HP is shown in percentages\n|rule|Sleep Clause Mod: Limit one foe put to sleep\n|rule|Illusion Level Mod: Illusion disguises the Pok\u00e9mon's true level\n|\n|t:|1781395731\n|teamsize|p1|6\n|teamsize|p2|6\n|start\n|switch|p1a: Deoxys|Deoxys, L74|196/196\n|switch|p2a: Rotom|Rotom-Mow, L87|229/229\n|-ability|p1a: Deoxys|Pressure\n|turn|1\n|inactive|Battle timer is ON: inactive players will automatically lose when time's up. (requested by f91swdg)\n|\n|t:|1781395754\n|switch|p1a: Eelektross|Eelektross, L87, F|290/290\n|move|p2a: Rotom|Thunderbolt|p1a: Eelektross\n|-resisted|p1a: Eelektross\n|-damage|p1a: Eelektross|251/290\n|\n|upkeep\n|turn|2\n|\n|t:|1781395764\n|switch|p2a: Gastrodon|Gastrodon, L86, F|331/331\n|move|p1a: Eelektross|U-turn|p2a: Gastrodon\n|-damage|p2a: Gastrodon|261/331\n|\n|t:|1781395775\n|switch|p1a: Thundurus|Thundurus-Therian, L80, M|258/258|[from] U-turn\n|\n|-heal|p2a: Gastrodon|281/331|[from] item: Leftovers\n|upkeep\n|turn|3\n|\n|t:|1781395781\n|move|p1a: Thundurus|Grass Knot|p2a: Gastrodon\n|-supereffective|p2a: Gastrodon\n|-damage|p2a: Gastrodon|69/331\n|move|p2a: Gastrodon|Ice Beam|p1a: Thundurus\n|-supereffective|p1a: Thundurus\n|-damage|p1a: Thundurus|124/258\n|\n|-heal|p2a: Gastrodon|89/331|[from] item: Leftovers\n|upkeep\n|turn|4\n|\n|t:|1781395789\n|switch|p2a: Rotom|Rotom-Mow, L87|229/229\n|move|p1a: Thundurus|Grass Knot|p2a: Rotom\n|-resisted|p2a: Rotom\n|-damage|p2a: Rotom|221/229\n|\n|upkeep\n|turn|5\n|\n|t:|1781395813\n|switch|p1a: Eelektross|Eelektross, L87, F|251/290\n|move|p2a: Rotom|Leaf Storm|p1a: Eelektross\n|-damage|p1a: Eelektross|134/290\n|-unboost|p2a: Rotom|spa|2\n|\n|upkeep\n|turn|6\n|\n|t:|1781395818\n|move|p2a: Rotom|Leaf Storm|p1a: Eelektross\n|-damage|p1a: Eelektross|79/290\n|-unboost|p2a: Rotom|spa|2\n|move|p1a: Eelektross|U-turn|p2a: Rotom\n|-supereffective|p2a: Rotom\n|-damage|p2a: Rotom|117/229\n|\n|t:|1781395826\n|switch|p1a: Dragonite|Dragonite, L74, M|257/257|[from] U-turn\n|\n|upkeep\n|turn|7\n|\n|t:|1781395833\n|switch|p2a: Lapras|Lapras, L87, F|367/367\n|move|p1a: Dragonite|Dragon Dance|p1a: Dragonite\n|-boost|p1a: Dragonite|atk|1\n|-boost|p1a: Dragonite|spe|1\n|\n|upkeep\n|turn|8\n|\n|t:|1781395846\n|switch|p2a: Rotom|Rotom-Mow, L87|117/229\n|-terastallize|p1a: Dragonite|Steel\n|move|p1a: Dragonite|Dragon Dance|p1a: Dragonite\n|-boost|p1a: Dragonite|atk|1\n|-boost|p1a: Dragonite|spe|1\n|\n|upkeep\n|turn|9\n|\n|t:|1781395853\n|move|p1a: Dragonite|Outrage|p2a: Rotom\n|-damage|p2a: Rotom|0 fnt\n|faint|p2a: Rotom\n|\n|upkeep\n|inactive|f91swdg has 120 seconds left.\n|inactive|f91swdg has 90 seconds left.\n|j| rufoush\n|inactive|f91swdg has 60 seconds left.\n|\n|t:|1781395947\n|switch|p2a: Lapras|Lapras, L87, F|367/367\n|turn|10\n|\n|t:|1781395966\n|-terastallize|p2a: Lapras|Ground\n|move|p1a: Dragonite|Outrage|p2a: Lapras|[from] lockedmove\n|-damage|p2a: Lapras|115/367\n|move|p2a: Lapras|Earthquake|p1a: Dragonite\n|-supereffective|p1a: Dragonite\n|-damage|p1a: Dragonite|151/257\n|\n|upkeep\n|turn|11\n|\n|t:|1781395974\n|move|p1a: Dragonite|Outrage|p2a: Lapras|[from] lockedmove\n|-damage|p2a: Lapras|0 fnt\n|faint|p2a: Lapras\n|-start|p1a: Dragonite|confusion|[fatigue]\n|\n|upkeep\n|\n|t:|1781395976\n|switch|p2a: Tyranitar|Tyranitar, L78, F|284/284\n|-weather|Sandstorm|[from] ability: Sand Stream|[of] p2a: Tyranitar\n|turn|12\n|\n|t:|1781395979\n|-activate|p1a: Dragonite|confusion\n|-damage|p1a: Dragonite|90/257|[from] confusion\n|move|p2a: Tyranitar|Earthquake|p1a: Dragonite\n|-supereffective|p1a: Dragonite\n|-damage|p1a: Dragonite|0 fnt\n|faint|p1a: Dragonite\n|\n|-weather|Sandstorm|[upkeep]\n|upkeep\n|\n|t:|1781395991\n|switch|p1a: Deoxys|Deoxys, L74|196/196\n|-ability|p1a: Deoxys|Pressure\n|turn|13\n|\n|t:|1781395996\n|switch|p2a: Gastrodon|Gastrodon, L86, F|89/331\n|move|p1a: Deoxys|Superpower|p2a: Gastrodon\n|-damage|p2a: Gastrodon|0 fnt\n|-unboost|p1a: Deoxys|atk|1\n|-unboost|p1a: Deoxys|def|1\n|faint|p2a: Gastrodon\n|-damage|p1a: Deoxys|177/196|[from] item: Life Orb\n|\n|-weather|Sandstorm|[upkeep]\n|-damage|p1a: Deoxys|165/196|[from] Sandstorm\n|upkeep\n|\n|t:|1781396003\n|switch|p2a: Rillaboom|Rillaboom, L79, F|288/288\n|-fieldstart|move: Grassy Terrain|[from] ability: Grassy Surge|[of] p2a: Rillaboom\n|turn|14\n|\n|t:|1781396015\n|switch|p1a: Eelektross|Eelektross, L87, F|79/290\n|move|p2a: Rillaboom|Grassy Glide|p1a: Eelektross\n|-damage|p1a: Eelektross|0 fnt\n|faint|p1a: Eelektross\n|\n|-weather|Sandstorm|[upkeep]\n|-damage|p2a: Rillaboom|270/288|[from] Sandstorm\n|-heal|p2a: Rillaboom|288/288|[from] Grassy Terrain\n|upkeep\n|\n|t:|1781396023\n|switch|p1a: Thundurus|Thundurus-Therian, L80, M|124/258\n|turn|15\n|\n|t:|1781396029\n|move|p2a: Rillaboom|Grassy Glide|p1a: Thundurus\n|-resisted|p1a: Thundurus\n|-damage|p1a: Thundurus|46/258\n|move|p1a: Thundurus|Psychic|p2a: Rillaboom\n|-damage|p2a: Rillaboom|186/288\n|\n|-weather|Sandstorm|[upkeep]\n|-damage|p1a: Thundurus|30/258|[from] Sandstorm\n|-damage|p2a: Rillaboom|168/288|[from] Sandstorm\n|-heal|p2a: Rillaboom|186/288|[from] Grassy Terrain\n|upkeep\n|turn|16\n|\n|t:|1781396032\n|move|p2a: Rillaboom|Grassy Glide|p1a: Thundurus\n|-resisted|p1a: Thundurus\n|-damage|p1a: Thundurus|0 fnt\n|faint|p1a: Thundurus\n|\n|-weather|none\n|-heal|p2a: Rillaboom|204/288|[from] Grassy Terrain\n|upkeep\n|\n|t:|1781396047\n|switch|p1a: Palafin|Palafin, L77, F|281/281\n|turn|17\n|\n|t:|1781396056\n|detailschange|p1a: Palafin|Palafin-Hero, L77, F\n|switch|p1a: Gastrodon|Gastrodon, L86, M|331/331\n|move|p2a: Rillaboom|Grassy Glide|p1a: Gastrodon\n|-supereffective|p1a: Gastrodon\n|-damage|p1a: Gastrodon|0 fnt\n|faint|p1a: Gastrodon\n|\n|-heal|p2a: Rillaboom|222/288|[from] Grassy Terrain\n|upkeep\n|\n|t:|1781396058\n|switch|p1a: Palafin|Palafin-Hero, L77, F|281/281\n|-activate|p1a: Palafin|ability: Zero to Hero\n|turn|18\n|\n|t:|1781396065\n|move|p2a: Rillaboom|Grassy Glide|p1a: Palafin\n|-supereffective|p1a: Palafin\n|-damage|p1a: Palafin|51/281\n|move|p1a: Palafin|Close Combat|p2a: Rillaboom\n|-damage|p2a: Rillaboom|57/288\n|-unboost|p1a: Palafin|def|1\n|-unboost|p1a: Palafin|spd|1\n|\n|-heal|p1a: Palafin|68/281|[from] Grassy Terrain\n|-heal|p2a: Rillaboom|75/288|[from] Grassy Terrain\n|-fieldend|move: Grassy Terrain\n|upkeep\n|turn|19\n|\n|t:|1781396070\n|switch|p2a: Tyranitar|Tyranitar, L78, F|284/284\n|-weather|Sandstorm|[from] ability: Sand Stream|[of] p2a: Tyranitar\n|move|p1a: Palafin|Close Combat|p2a: Tyranitar\n|-supereffective|p2a: Tyranitar\n|-damage|p2a: Tyranitar|0 fnt\n|-unboost|p1a: Palafin|def|1\n|-unboost|p1a: Palafin|spd|1\n|faint|p2a: Tyranitar\n|\n|-weather|Sandstorm|[upkeep]\n|-damage|p1a: Palafin|51/281|[from] Sandstorm\n|upkeep\n|\n|t:|1781396082\n|switch|p2a: Rillaboom|Rillaboom, L79, F|75/288\n|-fieldstart|move: Grassy Terrain|[from] ability: Grassy Surge|[of] p2a: Rillaboom\n|turn|20\n|\n|t:|1781396085\n|switch|p1a: Deoxys|Deoxys, L74|165/196\n|-ability|p1a: Deoxys|Pressure\n|move|p2a: Rillaboom|Grassy Glide|p1a: Deoxys\n|-damage|p1a: Deoxys|0 fnt\n|faint|p1a: Deoxys\n|\n|-weather|Sandstorm|[upkeep]\n|-damage|p2a: Rillaboom|57/288|[from] Sandstorm\n|-heal|p2a: Rillaboom|75/288|[from] Grassy Terrain\n|upkeep\n|\n|t:|1781396087\n|switch|p1a: Palafin|Palafin-Hero, L77, F|51/281\n|turn|21\n|\n|t:|1781396090\n|move|p1a: Palafin|Jet Punch|p2a: Rillaboom\n|-resisted|p2a: Rillaboom\n|-damage|p2a: Rillaboom|12/288\n|move|p2a: Rillaboom|Grassy Glide|p1a: Palafin\n|-supereffective|p1a: Palafin\n|-damage|p1a: Palafin|0 fnt\n|faint|p1a: Palafin\n|\n|win|f91swdg\n", "uploadtime": 1781395733, "views": 3, "formatid": "gen9randombattle", "rating": null, "private": 0, "password": null}