{"id": "gen9randombattle-2631628745", "format": "[Gen 9] Random Battle", "players": ["qiuescent", "MakotoV7"], "log": "|j|\u203dqiuescent\n|j|\u2606MakotoV7\n|t:|1781411322\n|gametype|singles\n|player|p1|qiuescent|169|2172\n|player|p2|MakotoV7|steven|2180\n|gen|9\n|tier|[Gen 9] Random Battle\n|rated|\n|rule|Species Clause: Limit one of each Pok\u00e9mon\n|rule|HP Percentage Mod: HP is shown in percentages\n|rule|Sleep Clause Mod: Limit one foe put to sleep\n|rule|Illusion Level Mod: Illusion disguises the Pok\u00e9mon's true level\n|\n|t:|1781411322\n|teamsize|p1|6\n|teamsize|p2|6\n|start\n|switch|p1a: Sawsbuck|Sawsbuck-Summer, L88, M|284/284\n|switch|p2a: Gothitelle|Gothitelle, L90, M|272/272\n|turn|1\n|inactive|Battle timer is ON: inactive players will automatically lose when time's up. (requested by MakotoV7)\n|\n|t:|1781411331\n|move|p2a: Gothitelle|Focus Blast|p1a: Sawsbuck\n|-supereffective|p1a: Sawsbuck\n|-damage|p1a: Sawsbuck|62/284\n|move|p1a: Sawsbuck|Headbutt|p2a: Gothitelle\n|-damage|p2a: Gothitelle|177/272\n|-damage|p1a: Sawsbuck|34/284|[from] item: Life Orb\n|\n|upkeep\n|turn|2\n|\n|t:|1781411335\n|move|p2a: Gothitelle|Focus Blast|p1a: Sawsbuck\n|-supereffective|p1a: Sawsbuck\n|-damage|p1a: Sawsbuck|0 fnt\n|faint|p1a: Sawsbuck\n|\n|upkeep\n|\n|t:|1781411337\n|switch|p1a: Masquerain|Masquerain, L87, F|264/264\n|-ability|p1a: Masquerain|Intimidate|boost\n|-unboost|p2a: Gothitelle|atk|1\n|turn|3\n|\n|t:|1781411343\n|switch|p2a: Copperajah|Copperajah, L86, F|350/350\n|move|p1a: Masquerain|Sticky Web|p2a: Copperajah\n|-sidestart|p2: MakotoV7|move: Sticky Web\n|\n|upkeep\n|turn|4\n|\n|t:|1781411351\n|switch|p1a: Flareon|Flareon, L90, F|263/263\n|move|p2a: Copperajah|Heavy Slam|p1a: Flareon\n|-resisted|p1a: Flareon\n|-damage|p1a: Flareon|111/263\n|\n|-status|p1a: Flareon|tox|[from] item: Toxic Orb\n|upkeep\n|turn|5\n|\n|t:|1781411355\n|switch|p2a: Ceruledge|Ceruledge, L78, M|245/245\n|move|p1a: Flareon|Flare Blitz|p2a: Ceruledge\n|-resisted|p2a: Ceruledge\n|-damage|p2a: Ceruledge|80/245\n|-ability|p2a: Ceruledge|Weak Armor|boost\n|-unboost|p2a: Ceruledge|def|1\n|-boost|p2a: Ceruledge|spe|2\n|-damage|p1a: Flareon|57/263 tox|[from] Recoil\n|\n|-damage|p1a: Flareon|41/263 tox|[from] psn\n|upkeep\n|turn|6\n|\n|t:|1781411364\n|move|p2a: Ceruledge|Bitter Blade|p1a: Flareon\n|-resisted|p1a: Flareon\n|-damage|p1a: Flareon|0 fnt\n|-heal|p2a: Ceruledge|101/245|[from] drain|[of] p1a: Flareon\n|faint|p1a: Flareon\n|\n|upkeep\n|\n|t:|1781411368\n|switch|p1a: Ditto|Ditto, L87|225/225\n|-transform|p1a: Ditto|p2a: Ceruledge|[from] ability: Imposter\n|turn|7\n|\n|t:|1781411375\n|move|p2a: Ceruledge|Shadow Sneak|p1a: Ditto\n|-supereffective|p1a: Ditto\n|-damage|p1a: Ditto|63/225\n|-ability|p1a: Ditto|Weak Armor|boost\n|-unboost|p1a: Ditto|def|1\n|-boost|p1a: Ditto|spe|2\n|move|p1a: Ditto|Bitter Blade|p2a: Ceruledge\n|-resisted|p2a: Ceruledge\n|-damage|p2a: Ceruledge|6/245\n|-heal|p1a: Ditto|111/225|[from] drain|[of] p2a: Ceruledge\n|-ability|p2a: Ceruledge|Weak Armor|boost\n|-unboost|p2a: Ceruledge|def|1\n|-boost|p2a: Ceruledge|spe|2\n|\n|upkeep\n|turn|8\n|\n|t:|1781411379\n|switch|p1a: Masquerain|Masquerain, L87, F|264/264\n|-ability|p1a: Masquerain|Intimidate|boost\n|-unboost|p2a: Ceruledge|atk|1\n|move|p2a: Ceruledge|Shadow Sneak|p1a: Masquerain\n|-damage|p1a: Masquerain|224/264\n|\n|upkeep\n|turn|9\n|\n|t:|1781411384\n|switch|p1a: Ditto|Ditto, L87|111/225\n|-transform|p1a: Ditto|p2a: Ceruledge|[from] ability: Imposter\n|move|p2a: Ceruledge|Bitter Blade|p1a: Ditto\n|-resisted|p1a: Ditto\n|-damage|p1a: Ditto|35/225\n|-heal|p2a: Ceruledge|44/245|[from] drain|[of] p1a: Ditto\n|-ability|p1a: Ditto|Weak Armor|boost\n|-unboost|p1a: Ditto|def|1\n|-boost|p1a: Ditto|spe|2\n|\n|upkeep\n|turn|10\n|\n|t:|1781411387\n|move|p1a: Ditto|Shadow Sneak|p2a: Ceruledge\n|-supereffective|p2a: Ceruledge\n|-damage|p2a: Ceruledge|0 fnt\n|faint|p2a: Ceruledge\n|\n|upkeep\n|\n|t:|1781411392\n|switch|p2a: Copperajah|Copperajah, L86, F|350/350\n|-activate|p2a: Copperajah|move: Sticky Web\n|-unboost|p2a: Copperajah|spe|1\n|turn|11\n|\n|t:|1781411394\n|switch|p1a: Masquerain|Masquerain, L87, F|224/264\n|-ability|p1a: Masquerain|Intimidate|boost\n|-unboost|p2a: Copperajah|atk|1\n|move|p2a: Copperajah|Heavy Slam|p1a: Masquerain\n|-damage|p1a: Masquerain|4/264\n|\n|upkeep\n|turn|12\n|\n|t:|1781411397\n|move|p1a: Masquerain|Hurricane|p2a: Copperajah\n|-resisted|p2a: Copperajah\n|-damage|p2a: Copperajah|272/350\n|-start|p2a: Copperajah|confusion\n|-activate|p2a: Copperajah|confusion\n|-damage|p2a: Copperajah|240/350|[from] confusion\n|\n|upkeep\n|turn|13\n|\n|t:|1781411401\n|move|p1a: Masquerain|Hurricane|p2a: Copperajah\n|-resisted|p2a: Copperajah\n|-damage|p2a: Copperajah|160/350\n|-activate|p2a: Copperajah|confusion\n|-damage|p2a: Copperajah|129/350|[from] confusion\n|\n|upkeep\n|turn|14\n|\n|t:|1781411403\n|move|p1a: Masquerain|Hurricane|p2a: Copperajah\n|-resisted|p2a: Copperajah\n|-damage|p2a: Copperajah|54/350\n|-activate|p2a: Copperajah|confusion\n|move|p2a: Copperajah|Heavy Slam|p1a: Masquerain\n|-damage|p1a: Masquerain|0 fnt\n|faint|p1a: Masquerain\n|\n|upkeep\n|\n|t:|1781411407\n|switch|p1a: Greninja|Greninja, L80, M|246/246\n|turn|15\n|\n|t:|1781411410\n|switch|p2a: Araquanid|Araquanid, L82, F|246/246\n|move|p1a: Greninja|Dark Pulse|p2a: Araquanid\n|-start|p1a: Greninja|typechange|Dark|[from] ability: Protean\n|-damage|p2a: Araquanid|164/246\n|-damage|p1a: Greninja|222/246|[from] item: Life Orb\n|\n|upkeep\n|turn|16\n|\n|t:|1781411419\n|move|p1a: Greninja|U-turn|p2a: Araquanid\n|-damage|p2a: Araquanid|106/246\n|-damage|p1a: Greninja|198/246|[from] item: Life Orb\n|\n|t:|1781411420\n|switch|p1a: Tornadus|Tornadus, L82, M|263/263|[from] U-turn\n|move|p2a: Araquanid|Leech Life|p1a: Tornadus\n|-resisted|p1a: Tornadus\n|-damage|p1a: Tornadus|225/263\n|-heal|p2a: Araquanid|125/246|[from] drain|[of] p1a: Tornadus\n|\n|upkeep\n|turn|17\n|\n|t:|1781411425\n|switch|p2a: Copperajah|Copperajah, L86, F|54/350\n|-activate|p2a: Copperajah|move: Sticky Web\n|-unboost|p2a: Copperajah|spe|1\n|move|p1a: Tornadus|Bleakwind Storm|p2a: Copperajah\n|-resisted|p2a: Copperajah\n|-damage|p2a: Copperajah|0 fnt\n|faint|p2a: Copperajah\n|\n|upkeep\n|\n|t:|1781411432\n|switch|p2a: Munkidori|Munkidori, L79, M|269/269\n|-activate|p2a: Munkidori|move: Sticky Web\n|-unboost|p2a: Munkidori|spe|1\n|turn|18\n|\n|t:|1781411443\n|move|p1a: Tornadus|Bleakwind Storm|p2a: Munkidori\n|-damage|p2a: Munkidori|70/269\n|-unboost|p2a: Munkidori|spe|1\n|move|p2a: Munkidori|Sludge Wave|p1a: Tornadus\n|-damage|p1a: Tornadus|69/263\n|-damage|p2a: Munkidori|44/269|[from] item: Life Orb\n|\n|upkeep\n|turn|19\n|\n|t:|1781411448\n|move|p1a: Tornadus|Bleakwind Storm|p2a: Munkidori\n|-damage|p2a: Munkidori|0 fnt\n|faint|p2a: Munkidori\n|\n|upkeep\n|\n|t:|1781411452\n|switch|p2a: Gothitelle|Gothitelle, L90, M|177/272\n|-activate|p2a: Gothitelle|move: Sticky Web\n|-unboost|p2a: Gothitelle|spe|1\n|turn|20\n|\n|t:|1781411456\n|move|p1a: Tornadus|Bleakwind Storm|p2a: Gothitelle\n|-damage|p2a: Gothitelle|35/272\n|-unboost|p2a: Gothitelle|spe|1\n|move|p2a: Gothitelle|Trick|p1a: Tornadus\n|-activate|p2a: Gothitelle|move: Trick|[of] p1a: Tornadus\n|-item|p1a: Tornadus|Choice Scarf|[from] move: Trick\n|-item|p2a: Gothitelle|Choice Specs|[from] move: Trick\n|\n|upkeep\n|turn|21\n|\n|t:|1781411459\n|move|p1a: Tornadus|U-turn|p2a: Gothitelle\n|-supereffective|p2a: Gothitelle\n|-damage|p2a: Gothitelle|0 fnt\n|faint|p2a: Gothitelle\n|\n|t:|1781411465\n|switch|p1a: Greninja|Greninja, L80, M|198/246|[from] U-turn\n|\n|upkeep\n|\n|t:|1781411468\n|switch|p2a: Araquanid|Araquanid, L82, F|125/246\n|turn|22\n|\n|t:|1781411472\n|move|p1a: Greninja|Gunk Shot|p2a: Araquanid\n|-start|p1a: Greninja|typechange|Poison|[from] ability: Protean\n|-damage|p2a: Araquanid|0 fnt\n|faint|p2a: Araquanid\n|-damage|p1a: Greninja|174/246|[from] item: Life Orb\n|\n|upkeep\n|\n|t:|1781411474\n|switch|p2a: Dipplin|Dipplin, L88, M|284/284\n|-activate|p2a: Dipplin|move: Sticky Web\n|-unboost|p2a: Dipplin|spe|1\n|turn|23\n|\n|t:|1781411483\n|-terastallize|p2a: Dipplin|Steel\n|move|p1a: Greninja|U-turn|p2a: Dipplin\n|-resisted|p2a: Dipplin\n|-damage|p2a: Dipplin|268/284\n|-damage|p1a: Greninja|150/246|[from] item: Life Orb\n|\n|t:|1781411487\n|switch|p1a: Ditto|Ditto, L87|35/225|[from] U-turn\n|-transform|p1a: Ditto|p2a: Dipplin|[from] ability: Imposter\n|move|p2a: Dipplin|Dragon Pulse|p1a: Ditto\n|-supereffective|p1a: Ditto\n|-damage|p1a: Ditto|0 fnt\n|faint|p1a: Ditto\n|\n|upkeep\n|\n|t:|1781411490\n|switch|p1a: Tornadus|Tornadus, L82, M|69/263\n|turn|24\n|\n|t:|1781411498\n|move|p1a: Tornadus|Focus Blast|p2a: Dipplin\n|-supereffective|p2a: Dipplin\n|-damage|p2a: Dipplin|124/284\n|-unboost|p2a: Dipplin|spd|1\n|move|p2a: Dipplin|Recover|p2a: Dipplin\n|-heal|p2a: Dipplin|266/284\n|\n|upkeep\n|turn|25\n|\n|t:|1781411502\n|move|p1a: Tornadus|Focus Blast|p2a: Dipplin\n|-supereffective|p2a: Dipplin\n|-damage|p2a: Dipplin|66/284\n|move|p2a: Dipplin|Dragon Pulse|p1a: Tornadus\n|-damage|p1a: Tornadus|0 fnt\n|faint|p1a: Tornadus\n|\n|upkeep\n|\n|t:|1781411505\n|switch|p1a: Greninja|Greninja, L80, M|150/246\n|turn|26\n|\n|t:|1781411507\n|move|p1a: Greninja|Dark Pulse|p2a: Dipplin\n|-start|p1a: Greninja|typechange|Dark|[from] ability: Protean\n|-damage|p2a: Dipplin|0 fnt\n|faint|p2a: Dipplin\n|-damage|p1a: Greninja|126/246|[from] item: Life Orb\n|\n|win|qiuescent\n", "uploadtime": 1781411324, "views": 5, "formatid": "gen9randombattle", "rating": null, "private": 0, "password": null}