{"id": "gen9randombattle-2631867044", "format": "[Gen 9] Random Battle", "players": ["Deven711", "Murales"], "log": "|j|\u2606Deven711\n|j|\u2606Murales\n|t:|1781449913\n|gametype|singles\n|player|p1|Deven711|2|1846\n|player|p2|Murales|firebreather|1816\n|gen|9\n|tier|[Gen 9] Random Battle\n|rated|\n|rule|Species Clause: Limit one of each Pok\u00e9mon\n|rule|HP Percentage Mod: HP is shown in percentages\n|rule|Sleep Clause Mod: Limit one foe put to sleep\n|rule|Illusion Level Mod: Illusion disguises the Pok\u00e9mon's true level\n|\n|t:|1781449913\n|teamsize|p1|6\n|teamsize|p2|6\n|start\n|switch|p1a: Alcremie|Alcremie-Salted-Cream, L90, F|263/263\n|switch|p2a: Farigiraf|Farigiraf, L90, M|362/362\n|turn|1\n|inactive|Battle timer is ON: inactive players will automatically lose when time's up. (requested by Murales)\n|\n|t:|1781449932\n|switch|p1a: Spidops|Spidops, L96, M|271/271\n|move|p2a: Farigiraf|Body Slam|p1a: Spidops\n|-damage|p1a: Spidops|193/271\n|-status|p1a: Spidops|par\n|\n|upkeep\n|turn|2\n|\n|t:|1781449944\n|switch|p2a: Dodrio|Dodrio, L85, F|241/241\n|move|p1a: Spidops|Sticky Web|p2a: Dodrio\n|-sidestart|p2: Murales|move: Sticky Web\n|\n|upkeep\n|turn|3\n|\n|t:|1781449949\n|move|p2a: Dodrio|Swords Dance|p2a: Dodrio\n|-boost|p2a: Dodrio|atk|2\n|cant|p1a: Spidops|par\n|\n|upkeep\n|turn|4\n|\n|t:|1781449955\n|move|p2a: Dodrio|Knock Off|p1a: Spidops\n|-damage|p1a: Spidops|58/271 par\n|-enditem|p1a: Spidops|Heavy-Duty Boots|[from] move: Knock Off|[of] p2a: Dodrio\n|move|p1a: Spidops|Circle Throw|p2a: Dodrio|[miss]\n|-miss|p1a: Spidops|p2a: Dodrio\n|\n|upkeep\n|turn|5\n|\n|t:|1781449961\n|move|p2a: Dodrio|Knock Off|p1a: Spidops\n|-damage|p1a: Spidops|0 fnt\n|faint|p1a: Spidops\n|\n|upkeep\n|\n|t:|1781449970\n|switch|p1a: Orthworm|Orthworm, L88, F|266/266\n|turn|6\n|\n|t:|1781449983\n|move|p2a: Dodrio|Knock Off|p1a: Orthworm\n|-damage|p1a: Orthworm|171/266\n|-enditem|p1a: Orthworm|Leftovers|[from] move: Knock Off|[of] p2a: Dodrio\n|move|p1a: Orthworm|Heavy Slam|p2a: Dodrio\n|-damage|p2a: Dodrio|139/241\n|\n|upkeep\n|turn|7\n|\n|t:|1781450003\n|switch|p2a: Magnezone|Magnezone, L85|258/258\n|-activate|p2a: Magnezone|move: Sticky Web\n|-unboost|p2a: Magnezone|spe|1\n|move|p1a: Orthworm|Heavy Slam|p2a: Magnezone\n|-resisted|p2a: Magnezone\n|-damage|p2a: Magnezone|249/258\n|\n|upkeep\n|turn|8\n|\n|t:|1781450008\n|move|p1a: Orthworm|Body Press|p2a: Magnezone\n|-supereffective|p2a: Magnezone\n|-damage|p2a: Magnezone|101/258\n|move|p2a: Magnezone|Thunderbolt|p1a: Orthworm\n|-damage|p1a: Orthworm|0 fnt\n|faint|p1a: Orthworm\n|\n|upkeep\n|\n|t:|1781450016\n|switch|p1a: Metagross|Metagross, L79|256/256\n|turn|9\n|\n|t:|1781450024\n|move|p1a: Metagross|Earthquake|p2a: Magnezone\n|-supereffective|p2a: Magnezone\n|-damage|p2a: Magnezone|0 fnt\n|faint|p2a: Magnezone\n|\n|upkeep\n|\n|t:|1781450033\n|switch|p2a: Piloswine|Piloswine, L85, F|309/309\n|-activate|p2a: Piloswine|move: Sticky Web\n|-unboost|p2a: Piloswine|spe|1\n|turn|10\n|\n|t:|1781450042\n|move|p1a: Metagross|Agility|p1a: Metagross\n|-boost|p1a: Metagross|spe|2\n|move|p2a: Piloswine|Earthquake|p1a: Metagross\n|-supereffective|p1a: Metagross\n|-damage|p1a: Metagross|88/256\n|-enditem|p1a: Metagross|Weakness Policy\n|-boost|p1a: Metagross|atk|2|[from] item: Weakness Policy\n|-boost|p1a: Metagross|spa|2|[from] item: Weakness Policy\n|\n|upkeep\n|turn|11\n|\n|t:|1781450049\n|-terastallize|p2a: Piloswine|Dragon\n|move|p1a: Metagross|Heavy Slam|p2a: Piloswine\n|-damage|p2a: Piloswine|110/309\n|move|p2a: Piloswine|Earthquake|p1a: Metagross\n|-supereffective|p1a: Metagross\n|-damage|p1a: Metagross|0 fnt\n|faint|p1a: Metagross\n|\n|upkeep\n|\n|t:|1781450055\n|switch|p1a: Alcremie|Alcremie-Salted-Cream, L90, F|263/263\n|turn|12\n|\n|t:|1781450059\n|move|p1a: Alcremie|Alluring Voice|p2a: Piloswine\n|-supereffective|p2a: Piloswine\n|-damage|p2a: Piloswine|0 fnt\n|faint|p2a: Piloswine\n|\n|upkeep\n|\n|t:|1781450062\n|switch|p2a: Farigiraf|Farigiraf, L90, M|362/362\n|-activate|p2a: Farigiraf|move: Sticky Web\n|-unboost|p2a: Farigiraf|spe|1\n|turn|13\n|\n|t:|1781450065\n|move|p1a: Alcremie|Calm Mind|p1a: Alcremie\n|-boost|p1a: Alcremie|spa|1\n|-boost|p1a: Alcremie|spd|1\n|move|p2a: Farigiraf|Body Slam|p1a: Alcremie\n|-damage|p1a: Alcremie|166/263\n|-status|p1a: Alcremie|par\n|\n|-heal|p1a: Alcremie|182/263 par|[from] item: Leftovers\n|upkeep\n|turn|14\n|\n|t:|1781450069\n|move|p2a: Farigiraf|Psychic Noise|p1a: Alcremie\n|-damage|p1a: Alcremie|130/263 par\n|-block|p1a: Alcremie|ability: Aroma Veil|[of] p1a: Alcremie\n|move|p1a: Alcremie|Alluring Voice|p2a: Farigiraf\n|-damage|p2a: Farigiraf|179/362\n|\n|-heal|p2a: Farigiraf|201/362|[from] item: Leftovers\n|-heal|p1a: Alcremie|146/263 par|[from] item: Leftovers\n|upkeep\n|turn|15\n|\n|t:|1781450076\n|move|p2a: Farigiraf|Wish|p2a: Farigiraf\n|move|p1a: Alcremie|Calm Mind|p1a: Alcremie\n|-boost|p1a: Alcremie|spa|1\n|-boost|p1a: Alcremie|spd|1\n|\n|-heal|p2a: Farigiraf|223/362|[from] item: Leftovers\n|-heal|p1a: Alcremie|162/263 par|[from] item: Leftovers\n|upkeep\n|turn|16\n|\n|t:|1781450080\n|move|p2a: Farigiraf|Body Slam|p1a: Alcremie\n|-damage|p1a: Alcremie|65/263 par\n|move|p1a: Alcremie|Calm Mind|p1a: Alcremie\n|-boost|p1a: Alcremie|spa|1\n|-boost|p1a: Alcremie|spd|1\n|\n|-heal|p2a: Farigiraf|362/362|[from] move: Wish|[wisher] Farigiraf\n|-heal|p1a: Alcremie|81/263 par|[from] item: Leftovers\n|upkeep\n|turn|17\n|\n|t:|1781450084\n|move|p2a: Farigiraf|Body Slam|p1a: Alcremie\n|-damage|p1a: Alcremie|0 fnt\n|faint|p1a: Alcremie\n|\n|upkeep\n|\n|t:|1781450087\n|switch|p1a: Lanturn|Lanturn, L89, F|367/367\n|turn|18\n|\n|t:|1781450091\n|move|p2a: Farigiraf|Protect|p2a: Farigiraf\n|-singleturn|p2a: Farigiraf|Protect\n|move|p1a: Lanturn|Thunder Wave|p2a: Farigiraf\n|-activate|p2a: Farigiraf|move: Protect\n|\n|upkeep\n|turn|19\n|\n|t:|1781450099\n|switch|p2a: Raging Bolt|Raging Bolt, L78|323/323\n|-activate|p2a: Raging Bolt|move: Sticky Web\n|-unboost|p2a: Raging Bolt|spe|1\n|move|p1a: Lanturn|Thunder Wave|p2a: Raging Bolt\n|-immune|p2a: Raging Bolt\n|\n|upkeep\n|turn|20\n|\n|t:|1781450105\n|move|p1a: Lanturn|Scald|p2a: Raging Bolt\n|-resisted|p2a: Raging Bolt\n|-damage|p2a: Raging Bolt|295/323\n|move|p2a: Raging Bolt|Draco Meteor|p1a: Lanturn\n|-damage|p1a: Lanturn|202/367\n|-unboost|p2a: Raging Bolt|spa|2\n|\n|upkeep\n|turn|21\n|\n|t:|1781450114\n|move|p1a: Lanturn|Thunder Wave|p2a: Raging Bolt\n|-immune|p2a: Raging Bolt\n|move|p2a: Raging Bolt|Draco Meteor|p1a: Lanturn\n|-damage|p1a: Lanturn|117/367\n|-unboost|p2a: Raging Bolt|spa|2\n|\n|upkeep\n|turn|22\n|\n|t:|1781450117\n|move|p1a: Lanturn|Scald|p2a: Raging Bolt\n|-resisted|p2a: Raging Bolt\n|-damage|p2a: Raging Bolt|265/323\n|-status|p2a: Raging Bolt|brn\n|move|p2a: Raging Bolt|Draco Meteor|p1a: Lanturn\n|-damage|p1a: Lanturn|65/367\n|-unboost|p2a: Raging Bolt|spa|2\n|\n|-damage|p2a: Raging Bolt|245/323 brn|[from] brn\n|upkeep\n|turn|23\n|\n|t:|1781450122\n|move|p1a: Lanturn|Scald|p2a: Raging Bolt\n|-resisted|p2a: Raging Bolt\n|-damage|p2a: Raging Bolt|218/323 brn\n|move|p2a: Raging Bolt|Draco Meteor|p1a: Lanturn\n|-damage|p1a: Lanturn|26/367\n|\n|-damage|p2a: Raging Bolt|198/323 brn|[from] brn\n|upkeep\n|turn|24\n|\n|t:|1781450124\n|move|p1a: Lanturn|Scald|p2a: Raging Bolt\n|-resisted|p2a: Raging Bolt\n|-damage|p2a: Raging Bolt|168/323 brn\n|move|p2a: Raging Bolt|Draco Meteor|p1a: Lanturn\n|-damage|p1a: Lanturn|0 fnt\n|faint|p1a: Lanturn\n|\n|-damage|p2a: Raging Bolt|148/323 brn|[from] brn\n|upkeep\n|\n|t:|1781450126\n|switch|p1a: Spectrier|Spectrier, L75|274/274\n|turn|25\n|\n|t:|1781450130\n|move|p1a: Spectrier|Nasty Plot|p1a: Spectrier\n|-boost|p1a: Spectrier|spa|2\n|move|p2a: Raging Bolt|Volt Switch|p1a: Spectrier\n|-damage|p1a: Spectrier|246/274\n|\n|t:|1781450139\n|-end|p2a: Raging Bolt|Protosynthesis|[silent]\n|switch|p2a: Farigiraf|Farigiraf, L90, M|362/362|[from] Volt Switch\n|-activate|p2a: Farigiraf|move: Sticky Web\n|-unboost|p2a: Farigiraf|spe|1\n|\n|-heal|p1a: Spectrier|263/274|[from] item: Leftovers\n|upkeep\n|turn|26\n|\n|t:|1781450151\n|move|p1a: Spectrier|Nasty Plot|p1a: Spectrier\n|-boost|p1a: Spectrier|spa|2\n|move|p2a: Farigiraf|Psychic Noise|p1a: Spectrier\n|-damage|p1a: Spectrier|137/274\n|-start|p1a: Spectrier|move: Heal Block\n|\n|upkeep\n|turn|27\n|\n|t:|1781450154\n|move|p1a: Spectrier|Nasty Plot|p1a: Spectrier\n|-boost|p1a: Spectrier|spa|2\n|move|p2a: Farigiraf|Psychic Noise|p1a: Spectrier\n|-damage|p1a: Spectrier|26/274\n|\n|-end|p1a: Spectrier|move: Heal Block\n|upkeep\n|turn|28\n|\n|t:|1781450158\n|-terastallize|p1a: Spectrier|Fairy\n|move|p1a: Spectrier|Draining Kiss|p2a: Farigiraf\n|-crit|p2a: Farigiraf\n|-damage|p2a: Farigiraf|0 fnt\n|-heal|p1a: Spectrier|274/274|[from] drain|[of] p2a: Farigiraf\n|faint|p2a: Farigiraf\n|\n|upkeep\n|\n|t:|1781450166\n|switch|p2a: Raging Bolt|Raging Bolt, L78|148/323 brn\n|-activate|p2a: Raging Bolt|move: Sticky Web\n|-unboost|p2a: Raging Bolt|spe|1\n|turn|29\n|\n|t:|1781450170\n|move|p2a: Raging Bolt|Thunderclap|p1a: Spectrier\n|-damage|p1a: Spectrier|172/274\n|move|p1a: Spectrier|Draining Kiss|p2a: Raging Bolt\n|-supereffective|p2a: Raging Bolt\n|-damage|p2a: Raging Bolt|0 fnt\n|-heal|p1a: Spectrier|274/274|[from] drain|[of] p2a: Raging Bolt\n|faint|p2a: Raging Bolt\n|-end|p2a: Raging Bolt|Protosynthesis|[silent]\n|\n|upkeep\n|\n|t:|1781450174\n|switch|p2a: Medicham|Medicham, L86, M|243/243\n|-activate|p2a: Medicham|move: Sticky Web\n|-unboost|p2a: Medicham|spe|1\n|turn|30\n|c|\u2606Murales|gg\n|\n|t:|1781450178\n|move|p1a: Spectrier|Draining Kiss|p2a: Medicham\n|-supereffective|p2a: Medicham\n|-damage|p2a: Medicham|0 fnt\n|faint|p2a: Medicham\n|\n|upkeep\n|\n|t:|1781450180\n|switch|p2a: Dodrio|Dodrio, L85, F|139/241\n|turn|31\n|\n|t:|1781450181\n|move|p1a: Spectrier|Draining Kiss|p2a: Dodrio\n|-damage|p2a: Dodrio|0 fnt\n|faint|p2a: Dodrio\n|\n|win|Deven711\n|raw|Deven711's rating: 1846 &rarr; <strong>1864</strong><br />(+18 for winning)\n|raw|Murales's rating: 1816 &rarr; <strong>1798</strong><br />(-18 for losing)\n|l|\u2606Murales\n|player|p2|\n|c|\u2606Deven711|spec should be banned\n", "uploadtime": 1781450189, "views": 3, "formatid": "gen9randombattle", "rating": 1798, "private": 0, "password": null}