{"id": "gen9randombattle-2631889428", "format": "[Gen 9] Random Battle", "players": ["Pachequitos", "SingWay"], "log": "|j|\u2606Pachequitos\n|j|\u2606SingWay\n|t:|1781452408\n|gametype|singles\n|player|p1|Pachequitos|1|2157\n|player|p2|SingWay|burglar|2065\n|gen|9\n|tier|[Gen 9] Random Battle\n|rated|\n|rule|Species Clause: Limit one of each Pok\u00e9mon\n|rule|HP Percentage Mod: HP is shown in percentages\n|rule|Sleep Clause Mod: Limit one foe put to sleep\n|rule|Illusion Level Mod: Illusion disguises the Pok\u00e9mon's true level\n|\n|t:|1781452408\n|teamsize|p1|6\n|teamsize|p2|6\n|start\n|switch|p1a: Lapras|Lapras, L87, M|367/367\n|switch|p2a: Bellossom|Bellossom, L84, M|263/263\n|turn|1\n|inactive|Battle timer is ON: inactive players will automatically lose when time's up. (requested by Pachequitos)\n|\n|t:|1781452435\n|switch|p1a: Archaludon|Archaludon, L78, F|268/268\n|move|p2a: Bellossom|Quiver Dance|p2a: Bellossom\n|-boost|p2a: Bellossom|spa|1\n|-boost|p2a: Bellossom|spd|1\n|-boost|p2a: Bellossom|spe|1\n|\n|upkeep\n|turn|2\n|\n|t:|1781452443\n|move|p2a: Bellossom|Quiver Dance|p2a: Bellossom\n|-boost|p2a: Bellossom|spa|1\n|-boost|p2a: Bellossom|spd|1\n|-boost|p2a: Bellossom|spe|1\n|move|p1a: Archaludon|Swords Dance|p1a: Archaludon\n|-boost|p1a: Archaludon|atk|2\n|\n|upkeep\n|turn|3\n|inactive|SingWay has 120 seconds left.\n|\n|t:|1781452485\n|switch|p2a: Magnezone|Magnezone, L85|258/258\n|move|p1a: Archaludon|Swords Dance|p1a: Archaludon\n|-boost|p1a: Archaludon|atk|2\n|\n|upkeep\n|turn|4\n|\n|t:|1781452491\n|-terastallize|p2a: Magnezone|Fighting\n|move|p1a: Archaludon|Earthquake|p2a: Magnezone\n|-damage|p2a: Magnezone|113/258\n|move|p2a: Magnezone|Body Press|p1a: Archaludon\n|-supereffective|p1a: Archaludon\n|-damage|p1a: Archaludon|98/268\n|-ability|p1a: Archaludon|Stamina|boost\n|-boost|p1a: Archaludon|def|1\n|\n|-heal|p2a: Magnezone|129/258|[from] item: Leftovers\n|upkeep\n|turn|5\n|inactive|SingWay has 120 seconds left.\n|\n|t:|1781452498\n|move|p1a: Archaludon|Iron Head|p2a: Magnezone\n|-damage|p2a: Magnezone|0 fnt\n|faint|p2a: Magnezone\n|\n|upkeep\n|inactive|SingWay has 120 seconds left.\n|\n|t:|1781452510\n|switch|p2a: Rayquaza|Rayquaza, L72|270/270\n|-ability|p2a: Rayquaza|Air Lock\n|turn|6\n|\n|t:|1781452514\n|move|p2a: Rayquaza|Earthquake|p1a: Archaludon\n|-supereffective|p1a: Archaludon\n|-crit|p1a: Archaludon\n|-damage|p1a: Archaludon|0 fnt\n|faint|p1a: Archaludon\n|\n|upkeep\n|\n|t:|1781452518\n|switch|p1a: Lapras|Lapras, L87, M|367/367\n|turn|7\n|\n|t:|1781452520\n|switch|p2a: Blissey|Blissey, L85, F|572/572\n|move|p1a: Lapras|Dragon Dance|p1a: Lapras\n|-boost|p1a: Lapras|atk|1\n|-boost|p1a: Lapras|spe|1\n|\n|upkeep\n|turn|8\n|\n|t:|1781452523\n|move|p1a: Lapras|Icicle Spear|p2a: Blissey\n|-damage|p2a: Blissey|460/572\n|-damage|p2a: Blissey|340/572\n|-damage|p2a: Blissey|235/572\n|-damage|p2a: Blissey|114/572\n|-damage|p2a: Blissey|0 fnt\n|faint|p2a: Blissey\n|-hitcount|p2: Blissey|5\n|\n|upkeep\n|-message|SingWay forfeited.\n|\n|win|Pachequitos\n", "uploadtime": 1781452410, "views": 6, "formatid": "gen9randombattle", "rating": null, "private": 0, "password": null}