{"id": "gen9randombattle-2631665668", "format": "[Gen 9] Random Battle", "players": ["TaleThatWasntRight", "Fartsbloods"], "log": "|j|\u2606TaleThatWasntRight\n|j|\u203dFartsbloods\n|t:|1781417710\n|gametype|singles\n|player|p1|TaleThatWasntRight|battlegirl-gen4|1056\n|player|p2|Fartsbloods|2|1040\n|gen|9\n|tier|[Gen 9] Random Battle\n|rated|\n|rule|Species Clause: Limit one of each Pok\u00e9mon\n|rule|HP Percentage Mod: HP is shown in percentages\n|rule|Sleep Clause Mod: Limit one foe put to sleep\n|rule|Illusion Level Mod: Illusion disguises the Pok\u00e9mon's true level\n|\n|t:|1781417710\n|teamsize|p1|6\n|teamsize|p2|6\n|start\n|switch|p1a: Alomomola|Alomomola, L87, M|429/429\n|switch|p2a: Garchomp|Garchomp, L74, F|282/282\n|turn|1\n|inactive|Battle timer is ON: inactive players will automatically lose when time's up. (requested by TaleThatWasntRight)\n|\n|t:|1781417729\n|switch|p2a: Lurantis|Lurantis, L87, M|264/264\n|move|p1a: Alomomola|Scald|p2a: Lurantis\n|-resisted|p2a: Lurantis\n|-damage|p2a: Lurantis|249/264\n|\n|upkeep\n|turn|2\n|\n|t:|1781417740\n|switch|p1a: Lugia|Lugia, L73|275/275\n|move|p2a: Lurantis|Superpower|p1a: Lugia\n|-resisted|p1a: Lugia\n|-damage|p1a: Lugia|265/275\n|-boost|p2a: Lurantis|atk|1\n|-boost|p2a: Lurantis|def|1\n|\n|upkeep\n|turn|3\n|\n|t:|1781417753\n|move|p1a: Lugia|Aeroblast|p2a: Lurantis\n|-supereffective|p2a: Lurantis\n|-crit|p2a: Lurantis\n|-damage|p2a: Lurantis|105/264\n|move|p2a: Lurantis|Knock Off|p1a: Lugia\n|-supereffective|p1a: Lugia\n|-damage|p1a: Lugia|63/275\n|-enditem|p1a: Lugia|Heavy-Duty Boots|[from] move: Knock Off|[of] p2a: Lurantis\n|\n|upkeep\n|turn|4\n|inactive|TaleThatWasntRight has 120 seconds left.\n|inactive|TaleThatWasntRight has 90 seconds left.\n|\n|t:|1781417830\n|move|p1a: Lugia|Aeroblast|p2a: Lurantis\n|-supereffective|p2a: Lurantis\n|-crit|p2a: Lurantis\n|-damage|p2a: Lurantis|0 fnt\n|faint|p2a: Lurantis\n|\n|upkeep\n|inactive|Fartsbloods has 120 seconds left.\n|\n|t:|1781417852\n|switch|p2a: Corviknight|Corviknight, L80, F|288/288\n|turn|5\n|\n|t:|1781417859\n|switch|p1a: Alomomola|Alomomola, L87, M|429/429\n|move|p2a: Corviknight|Brave Bird|p1a: Alomomola\n|-damage|p1a: Alomomola|320/429\n|-damage|p2a: Corviknight|252/288|[from] Recoil\n|\n|-heal|p1a: Alomomola|346/429|[from] item: Leftovers\n|-heal|p2a: Corviknight|270/288|[from] item: Leftovers\n|upkeep\n|turn|6\n|\n|t:|1781417869\n|switch|p2a: Malamar|Malamar, L82, F|275/275\n|move|p1a: Alomomola|Scald|p2a: Malamar\n|-damage|p2a: Malamar|220/275\n|\n|-heal|p2a: Malamar|237/275|[from] item: Leftovers\n|-heal|p1a: Alomomola|372/429|[from] item: Leftovers\n|upkeep\n|turn|7\n|inactive|TaleThatWasntRight has 90 seconds left.\n|\n|t:|1781417888\n|move|p2a: Malamar|Superpower|p1a: Alomomola\n|-damage|p1a: Alomomola|295/429\n|-boost|p2a: Malamar|atk|1\n|-boost|p2a: Malamar|def|1\n|move|p1a: Alomomola|Scald|p2a: Malamar\n|-damage|p2a: Malamar|182/275\n|\n|-heal|p2a: Malamar|199/275|[from] item: Leftovers\n|-heal|p1a: Alomomola|321/429|[from] item: Leftovers\n|upkeep\n|turn|8\n|c|\u2606TaleThatWasntRight|30%...\n|\n|t:|1781417897\n|move|p2a: Malamar|Knock Off|p1a: Alomomola\n|-damage|p1a: Alomomola|180/429\n|-enditem|p1a: Alomomola|Leftovers|[from] move: Knock Off|[of] p2a: Malamar\n|move|p1a: Alomomola|Scald|p2a: Malamar\n|-crit|p2a: Malamar\n|-damage|p2a: Malamar|115/275\n|\n|-heal|p2a: Malamar|132/275|[from] item: Leftovers\n|upkeep\n|turn|9\n|\n|t:|1781417906\n|move|p2a: Malamar|Superpower|p1a: Alomomola\n|-damage|p1a: Alomomola|52/429\n|-boost|p2a: Malamar|atk|1\n|-boost|p2a: Malamar|def|1\n|move|p1a: Alomomola|Scald|p2a: Malamar\n|-damage|p2a: Malamar|74/275\n|-status|p2a: Malamar|brn\n|\n|-heal|p2a: Malamar|91/275 brn|[from] item: Leftovers\n|-damage|p2a: Malamar|74/275 brn|[from] brn\n|upkeep\n|turn|10\n|\n|t:|1781417911\n|move|p2a: Malamar|Rest|p2a: Malamar\n|-status|p2a: Malamar|slp|[from] move: Rest\n|-heal|p2a: Malamar|275/275 slp|[silent]\n|move|p1a: Alomomola|Wish|p1a: Alomomola\n|\n|upkeep\n|turn|11\n|\n|t:|1781417919\n|switch|p1a: Rotom|Rotom-Mow, L87|229/229\n|cant|p2a: Malamar|slp\n|move|p2a: Malamar|Sleep Talk|p2a: Malamar\n|move|p2a: Malamar|Superpower|p1a: Rotom|[from] move: Sleep Talk\n|-damage|p1a: Rotom|107/229\n|-boost|p2a: Malamar|atk|1\n|-boost|p2a: Malamar|def|1\n|\n|-heal|p1a: Rotom|229/229|[from] move: Wish|[wisher] Alomomola\n|upkeep\n|turn|12\n|inactive|TaleThatWasntRight has 120 seconds left.\n|\n|t:|1781417928\n|move|p1a: Rotom|Thunderbolt|p2a: Malamar\n|-damage|p2a: Malamar|151/275 slp\n|cant|p2a: Malamar|slp\n|move|p2a: Malamar|Sleep Talk|p2a: Malamar\n|move|p2a: Malamar|Knock Off|p1a: Rotom|[from] move: Sleep Talk\n|-damage|p1a: Rotom|43/229\n|-enditem|p1a: Rotom|Leftovers|[from] move: Knock Off|[of] p2a: Malamar\n|\n|-heal|p2a: Malamar|168/275 slp|[from] item: Leftovers\n|upkeep\n|turn|13\n|\n|t:|1781417936\n|move|p1a: Rotom|Leaf Storm|p2a: Malamar|[miss]\n|-miss|p1a: Rotom|p2a: Malamar\n|-curestatus|p2a: Malamar|slp|[msg]\n|move|p2a: Malamar|Superpower|p1a: Rotom\n|-damage|p1a: Rotom|0 fnt\n|-boost|p2a: Malamar|atk|1\n|-boost|p2a: Malamar|def|1\n|faint|p1a: Rotom\n|\n|-heal|p2a: Malamar|185/275|[from] item: Leftovers\n|upkeep\n|\n|t:|1781417939\n|switch|p1a: Typhlosion|Typhlosion, L84, F|267/267\n|turn|14\n|\n|t:|1781417950\n|move|p1a: Typhlosion|Eruption|p2a: Malamar\n|-damage|p2a: Malamar|0 fnt\n|faint|p2a: Malamar\n|\n|upkeep\n|\n|t:|1781417956\n|switch|p2a: Scream Tail|Scream Tail, L84|330/330\n|turn|15\n|\n|t:|1781417970\n|move|p1a: Typhlosion|Eruption|p2a: Scream Tail\n|-damage|p2a: Scream Tail|185/330\n|move|p2a: Scream Tail|Thunder Wave|p1a: Typhlosion\n|-status|p1a: Typhlosion|par\n|\n|-heal|p2a: Scream Tail|205/330|[from] item: Leftovers\n|upkeep\n|turn|16\n|\n|t:|1781417979\n|switch|p1a: Alomomola|Alomomola, L87, M|195/429\n|move|p2a: Scream Tail|Wish|p2a: Scream Tail\n|\n|-heal|p2a: Scream Tail|225/330|[from] item: Leftovers\n|upkeep\n|turn|17\n|\n|t:|1781417985\n|-end|p2a: Scream Tail|Protosynthesis|[silent]\n|switch|p2a: Garchomp|Garchomp, L74, F|282/282\n|move|p1a: Alomomola|Wish|p1a: Alomomola\n|\n|upkeep\n|turn|18\n|\n|t:|1781417993\n|switch|p2a: Sawsbuck|Sawsbuck-Winter, L88, F|284/284\n|move|p1a: Alomomola|Scald|p2a: Sawsbuck\n|-resisted|p2a: Sawsbuck\n|-damage|p2a: Sawsbuck|258/284\n|\n|-heal|p1a: Alomomola|409/429|[from] move: Wish|[wisher] Alomomola\n|upkeep\n|turn|19\n|\n|t:|1781418009\n|move|p2a: Sawsbuck|High Horsepower|p1a: Alomomola\n|-crit|p1a: Alomomola\n|-damage|p1a: Alomomola|256/429\n|-damage|p2a: Sawsbuck|230/284|[from] item: Life Orb\n|move|p1a: Alomomola|Scald|p2a: Sawsbuck\n|-resisted|p2a: Sawsbuck\n|-damage|p2a: Sawsbuck|202/284\n|\n|upkeep\n|turn|20\n|\n|t:|1781418016\n|move|p2a: Sawsbuck|Swords Dance|p2a: Sawsbuck\n|-boost|p2a: Sawsbuck|atk|2\n|move|p1a: Alomomola|Scald|p2a: Sawsbuck\n|-resisted|p2a: Sawsbuck\n|-damage|p2a: Sawsbuck|177/284\n|-status|p2a: Sawsbuck|brn\n|\n|-damage|p2a: Sawsbuck|160/284 brn|[from] brn\n|upkeep\n|turn|21\n|\n|t:|1781418022\n|switch|p1a: Mienshao|Mienshao, L83, M|244/244\n|move|p2a: Sawsbuck|Headbutt|p1a: Mienshao\n|-damage|p1a: Mienshao|108/244\n|-damage|p2a: Sawsbuck|132/284 brn|[from] item: Life Orb\n|\n|-damage|p2a: Sawsbuck|115/284 brn|[from] brn\n|upkeep\n|turn|22\n|\n|t:|1781418034\n|switch|p2a: Corviknight|Corviknight, L80, F|270/288\n|move|p1a: Mienshao|Triple Axel|p2a: Corviknight\n|-damage|p2a: Corviknight|251/288\n|-damage|p2a: Corviknight|213/288\n|-damage|p2a: Corviknight|151/288\n|-hitcount|p2a: Corviknight|3\n|-damage|p1a: Mienshao|84/244|[from] item: Life Orb\n|\n|-heal|p2a: Corviknight|169/288|[from] item: Leftovers\n|upkeep\n|turn|23\n|\n|t:|1781418041\n|move|p1a: Mienshao|Close Combat|p2a: Corviknight\n|-damage|p2a: Corviknight|0 fnt\n|-unboost|p1a: Mienshao|def|1\n|-unboost|p1a: Mienshao|spd|1\n|faint|p2a: Corviknight\n|-damage|p1a: Mienshao|60/244|[from] item: Life Orb\n|\n|upkeep\n|\n|t:|1781418046\n|switch|p2a: Garchomp|Garchomp, L74, F|282/282\n|turn|24\n|\n|t:|1781418050\n|move|p1a: Mienshao|Triple Axel|p2a: Garchomp\n|-supereffective|p2a: Garchomp\n|-damage|p2a: Garchomp|183/282\n|-damage|p1a: Mienshao|30/244|[from] ability: Rough Skin|[of] p2a: Garchomp\n|-damage|p1a: Mienshao|0 fnt|[from] item: Rocky Helmet|[of] p2a: Garchomp\n|faint|p1a: Mienshao\n|-hitcount|p2a: Garchomp|1\n|move|p2a: Garchomp|Earthquake|p1: Mienshao|[notarget]\n|-fail|p2a: Garchomp\n|\n|upkeep\n|\n|t:|1781418058\n|switch|p1a: Virizion|Virizion, L82|283/283\n|turn|25\n|\n|t:|1781418067\n|switch|p2a: Scream Tail|Scream Tail, L84|225/330\n|move|p1a: Virizion|Leaf Blade|p2a: Scream Tail\n|-damage|p2a: Scream Tail|122/330\n|-damage|p1a: Virizion|255/283|[from] item: Life Orb\n|\n|-heal|p2a: Scream Tail|142/330|[from] item: Leftovers\n|upkeep\n|turn|26\n|\n|t:|1781418074\n|-terastallize|p1a: Virizion|Rock\n|move|p2a: Scream Tail|Thunder Wave|p1a: Virizion|[miss]\n|-miss|p2a: Scream Tail|p1a: Virizion\n|move|p1a: Virizion|Swords Dance|p1a: Virizion\n|-boost|p1a: Virizion|atk|2\n|\n|-heal|p2a: Scream Tail|162/330|[from] item: Leftovers\n|upkeep\n|turn|27\n|-message|Fartsbloods forfeited.\n|\n|win|TaleThatWasntRight\n|raw|TaleThatWasntRight's rating: 1056 &rarr; <strong>1086</strong><br />(+30 for winning)\n|raw|Fartsbloods's rating: 1040 &rarr; <strong>1025</strong><br />(-15 for losing)\n|l|\u203dFartsbloods\n|player|p2|\n", "uploadtime": 1781418084, "views": 7, "formatid": "gen9randombattle", "rating": 1025, "private": 0, "password": null}