{"id": "gen9randombattle-2631936016", "format": "[Gen 9] Random Battle", "players": ["catlib", "schleeby"], "log": "|j|\u2606catlib\n|j|\u2606schleeby\n|t:|1781457475\n|gametype|singles\n|player|p1|catlib|birdkeeper|1990\n|player|p2|schleeby|rosa|2059\n|gen|9\n|tier|[Gen 9] Random Battle\n|rated|\n|rule|Species Clause: Limit one of each Pok\u00e9mon\n|rule|HP Percentage Mod: HP is shown in percentages\n|rule|Sleep Clause Mod: Limit one foe put to sleep\n|rule|Illusion Level Mod: Illusion disguises the Pok\u00e9mon's true level\n|\n|t:|1781457475\n|teamsize|p1|6\n|teamsize|p2|6\n|start\n|switch|p1a: Noivern|Noivern, L82, F|274/274\n|switch|p2a: Brambleghast|Brambleghast, L88, F|240/240\n|turn|1\n|inactive|Battle timer is ON: inactive players will automatically lose when time's up. (requested by catlib)\n|\n|t:|1781457484\n|move|p1a: Noivern|Flamethrower|p2a: Brambleghast\n|-supereffective|p2a: Brambleghast\n|-damage|p2a: Brambleghast|32/240\n|move|p2a: Brambleghast|Spikes|p1a: Noivern\n|-sidestart|p1: catlib|Spikes\n|\n|-heal|p2a: Brambleghast|47/240|[from] item: Leftovers\n|upkeep\n|turn|2\n|\n|t:|1781457490\n|switch|p2a: Charizard|Charizard, L85, F|271/271\n|move|p1a: Noivern|Flamethrower|p2a: Charizard\n|-resisted|p2a: Charizard\n|-damage|p2a: Charizard|227/271\n|\n|upkeep\n|turn|3\n|\n|t:|1781457516\n|switch|p1a: Kingdra|Kingdra, L84, M|263/263\n|-damage|p1a: Kingdra|231/263|[from] Spikes\n|move|p2a: Charizard|Will-O-Wisp|p1a: Kingdra\n|-status|p1a: Kingdra|brn\n|\n|-damage|p1a: Kingdra|215/263 brn|[from] brn\n|upkeep\n|turn|4\n|\n|t:|1781457530\n|switch|p2a: Oranguru|Oranguru, L92, M|315/315\n|move|p1a: Kingdra|Wave Crash|p2a: Oranguru\n|-damage|p2a: Oranguru|242/315\n|-damage|p1a: Kingdra|191/263 brn|[from] Recoil\n|-damage|p1a: Kingdra|165/263 brn|[from] item: Life Orb\n|\n|-heal|p2a: Oranguru|261/315|[from] item: Leftovers\n|-damage|p1a: Kingdra|149/263 brn|[from] brn\n|upkeep\n|turn|5\n|inactive|catlib has 120 seconds left.\n|\n|t:|1781457556\n|switch|p1a: Spidops|Spidops, L96, M|271/271\n|move|p2a: Oranguru|Nasty Plot|p2a: Oranguru\n|-boost|p2a: Oranguru|spa|2\n|\n|-heal|p2a: Oranguru|280/315|[from] item: Leftovers\n|upkeep\n|turn|6\n|\n|t:|1781457562\n|move|p2a: Oranguru|Psychic|p1a: Spidops\n|-damage|p1a: Spidops|69/271\n|move|p1a: Spidops|Sticky Web|p2a: Oranguru\n|-sidestart|p2: schleeby|move: Sticky Web\n|\n|-heal|p2a: Oranguru|299/315|[from] item: Leftovers\n|upkeep\n|turn|7\n|\n|t:|1781457567\n|move|p2a: Oranguru|Psychic|p1a: Spidops\n|-damage|p1a: Spidops|0 fnt\n|faint|p1a: Spidops\n|\n|-heal|p2a: Oranguru|315/315|[from] item: Leftovers\n|upkeep\n|inactive|catlib has 120 seconds left.\n|\n|t:|1781457589\n|switch|p1a: Yanmega|Yanmega, L82, F|275/275\n|turn|8\n|\n|t:|1781457599\n|move|p1a: Yanmega|U-turn|p2a: Oranguru\n|-supereffective|p2a: Oranguru\n|-damage|p2a: Oranguru|195/315\n|\n|t:|1781457602\n|switch|p1a: Kingdra|Kingdra, L84, M|149/263 brn|[from] U-turn\n|-damage|p1a: Kingdra|117/263 brn|[from] Spikes\n|move|p2a: Oranguru|Psychic|p1a: Kingdra\n|-damage|p1a: Kingdra|0 fnt\n|faint|p1a: Kingdra\n|\n|-heal|p2a: Oranguru|214/315|[from] item: Leftovers\n|upkeep\n|\n|t:|1781457604\n|switch|p1a: Yanmega|Yanmega, L82, F|275/275\n|turn|9\n|\n|t:|1781457608\n|move|p1a: Yanmega|Bug Buzz|p2a: Oranguru\n|-supereffective|p2a: Oranguru\n|-damage|p2a: Oranguru|0 fnt\n|faint|p2a: Oranguru\n|\n|upkeep\n|\n|t:|1781457611\n|switch|p2a: Charizard|Charizard, L85, F|227/271\n|turn|10\n|\n|t:|1781457622\n|switch|p1a: Noivern|Noivern, L82, F|274/274\n|move|p2a: Charizard|Hurricane|p1a: Noivern\n|-damage|p1a: Noivern|126/274\n|\n|upkeep\n|turn|11\n|\n|t:|1781457631\n|switch|p2a: Necrozma|Necrozma-Dusk-Mane, L69|248/248\n|-activate|p2a: Necrozma|move: Sticky Web\n|-unboost|p2a: Necrozma|spe|1\n|move|p1a: Noivern|Draco Meteor|p2a: Necrozma\n|-resisted|p2a: Necrozma\n|-crit|p2a: Necrozma\n|-damage|p2a: Necrozma|92/248\n|-unboost|p1a: Noivern|spa|2\n|\n|upkeep\n|turn|12\n|\n|t:|1781457641\n|switch|p1a: Yanmega|Yanmega, L82, F|275/275\n|move|p2a: Necrozma|Morning Sun|p2a: Necrozma\n|-heal|p2a: Necrozma|216/248\n|\n|upkeep\n|turn|13\n|\n|t:|1781457652\n|move|p1a: Yanmega|Bug Buzz|p2a: Necrozma\n|-damage|p2a: Necrozma|71/248\n|move|p2a: Necrozma|Morning Sun|p2a: Necrozma\n|-heal|p2a: Necrozma|195/248\n|\n|upkeep\n|turn|14\n|\n|t:|1781457663\n|switch|p1a: Banette|Banette, L93, F|270/270\n|-damage|p1a: Banette|237/270|[from] Spikes\n|move|p2a: Necrozma|Morning Sun|p2a: Necrozma\n|-heal|p2a: Necrozma|248/248\n|\n|upkeep\n|turn|15\n|\n|t:|1781457670\n|switch|p2a: Dudunsparce|Dudunsparce, L83, M|343/343\n|-activate|p2a: Dudunsparce|move: Sticky Web\n|-unboost|p2a: Dudunsparce|spe|1\n|move|p1a: Banette|Poltergeist|p2a: Dudunsparce\n|-immune|p2a: Dudunsparce\n|\n|upkeep\n|turn|16\n|\n|t:|1781457687\n|switch|p1a: Pawmot|Pawmot, L80, F|243/243\n|-damage|p1a: Pawmot|213/243|[from] Spikes\n|move|p2a: Dudunsparce|Glare|p1a: Pawmot\n|-immune|p1a: Pawmot\n|\n|upkeep\n|turn|17\n|\n|t:|1781457704\n|move|p1a: Pawmot|Close Combat|p2a: Dudunsparce\n|-supereffective|p2a: Dudunsparce\n|-damage|p2a: Dudunsparce|0 fnt\n|-unboost|p1a: Pawmot|def|1\n|-unboost|p1a: Pawmot|spd|1\n|faint|p2a: Dudunsparce\n|-damage|p1a: Pawmot|189/243|[from] item: Life Orb\n|\n|upkeep\n|\n|t:|1781457709\n|switch|p2a: Charizard|Charizard, L85, F|227/271\n|turn|18\n|\n|t:|1781457718\n|switch|p1a: Noivern|Noivern, L82, F|126/274\n|move|p2a: Charizard|Flamethrower|p1a: Noivern\n|-resisted|p1a: Noivern\n|-damage|p1a: Noivern|62/274\n|\n|upkeep\n|turn|19\n|\n|t:|1781457724\n|switch|p2a: Necrozma|Necrozma-Dusk-Mane, L69|248/248\n|-activate|p2a: Necrozma|move: Sticky Web\n|-unboost|p2a: Necrozma|spe|1\n|move|p1a: Noivern|Draco Meteor|p2a: Necrozma\n|-resisted|p2a: Necrozma\n|-damage|p2a: Necrozma|149/248\n|-unboost|p1a: Noivern|spa|2\n|\n|upkeep\n|turn|20\n|\n|t:|1781457731\n|switch|p1a: Yanmega|Yanmega, L82, F|275/275\n|move|p2a: Necrozma|Sunsteel Strike|p1a: Yanmega\n|-damage|p1a: Yanmega|160/275\n|\n|upkeep\n|turn|21\n|\n|t:|1781457743\n|move|p1a: Yanmega|Bug Buzz|p2a: Necrozma\n|-damage|p2a: Necrozma|0 fnt\n|faint|p2a: Necrozma\n|\n|upkeep\n|\n|t:|1781457752\n|switch|p2a: Charizard|Charizard, L85, F|227/271\n|turn|22\n|\n|t:|1781457756\n|switch|p1a: Noivern|Noivern, L82, F|62/274\n|move|p2a: Charizard|Flamethrower|p1a: Noivern\n|-resisted|p1a: Noivern\n|-damage|p1a: Noivern|4/274\n|\n|upkeep\n|turn|23\n|\n|t:|1781457760\n|switch|p2a: Brambleghast|Brambleghast, L88, F|47/240\n|-activate|p2a: Brambleghast|move: Sticky Web\n|-unboost|p2a: Brambleghast|spe|1\n|move|p1a: Noivern|Draco Meteor|p2a: Brambleghast\n|-damage|p2a: Brambleghast|0 fnt\n|-unboost|p1a: Noivern|spa|2\n|faint|p2a: Brambleghast\n|\n|upkeep\n|\n|t:|1781457762\n|switch|p2a: Great Tusk|Great Tusk, L77|304/304\n|-activate|p2a: Great Tusk|move: Sticky Web\n|-unboost|p2a: Great Tusk|spe|1\n|turn|24\n|\n|t:|1781457770\n|switch|p1a: Yanmega|Yanmega, L82, F|160/275\n|move|p2a: Great Tusk|Rapid Spin|p1a: Yanmega\n|-damage|p1a: Yanmega|123/275\n|-boost|p2a: Great Tusk|spe|1\n|-sideend|p2: schleeby|Sticky Web|[from] move: Rapid Spin|[of] p2a: Great Tusk\n|\n|upkeep\n|turn|25\n|\n|t:|1781457783\n|-terastallize|p2a: Great Tusk|Steel\n|move|p1a: Yanmega|Air Slash|p2a: Great Tusk\n|-resisted|p2a: Great Tusk\n|-damage|p2a: Great Tusk|166/304\n|cant|p2a: Great Tusk|flinch\n|\n|upkeep\n|turn|26\n|\n|t:|1781457789\n|move|p1a: Yanmega|Air Slash|p2a: Great Tusk\n|-resisted|p2a: Great Tusk\n|-damage|p2a: Great Tusk|42/304\n|cant|p2a: Great Tusk|flinch\n|\n|upkeep\n|turn|27\n|\n|t:|1781457793\n|move|p1a: Yanmega|Air Slash|p2a: Great Tusk\n|-resisted|p2a: Great Tusk\n|-damage|p2a: Great Tusk|0 fnt\n|faint|p2a: Great Tusk\n|-end|p2a: Great Tusk|Protosynthesis|[silent]\n|\n|upkeep\n|\n|t:|1781457795\n|switch|p2a: Charizard|Charizard, L85, F|227/271\n|turn|28\n|\n|t:|1781457799\n|move|p2a: Charizard|Flamethrower|p1a: Yanmega\n|-supereffective|p1a: Yanmega\n|-damage|p1a: Yanmega|0 fnt\n|faint|p1a: Yanmega\n|\n|upkeep\n|\n|t:|1781457809\n|switch|p1a: Noivern|Noivern, L82, F|4/274\n|turn|29\n|\n|t:|1781457811\n|move|p1a: Noivern|Draco Meteor|p2a: Charizard\n|-damage|p2a: Charizard|22/271\n|-unboost|p1a: Noivern|spa|2\n|move|p2a: Charizard|Flamethrower|p1a: Noivern\n|-resisted|p1a: Noivern\n|-damage|p1a: Noivern|0 fnt\n|faint|p1a: Noivern\n|\n|upkeep\n|\n|t:|1781457814\n|switch|p1a: Banette|Banette, L93, F|237/270\n|-damage|p1a: Banette|204/270|[from] Spikes\n|turn|30\n|\n|t:|1781457816\n|move|p1a: Banette|Shadow Sneak|p2a: Charizard\n|-damage|p2a: Charizard|0 fnt\n|faint|p2a: Charizard\n|-damage|p1a: Banette|177/270|[from] item: Life Orb\n|\n|win|catlib\n", "uploadtime": 1781457477, "views": 3, "formatid": "gen9randombattle", "rating": null, "private": 0, "password": null}