{"id": "gen9randombattle-2631427618", "format": "[Gen 9] Random Battle", "players": ["antibeato", "xadu133"], "log": "|j|\u2606antibeato\n|j|\u2606xadu133\n|t:|1781383366\n|gametype|singles\n|player|p1|antibeato|102|1914\n|player|p2|xadu133|norman|1919\n|gen|9\n|tier|[Gen 9] Random Battle\n|rated|\n|rule|Species Clause: Limit one of each Pok\u00e9mon\n|rule|HP Percentage Mod: HP is shown in percentages\n|rule|Sleep Clause Mod: Limit one foe put to sleep\n|rule|Illusion Level Mod: Illusion disguises the Pok\u00e9mon's true level\n|\n|t:|1781383366\n|teamsize|p1|6\n|teamsize|p2|6\n|start\n|switch|p1a: Abomasnow|Abomasnow, L84, F|287/287\n|switch|p2a: Inteleon|Inteleon, L81, F|246/246\n|-weather|Snowscape|[from] ability: Snow Warning|[of] p1a: Abomasnow\n|turn|1\n|inactive|Battle timer is ON: inactive players will automatically lose when time's up. (requested by xadu133)\n|inactive|antibeato also wants the timer to be on.\n|\n|t:|1781383377\n|move|p2a: Inteleon|U-turn|p1a: Abomasnow\n|-supereffective|p1a: Abomasnow\n|-damage|p1a: Abomasnow|221/287\n|\n|t:|1781383387\n|switch|p2a: Hypno|Hypno, L95, M|315/315|[from] U-turn\n|move|p1a: Abomasnow|Aurora Veil|p1a: Abomasnow\n|-sidestart|p1: antibeato|move: Aurora Veil\n|\n|-weather|Snowscape|[upkeep]\n|upkeep\n|turn|2\n|inactive|antibeato has 120 seconds left.\n|\n|t:|1781383419\n|switch|p1a: Munkidori|Munkidori, L79, M|269/269\n|move|p2a: Hypno|Toxic|p1a: Munkidori\n|-immune|p1a: Munkidori\n|\n|-weather|Snowscape|[upkeep]\n|upkeep\n|turn|3\n|\n|t:|1781383427\n|switch|p2a: Clodsire|Clodsire, L81, M|343/343\n|move|p1a: Munkidori|U-turn|p2a: Clodsire\n|-resisted|p2a: Clodsire\n|-damage|p2a: Clodsire|320/343\n|\n|t:|1781383432\n|switch|p1a: Camerupt|Camerupt, L91, M|275/275|[from] U-turn\n|\n|-weather|Snowscape|[upkeep]\n|-heal|p2a: Clodsire|341/343|[from] item: Leftovers\n|upkeep\n|turn|4\n|\n|t:|1781383443\n|switch|p2a: Bombirdier|Bombirdier, L85, F|258/258\n|move|p1a: Camerupt|Stealth Rock|p2a: Bombirdier\n|-sidestart|p2: xadu133|move: Stealth Rock\n|\n|-weather|Snowscape|[upkeep]\n|upkeep\n|turn|5\n|\n|t:|1781383449\n|move|p2a: Bombirdier|Knock Off|p1a: Camerupt\n|-damage|p1a: Camerupt|215/275\n|-enditem|p1a: Camerupt|Leftovers|[from] move: Knock Off|[of] p2a: Bombirdier\n|move|p1a: Camerupt|Will-O-Wisp|p2a: Bombirdier\n|-status|p2a: Bombirdier|brn\n|\n|-weather|none\n|-damage|p2a: Bombirdier|242/258 brn|[from] brn\n|upkeep\n|turn|6\n|\n|t:|1781383462\n|switch|p2a: Hypno|Hypno, L95, M|315/315\n|-damage|p2a: Hypno|276/315|[from] Stealth Rock\n|move|p1a: Camerupt|Overheat|p2a: Hypno\n|-damage|p2a: Hypno|156/315\n|-unboost|p1a: Camerupt|spa|2\n|\n|-heal|p2a: Hypno|175/315|[from] item: Leftovers\n|upkeep\n|turn|7\n|\n|t:|1781383468\n|move|p2a: Hypno|Psychic Noise|p1a: Camerupt\n|-damage|p1a: Camerupt|171/275\n|-start|p1a: Camerupt|move: Heal Block\n|move|p1a: Camerupt|Earthquake|p2a: Hypno\n|-damage|p2a: Hypno|48/315\n|\n|-heal|p2a: Hypno|67/315|[from] item: Leftovers\n|upkeep\n|turn|8\n|\n|t:|1781383476\n|move|p2a: Hypno|Toxic|p1a: Camerupt\n|-status|p1a: Camerupt|tox\n|move|p1a: Camerupt|Earthquake|p2a: Hypno\n|-damage|p2a: Hypno|0 fnt\n|faint|p2a: Hypno\n|\n|-damage|p1a: Camerupt|154/275 tox|[from] psn\n|-end|p1a: Camerupt|move: Heal Block\n|-sideend|p1: antibeato|move: Aurora Veil\n|upkeep\n|\n|t:|1781383499\n|switch|p2a: Inteleon|Inteleon, L81, F|246/246\n|-damage|p2a: Inteleon|216/246|[from] Stealth Rock\n|turn|9\n|inactive|xadu133 has 120 seconds left.\n|\n|t:|1781383528\n|move|p2a: Inteleon|Scald|p1a: Camerupt\n|-supereffective|p1a: Camerupt\n|-damage|p1a: Camerupt|0 fnt\n|faint|p1a: Camerupt\n|\n|upkeep\n|\n|t:|1781383534\n|switch|p1a: Abomasnow|Abomasnow, L84, F|221/287\n|-weather|Snowscape|[from] ability: Snow Warning|[of] p1a: Abomasnow\n|turn|10\n|\n|t:|1781383542\n|switch|p2a: Metagross|Metagross, L79|256/256\n|-damage|p2a: Metagross|240/256|[from] Stealth Rock\n|move|p1a: Abomasnow|Aurora Veil|p1a: Abomasnow\n|-sidestart|p1: antibeato|move: Aurora Veil\n|\n|-weather|Snowscape|[upkeep]\n|upkeep\n|turn|11\n|\n|t:|1781383554\n|switch|p1a: Honchkrow|Honchkrow, L86, M|312/312\n|move|p2a: Metagross|Agility|p2a: Metagross\n|-boost|p2a: Metagross|spe|2\n|\n|-weather|Snowscape|[upkeep]\n|upkeep\n|turn|12\n|inactive|xadu133 has 120 seconds left.\n|\n|t:|1781383579\n|switch|p2a: Bombirdier|Bombirdier, L85, F|242/258 brn\n|-damage|p2a: Bombirdier|178/258 brn|[from] Stealth Rock\n|move|p1a: Honchkrow|Heat Wave|p2a: Bombirdier\n|-damage|p2a: Bombirdier|97/258 brn\n|\n|-weather|Snowscape|[upkeep]\n|-damage|p2a: Bombirdier|81/258 brn|[from] brn\n|upkeep\n|turn|13\n|\n|t:|1781383588\n|move|p2a: Bombirdier|Knock Off|p1a: Honchkrow\n|-resisted|p1a: Honchkrow\n|-damage|p1a: Honchkrow|293/312\n|-enditem|p1a: Honchkrow|Heavy-Duty Boots|[from] move: Knock Off|[of] p2a: Bombirdier\n|move|p1a: Honchkrow|Brave Bird|p2a: Bombirdier\n|-damage|p2a: Bombirdier|0 fnt\n|faint|p2a: Bombirdier\n|-ability|p1a: Honchkrow|Moxie|boost\n|-boost|p1a: Honchkrow|atk|1\n|-damage|p1a: Honchkrow|266/312|[from] Recoil\n|\n|-weather|Snowscape|[upkeep]\n|upkeep\n|inactive|xadu133 has 120 seconds left.\n|\n|t:|1781383625\n|switch|p2a: Clodsire|Clodsire, L81, M|341/343\n|-damage|p2a: Clodsire|320/343|[from] Stealth Rock\n|turn|14\n|\n|t:|1781383630\n|move|p1a: Honchkrow|Brave Bird|p2a: Clodsire\n|-damage|p2a: Clodsire|83/343\n|-damage|p1a: Honchkrow|188/312|[from] Recoil\n|move|p2a: Clodsire|Spikes|p1a: Honchkrow\n|-sidestart|p1: antibeato|Spikes\n|\n|-weather|none\n|-heal|p2a: Clodsire|104/343|[from] item: Leftovers\n|upkeep\n|turn|15\n|\n|t:|1781383641\n|move|p1a: Honchkrow|Brave Bird|p2a: Clodsire\n|-damage|p2a: Clodsire|0 fnt\n|faint|p2a: Clodsire\n|-ability|p1a: Honchkrow|Moxie|boost\n|-boost|p1a: Honchkrow|atk|1\n|-damage|p1a: Honchkrow|154/312|[from] Recoil\n|\n|upkeep\n|\n|t:|1781383646\n|switch|p2a: Dugtrio|Dugtrio-Alola, L84, F|196/196\n|-damage|p2a: Dugtrio|190/196|[from] Stealth Rock\n|turn|16\n|\n|t:|1781383654\n|move|p1a: Honchkrow|Sucker Punch||[still]\n|-fail|p1a: Honchkrow\n|move|p2a: Dugtrio|Swords Dance|p2a: Dugtrio\n|-boost|p2a: Dugtrio|atk|2\n|\n|upkeep\n|turn|17\n|\n|t:|1781383659\n|move|p1a: Honchkrow|Sucker Punch|p2a: Dugtrio\n|-damage|p2a: Dugtrio|0 fnt\n|-ability|p2a: Dugtrio|Tangling Hair\n|-unboost|p1a: Honchkrow|spe|1\n|faint|p2a: Dugtrio\n|-ability|p1a: Honchkrow|Moxie|boost\n|-boost|p1a: Honchkrow|atk|1\n|\n|-sideend|p1: antibeato|move: Aurora Veil\n|upkeep\n|\n|t:|1781383667\n|switch|p2a: Inteleon|Inteleon, L81, F|216/246\n|-damage|p2a: Inteleon|186/246|[from] Stealth Rock\n|turn|18\n|-message|xadu133 forfeited.\n|\n|win|antibeato\n", "uploadtime": 1781383367, "views": 8, "formatid": "gen9randombattle", "rating": null, "private": 0, "password": null}