{"id": "gen9randombattle-2631442134", "format": "[Gen 9] Random Battle", "players": ["songwinner", "dillrpg"], "log": "|j|\u2606songwinner\n|j|\u2606dillrpg\n|t:|1781385156\n|gametype|singles\n|player|p1|songwinner|266|1326\n|player|p2|dillrpg|101|1314\n|gen|9\n|tier|[Gen 9] Random Battle\n|rated|\n|rule|Species Clause: Limit one of each Pok\u00e9mon\n|rule|HP Percentage Mod: HP is shown in percentages\n|rule|Sleep Clause Mod: Limit one foe put to sleep\n|rule|Illusion Level Mod: Illusion disguises the Pok\u00e9mon's true level\n|\n|t:|1781385156\n|teamsize|p1|6\n|teamsize|p2|6\n|start\n|switch|p1a: Banette|Banette, L93, M|270/270\n|switch|p2a: Amoonguss|Amoonguss, L82, F|321/321\n|turn|1\n|\n|t:|1781385170\n|switch|p1a: Umbreon|Umbreon, L84, M|297/297\n|move|p2a: Amoonguss|Spore|p1a: Umbreon\n|-status|p1a: Umbreon|slp|[from] move: Spore\n|\n|upkeep\n|turn|2\n|\n|t:|1781385188\n|cant|p1a: Umbreon|slp\n|move|p2a: Amoonguss|Sludge Bomb|p1a: Umbreon\n|-damage|p1a: Umbreon|233/297 slp\n|\n|-heal|p1a: Umbreon|251/297 slp|[from] item: Leftovers\n|upkeep\n|turn|3\n|\n|t:|1781385220\n|switch|p2a: Cobalion|Cobalion, L80|277/277\n|-terastallize|p1a: Umbreon|Poison\n|-curestatus|p1a: Umbreon|slp|[msg]\n|move|p1a: Umbreon|Foul Play|p2a: Cobalion\n|-resisted|p2a: Cobalion\n|-damage|p2a: Cobalion|249/277\n|-ability|p2a: Cobalion|Justified|boost\n|-boost|p2a: Cobalion|atk|1\n|\n|-heal|p2a: Cobalion|266/277|[from] item: Leftovers\n|-heal|p1a: Umbreon|269/297|[from] item: Leftovers\n|upkeep\n|turn|4\n|\n|t:|1781385232\n|move|p1a: Umbreon|Protect|p1a: Umbreon\n|-singleturn|p1a: Umbreon|Protect\n|move|p2a: Cobalion|Calm Mind|p2a: Cobalion\n|-boost|p2a: Cobalion|spa|1\n|-boost|p2a: Cobalion|spd|1\n|\n|-heal|p2a: Cobalion|277/277|[from] item: Leftovers\n|-heal|p1a: Umbreon|287/297|[from] item: Leftovers\n|upkeep\n|turn|5\n|\n|t:|1781385245\n|switch|p1a: Pyroar|Pyroar, L88, M|295/295\n|-ability|p1a: Pyroar|Unnerve\n|move|p2a: Cobalion|Calm Mind|p2a: Cobalion\n|-boost|p2a: Cobalion|spa|1\n|-boost|p2a: Cobalion|spd|1\n|\n|upkeep\n|turn|6\n|inactive|Battle timer is ON: inactive players will automatically lose when time's up. (requested by songwinner)\n|\n|t:|1781385258\n|-terastallize|p2a: Cobalion|Ghost\n|move|p1a: Pyroar|Fire Blast|p2a: Cobalion\n|-damage|p2a: Cobalion|198/277\n|move|p2a: Cobalion|Aura Sphere|p1a: Pyroar\n|-supereffective|p1a: Pyroar\n|-damage|p1a: Pyroar|0 fnt\n|faint|p1a: Pyroar\n|\n|-heal|p2a: Cobalion|215/277|[from] item: Leftovers\n|upkeep\n|\n|t:|1781385283\n|switch|p1a: Banette|Banette, L93, M|270/270\n|turn|7\n|\n|t:|1781385288\n|move|p1a: Banette|Shadow Sneak|p2a: Cobalion\n|-supereffective|p2a: Cobalion\n|-crit|p2a: Cobalion\n|-damage|p2a: Cobalion|33/277\n|-damage|p1a: Banette|243/270|[from] item: Life Orb\n|move|p2a: Cobalion|Flash Cannon|p1a: Banette\n|-damage|p1a: Banette|86/270\n|-start|p2a: Cobalion|Disable|Flash Cannon|[from] ability: Cursed Body|[of] p1a: Banette\n|\n|-heal|p2a: Cobalion|50/277|[from] item: Leftovers\n|upkeep\n|turn|8\n|\n|t:|1781385302\n|switch|p2a: Terapagos|Terapagos, L77, M|265/265\n|-activate|p2a: Terapagos|ability: Tera Shift\n|detailschange|p2a: Terapagos|Terapagos-Terastal, L77, M\n|-heal|p2a: Terapagos|273/273|[silent]\n|move|p1a: Banette|Shadow Sneak|p2a: Terapagos\n|-immune|p2a: Terapagos\n|\n|upkeep\n|turn|9\n|\n|t:|1781385308\n|move|p2a: Terapagos|Calm Mind|p2a: Terapagos\n|-boost|p2a: Terapagos|spa|1\n|-boost|p2a: Terapagos|spd|1\n|move|p1a: Banette|Gunk Shot|p2a: Terapagos\n|-activate|p2a: Terapagos|ability: Tera Shell\n|-resisted|p2a: Terapagos\n|-damage|p2a: Terapagos|200/273\n|-damage|p1a: Banette|59/270|[from] item: Life Orb\n|\n|upkeep\n|turn|10\n|\n|t:|1781385311\n|move|p2a: Terapagos|Dark Pulse|p1a: Banette\n|-supereffective|p1a: Banette\n|-damage|p1a: Banette|0 fnt\n|faint|p1a: Banette\n|\n|upkeep\n|\n|t:|1781385317\n|switch|p1a: Mienshao|Mienshao, L83, F|244/244\n|turn|11\n|\n|t:|1781385332\n|switch|p2a: Cobalion|Cobalion, L80, tera:Ghost|50/277\n|move|p1a: Mienshao|Fake Out|p2a: Cobalion\n|-immune|p2a: Cobalion\n|\n|-heal|p2a: Cobalion|67/277|[from] item: Leftovers\n|upkeep\n|turn|12\n|\n|t:|1781385338\n|move|p2a: Cobalion|Vacuum Wave|p1a: Mienshao\n|-damage|p1a: Mienshao|211/244\n|move|p1a: Mienshao|Knock Off|p2a: Cobalion\n|-supereffective|p2a: Cobalion\n|-damage|p2a: Cobalion|0 fnt\n|-enditem|p2a: Cobalion|Leftovers|[from] move: Knock Off|[of] p1a: Mienshao\n|faint|p2a: Cobalion\n|\n|upkeep\n|\n|t:|1781385343\n|switch|p2a: Iron Moth|Iron Moth, L78|253/253\n|turn|13\n|\n|t:|1781385355\n|switch|p1a: Umbreon|Umbreon, L84, M, tera:Poison|287/297\n|move|p2a: Iron Moth|Fiery Dance|p1a: Umbreon\n|-damage|p1a: Umbreon|175/297\n|\n|-heal|p1a: Umbreon|193/297|[from] item: Leftovers\n|upkeep\n|turn|14\n|\n|t:|1781385362\n|move|p2a: Iron Moth|Fiery Dance|p1a: Umbreon\n|-damage|p1a: Umbreon|76/297\n|move|p1a: Umbreon|Wish|p1a: Umbreon\n|\n|-heal|p1a: Umbreon|94/297|[from] item: Leftovers\n|upkeep\n|turn|15\n|\n|t:|1781385366\n|move|p1a: Umbreon|Protect|p1a: Umbreon\n|-singleturn|p1a: Umbreon|Protect\n|move|p2a: Iron Moth|Fiery Dance|p1a: Umbreon\n|-activate|p1a: Umbreon|move: Protect\n|\n|-heal|p1a: Umbreon|242/297|[from] move: Wish|[wisher] Umbreon\n|-heal|p1a: Umbreon|260/297|[from] item: Leftovers\n|upkeep\n|turn|16\n|\n|t:|1781385371\n|move|p2a: Iron Moth|Fiery Dance|p1a: Umbreon\n|-damage|p1a: Umbreon|145/297\n|-boost|p2a: Iron Moth|spa|1\n|move|p1a: Umbreon|Wish|p1a: Umbreon\n|\n|-heal|p1a: Umbreon|163/297|[from] item: Leftovers\n|upkeep\n|turn|17\n|\n|t:|1781385375\n|move|p2a: Iron Moth|Fiery Dance|p1a: Umbreon\n|-damage|p1a: Umbreon|0 fnt\n|faint|p1a: Umbreon\n|\n|upkeep\n|\n|t:|1781385385\n|switch|p1a: Luxray|Luxray, L88, F|284/284\n|-ability|p1a: Luxray|Intimidate|boost\n|-unboost|p2a: Iron Moth|atk|1\n|turn|18\n|\n|t:|1781385393\n|move|p2a: Iron Moth|Fiery Dance|p1a: Luxray\n|-damage|p1a: Luxray|128/284\n|move|p1a: Luxray|Wild Charge|p2a: Iron Moth\n|-damage|p2a: Iron Moth|84/253\n|-damage|p1a: Luxray|86/284|[from] Recoil\n|\n|upkeep\n|turn|19\n|\n|t:|1781385401\n|move|p2a: Iron Moth|Fiery Dance|p1a: Luxray\n|-damage|p1a: Luxray|0 fnt\n|faint|p1a: Luxray\n|\n|upkeep\n|\n|t:|1781385405\n|switch|p1a: Tornadus|Tornadus-Therian, L79, M|254/254\n|turn|20\n|\n|t:|1781385412\n|move|p1a: Tornadus|Bleakwind Storm|p2a: Iron Moth|[miss]\n|-miss|p1a: Tornadus|p2a: Iron Moth\n|move|p2a: Iron Moth|Fiery Dance|p1a: Tornadus\n|-damage|p1a: Tornadus|28/254\n|\n|upkeep\n|turn|21\n|\n|t:|1781385415\n|move|p1a: Tornadus|Bleakwind Storm|p2a: Iron Moth\n|-damage|p2a: Iron Moth|0 fnt\n|faint|p2a: Iron Moth\n|-end|p2a: Iron Moth|Quark Drive|[silent]\n|\n|upkeep\n|\n|t:|1781385418\n|switch|p2a: Mamoswine|Mamoswine, L81, M|311/311\n|turn|22\n|\n|t:|1781385420\n|move|p2a: Mamoswine|Ice Shard|p1a: Tornadus\n|-supereffective|p1a: Tornadus\n|-damage|p1a: Tornadus|0 fnt\n|faint|p1a: Tornadus\n|-damage|p2a: Mamoswine|280/311|[from] item: Life Orb\n|\n|upkeep\n|\n|t:|1781385422\n|switch|p1a: Mienshao|Mienshao, L83, F|244/244\n|turn|23\n|\n|t:|1781385428\n|switch|p2a: Terapagos|Terapagos-Terastal, L77, M|200/273\n|move|p1a: Mienshao|Fake Out|p2a: Terapagos\n|-damage|p2a: Terapagos|169/273\n|\n|upkeep\n|turn|24\n|\n|t:|1781385432\n|move|p1a: Mienshao|Close Combat|p2a: Terapagos\n|-supereffective|p2a: Terapagos\n|-damage|p2a: Terapagos|0 fnt\n|-unboost|p1a: Mienshao|def|1\n|-unboost|p1a: Mienshao|spd|1\n|faint|p2a: Terapagos\n|\n|upkeep\n|\n|t:|1781385435\n|switch|p2a: Hawlucha|Hawlucha, L80, M|256/256\n|turn|25\n|\n|t:|1781385442\n|move|p2a: Hawlucha|Acrobatics|p1a: Mienshao\n|-supereffective|p1a: Mienshao\n|-damage|p1a: Mienshao|22/244\n|move|p1a: Mienshao|Knock Off|p2a: Hawlucha\n|-resisted|p2a: Hawlucha\n|-damage|p2a: Hawlucha|206/256\n|-enditem|p2a: Hawlucha|White Herb|[from] move: Knock Off|[of] p1a: Mienshao\n|\n|upkeep\n|turn|26\n|\n|t:|1781385445\n|move|p2a: Hawlucha|Acrobatics|p1a: Mienshao\n|-supereffective|p1a: Mienshao\n|-damage|p1a: Mienshao|0 fnt\n|faint|p1a: Mienshao\n|\n|win|dillrpg\n|raw|songwinner's rating: 1326 &rarr; <strong>1305</strong><br />(-21 for losing)\n|raw|dillrpg's rating: 1314 &rarr; <strong>1335</strong><br />(+21 for winning)\n|l|\u2606songwinner\n|player|p1|\n", "uploadtime": 1781385447, "views": 6, "formatid": "gen9randombattle", "rating": 1305, "private": 0, "password": null}