{"id": "gen9randombattle-2631369531", "format": "[Gen 9] Random Battle", "players": ["shiworm", "retnas11"], "log": "|j|\u2606shiworm\n|j|\u2606retnas11\n|t:|1781376577\n|gametype|singles\n|player|p1|shiworm|miku-psychic|1958\n|player|p2|retnas11|swimmer-gen4dp|1943\n|gen|9\n|tier|[Gen 9] Random Battle\n|rated|\n|rule|Species Clause: Limit one of each Pok\u00e9mon\n|rule|HP Percentage Mod: HP is shown in percentages\n|rule|Sleep Clause Mod: Limit one foe put to sleep\n|rule|Illusion Level Mod: Illusion disguises the Pok\u00e9mon's true level\n|\n|t:|1781376577\n|teamsize|p1|6\n|teamsize|p2|6\n|start\n|switch|p1a: Scyther|Scyther, L82, M|249/249\n|switch|p2a: Cacturne|Cacturne, L92, M|278/278\n|turn|1\n|inactive|Battle timer is ON: inactive players will automatically lose when time's up. (requested by shiworm)\n|\n|t:|1781376600\n|switch|p2a: Glastrier|Glastrier, L86|312/312\n|move|p1a: Scyther|Swords Dance|p1a: Scyther\n|-boost|p1a: Scyther|atk|2\n|\n|upkeep\n|turn|2\n|\n|t:|1781376604\n|move|p1a: Scyther|Close Combat|p2a: Glastrier\n|-supereffective|p2a: Glastrier\n|-damage|p2a: Glastrier|54/312\n|-unboost|p1a: Scyther|def|1\n|-unboost|p1a: Scyther|spd|1\n|move|p2a: Glastrier|Icicle Crash|p1a: Scyther\n|-supereffective|p1a: Scyther\n|-crit|p1a: Scyther\n|-damage|p1a: Scyther|0 fnt\n|faint|p1a: Scyther\n|-ability|p2a: Glastrier|Chilling Neigh|boost\n|-boost|p2a: Glastrier|atk|1\n|\n|upkeep\n|\n|t:|1781376615\n|switch|p1a: Crawdaunt|Crawdaunt, L84, M|243/243\n|turn|3\n|\n|t:|1781376617\n|move|p1a: Crawdaunt|Dragon Dance|p1a: Crawdaunt\n|-boost|p1a: Crawdaunt|atk|1\n|-boost|p1a: Crawdaunt|spe|1\n|move|p2a: Glastrier|Close Combat|p1a: Crawdaunt\n|-supereffective|p1a: Crawdaunt\n|-damage|p1a: Crawdaunt|0 fnt\n|-unboost|p2a: Glastrier|def|1\n|-unboost|p2a: Glastrier|spd|1\n|faint|p1a: Crawdaunt\n|-ability|p2a: Glastrier|Chilling Neigh|boost\n|-boost|p2a: Glastrier|atk|1\n|\n|upkeep\n|\n|t:|1781376622\n|switch|p1a: Tauros|Tauros, L82, M|257/257\n|turn|4\n|\n|t:|1781376624\n|move|p1a: Tauros|Body Slam|p2a: Glastrier\n|-damage|p2a: Glastrier|0 fnt\n|faint|p2a: Glastrier\n|\n|upkeep\n|\n|t:|1781376632\n|switch|p2a: Gallade|Gallade, L80, M|240/240\n|turn|5\n|\n|t:|1781376643\n|move|p2a: Gallade|Sacred Sword|p1a: Tauros\n|-supereffective|p1a: Tauros\n|-damage|p1a: Tauros|0 fnt\n|faint|p1a: Tauros\n|\n|upkeep\n|\n|t:|1781376649\n|switch|p1a: Typhlosion|Typhlosion, L84, M|267/267\n|turn|6\n|\n|t:|1781376654\n|move|p1a: Typhlosion|Eruption|p2a: Gallade\n|-damage|p2a: Gallade|99/240\n|move|p2a: Gallade|Sacred Sword|p1a: Typhlosion\n|-damage|p1a: Typhlosion|78/267\n|\n|upkeep\n|turn|7\n|\n|t:|1781376658\n|move|p1a: Typhlosion|Eruption|p2a: Gallade\n|-damage|p2a: Gallade|36/240\n|move|p2a: Gallade|Sacred Sword|p1a: Typhlosion\n|-damage|p1a: Typhlosion|0 fnt\n|faint|p1a: Typhlosion\n|\n|upkeep\n|\n|t:|1781376662\n|switch|p1a: Samurott|Samurott, L88, M|310/310\n|turn|8\n|\n|t:|1781376669\n|switch|p2a: Cacturne|Cacturne, L92, M|278/278\n|move|p1a: Samurott|Aqua Jet|p2a: Cacturne\n|-immune|p2a: Cacturne|[from] ability: Water Absorb\n|\n|upkeep\n|turn|9\n|\n|t:|1781376676\n|move|p2a: Cacturne|Sucker Punch|p1a: Samurott\n|-damage|p1a: Samurott|177/310\n|-damage|p2a: Cacturne|251/278|[from] item: Life Orb\n|move|p1a: Samurott|Sacred Sword|p2a: Cacturne\n|-supereffective|p2a: Cacturne\n|-damage|p2a: Cacturne|85/278\n|\n|upkeep\n|turn|10\n|\n|t:|1781376685\n|move|p2a: Cacturne|Sucker Punch|p1a: Samurott\n|-damage|p1a: Samurott|39/310\n|-damage|p2a: Cacturne|58/278|[from] item: Life Orb\n|move|p1a: Samurott|Sacred Sword|p2a: Cacturne\n|-supereffective|p2a: Cacturne\n|-damage|p2a: Cacturne|0 fnt\n|faint|p2a: Cacturne\n|\n|upkeep\n|\n|t:|1781376688\n|switch|p2a: Dragapult|Dragapult, L77, F|262/262\n|turn|11\n|\n|t:|1781376690\n|move|p2a: Dragapult|U-turn|p1a: Samurott\n|-damage|p1a: Samurott|0 fnt\n|faint|p1a: Samurott\n|\n|t:|1781376691\n|switch|p2a: Gallade|Gallade, L80, M|36/240|[from] U-turn\n|\n|upkeep\n|\n|t:|1781376692\n|switch|p1a: Dunsparce|Dunsparce, L86, F|312/312\n|turn|12\n|\n|t:|1781376697\n|-terastallize|p1a: Dunsparce|Ghost\n|move|p2a: Gallade|Psycho Cut|p1a: Dunsparce\n|-damage|p1a: Dunsparce|212/312\n|move|p1a: Dunsparce|Coil|p1a: Dunsparce\n|-boost|p1a: Dunsparce|atk|1\n|-boost|p1a: Dunsparce|def|1\n|-boost|p1a: Dunsparce|accuracy|1\n|\n|upkeep\n|turn|13\n|\n|t:|1781376700\n|move|p2a: Gallade|Psycho Cut|p1a: Dunsparce\n|-damage|p1a: Dunsparce|149/312\n|move|p1a: Dunsparce|Roost|p1a: Dunsparce\n|-heal|p1a: Dunsparce|305/312\n|\n|upkeep\n|turn|14\n|\n|t:|1781376702\n|move|p2a: Gallade|Psycho Cut|p1a: Dunsparce\n|-crit|p1a: Dunsparce\n|-damage|p1a: Dunsparce|164/312\n|move|p1a: Dunsparce|Coil|p1a: Dunsparce\n|-boost|p1a: Dunsparce|atk|1\n|-boost|p1a: Dunsparce|def|1\n|-boost|p1a: Dunsparce|accuracy|1\n|\n|upkeep\n|turn|15\n|\n|t:|1781376705\n|switch|p2a: Dragapult|Dragapult, L77, F|262/262\n|move|p1a: Dunsparce|Roost|p1a: Dunsparce\n|-heal|p1a: Dunsparce|312/312\n|\n|upkeep\n|turn|16\n|\n|t:|1781376713\n|move|p2a: Dragapult|Shadow Ball|p1a: Dunsparce\n|-supereffective|p1a: Dunsparce\n|-damage|p1a: Dunsparce|126/312\n|move|p1a: Dunsparce|Earthquake|p2a: Dragapult\n|-crit|p2a: Dragapult\n|-damage|p2a: Dragapult|49/262\n|\n|upkeep\n|turn|17\n|\n|t:|1781376718\n|move|p2a: Dragapult|Shadow Ball|p1a: Dunsparce\n|-supereffective|p1a: Dunsparce\n|-damage|p1a: Dunsparce|0 fnt\n|faint|p1a: Dunsparce\n|\n|win|retnas11\n", "uploadtime": 1781376579, "views": 6, "formatid": "gen9randombattle", "rating": null, "private": 0, "password": null}