{"id": "gen9randombattle-2631465377", "format": "[Gen 9] Random Battle", "players": ["taiko dsk", "kjyty"], "log": "|j|\u2606taiko dsk\n|j|\u2606kjyty\n|t:|1781388072\n|gametype|singles\n|player|p1|taiko dsk|shadowtriad|1047\n|player|p2|kjyty|bugcatcher-gen4dp|1027\n|gen|9\n|tier|[Gen 9] Random Battle\n|rated|\n|rule|Species Clause: Limit one of each Pok\u00e9mon\n|rule|HP Percentage Mod: HP is shown in percentages\n|rule|Sleep Clause Mod: Limit one foe put to sleep\n|rule|Illusion Level Mod: Illusion disguises the Pok\u00e9mon's true level\n|\n|t:|1781388072\n|teamsize|p1|6\n|teamsize|p2|6\n|start\n|switch|p1a: Lokix|Lokix, L82, M|251/251\n|switch|p2a: Polteageist|Polteageist-Antique, L78|222/222\n|turn|1\n|\n|t:|1781388088\n|switch|p2a: Sylveon|Sylveon, L85, F|300/300\n|move|p1a: Lokix|Knock Off|p2a: Sylveon\n|-resisted|p2a: Sylveon\n|-damage|p2a: Sylveon|184/300\n|-enditem|p2a: Sylveon|Leftovers|[from] move: Knock Off|[of] p1a: Lokix\n|\n|upkeep\n|turn|2\n|\n|t:|1781388103\n|move|p1a: Lokix|U-turn|p2a: Sylveon\n|-resisted|p2a: Sylveon\n|-damage|p2a: Sylveon|70/300\n|\n|t:|1781388108\n|switch|p1a: Cryogonal|Cryogonal, L89|287/287|[from] U-turn\n|move|p2a: Sylveon|Hyper Voice|p1a: Cryogonal\n|-damage|p1a: Cryogonal|193/287\n|\n|upkeep\n|turn|3\n|\n|t:|1781388116\n|move|p1a: Cryogonal|Freeze-Dry|p2a: Sylveon\n|-damage|p2a: Sylveon|10/300\n|-status|p2a: Sylveon|frz\n|cant|p2a: Sylveon|frz\n|\n|upkeep\n|turn|4\n|\n|t:|1781388126\n|move|p1a: Cryogonal|Rapid Spin|p2a: Sylveon\n|-damage|p2a: Sylveon|0 fnt\n|-boost|p1a: Cryogonal|spe|1\n|faint|p2a: Sylveon\n|\n|upkeep\n|\n|t:|1781388140\n|switch|p2a: Slaking|Slaking, L84, M|389/389\n|turn|5\n|\n|t:|1781388159\n|move|p1a: Cryogonal|Freeze-Dry|p2a: Slaking\n|-damage|p2a: Slaking|295/389\n|move|p2a: Slaking|Double-Edge|p1a: Cryogonal\n|-damage|p1a: Cryogonal|0 fnt\n|faint|p1a: Cryogonal\n|-damage|p2a: Slaking|231/389|[from] Recoil\n|\n|upkeep\n|\n|t:|1781388176\n|switch|p1a: Lilligant|Lilligant, L86, F|261/261\n|turn|6\n|\n|t:|1781388181\n|cant|p2a: Slaking|ability: Truant\n|move|p1a: Lilligant|Sleep Powder|p2a: Slaking\n|-status|p2a: Slaking|slp|[from] move: Sleep Powder\n|\n|upkeep\n|turn|7\n|-message|kjyty forfeited.\n|\n|win|taiko dsk\n|raw|taiko dsk's rating: 1047 &rarr; <strong>1078</strong><br />(+31 for winning)\n|raw|kjyty's rating: 1027 &rarr; <strong>1014</strong><br />(-13 for losing)\n|l|\u2606kjyty\n|player|p2|\n", "uploadtime": 1781388197, "views": 3, "formatid": "gen9randombattle", "rating": 1014, "private": 0, "password": null}