{"id": "gen9randombattle-2631378849", "format": "[Gen 9] Random Battle", "players": ["LeandroBed2008", "Arkaes"], "log": "|j|\u2606LeandroBed2008\n|j|\u2606Arkaes\n|t:|1781377651\n|gametype|singles\n|player|p1|LeandroBed2008|169|2036\n|player|p2|Arkaes|hayley|1954\n|gen|9\n|tier|[Gen 9] Random Battle\n|rated|\n|rule|Species Clause: Limit one of each Pok\u00e9mon\n|rule|HP Percentage Mod: HP is shown in percentages\n|rule|Sleep Clause Mod: Limit one foe put to sleep\n|rule|Illusion Level Mod: Illusion disguises the Pok\u00e9mon's true level\n|\n|t:|1781377651\n|teamsize|p1|6\n|teamsize|p2|6\n|start\n|switch|p1a: Iron Bundle|Iron Bundle, L78|215/215\n|switch|p2a: Iron Thorns|Iron Thorns, L83|302/302\n|turn|1\n|\n|t:|1781377676\n|move|p1a: Iron Bundle|Hydro Pump|p2a: Iron Thorns\n|-supereffective|p2a: Iron Thorns\n|-damage|p2a: Iron Thorns|122/302\n|move|p2a: Iron Thorns|Volt Switch|p1a: Iron Bundle\n|-supereffective|p1a: Iron Bundle\n|-damage|p1a: Iron Bundle|47/215\n|\n|t:|1781377684\n|-end|p2a: Iron Thorns|Quark Drive|[silent]\n|switch|p2a: Greninja|Greninja, L80, M|246/246|[from] Volt Switch\n|\n|upkeep\n|turn|2\n|\n|t:|1781377688\n|move|p1a: Iron Bundle|Freeze-Dry|p2a: Greninja\n|-supereffective|p2a: Greninja\n|-damage|p2a: Greninja|46/246\n|move|p2a: Greninja|U-turn|p1a: Iron Bundle\n|-start|p2a: Greninja|typechange|Bug|[from] ability: Protean\n|-damage|p1a: Iron Bundle|0 fnt\n|faint|p1a: Iron Bundle\n|-end|p1a: Iron Bundle|Quark Drive|[silent]\n|\n|t:|1781377696\n|switch|p2a: Iron Thorns|Iron Thorns, L83|122/302|[from] U-turn\n|\n|upkeep\n|\n|t:|1781377705\n|switch|p1a: Ludicolo|Ludicolo, L90, M|290/290\n|turn|3\n|\n|t:|1781377713\n|move|p1a: Ludicolo|Rain Dance|p1a: Ludicolo\n|-weather|RainDance\n|move|p2a: Iron Thorns|Volt Switch|p1a: Ludicolo\n|-damage|p1a: Ludicolo|241/290\n|\n|t:|1781377748\n|-end|p2a: Iron Thorns|Quark Drive|[silent]\n|switch|p2a: Plusle|Plusle, L95, F|268/268|[from] Volt Switch\n|\n|-weather|RainDance|[upkeep]\n|upkeep\n|turn|4\n|\n|t:|1781377752\n|move|p1a: Ludicolo|Hydro Pump|p2a: Plusle|[miss]\n|-miss|p1a: Ludicolo|p2a: Plusle\n|move|p2a: Plusle|Thunderbolt|p1a: Ludicolo\n|-damage|p1a: Ludicolo|119/290\n|-damage|p2a: Plusle|242/268|[from] item: Life Orb\n|\n|-weather|RainDance|[upkeep]\n|upkeep\n|turn|5\n|\n|t:|1781377761\n|switch|p2a: Greninja|Greninja, L80, M|46/246\n|move|p1a: Ludicolo|Giga Drain|p2a: Greninja\n|-supereffective|p2a: Greninja\n|-damage|p2a: Greninja|0 fnt\n|-heal|p1a: Ludicolo|142/290|[from] drain|[of] p2a: Greninja\n|faint|p2a: Greninja\n|-damage|p1a: Ludicolo|113/290|[from] item: Life Orb\n|\n|-weather|RainDance|[upkeep]\n|upkeep\n|\n|t:|1781377772\n|switch|p2a: Plusle|Plusle, L95, F|242/268\n|turn|6\n|\n|t:|1781377781\n|move|p1a: Ludicolo|Giga Drain|p2a: Plusle\n|-damage|p2a: Plusle|132/268\n|-heal|p1a: Ludicolo|168/290|[from] drain|[of] p2a: Plusle\n|-damage|p1a: Ludicolo|139/290|[from] item: Life Orb\n|move|p2a: Plusle|Thunderbolt|p1a: Ludicolo\n|-damage|p1a: Ludicolo|26/290\n|-damage|p2a: Plusle|106/268|[from] item: Life Orb\n|\n|-weather|RainDance|[upkeep]\n|upkeep\n|turn|7\n|\n|t:|1781377786\n|move|p1a: Ludicolo|Hydro Pump|p2a: Plusle\n|-damage|p2a: Plusle|0 fnt\n|faint|p2a: Plusle\n|-damage|p1a: Ludicolo|0 fnt|[from] item: Life Orb\n|faint|p1a: Ludicolo\n|\n|-weather|none\n|upkeep\n|\n|t:|1781377793\n|switch|p2a: Iron Thorns|Iron Thorns, L83|122/302\n|switch|p1a: Dunsparce|Dunsparce, L86, M|312/312\n|turn|8\n|\n|t:|1781377803\n|move|p2a: Iron Thorns|Volt Switch|p1a: Dunsparce\n|-damage|p1a: Dunsparce|266/312\n|\n|t:|1781377806\n|-end|p2a: Iron Thorns|Quark Drive|[silent]\n|switch|p2a: Flutter Mane|Flutter Mane, L74|203/203|[from] Volt Switch\n|move|p1a: Dunsparce|Earthquake|p2a: Flutter Mane\n|-damage|p2a: Flutter Mane|116/203\n|\n|upkeep\n|turn|9\n|\n|t:|1781377812\n|switch|p1a: Swalot|Swalot, L90, M|326/326\n|move|p2a: Flutter Mane|Moonblast|p1a: Swalot\n|-resisted|p1a: Swalot\n|-damage|p1a: Swalot|264/326\n|-damage|p2a: Flutter Mane|96/203|[from] item: Life Orb\n|\n|-heal|p1a: Swalot|284/326|[from] item: Leftovers\n|upkeep\n|turn|10\n|\n|t:|1781377822\n|-end|p2a: Flutter Mane|Protosynthesis|[silent]\n|switch|p2a: Iron Thorns|Iron Thorns, L83|122/302\n|move|p1a: Swalot|Knock Off|p2a: Iron Thorns\n|-damage|p2a: Iron Thorns|70/302\n|-enditem|p2a: Iron Thorns|Assault Vest|[from] move: Knock Off|[of] p1a: Swalot\n|\n|-heal|p1a: Swalot|304/326|[from] item: Leftovers\n|upkeep\n|turn|11\n|\n|t:|1781377829\n|switch|p1a: Dunsparce|Dunsparce, L86, M|266/312\n|move|p2a: Iron Thorns|Wild Charge|p1a: Dunsparce\n|-damage|p1a: Dunsparce|172/312\n|-damage|p2a: Iron Thorns|46/302|[from] Recoil\n|\n|upkeep\n|turn|12\n|\n|t:|1781377834\n|-end|p2a: Iron Thorns|Quark Drive|[silent]\n|switch|p2a: Flutter Mane|Flutter Mane, L74|96/203\n|move|p1a: Dunsparce|Roost|p1a: Dunsparce\n|-heal|p1a: Dunsparce|312/312\n|-singleturn|p1a: Dunsparce|move: Roost\n|\n|upkeep\n|turn|13\n|\n|t:|1781377838\n|move|p2a: Flutter Mane|Calm Mind|p2a: Flutter Mane\n|-boost|p2a: Flutter Mane|spa|1\n|-boost|p2a: Flutter Mane|spd|1\n|move|p1a: Dunsparce|Earthquake|p2a: Flutter Mane\n|-damage|p2a: Flutter Mane|11/203\n|\n|upkeep\n|turn|14\n|\n|t:|1781377843\n|switch|p1a: Lugia|Lugia, L73|275/275\n|move|p2a: Flutter Mane|Calm Mind|p2a: Flutter Mane\n|-boost|p2a: Flutter Mane|spa|1\n|-boost|p2a: Flutter Mane|spd|1\n|\n|upkeep\n|turn|15\n|\n|t:|1781377847\n|move|p2a: Flutter Mane|Shadow Ball|p1a: Lugia\n|-supereffective|p1a: Lugia\n|-damage|p1a: Lugia|100/275\n|-damage|p2a: Flutter Mane|0 fnt|[from] item: Life Orb\n|faint|p2a: Flutter Mane\n|-end|p2a: Flutter Mane|Protosynthesis|[silent]\n|move|p1a: Lugia|Calm Mind|p1a: Lugia\n|-boost|p1a: Lugia|spa|1\n|-boost|p1a: Lugia|spd|1\n|\n|upkeep\n|\n|t:|1781377858\n|switch|p2a: Necrozma|Necrozma-Dusk-Mane, L69|248/248\n|turn|16\n|\n|t:|1781377864\n|switch|p1a: Swalot|Swalot, L90, M|304/326\n|move|p2a: Necrozma|Dragon Dance|p2a: Necrozma\n|-boost|p2a: Necrozma|atk|1\n|-boost|p2a: Necrozma|spe|1\n|\n|-heal|p1a: Swalot|324/326|[from] item: Leftovers\n|upkeep\n|turn|17\n|\n|t:|1781377873\n|move|p2a: Necrozma|Dragon Dance|p2a: Necrozma\n|-boost|p2a: Necrozma|atk|1\n|-boost|p2a: Necrozma|spe|1\n|move|p1a: Swalot|Thunder Wave|p2a: Necrozma\n|-status|p2a: Necrozma|par\n|\n|-heal|p1a: Swalot|326/326|[from] item: Leftovers\n|upkeep\n|turn|18\n|\n|t:|1781377880\n|switch|p1a: Dunsparce|Dunsparce, L86, M|312/312\n|move|p2a: Necrozma|Dragon Dance|p2a: Necrozma\n|-boost|p2a: Necrozma|atk|1\n|-boost|p2a: Necrozma|spe|1\n|\n|upkeep\n|turn|19\n|\n|t:|1781377883\n|move|p2a: Necrozma|Sunsteel Strike|p1a: Dunsparce\n|-damage|p1a: Dunsparce|90/312\n|move|p1a: Dunsparce|Coil|p1a: Dunsparce\n|-boost|p1a: Dunsparce|atk|1\n|-boost|p1a: Dunsparce|def|1\n|-boost|p1a: Dunsparce|accuracy|1\n|\n|upkeep\n|turn|20\n|\n|t:|1781377886\n|move|p2a: Necrozma|Sunsteel Strike|p1a: Dunsparce\n|-damage|p1a: Dunsparce|0 fnt\n|faint|p1a: Dunsparce\n|\n|upkeep\n|\n|t:|1781377889\n|switch|p1a: Swalot|Swalot, L90, M|219/219\n|turn|21\n|\n|t:|1781377891\n|move|p1a: Swalot|Bitter Malice|p2a: Necrozma\n|-supereffective|p2a: Necrozma\n|-damage|p2a: Necrozma|35/248 par\n|-unboost|p2a: Necrozma|atk|1\n|-enditem|p2a: Necrozma|Weakness Policy\n|-boost|p2a: Necrozma|atk|2|[from] item: Weakness Policy\n|-boost|p2a: Necrozma|spa|2|[from] item: Weakness Policy\n|cant|p2a: Necrozma|par\n|\n|upkeep\n|turn|22\n|\n|t:|1781377899\n|move|p1a: Swalot|Bitter Malice|p2a: Necrozma\n|-supereffective|p2a: Necrozma\n|-damage|p2a: Necrozma|0 fnt\n|faint|p2a: Necrozma\n|\n|upkeep\n|-message|Arkaes forfeited.\n|\n|win|LeandroBed2008\n", "uploadtime": 1781377652, "views": 6, "formatid": "gen9randombattle", "rating": null, "private": 0, "password": null}