{"id": "gen9randombattle-2632000253", "format": "[Gen 9] Random Battle", "players": ["gemmell", "d13g0fp"], "log": "|j|\u2606gemmell\n|j|\u2606d13g0fp\n|t:|1781464513\n|gametype|singles\n|player|p1|gemmell|steven|1151\n|player|p2|d13g0fp|benga|1137\n|gen|9\n|tier|[Gen 9] Random Battle\n|rated|\n|rule|Species Clause: Limit one of each Pok\u00e9mon\n|rule|HP Percentage Mod: HP is shown in percentages\n|rule|Sleep Clause Mod: Limit one foe put to sleep\n|rule|Illusion Level Mod: Illusion disguises the Pok\u00e9mon's true level\n|\n|t:|1781464513\n|teamsize|p1|6\n|teamsize|p2|6\n|start\n|switch|p1a: Diancie|Diancie, L82|216/216\n|switch|p2a: Krookodile|Krookodile, L79, M|280/280\n|-ability|p2a: Krookodile|Intimidate|boost\n|-fail|p1a: Diancie|unboost|[from] ability: Clear Body|[of] p1a: Diancie\n|turn|1\n|inactive|Battle timer is ON: inactive players will automatically lose when time's up. (requested by d13g0fp)\n|\n|t:|1781464527\n|switch|p2a: Toxapex|Toxapex, L82, M|216/216\n|move|p1a: Diancie|Draining Kiss|p2a: Toxapex\n|-resisted|p2a: Toxapex\n|-damage|p2a: Toxapex|199/216\n|\n|-heal|p2a: Toxapex|212/216|[from] item: Leftovers\n|upkeep\n|turn|2\n|\n|t:|1781464539\n|move|p1a: Diancie|Earth Power|p2a: Toxapex\n|-supereffective|p2a: Toxapex\n|-damage|p2a: Toxapex|122/216\n|move|p2a: Toxapex|Toxic|p1a: Diancie\n|-status|p1a: Diancie|tox\n|\n|-heal|p2a: Toxapex|135/216|[from] item: Leftovers\n|-damage|p1a: Diancie|203/216 tox|[from] psn\n|upkeep\n|turn|3\n|\n|t:|1781464555\n|move|p1a: Diancie|Earth Power|p2a: Toxapex\n|-supereffective|p2a: Toxapex\n|-damage|p2a: Toxapex|49/216\n|move|p2a: Toxapex|Recover|p2a: Toxapex\n|-heal|p2a: Toxapex|157/216\n|\n|-heal|p1a: Diancie|216/216 tox|[from] item: Leftovers\n|-heal|p2a: Toxapex|170/216|[from] item: Leftovers\n|-damage|p1a: Diancie|190/216 tox|[from] psn\n|upkeep\n|turn|4\n|\n|t:|1781464566\n|move|p1a: Diancie|Calm Mind|p1a: Diancie\n|-boost|p1a: Diancie|spa|1\n|-boost|p1a: Diancie|spd|1\n|move|p2a: Toxapex|Recover|p2a: Toxapex\n|-heal|p2a: Toxapex|216/216\n|\n|-heal|p1a: Diancie|203/216 tox|[from] item: Leftovers\n|-damage|p1a: Diancie|164/216 tox|[from] psn\n|upkeep\n|turn|5\n|\n|t:|1781464576\n|move|p1a: Diancie|Calm Mind|p1a: Diancie\n|-boost|p1a: Diancie|spa|1\n|-boost|p1a: Diancie|spd|1\n|move|p2a: Toxapex|Haze|p2a: Toxapex\n|-clearallboost\n|\n|-heal|p1a: Diancie|177/216 tox|[from] item: Leftovers\n|-damage|p1a: Diancie|125/216 tox|[from] psn\n|upkeep\n|turn|6\n|n|!gemmell|gemmell\n|\n|t:|1781464595\n|switch|p1a: Cobalion|Cobalion, L80|277/277\n|move|p2a: Toxapex|Liquidation|p1a: Cobalion\n|-damage|p1a: Cobalion|225/277\n|\n|-heal|p1a: Cobalion|242/277|[from] item: Leftovers\n|upkeep\n|turn|7\n|inactive|d13g0fp has 120 seconds left.\n|\n|t:|1781464653\n|switch|p2a: Talonflame|Talonflame, L83, F|265/265\n|move|p1a: Cobalion|Thunder Wave|p2a: Talonflame\n|-status|p2a: Talonflame|par\n|\n|-heal|p1a: Cobalion|259/277|[from] item: Leftovers\n|upkeep\n|turn|8\n|\n|t:|1781464664\n|move|p1a: Cobalion|Volt Switch|p2a: Talonflame\n|-supereffective|p2a: Talonflame\n|-damage|p2a: Talonflame|155/265 par\n|\n|t:|1781464673\n|switch|p1a: Dachsbun|Dachsbun, L92, M|254/254|[from] Volt Switch\n|move|p2a: Talonflame|Flare Blitz|p1a: Dachsbun\n|-ability|p1a: Dachsbun|Well-Baked Body|boost\n|-boost|p1a: Dachsbun|def|2\n|\n|upkeep\n|turn|9\n|inactive|d13g0fp has 90 seconds left.\n|-message|d13g0fp forfeited.\n|\n|win|gemmell\n", "uploadtime": 1781464587, "views": 3, "formatid": "gen9randombattle", "rating": null, "private": 0, "password": null}