{"id": "gen9randombattle-2631624735", "format": "[Gen 9] Random Battle", "players": ["C0dedFad3r", "supershadowfan2000"], "log": "|j|\u2606C0dedFad3r\n|j|\u2606supershadowfan2000\n|t:|1781410695\n|gametype|singles\n|player|p1|C0dedFad3r|2|1000\n|player|p2|supershadowfan2000|102|1000\n|gen|9\n|tier|[Gen 9] Random Battle\n|rated|\n|rule|Species Clause: Limit one of each Pok\u00e9mon\n|rule|HP Percentage Mod: HP is shown in percentages\n|rule|Sleep Clause Mod: Limit one foe put to sleep\n|rule|Illusion Level Mod: Illusion disguises the Pok\u00e9mon's true level\n|\n|t:|1781410695\n|teamsize|p1|6\n|teamsize|p2|6\n|start\n|switch|p1a: Luvdisc|Luvdisc, F|247/247\n|switch|p2a: Cramorant|Cramorant, L86, M|261/261\n|turn|1\n|\n|t:|1781410725\n|switch|p2a: Tsareena|Tsareena, L87, F|267/267\n|move|p1a: Luvdisc|Whirlpool|p2a: Tsareena\n|-resisted|p2a: Tsareena\n|-damage|p2a: Tsareena|255/267\n|-activate|p2a: Tsareena|move: Whirlpool|[of] p1a: Luvdisc\n|\n|-damage|p2a: Tsareena|222/267|[from] move: Whirlpool|[partiallytrapped]\n|upkeep\n|turn|2\n|\n|t:|1781410744\n|switch|p1a: Volbeat|Volbeat, L90, M|263/263\n|move|p2a: Tsareena|Power Whip|p1a: Volbeat\n|-resisted|p1a: Volbeat\n|-damage|p1a: Volbeat|180/263\n|\n|-end|p2a: Tsareena|Whirlpool|[partiallytrapped]|[silent]\n|upkeep\n|turn|3\n|\n|t:|1781410768\n|move|p2a: Tsareena|Power Whip|p1a: Volbeat|[miss]\n|-miss|p2a: Tsareena|p1a: Volbeat\n|move|p1a: Volbeat|Lunge|p2a: Tsareena\n|-supereffective|p2a: Tsareena\n|-damage|p2a: Tsareena|84/267\n|-unboost|p2a: Tsareena|atk|1\n|\n|upkeep\n|turn|4\n|\n|t:|1781410787\n|switch|p2a: Terrakion|Terrakion, L79|273/273\n|move|p1a: Volbeat|Lunge|p2a: Terrakion\n|-resisted|p2a: Terrakion\n|-damage|p2a: Terrakion|229/273\n|-unboost|p2a: Terrakion|atk|1\n|\n|upkeep\n|turn|5\n|\n|t:|1781410799\n|switch|p1a: Floatzel|Floatzel, L86, M|286/286\n|move|p2a: Terrakion|Swords Dance|p2a: Terrakion\n|-boost|p2a: Terrakion|atk|2\n|\n|upkeep\n|turn|6\n|\n|t:|1781410813\n|switch|p2a: Misdreavus|Misdreavus, L90, F|254/254\n|move|p1a: Floatzel|Wave Crash|p2a: Misdreavus\n|-damage|p2a: Misdreavus|143/254\n|-damage|p1a: Floatzel|249/286|[from] Recoil\n|\n|-heal|p1a: Floatzel|266/286|[from] item: Leftovers\n|upkeep\n|turn|7\n|\n|t:|1781410830\n|move|p1a: Floatzel|Ice Spinner|p2a: Misdreavus\n|-damage|p2a: Misdreavus|89/254\n|move|p2a: Misdreavus|Will-O-Wisp|p1a: Floatzel\n|-immune|p1a: Floatzel|[from] ability: Water Veil\n|\n|-heal|p1a: Floatzel|283/286|[from] item: Leftovers\n|upkeep\n|turn|8\n|\n|t:|1781410837\n|move|p1a: Floatzel|Ice Spinner|p2a: Misdreavus\n|-damage|p2a: Misdreavus|41/254\n|move|p2a: Misdreavus|Draining Kiss|p1a: Floatzel\n|-damage|p1a: Floatzel|230/286\n|-heal|p2a: Misdreavus|81/254|[from] drain|[of] p1a: Floatzel\n|\n|-heal|p1a: Floatzel|247/286|[from] item: Leftovers\n|upkeep\n|turn|9\n|\n|t:|1781410865\n|switch|p2a: Lokix|Lokix, L82, F|251/251\n|move|p1a: Floatzel|Wave Crash|p2a: Lokix\n|-damage|p2a: Lokix|88/251\n|-damage|p1a: Floatzel|193/286|[from] Recoil\n|\n|-heal|p1a: Floatzel|210/286|[from] item: Leftovers\n|upkeep\n|turn|10\n|\n|t:|1781410880\n|move|p2a: Lokix|Sucker Punch||[still]\n|-fail|p2a: Lokix\n|move|p1a: Floatzel|Bulk Up|p1a: Floatzel\n|-boost|p1a: Floatzel|atk|1\n|-boost|p1a: Floatzel|def|1\n|\n|-heal|p1a: Floatzel|227/286|[from] item: Leftovers\n|upkeep\n|turn|11\n|\n|t:|1781410891\n|move|p1a: Floatzel|Ice Spinner|p2a: Lokix\n|-damage|p2a: Lokix|0 fnt\n|faint|p2a: Lokix\n|\n|-heal|p1a: Floatzel|244/286|[from] item: Leftovers\n|upkeep\n|\n|t:|1781410897\n|switch|p2a: Tsareena|Tsareena, L87, F|84/267\n|turn|12\n|\n|t:|1781410904\n|move|p2a: Tsareena|Power Whip|p1a: Floatzel\n|-supereffective|p1a: Floatzel\n|-damage|p1a: Floatzel|0 fnt\n|faint|p1a: Floatzel\n|\n|upkeep\n|\n|t:|1781410912\n|switch|p1a: Volbeat|Volbeat, L90, M|180/263\n|turn|13\n|\n|t:|1781410919\n|switch|p2a: Cramorant|Cramorant, L86, M|261/261\n|move|p1a: Volbeat|Lunge|p2a: Cramorant\n|-resisted|p2a: Cramorant\n|-damage|p2a: Cramorant|207/261\n|-unboost|p2a: Cramorant|atk|1\n|\n|upkeep\n|turn|14\n|\n|t:|1781410942\n|switch|p1a: Perrserker|Perrserker, L89, F|269/269\n|move|p2a: Cramorant|Brave Bird|p1a: Perrserker\n|-resisted|p1a: Perrserker\n|-damage|p1a: Perrserker|234/269\n|-damage|p2a: Cramorant|195/261|[from] Recoil\n|\n|upkeep\n|turn|15\n|inactive|Battle timer is ON: inactive players will automatically lose when time's up. (requested by C0dedFad3r)\n|\n|t:|1781410974\n|switch|p2a: Gouging Fire|Gouging Fire, L74|277/277\n|move|p1a: Perrserker|Iron Head|p2a: Gouging Fire\n|-resisted|p2a: Gouging Fire\n|-damage|p2a: Gouging Fire|203/277\n|-damage|p1a: Perrserker|208/269|[from] item: Life Orb\n|\n|upkeep\n|turn|16\n|\n|t:|1781410989\n|switch|p1a: Luvdisc|Luvdisc, F|247/247\n|move|p2a: Gouging Fire|Heat Crash|p1a: Luvdisc\n|-resisted|p1a: Luvdisc\n|-damage|p1a: Luvdisc|176/247\n|\n|upkeep\n|turn|17\n|\n|t:|1781410997\n|-end|p2a: Gouging Fire|Protosynthesis|[silent]\n|switch|p2a: Tsareena|Tsareena, L87, F|84/267\n|move|p1a: Luvdisc|Surf|p2a: Tsareena\n|-resisted|p2a: Tsareena\n|-damage|p2a: Tsareena|54/267\n|\n|upkeep\n|turn|18\n|\n|t:|1781411014\n|switch|p1a: Maushold|Maushold-Four, L76|238/238\n|move|p2a: Tsareena|Triple Axel|p1a: Maushold\n|-damage|p1a: Maushold|215/238\n|-hitcount|p1a: Maushold|1\n|\n|upkeep\n|turn|19\n|\n|t:|1781411029\n|switch|p2a: Terrakion|Terrakion, L79|229/273\n|move|p1a: Maushold|Bite|p2a: Terrakion\n|-resisted|p2a: Terrakion\n|-crit|p2a: Terrakion\n|-damage|p2a: Terrakion|194/273\n|-ability|p2a: Terrakion|Justified|boost\n|-boost|p2a: Terrakion|atk|1\n|\n|upkeep\n|turn|20\n|\n|t:|1781411046\n|-terastallize|p1a: Maushold|Ghost\n|move|p2a: Terrakion|Swords Dance|p2a: Terrakion\n|-boost|p2a: Terrakion|atk|2\n|move|p1a: Maushold|Encore|p2a: Terrakion\n|-start|p2a: Terrakion|Encore\n|\n|upkeep\n|turn|21\n|\n|t:|1781411057\n|switch|p2a: Cramorant|Cramorant, L86, M|195/261\n|switch|p1a: Luvdisc|Luvdisc, F|176/247\n|\n|upkeep\n|turn|22\n|inactive|supershadowfan2000 has 120 seconds left.\n|\n|t:|1781411078\n|move|p1a: Luvdisc|Whirlpool|p2a: Cramorant\n|-resisted|p2a: Cramorant\n|-damage|p2a: Cramorant|181/261\n|-activate|p2a: Cramorant|move: Whirlpool|[of] p1a: Luvdisc\n|move|p2a: Cramorant|Roost|p2a: Cramorant\n|-heal|p2a: Cramorant|261/261\n|-singleturn|p2a: Cramorant|move: Roost\n|\n|-damage|p2a: Cramorant|229/261|[from] move: Whirlpool|[partiallytrapped]\n|upkeep\n|turn|23\n|inactive|supershadowfan2000 has 120 seconds left.\n|\n|t:|1781411090\n|switch|p1a: Maushold|Maushold-Four, L76, tera:Ghost|215/238\n|move|p2a: Cramorant|Brave Bird|p1a: Maushold\n|-damage|p1a: Maushold|64/238\n|-damage|p2a: Cramorant|179/261|[from] Recoil\n|\n|-end|p2a: Cramorant|Whirlpool|[partiallytrapped]|[silent]\n|upkeep\n|turn|24\n|inactive|supershadowfan2000 has 120 seconds left.\n|\n|t:|1781411119\n|move|p1a: Maushold|Population Bomb|p2a: Cramorant\n|-damage|p2a: Cramorant|148/261\n|-damage|p2a: Cramorant|115/261\n|-damage|p2a: Cramorant|85/261\n|-damage|p2a: Cramorant|55/261\n|-damage|p2a: Cramorant|25/261\n|-damage|p2a: Cramorant|0 fnt\n|faint|p2a: Cramorant\n|-hitcount|p2: Cramorant|6\n|\n|upkeep\n|\n|t:|1781411135\n|switch|p2a: Tsareena|Tsareena, L87, F|54/267\n|turn|25\n|inactive|supershadowfan2000 has 90 seconds left.\n|\n|t:|1781411164\n|-terastallize|p2a: Tsareena|Steel\n|move|p2a: Tsareena|Knock Off|p1a: Maushold\n|-supereffective|p1a: Maushold\n|-damage|p1a: Maushold|0 fnt\n|-enditem|p1a: Maushold|Wide Lens|[from] move: Knock Off|[of] p2a: Tsareena\n|faint|p1a: Maushold\n|\n|upkeep\n|\n|t:|1781411174\n|switch|p1a: Perrserker|Perrserker, L89, F|208/269\n|turn|26\n|inactive|supershadowfan2000 has 90 seconds left.\n|\n|t:|1781411181\n|move|p2a: Tsareena|Knock Off|p1a: Perrserker\n|-damage|p1a: Perrserker|138/269\n|-enditem|p1a: Perrserker|Life Orb|[from] move: Knock Off|[of] p2a: Tsareena\n|move|p1a: Perrserker|Close Combat|p2a: Tsareena\n|-supereffective|p2a: Tsareena\n|-damage|p2a: Tsareena|0 fnt\n|-unboost|p1a: Perrserker|def|1\n|-unboost|p1a: Perrserker|spd|1\n|faint|p2a: Tsareena\n|\n|upkeep\n|inactive|supershadowfan2000 has 90 seconds left.\n|\n|t:|1781411194\n|switch|p2a: Terrakion|Terrakion, L79|194/273\n|turn|27\n|\n|t:|1781411204\n|move|p2a: Terrakion|Close Combat|p1a: Perrserker\n|-supereffective|p1a: Perrserker\n|-damage|p1a: Perrserker|0 fnt\n|-unboost|p2a: Terrakion|def|1\n|-unboost|p2a: Terrakion|spd|1\n|faint|p1a: Perrserker\n|-damage|p2a: Terrakion|167/273|[from] item: Life Orb\n|\n|upkeep\n|\n|t:|1781411207\n|switch|p1a: Luvdisc|Luvdisc, F|176/247\n|turn|28\n|\n|t:|1781411225\n|switch|p2a: Misdreavus|Misdreavus, L90, F|81/254\n|move|p1a: Luvdisc|Surf|p2a: Misdreavus\n|-damage|p2a: Misdreavus|30/254\n|\n|upkeep\n|turn|29\n|\n|t:|1781411235\n|move|p1a: Luvdisc|Surf|p2a: Misdreavus\n|-damage|p2a: Misdreavus|0 fnt\n|faint|p2a: Misdreavus\n|\n|upkeep\n|\n|t:|1781411244\n|switch|p2a: Terrakion|Terrakion, L79|167/273\n|turn|30\n|inactive|supershadowfan2000 has 90 seconds left.\n|\n|t:|1781411267\n|move|p1a: Luvdisc|Surf|p2a: Terrakion\n|-supereffective|p2a: Terrakion\n|-damage|p2a: Terrakion|17/273\n|move|p2a: Terrakion|Earthquake|p1a: Luvdisc\n|-damage|p1a: Luvdisc|54/247\n|-damage|p2a: Terrakion|0 fnt|[from] item: Life Orb\n|faint|p2a: Terrakion\n|\n|upkeep\n|inactive|supershadowfan2000 has 90 seconds left.\n|\n|t:|1781411275\n|switch|p2a: Gouging Fire|Gouging Fire, L74|203/277\n|turn|31\n|inactive|supershadowfan2000 has 90 seconds left.\n|\n|t:|1781411286\n|move|p1a: Luvdisc|Surf|p2a: Gouging Fire\n|-damage|p2a: Gouging Fire|127/277\n|move|p2a: Gouging Fire|Outrage|p1a: Luvdisc\n|-damage|p1a: Luvdisc|0 fnt\n|faint|p1a: Luvdisc\n|\n|upkeep\n|\n|t:|1781411296\n|switch|p1a: Iron Jugulis|Iron Jugulis, L77|271/271\n|turn|32\n|\n|t:|1781411305\n|move|p1a: Iron Jugulis|Earth Power|p2a: Gouging Fire\n|-supereffective|p2a: Gouging Fire\n|-damage|p2a: Gouging Fire|0 fnt\n|faint|p2a: Gouging Fire\n|-end|p2a: Gouging Fire|Protosynthesis|[silent]\n|\n|win|C0dedFad3r\n|raw|C0dedFad3r's rating: 1000 &rarr; <strong>1040</strong><br />(+40 for winning)\n|raw|supershadowfan2000's rating: 1000 &rarr; <strong>1000</strong><br />(+0 for losing)\n", "uploadtime": 1781411314, "views": 5, "formatid": "gen9randombattle", "rating": 1000, "private": 0, "password": null}