{"id": "gen9randombattle-2631484048", "format": "[Gen 9] Random Battle", "players": ["rositacomepito", "crosby89"], "log": "|j|\u2606rositacomepito\n|j|\u2606crosby89\n|t:|1781390786\n|gametype|singles\n|player|p1|rositacomepito|rosa-masters3|\n|player|p2|crosby89|lass-gen4dp|\n|gen|9\n|tier|[Gen 9] Random Battle\n|rule|Species Clause: Limit one of each Pok\u00e9mon\n|rule|HP Percentage Mod: HP is shown in percentages\n|rule|Sleep Clause Mod: Limit one foe put to sleep\n|rule|Illusion Level Mod: Illusion disguises the Pok\u00e9mon's true level\n|\n|t:|1781390786\n|teamsize|p1|6\n|teamsize|p2|6\n|start\n|switch|p1a: Rabsca|Rabsca, L91, F|284/284\n|switch|p2a: Chien-Pao|Chien-Pao, L72|234/234\n|-ability|p2a: Chien-Pao|Sword of Ruin\n|turn|1\n|\n|t:|1781390819\n|move|p2a: Chien-Pao|Throat Chop|p1a: Rabsca\n|-supereffective|p1a: Rabsca\n|-damage|p1a: Rabsca|18/284\n|-start|p1a: Rabsca|Throat Chop|[silent]\n|cant|p1a: Rabsca|move: Throat Chop\n|\n|upkeep\n|turn|2\n|\n|t:|1781390829\n|switch|p1a: Dedenne|Dedenne, L88, M|261/261\n|move|p2a: Chien-Pao|Throat Chop|p1a: Dedenne\n|-resisted|p1a: Dedenne\n|-damage|p1a: Dedenne|171/261\n|-start|p1a: Dedenne|Throat Chop|[silent]\n|\n|upkeep\n|turn|3\n|\n|t:|1781390977\n|switch|p2a: Glaceon|Glaceon, L94, M|275/275\n|move|p1a: Dedenne|Nuzzle|p2a: Glaceon\n|-damage|p2a: Glaceon|262/275\n|-status|p2a: Glaceon|par\n|\n|-end|p1a: Dedenne|Throat Chop|[silent]\n|upkeep\n|turn|4\n|\n|t:|1781391004\n|switch|p1a: Heatran|Heatran, L79, M|273/273\n|-item|p1a: Heatran|Air Balloon\n|cant|p2a: Glaceon|par\n|\n|upkeep\n|turn|5\n|\n|t:|1781391041\n|switch|p2a: Basculegion|Basculegion, L80, M|323/323\n|move|p1a: Heatran|Stealth Rock|p2a: Basculegion\n|-sidestart|p2: crosby89|move: Stealth Rock\n|\n|upkeep\n|turn|6\n|\n|t:|1781391054\n|switch|p1a: Wyrdeer|Wyrdeer, L87, M|321/321\n|-ability|p1a: Wyrdeer|Intimidate|boost\n|-unboost|p2a: Basculegion|atk|1\n|move|p2a: Basculegion|Flip Turn|p1a: Wyrdeer\n|-damage|p1a: Wyrdeer|261/321\n|\n|t:|1781391083\n|switch|p2a: Chien-Pao|Chien-Pao, L72|234/234|[from] Flip Turn\n|-damage|p2a: Chien-Pao|176/234|[from] Stealth Rock\n|-ability|p2a: Chien-Pao|Sword of Ruin\n|\n|upkeep\n|turn|7\n|\n|t:|1781391129\n|switch|p1a: Heatran|Heatran, L79, M|273/273\n|-item|p1a: Heatran|Air Balloon\n|move|p2a: Chien-Pao|Sacred Sword|p1a: Heatran\n|-supereffective|p1a: Heatran\n|-damage|p1a: Heatran|59/273\n|-enditem|p1a: Heatran|Air Balloon\n|\n|upkeep\n|turn|8\n|\n|t:|1781391148\n|switch|p1a: Wyrdeer|Wyrdeer, L87, M|261/321\n|-ability|p1a: Wyrdeer|Intimidate|boost\n|-unboost|p2a: Chien-Pao|atk|1\n|move|p2a: Chien-Pao|Sacred Sword|p1a: Wyrdeer\n|-damage|p1a: Wyrdeer|180/321\n|\n|upkeep\n|turn|9\n|\n|t:|1781391283\n|switch|p2a: Kilowattrel|Kilowattrel, L83, F|252/252\n|switch|p1a: Rabsca|Rabsca, L91, F|18/284\n|\n|upkeep\n|turn|10\n|\n|t:|1781391301\n|move|p2a: Kilowattrel|U-turn|p1a: Rabsca\n|-supereffective|p1a: Rabsca\n|-damage|p1a: Rabsca|0 fnt\n|faint|p1a: Rabsca\n|\n|t:|1781391320\n|switch|p2a: Chien-Pao|Chien-Pao, L72|176/234|[from] U-turn\n|-damage|p2a: Chien-Pao|118/234|[from] Stealth Rock\n|-ability|p2a: Chien-Pao|Sword of Ruin\n|\n|upkeep\n|\n|t:|1781391325\n|switch|p1a: Pikachu|Pikachu, L93, F|216/216\n|turn|11\n|\n|t:|1781391346\n|-terastallize|p2a: Chien-Pao|Ice\n|move|p1a: Pikachu|Fake Out|p2a: Chien-Pao\n|-damage|p2a: Chien-Pao|62/234\n|cant|p2a: Chien-Pao|flinch\n|\n|upkeep\n|turn|12\n|\n|t:|1781391373\n|switch|p1a: Dedenne|Dedenne, L88, M|171/261\n|move|p2a: Chien-Pao|Icicle Crash|p1a: Dedenne|[miss]\n|-miss|p2a: Chien-Pao|p1a: Dedenne\n|\n|upkeep\n|turn|13\n|\n|t:|1781391384\n|switch|p2a: Glaceon|Glaceon, L94, M|262/275 par\n|move|p1a: Dedenne|Nuzzle|p2a: Glaceon\n|-damage|p2a: Glaceon|249/275 par\n|\n|upkeep\n|turn|14\n|\n|t:|1781391419\n|move|p1a: Dedenne|Super Fang|p2a: Glaceon\n|-damage|p2a: Glaceon|125/275 par\n|move|p2a: Glaceon|Mud Shot|p1a: Dedenne\n|-supereffective|p1a: Dedenne\n|-damage|p1a: Dedenne|35/261\n|-unboost|p1a: Dedenne|spe|1\n|-enditem|p1a: Dedenne|Sitrus Berry|[eat]\n|-heal|p1a: Dedenne|100/261|[from] item: Sitrus Berry\n|-heal|p1a: Dedenne|187/261|[from] ability: Cheek Pouch\n|\n|upkeep\n|turn|15\n|\n|t:|1781391437\n|move|p1a: Dedenne|Thunderbolt|p2a: Glaceon\n|-damage|p2a: Glaceon|44/275 par\n|cant|p2a: Glaceon|par\n|\n|upkeep\n|turn|16\n|\n|t:|1781391444\n|move|p2a: Glaceon|Protect|p2a: Glaceon\n|-singleturn|p2a: Glaceon|Protect\n|move|p1a: Dedenne|Dazzling Gleam|p2a: Glaceon\n|-activate|p2a: Glaceon|move: Protect\n|\n|upkeep\n|turn|17\n|\n|t:|1781391461\n|move|p1a: Dedenne|Dazzling Gleam|p2a: Glaceon\n|-damage|p2a: Glaceon|0 fnt\n|faint|p2a: Glaceon\n|\n|upkeep\n|\n|t:|1781391506\n|switch|p2a: Kilowattrel|Kilowattrel, L83, F|252/252\n|turn|18\n|\n|t:|1781391525\n|move|p2a: Kilowattrel|Hurricane|p1a: Dedenne\n|-resisted|p1a: Dedenne\n|-damage|p1a: Dedenne|119/261\n|move|p1a: Dedenne|Super Fang|p2a: Kilowattrel\n|-damage|p2a: Kilowattrel|126/252\n|\n|upkeep\n|turn|19\n|\n|t:|1781391589\n|move|p2a: Kilowattrel|U-turn|p1a: Dedenne\n|-resisted|p1a: Dedenne\n|-damage|p1a: Dedenne|94/261\n|\n|t:|1781391604\n|switch|p2a: Basculegion|Basculegion, L80, M|323/323|[from] U-turn\n|-damage|p2a: Basculegion|283/323|[from] Stealth Rock\n|move|p1a: Dedenne|Dazzling Gleam|p2a: Basculegion\n|-damage|p2a: Basculegion|222/323\n|\n|upkeep\n|turn|20\n|\n|t:|1781391620\n|move|p2a: Basculegion|Aqua Jet|p1a: Dedenne\n|-damage|p1a: Dedenne|24/261\n|move|p1a: Dedenne|Nuzzle|p2a: Basculegion\n|-supereffective|p2a: Basculegion\n|-damage|p2a: Basculegion|174/323\n|-status|p2a: Basculegion|par\n|\n|upkeep\n|turn|21\n|\n|t:|1781391629\n|move|p2a: Basculegion|Aqua Jet|p1a: Dedenne\n|-damage|p1a: Dedenne|0 fnt\n|faint|p1a: Dedenne\n|\n|upkeep\n|\n|t:|1781391633\n|switch|p1a: Pikachu|Pikachu, L93, F|216/216\n|turn|22\n|\n|t:|1781391660\n|switch|p2a: Kilowattrel|Kilowattrel, L83, F|126/252\n|move|p1a: Pikachu|Knock Off|p2a: Kilowattrel\n|-damage|p2a: Kilowattrel|0 fnt\n|-enditem|p2a: Kilowattrel|Heavy-Duty Boots|[from] move: Knock Off|[of] p1a: Pikachu\n|faint|p2a: Kilowattrel\n|\n|upkeep\n|\n|t:|1781391713\n|switch|p2a: Chien-Pao|Chien-Pao, L72, tera:Ice|62/234\n|-damage|p2a: Chien-Pao|4/234|[from] Stealth Rock\n|-ability|p2a: Chien-Pao|Sword of Ruin\n|turn|23\n|\n|t:|1781391728\n|switch|p1a: Wyrdeer|Wyrdeer, L87, M|180/321\n|-ability|p1a: Wyrdeer|Intimidate|boost\n|-unboost|p2a: Chien-Pao|atk|1\n|move|p2a: Chien-Pao|Icicle Crash|p1a: Wyrdeer\n|-damage|p1a: Wyrdeer|36/321\n|\n|upkeep\n|turn|24\n|\n|t:|1781391762\n|move|p2a: Chien-Pao|Icicle Crash|p1a: Wyrdeer\n|-damage|p1a: Wyrdeer|0 fnt\n|faint|p1a: Wyrdeer\n|\n|upkeep\n|\n|t:|1781391766\n|switch|p1a: Pikachu|Pikachu, L93, F|216/216\n|turn|25\n|\n|t:|1781391771\n|move|p1a: Pikachu|Fake Out|p2a: Chien-Pao\n|-damage|p2a: Chien-Pao|0 fnt\n|faint|p2a: Chien-Pao\n|\n|upkeep\n|c|\u2606crosby89|Pierdolafe\n|c|\u2606crosby89|Waaa\n|\n|t:|1781391838\n|switch|p2a: Corviknight|Corviknight, L80, F|288/288\n|-damage|p2a: Corviknight|252/288|[from] Stealth Rock\n|turn|26\n|\n|t:|1781391869\n|switch|p1a: Heatran|Heatran, L79, M|59/273\n|move|p2a: Corviknight|U-turn|p1a: Heatran\n|-resisted|p1a: Heatran\n|-damage|p1a: Heatran|50/273\n|\n|t:|1781391876\n|switch|p2a: Basculegion|Basculegion, L80, M|174/323 par|[from] U-turn\n|-damage|p2a: Basculegion|134/323 par|[from] Stealth Rock\n|\n|upkeep\n|turn|27\n|\n|t:|1781391884\n|switch|p1a: Arceus|Arceus-Flying, L69|279/279\n|move|p2a: Basculegion|Aqua Jet|p1a: Arceus\n|-damage|p1a: Arceus|221/279\n|\n|upkeep\n|turn|28\n|\n|t:|1781391894\n|move|p1a: Arceus|Calm Mind|p1a: Arceus\n|-boost|p1a: Arceus|spa|1\n|-boost|p1a: Arceus|spd|1\n|cant|p2a: Basculegion|par\n|\n|upkeep\n|turn|29\n|\n|t:|1781391948\n|switch|p2a: Giratina|Giratina-Origin, L72|335/335\n|-damage|p2a: Giratina|294/335|[from] Stealth Rock\n|move|p1a: Arceus|Judgment|p2a: Giratina\n|-damage|p2a: Giratina|123/335\n|\n|upkeep\n|turn|30\n|\n|t:|1781391970\n|move|p1a: Arceus|Judgment|p2a: Giratina\n|-damage|p2a: Giratina|0 fnt\n|faint|p2a: Giratina\n|\n|upkeep\n|\n|t:|1781391983\n|switch|p2a: Basculegion|Basculegion, L80, M|134/323 par\n|-damage|p2a: Basculegion|94/323 par|[from] Stealth Rock\n|turn|31\n|\n|t:|1781391994\n|move|p1a: Arceus|Judgment|p2a: Basculegion\n|-damage|p2a: Basculegion|0 fnt\n|faint|p2a: Basculegion\n|\n|upkeep\n|\n|t:|1781392001\n|switch|p2a: Corviknight|Corviknight, L80, F|252/288\n|-damage|p2a: Corviknight|216/288|[from] Stealth Rock\n|turn|32\n|\n|t:|1781392008\n|move|p1a: Arceus|Judgment|p2a: Corviknight\n|-resisted|p2a: Corviknight\n|-damage|p2a: Corviknight|139/288\n|move|p2a: Corviknight|Brave Bird|p1a: Arceus\n|-damage|p1a: Arceus|112/279\n|-damage|p2a: Corviknight|103/288|[from] Recoil\n|\n|-heal|p2a: Corviknight|121/288|[from] item: Leftovers\n|upkeep\n|turn|33\n|\n|t:|1781392019\n|move|p1a: Arceus|Judgment|p2a: Corviknight\n|-resisted|p2a: Corviknight\n|-damage|p2a: Corviknight|31/288\n|move|p2a: Corviknight|Roost|p2a: Corviknight\n|-heal|p2a: Corviknight|175/288\n|-singleturn|p2a: Corviknight|move: Roost\n|\n|-heal|p2a: Corviknight|193/288|[from] item: Leftovers\n|upkeep\n|turn|34\n|\n|t:|1781392066\n|move|p1a: Arceus|Calm Mind|p1a: Arceus\n|-boost|p1a: Arceus|spa|1\n|-boost|p1a: Arceus|spd|1\n|move|p2a: Corviknight|Brave Bird|p1a: Arceus\n|-damage|p1a: Arceus|15/279\n|-damage|p2a: Corviknight|161/288|[from] Recoil\n|\n|-heal|p2a: Corviknight|179/288|[from] item: Leftovers\n|upkeep\n|turn|35\n|\n|t:|1781392081\n|move|p1a: Arceus|Recover|p1a: Arceus\n|-heal|p1a: Arceus|155/279\n|move|p2a: Corviknight|Brave Bird|p1a: Arceus\n|-damage|p1a: Arceus|56/279\n|-damage|p2a: Corviknight|146/288|[from] Recoil\n|\n|-heal|p2a: Corviknight|164/288|[from] item: Leftovers\n|upkeep\n|turn|36\n|\n|t:|1781392090\n|move|p1a: Arceus|Recover|p1a: Arceus\n|-heal|p1a: Arceus|196/279\n|move|p2a: Corviknight|Brave Bird|p1a: Arceus\n|-damage|p1a: Arceus|91/279\n|-damage|p2a: Corviknight|129/288|[from] Recoil\n|\n|-heal|p2a: Corviknight|147/288|[from] item: Leftovers\n|upkeep\n|turn|37\n|\n|t:|1781392109\n|move|p1a: Arceus|Recover|p1a: Arceus\n|-heal|p1a: Arceus|231/279\n|move|p2a: Corviknight|Brave Bird|p1a: Arceus\n|-damage|p1a: Arceus|122/279\n|-damage|p2a: Corviknight|111/288|[from] Recoil\n|\n|-heal|p2a: Corviknight|129/288|[from] item: Leftovers\n|upkeep\n|turn|38\n|\n|t:|1781392116\n|move|p1a: Arceus|Judgment|p2a: Corviknight\n|-resisted|p2a: Corviknight\n|-damage|p2a: Corviknight|18/288\n|move|p2a: Corviknight|Brave Bird|p1a: Arceus\n|-damage|p1a: Arceus|23/279\n|-damage|p2a: Corviknight|0 fnt|[from] Recoil\n|faint|p2a: Corviknight\n|\n|win|rositacomepito\n", "uploadtime": 1781392120, "views": 12, "formatid": "gen9randombattle", "rating": null, "private": 0, "password": null}