{"id": "gen9randombattle-2631899024", "format": "[Gen 9] Random Battle", "players": ["LucaPaglia", "secchio"], "log": "|j|\u2606LucaPaglia\n|j|\u2606secchio\n|t:|1781453439\n|gametype|singles\n|player|p1|LucaPaglia|lusamine-nihilego|1405\n|player|p2|secchio|101|1430\n|gen|9\n|tier|[Gen 9] Random Battle\n|rated|\n|rule|Species Clause: Limit one of each Pok\u00e9mon\n|rule|HP Percentage Mod: HP is shown in percentages\n|rule|Sleep Clause Mod: Limit one foe put to sleep\n|rule|Illusion Level Mod: Illusion disguises the Pok\u00e9mon's true level\n|\n|t:|1781453439\n|teamsize|p1|6\n|teamsize|p2|6\n|start\n|switch|p1a: Dunsparce|Dunsparce, L86, M|312/312\n|switch|p2a: Golem|Golem, L87, F|281/281\n|turn|1\n|inactive|Battle timer is ON: inactive players will automatically lose when time's up. (requested by LucaPaglia)\n|\n|t:|1781453455\n|move|p2a: Golem|Stealth Rock|p1a: Dunsparce\n|-sidestart|p1: LucaPaglia|move: Stealth Rock\n|move|p1a: Dunsparce|Coil|p1a: Dunsparce\n|-boost|p1a: Dunsparce|atk|1\n|-boost|p1a: Dunsparce|def|1\n|-boost|p1a: Dunsparce|accuracy|1\n|\n|upkeep\n|turn|2\n|\n|t:|1781453482\n|switch|p2a: Palkia|Palkia-Origin, L72|249/249\n|-ability|p2a: Palkia|Pressure\n|move|p1a: Dunsparce|Coil|p1a: Dunsparce\n|-boost|p1a: Dunsparce|atk|1\n|-boost|p1a: Dunsparce|def|1\n|-boost|p1a: Dunsparce|accuracy|1\n|\n|upkeep\n|turn|3\n|\n|t:|1781453491\n|move|p2a: Palkia|Thunder Wave|p1a: Dunsparce\n|-status|p1a: Dunsparce|par\n|move|p1a: Dunsparce|Body Slam|p2a: Palkia\n|-damage|p2a: Palkia|89/249\n|\n|upkeep\n|turn|4\n|\n|t:|1781453508\n|move|p2a: Palkia|Draco Meteor|p1a: Dunsparce\n|-damage|p1a: Dunsparce|180/312 par\n|-unboost|p2a: Palkia|spa|2\n|move|p1a: Dunsparce|Body Slam|p2a: Palkia\n|-damage|p2a: Palkia|0 fnt\n|faint|p2a: Palkia\n|\n|upkeep\n|inactive|secchio has 120 seconds left.\n|\n|t:|1781453529\n|switch|p2a: Girafarig|Girafarig, L89, F|269/269\n|turn|5\n|\n|t:|1781453538\n|move|p2a: Girafarig|Psychic|p1a: Dunsparce\n|-damage|p1a: Dunsparce|104/312 par\n|cant|p1a: Dunsparce|par\n|\n|upkeep\n|turn|6\n|\n|t:|1781453544\n|move|p2a: Girafarig|Psychic|p1a: Dunsparce\n|-damage|p1a: Dunsparce|23/312 par\n|-unboost|p1a: Dunsparce|spd|1\n|cant|p1a: Dunsparce|par\n|\n|upkeep\n|turn|7\n|\n|t:|1781453553\n|move|p2a: Girafarig|Psychic|p1a: Dunsparce\n|-damage|p1a: Dunsparce|0 fnt\n|faint|p1a: Dunsparce\n|\n|upkeep\n|\n|t:|1781453563\n|switch|p1a: Leavanny|Leavanny, L86, M|269/269\n|turn|8\n|\n|t:|1781453575\n|move|p1a: Leavanny|Knock Off|p2a: Girafarig\n|-supereffective|p2a: Girafarig\n|-damage|p2a: Girafarig|147/269\n|-enditem|p2a: Girafarig|Eviolite|[from] move: Knock Off|[of] p1a: Leavanny\n|move|p2a: Girafarig|Psychic|p1a: Leavanny\n|-damage|p1a: Leavanny|164/269\n|-unboost|p1a: Leavanny|spd|1\n|\n|upkeep\n|turn|9\n|\n|t:|1781453583\n|move|p1a: Leavanny|Lunge|p2a: Girafarig\n|-supereffective|p2a: Girafarig\n|-damage|p2a: Girafarig|0 fnt\n|faint|p2a: Girafarig\n|\n|upkeep\n|\n|t:|1781453593\n|switch|p2a: Minior|Minior-Orange, L79|224/224\n|-formechange|p2a: Minior|Minior-Meteor||[from] ability: Shields Down\n|turn|10\n|\n|t:|1781453599\n|switch|p1a: Duraludon|Duraludon, L82, M|249/249\n|-damage|p1a: Duraludon|234/249|[from] Stealth Rock\n|move|p2a: Minior|Shell Smash|p2a: Minior\n|-unboost|p2a: Minior|def|1\n|-unboost|p2a: Minior|spd|1\n|-boost|p2a: Minior|atk|2\n|-boost|p2a: Minior|spa|2\n|-boost|p2a: Minior|spe|2\n|-enditem|p2a: Minior|White Herb\n|-clearnegativeboost|p2a: Minior|[silent]\n|\n|upkeep\n|turn|11\n|\n|t:|1781453614\n|move|p2a: Minior|Earthquake|p1a: Duraludon\n|-supereffective|p1a: Duraludon\n|-damage|p1a: Duraludon|126/249\n|move|p1a: Duraludon|Dragon Tail|p2a: Minior|[miss]\n|-miss|p1a: Duraludon|p2a: Minior\n|\n|upkeep\n|turn|12\n|\n|t:|1781453621\n|-terastallize|p1a: Duraludon|Fighting\n|move|p2a: Minior|Earthquake|p1a: Duraludon\n|-damage|p1a: Duraludon|77/249\n|move|p1a: Duraludon|Dragon Tail|p2a: Minior\n|-damage|p2a: Minior|169/224\n|drag|p2a: Golem|Golem, L87, F|281/281\n|\n|upkeep\n|turn|13\n|\n|t:|1781453645\n|move|p2a: Golem|Earthquake|p1a: Duraludon\n|-damage|p1a: Duraludon|7/249\n|move|p1a: Duraludon|Dragon Tail|p2a: Golem\n|-damage|p2a: Golem|235/281\n|drag|p2a: Enamorus|Enamorus-Therian, L83, F|259/259\n|\n|upkeep\n|turn|14\n|\n|t:|1781453654\n|move|p1a: Duraludon|Flash Cannon|p2a: Enamorus\n|-supereffective|p2a: Enamorus\n|-damage|p2a: Enamorus|67/259\n|-enditem|p2a: Enamorus|Weakness Policy\n|-boost|p2a: Enamorus|atk|2|[from] item: Weakness Policy\n|-boost|p2a: Enamorus|spa|2|[from] item: Weakness Policy\n|move|p2a: Enamorus|Agility|p2a: Enamorus\n|-boost|p2a: Enamorus|spe|2\n|\n|upkeep\n|turn|15\n|\n|t:|1781453666\n|move|p2a: Enamorus|Moonblast|p1a: Duraludon\n|-supereffective|p1a: Duraludon\n|-damage|p1a: Duraludon|0 fnt\n|faint|p1a: Duraludon\n|\n|upkeep\n|\n|t:|1781453682\n|switch|p1a: Azumarill|Azumarill, L82, M|298/298\n|-damage|p1a: Azumarill|261/298|[from] Stealth Rock\n|turn|16\n|\n|t:|1781453688\n|move|p1a: Azumarill|Aqua Jet|p2a: Enamorus\n|-damage|p2a: Enamorus|21/259\n|move|p2a: Enamorus|Moonblast|p1a: Azumarill\n|-damage|p1a: Azumarill|0 fnt\n|faint|p1a: Azumarill\n|\n|upkeep\n|\n|t:|1781453697\n|switch|p1a: Vaporeon|Vaporeon, L86, F|364/364\n|-damage|p1a: Vaporeon|319/364|[from] Stealth Rock\n|turn|17\n|\n|t:|1781453703\n|move|p1a: Vaporeon|Protect|p1a: Vaporeon\n|-singleturn|p1a: Vaporeon|Protect\n|move|p2a: Enamorus|Moonblast|p1a: Vaporeon\n|-activate|p1a: Vaporeon|move: Protect\n|\n|-heal|p1a: Vaporeon|341/364|[from] item: Leftovers\n|upkeep\n|turn|18\n|\n|t:|1781453712\n|move|p2a: Enamorus|Moonblast|p1a: Vaporeon\n|-damage|p1a: Vaporeon|124/364\n|move|p1a: Vaporeon|Scald|p2a: Enamorus\n|-damage|p2a: Enamorus|0 fnt\n|faint|p2a: Enamorus\n|\n|-heal|p1a: Vaporeon|146/364|[from] item: Leftovers\n|upkeep\n|\n|t:|1781453722\n|switch|p2a: Pincurchin|Pincurchin, F|258/258\n|-fieldstart|move: Electric Terrain|[from] ability: Electric Surge|[of] p2a: Pincurchin\n|turn|19\n|\n|t:|1781453732\n|move|p1a: Vaporeon|Wish|p1a: Vaporeon\n|move|p2a: Pincurchin|Zing Zap|p1a: Vaporeon\n|-supereffective|p1a: Vaporeon\n|-damage|p1a: Vaporeon|0 fnt\n|faint|p1a: Vaporeon\n|\n|upkeep\n|\n|t:|1781453737\n|switch|p1a: Leavanny|Leavanny, L86, M|164/269\n|turn|20\n|\n|t:|1781453750\n|move|p1a: Leavanny|Lunge|p2a: Pincurchin\n|-damage|p2a: Pincurchin|182/258\n|-unboost|p2a: Pincurchin|atk|1\n|move|p2a: Pincurchin|Curse|p2a: Pincurchin\n|-unboost|p2a: Pincurchin|spe|1\n|-boost|p2a: Pincurchin|atk|1\n|-boost|p2a: Pincurchin|def|1\n|\n|-heal|p1a: Leavanny|269/269|[from] move: Wish|[wisher] Vaporeon\n|-heal|p2a: Pincurchin|198/258|[from] item: Leftovers\n|upkeep\n|turn|21\n|\n|t:|1781453763\n|move|p1a: Leavanny|Lunge|p2a: Pincurchin\n|-damage|p2a: Pincurchin|146/258\n|-unboost|p2a: Pincurchin|atk|1\n|move|p2a: Pincurchin|Curse|p2a: Pincurchin\n|-unboost|p2a: Pincurchin|spe|1\n|-boost|p2a: Pincurchin|atk|1\n|-boost|p2a: Pincurchin|def|1\n|\n|-heal|p2a: Pincurchin|162/258|[from] item: Leftovers\n|upkeep\n|turn|22\n|\n|t:|1781453774\n|move|p1a: Leavanny|Lunge|p2a: Pincurchin\n|-damage|p2a: Pincurchin|122/258\n|-unboost|p2a: Pincurchin|atk|1\n|move|p2a: Pincurchin|Curse|p2a: Pincurchin\n|-unboost|p2a: Pincurchin|spe|1\n|-boost|p2a: Pincurchin|atk|1\n|-boost|p2a: Pincurchin|def|1\n|\n|-heal|p2a: Pincurchin|138/258|[from] item: Leftovers\n|upkeep\n|turn|23\n|\n|t:|1781453785\n|move|p1a: Leavanny|Lunge|p2a: Pincurchin\n|-damage|p2a: Pincurchin|108/258\n|-unboost|p2a: Pincurchin|atk|1\n|move|p2a: Pincurchin|Recover|p2a: Pincurchin\n|-heal|p2a: Pincurchin|237/258\n|\n|-heal|p2a: Pincurchin|253/258|[from] item: Leftovers\n|-fieldend|move: Electric Terrain\n|upkeep\n|turn|24\n|\n|t:|1781453795\n|move|p1a: Leavanny|Knock Off|p2a: Pincurchin\n|-damage|p2a: Pincurchin|230/258\n|-enditem|p2a: Pincurchin|Leftovers|[from] move: Knock Off|[of] p1a: Leavanny\n|move|p2a: Pincurchin|Curse|p2a: Pincurchin\n|-unboost|p2a: Pincurchin|spe|1\n|-boost|p2a: Pincurchin|atk|1\n|-boost|p2a: Pincurchin|def|1\n|\n|upkeep\n|turn|25\n|\n|t:|1781453804\n|move|p1a: Leavanny|Lunge|p2a: Pincurchin\n|-damage|p2a: Pincurchin|203/258\n|-unboost|p2a: Pincurchin|atk|1\n|move|p2a: Pincurchin|Curse|p2a: Pincurchin\n|-unboost|p2a: Pincurchin|spe|1\n|-boost|p2a: Pincurchin|atk|1\n|-boost|p2a: Pincurchin|def|1\n|\n|upkeep\n|turn|26\n|\n|t:|1781453817\n|move|p1a: Leavanny|Lunge|p2a: Pincurchin\n|-crit|p2a: Pincurchin\n|-damage|p2a: Pincurchin|97/258\n|-unboost|p2a: Pincurchin|atk|1\n|move|p2a: Pincurchin|Curse|p2a: Pincurchin\n|-unboost|p2a: Pincurchin|spe|1\n|-boost|p2a: Pincurchin|atk|1\n|-boost|p2a: Pincurchin|def|1\n|\n|upkeep\n|turn|27\n|\n|t:|1781453827\n|move|p1a: Leavanny|Lunge|p2a: Pincurchin\n|-damage|p2a: Pincurchin|75/258\n|-unboost|p2a: Pincurchin|atk|1\n|move|p2a: Pincurchin|Recover|p2a: Pincurchin\n|-heal|p2a: Pincurchin|204/258\n|\n|upkeep\n|turn|28\n|\n|t:|1781453836\n|move|p1a: Leavanny|Lunge|p2a: Pincurchin\n|-damage|p2a: Pincurchin|182/258\n|-unboost|p2a: Pincurchin|atk|1\n|move|p2a: Pincurchin|Recover|p2a: Pincurchin\n|-heal|p2a: Pincurchin|258/258\n|\n|upkeep\n|turn|29\n|\n|t:|1781453847\n|move|p1a: Leavanny|Lunge|p2a: Pincurchin\n|-damage|p2a: Pincurchin|236/258\n|-unboost|p2a: Pincurchin|atk|1\n|move|p2a: Pincurchin|Liquidation|p1a: Leavanny\n|-resisted|p1a: Leavanny\n|-damage|p1a: Leavanny|250/269\n|\n|upkeep\n|turn|30\n|\n|t:|1781453856\n|move|p1a: Leavanny|Leaf Blade|p2a: Pincurchin\n|-crit|p2a: Pincurchin\n|-damage|p2a: Pincurchin|104/258\n|move|p2a: Pincurchin|Liquidation|p1a: Leavanny\n|-resisted|p1a: Leavanny\n|-damage|p1a: Leavanny|231/269\n|\n|upkeep\n|turn|31\n|\n|t:|1781453864\n|move|p1a: Leavanny|Leaf Blade|p2a: Pincurchin\n|-damage|p2a: Pincurchin|82/258\n|move|p2a: Pincurchin|Recover|p2a: Pincurchin\n|-heal|p2a: Pincurchin|211/258\n|\n|upkeep\n|turn|32\n|\n|t:|1781453871\n|move|p1a: Leavanny|Leaf Blade|p2a: Pincurchin\n|-damage|p2a: Pincurchin|192/258\n|move|p2a: Pincurchin|Liquidation|p1a: Leavanny\n|-resisted|p1a: Leavanny\n|-damage|p1a: Leavanny|211/269\n|\n|upkeep\n|turn|33\n|\n|t:|1781453880\n|move|p1a: Leavanny|Lunge|p2a: Pincurchin\n|-damage|p2a: Pincurchin|174/258\n|-unboost|p2a: Pincurchin|atk|1\n|move|p2a: Pincurchin|Liquidation|p1a: Leavanny\n|-resisted|p1a: Leavanny\n|-damage|p1a: Leavanny|196/269\n|\n|upkeep\n|turn|34\n|\n|t:|1781453889\n|move|p1a: Leavanny|Leaf Blade|p2a: Pincurchin\n|-damage|p2a: Pincurchin|153/258\n|move|p2a: Pincurchin|Liquidation|p1a: Leavanny\n|-resisted|p1a: Leavanny\n|-damage|p1a: Leavanny|182/269\n|\n|upkeep\n|turn|35\n|\n|t:|1781453897\n|move|p1a: Leavanny|Leaf Blade|p2a: Pincurchin\n|-damage|p2a: Pincurchin|132/258\n|move|p2a: Pincurchin|Liquidation|p1a: Leavanny\n|-resisted|p1a: Leavanny\n|-crit|p1a: Leavanny\n|-damage|p1a: Leavanny|116/269\n|\n|upkeep\n|turn|36\n|\n|t:|1781453907\n|switch|p1a: Haxorus|Haxorus, L77, M|244/244\n|-damage|p1a: Haxorus|214/244|[from] Stealth Rock\n|-ability|p1a: Haxorus|Mold Breaker\n|move|p2a: Pincurchin|Liquidation|p1a: Haxorus\n|-resisted|p1a: Haxorus\n|-damage|p1a: Haxorus|199/244\n|\n|upkeep\n|turn|37\n|\n|t:|1781453919\n|move|p1a: Haxorus|Swords Dance|p1a: Haxorus\n|-boost|p1a: Haxorus|atk|2\n|move|p2a: Pincurchin|Recover|p2a: Pincurchin\n|-heal|p2a: Pincurchin|258/258\n|\n|upkeep\n|turn|38\n|\n|t:|1781453925\n|move|p1a: Haxorus|Swords Dance|p1a: Haxorus\n|-boost|p1a: Haxorus|atk|2\n|move|p2a: Pincurchin|Curse|p2a: Pincurchin\n|-boost|p2a: Pincurchin|atk|1\n|\n|upkeep\n|turn|39\n|\n|t:|1781453933\n|move|p1a: Haxorus|Iron Head|p2a: Pincurchin\n|-resisted|p2a: Pincurchin\n|-damage|p2a: Pincurchin|238/258\n|move|p2a: Pincurchin|Zing Zap|p1a: Haxorus\n|-resisted|p1a: Haxorus\n|-damage|p1a: Haxorus|173/244\n|\n|upkeep\n|turn|40\n|\n|t:|1781453940\n|move|p1a: Haxorus|Swords Dance|p1a: Haxorus\n|-boost|p1a: Haxorus|atk|2\n|move|p2a: Pincurchin|Liquidation|p1a: Haxorus\n|-resisted|p1a: Haxorus\n|-damage|p1a: Haxorus|153/244\n|\n|upkeep\n|turn|41\n|\n|t:|1781453949\n|move|p1a: Haxorus|Iron Head|p2a: Pincurchin\n|-resisted|p2a: Pincurchin\n|-crit|p2a: Pincurchin\n|-damage|p2a: Pincurchin|69/258\n|move|p2a: Pincurchin|Liquidation|p1a: Haxorus\n|-resisted|p1a: Haxorus\n|-damage|p1a: Haxorus|135/244\n|\n|upkeep\n|turn|42\n|\n|t:|1781453957\n|move|p1a: Haxorus|Iron Head|p2a: Pincurchin\n|-resisted|p2a: Pincurchin\n|-damage|p2a: Pincurchin|45/258\n|move|p2a: Pincurchin|Recover|p2a: Pincurchin\n|-heal|p2a: Pincurchin|174/258\n|\n|upkeep\n|turn|43\n|\n|t:|1781453964\n|move|p1a: Haxorus|Iron Head|p2a: Pincurchin\n|-resisted|p2a: Pincurchin\n|-damage|p2a: Pincurchin|148/258\n|move|p2a: Pincurchin|Liquidation|p1a: Haxorus\n|-resisted|p1a: Haxorus\n|-damage|p1a: Haxorus|116/244\n|\n|upkeep\n|turn|44\n|\n|t:|1781453973\n|move|p1a: Haxorus|Iron Head|p2a: Pincurchin\n|-resisted|p2a: Pincurchin\n|-damage|p2a: Pincurchin|122/258\n|cant|p2a: Pincurchin|flinch\n|\n|upkeep\n|turn|45\n|\n|t:|1781453982\n|move|p1a: Haxorus|Iron Head|p2a: Pincurchin\n|-resisted|p2a: Pincurchin\n|-damage|p2a: Pincurchin|97/258\n|move|p2a: Pincurchin|Zing Zap|p1a: Haxorus\n|-resisted|p1a: Haxorus\n|-damage|p1a: Haxorus|91/244\n|\n|upkeep\n|turn|46\n|\n|t:|1781453990\n|move|p1a: Haxorus|Iron Head|p2a: Pincurchin\n|-resisted|p2a: Pincurchin\n|-damage|p2a: Pincurchin|71/258\n|move|p2a: Pincurchin|Recover|p2a: Pincurchin\n|-heal|p2a: Pincurchin|200/258\n|\n|upkeep\n|turn|47\n|\n|t:|1781453999\n|move|p1a: Haxorus|Iron Head|p2a: Pincurchin\n|-resisted|p2a: Pincurchin\n|-damage|p2a: Pincurchin|176/258\n|move|p2a: Pincurchin|Zing Zap|p1a: Haxorus\n|-resisted|p1a: Haxorus\n|-damage|p1a: Haxorus|67/244\n|\n|upkeep\n|turn|48\n|\n|t:|1781454006\n|move|p1a: Haxorus|Iron Head|p2a: Pincurchin\n|-resisted|p2a: Pincurchin\n|-damage|p2a: Pincurchin|152/258\n|cant|p2a: Pincurchin|flinch\n|\n|upkeep\n|turn|49\n|\n|t:|1781454013\n|move|p1a: Haxorus|Iron Head|p2a: Pincurchin\n|-resisted|p2a: Pincurchin\n|-damage|p2a: Pincurchin|126/258\n|cant|p2a: Pincurchin|flinch\n|\n|upkeep\n|turn|50\n|\n|t:|1781454020\n|move|p1a: Haxorus|Iron Head|p2a: Pincurchin\n|-resisted|p2a: Pincurchin\n|-damage|p2a: Pincurchin|101/258\n|move|p2a: Pincurchin|Recover|p2a: Pincurchin\n|-heal|p2a: Pincurchin|230/258\n|\n|upkeep\n|turn|51\n|\n|t:|1781454027\n|move|p1a: Haxorus|Iron Head|p2a: Pincurchin\n|-resisted|p2a: Pincurchin\n|-damage|p2a: Pincurchin|205/258\n|move|p2a: Pincurchin|Zing Zap|p1a: Haxorus\n|-resisted|p1a: Haxorus\n|-damage|p1a: Haxorus|40/244\n|\n|upkeep\n|turn|52\n|\n|t:|1781454035\n|move|p1a: Haxorus|Iron Head|p2a: Pincurchin\n|-resisted|p2a: Pincurchin\n|-damage|p2a: Pincurchin|178/258\n|move|p2a: Pincurchin|Zing Zap|p1a: Haxorus\n|-resisted|p1a: Haxorus\n|-damage|p1a: Haxorus|12/244\n|\n|upkeep\n|turn|53\n|\n|t:|1781454042\n|move|p1a: Haxorus|Iron Head|p2a: Pincurchin\n|-resisted|p2a: Pincurchin\n|-damage|p2a: Pincurchin|151/258\n|cant|p2a: Pincurchin|flinch\n|\n|upkeep\n|turn|54\n|\n|t:|1781454049\n|move|p1a: Haxorus|Iron Head|p2a: Pincurchin\n|-resisted|p2a: Pincurchin\n|-damage|p2a: Pincurchin|125/258\n|move|p2a: Pincurchin|Zing Zap|p1a: Haxorus\n|-resisted|p1a: Haxorus\n|-damage|p1a: Haxorus|0 fnt\n|faint|p1a: Haxorus\n|\n|upkeep\n|\n|t:|1781454053\n|switch|p1a: Leavanny|Leavanny, L86, M|116/269\n|turn|55\n|\n|t:|1781454061\n|move|p1a: Leavanny|Leaf Blade|p2a: Pincurchin\n|-crit|p2a: Pincurchin\n|-damage|p2a: Pincurchin|0 fnt\n|faint|p2a: Pincurchin\n|\n|upkeep\n|c|\u2606LucaPaglia|fatti schifo dio cane\n|c|\u2606secchio|Ma perch\u00e9? Ahahah\n|\n|t:|1781454088\n|switch|p2a: Minior|Minior-Orange, L79|169/224\n|-formechange|p2a: Minior|Minior-Meteor||[from] ability: Shields Down\n|turn|56\n|\n|t:|1781454100\n|-terastallize|p2a: Minior|Steel\n|move|p1a: Leavanny|Leaf Blade|p2a: Minior\n|-resisted|p2a: Minior\n|-damage|p2a: Minior|118/224\n|move|p2a: Minior|Acrobatics|p1a: Leavanny\n|-supereffective|p1a: Leavanny\n|-damage|p1a: Leavanny|0 fnt\n|faint|p1a: Leavanny\n|\n|win|secchio\n", "uploadtime": 1781454061, "views": 2, "formatid": "gen9randombattle", "rating": null, "private": 0, "password": null}