{"id": "gen9randombattle-2631814576", "format": "[Gen 9] Random Battle", "players": ["grabschaender", "holy s m i t e"], "log": "|badge|p2|bronze|gen9randombattle|100-9\n|uhtml|medal-msg|<div class=\"broadcast-blue\">Curious what those medals under the avatar are? PS now has Ladder Seasons! For more information, check out the <a href=\"https://www.smogon.com/forums/threads/3740067/\">thread on Smogon.</a></div>\n|j|\u2606grabschaender\n|j|\u2606holy s m i t e\n|t:|1781443544\n|gametype|singles\n|player|p1|grabschaender|candice|2245\n|player|p2|holy s m i t e|101|2332\n|gen|9\n|tier|[Gen 9] Random Battle\n|rated|\n|rule|Species Clause: Limit one of each Pok\u00e9mon\n|rule|HP Percentage Mod: HP is shown in percentages\n|rule|Sleep Clause Mod: Limit one foe put to sleep\n|rule|Illusion Level Mod: Illusion disguises the Pok\u00e9mon's true level\n|\n|t:|1781443544\n|teamsize|p1|6\n|teamsize|p2|6\n|start\n|switch|p1a: Deoxys|Deoxys-Speed, L82|216/216\n|switch|p2a: Reuniclus|Reuniclus, L88, F|337/337\n|-ability|p1a: Deoxys|Pressure\n|turn|1\n|inactive|Battle timer is ON: inactive players will automatically lose when time's up. (requested by holy s m i t e)\n|\n|t:|1781443568\n|switch|p2a: Iron Jugulis|Iron Jugulis, L77|271/271\n|move|p1a: Deoxys|Stealth Rock|p2a: Iron Jugulis\n|-sidestart|p2: holy s m i t e|move: Stealth Rock\n|\n|upkeep\n|turn|2\n|\n|t:|1781443575\n|switch|p1a: Toxapex|Toxapex, L82, F|216/216\n|move|p2a: Iron Jugulis|Dark Pulse|p1a: Toxapex\n|-damage|p1a: Toxapex|134/216\n|\n|upkeep\n|turn|3\n|\n|t:|1781443578\n|move|p2a: Iron Jugulis|Dark Pulse|p1a: Toxapex\n|-damage|p1a: Toxapex|44/216\n|move|p1a: Toxapex|Toxic Spikes|p2a: Iron Jugulis\n|-sidestart|p2: holy s m i t e|move: Toxic Spikes\n|\n|upkeep\n|turn|4\n|\n|t:|1781443580\n|switch|p1a: Mandibuzz|Mandibuzz, L85, F|326/326\n|move|p2a: Iron Jugulis|Dark Pulse|p1a: Mandibuzz\n|-resisted|p1a: Mandibuzz\n|-damage|p1a: Mandibuzz|266/326\n|\n|upkeep\n|turn|5\n|\n|t:|1781443590\n|-end|p2a: Iron Jugulis|Quark Drive|[silent]\n|switch|p2a: Arbok|Arbok, L87, F|246/246\n|-damage|p2a: Arbok|216/246|[from] Stealth Rock\n|-sideend|p2: holy s m i t e|move: Toxic Spikes|[of] p2a: Arbok\n|-ability|p2a: Arbok|Intimidate|boost\n|-unboost|p1a: Mandibuzz|atk|1\n|switch|p1a: Toxapex|Toxapex, L82, F|116/216\n|\n|upkeep\n|turn|6\n|\n|t:|1781443596\n|switch|p1a: Deoxys|Deoxys-Speed, L82|216/216\n|-ability|p1a: Deoxys|Pressure\n|move|p2a: Arbok|Earthquake|p1a: Deoxys\n|-damage|p1a: Deoxys|122/216\n|-damage|p2a: Arbok|192/246|[from] item: Life Orb\n|\n|upkeep\n|turn|7\n|\n|t:|1781443601\n|move|p2a: Arbok|Sucker Punch|p1a: Deoxys\n|-supereffective|p1a: Deoxys\n|-damage|p1a: Deoxys|0 fnt\n|faint|p1a: Deoxys\n|-damage|p2a: Arbok|168/246|[from] item: Life Orb\n|\n|upkeep\n|\n|t:|1781443607\n|switch|p1a: Mandibuzz|Mandibuzz, L85, F|266/326\n|turn|8\n|\n|t:|1781443611\n|move|p2a: Arbok|Gunk Shot|p1a: Mandibuzz|[miss]\n|-miss|p2a: Arbok|p1a: Mandibuzz\n|move|p1a: Mandibuzz|Foul Play|p2a: Arbok\n|-damage|p2a: Arbok|51/246\n|\n|upkeep\n|turn|9\n|\n|t:|1781443613\n|move|p2a: Arbok|Gunk Shot|p1a: Mandibuzz\n|-damage|p1a: Mandibuzz|105/326\n|-status|p1a: Mandibuzz|psn\n|-damage|p2a: Arbok|27/246|[from] item: Life Orb\n|move|p1a: Mandibuzz|Foul Play|p2a: Arbok\n|-damage|p2a: Arbok|0 fnt\n|faint|p2a: Arbok\n|\n|-damage|p1a: Mandibuzz|65/326 psn|[from] psn\n|upkeep\n|\n|t:|1781443636\n|switch|p2a: Iron Jugulis|Iron Jugulis, L77|271/271\n|-damage|p2a: Iron Jugulis|204/271|[from] Stealth Rock\n|turn|10\n|\n|t:|1781443651\n|move|p2a: Iron Jugulis|Dark Pulse|p1a: Mandibuzz\n|-resisted|p1a: Mandibuzz\n|-damage|p1a: Mandibuzz|9/326 psn\n|move|p1a: Mandibuzz|Foul Play|p2a: Iron Jugulis\n|-resisted|p2a: Iron Jugulis\n|-damage|p2a: Iron Jugulis|168/271\n|\n|-damage|p1a: Mandibuzz|0 fnt|[from] psn\n|faint|p1a: Mandibuzz\n|upkeep\n|\n|t:|1781443659\n|switch|p1a: Abomasnow|Abomasnow, L84, F|287/287\n|-weather|Snowscape|[from] ability: Snow Warning|[of] p1a: Abomasnow\n|turn|11\n|\n|t:|1781443666\n|move|p2a: Iron Jugulis|Dark Pulse|p1a: Abomasnow\n|-damage|p1a: Abomasnow|154/287\n|cant|p1a: Abomasnow|flinch\n|\n|-weather|Snowscape|[upkeep]\n|upkeep\n|turn|12\n|\n|t:|1781443672\n|move|p2a: Iron Jugulis|Dark Pulse|p1a: Abomasnow\n|-damage|p1a: Abomasnow|24/287\n|cant|p1a: Abomasnow|flinch\n|\n|-weather|Snowscape|[upkeep]\n|upkeep\n|turn|13\n|\n|t:|1781443677\n|move|p1a: Abomasnow|Ice Shard|p2a: Iron Jugulis\n|-supereffective|p2a: Iron Jugulis\n|-damage|p2a: Iron Jugulis|76/271\n|move|p2a: Iron Jugulis|Dark Pulse|p1a: Abomasnow\n|-damage|p1a: Abomasnow|0 fnt\n|faint|p1a: Abomasnow\n|\n|-weather|Snowscape|[upkeep]\n|upkeep\n|\n|t:|1781443678\n|switch|p1a: Ogerpon|Ogerpon-Wellspring, L76, F|247/247\n|turn|14\n|\n|t:|1781443682\n|move|p2a: Iron Jugulis|Dark Pulse|p1a: Ogerpon\n|-damage|p1a: Ogerpon|123/247\n|move|p1a: Ogerpon|Ivy Cudgel|p2a: Iron Jugulis|[anim] Ivy Cudgel Water\n|-damage|p2a: Iron Jugulis|0 fnt\n|faint|p2a: Iron Jugulis\n|-end|p2a: Iron Jugulis|Quark Drive|[silent]\n|\n|-weather|Snowscape|[upkeep]\n|upkeep\n|\n|t:|1781443698\n|switch|p2a: Toucannon|Toucannon, L88, M|284/284\n|turn|15\n|\n|t:|1781443702\n|switch|p1a: Toxapex|Toxapex, L82, F|188/216\n|-singleturn|p2a: Toucannon|move: Beak Blast\n|move|p2a: Toucannon|Beak Blast|p1a: Toxapex\n|-damage|p1a: Toxapex|95/216\n|\n|-weather|none\n|upkeep\n|turn|16\n|\n|t:|1781443708\n|move|p2a: Toucannon|Boomburst|p1a: Toxapex\n|-damage|p1a: Toxapex|0 fnt\n|faint|p1a: Toxapex\n|\n|upkeep\n|\n|t:|1781443710\n|switch|p1a: Terapagos|Terapagos, L77, M|265/265\n|-activate|p1a: Terapagos|ability: Tera Shift\n|detailschange|p1a: Terapagos|Terapagos-Terastal, L77, M\n|-heal|p1a: Terapagos|273/273|[silent]\n|turn|17\n|\n|t:|1781443715\n|move|p1a: Terapagos|Calm Mind|p1a: Terapagos\n|-boost|p1a: Terapagos|spa|1\n|-boost|p1a: Terapagos|spd|1\n|move|p2a: Toucannon|Knock Off|p1a: Terapagos\n|-activate|p1a: Terapagos|ability: Tera Shell\n|-resisted|p1a: Terapagos\n|-damage|p1a: Terapagos|232/273\n|-enditem|p1a: Terapagos|Chesto Berry|[from] move: Knock Off|[of] p2a: Toucannon\n|\n|upkeep\n|turn|18\n|\n|t:|1781443726\n|-singleturn|p2a: Toucannon|move: Beak Blast\n|move|p1a: Terapagos|Tera Starstorm|p2a: Toucannon\n|-damage|p2a: Toucannon|103/284\n|move|p2a: Toucannon|Beak Blast|p1a: Terapagos\n|-damage|p1a: Terapagos|108/273\n|\n|upkeep\n|turn|19\n|\n|t:|1781443731\n|move|p1a: Terapagos|Tera Starstorm|p2a: Toucannon\n|-damage|p2a: Toucannon|0 fnt\n|faint|p2a: Toucannon\n|\n|upkeep\n|\n|t:|1781443743\n|switch|p2a: Great Tusk|Great Tusk, L77|304/304\n|-damage|p2a: Great Tusk|295/304|[from] Stealth Rock\n|turn|20\n|\n|t:|1781443755\n|-terastallize|p1a: Terapagos|Stellar\n|detailschange|p1a: Terapagos|Terapagos-Stellar, L77, M, tera:Stellar\n|-heal|p1a: Terapagos|208/373|[silent]\n|move|p2a: Great Tusk|Rapid Spin|p1a: Terapagos\n|-damage|p1a: Terapagos|170/373\n|-boost|p2a: Great Tusk|spe|1\n|-sideend|p2: holy s m i t e|Stealth Rock|[from] move: Rapid Spin|[of] p2a: Great Tusk\n|move|p1a: Terapagos|Tera Starstorm|p2a: Great Tusk\n|-damage|p2a: Great Tusk|141/304\n|\n|upkeep\n|turn|21\n|\n|t:|1781443765\n|move|p2a: Great Tusk|Close Combat|p1a: Terapagos\n|-supereffective|p1a: Terapagos\n|-damage|p1a: Terapagos|0 fnt\n|-unboost|p2a: Great Tusk|def|1\n|-unboost|p2a: Great Tusk|spd|1\n|faint|p1a: Terapagos\n|detailschange|p1: Terapagos|Terapagos, L77, M|[silent]\n|\n|upkeep\n|\n|t:|1781443766\n|switch|p1a: Ogerpon|Ogerpon-Wellspring, L76, F|123/247\n|turn|22\n|\n|t:|1781443768\n|move|p2a: Great Tusk|Close Combat|p1a: Ogerpon\n|-damage|p1a: Ogerpon|0 fnt\n|-unboost|p2a: Great Tusk|def|1\n|-unboost|p2a: Great Tusk|spd|1\n|faint|p1a: Ogerpon\n|\n|win|holy s m i t e\n", "uploadtime": 1781443546, "views": 3, "formatid": "gen9randombattle", "rating": null, "private": 0, "password": null}