{"id": "gen9randombattle-2631624325", "format": "[Gen 9] Random Battle", "players": ["orakim", "jh bruns"], "log": "|j|\u2606orakim\n|j|\u2606jh bruns\n|t:|1781410628\n|gametype|singles\n|player|p1|orakim|iris-gen5bw2|2017\n|player|p2|jh bruns|170|1988\n|gen|9\n|tier|[Gen 9] Random Battle\n|rated|\n|rule|Species Clause: Limit one of each Pok\u00e9mon\n|rule|HP Percentage Mod: HP is shown in percentages\n|rule|Sleep Clause Mod: Limit one foe put to sleep\n|rule|Illusion Level Mod: Illusion disguises the Pok\u00e9mon's true level\n|\n|t:|1781410628\n|teamsize|p1|6\n|teamsize|p2|6\n|start\n|switch|p1a: Bruxish|Bruxish, L85, M|254/254\n|switch|p2a: Greninja|Greninja, L80, M|246/246\n|turn|1\n|inactive|Battle timer is ON: inactive players will automatically lose when time's up. (requested by orakim)\n|inactive|orakim has 120 seconds left.\n|\n|t:|1781410668\n|switch|p1a: Azumarill|Azumarill, L82, M|298/298\n|move|p2a: Greninja|U-turn|p1a: Azumarill\n|-start|p2a: Greninja|typechange|Bug|[from] ability: Protean\n|-resisted|p1a: Azumarill\n|-damage|p1a: Azumarill|255/298\n|-damage|p2a: Greninja|222/246|[from] item: Life Orb\n|\n|t:|1781410683\n|switch|p2a: Banette|Banette, L93, M|270/270|[from] U-turn\n|\n|upkeep\n|turn|2\n|\n|t:|1781410698\n|switch|p1a: Arceus|Arceus-Steel, L70|284/284\n|move|p2a: Banette|Gunk Shot|p1a: Arceus\n|-immune|p1a: Arceus\n|\n|upkeep\n|turn|3\n|\n|t:|1781410712\n|move|p1a: Arceus|Judgment|p2a: Banette\n|-damage|p2a: Banette|143/270\n|move|p2a: Banette|Swords Dance|p2a: Banette\n|-boost|p2a: Banette|atk|2\n|\n|upkeep\n|turn|4\n|\n|t:|1781410720\n|switch|p1a: Girafarig|Girafarig, L89, M|269/269\n|move|p2a: Banette|Poltergeist|p1a: Girafarig\n|-immune|p1a: Girafarig\n|\n|upkeep\n|turn|5\n|\n|t:|1781410724\n|move|p1a: Girafarig|Psyshock|p2a: Banette\n|-damage|p2a: Banette|43/270\n|move|p2a: Banette|Gunk Shot|p1a: Girafarig\n|-damage|p1a: Girafarig|47/269\n|-damage|p2a: Banette|16/270|[from] item: Life Orb\n|\n|upkeep\n|turn|6\n|\n|t:|1781410732\n|move|p1a: Girafarig|Thunderbolt|p2a: Banette\n|-crit|p2a: Banette\n|-damage|p2a: Banette|0 fnt\n|faint|p2a: Banette\n|\n|upkeep\n|\n|t:|1781410743\n|switch|p2a: Palafin|Palafin, L77, F|281/281\n|turn|7\n|\n|t:|1781410749\n|move|p2a: Palafin|Jet Punch|p1a: Girafarig\n|-damage|p1a: Girafarig|16/269\n|move|p1a: Girafarig|Thunderbolt|p2a: Palafin\n|-supereffective|p2a: Palafin\n|-damage|p2a: Palafin|93/281\n|\n|-heal|p2a: Palafin|110/281|[from] item: Leftovers\n|upkeep\n|turn|8\n|\n|t:|1781410767\n|switch|p1a: Azumarill|Azumarill, L82, M|255/298\n|move|p2a: Palafin|Jet Punch|p1a: Azumarill\n|-resisted|p1a: Azumarill\n|-damage|p1a: Azumarill|233/298\n|\n|-heal|p2a: Palafin|127/281|[from] item: Leftovers\n|upkeep\n|turn|9\n|\n|t:|1781410773\n|detailschange|p2a: Palafin|Palafin-Hero, L77, F\n|switch|p2a: Gogoat|Gogoat, L88, F|360/360\n|move|p1a: Azumarill|Play Rough|p2a: Gogoat\n|-damage|p2a: Gogoat|153/360\n|\n|-heal|p2a: Gogoat|175/360|[from] item: Leftovers\n|upkeep\n|turn|10\n|\n|t:|1781410783\n|switch|p1a: Salazzle|Salazzle, L83, F|249/249\n|move|p2a: Gogoat|Milk Drink|p2a: Gogoat\n|-heal|p2a: Gogoat|355/360\n|\n|-heal|p2a: Gogoat|360/360|[from] item: Leftovers\n|upkeep\n|turn|11\n|\n|t:|1781410793\n|switch|p1a: Squawkabilly|Squawkabilly, L85, M|278/278\n|move|p2a: Gogoat|Rock Slide|p1a: Squawkabilly\n|-supereffective|p1a: Squawkabilly\n|-damage|p1a: Squawkabilly|96/278\n|\n|-status|p1a: Squawkabilly|brn|[from] item: Flame Orb\n|upkeep\n|turn|12\n|\n|t:|1781410806\n|move|p1a: Squawkabilly|U-turn|p2a: Gogoat\n|-supereffective|p2a: Gogoat\n|-damage|p2a: Gogoat|188/360\n|\n|t:|1781410819\n|switch|p1a: Girafarig|Girafarig, L89, M|16/269|[from] U-turn\n|move|p2a: Gogoat|Milk Drink|p2a: Gogoat\n|-heal|p2a: Gogoat|360/360\n|\n|upkeep\n|turn|13\n|\n|t:|1781410829\n|switch|p1a: Arceus|Arceus-Steel, L70|284/284\n|move|p2a: Gogoat|Rock Slide|p1a: Arceus\n|-resisted|p1a: Arceus\n|-damage|p1a: Arceus|257/284\n|\n|upkeep\n|turn|14\n|\n|t:|1781410837\n|move|p1a: Arceus|Calm Mind|p1a: Arceus\n|-boost|p1a: Arceus|spa|1\n|-boost|p1a: Arceus|spd|1\n|move|p2a: Gogoat|Bulk Up|p2a: Gogoat\n|-boost|p2a: Gogoat|atk|1\n|-boost|p2a: Gogoat|def|1\n|\n|upkeep\n|turn|15\n|\n|t:|1781410841\n|move|p1a: Arceus|Calm Mind|p1a: Arceus\n|-boost|p1a: Arceus|spa|1\n|-boost|p1a: Arceus|spd|1\n|move|p2a: Gogoat|Bulk Up|p2a: Gogoat\n|-boost|p2a: Gogoat|atk|1\n|-boost|p2a: Gogoat|def|1\n|\n|upkeep\n|turn|16\n|\n|t:|1781410852\n|-terastallize|p2a: Gogoat|Water\n|move|p1a: Arceus|Judgment|p2a: Gogoat\n|-resisted|p2a: Gogoat\n|-damage|p2a: Gogoat|246/360\n|move|p2a: Gogoat|Bulk Up|p2a: Gogoat\n|-boost|p2a: Gogoat|atk|1\n|-boost|p2a: Gogoat|def|1\n|\n|-heal|p2a: Gogoat|268/360|[from] item: Leftovers\n|upkeep\n|turn|17\n|\n|t:|1781410871\n|move|p1a: Arceus|Judgment|p2a: Gogoat\n|-resisted|p2a: Gogoat\n|-damage|p2a: Gogoat|154/360\n|move|p2a: Gogoat|Horn Leech|p1a: Arceus\n|-resisted|p1a: Arceus\n|-damage|p1a: Arceus|149/284\n|-heal|p2a: Gogoat|208/360|[from] drain|[of] p1a: Arceus\n|\n|-heal|p2a: Gogoat|230/360|[from] item: Leftovers\n|upkeep\n|turn|18\n|\n|t:|1781410878\n|switch|p1a: Girafarig|Girafarig, L89, M|16/269\n|move|p2a: Gogoat|Horn Leech|p1a: Girafarig\n|-ability|p1a: Girafarig|Sap Sipper|boost\n|-boost|p1a: Girafarig|atk|1\n|\n|-heal|p2a: Gogoat|252/360|[from] item: Leftovers\n|upkeep\n|turn|19\n|\n|t:|1781410887\n|move|p1a: Girafarig|Thunderbolt|p2a: Gogoat\n|-supereffective|p2a: Gogoat\n|-damage|p2a: Gogoat|108/360\n|move|p2a: Gogoat|Milk Drink|p2a: Gogoat\n|-heal|p2a: Gogoat|288/360\n|\n|-heal|p2a: Gogoat|310/360|[from] item: Leftovers\n|upkeep\n|turn|20\n|\n|t:|1781410892\n|move|p1a: Girafarig|Thunderbolt|p2a: Gogoat\n|-supereffective|p2a: Gogoat\n|-damage|p2a: Gogoat|166/360\n|move|p2a: Gogoat|Rock Slide|p1a: Girafarig\n|-damage|p1a: Girafarig|0 fnt\n|faint|p1a: Girafarig\n|\n|-heal|p2a: Gogoat|188/360|[from] item: Leftovers\n|upkeep\n|inactive|orakim has 120 seconds left.\n|\n|t:|1781410927\n|switch|p1a: Salazzle|Salazzle, L83, F|249/249\n|turn|21\n|\n|t:|1781410934\n|-terastallize|p1a: Salazzle|Grass\n|move|p1a: Salazzle|Nasty Plot|p1a: Salazzle\n|-boost|p1a: Salazzle|spa|2\n|move|p2a: Gogoat|Rock Slide|p1a: Salazzle\n|-damage|p1a: Salazzle|50/249\n|\n|-heal|p2a: Gogoat|210/360|[from] item: Leftovers\n|upkeep\n|turn|22\n|\n|t:|1781410944\n|move|p1a: Salazzle|Sludge Wave|p2a: Gogoat\n|-damage|p2a: Gogoat|0 fnt\n|faint|p2a: Gogoat\n|\n|upkeep\n|\n|t:|1781410951\n|switch|p2a: Ditto|Ditto, L87|225/225\n|-transform|p2a: Ditto|p1a: Salazzle|[from] ability: Imposter\n|-start|p2a: Ditto|typechange|Poison/Fire|[silent]\n|turn|23\n|inactive|orakim has 120 seconds left.\n|\n|t:|1781410984\n|switch|p1a: Arceus|Arceus-Steel, L70|149/284\n|move|p2a: Ditto|Fire Blast|p1a: Arceus\n|-supereffective|p1a: Arceus\n|-damage|p1a: Arceus|0 fnt\n|faint|p1a: Arceus\n|\n|upkeep\n|inactive|orakim has 120 seconds left.\n|\n|t:|1781411007\n|switch|p1a: Azumarill|Azumarill, L82, M|233/298\n|turn|24\n|\n|t:|1781411016\n|switch|p2a: Palafin|Palafin-Hero, L77, F|127/281\n|-activate|p2a: Palafin|ability: Zero to Hero\n|move|p1a: Azumarill|Liquidation|p2a: Palafin\n|-resisted|p2a: Palafin\n|-damage|p2a: Palafin|43/281\n|-unboost|p2a: Palafin|def|1\n|\n|-heal|p2a: Palafin|60/281|[from] item: Leftovers\n|upkeep\n|turn|25\n|\n|t:|1781411025\n|move|p2a: Palafin|Jet Punch|p1a: Azumarill\n|-resisted|p1a: Azumarill\n|-damage|p1a: Azumarill|193/298\n|move|p1a: Azumarill|Liquidation|p2a: Palafin\n|-resisted|p2a: Palafin\n|-damage|p2a: Palafin|0 fnt\n|faint|p2a: Palafin\n|\n|upkeep\n|\n|t:|1781411031\n|switch|p2a: Greninja|Greninja, L80, M|222/246\n|turn|26\n|\n|t:|1781411039\n|switch|p1a: Squawkabilly|Squawkabilly, L85, M|96/278 brn\n|move|p2a: Greninja|Gunk Shot|p1a: Squawkabilly\n|-start|p2a: Greninja|typechange|Poison|[from] ability: Protean\n|-damage|p1a: Squawkabilly|0 fnt\n|faint|p1a: Squawkabilly\n|-damage|p2a: Greninja|198/246|[from] item: Life Orb\n|\n|upkeep\n|\n|t:|1781411050\n|switch|p1a: Bruxish|Bruxish, L85, M|254/254\n|turn|27\n|\n|t:|1781411057\n|move|p2a: Greninja|U-turn|p1a: Bruxish\n|-supereffective|p1a: Bruxish\n|-damage|p1a: Bruxish|121/254\n|-damage|p2a: Greninja|174/246|[from] item: Life Orb\n|\n|t:|1781411062\n|switch|p2a: Ditto|Ditto, L87|225/225|[from] U-turn\n|-transform|p2a: Ditto|p1a: Bruxish|[from] ability: Imposter\n|move|p1a: Bruxish|Crunch|p2a: Ditto\n|-supereffective|p2a: Ditto\n|-damage|p2a: Ditto|0 fnt\n|faint|p2a: Ditto\n|-damage|p1a: Bruxish|96/254|[from] item: Life Orb\n|\n|upkeep\n|\n|t:|1781411065\n|switch|p2a: Zangoose|Zangoose, L85, F|263/263\n|turn|28\n|\n|t:|1781411081\n|move|p1a: Bruxish|Psychic Fangs|p2a: Zangoose\n|-damage|p2a: Zangoose|32/263\n|-damage|p1a: Bruxish|71/254|[from] item: Life Orb\n|move|p2a: Zangoose|Swords Dance|p2a: Zangoose\n|-boost|p2a: Zangoose|atk|2\n|\n|-status|p2a: Zangoose|tox|[from] item: Toxic Orb\n|upkeep\n|turn|29\n|\n|t:|1781411091\n|move|p2a: Zangoose|Quick Attack|p1a: Bruxish\n|-crit|p1a: Bruxish\n|-damage|p1a: Bruxish|0 fnt\n|faint|p1a: Bruxish\n|\n|-damage|p2a: Zangoose|16/263 tox|[from] psn\n|upkeep\n|\n|t:|1781411094\n|switch|p1a: Azumarill|Azumarill, L82, M|193/298\n|turn|30\n|\n|t:|1781411105\n|move|p2a: Zangoose|Quick Attack|p1a: Azumarill\n|-damage|p1a: Azumarill|27/298\n|move|p1a: Azumarill|Aqua Jet|p2a: Zangoose\n|-damage|p2a: Zangoose|0 fnt\n|faint|p2a: Zangoose\n|\n|upkeep\n|\n|t:|1781411110\n|switch|p2a: Greninja|Greninja, L80, M|174/246\n|turn|31\n|\n|t:|1781411123\n|move|p1a: Azumarill|Aqua Jet|p2a: Greninja\n|-resisted|p2a: Greninja\n|-damage|p2a: Greninja|129/246\n|move|p2a: Greninja|Gunk Shot|p1a: Azumarill\n|-start|p2a: Greninja|typechange|Poison|[from] ability: Protean\n|-supereffective|p1a: Azumarill\n|-damage|p1a: Azumarill|0 fnt\n|faint|p1a: Azumarill\n|-damage|p2a: Greninja|105/246|[from] item: Life Orb\n|\n|upkeep\n|\n|t:|1781411129\n|switch|p1a: Salazzle|Salazzle, L83, F, tera:Grass|50/249\n|turn|32\n|\n|t:|1781411137\n|move|p1a: Salazzle|Fire Blast|p2a: Greninja\n|-damage|p2a: Greninja|0 fnt\n|faint|p2a: Greninja\n|\n|win|orakim\n|raw|orakim's rating: 2017 &rarr; <strong>2035</strong><br />(+18 for winning)\n|raw|jh bruns's rating: 1988 &rarr; <strong>1970</strong><br />(-18 for losing)\n|l|\u2606jh bruns\n|player|p2|\n", "uploadtime": 1781410630, "views": 14, "formatid": "gen9randombattle", "rating": 1970, "private": 0, "password": null}