{"id": "gen9randombattle-2631641890", "format": "[Gen 9] Random Battle", "players": ["lalo's pollos", "DEVILICEMIN"], "log": "|j|\u2606lalo's pollos\n|j|\u2606DEVILICEMIN\n|t:|1781413479\n|gametype|singles\n|player|p1|lalo's pollos|1|1959\n|player|p2|DEVILICEMIN|winona-gen6|2015\n|gen|9\n|tier|[Gen 9] Random Battle\n|rated|\n|rule|Species Clause: Limit one of each Pok\u00e9mon\n|rule|HP Percentage Mod: HP is shown in percentages\n|rule|Sleep Clause Mod: Limit one foe put to sleep\n|rule|Illusion Level Mod: Illusion disguises the Pok\u00e9mon's true level\n|\n|t:|1781413479\n|teamsize|p1|6\n|teamsize|p2|6\n|start\n|switch|p1a: Kyogre|Kyogre, L71|259/259\n|switch|p2a: Ditto|Ditto, L87|225/225\n|-transform|p2a: Ditto|p1a: Kyogre|[from] ability: Imposter\n|-weather|RainDance|[from] ability: Drizzle|[of] p2a: Ditto\n|turn|1\n|\n|t:|1781413508\n|switch|p2a: Mesprit|Mesprit, L85|275/275\n|switch|p1a: Vigoroth|Vigoroth, L85, F|275/275\n|\n|-weather|RainDance|[upkeep]\n|upkeep\n|turn|2\n|\n|t:|1781413538\n|move|p1a: Vigoroth|Body Slam|p2a: Mesprit\n|-damage|p2a: Mesprit|202/275\n|-status|p2a: Mesprit|par\n|move|p2a: Mesprit|U-turn|p1a: Vigoroth\n|-damage|p1a: Vigoroth|237/275\n|\n|t:|1781413557\n|switch|p2a: Jumpluff|Jumpluff, L87, F|271/271|[from] U-turn\n|\n|-weather|RainDance|[upkeep]\n|upkeep\n|turn|3\n|inactive|Battle timer is ON: inactive players will automatically lose when time's up. (requested by DEVILICEMIN)\n|inactive|lalo's pollos has 120 seconds left.\n|inactive|lalo's pollos has 90 seconds left.\n|inactive|lalo's pollos has 60 seconds left.\n|inactive|lalo's pollos has 30 seconds left.\n|\n|t:|1781413733\n|switch|p1a: Diancie|Diancie, L82|216/216\n|move|p2a: Jumpluff|Sleep Powder|p1a: Diancie\n|-status|p1a: Diancie|slp|[from] move: Sleep Powder\n|\n|-weather|RainDance|[upkeep]\n|upkeep\n|turn|4\n|\n|t:|1781413743\n|switch|p2a: Stonjourner|Stonjourner, L91, M|330/330\n|cant|p1a: Diancie|slp\n|\n|-weather|RainDance|[upkeep]\n|upkeep\n|turn|5\n|inactive|lalo's pollos has 90 seconds left.\n|inactive|lalo's pollos has 60 seconds left.\n|\n|t:|1781413797\n|switch|p1a: Vigoroth|Vigoroth, L85, F|237/275\n|move|p2a: Stonjourner|Earthquake|p1a: Vigoroth\n|-damage|p1a: Vigoroth|141/275\n|-damage|p2a: Stonjourner|297/330|[from] item: Life Orb\n|\n|-weather|none\n|upkeep\n|turn|6\n|\n|t:|1781413805\n|move|p1a: Vigoroth|Bulk Up|p1a: Vigoroth\n|-boost|p1a: Vigoroth|atk|1\n|-boost|p1a: Vigoroth|def|1\n|move|p2a: Stonjourner|Stone Edge|p1a: Vigoroth\n|-damage|p1a: Vigoroth|44/275\n|-damage|p2a: Stonjourner|264/330|[from] item: Life Orb\n|\n|upkeep\n|turn|7\n|\n|t:|1781413811\n|switch|p2a: Jumpluff|Jumpluff, L87, F|271/271\n|move|p1a: Vigoroth|Slack Off|p1a: Vigoroth\n|-heal|p1a: Vigoroth|182/275\n|\n|upkeep\n|turn|8\n|\n|t:|1781413814\n|move|p2a: Jumpluff|Encore|p1a: Vigoroth\n|-start|p1a: Vigoroth|Encore\n|move|p1a: Vigoroth|Slack Off|p1a: Vigoroth\n|-heal|p1a: Vigoroth|275/275\n|\n|upkeep\n|turn|9\n|\n|t:|1781413820\n|switch|p2a: Ditto|Ditto, L87|225/225\n|-transform|p2a: Ditto|p1a: Vigoroth|[from] ability: Imposter\n|switch|p1a: Diancie|Diancie, L82|216/216 slp\n|\n|upkeep\n|turn|10\n|inactive|lalo's pollos has 90 seconds left.\n|inactive|lalo's pollos has 60 seconds left.\n|\n|t:|1781413870\n|switch|p1a: Banette|Banette, L93, M|270/270\n|move|p2a: Ditto|Earthquake|p1a: Banette\n|-damage|p1a: Banette|172/270\n|-start|p2a: Ditto|Disable|Earthquake|[from] ability: Cursed Body|[of] p1a: Banette\n|\n|upkeep\n|turn|11\n|\n|t:|1781413887\n|switch|p2a: Stonjourner|Stonjourner, L91, M|264/330\n|move|p1a: Banette|Swords Dance|p1a: Banette\n|-boost|p1a: Banette|atk|2\n|\n|upkeep\n|turn|12\n|\n|t:|1781413896\n|move|p1a: Banette|Shadow Sneak|p2a: Stonjourner\n|-damage|p2a: Stonjourner|163/330\n|-damage|p1a: Banette|145/270|[from] item: Life Orb\n|move|p2a: Stonjourner|Stone Edge|p1a: Banette\n|-damage|p1a: Banette|0 fnt\n|faint|p1a: Banette\n|-damage|p2a: Stonjourner|130/330|[from] item: Life Orb\n|\n|upkeep\n|\n|t:|1781413919\n|switch|p1a: Vigoroth|Vigoroth, L85, F|275/275\n|turn|13\n|\n|t:|1781413926\n|move|p1a: Vigoroth|Bulk Up|p1a: Vigoroth\n|-boost|p1a: Vigoroth|atk|1\n|-boost|p1a: Vigoroth|def|1\n|move|p2a: Stonjourner|Stone Edge|p1a: Vigoroth\n|-damage|p1a: Vigoroth|185/275\n|-damage|p2a: Stonjourner|97/330|[from] item: Life Orb\n|\n|upkeep\n|turn|14\n|\n|t:|1781413932\n|switch|p2a: Jumpluff|Jumpluff, L87, F|271/271\n|move|p1a: Vigoroth|Body Slam|p2a: Jumpluff\n|-damage|p2a: Jumpluff|136/271\n|\n|upkeep\n|turn|15\n|\n|t:|1781413936\n|move|p2a: Jumpluff|Strength Sap|p1a: Vigoroth\n|-unboost|p1a: Vigoroth|atk|1\n|-heal|p2a: Jumpluff|271/271\n|move|p1a: Vigoroth|Body Slam|p2a: Jumpluff\n|-damage|p2a: Jumpluff|175/271\n|\n|upkeep\n|turn|16\n|\n|t:|1781413940\n|switch|p1a: Diancie|Diancie, L82|216/216 slp\n|move|p2a: Jumpluff|Strength Sap|p1a: Diancie\n|-fail|p1a: Diancie|unboost|[from] ability: Clear Body|[of] p1a: Diancie\n|-heal|p2a: Jumpluff|271/271\n|\n|upkeep\n|turn|17\n|\n|t:|1781413945\n|switch|p2a: Stonjourner|Stonjourner, L91, M|97/330\n|-curestatus|p1a: Diancie|slp|[msg]\n|move|p1a: Diancie|Diamond Storm|p2a: Stonjourner\n|-damage|p2a: Stonjourner|34/330\n|\n|upkeep\n|turn|18\n|inactive|lalo's pollos has 120 seconds left.\n|\n|t:|1781413951\n|switch|p1a: Vigoroth|Vigoroth, L85, F|185/275\n|move|p2a: Stonjourner|Earthquake|p1a: Vigoroth\n|-damage|p1a: Vigoroth|94/275\n|-damage|p2a: Stonjourner|1/330|[from] item: Life Orb\n|\n|upkeep\n|turn|19\n|\n|t:|1781413956\n|switch|p2a: Jumpluff|Jumpluff, L87, F|271/271\n|move|p1a: Vigoroth|Slack Off|p1a: Vigoroth\n|-heal|p1a: Vigoroth|232/275\n|\n|upkeep\n|turn|20\n|\n|t:|1781413960\n|switch|p1a: Diancie|Diancie, L82|216/216\n|move|p2a: Jumpluff|Sleep Powder|p1a: Diancie\n|-status|p1a: Diancie|slp|[from] move: Sleep Powder\n|\n|upkeep\n|turn|21\n|\n|t:|1781413968\n|switch|p2a: Pincurchin|Pincurchin, F|258/258\n|-fieldstart|move: Electric Terrain|[from] ability: Electric Surge|[of] p2a: Pincurchin\n|cant|p1a: Diancie|slp\n|\n|upkeep\n|turn|22\n|\n|t:|1781413977\n|cant|p1a: Diancie|slp\n|move|p2a: Pincurchin|Thunderbolt|p1a: Diancie\n|-damage|p1a: Diancie|113/216 slp\n|\n|-heal|p1a: Diancie|126/216 slp|[from] item: Leftovers\n|upkeep\n|turn|23\n|\n|t:|1781413983\n|cant|p1a: Diancie|slp\n|move|p2a: Pincurchin|Thunderbolt|p1a: Diancie\n|-damage|p1a: Diancie|14/216 slp\n|\n|-heal|p1a: Diancie|27/216 slp|[from] item: Leftovers\n|upkeep\n|turn|24\n|\n|t:|1781413991\n|-curestatus|p1a: Diancie|slp|[msg]\n|move|p1a: Diancie|Earth Power|p2a: Pincurchin\n|-supereffective|p2a: Pincurchin\n|-damage|p2a: Pincurchin|156/258\n|move|p2a: Pincurchin|Thunderbolt|p1a: Diancie\n|-damage|p1a: Diancie|0 fnt\n|faint|p1a: Diancie\n|\n|-heal|p2a: Pincurchin|172/258|[from] item: Leftovers\n|upkeep\n|\n|t:|1781414000\n|switch|p1a: Comfey|Comfey, L85, F|225/225\n|turn|25\n|\n|t:|1781414010\n|switch|p2a: Jumpluff|Jumpluff, L87, F|271/271\n|move|p1a: Comfey|Calm Mind|p1a: Comfey\n|-boost|p1a: Comfey|spa|1\n|-boost|p1a: Comfey|spd|1\n|\n|-fieldend|move: Electric Terrain\n|upkeep\n|turn|26\n|\n|t:|1781414016\n|move|p2a: Jumpluff|Encore|p1a: Comfey\n|-start|p1a: Comfey|Encore\n|move|p1a: Comfey|Calm Mind|p1a: Comfey\n|-boost|p1a: Comfey|spa|1\n|-boost|p1a: Comfey|spd|1\n|\n|upkeep\n|turn|27\n|\n|t:|1781414020\n|move|p2a: Jumpluff|Acrobatics|p1a: Comfey\n|-damage|p1a: Comfey|141/225\n|move|p1a: Comfey|Calm Mind|p1a: Comfey\n|-boost|p1a: Comfey|spa|1\n|-boost|p1a: Comfey|spd|1\n|\n|-heal|p1a: Comfey|155/225|[from] item: Leftovers\n|upkeep\n|turn|28\n|\n|t:|1781414022\n|move|p2a: Jumpluff|Acrobatics|p1a: Comfey\n|-damage|p1a: Comfey|70/225\n|move|p1a: Comfey|Calm Mind|p1a: Comfey\n|-boost|p1a: Comfey|spa|1\n|-boost|p1a: Comfey|spd|1\n|\n|-heal|p1a: Comfey|84/225|[from] item: Leftovers\n|-end|p1a: Comfey|Encore\n|upkeep\n|turn|29\n|\n|t:|1781414025\n|move|p1a: Comfey|Draining Kiss|p2a: Jumpluff\n|-damage|p2a: Jumpluff|145/271\n|-heal|p1a: Comfey|179/225|[from] drain|[of] p2a: Jumpluff\n|move|p2a: Jumpluff|Encore|p1a: Comfey\n|-start|p1a: Comfey|Encore\n|\n|-heal|p1a: Comfey|193/225|[from] item: Leftovers\n|upkeep\n|turn|30\n|\n|t:|1781414044\n|-terastallize|p2a: Jumpluff|Steel\n|move|p1a: Comfey|Draining Kiss|p2a: Jumpluff\n|-resisted|p2a: Jumpluff\n|-damage|p2a: Jumpluff|80/271\n|-heal|p1a: Comfey|225/225|[from] drain|[of] p2a: Jumpluff\n|move|p2a: Jumpluff|Strength Sap|p1a: Comfey\n|-unboost|p1a: Comfey|atk|1\n|-heal|p2a: Jumpluff|173/271\n|\n|upkeep\n|turn|31\n|\n|t:|1781414052\n|move|p1a: Comfey|Draining Kiss|p2a: Jumpluff\n|-resisted|p2a: Jumpluff\n|-damage|p2a: Jumpluff|101/271\n|move|p2a: Jumpluff|Acrobatics|p1a: Comfey\n|-damage|p1a: Comfey|146/225\n|\n|-heal|p1a: Comfey|160/225|[from] item: Leftovers\n|upkeep\n|turn|32\n|\n|t:|1781414057\n|move|p1a: Comfey|Draining Kiss|p2a: Jumpluff\n|-resisted|p2a: Jumpluff\n|-damage|p2a: Jumpluff|34/271\n|-heal|p1a: Comfey|210/225|[from] drain|[of] p2a: Jumpluff\n|move|p2a: Jumpluff|Acrobatics|p1a: Comfey\n|-damage|p1a: Comfey|129/225\n|\n|-heal|p1a: Comfey|143/225|[from] item: Leftovers\n|-end|p1a: Comfey|Encore\n|upkeep\n|turn|33\n|\n|t:|1781414062\n|move|p1a: Comfey|Draining Kiss|p2a: Jumpluff\n|-resisted|p2a: Jumpluff\n|-damage|p2a: Jumpluff|0 fnt\n|-heal|p1a: Comfey|169/225|[from] drain|[of] p2a: Jumpluff\n|faint|p2a: Jumpluff\n|\n|-heal|p1a: Comfey|183/225|[from] item: Leftovers\n|upkeep\n|\n|t:|1781414068\n|switch|p2a: Mesprit|Mesprit, L85|202/275 par\n|turn|34\n|\n|t:|1781414074\n|move|p1a: Comfey|Draining Kiss|p2a: Mesprit\n|-damage|p2a: Mesprit|69/275 par\n|-heal|p1a: Comfey|225/225|[from] drain|[of] p2a: Mesprit\n|move|p2a: Mesprit|Psychic Noise|p1a: Comfey\n|-damage|p1a: Comfey|200/225\n|-start|p1a: Comfey|move: Heal Block\n|\n|-heal|p2a: Mesprit|86/275 par|[from] item: Leftovers\n|upkeep\n|turn|35\n|\n|t:|1781414081\n|move|p1a: Comfey|Calm Mind|p1a: Comfey\n|-boost|p1a: Comfey|spa|1\n|-boost|p1a: Comfey|spd|1\n|move|p2a: Mesprit|Thunder Wave|p1a: Comfey|[miss]\n|-miss|p2a: Mesprit|p1a: Comfey\n|\n|-heal|p2a: Mesprit|103/275 par|[from] item: Leftovers\n|-end|p1a: Comfey|move: Heal Block\n|upkeep\n|turn|36\n|\n|t:|1781414084\n|move|p1a: Comfey|Draining Kiss|p2a: Mesprit\n|-damage|p2a: Mesprit|0 fnt\n|-heal|p1a: Comfey|225/225|[from] drain|[of] p2a: Mesprit\n|faint|p2a: Mesprit\n|\n|upkeep\n|\n|t:|1781414090\n|switch|p2a: Ditto|Ditto, L87|225/225\n|-transform|p2a: Ditto|p1a: Comfey|[from] ability: Imposter\n|turn|37\n|\n|t:|1781414105\n|move|p2a: Ditto|Draining Kiss|p1a: Comfey\n|-damage|p1a: Comfey|186/225\n|move|p1a: Comfey|Draining Kiss|p2a: Ditto\n|-damage|p2a: Ditto|186/225\n|-heal|p1a: Comfey|215/225|[from] drain|[of] p2a: Ditto\n|\n|-heal|p1a: Comfey|225/225|[from] item: Leftovers\n|upkeep\n|turn|38\n|\n|t:|1781414111\n|move|p2a: Ditto|Draining Kiss|p1a: Comfey\n|-damage|p1a: Comfey|180/225\n|-heal|p2a: Ditto|220/225|[from] drain|[of] p1a: Comfey\n|move|p1a: Comfey|Draining Kiss|p2a: Ditto\n|-damage|p2a: Ditto|183/225\n|-heal|p1a: Comfey|208/225|[from] drain|[of] p2a: Ditto\n|\n|-heal|p1a: Comfey|222/225|[from] item: Leftovers\n|upkeep\n|turn|39\n|\n|t:|1781414121\n|move|p2a: Ditto|Draining Kiss|p1a: Comfey\n|-damage|p1a: Comfey|180/225\n|-heal|p2a: Ditto|215/225|[from] drain|[of] p1a: Comfey\n|move|p1a: Comfey|Draining Kiss|p2a: Ditto\n|-damage|p2a: Ditto|173/225\n|-heal|p1a: Comfey|212/225|[from] drain|[of] p2a: Ditto\n|\n|-heal|p1a: Comfey|225/225|[from] item: Leftovers\n|upkeep\n|turn|40\n|\n|t:|1781414125\n|move|p2a: Ditto|Draining Kiss|p1a: Comfey\n|-damage|p1a: Comfey|188/225\n|-heal|p2a: Ditto|201/225|[from] drain|[of] p1a: Comfey\n|move|p1a: Comfey|Calm Mind|p1a: Comfey\n|-boost|p1a: Comfey|spa|1\n|-boost|p1a: Comfey|spd|1\n|\n|-heal|p1a: Comfey|202/225|[from] item: Leftovers\n|upkeep\n|turn|41\n|\n|t:|1781414134\n|move|p2a: Ditto|Draining Kiss|p1a: Comfey\n|-damage|p1a: Comfey|165/225\n|-heal|p2a: Ditto|225/225|[from] drain|[of] p1a: Comfey\n|move|p1a: Comfey|Draining Kiss|p2a: Ditto\n|-damage|p2a: Ditto|179/225\n|-heal|p1a: Comfey|200/225|[from] drain|[of] p2a: Ditto\n|\n|-heal|p1a: Comfey|214/225|[from] item: Leftovers\n|upkeep\n|turn|42\n|\n|t:|1781414145\n|switch|p2a: Stonjourner|Stonjourner, L91, M|1/330\n|move|p1a: Comfey|Tera Blast|p2a: Stonjourner\n|-resisted|p2a: Stonjourner\n|-damage|p2a: Stonjourner|0 fnt\n|faint|p2a: Stonjourner\n|\n|-heal|p1a: Comfey|225/225|[from] item: Leftovers\n|upkeep\n|\n|t:|1781414148\n|switch|p2a: Ditto|Ditto, L87|179/225\n|-transform|p2a: Ditto|p1a: Comfey|[from] ability: Imposter\n|turn|43\n|\n|t:|1781414157\n|move|p2a: Ditto|Draining Kiss|p1a: Comfey\n|-damage|p1a: Comfey|182/225\n|-heal|p2a: Ditto|211/225|[from] drain|[of] p1a: Comfey\n|move|p1a: Comfey|Tera Blast|p2a: Ditto\n|-damage|p2a: Ditto|172/225\n|\n|-heal|p1a: Comfey|196/225|[from] item: Leftovers\n|upkeep\n|turn|44\n|\n|t:|1781414178\n|move|p2a: Ditto|Draining Kiss|p1a: Comfey\n|-damage|p1a: Comfey|156/225\n|-heal|p2a: Ditto|202/225|[from] drain|[of] p1a: Comfey\n|move|p1a: Comfey|Tera Blast|p2a: Ditto\n|-damage|p2a: Ditto|158/225\n|\n|-heal|p1a: Comfey|170/225|[from] item: Leftovers\n|upkeep\n|turn|45\n|\n|t:|1781414184\n|move|p2a: Ditto|Draining Kiss|p1a: Comfey\n|-damage|p1a: Comfey|131/225\n|-heal|p2a: Ditto|187/225|[from] drain|[of] p1a: Comfey\n|move|p1a: Comfey|Tera Blast|p2a: Ditto\n|-damage|p2a: Ditto|147/225\n|\n|-heal|p1a: Comfey|145/225|[from] item: Leftovers\n|upkeep\n|turn|46\n|\n|t:|1781414189\n|move|p2a: Ditto|Draining Kiss|p1a: Comfey\n|-damage|p1a: Comfey|102/225\n|-heal|p2a: Ditto|179/225|[from] drain|[of] p1a: Comfey\n|move|p1a: Comfey|Draining Kiss|p2a: Ditto\n|-damage|p2a: Ditto|136/225\n|-heal|p1a: Comfey|134/225|[from] drain|[of] p2a: Ditto\n|\n|-heal|p1a: Comfey|148/225|[from] item: Leftovers\n|upkeep\n|turn|47\n|\n|t:|1781414194\n|move|p2a: Ditto|Draining Kiss|p1a: Comfey\n|-damage|p1a: Comfey|109/225\n|-heal|p2a: Ditto|165/225|[from] drain|[of] p1a: Comfey\n|move|p1a: Comfey|Tera Blast|p2a: Ditto\n|-damage|p2a: Ditto|125/225\n|\n|-heal|p1a: Comfey|123/225|[from] item: Leftovers\n|upkeep\n|turn|48\n|\n|t:|1781414198\n|switch|p2a: Pincurchin|Pincurchin, F|172/258\n|-fieldstart|move: Electric Terrain|[from] ability: Electric Surge|[of] p2a: Pincurchin\n|move|p1a: Comfey|Tera Blast|p2a: Pincurchin\n|-damage|p2a: Pincurchin|0 fnt\n|faint|p2a: Pincurchin\n|\n|-heal|p1a: Comfey|137/225|[from] item: Leftovers\n|upkeep\n|\n|t:|1781414203\n|switch|p2a: Ditto|Ditto, L87|125/225\n|-transform|p2a: Ditto|p1a: Comfey|[from] ability: Imposter\n|turn|49\n|\n|t:|1781414207\n|move|p2a: Ditto|Draining Kiss|p1a: Comfey\n|-damage|p1a: Comfey|94/225\n|-heal|p2a: Ditto|157/225|[from] drain|[of] p1a: Comfey\n|move|p1a: Comfey|Tera Blast|p2a: Ditto\n|-damage|p2a: Ditto|112/225\n|\n|-heal|p1a: Comfey|108/225|[from] item: Leftovers\n|upkeep\n|turn|50\n|\n|t:|1781414210\n|move|p2a: Ditto|Draining Kiss|p1a: Comfey\n|-damage|p1a: Comfey|71/225\n|-heal|p2a: Ditto|140/225|[from] drain|[of] p1a: Comfey\n|move|p1a: Comfey|Synthesis|p1a: Comfey\n|-heal|p1a: Comfey|183/225\n|\n|-heal|p1a: Comfey|197/225|[from] item: Leftovers\n|upkeep\n|turn|51\n|\n|t:|1781414214\n|move|p2a: Ditto|Draining Kiss|p1a: Comfey\n|-damage|p1a: Comfey|152/225\n|-heal|p2a: Ditto|174/225|[from] drain|[of] p1a: Comfey\n|move|p1a: Comfey|Tera Blast|p2a: Ditto\n|-damage|p2a: Ditto|131/225\n|\n|-heal|p1a: Comfey|166/225|[from] item: Leftovers\n|upkeep\n|turn|52\n|\n|t:|1781414220\n|move|p2a: Ditto|Draining Kiss|p1a: Comfey\n|-damage|p1a: Comfey|126/225\n|-heal|p2a: Ditto|161/225|[from] drain|[of] p1a: Comfey\n|move|p1a: Comfey|Tera Blast|p2a: Ditto\n|-damage|p2a: Ditto|114/225\n|\n|-heal|p1a: Comfey|140/225|[from] item: Leftovers\n|-fieldend|move: Electric Terrain\n|upkeep\n|turn|53\n|\n|t:|1781414224\n|move|p2a: Ditto|Draining Kiss|p1a: Comfey\n|-damage|p1a: Comfey|98/225\n|-heal|p2a: Ditto|146/225|[from] drain|[of] p1a: Comfey\n|move|p1a: Comfey|Tera Blast|p2a: Ditto\n|-damage|p2a: Ditto|106/225\n|\n|-heal|p1a: Comfey|112/225|[from] item: Leftovers\n|upkeep\n|turn|54\n|\n|t:|1781414230\n|switch|p2a: Gouging Fire|Gouging Fire, L74|277/277\n|move|p1a: Comfey|Synthesis|p1a: Comfey\n|-heal|p1a: Comfey|224/225\n|\n|-heal|p1a: Comfey|225/225|[from] item: Leftovers\n|upkeep\n|turn|55\n|\n|t:|1781414239\n|move|p1a: Comfey|Tera Blast|p2a: Gouging Fire\n|-damage|p2a: Gouging Fire|53/277\n|move|p2a: Gouging Fire|Heat Crash|p1a: Comfey\n|-damage|p1a: Comfey|119/225\n|\n|-heal|p1a: Comfey|133/225|[from] item: Leftovers\n|upkeep\n|turn|56\n|\n|t:|1781414247\n|move|p1a: Comfey|Draining Kiss|p2a: Gouging Fire\n|-crit|p2a: Gouging Fire\n|-damage|p2a: Gouging Fire|0 fnt\n|-heal|p1a: Comfey|173/225|[from] drain|[of] p2a: Gouging Fire\n|faint|p2a: Gouging Fire\n|-end|p2a: Gouging Fire|Protosynthesis|[silent]\n|\n|-heal|p1a: Comfey|187/225|[from] item: Leftovers\n|upkeep\n|\n|t:|1781414249\n|switch|p2a: Ditto|Ditto, L87|106/225\n|-transform|p2a: Ditto|p1a: Comfey|[from] ability: Imposter\n|turn|57\n|\n|t:|1781414254\n|move|p2a: Ditto|Draining Kiss|p1a: Comfey\n|-damage|p1a: Comfey|148/225\n|-heal|p2a: Ditto|135/225|[from] drain|[of] p1a: Comfey\n|move|p1a: Comfey|Tera Blast|p2a: Ditto\n|-damage|p2a: Ditto|93/225\n|\n|-heal|p1a: Comfey|162/225|[from] item: Leftovers\n|upkeep\n|turn|58\n|\n|t:|1781414256\n|move|p2a: Ditto|Draining Kiss|p1a: Comfey\n|-damage|p1a: Comfey|117/225\n|-heal|p2a: Ditto|127/225|[from] drain|[of] p1a: Comfey\n|move|p1a: Comfey|Synthesis|p1a: Comfey\n|-heal|p1a: Comfey|225/225\n|\n|upkeep\n|turn|59\n|\n|t:|1781414262\n|move|p2a: Ditto|Draining Kiss|p1a: Comfey\n|-damage|p1a: Comfey|182/225\n|-heal|p2a: Ditto|159/225|[from] drain|[of] p1a: Comfey\n|move|p1a: Comfey|Synthesis|p1a: Comfey\n|-heal|p1a: Comfey|225/225\n|\n|upkeep\n|turn|60\n|\n|t:|1781414265\n|move|p2a: Ditto|Draining Kiss|p1a: Comfey\n|-damage|p1a: Comfey|182/225\n|-heal|p2a: Ditto|191/225|[from] drain|[of] p1a: Comfey\n|move|p1a: Comfey|Synthesis|p1a: Comfey\n|-heal|p1a: Comfey|225/225\n|\n|upkeep\n|turn|61\n|\n|t:|1781414268\n|move|p2a: Ditto|Draining Kiss|p1a: Comfey\n|-damage|p1a: Comfey|182/225\n|-heal|p2a: Ditto|223/225|[from] drain|[of] p1a: Comfey\n|move|p1a: Comfey|Synthesis|p1a: Comfey\n|-heal|p1a: Comfey|225/225\n|\n|upkeep\n|turn|62\n|inactive|DEVILICEMIN has 120 seconds left.\n|inactive|DEVILICEMIN has 90 seconds left.\n|inactive|DEVILICEMIN has 60 seconds left.\n|inactive|DEVILICEMIN has 30 seconds left.\n|inactive|DEVILICEMIN has 20 seconds left.\n|inactive|DEVILICEMIN has 15 seconds left.\n|inactive|DEVILICEMIN has 10 seconds left.\n|inactive|DEVILICEMIN has 5 seconds left.\n|-message|DEVILICEMIN lost due to inactivity.\n|\n|win|lalo's pollos\n", "uploadtime": 1781413481, "views": 3, "formatid": "gen9randombattle", "rating": null, "private": 0, "password": null}