{"id": "gen9randombattle-2631410349", "format": "[Gen 9] Random Battle", "players": ["vCreeze", "ludiyolo swaggins"], "log": "|j|\u2606vCreeze\n|j|\u2606ludiyolo swaggins\n|t:|1781381299\n|gametype|singles\n|player|p1|vCreeze|marnie-masters|1982\n|player|p2|ludiyolo swaggins|clair|1917\n|gen|9\n|tier|[Gen 9] Random Battle\n|rated|\n|rule|Species Clause: Limit one of each Pok\u00e9mon\n|rule|HP Percentage Mod: HP is shown in percentages\n|rule|Sleep Clause Mod: Limit one foe put to sleep\n|rule|Illusion Level Mod: Illusion disguises the Pok\u00e9mon's true level\n|\n|t:|1781381299\n|teamsize|p1|6\n|teamsize|p2|6\n|start\n|switch|p1a: Tsareena|Tsareena, L87, F|267/267\n|switch|p2a: Eiscue|Eiscue, L88, M|274/274\n|turn|1\n|\n|t:|1781381313\n|switch|p1a: Arcanine|Arcanine, L84, M|288/288\n|-ability|p1a: Arcanine|Intimidate|boost\n|-unboost|p2a: Eiscue|atk|1\n|move|p2a: Eiscue|Ice Spinner|p1a: Arcanine\n|-resisted|p1a: Arcanine\n|-damage|p1a: Arcanine|260/288\n|\n|upkeep\n|turn|2\n|inactive|Battle timer is ON: inactive players will automatically lose when time's up. (requested by vCreeze)\n|\n|t:|1781381318\n|switch|p2a: Salazzle|Salazzle, L83, F|249/249\n|move|p1a: Arcanine|Will-O-Wisp|p2a: Salazzle|[miss]\n|-miss|p1a: Arcanine|p2a: Salazzle\n|\n|upkeep\n|turn|3\n|\n|t:|1781381326\n|switch|p1a: Oranguru|Oranguru, L92, M|315/315\n|move|p2a: Salazzle|Toxic|p1a: Oranguru\n|-status|p1a: Oranguru|tox\n|\n|-damage|p1a: Oranguru|296/315 tox|[from] psn\n|upkeep\n|turn|4\n|\n|t:|1781381332\n|move|p2a: Salazzle|Substitute|p2a: Salazzle\n|-start|p2a: Salazzle|Substitute\n|-damage|p2a: Salazzle|187/249\n|move|p1a: Oranguru|Psyshock|p2a: Salazzle\n|-supereffective|p2a: Salazzle\n|-end|p2a: Salazzle|Substitute\n|\n|-heal|p2a: Salazzle|202/249|[from] item: Leftovers\n|-heal|p1a: Oranguru|315/315 tox|[from] item: Leftovers\n|-damage|p1a: Oranguru|277/315 tox|[from] psn\n|upkeep\n|turn|5\n|\n|t:|1781381337\n|move|p2a: Salazzle|Protect|p2a: Salazzle\n|-singleturn|p2a: Salazzle|Protect\n|move|p1a: Oranguru|Nasty Plot|p1a: Oranguru\n|-boost|p1a: Oranguru|spa|2\n|\n|-heal|p2a: Salazzle|217/249|[from] item: Leftovers\n|-heal|p1a: Oranguru|296/315 tox|[from] item: Leftovers\n|-damage|p1a: Oranguru|239/315 tox|[from] psn\n|upkeep\n|turn|6\n|\n|t:|1781381341\n|move|p2a: Salazzle|Substitute|p2a: Salazzle\n|-start|p2a: Salazzle|Substitute\n|-damage|p2a: Salazzle|155/249\n|move|p1a: Oranguru|Psyshock|p2a: Salazzle\n|-supereffective|p2a: Salazzle\n|-end|p2a: Salazzle|Substitute\n|\n|-heal|p2a: Salazzle|170/249|[from] item: Leftovers\n|-heal|p1a: Oranguru|258/315 tox|[from] item: Leftovers\n|-damage|p1a: Oranguru|182/315 tox|[from] psn\n|upkeep\n|turn|7\n|\n|t:|1781381353\n|move|p2a: Salazzle|Protect|p2a: Salazzle\n|-singleturn|p2a: Salazzle|Protect\n|move|p1a: Oranguru|Psyshock|p2a: Salazzle\n|-activate|p2a: Salazzle|move: Protect\n|\n|-heal|p2a: Salazzle|185/249|[from] item: Leftovers\n|-heal|p1a: Oranguru|201/315 tox|[from] item: Leftovers\n|-damage|p1a: Oranguru|106/315 tox|[from] psn\n|upkeep\n|turn|8\n|\n|t:|1781381361\n|move|p2a: Salazzle|Substitute|p2a: Salazzle\n|-start|p2a: Salazzle|Substitute\n|-damage|p2a: Salazzle|123/249\n|move|p1a: Oranguru|Psyshock|p2a: Salazzle\n|-supereffective|p2a: Salazzle\n|-end|p2a: Salazzle|Substitute\n|\n|-heal|p2a: Salazzle|138/249|[from] item: Leftovers\n|-heal|p1a: Oranguru|125/315 tox|[from] item: Leftovers\n|-damage|p1a: Oranguru|11/315 tox|[from] psn\n|upkeep\n|turn|9\n|\n|t:|1781381366\n|move|p2a: Salazzle|Protect|p2a: Salazzle\n|-singleturn|p2a: Salazzle|Protect\n|move|p1a: Oranguru|Psyshock|p2a: Salazzle\n|-activate|p2a: Salazzle|move: Protect\n|\n|-heal|p2a: Salazzle|153/249|[from] item: Leftovers\n|-heal|p1a: Oranguru|30/315 tox|[from] item: Leftovers\n|-damage|p1a: Oranguru|0 fnt|[from] psn\n|faint|p1a: Oranguru\n|upkeep\n|\n|t:|1781381371\n|switch|p1a: Azelf|Azelf, L82|257/257\n|turn|10\n|\n|t:|1781381388\n|switch|p2a: Palossand|Palossand, L89, M|296/296\n|move|p1a: Azelf|Psyshock|p2a: Palossand\n|-damage|p2a: Palossand|201/296\n|-damage|p1a: Azelf|232/257|[from] item: Life Orb\n|\n|-heal|p2a: Palossand|219/296|[from] item: Leftovers\n|upkeep\n|turn|11\n|\n|t:|1781381399\n|switch|p1a: Glastrier|Glastrier, L86|312/312\n|move|p2a: Palossand|Stealth Rock|p1a: Glastrier\n|-sidestart|p1: vCreeze|move: Stealth Rock\n|\n|-heal|p2a: Palossand|237/296|[from] item: Leftovers\n|upkeep\n|turn|12\n|\n|t:|1781381407\n|switch|p2a: Skeledirge|Skeledirge, L79, F|294/294\n|move|p1a: Glastrier|Swords Dance|p1a: Glastrier\n|-boost|p1a: Glastrier|atk|2\n|\n|upkeep\n|turn|13\n|\n|t:|1781381417\n|switch|p1a: Azelf|Azelf, L82|232/257\n|-damage|p1a: Azelf|200/257|[from] Stealth Rock\n|move|p2a: Skeledirge|Will-O-Wisp|p1a: Azelf\n|-status|p1a: Azelf|brn\n|\n|-damage|p1a: Azelf|184/257 brn|[from] brn\n|upkeep\n|turn|14\n|\n|t:|1781381426\n|switch|p2a: Palossand|Palossand, L89, M|237/296\n|move|p1a: Azelf|Psyshock|p2a: Palossand\n|-damage|p2a: Palossand|130/296\n|-damage|p1a: Azelf|159/257 brn|[from] item: Life Orb\n|\n|-heal|p2a: Palossand|148/296|[from] item: Leftovers\n|-damage|p1a: Azelf|143/257 brn|[from] brn\n|upkeep\n|turn|15\n|\n|t:|1781381434\n|switch|p1a: Glastrier|Glastrier, L86|312/312\n|move|p2a: Palossand|Shore Up|p2a: Palossand\n|-heal|p2a: Palossand|296/296\n|\n|upkeep\n|turn|16\n|\n|t:|1781381447\n|move|p2a: Palossand|Shadow Ball|p1a: Glastrier\n|-damage|p1a: Glastrier|230/312\n|-unboost|p1a: Glastrier|spd|1\n|move|p1a: Glastrier|Icicle Crash|p2a: Palossand\n|-supereffective|p2a: Palossand\n|-damage|p2a: Palossand|92/296\n|\n|-heal|p2a: Palossand|110/296|[from] item: Leftovers\n|upkeep\n|turn|17\n|\n|t:|1781381459\n|move|p2a: Palossand|Shadow Ball|p1a: Glastrier\n|-damage|p1a: Glastrier|103/312\n|move|p1a: Glastrier|Icicle Crash|p2a: Palossand\n|-supereffective|p2a: Palossand\n|-damage|p2a: Palossand|0 fnt\n|faint|p2a: Palossand\n|-ability|p1a: Glastrier|Chilling Neigh|boost\n|-boost|p1a: Glastrier|atk|1\n|\n|upkeep\n|\n|t:|1781381466\n|switch|p2a: Skeledirge|Skeledirge, L79, F|294/294\n|turn|18\n|\n|t:|1781381470\n|move|p2a: Skeledirge|Torch Song|p1a: Glastrier\n|-supereffective|p1a: Glastrier\n|-damage|p1a: Glastrier|0 fnt\n|-boost|p2a: Skeledirge|spa|1\n|faint|p1a: Glastrier\n|\n|upkeep\n|\n|t:|1781381475\n|switch|p1a: Azelf|Azelf, L82|143/257 brn\n|-damage|p1a: Azelf|111/257 brn|[from] Stealth Rock\n|turn|19\n|\n|t:|1781381485\n|move|p1a: Azelf|Psyshock|p2a: Skeledirge\n|-damage|p2a: Skeledirge|177/294\n|-damage|p1a: Azelf|86/257 brn|[from] item: Life Orb\n|move|p2a: Skeledirge|Torch Song|p1a: Azelf\n|-damage|p1a: Azelf|0 fnt\n|-boost|p2a: Skeledirge|spa|1\n|faint|p1a: Azelf\n|\n|upkeep\n|\n|t:|1781381493\n|switch|p1a: Tsareena|Tsareena, L87, F|267/267\n|-damage|p1a: Tsareena|234/267|[from] Stealth Rock\n|turn|20\n|\n|t:|1781381499\n|-terastallize|p1a: Tsareena|Fighting\n|move|p1a: Tsareena|Knock Off|p2a: Skeledirge\n|-supereffective|p2a: Skeledirge\n|-damage|p2a: Skeledirge|11/294\n|-enditem|p2a: Skeledirge|Heavy-Duty Boots|[from] move: Knock Off|[of] p1a: Tsareena\n|move|p2a: Skeledirge|Slack Off|p2a: Skeledirge\n|-heal|p2a: Skeledirge|158/294\n|\n|upkeep\n|turn|21\n|\n|t:|1781381506\n|move|p1a: Tsareena|Knock Off|p2a: Skeledirge\n|-supereffective|p2a: Skeledirge\n|-damage|p2a: Skeledirge|50/294\n|move|p2a: Skeledirge|Slack Off|p2a: Skeledirge\n|-heal|p2a: Skeledirge|197/294\n|\n|upkeep\n|turn|22\n|\n|t:|1781381510\n|move|p1a: Tsareena|Knock Off|p2a: Skeledirge\n|-supereffective|p2a: Skeledirge\n|-damage|p2a: Skeledirge|93/294\n|move|p2a: Skeledirge|Slack Off|p2a: Skeledirge\n|-heal|p2a: Skeledirge|240/294\n|\n|upkeep\n|turn|23\n|\n|t:|1781381517\n|move|p1a: Tsareena|Knock Off|p2a: Skeledirge\n|-supereffective|p2a: Skeledirge\n|-damage|p2a: Skeledirge|132/294\n|move|p2a: Skeledirge|Will-O-Wisp|p1a: Tsareena\n|-status|p1a: Tsareena|brn\n|\n|-damage|p1a: Tsareena|218/267 brn|[from] brn\n|upkeep\n|turn|24\n|\n|t:|1781381523\n|move|p1a: Tsareena|Knock Off|p2a: Skeledirge\n|-supereffective|p2a: Skeledirge\n|-damage|p2a: Skeledirge|79/294\n|move|p2a: Skeledirge|Slack Off|p2a: Skeledirge\n|-heal|p2a: Skeledirge|226/294\n|\n|-damage|p1a: Tsareena|202/267 brn|[from] brn\n|upkeep\n|turn|25\n|\n|t:|1781381539\n|move|p1a: Tsareena|Knock Off|p2a: Skeledirge\n|-supereffective|p2a: Skeledirge\n|-damage|p2a: Skeledirge|171/294\n|move|p2a: Skeledirge|Slack Off|p2a: Skeledirge\n|-heal|p2a: Skeledirge|294/294\n|\n|-damage|p1a: Tsareena|186/267 brn|[from] brn\n|upkeep\n|turn|26\n|\n|t:|1781381541\n|move|p1a: Tsareena|Knock Off|p2a: Skeledirge\n|-supereffective|p2a: Skeledirge\n|-damage|p2a: Skeledirge|235/294\n|move|p2a: Skeledirge|Torch Song|p1a: Tsareena\n|-damage|p1a: Tsareena|47/267 brn\n|-boost|p2a: Skeledirge|spa|1\n|\n|-damage|p1a: Tsareena|31/267 brn|[from] brn\n|upkeep\n|turn|27\n|-message|vCreeze forfeited.\n|\n|win|ludiyolo swaggins\n", "uploadtime": 1781381300, "views": 9, "formatid": "gen9randombattle", "rating": null, "private": 0, "password": null}