{"id": "gen9randombattle-2631828565", "format": "[Gen 9] Random Battle", "players": ["green8Bit", "LewisBavin"], "log": "|j|\u2606green8Bit\n|j|\u2606LewisBavin\n|t:|1781445356\n|gametype|singles\n|player|p1|green8Bit|101|2121\n|player|p2|LewisBavin|102|2167\n|gen|9\n|tier|[Gen 9] Random Battle\n|rated|\n|rule|Species Clause: Limit one of each Pok\u00e9mon\n|rule|HP Percentage Mod: HP is shown in percentages\n|rule|Sleep Clause Mod: Limit one foe put to sleep\n|rule|Illusion Level Mod: Illusion disguises the Pok\u00e9mon's true level\n|\n|t:|1781445356\n|teamsize|p1|6\n|teamsize|p2|6\n|start\n|switch|p1a: Luxray|Luxray, L88, M|283/283\n|switch|p2a: Espeon|Espeon, L84, F|246/246\n|turn|1\n|inactive|Battle timer is ON: inactive players will automatically lose when time's up. (requested by LewisBavin)\n|\n|t:|1781445371\n|move|p2a: Espeon|Psyshock|p1a: Luxray\n|-damage|p1a: Luxray|143/283\n|-damage|p2a: Espeon|222/246|[from] item: Life Orb\n|move|p1a: Luxray|Trailblaze|p2a: Espeon\n|-damage|p2a: Espeon|158/246\n|-boost|p1a: Luxray|spe|1\n|\n|-status|p1a: Luxray|brn|[from] item: Flame Orb\n|upkeep\n|turn|2\n|\n|t:|1781445381\n|switch|p2a: Decidueye|Decidueye, L88, M|281/281\n|move|p1a: Luxray|Facade|p2a: Decidueye\n|-immune|p2a: Decidueye\n|\n|-damage|p1a: Luxray|126/283 brn|[from] brn\n|upkeep\n|turn|3\n|inactive|green8Bit has 120 seconds left.\n|\n|t:|1781445425\n|move|p1a: Luxray|Throat Chop|p2a: Decidueye\n|-supereffective|p2a: Decidueye\n|-damage|p2a: Decidueye|27/281\n|-start|p2a: Decidueye|Throat Chop|[silent]\n|move|p2a: Decidueye|Swords Dance|p2a: Decidueye\n|-boost|p2a: Decidueye|atk|2\n|\n|-damage|p1a: Luxray|109/283 brn|[from] brn\n|upkeep\n|turn|4\n|\n|t:|1781445442\n|switch|p1a: Pyroar|Pyroar, L88, F|295/295\n|-ability|p1a: Pyroar|Unnerve\n|move|p2a: Decidueye|Shadow Sneak|p1a: Pyroar\n|-immune|p1a: Pyroar\n|\n|-end|p2a: Decidueye|Throat Chop|[silent]\n|upkeep\n|turn|5\n|\n|t:|1781445452\n|switch|p2a: Ho-Oh|Ho-Oh, L71|268/268\n|move|p1a: Pyroar|Dark Pulse|p2a: Ho-Oh\n|-damage|p2a: Ho-Oh|215/268\n|\n|upkeep\n|turn|6\n|inactive|green8Bit has 90 seconds left.\n|\n|t:|1781445501\n|move|p1a: Pyroar|Work Up|p1a: Pyroar\n|-boost|p1a: Pyroar|atk|1\n|-boost|p1a: Pyroar|spa|1\n|move|p2a: Ho-Oh|Earthquake|p1a: Pyroar\n|-supereffective|p1a: Pyroar\n|-damage|p1a: Pyroar|157/295\n|\n|upkeep\n|turn|7\n|\n|t:|1781445514\n|move|p1a: Pyroar|Hyper Voice|p2a: Ho-Oh\n|-damage|p2a: Ho-Oh|92/268\n|move|p2a: Ho-Oh|Earthquake|p1a: Pyroar\n|-supereffective|p1a: Pyroar\n|-damage|p1a: Pyroar|11/295\n|\n|upkeep\n|turn|8\n|\n|t:|1781445521\n|switch|p2a: Decidueye|Decidueye, L88, M|27/281\n|move|p1a: Pyroar|Hyper Voice|p2a: Decidueye\n|-immune|p2a: Decidueye\n|\n|upkeep\n|turn|9\n|\n|t:|1781445525\n|move|p1a: Pyroar|Dark Pulse|p2a: Decidueye\n|-supereffective|p2a: Decidueye\n|-damage|p2a: Decidueye|0 fnt\n|faint|p2a: Decidueye\n|\n|upkeep\n|\n|t:|1781445527\n|switch|p2a: Greninja|Greninja, L80, M|246/246\n|turn|10\n|\n|t:|1781445534\n|move|p2a: Greninja|Spikes|p1a: Pyroar\n|-start|p2a: Greninja|typechange|Ground|[from] ability: Protean\n|-sidestart|p1: green8Bit|Spikes\n|move|p1a: Pyroar|Hyper Voice|p2a: Greninja\n|-damage|p2a: Greninja|41/246\n|\n|upkeep\n|turn|11\n|\n|t:|1781445541\n|move|p2a: Greninja|Ice Beam|p1a: Pyroar\n|-resisted|p1a: Pyroar\n|-damage|p1a: Pyroar|0 fnt\n|faint|p1a: Pyroar\n|-damage|p2a: Greninja|17/246|[from] item: Life Orb\n|\n|upkeep\n|\n|t:|1781445563\n|switch|p1a: Tatsugiri|Tatsugiri, L87, F|260/260\n|turn|12\n|\n|t:|1781445572\n|move|p2a: Greninja|Ice Beam|p1a: Tatsugiri\n|-damage|p1a: Tatsugiri|187/260\n|-status|p1a: Tatsugiri|frz\n|-damage|p2a: Greninja|0 fnt|[from] item: Life Orb\n|faint|p2a: Greninja\n|cant|p1a: Tatsugiri|frz\n|\n|upkeep\n|\n|t:|1781445583\n|switch|p2a: Torterra|Torterra, L78, M|276/276\n|turn|13\n|\n|t:|1781445598\n|cant|p1a: Tatsugiri|frz\n|move|p2a: Torterra|Shell Smash|p2a: Torterra\n|-unboost|p2a: Torterra|def|1\n|-unboost|p2a: Torterra|spd|1\n|-boost|p2a: Torterra|atk|2\n|-boost|p2a: Torterra|spa|2\n|-boost|p2a: Torterra|spe|2\n|\n|upkeep\n|turn|14\n|\n|t:|1781445603\n|move|p2a: Torterra|Shell Smash|p2a: Torterra\n|-unboost|p2a: Torterra|def|1\n|-unboost|p2a: Torterra|spd|1\n|-boost|p2a: Torterra|atk|2\n|-boost|p2a: Torterra|spa|2\n|-boost|p2a: Torterra|spe|2\n|cant|p1a: Tatsugiri|frz\n|\n|upkeep\n|turn|15\n|inactive|green8Bit has 120 seconds left.\n|\n|t:|1781445608\n|move|p2a: Torterra|Bullet Seed|p1a: Tatsugiri\n|-damage|p1a: Tatsugiri|96/260 frz\n|-damage|p1a: Tatsugiri|0 fnt\n|faint|p1a: Tatsugiri\n|-hitcount|p1: Tatsugiri|2\n|\n|upkeep\n|inactive|green8Bit has 120 seconds left.\n|inactive|green8Bit has 90 seconds left.\n|\n|t:|1781445645\n|switch|p1a: Tauros|Tauros-Paldea-Combat, L82, M|257/257\n|-damage|p1a: Tauros|225/257|[from] Spikes\n|-ability|p1a: Tauros|Intimidate|boost\n|-unboost|p2a: Torterra|atk|1\n|turn|16\n|\n|t:|1781445651\n|switch|p1a: Luxray|Luxray, L88, M|109/283 brn\n|-damage|p1a: Luxray|74/283 brn|[from] Spikes\n|-terastallize|p2a: Torterra|Grass\n|move|p2a: Torterra|Bullet Seed|p1a: Luxray\n|-damage|p1a: Luxray|0 fnt\n|faint|p1a: Luxray\n|-hitcount|p1: Luxray|1\n|\n|upkeep\n|\n|t:|1781445653\n|switch|p1a: Tauros|Tauros-Paldea-Combat, L82, M|225/257\n|-damage|p1a: Tauros|193/257|[from] Spikes\n|-ability|p1a: Tauros|Intimidate|boost\n|-unboost|p2a: Torterra|atk|1\n|turn|17\n|\n|t:|1781445662\n|move|p2a: Torterra|Bullet Seed|p1a: Tauros\n|-damage|p1a: Tauros|127/257\n|-crit|p1a: Tauros\n|-damage|p1a: Tauros|29/257\n|-damage|p1a: Tauros|0 fnt\n|faint|p1a: Tauros\n|-hitcount|p1: Tauros|3\n|\n|upkeep\n|l|\u2606green8Bit\n|inactive|green8Bit disconnected and has a minute to reconnect!\n|player|p1|\n|inactive|green8Bit has 30 seconds to reconnect!\n|inactive|green8Bit has 20 seconds to reconnect!\n|inactive|green8Bit has 15 seconds to reconnect!\n|inactive|green8Bit has 10 seconds to reconnect!\n|inactive|green8Bit has 5 seconds to reconnect!\n|-message|green8Bit lost due to inactivity.\n|\n|win|LewisBavin\n", "uploadtime": 1781445358, "views": 6, "formatid": "gen9randombattle", "rating": null, "private": 0, "password": null}