{"id": "gen9randombattle-2631867427", "format": "[Gen 9] Random Battle", "players": ["tc technique", "SaberTB"], "log": "|j|\u2606tc technique\n|j|\u2606SaberTB\n|t:|1781449956\n|gametype|singles\n|player|p1|tc technique|102|1954\n|player|p2|SaberTB|102|2116\n|gen|9\n|tier|[Gen 9] Random Battle\n|rated|\n|rule|Species Clause: Limit one of each Pok\u00e9mon\n|rule|HP Percentage Mod: HP is shown in percentages\n|rule|Sleep Clause Mod: Limit one foe put to sleep\n|rule|Illusion Level Mod: Illusion disguises the Pok\u00e9mon's true level\n|\n|t:|1781449956\n|teamsize|p1|6\n|teamsize|p2|6\n|start\n|switch|p1a: Polteageist|Polteageist, L78|222/222\n|switch|p2a: Koraidon|Koraidon, L64|235/235\n|-weather|SunnyDay|[from] ability: Orichalcum Pulse|[of] p2a: Koraidon\n|-activate|p2a: Koraidon|Orichalcum Pulse|[source]\n|turn|1\n|\n|t:|1781449971\n|switch|p1a: Moltres|Moltres, L81|278/278\n|move|p2a: Koraidon|Outrage|p1a: Moltres\n|-damage|p1a: Moltres|94/278\n|-status|p2a: Koraidon|brn|[from] ability: Flame Body|[of] p1a: Moltres\n|\n|-weather|SunnyDay|[upkeep]\n|-damage|p2a: Koraidon|221/235 brn|[from] brn\n|upkeep\n|turn|2\n|\n|t:|1781449975\n|switch|p1a: Bronzong|Bronzong, L88|261/261\n|move|p2a: Koraidon|Outrage|p1a: Bronzong|[from] lockedmove\n|-resisted|p1a: Bronzong\n|-damage|p1a: Bronzong|226/261\n|\n|-weather|SunnyDay|[upkeep]\n|-damage|p2a: Koraidon|207/235 brn|[from] brn\n|upkeep\n|turn|3\n|\n|t:|1781449980\n|move|p2a: Koraidon|Outrage|p1a: Bronzong|[from] lockedmove\n|-resisted|p1a: Bronzong\n|-damage|p1a: Bronzong|190/261\n|-start|p2a: Koraidon|confusion|[fatigue]\n|move|p1a: Bronzong|Body Press|p2a: Koraidon\n|-damage|p2a: Koraidon|134/235 brn\n|\n|-weather|SunnyDay|[upkeep]\n|-damage|p2a: Koraidon|120/235 brn|[from] brn\n|upkeep\n|turn|4\n|\n|t:|1781449988\n|switch|p2a: Scovillain|Scovillain, L91, M|266/266\n|switch|p1a: Moltres|Moltres, L81|94/278\n|\n|-weather|SunnyDay|[upkeep]\n|upkeep\n|turn|5\n|\n|t:|1781449992\n|move|p2a: Scovillain|Fire Blast|p1a: Moltres|[miss]\n|-miss|p2a: Scovillain|p1a: Moltres\n|move|p1a: Moltres|Roost|p1a: Moltres\n|-heal|p1a: Moltres|233/278\n|-singleturn|p1a: Moltres|move: Roost\n|\n|-weather|none\n|upkeep\n|turn|6\n|\n|t:|1781449999\n|switch|p2a: Minun|Minun, L95, M|268/268\n|move|p1a: Moltres|U-turn|p2a: Minun\n|-damage|p2a: Minun|203/268\n|\n|t:|1781450005\n|switch|p1a: Flutter Mane|Flutter Mane, L74|203/203|[from] U-turn\n|\n|upkeep\n|turn|7\n|\n|t:|1781450013\n|switch|p2a: Scovillain|Scovillain, L91, M|266/266\n|move|p1a: Flutter Mane|Moonblast|p2a: Scovillain\n|-resisted|p2a: Scovillain\n|-damage|p2a: Scovillain|170/266\n|-unboost|p2a: Scovillain|spa|1\n|\n|upkeep\n|turn|8\n|\n|t:|1781450019\n|move|p1a: Flutter Mane|Moonblast|p2a: Scovillain\n|-resisted|p2a: Scovillain\n|-damage|p2a: Scovillain|84/266\n|move|p2a: Scovillain|Fire Blast|p1a: Flutter Mane|[miss]\n|-miss|p2a: Scovillain|p1a: Flutter Mane\n|\n|upkeep\n|turn|9\n|\n|t:|1781450027\n|switch|p2a: Jumpluff|Jumpluff, L87, F|271/271\n|move|p1a: Flutter Mane|Moonblast|p2a: Jumpluff\n|-damage|p2a: Jumpluff|124/271\n|\n|upkeep\n|turn|10\n|\n|t:|1781450031\n|switch|p2a: Samurott|Samurott, L88, M|310/310\n|move|p1a: Flutter Mane|Moonblast|p2a: Samurott\n|-damage|p2a: Samurott|130/310\n|-unboost|p2a: Samurott|spa|1\n|\n|upkeep\n|turn|11\n|-message|SaberTB forfeited.\n|\n|win|tc technique\n", "uploadtime": 1781449959, "views": 3, "formatid": "gen9randombattle", "rating": null, "private": 0, "password": null}