{"id": "gen9randombattle-2631553655", "format": "[Gen 9] Random Battle", "players": ["schleeby", "Addddlleyy"], "log": "|j|\u2606schleeby\n|j|\u2606Addddlleyy\n|t:|1781400462\n|gametype|singles\n|player|p1|schleeby|rosa|1941\n|player|p2|Addddlleyy|swimmer|2035\n|gen|9\n|tier|[Gen 9] Random Battle\n|rated|\n|rule|Species Clause: Limit one of each Pok\u00e9mon\n|rule|HP Percentage Mod: HP is shown in percentages\n|rule|Sleep Clause Mod: Limit one foe put to sleep\n|rule|Illusion Level Mod: Illusion disguises the Pok\u00e9mon's true level\n|\n|t:|1781400462\n|teamsize|p1|6\n|teamsize|p2|6\n|start\n|switch|p1a: Brambleghast|Brambleghast, L88, F|240/240\n|switch|p2a: Hoopa|Hoopa, L85|275/275\n|turn|1\n|inactive|Battle timer is ON: inactive players will automatically lose when time's up. (requested by Addddlleyy)\n|\n|t:|1781400469\n|move|p2a: Hoopa|Shadow Ball|p1a: Brambleghast\n|-supereffective|p1a: Brambleghast\n|-damage|p1a: Brambleghast|0 fnt\n|faint|p1a: Brambleghast\n|\n|upkeep\n|\n|t:|1781400477\n|switch|p1a: Oranguru|Oranguru, L92, M|315/315\n|turn|2\n|\n|t:|1781400487\n|switch|p2a: Toedscruel|Toedscruel, L87, F|281/281\n|move|p1a: Oranguru|Psyshock|p2a: Toedscruel\n|-damage|p2a: Toedscruel|104/281\n|\n|upkeep\n|turn|3\n|\n|t:|1781400499\n|switch|p2a: Slaking|Slaking, L84, F|389/389\n|move|p1a: Oranguru|Psyshock|p2a: Slaking\n|-damage|p2a: Slaking|259/389\n|\n|upkeep\n|turn|4\n|\n|t:|1781400505\n|move|p2a: Slaking|Knock Off|p1a: Oranguru\n|-supereffective|p1a: Oranguru\n|-damage|p1a: Oranguru|13/315\n|-enditem|p1a: Oranguru|Choice Specs|[from] move: Knock Off|[of] p2a: Slaking\n|move|p1a: Oranguru|Psyshock|p2a: Slaking\n|-damage|p2a: Slaking|169/389\n|\n|upkeep\n|turn|5\n|\n|t:|1781400509\n|cant|p2a: Slaking|ability: Truant\n|move|p1a: Oranguru|Focus Blast|p2a: Slaking\n|-supereffective|p2a: Slaking\n|-damage|p2a: Slaking|0 fnt\n|faint|p2a: Slaking\n|\n|upkeep\n|\n|t:|1781400513\n|switch|p2a: Toedscruel|Toedscruel, L87, F|104/281\n|turn|6\n|\n|t:|1781400522\n|switch|p1a: Ho-Oh|Ho-Oh, L71|268/268\n|move|p2a: Toedscruel|Rapid Spin|p1a: Ho-Oh\n|-damage|p1a: Ho-Oh|234/268\n|-boost|p2a: Toedscruel|spe|1\n|\n|upkeep\n|turn|7\n|\n|t:|1781400530\n|switch|p2a: Avalugg|Avalugg-Hisui, L90, F|317/317\n|move|p1a: Ho-Oh|Sacred Fire|p2a: Avalugg\n|-crit|p2a: Avalugg\n|-damage|p2a: Avalugg|236/317\n|\n|upkeep\n|turn|8\n|\n|t:|1781400544\n|move|p1a: Ho-Oh|Sacred Fire|p2a: Avalugg\n|-damage|p2a: Avalugg|190/317\n|-status|p2a: Avalugg|brn\n|move|p2a: Avalugg|Avalanche|p1a: Ho-Oh\n|-damage|p1a: Ho-Oh|135/268\n|\n|-damage|p2a: Avalugg|171/317 brn|[from] brn\n|upkeep\n|turn|9\n|\n|t:|1781400552\n|move|p1a: Ho-Oh|Recover|p1a: Ho-Oh\n|-heal|p1a: Ho-Oh|268/268\n|move|p2a: Avalugg|Stone Edge|p1a: Ho-Oh|[miss]\n|-miss|p2a: Avalugg|p1a: Ho-Oh\n|\n|-damage|p2a: Avalugg|152/317 brn|[from] brn\n|upkeep\n|turn|10\n|\n|t:|1781400557\n|move|p1a: Ho-Oh|Earthquake|p2a: Avalugg\n|-supereffective|p2a: Avalugg\n|-damage|p2a: Avalugg|80/317 brn\n|move|p2a: Avalugg|Recover|p2a: Avalugg\n|-heal|p2a: Avalugg|239/317 brn\n|\n|-damage|p2a: Avalugg|220/317 brn|[from] brn\n|upkeep\n|turn|11\n|\n|t:|1781400566\n|move|p1a: Ho-Oh|Earthquake|p2a: Avalugg\n|-supereffective|p2a: Avalugg\n|-damage|p2a: Avalugg|154/317 brn\n|move|p2a: Avalugg|Stone Edge|p1a: Ho-Oh\n|-supereffective|p1a: Ho-Oh\n|-crit|p1a: Ho-Oh\n|-damage|p1a: Ho-Oh|0 fnt\n|faint|p1a: Ho-Oh\n|\n|-damage|p2a: Avalugg|135/317 brn|[from] brn\n|upkeep\n|\n|t:|1781400569\n|switch|p1a: Magcargo|Magcargo, L95, M|268/268\n|turn|12\n|\n|t:|1781400580\n|switch|p2a: Hoopa|Hoopa, L85|275/275\n|move|p1a: Magcargo|Shell Smash|p1a: Magcargo\n|-unboost|p1a: Magcargo|def|1\n|-unboost|p1a: Magcargo|spd|1\n|-boost|p1a: Magcargo|atk|2\n|-boost|p1a: Magcargo|spa|2\n|-boost|p1a: Magcargo|spe|2\n|\n|upkeep\n|turn|13\n|\n|t:|1781400588\n|move|p2a: Hoopa|Focus Blast|p1a: Magcargo\n|-supereffective|p1a: Magcargo\n|-damage|p1a: Magcargo|0 fnt\n|faint|p1a: Magcargo\n|\n|upkeep\n|\n|t:|1781400593\n|switch|p1a: Urshifu|Urshifu-Rapid-Strike, L75, F|274/274\n|turn|14\n|\n|t:|1781400599\n|switch|p2a: Avalugg|Avalugg-Hisui, L90, F|135/317 brn\n|move|p1a: Urshifu|Surging Strikes|p2a: Avalugg\n|-supereffective|p2a: Avalugg\n|-crit|p2a: Avalugg\n|-damage|p2a: Avalugg|93/317 brn\n|-supereffective|p2a: Avalugg\n|-crit|p2a: Avalugg\n|-damage|p2a: Avalugg|49/317 brn\n|-supereffective|p2a: Avalugg\n|-crit|p2a: Avalugg\n|-damage|p2a: Avalugg|11/317 brn\n|-hitcount|p2a: Avalugg|3\n|\n|-damage|p2a: Avalugg|0 fnt|[from] brn\n|faint|p2a: Avalugg\n|upkeep\n|\n|t:|1781400616\n|switch|p2a: Toedscruel|Toedscruel, L87, F|104/281\n|turn|15\n|\n|t:|1781400619\n|move|p1a: Urshifu|Surging Strikes|p2a: Toedscruel\n|-crit|p2a: Toedscruel\n|-damage|p2a: Toedscruel|53/281\n|-crit|p2a: Toedscruel\n|-damage|p2a: Toedscruel|5/281\n|-crit|p2a: Toedscruel\n|-damage|p2a: Toedscruel|0 fnt\n|faint|p2a: Toedscruel\n|-hitcount|p2: Toedscruel|3\n|\n|upkeep\n|\n|t:|1781400624\n|switch|p2a: Ogerpon|Ogerpon-Hearthflame, L74, F|239/239\n|-ability|p2a: Ogerpon|Mold Breaker\n|turn|16\n|\n|t:|1781400631\n|switch|p1a: Oranguru|Oranguru, L92, M|13/315\n|move|p2a: Ogerpon|Trailblaze|p1a: Oranguru\n|-damage|p1a: Oranguru|0 fnt\n|-boost|p2a: Ogerpon|spe|1\n|faint|p1a: Oranguru\n|\n|upkeep\n|\n|t:|1781400633\n|switch|p1a: Minior|Minior-Blue, L79|224/224\n|-formechange|p1a: Minior|Minior-Meteor||[from] ability: Shields Down\n|turn|17\n|\n|t:|1781400645\n|move|p2a: Ogerpon|Swords Dance|p2a: Ogerpon\n|-boost|p2a: Ogerpon|atk|2\n|move|p1a: Minior|Shell Smash|p1a: Minior\n|-unboost|p1a: Minior|def|1\n|-unboost|p1a: Minior|spd|1\n|-boost|p1a: Minior|atk|2\n|-boost|p1a: Minior|spa|2\n|-boost|p1a: Minior|spe|2\n|-enditem|p1a: Minior|White Herb\n|-clearnegativeboost|p1a: Minior|[silent]\n|\n|upkeep\n|turn|18\n|\n|t:|1781400656\n|-terastallize|p2a: Ogerpon|Fire\n|detailschange|p2a: Ogerpon|Ogerpon-Hearthflame-Tera, L74, F, tera:Fire\n|-ability|p2a: Ogerpon|Embody Aspect (Hearthflame)|boost\n|-boost|p2a: Ogerpon|atk|1\n|-terastallize|p1a: Minior|Steel\n|move|p2a: Ogerpon|Power Whip|p1a: Minior|[miss]\n|-miss|p2a: Ogerpon|p1a: Minior\n|move|p1a: Minior|Acrobatics|p2a: Ogerpon\n|-damage|p2a: Ogerpon|58/239\n|\n|upkeep\n|turn|19\n|inactive|schleeby has 120 seconds left.\n|\n|t:|1781400689\n|move|p2a: Ogerpon|Ivy Cudgel|p1a: Minior|[anim] Ivy Cudgel Fire\n|-supereffective|p1a: Minior\n|-damage|p1a: Minior|0 fnt\n|faint|p1a: Minior\n|\n|upkeep\n|\n|t:|1781400691\n|switch|p1a: Urshifu|Urshifu-Rapid-Strike, L75, F|274/274\n|turn|20\n|\n|t:|1781400698\n|switch|p2a: Hoopa|Hoopa, L85|275/275\n|move|p1a: Urshifu|Surging Strikes|p2a: Hoopa\n|-crit|p2a: Hoopa\n|-damage|p2a: Hoopa|221/275\n|-crit|p2a: Hoopa\n|-damage|p2a: Hoopa|170/275\n|-crit|p2a: Hoopa\n|-damage|p2a: Hoopa|119/275\n|-hitcount|p2a: Hoopa|3\n|\n|upkeep\n|turn|21\n|\n|t:|1781400707\n|move|p1a: Urshifu|Surging Strikes|p2a: Hoopa\n|-crit|p2a: Hoopa\n|-damage|p2a: Hoopa|67/275\n|-crit|p2a: Hoopa\n|-damage|p2a: Hoopa|16/275\n|-crit|p2a: Hoopa\n|-damage|p2a: Hoopa|0 fnt\n|faint|p2a: Hoopa\n|-hitcount|p2: Hoopa|3\n|\n|upkeep\n|\n|t:|1781400709\n|switch|p2a: Eiscue|Eiscue, L88, M|274/274\n|turn|22\n|-message|Addddlleyy forfeited.\n|\n|win|schleeby\n", "uploadtime": 1781400464, "views": 3, "formatid": "gen9randombattle", "rating": null, "private": 0, "password": null}