{"id": "gen9randombattle-2631540384", "format": "[Gen 9] Random Battle", "players": ["randomname1313", "John Five"], "log": "|j|\u2606randomname1313\n|j|\u2606John Five\n|t:|1781398631\n|gametype|singles\n|player|p1|randomname1313|1|1952\n|player|p2|John Five|veteranf|2007\n|gen|9\n|tier|[Gen 9] Random Battle\n|rated|\n|rule|Species Clause: Limit one of each Pok\u00e9mon\n|rule|HP Percentage Mod: HP is shown in percentages\n|rule|Sleep Clause Mod: Limit one foe put to sleep\n|rule|Illusion Level Mod: Illusion disguises the Pok\u00e9mon's true level\n|\n|t:|1781398631\n|teamsize|p1|6\n|teamsize|p2|6\n|start\n|switch|p1a: Persian|Persian-Alola, L86, M|252/252\n|switch|p2a: Chien-Pao|Chien-Pao, L72|234/234\n|-ability|p2a: Chien-Pao|Sword of Ruin\n|turn|1\n|inactive|Battle timer is ON: inactive players will automatically lose when time's up. (requested by John Five)\n|\n|t:|1781398645\n|move|p1a: Persian|Thunder Wave|p2a: Chien-Pao\n|-status|p2a: Chien-Pao|par\n|cant|p2a: Chien-Pao|par\n|\n|upkeep\n|turn|2\n|\n|t:|1781398652\n|move|p1a: Persian|Parting Shot|p2a: Chien-Pao\n|-unboost|p2a: Chien-Pao|atk|1\n|-unboost|p2a: Chien-Pao|spa|1\n|\n|t:|1781398658\n|switch|p1a: Luvdisc|Luvdisc, M|247/247|[from] Parting Shot\n|move|p2a: Chien-Pao|Swords Dance|p2a: Chien-Pao\n|-boost|p2a: Chien-Pao|atk|2\n|\n|upkeep\n|turn|3\n|\n|t:|1781398669\n|switch|p2a: Perrserker|Perrserker, L89, M|269/269\n|move|p1a: Luvdisc|Substitute|p1a: Luvdisc\n|-start|p1a: Luvdisc|Substitute\n|-damage|p1a: Luvdisc|186/247\n|\n|upkeep\n|turn|4\n|\n|t:|1781398676\n|move|p1a: Luvdisc|Surf|p2a: Perrserker\n|-damage|p2a: Perrserker|173/269\n|move|p2a: Perrserker|Stealth Rock|p1a: Luvdisc\n|-sidestart|p1: randomname1313|move: Stealth Rock\n|\n|upkeep\n|turn|5\n|\n|t:|1781398680\n|move|p1a: Luvdisc|Surf|p2a: Perrserker\n|-damage|p2a: Perrserker|88/269\n|move|p2a: Perrserker|U-turn|p1a: Luvdisc\n|-end|p1a: Luvdisc|Substitute\n|-damage|p2a: Perrserker|62/269|[from] item: Life Orb\n|\n|t:|1781398688\n|switch|p2a: Grimmsnarl|Grimmsnarl, L83, M|293/293|[from] U-turn\n|\n|upkeep\n|turn|6\n|\n|t:|1781398694\n|move|p2a: Grimmsnarl|Thunder Wave|p1a: Luvdisc|[miss]\n|-miss|p2a: Grimmsnarl|p1a: Luvdisc\n|move|p1a: Luvdisc|Substitute|p1a: Luvdisc\n|-start|p1a: Luvdisc|Substitute\n|-damage|p1a: Luvdisc|125/247\n|\n|upkeep\n|turn|7\n|\n|t:|1781398703\n|move|p1a: Luvdisc|Endeavor|p2a: Grimmsnarl\n|-damage|p2a: Grimmsnarl|125/293\n|move|p2a: Grimmsnarl|Spirit Break|p1a: Luvdisc\n|-end|p1a: Luvdisc|Substitute\n|\n|-heal|p2a: Grimmsnarl|143/293|[from] item: Leftovers\n|upkeep\n|turn|8\n|\n|t:|1781398709\n|switch|p1a: Persian|Persian-Alola, L86, M|252/252\n|move|p2a: Grimmsnarl|Thunder Wave|p1a: Persian\n|-hint|Since gen 7, Dark is immune to Prankster moves.\n|-immune|p1a: Persian\n|\n|-heal|p2a: Grimmsnarl|161/293|[from] item: Leftovers\n|upkeep\n|turn|9\n|\n|t:|1781398717\n|move|p1a: Persian|Taunt|p2a: Grimmsnarl\n|-start|p2a: Grimmsnarl|move: Taunt\n|move|p2a: Grimmsnarl|Spirit Break|p1a: Persian\n|-supereffective|p1a: Persian\n|-crit|p1a: Persian\n|-damage|p1a: Persian|66/252\n|-unboost|p1a: Persian|spa|1\n|\n|-heal|p2a: Grimmsnarl|179/293|[from] item: Leftovers\n|upkeep\n|turn|10\n|\n|t:|1781398721\n|move|p1a: Persian|Parting Shot|p2a: Grimmsnarl\n|-unboost|p2a: Grimmsnarl|atk|1\n|-unboost|p2a: Grimmsnarl|spa|1\n|\n|t:|1781398727\n|switch|p1a: Exeggutor|Exeggutor, L89, M|312/312|[from] Parting Shot\n|-damage|p1a: Exeggutor|273/312|[from] Stealth Rock\n|move|p2a: Grimmsnarl|Spirit Break|p1a: Exeggutor\n|-damage|p1a: Exeggutor|213/312\n|-unboost|p1a: Exeggutor|spa|1\n|\n|-heal|p2a: Grimmsnarl|197/293|[from] item: Leftovers\n|upkeep\n|turn|11\n|\n|t:|1781398734\n|switch|p2a: Perrserker|Perrserker, L89, M|62/269\n|move|p1a: Exeggutor|Leech Seed|p2a: Perrserker\n|-start|p2a: Perrserker|move: Leech Seed\n|\n|-damage|p2a: Perrserker|29/269|[from] Leech Seed|[of] p1a: Exeggutor\n|-heal|p1a: Exeggutor|246/312|[silent]\n|upkeep\n|turn|12\n|\n|t:|1781398738\n|move|p1a: Exeggutor|Protect|p1a: Exeggutor\n|-singleturn|p1a: Exeggutor|Protect\n|move|p2a: Perrserker|U-turn|p1a: Exeggutor\n|-activate|p1a: Exeggutor|move: Protect\n|\n|-damage|p2a: Perrserker|0 fnt|[from] Leech Seed|[of] p1a: Exeggutor\n|-heal|p1a: Exeggutor|275/312|[silent]\n|faint|p2a: Perrserker\n|upkeep\n|\n|t:|1781398743\n|switch|p2a: Articuno|Articuno, L86|295/295\n|-ability|p2a: Articuno|Pressure\n|turn|13\n|\n|t:|1781398757\n|switch|p1a: Luvdisc|Luvdisc, M|125/247\n|move|p2a: Articuno|Substitute|p2a: Articuno\n|-start|p2a: Articuno|Substitute\n|-damage|p2a: Articuno|222/295\n|\n|upkeep\n|turn|14\n|\n|t:|1781398762\n|move|p1a: Luvdisc|Substitute|p1a: Luvdisc\n|-start|p1a: Luvdisc|Substitute\n|-damage|p1a: Luvdisc|64/247\n|move|p2a: Articuno|Freeze-Dry|p1a: Luvdisc\n|-supereffective|p1a: Luvdisc\n|-end|p1a: Luvdisc|Substitute\n|\n|upkeep\n|turn|15\n|\n|t:|1781398764\n|move|p1a: Luvdisc|Substitute|p1a: Luvdisc\n|-start|p1a: Luvdisc|Substitute\n|-damage|p1a: Luvdisc|3/247\n|move|p2a: Articuno|Freeze-Dry|p1a: Luvdisc\n|-supereffective|p1a: Luvdisc\n|-end|p1a: Luvdisc|Substitute\n|\n|upkeep\n|turn|16\n|\n|t:|1781398771\n|move|p1a: Luvdisc|Flip Turn|p2a: Articuno\n|-activate|p2a: Articuno|move: Substitute|[damage]\n|\n|t:|1781398779\n|switch|p1a: Baxcalibur|Baxcalibur, L75, F|296/296|[from] Flip Turn\n|move|p2a: Articuno|Freeze-Dry|p1a: Baxcalibur\n|-damage|p1a: Baxcalibur|203/296\n|\n|upkeep\n|turn|17\n|\n|t:|1781398788\n|move|p2a: Articuno|Freeze-Dry|p1a: Baxcalibur\n|-damage|p1a: Baxcalibur|121/296\n|move|p1a: Baxcalibur|Dragon Dance|p1a: Baxcalibur\n|-boost|p1a: Baxcalibur|atk|1\n|-boost|p1a: Baxcalibur|spe|1\n|\n|upkeep\n|turn|18\n|\n|t:|1781398799\n|move|p1a: Baxcalibur|Icicle Crash|p2a: Articuno\n|-end|p2a: Articuno|Substitute\n|move|p2a: Articuno|Substitute|p2a: Articuno\n|-start|p2a: Articuno|Substitute\n|-damage|p2a: Articuno|149/295\n|\n|upkeep\n|turn|19\n|\n|t:|1781398802\n|move|p1a: Baxcalibur|Icicle Crash|p2a: Articuno\n|-end|p2a: Articuno|Substitute\n|move|p2a: Articuno|Roost|p2a: Articuno\n|-heal|p2a: Articuno|295/295\n|-singleturn|p2a: Articuno|move: Roost\n|\n|upkeep\n|turn|20\n|\n|t:|1781398807\n|switch|p2a: Chien-Pao|Chien-Pao, L72|234/234 par\n|-ability|p2a: Chien-Pao|Sword of Ruin\n|move|p1a: Baxcalibur|Icicle Crash|p2a: Chien-Pao\n|-resisted|p2a: Chien-Pao\n|-damage|p2a: Chien-Pao|138/234 par\n|\n|upkeep\n|turn|21\n|\n|t:|1781398814\n|move|p1a: Baxcalibur|Glaive Rush|p2a: Chien-Pao\n|-damage|p2a: Chien-Pao|0 fnt\n|-singlemove|p1a: Baxcalibur|Glaive Rush|[silent]\n|faint|p2a: Chien-Pao\n|\n|upkeep\n|\n|t:|1781398818\n|switch|p2a: Grimmsnarl|Grimmsnarl, L83, M|197/293\n|turn|22\n|\n|t:|1781398826\n|move|p2a: Grimmsnarl|Sucker Punch|p1a: Baxcalibur\n|-damage|p1a: Baxcalibur|0 fnt\n|faint|p1a: Baxcalibur\n|\n|-heal|p2a: Grimmsnarl|215/293|[from] item: Leftovers\n|upkeep\n|\n|t:|1781398844\n|switch|p1a: Exeggutor|Exeggutor, L89, M|275/312\n|-damage|p1a: Exeggutor|236/312|[from] Stealth Rock\n|turn|23\n|\n|t:|1781398849\n|move|p2a: Grimmsnarl|Taunt|p1a: Exeggutor\n|-start|p1a: Exeggutor|move: Taunt\n|cant|p1a: Exeggutor|move: Taunt|Leech Seed\n|\n|-heal|p2a: Grimmsnarl|233/293|[from] item: Leftovers\n|upkeep\n|turn|24\n|\n|t:|1781398855\n|move|p1a: Exeggutor|Psychic Noise|p2a: Grimmsnarl\n|-immune|p2a: Grimmsnarl\n|move|p2a: Grimmsnarl|Spirit Break|p1a: Exeggutor\n|-damage|p1a: Exeggutor|140/312\n|-unboost|p1a: Exeggutor|spa|1\n|-enditem|p1a: Exeggutor|Sitrus Berry|[eat]\n|-heal|p1a: Exeggutor|218/312|[from] item: Sitrus Berry\n|\n|-heal|p2a: Grimmsnarl|251/293|[from] item: Leftovers\n|upkeep\n|turn|25\n|\n|t:|1781398865\n|switch|p1a: Persian|Persian-Alola, L86, M|66/252\n|move|p2a: Grimmsnarl|Thunder Wave|p1a: Persian\n|-hint|Since gen 7, Dark is immune to Prankster moves.\n|-immune|p1a: Persian\n|\n|-heal|p2a: Grimmsnarl|269/293|[from] item: Leftovers\n|upkeep\n|turn|26\n|\n|t:|1781398871\n|move|p1a: Persian|Thunder Wave|p2a: Grimmsnarl\n|-status|p2a: Grimmsnarl|par\n|move|p2a: Grimmsnarl|Spirit Break|p1a: Persian\n|-supereffective|p1a: Persian\n|-damage|p1a: Persian|0 fnt\n|faint|p1a: Persian\n|\n|-heal|p2a: Grimmsnarl|287/293 par|[from] item: Leftovers\n|upkeep\n|\n|t:|1781398886\n|switch|p1a: Luvdisc|Luvdisc, M|3/247\n|turn|27\n|\n|t:|1781398891\n|move|p1a: Luvdisc|Endeavor|p2a: Grimmsnarl\n|-damage|p2a: Grimmsnarl|3/293 par\n|cant|p2a: Grimmsnarl|par\n|\n|-heal|p2a: Grimmsnarl|21/293 par|[from] item: Leftovers\n|upkeep\n|turn|28\n|\n|t:|1781398903\n|switch|p1a: Decidueye|Decidueye-Hisui, L87, F|295/295\n|-damage|p1a: Decidueye|277/295|[from] Stealth Rock\n|cant|p2a: Grimmsnarl|par\n|\n|-heal|p1a: Decidueye|295/295|[from] item: Leftovers\n|-heal|p2a: Grimmsnarl|39/293 par|[from] item: Leftovers\n|upkeep\n|turn|29\n|\n|t:|1781398907\n|move|p2a: Grimmsnarl|Thunder Wave|p1a: Decidueye\n|-status|p1a: Decidueye|par\n|cant|p1a: Decidueye|par\n|\n|-heal|p2a: Grimmsnarl|57/293 par|[from] item: Leftovers\n|upkeep\n|turn|30\n|\n|t:|1781398915\n|cant|p2a: Grimmsnarl|par\n|move|p1a: Decidueye|Triple Arrows|p2a: Grimmsnarl\n|-damage|p2a: Grimmsnarl|0 fnt\n|faint|p2a: Grimmsnarl\n|\n|upkeep\n|\n|t:|1781398920\n|switch|p2a: Articuno|Articuno, L86|295/295\n|-ability|p2a: Articuno|Pressure\n|turn|31\n|\n|t:|1781398925\n|move|p2a: Articuno|Substitute|p2a: Articuno\n|-start|p2a: Articuno|Substitute\n|-damage|p2a: Articuno|222/295\n|move|p1a: Decidueye|Triple Arrows|p2a: Articuno\n|-end|p2a: Articuno|Substitute\n|\n|upkeep\n|turn|32\n|\n|t:|1781398935\n|move|p2a: Articuno|Substitute|p2a: Articuno\n|-start|p2a: Articuno|Substitute\n|-damage|p2a: Articuno|149/295\n|move|p1a: Decidueye|Triple Arrows|p2a: Articuno\n|-crit|p2a: Articuno\n|-end|p2a: Articuno|Substitute\n|\n|upkeep\n|turn|33\n|\n|t:|1781398945\n|-terastallize|p1a: Decidueye|Steel\n|move|p2a: Articuno|Roost|p2a: Articuno\n|-heal|p2a: Articuno|295/295\n|-singleturn|p2a: Articuno|move: Roost\n|cant|p1a: Decidueye|par\n|\n|upkeep\n|turn|34\n|\n|t:|1781398954\n|switch|p2a: Noivern|Noivern, L82, M|274/274\n|move|p1a: Decidueye|Triple Arrows|p2a: Noivern\n|-resisted|p2a: Noivern\n|-damage|p2a: Noivern|213/274\n|-unboost|p2a: Noivern|def|1\n|\n|upkeep\n|turn|35\n|\n|t:|1781398959\n|switch|p1a: Exeggutor|Exeggutor, L89, M|218/312\n|-damage|p1a: Exeggutor|179/312|[from] Stealth Rock\n|move|p2a: Noivern|Flamethrower|p1a: Exeggutor\n|-supereffective|p1a: Exeggutor\n|-damage|p1a: Exeggutor|0 fnt\n|faint|p1a: Exeggutor\n|\n|upkeep\n|\n|t:|1781398973\n|switch|p1a: Drednaw|Drednaw, L81, M|278/278\n|-damage|p1a: Drednaw|244/278|[from] Stealth Rock\n|turn|36\n|\n|t:|1781398977\n|switch|p2a: Greedent|Greedent, L86, F|347/347\n|move|p1a: Drednaw|Shell Smash|p1a: Drednaw\n|-unboost|p1a: Drednaw|def|1\n|-unboost|p1a: Drednaw|spd|1\n|-boost|p1a: Drednaw|atk|2\n|-boost|p1a: Drednaw|spa|2\n|-boost|p1a: Drednaw|spe|2\n|-enditem|p1a: Drednaw|White Herb\n|-clearnegativeboost|p1a: Drednaw|[silent]\n|\n|upkeep\n|turn|37\n|\n|t:|1781398988\n|move|p1a: Drednaw|Earthquake|p2a: Greedent\n|-damage|p2a: Greedent|209/347\n|move|p2a: Greedent|Earthquake|p1a: Drednaw\n|-supereffective|p1a: Drednaw\n|-damage|p1a: Drednaw|88/278\n|\n|upkeep\n|turn|38\n|\n|t:|1781398996\n|move|p1a: Drednaw|Stone Edge|p2a: Greedent\n|-damage|p2a: Greedent|14/347\n|-enditem|p2a: Greedent|Sitrus Berry|[eat]\n|-heal|p2a: Greedent|100/347|[from] item: Sitrus Berry\n|-heal|p2a: Greedent|215/347|[from] ability: Cheek Pouch\n|move|p2a: Greedent|Earthquake|p1a: Drednaw\n|-supereffective|p1a: Drednaw\n|-damage|p1a: Drednaw|0 fnt\n|faint|p1a: Drednaw\n|\n|upkeep\n|\n|t:|1781399000\n|switch|p1a: Decidueye|Decidueye-Hisui, L87, F, tera:Steel|295/295 par\n|-damage|p1a: Decidueye|277/295 par|[from] Stealth Rock\n|turn|39\n|c|\u2606randomname1313|gg\n|\n|t:|1781399010\n|move|p2a: Greedent|Earthquake|p1a: Decidueye\n|-supereffective|p1a: Decidueye\n|-damage|p1a: Decidueye|117/295 par\n|move|p1a: Decidueye|Triple Arrows|p2a: Greedent\n|-supereffective|p2a: Greedent\n|-damage|p2a: Greedent|15/347\n|\n|-heal|p1a: Decidueye|135/295 par|[from] item: Leftovers\n|upkeep\n|turn|40\n|\n|t:|1781399017\n|move|p2a: Greedent|Earthquake|p1a: Decidueye\n|-supereffective|p1a: Decidueye\n|-damage|p1a: Decidueye|0 fnt\n|faint|p1a: Decidueye\n|\n|upkeep\n|\n|t:|1781399019\n|switch|p1a: Luvdisc|Luvdisc, M|3/247\n|turn|41\n|\n|t:|1781399022\n|move|p1a: Luvdisc|Surf|p2a: Greedent\n|-damage|p2a: Greedent|0 fnt\n|faint|p2a: Greedent\n|\n|upkeep\n|\n|t:|1781399026\n|switch|p2a: Articuno|Articuno, L86|295/295\n|-ability|p2a: Articuno|Pressure\n|turn|42\n|\n|t:|1781399031\n|move|p1a: Luvdisc|Endeavor|p2a: Articuno\n|-damage|p2a: Articuno|3/295\n|move|p2a: Articuno|Freeze-Dry|p1a: Luvdisc\n|-supereffective|p1a: Luvdisc\n|-damage|p1a: Luvdisc|0 fnt\n|faint|p1a: Luvdisc\n|\n|win|John Five\n", "uploadtime": 1781398632, "views": 3, "formatid": "gen9randombattle", "rating": null, "private": 0, "password": null}