{"id": "gen9randombattle-2631414430", "format": "[Gen 9] Random Battle", "players": ["icecubelillie", "dfgaegaf"], "log": "|j|\u2606icecubelillie\n|j|\u2606dfgaegaf\n|t:|1781381788\n|gametype|singles\n|player|p1|icecubelillie|lillie-masters2|1094\n|player|p2|dfgaegaf|2|1040\n|gen|9\n|tier|[Gen 9] Random Battle\n|rated|\n|rule|Species Clause: Limit one of each Pok\u00e9mon\n|rule|HP Percentage Mod: HP is shown in percentages\n|rule|Sleep Clause Mod: Limit one foe put to sleep\n|rule|Illusion Level Mod: Illusion disguises the Pok\u00e9mon's true level\n|\n|t:|1781381788\n|teamsize|p1|6\n|teamsize|p2|6\n|start\n|switch|p1a: Azelf|Azelf, L82|257/257\n|switch|p2a: Vikavolt|Vikavolt, L83, M|263/263\n|turn|1\n|\n|t:|1781381799\n|move|p1a: Azelf|Nasty Plot|p1a: Azelf\n|-boost|p1a: Azelf|spa|2\n|move|p2a: Vikavolt|Bug Buzz|p1a: Azelf\n|-supereffective|p1a: Azelf\n|-damage|p1a: Azelf|0 fnt\n|faint|p1a: Azelf\n|\n|upkeep\n|inactive|Battle timer is ON: inactive players will automatically lose when time's up. (requested by dfgaegaf)\n|\n|t:|1781381805\n|switch|p1a: Kilowattrel|Kilowattrel, L83, F|252/252\n|turn|2\n|\n|t:|1781381815\n|switch|p2a: Heatran|Heatran, L79, M|273/273\n|-item|p2a: Heatran|Air Balloon\n|move|p1a: Kilowattrel|Hurricane|p2a: Heatran|[miss]\n|-miss|p1a: Kilowattrel|p2a: Heatran\n|\n|upkeep\n|turn|3\n|inactive|icecubelillie has 120 seconds left.\n|\n|t:|1781381850\n|move|p1a: Kilowattrel|Hurricane|p2a: Heatran|[miss]\n|-miss|p1a: Kilowattrel|p2a: Heatran\n|move|p2a: Heatran|Stealth Rock|p1a: Kilowattrel\n|-sidestart|p1: icecubelillie|move: Stealth Rock\n|\n|upkeep\n|turn|4\n|\n|t:|1781381859\n|move|p1a: Kilowattrel|Hurricane|p2a: Heatran\n|-resisted|p2a: Heatran\n|-crit|p2a: Heatran\n|-damage|p2a: Heatran|195/273\n|-enditem|p2a: Heatran|Air Balloon\n|move|p2a: Heatran|Magma Storm|p1a: Kilowattrel|[miss]\n|-miss|p2a: Heatran|p1a: Kilowattrel\n|\n|upkeep\n|turn|5\n|\n|t:|1781381864\n|move|p1a: Kilowattrel|Thunderbolt|p2a: Heatran\n|-damage|p2a: Heatran|104/273\n|move|p2a: Heatran|Magma Storm|p1a: Kilowattrel\n|-damage|p1a: Kilowattrel|87/252\n|-activate|p1a: Kilowattrel|move: Magma Storm|[of] p2a: Heatran\n|\n|-damage|p1a: Kilowattrel|56/252|[from] move: Magma Storm|[partiallytrapped]\n|upkeep\n|turn|6\n|\n|t:|1781381869\n|switch|p2a: Pikachu|Pikachu-Hoenn, L93, F|216/216\n|move|p1a: Kilowattrel|Thunderbolt|p2a: Pikachu\n|-ability|p2a: Pikachu|Lightning Rod|boost\n|-boost|p2a: Pikachu|spa|1\n|\n|-end|p1a: Kilowattrel|Magma Storm|[partiallytrapped]|[silent]\n|upkeep\n|turn|7\n|\n|t:|1781381874\n|move|p1a: Kilowattrel|Hurricane|p2a: Pikachu\n|-resisted|p2a: Pikachu\n|-damage|p2a: Pikachu|138/216\n|-start|p2a: Pikachu|confusion\n|-activate|p2a: Pikachu|confusion\n|-damage|p2a: Pikachu|100/216|[from] confusion\n|\n|upkeep\n|turn|8\n|\n|t:|1781381881\n|move|p1a: Kilowattrel|Roost|p1a: Kilowattrel\n|-heal|p1a: Kilowattrel|182/252\n|-singleturn|p1a: Kilowattrel|move: Roost\n|-activate|p2a: Pikachu|confusion\n|-damage|p2a: Pikachu|65/216|[from] confusion\n|\n|upkeep\n|turn|9\n|\n|t:|1781381887\n|move|p1a: Kilowattrel|Hurricane|p2a: Pikachu\n|-resisted|p2a: Pikachu\n|-damage|p2a: Pikachu|0 fnt\n|faint|p2a: Pikachu\n|\n|upkeep\n|l|\u2606dfgaegaf\n|inactive|dfgaegaf disconnected and has a minute to reconnect!\n|player|p2|\n|inactive|dfgaegaf has 30 seconds to reconnect!\n|inactive|dfgaegaf has 20 seconds to reconnect!\n|inactive|dfgaegaf has 15 seconds to reconnect!\n|inactive|dfgaegaf has 10 seconds to reconnect!\n|inactive|dfgaegaf has 5 seconds to reconnect!\n|-message|dfgaegaf lost due to inactivity.\n|\n|win|icecubelillie\n|raw|icecubelillie's rating: 1094 &rarr; <strong>1116</strong><br />(+22 for winning)\n|raw|dfgaegaf's rating: 1040 &rarr; <strong>1026</strong><br />(-14 for losing)\n", "uploadtime": 1781381958, "views": 9, "formatid": "gen9randombattle", "rating": 1026, "private": 0, "password": null}