{"id": "gen9randombattle-2631758036", "format": "[Gen 9] Random Battle", "players": ["reela", "duuhhao"], "log": "|j|\u2606reela\n|j|\u2606duuhhao\n|t:|1781434903\n|gametype|singles\n|player|p1|reela|101|2047\n|player|p2|duuhhao|clair|2180\n|gen|9\n|tier|[Gen 9] Random Battle\n|rated|\n|rule|Species Clause: Limit one of each Pok\u00e9mon\n|rule|HP Percentage Mod: HP is shown in percentages\n|rule|Sleep Clause Mod: Limit one foe put to sleep\n|rule|Illusion Level Mod: Illusion disguises the Pok\u00e9mon's true level\n|\n|t:|1781434903\n|teamsize|p1|6\n|teamsize|p2|6\n|start\n|switch|p1a: Mesprit|Mesprit, L85|275/275\n|switch|p2a: Klawf|Klawf, L90, F|272/272\n|turn|1\n|\n|t:|1781434953\n|move|p2a: Klawf|Swords Dance|p2a: Klawf\n|-boost|p2a: Klawf|atk|2\n|move|p1a: Mesprit|Psychic Noise|p2a: Klawf\n|-damage|p2a: Klawf|161/272\n|-start|p2a: Klawf|move: Heal Block\n|\n|upkeep\n|turn|2\n|\n|t:|1781434977\n|switch|p1a: Meowscarada|Meowscarada, L78, F|247/247\n|move|p2a: Klawf|Knock Off|p1a: Meowscarada\n|-resisted|p1a: Meowscarada\n|-damage|p1a: Meowscarada|149/247\n|-enditem|p1a: Meowscarada|Life Orb|[from] move: Knock Off|[of] p2a: Klawf\n|\n|-end|p2a: Klawf|move: Heal Block\n|upkeep\n|turn|3\n|\n|t:|1781434997\n|move|p1a: Meowscarada|Flower Trick|p2a: Klawf\n|-start|p1a: Meowscarada|typechange|Grass|[from] ability: Protean\n|-supereffective|p2a: Klawf\n|-crit|p2a: Klawf\n|-damage|p2a: Klawf|0 fnt\n|faint|p2a: Klawf\n|\n|upkeep\n|\n|t:|1781435003\n|switch|p2a: Magearna|Magearna-Original, L77|250/250\n|turn|4\n|\n|t:|1781435015\n|switch|p1a: Araquanid|Araquanid, L82, M|246/246\n|move|p2a: Magearna|Shift Gear|p2a: Magearna\n|-boost|p2a: Magearna|spe|2\n|-boost|p2a: Magearna|atk|1\n|\n|upkeep\n|turn|5\n|\n|t:|1781435020\n|move|p2a: Magearna|Calm Mind|p2a: Magearna\n|-boost|p2a: Magearna|spa|1\n|-boost|p2a: Magearna|spd|1\n|move|p1a: Araquanid|Liquidation|p2a: Magearna\n|-damage|p2a: Magearna|141/250\n|-unboost|p2a: Magearna|def|1\n|\n|-heal|p2a: Magearna|156/250|[from] item: Leftovers\n|upkeep\n|turn|6\n|\n|t:|1781435031\n|move|p2a: Magearna|Fleur Cannon|p1a: Araquanid\n|-damage|p1a: Araquanid|84/246\n|-unboost|p2a: Magearna|spa|2\n|move|p1a: Araquanid|Liquidation|p2a: Magearna\n|-damage|p2a: Magearna|0 fnt\n|faint|p2a: Magearna\n|\n|upkeep\n|\n|t:|1781435034\n|switch|p2a: Raichu|Raichu, L88, F|249/249\n|turn|7\n|inactive|Battle timer is ON: inactive players will automatically lose when time's up. (requested by reela)\n|\n|t:|1781435038\n|move|p2a: Raichu|Thunderbolt|p1a: Araquanid\n|-supereffective|p1a: Araquanid\n|-damage|p1a: Araquanid|0 fnt\n|faint|p1a: Araquanid\n|-damage|p2a: Raichu|225/249|[from] item: Life Orb\n|\n|upkeep\n|\n|t:|1781435041\n|switch|p1a: Pawmot|Pawmot, L80, F|243/243\n|turn|8\n|\n|t:|1781435049\n|move|p2a: Raichu|Nasty Plot|p2a: Raichu\n|-boost|p2a: Raichu|spa|2\n|move|p1a: Pawmot|Revival Blessing|p1a: Pawmot\n|\n|t:|1781435056\n|-heal|p1: Araquanid|123/246|[from] move: Revival Blessing\n|\n|upkeep\n|turn|9\n|\n|t:|1781435059\n|move|p2a: Raichu|Focus Blast|p1a: Pawmot\n|-damage|p1a: Pawmot|0 fnt\n|faint|p1a: Pawmot\n|-damage|p2a: Raichu|201/249|[from] item: Life Orb\n|\n|upkeep\n|\n|t:|1781435066\n|switch|p1a: Tropius|Tropius, L91, F|328/328\n|turn|10\n|\n|t:|1781435071\n|-terastallize|p2a: Raichu|Ice\n|move|p2a: Raichu|Tera Blast|p1a: Tropius|[anim] Tera Blast Ice\n|-supereffective|p1a: Tropius\n|-damage|p1a: Tropius|0 fnt\n|faint|p1a: Tropius\n|-damage|p2a: Raichu|177/249|[from] item: Life Orb\n|\n|upkeep\n|\n|t:|1781435083\n|switch|p1a: Toxtricity|Toxtricity, L82, M|257/257\n|turn|11\n|\n|t:|1781435089\n|move|p2a: Raichu|Tera Blast|p1a: Toxtricity|[anim] Tera Blast Ice\n|-damage|p1a: Toxtricity|0 fnt\n|faint|p1a: Toxtricity\n|-damage|p2a: Raichu|153/249|[from] item: Life Orb\n|\n|upkeep\n|\n|t:|1781435092\n|switch|p1a: Mesprit|Mesprit, L85|275/275\n|turn|12\n|\n|t:|1781435098\n|switch|p2a: Galvantula|Galvantula, L82, F|249/249\n|move|p1a: Mesprit|Psychic Noise|p2a: Galvantula\n|-damage|p2a: Galvantula|128/249\n|-start|p2a: Galvantula|move: Heal Block\n|\n|upkeep\n|turn|13\n|\n|t:|1781435116\n|switch|p1a: Araquanid|Araquanid, L82, M|123/246\n|move|p2a: Galvantula|Bug Buzz|p1a: Araquanid\n|-damage|p1a: Araquanid|50/246\n|\n|-end|p2a: Galvantula|move: Heal Block\n|upkeep\n|turn|14\n|\n|t:|1781435123\n|move|p2a: Galvantula|Thunder|p1a: Araquanid\n|-supereffective|p1a: Araquanid\n|-damage|p1a: Araquanid|0 fnt\n|faint|p1a: Araquanid\n|\n|upkeep\n|\n|t:|1781435125\n|switch|p1a: Meowscarada|Meowscarada, L78, F|149/247\n|turn|15\n|\n|t:|1781435129\n|switch|p2a: Granbull|Granbull, L88, F|302/302\n|-ability|p2a: Granbull|Intimidate|boost\n|-unboost|p1a: Meowscarada|atk|1\n|move|p1a: Meowscarada|Triple Axel|p2a: Granbull\n|-start|p1a: Meowscarada|typechange|Ice|[from] ability: Protean\n|-damage|p2a: Granbull|287/302\n|-damage|p2a: Granbull|257/302\n|-damage|p2a: Granbull|208/302\n|-hitcount|p2a: Granbull|3\n|\n|-heal|p2a: Granbull|226/302|[from] item: Leftovers\n|upkeep\n|turn|16\n|-message|reela forfeited.\n|\n|win|duuhhao\n", "uploadtime": 1781434905, "views": 3, "formatid": "gen9randombattle", "rating": null, "private": 0, "password": null}