{"id": "gen9randombattle-2631908305", "format": "[Gen 9] Random Battle", "players": ["pokesterus", "ProSemitic"], "log": "|j|\u2606pokesterus\n|j|\u2606ProSemitic\n|t:|1781454447\n|gametype|singles\n|player|p1|pokesterus|lusamine-nihilego|1574\n|player|p2|ProSemitic|lady-gen4|1600\n|gen|9\n|tier|[Gen 9] Random Battle\n|rated|\n|rule|Species Clause: Limit one of each Pok\u00e9mon\n|rule|HP Percentage Mod: HP is shown in percentages\n|rule|Sleep Clause Mod: Limit one foe put to sleep\n|rule|Illusion Level Mod: Illusion disguises the Pok\u00e9mon's true level\n|\n|t:|1781454447\n|teamsize|p1|6\n|teamsize|p2|6\n|start\n|switch|p1a: Dialga|Dialga-Origin, L73|266/266\n|switch|p2a: Dachsbun|Dachsbun, L92, M|254/254\n|-ability|p1a: Dialga|Pressure\n|turn|1\n|inactive|Battle timer is ON: inactive players will automatically lose when time's up. (requested by pokesterus)\n|inactive|ProSemitic has 120 seconds left.\n|\n|t:|1781454503\n|-terastallize|p2a: Dachsbun|Steel\n|move|p2a: Dachsbun|Body Press|p1a: Dialga\n|-supereffective|p1a: Dialga\n|-damage|p1a: Dialga|134/266\n|move|p1a: Dialga|Stealth Rock|p2a: Dachsbun\n|-sidestart|p2: ProSemitic|move: Stealth Rock\n|\n|upkeep\n|turn|2\n|\n|t:|1781454518\n|move|p2a: Dachsbun|Body Press|p1a: Dialga\n|-supereffective|p1a: Dialga\n|-damage|p1a: Dialga|0 fnt\n|faint|p1a: Dialga\n|\n|upkeep\n|\n|t:|1781454529\n|switch|p1a: Landorus|Landorus, L75, M|257/257\n|turn|3\n|\n|t:|1781454538\n|switch|p2a: Toucannon|Toucannon, L88, F|284/284\n|move|p1a: Landorus|Nasty Plot|p1a: Landorus\n|-boost|p1a: Landorus|spa|2\n|\n|upkeep\n|turn|4\n|\n|t:|1781454548\n|-singleturn|p2a: Toucannon|move: Beak Blast\n|move|p1a: Landorus|Psychic|p2a: Toucannon\n|-damage|p2a: Toucannon|63/284\n|move|p2a: Toucannon|Beak Blast|p1a: Landorus\n|-damage|p1a: Landorus|94/257\n|\n|upkeep\n|turn|5\n|\n|t:|1781454559\n|move|p1a: Landorus|Psychic|p2a: Toucannon\n|-damage|p2a: Toucannon|0 fnt\n|faint|p2a: Toucannon\n|\n|upkeep\n|\n|t:|1781454563\n|switch|p2a: Dachsbun|Dachsbun, L92, M, tera:Steel|254/254\n|-damage|p2a: Dachsbun|239/254|[from] Stealth Rock\n|turn|6\n|\n|t:|1781454565\n|move|p2a: Dachsbun|Play Rough|p1a: Landorus\n|-damage|p1a: Landorus|0 fnt\n|faint|p1a: Landorus\n|\n|-heal|p2a: Dachsbun|254/254|[from] item: Leftovers\n|upkeep\n|\n|t:|1781454573\n|switch|p1a: Pincurchin|Pincurchin, M|258/258\n|-fieldstart|move: Electric Terrain|[from] ability: Electric Surge|[of] p1a: Pincurchin\n|turn|7\n|\n|t:|1781454601\n|move|p2a: Dachsbun|Body Press|p1a: Pincurchin\n|-damage|p1a: Pincurchin|200/258\n|move|p1a: Pincurchin|Toxic Spikes|p2a: Dachsbun\n|-sidestart|p2: ProSemitic|move: Toxic Spikes\n|\n|-heal|p1a: Pincurchin|216/258|[from] item: Leftovers\n|upkeep\n|turn|8\n|inactive|ProSemitic has 120 seconds left.\n|\n|t:|1781454620\n|move|p2a: Dachsbun|Play Rough|p1a: Pincurchin\n|-damage|p1a: Pincurchin|140/258\n|move|p1a: Pincurchin|Discharge|p2a: Dachsbun\n|-crit|p2a: Dachsbun\n|-damage|p2a: Dachsbun|50/254\n|-status|p2a: Dachsbun|par\n|\n|-heal|p2a: Dachsbun|65/254 par|[from] item: Leftovers\n|-heal|p1a: Pincurchin|156/258|[from] item: Leftovers\n|upkeep\n|turn|9\n|\n|t:|1781454626\n|move|p2a: Dachsbun|Play Rough|p1a: Pincurchin\n|-damage|p1a: Pincurchin|71/258\n|-unboost|p1a: Pincurchin|atk|1\n|move|p1a: Pincurchin|Toxic Spikes|p2a: Dachsbun\n|-sidestart|p2: ProSemitic|move: Toxic Spikes\n|\n|-heal|p2a: Dachsbun|80/254 par|[from] item: Leftovers\n|-heal|p1a: Pincurchin|87/258|[from] item: Leftovers\n|upkeep\n|turn|10\n|\n|t:|1781454630\n|move|p2a: Dachsbun|Play Rough|p1a: Pincurchin\n|-damage|p1a: Pincurchin|12/258\n|move|p1a: Pincurchin|Recover|p1a: Pincurchin\n|-heal|p1a: Pincurchin|141/258\n|\n|-heal|p2a: Dachsbun|95/254 par|[from] item: Leftovers\n|-heal|p1a: Pincurchin|157/258|[from] item: Leftovers\n|upkeep\n|turn|11\n|\n|t:|1781454636\n|move|p2a: Dachsbun|Wish|p2a: Dachsbun\n|move|p1a: Pincurchin|Recover|p1a: Pincurchin\n|-heal|p1a: Pincurchin|258/258\n|\n|-heal|p2a: Dachsbun|110/254 par|[from] item: Leftovers\n|-fieldend|move: Electric Terrain\n|upkeep\n|turn|12\n|\n|t:|1781454638\n|cant|p2a: Dachsbun|par\n|move|p1a: Pincurchin|Discharge|p2a: Dachsbun\n|-damage|p2a: Dachsbun|0 fnt\n|faint|p2a: Dachsbun\n|\n|upkeep\n|\n|t:|1781454648\n|switch|p2a: Klawf|Klawf, L90, M|272/272\n|-damage|p2a: Klawf|238/272|[from] Stealth Rock\n|-status|p2a: Klawf|tox\n|turn|13\n|\n|t:|1781454654\n|move|p2a: Klawf|Swords Dance|p2a: Klawf\n|-boost|p2a: Klawf|atk|2\n|move|p1a: Pincurchin|Scald|p2a: Klawf\n|-supereffective|p2a: Klawf\n|-damage|p2a: Klawf|42/272 tox\n|-ability|p2a: Klawf|Anger Shell|boost\n|-boost|p2a: Klawf|atk|1\n|-boost|p2a: Klawf|spa|1\n|-boost|p2a: Klawf|spe|1\n|-unboost|p2a: Klawf|def|1\n|-unboost|p2a: Klawf|spd|1\n|-enditem|p2a: Klawf|Sitrus Berry|[eat]\n|-heal|p2a: Klawf|110/272 tox|[from] item: Sitrus Berry\n|\n|-damage|p2a: Klawf|93/272 tox|[from] psn\n|upkeep\n|turn|14\n|\n|t:|1781454658\n|move|p2a: Klawf|High Horsepower|p1a: Pincurchin\n|-supereffective|p1a: Pincurchin\n|-damage|p1a: Pincurchin|0 fnt\n|faint|p1a: Pincurchin\n|\n|-damage|p2a: Klawf|59/272 tox|[from] psn\n|upkeep\n|\n|t:|1781454670\n|switch|p1a: Spectrier|Spectrier, L75|274/274\n|turn|15\n|\n|t:|1781454675\n|move|p2a: Klawf|Knock Off|p1a: Spectrier\n|-supereffective|p1a: Spectrier\n|-damage|p1a: Spectrier|0 fnt\n|-enditem|p1a: Spectrier|Life Orb|[from] move: Knock Off|[of] p2a: Klawf\n|faint|p1a: Spectrier\n|\n|-damage|p2a: Klawf|8/272 tox|[from] psn\n|upkeep\n|\n|t:|1781454677\n|switch|p1a: Tatsugiri|Tatsugiri, L87, M|260/260\n|turn|16\n|\n|t:|1781454684\n|move|p2a: Klawf|Stone Edge|p1a: Tatsugiri\n|-damage|p1a: Tatsugiri|0 fnt\n|faint|p1a: Tatsugiri\n|\n|-damage|p2a: Klawf|0 fnt|[from] psn\n|faint|p2a: Klawf\n|upkeep\n|\n|t:|1781454691\n|switch|p1a: Iron Valiant|Iron Valiant, L78|244/244\n|switch|p2a: Yanmega|Yanmega, L82, F|275/275\n|-damage|p2a: Yanmega|138/275|[from] Stealth Rock\n|turn|17\n|\n|t:|1781454698\n|move|p1a: Iron Valiant|Moonblast|p2a: Yanmega\n|-damage|p2a: Yanmega|0 fnt\n|faint|p2a: Yanmega\n|-damage|p1a: Iron Valiant|220/244|[from] item: Life Orb\n|\n|upkeep\n|\n|t:|1781454707\n|switch|p2a: Samurott|Samurott, L88, F|310/310\n|-damage|p2a: Samurott|272/310|[from] Stealth Rock\n|-status|p2a: Samurott|tox\n|turn|18\n|\n|t:|1781454711\n|move|p1a: Iron Valiant|Knock Off|p2a: Samurott\n|-damage|p2a: Samurott|177/310 tox\n|-enditem|p2a: Samurott|Life Orb|[from] move: Knock Off|[of] p1a: Iron Valiant\n|-damage|p1a: Iron Valiant|196/244|[from] item: Life Orb\n|move|p2a: Samurott|Liquidation|p1a: Iron Valiant\n|-damage|p1a: Iron Valiant|82/244\n|-unboost|p1a: Iron Valiant|def|1\n|\n|-damage|p2a: Samurott|158/310 tox|[from] psn\n|upkeep\n|turn|19\n|\n|t:|1781454723\n|move|p2a: Samurott|Aqua Jet|p1a: Iron Valiant\n|-damage|p1a: Iron Valiant|1/244\n|move|p1a: Iron Valiant|Close Combat|p2a: Samurott\n|-damage|p2a: Samurott|0 fnt\n|-unboost|p1a: Iron Valiant|def|1\n|-unboost|p1a: Iron Valiant|spd|1\n|faint|p2a: Samurott\n|-damage|p1a: Iron Valiant|0 fnt|[from] item: Life Orb\n|faint|p1a: Iron Valiant\n|-end|p1a: Iron Valiant|Quark Drive|[silent]\n|\n|win|ProSemitic\n|raw|pokesterus's rating: 1574 &rarr; <strong>1555</strong><br />(-19 for losing)\n|raw|ProSemitic's rating: 1600 &rarr; <strong>1619</strong><br />(+19 for winning)\n|l|\u2606pokesterus\n|player|p1|\n", "uploadtime": 1781454734, "views": 2, "formatid": "gen9randombattle", "rating": 1555, "private": 0, "password": null}