{"id": "gen9randombattle-2631628795", "format": "[Gen 9] Random Battle", "players": ["kingkylan", "oppopu"], "log": "|j|\u2606kingkylan\n|j|\u2606oppopu\n|t:|1781411330\n|gametype|singles\n|player|p1|kingkylan|2|1362\n|player|p2|oppopu|101|1408\n|gen|9\n|tier|[Gen 9] Random Battle\n|rated|\n|rule|Species Clause: Limit one of each Pok\u00e9mon\n|rule|HP Percentage Mod: HP is shown in percentages\n|rule|Sleep Clause Mod: Limit one foe put to sleep\n|rule|Illusion Level Mod: Illusion disguises the Pok\u00e9mon's true level\n|\n|t:|1781411330\n|teamsize|p1|6\n|teamsize|p2|6\n|start\n|switch|p1a: Noctowl|Noctowl, L95, F|344/344\n|switch|p2a: Torterra|Torterra, L78, M|276/276\n|turn|1\n|\n|t:|1781411340\n|switch|p2a: Scream Tail|Scream Tail, L84|330/330\n|move|p1a: Noctowl|Hurricane|p2a: Scream Tail\n|-damage|p2a: Scream Tail|219/330\n|\n|-heal|p2a: Scream Tail|239/330|[from] item: Leftovers\n|upkeep\n|turn|2\n|\n|t:|1781411365\n|move|p2a: Scream Tail|Wish|p2a: Scream Tail\n|move|p1a: Noctowl|Hyper Voice|p2a: Scream Tail\n|-damage|p2a: Scream Tail|143/330\n|\n|-heal|p2a: Scream Tail|163/330|[from] item: Leftovers\n|upkeep\n|turn|3\n|\n|t:|1781411375\n|move|p2a: Scream Tail|Thunder Wave|p1a: Noctowl\n|-status|p1a: Noctowl|par\n|move|p1a: Noctowl|Hyper Voice|p2a: Scream Tail\n|-damage|p2a: Scream Tail|66/330\n|\n|-heal|p2a: Scream Tail|231/330|[from] move: Wish|[wisher] Scream Tail\n|-heal|p2a: Scream Tail|251/330|[from] item: Leftovers\n|upkeep\n|turn|4\n|\n|t:|1781411388\n|switch|p1a: Overqwil|Overqwil, L82, F|274/274\n|-ability|p1a: Overqwil|Intimidate|boost\n|-unboost|p2a: Scream Tail|atk|1\n|move|p2a: Scream Tail|Wish|p2a: Scream Tail\n|\n|-heal|p2a: Scream Tail|271/330|[from] item: Leftovers\n|upkeep\n|turn|5\n|\n|t:|1781411399\n|move|p2a: Scream Tail|Thunder Wave|p1a: Overqwil\n|-status|p1a: Overqwil|par\n|move|p1a: Overqwil|Gunk Shot|p2a: Scream Tail\n|-supereffective|p2a: Scream Tail\n|-damage|p2a: Scream Tail|0 fnt\n|faint|p2a: Scream Tail\n|-end|p2a: Scream Tail|Protosynthesis|[silent]\n|\n|upkeep\n|\n|t:|1781411403\n|switch|p2a: Torterra|Torterra, L78, M|276/276\n|turn|6\n|\n|t:|1781411413\n|move|p2a: Torterra|Shell Smash|p2a: Torterra\n|-unboost|p2a: Torterra|def|1\n|-unboost|p2a: Torterra|spd|1\n|-boost|p2a: Torterra|atk|2\n|-boost|p2a: Torterra|spa|2\n|-boost|p2a: Torterra|spe|2\n|move|p1a: Overqwil|Gunk Shot|p2a: Torterra|[miss]\n|-miss|p1a: Overqwil|p2a: Torterra\n|\n|upkeep\n|turn|7\n|\n|t:|1781411424\n|move|p2a: Torterra|Headlong Rush|p1a: Overqwil\n|-supereffective|p1a: Overqwil\n|-damage|p1a: Overqwil|0 fnt\n|-unboost|p2a: Torterra|def|1\n|-unboost|p2a: Torterra|spd|1\n|faint|p1a: Overqwil\n|\n|upkeep\n|\n|t:|1781411457\n|switch|p1a: Noctowl|Noctowl, L95, F|344/344 par\n|turn|8\n|\n|t:|1781411473\n|move|p2a: Torterra|Rock Blast|p1a: Noctowl\n|-supereffective|p1a: Noctowl\n|-damage|p1a: Noctowl|250/344 par\n|-supereffective|p1a: Noctowl\n|-damage|p1a: Noctowl|162/344 par\n|-supereffective|p1a: Noctowl\n|-damage|p1a: Noctowl|70/344 par\n|-supereffective|p1a: Noctowl\n|-damage|p1a: Noctowl|0 fnt\n|faint|p1a: Noctowl\n|-hitcount|p1: Noctowl|4\n|\n|upkeep\n|\n|t:|1781411496\n|switch|p1a: Golurk|Golurk, L87|297/297\n|turn|9\n|inactive|Battle timer is ON: inactive players will automatically lose when time's up. (requested by kingkylan)\n|\n|t:|1781411540\n|move|p2a: Torterra|Bullet Seed|p1a: Golurk\n|-supereffective|p1a: Golurk\n|-damage|p1a: Golurk|189/297\n|-supereffective|p1a: Golurk\n|-damage|p1a: Golurk|91/297\n|-supereffective|p1a: Golurk\n|-damage|p1a: Golurk|0 fnt\n|faint|p1a: Golurk\n|-hitcount|p1: Golurk|3\n|\n|upkeep\n|\n|t:|1781411550\n|switch|p1a: Chimecho|Chimecho, L93, M|290/290\n|turn|10\n|\n|t:|1781411555\n|move|p2a: Torterra|Bullet Seed|p1a: Chimecho\n|-crit|p1a: Chimecho\n|-damage|p1a: Chimecho|218/290\n|-damage|p1a: Chimecho|167/290\n|-damage|p1a: Chimecho|121/290\n|-damage|p1a: Chimecho|73/290\n|-damage|p1a: Chimecho|18/290\n|-hitcount|p1a: Chimecho|5\n|move|p1a: Chimecho|Dazzling Gleam|p2a: Torterra\n|-damage|p2a: Torterra|117/276\n|\n|-heal|p1a: Chimecho|36/290|[from] item: Leftovers\n|upkeep\n|turn|11\n|-message|kingkylan forfeited.\n|\n|win|oppopu\n|raw|kingkylan's rating: 1362 &rarr; <strong>1345</strong><br />(-17 for losing)\n|raw|oppopu's rating: 1408 &rarr; <strong>1425</strong><br />(+17 for winning)\n|l|\u2606kingkylan\n|player|p1|\n", "uploadtime": 1781411570, "views": 2, "formatid": "gen9randombattle", "rating": 1345, "private": 0, "password": null}