{"id": "gen9randombattle-2631836381", "format": "[Gen 9] Random Battle", "players": ["ccardinals5", "Elysia_773"], "log": "|j|\u2606ccardinals5\n|j|\u2606Elysia_773\n|t:|1781446308\n|gametype|singles\n|player|p1|ccardinals5|169|2037\n|player|p2|Elysia_773|miku-flying|2092\n|gen|9\n|tier|[Gen 9] Random Battle\n|rated|\n|rule|Species Clause: Limit one of each Pok\u00e9mon\n|rule|HP Percentage Mod: HP is shown in percentages\n|rule|Sleep Clause Mod: Limit one foe put to sleep\n|rule|Illusion Level Mod: Illusion disguises the Pok\u00e9mon's true level\n|\n|t:|1781446308\n|teamsize|p1|6\n|teamsize|p2|6\n|start\n|switch|p1a: Zebstrika|Zebstrika, L87, M|272/272\n|switch|p2a: Gumshoos|Gumshoos, L95, F|321/321\n|turn|1\n|inactive|Battle timer is ON: inactive players will automatically lose when time's up. (requested by Elysia_773)\n|\n|t:|1781446315\n|move|p1a: Zebstrika|Volt Switch|p2a: Gumshoos\n|-damage|p2a: Gumshoos|211/321\n|-damage|p1a: Zebstrika|245/272|[from] item: Life Orb\n|\n|t:|1781446319\n|switch|p1a: Alomomola|Alomomola, L87, M|429/429|[from] Volt Switch\n|move|p2a: Gumshoos|U-turn|p1a: Alomomola\n|-damage|p1a: Alomomola|204/429\n|\n|t:|1781446326\n|switch|p2a: Plusle|Plusle, L95, M|268/268|[from] U-turn\n|\n|-heal|p1a: Alomomola|230/429|[from] item: Leftovers\n|upkeep\n|turn|2\n|\n|t:|1781446334\n|switch|p1a: Rotom|Rotom-Frost, L87|229/229\n|move|p2a: Plusle|Nasty Plot|p2a: Plusle\n|-boost|p2a: Plusle|spa|2\n|\n|upkeep\n|turn|3\n|\n|t:|1781446340\n|move|p2a: Plusle|Alluring Voice|p1a: Rotom\n|-damage|p1a: Rotom|82/229\n|-damage|p2a: Plusle|242/268|[from] item: Life Orb\n|move|p1a: Rotom|Blizzard|p2a: Plusle|[miss]\n|-miss|p1a: Rotom|p2a: Plusle\n|\n|upkeep\n|turn|4\n|\n|t:|1781446346\n|move|p2a: Plusle|Thunderbolt|p1a: Rotom\n|-resisted|p1a: Rotom\n|-damage|p1a: Rotom|0 fnt\n|faint|p1a: Rotom\n|-damage|p2a: Plusle|216/268|[from] item: Life Orb\n|\n|upkeep\n|\n|t:|1781446353\n|switch|p1a: Zebstrika|Zebstrika, L87, M|245/272\n|turn|5\n|\n|t:|1781446358\n|switch|p2a: Altaria|Altaria, L89, F|278/278\n|move|p1a: Zebstrika|High Horsepower|p2a: Altaria\n|-immune|p2a: Altaria\n|\n|upkeep\n|turn|6\n|\n|t:|1781446365\n|switch|p1a: Alomomola|Alomomola, L87, M|373/429\n|move|p2a: Altaria|Will-O-Wisp|p1a: Alomomola|[miss]\n|-miss|p2a: Altaria|p1a: Alomomola\n|\n|-heal|p1a: Alomomola|399/429|[from] item: Leftovers\n|upkeep\n|turn|7\n|\n|t:|1781446374\n|move|p2a: Altaria|Will-O-Wisp|p1a: Alomomola\n|-status|p1a: Alomomola|brn\n|move|p1a: Alomomola|Flip Turn|p2a: Altaria\n|-resisted|p2a: Altaria\n|-damage|p2a: Altaria|266/278\n|\n|t:|1781446380\n|switch|p1a: Dragapult|Dragapult, L77, M|262/262|[from] Flip Turn\n|\n|upkeep\n|turn|8\n|\n|t:|1781446389\n|switch|p2a: Ampharos|Ampharos, L88, M|302/302\n|move|p1a: Dragapult|Dragon Darts|p2a: Ampharos\n|-damage|p2a: Ampharos|253/302\n|-anim|p1a: Dragapult|Dragon Darts|p2a: Ampharos\n|-damage|p2a: Ampharos|198/302\n|\n|upkeep\n|turn|9\n|\n|t:|1781446399\n|move|p1a: Dragapult|Will-O-Wisp|p2a: Ampharos\n|-status|p2a: Ampharos|brn\n|move|p2a: Ampharos|Dazzling Gleam|p1a: Dragapult\n|-supereffective|p1a: Dragapult\n|-damage|p1a: Dragapult|94/262\n|\n|-damage|p2a: Ampharos|180/302 brn|[from] brn\n|upkeep\n|turn|10\n|\n|t:|1781446408\n|move|p1a: Dragapult|Hex|p2a: Ampharos\n|-damage|p2a: Ampharos|110/302 brn\n|move|p2a: Ampharos|Volt Switch|p1a: Dragapult\n|-resisted|p1a: Dragapult\n|-damage|p1a: Dragapult|37/262\n|-start|p2a: Ampharos|Disable|Volt Switch|[from] ability: Cursed Body|[of] p1a: Dragapult\n|\n|t:|1781446416\n|switch|p2a: Lycanroc|Lycanroc-Dusk, L81, M|254/254|[from] Volt Switch\n|\n|upkeep\n|turn|11\n|\n|t:|1781446421\n|move|p2a: Lycanroc|Accelerock|p1a: Dragapult\n|-crit|p1a: Dragapult\n|-damage|p1a: Dragapult|0 fnt\n|-start|p2a: Lycanroc|Disable|Accelerock|[from] ability: Cursed Body|[of] p1a: Dragapult\n|faint|p1a: Dragapult\n|\n|upkeep\n|\n|t:|1781446424\n|switch|p1a: Zebstrika|Zebstrika, L87, M|245/272\n|turn|12\n|\n|t:|1781446431\n|switch|p2a: Ampharos|Ampharos, L88, M|110/302 brn\n|move|p1a: Zebstrika|High Horsepower|p2a: Ampharos\n|-supereffective|p2a: Ampharos\n|-damage|p2a: Ampharos|0 fnt\n|faint|p2a: Ampharos\n|-damage|p1a: Zebstrika|218/272|[from] item: Life Orb\n|\n|upkeep\n|\n|t:|1781446434\n|switch|p2a: Altaria|Altaria, L89, F|266/278\n|turn|13\n|\n|t:|1781446437\n|move|p1a: Zebstrika|Volt Switch|p2a: Altaria\n|-damage|p2a: Altaria|191/278\n|-damage|p1a: Zebstrika|191/272|[from] item: Life Orb\n|\n|t:|1781446440\n|switch|p1a: Alomomola|Alomomola, L87, M|429/429 brn|[from] Volt Switch\n|move|p2a: Altaria|Brave Bird|p1a: Alomomola\n|-damage|p1a: Alomomola|314/429 brn\n|-damage|p2a: Altaria|153/278|[from] Recoil\n|\n|-heal|p1a: Alomomola|340/429 brn|[from] item: Leftovers\n|-damage|p1a: Alomomola|314/429 brn|[from] brn\n|upkeep\n|turn|14\n|\n|t:|1781446451\n|move|p2a: Altaria|Brave Bird|p1a: Alomomola\n|-damage|p1a: Alomomola|188/429 brn\n|-damage|p2a: Altaria|111/278|[from] Recoil\n|move|p1a: Alomomola|Flip Turn|p2a: Altaria\n|-resisted|p2a: Altaria\n|-crit|p2a: Altaria\n|-damage|p2a: Altaria|90/278\n|\n|t:|1781446464\n|switch|p1a: Carbink|Carbink, L90|236/236|[from] Flip Turn\n|\n|upkeep\n|turn|15\n|\n|t:|1781446472\n|move|p2a: Altaria|Will-O-Wisp|p1a: Carbink\n|-status|p1a: Carbink|brn\n|move|p1a: Carbink|Moonblast|p2a: Altaria\n|-supereffective|p2a: Altaria\n|-damage|p2a: Altaria|0 fnt\n|faint|p2a: Altaria\n|\n|-damage|p1a: Carbink|222/236 brn|[from] brn\n|upkeep\n|\n|t:|1781446484\n|switch|p2a: Falinks|Falinks, L84|246/246\n|turn|16\n|\n|t:|1781446488\n|move|p2a: Falinks|No Retreat|p2a: Falinks\n|-boost|p2a: Falinks|atk|1\n|-boost|p2a: Falinks|def|1\n|-boost|p2a: Falinks|spa|1\n|-boost|p2a: Falinks|spd|1\n|-boost|p2a: Falinks|spe|1\n|-start|p2a: Falinks|move: No Retreat\n|move|p1a: Carbink|Iron Defense|p1a: Carbink\n|-boost|p1a: Carbink|def|2\n|\n|-damage|p1a: Carbink|208/236 brn|[from] brn\n|upkeep\n|turn|17\n|\n|t:|1781446491\n|-terastallize|p1a: Carbink|Fighting\n|move|p2a: Falinks|Iron Head|p1a: Carbink\n|-damage|p1a: Carbink|172/236 brn\n|-damage|p2a: Falinks|222/246|[from] item: Life Orb\n|move|p1a: Carbink|Rest|p1a: Carbink\n|-status|p1a: Carbink|slp|[from] move: Rest\n|-heal|p1a: Carbink|236/236 slp|[silent]\n|-enditem|p1a: Carbink|Chesto Berry|[eat]\n|-curestatus|p1a: Carbink|slp|[msg]\n|\n|upkeep\n|turn|18\n|\n|t:|1781446499\n|move|p2a: Falinks|Close Combat|p1a: Carbink\n|-damage|p1a: Carbink|154/236\n|-unboost|p2a: Falinks|def|1\n|-unboost|p2a: Falinks|spd|1\n|-damage|p2a: Falinks|198/246|[from] item: Life Orb\n|move|p1a: Carbink|Moonblast|p2a: Falinks\n|-supereffective|p2a: Falinks\n|-damage|p2a: Falinks|0 fnt\n|faint|p2a: Falinks\n|\n|upkeep\n|\n|t:|1781446503\n|switch|p2a: Plusle|Plusle, L95, M|216/268\n|turn|19\n|\n|t:|1781446507\n|-terastallize|p2a: Plusle|Fairy\n|move|p2a: Plusle|Alluring Voice|p1a: Carbink\n|-supereffective|p1a: Carbink\n|-damage|p1a: Carbink|0 fnt\n|faint|p1a: Carbink\n|-damage|p2a: Plusle|190/268|[from] item: Life Orb\n|\n|upkeep\n|\n|t:|1781446521\n|switch|p1a: Zebstrika|Zebstrika, L87, M|191/272\n|turn|20\n|\n|t:|1781446526\n|move|p1a: Zebstrika|High Horsepower|p2a: Plusle\n|-damage|p2a: Plusle|47/268\n|-damage|p1a: Zebstrika|164/272|[from] item: Life Orb\n|move|p2a: Plusle|Alluring Voice|p1a: Zebstrika\n|-crit|p1a: Zebstrika\n|-damage|p1a: Zebstrika|0 fnt\n|faint|p1a: Zebstrika\n|-damage|p2a: Plusle|21/268|[from] item: Life Orb\n|\n|upkeep\n|\n|t:|1781446532\n|switch|p1a: Alomomola|Alomomola, L87, M|331/429 brn\n|turn|21\n|\n|t:|1781446535\n|move|p2a: Plusle|Thunderbolt|p1a: Alomomola\n|-supereffective|p1a: Alomomola\n|-damage|p1a: Alomomola|0 fnt\n|faint|p1a: Alomomola\n|-damage|p2a: Plusle|0 fnt|[from] item: Life Orb\n|faint|p2a: Plusle\n|\n|upkeep\n|\n|t:|1781446538\n|switch|p2a: Gumshoos|Gumshoos, L95, F|211/321\n|switch|p1a: Ogerpon|Ogerpon-Wellspring, L76, F|247/247\n|turn|22\n|\n|t:|1781446542\n|move|p1a: Ogerpon|Ivy Cudgel|p2a: Gumshoos|[anim] Ivy Cudgel Water\n|-damage|p2a: Gumshoos|60/321\n|move|p2a: Gumshoos|Double-Edge|p1a: Ogerpon\n|-damage|p1a: Ogerpon|0 fnt\n|faint|p1a: Ogerpon\n|-damage|p2a: Gumshoos|0 fnt|[from] Recoil\n|faint|p2a: Gumshoos\n|\n|win|Elysia_773\n", "uploadtime": 1781446311, "views": 3, "formatid": "gen9randombattle", "rating": null, "private": 0, "password": null}