{"id": "gen9randombattle-2631385138", "format": "[Gen 9] Random Battle", "players": ["Rolfj", "forsherlock"], "log": "|j|\u2606Rolfj\n|j|\u2606forsherlock\n|t:|1781378386\n|gametype|singles\n|player|p1|Rolfj|102|2010\n|player|p2|forsherlock|1|2072\n|gen|9\n|tier|[Gen 9] Random Battle\n|rated|\n|rule|Species Clause: Limit one of each Pok\u00e9mon\n|rule|HP Percentage Mod: HP is shown in percentages\n|rule|Sleep Clause Mod: Limit one foe put to sleep\n|rule|Illusion Level Mod: Illusion disguises the Pok\u00e9mon's true level\n|\n|t:|1781378386\n|teamsize|p1|6\n|teamsize|p2|6\n|start\n|switch|p1a: Glalie|Glalie, L96, F|309/309\n|switch|p2a: Krookodile|Krookodile, L79, M|280/280\n|-ability|p2a: Krookodile|Intimidate|boost\n|-fail|p1a: Glalie|unboost|Attack|[from] ability: Inner Focus|[of] p1a: Glalie\n|turn|1\n|inactive|Battle timer is ON: inactive players will automatically lose when time's up. (requested by Rolfj)\n|inactive|forsherlock has 120 seconds left.\n|\n|t:|1781378439\n|switch|p2a: Uxie|Uxie, L83|260/260\n|move|p1a: Glalie|Spikes|p2a: Uxie\n|-sidestart|p2: forsherlock|Spikes\n|\n|upkeep\n|turn|2\n|\n|t:|1781378448\n|move|p1a: Glalie|Taunt|p2a: Uxie\n|-start|p2a: Uxie|move: Taunt\n|move|p2a: Uxie|Psychic Noise|p1a: Glalie\n|-damage|p1a: Glalie|249/309\n|-start|p1a: Glalie|move: Heal Block\n|\n|upkeep\n|turn|3\n|\n|t:|1781378455\n|move|p1a: Glalie|Spikes|p2a: Uxie\n|-sidestart|p2: forsherlock|Spikes\n|move|p2a: Uxie|Psychic Noise|p1a: Glalie\n|-damage|p1a: Glalie|186/309\n|\n|-end|p1a: Glalie|move: Heal Block\n|upkeep\n|turn|4\n|\n|t:|1781378460\n|switch|p1a: Persian|Persian-Alola, L86, F|252/252\n|move|p2a: Uxie|U-turn|p1a: Persian\n|-supereffective|p1a: Persian\n|-damage|p1a: Persian|198/252\n|\n|t:|1781378473\n|switch|p2a: Inteleon|Inteleon, L81, M|246/246|[from] U-turn\n|-damage|p2a: Inteleon|205/246|[from] Spikes\n|\n|upkeep\n|turn|5\n|\n|t:|1781378479\n|move|p1a: Persian|Thunderbolt|p2a: Inteleon\n|-supereffective|p2a: Inteleon\n|-damage|p2a: Inteleon|7/246\n|-damage|p1a: Persian|173/252|[from] item: Life Orb\n|move|p2a: Inteleon|Scald|p1a: Persian\n|-damage|p1a: Persian|0 fnt\n|faint|p1a: Persian\n|\n|upkeep\n|\n|t:|1781378490\n|switch|p1a: Dragalge|Dragalge, L88, F|258/258\n|turn|6\n|\n|t:|1781378496\n|move|p2a: Inteleon|Scald|p1a: Dragalge\n|-resisted|p1a: Dragalge\n|-damage|p1a: Dragalge|208/258\n|-status|p1a: Dragalge|brn\n|move|p1a: Dragalge|Sludge Wave|p2a: Inteleon\n|-damage|p2a: Inteleon|0 fnt\n|faint|p2a: Inteleon\n|\n|-damage|p1a: Dragalge|192/258 brn|[from] brn\n|upkeep\n|\n|t:|1781378503\n|switch|p2a: Uxie|Uxie, L83|260/260\n|turn|7\n|\n|t:|1781378511\n|switch|p1a: Glalie|Glalie, L96, F|186/309\n|move|p2a: Uxie|Stealth Rock|p1a: Glalie\n|-sidestart|p1: Rolfj|move: Stealth Rock\n|\n|upkeep\n|turn|8\n|\n|t:|1781378516\n|move|p1a: Glalie|Spikes|p2a: Uxie\n|-sidestart|p2: forsherlock|Spikes\n|move|p2a: Uxie|Knock Off|p1a: Glalie\n|-damage|p1a: Glalie|133/309\n|-enditem|p1a: Glalie|Heavy-Duty Boots|[from] move: Knock Off|[of] p2a: Uxie\n|\n|upkeep\n|turn|9\n|\n|t:|1781378518\n|move|p1a: Glalie|Freeze-Dry|p2a: Uxie\n|-damage|p2a: Uxie|193/260\n|-status|p2a: Uxie|frz\n|cant|p2a: Uxie|frz\n|\n|-heal|p2a: Uxie|209/260 frz|[from] item: Leftovers\n|upkeep\n|turn|10\n|\n|t:|1781378520\n|move|p1a: Glalie|Freeze-Dry|p2a: Uxie\n|-damage|p2a: Uxie|151/260 frz\n|-curestatus|p2a: Uxie|frz|[msg]\n|move|p2a: Uxie|Psychic Noise|p1a: Glalie\n|-damage|p1a: Glalie|76/309\n|-start|p1a: Glalie|move: Heal Block\n|\n|-heal|p2a: Uxie|167/260|[from] item: Leftovers\n|upkeep\n|turn|11\n|\n|t:|1781378528\n|move|p1a: Glalie|Freeze-Dry|p2a: Uxie\n|-damage|p2a: Uxie|101/260\n|move|p2a: Uxie|Psychic Noise|p1a: Glalie\n|-damage|p1a: Glalie|9/309\n|\n|-heal|p2a: Uxie|117/260|[from] item: Leftovers\n|-end|p1a: Glalie|move: Heal Block\n|upkeep\n|turn|12\n|\n|t:|1781378531\n|move|p1a: Glalie|Freeze-Dry|p2a: Uxie\n|-damage|p2a: Uxie|50/260\n|move|p2a: Uxie|Knock Off|p1a: Glalie\n|-damage|p1a: Glalie|0 fnt\n|faint|p1a: Glalie\n|\n|-heal|p2a: Uxie|66/260|[from] item: Leftovers\n|upkeep\n|\n|t:|1781378537\n|switch|p1a: Flygon|Flygon, L82, F|265/265\n|-damage|p1a: Flygon|249/265|[from] Stealth Rock\n|turn|13\n|\n|t:|1781378541\n|move|p1a: Flygon|U-turn|p2a: Uxie\n|-supereffective|p2a: Uxie\n|-damage|p2a: Uxie|0 fnt\n|faint|p2a: Uxie\n|\n|t:|1781378543\n|switch|p1a: Dragalge|Dragalge, L88, F|192/258 brn|[from] U-turn\n|-damage|p1a: Dragalge|160/258 brn|[from] Stealth Rock\n|\n|-damage|p1a: Dragalge|144/258 brn|[from] brn\n|upkeep\n|\n|t:|1781378549\n|switch|p2a: Dragapult|Dragapult, L77, F|262/262\n|turn|14\n|\n|t:|1781378558\n|move|p2a: Dragapult|Dragon Darts|p1a: Dragalge\n|-supereffective|p1a: Dragalge\n|-damage|p1a: Dragalge|36/258 brn\n|-anim|p2a: Dragapult|Dragon Darts|p1a: Dragalge\n|-supereffective|p1a: Dragalge\n|-damage|p1a: Dragalge|0 fnt\n|faint|p1a: Dragalge\n|\n|upkeep\n|\n|t:|1781378562\n|switch|p1a: Bellossom|Bellossom, L84, F|263/263\n|-damage|p1a: Bellossom|231/263|[from] Stealth Rock\n|turn|15\n|\n|t:|1781378565\n|move|p2a: Dragapult|U-turn|p1a: Bellossom\n|-supereffective|p1a: Bellossom\n|-damage|p1a: Bellossom|141/263\n|\n|t:|1781378568\n|switch|p2a: Sableye|Sableye, L88, M|231/231|[from] U-turn\n|-damage|p2a: Sableye|174/231|[from] Spikes\n|move|p1a: Bellossom|Quiver Dance|p1a: Bellossom\n|-boost|p1a: Bellossom|spa|1\n|-boost|p1a: Bellossom|spd|1\n|-boost|p1a: Bellossom|spe|1\n|\n|-heal|p1a: Bellossom|157/263|[from] item: Leftovers\n|-heal|p2a: Sableye|188/231|[from] item: Leftovers\n|upkeep\n|turn|16\n|\n|t:|1781378572\n|switch|p1a: Flygon|Flygon, L82, F|249/265\n|-damage|p1a: Flygon|233/265|[from] Stealth Rock\n|move|p2a: Sableye|Encore||[still]\n|-fail|p2a: Sableye\n|\n|-heal|p2a: Sableye|202/231|[from] item: Leftovers\n|upkeep\n|turn|17\n|\n|t:|1781378575\n|move|p2a: Sableye|Will-O-Wisp|p1a: Flygon\n|-status|p1a: Flygon|brn\n|move|p1a: Flygon|U-turn|p2a: Sableye\n|-damage|p2a: Sableye|176/231\n|\n|t:|1781378579\n|switch|p1a: Keldeo|Keldeo-Resolute, L79|273/273|[from] U-turn\n|-damage|p1a: Keldeo|256/273|[from] Stealth Rock\n|\n|-heal|p2a: Sableye|190/231|[from] item: Leftovers\n|upkeep\n|turn|18\n|\n|t:|1781378582\n|switch|p2a: Amoonguss|Amoonguss, L82, F|321/321\n|-damage|p2a: Amoonguss|241/321|[from] Spikes\n|move|p1a: Keldeo|Hydro Pump|p2a: Amoonguss\n|-resisted|p2a: Amoonguss\n|-damage|p2a: Amoonguss|142/321\n|\n|-heal|p2a: Amoonguss|162/321|[from] item: Leftovers\n|upkeep\n|turn|19\n|\n|t:|1781378587\n|switch|p1a: Flygon|Flygon, L82, F|233/265 brn\n|-damage|p1a: Flygon|217/265 brn|[from] Stealth Rock\n|move|p2a: Amoonguss|Giga Drain|p1a: Flygon\n|-damage|p1a: Flygon|138/265 brn\n|-heal|p2a: Amoonguss|202/321|[from] drain|[of] p1a: Flygon\n|\n|-heal|p2a: Amoonguss|222/321|[from] item: Leftovers\n|-damage|p1a: Flygon|122/265 brn|[from] brn\n|upkeep\n|turn|20\n|\n|t:|1781378591\n|switch|p2a: Krookodile|Krookodile, L79, M|280/280\n|-damage|p2a: Krookodile|210/280|[from] Spikes\n|-ability|p2a: Krookodile|Intimidate|boost\n|-unboost|p1a: Flygon|atk|1\n|move|p1a: Flygon|Outrage|p2a: Krookodile\n|-damage|p2a: Krookodile|162/280\n|\n|-damage|p1a: Flygon|106/265 brn|[from] brn\n|upkeep\n|turn|21\n|\n|t:|1781378596\n|move|p1a: Flygon|Outrage|p2a: Krookodile|[from] lockedmove\n|-damage|p2a: Krookodile|117/280\n|-start|p1a: Flygon|confusion|[fatigue]\n|move|p2a: Krookodile|Knock Off|p1a: Flygon\n|-damage|p1a: Flygon|0 fnt\n|-enditem|p1a: Flygon|Choice Scarf|[from] move: Knock Off|[of] p2a: Krookodile\n|faint|p1a: Flygon\n|\n|upkeep\n|\n|t:|1781378601\n|switch|p1a: Bellossom|Bellossom, L84, F|157/263\n|-damage|p1a: Bellossom|125/263|[from] Stealth Rock\n|turn|22\n|\n|t:|1781378605\n|switch|p2a: Sableye|Sableye, L88, M|190/231\n|-damage|p2a: Sableye|133/231|[from] Spikes\n|move|p1a: Bellossom|Strength Sap|p2a: Sableye\n|-unboost|p2a: Sableye|atk|1\n|-heal|p1a: Bellossom|263/263\n|\n|-heal|p2a: Sableye|147/231|[from] item: Leftovers\n|upkeep\n|turn|23\n|\n|t:|1781378623\n|-terastallize|p2a: Sableye|Poison\n|move|p2a: Sableye|Knock Off|p1a: Bellossom\n|-damage|p1a: Bellossom|200/263\n|-enditem|p1a: Bellossom|Leftovers|[from] move: Knock Off|[of] p2a: Sableye\n|move|p1a: Bellossom|Moonblast|p2a: Sableye\n|-resisted|p2a: Sableye\n|-damage|p2a: Sableye|109/231\n|\n|-heal|p2a: Sableye|123/231|[from] item: Leftovers\n|upkeep\n|turn|24\n|\n|t:|1781378629\n|switch|p1a: Keldeo|Keldeo-Resolute, L79|256/273\n|-damage|p1a: Keldeo|239/273|[from] Stealth Rock\n|move|p2a: Sableye|Will-O-Wisp|p1a: Keldeo\n|-status|p1a: Keldeo|brn\n|\n|-heal|p2a: Sableye|137/231|[from] item: Leftovers\n|-damage|p1a: Keldeo|222/273 brn|[from] brn\n|upkeep\n|turn|25\n|\n|t:|1781378632\n|switch|p2a: Amoonguss|Amoonguss, L82, F|321/321\n|-damage|p2a: Amoonguss|241/321|[from] Spikes\n|move|p1a: Keldeo|Hydro Pump|p2a: Amoonguss\n|-resisted|p2a: Amoonguss\n|-damage|p2a: Amoonguss|131/321\n|\n|-heal|p2a: Amoonguss|151/321|[from] item: Leftovers\n|-damage|p1a: Keldeo|205/273 brn|[from] brn\n|upkeep\n|turn|26\n|\n|t:|1781378642\n|move|p1a: Keldeo|Hydro Pump|p2a: Amoonguss\n|-resisted|p2a: Amoonguss\n|-damage|p2a: Amoonguss|49/321\n|move|p2a: Amoonguss|Giga Drain|p1a: Keldeo\n|-supereffective|p1a: Keldeo\n|-damage|p1a: Keldeo|67/273 brn\n|-heal|p2a: Amoonguss|118/321|[from] drain|[of] p1a: Keldeo\n|\n|-heal|p2a: Amoonguss|138/321|[from] item: Leftovers\n|-damage|p1a: Keldeo|50/273 brn|[from] brn\n|upkeep\n|turn|27\n|\n|t:|1781378650\n|switch|p2a: Krookodile|Krookodile, L79, M|117/280\n|-damage|p2a: Krookodile|47/280|[from] Spikes\n|-ability|p2a: Krookodile|Intimidate|boost\n|-unboost|p1a: Keldeo|atk|1\n|move|p1a: Keldeo|Hydro Pump|p2a: Krookodile\n|-supereffective|p2a: Krookodile\n|-damage|p2a: Krookodile|0 fnt\n|faint|p2a: Krookodile\n|\n|-damage|p1a: Keldeo|33/273 brn|[from] brn\n|upkeep\n|\n|t:|1781378652\n|switch|p2a: Dragapult|Dragapult, L77, F|262/262\n|turn|28\n|\n|t:|1781378656\n|move|p2a: Dragapult|Dragon Darts|p1a: Keldeo\n|-damage|p1a: Keldeo|0 fnt\n|faint|p1a: Keldeo\n|\n|upkeep\n|\n|t:|1781378660\n|switch|p1a: Bellossom|Bellossom, L84, F|200/263\n|-damage|p1a: Bellossom|168/263|[from] Stealth Rock\n|turn|29\n|\n|t:|1781378666\n|-terastallize|p1a: Bellossom|Fairy\n|move|p2a: Dragapult|U-turn|p1a: Bellossom\n|-resisted|p1a: Bellossom\n|-damage|p1a: Bellossom|147/263\n|\n|t:|1781378668\n|switch|p2a: Sableye|Sableye, L88, M, tera:Poison|137/231|[from] U-turn\n|-damage|p2a: Sableye|80/231|[from] Spikes\n|move|p1a: Bellossom|Quiver Dance|p1a: Bellossom\n|-boost|p1a: Bellossom|spa|1\n|-boost|p1a: Bellossom|spd|1\n|-boost|p1a: Bellossom|spe|1\n|\n|-heal|p2a: Sableye|94/231|[from] item: Leftovers\n|upkeep\n|turn|30\n|\n|t:|1781378671\n|move|p2a: Sableye|Encore|p1a: Bellossom\n|-start|p1a: Bellossom|Encore\n|move|p1a: Bellossom|Quiver Dance|p1a: Bellossom\n|-boost|p1a: Bellossom|spa|1\n|-boost|p1a: Bellossom|spd|1\n|-boost|p1a: Bellossom|spe|1\n|\n|-heal|p2a: Sableye|108/231|[from] item: Leftovers\n|upkeep\n|turn|31\n|\n|t:|1781378673\n|move|p2a: Sableye|Will-O-Wisp|p1a: Bellossom\n|-status|p1a: Bellossom|brn\n|move|p1a: Bellossom|Quiver Dance|p1a: Bellossom\n|-boost|p1a: Bellossom|spa|1\n|-boost|p1a: Bellossom|spd|1\n|-boost|p1a: Bellossom|spe|1\n|\n|-heal|p2a: Sableye|122/231|[from] item: Leftovers\n|-damage|p1a: Bellossom|131/263 brn|[from] brn\n|upkeep\n|turn|32\n|\n|t:|1781378676\n|move|p1a: Bellossom|Quiver Dance|p1a: Bellossom\n|-boost|p1a: Bellossom|spa|1\n|-boost|p1a: Bellossom|spd|1\n|-boost|p1a: Bellossom|spe|1\n|move|p2a: Sableye|Knock Off|p1a: Bellossom\n|-resisted|p1a: Bellossom\n|-damage|p1a: Bellossom|100/263 brn\n|\n|-heal|p2a: Sableye|136/231|[from] item: Leftovers\n|-damage|p1a: Bellossom|84/263 brn|[from] brn\n|-end|p1a: Bellossom|Encore\n|upkeep\n|turn|33\n|\n|t:|1781378680\n|move|p2a: Sableye|Encore|p1a: Bellossom\n|-start|p1a: Bellossom|Encore\n|move|p1a: Bellossom|Quiver Dance|p1a: Bellossom\n|-boost|p1a: Bellossom|spa|1\n|-boost|p1a: Bellossom|spd|1\n|-boost|p1a: Bellossom|spe|1\n|\n|-heal|p2a: Sableye|150/231|[from] item: Leftovers\n|-damage|p1a: Bellossom|68/263 brn|[from] brn\n|upkeep\n|turn|34\n|\n|t:|1781378682\n|move|p1a: Bellossom|Quiver Dance|p1a: Bellossom\n|-boost|p1a: Bellossom|spa|1\n|-boost|p1a: Bellossom|spd|1\n|-boost|p1a: Bellossom|spe|1\n|move|p2a: Sableye|Knock Off|p1a: Bellossom\n|-resisted|p1a: Bellossom\n|-damage|p1a: Bellossom|40/263 brn\n|\n|-heal|p2a: Sableye|164/231|[from] item: Leftovers\n|-damage|p1a: Bellossom|24/263 brn|[from] brn\n|upkeep\n|turn|35\n|\n|t:|1781378684\n|move|p1a: Bellossom|Quiver Dance|p1a: Bellossom\n|-boost|p1a: Bellossom|spa|0\n|-boost|p1a: Bellossom|spd|0\n|-boost|p1a: Bellossom|spe|0\n|move|p2a: Sableye|Knock Off|p1a: Bellossom\n|-resisted|p1a: Bellossom\n|-damage|p1a: Bellossom|0 fnt\n|faint|p1a: Bellossom\n|\n|win|forsherlock\n", "uploadtime": 1781378389, "views": 8, "formatid": "gen9randombattle", "rating": null, "private": 0, "password": null}