{"id": "gen9randombattle-2631639999", "format": "[Gen 9] Random Battle", "players": ["Deleuzional", "wuxiant"], "log": "|j|\u2606Deleuzional\n|j|\u2606wuxiant\n|t:|1781413161\n|gametype|singles\n|player|p1|Deleuzional|169|1986\n|player|p2|wuxiant|170|2075\n|gen|9\n|tier|[Gen 9] Random Battle\n|rated|\n|rule|Species Clause: Limit one of each Pok\u00e9mon\n|rule|HP Percentage Mod: HP is shown in percentages\n|rule|Sleep Clause Mod: Limit one foe put to sleep\n|rule|Illusion Level Mod: Illusion disguises the Pok\u00e9mon's true level\n|\n|t:|1781413161\n|teamsize|p1|6\n|teamsize|p2|6\n|start\n|switch|p1a: Crawdaunt|Crawdaunt, L84, F|243/243\n|switch|p2a: Wigglytuff|Wigglytuff, L96, F|424/424\n|turn|1\n|inactive|Battle timer is ON: inactive players will automatically lose when time's up. (requested by wuxiant)\n|\n|t:|1781413178\n|move|p2a: Wigglytuff|Dazzling Gleam|p1a: Crawdaunt\n|-supereffective|p1a: Crawdaunt\n|-damage|p1a: Crawdaunt|0 fnt\n|faint|p1a: Crawdaunt\n|\n|upkeep\n|\n|t:|1781413185\n|switch|p1a: Rillaboom|Rillaboom, L79, M|288/288\n|-fieldstart|move: Grassy Terrain|[from] ability: Grassy Surge|[of] p1a: Rillaboom\n|turn|2\n|\n|t:|1781413195\n|switch|p2a: Orthworm|Orthworm, L88, F|266/266\n|move|p1a: Rillaboom|Wood Hammer|p2a: Orthworm\n|-resisted|p2a: Orthworm\n|-crit|p2a: Orthworm\n|-damage|p2a: Orthworm|147/266\n|-damage|p1a: Rillaboom|249/288|[from] Recoil\n|\n|-heal|p1a: Rillaboom|267/288|[from] Grassy Terrain\n|-heal|p2a: Orthworm|163/266|[from] Grassy Terrain\n|-heal|p2a: Orthworm|179/266|[from] item: Leftovers\n|upkeep\n|turn|3\n|inactive|Deleuzional has 120 seconds left.\n|\n|t:|1781413226\n|switch|p1a: Ninetales|Ninetales, L85, M|263/263\n|-weather|SunnyDay|[from] ability: Drought|[of] p1a: Ninetales\n|move|p2a: Orthworm|Stealth Rock|p1a: Ninetales\n|-sidestart|p1: Deleuzional|move: Stealth Rock\n|\n|-weather|SunnyDay|[upkeep]\n|-heal|p2a: Orthworm|195/266|[from] Grassy Terrain\n|-heal|p2a: Orthworm|211/266|[from] item: Leftovers\n|upkeep\n|turn|4\n|inactive|Deleuzional has 120 seconds left.\n|\n|t:|1781413240\n|switch|p2a: Skeledirge|Skeledirge, L79, F|294/294\n|move|p1a: Ninetales|Nasty Plot|p1a: Ninetales\n|-boost|p1a: Ninetales|spa|2\n|\n|-weather|SunnyDay|[upkeep]\n|upkeep\n|turn|5\n|\n|t:|1781413257\n|move|p1a: Ninetales|Scorching Sands|p2a: Skeledirge\n|-supereffective|p2a: Skeledirge\n|-damage|p2a: Skeledirge|176/294\n|move|p2a: Skeledirge|Slack Off|p2a: Skeledirge\n|-heal|p2a: Skeledirge|294/294\n|\n|-weather|SunnyDay|[upkeep]\n|upkeep\n|turn|6\n|\n|t:|1781413265\n|move|p1a: Ninetales|Scorching Sands|p2a: Skeledirge\n|-supereffective|p2a: Skeledirge\n|-damage|p2a: Skeledirge|180/294\n|move|p2a: Skeledirge|Hex|p1a: Ninetales\n|-damage|p1a: Ninetales|206/263\n|\n|-weather|SunnyDay|[upkeep]\n|-heal|p1a: Ninetales|222/263|[from] Grassy Terrain\n|-heal|p2a: Skeledirge|198/294|[from] Grassy Terrain\n|-fieldend|move: Grassy Terrain\n|upkeep\n|turn|7\n|\n|t:|1781413275\n|move|p1a: Ninetales|Scorching Sands|p2a: Skeledirge\n|-supereffective|p2a: Skeledirge\n|-damage|p2a: Skeledirge|90/294\n|move|p2a: Skeledirge|Slack Off|p2a: Skeledirge\n|-heal|p2a: Skeledirge|237/294\n|\n|-weather|none\n|upkeep\n|turn|8\n|\n|t:|1781413282\n|move|p1a: Ninetales|Scorching Sands|p2a: Skeledirge\n|-supereffective|p2a: Skeledirge\n|-damage|p2a: Skeledirge|123/294\n|move|p2a: Skeledirge|Hex|p1a: Ninetales\n|-damage|p1a: Ninetales|164/263\n|\n|upkeep\n|turn|9\n|\n|t:|1781413289\n|move|p1a: Ninetales|Scorching Sands|p2a: Skeledirge\n|-supereffective|p2a: Skeledirge\n|-damage|p2a: Skeledirge|9/294\n|move|p2a: Skeledirge|Slack Off|p2a: Skeledirge\n|-heal|p2a: Skeledirge|156/294\n|\n|upkeep\n|turn|10\n|\n|t:|1781413295\n|move|p1a: Ninetales|Scorching Sands|p2a: Skeledirge\n|-supereffective|p2a: Skeledirge\n|-damage|p2a: Skeledirge|54/294\n|move|p2a: Skeledirge|Slack Off|p2a: Skeledirge\n|-heal|p2a: Skeledirge|201/294\n|\n|upkeep\n|turn|11\n|\n|t:|1781413302\n|move|p1a: Ninetales|Scorching Sands|p2a: Skeledirge\n|-supereffective|p2a: Skeledirge\n|-damage|p2a: Skeledirge|99/294\n|move|p2a: Skeledirge|Slack Off|p2a: Skeledirge\n|-heal|p2a: Skeledirge|246/294\n|\n|upkeep\n|turn|12\n|\n|t:|1781413309\n|move|p1a: Ninetales|Scorching Sands|p2a: Skeledirge\n|-supereffective|p2a: Skeledirge\n|-damage|p2a: Skeledirge|140/294\n|move|p2a: Skeledirge|Hex|p1a: Ninetales\n|-damage|p1a: Ninetales|104/263\n|\n|upkeep\n|turn|13\n|\n|t:|1781413317\n|move|p1a: Ninetales|Scorching Sands|p2a: Skeledirge\n|-supereffective|p2a: Skeledirge\n|-damage|p2a: Skeledirge|34/294\n|move|p2a: Skeledirge|Slack Off|p2a: Skeledirge\n|-heal|p2a: Skeledirge|181/294\n|\n|upkeep\n|turn|14\n|\n|t:|1781413323\n|move|p1a: Ninetales|Scorching Sands|p2a: Skeledirge\n|-supereffective|p2a: Skeledirge\n|-damage|p2a: Skeledirge|67/294\n|move|p2a: Skeledirge|Slack Off|p2a: Skeledirge\n|-heal|p2a: Skeledirge|214/294\n|\n|upkeep\n|turn|15\n|\n|t:|1781413330\n|move|p1a: Ninetales|Scorching Sands|p2a: Skeledirge\n|-supereffective|p2a: Skeledirge\n|-damage|p2a: Skeledirge|106/294\n|move|p2a: Skeledirge|Hex|p1a: Ninetales\n|-damage|p1a: Ninetales|43/263\n|\n|upkeep\n|turn|16\n|\n|t:|1781413337\n|move|p1a: Ninetales|Scorching Sands|p2a: Skeledirge\n|-supereffective|p2a: Skeledirge\n|-damage|p2a: Skeledirge|0 fnt\n|faint|p2a: Skeledirge\n|\n|upkeep\n|\n|t:|1781413351\n|switch|p2a: Iron Hands|Iron Hands, L79|373/373\n|turn|17\n|\n|t:|1781413356\n|move|p1a: Ninetales|Fire Blast|p2a: Iron Hands\n|-damage|p2a: Iron Hands|195/373\n|move|p2a: Iron Hands|Drain Punch|p1a: Ninetales\n|-damage|p1a: Ninetales|0 fnt\n|-heal|p2a: Iron Hands|217/373|[from] drain|[of] p1a: Ninetales\n|faint|p1a: Ninetales\n|\n|upkeep\n|\n|t:|1781413375\n|switch|p1a: Latios|Latios, L78, M|253/253\n|-damage|p1a: Latios|222/253|[from] Stealth Rock\n|turn|18\n|\n|t:|1781413384\n|move|p1a: Latios|Luster Purge|p2a: Iron Hands\n|-supereffective|p2a: Iron Hands\n|-damage|p2a: Iron Hands|0 fnt\n|faint|p2a: Iron Hands\n|-end|p2a: Iron Hands|Quark Drive|[silent]\n|\n|upkeep\n|\n|t:|1781413393\n|switch|p2a: Wigglytuff|Wigglytuff, L96, F|424/424\n|turn|19\n|\n|t:|1781413401\n|switch|p1a: Swampert|Swampert, L83, F|302/302\n|-damage|p1a: Swampert|284/302|[from] Stealth Rock\n|move|p2a: Wigglytuff|Thunder Wave|p1a: Swampert\n|-immune|p1a: Swampert\n|\n|-heal|p1a: Swampert|302/302|[from] item: Leftovers\n|upkeep\n|turn|20\n|\n|t:|1781413411\n|switch|p2a: Orthworm|Orthworm, L88, F|211/266\n|move|p1a: Swampert|Knock Off|p2a: Orthworm\n|-damage|p2a: Orthworm|163/266\n|-enditem|p2a: Orthworm|Leftovers|[from] move: Knock Off|[of] p1a: Swampert\n|\n|upkeep\n|turn|21\n|\n|t:|1781413423\n|move|p2a: Orthworm|Spikes|p1a: Swampert\n|-sidestart|p1: Deleuzional|Spikes\n|move|p1a: Swampert|Yawn|p2a: Orthworm\n|-start|p2a: Orthworm|move: Yawn|[of] p1a: Swampert\n|\n|upkeep\n|turn|22\n|\n|t:|1781413435\n|switch|p2a: Araquanid|Araquanid, L82, M|246/246\n|move|p1a: Swampert|Ice Beam|p2a: Araquanid\n|-resisted|p2a: Araquanid\n|-damage|p2a: Araquanid|224/246\n|\n|upkeep\n|turn|23\n|\n|t:|1781413442\n|move|p1a: Swampert|Knock Off|p2a: Araquanid\n|-damage|p2a: Araquanid|147/246\n|-enditem|p2a: Araquanid|Heavy-Duty Boots|[from] move: Knock Off|[of] p1a: Swampert\n|move|p2a: Araquanid|Sticky Web|p1a: Swampert\n|-sidestart|p1: Deleuzional|move: Sticky Web\n|\n|upkeep\n|turn|24\n|\n|t:|1781413453\n|move|p1a: Swampert|Knock Off|p2a: Araquanid\n|-damage|p2a: Araquanid|97/246\n|move|p2a: Araquanid|Liquidation|p1a: Swampert\n|-damage|p1a: Swampert|167/302\n|-unboost|p1a: Swampert|def|1\n|\n|-heal|p1a: Swampert|185/302|[from] item: Leftovers\n|upkeep\n|turn|25\n|\n|t:|1781413463\n|switch|p1a: Latios|Latios, L78, M|222/253\n|-damage|p1a: Latios|191/253|[from] Stealth Rock\n|move|p2a: Araquanid|Leech Life|p1a: Latios\n|-supereffective|p1a: Latios\n|-damage|p1a: Latios|45/253\n|-heal|p2a: Araquanid|170/246|[from] drain|[of] p1a: Latios\n|\n|upkeep\n|turn|26\n|\n|t:|1781413478\n|-terastallize|p1a: Latios|Fighting\n|move|p1a: Latios|Recover|p1a: Latios\n|-heal|p1a: Latios|172/253\n|move|p2a: Araquanid|Liquidation|p1a: Latios\n|-crit|p1a: Latios\n|-damage|p1a: Latios|0 fnt\n|faint|p1a: Latios\n|\n|upkeep\n|-message|Deleuzional forfeited.\n|\n|win|wuxiant\n", "uploadtime": 1781413162, "views": 3, "formatid": "gen9randombattle", "rating": null, "private": 0, "password": null}