{"id": "gen9randombattle-2631647798", "format": "[Gen 9] Random Battle", "players": ["Zabuqa", "shoddy battler"], "log": "|j|\u2606Zabuqa\n|j|\u2606shoddy battler\n|t:|1781414500\n|gametype|singles\n|player|p1|Zabuqa|ghetsis|2050\n|player|p2|shoddy battler|beauty-gen4dp|2094\n|gen|9\n|tier|[Gen 9] Random Battle\n|rated|\n|rule|Species Clause: Limit one of each Pok\u00e9mon\n|rule|HP Percentage Mod: HP is shown in percentages\n|rule|Sleep Clause Mod: Limit one foe put to sleep\n|rule|Illusion Level Mod: Illusion disguises the Pok\u00e9mon's true level\n|\n|t:|1781414500\n|teamsize|p1|6\n|teamsize|p2|6\n|start\n|switch|p1a: Dragonite|Dragonite, L74, F|257/257\n|switch|p2a: Flareon|Flareon, L90, M|263/263\n|turn|1\n|\n|t:|1781414539\n|move|p2a: Flareon|Trailblaze|p1a: Dragonite\n|-resisted|p1a: Dragonite\n|-damage|p1a: Dragonite|251/257\n|-boost|p2a: Flareon|spe|1\n|move|p1a: Dragonite|Dragon Dance|p1a: Dragonite\n|-boost|p1a: Dragonite|atk|1\n|-boost|p1a: Dragonite|spe|1\n|\n|-status|p2a: Flareon|tox|[from] item: Toxic Orb\n|upkeep\n|turn|2\n|\n|t:|1781414550\n|move|p2a: Flareon|Facade|p1a: Dragonite\n|-damage|p1a: Dragonite|11/257\n|move|p1a: Dragonite|Earthquake|p2a: Flareon\n|-supereffective|p2a: Flareon\n|-damage|p2a: Flareon|23/263 tox\n|\n|-damage|p2a: Flareon|7/263 tox|[from] psn\n|upkeep\n|turn|3\n|\n|t:|1781414568\n|move|p2a: Flareon|Flare Blitz|p1a: Dragonite\n|-resisted|p1a: Dragonite\n|-damage|p1a: Dragonite|0 fnt\n|faint|p1a: Dragonite\n|-damage|p2a: Flareon|3/263 tox|[from] Recoil\n|\n|-damage|p2a: Flareon|0 fnt|[from] psn\n|faint|p2a: Flareon\n|upkeep\n|\n|t:|1781414581\n|switch|p2a: Vespiquen|Vespiquen, L99, F|299/299\n|switch|p1a: Fezandipiti|Fezandipiti, L82, M|278/278\n|-ability|p2a: Vespiquen|Pressure\n|turn|4\n|\n|t:|1781414594\n|move|p1a: Fezandipiti|Beat Up|p2a: Vespiquen\n|-damage|p2a: Vespiquen|292/299\n|-damage|p2a: Vespiquen|284/299\n|-damage|p2a: Vespiquen|276/299\n|-damage|p2a: Vespiquen|269/299\n|-damage|p2a: Vespiquen|259/299\n|-hitcount|p2a: Vespiquen|5\n|move|p2a: Vespiquen|Spikes|p1a: Fezandipiti\n|-sidestart|p1: Zabuqa|Spikes\n|\n|upkeep\n|turn|5\n|\n|t:|1781414603\n|move|p1a: Fezandipiti|Beat Up|p2a: Vespiquen\n|-damage|p2a: Vespiquen|251/299\n|-status|p2a: Vespiquen|tox|[from] ability: Toxic Chain|[of] p1a: Fezandipiti\n|-damage|p2a: Vespiquen|241/299 tox\n|-damage|p2a: Vespiquen|234/299 tox\n|-damage|p2a: Vespiquen|227/299 tox\n|-damage|p2a: Vespiquen|218/299 tox\n|-hitcount|p2a: Vespiquen|5\n|move|p2a: Vespiquen|Hurricane|p1a: Fezandipiti\n|-damage|p1a: Fezandipiti|167/278\n|\n|-heal|p1a: Fezandipiti|184/278|[from] item: Leftovers\n|-damage|p2a: Vespiquen|200/299 tox|[from] psn\n|upkeep\n|turn|6\n|\n|t:|1781414618\n|move|p1a: Fezandipiti|Gunk Shot|p2a: Vespiquen\n|-damage|p2a: Vespiquen|116/299 tox\n|move|p2a: Vespiquen|Toxic Spikes|p1a: Fezandipiti\n|-sidestart|p1: Zabuqa|move: Toxic Spikes\n|\n|-heal|p1a: Fezandipiti|201/278|[from] item: Leftovers\n|-damage|p2a: Vespiquen|80/299 tox|[from] psn\n|upkeep\n|turn|7\n|\n|t:|1781414625\n|move|p1a: Fezandipiti|Gunk Shot|p2a: Vespiquen\n|-damage|p2a: Vespiquen|0 fnt\n|faint|p2a: Vespiquen\n|\n|-heal|p1a: Fezandipiti|218/278|[from] item: Leftovers\n|upkeep\n|\n|t:|1781414631\n|switch|p2a: Ambipom|Ambipom, L84, F|263/263\n|turn|8\n|\n|t:|1781414669\n|move|p2a: Ambipom|Double-Edge|p1a: Fezandipiti\n|-damage|p1a: Fezandipiti|0 fnt\n|faint|p1a: Fezandipiti\n|-damage|p2a: Ambipom|191/263|[from] Recoil\n|\n|upkeep\n|\n|t:|1781414680\n|switch|p1a: Gumshoos|Gumshoos, L95, M|321/321\n|-damage|p1a: Gumshoos|281/321|[from] Spikes\n|-status|p1a: Gumshoos|psn\n|turn|9\n|\n|t:|1781414694\n|switch|p2a: Annihilape|Annihilape, L76, M|292/292\n|move|p1a: Gumshoos|Double-Edge|p2a: Annihilape\n|-immune|p2a: Annihilape\n|\n|-damage|p1a: Gumshoos|241/321 psn|[from] psn\n|upkeep\n|turn|10\n|\n|t:|1781414703\n|switch|p1a: Hydreigon|Hydreigon, L79, M|275/275\n|move|p2a: Annihilape|Drain Punch|p1a: Hydreigon\n|-supereffective|p1a: Hydreigon\n|-damage|p1a: Hydreigon|111/275\n|\n|upkeep\n|turn|11\n|\n|t:|1781414714\n|move|p1a: Hydreigon|Dark Pulse|p2a: Annihilape\n|-damage|p2a: Annihilape|159/292\n|-damage|p1a: Hydreigon|84/275|[from] item: Life Orb\n|move|p2a: Annihilape|Drain Punch|p1a: Hydreigon\n|-supereffective|p1a: Hydreigon\n|-damage|p1a: Hydreigon|0 fnt\n|-heal|p2a: Annihilape|201/292|[from] drain|[of] p1a: Hydreigon\n|faint|p1a: Hydreigon\n|\n|upkeep\n|\n|t:|1781414727\n|switch|p1a: Wigglytuff|Wigglytuff, L96, M|424/424\n|-damage|p1a: Wigglytuff|371/424|[from] Spikes\n|-status|p1a: Wigglytuff|psn\n|turn|12\n|\n|t:|1781414736\n|switch|p2a: Dedenne|Dedenne, L88, M|261/261\n|move|p1a: Wigglytuff|Dazzling Gleam|p2a: Dedenne\n|-damage|p2a: Dedenne|143/261\n|\n|-heal|p1a: Wigglytuff|397/424 psn|[from] item: Leftovers\n|-damage|p1a: Wigglytuff|344/424 psn|[from] psn\n|upkeep\n|turn|13\n|\n|t:|1781414744\n|move|p2a: Dedenne|Super Fang|p1a: Wigglytuff\n|-damage|p1a: Wigglytuff|172/424 psn\n|move|p1a: Wigglytuff|Knock Off|p2a: Dedenne\n|-resisted|p2a: Dedenne\n|-damage|p2a: Dedenne|94/261\n|-enditem|p2a: Dedenne|Sitrus Berry|[from] move: Knock Off|[of] p1a: Wigglytuff\n|\n|-heal|p1a: Wigglytuff|198/424 psn|[from] item: Leftovers\n|-damage|p1a: Wigglytuff|145/424 psn|[from] psn\n|upkeep\n|turn|14\n|\n|t:|1781414764\n|-terastallize|p1a: Wigglytuff|Poison\n|move|p2a: Dedenne|Dazzling Gleam|p1a: Wigglytuff\n|-resisted|p1a: Wigglytuff\n|-damage|p1a: Wigglytuff|92/424 psn\n|move|p1a: Wigglytuff|Wish|p1a: Wigglytuff\n|\n|-heal|p1a: Wigglytuff|118/424 psn|[from] item: Leftovers\n|-damage|p1a: Wigglytuff|65/424 psn|[from] psn\n|upkeep\n|turn|15\n|\n|t:|1781414775\n|switch|p2a: Annihilape|Annihilape, L76, M|201/292\n|move|p1a: Wigglytuff|Protect||[still]\n|-fail|p1a: Wigglytuff\n|\n|-heal|p1a: Wigglytuff|277/424 psn|[from] move: Wish|[wisher] Wigglytuff\n|-heal|p1a: Wigglytuff|303/424 psn|[from] item: Leftovers\n|-damage|p1a: Wigglytuff|250/424 psn|[from] psn\n|upkeep\n|turn|16\n|\n|t:|1781414786\n|-terastallize|p2a: Annihilape|Ghost\n|move|p2a: Annihilape|Bulk Up|p2a: Annihilape\n|-boost|p2a: Annihilape|atk|1\n|-boost|p2a: Annihilape|def|1\n|move|p1a: Wigglytuff|Dazzling Gleam|p2a: Annihilape\n|-damage|p2a: Annihilape|89/292\n|\n|-heal|p1a: Wigglytuff|276/424 psn|[from] item: Leftovers\n|-damage|p1a: Wigglytuff|223/424 psn|[from] psn\n|upkeep\n|turn|17\n|\n|t:|1781414797\n|move|p2a: Annihilape|Rest|p2a: Annihilape\n|-status|p2a: Annihilape|slp|[from] move: Rest\n|-heal|p2a: Annihilape|292/292 slp|[silent]\n|-enditem|p2a: Annihilape|Chesto Berry|[eat]\n|-curestatus|p2a: Annihilape|slp|[msg]\n|move|p1a: Wigglytuff|Dazzling Gleam|p2a: Annihilape\n|-damage|p2a: Annihilape|186/292\n|\n|-heal|p1a: Wigglytuff|249/424 psn|[from] item: Leftovers\n|-damage|p1a: Wigglytuff|196/424 psn|[from] psn\n|upkeep\n|turn|18\n|\n|t:|1781414809\n|move|p2a: Annihilape|Rage Fist|p1a: Wigglytuff\n|-damage|p1a: Wigglytuff|0 fnt\n|faint|p1a: Wigglytuff\n|\n|upkeep\n|\n|t:|1781414814\n|switch|p1a: Ogerpon|Ogerpon, L80, F|259/259\n|-damage|p1a: Ogerpon|227/259|[from] Spikes\n|-status|p1a: Ogerpon|psn\n|turn|19\n|\n|t:|1781414822\n|move|p1a: Ogerpon|Knock Off|p2a: Annihilape\n|-supereffective|p2a: Annihilape\n|-damage|p2a: Annihilape|74/292\n|-damage|p1a: Ogerpon|202/259 psn|[from] item: Life Orb\n|move|p2a: Annihilape|Rage Fist|p1a: Ogerpon\n|-damage|p1a: Ogerpon|0 fnt\n|faint|p1a: Ogerpon\n|\n|upkeep\n|-message|Zabuqa forfeited.\n|\n|win|shoddy battler\n", "uploadtime": 1781414502, "views": 4, "formatid": "gen9randombattle", "rating": null, "private": 0, "password": null}