{"id": "gen9randombattle-2631921543", "format": "[Gen 9] Random Battle", "players": ["Rambie Drascal", "thatdankcharizard"], "log": "|j|\u2606Rambie Drascal\n|j|\u2606thatdankcharizard\n|t:|1781455868\n|gametype|singles\n|player|p1|Rambie Drascal|ninjaboy|2110\n|player|p2|thatdankcharizard|266|2059\n|gen|9\n|tier|[Gen 9] Random Battle\n|rated|\n|rule|Species Clause: Limit one of each Pok\u00e9mon\n|rule|HP Percentage Mod: HP is shown in percentages\n|rule|Sleep Clause Mod: Limit one foe put to sleep\n|rule|Illusion Level Mod: Illusion disguises the Pok\u00e9mon's true level\n|\n|t:|1781455868\n|teamsize|p1|6\n|teamsize|p2|6\n|start\n|switch|p1a: Dusknoir|Dusknoir, L89, M|225/225\n|switch|p2a: Mamoswine|Mamoswine, L81, F|311/311\n|-item|p2a: Mamoswine|Choice Band|[from] ability: Frisk|[of] p1a: Dusknoir\n|turn|1\n|inactive|Battle timer is ON: inactive players will automatically lose when time's up. (requested by Rambie Drascal)\n|\n|t:|1781455883\n|switch|p1a: Bombirdier|Bombirdier, L85, F|258/258\n|move|p2a: Mamoswine|Knock Off|p1a: Bombirdier\n|-resisted|p1a: Bombirdier\n|-damage|p1a: Bombirdier|194/258\n|-enditem|p1a: Bombirdier|Heavy-Duty Boots|[from] move: Knock Off|[of] p2a: Mamoswine\n|\n|upkeep\n|turn|2\n|\n|t:|1781455904\n|move|p1a: Bombirdier|Brave Bird|p2a: Mamoswine\n|-damage|p2a: Mamoswine|145/311\n|-damage|p1a: Bombirdier|139/258|[from] Recoil\n|move|p2a: Mamoswine|Knock Off|p1a: Bombirdier\n|-resisted|p1a: Bombirdier\n|-damage|p1a: Bombirdier|98/258\n|\n|upkeep\n|turn|3\n|\n|t:|1781455912\n|move|p1a: Bombirdier|Roost|p1a: Bombirdier\n|-heal|p1a: Bombirdier|227/258\n|-singleturn|p1a: Bombirdier|move: Roost\n|move|p2a: Mamoswine|Knock Off|p1a: Bombirdier\n|-resisted|p1a: Bombirdier\n|-damage|p1a: Bombirdier|183/258\n|\n|upkeep\n|turn|4\n|\n|t:|1781455922\n|switch|p2a: Froslass|Froslass, L87, F|263/263\n|move|p1a: Bombirdier|Brave Bird|p2a: Froslass\n|-damage|p2a: Froslass|103/263\n|-damage|p1a: Bombirdier|130/258|[from] Recoil\n|\n|upkeep\n|turn|5\n|\n|t:|1781455932\n|switch|p1a: Lucario|Lucario, L84, M|255/255\n|move|p2a: Froslass|Triple Axel|p1a: Lucario\n|-resisted|p1a: Lucario\n|-damage|p1a: Lucario|244/255\n|-resisted|p1a: Lucario\n|-damage|p1a: Lucario|220/255\n|-resisted|p1a: Lucario\n|-damage|p1a: Lucario|182/255\n|-hitcount|p1a: Lucario|3\n|\n|upkeep\n|turn|6\n|\n|t:|1781455944\n|switch|p2a: Salazzle|Salazzle, L83, F|249/249\n|move|p1a: Lucario|Flash Cannon|p2a: Salazzle\n|-resisted|p2a: Salazzle\n|-damage|p2a: Salazzle|163/249\n|-damage|p1a: Lucario|157/255|[from] item: Life Orb\n|\n|-heal|p2a: Salazzle|178/249|[from] item: Leftovers\n|upkeep\n|turn|7\n|\n|t:|1781455953\n|switch|p1a: Klawf|Klawf, L90, F|272/272\n|move|p2a: Salazzle|Substitute|p2a: Salazzle\n|-start|p2a: Salazzle|Substitute\n|-damage|p2a: Salazzle|116/249\n|\n|-heal|p2a: Salazzle|131/249|[from] item: Leftovers\n|upkeep\n|turn|8\n|\n|t:|1781455959\n|move|p2a: Salazzle|Toxic|p1a: Klawf\n|-status|p1a: Klawf|tox\n|-enditem|p1a: Klawf|Lum Berry|[eat]\n|-curestatus|p1a: Klawf|tox|[msg]\n|move|p1a: Klawf|Crabhammer|p2a: Salazzle\n|-supereffective|p2a: Salazzle\n|-end|p2a: Salazzle|Substitute\n|\n|-heal|p2a: Salazzle|146/249|[from] item: Leftovers\n|upkeep\n|turn|9\n|\n|t:|1781455962\n|move|p2a: Salazzle|Substitute|p2a: Salazzle\n|-start|p2a: Salazzle|Substitute\n|-damage|p2a: Salazzle|84/249\n|move|p1a: Klawf|Crabhammer|p2a: Salazzle\n|-supereffective|p2a: Salazzle\n|-end|p2a: Salazzle|Substitute\n|\n|-heal|p2a: Salazzle|99/249|[from] item: Leftovers\n|upkeep\n|turn|10\n|\n|t:|1781455968\n|move|p2a: Salazzle|Protect|p2a: Salazzle\n|-singleturn|p2a: Salazzle|Protect\n|move|p1a: Klawf|High Horsepower|p2a: Salazzle\n|-activate|p2a: Salazzle|move: Protect\n|\n|-heal|p2a: Salazzle|114/249|[from] item: Leftovers\n|upkeep\n|turn|11\n|\n|t:|1781455973\n|switch|p2a: Leavanny|Leavanny, L86, M|269/269\n|move|p1a: Klawf|High Horsepower|p2a: Leavanny\n|-resisted|p2a: Leavanny\n|-crit|p2a: Leavanny\n|-damage|p2a: Leavanny|238/269\n|\n|upkeep\n|turn|12\n|\n|t:|1781455986\n|switch|p2a: Salazzle|Salazzle, L83, F|114/249\n|switch|p1a: Lucario|Lucario, L84, M|157/255\n|\n|-heal|p2a: Salazzle|129/249|[from] item: Leftovers\n|upkeep\n|turn|13\n|\n|t:|1781455991\n|switch|p1a: Klawf|Klawf, L90, F|272/272\n|move|p2a: Salazzle|Flamethrower|p1a: Klawf\n|-resisted|p1a: Klawf\n|-damage|p1a: Klawf|200/272\n|\n|-heal|p2a: Salazzle|144/249|[from] item: Leftovers\n|upkeep\n|turn|14\n|\n|t:|1781455997\n|move|p2a: Salazzle|Protect|p2a: Salazzle\n|-singleturn|p2a: Salazzle|Protect\n|move|p1a: Klawf|High Horsepower|p2a: Salazzle\n|-activate|p2a: Salazzle|move: Protect\n|\n|-heal|p2a: Salazzle|159/249|[from] item: Leftovers\n|upkeep\n|turn|15\n|\n|t:|1781456005\n|switch|p2a: Leavanny|Leavanny, L86, M|238/269\n|move|p1a: Klawf|Stone Edge|p2a: Leavanny|[miss]\n|-miss|p1a: Klawf|p2a: Leavanny\n|\n|upkeep\n|turn|16\n|\n|t:|1781456009\n|switch|p1a: Lucario|Lucario, L84, M|157/255\n|move|p2a: Leavanny|Sticky Web|p1a: Lucario\n|-sidestart|p1: Rambie Drascal|move: Sticky Web\n|\n|upkeep\n|turn|17\n|\n|t:|1781456016\n|switch|p2a: Salazzle|Salazzle, L83, F|159/249\n|switch|p1a: Klawf|Klawf, L90, F|200/272\n|-activate|p1a: Klawf|move: Sticky Web\n|-unboost|p1a: Klawf|spe|1\n|\n|-heal|p2a: Salazzle|174/249|[from] item: Leftovers\n|upkeep\n|turn|18\n|\n|t:|1781456018\n|move|p2a: Salazzle|Protect|p2a: Salazzle\n|-singleturn|p2a: Salazzle|Protect\n|move|p1a: Klawf|Stone Edge|p2a: Salazzle\n|-activate|p2a: Salazzle|move: Protect\n|\n|-heal|p2a: Salazzle|189/249|[from] item: Leftovers\n|upkeep\n|turn|19\n|\n|t:|1781456028\n|switch|p2a: Clodsire|Clodsire, L81, M|343/343\n|move|p1a: Klawf|Stone Edge|p2a: Clodsire\n|-resisted|p2a: Clodsire\n|-damage|p2a: Clodsire|259/343\n|\n|-heal|p2a: Clodsire|280/343|[from] item: Leftovers\n|upkeep\n|turn|20\n|\n|t:|1781456033\n|switch|p2a: Leavanny|Leavanny, L86, M|238/269\n|-terastallize|p1a: Klawf|Water\n|move|p1a: Klawf|Crabhammer|p2a: Leavanny\n|-resisted|p2a: Leavanny\n|-damage|p2a: Leavanny|172/269\n|\n|upkeep\n|turn|21\n|\n|t:|1781456038\n|switch|p1a: Lucario|Lucario, L84, M|157/255\n|-activate|p1a: Lucario|move: Sticky Web\n|-unboost|p1a: Lucario|spe|1\n|move|p2a: Leavanny|Leaf Blade|p1a: Lucario\n|-resisted|p1a: Lucario\n|-damage|p1a: Lucario|96/255\n|\n|upkeep\n|turn|22\n|\n|t:|1781456044\n|switch|p2a: Salazzle|Salazzle, L83, F|189/249\n|switch|p1a: Klawf|Klawf, L90, F, tera:Water|200/272\n|-activate|p1a: Klawf|move: Sticky Web\n|-unboost|p1a: Klawf|spe|1\n|\n|-heal|p2a: Salazzle|204/249|[from] item: Leftovers\n|upkeep\n|turn|23\n|\n|t:|1781456048\n|move|p2a: Salazzle|Protect|p2a: Salazzle\n|-singleturn|p2a: Salazzle|Protect\n|move|p1a: Klawf|Crabhammer|p2a: Salazzle\n|-activate|p2a: Salazzle|move: Protect\n|\n|-heal|p2a: Salazzle|219/249|[from] item: Leftovers\n|upkeep\n|turn|24\n|\n|t:|1781456056\n|switch|p2a: Leavanny|Leavanny, L86, M|172/269\n|move|p1a: Klawf|Stone Edge|p2a: Leavanny\n|-supereffective|p2a: Leavanny\n|-damage|p2a: Leavanny|0 fnt\n|faint|p2a: Leavanny\n|\n|upkeep\n|\n|t:|1781456069\n|switch|p2a: Froslass|Froslass, L87, F|103/263\n|turn|25\n|\n|t:|1781456073\n|switch|p1a: Regice|Regice, L88|284/284\n|move|p2a: Froslass|Will-O-Wisp|p1a: Regice\n|-status|p1a: Regice|brn\n|\n|-damage|p1a: Regice|267/284 brn|[from] brn\n|upkeep\n|turn|26\n|\n|t:|1781456083\n|switch|p2a: Mamoswine|Mamoswine, L81, F|145/311\n|move|p1a: Regice|Body Press|p2a: Mamoswine\n|-supereffective|p2a: Mamoswine\n|-crit|p2a: Mamoswine\n|-damage|p2a: Mamoswine|30/311\n|\n|-damage|p1a: Regice|250/284 brn|[from] brn\n|upkeep\n|turn|27\n|\n|t:|1781456091\n|switch|p1a: Bombirdier|Bombirdier, L85, F|130/258\n|move|p2a: Mamoswine|Icicle Crash|p1a: Bombirdier\n|-supereffective|p1a: Bombirdier\n|-damage|p1a: Bombirdier|0 fnt\n|faint|p1a: Bombirdier\n|\n|upkeep\n|\n|t:|1781456094\n|switch|p1a: Lucario|Lucario, L84, M|96/255\n|-activate|p1a: Lucario|move: Sticky Web\n|-unboost|p1a: Lucario|spe|1\n|turn|28\n|\n|t:|1781456097\n|switch|p2a: Salazzle|Salazzle, L83, F|219/249\n|move|p1a: Lucario|Vacuum Wave|p2a: Salazzle\n|-resisted|p2a: Salazzle\n|-damage|p2a: Salazzle|179/249\n|-damage|p1a: Lucario|71/255|[from] item: Life Orb\n|\n|-heal|p2a: Salazzle|194/249|[from] item: Leftovers\n|upkeep\n|turn|29\n|\n|t:|1781456101\n|move|p2a: Salazzle|Substitute|p2a: Salazzle\n|-start|p2a: Salazzle|Substitute\n|-damage|p2a: Salazzle|132/249\n|move|p1a: Lucario|Flash Cannon|p2a: Salazzle\n|-resisted|p2a: Salazzle\n|-end|p2a: Salazzle|Substitute\n|-damage|p1a: Lucario|46/255|[from] item: Life Orb\n|\n|-heal|p2a: Salazzle|147/249|[from] item: Leftovers\n|upkeep\n|turn|30\n|\n|t:|1781456105\n|move|p2a: Salazzle|Protect|p2a: Salazzle\n|-singleturn|p2a: Salazzle|Protect\n|move|p1a: Lucario|Flash Cannon|p2a: Salazzle\n|-activate|p2a: Salazzle|move: Protect\n|\n|-heal|p2a: Salazzle|162/249|[from] item: Leftovers\n|upkeep\n|turn|31\n|\n|t:|1781456108\n|move|p2a: Salazzle|Flamethrower|p1a: Lucario\n|-supereffective|p1a: Lucario\n|-damage|p1a: Lucario|0 fnt\n|faint|p1a: Lucario\n|\n|-heal|p2a: Salazzle|177/249|[from] item: Leftovers\n|upkeep\n|\n|t:|1781456110\n|switch|p1a: Klawf|Klawf, L90, F, tera:Water|200/272\n|-activate|p1a: Klawf|move: Sticky Web\n|-unboost|p1a: Klawf|spe|1\n|turn|32\n|\n|t:|1781456115\n|move|p2a: Salazzle|Protect|p2a: Salazzle\n|-singleturn|p2a: Salazzle|Protect\n|move|p1a: Klawf|Crabhammer|p2a: Salazzle\n|-activate|p2a: Salazzle|move: Protect\n|\n|-heal|p2a: Salazzle|192/249|[from] item: Leftovers\n|upkeep\n|turn|33\n|\n|t:|1781456118\n|-terastallize|p2a: Salazzle|Grass\n|move|p2a: Salazzle|Toxic|p1a: Klawf\n|-status|p1a: Klawf|tox\n|move|p1a: Klawf|Crabhammer|p2a: Salazzle\n|-resisted|p2a: Salazzle\n|-damage|p2a: Salazzle|112/249\n|\n|-heal|p2a: Salazzle|127/249|[from] item: Leftovers\n|-damage|p1a: Klawf|183/272 tox|[from] psn\n|upkeep\n|turn|34\n|\n|t:|1781456126\n|move|p2a: Salazzle|Substitute|p2a: Salazzle\n|-start|p2a: Salazzle|Substitute\n|-damage|p2a: Salazzle|65/249\n|move|p1a: Klawf|Crabhammer|p2a: Salazzle\n|-resisted|p2a: Salazzle\n|-end|p2a: Salazzle|Substitute\n|\n|-heal|p2a: Salazzle|80/249|[from] item: Leftovers\n|-damage|p1a: Klawf|149/272 tox|[from] psn\n|upkeep\n|turn|35\n|\n|t:|1781456132\n|move|p2a: Salazzle|Substitute|p2a: Salazzle\n|-start|p2a: Salazzle|Substitute\n|-damage|p2a: Salazzle|18/249\n|move|p1a: Klawf|Crabhammer|p2a: Salazzle\n|-resisted|p2a: Salazzle\n|-end|p2a: Salazzle|Substitute\n|\n|-heal|p2a: Salazzle|33/249|[from] item: Leftovers\n|-damage|p1a: Klawf|98/272 tox|[from] psn\n|upkeep\n|turn|36\n|\n|t:|1781456137\n|move|p2a: Salazzle|Protect|p2a: Salazzle\n|-singleturn|p2a: Salazzle|Protect\n|move|p1a: Klawf|Crabhammer|p2a: Salazzle\n|-activate|p2a: Salazzle|move: Protect\n|\n|-heal|p2a: Salazzle|48/249|[from] item: Leftovers\n|-damage|p1a: Klawf|30/272 tox|[from] psn\n|upkeep\n|turn|37\n|\n|t:|1781456141\n|move|p2a: Salazzle|Flamethrower|p1a: Klawf\n|-resisted|p1a: Klawf\n|-damage|p1a: Klawf|0 fnt\n|faint|p1a: Klawf\n|\n|-heal|p2a: Salazzle|63/249|[from] item: Leftovers\n|upkeep\n|\n|t:|1781456143\n|switch|p1a: Regice|Regice, L88|250/284 brn\n|turn|38\n|\n|t:|1781456147\n|move|p2a: Salazzle|Protect|p2a: Salazzle\n|-singleturn|p2a: Salazzle|Protect\n|move|p1a: Regice|Ice Beam|p2a: Salazzle\n|-activate|p2a: Salazzle|move: Protect\n|\n|-heal|p2a: Salazzle|78/249|[from] item: Leftovers\n|-damage|p1a: Regice|233/284 brn|[from] brn\n|upkeep\n|turn|39\n|\n|t:|1781456152\n|switch|p2a: Froslass|Froslass, L87, F|103/263\n|move|p1a: Regice|Ice Beam|p2a: Froslass\n|-resisted|p2a: Froslass\n|-damage|p2a: Froslass|37/263\n|-start|p1a: Regice|Disable|Ice Beam|[from] ability: Cursed Body|[of] p2a: Froslass\n|\n|-damage|p1a: Regice|216/284 brn|[from] brn\n|upkeep\n|turn|40\n|\n|t:|1781456158\n|move|p2a: Froslass|Poltergeist|p1a: Regice\n|-activate|p1a: Regice|move: Poltergeist|Heavy-Duty Boots\n|-damage|p1a: Regice|126/284 brn\n|move|p1a: Regice|Thunderbolt|p2a: Froslass\n|-damage|p2a: Froslass|0 fnt\n|faint|p2a: Froslass\n|\n|-damage|p1a: Regice|109/284 brn|[from] brn\n|upkeep\n|\n|t:|1781456162\n|switch|p2a: Mamoswine|Mamoswine, L81, F|30/311\n|turn|41\n|\n|t:|1781456167\n|move|p2a: Mamoswine|Earthquake|p1a: Regice\n|-damage|p1a: Regice|0 fnt\n|faint|p1a: Regice\n|\n|upkeep\n|\n|t:|1781456169\n|switch|p1a: Dusknoir|Dusknoir, L89, M|225/225\n|-activate|p1a: Dusknoir|move: Sticky Web\n|-unboost|p1a: Dusknoir|spe|1\n|-item|p2a: Mamoswine|Choice Band|[from] ability: Frisk|[of] p1a: Dusknoir\n|turn|42\n|\n|t:|1781456184\n|move|p2a: Mamoswine|Earthquake|p1a: Dusknoir\n|-damage|p1a: Dusknoir|90/225\n|move|p1a: Dusknoir|Poltergeist|p2a: Mamoswine\n|-activate|p2a: Mamoswine|move: Poltergeist|Choice Band\n|-damage|p2a: Mamoswine|0 fnt\n|faint|p2a: Mamoswine\n|\n|-heal|p1a: Dusknoir|104/225|[from] item: Leftovers\n|upkeep\n|\n|t:|1781456198\n|switch|p2a: Clodsire|Clodsire, L81, M|280/343\n|turn|43\n|\n|t:|1781456206\n|move|p1a: Dusknoir|Substitute|p1a: Dusknoir\n|-start|p1a: Dusknoir|Substitute\n|-damage|p1a: Dusknoir|48/225\n|move|p2a: Clodsire|Earthquake|p1a: Dusknoir\n|-activate|p1a: Dusknoir|move: Substitute|[damage]\n|\n|-heal|p1a: Dusknoir|62/225|[from] item: Leftovers\n|-heal|p2a: Clodsire|301/343|[from] item: Leftovers\n|upkeep\n|turn|44\n|\n|t:|1781456215\n|move|p1a: Dusknoir|Pain Split|p2a: Clodsire\n|-sethp|p2a: Clodsire|181/343|[from] move: Pain Split|[silent]\n|-sethp|p1a: Dusknoir|181/225|[from] move: Pain Split\n|move|p2a: Clodsire|Earthquake|p1a: Dusknoir\n|-end|p1a: Dusknoir|Substitute\n|\n|-heal|p1a: Dusknoir|195/225|[from] item: Leftovers\n|-heal|p2a: Clodsire|202/343|[from] item: Leftovers\n|upkeep\n|turn|45\n|\n|t:|1781456221\n|move|p1a: Dusknoir|Substitute|p1a: Dusknoir\n|-start|p1a: Dusknoir|Substitute\n|-damage|p1a: Dusknoir|139/225\n|move|p2a: Clodsire|Recover|p2a: Clodsire\n|-heal|p2a: Clodsire|343/343\n|\n|-heal|p1a: Dusknoir|153/225|[from] item: Leftovers\n|upkeep\n|turn|46\n|\n|t:|1781456225\n|move|p1a: Dusknoir|Poltergeist|p2a: Clodsire|[miss]\n|-miss|p1a: Dusknoir|p2a: Clodsire\n|move|p2a: Clodsire|Curse|p2a: Clodsire\n|-unboost|p2a: Clodsire|spe|1\n|-boost|p2a: Clodsire|atk|1\n|-boost|p2a: Clodsire|def|1\n|\n|-heal|p1a: Dusknoir|167/225|[from] item: Leftovers\n|upkeep\n|turn|47\n|j| Elekzet\n|\n|t:|1781456232\n|move|p1a: Dusknoir|Poltergeist|p2a: Clodsire\n|-activate|p2a: Clodsire|move: Poltergeist|Leftovers\n|-crit|p2a: Clodsire\n|-damage|p2a: Clodsire|64/343\n|move|p2a: Clodsire|Curse|p2a: Clodsire\n|-unboost|p2a: Clodsire|spe|1\n|-boost|p2a: Clodsire|atk|1\n|-boost|p2a: Clodsire|def|1\n|\n|-heal|p1a: Dusknoir|181/225|[from] item: Leftovers\n|-heal|p2a: Clodsire|85/343|[from] item: Leftovers\n|upkeep\n|turn|48\n|\n|t:|1781456241\n|move|p1a: Dusknoir|Poltergeist|p2a: Clodsire\n|-activate|p2a: Clodsire|move: Poltergeist|Leftovers\n|-damage|p2a: Clodsire|0 fnt\n|faint|p2a: Clodsire\n|\n|-heal|p1a: Dusknoir|195/225|[from] item: Leftovers\n|upkeep\n|\n|t:|1781456248\n|switch|p2a: Salazzle|Salazzle, L83, F, tera:Grass|78/249\n|turn|49\n|\n|t:|1781456256\n|-singleturn|p1a: Dusknoir|move: Focus Punch\n|move|p2a: Salazzle|Protect|p2a: Salazzle\n|-singleturn|p2a: Salazzle|Protect\n|move|p1a: Dusknoir|Focus Punch|p2a: Salazzle\n|-activate|p2a: Salazzle|move: Protect\n|\n|-heal|p2a: Salazzle|93/249|[from] item: Leftovers\n|-heal|p1a: Dusknoir|209/225|[from] item: Leftovers\n|upkeep\n|turn|50\n|\n|t:|1781456265\n|-singleturn|p1a: Dusknoir|move: Focus Punch\n|move|p2a: Salazzle|Substitute|p2a: Salazzle\n|-start|p2a: Salazzle|Substitute\n|-damage|p2a: Salazzle|31/249\n|move|p1a: Dusknoir|Focus Punch|p2a: Salazzle\n|-end|p2a: Salazzle|Substitute\n|\n|-heal|p2a: Salazzle|46/249|[from] item: Leftovers\n|-heal|p1a: Dusknoir|223/225|[from] item: Leftovers\n|upkeep\n|turn|51\n|\n|t:|1781456272\n|-singleturn|p1a: Dusknoir|move: Focus Punch\n|move|p2a: Salazzle|Protect|p2a: Salazzle\n|-singleturn|p2a: Salazzle|Protect\n|move|p1a: Dusknoir|Focus Punch|p2a: Salazzle\n|-activate|p2a: Salazzle|move: Protect\n|\n|-heal|p2a: Salazzle|61/249|[from] item: Leftovers\n|-heal|p1a: Dusknoir|225/225|[from] item: Leftovers\n|upkeep\n|turn|52\n|\n|t:|1781456276\n|-singleturn|p1a: Dusknoir|move: Focus Punch\n|move|p2a: Salazzle|Flamethrower|p1a: Dusknoir\n|-end|p1a: Dusknoir|Substitute\n|move|p1a: Dusknoir|Focus Punch|p2a: Salazzle\n|-damage|p2a: Salazzle|0 fnt\n|faint|p2a: Salazzle\n|\n|upkeep\n|\n|t:|1781456278\n|switch|p2a: Hawlucha|Hawlucha, L80, M|256/256\n|turn|53\n|\n|t:|1781456284\n|move|p2a: Hawlucha|Swords Dance|p2a: Hawlucha\n|-boost|p2a: Hawlucha|atk|2\n|move|p1a: Dusknoir|Substitute|p1a: Dusknoir\n|-start|p1a: Dusknoir|Substitute\n|-damage|p1a: Dusknoir|169/225\n|\n|-heal|p1a: Dusknoir|183/225|[from] item: Leftovers\n|upkeep\n|turn|54\n|\n|t:|1781456289\n|move|p2a: Hawlucha|Acrobatics|p1a: Dusknoir\n|-end|p1a: Dusknoir|Substitute\n|move|p1a: Dusknoir|Poltergeist|p2a: Hawlucha\n|-activate|p2a: Hawlucha|move: Poltergeist|White Herb\n|-damage|p2a: Hawlucha|100/256\n|\n|-heal|p1a: Dusknoir|197/225|[from] item: Leftovers\n|upkeep\n|turn|55\n|\n|t:|1781456295\n|move|p2a: Hawlucha|Stone Edge|p1a: Dusknoir\n|-damage|p1a: Dusknoir|116/225\n|move|p1a: Dusknoir|Poltergeist|p2a: Hawlucha\n|-activate|p2a: Hawlucha|move: Poltergeist|White Herb\n|-damage|p2a: Hawlucha|0 fnt\n|faint|p2a: Hawlucha\n|\n|win|Rambie Drascal\n", "uploadtime": 1781455870, "views": 3, "formatid": "gen9randombattle", "rating": null, "private": 0, "password": null}