{"id": "gen9randombattle-2631938957", "format": "[Gen 9] Random Battle", "players": ["Glinteighty", "swmj7"], "log": "|j|\u2606Glinteighty\n|j|\u2606swmj7\n|t:|1781457801\n|gametype|singles\n|player|p1|Glinteighty|101|1959\n|player|p2|swmj7|265|1923\n|gen|9\n|tier|[Gen 9] Random Battle\n|rated|\n|rule|Species Clause: Limit one of each Pok\u00e9mon\n|rule|HP Percentage Mod: HP is shown in percentages\n|rule|Sleep Clause Mod: Limit one foe put to sleep\n|rule|Illusion Level Mod: Illusion disguises the Pok\u00e9mon's true level\n|\n|t:|1781457801\n|teamsize|p1|6\n|teamsize|p2|6\n|start\n|switch|p1a: Volcarona|Volcarona, L77, M|257/257\n|switch|p2a: Palossand|Palossand, L89, M|296/296\n|turn|1\n|\n|t:|1781457821\n|switch|p1a: Araquanid|Araquanid, L82, M|246/246\n|switch|p2a: Chansey|Chansey, L85, F|564/564\n|\n|upkeep\n|turn|2\n|\n|t:|1781457830\n|switch|p2a: Conkeldurr|Conkeldurr, L80, F|299/299\n|move|p1a: Araquanid|Sticky Web|p2a: Conkeldurr\n|-sidestart|p2: swmj7|move: Sticky Web\n|\n|-status|p2a: Conkeldurr|brn|[from] item: Flame Orb\n|upkeep\n|turn|3\n|\n|t:|1781457843\n|switch|p1a: Hypno|Hypno, L95, M|315/315\n|move|p2a: Conkeldurr|Knock Off|p1a: Hypno\n|-supereffective|p1a: Hypno\n|-damage|p1a: Hypno|59/315\n|-enditem|p1a: Hypno|Leftovers|[from] move: Knock Off|[of] p2a: Conkeldurr\n|\n|-damage|p2a: Conkeldurr|281/299 brn|[from] brn\n|upkeep\n|turn|4\n|\n|t:|1781457849\n|switch|p2a: Scrafty|Scrafty, L83, M|244/244\n|-activate|p2a: Scrafty|move: Sticky Web\n|-unboost|p2a: Scrafty|spe|1\n|-ability|p2a: Scrafty|Intimidate|boost\n|-unboost|p1a: Hypno|atk|1\n|move|p1a: Hypno|Protect||[still]\n|-fail|p1a: Hypno\n|\n|upkeep\n|turn|5\n|\n|t:|1781457858\n|move|p1a: Hypno|Focus Blast|p2a: Scrafty\n|-supereffective|p2a: Scrafty\n|-damage|p2a: Scrafty|94/244\n|move|p2a: Scrafty|Dragon Dance|p2a: Scrafty\n|-boost|p2a: Scrafty|atk|1\n|-boost|p2a: Scrafty|spe|1\n|\n|-heal|p2a: Scrafty|109/244|[from] item: Leftovers\n|upkeep\n|turn|6\n|\n|t:|1781457862\n|move|p1a: Hypno|Focus Blast|p2a: Scrafty|[miss]\n|-miss|p1a: Hypno|p2a: Scrafty\n|move|p2a: Scrafty|Dragon Dance|p2a: Scrafty\n|-boost|p2a: Scrafty|atk|1\n|-boost|p2a: Scrafty|spe|1\n|\n|-heal|p2a: Scrafty|124/244|[from] item: Leftovers\n|upkeep\n|turn|7\n|\n|t:|1781457868\n|move|p2a: Scrafty|Knock Off|p1a: Hypno\n|-supereffective|p1a: Hypno\n|-damage|p1a: Hypno|0 fnt\n|faint|p1a: Hypno\n|\n|-heal|p2a: Scrafty|139/244|[from] item: Leftovers\n|upkeep\n|\n|t:|1781457875\n|switch|p1a: Great Tusk|Great Tusk, L77|304/304\n|-enditem|p1a: Great Tusk|Booster Energy\n|-activate|p1a: Great Tusk|ability: Protosynthesis|[fromitem]\n|-start|p1a: Great Tusk|protosynthesisatk\n|turn|8\n|\n|t:|1781457879\n|move|p2a: Scrafty|Drain Punch|p1a: Great Tusk\n|-damage|p1a: Great Tusk|195/304\n|-heal|p2a: Scrafty|194/244|[from] drain|[of] p1a: Great Tusk\n|move|p1a: Great Tusk|Close Combat|p2a: Scrafty\n|-supereffective|p2a: Scrafty\n|-damage|p2a: Scrafty|0 fnt\n|-unboost|p1a: Great Tusk|def|1\n|-unboost|p1a: Great Tusk|spd|1\n|faint|p2a: Scrafty\n|\n|upkeep\n|\n|t:|1781457887\n|switch|p2a: Palossand|Palossand, L89, M|296/296\n|-activate|p2a: Palossand|move: Sticky Web\n|-unboost|p2a: Palossand|spe|1\n|turn|9\n|\n|t:|1781457897\n|move|p1a: Great Tusk|Earthquake|p2a: Palossand\n|-damage|p2a: Palossand|172/296\n|move|p2a: Palossand|Sludge Bomb|p1a: Great Tusk\n|-resisted|p1a: Great Tusk\n|-damage|p1a: Great Tusk|116/304\n|\n|-heal|p2a: Palossand|190/296|[from] item: Leftovers\n|upkeep\n|turn|10\n|\n|t:|1781457903\n|move|p1a: Great Tusk|Bulk Up|p1a: Great Tusk\n|-boost|p1a: Great Tusk|atk|1\n|-boost|p1a: Great Tusk|def|1\n|move|p2a: Palossand|Shore Up|p2a: Palossand\n|-heal|p2a: Palossand|296/296\n|\n|upkeep\n|turn|11\n|\n|t:|1781457908\n|move|p1a: Great Tusk|Earthquake|p2a: Palossand\n|-damage|p2a: Palossand|134/296\n|move|p2a: Palossand|Shadow Ball|p1a: Great Tusk\n|-damage|p1a: Great Tusk|0 fnt\n|faint|p1a: Great Tusk\n|-end|p1a: Great Tusk|Protosynthesis|[silent]\n|\n|-heal|p2a: Palossand|152/296|[from] item: Leftovers\n|upkeep\n|\n|t:|1781457925\n|switch|p1a: Araquanid|Araquanid, L82, M|246/246\n|turn|12\n|\n|t:|1781457936\n|move|p1a: Araquanid|Liquidation|p2a: Palossand\n|-supereffective|p2a: Palossand\n|-damage|p2a: Palossand|0 fnt\n|faint|p2a: Palossand\n|\n|upkeep\n|\n|t:|1781457938\n|switch|p2a: Conkeldurr|Conkeldurr, L80, F|281/299 brn\n|-activate|p2a: Conkeldurr|move: Sticky Web\n|-unboost|p2a: Conkeldurr|spe|1\n|turn|13\n|\n|t:|1781457942\n|move|p1a: Araquanid|Liquidation|p2a: Conkeldurr\n|-damage|p2a: Conkeldurr|151/299 brn\n|move|p2a: Conkeldurr|Facade|p1a: Araquanid\n|-damage|p1a: Araquanid|52/246\n|\n|-damage|p2a: Conkeldurr|133/299 brn|[from] brn\n|upkeep\n|turn|14\n|\n|t:|1781457948\n|move|p1a: Araquanid|Liquidation|p2a: Conkeldurr\n|-damage|p2a: Conkeldurr|0 fnt\n|faint|p2a: Conkeldurr\n|\n|upkeep\n|\n|t:|1781457953\n|switch|p2a: Floatzel|Floatzel, L86, F|286/286\n|-activate|p2a: Floatzel|move: Sticky Web\n|-unboost|p2a: Floatzel|spe|1\n|turn|15\n|\n|t:|1781457958\n|move|p2a: Floatzel|Wave Crash|p1a: Araquanid\n|-resisted|p1a: Araquanid\n|-damage|p1a: Araquanid|0 fnt\n|faint|p1a: Araquanid\n|-damage|p2a: Floatzel|269/286|[from] Recoil\n|\n|-heal|p2a: Floatzel|286/286|[from] item: Leftovers\n|upkeep\n|\n|t:|1781457961\n|switch|p1a: Cyclizar|Cyclizar, L83, M|252/252\n|turn|16\n|\n|t:|1781457967\n|move|p1a: Cyclizar|Draco Meteor|p2a: Floatzel\n|-damage|p2a: Floatzel|99/286\n|-unboost|p1a: Cyclizar|spa|2\n|move|p2a: Floatzel|Ice Spinner|p1a: Cyclizar\n|-supereffective|p1a: Cyclizar\n|-damage|p1a: Cyclizar|100/252\n|\n|-heal|p2a: Floatzel|116/286|[from] item: Leftovers\n|upkeep\n|turn|17\n|\n|t:|1781457972\n|move|p1a: Cyclizar|Knock Off|p2a: Floatzel\n|-damage|p2a: Floatzel|21/286\n|-enditem|p2a: Floatzel|Leftovers|[from] move: Knock Off|[of] p1a: Cyclizar\n|move|p2a: Floatzel|Wave Crash|p1a: Cyclizar\n|-resisted|p1a: Cyclizar\n|-damage|p1a: Cyclizar|15/252\n|-damage|p2a: Floatzel|0 fnt|[from] Recoil\n|faint|p2a: Floatzel\n|\n|upkeep\n|\n|t:|1781457977\n|switch|p2a: Reuniclus|Reuniclus, L88, M|337/337\n|-activate|p2a: Reuniclus|move: Sticky Web\n|-unboost|p2a: Reuniclus|spe|1\n|turn|18\n|\n|t:|1781457980\n|move|p1a: Cyclizar|Taunt|p2a: Reuniclus\n|-start|p2a: Reuniclus|move: Taunt\n|move|p2a: Reuniclus|Psyshock|p1a: Cyclizar\n|-damage|p1a: Cyclizar|0 fnt\n|faint|p1a: Cyclizar\n|\n|upkeep\n|\n|t:|1781457984\n|switch|p1a: Gothitelle|Gothitelle, L90, F|272/272\n|turn|19\n|\n|t:|1781457987\n|move|p1a: Gothitelle|Dark Pulse|p2a: Reuniclus\n|-supereffective|p2a: Reuniclus\n|-damage|p2a: Reuniclus|215/337\n|move|p2a: Reuniclus|Focus Blast|p1a: Gothitelle|[miss]\n|-miss|p2a: Reuniclus|p1a: Gothitelle\n|\n|upkeep\n|turn|20\n|\n|t:|1781457993\n|move|p1a: Gothitelle|Dark Pulse|p2a: Reuniclus\n|-supereffective|p2a: Reuniclus\n|-damage|p2a: Reuniclus|87/337\n|move|p2a: Reuniclus|Psyshock|p1a: Gothitelle\n|-resisted|p1a: Gothitelle\n|-damage|p1a: Gothitelle|210/272\n|\n|-heal|p1a: Gothitelle|227/272|[from] item: Leftovers\n|-end|p2a: Reuniclus|move: Taunt\n|upkeep\n|turn|21\n|\n|t:|1781457996\n|move|p1a: Gothitelle|Dark Pulse|p2a: Reuniclus\n|-supereffective|p2a: Reuniclus\n|-damage|p2a: Reuniclus|0 fnt\n|faint|p2a: Reuniclus\n|\n|-heal|p1a: Gothitelle|244/272|[from] item: Leftovers\n|upkeep\n|\n|t:|1781457997\n|switch|p2a: Chansey|Chansey, L85, F|564/564\n|-activate|p2a: Chansey|move: Sticky Web\n|-unboost|p2a: Chansey|spe|1\n|turn|22\n|\n|t:|1781458010\n|move|p1a: Gothitelle|Calm Mind|p1a: Gothitelle\n|-boost|p1a: Gothitelle|spa|1\n|-boost|p1a: Gothitelle|spd|1\n|move|p2a: Chansey|Thunder Wave|p1a: Gothitelle\n|-status|p1a: Gothitelle|par\n|\n|-heal|p1a: Gothitelle|261/272 par|[from] item: Leftovers\n|upkeep\n|turn|23\n|\n|t:|1781458045\n|move|p2a: Chansey|Seismic Toss|p1a: Gothitelle\n|-damage|p1a: Gothitelle|176/272 par\n|cant|p1a: Gothitelle|par\n|\n|-heal|p1a: Gothitelle|193/272 par|[from] item: Leftovers\n|upkeep\n|turn|24\n|\n|t:|1781458050\n|move|p2a: Chansey|Seismic Toss|p1a: Gothitelle\n|-damage|p1a: Gothitelle|108/272 par\n|move|p1a: Gothitelle|Psychic Noise|p2a: Chansey\n|-damage|p2a: Chansey|483/564\n|-start|p2a: Chansey|move: Heal Block\n|\n|-heal|p1a: Gothitelle|125/272 par|[from] item: Leftovers\n|upkeep\n|turn|25\n|\n|t:|1781458054\n|move|p2a: Chansey|Seismic Toss|p1a: Gothitelle\n|-damage|p1a: Gothitelle|40/272 par\n|move|p1a: Gothitelle|Thunderbolt|p2a: Chansey\n|-damage|p2a: Chansey|418/564\n|\n|-heal|p1a: Gothitelle|57/272 par|[from] item: Leftovers\n|-end|p2a: Chansey|move: Heal Block\n|upkeep\n|turn|26\n|\n|t:|1781458061\n|move|p2a: Chansey|Seismic Toss|p1a: Gothitelle\n|-damage|p1a: Gothitelle|0 fnt\n|faint|p1a: Gothitelle\n|\n|upkeep\n|\n|t:|1781458062\n|switch|p1a: Volcarona|Volcarona, L77, M|257/257\n|turn|27\n|\n|t:|1781458074\n|move|p1a: Volcarona|Quiver Dance|p1a: Volcarona\n|-boost|p1a: Volcarona|spa|1\n|-boost|p1a: Volcarona|spd|1\n|-boost|p1a: Volcarona|spe|1\n|move|p2a: Chansey|Thunder Wave|p1a: Volcarona\n|-status|p1a: Volcarona|par\n|\n|upkeep\n|turn|28\n|\n|t:|1781458115\n|move|p1a: Volcarona|Quiver Dance|p1a: Volcarona\n|-boost|p1a: Volcarona|spa|1\n|-boost|p1a: Volcarona|spd|1\n|-boost|p1a: Volcarona|spe|1\n|move|p2a: Chansey|Seismic Toss|p1a: Volcarona\n|-damage|p1a: Volcarona|172/257 par\n|\n|upkeep\n|turn|29\n|\n|t:|1781458119\n|move|p1a: Volcarona|Quiver Dance|p1a: Volcarona\n|-boost|p1a: Volcarona|spa|1\n|-boost|p1a: Volcarona|spd|1\n|-boost|p1a: Volcarona|spe|1\n|move|p2a: Chansey|Seismic Toss|p1a: Volcarona\n|-damage|p1a: Volcarona|87/257 par\n|\n|upkeep\n|turn|30\n|\n|t:|1781458123\n|cant|p1a: Volcarona|par\n|move|p2a: Chansey|Seismic Toss|p1a: Volcarona\n|-damage|p1a: Volcarona|2/257 par\n|\n|upkeep\n|turn|31\n|\n|t:|1781458125\n|move|p1a: Volcarona|Giga Drain|p2a: Chansey\n|-damage|p2a: Chansey|337/564\n|-heal|p1a: Volcarona|43/257 par|[from] drain|[of] p2a: Chansey\n|move|p2a: Chansey|Seismic Toss|p1a: Volcarona\n|-damage|p1a: Volcarona|0 fnt\n|faint|p1a: Volcarona\n|\n|win|swmj7\n", "uploadtime": 1781457803, "views": 3, "formatid": "gen9randombattle", "rating": null, "private": 0, "password": null}