{"id": "gen9randombattle-2631935018", "format": "[Gen 9] Random Battle", "players": ["Pitt2022", "Glinteighty"], "log": "|j|\u2606Pitt2022\n|j|\u2606Glinteighty\n|t:|1781457368\n|gametype|singles\n|player|p1|Pitt2022|gentleman-gen4|1910\n|player|p2|Glinteighty|101|1983\n|gen|9\n|tier|[Gen 9] Random Battle\n|rated|\n|rule|Species Clause: Limit one of each Pok\u00e9mon\n|rule|HP Percentage Mod: HP is shown in percentages\n|rule|Sleep Clause Mod: Limit one foe put to sleep\n|rule|Illusion Level Mod: Illusion disguises the Pok\u00e9mon's true level\n|\n|t:|1781457368\n|teamsize|p1|6\n|teamsize|p2|6\n|start\n|switch|p1a: Tauros|Tauros-Paldea-Aqua, L81, M|254/254\n|switch|p2a: Noctowl|Noctowl, L95, M|344/344\n|-ability|p1a: Tauros|Intimidate|boost\n|-unboost|p2a: Noctowl|atk|1\n|turn|1\n|inactive|Battle timer is ON: inactive players will automatically lose when time's up. (requested by Pitt2022)\n|\n|t:|1781457382\n|switch|p1a: Dialga|Dialga, L73|266/266\n|-ability|p1a: Dialga|Pressure\n|switch|p2a: Decidueye|Decidueye, L88, F|281/281\n|\n|upkeep\n|turn|2\n|\n|t:|1781457391\n|switch|p2a: Minun|Minun, L95, F|268/268\n|move|p1a: Dialga|Fire Blast|p2a: Minun\n|-damage|p2a: Minun|187/268\n|-status|p2a: Minun|brn\n|\n|-damage|p2a: Minun|171/268 brn|[from] brn\n|upkeep\n|turn|3\n|\n|t:|1781457403\n|move|p2a: Minun|Thunderbolt|p1a: Dialga\n|-resisted|p1a: Dialga\n|-damage|p1a: Dialga|219/266\n|-damage|p2a: Minun|145/268 brn|[from] item: Life Orb\n|move|p1a: Dialga|Dragon Tail|p2a: Minun\n|-damage|p2a: Minun|64/268 brn\n|drag|p2a: Decidueye|Decidueye, L88, F|281/281\n|\n|upkeep\n|turn|4\n|\n|t:|1781457413\n|move|p1a: Dialga|Fire Blast|p2a: Decidueye|[miss]\n|-miss|p1a: Dialga|p2a: Decidueye\n|move|p2a: Decidueye|Knock Off|p1a: Dialga\n|-damage|p1a: Dialga|141/266\n|-enditem|p1a: Dialga|Assault Vest|[from] move: Knock Off|[of] p2a: Decidueye\n|\n|upkeep\n|turn|5\n|\n|t:|1781457427\n|switch|p2a: Ogerpon|Ogerpon-Hearthflame, L74, F|239/239\n|-ability|p2a: Ogerpon|Mold Breaker\n|move|p1a: Dialga|Heavy Slam|p2a: Ogerpon\n|-resisted|p2a: Ogerpon\n|-damage|p2a: Ogerpon|172/239\n|\n|upkeep\n|turn|6\n|\n|t:|1781457435\n|switch|p2a: Minun|Minun, L95, F|64/268 brn\n|move|p1a: Dialga|Dragon Tail|p2a: Minun\n|-damage|p2a: Minun|0 fnt\n|faint|p2a: Minun\n|\n|upkeep\n|\n|t:|1781457437\n|switch|p2a: Ogerpon|Ogerpon-Hearthflame, L74, F|172/239\n|-ability|p2a: Ogerpon|Mold Breaker\n|turn|7\n|\n|t:|1781457444\n|move|p2a: Ogerpon|Swords Dance|p2a: Ogerpon\n|-boost|p2a: Ogerpon|atk|2\n|move|p1a: Dialga|Draco Meteor|p2a: Ogerpon|[miss]\n|-miss|p1a: Dialga|p2a: Ogerpon\n|\n|upkeep\n|turn|8\n|\n|t:|1781457452\n|move|p2a: Ogerpon|Ivy Cudgel|p1a: Dialga|[anim] Ivy Cudgel Fire\n|-damage|p1a: Dialga|0 fnt\n|faint|p1a: Dialga\n|\n|upkeep\n|c|\u2606Pitt2022|cant stop missing smh\n|\n|t:|1781457468\n|switch|p1a: Iron Boulder|Iron Boulder, L77|265/265\n|turn|9\n|\n|t:|1781457473\n|move|p1a: Iron Boulder|Mighty Cleave|p2a: Ogerpon\n|-supereffective|p2a: Ogerpon\n|-damage|p2a: Ogerpon|0 fnt\n|faint|p2a: Ogerpon\n|-damage|p1a: Iron Boulder|239/265|[from] item: Life Orb\n|\n|upkeep\n|\n|t:|1781457479\n|switch|p2a: Sylveon|Sylveon, L85, F|300/300\n|turn|10\n|\n|t:|1781457484\n|-end|p1a: Iron Boulder|Quark Drive|[silent]\n|switch|p1a: Solgaleo|Solgaleo, L74|325/325\n|move|p2a: Sylveon|Calm Mind|p2a: Sylveon\n|-boost|p2a: Sylveon|spa|1\n|-boost|p2a: Sylveon|spd|1\n|\n|upkeep\n|turn|11\n|\n|t:|1781457499\n|-terastallize|p2a: Sylveon|Steel\n|move|p1a: Solgaleo|Sunsteel Strike|p2a: Sylveon\n|-resisted|p2a: Sylveon\n|-damage|p2a: Sylveon|235/300\n|move|p2a: Sylveon|Wish|p2a: Sylveon\n|\n|-heal|p2a: Sylveon|253/300|[from] item: Leftovers\n|upkeep\n|turn|12\n|\n|t:|1781457514\n|move|p1a: Solgaleo|Close Combat|p2a: Sylveon\n|-supereffective|p2a: Sylveon\n|-damage|p2a: Sylveon|29/300\n|-unboost|p1a: Solgaleo|def|1\n|-unboost|p1a: Solgaleo|spd|1\n|move|p2a: Sylveon|Hyper Voice|p1a: Solgaleo\n|-resisted|p1a: Solgaleo\n|-damage|p1a: Solgaleo|155/325\n|\n|-heal|p2a: Sylveon|179/300|[from] move: Wish|[wisher] Sylveon\n|-heal|p1a: Solgaleo|175/325|[from] item: Leftovers\n|-heal|p2a: Sylveon|197/300|[from] item: Leftovers\n|upkeep\n|turn|13\n|\n|t:|1781457525\n|move|p2a: Sylveon|Protect|p2a: Sylveon\n|-singleturn|p2a: Sylveon|Protect\n|move|p1a: Solgaleo|Close Combat|p2a: Sylveon\n|-activate|p2a: Sylveon|move: Protect\n|\n|-heal|p1a: Solgaleo|195/325|[from] item: Leftovers\n|-heal|p2a: Sylveon|215/300|[from] item: Leftovers\n|upkeep\n|turn|14\n|\n|t:|1781457533\n|switch|p2a: Decidueye|Decidueye, L88, F|281/281\n|move|p1a: Solgaleo|Close Combat|p2a: Decidueye\n|-immune|p2a: Decidueye\n|\n|-heal|p1a: Solgaleo|215/325|[from] item: Leftovers\n|upkeep\n|turn|15\n|\n|t:|1781457545\n|switch|p1a: Chesnaught|Chesnaught, L84, M|285/285\n|move|p2a: Decidueye|Spirit Shackle|p1a: Chesnaught\n|-damage|p1a: Chesnaught|209/285\n|-activate|p1a: Chesnaught|trapped\n|\n|upkeep\n|turn|16\n|\n|t:|1781457552\n|switch|p2a: Sylveon|Sylveon, L85, F, tera:Steel|215/300\n|move|p1a: Chesnaught|Knock Off|p2a: Sylveon\n|-damage|p2a: Sylveon|123/300\n|-enditem|p2a: Sylveon|Leftovers|[from] move: Knock Off|[of] p1a: Chesnaught\n|\n|upkeep\n|turn|17\n|\n|t:|1781457559\n|move|p1a: Chesnaught|Body Press|p2a: Sylveon\n|-supereffective|p2a: Sylveon\n|-damage|p2a: Sylveon|0 fnt\n|faint|p2a: Sylveon\n|\n|upkeep\n|\n|t:|1781457563\n|switch|p2a: Noctowl|Noctowl, L95, M|344/344\n|turn|18\n|\n|t:|1781457567\n|switch|p1a: Cryogonal|Cryogonal, L89|287/287\n|move|p2a: Noctowl|Hurricane|p1a: Cryogonal|[miss]\n|-miss|p2a: Noctowl|p1a: Cryogonal\n|\n|upkeep\n|turn|19\n|\n|t:|1781457575\n|switch|p2a: Glastrier|Glastrier, L86|311/311\n|move|p1a: Cryogonal|Ice Beam|p2a: Glastrier\n|-resisted|p2a: Glastrier\n|-damage|p2a: Glastrier|272/311\n|\n|upkeep\n|turn|20\n|\n|t:|1781457589\n|switch|p1a: Tauros|Tauros-Paldea-Aqua, L81, M|254/254\n|-ability|p1a: Tauros|Intimidate|boost\n|-unboost|p2a: Glastrier|atk|1\n|move|p2a: Glastrier|Close Combat|p1a: Tauros\n|-damage|p1a: Tauros|146/254\n|-unboost|p2a: Glastrier|def|1\n|-unboost|p2a: Glastrier|spd|1\n|\n|upkeep\n|turn|21\n|\n|t:|1781457601\n|switch|p1a: Cryogonal|Cryogonal, L89|287/287\n|switch|p2a: Decidueye|Decidueye, L88, F|281/281\n|\n|upkeep\n|turn|22\n|\n|t:|1781457608\n|switch|p2a: Glastrier|Glastrier, L86|272/311\n|move|p1a: Cryogonal|Ice Beam|p2a: Glastrier\n|-resisted|p2a: Glastrier\n|-damage|p2a: Glastrier|229/311\n|\n|upkeep\n|turn|23\n|\n|t:|1781457614\n|switch|p1a: Tauros|Tauros-Paldea-Aqua, L81, M|146/254\n|-ability|p1a: Tauros|Intimidate|boost\n|-unboost|p2a: Glastrier|atk|1\n|move|p2a: Glastrier|Close Combat|p1a: Tauros\n|-damage|p1a: Tauros|40/254\n|-unboost|p2a: Glastrier|def|1\n|-unboost|p2a: Glastrier|spd|1\n|\n|upkeep\n|turn|24\n|\n|t:|1781457624\n|switch|p2a: Decidueye|Decidueye, L88, F|281/281\n|move|p1a: Tauros|Liquidation|p2a: Decidueye\n|-resisted|p2a: Decidueye\n|-damage|p2a: Decidueye|213/281\n|-damage|p1a: Tauros|15/254|[from] item: Life Orb\n|\n|upkeep\n|turn|25\n|l|\u2606Pitt2022\n|inactive|Pitt2022 disconnected and has a minute to reconnect!\n|player|p1|\n|j|\u2606Pitt2022\n|inactive|Pitt2022 reconnected and has 125 seconds left.\n|player|p1|Pitt2022|gentleman-gen4|\n|\n|t:|1781457652\n|move|p1a: Tauros|Liquidation|p2a: Decidueye\n|-resisted|p2a: Decidueye\n|-damage|p2a: Decidueye|151/281\n|-damage|p1a: Tauros|0 fnt|[from] item: Life Orb\n|faint|p1a: Tauros\n|move|p2a: Decidueye|Knock Off|p1: Tauros|[notarget]\n|-fail|p2a: Decidueye\n|\n|upkeep\n|inactive|Pitt2022 has 120 seconds left.\n|\n|t:|1781457663\n|switch|p1a: Chesnaught|Chesnaught, L84, M|209/285\n|turn|26\n|\n|t:|1781457667\n|switch|p2a: Noctowl|Noctowl, L95, M|344/344\n|move|p1a: Chesnaught|Knock Off|p2a: Noctowl\n|-damage|p2a: Noctowl|250/344\n|-enditem|p2a: Noctowl|Heavy-Duty Boots|[from] move: Knock Off|[of] p1a: Chesnaught\n|\n|upkeep\n|turn|27\n|\n|t:|1781457675\n|switch|p1a: Cryogonal|Cryogonal, L89|287/287\n|move|p2a: Noctowl|Hurricane|p1a: Cryogonal\n|-damage|p1a: Cryogonal|199/287\n|\n|upkeep\n|turn|28\n|\n|t:|1781457681\n|switch|p2a: Glastrier|Glastrier, L86|229/311\n|-terastallize|p1a: Cryogonal|Electric\n|move|p1a: Cryogonal|Tera Blast|p2a: Glastrier|[anim] Tera Blast Electric\n|-damage|p2a: Glastrier|150/311\n|\n|upkeep\n|turn|29\n|\n|t:|1781457691\n|move|p1a: Cryogonal|Tera Blast|p2a: Glastrier|[anim] Tera Blast Electric\n|-damage|p2a: Glastrier|77/311\n|move|p2a: Glastrier|Icicle Crash|p1a: Cryogonal\n|-damage|p1a: Cryogonal|0 fnt\n|faint|p1a: Cryogonal\n|-ability|p2a: Glastrier|Chilling Neigh|boost\n|-boost|p2a: Glastrier|atk|1\n|\n|upkeep\n|\n|t:|1781457703\n|switch|p1a: Iron Boulder|Iron Boulder, L77|239/265\n|turn|30\n|\n|t:|1781457708\n|move|p1a: Iron Boulder|Mighty Cleave|p2a: Glastrier\n|-supereffective|p2a: Glastrier\n|-damage|p2a: Glastrier|0 fnt\n|faint|p2a: Glastrier\n|-damage|p1a: Iron Boulder|213/265|[from] item: Life Orb\n|\n|upkeep\n|\n|t:|1781457710\n|switch|p2a: Decidueye|Decidueye, L88, F|151/281\n|turn|31\n|\n|t:|1781457720\n|-end|p1a: Iron Boulder|Quark Drive|[silent]\n|switch|p1a: Chesnaught|Chesnaught, L84, M|209/285\n|move|p2a: Decidueye|Leaf Storm|p1a: Chesnaught\n|-resisted|p1a: Chesnaught\n|-damage|p1a: Chesnaught|125/285\n|-unboost|p2a: Decidueye|spa|2\n|\n|upkeep\n|turn|32\n|\n|t:|1781457727\n|switch|p2a: Noctowl|Noctowl, L95, M|250/344\n|move|p1a: Chesnaught|Synthesis|p1a: Chesnaught\n|-heal|p1a: Chesnaught|267/285\n|\n|upkeep\n|turn|33\n|\n|t:|1781457733\n|switch|p1a: Solgaleo|Solgaleo, L74|215/325\n|move|p2a: Noctowl|Calm Mind|p2a: Noctowl\n|-boost|p2a: Noctowl|spa|1\n|-boost|p2a: Noctowl|spd|1\n|\n|-heal|p1a: Solgaleo|235/325|[from] item: Leftovers\n|upkeep\n|turn|34\n|\n|t:|1781457742\n|move|p1a: Solgaleo|Sunsteel Strike|p2a: Noctowl\n|-damage|p2a: Noctowl|99/344\n|move|p2a: Noctowl|Hurricane|p1a: Solgaleo|[miss]\n|-miss|p2a: Noctowl|p1a: Solgaleo\n|\n|-heal|p1a: Solgaleo|255/325|[from] item: Leftovers\n|upkeep\n|turn|35\n|\n|t:|1781457751\n|move|p2a: Noctowl|Roost|p2a: Noctowl\n|-heal|p2a: Noctowl|271/344\n|-singleturn|p2a: Noctowl|move: Roost\n|move|p1a: Solgaleo|Sunsteel Strike|p2a: Noctowl\n|-damage|p2a: Noctowl|121/344\n|\n|-heal|p1a: Solgaleo|275/325|[from] item: Leftovers\n|upkeep\n|turn|36\n|\n|t:|1781457760\n|move|p2a: Noctowl|Roost|p2a: Noctowl\n|-heal|p2a: Noctowl|293/344\n|-singleturn|p2a: Noctowl|move: Roost\n|move|p1a: Solgaleo|Sunsteel Strike|p2a: Noctowl\n|-damage|p2a: Noctowl|142/344\n|\n|-heal|p1a: Solgaleo|295/325|[from] item: Leftovers\n|upkeep\n|turn|37\n|\n|t:|1781457769\n|move|p1a: Solgaleo|Sunsteel Strike|p2a: Noctowl\n|-damage|p2a: Noctowl|0 fnt\n|faint|p2a: Noctowl\n|\n|-heal|p1a: Solgaleo|315/325|[from] item: Leftovers\n|upkeep\n|\n|t:|1781457772\n|switch|p2a: Decidueye|Decidueye, L88, F|151/281\n|turn|38\n|\n|t:|1781457777\n|move|p1a: Solgaleo|Sunsteel Strike|p2a: Decidueye\n|-damage|p2a: Decidueye|33/281\n|move|p2a: Decidueye|Spirit Shackle|p1a: Solgaleo\n|-supereffective|p1a: Solgaleo\n|-damage|p1a: Solgaleo|109/325\n|-activate|p1a: Solgaleo|trapped\n|\n|-heal|p1a: Solgaleo|129/325|[from] item: Leftovers\n|upkeep\n|turn|39\n|\n|t:|1781457786\n|move|p1a: Solgaleo|Sunsteel Strike|p2a: Decidueye\n|-damage|p2a: Decidueye|0 fnt\n|faint|p2a: Decidueye\n|\n|win|Pitt2022\n", "uploadtime": 1781457370, "views": 3, "formatid": "gen9randombattle", "rating": null, "private": 0, "password": null}