{"id": "gen9randombattle-2631724793", "format": "[Gen 9] Random Battle", "players": ["marrickchill", "Stefan W"], "log": "|j|\u2606marrickchill\n|j|\u2606Stefan W\n|t:|1781429057\n|gametype|singles\n|player|p1|marrickchill|266|2092\n|player|p2|Stefan W|170|2091\n|gen|9\n|tier|[Gen 9] Random Battle\n|rated|\n|rule|Species Clause: Limit one of each Pok\u00e9mon\n|rule|HP Percentage Mod: HP is shown in percentages\n|rule|Sleep Clause Mod: Limit one foe put to sleep\n|rule|Illusion Level Mod: Illusion disguises the Pok\u00e9mon's true level\n|\n|t:|1781429057\n|teamsize|p1|6\n|teamsize|p2|6\n|start\n|switch|p1a: Phione|Phione, L91|293/293\n|switch|p2a: Moltres|Moltres, L81|278/278\n|turn|1\n|inactive|Battle timer is ON: inactive players will automatically lose when time's up. (requested by Stefan W)\n|inactive|Stefan W has 120 seconds left.\n|\n|t:|1781429092\n|switch|p2a: Quagsire|Quagsire, L84, F|297/297\n|move|p1a: Phione|Scald|p2a: Quagsire\n|-damage|p2a: Quagsire|197/297\n|-status|p2a: Quagsire|brn\n|\n|-heal|p2a: Quagsire|215/297 brn|[from] item: Leftovers\n|-damage|p2a: Quagsire|197/297 brn|[from] brn\n|upkeep\n|turn|2\n|\n|t:|1781429107\n|-terastallize|p2a: Quagsire|Poison\n|move|p1a: Phione|Scald|p2a: Quagsire\n|-damage|p2a: Quagsire|97/297 brn\n|move|p2a: Quagsire|Toxic|p1a: Phione\n|-status|p1a: Phione|tox\n|\n|-heal|p2a: Quagsire|115/297 brn|[from] item: Leftovers\n|-damage|p1a: Phione|275/293 tox|[from] psn\n|-damage|p2a: Quagsire|97/297 brn|[from] brn\n|upkeep\n|turn|3\n|\n|t:|1781429116\n|move|p1a: Phione|Scald|p2a: Quagsire\n|-damage|p2a: Quagsire|0 fnt\n|faint|p2a: Quagsire\n|\n|-heal|p1a: Phione|293/293 tox|[from] item: Leftovers\n|-damage|p1a: Phione|257/293 tox|[from] psn\n|upkeep\n|\n|t:|1781429131\n|switch|p2a: Registeel|Registeel, L81|262/262\n|turn|4\n|\n|t:|1781429134\n|move|p1a: Phione|Scald|p2a: Registeel\n|-crit|p2a: Registeel\n|-damage|p2a: Registeel|181/262\n|-status|p2a: Registeel|brn\n|move|p2a: Registeel|Iron Defense|p2a: Registeel\n|-boost|p2a: Registeel|def|2\n|\n|-heal|p1a: Phione|275/293 tox|[from] item: Leftovers\n|-damage|p1a: Phione|221/293 tox|[from] psn\n|-damage|p2a: Registeel|165/262 brn|[from] brn\n|upkeep\n|turn|5\n|\n|t:|1781429140\n|move|p1a: Phione|Take Heart|p1a: Phione\n|-boost|p1a: Phione|spa|1\n|-boost|p1a: Phione|spd|1\n|-curestatus|p1a: Phione|tox|[msg]\n|move|p2a: Registeel|Iron Defense|p2a: Registeel\n|-boost|p2a: Registeel|def|2\n|\n|-heal|p1a: Phione|239/293|[from] item: Leftovers\n|-damage|p2a: Registeel|149/262 brn|[from] brn\n|upkeep\n|turn|6\n|\n|t:|1781429145\n|move|p1a: Phione|Scald|p2a: Registeel\n|-damage|p2a: Registeel|58/262 brn\n|move|p2a: Registeel|Rest|p2a: Registeel\n|-status|p2a: Registeel|slp|[from] move: Rest\n|-heal|p2a: Registeel|262/262 slp|[silent]\n|-enditem|p2a: Registeel|Chesto Berry|[eat]\n|-curestatus|p2a: Registeel|slp|[msg]\n|\n|-heal|p1a: Phione|257/293|[from] item: Leftovers\n|upkeep\n|turn|7\n|\n|t:|1781429153\n|move|p1a: Phione|Scald|p2a: Registeel\n|-damage|p2a: Registeel|181/262\n|-status|p2a: Registeel|brn\n|move|p2a: Registeel|Body Press|p1a: Phione\n|-damage|p1a: Phione|144/293\n|\n|-heal|p1a: Phione|162/293|[from] item: Leftovers\n|-damage|p2a: Registeel|165/262 brn|[from] brn\n|upkeep\n|turn|8\n|\n|t:|1781429160\n|move|p1a: Phione|Scald|p2a: Registeel\n|-damage|p2a: Registeel|80/262 brn\n|move|p2a: Registeel|Body Press|p1a: Phione\n|-damage|p1a: Phione|44/293\n|\n|-heal|p1a: Phione|62/293|[from] item: Leftovers\n|-damage|p2a: Registeel|64/262 brn|[from] brn\n|upkeep\n|turn|9\n|\n|t:|1781429166\n|move|p1a: Phione|Scald|p2a: Registeel\n|-damage|p2a: Registeel|0 fnt\n|faint|p2a: Registeel\n|\n|-heal|p1a: Phione|80/293|[from] item: Leftovers\n|upkeep\n|\n|t:|1781429185\n|switch|p2a: Regigigas|Regigigas, L84|322/322\n|-start|p2a: Regigigas|ability: Slow Start\n|turn|10\n|\n|t:|1781429190\n|move|p1a: Phione|Scald|p2a: Regigigas\n|-damage|p2a: Regigigas|213/322\n|-status|p2a: Regigigas|brn\n|move|p2a: Regigigas|Body Slam|p1a: Phione\n|-damage|p1a: Phione|49/293\n|-status|p1a: Phione|par\n|\n|-heal|p2a: Regigigas|233/322 brn|[from] item: Leftovers\n|-heal|p1a: Phione|67/293 par|[from] item: Leftovers\n|-damage|p2a: Regigigas|213/322 brn|[from] brn\n|upkeep\n|turn|11\n|\n|t:|1781429198\n|move|p2a: Regigigas|Knock Off|p1a: Phione\n|-damage|p1a: Phione|44/293 par\n|-enditem|p1a: Phione|Leftovers|[from] move: Knock Off|[of] p2a: Regigigas\n|move|p1a: Phione|Rest|p1a: Phione\n|-status|p1a: Phione|slp|[from] move: Rest\n|-heal|p1a: Phione|293/293 slp|[silent]\n|\n|-heal|p2a: Regigigas|233/322 brn|[from] item: Leftovers\n|-damage|p2a: Regigigas|213/322 brn|[from] brn\n|upkeep\n|turn|12\n|\n|t:|1781429207\n|cant|p1a: Phione|slp\n|move|p1a: Phione|Sleep Talk|p1a: Phione\n|move|p1a: Phione|Scald|p2a: Regigigas|[from] move: Sleep Talk\n|-damage|p2a: Regigigas|113/322 brn\n|move|p2a: Regigigas|Body Slam|p1a: Phione\n|-damage|p1a: Phione|258/293 slp\n|\n|-heal|p2a: Regigigas|133/322 brn|[from] item: Leftovers\n|-damage|p2a: Regigigas|113/322 brn|[from] brn\n|upkeep\n|turn|13\n|\n|t:|1781429212\n|cant|p1a: Phione|slp\n|move|p1a: Phione|Sleep Talk|p1a: Phione\n|move|p1a: Phione|Scald|p2a: Regigigas|[from] move: Sleep Talk\n|-damage|p2a: Regigigas|14/322 brn\n|move|p2a: Regigigas|Rest|p2a: Regigigas\n|-status|p2a: Regigigas|slp|[from] move: Rest\n|-heal|p2a: Regigigas|322/322 slp|[silent]\n|\n|upkeep\n|turn|14\n|\n|t:|1781429216\n|-curestatus|p1a: Phione|slp|[msg]\n|move|p1a: Phione|Take Heart|p1a: Phione\n|-boost|p1a: Phione|spa|1\n|-boost|p1a: Phione|spd|1\n|cant|p2a: Regigigas|slp\n|move|p2a: Regigigas|Sleep Talk|p2a: Regigigas\n|move|p2a: Regigigas|Body Slam|p1a: Phione|[from] move: Sleep Talk\n|-damage|p1a: Phione|195/293\n|\n|-end|p2a: Regigigas|Slow Start\n|upkeep\n|turn|15\n|\n|t:|1781429223\n|cant|p2a: Regigigas|slp\n|move|p2a: Regigigas|Sleep Talk|p2a: Regigigas\n|move|p2a: Regigigas|Rest||[from] move: Sleep Talk|[still]\n|-fail|p2a: Regigigas\n|move|p1a: Phione|Scald|p2a: Regigigas\n|-damage|p2a: Regigigas|171/322 slp\n|\n|-heal|p2a: Regigigas|191/322 slp|[from] item: Leftovers\n|upkeep\n|turn|16\n|\n|t:|1781429228\n|-curestatus|p2a: Regigigas|slp|[msg]\n|move|p2a: Regigigas|Body Slam|p1a: Phione\n|-damage|p1a: Phione|56/293\n|move|p1a: Phione|Scald|p2a: Regigigas\n|-damage|p2a: Regigigas|43/322\n|\n|-heal|p2a: Regigigas|63/322|[from] item: Leftovers\n|upkeep\n|turn|17\n|\n|t:|1781429235\n|move|p2a: Regigigas|Body Slam|p1a: Phione\n|-damage|p1a: Phione|0 fnt\n|faint|p1a: Phione\n|\n|-heal|p2a: Regigigas|83/322|[from] item: Leftovers\n|upkeep\n|\n|t:|1781429243\n|switch|p1a: Scyther|Scyther, L82, F|249/249\n|turn|18\n|\n|t:|1781429247\n|move|p1a: Scyther|Dual Wingbeat|p2a: Regigigas\n|-damage|p2a: Regigigas|22/322\n|-damage|p2a: Regigigas|0 fnt\n|faint|p2a: Regigigas\n|-end|p2a: Regigigas|Slow Start|[silent]\n|-hitcount|p2: Regigigas|2\n|\n|upkeep\n|\n|t:|1781429253\n|switch|p2a: Moltres|Moltres, L81|278/278\n|turn|19\n|\n|t:|1781429258\n|switch|p1a: Ampharos|Ampharos, L88, F|302/302\n|move|p2a: Moltres|U-turn|p1a: Ampharos\n|-damage|p1a: Ampharos|254/302\n|\n|t:|1781429262\n|switch|p2a: Metagross|Metagross, L79|256/256|[from] U-turn\n|\n|upkeep\n|turn|20\n|\n|t:|1781429267\n|switch|p1a: Poliwrath|Poliwrath, L88, M|302/302\n|move|p2a: Metagross|Earthquake|p1a: Poliwrath\n|-damage|p1a: Poliwrath|232/302\n|\n|upkeep\n|turn|21\n|\n|t:|1781429285\n|switch|p2a: Moltres|Moltres, L81|278/278\n|move|p1a: Poliwrath|Liquidation|p2a: Moltres\n|-supereffective|p2a: Moltres\n|-damage|p2a: Moltres|74/278\n|-status|p1a: Poliwrath|brn|[from] ability: Flame Body|[of] p2a: Moltres\n|\n|-damage|p1a: Poliwrath|214/302 brn|[from] brn\n|upkeep\n|turn|22\n|\n|t:|1781429290\n|move|p2a: Moltres|Roost|p2a: Moltres\n|-heal|p2a: Moltres|213/278\n|-singleturn|p2a: Moltres|move: Roost\n|move|p1a: Poliwrath|Circle Throw|p2a: Moltres\n|-damage|p2a: Moltres|175/278\n|drag|p2a: Metagross|Metagross, L79|256/256\n|\n|-damage|p1a: Poliwrath|196/302 brn|[from] brn\n|upkeep\n|turn|23\n|\n|t:|1781429299\n|move|p1a: Poliwrath|Liquidation|p2a: Metagross\n|-damage|p2a: Metagross|220/256\n|move|p2a: Metagross|Earthquake|p1a: Poliwrath\n|-damage|p1a: Poliwrath|128/302 brn\n|\n|-damage|p1a: Poliwrath|110/302 brn|[from] brn\n|upkeep\n|turn|24\n|\n|t:|1781429307\n|move|p1a: Poliwrath|Liquidation|p2a: Metagross\n|-damage|p2a: Metagross|184/256\n|move|p2a: Metagross|Earthquake|p1a: Poliwrath\n|-damage|p1a: Poliwrath|37/302 brn\n|\n|-damage|p1a: Poliwrath|19/302 brn|[from] brn\n|upkeep\n|turn|25\n|\n|t:|1781429312\n|move|p1a: Poliwrath|Liquidation|p2a: Metagross\n|-damage|p2a: Metagross|146/256\n|move|p2a: Metagross|Agility|p2a: Metagross\n|-boost|p2a: Metagross|spe|2\n|\n|-damage|p1a: Poliwrath|1/302 brn|[from] brn\n|upkeep\n|turn|26\n|\n|t:|1781429316\n|move|p2a: Metagross|Earthquake|p1a: Poliwrath\n|-damage|p1a: Poliwrath|0 fnt\n|faint|p1a: Poliwrath\n|\n|upkeep\n|\n|t:|1781429319\n|switch|p1a: Ampharos|Ampharos, L88, F|254/302\n|turn|27\n|\n|t:|1781429322\n|move|p2a: Metagross|Earthquake|p1a: Ampharos\n|-supereffective|p1a: Ampharos\n|-damage|p1a: Ampharos|92/302\n|move|p1a: Ampharos|Dragon Tail|p2a: Metagross\n|-resisted|p2a: Metagross\n|-damage|p2a: Metagross|131/256\n|drag|p2a: Moltres|Moltres, L81|175/278\n|\n|upkeep\n|turn|28\n|\n|t:|1781429338\n|move|p2a: Moltres|Roost|p2a: Moltres\n|-heal|p2a: Moltres|278/278\n|-singleturn|p2a: Moltres|move: Roost\n|move|p1a: Ampharos|Thunderbolt|p2a: Moltres\n|-damage|p2a: Moltres|148/278\n|\n|upkeep\n|turn|29\n|\n|t:|1781429359\n|move|p2a: Moltres|U-turn|p1a: Ampharos\n|-damage|p1a: Ampharos|47/302\n|\n|t:|1781429362\n|switch|p2a: Metagross|Metagross, L79|131/256|[from] U-turn\n|move|p1a: Ampharos|Thunderbolt|p2a: Metagross\n|-damage|p2a: Metagross|0 fnt\n|faint|p2a: Metagross\n|\n|upkeep\n|\n|t:|1781429369\n|switch|p2a: Moltres|Moltres, L81|148/278\n|turn|30\n|\n|t:|1781429379\n|move|p2a: Moltres|Fire Blast|p1a: Ampharos\n|-damage|p1a: Ampharos|0 fnt\n|faint|p1a: Ampharos\n|\n|upkeep\n|\n|t:|1781429388\n|switch|p1a: Serperior|Serperior, L79, M|248/248\n|turn|31\n|\n|t:|1781429394\n|-terastallize|p1a: Serperior|Water\n|move|p1a: Serperior|Glare|p2a: Moltres\n|-status|p2a: Moltres|par\n|move|p2a: Moltres|Fire Blast|p1a: Serperior\n|-resisted|p1a: Serperior\n|-damage|p1a: Serperior|176/248\n|\n|upkeep\n|turn|32\n|\n|t:|1781429404\n|move|p1a: Serperior|Leaf Storm|p2a: Moltres\n|-resisted|p2a: Moltres\n|-damage|p2a: Moltres|114/278 par\n|-boost|p1a: Serperior|spa|2\n|-damage|p1a: Serperior|152/248|[from] item: Life Orb\n|move|p2a: Moltres|Roost|p2a: Moltres\n|-heal|p2a: Moltres|253/278 par\n|-singleturn|p2a: Moltres|move: Roost\n|\n|upkeep\n|turn|33\n|\n|t:|1781429410\n|move|p1a: Serperior|Synthesis|p1a: Serperior\n|-heal|p1a: Serperior|248/248\n|move|p2a: Moltres|Brave Bird|p1a: Serperior\n|-damage|p1a: Serperior|131/248\n|-damage|p2a: Moltres|214/278 par|[from] Recoil\n|\n|upkeep\n|turn|34\n|\n|t:|1781429416\n|move|p1a: Serperior|Synthesis|p1a: Serperior\n|-heal|p1a: Serperior|248/248\n|move|p2a: Moltres|U-turn|p1a: Serperior\n|-damage|p1a: Serperior|204/248\n|\n|t:|1781429418\n|switch|p2a: Hatterene|Hatterene, L85, F|236/236|[from] U-turn\n|\n|upkeep\n|turn|35\n|\n|t:|1781429424\n|move|p1a: Serperior|Leaf Storm|p2a: Hatterene\n|-damage|p2a: Hatterene|0 fnt\n|-boost|p1a: Serperior|spa|2\n|faint|p2a: Hatterene\n|-damage|p1a: Serperior|180/248|[from] item: Life Orb\n|\n|upkeep\n|\n|t:|1781429427\n|switch|p2a: Moltres|Moltres, L81|214/278 par\n|turn|36\n|\n|t:|1781429430\n|move|p1a: Serperior|Dragon Pulse|p2a: Moltres\n|-damage|p2a: Moltres|31/278 par\n|-damage|p1a: Serperior|156/248|[from] item: Life Orb\n|move|p2a: Moltres|Brave Bird|p1a: Serperior\n|-damage|p1a: Serperior|42/248\n|-damage|p2a: Moltres|0 fnt|[from] Recoil\n|faint|p2a: Moltres\n|\n|win|marrickchill\n", "uploadtime": 1781429059, "views": 3, "formatid": "gen9randombattle", "rating": null, "private": 0, "password": null}