{"id": "gen9randombattle-2631954172", "format": "[Gen 9] Random Battle", "players": ["Soul Gem", "Astrokid11"], "log": "|j|\u2606Soul Gem\n|j|\u2606Astrokid11\n|t:|1781459484\n|gametype|singles\n|player|p1|Soul Gem|misty|1951\n|player|p2|Astrokid11|2|1981\n|gen|9\n|tier|[Gen 9] Random Battle\n|rated|\n|rule|Species Clause: Limit one of each Pok\u00e9mon\n|rule|HP Percentage Mod: HP is shown in percentages\n|rule|Sleep Clause Mod: Limit one foe put to sleep\n|rule|Illusion Level Mod: Illusion disguises the Pok\u00e9mon's true level\n|\n|t:|1781459484\n|teamsize|p1|6\n|teamsize|p2|6\n|start\n|switch|p1a: Pikachu|Pikachu-Partner, L93, F|216/216\n|switch|p2a: Flygon|Flygon, L82, F|265/265\n|turn|1\n|inactive|Battle timer is ON: inactive players will automatically lose when time's up. (requested by Astrokid11)\n|inactive|Soul Gem has 120 seconds left.\n|\n|t:|1781459534\n|switch|p1a: Gardevoir|Gardevoir, L83, F|249/249\n|-ability|p1a: Gardevoir|Levitate|Trace|[from] ability: Trace|[of] p2a: Flygon\n|move|p2a: Flygon|Earthquake|p1a: Gardevoir\n|-immune|p1a: Gardevoir|[from] ability: Levitate\n|\n|upkeep\n|turn|2\n|\n|t:|1781459544\n|switch|p2a: Vileplume|Vileplume, L85, M|266/266\n|move|p1a: Gardevoir|Moonblast|p2a: Vileplume\n|-resisted|p2a: Vileplume\n|-damage|p2a: Vileplume|207/266\n|\n|-heal|p2a: Vileplume|223/266|[from] item: Leftovers\n|upkeep\n|turn|3\n|inactive|Soul Gem has 120 seconds left.\n|\n|t:|1781459586\n|switch|p1a: Tinkaton|Tinkaton, L82, F|274/274\n|-ability|p1a: Tinkaton|Mold Breaker\n|move|p2a: Vileplume|Sludge Bomb|p1a: Tinkaton\n|-immune|p1a: Tinkaton\n|\n|-heal|p2a: Vileplume|239/266|[from] item: Leftovers\n|upkeep\n|turn|4\n|\n|t:|1781459596\n|move|p1a: Tinkaton|Swords Dance|p1a: Tinkaton\n|-boost|p1a: Tinkaton|atk|2\n|move|p2a: Vileplume|Leech Seed|p1a: Tinkaton\n|-start|p1a: Tinkaton|move: Leech Seed\n|\n|-heal|p2a: Vileplume|255/266|[from] item: Leftovers\n|-damage|p1a: Tinkaton|240/274|[from] Leech Seed|[of] p2a: Vileplume\n|-heal|p2a: Vileplume|266/266|[silent]\n|upkeep\n|turn|5\n|inactive|Soul Gem has 120 seconds left.\n|\n|t:|1781459626\n|switch|p2a: Veluza|Veluza, L85, M|292/292\n|move|p1a: Tinkaton|Knock Off|p2a: Veluza\n|-supereffective|p2a: Veluza\n|-damage|p2a: Veluza|38/292\n|-enditem|p2a: Veluza|Choice Scarf|[from] move: Knock Off|[of] p1a: Tinkaton\n|\n|-heal|p1a: Tinkaton|257/274|[from] item: Leftovers\n|-damage|p1a: Tinkaton|223/274|[from] Leech Seed|[of] p2a: Veluza\n|-heal|p2a: Veluza|72/292|[silent]\n|upkeep\n|turn|6\n|\n|t:|1781459639\n|move|p1a: Tinkaton|Gigaton Hammer|p2a: Veluza\n|-resisted|p2a: Veluza\n|-damage|p2a: Veluza|0 fnt\n|faint|p2a: Veluza\n|\n|-heal|p1a: Tinkaton|240/274|[from] item: Leftovers\n|upkeep\n|\n|t:|1781459652\n|switch|p2a: Hitmontop|Hitmontop, L88, M|231/231\n|-ability|p2a: Hitmontop|Intimidate|boost\n|-unboost|p1a: Tinkaton|atk|1\n|turn|7\n|inactive|Soul Gem has 90 seconds left.\n|\n|t:|1781459688\n|move|p1a: Tinkaton|Play Rough|p2a: Hitmontop\n|-supereffective|p2a: Hitmontop\n|-damage|p2a: Hitmontop|39/231\n|move|p2a: Hitmontop|Earthquake|p1a: Tinkaton\n|-supereffective|p1a: Tinkaton\n|-damage|p1a: Tinkaton|58/274\n|\n|-heal|p1a: Tinkaton|75/274|[from] item: Leftovers\n|-damage|p1a: Tinkaton|41/274|[from] Leech Seed|[of] p2a: Hitmontop\n|-heal|p2a: Hitmontop|73/231|[silent]\n|upkeep\n|turn|8\n|\n|t:|1781459702\n|move|p1a: Tinkaton|Gigaton Hammer|p2a: Hitmontop\n|-damage|p2a: Hitmontop|0 fnt\n|faint|p2a: Hitmontop\n|\n|-heal|p1a: Tinkaton|58/274|[from] item: Leftovers\n|upkeep\n|\n|t:|1781459714\n|switch|p2a: Roaring Moon|Roaring Moon, L72|270/270\n|turn|9\n|\n|t:|1781459722\n|move|p2a: Roaring Moon|Earthquake|p1a: Tinkaton\n|-supereffective|p1a: Tinkaton\n|-damage|p1a: Tinkaton|0 fnt\n|faint|p1a: Tinkaton\n|\n|upkeep\n|\n|t:|1781459731\n|switch|p1a: Gardevoir|Gardevoir, L83, F|249/249\n|turn|10\n|\n|t:|1781459736\n|-end|p2a: Roaring Moon|Protosynthesis|[silent]\n|switch|p2a: Vileplume|Vileplume, L85, M|266/266\n|-ability|p1a: Gardevoir|Effect Spore|Trace|[from] ability: Trace|[of] p2a: Vileplume\n|move|p1a: Gardevoir|Moonblast|p2a: Vileplume\n|-resisted|p2a: Vileplume\n|-damage|p2a: Vileplume|211/266\n|\n|-heal|p2a: Vileplume|227/266|[from] item: Leftovers\n|upkeep\n|turn|11\n|\n|t:|1781459740\n|switch|p1a: Gurdurr|Gurdurr, L85, F|283/283\n|move|p2a: Vileplume|Sludge Bomb|p1a: Gurdurr\n|-damage|p1a: Gurdurr|180/283\n|-status|p1a: Gurdurr|psn\n|\n|-heal|p2a: Vileplume|243/266|[from] item: Leftovers\n|-damage|p1a: Gurdurr|145/283 psn|[from] psn\n|upkeep\n|turn|12\n|\n|t:|1781459745\n|move|p2a: Vileplume|Strength Sap|p1a: Gurdurr\n|-unboost|p1a: Gurdurr|atk|1\n|-heal|p2a: Vileplume|266/266\n|move|p1a: Gurdurr|Knock Off|p2a: Vileplume\n|-damage|p2a: Vileplume|183/266\n|-enditem|p2a: Vileplume|Leftovers|[from] move: Knock Off|[of] p1a: Gurdurr\n|\n|-damage|p1a: Gurdurr|110/283 psn|[from] psn\n|upkeep\n|turn|13\n|\n|t:|1781459751\n|switch|p1a: Oranguru|Oranguru, L92, M|315/315\n|move|p2a: Vileplume|Giga Drain|p1a: Oranguru\n|-damage|p1a: Oranguru|251/315\n|-heal|p2a: Vileplume|215/266|[from] drain|[of] p1a: Oranguru\n|\n|upkeep\n|turn|14\n|\n|t:|1781459758\n|move|p1a: Oranguru|Nasty Plot|p1a: Oranguru\n|-boost|p1a: Oranguru|spa|2\n|move|p2a: Vileplume|Leech Seed|p1a: Oranguru\n|-start|p1a: Oranguru|move: Leech Seed\n|\n|-damage|p1a: Oranguru|212/315|[from] Leech Seed|[of] p2a: Vileplume\n|-heal|p2a: Vileplume|254/266|[silent]\n|upkeep\n|turn|15\n|\n|t:|1781459765\n|move|p1a: Oranguru|Hyper Voice|p2a: Vileplume\n|-crit|p2a: Vileplume\n|-damage|p2a: Vileplume|0 fnt\n|faint|p2a: Vileplume\n|-damage|p1a: Oranguru|181/315|[from] item: Life Orb\n|\n|upkeep\n|\n|t:|1781459775\n|switch|p2a: Roaring Moon|Roaring Moon, L72|270/270\n|turn|16\n|\n|t:|1781459780\n|switch|p1a: Gurdurr|Gurdurr, L85, F|110/283 psn\n|move|p2a: Roaring Moon|Dragon Dance|p2a: Roaring Moon\n|-boost|p2a: Roaring Moon|atk|1\n|-boost|p2a: Roaring Moon|spe|1\n|\n|-damage|p1a: Gurdurr|75/283 psn|[from] psn\n|upkeep\n|turn|17\n|\n|t:|1781459785\n|move|p1a: Gurdurr|Mach Punch|p2a: Roaring Moon\n|-supereffective|p2a: Roaring Moon\n|-damage|p2a: Roaring Moon|88/270\n|move|p2a: Roaring Moon|Earthquake|p1a: Gurdurr\n|-damage|p1a: Gurdurr|5/283 psn\n|\n|-damage|p1a: Gurdurr|0 fnt|[from] psn\n|faint|p1a: Gurdurr\n|upkeep\n|\n|t:|1781459794\n|switch|p1a: Dudunsparce|Dudunsparce-Three-Segment, L83, F|343/343\n|turn|18\n|\n|t:|1781459799\n|move|p2a: Roaring Moon|Outrage|p1a: Dudunsparce\n|-damage|p1a: Dudunsparce|123/343\n|move|p1a: Dudunsparce|Boomburst|p2a: Roaring Moon\n|-damage|p2a: Roaring Moon|0 fnt\n|faint|p2a: Roaring Moon\n|-end|p2a: Roaring Moon|Protosynthesis|[silent]\n|\n|-heal|p1a: Dudunsparce|144/343|[from] item: Leftovers\n|upkeep\n|\n|t:|1781459803\n|switch|p2a: Zangoose|Zangoose, L85, F|263/263\n|turn|19\n|\n|t:|1781459808\n|move|p2a: Zangoose|Close Combat|p1a: Dudunsparce\n|-supereffective|p1a: Dudunsparce\n|-damage|p1a: Dudunsparce|0 fnt\n|-unboost|p2a: Zangoose|def|1\n|-unboost|p2a: Zangoose|spd|1\n|faint|p1a: Dudunsparce\n|\n|-status|p2a: Zangoose|tox|[from] item: Toxic Orb\n|upkeep\n|\n|t:|1781459815\n|switch|p1a: Gardevoir|Gardevoir, L83, F|249/249\n|-ability|p1a: Gardevoir|Toxic Boost|Trace|[from] ability: Trace|[of] p2a: Zangoose\n|turn|20\n|\n|t:|1781459830\n|switch|p2a: Flygon|Flygon, L82, F|265/265\n|move|p1a: Gardevoir|Moonblast|p2a: Flygon\n|-supereffective|p2a: Flygon\n|-damage|p2a: Flygon|0 fnt\n|faint|p2a: Flygon\n|\n|upkeep\n|\n|t:|1781459832\n|switch|p2a: Zangoose|Zangoose, L85, F|263/263 tox\n|turn|21\n|\n|t:|1781459834\n|-terastallize|p2a: Zangoose|Normal\n|move|p1a: Gardevoir|Moonblast|p2a: Zangoose\n|-damage|p2a: Zangoose|119/263 tox\n|move|p2a: Zangoose|Facade|p1a: Gardevoir\n|-damage|p1a: Gardevoir|0 fnt\n|faint|p1a: Gardevoir\n|\n|-damage|p2a: Zangoose|103/263 tox|[from] psn\n|upkeep\n|\n|t:|1781459846\n|switch|p1a: Pikachu|Pikachu-Partner, L93, F|216/216\n|turn|22\n|\n|t:|1781459853\n|move|p2a: Zangoose|Quick Attack|p1a: Pikachu\n|-damage|p1a: Pikachu|52/216\n|move|p1a: Pikachu|Volt Tackle|p2a: Zangoose\n|-damage|p2a: Zangoose|0 fnt\n|faint|p2a: Zangoose\n|-damage|p1a: Pikachu|18/216|[from] Recoil\n|\n|win|Soul Gem\n", "uploadtime": 1781459486, "views": 5, "formatid": "gen9randombattle", "rating": null, "private": 0, "password": null}