{"id": "gen9randombattle-2631416634", "format": "[Gen 9] Random Battle", "players": ["KinglerCookie", "Casual dot exe"], "log": "|j|\u2606KinglerCookie\n|j|\u2606Casual dot exe\n|t:|1781382058\n|gametype|singles\n|player|p1|KinglerCookie|miku-ground|1740\n|player|p2|Casual dot exe|#wcor2024usnortheast|1735\n|gen|9\n|tier|[Gen 9] Random Battle\n|rated|\n|rule|Species Clause: Limit one of each Pok\u00e9mon\n|rule|HP Percentage Mod: HP is shown in percentages\n|rule|Sleep Clause Mod: Limit one foe put to sleep\n|rule|Illusion Level Mod: Illusion disguises the Pok\u00e9mon's true level\n|\n|t:|1781382058\n|teamsize|p1|6\n|teamsize|p2|6\n|start\n|switch|p1a: Oinkologne|Oinkologne-F, L92, F|361/361\n|switch|p2a: Solgaleo|Solgaleo, L74|325/325\n|turn|1\n|\n|t:|1781382064\n|switch|p2a: Mesprit|Mesprit, L85|275/275\n|move|p1a: Oinkologne|Curse|p1a: Oinkologne\n|-unboost|p1a: Oinkologne|spe|1\n|-boost|p1a: Oinkologne|atk|1\n|-boost|p1a: Oinkologne|def|1\n|\n|upkeep\n|turn|2\n|\n|t:|1781382069\n|switch|p1a: Grumpig|Grumpig, L92, F|297/297\n|move|p2a: Mesprit|Trick|p1a: Grumpig\n|-activate|p2a: Mesprit|move: Trick|[of] p1a: Grumpig\n|-item|p1a: Grumpig|Choice Scarf|[from] move: Trick\n|-item|p2a: Mesprit|Choice Scarf|[from] move: Trick\n|\n|upkeep\n|turn|3\n|\n|t:|1781382074\n|switch|p2a: Muk|Muk-Alola, L82, M|306/306\n|move|p1a: Grumpig|Shadow Ball|p2a: Muk\n|-resisted|p2a: Muk\n|-damage|p2a: Muk|287/306\n|\n|upkeep\n|turn|4\n|\n|t:|1781382078\n|switch|p1a: Arbok|Arbok, L87, F|246/246\n|-ability|p1a: Arbok|Intimidate|boost\n|-unboost|p2a: Muk|atk|1\n|move|p2a: Muk|Knock Off|p1a: Arbok\n|-damage|p1a: Arbok|167/246\n|-enditem|p1a: Arbok|Life Orb|[from] move: Knock Off|[of] p2a: Muk\n|\n|upkeep\n|turn|5\n|\n|t:|1781382082\n|switch|p2a: Mesprit|Mesprit, L85|275/275\n|move|p1a: Arbok|Glare|p2a: Mesprit\n|-status|p2a: Mesprit|par\n|\n|upkeep\n|turn|6\n|\n|t:|1781382087\n|move|p1a: Arbok|Knock Off|p2a: Mesprit\n|-supereffective|p2a: Mesprit\n|-damage|p2a: Mesprit|147/275 par\n|-enditem|p2a: Mesprit|Choice Scarf|[from] move: Knock Off|[of] p1a: Arbok\n|move|p2a: Mesprit|Trick||[still]\n|-fail|p2a: Mesprit\n|\n|upkeep\n|turn|7\n|-message|Casual dot exe forfeited.\n|\n|win|KinglerCookie\n|raw|KinglerCookie's rating: 1740 &rarr; <strong>1760</strong><br />(+20 for winning)\n|raw|Casual dot exe's rating: 1735 &rarr; <strong>1715</strong><br />(-20 for losing)\n|l|\u2606Casual dot exe\n|player|p2|\n", "uploadtime": 1781382094, "views": 9, "formatid": "gen9randombattle", "rating": 1715, "private": 0, "password": null}