{"id": "gen9randombattle-2631741268", "format": "[Gen 9] Random Battle", "players": ["jorn lande", "Chicken347"], "log": "|j|\u2606jorn lande\n|j|\u2606Chicken347\n|t:|1781432026\n|gametype|singles\n|player|p1|jorn lande|169|2027\n|player|p2|Chicken347|101|1992\n|gen|9\n|tier|[Gen 9] Random Battle\n|rated|\n|rule|Species Clause: Limit one of each Pok\u00e9mon\n|rule|HP Percentage Mod: HP is shown in percentages\n|rule|Sleep Clause Mod: Limit one foe put to sleep\n|rule|Illusion Level Mod: Illusion disguises the Pok\u00e9mon's true level\n|\n|t:|1781432026\n|teamsize|p1|6\n|teamsize|p2|6\n|start\n|switch|p1a: Rhydon|Rhydon, L85, M|317/317\n|switch|p2a: Basculin|Basculin-Blue-Striped, L86, F|261/261\n|turn|1\n|inactive|Battle timer is ON: inactive players will automatically lose when time's up. (requested by jorn lande)\n|\n|t:|1781432039\n|move|p2a: Basculin|Flip Turn|p1a: Rhydon\n|-supereffective|p1a: Rhydon\n|-damage|p1a: Rhydon|53/317\n|\n|t:|1781432050\n|switch|p2a: Duraludon|Duraludon, L82, F|249/249|[from] Flip Turn\n|move|p1a: Rhydon|Stone Edge|p2a: Duraludon\n|-resisted|p2a: Duraludon\n|-damage|p2a: Duraludon|209/249\n|\n|upkeep\n|turn|2\n|\n|t:|1781432058\n|move|p2a: Duraludon|Flash Cannon|p1a: Rhydon\n|-supereffective|p1a: Rhydon\n|-damage|p1a: Rhydon|0 fnt\n|faint|p1a: Rhydon\n|\n|upkeep\n|\n|t:|1781432069\n|switch|p1a: Flamigo|Flamigo, L82, F|269/269\n|turn|3\n|\n|t:|1781432079\n|switch|p2a: Mew|Mew, L82|298/298\n|move|p1a: Flamigo|Close Combat|p2a: Mew\n|-resisted|p2a: Mew\n|-damage|p2a: Mew|216/298\n|-unboost|p1a: Flamigo|def|1\n|-unboost|p1a: Flamigo|spd|1\n|-damage|p1a: Flamigo|243/269|[from] item: Life Orb\n|\n|upkeep\n|turn|4\n|\n|t:|1781432092\n|switch|p1a: Scyther|Scyther, L82, F|249/249\n|move|p2a: Mew|Swords Dance|p2a: Mew\n|-boost|p2a: Mew|atk|2\n|\n|upkeep\n|turn|5\n|\n|t:|1781432111\n|switch|p2a: Iron Moth|Iron Moth, L78|253/253\n|move|p1a: Scyther|Dual Wingbeat|p2a: Iron Moth|[miss]\n|-miss|p1a: Scyther|p2a: Iron Moth\n|\n|upkeep\n|turn|6\n|\n|t:|1781432121\n|switch|p1a: Piloswine|Piloswine, L85, M|309/309\n|move|p2a: Iron Moth|Toxic Spikes|p1a: Piloswine\n|-sidestart|p1: jorn lande|move: Toxic Spikes\n|\n|upkeep\n|turn|7\n|\n|t:|1781432130\n|move|p2a: Iron Moth|U-turn|p1a: Piloswine\n|-damage|p1a: Piloswine|285/309\n|\n|t:|1781432133\n|-end|p2a: Iron Moth|Quark Drive|[silent]\n|switch|p2a: Clawitzer|Clawitzer, L87, M|265/265|[from] U-turn\n|move|p1a: Piloswine|Stealth Rock|p2a: Clawitzer\n|-sidestart|p2: Chicken347|move: Stealth Rock\n|\n|upkeep\n|turn|8\n|\n|t:|1781432143\n|switch|p1a: Rabsca|Rabsca, L91, M|284/284\n|move|p2a: Clawitzer|Water Pulse|p1a: Rabsca\n|-damage|p1a: Rabsca|190/284\n|\n|upkeep\n|turn|9\n|-message|jorn lande forfeited.\n|\n|win|Chicken347\n", "uploadtime": 1781432028, "views": 6, "formatid": "gen9randombattle", "rating": null, "private": 0, "password": null}