{"id": "gen9randombattle-2631882329", "format": "[Gen 9] Random Battle", "players": ["elededeathnote", "ran_pokemon"], "log": "|j|\u2606elededeathnote\n|j|\u2606ran_pokemon\n|t:|1781451630\n|gametype|singles\n|player|p1|elededeathnote|266|1142\n|player|p2|ran_pokemon|caitlin|1165\n|gen|9\n|tier|[Gen 9] Random Battle\n|rated|\n|rule|Species Clause: Limit one of each Pok\u00e9mon\n|rule|HP Percentage Mod: HP is shown in percentages\n|rule|Sleep Clause Mod: Limit one foe put to sleep\n|rule|Illusion Level Mod: Illusion disguises the Pok\u00e9mon's true level\n|\n|t:|1781451630\n|teamsize|p1|6\n|teamsize|p2|6\n|start\n|switch|p1a: Honchkrow|Honchkrow, L86, F|312/312\n|switch|p2a: Vikavolt|Vikavolt, L83, F|263/263\n|turn|1\n|inactive|Battle timer is ON: inactive players will automatically lose when time's up. (requested by elededeathnote)\n|inactive|ran_pokemon has 120 seconds left.\n|\n|t:|1781451679\n|switch|p1a: Sandaconda|Sandaconda, L84, F|258/258\n|switch|p2a: Pyroar|Pyroar, L88, M|295/295\n|-ability|p2a: Pyroar|Unnerve\n|\n|upkeep\n|turn|2\n|\n|t:|1781451695\n|move|p2a: Pyroar|Will-O-Wisp|p1a: Sandaconda\n|-status|p1a: Sandaconda|brn\n|move|p1a: Sandaconda|Stone Edge|p2a: Pyroar\n|-supereffective|p2a: Pyroar\n|-crit|p2a: Pyroar\n|-damage|p2a: Pyroar|171/295\n|\n|-damage|p1a: Sandaconda|242/258 brn|[from] brn\n|upkeep\n|turn|3\n|\n|t:|1781451711\n|move|p2a: Pyroar|Taunt|p1a: Sandaconda\n|-start|p1a: Sandaconda|move: Taunt\n|cant|p1a: Sandaconda|move: Taunt|Stealth Rock\n|\n|-activate|p1a: Sandaconda|ability: Shed Skin\n|-curestatus|p1a: Sandaconda|brn|[msg]\n|-heal|p1a: Sandaconda|258/258|[from] item: Leftovers\n|upkeep\n|turn|4\n|\n|t:|1781451722\n|move|p2a: Pyroar|Will-O-Wisp|p1a: Sandaconda|[miss]\n|-miss|p2a: Pyroar|p1a: Sandaconda\n|move|p1a: Sandaconda|Stone Edge|p2a: Pyroar\n|-supereffective|p2a: Pyroar\n|-damage|p2a: Pyroar|11/295\n|\n|upkeep\n|turn|5\n|\n|t:|1781451731\n|move|p2a: Pyroar|Will-O-Wisp|p1a: Sandaconda\n|-status|p1a: Sandaconda|brn\n|move|p1a: Sandaconda|Stone Edge|p2a: Pyroar\n|-supereffective|p2a: Pyroar\n|-crit|p2a: Pyroar\n|-damage|p2a: Pyroar|0 fnt\n|faint|p2a: Pyroar\n|\n|-damage|p1a: Sandaconda|242/258 brn|[from] brn\n|-end|p1a: Sandaconda|move: Taunt\n|upkeep\n|\n|t:|1781451750\n|switch|p2a: Minun|Minun, L95, F|268/268\n|turn|6\n|\n|t:|1781451757\n|-terastallize|p2a: Minun|Grass\n|move|p2a: Minun|Nasty Plot|p2a: Minun\n|-boost|p2a: Minun|spa|2\n|move|p1a: Sandaconda|Stealth Rock|p2a: Minun\n|-sidestart|p2: ran_pokemon|move: Stealth Rock\n|\n|-heal|p1a: Sandaconda|258/258 brn|[from] item: Leftovers\n|-damage|p1a: Sandaconda|242/258 brn|[from] brn\n|upkeep\n|turn|7\n|\n|t:|1781451769\n|switch|p1a: Scizor|Scizor, L79, M|240/240\n|move|p2a: Minun|Alluring Voice|p1a: Scizor\n|-resisted|p1a: Scizor\n|-damage|p1a: Scizor|146/240\n|-damage|p2a: Minun|242/268|[from] item: Life Orb\n|\n|-heal|p1a: Scizor|161/240|[from] item: Leftovers\n|upkeep\n|turn|8\n|inactive|ran_pokemon has 120 seconds left.\n|\n|t:|1781451812\n|switch|p2a: Alcremie|Alcremie-Salted-Cream, L90, F|263/263\n|-damage|p2a: Alcremie|231/263|[from] Stealth Rock\n|move|p1a: Scizor|U-turn|p2a: Alcremie\n|-resisted|p2a: Alcremie\n|-damage|p2a: Alcremie|185/263\n|\n|t:|1781451831\n|switch|p1a: Medicham|Medicham, L86, F|243/243|[from] U-turn\n|\n|-heal|p2a: Alcremie|201/263|[from] item: Leftovers\n|upkeep\n|turn|9\n|\n|t:|1781451841\n|move|p1a: Medicham|Poison Jab|p2a: Alcremie\n|-supereffective|p2a: Alcremie\n|-damage|p2a: Alcremie|0 fnt\n|faint|p2a: Alcremie\n|\n|upkeep\n|inactive|ran_pokemon has 90 seconds left.\n|\n|t:|1781451862\n|switch|p2a: Gardevoir|Gardevoir, L83, F|249/249\n|-damage|p2a: Gardevoir|218/249|[from] Stealth Rock\n|-ability|p2a: Gardevoir|Pure Power|Trace|[from] ability: Trace|[of] p1a: Medicham\n|turn|10\n|\n|t:|1781451870\n|move|p2a: Gardevoir|Moonblast|p1a: Medicham\n|-supereffective|p1a: Medicham\n|-damage|p1a: Medicham|0 fnt\n|faint|p1a: Medicham\n|\n|upkeep\n|\n|t:|1781451874\n|switch|p1a: Scizor|Scizor, L79, M|161/240\n|turn|11\n|\n|t:|1781451886\n|switch|p2a: Vikavolt|Vikavolt, L83, F|263/263\n|move|p1a: Scizor|Bullet Punch|p2a: Vikavolt\n|-resisted|p2a: Vikavolt\n|-damage|p2a: Vikavolt|226/263\n|\n|-heal|p1a: Scizor|176/240|[from] item: Leftovers\n|upkeep\n|turn|12\n|\n|t:|1781451896\n|switch|p1a: Sandaconda|Sandaconda, L84, F|242/258 brn\n|move|p2a: Vikavolt|Sticky Web|p1a: Sandaconda\n|-sidestart|p1: elededeathnote|move: Sticky Web\n|\n|-heal|p1a: Sandaconda|258/258 brn|[from] item: Leftovers\n|-damage|p1a: Sandaconda|242/258 brn|[from] brn\n|upkeep\n|turn|13\n|\n|t:|1781451905\n|move|p1a: Sandaconda|Rest|p1a: Sandaconda\n|-status|p1a: Sandaconda|slp|[from] move: Rest\n|-heal|p1a: Sandaconda|258/258 slp|[silent]\n|move|p2a: Vikavolt|Energy Ball|p1a: Sandaconda\n|-supereffective|p1a: Sandaconda\n|-damage|p1a: Sandaconda|36/258 slp\n|\n|-heal|p1a: Sandaconda|52/258 slp|[from] item: Leftovers\n|upkeep\n|turn|14\n|\n|t:|1781451932\n|cant|p1a: Sandaconda|slp\n|move|p2a: Vikavolt|Energy Ball|p1a: Sandaconda\n|-supereffective|p1a: Sandaconda\n|-damage|p1a: Sandaconda|0 fnt\n|faint|p1a: Sandaconda\n|\n|upkeep\n|\n|t:|1781451942\n|switch|p1a: Scizor|Scizor, L79, M|176/240\n|-activate|p1a: Scizor|move: Sticky Web\n|-unboost|p1a: Scizor|spe|1\n|turn|15\n|\n|t:|1781451960\n|move|p2a: Vikavolt|Thunderbolt|p1a: Scizor\n|-damage|p1a: Scizor|38/240\n|move|p1a: Scizor|Knock Off|p2a: Vikavolt\n|-damage|p2a: Vikavolt|153/263\n|-enditem|p2a: Vikavolt|Heavy-Duty Boots|[from] move: Knock Off|[of] p1a: Scizor\n|\n|-heal|p1a: Scizor|53/240|[from] item: Leftovers\n|upkeep\n|turn|16\n|\n|t:|1781451969\n|switch|p1a: Great Tusk|Great Tusk, L77|304/304\n|-activate|p1a: Great Tusk|move: Sticky Web\n|-unboost|p1a: Great Tusk|spe|1\n|move|p2a: Vikavolt|Thunderbolt|p1a: Great Tusk\n|-immune|p1a: Great Tusk\n|\n|upkeep\n|turn|17\n|\n|t:|1781451980\n|move|p2a: Vikavolt|Energy Ball|p1a: Great Tusk\n|-supereffective|p1a: Great Tusk\n|-damage|p1a: Great Tusk|54/304\n|move|p1a: Great Tusk|Stone Edge|p2a: Vikavolt|[miss]\n|-miss|p1a: Great Tusk|p2a: Vikavolt\n|\n|-heal|p1a: Great Tusk|73/304|[from] item: Leftovers\n|upkeep\n|turn|18\n|\n|t:|1781451987\n|move|p1a: Great Tusk|Stone Edge|p2a: Vikavolt|[miss]\n|-miss|p1a: Great Tusk|p2a: Vikavolt\n|move|p2a: Vikavolt|Energy Ball|p1a: Great Tusk\n|-supereffective|p1a: Great Tusk\n|-damage|p1a: Great Tusk|0 fnt\n|faint|p1a: Great Tusk\n|-end|p1a: Great Tusk|Protosynthesis|[silent]\n|\n|upkeep\n|\n|t:|1781451992\n|switch|p1a: Honchkrow|Honchkrow, L86, F|312/312\n|turn|19\n|\n|t:|1781452004\n|move|p1a: Honchkrow|Heat Wave|p2a: Vikavolt|[miss]\n|-miss|p1a: Honchkrow|p2a: Vikavolt\n|move|p2a: Vikavolt|Thunderbolt|p1a: Honchkrow\n|-supereffective|p1a: Honchkrow\n|-damage|p1a: Honchkrow|0 fnt\n|faint|p1a: Honchkrow\n|\n|upkeep\n|\n|t:|1781452009\n|switch|p1a: Slowbro|Slowbro, L85, M|300/300\n|-activate|p1a: Slowbro|move: Sticky Web\n|-unboost|p1a: Slowbro|spe|1\n|turn|20\n|inactive|ran_pokemon has 120 seconds left.\n|\n|t:|1781452025\n|move|p2a: Vikavolt|Bug Buzz|p1a: Slowbro\n|-supereffective|p1a: Slowbro\n|-damage|p1a: Slowbro|46/300\n|move|p1a: Slowbro|Scald|p2a: Vikavolt\n|-damage|p2a: Vikavolt|57/263\n|\n|-heal|p1a: Slowbro|64/300|[from] item: Leftovers\n|upkeep\n|turn|21\n|\n|t:|1781452033\n|move|p2a: Vikavolt|Energy Ball|p1a: Slowbro\n|-supereffective|p1a: Slowbro\n|-damage|p1a: Slowbro|0 fnt\n|faint|p1a: Slowbro\n|\n|upkeep\n|\n|t:|1781452036\n|switch|p1a: Scizor|Scizor, L79, M|53/240\n|-activate|p1a: Scizor|move: Sticky Web\n|-unboost|p1a: Scizor|spe|1\n|turn|22\n|\n|t:|1781452044\n|move|p1a: Scizor|Bullet Punch|p2a: Vikavolt\n|-resisted|p2a: Vikavolt\n|-damage|p2a: Vikavolt|22/263\n|move|p2a: Vikavolt|Thunderbolt|p1a: Scizor\n|-damage|p1a: Scizor|0 fnt\n|faint|p1a: Scizor\n|\n|win|ran_pokemon\n|raw|elededeathnote's rating: 1142 &rarr; <strong>1119</strong><br />(-23 for losing)\n|raw|ran_pokemon's rating: 1165 &rarr; <strong>1188</strong><br />(+23 for winning)\n|l|\u2606elededeathnote\n|player|p1|\n", "uploadtime": 1781452052, "views": 11, "formatid": "gen9randombattle", "rating": 1119, "private": 0, "password": null}