{"id": "gen9randombattle-2631411520", "format": "[Gen 9] Random Battle", "players": ["A_stuff", "b'syd"], "log": "|j|\u2606A_stuff\n|j|\u2606b'syd\n|t:|1781381438\n|gametype|singles\n|player|p1|A_stuff|lucas|1102\n|player|p2|b'syd|170|1079\n|gen|9\n|tier|[Gen 9] Random Battle\n|rated|\n|rule|Species Clause: Limit one of each Pok\u00e9mon\n|rule|HP Percentage Mod: HP is shown in percentages\n|rule|Sleep Clause Mod: Limit one foe put to sleep\n|rule|Illusion Level Mod: Illusion disguises the Pok\u00e9mon's true level\n|\n|t:|1781381438\n|teamsize|p1|6\n|teamsize|p2|6\n|start\n|switch|p1a: Appletun|Appletun, L92, F|352/352\n|switch|p2a: Granbull|Granbull, L88, F|302/302\n|-ability|p2a: Granbull|Intimidate|boost\n|-unboost|p1a: Appletun|atk|1\n|turn|1\n|inactive|Battle timer is ON: inactive players will automatically lose when time's up. (requested by A_stuff)\n|inactive|A_stuff has 120 seconds left.\n|\n|t:|1781381478\n|switch|p1a: Gengar|Gengar, L81, M|230/230\n|move|p2a: Granbull|Thunder Wave|p1a: Gengar\n|-status|p1a: Gengar|par\n|\n|upkeep\n|turn|2\n|\n|t:|1781381491\n|cant|p1a: Gengar|par\n|move|p2a: Granbull|Roar|p1a: Gengar\n|drag|p1a: Ampharos|Ampharos, L88, F|302/302\n|\n|upkeep\n|turn|3\n|\n|t:|1781381503\n|move|p1a: Ampharos|Volt Switch|p2a: Granbull\n|-crit|p2a: Granbull\n|-damage|p2a: Granbull|127/302\n|\n|t:|1781381509\n|switch|p1a: Gengar|Gengar, L81, M|230/230 par|[from] Volt Switch\n|move|p2a: Granbull|Earthquake|p1a: Gengar\n|-supereffective|p1a: Gengar\n|-damage|p1a: Gengar|0 fnt\n|faint|p1a: Gengar\n|\n|-heal|p2a: Granbull|145/302|[from] item: Leftovers\n|upkeep\n|\n|t:|1781381520\n|switch|p1a: Bombirdier|Bombirdier, L85, F|258/258\n|turn|4\n|\n|t:|1781381534\n|switch|p2a: Azelf|Azelf, L82|257/257\n|move|p1a: Bombirdier|Brave Bird|p2a: Azelf\n|-damage|p2a: Azelf|79/257\n|-damage|p1a: Bombirdier|199/258|[from] Recoil\n|\n|upkeep\n|turn|5\n|\n|t:|1781381547\n|move|p2a: Azelf|Explosion|p1a: Bombirdier\n|-damage|p1a: Bombirdier|0 fnt\n|faint|p2a: Azelf\n|faint|p1a: Bombirdier\n|\n|upkeep\n|\n|t:|1781381555\n|switch|p2a: Vespiquen|Vespiquen, L99, F|299/299\n|switch|p1a: Appletun|Appletun, L92, F|352/352\n|-ability|p2a: Vespiquen|Pressure\n|turn|6\n|\n|t:|1781381566\n|switch|p1a: Weavile|Weavile, L79, F|240/240\n|move|p2a: Vespiquen|Toxic Spikes|p1a: Weavile\n|-sidestart|p1: A_stuff|move: Toxic Spikes\n|\n|upkeep\n|turn|7\n|\n|t:|1781381579\n|move|p1a: Weavile|Swords Dance|p1a: Weavile\n|-boost|p1a: Weavile|atk|2\n|move|p2a: Vespiquen|U-turn|p1a: Weavile\n|-supereffective|p1a: Weavile\n|-damage|p1a: Weavile|0 fnt\n|faint|p1a: Weavile\n|\n|t:|1781381588\n|switch|p2a: Grimmsnarl|Grimmsnarl, L83, M|293/293|[from] U-turn\n|\n|upkeep\n|\n|t:|1781381591\n|switch|p1a: Toxtricity|Toxtricity, L82, F|257/257\n|-sideend|p1: A_stuff|move: Toxic Spikes|[of] p1a: Toxtricity\n|turn|8\n|\n|t:|1781381598\n|move|p1a: Toxtricity|Gunk Shot|p2a: Grimmsnarl|[miss]\n|-miss|p1a: Toxtricity|p2a: Grimmsnarl\n|move|p2a: Grimmsnarl|Spirit Break|p1a: Toxtricity\n|-resisted|p1a: Toxtricity\n|-damage|p1a: Toxtricity|204/257\n|-unboost|p1a: Toxtricity|spa|1\n|\n|upkeep\n|turn|9\n|\n|t:|1781381611\n|move|p2a: Grimmsnarl|Parting Shot|p1a: Toxtricity\n|-unboost|p1a: Toxtricity|atk|1\n|-unboost|p1a: Toxtricity|spa|1\n|\n|t:|1781381618\n|switch|p2a: Scizor|Scizor, L79, F|240/240|[from] Parting Shot\n|move|p1a: Toxtricity|Gunk Shot|p2a: Scizor\n|-immune|p2a: Scizor\n|\n|upkeep\n|turn|10\n|\n|t:|1781381628\n|switch|p1a: Ampharos|Ampharos, L88, F|302/302\n|move|p2a: Scizor|Close Combat|p1a: Ampharos\n|-damage|p1a: Ampharos|169/302\n|-unboost|p2a: Scizor|def|1\n|-unboost|p2a: Scizor|spd|1\n|\n|upkeep\n|turn|11\n|\n|t:|1781381639\n|move|p2a: Scizor|Close Combat|p1a: Ampharos\n|-damage|p1a: Ampharos|34/302\n|-unboost|p2a: Scizor|def|1\n|-unboost|p2a: Scizor|spd|1\n|move|p1a: Ampharos|Focus Blast|p2a: Scizor\n|-damage|p2a: Scizor|0 fnt\n|faint|p2a: Scizor\n|\n|upkeep\n|\n|t:|1781381651\n|switch|p2a: Granbull|Granbull, L88, F|145/302\n|-ability|p2a: Granbull|Intimidate|boost\n|-unboost|p1a: Ampharos|atk|1\n|turn|12\n|\n|t:|1781381661\n|move|p1a: Ampharos|Thunderbolt|p2a: Granbull\n|-damage|p2a: Granbull|0 fnt\n|faint|p2a: Granbull\n|\n|upkeep\n|\n|t:|1781381668\n|switch|p2a: Grimmsnarl|Grimmsnarl, L83, M|293/293\n|turn|13\n|\n|t:|1781381672\n|move|p2a: Grimmsnarl|Parting Shot|p1a: Ampharos\n|-unboost|p1a: Ampharos|atk|1\n|-unboost|p1a: Ampharos|spa|1\n|\n|t:|1781381676\n|switch|p2a: Iron Leaves|Iron Leaves, L80|275/275|[from] Parting Shot\n|move|p1a: Ampharos|Dazzling Gleam|p2a: Iron Leaves\n|-damage|p2a: Iron Leaves|232/275\n|\n|upkeep\n|turn|14\n|\n|t:|1781381687\n|move|p2a: Iron Leaves|Leaf Blade|p1a: Ampharos\n|-crit|p1a: Ampharos\n|-damage|p1a: Ampharos|0 fnt\n|-status|p2a: Iron Leaves|par|[from] ability: Static|[of] p1a: Ampharos\n|faint|p1a: Ampharos\n|\n|upkeep\n|\n|t:|1781381693\n|switch|p1a: Toxtricity|Toxtricity, L82, F|204/257\n|turn|15\n|\n|t:|1781381697\n|move|p1a: Toxtricity|Gunk Shot|p2a: Iron Leaves\n|-supereffective|p2a: Iron Leaves\n|-damage|p2a: Iron Leaves|0 fnt\n|faint|p2a: Iron Leaves\n|-end|p2a: Iron Leaves|Quark Drive|[silent]\n|\n|upkeep\n|\n|t:|1781381705\n|switch|p2a: Vespiquen|Vespiquen, L99, F|299/299\n|-ability|p2a: Vespiquen|Pressure\n|turn|16\n|\n|t:|1781381713\n|move|p1a: Toxtricity|Overdrive|p2a: Vespiquen\n|-supereffective|p2a: Vespiquen\n|-damage|p2a: Vespiquen|125/299\n|-enditem|p1a: Toxtricity|Throat Spray\n|-boost|p1a: Toxtricity|spa|1|[from] item: Throat Spray\n|move|p2a: Vespiquen|U-turn|p1a: Toxtricity\n|-resisted|p1a: Toxtricity\n|-damage|p1a: Toxtricity|147/257\n|\n|t:|1781381722\n|switch|p2a: Grimmsnarl|Grimmsnarl, L83, M|293/293|[from] U-turn\n|\n|upkeep\n|turn|17\n|\n|t:|1781381728\n|move|p1a: Toxtricity|Overdrive|p2a: Grimmsnarl\n|-damage|p2a: Grimmsnarl|92/293\n|move|p2a: Grimmsnarl|Spirit Break|p1a: Toxtricity\n|-resisted|p1a: Toxtricity\n|-damage|p1a: Toxtricity|91/257\n|-unboost|p1a: Toxtricity|spa|1\n|\n|upkeep\n|turn|18\n|\n|t:|1781381739\n|move|p2a: Grimmsnarl|Parting Shot|p1a: Toxtricity\n|-unboost|p1a: Toxtricity|atk|1\n|-unboost|p1a: Toxtricity|spa|1\n|\n|t:|1781381742\n|switch|p2a: Vespiquen|Vespiquen, L99, F|125/299|[from] Parting Shot\n|-ability|p2a: Vespiquen|Pressure\n|move|p1a: Toxtricity|Overdrive|p2a: Vespiquen\n|-supereffective|p2a: Vespiquen\n|-damage|p2a: Vespiquen|5/299\n|\n|upkeep\n|turn|19\n|\n|t:|1781381754\n|move|p1a: Toxtricity|Overdrive|p2a: Vespiquen\n|-supereffective|p2a: Vespiquen\n|-damage|p2a: Vespiquen|0 fnt\n|faint|p2a: Vespiquen\n|\n|upkeep\n|\n|t:|1781381760\n|switch|p2a: Grimmsnarl|Grimmsnarl, L83, M|92/293\n|turn|20\n|\n|t:|1781381765\n|move|p1a: Toxtricity|Overdrive|p2a: Grimmsnarl\n|-damage|p2a: Grimmsnarl|5/293\n|move|p2a: Grimmsnarl|Spirit Break|p1a: Toxtricity\n|-resisted|p1a: Toxtricity\n|-damage|p1a: Toxtricity|34/257\n|-unboost|p1a: Toxtricity|spa|1\n|\n|upkeep\n|turn|21\n|\n|t:|1781381775\n|move|p2a: Grimmsnarl|Parting Shot|p1a: Toxtricity\n|-unboost|p1a: Toxtricity|atk|1\n|-unboost|p1a: Toxtricity|spa|1\n|move|p1a: Toxtricity|Overdrive|p2a: Grimmsnarl\n|-damage|p2a: Grimmsnarl|0 fnt\n|faint|p2a: Grimmsnarl\n|\n|win|A_stuff\n|raw|A_stuff's rating: 1102 &rarr; <strong>1125</strong><br />(+23 for winning)\n|raw|b&apos;syd's rating: 1079 &rarr; <strong>1059</strong><br />(-20 for losing)\n|c|\u2606A_stuff|gg\n", "uploadtime": 1781381783, "views": 9, "formatid": "gen9randombattle", "rating": 1059, "private": 0, "password": null}