{"id": "gen9randombattle-2631727534", "format": "[Gen 9] Random Battle", "players": ["pajeetscrub", "KissingToads"], "log": "|j|\u2606pajeetscrub\n|j|\u2606KissingToads\n|t:|1781429548\n|gametype|singles\n|player|p1|pajeetscrub|flannery|1453\n|player|p2|KissingToads|miku-ghost|1479\n|gen|9\n|tier|[Gen 9] Random Battle\n|rated|\n|rule|Species Clause: Limit one of each Pok\u00e9mon\n|rule|HP Percentage Mod: HP is shown in percentages\n|rule|Sleep Clause Mod: Limit one foe put to sleep\n|rule|Illusion Level Mod: Illusion disguises the Pok\u00e9mon's true level\n|\n|t:|1781429548\n|teamsize|p1|6\n|teamsize|p2|6\n|start\n|switch|p1a: Mudsdale|Mudsdale, L83, M|302/302\n|switch|p2a: Stonjourner|Stonjourner, L91, F|330/330\n|turn|1\n|\n|t:|1781429569\n|move|p2a: Stonjourner|Earthquake|p1a: Mudsdale\n|-damage|p1a: Mudsdale|190/302\n|-ability|p1a: Mudsdale|Stamina|boost\n|-boost|p1a: Mudsdale|def|1\n|-damage|p2a: Stonjourner|297/330|[from] item: Life Orb\n|move|p1a: Mudsdale|Earthquake|p2a: Stonjourner\n|-supereffective|p2a: Stonjourner\n|-damage|p2a: Stonjourner|117/330\n|\n|-heal|p1a: Mudsdale|208/302|[from] item: Leftovers\n|upkeep\n|turn|2\n|inactive|Battle timer is ON: inactive players will automatically lose when time's up. (requested by pajeetscrub)\n|\n|t:|1781429581\n|move|p2a: Stonjourner|Earthquake|p1a: Mudsdale\n|-damage|p1a: Mudsdale|120/302\n|-ability|p1a: Mudsdale|Stamina|boost\n|-boost|p1a: Mudsdale|def|1\n|-damage|p2a: Stonjourner|84/330|[from] item: Life Orb\n|move|p1a: Mudsdale|Earthquake|p2a: Stonjourner\n|-supereffective|p2a: Stonjourner\n|-damage|p2a: Stonjourner|0 fnt\n|faint|p2a: Stonjourner\n|\n|-heal|p1a: Mudsdale|138/302|[from] item: Leftovers\n|upkeep\n|\n|t:|1781429592\n|switch|p2a: Tatsugiri|Tatsugiri, L87, M|260/260\n|turn|3\n|\n|t:|1781429606\n|switch|p1a: Meganium|Meganium, L90, M|290/290\n|move|p2a: Tatsugiri|Nasty Plot|p2a: Tatsugiri\n|-boost|p2a: Tatsugiri|spa|2\n|\n|upkeep\n|turn|4\n|\n|t:|1781429620\n|move|p1a: Meganium|Synthesis|p1a: Meganium\n|-fail|p1a: Meganium|heal\n|move|p2a: Tatsugiri|Draco Meteor|p1a: Meganium\n|-damage|p1a: Meganium|16/290\n|-unboost|p2a: Tatsugiri|spa|2\n|\n|-heal|p1a: Meganium|34/290|[from] item: Leftovers\n|upkeep\n|turn|5\n|\n|t:|1781429627\n|move|p1a: Meganium|Synthesis|p1a: Meganium\n|-heal|p1a: Meganium|179/290\n|move|p2a: Tatsugiri|Draco Meteor|p1a: Meganium\n|-damage|p1a: Meganium|20/290\n|-unboost|p2a: Tatsugiri|spa|2\n|\n|-heal|p1a: Meganium|38/290|[from] item: Leftovers\n|upkeep\n|turn|6\n|\n|t:|1781429640\n|switch|p2a: Gholdengo|Gholdengo, L77|261/261\n|move|p1a: Meganium|Synthesis|p1a: Meganium\n|-heal|p1a: Meganium|183/290\n|\n|-heal|p1a: Meganium|201/290|[from] item: Leftovers\n|upkeep\n|turn|7\n|\n|t:|1781429651\n|switch|p1a: Mudsdale|Mudsdale, L83, M|138/302\n|move|p2a: Gholdengo|Shadow Ball|p1a: Mudsdale\n|-damage|p1a: Mudsdale|35/302\n|-ability|p1a: Mudsdale|Stamina|boost\n|-boost|p1a: Mudsdale|def|1\n|\n|-heal|p1a: Mudsdale|53/302|[from] item: Leftovers\n|upkeep\n|turn|8\n|\n|t:|1781429659\n|move|p2a: Gholdengo|Shadow Ball|p1a: Mudsdale\n|-damage|p1a: Mudsdale|0 fnt\n|faint|p1a: Mudsdale\n|\n|upkeep\n|\n|t:|1781429663\n|switch|p1a: Pyroar|Pyroar, L88, F|295/295\n|-ability|p1a: Pyroar|Unnerve\n|turn|9\n|\n|t:|1781429672\n|switch|p2a: Florges|Florges-Orange, L85, F|271/271\n|move|p1a: Pyroar|Dark Pulse|p2a: Florges\n|-resisted|p2a: Florges\n|-crit|p2a: Florges\n|-damage|p2a: Florges|237/271\n|\n|-heal|p2a: Florges|253/271|[from] item: Leftovers\n|upkeep\n|turn|10\n|\n|t:|1781429683\n|move|p1a: Pyroar|Will-O-Wisp|p2a: Florges\n|-status|p2a: Florges|brn\n|move|p2a: Florges|Calm Mind|p2a: Florges\n|-boost|p2a: Florges|spa|1\n|-boost|p2a: Florges|spd|1\n|\n|-heal|p2a: Florges|269/271 brn|[from] item: Leftovers\n|-damage|p2a: Florges|253/271 brn|[from] brn\n|upkeep\n|turn|11\n|\n|t:|1781429691\n|switch|p1a: Cinderace|Cinderace, L77, M|249/249\n|move|p2a: Florges|Calm Mind|p2a: Florges\n|-boost|p2a: Florges|spa|1\n|-boost|p2a: Florges|spd|1\n|\n|-heal|p2a: Florges|269/271 brn|[from] item: Leftovers\n|-damage|p2a: Florges|253/271 brn|[from] brn\n|upkeep\n|turn|12\n|\n|t:|1781429710\n|-terastallize|p2a: Florges|Ground\n|move|p1a: Cinderace|Pyro Ball|p2a: Florges\n|-damage|p2a: Florges|106/271 brn\n|move|p2a: Florges|Tera Blast|p1a: Cinderace|[anim] Tera Blast Ground\n|-supereffective|p1a: Cinderace\n|-damage|p1a: Cinderace|0 fnt\n|faint|p1a: Cinderace\n|\n|-heal|p2a: Florges|122/271 brn|[from] item: Leftovers\n|-damage|p2a: Florges|106/271 brn|[from] brn\n|upkeep\n|\n|t:|1781429721\n|switch|p1a: Meganium|Meganium, L90, M|201/290\n|turn|13\n|\n|t:|1781429728\n|move|p1a: Meganium|Energy Ball|p2a: Florges\n|-supereffective|p2a: Florges\n|-damage|p2a: Florges|38/271 brn\n|move|p2a: Florges|Moonblast|p1a: Meganium\n|-damage|p1a: Meganium|0 fnt\n|faint|p1a: Meganium\n|\n|-heal|p2a: Florges|54/271 brn|[from] item: Leftovers\n|-damage|p2a: Florges|38/271 brn|[from] brn\n|upkeep\n|\n|t:|1781429739\n|switch|p1a: Flapple|Flapple, L88, M|266/266\n|turn|14\n|\n|t:|1781429753\n|-terastallize|p1a: Flapple|Fire\n|move|p2a: Florges|Tera Blast|p1a: Flapple|[anim] Tera Blast Ground\n|-supereffective|p1a: Flapple\n|-damage|p1a: Flapple|0 fnt\n|faint|p1a: Flapple\n|\n|-heal|p2a: Florges|54/271 brn|[from] item: Leftovers\n|-damage|p2a: Florges|38/271 brn|[from] brn\n|upkeep\n|-message|pajeetscrub forfeited.\n|\n|win|KissingToads\n|raw|pajeetscrub's rating: 1453 &rarr; <strong>1434</strong><br />(-19 for losing)\n|raw|KissingToads's rating: 1479 &rarr; <strong>1498</strong><br />(+19 for winning)\n|l|\u2606pajeetscrub\n|player|p1|\n", "uploadtime": 1781429765, "views": 6, "formatid": "gen9randombattle", "rating": 1434, "private": 0, "password": null}