{"id": "gen9randombattle-2631746899", "format": "[Gen 9] Random Battle", "players": ["AzurOrange", "DaMoistAvocado"], "log": "|j|\u2606AzurOrange\n|j|\u2606DaMoistAvocado\n|t:|1781433005\n|gametype|singles\n|player|p1|AzurOrange|1|1961\n|player|p2|DaMoistAvocado|steven|2017\n|gen|9\n|tier|[Gen 9] Random Battle\n|rated|\n|rule|Species Clause: Limit one of each Pok\u00e9mon\n|rule|HP Percentage Mod: HP is shown in percentages\n|rule|Sleep Clause Mod: Limit one foe put to sleep\n|rule|Illusion Level Mod: Illusion disguises the Pok\u00e9mon's true level\n|\n|t:|1781433005\n|teamsize|p1|6\n|teamsize|p2|6\n|start\n|switch|p1a: Uxie|Uxie, L83|260/260\n|switch|p2a: Scrafty|Scrafty, L83, F|244/244\n|-ability|p2a: Scrafty|Intimidate|boost\n|-unboost|p1a: Uxie|atk|1\n|turn|1\n|\n|t:|1781433037\n|move|p1a: Uxie|Stealth Rock|p2a: Scrafty\n|-sidestart|p2: DaMoistAvocado|move: Stealth Rock\n|move|p2a: Scrafty|Dragon Dance|p2a: Scrafty\n|-boost|p2a: Scrafty|atk|1\n|-boost|p2a: Scrafty|spe|1\n|\n|upkeep\n|turn|2\n|\n|t:|1781433044\n|move|p2a: Scrafty|Knock Off|p1a: Uxie\n|-supereffective|p1a: Uxie\n|-damage|p1a: Uxie|48/260\n|-enditem|p1a: Uxie|Leftovers|[from] move: Knock Off|[of] p2a: Scrafty\n|move|p1a: Uxie|Yawn|p2a: Scrafty\n|-start|p2a: Scrafty|move: Yawn|[of] p1a: Uxie\n|\n|upkeep\n|turn|3\n|\n|t:|1781433066\n|move|p2a: Scrafty|Knock Off|p1a: Uxie\n|-supereffective|p1a: Uxie\n|-damage|p1a: Uxie|0 fnt\n|faint|p1a: Uxie\n|\n|-end|p2a: Scrafty|move: Yawn|[silent]\n|-status|p2a: Scrafty|slp\n|upkeep\n|\n|t:|1781433089\n|switch|p1a: Tsareena|Tsareena, L87, F|267/267\n|turn|4\n|\n|t:|1781433101\n|cant|p2a: Scrafty|slp\n|move|p1a: Tsareena|High Jump Kick|p2a: Scrafty\n|-supereffective|p2a: Scrafty\n|-crit|p2a: Scrafty\n|-damage|p2a: Scrafty|0 fnt\n|faint|p2a: Scrafty\n|-damage|p1a: Tsareena|241/267|[from] item: Life Orb\n|\n|upkeep\n|\n|t:|1781433117\n|switch|p2a: Volcarona|Volcarona, L77, M|257/257\n|turn|5\n|\n|t:|1781433131\n|switch|p1a: Kingdra|Kingdra, L84, F|263/263\n|move|p2a: Volcarona|Quiver Dance|p2a: Volcarona\n|-boost|p2a: Volcarona|spa|1\n|-boost|p2a: Volcarona|spd|1\n|-boost|p2a: Volcarona|spe|1\n|\n|upkeep\n|turn|6\n|\n|t:|1781433157\n|move|p2a: Volcarona|Bug Buzz|p1a: Kingdra\n|-damage|p1a: Kingdra|113/263\n|move|p1a: Kingdra|Rain Dance|p1a: Kingdra\n|-weather|RainDance\n|\n|-weather|RainDance|[upkeep]\n|upkeep\n|turn|7\n|\n|t:|1781433171\n|switch|p2a: Granbull|Granbull, L88, M|302/302\n|-damage|p2a: Granbull|265/302|[from] Stealth Rock\n|-ability|p2a: Granbull|Intimidate|boost\n|-unboost|p1a: Kingdra|atk|1\n|move|p1a: Kingdra|Wave Crash|p2a: Granbull\n|-damage|p2a: Granbull|84/302\n|-damage|p1a: Kingdra|53/263|[from] Recoil\n|-damage|p1a: Kingdra|27/263|[from] item: Life Orb\n|\n|-weather|RainDance|[upkeep]\n|-heal|p2a: Granbull|102/302|[from] item: Leftovers\n|upkeep\n|turn|8\n|\n|t:|1781433188\n|move|p1a: Kingdra|Wave Crash|p2a: Granbull\n|-damage|p2a: Granbull|0 fnt\n|faint|p2a: Granbull\n|-damage|p1a: Kingdra|0 fnt|[from] Recoil\n|faint|p1a: Kingdra\n|\n|-weather|RainDance|[upkeep]\n|upkeep\n|\n|t:|1781433212\n|switch|p1a: Regieleki|Regieleki, L79|256/256\n|switch|p2a: Kleavor|Kleavor, L78, M|237/237\n|turn|9\n|\n|t:|1781433228\n|move|p1a: Regieleki|Volt Switch|p2a: Kleavor\n|-damage|p2a: Kleavor|108/237\n|\n|t:|1781433232\n|switch|p1a: Iron Crown|Iron Crown, L78|268/268|[from] Volt Switch\n|move|p2a: Kleavor|Stone Axe|p1a: Iron Crown\n|-resisted|p1a: Iron Crown\n|-damage|p1a: Iron Crown|216/268\n|-sidestart|p1: AzurOrange|move: Stealth Rock\n|\n|-weather|RainDance|[upkeep]\n|upkeep\n|turn|10\n|\n|t:|1781433244\n|switch|p2a: Gurdurr|Gurdurr, L85, F|283/283\n|-damage|p2a: Gurdurr|266/283|[from] Stealth Rock\n|move|p1a: Iron Crown|Psyshock|p2a: Gurdurr\n|-supereffective|p2a: Gurdurr\n|-damage|p2a: Gurdurr|74/283\n|\n|-weather|none\n|upkeep\n|turn|11\n|\n|t:|1781433284\n|move|p1a: Iron Crown|Psyshock|p2a: Gurdurr\n|-supereffective|p2a: Gurdurr\n|-damage|p2a: Gurdurr|0 fnt\n|faint|p2a: Gurdurr\n|\n|upkeep\n|\n|t:|1781433328\n|switch|p2a: Volcarona|Volcarona, L77, M|257/257\n|turn|12\n|\n|t:|1781433338\n|move|p2a: Volcarona|Fire Blast|p1a: Iron Crown\n|-supereffective|p1a: Iron Crown\n|-damage|p1a: Iron Crown|0 fnt\n|faint|p1a: Iron Crown\n|-end|p1a: Iron Crown|Quark Drive|[silent]\n|\n|upkeep\n|\n|t:|1781433342\n|switch|p1a: Regieleki|Regieleki, L79|256/256\n|-damage|p1a: Regieleki|224/256|[from] Stealth Rock\n|turn|13\n|\n|t:|1781433362\n|switch|p2a: Vigoroth|Vigoroth, L85, F|275/275\n|-damage|p2a: Vigoroth|241/275|[from] Stealth Rock\n|-terastallize|p1a: Regieleki|Electric\n|move|p1a: Regieleki|Thunderbolt|p2a: Vigoroth\n|-damage|p2a: Vigoroth|73/275\n|\n|upkeep\n|turn|14\n|\n|t:|1781433370\n|-terastallize|p2a: Vigoroth|Ground\n|move|p1a: Regieleki|Thunderbolt|p2a: Vigoroth\n|-immune|p2a: Vigoroth\n|move|p2a: Vigoroth|Earthquake|p1a: Regieleki\n|-supereffective|p1a: Regieleki\n|-damage|p1a: Regieleki|0 fnt\n|faint|p1a: Regieleki\n|\n|upkeep\n|\n|t:|1781433379\n|switch|p1a: Rillaboom|Rillaboom, L79, M|288/288\n|-damage|p1a: Rillaboom|252/288|[from] Stealth Rock\n|-fieldstart|move: Grassy Terrain|[from] ability: Grassy Surge|[of] p1a: Rillaboom\n|turn|15\n|\n|t:|1781433384\n|move|p2a: Vigoroth|Body Slam|p1a: Rillaboom\n|-damage|p1a: Rillaboom|173/288\n|move|p1a: Rillaboom|Knock Off|p2a: Vigoroth\n|-damage|p2a: Vigoroth|0 fnt\n|-enditem|p2a: Vigoroth|Eviolite|[from] move: Knock Off|[of] p1a: Rillaboom\n|faint|p2a: Vigoroth\n|\n|-heal|p1a: Rillaboom|191/288|[from] Grassy Terrain\n|upkeep\n|\n|t:|1781433387\n|switch|p2a: Volcarona|Volcarona, L77, M|257/257\n|turn|16\n|\n|t:|1781433398\n|move|p2a: Volcarona|Fire Blast|p1a: Rillaboom|[miss]\n|-miss|p2a: Volcarona|p1a: Rillaboom\n|move|p1a: Rillaboom|Knock Off|p2a: Volcarona\n|-damage|p2a: Volcarona|110/257\n|-enditem|p2a: Volcarona|Heavy-Duty Boots|[from] move: Knock Off|[of] p1a: Rillaboom\n|\n|-heal|p2a: Volcarona|126/257|[from] Grassy Terrain\n|-heal|p1a: Rillaboom|209/288|[from] Grassy Terrain\n|upkeep\n|turn|17\n|\n|t:|1781433405\n|move|p2a: Volcarona|Fire Blast|p1a: Rillaboom\n|-supereffective|p1a: Rillaboom\n|-damage|p1a: Rillaboom|0 fnt\n|faint|p1a: Rillaboom\n|\n|-heal|p2a: Volcarona|142/257|[from] Grassy Terrain\n|upkeep\n|\n|t:|1781433408\n|switch|p1a: Tsareena|Tsareena, L87, F|241/267\n|-damage|p1a: Tsareena|208/267|[from] Stealth Rock\n|turn|18\n|\n|t:|1781433421\n|move|p2a: Volcarona|Fire Blast|p1a: Tsareena\n|-supereffective|p1a: Tsareena\n|-damage|p1a: Tsareena|0 fnt\n|faint|p1a: Tsareena\n|\n|win|DaMoistAvocado\n", "uploadtime": 1781433007, "views": 5, "formatid": "gen9randombattle", "rating": null, "private": 0, "password": null}