{"id": "gen9randombattle-2631435825", "format": "[Gen 9] Random Battle", "players": ["biscuit_craquant", "Goalie3001"], "log": "|j|\u2606biscuit_craquant\n|j|\u2606Goalie3001\n|t:|1781384384\n|gametype|singles\n|player|p1|biscuit_craquant|blaine|1193\n|player|p2|Goalie3001|cyrus|1224\n|gen|9\n|tier|[Gen 9] Random Battle\n|rated|\n|rule|Species Clause: Limit one of each Pok\u00e9mon\n|rule|HP Percentage Mod: HP is shown in percentages\n|rule|Sleep Clause Mod: Limit one foe put to sleep\n|rule|Illusion Level Mod: Illusion disguises the Pok\u00e9mon's true level\n|\n|t:|1781384384\n|teamsize|p1|6\n|teamsize|p2|6\n|start\n|switch|p1a: Electivire|Electivire, L84, M|263/263\n|switch|p2a: Raging Bolt|Raging Bolt, L78|323/323\n|turn|1\n|\n|t:|1781384396\n|move|p1a: Electivire|Bulk Up|p1a: Electivire\n|-boost|p1a: Electivire|atk|1\n|-boost|p1a: Electivire|def|1\n|move|p2a: Raging Bolt|Draco Meteor|p1a: Electivire\n|-damage|p1a: Electivire|112/263\n|-unboost|p2a: Raging Bolt|spa|2\n|\n|upkeep\n|turn|2\n|\n|t:|1781384427\n|-end|p2a: Raging Bolt|Protosynthesis|[silent]\n|switch|p2a: Maushold|Maushold-Four, L76|238/238\n|move|p1a: Electivire|Ice Punch|p2a: Maushold\n|-damage|p2a: Maushold|66/238\n|-damage|p1a: Electivire|86/263|[from] item: Life Orb\n|\n|upkeep\n|turn|3\n|\n|t:|1781384463\n|switch|p1a: Regigigas|Regigigas, L84|322/322\n|-start|p1a: Regigigas|ability: Slow Start\n|move|p2a: Maushold|Population Bomb|p1a: Regigigas\n|-damage|p1a: Regigigas|301/322\n|-damage|p1a: Regigigas|279/322\n|-damage|p1a: Regigigas|257/322\n|-damage|p1a: Regigigas|238/322\n|-damage|p1a: Regigigas|217/322\n|-damage|p1a: Regigigas|195/322\n|-damage|p1a: Regigigas|174/322\n|-damage|p1a: Regigigas|155/322\n|-damage|p1a: Regigigas|134/322\n|-damage|p1a: Regigigas|115/322\n|-hitcount|p1a: Regigigas|10\n|\n|-heal|p1a: Regigigas|135/322|[from] item: Leftovers\n|upkeep\n|turn|4\n|\n|t:|1781384489\n|move|p1a: Regigigas|Protect|p1a: Regigigas\n|-singleturn|p1a: Regigigas|Protect\n|move|p2a: Maushold|Population Bomb|p1a: Regigigas\n|-activate|p1a: Regigigas|move: Protect\n|\n|-heal|p1a: Regigigas|155/322|[from] item: Leftovers\n|upkeep\n|turn|5\n|\n|t:|1781384505\n|-terastallize|p1a: Regigigas|Ghost\n|move|p2a: Maushold|Population Bomb|p1a: Regigigas\n|-immune|p1a: Regigigas\n|move|p1a: Regigigas|Knock Off|p2a: Maushold\n|-damage|p2a: Maushold|0 fnt\n|-enditem|p2a: Maushold|Wide Lens|[from] move: Knock Off|[of] p1a: Regigigas\n|faint|p2a: Maushold\n|\n|-heal|p1a: Regigigas|175/322|[from] item: Leftovers\n|upkeep\n|\n|t:|1781384522\n|switch|p2a: Oricorio|Oricorio-Pom-Pom, L82, F|257/257\n|turn|6\n|\n|t:|1781384534\n|move|p1a: Regigigas|Protect|p1a: Regigigas\n|-singleturn|p1a: Regigigas|Protect\n|move|p2a: Oricorio|Quiver Dance|p2a: Oricorio\n|-boost|p2a: Oricorio|spa|1\n|-boost|p2a: Oricorio|spd|1\n|-boost|p2a: Oricorio|spe|1\n|\n|-heal|p1a: Regigigas|195/322|[from] item: Leftovers\n|upkeep\n|turn|7\n|\n|t:|1781384547\n|move|p2a: Oricorio|Revelation Dance|p1a: Regigigas\n|-damage|p1a: Regigigas|77/322\n|move|p1a: Regigigas|Body Slam|p2a: Oricorio\n|-damage|p2a: Oricorio|167/257\n|\n|-heal|p1a: Regigigas|97/322|[from] item: Leftovers\n|upkeep\n|turn|8\n|\n|t:|1781384558\n|move|p1a: Regigigas|Protect|p1a: Regigigas\n|-singleturn|p1a: Regigigas|Protect\n|move|p2a: Oricorio|Quiver Dance|p2a: Oricorio\n|-boost|p2a: Oricorio|spa|1\n|-boost|p2a: Oricorio|spd|1\n|-boost|p2a: Oricorio|spe|1\n|\n|-heal|p1a: Regigigas|117/322|[from] item: Leftovers\n|-end|p1a: Regigigas|Slow Start\n|upkeep\n|turn|9\n|\n|t:|1781384578\n|move|p1a: Regigigas|Protect|p1a: Regigigas\n|-singleturn|p1a: Regigigas|Protect\n|move|p2a: Oricorio|Revelation Dance|p1a: Regigigas\n|-activate|p1a: Regigigas|move: Protect\n|\n|-heal|p1a: Regigigas|137/322|[from] item: Leftovers\n|upkeep\n|turn|10\n|\n|t:|1781384588\n|move|p2a: Oricorio|Revelation Dance|p1a: Regigigas\n|-damage|p1a: Regigigas|0 fnt\n|faint|p1a: Regigigas\n|-end|p1a: Regigigas|Slow Start|[silent]\n|\n|upkeep\n|\n|t:|1781384599\n|switch|p1a: Heatran|Heatran, L79, M|273/273\n|-item|p1a: Heatran|Air Balloon\n|turn|11\n|\n|t:|1781384609\n|move|p2a: Oricorio|Revelation Dance|p1a: Heatran\n|-damage|p1a: Heatran|99/273\n|-enditem|p1a: Heatran|Air Balloon\n|move|p1a: Heatran|Stealth Rock|p2a: Oricorio\n|-sidestart|p2: Goalie3001|move: Stealth Rock\n|\n|upkeep\n|turn|12\n|\n|t:|1781384623\n|move|p2a: Oricorio|Roost|p2a: Oricorio\n|-heal|p2a: Oricorio|257/257\n|-singleturn|p2a: Oricorio|move: Roost\n|move|p1a: Heatran|Lava Plume|p2a: Oricorio\n|-damage|p2a: Oricorio|199/257\n|-status|p2a: Oricorio|brn\n|\n|-damage|p2a: Oricorio|183/257 brn|[from] brn\n|upkeep\n|turn|13\n|\n|t:|1781384637\n|move|p2a: Oricorio|Revelation Dance|p1a: Heatran\n|-damage|p1a: Heatran|0 fnt\n|faint|p1a: Heatran\n|\n|-damage|p2a: Oricorio|167/257 brn|[from] brn\n|upkeep\n|\n|t:|1781384648\n|switch|p1a: Toedscruel|Toedscruel, L87, F|281/281\n|turn|14\n|\n|t:|1781384663\n|move|p2a: Oricorio|Hurricane|p1a: Toedscruel\n|-supereffective|p1a: Toedscruel\n|-damage|p1a: Toedscruel|59/281\n|move|p1a: Toedscruel|Knock Off|p2a: Oricorio\n|-damage|p2a: Oricorio|96/257 brn\n|-enditem|p2a: Oricorio|Heavy-Duty Boots|[from] move: Knock Off|[of] p1a: Toedscruel\n|\n|-damage|p2a: Oricorio|80/257 brn|[from] brn\n|upkeep\n|turn|15\n|\n|t:|1781384675\n|switch|p1a: Iron Crown|Iron Crown, L78|268/268\n|move|p2a: Oricorio|Hurricane|p1a: Iron Crown\n|-resisted|p1a: Iron Crown\n|-damage|p1a: Iron Crown|164/268\n|-start|p1a: Iron Crown|confusion\n|\n|-damage|p2a: Oricorio|64/257 brn|[from] brn\n|upkeep\n|turn|16\n|\n|t:|1781384686\n|move|p2a: Oricorio|Roost|p2a: Oricorio\n|-heal|p2a: Oricorio|193/257 brn\n|-singleturn|p2a: Oricorio|move: Roost\n|-activate|p1a: Iron Crown|confusion\n|move|p1a: Iron Crown|Psyshock|p2a: Oricorio\n|-damage|p2a: Oricorio|19/257 brn\n|\n|-damage|p2a: Oricorio|3/257 brn|[from] brn\n|upkeep\n|turn|17\n|\n|t:|1781384696\n|move|p2a: Oricorio|Revelation Dance|p1a: Iron Crown\n|-damage|p1a: Iron Crown|0 fnt\n|faint|p1a: Iron Crown\n|-end|p1a: Iron Crown|Quark Drive|[silent]\n|\n|-damage|p2a: Oricorio|0 fnt|[from] brn\n|faint|p2a: Oricorio\n|upkeep\n|\n|t:|1781384717\n|switch|p2a: Raging Bolt|Raging Bolt, L78|323/323\n|switch|p1a: Electivire|Electivire, L84, M|86/263\n|-damage|p2a: Raging Bolt|283/323|[from] Stealth Rock\n|turn|18\n|\n|t:|1781384731\n|move|p1a: Electivire|Ice Punch|p2a: Raging Bolt\n|-supereffective|p2a: Raging Bolt\n|-damage|p2a: Raging Bolt|96/323\n|-damage|p1a: Electivire|60/263|[from] item: Life Orb\n|move|p2a: Raging Bolt|Draco Meteor|p1a: Electivire\n|-damage|p1a: Electivire|0 fnt\n|-unboost|p2a: Raging Bolt|spa|2\n|faint|p1a: Electivire\n|\n|upkeep\n|\n|t:|1781384740\n|switch|p1a: Toedscruel|Toedscruel, L87, F|59/281\n|turn|19\n|\n|t:|1781384749\n|move|p1a: Toedscruel|Earth Power|p2a: Raging Bolt\n|-supereffective|p2a: Raging Bolt\n|-damage|p2a: Raging Bolt|0 fnt\n|faint|p2a: Raging Bolt\n|-end|p2a: Raging Bolt|Protosynthesis|[silent]\n|\n|upkeep\n|\n|t:|1781384762\n|switch|p2a: Crawdaunt|Crawdaunt, L84, F|243/243\n|-damage|p2a: Crawdaunt|213/243|[from] Stealth Rock\n|turn|20\n|\n|t:|1781384768\n|move|p2a: Crawdaunt|Aqua Jet|p1a: Toedscruel\n|-damage|p1a: Toedscruel|0 fnt\n|faint|p1a: Toedscruel\n|\n|upkeep\n|\n|t:|1781384772\n|switch|p1a: Lilligant|Lilligant-Hisui, L79, F|240/240\n|turn|21\n|\n|t:|1781384782\n|move|p2a: Crawdaunt|Aqua Jet|p1a: Lilligant\n|-resisted|p1a: Lilligant\n|-damage|p1a: Lilligant|178/240\n|move|p1a: Lilligant|Sleep Powder|p2a: Crawdaunt\n|-status|p2a: Crawdaunt|slp|[from] move: Sleep Powder\n|\n|upkeep\n|turn|22\n|\n|t:|1781384796\n|switch|p2a: Espathra|Espathra, L80, F|283/283\n|-damage|p2a: Espathra|248/283|[from] Stealth Rock\n|move|p1a: Lilligant|Victory Dance|p1a: Lilligant\n|-boost|p1a: Lilligant|atk|1\n|-boost|p1a: Lilligant|def|1\n|-boost|p1a: Lilligant|spe|1\n|\n|upkeep\n|turn|23\n|\n|t:|1781384808\n|move|p1a: Lilligant|Leaf Blade|p2a: Espathra\n|-damage|p2a: Espathra|0 fnt\n|faint|p2a: Espathra\n|\n|upkeep\n|\n|t:|1781384813\n|switch|p2a: Inteleon|Inteleon, L81, F|246/246\n|-damage|p2a: Inteleon|216/246|[from] Stealth Rock\n|turn|24\n|\n|t:|1781384823\n|move|p1a: Lilligant|Leaf Blade|p2a: Inteleon\n|-supereffective|p2a: Inteleon\n|-damage|p2a: Inteleon|0 fnt\n|faint|p2a: Inteleon\n|\n|upkeep\n|\n|t:|1781384829\n|switch|p2a: Crawdaunt|Crawdaunt, L84, F|213/243 slp\n|-damage|p2a: Crawdaunt|183/243 slp|[from] Stealth Rock\n|turn|25\n|\n|t:|1781384845\n|-terastallize|p2a: Crawdaunt|Fighting\n|move|p1a: Lilligant|Leaf Blade|p2a: Crawdaunt\n|-damage|p2a: Crawdaunt|0 fnt\n|faint|p2a: Crawdaunt\n|\n|win|biscuit_craquant\n|raw|biscuit_craquant's rating: 1193 &rarr; <strong>1220</strong><br />(+27 for winning)\n|raw|Goalie3001's rating: 1224 &rarr; <strong>1197</strong><br />(-27 for losing)\n|l|\u2606Goalie3001\n|player|p2|\n", "uploadtime": 1781384863, "views": 7, "formatid": "gen9randombattle", "rating": 1197, "private": 0, "password": null}