{"id": "gen9randombattle-2631456850", "format": "[Gen 9] Random Battle", "players": ["josevergas14", "WeldZmen"], "log": "|j|\u2606josevergas14\n|j|\u2606WeldZmen\n|t:|1781386965\n|gametype|singles\n|player|p1|josevergas14|102|1000\n|player|p2|WeldZmen|170|1040\n|gen|9\n|tier|[Gen 9] Random Battle\n|rated|\n|rule|Species Clause: Limit one of each Pok\u00e9mon\n|rule|HP Percentage Mod: HP is shown in percentages\n|rule|Sleep Clause Mod: Limit one foe put to sleep\n|rule|Illusion Level Mod: Illusion disguises the Pok\u00e9mon's true level\n|\n|t:|1781386965\n|teamsize|p1|6\n|teamsize|p2|6\n|start\n|switch|p1a: Iron Boulder|Iron Boulder, L77|265/265\n|switch|p2a: Samurott|Samurott-Hisui, L77, F|265/265\n|turn|1\n|inactive|Battle timer is ON: inactive players will automatically lose when time's up. (requested by WeldZmen)\n|\n|t:|1781386985\n|-terastallize|p1a: Iron Boulder|Fighting\n|move|p1a: Iron Boulder|Swords Dance|p1a: Iron Boulder\n|-boost|p1a: Iron Boulder|atk|2\n|move|p2a: Samurott|Swords Dance|p2a: Samurott\n|-boost|p2a: Samurott|atk|2\n|\n|upkeep\n|turn|2\n|\n|t:|1781386994\n|switch|p2a: Armarouge|Armarouge, L80, M|267/267\n|move|p1a: Iron Boulder|Close Combat|p2a: Armarouge\n|-resisted|p2a: Armarouge\n|-damage|p2a: Armarouge|108/267\n|-unboost|p1a: Iron Boulder|def|1\n|-unboost|p1a: Iron Boulder|spd|1\n|-ability|p2a: Armarouge|Weak Armor|boost\n|-unboost|p2a: Armarouge|def|1\n|-boost|p2a: Armarouge|spe|2\n|-damage|p1a: Iron Boulder|239/265|[from] item: Life Orb\n|\n|upkeep\n|turn|3\n|\n|t:|1781387009\n|move|p2a: Armarouge|Psyshock|p1a: Iron Boulder\n|-supereffective|p1a: Iron Boulder\n|-damage|p1a: Iron Boulder|0 fnt\n|faint|p1a: Iron Boulder\n|-end|p1a: Iron Boulder|Quark Drive|[silent]\n|\n|upkeep\n|\n|t:|1781387018\n|switch|p1a: Crawdaunt|Crawdaunt, L84, M|243/243\n|turn|4\n|\n|t:|1781387024\n|switch|p2a: Samurott|Samurott-Hisui, L77, F|265/265\n|move|p1a: Crawdaunt|Dragon Dance|p1a: Crawdaunt\n|-boost|p1a: Crawdaunt|atk|1\n|-boost|p1a: Crawdaunt|spe|1\n|\n|upkeep\n|turn|5\n|\n|t:|1781387034\n|move|p1a: Crawdaunt|Knock Off|p2a: Samurott\n|-resisted|p2a: Samurott\n|-damage|p2a: Samurott|66/265\n|-enditem|p2a: Samurott|Life Orb|[from] move: Knock Off|[of] p1a: Crawdaunt\n|-damage|p1a: Crawdaunt|219/243|[from] item: Life Orb\n|move|p2a: Samurott|Ceaseless Edge|p1a: Crawdaunt\n|-resisted|p1a: Crawdaunt\n|-damage|p1a: Crawdaunt|171/243\n|-sidestart|p1: josevergas14|Spikes\n|\n|upkeep\n|turn|6\n|\n|t:|1781387043\n|move|p1a: Crawdaunt|Knock Off|p2a: Samurott\n|-resisted|p2a: Samurott\n|-damage|p2a: Samurott|0 fnt\n|faint|p2a: Samurott\n|-damage|p1a: Crawdaunt|147/243|[from] item: Life Orb\n|\n|upkeep\n|\n|t:|1781387046\n|switch|p2a: Morpeko|Morpeko, L88, M|245/245\n|turn|7\n|\n|t:|1781387057\n|move|p2a: Morpeko|Aura Wheel|p1a: Crawdaunt\n|-supereffective|p1a: Crawdaunt\n|-damage|p1a: Crawdaunt|0 fnt\n|-boost|p2a: Morpeko|spe|1\n|faint|p1a: Crawdaunt\n|\n|-formechange|p2a: Morpeko|Morpeko-Hangry||[from] ability: Hunger Switch\n|upkeep\n|\n|t:|1781387072\n|switch|p1a: Coalossal|Coalossal, L89, M|341/341\n|turn|8\n|\n|t:|1781387080\n|move|p2a: Morpeko|Aura Wheel|p1a: Coalossal\n|-damage|p1a: Coalossal|247/341\n|-boost|p2a: Morpeko|spe|1\n|move|p1a: Coalossal|Stealth Rock|p2a: Morpeko\n|-sidestart|p2: WeldZmen|move: Stealth Rock\n|\n|-formechange|p2a: Morpeko|Morpeko||[from] ability: Hunger Switch\n|upkeep\n|turn|9\n|\n|t:|1781387093\n|move|p2a: Morpeko|Rapid Spin|p1a: Coalossal\n|-resisted|p1a: Coalossal\n|-damage|p1a: Coalossal|234/341\n|-boost|p2a: Morpeko|spe|1\n|-status|p2a: Morpeko|brn|[from] ability: Flame Body|[of] p1a: Coalossal\n|-sideend|p2: WeldZmen|Stealth Rock|[from] move: Rapid Spin|[of] p2a: Morpeko\n|move|p1a: Coalossal|Overheat|p2a: Morpeko\n|-damage|p2a: Morpeko|88/245 brn\n|-unboost|p1a: Coalossal|spa|2\n|\n|-damage|p2a: Morpeko|73/245 brn|[from] brn\n|-formechange|p2a: Morpeko|Morpeko-Hangry||[from] ability: Hunger Switch\n|upkeep\n|turn|10\n|\n|t:|1781387106\n|move|p2a: Morpeko|Parting Shot|p1a: Coalossal\n|-unboost|p1a: Coalossal|atk|1\n|-unboost|p1a: Coalossal|spa|1\n|\n|t:|1781387115\n|switch|p2a: Slaking|Slaking, L84, M|389/389|[from] Parting Shot\n|move|p1a: Coalossal|Rapid Spin|p2a: Slaking\n|-damage|p2a: Slaking|366/389\n|-boost|p1a: Coalossal|spe|1\n|-sideend|p1: josevergas14|Spikes|[from] move: Rapid Spin|[of] p1a: Coalossal\n|\n|upkeep\n|turn|11\n|\n|t:|1781387129\n|move|p2a: Slaking|Earthquake|p1a: Coalossal\n|-supereffective|p1a: Coalossal\n|-damage|p1a: Coalossal|0 fnt\n|faint|p1a: Coalossal\n|\n|upkeep\n|\n|t:|1781387136\n|switch|p1a: Heracross|Heracross, L80, M|259/259\n|turn|12\n|\n|t:|1781387147\n|switch|p2a: Armarouge|Armarouge, L80, M|108/267\n|move|p1a: Heracross|Knock Off|p2a: Armarouge\n|-supereffective|p2a: Armarouge\n|-damage|p2a: Armarouge|0 fnt\n|-enditem|p2a: Armarouge|Choice Specs|[from] move: Knock Off|[of] p1a: Heracross\n|faint|p2a: Armarouge\n|-ability|p1a: Heracross|Moxie|boost\n|-boost|p1a: Heracross|atk|1\n|\n|upkeep\n|\n|t:|1781387155\n|switch|p2a: Slaking|Slaking, L84, M|366/389\n|turn|13\n|\n|t:|1781387164\n|switch|p1a: Magearna|Magearna, L77|250/250\n|move|p2a: Slaking|Giga Impact|p1a: Magearna\n|-resisted|p1a: Magearna\n|-damage|p1a: Magearna|102/250\n|-mustrecharge|p2a: Slaking\n|\n|upkeep\n|turn|14\n|\n|t:|1781387174\n|cant|p2a: Slaking|recharge\n|move|p1a: Magearna|Fleur Cannon|p2a: Slaking\n|-damage|p2a: Slaking|197/389\n|-unboost|p1a: Magearna|spa|2\n|\n|upkeep\n|turn|15\n|\n|t:|1781387183\n|move|p2a: Slaking|Giga Impact|p1a: Magearna\n|-resisted|p1a: Magearna\n|-damage|p1a: Magearna|0 fnt\n|-mustrecharge|p2a: Slaking\n|faint|p1a: Magearna\n|\n|upkeep\n|\n|t:|1781387188\n|switch|p1a: Heracross|Heracross, L80, M|259/259\n|turn|16\n|\n|t:|1781387192\n|move|p1a: Heracross|Close Combat|p2a: Slaking\n|-supereffective|p2a: Slaking\n|-damage|p2a: Slaking|0 fnt\n|-unboost|p1a: Heracross|def|1\n|-unboost|p1a: Heracross|spd|1\n|faint|p2a: Slaking\n|-ability|p1a: Heracross|Moxie|boost\n|-boost|p1a: Heracross|atk|1\n|\n|upkeep\n|\n|t:|1781387198\n|switch|p2a: Chimecho|Chimecho, L93, M|290/290\n|turn|17\n|\n|t:|1781387203\n|switch|p1a: Regice|Regice, L88|284/284\n|move|p2a: Chimecho|Thunder Wave|p1a: Regice\n|-status|p1a: Regice|par\n|\n|upkeep\n|turn|18\n|\n|t:|1781387213\n|switch|p2a: Morpeko|Morpeko, L88, M|73/245 brn\n|cant|p1a: Regice|par\n|\n|-damage|p2a: Morpeko|58/245 brn|[from] brn\n|-formechange|p2a: Morpeko|Morpeko-Hangry||[from] ability: Hunger Switch\n|upkeep\n|turn|19\n|\n|t:|1781387223\n|move|p2a: Morpeko|Aura Wheel|p1a: Regice\n|-damage|p1a: Regice|227/284 par\n|-boost|p2a: Morpeko|spe|1\n|cant|p1a: Regice|par\n|\n|-damage|p2a: Morpeko|43/245 brn|[from] brn\n|-formechange|p2a: Morpeko|Morpeko||[from] ability: Hunger Switch\n|upkeep\n|turn|20\n|\n|t:|1781387233\n|move|p2a: Morpeko|Aura Wheel|p1a: Regice\n|-damage|p1a: Regice|173/284 par\n|-boost|p2a: Morpeko|spe|1\n|cant|p1a: Regice|par\n|\n|-damage|p2a: Morpeko|28/245 brn|[from] brn\n|-formechange|p2a: Morpeko|Morpeko-Hangry||[from] ability: Hunger Switch\n|upkeep\n|turn|21\n|\n|t:|1781387243\n|move|p2a: Morpeko|Parting Shot|p1a: Regice\n|-fail|p1a: Regice|unboost|[from] ability: Clear Body|[of] p1a: Regice\n|move|p1a: Regice|Ice Beam|p2a: Morpeko\n|-damage|p2a: Morpeko|0 fnt\n|faint|p2a: Morpeko\n|\n|upkeep\n|\n|t:|1781387247\n|switch|p2a: Kingdra|Kingdra, L84, M|263/263\n|turn|22\n|\n|t:|1781387257\n|move|p2a: Kingdra|Dragon Dance|p2a: Kingdra\n|-boost|p2a: Kingdra|atk|1\n|-boost|p2a: Kingdra|spe|1\n|cant|p1a: Regice|par\n|\n|upkeep\n|turn|23\n|\n|t:|1781387264\n|move|p2a: Kingdra|Dragon Dance|p2a: Kingdra\n|-boost|p2a: Kingdra|atk|1\n|-boost|p2a: Kingdra|spe|1\n|cant|p1a: Regice|par\n|\n|upkeep\n|turn|24\n|\n|t:|1781387270\n|move|p2a: Kingdra|Dragon Dance|p2a: Kingdra\n|-boost|p2a: Kingdra|atk|1\n|-boost|p2a: Kingdra|spe|1\n|move|p1a: Regice|Ice Beam|p2a: Kingdra\n|-damage|p2a: Kingdra|169/263\n|\n|upkeep\n|turn|25\n|\n|t:|1781387279\n|move|p2a: Kingdra|Iron Head|p1a: Regice\n|-supereffective|p1a: Regice\n|-damage|p1a: Regice|0 fnt\n|faint|p1a: Regice\n|\n|upkeep\n|\n|t:|1781387284\n|switch|p1a: Heracross|Heracross, L80, M|259/259\n|turn|26\n|\n|t:|1781387294\n|move|p2a: Kingdra|Wave Crash|p1a: Heracross\n|-damage|p1a: Heracross|0 fnt\n|faint|p1a: Heracross\n|-damage|p2a: Kingdra|84/263|[from] Recoil\n|\n|win|WeldZmen\n|raw|josevergas14's rating: 1000 &rarr; <strong>1000</strong><br />(+0 for losing)\n|raw|WeldZmen's rating: 1040 &rarr; <strong>1070</strong><br />(+30 for winning)\n|l|\u2606josevergas14\n|player|p1|\n", "uploadtime": 1781387299, "views": 4, "formatid": "gen9randombattle", "rating": 1000, "private": 0, "password": null}