{"id": "gen9randombattle-2631682831", "format": "[Gen 9] Random Battle", "players": ["datdiduoi", "ndkyi6ejy"], "log": "|j|\u2606datdiduoi\n|j|\u2606ndkyi6ejy\n|t:|1781420968\n|gametype|singles\n|player|p1|datdiduoi|170|1509\n|player|p2|ndkyi6ejy|2|1546\n|gen|9\n|tier|[Gen 9] Random Battle\n|rated|\n|rule|Species Clause: Limit one of each Pok\u00e9mon\n|rule|HP Percentage Mod: HP is shown in percentages\n|rule|Sleep Clause Mod: Limit one foe put to sleep\n|rule|Illusion Level Mod: Illusion disguises the Pok\u00e9mon's true level\n|\n|t:|1781420968\n|teamsize|p1|6\n|teamsize|p2|6\n|start\n|switch|p1a: Wigglytuff|Wigglytuff, L96, M|424/424\n|switch|p2a: Skeledirge|Skeledirge, L79, M|294/294\n|turn|1\n|inactive|Battle timer is ON: inactive players will automatically lose when time's up. (requested by ndkyi6ejy)\n|\n|t:|1781420992\n|switch|p2a: Flareon|Flareon, L90, M|263/263\n|switch|p1a: Clawitzer|Clawitzer, L87, F|265/265\n|\n|-status|p2a: Flareon|tox|[from] item: Toxic Orb\n|upkeep\n|turn|2\n|\n|t:|1781420997\n|move|p2a: Flareon|Facade|p1a: Clawitzer\n|-crit|p1a: Clawitzer\n|-damage|p1a: Clawitzer|0 fnt\n|faint|p1a: Clawitzer\n|\n|-damage|p2a: Flareon|247/263 tox|[from] psn\n|upkeep\n|\n|t:|1781421020\n|switch|p1a: Zebstrika|Zebstrika, L87, F|272/272\n|turn|3\n|\n|t:|1781421034\n|switch|p2a: Greedent|Greedent, L86, F|347/347\n|move|p1a: Zebstrika|High Horsepower|p2a: Greedent\n|-damage|p2a: Greedent|266/347\n|-damage|p1a: Zebstrika|245/272|[from] item: Life Orb\n|\n|upkeep\n|turn|4\n|\n|t:|1781421052\n|move|p1a: Zebstrika|Volt Switch|p2a: Greedent\n|-damage|p2a: Greedent|176/347\n|-damage|p1a: Zebstrika|218/272|[from] item: Life Orb\n|\n|t:|1781421060\n|switch|p1a: Wigglytuff|Wigglytuff, L96, M|424/424|[from] Volt Switch\n|move|p2a: Greedent|Swords Dance|p2a: Greedent\n|-boost|p2a: Greedent|atk|2\n|\n|upkeep\n|turn|5\n|\n|t:|1781421065\n|move|p1a: Wigglytuff|Wish|p1a: Wigglytuff\n|move|p2a: Greedent|Body Slam|p1a: Wigglytuff\n|-damage|p1a: Wigglytuff|145/424\n|\n|-heal|p1a: Wigglytuff|171/424|[from] item: Leftovers\n|upkeep\n|turn|6\n|c|\u2606ndkyi6ejy|booom! boom boom boom boom boom boom boom boom boom boom boom boom boom boom boom boom boom boom boom boom boom boom boom boom boom boom boom boom boom boom boom boom boom boom\n|\n|t:|1781421073\n|move|p1a: Wigglytuff|Protect|p1a: Wigglytuff\n|-singleturn|p1a: Wigglytuff|Protect\n|move|p2a: Greedent|Body Slam|p1a: Wigglytuff\n|-activate|p1a: Wigglytuff|move: Protect\n|\n|-heal|p1a: Wigglytuff|383/424|[from] move: Wish|[wisher] Wigglytuff\n|-heal|p1a: Wigglytuff|409/424|[from] item: Leftovers\n|upkeep\n|turn|7\n|\n|t:|1781421077\n|move|p1a: Wigglytuff|Wish|p1a: Wigglytuff\n|move|p2a: Greedent|Body Slam|p1a: Wigglytuff\n|-damage|p1a: Wigglytuff|133/424\n|\n|-heal|p1a: Wigglytuff|159/424|[from] item: Leftovers\n|upkeep\n|turn|8\n|\n|t:|1781421088\n|move|p1a: Wigglytuff|Protect|p1a: Wigglytuff\n|-singleturn|p1a: Wigglytuff|Protect\n|move|p2a: Greedent|Swords Dance|p2a: Greedent\n|-boost|p2a: Greedent|atk|2\n|\n|-heal|p1a: Wigglytuff|371/424|[from] move: Wish|[wisher] Wigglytuff\n|-heal|p1a: Wigglytuff|397/424|[from] item: Leftovers\n|upkeep\n|turn|9\n|\n|t:|1781421095\n|move|p1a: Wigglytuff|Dazzling Gleam|p2a: Greedent\n|-crit|p2a: Greedent\n|-damage|p2a: Greedent|14/347\n|-enditem|p2a: Greedent|Sitrus Berry|[eat]\n|-heal|p2a: Greedent|100/347|[from] item: Sitrus Berry\n|-heal|p2a: Greedent|215/347|[from] ability: Cheek Pouch\n|move|p2a: Greedent|Body Slam|p1a: Wigglytuff\n|-damage|p1a: Wigglytuff|0 fnt\n|faint|p1a: Wigglytuff\n|\n|upkeep\n|\n|t:|1781421098\n|switch|p1a: Deoxys|Deoxys-Speed, L82|216/216\n|-ability|p1a: Deoxys|Pressure\n|turn|10\n|\n|t:|1781421103\n|move|p1a: Deoxys|Focus Blast|p2a: Greedent\n|-supereffective|p2a: Greedent\n|-damage|p2a: Greedent|0 fnt\n|faint|p2a: Greedent\n|-damage|p1a: Deoxys|195/216|[from] item: Life Orb\n|\n|upkeep\n|\n|t:|1781421111\n|switch|p2a: Lycanroc|Lycanroc-Dusk, L81, F|254/254\n|turn|11\n|\n|t:|1781421129\n|move|p2a: Lycanroc|Accelerock|p1a: Deoxys\n|-damage|p1a: Deoxys|111/216\n|move|p1a: Deoxys|Focus Blast|p2a: Lycanroc|[miss]\n|-miss|p1a: Deoxys|p2a: Lycanroc\n|\n|upkeep\n|turn|12\n|c|\u2606ndkyi6ejy|focus mid\n|\n|t:|1781421138\n|move|p2a: Lycanroc|Accelerock|p1a: Deoxys\n|-crit|p1a: Deoxys\n|-damage|p1a: Deoxys|0 fnt\n|faint|p1a: Deoxys\n|\n|upkeep\n|\n|t:|1781421151\n|switch|p1a: Cinccino|Cinccino, L83, F|260/260\n|turn|13\n|\n|t:|1781421157\n|switch|p2a: Beartic|Beartic, L91, M|321/321\n|move|p1a: Cinccino|Bullet Seed|p2a: Beartic\n|-damage|p2a: Beartic|295/321\n|-damage|p2a: Beartic|268/321\n|-damage|p2a: Beartic|242/321\n|-damage|p2a: Beartic|217/321\n|-damage|p2a: Beartic|190/321\n|-hitcount|p2a: Beartic|5\n|\n|upkeep\n|turn|14\n|\n|t:|1781421169\n|move|p1a: Cinccino|Tail Slap|p2a: Beartic\n|-damage|p2a: Beartic|148/321\n|-damage|p2a: Beartic|112/321\n|-damage|p2a: Beartic|72/321\n|-damage|p2a: Beartic|32/321\n|-hitcount|p2a: Beartic|4\n|move|p2a: Beartic|Close Combat|p1a: Cinccino\n|-supereffective|p1a: Cinccino\n|-damage|p1a: Cinccino|0 fnt\n|-unboost|p2a: Beartic|def|1\n|-unboost|p2a: Beartic|spd|1\n|faint|p1a: Cinccino\n|\n|upkeep\n|c|\u2606ndkyi6ejy|whait\n|\n|t:|1781421174\n|switch|p1a: Zebstrika|Zebstrika, L87, F|218/272\n|turn|15\n|\n|t:|1781421180\n|move|p1a: Zebstrika|Supercell Slam|p2a: Beartic\n|-damage|p2a: Beartic|0 fnt\n|faint|p2a: Beartic\n|-damage|p1a: Zebstrika|191/272|[from] item: Life Orb\n|\n|upkeep\n|n|!ndkyi6ejy|ndkyi6ejy\n|\n|t:|1781421194\n|switch|p2a: Skeledirge|Skeledirge, L79, M|294/294\n|turn|16\n|\n|t:|1781421211\n|move|p1a: Zebstrika|High Horsepower|p2a: Skeledirge\n|-supereffective|p2a: Skeledirge\n|-damage|p2a: Skeledirge|112/294\n|-damage|p1a: Zebstrika|164/272|[from] item: Life Orb\n|move|p2a: Skeledirge|Torch Song|p1a: Zebstrika\n|-damage|p1a: Zebstrika|68/272\n|-boost|p2a: Skeledirge|spa|1\n|\n|upkeep\n|turn|17\n|\n|t:|1781421218\n|move|p1a: Zebstrika|Supercell Slam|p2a: Skeledirge\n|-damage|p2a: Skeledirge|0 fnt\n|faint|p2a: Skeledirge\n|-damage|p1a: Zebstrika|41/272|[from] item: Life Orb\n|\n|upkeep\n|\n|t:|1781421222\n|switch|p2a: Flareon|Flareon, L90, M|247/263 tox\n|turn|18\n|\n|t:|1781421230\n|move|p2a: Flareon|Quick Attack|p1a: Zebstrika\n|-damage|p1a: Zebstrika|0 fnt\n|faint|p1a: Zebstrika\n|\n|-damage|p2a: Flareon|231/263 tox|[from] psn\n|upkeep\n|\n|t:|1781421248\n|switch|p1a: Baxcalibur|Baxcalibur, L75, F|296/296\n|turn|19\n|\n|t:|1781421258\n|-terastallize|p1a: Baxcalibur|Ground\n|-terastallize|p2a: Flareon|Normal\n|move|p1a: Baxcalibur|Earthquake|p2a: Flareon\n|-damage|p2a: Flareon|78/263 tox\n|move|p2a: Flareon|Facade|p1a: Baxcalibur\n|-damage|p1a: Baxcalibur|0 fnt\n|faint|p1a: Baxcalibur\n|\n|win|ndkyi6ejy\n", "uploadtime": 1781421184, "views": 8, "formatid": "gen9randombattle", "rating": null, "private": 0, "password": null}