{"id": "gen9randombattle-2631697296", "format": "[Gen 9] Random Battle", "players": ["SturmBrightblade", "haruki666"], "log": "|j|\u2606SturmBrightblade\n|j|\u203dharuki666\n|t:|1781423839\n|gametype|singles\n|player|p1|SturmBrightblade|170|1923\n|player|p2|haruki666|firebreather|1951\n|gen|9\n|tier|[Gen 9] Random Battle\n|rated|\n|rule|Species Clause: Limit one of each Pok\u00e9mon\n|rule|HP Percentage Mod: HP is shown in percentages\n|rule|Sleep Clause Mod: Limit one foe put to sleep\n|rule|Illusion Level Mod: Illusion disguises the Pok\u00e9mon's true level\n|\n|t:|1781423839\n|teamsize|p1|6\n|teamsize|p2|6\n|start\n|switch|p1a: Toucannon|Toucannon, L88, F|284/284\n|switch|p2a: Pelipper|Pelipper, L86, M|243/243\n|-weather|RainDance|[from] ability: Drizzle|[of] p2a: Pelipper\n|turn|1\n|inactive|Battle timer is ON: inactive players will automatically lose when time's up. (requested by haruki666)\n|inactive|SturmBrightblade also wants the timer to be on.\n|j| afdasfafafdsaf\n|inactive|SturmBrightblade has 120 seconds left.\n|\n|t:|1781423877\n|-singleturn|p1a: Toucannon|move: Beak Blast\n|move|p2a: Pelipper|Hydro Pump|p1a: Toucannon\n|-damage|p1a: Toucannon|11/284\n|move|p1a: Toucannon|Beak Blast|p2a: Pelipper\n|-damage|p2a: Pelipper|125/243\n|\n|-weather|RainDance|[upkeep]\n|upkeep\n|turn|2\n|\n|t:|1781423884\n|switch|p1a: Goodra|Goodra-Hisui, L82, M|265/265\n|move|p2a: Pelipper|Hydro Pump|p1a: Goodra\n|-resisted|p1a: Goodra\n|-damage|p1a: Goodra|199/265\n|\n|-weather|RainDance|[upkeep]\n|upkeep\n|turn|3\n|\n|t:|1781423913\n|switch|p2a: Chansey|Chansey, L85, F|564/564\n|move|p1a: Goodra|Draco Meteor|p2a: Chansey\n|-damage|p2a: Chansey|480/564\n|-unboost|p1a: Goodra|spa|2\n|\n|-weather|RainDance|[upkeep]\n|upkeep\n|turn|4\n|\n|t:|1781423917\n|move|p1a: Goodra|Knock Off|p2a: Chansey\n|-damage|p2a: Chansey|332/564\n|-enditem|p2a: Chansey|Eviolite|[from] move: Knock Off|[of] p1a: Goodra\n|move|p2a: Chansey|Stealth Rock|p1a: Goodra\n|-sidestart|p1: SturmBrightblade|move: Stealth Rock\n|\n|-weather|RainDance|[upkeep]\n|upkeep\n|turn|5\n|\n|t:|1781423931\n|move|p1a: Goodra|Heavy Slam|p2a: Chansey\n|-damage|p2a: Chansey|0 fnt\n|faint|p2a: Chansey\n|\n|-weather|none\n|upkeep\n|\n|t:|1781423944\n|switch|p2a: Lycanroc|Lycanroc-Dusk, L81, F|254/254\n|turn|6\n|\n|t:|1781423964\n|move|p2a: Lycanroc|Close Combat|p1a: Goodra\n|-supereffective|p1a: Goodra\n|-damage|p1a: Goodra|0 fnt\n|-unboost|p2a: Lycanroc|def|1\n|-unboost|p2a: Lycanroc|spd|1\n|faint|p1a: Goodra\n|-damage|p2a: Lycanroc|229/254|[from] item: Life Orb\n|\n|upkeep\n|\n|t:|1781423972\n|switch|p1a: Toucannon|Toucannon, L88, F|11/284\n|turn|7\n|\n|t:|1781423977\n|-singleturn|p1a: Toucannon|move: Beak Blast\n|move|p2a: Lycanroc|Stone Edge|p1a: Toucannon|[miss]\n|-miss|p2a: Lycanroc|p1a: Toucannon\n|move|p1a: Toucannon|Beak Blast|p2a: Lycanroc\n|-resisted|p2a: Lycanroc\n|-crit|p2a: Lycanroc\n|-damage|p2a: Lycanroc|33/254\n|\n|upkeep\n|turn|8\n|\n|t:|1781423992\n|switch|p1a: Keldeo|Keldeo-Resolute, L79|273/273\n|-damage|p1a: Keldeo|256/273|[from] Stealth Rock\n|move|p2a: Lycanroc|Stone Edge|p1a: Keldeo|[miss]\n|-miss|p2a: Lycanroc|p1a: Keldeo\n|\n|upkeep\n|turn|9\n|\n|t:|1781424006\n|move|p2a: Lycanroc|Close Combat|p1a: Keldeo\n|-damage|p1a: Keldeo|81/273\n|-unboost|p2a: Lycanroc|def|1\n|-unboost|p2a: Lycanroc|spd|1\n|-damage|p2a: Lycanroc|8/254|[from] item: Life Orb\n|move|p1a: Keldeo|Air Slash|p2a: Lycanroc\n|-resisted|p2a: Lycanroc\n|-damage|p2a: Lycanroc|0 fnt\n|faint|p2a: Lycanroc\n|\n|upkeep\n|inactive|haruki666 has 120 seconds left.\n|\n|t:|1781424047\n|switch|p2a: Arceus|Arceus, L68|276/276\n|turn|10\n|\n|t:|1781424058\n|switch|p1a: Corviknight|Corviknight, L80, M|288/288\n|-damage|p1a: Corviknight|252/288|[from] Stealth Rock\n|-ability|p1a: Corviknight|Pressure\n|move|p2a: Arceus|Extreme Speed|p1a: Corviknight\n|-resisted|p1a: Corviknight\n|-damage|p1a: Corviknight|212/288\n|-damage|p2a: Arceus|249/276|[from] item: Life Orb\n|\n|-heal|p1a: Corviknight|230/288|[from] item: Leftovers\n|upkeep\n|turn|11\n|inactive|haruki666 has 120 seconds left.\n|\n|t:|1781424082\n|switch|p2a: Iron Jugulis|Iron Jugulis, L77|271/271\n|move|p1a: Corviknight|Defog|p2a: Iron Jugulis\n|-unboost|p2a: Iron Jugulis|evasion|1\n|-sideend|p1: SturmBrightblade|Stealth Rock|[from] move: Defog|[of] p1a: Corviknight\n|\n|-heal|p1a: Corviknight|248/288|[from] item: Leftovers\n|upkeep\n|turn|12\n|\n|t:|1781424096\n|move|p2a: Iron Jugulis|Meteor Beam||[still]\n|-prepare|p2a: Iron Jugulis|Meteor Beam\n|-boost|p2a: Iron Jugulis|spa|1\n|-enditem|p2a: Iron Jugulis|Power Herb\n|-anim|p2a: Iron Jugulis|Meteor Beam|p1a: Corviknight\n|-damage|p1a: Corviknight|114/288\n|move|p1a: Corviknight|U-turn|p2a: Iron Jugulis\n|-damage|p2a: Iron Jugulis|225/271\n|\n|t:|1781424103\n|switch|p1a: Keldeo|Keldeo-Resolute, L79|81/273|[from] U-turn\n|\n|upkeep\n|turn|13\n|\n|t:|1781424121\n|move|p1a: Keldeo|Hydro Pump|p2a: Iron Jugulis\n|-damage|p2a: Iron Jugulis|0 fnt\n|faint|p2a: Iron Jugulis\n|-end|p2a: Iron Jugulis|Quark Drive|[silent]\n|\n|upkeep\n|\n|t:|1781424144\n|switch|p2a: Arceus|Arceus, L68|249/276\n|turn|14\n|\n|t:|1781424149\n|switch|p1a: Corviknight|Corviknight, L80, M|114/288\n|-ability|p1a: Corviknight|Pressure\n|switch|p2a: Skeledirge|Skeledirge, L79, F|294/294\n|\n|-heal|p1a: Corviknight|132/288|[from] item: Leftovers\n|upkeep\n|turn|15\n|\n|t:|1781424161\n|move|p1a: Corviknight|U-turn|p2a: Skeledirge\n|-resisted|p2a: Skeledirge\n|-damage|p2a: Skeledirge|285/294\n|\n|t:|1781424163\n|switch|p1a: Porygon2|Porygon2, L81|270/270|[from] U-turn\n|-ability|p1a: Porygon2|Download|boost\n|-boost|p1a: Porygon2|spa|1\n|move|p2a: Skeledirge|Flame Charge|p1a: Porygon2\n|-damage|p1a: Porygon2|242/270\n|-boost|p2a: Skeledirge|spe|1\n|\n|upkeep\n|turn|16\n|\n|t:|1781424177\n|move|p2a: Skeledirge|Torch Song|p1a: Porygon2\n|-damage|p1a: Porygon2|188/270\n|-boost|p2a: Skeledirge|spa|1\n|move|p1a: Porygon2|Discharge|p2a: Skeledirge\n|-damage|p2a: Skeledirge|221/294\n|-status|p2a: Skeledirge|par\n|\n|upkeep\n|turn|17\n|\n|t:|1781424190\n|move|p1a: Porygon2|Discharge|p2a: Skeledirge\n|-damage|p2a: Skeledirge|159/294 par\n|move|p2a: Skeledirge|Flame Charge|p1a: Porygon2\n|-damage|p1a: Porygon2|160/270\n|-boost|p2a: Skeledirge|spe|1\n|\n|upkeep\n|turn|18\n|\n|t:|1781424196\n|switch|p1a: Keldeo|Keldeo-Resolute, L79|81/273\n|move|p2a: Skeledirge|Slack Off|p2a: Skeledirge\n|-heal|p2a: Skeledirge|294/294 par\n|\n|upkeep\n|turn|19\n|inactive|haruki666 has 120 seconds left.\n|\n|t:|1781424217\n|-terastallize|p2a: Skeledirge|Fairy\n|move|p1a: Keldeo|Flip Turn|p2a: Skeledirge\n|-damage|p2a: Skeledirge|252/294 par\n|\n|t:|1781424221\n|switch|p1a: Porygon2|Porygon2, L81|160/270|[from] Flip Turn\n|-ability|p1a: Porygon2|Download|boost\n|-boost|p1a: Porygon2|spa|1\n|move|p2a: Skeledirge|Shadow Ball|p1a: Porygon2\n|-immune|p1a: Porygon2\n|\n|upkeep\n|turn|20\n|inactive|haruki666 has 120 seconds left.\n|\n|t:|1781424245\n|move|p2a: Skeledirge|Torch Song|p1a: Porygon2\n|-damage|p1a: Porygon2|84/270\n|-boost|p2a: Skeledirge|spa|1\n|move|p1a: Porygon2|Tri Attack|p2a: Skeledirge\n|-damage|p2a: Skeledirge|153/294 par\n|\n|upkeep\n|turn|21\n|\n|t:|1781424261\n|move|p2a: Skeledirge|Flame Charge|p1a: Porygon2\n|-damage|p1a: Porygon2|59/270\n|-boost|p2a: Skeledirge|spe|1\n|move|p1a: Porygon2|Tri Attack|p2a: Skeledirge\n|-damage|p2a: Skeledirge|59/294 par\n|\n|upkeep\n|turn|22\n|\n|t:|1781424264\n|move|p2a: Skeledirge|Slack Off|p2a: Skeledirge\n|-heal|p2a: Skeledirge|206/294 par\n|move|p1a: Porygon2|Tri Attack|p2a: Skeledirge\n|-damage|p2a: Skeledirge|113/294 par\n|\n|upkeep\n|turn|23\n|inactive|haruki666 has 120 seconds left.\n|\n|t:|1781424284\n|cant|p2a: Skeledirge|par\n|move|p1a: Porygon2|Tri Attack|p2a: Skeledirge\n|-damage|p2a: Skeledirge|7/294 par\n|\n|upkeep\n|turn|24\n|\n|t:|1781424289\n|move|p2a: Skeledirge|Slack Off|p2a: Skeledirge\n|-heal|p2a: Skeledirge|154/294 par\n|move|p1a: Porygon2|Tri Attack|p2a: Skeledirge\n|-damage|p2a: Skeledirge|45/294 par\n|\n|upkeep\n|turn|25\n|inactive|haruki666 has 120 seconds left.\n|\n|t:|1781424296\n|move|p2a: Skeledirge|Slack Off|p2a: Skeledirge\n|-heal|p2a: Skeledirge|192/294 par\n|move|p1a: Porygon2|Tri Attack|p2a: Skeledirge\n|-damage|p2a: Skeledirge|87/294 par\n|\n|upkeep\n|turn|26\n|\n|t:|1781424299\n|move|p2a: Skeledirge|Slack Off|p2a: Skeledirge\n|-heal|p2a: Skeledirge|234/294 par\n|move|p1a: Porygon2|Tri Attack|p2a: Skeledirge\n|-damage|p2a: Skeledirge|131/294 par\n|\n|upkeep\n|turn|27\n|\n|t:|1781424302\n|move|p2a: Skeledirge|Slack Off|p2a: Skeledirge\n|-heal|p2a: Skeledirge|278/294 par\n|move|p1a: Porygon2|Tri Attack|p2a: Skeledirge\n|-damage|p2a: Skeledirge|173/294 par\n|\n|upkeep\n|turn|28\n|\n|t:|1781424305\n|move|p2a: Skeledirge|Flame Charge|p1a: Porygon2\n|-damage|p1a: Porygon2|34/270\n|-boost|p2a: Skeledirge|spe|1\n|move|p1a: Porygon2|Tri Attack|p2a: Skeledirge\n|-damage|p2a: Skeledirge|73/294 par\n|\n|upkeep\n|turn|29\n|\n|t:|1781424315\n|move|p2a: Skeledirge|Slack Off|p2a: Skeledirge\n|-heal|p2a: Skeledirge|220/294 par\n|move|p1a: Porygon2|Tri Attack|p2a: Skeledirge\n|-damage|p2a: Skeledirge|117/294 par\n|\n|upkeep\n|turn|30\n|\n|t:|1781424318\n|move|p2a: Skeledirge|Slack Off|p2a: Skeledirge\n|-heal|p2a: Skeledirge|264/294 par\n|move|p1a: Porygon2|Tri Attack|p2a: Skeledirge\n|-damage|p2a: Skeledirge|155/294 par\n|\n|upkeep\n|turn|31\n|\n|t:|1781424320\n|move|p2a: Skeledirge|Torch Song|p1a: Porygon2\n|-damage|p1a: Porygon2|0 fnt\n|-boost|p2a: Skeledirge|spa|1\n|faint|p1a: Porygon2\n|\n|upkeep\n|\n|t:|1781424325\n|switch|p1a: Corviknight|Corviknight, L80, M|132/288\n|-ability|p1a: Corviknight|Pressure\n|turn|32\n|\n|t:|1781424339\n|-terastallize|p1a: Corviknight|Dragon\n|move|p2a: Skeledirge|Torch Song|p1a: Corviknight\n|-resisted|p1a: Corviknight\n|-damage|p1a: Corviknight|30/288\n|-boost|p2a: Skeledirge|spa|1\n|move|p1a: Corviknight|Brave Bird|p2a: Skeledirge\n|-damage|p2a: Skeledirge|58/294 par\n|-damage|p1a: Corviknight|0 fnt|[from] Recoil\n|faint|p1a: Corviknight\n|\n|upkeep\n|\n|t:|1781424348\n|switch|p1a: Keldeo|Keldeo-Resolute, L79|81/273\n|turn|33\n|\n|t:|1781424355\n|move|p2a: Skeledirge|Torch Song|p1a: Keldeo\n|-resisted|p1a: Keldeo\n|-damage|p1a: Keldeo|0 fnt\n|-boost|p2a: Skeledirge|spa|1\n|faint|p1a: Keldeo\n|\n|upkeep\n|\n|t:|1781424360\n|switch|p1a: Toucannon|Toucannon, L88, F|11/284\n|turn|34\n|\n|t:|1781424364\n|move|p2a: Skeledirge|Torch Song|p1a: Toucannon\n|-damage|p1a: Toucannon|0 fnt\n|-boost|p2a: Skeledirge|spa|1\n|faint|p1a: Toucannon\n|\n|upkeep\n|\n|t:|1781424366\n|switch|p1a: Glalie|Glalie, L96, M|309/309\n|turn|35\n|\n|t:|1781424369\n|move|p2a: Skeledirge|Torch Song|p1a: Glalie\n|-supereffective|p1a: Glalie\n|-damage|p1a: Glalie|0 fnt\n|faint|p1a: Glalie\n|\n|win|haruki666\n|raw|SturmBrightblade's rating: 1923 &rarr; <strong>1905</strong><br />(-18 for losing)\n|raw|haruki666's rating: 1951 &rarr; <strong>1969</strong><br />(+18 for winning)\n|c|\u2606SturmBrightblade|so unlucky with the apras\n|c|\u2606SturmBrightblade|damn\n|l|\u2606SturmBrightblade\n|player|p1|\n|l| afdasfafafdsaf\n", "uploadtime": 1781424397, "views": 5, "formatid": "gen9randombattle", "rating": 1905, "private": 0, "password": null}