{"id": "gen9randombattle-2631483585", "format": "[Gen 9] Random Battle", "players": ["Node", "Fortre"], "log": "|j|\u2606Node\n|j|\u2606Fortre\n|t:|1781390716\n|gametype|singles\n|player|p1|Node|#rbtt9phantoms2|2170\n|player|p2|Fortre|1|2042\n|gen|9\n|tier|[Gen 9] Random Battle\n|rated|\n|rule|Species Clause: Limit one of each Pok\u00e9mon\n|rule|HP Percentage Mod: HP is shown in percentages\n|rule|Sleep Clause Mod: Limit one foe put to sleep\n|rule|Illusion Level Mod: Illusion disguises the Pok\u00e9mon's true level\n|\n|t:|1781390716\n|teamsize|p1|6\n|teamsize|p2|6\n|start\n|switch|p1a: Exeggutor|Exeggutor, L89, M|312/312\n|switch|p2a: Ursaring|Ursaring, L84, M|288/288\n|turn|1\n|\n|t:|1781390729\n|switch|p1a: Toxicroak|Toxicroak, L84, M|277/277\n|move|p2a: Ursaring|Body Slam|p1a: Toxicroak\n|-damage|p1a: Toxicroak|136/277\n|\n|upkeep\n|turn|2\n|\n|t:|1781390748\n|switch|p2a: Diancie|Diancie, L82|216/216\n|move|p1a: Toxicroak|Knock Off|p2a: Diancie\n|-resisted|p2a: Diancie\n|-damage|p2a: Diancie|193/216\n|-enditem|p2a: Diancie|Leftovers|[from] move: Knock Off|[of] p1a: Toxicroak\n|\n|upkeep\n|turn|3\n|\n|t:|1781390754\n|switch|p1a: Heatran|Heatran, L79, F|273/273\n|-item|p1a: Heatran|Air Balloon\n|move|p2a: Diancie|Diamond Storm|p1a: Heatran|[miss]\n|-miss|p2a: Diancie|p1a: Heatran\n|\n|upkeep\n|turn|4\n|\n|t:|1781390766\n|move|p1a: Heatran|Heavy Slam|p2a: Diancie\n|-supereffective|p2a: Diancie\n|-damage|p2a: Diancie|0 fnt\n|faint|p2a: Diancie\n|\n|upkeep\n|\n|t:|1781390769\n|switch|p2a: Palkia|Palkia-Origin, L72|249/249\n|-ability|p2a: Palkia|Pressure\n|turn|5\n|\n|t:|1781390772\n|switch|p1a: Exeggutor|Exeggutor, L89, M|312/312\n|move|p2a: Palkia|Thunder Wave|p1a: Exeggutor\n|-status|p1a: Exeggutor|par\n|\n|upkeep\n|turn|6\n|\n|t:|1781390779\n|switch|p1a: Heatran|Heatran, L79, F|273/273\n|-item|p1a: Heatran|Air Balloon\n|move|p2a: Palkia|Fire Blast|p1a: Heatran\n|-start|p1a: Heatran|ability: Flash Fire\n|\n|upkeep\n|turn|7\n|\n|t:|1781390784\n|-end|p1a: Heatran|ability: Flash Fire|[silent]\n|switch|p1a: Exeggutor|Exeggutor, L89, M|312/312 par\n|move|p2a: Palkia|Spacial Rend|p1a: Exeggutor\n|-damage|p1a: Exeggutor|164/312 par\n|\n|upkeep\n|turn|8\n|\n|t:|1781390789\n|move|p2a: Palkia|Fire Blast|p1a: Exeggutor\n|-supereffective|p1a: Exeggutor\n|-damage|p1a: Exeggutor|0 fnt\n|faint|p1a: Exeggutor\n|\n|upkeep\n|\n|t:|1781390795\n|switch|p1a: Whiscash|Whiscash, L88, F|337/337\n|turn|9\n|\n|t:|1781390803\n|move|p2a: Palkia|Hydro Pump|p1a: Whiscash\n|-damage|p1a: Whiscash|166/337\n|move|p1a: Whiscash|Dragon Dance|p1a: Whiscash\n|-boost|p1a: Whiscash|atk|1\n|-boost|p1a: Whiscash|spe|1\n|\n|upkeep\n|turn|10\n|\n|t:|1781390807\n|move|p1a: Whiscash|Earthquake|p2a: Palkia\n|-damage|p2a: Palkia|31/249\n|-damage|p1a: Whiscash|133/337|[from] item: Life Orb\n|move|p2a: Palkia|Spacial Rend|p1a: Whiscash\n|-damage|p1a: Whiscash|0 fnt\n|faint|p1a: Whiscash\n|\n|upkeep\n|\n|t:|1781390811\n|switch|p1a: Toxicroak|Toxicroak, L84, M|136/277\n|turn|11\n|inactive|Battle timer is ON: inactive players will automatically lose when time's up. (requested by Node)\n|\n|t:|1781390838\n|switch|p2a: Leavanny|Leavanny, L86, M|269/269\n|move|p1a: Toxicroak|Close Combat|p2a: Leavanny\n|-resisted|p2a: Leavanny\n|-damage|p2a: Leavanny|194/269\n|-unboost|p1a: Toxicroak|def|1\n|-unboost|p1a: Toxicroak|spd|1\n|\n|upkeep\n|turn|12\n|\n|t:|1781390843\n|switch|p1a: Heatran|Heatran, L79, F|273/273\n|-item|p1a: Heatran|Air Balloon\n|move|p2a: Leavanny|Sticky Web|p1a: Heatran\n|-sidestart|p1: Node|move: Sticky Web\n|\n|upkeep\n|turn|13\n|\n|t:|1781390860\n|switch|p2a: Blastoise|Blastoise, L80, M|258/258\n|move|p1a: Heatran|Stealth Rock|p2a: Blastoise\n|-sidestart|p2: Fortre|move: Stealth Rock\n|\n|upkeep\n|turn|14\n|\n|t:|1781390874\n|move|p2a: Blastoise|Shell Smash|p2a: Blastoise\n|-unboost|p2a: Blastoise|def|1\n|-unboost|p2a: Blastoise|spd|1\n|-boost|p2a: Blastoise|atk|2\n|-boost|p2a: Blastoise|spa|2\n|-boost|p2a: Blastoise|spe|2\n|-enditem|p2a: Blastoise|White Herb\n|-clearnegativeboost|p2a: Blastoise|[silent]\n|move|p1a: Heatran|Lava Plume|p2a: Blastoise\n|-resisted|p2a: Blastoise\n|-damage|p2a: Blastoise|216/258\n|\n|upkeep\n|turn|15\n|\n|t:|1781390882\n|switch|p1a: Toxicroak|Toxicroak, L84, M|136/277\n|-activate|p1a: Toxicroak|move: Sticky Web\n|-unboost|p1a: Toxicroak|spe|1\n|move|p2a: Blastoise|Hydro Pump|p1a: Toxicroak\n|-heal|p1a: Toxicroak|205/277|[from] ability: Dry Skin|[of] p2a: Blastoise\n|\n|upkeep\n|turn|16\n|\n|t:|1781390889\n|switch|p1a: Heatran|Heatran, L79, F|273/273\n|-item|p1a: Heatran|Air Balloon\n|move|p2a: Blastoise|Earthquake|p1a: Heatran\n|-immune|p1a: Heatran\n|\n|upkeep\n|turn|17\n|\n|t:|1781390893\n|move|p2a: Blastoise|Ice Beam|p1a: Heatran\n|-resisted|p1a: Heatran\n|-damage|p1a: Heatran|248/273\n|-enditem|p1a: Heatran|Air Balloon\n|move|p1a: Heatran|Earth Power|p2a: Blastoise\n|-damage|p2a: Blastoise|150/258\n|\n|upkeep\n|turn|18\n|\n|t:|1781390900\n|move|p2a: Blastoise|Earthquake|p1a: Heatran\n|-supereffective|p1a: Heatran\n|-damage|p1a: Heatran|0 fnt\n|faint|p1a: Heatran\n|\n|upkeep\n|\n|t:|1781390905\n|switch|p1a: Hypno|Hypno, L95, M|315/315\n|-activate|p1a: Hypno|move: Sticky Web\n|-unboost|p1a: Hypno|spe|1\n|turn|19\n|\n|t:|1781390908\n|move|p2a: Blastoise|Hydro Pump|p1a: Hypno\n|-crit|p1a: Hypno\n|-damage|p1a: Hypno|116/315\n|move|p1a: Hypno|Toxic|p2a: Blastoise\n|-status|p2a: Blastoise|tox\n|\n|-heal|p1a: Hypno|135/315|[from] item: Leftovers\n|-damage|p2a: Blastoise|134/258 tox|[from] psn\n|upkeep\n|turn|20\n|\n|t:|1781390914\n|move|p1a: Hypno|Protect|p1a: Hypno\n|-singleturn|p1a: Hypno|Protect\n|move|p2a: Blastoise|Hydro Pump|p1a: Hypno\n|-activate|p1a: Hypno|move: Protect\n|\n|-heal|p1a: Hypno|154/315|[from] item: Leftovers\n|-damage|p2a: Blastoise|102/258 tox|[from] psn\n|upkeep\n|turn|21\n|\n|t:|1781390924\n|move|p2a: Blastoise|Hydro Pump|p1a: Hypno\n|-damage|p1a: Hypno|15/315\n|move|p1a: Hypno|Psychic Noise|p2a: Blastoise\n|-damage|p2a: Blastoise|27/258 tox\n|-start|p2a: Blastoise|move: Heal Block\n|\n|-heal|p1a: Hypno|34/315|[from] item: Leftovers\n|-damage|p2a: Blastoise|0 fnt|[from] psn\n|faint|p2a: Blastoise\n|upkeep\n|\n|t:|1781390932\n|switch|p2a: Leavanny|Leavanny, L86, M|194/269\n|-damage|p2a: Leavanny|127/269|[from] Stealth Rock\n|turn|22\n|inactive|Node has 120 seconds left.\n|\n|t:|1781390975\n|move|p1a: Hypno|Protect|p1a: Hypno\n|-singleturn|p1a: Hypno|Protect\n|move|p2a: Leavanny|Bullet Seed|p1a: Hypno\n|-activate|p1a: Hypno|move: Protect\n|\n|-heal|p1a: Hypno|53/315|[from] item: Leftovers\n|upkeep\n|turn|23\n|\n|t:|1781390985\n|switch|p1a: Toxicroak|Toxicroak, L84, M|205/277\n|-activate|p1a: Toxicroak|move: Sticky Web\n|-unboost|p1a: Toxicroak|spe|1\n|move|p2a: Leavanny|Knock Off|p1a: Toxicroak\n|-resisted|p1a: Toxicroak\n|-damage|p1a: Toxicroak|154/277\n|-enditem|p1a: Toxicroak|Choice Scarf|[from] move: Knock Off|[of] p2a: Leavanny\n|\n|upkeep\n|turn|24\n|\n|t:|1781390994\n|move|p2a: Leavanny|Triple Axel|p1a: Toxicroak|[miss]\n|-miss|p2a: Leavanny|p1a: Toxicroak\n|move|p1a: Toxicroak|Gunk Shot|p2a: Leavanny\n|-supereffective|p2a: Leavanny\n|-damage|p2a: Leavanny|0 fnt\n|faint|p2a: Leavanny\n|\n|upkeep\n|\n|t:|1781390999\n|switch|p2a: Ursaring|Ursaring, L84, M|288/288\n|-damage|p2a: Ursaring|252/288|[from] Stealth Rock\n|turn|25\n|\n|t:|1781391007\n|-terastallize|p1a: Toxicroak|Dark\n|move|p2a: Ursaring|Earthquake|p1a: Toxicroak\n|-damage|p1a: Toxicroak|40/277\n|move|p1a: Toxicroak|Close Combat|p2a: Ursaring\n|-supereffective|p2a: Ursaring\n|-damage|p2a: Ursaring|66/288\n|-unboost|p1a: Toxicroak|def|1\n|-unboost|p1a: Toxicroak|spd|1\n|\n|upkeep\n|turn|26\n|\n|t:|1781391016\n|move|p2a: Ursaring|Earthquake|p1a: Toxicroak\n|-damage|p1a: Toxicroak|0 fnt\n|faint|p1a: Toxicroak\n|\n|upkeep\n|\n|t:|1781391018\n|switch|p1a: Mimikyu|Mimikyu, L79, M|216/216\n|-activate|p1a: Mimikyu|move: Sticky Web\n|-unboost|p1a: Mimikyu|spe|1\n|turn|27\n|\n|t:|1781391021\n|move|p2a: Ursaring|Earthquake|p1a: Mimikyu\n|-activate|p1a: Mimikyu|ability: Disguise\n|-damage|p1a: Mimikyu|216/216\n|detailschange|p1a: Mimikyu|Mimikyu-Busted, L79, M\n|-damage|p1a: Mimikyu|189/216|[from] pokemon: Mimikyu-Busted\n|move|p1a: Mimikyu|Swords Dance|p1a: Mimikyu\n|-boost|p1a: Mimikyu|atk|2\n|\n|upkeep\n|turn|28\n|\n|t:|1781391024\n|move|p2a: Ursaring|Earthquake|p1a: Mimikyu\n|-damage|p1a: Mimikyu|86/216\n|move|p1a: Mimikyu|Drain Punch|p2a: Ursaring\n|-supereffective|p2a: Ursaring\n|-damage|p2a: Ursaring|0 fnt\n|-heal|p1a: Mimikyu|119/216|[from] drain|[of] p2a: Ursaring\n|faint|p2a: Ursaring\n|-damage|p1a: Mimikyu|98/216|[from] item: Life Orb\n|\n|upkeep\n|\n|t:|1781391027\n|switch|p2a: Crabominable|Crabominable, L90, F|321/321\n|-damage|p2a: Crabominable|281/321|[from] Stealth Rock\n|turn|29\n|\n|t:|1781391035\n|-terastallize|p2a: Crabominable|Water\n|move|p1a: Mimikyu|Play Rough|p2a: Crabominable\n|-damage|p2a: Crabominable|78/321\n|-damage|p1a: Mimikyu|77/216|[from] item: Life Orb\n|move|p2a: Crabominable|Ice Hammer|p1a: Mimikyu\n|-damage|p1a: Mimikyu|0 fnt\n|-unboost|p2a: Crabominable|spe|1\n|faint|p1a: Mimikyu\n|\n|upkeep\n|\n|t:|1781391040\n|switch|p1a: Hypno|Hypno, L95, M|53/315\n|-activate|p1a: Hypno|move: Sticky Web\n|-unboost|p1a: Hypno|spe|1\n|turn|30\n|\n|t:|1781391045\n|move|p1a: Hypno|Protect|p1a: Hypno\n|-singleturn|p1a: Hypno|Protect\n|move|p2a: Crabominable|Earthquake|p1a: Hypno\n|-activate|p1a: Hypno|move: Protect\n|\n|-heal|p1a: Hypno|72/315|[from] item: Leftovers\n|upkeep\n|turn|31\n|\n|t:|1781391050\n|move|p1a: Hypno|Psychic Noise|p2a: Crabominable\n|-damage|p2a: Crabominable|17/321\n|-start|p2a: Crabominable|move: Heal Block\n|move|p2a: Crabominable|Knock Off|p1a: Hypno\n|-supereffective|p1a: Hypno\n|-damage|p1a: Hypno|0 fnt\n|-enditem|p1a: Hypno|Leftovers|[from] move: Knock Off|[of] p2a: Crabominable\n|faint|p1a: Hypno\n|\n|win|Fortre\n", "uploadtime": 1781390718, "views": 3, "formatid": "gen9randombattle", "rating": null, "private": 0, "password": null}