{"id": "gen9randombattle-2631756424", "format": "[Gen 9] Random Battle", "players": ["Zibabu", "Roface"], "log": "|j|\u2606Zibabu\n|j|\u2606Roface\n|t:|1781434639\n|gametype|singles\n|player|p1|Zibabu|101|1928\n|player|p2|Roface|yancy|2020\n|gen|9\n|tier|[Gen 9] Random Battle\n|rated|\n|rule|Species Clause: Limit one of each Pok\u00e9mon\n|rule|HP Percentage Mod: HP is shown in percentages\n|rule|Sleep Clause Mod: Limit one foe put to sleep\n|rule|Illusion Level Mod: Illusion disguises the Pok\u00e9mon's true level\n|\n|t:|1781434639\n|teamsize|p1|6\n|teamsize|p2|6\n|start\n|switch|p1a: Tauros|Tauros-Paldea-Aqua, L81, M|254/254\n|switch|p2a: Rayquaza|Rayquaza, L72|270/270\n|-ability|p1a: Tauros|Intimidate|boost\n|-unboost|p2a: Rayquaza|atk|1\n|-ability|p2a: Rayquaza|Air Lock\n|turn|1\n|inactive|Battle timer is ON: inactive players will automatically lose when time's up. (requested by Zibabu)\n|\n|t:|1781434649\n|move|p1a: Tauros|Stone Edge|p2a: Rayquaza\n|-supereffective|p2a: Rayquaza\n|-damage|p2a: Rayquaza|38/270\n|move|p2a: Rayquaza|Swords Dance|p2a: Rayquaza\n|-boost|p2a: Rayquaza|atk|2\n|\n|upkeep\n|turn|2\n|j| mrbird077\n|\n|t:|1781434658\n|switch|p2a: Exeggutor|Exeggutor, L89, M|312/312\n|move|p1a: Tauros|Stone Edge|p2a: Exeggutor\n|-crit|p2a: Exeggutor\n|-damage|p2a: Exeggutor|154/312\n|-enditem|p2a: Exeggutor|Sitrus Berry|[eat]\n|-heal|p2a: Exeggutor|232/312|[from] item: Sitrus Berry\n|\n|-item|p2a: Exeggutor|Sitrus Berry|[from] ability: Harvest\n|upkeep\n|turn|3\n|\n|t:|1781434676\n|switch|p1a: Meowstic|Meowstic-F, L89, F|277/277\n|move|p2a: Exeggutor|Substitute|p2a: Exeggutor\n|-start|p2a: Exeggutor|Substitute\n|-damage|p2a: Exeggutor|154/312\n|-enditem|p2a: Exeggutor|Sitrus Berry|[eat]\n|-heal|p2a: Exeggutor|232/312|[from] item: Sitrus Berry\n|\n|-item|p2a: Exeggutor|Sitrus Berry|[from] ability: Harvest\n|upkeep\n|turn|4\n|\n|t:|1781434681\n|move|p1a: Meowstic|Dark Pulse|p2a: Exeggutor\n|-supereffective|p2a: Exeggutor\n|-end|p2a: Exeggutor|Substitute\n|-damage|p1a: Meowstic|250/277|[from] item: Life Orb\n|move|p2a: Exeggutor|Sleep Powder|p1a: Meowstic\n|-status|p1a: Meowstic|slp|[from] move: Sleep Powder\n|\n|upkeep\n|turn|5\n|\n|t:|1781434699\n|switch|p1a: Tsareena|Tsareena, L87, F|267/267\n|move|p2a: Exeggutor|Leech Seed|p1a: Tsareena\n|-immune|p1a: Tsareena\n|\n|upkeep\n|turn|6\n|\n|t:|1781434705\n|switch|p2a: Rayquaza|Rayquaza, L72|38/270\n|-ability|p2a: Rayquaza|Air Lock\n|move|p1a: Tsareena|Power Whip|p2a: Rayquaza\n|-resisted|p2a: Rayquaza\n|-crit|p2a: Rayquaza\n|-damage|p2a: Rayquaza|0 fnt\n|faint|p2a: Rayquaza\n|\n|upkeep\n|\n|t:|1781434713\n|switch|p2a: Latias|Latias, L79, F|256/256\n|turn|7\n|\n|t:|1781434727\n|switch|p1a: Arceus|Arceus-Ghost, L69|280/280\n|move|p2a: Latias|Calm Mind|p2a: Latias\n|-boost|p2a: Latias|spa|1\n|-boost|p2a: Latias|spd|1\n|\n|upkeep\n|turn|8\n|\n|t:|1781434732\n|move|p2a: Latias|Calm Mind|p2a: Latias\n|-boost|p2a: Latias|spa|1\n|-boost|p2a: Latias|spd|1\n|move|p1a: Arceus|Judgment|p2a: Latias\n|-supereffective|p2a: Latias\n|-crit|p2a: Latias\n|-damage|p2a: Latias|0 fnt\n|faint|p2a: Latias\n|\n|upkeep\n|-message|Roface forfeited.\n|\n|win|Zibabu\n", "uploadtime": 1781434640, "views": 3, "formatid": "gen9randombattle", "rating": null, "private": 0, "password": null}