{"id": "gen9randombattle-2631975501", "format": "[Gen 9] Random Battle", "players": ["Tam100089", "Ffgvdrt"], "log": "|j|\u2606Tam100089\n|j|\u2606Ffgvdrt\n|t:|1781461789\n|gametype|singles\n|player|p1|Tam100089|265|1000\n|player|p2|Ffgvdrt|265|1000\n|gen|9\n|tier|[Gen 9] Random Battle\n|rated|\n|rule|Species Clause: Limit one of each Pok\u00e9mon\n|rule|HP Percentage Mod: HP is shown in percentages\n|rule|Sleep Clause Mod: Limit one foe put to sleep\n|rule|Illusion Level Mod: Illusion disguises the Pok\u00e9mon's true level\n|\n|t:|1781461789\n|teamsize|p1|6\n|teamsize|p2|6\n|start\n|switch|p1a: Noctowl|Noctowl, L95, M|344/344\n|switch|p2a: Qwilfish|Qwilfish-Hisui, L83, F|244/244\n|-ability|p2a: Qwilfish|Intimidate|boost\n|-unboost|p1a: Noctowl|atk|1\n|turn|1\n|inactive|Battle timer is ON: inactive players will automatically lose when time's up. (requested by Tam100089)\n|\n|t:|1781461808\n|move|p2a: Qwilfish|Spikes|p1a: Noctowl\n|-sidestart|p1: Tam100089|Spikes\n|move|p1a: Noctowl|Nasty Plot|p1a: Noctowl\n|-boost|p1a: Noctowl|spa|2\n|\n|upkeep\n|turn|2\n|inactive|Ffgvdrt has 120 seconds left.\n|\n|t:|1781461840\n|move|p2a: Qwilfish|Taunt|p1a: Noctowl\n|-start|p1a: Noctowl|move: Taunt\n|move|p1a: Noctowl|Hyper Voice|p2a: Qwilfish\n|-damage|p2a: Qwilfish|45/244\n|\n|upkeep\n|turn|3\n|\n|t:|1781461849\n|move|p2a: Qwilfish|Spikes|p1a: Noctowl\n|-sidestart|p1: Tam100089|Spikes\n|move|p1a: Noctowl|Hyper Voice|p2a: Qwilfish\n|-damage|p2a: Qwilfish|0 fnt\n|faint|p2a: Qwilfish\n|\n|upkeep\n|inactive|Ffgvdrt has 120 seconds left.\n|\n|t:|1781461869\n|switch|p2a: Toxtricity|Toxtricity, L82, M|257/257\n|turn|4\n|\n|t:|1781461875\n|move|p1a: Noctowl|Hyper Voice|p2a: Toxtricity\n|-crit|p2a: Toxtricity\n|-damage|p2a: Toxtricity|68/257\n|move|p2a: Toxtricity|Shift Gear|p2a: Toxtricity\n|-boost|p2a: Toxtricity|spe|2\n|-boost|p2a: Toxtricity|atk|1\n|\n|-end|p1a: Noctowl|move: Taunt\n|upkeep\n|turn|5\n|\n|t:|1781461884\n|move|p2a: Toxtricity|Overdrive|p1a: Noctowl\n|-supereffective|p1a: Noctowl\n|-damage|p1a: Noctowl|162/344\n|-enditem|p2a: Toxtricity|Throat Spray\n|-boost|p2a: Toxtricity|spa|1|[from] item: Throat Spray\n|move|p1a: Noctowl|Hyper Voice|p2a: Toxtricity\n|-damage|p2a: Toxtricity|0 fnt\n|faint|p2a: Toxtricity\n|\n|upkeep\n|\n|t:|1781461889\n|switch|p2a: Klawf|Klawf, L90, F|272/272\n|turn|6\n|\n|t:|1781461902\n|move|p1a: Noctowl|Hyper Voice|p2a: Klawf\n|-resisted|p2a: Klawf\n|-damage|p2a: Klawf|6/272\n|-ability|p2a: Klawf|Anger Shell|boost\n|-boost|p2a: Klawf|atk|1\n|-boost|p2a: Klawf|spa|1\n|-boost|p2a: Klawf|spe|1\n|-unboost|p2a: Klawf|def|1\n|-unboost|p2a: Klawf|spd|1\n|move|p2a: Klawf|Swords Dance|p2a: Klawf\n|-boost|p2a: Klawf|atk|2\n|\n|upkeep\n|turn|7\n|\n|t:|1781461924\n|move|p2a: Klawf|Stone Edge|p1a: Noctowl\n|-supereffective|p1a: Noctowl\n|-damage|p1a: Noctowl|0 fnt\n|faint|p1a: Noctowl\n|\n|upkeep\n|\n|t:|1781461940\n|switch|p1a: Torkoal|Torkoal, L88, M|266/266\n|-weather|SunnyDay|[from] ability: Drought|[of] p1a: Torkoal\n|turn|8\n|\n|t:|1781461951\n|move|p2a: Klawf|Crabhammer|p1a: Torkoal\n|-supereffective|p1a: Torkoal\n|-damage|p1a: Torkoal|103/266\n|move|p1a: Torkoal|Rapid Spin|p2a: Klawf\n|-resisted|p2a: Klawf\n|-damage|p2a: Klawf|0 fnt\n|-boost|p1a: Torkoal|spe|1\n|-sideend|p1: Tam100089|Spikes|[from] move: Rapid Spin|[of] p1a: Torkoal\n|faint|p2a: Klawf\n|\n|-weather|SunnyDay|[upkeep]\n|upkeep\n|\n|t:|1781461966\n|switch|p2a: Keldeo|Keldeo-Resolute, L79|273/273\n|turn|9\n|\n|t:|1781461976\n|move|p2a: Keldeo|Hydro Pump|p1a: Torkoal\n|-supereffective|p1a: Torkoal\n|-damage|p1a: Torkoal|0 fnt\n|faint|p1a: Torkoal\n|\n|-weather|SunnyDay|[upkeep]\n|upkeep\n|\n|t:|1781461990\n|switch|p1a: Ogerpon|Ogerpon-Hearthflame, L74, F|239/239\n|-ability|p1a: Ogerpon|Mold Breaker\n|turn|10\n|\n|t:|1781461998\n|move|p2a: Keldeo|Hydro Pump|p1a: Ogerpon\n|-damage|p1a: Ogerpon|133/239\n|move|p1a: Ogerpon|Swords Dance|p1a: Ogerpon\n|-boost|p1a: Ogerpon|atk|2\n|\n|-weather|SunnyDay|[upkeep]\n|upkeep\n|turn|11\n|\n|t:|1781462006\n|move|p2a: Keldeo|Hydro Pump|p1a: Ogerpon\n|-damage|p1a: Ogerpon|36/239\n|move|p1a: Ogerpon|Horn Leech|p2a: Keldeo\n|-supereffective|p2a: Keldeo\n|-damage|p2a: Keldeo|0 fnt\n|-heal|p1a: Ogerpon|173/239|[from] drain|[of] p2a: Keldeo\n|faint|p2a: Keldeo\n|\n|-weather|SunnyDay|[upkeep]\n|upkeep\n|\n|t:|1781462014\n|switch|p2a: Medicham|Medicham, L86, M|243/243\n|turn|12\n|\n|t:|1781462025\n|move|p1a: Ogerpon|Ivy Cudgel|p2a: Medicham|[anim] Ivy Cudgel Fire\n|-crit|p2a: Medicham\n|-damage|p2a: Medicham|0 fnt\n|faint|p2a: Medicham\n|\n|-weather|none\n|upkeep\n|\n|t:|1781462036\n|switch|p2a: Appletun|Appletun, L92, M|352/352\n|turn|13\n|\n|t:|1781462046\n|move|p1a: Ogerpon|Ivy Cudgel|p2a: Appletun|[anim] Ivy Cudgel Fire\n|-damage|p2a: Appletun|121/352\n|move|p2a: Appletun|Dragon Tail|p1a: Ogerpon\n|-damage|p1a: Ogerpon|88/239\n|drag|p1a: Houndstone|Houndstone, L86, F|264/264\n|\n|-heal|p2a: Appletun|143/352|[from] item: Leftovers\n|upkeep\n|turn|14\n|\n|t:|1781462059\n|move|p1a: Houndstone|Poltergeist|p2a: Appletun|[miss]\n|-miss|p1a: Houndstone|p2a: Appletun\n|move|p2a: Appletun|Recover|p2a: Appletun\n|-heal|p2a: Appletun|319/352\n|\n|-heal|p2a: Appletun|341/352|[from] item: Leftovers\n|upkeep\n|turn|15\n|inactive|Ffgvdrt has 120 seconds left.\n|inactive|Ffgvdrt has 90 seconds left.\n|\n|t:|1781462131\n|move|p1a: Houndstone|Poltergeist|p2a: Appletun\n|-activate|p2a: Appletun|move: Poltergeist|Leftovers\n|-damage|p2a: Appletun|218/352\n|move|p2a: Appletun|Apple Acid|p1a: Houndstone\n|-damage|p1a: Houndstone|167/264\n|-unboost|p1a: Houndstone|spd|1\n|\n|-heal|p1a: Houndstone|183/264|[from] item: Leftovers\n|-heal|p2a: Appletun|240/352|[from] item: Leftovers\n|upkeep\n|turn|16\n|\n|t:|1781462146\n|switch|p1a: Zamazenta|Zamazenta-Crowned, L68|238/238\n|-ability|p1a: Zamazenta|Dauntless Shield|boost\n|-boost|p1a: Zamazenta|def|1\n|move|p2a: Appletun|Recover|p2a: Appletun\n|-heal|p2a: Appletun|352/352\n|\n|upkeep\n|turn|17\n|inactive|Ffgvdrt has 90 seconds left.\n|\n|t:|1781462175\n|move|p1a: Zamazenta|Heavy Slam|p2a: Appletun\n|-damage|p2a: Appletun|250/352\n|move|p2a: Appletun|Apple Acid|p1a: Zamazenta\n|-resisted|p1a: Zamazenta\n|-damage|p1a: Zamazenta|196/238\n|-unboost|p1a: Zamazenta|spd|1\n|\n|-heal|p2a: Appletun|272/352|[from] item: Leftovers\n|upkeep\n|turn|18\n|\n|t:|1781462193\n|move|p1a: Zamazenta|Iron Defense|p1a: Zamazenta\n|-boost|p1a: Zamazenta|def|2\n|move|p2a: Appletun|Dragon Tail|p1a: Zamazenta\n|-resisted|p1a: Zamazenta\n|-damage|p1a: Zamazenta|185/238\n|drag|p1a: Misdreavus|Misdreavus, L90, F|254/254\n|\n|-heal|p2a: Appletun|294/352|[from] item: Leftovers\n|upkeep\n|turn|19\n|\n|t:|1781462209\n|-terastallize|p1a: Misdreavus|Fairy\n|move|p1a: Misdreavus|Draining Kiss|p2a: Appletun\n|-supereffective|p2a: Appletun\n|-damage|p2a: Appletun|172/352\n|move|p2a: Appletun|Apple Acid|p1a: Misdreavus\n|-damage|p1a: Misdreavus|184/254\n|-unboost|p1a: Misdreavus|spd|1\n|\n|-heal|p2a: Appletun|194/352|[from] item: Leftovers\n|upkeep\n|turn|20\n|inactive|Tam100089 has 120 seconds left.\n|\n|t:|1781462248\n|-terastallize|p2a: Appletun|Steel\n|move|p1a: Misdreavus|Will-O-Wisp|p2a: Appletun\n|-status|p2a: Appletun|brn\n|move|p2a: Appletun|Apple Acid|p1a: Misdreavus\n|-damage|p1a: Misdreavus|87/254\n|-unboost|p1a: Misdreavus|spd|1\n|\n|-heal|p2a: Appletun|216/352 brn|[from] item: Leftovers\n|-damage|p2a: Appletun|194/352 brn|[from] brn\n|upkeep\n|turn|21\n|\n|t:|1781462263\n|switch|p1a: Ogerpon|Ogerpon-Hearthflame, L74, F|88/239\n|-ability|p1a: Ogerpon|Mold Breaker\n|move|p2a: Appletun|Apple Acid|p1a: Ogerpon\n|-resisted|p1a: Ogerpon\n|-damage|p1a: Ogerpon|63/239\n|-unboost|p1a: Ogerpon|spd|1\n|\n|-heal|p2a: Appletun|216/352 brn|[from] item: Leftovers\n|-damage|p2a: Appletun|194/352 brn|[from] brn\n|upkeep\n|turn|22\n|\n|t:|1781462275\n|move|p1a: Ogerpon|Ivy Cudgel|p2a: Appletun|[anim] Ivy Cudgel Fire\n|-supereffective|p2a: Appletun\n|-damage|p2a: Appletun|0 fnt\n|faint|p2a: Appletun\n|\n|win|Tam100089\n|raw|Tam100089's rating: 1000 &rarr; <strong>1048</strong><br />(+48 for winning)\n|raw|Ffgvdrt's rating: 1073 &rarr; <strong>1048</strong><br />(-25 for losing)\n", "uploadtime": 1781462285, "views": 2, "formatid": "gen9randombattle", "rating": 1048, "private": 0, "password": null}