{"id": "gen9randombattle-2631494417", "format": "[Gen 9] Random Battle", "players": ["Alexspitzcharles", "Ggstarmie"], "log": "|j|\u2606Alexspitzcharles\n|j|\u2606Ggstarmie\n|t:|1781392165\n|gametype|singles\n|player|p1|Alexspitzcharles|170|1933\n|player|p2|Ggstarmie|2|2082\n|gen|9\n|tier|[Gen 9] Random Battle\n|rated|\n|rule|Species Clause: Limit one of each Pok\u00e9mon\n|rule|HP Percentage Mod: HP is shown in percentages\n|rule|Sleep Clause Mod: Limit one foe put to sleep\n|rule|Illusion Level Mod: Illusion disguises the Pok\u00e9mon's true level\n|\n|t:|1781392165\n|teamsize|p1|6\n|teamsize|p2|6\n|start\n|switch|p1a: Goodra|Goodra, L85, M|292/292\n|switch|p2a: Magcargo|Magcargo, L95, M|268/268\n|turn|1\n|\n|t:|1781392190\n|switch|p2a: Mandibuzz|Mandibuzz, L85, F|326/326\n|move|p1a: Goodra|Dragon Tail|p2a: Mandibuzz\n|-damage|p2a: Mandibuzz|268/326\n|drag|p2a: Golurk|Golurk, L87|297/297\n|\n|upkeep\n|turn|2\n|\n|t:|1781392201\n|move|p1a: Goodra|Knock Off|p2a: Golurk\n|-supereffective|p2a: Golurk\n|-damage|p2a: Golurk|145/297\n|-enditem|p2a: Golurk|Choice Band|[from] move: Knock Off|[of] p1a: Goodra\n|move|p2a: Golurk|Poltergeist|p1a: Goodra\n|-activate|p1a: Goodra|move: Poltergeist|Assault Vest\n|-crit|p1a: Goodra\n|-damage|p1a: Goodra|51/292\n|\n|upkeep\n|turn|3\n|\n|t:|1781392211\n|move|p1a: Goodra|Draco Meteor|p2a: Golurk\n|-damage|p2a: Golurk|0 fnt\n|-unboost|p1a: Goodra|spa|2\n|faint|p2a: Golurk\n|\n|upkeep\n|\n|t:|1781392229\n|switch|p2a: Arbok|Arbok, L87, F|246/246\n|-ability|p2a: Arbok|Intimidate|boost\n|-unboost|p1a: Goodra|atk|1\n|turn|4\n|\n|t:|1781392239\n|move|p2a: Arbok|Earthquake|p1a: Goodra\n|-damage|p1a: Goodra|0 fnt\n|faint|p1a: Goodra\n|\n|upkeep\n|\n|t:|1781392249\n|switch|p1a: Volbeat|Volbeat, L90, M|263/263\n|turn|5\n|\n|t:|1781392259\n|switch|p1a: Quagsire|Quagsire, L84, M|297/297\n|switch|p2a: Mandibuzz|Mandibuzz, L85, F|268/326\n|\n|upkeep\n|turn|6\n|\n|t:|1781392275\n|move|p2a: Mandibuzz|Toxic|p1a: Quagsire|[miss]\n|-miss|p2a: Mandibuzz|p1a: Quagsire\n|move|p1a: Quagsire|Toxic|p2a: Mandibuzz\n|-status|p2a: Mandibuzz|tox\n|\n|-damage|p2a: Mandibuzz|248/326 tox|[from] psn\n|upkeep\n|turn|7\n|\n|t:|1781392297\n|switch|p1a: Golurk|Golurk, L87|297/297\n|move|p2a: Mandibuzz|Toxic|p1a: Golurk\n|-status|p1a: Golurk|tox\n|\n|-damage|p2a: Mandibuzz|208/326 tox|[from] psn\n|-damage|p1a: Golurk|279/297 tox|[from] psn\n|upkeep\n|turn|8\n|\n|t:|1781392308\n|switch|p2a: Arbok|Arbok, L87, F|246/246\n|-ability|p2a: Arbok|Intimidate|boost\n|-unboost|p1a: Golurk|atk|1\n|move|p1a: Golurk|Stealth Rock|p2a: Arbok\n|-sidestart|p2: Ggstarmie|move: Stealth Rock\n|\n|-damage|p1a: Golurk|243/297 tox|[from] psn\n|upkeep\n|turn|9\n|\n|t:|1781392326\n|switch|p2a: Mandibuzz|Mandibuzz, L85, F|208/326 tox\n|move|p1a: Golurk|Dynamic Punch|p2a: Mandibuzz\n|-damage|p2a: Mandibuzz|135/326 tox\n|-start|p2a: Mandibuzz|confusion\n|-damage|p1a: Golurk|214/297 tox|[from] item: Life Orb\n|\n|-damage|p2a: Mandibuzz|115/326 tox|[from] psn\n|-damage|p1a: Golurk|160/297 tox|[from] psn\n|upkeep\n|turn|10\n|\n|t:|1781392335\n|switch|p1a: Persian|Persian-Alola, L86, M|252/252\n|-activate|p2a: Mandibuzz|confusion\n|move|p2a: Mandibuzz|Roost|p2a: Mandibuzz\n|-heal|p2a: Mandibuzz|278/326 tox\n|-singleturn|p2a: Mandibuzz|move: Roost\n|\n|-damage|p2a: Mandibuzz|238/326 tox|[from] psn\n|upkeep\n|turn|11\n|\n|t:|1781392337\n|move|p1a: Persian|Thunderbolt|p2a: Mandibuzz\n|-supereffective|p2a: Mandibuzz\n|-damage|p2a: Mandibuzz|138/326 tox\n|-end|p2a: Mandibuzz|confusion\n|move|p2a: Mandibuzz|Toxic|p1a: Persian\n|-status|p1a: Persian|tox\n|\n|-damage|p1a: Persian|237/252 tox|[from] psn\n|-damage|p2a: Mandibuzz|78/326 tox|[from] psn\n|upkeep\n|turn|12\n|\n|t:|1781392343\n|switch|p2a: Regigigas|Regigigas, L84|322/322\n|-damage|p2a: Regigigas|282/322|[from] Stealth Rock\n|-start|p2a: Regigigas|ability: Slow Start\n|move|p1a: Persian|Thunderbolt|p2a: Regigigas\n|-damage|p2a: Regigigas|236/322\n|\n|-heal|p1a: Persian|252/252 tox|[from] item: Leftovers\n|-heal|p2a: Regigigas|256/322|[from] item: Leftovers\n|-damage|p1a: Persian|222/252 tox|[from] psn\n|upkeep\n|turn|13\n|\n|t:|1781392348\n|switch|p1a: Volbeat|Volbeat, L90, M|263/263\n|move|p2a: Regigigas|Knock Off|p1a: Volbeat\n|-damage|p1a: Volbeat|209/263\n|-enditem|p1a: Volbeat|Heavy-Duty Boots|[from] move: Knock Off|[of] p2a: Regigigas\n|\n|-heal|p2a: Regigigas|276/322|[from] item: Leftovers\n|upkeep\n|turn|14\n|\n|t:|1781392355\n|move|p1a: Volbeat|Lunge|p2a: Regigigas\n|-damage|p2a: Regigigas|212/322\n|-unboost|p2a: Regigigas|atk|1\n|move|p2a: Regigigas|Body Slam|p1a: Volbeat\n|-damage|p1a: Volbeat|160/263\n|\n|-heal|p2a: Regigigas|232/322|[from] item: Leftovers\n|upkeep\n|turn|15\n|\n|t:|1781392360\n|move|p1a: Volbeat|Thunder Wave|p2a: Regigigas|[miss]\n|-miss|p1a: Volbeat|p2a: Regigigas\n|move|p2a: Regigigas|Body Slam|p1a: Volbeat\n|-damage|p1a: Volbeat|114/263\n|\n|-heal|p2a: Regigigas|252/322|[from] item: Leftovers\n|upkeep\n|turn|16\n|\n|t:|1781392363\n|move|p1a: Volbeat|Thunder Wave|p2a: Regigigas|[miss]\n|-miss|p1a: Volbeat|p2a: Regigigas\n|move|p2a: Regigigas|Body Slam|p1a: Volbeat\n|-damage|p1a: Volbeat|68/263\n|-status|p1a: Volbeat|par\n|\n|-heal|p2a: Regigigas|272/322|[from] item: Leftovers\n|upkeep\n|turn|17\n|\n|t:|1781392369\n|switch|p2a: Mandibuzz|Mandibuzz, L85, F|78/326 tox\n|move|p1a: Volbeat|Thunder Wave|p2a: Mandibuzz\n|-hint|Since gen 7, Dark is immune to Prankster moves.\n|-immune|p2a: Mandibuzz\n|\n|-damage|p2a: Mandibuzz|58/326 tox|[from] psn\n|upkeep\n|turn|18\n|\n|t:|1781392382\n|switch|p1a: Persian|Persian-Alola, L86, M|222/252 tox\n|move|p2a: Mandibuzz|Roost|p2a: Mandibuzz\n|-heal|p2a: Mandibuzz|221/326 tox\n|-singleturn|p2a: Mandibuzz|move: Roost\n|\n|-heal|p1a: Persian|237/252 tox|[from] item: Leftovers\n|-damage|p1a: Persian|222/252 tox|[from] psn\n|-damage|p2a: Mandibuzz|181/326 tox|[from] psn\n|upkeep\n|turn|19\n|\n|t:|1781392388\n|switch|p2a: Regigigas|Regigigas, L84|272/322\n|-damage|p2a: Regigigas|232/322|[from] Stealth Rock\n|-start|p2a: Regigigas|ability: Slow Start\n|move|p1a: Persian|Thunderbolt|p2a: Regigigas\n|-damage|p2a: Regigigas|188/322\n|\n|-heal|p1a: Persian|237/252 tox|[from] item: Leftovers\n|-heal|p2a: Regigigas|208/322|[from] item: Leftovers\n|-damage|p1a: Persian|207/252 tox|[from] psn\n|upkeep\n|turn|20\n|\n|t:|1781392398\n|move|p1a: Persian|Hypnosis|p2a: Regigigas|[miss]\n|-miss|p1a: Persian|p2a: Regigigas\n|move|p2a: Regigigas|Body Slam|p1a: Persian\n|-damage|p1a: Persian|165/252 tox\n|\n|-heal|p1a: Persian|180/252 tox|[from] item: Leftovers\n|-heal|p2a: Regigigas|228/322|[from] item: Leftovers\n|-damage|p1a: Persian|135/252 tox|[from] psn\n|upkeep\n|turn|21\n|\n|t:|1781392401\n|move|p1a: Persian|Hypnosis|p2a: Regigigas\n|-status|p2a: Regigigas|slp|[from] move: Hypnosis\n|cant|p2a: Regigigas|slp\n|\n|-heal|p1a: Persian|150/252 tox|[from] item: Leftovers\n|-heal|p2a: Regigigas|248/322 slp|[from] item: Leftovers\n|-damage|p1a: Persian|90/252 tox|[from] psn\n|upkeep\n|turn|22\n|\n|t:|1781392419\n|switch|p1a: Serperior|Serperior, L79, F|248/248\n|switch|p2a: Mandibuzz|Mandibuzz, L85, F|181/326 tox\n|\n|-damage|p2a: Mandibuzz|161/326 tox|[from] psn\n|upkeep\n|turn|23\n|\n|t:|1781392429\n|switch|p1a: Persian|Persian-Alola, L86, M|90/252 tox\n|move|p2a: Mandibuzz|Brave Bird|p1a: Persian\n|-damage|p1a: Persian|26/252 tox\n|-damage|p2a: Mandibuzz|140/326 tox|[from] Recoil\n|\n|-heal|p1a: Persian|41/252 tox|[from] item: Leftovers\n|-damage|p1a: Persian|26/252 tox|[from] psn\n|-damage|p2a: Mandibuzz|100/326 tox|[from] psn\n|upkeep\n|turn|24\n|\n|t:|1781392433\n|switch|p2a: Regigigas|Regigigas, L84|248/322 slp\n|-damage|p2a: Regigigas|208/322 slp|[from] Stealth Rock\n|-start|p2a: Regigigas|ability: Slow Start\n|move|p1a: Persian|Thunderbolt|p2a: Regigigas\n|-damage|p2a: Regigigas|164/322 slp\n|\n|-heal|p1a: Persian|41/252 tox|[from] item: Leftovers\n|-heal|p2a: Regigigas|184/322 slp|[from] item: Leftovers\n|-damage|p1a: Persian|11/252 tox|[from] psn\n|upkeep\n|turn|25\n|\n|t:|1781392439\n|move|p1a: Persian|Dark Pulse|p2a: Regigigas\n|-damage|p2a: Regigigas|118/322 slp\n|cant|p2a: Regigigas|slp\n|move|p2a: Regigigas|Sleep Talk|p2a: Regigigas\n|move|p2a: Regigigas|Rest||[from] move: Sleep Talk|[still]\n|-fail|p2a: Regigigas\n|\n|-heal|p1a: Persian|26/252 tox|[from] item: Leftovers\n|-heal|p2a: Regigigas|138/322 slp|[from] item: Leftovers\n|-damage|p1a: Persian|0 fnt|[from] psn\n|faint|p1a: Persian\n|upkeep\n|\n|t:|1781392441\n|switch|p1a: Serperior|Serperior, L79, F|248/248\n|turn|26\n|\n|t:|1781392457\n|switch|p2a: Mandibuzz|Mandibuzz, L85, F|100/326 tox\n|move|p1a: Serperior|Leaf Storm|p2a: Mandibuzz\n|-resisted|p2a: Mandibuzz\n|-damage|p2a: Mandibuzz|43/326 tox\n|-boost|p1a: Serperior|spa|2\n|-damage|p1a: Serperior|224/248|[from] item: Life Orb\n|\n|-damage|p2a: Mandibuzz|23/326 tox|[from] psn\n|upkeep\n|turn|27\n|\n|t:|1781392469\n|move|p1a: Serperior|Leaf Storm|p2a: Mandibuzz|[miss]\n|-miss|p1a: Serperior|p2a: Mandibuzz\n|move|p2a: Mandibuzz|Brave Bird|p1a: Serperior\n|-supereffective|p1a: Serperior\n|-damage|p1a: Serperior|32/248\n|-damage|p2a: Mandibuzz|0 fnt|[from] Recoil\n|faint|p2a: Mandibuzz\n|\n|upkeep\n|inactive|Battle timer is ON: inactive players will automatically lose when time's up. (requested by Alexspitzcharles)\n|\n|t:|1781392479\n|switch|p2a: Arbok|Arbok, L87, F|246/246\n|-damage|p2a: Arbok|216/246|[from] Stealth Rock\n|-ability|p2a: Arbok|Intimidate|boost\n|-boost|p1a: Serperior|atk|1\n|turn|28\n|\n|t:|1781392487\n|move|p2a: Arbok|Sucker Punch||[still]\n|-fail|p2a: Arbok\n|move|p1a: Serperior|Synthesis|p1a: Serperior\n|-heal|p1a: Serperior|156/248\n|\n|-heal|p2a: Arbok|231/246|[from] item: Leftovers\n|upkeep\n|turn|29\n|\n|t:|1781392502\n|switch|p1a: Volbeat|Volbeat, L90, M|68/263 par\n|move|p2a: Arbok|Gunk Shot|p1a: Volbeat\n|-damage|p1a: Volbeat|0 fnt\n|faint|p1a: Volbeat\n|\n|-heal|p2a: Arbok|246/246|[from] item: Leftovers\n|upkeep\n|\n|t:|1781392505\n|switch|p1a: Quagsire|Quagsire, L84, M|297/297\n|turn|30\n|l|\u2606Ggstarmie\n|inactive|Ggstarmie disconnected and has a minute to reconnect!\n|player|p2|\n|inactive|Ggstarmie has 30 seconds to reconnect!\n|inactive|Ggstarmie has 20 seconds to reconnect!\n|inactive|Ggstarmie has 15 seconds to reconnect!\n|inactive|Ggstarmie has 10 seconds to reconnect!\n|inactive|Ggstarmie has 5 seconds to reconnect!\n|-message|Ggstarmie lost due to inactivity.\n|\n|win|Alexspitzcharles\n", "uploadtime": 1781392167, "views": 4, "formatid": "gen9randombattle", "rating": null, "private": 0, "password": null}