{"id": "gen9randombattle-2631380459", "format": "[Gen 9] Random Battle", "players": ["cococem", "opik8"], "log": "|j|\u2606cococem\n|j|\u2606opik8\n|t:|1781377840\n|gametype|singles\n|player|p1|cococem|baker|2048\n|player|p2|opik8|colress|1986\n|gen|9\n|tier|[Gen 9] Random Battle\n|rated|\n|rule|Species Clause: Limit one of each Pok\u00e9mon\n|rule|HP Percentage Mod: HP is shown in percentages\n|rule|Sleep Clause Mod: Limit one foe put to sleep\n|rule|Illusion Level Mod: Illusion disguises the Pok\u00e9mon's true level\n|\n|t:|1781377840\n|teamsize|p1|6\n|teamsize|p2|6\n|start\n|switch|p1a: Emboar|Emboar, L84, F|322/322\n|switch|p2a: Chimecho|Chimecho, L93, M|290/290\n|turn|1\n|inactive|Battle timer is ON: inactive players will automatically lose when time's up. (requested by opik8)\n|\n|t:|1781377849\n|switch|p1a: Umbreon|Umbreon, L84, M|297/297\n|move|p2a: Chimecho|Calm Mind|p2a: Chimecho\n|-boost|p2a: Chimecho|spa|1\n|-boost|p2a: Chimecho|spd|1\n|\n|upkeep\n|turn|2\n|\n|t:|1781377853\n|move|p2a: Chimecho|Dazzling Gleam|p1a: Umbreon\n|-supereffective|p1a: Umbreon\n|-damage|p1a: Umbreon|145/297\n|move|p1a: Umbreon|Toxic|p2a: Chimecho\n|-status|p2a: Chimecho|tox\n|\n|-heal|p1a: Umbreon|163/297|[from] item: Leftovers\n|-damage|p2a: Chimecho|272/290 tox|[from] psn\n|upkeep\n|turn|3\n|\n|t:|1781377857\n|move|p2a: Chimecho|Calm Mind|p2a: Chimecho\n|-boost|p2a: Chimecho|spa|1\n|-boost|p2a: Chimecho|spd|1\n|move|p1a: Umbreon|Wish|p1a: Umbreon\n|\n|-heal|p2a: Chimecho|290/290 tox|[from] item: Leftovers\n|-heal|p1a: Umbreon|181/297|[from] item: Leftovers\n|-damage|p2a: Chimecho|254/290 tox|[from] psn\n|upkeep\n|turn|4\n|\n|t:|1781377860\n|move|p1a: Umbreon|Protect|p1a: Umbreon\n|-singleturn|p1a: Umbreon|Protect\n|move|p2a: Chimecho|Calm Mind|p2a: Chimecho\n|-boost|p2a: Chimecho|spa|1\n|-boost|p2a: Chimecho|spd|1\n|\n|-heal|p1a: Umbreon|297/297|[from] move: Wish|[wisher] Umbreon\n|-heal|p2a: Chimecho|272/290 tox|[from] item: Leftovers\n|-damage|p2a: Chimecho|218/290 tox|[from] psn\n|upkeep\n|turn|5\n|\n|t:|1781377862\n|switch|p1a: Camerupt|Camerupt, L91, F|275/275\n|move|p2a: Chimecho|Dazzling Gleam|p1a: Camerupt\n|-resisted|p1a: Camerupt\n|-damage|p1a: Camerupt|179/275\n|\n|-heal|p2a: Chimecho|236/290 tox|[from] item: Leftovers\n|-heal|p1a: Camerupt|196/275|[from] item: Leftovers\n|-damage|p2a: Chimecho|164/290 tox|[from] psn\n|upkeep\n|turn|6\n|\n|t:|1781377864\n|move|p2a: Chimecho|Psychic Noise|p1a: Camerupt\n|-damage|p1a: Camerupt|0 fnt\n|faint|p1a: Camerupt\n|\n|-heal|p2a: Chimecho|182/290 tox|[from] item: Leftovers\n|-damage|p2a: Chimecho|92/290 tox|[from] psn\n|upkeep\n|\n|t:|1781377867\n|switch|p1a: Lycanroc|Lycanroc, L86, M|269/269\n|turn|7\n|\n|t:|1781377871\n|move|p1a: Lycanroc|Stone Edge|p2a: Chimecho\n|-damage|p2a: Chimecho|0 fnt\n|faint|p2a: Chimecho\n|-damage|p1a: Lycanroc|243/269|[from] item: Life Orb\n|\n|upkeep\n|\n|t:|1781377876\n|switch|p2a: Forretress|Forretress, L84, M|263/263\n|turn|8\n|\n|t:|1781377880\n|move|p1a: Lycanroc|Taunt|p2a: Forretress\n|-start|p2a: Forretress|move: Taunt\n|cant|p2a: Forretress|move: Taunt|Toxic Spikes\n|\n|upkeep\n|turn|9\n|\n|t:|1781377884\n|switch|p1a: Annihilape|Annihilape, L76, M|292/292\n|move|p2a: Forretress|Volt Switch|p1a: Annihilape\n|-damage|p1a: Annihilape|252/292\n|\n|t:|1781377887\n|switch|p2a: Braviary|Braviary, L85, M|309/309|[from] Volt Switch\n|\n|upkeep\n|turn|10\n|\n|t:|1781377899\n|switch|p1a: Lycanroc|Lycanroc, L86, M|243/269\n|move|p2a: Braviary|Bulk Up|p2a: Braviary\n|-boost|p2a: Braviary|atk|1\n|-boost|p2a: Braviary|def|1\n|\n|upkeep\n|turn|11\n|\n|t:|1781377901\n|move|p1a: Lycanroc|Stone Edge|p2a: Braviary\n|-supereffective|p2a: Braviary\n|-damage|p2a: Braviary|75/309\n|-damage|p1a: Lycanroc|217/269|[from] item: Life Orb\n|move|p2a: Braviary|Close Combat|p1a: Lycanroc\n|-supereffective|p1a: Lycanroc\n|-damage|p1a: Lycanroc|0 fnt\n|-unboost|p2a: Braviary|def|1\n|-unboost|p2a: Braviary|spd|1\n|faint|p1a: Lycanroc\n|\n|upkeep\n|\n|t:|1781377905\n|switch|p1a: Chimecho|Chimecho, L93, M|290/290\n|turn|12\n|\n|t:|1781377909\n|move|p2a: Braviary|Brave Bird|p1a: Chimecho\n|-damage|p1a: Chimecho|43/290\n|-damage|p2a: Braviary|0 fnt|[from] Recoil\n|faint|p2a: Braviary\n|move|p1a: Chimecho|Cosmic Power|p1a: Chimecho\n|-boost|p1a: Chimecho|def|1\n|-boost|p1a: Chimecho|spd|1\n|\n|-heal|p1a: Chimecho|61/290|[from] item: Leftovers\n|upkeep\n|\n|t:|1781377912\n|switch|p2a: Dugtrio|Dugtrio-Alola, L84, F|196/196\n|turn|13\n|\n|t:|1781377916\n|move|p2a: Dugtrio|Earthquake|p1a: Chimecho\n|-immune|p1a: Chimecho|[from] ability: Levitate\n|move|p1a: Chimecho|Recover|p1a: Chimecho\n|-heal|p1a: Chimecho|206/290\n|\n|-heal|p1a: Chimecho|224/290|[from] item: Leftovers\n|upkeep\n|turn|14\n|\n|t:|1781377920\n|-terastallize|p2a: Dugtrio|Steel\n|move|p2a: Dugtrio|Iron Head|p1a: Chimecho\n|-damage|p1a: Chimecho|133/290\n|-damage|p2a: Dugtrio|177/196|[from] item: Life Orb\n|move|p1a: Chimecho|Cosmic Power|p1a: Chimecho\n|-boost|p1a: Chimecho|def|1\n|-boost|p1a: Chimecho|spd|1\n|\n|-heal|p1a: Chimecho|151/290|[from] item: Leftovers\n|upkeep\n|turn|15\n|\n|t:|1781377925\n|move|p2a: Dugtrio|Iron Head|p1a: Chimecho\n|-damage|p1a: Chimecho|78/290\n|-damage|p2a: Dugtrio|158/196|[from] item: Life Orb\n|move|p1a: Chimecho|Recover|p1a: Chimecho\n|-heal|p1a: Chimecho|223/290\n|\n|-heal|p1a: Chimecho|241/290|[from] item: Leftovers\n|upkeep\n|turn|16\n|\n|t:|1781377929\n|switch|p2a: Bellibolt|Bellibolt, L84, F|320/320\n|move|p1a: Chimecho|Cosmic Power|p1a: Chimecho\n|-boost|p1a: Chimecho|def|1\n|-boost|p1a: Chimecho|spd|1\n|\n|-heal|p1a: Chimecho|259/290|[from] item: Leftovers\n|upkeep\n|turn|17\n|\n|t:|1781377955\n|-terastallize|p1a: Chimecho|Steel\n|move|p1a: Chimecho|Cosmic Power|p1a: Chimecho\n|-boost|p1a: Chimecho|def|1\n|-boost|p1a: Chimecho|spd|1\n|move|p2a: Bellibolt|Toxic|p1a: Chimecho\n|-immune|p1a: Chimecho\n|\n|-heal|p1a: Chimecho|277/290|[from] item: Leftovers\n|upkeep\n|turn|18\n|\n|t:|1781377963\n|switch|p2a: Armarouge|Armarouge, L80, F|267/267\n|move|p1a: Chimecho|Cosmic Power|p1a: Chimecho\n|-boost|p1a: Chimecho|def|1\n|-boost|p1a: Chimecho|spd|1\n|\n|-heal|p1a: Chimecho|290/290|[from] item: Leftovers\n|upkeep\n|turn|19\n|\n|t:|1781377970\n|move|p1a: Chimecho|Cosmic Power|p1a: Chimecho\n|-boost|p1a: Chimecho|def|1\n|-boost|p1a: Chimecho|spd|1\n|move|p2a: Armarouge|Armor Cannon|p1a: Chimecho\n|-supereffective|p1a: Chimecho\n|-damage|p1a: Chimecho|200/290\n|-unboost|p2a: Armarouge|def|1\n|-unboost|p2a: Armarouge|spd|1\n|\n|-heal|p1a: Chimecho|218/290|[from] item: Leftovers\n|upkeep\n|turn|20\n|\n|t:|1781377972\n|move|p1a: Chimecho|Stored Power|p2a: Armarouge\n|-resisted|p2a: Armarouge\n|-damage|p2a: Armarouge|0 fnt\n|faint|p2a: Armarouge\n|\n|-heal|p1a: Chimecho|236/290|[from] item: Leftovers\n|upkeep\n|-message|opik8 forfeited.\n|\n|win|cococem\n", "uploadtime": 1781377842, "views": 8, "formatid": "gen9randombattle", "rating": null, "private": 0, "password": null}