{"id": "gen9randombattle-2631956838", "format": "[Gen 9] Random Battle", "players": ["personanongrattata", "Irongraf"], "log": "|j|\u2606personanongrattata\n|j|\u2606Irongraf\n|t:|1781459770\n|gametype|singles\n|player|p1|personanongrattata|youngster-gen4dp|2185\n|player|p2|Irongraf|steven|2122\n|gen|9\n|tier|[Gen 9] Random Battle\n|rated|\n|rule|Species Clause: Limit one of each Pok\u00e9mon\n|rule|HP Percentage Mod: HP is shown in percentages\n|rule|Sleep Clause Mod: Limit one foe put to sleep\n|rule|Illusion Level Mod: Illusion disguises the Pok\u00e9mon's true level\n|\n|t:|1781459770\n|teamsize|p1|6\n|teamsize|p2|6\n|start\n|switch|p1a: Arceus|Arceus-Rock, L74|300/300\n|switch|p2a: Glaceon|Glaceon, L94, F|275/275\n|turn|1\n|inactive|Battle timer is ON: inactive players will automatically lose when time's up. (requested by personanongrattata)\n|\n|t:|1781459779\n|switch|p1a: Dewgong|Dewgong, L94, M|322/322\n|switch|p2a: Electrode|Electrode-Hisui, L87|246/246\n|\n|upkeep\n|turn|2\n|\n|t:|1781459790\n|switch|p1a: Jirachi|Jirachi, L80|291/291\n|move|p2a: Electrode|Thunderbolt|p1a: Jirachi\n|-damage|p1a: Jirachi|203/291\n|\n|-heal|p1a: Jirachi|221/291|[from] item: Leftovers\n|upkeep\n|turn|3\n|\n|t:|1781459797\n|move|p2a: Electrode|Substitute|p2a: Electrode\n|-start|p2a: Electrode|Substitute\n|-damage|p2a: Electrode|185/246\n|move|p1a: Jirachi|Wish|p1a: Jirachi\n|\n|-heal|p2a: Electrode|200/246|[from] item: Leftovers\n|-heal|p1a: Jirachi|239/291|[from] item: Leftovers\n|upkeep\n|turn|4\n|\n|t:|1781459800\n|move|p2a: Electrode|Leech Seed|p1a: Jirachi\n|-start|p1a: Jirachi|move: Leech Seed\n|move|p1a: Jirachi|Body Slam|p2a: Electrode\n|-end|p2a: Electrode|Substitute\n|\n|-heal|p1a: Jirachi|291/291|[from] move: Wish|[wisher] Jirachi\n|-heal|p2a: Electrode|215/246|[from] item: Leftovers\n|-damage|p1a: Jirachi|255/291|[from] Leech Seed|[of] p2a: Electrode\n|-heal|p2a: Electrode|246/246|[silent]\n|upkeep\n|turn|5\n|\n|t:|1781459810\n|switch|p1a: Venomoth|Venomoth, L84, F|255/255\n|move|p2a: Electrode|Thunderbolt|p1a: Venomoth\n|-crit|p1a: Venomoth\n|-damage|p1a: Venomoth|113/255\n|\n|upkeep\n|turn|6\n|\n|t:|1781459819\n|move|p2a: Electrode|Thunderbolt|p1a: Venomoth\n|-damage|p1a: Venomoth|8/255\n|move|p1a: Venomoth|Quiver Dance|p1a: Venomoth\n|-boost|p1a: Venomoth|spa|1\n|-boost|p1a: Venomoth|spd|1\n|-boost|p1a: Venomoth|spe|1\n|\n|upkeep\n|turn|7\n|\n|t:|1781459846\n|switch|p1a: Bisharp|Bisharp, L79, F|232/232\n|-terastallize|p2a: Electrode|Poison\n|move|p2a: Electrode|Thunderbolt|p1a: Bisharp\n|-damage|p1a: Bisharp|156/232\n|\n|upkeep\n|turn|8\n|\n|t:|1781459860\n|move|p2a: Electrode|Thunderbolt|p1a: Bisharp\n|-damage|p1a: Bisharp|84/232\n|-status|p1a: Bisharp|par\n|move|p1a: Bisharp|Throat Chop|p2a: Electrode\n|-damage|p2a: Electrode|134/246\n|-start|p2a: Electrode|Throat Chop|[silent]\n|\n|-heal|p2a: Electrode|149/246|[from] item: Leftovers\n|upkeep\n|turn|9\n|\n|t:|1781459872\n|move|p2a: Electrode|Thunderbolt|p1a: Bisharp\n|-damage|p1a: Bisharp|6/232 par\n|move|p1a: Bisharp|Iron Head|p2a: Electrode\n|-damage|p2a: Electrode|47/246\n|\n|-heal|p2a: Electrode|62/246|[from] item: Leftovers\n|-end|p2a: Electrode|Throat Chop|[silent]\n|upkeep\n|turn|10\n|\n|t:|1781459878\n|move|p2a: Electrode|Leech Seed|p1a: Bisharp\n|-start|p1a: Bisharp|move: Leech Seed\n|move|p1a: Bisharp|Throat Chop|p2a: Electrode\n|-damage|p2a: Electrode|0 fnt\n|faint|p2a: Electrode\n|\n|upkeep\n|\n|t:|1781459883\n|switch|p2a: Zekrom|Zekrom, L71|259/259\n|-ability|p2a: Zekrom|Teravolt\n|turn|11\n|\n|t:|1781459892\n|move|p2a: Zekrom|Dragon Dance|p2a: Zekrom\n|-boost|p2a: Zekrom|atk|1\n|-boost|p2a: Zekrom|spe|1\n|move|p1a: Bisharp|Throat Chop|p2a: Zekrom\n|-damage|p2a: Zekrom|168/259\n|-start|p2a: Zekrom|Throat Chop|[silent]\n|\n|-heal|p2a: Zekrom|184/259|[from] item: Leftovers\n|-damage|p1a: Bisharp|0 fnt|[from] Leech Seed|[of] p2a: Zekrom\n|-heal|p2a: Zekrom|190/259|[silent]\n|faint|p1a: Bisharp\n|upkeep\n|\n|t:|1781459899\n|switch|p1a: Arceus|Arceus-Rock, L74|300/300\n|turn|12\n|\n|t:|1781459906\n|-terastallize|p1a: Arceus|Ground\n|move|p2a: Zekrom|Bolt Strike|p1a: Arceus\n|-immune|p1a: Arceus\n|move|p1a: Arceus|Dragon Dance|p1a: Arceus\n|-boost|p1a: Arceus|atk|1\n|-boost|p1a: Arceus|spe|1\n|\n|-heal|p2a: Zekrom|206/259|[from] item: Leftovers\n|-end|p2a: Zekrom|Throat Chop|[silent]\n|upkeep\n|turn|13\n|\n|t:|1781459909\n|move|p1a: Arceus|Earthquake|p2a: Zekrom\n|-supereffective|p2a: Zekrom\n|-damage|p2a: Zekrom|0 fnt\n|faint|p2a: Zekrom\n|\n|upkeep\n|\n|t:|1781459912\n|switch|p2a: Flapple|Flapple, L88, M|266/266\n|turn|14\n|\n|t:|1781459916\n|switch|p1a: Jirachi|Jirachi, L80|255/291\n|move|p2a: Flapple|Grav Apple|p1a: Jirachi\n|-resisted|p1a: Jirachi\n|-damage|p1a: Jirachi|177/291\n|-unboost|p1a: Jirachi|def|1\n|\n|-heal|p1a: Jirachi|195/291|[from] item: Leftovers\n|upkeep\n|turn|15\n|\n|t:|1781459923\n|switch|p2a: Ceruledge|Ceruledge, L78, M|245/245\n|move|p1a: Jirachi|Wish|p1a: Jirachi\n|\n|-heal|p1a: Jirachi|213/291|[from] item: Leftovers\n|upkeep\n|turn|16\n|\n|t:|1781459930\n|switch|p1a: Dewgong|Dewgong, L94, M|322/322\n|move|p2a: Ceruledge|Swords Dance|p2a: Ceruledge\n|-boost|p2a: Ceruledge|atk|2\n|\n|upkeep\n|turn|17\n|\n|t:|1781459940\n|move|p1a: Dewgong|Encore|p2a: Ceruledge\n|-start|p2a: Ceruledge|Encore\n|move|p2a: Ceruledge|Swords Dance|p2a: Ceruledge\n|-boost|p2a: Ceruledge|atk|2\n|\n|upkeep\n|turn|18\n|\n|t:|1781459943\n|switch|p2a: Glaceon|Glaceon, L94, F|275/275\n|move|p1a: Dewgong|Surf|p2a: Glaceon\n|-damage|p2a: Glaceon|190/275\n|\n|upkeep\n|turn|19\n|\n|t:|1781459949\n|move|p1a: Dewgong|Knock Off|p2a: Glaceon\n|-damage|p2a: Glaceon|138/275\n|-enditem|p2a: Glaceon|Heavy-Duty Boots|[from] move: Knock Off|[of] p1a: Dewgong\n|move|p2a: Glaceon|Wish|p2a: Glaceon\n|\n|upkeep\n|turn|20\n|\n|t:|1781459956\n|move|p2a: Glaceon|Protect|p2a: Glaceon\n|-singleturn|p2a: Glaceon|Protect\n|move|p1a: Dewgong|Surf|p2a: Glaceon\n|-activate|p2a: Glaceon|move: Protect\n|\n|-heal|p2a: Glaceon|275/275|[from] move: Wish|[wisher] Glaceon\n|upkeep\n|turn|21\n|l|\u2606personanongrattata\n|inactive|personanongrattata disconnected and has a minute to reconnect!\n|player|p1|\n|j|\u2606personanongrattata\n|inactive|personanongrattata reconnected and has 140 seconds left.\n|player|p1|personanongrattata|youngster-gen4dp|\n|\n|t:|1781459969\n|move|p1a: Dewgong|Ice Beam|p2a: Glaceon\n|-resisted|p2a: Glaceon\n|-damage|p2a: Glaceon|235/275\n|move|p2a: Glaceon|Freeze-Dry|p1a: Dewgong\n|-damage|p1a: Dewgong|276/322\n|\n|upkeep\n|turn|22\n|inactive|Irongraf has 120 seconds left.\n|\n|t:|1781460005\n|move|p1a: Dewgong|Surf|p2a: Glaceon\n|-damage|p2a: Glaceon|162/275\n|move|p2a: Glaceon|Wish|p2a: Glaceon\n|\n|upkeep\n|turn|23\n|\n|t:|1781460010\n|switch|p2a: Delphox|Delphox, L84, F|263/263\n|move|p1a: Dewgong|Encore||[still]\n|-fail|p1a: Dewgong\n|\n|upkeep\n|turn|24\n|\n|t:|1781460014\n|move|p2a: Delphox|Grass Knot|p1a: Dewgong\n|-supereffective|p1a: Dewgong\n|-damage|p1a: Dewgong|142/322\n|move|p1a: Dewgong|Knock Off|p2a: Delphox\n|-supereffective|p2a: Delphox\n|-damage|p2a: Delphox|121/263\n|-enditem|p2a: Delphox|Heavy-Duty Boots|[from] move: Knock Off|[of] p1a: Dewgong\n|\n|upkeep\n|turn|25\n|\n|t:|1781460022\n|move|p2a: Delphox|Fire Blast|p1a: Dewgong\n|-damage|p1a: Dewgong|88/322\n|move|p1a: Dewgong|Surf|p2a: Delphox\n|-supereffective|p2a: Delphox\n|-damage|p2a: Delphox|0 fnt\n|faint|p2a: Delphox\n|\n|upkeep\n|\n|t:|1781460028\n|switch|p2a: Ceruledge|Ceruledge, L78, M|245/245\n|turn|26\n|\n|t:|1781460032\n|move|p1a: Dewgong|Surf|p2a: Ceruledge\n|-supereffective|p2a: Ceruledge\n|-damage|p2a: Ceruledge|57/245\n|move|p2a: Ceruledge|Close Combat|p1a: Dewgong\n|-supereffective|p1a: Dewgong\n|-damage|p1a: Dewgong|0 fnt\n|-unboost|p2a: Ceruledge|def|1\n|-unboost|p2a: Ceruledge|spd|1\n|faint|p1a: Dewgong\n|\n|upkeep\n|\n|t:|1781460049\n|switch|p1a: Manaphy|Manaphy, L78|284/284\n|turn|27\n|\n|t:|1781460054\n|move|p1a: Manaphy|Tail Glow|p1a: Manaphy\n|-boost|p1a: Manaphy|spa|3\n|move|p2a: Ceruledge|Poltergeist|p1a: Manaphy\n|-activate|p1a: Manaphy|move: Poltergeist|Leftovers\n|-damage|p1a: Manaphy|170/284\n|\n|-heal|p1a: Manaphy|187/284|[from] item: Leftovers\n|upkeep\n|turn|28\n|\n|t:|1781460058\n|move|p1a: Manaphy|Ice Beam|p2a: Ceruledge\n|-resisted|p2a: Ceruledge\n|-damage|p2a: Ceruledge|0 fnt\n|faint|p2a: Ceruledge\n|\n|-heal|p1a: Manaphy|204/284|[from] item: Leftovers\n|upkeep\n|\n|t:|1781460060\n|switch|p2a: Glaceon|Glaceon, L94, F|162/275\n|turn|29\n|\n|t:|1781460063\n|move|p1a: Manaphy|Hydro Pump|p2a: Glaceon\n|-damage|p2a: Glaceon|0 fnt\n|faint|p2a: Glaceon\n|\n|-heal|p1a: Manaphy|221/284|[from] item: Leftovers\n|upkeep\n|\n|t:|1781460065\n|switch|p2a: Flapple|Flapple, L88, M|266/266\n|turn|30\n|-message|Irongraf forfeited.\n|\n|win|personanongrattata\n", "uploadtime": 1781459772, "views": 3, "formatid": "gen9randombattle", "rating": null, "private": 0, "password": null}