{"id": "gen9randombattle-2631588172", "format": "[Gen 9] Random Battle", "players": ["tonym18", "monowak"], "log": "|j|\u2606tonym18\n|j|\u2606monowak\n|t:|1781405206\n|gametype|singles\n|player|p1|tonym18|170|1339\n|player|p2|monowak|101|1370\n|gen|9\n|tier|[Gen 9] Random Battle\n|rated|\n|rule|Species Clause: Limit one of each Pok\u00e9mon\n|rule|HP Percentage Mod: HP is shown in percentages\n|rule|Sleep Clause Mod: Limit one foe put to sleep\n|rule|Illusion Level Mod: Illusion disguises the Pok\u00e9mon's true level\n|\n|t:|1781405206\n|teamsize|p1|6\n|teamsize|p2|6\n|start\n|switch|p1a: Meowstic|Meowstic, L89, M|277/277\n|switch|p2a: Bastiodon|Bastiodon, L89, F|252/252\n|turn|1\n|inactive|Battle timer is ON: inactive players will automatically lose when time's up. (requested by tonym18)\n|\n|t:|1781405220\n|switch|p1a: Zapdos|Zapdos-Galar, L77|265/265\n|move|p2a: Bastiodon|Foul Play|p1a: Zapdos\n|-resisted|p1a: Zapdos\n|-damage|p1a: Zapdos|224/265\n|\n|upkeep\n|turn|2\n|\n|t:|1781405230\n|switch|p2a: Tornadus|Tornadus, L82, M|263/263\n|move|p1a: Zapdos|Close Combat|p2a: Tornadus\n|-resisted|p2a: Tornadus\n|-damage|p2a: Tornadus|188/263\n|-unboost|p1a: Zapdos|def|1\n|-unboost|p1a: Zapdos|spd|1\n|\n|upkeep\n|turn|3\n|\n|t:|1781405243\n|switch|p1a: Cresselia|Cresselia, L80, F|323/323\n|move|p2a: Tornadus|Bleakwind Storm|p1a: Cresselia\n|-damage|p1a: Cresselia|158/323\n|\n|-heal|p1a: Cresselia|178/323|[from] item: Leftovers\n|upkeep\n|turn|4\n|\n|t:|1781405266\n|switch|p2a: Hydreigon|Hydreigon, L79, F|275/275\n|move|p1a: Cresselia|Moonlight|p1a: Cresselia\n|-heal|p1a: Cresselia|323/323\n|\n|upkeep\n|turn|5\n|inactive|tonym18 has 120 seconds left.\n|\n|t:|1781405296\n|switch|p1a: Zapdos|Zapdos-Galar, L77|224/265\n|move|p2a: Hydreigon|Nasty Plot|p2a: Hydreigon\n|-boost|p2a: Hydreigon|spa|2\n|\n|upkeep\n|turn|6\n|inactive|tonym18 has 120 seconds left.\n|\n|t:|1781405308\n|move|p1a: Zapdos|Close Combat|p2a: Hydreigon\n|-supereffective|p2a: Hydreigon\n|-damage|p2a: Hydreigon|0 fnt\n|-unboost|p1a: Zapdos|def|1\n|-unboost|p1a: Zapdos|spd|1\n|faint|p2a: Hydreigon\n|\n|upkeep\n|\n|t:|1781405317\n|switch|p2a: Tornadus|Tornadus, L82, M|188/263\n|turn|7\n|\n|t:|1781405324\n|switch|p1a: Cresselia|Cresselia, L80, F|323/323\n|move|p2a: Tornadus|Bleakwind Storm|p1a: Cresselia\n|-damage|p1a: Cresselia|184/323\n|-unboost|p1a: Cresselia|spe|1\n|\n|-heal|p1a: Cresselia|204/323|[from] item: Leftovers\n|upkeep\n|turn|8\n|inactive|tonym18 has 120 seconds left.\n|-message|monowak forfeited.\n|\n|win|tonym18\n|raw|tonym18's rating: 1339 &rarr; <strong>1361</strong><br />(+22 for winning)\n|raw|monowak's rating: 1370 &rarr; <strong>1348</strong><br />(-22 for losing)\n|l|\u2606monowak\n|player|p2|\n", "uploadtime": 1781405350, "views": 2, "formatid": "gen9randombattle", "rating": 1348, "private": 0, "password": null}