{"id": "gen9randombattle-2631873822", "format": "[Gen 9] Random Battle", "players": ["Sango North", "newsock"], "log": "|j|\u2606Sango North\n|j|\u2606newsock\n|t:|1781450673\n|gametype|singles\n|player|p1|Sango North|1|1902\n|player|p2|newsock|2|1930\n|gen|9\n|tier|[Gen 9] Random Battle\n|rated|\n|rule|Species Clause: Limit one of each Pok\u00e9mon\n|rule|HP Percentage Mod: HP is shown in percentages\n|rule|Sleep Clause Mod: Limit one foe put to sleep\n|rule|Illusion Level Mod: Illusion disguises the Pok\u00e9mon's true level\n|\n|t:|1781450673\n|teamsize|p1|6\n|teamsize|p2|6\n|start\n|switch|p1a: Dodrio|Dodrio, L85, F|241/241\n|switch|p2a: Lapras|Lapras, L87, F|367/367\n|turn|1\n|\n|t:|1781450686\n|switch|p1a: Torkoal|Torkoal, L88, M|266/266\n|-weather|SunnyDay|[from] ability: Drought|[of] p1a: Torkoal\n|move|p2a: Lapras|Ice Beam|p1a: Torkoal\n|-resisted|p1a: Torkoal\n|-damage|p1a: Torkoal|191/266\n|\n|-weather|SunnyDay|[upkeep]\n|upkeep\n|turn|2\n|inactive|Battle timer is ON: inactive players will automatically lose when time's up. (requested by newsock)\n|\n|t:|1781450691\n|switch|p2a: Ninetales|Ninetales-Alola, L78, F|242/242\n|-weather|Snowscape|[from] ability: Snow Warning|[of] p2a: Ninetales\n|move|p1a: Torkoal|Stealth Rock|p2a: Ninetales\n|-sidestart|p2: newsock|move: Stealth Rock\n|\n|-weather|Snowscape|[upkeep]\n|upkeep\n|turn|3\n|\n|t:|1781450701\n|move|p2a: Ninetales|Aurora Veil|p2a: Ninetales\n|-sidestart|p2: newsock|move: Aurora Veil\n|move|p1a: Torkoal|Lava Plume|p2a: Ninetales\n|-supereffective|p2a: Ninetales\n|-damage|p2a: Ninetales|155/242\n|-status|p2a: Ninetales|brn\n|\n|-weather|Snowscape|[upkeep]\n|-damage|p2a: Ninetales|140/242 brn|[from] brn\n|upkeep\n|turn|4\n|\n|t:|1781450710\n|switch|p2a: Ditto|Ditto, L87|225/225\n|-damage|p2a: Ditto|197/225|[from] Stealth Rock\n|-transform|p2a: Ditto|p1a: Torkoal|[from] ability: Imposter\n|-weather|SunnyDay|[from] ability: Drought|[of] p2a: Ditto\n|move|p1a: Torkoal|Lava Plume|p2a: Ditto\n|-resisted|p2a: Ditto\n|-damage|p2a: Ditto|163/225\n|\n|-weather|SunnyDay|[upkeep]\n|upkeep\n|turn|5\n|\n|t:|1781450725\n|switch|p1a: Charizard|Charizard, L85, M|271/271\n|move|p2a: Ditto|Stealth Rock|p1a: Charizard\n|-sidestart|p1: Sango North|move: Stealth Rock\n|\n|-weather|SunnyDay|[upkeep]\n|upkeep\n|turn|6\n|\n|t:|1781450740\n|switch|p2a: Ninetales|Ninetales-Alola, L78, F|140/242 brn\n|-damage|p2a: Ninetales|80/242 brn|[from] Stealth Rock\n|-weather|Snowscape|[from] ability: Snow Warning|[of] p2a: Ninetales\n|move|p1a: Charizard|Dragon Dance|p1a: Charizard\n|-boost|p1a: Charizard|atk|1\n|-boost|p1a: Charizard|spe|1\n|\n|-weather|Snowscape|[upkeep]\n|-damage|p2a: Ninetales|65/242 brn|[from] brn\n|upkeep\n|turn|7\n|\n|t:|1781450747\n|move|p1a: Charizard|Flare Blitz|p2a: Ninetales\n|-supereffective|p2a: Ninetales\n|-damage|p2a: Ninetales|0 fnt\n|faint|p2a: Ninetales\n|-damage|p1a: Charizard|250/271|[from] Recoil\n|\n|-weather|Snowscape|[upkeep]\n|upkeep\n|\n|t:|1781450750\n|switch|p2a: Lapras|Lapras, L87, F|367/367\n|-damage|p2a: Lapras|276/367|[from] Stealth Rock\n|turn|8\n|\n|t:|1781450753\n|switch|p1a: Torkoal|Torkoal, L88, M|191/266\n|-weather|SunnyDay|[from] ability: Drought|[of] p1a: Torkoal\n|move|p2a: Lapras|Sparkling Aria|p1a: Torkoal\n|-supereffective|p1a: Torkoal\n|-damage|p1a: Torkoal|41/266\n|\n|-weather|SunnyDay|[upkeep]\n|upkeep\n|turn|9\n|\n|t:|1781450758\n|move|p2a: Lapras|Sparkling Aria|p1a: Torkoal\n|-supereffective|p1a: Torkoal\n|-damage|p1a: Torkoal|0 fnt\n|faint|p1a: Torkoal\n|\n|-weather|SunnyDay|[upkeep]\n|upkeep\n|\n|t:|1781450768\n|switch|p1a: Sylveon|Sylveon, L85, F|300/300\n|-damage|p1a: Sylveon|263/300|[from] Stealth Rock\n|turn|10\n|\n|t:|1781450788\n|switch|p2a: Tyranitar|Tyranitar, L78, M|284/284\n|-damage|p2a: Tyranitar|249/284|[from] Stealth Rock\n|-weather|Sandstorm|[from] ability: Sand Stream|[of] p2a: Tyranitar\n|move|p1a: Sylveon|Calm Mind|p1a: Sylveon\n|-boost|p1a: Sylveon|spa|1\n|-boost|p1a: Sylveon|spd|1\n|\n|-weather|Sandstorm|[upkeep]\n|-damage|p1a: Sylveon|245/300|[from] Sandstorm\n|-heal|p1a: Sylveon|263/300|[from] item: Leftovers\n|-heal|p2a: Tyranitar|266/284|[from] item: Leftovers\n|-sideend|p2: newsock|move: Aurora Veil\n|upkeep\n|turn|11\n|\n|t:|1781450801\n|move|p1a: Sylveon|Hyper Voice|p2a: Tyranitar\n|-supereffective|p2a: Tyranitar\n|-damage|p2a: Tyranitar|26/284\n|move|p2a: Tyranitar|Stone Edge|p1a: Sylveon\n|-damage|p1a: Sylveon|103/300\n|\n|-weather|Sandstorm|[upkeep]\n|-damage|p1a: Sylveon|85/300|[from] Sandstorm\n|-heal|p1a: Sylveon|103/300|[from] item: Leftovers\n|-heal|p2a: Tyranitar|43/284|[from] item: Leftovers\n|upkeep\n|turn|12\n|\n|t:|1781450806\n|move|p1a: Sylveon|Hyper Voice|p2a: Tyranitar\n|-supereffective|p2a: Tyranitar\n|-damage|p2a: Tyranitar|0 fnt\n|faint|p2a: Tyranitar\n|\n|-weather|Sandstorm|[upkeep]\n|-damage|p1a: Sylveon|85/300|[from] Sandstorm\n|-heal|p1a: Sylveon|103/300|[from] item: Leftovers\n|upkeep\n|\n|t:|1781450811\n|switch|p2a: Decidueye|Decidueye-Hisui, L87, M|295/295\n|-damage|p2a: Decidueye|277/295|[from] Stealth Rock\n|turn|13\n|\n|t:|1781450816\n|move|p2a: Decidueye|Leaf Blade|p1a: Sylveon\n|-damage|p1a: Sylveon|0 fnt\n|faint|p1a: Sylveon\n|\n|-weather|Sandstorm|[upkeep]\n|-damage|p2a: Decidueye|259/295|[from] Sandstorm\n|-heal|p2a: Decidueye|277/295|[from] item: Leftovers\n|upkeep\n|\n|t:|1781450826\n|switch|p1a: Dodrio|Dodrio, L85, F|241/241\n|-damage|p1a: Dodrio|181/241|[from] Stealth Rock\n|turn|14\n|\n|t:|1781450832\n|move|p1a: Dodrio|Brave Bird|p2a: Decidueye\n|-supereffective|p2a: Decidueye\n|-damage|p2a: Decidueye|0 fnt\n|faint|p2a: Decidueye\n|-damage|p1a: Dodrio|90/241|[from] Recoil\n|\n|-weather|none\n|upkeep\n|\n|t:|1781450852\n|switch|p2a: Ditto|Ditto, L87|163/225\n|-damage|p2a: Ditto|135/225|[from] Stealth Rock\n|-transform|p2a: Ditto|p1a: Dodrio|[from] ability: Imposter\n|turn|15\n|inactive|Sango North has 120 seconds left.\n|\n|t:|1781450898\n|switch|p1a: Hydrapple|Hydrapple, L83, F|312/312\n|-damage|p1a: Hydrapple|273/312|[from] Stealth Rock\n|move|p2a: Ditto|Brave Bird|p1a: Hydrapple\n|-supereffective|p1a: Hydrapple\n|-damage|p1a: Hydrapple|31/312\n|-damage|p2a: Ditto|55/225|[from] Recoil\n|\n|upkeep\n|turn|16\n|\n|t:|1781450912\n|move|p2a: Ditto|Brave Bird|p1a: Hydrapple\n|-supereffective|p1a: Hydrapple\n|-damage|p1a: Hydrapple|0 fnt\n|faint|p1a: Hydrapple\n|-damage|p2a: Ditto|45/225|[from] Recoil\n|\n|upkeep\n|\n|t:|1781450916\n|switch|p1a: Charizard|Charizard, L85, M|250/271\n|turn|17\n|inactive|Sango North has 120 seconds left.\n|\n|t:|1781450926\n|switch|p2a: Lapras|Lapras, L87, F|276/367\n|-damage|p2a: Lapras|185/367|[from] Stealth Rock\n|move|p1a: Charizard|Flare Blitz|p2a: Lapras\n|-damage|p2a: Lapras|68/367\n|-damage|p1a: Charizard|211/271|[from] Recoil\n|\n|upkeep\n|turn|18\n|\n|t:|1781450930\n|move|p1a: Charizard|Flare Blitz|p2a: Lapras\n|-damage|p2a: Lapras|0 fnt\n|faint|p2a: Lapras\n|-damage|p1a: Charizard|189/271|[from] Recoil\n|\n|upkeep\n|\n|t:|1781450933\n|switch|p2a: Enamorus|Enamorus, L79, F|247/247\n|-damage|p2a: Enamorus|186/247|[from] Stealth Rock\n|turn|19\n|\n|t:|1781450941\n|switch|p1a: Gengar|Gengar, L81, F|230/230\n|-damage|p1a: Gengar|202/230|[from] Stealth Rock\n|move|p2a: Enamorus|Moonblast|p1a: Gengar\n|-resisted|p1a: Gengar\n|-damage|p1a: Gengar|136/230\n|\n|-heal|p2a: Enamorus|201/247|[from] item: Leftovers\n|upkeep\n|turn|20\n|\n|t:|1781450950\n|-terastallize|p2a: Enamorus|Ground\n|move|p1a: Gengar|Sludge Wave|p2a: Enamorus\n|-resisted|p2a: Enamorus\n|-damage|p2a: Enamorus|120/247\n|-damage|p1a: Gengar|113/230|[from] item: Life Orb\n|move|p2a: Enamorus|Earth Power|p1a: Gengar\n|-supereffective|p1a: Gengar\n|-damage|p1a: Gengar|0 fnt\n|faint|p1a: Gengar\n|\n|-heal|p2a: Enamorus|135/247|[from] item: Leftovers\n|upkeep\n|\n|t:|1781450955\n|switch|p1a: Dodrio|Dodrio, L85, F|90/241\n|-damage|p1a: Dodrio|30/241|[from] Stealth Rock\n|turn|21\n|\n|t:|1781450961\n|move|p1a: Dodrio|Double-Edge|p2a: Enamorus\n|-damage|p2a: Enamorus|0 fnt\n|faint|p2a: Enamorus\n|-damage|p1a: Dodrio|0 fnt|[from] Recoil\n|faint|p1a: Dodrio\n|\n|upkeep\n|\n|t:|1781450964\n|switch|p1a: Charizard|Charizard, L85, M|189/271\n|switch|p2a: Ditto|Ditto, L87|45/225\n|-damage|p2a: Ditto|17/225|[from] Stealth Rock\n|-transform|p2a: Ditto|p1a: Charizard|[from] ability: Imposter\n|turn|22\n|-message|newsock forfeited.\n|\n|win|Sango North\n", "uploadtime": 1781450676, "views": 3, "formatid": "gen9randombattle", "rating": null, "private": 0, "password": null}