{"id": "gen9randombattle-2631366692", "format": "[Gen 9] Random Battle", "players": ["a1iscool4718", "AshJogos43"], "log": "|j|\u2606a1iscool4718\n|j|\u2606AshJogos43\n|t:|1781376261\n|gametype|singles\n|player|p1|a1iscool4718|2|1530\n|player|p2|AshJogos43|265|1491\n|gen|9\n|tier|[Gen 9] Random Battle\n|rated|\n|rule|Species Clause: Limit one of each Pok\u00e9mon\n|rule|HP Percentage Mod: HP is shown in percentages\n|rule|Sleep Clause Mod: Limit one foe put to sleep\n|rule|Illusion Level Mod: Illusion disguises the Pok\u00e9mon's true level\n|\n|t:|1781376261\n|teamsize|p1|6\n|teamsize|p2|6\n|start\n|switch|p1a: Scizor|Scizor, L79, M|240/240\n|switch|p2a: Weavile|Weavile, L79, F|240/240\n|turn|1\n|inactive|Battle timer is ON: inactive players will automatically lose when time's up. (requested by a1iscool4718)\n|\n|t:|1781376274\n|switch|p2a: Bellibolt|Bellibolt, L84, M|320/320\n|move|p1a: Scizor|Bug Bite|p2a: Bellibolt\n|-damage|p2a: Bellibolt|186/320\n|-start|p2a: Bellibolt|Charge|Bug Bite|[from] ability: Electromorphosis\n|-damage|p1a: Scizor|216/240|[from] item: Life Orb\n|\n|-heal|p2a: Bellibolt|206/320|[from] item: Leftovers\n|upkeep\n|turn|2\n|\n|t:|1781376284\n|move|p1a: Scizor|Swords Dance|p1a: Scizor\n|-boost|p1a: Scizor|atk|2\n|move|p2a: Bellibolt|Thunderbolt|p1a: Scizor\n|-damage|p1a: Scizor|5/240\n|-end|p2a: Bellibolt|Charge|[silent]\n|\n|-heal|p2a: Bellibolt|226/320|[from] item: Leftovers\n|upkeep\n|turn|3\n|\n|t:|1781376290\n|move|p1a: Scizor|Bug Bite|p2a: Bellibolt\n|-damage|p2a: Bellibolt|0 fnt\n|faint|p2a: Bellibolt\n|-damage|p1a: Scizor|0 fnt|[from] item: Life Orb\n|faint|p1a: Scizor\n|\n|upkeep\n|\n|t:|1781376298\n|switch|p1a: Talonflame|Talonflame, L83, M|265/265\n|switch|p2a: Lunala|Lunala, L70|308/308\n|turn|4\n|\n|t:|1781376302\n|move|p1a: Talonflame|Taunt|p2a: Lunala\n|-start|p2a: Lunala|move: Taunt\n|cant|p2a: Lunala|move: Taunt|Calm Mind\n|\n|upkeep\n|turn|5\n|\n|t:|1781376306\n|move|p1a: Talonflame|Brave Bird|p2a: Lunala\n|-damage|p2a: Lunala|246/308\n|-damage|p1a: Talonflame|245/265|[from] Recoil\n|move|p2a: Lunala|Psyshock|p1a: Talonflame\n|-damage|p1a: Talonflame|152/265\n|\n|-heal|p2a: Lunala|265/308|[from] item: Leftovers\n|upkeep\n|turn|6\n|\n|t:|1781376312\n|move|p1a: Talonflame|Brave Bird|p2a: Lunala\n|-damage|p2a: Lunala|138/308\n|-damage|p1a: Talonflame|110/265|[from] Recoil\n|move|p2a: Lunala|Moongeist Beam|p1a: Talonflame\n|-damage|p1a: Talonflame|0 fnt\n|faint|p1a: Talonflame\n|\n|-heal|p2a: Lunala|157/308|[from] item: Leftovers\n|-end|p2a: Lunala|move: Taunt\n|upkeep\n|\n|t:|1781376321\n|switch|p1a: Sunflora|Sunflora, M|312/312\n|turn|7\n|\n|t:|1781376327\n|move|p2a: Lunala|Moongeist Beam|p1a: Sunflora\n|-damage|p1a: Sunflora|228/312\n|move|p1a: Sunflora|Sunny Day|p1a: Sunflora\n|-weather|SunnyDay\n|\n|-weather|SunnyDay|[upkeep]\n|-heal|p2a: Lunala|176/308|[from] item: Leftovers\n|upkeep\n|turn|8\n|\n|t:|1781376343\n|-terastallize|p1a: Sunflora|Fire\n|move|p1a: Sunflora|Weather Ball|p2a: Lunala\n|-damage|p2a: Lunala|0 fnt\n|faint|p2a: Lunala\n|-damage|p1a: Sunflora|197/312|[from] item: Life Orb\n|\n|-weather|SunnyDay|[upkeep]\n|upkeep\n|\n|t:|1781376357\n|switch|p2a: Klawf|Klawf, L90, F|272/272\n|turn|9\n|\n|t:|1781376362\n|move|p1a: Sunflora|Solar Beam||[still]\n|-prepare|p1a: Sunflora|Solar Beam\n|-anim|p1a: Sunflora|Solar Beam|p2a: Klawf\n|-supereffective|p2a: Klawf\n|-damage|p2a: Klawf|0 fnt\n|faint|p2a: Klawf\n|-damage|p1a: Sunflora|166/312|[from] item: Life Orb\n|\n|-weather|SunnyDay|[upkeep]\n|upkeep\n|\n|t:|1781376373\n|switch|p2a: Slowbro|Slowbro, L85, F|300/300\n|turn|10\n|\n|t:|1781376378\n|-terastallize|p2a: Slowbro|Fairy\n|move|p1a: Sunflora|Solar Beam||[still]\n|-prepare|p1a: Sunflora|Solar Beam\n|-anim|p1a: Sunflora|Solar Beam|p2a: Slowbro\n|-crit|p2a: Slowbro\n|-damage|p2a: Slowbro|30/300\n|-damage|p1a: Sunflora|135/312|[from] item: Life Orb\n|move|p2a: Slowbro|Scald|p1a: Sunflora\n|-supereffective|p1a: Sunflora\n|-damage|p1a: Sunflora|57/312\n|\n|-weather|SunnyDay|[upkeep]\n|upkeep\n|turn|11\n|\n|t:|1781376390\n|move|p1a: Sunflora|Weather Ball|p2a: Slowbro\n|-damage|p2a: Slowbro|0 fnt\n|faint|p2a: Slowbro\n|-damage|p1a: Sunflora|26/312|[from] item: Life Orb\n|\n|-weather|none\n|upkeep\n|\n|t:|1781376394\n|switch|p2a: Basculegion|Basculegion, L80, M|323/323\n|turn|12\n|\n|t:|1781376398\n|move|p2a: Basculegion|Aqua Jet|p1a: Sunflora\n|-supereffective|p1a: Sunflora\n|-damage|p1a: Sunflora|0 fnt\n|faint|p1a: Sunflora\n|\n|upkeep\n|\n|t:|1781376401\n|switch|p1a: Komala|Komala, L88, M|258/258\n|-ability|p1a: Komala|Comatose\n|turn|13\n|\n|t:|1781376405\n|move|p2a: Basculegion|Wave Crash|p1a: Komala\n|-damage|p1a: Komala|42/258\n|-damage|p2a: Basculegion|252/323|[from] Recoil\n|move|p1a: Komala|Knock Off|p2a: Basculegion\n|-supereffective|p2a: Basculegion\n|-damage|p2a: Basculegion|24/323\n|-enditem|p2a: Basculegion|Assault Vest|[from] move: Knock Off|[of] p1a: Komala\n|\n|upkeep\n|turn|14\n|\n|t:|1781376418\n|move|p2a: Basculegion|Aqua Jet|p1a: Komala\n|-damage|p1a: Komala|0 fnt\n|faint|p1a: Komala\n|\n|upkeep\n|\n|t:|1781376420\n|switch|p1a: Munkidori|Munkidori, L79, M|269/269\n|turn|15\n|\n|t:|1781376433\n|move|p2a: Basculegion|Aqua Jet|p1a: Munkidori\n|-damage|p1a: Munkidori|189/269\n|move|p1a: Munkidori|U-turn|p2a: Basculegion\n|-resisted|p2a: Basculegion\n|-damage|p2a: Basculegion|1/323\n|\n|t:|1781376439\n|switch|p1a: Bastiodon|Bastiodon, L89, M|252/252|[from] U-turn\n|\n|upkeep\n|turn|16\n|\n|t:|1781376448\n|move|p2a: Basculegion|Wave Crash|p1a: Bastiodon\n|-supereffective|p1a: Bastiodon\n|-damage|p1a: Bastiodon|60/252\n|-damage|p2a: Basculegion|0 fnt|[from] Recoil\n|faint|p2a: Basculegion\n|move|p1a: Bastiodon|Iron Defense|p1a: Bastiodon\n|-boost|p1a: Bastiodon|def|2\n|\n|upkeep\n|\n|t:|1781376451\n|switch|p2a: Weavile|Weavile, L79, F|240/240\n|turn|17\n|\n|t:|1781376455\n|move|p2a: Weavile|Low Kick|p1a: Bastiodon\n|-supereffective|p1a: Bastiodon\n|-damage|p1a: Bastiodon|0 fnt\n|faint|p1a: Bastiodon\n|\n|upkeep\n|\n|t:|1781376457\n|switch|p1a: Munkidori|Munkidori, L79, M|189/269\n|turn|18\n|\n|t:|1781376466\n|move|p2a: Weavile|Knock Off|p1a: Munkidori\n|-supereffective|p1a: Munkidori\n|-damage|p1a: Munkidori|0 fnt\n|-enditem|p1a: Munkidori|Choice Specs|[from] move: Knock Off|[of] p2a: Weavile\n|faint|p1a: Munkidori\n|\n|win|AshJogos43\n|raw|a1iscool4718's rating: 1530 &rarr; <strong>1508</strong><br />(-22 for losing)\n|raw|AshJogos43's rating: 1491 &rarr; <strong>1513</strong><br />(+22 for winning)\n|l|\u2606a1iscool4718\n|player|p1|\n", "uploadtime": 1781376499, "views": 12, "formatid": "gen9randombattle", "rating": 1508, "private": 0, "password": null}