{"id": "gen9randombattle-2631995139", "format": "[Gen 9] Random Battle", "players": ["randomyay", "tittersworth"], "log": "|j|\u2606randomyay\n|j|\u2606tittersworth\n|t:|1781463948\n|gametype|singles\n|player|p1|randomyay|169|1045\n|player|p2|tittersworth|170|1037\n|gen|9\n|tier|[Gen 9] Random Battle\n|rated|\n|rule|Species Clause: Limit one of each Pok\u00e9mon\n|rule|HP Percentage Mod: HP is shown in percentages\n|rule|Sleep Clause Mod: Limit one foe put to sleep\n|rule|Illusion Level Mod: Illusion disguises the Pok\u00e9mon's true level\n|\n|t:|1781463948\n|teamsize|p1|6\n|teamsize|p2|6\n|start\n|switch|p1a: Pincurchin|Pincurchin, F|258/258\n|switch|p2a: Electivire|Electivire, L84, M|263/263\n|-fieldstart|move: Electric Terrain|[from] ability: Electric Surge|[of] p1a: Pincurchin\n|turn|1\n|\n|t:|1781463973\n|move|p2a: Electivire|Knock Off|p1a: Pincurchin\n|-damage|p1a: Pincurchin|179/258\n|-enditem|p1a: Pincurchin|Leftovers|[from] move: Knock Off|[of] p2a: Electivire\n|-damage|p2a: Electivire|237/263|[from] item: Life Orb\n|move|p1a: Pincurchin|Curse|p1a: Pincurchin\n|-unboost|p1a: Pincurchin|spe|1\n|-boost|p1a: Pincurchin|atk|1\n|-boost|p1a: Pincurchin|def|1\n|\n|upkeep\n|turn|2\n|\n|t:|1781463990\n|move|p2a: Electivire|Volt Switch|p1a: Pincurchin\n|-resisted|p1a: Pincurchin\n|-damage|p1a: Pincurchin|124/258\n|-damage|p2a: Electivire|211/263|[from] item: Life Orb\n|\n|t:|1781464001\n|switch|p2a: Swalot|Swalot, L90, F|326/326|[from] Volt Switch\n|move|p1a: Pincurchin|Liquidation|p2a: Swalot\n|-damage|p2a: Swalot|197/326\n|\n|-heal|p2a: Swalot|217/326|[from] item: Leftovers\n|upkeep\n|turn|3\n|\n|t:|1781464012\n|move|p2a: Swalot|Toxic|p1a: Pincurchin\n|-status|p1a: Pincurchin|tox\n|move|p1a: Pincurchin|Recover|p1a: Pincurchin\n|-heal|p1a: Pincurchin|253/258 tox\n|\n|-heal|p2a: Swalot|237/326|[from] item: Leftovers\n|-damage|p1a: Pincurchin|237/258 tox|[from] psn\n|upkeep\n|turn|4\n|\n|t:|1781464021\n|move|p2a: Swalot|Protect|p2a: Swalot\n|-singleturn|p2a: Swalot|Protect\n|move|p1a: Pincurchin|Zing Zap|p2a: Swalot\n|-activate|p2a: Swalot|move: Protect\n|\n|-heal|p2a: Swalot|257/326|[from] item: Leftovers\n|-damage|p1a: Pincurchin|205/258 tox|[from] psn\n|upkeep\n|turn|5\n|\n|t:|1781464031\n|move|p2a: Swalot|Earthquake|p1a: Pincurchin\n|-supereffective|p1a: Pincurchin\n|-damage|p1a: Pincurchin|139/258 tox\n|move|p1a: Pincurchin|Zing Zap|p2a: Swalot\n|-damage|p2a: Swalot|19/326\n|\n|-heal|p2a: Swalot|39/326|[from] item: Leftovers\n|-damage|p1a: Pincurchin|91/258 tox|[from] psn\n|-fieldend|move: Electric Terrain\n|upkeep\n|turn|6\n|\n|t:|1781464043\n|move|p2a: Swalot|Earthquake|p1a: Pincurchin\n|-supereffective|p1a: Pincurchin\n|-damage|p1a: Pincurchin|19/258 tox\n|move|p1a: Pincurchin|Recover|p1a: Pincurchin\n|-heal|p1a: Pincurchin|148/258 tox\n|\n|-heal|p2a: Swalot|59/326|[from] item: Leftovers\n|-damage|p1a: Pincurchin|84/258 tox|[from] psn\n|upkeep\n|turn|7\n|\n|t:|1781464058\n|move|p2a: Swalot|Earthquake|p1a: Pincurchin\n|-supereffective|p1a: Pincurchin\n|-damage|p1a: Pincurchin|14/258 tox\n|move|p1a: Pincurchin|Liquidation|p2a: Swalot\n|-damage|p2a: Swalot|0 fnt\n|faint|p2a: Swalot\n|\n|-damage|p1a: Pincurchin|0 fnt|[from] psn\n|faint|p1a: Pincurchin\n|upkeep\n|\n|t:|1781464077\n|switch|p2a: Electivire|Electivire, L84, M|211/263\n|switch|p1a: Copperajah|Copperajah, L86, F|350/350\n|turn|8\n|\n|t:|1781464088\n|move|p2a: Electivire|Volt Switch|p1a: Copperajah\n|-damage|p1a: Copperajah|233/350\n|-damage|p2a: Electivire|185/263|[from] item: Life Orb\n|\n|t:|1781464093\n|switch|p2a: Pawmot|Pawmot, L80, M|243/243|[from] Volt Switch\n|move|p1a: Copperajah|Earthquake|p2a: Pawmot\n|-supereffective|p2a: Pawmot\n|-damage|p2a: Pawmot|0 fnt\n|faint|p2a: Pawmot\n|\n|upkeep\n|\n|t:|1781464118\n|switch|p2a: Electivire|Electivire, L84, M|185/263\n|turn|9\n|\n|t:|1781464124\n|-terastallize|p2a: Electivire|Flying\n|move|p2a: Electivire|Flamethrower|p1a: Copperajah\n|-supereffective|p1a: Copperajah\n|-damage|p1a: Copperajah|56/350\n|-damage|p2a: Electivire|159/263|[from] item: Life Orb\n|move|p1a: Copperajah|Earthquake|p2a: Electivire\n|-immune|p2a: Electivire\n|\n|upkeep\n|turn|10\n|\n|t:|1781464140\n|move|p2a: Electivire|Flamethrower|p1a: Copperajah\n|-supereffective|p1a: Copperajah\n|-damage|p1a: Copperajah|0 fnt\n|faint|p1a: Copperajah\n|-damage|p2a: Electivire|133/263|[from] item: Life Orb\n|\n|upkeep\n|\n|t:|1781464159\n|switch|p1a: Bombirdier|Bombirdier, L85, F|258/258\n|turn|11\n|\n|t:|1781464164\n|move|p2a: Electivire|Supercell Slam|p1a: Bombirdier\n|-supereffective|p1a: Bombirdier\n|-damage|p1a: Bombirdier|0 fnt\n|faint|p1a: Bombirdier\n|-damage|p2a: Electivire|107/263|[from] item: Life Orb\n|\n|upkeep\n|\n|t:|1781464172\n|switch|p1a: Dachsbun|Dachsbun, L92, F|254/254\n|turn|12\n|\n|t:|1781464181\n|-terastallize|p1a: Dachsbun|Steel\n|move|p1a: Dachsbun|Play Rough|p2a: Electivire\n|-damage|p2a: Electivire|0 fnt\n|faint|p2a: Electivire\n|\n|upkeep\n|\n|t:|1781464188\n|switch|p2a: Vaporeon|Vaporeon, L86, M|364/364\n|turn|13\n|\n|t:|1781464197\n|move|p1a: Dachsbun|Body Press|p2a: Vaporeon\n|-damage|p2a: Vaporeon|264/364\n|move|p2a: Vaporeon|Scald|p1a: Dachsbun\n|-damage|p1a: Dachsbun|160/254\n|\n|-heal|p1a: Dachsbun|175/254|[from] item: Leftovers\n|-heal|p2a: Vaporeon|286/364|[from] item: Leftovers\n|upkeep\n|turn|14\n|n|!tittersworth|tittersworth\n|\n|t:|1781464215\n|move|p1a: Dachsbun|Play Rough|p2a: Vaporeon\n|-damage|p2a: Vaporeon|160/364\n|move|p2a: Vaporeon|Scald|p1a: Dachsbun\n|-damage|p1a: Dachsbun|72/254\n|\n|-heal|p1a: Dachsbun|87/254|[from] item: Leftovers\n|-heal|p2a: Vaporeon|182/364|[from] item: Leftovers\n|upkeep\n|turn|15\n|\n|t:|1781464225\n|move|p1a: Dachsbun|Wish|p1a: Dachsbun\n|move|p2a: Vaporeon|Scald|p1a: Dachsbun\n|-damage|p1a: Dachsbun|0 fnt\n|faint|p1a: Dachsbun\n|\n|-heal|p2a: Vaporeon|204/364|[from] item: Leftovers\n|upkeep\n|\n|t:|1781464236\n|switch|p1a: Amoonguss|Amoonguss, L82, M|321/321\n|turn|16\n|\n|t:|1781464245\n|move|p2a: Vaporeon|Protect|p2a: Vaporeon\n|-singleturn|p2a: Vaporeon|Protect\n|move|p1a: Amoonguss|Spore|p2a: Vaporeon\n|-activate|p2a: Vaporeon|move: Protect\n|\n|-heal|p2a: Vaporeon|226/364|[from] item: Leftovers\n|upkeep\n|turn|17\n|\n|t:|1781464255\n|move|p2a: Vaporeon|Flip Turn|p1a: Amoonguss\n|-resisted|p1a: Amoonguss\n|-damage|p1a: Amoonguss|293/321\n|-damage|p2a: Vaporeon|166/364|[from] item: Rocky Helmet|[of] p1a: Amoonguss\n|\n|t:|1781464260\n|switch|p2a: Weavile|Weavile, L79, F|240/240|[from] Flip Turn\n|move|p1a: Amoonguss|Giga Drain|p2a: Weavile\n|-damage|p2a: Weavile|168/240\n|-heal|p1a: Amoonguss|321/321|[from] drain|[of] p2a: Weavile\n|\n|upkeep\n|turn|18\n|\n|t:|1781464271\n|move|p2a: Weavile|Triple Axel|p1a: Amoonguss\n|-supereffective|p1a: Amoonguss\n|-damage|p1a: Amoonguss|267/321\n|-damage|p2a: Weavile|128/240|[from] item: Rocky Helmet|[of] p1a: Amoonguss\n|-supereffective|p1a: Amoonguss\n|-crit|p1a: Amoonguss\n|-damage|p1a: Amoonguss|111/321\n|-damage|p2a: Weavile|88/240|[from] item: Rocky Helmet|[of] p1a: Amoonguss\n|-supereffective|p1a: Amoonguss\n|-damage|p1a: Amoonguss|0 fnt\n|-damage|p2a: Weavile|48/240|[from] item: Rocky Helmet|[of] p1a: Amoonguss\n|faint|p1a: Amoonguss\n|-hitcount|p1: Amoonguss|3\n|\n|upkeep\n|\n|t:|1781464285\n|switch|p1a: Kleavor|Kleavor, L78, F|237/237\n|turn|19\n|\n|t:|1781464296\n|move|p2a: Weavile|Knock Off|p1a: Kleavor\n|-damage|p1a: Kleavor|137/237\n|-enditem|p1a: Kleavor|Heavy-Duty Boots|[from] move: Knock Off|[of] p2a: Weavile\n|move|p1a: Kleavor|X-Scissor|p2a: Weavile\n|-supereffective|p2a: Weavile\n|-damage|p2a: Weavile|0 fnt\n|faint|p2a: Weavile\n|\n|upkeep\n|\n|t:|1781464299\n|switch|p2a: Feraligatr|Feraligatr, L79, F|264/264\n|turn|20\n|\n|t:|1781464308\n|move|p1a: Kleavor|Swords Dance|p1a: Kleavor\n|-boost|p1a: Kleavor|atk|2\n|move|p2a: Feraligatr|Liquidation|p1a: Kleavor\n|-supereffective|p1a: Kleavor\n|-damage|p1a: Kleavor|0 fnt\n|faint|p1a: Kleavor\n|\n|win|tittersworth\n", "uploadtime": 1781464204, "views": 2, "formatid": "gen9randombattle", "rating": null, "private": 0, "password": null}