{"id": "gen9randombattle-2631567206", "format": "[Gen 9] Random Battle", "players": ["Seeeth", "mossboss"], "log": "|j|\u2606Seeeth\n|j|\u203dmossboss\n|t:|1781402337\n|gametype|singles\n|player|p1|Seeeth|lenora|1312\n|player|p2|mossboss|169|1268\n|gen|9\n|tier|[Gen 9] Random Battle\n|rated|\n|rule|Species Clause: Limit one of each Pok\u00e9mon\n|rule|HP Percentage Mod: HP is shown in percentages\n|rule|Sleep Clause Mod: Limit one foe put to sleep\n|rule|Illusion Level Mod: Illusion disguises the Pok\u00e9mon's true level\n|\n|t:|1781402337\n|teamsize|p1|6\n|teamsize|p2|6\n|start\n|switch|p1a: Cresselia|Cresselia, L80, F|323/323\n|switch|p2a: Blaziken|Blaziken, L76, M|247/247\n|turn|1\n|inactive|Battle timer is ON: inactive players will automatically lose when time's up. (requested by mossboss)\n|l|\u2606Seeeth\n|inactive|Seeeth disconnected and has a minute to reconnect!\n|player|p1|\n|j|\u2606Seeeth\n|inactive|Seeeth reconnected and has 145 seconds left.\n|player|p1|Seeeth|lenora|\n|\n|t:|1781402363\n|switch|p2a: Morpeko|Morpeko, L88, M|245/245\n|-terastallize|p1a: Cresselia|Poison\n|move|p1a: Cresselia|Calm Mind|p1a: Cresselia\n|-boost|p1a: Cresselia|spa|1\n|-boost|p1a: Cresselia|spd|1\n|\n|-formechange|p2a: Morpeko|Morpeko-Hangry||[from] ability: Hunger Switch\n|upkeep\n|turn|2\n|l|\u2606Seeeth\n|inactive|Seeeth disconnected and has a minute to reconnect!\n|player|p1|\n|j|\u2606Seeeth\n|inactive|Seeeth reconnected and has 135 seconds left.\n|player|p1|Seeeth|lenora|\n|inactive|Seeeth has 120 seconds left.\n|inactive|mossboss has 120 seconds left.\n|\n|t:|1781402395\n|move|p2a: Morpeko|Aura Wheel|p1a: Cresselia\n|-damage|p1a: Cresselia|215/323\n|-boost|p2a: Morpeko|spe|1\n|move|p1a: Cresselia|Calm Mind|p1a: Cresselia\n|-boost|p1a: Cresselia|spa|1\n|-boost|p1a: Cresselia|spd|1\n|\n|-heal|p1a: Cresselia|235/323|[from] item: Leftovers\n|-formechange|p2a: Morpeko|Morpeko||[from] ability: Hunger Switch\n|upkeep\n|turn|3\n|\n|t:|1781402403\n|move|p2a: Morpeko|Aura Wheel|p1a: Cresselia\n|-damage|p1a: Cresselia|132/323\n|-boost|p2a: Morpeko|spe|1\n|move|p1a: Cresselia|Thunderbolt|p2a: Morpeko\n|-resisted|p2a: Morpeko\n|-damage|p2a: Morpeko|183/245\n|\n|-heal|p1a: Cresselia|152/323|[from] item: Leftovers\n|-formechange|p2a: Morpeko|Morpeko-Hangry||[from] ability: Hunger Switch\n|upkeep\n|turn|4\n|\n|t:|1781402411\n|move|p2a: Morpeko|Aura Wheel|p1a: Cresselia\n|-damage|p1a: Cresselia|41/323\n|-boost|p2a: Morpeko|spe|1\n|move|p1a: Cresselia|Moonlight|p1a: Cresselia\n|-heal|p1a: Cresselia|202/323\n|\n|-heal|p1a: Cresselia|222/323|[from] item: Leftovers\n|-formechange|p2a: Morpeko|Morpeko||[from] ability: Hunger Switch\n|upkeep\n|turn|5\n|\n|t:|1781402417\n|move|p2a: Morpeko|Aura Wheel|p1a: Cresselia\n|-damage|p1a: Cresselia|101/323\n|-boost|p2a: Morpeko|spe|1\n|move|p1a: Cresselia|Thunderbolt|p2a: Morpeko\n|-resisted|p2a: Morpeko\n|-damage|p2a: Morpeko|121/245\n|\n|-heal|p1a: Cresselia|121/323|[from] item: Leftovers\n|-formechange|p2a: Morpeko|Morpeko-Hangry||[from] ability: Hunger Switch\n|upkeep\n|turn|6\n|\n|t:|1781402424\n|move|p2a: Morpeko|Aura Wheel|p1a: Cresselia\n|-damage|p1a: Cresselia|18/323\n|-boost|p2a: Morpeko|spe|1\n|move|p1a: Cresselia|Moonlight|p1a: Cresselia\n|-heal|p1a: Cresselia|179/323\n|\n|-heal|p1a: Cresselia|199/323|[from] item: Leftovers\n|-formechange|p2a: Morpeko|Morpeko||[from] ability: Hunger Switch\n|upkeep\n|turn|7\n|\n|t:|1781402430\n|move|p2a: Morpeko|Aura Wheel|p1a: Cresselia\n|-damage|p1a: Cresselia|87/323\n|-boost|p2a: Morpeko|spe|1\n|move|p1a: Cresselia|Calm Mind|p1a: Cresselia\n|-boost|p1a: Cresselia|spa|1\n|-boost|p1a: Cresselia|spd|1\n|\n|-heal|p1a: Cresselia|107/323|[from] item: Leftovers\n|-formechange|p2a: Morpeko|Morpeko-Hangry||[from] ability: Hunger Switch\n|upkeep\n|turn|8\n|\n|t:|1781402435\n|move|p2a: Morpeko|Aura Wheel|p1a: Cresselia\n|-damage|p1a: Cresselia|0 fnt\n|faint|p1a: Cresselia\n|\n|-formechange|p2a: Morpeko|Morpeko||[from] ability: Hunger Switch\n|upkeep\n|\n|t:|1781402441\n|switch|p1a: Infernape|Infernape, L82, F|259/259\n|turn|9\n|\n|t:|1781402444\n|move|p2a: Morpeko|Protect|p2a: Morpeko\n|-singleturn|p2a: Morpeko|Protect\n|move|p1a: Infernape|Close Combat|p2a: Morpeko\n|-activate|p2a: Morpeko|move: Protect\n|\n|-formechange|p2a: Morpeko|Morpeko-Hangry||[from] ability: Hunger Switch\n|upkeep\n|turn|10\n|\n|t:|1781402453\n|move|p2a: Morpeko|Parting Shot|p1a: Infernape\n|-unboost|p1a: Infernape|atk|1\n|-unboost|p1a: Infernape|spa|1\n|\n|t:|1781402464\n|switch|p2a: Whiscash|Whiscash, L88, M|337/337|[from] Parting Shot\n|move|p1a: Infernape|Close Combat|p2a: Whiscash\n|-damage|p2a: Whiscash|247/337\n|-unboost|p1a: Infernape|def|1\n|-unboost|p1a: Infernape|spd|1\n|\n|upkeep\n|turn|11\n|\n|t:|1781402474\n|switch|p1a: Delibird|Delibird, M|252/252\n|move|p2a: Whiscash|Dragon Dance|p2a: Whiscash\n|-boost|p2a: Whiscash|atk|1\n|-boost|p2a: Whiscash|spe|1\n|\n|upkeep\n|turn|12\n|\n|t:|1781402479\n|move|p2a: Whiscash|Stone Edge|p1a: Delibird|[miss]\n|-miss|p2a: Whiscash|p1a: Delibird\n|move|p1a: Delibird|Ice Spinner|p2a: Whiscash\n|-damage|p2a: Whiscash|123/337\n|\n|upkeep\n|turn|13\n|\n|t:|1781402486\n|switch|p1a: Porygon2|Porygon2, L81|270/270\n|-ability|p1a: Porygon2|Download|boost\n|-boost|p1a: Porygon2|spa|1\n|move|p2a: Whiscash|Stone Edge|p1a: Porygon2\n|-damage|p1a: Porygon2|189/270\n|-damage|p2a: Whiscash|90/337|[from] item: Life Orb\n|\n|upkeep\n|turn|14\n|\n|t:|1781402491\n|move|p2a: Whiscash|Earthquake|p1a: Porygon2\n|-damage|p1a: Porygon2|55/270\n|-damage|p2a: Whiscash|57/337|[from] item: Life Orb\n|move|p1a: Porygon2|Shadow Ball|p2a: Whiscash\n|-damage|p2a: Whiscash|0 fnt\n|faint|p2a: Whiscash\n|\n|upkeep\n|\n|t:|1781402498\n|switch|p2a: Morpeko|Morpeko, L88, M|121/245\n|turn|15\n|\n|t:|1781402501\n|move|p2a: Morpeko|Aura Wheel|p1a: Porygon2\n|-damage|p1a: Porygon2|0 fnt\n|-boost|p2a: Morpeko|spe|1\n|faint|p1a: Porygon2\n|\n|-formechange|p2a: Morpeko|Morpeko-Hangry||[from] ability: Hunger Switch\n|upkeep\n|\n|t:|1781402504\n|switch|p1a: Infernape|Infernape, L82, F|259/259\n|turn|16\n|\n|t:|1781402510\n|move|p2a: Morpeko|Protect|p2a: Morpeko\n|-singleturn|p2a: Morpeko|Protect\n|move|p1a: Infernape|Flare Blitz|p2a: Morpeko\n|-activate|p2a: Morpeko|move: Protect\n|\n|-formechange|p2a: Morpeko|Morpeko||[from] ability: Hunger Switch\n|upkeep\n|turn|17\n|\n|t:|1781402518\n|move|p1a: Infernape|Flare Blitz|p2a: Morpeko\n|-damage|p2a: Morpeko|0 fnt\n|faint|p2a: Morpeko\n|-damage|p1a: Infernape|219/259|[from] Recoil\n|\n|upkeep\n|\n|t:|1781402525\n|switch|p2a: Blaziken|Blaziken, L76, M|247/247\n|turn|18\n|\n|t:|1781402535\n|switch|p1a: Flutter Mane|Flutter Mane, L74|203/203\n|move|p2a: Blaziken|Swords Dance|p2a: Blaziken\n|-boost|p2a: Blaziken|atk|2\n|\n|-ability|p2a: Blaziken|Speed Boost|boost\n|-boost|p2a: Blaziken|spe|1\n|upkeep\n|turn|19\n|\n|t:|1781402545\n|move|p2a: Blaziken|Flare Blitz|p1a: Flutter Mane\n|-damage|p1a: Flutter Mane|0 fnt\n|faint|p1a: Flutter Mane\n|-end|p1a: Flutter Mane|Protosynthesis|[silent]\n|-damage|p2a: Blaziken|180/247|[from] Recoil\n|-damage|p2a: Blaziken|156/247|[from] item: Life Orb\n|\n|-ability|p2a: Blaziken|Speed Boost|boost\n|-boost|p2a: Blaziken|spe|1\n|upkeep\n|\n|t:|1781402549\n|switch|p1a: Iron Moth|Iron Moth, L78|253/253\n|turn|20\n|\n|t:|1781402553\n|move|p2a: Blaziken|Stone Edge|p1a: Iron Moth|[miss]\n|-miss|p2a: Blaziken|p1a: Iron Moth\n|move|p1a: Iron Moth|Sludge Wave|p2a: Blaziken\n|-damage|p2a: Blaziken|0 fnt\n|faint|p2a: Blaziken\n|\n|upkeep\n|\n|t:|1781402559\n|switch|p2a: Torterra|Torterra, L78, M|276/276\n|turn|21\n|\n|t:|1781402571\n|-terastallize|p2a: Torterra|Water\n|move|p1a: Iron Moth|Fiery Dance|p2a: Torterra\n|-resisted|p2a: Torterra\n|-damage|p2a: Torterra|222/276\n|-boost|p1a: Iron Moth|spa|1\n|move|p2a: Torterra|Shell Smash|p2a: Torterra\n|-unboost|p2a: Torterra|def|1\n|-unboost|p2a: Torterra|spd|1\n|-boost|p2a: Torterra|atk|2\n|-boost|p2a: Torterra|spa|2\n|-boost|p2a: Torterra|spe|2\n|\n|upkeep\n|turn|22\n|\n|t:|1781402578\n|move|p2a: Torterra|Rock Blast|p1a: Iron Moth|[miss]\n|-miss|p2a: Torterra|p1a: Iron Moth\n|move|p1a: Iron Moth|Energy Ball|p2a: Torterra\n|-supereffective|p2a: Torterra\n|-damage|p2a: Torterra|0 fnt\n|faint|p2a: Torterra\n|\n|upkeep\n|inactive|mossboss has 120 seconds left.\n|l|\u203dmossboss\n|inactive|mossboss disconnected and has a minute to reconnect!\n|player|p2|\n|inactive|mossboss has 30 seconds to reconnect!\n|inactive|mossboss has 20 seconds to reconnect!\n|inactive|mossboss has 15 seconds to reconnect!\n|inactive|mossboss has 10 seconds to reconnect!\n|inactive|mossboss has 5 seconds to reconnect!\n|-message|mossboss lost due to inactivity.\n|\n|win|Seeeth\n|raw|Seeeth's rating: 1312 &rarr; <strong>1329</strong><br />(+17 for winning)\n|raw|mossboss's rating: 1268 &rarr; <strong>1246</strong><br />(-22 for losing)\n", "uploadtime": 1781402686, "views": 7, "formatid": "gen9randombattle", "rating": 1246, "private": 0, "password": null}