{"id": "gen9randombattle-2631708457", "format": "[Gen 9] Random Battle", "players": ["nardodick", "trenchwarrior"], "log": "|j|\u2606nardodick\n|j|\u2606trenchwarrior\n|t:|1781425976\n|gametype|singles\n|player|p1|nardodick|102|2237\n|player|p2|trenchwarrior|byron|2327\n|gen|9\n|tier|[Gen 9] Random Battle\n|rated|\n|rule|Species Clause: Limit one of each Pok\u00e9mon\n|rule|HP Percentage Mod: HP is shown in percentages\n|rule|Sleep Clause Mod: Limit one foe put to sleep\n|rule|Illusion Level Mod: Illusion disguises the Pok\u00e9mon's true level\n|\n|t:|1781425976\n|teamsize|p1|6\n|teamsize|p2|6\n|start\n|switch|p1a: Hatterene|Hatterene, L85, F|236/236\n|switch|p2a: Volbeat|Volbeat, L90, M|263/263\n|turn|1\n|inactive|Battle timer is ON: inactive players will automatically lose when time's up. (requested by nardodick)\n|inactive|trenchwarrior also wants the timer to be on.\n|inactive|trenchwarrior has 120 seconds left.\n|\n|t:|1781426019\n|move|p2a: Volbeat|U-turn|p1a: Hatterene\n|-damage|p1a: Hatterene|175/236\n|\n|t:|1781426022\n|switch|p2a: Camerupt|Camerupt, L91, M|275/275|[from] U-turn\n|move|p1a: Hatterene|Mystical Fire|p2a: Camerupt\n|-resisted|p2a: Camerupt\n|-damage|p2a: Camerupt|237/275\n|-unboost|p2a: Camerupt|spa|1\n|\n|-heal|p2a: Camerupt|254/275|[from] item: Leftovers\n|upkeep\n|turn|2\n|\n|t:|1781426036\n|switch|p1a: Corviknight|Corviknight, L80, F|288/288\n|-ability|p1a: Corviknight|Pressure\n|move|p2a: Camerupt|Earthquake|p1a: Corviknight\n|-immune|p1a: Corviknight\n|\n|-heal|p2a: Camerupt|271/275|[from] item: Leftovers\n|upkeep\n|turn|3\n|\n|t:|1781426042\n|switch|p1a: Lanturn|Lanturn, L89, F|367/367\n|move|p2a: Camerupt|Overheat|p1a: Lanturn\n|-resisted|p1a: Lanturn\n|-damage|p1a: Lanturn|302/367\n|-unboost|p2a: Camerupt|spa|2\n|\n|-heal|p1a: Lanturn|324/367|[from] item: Leftovers\n|-heal|p2a: Camerupt|275/275|[from] item: Leftovers\n|upkeep\n|turn|4\n|\n|t:|1781426050\n|switch|p2a: Abomasnow|Abomasnow, L84, M|287/287\n|-weather|Snowscape|[from] ability: Snow Warning|[of] p2a: Abomasnow\n|move|p1a: Lanturn|Scald|p2a: Abomasnow\n|-resisted|p2a: Abomasnow\n|-damage|p2a: Abomasnow|250/287\n|\n|-weather|Snowscape|[upkeep]\n|-heal|p1a: Lanturn|346/367|[from] item: Leftovers\n|upkeep\n|turn|5\n|\n|t:|1781426061\n|switch|p1a: Klefki|Klefki, L84, M|233/233\n|move|p2a: Abomasnow|Blizzard|p1a: Klefki\n|-resisted|p1a: Klefki\n|-damage|p1a: Klefki|173/233\n|-status|p1a: Klefki|frz\n|\n|-weather|Snowscape|[upkeep]\n|-heal|p1a: Klefki|187/233 frz|[from] item: Leftovers\n|upkeep\n|turn|6\n|\n|t:|1781426065\n|cant|p1a: Klefki|frz\n|move|p2a: Abomasnow|Earthquake|p1a: Klefki\n|-supereffective|p1a: Klefki\n|-damage|p1a: Klefki|65/233 frz\n|\n|-weather|Snowscape|[upkeep]\n|-heal|p1a: Klefki|79/233 frz|[from] item: Leftovers\n|upkeep\n|turn|7\n|\n|t:|1781426068\n|switch|p1a: Corviknight|Corviknight, L80, F|288/288\n|-ability|p1a: Corviknight|Pressure\n|move|p2a: Abomasnow|Earthquake|p1a: Corviknight\n|-immune|p1a: Corviknight\n|\n|-weather|Snowscape|[upkeep]\n|upkeep\n|turn|8\n|\n|t:|1781426074\n|switch|p2a: Camerupt|Camerupt, L91, M|275/275\n|move|p1a: Corviknight|Brave Bird|p2a: Camerupt\n|-damage|p2a: Camerupt|157/275\n|-damage|p1a: Corviknight|249/288|[from] Recoil\n|\n|-weather|none\n|-heal|p2a: Camerupt|174/275|[from] item: Leftovers\n|upkeep\n|turn|9\n|\n|t:|1781426085\n|move|p1a: Corviknight|Body Press|p2a: Camerupt\n|-damage|p2a: Camerupt|109/275\n|move|p2a: Camerupt|Will-O-Wisp|p1a: Corviknight\n|-status|p1a: Corviknight|brn\n|\n|-heal|p2a: Camerupt|126/275|[from] item: Leftovers\n|-damage|p1a: Corviknight|231/288 brn|[from] brn\n|upkeep\n|turn|10\n|\n|t:|1781426094\n|switch|p1a: Lanturn|Lanturn, L89, F|346/367\n|move|p2a: Camerupt|Earthquake|p1a: Lanturn\n|-supereffective|p1a: Lanturn\n|-damage|p1a: Lanturn|32/367\n|\n|-heal|p1a: Lanturn|54/367|[from] item: Leftovers\n|-heal|p2a: Camerupt|143/275|[from] item: Leftovers\n|upkeep\n|turn|11\n|\n|t:|1781426102\n|switch|p2a: Abomasnow|Abomasnow, L84, M|250/287\n|-weather|Snowscape|[from] ability: Snow Warning|[of] p2a: Abomasnow\n|move|p1a: Lanturn|Scald|p2a: Abomasnow\n|-resisted|p2a: Abomasnow\n|-damage|p2a: Abomasnow|208/287\n|-status|p2a: Abomasnow|brn\n|\n|-weather|Snowscape|[upkeep]\n|-heal|p1a: Lanturn|76/367|[from] item: Leftovers\n|-damage|p2a: Abomasnow|191/287 brn|[from] brn\n|upkeep\n|turn|12\n|\n|t:|1781426112\n|switch|p1a: Corviknight|Corviknight, L80, F|231/288 brn\n|-ability|p1a: Corviknight|Pressure\n|move|p2a: Abomasnow|Blizzard|p1a: Corviknight\n|-damage|p1a: Corviknight|119/288 brn\n|\n|-weather|Snowscape|[upkeep]\n|-damage|p1a: Corviknight|101/288 brn|[from] brn\n|-damage|p2a: Abomasnow|174/287 brn|[from] brn\n|upkeep\n|turn|13\n|\n|t:|1781426120\n|switch|p2a: Camerupt|Camerupt, L91, M|143/275\n|move|p1a: Corviknight|Roost|p1a: Corviknight\n|-heal|p1a: Corviknight|245/288 brn\n|-singleturn|p1a: Corviknight|move: Roost\n|\n|-weather|Snowscape|[upkeep]\n|-heal|p2a: Camerupt|160/275|[from] item: Leftovers\n|-damage|p1a: Corviknight|227/288 brn|[from] brn\n|upkeep\n|turn|14\n|\n|t:|1781426131\n|move|p1a: Corviknight|Brave Bird|p2a: Camerupt\n|-damage|p2a: Camerupt|96/275\n|-damage|p1a: Corviknight|206/288 brn|[from] Recoil\n|move|p2a: Camerupt|Overheat|p1a: Corviknight\n|-supereffective|p1a: Corviknight\n|-damage|p1a: Corviknight|0 fnt\n|-unboost|p2a: Camerupt|spa|2\n|faint|p1a: Corviknight\n|\n|-weather|Snowscape|[upkeep]\n|-heal|p2a: Camerupt|113/275|[from] item: Leftovers\n|upkeep\n|\n|t:|1781426134\n|switch|p1a: Lanturn|Lanturn, L89, F|76/367\n|turn|15\n|inactive|trenchwarrior has 120 seconds left.\n|\n|t:|1781426165\n|switch|p1a: Hatterene|Hatterene, L85, F|175/236\n|switch|p2a: Volbeat|Volbeat, L90, M|263/263\n|\n|-weather|none\n|upkeep\n|turn|16\n|\n|t:|1781426184\n|move|p2a: Volbeat|U-turn|p1a: Hatterene\n|-damage|p1a: Hatterene|114/236\n|\n|t:|1781426187\n|switch|p2a: Camerupt|Camerupt, L91, M|113/275|[from] U-turn\n|move|p1a: Hatterene|Psychic Noise|p2a: Camerupt\n|-damage|p2a: Camerupt|5/275\n|-start|p2a: Camerupt|move: Heal Block\n|\n|upkeep\n|turn|17\n|\n|t:|1781426196\n|move|p2a: Camerupt|Earthquake|p1a: Hatterene\n|-damage|p1a: Hatterene|5/236\n|move|p1a: Hatterene|Draining Kiss|p2a: Camerupt\n|-resisted|p2a: Camerupt\n|-damage|p2a: Camerupt|0 fnt\n|-heal|p1a: Hatterene|9/236|[from] drain|[of] p2a: Camerupt\n|faint|p2a: Camerupt\n|\n|upkeep\n|\n|t:|1781426202\n|switch|p2a: Spectrier|Spectrier, L75|274/274\n|turn|18\n|\n|t:|1781426212\n|switch|p1a: Klefki|Klefki, L84, M|79/233 frz\n|move|p2a: Spectrier|Shadow Ball|p1a: Klefki\n|-damage|p1a: Klefki|0 fnt\n|faint|p1a: Klefki\n|-ability|p2a: Spectrier|Grim Neigh|boost\n|-boost|p2a: Spectrier|spa|1\n|-damage|p2a: Spectrier|247/274|[from] item: Life Orb\n|\n|upkeep\n|inactive|nardodick has 120 seconds left.\n|\n|t:|1781426249\n|switch|p1a: Venomoth|Venomoth, L84, M|255/255\n|turn|19\n|\n|t:|1781426253\n|move|p2a: Spectrier|Shadow Ball|p1a: Venomoth\n|-crit|p1a: Venomoth\n|-damage|p1a: Venomoth|0 fnt\n|faint|p1a: Venomoth\n|-ability|p2a: Spectrier|Grim Neigh|boost\n|-boost|p2a: Spectrier|spa|1\n|-damage|p2a: Spectrier|220/274|[from] item: Life Orb\n|\n|upkeep\n|inactive|nardodick has 120 seconds left.\n|c|\u2606nardodick|bnruh\n|c|\u2606nardodick|freeze now that\n|-message|nardodick forfeited.\n|\n|win|trenchwarrior\n", "uploadtime": 1781425978, "views": 6, "formatid": "gen9randombattle", "rating": null, "private": 0, "password": null}