{"id": "gen9randombattle-2631760396", "format": "[Gen 9] Random Battle", "players": ["pomodoropj", "okiniiri_1"], "log": "|j|\u2606pomodoropj\n|j|\u2606okiniiri_1\n|t:|1781435305\n|gametype|singles\n|player|p1|pomodoropj|1|1107\n|player|p2|okiniiri_1|cilan|1109\n|gen|9\n|tier|[Gen 9] Random Battle\n|rated|\n|rule|Species Clause: Limit one of each Pok\u00e9mon\n|rule|HP Percentage Mod: HP is shown in percentages\n|rule|Sleep Clause Mod: Limit one foe put to sleep\n|rule|Illusion Level Mod: Illusion disguises the Pok\u00e9mon's true level\n|\n|t:|1781435305\n|teamsize|p1|6\n|teamsize|p2|6\n|start\n|switch|p1a: Meowstic|Meowstic, L89, M|277/277\n|switch|p2a: Spiritomb|Spiritomb, L89, F|234/234\n|turn|1\n|\n|t:|1781435335\n|move|p1a: Meowstic|Alluring Voice|p2a: Spiritomb\n|-supereffective|p2a: Spiritomb\n|-damage|p2a: Spiritomb|146/234\n|move|p2a: Spiritomb|Foul Play|p1a: Meowstic\n|-supereffective|p1a: Meowstic\n|-damage|p1a: Meowstic|185/277\n|\n|-heal|p2a: Spiritomb|160/234|[from] item: Leftovers\n|upkeep\n|turn|2\n|\n|t:|1781435358\n|move|p1a: Meowstic|Alluring Voice|p2a: Spiritomb\n|-supereffective|p2a: Spiritomb\n|-damage|p2a: Spiritomb|60/234\n|move|p2a: Spiritomb|Poltergeist|p1a: Meowstic\n|-activate|p1a: Meowstic|move: Poltergeist|Light Clay\n|-supereffective|p1a: Meowstic\n|-damage|p1a: Meowstic|0 fnt\n|faint|p1a: Meowstic\n|\n|-heal|p2a: Spiritomb|74/234|[from] item: Leftovers\n|upkeep\n|\n|t:|1781435379\n|switch|p1a: Iron Valiant|Iron Valiant, L78|244/244\n|turn|3\n|\n|t:|1781435389\n|move|p1a: Iron Valiant|Spirit Break|p2a: Spiritomb\n|-supereffective|p2a: Spiritomb\n|-damage|p2a: Spiritomb|0 fnt\n|faint|p2a: Spiritomb\n|-damage|p1a: Iron Valiant|220/244|[from] item: Life Orb\n|\n|upkeep\n|\n|t:|1781435401\n|switch|p2a: Greedent|Greedent, L86, M|347/347\n|turn|4\n|\n|t:|1781435446\n|move|p1a: Iron Valiant|Swords Dance|p1a: Iron Valiant\n|-boost|p1a: Iron Valiant|atk|2\n|move|p2a: Greedent|Double-Edge|p1a: Iron Valiant\n|-damage|p1a: Iron Valiant|78/244\n|-damage|p2a: Greedent|300/347|[from] Recoil\n|\n|upkeep\n|turn|5\n|\n|t:|1781435454\n|move|p1a: Iron Valiant|Close Combat|p2a: Greedent\n|-supereffective|p2a: Greedent\n|-damage|p2a: Greedent|0 fnt\n|-unboost|p1a: Iron Valiant|def|1\n|-unboost|p1a: Iron Valiant|spd|1\n|faint|p2a: Greedent\n|-damage|p1a: Iron Valiant|54/244|[from] item: Life Orb\n|\n|upkeep\n|\n|t:|1781435461\n|switch|p2a: Mew|Mew, L82|298/298\n|turn|6\n|\n|t:|1781435476\n|move|p1a: Iron Valiant|Knock Off|p2a: Mew\n|-supereffective|p2a: Mew\n|-damage|p2a: Mew|0 fnt\n|-enditem|p2a: Mew|Leftovers|[from] move: Knock Off|[of] p1a: Iron Valiant\n|faint|p2a: Mew\n|-damage|p1a: Iron Valiant|30/244|[from] item: Life Orb\n|\n|upkeep\n|\n|t:|1781435481\n|switch|p2a: Quaquaval|Quaquaval, L79, F|264/264\n|turn|7\n|\n|t:|1781435492\n|move|p1a: Iron Valiant|Spirit Break|p2a: Quaquaval\n|-supereffective|p2a: Quaquaval\n|-damage|p2a: Quaquaval|0 fnt\n|faint|p2a: Quaquaval\n|-damage|p1a: Iron Valiant|6/244|[from] item: Life Orb\n|\n|upkeep\n|\n|t:|1781435497\n|switch|p2a: Rabsca|Rabsca, L91, M|284/284\n|turn|8\n|\n|t:|1781435505\n|move|p1a: Iron Valiant|Knock Off|p2a: Rabsca\n|-supereffective|p2a: Rabsca\n|-damage|p2a: Rabsca|0 fnt\n|-enditem|p2a: Rabsca|Heavy-Duty Boots|[from] move: Knock Off|[of] p1a: Iron Valiant\n|faint|p2a: Rabsca\n|-damage|p1a: Iron Valiant|0 fnt|[from] item: Life Orb\n|faint|p1a: Iron Valiant\n|-end|p1a: Iron Valiant|Quark Drive|[silent]\n|\n|upkeep\n|\n|t:|1781435515\n|switch|p1a: Exeggutor|Exeggutor-Alola, L89, M|314/314\n|switch|p2a: Zekrom|Zekrom, L71|259/259\n|-ability|p2a: Zekrom|Teravolt\n|-item|p2a: Zekrom|Leftovers|[from] ability: Frisk|[of] p1a: Exeggutor\n|turn|9\n|\n|t:|1781435532\n|-terastallize|p1a: Exeggutor|Fire\n|move|p2a: Zekrom|Bolt Strike|p1a: Exeggutor\n|-damage|p1a: Exeggutor|184/314\n|move|p1a: Exeggutor|Draco Meteor|p2a: Zekrom\n|-supereffective|p2a: Zekrom\n|-damage|p2a: Zekrom|0 fnt\n|-unboost|p1a: Exeggutor|spa|2\n|faint|p2a: Zekrom\n|\n|win|pomodoropj\n|raw|pomodoropj's rating: 1107 &rarr; <strong>1132</strong><br />(+25 for winning)\n|raw|okiniiri_1's rating: 1109 &rarr; <strong>1084</strong><br />(-25 for losing)\n|l|\u2606okiniiri_1\n|player|p2|\n", "uploadtime": 1781435549, "views": 4, "formatid": "gen9randombattle", "rating": 1084, "private": 0, "password": null}