{"id": "gen9randombattle-2631946470", "format": "[Gen 9] Random Battle", "players": ["L4V", "UmbreonSolitario"], "log": "|j|\u2606L4V\n|j|\u2606UmbreonSolitario\n|t:|1781458639\n|gametype|singles\n|player|p1|L4V|psychic-gen6|1945\n|player|p2|UmbreonSolitario|266|1990\n|gen|9\n|tier|[Gen 9] Random Battle\n|rated|\n|rule|Species Clause: Limit one of each Pok\u00e9mon\n|rule|HP Percentage Mod: HP is shown in percentages\n|rule|Sleep Clause Mod: Limit one foe put to sleep\n|rule|Illusion Level Mod: Illusion disguises the Pok\u00e9mon's true level\n|\n|t:|1781458639\n|teamsize|p1|6\n|teamsize|p2|6\n|start\n|switch|p1a: Bastiodon|Bastiodon, L89, M|252/252\n|switch|p2a: Miraidon|Miraidon, L65|238/238\n|-fieldstart|move: Electric Terrain|[from] ability: Hadron Engine|[of] p2a: Miraidon\n|turn|1\n|inactive|Battle timer is ON: inactive players will automatically lose when time's up. (requested by L4V)\n|\n|t:|1781458657\n|move|p2a: Miraidon|Calm Mind|p2a: Miraidon\n|-boost|p2a: Miraidon|spa|1\n|-boost|p2a: Miraidon|spd|1\n|move|p1a: Bastiodon|Body Press|p2a: Miraidon\n|-damage|p2a: Miraidon|128/238\n|\n|upkeep\n|turn|2\n|\n|t:|1781458660\n|move|p2a: Miraidon|Electro Drift|p1a: Bastiodon\n|-damage|p1a: Bastiodon|48/252\n|-damage|p2a: Miraidon|105/238|[from] item: Life Orb\n|move|p1a: Bastiodon|Body Press|p2a: Miraidon\n|-damage|p2a: Miraidon|0 fnt\n|faint|p2a: Miraidon\n|\n|upkeep\n|\n|t:|1781458687\n|switch|p2a: Espathra|Espathra, L80, M|283/283\n|turn|3\n|\n|t:|1781458694\n|move|p2a: Espathra|Lumina Crash|p1a: Bastiodon\n|-resisted|p1a: Bastiodon\n|-damage|p1a: Bastiodon|9/252\n|-unboost|p1a: Bastiodon|spd|2\n|move|p1a: Bastiodon|Foul Play|p2a: Espathra\n|-supereffective|p2a: Espathra\n|-damage|p2a: Espathra|151/283\n|\n|-ability|p2a: Espathra|Speed Boost|boost\n|-boost|p2a: Espathra|spe|1\n|upkeep\n|turn|4\n|\n|t:|1781458699\n|move|p2a: Espathra|Lumina Crash|p1a: Bastiodon\n|-resisted|p1a: Bastiodon\n|-damage|p1a: Bastiodon|0 fnt\n|faint|p1a: Bastiodon\n|\n|-ability|p2a: Espathra|Speed Boost|boost\n|-boost|p2a: Espathra|spe|1\n|upkeep\n|\n|t:|1781458704\n|switch|p1a: Pincurchin|Pincurchin, F|258/258\n|turn|5\n|\n|t:|1781458709\n|move|p2a: Espathra|Lumina Crash|p1a: Pincurchin\n|-damage|p1a: Pincurchin|162/258\n|-unboost|p1a: Pincurchin|spd|2\n|move|p1a: Pincurchin|Discharge|p2a: Espathra\n|-damage|p2a: Espathra|0 fnt\n|faint|p2a: Espathra\n|\n|-heal|p1a: Pincurchin|178/258|[from] item: Leftovers\n|-fieldend|move: Electric Terrain\n|upkeep\n|\n|t:|1781458713\n|switch|p2a: Kingdra|Kingdra, L84, M|263/263\n|turn|6\n|\n|t:|1781458722\n|switch|p2a: Raichu|Raichu, L88, F|249/249\n|move|p1a: Pincurchin|Discharge|p2a: Raichu\n|-ability|p2a: Raichu|Lightning Rod|boost\n|-boost|p2a: Raichu|spa|1\n|\n|-heal|p1a: Pincurchin|194/258|[from] item: Leftovers\n|upkeep\n|turn|7\n|\n|t:|1781458736\n|move|p2a: Raichu|Surf|p1a: Pincurchin\n|-damage|p1a: Pincurchin|0 fnt\n|faint|p1a: Pincurchin\n|-damage|p2a: Raichu|225/249|[from] item: Life Orb\n|\n|upkeep\n|\n|t:|1781458753\n|switch|p1a: Sudowoodo|Sudowoodo, L94, M|284/284\n|turn|8\n|\n|t:|1781458761\n|move|p2a: Raichu|Surf|p1a: Sudowoodo\n|-supereffective|p1a: Sudowoodo\n|-damage|p1a: Sudowoodo|0 fnt\n|faint|p1a: Sudowoodo\n|-damage|p2a: Raichu|201/249|[from] item: Life Orb\n|\n|upkeep\n|\n|t:|1781458766\n|switch|p1a: Dragonite|Dragonite, L74, F|257/257\n|turn|9\n|\n|t:|1781458773\n|-terastallize|p2a: Raichu|Ice\n|move|p2a: Raichu|Tera Blast|p1a: Dragonite|[anim] Tera Blast Ice\n|-supereffective|p1a: Dragonite\n|-damage|p1a: Dragonite|0 fnt\n|faint|p1a: Dragonite\n|-damage|p2a: Raichu|177/249|[from] item: Life Orb\n|\n|upkeep\n|\n|t:|1781458781\n|switch|p1a: Iron Valiant|Iron Valiant, L78|244/244\n|turn|10\n|\n|t:|1781458787\n|move|p2a: Raichu|Thunderbolt|p1a: Iron Valiant\n|-damage|p1a: Iron Valiant|0 fnt\n|faint|p1a: Iron Valiant\n|-end|p1a: Iron Valiant|Quark Drive|[silent]\n|-damage|p2a: Raichu|153/249|[from] item: Life Orb\n|\n|upkeep\n|\n|t:|1781458790\n|switch|p1a: Toucannon|Toucannon, L88, F|284/284\n|turn|11\n|\n|t:|1781458793\n|-terastallize|p1a: Toucannon|Steel\n|move|p2a: Raichu|Thunderbolt|p1a: Toucannon\n|-damage|p1a: Toucannon|93/284\n|-damage|p2a: Raichu|129/249|[from] item: Life Orb\n|move|p1a: Toucannon|Boomburst|p2a: Raichu\n|-damage|p2a: Raichu|0 fnt\n|faint|p2a: Raichu\n|\n|upkeep\n|-message|L4V forfeited.\n|\n|win|UmbreonSolitario\n", "uploadtime": 1781458641, "views": 8, "formatid": "gen9randombattle", "rating": null, "private": 0, "password": null}