{"id": "gen9randombattle-2631573755", "format": "[Gen 9] Random Battle", "players": ["flaviodssts", "WhatEver2102"], "log": "|j|\u2606flaviodssts\n|j|\u2606WhatEver2102\n|t:|1781403228\n|gametype|singles\n|player|p1|flaviodssts|burglar|2027\n|player|p2|WhatEver2102|juan|2030\n|gen|9\n|tier|[Gen 9] Random Battle\n|rated|\n|rule|Species Clause: Limit one of each Pok\u00e9mon\n|rule|HP Percentage Mod: HP is shown in percentages\n|rule|Sleep Clause Mod: Limit one foe put to sleep\n|rule|Illusion Level Mod: Illusion disguises the Pok\u00e9mon's true level\n|\n|t:|1781403228\n|teamsize|p1|6\n|teamsize|p2|6\n|start\n|switch|p1a: Dudunsparce|Dudunsparce, L83, M|343/343\n|switch|p2a: Slowking|Slowking-Galar, L85, F|300/300\n|turn|1\n|inactive|Battle timer is ON: inactive players will automatically lose when time's up. (requested by flaviodssts)\n|inactive|WhatEver2102 has 120 seconds left.\n|\n|t:|1781403265\n|switch|p2a: Grimmsnarl|Grimmsnarl, L83, M|293/293\n|move|p1a: Dudunsparce|Calm Mind|p1a: Dudunsparce\n|-boost|p1a: Dudunsparce|spa|1\n|-boost|p1a: Dudunsparce|spd|1\n|\n|upkeep\n|turn|2\n|\n|t:|1781403284\n|move|p2a: Grimmsnarl|Spirit Break|p1a: Dudunsparce\n|-damage|p1a: Dudunsparce|241/343\n|-unboost|p1a: Dudunsparce|spa|1\n|move|p1a: Dudunsparce|Boomburst|p2a: Grimmsnarl\n|-damage|p2a: Grimmsnarl|145/293\n|\n|-heal|p2a: Grimmsnarl|163/293|[from] item: Leftovers\n|-heal|p1a: Dudunsparce|262/343|[from] item: Leftovers\n|upkeep\n|turn|3\n|\n|t:|1781403303\n|move|p2a: Grimmsnarl|Parting Shot|p1a: Dudunsparce\n|-unboost|p1a: Dudunsparce|atk|1\n|-unboost|p1a: Dudunsparce|spa|1\n|\n|t:|1781403310\n|switch|p2a: Gliscor|Gliscor, L76, F|239/239|[from] Parting Shot\n|move|p1a: Dudunsparce|Boomburst|p2a: Gliscor\n|-damage|p2a: Gliscor|133/239\n|\n|-heal|p1a: Dudunsparce|283/343|[from] item: Leftovers\n|-status|p2a: Gliscor|tox|[from] item: Toxic Orb\n|upkeep\n|turn|4\n|\n|t:|1781403324\n|switch|p1a: Bronzong|Bronzong, L88|261/261\n|move|p2a: Gliscor|Toxic|p1a: Bronzong|[miss]\n|-miss|p2a: Gliscor|p1a: Bronzong\n|\n|-heal|p2a: Gliscor|162/239 tox|[from] ability: Poison Heal\n|upkeep\n|turn|5\n|\n|t:|1781403331\n|move|p2a: Gliscor|Protect|p2a: Gliscor\n|-singleturn|p2a: Gliscor|Protect\n|move|p1a: Bronzong|Iron Head|p2a: Gliscor\n|-activate|p2a: Gliscor|move: Protect\n|\n|-heal|p2a: Gliscor|191/239 tox|[from] ability: Poison Heal\n|upkeep\n|turn|6\n|\n|t:|1781403343\n|switch|p2a: Luxray|Luxray, L88, F|284/284\n|-ability|p2a: Luxray|Intimidate|boost\n|-unboost|p1a: Bronzong|atk|1\n|move|p1a: Bronzong|Iron Head|p2a: Luxray\n|-resisted|p2a: Luxray\n|-damage|p2a: Luxray|254/284\n|\n|upkeep\n|turn|7\n|\n|t:|1781403347\n|switch|p1a: Sandy Shocks|Sandy Shocks, L80|267/267\n|move|p2a: Luxray|Throat Chop|p1a: Sandy Shocks\n|-damage|p1a: Sandy Shocks|189/267\n|-start|p1a: Sandy Shocks|Throat Chop|[silent]\n|\n|-heal|p1a: Sandy Shocks|205/267|[from] item: Leftovers\n|upkeep\n|turn|8\n|\n|t:|1781403354\n|switch|p2a: Gliscor|Gliscor, L76, F|191/239 tox\n|move|p1a: Sandy Shocks|Stealth Rock|p2a: Gliscor\n|-sidestart|p2: WhatEver2102|move: Stealth Rock\n|\n|-heal|p1a: Sandy Shocks|221/267|[from] item: Leftovers\n|-heal|p2a: Gliscor|220/239 tox|[from] ability: Poison Heal\n|-end|p1a: Sandy Shocks|Throat Chop|[silent]\n|upkeep\n|turn|9\n|\n|t:|1781403363\n|-end|p1a: Sandy Shocks|Protosynthesis|[silent]\n|switch|p1a: Bronzong|Bronzong, L88|261/261\n|move|p2a: Gliscor|Earthquake|p1a: Bronzong\n|-immune|p1a: Bronzong|[from] ability: Levitate\n|\n|-heal|p2a: Gliscor|239/239 tox|[from] ability: Poison Heal\n|upkeep\n|turn|10\n|\n|t:|1781403368\n|switch|p2a: Luxray|Luxray, L88, F|254/284\n|-damage|p2a: Luxray|219/284|[from] Stealth Rock\n|-ability|p2a: Luxray|Intimidate|boost\n|-unboost|p1a: Bronzong|atk|1\n|move|p1a: Bronzong|Iron Head|p2a: Luxray\n|-resisted|p2a: Luxray\n|-damage|p2a: Luxray|190/284\n|\n|upkeep\n|turn|11\n|\n|t:|1781403374\n|switch|p1a: Sandy Shocks|Sandy Shocks, L80|221/267\n|move|p2a: Luxray|Throat Chop|p1a: Sandy Shocks\n|-damage|p1a: Sandy Shocks|144/267\n|-start|p1a: Sandy Shocks|Throat Chop|[silent]\n|\n|-heal|p1a: Sandy Shocks|160/267|[from] item: Leftovers\n|upkeep\n|turn|12\n|\n|t:|1781403379\n|move|p1a: Sandy Shocks|Spikes|p2a: Luxray\n|-sidestart|p2: WhatEver2102|Spikes\n|move|p2a: Luxray|Throat Chop|p1a: Sandy Shocks\n|-damage|p1a: Sandy Shocks|90/267\n|\n|-heal|p1a: Sandy Shocks|106/267|[from] item: Leftovers\n|-end|p1a: Sandy Shocks|Throat Chop|[silent]\n|upkeep\n|turn|13\n|\n|t:|1781403386\n|move|p1a: Sandy Shocks|Spikes|p2a: Luxray\n|-sidestart|p2: WhatEver2102|Spikes\n|move|p2a: Luxray|Play Rough|p1a: Sandy Shocks\n|-damage|p1a: Sandy Shocks|22/267\n|-unboost|p1a: Sandy Shocks|atk|1\n|\n|-heal|p1a: Sandy Shocks|38/267|[from] item: Leftovers\n|upkeep\n|turn|14\n|\n|t:|1781403394\n|move|p1a: Sandy Shocks|Earth Power|p2a: Luxray\n|-supereffective|p2a: Luxray\n|-damage|p2a: Luxray|46/284\n|move|p2a: Luxray|Throat Chop|p1a: Sandy Shocks\n|-damage|p1a: Sandy Shocks|0 fnt\n|faint|p1a: Sandy Shocks\n|-end|p1a: Sandy Shocks|Protosynthesis|[silent]\n|\n|upkeep\n|\n|t:|1781403402\n|switch|p1a: Sneasler|Sneasler, L74, M|240/240\n|turn|15\n|\n|t:|1781403410\n|move|p1a: Sneasler|U-turn|p2a: Luxray\n|-damage|p2a: Luxray|0 fnt\n|faint|p2a: Luxray\n|\n|t:|1781403414\n|switch|p1a: Dudunsparce|Dudunsparce, L83, M|283/343|[from] U-turn\n|\n|-heal|p1a: Dudunsparce|304/343|[from] item: Leftovers\n|upkeep\n|\n|t:|1781403426\n|switch|p2a: Snorlax|Snorlax, L82, F|397/397\n|-damage|p2a: Snorlax|348/397|[from] Stealth Rock\n|-damage|p2a: Snorlax|282/397|[from] Spikes\n|turn|16\n|\n|t:|1781403434\n|switch|p1a: Giratina|Giratina-Origin, L72|335/335\n|move|p2a: Snorlax|Curse|p2a: Snorlax\n|-unboost|p2a: Snorlax|spe|1\n|-boost|p2a: Snorlax|atk|1\n|-boost|p2a: Snorlax|def|1\n|\n|-heal|p2a: Snorlax|306/397|[from] item: Leftovers\n|upkeep\n|turn|17\n|-message|WhatEver2102 forfeited.\n|\n|win|flaviodssts\n", "uploadtime": 1781403230, "views": 7, "formatid": "gen9randombattle", "rating": null, "private": 0, "password": null}