{"id": "gen9randombattle-2631434657", "format": "[Gen 9] Random Battle", "players": ["Dfrrnspa97", "b3npaii"], "log": "|j|\u2606Dfrrnspa97\n|j|\u2606b3npaii\n|t:|1781384235\n|gametype|singles\n|player|p1|Dfrrnspa97|102|2248\n|player|p2|b3npaii|elesa|2096\n|gen|9\n|tier|[Gen 9] Random Battle\n|rated|\n|rule|Species Clause: Limit one of each Pok\u00e9mon\n|rule|HP Percentage Mod: HP is shown in percentages\n|rule|Sleep Clause Mod: Limit one foe put to sleep\n|rule|Illusion Level Mod: Illusion disguises the Pok\u00e9mon's true level\n|\n|t:|1781384236\n|teamsize|p1|6\n|teamsize|p2|6\n|start\n|switch|p1a: Talonflame|Talonflame, L83, M|265/265\n|switch|p2a: Arceus|Arceus-Grass, L73|296/296\n|turn|1\n|inactive|Battle timer is ON: inactive players will automatically lose when time's up. (requested by b3npaii)\n|\n|t:|1781384245\n|switch|p2a: Pelipper|Pelipper, L86, F|243/243\n|-weather|RainDance|[from] ability: Drizzle|[of] p2a: Pelipper\n|move|p1a: Talonflame|Swords Dance|p1a: Talonflame\n|-boost|p1a: Talonflame|atk|2\n|\n|-weather|RainDance|[upkeep]\n|upkeep\n|turn|2\n|\n|t:|1781384251\n|switch|p1a: Regice|Regice, L88|284/284\n|move|p2a: Pelipper|U-turn|p1a: Regice\n|-damage|p1a: Regice|257/284\n|\n|t:|1781384256\n|switch|p2a: Luxray|Luxray, L88, M|283/283|[from] U-turn\n|\n|-weather|RainDance|[upkeep]\n|-status|p2a: Luxray|brn|[from] item: Flame Orb\n|upkeep\n|turn|3\n|\n|t:|1781384260\n|switch|p1a: Landorus|Landorus, L75, M|257/257\n|move|p2a: Luxray|Facade|p1a: Landorus\n|-damage|p1a: Landorus|50/257\n|\n|-weather|RainDance|[upkeep]\n|-damage|p2a: Luxray|266/283 brn|[from] brn\n|upkeep\n|turn|4\n|\n|t:|1781384264\n|switch|p2a: Ludicolo|Ludicolo, L90, F|290/290\n|move|p1a: Landorus|Stealth Rock|p2a: Ludicolo\n|-sidestart|p2: b3npaii|move: Stealth Rock\n|\n|-weather|RainDance|[upkeep]\n|upkeep\n|turn|5\n|\n|t:|1781384268\n|switch|p1a: Regice|Regice, L88|257/284\n|move|p2a: Ludicolo|Hydro Pump|p1a: Regice\n|-damage|p1a: Regice|135/284\n|-damage|p2a: Ludicolo|261/290|[from] item: Life Orb\n|\n|-weather|none\n|upkeep\n|turn|6\n|\n|t:|1781384277\n|switch|p2a: Luxray|Luxray, L88, M|266/283 brn\n|-damage|p2a: Luxray|231/283 brn|[from] Stealth Rock\n|move|p1a: Regice|Thunder Wave||[still]\n|-fail|p1a: Regice\n|\n|-damage|p2a: Luxray|214/283 brn|[from] brn\n|upkeep\n|turn|7\n|\n|t:|1781384285\n|switch|p1a: Landorus|Landorus, L75, M|50/257\n|move|p2a: Luxray|Trailblaze|p1a: Landorus\n|-damage|p1a: Landorus|0 fnt\n|-boost|p2a: Luxray|spe|1\n|faint|p1a: Landorus\n|\n|-damage|p2a: Luxray|197/283 brn|[from] brn\n|upkeep\n|l|\u2606Dfrrnspa97\n|inactive|Dfrrnspa97 disconnected and has a minute to reconnect!\n|player|p1|\n|inactive|Dfrrnspa97 has 30 seconds to reconnect!\n|inactive|Dfrrnspa97 has 20 seconds to reconnect!\n|inactive|Dfrrnspa97 has 15 seconds to reconnect!\n|inactive|Dfrrnspa97 has 10 seconds to reconnect!\n|inactive|Dfrrnspa97 has 5 seconds to reconnect!\n|-message|Dfrrnspa97 lost due to inactivity.\n|\n|win|b3npaii\n", "uploadtime": 1781384237, "views": 9, "formatid": "gen9randombattle", "rating": null, "private": 0, "password": null}