{"id": "gen9randombattle-2631811673", "format": "[Gen 9] Random Battle", "players": ["actuary97", "dr necrotizer"], "log": "|j|\u2606actuary97\n|j|\u2606dr necrotizer\n|t:|1781443149\n|gametype|singles\n|player|p1|actuary97|sabrina-frlg|2027\n|player|p2|dr necrotizer|102|1995\n|gen|9\n|tier|[Gen 9] Random Battle\n|rated|\n|rule|Species Clause: Limit one of each Pok\u00e9mon\n|rule|HP Percentage Mod: HP is shown in percentages\n|rule|Sleep Clause Mod: Limit one foe put to sleep\n|rule|Illusion Level Mod: Illusion disguises the Pok\u00e9mon's true level\n|\n|t:|1781443149\n|teamsize|p1|6\n|teamsize|p2|6\n|start\n|switch|p1a: Poliwrath|Poliwrath, L88, M|302/302\n|switch|p2a: Indeedee|Indeedee, L84, M|238/238\n|-fieldstart|move: Psychic Terrain|[from] ability: Psychic Surge|[of] p2a: Indeedee\n|turn|1\n|inactive|Battle timer is ON: inactive players will automatically lose when time's up. (requested by actuary97)\n|\n|t:|1781443157\n|switch|p1a: Overqwil|Overqwil, L82, M|274/274\n|-ability|p1a: Overqwil|Intimidate|boost\n|-unboost|p2a: Indeedee|atk|1\n|move|p2a: Indeedee|Hyper Voice|p1a: Overqwil\n|-damage|p1a: Overqwil|142/274\n|\n|upkeep\n|turn|2\n|\n|t:|1781443181\n|switch|p2a: Zamazenta|Zamazenta-Crowned, L68|238/238\n|-ability|p2a: Zamazenta|Dauntless Shield|boost\n|-boost|p2a: Zamazenta|def|1\n|move|p1a: Overqwil|Gunk Shot|p2a: Zamazenta\n|-immune|p2a: Zamazenta\n|\n|upkeep\n|turn|3\n|\n|t:|1781443190\n|switch|p1a: Houndstone|Houndstone, L86, M|264/264\n|move|p2a: Zamazenta|Body Press|p1a: Houndstone\n|-immune|p1a: Houndstone\n|\n|upkeep\n|turn|4\n|\n|t:|1781443201\n|switch|p2a: Noctowl|Noctowl, L95, F|344/344\n|move|p1a: Houndstone|Body Press|p2a: Noctowl\n|-damage|p2a: Noctowl|269/344\n|\n|upkeep\n|turn|5\n|\n|t:|1781443226\n|switch|p1a: Slaking|Slaking, L84, F|389/389\n|move|p2a: Noctowl|Hurricane|p1a: Slaking|[miss]\n|-miss|p2a: Noctowl|p1a: Slaking\n|\n|-fieldend|move: Psychic Terrain\n|upkeep\n|turn|6\n|\n|t:|1781443235\n|switch|p2a: Zamazenta|Zamazenta-Crowned, L68|238/238\n|move|p1a: Slaking|Double-Edge|p2a: Zamazenta\n|-resisted|p2a: Zamazenta\n|-damage|p2a: Zamazenta|117/238\n|-damage|p1a: Slaking|349/389|[from] Recoil\n|\n|upkeep\n|turn|7\n|\n|t:|1781443246\n|switch|p1a: Qwilfish|Qwilfish, L86, M|252/252\n|-ability|p1a: Qwilfish|Intimidate|boost\n|-unboost|p2a: Zamazenta|atk|1\n|switch|p2a: Indeedee|Indeedee, L84, M|238/238\n|-fieldstart|move: Psychic Terrain|[from] ability: Psychic Surge|[of] p2a: Indeedee\n|\n|upkeep\n|turn|8\n|\n|t:|1781443257\n|switch|p1a: Overqwil|Overqwil, L82, M|142/274\n|-ability|p1a: Overqwil|Intimidate|boost\n|-unboost|p2a: Indeedee|atk|1\n|move|p2a: Indeedee|Expanding Force|p1a: Overqwil\n|-immune|p1a: Overqwil\n|\n|upkeep\n|turn|9\n|\n|t:|1781443265\n|switch|p2a: Zamazenta|Zamazenta-Crowned, L68|117/238\n|move|p1a: Overqwil|Scale Shot|p2a: Zamazenta\n|-resisted|p2a: Zamazenta\n|-damage|p2a: Zamazenta|108/238\n|-resisted|p2a: Zamazenta\n|-damage|p2a: Zamazenta|100/238\n|-resisted|p2a: Zamazenta\n|-damage|p2a: Zamazenta|91/238\n|-resisted|p2a: Zamazenta\n|-damage|p2a: Zamazenta|83/238\n|-hitcount|p2a: Zamazenta|4\n|-unboost|p1a: Overqwil|def|1\n|-boost|p1a: Overqwil|spe|1\n|\n|upkeep\n|turn|10\n|\n|t:|1781443277\n|switch|p1a: Qwilfish|Qwilfish, L86, M|252/252\n|-ability|p1a: Qwilfish|Intimidate|boost\n|-unboost|p2a: Zamazenta|atk|1\n|move|p2a: Zamazenta|Stone Edge|p1a: Qwilfish\n|-damage|p1a: Qwilfish|216/252\n|\n|upkeep\n|turn|11\n|\n|t:|1781443285\n|move|p2a: Zamazenta|Iron Defense|p2a: Zamazenta\n|-boost|p2a: Zamazenta|def|2\n|move|p1a: Qwilfish|Flip Turn|p2a: Zamazenta\n|-damage|p2a: Zamazenta|53/238\n|\n|t:|1781443301\n|switch|p1a: Armarouge|Armarouge, L80, F|267/267|[from] Flip Turn\n|\n|-fieldend|move: Psychic Terrain\n|upkeep\n|turn|12\n|\n|t:|1781443308\n|move|p2a: Zamazenta|Stone Edge|p1a: Armarouge\n|-supereffective|p1a: Armarouge\n|-damage|p1a: Armarouge|191/267\n|-ability|p1a: Armarouge|Weak Armor|boost\n|-unboost|p1a: Armarouge|def|1\n|-boost|p1a: Armarouge|spe|2\n|move|p1a: Armarouge|Armor Cannon|p2a: Zamazenta\n|-supereffective|p2a: Zamazenta\n|-crit|p2a: Zamazenta\n|-damage|p2a: Zamazenta|0 fnt\n|-unboost|p1a: Armarouge|def|1\n|-unboost|p1a: Armarouge|spd|1\n|faint|p2a: Zamazenta\n|\n|upkeep\n|inactive|dr necrotizer has 120 seconds left.\n|\n|t:|1781443342\n|switch|p2a: Noctowl|Noctowl, L95, F|269/344\n|turn|13\n|\n|t:|1781443350\n|move|p1a: Armarouge|Armor Cannon|p2a: Noctowl\n|-damage|p2a: Noctowl|82/344\n|-unboost|p1a: Armarouge|def|1\n|-unboost|p1a: Armarouge|spd|1\n|move|p2a: Noctowl|Hyper Voice|p1a: Armarouge\n|-damage|p1a: Armarouge|0 fnt\n|faint|p1a: Armarouge\n|\n|upkeep\n|\n|t:|1781443364\n|switch|p1a: Overqwil|Overqwil, L82, M|142/274\n|-ability|p1a: Overqwil|Intimidate|boost\n|-unboost|p2a: Noctowl|atk|1\n|turn|14\n|inactive|dr necrotizer has 120 seconds left.\n|\n|t:|1781443393\n|switch|p2a: Glalie|Glalie, L96, F|309/309\n|move|p1a: Overqwil|Scale Shot|p2a: Glalie\n|-damage|p2a: Glalie|289/309\n|-damage|p2a: Glalie|271/309\n|-damage|p2a: Glalie|252/309\n|-damage|p2a: Glalie|233/309\n|-hitcount|p2a: Glalie|4\n|-unboost|p1a: Overqwil|def|1\n|-boost|p1a: Overqwil|spe|1\n|\n|upkeep\n|turn|15\n|inactive|dr necrotizer has 120 seconds left.\n|\n|t:|1781443401\n|move|p1a: Overqwil|Swords Dance|p1a: Overqwil\n|-boost|p1a: Overqwil|atk|2\n|move|p2a: Glalie|Earthquake|p1a: Overqwil\n|-supereffective|p1a: Overqwil\n|-damage|p1a: Overqwil|0 fnt\n|faint|p1a: Overqwil\n|\n|upkeep\n|\n|t:|1781443408\n|switch|p1a: Qwilfish|Qwilfish, L86, M|216/252\n|-ability|p1a: Qwilfish|Intimidate|boost\n|-fail|p2a: Glalie|unboost|Attack|[from] ability: Inner Focus|[of] p2a: Glalie\n|turn|16\n|\n|t:|1781443419\n|move|p2a: Glalie|Taunt|p1a: Qwilfish\n|-start|p1a: Qwilfish|move: Taunt\n|move|p1a: Qwilfish|Flip Turn|p2a: Glalie\n|-damage|p2a: Glalie|169/309\n|\n|t:|1781443426\n|switch|p1a: Poliwrath|Poliwrath, L88, M|302/302|[from] Flip Turn\n|\n|upkeep\n|turn|17\n|\n|t:|1781443434\n|move|p2a: Glalie|Freeze-Dry|p1a: Poliwrath\n|-supereffective|p1a: Poliwrath\n|-damage|p1a: Poliwrath|140/302\n|-status|p1a: Poliwrath|frz\n|cant|p1a: Poliwrath|frz\n|\n|upkeep\n|turn|18\n|\n|t:|1781443446\n|move|p2a: Glalie|Freeze-Dry|p1a: Poliwrath\n|-supereffective|p1a: Poliwrath\n|-damage|p1a: Poliwrath|0 fnt\n|faint|p1a: Poliwrath\n|\n|upkeep\n|\n|t:|1781443447\n|switch|p1a: Slaking|Slaking, L84, F|349/389\n|turn|19\n|\n|t:|1781443452\n|switch|p2a: Noctowl|Noctowl, L95, F|82/344\n|move|p1a: Slaking|Double-Edge|p2a: Noctowl\n|-damage|p2a: Noctowl|0 fnt\n|faint|p2a: Noctowl\n|-damage|p1a: Slaking|322/389|[from] Recoil\n|\n|upkeep\n|\n|t:|1781443463\n|switch|p2a: Indeedee|Indeedee, L84, M|238/238\n|-fieldstart|move: Psychic Terrain|[from] ability: Psychic Surge|[of] p2a: Indeedee\n|turn|20\n|\n|t:|1781443468\n|switch|p1a: Qwilfish|Qwilfish, L86, M|216/252\n|-ability|p1a: Qwilfish|Intimidate|boost\n|-unboost|p2a: Indeedee|atk|1\n|move|p2a: Indeedee|Expanding Force|p1a: Qwilfish\n|-supereffective|p1a: Qwilfish\n|-crit|p1a: Qwilfish\n|-damage|p1a: Qwilfish|0 fnt\n|faint|p1a: Qwilfish\n|\n|upkeep\n|\n|t:|1781443471\n|switch|p1a: Slaking|Slaking, L84, F|322/389\n|turn|21\n|\n|t:|1781443481\n|move|p2a: Indeedee|Expanding Force|p1a: Slaking\n|-damage|p1a: Slaking|114/389\n|move|p1a: Slaking|Double-Edge|p2a: Indeedee\n|-damage|p2a: Indeedee|0 fnt\n|faint|p2a: Indeedee\n|-damage|p1a: Slaking|35/389|[from] Recoil\n|\n|upkeep\n|\n|t:|1781443492\n|switch|p2a: Keldeo|Keldeo-Resolute, L79|273/273\n|turn|22\n|\n|t:|1781443499\n|switch|p1a: Houndstone|Houndstone, L86, M|264/264\n|move|p2a: Keldeo|Calm Mind|p2a: Keldeo\n|-boost|p2a: Keldeo|spa|1\n|-boost|p2a: Keldeo|spd|1\n|\n|upkeep\n|turn|23\n|\n|t:|1781443504\n|-terastallize|p2a: Keldeo|Water\n|move|p2a: Keldeo|Hydro Pump|p1a: Houndstone\n|-damage|p1a: Houndstone|0 fnt\n|faint|p1a: Houndstone\n|-damage|p2a: Keldeo|246/273|[from] item: Life Orb\n|\n|upkeep\n|-message|actuary97 forfeited.\n|\n|win|dr necrotizer\n|raw|actuary97's rating: 2027 &rarr; <strong>2005</strong><br />(-22 for losing)\n|raw|dr necrotizer's rating: 1995 &rarr; <strong>2017</strong><br />(+22 for winning)\n", "uploadtime": 1781443152, "views": 5, "formatid": "gen9randombattle", "rating": 2005, "private": 0, "password": null}