{"id": "gen9randombattle-2631641675", "format": "[Gen 9] Random Battle", "players": ["euphoricpoptarts", "ch3test8"], "log": "|j|\u2606euphoricpoptarts\n|j|\u2606ch3test8\n|t:|1781413446\n|gametype|singles\n|player|p1|euphoricpoptarts|unknown|2015\n|player|p2|ch3test8|170|1927\n|gen|9\n|tier|[Gen 9] Random Battle\n|rated|\n|rule|Species Clause: Limit one of each Pok\u00e9mon\n|rule|HP Percentage Mod: HP is shown in percentages\n|rule|Sleep Clause Mod: Limit one foe put to sleep\n|rule|Illusion Level Mod: Illusion disguises the Pok\u00e9mon's true level\n|\n|t:|1781413446\n|teamsize|p1|6\n|teamsize|p2|6\n|start\n|switch|p1a: Espathra|Espathra, L80, M|283/283\n|switch|p2a: Crabominable|Crabominable, L90, F|321/321\n|turn|1\n|inactive|Battle timer is ON: inactive players will automatically lose when time's up. (requested by euphoricpoptarts)\n|\n|t:|1781413457\n|switch|p2a: Malamar|Malamar, L82, F|275/275\n|move|p1a: Espathra|Protect||[still]\n|-fail|p1a: Espathra\n|\n|-ability|p1a: Espathra|Speed Boost|boost\n|-boost|p1a: Espathra|spe|1\n|upkeep\n|turn|2\n|\n|t:|1781413471\n|-terastallize|p1a: Espathra|Fairy\n|move|p1a: Espathra|Dazzling Gleam|p2a: Malamar\n|-supereffective|p2a: Malamar\n|-damage|p2a: Malamar|89/275\n|move|p2a: Malamar|Knock Off|p1a: Espathra\n|-resisted|p1a: Espathra\n|-damage|p1a: Espathra|220/283\n|-enditem|p1a: Espathra|Leftovers|[from] move: Knock Off|[of] p2a: Malamar\n|\n|-ability|p1a: Espathra|Speed Boost|boost\n|-boost|p1a: Espathra|spe|1\n|upkeep\n|turn|3\n|\n|t:|1781413482\n|move|p1a: Espathra|Calm Mind|p1a: Espathra\n|-boost|p1a: Espathra|spa|1\n|-boost|p1a: Espathra|spd|1\n|move|p2a: Malamar|Psycho Cut|p1a: Espathra\n|-damage|p1a: Espathra|127/283\n|\n|-ability|p1a: Espathra|Speed Boost|boost\n|-boost|p1a: Espathra|spe|1\n|upkeep\n|turn|4\n|\n|t:|1781413490\n|move|p1a: Espathra|Dazzling Gleam|p2a: Malamar\n|-supereffective|p2a: Malamar\n|-damage|p2a: Malamar|0 fnt\n|faint|p2a: Malamar\n|\n|-ability|p1a: Espathra|Speed Boost|boost\n|-boost|p1a: Espathra|spe|1\n|upkeep\n|\n|t:|1781413516\n|switch|p2a: Meloetta|Meloetta, L82|298/298\n|turn|5\n|\n|t:|1781413523\n|move|p1a: Espathra|Protect|p1a: Espathra\n|-singleturn|p1a: Espathra|Protect\n|move|p2a: Meloetta|Hyper Voice|p1a: Espathra\n|-activate|p1a: Espathra|move: Protect\n|\n|-ability|p1a: Espathra|Speed Boost|boost\n|-boost|p1a: Espathra|spe|1\n|upkeep\n|turn|6\n|\n|t:|1781413536\n|move|p1a: Espathra|Calm Mind|p1a: Espathra\n|-boost|p1a: Espathra|spa|1\n|-boost|p1a: Espathra|spd|1\n|move|p2a: Meloetta|Hyper Voice|p1a: Espathra\n|-damage|p1a: Espathra|13/283\n|\n|-ability|p1a: Espathra|Speed Boost|boost\n|-boost|p1a: Espathra|spe|1\n|upkeep\n|turn|7\n|\n|t:|1781413543\n|move|p1a: Espathra|Stored Power|p2a: Meloetta\n|-resisted|p2a: Meloetta\n|-damage|p2a: Meloetta|121/298\n|move|p2a: Meloetta|Hyper Voice|p1a: Espathra\n|-damage|p1a: Espathra|0 fnt\n|faint|p1a: Espathra\n|\n|upkeep\n|\n|t:|1781413565\n|switch|p1a: Sandy Shocks|Sandy Shocks, L80|267/267\n|turn|8\n|\n|t:|1781413578\n|switch|p2a: Dipplin|Dipplin, L88, M|284/284\n|move|p1a: Sandy Shocks|Spikes|p2a: Dipplin\n|-sidestart|p2: ch3test8|Spikes\n|\n|upkeep\n|turn|9\n|\n|t:|1781413589\n|move|p1a: Sandy Shocks|Volt Switch|p2a: Dipplin\n|-resisted|p2a: Dipplin\n|-damage|p2a: Dipplin|270/284\n|\n|t:|1781413592\n|-end|p1a: Sandy Shocks|Protosynthesis|[silent]\n|switch|p1a: Dunsparce|Dunsparce, L86, M|312/312|[from] Volt Switch\n|move|p2a: Dipplin|Giga Drain|p1a: Dunsparce\n|-damage|p1a: Dunsparce|246/312\n|-heal|p2a: Dipplin|284/284|[from] drain|[of] p1a: Dunsparce\n|\n|upkeep\n|turn|10\n|\n|t:|1781413596\n|move|p1a: Dunsparce|Body Slam|p2a: Dipplin\n|-damage|p2a: Dipplin|241/284\n|move|p2a: Dipplin|Dragon Tail|p1a: Dunsparce\n|-damage|p1a: Dunsparce|198/312\n|drag|p1a: Reshiram|Reshiram, L76|277/277\n|-ability|p1a: Reshiram|Turboblaze\n|\n|upkeep\n|turn|11\n|\n|t:|1781413605\n|move|p1a: Reshiram|Draco Meteor|p2a: Dipplin|[miss]\n|-miss|p1a: Reshiram|p2a: Dipplin\n|move|p2a: Dipplin|Dragon Tail|p1a: Reshiram\n|-supereffective|p1a: Reshiram\n|-damage|p1a: Reshiram|151/277\n|drag|p1a: Sandy Shocks|Sandy Shocks, L80|267/267\n|\n|upkeep\n|turn|12\n|\n|t:|1781413620\n|move|p1a: Sandy Shocks|Volt Switch|p2a: Dipplin\n|-resisted|p2a: Dipplin\n|-damage|p2a: Dipplin|228/284\n|\n|t:|1781413623\n|-end|p1a: Sandy Shocks|Protosynthesis|[silent]\n|switch|p1a: Dunsparce|Dunsparce, L86, M|198/312|[from] Volt Switch\n|move|p2a: Dipplin|Giga Drain|p1a: Dunsparce\n|-damage|p1a: Dunsparce|132/312\n|-heal|p2a: Dipplin|261/284|[from] drain|[of] p1a: Dunsparce\n|\n|upkeep\n|turn|13\n|\n|t:|1781413628\n|switch|p2a: Crabominable|Crabominable, L90, F|321/321\n|-damage|p2a: Crabominable|281/321|[from] Spikes\n|move|p1a: Dunsparce|Body Slam|p2a: Crabominable\n|-crit|p2a: Crabominable\n|-damage|p2a: Crabominable|163/321\n|-status|p2a: Crabominable|par\n|\n|upkeep\n|turn|14\n|\n|t:|1781413643\n|switch|p1a: Sandy Shocks|Sandy Shocks, L80|267/267\n|move|p2a: Crabominable|Drain Punch|p1a: Sandy Shocks\n|-damage|p1a: Sandy Shocks|56/267\n|-heal|p2a: Crabominable|269/321 par|[from] drain|[of] p1a: Sandy Shocks\n|\n|upkeep\n|turn|15\n|\n|t:|1781413649\n|move|p1a: Sandy Shocks|Thunderbolt|p2a: Crabominable\n|-damage|p2a: Crabominable|154/321 par\n|cant|p2a: Crabominable|par\n|\n|upkeep\n|turn|16\n|\n|t:|1781413653\n|move|p1a: Sandy Shocks|Thunderbolt|p2a: Crabominable\n|-damage|p2a: Crabominable|34/321 par\n|move|p2a: Crabominable|Drain Punch|p1a: Sandy Shocks\n|-damage|p1a: Sandy Shocks|0 fnt\n|-heal|p2a: Crabominable|62/321 par|[from] drain|[of] p1a: Sandy Shocks\n|faint|p1a: Sandy Shocks\n|-end|p1a: Sandy Shocks|Protosynthesis|[silent]\n|\n|upkeep\n|\n|t:|1781413667\n|switch|p1a: Tatsugiri|Tatsugiri, L87, M|260/260\n|turn|17\n|\n|t:|1781413673\n|move|p1a: Tatsugiri|Surf|p2a: Crabominable\n|-damage|p2a: Crabominable|0 fnt\n|faint|p2a: Crabominable\n|\n|upkeep\n|\n|t:|1781413683\n|switch|p2a: Azumarill|Azumarill, L82, F|298/298\n|-damage|p2a: Azumarill|261/298|[from] Spikes\n|turn|18\n|\n|t:|1781413701\n|switch|p1a: Dunsparce|Dunsparce, L86, M|132/312\n|move|p2a: Azumarill|Play Rough|p1a: Dunsparce\n|-damage|p1a: Dunsparce|0 fnt\n|faint|p1a: Dunsparce\n|\n|upkeep\n|\n|t:|1781413709\n|switch|p1a: Floatzel|Floatzel, L86, F|286/286\n|turn|19\n|\n|t:|1781413715\n|move|p1a: Floatzel|Bulk Up|p1a: Floatzel\n|-boost|p1a: Floatzel|atk|1\n|-boost|p1a: Floatzel|def|1\n|move|p2a: Azumarill|Play Rough|p1a: Floatzel\n|-damage|p1a: Floatzel|145/286\n|\n|-heal|p1a: Floatzel|162/286|[from] item: Leftovers\n|upkeep\n|turn|20\n|\n|t:|1781413721\n|switch|p2a: Dipplin|Dipplin, L88, M|261/284\n|-damage|p2a: Dipplin|226/284|[from] Spikes\n|move|p1a: Floatzel|Wave Crash|p2a: Dipplin\n|-resisted|p2a: Dipplin\n|-damage|p2a: Dipplin|196/284\n|-damage|p1a: Floatzel|152/286|[from] Recoil\n|\n|-heal|p1a: Floatzel|169/286|[from] item: Leftovers\n|upkeep\n|turn|21\n|\n|t:|1781413734\n|-terastallize|p2a: Dipplin|Steel\n|move|p1a: Floatzel|Ice Spinner|p2a: Dipplin\n|-resisted|p2a: Dipplin\n|-damage|p2a: Dipplin|170/284\n|move|p2a: Dipplin|Giga Drain|p1a: Floatzel\n|-supereffective|p1a: Floatzel\n|-damage|p1a: Floatzel|0 fnt\n|-heal|p2a: Dipplin|255/284|[from] drain|[of] p1a: Floatzel\n|faint|p1a: Floatzel\n|\n|upkeep\n|\n|t:|1781413737\n|switch|p1a: Reshiram|Reshiram, L76|151/277\n|-ability|p1a: Reshiram|Turboblaze\n|turn|22\n|\n|t:|1781413744\n|move|p1a: Reshiram|Blue Flare|p2a: Dipplin\n|-supereffective|p2a: Dipplin\n|-damage|p2a: Dipplin|13/284\n|move|p2a: Dipplin|Dragon Pulse|p1a: Reshiram\n|-supereffective|p1a: Reshiram\n|-damage|p1a: Reshiram|0 fnt\n|faint|p1a: Reshiram\n|\n|upkeep\n|\n|t:|1781413747\n|switch|p1a: Tatsugiri|Tatsugiri, L87, M|260/260\n|turn|23\n|\n|t:|1781413753\n|move|p1a: Tatsugiri|Surf|p2a: Dipplin\n|-damage|p2a: Dipplin|0 fnt\n|faint|p2a: Dipplin\n|\n|upkeep\n|\n|t:|1781413755\n|switch|p2a: Azumarill|Azumarill, L82, F|261/298\n|-damage|p2a: Azumarill|224/298|[from] Spikes\n|turn|24\n|\n|t:|1781413760\n|move|p1a: Tatsugiri|Nasty Plot|p1a: Tatsugiri\n|-boost|p1a: Tatsugiri|spa|2\n|move|p2a: Azumarill|Play Rough|p1a: Tatsugiri\n|-supereffective|p1a: Tatsugiri\n|-damage|p1a: Tatsugiri|0 fnt\n|faint|p1a: Tatsugiri\n|\n|win|ch3test8\n", "uploadtime": 1781413448, "views": 3, "formatid": "gen9randombattle", "rating": null, "private": 0, "password": null}