{"id": "gen9randombattle-2631482968", "format": "[Gen 9] Random Battle", "players": ["JustAPlum", "mkzl"], "log": "|j|\u2606JustAPlum\n|j|\u2606mkzl\n|t:|1781390628\n|gametype|singles\n|player|p1|JustAPlum|1|1494\n|player|p2|mkzl|101|1468\n|gen|9\n|tier|[Gen 9] Random Battle\n|rated|\n|rule|Species Clause: Limit one of each Pok\u00e9mon\n|rule|HP Percentage Mod: HP is shown in percentages\n|rule|Sleep Clause Mod: Limit one foe put to sleep\n|rule|Illusion Level Mod: Illusion disguises the Pok\u00e9mon's true level\n|\n|t:|1781390628\n|teamsize|p1|6\n|teamsize|p2|6\n|start\n|switch|p1a: Crawdaunt|Crawdaunt, L84, F|243/243\n|switch|p2a: Espeon|Espeon, L84, F|246/246\n|turn|1\n|\n|t:|1781390638\n|switch|p1a: Glastrier|Glastrier, L86|312/312\n|move|p2a: Espeon|Alluring Voice|p1a: Glastrier\n|-damage|p1a: Glastrier|237/312\n|-damage|p2a: Espeon|222/246|[from] item: Life Orb\n|\n|upkeep\n|turn|2\n|\n|t:|1781390655\n|switch|p2a: Zangoose|Zangoose, L85, M|263/263\n|move|p1a: Glastrier|Swords Dance|p1a: Glastrier\n|-boost|p1a: Glastrier|atk|2\n|\n|-status|p2a: Zangoose|tox|[from] item: Toxic Orb\n|upkeep\n|turn|3\n|\n|t:|1781390669\n|-terastallize|p1a: Glastrier|Steel\n|move|p2a: Zangoose|Facade|p1a: Glastrier\n|-resisted|p1a: Glastrier\n|-damage|p1a: Glastrier|147/312\n|move|p1a: Glastrier|Heavy Slam|p2a: Zangoose\n|-damage|p2a: Zangoose|0 fnt\n|faint|p2a: Zangoose\n|-ability|p1a: Glastrier|Chilling Neigh|boost\n|-boost|p1a: Glastrier|atk|1\n|\n|upkeep\n|\n|t:|1781390703\n|switch|p2a: Pachirisu|Pachirisu, L96, M|271/271\n|turn|4\n|\n|t:|1781390714\n|move|p2a: Pachirisu|Thunderbolt|p1a: Glastrier\n|-damage|p1a: Glastrier|86/312\n|move|p1a: Glastrier|High Horsepower|p2a: Pachirisu\n|-supereffective|p2a: Pachirisu\n|-damage|p2a: Pachirisu|0 fnt\n|faint|p2a: Pachirisu\n|-ability|p1a: Glastrier|Chilling Neigh|boost\n|-boost|p1a: Glastrier|atk|1\n|\n|upkeep\n|\n|t:|1781390721\n|switch|p2a: Weavile|Weavile, L79, M|240/240\n|turn|5\n|\n|t:|1781390727\n|move|p2a: Weavile|Knock Off|p1a: Glastrier\n|-damage|p1a: Glastrier|11/312\n|-enditem|p1a: Glastrier|Heavy-Duty Boots|[from] move: Knock Off|[of] p2a: Weavile\n|move|p1a: Glastrier|Heavy Slam|p2a: Weavile\n|-supereffective|p2a: Weavile\n|-crit|p2a: Weavile\n|-damage|p2a: Weavile|0 fnt\n|faint|p2a: Weavile\n|-ability|p1a: Glastrier|Chilling Neigh|boost\n|-boost|p1a: Glastrier|atk|1\n|\n|upkeep\n|\n|t:|1781390735\n|switch|p2a: Espeon|Espeon, L84, F|222/246\n|turn|6\n|\n|t:|1781390738\n|move|p2a: Espeon|Alluring Voice|p1a: Glastrier\n|-resisted|p1a: Glastrier\n|-damage|p1a: Glastrier|0 fnt\n|faint|p1a: Glastrier\n|-damage|p2a: Espeon|198/246|[from] item: Life Orb\n|\n|upkeep\n|\n|t:|1781390745\n|switch|p1a: Kingambit|Kingambit, L74, F|270/270\n|-activate|p1a: Kingambit|ability: Supreme Overlord\n|-start|p1a: Kingambit|fallen1|[silent]\n|turn|7\n|\n|t:|1781390758\n|move|p2a: Espeon|Alluring Voice|p1a: Kingambit\n|-damage|p1a: Kingambit|156/270\n|-damage|p2a: Espeon|174/246|[from] item: Life Orb\n|move|p1a: Kingambit|Kowtow Cleave|p2a: Espeon\n|-supereffective|p2a: Espeon\n|-damage|p2a: Espeon|0 fnt\n|faint|p2a: Espeon\n|\n|-heal|p1a: Kingambit|172/270|[from] item: Leftovers\n|upkeep\n|\n|t:|1781390764\n|switch|p2a: Comfey|Comfey, L85, M|225/225\n|turn|8\n|\n|t:|1781390769\n|-terastallize|p2a: Comfey|Ground\n|move|p2a: Comfey|Calm Mind|p2a: Comfey\n|-boost|p2a: Comfey|spa|1\n|-boost|p2a: Comfey|spd|1\n|move|p1a: Kingambit|Iron Head|p2a: Comfey\n|-damage|p2a: Comfey|137/225\n|\n|-heal|p2a: Comfey|151/225|[from] item: Leftovers\n|-heal|p1a: Kingambit|188/270|[from] item: Leftovers\n|upkeep\n|turn|9\n|\n|t:|1781390787\n|-end|p1a: Kingambit|fallen1|[silent]\n|switch|p1a: Ogerpon|Ogerpon-Hearthflame, L74, F|239/239\n|-ability|p1a: Ogerpon|Mold Breaker\n|move|p2a: Comfey|Tera Blast|p1a: Ogerpon|[anim] Tera Blast Ground\n|-damage|p1a: Ogerpon|119/239\n|\n|-heal|p2a: Comfey|165/225|[from] item: Leftovers\n|upkeep\n|turn|10\n|\n|t:|1781390797\n|move|p2a: Comfey|Tera Blast|p1a: Ogerpon|[anim] Tera Blast Ground\n|-damage|p1a: Ogerpon|0 fnt\n|faint|p1a: Ogerpon\n|\n|-heal|p2a: Comfey|179/225|[from] item: Leftovers\n|upkeep\n|\n|t:|1781390807\n|switch|p1a: Iron Boulder|Iron Boulder, L77|265/265\n|turn|11\n|\n|t:|1781390827\n|move|p2a: Comfey|Giga Drain|p1a: Iron Boulder\n|-supereffective|p1a: Iron Boulder\n|-damage|p1a: Iron Boulder|127/265\n|-heal|p2a: Comfey|225/225|[from] drain|[of] p1a: Iron Boulder\n|move|p1a: Iron Boulder|Close Combat|p2a: Comfey\n|-damage|p2a: Comfey|109/225\n|-unboost|p1a: Iron Boulder|def|1\n|-unboost|p1a: Iron Boulder|spd|1\n|-damage|p1a: Iron Boulder|101/265|[from] item: Life Orb\n|\n|-heal|p2a: Comfey|123/225|[from] item: Leftovers\n|upkeep\n|turn|12\n|\n|t:|1781390846\n|-end|p1a: Iron Boulder|Quark Drive|[silent]\n|switch|p1a: Pachirisu|Pachirisu, L96, F|271/271\n|move|p2a: Comfey|Giga Drain|p1a: Pachirisu\n|-damage|p1a: Pachirisu|229/271\n|-heal|p2a: Comfey|144/225|[from] drain|[of] p1a: Pachirisu\n|\n|-heal|p2a: Comfey|158/225|[from] item: Leftovers\n|upkeep\n|turn|13\n|\n|t:|1781390858\n|move|p1a: Pachirisu|Super Fang|p2a: Comfey\n|-damage|p2a: Comfey|79/225\n|move|p2a: Comfey|Calm Mind|p2a: Comfey\n|-boost|p2a: Comfey|spa|1\n|-boost|p2a: Comfey|spd|1\n|\n|-heal|p2a: Comfey|93/225|[from] item: Leftovers\n|upkeep\n|turn|14\n|\n|t:|1781390875\n|move|p2a: Comfey|Draining Kiss|p1a: Pachirisu\n|-damage|p1a: Pachirisu|171/271\n|-heal|p2a: Comfey|137/225|[from] drain|[of] p1a: Pachirisu\n|move|p1a: Pachirisu|U-turn|p2a: Comfey\n|-damage|p2a: Comfey|101/225\n|\n|t:|1781390889\n|switch|p1a: Kingambit|Kingambit, L74, F|188/270|[from] U-turn\n|-activate|p1a: Kingambit|ability: Supreme Overlord\n|-start|p1a: Kingambit|fallen2|[silent]\n|\n|-heal|p2a: Comfey|115/225|[from] item: Leftovers\n|-heal|p1a: Kingambit|204/270|[from] item: Leftovers\n|upkeep\n|turn|15\n|\n|t:|1781390895\n|move|p1a: Kingambit|Sucker Punch|p2a: Comfey\n|-damage|p2a: Comfey|28/225\n|move|p2a: Comfey|Tera Blast|p1a: Kingambit|[anim] Tera Blast Ground\n|-supereffective|p1a: Kingambit\n|-damage|p1a: Kingambit|0 fnt\n|faint|p1a: Kingambit\n|-end|p1a: Kingambit|fallen2|[silent]\n|\n|-heal|p2a: Comfey|42/225|[from] item: Leftovers\n|upkeep\n|\n|t:|1781390913\n|switch|p1a: Pachirisu|Pachirisu, L96, F|171/271\n|turn|16\n|\n|t:|1781390921\n|move|p1a: Pachirisu|U-turn|p2a: Comfey\n|-damage|p2a: Comfey|1/225\n|\n|t:|1781390928\n|switch|p1a: Iron Boulder|Iron Boulder, L77|101/265|[from] U-turn\n|move|p2a: Comfey|Tera Blast|p1a: Iron Boulder|[anim] Tera Blast Ground\n|-supereffective|p1a: Iron Boulder\n|-crit|p1a: Iron Boulder\n|-damage|p1a: Iron Boulder|0 fnt\n|faint|p1a: Iron Boulder\n|-end|p1a: Iron Boulder|Quark Drive|[silent]\n|\n|-heal|p2a: Comfey|15/225|[from] item: Leftovers\n|upkeep\n|\n|t:|1781390929\n|switch|p1a: Pachirisu|Pachirisu, L96, F|171/271\n|turn|17\n|\n|t:|1781390941\n|move|p2a: Comfey|Draining Kiss|p1a: Pachirisu\n|-damage|p1a: Pachirisu|119/271\n|-heal|p2a: Comfey|54/225|[from] drain|[of] p1a: Pachirisu\n|move|p1a: Pachirisu|U-turn|p2a: Comfey\n|-damage|p2a: Comfey|20/225\n|-message|JustAPlum forfeited.\n|\n|win|mkzl\n|raw|JustAPlum's rating: 1494 &rarr; <strong>1473</strong><br />(-21 for losing)\n|raw|mkzl's rating: 1468 &rarr; <strong>1489</strong><br />(+21 for winning)\n|l|\u2606JustAPlum\n|player|p1|\n", "uploadtime": 1781390957, "views": 4, "formatid": "gen9randombattle", "rating": 1473, "private": 0, "password": null}