{"id": "gen9randombattle-2631439040", "format": "[Gen 9] Random Battle", "players": ["Estrace", "bot17334"], "log": "|j|\u2606Estrace\n|j|\u2606bot17334\n|t:|1781384773\n|gametype|singles\n|player|p1|Estrace|clair|1953\n|player|p2|bot17334|169|2021\n|gen|9\n|tier|[Gen 9] Random Battle\n|rated|\n|rule|Species Clause: Limit one of each Pok\u00e9mon\n|rule|HP Percentage Mod: HP is shown in percentages\n|rule|Sleep Clause Mod: Limit one foe put to sleep\n|rule|Illusion Level Mod: Illusion disguises the Pok\u00e9mon's true level\n|\n|t:|1781384773\n|teamsize|p1|6\n|teamsize|p2|6\n|start\n|switch|p1a: Miraidon|Miraidon, L65|238/238\n|switch|p2a: Decidueye|Decidueye-Hisui, L87, M|295/295\n|-fieldstart|move: Electric Terrain|[from] ability: Hadron Engine|[of] p1a: Miraidon\n|turn|1\n|inactive|Battle timer is ON: inactive players will automatically lose when time's up. (requested by Estrace)\n|\n|t:|1781384818\n|move|p1a: Miraidon|Overheat|p2a: Decidueye\n|-supereffective|p2a: Decidueye\n|-damage|p2a: Decidueye|3/295\n|-unboost|p1a: Miraidon|spa|2\n|move|p2a: Decidueye|U-turn|p1a: Miraidon\n|-damage|p1a: Miraidon|173/238\n|\n|t:|1781384830\n|switch|p2a: Salazzle|Salazzle, L83, F|249/249|[from] U-turn\n|\n|upkeep\n|turn|2\n|\n|t:|1781384835\n|switch|p1a: Espeon|Espeon, L84, M|246/246\n|move|p2a: Salazzle|Nasty Plot|p2a: Salazzle\n|-boost|p2a: Salazzle|spa|2\n|\n|upkeep\n|turn|3\n|\n|t:|1781384857\n|move|p2a: Salazzle|Fire Blast|p1a: Espeon\n|-damage|p1a: Espeon|14/246\n|move|p1a: Espeon|Psychic|p2a: Salazzle\n|-supereffective|p2a: Salazzle\n|-damage|p2a: Salazzle|0 fnt\n|faint|p2a: Salazzle\n|-damage|p1a: Espeon|0 fnt|[from] item: Life Orb\n|faint|p1a: Espeon\n|\n|upkeep\n|\n|t:|1781384867\n|switch|p2a: Decidueye|Decidueye-Hisui, L87, M|3/295\n|switch|p1a: Miraidon|Miraidon, L65|173/238\n|-activate|p1a: Miraidon|ability: Hadron Engine\n|turn|4\n|\n|t:|1781384874\n|switch|p2a: Bellibolt|Bellibolt, L84, M|320/320\n|move|p1a: Miraidon|Volt Switch|p2a: Bellibolt\n|-resisted|p2a: Bellibolt\n|-damage|p2a: Bellibolt|235/320\n|-start|p2a: Bellibolt|Charge|Volt Switch|[from] ability: Electromorphosis\n|\n|t:|1781384903\n|switch|p1a: Infernape|Infernape, L82, F|259/259|[from] Volt Switch\n|\n|-heal|p2a: Bellibolt|255/320|[from] item: Leftovers\n|upkeep\n|turn|5\n|\n|t:|1781384918\n|move|p1a: Infernape|Swords Dance|p1a: Infernape\n|-boost|p1a: Infernape|atk|2\n|move|p2a: Bellibolt|Thunderbolt|p1a: Infernape\n|-damage|p1a: Infernape|0 fnt\n|faint|p1a: Infernape\n|-end|p2a: Bellibolt|Charge|[silent]\n|\n|-heal|p2a: Bellibolt|275/320|[from] item: Leftovers\n|-fieldend|move: Electric Terrain\n|upkeep\n|c|\u2606bot17334|wow\n|c|\u2606Estrace|that was crazy damage\n|inactive|Estrace has 120 seconds left.\n|c|\u2606bot17334|yeah terrain boost is scary\n|\n|t:|1781384944\n|switch|p1a: Vigoroth|Vigoroth, L85, F|275/275\n|turn|6\n|inactive|Estrace has 120 seconds left.\n|\n|t:|1781384949\n|move|p1a: Vigoroth|Bulk Up|p1a: Vigoroth\n|-boost|p1a: Vigoroth|atk|1\n|-boost|p1a: Vigoroth|def|1\n|move|p2a: Bellibolt|Toxic|p1a: Vigoroth\n|-status|p1a: Vigoroth|tox\n|\n|-heal|p2a: Bellibolt|295/320|[from] item: Leftovers\n|-damage|p1a: Vigoroth|258/275 tox|[from] psn\n|upkeep\n|turn|7\n|\n|t:|1781384958\n|switch|p2a: Mandibuzz|Mandibuzz, L85, F|326/326\n|move|p1a: Vigoroth|Earthquake|p2a: Mandibuzz\n|-immune|p2a: Mandibuzz\n|\n|-damage|p1a: Vigoroth|224/275 tox|[from] psn\n|upkeep\n|turn|8\n|\n|t:|1781384974\n|move|p1a: Vigoroth|Body Slam|p2a: Mandibuzz\n|-damage|p2a: Mandibuzz|226/326\n|move|p2a: Mandibuzz|Foul Play|p1a: Vigoroth\n|-damage|p1a: Vigoroth|160/275 tox\n|\n|-damage|p1a: Vigoroth|109/275 tox|[from] psn\n|upkeep\n|turn|9\n|inactive|bot17334 has 120 seconds left.\n|\n|t:|1781385021\n|move|p1a: Vigoroth|Body Slam|p2a: Mandibuzz\n|-damage|p2a: Mandibuzz|117/326\n|move|p2a: Mandibuzz|Roost|p2a: Mandibuzz\n|-heal|p2a: Mandibuzz|280/326\n|-singleturn|p2a: Mandibuzz|move: Roost\n|\n|-damage|p1a: Vigoroth|41/275 tox|[from] psn\n|upkeep\n|turn|10\n|\n|t:|1781385030\n|switch|p1a: Miraidon|Miraidon, L65|173/238\n|-fieldstart|move: Electric Terrain|[from] ability: Hadron Engine|[of] p1a: Miraidon\n|switch|p2a: Bellibolt|Bellibolt, L84, M|295/320\n|\n|-heal|p2a: Bellibolt|315/320|[from] item: Leftovers\n|upkeep\n|turn|11\n|\n|t:|1781385044\n|move|p1a: Miraidon|Draco Meteor|p2a: Bellibolt\n|-damage|p2a: Bellibolt|86/320\n|-unboost|p1a: Miraidon|spa|2\n|-start|p2a: Bellibolt|Charge|Draco Meteor|[from] ability: Electromorphosis\n|move|p2a: Bellibolt|Toxic|p1a: Miraidon\n|-status|p1a: Miraidon|tox\n|\n|-heal|p2a: Bellibolt|106/320|[from] item: Leftovers\n|-damage|p1a: Miraidon|159/238 tox|[from] psn\n|upkeep\n|turn|12\n|\n|t:|1781385055\n|switch|p2a: Azumarill|Azumarill, L82, M|298/298\n|move|p1a: Miraidon|Draco Meteor|p2a: Azumarill\n|-immune|p2a: Azumarill\n|\n|-damage|p1a: Miraidon|131/238 tox|[from] psn\n|upkeep\n|turn|13\n|\n|t:|1781385064\n|switch|p1a: Vigoroth|Vigoroth, L85, F|41/275 tox\n|move|p2a: Azumarill|Liquidation|p1a: Vigoroth\n|-damage|p1a: Vigoroth|0 fnt\n|faint|p1a: Vigoroth\n|\n|upkeep\n|\n|t:|1781385069\n|switch|p1a: Miraidon|Miraidon, L65|131/238 tox\n|-activate|p1a: Miraidon|ability: Hadron Engine\n|turn|14\n|\n|t:|1781385074\n|switch|p2a: Decidueye|Decidueye-Hisui, L87, M|3/295\n|move|p1a: Miraidon|Volt Switch|p2a: Decidueye\n|-resisted|p2a: Decidueye\n|-damage|p2a: Decidueye|0 fnt\n|faint|p2a: Decidueye\n|\n|t:|1781385081\n|switch|p1a: Gallade|Gallade, L80, M|240/240|[from] Volt Switch\n|\n|-fieldend|move: Electric Terrain\n|upkeep\n|\n|t:|1781385085\n|switch|p2a: Azumarill|Azumarill, L82, M|298/298\n|turn|15\n|\n|t:|1781385096\n|switch|p1a: Oricorio|Oricorio, L84, F|263/263\n|move|p2a: Azumarill|Play Rough|p1a: Oricorio\n|-resisted|p1a: Oricorio\n|-damage|p1a: Oricorio|164/263\n|\n|upkeep\n|turn|16\n|\n|t:|1781385112\n|switch|p2a: Mandibuzz|Mandibuzz, L85, F|280/326\n|move|p1a: Oricorio|Roost|p1a: Oricorio\n|-heal|p1a: Oricorio|263/263\n|-singleturn|p1a: Oricorio|move: Roost\n|\n|upkeep\n|turn|17\n|\n|t:|1781385129\n|switch|p1a: Miraidon|Miraidon, L65|131/238 tox\n|-fieldstart|move: Electric Terrain|[from] ability: Hadron Engine|[of] p1a: Miraidon\n|move|p2a: Mandibuzz|Toxic|p1a: Miraidon\n|-fail|p1a: Miraidon|tox\n|\n|-damage|p1a: Miraidon|117/238 tox|[from] psn\n|upkeep\n|turn|18\n|\n|t:|1781385137\n|switch|p2a: Bellibolt|Bellibolt, L84, M|106/320\n|move|p1a: Miraidon|Volt Switch|p2a: Bellibolt\n|-resisted|p2a: Bellibolt\n|-damage|p2a: Bellibolt|21/320\n|-start|p2a: Bellibolt|Charge|Volt Switch|[from] ability: Electromorphosis\n|\n|t:|1781385152\n|switch|p1a: Gallade|Gallade, L80, M|240/240|[from] Volt Switch\n|\n|-heal|p2a: Bellibolt|41/320|[from] item: Leftovers\n|upkeep\n|turn|19\n|\n|t:|1781385162\n|move|p1a: Gallade|Leaf Blade|p2a: Bellibolt\n|-damage|p2a: Bellibolt|0 fnt\n|faint|p2a: Bellibolt\n|\n|upkeep\n|\n|t:|1781385169\n|switch|p2a: Mandibuzz|Mandibuzz, L85, F|280/326\n|turn|20\n|\n|t:|1781385189\n|switch|p1a: Miraidon|Miraidon, L65|117/238 tox\n|-activate|p1a: Miraidon|ability: Hadron Engine\n|move|p2a: Mandibuzz|Foul Play|p1a: Miraidon\n|-damage|p1a: Miraidon|57/238 tox\n|\n|-damage|p1a: Miraidon|43/238 tox|[from] psn\n|upkeep\n|turn|21\n|\n|t:|1781385197\n|switch|p2a: Miraidon|Miraidon, L65|238/238\n|-activate|p2a: Miraidon|ability: Hadron Engine\n|move|p1a: Miraidon|Volt Switch|p2a: Miraidon\n|-resisted|p2a: Miraidon\n|-damage|p2a: Miraidon|197/238\n|c|\u2606Estrace|NO WAY\n|c|\u2606bot17334|Lol\n|c|\u2606Estrace|that's awesome\n|c|\u2606Estrace|that's so funny\n|inactive|Estrace has 120 seconds left.\n|\n|t:|1781385224\n|switch|p1a: Oricorio|Oricorio, L84, F|263/263|[from] Volt Switch\n|\n|-fieldend|move: Electric Terrain\n|upkeep\n|turn|22\n|inactive|Estrace has 120 seconds left.\n|\n|t:|1781385232\n|-terastallize|p1a: Oricorio|Ground\n|move|p2a: Miraidon|Draco Meteor|p1a: Oricorio\n|-damage|p1a: Oricorio|65/263\n|-unboost|p2a: Miraidon|spa|2\n|move|p1a: Oricorio|Quiver Dance|p1a: Oricorio\n|-boost|p1a: Oricorio|spa|1\n|-boost|p1a: Oricorio|spd|1\n|-boost|p1a: Oricorio|spe|1\n|\n|upkeep\n|turn|23\n|c|\u2606bot17334|damn 75\n|inactive|Estrace has 120 seconds left.\n|\n|t:|1781385251\n|switch|p2a: Azumarill|Azumarill, L82, M|298/298\n|move|p1a: Oricorio|Revelation Dance|p2a: Azumarill\n|-damage|p2a: Azumarill|127/298\n|\n|upkeep\n|turn|24\n|inactive|Estrace has 120 seconds left.\n|\n|t:|1781385258\n|switch|p1a: Gallade|Gallade, L80, M|240/240\n|move|p2a: Azumarill|Aqua Jet|p1a: Gallade\n|-damage|p1a: Gallade|137/240\n|\n|upkeep\n|turn|25\n|\n|t:|1781385265\n|switch|p2a: Mandibuzz|Mandibuzz, L85, F|280/326\n|move|p1a: Gallade|Sacred Sword|p2a: Mandibuzz\n|-damage|p2a: Mandibuzz|132/326\n|\n|upkeep\n|turn|26\n|\n|t:|1781385270\n|move|p1a: Gallade|Sacred Sword|p2a: Mandibuzz\n|-damage|p2a: Mandibuzz|0 fnt\n|faint|p2a: Mandibuzz\n|\n|upkeep\n|\n|t:|1781385284\n|switch|p2a: Miraidon|Miraidon, L65|197/238\n|-fieldstart|move: Electric Terrain|[from] ability: Hadron Engine|[of] p2a: Miraidon\n|turn|27\n|\n|t:|1781385293\n|move|p1a: Gallade|Sacred Sword|p2a: Miraidon\n|-damage|p2a: Miraidon|13/238\n|move|p2a: Miraidon|Draco Meteor|p1a: Gallade\n|-damage|p1a: Gallade|0 fnt\n|-unboost|p2a: Miraidon|spa|2\n|faint|p1a: Gallade\n|\n|upkeep\n|inactive|Estrace has 120 seconds left.\n|\n|t:|1781385340\n|switch|p1a: Miraidon|Miraidon, L65|43/238 tox\n|-activate|p1a: Miraidon|ability: Hadron Engine\n|turn|28\n|c|\u2606Estrace|welp\n|c|\u2606Estrace|guess this is all it comes down to\n|c|\u2606bot17334|?\n|c|\u2606Estrace|jk azu sweeps\n|\n|t:|1781385353\n|move|p2a: Miraidon|Draco Meteor|p1a: Miraidon\n|-supereffective|p1a: Miraidon\n|-crit|p1a: Miraidon\n|-damage|p1a: Miraidon|0 fnt\n|-unboost|p2a: Miraidon|spa|2\n|faint|p1a: Miraidon\n|\n|upkeep\n|c|\u2606bot17334|tera aqua jet\n|c|\u2606bot17334|yeah\n|\n|t:|1781385357\n|switch|p1a: Oricorio|Oricorio, L84, F, tera:Ground|65/263\n|turn|29\n|\n|t:|1781385361\n|move|p2a: Miraidon|Draco Meteor|p1a: Oricorio\n|-damage|p1a: Oricorio|0 fnt\n|-unboost|p2a: Miraidon|spa|2\n|faint|p1a: Oricorio\n|\n|win|bot17334\n", "uploadtime": 1781384774, "views": 11, "formatid": "gen9randombattle", "rating": null, "private": 0, "password": null}