{"id": "gen9randombattle-2631381993", "format": "[Gen 9] Random Battle", "players": ["lakdl", "anto004"], "log": "|j|\u2606lakdl\n|j|\u2606anto004\n|t:|1781378024\n|gametype|singles\n|player|p1|lakdl|skyla|1947\n|player|p2|anto004|265|1926\n|gen|9\n|tier|[Gen 9] Random Battle\n|rated|\n|rule|Species Clause: Limit one of each Pok\u00e9mon\n|rule|HP Percentage Mod: HP is shown in percentages\n|rule|Sleep Clause Mod: Limit one foe put to sleep\n|rule|Illusion Level Mod: Illusion disguises the Pok\u00e9mon's true level\n|\n|t:|1781378024\n|teamsize|p1|6\n|teamsize|p2|6\n|start\n|switch|p1a: Empoleon|Empoleon, L84, M|278/278\n|switch|p2a: Empoleon|Empoleon, L84, M|278/278\n|turn|1\n|inactive|Battle timer is ON: inactive players will automatically lose when time's up. (requested by lakdl)\n|\n|t:|1781378050\n|move|p2a: Empoleon|Flip Turn|p1a: Empoleon\n|-resisted|p1a: Empoleon\n|-damage|p1a: Empoleon|248/278\n|\n|t:|1781378058\n|switch|p2a: Slither Wing|Slither Wing, L81|270/270|[from] Flip Turn\n|move|p1a: Empoleon|Roar|p2a: Slither Wing\n|-end|p2a: Slither Wing|Protosynthesis|[silent]\n|drag|p2a: Gouging Fire|Gouging Fire, L74|277/277\n|\n|-heal|p1a: Empoleon|265/278|[from] item: Leftovers\n|upkeep\n|turn|2\n|\n|t:|1781378067\n|-end|p2a: Gouging Fire|Protosynthesis|[silent]\n|switch|p2a: Slither Wing|Slither Wing, L81|270/270\n|move|p1a: Empoleon|Roar|p2a: Slither Wing\n|-end|p2a: Slither Wing|Protosynthesis|[silent]\n|drag|p2a: Dunsparce|Dunsparce, L86, F|312/312\n|\n|-heal|p1a: Empoleon|278/278|[from] item: Leftovers\n|upkeep\n|turn|3\n|\n|t:|1781378076\n|move|p2a: Dunsparce|Earthquake|p1a: Empoleon\n|-supereffective|p1a: Empoleon\n|-damage|p1a: Empoleon|166/278\n|move|p1a: Empoleon|Roar|p2a: Dunsparce\n|drag|p2a: Enamorus|Enamorus-Therian, L83, F|259/259\n|\n|-heal|p1a: Empoleon|183/278|[from] item: Leftovers\n|upkeep\n|turn|4\n|\n|t:|1781378082\n|move|p1a: Empoleon|Ice Beam|p2a: Enamorus\n|-supereffective|p2a: Enamorus\n|-damage|p2a: Enamorus|137/259\n|move|p2a: Enamorus|Earth Power|p1a: Empoleon\n|-supereffective|p1a: Empoleon\n|-damage|p1a: Empoleon|0 fnt\n|faint|p1a: Empoleon\n|\n|upkeep\n|\n|t:|1781378103\n|switch|p1a: Infernape|Infernape, L82, F|259/259\n|turn|5\n|\n|t:|1781378111\n|move|p1a: Infernape|Stone Edge|p2a: Enamorus\n|-supereffective|p2a: Enamorus\n|-damage|p2a: Enamorus|0 fnt\n|faint|p2a: Enamorus\n|-damage|p1a: Infernape|234/259|[from] item: Life Orb\n|\n|upkeep\n|\n|t:|1781378117\n|switch|p2a: Gouging Fire|Gouging Fire, L74|277/277\n|turn|6\n|\n|t:|1781378138\n|move|p1a: Infernape|Stone Edge|p2a: Gouging Fire\n|-supereffective|p2a: Gouging Fire\n|-damage|p2a: Gouging Fire|118/277\n|-damage|p1a: Infernape|209/259|[from] item: Life Orb\n|move|p2a: Gouging Fire|Dragon Dance|p2a: Gouging Fire\n|-boost|p2a: Gouging Fire|atk|1\n|-boost|p2a: Gouging Fire|spe|1\n|\n|upkeep\n|turn|7\n|\n|t:|1781378148\n|move|p2a: Gouging Fire|Earthquake|p1a: Infernape\n|-supereffective|p1a: Infernape\n|-damage|p1a: Infernape|0 fnt\n|faint|p1a: Infernape\n|\n|upkeep\n|inactive|lakdl has 120 seconds left.\n|\n|t:|1781378184\n|switch|p1a: Dipplin|Dipplin, L88, F|284/284\n|turn|8\n|\n|t:|1781378189\n|-terastallize|p1a: Dipplin|Steel\n|move|p2a: Gouging Fire|Heat Crash|p1a: Dipplin\n|-supereffective|p1a: Dipplin\n|-damage|p1a: Dipplin|92/284\n|move|p1a: Dipplin|Dragon Pulse|p2a: Gouging Fire\n|-supereffective|p2a: Gouging Fire\n|-damage|p2a: Gouging Fire|0 fnt\n|faint|p2a: Gouging Fire\n|-end|p2a: Gouging Fire|Protosynthesis|[silent]\n|\n|upkeep\n|\n|t:|1781378195\n|switch|p2a: Slither Wing|Slither Wing, L81|270/270\n|turn|9\n|\n|t:|1781378198\n|move|p2a: Slither Wing|Close Combat|p1a: Dipplin\n|-supereffective|p1a: Dipplin\n|-damage|p1a: Dipplin|0 fnt\n|-unboost|p2a: Slither Wing|def|1\n|-unboost|p2a: Slither Wing|spd|1\n|faint|p1a: Dipplin\n|\n|upkeep\n|inactive|lakdl has 120 seconds left.\n|\n|t:|1781378219\n|switch|p1a: Pecharunt|Pecharunt, L77|262/262\n|turn|10\n|\n|t:|1781378224\n|-end|p2a: Slither Wing|Protosynthesis|[silent]\n|switch|p2a: Empoleon|Empoleon, L84, M|278/278\n|move|p1a: Pecharunt|Nasty Plot|p1a: Pecharunt\n|-boost|p1a: Pecharunt|spa|2\n|\n|upkeep\n|turn|11\n|\n|t:|1781378228\n|move|p1a: Pecharunt|Shadow Ball|p2a: Empoleon\n|-damage|p2a: Empoleon|166/278\n|move|p2a: Empoleon|Surf|p1a: Pecharunt\n|-damage|p1a: Pecharunt|153/262\n|\n|-heal|p1a: Pecharunt|169/262|[from] item: Leftovers\n|-heal|p2a: Empoleon|183/278|[from] item: Leftovers\n|upkeep\n|turn|12\n|\n|t:|1781378234\n|move|p1a: Pecharunt|Nasty Plot|p1a: Pecharunt\n|-boost|p1a: Pecharunt|spa|2\n|move|p2a: Empoleon|Surf|p1a: Pecharunt\n|-damage|p1a: Pecharunt|63/262\n|\n|-heal|p1a: Pecharunt|79/262|[from] item: Leftovers\n|-heal|p2a: Empoleon|200/278|[from] item: Leftovers\n|upkeep\n|turn|13\n|\n|t:|1781378237\n|move|p1a: Pecharunt|Recover|p1a: Pecharunt\n|-heal|p1a: Pecharunt|210/262\n|move|p2a: Empoleon|Ice Beam|p1a: Pecharunt\n|-damage|p1a: Pecharunt|137/262\n|\n|-heal|p1a: Pecharunt|153/262|[from] item: Leftovers\n|-heal|p2a: Empoleon|217/278|[from] item: Leftovers\n|upkeep\n|turn|14\n|\n|t:|1781378240\n|move|p1a: Pecharunt|Recover|p1a: Pecharunt\n|-heal|p1a: Pecharunt|262/262\n|move|p2a: Empoleon|Ice Beam|p1a: Pecharunt\n|-damage|p1a: Pecharunt|178/262\n|\n|-heal|p1a: Pecharunt|194/262|[from] item: Leftovers\n|-heal|p2a: Empoleon|234/278|[from] item: Leftovers\n|upkeep\n|turn|15\n|\n|t:|1781378243\n|move|p1a: Pecharunt|Shadow Ball|p2a: Empoleon\n|-damage|p2a: Empoleon|66/278\n|move|p2a: Empoleon|Ice Beam|p1a: Pecharunt\n|-damage|p1a: Pecharunt|122/262\n|\n|-heal|p1a: Pecharunt|138/262|[from] item: Leftovers\n|-heal|p2a: Empoleon|83/278|[from] item: Leftovers\n|upkeep\n|turn|16\n|\n|t:|1781378246\n|move|p1a: Pecharunt|Recover|p1a: Pecharunt\n|-heal|p1a: Pecharunt|262/262\n|move|p2a: Empoleon|Ice Beam|p1a: Pecharunt\n|-damage|p1a: Pecharunt|183/262\n|\n|-heal|p1a: Pecharunt|199/262|[from] item: Leftovers\n|-heal|p2a: Empoleon|100/278|[from] item: Leftovers\n|upkeep\n|turn|17\n|\n|t:|1781378248\n|move|p1a: Pecharunt|Shadow Ball|p2a: Empoleon\n|-damage|p2a: Empoleon|0 fnt\n|faint|p2a: Empoleon\n|\n|-heal|p1a: Pecharunt|215/262|[from] item: Leftovers\n|upkeep\n|\n|t:|1781378250\n|switch|p2a: Smeargle|Smeargle, L95, M|258/258\n|turn|18\n|\n|t:|1781378262\n|switch|p1a: Smeargle|Smeargle, L95, M|258/258\n|move|p2a: Smeargle|Spore|p1a: Smeargle\n|-status|p1a: Smeargle|slp|[from] move: Spore\n|\n|upkeep\n|turn|19\n|\n|t:|1781378268\n|switch|p1a: Pecharunt|Pecharunt, L77|215/262\n|move|p2a: Smeargle|Shell Smash|p2a: Smeargle\n|-unboost|p2a: Smeargle|def|1\n|-unboost|p2a: Smeargle|spd|1\n|-boost|p2a: Smeargle|atk|2\n|-boost|p2a: Smeargle|spa|2\n|-boost|p2a: Smeargle|spe|2\n|\n|-heal|p1a: Pecharunt|231/262|[from] item: Leftovers\n|upkeep\n|turn|20\n|\n|t:|1781378272\n|move|p2a: Smeargle|Power Trip|p1a: Pecharunt\n|-supereffective|p1a: Pecharunt\n|-damage|p1a: Pecharunt|109/262\n|move|p1a: Pecharunt|Malignant Chain|p2a: Smeargle\n|-damage|p2a: Smeargle|74/258\n|-status|p2a: Smeargle|tox\n|-start|p2a: Smeargle|confusion|[from] ability: Poison Puppeteer|[of] p1a: Pecharunt\n|\n|-heal|p1a: Pecharunt|125/262|[from] item: Leftovers\n|-damage|p2a: Smeargle|58/258 tox|[from] psn\n|upkeep\n|turn|21\n|\n|t:|1781378281\n|-activate|p2a: Smeargle|confusion\n|move|p2a: Smeargle|Power Trip|p1a: Pecharunt\n|-supereffective|p1a: Pecharunt\n|-damage|p1a: Pecharunt|0 fnt\n|faint|p1a: Pecharunt\n|\n|-damage|p2a: Smeargle|26/258 tox|[from] psn\n|upkeep\n|\n|t:|1781378287\n|switch|p1a: Smeargle|Smeargle, L95, M|258/258 slp\n|turn|22\n|\n|t:|1781378293\n|-activate|p2a: Smeargle|confusion\n|-damage|p2a: Smeargle|0 fnt|[from] confusion\n|faint|p2a: Smeargle\n|cant|p1a: Smeargle|slp\n|\n|upkeep\n|\n|t:|1781378296\n|switch|p2a: Slither Wing|Slither Wing, L81|270/270\n|turn|23\n|\n|t:|1781378299\n|cant|p1a: Smeargle|slp\n|move|p2a: Slither Wing|U-turn|p1a: Smeargle\n|-damage|p1a: Smeargle|107/258 slp\n|\n|t:|1781378301\n|-end|p2a: Slither Wing|Protosynthesis|[silent]\n|switch|p2a: Dunsparce|Dunsparce, L86, F|312/312|[from] U-turn\n|\n|upkeep\n|turn|24\n|\n|t:|1781378307\n|cant|p1a: Smeargle|slp\n|move|p2a: Dunsparce|Body Slam|p1a: Smeargle\n|-damage|p1a: Smeargle|0 fnt\n|faint|p1a: Smeargle\n|\n|upkeep\n|\n|t:|1781378310\n|switch|p1a: Darkrai|Darkrai, L77|234/234\n|turn|25\n|\n|t:|1781378312\n|move|p1a: Darkrai|Hypnosis|p2a: Dunsparce\n|-status|p2a: Dunsparce|slp|[from] move: Hypnosis\n|cant|p2a: Dunsparce|slp\n|\n|-damage|p2a: Dunsparce|273/312 slp|[from] ability: Bad Dreams|[of] p1a: Darkrai\n|upkeep\n|turn|26\n|\n|t:|1781378314\n|move|p1a: Darkrai|Nasty Plot|p1a: Darkrai\n|-boost|p1a: Darkrai|spa|2\n|cant|p2a: Dunsparce|slp\n|\n|-damage|p2a: Dunsparce|234/312 slp|[from] ability: Bad Dreams|[of] p1a: Darkrai\n|upkeep\n|turn|27\n|\n|t:|1781378330\n|move|p1a: Darkrai|Dark Pulse|p2a: Dunsparce\n|-damage|p2a: Dunsparce|34/312 slp\n|-damage|p1a: Darkrai|211/234|[from] item: Life Orb\n|-curestatus|p2a: Dunsparce|slp|[msg]\n|move|p2a: Dunsparce|Body Slam|p1a: Darkrai\n|-damage|p1a: Darkrai|138/234\n|-status|p1a: Darkrai|par\n|\n|upkeep\n|turn|28\n|\n|t:|1781378340\n|move|p2a: Dunsparce|Body Slam|p1a: Darkrai\n|-damage|p1a: Darkrai|65/234 par\n|move|p1a: Darkrai|Dark Pulse|p2a: Dunsparce\n|-damage|p2a: Dunsparce|0 fnt\n|faint|p2a: Dunsparce\n|-damage|p1a: Darkrai|42/234 par|[from] item: Life Orb\n|\n|upkeep\n|\n|t:|1781378343\n|switch|p2a: Slither Wing|Slither Wing, L81|270/270\n|turn|29\n|-message|lakdl forfeited.\n|\n|win|anto004\n", "uploadtime": 1781378026, "views": 6, "formatid": "gen9randombattle", "rating": null, "private": 0, "password": null}