{"id": "gen9randombattle-2631588036", "format": "[Gen 9] Random Battle", "players": ["pswdjj", "morgandorfer"], "log": "|j|\u2606pswdjj\n|j|\u2606morgandorfer\n|t:|1781405188\n|gametype|singles\n|player|p1|pswdjj|bugcatcher-gen4dp|1621\n|player|p2|morgandorfer|camper|1580\n|gen|9\n|tier|[Gen 9] Random Battle\n|rated|\n|rule|Species Clause: Limit one of each Pok\u00e9mon\n|rule|HP Percentage Mod: HP is shown in percentages\n|rule|Sleep Clause Mod: Limit one foe put to sleep\n|rule|Illusion Level Mod: Illusion disguises the Pok\u00e9mon's true level\n|\n|t:|1781405188\n|teamsize|p1|6\n|teamsize|p2|6\n|start\n|switch|p1a: Hypno|Hypno, L95, F|315/315\n|switch|p2a: Girafarig|Girafarig, L89, F|269/269\n|turn|1\n|inactive|Battle timer is ON: inactive players will automatically lose when time's up. (requested by pswdjj)\n|inactive|pswdjj has 120 seconds left.\n|\n|t:|1781405234\n|switch|p1a: Malamar|Malamar, L82, M|275/275\n|move|p2a: Girafarig|Nasty Plot|p2a: Girafarig\n|-boost|p2a: Girafarig|spa|2\n|\n|upkeep\n|turn|2\n|\n|t:|1781405243\n|move|p2a: Girafarig|Hyper Voice|p1a: Malamar\n|-damage|p1a: Malamar|56/275\n|move|p1a: Malamar|Superpower|p2a: Girafarig\n|-damage|p2a: Girafarig|204/269\n|-boost|p1a: Malamar|atk|1\n|-boost|p1a: Malamar|def|1\n|\n|-heal|p1a: Malamar|73/275|[from] item: Leftovers\n|upkeep\n|turn|3\n|\n|t:|1781405250\n|switch|p1a: Mimikyu|Mimikyu, L79, M|216/216\n|move|p2a: Girafarig|Thunderbolt|p1a: Mimikyu\n|-activate|p1a: Mimikyu|ability: Disguise\n|-damage|p1a: Mimikyu|216/216\n|detailschange|p1a: Mimikyu|Mimikyu-Busted, L79, M\n|-damage|p1a: Mimikyu|189/216|[from] pokemon: Mimikyu-Busted\n|\n|upkeep\n|turn|4\n|\n|t:|1781405263\n|move|p2a: Girafarig|Thunderbolt|p1a: Mimikyu\n|-damage|p1a: Mimikyu|59/216\n|move|p1a: Mimikyu|Play Rough|p2a: Girafarig\n|-damage|p2a: Girafarig|117/269\n|-damage|p1a: Mimikyu|38/216|[from] item: Life Orb\n|\n|upkeep\n|turn|5\n|\n|t:|1781405268\n|move|p2a: Girafarig|Thunderbolt|p1a: Mimikyu\n|-damage|p1a: Mimikyu|0 fnt\n|faint|p1a: Mimikyu\n|\n|upkeep\n|\n|t:|1781405272\n|switch|p1a: Minun|Minun, L95, M|268/268\n|turn|6\n|\n|t:|1781405282\n|switch|p2a: Luxray|Luxray, L88, F|283/283\n|move|p1a: Minun|Thunderbolt|p2a: Luxray\n|-resisted|p2a: Luxray\n|-damage|p2a: Luxray|214/283\n|-damage|p1a: Minun|242/268|[from] item: Life Orb\n|\n|-status|p2a: Luxray|brn|[from] item: Flame Orb\n|upkeep\n|turn|7\n|\n|t:|1781405290\n|switch|p1a: Malamar|Malamar, L82, M|73/275\n|move|p2a: Luxray|Trailblaze|p1a: Malamar\n|-damage|p1a: Malamar|2/275\n|-boost|p2a: Luxray|spe|1\n|\n|-heal|p1a: Malamar|19/275|[from] item: Leftovers\n|-damage|p2a: Luxray|197/283 brn|[from] brn\n|upkeep\n|turn|8\n|\n|t:|1781405298\n|move|p2a: Luxray|Trailblaze|p1a: Malamar\n|-damage|p1a: Malamar|0 fnt\n|-boost|p2a: Luxray|spe|1\n|faint|p1a: Malamar\n|\n|-damage|p2a: Luxray|180/283 brn|[from] brn\n|upkeep\n|\n|t:|1781405311\n|switch|p1a: Hypno|Hypno, L95, F|315/315\n|turn|9\n|l|\u2606morgandorfer\n|inactive|morgandorfer disconnected and has a minute to reconnect!\n|player|p2|\n|j|\u2606morgandorfer\n|inactive|morgandorfer reconnected and has 130 seconds left.\n|player|p2|morgandorfer|camper|\n|inactive|morgandorfer has 120 seconds left.\n|\n|t:|1781405342\n|move|p1a: Hypno|Protect|p1a: Hypno\n|-singleturn|p1a: Hypno|Protect\n|move|p2a: Luxray|Facade|p1a: Hypno\n|-activate|p1a: Hypno|move: Protect\n|\n|-damage|p2a: Luxray|163/283 brn|[from] brn\n|upkeep\n|turn|10\n|inactive|morgandorfer has 120 seconds left.\n|\n|t:|1781405371\n|move|p2a: Luxray|Facade|p1a: Hypno\n|-damage|p1a: Hypno|111/315\n|move|p1a: Hypno|Psychic Noise|p2a: Luxray\n|-damage|p2a: Luxray|79/283 brn\n|-start|p2a: Luxray|move: Heal Block\n|\n|-heal|p1a: Hypno|130/315|[from] item: Leftovers\n|-damage|p2a: Luxray|62/283 brn|[from] brn\n|upkeep\n|turn|11\n|\n|t:|1781405378\n|move|p1a: Hypno|Protect|p1a: Hypno\n|-singleturn|p1a: Hypno|Protect\n|move|p2a: Luxray|Throat Chop|p1a: Hypno\n|-activate|p1a: Hypno|move: Protect\n|\n|-heal|p1a: Hypno|149/315|[from] item: Leftovers\n|-damage|p2a: Luxray|45/283 brn|[from] brn\n|-end|p2a: Luxray|move: Heal Block\n|upkeep\n|turn|12\n|inactive|morgandorfer has 120 seconds left.\n|\n|t:|1781405394\n|switch|p1a: Venomoth|Venomoth, L84, F|255/255\n|move|p2a: Luxray|Facade|p1a: Venomoth\n|-damage|p1a: Venomoth|0 fnt\n|faint|p1a: Venomoth\n|\n|-damage|p2a: Luxray|28/283 brn|[from] brn\n|upkeep\n|\n|t:|1781405400\n|switch|p1a: Hypno|Hypno, L95, F|149/315\n|turn|13\n|\n|t:|1781405409\n|move|p1a: Hypno|Protect|p1a: Hypno\n|-singleturn|p1a: Hypno|Protect\n|move|p2a: Luxray|Facade|p1a: Hypno\n|-activate|p1a: Hypno|move: Protect\n|\n|-heal|p1a: Hypno|168/315|[from] item: Leftovers\n|-damage|p2a: Luxray|11/283 brn|[from] brn\n|upkeep\n|turn|14\n|inactive|pswdjj has 120 seconds left.\n|inactive|pswdjj has 90 seconds left.\n|c|\u2606morgandorfer|Bye\n|c|\u2606morgandorfer|Nice try\n|inactive|pswdjj has 60 seconds left.\n|inactive|pswdjj has 30 seconds left.\n|inactive|pswdjj has 20 seconds left.\n|l|\u2606morgandorfer\n|inactive|morgandorfer disconnected and has a minute to reconnect!\n|player|p2|\n|inactive|pswdjj has 15 seconds left.\n|inactive|pswdjj has 10 seconds left.\n|inactive|pswdjj has 5 seconds left.\n|-message|pswdjj lost due to inactivity.\n|\n|win|morgandorfer\n|raw|pswdjj's rating: 1621 &rarr; <strong>1599</strong><br />(-22 for losing)\n|raw|morgandorfer's rating: 1580 &rarr; <strong>1602</strong><br />(+22 for winning)\n|j|\u2606morgandorfer\n|player|p2|morgandorfer|camper|\n", "uploadtime": 1781405623, "views": 2, "formatid": "gen9randombattle", "rating": 1599, "private": 0, "password": null}