{"id": "gen9randombattle-2631481122", "format": "[Gen 9] Random Battle", "players": ["Smart Gas", "Rambie Drascal"], "log": "|j|\u2606Smart Gas\n|j|\u2606Rambie Drascal\n|t:|1781390350\n|gametype|singles\n|player|p1|Smart Gas|clavell-s|1960\n|player|p2|Rambie Drascal|ninjaboy|2054\n|gen|9\n|tier|[Gen 9] Random Battle\n|rated|\n|rule|Species Clause: Limit one of each Pok\u00e9mon\n|rule|HP Percentage Mod: HP is shown in percentages\n|rule|Sleep Clause Mod: Limit one foe put to sleep\n|rule|Illusion Level Mod: Illusion disguises the Pok\u00e9mon's true level\n|\n|t:|1781390350\n|teamsize|p1|6\n|teamsize|p2|6\n|start\n|switch|p1a: Forretress|Forretress, L84, F|263/263\n|switch|p2a: Frosmoth|Frosmoth, L82, F|249/249\n|turn|1\n|inactive|Battle timer is ON: inactive players will automatically lose when time's up. (requested by Rambie Drascal)\n|inactive|Smart Gas also wants the timer to be on.\n|\n|t:|1781390360\n|switch|p2a: Honchkrow|Honchkrow, L86, F|312/312\n|move|p1a: Forretress|Stealth Rock|p2a: Honchkrow\n|-sidestart|p2: Rambie Drascal|move: Stealth Rock\n|\n|upkeep\n|turn|2\n|\n|t:|1781390367\n|switch|p1a: Ursaring|Ursaring, L84, F|288/288\n|move|p2a: Honchkrow|Brave Bird|p1a: Ursaring\n|-damage|p1a: Ursaring|168/288\n|-damage|p2a: Honchkrow|272/312|[from] Recoil\n|\n|upkeep\n|turn|3\n|\n|t:|1781390375\n|move|p2a: Honchkrow|Brave Bird|p1a: Ursaring\n|-damage|p1a: Ursaring|38/288\n|-damage|p2a: Honchkrow|229/312|[from] Recoil\n|move|p1a: Ursaring|Body Slam|p2a: Honchkrow\n|-damage|p2a: Honchkrow|63/312\n|\n|upkeep\n|turn|4\n|\n|t:|1781390385\n|move|p2a: Honchkrow|Brave Bird|p1a: Ursaring\n|-damage|p1a: Ursaring|0 fnt\n|faint|p1a: Ursaring\n|-ability|p2a: Honchkrow|Moxie|boost\n|-boost|p2a: Honchkrow|atk|1\n|-damage|p2a: Honchkrow|50/312|[from] Recoil\n|\n|upkeep\n|\n|t:|1781390392\n|switch|p1a: Klawf|Klawf, L90, M|272/272\n|turn|5\n|\n|t:|1781390398\n|move|p1a: Klawf|Knock Off|p2a: Honchkrow\n|-resisted|p2a: Honchkrow\n|-damage|p2a: Honchkrow|0 fnt\n|-enditem|p2a: Honchkrow|Heavy-Duty Boots|[from] move: Knock Off|[of] p1a: Klawf\n|faint|p2a: Honchkrow\n|\n|upkeep\n|\n|t:|1781390402\n|switch|p2a: Flamigo|Flamigo, L82, M|269/269\n|-damage|p2a: Flamigo|236/269|[from] Stealth Rock\n|turn|6\n|\n|t:|1781390408\n|switch|p1a: Zacian|Zacian, L69|241/241\n|-ability|p1a: Zacian|Intrepid Sword|boost\n|-boost|p1a: Zacian|atk|1\n|move|p2a: Flamigo|Swords Dance|p2a: Flamigo\n|-boost|p2a: Flamigo|atk|2\n|\n|upkeep\n|turn|7\n|\n|t:|1781390417\n|switch|p2a: Copperajah|Copperajah, L86, M|350/350\n|-damage|p2a: Copperajah|329/350|[from] Stealth Rock\n|move|p1a: Zacian|Play Rough|p2a: Copperajah\n|-resisted|p2a: Copperajah\n|-damage|p2a: Copperajah|243/350\n|-damage|p1a: Zacian|217/241|[from] item: Life Orb\n|\n|upkeep\n|turn|8\n|\n|t:|1781390426\n|move|p1a: Zacian|Close Combat|p2a: Copperajah\n|-supereffective|p2a: Copperajah\n|-damage|p2a: Copperajah|0 fnt\n|-unboost|p1a: Zacian|def|1\n|-unboost|p1a: Zacian|spd|1\n|faint|p2a: Copperajah\n|-damage|p1a: Zacian|193/241|[from] item: Life Orb\n|\n|upkeep\n|\n|t:|1781390428\n|switch|p2a: Bellossom|Bellossom, L84, M|263/263\n|-damage|p2a: Bellossom|231/263|[from] Stealth Rock\n|turn|9\n|\n|t:|1781390443\n|move|p1a: Zacian|Play Rough|p2a: Bellossom\n|-damage|p2a: Bellossom|85/263\n|-damage|p1a: Zacian|169/241|[from] item: Life Orb\n|move|p2a: Bellossom|Strength Sap|p1a: Zacian\n|-unboost|p1a: Zacian|atk|1\n|-heal|p2a: Bellossom|263/263\n|\n|upkeep\n|turn|10\n|\n|t:|1781390452\n|switch|p1a: Serperior|Serperior, L79, F|248/248\n|move|p2a: Bellossom|Quiver Dance|p2a: Bellossom\n|-boost|p2a: Bellossom|spa|1\n|-boost|p2a: Bellossom|spd|1\n|-boost|p2a: Bellossom|spe|1\n|\n|upkeep\n|turn|11\n|\n|t:|1781390458\n|move|p1a: Serperior|Glare|p2a: Bellossom\n|-status|p2a: Bellossom|par\n|move|p2a: Bellossom|Quiver Dance|p2a: Bellossom\n|-boost|p2a: Bellossom|spa|1\n|-boost|p2a: Bellossom|spd|1\n|-boost|p2a: Bellossom|spe|1\n|\n|upkeep\n|turn|12\n|\n|t:|1781390465\n|switch|p1a: Solgaleo|Solgaleo, L74|325/325\n|move|p2a: Bellossom|Quiver Dance|p2a: Bellossom\n|-boost|p2a: Bellossom|spa|1\n|-boost|p2a: Bellossom|spd|1\n|-boost|p2a: Bellossom|spe|1\n|\n|upkeep\n|turn|13\n|\n|t:|1781390475\n|move|p1a: Solgaleo|Sunsteel Strike|p2a: Bellossom\n|-damage|p2a: Bellossom|155/263 par\n|move|p2a: Bellossom|Quiver Dance|p2a: Bellossom\n|-boost|p2a: Bellossom|spa|1\n|-boost|p2a: Bellossom|spd|1\n|-boost|p2a: Bellossom|spe|1\n|\n|-heal|p2a: Bellossom|171/263 par|[from] item: Leftovers\n|upkeep\n|turn|14\n|\n|t:|1781390480\n|move|p2a: Bellossom|Giga Drain|p1a: Solgaleo\n|-resisted|p1a: Solgaleo\n|-damage|p1a: Solgaleo|196/325\n|-heal|p2a: Bellossom|236/263 par|[from] drain|[of] p1a: Solgaleo\n|move|p1a: Solgaleo|Flame Charge|p2a: Bellossom\n|-supereffective|p2a: Bellossom\n|-damage|p2a: Bellossom|168/263 par\n|-boost|p1a: Solgaleo|spe|1\n|\n|-heal|p2a: Bellossom|184/263 par|[from] item: Leftovers\n|upkeep\n|turn|15\n|\n|t:|1781390484\n|move|p1a: Solgaleo|Flame Charge|p2a: Bellossom\n|-supereffective|p2a: Bellossom\n|-damage|p2a: Bellossom|110/263 par\n|-boost|p1a: Solgaleo|spe|1\n|move|p2a: Bellossom|Giga Drain|p1a: Solgaleo\n|-resisted|p1a: Solgaleo\n|-damage|p1a: Solgaleo|75/325\n|-heal|p2a: Bellossom|171/263 par|[from] drain|[of] p1a: Solgaleo\n|\n|-heal|p2a: Bellossom|187/263 par|[from] item: Leftovers\n|upkeep\n|turn|16\n|\n|t:|1781390491\n|move|p1a: Solgaleo|Sunsteel Strike|p2a: Bellossom\n|-damage|p2a: Bellossom|76/263 par\n|move|p2a: Bellossom|Giga Drain|p1a: Solgaleo\n|-resisted|p1a: Solgaleo\n|-damage|p1a: Solgaleo|0 fnt\n|-heal|p2a: Bellossom|114/263 par|[from] drain|[of] p1a: Solgaleo\n|faint|p1a: Solgaleo\n|\n|-heal|p2a: Bellossom|130/263 par|[from] item: Leftovers\n|upkeep\n|\n|t:|1781390497\n|switch|p1a: Klawf|Klawf, L90, M|272/272\n|turn|17\n|\n|t:|1781390505\n|switch|p1a: Forretress|Forretress, L84, F|263/263\n|move|p2a: Bellossom|Strength Sap|p1a: Forretress\n|-unboost|p1a: Forretress|atk|1\n|-heal|p2a: Bellossom|263/263 par\n|\n|upkeep\n|turn|18\n|\n|t:|1781390511\n|move|p2a: Bellossom|Quiver Dance|p2a: Bellossom\n|-boost|p2a: Bellossom|spa|1\n|-boost|p2a: Bellossom|spd|1\n|-boost|p2a: Bellossom|spe|1\n|move|p1a: Forretress|Iron Head|p2a: Bellossom\n|-damage|p2a: Bellossom|217/263 par\n|\n|-heal|p2a: Bellossom|233/263 par|[from] item: Leftovers\n|upkeep\n|turn|19\n|-message|Smart Gas forfeited.\n|\n|win|Rambie Drascal\n", "uploadtime": 1781390352, "views": 3, "formatid": "gen9randombattle", "rating": null, "private": 0, "password": null}