{"id": "gen9randombattle-2631971588", "format": "[Gen 9] Random Battle", "players": ["f91swdg", "prajkundi"], "log": "|badge|p2|silver|gen9randombattle|30-9\n|uhtml|medal-msg|<div class=\"broadcast-blue\">Curious what those medals under the avatar are? PS now has Ladder Seasons! For more information, check out the <a href=\"https://www.smogon.com/forums/threads/3740067/\">thread on Smogon.</a></div>\n|j|\u2606f91swdg\n|j|\u2606prajkundi\n|t:|1781461371\n|gametype|singles\n|player|p1|f91swdg|biker-gen4|2259\n|player|p2|prajkundi|red|2367\n|gen|9\n|tier|[Gen 9] Random Battle\n|rated|\n|rule|Species Clause: Limit one of each Pok\u00e9mon\n|rule|HP Percentage Mod: HP is shown in percentages\n|rule|Sleep Clause Mod: Limit one foe put to sleep\n|rule|Illusion Level Mod: Illusion disguises the Pok\u00e9mon's true level\n|\n|t:|1781461371\n|teamsize|p1|6\n|teamsize|p2|6\n|start\n|switch|p1a: Drifblim|Drifblim, L86, F|396/396\n|switch|p2a: Mienshao|Mienshao, L83, F|244/244\n|turn|1\n|inactive|Battle timer is ON: inactive players will automatically lose when time's up. (requested by f91swdg)\n|\n|t:|1781461396\n|move|p2a: Mienshao|Knock Off|p1a: Drifblim\n|-supereffective|p1a: Drifblim\n|-damage|p1a: Drifblim|68/396\n|-enditem|p1a: Drifblim|Sitrus Berry|[from] move: Knock Off|[of] p2a: Mienshao\n|-damage|p2a: Mienshao|220/244|[from] item: Life Orb\n|move|p1a: Drifblim|Calm Mind|p1a: Drifblim\n|-boost|p1a: Drifblim|spa|1\n|-boost|p1a: Drifblim|spd|1\n|\n|upkeep\n|turn|2\n|\n|t:|1781461407\n|switch|p2a: Tentacruel|Tentacruel, L84, M|272/272\n|move|p1a: Drifblim|Strength Sap|p2a: Tentacruel\n|-unboost|p2a: Tentacruel|atk|1\n|-damage|p1a: Drifblim|0 fnt|[from] ability: Liquid Ooze|[of] p2a: Tentacruel\n|faint|p1a: Drifblim\n|\n|upkeep\n|\n|t:|1781461414\n|switch|p1a: Bruxish|Bruxish, L85, M|254/254\n|turn|3\n|\n|t:|1781461427\n|switch|p2a: Houndstone|Houndstone, L86, M|264/264\n|move|p1a: Bruxish|Psychic Fangs|p2a: Houndstone\n|-damage|p2a: Houndstone|170/264\n|\n|upkeep\n|turn|4\n|\n|t:|1781461436\n|switch|p1a: Dipplin|Dipplin, L88, F|284/284\n|switch|p2a: Gliscor|Gliscor, L76, F|239/239\n|\n|-status|p2a: Gliscor|tox|[from] item: Toxic Orb\n|upkeep\n|turn|5\n|\n|t:|1781461446\n|switch|p1a: Glaceon|Glaceon, L94, M|275/275\n|move|p2a: Gliscor|Toxic Spikes|p1a: Glaceon\n|-sidestart|p1: f91swdg|move: Toxic Spikes\n|\n|upkeep\n|turn|6\n|\n|t:|1781461457\n|switch|p2a: Mienshao|Mienshao, L83, F|244/244\n|move|p1a: Glaceon|Freeze-Dry|p2a: Mienshao\n|-damage|p2a: Mienshao|87/244\n|\n|upkeep\n|turn|7\n|\n|t:|1781461461\n|move|p1a: Glaceon|Protect|p1a: Glaceon\n|-singleturn|p1a: Glaceon|Protect\n|move|p2a: Mienshao|Close Combat|p1a: Glaceon\n|-activate|p1a: Glaceon|move: Protect\n|\n|upkeep\n|turn|8\n|\n|t:|1781461488\n|switch|p1a: Salazzle|Salazzle, L83, F|249/249\n|-sideend|p1: f91swdg|move: Toxic Spikes|[of] p1a: Salazzle\n|move|p2a: Mienshao|Knock Off|p1a: Salazzle\n|-damage|p1a: Salazzle|114/249\n|-enditem|p1a: Salazzle|Leftovers|[from] move: Knock Off|[of] p2a: Mienshao\n|-damage|p2a: Mienshao|63/244|[from] item: Life Orb\n|\n|upkeep\n|turn|9\n|\n|t:|1781461497\n|switch|p1a: Glaceon|Glaceon, L94, M|275/275\n|switch|p2a: Gliscor|Gliscor, L76, F|239/239 tox\n|\n|upkeep\n|turn|10\n|\n|t:|1781461504\n|switch|p2a: Armarouge|Armarouge, L80, M|267/267\n|move|p1a: Glaceon|Freeze-Dry|p2a: Armarouge\n|-resisted|p2a: Armarouge\n|-damage|p2a: Armarouge|207/267\n|-status|p2a: Armarouge|frz\n|\n|upkeep\n|turn|11\n|\n|t:|1781461508\n|move|p1a: Glaceon|Mud Shot|p2a: Armarouge\n|-supereffective|p2a: Armarouge\n|-damage|p2a: Armarouge|77/267 frz\n|-unboost|p2a: Armarouge|spe|1\n|cant|p2a: Armarouge|frz\n|\n|upkeep\n|turn|12\n|\n|t:|1781461512\n|move|p1a: Glaceon|Mud Shot|p2a: Armarouge\n|-supereffective|p2a: Armarouge\n|-damage|p2a: Armarouge|0 fnt\n|faint|p2a: Armarouge\n|\n|upkeep\n|\n|t:|1781461526\n|switch|p2a: Mienshao|Mienshao, L83, F|144/244\n|turn|13\n|\n|t:|1781461532\n|switch|p1a: Salazzle|Salazzle, L83, F|114/249\n|move|p2a: Mienshao|Close Combat|p1a: Salazzle\n|-resisted|p1a: Salazzle\n|-damage|p1a: Salazzle|0 fnt\n|-unboost|p2a: Mienshao|def|1\n|-unboost|p2a: Mienshao|spd|1\n|faint|p1a: Salazzle\n|-damage|p2a: Mienshao|120/244|[from] item: Life Orb\n|\n|upkeep\n|\n|t:|1781461538\n|switch|p1a: Bruxish|Bruxish, L85, M|254/254\n|turn|14\n|\n|t:|1781461543\n|switch|p2a: Houndstone|Houndstone, L86, M|170/264\n|move|p1a: Bruxish|Psychic Fangs|p2a: Houndstone\n|-damage|p2a: Houndstone|64/264\n|\n|upkeep\n|turn|15\n|\n|t:|1781461548\n|move|p2a: Houndstone|Shadow Sneak|p1a: Bruxish\n|-supereffective|p1a: Bruxish\n|-damage|p1a: Bruxish|134/254\n|move|p1a: Bruxish|Psychic Fangs|p2a: Houndstone\n|-damage|p2a: Houndstone|0 fnt\n|faint|p2a: Houndstone\n|\n|upkeep\n|\n|t:|1781461557\n|switch|p2a: Mienshao|Mienshao, L83, F|201/244\n|turn|16\n|\n|t:|1781461563\n|-terastallize|p2a: Mienshao|Dark\n|-terastallize|p1a: Bruxish|Dark\n|move|p2a: Mienshao|Swords Dance|p2a: Mienshao\n|-boost|p2a: Mienshao|atk|2\n|move|p1a: Bruxish|Psychic Fangs|p2a: Mienshao\n|-immune|p2a: Mienshao\n|\n|upkeep\n|turn|17\n|\n|t:|1781461580\n|switch|p1a: Dipplin|Dipplin, L88, F|284/284\n|move|p2a: Mienshao|Knock Off|p1a: Dipplin\n|-damage|p1a: Dipplin|115/284\n|-activate|p1a: Dipplin|ability: Sticky Hold\n|-damage|p2a: Mienshao|177/244|[from] item: Life Orb\n|\n|upkeep\n|turn|18\n|\n|t:|1781461585\n|move|p2a: Mienshao|Poison Jab|p1a: Dipplin\n|-supereffective|p1a: Dipplin\n|-damage|p1a: Dipplin|0 fnt\n|faint|p1a: Dipplin\n|-damage|p2a: Mienshao|153/244|[from] item: Life Orb\n|\n|upkeep\n|\n|t:|1781461588\n|switch|p1a: Floatzel|Floatzel, L86, M|286/286\n|turn|19\n|\n|t:|1781461594\n|switch|p2a: Tentacruel|Tentacruel, L84, M|272/272\n|move|p1a: Floatzel|Wave Crash|p2a: Tentacruel\n|-resisted|p2a: Tentacruel\n|-damage|p2a: Tentacruel|132/272\n|-damage|p1a: Floatzel|240/286|[from] Recoil\n|\n|-heal|p2a: Tentacruel|149/272|[from] item: Leftovers\n|upkeep\n|turn|20\n|\n|t:|1781461606\n|move|p1a: Floatzel|Wave Crash|p2a: Tentacruel\n|-resisted|p2a: Tentacruel\n|-damage|p2a: Tentacruel|21/272\n|-damage|p1a: Floatzel|198/286|[from] Recoil\n|move|p2a: Tentacruel|Knock Off|p1a: Floatzel\n|-damage|p1a: Floatzel|123/286\n|-enditem|p1a: Floatzel|Choice Band|[from] move: Knock Off|[of] p2a: Tentacruel\n|\n|-heal|p2a: Tentacruel|38/272|[from] item: Leftovers\n|upkeep\n|turn|21\n|inactive|prajkundi has 120 seconds left.\n|\n|t:|1781461640\n|switch|p2a: Gliscor|Gliscor, L76, F|239/239 tox\n|move|p1a: Floatzel|Wave Crash|p2a: Gliscor\n|-supereffective|p2a: Gliscor\n|-crit|p2a: Gliscor\n|-damage|p2a: Gliscor|0 fnt\n|faint|p2a: Gliscor\n|-damage|p1a: Floatzel|44/286|[from] Recoil\n|\n|upkeep\n|inactive|prajkundi has 120 seconds left.\n|\n|t:|1781461651\n|switch|p2a: Sandslash|Sandslash, L89, M|278/278\n|turn|22\n|\n|t:|1781461660\n|move|p1a: Floatzel|Flip Turn|p2a: Sandslash\n|-supereffective|p2a: Sandslash\n|-damage|p2a: Sandslash|162/278\n|\n|t:|1781461662\n|switch|p1a: Glaceon|Glaceon, L94, M|275/275|[from] Flip Turn\n|move|p2a: Sandslash|Rapid Spin|p1a: Glaceon\n|-damage|p1a: Glaceon|242/275\n|-boost|p2a: Sandslash|spe|1\n|\n|-heal|p2a: Sandslash|179/278|[from] item: Leftovers\n|upkeep\n|turn|23\n|\n|t:|1781461667\n|move|p2a: Sandslash|Spikes|p1a: Glaceon\n|-sidestart|p1: f91swdg|Spikes\n|move|p1a: Glaceon|Freeze-Dry|p2a: Sandslash\n|-supereffective|p2a: Sandslash\n|-damage|p2a: Sandslash|0 fnt\n|faint|p2a: Sandslash\n|\n|upkeep\n|\n|t:|1781461673\n|switch|p2a: Mienshao|Mienshao, L83, F, tera:Dark|234/244\n|turn|24\n|\n|t:|1781461677\n|move|p2a: Mienshao|Close Combat|p1a: Glaceon\n|-supereffective|p1a: Glaceon\n|-damage|p1a: Glaceon|0 fnt\n|-unboost|p2a: Mienshao|def|1\n|-unboost|p2a: Mienshao|spd|1\n|faint|p1a: Glaceon\n|-damage|p2a: Mienshao|210/244|[from] item: Life Orb\n|\n|upkeep\n|\n|t:|1781461694\n|switch|p1a: Bruxish|Bruxish, L85, M, tera:Dark|134/254\n|-damage|p1a: Bruxish|103/254|[from] Spikes\n|turn|25\n|\n|t:|1781461698\n|move|p1a: Bruxish|Aqua Jet|p2a: Mienshao\n|-damage|p2a: Mienshao|75/244\n|move|p2a: Mienshao|Close Combat|p1a: Bruxish\n|-supereffective|p1a: Bruxish\n|-damage|p1a: Bruxish|0 fnt\n|-unboost|p2a: Mienshao|def|1\n|-unboost|p2a: Mienshao|spd|1\n|faint|p1a: Bruxish\n|-damage|p2a: Mienshao|51/244|[from] item: Life Orb\n|\n|upkeep\n|\n|t:|1781461701\n|switch|p1a: Floatzel|Floatzel, L86, M|44/286\n|-damage|p1a: Floatzel|9/286|[from] Spikes\n|turn|26\n|\n|t:|1781461705\n|switch|p2a: Tentacruel|Tentacruel, L84, M|38/272\n|move|p1a: Floatzel|Flip Turn|p2a: Tentacruel\n|-resisted|p2a: Tentacruel\n|-damage|p2a: Tentacruel|0 fnt\n|faint|p2a: Tentacruel\n|\n|upkeep\n|\n|t:|1781461707\n|switch|p2a: Mienshao|Mienshao, L83, F, tera:Dark|132/244\n|turn|27\n|\n|t:|1781461710\n|move|p1a: Floatzel|Wave Crash|p2a: Mienshao\n|-damage|p2a: Mienshao|0 fnt\n|faint|p2a: Mienshao\n|-damage|p1a: Floatzel|0 fnt|[from] Recoil\n|faint|p1a: Floatzel\n|\n|win|f91swdg\n|raw|f91swdg's rating: 2259 &rarr; <strong>2284</strong><br />(+25 for winning)\n|raw|prajkundi's rating: 2344 &rarr; <strong>2319</strong><br />(-25 for losing)\n|l|\u2606prajkundi\n|player|p2|\n", "uploadtime": 1781461373, "views": 3, "formatid": "gen9randombattle", "rating": 2284, "private": 0, "password": null}