{"id": "gen9randombattle-2631747309", "format": "[Gen 9] Random Battle", "players": ["1111ay", "Ninjakirby7"], "log": "|j|\u26061111ay\n|j|\u2606Ninjakirby7\n|t:|1781433075\n|gametype|singles\n|player|p1|1111ay|giovanni|1586\n|player|p2|Ninjakirby7|102|1606\n|gen|9\n|tier|[Gen 9] Random Battle\n|rated|\n|rule|Species Clause: Limit one of each Pok\u00e9mon\n|rule|HP Percentage Mod: HP is shown in percentages\n|rule|Sleep Clause Mod: Limit one foe put to sleep\n|rule|Illusion Level Mod: Illusion disguises the Pok\u00e9mon's true level\n|\n|t:|1781433075\n|teamsize|p1|6\n|teamsize|p2|6\n|start\n|switch|p1a: Raichu|Raichu-Alola, L87, F|246/246\n|switch|p2a: Hitmontop|Hitmontop, L88, M|231/231\n|turn|1\n|inactive|Battle timer is ON: inactive players will automatically lose when time's up. (requested by 1111ay)\n|\n|t:|1781433100\n|switch|p2a: Quagsire|Quagsire, L84, F|297/297\n|move|p1a: Raichu|Psyshock|p2a: Quagsire\n|-damage|p2a: Quagsire|175/297\n|-damage|p1a: Raichu|222/246|[from] item: Life Orb\n|\n|-heal|p2a: Quagsire|193/297|[from] item: Leftovers\n|upkeep\n|turn|2\n|\n|t:|1781433107\n|move|p1a: Raichu|Nasty Plot|p1a: Raichu\n|-boost|p1a: Raichu|spa|2\n|move|p2a: Quagsire|Recover|p2a: Quagsire\n|-heal|p2a: Quagsire|297/297\n|\n|upkeep\n|turn|3\n|\n|t:|1781433115\n|-terastallize|p1a: Raichu|Water\n|move|p1a: Raichu|Nasty Plot|p1a: Raichu\n|-boost|p1a: Raichu|spa|2\n|move|p2a: Quagsire|Toxic|p1a: Raichu\n|-status|p1a: Raichu|tox\n|\n|-damage|p1a: Raichu|207/246 tox|[from] psn\n|upkeep\n|turn|4\n|\n|t:|1781433132\n|move|p1a: Raichu|Psyshock|p2a: Quagsire\n|-damage|p2a: Quagsire|176/297\n|-damage|p1a: Raichu|183/246 tox|[from] item: Life Orb\n|move|p2a: Quagsire|Spikes|p1a: Raichu\n|-sidestart|p1: 1111ay|Spikes\n|\n|-heal|p2a: Quagsire|194/297|[from] item: Leftovers\n|-damage|p1a: Raichu|153/246 tox|[from] psn\n|upkeep\n|turn|5\n|\n|t:|1781433135\n|move|p1a: Raichu|Nasty Plot|p1a: Raichu\n|-boost|p1a: Raichu|spa|2\n|move|p2a: Quagsire|Recover|p2a: Quagsire\n|-heal|p2a: Quagsire|297/297\n|\n|-damage|p1a: Raichu|108/246 tox|[from] psn\n|upkeep\n|turn|6\n|\n|t:|1781433138\n|move|p1a: Raichu|Psyshock|p2a: Quagsire\n|-damage|p2a: Quagsire|184/297\n|-damage|p1a: Raichu|84/246 tox|[from] item: Life Orb\n|move|p2a: Quagsire|Spikes|p1a: Raichu\n|-sidestart|p1: 1111ay|Spikes\n|\n|-heal|p2a: Quagsire|202/297|[from] item: Leftovers\n|-damage|p1a: Raichu|24/246 tox|[from] psn\n|upkeep\n|turn|7\n|\n|t:|1781433142\n|move|p1a: Raichu|Surf|p2a: Quagsire\n|-damage|p2a: Quagsire|46/297\n|-damage|p1a: Raichu|0 fnt|[from] item: Life Orb\n|faint|p1a: Raichu\n|move|p2a: Quagsire|Recover|p2a: Quagsire\n|-heal|p2a: Quagsire|195/297\n|\n|-heal|p2a: Quagsire|213/297|[from] item: Leftovers\n|upkeep\n|\n|t:|1781433159\n|switch|p1a: Tatsugiri|Tatsugiri, L87, M|260/260\n|turn|8\n|c|\u2606Ninjakirby7|Look up what unaware does\n|\n|t:|1781433179\n|switch|p2a: Banette|Banette, L93, F|270/270\n|move|p1a: Tatsugiri|Rapid Spin|p2a: Banette\n|-immune|p2a: Banette\n|\n|upkeep\n|turn|9\n|\n|t:|1781433203\n|move|p1a: Tatsugiri|Draco Meteor|p2a: Banette\n|-damage|p2a: Banette|87/270\n|-unboost|p1a: Tatsugiri|spa|2\n|move|p2a: Banette|Poltergeist|p1a: Tatsugiri\n|-activate|p1a: Tatsugiri|move: Poltergeist|Heavy-Duty Boots\n|-damage|p1a: Tatsugiri|9/260\n|-damage|p2a: Banette|60/270|[from] item: Life Orb\n|\n|upkeep\n|turn|10\n|\n|t:|1781433212\n|move|p2a: Banette|Shadow Sneak|p1a: Tatsugiri\n|-damage|p1a: Tatsugiri|0 fnt\n|faint|p1a: Tatsugiri\n|-damage|p2a: Banette|33/270|[from] item: Life Orb\n|\n|upkeep\n|\n|t:|1781433215\n|switch|p1a: Slowbro|Slowbro-Galar, L87, M, shiny|307/307\n|-damage|p1a: Slowbro|256/307|[from] Spikes\n|turn|11\n|\n|t:|1781433224\n|switch|p1a: Cyclizar|Cyclizar, L83, M|252/252\n|move|p2a: Banette|Poltergeist|p1a: Cyclizar\n|-immune|p1a: Cyclizar\n|\n|upkeep\n|turn|12\n|\n|t:|1781433233\n|switch|p2a: Hitmontop|Hitmontop, L88, M|231/231\n|move|p1a: Cyclizar|Knock Off|p2a: Hitmontop\n|-resisted|p2a: Hitmontop\n|-damage|p2a: Hitmontop|203/231\n|-enditem|p2a: Hitmontop|Leftovers|[from] move: Knock Off|[of] p1a: Cyclizar\n|\n|upkeep\n|turn|13\n|\n|t:|1781433239\n|move|p1a: Cyclizar|Draco Meteor|p2a: Hitmontop\n|-damage|p2a: Hitmontop|103/231\n|-unboost|p1a: Cyclizar|spa|2\n|move|p2a: Hitmontop|Triple Axel|p1a: Cyclizar\n|-supereffective|p1a: Cyclizar\n|-damage|p1a: Cyclizar|194/252\n|-supereffective|p1a: Cyclizar\n|-damage|p1a: Cyclizar|76/252\n|-supereffective|p1a: Cyclizar\n|-damage|p1a: Cyclizar|0 fnt\n|faint|p1a: Cyclizar\n|-hitcount|p1: Cyclizar|3\n|\n|upkeep\n|\n|t:|1781433247\n|switch|p1a: Slowbro|Slowbro-Galar, L87, M, shiny|307/307\n|-damage|p1a: Slowbro|256/307|[from] Spikes\n|turn|14\n|\n|t:|1781433261\n|move|p2a: Hitmontop|Triple Axel|p1a: Slowbro\n|-damage|p1a: Slowbro|235/307\n|-damage|p1a: Slowbro|193/307\n|-damage|p1a: Slowbro|128/307\n|-hitcount|p1a: Slowbro|3\n|move|p1a: Slowbro|Shell Side Arm|p2a: Hitmontop|[anim] Shell Side Arm Physical\n|-damage|p2a: Hitmontop|7/231\n|-hint|Physical Shell Side Arm\n|\n|upkeep\n|turn|15\n|\n|t:|1781433271\n|switch|p1a: Gastrodon|Gastrodon, L86, F|331/331\n|-damage|p1a: Gastrodon|276/331|[from] Spikes\n|move|p2a: Hitmontop|Triple Axel|p1a: Gastrodon|[miss]\n|-miss|p2a: Hitmontop|p1a: Gastrodon\n|\n|-heal|p1a: Gastrodon|296/331|[from] item: Leftovers\n|upkeep\n|turn|16\n|\n|t:|1781433278\n|move|p2a: Hitmontop|Close Combat|p1a: Gastrodon\n|-damage|p1a: Gastrodon|137/331\n|-unboost|p2a: Hitmontop|def|1\n|-unboost|p2a: Hitmontop|spd|1\n|move|p1a: Gastrodon|Stealth Rock|p2a: Hitmontop\n|-sidestart|p2: Ninjakirby7|move: Stealth Rock\n|\n|-heal|p1a: Gastrodon|157/331|[from] item: Leftovers\n|upkeep\n|turn|17\n|\n|t:|1781433282\n|switch|p1a: Slowbro|Slowbro-Galar, L87, M, shiny|230/307\n|-damage|p1a: Slowbro|179/307|[from] Spikes\n|move|p2a: Hitmontop|Rapid Spin|p1a: Slowbro\n|-damage|p1a: Slowbro|126/307\n|-boost|p2a: Hitmontop|spe|1\n|-sideend|p2: Ninjakirby7|Stealth Rock|[from] move: Rapid Spin|[of] p2a: Hitmontop\n|\n|upkeep\n|turn|18\n|\n|t:|1781433289\n|move|p2a: Hitmontop|Triple Axel|p1a: Slowbro\n|-damage|p1a: Slowbro|103/307\n|-damage|p1a: Slowbro|62/307\n|-damage|p1a: Slowbro|0 fnt\n|faint|p1a: Slowbro\n|-hitcount|p1: Slowbro|3\n|\n|upkeep\n|-message|1111ay forfeited.\n|\n|win|Ninjakirby7\n|raw|1111ay's rating: 1586 &rarr; <strong>1567</strong><br />(-19 for losing)\n|raw|Ninjakirby7's rating: 1606 &rarr; <strong>1625</strong><br />(+19 for winning)\n|l|\u26061111ay\n|player|p1|\n", "uploadtime": 1781433297, "views": 3, "formatid": "gen9randombattle", "rating": 1567, "private": 0, "password": null}