{"id": "gen9randombattle-2631931765", "format": "[Gen 9] Random Battle", "players": ["trevorstmcgoodbody", "WumboMumboJumbo"], "log": "|j|\u2606trevorstmcgoodbody\n|j|\u2606WumboMumboJumbo\n|t:|1781457003\n|gametype|singles\n|player|p1|trevorstmcgoodbody|265|2067\n|player|p2|WumboMumboJumbo|265|1982\n|gen|9\n|tier|[Gen 9] Random Battle\n|rated|\n|rule|Species Clause: Limit one of each Pok\u00e9mon\n|rule|HP Percentage Mod: HP is shown in percentages\n|rule|Sleep Clause Mod: Limit one foe put to sleep\n|rule|Illusion Level Mod: Illusion disguises the Pok\u00e9mon's true level\n|\n|t:|1781457003\n|teamsize|p1|6\n|teamsize|p2|6\n|start\n|switch|p1a: Cobalion|Cobalion, L80|277/277\n|switch|p2a: Lycanroc|Lycanroc-Dusk, L81, M|254/254\n|turn|1\n|inactive|Battle timer is ON: inactive players will automatically lose when time's up. (requested by trevorstmcgoodbody)\n|\n|t:|1781457016\n|switch|p2a: Bronzong|Bronzong, L88|261/261\n|move|p1a: Cobalion|Close Combat|p2a: Bronzong\n|-damage|p2a: Bronzong|140/261\n|-unboost|p1a: Cobalion|def|1\n|-unboost|p1a: Cobalion|spd|1\n|-damage|p1a: Cobalion|250/277|[from] item: Life Orb\n|\n|-heal|p2a: Bronzong|156/261|[from] item: Leftovers\n|upkeep\n|turn|2\n|\n|t:|1781457029\n|switch|p1a: Phione|Phione, L91|293/293\n|move|p2a: Bronzong|Body Press|p1a: Phione\n|-damage|p1a: Phione|225/293\n|\n|-heal|p1a: Phione|243/293|[from] item: Leftovers\n|-heal|p2a: Bronzong|172/261|[from] item: Leftovers\n|upkeep\n|turn|3\n|inactive|WumboMumboJumbo has 120 seconds left.\n|\n|t:|1781457061\n|switch|p2a: Gengar|Gengar, L81, F|230/230\n|move|p1a: Phione|Scald|p2a: Gengar\n|-damage|p2a: Gengar|122/230\n|-status|p2a: Gengar|brn\n|-start|p1a: Phione|Disable|Scald|[from] ability: Cursed Body|[of] p2a: Gengar\n|\n|-heal|p1a: Phione|261/293|[from] item: Leftovers\n|-damage|p2a: Gengar|108/230 brn|[from] brn\n|upkeep\n|turn|4\n|\n|t:|1781457069\n|switch|p1a: Dudunsparce|Dudunsparce-Three-Segment, L83, F|343/343\n|move|p2a: Gengar|Shadow Ball|p1a: Dudunsparce\n|-immune|p1a: Dudunsparce\n|\n|-damage|p2a: Gengar|94/230 brn|[from] brn\n|upkeep\n|turn|5\n|\n|t:|1781457080\n|switch|p2a: Bronzong|Bronzong, L88|172/261\n|switch|p1a: Cobalion|Cobalion, L80|250/277\n|\n|-heal|p2a: Bronzong|188/261|[from] item: Leftovers\n|upkeep\n|turn|6\n|\n|t:|1781457088\n|switch|p1a: Phione|Phione, L91|261/293\n|move|p2a: Bronzong|Iron Defense|p2a: Bronzong\n|-boost|p2a: Bronzong|def|2\n|\n|-heal|p1a: Phione|279/293|[from] item: Leftovers\n|-heal|p2a: Bronzong|204/261|[from] item: Leftovers\n|upkeep\n|turn|7\n|\n|t:|1781457093\n|move|p1a: Phione|Scald|p2a: Bronzong\n|-damage|p2a: Bronzong|132/261\n|move|p2a: Bronzong|Body Press|p1a: Phione\n|-damage|p1a: Phione|141/293\n|\n|-heal|p1a: Phione|159/293|[from] item: Leftovers\n|-heal|p2a: Bronzong|148/261|[from] item: Leftovers\n|upkeep\n|turn|8\n|\n|t:|1781457106\n|move|p1a: Phione|Scald|p2a: Bronzong\n|-damage|p2a: Bronzong|82/261\n|-status|p2a: Bronzong|brn\n|move|p2a: Bronzong|Psychic Noise|p1a: Phione\n|-crit|p1a: Phione\n|-damage|p1a: Phione|39/293\n|-start|p1a: Phione|move: Heal Block\n|\n|-heal|p2a: Bronzong|98/261 brn|[from] item: Leftovers\n|-damage|p2a: Bronzong|82/261 brn|[from] brn\n|upkeep\n|turn|9\n|\n|t:|1781457114\n|switch|p1a: Spectrier|Spectrier, L75|274/274\n|move|p2a: Bronzong|Psychic Noise|p1a: Spectrier\n|-damage|p1a: Spectrier|177/274\n|-start|p1a: Spectrier|move: Heal Block\n|\n|-heal|p2a: Bronzong|98/261 brn|[from] item: Leftovers\n|-damage|p2a: Bronzong|82/261 brn|[from] brn\n|upkeep\n|turn|10\n|\n|t:|1781457123\n|switch|p2a: Wyrdeer|Wyrdeer, L87, F|321/321\n|-ability|p2a: Wyrdeer|Intimidate|boost\n|-unboost|p1a: Spectrier|atk|1\n|move|p1a: Spectrier|Shadow Ball|p2a: Wyrdeer\n|-immune|p2a: Wyrdeer\n|\n|-end|p1a: Spectrier|move: Heal Block\n|upkeep\n|turn|11\n|\n|t:|1781457135\n|switch|p1a: Dudunsparce|Dudunsparce-Three-Segment, L83, F|343/343\n|move|p2a: Wyrdeer|Thunder Wave|p1a: Dudunsparce\n|-status|p1a: Dudunsparce|par\n|\n|upkeep\n|turn|12\n|\n|t:|1781457155\n|move|p2a: Wyrdeer|Psychic Noise|p1a: Dudunsparce\n|-damage|p1a: Dudunsparce|244/343 par\n|-start|p1a: Dudunsparce|move: Heal Block\n|move|p1a: Dudunsparce|Toxic|p2a: Wyrdeer\n|-status|p2a: Wyrdeer|tox\n|\n|-damage|p2a: Wyrdeer|301/321 tox|[from] psn\n|upkeep\n|turn|13\n|\n|t:|1781457168\n|switch|p2a: Bronzong|Bronzong, L88|82/261 brn\n|move|p1a: Dudunsparce|Boomburst|p2a: Bronzong\n|-resisted|p2a: Bronzong\n|-damage|p2a: Bronzong|30/261 brn\n|\n|-heal|p2a: Bronzong|46/261 brn|[from] item: Leftovers\n|-damage|p2a: Bronzong|30/261 brn|[from] brn\n|-end|p1a: Dudunsparce|move: Heal Block\n|upkeep\n|turn|14\n|\n|t:|1781457179\n|move|p2a: Bronzong|Psychic Noise|p1a: Dudunsparce\n|-damage|p1a: Dudunsparce|159/343 par\n|-start|p1a: Dudunsparce|move: Heal Block\n|cant|p1a: Dudunsparce|move: Heal Block|Roost\n|\n|-heal|p2a: Bronzong|46/261 brn|[from] item: Leftovers\n|-damage|p2a: Bronzong|30/261 brn|[from] brn\n|upkeep\n|turn|15\n|\n|t:|1781457185\n|move|p2a: Bronzong|Body Press|p1a: Dudunsparce\n|-supereffective|p1a: Dudunsparce\n|-damage|p1a: Dudunsparce|77/343 par\n|cant|p1a: Dudunsparce|par\n|\n|-heal|p2a: Bronzong|46/261 brn|[from] item: Leftovers\n|-damage|p2a: Bronzong|30/261 brn|[from] brn\n|-end|p1a: Dudunsparce|move: Heal Block\n|upkeep\n|turn|16\n|\n|t:|1781457204\n|move|p2a: Bronzong|Psychic Noise|p1a: Dudunsparce\n|-damage|p1a: Dudunsparce|0 fnt\n|faint|p1a: Dudunsparce\n|\n|-heal|p2a: Bronzong|46/261 brn|[from] item: Leftovers\n|-damage|p2a: Bronzong|30/261 brn|[from] brn\n|upkeep\n|\n|t:|1781457220\n|switch|p1a: Phione|Phione, L91|39/293\n|turn|17\n|\n|t:|1781457223\n|move|p1a: Phione|Rest|p1a: Phione\n|-status|p1a: Phione|slp|[from] move: Rest\n|-heal|p1a: Phione|293/293 slp|[silent]\n|move|p2a: Bronzong|Psychic Noise|p1a: Phione\n|-damage|p1a: Phione|217/293 slp\n|-start|p1a: Phione|move: Heal Block\n|\n|-heal|p2a: Bronzong|46/261 brn|[from] item: Leftovers\n|-damage|p2a: Bronzong|30/261 brn|[from] brn\n|upkeep\n|turn|18\n|\n|t:|1781457229\n|cant|p1a: Phione|slp\n|move|p1a: Phione|Sleep Talk|p1a: Phione\n|cant|p1a: Phione|move: Heal Block|Rest\n|move|p2a: Bronzong|Psychic Noise|p1a: Phione\n|-damage|p1a: Phione|141/293 slp\n|\n|-heal|p2a: Bronzong|46/261 brn|[from] item: Leftovers\n|-damage|p2a: Bronzong|30/261 brn|[from] brn\n|-end|p1a: Phione|move: Heal Block\n|upkeep\n|turn|19\n|\n|t:|1781457256\n|cant|p1a: Phione|slp\n|move|p1a: Phione|Sleep Talk|p1a: Phione\n|move|p1a: Phione|Take Heart|p1a: Phione|[from] move: Sleep Talk\n|-boost|p1a: Phione|spa|1\n|-boost|p1a: Phione|spd|1\n|-curestatus|p1a: Phione|slp|[msg]\n|move|p2a: Bronzong|Psychic Noise|p1a: Phione\n|-damage|p1a: Phione|86/293\n|-start|p1a: Phione|move: Heal Block\n|\n|-heal|p2a: Bronzong|46/261 brn|[from] item: Leftovers\n|-damage|p2a: Bronzong|30/261 brn|[from] brn\n|upkeep\n|turn|20\n|\n|t:|1781457268\n|switch|p2a: Gengar|Gengar, L81, F|94/230 brn\n|move|p1a: Phione|Take Heart|p1a: Phione\n|-boost|p1a: Phione|spa|1\n|-boost|p1a: Phione|spd|1\n|\n|-damage|p2a: Gengar|80/230 brn|[from] brn\n|-end|p1a: Phione|move: Heal Block\n|upkeep\n|turn|21\n|inactive|WumboMumboJumbo has 120 seconds left.\n|\n|t:|1781457296\n|move|p2a: Gengar|Trick|p1a: Phione\n|-activate|p2a: Gengar|move: Trick|[of] p1a: Phione\n|-item|p1a: Phione|Choice Specs|[from] move: Trick\n|-item|p2a: Gengar|Leftovers|[from] move: Trick\n|move|p1a: Phione|Rest|p1a: Phione\n|-status|p1a: Phione|slp|[from] move: Rest\n|-heal|p1a: Phione|293/293 slp|[silent]\n|\n|-heal|p2a: Gengar|94/230 brn|[from] item: Leftovers\n|-damage|p2a: Gengar|80/230 brn|[from] brn\n|upkeep\n|turn|22\n|\n|t:|1781457302\n|switch|p1a: Cobalion|Cobalion, L80|250/277\n|move|p2a: Gengar|Shadow Ball|p1a: Cobalion\n|-damage|p1a: Cobalion|138/277\n|\n|-heal|p2a: Gengar|94/230 brn|[from] item: Leftovers\n|-damage|p2a: Gengar|80/230 brn|[from] brn\n|upkeep\n|turn|23\n|\n|t:|1781457318\n|move|p2a: Gengar|Focus Blast|p1a: Cobalion\n|-supereffective|p1a: Cobalion\n|-damage|p1a: Cobalion|0 fnt\n|faint|p1a: Cobalion\n|\n|-heal|p2a: Gengar|94/230 brn|[from] item: Leftovers\n|-damage|p2a: Gengar|80/230 brn|[from] brn\n|upkeep\n|\n|t:|1781457334\n|switch|p1a: Spectrier|Spectrier, L75|177/274\n|turn|24\n|\n|t:|1781457343\n|switch|p2a: Wyrdeer|Wyrdeer, L87, F|301/321 tox\n|-ability|p2a: Wyrdeer|Intimidate|boost\n|-unboost|p1a: Spectrier|atk|1\n|move|p1a: Spectrier|Dark Pulse|p2a: Wyrdeer\n|-supereffective|p2a: Wyrdeer\n|-damage|p2a: Wyrdeer|163/321 tox\n|\n|-heal|p1a: Spectrier|194/274|[from] item: Leftovers\n|-heal|p2a: Wyrdeer|183/321 tox|[from] item: Leftovers\n|-damage|p2a: Wyrdeer|163/321 tox|[from] psn\n|upkeep\n|turn|25\n|\n|t:|1781457354\n|switch|p1a: Phione|Phione, L91|293/293 slp\n|move|p2a: Wyrdeer|Psychic Noise|p1a: Phione\n|-damage|p1a: Phione|203/293 slp\n|-start|p1a: Phione|move: Heal Block\n|\n|-heal|p2a: Wyrdeer|183/321 tox|[from] item: Leftovers\n|-damage|p2a: Wyrdeer|143/321 tox|[from] psn\n|upkeep\n|turn|26\n|\n|t:|1781457366\n|switch|p1a: Lucario|Lucario, L84, M|255/255\n|switch|p2a: Terapagos|Terapagos, L77, F|265/265\n|-activate|p2a: Terapagos|ability: Tera Shift\n|detailschange|p2a: Terapagos|Terapagos-Terastal, L77, F\n|-heal|p2a: Terapagos|273/273|[silent]\n|\n|upkeep\n|turn|27\n|\n|t:|1781457374\n|switch|p2a: Bronzong|Bronzong, L88|30/261 brn\n|move|p1a: Lucario|Nasty Plot|p1a: Lucario\n|-boost|p1a: Lucario|spa|2\n|\n|-heal|p2a: Bronzong|46/261 brn|[from] item: Leftovers\n|-damage|p2a: Bronzong|30/261 brn|[from] brn\n|upkeep\n|turn|28\n|\n|t:|1781457391\n|move|p1a: Lucario|Flash Cannon|p2a: Bronzong\n|-resisted|p2a: Bronzong\n|-damage|p2a: Bronzong|0 fnt\n|faint|p2a: Bronzong\n|-damage|p1a: Lucario|230/255|[from] item: Life Orb\n|\n|upkeep\n|\n|t:|1781457394\n|switch|p2a: Gengar|Gengar, L81, F|80/230 brn\n|turn|29\n|\n|t:|1781457404\n|-terastallize|p1a: Lucario|Fighting\n|move|p2a: Gengar|Focus Blast|p1a: Lucario\n|-damage|p1a: Lucario|118/255\n|move|p1a: Lucario|Flash Cannon|p2a: Gengar\n|-damage|p2a: Gengar|0 fnt\n|-start|p1a: Lucario|Disable|Flash Cannon|[from] ability: Cursed Body|[of] p2a: Gengar\n|faint|p2a: Gengar\n|-damage|p1a: Lucario|93/255|[from] item: Life Orb\n|\n|upkeep\n|\n|t:|1781457420\n|switch|p2a: Terapagos|Terapagos-Terastal, L77, F|273/273\n|turn|30\n|\n|t:|1781457427\n|move|p1a: Lucario|Aura Sphere|p2a: Terapagos\n|-activate|p2a: Terapagos|ability: Tera Shell\n|-resisted|p2a: Terapagos\n|-damage|p2a: Terapagos|129/273\n|-damage|p1a: Lucario|68/255|[from] item: Life Orb\n|move|p2a: Terapagos|Tera Starstorm|p1a: Lucario\n|-damage|p1a: Lucario|0 fnt\n|faint|p1a: Lucario\n|\n|upkeep\n|\n|t:|1781457435\n|switch|p1a: Latios|Latios, L78, M|253/253\n|turn|31\n|\n|t:|1781457450\n|move|p1a: Latios|Luster Purge|p2a: Terapagos\n|-damage|p2a: Terapagos|0 fnt\n|faint|p2a: Terapagos\n|\n|upkeep\n|\n|t:|1781457454\n|switch|p2a: Wyrdeer|Wyrdeer, L87, F|143/321 tox\n|-ability|p2a: Wyrdeer|Intimidate|boost\n|-unboost|p1a: Latios|atk|1\n|turn|32\n|\n|t:|1781457459\n|switch|p1a: Phione|Phione, L91|203/293 slp\n|move|p2a: Wyrdeer|Megahorn|p1a: Phione\n|-damage|p1a: Phione|112/293 slp\n|\n|-heal|p2a: Wyrdeer|163/321 tox|[from] item: Leftovers\n|-damage|p2a: Wyrdeer|143/321 tox|[from] psn\n|upkeep\n|turn|33\n|\n|t:|1781457463\n|switch|p2a: Delibird|Delibird, M|252/252\n|cant|p1a: Phione|slp\n|\n|upkeep\n|turn|34\n|\n|t:|1781457470\n|move|p2a: Delibird|Brave Bird|p1a: Phione|[miss]\n|-miss|p2a: Delibird|p1a: Phione\n|cant|p1a: Phione|slp\n|\n|upkeep\n|turn|35\n|\n|t:|1781457473\n|move|p2a: Delibird|Brave Bird|p1a: Phione\n|-damage|p1a: Phione|0 fnt\n|faint|p1a: Phione\n|-damage|p2a: Delibird|215/252|[from] Recoil\n|\n|upkeep\n|\n|t:|1781457481\n|switch|p1a: Latios|Latios, L78, M|253/253\n|turn|36\n|\n|t:|1781457484\n|move|p1a: Latios|Luster Purge|p2a: Delibird\n|-crit|p2a: Delibird\n|-damage|p2a: Delibird|0 fnt\n|faint|p2a: Delibird\n|\n|upkeep\n|\n|t:|1781457488\n|switch|p2a: Wyrdeer|Wyrdeer, L87, F|143/321 tox\n|-ability|p2a: Wyrdeer|Intimidate|boost\n|-unboost|p1a: Latios|atk|1\n|turn|37\n|\n|t:|1781457490\n|move|p1a: Latios|Luster Purge|p2a: Wyrdeer\n|-resisted|p2a: Wyrdeer\n|-damage|p2a: Wyrdeer|50/321 tox\n|-unboost|p2a: Wyrdeer|spd|1\n|move|p2a: Wyrdeer|Thunder Wave|p1a: Latios\n|-status|p1a: Latios|par\n|\n|-heal|p2a: Wyrdeer|70/321 tox|[from] item: Leftovers\n|-damage|p2a: Wyrdeer|50/321 tox|[from] psn\n|upkeep\n|turn|38\n|\n|t:|1781457494\n|move|p2a: Wyrdeer|Megahorn|p1a: Latios|[miss]\n|-miss|p2a: Wyrdeer|p1a: Latios\n|move|p1a: Latios|Luster Purge|p2a: Wyrdeer\n|-resisted|p2a: Wyrdeer\n|-damage|p2a: Wyrdeer|0 fnt\n|faint|p2a: Wyrdeer\n|\n|upkeep\n|\n|t:|1781457496\n|switch|p2a: Lycanroc|Lycanroc-Dusk, L81, M|254/254\n|turn|39\n|\n|t:|1781457499\n|move|p2a: Lycanroc|Swords Dance|p2a: Lycanroc\n|-boost|p2a: Lycanroc|atk|2\n|cant|p1a: Latios|par\n|\n|upkeep\n|turn|40\n|\n|t:|1781457500\n|move|p2a: Lycanroc|Stone Edge|p1a: Latios\n|-damage|p1a: Latios|0 fnt\n|faint|p1a: Latios\n|-damage|p2a: Lycanroc|229/254|[from] item: Life Orb\n|\n|upkeep\n|\n|t:|1781457503\n|switch|p1a: Spectrier|Spectrier, L75|194/274\n|turn|41\n|\n|t:|1781457507\n|move|p1a: Spectrier|Shadow Ball|p2a: Lycanroc\n|-damage|p2a: Lycanroc|114/254\n|move|p2a: Lycanroc|Stone Edge|p1a: Spectrier\n|-damage|p1a: Spectrier|0 fnt\n|faint|p1a: Spectrier\n|-damage|p2a: Lycanroc|89/254|[from] item: Life Orb\n|\n|win|WumboMumboJumbo\n", "uploadtime": 1781457004, "views": 6, "formatid": "gen9randombattle", "rating": null, "private": 0, "password": null}