{"id": "gen9randombattle-2631419413", "format": "[Gen 9] Random Battle", "players": ["jonuz", "MooMoo Mamu"], "log": "|j|\u2606jonuz\n|j|\u2606MooMoo Mamu\n|t:|1781382386\n|gametype|singles\n|player|p1|jonuz|102|1978\n|player|p2|MooMoo Mamu|170|2039\n|gen|9\n|tier|[Gen 9] Random Battle\n|rated|\n|rule|Species Clause: Limit one of each Pok\u00e9mon\n|rule|HP Percentage Mod: HP is shown in percentages\n|rule|Sleep Clause Mod: Limit one foe put to sleep\n|rule|Illusion Level Mod: Illusion disguises the Pok\u00e9mon's true level\n|\n|t:|1781382386\n|teamsize|p1|6\n|teamsize|p2|6\n|start\n|switch|p1a: Kingambit|Kingambit, L74, F|270/270\n|switch|p2a: Groudon|Groudon, L72|263/263\n|-weather|SunnyDay|[from] ability: Drought|[of] p2a: Groudon\n|turn|1\n|\n|t:|1781382398\n|-end|p1a: Kingambit|fallenundefined|[silent]\n|switch|p1a: Rotom|Rotom-Wash, L82|216/216\n|move|p2a: Groudon|Precipice Blades|p1a: Rotom\n|-immune|p1a: Rotom|[from] ability: Levitate\n|\n|-weather|SunnyDay|[upkeep]\n|upkeep\n|turn|2\n|\n|t:|1781382406\n|switch|p2a: Wo-Chien|Wo-Chien, L83|277/277\n|-ability|p2a: Wo-Chien|Tablets of Ruin\n|move|p1a: Rotom|Will-O-Wisp|p2a: Wo-Chien\n|-status|p2a: Wo-Chien|brn\n|\n|-weather|SunnyDay|[upkeep]\n|-damage|p2a: Wo-Chien|260/277 brn|[from] brn\n|upkeep\n|turn|3\n|\n|t:|1781382415\n|switch|p1a: Tentacruel|Tentacruel, L84, F|272/272\n|move|p2a: Wo-Chien|Stun Spore|p1a: Tentacruel\n|-status|p1a: Tentacruel|par\n|\n|-weather|SunnyDay|[upkeep]\n|-heal|p2a: Wo-Chien|277/277 brn|[from] item: Leftovers\n|-damage|p2a: Wo-Chien|260/277 brn|[from] brn\n|upkeep\n|turn|4\n|\n|t:|1781382433\n|switch|p2a: Qwilfish|Qwilfish, L86, M|252/252\n|-ability|p2a: Qwilfish|Intimidate|boost\n|-unboost|p1a: Tentacruel|atk|1\n|move|p1a: Tentacruel|Sludge Bomb|p2a: Qwilfish\n|-resisted|p2a: Qwilfish\n|-damage|p2a: Qwilfish|195/252\n|\n|-weather|SunnyDay|[upkeep]\n|upkeep\n|turn|5\n|\n|t:|1781382443\n|move|p2a: Qwilfish|Flip Turn|p1a: Tentacruel\n|-resisted|p1a: Tentacruel\n|-damage|p1a: Tentacruel|251/272 par\n|\n|t:|1781382451\n|switch|p2a: Toucannon|Toucannon, L88, F|284/284|[from] Flip Turn\n|move|p1a: Tentacruel|Sludge Bomb|p2a: Toucannon\n|-damage|p2a: Toucannon|188/284\n|\n|-weather|none\n|-heal|p1a: Tentacruel|268/272 par|[from] item: Leftovers\n|upkeep\n|turn|6\n|\n|t:|1781382461\n|switch|p2a: Qwilfish|Qwilfish, L86, M|195/252\n|-ability|p2a: Qwilfish|Intimidate|boost\n|-unboost|p1a: Tentacruel|atk|1\n|switch|p1a: Sandaconda|Sandaconda, L84, M|258/258\n|\n|upkeep\n|turn|7\n|\n|t:|1781382467\n|move|p2a: Qwilfish|Flip Turn|p1a: Sandaconda\n|-supereffective|p1a: Sandaconda\n|-damage|p1a: Sandaconda|154/258\n|\n|t:|1781382471\n|switch|p2a: Wo-Chien|Wo-Chien, L83|260/277 brn|[from] Flip Turn\n|-ability|p2a: Wo-Chien|Tablets of Ruin\n|move|p1a: Sandaconda|Glare||[still]\n|-fail|p1a: Sandaconda\n|\n|-heal|p1a: Sandaconda|170/258|[from] item: Leftovers\n|-heal|p2a: Wo-Chien|277/277 brn|[from] item: Leftovers\n|-damage|p2a: Wo-Chien|260/277 brn|[from] brn\n|upkeep\n|turn|8\n|\n|t:|1781382477\n|switch|p1a: Tentacruel|Tentacruel, L84, F|268/272 par\n|move|p2a: Wo-Chien|Knock Off|p1a: Tentacruel\n|-damage|p1a: Tentacruel|209/272 par\n|-enditem|p1a: Tentacruel|Leftovers|[from] move: Knock Off|[of] p2a: Wo-Chien\n|\n|-heal|p2a: Wo-Chien|277/277 brn|[from] item: Leftovers\n|-damage|p2a: Wo-Chien|260/277 brn|[from] brn\n|upkeep\n|turn|9\n|\n|t:|1781382484\n|switch|p1a: Girafarig|Girafarig, L89, M|269/269\n|move|p2a: Wo-Chien|Protect||[still]\n|-fail|p2a: Wo-Chien\n|\n|-heal|p2a: Wo-Chien|277/277 brn|[from] item: Leftovers\n|-damage|p2a: Wo-Chien|260/277 brn|[from] brn\n|upkeep\n|turn|10\n|\n|t:|1781382494\n|switch|p1a: Annihilape|Annihilape, L76, F|292/292\n|move|p2a: Wo-Chien|Knock Off|p1a: Annihilape\n|-damage|p1a: Annihilape|239/292\n|-enditem|p1a: Annihilape|Leftovers|[from] move: Knock Off|[of] p2a: Wo-Chien\n|\n|-heal|p2a: Wo-Chien|277/277 brn|[from] item: Leftovers\n|-damage|p2a: Wo-Chien|260/277 brn|[from] brn\n|upkeep\n|turn|11\n|\n|t:|1781382499\n|move|p1a: Annihilape|Taunt|p2a: Wo-Chien\n|-start|p2a: Wo-Chien|move: Taunt\n|cant|p2a: Wo-Chien|move: Taunt|Stun Spore\n|\n|-heal|p2a: Wo-Chien|277/277 brn|[from] item: Leftovers\n|-damage|p2a: Wo-Chien|260/277 brn|[from] brn\n|upkeep\n|turn|12\n|\n|t:|1781382507\n|switch|p2a: Toucannon|Toucannon, L88, F|188/284\n|move|p1a: Annihilape|Drain Punch|p2a: Toucannon\n|-damage|p2a: Toucannon|110/284\n|-heal|p1a: Annihilape|278/292|[from] drain|[of] p2a: Toucannon\n|\n|upkeep\n|turn|13\n|\n|t:|1781382514\n|switch|p1a: Sandaconda|Sandaconda, L84, M|170/258\n|move|p2a: Toucannon|Roost|p2a: Toucannon\n|-heal|p2a: Toucannon|252/284\n|-singleturn|p2a: Toucannon|move: Roost\n|\n|-heal|p1a: Sandaconda|186/258|[from] item: Leftovers\n|upkeep\n|turn|14\n|\n|t:|1781382520\n|move|p1a: Sandaconda|Stone Edge|p2a: Toucannon\n|-supereffective|p2a: Toucannon\n|-damage|p2a: Toucannon|92/284\n|move|p2a: Toucannon|Bullet Seed|p1a: Sandaconda\n|-supereffective|p1a: Sandaconda\n|-damage|p1a: Sandaconda|152/258\n|-supereffective|p1a: Sandaconda\n|-damage|p1a: Sandaconda|116/258\n|-supereffective|p1a: Sandaconda\n|-damage|p1a: Sandaconda|76/258\n|-supereffective|p1a: Sandaconda\n|-damage|p1a: Sandaconda|42/258\n|-supereffective|p1a: Sandaconda\n|-damage|p1a: Sandaconda|4/258\n|-hitcount|p1a: Sandaconda|5\n|\n|-heal|p1a: Sandaconda|20/258|[from] item: Leftovers\n|upkeep\n|turn|15\n|\n|t:|1781382532\n|switch|p2a: Wo-Chien|Wo-Chien, L83|260/277 brn\n|-ability|p2a: Wo-Chien|Tablets of Ruin\n|move|p1a: Sandaconda|Rest|p1a: Sandaconda\n|-status|p1a: Sandaconda|slp|[from] move: Rest\n|-heal|p1a: Sandaconda|258/258 slp|[silent]\n|\n|-activate|p1a: Sandaconda|ability: Shed Skin\n|-curestatus|p1a: Sandaconda|slp|[msg]\n|-heal|p2a: Wo-Chien|277/277 brn|[from] item: Leftovers\n|-damage|p2a: Wo-Chien|260/277 brn|[from] brn\n|upkeep\n|turn|16\n|\n|t:|1781382544\n|switch|p1a: Tentacruel|Tentacruel, L84, F|209/272 par\n|move|p2a: Wo-Chien|Knock Off|p1a: Tentacruel\n|-damage|p1a: Tentacruel|167/272 par\n|\n|-heal|p2a: Wo-Chien|277/277 brn|[from] item: Leftovers\n|-damage|p2a: Wo-Chien|260/277 brn|[from] brn\n|upkeep\n|turn|17\n|\n|t:|1781382551\n|move|p2a: Wo-Chien|Protect|p2a: Wo-Chien\n|-singleturn|p2a: Wo-Chien|Protect\n|cant|p1a: Tentacruel|par\n|\n|-heal|p2a: Wo-Chien|277/277 brn|[from] item: Leftovers\n|-damage|p2a: Wo-Chien|260/277 brn|[from] brn\n|upkeep\n|turn|18\n|\n|t:|1781382556\n|switch|p2a: Qwilfish|Qwilfish, L86, M|195/252\n|-ability|p2a: Qwilfish|Intimidate|boost\n|-unboost|p1a: Tentacruel|atk|1\n|cant|p1a: Tentacruel|par\n|\n|upkeep\n|turn|19\n|\n|t:|1781382561\n|move|p2a: Qwilfish|Gunk Shot|p1a: Tentacruel\n|-resisted|p1a: Tentacruel\n|-damage|p1a: Tentacruel|85/272 par\n|move|p1a: Tentacruel|Sludge Bomb|p2a: Qwilfish\n|-resisted|p2a: Qwilfish\n|-damage|p2a: Qwilfish|137/252\n|\n|upkeep\n|turn|20\n|\n|t:|1781382568\n|move|p2a: Qwilfish|Gunk Shot|p1a: Tentacruel|[miss]\n|-miss|p2a: Qwilfish|p1a: Tentacruel\n|move|p1a: Tentacruel|Sludge Bomb|p2a: Qwilfish\n|-resisted|p2a: Qwilfish\n|-damage|p2a: Qwilfish|77/252\n|\n|upkeep\n|turn|21\n|\n|t:|1781382574\n|move|p2a: Qwilfish|Gunk Shot|p1a: Tentacruel\n|-resisted|p1a: Tentacruel\n|-damage|p1a: Tentacruel|5/272 par\n|cant|p1a: Tentacruel|par\n|\n|upkeep\n|turn|22\n|\n|t:|1781382581\n|move|p2a: Qwilfish|Flip Turn|p1a: Tentacruel\n|-resisted|p1a: Tentacruel\n|-damage|p1a: Tentacruel|0 fnt\n|faint|p1a: Tentacruel\n|\n|t:|1781382590\n|switch|p2a: Wo-Chien|Wo-Chien, L83|260/277 brn|[from] Flip Turn\n|-ability|p2a: Wo-Chien|Tablets of Ruin\n|\n|-heal|p2a: Wo-Chien|277/277 brn|[from] item: Leftovers\n|-damage|p2a: Wo-Chien|260/277 brn|[from] brn\n|upkeep\n|\n|t:|1781382600\n|switch|p1a: Annihilape|Annihilape, L76, F|278/292\n|turn|23\n|\n|t:|1781382609\n|switch|p2a: Salazzle|Salazzle, L83, F|249/249\n|move|p1a: Annihilape|Taunt|p2a: Salazzle\n|-start|p2a: Salazzle|move: Taunt\n|\n|upkeep\n|turn|24\n|\n|t:|1781382620\n|switch|p2a: Toucannon|Toucannon, L88, F|92/284\n|switch|p1a: Sandaconda|Sandaconda, L84, M|258/258\n|\n|upkeep\n|turn|25\n|\n|t:|1781382630\n|switch|p2a: Wo-Chien|Wo-Chien, L83|260/277 brn\n|-ability|p2a: Wo-Chien|Tablets of Ruin\n|move|p1a: Sandaconda|Stone Edge|p2a: Wo-Chien|[miss]\n|-miss|p1a: Sandaconda|p2a: Wo-Chien\n|\n|-heal|p2a: Wo-Chien|277/277 brn|[from] item: Leftovers\n|-damage|p2a: Wo-Chien|260/277 brn|[from] brn\n|upkeep\n|turn|26\n|\n|t:|1781382643\n|switch|p1a: Kingambit|Kingambit, L74, F|270/270\n|-activate|p1a: Kingambit|ability: Supreme Overlord\n|-start|p1a: Kingambit|fallen1|[silent]\n|move|p2a: Wo-Chien|Knock Off|p1a: Kingambit\n|-resisted|p1a: Kingambit\n|-damage|p1a: Kingambit|249/270\n|-enditem|p1a: Kingambit|Leftovers|[from] move: Knock Off|[of] p2a: Wo-Chien\n|\n|-heal|p2a: Wo-Chien|277/277 brn|[from] item: Leftovers\n|-damage|p2a: Wo-Chien|260/277 brn|[from] brn\n|upkeep\n|turn|27\n|\n|t:|1781382651\n|move|p2a: Wo-Chien|Leech Seed|p1a: Kingambit\n|-start|p1a: Kingambit|move: Leech Seed\n|move|p1a: Kingambit|Swords Dance|p1a: Kingambit\n|-boost|p1a: Kingambit|atk|2\n|\n|-heal|p2a: Wo-Chien|277/277 brn|[from] item: Leftovers\n|-damage|p1a: Kingambit|216/270|[from] Leech Seed|[of] p2a: Wo-Chien\n|-damage|p2a: Wo-Chien|260/277 brn|[from] brn\n|upkeep\n|turn|28\n|\n|t:|1781382656\n|move|p2a: Wo-Chien|Stun Spore|p1a: Kingambit\n|-status|p1a: Kingambit|par\n|move|p1a: Kingambit|Iron Head|p2a: Wo-Chien\n|-damage|p2a: Wo-Chien|133/277 brn\n|\n|-heal|p2a: Wo-Chien|150/277 brn|[from] item: Leftovers\n|-damage|p1a: Kingambit|183/270 par|[from] Leech Seed|[of] p2a: Wo-Chien\n|-heal|p2a: Wo-Chien|183/277 brn|[silent]\n|-damage|p2a: Wo-Chien|166/277 brn|[from] brn\n|upkeep\n|turn|29\n|\n|t:|1781382661\n|move|p2a: Wo-Chien|Protect|p2a: Wo-Chien\n|-singleturn|p2a: Wo-Chien|Protect\n|move|p1a: Kingambit|Swords Dance|p1a: Kingambit\n|-boost|p1a: Kingambit|atk|2\n|\n|-heal|p2a: Wo-Chien|183/277 brn|[from] item: Leftovers\n|-damage|p1a: Kingambit|150/270 par|[from] Leech Seed|[of] p2a: Wo-Chien\n|-heal|p2a: Wo-Chien|216/277 brn|[silent]\n|-damage|p2a: Wo-Chien|199/277 brn|[from] brn\n|upkeep\n|turn|30\n|\n|t:|1781382665\n|move|p2a: Wo-Chien|Protect||[still]\n|-fail|p2a: Wo-Chien\n|cant|p1a: Kingambit|par\n|\n|-heal|p2a: Wo-Chien|216/277 brn|[from] item: Leftovers\n|-damage|p1a: Kingambit|117/270 par|[from] Leech Seed|[of] p2a: Wo-Chien\n|-heal|p2a: Wo-Chien|249/277 brn|[silent]\n|-damage|p2a: Wo-Chien|232/277 brn|[from] brn\n|upkeep\n|turn|31\n|\n|t:|1781382670\n|move|p2a: Wo-Chien|Knock Off|p1a: Kingambit\n|-resisted|p1a: Kingambit\n|-damage|p1a: Kingambit|105/270 par\n|cant|p1a: Kingambit|par\n|\n|-heal|p2a: Wo-Chien|249/277 brn|[from] item: Leftovers\n|-damage|p1a: Kingambit|72/270 par|[from] Leech Seed|[of] p2a: Wo-Chien\n|-heal|p2a: Wo-Chien|277/277 brn|[silent]\n|-damage|p2a: Wo-Chien|260/277 brn|[from] brn\n|upkeep\n|turn|32\n|\n|t:|1781382675\n|move|p2a: Wo-Chien|Protect|p2a: Wo-Chien\n|-singleturn|p2a: Wo-Chien|Protect\n|move|p1a: Kingambit|Iron Head|p2a: Wo-Chien\n|-activate|p2a: Wo-Chien|move: Protect\n|\n|-heal|p2a: Wo-Chien|277/277 brn|[from] item: Leftovers\n|-damage|p1a: Kingambit|39/270 par|[from] Leech Seed|[of] p2a: Wo-Chien\n|-damage|p2a: Wo-Chien|260/277 brn|[from] brn\n|upkeep\n|turn|33\n|\n|t:|1781382681\n|move|p2a: Wo-Chien|Knock Off|p1a: Kingambit\n|-resisted|p1a: Kingambit\n|-damage|p1a: Kingambit|26/270 par\n|cant|p1a: Kingambit|par\n|\n|-heal|p2a: Wo-Chien|277/277 brn|[from] item: Leftovers\n|-damage|p1a: Kingambit|0 fnt|[from] Leech Seed|[of] p2a: Wo-Chien\n|faint|p1a: Kingambit\n|-end|p1a: Kingambit|fallen1|[silent]\n|-damage|p2a: Wo-Chien|260/277 brn|[from] brn\n|upkeep\n|\n|t:|1781382689\n|switch|p1a: Annihilape|Annihilape, L76, F|278/292\n|turn|34\n|-message|jonuz forfeited.\n|\n|win|MooMoo Mamu\n", "uploadtime": 1781382387, "views": 8, "formatid": "gen9randombattle", "rating": null, "private": 0, "password": null}