{"id": "gen9randombattle-2631421499", "format": "[Gen 9] Random Battle", "players": ["Nekronmancer", "enzoo1600"], "log": "|j|\u2606Nekronmancer\n|j|\u2606enzoo1600\n|inactive|Battle timer is ON: inactive players will automatically lose when time's up.\n|t:|1781382637\n|gametype|singles\n|player|p1|Nekronmancer|zinzolin|\n|player|p2|enzoo1600|hilbert|\n|gen|9\n|tier|[Gen 9] Random Battle\n|rated|Tournament battle\n|rule|Species Clause: Limit one of each Pok\u00e9mon\n|rule|HP Percentage Mod: HP is shown in percentages\n|rule|Sleep Clause Mod: Limit one foe put to sleep\n|rule|Illusion Level Mod: Illusion disguises the Pok\u00e9mon's true level\n|\n|t:|1781382637\n|teamsize|p1|6\n|teamsize|p2|6\n|start\n|switch|p1a: Ursaluna|Ursaluna, L79, M|335/335\n|switch|p2a: Darkrai|Darkrai, L77|234/234\n|turn|1\n|inactive|Nekronmancer also wants the timer to be on.\n|j| BancoMaster129\n|j| Nooxyy\n|c|\u2606enzoo1600|hf\n|c|\u2606Nekronmancer|bom jogo\n|j| kloard\n|c| Nooxyy|o brasil ta torcendo pra vc nekron\n|\n|t:|1781382662\n|move|p2a: Darkrai|Hypnosis|p1a: Ursaluna|[miss]\n|-miss|p2a: Darkrai|p1a: Ursaluna\n|move|p1a: Ursaluna|Swords Dance|p1a: Ursaluna\n|-boost|p1a: Ursaluna|atk|2\n|\n|-status|p1a: Ursaluna|brn|[from] item: Flame Orb\n|upkeep\n|turn|2\n|c|\u2606enzoo1600|medo\n|c|\u2606Nekronmancer|valeu noxy\n|inactive|enzoo1600 has 120 seconds left.\n|\n|t:|1781382696\n|switch|p2a: Qwilfish|Qwilfish-Hisui, L83, F|244/244\n|-ability|p2a: Qwilfish|Intimidate|boost\n|-unboost|p1a: Ursaluna|atk|1\n|move|p1a: Ursaluna|Facade|p2a: Qwilfish\n|-damage|p2a: Qwilfish|0 fnt\n|faint|p2a: Qwilfish\n|\n|-damage|p1a: Ursaluna|315/335 brn|[from] brn\n|upkeep\n|inactive|enzoo1600 has 120 seconds left.\n|c|\u2606Nekronmancer|e eu ainda gosto delaaaa\n|c|\u2606Nekronmancer|mas ela ja n gosta mais de mim\n|c|\u2606enzoo1600|como eu mato isso\n|c|\u2606Nekronmancer|e vou deixar a porta aberta\n|c| Nooxyy|kkkk\n|\n|t:|1781382721\n|switch|p2a: Ludicolo|Ludicolo, L90, F|290/290\n|turn|3\n|c| Nooxyy|desista dos seus sunhos enzo\n|c|\u2606Nekronmancer|mas da janela a n\u00e3o entra luz\n|\n|t:|1781382728\n|move|p2a: Ludicolo|Hydro Pump|p1a: Ursaluna\n|-supereffective|p1a: Ursaluna\n|-damage|p1a: Ursaluna|0 fnt\n|faint|p1a: Ursaluna\n|-damage|p2a: Ludicolo|261/290|[from] item: Life Orb\n|\n|upkeep\n|c|\u2606enzoo1600|ah\n|\n|t:|1781382733\n|switch|p1a: Kilowattrel|Kilowattrel, L83, M|252/252\n|turn|4\n|c|\u2606enzoo1600|achei q ia dar tera\n|inactive|enzoo1600 has 120 seconds left.\n|\n|t:|1781382739\n|move|p1a: Kilowattrel|U-turn|p2a: Ludicolo\n|-supereffective|p2a: Ludicolo\n|-damage|p2a: Ludicolo|167/290\n|\n|t:|1781382751\n|switch|p1a: Samurott|Samurott, L88, M|310/310|[from] U-turn\n|move|p2a: Ludicolo|Rain Dance|p2a: Ludicolo\n|-weather|RainDance\n|\n|-weather|RainDance|[upkeep]\n|upkeep\n|turn|5\n|\n|t:|1781382762\n|-terastallize|p1a: Samurott|Dark\n|move|p2a: Ludicolo|Giga Drain|p1a: Samurott\n|-damage|p1a: Samurott|177/310\n|-heal|p2a: Ludicolo|234/290|[from] drain|[of] p1a: Samurott\n|-damage|p2a: Ludicolo|205/290|[from] item: Life Orb\n|move|p1a: Samurott|Knock Off|p2a: Ludicolo\n|-damage|p2a: Ludicolo|24/290\n|-enditem|p2a: Ludicolo|Life Orb|[from] move: Knock Off|[of] p1a: Samurott\n|-damage|p1a: Samurott|146/310|[from] item: Life Orb\n|\n|-weather|RainDance|[upkeep]\n|upkeep\n|turn|6\n|\n|t:|1781382770\n|move|p1a: Samurott|Aqua Jet|p2a: Ludicolo\n|-resisted|p2a: Ludicolo\n|-damage|p2a: Ludicolo|1/290\n|-damage|p1a: Samurott|115/310|[from] item: Life Orb\n|move|p2a: Ludicolo|Giga Drain|p1a: Samurott\n|-damage|p1a: Samurott|24/310\n|-heal|p2a: Ludicolo|47/290|[from] drain|[of] p1a: Samurott\n|\n|-weather|RainDance|[upkeep]\n|upkeep\n|turn|7\n|\n|t:|1781382776\n|move|p1a: Samurott|Aqua Jet|p2a: Ludicolo\n|-resisted|p2a: Ludicolo\n|-damage|p2a: Ludicolo|9/290\n|-damage|p1a: Samurott|0 fnt|[from] item: Life Orb\n|faint|p1a: Samurott\n|move|p2a: Ludicolo|Giga Drain|p1: Samurott|[notarget]\n|-fail|p2a: Ludicolo\n|\n|-weather|RainDance|[upkeep]\n|upkeep\n|\n|t:|1781382791\n|switch|p1a: Okidogi|Okidogi, L77, M|262/262\n|turn|8\n|\n|t:|1781382796\n|move|p2a: Ludicolo|Hydro Pump|p1a: Okidogi\n|-damage|p1a: Okidogi|63/262\n|move|p1a: Okidogi|Drain Punch|p2a: Ludicolo\n|-damage|p2a: Ludicolo|0 fnt\n|-heal|p1a: Okidogi|68/262|[from] drain|[of] p2a: Ludicolo\n|faint|p2a: Ludicolo\n|\n|-weather|none\n|-heal|p1a: Okidogi|84/262|[from] item: Leftovers\n|upkeep\n|c| Nooxyy|me diga que ce tem um zacian an nekron\n|c|\u2606Nekronmancer|e eu ainda penso nelaaaa\n|c|\u2606Nekronmancer|mas ela n\u00e3o pensa mais em mim\n|c|\u2606Nekronmancer|tenho\n|inactive|enzoo1600 has 120 seconds left.\n|c|\u2606Nekronmancer|com body press e iron defense\n|c|\u2606Nekronmancer|e 412 de speed\n|c|\u2606Nekronmancer|com o nome pitucha\n|\n|t:|1781382847\n|switch|p2a: Baxcalibur|Baxcalibur, L75, F|295/295\n|turn|9\n|c| Nooxyy|o mds\n|\n|t:|1781382857\n|move|p2a: Baxcalibur|Icicle Crash|p1a: Okidogi\n|-damage|p1a: Okidogi|0 fnt\n|faint|p1a: Okidogi\n|\n|upkeep\n|c| Nooxyy|ta dificil a situa\u00e7ao\n|\n|t:|1781382862\n|switch|p1a: Cloyster|Cloyster, L80, F|211/211\n|turn|10\n|\n|t:|1781382868\n|switch|p2a: Weezing|Weezing, L88, M|258/258\n|move|p1a: Cloyster|Shell Smash|p1a: Cloyster\n|-unboost|p1a: Cloyster|def|1\n|-unboost|p1a: Cloyster|spd|1\n|-boost|p1a: Cloyster|atk|2\n|-boost|p1a: Cloyster|spa|2\n|-boost|p1a: Cloyster|spe|2\n|-enditem|p1a: Cloyster|White Herb\n|-clearnegativeboost|p1a: Cloyster|[silent]\n|\n|upkeep\n|turn|11\n|inactive|enzoo1600 has 120 seconds left.\n|\n|t:|1781382880\n|move|p1a: Cloyster|Drill Run|p2a: Weezing\n|-immune|p2a: Weezing|[from] ability: Levitate\n|move|p2a: Weezing|Sludge Bomb|p1a: Cloyster\n|-damage|p1a: Cloyster|46/211\n|\n|upkeep\n|turn|12\n|\n|t:|1781382885\n|move|p1a: Cloyster|Rock Blast|p2a: Weezing\n|-damage|p2a: Weezing|232/258\n|-damage|p2a: Weezing|207/258\n|-damage|p2a: Weezing|184/258\n|-damage|p2a: Weezing|158/258\n|-damage|p2a: Weezing|134/258\n|-hitcount|p2a: Weezing|5\n|move|p2a: Weezing|Sludge Bomb|p1a: Cloyster\n|-damage|p1a: Cloyster|0 fnt\n|faint|p1a: Cloyster\n|\n|-heal|p2a: Weezing|150/258|[from] item: Leftovers\n|upkeep\n|c| Nooxyy|mmemd\n|c|\u2606enzoo1600|ufa\n|c|\u2606Nekronmancer|droga, n\u00e3o joguem bebados\n|\n|t:|1781382899\n|switch|p1a: Latias|Latias, L79, F|256/256\n|turn|13\n|\n|t:|1781382916\n|switch|p2a: Darkrai|Darkrai, L77|234/234\n|move|p1a: Latias|Calm Mind|p1a: Latias\n|-boost|p1a: Latias|spa|1\n|-boost|p1a: Latias|spd|1\n|\n|upkeep\n|turn|14\n|c|\u2606Nekronmancer|eu gastei meu tera em qual?\n|\n|t:|1781382926\n|move|p2a: Darkrai|Hypnosis|p1a: Latias\n|-status|p1a: Latias|slp|[from] move: Hypnosis\n|cant|p1a: Latias|slp\n|\n|-damage|p1a: Latias|224/256 slp|[from] ability: Bad Dreams|[of] p2a: Darkrai\n|upkeep\n|turn|15\n|c|\u2606enzoo1600|samurott\n|c|\u2606Nekronmancer|rapaz q escolha merda\n|\n|t:|1781382937\n|move|p2a: Darkrai|Nasty Plot|p2a: Darkrai\n|-boost|p2a: Darkrai|spa|2\n|cant|p1a: Latias|slp\n|\n|-damage|p1a: Latias|192/256 slp|[from] ability: Bad Dreams|[of] p2a: Darkrai\n|upkeep\n|turn|16\n|\n|t:|1781382940\n|move|p2a: Darkrai|Dark Pulse|p1a: Latias\n|-supereffective|p1a: Latias\n|-damage|p1a: Latias|0 fnt\n|faint|p1a: Latias\n|-damage|p2a: Darkrai|211/234|[from] item: Life Orb\n|\n|upkeep\n|\n|t:|1781382942\n|switch|p1a: Kilowattrel|Kilowattrel, L83, M|252/252\n|turn|17\n|c| Nooxyy|killo comeback?\n|\n|t:|1781382956\n|move|p1a: Kilowattrel|U-turn|p2a: Darkrai\n|-supereffective|p2a: Darkrai\n|-damage|p2a: Darkrai|123/234\n|move|p2a: Darkrai|Dark Pulse|p1a: Kilowattrel\n|-damage|p1a: Kilowattrel|0 fnt\n|faint|p1a: Kilowattrel\n|-damage|p2a: Darkrai|100/234|[from] item: Life Orb\n|\n|win|enzoo1600\n|n|\u2606Nekronmancer|nekronmancer\n|n|\u2606enzoo1600|enzoo1600\n|n| BancoMaster129|bancomaster129\n|n| Nooxyy|nooxyy\n|n| kloard|kloard\n", "uploadtime": 1781382956, "views": 6, "formatid": "gen9randombattle", "rating": null, "private": 0, "password": null}