{"id": "gen9randombattle-2632012736", "format": "[Gen 9] Random Battle", "players": ["asewa12345", "vickty"], "log": "|j|\u2606asewa12345\n|j|\u2606vickty\n|t:|1781465877\n|gametype|singles\n|player|p1|asewa12345|2|2046\n|player|p2|vickty|266|2072\n|gen|9\n|tier|[Gen 9] Random Battle\n|rated|\n|rule|Species Clause: Limit one of each Pok\u00e9mon\n|rule|HP Percentage Mod: HP is shown in percentages\n|rule|Sleep Clause Mod: Limit one foe put to sleep\n|rule|Illusion Level Mod: Illusion disguises the Pok\u00e9mon's true level\n|\n|t:|1781465877\n|teamsize|p1|6\n|teamsize|p2|6\n|start\n|switch|p1a: Venusaur|Venusaur, L84, F|272/272\n|switch|p2a: Palkia|Palkia-Origin, L72|249/249\n|-ability|p2a: Palkia|Pressure\n|turn|1\n|l|\u2606vickty\n|player|p2|\n|inactive|Battle timer is ON: inactive players will automatically lose when time's up. (requested by asewa12345)\n|j|\u2606vickty\n|inactive|vickty reconnected and has 150 seconds left.\n|player|p2|vickty|266|\n|\n|t:|1781465898\n|move|p2a: Palkia|Fire Blast|p1a: Venusaur\n|-supereffective|p1a: Venusaur\n|-damage|p1a: Venusaur|122/272\n|move|p1a: Venusaur|Sludge Bomb|p2a: Palkia\n|-damage|p2a: Palkia|164/249\n|-status|p2a: Palkia|psn\n|\n|-heal|p1a: Venusaur|139/272|[from] item: Leftovers\n|-damage|p2a: Palkia|133/249 psn|[from] psn\n|upkeep\n|turn|2\n|\n|t:|1781465913\n|switch|p1a: Scream Tail|Scream Tail, L84|330/330\n|move|p2a: Palkia|Fire Blast|p1a: Scream Tail\n|-damage|p1a: Scream Tail|260/330\n|-status|p1a: Scream Tail|brn\n|\n|-heal|p1a: Scream Tail|280/330 brn|[from] item: Leftovers\n|-damage|p2a: Palkia|102/249 psn|[from] psn\n|-damage|p1a: Scream Tail|260/330 brn|[from] brn\n|upkeep\n|turn|3\n|\n|t:|1781465920\n|switch|p2a: Victreebel|Victreebel, L90, M|290/290\n|move|p1a: Scream Tail|Wish|p1a: Scream Tail\n|\n|-heal|p1a: Scream Tail|280/330 brn|[from] item: Leftovers\n|-damage|p1a: Scream Tail|260/330 brn|[from] brn\n|upkeep\n|turn|4\n|\n|t:|1781465928\n|-end|p1a: Scream Tail|Protosynthesis|[silent]\n|switch|p1a: Venusaur|Venusaur, L84, F|139/272\n|move|p2a: Victreebel|Sunny Day|p2a: Victreebel\n|-weather|SunnyDay\n|\n|-weather|SunnyDay|[upkeep]\n|-heal|p1a: Venusaur|272/272|[from] move: Wish|[wisher] Scream Tail\n|upkeep\n|turn|5\n|\n|t:|1781465936\n|move|p1a: Venusaur|Substitute|p1a: Venusaur\n|-start|p1a: Venusaur|Substitute\n|-damage|p1a: Venusaur|204/272\n|move|p2a: Victreebel|Weather Ball|p1a: Venusaur\n|-supereffective|p1a: Venusaur\n|-end|p1a: Venusaur|Substitute\n|-damage|p2a: Victreebel|261/290|[from] item: Life Orb\n|\n|-weather|SunnyDay|[upkeep]\n|-heal|p1a: Venusaur|221/272|[from] item: Leftovers\n|upkeep\n|turn|6\n|\n|t:|1781465943\n|move|p1a: Venusaur|Substitute|p1a: Venusaur\n|-start|p1a: Venusaur|Substitute\n|-damage|p1a: Venusaur|153/272\n|move|p2a: Victreebel|Weather Ball|p1a: Venusaur\n|-supereffective|p1a: Venusaur\n|-end|p1a: Venusaur|Substitute\n|-damage|p2a: Victreebel|232/290|[from] item: Life Orb\n|\n|-weather|SunnyDay|[upkeep]\n|-heal|p1a: Venusaur|170/272|[from] item: Leftovers\n|upkeep\n|turn|7\n|\n|t:|1781465945\n|move|p1a: Venusaur|Substitute|p1a: Venusaur\n|-start|p1a: Venusaur|Substitute\n|-damage|p1a: Venusaur|102/272\n|move|p2a: Victreebel|Weather Ball|p1a: Venusaur\n|-supereffective|p1a: Venusaur\n|-end|p1a: Venusaur|Substitute\n|-damage|p2a: Victreebel|203/290|[from] item: Life Orb\n|\n|-weather|SunnyDay|[upkeep]\n|-heal|p1a: Venusaur|119/272|[from] item: Leftovers\n|upkeep\n|turn|8\n|\n|t:|1781465953\n|switch|p2a: Spiritomb|Spiritomb, L89, M|234/234\n|move|p1a: Venusaur|Substitute|p1a: Venusaur\n|-start|p1a: Venusaur|Substitute\n|-damage|p1a: Venusaur|51/272\n|\n|-weather|none\n|-heal|p1a: Venusaur|68/272|[from] item: Leftovers\n|upkeep\n|turn|9\n|\n|t:|1781465956\n|move|p1a: Venusaur|Sleep Powder|p2a: Spiritomb\n|-status|p2a: Spiritomb|slp|[from] move: Sleep Powder\n|cant|p2a: Spiritomb|slp\n|\n|-heal|p1a: Venusaur|85/272|[from] item: Leftovers\n|upkeep\n|turn|10\n|\n|t:|1781465960\n|move|p1a: Venusaur|Leech Seed|p2a: Spiritomb\n|-start|p2a: Spiritomb|move: Leech Seed\n|-curestatus|p2a: Spiritomb|slp|[msg]\n|move|p2a: Spiritomb|Poltergeist|p1a: Venusaur\n|-activate|p1a: Venusaur|move: Poltergeist|Leftovers\n|-damage|p1a: Venusaur|0 fnt\n|faint|p1a: Venusaur\n|\n|upkeep\n|\n|t:|1781465967\n|switch|p1a: Garganacl|Garganacl, L80, F|291/291\n|turn|11\n|\n|t:|1781465980\n|switch|p2a: Victreebel|Victreebel, L90, M|203/290\n|move|p1a: Garganacl|Salt Cure|p2a: Victreebel\n|-damage|p2a: Victreebel|152/290\n|-start|p2a: Victreebel|Salt Cure\n|\n|-damage|p2a: Victreebel|116/290|[from] Salt Cure\n|upkeep\n|turn|12\n|\n|t:|1781465991\n|switch|p1a: Lokix|Lokix, L82, M|251/251\n|move|p2a: Victreebel|Power Whip|p1a: Lokix\n|-resisted|p1a: Lokix\n|-damage|p1a: Lokix|143/251\n|-damage|p2a: Victreebel|87/290|[from] item: Life Orb\n|\n|-damage|p2a: Victreebel|51/290|[from] Salt Cure\n|upkeep\n|turn|13\n|\n|t:|1781465996\n|move|p1a: Lokix|First Impression|p2a: Victreebel\n|-damage|p2a: Victreebel|0 fnt\n|faint|p2a: Victreebel\n|-damage|p1a: Lokix|118/251|[from] item: Life Orb\n|\n|upkeep\n|\n|t:|1781465999\n|switch|p2a: Swanna|Swanna, L89, F|278/278\n|turn|14\n|\n|t:|1781466005\n|switch|p1a: Scream Tail|Scream Tail, L84|260/330 brn\n|move|p2a: Swanna|Brave Bird|p1a: Scream Tail\n|-damage|p1a: Scream Tail|148/330 brn\n|-damage|p2a: Swanna|241/278|[from] Recoil\n|\n|-heal|p1a: Scream Tail|168/330 brn|[from] item: Leftovers\n|-damage|p1a: Scream Tail|148/330 brn|[from] brn\n|upkeep\n|turn|15\n|\n|t:|1781466012\n|move|p1a: Scream Tail|Wish|p1a: Scream Tail\n|move|p2a: Swanna|Brave Bird|p1a: Scream Tail\n|-damage|p1a: Scream Tail|34/330 brn\n|-damage|p2a: Swanna|203/278|[from] Recoil\n|\n|-heal|p1a: Scream Tail|54/330 brn|[from] item: Leftovers\n|-damage|p1a: Scream Tail|34/330 brn|[from] brn\n|upkeep\n|turn|16\n|\n|t:|1781466018\n|switch|p2a: Spiritomb|Spiritomb, L89, M|234/234\n|move|p1a: Scream Tail|Protect||[still]\n|-fail|p1a: Scream Tail\n|\n|-heal|p1a: Scream Tail|199/330 brn|[from] move: Wish|[wisher] Scream Tail\n|-heal|p1a: Scream Tail|219/330 brn|[from] item: Leftovers\n|-damage|p1a: Scream Tail|199/330 brn|[from] brn\n|upkeep\n|turn|17\n|\n|t:|1781466023\n|-end|p1a: Scream Tail|Protosynthesis|[silent]\n|switch|p1a: Lokix|Lokix, L82, M|118/251\n|move|p2a: Spiritomb|Poltergeist|p1a: Lokix\n|-activate|p1a: Lokix|move: Poltergeist|Life Orb\n|-resisted|p1a: Lokix\n|-damage|p1a: Lokix|48/251\n|\n|upkeep\n|turn|18\n|\n|t:|1781466031\n|move|p1a: Lokix|Knock Off|p2a: Spiritomb\n|-damage|p2a: Spiritomb|135/234\n|-enditem|p2a: Spiritomb|Leftovers|[from] move: Knock Off|[of] p1a: Lokix\n|-damage|p1a: Lokix|23/251|[from] item: Life Orb\n|move|p2a: Spiritomb|Foul Play|p1a: Lokix\n|-resisted|p1a: Lokix\n|-damage|p1a: Lokix|0 fnt\n|faint|p1a: Lokix\n|\n|upkeep\n|\n|t:|1781466043\n|switch|p1a: Arboliva|Arboliva, L91, M|290/290\n|turn|19\n|\n|t:|1781466051\n|move|p1a: Arboliva|Energy Ball|p2a: Spiritomb\n|-damage|p2a: Spiritomb|15/234\n|move|p2a: Spiritomb|Pain Split|p1a: Arboliva\n|-sethp|p1a: Arboliva|152/290|[from] move: Pain Split|[silent]\n|-sethp|p2a: Spiritomb|152/234|[from] move: Pain Split\n|\n|-heal|p1a: Arboliva|170/290|[from] item: Leftovers\n|upkeep\n|turn|20\n|\n|t:|1781466057\n|switch|p2a: Dragapult|Dragapult, L77, M|262/262\n|move|p1a: Arboliva|Strength Sap|p2a: Dragapult\n|-fail|p2a: Dragapult|unboost|[from] ability: Clear Body|[of] p2a: Dragapult\n|-heal|p1a: Arboliva|290/290\n|\n|upkeep\n|turn|21\n|\n|t:|1781466062\n|move|p2a: Dragapult|Dragon Dance|p2a: Dragapult\n|-boost|p2a: Dragapult|atk|1\n|-boost|p2a: Dragapult|spe|1\n|move|p1a: Arboliva|Strength Sap||[still]\n|-fail|p2a: Dragapult|unboost|[from] ability: Clear Body|[of] p2a: Dragapult\n|-fail|p1a: Arboliva\n|\n|upkeep\n|turn|22\n|\n|t:|1781466067\n|move|p2a: Dragapult|Dragon Dance|p2a: Dragapult\n|-boost|p2a: Dragapult|atk|1\n|-boost|p2a: Dragapult|spe|1\n|move|p1a: Arboliva|Earth Power|p2a: Dragapult\n|-damage|p2a: Dragapult|152/262\n|\n|upkeep\n|turn|23\n|\n|t:|1781466074\n|move|p2a: Dragapult|Dragon Darts|p1a: Arboliva\n|-damage|p1a: Arboliva|157/290\n|-fieldstart|move: Grassy Terrain|[from] ability: Seed Sower|[of] p1a: Arboliva\n|-anim|p2a: Dragapult|Dragon Darts|p1a: Arboliva\n|-damage|p1a: Arboliva|31/290\n|-damage|p2a: Dragapult|126/262|[from] item: Life Orb\n|move|p1a: Arboliva|Earth Power|p2a: Dragapult\n|-damage|p2a: Dragapult|12/262\n|\n|-heal|p2a: Dragapult|28/262|[from] Grassy Terrain\n|-heal|p1a: Arboliva|49/290|[from] Grassy Terrain\n|-heal|p1a: Arboliva|67/290|[from] item: Leftovers\n|upkeep\n|turn|24\n|\n|t:|1781466086\n|move|p2a: Dragapult|Dragon Darts|p1a: Arboliva\n|-crit|p1a: Arboliva\n|-damage|p1a: Arboliva|0 fnt\n|faint|p1a: Arboliva\n|-damage|p2a: Dragapult|2/262|[from] item: Life Orb\n|\n|-heal|p2a: Dragapult|18/262|[from] Grassy Terrain\n|upkeep\n|\n|t:|1781466090\n|switch|p1a: Scream Tail|Scream Tail, L84|199/330 brn\n|turn|25\n|\n|t:|1781466097\n|-terastallize|p2a: Dragapult|Ghost\n|move|p2a: Dragapult|Tera Blast|p1a: Scream Tail|[anim] Tera Blast Ghost\n|-supereffective|p1a: Scream Tail\n|-damage|p1a: Scream Tail|0 fnt\n|faint|p1a: Scream Tail\n|-end|p1a: Scream Tail|Protosynthesis|[silent]\n|-damage|p2a: Dragapult|0 fnt|[from] item: Life Orb\n|faint|p2a: Dragapult\n|\n|upkeep\n|\n|t:|1781466103\n|switch|p2a: Swanna|Swanna, L89, F|203/278\n|switch|p1a: Lapras|Lapras, L87, M|367/367\n|turn|26\n|\n|t:|1781466111\n|switch|p2a: Spiritomb|Spiritomb, L89, M|152/234\n|move|p1a: Lapras|Freeze-Dry|p2a: Spiritomb\n|-damage|p2a: Spiritomb|71/234\n|\n|-heal|p2a: Spiritomb|85/234|[from] Grassy Terrain\n|upkeep\n|turn|27\n|\n|t:|1781466118\n|move|p1a: Lapras|Freeze-Dry|p2a: Spiritomb\n|-damage|p2a: Spiritomb|0 fnt\n|faint|p2a: Spiritomb\n|\n|-fieldend|move: Grassy Terrain\n|upkeep\n|\n|t:|1781466121\n|switch|p2a: Espathra|Espathra, L80, F|283/283\n|turn|28\n|\n|t:|1781466125\n|move|p2a: Espathra|Calm Mind|p2a: Espathra\n|-boost|p2a: Espathra|spa|1\n|-boost|p2a: Espathra|spd|1\n|move|p1a: Lapras|Freeze-Dry|p2a: Espathra\n|-damage|p2a: Espathra|175/283\n|\n|-heal|p2a: Espathra|192/283|[from] item: Leftovers\n|-ability|p2a: Espathra|Speed Boost|boost\n|-boost|p2a: Espathra|spe|1\n|upkeep\n|turn|29\n|\n|t:|1781466129\n|move|p2a: Espathra|Calm Mind|p2a: Espathra\n|-boost|p2a: Espathra|spa|1\n|-boost|p2a: Espathra|spd|1\n|move|p1a: Lapras|Freeze-Dry|p2a: Espathra\n|-damage|p2a: Espathra|123/283\n|\n|-heal|p2a: Espathra|140/283|[from] item: Leftovers\n|-ability|p2a: Espathra|Speed Boost|boost\n|-boost|p2a: Espathra|spe|1\n|upkeep\n|turn|30\n|\n|t:|1781466132\n|move|p2a: Espathra|Stored Power|p1a: Lapras\n|-damage|p1a: Lapras|94/367\n|move|p1a: Lapras|Freeze-Dry|p2a: Espathra\n|-damage|p2a: Espathra|65/283\n|\n|-heal|p2a: Espathra|82/283|[from] item: Leftovers\n|-ability|p2a: Espathra|Speed Boost|boost\n|-boost|p2a: Espathra|spe|1\n|upkeep\n|turn|31\n|\n|t:|1781466136\n|move|p2a: Espathra|Stored Power|p1a: Lapras\n|-damage|p1a: Lapras|0 fnt\n|faint|p1a: Lapras\n|\n|-heal|p2a: Espathra|99/283|[from] item: Leftovers\n|-ability|p2a: Espathra|Speed Boost|boost\n|-boost|p2a: Espathra|spe|1\n|upkeep\n|\n|t:|1781466139\n|switch|p1a: Garganacl|Garganacl, L80, F|291/291\n|turn|32\n|\n|t:|1781466142\n|move|p2a: Espathra|Stored Power|p1a: Garganacl\n|-damage|p1a: Garganacl|0 fnt\n|faint|p1a: Garganacl\n|\n|win|vickty\n", "uploadtime": 1781465878, "views": 3, "formatid": "gen9randombattle", "rating": null, "private": 0, "password": null}