{"id": "gen9randombattle-2631889942", "format": "[Gen 9] Random Battle", "players": ["Ryemikyu", "Bigoleg"], "log": "|j|\u2606Ryemikyu\n|j|\u2606Bigoleg\n|t:|1781452465\n|gametype|singles\n|player|p1|Ryemikyu|acerola|2099\n|player|p2|Bigoleg|102|2039\n|gen|9\n|tier|[Gen 9] Random Battle\n|rated|\n|rule|Species Clause: Limit one of each Pok\u00e9mon\n|rule|HP Percentage Mod: HP is shown in percentages\n|rule|Sleep Clause Mod: Limit one foe put to sleep\n|rule|Illusion Level Mod: Illusion disguises the Pok\u00e9mon's true level\n|\n|t:|1781452465\n|teamsize|p1|6\n|teamsize|p2|6\n|start\n|switch|p1a: Zarude|Zarude-Dada, L77|288/288\n|switch|p2a: Clawitzer|Clawitzer, L87, M|265/265\n|turn|1\n|inactive|Battle timer is ON: inactive players will automatically lose when time's up. (requested by Bigoleg)\n|\n|t:|1781452474\n|move|p1a: Zarude|Power Whip|p2a: Clawitzer|[miss]\n|-miss|p1a: Zarude|p2a: Clawitzer\n|move|p2a: Clawitzer|U-turn|p1a: Zarude\n|-supereffective|p1a: Zarude\n|-damage|p1a: Zarude|108/288\n|\n|t:|1781452484\n|switch|p2a: Arceus|Arceus-Dark, L71|288/288|[from] U-turn\n|\n|upkeep\n|turn|2\n|\n|t:|1781452492\n|move|p1a: Zarude|Power Whip|p2a: Arceus\n|-damage|p2a: Arceus|168/288\n|move|p2a: Arceus|Calm Mind|p2a: Arceus\n|-boost|p2a: Arceus|spa|1\n|-boost|p2a: Arceus|spd|1\n|\n|upkeep\n|turn|3\n|\n|t:|1781452500\n|move|p1a: Zarude|Power Whip|p2a: Arceus\n|-damage|p2a: Arceus|44/288\n|move|p2a: Arceus|Dazzling Gleam|p1a: Zarude\n|-supereffective|p1a: Zarude\n|-damage|p1a: Zarude|0 fnt\n|faint|p1a: Zarude\n|\n|upkeep\n|\n|t:|1781452507\n|switch|p1a: Espathra|Espathra, L80, M|283/283\n|turn|4\n|\n|t:|1781452512\n|move|p1a: Espathra|Dazzling Gleam|p2a: Arceus\n|-supereffective|p2a: Arceus\n|-damage|p2a: Arceus|0 fnt\n|faint|p2a: Arceus\n|\n|-ability|p1a: Espathra|Speed Boost|boost\n|-boost|p1a: Espathra|spe|1\n|upkeep\n|\n|t:|1781452519\n|switch|p2a: Tinkaton|Tinkaton, L82, F|274/274\n|-ability|p2a: Tinkaton|Mold Breaker\n|turn|5\n|\n|t:|1781452524\n|switch|p1a: Vileplume|Vileplume, L85, M|266/266\n|move|p2a: Tinkaton|Swords Dance|p2a: Tinkaton\n|-boost|p2a: Tinkaton|atk|2\n|\n|upkeep\n|turn|6\n|\n|t:|1781452531\n|move|p2a: Tinkaton|Swords Dance|p2a: Tinkaton\n|-boost|p2a: Tinkaton|atk|2\n|move|p1a: Vileplume|Leech Seed|p2a: Tinkaton\n|-start|p2a: Tinkaton|move: Leech Seed\n|\n|-damage|p2a: Tinkaton|240/274|[from] Leech Seed|[of] p1a: Vileplume\n|upkeep\n|turn|7\n|\n|t:|1781452534\n|switch|p1a: Skeledirge|Skeledirge, L79, M|294/294\n|move|p2a: Tinkaton|Gigaton Hammer|p1a: Skeledirge\n|-resisted|p1a: Skeledirge\n|-crit|p1a: Skeledirge\n|-damage|p1a: Skeledirge|18/294\n|\n|-heal|p2a: Tinkaton|257/274|[from] item: Leftovers\n|-damage|p2a: Tinkaton|223/274|[from] Leech Seed|[of] p1a: Skeledirge\n|-heal|p1a: Skeledirge|52/294|[silent]\n|upkeep\n|turn|8\n|\n|t:|1781452550\n|move|p2a: Tinkaton|Play Rough|p1a: Skeledirge\n|-resisted|p1a: Skeledirge\n|-damage|p1a: Skeledirge|0 fnt\n|faint|p1a: Skeledirge\n|\n|-heal|p2a: Tinkaton|240/274|[from] item: Leftovers\n|upkeep\n|\n|t:|1781452560\n|switch|p1a: Toucannon|Toucannon, L88, F|284/284\n|turn|9\n|\n|t:|1781452566\n|-singleturn|p1a: Toucannon|move: Beak Blast\n|move|p2a: Tinkaton|Gigaton Hammer|p1a: Toucannon\n|-damage|p1a: Toucannon|0 fnt\n|faint|p1a: Toucannon\n|\n|-heal|p2a: Tinkaton|257/274|[from] item: Leftovers\n|upkeep\n|c|\u2606Ryemikyu|okay ive lost anyway but why doesnt that burn\n|c|\u2606Ryemikyu|what am i missing lol\n|inactive|Ryemikyu has 120 seconds left.\n|c|\u2606Bigoleg|Not contact\n|c|\u2606Ryemikyu|ohhh okay\n|c|\u2606Ryemikyu|ty\n|-message|Ryemikyu forfeited.\n|\n|win|Bigoleg\n", "uploadtime": 1781452468, "views": 3, "formatid": "gen9randombattle", "rating": null, "private": 0, "password": null}