{"id": "gen9randombattle-2631925613", "format": "[Gen 9] Random Battle", "players": ["noKlew", "Rambie Drascal"], "log": "|j|\u2606noKlew\n|j|\u2606Rambie Drascal\n|t:|1781456311\n|gametype|singles\n|player|p1|noKlew|265|2079\n|player|p2|Rambie Drascal|ninjaboy|2127\n|gen|9\n|tier|[Gen 9] Random Battle\n|rated|\n|rule|Species Clause: Limit one of each Pok\u00e9mon\n|rule|HP Percentage Mod: HP is shown in percentages\n|rule|Sleep Clause Mod: Limit one foe put to sleep\n|rule|Illusion Level Mod: Illusion disguises the Pok\u00e9mon's true level\n|\n|t:|1781456311\n|teamsize|p1|6\n|teamsize|p2|6\n|start\n|switch|p1a: Scyther|Scyther, L82, F|249/249\n|switch|p2a: Dragalge|Dragalge, L88, M|258/258\n|turn|1\n|inactive|Battle timer is ON: inactive players will automatically lose when time's up. (requested by Rambie Drascal)\n|inactive|noKlew also wants the timer to be on.\n|\n|t:|1781456332\n|switch|p1a: Copperajah|Copperajah, L86, F|350/350\n|move|p2a: Dragalge|Sludge Wave|p1a: Copperajah\n|-immune|p1a: Copperajah\n|\n|upkeep\n|turn|2\n|\n|t:|1781456342\n|move|p2a: Dragalge|Focus Blast|p1a: Copperajah\n|-supereffective|p1a: Copperajah\n|-damage|p1a: Copperajah|120/350\n|move|p1a: Copperajah|Iron Head|p2a: Dragalge\n|-damage|p2a: Dragalge|81/258\n|\n|-heal|p2a: Dragalge|97/258|[from] item: Leftovers\n|upkeep\n|turn|3\n|\n|t:|1781456352\n|switch|p1a: Scyther|Scyther, L82, F|249/249\n|move|p2a: Dragalge|Focus Blast|p1a: Scyther|[miss]\n|-miss|p2a: Dragalge|p1a: Scyther\n|\n|-heal|p2a: Dragalge|113/258|[from] item: Leftovers\n|upkeep\n|turn|4\n|\n|t:|1781456356\n|move|p1a: Scyther|Dual Wingbeat|p2a: Dragalge\n|-damage|p2a: Dragalge|55/258\n|-damage|p2a: Dragalge|0 fnt\n|faint|p2a: Dragalge\n|-hitcount|p2: Dragalge|2\n|\n|upkeep\n|\n|t:|1781456361\n|switch|p2a: Swanna|Swanna, L89, F|278/278\n|turn|5\n|\n|t:|1781456373\n|switch|p1a: Copperajah|Copperajah, L86, F|120/350\n|move|p2a: Swanna|Brave Bird|p1a: Copperajah\n|-resisted|p1a: Copperajah\n|-damage|p1a: Copperajah|41/350\n|-damage|p2a: Swanna|252/278|[from] Recoil\n|\n|upkeep\n|turn|6\n|\n|t:|1781456379\n|move|p2a: Swanna|Brave Bird|p1a: Copperajah\n|-resisted|p1a: Copperajah\n|-damage|p1a: Copperajah|0 fnt\n|faint|p1a: Copperajah\n|-damage|p2a: Swanna|238/278|[from] Recoil\n|\n|upkeep\n|\n|t:|1781456382\n|switch|p1a: Noivern|Noivern, L82, M|274/274\n|turn|7\n|\n|t:|1781456394\n|-terastallize|p1a: Noivern|Normal\n|move|p1a: Noivern|Boomburst|p2a: Swanna\n|-damage|p2a: Swanna|0 fnt\n|faint|p2a: Swanna\n|\n|upkeep\n|\n|t:|1781456398\n|switch|p2a: Rampardos|Rampardos, L90, F|321/321\n|turn|8\n|\n|t:|1781456424\n|switch|p1a: Brute Bonnet|Brute Bonnet, L80|309/309\n|move|p2a: Rampardos|Head Smash|p1a: Brute Bonnet\n|-damage|p1a: Brute Bonnet|59/309\n|-damage|p2a: Rampardos|196/321|[from] Recoil\n|\n|-heal|p1a: Brute Bonnet|78/309|[from] item: Leftovers\n|upkeep\n|turn|9\n|\n|t:|1781456441\n|move|p1a: Brute Bonnet|Sucker Punch|p2a: Rampardos\n|-damage|p2a: Rampardos|91/321\n|move|p2a: Rampardos|Head Smash|p1a: Brute Bonnet|[miss]\n|-miss|p2a: Rampardos|p1a: Brute Bonnet\n|\n|-heal|p1a: Brute Bonnet|97/309|[from] item: Leftovers\n|upkeep\n|turn|10\n|\n|t:|1781456449\n|move|p2a: Rampardos|Head Smash|p1a: Brute Bonnet\n|-damage|p1a: Brute Bonnet|0 fnt\n|faint|p1a: Brute Bonnet\n|-end|p1a: Brute Bonnet|Protosynthesis|[silent]\n|-damage|p2a: Rampardos|42/321|[from] Recoil\n|\n|upkeep\n|\n|t:|1781456460\n|switch|p1a: Noivern|Noivern, L82, M, tera:Normal|274/274\n|turn|11\n|\n|t:|1781456466\n|switch|p2a: Miraidon|Miraidon, L65|238/238\n|-fieldstart|move: Electric Terrain|[from] ability: Hadron Engine|[of] p2a: Miraidon\n|move|p1a: Noivern|Boomburst|p2a: Miraidon\n|-damage|p2a: Miraidon|1/238\n|\n|upkeep\n|turn|12\n|\n|t:|1781456473\n|move|p1a: Noivern|Boomburst|p2a: Miraidon\n|-damage|p2a: Miraidon|0 fnt\n|faint|p2a: Miraidon\n|\n|upkeep\n|\n|t:|1781456474\n|switch|p2a: Heracross|Heracross, L80, M|259/259\n|turn|13\n|\n|t:|1781456485\n|switch|p1a: Scyther|Scyther, L82, F|249/249\n|move|p2a: Heracross|Stone Edge|p1a: Scyther\n|-supereffective|p1a: Scyther\n|-crit|p1a: Scyther\n|-damage|p1a: Scyther|0 fnt\n|faint|p1a: Scyther\n|-ability|p2a: Heracross|Moxie|boost\n|-boost|p2a: Heracross|atk|1\n|\n|upkeep\n|\n|t:|1781456499\n|switch|p1a: Camerupt|Camerupt, L91, M|275/275\n|turn|14\n|\n|t:|1781456513\n|move|p2a: Heracross|Stone Edge|p1a: Camerupt\n|-damage|p1a: Camerupt|85/275\n|move|p1a: Camerupt|Will-O-Wisp|p2a: Heracross\n|-status|p2a: Heracross|brn\n|\n|-heal|p1a: Camerupt|102/275|[from] item: Leftovers\n|-damage|p2a: Heracross|243/259 brn|[from] brn\n|upkeep\n|turn|15\n|\n|t:|1781456523\n|move|p2a: Heracross|Stone Edge|p1a: Camerupt\n|-damage|p1a: Camerupt|1/275\n|move|p1a: Camerupt|Overheat|p2a: Heracross\n|-supereffective|p2a: Heracross\n|-damage|p2a: Heracross|0 fnt\n|-unboost|p1a: Camerupt|spa|2\n|faint|p2a: Heracross\n|\n|-heal|p1a: Camerupt|18/275|[from] item: Leftovers\n|-fieldend|move: Electric Terrain\n|upkeep\n|\n|t:|1781456529\n|switch|p2a: Rampardos|Rampardos, L90, F|42/321\n|turn|16\n|\n|t:|1781456532\n|move|p2a: Rampardos|Earthquake|p1a: Camerupt\n|-supereffective|p1a: Camerupt\n|-damage|p1a: Camerupt|0 fnt\n|faint|p1a: Camerupt\n|\n|upkeep\n|\n|t:|1781456535\n|switch|p1a: Noivern|Noivern, L82, M, tera:Normal|274/274\n|turn|17\n|\n|t:|1781456537\n|move|p1a: Noivern|Boomburst|p2a: Rampardos\n|-resisted|p2a: Rampardos\n|-damage|p2a: Rampardos|0 fnt\n|faint|p2a: Rampardos\n|\n|upkeep\n|\n|t:|1781456539\n|switch|p2a: Chien-Pao|Chien-Pao, L72|234/234\n|-ability|p2a: Chien-Pao|Sword of Ruin\n|turn|18\n|\n|t:|1781456544\n|move|p1a: Noivern|Boomburst|p2a: Chien-Pao\n|-damage|p2a: Chien-Pao|0 fnt\n|faint|p2a: Chien-Pao\n|\n|win|noKlew\n", "uploadtime": 1781456314, "views": 3, "formatid": "gen9randombattle", "rating": null, "private": 0, "password": null}