{"id": "gen9randombattle-2631644132", "format": "[Gen 9] Random Battle", "players": ["ComoTanMuchachos67", "L. Mountain"], "log": "|j|\u2606ComoTanMuchachos67\n|j|\u2606L. Mountain\n|t:|1781413864\n|gametype|singles\n|player|p1|ComoTanMuchachos67|lance|1134\n|player|p2|L. Mountain|palmer|1099\n|gen|9\n|tier|[Gen 9] Random Battle\n|rated|\n|rule|Species Clause: Limit one of each Pok\u00e9mon\n|rule|HP Percentage Mod: HP is shown in percentages\n|rule|Sleep Clause Mod: Limit one foe put to sleep\n|rule|Illusion Level Mod: Illusion disguises the Pok\u00e9mon's true level\n|\n|t:|1781413864\n|teamsize|p1|6\n|teamsize|p2|6\n|start\n|switch|p1a: Blaziken|Blaziken, L76, F|247/247\n|switch|p2a: Veluza|Veluza, L85, M|292/292\n|turn|1\n|\n|t:|1781413883\n|switch|p1a: Umbreon|Umbreon, L84, F|297/297\n|move|p2a: Veluza|Fillet Away|p2a: Veluza\n|-boost|p2a: Veluza|atk|2\n|-boost|p2a: Veluza|spa|2\n|-boost|p2a: Veluza|spe|2\n|-damage|p2a: Veluza|146/292\n|-enditem|p2a: Veluza|Sitrus Berry|[eat]\n|-heal|p2a: Veluza|219/292|[from] item: Sitrus Berry\n|\n|upkeep\n|turn|2\n|\n|t:|1781413901\n|-terastallize|p2a: Veluza|Water\n|move|p2a: Veluza|Aqua Cutter|p1a: Umbreon\n|-damage|p1a: Umbreon|39/297\n|move|p1a: Umbreon|Foul Play|p2a: Veluza\n|-damage|p2a: Veluza|0 fnt\n|faint|p2a: Veluza\n|\n|-heal|p1a: Umbreon|57/297|[from] item: Leftovers\n|upkeep\n|\n|t:|1781413919\n|switch|p2a: Fezandipiti|Fezandipiti, L82, M|278/278\n|turn|3\n|\n|t:|1781413932\n|move|p2a: Fezandipiti|Play Rough|p1a: Umbreon|[miss]\n|-miss|p2a: Fezandipiti|p1a: Umbreon\n|move|p1a: Umbreon|Wish|p1a: Umbreon\n|\n|-heal|p1a: Umbreon|75/297|[from] item: Leftovers\n|upkeep\n|turn|4\n|\n|t:|1781413939\n|move|p1a: Umbreon|Protect|p1a: Umbreon\n|-singleturn|p1a: Umbreon|Protect\n|move|p2a: Fezandipiti|Play Rough|p1a: Umbreon\n|-activate|p1a: Umbreon|move: Protect\n|\n|-heal|p1a: Umbreon|223/297|[from] move: Wish|[wisher] Umbreon\n|-heal|p1a: Umbreon|241/297|[from] item: Leftovers\n|upkeep\n|turn|5\n|\n|t:|1781413949\n|switch|p1a: Blaziken|Blaziken, L76, F|247/247\n|move|p2a: Fezandipiti|Play Rough|p1a: Blaziken\n|-damage|p1a: Blaziken|139/247\n|-status|p1a: Blaziken|tox|[from] ability: Toxic Chain|[of] p2a: Fezandipiti\n|\n|-damage|p1a: Blaziken|124/247 tox|[from] psn\n|upkeep\n|turn|6\n|\n|t:|1781413974\n|move|p2a: Fezandipiti|Swords Dance|p2a: Fezandipiti\n|-boost|p2a: Fezandipiti|atk|2\n|move|p1a: Blaziken|Swords Dance|p1a: Blaziken\n|-boost|p1a: Blaziken|atk|2\n|\n|-damage|p1a: Blaziken|94/247 tox|[from] psn\n|-ability|p1a: Blaziken|Speed Boost|boost\n|-boost|p1a: Blaziken|spe|1\n|upkeep\n|turn|7\n|\n|t:|1781413985\n|move|p1a: Blaziken|Flare Blitz|p2a: Fezandipiti\n|-damage|p2a: Fezandipiti|0 fnt\n|faint|p2a: Fezandipiti\n|-damage|p1a: Blaziken|2/247 tox|[from] Recoil\n|-damage|p1a: Blaziken|0 fnt|[from] item: Life Orb\n|faint|p1a: Blaziken\n|\n|upkeep\n|\n|t:|1781414020\n|switch|p2a: Regice|Regice, L88|284/284\n|switch|p1a: Hitmonlee|Hitmonlee, L85, M|223/223\n|turn|8\n|\n|t:|1781414041\n|switch|p2a: Iron Moth|Iron Moth, L78|253/253\n|move|p1a: Hitmonlee|Stone Edge|p2a: Iron Moth|[miss]\n|-miss|p1a: Hitmonlee|p2a: Iron Moth\n|\n|upkeep\n|turn|9\n|\n|t:|1781414054\n|move|p1a: Hitmonlee|Stone Edge|p2a: Iron Moth\n|-supereffective|p2a: Iron Moth\n|-damage|p2a: Iron Moth|9/253\n|move|p2a: Iron Moth|Sludge Wave|p1a: Hitmonlee\n|-crit|p1a: Hitmonlee\n|-damage|p1a: Hitmonlee|70/223\n|\n|upkeep\n|turn|10\n|\n|t:|1781414063\n|move|p1a: Hitmonlee|Stone Edge|p2a: Iron Moth\n|-supereffective|p2a: Iron Moth\n|-damage|p2a: Iron Moth|0 fnt\n|faint|p2a: Iron Moth\n|-end|p2a: Iron Moth|Quark Drive|[silent]\n|\n|upkeep\n|\n|t:|1781414068\n|switch|p2a: Lugia|Lugia, L73|275/275\n|turn|11\n|\n|t:|1781414074\n|move|p1a: Hitmonlee|Stone Edge|p2a: Lugia|[miss]\n|-miss|p1a: Hitmonlee|p2a: Lugia\n|move|p2a: Lugia|Aeroblast|p1a: Hitmonlee\n|-supereffective|p1a: Hitmonlee\n|-damage|p1a: Hitmonlee|0 fnt\n|faint|p1a: Hitmonlee\n|\n|upkeep\n|\n|t:|1781414085\n|switch|p1a: Umbreon|Umbreon, L84, F|241/297\n|turn|12\n|\n|t:|1781414105\n|move|p2a: Lugia|Aeroblast|p1a: Umbreon\n|-crit|p1a: Umbreon\n|-damage|p1a: Umbreon|159/297\n|move|p1a: Umbreon|Foul Play|p2a: Lugia\n|-supereffective|p2a: Lugia\n|-damage|p2a: Lugia|217/275\n|\n|-heal|p1a: Umbreon|177/297|[from] item: Leftovers\n|upkeep\n|turn|13\n|\n|t:|1781414113\n|switch|p2a: Lycanroc|Lycanroc-Dusk, L81, M|254/254\n|move|p1a: Umbreon|Toxic|p2a: Lycanroc\n|-status|p2a: Lycanroc|tox\n|\n|-heal|p1a: Umbreon|195/297|[from] item: Leftovers\n|-damage|p2a: Lycanroc|239/254 tox|[from] psn\n|upkeep\n|turn|14\n|\n|t:|1781414123\n|move|p2a: Lycanroc|Close Combat|p1a: Umbreon\n|-supereffective|p1a: Umbreon\n|-damage|p1a: Umbreon|0 fnt\n|-unboost|p2a: Lycanroc|def|1\n|-unboost|p2a: Lycanroc|spd|1\n|faint|p1a: Umbreon\n|-damage|p2a: Lycanroc|214/254 tox|[from] item: Life Orb\n|\n|-damage|p2a: Lycanroc|184/254 tox|[from] psn\n|upkeep\n|\n|t:|1781414139\n|switch|p1a: Regigigas|Regigigas, L84|322/322\n|-start|p1a: Regigigas|ability: Slow Start\n|turn|15\n|\n|t:|1781414159\n|move|p2a: Lycanroc|Swords Dance|p2a: Lycanroc\n|-boost|p2a: Lycanroc|atk|2\n|move|p1a: Regigigas|Substitute|p1a: Regigigas\n|-start|p1a: Regigigas|Substitute\n|-damage|p1a: Regigigas|242/322\n|\n|-heal|p1a: Regigigas|262/322|[from] item: Leftovers\n|-damage|p2a: Lycanroc|139/254 tox|[from] psn\n|upkeep\n|turn|16\n|\n|t:|1781414172\n|move|p2a: Lycanroc|Close Combat|p1a: Regigigas\n|-supereffective|p1a: Regigigas\n|-end|p1a: Regigigas|Substitute\n|-unboost|p2a: Lycanroc|def|1\n|-unboost|p2a: Lycanroc|spd|1\n|-damage|p2a: Lycanroc|114/254 tox|[from] item: Life Orb\n|move|p1a: Regigigas|Knock Off|p2a: Lycanroc\n|-damage|p2a: Lycanroc|0 fnt\n|-enditem|p2a: Lycanroc|Life Orb|[from] move: Knock Off|[of] p1a: Regigigas\n|faint|p2a: Lycanroc\n|\n|-heal|p1a: Regigigas|282/322|[from] item: Leftovers\n|upkeep\n|\n|t:|1781414186\n|switch|p2a: Regice|Regice, L88|284/284\n|turn|17\n|\n|t:|1781414201\n|move|p2a: Regice|Ice Beam|p1a: Regigigas\n|-damage|p1a: Regigigas|189/322\n|move|p1a: Regigigas|Substitute|p1a: Regigigas\n|-start|p1a: Regigigas|Substitute\n|-damage|p1a: Regigigas|109/322\n|\n|-heal|p1a: Regigigas|129/322|[from] item: Leftovers\n|upkeep\n|turn|18\n|\n|t:|1781414210\n|move|p2a: Regice|Ice Beam|p1a: Regigigas\n|-end|p1a: Regigigas|Substitute\n|move|p1a: Regigigas|Knock Off|p2a: Regice\n|-damage|p2a: Regice|236/284\n|-enditem|p2a: Regice|Heavy-Duty Boots|[from] move: Knock Off|[of] p1a: Regigigas\n|\n|-heal|p1a: Regigigas|149/322|[from] item: Leftovers\n|upkeep\n|turn|19\n|\n|t:|1781414219\n|move|p1a: Regigigas|Protect|p1a: Regigigas\n|-singleturn|p1a: Regigigas|Protect\n|move|p2a: Regice|Ice Beam|p1a: Regigigas\n|-activate|p1a: Regigigas|move: Protect\n|\n|-heal|p1a: Regigigas|169/322|[from] item: Leftovers\n|-end|p1a: Regigigas|Slow Start\n|upkeep\n|turn|20\n|\n|t:|1781414235\n|move|p1a: Regigigas|Body Slam|p2a: Regice\n|-damage|p2a: Regice|118/284\n|move|p2a: Regice|Ice Beam|p1a: Regigigas\n|-damage|p1a: Regigigas|79/322\n|\n|-heal|p1a: Regigigas|99/322|[from] item: Leftovers\n|upkeep\n|turn|21\n|\n|t:|1781414249\n|move|p1a: Regigigas|Body Slam|p2a: Regice\n|-damage|p2a: Regice|0 fnt\n|faint|p2a: Regice\n|\n|-heal|p1a: Regigigas|119/322|[from] item: Leftovers\n|upkeep\n|\n|t:|1781414257\n|switch|p2a: Lugia|Lugia, L73|217/275\n|turn|22\n|\n|t:|1781414272\n|move|p1a: Regigigas|Knock Off|p2a: Lugia\n|-supereffective|p2a: Lugia\n|-damage|p2a: Lugia|47/275\n|-enditem|p2a: Lugia|Heavy-Duty Boots|[from] move: Knock Off|[of] p1a: Regigigas\n|move|p2a: Lugia|Aeroblast|p1a: Regigigas\n|-damage|p1a: Regigigas|59/322\n|\n|-heal|p1a: Regigigas|79/322|[from] item: Leftovers\n|upkeep\n|turn|23\n|\n|t:|1781414283\n|move|p1a: Regigigas|Knock Off|p2a: Lugia\n|-supereffective|p2a: Lugia\n|-damage|p2a: Lugia|0 fnt\n|faint|p2a: Lugia\n|\n|win|ComoTanMuchachos67\n|raw|ComoTanMuchachos67's rating: 1134 &rarr; <strong>1156</strong><br />(+22 for winning)\n|raw|L. Mountain's rating: 1099 &rarr; <strong>1077</strong><br />(-22 for losing)\n|l|\u2606L. Mountain\n|player|p2|\n", "uploadtime": 1781414304, "views": 2, "formatid": "gen9randombattle", "rating": 1077, "private": 0, "password": null}