{"id": "gen9randombattle-2631613576", "format": "[Gen 9] Random Battle", "players": ["bluesun000", "mrvile95"], "log": "|j|\u2606bluesun000\n|j|\u203dmrvile95\n|t:|1781408962\n|gametype|singles\n|player|p1|bluesun000|palmer|1944\n|player|p2|mrvile95|170|1933\n|gen|9\n|tier|[Gen 9] Random Battle\n|rated|\n|rule|Species Clause: Limit one of each Pok\u00e9mon\n|rule|HP Percentage Mod: HP is shown in percentages\n|rule|Sleep Clause Mod: Limit one foe put to sleep\n|rule|Illusion Level Mod: Illusion disguises the Pok\u00e9mon's true level\n|\n|t:|1781408962\n|teamsize|p1|6\n|teamsize|p2|6\n|start\n|switch|p1a: Primarina|Primarina, L83, F|268/268\n|switch|p2a: Inteleon|Inteleon, L81, F|246/246\n|turn|1\n|inactive|Battle timer is ON: inactive players will automatically lose when time's up. (requested by bluesun000)\n|\n|t:|1781408991\n|move|p2a: Inteleon|U-turn|p1a: Primarina\n|-resisted|p1a: Primarina\n|-damage|p1a: Primarina|244/268\n|\n|t:|1781408999\n|switch|p2a: Duraludon|Duraludon, L82, M|249/249|[from] U-turn\n|move|p1a: Primarina|Calm Mind|p1a: Primarina\n|-boost|p1a: Primarina|spa|1\n|-boost|p1a: Primarina|spd|1\n|\n|-heal|p1a: Primarina|260/268|[from] item: Leftovers\n|upkeep\n|turn|2\n|inactive|bluesun000 has 120 seconds left.\n|\n|t:|1781409036\n|move|p2a: Duraludon|Thunder Wave|p1a: Primarina\n|-status|p1a: Primarina|par\n|cant|p1a: Primarina|par\n|\n|-heal|p1a: Primarina|268/268 par|[from] item: Leftovers\n|upkeep\n|turn|3\n|inactive|bluesun000 has 120 seconds left.\n|inactive|mrvile95 has 120 seconds left.\n|inactive|mrvile95 has 90 seconds left.\n|\n|t:|1781409117\n|switch|p2a: Passimian|Passimian, L83, M|302/302\n|move|p1a: Primarina|Calm Mind|p1a: Primarina\n|-boost|p1a: Primarina|spa|1\n|-boost|p1a: Primarina|spd|1\n|\n|upkeep\n|turn|4\n|inactive|bluesun000 has 120 seconds left.\n|\n|t:|1781409142\n|move|p2a: Passimian|Gunk Shot|p1a: Primarina\n|-supereffective|p1a: Primarina\n|-damage|p1a: Primarina|30/268 par\n|cant|p1a: Primarina|par\n|\n|-heal|p1a: Primarina|46/268 par|[from] item: Leftovers\n|upkeep\n|turn|5\n|\n|t:|1781409168\n|move|p2a: Passimian|Drain Punch|p1a: Primarina\n|-resisted|p1a: Primarina\n|-damage|p1a: Primarina|0 fnt\n|faint|p1a: Primarina\n|\n|upkeep\n|\n|t:|1781409189\n|switch|p1a: Plusle|Plusle, L95, F|268/268\n|turn|6\n|\n|t:|1781409199\n|move|p1a: Plusle|Nasty Plot|p1a: Plusle\n|-boost|p1a: Plusle|spa|2\n|move|p2a: Passimian|Drain Punch|p1a: Plusle\n|-damage|p1a: Plusle|120/268\n|\n|upkeep\n|turn|7\n|\n|t:|1781409207\n|move|p1a: Plusle|Alluring Voice|p2a: Passimian\n|-supereffective|p2a: Passimian\n|-damage|p2a: Passimian|0 fnt\n|faint|p2a: Passimian\n|-damage|p1a: Plusle|94/268|[from] item: Life Orb\n|\n|upkeep\n|\n|t:|1781409217\n|switch|p2a: Inteleon|Inteleon, L81, F|246/246\n|turn|8\n|inactive|bluesun000 has 90 seconds left.\n|\n|t:|1781409258\n|switch|p1a: Lapras|Lapras, L87, F|367/367\n|move|p2a: Inteleon|Scald|p1a: Lapras\n|-immune|p1a: Lapras|[from] ability: Water Absorb\n|\n|upkeep\n|turn|9\n|inactive|mrvile95 has 90 seconds left.\n|\n|t:|1781409287\n|switch|p2a: Porygon-Z|Porygon-Z, L83|277/277\n|-ability|p2a: Porygon-Z|Download|boost\n|-boost|p2a: Porygon-Z|atk|1\n|switch|p1a: Hariyama|Hariyama, L87, F|392/392\n|\n|-status|p1a: Hariyama|brn|[from] item: Flame Orb\n|upkeep\n|turn|10\n|inactive|bluesun000 has 60 seconds left.\n|\n|t:|1781409322\n|switch|p2a: Tornadus|Tornadus-Therian, L79, M|254/254\n|move|p1a: Hariyama|Fake Out|p2a: Tornadus\n|-damage|p2a: Tornadus|188/254\n|\n|-damage|p1a: Hariyama|368/392 brn|[from] brn\n|upkeep\n|turn|11\n|inactive|bluesun000 has 60 seconds left.\n|\n|t:|1781409350\n|-terastallize|p1a: Hariyama|Normal\n|move|p2a: Tornadus|Bleakwind Storm|p1a: Hariyama|[miss]\n|-miss|p2a: Tornadus|p1a: Hariyama\n|move|p1a: Hariyama|Facade|p2a: Tornadus\n|-damage|p2a: Tornadus|0 fnt\n|faint|p2a: Tornadus\n|\n|-damage|p1a: Hariyama|344/392 brn|[from] brn\n|upkeep\n|\n|t:|1781409365\n|switch|p2a: Porygon-Z|Porygon-Z, L83|277/277\n|-ability|p2a: Porygon-Z|Download|boost\n|-boost|p2a: Porygon-Z|spa|1\n|turn|12\n|-message|mrvile95 forfeited.\n|\n|win|bluesun000\n", "uploadtime": 1781408963, "views": 3, "formatid": "gen9randombattle", "rating": null, "private": 0, "password": null}