{"id": "gen9randombattle-2631772045", "format": "[Gen 9] Random Battle", "players": ["ys7eu3nhshsu", "Priv. Plegras"], "log": "|j|\u2606ys7eu3nhshsu\n|j|\u2606Priv. Plegras\n|t:|1781437228\n|gametype|singles\n|player|p1|ys7eu3nhshsu|265|1000\n|player|p2|Priv. Plegras|ltsurge|1000\n|gen|9\n|tier|[Gen 9] Random Battle\n|rated|\n|rule|Species Clause: Limit one of each Pok\u00e9mon\n|rule|HP Percentage Mod: HP is shown in percentages\n|rule|Sleep Clause Mod: Limit one foe put to sleep\n|rule|Illusion Level Mod: Illusion disguises the Pok\u00e9mon's true level\n|\n|t:|1781437228\n|teamsize|p1|6\n|teamsize|p2|6\n|start\n|switch|p1a: Oranguru|Oranguru, L92, M|315/315\n|switch|p2a: Solgaleo|Solgaleo, L74|325/325\n|turn|1\n|\n|t:|1781437237\n|move|p2a: Solgaleo|Knock Off|p1a: Oranguru\n|-supereffective|p1a: Oranguru\n|-damage|p1a: Oranguru|189/315\n|-enditem|p1a: Oranguru|Life Orb|[from] move: Knock Off|[of] p2a: Solgaleo\n|move|p1a: Oranguru|Nasty Plot|p1a: Oranguru\n|-boost|p1a: Oranguru|spa|2\n|\n|upkeep\n|turn|2\n|\n|t:|1781437251\n|move|p2a: Solgaleo|Sunsteel Strike|p1a: Oranguru\n|-damage|p1a: Oranguru|78/315\n|move|p1a: Oranguru|Nasty Plot|p1a: Oranguru\n|-boost|p1a: Oranguru|spa|2\n|\n|upkeep\n|turn|3\n|\n|t:|1781437261\n|move|p2a: Solgaleo|Knock Off|p1a: Oranguru\n|-supereffective|p1a: Oranguru\n|-damage|p1a: Oranguru|0 fnt\n|faint|p1a: Oranguru\n|\n|upkeep\n|\n|t:|1781437278\n|switch|p1a: Pachirisu|Pachirisu, L96, M|271/271\n|turn|4\n|\n|t:|1781437289\n|move|p1a: Pachirisu|Super Fang|p2a: Solgaleo\n|-damage|p2a: Solgaleo|163/325\n|move|p2a: Solgaleo|Knock Off|p1a: Pachirisu\n|-damage|p1a: Pachirisu|203/271\n|-enditem|p1a: Pachirisu|Heavy-Duty Boots|[from] move: Knock Off|[of] p2a: Solgaleo\n|\n|upkeep\n|turn|5\n|\n|t:|1781437296\n|move|p1a: Pachirisu|Discharge|p2a: Solgaleo\n|-damage|p2a: Solgaleo|88/325\n|-status|p2a: Solgaleo|par\n|cant|p2a: Solgaleo|par\n|\n|upkeep\n|turn|6\n|\n|t:|1781437308\n|switch|p2a: Giratina|Giratina-Origin, L72|335/335\n|move|p1a: Pachirisu|Discharge|p2a: Giratina\n|-resisted|p2a: Giratina\n|-damage|p2a: Giratina|303/335\n|\n|upkeep\n|turn|7\n|\n|t:|1781437319\n|move|p1a: Pachirisu|U-turn|p2a: Giratina\n|-resisted|p2a: Giratina\n|-damage|p2a: Giratina|282/335\n|\n|t:|1781437327\n|switch|p1a: Scizor|Scizor, L79, F|240/240|[from] U-turn\n|move|p2a: Giratina|Will-O-Wisp|p1a: Scizor\n|-status|p1a: Scizor|brn\n|\n|-damage|p1a: Scizor|225/240 brn|[from] brn\n|upkeep\n|turn|8\n|inactive|Battle timer is ON: inactive players will automatically lose when time's up. (requested by ys7eu3nhshsu)\n|\n|t:|1781437342\n|move|p2a: Giratina|Poltergeist|p1a: Scizor\n|-activate|p1a: Scizor|move: Poltergeist|Choice Band\n|-damage|p1a: Scizor|110/240 brn\n|move|p1a: Scizor|Knock Off|p2a: Giratina\n|-supereffective|p2a: Giratina\n|-damage|p2a: Giratina|194/335\n|\n|-damage|p1a: Scizor|95/240 brn|[from] brn\n|upkeep\n|turn|9\n|\n|t:|1781437354\n|move|p2a: Giratina|Poltergeist|p1a: Scizor\n|-activate|p1a: Scizor|move: Poltergeist|Choice Band\n|-damage|p1a: Scizor|0 fnt\n|faint|p1a: Scizor\n|\n|upkeep\n|l|\u2606ys7eu3nhshsu\n|inactive|ys7eu3nhshsu disconnected and has a minute to reconnect!\n|player|p1|\n|inactive|ys7eu3nhshsu has 30 seconds to reconnect!\n|inactive|ys7eu3nhshsu has 20 seconds to reconnect!\n|inactive|ys7eu3nhshsu has 15 seconds to reconnect!\n|inactive|ys7eu3nhshsu has 10 seconds to reconnect!\n|inactive|ys7eu3nhshsu has 5 seconds to reconnect!\n|-message|ys7eu3nhshsu lost due to inactivity.\n|\n|win|Priv. Plegras\n|raw|ys7eu3nhshsu's rating: 1000 &rarr; <strong>1000</strong><br />(+0 for losing)\n|raw|Priv. Plegras's rating: 1000 &rarr; <strong>1040</strong><br />(+40 for winning)\n", "uploadtime": 1781437444, "views": 9, "formatid": "gen9randombattle", "rating": 1000, "private": 0, "password": null}