{"id": "gen9randombattle-2631993792", "format": "[Gen 9] Random Battle", "players": ["monomythic", "OverthereStair"], "log": "|j|\u2606monomythic\n|j|\u2606OverthereStair\n|t:|1781463800\n|gametype|singles\n|player|p1|monomythic|102|2120\n|player|p2|OverthereStair|hilda|2062\n|gen|9\n|tier|[Gen 9] Random Battle\n|rated|\n|rule|Species Clause: Limit one of each Pok\u00e9mon\n|rule|HP Percentage Mod: HP is shown in percentages\n|rule|Sleep Clause Mod: Limit one foe put to sleep\n|rule|Illusion Level Mod: Illusion disguises the Pok\u00e9mon's true level\n|\n|t:|1781463800\n|teamsize|p1|6\n|teamsize|p2|6\n|start\n|switch|p1a: Ambipom|Ambipom, L84, M|263/263\n|switch|p2a: Arceus|Arceus-Bug, L73|295/295\n|turn|1\n|inactive|Battle timer is ON: inactive players will automatically lose when time's up. (requested by monomythic)\n|inactive|monomythic has 120 seconds left.\n|inactive|monomythic has 90 seconds left.\n|\n|t:|1781463886\n|move|p1a: Ambipom|Fake Out|p2a: Arceus\n|-damage|p2a: Arceus|226/295\n|cant|p2a: Arceus|flinch\n|\n|upkeep\n|turn|2\n|\n|t:|1781463894\n|move|p1a: Ambipom|Double-Edge|p2a: Arceus\n|-damage|p2a: Arceus|82/295\n|-damage|p1a: Ambipom|215/263|[from] Recoil\n|move|p2a: Arceus|Judgment|p1a: Ambipom\n|-damage|p1a: Ambipom|62/263\n|\n|upkeep\n|turn|3\n|inactive|monomythic has 120 seconds left.\n|\n|t:|1781463935\n|move|p1a: Ambipom|Double-Edge|p2a: Arceus\n|-damage|p2a: Arceus|0 fnt\n|faint|p2a: Arceus\n|-damage|p1a: Ambipom|35/263|[from] Recoil\n|\n|upkeep\n|\n|t:|1781463939\n|switch|p2a: Regieleki|Regieleki, L79|256/256\n|turn|4\n|inactive|monomythic has 120 seconds left.\n|\n|t:|1781463950\n|switch|p1a: Mamoswine|Mamoswine, L81, M|311/311\n|move|p2a: Regieleki|Volt Switch|p1a: Mamoswine\n|-immune|p1a: Mamoswine\n|\n|upkeep\n|turn|5\n|inactive|monomythic has 120 seconds left.\n|\n|t:|1781463958\n|switch|p2a: Dondozo|Dondozo, L78, M|362/362\n|move|p1a: Mamoswine|Icicle Crash|p2a: Dondozo\n|-resisted|p2a: Dondozo\n|-damage|p2a: Dondozo|306/362\n|-damage|p1a: Mamoswine|280/311|[from] item: Life Orb\n|\n|-heal|p2a: Dondozo|328/362|[from] item: Leftovers\n|upkeep\n|turn|6\n|inactive|monomythic has 120 seconds left.\n|\n|t:|1781463973\n|move|p1a: Mamoswine|Stealth Rock|p2a: Dondozo\n|-sidestart|p2: OverthereStair|move: Stealth Rock\n|move|p2a: Dondozo|Wave Crash|p1a: Mamoswine\n|-supereffective|p1a: Mamoswine\n|-damage|p1a: Mamoswine|28/311\n|-damage|p2a: Dondozo|245/362|[from] Recoil\n|\n|-heal|p2a: Dondozo|267/362|[from] item: Leftovers\n|upkeep\n|turn|7\n|\n|t:|1781463978\n|move|p1a: Mamoswine|Earthquake|p2a: Dondozo\n|-damage|p2a: Dondozo|114/362\n|-damage|p1a: Mamoswine|0 fnt|[from] item: Life Orb\n|faint|p1a: Mamoswine\n|move|p2a: Dondozo|Rest|p2a: Dondozo\n|-status|p2a: Dondozo|slp|[from] move: Rest\n|-heal|p2a: Dondozo|362/362 slp|[silent]\n|\n|upkeep\n|\n|t:|1781463986\n|switch|p1a: Hatterene|Hatterene, L85, F|236/236\n|turn|8\n|\n|t:|1781463993\n|switch|p2a: Trevenant|Trevenant, L89, M|296/296\n|-damage|p2a: Trevenant|259/296|[from] Stealth Rock\n|move|p1a: Hatterene|Draining Kiss|p2a: Trevenant\n|-damage|p2a: Trevenant|190/296\n|\n|upkeep\n|turn|9\n|\n|t:|1781463999\n|switch|p1a: Braviary|Braviary, L85, M|309/309\n|move|p2a: Trevenant|Poltergeist|p1a: Braviary\n|-immune|p1a: Braviary\n|\n|upkeep\n|turn|10\n|\n|t:|1781464006\n|switch|p2a: Regieleki|Regieleki, L79|256/256\n|-damage|p2a: Regieleki|224/256|[from] Stealth Rock\n|move|p1a: Braviary|Close Combat|p2a: Regieleki\n|-damage|p2a: Regieleki|53/256\n|-unboost|p1a: Braviary|def|1\n|-unboost|p1a: Braviary|spd|1\n|\n|upkeep\n|turn|11\n|\n|t:|1781464017\n|switch|p1a: Cobalion|Cobalion, L80|277/277\n|move|p2a: Regieleki|Thunderbolt|p1a: Cobalion\n|-damage|p1a: Cobalion|108/277\n|\n|upkeep\n|turn|12\n|\n|t:|1781464022\n|move|p2a: Regieleki|Thunderbolt|p1a: Cobalion\n|-damage|p1a: Cobalion|0 fnt\n|faint|p1a: Cobalion\n|\n|upkeep\n|\n|t:|1781464024\n|switch|p1a: Ambipom|Ambipom, L84, M|35/263\n|turn|13\n|\n|t:|1781464033\n|switch|p2a: Charizard|Charizard, L85, F|271/271\n|move|p1a: Ambipom|Knock Off|p2a: Charizard\n|-damage|p2a: Charizard|198/271\n|-enditem|p2a: Charizard|Heavy-Duty Boots|[from] move: Knock Off|[of] p1a: Ambipom\n|\n|upkeep\n|turn|14\n|\n|t:|1781464043\n|switch|p1a: Braviary|Braviary, L85, M|309/309\n|move|p2a: Charizard|Flare Blitz|p1a: Braviary\n|-damage|p1a: Braviary|165/309\n|-damage|p2a: Charizard|150/271|[from] Recoil\n|\n|upkeep\n|turn|15\n|\n|t:|1781464050\n|move|p2a: Charizard|Swords Dance|p2a: Charizard\n|-boost|p2a: Charizard|atk|2\n|move|p1a: Braviary|Roost|p1a: Braviary\n|-heal|p1a: Braviary|309/309\n|-singleturn|p1a: Braviary|move: Roost\n|\n|upkeep\n|turn|16\n|\n|t:|1781464053\n|move|p2a: Charizard|Flare Blitz|p1a: Braviary\n|-damage|p1a: Braviary|27/309\n|-damage|p2a: Charizard|57/271|[from] Recoil\n|move|p1a: Braviary|Brave Bird|p2a: Charizard\n|-damage|p2a: Charizard|0 fnt\n|faint|p2a: Charizard\n|-damage|p1a: Braviary|8/309|[from] Recoil\n|\n|upkeep\n|\n|t:|1781464056\n|switch|p2a: Regieleki|Regieleki, L79|53/256\n|-damage|p2a: Regieleki|21/256|[from] Stealth Rock\n|turn|17\n|\n|t:|1781464060\n|move|p2a: Regieleki|Rapid Spin|p1a: Braviary\n|-damage|p1a: Braviary|0 fnt\n|-boost|p2a: Regieleki|spe|1\n|-sideend|p2: OverthereStair|Stealth Rock|[from] move: Rapid Spin|[of] p2a: Regieleki\n|faint|p1a: Braviary\n|\n|upkeep\n|\n|t:|1781464062\n|switch|p1a: Ambipom|Ambipom, L84, M|35/263\n|turn|18\n|\n|t:|1781464068\n|move|p1a: Ambipom|Fake Out|p2a: Regieleki\n|-damage|p2a: Regieleki|0 fnt\n|faint|p2a: Regieleki\n|\n|upkeep\n|\n|t:|1781464070\n|switch|p2a: Dondozo|Dondozo, L78, M|362/362 slp\n|turn|19\n|\n|t:|1781464074\n|move|p1a: Ambipom|Knock Off|p2a: Dondozo\n|-damage|p2a: Dondozo|299/362 slp\n|-enditem|p2a: Dondozo|Leftovers|[from] move: Knock Off|[of] p1a: Ambipom\n|cant|p2a: Dondozo|slp\n|move|p2a: Dondozo|Sleep Talk|p2a: Dondozo\n|move|p2a: Dondozo|Wave Crash|p1a: Ambipom|[from] move: Sleep Talk\n|-damage|p1a: Ambipom|0 fnt\n|faint|p1a: Ambipom\n|-damage|p2a: Dondozo|287/362 slp|[from] Recoil\n|\n|upkeep\n|\n|t:|1781464077\n|switch|p1a: Hatterene|Hatterene, L85, F|236/236\n|turn|20\n|\n|t:|1781464083\n|switch|p2a: Medicham|Medicham, L86, F|243/243\n|move|p1a: Hatterene|Mystical Fire|p2a: Medicham\n|-damage|p2a: Medicham|157/243\n|-unboost|p2a: Medicham|spa|1\n|\n|upkeep\n|turn|21\n|\n|t:|1781464087\n|-terastallize|p1a: Hatterene|Steel\n|move|p2a: Medicham|Trick|p1a: Hatterene\n|-activate|p2a: Medicham|move: Trick|[of] p1a: Hatterene\n|-item|p1a: Hatterene|Choice Scarf|[from] move: Trick\n|-item|p2a: Medicham|Leftovers|[from] move: Trick\n|move|p1a: Hatterene|Draining Kiss|p2a: Medicham\n|-supereffective|p2a: Medicham\n|-damage|p2a: Medicham|7/243\n|\n|-heal|p2a: Medicham|22/243|[from] item: Leftovers\n|upkeep\n|turn|22\n|\n|t:|1781464097\n|switch|p1a: Diancie|Diancie, L82|216/216\n|move|p2a: Medicham|Close Combat|p1a: Diancie\n|-damage|p1a: Diancie|92/216\n|-unboost|p2a: Medicham|def|1\n|-unboost|p2a: Medicham|spd|1\n|\n|-heal|p2a: Medicham|37/243|[from] item: Leftovers\n|-heal|p1a: Diancie|105/216|[from] item: Leftovers\n|upkeep\n|turn|23\n|\n|t:|1781464101\n|move|p2a: Medicham|Close Combat|p1a: Diancie\n|-damage|p1a: Diancie|0 fnt\n|-unboost|p2a: Medicham|def|1\n|-unboost|p2a: Medicham|spd|1\n|faint|p1a: Diancie\n|\n|-heal|p2a: Medicham|52/243|[from] item: Leftovers\n|upkeep\n|-message|monomythic forfeited.\n|\n|win|OverthereStair\n", "uploadtime": 1781463803, "views": 6, "formatid": "gen9randombattle", "rating": null, "private": 0, "password": null}