{"id": "gen9randombattle-2632018127", "format": "[Gen 9] Random Battle", "players": ["dfghjert", "luckystrike13"], "log": "|j|\u2606dfghjert\n|j|\u2606luckystrike13\n|t:|1781466481\n|gametype|singles\n|player|p1|dfghjert|lucas|1000\n|player|p2|luckystrike13|170|1000\n|gen|9\n|tier|[Gen 9] Random Battle\n|rated|\n|rule|Species Clause: Limit one of each Pok\u00e9mon\n|rule|HP Percentage Mod: HP is shown in percentages\n|rule|Sleep Clause Mod: Limit one foe put to sleep\n|rule|Illusion Level Mod: Illusion disguises the Pok\u00e9mon's true level\n|\n|t:|1781466481\n|teamsize|p1|6\n|teamsize|p2|6\n|start\n|switch|p1a: Skeledirge|Skeledirge, L79, M|294/294\n|switch|p2a: Persian|Persian-Alola, L86, F|252/252\n|turn|1\n|inactive|Battle timer is ON: inactive players will automatically lose when time's up. (requested by luckystrike13)\n|\n|t:|1781466500\n|switch|p1a: Zapdos|Zapdos-Galar, L77|265/265\n|move|p2a: Persian|Dark Pulse|p1a: Zapdos\n|-resisted|p1a: Zapdos\n|-damage|p1a: Zapdos|216/265\n|-damage|p2a: Persian|227/252|[from] item: Life Orb\n|\n|upkeep\n|turn|2\n|\n|t:|1781466512\n|switch|p2a: Rotom|Rotom-Fan, L86|226/226\n|move|p1a: Zapdos|Close Combat|p2a: Rotom\n|-resisted|p2a: Rotom\n|-damage|p2a: Rotom|169/226\n|-unboost|p1a: Zapdos|def|1\n|-unboost|p1a: Zapdos|spd|1\n|\n|upkeep\n|turn|3\n|\n|t:|1781466536\n|switch|p1a: Skeledirge|Skeledirge, L79, M|294/294\n|move|p2a: Rotom|Thunderbolt|p1a: Skeledirge\n|-damage|p1a: Skeledirge|177/294\n|\n|upkeep\n|turn|4\n|\n|t:|1781466553\n|move|p2a: Rotom|Thunderbolt|p1a: Skeledirge\n|-damage|p1a: Skeledirge|57/294\n|move|p1a: Skeledirge|Torch Song|p2a: Rotom\n|-damage|p2a: Rotom|93/226\n|-boost|p1a: Skeledirge|spa|1\n|\n|upkeep\n|turn|5\n|\n|t:|1781466560\n|move|p2a: Rotom|Thunderbolt|p1a: Skeledirge\n|-damage|p1a: Skeledirge|0 fnt\n|faint|p1a: Skeledirge\n|\n|upkeep\n|\n|t:|1781466565\n|switch|p1a: Articuno|Articuno-Galar, L84|288/288\n|turn|6\n|\n|t:|1781466574\n|move|p1a: Articuno|Calm Mind|p1a: Articuno\n|-boost|p1a: Articuno|spa|1\n|-boost|p1a: Articuno|spd|1\n|move|p2a: Rotom|Thunderbolt|p1a: Articuno\n|-supereffective|p1a: Articuno\n|-damage|p1a: Articuno|160/288\n|\n|upkeep\n|turn|7\n|\n|t:|1781466582\n|move|p1a: Articuno|Freezing Glare|p2a: Rotom\n|-damage|p2a: Rotom|0 fnt\n|faint|p2a: Rotom\n|\n|upkeep\n|\n|t:|1781466587\n|switch|p2a: Persian|Persian-Alola, L86, F|227/252\n|turn|8\n|\n|t:|1781466590\n|-terastallize|p1a: Articuno|Steel\n|move|p2a: Persian|Dark Pulse|p1a: Articuno\n|-damage|p1a: Articuno|104/288\n|-damage|p2a: Persian|202/252|[from] item: Life Orb\n|move|p1a: Articuno|Hurricane|p2a: Persian\n|-damage|p2a: Persian|0 fnt\n|faint|p2a: Persian\n|\n|upkeep\n|\n|t:|1781466617\n|switch|p2a: Hatterene|Hatterene, L85, F|236/236\n|turn|9\n|\n|t:|1781466624\n|move|p1a: Articuno|Recover|p1a: Articuno\n|-heal|p1a: Articuno|248/288\n|move|p2a: Hatterene|Mystical Fire|p1a: Articuno\n|-supereffective|p1a: Articuno\n|-damage|p1a: Articuno|152/288\n|-unboost|p1a: Articuno|spa|1\n|-ability|p1a: Articuno|Competitive|boost\n|-boost|p1a: Articuno|spa|2\n|\n|upkeep\n|turn|10\n|\n|t:|1781466630\n|move|p1a: Articuno|Hurricane|p2a: Hatterene\n|-damage|p2a: Hatterene|61/236\n|move|p2a: Hatterene|Mystical Fire|p1a: Articuno\n|-supereffective|p1a: Articuno\n|-damage|p1a: Articuno|72/288\n|-unboost|p1a: Articuno|spa|1\n|-ability|p1a: Articuno|Competitive|boost\n|-boost|p1a: Articuno|spa|2\n|\n|upkeep\n|turn|11\n|\n|t:|1781466637\n|move|p1a: Articuno|Freezing Glare|p2a: Hatterene\n|-resisted|p2a: Hatterene\n|-damage|p2a: Hatterene|0 fnt\n|faint|p2a: Hatterene\n|\n|upkeep\n|\n|t:|1781466650\n|switch|p2a: Hitmonlee|Hitmonlee, L85, M|224/224\n|turn|12\n|\n|t:|1781466653\n|move|p1a: Articuno|Freezing Glare|p2a: Hitmonlee\n|-supereffective|p2a: Hitmonlee\n|-damage|p2a: Hitmonlee|0 fnt\n|faint|p2a: Hitmonlee\n|\n|upkeep\n|\n|t:|1781466656\n|switch|p2a: Hitmontop|Hitmontop, L88, M|231/231\n|turn|13\n|\n|t:|1781466661\n|move|p1a: Articuno|Freezing Glare|p2a: Hitmontop\n|-supereffective|p2a: Hitmontop\n|-damage|p2a: Hitmontop|0 fnt\n|faint|p2a: Hitmontop\n|\n|upkeep\n|\n|t:|1781466664\n|switch|p2a: Jumpluff|Jumpluff, L87, M|271/271\n|turn|14\n|\n|t:|1781466667\n|move|p2a: Jumpluff|Sleep Powder|p1a: Articuno\n|-status|p1a: Articuno|slp|[from] move: Sleep Powder\n|cant|p1a: Articuno|slp\n|\n|upkeep\n|turn|15\n|\n|t:|1781466676\n|switch|p1a: Zapdos|Zapdos-Galar, L77|216/265\n|move|p2a: Jumpluff|Acrobatics|p1a: Zapdos\n|-supereffective|p1a: Zapdos\n|-damage|p1a: Zapdos|48/265\n|\n|upkeep\n|turn|16\n|\n|t:|1781466680\n|move|p1a: Zapdos|Brave Bird|p2a: Jumpluff\n|-supereffective|p2a: Jumpluff\n|-damage|p2a: Jumpluff|0 fnt\n|faint|p2a: Jumpluff\n|-damage|p1a: Zapdos|0 fnt|[from] Recoil\n|faint|p1a: Zapdos\n|\n|win|dfghjert\n|raw|dfghjert's rating: 1000 &rarr; <strong>1040</strong><br />(+40 for winning)\n|raw|luckystrike13's rating: 1000 &rarr; <strong>1000</strong><br />(+0 for losing)\n", "uploadtime": 1781466682, "views": 4, "formatid": "gen9randombattle", "rating": 1000, "private": 0, "password": null}