{"id": "gen9randombattle-2631846872", "format": "[Gen 9] Random Battle", "players": ["Chase McDude", "mizigi"], "log": "|j|\u2606Chase McDude\n|j|\u2606mizigi\n|t:|1781447592\n|gametype|singles\n|player|p1|Chase McDude|swimmer-gen1|1542\n|player|p2|mizigi|winona|1526\n|gen|9\n|tier|[Gen 9] Random Battle\n|rated|\n|rule|Species Clause: Limit one of each Pok\u00e9mon\n|rule|HP Percentage Mod: HP is shown in percentages\n|rule|Sleep Clause Mod: Limit one foe put to sleep\n|rule|Illusion Level Mod: Illusion disguises the Pok\u00e9mon's true level\n|\n|t:|1781447592\n|teamsize|p1|6\n|teamsize|p2|6\n|start\n|switch|p1a: Lilligant|Lilligant, L86, F|261/261\n|switch|p2a: Meowscarada|Meowscarada, L78, F|247/247\n|turn|1\n|inactive|Battle timer is ON: inactive players will automatically lose when time's up. (requested by mizigi)\n|inactive|Chase McDude also wants the timer to be on.\n|\n|t:|1781447601\n|switch|p1a: Incineroar|Incineroar, L82, M|290/290\n|-ability|p1a: Incineroar|Intimidate|boost\n|-unboost|p2a: Meowscarada|atk|1\n|move|p2a: Meowscarada|U-turn|p1a: Incineroar\n|-start|p2a: Meowscarada|typechange|Bug|[from] ability: Protean\n|-damage|p1a: Incineroar|242/290\n|\n|t:|1781447614\n|switch|p2a: Lycanroc|Lycanroc, L86, M|269/269|[from] U-turn\n|\n|upkeep\n|turn|2\n|\n|t:|1781447618\n|switch|p1a: Appletun|Appletun, L92, M|352/352\n|move|p2a: Lycanroc|Stone Edge|p1a: Appletun\n|-damage|p1a: Appletun|183/352\n|-damage|p2a: Lycanroc|243/269|[from] item: Life Orb\n|\n|-heal|p1a: Appletun|205/352|[from] item: Leftovers\n|upkeep\n|turn|3\n|\n|t:|1781447627\n|switch|p2a: Weezing|Weezing-Galar, L86, F|252/252\n|move|p1a: Appletun|Recover|p1a: Appletun\n|-heal|p1a: Appletun|352/352\n|\n|upkeep\n|turn|4\n|\n|t:|1781447635\n|switch|p1a: Komala|Komala, L88, M|258/258\n|-ability|p1a: Komala|Comatose\n|move|p2a: Weezing|Gunk Shot|p1a: Komala\n|-damage|p1a: Komala|116/258\n|\n|upkeep\n|turn|5\n|\n|t:|1781447656\n|move|p1a: Komala|U-turn|p2a: Weezing\n|-resisted|p2a: Weezing\n|-damage|p2a: Weezing|241/252\n|\n|t:|1781447657\n|switch|p1a: Lapras|Lapras, L87, M|368/368|[from] U-turn\n|move|p2a: Weezing|Gunk Shot|p1a: Lapras\n|-damage|p1a: Lapras|248/368\n|-status|p1a: Lapras|psn\n|\n|-heal|p2a: Weezing|252/252|[from] item: Leftovers\n|-damage|p1a: Lapras|202/368 psn|[from] psn\n|upkeep\n|turn|6\n|\n|t:|1781447669\n|move|p1a: Lapras|Rest|p1a: Lapras\n|-status|p1a: Lapras|slp|[from] move: Rest\n|-heal|p1a: Lapras|368/368 slp|[silent]\n|move|p2a: Weezing|Strange Steam|p1a: Lapras\n|-damage|p1a: Lapras|283/368 slp\n|\n|upkeep\n|turn|7\n|\n|t:|1781447682\n|switch|p2a: Meowscarada|Meowscarada, L78, F|247/247\n|cant|p1a: Lapras|slp\n|move|p1a: Lapras|Sleep Talk|p1a: Lapras\n|move|p1a: Lapras|Rest||[from] move: Sleep Talk|[still]\n|-fail|p1a: Lapras\n|\n|upkeep\n|turn|8\n|\n|t:|1781447693\n|switch|p1a: Appletun|Appletun, L92, M|352/352\n|move|p2a: Meowscarada|Toxic Spikes|p1a: Appletun\n|-start|p2a: Meowscarada|typechange|Poison|[from] ability: Protean\n|-sidestart|p1: Chase McDude|move: Toxic Spikes\n|\n|upkeep\n|turn|9\n|\n|t:|1781447708\n|move|p2a: Meowscarada|U-turn|p1a: Appletun\n|-supereffective|p1a: Appletun\n|-damage|p1a: Appletun|262/352\n|\n|t:|1781447712\n|switch|p2a: Weezing|Weezing-Galar, L86, F|252/252|[from] U-turn\n|move|p1a: Appletun|Apple Acid|p2a: Weezing\n|-resisted|p2a: Weezing\n|-damage|p2a: Weezing|197/252\n|-unboost|p2a: Weezing|spd|1\n|\n|-heal|p2a: Weezing|212/252|[from] item: Leftovers\n|-heal|p1a: Appletun|284/352|[from] item: Leftovers\n|upkeep\n|turn|10\n|\n|t:|1781447718\n|move|p2a: Weezing|Gunk Shot|p1a: Appletun\n|-supereffective|p1a: Appletun\n|-damage|p1a: Appletun|56/352\n|move|p1a: Appletun|Leech Seed|p2a: Weezing|[miss]\n|-miss|p1a: Appletun|p2a: Weezing\n|\n|-heal|p2a: Weezing|227/252|[from] item: Leftovers\n|-heal|p1a: Appletun|78/352|[from] item: Leftovers\n|upkeep\n|turn|11\n|\n|t:|1781447725\n|switch|p1a: Lapras|Lapras, L87, M|283/368 slp\n|move|p2a: Weezing|Strange Steam|p1a: Lapras\n|-damage|p1a: Lapras|204/368 slp\n|\n|-heal|p2a: Weezing|242/252|[from] item: Leftovers\n|upkeep\n|turn|12\n|\n|t:|1781447730\n|cant|p1a: Lapras|slp\n|move|p1a: Lapras|Sleep Talk|p1a: Lapras\n|move|p1a: Lapras|Sparkling Aria|p2a: Weezing|[from] move: Sleep Talk\n|-damage|p2a: Weezing|77/252\n|move|p2a: Weezing|Gunk Shot|p1a: Lapras|[miss]\n|-miss|p2a: Weezing|p1a: Lapras\n|\n|-heal|p2a: Weezing|92/252|[from] item: Leftovers\n|upkeep\n|turn|13\n|\n|t:|1781447741\n|switch|p2a: Meowscarada|Meowscarada, L78, F|247/247\n|-curestatus|p1a: Lapras|slp|[msg]\n|move|p1a: Lapras|Freeze-Dry|p2a: Meowscarada\n|-supereffective|p2a: Meowscarada\n|-damage|p2a: Meowscarada|61/247\n|\n|upkeep\n|turn|14\n|\n|t:|1781447751\n|move|p2a: Meowscarada|Flower Trick|p1a: Lapras\n|-start|p2a: Meowscarada|typechange|Grass|[from] ability: Protean\n|-supereffective|p1a: Lapras\n|-crit|p1a: Lapras\n|-damage|p1a: Lapras|0 fnt\n|faint|p1a: Lapras\n|\n|upkeep\n|\n|t:|1781447758\n|switch|p1a: Incineroar|Incineroar, L82, M|242/290\n|-status|p1a: Incineroar|psn\n|-ability|p1a: Incineroar|Intimidate|boost\n|-unboost|p2a: Meowscarada|atk|1\n|turn|15\n|\n|t:|1781447762\n|move|p2a: Meowscarada|U-turn|p1a: Incineroar\n|-damage|p1a: Incineroar|209/290 psn\n|\n|t:|1781447769\n|switch|p2a: Weezing|Weezing-Galar, L86, F|92/252|[from] U-turn\n|move|p1a: Incineroar|Close Combat|p2a: Weezing\n|-resisted|p2a: Weezing\n|-damage|p2a: Weezing|75/252\n|-unboost|p1a: Incineroar|def|1\n|-unboost|p1a: Incineroar|spd|1\n|\n|-heal|p2a: Weezing|90/252|[from] item: Leftovers\n|-damage|p1a: Incineroar|173/290 psn|[from] psn\n|upkeep\n|turn|16\n|\n|t:|1781447775\n|switch|p1a: Appletun|Appletun, L92, M|78/352\n|-status|p1a: Appletun|psn\n|move|p2a: Weezing|Gunk Shot|p1a: Appletun\n|-supereffective|p1a: Appletun\n|-damage|p1a: Appletun|0 fnt\n|faint|p1a: Appletun\n|\n|-heal|p2a: Weezing|105/252|[from] item: Leftovers\n|upkeep\n|\n|t:|1781447778\n|switch|p1a: Komala|Komala, L88, M|116/258\n|-ability|p1a: Komala|Comatose\n|turn|17\n|\n|t:|1781447781\n|move|p1a: Komala|Rapid Spin|p2a: Weezing\n|-damage|p2a: Weezing|51/252\n|-boost|p1a: Komala|spe|1\n|-sideend|p1: Chase McDude|Toxic Spikes|[from] move: Rapid Spin|[of] p1a: Komala\n|move|p2a: Weezing|Gunk Shot|p1a: Komala|[miss]\n|-miss|p2a: Weezing|p1a: Komala\n|\n|-heal|p2a: Weezing|66/252|[from] item: Leftovers\n|upkeep\n|turn|18\n|n|!Chase McDude|chasemcdude\n|\n|t:|1781447791\n|move|p1a: Komala|Body Slam|p2a: Weezing\n|-damage|p2a: Weezing|0 fnt\n|faint|p2a: Weezing\n|\n|upkeep\n|\n|t:|1781447801\n|switch|p2a: Lycanroc|Lycanroc, L86, M|243/269\n|turn|19\n|\n|t:|1781447810\n|move|p1a: Komala|Knock Off|p2a: Lycanroc\n|-crit|p2a: Lycanroc\n|-damage|p2a: Lycanroc|76/269\n|-enditem|p2a: Lycanroc|Life Orb|[from] move: Knock Off|[of] p1a: Komala\n|move|p2a: Lycanroc|Stone Edge|p1a: Komala\n|-damage|p1a: Komala|0 fnt\n|faint|p1a: Komala\n|\n|upkeep\n|\n|t:|1781447819\n|switch|p1a: Lilligant|Lilligant, L86, F|261/261\n|turn|20\n|\n|t:|1781447826\n|move|p2a: Lycanroc|Taunt|p1a: Lilligant\n|-start|p1a: Lilligant|move: Taunt\n|cant|p1a: Lilligant|move: Taunt|Quiver Dance\n|\n|upkeep\n|turn|21\n|\n|t:|1781447829\n|switch|p1a: Incineroar|Incineroar, L82, M|173/290 psn\n|-ability|p1a: Incineroar|Intimidate|boost\n|-unboost|p2a: Lycanroc|atk|1\n|move|p2a: Lycanroc|Stone Edge|p1a: Incineroar\n|-supereffective|p1a: Incineroar\n|-damage|p1a: Incineroar|0 fnt\n|faint|p1a: Incineroar\n|\n|upkeep\n|\n|t:|1781447832\n|switch|p1a: Lilligant|Lilligant, L86, F|261/261\n|turn|22\n|\n|t:|1781447836\n|move|p2a: Lycanroc|Taunt|p1a: Lilligant\n|-start|p1a: Lilligant|move: Taunt\n|move|p1a: Lilligant|Giga Drain|p2a: Lycanroc\n|-supereffective|p2a: Lycanroc\n|-damage|p2a: Lycanroc|0 fnt\n|faint|p2a: Lycanroc\n|-damage|p1a: Lilligant|235/261|[from] item: Life Orb\n|\n|upkeep\n|\n|t:|1781447842\n|switch|p2a: Meowscarada|Meowscarada, L78, F|61/247\n|turn|23\n|\n|t:|1781447856\n|switch|p1a: Sylveon|Sylveon, L85, F|300/300\n|move|p2a: Meowscarada|U-turn|p1a: Sylveon\n|-start|p2a: Meowscarada|typechange|Bug|[from] ability: Protean\n|-resisted|p1a: Sylveon\n|-damage|p1a: Sylveon|252/300\n|\n|t:|1781447872\n|switch|p2a: Chimecho|Chimecho, L93, M|290/290|[from] U-turn\n|\n|-heal|p1a: Sylveon|270/300|[from] item: Leftovers\n|upkeep\n|turn|24\n|\n|t:|1781447896\n|move|p2a: Chimecho|Cosmic Power|p2a: Chimecho\n|-boost|p2a: Chimecho|def|1\n|-boost|p2a: Chimecho|spd|1\n|move|p1a: Sylveon|Calm Mind|p1a: Sylveon\n|-boost|p1a: Sylveon|spa|1\n|-boost|p1a: Sylveon|spd|1\n|\n|-heal|p1a: Sylveon|288/300|[from] item: Leftovers\n|upkeep\n|turn|25\n|\n|t:|1781447900\n|move|p2a: Chimecho|Cosmic Power|p2a: Chimecho\n|-boost|p2a: Chimecho|def|1\n|-boost|p2a: Chimecho|spd|1\n|move|p1a: Sylveon|Calm Mind|p1a: Sylveon\n|-boost|p1a: Sylveon|spa|1\n|-boost|p1a: Sylveon|spd|1\n|\n|-heal|p1a: Sylveon|300/300|[from] item: Leftovers\n|upkeep\n|turn|26\n|\n|t:|1781447902\n|move|p2a: Chimecho|Cosmic Power|p2a: Chimecho\n|-boost|p2a: Chimecho|def|1\n|-boost|p2a: Chimecho|spd|1\n|move|p1a: Sylveon|Calm Mind|p1a: Sylveon\n|-boost|p1a: Sylveon|spa|1\n|-boost|p1a: Sylveon|spd|1\n|\n|upkeep\n|turn|27\n|\n|t:|1781447903\n|move|p2a: Chimecho|Cosmic Power|p2a: Chimecho\n|-boost|p2a: Chimecho|def|1\n|-boost|p2a: Chimecho|spd|1\n|move|p1a: Sylveon|Calm Mind|p1a: Sylveon\n|-boost|p1a: Sylveon|spa|1\n|-boost|p1a: Sylveon|spd|1\n|\n|upkeep\n|turn|28\n|\n|t:|1781447909\n|move|p2a: Chimecho|Cosmic Power|p2a: Chimecho\n|-boost|p2a: Chimecho|def|1\n|-boost|p2a: Chimecho|spd|1\n|move|p1a: Sylveon|Calm Mind|p1a: Sylveon\n|-boost|p1a: Sylveon|spa|1\n|-boost|p1a: Sylveon|spd|1\n|\n|upkeep\n|turn|29\n|\n|t:|1781447911\n|move|p2a: Chimecho|Cosmic Power|p2a: Chimecho\n|-boost|p2a: Chimecho|def|1\n|-boost|p2a: Chimecho|spd|1\n|move|p1a: Sylveon|Calm Mind|p1a: Sylveon\n|-boost|p1a: Sylveon|spa|1\n|-boost|p1a: Sylveon|spd|1\n|\n|upkeep\n|turn|30\n|\n|t:|1781447913\n|move|p2a: Chimecho|Stored Power|p1a: Sylveon\n|-damage|p1a: Sylveon|240/300\n|move|p1a: Sylveon|Hyper Voice|p2a: Chimecho\n|-damage|p2a: Chimecho|170/290\n|\n|-heal|p2a: Chimecho|188/290|[from] item: Leftovers\n|-heal|p1a: Sylveon|258/300|[from] item: Leftovers\n|upkeep\n|turn|31\n|\n|t:|1781447918\n|-terastallize|p2a: Chimecho|Steel\n|move|p2a: Chimecho|Stored Power|p1a: Sylveon\n|-damage|p1a: Sylveon|201/300\n|move|p1a: Sylveon|Hyper Voice|p2a: Chimecho\n|-resisted|p2a: Chimecho\n|-damage|p2a: Chimecho|134/290\n|\n|-heal|p2a: Chimecho|152/290|[from] item: Leftovers\n|-heal|p1a: Sylveon|219/300|[from] item: Leftovers\n|upkeep\n|turn|32\n|\n|t:|1781447924\n|move|p2a: Chimecho|Stored Power|p1a: Sylveon\n|-damage|p1a: Sylveon|153/300\n|move|p1a: Sylveon|Hyper Voice|p2a: Chimecho\n|-resisted|p2a: Chimecho\n|-damage|p2a: Chimecho|98/290\n|\n|-heal|p2a: Chimecho|116/290|[from] item: Leftovers\n|-heal|p1a: Sylveon|171/300|[from] item: Leftovers\n|upkeep\n|turn|33\n|\n|t:|1781447928\n|move|p2a: Chimecho|Recover|p2a: Chimecho\n|-heal|p2a: Chimecho|261/290\n|move|p1a: Sylveon|Wish|p1a: Sylveon\n|\n|-heal|p2a: Chimecho|279/290|[from] item: Leftovers\n|-heal|p1a: Sylveon|189/300|[from] item: Leftovers\n|upkeep\n|turn|34\n|\n|t:|1781447935\n|move|p1a: Sylveon|Protect|p1a: Sylveon\n|-singleturn|p1a: Sylveon|Protect\n|move|p2a: Chimecho|Stored Power|p1a: Sylveon\n|-activate|p1a: Sylveon|move: Protect\n|\n|-heal|p1a: Sylveon|300/300|[from] move: Wish|[wisher] Sylveon\n|-heal|p2a: Chimecho|290/290|[from] item: Leftovers\n|upkeep\n|turn|35\n|\n|t:|1781447940\n|move|p2a: Chimecho|Stored Power|p1a: Sylveon\n|-damage|p1a: Sylveon|239/300\n|move|p1a: Sylveon|Hyper Voice|p2a: Chimecho\n|-resisted|p2a: Chimecho\n|-damage|p2a: Chimecho|233/290\n|\n|-heal|p2a: Chimecho|251/290|[from] item: Leftovers\n|-heal|p1a: Sylveon|257/300|[from] item: Leftovers\n|upkeep\n|turn|36\n|\n|t:|1781447944\n|move|p1a: Sylveon|Protect|p1a: Sylveon\n|-singleturn|p1a: Sylveon|Protect\n|move|p2a: Chimecho|Stored Power|p1a: Sylveon\n|-activate|p1a: Sylveon|move: Protect\n|\n|-heal|p2a: Chimecho|269/290|[from] item: Leftovers\n|-heal|p1a: Sylveon|275/300|[from] item: Leftovers\n|upkeep\n|turn|37\n|\n|t:|1781447955\n|move|p2a: Chimecho|Dazzling Gleam|p1a: Sylveon\n|-damage|p1a: Sylveon|262/300\n|move|p1a: Sylveon|Calm Mind|p1a: Sylveon\n|-boost|p1a: Sylveon|spa|0\n|-boost|p1a: Sylveon|spd|0\n|\n|-heal|p2a: Chimecho|287/290|[from] item: Leftovers\n|-heal|p1a: Sylveon|280/300|[from] item: Leftovers\n|upkeep\n|turn|38\n|\n|t:|1781447972\n|move|p2a: Chimecho|Dazzling Gleam|p1a: Sylveon\n|-damage|p1a: Sylveon|267/300\n|move|p1a: Sylveon|Wish|p1a: Sylveon\n|\n|-heal|p2a: Chimecho|290/290|[from] item: Leftovers\n|-heal|p1a: Sylveon|285/300|[from] item: Leftovers\n|upkeep\n|turn|39\n|\n|t:|1781447977\n|move|p2a: Chimecho|Dazzling Gleam|p1a: Sylveon\n|-damage|p1a: Sylveon|271/300\n|move|p1a: Sylveon|Calm Mind|p1a: Sylveon\n|-boost|p1a: Sylveon|spa|0\n|-boost|p1a: Sylveon|spd|0\n|\n|-heal|p1a: Sylveon|300/300|[from] move: Wish|[wisher] Sylveon\n|upkeep\n|turn|40\n|\n|t:|1781447980\n|switch|p2a: Meowscarada|Meowscarada, L78, F|61/247\n|move|p1a: Sylveon|Protect||[still]\n|-fail|p1a: Sylveon\n|\n|upkeep\n|turn|41\n|\n|t:|1781447984\n|move|p2a: Meowscarada|Flower Trick|p1a: Sylveon\n|-start|p2a: Meowscarada|typechange|Grass|[from] ability: Protean\n|-crit|p1a: Sylveon\n|-damage|p1a: Sylveon|159/300\n|move|p1a: Sylveon|Hyper Voice|p2a: Meowscarada\n|-damage|p2a: Meowscarada|0 fnt\n|faint|p2a: Meowscarada\n|\n|-heal|p1a: Sylveon|177/300|[from] item: Leftovers\n|upkeep\n|\n|t:|1781447990\n|switch|p2a: Cloyster|Cloyster, L80, F|211/211\n|turn|42\n|\n|t:|1781447996\n|-terastallize|p1a: Sylveon|Steel\n|move|p2a: Cloyster|Icicle Spear|p1a: Sylveon\n|-resisted|p1a: Sylveon\n|-damage|p1a: Sylveon|162/300\n|-resisted|p1a: Sylveon\n|-damage|p1a: Sylveon|148/300\n|-resisted|p1a: Sylveon\n|-damage|p1a: Sylveon|133/300\n|-resisted|p1a: Sylveon\n|-damage|p1a: Sylveon|116/300\n|-resisted|p1a: Sylveon\n|-damage|p1a: Sylveon|100/300\n|-hitcount|p1a: Sylveon|5\n|move|p1a: Sylveon|Hyper Voice|p2a: Cloyster\n|-damage|p2a: Cloyster|0 fnt\n|faint|p2a: Cloyster\n|\n|-heal|p1a: Sylveon|118/300|[from] item: Leftovers\n|upkeep\n|\n|t:|1781448001\n|switch|p2a: Decidueye|Decidueye, L88, M|281/281\n|turn|43\n|\n|t:|1781448005\n|move|p2a: Decidueye|Spirit Shackle|p1a: Sylveon\n|-damage|p1a: Sylveon|0 fnt\n|faint|p1a: Sylveon\n|\n|upkeep\n|\n|t:|1781448007\n|switch|p1a: Lilligant|Lilligant, L86, F|235/261\n|turn|44\n|\n|t:|1781448017\n|move|p1a: Lilligant|Quiver Dance|p1a: Lilligant\n|-boost|p1a: Lilligant|spa|1\n|-boost|p1a: Lilligant|spd|1\n|-boost|p1a: Lilligant|spe|1\n|move|p2a: Decidueye|Spirit Shackle|p1a: Lilligant\n|-damage|p1a: Lilligant|121/261\n|-activate|p1a: Lilligant|trapped\n|\n|upkeep\n|turn|45\n|\n|t:|1781448023\n|move|p1a: Lilligant|Giga Drain|p2a: Decidueye\n|-resisted|p2a: Decidueye\n|-damage|p2a: Decidueye|199/281\n|-heal|p1a: Lilligant|162/261|[from] drain|[of] p2a: Decidueye\n|-damage|p1a: Lilligant|136/261|[from] item: Life Orb\n|move|p2a: Decidueye|Spirit Shackle|p1a: Lilligant\n|-damage|p1a: Lilligant|31/261\n|\n|upkeep\n|turn|46\n|\n|t:|1781448026\n|move|p1a: Lilligant|Giga Drain|p2a: Decidueye\n|-resisted|p2a: Decidueye\n|-damage|p2a: Decidueye|125/281\n|-heal|p1a: Lilligant|68/261|[from] drain|[of] p2a: Decidueye\n|-damage|p1a: Lilligant|42/261|[from] item: Life Orb\n|move|p2a: Decidueye|Spirit Shackle|p1a: Lilligant\n|-damage|p1a: Lilligant|0 fnt\n|faint|p1a: Lilligant\n|\n|win|mizigi\n", "uploadtime": 1781447790, "views": 2, "formatid": "gen9randombattle", "rating": null, "private": 0, "password": null}