{"id": "gen9randombattle-2631865278", "format": "[Gen 9] Random Battle", "players": ["Daruma", "MakotoV7"], "log": "|j|\u2606Daruma\n|j|\u2606MakotoV7\n|t:|1781449719\n|gametype|singles\n|player|p1|Daruma|#ruplixsleekslushrushers|2148\n|player|p2|MakotoV7|steven|2150\n|gen|9\n|tier|[Gen 9] Random Battle\n|rated|\n|rule|Species Clause: Limit one of each Pok\u00e9mon\n|rule|HP Percentage Mod: HP is shown in percentages\n|rule|Sleep Clause Mod: Limit one foe put to sleep\n|rule|Illusion Level Mod: Illusion disguises the Pok\u00e9mon's true level\n|\n|t:|1781449719\n|teamsize|p1|6\n|teamsize|p2|6\n|start\n|switch|p1a: Azelf|Azelf, L82|257/257\n|switch|p2a: Porygon2|Porygon2, L81|270/270\n|-ability|p2a: Porygon2|Download|boost\n|-boost|p2a: Porygon2|spa|1\n|turn|1\n|inactive|Battle timer is ON: inactive players will automatically lose when time's up. (requested by MakotoV7)\n|\n|t:|1781449725\n|switch|p1a: Blissey|Blissey, L85, F|572/572\n|move|p2a: Porygon2|Thunder Wave|p1a: Blissey\n|-status|p1a: Blissey|par\n|\n|upkeep\n|turn|2\n|\n|t:|1781449728\n|switch|p2a: Bellibolt|Bellibolt, L84, M|320/320\n|move|p1a: Blissey|Stealth Rock|p2a: Bellibolt\n|-sidestart|p2: MakotoV7|move: Stealth Rock\n|\n|upkeep\n|turn|3\n|\n|t:|1781449733\n|move|p2a: Bellibolt|Volt Switch|p1a: Blissey\n|-damage|p1a: Blissey|518/572 par\n|\n|t:|1781449738\n|switch|p2a: Metagross|Metagross, L79|256/256|[from] Volt Switch\n|-damage|p2a: Metagross|240/256|[from] Stealth Rock\n|cant|p1a: Blissey|par\n|\n|-heal|p1a: Blissey|553/572 par|[from] item: Leftovers\n|upkeep\n|turn|4\n|\n|t:|1781449744\n|-curestatus|p1a: Blissey|par|[from] ability: Natural Cure|[silent]\n|switch|p1a: Hitmonchan|Hitmonchan, L87, M|229/229\n|move|p2a: Metagross|Heavy Slam|p1a: Hitmonchan\n|-damage|p1a: Hitmonchan|82/229\n|\n|-heal|p1a: Hitmonchan|96/229|[from] item: Leftovers\n|upkeep\n|turn|5\n|\n|t:|1781449751\n|move|p1a: Hitmonchan|Knock Off|p2a: Metagross\n|-supereffective|p2a: Metagross\n|-crit|p2a: Metagross\n|-damage|p2a: Metagross|64/256\n|-enditem|p2a: Metagross|Weakness Policy\n|-boost|p2a: Metagross|atk|2|[from] item: Weakness Policy\n|-boost|p2a: Metagross|spa|2|[from] item: Weakness Policy\n|move|p2a: Metagross|Agility|p2a: Metagross\n|-boost|p2a: Metagross|spe|2\n|\n|-heal|p1a: Hitmonchan|110/229|[from] item: Leftovers\n|upkeep\n|turn|6\n|c|\u2606Daruma|i clicked twave on this btw\n|-message|Daruma forfeited.\n|\n|win|MakotoV7\n|raw|Daruma's rating: 2148 &rarr; <strong>2128</strong><br />(-20 for losing)\n|raw|MakotoV7's rating: 2150 &rarr; <strong>2170</strong><br />(+20 for winning)\n", "uploadtime": 1781449720, "views": 4, "formatid": "gen9randombattle", "rating": 2128, "private": 0, "password": null}