{"id": "gen9randombattle-2631455697", "format": "[Gen 9] Random Battle", "players": ["awaangawa", "Zabalilla"], "log": "|j|\u2606awaangawa\n|j|\u2606Zabalilla\n|t:|1781386821\n|gametype|singles\n|player|p1|awaangawa|265|1956\n|player|p2|Zabalilla|170|1936\n|gen|9\n|tier|[Gen 9] Random Battle\n|rated|\n|rule|Species Clause: Limit one of each Pok\u00e9mon\n|rule|HP Percentage Mod: HP is shown in percentages\n|rule|Sleep Clause Mod: Limit one foe put to sleep\n|rule|Illusion Level Mod: Illusion disguises the Pok\u00e9mon's true level\n|\n|t:|1781386821\n|teamsize|p1|6\n|teamsize|p2|6\n|start\n|switch|p1a: Vigoroth|Vigoroth, L85, M|275/275\n|switch|p2a: Espeon|Espeon, L84, F|246/246\n|turn|1\n|inactive|Battle timer is ON: inactive players will automatically lose when time's up. (requested by awaangawa)\n|\n|t:|1781386830\n|switch|p2a: Magmortar|Magmortar, L88, F|275/275\n|move|p1a: Vigoroth|Body Slam|p2a: Magmortar\n|-damage|p2a: Magmortar|187/275\n|-status|p1a: Vigoroth|brn|[from] ability: Flame Body|[of] p2a: Magmortar\n|\n|-damage|p1a: Vigoroth|258/275 brn|[from] brn\n|upkeep\n|turn|2\n|\n|t:|1781386846\n|switch|p1a: Slowbro|Slowbro, L85, M|300/300\n|move|p2a: Magmortar|Focus Blast|p1a: Slowbro|[miss]\n|-miss|p2a: Magmortar|p1a: Slowbro\n|\n|upkeep\n|turn|3\n|\n|t:|1781386865\n|switch|p1a: Vigoroth|Vigoroth, L85, M|258/275 brn\n|move|p2a: Magmortar|Thunderbolt|p1a: Vigoroth\n|-damage|p1a: Vigoroth|177/275 brn\n|\n|-damage|p1a: Vigoroth|160/275 brn|[from] brn\n|upkeep\n|turn|4\n|\n|t:|1781386875\n|move|p1a: Vigoroth|Body Slam|p2a: Magmortar\n|-damage|p2a: Magmortar|142/275\n|move|p2a: Magmortar|Focus Blast|p1a: Vigoroth|[miss]\n|-miss|p2a: Magmortar|p1a: Vigoroth\n|\n|-damage|p1a: Vigoroth|143/275 brn|[from] brn\n|upkeep\n|turn|5\n|\n|t:|1781386884\n|move|p1a: Vigoroth|Body Slam|p2a: Magmortar\n|-damage|p2a: Magmortar|93/275\n|move|p2a: Magmortar|Focus Blast|p1a: Vigoroth|[miss]\n|-miss|p2a: Magmortar|p1a: Vigoroth\n|\n|-damage|p1a: Vigoroth|126/275 brn|[from] brn\n|upkeep\n|turn|6\n|\n|t:|1781386893\n|move|p1a: Vigoroth|Body Slam|p2a: Magmortar\n|-damage|p2a: Magmortar|46/275\n|move|p2a: Magmortar|Focus Blast|p1a: Vigoroth\n|-supereffective|p1a: Vigoroth\n|-damage|p1a: Vigoroth|0 fnt\n|faint|p1a: Vigoroth\n|\n|upkeep\n|c|\u2606Zabalilla|..\n|\n|t:|1781386913\n|switch|p1a: Slowbro|Slowbro, L85, M|300/300\n|turn|7\n|\n|t:|1781386915\n|move|p2a: Magmortar|Thunderbolt|p1a: Slowbro\n|-supereffective|p1a: Slowbro\n|-damage|p1a: Slowbro|188/300\n|move|p1a: Slowbro|Scald|p2a: Magmortar\n|-supereffective|p2a: Magmortar\n|-damage|p2a: Magmortar|0 fnt\n|faint|p2a: Magmortar\n|\n|upkeep\n|\n|t:|1781386923\n|switch|p2a: Lumineon|Lumineon, L93, F|279/279\n|turn|8\n|\n|t:|1781386931\n|switch|p1a: Houndstone|Houndstone, L86, M|264/264\n|move|p2a: Lumineon|Alluring Voice|p1a: Houndstone\n|-damage|p1a: Houndstone|219/264\n|-damage|p2a: Lumineon|252/279|[from] item: Life Orb\n|\n|upkeep\n|turn|9\n|\n|t:|1781386939\n|move|p2a: Lumineon|Hydro Pump|p1a: Houndstone\n|-damage|p1a: Houndstone|128/264\n|-damage|p2a: Lumineon|225/279|[from] item: Life Orb\n|move|p1a: Houndstone|Poltergeist|p2a: Lumineon\n|-activate|p2a: Lumineon|move: Poltergeist|Life Orb\n|-damage|p2a: Lumineon|102/279\n|\n|upkeep\n|turn|10\n|\n|t:|1781386950\n|move|p2a: Lumineon|Hydro Pump|p1a: Houndstone\n|-damage|p1a: Houndstone|45/264\n|-damage|p2a: Lumineon|75/279|[from] item: Life Orb\n|move|p1a: Houndstone|Body Press|p2a: Lumineon\n|-damage|p2a: Lumineon|17/279\n|\n|upkeep\n|turn|11\n|\n|t:|1781386957\n|move|p1a: Houndstone|Shadow Sneak|p2a: Lumineon\n|-damage|p2a: Lumineon|0 fnt\n|faint|p2a: Lumineon\n|\n|upkeep\n|\n|t:|1781386959\n|switch|p2a: Golduck|Golduck, L90, M|290/290\n|-ability|p2a: Golduck|Cloud Nine\n|turn|12\n|\n|t:|1781386973\n|move|p2a: Golduck|Ice Beam|p1a: Houndstone\n|-damage|p1a: Houndstone|0 fnt\n|faint|p1a: Houndstone\n|-damage|p2a: Golduck|261/290|[from] item: Life Orb\n|\n|upkeep\n|\n|t:|1781386976\n|switch|p1a: Slowbro|Slowbro, L85, M|288/300\n|turn|13\n|\n|t:|1781386979\n|move|p2a: Golduck|Nasty Plot|p2a: Golduck\n|-boost|p2a: Golduck|spa|2\n|move|p1a: Slowbro|Body Press|p2a: Golduck\n|-damage|p2a: Golduck|194/290\n|\n|upkeep\n|turn|14\n|\n|t:|1781387001\n|move|p2a: Golduck|Grass Knot|p1a: Slowbro\n|-supereffective|p1a: Slowbro\n|-damage|p1a: Slowbro|49/300\n|-damage|p2a: Golduck|165/290|[from] item: Life Orb\n|move|p1a: Slowbro|Body Press|p2a: Golduck\n|-damage|p2a: Golduck|103/290\n|\n|upkeep\n|turn|15\n|\n|t:|1781387011\n|switch|p1a: Ceruledge|Ceruledge, L78, M|245/245\n|move|p2a: Golduck|Hydro Pump|p1a: Ceruledge\n|-supereffective|p1a: Ceruledge\n|-damage|p1a: Ceruledge|0 fnt\n|faint|p1a: Ceruledge\n|-damage|p2a: Golduck|74/290|[from] item: Life Orb\n|\n|upkeep\n|\n|t:|1781387023\n|switch|p1a: Slowbro|Slowbro, L85, M|149/300\n|turn|16\n|\n|t:|1781387026\n|switch|p1a: Gouging Fire|Gouging Fire, L74|277/277\n|move|p2a: Golduck|Grass Knot|p1a: Gouging Fire\n|-resisted|p1a: Gouging Fire\n|-damage|p1a: Gouging Fire|206/277\n|-damage|p2a: Golduck|45/290|[from] item: Life Orb\n|\n|upkeep\n|turn|17\n|\n|t:|1781387034\n|-end|p1a: Gouging Fire|Protosynthesis|[silent]\n|switch|p1a: Slowbro|Slowbro, L85, M|249/300\n|move|p2a: Golduck|Hydro Pump|p1a: Slowbro\n|-resisted|p1a: Slowbro\n|-damage|p1a: Slowbro|132/300\n|-damage|p2a: Golduck|16/290|[from] item: Life Orb\n|\n|upkeep\n|turn|18\n|\n|t:|1781387043\n|move|p2a: Golduck|Grass Knot|p1a: Slowbro\n|-supereffective|p1a: Slowbro\n|-damage|p1a: Slowbro|0 fnt\n|faint|p1a: Slowbro\n|-damage|p2a: Golduck|0 fnt|[from] item: Life Orb\n|faint|p2a: Golduck\n|\n|upkeep\n|\n|t:|1781387048\n|switch|p2a: Necrozma|Necrozma-Dusk-Mane, L69|248/248\n|switch|p1a: Gouging Fire|Gouging Fire, L74|206/277\n|turn|19\n|\n|t:|1781387061\n|-end|p1a: Gouging Fire|Protosynthesis|[silent]\n|switch|p1a: Granbull|Granbull, L88, M|302/302\n|-ability|p1a: Granbull|Intimidate|boost\n|-unboost|p2a: Necrozma|atk|1\n|move|p2a: Necrozma|Dragon Dance|p2a: Necrozma\n|-boost|p2a: Necrozma|atk|1\n|-boost|p2a: Necrozma|spe|1\n|\n|upkeep\n|turn|20\n|\n|t:|1781387068\n|switch|p1a: Gouging Fire|Gouging Fire, L74|206/277\n|move|p2a: Necrozma|Sunsteel Strike|p1a: Gouging Fire\n|-resisted|p1a: Gouging Fire\n|-damage|p1a: Gouging Fire|155/277\n|\n|upkeep\n|turn|21\n|\n|t:|1781387071\n|-end|p1a: Gouging Fire|Protosynthesis|[silent]\n|switch|p1a: Granbull|Granbull, L88, M|302/302\n|-ability|p1a: Granbull|Intimidate|boost\n|-unboost|p2a: Necrozma|atk|1\n|move|p2a: Necrozma|Dragon Dance|p2a: Necrozma\n|-boost|p2a: Necrozma|atk|1\n|-boost|p2a: Necrozma|spe|1\n|\n|upkeep\n|turn|22\n|\n|t:|1781387085\n|-terastallize|p1a: Granbull|Ground\n|move|p2a: Necrozma|Sunsteel Strike|p1a: Granbull\n|-damage|p1a: Granbull|194/302\n|move|p1a: Granbull|Encore|p2a: Necrozma\n|-start|p2a: Necrozma|Encore\n|\n|-heal|p1a: Granbull|212/302|[from] item: Leftovers\n|upkeep\n|turn|23\n|\n|t:|1781387098\n|switch|p1a: Gouging Fire|Gouging Fire, L74|155/277\n|move|p2a: Necrozma|Sunsteel Strike|p1a: Gouging Fire\n|-resisted|p1a: Gouging Fire\n|-damage|p1a: Gouging Fire|110/277\n|\n|upkeep\n|turn|24\n|\n|t:|1781387101\n|move|p2a: Necrozma|Sunsteel Strike|p1a: Gouging Fire\n|-resisted|p1a: Gouging Fire\n|-damage|p1a: Gouging Fire|61/277\n|move|p1a: Gouging Fire|Morning Sun|p1a: Gouging Fire\n|-heal|p1a: Gouging Fire|199/277\n|\n|upkeep\n|turn|25\n|\n|t:|1781387107\n|move|p2a: Necrozma|Sunsteel Strike|p1a: Gouging Fire\n|-resisted|p1a: Gouging Fire\n|-damage|p1a: Gouging Fire|153/277\n|move|p1a: Gouging Fire|Dragon Dance|p1a: Gouging Fire\n|-boost|p1a: Gouging Fire|atk|1\n|-boost|p1a: Gouging Fire|spe|1\n|\n|-end|p2a: Necrozma|Encore\n|upkeep\n|turn|26\n|\n|t:|1781387110\n|move|p2a: Necrozma|Dragon Dance|p2a: Necrozma\n|-boost|p2a: Necrozma|atk|1\n|-boost|p2a: Necrozma|spe|1\n|move|p1a: Gouging Fire|Dragon Dance|p1a: Gouging Fire\n|-boost|p1a: Gouging Fire|atk|1\n|-boost|p1a: Gouging Fire|spe|1\n|\n|upkeep\n|turn|27\n|\n|t:|1781387116\n|move|p2a: Necrozma|Photon Geyser|p1a: Gouging Fire\n|-damage|p1a: Gouging Fire|3/277\n|move|p1a: Gouging Fire|Heat Crash|p2a: Necrozma\n|-supereffective|p2a: Necrozma\n|-damage|p2a: Necrozma|145/248\n|-enditem|p2a: Necrozma|Weakness Policy\n|-boost|p2a: Necrozma|atk|2|[from] item: Weakness Policy\n|-boost|p2a: Necrozma|spa|2|[from] item: Weakness Policy\n|\n|upkeep\n|turn|28\n|-message|awaangawa forfeited.\n|\n|win|Zabalilla\n", "uploadtime": 1781386822, "views": 6, "formatid": "gen9randombattle", "rating": null, "private": 0, "password": null}