{"id": "gen9randombattle-2631704717", "format": "[Gen 9] Random Battle", "players": ["Red Skies", "bimiuchiratnhieu"], "log": "|j|\u2606Red Skies\n|j|\u2606bimiuchiratnhieu\n|t:|1781425272\n|gametype|singles\n|player|p1|Red Skies|n|2131\n|player|p2|bimiuchiratnhieu|hilda|2098\n|gen|9\n|tier|[Gen 9] Random Battle\n|rated|\n|rule|Species Clause: Limit one of each Pok\u00e9mon\n|rule|HP Percentage Mod: HP is shown in percentages\n|rule|Sleep Clause Mod: Limit one foe put to sleep\n|rule|Illusion Level Mod: Illusion disguises the Pok\u00e9mon's true level\n|\n|t:|1781425272\n|teamsize|p1|6\n|teamsize|p2|6\n|start\n|switch|p1a: Galvantula|Galvantula, L82, M|249/249\n|switch|p2a: Dragonite|Dragonite, L74, F|257/257\n|turn|1\n|inactive|Battle timer is ON: inactive players will automatically lose when time's up. (requested by bimiuchiratnhieu)\n|\n|t:|1781425301\n|move|p1a: Galvantula|Thunder|p2a: Dragonite\n|-damage|p2a: Dragonite|203/257\n|move|p2a: Dragonite|Dragon Dance|p2a: Dragonite\n|-boost|p2a: Dragonite|atk|1\n|-boost|p2a: Dragonite|spe|1\n|\n|upkeep\n|turn|2\n|\n|t:|1781425314\n|move|p2a: Dragonite|Earthquake|p1a: Galvantula\n|-damage|p1a: Galvantula|107/249\n|move|p1a: Galvantula|Volt Switch|p2a: Dragonite\n|-damage|p2a: Dragonite|131/257\n|\n|t:|1781425325\n|switch|p1a: Pyroar|Pyroar, L88, F|295/295|[from] Volt Switch\n|-ability|p1a: Pyroar|Unnerve\n|\n|upkeep\n|turn|3\n|\n|t:|1781425329\n|move|p2a: Dragonite|Earthquake|p1a: Pyroar\n|-supereffective|p1a: Pyroar\n|-damage|p1a: Pyroar|45/295\n|move|p1a: Pyroar|Hyper Voice|p2a: Dragonite\n|-damage|p2a: Dragonite|13/257\n|\n|upkeep\n|turn|4\n|\n|t:|1781425336\n|switch|p1a: Eelektross|Eelektross, L87, M|290/290\n|move|p2a: Dragonite|Earthquake|p1a: Eelektross\n|-immune|p1a: Eelektross|[from] ability: Levitate\n|\n|upkeep\n|turn|5\n|\n|t:|1781425342\n|move|p2a: Dragonite|Outrage|p1a: Eelektross\n|-damage|p1a: Eelektross|79/290\n|move|p1a: Eelektross|Supercell Slam|p2a: Dragonite\n|-damage|p2a: Dragonite|0 fnt\n|faint|p2a: Dragonite\n|\n|-heal|p1a: Eelektross|97/290|[from] item: Leftovers\n|upkeep\n|\n|t:|1781425361\n|switch|p2a: Lanturn|Lanturn, L89, F|367/367\n|turn|6\n|\n|t:|1781425368\n|move|p2a: Lanturn|Scald|p1a: Eelektross\n|-damage|p1a: Eelektross|12/290\n|-status|p1a: Eelektross|brn\n|move|p1a: Eelektross|Drain Punch|p2a: Lanturn\n|-damage|p2a: Lanturn|323/367\n|-heal|p1a: Eelektross|34/290 brn|[from] drain|[of] p2a: Lanturn\n|\n|-heal|p2a: Lanturn|345/367|[from] item: Leftovers\n|-heal|p1a: Eelektross|52/290 brn|[from] item: Leftovers\n|-damage|p1a: Eelektross|34/290 brn|[from] brn\n|upkeep\n|turn|7\n|\n|t:|1781425373\n|move|p2a: Lanturn|Scald|p1a: Eelektross\n|-damage|p1a: Eelektross|0 fnt\n|faint|p1a: Eelektross\n|\n|-heal|p2a: Lanturn|367/367|[from] item: Leftovers\n|upkeep\n|\n|t:|1781425381\n|switch|p1a: Galvantula|Galvantula, L82, M|107/249\n|turn|8\n|\n|t:|1781425386\n|move|p1a: Galvantula|Sticky Web|p2a: Lanturn\n|-sidestart|p2: bimiuchiratnhieu|move: Sticky Web\n|move|p2a: Lanturn|Scald|p1a: Galvantula\n|-damage|p1a: Galvantula|8/249\n|-status|p1a: Galvantula|brn\n|\n|-damage|p1a: Galvantula|0 fnt|[from] brn\n|faint|p1a: Galvantula\n|upkeep\n|\n|t:|1781425389\n|switch|p1a: Goodra|Goodra, L85, F|292/292\n|turn|9\n|\n|t:|1781425393\n|move|p1a: Goodra|Earthquake|p2a: Lanturn\n|-supereffective|p2a: Lanturn\n|-crit|p2a: Lanturn\n|-damage|p2a: Lanturn|71/367\n|move|p2a: Lanturn|Thunder Wave|p1a: Goodra\n|-status|p1a: Goodra|par\n|\n|-heal|p2a: Lanturn|93/367|[from] item: Leftovers\n|upkeep\n|turn|10\n|\n|t:|1781425401\n|move|p2a: Lanturn|Ice Beam|p1a: Goodra\n|-supereffective|p1a: Goodra\n|-damage|p1a: Goodra|242/292 par\n|cant|p1a: Goodra|par\n|\n|-heal|p2a: Lanturn|115/367|[from] item: Leftovers\n|upkeep\n|turn|11\n|\n|t:|1781425406\n|move|p2a: Lanturn|Ice Beam|p1a: Goodra\n|-supereffective|p1a: Goodra\n|-damage|p1a: Goodra|186/292 par\n|cant|p1a: Goodra|par\n|\n|-heal|p2a: Lanturn|137/367|[from] item: Leftovers\n|upkeep\n|turn|12\n|\n|t:|1781425410\n|move|p2a: Lanturn|Ice Beam|p1a: Goodra\n|-supereffective|p1a: Goodra\n|-damage|p1a: Goodra|130/292 par\n|move|p1a: Goodra|Earthquake|p2a: Lanturn\n|-supereffective|p2a: Lanturn\n|-damage|p2a: Lanturn|0 fnt\n|faint|p2a: Lanturn\n|\n|upkeep\n|\n|t:|1781425415\n|switch|p2a: Furret|Furret, L94, F|312/312\n|-activate|p2a: Furret|move: Sticky Web\n|-unboost|p2a: Furret|spe|1\n|-item|p1a: Goodra|Assault Vest|[from] ability: Frisk|[of] p2a: Furret\n|turn|13\n|\n|t:|1781425425\n|move|p2a: Furret|Tidy Up|p2a: Furret\n|-sideend|p2: bimiuchiratnhieu|Sticky Web\n|-activate|p2a: Furret|move: Tidy Up\n|-boost|p2a: Furret|atk|1\n|-boost|p2a: Furret|spe|1\n|cant|p1a: Goodra|par\n|\n|upkeep\n|turn|14\n|\n|t:|1781425435\n|move|p2a: Furret|Tidy Up|p2a: Furret\n|-boost|p2a: Furret|atk|1\n|-boost|p2a: Furret|spe|1\n|move|p1a: Goodra|Dragon Tail|p2a: Furret\n|-damage|p2a: Furret|231/312\n|drag|p2a: Baxcalibur|Baxcalibur, L75, M|295/295\n|\n|upkeep\n|turn|15\n|\n|t:|1781425443\n|move|p2a: Baxcalibur|Scale Shot|p1a: Goodra\n|-supereffective|p1a: Goodra\n|-damage|p1a: Goodra|62/292 par\n|-supereffective|p1a: Goodra\n|-damage|p1a: Goodra|0 fnt\n|faint|p1a: Goodra\n|-hitcount|p1: Goodra|2\n|-unboost|p2a: Baxcalibur|def|1\n|-boost|p2a: Baxcalibur|spe|1\n|\n|upkeep\n|\n|t:|1781425457\n|switch|p1a: Barraskewda|Barraskewda, L81, F|231/231\n|turn|16\n|\n|t:|1781425470\n|switch|p2a: Furret|Furret, L94, F|231/312\n|-item|p1a: Barraskewda|Choice Band|[from] ability: Frisk|[of] p2a: Furret\n|move|p1a: Barraskewda|Close Combat|p2a: Furret\n|-supereffective|p2a: Furret\n|-damage|p2a: Furret|0 fnt\n|-unboost|p1a: Barraskewda|def|1\n|-unboost|p1a: Barraskewda|spd|1\n|faint|p2a: Furret\n|\n|upkeep\n|\n|t:|1781425495\n|switch|p2a: Pikachu|Pikachu-Partner, L93, M|216/216\n|turn|17\n|\n|t:|1781425500\n|-terastallize|p1a: Barraskewda|Fighting\n|move|p1a: Barraskewda|Close Combat|p2a: Pikachu\n|-damage|p2a: Pikachu|0 fnt\n|-unboost|p1a: Barraskewda|def|1\n|-unboost|p1a: Barraskewda|spd|1\n|faint|p2a: Pikachu\n|\n|upkeep\n|\n|t:|1781425514\n|switch|p2a: Baxcalibur|Baxcalibur, L75, M|295/295\n|turn|18\n|\n|t:|1781425522\n|switch|p1a: Pyroar|Pyroar, L88, F|45/295\n|-ability|p1a: Pyroar|Unnerve\n|-terastallize|p2a: Baxcalibur|Dragon\n|move|p2a: Baxcalibur|Scale Shot|p1a: Pyroar\n|-damage|p1a: Pyroar|1/295\n|-damage|p1a: Pyroar|0 fnt\n|faint|p1a: Pyroar\n|-hitcount|p1: Pyroar|2\n|-unboost|p2a: Baxcalibur|def|1\n|-boost|p2a: Baxcalibur|spe|1\n|\n|upkeep\n|\n|t:|1781425539\n|switch|p1a: Hitmonchan|Hitmonchan, L87, M|229/229\n|turn|19\n|\n|t:|1781425544\n|switch|p2a: Sudowoodo|Sudowoodo, L94, M|284/284\n|move|p1a: Hitmonchan|Ice Punch|p2a: Sudowoodo\n|-crit|p2a: Sudowoodo\n|-damage|p2a: Sudowoodo|179/284\n|-damage|p1a: Hitmonchan|207/229|[from] item: Life Orb\n|\n|-heal|p2a: Sudowoodo|196/284|[from] item: Leftovers\n|upkeep\n|turn|20\n|\n|t:|1781425555\n|move|p1a: Hitmonchan|Drain Punch|p2a: Sudowoodo\n|-supereffective|p2a: Sudowoodo\n|-damage|p2a: Sudowoodo|0 fnt\n|-heal|p1a: Hitmonchan|229/229|[from] drain|[of] p2a: Sudowoodo\n|faint|p2a: Sudowoodo\n|-damage|p1a: Hitmonchan|207/229|[from] item: Life Orb\n|\n|upkeep\n|\n|t:|1781425558\n|switch|p2a: Baxcalibur|Baxcalibur, L75, M, tera:Dragon|295/295\n|turn|21\n|\n|t:|1781425573\n|move|p1a: Hitmonchan|Ice Punch|p2a: Baxcalibur\n|-supereffective|p2a: Baxcalibur\n|-crit|p2a: Baxcalibur\n|-damage|p2a: Baxcalibur|0 fnt\n|faint|p2a: Baxcalibur\n|-damage|p1a: Hitmonchan|185/229|[from] item: Life Orb\n|\n|win|Red Skies\n|raw|Red Skies's rating: 2131 &rarr; <strong>2149</strong><br />(+18 for winning)\n|raw|bimiuchiratnhieu's rating: 2098 &rarr; <strong>2080</strong><br />(-18 for losing)\n", "uploadtime": 1781425275, "views": 4, "formatid": "gen9randombattle", "rating": 2080, "private": 0, "password": null}