{"id": "gen9randombattle-2631378946", "format": "[Gen 9] Random Battle", "players": ["drowyna", "BrennainSan"], "log": "|j|\u2606drowyna\n|j|\u2606BrennainSan\n|t:|1781377662\n|gametype|singles\n|player|p1|drowyna|lucas|1601\n|player|p2|BrennainSan|marshal|1610\n|gen|9\n|tier|[Gen 9] Random Battle\n|rated|\n|rule|Species Clause: Limit one of each Pok\u00e9mon\n|rule|HP Percentage Mod: HP is shown in percentages\n|rule|Sleep Clause Mod: Limit one foe put to sleep\n|rule|Illusion Level Mod: Illusion disguises the Pok\u00e9mon's true level\n|\n|t:|1781377662\n|teamsize|p1|6\n|teamsize|p2|6\n|start\n|switch|p1a: Thundurus|Thundurus, L80, M|258/258\n|switch|p2a: Cacturne|Cacturne, L92, F|278/278\n|turn|1\n|inactive|Battle timer is ON: inactive players will automatically lose when time's up. (requested by drowyna)\n|\n|t:|1781377670\n|switch|p2a: Clodsire|Clodsire, L81, M|343/343\n|move|p1a: Thundurus|Focus Blast|p2a: Clodsire\n|-resisted|p2a: Clodsire\n|-damage|p2a: Clodsire|296/343\n|-unboost|p2a: Clodsire|spd|1\n|\n|-heal|p2a: Clodsire|317/343|[from] item: Leftovers\n|upkeep\n|turn|2\n|\n|t:|1781377693\n|switch|p1a: Iron Bundle|Iron Bundle, L78|215/215\n|move|p2a: Clodsire|Poison Jab|p1a: Iron Bundle\n|-damage|p1a: Iron Bundle|163/215\n|\n|-heal|p2a: Clodsire|338/343|[from] item: Leftovers\n|upkeep\n|turn|3\n|\n|t:|1781377706\n|switch|p2a: Entei|Entei, L78|307/307\n|move|p1a: Iron Bundle|Ice Beam|p2a: Entei\n|-resisted|p2a: Entei\n|-damage|p2a: Entei|216/307\n|\n|upkeep\n|turn|4\n|\n|t:|1781377717\n|-end|p1a: Iron Bundle|Quark Drive|[silent]\n|switch|p1a: Hydrapple|Hydrapple, L83, M|312/312\n|-terastallize|p2a: Entei|Normal\n|move|p2a: Entei|Extreme Speed|p1a: Hydrapple\n|-damage|p1a: Hydrapple|200/312\n|\n|upkeep\n|turn|5\n|\n|t:|1781377728\n|switch|p2a: Clodsire|Clodsire, L81, M|338/343\n|move|p1a: Hydrapple|Dragon Tail|p2a: Clodsire\n|-damage|p2a: Clodsire|269/343\n|drag|p2a: Ditto|Ditto, L87|225/225\n|-transform|p2a: Ditto|p1a: Hydrapple|[from] ability: Imposter\n|\n|upkeep\n|turn|6\n|\n|t:|1781377739\n|switch|p2a: Clodsire|Clodsire, L81, M|269/343\n|switch|p1a: Blissey|Blissey, L85, F|572/572\n|\n|-heal|p2a: Clodsire|290/343|[from] item: Leftovers\n|upkeep\n|turn|7\n|\n|t:|1781377747\n|move|p1a: Blissey|Stealth Rock|p2a: Clodsire\n|-sidestart|p2: BrennainSan|move: Stealth Rock\n|move|p2a: Clodsire|Poison Jab|p1a: Blissey\n|-damage|p1a: Blissey|367/572\n|\n|-heal|p1a: Blissey|402/572|[from] item: Leftovers\n|-heal|p2a: Clodsire|311/343|[from] item: Leftovers\n|upkeep\n|turn|8\n|\n|t:|1781377753\n|switch|p1a: Iron Bundle|Iron Bundle, L78|163/215\n|move|p2a: Clodsire|Poison Jab|p1a: Iron Bundle\n|-crit|p1a: Iron Bundle\n|-damage|p1a: Iron Bundle|84/215\n|\n|-heal|p2a: Clodsire|332/343|[from] item: Leftovers\n|upkeep\n|turn|9\n|\n|t:|1781377758\n|move|p1a: Iron Bundle|Ice Beam|p2a: Clodsire\n|-supereffective|p2a: Clodsire\n|-damage|p2a: Clodsire|42/343\n|move|p2a: Clodsire|Poison Jab|p1a: Iron Bundle\n|-damage|p1a: Iron Bundle|27/215\n|\n|-heal|p2a: Clodsire|63/343|[from] item: Leftovers\n|upkeep\n|turn|10\n|\n|t:|1781377766\n|move|p1a: Iron Bundle|Ice Beam|p2a: Clodsire\n|-supereffective|p2a: Clodsire\n|-damage|p2a: Clodsire|0 fnt\n|faint|p2a: Clodsire\n|\n|upkeep\n|\n|t:|1781377770\n|switch|p2a: Entei|Entei, L78, tera:Normal|216/307\n|-damage|p2a: Entei|178/307|[from] Stealth Rock\n|turn|11\n|\n|t:|1781377774\n|-end|p1a: Iron Bundle|Quark Drive|[silent]\n|switch|p1a: Hydrapple|Hydrapple, L83, M|304/312\n|move|p2a: Entei|Extreme Speed|p1a: Hydrapple\n|-damage|p1a: Hydrapple|204/312\n|\n|upkeep\n|turn|12\n|\n|t:|1781377783\n|switch|p2a: Cacturne|Cacturne, L92, F|278/278\n|-damage|p2a: Cacturne|244/278|[from] Stealth Rock\n|move|p1a: Hydrapple|Fickle Beam|p2a: Cacturne|[anim] Fickle Beam All Out\n|-activate|p1a: Hydrapple|move: Fickle Beam\n|-damage|p2a: Cacturne|0 fnt\n|faint|p2a: Cacturne\n|\n|upkeep\n|\n|t:|1781377794\n|switch|p2a: Mamoswine|Mamoswine, L81, M|311/311\n|-damage|p2a: Mamoswine|273/311|[from] Stealth Rock\n|turn|13\n|\n|t:|1781377802\n|switch|p1a: Cramorant|Cramorant, L86, M|261/261\n|move|p2a: Mamoswine|Icicle Crash|p1a: Cramorant\n|-damage|p1a: Cramorant|76/261\n|-damage|p2a: Mamoswine|242/311|[from] item: Life Orb\n|\n|upkeep\n|turn|14\n|\n|t:|1781377811\n|switch|p2a: Dipplin|Dipplin, L88, M|284/284\n|-damage|p2a: Dipplin|249/284|[from] Stealth Rock\n|move|p1a: Cramorant|Roost|p1a: Cramorant\n|-heal|p1a: Cramorant|207/261\n|-singleturn|p1a: Cramorant|move: Roost\n|\n|upkeep\n|turn|15\n|\n|t:|1781377820\n|switch|p1a: Blissey|Blissey, L85, F|402/572\n|move|p2a: Dipplin|Giga Drain|p1a: Blissey\n|-damage|p1a: Blissey|342/572\n|-heal|p2a: Dipplin|279/284|[from] drain|[of] p1a: Blissey\n|\n|-heal|p1a: Blissey|377/572|[from] item: Leftovers\n|upkeep\n|turn|16\n|\n|t:|1781377829\n|switch|p2a: Ditto|Ditto, L87|225/225\n|-damage|p2a: Ditto|197/225|[from] Stealth Rock\n|-transform|p2a: Ditto|p1a: Blissey|[from] ability: Imposter\n|move|p1a: Blissey|Seismic Toss|p2a: Ditto\n|-damage|p2a: Ditto|112/225\n|\n|-heal|p1a: Blissey|412/572|[from] item: Leftovers\n|upkeep\n|turn|17\n|\n|t:|1781377834\n|move|p2a: Ditto|Soft-Boiled|p2a: Ditto\n|-heal|p2a: Ditto|225/225\n|move|p1a: Blissey|Seismic Toss|p2a: Ditto\n|-damage|p2a: Ditto|140/225\n|\n|-heal|p1a: Blissey|447/572|[from] item: Leftovers\n|upkeep\n|turn|18\n|\n|t:|1781377843\n|move|p2a: Ditto|Soft-Boiled|p2a: Ditto\n|-heal|p2a: Ditto|225/225\n|move|p1a: Blissey|Seismic Toss|p2a: Ditto\n|-damage|p2a: Ditto|140/225\n|\n|-heal|p1a: Blissey|482/572|[from] item: Leftovers\n|upkeep\n|turn|19\n|\n|t:|1781377847\n|move|p2a: Ditto|Soft-Boiled|p2a: Ditto\n|-heal|p2a: Ditto|225/225\n|move|p1a: Blissey|Seismic Toss|p2a: Ditto\n|-damage|p2a: Ditto|140/225\n|\n|-heal|p1a: Blissey|517/572|[from] item: Leftovers\n|upkeep\n|turn|20\n|\n|t:|1781377850\n|move|p2a: Ditto|Soft-Boiled|p2a: Ditto\n|-heal|p2a: Ditto|225/225\n|move|p1a: Blissey|Thunder Wave|p2a: Ditto\n|-status|p2a: Ditto|par\n|\n|-heal|p1a: Blissey|552/572|[from] item: Leftovers\n|upkeep\n|turn|21\n|\n|t:|1781377853\n|-curestatus|p2a: Ditto|par|[from] ability: Natural Cure|[silent]\n|switch|p2a: Mamoswine|Mamoswine, L81, M|242/311\n|-damage|p2a: Mamoswine|204/311|[from] Stealth Rock\n|move|p1a: Blissey|Seismic Toss|p2a: Mamoswine\n|-damage|p2a: Mamoswine|119/311\n|\n|-heal|p1a: Blissey|572/572|[from] item: Leftovers\n|upkeep\n|turn|22\n|\n|t:|1781377862\n|switch|p1a: Arceus|Arceus-Fighting, L70|284/284\n|move|p2a: Mamoswine|Icicle Crash|p1a: Arceus\n|-damage|p1a: Arceus|159/284\n|-damage|p2a: Mamoswine|88/311|[from] item: Life Orb\n|\n|upkeep\n|turn|23\n|\n|t:|1781377870\n|move|p1a: Arceus|Cosmic Power|p1a: Arceus\n|-boost|p1a: Arceus|def|1\n|-boost|p1a: Arceus|spd|1\n|move|p2a: Mamoswine|Stealth Rock|p1a: Arceus\n|-sidestart|p1: drowyna|move: Stealth Rock\n|\n|upkeep\n|turn|24\n|\n|t:|1781377875\n|move|p1a: Arceus|Body Press|p2a: Mamoswine\n|-supereffective|p2a: Mamoswine\n|-damage|p2a: Mamoswine|0 fnt\n|faint|p2a: Mamoswine\n|\n|upkeep\n|\n|t:|1781377879\n|switch|p2a: Ditto|Ditto, L87|225/225\n|-damage|p2a: Ditto|197/225|[from] Stealth Rock\n|-transform|p2a: Ditto|p1a: Arceus|[from] ability: Imposter\n|turn|25\n|\n|t:|1781377890\n|move|p2a: Ditto|Stored Power|p1a: Arceus\n|-supereffective|p1a: Arceus\n|-damage|p1a: Arceus|103/284\n|move|p1a: Arceus|Cosmic Power|p1a: Arceus\n|-boost|p1a: Arceus|def|1\n|-boost|p1a: Arceus|spd|1\n|\n|upkeep\n|turn|26\n|\n|t:|1781377895\n|switch|p2a: Dipplin|Dipplin, L88, M|279/284\n|-damage|p2a: Dipplin|244/284|[from] Stealth Rock\n|move|p1a: Arceus|Recover|p1a: Arceus\n|-heal|p1a: Arceus|245/284\n|\n|upkeep\n|turn|27\n|\n|t:|1781377902\n|move|p1a: Arceus|Cosmic Power|p1a: Arceus\n|-boost|p1a: Arceus|def|1\n|-boost|p1a: Arceus|spd|1\n|move|p2a: Dipplin|Dragon Tail|p1a: Arceus\n|-damage|p1a: Arceus|223/284\n|drag|p1a: Iron Bundle|Iron Bundle, L78|27/215\n|-damage|p1a: Iron Bundle|0 fnt|[from] Stealth Rock\n|faint|p1a: Iron Bundle\n|-end|p1a: Iron Bundle|Quark Drive|[silent]\n|\n|upkeep\n|\n|t:|1781377910\n|switch|p1a: Cramorant|Cramorant, L86, M|207/261\n|turn|28\n|\n|t:|1781377915\n|move|p1a: Cramorant|Brave Bird|p2a: Dipplin\n|-supereffective|p2a: Dipplin\n|-damage|p2a: Dipplin|116/284\n|-damage|p1a: Cramorant|165/261|[from] Recoil\n|move|p2a: Dipplin|Giga Drain|p1a: Cramorant\n|-damage|p1a: Cramorant|92/261\n|-heal|p2a: Dipplin|153/284|[from] drain|[of] p1a: Cramorant\n|\n|upkeep\n|turn|29\n|\n|t:|1781377922\n|move|p1a: Cramorant|Brave Bird|p2a: Dipplin\n|-supereffective|p2a: Dipplin\n|-damage|p2a: Dipplin|25/284\n|-damage|p1a: Cramorant|50/261|[from] Recoil\n|move|p2a: Dipplin|Giga Drain|p1a: Cramorant\n|-damage|p1a: Cramorant|0 fnt\n|-heal|p2a: Dipplin|50/284|[from] drain|[of] p1a: Cramorant\n|faint|p1a: Cramorant\n|\n|upkeep\n|\n|t:|1781377927\n|switch|p1a: Blissey|Blissey, L85, F|572/572\n|-damage|p1a: Blissey|501/572|[from] Stealth Rock\n|turn|30\n|\n|t:|1781377931\n|move|p1a: Blissey|Seismic Toss|p2a: Dipplin\n|-damage|p2a: Dipplin|0 fnt\n|faint|p2a: Dipplin\n|\n|-heal|p1a: Blissey|536/572|[from] item: Leftovers\n|upkeep\n|\n|t:|1781377934\n|switch|p2a: Entei|Entei, L78, tera:Normal|178/307\n|-damage|p2a: Entei|140/307|[from] Stealth Rock\n|turn|31\n|\n|t:|1781377939\n|switch|p1a: Hydrapple|Hydrapple, L83, M|308/312\n|-damage|p1a: Hydrapple|269/312|[from] Stealth Rock\n|move|p2a: Entei|Extreme Speed|p1a: Hydrapple\n|-damage|p1a: Hydrapple|158/312\n|\n|upkeep\n|turn|32\n|\n|t:|1781377948\n|move|p2a: Entei|Extreme Speed|p1a: Hydrapple\n|-damage|p1a: Hydrapple|47/312\n|move|p1a: Hydrapple|Fickle Beam|p2a: Entei|[anim] Fickle Beam All Out\n|-activate|p1a: Hydrapple|move: Fickle Beam\n|-damage|p2a: Entei|0 fnt\n|faint|p2a: Entei\n|\n|upkeep\n|\n|t:|1781377952\n|switch|p2a: Ditto|Ditto, L87|197/225\n|-damage|p2a: Ditto|169/225|[from] Stealth Rock\n|-transform|p2a: Ditto|p1a: Hydrapple|[from] ability: Imposter\n|turn|33\n|\n|t:|1781377959\n|switch|p1a: Blissey|Blissey, L85, F|536/572\n|-damage|p1a: Blissey|465/572|[from] Stealth Rock\n|move|p2a: Ditto|Fickle Beam|p1a: Blissey\n|-damage|p1a: Blissey|393/572\n|\n|-heal|p1a: Blissey|428/572|[from] item: Leftovers\n|upkeep\n|turn|34\n|-message|BrennainSan forfeited.\n|\n|win|drowyna\n|raw|drowyna's rating: 1601 &rarr; <strong>1622</strong><br />(+21 for winning)\n|raw|BrennainSan's rating: 1610 &rarr; <strong>1589</strong><br />(-21 for losing)\n|l|\u2606BrennainSan\n|player|p2|\n", "uploadtime": 1781377970, "views": 5, "formatid": "gen9randombattle", "rating": 1589, "private": 0, "password": null}