{"id": "gen9randombattle-2631708734", "format": "[Gen 9] Random Battle", "players": ["Matuidi14", "gothampaladin"], "log": "|j|\u2606Matuidi14\n|j|\u2606gothampaladin\n|t:|1781426029\n|gametype|singles\n|player|p1|Matuidi14|clown|2137\n|player|p2|gothampaladin|flannery|2206\n|gen|9\n|tier|[Gen 9] Random Battle\n|rated|\n|rule|Species Clause: Limit one of each Pok\u00e9mon\n|rule|HP Percentage Mod: HP is shown in percentages\n|rule|Sleep Clause Mod: Limit one foe put to sleep\n|rule|Illusion Level Mod: Illusion disguises the Pok\u00e9mon's true level\n|\n|t:|1781426029\n|teamsize|p1|6\n|teamsize|p2|6\n|start\n|switch|p1a: Tsareena|Tsareena, L87, F|267/267\n|switch|p2a: Coalossal|Coalossal, L89, M|341/341\n|turn|1\n|inactive|Battle timer is ON: inactive players will automatically lose when time's up. (requested by Matuidi14)\n|\n|t:|1781426036\n|move|p1a: Tsareena|High Jump Kick|p2a: Coalossal\n|-supereffective|p2a: Coalossal\n|-damage|p2a: Coalossal|175/341\n|move|p2a: Coalossal|Flamethrower|p1a: Tsareena\n|-supereffective|p1a: Tsareena\n|-damage|p1a: Tsareena|151/267\n|-status|p1a: Tsareena|brn\n|\n|-damage|p1a: Tsareena|135/267 brn|[from] brn\n|upkeep\n|turn|2\n|\n|t:|1781426043\n|move|p1a: Tsareena|High Jump Kick|p2a: Coalossal\n|-supereffective|p2a: Coalossal\n|-damage|p2a: Coalossal|83/341\n|move|p2a: Coalossal|Stealth Rock|p1a: Tsareena\n|-sidestart|p1: Matuidi14|move: Stealth Rock\n|\n|-damage|p1a: Tsareena|119/267 brn|[from] brn\n|upkeep\n|turn|3\n|\n|t:|1781426047\n|switch|p2a: Toxapex|Toxapex, L82, M|216/216\n|move|p1a: Tsareena|Rapid Spin|p2a: Toxapex\n|-damage|p2a: Toxapex|202/216\n|-boost|p1a: Tsareena|spe|1\n|-damage|p1a: Tsareena|75/267 brn|[from] item: Rocky Helmet|[of] p2a: Toxapex\n|-sideend|p1: Matuidi14|Stealth Rock|[from] move: Rapid Spin|[of] p1a: Tsareena\n|\n|-damage|p1a: Tsareena|59/267 brn|[from] brn\n|upkeep\n|turn|4\n|\n|t:|1781426054\n|switch|p1a: Iron Treads|Iron Treads, L77|265/265\n|move|p2a: Toxapex|Toxic|p1a: Iron Treads\n|-immune|p1a: Iron Treads\n|\n|upkeep\n|turn|5\n|\n|t:|1781426059\n|switch|p2a: Shaymin|Shaymin, L82|298/298\n|move|p1a: Iron Treads|Stealth Rock|p2a: Shaymin\n|-sidestart|p2: gothampaladin|move: Stealth Rock\n|\n|upkeep\n|turn|6\n|\n|t:|1781426063\n|move|p2a: Shaymin|Substitute|p2a: Shaymin\n|-start|p2a: Shaymin|Substitute\n|-damage|p2a: Shaymin|224/298\n|move|p1a: Iron Treads|Volt Switch|p2a: Shaymin\n|-resisted|p2a: Shaymin\n|-activate|p2a: Shaymin|move: Substitute|[damage]\n|\n|t:|1781426067\n|-end|p1a: Iron Treads|Quark Drive|[silent]\n|switch|p1a: Meowscarada|Meowscarada, L78, M|247/247|[from] Volt Switch\n|\n|-heal|p2a: Shaymin|242/298|[from] item: Leftovers\n|upkeep\n|turn|7\n|\n|t:|1781426072\n|move|p1a: Meowscarada|Triple Axel|p2a: Shaymin\n|-start|p1a: Meowscarada|typechange|Ice|[from] ability: Protean\n|-supereffective|p2a: Shaymin\n|-activate|p2a: Shaymin|move: Substitute|[damage]\n|-supereffective|p2a: Shaymin\n|-end|p2a: Shaymin|Substitute\n|-supereffective|p2a: Shaymin\n|-damage|p2a: Shaymin|78/298\n|-hitcount|p2a: Shaymin|3\n|move|p2a: Shaymin|Air Slash|p1a: Meowscarada\n|-damage|p1a: Meowscarada|179/247\n|\n|-heal|p2a: Shaymin|96/298|[from] item: Leftovers\n|upkeep\n|turn|8\n|\n|t:|1781426083\n|switch|p1a: Iron Treads|Iron Treads, L77|265/265\n|switch|p2a: Toxapex|Toxapex, L82, M|216/216\n|-damage|p2a: Toxapex|189/216|[from] Stealth Rock\n|\n|upkeep\n|turn|9\n|\n|t:|1781426088\n|move|p1a: Iron Treads|Earthquake|p2a: Toxapex\n|-supereffective|p2a: Toxapex\n|-damage|p2a: Toxapex|51/216\n|move|p2a: Toxapex|Toxic|p1a: Iron Treads\n|-immune|p1a: Iron Treads\n|\n|upkeep\n|turn|10\n|-message|gothampaladin forfeited.\n|\n|win|Matuidi14\n", "uploadtime": 1781426030, "views": 5, "formatid": "gen9randombattle", "rating": null, "private": 0, "password": null}