{"id": "gen9randombattle-2631739525", "format": "[Gen 9] Random Battle", "players": ["Mihir1999", "abcaa"], "log": "|j|\u2606Mihir1999\n|j|\u2606abcaa\n|t:|1781431719\n|gametype|singles\n|player|p1|Mihir1999|170|1388\n|player|p2|abcaa|pokekid|1436\n|gen|9\n|tier|[Gen 9] Random Battle\n|rated|\n|rule|Species Clause: Limit one of each Pok\u00e9mon\n|rule|HP Percentage Mod: HP is shown in percentages\n|rule|Sleep Clause Mod: Limit one foe put to sleep\n|rule|Illusion Level Mod: Illusion disguises the Pok\u00e9mon's true level\n|\n|t:|1781431719\n|teamsize|p1|6\n|teamsize|p2|6\n|start\n|switch|p1a: Mismagius|Mismagius, L86, F|243/243\n|switch|p2a: Ceruledge|Ceruledge, L78, F|245/245\n|turn|1\n|inactive|Battle timer is ON: inactive players will automatically lose when time's up. (requested by abcaa)\n|\n|t:|1781431742\n|switch|p2a: Meowscarada|Meowscarada, L78, M|247/247\n|move|p1a: Mismagius|Substitute|p1a: Mismagius\n|-start|p1a: Mismagius|Substitute\n|-damage|p1a: Mismagius|183/243\n|\n|-heal|p1a: Mismagius|198/243|[from] item: Leftovers\n|upkeep\n|turn|2\n|\n|t:|1781431751\n|-terastallize|p1a: Mismagius|Fighting\n|move|p2a: Meowscarada|U-turn|p1a: Mismagius\n|-start|p2a: Meowscarada|typechange|Bug|[from] ability: Protean\n|-resisted|p1a: Mismagius\n|-activate|p1a: Mismagius|move: Substitute|[damage]\n|\n|t:|1781431765\n|switch|p2a: Slither Wing|Slither Wing, L81|270/270|[from] U-turn\n|move|p1a: Mismagius|Tera Blast|p2a: Slither Wing|[anim] Tera Blast Fighting\n|-resisted|p2a: Slither Wing\n|-damage|p2a: Slither Wing|226/270\n|\n|-heal|p1a: Mismagius|213/243|[from] item: Leftovers\n|upkeep\n|turn|3\n|\n|t:|1781431774\n|move|p2a: Slither Wing|First Impression|p1a: Mismagius\n|-resisted|p1a: Mismagius\n|-end|p1a: Mismagius|Substitute\n|-damage|p2a: Slither Wing|199/270|[from] item: Life Orb\n|move|p1a: Mismagius|Nasty Plot|p1a: Mismagius\n|-boost|p1a: Mismagius|spa|2\n|\n|-heal|p1a: Mismagius|228/243|[from] item: Leftovers\n|upkeep\n|turn|4\n|\n|t:|1781431782\n|move|p1a: Mismagius|Substitute|p1a: Mismagius\n|-start|p1a: Mismagius|Substitute\n|-damage|p1a: Mismagius|168/243\n|move|p2a: Slither Wing|Close Combat|p1a: Mismagius\n|-end|p1a: Mismagius|Substitute\n|-unboost|p2a: Slither Wing|def|1\n|-unboost|p2a: Slither Wing|spd|1\n|-damage|p2a: Slither Wing|172/270|[from] item: Life Orb\n|\n|-heal|p1a: Mismagius|183/243|[from] item: Leftovers\n|upkeep\n|turn|5\n|\n|t:|1781431790\n|move|p1a: Mismagius|Substitute|p1a: Mismagius\n|-start|p1a: Mismagius|Substitute\n|-damage|p1a: Mismagius|123/243\n|move|p2a: Slither Wing|Close Combat|p1a: Mismagius\n|-end|p1a: Mismagius|Substitute\n|-unboost|p2a: Slither Wing|def|1\n|-unboost|p2a: Slither Wing|spd|1\n|-damage|p2a: Slither Wing|145/270|[from] item: Life Orb\n|\n|-heal|p1a: Mismagius|138/243|[from] item: Leftovers\n|upkeep\n|turn|6\n|\n|t:|1781431793\n|move|p1a: Mismagius|Shadow Ball|p2a: Slither Wing\n|-damage|p2a: Slither Wing|0 fnt\n|faint|p2a: Slither Wing\n|-end|p2a: Slither Wing|Protosynthesis|[silent]\n|\n|-heal|p1a: Mismagius|153/243|[from] item: Leftovers\n|upkeep\n|\n|t:|1781431796\n|switch|p2a: Meowscarada|Meowscarada, L78, M|247/247\n|turn|7\n|\n|t:|1781431806\n|move|p2a: Meowscarada|Flower Trick|p1a: Mismagius\n|-start|p2a: Meowscarada|typechange|Grass|[from] ability: Protean\n|-crit|p1a: Mismagius\n|-damage|p1a: Mismagius|24/243\n|move|p1a: Mismagius|Tera Blast|p2a: Meowscarada|[anim] Tera Blast Fighting\n|-damage|p2a: Meowscarada|16/247\n|\n|-heal|p1a: Mismagius|39/243|[from] item: Leftovers\n|upkeep\n|turn|8\n|\n|t:|1781431826\n|switch|p1a: Kingambit|Kingambit, L74, F|270/270\n|move|p2a: Meowscarada|Flower Trick|p1a: Kingambit\n|-resisted|p1a: Kingambit\n|-crit|p1a: Kingambit\n|-damage|p1a: Kingambit|224/270\n|\n|-heal|p1a: Kingambit|240/270|[from] item: Leftovers\n|upkeep\n|turn|9\n|\n|t:|1781431832\n|move|p1a: Kingambit|Sucker Punch||[still]\n|-fail|p1a: Kingambit\n|move|p2a: Meowscarada|Toxic Spikes|p1a: Kingambit\n|-sidestart|p1: Mihir1999|move: Toxic Spikes\n|\n|-heal|p1a: Kingambit|256/270|[from] item: Leftovers\n|upkeep\n|turn|10\n|\n|t:|1781431838\n|move|p1a: Kingambit|Sucker Punch|p2a: Meowscarada\n|-damage|p2a: Meowscarada|0 fnt\n|faint|p2a: Meowscarada\n|\n|-heal|p1a: Kingambit|270/270|[from] item: Leftovers\n|upkeep\n|\n|t:|1781431841\n|switch|p2a: Falinks|Falinks, L84|246/246\n|turn|11\n|inactive|Mihir1999 has 120 seconds left.\n|\n|t:|1781431881\n|-end|p1a: Kingambit|fallenundefined|[silent]\n|switch|p1a: Weezing|Weezing, L88, M|258/258\n|move|p2a: Falinks|No Retreat|p2a: Falinks\n|-boost|p2a: Falinks|atk|1\n|-boost|p2a: Falinks|def|1\n|-boost|p2a: Falinks|spa|1\n|-boost|p2a: Falinks|spd|1\n|-boost|p2a: Falinks|spe|1\n|-start|p2a: Falinks|move: No Retreat\n|\n|upkeep\n|turn|12\n|inactive|Mihir1999 has 120 seconds left.\n|\n|t:|1781431898\n|move|p2a: Falinks|Knock Off|p1a: Weezing\n|-damage|p1a: Weezing|163/258\n|-enditem|p1a: Weezing|Leftovers|[from] move: Knock Off|[of] p2a: Falinks\n|-damage|p2a: Falinks|222/246|[from] item: Life Orb\n|move|p1a: Weezing|Will-O-Wisp|p2a: Falinks\n|-status|p2a: Falinks|brn\n|\n|-damage|p2a: Falinks|207/246 brn|[from] brn\n|upkeep\n|turn|13\n|inactive|Mihir1999 has 120 seconds left.\n|\n|t:|1781431914\n|move|p2a: Falinks|Iron Head|p1a: Weezing\n|-damage|p1a: Weezing|121/258\n|-damage|p2a: Falinks|183/246 brn|[from] item: Life Orb\n|move|p1a: Weezing|Pain Split|p2a: Falinks\n|-sethp|p2a: Falinks|152/246 brn|[from] move: Pain Split|[silent]\n|-sethp|p1a: Weezing|152/258|[from] move: Pain Split\n|\n|-damage|p2a: Falinks|137/246 brn|[from] brn\n|upkeep\n|turn|14\n|inactive|Mihir1999 has 120 seconds left.\n|\n|t:|1781431935\n|move|p2a: Falinks|Iron Head|p1a: Weezing\n|-damage|p1a: Weezing|113/258\n|-damage|p2a: Falinks|113/246 brn|[from] item: Life Orb\n|cant|p1a: Weezing|flinch\n|\n|-damage|p2a: Falinks|98/246 brn|[from] brn\n|upkeep\n|turn|15\n|\n|t:|1781431945\n|move|p2a: Falinks|Iron Head|p1a: Weezing\n|-damage|p1a: Weezing|69/258\n|-damage|p2a: Falinks|74/246 brn|[from] item: Life Orb\n|cant|p1a: Weezing|flinch\n|\n|-damage|p2a: Falinks|59/246 brn|[from] brn\n|upkeep\n|turn|16\n|inactive|Mihir1999 has 120 seconds left.\n|\n|t:|1781431959\n|move|p2a: Falinks|Close Combat|p1a: Weezing\n|-resisted|p1a: Weezing\n|-damage|p1a: Weezing|25/258\n|-unboost|p2a: Falinks|def|1\n|-unboost|p2a: Falinks|spd|1\n|-damage|p2a: Falinks|35/246 brn|[from] item: Life Orb\n|move|p1a: Weezing|Fire Blast|p2a: Falinks\n|-damage|p2a: Falinks|0 fnt\n|faint|p2a: Falinks\n|\n|upkeep\n|\n|t:|1781431968\n|switch|p2a: Ceruledge|Ceruledge, L78, F|245/245\n|turn|17\n|\n|t:|1781431978\n|move|p2a: Ceruledge|Bitter Blade|p1a: Weezing\n|-damage|p1a: Weezing|0 fnt\n|faint|p1a: Weezing\n|\n|upkeep\n|inactive|Mihir1999 has 120 seconds left.\n|\n|t:|1781432005\n|switch|p1a: Mismagius|Mismagius, L86, F, tera:Fighting|39/243\n|turn|18\n|\n|t:|1781432020\n|-terastallize|p2a: Ceruledge|Fighting\n|move|p1a: Mismagius|Shadow Ball|p2a: Ceruledge\n|-damage|p2a: Ceruledge|151/245\n|move|p2a: Ceruledge|Bitter Blade|p1a: Mismagius\n|-damage|p1a: Mismagius|0 fnt\n|-heal|p2a: Ceruledge|171/245|[from] drain|[of] p1a: Mismagius\n|faint|p1a: Mismagius\n|\n|upkeep\n|inactive|Mihir1999 has 120 seconds left.\n|\n|t:|1781432048\n|switch|p1a: Misdreavus|Misdreavus, L90, M|254/254\n|turn|19\n|\n|t:|1781432070\n|move|p1a: Misdreavus|Will-O-Wisp|p2a: Ceruledge\n|-status|p2a: Ceruledge|brn\n|move|p2a: Ceruledge|Poltergeist|p1a: Misdreavus\n|-activate|p1a: Misdreavus|move: Poltergeist|Eviolite\n|-supereffective|p1a: Misdreavus\n|-damage|p1a: Misdreavus|149/254\n|\n|-damage|p2a: Ceruledge|156/245 brn|[from] brn\n|upkeep\n|turn|20\n|\n|t:|1781432077\n|move|p1a: Misdreavus|Draining Kiss|p2a: Ceruledge\n|-supereffective|p2a: Ceruledge\n|-damage|p2a: Ceruledge|84/245 brn\n|-heal|p1a: Misdreavus|203/254|[from] drain|[of] p2a: Ceruledge\n|move|p2a: Ceruledge|Swords Dance|p2a: Ceruledge\n|-boost|p2a: Ceruledge|atk|2\n|\n|-damage|p2a: Ceruledge|69/245 brn|[from] brn\n|upkeep\n|turn|21\n|inactive|Mihir1999 has 120 seconds left.\n|\n|t:|1781432096\n|move|p1a: Misdreavus|Draining Kiss|p2a: Ceruledge\n|-supereffective|p2a: Ceruledge\n|-damage|p2a: Ceruledge|1/245 brn\n|-heal|p1a: Misdreavus|254/254|[from] drain|[of] p2a: Ceruledge\n|move|p2a: Ceruledge|Bitter Blade|p1a: Misdreavus\n|-damage|p1a: Misdreavus|167/254\n|-heal|p2a: Ceruledge|45/245 brn|[from] drain|[of] p1a: Misdreavus\n|\n|-damage|p2a: Ceruledge|30/245 brn|[from] brn\n|upkeep\n|turn|22\n|\n|t:|1781432104\n|move|p1a: Misdreavus|Draining Kiss|p2a: Ceruledge\n|-supereffective|p2a: Ceruledge\n|-damage|p2a: Ceruledge|0 fnt\n|-heal|p1a: Misdreavus|190/254|[from] drain|[of] p2a: Ceruledge\n|faint|p2a: Ceruledge\n|\n|upkeep\n|\n|t:|1781432108\n|switch|p2a: Hatterene|Hatterene, L85, F|236/236\n|turn|23\n|\n|t:|1781432118\n|move|p1a: Misdreavus|Calm Mind|p1a: Misdreavus\n|-boost|p1a: Misdreavus|spa|1\n|-boost|p1a: Misdreavus|spd|1\n|move|p2a: Hatterene|Nuzzle|p1a: Misdreavus\n|-damage|p1a: Misdreavus|177/254\n|-status|p1a: Misdreavus|par\n|\n|upkeep\n|turn|24\n|\n|t:|1781432126\n|move|p1a: Misdreavus|Calm Mind|p1a: Misdreavus\n|-boost|p1a: Misdreavus|spa|1\n|-boost|p1a: Misdreavus|spd|1\n|move|p2a: Hatterene|Mystical Fire|p1a: Misdreavus\n|-damage|p1a: Misdreavus|154/254 par\n|-unboost|p1a: Misdreavus|spa|1\n|\n|upkeep\n|turn|25\n|\n|t:|1781432138\n|move|p1a: Misdreavus|Calm Mind|p1a: Misdreavus\n|-boost|p1a: Misdreavus|spa|1\n|-boost|p1a: Misdreavus|spd|1\n|move|p2a: Hatterene|Mystical Fire|p1a: Misdreavus\n|-damage|p1a: Misdreavus|134/254 par\n|-unboost|p1a: Misdreavus|spa|1\n|\n|upkeep\n|turn|26\n|\n|t:|1781432142\n|move|p1a: Misdreavus|Shadow Ball|p2a: Hatterene\n|-supereffective|p2a: Hatterene\n|-damage|p2a: Hatterene|84/236\n|move|p2a: Hatterene|Mystical Fire|p1a: Misdreavus\n|-damage|p1a: Misdreavus|113/254 par\n|-unboost|p1a: Misdreavus|spa|1\n|\n|upkeep\n|turn|27\n|\n|t:|1781432148\n|move|p1a: Misdreavus|Shadow Ball|p2a: Hatterene\n|-supereffective|p2a: Hatterene\n|-damage|p2a: Hatterene|0 fnt\n|faint|p2a: Hatterene\n|\n|upkeep\n|-message|abcaa forfeited.\n|\n|win|Mihir1999\n|raw|Mihir1999's rating: 1388 &rarr; <strong>1411</strong><br />(+23 for winning)\n|raw|abcaa's rating: 1436 &rarr; <strong>1413</strong><br />(-23 for losing)\n|l|\u2606abcaa\n|player|p2|\n", "uploadtime": 1781432160, "views": 2, "formatid": "gen9randombattle", "rating": 1411, "private": 0, "password": null}