{"id": "gen9randombattle-2631898938", "format": "[Gen 9] Random Battle", "players": ["drnecrotizer", "yuwan23221"], "log": "|j|\u2606drnecrotizer\n|j|\u2606yuwan23221\n|t:|1781453430\n|gametype|singles\n|player|p1|drnecrotizer|265|2064\n|player|p2|yuwan23221|101|2070\n|gen|9\n|tier|[Gen 9] Random Battle\n|rated|\n|rule|Species Clause: Limit one of each Pok\u00e9mon\n|rule|HP Percentage Mod: HP is shown in percentages\n|rule|Sleep Clause Mod: Limit one foe put to sleep\n|rule|Illusion Level Mod: Illusion disguises the Pok\u00e9mon's true level\n|\n|t:|1781453430\n|teamsize|p1|6\n|teamsize|p2|6\n|start\n|switch|p1a: Haxorus|Haxorus, L77, F|244/244\n|switch|p2a: Sinistcha|Sinistcha, L83|254/254\n|-ability|p1a: Haxorus|Mold Breaker\n|turn|1\n|inactive|Battle timer is ON: inactive players will automatically lose when time's up. (requested by yuwan23221)\n|\n|t:|1781453445\n|switch|p1a: Okidogi|Okidogi, L77, M|262/262\n|move|p2a: Sinistcha|Strength Sap|p1a: Okidogi\n|-unboost|p1a: Okidogi|atk|1\n|\n|upkeep\n|turn|2\n|\n|t:|1781453452\n|switch|p2a: Amoonguss|Amoonguss, L82, M|321/321\n|move|p1a: Okidogi|Knock Off|p2a: Amoonguss\n|-damage|p2a: Amoonguss|265/321\n|-damage|p1a: Okidogi|219/262|[from] item: Rocky Helmet|[of] p2a: Amoonguss\n|-enditem|p2a: Amoonguss|Rocky Helmet|[from] move: Knock Off|[of] p1a: Okidogi\n|\n|upkeep\n|turn|3\n|inactive|drnecrotizer has 120 seconds left.\n|\n|t:|1781453486\n|switch|p1a: Cryogonal|Cryogonal, L89|287/287\n|move|p2a: Amoonguss|Spore|p1a: Cryogonal\n|-status|p1a: Cryogonal|slp|[from] move: Spore\n|\n|upkeep\n|turn|4\n|\n|t:|1781453499\n|switch|p2a: Pincurchin|Pincurchin, M|258/258\n|-fieldstart|move: Electric Terrain|[from] ability: Electric Surge|[of] p2a: Pincurchin\n|cant|p1a: Cryogonal|slp\n|\n|upkeep\n|turn|5\n|\n|t:|1781453508\n|switch|p1a: Okidogi|Okidogi, L77, M|219/262\n|move|p2a: Pincurchin|Zing Zap|p1a: Okidogi\n|-damage|p1a: Okidogi|75/262\n|\n|upkeep\n|turn|6\n|\n|t:|1781453521\n|switch|p1a: Vivillon|Vivillon-Garden, L83, M|268/268\n|move|p2a: Pincurchin|Zing Zap|p1a: Vivillon\n|-supereffective|p1a: Vivillon\n|-damage|p1a: Vivillon|0 fnt\n|faint|p1a: Vivillon\n|\n|upkeep\n|-message|drnecrotizer forfeited.\n|\n|win|yuwan23221\n", "uploadtime": 1781453432, "views": 3, "formatid": "gen9randombattle", "rating": null, "private": 0, "password": null}