{"id": "gen9randombattle-2631800308", "format": "[Gen 9] Random Battle", "players": ["saulo199t", "reaper149032"], "log": "|j|\u2606saulo199t\n|j|\u2606reaper149032\n|t:|1781441539\n|gametype|singles\n|player|p1|saulo199t|102|1304\n|player|p2|reaper149032|giovanni-gen3|1356\n|gen|9\n|tier|[Gen 9] Random Battle\n|rated|\n|rule|Species Clause: Limit one of each Pok\u00e9mon\n|rule|HP Percentage Mod: HP is shown in percentages\n|rule|Sleep Clause Mod: Limit one foe put to sleep\n|rule|Illusion Level Mod: Illusion disguises the Pok\u00e9mon's true level\n|\n|t:|1781441539\n|teamsize|p1|6\n|teamsize|p2|6\n|start\n|switch|p1a: Komala|Komala, L88, M|258/258\n|switch|p2a: Pyroar|Pyroar, L88, M|295/295\n|-ability|p2a: Pyroar|Unnerve\n|-ability|p1a: Komala|Comatose\n|turn|1\n|inactive|Battle timer is ON: inactive players will automatically lose when time's up. (requested by reaper149032)\n|\n|t:|1781441562\n|switch|p2a: Rotom|Rotom-Fan, L86|226/226\n|move|p1a: Komala|Rapid Spin|p2a: Rotom\n|-damage|p2a: Rotom|172/226\n|-boost|p1a: Komala|spe|1\n|\n|upkeep\n|turn|2\n|\n|t:|1781441572\n|move|p1a: Komala|Body Slam|p2a: Rotom\n|-damage|p2a: Rotom|72/226\n|move|p2a: Rotom|Will-O-Wisp|p1a: Komala\n|-immune|p1a: Komala|[from] ability: Comatose\n|\n|upkeep\n|turn|3\n|\n|t:|1781441586\n|move|p1a: Komala|Body Slam|p2a: Rotom\n|-damage|p2a: Rotom|0 fnt\n|faint|p2a: Rotom\n|\n|upkeep\n|\n|t:|1781441591\n|switch|p2a: Breloom|Breloom, L83, F|235/235\n|turn|4\n|\n|t:|1781441602\n|-terastallize|p1a: Komala|Ghost\n|move|p2a: Breloom|Mach Punch|p1a: Komala\n|-immune|p1a: Komala\n|move|p1a: Komala|Body Slam|p2a: Breloom\n|-damage|p2a: Breloom|121/235\n|\n|upkeep\n|turn|5\n|\n|t:|1781441621\n|move|p1a: Komala|Body Slam|p2a: Breloom\n|-damage|p2a: Breloom|0 fnt\n|faint|p2a: Breloom\n|\n|upkeep\n|\n|t:|1781441629\n|switch|p2a: Porygon-Z|Porygon-Z, L83|277/277\n|turn|6\n|\n|t:|1781441634\n|move|p1a: Komala|Knock Off|p2a: Porygon-Z\n|-damage|p2a: Porygon-Z|170/277\n|-enditem|p2a: Porygon-Z|Life Orb|[from] move: Knock Off|[of] p1a: Komala\n|move|p2a: Porygon-Z|Shadow Ball|p1a: Komala\n|-supereffective|p1a: Komala\n|-damage|p1a: Komala|178/258\n|\n|upkeep\n|turn|7\n|\n|t:|1781441647\n|move|p1a: Komala|Body Slam|p2a: Porygon-Z\n|-damage|p2a: Porygon-Z|28/277\n|move|p2a: Porygon-Z|Nasty Plot|p2a: Porygon-Z\n|-boost|p2a: Porygon-Z|spa|2\n|\n|upkeep\n|turn|8\n|\n|t:|1781441653\n|move|p1a: Komala|Body Slam|p2a: Porygon-Z\n|-damage|p2a: Porygon-Z|0 fnt\n|faint|p2a: Porygon-Z\n|\n|upkeep\n|\n|t:|1781441658\n|switch|p2a: Pyroar|Pyroar, L88, M|295/295\n|-ability|p2a: Pyroar|Unnerve\n|turn|9\n|\n|t:|1781441663\n|move|p1a: Komala|Earthquake|p2a: Pyroar\n|-supereffective|p2a: Pyroar\n|-damage|p2a: Pyroar|93/295\n|move|p2a: Pyroar|Dark Pulse|p1a: Komala\n|-supereffective|p1a: Komala\n|-damage|p1a: Komala|92/258\n|\n|upkeep\n|turn|10\n|\n|t:|1781441671\n|move|p1a: Komala|Earthquake|p2a: Pyroar\n|-supereffective|p2a: Pyroar\n|-damage|p2a: Pyroar|0 fnt\n|faint|p2a: Pyroar\n|\n|upkeep\n|\n|t:|1781441677\n|switch|p2a: Hydrapple|Hydrapple, L83, M|312/312\n|turn|11\n|\n|t:|1781441683\n|move|p1a: Komala|Body Slam|p2a: Hydrapple\n|-damage|p2a: Hydrapple|210/312\n|-status|p2a: Hydrapple|par\n|cant|p2a: Hydrapple|par\n|\n|upkeep\n|turn|12\n|\n|t:|1781441689\n|move|p1a: Komala|Knock Off|p2a: Hydrapple\n|-damage|p2a: Hydrapple|134/312 par\n|-enditem|p2a: Hydrapple|Assault Vest|[from] move: Knock Off|[of] p1a: Komala\n|cant|p2a: Hydrapple|par\n|\n|upkeep\n|turn|13\n|\n|t:|1781441700\n|move|p1a: Komala|Body Slam|p2a: Hydrapple\n|-damage|p2a: Hydrapple|31/312 par\n|move|p2a: Hydrapple|Dragon Tail|p1a: Komala|[miss]\n|-miss|p2a: Hydrapple|p1a: Komala\n|\n|upkeep\n|turn|14\n|\n|t:|1781441705\n|move|p1a: Komala|Body Slam|p2a: Hydrapple\n|-damage|p2a: Hydrapple|0 fnt\n|faint|p2a: Hydrapple\n|\n|upkeep\n|\n|t:|1781441711\n|switch|p2a: Beartic|Beartic, L91, F|321/321\n|turn|15\n|\n|t:|1781441718\n|move|p1a: Komala|Body Slam|p2a: Beartic\n|-damage|p2a: Beartic|201/321\n|move|p2a: Beartic|Icicle Crash|p1a: Komala\n|-damage|p1a: Komala|0 fnt\n|faint|p1a: Komala\n|\n|upkeep\n|\n|t:|1781441724\n|switch|p1a: Hawlucha|Hawlucha, L80, M|256/256\n|turn|16\n|\n|t:|1781441731\n|-terastallize|p2a: Beartic|Ground\n|move|p1a: Hawlucha|Close Combat|p2a: Beartic\n|-damage|p2a: Beartic|93/321\n|-unboost|p1a: Hawlucha|def|1\n|-unboost|p1a: Hawlucha|spd|1\n|-enditem|p1a: Hawlucha|White Herb\n|-clearnegativeboost|p1a: Hawlucha|[silent]\n|move|p2a: Beartic|Snowscape|p2a: Beartic\n|-weather|Snowscape\n|\n|-weather|Snowscape|[upkeep]\n|upkeep\n|turn|17\n|\n|t:|1781441742\n|move|p1a: Hawlucha|Close Combat|p2a: Beartic\n|-damage|p2a: Beartic|0 fnt\n|-unboost|p1a: Hawlucha|def|1\n|-unboost|p1a: Hawlucha|spd|1\n|faint|p2a: Beartic\n|\n|win|saulo199t\n|raw|saulo199t's rating: 1304 &rarr; <strong>1327</strong><br />(+23 for winning)\n|raw|reaper149032's rating: 1356 &rarr; <strong>1333</strong><br />(-23 for losing)\n|l|\u2606reaper149032\n|player|p2|\n", "uploadtime": 1781441757, "views": 4, "formatid": "gen9randombattle", "rating": 1327, "private": 0, "password": null}