{"id": "gen9randombattle-2631970038", "format": "[Gen 9] Random Battle", "players": ["Greedy Rapooh", "tiziown"], "log": "|j|\u2606Greedy Rapooh\n|j|\u2606tiziown\n|t:|1781461193\n|gametype|singles\n|player|p1|Greedy Rapooh|acerola-masters|2106\n|player|p2|tiziown|rocker-gen3|2053\n|gen|9\n|tier|[Gen 9] Random Battle\n|rated|\n|rule|Species Clause: Limit one of each Pok\u00e9mon\n|rule|HP Percentage Mod: HP is shown in percentages\n|rule|Sleep Clause Mod: Limit one foe put to sleep\n|rule|Illusion Level Mod: Illusion disguises the Pok\u00e9mon's true level\n|\n|t:|1781461193\n|teamsize|p1|6\n|teamsize|p2|6\n|start\n|switch|p1a: Breloom|Breloom, L83, F|235/235\n|switch|p2a: Cramorant|Cramorant, L86, M|261/261\n|turn|1\n|inactive|Battle timer is ON: inactive players will automatically lose when time's up. (requested by Greedy Rapooh)\n|\n|t:|1781461234\n|switch|p1a: Glaceon|Glaceon, L94, M|275/275\n|move|p2a: Cramorant|Surf|p1a: Glaceon\n|-formechange|p2a: Cramorant|Cramorant-Gulping|\n|-damage|p1a: Glaceon|203/275\n|\n|upkeep\n|turn|2\n|\n|t:|1781461256\n|switch|p2a: Iron Moth|Iron Moth, L78|253/253\n|move|p1a: Glaceon|Freeze-Dry|p2a: Iron Moth\n|-resisted|p2a: Iron Moth\n|-damage|p2a: Iron Moth|199/253\n|-status|p2a: Iron Moth|frz\n|\n|upkeep\n|turn|3\n|\n|t:|1781461263\n|-curestatus|p2a: Iron Moth|frz|[msg]\n|move|p2a: Iron Moth|Fiery Dance|p1a: Glaceon\n|-supereffective|p1a: Glaceon\n|-damage|p1a: Glaceon|0 fnt\n|-boost|p2a: Iron Moth|spa|1\n|faint|p1a: Glaceon\n|\n|upkeep\n|\n|t:|1781461266\n|switch|p1a: Roaring Moon|Roaring Moon, L72|270/270\n|turn|4\n|inactive|tiziown has 120 seconds left.\n|inactive|tiziown has 90 seconds left.\n|inactive|tiziown has 60 seconds left.\n|\n|t:|1781461368\n|-end|p2a: Iron Moth|Quark Drive|[silent]\n|switch|p2a: Registeel|Registeel, L81|262/262\n|move|p1a: Roaring Moon|Outrage|p2a: Registeel\n|-resisted|p2a: Registeel\n|-damage|p2a: Registeel|198/262\n|\n|upkeep\n|turn|5\n|\n|t:|1781461373\n|move|p1a: Roaring Moon|Outrage|p2a: Registeel|[from] lockedmove\n|-resisted|p2a: Registeel\n|-damage|p2a: Registeel|138/262\n|-start|p1a: Roaring Moon|confusion|[fatigue]\n|move|p2a: Registeel|Iron Defense|p2a: Registeel\n|-boost|p2a: Registeel|def|2\n|\n|upkeep\n|turn|6\n|inactive|tiziown has 60 seconds left.\n|\n|t:|1781461396\n|-end|p1a: Roaring Moon|Protosynthesis|[silent]\n|switch|p1a: Clefable|Clefable, L83, F|293/293\n|move|p2a: Registeel|Body Press|p1a: Clefable\n|-resisted|p1a: Clefable\n|-damage|p1a: Clefable|206/293\n|\n|upkeep\n|turn|7\n|\n|t:|1781461400\n|move|p1a: Clefable|Fire Blast|p2a: Registeel|[miss]\n|-miss|p1a: Clefable|p2a: Registeel\n|move|p2a: Registeel|Iron Head|p1a: Clefable\n|-supereffective|p1a: Clefable\n|-damage|p1a: Clefable|38/293\n|\n|upkeep\n|turn|8\n|l|\u2606Greedy Rapooh\n|inactive|Greedy Rapooh disconnected and has a minute to reconnect!\n|player|p1|\n|inactive|tiziown has 60 seconds left.\n|inactive|tiziown has 30 seconds left.\n|\n|t:|1781461440\n|move|p1a: Clefable|Moonlight|p1a: Clefable\n|-heal|p1a: Clefable|184/293\n|move|p2a: Registeel|Iron Head|p1a: Clefable\n|-supereffective|p1a: Clefable\n|-damage|p1a: Clefable|38/293\n|\n|upkeep\n|turn|9\n|inactive|tiziown has 30 seconds left.\n|inactive|tiziown has 20 seconds left.\n|inactive|tiziown has 15 seconds left.\n|inactive|Greedy Rapooh has 30 seconds to reconnect!\n|inactive|tiziown has 10 seconds left.\n|inactive|Greedy Rapooh has 20 seconds to reconnect!\n|inactive|Greedy Rapooh has 15 seconds to reconnect!\n|inactive|Greedy Rapooh has 10 seconds to reconnect!\n|inactive|Greedy Rapooh has 5 seconds to reconnect!\n|-message|Greedy Rapooh lost due to inactivity.\n|\n|win|tiziown\n", "uploadtime": 1781461195, "views": 4, "formatid": "gen9randombattle", "rating": null, "private": 0, "password": null}