{"id": "gen9randombattle-2631470995", "format": "[Gen 9] Random Battle", "players": ["Gokucario", "mistic_nobelking"], "log": "|j|\u2606Gokucario\n|j|\u2606mistic_nobelking\n|t:|1781388862\n|gametype|singles\n|player|p1|Gokucario|riley|1937\n|player|p2|mistic_nobelking|1|1929\n|gen|9\n|tier|[Gen 9] Random Battle\n|rated|\n|rule|Species Clause: Limit one of each Pok\u00e9mon\n|rule|HP Percentage Mod: HP is shown in percentages\n|rule|Sleep Clause Mod: Limit one foe put to sleep\n|rule|Illusion Level Mod: Illusion disguises the Pok\u00e9mon's true level\n|\n|t:|1781388862\n|teamsize|p1|6\n|teamsize|p2|6\n|start\n|switch|p1a: Regidrago|Regidrago, L77|435/435\n|switch|p2a: Jumpluff|Jumpluff, L87, M|271/271\n|turn|1\n|inactive|Battle timer is ON: inactive players will automatically lose when time's up. (requested by Gokucario)\n|\n|t:|1781388885\n|move|p2a: Jumpluff|Strength Sap|p1a: Regidrago\n|-unboost|p1a: Regidrago|atk|1\n|move|p1a: Regidrago|Dragon Dance|p1a: Regidrago\n|-boost|p1a: Regidrago|atk|1\n|-boost|p1a: Regidrago|spe|1\n|\n|upkeep\n|turn|2\n|\n|t:|1781388890\n|move|p1a: Regidrago|Draco Meteor|p2a: Jumpluff\n|-damage|p2a: Jumpluff|114/271\n|-unboost|p1a: Regidrago|spa|2\n|move|p2a: Jumpluff|Encore|p1a: Regidrago\n|-start|p1a: Regidrago|Encore\n|\n|upkeep\n|turn|3\n|\n|t:|1781388905\n|move|p1a: Regidrago|Draco Meteor|p2a: Jumpluff|[miss]\n|-miss|p1a: Regidrago|p2a: Jumpluff\n|move|p2a: Jumpluff|Strength Sap|p1a: Regidrago\n|-unboost|p1a: Regidrago|atk|1\n|-heal|p2a: Jumpluff|271/271\n|\n|upkeep\n|turn|4\n|\n|t:|1781388920\n|switch|p1a: Darkrai|Darkrai, L77|234/234\n|switch|p2a: Abomasnow|Abomasnow, L84, M|287/287\n|-weather|Snowscape|[from] ability: Snow Warning|[of] p2a: Abomasnow\n|\n|-weather|Snowscape|[upkeep]\n|upkeep\n|turn|5\n|\n|t:|1781388929\n|move|p1a: Darkrai|Nasty Plot|p1a: Darkrai\n|-boost|p1a: Darkrai|spa|2\n|move|p2a: Abomasnow|Aurora Veil|p2a: Abomasnow\n|-sidestart|p2: mistic_nobelking|move: Aurora Veil\n|\n|-weather|Snowscape|[upkeep]\n|upkeep\n|turn|6\n|\n|t:|1781388933\n|move|p1a: Darkrai|Sludge Bomb|p2a: Abomasnow\n|-supereffective|p2a: Abomasnow\n|-damage|p2a: Abomasnow|105/287\n|-damage|p1a: Darkrai|211/234|[from] item: Life Orb\n|move|p2a: Abomasnow|Wood Hammer|p1a: Darkrai\n|-damage|p1a: Darkrai|70/234\n|-damage|p2a: Abomasnow|58/287|[from] Recoil\n|\n|-weather|Snowscape|[upkeep]\n|upkeep\n|turn|7\n|\n|t:|1781388941\n|switch|p2a: Jumpluff|Jumpluff, L87, M|271/271\n|move|p1a: Darkrai|Sludge Bomb|p2a: Jumpluff\n|-supereffective|p2a: Jumpluff\n|-damage|p2a: Jumpluff|115/271\n|-status|p2a: Jumpluff|psn\n|-damage|p1a: Darkrai|47/234|[from] item: Life Orb\n|\n|-weather|Snowscape|[upkeep]\n|-damage|p2a: Jumpluff|82/271 psn|[from] psn\n|upkeep\n|turn|8\n|\n|t:|1781388950\n|switch|p1a: Gardevoir|Gardevoir, L83, M|249/249\n|-ability|p1a: Gardevoir|Infiltrator|Trace|[from] ability: Trace|[of] p2a: Jumpluff\n|move|p2a: Jumpluff|Acrobatics|p1a: Gardevoir\n|-crit|p1a: Gardevoir\n|-damage|p1a: Gardevoir|87/249\n|\n|-weather|none\n|-damage|p2a: Jumpluff|49/271 psn|[from] psn\n|upkeep\n|turn|9\n|\n|t:|1781388960\n|move|p1a: Gardevoir|Moonblast|p2a: Jumpluff\n|-damage|p2a: Jumpluff|0 fnt\n|faint|p2a: Jumpluff\n|\n|upkeep\n|\n|t:|1781388968\n|switch|p2a: Camerupt|Camerupt, L91, F|275/275\n|turn|10\n|\n|t:|1781388975\n|switch|p1a: Lugia|Lugia, L73|275/275\n|move|p2a: Camerupt|Stealth Rock|p1a: Lugia\n|-sidestart|p1: Gokucario|move: Stealth Rock\n|\n|upkeep\n|turn|11\n|\n|t:|1781388992\n|switch|p2a: Slaking|Slaking, L84, F|389/389\n|move|p1a: Lugia|Calm Mind|p1a: Lugia\n|-boost|p1a: Lugia|spa|1\n|-boost|p1a: Lugia|spd|1\n|\n|upkeep\n|turn|12\n|\n|t:|1781389011\n|move|p2a: Slaking|Knock Off|p1a: Lugia\n|-supereffective|p1a: Lugia\n|-damage|p1a: Lugia|136/275\n|-enditem|p1a: Lugia|Heavy-Duty Boots|[from] move: Knock Off|[of] p2a: Slaking\n|move|p1a: Lugia|Calm Mind|p1a: Lugia\n|-boost|p1a: Lugia|spa|1\n|-boost|p1a: Lugia|spd|1\n|\n|-sideend|p2: mistic_nobelking|move: Aurora Veil\n|upkeep\n|turn|13\n|\n|t:|1781389019\n|switch|p2a: Emboar|Emboar, L84, M|322/322\n|move|p1a: Lugia|Recover|p1a: Lugia\n|-heal|p1a: Lugia|274/275\n|\n|upkeep\n|turn|14\n|\n|t:|1781389024\n|move|p2a: Emboar|Head Smash|p1a: Lugia\n|-supereffective|p1a: Lugia\n|-damage|p1a: Lugia|32/275\n|-damage|p2a: Emboar|201/322|[from] Recoil\n|move|p1a: Lugia|Aeroblast|p2a: Emboar\n|-supereffective|p2a: Emboar\n|-damage|p2a: Emboar|0 fnt\n|faint|p2a: Emboar\n|\n|upkeep\n|\n|t:|1781389032\n|switch|p2a: Slaking|Slaking, L84, F|389/389\n|turn|15\n|\n|t:|1781389035\n|move|p2a: Slaking|Knock Off|p1a: Lugia\n|-supereffective|p1a: Lugia\n|-damage|p1a: Lugia|0 fnt\n|faint|p1a: Lugia\n|\n|upkeep\n|\n|t:|1781389039\n|switch|p1a: Quaquaval|Quaquaval, L79, M|264/264\n|-damage|p1a: Quaquaval|248/264|[from] Stealth Rock\n|turn|16\n|\n|t:|1781389052\n|switch|p2a: Abomasnow|Abomasnow, L84, M|58/287\n|-weather|Snowscape|[from] ability: Snow Warning|[of] p2a: Abomasnow\n|move|p1a: Quaquaval|Aqua Step|p2a: Abomasnow\n|-resisted|p2a: Abomasnow\n|-damage|p2a: Abomasnow|18/287\n|-boost|p1a: Quaquaval|spe|1\n|-damage|p1a: Quaquaval|222/264|[from] item: Life Orb\n|\n|-weather|Snowscape|[upkeep]\n|upkeep\n|turn|17\n|\n|t:|1781389059\n|move|p1a: Quaquaval|Aqua Step|p2a: Abomasnow\n|-resisted|p2a: Abomasnow\n|-damage|p2a: Abomasnow|0 fnt\n|-boost|p1a: Quaquaval|spe|1\n|faint|p2a: Abomasnow\n|-ability|p1a: Quaquaval|Moxie|boost\n|-boost|p1a: Quaquaval|atk|1\n|-damage|p1a: Quaquaval|196/264|[from] item: Life Orb\n|\n|-weather|Snowscape|[upkeep]\n|upkeep\n|\n|t:|1781389065\n|switch|p2a: Slaking|Slaking, L84, F|389/389\n|turn|18\n|\n|t:|1781389071\n|-terastallize|p2a: Slaking|Ghost\n|move|p1a: Quaquaval|Close Combat|p2a: Slaking\n|-immune|p2a: Slaking\n|move|p2a: Slaking|Double-Edge|p1a: Quaquaval\n|-damage|p1a: Quaquaval|0 fnt\n|faint|p1a: Quaquaval\n|-damage|p2a: Slaking|324/389|[from] Recoil\n|\n|-weather|Snowscape|[upkeep]\n|upkeep\n|\n|t:|1781389077\n|switch|p1a: Regidrago|Regidrago, L77|435/435\n|-damage|p1a: Regidrago|381/435|[from] Stealth Rock\n|turn|19\n|\n|t:|1781389086\n|switch|p2a: Camerupt|Camerupt, L91, F|275/275\n|move|p1a: Regidrago|Dragon Dance|p1a: Regidrago\n|-boost|p1a: Regidrago|atk|1\n|-boost|p1a: Regidrago|spe|1\n|\n|-weather|Snowscape|[upkeep]\n|upkeep\n|turn|20\n|\n|t:|1781389100\n|move|p1a: Regidrago|Draco Meteor|p2a: Camerupt\n|-damage|p2a: Camerupt|100/275\n|-unboost|p1a: Regidrago|spa|2\n|move|p2a: Camerupt|Roar|p1a: Regidrago\n|drag|p1a: Darkrai|Darkrai, L77|47/234\n|-damage|p1a: Darkrai|18/234|[from] Stealth Rock\n|\n|-weather|none\n|-heal|p2a: Camerupt|117/275|[from] item: Leftovers\n|upkeep\n|turn|21\n|\n|t:|1781389106\n|move|p1a: Darkrai|Dark Pulse|p2a: Camerupt\n|-damage|p2a: Camerupt|0 fnt\n|faint|p2a: Camerupt\n|-damage|p1a: Darkrai|0 fnt|[from] item: Life Orb\n|faint|p1a: Darkrai\n|\n|upkeep\n|\n|t:|1781389120\n|switch|p1a: Dugtrio|Dugtrio, L84, F|196/196\n|switch|p2a: Slaking|Slaking, L84, F, tera:Ghost|324/389\n|-damage|p1a: Dugtrio|184/196|[from] Stealth Rock\n|turn|22\n|\n|t:|1781389131\n|move|p1a: Dugtrio|Throat Chop|p2a: Slaking\n|-supereffective|p2a: Slaking\n|-damage|p2a: Slaking|166/389\n|-start|p2a: Slaking|Throat Chop|[silent]\n|move|p2a: Slaking|Double-Edge|p1a: Dugtrio\n|-damage|p1a: Dugtrio|0 fnt\n|faint|p1a: Dugtrio\n|-damage|p2a: Slaking|105/389|[from] Recoil\n|\n|upkeep\n|\n|t:|1781389139\n|switch|p1a: Regidrago|Regidrago, L77|381/435\n|-damage|p1a: Regidrago|327/435|[from] Stealth Rock\n|turn|23\n|\n|t:|1781389144\n|cant|p2a: Slaking|ability: Truant\n|move|p1a: Regidrago|Dragon Dance|p1a: Regidrago\n|-boost|p1a: Regidrago|atk|1\n|-boost|p1a: Regidrago|spe|1\n|\n|-end|p2a: Slaking|Throat Chop|[silent]\n|upkeep\n|turn|24\n|\n|t:|1781389155\n|move|p1a: Regidrago|Outrage|p2a: Slaking\n|-damage|p2a: Slaking|0 fnt\n|faint|p2a: Slaking\n|\n|upkeep\n|\n|t:|1781389159\n|switch|p2a: Zoroark|Zoroark, L83, F|235/235\n|turn|25\n|\n|t:|1781389162\n|move|p1a: Regidrago|Outrage|p2a: Zoroark|[from] lockedmove\n|-damage|p2a: Zoroark|0 fnt\n|faint|p2a: Zoroark\n|-start|p1a: Regidrago|confusion|[fatigue]\n|\n|win|Gokucario\n", "uploadtime": 1781388863, "views": 5, "formatid": "gen9randombattle", "rating": null, "private": 0, "password": null}