{"id": "gen9randombattle-2631581277", "format": "[Gen 9] Random Battle", "players": ["UU Fent Dealer", "nViDiaaaaa"], "log": "|j|\u2606UU Fent Dealer\n|j|\u2606nViDiaaaaa\n|t:|1781404269\n|gametype|singles\n|player|p1|UU Fent Dealer|170|1347\n|player|p2|nViDiaaaaa|170|1297\n|gen|9\n|tier|[Gen 9] Random Battle\n|rated|\n|rule|Species Clause: Limit one of each Pok\u00e9mon\n|rule|HP Percentage Mod: HP is shown in percentages\n|rule|Sleep Clause Mod: Limit one foe put to sleep\n|rule|Illusion Level Mod: Illusion disguises the Pok\u00e9mon's true level\n|\n|t:|1781404269\n|teamsize|p1|6\n|teamsize|p2|6\n|start\n|switch|p1a: Gholdengo|Gholdengo, L77|261/261\n|switch|p2a: Snorlax|Snorlax, L82, F|397/397\n|turn|1\n|inactive|Battle timer is ON: inactive players will automatically lose when time's up. (requested by nViDiaaaaa)\n|\n|t:|1781404289\n|switch|p2a: Scovillain|Scovillain, L91, M|266/266\n|move|p1a: Gholdengo|Nasty Plot|p1a: Gholdengo\n|-boost|p1a: Gholdengo|spa|2\n|\n|upkeep\n|turn|2\n|\n|t:|1781404301\n|-terastallize|p1a: Gholdengo|Water\n|move|p2a: Scovillain|Overheat|p1a: Gholdengo\n|-resisted|p1a: Gholdengo\n|-damage|p1a: Gholdengo|171/261\n|-unboost|p2a: Scovillain|spa|2\n|move|p1a: Gholdengo|Shadow Ball|p2a: Scovillain\n|-damage|p2a: Scovillain|43/266\n|\n|-heal|p1a: Gholdengo|187/261|[from] item: Leftovers\n|upkeep\n|turn|3\n|\n|t:|1781404312\n|move|p2a: Scovillain|Overheat|p1a: Gholdengo|[miss]\n|-miss|p2a: Scovillain|p1a: Gholdengo\n|move|p1a: Gholdengo|Recover|p1a: Gholdengo\n|-heal|p1a: Gholdengo|261/261\n|\n|upkeep\n|turn|4\n|\n|t:|1781404319\n|move|p2a: Scovillain|Overheat|p1a: Gholdengo\n|-resisted|p1a: Gholdengo\n|-damage|p1a: Gholdengo|217/261\n|-unboost|p2a: Scovillain|spa|2\n|move|p1a: Gholdengo|Nasty Plot|p1a: Gholdengo\n|-boost|p1a: Gholdengo|spa|2\n|\n|-heal|p1a: Gholdengo|233/261|[from] item: Leftovers\n|upkeep\n|turn|5\n|\n|t:|1781404328\n|switch|p2a: Pelipper|Pelipper, L86, M|243/243\n|-weather|RainDance|[from] ability: Drizzle|[of] p2a: Pelipper\n|move|p1a: Gholdengo|Nasty Plot|p1a: Gholdengo\n|-boost|p1a: Gholdengo|spa|2\n|\n|-weather|RainDance|[upkeep]\n|-heal|p1a: Gholdengo|249/261|[from] item: Leftovers\n|upkeep\n|turn|6\n|\n|t:|1781404333\n|move|p1a: Gholdengo|Shadow Ball|p2a: Pelipper\n|-damage|p2a: Pelipper|0 fnt\n|faint|p2a: Pelipper\n|\n|-weather|RainDance|[upkeep]\n|-heal|p1a: Gholdengo|261/261|[from] item: Leftovers\n|upkeep\n|\n|t:|1781404339\n|switch|p2a: Spectrier|Spectrier, L75|274/274\n|turn|7\n|\n|t:|1781404344\n|-terastallize|p2a: Spectrier|Fairy\n|move|p2a: Spectrier|Nasty Plot|p2a: Spectrier\n|-boost|p2a: Spectrier|spa|2\n|move|p1a: Gholdengo|Shadow Ball|p2a: Spectrier\n|-damage|p2a: Spectrier|0 fnt\n|faint|p2a: Spectrier\n|\n|-weather|RainDance|[upkeep]\n|upkeep\n|-message|nViDiaaaaa forfeited.\n|\n|win|UU Fent Dealer\n|raw|UU Fent Dealer's rating: 1347 &rarr; <strong>1364</strong><br />(+17 for winning)\n|raw|nViDiaaaaa's rating: 1297 &rarr; <strong>1276</strong><br />(-21 for losing)\n|l|\u2606nViDiaaaaa\n|player|p2|\n", "uploadtime": 1781404355, "views": 7, "formatid": "gen9randombattle", "rating": 1276, "private": 0, "password": null}