{"id": "gen9randombattle-2631887584", "format": "[Gen 9] Random Battle", "players": ["ZannaBianca99", "Alloking"], "log": "|j|\u2606ZannaBianca99\n|j|\u2606Alloking\n|t:|1781452212\n|gametype|singles\n|player|p1|ZannaBianca99|102|1999\n|player|p2|Alloking|blue-gen3champion|1968\n|gen|9\n|tier|[Gen 9] Random Battle\n|rated|\n|rule|Species Clause: Limit one of each Pok\u00e9mon\n|rule|HP Percentage Mod: HP is shown in percentages\n|rule|Sleep Clause Mod: Limit one foe put to sleep\n|rule|Illusion Level Mod: Illusion disguises the Pok\u00e9mon's true level\n|\n|t:|1781452212\n|teamsize|p1|6\n|teamsize|p2|6\n|start\n|switch|p1a: Latios|Latios, L78, M|253/253\n|switch|p2a: Chi-Yu|Chi-Yu, L77|211/211\n|-ability|p2a: Chi-Yu|Beads of Ruin\n|turn|1\n|inactive|Battle timer is ON: inactive players will automatically lose when time's up. (requested by Alloking)\n|\n|t:|1781452223\n|switch|p1a: Mightyena|Mightyena, L96, M|290/290\n|-ability|p1a: Mightyena|Intimidate|boost\n|-unboost|p2a: Chi-Yu|atk|1\n|move|p2a: Chi-Yu|Dark Pulse|p1a: Mightyena\n|-resisted|p1a: Mightyena\n|-damage|p1a: Mightyena|239/290\n|\n|upkeep\n|turn|2\n|\n|t:|1781452236\n|switch|p2a: Registeel|Registeel, L81|262/262\n|move|p1a: Mightyena|Play Rough|p2a: Registeel\n|-resisted|p2a: Registeel\n|-damage|p2a: Registeel|234/262\n|\n|-heal|p2a: Registeel|250/262|[from] item: Leftovers\n|upkeep\n|turn|3\n|\n|t:|1781452242\n|switch|p1a: Magnezone|Magnezone, L85|258/258\n|move|p2a: Registeel|Stealth Rock|p1a: Magnezone\n|-sidestart|p1: ZannaBianca99|move: Stealth Rock\n|\n|-heal|p2a: Registeel|262/262|[from] item: Leftovers\n|upkeep\n|turn|4\n|\n|t:|1781452256\n|move|p1a: Magnezone|Thunderbolt|p2a: Registeel\n|-damage|p2a: Registeel|181/262\n|move|p2a: Registeel|Body Press|p1a: Magnezone\n|-supereffective|p1a: Magnezone\n|-damage|p1a: Magnezone|138/258\n|\n|-heal|p2a: Registeel|197/262|[from] item: Leftovers\n|upkeep\n|turn|5\n|\n|t:|1781452261\n|move|p1a: Magnezone|Body Press|p2a: Registeel\n|-supereffective|p2a: Registeel\n|-damage|p2a: Registeel|101/262\n|move|p2a: Registeel|Body Press|p1a: Magnezone\n|-supereffective|p1a: Magnezone\n|-damage|p1a: Magnezone|22/258\n|\n|-heal|p2a: Registeel|117/262|[from] item: Leftovers\n|upkeep\n|turn|6\n|\n|t:|1781452268\n|move|p1a: Magnezone|Body Press|p2a: Registeel\n|-supereffective|p2a: Registeel\n|-damage|p2a: Registeel|31/262\n|move|p2a: Registeel|Body Press|p1a: Magnezone\n|-supereffective|p1a: Magnezone\n|-damage|p1a: Magnezone|0 fnt\n|faint|p1a: Magnezone\n|\n|-heal|p2a: Registeel|47/262|[from] item: Leftovers\n|upkeep\n|\n|t:|1781452272\n|switch|p1a: Swampert|Swampert, L83, M|302/302\n|-damage|p1a: Swampert|284/302|[from] Stealth Rock\n|turn|7\n|\n|t:|1781452293\n|switch|p2a: Sawsbuck|Sawsbuck-Autumn, L88, M|284/284\n|move|p1a: Swampert|Earthquake|p2a: Sawsbuck\n|-resisted|p2a: Sawsbuck\n|-damage|p2a: Sawsbuck|221/284\n|\n|-heal|p1a: Swampert|302/302|[from] item: Leftovers\n|upkeep\n|turn|8\n|\n|t:|1781452302\n|switch|p1a: Pecharunt|Pecharunt, L77|262/262\n|-damage|p1a: Pecharunt|230/262|[from] Stealth Rock\n|move|p2a: Sawsbuck|Horn Leech|p1a: Pecharunt\n|-resisted|p1a: Pecharunt\n|-crit|p1a: Pecharunt\n|-damage|p1a: Pecharunt|170/262\n|-heal|p2a: Sawsbuck|251/284|[from] drain|[of] p1a: Pecharunt\n|-damage|p2a: Sawsbuck|223/284|[from] item: Life Orb\n|\n|-heal|p1a: Pecharunt|186/262|[from] item: Leftovers\n|upkeep\n|turn|9\n|\n|t:|1781452321\n|switch|p2a: Registeel|Registeel, L81|47/262\n|move|p1a: Pecharunt|Malignant Chain|p2a: Registeel\n|-immune|p2a: Registeel\n|\n|-heal|p1a: Pecharunt|202/262|[from] item: Leftovers\n|-heal|p2a: Registeel|63/262|[from] item: Leftovers\n|upkeep\n|turn|10\n|\n|t:|1781452327\n|move|p1a: Pecharunt|Nasty Plot|p1a: Pecharunt\n|-boost|p1a: Pecharunt|spa|2\n|move|p2a: Registeel|Thunder Wave|p1a: Pecharunt\n|-status|p1a: Pecharunt|par\n|\n|-heal|p2a: Registeel|79/262|[from] item: Leftovers\n|-heal|p1a: Pecharunt|218/262 par|[from] item: Leftovers\n|upkeep\n|turn|11\n|\n|t:|1781452342\n|switch|p2a: Chi-Yu|Chi-Yu, L77|211/211\n|-ability|p2a: Chi-Yu|Beads of Ruin\n|move|p1a: Pecharunt|Shadow Ball|p2a: Chi-Yu\n|-resisted|p2a: Chi-Yu\n|-damage|p2a: Chi-Yu|151/211\n|-unboost|p2a: Chi-Yu|spd|1\n|\n|-heal|p1a: Pecharunt|234/262 par|[from] item: Leftovers\n|upkeep\n|turn|12\n|\n|t:|1781452348\n|move|p2a: Chi-Yu|Dark Pulse|p1a: Pecharunt\n|-supereffective|p1a: Pecharunt\n|-damage|p1a: Pecharunt|0 fnt\n|faint|p1a: Pecharunt\n|\n|upkeep\n|-message|ZannaBianca99 forfeited.\n|\n|win|Alloking\n", "uploadtime": 1781452214, "views": 4, "formatid": "gen9randombattle", "rating": null, "private": 0, "password": null}