{"id": "gen9randombattle-2631476717", "format": "[Gen 9] Random Battle", "players": ["GoofierBowl1040", "Jrekjje"], "log": "|j|\u2606GoofierBowl1040\n|j|\u2606Jrekjje\n|t:|1781389698\n|gametype|singles\n|player|p1|GoofierBowl1040|miku-ghost|1901\n|player|p2|Jrekjje|101|1911\n|gen|9\n|tier|[Gen 9] Random Battle\n|rated|\n|rule|Species Clause: Limit one of each Pok\u00e9mon\n|rule|HP Percentage Mod: HP is shown in percentages\n|rule|Sleep Clause Mod: Limit one foe put to sleep\n|rule|Illusion Level Mod: Illusion disguises the Pok\u00e9mon's true level\n|\n|t:|1781389698\n|teamsize|p1|6\n|teamsize|p2|6\n|start\n|switch|p1a: Latios|Latios, L78, M|253/253\n|switch|p2a: Comfey|Comfey, L85, M|225/225\n|turn|1\n|inactive|Battle timer is ON: inactive players will automatically lose when time's up. (requested by Jrekjje)\n|\n|t:|1781389710\n|switch|p1a: Venusaur|Venusaur, L84, M|272/272\n|move|p2a: Comfey|Calm Mind|p2a: Comfey\n|-boost|p2a: Comfey|spa|1\n|-boost|p2a: Comfey|spd|1\n|\n|upkeep\n|turn|2\n|\n|t:|1781389718\n|switch|p2a: Pelipper|Pelipper, L86, F|243/243\n|-weather|RainDance|[from] ability: Drizzle|[of] p2a: Pelipper\n|move|p1a: Venusaur|Leech Seed|p2a: Pelipper\n|-start|p2a: Pelipper|move: Leech Seed\n|\n|-weather|RainDance|[upkeep]\n|-damage|p2a: Pelipper|213/243|[from] Leech Seed|[of] p1a: Venusaur\n|upkeep\n|turn|3\n|\n|t:|1781389725\n|move|p1a: Venusaur|Substitute|p1a: Venusaur\n|-start|p1a: Venusaur|Substitute\n|-damage|p1a: Venusaur|204/272\n|move|p2a: Pelipper|Hurricane|p1a: Venusaur\n|-supereffective|p1a: Venusaur\n|-end|p1a: Venusaur|Substitute\n|\n|-weather|RainDance|[upkeep]\n|-heal|p1a: Venusaur|221/272|[from] item: Leftovers\n|-damage|p2a: Pelipper|183/243|[from] Leech Seed|[of] p1a: Venusaur\n|-heal|p1a: Venusaur|251/272|[silent]\n|upkeep\n|turn|4\n|\n|t:|1781389731\n|move|p1a: Venusaur|Substitute|p1a: Venusaur\n|-start|p1a: Venusaur|Substitute\n|-damage|p1a: Venusaur|183/272\n|move|p2a: Pelipper|Hurricane|p1a: Venusaur\n|-supereffective|p1a: Venusaur\n|-end|p1a: Venusaur|Substitute\n|\n|-weather|RainDance|[upkeep]\n|-heal|p1a: Venusaur|200/272|[from] item: Leftovers\n|-damage|p2a: Pelipper|153/243|[from] Leech Seed|[of] p1a: Venusaur\n|-heal|p1a: Venusaur|230/272|[silent]\n|upkeep\n|turn|5\n|\n|t:|1781389734\n|switch|p2a: Brambleghast|Brambleghast, L88, M|240/240\n|move|p1a: Venusaur|Substitute|p1a: Venusaur\n|-start|p1a: Venusaur|Substitute\n|-damage|p1a: Venusaur|162/272\n|\n|-weather|RainDance|[upkeep]\n|-heal|p1a: Venusaur|179/272|[from] item: Leftovers\n|upkeep\n|turn|6\n|\n|t:|1781389738\n|move|p2a: Brambleghast|Poltergeist|p1a: Venusaur\n|-activate|p1a: Venusaur|move: Poltergeist|Leftovers\n|-end|p1a: Venusaur|Substitute\n|move|p1a: Venusaur|Sludge Bomb|p2a: Brambleghast\n|-damage|p2a: Brambleghast|138/240\n|-status|p2a: Brambleghast|psn\n|\n|-weather|none\n|-heal|p1a: Venusaur|196/272|[from] item: Leftovers\n|-damage|p2a: Brambleghast|108/240 psn|[from] psn\n|upkeep\n|turn|7\n|\n|t:|1781389750\n|switch|p1a: Zarude|Zarude, L77|288/288\n|move|p2a: Brambleghast|Spikes|p1a: Zarude\n|-sidestart|p1: GoofierBowl1040|Spikes\n|\n|-damage|p2a: Brambleghast|78/240 psn|[from] psn\n|upkeep\n|turn|8\n|\n|t:|1781389755\n|move|p1a: Zarude|U-turn|p2a: Brambleghast\n|-damage|p2a: Brambleghast|22/240 psn\n|\n|t:|1781389758\n|switch|p1a: Venusaur|Venusaur, L84, M|196/272|[from] U-turn\n|-damage|p1a: Venusaur|162/272|[from] Spikes\n|move|p2a: Brambleghast|Spikes|p1a: Venusaur\n|-sidestart|p1: GoofierBowl1040|Spikes\n|\n|-heal|p1a: Venusaur|179/272|[from] item: Leftovers\n|-damage|p2a: Brambleghast|0 fnt|[from] psn\n|faint|p2a: Brambleghast\n|upkeep\n|\n|t:|1781389762\n|switch|p2a: Pelipper|Pelipper, L86, F|153/243\n|-weather|RainDance|[from] ability: Drizzle|[of] p2a: Pelipper\n|turn|9\n|\n|t:|1781389769\n|switch|p1a: Magearna|Magearna, L77|250/250\n|-damage|p1a: Magearna|209/250|[from] Spikes\n|move|p2a: Pelipper|Hurricane|p1a: Magearna\n|-resisted|p1a: Magearna\n|-damage|p1a: Magearna|158/250\n|\n|-weather|RainDance|[upkeep]\n|-heal|p1a: Magearna|173/250|[from] item: Leftovers\n|upkeep\n|turn|10\n|\n|t:|1781389773\n|move|p2a: Pelipper|Hydro Pump|p1a: Magearna\n|-damage|p1a: Magearna|16/250\n|move|p1a: Magearna|Shift Gear|p1a: Magearna\n|-boost|p1a: Magearna|spe|2\n|-boost|p1a: Magearna|atk|1\n|\n|-weather|RainDance|[upkeep]\n|-heal|p1a: Magearna|31/250|[from] item: Leftovers\n|upkeep\n|turn|11\n|\n|t:|1781389777\n|move|p1a: Magearna|Fleur Cannon|p2a: Pelipper\n|-damage|p2a: Pelipper|0 fnt\n|-unboost|p1a: Magearna|spa|2\n|faint|p2a: Pelipper\n|-ability|p1a: Magearna|Soul-Heart|boost\n|-boost|p1a: Magearna|spa|1\n|\n|-weather|RainDance|[upkeep]\n|-heal|p1a: Magearna|46/250|[from] item: Leftovers\n|upkeep\n|\n|t:|1781389792\n|switch|p2a: Probopass|Probopass, L91, F|257/257\n|turn|12\n|l|\u2606Jrekjje\n|inactive|Jrekjje disconnected and has a minute to reconnect!\n|player|p2|\n|j|\u2606Jrekjje\n|inactive|Jrekjje reconnected and has 125 seconds left.\n|player|p2|Jrekjje|101|\n|\n|t:|1781389823\n|move|p1a: Magearna|Calm Mind|p1a: Magearna\n|-boost|p1a: Magearna|spa|1\n|-boost|p1a: Magearna|spd|1\n|move|p2a: Probopass|Body Press|p1a: Magearna\n|-damage|p1a: Magearna|0 fnt\n|faint|p1a: Magearna\n|\n|-weather|RainDance|[upkeep]\n|upkeep\n|\n|t:|1781389832\n|switch|p1a: Venusaur|Venusaur, L84, M|179/272\n|-damage|p1a: Venusaur|134/272|[from] Spikes\n|turn|13\n|\n|t:|1781389836\n|move|p1a: Venusaur|Leech Seed|p2a: Probopass\n|-start|p2a: Probopass|move: Leech Seed\n|move|p2a: Probopass|Iron Defense|p2a: Probopass\n|-boost|p2a: Probopass|def|2\n|\n|-weather|none\n|-heal|p1a: Venusaur|151/272|[from] item: Leftovers\n|-damage|p2a: Probopass|225/257|[from] Leech Seed|[of] p1a: Venusaur\n|-heal|p1a: Venusaur|183/272|[silent]\n|upkeep\n|turn|14\n|\n|t:|1781389843\n|switch|p2a: Rabsca|Rabsca, L91, F|284/284\n|move|p1a: Venusaur|Substitute|p1a: Venusaur\n|-start|p1a: Venusaur|Substitute\n|-damage|p1a: Venusaur|115/272\n|\n|-heal|p1a: Venusaur|132/272|[from] item: Leftovers\n|upkeep\n|turn|15\n|\n|t:|1781389849\n|move|p1a: Venusaur|Leech Seed|p2a: Rabsca\n|-start|p2a: Rabsca|move: Leech Seed\n|move|p2a: Rabsca|Revival Blessing|p2a: Rabsca\n|\n|t:|1781389854\n|-heal|p2: Brambleghast|120/240|[from] move: Revival Blessing\n|\n|-heal|p1a: Venusaur|149/272|[from] item: Leftovers\n|-damage|p2a: Rabsca|249/284|[from] Leech Seed|[of] p1a: Venusaur\n|-heal|p1a: Venusaur|184/272|[silent]\n|upkeep\n|turn|16\n|\n|t:|1781389860\n|move|p1a: Venusaur|Sludge Bomb|p2a: Rabsca\n|-damage|p2a: Rabsca|164/284\n|-status|p2a: Rabsca|psn\n|-activate|p2a: Rabsca|ability: Synchronize\n|-immune|p1a: Venusaur\n|move|p2a: Rabsca|Trick Room|p2a: Rabsca\n|-fieldstart|move: Trick Room|[of] p2a: Rabsca\n|\n|-heal|p1a: Venusaur|201/272|[from] item: Leftovers\n|-damage|p2a: Rabsca|129/284 psn|[from] Leech Seed|[of] p1a: Venusaur\n|-heal|p1a: Venusaur|236/272|[silent]\n|-damage|p2a: Rabsca|94/284 psn|[from] psn\n|upkeep\n|turn|17\n|\n|t:|1781389868\n|move|p2a: Rabsca|Psychic|p1a: Venusaur\n|-supereffective|p1a: Venusaur\n|-end|p1a: Venusaur|Substitute\n|move|p1a: Venusaur|Sludge Bomb|p2a: Rabsca\n|-damage|p2a: Rabsca|7/284 psn\n|\n|-heal|p1a: Venusaur|253/272|[from] item: Leftovers\n|-damage|p2a: Rabsca|0 fnt|[from] Leech Seed|[of] p1a: Venusaur\n|-heal|p1a: Venusaur|260/272|[silent]\n|faint|p2a: Rabsca\n|upkeep\n|\n|t:|1781389885\n|switch|p2a: Brambleghast|Brambleghast, L88, M|120/240\n|turn|18\n|\n|t:|1781389889\n|move|p1a: Venusaur|Sludge Bomb|p2a: Brambleghast\n|-damage|p2a: Brambleghast|8/240\n|-status|p2a: Brambleghast|psn\n|move|p2a: Brambleghast|Poltergeist|p1a: Venusaur\n|-activate|p1a: Venusaur|move: Poltergeist|Leftovers\n|-damage|p1a: Venusaur|101/272\n|\n|-heal|p1a: Venusaur|118/272|[from] item: Leftovers\n|-damage|p2a: Brambleghast|0 fnt|[from] psn\n|faint|p2a: Brambleghast\n|upkeep\n|\n|t:|1781389893\n|switch|p2a: Probopass|Probopass, L91, F|225/257\n|turn|19\n|\n|t:|1781389899\n|move|p2a: Probopass|Power Gem|p1a: Venusaur\n|-damage|p1a: Venusaur|43/272\n|move|p1a: Venusaur|Leech Seed|p2a: Probopass|[miss]\n|-miss|p1a: Venusaur|p2a: Probopass\n|\n|-heal|p1a: Venusaur|60/272|[from] item: Leftovers\n|upkeep\n|turn|20\n|\n|t:|1781389911\n|switch|p1a: Greedent|Greedent, L86, M|347/347\n|-damage|p1a: Greedent|290/347|[from] Spikes\n|move|p2a: Probopass|Power Gem|p1a: Greedent\n|-damage|p1a: Greedent|206/347\n|\n|-fieldend|move: Trick Room\n|upkeep\n|turn|21\n|\n|t:|1781389916\n|move|p2a: Probopass|Iron Defense|p2a: Probopass\n|-boost|p2a: Probopass|def|2\n|move|p1a: Greedent|Earthquake|p2a: Probopass\n|-supereffective|p2a: Probopass\n|-damage|p2a: Probopass|137/257\n|\n|upkeep\n|turn|22\n|\n|t:|1781389921\n|move|p2a: Probopass|Iron Defense|p2a: Probopass\n|-boost|p2a: Probopass|def|2\n|move|p1a: Greedent|Knock Off|p2a: Probopass\n|-damage|p2a: Probopass|122/257\n|-enditem|p2a: Probopass|Chesto Berry|[from] move: Knock Off|[of] p1a: Greedent\n|\n|upkeep\n|turn|23\n|\n|t:|1781389926\n|move|p2a: Probopass|Iron Defense|p2a: Probopass\n|-boost|p2a: Probopass|def|2\n|move|p1a: Greedent|Earthquake|p2a: Probopass\n|-supereffective|p2a: Probopass\n|-damage|p2a: Probopass|70/257\n|\n|upkeep\n|turn|24\n|\n|t:|1781389930\n|move|p2a: Probopass|Rest|p2a: Probopass\n|-status|p2a: Probopass|slp|[from] move: Rest\n|-heal|p2a: Probopass|257/257 slp|[silent]\n|move|p1a: Greedent|Earthquake|p2a: Probopass\n|-supereffective|p2a: Probopass\n|-damage|p2a: Probopass|205/257 slp\n|\n|upkeep\n|turn|25\n|\n|t:|1781389935\n|switch|p1a: Latios|Latios, L78, M|253/253\n|cant|p2a: Probopass|slp\n|\n|upkeep\n|turn|26\n|\n|t:|1781389937\n|move|p1a: Latios|Aura Sphere|p2a: Probopass\n|-supereffective|p2a: Probopass\n|-damage|p2a: Probopass|57/257 slp\n|cant|p2a: Probopass|slp\n|\n|upkeep\n|turn|27\n|\n|t:|1781389940\n|move|p1a: Latios|Luster Purge|p2a: Probopass\n|-resisted|p2a: Probopass\n|-damage|p2a: Probopass|19/257 slp\n|-unboost|p2a: Probopass|spd|1\n|-curestatus|p2a: Probopass|slp|[msg]\n|move|p2a: Probopass|Body Press|p1a: Latios\n|-resisted|p1a: Latios\n|-damage|p1a: Latios|61/253\n|\n|upkeep\n|turn|28\n|\n|t:|1781389944\n|move|p1a: Latios|Luster Purge|p2a: Probopass\n|-resisted|p2a: Probopass\n|-damage|p2a: Probopass|0 fnt\n|faint|p2a: Probopass\n|\n|upkeep\n|\n|t:|1781389948\n|switch|p2a: Comfey|Comfey, L85, M|225/225\n|turn|29\n|\n|t:|1781389954\n|switch|p1a: Venusaur|Venusaur, L84, M|60/272\n|-damage|p1a: Venusaur|15/272|[from] Spikes\n|move|p2a: Comfey|Calm Mind|p2a: Comfey\n|-boost|p2a: Comfey|spa|1\n|-boost|p2a: Comfey|spd|1\n|\n|-heal|p1a: Venusaur|32/272|[from] item: Leftovers\n|upkeep\n|turn|30\n|\n|t:|1781389959\n|move|p2a: Comfey|Stored Power|p1a: Venusaur\n|-supereffective|p1a: Venusaur\n|-crit|p1a: Venusaur\n|-damage|p1a: Venusaur|0 fnt\n|faint|p1a: Venusaur\n|\n|upkeep\n|\n|t:|1781389964\n|switch|p1a: Azumarill|Azumarill, L82, F|298/298\n|-damage|p1a: Azumarill|249/298|[from] Spikes\n|turn|31\n|\n|t:|1781389973\n|-terastallize|p2a: Comfey|Steel\n|move|p2a: Comfey|Calm Mind|p2a: Comfey\n|-boost|p2a: Comfey|spa|1\n|-boost|p2a: Comfey|spd|1\n|move|p1a: Azumarill|Liquidation|p2a: Comfey\n|-damage|p2a: Comfey|60/225\n|\n|-heal|p2a: Comfey|74/225|[from] item: Leftovers\n|upkeep\n|turn|32\n|\n|t:|1781389981\n|move|p2a: Comfey|Giga Drain|p1a: Azumarill\n|-supereffective|p1a: Azumarill\n|-damage|p1a: Azumarill|35/298\n|-heal|p2a: Comfey|181/225|[from] drain|[of] p1a: Azumarill\n|move|p1a: Azumarill|Liquidation|p2a: Comfey\n|-damage|p2a: Comfey|19/225\n|\n|-heal|p2a: Comfey|33/225|[from] item: Leftovers\n|upkeep\n|turn|33\n|\n|t:|1781389985\n|move|p2a: Comfey|Giga Drain|p1a: Azumarill\n|-supereffective|p1a: Azumarill\n|-damage|p1a: Azumarill|0 fnt\n|-heal|p2a: Comfey|51/225|[from] drain|[of] p1a: Azumarill\n|faint|p1a: Azumarill\n|\n|-heal|p2a: Comfey|65/225|[from] item: Leftovers\n|upkeep\n|\n|t:|1781389987\n|switch|p1a: Zarude|Zarude, L77|288/288\n|-damage|p1a: Zarude|240/288|[from] Spikes\n|turn|34\n|\n|t:|1781389996\n|move|p2a: Comfey|Draining Kiss|p1a: Zarude\n|-supereffective|p1a: Zarude\n|-damage|p1a: Zarude|24/288\n|-heal|p2a: Comfey|225/225|[from] drain|[of] p1a: Zarude\n|move|p1a: Zarude|Close Combat|p2a: Comfey\n|-supereffective|p2a: Comfey\n|-damage|p2a: Comfey|75/225\n|-unboost|p1a: Zarude|def|1\n|-unboost|p1a: Zarude|spd|1\n|\n|-heal|p2a: Comfey|89/225|[from] item: Leftovers\n|upkeep\n|turn|35\n|-message|GoofierBowl1040 forfeited.\n|\n|win|Jrekjje\n", "uploadtime": 1781389699, "views": 3, "formatid": "gen9randombattle", "rating": null, "private": 0, "password": null}