{"id": "gen9randombattle-2631989049", "format": "[Gen 9] Random Battle", "players": ["Shomsnack", "TheSakman"], "log": "|j|\u203dShomsnack\n|j|\u2606TheSakman\n|t:|1781463277\n|gametype|singles\n|player|p1|Shomsnack|2|2066\n|player|p2|TheSakman|ltsurge|2001\n|gen|9\n|tier|[Gen 9] Random Battle\n|rated|\n|rule|Species Clause: Limit one of each Pok\u00e9mon\n|rule|HP Percentage Mod: HP is shown in percentages\n|rule|Sleep Clause Mod: Limit one foe put to sleep\n|rule|Illusion Level Mod: Illusion disguises the Pok\u00e9mon's true level\n|\n|t:|1781463277\n|teamsize|p1|6\n|teamsize|p2|6\n|start\n|switch|p1a: Pyroar|Pyroar, L88, M|295/295\n|switch|p2a: Altaria|Altaria, L89, F|278/278\n|-ability|p1a: Pyroar|Unnerve\n|turn|1\n|inactive|Battle timer is ON: inactive players will automatically lose when time's up. (requested by Shomsnack)\n|\n|t:|1781463287\n|switch|p1a: Qwilfish|Qwilfish-Hisui, L83, F|244/244\n|-ability|p1a: Qwilfish|Intimidate|boost\n|-unboost|p2a: Altaria|atk|1\n|move|p2a: Altaria|Earthquake|p1a: Qwilfish\n|-supereffective|p1a: Qwilfish\n|-damage|p1a: Qwilfish|190/244\n|\n|upkeep\n|turn|2\n|\n|t:|1781463308\n|switch|p2a: Clodsire|Clodsire, L81, M|343/343\n|move|p1a: Qwilfish|Toxic Spikes|p2a: Clodsire\n|-sidestart|p2: TheSakman|move: Toxic Spikes\n|\n|upkeep\n|turn|3\n|\n|t:|1781463315\n|switch|p1a: Hariyama|Hariyama, L87, F|392/392\n|move|p2a: Clodsire|Earthquake|p1a: Hariyama\n|-damage|p1a: Hariyama|284/392\n|\n|-status|p1a: Hariyama|brn|[from] item: Flame Orb\n|upkeep\n|turn|4\n|inactive|TheSakman has 120 seconds left.\n|\n|t:|1781463359\n|move|p1a: Hariyama|Headlong Rush|p2a: Clodsire\n|-supereffective|p2a: Clodsire\n|-damage|p2a: Clodsire|0 fnt\n|-unboost|p1a: Hariyama|def|1\n|-unboost|p1a: Hariyama|spd|1\n|faint|p2a: Clodsire\n|\n|-damage|p1a: Hariyama|260/392 brn|[from] brn\n|upkeep\n|\n|t:|1781463365\n|switch|p2a: Toucannon|Toucannon, L88, M|284/284\n|turn|5\n|inactive|TheSakman has 120 seconds left.\n|\n|t:|1781463378\n|switch|p1a: Qwilfish|Qwilfish-Hisui, L83, F|190/244\n|-ability|p1a: Qwilfish|Intimidate|boost\n|-unboost|p2a: Toucannon|atk|1\n|move|p2a: Toucannon|Boomburst|p1a: Qwilfish\n|-damage|p1a: Qwilfish|64/244\n|\n|upkeep\n|turn|6\n|\n|t:|1781463382\n|switch|p1a: Hariyama|Hariyama, L87, F|260/392 brn\n|move|p2a: Toucannon|Boomburst|p1a: Hariyama\n|-crit|p1a: Hariyama\n|-damage|p1a: Hariyama|0 fnt\n|faint|p1a: Hariyama\n|\n|upkeep\n|\n|t:|1781463386\n|switch|p1a: Sandslash|Sandslash-Alola, L88, F|275/275\n|turn|7\n|\n|t:|1781463391\n|move|p1a: Sandslash|Triple Axel|p2a: Toucannon\n|-supereffective|p2a: Toucannon\n|-damage|p2a: Toucannon|228/284\n|-supereffective|p2a: Toucannon\n|-damage|p2a: Toucannon|114/284\n|-supereffective|p2a: Toucannon\n|-damage|p2a: Toucannon|0 fnt\n|faint|p2a: Toucannon\n|-hitcount|p2: Toucannon|3\n|\n|upkeep\n|\n|t:|1781463394\n|switch|p2a: Muk|Muk, L86, F|321/321\n|-sideend|p2: TheSakman|move: Toxic Spikes|[of] p2a: Muk\n|turn|8\n|\n|t:|1781463396\n|move|p1a: Sandslash|Knock Off|p2a: Muk\n|-damage|p2a: Muk|236/321\n|-enditem|p2a: Muk|Assault Vest|[from] move: Knock Off|[of] p1a: Sandslash\n|move|p2a: Muk|Knock Off|p1a: Sandslash\n|-damage|p1a: Sandslash|221/275\n|-enditem|p1a: Sandslash|Assault Vest|[from] move: Knock Off|[of] p2a: Muk\n|\n|upkeep\n|turn|9\n|\n|t:|1781463401\n|switch|p2a: Gastrodon|Gastrodon-East, L86, F|331/331\n|move|p1a: Sandslash|Iron Head|p2a: Gastrodon\n|-resisted|p2a: Gastrodon\n|-damage|p2a: Gastrodon|277/331\n|\n|-heal|p2a: Gastrodon|297/331|[from] item: Leftovers\n|upkeep\n|turn|10\n|\n|t:|1781463405\n|move|p1a: Sandslash|Triple Axel|p2a: Gastrodon\n|-damage|p2a: Gastrodon|264/331\n|-damage|p2a: Gastrodon|204/331\n|-damage|p2a: Gastrodon|117/331\n|-hitcount|p2a: Gastrodon|3\n|move|p2a: Gastrodon|Stealth Rock|p1a: Sandslash\n|-sidestart|p1: Shomsnack|move: Stealth Rock\n|\n|-heal|p2a: Gastrodon|137/331|[from] item: Leftovers\n|upkeep\n|turn|11\n|\n|t:|1781463410\n|move|p1a: Sandslash|Triple Axel|p2a: Gastrodon\n|-damage|p2a: Gastrodon|109/331\n|-damage|p2a: Gastrodon|46/331\n|-crit|p2a: Gastrodon\n|-damage|p2a: Gastrodon|0 fnt\n|faint|p2a: Gastrodon\n|-hitcount|p2: Gastrodon|3\n|\n|upkeep\n|\n|t:|1781463412\n|switch|p2a: Diancie|Diancie, L82|216/216\n|turn|12\n|\n|t:|1781463419\n|-terastallize|p2a: Diancie|Fighting\n|move|p1a: Sandslash|Iron Head|p2a: Diancie\n|-damage|p2a: Diancie|155/216\n|move|p2a: Diancie|Body Press|p1a: Sandslash\n|-supereffective|p1a: Sandslash\n|-damage|p1a: Sandslash|0 fnt\n|faint|p1a: Sandslash\n|\n|upkeep\n|\n|t:|1781463425\n|switch|p1a: Pyroar|Pyroar, L88, M|295/295\n|-ability|p1a: Pyroar|Unnerve\n|turn|13\n|\n|t:|1781463429\n|move|p1a: Pyroar|Will-O-Wisp|p2a: Diancie\n|-status|p2a: Diancie|brn\n|move|p2a: Diancie|Diamond Storm|p1a: Pyroar\n|-supereffective|p1a: Pyroar\n|-damage|p1a: Pyroar|190/295\n|-boost|p2a: Diancie|def|2\n|\n|-damage|p2a: Diancie|142/216 brn|[from] brn\n|upkeep\n|turn|14\n|\n|t:|1781463432\n|move|p1a: Pyroar|Fire Blast|p2a: Diancie\n|-damage|p2a: Diancie|78/216 brn\n|move|p2a: Diancie|Body Press|p1a: Pyroar\n|-supereffective|p1a: Pyroar\n|-damage|p1a: Pyroar|0 fnt\n|faint|p1a: Pyroar\n|\n|-damage|p2a: Diancie|65/216 brn|[from] brn\n|upkeep\n|\n|t:|1781463453\n|switch|p1a: Flygon|Flygon, L82, M|265/265\n|-damage|p1a: Flygon|249/265|[from] Stealth Rock\n|turn|15\n|\n|t:|1781463473\n|-terastallize|p1a: Flygon|Ground\n|move|p1a: Flygon|Dragon Dance|p1a: Flygon\n|-boost|p1a: Flygon|atk|1\n|-boost|p1a: Flygon|spe|1\n|move|p2a: Diancie|Moonblast|p1a: Flygon\n|-damage|p1a: Flygon|134/265\n|\n|-damage|p2a: Diancie|52/216 brn|[from] brn\n|upkeep\n|turn|16\n|\n|t:|1781463480\n|move|p1a: Flygon|Outrage|p2a: Diancie\n|-damage|p2a: Diancie|0 fnt\n|faint|p2a: Diancie\n|\n|upkeep\n|\n|t:|1781463483\n|switch|p2a: Muk|Muk, L86, F|236/321\n|turn|17\n|\n|t:|1781463488\n|move|p2a: Muk|Shadow Sneak|p1a: Flygon\n|-damage|p1a: Flygon|96/265\n|move|p1a: Flygon|Outrage|p2a: Muk|[from] lockedmove\n|-damage|p2a: Muk|40/321\n|-start|p1a: Flygon|confusion|[fatigue]\n|-enditem|p1a: Flygon|Lum Berry|[eat]\n|-end|p1a: Flygon|confusion\n|\n|upkeep\n|turn|18\n|\n|t:|1781463492\n|move|p2a: Muk|Shadow Sneak|p1a: Flygon\n|-damage|p1a: Flygon|63/265\n|move|p1a: Flygon|Earthquake|p2a: Muk\n|-supereffective|p2a: Muk\n|-damage|p2a: Muk|0 fnt\n|faint|p2a: Muk\n|\n|upkeep\n|\n|t:|1781463495\n|switch|p2a: Altaria|Altaria, L89, F|278/278\n|turn|19\n|\n|t:|1781463498\n|move|p1a: Flygon|Outrage|p2a: Altaria\n|-supereffective|p2a: Altaria\n|-damage|p2a: Altaria|0 fnt\n|faint|p2a: Altaria\n|\n|win|Shomsnack\n", "uploadtime": 1781463278, "views": 3, "formatid": "gen9randombattle", "rating": null, "private": 0, "password": null}