{"id": "gen9randombattle-2631951535", "format": "[Gen 9] Random Battle", "players": ["tofumeats", "grabschaender"], "log": "|j|\u2606tofumeats\n|j|\u2606grabschaender\n|t:|1781459188\n|gametype|singles\n|player|p1|tofumeats|n|2196\n|player|p2|grabschaender|candice|2201\n|gen|9\n|tier|[Gen 9] Random Battle\n|rated|\n|rule|Species Clause: Limit one of each Pok\u00e9mon\n|rule|HP Percentage Mod: HP is shown in percentages\n|rule|Sleep Clause Mod: Limit one foe put to sleep\n|rule|Illusion Level Mod: Illusion disguises the Pok\u00e9mon's true level\n|\n|t:|1781459188\n|teamsize|p1|6\n|teamsize|p2|6\n|start\n|switch|p1a: Trevenant|Trevenant, L89, F|296/296\n|switch|p2a: Latios|Latios, L78, M|253/253\n|turn|1\n|inactive|Battle timer is ON: inactive players will automatically lose when time's up. (requested by tofumeats)\n|\n|t:|1781459217\n|switch|p2a: Stonjourner|Stonjourner, L91, F|330/330\n|switch|p1a: Grimmsnarl|Grimmsnarl, L83, M|293/293\n|\n|upkeep\n|turn|2\n|\n|t:|1781459228\n|switch|p1a: Muk|Muk, L86, M|321/321\n|move|p2a: Stonjourner|Stone Edge|p1a: Muk\n|-damage|p1a: Muk|114/321\n|-damage|p2a: Stonjourner|297/330|[from] item: Life Orb\n|\n|-heal|p1a: Muk|134/321|[from] item: Leftovers\n|upkeep\n|turn|3\n|\n|t:|1781459236\n|move|p2a: Stonjourner|Earthquake|p1a: Muk\n|-supereffective|p1a: Muk\n|-damage|p1a: Muk|0 fnt\n|faint|p1a: Muk\n|-damage|p2a: Stonjourner|264/330|[from] item: Life Orb\n|\n|upkeep\n|\n|t:|1781459247\n|switch|p1a: Walking Wake|Walking Wake, L79|286/286\n|turn|4\n|\n|t:|1781459256\n|switch|p2a: Appletun|Appletun, L92, M|352/352\n|move|p1a: Walking Wake|Flip Turn|p2a: Appletun\n|-resisted|p2a: Appletun\n|-damage|p2a: Appletun|340/352\n|\n|t:|1781459283\n|-end|p1a: Walking Wake|Protosynthesis|[silent]\n|switch|p1a: Grimmsnarl|Grimmsnarl, L83, M|293/293|[from] Flip Turn\n|\n|-heal|p2a: Appletun|352/352|[from] item: Leftovers\n|upkeep\n|turn|5\n|\n|t:|1781459303\n|move|p1a: Grimmsnarl|Thunder Wave|p2a: Appletun\n|-status|p2a: Appletun|par\n|cant|p2a: Appletun|par\n|\n|upkeep\n|turn|6\n|\n|t:|1781459311\n|move|p1a: Grimmsnarl|Thunder Wave|p2a: Appletun|[miss]\n|-miss|p1a: Grimmsnarl|p2a: Appletun\n|move|p2a: Appletun|Apple Acid|p1a: Grimmsnarl\n|-damage|p1a: Grimmsnarl|175/293\n|-unboost|p1a: Grimmsnarl|spd|1\n|\n|-heal|p1a: Grimmsnarl|193/293|[from] item: Leftovers\n|upkeep\n|turn|7\n|\n|t:|1781459314\n|switch|p1a: Trevenant|Trevenant, L89, F|296/296\n|cant|p2a: Appletun|par\n|\n|upkeep\n|turn|8\n|\n|t:|1781459318\n|move|p1a: Trevenant|Poltergeist|p2a: Appletun\n|-activate|p2a: Appletun|move: Poltergeist|Leftovers\n|-crit|p2a: Appletun\n|-damage|p2a: Appletun|15/352 par\n|cant|p2a: Appletun|par\n|\n|-heal|p2a: Appletun|37/352 par|[from] item: Leftovers\n|upkeep\n|turn|9\n|\n|t:|1781459322\n|switch|p2a: Cinccino|Cinccino, L83, F|260/260\n|move|p1a: Trevenant|Poltergeist|p2a: Cinccino\n|-immune|p2a: Cinccino\n|\n|upkeep\n|turn|10\n|\n|t:|1781459330\n|switch|p1a: Walking Wake|Walking Wake, L79|286/286\n|move|p2a: Cinccino|Tail Slap|p1a: Walking Wake\n|-damage|p1a: Walking Wake|249/286\n|-damage|p1a: Walking Wake|212/286\n|-damage|p1a: Walking Wake|172/286\n|-damage|p1a: Walking Wake|130/286\n|-hitcount|p1a: Walking Wake|4\n|\n|upkeep\n|turn|11\n|\n|t:|1781459346\n|-end|p1a: Walking Wake|Protosynthesis|[silent]\n|switch|p1a: Trevenant|Trevenant, L89, F|296/296\n|move|p2a: Cinccino|Tail Slap|p1a: Trevenant\n|-immune|p1a: Trevenant\n|\n|upkeep\n|turn|12\n|\n|t:|1781459355\n|switch|p2a: Appletun|Appletun, L92, M|37/352 par\n|move|p1a: Trevenant|Drain Punch|p2a: Appletun\n|-damage|p2a: Appletun|0 fnt\n|faint|p2a: Appletun\n|\n|upkeep\n|\n|t:|1781459360\n|switch|p2a: Mismagius|Mismagius, L86, F|243/243\n|turn|13\n|\n|t:|1781459365\n|switch|p1a: Grimmsnarl|Grimmsnarl, L83, M|193/293\n|move|p2a: Mismagius|Dazzling Gleam|p1a: Grimmsnarl\n|-supereffective|p1a: Grimmsnarl\n|-damage|p1a: Grimmsnarl|6/293\n|-damage|p2a: Mismagius|219/243|[from] item: Life Orb\n|\n|-heal|p1a: Grimmsnarl|24/293|[from] item: Leftovers\n|upkeep\n|turn|14\n|\n|t:|1781459371\n|move|p1a: Grimmsnarl|Thunder Wave|p2a: Mismagius\n|-status|p2a: Mismagius|par\n|move|p2a: Mismagius|Dazzling Gleam|p1a: Grimmsnarl\n|-supereffective|p1a: Grimmsnarl\n|-damage|p1a: Grimmsnarl|0 fnt\n|faint|p1a: Grimmsnarl\n|-damage|p2a: Mismagius|195/243 par|[from] item: Life Orb\n|\n|upkeep\n|\n|t:|1781459387\n|switch|p1a: Iron Valiant|Iron Valiant, L78|244/244\n|turn|15\n|\n|t:|1781459391\n|move|p1a: Iron Valiant|Knock Off|p2a: Mismagius\n|-supereffective|p2a: Mismagius\n|-damage|p2a: Mismagius|0 fnt\n|-enditem|p2a: Mismagius|Life Orb|[from] move: Knock Off|[of] p1a: Iron Valiant\n|faint|p2a: Mismagius\n|-damage|p1a: Iron Valiant|220/244|[from] item: Life Orb\n|\n|upkeep\n|\n|t:|1781459397\n|switch|p2a: Salazzle|Salazzle, L83, F|249/249\n|turn|16\n|\n|t:|1781459412\n|-end|p1a: Iron Valiant|Quark Drive|[silent]\n|switch|p1a: Bastiodon|Bastiodon, L89, M|252/252\n|move|p2a: Salazzle|Nasty Plot|p2a: Salazzle\n|-boost|p2a: Salazzle|spa|2\n|\n|upkeep\n|turn|17\n|\n|t:|1781459424\n|move|p2a: Salazzle|Nasty Plot|p2a: Salazzle\n|-boost|p2a: Salazzle|spa|2\n|move|p1a: Bastiodon|Foul Play|p2a: Salazzle\n|-damage|p2a: Salazzle|199/249\n|\n|upkeep\n|turn|18\n|\n|t:|1781459431\n|move|p2a: Salazzle|Fire Blast|p1a: Bastiodon\n|-damage|p1a: Bastiodon|0 fnt\n|faint|p1a: Bastiodon\n|\n|upkeep\n|\n|t:|1781459448\n|switch|p1a: Trevenant|Trevenant, L89, F|296/296\n|turn|19\n|\n|t:|1781459462\n|move|p2a: Salazzle|Sludge Wave|p1a: Trevenant\n|-damage|p1a: Trevenant|0 fnt\n|faint|p1a: Trevenant\n|\n|upkeep\n|-message|tofumeats forfeited.\n|\n|win|grabschaender\n", "uploadtime": 1781459190, "views": 3, "formatid": "gen9randombattle", "rating": null, "private": 0, "password": null}