{"id": "gen9randombattle-2631739875", "format": "[Gen 9] Random Battle", "players": ["Jadasteel", "Polasiu"], "log": "|j|\u2606Jadasteel\n|j|\u2606Polasiu\n|t:|1781431781\n|gametype|singles\n|player|p1|Jadasteel|fantina|2059\n|player|p2|Polasiu|ninjaboy|2086\n|gen|9\n|tier|[Gen 9] Random Battle\n|rated|\n|rule|Species Clause: Limit one of each Pok\u00e9mon\n|rule|HP Percentage Mod: HP is shown in percentages\n|rule|Sleep Clause Mod: Limit one foe put to sleep\n|rule|Illusion Level Mod: Illusion disguises the Pok\u00e9mon's true level\n|\n|t:|1781431781\n|teamsize|p1|6\n|teamsize|p2|6\n|start\n|switch|p1a: Pelipper|Pelipper, L86, F|243/243\n|switch|p2a: Frosmoth|Frosmoth, L82, F|249/249\n|-weather|RainDance|[from] ability: Drizzle|[of] p1a: Pelipper\n|turn|1\n|inactive|Battle timer is ON: inactive players will automatically lose when time's up. (requested by Jadasteel)\n|\n|t:|1781431802\n|move|p1a: Pelipper|Hurricane|p2a: Frosmoth\n|-supereffective|p2a: Frosmoth\n|-damage|p2a: Frosmoth|62/249\n|-start|p2a: Frosmoth|confusion\n|-activate|p2a: Frosmoth|confusion\n|-damage|p2a: Frosmoth|40/249|[from] confusion\n|\n|-weather|RainDance|[upkeep]\n|upkeep\n|turn|2\n|\n|t:|1781431813\n|move|p1a: Pelipper|Hurricane|p2a: Frosmoth\n|-supereffective|p2a: Frosmoth\n|-damage|p2a: Frosmoth|0 fnt\n|faint|p2a: Frosmoth\n|\n|-weather|RainDance|[upkeep]\n|upkeep\n|\n|t:|1781431816\n|switch|p2a: Umbreon|Umbreon, L84, M|297/297\n|turn|3\n|\n|t:|1781431841\n|-terastallize|p1a: Pelipper|Flying\n|move|p1a: Pelipper|Hurricane|p2a: Umbreon\n|-damage|p2a: Umbreon|131/297\n|-start|p2a: Umbreon|confusion\n|-activate|p2a: Umbreon|confusion\n|move|p2a: Umbreon|Toxic|p1a: Pelipper\n|-status|p1a: Pelipper|tox\n|\n|-weather|RainDance|[upkeep]\n|-heal|p2a: Umbreon|149/297|[from] item: Leftovers\n|-damage|p1a: Pelipper|228/243 tox|[from] psn\n|upkeep\n|turn|4\n|inactive|Jadasteel has 120 seconds left.\n|\n|t:|1781431860\n|switch|p1a: Hypno|Hypno, L95, M|315/315\n|-activate|p2a: Umbreon|confusion\n|move|p2a: Umbreon|Protect||[still]\n|-fail|p2a: Umbreon\n|\n|-weather|RainDance|[upkeep]\n|-heal|p2a: Umbreon|167/297|[from] item: Leftovers\n|upkeep\n|turn|5\n|inactive|Jadasteel has 120 seconds left.\n|\n|t:|1781431876\n|switch|p2a: Rillaboom|Rillaboom, L79, F|288/288\n|-fieldstart|move: Grassy Terrain|[from] ability: Grassy Surge|[of] p2a: Rillaboom\n|move|p1a: Hypno|Focus Blast|p2a: Rillaboom|[miss]\n|-miss|p1a: Hypno|p2a: Rillaboom\n|\n|-weather|none\n|upkeep\n|turn|6\n|inactive|Jadasteel has 120 seconds left.\n|\n|t:|1781431886\n|move|p1a: Hypno|Toxic|p2a: Rillaboom\n|-status|p2a: Rillaboom|tox\n|move|p2a: Rillaboom|U-turn|p1a: Hypno\n|-supereffective|p1a: Hypno\n|-damage|p1a: Hypno|145/315\n|\n|t:|1781431892\n|switch|p2a: Umbreon|Umbreon, L84, M|167/297|[from] U-turn\n|\n|-heal|p1a: Hypno|164/315|[from] Grassy Terrain\n|-heal|p1a: Hypno|183/315|[from] item: Leftovers\n|-heal|p2a: Umbreon|185/297|[from] Grassy Terrain\n|-heal|p2a: Umbreon|203/297|[from] item: Leftovers\n|upkeep\n|turn|7\n|\n|t:|1781431899\n|switch|p2a: Rillaboom|Rillaboom, L79, F|288/288 tox\n|move|p1a: Hypno|Protect||[still]\n|-fail|p1a: Hypno\n|\n|-heal|p1a: Hypno|202/315|[from] Grassy Terrain\n|-heal|p1a: Hypno|221/315|[from] item: Leftovers\n|-damage|p2a: Rillaboom|270/288 tox|[from] psn\n|upkeep\n|turn|8\n|\n|t:|1781431908\n|switch|p1a: Thundurus|Thundurus, L80, M|258/258\n|move|p2a: Rillaboom|Wood Hammer|p1a: Thundurus\n|-resisted|p1a: Thundurus\n|-crit|p1a: Thundurus\n|-damage|p1a: Thundurus|0 fnt\n|faint|p1a: Thundurus\n|-damage|p2a: Rillaboom|185/288 tox|[from] Recoil\n|\n|-heal|p2a: Rillaboom|203/288 tox|[from] Grassy Terrain\n|-damage|p2a: Rillaboom|167/288 tox|[from] psn\n|upkeep\n|\n|t:|1781431921\n|switch|p1a: Reshiram|Reshiram, L76|277/277\n|-ability|p1a: Reshiram|Turboblaze\n|turn|9\n|\n|t:|1781431925\n|switch|p2a: Azumarill|Azumarill, L82, M|298/298\n|move|p1a: Reshiram|Dragon Dance|p1a: Reshiram\n|-boost|p1a: Reshiram|atk|1\n|-boost|p1a: Reshiram|spe|1\n|\n|-fieldend|move: Grassy Terrain\n|upkeep\n|turn|10\n|\n|t:|1781431931\n|move|p1a: Reshiram|Stone Edge|p2a: Azumarill\n|-damage|p2a: Azumarill|193/298\n|move|p2a: Azumarill|Belly Drum|p2a: Azumarill\n|-damage|p2a: Azumarill|44/298\n|-setboost|p2a: Azumarill|atk|6|[from] move: Belly Drum\n|-enditem|p2a: Azumarill|Sitrus Berry|[eat]\n|-heal|p2a: Azumarill|118/298|[from] item: Sitrus Berry\n|\n|upkeep\n|turn|11\n|\n|t:|1781431941\n|move|p1a: Reshiram|Stone Edge|p2a: Azumarill|[miss]\n|-miss|p1a: Reshiram|p2a: Azumarill\n|move|p2a: Azumarill|Liquidation|p1a: Reshiram\n|-damage|p1a: Reshiram|0 fnt\n|faint|p1a: Reshiram\n|\n|upkeep\n|\n|t:|1781431947\n|switch|p1a: Pelipper|Pelipper, L86, F, tera:Flying|228/243 tox\n|-weather|RainDance|[from] ability: Drizzle|[of] p1a: Pelipper\n|turn|12\n|\n|t:|1781431952\n|move|p2a: Azumarill|Aqua Jet|p1a: Pelipper\n|-damage|p1a: Pelipper|0 fnt\n|faint|p1a: Pelipper\n|\n|-weather|RainDance|[upkeep]\n|upkeep\n|\n|t:|1781431957\n|switch|p1a: Hypno|Hypno, L95, M|221/315\n|turn|13\n|\n|t:|1781431960\n|move|p2a: Azumarill|Aqua Jet|p1a: Hypno\n|-damage|p1a: Hypno|0 fnt\n|faint|p1a: Hypno\n|\n|-weather|RainDance|[upkeep]\n|upkeep\n|-message|Jadasteel forfeited.\n|\n|win|Polasiu\n", "uploadtime": 1781431783, "views": 3, "formatid": "gen9randombattle", "rating": null, "private": 0, "password": null}