{"id": "gen9randombattle-2631607387", "format": "[Gen 9] Random Battle", "players": ["bradfish1761", "adfhhcfyhh"], "log": "|j|\u2606bradfish1761\n|j|\u2606adfhhcfyhh\n|t:|1781408022\n|gametype|singles\n|player|p1|bradfish1761|backpackerf|1494\n|player|p2|adfhhcfyhh|1|1478\n|gen|9\n|tier|[Gen 9] Random Battle\n|rated|\n|rule|Species Clause: Limit one of each Pok\u00e9mon\n|rule|HP Percentage Mod: HP is shown in percentages\n|rule|Sleep Clause Mod: Limit one foe put to sleep\n|rule|Illusion Level Mod: Illusion disguises the Pok\u00e9mon's true level\n|\n|t:|1781408022\n|teamsize|p1|6\n|teamsize|p2|6\n|start\n|switch|p1a: Lugia|Lugia, L73|275/275\n|switch|p2a: Cacturne|Cacturne, L92, F|278/278\n|turn|1\n|inactive|Battle timer is ON: inactive players will automatically lose when time's up. (requested by bradfish1761)\n|\n|t:|1781408043\n|move|p1a: Lugia|Aeroblast|p2a: Cacturne\n|-supereffective|p2a: Cacturne\n|-damage|p2a: Cacturne|92/278\n|move|p2a: Cacturne|Knock Off|p1a: Lugia\n|-supereffective|p1a: Lugia\n|-damage|p1a: Lugia|135/275\n|-enditem|p1a: Lugia|Heavy-Duty Boots|[from] move: Knock Off|[of] p2a: Cacturne\n|-damage|p2a: Cacturne|65/278|[from] item: Life Orb\n|\n|upkeep\n|turn|2\n|\n|t:|1781408060\n|-terastallize|p2a: Cacturne|Dark\n|move|p2a: Cacturne|Sucker Punch||[still]\n|-fail|p2a: Cacturne\n|move|p1a: Lugia|Recover|p1a: Lugia\n|-heal|p1a: Lugia|273/275\n|\n|upkeep\n|turn|3\n|\n|t:|1781408083\n|switch|p2a: Delibird|Delibird, M|252/252\n|move|p1a: Lugia|Calm Mind|p1a: Lugia\n|-boost|p1a: Lugia|spa|1\n|-boost|p1a: Lugia|spd|1\n|\n|upkeep\n|turn|4\n|inactive|adfhhcfyhh has 120 seconds left.\n|\n|t:|1781408099\n|move|p2a: Delibird|Ice Spinner|p1a: Lugia\n|-supereffective|p1a: Lugia\n|-damage|p1a: Lugia|61/275\n|move|p1a: Lugia|Calm Mind|p1a: Lugia\n|-boost|p1a: Lugia|spa|1\n|-boost|p1a: Lugia|spd|1\n|\n|upkeep\n|turn|5\n|\n|t:|1781408113\n|move|p2a: Delibird|Brave Bird|p1a: Lugia\n|-damage|p1a: Lugia|0 fnt\n|faint|p1a: Lugia\n|-damage|p2a: Delibird|232/252|[from] Recoil\n|\n|upkeep\n|\n|t:|1781408129\n|switch|p1a: Ceruledge|Ceruledge, L78, M|245/245\n|turn|6\n|\n|t:|1781408144\n|switch|p2a: Stonjourner|Stonjourner, L91, F|330/330\n|move|p1a: Ceruledge|Swords Dance|p1a: Ceruledge\n|-boost|p1a: Ceruledge|atk|2\n|\n|upkeep\n|turn|7\n|\n|t:|1781408159\n|-terastallize|p1a: Ceruledge|Ghost\n|move|p2a: Stonjourner|Earthquake|p1a: Ceruledge\n|-damage|p1a: Ceruledge|99/245\n|-ability|p1a: Ceruledge|Weak Armor|boost\n|-unboost|p1a: Ceruledge|def|1\n|-boost|p1a: Ceruledge|spe|2\n|-damage|p2a: Stonjourner|297/330|[from] item: Life Orb\n|move|p1a: Ceruledge|Swords Dance|p1a: Ceruledge\n|-boost|p1a: Ceruledge|atk|2\n|\n|upkeep\n|turn|8\n|inactive|adfhhcfyhh has 120 seconds left.\n|\n|t:|1781408174\n|move|p1a: Ceruledge|Poltergeist|p2a: Stonjourner\n|-activate|p2a: Stonjourner|move: Poltergeist|Life Orb\n|-damage|p2a: Stonjourner|0 fnt\n|faint|p2a: Stonjourner\n|\n|upkeep\n|inactive|adfhhcfyhh has 120 seconds left.\n|\n|t:|1781408180\n|switch|p2a: Cacturne|Cacturne, L92, F, tera:Dark|65/278\n|turn|9\n|\n|t:|1781408182\n|move|p1a: Ceruledge|Shadow Sneak|p2a: Cacturne\n|-resisted|p2a: Cacturne\n|-damage|p2a: Cacturne|0 fnt\n|faint|p2a: Cacturne\n|\n|upkeep\n|-message|adfhhcfyhh forfeited.\n|\n|win|bradfish1761\n|raw|bradfish1761's rating: 1494 &rarr; <strong>1513</strong><br />(+19 for winning)\n|raw|adfhhcfyhh's rating: 1478 &rarr; <strong>1459</strong><br />(-19 for losing)\n|l|\u2606adfhhcfyhh\n|player|p2|\n", "uploadtime": 1781408194, "views": 3, "formatid": "gen9randombattle", "rating": 1459, "private": 0, "password": null}