{"id": "gen9randombattle-2631741858", "format": "[Gen 9] Random Battle", "players": ["FrankRayquaza", "hamni82"], "log": "|badge|p1|silver|gen9randombattle|30-9\n|uhtml|medal-msg|<div class=\"broadcast-blue\">Curious what those medals under the avatar are? PS now has Ladder Seasons! For more information, check out the <a href=\"https://www.smogon.com/forums/threads/3740067/\">thread on Smogon.</a></div>\n|j|\u2606FrankRayquaza\n|j|\u2606hamni82\n|t:|1781432130\n|gametype|singles\n|player|p1|FrankRayquaza|cheren-gen5bw2|2347\n|player|p2|hamni82|169|2209\n|gen|9\n|tier|[Gen 9] Random Battle\n|rated|\n|rule|Species Clause: Limit one of each Pok\u00e9mon\n|rule|HP Percentage Mod: HP is shown in percentages\n|rule|Sleep Clause Mod: Limit one foe put to sleep\n|rule|Illusion Level Mod: Illusion disguises the Pok\u00e9mon's true level\n|\n|t:|1781432130\n|teamsize|p1|6\n|teamsize|p2|6\n|start\n|switch|p1a: Greedent|Greedent, L86, F|347/347\n|switch|p2a: Sandaconda|Sandaconda, L84, M|258/258\n|turn|1\n|\n|t:|1781432150\n|move|p2a: Sandaconda|Earthquake|p1a: Greedent\n|-damage|p1a: Greedent|251/347\n|move|p1a: Greedent|Knock Off|p2a: Sandaconda\n|-damage|p2a: Sandaconda|201/258\n|-enditem|p2a: Sandaconda|Leftovers|[from] move: Knock Off|[of] p1a: Greedent\n|\n|upkeep\n|turn|2\n|\n|t:|1781432157\n|switch|p2a: Sudowoodo|Sudowoodo, L94, M|284/284\n|move|p1a: Greedent|Swords Dance|p1a: Greedent\n|-boost|p1a: Greedent|atk|2\n|\n|upkeep\n|turn|3\n|\n|t:|1781432166\n|switch|p1a: Donphan|Donphan, L84, M|288/288\n|move|p2a: Sudowoodo|Head Smash|p1a: Donphan\n|-resisted|p1a: Donphan\n|-damage|p1a: Donphan|213/288\n|\n|-heal|p1a: Donphan|231/288|[from] item: Leftovers\n|upkeep\n|turn|4\n|\n|t:|1781432179\n|move|p1a: Donphan|Earthquake|p2a: Sudowoodo\n|-supereffective|p2a: Sudowoodo\n|-damage|p2a: Sudowoodo|86/284\n|move|p2a: Sudowoodo|Wood Hammer|p1a: Donphan\n|-supereffective|p1a: Donphan\n|-damage|p1a: Donphan|49/288\n|\n|-heal|p1a: Donphan|67/288|[from] item: Leftovers\n|-heal|p2a: Sudowoodo|103/284|[from] item: Leftovers\n|upkeep\n|turn|5\n|\n|t:|1781432196\n|move|p1a: Donphan|Earthquake|p2a: Sudowoodo\n|-supereffective|p2a: Sudowoodo\n|-damage|p2a: Sudowoodo|0 fnt\n|faint|p2a: Sudowoodo\n|\n|-heal|p1a: Donphan|85/288|[from] item: Leftovers\n|upkeep\n|\n|t:|1781432205\n|switch|p2a: Iron Valiant|Iron Valiant, L78|244/244\n|turn|6\n|\n|t:|1781432212\n|move|p2a: Iron Valiant|Moonblast|p1a: Donphan\n|-damage|p1a: Donphan|0 fnt\n|faint|p1a: Donphan\n|-damage|p2a: Iron Valiant|220/244|[from] item: Life Orb\n|\n|upkeep\n|\n|t:|1781432221\n|switch|p1a: Skeledirge|Skeledirge, L79, F|294/294\n|turn|7\n|inactive|Battle timer is ON: inactive players will automatically lose when time's up. (requested by FrankRayquaza)\n|\n|t:|1781432258\n|-end|p2a: Iron Valiant|Quark Drive|[silent]\n|switch|p2a: Grumpig|Grumpig, L92, F|297/297\n|move|p1a: Skeledirge|Will-O-Wisp|p2a: Grumpig\n|-status|p2a: Grumpig|brn\n|\n|-damage|p2a: Grumpig|279/297 brn|[from] brn\n|upkeep\n|turn|8\n|\n|t:|1781432267\n|switch|p1a: Glastrier|Glastrier, L86|311/311\n|move|p2a: Grumpig|Nasty Plot|p2a: Grumpig\n|-boost|p2a: Grumpig|spa|2\n|\n|-heal|p2a: Grumpig|297/297 brn|[from] item: Leftovers\n|-damage|p2a: Grumpig|279/297 brn|[from] brn\n|upkeep\n|turn|9\n|\n|t:|1781432270\n|move|p2a: Grumpig|Psyshock|p1a: Glastrier\n|-damage|p1a: Glastrier|166/311\n|move|p1a: Glastrier|Heavy Slam|p2a: Grumpig\n|-damage|p2a: Grumpig|62/297 brn\n|\n|-heal|p2a: Grumpig|80/297 brn|[from] item: Leftovers\n|-damage|p2a: Grumpig|62/297 brn|[from] brn\n|upkeep\n|turn|10\n|\n|t:|1781432277\n|move|p2a: Grumpig|Psyshock|p1a: Glastrier\n|-damage|p1a: Glastrier|24/311\n|move|p1a: Glastrier|Heavy Slam|p2a: Grumpig\n|-crit|p2a: Grumpig\n|-damage|p2a: Grumpig|0 fnt\n|faint|p2a: Grumpig\n|-ability|p1a: Glastrier|Chilling Neigh|boost\n|-boost|p1a: Glastrier|atk|1\n|\n|upkeep\n|\n|t:|1781432290\n|switch|p2a: Sandaconda|Sandaconda, L84, M|201/258\n|turn|11\n|\n|t:|1781432293\n|switch|p1a: Greedent|Greedent, L86, F|251/347\n|move|p2a: Sandaconda|Earthquake|p1a: Greedent\n|-damage|p1a: Greedent|155/347\n|-enditem|p1a: Greedent|Sitrus Berry|[eat]\n|-heal|p1a: Greedent|241/347|[from] item: Sitrus Berry\n|-heal|p1a: Greedent|347/347|[from] ability: Cheek Pouch\n|\n|upkeep\n|turn|12\n|\n|t:|1781432298\n|move|p2a: Sandaconda|Glare|p1a: Greedent\n|-status|p1a: Greedent|par\n|move|p1a: Greedent|Double-Edge|p2a: Sandaconda\n|-damage|p2a: Sandaconda|96/258\n|-damage|p1a: Greedent|312/347 par|[from] Recoil\n|\n|upkeep\n|turn|13\n|\n|t:|1781432301\n|move|p2a: Sandaconda|Rest|p2a: Sandaconda\n|-status|p2a: Sandaconda|slp|[from] move: Rest\n|-heal|p2a: Sandaconda|258/258 slp|[silent]\n|move|p1a: Greedent|Double-Edge|p2a: Sandaconda\n|-crit|p2a: Sandaconda\n|-damage|p2a: Sandaconda|107/258 slp\n|-damage|p1a: Greedent|262/347 par|[from] Recoil\n|\n|upkeep\n|turn|14\n|\n|t:|1781432308\n|cant|p2a: Sandaconda|slp\n|cant|p1a: Greedent|par\n|\n|upkeep\n|turn|15\n|\n|t:|1781432312\n|cant|p2a: Sandaconda|slp\n|move|p1a: Greedent|Swords Dance|p1a: Greedent\n|-boost|p1a: Greedent|atk|2\n|\n|upkeep\n|turn|16\n|\n|t:|1781432323\n|-curestatus|p2a: Sandaconda|slp|[msg]\n|move|p2a: Sandaconda|Earthquake|p1a: Greedent\n|-damage|p1a: Greedent|154/347 par\n|move|p1a: Greedent|Double-Edge|p2a: Sandaconda\n|-damage|p2a: Sandaconda|0 fnt\n|faint|p2a: Sandaconda\n|-damage|p1a: Greedent|119/347 par|[from] Recoil\n|\n|upkeep\n|\n|t:|1781432328\n|switch|p2a: Glastrier|Glastrier, L86|312/312\n|turn|17\n|\n|t:|1781432337\n|move|p2a: Glastrier|Icicle Crash|p1a: Greedent\n|-damage|p1a: Greedent|0 fnt\n|faint|p1a: Greedent\n|-ability|p2a: Glastrier|Chilling Neigh|boost\n|-boost|p2a: Glastrier|atk|1\n|\n|upkeep\n|\n|t:|1781432340\n|switch|p1a: Skeledirge|Skeledirge, L79, F|294/294\n|turn|18\n|\n|t:|1781432348\n|move|p1a: Skeledirge|Will-O-Wisp|p2a: Glastrier\n|-status|p2a: Glastrier|brn\n|move|p2a: Glastrier|High Horsepower|p1a: Skeledirge\n|-supereffective|p1a: Skeledirge\n|-damage|p1a: Skeledirge|203/294\n|\n|-damage|p2a: Glastrier|293/312 brn|[from] brn\n|upkeep\n|turn|19\n|\n|t:|1781432355\n|switch|p2a: Iron Valiant|Iron Valiant, L78|220/244\n|move|p1a: Skeledirge|Torch Song|p2a: Iron Valiant\n|-damage|p2a: Iron Valiant|112/244\n|-boost|p1a: Skeledirge|spa|1\n|\n|upkeep\n|turn|20\n|\n|t:|1781432357\n|move|p2a: Iron Valiant|Knock Off|p1a: Skeledirge\n|-supereffective|p1a: Skeledirge\n|-damage|p1a: Skeledirge|5/294\n|-enditem|p1a: Skeledirge|Heavy-Duty Boots|[from] move: Knock Off|[of] p2a: Iron Valiant\n|-damage|p2a: Iron Valiant|88/244|[from] item: Life Orb\n|move|p1a: Skeledirge|Slack Off|p1a: Skeledirge\n|-heal|p1a: Skeledirge|152/294\n|\n|upkeep\n|turn|21\n|\n|t:|1781432362\n|move|p2a: Iron Valiant|Encore|p1a: Skeledirge\n|-start|p1a: Skeledirge|Encore\n|move|p1a: Skeledirge|Slack Off|p1a: Skeledirge\n|-heal|p1a: Skeledirge|294/294\n|\n|upkeep\n|turn|22\n|\n|t:|1781432371\n|switch|p1a: Glastrier|Glastrier, L86|24/311\n|move|p2a: Iron Valiant|Knock Off|p1a: Glastrier\n|-damage|p1a: Glastrier|0 fnt\n|-enditem|p1a: Glastrier|Choice Band|[from] move: Knock Off|[of] p2a: Iron Valiant\n|faint|p1a: Glastrier\n|-damage|p2a: Iron Valiant|64/244|[from] item: Life Orb\n|\n|upkeep\n|\n|t:|1781432375\n|switch|p1a: Skeledirge|Skeledirge, L79, F|294/294\n|turn|23\n|\n|t:|1781432379\n|move|p2a: Iron Valiant|Knock Off|p1a: Skeledirge\n|-supereffective|p1a: Skeledirge\n|-damage|p1a: Skeledirge|159/294\n|-damage|p2a: Iron Valiant|40/244|[from] item: Life Orb\n|move|p1a: Skeledirge|Torch Song|p2a: Iron Valiant\n|-damage|p2a: Iron Valiant|0 fnt\n|-boost|p1a: Skeledirge|spa|1\n|faint|p2a: Iron Valiant\n|-end|p2a: Iron Valiant|Quark Drive|[silent]\n|\n|upkeep\n|\n|t:|1781432382\n|switch|p2a: Qwilfish|Qwilfish-Hisui, L83, M|244/244\n|-ability|p2a: Qwilfish|Intimidate|boost\n|-unboost|p1a: Skeledirge|atk|1\n|turn|24\n|\n|t:|1781432389\n|-terastallize|p1a: Skeledirge|Water\n|move|p2a: Qwilfish|Taunt|p1a: Skeledirge\n|-start|p1a: Skeledirge|move: Taunt\n|cant|p1a: Skeledirge|move: Taunt|Will-O-Wisp\n|\n|upkeep\n|turn|25\n|\n|t:|1781432402\n|switch|p1a: Drednaw|Drednaw, L81, F|278/278\n|move|p2a: Qwilfish|Crunch|p1a: Drednaw\n|-damage|p1a: Drednaw|190/278\n|\n|upkeep\n|turn|26\n|\n|t:|1781432416\n|switch|p1a: Hatterene|Hatterene, L85, F|236/236\n|move|p2a: Qwilfish|Crunch|p1a: Hatterene\n|-damage|p1a: Hatterene|158/236\n|\n|upkeep\n|turn|27\n|\n|t:|1781432419\n|move|p2a: Qwilfish|Gunk Shot|p1a: Hatterene\n|-supereffective|p1a: Hatterene\n|-damage|p1a: Hatterene|0 fnt\n|faint|p1a: Hatterene\n|\n|upkeep\n|\n|t:|1781432422\n|switch|p1a: Skeledirge|Skeledirge, L79, F, tera:Water|159/294\n|turn|28\n|\n|t:|1781432428\n|move|p2a: Qwilfish|Taunt|p1a: Skeledirge\n|-start|p1a: Skeledirge|move: Taunt\n|move|p1a: Skeledirge|Torch Song|p2a: Qwilfish\n|-damage|p2a: Qwilfish|165/244\n|-boost|p1a: Skeledirge|spa|1\n|\n|upkeep\n|turn|29\n|\n|t:|1781432433\n|-terastallize|p2a: Qwilfish|Poison\n|move|p2a: Qwilfish|Gunk Shot|p1a: Skeledirge|[miss]\n|-miss|p2a: Qwilfish|p1a: Skeledirge\n|move|p1a: Skeledirge|Torch Song|p2a: Qwilfish\n|-damage|p2a: Qwilfish|45/244\n|-boost|p1a: Skeledirge|spa|1\n|\n|upkeep\n|turn|30\n|\n|t:|1781432437\n|move|p2a: Qwilfish|Gunk Shot|p1a: Skeledirge\n|-damage|p1a: Skeledirge|0 fnt\n|faint|p1a: Skeledirge\n|\n|upkeep\n|\n|t:|1781432439\n|switch|p1a: Drednaw|Drednaw, L81, F|190/278\n|turn|31\n|\n|t:|1781432443\n|move|p2a: Qwilfish|Taunt|p1a: Drednaw\n|-start|p1a: Drednaw|move: Taunt\n|cant|p1a: Drednaw|move: Taunt|Shell Smash\n|\n|upkeep\n|turn|32\n|\n|t:|1781432447\n|move|p2a: Qwilfish|Crunch|p1a: Drednaw\n|-damage|p1a: Drednaw|103/278\n|move|p1a: Drednaw|Liquidation|p2a: Qwilfish\n|-damage|p2a: Qwilfish|0 fnt\n|faint|p2a: Qwilfish\n|\n|upkeep\n|\n|t:|1781432448\n|switch|p2a: Glastrier|Glastrier, L86|293/312 brn\n|turn|33\n|\n|t:|1781432453\n|move|p1a: Drednaw|Stone Edge|p2a: Glastrier\n|-supereffective|p2a: Glastrier\n|-damage|p2a: Glastrier|119/312 brn\n|move|p2a: Glastrier|High Horsepower|p1a: Drednaw\n|-supereffective|p1a: Drednaw\n|-damage|p1a: Drednaw|2/278\n|\n|-damage|p2a: Glastrier|100/312 brn|[from] brn\n|-end|p1a: Drednaw|move: Taunt\n|upkeep\n|turn|34\n|c|\u2606hamni82|gg\n|c|\u2606FrankRayquaza|gg u played well but i can miss th next one\n|c|\u2606hamni82|yup\n|inactive|FrankRayquaza has 120 seconds left.\n|c|\u2606FrankRayquaza|liquidation kills it?\n|c|\u2606hamni82|not sure\n|c|\u2606hamni82|use calc\n|c|\u2606FrankRayquaza|ok ill risk fk it\n|\n|t:|1781432505\n|move|p1a: Drednaw|Stone Edge|p2a: Glastrier\n|-supereffective|p2a: Glastrier\n|-damage|p2a: Glastrier|0 fnt\n|faint|p2a: Glastrier\n|\n|win|FrankRayquaza\n|raw|FrankRayquaza's rating: 2347 &rarr; <strong>2359</strong><br />(+12 for winning)\n|raw|hamni82's rating: 2209 &rarr; <strong>2197</strong><br />(-12 for losing)\n", "uploadtime": 1781432133, "views": 4, "formatid": "gen9randombattle", "rating": 2197, "private": 0, "password": null}