{"id": "gen9randombattle-2632015675", "format": "[Gen 9] Random Battle", "players": ["RooMusH", "who is to say"], "log": "|j|\u2606RooMusH\n|j|\u2606who is to say\n|t:|1781466204\n|gametype|singles\n|player|p1|RooMusH|janitor|2261\n|player|p2|who is to say|101|2299\n|gen|9\n|tier|[Gen 9] Random Battle\n|rated|\n|rule|Species Clause: Limit one of each Pok\u00e9mon\n|rule|HP Percentage Mod: HP is shown in percentages\n|rule|Sleep Clause Mod: Limit one foe put to sleep\n|rule|Illusion Level Mod: Illusion disguises the Pok\u00e9mon's true level\n|\n|t:|1781466204\n|teamsize|p1|6\n|teamsize|p2|6\n|start\n|switch|p1a: Delphox|Delphox, L84, F|263/263\n|switch|p2a: Skarmory|Skarmory, L80, F|235/235\n|turn|1\n|inactive|Battle timer is ON: inactive players will automatically lose when time's up. (requested by RooMusH)\n|\n|t:|1781466225\n|switch|p2a: Baxcalibur|Baxcalibur, L75, F|295/295\n|move|p1a: Delphox|Nasty Plot|p1a: Delphox\n|-boost|p1a: Delphox|spa|2\n|\n|upkeep\n|turn|2\n|\n|t:|1781466229\n|move|p1a: Delphox|Focus Blast|p2a: Baxcalibur\n|-supereffective|p2a: Baxcalibur\n|-damage|p2a: Baxcalibur|0 fnt\n|faint|p2a: Baxcalibur\n|\n|upkeep\n|\n|t:|1781466233\n|switch|p2a: Sandaconda|Sandaconda, L84, F|258/258\n|turn|3\n|\n|t:|1781466238\n|-terastallize|p2a: Sandaconda|Dragon\n|move|p1a: Delphox|Fire Blast|p2a: Sandaconda\n|-resisted|p2a: Sandaconda\n|-damage|p2a: Sandaconda|111/258\n|move|p2a: Sandaconda|Glare|p1a: Delphox\n|-status|p1a: Delphox|par\n|\n|-heal|p2a: Sandaconda|127/258|[from] item: Leftovers\n|upkeep\n|turn|4\n|\n|t:|1781466247\n|switch|p1a: Hariyama|Hariyama, L87, F|392/392\n|move|p2a: Sandaconda|Earthquake|p1a: Hariyama\n|-damage|p1a: Hariyama|241/392\n|\n|-heal|p2a: Sandaconda|143/258|[from] item: Leftovers\n|-status|p1a: Hariyama|brn|[from] item: Flame Orb\n|upkeep\n|turn|5\n|\n|t:|1781466256\n|move|p2a: Sandaconda|Earthquake|p1a: Hariyama\n|-damage|p1a: Hariyama|96/392 brn\n|move|p1a: Hariyama|Knock Off|p2a: Sandaconda\n|-damage|p2a: Sandaconda|48/258\n|-enditem|p2a: Sandaconda|Leftovers|[from] move: Knock Off|[of] p1a: Hariyama\n|\n|-damage|p1a: Hariyama|72/392 brn|[from] brn\n|upkeep\n|turn|6\n|\n|t:|1781466260\n|move|p2a: Sandaconda|Earthquake|p1a: Hariyama\n|-damage|p1a: Hariyama|0 fnt\n|faint|p1a: Hariyama\n|\n|upkeep\n|\n|t:|1781466278\n|switch|p1a: Oricorio|Oricorio-Sensu, L85, M|266/266\n|turn|7\n|\n|t:|1781466281\n|move|p1a: Oricorio|Revelation Dance|p2a: Sandaconda\n|-damage|p2a: Sandaconda|0 fnt\n|faint|p2a: Sandaconda\n|\n|upkeep\n|\n|t:|1781466284\n|switch|p2a: Luxray|Luxray, L88, M|284/284\n|-ability|p2a: Luxray|Intimidate|boost\n|-unboost|p1a: Oricorio|atk|1\n|turn|8\n|j| wistwind\n|\n|t:|1781466304\n|switch|p1a: Fezandipiti|Fezandipiti, L82, M|278/278\n|move|p2a: Luxray|Wild Charge|p1a: Fezandipiti\n|-damage|p1a: Fezandipiti|151/278\n|-damage|p2a: Luxray|252/284|[from] Recoil\n|\n|-heal|p1a: Fezandipiti|168/278|[from] item: Leftovers\n|upkeep\n|turn|9\n|\n|t:|1781466316\n|move|p1a: Fezandipiti|Gunk Shot|p2a: Luxray\n|-damage|p2a: Luxray|131/284\n|move|p2a: Luxray|Volt Switch|p1a: Fezandipiti\n|-damage|p1a: Fezandipiti|110/278\n|\n|t:|1781466325\n|switch|p2a: Skarmory|Skarmory, L80, F|235/235|[from] Volt Switch\n|\n|-heal|p1a: Fezandipiti|127/278|[from] item: Leftovers\n|upkeep\n|turn|10\n|\n|t:|1781466329\n|switch|p1a: Delphox|Delphox, L84, F|263/263 par\n|switch|p2a: Zekrom|Zekrom, L71|259/259\n|-ability|p2a: Zekrom|Teravolt\n|\n|upkeep\n|turn|11\n|\n|t:|1781466334\n|switch|p1a: Jumpluff|Jumpluff, L87, M|271/271\n|move|p2a: Zekrom|Dragon Dance|p2a: Zekrom\n|-boost|p2a: Zekrom|atk|1\n|-boost|p2a: Zekrom|spe|1\n|\n|upkeep\n|turn|12\n|\n|t:|1781466342\n|move|p2a: Zekrom|Bolt Strike|p1a: Jumpluff\n|-damage|p1a: Jumpluff|13/271\n|-status|p1a: Jumpluff|par\n|move|p1a: Jumpluff|Encore|p2a: Zekrom\n|-start|p2a: Zekrom|Encore\n|\n|upkeep\n|turn|13\n|\n|t:|1781466346\n|move|p2a: Zekrom|Bolt Strike|p1a: Jumpluff\n|-damage|p1a: Jumpluff|0 fnt\n|faint|p1a: Jumpluff\n|\n|upkeep\n|\n|t:|1781466348\n|switch|p1a: Fezandipiti|Fezandipiti, L82, M|127/278\n|turn|14\n|\n|t:|1781466366\n|switch|p2a: Skarmory|Skarmory, L80, F|235/235\n|-terastallize|p1a: Fezandipiti|Ground\n|move|p1a: Fezandipiti|Swords Dance|p1a: Fezandipiti\n|-boost|p1a: Fezandipiti|atk|2\n|\n|-heal|p1a: Fezandipiti|144/278|[from] item: Leftovers\n|upkeep\n|turn|15\n|\n|t:|1781466371\n|switch|p1a: Delphox|Delphox, L84, F|263/263 par\n|move|p2a: Skarmory|Brave Bird|p1a: Delphox\n|-damage|p1a: Delphox|145/263 par\n|-damage|p2a: Skarmory|196/235|[from] Recoil\n|\n|-heal|p2a: Skarmory|210/235|[from] item: Leftovers\n|upkeep\n|turn|16\n|\n|t:|1781466377\n|move|p2a: Skarmory|Brave Bird|p1a: Delphox\n|-damage|p1a: Delphox|24/263 par\n|-damage|p2a: Skarmory|170/235|[from] Recoil\n|move|p1a: Delphox|Fire Blast|p2a: Skarmory|[miss]\n|-miss|p1a: Delphox|p2a: Skarmory\n|\n|-heal|p2a: Skarmory|184/235|[from] item: Leftovers\n|upkeep\n|turn|17\n|\n|t:|1781466381\n|move|p2a: Skarmory|Brave Bird|p1a: Delphox\n|-damage|p1a: Delphox|0 fnt\n|faint|p1a: Delphox\n|-damage|p2a: Skarmory|176/235|[from] Recoil\n|\n|-heal|p2a: Skarmory|190/235|[from] item: Leftovers\n|upkeep\n|\n|t:|1781466384\n|switch|p1a: Oricorio|Oricorio-Sensu, L85, M|266/266\n|turn|18\n|\n|t:|1781466390\n|switch|p2a: Luxray|Luxray, L88, M|131/284\n|-ability|p2a: Luxray|Intimidate|boost\n|-unboost|p1a: Oricorio|atk|1\n|move|p1a: Oricorio|Quiver Dance|p1a: Oricorio\n|-boost|p1a: Oricorio|spa|1\n|-boost|p1a: Oricorio|spd|1\n|-boost|p1a: Oricorio|spe|1\n|\n|upkeep\n|turn|19\n|\n|t:|1781466393\n|switch|p1a: Fezandipiti|Fezandipiti, L82, M, tera:Ground|144/278\n|move|p2a: Luxray|Wild Charge|p1a: Fezandipiti\n|-immune|p1a: Fezandipiti\n|\n|-heal|p1a: Fezandipiti|161/278|[from] item: Leftovers\n|upkeep\n|turn|20\n|\n|t:|1781466403\n|move|p1a: Fezandipiti|Swords Dance|p1a: Fezandipiti\n|-boost|p1a: Fezandipiti|atk|2\n|move|p2a: Luxray|Ice Fang|p1a: Fezandipiti\n|-supereffective|p1a: Fezandipiti\n|-damage|p1a: Fezandipiti|27/278\n|\n|-heal|p1a: Fezandipiti|44/278|[from] item: Leftovers\n|upkeep\n|turn|21\n|\n|t:|1781466408\n|switch|p2a: Skarmory|Skarmory, L80, F|190/235\n|move|p1a: Fezandipiti|Play Rough|p2a: Skarmory\n|-resisted|p2a: Skarmory\n|-damage|p2a: Skarmory|129/235\n|\n|-heal|p1a: Fezandipiti|61/278|[from] item: Leftovers\n|-heal|p2a: Skarmory|143/235|[from] item: Leftovers\n|upkeep\n|turn|22\n|\n|t:|1781466412\n|switch|p1a: Oricorio|Oricorio-Sensu, L85, M|266/266\n|move|p2a: Skarmory|Brave Bird|p1a: Oricorio\n|-damage|p1a: Oricorio|143/266\n|-damage|p2a: Skarmory|102/235|[from] Recoil\n|\n|-heal|p2a: Skarmory|116/235|[from] item: Leftovers\n|upkeep\n|turn|23\n|\n|t:|1781466417\n|switch|p2a: Luxray|Luxray, L88, M|131/284\n|-ability|p2a: Luxray|Intimidate|boost\n|-unboost|p1a: Oricorio|atk|1\n|move|p1a: Oricorio|Revelation Dance|p2a: Luxray\n|-damage|p2a: Luxray|61/284\n|\n|upkeep\n|turn|24\n|\n|t:|1781466437\n|move|p1a: Oricorio|Revelation Dance|p2a: Luxray\n|-damage|p2a: Luxray|0 fnt\n|faint|p2a: Luxray\n|\n|upkeep\n|l| wistwind\n|\n|t:|1781466441\n|switch|p2a: Zekrom|Zekrom, L71|259/259\n|-ability|p2a: Zekrom|Teravolt\n|turn|25\n|\n|t:|1781466448\n|switch|p1a: Cyclizar|Cyclizar, L83, F|252/252\n|move|p2a: Zekrom|Dragon Dance|p2a: Zekrom\n|-boost|p2a: Zekrom|atk|1\n|-boost|p2a: Zekrom|spe|1\n|\n|upkeep\n|turn|26\n|\n|t:|1781466456\n|move|p2a: Zekrom|Outrage|p1a: Cyclizar\n|-supereffective|p1a: Cyclizar\n|-damage|p1a: Cyclizar|0 fnt\n|faint|p1a: Cyclizar\n|\n|upkeep\n|-message|RooMusH forfeited.\n|\n|win|who is to say\n", "uploadtime": 1781466206, "views": 2, "formatid": "gen9randombattle", "rating": null, "private": 0, "password": null}