{"id": "gen9randombattle-2631685783", "format": "[Gen 9] Random Battle", "players": ["Ck2gud4u", "Riouytr"], "log": "|j|\u2606Ck2gud4u\n|j|\u2606Riouytr\n|t:|1781421546\n|gametype|singles\n|player|p1|Ck2gud4u|169|\n|player|p2|Riouytr|2|\n|gen|9\n|tier|[Gen 9] Random Battle\n|rule|Species Clause: Limit one of each Pok\u00e9mon\n|rule|HP Percentage Mod: HP is shown in percentages\n|rule|Sleep Clause Mod: Limit one foe put to sleep\n|rule|Illusion Level Mod: Illusion disguises the Pok\u00e9mon's true level\n|\n|t:|1781421546\n|teamsize|p1|6\n|teamsize|p2|6\n|start\n|switch|p1a: Medicham|Medicham, L86, M|243/243\n|switch|p2a: Galvantula|Galvantula, L82, M|249/249\n|turn|1\n|\n|t:|1781421579\n|move|p1a: Medicham|Trick|p2a: Galvantula\n|-activate|p1a: Medicham|move: Trick|[of] p2a: Galvantula\n|-item|p2a: Galvantula|Choice Scarf|[from] move: Trick\n|-item|p1a: Medicham|Focus Sash|[from] move: Trick\n|move|p2a: Galvantula|Sticky Web|p1a: Medicham\n|-sidestart|p1: Ck2gud4u|move: Sticky Web\n|\n|upkeep\n|turn|2\n|inactive|Battle timer is ON: inactive players will automatically lose when time's up. (requested by Riouytr)\n|\n|t:|1781421616\n|switch|p2a: Seviper|Seviper, L93, M|219/219\n|switch|p1a: Greninja|Greninja, L80, M|246/246\n|-activate|p1a: Greninja|move: Sticky Web\n|-unboost|p1a: Greninja|spe|1\n|\n|upkeep\n|turn|3\n|inactive|Riouytr has 270 seconds left.\n|\n|t:|1781421650\n|switch|p2a: Sneasler|Sneasler, L74, M|240/240\n|move|p1a: Greninja|Hydro Pump|p2a: Sneasler\n|-start|p1a: Greninja|typechange|Water|[from] ability: Protean\n|-damage|p2a: Sneasler|63/240\n|-damage|p1a: Greninja|222/246|[from] item: Life Orb\n|\n|upkeep\n|turn|4\n|inactive|Riouytr has 270 seconds left.\n|inactive|Ck2gud4u has 270 seconds left.\n|\n|t:|1781421697\n|switch|p1a: Sandy Shocks|Sandy Shocks, L80|267/267\n|-activate|p1a: Sandy Shocks|move: Sticky Web\n|-unboost|p1a: Sandy Shocks|spe|1\n|move|p2a: Sneasler|Dire Claw|p1a: Sandy Shocks\n|-resisted|p1a: Sandy Shocks\n|-damage|p1a: Sandy Shocks|209/267\n|\n|-heal|p1a: Sandy Shocks|225/267|[from] item: Leftovers\n|upkeep\n|turn|5\n|inactive|Ck2gud4u has 240 seconds left.\n|\n|t:|1781421714\n|switch|p2a: Galvantula|Galvantula, L82, M|249/249\n|move|p1a: Sandy Shocks|Earth Power|p2a: Galvantula\n|-damage|p2a: Galvantula|99/249\n|\n|-heal|p1a: Sandy Shocks|241/267|[from] item: Leftovers\n|upkeep\n|turn|6\n|inactive|Ck2gud4u has 240 seconds left.\n|\n|t:|1781421727\n|move|p2a: Galvantula|Energy Ball|p1a: Sandy Shocks\n|-supereffective|p1a: Sandy Shocks\n|-damage|p1a: Sandy Shocks|119/267\n|move|p1a: Sandy Shocks|Earth Power|p2a: Galvantula\n|-damage|p2a: Galvantula|0 fnt\n|faint|p2a: Galvantula\n|\n|-heal|p1a: Sandy Shocks|135/267|[from] item: Leftovers\n|upkeep\n|\n|t:|1781421747\n|switch|p2a: Honchkrow|Honchkrow, L86, M|312/312\n|turn|7\n|\n|t:|1781421758\n|move|p2a: Honchkrow|Lash Out|p1a: Sandy Shocks\n|-damage|p1a: Sandy Shocks|32/267\n|move|p1a: Sandy Shocks|Thunder Wave|p2a: Honchkrow\n|-status|p2a: Honchkrow|par\n|\n|-heal|p1a: Sandy Shocks|48/267|[from] item: Leftovers\n|upkeep\n|turn|8\n|\n|t:|1781421766\n|move|p2a: Honchkrow|Sucker Punch|p1a: Sandy Shocks\n|-damage|p1a: Sandy Shocks|0 fnt\n|faint|p1a: Sandy Shocks\n|-end|p1a: Sandy Shocks|Protosynthesis|[silent]\n|-ability|p2a: Honchkrow|Moxie|boost\n|-boost|p2a: Honchkrow|atk|1\n|\n|upkeep\n|\n|t:|1781421778\n|switch|p1a: Zapdos|Zapdos, L78|268/268\n|turn|9\n|inactive|Riouytr has 270 seconds left.\n|\n|t:|1781421784\n|move|p2a: Honchkrow|Sucker Punch|p1a: Zapdos\n|-damage|p1a: Zapdos|102/268\n|move|p1a: Zapdos|Thunderbolt|p2a: Honchkrow\n|-supereffective|p2a: Honchkrow\n|-damage|p2a: Honchkrow|34/312 par\n|\n|upkeep\n|turn|10\n|\n|t:|1781421793\n|switch|p1a: Entei|Entei, L78|307/307\n|-activate|p1a: Entei|move: Sticky Web\n|-unboost|p1a: Entei|spe|1\n|move|p2a: Honchkrow|Sucker Punch||[still]\n|-fail|p2a: Honchkrow\n|\n|upkeep\n|turn|11\n|\n|t:|1781421801\n|move|p1a: Entei|Extreme Speed|p2a: Honchkrow\n|-damage|p2a: Honchkrow|0 fnt\n|faint|p2a: Honchkrow\n|\n|upkeep\n|\n|t:|1781421810\n|switch|p2a: Milotic|Milotic, L83, F|293/293\n|turn|12\n|inactive|Ck2gud4u has 270 seconds left.\n|\n|t:|1781421841\n|switch|p1a: Greninja|Greninja, L80, M|222/246\n|-activate|p1a: Greninja|move: Sticky Web\n|-unboost|p1a: Greninja|spe|1\n|move|p2a: Milotic|Scald|p1a: Greninja\n|-resisted|p1a: Greninja\n|-damage|p1a: Greninja|174/246\n|-status|p1a: Greninja|brn\n|\n|-damage|p1a: Greninja|159/246 brn|[from] brn\n|upkeep\n|turn|13\n|\n|t:|1781421859\n|switch|p2a: Seviper|Seviper, L93, M|287/287\n|move|p1a: Greninja|Grass Knot|p2a: Seviper\n|-start|p1a: Greninja|typechange|Grass|[from] ability: Protean\n|-resisted|p2a: Seviper\n|-damage|p2a: Seviper|221/287\n|-damage|p1a: Greninja|135/246 brn|[from] item: Life Orb\n|\n|-damage|p1a: Greninja|120/246 brn|[from] brn\n|upkeep\n|turn|14\n|\n|t:|1781421878\n|switch|p1a: Dunsparce|Dunsparce, L86, M|312/312\n|-activate|p1a: Dunsparce|move: Sticky Web\n|-unboost|p1a: Dunsparce|spe|1\n|move|p2a: Seviper|Gunk Shot|p1a: Dunsparce\n|-damage|p1a: Dunsparce|156/312\n|-damage|p2a: Seviper|193/287|[from] item: Life Orb\n|\n|upkeep\n|turn|15\n|\n|t:|1781421888\n|move|p2a: Seviper|Gunk Shot|p1a: Dunsparce\n|-damage|p1a: Dunsparce|8/312\n|-damage|p2a: Seviper|165/287|[from] item: Life Orb\n|move|p1a: Dunsparce|Earthquake|p2a: Seviper\n|-supereffective|p2a: Seviper\n|-damage|p2a: Seviper|23/287\n|\n|upkeep\n|turn|16\n|\n|t:|1781421901\n|move|p2a: Seviper|Giga Drain|p1a: Dunsparce\n|-damage|p1a: Dunsparce|0 fnt\n|-heal|p2a: Seviper|27/287|[from] drain|[of] p1a: Dunsparce\n|faint|p1a: Dunsparce\n|-damage|p2a: Seviper|0 fnt|[from] item: Life Orb\n|faint|p2a: Seviper\n|\n|upkeep\n|inactive|Ck2gud4u has 240 seconds left.\n|\n|t:|1781421920\n|switch|p2a: Milotic|Milotic, L83, F|219/219\n|switch|p1a: Entei|Entei, L78|307/307\n|-activate|p1a: Entei|move: Sticky Web\n|-unboost|p1a: Entei|spe|1\n|turn|17\n|inactive|Ck2gud4u has 240 seconds left.\n|\n|t:|1781421937\n|switch|p1a: Greninja|Greninja, L80, M|120/246 brn\n|-activate|p1a: Greninja|move: Sticky Web\n|-unboost|p1a: Greninja|spe|1\n|move|p2a: Milotic|Hyper Voice|p1a: Greninja\n|-damage|p1a: Greninja|0 fnt\n|faint|p1a: Greninja\n|-damage|p2a: Milotic|198/219|[from] item: Life Orb\n|\n|upkeep\n|inactive|Ck2gud4u has 240 seconds left.\n|\n|t:|1781421951\n|switch|p1a: Medicham|Medicham, L86, M|243/243\n|-activate|p1a: Medicham|move: Sticky Web\n|-unboost|p1a: Medicham|spe|1\n|turn|18\n|inactive|Ck2gud4u has 240 seconds left.\n|\n|t:|1781421966\n|move|p2a: Milotic|Hyper Voice|p1a: Medicham\n|-damage|p1a: Medicham|87/243\n|-damage|p2a: Milotic|177/219|[from] item: Life Orb\n|move|p1a: Medicham|Zen Headbutt|p2a: Milotic|[miss]\n|-miss|p1a: Medicham|p2a: Milotic\n|\n|upkeep\n|turn|19\n|\n|t:|1781421977\n|move|p2a: Milotic|Hyper Voice|p1a: Medicham\n|-damage|p1a: Medicham|0 fnt\n|faint|p1a: Medicham\n|-damage|p2a: Milotic|156/219|[from] item: Life Orb\n|\n|upkeep\n|\n|t:|1781421981\n|switch|p1a: Entei|Entei, L78|307/307\n|-activate|p1a: Entei|move: Sticky Web\n|-unboost|p1a: Entei|spe|1\n|turn|20\n|inactive|Ck2gud4u has 240 seconds left.\n|\n|t:|1781421996\n|move|p1a: Entei|Extreme Speed|p2a: Milotic\n|-immune|p2a: Milotic\n|move|p2a: Milotic|Hyper Voice|p1a: Entei\n|-damage|p1a: Entei|150/307\n|-damage|p2a: Milotic|135/219|[from] item: Life Orb\n|\n|upkeep\n|turn|21\n|inactive|Ck2gud4u has 240 seconds left.\n|\n|t:|1781422003\n|switch|p1a: Zapdos|Zapdos, L78|102/268\n|move|p2a: Milotic|Hyper Voice|p1a: Zapdos\n|-crit|p1a: Zapdos\n|-damage|p1a: Zapdos|0 fnt\n|faint|p1a: Zapdos\n|-damage|p2a: Milotic|114/219|[from] item: Life Orb\n|\n|upkeep\n|\n|t:|1781422005\n|switch|p1a: Entei|Entei, L78|150/307\n|-activate|p1a: Entei|move: Sticky Web\n|-unboost|p1a: Entei|spe|1\n|turn|22\n|\n|t:|1781422007\n|move|p2a: Milotic|Hyper Voice|p1a: Entei\n|-damage|p1a: Entei|0 fnt\n|faint|p1a: Entei\n|-damage|p2a: Milotic|93/219|[from] item: Life Orb\n|\n|win|Riouytr\n|l|\u2606Ck2gud4u\n|player|p1|\n", "uploadtime": 1781422023, "views": 20, "formatid": "gen9randombattle", "rating": null, "private": 0, "password": null}