{"id": "gen9randombattle-2631631881", "format": "[Gen 9] Random Battle", "players": ["YLUOpeng", "wo4188"], "log": "|j|\u2606YLUOpeng\n|j|\u2606wo4188\n|t:|1781411837\n|gametype|singles\n|player|p1|YLUOpeng|101|1033\n|player|p2|wo4188|266|1045\n|gen|9\n|tier|[Gen 9] Random Battle\n|rated|\n|rule|Species Clause: Limit one of each Pok\u00e9mon\n|rule|HP Percentage Mod: HP is shown in percentages\n|rule|Sleep Clause Mod: Limit one foe put to sleep\n|rule|Illusion Level Mod: Illusion disguises the Pok\u00e9mon's true level\n|\n|t:|1781411837\n|teamsize|p1|6\n|teamsize|p2|6\n|start\n|switch|p1a: Lurantis|Lurantis, L87, M|264/264\n|switch|p2a: Lilligant|Lilligant-Hisui, L79, F|240/240\n|turn|1\n|\n|t:|1781411855\n|switch|p2a: Scovillain|Scovillain, L91, M|266/266\n|move|p1a: Lurantis|Superpower|p2a: Scovillain\n|-damage|p2a: Scovillain|147/266\n|-boost|p1a: Lurantis|atk|1\n|-boost|p1a: Lurantis|def|1\n|\n|upkeep\n|turn|2\n|\n|t:|1781411870\n|move|p2a: Scovillain|Fire Blast|p1a: Lurantis\n|-supereffective|p1a: Lurantis\n|-damage|p1a: Lurantis|90/264\n|move|p1a: Lurantis|Superpower|p2a: Scovillain\n|-damage|p2a: Scovillain|0 fnt\n|-boost|p1a: Lurantis|atk|1\n|-boost|p1a: Lurantis|def|1\n|faint|p2a: Scovillain\n|\n|upkeep\n|\n|t:|1781411882\n|switch|p2a: Delphox|Delphox, L84, M|263/263\n|turn|3\n|\n|t:|1781411892\n|move|p2a: Delphox|Fire Blast|p1a: Lurantis\n|-supereffective|p1a: Lurantis\n|-damage|p1a: Lurantis|0 fnt\n|faint|p1a: Lurantis\n|\n|upkeep\n|\n|t:|1781411904\n|switch|p1a: Empoleon|Empoleon, L84, M|278/278\n|turn|4\n|\n|t:|1781411916\n|move|p2a: Delphox|Focus Blast|p1a: Empoleon|[miss]\n|-miss|p2a: Delphox|p1a: Empoleon\n|move|p1a: Empoleon|Surf|p2a: Delphox\n|-supereffective|p2a: Delphox\n|-damage|p2a: Delphox|69/263\n|\n|upkeep\n|turn|5\n|\n|t:|1781411925\n|move|p2a: Delphox|Focus Blast|p1a: Empoleon|[miss]\n|-miss|p2a: Delphox|p1a: Empoleon\n|move|p1a: Empoleon|Surf|p2a: Delphox\n|-supereffective|p2a: Delphox\n|-damage|p2a: Delphox|0 fnt\n|faint|p2a: Delphox\n|\n|upkeep\n|\n|t:|1781411934\n|switch|p2a: Lilligant|Lilligant-Hisui, L79, F|240/240\n|turn|6\n|\n|t:|1781411939\n|move|p2a: Lilligant|Close Combat|p1a: Empoleon|[miss]\n|-miss|p2a: Lilligant|p1a: Empoleon\n|move|p1a: Empoleon|Ice Beam|p2a: Lilligant\n|-supereffective|p2a: Lilligant\n|-damage|p2a: Lilligant|68/240\n|\n|upkeep\n|turn|7\n|\n|t:|1781411949\n|move|p2a: Lilligant|Close Combat|p1a: Empoleon\n|-supereffective|p1a: Empoleon\n|-damage|p1a: Empoleon|0 fnt\n|-unboost|p2a: Lilligant|def|1\n|-unboost|p2a: Lilligant|spd|1\n|faint|p1a: Empoleon\n|-damage|p2a: Lilligant|44/240|[from] item: Life Orb\n|\n|upkeep\n|\n|t:|1781411961\n|switch|p1a: Scizor|Scizor, L79, F|240/240\n|turn|8\n|\n|t:|1781411973\n|move|p1a: Scizor|Bullet Punch|p2a: Lilligant\n|-damage|p2a: Lilligant|0 fnt\n|faint|p2a: Lilligant\n|-damage|p1a: Scizor|216/240|[from] item: Life Orb\n|\n|upkeep\n|\n|t:|1781411985\n|switch|p2a: Lapras|Lapras, L87, F|367/367\n|turn|9\n|\n|t:|1781412000\n|move|p2a: Lapras|Ice Beam|p1a: Scizor\n|-resisted|p1a: Scizor\n|-crit|p1a: Scizor\n|-damage|p1a: Scizor|96/240\n|move|p1a: Scizor|Close Combat|p2a: Lapras\n|-supereffective|p2a: Lapras\n|-damage|p2a: Lapras|112/367\n|-unboost|p1a: Scizor|def|1\n|-unboost|p1a: Scizor|spd|1\n|-damage|p1a: Scizor|72/240|[from] item: Life Orb\n|\n|upkeep\n|turn|10\n|\n|t:|1781412012\n|move|p1a: Scizor|Bullet Punch|p2a: Lapras\n|-damage|p2a: Lapras|11/367\n|-damage|p1a: Scizor|48/240|[from] item: Life Orb\n|move|p2a: Lapras|Ice Beam|p1a: Scizor\n|-resisted|p1a: Scizor\n|-damage|p1a: Scizor|0 fnt\n|faint|p1a: Scizor\n|\n|upkeep\n|\n|t:|1781412032\n|switch|p1a: Passimian|Passimian, L83, F|302/302\n|turn|11\n|\n|t:|1781412037\n|move|p1a: Passimian|Earthquake|p2a: Lapras\n|-damage|p2a: Lapras|0 fnt\n|faint|p2a: Lapras\n|\n|upkeep\n|\n|t:|1781412043\n|switch|p2a: Weezing|Weezing-Galar, L86, F|252/252\n|turn|12\n|\n|t:|1781412053\n|move|p1a: Passimian|Earthquake|p2a: Weezing\n|-immune|p2a: Weezing|[from] ability: Levitate\n|move|p2a: Weezing|Strange Steam|p1a: Passimian\n|-supereffective|p1a: Passimian\n|-damage|p1a: Passimian|60/302\n|\n|upkeep\n|turn|13\n|\n|t:|1781412062\n|move|p1a: Passimian|Earthquake|p2a: Weezing\n|-immune|p2a: Weezing|[from] ability: Levitate\n|move|p2a: Weezing|Strange Steam|p1a: Passimian\n|-supereffective|p1a: Passimian\n|-damage|p1a: Passimian|0 fnt\n|faint|p1a: Passimian\n|\n|upkeep\n|\n|t:|1781412083\n|switch|p1a: Hawlucha|Hawlucha, L80, M|256/256\n|turn|14\n|\n|t:|1781412098\n|move|p1a: Hawlucha|Brave Bird|p2a: Weezing\n|-damage|p2a: Weezing|158/252\n|-damage|p1a: Hawlucha|225/256|[from] Recoil\n|move|p2a: Weezing|Strange Steam|p1a: Hawlucha\n|-supereffective|p1a: Hawlucha\n|-damage|p1a: Hawlucha|0 fnt\n|faint|p1a: Hawlucha\n|\n|-heal|p2a: Weezing|173/252|[from] item: Leftovers\n|upkeep\n|\n|t:|1781412112\n|switch|p1a: Carbink|Carbink, L90|236/236\n|turn|15\n|\n|t:|1781412120\n|move|p2a: Weezing|Strange Steam|p1a: Carbink\n|-damage|p1a: Carbink|184/236\n|move|p1a: Carbink|Moonblast|p2a: Weezing\n|-resisted|p2a: Weezing\n|-damage|p2a: Weezing|134/252\n|-unboost|p2a: Weezing|spa|1\n|\n|-heal|p2a: Weezing|149/252|[from] item: Leftovers\n|-heal|p1a: Carbink|198/236|[from] item: Leftovers\n|upkeep\n|turn|16\n|\n|t:|1781412132\n|move|p2a: Weezing|Gunk Shot|p1a: Carbink|[miss]\n|-miss|p2a: Weezing|p1a: Carbink\n|move|p1a: Carbink|Body Press|p2a: Weezing\n|-resisted|p2a: Weezing\n|-crit|p2a: Weezing\n|-damage|p2a: Weezing|121/252\n|\n|-heal|p2a: Weezing|136/252|[from] item: Leftovers\n|-heal|p1a: Carbink|212/236|[from] item: Leftovers\n|upkeep\n|turn|17\n|\n|t:|1781412144\n|switch|p2a: Tyranitar|Tyranitar, L78, M|284/284\n|-weather|Sandstorm|[from] ability: Sand Stream|[of] p2a: Tyranitar\n|move|p1a: Carbink|Iron Defense|p1a: Carbink\n|-boost|p1a: Carbink|def|2\n|\n|-weather|Sandstorm|[upkeep]\n|-heal|p1a: Carbink|226/236|[from] item: Leftovers\n|upkeep\n|turn|18\n|\n|t:|1781412160\n|move|p1a: Carbink|Body Press|p2a: Tyranitar\n|-supereffective|p2a: Tyranitar\n|-damage|p2a: Tyranitar|0 fnt\n|faint|p2a: Tyranitar\n|\n|-weather|Sandstorm|[upkeep]\n|-heal|p1a: Carbink|236/236|[from] item: Leftovers\n|upkeep\n|\n|t:|1781412185\n|switch|p2a: Weezing|Weezing-Galar, L86, F|136/252\n|turn|19\n|\n|t:|1781412196\n|move|p2a: Weezing|Defog||[still]\n|-fail|p1a: Carbink|unboost|[from] ability: Clear Body|[of] p1a: Carbink\n|-fail|p2a: Weezing\n|move|p1a: Carbink|Body Press|p2a: Weezing\n|-resisted|p2a: Weezing\n|-damage|p2a: Weezing|100/252\n|\n|-weather|Sandstorm|[upkeep]\n|-damage|p2a: Weezing|85/252|[from] Sandstorm\n|-heal|p2a: Weezing|100/252|[from] item: Leftovers\n|upkeep\n|turn|20\n|\n|t:|1781412209\n|move|p2a: Weezing|Strange Steam|p1a: Carbink\n|-damage|p1a: Carbink|199/236\n|move|p1a: Carbink|Iron Defense|p1a: Carbink\n|-boost|p1a: Carbink|def|2\n|\n|-weather|Sandstorm|[upkeep]\n|-damage|p2a: Weezing|85/252|[from] Sandstorm\n|-heal|p2a: Weezing|100/252|[from] item: Leftovers\n|-heal|p1a: Carbink|213/236|[from] item: Leftovers\n|upkeep\n|turn|21\n|\n|t:|1781412219\n|move|p2a: Weezing|Strange Steam|p1a: Carbink\n|-damage|p1a: Carbink|177/236\n|move|p1a: Carbink|Iron Defense|p1a: Carbink\n|-boost|p1a: Carbink|def|2\n|\n|-weather|none\n|-heal|p2a: Weezing|115/252|[from] item: Leftovers\n|-heal|p1a: Carbink|191/236|[from] item: Leftovers\n|upkeep\n|turn|22\n|\n|t:|1781412229\n|move|p2a: Weezing|Strange Steam|p1a: Carbink\n|-damage|p1a: Carbink|133/236\n|move|p1a: Carbink|Body Press|p2a: Weezing\n|-resisted|p2a: Weezing\n|-damage|p2a: Weezing|42/252\n|\n|-heal|p2a: Weezing|57/252|[from] item: Leftovers\n|-heal|p1a: Carbink|147/236|[from] item: Leftovers\n|upkeep\n|turn|23\n|\n|t:|1781412239\n|move|p2a: Weezing|Strange Steam|p1a: Carbink\n|-damage|p1a: Carbink|93/236\n|move|p1a: Carbink|Body Press|p2a: Weezing\n|-resisted|p2a: Weezing\n|-damage|p2a: Weezing|0 fnt\n|faint|p2a: Weezing\n|\n|win|YLUOpeng\n|raw|YLUOpeng's rating: 1033 &rarr; <strong>1069</strong><br />(+36 for winning)\n|raw|wo4188's rating: 1045 &rarr; <strong>1028</strong><br />(-17 for losing)\n", "uploadtime": 1781412250, "views": 6, "formatid": "gen9randombattle", "rating": 1028, "private": 0, "password": null}