{"id": "gen9randombattle-2631570928", "format": "[Gen 9] Random Battle", "players": ["SattleBimulator", "randomname1313"], "log": "|j|\u2606SattleBimulator\n|j|\u2606randomname1313\n|t:|1781402830\n|gametype|singles\n|player|p1|SattleBimulator|265|1998\n|player|p2|randomname1313|1|1956\n|gen|9\n|tier|[Gen 9] Random Battle\n|rated|\n|rule|Species Clause: Limit one of each Pok\u00e9mon\n|rule|HP Percentage Mod: HP is shown in percentages\n|rule|Sleep Clause Mod: Limit one foe put to sleep\n|rule|Illusion Level Mod: Illusion disguises the Pok\u00e9mon's true level\n|\n|t:|1781402830\n|teamsize|p1|6\n|teamsize|p2|6\n|start\n|switch|p1a: Garganacl|Garganacl, L80, M|291/291\n|switch|p2a: Illumise|Illumise, L91, F|266/266\n|turn|1\n|inactive|Battle timer is ON: inactive players will automatically lose when time's up. (requested by SattleBimulator)\n|\n|t:|1781402846\n|switch|p2a: Girafarig|Girafarig, L89, M|269/269\n|move|p1a: Garganacl|Salt Cure|p2a: Girafarig\n|-damage|p2a: Girafarig|236/269\n|-start|p2a: Girafarig|Salt Cure\n|\n|-damage|p2a: Girafarig|203/269|[from] Salt Cure\n|upkeep\n|turn|2\n|\n|t:|1781402850\n|move|p2a: Girafarig|Nasty Plot|p2a: Girafarig\n|-boost|p2a: Girafarig|spa|2\n|move|p1a: Garganacl|Iron Defense|p1a: Garganacl\n|-boost|p1a: Garganacl|def|2\n|\n|-damage|p2a: Girafarig|170/269|[from] Salt Cure\n|upkeep\n|turn|3\n|\n|t:|1781402853\n|move|p2a: Girafarig|Nasty Plot|p2a: Girafarig\n|-boost|p2a: Girafarig|spa|2\n|move|p1a: Garganacl|Body Press|p2a: Girafarig\n|-damage|p2a: Girafarig|58/269\n|\n|-damage|p2a: Girafarig|25/269|[from] Salt Cure\n|upkeep\n|turn|4\n|\n|t:|1781402856\n|switch|p1a: Mudsdale|Mudsdale, L83, F|302/302\n|move|p2a: Girafarig|Shadow Ball|p1a: Mudsdale\n|-damage|p1a: Mudsdale|112/302\n|-ability|p1a: Mudsdale|Stamina|boost\n|-boost|p1a: Mudsdale|def|1\n|\n|-heal|p1a: Mudsdale|130/302|[from] item: Leftovers\n|-damage|p2a: Girafarig|0 fnt|[from] Salt Cure\n|faint|p2a: Girafarig\n|upkeep\n|\n|t:|1781402866\n|switch|p2a: Walking Wake|Walking Wake, L79|286/286\n|turn|5\n|\n|t:|1781402869\n|move|p2a: Walking Wake|Hydro Pump|p1a: Mudsdale\n|-supereffective|p1a: Mudsdale\n|-damage|p1a: Mudsdale|0 fnt\n|faint|p1a: Mudsdale\n|\n|upkeep\n|\n|t:|1781402874\n|switch|p1a: Oranguru|Oranguru, L92, F|315/315\n|turn|6\n|\n|t:|1781402879\n|-end|p2a: Walking Wake|Protosynthesis|[silent]\n|switch|p2a: Illumise|Illumise, L91, F|266/266\n|switch|p1a: Garganacl|Garganacl, L80, M|291/291\n|\n|upkeep\n|turn|7\n|\n|t:|1781402889\n|switch|p2a: Walking Wake|Walking Wake, L79|286/286\n|move|p1a: Garganacl|Salt Cure|p2a: Walking Wake\n|-damage|p2a: Walking Wake|241/286\n|-start|p2a: Walking Wake|Salt Cure\n|\n|-damage|p2a: Walking Wake|170/286|[from] Salt Cure\n|upkeep\n|turn|8\n|\n|t:|1781402896\n|-terastallize|p1a: Garganacl|Dragon\n|move|p2a: Walking Wake|Flip Turn|p1a: Garganacl\n|-resisted|p1a: Garganacl\n|-damage|p1a: Garganacl|273/291\n|\n|t:|1781402899\n|-end|p2a: Walking Wake|Protosynthesis|[silent]\n|switch|p2a: Illumise|Illumise, L91, F|266/266|[from] Flip Turn\n|move|p1a: Garganacl|Body Press|p2a: Illumise\n|-resisted|p2a: Illumise\n|-damage|p2a: Illumise|232/266\n|\n|-heal|p1a: Garganacl|291/291|[from] item: Leftovers\n|upkeep\n|turn|9\n|\n|t:|1781402905\n|switch|p1a: Oranguru|Oranguru, L92, F|315/315\n|move|p2a: Illumise|Encore||[still]\n|-fail|p2a: Illumise\n|\n|upkeep\n|turn|10\n|\n|t:|1781402907\n|switch|p1a: Garganacl|Garganacl, L80, M, tera:Dragon|291/291\n|move|p2a: Illumise|Bug Buzz|p1a: Garganacl\n|-damage|p1a: Garganacl|194/291\n|\n|-heal|p1a: Garganacl|212/291|[from] item: Leftovers\n|upkeep\n|turn|11\n|\n|t:|1781402918\n|move|p2a: Illumise|Bug Buzz|p1a: Garganacl\n|-damage|p1a: Garganacl|127/291\n|move|p1a: Garganacl|Salt Cure|p2a: Illumise\n|-supereffective|p2a: Illumise\n|-damage|p2a: Illumise|154/266\n|-start|p2a: Illumise|Salt Cure\n|\n|-heal|p1a: Garganacl|145/291|[from] item: Leftovers\n|-damage|p2a: Illumise|121/266|[from] Salt Cure\n|upkeep\n|turn|12\n|\n|t:|1781402926\n|switch|p2a: Jumpluff|Jumpluff, L87, M|271/271\n|move|p1a: Garganacl|Recover|p1a: Garganacl\n|-heal|p1a: Garganacl|291/291\n|\n|upkeep\n|turn|13\n|\n|t:|1781402931\n|move|p2a: Jumpluff|Substitute|p2a: Jumpluff\n|-start|p2a: Jumpluff|Substitute\n|-damage|p2a: Jumpluff|204/271\n|move|p1a: Garganacl|Salt Cure|p2a: Jumpluff\n|-supereffective|p2a: Jumpluff\n|-end|p2a: Jumpluff|Substitute\n|\n|upkeep\n|turn|14\n|\n|t:|1781402933\n|move|p2a: Jumpluff|Substitute|p2a: Jumpluff\n|-start|p2a: Jumpluff|Substitute\n|-damage|p2a: Jumpluff|137/271\n|move|p1a: Garganacl|Salt Cure|p2a: Jumpluff\n|-supereffective|p2a: Jumpluff\n|-end|p2a: Jumpluff|Substitute\n|\n|upkeep\n|turn|15\n|\n|t:|1781402939\n|move|p2a: Jumpluff|Substitute|p2a: Jumpluff\n|-start|p2a: Jumpluff|Substitute\n|-damage|p2a: Jumpluff|70/271\n|move|p1a: Garganacl|Salt Cure|p2a: Jumpluff\n|-supereffective|p2a: Jumpluff\n|-end|p2a: Jumpluff|Substitute\n|\n|upkeep\n|turn|16\n|\n|t:|1781402943\n|switch|p2a: Copperajah|Copperajah, L86, F|349/349\n|move|p1a: Garganacl|Salt Cure|p2a: Copperajah\n|-resisted|p2a: Copperajah\n|-damage|p2a: Copperajah|325/349\n|-start|p2a: Copperajah|Salt Cure\n|\n|-damage|p2a: Copperajah|238/349|[from] Salt Cure\n|upkeep\n|turn|17\n|\n|t:|1781402951\n|switch|p1a: Heatran|Heatran, L79, F|273/273\n|move|p2a: Copperajah|Heavy Slam|p1a: Heatran\n|-resisted|p1a: Heatran\n|-damage|p1a: Heatran|233/273\n|\n|-damage|p2a: Copperajah|151/349|[from] Salt Cure\n|upkeep\n|turn|18\n|\n|t:|1781402957\n|switch|p2a: Jumpluff|Jumpluff, L87, M|70/271\n|move|p1a: Heatran|Lava Plume|p2a: Jumpluff\n|-supereffective|p2a: Jumpluff\n|-damage|p2a: Jumpluff|0 fnt\n|faint|p2a: Jumpluff\n|\n|upkeep\n|\n|t:|1781402965\n|switch|p2a: Illumise|Illumise, L91, F|121/266\n|turn|19\n|\n|t:|1781402968\n|move|p2a: Illumise|Thunder Wave|p1a: Heatran\n|-status|p1a: Heatran|par\n|move|p1a: Heatran|Lava Plume|p2a: Illumise\n|-supereffective|p2a: Illumise\n|-damage|p2a: Illumise|0 fnt\n|faint|p2a: Illumise\n|\n|upkeep\n|\n|t:|1781402972\n|switch|p2a: Walking Wake|Walking Wake, L79|170/286\n|turn|20\n|\n|t:|1781402975\n|move|p2a: Walking Wake|Hydro Pump|p1a: Heatran\n|-supereffective|p1a: Heatran\n|-damage|p1a: Heatran|0 fnt\n|faint|p1a: Heatran\n|\n|upkeep\n|\n|t:|1781402978\n|switch|p1a: Garganacl|Garganacl, L80, M, tera:Dragon|291/291\n|turn|21\n|\n|t:|1781402981\n|-end|p2a: Walking Wake|Protosynthesis|[silent]\n|switch|p2a: Copperajah|Copperajah, L86, F|151/349\n|move|p1a: Garganacl|Body Press|p2a: Copperajah\n|-supereffective|p2a: Copperajah\n|-damage|p2a: Copperajah|5/349\n|\n|upkeep\n|turn|22\n|\n|t:|1781402984\n|move|p1a: Garganacl|Salt Cure|p2a: Copperajah\n|-resisted|p2a: Copperajah\n|-crit|p2a: Copperajah\n|-damage|p2a: Copperajah|0 fnt\n|faint|p2a: Copperajah\n|\n|upkeep\n|\n|t:|1781402987\n|switch|p2a: Walking Wake|Walking Wake, L79|170/286\n|turn|23\n|\n|t:|1781402989\n|switch|p1a: Oranguru|Oranguru, L92, F|315/315\n|move|p2a: Walking Wake|Draco Meteor|p1a: Oranguru\n|-damage|p1a: Oranguru|129/315\n|-unboost|p2a: Walking Wake|spa|2\n|\n|-heal|p1a: Oranguru|148/315|[from] item: Leftovers\n|upkeep\n|turn|24\n|\n|t:|1781402995\n|move|p2a: Walking Wake|Draco Meteor|p1a: Oranguru\n|-damage|p1a: Oranguru|70/315\n|-unboost|p2a: Walking Wake|spa|2\n|move|p1a: Oranguru|Nasty Plot|p1a: Oranguru\n|-boost|p1a: Oranguru|spa|2\n|\n|-heal|p1a: Oranguru|89/315|[from] item: Leftovers\n|upkeep\n|turn|25\n|\n|t:|1781402999\n|move|p2a: Walking Wake|Draco Meteor|p1a: Oranguru\n|-damage|p1a: Oranguru|29/315\n|-unboost|p2a: Walking Wake|spa|2\n|move|p1a: Oranguru|Psyshock|p2a: Walking Wake\n|-damage|p2a: Walking Wake|0 fnt\n|faint|p2a: Walking Wake\n|-end|p2a: Walking Wake|Protosynthesis|[silent]\n|\n|-heal|p1a: Oranguru|48/315|[from] item: Leftovers\n|upkeep\n|\n|t:|1781403002\n|switch|p2a: Annihilape|Annihilape, L76, F|292/292\n|turn|26\n|\n|t:|1781403008\n|move|p2a: Annihilape|Drain Punch|p1a: Oranguru\n|-damage|p1a: Oranguru|0 fnt\n|faint|p1a: Oranguru\n|\n|upkeep\n|\n|t:|1781403012\n|switch|p1a: Arceus|Arceus-Fairy, L69|280/280\n|turn|27\n|\n|t:|1781403019\n|-terastallize|p2a: Annihilape|Steel\n|move|p1a: Arceus|Calm Mind|p1a: Arceus\n|-boost|p1a: Arceus|spa|1\n|-boost|p1a: Arceus|spd|1\n|move|p2a: Annihilape|Bulk Up|p2a: Annihilape\n|-boost|p2a: Annihilape|atk|1\n|-boost|p2a: Annihilape|def|1\n|\n|upkeep\n|turn|28\n|\n|t:|1781403024\n|move|p1a: Arceus|Calm Mind|p1a: Arceus\n|-boost|p1a: Arceus|spa|1\n|-boost|p1a: Arceus|spd|1\n|move|p2a: Annihilape|Taunt|p1a: Arceus\n|-start|p1a: Arceus|move: Taunt\n|\n|upkeep\n|turn|29\n|\n|t:|1781403031\n|move|p1a: Arceus|Earth Power|p2a: Annihilape\n|-supereffective|p2a: Annihilape\n|-damage|p2a: Annihilape|60/292\n|move|p2a: Annihilape|Rage Fist|p1a: Arceus\n|-damage|p1a: Arceus|148/280\n|\n|-heal|p2a: Annihilape|78/292|[from] item: Leftovers\n|upkeep\n|turn|30\n|\n|t:|1781403037\n|move|p1a: Arceus|Earth Power|p2a: Annihilape\n|-supereffective|p2a: Annihilape\n|-damage|p2a: Annihilape|0 fnt\n|faint|p2a: Annihilape\n|\n|win|SattleBimulator\n", "uploadtime": 1781402833, "views": 9, "formatid": "gen9randombattle", "rating": null, "private": 0, "password": null}