{"id": "gen9randombattle-2631797992", "format": "[Gen 9] Random Battle", "players": ["strellok", "tobititz"], "log": "|j|\u2606strellok\n|j|\u2606tobititz\n|t:|1781441204\n|gametype|singles\n|player|p1|strellok|101|1902\n|player|p2|tobititz|2|1980\n|gen|9\n|tier|[Gen 9] Random Battle\n|rated|\n|rule|Species Clause: Limit one of each Pok\u00e9mon\n|rule|HP Percentage Mod: HP is shown in percentages\n|rule|Sleep Clause Mod: Limit one foe put to sleep\n|rule|Illusion Level Mod: Illusion disguises the Pok\u00e9mon's true level\n|\n|t:|1781441204\n|teamsize|p1|6\n|teamsize|p2|6\n|start\n|switch|p1a: Weavile|Weavile, L79, F|240/240\n|switch|p2a: Lucario|Lucario, L84, M, shiny|255/255\n|turn|1\n|inactive|Battle timer is ON: inactive players will automatically lose when time's up. (requested by tobititz)\n|\n|t:|1781441232\n|switch|p1a: Miraidon|Miraidon, L65|238/238\n|-fieldstart|move: Electric Terrain|[from] ability: Hadron Engine|[of] p1a: Miraidon\n|move|p2a: Lucario|Meteor Mash|p1a: Miraidon\n|-resisted|p1a: Miraidon\n|-damage|p1a: Miraidon|160/238\n|-damage|p2a: Lucario|230/255|[from] item: Life Orb\n|\n|upkeep\n|turn|2\n|inactive|tobititz has 120 seconds left.\n|\n|t:|1781441263\n|switch|p2a: Hippowdon|Hippowdon, L82, F|311/311\n|-weather|Sandstorm|[from] ability: Sand Stream|[of] p2a: Hippowdon\n|move|p1a: Miraidon|Overheat|p2a: Hippowdon\n|-damage|p2a: Hippowdon|131/311\n|-unboost|p1a: Miraidon|spa|2\n|\n|-weather|Sandstorm|[upkeep]\n|-damage|p1a: Miraidon|146/238|[from] Sandstorm\n|upkeep\n|turn|3\n|\n|t:|1781441286\n|switch|p1a: Ursaring|Ursaring, L84, F|288/288\n|move|p2a: Hippowdon|Slack Off|p2a: Hippowdon\n|-heal|p2a: Hippowdon|287/311\n|\n|-weather|Sandstorm|[upkeep]\n|-damage|p1a: Ursaring|270/288|[from] Sandstorm\n|upkeep\n|turn|4\n|inactive|tobititz has 120 seconds left.\n|inactive|tobititz has 90 seconds left.\n|\n|t:|1781441340\n|move|p1a: Ursaring|Body Slam|p2a: Hippowdon\n|-damage|p2a: Hippowdon|200/311\n|-damage|p1a: Ursaring|222/288|[from] item: Rocky Helmet|[of] p2a: Hippowdon\n|move|p2a: Hippowdon|Earthquake|p1a: Ursaring\n|-damage|p1a: Ursaring|134/288\n|\n|-weather|Sandstorm|[upkeep]\n|-damage|p1a: Ursaring|116/288|[from] Sandstorm\n|upkeep\n|turn|5\n|inactive|strellok has 120 seconds left.\n|\n|t:|1781441372\n|move|p1a: Ursaring|Body Slam|p2a: Hippowdon\n|-damage|p2a: Hippowdon|107/311\n|-status|p2a: Hippowdon|par\n|-damage|p1a: Ursaring|68/288|[from] item: Rocky Helmet|[of] p2a: Hippowdon\n|move|p2a: Hippowdon|Earthquake|p1a: Ursaring\n|-damage|p1a: Ursaring|0 fnt\n|faint|p1a: Ursaring\n|\n|-weather|Sandstorm|[upkeep]\n|-fieldend|move: Electric Terrain\n|upkeep\n|\n|t:|1781441398\n|switch|p1a: Frosmoth|Frosmoth, L82, F|249/249\n|turn|6\n|\n|t:|1781441400\n|move|p1a: Frosmoth|Ice Beam|p2a: Hippowdon\n|-supereffective|p2a: Hippowdon\n|-damage|p2a: Hippowdon|0 fnt\n|faint|p2a: Hippowdon\n|\n|-weather|none\n|upkeep\n|\n|t:|1781441403\n|switch|p2a: Lucario|Lucario, L84, M, shiny|230/255\n|turn|7\n|\n|t:|1781441427\n|switch|p1a: Miraidon|Miraidon, L65|146/238\n|-fieldstart|move: Electric Terrain|[from] ability: Hadron Engine|[of] p1a: Miraidon\n|move|p2a: Lucario|Close Combat|p1a: Miraidon\n|-damage|p1a: Miraidon|0 fnt\n|-unboost|p2a: Lucario|def|1\n|-unboost|p2a: Lucario|spd|1\n|faint|p1a: Miraidon\n|-damage|p2a: Lucario|205/255|[from] item: Life Orb\n|\n|upkeep\n|\n|t:|1781441432\n|switch|p1a: Cinderace|Cinderace, L77, M|249/249\n|turn|8\n|\n|t:|1781441441\n|switch|p2a: Araquanid|Araquanid, L82, M|246/246\n|move|p1a: Cinderace|Pyro Ball|p2a: Araquanid\n|-damage|p2a: Araquanid|182/246\n|\n|upkeep\n|turn|9\n|\n|t:|1781441457\n|switch|p1a: Weavile|Weavile, L79, F|240/240\n|move|p2a: Araquanid|Liquidation|p1a: Weavile\n|-damage|p1a: Weavile|48/240\n|\n|upkeep\n|turn|10\n|\n|t:|1781441468\n|move|p1a: Weavile|Knock Off|p2a: Araquanid\n|-damage|p2a: Araquanid|85/246\n|-enditem|p2a: Araquanid|Heavy-Duty Boots|[from] move: Knock Off|[of] p1a: Weavile\n|move|p2a: Araquanid|Leech Life|p1a: Weavile\n|-supereffective|p1a: Weavile\n|-damage|p1a: Weavile|0 fnt\n|-heal|p2a: Araquanid|109/246|[from] drain|[of] p1a: Weavile\n|faint|p1a: Weavile\n|\n|upkeep\n|inactive|strellok has 90 seconds left.\n|\n|t:|1781441503\n|switch|p1a: Cinderace|Cinderace, L77, M|249/249\n|turn|11\n|inactive|tobititz has 120 seconds left.\n|\n|t:|1781441539\n|switch|p2a: Palossand|Palossand, L89, M|296/296\n|move|p1a: Cinderace|Gunk Shot|p2a: Palossand\n|-start|p1a: Cinderace|typechange|Poison|[from] ability: Libero\n|-resisted|p2a: Palossand\n|-damage|p2a: Palossand|272/296\n|\n|-heal|p2a: Palossand|290/296|[from] item: Leftovers\n|-fieldend|move: Electric Terrain\n|upkeep\n|turn|12\n|inactive|tobititz has 120 seconds left.\n|inactive|strellok has 90 seconds left.\n|\n|t:|1781441557\n|switch|p1a: Rhydon|Rhydon, L85, F|317/317\n|switch|p2a: Lucario|Lucario, L84, M, shiny|205/255\n|\n|upkeep\n|turn|13\n|inactive|tobititz has 120 seconds left.\n|\n|t:|1781441572\n|switch|p2a: Glalie|Glalie, L96, M|309/309\n|move|p1a: Rhydon|Earthquake|p2a: Glalie\n|-damage|p2a: Glalie|171/309\n|\n|upkeep\n|turn|14\n|\n|t:|1781441577\n|move|p2a: Glalie|Freeze-Dry|p1a: Rhydon\n|-supereffective|p1a: Rhydon\n|-damage|p1a: Rhydon|149/317\n|move|p1a: Rhydon|Stone Edge|p2a: Glalie\n|-supereffective|p2a: Glalie\n|-damage|p2a: Glalie|0 fnt\n|faint|p2a: Glalie\n|\n|upkeep\n|inactive|tobititz has 120 seconds left.\n|\n|t:|1781441588\n|switch|p2a: Lucario|Lucario, L84, M, shiny|205/255\n|turn|15\n|inactive|strellok has 120 seconds left.\n|\n|t:|1781441596\n|move|p2a: Lucario|Close Combat|p1a: Rhydon\n|-supereffective|p1a: Rhydon\n|-damage|p1a: Rhydon|0 fnt\n|-unboost|p2a: Lucario|def|1\n|-unboost|p2a: Lucario|spd|1\n|faint|p1a: Rhydon\n|-damage|p2a: Lucario|180/255|[from] item: Life Orb\n|\n|upkeep\n|\n|t:|1781441598\n|switch|p1a: Cinderace|Cinderace, L77, M|249/249\n|turn|16\n|\n|t:|1781441604\n|switch|p2a: Araquanid|Araquanid, L82, M|109/246\n|move|p1a: Cinderace|Pyro Ball|p2a: Araquanid\n|-damage|p2a: Araquanid|52/246\n|\n|upkeep\n|turn|17\n|inactive|strellok has 120 seconds left.\n|\n|t:|1781441642\n|move|p1a: Cinderace|Pyro Ball|p2a: Araquanid\n|-damage|p2a: Araquanid|0 fnt\n|faint|p2a: Araquanid\n|\n|upkeep\n|\n|t:|1781441672\n|switch|p2a: Palossand|Palossand, L89, M|290/296\n|turn|18\n|\n|t:|1781441687\n|move|p1a: Cinderace|Pyro Ball|p2a: Palossand\n|-damage|p2a: Palossand|197/296\n|move|p2a: Palossand|Earth Power|p1a: Cinderace\n|-supereffective|p1a: Cinderace\n|-damage|p1a: Cinderace|0 fnt\n|faint|p1a: Cinderace\n|\n|-heal|p2a: Palossand|215/296|[from] item: Leftovers\n|upkeep\n|\n|t:|1781441691\n|switch|p1a: Frosmoth|Frosmoth, L82, F|249/249\n|turn|19\n|\n|t:|1781441697\n|switch|p2a: Lucario|Lucario, L84, M, shiny|180/255\n|move|p1a: Frosmoth|Quiver Dance|p1a: Frosmoth\n|-boost|p1a: Frosmoth|spa|1\n|-boost|p1a: Frosmoth|spd|1\n|-boost|p1a: Frosmoth|spe|1\n|\n|upkeep\n|turn|20\n|inactive|strellok has 120 seconds left.\n|\n|t:|1781441718\n|-terastallize|p1a: Frosmoth|Ground\n|-terastallize|p2a: Lucario|Normal\n|move|p1a: Frosmoth|Tera Blast|p2a: Lucario|[anim] Tera Blast Ground\n|-damage|p2a: Lucario|0 fnt\n|faint|p2a: Lucario\n|\n|upkeep\n|\n|t:|1781441726\n|switch|p2a: Lugia|Lugia, L73|275/275\n|turn|21\n|\n|t:|1781441733\n|move|p1a: Frosmoth|Ice Beam|p2a: Lugia\n|-supereffective|p2a: Lugia\n|-damage|p2a: Lugia|152/275\n|move|p2a: Lugia|Calm Mind|p2a: Lugia\n|-boost|p2a: Lugia|spa|1\n|-boost|p2a: Lugia|spd|1\n|\n|upkeep\n|turn|22\n|\n|t:|1781441737\n|move|p1a: Frosmoth|Ice Beam|p2a: Lugia\n|-supereffective|p2a: Lugia\n|-damage|p2a: Lugia|0 fnt\n|faint|p2a: Lugia\n|\n|upkeep\n|-message|tobititz forfeited.\n|\n|win|strellok\n|raw|strellok's rating: 1902 &rarr; <strong>1926</strong><br />(+24 for winning)\n|raw|tobititz's rating: 1980 &rarr; <strong>1956</strong><br />(-24 for losing)\n", "uploadtime": 1781441206, "views": 5, "formatid": "gen9randombattle", "rating": 1926, "private": 0, "password": null}