{"id": "gen9randombattle-2631854289", "format": "[Gen 9] Random Battle", "players": ["MrDustintun", "frostpkmn"], "log": "|j|\u2606MrDustintun\n|j|\u2606frostpkmn\n|t:|1781448454\n|gametype|singles\n|player|p1|MrDustintun|1|2016\n|player|p2|frostpkmn|ruinmaniac-gen3rs|2023\n|gen|9\n|tier|[Gen 9] Random Battle\n|rated|\n|rule|Species Clause: Limit one of each Pok\u00e9mon\n|rule|HP Percentage Mod: HP is shown in percentages\n|rule|Sleep Clause Mod: Limit one foe put to sleep\n|rule|Illusion Level Mod: Illusion disguises the Pok\u00e9mon's true level\n|\n|t:|1781448454\n|teamsize|p1|6\n|teamsize|p2|6\n|start\n|switch|p1a: Drifblim|Drifblim, L86, F|398/398\n|switch|p2a: Gothitelle|Gothitelle, L90, F|272/272\n|turn|1\n|inactive|Battle timer is ON: inactive players will automatically lose when time's up. (requested by frostpkmn)\n|\n|t:|1781448471\n|switch|p2a: Incineroar|Incineroar, L82, M|290/290\n|-ability|p2a: Incineroar|Intimidate|boost\n|-unboost|p1a: Drifblim|atk|1\n|move|p1a: Drifblim|Shadow Ball|p2a: Incineroar\n|-resisted|p2a: Incineroar\n|-damage|p2a: Incineroar|260/290\n|\n|upkeep\n|turn|2\n|\n|t:|1781448485\n|switch|p1a: Azumarill|Azumarill, L82, M|298/298\n|move|p2a: Incineroar|U-turn|p1a: Azumarill\n|-resisted|p1a: Azumarill\n|-crit|p1a: Azumarill\n|-damage|p1a: Azumarill|257/298\n|\n|t:|1781448491\n|switch|p2a: Glaceon|Glaceon, L94, F|275/275|[from] U-turn\n|\n|upkeep\n|turn|3\n|\n|t:|1781448498\n|move|p2a: Glaceon|Freeze-Dry|p1a: Azumarill\n|-supereffective|p1a: Azumarill\n|-damage|p1a: Azumarill|21/298\n|move|p1a: Azumarill|Superpower|p2a: Glaceon\n|-supereffective|p2a: Glaceon\n|-damage|p2a: Glaceon|45/275\n|-unboost|p1a: Azumarill|atk|1\n|-unboost|p1a: Azumarill|def|1\n|\n|upkeep\n|turn|4\n|\n|t:|1781448519\n|move|p2a: Glaceon|Freeze-Dry|p1a: Azumarill\n|-supereffective|p1a: Azumarill\n|-damage|p1a: Azumarill|0 fnt\n|faint|p1a: Azumarill\n|\n|upkeep\n|inactive|MrDustintun has 120 seconds left.\n|\n|t:|1781448544\n|switch|p1a: Drifblim|Drifblim, L86, F|398/398\n|turn|5\n|\n|t:|1781448552\n|switch|p2a: Incineroar|Incineroar, L82, M|260/290\n|-ability|p2a: Incineroar|Intimidate|boost\n|-unboost|p1a: Drifblim|atk|1\n|move|p1a: Drifblim|Shadow Ball|p2a: Incineroar\n|-resisted|p2a: Incineroar\n|-damage|p2a: Incineroar|232/290\n|\n|upkeep\n|turn|6\n|\n|t:|1781448560\n|move|p1a: Drifblim|Strength Sap|p2a: Incineroar\n|-unboost|p2a: Incineroar|atk|1\n|move|p2a: Incineroar|Knock Off|p1a: Drifblim\n|-supereffective|p1a: Drifblim\n|-damage|p1a: Drifblim|186/398\n|-enditem|p1a: Drifblim|Heavy-Duty Boots|[from] move: Knock Off|[of] p2a: Incineroar\n|\n|upkeep\n|turn|7\n|\n|t:|1781448565\n|move|p1a: Drifblim|Strength Sap|p2a: Incineroar\n|-unboost|p2a: Incineroar|atk|1\n|-heal|p1a: Drifblim|343/398\n|move|p2a: Incineroar|U-turn|p1a: Drifblim\n|-resisted|p1a: Drifblim\n|-damage|p1a: Drifblim|332/398\n|\n|t:|1781448578\n|switch|p2a: Meloetta|Meloetta, L82|298/298|[from] U-turn\n|\n|upkeep\n|turn|8\n|\n|t:|1781448587\n|switch|p1a: Shiftry|Shiftry, L89, M|305/305\n|move|p2a: Meloetta|Calm Mind|p2a: Meloetta\n|-boost|p2a: Meloetta|spa|1\n|-boost|p2a: Meloetta|spd|1\n|\n|upkeep\n|turn|9\n|\n|t:|1781448603\n|switch|p2a: Incineroar|Incineroar, L82, M|232/290\n|-ability|p2a: Incineroar|Intimidate|boost\n|-unboost|p1a: Shiftry|atk|1\n|-terastallize|p1a: Shiftry|Fighting\n|move|p1a: Shiftry|Knock Off|p2a: Incineroar\n|-resisted|p2a: Incineroar\n|-damage|p2a: Incineroar|180/290\n|-enditem|p2a: Incineroar|Assault Vest|[from] move: Knock Off|[of] p1a: Shiftry\n|-damage|p1a: Shiftry|275/305|[from] item: Life Orb\n|\n|upkeep\n|turn|10\n|\n|t:|1781448614\n|switch|p1a: Drifblim|Drifblim, L86, F|332/398\n|move|p2a: Incineroar|Overheat|p1a: Drifblim\n|-damage|p1a: Drifblim|172/398\n|-unboost|p2a: Incineroar|spa|2\n|\n|upkeep\n|turn|11\n|\n|t:|1781448620\n|move|p1a: Drifblim|Strength Sap|p2a: Incineroar\n|-unboost|p2a: Incineroar|atk|1\n|-heal|p1a: Drifblim|398/398\n|move|p2a: Incineroar|U-turn|p1a: Drifblim\n|-resisted|p1a: Drifblim\n|-damage|p1a: Drifblim|384/398\n|\n|t:|1781448650\n|switch|p2a: Meloetta|Meloetta, L82|298/298|[from] U-turn\n|\n|upkeep\n|turn|12\n|\n|t:|1781448672\n|switch|p1a: Copperajah|Copperajah, L86, F|350/350\n|move|p2a: Meloetta|Calm Mind|p2a: Meloetta\n|-boost|p2a: Meloetta|spa|1\n|-boost|p2a: Meloetta|spd|1\n|\n|upkeep\n|turn|13\n|\n|t:|1781448691\n|move|p2a: Meloetta|Focus Blast|p1a: Copperajah\n|-supereffective|p1a: Copperajah\n|-damage|p1a: Copperajah|0 fnt\n|faint|p1a: Copperajah\n|\n|upkeep\n|-message|MrDustintun forfeited.\n|\n|win|frostpkmn\n", "uploadtime": 1781448456, "views": 3, "formatid": "gen9randombattle", "rating": null, "private": 0, "password": null}