{"id": "gen9randombattle-2631727283", "format": "[Gen 9] Random Battle", "players": ["ankh lo", "111lmao111"], "log": "|j|\u2606ankh lo\n|j|\u2606111lmao111\n|t:|1781429505\n|gametype|singles\n|player|p1|ankh lo|101|1377\n|player|p2|111lmao111|red|1373\n|gen|9\n|tier|[Gen 9] Random Battle\n|rated|\n|rule|Species Clause: Limit one of each Pok\u00e9mon\n|rule|HP Percentage Mod: HP is shown in percentages\n|rule|Sleep Clause Mod: Limit one foe put to sleep\n|rule|Illusion Level Mod: Illusion disguises the Pok\u00e9mon's true level\n|\n|t:|1781429505\n|teamsize|p1|6\n|teamsize|p2|6\n|start\n|switch|p1a: Coalossal|Coalossal, L89, M|341/341\n|switch|p2a: Torkoal|Torkoal, L88, M|266/266\n|-weather|SunnyDay|[from] ability: Drought|[of] p2a: Torkoal\n|turn|1\n|inactive|Battle timer is ON: inactive players will automatically lose when time's up. (requested by 111lmao111)\n|inactive|ankh lo also wants the timer to be on.\n|\n|t:|1781429511\n|move|p1a: Coalossal|Stealth Rock|p2a: Torkoal\n|-sidestart|p2: 111lmao111|move: Stealth Rock\n|move|p2a: Torkoal|Stealth Rock|p1a: Coalossal\n|-sidestart|p1: ankh lo|move: Stealth Rock\n|\n|-weather|SunnyDay|[upkeep]\n|upkeep\n|turn|2\n|c|\u2606ankh lo|nice\n|\n|t:|1781429522\n|move|p1a: Coalossal|Rapid Spin|p2a: Torkoal\n|-crit|p2a: Torkoal\n|-damage|p2a: Torkoal|229/266\n|-boost|p1a: Coalossal|spe|1\n|-sideend|p1: ankh lo|Stealth Rock|[from] move: Rapid Spin|[of] p1a: Coalossal\n|move|p2a: Torkoal|Rapid Spin|p1a: Coalossal\n|-resisted|p1a: Coalossal\n|-damage|p1a: Coalossal|328/341\n|-boost|p2a: Torkoal|spe|1\n|-sideend|p2: 111lmao111|Stealth Rock|[from] move: Rapid Spin|[of] p2a: Torkoal\n|\n|-weather|SunnyDay|[upkeep]\n|upkeep\n|turn|3\n|c|\u2606ankh lo|TWO STEP THIS TIME\n|\n|t:|1781429545\n|move|p1a: Coalossal|Stealth Rock|p2a: Torkoal\n|-sidestart|p2: 111lmao111|move: Stealth Rock\n|move|p2a: Torkoal|Solar Beam||[still]\n|-prepare|p2a: Torkoal|Solar Beam\n|-anim|p2a: Torkoal|Solar Beam|p1a: Coalossal\n|-damage|p1a: Coalossal|248/341\n|\n|-weather|SunnyDay|[upkeep]\n|upkeep\n|turn|4\n|\n|t:|1781429555\n|move|p1a: Coalossal|Rapid Spin|p2a: Torkoal\n|-damage|p2a: Torkoal|204/266\n|-boost|p1a: Coalossal|spe|1\n|move|p2a: Torkoal|Rapid Spin|p1a: Coalossal\n|-resisted|p1a: Coalossal\n|-damage|p1a: Coalossal|236/341\n|-boost|p2a: Torkoal|spe|1\n|-sideend|p2: 111lmao111|Stealth Rock|[from] move: Rapid Spin|[of] p2a: Torkoal\n|\n|-weather|SunnyDay|[upkeep]\n|upkeep\n|turn|5\n|\n|t:|1781429569\n|move|p1a: Coalossal|Rapid Spin|p2a: Torkoal\n|-crit|p2a: Torkoal\n|-damage|p2a: Torkoal|166/266\n|-boost|p1a: Coalossal|spe|1\n|move|p2a: Torkoal|Solar Beam||[still]\n|-prepare|p2a: Torkoal|Solar Beam\n|-anim|p2a: Torkoal|Solar Beam|p1a: Coalossal\n|-damage|p1a: Coalossal|152/341\n|\n|-weather|none\n|upkeep\n|turn|6\n|\n|t:|1781429575\n|move|p1a: Coalossal|Stone Edge|p2a: Torkoal\n|-supereffective|p2a: Torkoal\n|-crit|p2a: Torkoal\n|-damage|p2a: Torkoal|0 fnt\n|faint|p2a: Torkoal\n|\n|upkeep\n|\n|t:|1781429585\n|switch|p2a: Stonjourner|Stonjourner, L91, F|330/330\n|turn|7\n|\n|t:|1781429593\n|move|p1a: Coalossal|Stealth Rock|p2a: Stonjourner\n|-sidestart|p2: 111lmao111|move: Stealth Rock\n|move|p2a: Stonjourner|Earthquake|p1a: Coalossal\n|-supereffective|p1a: Coalossal\n|-damage|p1a: Coalossal|0 fnt\n|faint|p1a: Coalossal\n|-damage|p2a: Stonjourner|297/330|[from] item: Life Orb\n|\n|upkeep\n|\n|t:|1781429598\n|switch|p1a: Swampert|Swampert, L83, F|302/302\n|turn|8\n|\n|t:|1781429606\n|move|p2a: Stonjourner|Rock Polish|p2a: Stonjourner\n|-boost|p2a: Stonjourner|spe|2\n|move|p1a: Swampert|Flip Turn|p2a: Stonjourner\n|-supereffective|p2a: Stonjourner\n|-damage|p2a: Stonjourner|211/330\n|\n|t:|1781429617\n|switch|p1a: Oranguru|Oranguru, L92, F|315/315|[from] Flip Turn\n|\n|upkeep\n|turn|9\n|\n|t:|1781429624\n|move|p2a: Stonjourner|Stone Edge|p1a: Oranguru|[miss]\n|-miss|p2a: Stonjourner|p1a: Oranguru\n|move|p1a: Oranguru|Focus Blast|p2a: Stonjourner|[miss]\n|-miss|p1a: Oranguru|p2a: Stonjourner\n|\n|upkeep\n|turn|10\n|\n|t:|1781429629\n|move|p2a: Stonjourner|Stone Edge|p1a: Oranguru\n|-damage|p1a: Oranguru|111/315\n|-damage|p2a: Stonjourner|178/330|[from] item: Life Orb\n|move|p1a: Oranguru|Focus Blast|p2a: Stonjourner\n|-supereffective|p2a: Stonjourner\n|-damage|p2a: Stonjourner|0 fnt\n|faint|p2a: Stonjourner\n|\n|-heal|p1a: Oranguru|130/315|[from] item: Leftovers\n|upkeep\n|\n|t:|1781429637\n|switch|p2a: Greninja|Greninja, L80, M|246/246\n|-damage|p2a: Greninja|216/246|[from] Stealth Rock\n|turn|11\n|\n|t:|1781429649\n|switch|p1a: Swampert|Swampert, L83, F|302/302\n|move|p2a: Greninja|Dark Pulse|p1a: Swampert\n|-damage|p1a: Swampert|234/302\n|-damage|p2a: Greninja|192/246|[from] item: Life Orb\n|\n|upkeep\n|turn|12\n|\n|t:|1781429658\n|switch|p2a: Hydrapple|Hydrapple, L83, F|312/312\n|-damage|p2a: Hydrapple|273/312|[from] Stealth Rock\n|move|p1a: Swampert|Knock Off|p2a: Hydrapple\n|-damage|p2a: Hydrapple|208/312\n|-enditem|p2a: Hydrapple|Choice Specs|[from] move: Knock Off|[of] p1a: Swampert\n|\n|upkeep\n|turn|13\n|\n|t:|1781429663\n|move|p1a: Swampert|Ice Beam|p2a: Hydrapple\n|-supereffective|p2a: Hydrapple\n|-damage|p2a: Hydrapple|0 fnt\n|faint|p2a: Hydrapple\n|\n|upkeep\n|\n|t:|1781429668\n|switch|p2a: Girafarig|Girafarig, L89, F|269/269\n|-damage|p2a: Girafarig|236/269|[from] Stealth Rock\n|turn|14\n|\n|t:|1781429672\n|move|p2a: Girafarig|Nasty Plot|p2a: Girafarig\n|-boost|p2a: Girafarig|spa|2\n|move|p1a: Swampert|Knock Off|p2a: Girafarig\n|-supereffective|p2a: Girafarig\n|-damage|p2a: Girafarig|126/269\n|-enditem|p2a: Girafarig|Eviolite|[from] move: Knock Off|[of] p1a: Swampert\n|\n|upkeep\n|turn|15\n|\n|t:|1781429675\n|move|p2a: Girafarig|Hyper Voice|p1a: Swampert\n|-damage|p1a: Swampert|104/302\n|move|p1a: Swampert|Flip Turn|p2a: Girafarig\n|-damage|p2a: Girafarig|44/269\n|\n|t:|1781429682\n|switch|p1a: Hoopa|Hoopa-Unbound, L80|259/259|[from] Flip Turn\n|\n|upkeep\n|turn|16\n|\n|t:|1781429695\n|move|p2a: Girafarig|Hyper Voice|p1a: Hoopa\n|-damage|p1a: Hoopa|162/259\n|move|p1a: Hoopa|Hyperspace Fury|p2a: Girafarig\n|-supereffective|p2a: Girafarig\n|-damage|p2a: Girafarig|0 fnt\n|-unboost|p1a: Hoopa|def|1\n|faint|p2a: Girafarig\n|\n|upkeep\n|\n|t:|1781429705\n|switch|p2a: Ampharos|Ampharos, L88, M|302/302\n|-damage|p2a: Ampharos|265/302|[from] Stealth Rock\n|turn|17\n|\n|t:|1781429714\n|switch|p1a: Oranguru|Oranguru, L92, F|130/315\n|move|p2a: Ampharos|Dazzling Gleam|p1a: Oranguru\n|-damage|p1a: Oranguru|71/315\n|\n|-heal|p1a: Oranguru|90/315|[from] item: Leftovers\n|upkeep\n|turn|18\n|\n|t:|1781429739\n|move|p1a: Oranguru|Psyshock|p2a: Ampharos\n|-damage|p2a: Ampharos|172/302\n|move|p2a: Ampharos|Thunderbolt|p1a: Oranguru\n|-damage|p1a: Oranguru|0 fnt\n|faint|p1a: Oranguru\n|\n|upkeep\n|\n|t:|1781429746\n|switch|p1a: Hoopa|Hoopa-Unbound, L80|162/259\n|turn|19\n|inactive|ankh lo has 120 seconds left.\n|\n|t:|1781429767\n|move|p1a: Hoopa|Hyperspace Fury|p2a: Ampharos\n|-damage|p2a: Ampharos|19/302\n|-unboost|p1a: Hoopa|def|1\n|move|p2a: Ampharos|Dazzling Gleam|p1a: Hoopa\n|-supereffective|p1a: Hoopa\n|-damage|p1a: Hoopa|88/259\n|\n|upkeep\n|turn|20\n|\n|t:|1781429772\n|move|p1a: Hoopa|Hyperspace Fury|p2a: Ampharos\n|-damage|p2a: Ampharos|0 fnt\n|-unboost|p1a: Hoopa|def|1\n|faint|p2a: Ampharos\n|\n|upkeep\n|\n|t:|1781429775\n|switch|p2a: Greninja|Greninja, L80, M|192/246\n|-damage|p2a: Greninja|162/246|[from] Stealth Rock\n|turn|21\n|\n|t:|1781429781\n|move|p2a: Greninja|Dark Pulse|p1a: Hoopa\n|-damage|p1a: Hoopa|33/259\n|-damage|p2a: Greninja|138/246|[from] item: Life Orb\n|move|p1a: Hoopa|Hyperspace Fury|p2a: Greninja\n|-resisted|p2a: Greninja\n|-damage|p2a: Greninja|46/246\n|-unboost|p1a: Hoopa|def|1\n|\n|upkeep\n|turn|22\n|\n|t:|1781429787\n|move|p2a: Greninja|Dark Pulse|p1a: Hoopa\n|-damage|p1a: Hoopa|0 fnt\n|faint|p1a: Hoopa\n|-ability|p2a: Greninja|Battle Bond|boost\n|-boost|p2a: Greninja|atk|1\n|-boost|p2a: Greninja|spa|1\n|-boost|p2a: Greninja|spe|1\n|-activate|p2a: Greninja|ability: Battle Bond\n|-damage|p2a: Greninja|22/246|[from] item: Life Orb\n|\n|upkeep\n|\n|t:|1781429791\n|switch|p1a: Dragapult|Dragapult, L77, F|262/262\n|turn|23\n|\n|t:|1781429798\n|-terastallize|p1a: Dragapult|Fairy\n|move|p2a: Greninja|Dark Pulse|p1a: Dragapult\n|-resisted|p1a: Dragapult\n|-damage|p1a: Dragapult|165/262\n|-damage|p2a: Greninja|0 fnt|[from] item: Life Orb\n|faint|p2a: Greninja\n|\n|win|ankh lo\n|raw|ankh lo's rating: 1377 &rarr; <strong>1397</strong><br />(+20 for winning)\n|raw|111lmao111's rating: 1373 &rarr; <strong>1353</strong><br />(-20 for losing)\n|l|\u2606111lmao111\n|player|p2|\n", "uploadtime": 1781429813, "views": 13, "formatid": "gen9randombattle", "rating": 1353, "private": 0, "password": null}