{"id": "gen9randombattle-2631434292", "format": "[Gen 9] Random Battle", "players": ["Pigeon Trainer", "Lyfie"], "log": "|j|\u2606Pigeon Trainer\n|j|\u2606Lyfie\n|t:|1781384189\n|gametype|singles\n|player|p1|Pigeon Trainer|barry|1944\n|player|p2|Lyfie|jasmine|1955\n|gen|9\n|tier|[Gen 9] Random Battle\n|rated|\n|rule|Species Clause: Limit one of each Pok\u00e9mon\n|rule|HP Percentage Mod: HP is shown in percentages\n|rule|Sleep Clause Mod: Limit one foe put to sleep\n|rule|Illusion Level Mod: Illusion disguises the Pok\u00e9mon's true level\n|\n|t:|1781384189\n|teamsize|p1|6\n|teamsize|p2|6\n|start\n|switch|p1a: Arceus|Arceus-Poison, L70|284/284\n|switch|p2a: Seviper|Seviper, L93, M|287/287\n|turn|1\n|\n|t:|1781384202\n|move|p1a: Arceus|Swords Dance|p1a: Arceus\n|-boost|p1a: Arceus|atk|2\n|move|p2a: Seviper|Earthquake|p1a: Arceus\n|-supereffective|p1a: Arceus\n|-damage|p1a: Arceus|102/284\n|\n|upkeep\n|turn|2\n|\n|t:|1781384214\n|switch|p2a: Vigoroth|Vigoroth, L85, M|275/275\n|move|p1a: Arceus|Earthquake|p2a: Vigoroth\n|-damage|p2a: Vigoroth|197/275\n|\n|upkeep\n|turn|3\n|\n|t:|1781384226\n|move|p1a: Arceus|Gunk Shot|p2a: Vigoroth\n|-damage|p2a: Vigoroth|5/275\n|-status|p2a: Vigoroth|psn\n|move|p2a: Vigoroth|Slack Off|p2a: Vigoroth\n|-heal|p2a: Vigoroth|143/275 psn\n|\n|-damage|p2a: Vigoroth|109/275 psn|[from] psn\n|upkeep\n|turn|4\n|\n|t:|1781384235\n|move|p1a: Arceus|Gunk Shot|p2a: Vigoroth\n|-damage|p2a: Vigoroth|0 fnt\n|faint|p2a: Vigoroth\n|\n|upkeep\n|\n|t:|1781384242\n|switch|p2a: Barraskewda|Barraskewda, L81, M|231/231\n|turn|5\n|\n|t:|1781384252\n|switch|p1a: Vileplume|Vileplume, L85, F|266/266\n|move|p2a: Barraskewda|Waterfall|p1a: Vileplume\n|-resisted|p1a: Vileplume\n|-damage|p1a: Vileplume|198/266\n|-status|p2a: Barraskewda|par|[from] ability: Effect Spore|[of] p1a: Vileplume\n|\n|-heal|p1a: Vileplume|214/266|[from] item: Leftovers\n|upkeep\n|turn|6\n|\n|t:|1781384263\n|switch|p1a: Flareon|Flareon, L90, F|263/263\n|switch|p2a: Seviper|Seviper, L93, M|287/287\n|\n|-status|p1a: Flareon|tox|[from] item: Toxic Orb\n|upkeep\n|turn|7\n|\n|t:|1781384275\n|move|p2a: Seviper|Earthquake|p1a: Flareon\n|-supereffective|p1a: Flareon\n|-damage|p1a: Flareon|59/263 tox\n|move|p1a: Flareon|Flare Blitz|p2a: Seviper\n|-damage|p2a: Seviper|0 fnt\n|faint|p2a: Seviper\n|-damage|p1a: Flareon|0 fnt|[from] Recoil\n|faint|p1a: Flareon\n|\n|upkeep\n|inactive|Battle timer is ON: inactive players will automatically lose when time's up. (requested by Pigeon Trainer)\n|\n|t:|1781384289\n|switch|p2a: Grumpig|Grumpig, L92, F|297/297\n|switch|p1a: Arceus|Arceus-Poison, L70|102/284\n|turn|8\n|\n|t:|1781384297\n|move|p1a: Arceus|Gunk Shot|p2a: Grumpig\n|-damage|p2a: Grumpig|149/297\n|move|p2a: Grumpig|Psyshock|p1a: Arceus\n|-supereffective|p1a: Arceus\n|-damage|p1a: Arceus|0 fnt\n|faint|p1a: Arceus\n|\n|upkeep\n|\n|t:|1781384306\n|switch|p1a: Deoxys|Deoxys-Defense, L84|221/221\n|-ability|p1a: Deoxys|Pressure\n|turn|9\n|\n|t:|1781384318\n|switch|p2a: Magcargo|Magcargo, L95, M|268/268\n|move|p1a: Deoxys|Spikes|p2a: Magcargo\n|-sidestart|p2: Lyfie|Spikes\n|\n|upkeep\n|turn|10\n|\n|t:|1781384326\n|move|p1a: Deoxys|Spikes|p2a: Magcargo\n|-sidestart|p2: Lyfie|Spikes\n|move|p2a: Magcargo|Shell Smash|p2a: Magcargo\n|-unboost|p2a: Magcargo|def|1\n|-unboost|p2a: Magcargo|spd|1\n|-boost|p2a: Magcargo|atk|2\n|-boost|p2a: Magcargo|spa|2\n|-boost|p2a: Magcargo|spe|2\n|\n|upkeep\n|turn|11\n|\n|t:|1781384336\n|move|p2a: Magcargo|Fire Blast|p1a: Deoxys|[miss]\n|-miss|p2a: Magcargo|p1a: Deoxys\n|move|p1a: Deoxys|Psychic Noise|p2a: Magcargo\n|-damage|p2a: Magcargo|175/268\n|-start|p2a: Magcargo|move: Heal Block\n|\n|upkeep\n|turn|12\n|\n|t:|1781384344\n|move|p2a: Magcargo|Fire Blast|p1a: Deoxys\n|-damage|p1a: Deoxys|37/221\n|move|p1a: Deoxys|Recover|p1a: Deoxys\n|-heal|p1a: Deoxys|148/221\n|\n|-end|p2a: Magcargo|move: Heal Block\n|upkeep\n|turn|13\n|\n|t:|1781384356\n|move|p2a: Magcargo|Fire Blast|p1a: Deoxys\n|-damage|p1a: Deoxys|0 fnt\n|faint|p1a: Deoxys\n|\n|upkeep\n|\n|t:|1781384365\n|switch|p1a: Vileplume|Vileplume, L85, F|214/266\n|turn|14\n|\n|t:|1781384370\n|-terastallize|p1a: Vileplume|Water\n|move|p2a: Magcargo|Fire Blast|p1a: Vileplume\n|-resisted|p1a: Vileplume\n|-damage|p1a: Vileplume|70/266\n|move|p1a: Vileplume|Sleep Powder|p2a: Magcargo|[miss]\n|-miss|p1a: Vileplume|p2a: Magcargo\n|\n|-heal|p1a: Vileplume|86/266|[from] item: Leftovers\n|upkeep\n|turn|15\n|\n|t:|1781384379\n|switch|p1a: Cetitan|Cetitan, L82, F|412/412\n|move|p2a: Magcargo|Power Gem|p1a: Cetitan\n|-supereffective|p1a: Cetitan\n|-damage|p1a: Cetitan|0 fnt\n|faint|p1a: Cetitan\n|\n|upkeep\n|\n|t:|1781384385\n|switch|p1a: Polteageist|Polteageist-Antique, L78|222/222\n|turn|16\n|\n|t:|1781384390\n|switch|p1a: Vileplume|Vileplume, L85, F, tera:Water|86/266\n|move|p2a: Magcargo|Power Gem|p1a: Vileplume\n|-damage|p1a: Vileplume|0 fnt\n|faint|p1a: Vileplume\n|\n|upkeep\n|\n|t:|1781384393\n|switch|p1a: Polteageist|Polteageist-Antique, L78|222/222\n|turn|17\n|\n|t:|1781384401\n|move|p2a: Magcargo|Fire Blast|p1a: Polteageist\n|-damage|p1a: Polteageist|0 fnt\n|faint|p1a: Polteageist\n|\n|win|Lyfie\n", "uploadtime": 1781384191, "views": 9, "formatid": "gen9randombattle", "rating": null, "private": 0, "password": null}