{"id": "gen9randombattle-2631389350", "format": "[Gen 9] Random Battle", "players": ["Axelace", "discodiscogoodgood"], "log": "|j|\u2606Axelace\n|j|\u2606discodiscogoodgood\n|t:|1781378876\n|gametype|singles\n|player|p1|Axelace|riley|2061\n|player|p2|discodiscogoodgood|musician|2052\n|gen|9\n|tier|[Gen 9] Random Battle\n|rated|\n|rule|Species Clause: Limit one of each Pok\u00e9mon\n|rule|HP Percentage Mod: HP is shown in percentages\n|rule|Sleep Clause Mod: Limit one foe put to sleep\n|rule|Illusion Level Mod: Illusion disguises the Pok\u00e9mon's true level\n|\n|t:|1781378876\n|teamsize|p1|6\n|teamsize|p2|6\n|start\n|switch|p1a: Sudowoodo|Sudowoodo, L94, M|284/284\n|switch|p2a: Hawlucha|Hawlucha, L80, M|256/256\n|turn|1\n|\n|t:|1781378885\n|switch|p2a: Hippowdon|Hippowdon, L82, M|311/311\n|-weather|Sandstorm|[from] ability: Sand Stream|[of] p2a: Hippowdon\n|move|p1a: Sudowoodo|Head Smash|p2a: Hippowdon\n|-resisted|p2a: Hippowdon\n|-damage|p2a: Hippowdon|197/311\n|\n|-weather|Sandstorm|[upkeep]\n|-heal|p2a: Hippowdon|216/311|[from] item: Leftovers\n|upkeep\n|turn|2\n|\n|t:|1781378910\n|switch|p1a: Groudon|Groudon, L72|263/263\n|-weather|SunnyDay|[from] ability: Drought|[of] p1a: Groudon\n|move|p2a: Hippowdon|Stone Edge|p1a: Groudon\n|-resisted|p1a: Groudon\n|-damage|p1a: Groudon|232/263\n|\n|-weather|SunnyDay|[upkeep]\n|-heal|p1a: Groudon|248/263|[from] item: Leftovers\n|-heal|p2a: Hippowdon|235/311|[from] item: Leftovers\n|upkeep\n|turn|3\n|\n|t:|1781378916\n|move|p1a: Groudon|Spikes|p2a: Hippowdon\n|-sidestart|p2: discodiscogoodgood|Spikes\n|move|p2a: Hippowdon|Curse|p2a: Hippowdon\n|-unboost|p2a: Hippowdon|spe|1\n|-boost|p2a: Hippowdon|atk|1\n|-boost|p2a: Hippowdon|def|1\n|\n|-weather|SunnyDay|[upkeep]\n|-heal|p1a: Groudon|263/263|[from] item: Leftovers\n|-heal|p2a: Hippowdon|254/311|[from] item: Leftovers\n|upkeep\n|turn|4\n|\n|t:|1781378928\n|switch|p1a: Walking Wake|Walking Wake, L79|286/286\n|-activate|p1a: Walking Wake|ability: Protosynthesis\n|-start|p1a: Walking Wake|protosynthesisspa\n|move|p2a: Hippowdon|Earthquake|p1a: Walking Wake\n|-damage|p1a: Walking Wake|115/286\n|\n|-weather|SunnyDay|[upkeep]\n|-heal|p2a: Hippowdon|273/311|[from] item: Leftovers\n|upkeep\n|turn|5\n|\n|t:|1781378936\n|switch|p2a: Poliwrath|Poliwrath, L88, F|302/302\n|-damage|p2a: Poliwrath|265/302|[from] Spikes\n|move|p1a: Walking Wake|Hydro Steam|p2a: Poliwrath\n|-resisted|p2a: Poliwrath\n|-damage|p2a: Poliwrath|160/302\n|-damage|p1a: Walking Wake|87/286|[from] item: Life Orb\n|\n|-weather|SunnyDay|[upkeep]\n|upkeep\n|turn|6\n|\n|t:|1781378943\n|move|p1a: Walking Wake|Draco Meteor|p2a: Poliwrath\n|-damage|p2a: Poliwrath|0 fnt\n|-unboost|p1a: Walking Wake|spa|2\n|faint|p2a: Poliwrath\n|-damage|p1a: Walking Wake|59/286|[from] item: Life Orb\n|\n|-weather|none\n|-end|p1a: Walking Wake|Protosynthesis\n|upkeep\n|\n|t:|1781378953\n|switch|p2a: Lycanroc|Lycanroc-Dusk, L81, M|254/254\n|-damage|p2a: Lycanroc|223/254|[from] Spikes\n|turn|7\n|\n|t:|1781378957\n|-end|p1a: Walking Wake|Protosynthesis|[silent]\n|switch|p1a: Groudon|Groudon, L72|263/263\n|-weather|SunnyDay|[from] ability: Drought|[of] p1a: Groudon\n|move|p2a: Lycanroc|Swords Dance|p2a: Lycanroc\n|-boost|p2a: Lycanroc|atk|2\n|\n|-weather|SunnyDay|[upkeep]\n|upkeep\n|turn|8\n|\n|t:|1781378965\n|switch|p2a: Hippowdon|Hippowdon, L82, M|273/311\n|-damage|p2a: Hippowdon|235/311|[from] Spikes\n|-weather|Sandstorm|[from] ability: Sand Stream|[of] p2a: Hippowdon\n|move|p1a: Groudon|Thunder Wave|p2a: Hippowdon\n|-immune|p2a: Hippowdon\n|\n|-weather|Sandstorm|[upkeep]\n|-heal|p2a: Hippowdon|254/311|[from] item: Leftovers\n|upkeep\n|turn|9\n|\n|t:|1781378977\n|switch|p1a: Sudowoodo|Sudowoodo, L94, M|284/284\n|move|p2a: Hippowdon|Earthquake|p1a: Sudowoodo\n|-supereffective|p1a: Sudowoodo\n|-damage|p1a: Sudowoodo|108/284\n|\n|-weather|Sandstorm|[upkeep]\n|-heal|p2a: Hippowdon|273/311|[from] item: Leftovers\n|upkeep\n|turn|10\n|\n|t:|1781378980\n|move|p2a: Hippowdon|Earthquake|p1a: Sudowoodo\n|-supereffective|p1a: Sudowoodo\n|-damage|p1a: Sudowoodo|0 fnt\n|faint|p1a: Sudowoodo\n|\n|-weather|Sandstorm|[upkeep]\n|-heal|p2a: Hippowdon|292/311|[from] item: Leftovers\n|upkeep\n|\n|t:|1781378988\n|switch|p1a: Groudon|Groudon, L72|263/263\n|-weather|SunnyDay|[from] ability: Drought|[of] p1a: Groudon\n|turn|11\n|\n|t:|1781378991\n|move|p1a: Groudon|Precipice Blades|p2a: Hippowdon\n|-damage|p2a: Hippowdon|186/311\n|move|p2a: Hippowdon|Earthquake|p1a: Groudon\n|-damage|p1a: Groudon|175/263\n|\n|-weather|SunnyDay|[upkeep]\n|-heal|p1a: Groudon|191/263|[from] item: Leftovers\n|-heal|p2a: Hippowdon|205/311|[from] item: Leftovers\n|upkeep\n|turn|12\n|\n|t:|1781378999\n|switch|p1a: Tauros|Tauros, L82, M|257/257\n|move|p2a: Hippowdon|Slack Off|p2a: Hippowdon\n|-heal|p2a: Hippowdon|311/311\n|\n|-weather|SunnyDay|[upkeep]\n|upkeep\n|turn|13\n|\n|t:|1781379003\n|move|p1a: Tauros|Body Slam|p2a: Hippowdon\n|-damage|p2a: Hippowdon|193/311\n|move|p2a: Hippowdon|Curse|p2a: Hippowdon\n|-unboost|p2a: Hippowdon|spe|1\n|-boost|p2a: Hippowdon|atk|1\n|-boost|p2a: Hippowdon|def|1\n|\n|-weather|SunnyDay|[upkeep]\n|-heal|p2a: Hippowdon|212/311|[from] item: Leftovers\n|upkeep\n|turn|14\n|\n|t:|1781379008\n|move|p1a: Tauros|Body Slam|p2a: Hippowdon\n|-damage|p2a: Hippowdon|133/311\n|move|p2a: Hippowdon|Earthquake|p1a: Tauros\n|-damage|p1a: Tauros|100/257\n|\n|-weather|SunnyDay|[upkeep]\n|-heal|p2a: Hippowdon|152/311|[from] item: Leftovers\n|upkeep\n|turn|15\n|\n|t:|1781379013\n|move|p1a: Tauros|Body Slam|p2a: Hippowdon\n|-crit|p2a: Hippowdon\n|-damage|p2a: Hippowdon|0 fnt\n|faint|p2a: Hippowdon\n|\n|-weather|none\n|upkeep\n|\n|t:|1781379024\n|switch|p2a: Lycanroc|Lycanroc-Dusk, L81, M|223/254\n|-damage|p2a: Lycanroc|192/254|[from] Spikes\n|turn|16\n|\n|t:|1781379030\n|move|p1a: Tauros|Earthquake|p2a: Lycanroc\n|-supereffective|p2a: Lycanroc\n|-damage|p2a: Lycanroc|0 fnt\n|faint|p2a: Lycanroc\n|-damage|p1a: Tauros|75/257|[from] item: Life Orb\n|\n|upkeep\n|\n|t:|1781379035\n|switch|p2a: Houndoom|Houndoom, L87, M|272/272\n|turn|17\n|\n|t:|1781379038\n|move|p1a: Tauros|Earthquake|p2a: Houndoom\n|-supereffective|p2a: Houndoom\n|-damage|p2a: Houndoom|25/272\n|-damage|p1a: Tauros|50/257|[from] item: Life Orb\n|move|p2a: Houndoom|Dark Pulse|p1a: Tauros\n|-damage|p1a: Tauros|0 fnt\n|faint|p1a: Tauros\n|\n|upkeep\n|\n|t:|1781379049\n|switch|p1a: Ursaring|Ursaring, L84, M|288/288\n|turn|18\n|\n|t:|1781379054\n|move|p2a: Houndoom|Fire Blast|p1a: Ursaring|[miss]\n|-miss|p2a: Houndoom|p1a: Ursaring\n|move|p1a: Ursaring|Swords Dance|p1a: Ursaring\n|-boost|p1a: Ursaring|atk|2\n|\n|-status|p1a: Ursaring|tox|[from] item: Toxic Orb\n|upkeep\n|turn|19\n|\n|t:|1781379058\n|move|p2a: Houndoom|Fire Blast|p1a: Ursaring\n|-damage|p1a: Ursaring|146/288 tox\n|move|p1a: Ursaring|Facade|p2a: Houndoom\n|-damage|p2a: Houndoom|0 fnt\n|faint|p2a: Houndoom\n|\n|-damage|p1a: Ursaring|128/288 tox|[from] psn\n|upkeep\n|\n|t:|1781379063\n|switch|p2a: Lokix|Lokix, L82, M|251/251\n|-damage|p2a: Lokix|220/251|[from] Spikes\n|turn|20\n|\n|t:|1781379068\n|-terastallize|p2a: Lokix|Bug\n|move|p2a: Lokix|First Impression|p1a: Ursaring\n|-damage|p1a: Ursaring|0 fnt\n|faint|p1a: Ursaring\n|\n|upkeep\n|\n|t:|1781379075\n|switch|p1a: Groudon|Groudon, L72|191/263\n|-weather|SunnyDay|[from] ability: Drought|[of] p1a: Groudon\n|turn|21\n|\n|t:|1781379079\n|move|p2a: Lokix|Knock Off|p1a: Groudon\n|-damage|p1a: Groudon|112/263\n|-enditem|p1a: Groudon|Leftovers|[from] move: Knock Off|[of] p2a: Lokix\n|move|p1a: Groudon|Heat Crash|p2a: Lokix\n|-supereffective|p2a: Lokix\n|-damage|p2a: Lokix|0 fnt\n|faint|p2a: Lokix\n|\n|-weather|SunnyDay|[upkeep]\n|upkeep\n|\n|t:|1781379081\n|switch|p2a: Hawlucha|Hawlucha, L80, M|256/256\n|turn|22\n|\n|t:|1781379086\n|move|p2a: Hawlucha|Swords Dance|p2a: Hawlucha\n|-boost|p2a: Hawlucha|atk|2\n|move|p1a: Groudon|Thunder Wave|p2a: Hawlucha\n|-status|p2a: Hawlucha|par\n|\n|-weather|SunnyDay|[upkeep]\n|upkeep\n|turn|23\n|\n|t:|1781379090\n|move|p1a: Groudon|Heat Crash|p2a: Hawlucha\n|-damage|p2a: Hawlucha|104/256 par\n|move|p2a: Hawlucha|Close Combat|p1a: Groudon\n|-damage|p1a: Groudon|0 fnt\n|-unboost|p2a: Hawlucha|def|1\n|-unboost|p2a: Hawlucha|spd|1\n|faint|p1a: Groudon\n|-enditem|p2a: Hawlucha|White Herb\n|-clearnegativeboost|p2a: Hawlucha|[silent]\n|\n|-weather|SunnyDay|[upkeep]\n|upkeep\n|\n|t:|1781379095\n|switch|p1a: Electivire|Electivire, L84, M|263/263\n|turn|24\n|\n|t:|1781379099\n|-terastallize|p1a: Electivire|Flying\n|move|p2a: Hawlucha|Close Combat|p1a: Electivire\n|-resisted|p1a: Electivire\n|-damage|p1a: Electivire|117/263\n|-unboost|p2a: Hawlucha|def|1\n|-unboost|p2a: Hawlucha|spd|1\n|move|p1a: Electivire|Ice Punch|p2a: Hawlucha\n|-supereffective|p2a: Hawlucha\n|-damage|p2a: Hawlucha|0 fnt\n|faint|p2a: Hawlucha\n|-damage|p1a: Electivire|91/263|[from] item: Life Orb\n|\n|win|Axelace\n", "uploadtime": 1781378878, "views": 7, "formatid": "gen9randombattle", "rating": null, "private": 0, "password": null}