{"id": "gen9randombattle-2631883862", "format": "[Gen 9] Random Battle", "players": ["bimiuchiratnhieu", "malpicatepica"], "log": "|j|\u2606bimiuchiratnhieu\n|j|\u2606malpicatepica\n|t:|1781451796\n|gametype|singles\n|player|p1|bimiuchiratnhieu|hilda|1954\n|player|p2|malpicatepica|266|2017\n|gen|9\n|tier|[Gen 9] Random Battle\n|rated|\n|rule|Species Clause: Limit one of each Pok\u00e9mon\n|rule|HP Percentage Mod: HP is shown in percentages\n|rule|Sleep Clause Mod: Limit one foe put to sleep\n|rule|Illusion Level Mod: Illusion disguises the Pok\u00e9mon's true level\n|\n|t:|1781451796\n|teamsize|p1|6\n|teamsize|p2|6\n|start\n|switch|p1a: Suicune|Suicune, L82|298/298\n|switch|p2a: Ursaluna|Ursaluna-Bloodmoon, L79, M|308/308\n|-ability|p1a: Suicune|Pressure\n|turn|1\n|inactive|Battle timer is ON: inactive players will automatically lose when time's up. (requested by malpicatepica)\n|inactive|bimiuchiratnhieu also wants the timer to be on.\n|\n|t:|1781451804\n|switch|p2a: Luxray|Luxray, L88, M|284/284\n|-ability|p2a: Luxray|Intimidate|boost\n|-unboost|p1a: Suicune|atk|1\n|move|p1a: Suicune|Calm Mind|p1a: Suicune\n|-boost|p1a: Suicune|spa|1\n|-boost|p1a: Suicune|spd|1\n|\n|upkeep\n|turn|2\n|\n|t:|1781451828\n|move|p1a: Suicune|Substitute|p1a: Suicune\n|-start|p1a: Suicune|Substitute\n|-damage|p1a: Suicune|224/298\n|move|p2a: Luxray|Wild Charge|p1a: Suicune\n|-supereffective|p1a: Suicune\n|-end|p1a: Suicune|Substitute\n|-damage|p2a: Luxray|265/284|[from] Recoil|[of] p1a: Suicune\n|\n|-heal|p1a: Suicune|242/298|[from] item: Leftovers\n|upkeep\n|turn|3\n|\n|t:|1781451832\n|move|p1a: Suicune|Substitute|p1a: Suicune\n|-start|p1a: Suicune|Substitute\n|-damage|p1a: Suicune|168/298\n|move|p2a: Luxray|Wild Charge|p1a: Suicune\n|-supereffective|p1a: Suicune\n|-end|p1a: Suicune|Substitute\n|-damage|p2a: Luxray|246/284|[from] Recoil|[of] p1a: Suicune\n|\n|-heal|p1a: Suicune|186/298|[from] item: Leftovers\n|upkeep\n|turn|4\n|\n|t:|1781451839\n|switch|p1a: Arboliva|Arboliva, L91, F|288/288\n|move|p2a: Luxray|Wild Charge|p1a: Arboliva\n|-resisted|p1a: Arboliva\n|-damage|p1a: Arboliva|234/288\n|-damage|p2a: Luxray|232/284|[from] Recoil\n|\n|upkeep\n|turn|5\n|\n|t:|1781451846\n|move|p2a: Luxray|Volt Switch|p1a: Arboliva\n|-resisted|p1a: Arboliva\n|-damage|p1a: Arboliva|201/288\n|\n|t:|1781451848\n|switch|p2a: Tropius|Tropius, L91, M|328/328|[from] Volt Switch\n|move|p1a: Arboliva|Leech Seed|p2a: Tropius\n|-immune|p2a: Tropius\n|\n|upkeep\n|turn|6\n|inactive|bimiuchiratnhieu has 120 seconds left.\n|\n|t:|1781451880\n|move|p2a: Tropius|Substitute|p2a: Tropius\n|-start|p2a: Tropius|Substitute\n|-damage|p2a: Tropius|246/328\n|move|p1a: Arboliva|Hyper Voice|p2a: Tropius\n|-crit|p2a: Tropius\n|-damage|p2a: Tropius|39/328\n|-enditem|p2a: Tropius|Sitrus Berry|[eat]\n|-heal|p2a: Tropius|121/328|[from] item: Sitrus Berry\n|\n|-item|p2a: Tropius|Sitrus Berry|[from] ability: Harvest\n|upkeep\n|-enditem|p2a: Tropius|Sitrus Berry|[eat]\n|-heal|p2a: Tropius|203/328|[from] item: Sitrus Berry\n|turn|7\n|\n|t:|1781451888\n|move|p2a: Tropius|Air Slash|p1a: Arboliva\n|-supereffective|p1a: Arboliva\n|-damage|p1a: Arboliva|93/288\n|-enditem|p1a: Arboliva|Sitrus Berry|[eat]\n|-heal|p1a: Arboliva|165/288|[from] item: Sitrus Berry\n|cant|p1a: Arboliva|flinch\n|\n|upkeep\n|turn|8\n|\n|t:|1781451894\n|move|p1a: Arboliva|Protect|p1a: Arboliva\n|-singleturn|p1a: Arboliva|Protect\n|move|p2a: Tropius|Air Slash|p1a: Arboliva\n|-activate|p1a: Arboliva|move: Protect\n|\n|-item|p1a: Arboliva|Sitrus Berry|[from] ability: Harvest\n|upkeep\n|turn|9\n|\n|t:|1781451908\n|move|p2a: Tropius|Air Slash|p1a: Arboliva\n|-supereffective|p1a: Arboliva\n|-damage|p1a: Arboliva|43/288\n|-enditem|p1a: Arboliva|Sitrus Berry|[eat]\n|-heal|p1a: Arboliva|115/288|[from] item: Sitrus Berry\n|move|p1a: Arboliva|Hyper Voice|p2a: Tropius\n|-damage|p2a: Tropius|85/328\n|\n|-item|p2a: Tropius|Sitrus Berry|[from] ability: Harvest\n|upkeep\n|-enditem|p2a: Tropius|Sitrus Berry|[eat]\n|-heal|p2a: Tropius|167/328|[from] item: Sitrus Berry\n|turn|10\n|\n|t:|1781451912\n|move|p1a: Arboliva|Protect|p1a: Arboliva\n|-singleturn|p1a: Arboliva|Protect\n|move|p2a: Tropius|Air Slash|p1a: Arboliva\n|-activate|p1a: Arboliva|move: Protect\n|\n|-item|p2a: Tropius|Sitrus Berry|[from] ability: Harvest\n|upkeep\n|turn|11\n|\n|t:|1781451923\n|move|p2a: Tropius|Air Slash|p1a: Arboliva\n|-supereffective|p1a: Arboliva\n|-damage|p1a: Arboliva|0 fnt\n|faint|p1a: Arboliva\n|\n|upkeep\n|\n|t:|1781451930\n|switch|p1a: Suicune|Suicune, L82|186/298\n|-ability|p1a: Suicune|Pressure\n|turn|12\n|\n|t:|1781451932\n|move|p1a: Suicune|Ice Beam|p2a: Tropius\n|-supereffective|p2a: Tropius\n|-end|p2a: Tropius|Substitute\n|move|p2a: Tropius|Leech Seed|p1a: Suicune\n|-start|p1a: Suicune|move: Leech Seed\n|\n|-heal|p1a: Suicune|204/298|[from] item: Leftovers\n|-damage|p1a: Suicune|167/298|[from] Leech Seed|[of] p2a: Tropius\n|-heal|p2a: Tropius|204/328|[silent]\n|upkeep\n|turn|13\n|\n|t:|1781451938\n|switch|p2a: Luxray|Luxray, L88, M|232/284\n|-ability|p2a: Luxray|Intimidate|boost\n|-unboost|p1a: Suicune|atk|1\n|move|p1a: Suicune|Ice Beam|p2a: Luxray\n|-damage|p2a: Luxray|195/284\n|\n|-heal|p1a: Suicune|185/298|[from] item: Leftovers\n|-damage|p1a: Suicune|148/298|[from] Leech Seed|[of] p2a: Luxray\n|-heal|p2a: Luxray|232/284|[silent]\n|upkeep\n|turn|14\n|\n|t:|1781451951\n|switch|p1a: Hydreigon|Hydreigon, L79, M|275/275\n|move|p2a: Luxray|Wild Charge|p1a: Hydreigon\n|-resisted|p1a: Hydreigon\n|-damage|p1a: Hydreigon|211/275\n|-damage|p2a: Luxray|216/284|[from] Recoil\n|\n|upkeep\n|turn|15\n|\n|t:|1781451971\n|move|p1a: Hydreigon|Draco Meteor|p2a: Luxray\n|-damage|p2a: Luxray|111/284\n|-unboost|p1a: Hydreigon|spa|2\n|move|p2a: Luxray|Play Rough|p1a: Hydreigon\n|-supereffective|p1a: Hydreigon\n|-damage|p1a: Hydreigon|0 fnt\n|faint|p1a: Hydreigon\n|\n|upkeep\n|\n|t:|1781451978\n|switch|p1a: Toxicroak|Toxicroak, L84, F|277/277\n|turn|16\n|\n|t:|1781451985\n|switch|p2a: Metagross|Metagross, L79|256/256\n|move|p1a: Toxicroak|Close Combat|p2a: Metagross\n|-damage|p2a: Metagross|87/256\n|-unboost|p1a: Toxicroak|def|1\n|-unboost|p1a: Toxicroak|spd|1\n|\n|-heal|p2a: Metagross|103/256|[from] item: Leftovers\n|upkeep\n|turn|17\n|\n|t:|1781451991\n|switch|p2a: Medicham|Medicham, L86, F|243/243\n|move|p1a: Toxicroak|Close Combat|p2a: Medicham\n|-resisted|p2a: Medicham\n|-damage|p2a: Medicham|138/243\n|-unboost|p1a: Toxicroak|def|1\n|-unboost|p1a: Toxicroak|spd|1\n|\n|upkeep\n|turn|18\n|\n|t:|1781452003\n|switch|p1a: Suicune|Suicune, L82|148/298\n|-ability|p1a: Suicune|Pressure\n|move|p2a: Medicham|Close Combat|p1a: Suicune\n|-damage|p1a: Suicune|0 fnt\n|-unboost|p2a: Medicham|def|1\n|-unboost|p2a: Medicham|spd|1\n|faint|p1a: Suicune\n|\n|upkeep\n|\n|t:|1781452020\n|switch|p1a: Toxicroak|Toxicroak, L84, F|277/277\n|turn|19\n|\n|t:|1781452033\n|switch|p2a: Luxray|Luxray, L88, M|111/284\n|-ability|p2a: Luxray|Intimidate|boost\n|-unboost|p1a: Toxicroak|atk|1\n|move|p1a: Toxicroak|Close Combat|p2a: Luxray\n|-damage|p2a: Luxray|0 fnt\n|-unboost|p1a: Toxicroak|def|1\n|-unboost|p1a: Toxicroak|spd|1\n|faint|p2a: Luxray\n|\n|upkeep\n|\n|t:|1781452035\n|switch|p2a: Medicham|Medicham, L86, F|138/243\n|turn|20\n|\n|t:|1781452039\n|switch|p1a: Mimikyu|Mimikyu, L79, M|216/216\n|move|p2a: Medicham|Zen Headbutt|p1a: Mimikyu\n|-activate|p1a: Mimikyu|ability: Disguise\n|-damage|p1a: Mimikyu|216/216\n|detailschange|p1a: Mimikyu|Mimikyu-Busted, L79, M\n|-damage|p1a: Mimikyu|189/216|[from] pokemon: Mimikyu-Busted\n|\n|upkeep\n|turn|21\n|\n|t:|1781452053\n|move|p2a: Medicham|Zen Headbutt|p1a: Mimikyu\n|-damage|p1a: Mimikyu|38/216\n|cant|p1a: Mimikyu|flinch\n|\n|upkeep\n|turn|22\n|\n|t:|1781452067\n|move|p2a: Medicham|Zen Headbutt|p1a: Mimikyu\n|-damage|p1a: Mimikyu|0 fnt\n|faint|p1a: Mimikyu\n|\n|upkeep\n|\n|t:|1781452081\n|switch|p1a: Drednaw|Drednaw, L81, F|278/278\n|turn|23\n|\n|t:|1781452101\n|switch|p2a: Tropius|Tropius, L91, M|204/328\n|move|p1a: Drednaw|Shell Smash|p1a: Drednaw\n|-unboost|p1a: Drednaw|def|1\n|-unboost|p1a: Drednaw|spd|1\n|-boost|p1a: Drednaw|atk|2\n|-boost|p1a: Drednaw|spa|2\n|-boost|p1a: Drednaw|spe|2\n|-enditem|p1a: Drednaw|White Herb\n|-clearnegativeboost|p1a: Drednaw|[silent]\n|\n|upkeep\n|turn|24\n|inactive|bimiuchiratnhieu has 120 seconds left.\n|\n|t:|1781452141\n|move|p1a: Drednaw|Stone Edge|p2a: Tropius\n|-supereffective|p2a: Tropius\n|-damage|p2a: Tropius|0 fnt\n|faint|p2a: Tropius\n|\n|upkeep\n|\n|t:|1781452147\n|switch|p2a: Raikou|Raikou, L81|278/278\n|-ability|p2a: Raikou|Pressure\n|turn|25\n|inactive|bimiuchiratnhieu has 120 seconds left.\n|\n|t:|1781452160\n|-terastallize|p1a: Drednaw|Ground\n|-terastallize|p2a: Raikou|Water\n|move|p1a: Drednaw|Earthquake|p2a: Raikou\n|-damage|p2a: Raikou|0 fnt\n|faint|p2a: Raikou\n|\n|upkeep\n|-message|malpicatepica forfeited.\n|\n|win|bimiuchiratnhieu\n", "uploadtime": 1781451798, "views": 4, "formatid": "gen9randombattle", "rating": null, "private": 0, "password": null}