{"id": "gen9randombattle-2631398101", "format": "[Gen 9] Random Battle", "players": ["Zabalilla", "marper8"], "log": "|j|\u2606Zabalilla\n|j|\u2606marper8\n|t:|1781379868\n|gametype|singles\n|player|p1|Zabalilla|170|2117\n|player|p2|marper8|102|2193\n|gen|9\n|tier|[Gen 9] Random Battle\n|rated|\n|rule|Species Clause: Limit one of each Pok\u00e9mon\n|rule|HP Percentage Mod: HP is shown in percentages\n|rule|Sleep Clause Mod: Limit one foe put to sleep\n|rule|Illusion Level Mod: Illusion disguises the Pok\u00e9mon's true level\n|\n|t:|1781379868\n|teamsize|p1|6\n|teamsize|p2|6\n|start\n|switch|p1a: Annihilape|Annihilape, L76, F|292/292\n|switch|p2a: Cyclizar|Cyclizar, L83, F|252/252\n|turn|1\n|inactive|Battle timer is ON: inactive players will automatically lose when time's up. (requested by Zabalilla)\n|\n|t:|1781379874\n|move|p2a: Cyclizar|Shed Tail|p2a: Cyclizar\n|-start|p2a: Cyclizar|Substitute|[from] move: Shed Tail\n|-damage|p2a: Cyclizar|126/252\n|\n|t:|1781379877\n|switch|p2a: Gardevoir|Gardevoir, L83, M|249/249|[from] Shed Tail\n|-ability|p2a: Gardevoir|Defiant|Trace|[from] ability: Trace|[of] p1a: Annihilape\n|move|p1a: Annihilape|Drain Punch|p2a: Gardevoir\n|-resisted|p2a: Gardevoir\n|-activate|p2a: Gardevoir|move: Substitute|[damage]\n|\n|upkeep\n|turn|2\n|\n|t:|1781379884\n|switch|p1a: Charizard|Charizard, L85, M|271/271\n|move|p2a: Gardevoir|Moonblast|p1a: Charizard\n|-resisted|p1a: Charizard\n|-damage|p1a: Charizard|185/271\n|-unboost|p1a: Charizard|spa|1\n|-damage|p2a: Gardevoir|225/249|[from] item: Life Orb\n|\n|upkeep\n|turn|3\n|\n|t:|1781379888\n|move|p1a: Charizard|Flamethrower|p2a: Gardevoir\n|-end|p2a: Gardevoir|Substitute\n|move|p2a: Gardevoir|Psyshock|p1a: Charizard\n|-damage|p1a: Charizard|39/271\n|-damage|p2a: Gardevoir|201/249|[from] item: Life Orb\n|\n|upkeep\n|turn|4\n|\n|t:|1781379892\n|move|p1a: Charizard|Earthquake|p2a: Gardevoir\n|-damage|p2a: Gardevoir|115/249\n|move|p2a: Gardevoir|Psyshock|p1a: Charizard\n|-damage|p1a: Charizard|0 fnt\n|faint|p1a: Charizard\n|-damage|p2a: Gardevoir|91/249|[from] item: Life Orb\n|\n|upkeep\n|\n|t:|1781379895\n|switch|p1a: Squawkabilly|Squawkabilly, L85, M|278/278\n|turn|5\n|\n|t:|1781379897\n|switch|p2a: Rotom|Rotom-Mow, L87|229/229\n|move|p1a: Squawkabilly|Brave Bird|p2a: Rotom\n|-damage|p2a: Rotom|112/229\n|-damage|p1a: Squawkabilly|239/278|[from] Recoil\n|\n|-status|p1a: Squawkabilly|brn|[from] item: Flame Orb\n|upkeep\n|turn|6\n|\n|t:|1781379902\n|switch|p1a: Decidueye|Decidueye, L88, F|281/281\n|move|p2a: Rotom|Thunderbolt|p1a: Decidueye\n|-resisted|p1a: Decidueye\n|-crit|p1a: Decidueye\n|-damage|p1a: Decidueye|209/281\n|\n|upkeep\n|turn|7\n|\n|t:|1781379905\n|switch|p2a: Cyclizar|Cyclizar, L83, F|210/252\n|move|p1a: Decidueye|Spirit Shackle|p2a: Cyclizar\n|-immune|p2a: Cyclizar\n|\n|upkeep\n|turn|8\n|\n|t:|1781379908\n|move|p2a: Cyclizar|Knock Off|p1a: Decidueye\n|-supereffective|p1a: Decidueye\n|-crit|p1a: Decidueye\n|-damage|p1a: Decidueye|11/281\n|-enditem|p1a: Decidueye|Life Orb|[from] move: Knock Off|[of] p2a: Cyclizar\n|move|p1a: Decidueye|Knock Off|p2a: Cyclizar\n|-damage|p2a: Cyclizar|105/252\n|-enditem|p2a: Cyclizar|Heavy-Duty Boots|[from] move: Knock Off|[of] p1a: Decidueye\n|\n|upkeep\n|turn|9\n|\n|t:|1781379912\n|move|p2a: Cyclizar|Knock Off|p1a: Decidueye\n|-supereffective|p1a: Decidueye\n|-damage|p1a: Decidueye|0 fnt\n|faint|p1a: Decidueye\n|\n|upkeep\n|\n|t:|1781379918\n|switch|p1a: Komala|Komala, L88, F|258/258\n|-ability|p1a: Komala|Comatose\n|turn|10\n|\n|t:|1781379922\n|move|p2a: Cyclizar|Knock Off|p1a: Komala\n|-damage|p1a: Komala|181/258\n|-enditem|p1a: Komala|Assault Vest|[from] move: Knock Off|[of] p2a: Cyclizar\n|move|p1a: Komala|Rapid Spin|p2a: Cyclizar\n|-damage|p2a: Cyclizar|21/252\n|-boost|p1a: Komala|spe|1\n|\n|upkeep\n|turn|11\n|\n|t:|1781379928\n|move|p2a: Cyclizar|Draco Meteor|p1a: Komala\n|-damage|p1a: Komala|60/258\n|-unboost|p2a: Cyclizar|spa|2\n|move|p1a: Komala|Rapid Spin|p2a: Cyclizar\n|-crit|p2a: Cyclizar\n|-damage|p2a: Cyclizar|0 fnt\n|-boost|p1a: Komala|spe|1\n|faint|p2a: Cyclizar\n|\n|upkeep\n|\n|t:|1781379931\n|switch|p2a: Conkeldurr|Conkeldurr, L80, M|299/299\n|turn|12\n|\n|t:|1781379936\n|switch|p2a: Rotom|Rotom-Mow, L87|112/229\n|move|p1a: Komala|Knock Off|p2a: Rotom\n|-damage|p2a: Rotom|35/229\n|-enditem|p2a: Rotom|Choice Scarf|[from] move: Knock Off|[of] p1a: Komala\n|\n|upkeep\n|turn|13\n|\n|t:|1781379939\n|move|p1a: Komala|Body Slam|p2a: Rotom\n|-damage|p2a: Rotom|0 fnt\n|faint|p2a: Rotom\n|\n|upkeep\n|\n|t:|1781379941\n|switch|p2a: Conkeldurr|Conkeldurr, L80, M|299/299\n|turn|14\n|\n|t:|1781379943\n|move|p2a: Conkeldurr|Mach Punch|p1a: Komala\n|-supereffective|p1a: Komala\n|-damage|p1a: Komala|0 fnt\n|faint|p1a: Komala\n|\n|-status|p2a: Conkeldurr|brn|[from] item: Flame Orb\n|upkeep\n|\n|t:|1781379948\n|switch|p1a: Squawkabilly|Squawkabilly, L85, M|239/278 brn\n|turn|15\n|\n|t:|1781379953\n|switch|p2a: Gardevoir|Gardevoir, L83, M|91/249\n|-ability|p2a: Gardevoir|Guts|Trace|[from] ability: Trace|[of] p1a: Squawkabilly\n|move|p1a: Squawkabilly|Protect||[still]\n|-fail|p1a: Squawkabilly\n|\n|-damage|p1a: Squawkabilly|222/278 brn|[from] brn\n|upkeep\n|turn|16\n|\n|t:|1781379956\n|move|p1a: Squawkabilly|Facade|p2a: Gardevoir\n|-damage|p2a: Gardevoir|0 fnt\n|faint|p2a: Gardevoir\n|\n|-damage|p1a: Squawkabilly|205/278 brn|[from] brn\n|upkeep\n|\n|t:|1781379957\n|switch|p2a: Mamoswine|Mamoswine, L81, F|311/311\n|turn|17\n|\n|t:|1781379962\n|-terastallize|p1a: Squawkabilly|Normal\n|move|p2a: Mamoswine|Ice Shard|p1a: Squawkabilly\n|-damage|p1a: Squawkabilly|97/278 brn\n|move|p1a: Squawkabilly|Facade|p2a: Mamoswine\n|-damage|p2a: Mamoswine|0 fnt\n|faint|p2a: Mamoswine\n|\n|-damage|p1a: Squawkabilly|80/278 brn|[from] brn\n|upkeep\n|\n|t:|1781379966\n|switch|p2a: Conkeldurr|Conkeldurr, L80, M|299/299 brn\n|turn|18\n|\n|t:|1781379969\n|switch|p1a: Annihilape|Annihilape, L76, F|292/292\n|move|p2a: Conkeldurr|Mach Punch|p1a: Annihilape\n|-immune|p1a: Annihilape\n|\n|-damage|p2a: Conkeldurr|281/299 brn|[from] brn\n|upkeep\n|turn|19\n|\n|t:|1781379972\n|switch|p2a: Baxcalibur|Baxcalibur, L75, F|296/296\n|move|p1a: Annihilape|Bulk Up|p1a: Annihilape\n|-boost|p1a: Annihilape|atk|1\n|-boost|p1a: Annihilape|def|1\n|\n|upkeep\n|turn|20\n|\n|t:|1781379975\n|-terastallize|p2a: Baxcalibur|Dragon\n|move|p1a: Annihilape|Drain Punch|p2a: Baxcalibur\n|-damage|p2a: Baxcalibur|179/296\n|move|p2a: Baxcalibur|Dragon Dance|p2a: Baxcalibur\n|-boost|p2a: Baxcalibur|atk|1\n|-boost|p2a: Baxcalibur|spe|1\n|\n|upkeep\n|turn|21\n|\n|t:|1781379980\n|move|p2a: Baxcalibur|Glaive Rush|p1a: Annihilape\n|-damage|p1a: Annihilape|54/292\n|-singlemove|p2a: Baxcalibur|Glaive Rush|[silent]\n|move|p1a: Annihilape|Bulk Up|p1a: Annihilape\n|-boost|p1a: Annihilape|atk|1\n|-boost|p1a: Annihilape|def|1\n|\n|-heal|p1a: Annihilape|72/292|[from] item: Leftovers\n|upkeep\n|turn|22\n|\n|t:|1781379985\n|move|p2a: Baxcalibur|Glaive Rush|p1a: Annihilape\n|-damage|p1a: Annihilape|0 fnt\n|-singlemove|p2a: Baxcalibur|Glaive Rush|[silent]\n|faint|p1a: Annihilape\n|\n|upkeep\n|\n|t:|1781379987\n|switch|p1a: Hatterene|Hatterene, L85, F|236/236\n|turn|23\n|\n|t:|1781379989\n|move|p2a: Baxcalibur|Icicle Crash|p1a: Hatterene\n|-damage|p1a: Hatterene|89/236\n|cant|p1a: Hatterene|flinch\n|\n|-heal|p1a: Hatterene|103/236|[from] item: Leftovers\n|upkeep\n|turn|24\n|\n|t:|1781379993\n|move|p2a: Baxcalibur|Icicle Crash|p1a: Hatterene\n|-damage|p1a: Hatterene|0 fnt\n|faint|p1a: Hatterene\n|\n|upkeep\n|c|\u2606Zabalilla|Fucking luck\n|c|\u2606Zabalilla|amazing\n|-message|Zabalilla forfeited.\n|\n|win|marper8\n", "uploadtime": 1781379870, "views": 8, "formatid": "gen9randombattle", "rating": null, "private": 0, "password": null}