{"id": "gen9randombattle-2631413313", "format": "[Gen 9] Random Battle", "players": ["Reconforce", "Usummega"], "log": "|badge|p2|bronze|gen9randombattle|100-9\n|uhtml|medal-msg|<div class=\"broadcast-blue\">Curious what those medals under the avatar are? PS now has Ladder Seasons! For more information, check out the <a href=\"https://www.smogon.com/forums/threads/3740067/\">thread on Smogon.</a></div>\n|j|\u2606Reconforce\n|j|\u2606Usummega\n|t:|1781381651\n|gametype|singles\n|player|p1|Reconforce|101|2274\n|player|p2|Usummega|maxie-gen6|2371\n|gen|9\n|tier|[Gen 9] Random Battle\n|rated|\n|rule|Species Clause: Limit one of each Pok\u00e9mon\n|rule|HP Percentage Mod: HP is shown in percentages\n|rule|Sleep Clause Mod: Limit one foe put to sleep\n|rule|Illusion Level Mod: Illusion disguises the Pok\u00e9mon's true level\n|\n|t:|1781381651\n|teamsize|p1|6\n|teamsize|p2|6\n|start\n|switch|p1a: Brambleghast|Brambleghast, L88, M|240/240\n|switch|p2a: Baxcalibur|Baxcalibur, L75, M|295/295\n|turn|1\n|\n|t:|1781381683\n|move|p1a: Brambleghast|Poltergeist|p2a: Baxcalibur\n|-activate|p2a: Baxcalibur|move: Poltergeist|Choice Band\n|-damage|p2a: Baxcalibur|144/295\n|move|p2a: Baxcalibur|Icicle Crash|p1a: Brambleghast\n|-supereffective|p1a: Brambleghast\n|-damage|p1a: Brambleghast|0 fnt\n|faint|p1a: Brambleghast\n|\n|upkeep\n|\n|t:|1781381690\n|switch|p1a: Sneasler|Sneasler, L74, M|240/240\n|turn|2\n|\n|t:|1781381705\n|switch|p2a: Volcarona|Volcarona, L77, M|257/257\n|move|p1a: Sneasler|U-turn|p2a: Volcarona\n|-resisted|p2a: Volcarona\n|-damage|p2a: Volcarona|210/257\n|-status|p2a: Volcarona|psn|[from] ability: Poison Touch|[of] p1a: Sneasler\n|\n|t:|1781381708\n|switch|p1a: Araquanid|Araquanid, L82, F|246/246|[from] U-turn\n|\n|-damage|p2a: Volcarona|178/257 psn|[from] psn\n|upkeep\n|turn|3\n|\n|t:|1781381720\n|switch|p2a: Poliwrath|Poliwrath, L88, F|302/302\n|move|p1a: Araquanid|Sticky Web|p2a: Poliwrath\n|-sidestart|p2: Usummega|move: Sticky Web\n|\n|upkeep\n|turn|4\n|\n|t:|1781381724\n|switch|p1a: Wigglytuff|Wigglytuff, L96, F|424/424\n|move|p2a: Poliwrath|Bulk Up|p2a: Poliwrath\n|-boost|p2a: Poliwrath|atk|1\n|-boost|p2a: Poliwrath|def|1\n|\n|upkeep\n|turn|5\n|\n|t:|1781381735\n|-terastallize|p2a: Poliwrath|Water\n|move|p2a: Poliwrath|Poison Jab|p1a: Wigglytuff\n|-supereffective|p1a: Wigglytuff\n|-damage|p1a: Wigglytuff|168/424\n|move|p1a: Wigglytuff|Thunder Wave|p2a: Poliwrath|[miss]\n|-miss|p1a: Wigglytuff|p2a: Poliwrath\n|\n|-heal|p1a: Wigglytuff|194/424|[from] item: Leftovers\n|upkeep\n|turn|6\n|\n|t:|1781381746\n|switch|p1a: Araquanid|Araquanid, L82, F|246/246\n|move|p2a: Poliwrath|Drain Punch|p1a: Araquanid\n|-resisted|p1a: Araquanid\n|-damage|p1a: Araquanid|184/246\n|\n|upkeep\n|turn|7\n|\n|t:|1781381751\n|move|p2a: Poliwrath|Bulk Up|p2a: Poliwrath\n|-boost|p2a: Poliwrath|atk|1\n|-boost|p2a: Poliwrath|def|1\n|move|p1a: Araquanid|Leech Life|p2a: Poliwrath\n|-damage|p2a: Poliwrath|274/302\n|-heal|p1a: Araquanid|198/246|[from] drain|[of] p2a: Poliwrath\n|\n|-heal|p2a: Poliwrath|292/302|[from] item: Leftovers\n|upkeep\n|turn|8\n|\n|t:|1781381770\n|move|p2a: Poliwrath|Bulk Up|p2a: Poliwrath\n|-boost|p2a: Poliwrath|atk|1\n|-boost|p2a: Poliwrath|def|1\n|move|p1a: Araquanid|Leech Life|p2a: Poliwrath\n|-crit|p2a: Poliwrath\n|-damage|p2a: Poliwrath|205/302\n|-heal|p1a: Araquanid|242/246|[from] drain|[of] p2a: Poliwrath\n|\n|-heal|p2a: Poliwrath|223/302|[from] item: Leftovers\n|upkeep\n|turn|9\n|\n|t:|1781381773\n|switch|p1a: Terapagos|Terapagos, L77, M|265/265\n|-activate|p1a: Terapagos|ability: Tera Shift\n|detailschange|p1a: Terapagos|Terapagos-Terastal, L77, M\n|-heal|p1a: Terapagos|273/273|[silent]\n|move|p2a: Poliwrath|Bulk Up|p2a: Poliwrath\n|-boost|p2a: Poliwrath|atk|1\n|-boost|p2a: Poliwrath|def|1\n|\n|-heal|p2a: Poliwrath|241/302|[from] item: Leftovers\n|upkeep\n|turn|10\n|\n|t:|1781381777\n|-terastallize|p1a: Terapagos|Stellar\n|detailschange|p1a: Terapagos|Terapagos-Stellar, L77, M, tera:Stellar\n|-heal|p1a: Terapagos|373/373|[silent]\n|move|p1a: Terapagos|Tera Starstorm|p2a: Poliwrath\n|-supereffective|p2a: Poliwrath\n|-damage|p2a: Poliwrath|25/302\n|move|p2a: Poliwrath|Drain Punch|p1a: Terapagos\n|-supereffective|p1a: Terapagos\n|-damage|p1a: Terapagos|0 fnt\n|-heal|p2a: Poliwrath|212/302|[from] drain|[of] p1a: Terapagos\n|faint|p1a: Terapagos\n|detailschange|p1: Terapagos|Terapagos, L77, M|[silent]\n|\n|-heal|p2a: Poliwrath|230/302|[from] item: Leftovers\n|upkeep\n|-message|Reconforce forfeited.\n|\n|win|Usummega\n", "uploadtime": 1781381653, "views": 8, "formatid": "gen9randombattle", "rating": null, "private": 0, "password": null}