{"id": "gen9randombattle-2631974404", "format": "[Gen 9] Random Battle", "players": ["ftaochaphet", "grabschaender"], "log": "|j|\u2606ftaochaphet\n|j|\u2606grabschaender\n|t:|1781461670\n|gametype|singles\n|player|p1|ftaochaphet|265|2282\n|player|p2|grabschaender|candice|2219\n|gen|9\n|tier|[Gen 9] Random Battle\n|rated|\n|rule|Species Clause: Limit one of each Pok\u00e9mon\n|rule|HP Percentage Mod: HP is shown in percentages\n|rule|Sleep Clause Mod: Limit one foe put to sleep\n|rule|Illusion Level Mod: Illusion disguises the Pok\u00e9mon's true level\n|\n|t:|1781461670\n|teamsize|p1|6\n|teamsize|p2|6\n|start\n|switch|p1a: Rhydon|Rhydon, L85, F|317/317\n|switch|p2a: Keldeo|Keldeo-Resolute, L79|273/273\n|turn|1\n|inactive|Battle timer is ON: inactive players will automatically lose when time's up. (requested by ftaochaphet)\n|\n|t:|1781461681\n|switch|p1a: Leavanny|Leavanny, L86, M|269/269\n|move|p2a: Keldeo|Hydro Pump|p1a: Leavanny\n|-resisted|p1a: Leavanny\n|-damage|p1a: Leavanny|188/269\n|-damage|p2a: Keldeo|246/273|[from] item: Life Orb\n|\n|upkeep\n|turn|2\n|\n|t:|1781461708\n|switch|p2a: Glimmora|Glimmora, L75, F|248/248\n|move|p1a: Leavanny|Sticky Web|p2a: Glimmora\n|-sidestart|p2: grabschaender|move: Sticky Web\n|\n|upkeep\n|turn|3\n|\n|t:|1781461727\n|switch|p1a: Clawitzer|Clawitzer, L87, F|265/265\n|move|p2a: Glimmora|Meteor Beam||[still]\n|-prepare|p2a: Glimmora|Meteor Beam\n|-boost|p2a: Glimmora|spa|1\n|-enditem|p2a: Glimmora|Power Herb\n|-anim|p2a: Glimmora|Meteor Beam|p1a: Clawitzer\n|-crit|p1a: Clawitzer\n|-damage|p1a: Clawitzer|0 fnt\n|faint|p1a: Clawitzer\n|\n|upkeep\n|\n|t:|1781461739\n|switch|p1a: Misdreavus|Misdreavus, L90, F|254/254\n|turn|4\n|\n|t:|1781461745\n|move|p1a: Misdreavus|Calm Mind|p1a: Misdreavus\n|-boost|p1a: Misdreavus|spa|1\n|-boost|p1a: Misdreavus|spd|1\n|move|p2a: Glimmora|Energy Ball|p1a: Misdreavus\n|-damage|p1a: Misdreavus|211/254\n|\n|upkeep\n|turn|5\n|\n|t:|1781461753\n|switch|p2a: Blissey|Blissey, L85, F|572/572\n|-activate|p2a: Blissey|move: Sticky Web\n|-unboost|p2a: Blissey|spe|1\n|move|p1a: Misdreavus|Calm Mind|p1a: Misdreavus\n|-boost|p1a: Misdreavus|spa|1\n|-boost|p1a: Misdreavus|spd|1\n|\n|upkeep\n|turn|6\n|\n|t:|1781461756\n|move|p1a: Misdreavus|Calm Mind|p1a: Misdreavus\n|-boost|p1a: Misdreavus|spa|1\n|-boost|p1a: Misdreavus|spd|1\n|move|p2a: Blissey|Thunder Wave|p1a: Misdreavus\n|-status|p1a: Misdreavus|par\n|\n|upkeep\n|turn|7\n|\n|t:|1781461760\n|switch|p2a: Shaymin|Shaymin, L82|298/298\n|-activate|p2a: Shaymin|move: Sticky Web\n|-unboost|p2a: Shaymin|spe|1\n|move|p1a: Misdreavus|Calm Mind|p1a: Misdreavus\n|-boost|p1a: Misdreavus|spa|1\n|-boost|p1a: Misdreavus|spd|1\n|\n|upkeep\n|turn|8\n|\n|t:|1781461767\n|move|p2a: Shaymin|Substitute|p2a: Shaymin\n|-start|p2a: Shaymin|Substitute\n|-damage|p2a: Shaymin|224/298\n|move|p1a: Misdreavus|Shadow Ball|p2a: Shaymin\n|-end|p2a: Shaymin|Substitute\n|\n|-heal|p2a: Shaymin|242/298|[from] item: Leftovers\n|upkeep\n|turn|9\n|\n|t:|1781461769\n|move|p2a: Shaymin|Substitute|p2a: Shaymin\n|-start|p2a: Shaymin|Substitute\n|-damage|p2a: Shaymin|168/298\n|move|p1a: Misdreavus|Shadow Ball|p2a: Shaymin\n|-end|p2a: Shaymin|Substitute\n|\n|-heal|p2a: Shaymin|186/298|[from] item: Leftovers\n|upkeep\n|turn|10\n|\n|t:|1781461772\n|move|p2a: Shaymin|Substitute|p2a: Shaymin\n|-start|p2a: Shaymin|Substitute\n|-damage|p2a: Shaymin|112/298\n|cant|p1a: Misdreavus|par\n|\n|-heal|p2a: Shaymin|130/298|[from] item: Leftovers\n|upkeep\n|turn|11\n|\n|t:|1781461775\n|move|p2a: Shaymin|Leech Seed|p1a: Misdreavus\n|-start|p1a: Misdreavus|move: Leech Seed\n|cant|p1a: Misdreavus|par\n|\n|-heal|p2a: Shaymin|148/298|[from] item: Leftovers\n|-damage|p1a: Misdreavus|180/254 par|[from] Leech Seed|[of] p2a: Shaymin\n|-heal|p2a: Shaymin|179/298|[silent]\n|upkeep\n|turn|12\n|\n|t:|1781461779\n|switch|p1a: Leavanny|Leavanny, L86, M|188/269\n|move|p2a: Shaymin|Air Slash|p1a: Leavanny\n|-supereffective|p1a: Leavanny\n|-crit|p1a: Leavanny\n|-damage|p1a: Leavanny|0 fnt\n|faint|p1a: Leavanny\n|\n|-heal|p2a: Shaymin|197/298|[from] item: Leftovers\n|upkeep\n|\n|t:|1781461787\n|switch|p1a: Sableye|Sableye, L88, M|231/231\n|turn|13\n|j| wistwind\n|inactive|grabschaender has 120 seconds left.\n|inactive|grabschaender has 90 seconds left.\n|\n|t:|1781461872\n|move|p1a: Sableye|Encore|p2a: Shaymin\n|-start|p2a: Shaymin|Encore\n|move|p2a: Shaymin|Air Slash|p1a: Sableye\n|-damage|p1a: Sableye|169/231\n|\n|-heal|p2a: Shaymin|215/298|[from] item: Leftovers\n|-heal|p1a: Sableye|183/231|[from] item: Leftovers\n|upkeep\n|turn|14\n|\n|t:|1781461883\n|move|p2a: Shaymin|Air Slash|p1a: Sableye\n|-damage|p1a: Sableye|117/231\n|move|p1a: Sableye|Knock Off|p2a: Shaymin\n|-end|p2a: Shaymin|Substitute\n|\n|-heal|p2a: Shaymin|233/298|[from] item: Leftovers\n|-heal|p1a: Sableye|131/231|[from] item: Leftovers\n|upkeep\n|turn|15\n|\n|t:|1781461888\n|switch|p2a: Glimmora|Glimmora, L75, F|248/248\n|-activate|p2a: Glimmora|move: Sticky Web\n|-unboost|p2a: Glimmora|spe|1\n|switch|p1a: Rhydon|Rhydon, L85, F|317/317\n|\n|upkeep\n|turn|16\n|inactive|grabschaender has 90 seconds left.\n|\n|t:|1781461908\n|switch|p1a: Misdreavus|Misdreavus, L90, F|180/254 par\n|-terastallize|p2a: Glimmora|Grass\n|move|p2a: Glimmora|Energy Ball|p1a: Misdreavus\n|-damage|p1a: Misdreavus|111/254 par\n|\n|upkeep\n|turn|17\n|\n|t:|1781461918\n|move|p2a: Glimmora|Energy Ball|p1a: Misdreavus\n|-damage|p1a: Misdreavus|45/254 par\n|move|p1a: Misdreavus|Shadow Ball|p2a: Glimmora\n|-damage|p2a: Glimmora|137/248\n|\n|upkeep\n|turn|18\n|\n|t:|1781461922\n|move|p2a: Glimmora|Energy Ball|p1a: Misdreavus\n|-damage|p1a: Misdreavus|0 fnt\n|faint|p1a: Misdreavus\n|\n|upkeep\n|\n|t:|1781461925\n|switch|p1a: Ursaluna|Ursaluna-Bloodmoon, L79, M|308/308\n|turn|19\n|\n|t:|1781461933\n|switch|p2a: Pachirisu|Pachirisu, L96, M|271/271\n|move|p1a: Ursaluna|Blood Moon|p2a: Pachirisu\n|-damage|p2a: Pachirisu|123/271\n|\n|upkeep\n|turn|20\n|\n|t:|1781461941\n|move|p2a: Pachirisu|Super Fang|p1a: Ursaluna\n|-damage|p1a: Ursaluna|154/308\n|move|p1a: Ursaluna|Calm Mind|p1a: Ursaluna\n|-boost|p1a: Ursaluna|spa|1\n|-boost|p1a: Ursaluna|spd|1\n|\n|-heal|p1a: Ursaluna|173/308|[from] item: Leftovers\n|upkeep\n|turn|21\n|\n|t:|1781461944\n|move|p2a: Pachirisu|Encore|p1a: Ursaluna\n|-start|p1a: Ursaluna|Encore\n|move|p1a: Ursaluna|Calm Mind|p1a: Ursaluna\n|-boost|p1a: Ursaluna|spa|1\n|-boost|p1a: Ursaluna|spd|1\n|\n|-heal|p1a: Ursaluna|192/308|[from] item: Leftovers\n|upkeep\n|turn|22\n|\n|t:|1781461950\n|switch|p1a: Rhydon|Rhydon, L85, F|317/317\n|move|p2a: Pachirisu|U-turn|p1a: Rhydon\n|-damage|p1a: Rhydon|299/317\n|\n|t:|1781461952\n|switch|p2a: Keldeo|Keldeo-Resolute, L79|246/273|[from] U-turn\n|-activate|p2a: Keldeo|move: Sticky Web\n|-unboost|p2a: Keldeo|spe|1\n|\n|upkeep\n|turn|23\n|\n|t:|1781461955\n|switch|p1a: Sableye|Sableye, L88, M|131/231\n|move|p2a: Keldeo|Hydro Pump|p1a: Sableye\n|-damage|p1a: Sableye|0 fnt\n|faint|p1a: Sableye\n|-damage|p2a: Keldeo|219/273|[from] item: Life Orb\n|\n|upkeep\n|\n|t:|1781461966\n|switch|p1a: Ursaluna|Ursaluna-Bloodmoon, L79, M|192/308\n|turn|24\n|\n|t:|1781461970\n|-terastallize|p1a: Ursaluna|Ghost\n|move|p2a: Keldeo|Secret Sword|p1a: Ursaluna\n|-immune|p1a: Ursaluna\n|move|p1a: Ursaluna|Calm Mind|p1a: Ursaluna\n|-boost|p1a: Ursaluna|spa|1\n|-boost|p1a: Ursaluna|spd|1\n|\n|-heal|p1a: Ursaluna|211/308|[from] item: Leftovers\n|upkeep\n|turn|25\n|\n|t:|1781461993\n|move|p2a: Keldeo|Hydro Pump|p1a: Ursaluna\n|-damage|p1a: Ursaluna|69/308\n|-damage|p2a: Keldeo|192/273|[from] item: Life Orb\n|move|p1a: Ursaluna|Earth Power|p2a: Keldeo\n|-damage|p2a: Keldeo|9/273\n|\n|-heal|p1a: Ursaluna|88/308|[from] item: Leftovers\n|upkeep\n|turn|26\n|inactive|grabschaender has 120 seconds left.\n|\n|t:|1781462024\n|move|p2a: Keldeo|Hydro Pump|p1a: Ursaluna|[miss]\n|-miss|p2a: Keldeo|p1a: Ursaluna\n|move|p1a: Ursaluna|Moonlight|p1a: Ursaluna\n|-heal|p1a: Ursaluna|242/308\n|\n|-heal|p1a: Ursaluna|261/308|[from] item: Leftovers\n|upkeep\n|turn|27\n|inactive|grabschaender has 90 seconds left.\n|\n|t:|1781462059\n|move|p2a: Keldeo|Hydro Pump|p1a: Ursaluna\n|-damage|p1a: Ursaluna|117/308\n|-damage|p2a: Keldeo|0 fnt|[from] item: Life Orb\n|faint|p2a: Keldeo\n|move|p1a: Ursaluna|Moonlight|p1a: Ursaluna\n|-heal|p1a: Ursaluna|271/308\n|\n|-heal|p1a: Ursaluna|290/308|[from] item: Leftovers\n|upkeep\n|\n|t:|1781462063\n|switch|p2a: Pachirisu|Pachirisu, L96, M|123/271\n|turn|28\n|\n|t:|1781462076\n|switch|p1a: Rhydon|Rhydon, L85, F|299/317\n|move|p2a: Pachirisu|Encore||[still]\n|-fail|p2a: Pachirisu\n|\n|upkeep\n|turn|29\n|\n|t:|1781462086\n|move|p2a: Pachirisu|U-turn|p1a: Rhydon\n|-damage|p1a: Rhydon|281/317\n|\n|t:|1781462087\n|switch|p2a: Glimmora|Glimmora, L75, F, tera:Grass|137/248|[from] U-turn\n|-activate|p2a: Glimmora|move: Sticky Web\n|-unboost|p2a: Glimmora|spe|1\n|move|p1a: Rhydon|Earthquake|p2a: Glimmora\n|-resisted|p2a: Glimmora\n|-damage|p2a: Glimmora|57/248\n|-activate|p2a: Glimmora|ability: Toxic Debris\n|-sidestart|p1: ftaochaphet|move: Toxic Spikes\n|\n|upkeep\n|turn|30\n|\n|t:|1781462115\n|move|p1a: Rhydon|Earthquake|p2a: Glimmora\n|-resisted|p2a: Glimmora\n|-damage|p2a: Glimmora|0 fnt\n|-activate|p2a: Glimmora|ability: Toxic Debris\n|-sidestart|p1: ftaochaphet|move: Toxic Spikes\n|faint|p2a: Glimmora\n|\n|upkeep\n|inactive|grabschaender has 120 seconds left.\n|\n|t:|1781462122\n|switch|p2a: Shaymin|Shaymin, L82|233/298\n|-activate|p2a: Shaymin|move: Sticky Web\n|-unboost|p2a: Shaymin|spe|1\n|turn|31\n|\n|t:|1781462139\n|move|p2a: Shaymin|Seed Flare|p1a: Rhydon|[miss]\n|-miss|p2a: Shaymin|p1a: Rhydon\n|move|p1a: Rhydon|Megahorn|p2a: Shaymin\n|-supereffective|p2a: Shaymin\n|-damage|p2a: Shaymin|25/298\n|\n|-heal|p2a: Shaymin|43/298|[from] item: Leftovers\n|upkeep\n|turn|32\n|l| wistwind\n|\n|t:|1781462149\n|move|p2a: Shaymin|Seed Flare|p1a: Rhydon|[miss]\n|-miss|p2a: Shaymin|p1a: Rhydon\n|move|p1a: Rhydon|Earthquake|p2a: Shaymin\n|-resisted|p2a: Shaymin\n|-damage|p2a: Shaymin|0 fnt\n|faint|p2a: Shaymin\n|\n|upkeep\n|c|\u2606ftaochaphet|mb\n|inactive|grabschaender has 120 seconds left.\n|inactive|grabschaender has 90 seconds left.\n|inactive|grabschaender has 60 seconds left.\n|\n|t:|1781462248\n|switch|p2a: Tauros|Tauros-Paldea-Aqua, L81, M|252/252\n|-activate|p2a: Tauros|move: Sticky Web\n|-unboost|p2a: Tauros|spe|1\n|turn|33\n|\n|t:|1781462261\n|switch|p1a: Ursaluna|Ursaluna-Bloodmoon, L79, M, tera:Ghost|290/308\n|-status|p1a: Ursaluna|tox\n|move|p2a: Tauros|Liquidation|p1a: Ursaluna\n|-damage|p1a: Ursaluna|205/308 tox\n|\n|-heal|p1a: Ursaluna|224/308 tox|[from] item: Leftovers\n|-damage|p1a: Ursaluna|205/308 tox|[from] psn\n|upkeep\n|turn|34\n|\n|t:|1781462268\n|switch|p1a: Rhydon|Rhydon, L85, F|281/317\n|-status|p1a: Rhydon|tox\n|move|p2a: Tauros|Substitute|p2a: Tauros\n|-start|p2a: Tauros|Substitute\n|-damage|p2a: Tauros|189/252\n|\n|-damage|p1a: Rhydon|262/317 tox|[from] psn\n|upkeep\n|turn|35\n|\n|t:|1781462274\n|switch|p1a: Ursaluna|Ursaluna-Bloodmoon, L79, M, tera:Ghost|205/308 tox\n|move|p2a: Tauros|Liquidation|p1a: Ursaluna\n|-damage|p1a: Ursaluna|132/308 tox\n|-unboost|p1a: Ursaluna|def|1\n|\n|-heal|p1a: Ursaluna|151/308 tox|[from] item: Leftovers\n|-damage|p1a: Ursaluna|132/308 tox|[from] psn\n|upkeep\n|turn|36\n|\n|t:|1781462279\n|move|p2a: Tauros|Bulk Up|p2a: Tauros\n|-boost|p2a: Tauros|atk|1\n|-boost|p2a: Tauros|def|1\n|move|p1a: Ursaluna|Moonlight|p1a: Ursaluna\n|-heal|p1a: Ursaluna|286/308 tox\n|\n|-heal|p1a: Ursaluna|305/308 tox|[from] item: Leftovers\n|-damage|p1a: Ursaluna|267/308 tox|[from] psn\n|upkeep\n|turn|37\n|\n|t:|1781462287\n|move|p2a: Tauros|Liquidation|p1a: Ursaluna\n|-damage|p1a: Ursaluna|95/308 tox\n|move|p1a: Ursaluna|Earth Power|p2a: Tauros\n|-end|p2a: Tauros|Substitute\n|\n|-heal|p1a: Ursaluna|114/308 tox|[from] item: Leftovers\n|-damage|p1a: Ursaluna|57/308 tox|[from] psn\n|upkeep\n|turn|38\n|\n|t:|1781462291\n|move|p2a: Tauros|Liquidation|p1a: Ursaluna\n|-damage|p1a: Ursaluna|0 fnt\n|faint|p1a: Ursaluna\n|\n|upkeep\n|-message|ftaochaphet forfeited.\n|\n|win|grabschaender\n", "uploadtime": 1781461672, "views": 6, "formatid": "gen9randombattle", "rating": null, "private": 0, "password": null}