{"id": "gen9randombattle-2631395351", "format": "[Gen 9] Random Battle", "players": ["dotaddict123", "Micael Lopes"], "log": "|j|\u2606dotaddict123\n|j|\u2606Micael Lopes\n|t:|1781379556\n|gametype|singles\n|player|p1|dotaddict123|2|1586\n|player|p2|Micael Lopes|benga|1584\n|gen|9\n|tier|[Gen 9] Random Battle\n|rated|\n|rule|Species Clause: Limit one of each Pok\u00e9mon\n|rule|HP Percentage Mod: HP is shown in percentages\n|rule|Sleep Clause Mod: Limit one foe put to sleep\n|rule|Illusion Level Mod: Illusion disguises the Pok\u00e9mon's true level\n|\n|t:|1781379556\n|teamsize|p1|6\n|teamsize|p2|6\n|start\n|switch|p1a: Typhlosion|Typhlosion, L84, M|267/267\n|switch|p2a: Orthworm|Orthworm, L88, M|266/266\n|turn|1\n|inactive|Battle timer is ON: inactive players will automatically lose when time's up. (requested by Micael Lopes)\n|\n|t:|1781379576\n|-terastallize|p2a: Orthworm|Electric\n|move|p1a: Typhlosion|Eruption|p2a: Orthworm\n|-damage|p2a: Orthworm|29/266\n|move|p2a: Orthworm|Body Press|p1a: Typhlosion\n|-damage|p1a: Typhlosion|176/267\n|\n|upkeep\n|turn|2\n|\n|t:|1781379584\n|move|p1a: Typhlosion|Eruption|p2a: Orthworm\n|-damage|p2a: Orthworm|0 fnt\n|faint|p2a: Orthworm\n|\n|upkeep\n|\n|t:|1781379588\n|switch|p2a: Lunala|Lunala, L70|308/308\n|turn|3\n|\n|t:|1781379614\n|move|p1a: Typhlosion|Eruption|p2a: Lunala\n|-damage|p2a: Lunala|254/308\n|move|p2a: Lunala|Psyshock|p1a: Typhlosion\n|-damage|p1a: Typhlosion|80/267\n|\n|-heal|p2a: Lunala|273/308|[from] item: Leftovers\n|upkeep\n|turn|4\n|\n|t:|1781379620\n|switch|p2a: Baxcalibur|Baxcalibur, L75, F|296/296\n|move|p1a: Typhlosion|Eruption|p2a: Baxcalibur\n|-damage|p2a: Baxcalibur|217/296\n|-ability|p2a: Baxcalibur|Thermal Exchange|boost\n|-boost|p2a: Baxcalibur|atk|1\n|\n|upkeep\n|turn|5\n|\n|t:|1781379627\n|move|p1a: Typhlosion|Eruption|p2a: Baxcalibur\n|-damage|p2a: Baxcalibur|132/296\n|-ability|p2a: Baxcalibur|Thermal Exchange|boost\n|-boost|p2a: Baxcalibur|atk|1\n|move|p2a: Baxcalibur|Dragon Dance|p2a: Baxcalibur\n|-boost|p2a: Baxcalibur|atk|1\n|-boost|p2a: Baxcalibur|spe|1\n|\n|upkeep\n|turn|6\n|\n|t:|1781379640\n|move|p1a: Typhlosion|Eruption|p2a: Baxcalibur\n|-damage|p2a: Baxcalibur|48/296\n|-ability|p2a: Baxcalibur|Thermal Exchange|boost\n|-boost|p2a: Baxcalibur|atk|1\n|move|p2a: Baxcalibur|Dragon Dance|p2a: Baxcalibur\n|-boost|p2a: Baxcalibur|atk|1\n|-boost|p2a: Baxcalibur|spe|1\n|\n|upkeep\n|turn|7\n|\n|t:|1781379648\n|move|p2a: Baxcalibur|Earthquake|p1a: Typhlosion\n|-supereffective|p1a: Typhlosion\n|-damage|p1a: Typhlosion|0 fnt\n|faint|p1a: Typhlosion\n|\n|upkeep\n|\n|t:|1781379658\n|switch|p1a: Houndstone|Houndstone, L86, M|264/264\n|turn|8\n|\n|t:|1781379664\n|move|p1a: Houndstone|Shadow Sneak|p2a: Baxcalibur\n|-damage|p2a: Baxcalibur|0 fnt\n|faint|p2a: Baxcalibur\n|\n|upkeep\n|\n|t:|1781379666\n|switch|p2a: Weavile|Weavile, L79, F|240/240\n|turn|9\n|\n|t:|1781379673\n|-terastallize|p1a: Houndstone|Fighting\n|move|p2a: Weavile|Swords Dance|p2a: Weavile\n|-boost|p2a: Weavile|atk|2\n|move|p1a: Houndstone|Body Press|p2a: Weavile\n|-supereffective|p2a: Weavile\n|-damage|p2a: Weavile|0 fnt\n|faint|p2a: Weavile\n|\n|upkeep\n|\n|t:|1781379698\n|switch|p2a: Groudon|Groudon, L72|263/263\n|-weather|SunnyDay|[from] ability: Drought|[of] p2a: Groudon\n|turn|10\n|\n|t:|1781379702\n|move|p2a: Groudon|Thunder Wave|p1a: Houndstone\n|-status|p1a: Houndstone|par\n|cant|p1a: Houndstone|par\n|\n|-weather|SunnyDay|[upkeep]\n|upkeep\n|turn|11\n|\n|t:|1781379716\n|move|p2a: Groudon|Heat Crash|p1a: Houndstone\n|-damage|p1a: Houndstone|145/264 par\n|move|p1a: Houndstone|Will-O-Wisp|p2a: Groudon\n|-status|p2a: Groudon|brn\n|\n|-weather|SunnyDay|[upkeep]\n|-heal|p1a: Houndstone|161/264 par|[from] item: Leftovers\n|-damage|p2a: Groudon|247/263 brn|[from] brn\n|upkeep\n|turn|12\n|\n|t:|1781379723\n|move|p2a: Groudon|Swords Dance|p2a: Groudon\n|-boost|p2a: Groudon|atk|2\n|move|p1a: Houndstone|Poltergeist|p2a: Groudon\n|-activate|p2a: Groudon|move: Poltergeist|Leftovers\n|-damage|p2a: Groudon|145/263 brn\n|\n|-weather|SunnyDay|[upkeep]\n|-heal|p2a: Groudon|161/263 brn|[from] item: Leftovers\n|-heal|p1a: Houndstone|177/264 par|[from] item: Leftovers\n|-damage|p2a: Groudon|145/263 brn|[from] brn\n|upkeep\n|turn|13\n|\n|t:|1781379733\n|move|p1a: Houndstone|Shadow Sneak|p2a: Groudon\n|-damage|p2a: Groudon|106/263 brn\n|move|p2a: Groudon|Heat Crash|p1a: Houndstone\n|-damage|p1a: Houndstone|51/264 par\n|\n|-weather|SunnyDay|[upkeep]\n|-heal|p2a: Groudon|122/263 brn|[from] item: Leftovers\n|-heal|p1a: Houndstone|67/264 par|[from] item: Leftovers\n|-damage|p2a: Groudon|106/263 brn|[from] brn\n|upkeep\n|turn|14\n|\n|t:|1781379743\n|cant|p1a: Houndstone|par\n|move|p2a: Groudon|Heat Crash|p1a: Houndstone\n|-damage|p1a: Houndstone|0 fnt\n|faint|p1a: Houndstone\n|\n|-weather|none\n|-heal|p2a: Groudon|122/263 brn|[from] item: Leftovers\n|-damage|p2a: Groudon|106/263 brn|[from] brn\n|upkeep\n|\n|t:|1781379755\n|switch|p1a: Lilligant|Lilligant, L86, F|261/261\n|turn|15\n|\n|t:|1781379763\n|move|p1a: Lilligant|Petal Dance|p2a: Groudon\n|-supereffective|p2a: Groudon\n|-crit|p2a: Groudon\n|-damage|p2a: Groudon|0 fnt\n|faint|p2a: Groudon\n|-damage|p1a: Lilligant|235/261|[from] item: Life Orb\n|\n|upkeep\n|\n|t:|1781379766\n|switch|p2a: Sceptile|Sceptile, L87, M|264/264\n|turn|16\n|\n|t:|1781379769\n|move|p2a: Sceptile|Rock Slide|p1a: Lilligant\n|-damage|p1a: Lilligant|160/261\n|-damage|p2a: Sceptile|238/264|[from] item: Life Orb\n|cant|p1a: Lilligant|flinch\n|\n|upkeep\n|turn|17\n|\n|t:|1781379778\n|move|p2a: Sceptile|Rock Slide|p1a: Lilligant\n|-damage|p1a: Lilligant|85/261\n|-damage|p2a: Sceptile|212/264|[from] item: Life Orb\n|cant|p1a: Lilligant|flinch\n|\n|upkeep\n|turn|18\n|\n|t:|1781379785\n|move|p2a: Sceptile|Rock Slide|p1a: Lilligant\n|-damage|p1a: Lilligant|16/261\n|-damage|p2a: Sceptile|186/264|[from] item: Life Orb\n|cant|p1a: Lilligant|flinch\n|\n|upkeep\n|turn|19\n|\n|t:|1781379796\n|move|p2a: Sceptile|Earthquake|p1a: Lilligant\n|-resisted|p1a: Lilligant\n|-damage|p1a: Lilligant|0 fnt\n|faint|p1a: Lilligant\n|-damage|p2a: Sceptile|160/264|[from] item: Life Orb\n|\n|upkeep\n|\n|t:|1781379803\n|switch|p1a: Kyurem|Kyurem-White, L73|303/303\n|-ability|p1a: Kyurem|Turboblaze\n|turn|20\n|\n|t:|1781379813\n|move|p1a: Kyurem|Fusion Flare|p2a: Sceptile\n|-supereffective|p2a: Sceptile\n|-damage|p2a: Sceptile|0 fnt\n|faint|p2a: Sceptile\n|\n|upkeep\n|\n|t:|1781379822\n|switch|p2a: Lunala|Lunala, L70|273/308\n|turn|21\n|\n|t:|1781379827\n|move|p1a: Kyurem|Fusion Flare|p2a: Lunala\n|-damage|p2a: Lunala|177/308\n|move|p2a: Lunala|Calm Mind|p2a: Lunala\n|-boost|p2a: Lunala|spa|1\n|-boost|p2a: Lunala|spd|1\n|\n|-heal|p2a: Lunala|196/308|[from] item: Leftovers\n|upkeep\n|turn|22\n|\n|t:|1781379838\n|move|p1a: Kyurem|Fusion Flare|p2a: Lunala\n|-damage|p2a: Lunala|139/308\n|move|p2a: Lunala|Moonlight|p2a: Lunala\n|-heal|p2a: Lunala|293/308\n|\n|-heal|p2a: Lunala|308/308|[from] item: Leftovers\n|upkeep\n|turn|23\n|\n|t:|1781379848\n|switch|p1a: Venomoth|Venomoth, L84, M|255/255\n|move|p2a: Lunala|Calm Mind|p2a: Lunala\n|-boost|p2a: Lunala|spa|1\n|-boost|p2a: Lunala|spd|1\n|\n|upkeep\n|turn|24\n|\n|t:|1781379852\n|move|p1a: Venomoth|Sleep Powder|p2a: Lunala|[miss]\n|-miss|p1a: Venomoth|p2a: Lunala\n|move|p2a: Lunala|Psyshock|p1a: Venomoth\n|-supereffective|p1a: Venomoth\n|-damage|p1a: Venomoth|0 fnt\n|faint|p1a: Venomoth\n|\n|upkeep\n|\n|t:|1781379856\n|switch|p1a: Medicham|Medicham, L86, M|243/243\n|turn|25\n|\n|t:|1781379867\n|move|p1a: Medicham|Ice Punch|p2a: Lunala\n|-damage|p2a: Lunala|242/308\n|move|p2a: Lunala|Moongeist Beam|p1a: Medicham\n|-supereffective|p1a: Medicham\n|-damage|p1a: Medicham|0 fnt\n|faint|p1a: Medicham\n|\n|-heal|p2a: Lunala|261/308|[from] item: Leftovers\n|upkeep\n|\n|t:|1781379871\n|switch|p1a: Kyurem|Kyurem-White, L73|303/303\n|-ability|p1a: Kyurem|Turboblaze\n|turn|26\n|\n|t:|1781379882\n|move|p1a: Kyurem|Freeze-Dry|p2a: Lunala\n|-damage|p2a: Lunala|215/308\n|move|p2a: Lunala|Moonlight|p2a: Lunala\n|-heal|p2a: Lunala|308/308\n|\n|upkeep\n|turn|27\n|\n|t:|1781379889\n|move|p1a: Kyurem|Freeze-Dry|p2a: Lunala\n|-damage|p2a: Lunala|285/308\n|move|p2a: Lunala|Moongeist Beam|p1a: Kyurem\n|-damage|p1a: Kyurem|101/303\n|\n|-heal|p2a: Lunala|304/308|[from] item: Leftovers\n|upkeep\n|turn|28\n|\n|t:|1781379900\n|move|p1a: Kyurem|Freeze-Dry|p2a: Lunala\n|-damage|p2a: Lunala|261/308\n|move|p2a: Lunala|Moongeist Beam|p1a: Kyurem\n|-damage|p1a: Kyurem|0 fnt\n|faint|p1a: Kyurem\n|\n|win|Micael Lopes\n|raw|dotaddict123's rating: 1586 &rarr; <strong>1565</strong><br />(-21 for losing)\n|raw|Micael Lopes's rating: 1565 &rarr; <strong>1586</strong><br />(+21 for winning)\n|c|\u2606Micael Lopes|**__Sexy game.__**\n|l|\u2606dotaddict123\n|player|p1|\n", "uploadtime": 1781379971, "views": 6, "formatid": "gen9randombattle", "rating": 1565, "private": 0, "password": null}