{"id": "gen9randombattle-2631512210", "format": "[Gen 9] Random Battle", "players": ["Colddeckj", "Astrokid11"], "log": "|j|\u2606Colddeckj\n|j|\u2606Astrokid11\n|t:|1781394654\n|gametype|singles\n|player|p1|Colddeckj|wattson|2029\n|player|p2|Astrokid11|102|1962\n|gen|9\n|tier|[Gen 9] Random Battle\n|rated|\n|rule|Species Clause: Limit one of each Pok\u00e9mon\n|rule|HP Percentage Mod: HP is shown in percentages\n|rule|Sleep Clause Mod: Limit one foe put to sleep\n|rule|Illusion Level Mod: Illusion disguises the Pok\u00e9mon's true level\n|\n|t:|1781394654\n|teamsize|p1|6\n|teamsize|p2|6\n|start\n|switch|p1a: Gyarados|Gyarados, L79, M|280/280\n|switch|p2a: Pawmot|Pawmot, L80, F|243/243\n|-ability|p1a: Gyarados|Intimidate|boost\n|-unboost|p2a: Pawmot|atk|1\n|turn|1\n|inactive|Battle timer is ON: inactive players will automatically lose when time's up. (requested by Colddeckj)\n|\n|t:|1781394666\n|switch|p1a: Muk|Muk-Alola, L82, F|306/306\n|move|p2a: Pawmot|Double Shock|p1a: Muk\n|-damage|p1a: Muk|177/306\n|-start|p2a: Pawmot|typechange|???/Fighting|[from] move: Double Shock\n|-damage|p2a: Pawmot|219/243|[from] item: Life Orb\n|\n|upkeep\n|turn|2\n|\n|t:|1781394675\n|switch|p2a: Perrserker|Perrserker, L89, F|269/269\n|move|p1a: Muk|Drain Punch|p2a: Perrserker\n|-supereffective|p2a: Perrserker\n|-damage|p2a: Perrserker|171/269\n|-heal|p1a: Muk|226/306|[from] drain|[of] p2a: Perrserker\n|\n|upkeep\n|turn|3\n|\n|t:|1781394683\n|switch|p1a: Hitmontop|Hitmontop, L88, M|231/231\n|-ability|p1a: Hitmontop|Intimidate|boost\n|-unboost|p2a: Perrserker|atk|1\n|move|p2a: Perrserker|Stealth Rock|p1a: Hitmontop\n|-sidestart|p1: Colddeckj|move: Stealth Rock\n|\n|upkeep\n|turn|4\n|\n|t:|1781394690\n|switch|p2a: Bruxish|Bruxish, L85, F|254/254\n|move|p1a: Hitmontop|Rapid Spin|p2a: Bruxish\n|-damage|p2a: Bruxish|213/254\n|-boost|p1a: Hitmontop|spe|1\n|-sideend|p1: Colddeckj|Stealth Rock|[from] move: Rapid Spin|[of] p1a: Hitmontop\n|\n|upkeep\n|turn|5\n|\n|t:|1781394705\n|move|p2a: Bruxish|Psychic Fangs|p1a: Hitmontop\n|-supereffective|p1a: Hitmontop\n|-damage|p1a: Hitmontop|0 fnt\n|faint|p1a: Hitmontop\n|\n|upkeep\n|\n|t:|1781394712\n|switch|p1a: Deoxys|Deoxys-Defense, L84|221/221\n|-ability|p1a: Deoxys|Pressure\n|turn|6\n|\n|t:|1781394718\n|switch|p2a: Perrserker|Perrserker, L89, F|171/269\n|move|p1a: Deoxys|Night Shade|p2a: Perrserker\n|-damage|p2a: Perrserker|87/269\n|\n|upkeep\n|turn|7\n|\n|t:|1781394727\n|move|p1a: Deoxys|Night Shade|p2a: Perrserker\n|-damage|p2a: Perrserker|3/269\n|move|p2a: Perrserker|Stealth Rock|p1a: Deoxys\n|-sidestart|p1: Colddeckj|move: Stealth Rock\n|\n|upkeep\n|turn|8\n|\n|t:|1781394734\n|move|p1a: Deoxys|Night Shade|p2a: Perrserker\n|-damage|p2a: Perrserker|0 fnt\n|faint|p2a: Perrserker\n|\n|upkeep\n|\n|t:|1781394747\n|switch|p2a: Bruxish|Bruxish, L85, F|213/254\n|turn|9\n|\n|t:|1781394754\n|switch|p1a: Muk|Muk-Alola, L82, F|226/306\n|-damage|p1a: Muk|188/306|[from] Stealth Rock\n|move|p2a: Bruxish|Crunch|p1a: Muk\n|-resisted|p1a: Muk\n|-damage|p1a: Muk|130/306\n|\n|upkeep\n|turn|10\n|inactive|Astrokid11 has 120 seconds left.\n|\n|t:|1781394794\n|switch|p2a: Golem|Golem, L87, F|281/281\n|move|p1a: Muk|Gunk Shot|p2a: Golem\n|-resisted|p2a: Golem\n|-damage|p2a: Golem|259/281\n|-status|p2a: Golem|psn\n|\n|-damage|p2a: Golem|224/281 psn|[from] psn\n|upkeep\n|turn|11\n|\n|t:|1781394812\n|move|p1a: Muk|Drain Punch|p2a: Golem\n|-supereffective|p2a: Golem\n|-damage|p2a: Golem|152/281 psn\n|-heal|p1a: Muk|166/306|[from] drain|[of] p2a: Golem\n|-enditem|p2a: Golem|Weakness Policy\n|-boost|p2a: Golem|atk|2|[from] item: Weakness Policy\n|-boost|p2a: Golem|spa|2|[from] item: Weakness Policy\n|move|p2a: Golem|Earthquake|p1a: Muk\n|-supereffective|p1a: Muk\n|-damage|p1a: Muk|0 fnt\n|faint|p1a: Muk\n|\n|-damage|p2a: Golem|117/281 psn|[from] psn\n|upkeep\n|\n|t:|1781394821\n|switch|p1a: Gyarados|Gyarados, L79, M|280/280\n|-ability|p1a: Gyarados|Intimidate|boost\n|-unboost|p2a: Golem|atk|1\n|turn|12\n|inactive|Astrokid11 has 120 seconds left.\n|\n|t:|1781394839\n|move|p1a: Gyarados|Waterfall|p2a: Golem\n|-supereffective|p2a: Golem\n|-damage|p2a: Golem|0 fnt\n|faint|p2a: Golem\n|\n|upkeep\n|\n|t:|1781394844\n|switch|p2a: Pawmot|Pawmot, L80, F|219/243\n|turn|13\n|\n|t:|1781394848\n|switch|p1a: Deoxys|Deoxys-Defense, L84|221/221\n|-damage|p1a: Deoxys|194/221|[from] Stealth Rock\n|-ability|p1a: Deoxys|Pressure\n|move|p2a: Pawmot|Double Shock|p1a: Deoxys\n|-damage|p1a: Deoxys|93/221\n|-start|p2a: Pawmot|typechange|???/Fighting|[from] move: Double Shock\n|-damage|p2a: Pawmot|195/243|[from] item: Life Orb\n|\n|-heal|p1a: Deoxys|106/221|[from] item: Leftovers\n|upkeep\n|turn|14\n|\n|t:|1781394855\n|switch|p2a: Tropius|Tropius, L91, M|328/328\n|move|p1a: Deoxys|Recover|p1a: Deoxys\n|-heal|p1a: Deoxys|217/221\n|\n|-heal|p1a: Deoxys|221/221|[from] item: Leftovers\n|upkeep\n|turn|15\n|\n|t:|1781394867\n|move|p1a: Deoxys|Cosmic Power|p1a: Deoxys\n|-boost|p1a: Deoxys|def|1\n|-boost|p1a: Deoxys|spd|1\n|move|p2a: Tropius|Leech Seed|p1a: Deoxys\n|-start|p1a: Deoxys|move: Leech Seed\n|\n|-damage|p1a: Deoxys|194/221|[from] Leech Seed|[of] p2a: Tropius\n|upkeep\n|turn|16\n|\n|t:|1781394875\n|switch|p1a: Gyarados|Gyarados, L79, M|280/280\n|-ability|p1a: Gyarados|Intimidate|boost\n|-unboost|p2a: Tropius|atk|1\n|move|p2a: Tropius|Substitute|p2a: Tropius\n|-start|p2a: Tropius|Substitute\n|-damage|p2a: Tropius|246/328\n|\n|upkeep\n|turn|17\n|\n|t:|1781394884\n|switch|p1a: Passimian|Passimian, L83, F|302/302\n|-damage|p1a: Passimian|284/302|[from] Stealth Rock\n|move|p2a: Tropius|Leech Seed|p1a: Passimian\n|-start|p1a: Passimian|move: Leech Seed\n|\n|-damage|p1a: Passimian|247/302|[from] Leech Seed|[of] p2a: Tropius\n|-heal|p2a: Tropius|283/328|[silent]\n|upkeep\n|turn|18\n|\n|t:|1781394893\n|switch|p1a: Deoxys|Deoxys-Defense, L84|194/221\n|-damage|p1a: Deoxys|167/221|[from] Stealth Rock\n|-ability|p1a: Deoxys|Pressure\n|move|p2a: Tropius|Protect||[still]\n|-fail|p2a: Tropius\n|\n|-heal|p1a: Deoxys|180/221|[from] item: Leftovers\n|upkeep\n|turn|19\n|\n|t:|1781394904\n|move|p1a: Deoxys|Night Shade|p2a: Tropius\n|-end|p2a: Tropius|Substitute\n|move|p2a: Tropius|Leech Seed|p1a: Deoxys|[miss]\n|-miss|p2a: Tropius|p1a: Deoxys\n|\n|-heal|p1a: Deoxys|193/221|[from] item: Leftovers\n|upkeep\n|turn|20\n|\n|t:|1781394912\n|switch|p1a: Passimian|Passimian, L83, F|247/302\n|-damage|p1a: Passimian|229/302|[from] Stealth Rock\n|move|p2a: Tropius|Substitute|p2a: Tropius\n|-start|p2a: Tropius|Substitute\n|-damage|p2a: Tropius|201/328\n|\n|upkeep\n|turn|21\n|\n|t:|1781394919\n|move|p1a: Passimian|Knock Off|p2a: Tropius\n|-activate|p2a: Tropius|move: Substitute|[damage]\n|move|p2a: Tropius|Leech Seed|p1a: Passimian\n|-start|p1a: Passimian|move: Leech Seed\n|\n|-damage|p1a: Passimian|192/302|[from] Leech Seed|[of] p2a: Tropius\n|-heal|p2a: Tropius|238/328|[silent]\n|upkeep\n|turn|22\n|\n|t:|1781394927\n|switch|p1a: Deoxys|Deoxys-Defense, L84|193/221\n|-damage|p1a: Deoxys|166/221|[from] Stealth Rock\n|-ability|p1a: Deoxys|Pressure\n|move|p2a: Tropius|Leech Seed|p1a: Deoxys\n|-start|p1a: Deoxys|move: Leech Seed\n|\n|-heal|p1a: Deoxys|179/221|[from] item: Leftovers\n|-damage|p1a: Deoxys|152/221|[from] Leech Seed|[of] p2a: Tropius\n|-heal|p2a: Tropius|265/328|[silent]\n|upkeep\n|turn|23\n|\n|t:|1781394937\n|move|p2a: Tropius|Protect|p2a: Tropius\n|-singleturn|p2a: Tropius|Protect\n|move|p1a: Deoxys|Recover|p1a: Deoxys\n|-heal|p1a: Deoxys|221/221\n|\n|-damage|p1a: Deoxys|194/221|[from] Leech Seed|[of] p2a: Tropius\n|-heal|p2a: Tropius|292/328|[silent]\n|upkeep\n|turn|24\n|\n|t:|1781394942\n|move|p1a: Deoxys|Night Shade|p2a: Tropius\n|-end|p2a: Tropius|Substitute\n|move|p2a: Tropius|Substitute|p2a: Tropius\n|-start|p2a: Tropius|Substitute\n|-damage|p2a: Tropius|210/328\n|\n|-heal|p1a: Deoxys|207/221|[from] item: Leftovers\n|-damage|p1a: Deoxys|180/221|[from] Leech Seed|[of] p2a: Tropius\n|-heal|p2a: Tropius|237/328|[silent]\n|upkeep\n|turn|25\n|\n|t:|1781394948\n|move|p1a: Deoxys|Night Shade|p2a: Tropius\n|-end|p2a: Tropius|Substitute\n|move|p2a: Tropius|Air Slash|p1a: Deoxys\n|-damage|p1a: Deoxys|131/221\n|\n|-heal|p1a: Deoxys|144/221|[from] item: Leftovers\n|-damage|p1a: Deoxys|117/221|[from] Leech Seed|[of] p2a: Tropius\n|-heal|p2a: Tropius|264/328|[silent]\n|upkeep\n|turn|26\n|\n|t:|1781394953\n|move|p1a: Deoxys|Recover|p1a: Deoxys\n|-heal|p1a: Deoxys|221/221\n|move|p2a: Tropius|Air Slash|p1a: Deoxys\n|-damage|p1a: Deoxys|172/221\n|\n|-heal|p1a: Deoxys|185/221|[from] item: Leftovers\n|-damage|p1a: Deoxys|158/221|[from] Leech Seed|[of] p2a: Tropius\n|-heal|p2a: Tropius|291/328|[silent]\n|upkeep\n|turn|27\n|\n|t:|1781394956\n|move|p1a: Deoxys|Night Shade|p2a: Tropius\n|-damage|p2a: Tropius|207/328\n|move|p2a: Tropius|Air Slash|p1a: Deoxys\n|-damage|p1a: Deoxys|110/221\n|\n|-heal|p1a: Deoxys|123/221|[from] item: Leftovers\n|-damage|p1a: Deoxys|96/221|[from] Leech Seed|[of] p2a: Tropius\n|-heal|p2a: Tropius|234/328|[silent]\n|upkeep\n|turn|28\n|\n|t:|1781394959\n|move|p1a: Deoxys|Recover|p1a: Deoxys\n|-heal|p1a: Deoxys|207/221\n|move|p2a: Tropius|Substitute|p2a: Tropius\n|-start|p2a: Tropius|Substitute\n|-damage|p2a: Tropius|152/328\n|-enditem|p2a: Tropius|Sitrus Berry|[eat]\n|-heal|p2a: Tropius|234/328|[from] item: Sitrus Berry\n|\n|-heal|p1a: Deoxys|220/221|[from] item: Leftovers\n|-damage|p1a: Deoxys|193/221|[from] Leech Seed|[of] p2a: Tropius\n|-heal|p2a: Tropius|261/328|[silent]\n|upkeep\n|turn|29\n|\n|t:|1781394966\n|move|p1a: Deoxys|Night Shade|p2a: Tropius\n|-end|p2a: Tropius|Substitute\n|move|p2a: Tropius|Air Slash|p1a: Deoxys\n|-damage|p1a: Deoxys|144/221\n|\n|-heal|p1a: Deoxys|157/221|[from] item: Leftovers\n|-damage|p1a: Deoxys|130/221|[from] Leech Seed|[of] p2a: Tropius\n|-heal|p2a: Tropius|288/328|[silent]\n|upkeep\n|turn|30\n|\n|t:|1781394970\n|move|p1a: Deoxys|Recover|p1a: Deoxys\n|-heal|p1a: Deoxys|221/221\n|move|p2a: Tropius|Air Slash|p1a: Deoxys\n|-damage|p1a: Deoxys|179/221\n|\n|-heal|p1a: Deoxys|192/221|[from] item: Leftovers\n|-damage|p1a: Deoxys|165/221|[from] Leech Seed|[of] p2a: Tropius\n|-heal|p2a: Tropius|315/328|[silent]\n|upkeep\n|turn|31\n|\n|t:|1781394976\n|switch|p1a: Calyrex|Calyrex-Ice, L72|263/263\n|-ability|p1a: Calyrex|As One\n|-ability|p1a: Calyrex|Unnerve\n|move|p2a: Tropius|Air Slash|p1a: Calyrex|[miss]\n|-miss|p2a: Tropius|p1a: Calyrex\n|\n|-item|p2a: Tropius|Sitrus Berry|[from] ability: Harvest\n|upkeep\n|turn|32\n|\n|t:|1781394984\n|switch|p2a: Bruxish|Bruxish, L85, F|213/254\n|move|p1a: Calyrex|Trick Room|p1a: Calyrex\n|-fieldstart|move: Trick Room|[of] p1a: Calyrex\n|\n|upkeep\n|turn|33\n|\n|t:|1781394994\n|-terastallize|p1a: Calyrex|Ground\n|move|p1a: Calyrex|High Horsepower|p2a: Bruxish\n|-damage|p2a: Bruxish|83/254\n|move|p2a: Bruxish|Crunch|p1a: Calyrex\n|-damage|p1a: Calyrex|197/263\n|\n|upkeep\n|turn|34\n|\n|t:|1781395002\n|switch|p2a: Tropius|Tropius, L91, M|315/328\n|move|p1a: Calyrex|Glacial Lance|p2a: Tropius\n|-supereffective|p2a: Tropius\n|-damage|p2a: Tropius|0 fnt\n|faint|p2a: Tropius\n|-ability|p1a: Calyrex|Chilling Neigh|boost\n|-boost|p1a: Calyrex|atk|1\n|\n|upkeep\n|\n|t:|1781395006\n|switch|p2a: Reuniclus|Reuniclus, L88, F|337/337\n|turn|35\n|\n|t:|1781395011\n|move|p1a: Calyrex|Glacial Lance|p2a: Reuniclus\n|-damage|p2a: Reuniclus|124/337\n|move|p2a: Reuniclus|Psyshock|p1a: Calyrex\n|-damage|p1a: Calyrex|90/263\n|\n|upkeep\n|turn|36\n|\n|t:|1781395019\n|move|p1a: Calyrex|Glacial Lance|p2a: Reuniclus\n|-damage|p2a: Reuniclus|0 fnt\n|faint|p2a: Reuniclus\n|-ability|p1a: Calyrex|Chilling Neigh|boost\n|-boost|p1a: Calyrex|atk|1\n|\n|-fieldend|move: Trick Room\n|upkeep\n|\n|t:|1781395021\n|switch|p2a: Bruxish|Bruxish, L85, F|83/254\n|turn|37\n|\n|t:|1781395029\n|move|p2a: Bruxish|Wave Crash|p1a: Calyrex\n|-supereffective|p1a: Calyrex\n|-damage|p1a: Calyrex|0 fnt\n|faint|p1a: Calyrex\n|-damage|p2a: Bruxish|53/254|[from] Recoil\n|\n|upkeep\n|\n|t:|1781395032\n|switch|p1a: Gyarados|Gyarados, L79, M|280/280\n|-ability|p1a: Gyarados|Intimidate|boost\n|-unboost|p2a: Bruxish|atk|1\n|turn|38\n|\n|t:|1781395035\n|switch|p2a: Pawmot|Pawmot, L80, F|195/243\n|move|p1a: Gyarados|Dragon Dance|p1a: Gyarados\n|-boost|p1a: Gyarados|atk|1\n|-boost|p1a: Gyarados|spe|1\n|\n|upkeep\n|turn|39\n|\n|t:|1781395046\n|move|p1a: Gyarados|Waterfall|p2a: Pawmot\n|-damage|p2a: Pawmot|15/243\n|move|p2a: Pawmot|Double Shock|p1a: Gyarados\n|-supereffective|p1a: Gyarados\n|-damage|p1a: Gyarados|0 fnt\n|-start|p2a: Pawmot|typechange|???/Fighting|[from] move: Double Shock\n|faint|p1a: Gyarados\n|-damage|p2a: Pawmot|0 fnt|[from] item: Life Orb\n|faint|p2a: Pawmot\n|\n|upkeep\n|\n|t:|1781395054\n|switch|p2a: Bruxish|Bruxish, L85, F|53/254\n|switch|p1a: Deoxys|Deoxys-Defense, L84|165/221\n|-damage|p1a: Deoxys|138/221|[from] Stealth Rock\n|-ability|p1a: Deoxys|Pressure\n|turn|40\n|\n|t:|1781395063\n|-terastallize|p2a: Bruxish|Dark\n|move|p2a: Bruxish|Crunch|p1a: Deoxys\n|-supereffective|p1a: Deoxys\n|-damage|p1a: Deoxys|0 fnt\n|faint|p1a: Deoxys\n|\n|upkeep\n|\n|t:|1781395068\n|switch|p1a: Passimian|Passimian, L83, F|192/302\n|-damage|p1a: Passimian|174/302|[from] Stealth Rock\n|turn|41\n|\n|t:|1781395072\n|move|p2a: Bruxish|Crunch|p1a: Passimian\n|-resisted|p1a: Passimian\n|-damage|p1a: Passimian|100/302\n|move|p1a: Passimian|Close Combat|p2a: Bruxish\n|-supereffective|p2a: Bruxish\n|-crit|p2a: Bruxish\n|-damage|p2a: Bruxish|0 fnt\n|-unboost|p1a: Passimian|def|1\n|-unboost|p1a: Passimian|spd|1\n|faint|p2a: Bruxish\n|\n|win|Colddeckj\n", "uploadtime": 1781394656, "views": 3, "formatid": "gen9randombattle", "rating": null, "private": 0, "password": null}