{"id": "gen9randombattle-2631941211", "format": "[Gen 9] Random Battle", "players": ["Okidoyuuki", "hello779"], "log": "|j|\u2606Okidoyuuki\n|j|\u2606hello779\n|t:|1781458049\n|gametype|singles\n|player|p1|Okidoyuuki|2|1988\n|player|p2|hello779|170|1984\n|gen|9\n|tier|[Gen 9] Random Battle\n|rated|\n|rule|Species Clause: Limit one of each Pok\u00e9mon\n|rule|HP Percentage Mod: HP is shown in percentages\n|rule|Sleep Clause Mod: Limit one foe put to sleep\n|rule|Illusion Level Mod: Illusion disguises the Pok\u00e9mon's true level\n|\n|t:|1781458049\n|teamsize|p1|6\n|teamsize|p2|6\n|start\n|switch|p1a: Qwilfish|Qwilfish-Hisui, L83, M|244/244\n|switch|p2a: Alomomola|Alomomola, L87, M|429/429\n|-ability|p1a: Qwilfish|Intimidate|boost\n|-unboost|p2a: Alomomola|atk|1\n|turn|1\n|inactive|Battle timer is ON: inactive players will automatically lose when time's up. (requested by hello779)\n|\n|t:|1781458058\n|move|p1a: Qwilfish|Spikes|p2a: Alomomola\n|-sidestart|p2: hello779|Spikes\n|move|p2a: Alomomola|Scald|p1a: Qwilfish\n|-damage|p1a: Qwilfish|202/244\n|\n|upkeep\n|turn|2\n|\n|t:|1781458064\n|move|p1a: Qwilfish|Gunk Shot|p2a: Alomomola\n|-damage|p2a: Alomomola|308/429\n|move|p2a: Alomomola|Scald|p1a: Qwilfish\n|-damage|p1a: Qwilfish|156/244\n|-status|p1a: Qwilfish|brn\n|\n|-damage|p1a: Qwilfish|141/244 brn|[from] brn\n|upkeep\n|turn|3\n|\n|t:|1781458072\n|move|p1a: Qwilfish|Spikes|p2a: Alomomola\n|-sidestart|p2: hello779|Spikes\n|move|p2a: Alomomola|Flip Turn|p1a: Qwilfish\n|-damage|p1a: Qwilfish|114/244 brn\n|\n|t:|1781458074\n|switch|p2a: Corviknight|Corviknight, L80, M|288/288|[from] Flip Turn\n|\n|-damage|p1a: Qwilfish|99/244 brn|[from] brn\n|upkeep\n|turn|4\n|\n|t:|1781458081\n|move|p1a: Qwilfish|Taunt|p2a: Corviknight\n|-start|p2a: Corviknight|move: Taunt\n|move|p2a: Corviknight|Brave Bird|p1a: Qwilfish\n|-damage|p1a: Qwilfish|17/244 brn\n|-damage|p2a: Corviknight|261/288|[from] Recoil\n|\n|-heal|p2a: Corviknight|279/288|[from] item: Leftovers\n|-damage|p1a: Qwilfish|2/244 brn|[from] brn\n|upkeep\n|turn|5\n|\n|t:|1781458091\n|move|p1a: Qwilfish|Spikes|p2a: Corviknight\n|-sidestart|p2: hello779|Spikes\n|move|p2a: Corviknight|U-turn|p1a: Qwilfish\n|-damage|p1a: Qwilfish|0 fnt\n|faint|p1a: Qwilfish\n|\n|t:|1781458093\n|switch|p2a: Alomomola|Alomomola, L87, M|429/429|[from] U-turn\n|\n|upkeep\n|\n|t:|1781458111\n|switch|p1a: Vigoroth|Vigoroth, L85, F|275/275\n|turn|6\n|\n|t:|1781458117\n|move|p1a: Vigoroth|Bulk Up|p1a: Vigoroth\n|-boost|p1a: Vigoroth|atk|1\n|-boost|p1a: Vigoroth|def|1\n|move|p2a: Alomomola|Scald|p1a: Vigoroth\n|-damage|p1a: Vigoroth|226/275\n|\n|upkeep\n|turn|7\n|\n|t:|1781458126\n|move|p1a: Vigoroth|Body Slam|p2a: Alomomola\n|-damage|p2a: Alomomola|309/429\n|-status|p2a: Alomomola|par\n|cant|p2a: Alomomola|par\n|\n|upkeep\n|turn|8\n|c|\u2606hello779|Sheesh\n|c|\u2606hello779|Lol\n|\n|t:|1781458141\n|move|p1a: Vigoroth|Bulk Up|p1a: Vigoroth\n|-boost|p1a: Vigoroth|atk|1\n|-boost|p1a: Vigoroth|def|1\n|move|p2a: Alomomola|Scald|p1a: Vigoroth\n|-damage|p1a: Vigoroth|180/275\n|\n|upkeep\n|turn|9\n|\n|t:|1781458151\n|move|p1a: Vigoroth|Body Slam|p2a: Alomomola\n|-damage|p2a: Alomomola|147/429 par\n|move|p2a: Alomomola|Scald|p1a: Vigoroth\n|-damage|p1a: Vigoroth|135/275\n|-status|p1a: Vigoroth|brn\n|\n|-damage|p1a: Vigoroth|118/275 brn|[from] brn\n|upkeep\n|turn|10\n|\n|t:|1781458159\n|switch|p2a: Corviknight|Corviknight, L80, M|279/288\n|move|p1a: Vigoroth|Slack Off|p1a: Vigoroth\n|-heal|p1a: Vigoroth|256/275 brn\n|\n|-heal|p2a: Corviknight|288/288|[from] item: Leftovers\n|-damage|p1a: Vigoroth|239/275 brn|[from] brn\n|upkeep\n|turn|11\n|\n|t:|1781458167\n|move|p1a: Vigoroth|Bulk Up|p1a: Vigoroth\n|-boost|p1a: Vigoroth|atk|1\n|-boost|p1a: Vigoroth|def|1\n|move|p2a: Corviknight|Defog|p1a: Vigoroth\n|-unboost|p1a: Vigoroth|evasion|1\n|-sideend|p2: hello779|Spikes|[from] move: Defog|[of] p2a: Corviknight\n|\n|-damage|p1a: Vigoroth|222/275 brn|[from] brn\n|upkeep\n|turn|12\n|\n|t:|1781458176\n|move|p1a: Vigoroth|Bulk Up|p1a: Vigoroth\n|-boost|p1a: Vigoroth|atk|1\n|-boost|p1a: Vigoroth|def|1\n|move|p2a: Corviknight|U-turn|p1a: Vigoroth\n|-damage|p1a: Vigoroth|212/275 brn\n|inactive|hello779 has 120 seconds left.\n|inactive|hello779 has 90 seconds left.\n|\n|t:|1781458252\n|switch|p2a: Wo-Chien|Wo-Chien, L83|277/277|[from] U-turn\n|-ability|p2a: Wo-Chien|Tablets of Ruin\n|\n|-damage|p1a: Vigoroth|195/275 brn|[from] brn\n|upkeep\n|turn|13\n|\n|t:|1781458259\n|move|p1a: Vigoroth|Body Slam|p2a: Wo-Chien\n|-crit|p2a: Wo-Chien\n|-damage|p2a: Wo-Chien|159/277\n|-status|p2a: Wo-Chien|par\n|move|p2a: Wo-Chien|Knock Off|p1a: Vigoroth\n|-damage|p1a: Vigoroth|174/275 brn\n|-enditem|p1a: Vigoroth|Eviolite|[from] move: Knock Off|[of] p2a: Wo-Chien\n|\n|-heal|p2a: Wo-Chien|176/277 par|[from] item: Leftovers\n|-damage|p1a: Vigoroth|157/275 brn|[from] brn\n|upkeep\n|turn|14\n|inactive|hello779 has 90 seconds left.\n|\n|t:|1781458269\n|move|p1a: Vigoroth|Body Slam|p2a: Wo-Chien\n|-damage|p2a: Wo-Chien|89/277 par\n|move|p2a: Wo-Chien|Leech Seed|p1a: Vigoroth\n|-start|p1a: Vigoroth|move: Leech Seed\n|\n|-heal|p2a: Wo-Chien|106/277 par|[from] item: Leftovers\n|-damage|p1a: Vigoroth|123/275 brn|[from] Leech Seed|[of] p2a: Wo-Chien\n|-heal|p2a: Wo-Chien|140/277 par|[silent]\n|-damage|p1a: Vigoroth|106/275 brn|[from] brn\n|upkeep\n|turn|15\n|c|\u2606hello779|Sheesh\n|c|\u2606hello779|Rng\n|\n|t:|1781458278\n|move|p1a: Vigoroth|Slack Off|p1a: Vigoroth\n|-heal|p1a: Vigoroth|244/275 brn\n|move|p2a: Wo-Chien|Giga Drain|p1a: Vigoroth\n|-crit|p1a: Vigoroth\n|-damage|p1a: Vigoroth|97/275 brn\n|-heal|p2a: Wo-Chien|214/277 par|[from] drain|[of] p1a: Vigoroth\n|\n|-heal|p2a: Wo-Chien|231/277 par|[from] item: Leftovers\n|-damage|p1a: Vigoroth|63/275 brn|[from] Leech Seed|[of] p2a: Wo-Chien\n|-heal|p2a: Wo-Chien|265/277 par|[silent]\n|-damage|p1a: Vigoroth|46/275 brn|[from] brn\n|upkeep\n|turn|16\n|\n|t:|1781458295\n|move|p1a: Vigoroth|Body Slam|p2a: Wo-Chien\n|-damage|p2a: Wo-Chien|177/277 par\n|cant|p2a: Wo-Chien|par\n|\n|-heal|p2a: Wo-Chien|194/277 par|[from] item: Leftovers\n|-damage|p1a: Vigoroth|12/275 brn|[from] Leech Seed|[of] p2a: Wo-Chien\n|-heal|p2a: Wo-Chien|228/277 par|[silent]\n|-damage|p1a: Vigoroth|0 fnt|[from] brn\n|faint|p1a: Vigoroth\n|upkeep\n|\n|t:|1781458305\n|switch|p1a: Avalugg|Avalugg-Hisui, L90, M|317/317\n|turn|17\n|\n|t:|1781458311\n|cant|p2a: Wo-Chien|par\n|move|p1a: Avalugg|Avalanche|p2a: Wo-Chien\n|-supereffective|p2a: Wo-Chien\n|-damage|p2a: Wo-Chien|102/277 par\n|\n|-heal|p2a: Wo-Chien|119/277 par|[from] item: Leftovers\n|upkeep\n|turn|18\n|\n|t:|1781458318\n|move|p2a: Wo-Chien|Giga Drain|p1a: Avalugg\n|-supereffective|p1a: Avalugg\n|-damage|p1a: Avalugg|71/317\n|-heal|p2a: Wo-Chien|242/277 par|[from] drain|[of] p1a: Avalugg\n|move|p1a: Avalugg|Avalanche|p2a: Wo-Chien\n|-supereffective|p2a: Wo-Chien\n|-damage|p2a: Wo-Chien|0 fnt\n|faint|p2a: Wo-Chien\n|\n|upkeep\n|inactive|hello779 has 90 seconds left.\n|l|\u2606hello779\n|inactive|hello779 disconnected and has a minute to reconnect!\n|player|p2|\n|j|\u2606hello779\n|inactive|hello779 reconnected and has 55 seconds left.\n|player|p2|hello779|170|\n|\n|t:|1781458389\n|switch|p2a: Honchkrow|Honchkrow, L86, F|312/312\n|turn|19\n|\n|t:|1781458401\n|move|p2a: Honchkrow|Heat Wave|p1a: Avalugg\n|-damage|p1a: Avalugg|0 fnt\n|faint|p1a: Avalugg\n|-ability|p2a: Honchkrow|Moxie|boost\n|-boost|p2a: Honchkrow|atk|1\n|\n|upkeep\n|\n|t:|1781458407\n|switch|p1a: Ditto|Ditto, L87|225/225\n|-transform|p1a: Ditto|p2a: Honchkrow|[from] ability: Imposter\n|turn|20\n|\n|t:|1781458413\n|move|p1a: Ditto|Brave Bird|p2a: Honchkrow\n|-damage|p2a: Honchkrow|0 fnt\n|faint|p2a: Honchkrow\n|-ability|p1a: Ditto|Moxie|boost\n|-boost|p1a: Ditto|atk|1\n|-damage|p1a: Ditto|122/225|[from] Recoil\n|\n|upkeep\n|\n|t:|1781458416\n|switch|p2a: Corviknight|Corviknight, L80, M|288/288\n|turn|21\n|\n|t:|1781458430\n|move|p1a: Ditto|Brave Bird|p2a: Corviknight\n|-resisted|p2a: Corviknight\n|-damage|p2a: Corviknight|144/288\n|-damage|p1a: Ditto|74/225|[from] Recoil\n|move|p2a: Corviknight|Brave Bird|p1a: Ditto\n|-damage|p1a: Ditto|0 fnt\n|faint|p1a: Ditto\n|-damage|p2a: Corviknight|120/288|[from] Recoil\n|\n|-heal|p2a: Corviknight|138/288|[from] item: Leftovers\n|upkeep\n|\n|t:|1781458441\n|switch|p1a: Metagross|Metagross, L79|256/256\n|turn|22\n|\n|t:|1781458447\n|move|p1a: Metagross|Psychic Fangs|p2a: Corviknight\n|-resisted|p2a: Corviknight\n|-damage|p2a: Corviknight|91/288\n|move|p2a: Corviknight|U-turn|p1a: Metagross\n|-damage|p1a: Metagross|219/256\n|\n|t:|1781458449\n|switch|p2a: Alomomola|Alomomola, L87, M|290/429 par|[from] U-turn\n|\n|-heal|p1a: Metagross|235/256|[from] item: Leftovers\n|upkeep\n|turn|23\n|\n|t:|1781458460\n|move|p1a: Metagross|Knock Off|p2a: Alomomola\n|-damage|p2a: Alomomola|202/429 par\n|-enditem|p2a: Alomomola|Heavy-Duty Boots|[from] move: Knock Off|[of] p1a: Metagross\n|move|p2a: Alomomola|Scald|p1a: Metagross\n|-damage|p1a: Metagross|181/256\n|\n|-heal|p1a: Metagross|197/256|[from] item: Leftovers\n|upkeep\n|turn|24\n|\n|t:|1781458468\n|move|p1a: Metagross|Psychic Fangs|p2a: Alomomola\n|-damage|p2a: Alomomola|88/429 par\n|move|p2a: Alomomola|Scald|p1a: Metagross\n|-damage|p1a: Metagross|148/256\n|\n|-heal|p1a: Metagross|164/256|[from] item: Leftovers\n|upkeep\n|turn|25\n|\n|t:|1781458478\n|switch|p2a: Corviknight|Corviknight, L80, M|91/288\n|move|p1a: Metagross|Heavy Slam|p2a: Corviknight\n|-resisted|p2a: Corviknight\n|-damage|p2a: Corviknight|25/288\n|\n|-heal|p1a: Metagross|180/256|[from] item: Leftovers\n|-heal|p2a: Corviknight|43/288|[from] item: Leftovers\n|upkeep\n|turn|26\n|\n|t:|1781458487\n|move|p1a: Metagross|Heavy Slam|p2a: Corviknight\n|-resisted|p2a: Corviknight\n|-damage|p2a: Corviknight|0 fnt\n|faint|p2a: Corviknight\n|\n|-heal|p1a: Metagross|196/256|[from] item: Leftovers\n|upkeep\n|\n|t:|1781458490\n|switch|p2a: Alomomola|Alomomola, L87, M|231/429 par\n|turn|27\n|\n|t:|1781458494\n|switch|p1a: Venusaur|Venusaur, L84, M|272/272\n|move|p2a: Alomomola|Wish|p2a: Alomomola\n|\n|upkeep\n|turn|28\n|\n|t:|1781458500\n|switch|p2a: Greedent|Greedent, L86, F|347/347\n|move|p1a: Venusaur|Toxic|p2a: Greedent\n|-status|p2a: Greedent|tox\n|\n|-damage|p2a: Greedent|326/347 tox|[from] psn\n|upkeep\n|turn|29\n|\n|t:|1781458512\n|switch|p1a: Metagross|Metagross, L79|196/256\n|move|p2a: Greedent|Swords Dance|p2a: Greedent\n|-boost|p2a: Greedent|atk|2\n|\n|-heal|p1a: Metagross|212/256|[from] item: Leftovers\n|-damage|p2a: Greedent|284/347 tox|[from] psn\n|upkeep\n|turn|30\n|\n|t:|1781458526\n|-terastallize|p1a: Metagross|Water\n|move|p1a: Metagross|Knock Off|p2a: Greedent\n|-damage|p2a: Greedent|205/347 tox\n|-enditem|p2a: Greedent|Sitrus Berry|[from] move: Knock Off|[of] p1a: Metagross\n|move|p2a: Greedent|Earthquake|p1a: Metagross\n|-damage|p1a: Metagross|93/256\n|\n|-heal|p1a: Metagross|109/256|[from] item: Leftovers\n|-damage|p2a: Greedent|142/347 tox|[from] psn\n|upkeep\n|turn|31\n|\n|t:|1781458541\n|move|p1a: Metagross|Heavy Slam|p2a: Greedent\n|-damage|p2a: Greedent|12/347 tox\n|move|p2a: Greedent|Body Slam|p1a: Metagross\n|-damage|p1a: Metagross|0 fnt\n|faint|p1a: Metagross\n|\n|-damage|p2a: Greedent|0 fnt|[from] psn\n|faint|p2a: Greedent\n|upkeep\n|\n|t:|1781458549\n|switch|p1a: Venusaur|Venusaur, L84, M|272/272\n|switch|p2a: Sandaconda|Sandaconda, L84, F|258/258\n|turn|32\n|\n|t:|1781458555\n|-terastallize|p2a: Sandaconda|Dragon\n|move|p1a: Venusaur|Energy Ball|p2a: Sandaconda\n|-resisted|p2a: Sandaconda\n|-damage|p2a: Sandaconda|202/258\n|move|p2a: Sandaconda|Coil|p2a: Sandaconda\n|-boost|p2a: Sandaconda|atk|1\n|-boost|p2a: Sandaconda|def|1\n|-boost|p2a: Sandaconda|accuracy|1\n|\n|upkeep\n|turn|33\n|\n|t:|1781458569\n|move|p1a: Venusaur|Sludge Bomb|p2a: Sandaconda\n|-damage|p2a: Sandaconda|91/258\n|move|p2a: Sandaconda|Scale Shot|p1a: Venusaur\n|-damage|p1a: Venusaur|227/272\n|-damage|p1a: Venusaur|184/272\n|-damage|p1a: Venusaur|142/272\n|-damage|p1a: Venusaur|96/272\n|-damage|p1a: Venusaur|48/272\n|-hitcount|p1a: Venusaur|5\n|-unboost|p2a: Sandaconda|def|1\n|-boost|p2a: Sandaconda|spe|1\n|\n|-heal|p1a: Venusaur|65/272|[from] item: Leftovers\n|upkeep\n|turn|34\n|\n|t:|1781458583\n|move|p2a: Sandaconda|Earthquake|p1a: Venusaur\n|-damage|p1a: Venusaur|0 fnt\n|faint|p1a: Venusaur\n|\n|win|hello779\n", "uploadtime": 1781458051, "views": 3, "formatid": "gen9randombattle", "rating": null, "private": 0, "password": null}