{"id": "gen9randombattle-2631424133", "format": "[Gen 9] Random Battle", "players": ["Aaroncito0909", "1 MICTLAN 1"], "log": "|j|\u2606Aaroncito0909\n|j|\u26061 MICTLAN 1\n|t:|1781382945\n|gametype|singles\n|player|p1|Aaroncito0909|burglar|1209\n|player|p2|1 MICTLAN 1|giovanni|1271\n|gen|9\n|tier|[Gen 9] Random Battle\n|rated|\n|rule|Species Clause: Limit one of each Pok\u00e9mon\n|rule|HP Percentage Mod: HP is shown in percentages\n|rule|Sleep Clause Mod: Limit one foe put to sleep\n|rule|Illusion Level Mod: Illusion disguises the Pok\u00e9mon's true level\n|\n|t:|1781382945\n|teamsize|p1|6\n|teamsize|p2|6\n|start\n|switch|p1a: Sawsbuck|Sawsbuck, L88, M|284/284\n|switch|p2a: Skarmory|Skarmory, L80, F|235/235\n|turn|1\n|inactive|Battle timer is ON: inactive players will automatically lose when time's up. (requested by 1 MICTLAN 1)\n|\n|t:|1781382962\n|-terastallize|p1a: Sawsbuck|Ground\n|move|p1a: Sawsbuck|Swords Dance|p1a: Sawsbuck\n|-boost|p1a: Sawsbuck|atk|2\n|move|p2a: Skarmory|Stealth Rock|p1a: Sawsbuck\n|-sidestart|p1: Aaroncito0909|move: Stealth Rock\n|\n|upkeep\n|turn|2\n|\n|t:|1781382972\n|move|p1a: Sawsbuck|Double-Edge|p2a: Skarmory\n|-resisted|p2a: Skarmory\n|-damage|p2a: Skarmory|91/235\n|-damage|p1a: Sawsbuck|237/284|[from] item: Rocky Helmet|[of] p2a: Skarmory\n|-damage|p1a: Sawsbuck|189/284|[from] Recoil\n|-damage|p1a: Sawsbuck|161/284|[from] item: Life Orb\n|move|p2a: Skarmory|Spikes|p1a: Sawsbuck\n|-sidestart|p1: Aaroncito0909|Spikes\n|\n|upkeep\n|turn|3\n|\n|t:|1781382983\n|move|p1a: Sawsbuck|Double-Edge|p2a: Skarmory\n|-resisted|p2a: Skarmory\n|-crit|p2a: Skarmory\n|-damage|p2a: Skarmory|0 fnt\n|-damage|p1a: Sawsbuck|114/284|[from] item: Rocky Helmet|[of] p2a: Skarmory\n|faint|p2a: Skarmory\n|-damage|p1a: Sawsbuck|84/284|[from] Recoil\n|-damage|p1a: Sawsbuck|56/284|[from] item: Life Orb\n|\n|upkeep\n|\n|t:|1781382993\n|switch|p2a: Cramorant|Cramorant, L86, M|261/261\n|turn|4\n|\n|t:|1781383001\n|move|p1a: Sawsbuck|Horn Leech|p2a: Cramorant\n|-damage|p2a: Cramorant|0 fnt\n|-heal|p1a: Sawsbuck|187/284|[from] drain|[of] p2a: Cramorant\n|faint|p2a: Cramorant\n|-damage|p1a: Sawsbuck|159/284|[from] item: Life Orb\n|\n|upkeep\n|\n|t:|1781383019\n|switch|p2a: Komala|Komala, L88, M|258/258\n|-ability|p2a: Komala|Comatose\n|turn|5\n|\n|t:|1781383031\n|move|p1a: Sawsbuck|Horn Leech|p2a: Komala\n|-damage|p2a: Komala|0 fnt\n|-heal|p1a: Sawsbuck|284/284|[from] drain|[of] p2a: Komala\n|faint|p2a: Komala\n|-damage|p1a: Sawsbuck|256/284|[from] item: Life Orb\n|\n|upkeep\n|\n|t:|1781383036\n|switch|p2a: Skeledirge|Skeledirge, L79, F|294/294\n|turn|6\n|\n|t:|1781383046\n|-terastallize|p2a: Skeledirge|Water\n|move|p1a: Sawsbuck|High Horsepower|p2a: Skeledirge\n|-damage|p2a: Skeledirge|164/294\n|-damage|p1a: Sawsbuck|228/284|[from] item: Life Orb\n|move|p2a: Skeledirge|Torch Song|p1a: Sawsbuck\n|-crit|p1a: Sawsbuck\n|-damage|p1a: Sawsbuck|78/284\n|-boost|p2a: Skeledirge|spa|1\n|\n|upkeep\n|turn|7\n|\n|t:|1781383058\n|move|p1a: Sawsbuck|Horn Leech|p2a: Skeledirge\n|-supereffective|p2a: Skeledirge\n|-damage|p2a: Skeledirge|0 fnt\n|-heal|p1a: Sawsbuck|160/284|[from] drain|[of] p2a: Skeledirge\n|faint|p2a: Skeledirge\n|-damage|p1a: Sawsbuck|132/284|[from] item: Life Orb\n|\n|upkeep\n|-message|1 MICTLAN 1 forfeited.\n|\n|win|Aaroncito0909\n|raw|Aaroncito0909's rating: 1209 &rarr; <strong>1238</strong><br />(+29 for winning)\n|raw|1 MICTLAN 1's rating: 1271 &rarr; <strong>1242</strong><br />(-29 for losing)\n|l|\u26061 MICTLAN 1\n|player|p2|\n", "uploadtime": 1781383067, "views": 11, "formatid": "gen9randombattle", "rating": 1238, "private": 0, "password": null}