{"id": "gen9randombattle-2631624674", "format": "[Gen 9] Random Battle", "players": ["gabezgod", "LoganCourageous"], "log": "|j|\u2606gabezgod\n|j|\u2606LoganCourageous\n|t:|1781410685\n|gametype|singles\n|player|p1|gabezgod|marlon|\n|player|p2|LoganCourageous|clerkf|\n|gen|9\n|tier|[Gen 9] Random Battle\n|rule|Species Clause: Limit one of each Pok\u00e9mon\n|rule|HP Percentage Mod: HP is shown in percentages\n|rule|Sleep Clause Mod: Limit one foe put to sleep\n|rule|Illusion Level Mod: Illusion disguises the Pok\u00e9mon's true level\n|\n|t:|1781410685\n|teamsize|p1|6\n|teamsize|p2|6\n|start\n|switch|p1a: Dugtrio|Dugtrio, L84, F|196/196\n|switch|p2a: Probopass|Probopass, L91, M|257/257\n|turn|1\n|\n|t:|1781410705\n|move|p1a: Dugtrio|Earthquake|p2a: Probopass\n|-supereffective|p2a: Probopass\n|-damage|p2a: Probopass|0 fnt\n|faint|p2a: Probopass\n|\n|upkeep\n|\n|t:|1781410716\n|switch|p2a: Gliscor|Gliscor, L76, M|239/239\n|turn|2\n|\n|t:|1781410732\n|switch|p1a: Eelektross|Eelektross, L87, F|290/290\n|move|p2a: Gliscor|Substitute|p2a: Gliscor\n|-start|p2a: Gliscor|Substitute\n|-damage|p2a: Gliscor|180/239\n|\n|-status|p2a: Gliscor|tox|[from] item: Toxic Orb\n|upkeep\n|turn|3\n|\n|t:|1781410739\n|move|p2a: Gliscor|Toxic|p1a: Eelektross\n|-status|p1a: Eelektross|tox\n|move|p1a: Eelektross|Coil|p1a: Eelektross\n|-boost|p1a: Eelektross|atk|1\n|-boost|p1a: Eelektross|def|1\n|-boost|p1a: Eelektross|accuracy|1\n|\n|-heal|p2a: Gliscor|209/239 tox|[from] ability: Poison Heal\n|-damage|p1a: Eelektross|272/290 tox|[from] psn\n|upkeep\n|turn|4\n|\n|t:|1781410765\n|switch|p1a: Ariados|Ariados, L95, M|287/287\n|move|p2a: Gliscor|Protect||[still]\n|-fail|p2a: Gliscor\n|\n|-heal|p2a: Gliscor|238/239 tox|[from] ability: Poison Heal\n|upkeep\n|turn|5\n|\n|t:|1781410773\n|move|p2a: Gliscor|Earthquake|p1a: Ariados\n|-damage|p1a: Ariados|197/287\n|move|p1a: Ariados|Toxic Spikes|p2a: Gliscor\n|-sidestart|p2: LoganCourageous|move: Toxic Spikes\n|\n|-heal|p2a: Gliscor|239/239 tox|[from] ability: Poison Heal\n|upkeep\n|turn|6\n|\n|t:|1781410780\n|move|p2a: Gliscor|Earthquake|p1a: Ariados\n|-damage|p1a: Ariados|112/287\n|move|p1a: Ariados|Sticky Web|p2a: Gliscor\n|-sidestart|p2: LoganCourageous|move: Sticky Web\n|\n|upkeep\n|turn|7\n|\n|t:|1781410787\n|move|p2a: Gliscor|Earthquake|p1a: Ariados\n|-damage|p1a: Ariados|19/287\n|move|p1a: Ariados|Toxic Spikes|p2a: Gliscor\n|-sidestart|p2: LoganCourageous|move: Toxic Spikes\n|\n|upkeep\n|turn|8\n|\n|t:|1781410798\n|switch|p1a: Giratina|Giratina-Origin, L72|335/335\n|move|p2a: Gliscor|Substitute|p2a: Gliscor\n|-fail|p2a: Gliscor|move: Substitute\n|\n|upkeep\n|turn|9\n|\n|t:|1781410806\n|move|p2a: Gliscor|Toxic|p1a: Giratina|[miss]\n|-miss|p2a: Gliscor|p1a: Giratina\n|move|p1a: Giratina|Poltergeist|p2a: Gliscor|[miss]\n|-miss|p1a: Giratina|p2a: Gliscor\n|\n|upkeep\n|turn|10\n|\n|t:|1781410812\n|move|p2a: Gliscor|Toxic|p1a: Giratina\n|-status|p1a: Giratina|tox\n|move|p1a: Giratina|Poltergeist|p2a: Gliscor\n|-activate|p2a: Gliscor|move: Poltergeist|Toxic Orb\n|-end|p2a: Gliscor|Substitute\n|\n|-damage|p1a: Giratina|315/335 tox|[from] psn\n|upkeep\n|turn|11\n|\n|t:|1781410824\n|switch|p1a: Salazzle|Salazzle, L83, F|249/249\n|move|p2a: Gliscor|Substitute|p2a: Gliscor\n|-start|p2a: Gliscor|Substitute\n|-damage|p2a: Gliscor|180/239 tox\n|\n|-heal|p2a: Gliscor|209/239 tox|[from] ability: Poison Heal\n|upkeep\n|turn|12\n|\n|t:|1781410830\n|-terastallize|p1a: Salazzle|Grass\n|move|p1a: Salazzle|Nasty Plot|p1a: Salazzle\n|-boost|p1a: Salazzle|spa|2\n|move|p2a: Gliscor|Earthquake|p1a: Salazzle\n|-resisted|p1a: Salazzle\n|-crit|p1a: Salazzle\n|-damage|p1a: Salazzle|163/249\n|\n|-heal|p2a: Gliscor|238/239 tox|[from] ability: Poison Heal\n|upkeep\n|turn|13\n|\n|t:|1781410840\n|move|p1a: Salazzle|Sludge Wave|p2a: Gliscor\n|-resisted|p2a: Gliscor\n|-end|p2a: Gliscor|Substitute\n|move|p2a: Gliscor|Toxic|p1a: Salazzle\n|-status|p1a: Salazzle|tox\n|\n|-damage|p1a: Salazzle|148/249 tox|[from] psn\n|-heal|p2a: Gliscor|239/239 tox|[from] ability: Poison Heal\n|upkeep\n|turn|14\n|\n|t:|1781410851\n|move|p1a: Salazzle|Nasty Plot|p1a: Salazzle\n|-boost|p1a: Salazzle|spa|2\n|move|p2a: Gliscor|Substitute|p2a: Gliscor\n|-start|p2a: Gliscor|Substitute\n|-damage|p2a: Gliscor|180/239 tox\n|\n|-damage|p1a: Salazzle|118/249 tox|[from] psn\n|-heal|p2a: Gliscor|209/239 tox|[from] ability: Poison Heal\n|upkeep\n|turn|15\n|\n|t:|1781410861\n|switch|p1a: Sudowoodo|Sudowoodo, L94, M|284/284\n|move|p2a: Gliscor|Earthquake|p1a: Sudowoodo\n|-supereffective|p1a: Sudowoodo\n|-damage|p1a: Sudowoodo|152/284\n|\n|-heal|p1a: Sudowoodo|169/284|[from] item: Leftovers\n|-heal|p2a: Gliscor|238/239 tox|[from] ability: Poison Heal\n|upkeep\n|turn|16\n|\n|t:|1781410869\n|move|p2a: Gliscor|Toxic|p1a: Sudowoodo\n|-status|p1a: Sudowoodo|tox\n|move|p1a: Sudowoodo|Stealth Rock|p2a: Gliscor\n|-sidestart|p2: LoganCourageous|move: Stealth Rock\n|\n|-heal|p1a: Sudowoodo|186/284 tox|[from] item: Leftovers\n|-heal|p2a: Gliscor|239/239 tox|[from] ability: Poison Heal\n|-damage|p1a: Sudowoodo|169/284 tox|[from] psn\n|upkeep\n|turn|17\n|\n|t:|1781410883\n|move|p2a: Gliscor|Earthquake|p1a: Sudowoodo\n|-supereffective|p1a: Sudowoodo\n|-damage|p1a: Sudowoodo|53/284 tox\n|move|p1a: Sudowoodo|Head Smash|p2a: Gliscor|[miss]\n|-miss|p1a: Sudowoodo|p2a: Gliscor\n|\n|-heal|p1a: Sudowoodo|70/284 tox|[from] item: Leftovers\n|-damage|p1a: Sudowoodo|36/284 tox|[from] psn\n|upkeep\n|turn|18\n|\n|t:|1781410894\n|move|p2a: Gliscor|Substitute|p2a: Gliscor\n|-fail|p2a: Gliscor|move: Substitute\n|move|p1a: Sudowoodo|Head Smash|p2a: Gliscor\n|-end|p2a: Gliscor|Substitute\n|\n|-heal|p1a: Sudowoodo|53/284 tox|[from] item: Leftovers\n|-damage|p1a: Sudowoodo|2/284 tox|[from] psn\n|upkeep\n|turn|19\n|\n|t:|1781410902\n|move|p2a: Gliscor|Substitute|p2a: Gliscor\n|-start|p2a: Gliscor|Substitute\n|-damage|p2a: Gliscor|180/239 tox\n|move|p1a: Sudowoodo|Head Smash|p2a: Gliscor\n|-end|p2a: Gliscor|Substitute\n|\n|-heal|p1a: Sudowoodo|19/284 tox|[from] item: Leftovers\n|-heal|p2a: Gliscor|209/239 tox|[from] ability: Poison Heal\n|-damage|p1a: Sudowoodo|0 fnt|[from] psn\n|faint|p1a: Sudowoodo\n|upkeep\n|\n|t:|1781410913\n|switch|p1a: Dugtrio|Dugtrio, L84, F|196/196\n|turn|20\n|\n|t:|1781410917\n|move|p1a: Dugtrio|Stone Edge|p2a: Gliscor\n|-damage|p2a: Gliscor|124/239 tox\n|move|p2a: Gliscor|Toxic|p1a: Dugtrio\n|-status|p1a: Dugtrio|tox\n|\n|-damage|p1a: Dugtrio|184/196 tox|[from] psn\n|-heal|p2a: Gliscor|153/239 tox|[from] ability: Poison Heal\n|upkeep\n|turn|21\n|\n|t:|1781410925\n|switch|p1a: Giratina|Giratina-Origin, L72|315/335 tox\n|move|p2a: Gliscor|Substitute|p2a: Gliscor\n|-start|p2a: Gliscor|Substitute\n|-damage|p2a: Gliscor|94/239 tox\n|\n|-heal|p2a: Gliscor|123/239 tox|[from] ability: Poison Heal\n|-damage|p1a: Giratina|295/335 tox|[from] psn\n|upkeep\n|turn|22\n|\n|t:|1781410935\n|move|p2a: Gliscor|Protect|p2a: Gliscor\n|-singleturn|p2a: Gliscor|Protect\n|move|p1a: Giratina|Poltergeist|p2a: Gliscor\n|-activate|p2a: Gliscor|move: Protect\n|\n|-heal|p2a: Gliscor|152/239 tox|[from] ability: Poison Heal\n|-damage|p1a: Giratina|255/335 tox|[from] psn\n|upkeep\n|turn|23\n|\n|t:|1781410948\n|move|p2a: Gliscor|Toxic|p1a: Giratina\n|-fail|p1a: Giratina|tox\n|move|p1a: Giratina|Poltergeist|p2a: Gliscor\n|-activate|p2a: Gliscor|move: Poltergeist|Toxic Orb\n|-end|p2a: Gliscor|Substitute\n|\n|-heal|p2a: Gliscor|181/239 tox|[from] ability: Poison Heal\n|-damage|p1a: Giratina|195/335 tox|[from] psn\n|upkeep\n|turn|24\n|\n|t:|1781410957\n|move|p2a: Gliscor|Protect|p2a: Gliscor\n|-singleturn|p2a: Gliscor|Protect\n|move|p1a: Giratina|Draco Meteor|p2a: Gliscor\n|-activate|p2a: Gliscor|move: Protect\n|\n|-heal|p2a: Gliscor|210/239 tox|[from] ability: Poison Heal\n|-damage|p1a: Giratina|115/335 tox|[from] psn\n|upkeep\n|turn|25\n|\n|t:|1781410975\n|move|p2a: Gliscor|Substitute|p2a: Gliscor\n|-start|p2a: Gliscor|Substitute\n|-damage|p2a: Gliscor|151/239 tox\n|move|p1a: Giratina|Draco Meteor|p2a: Gliscor\n|-end|p2a: Gliscor|Substitute\n|-unboost|p1a: Giratina|spa|2\n|\n|-heal|p2a: Gliscor|180/239 tox|[from] ability: Poison Heal\n|-damage|p1a: Giratina|15/335 tox|[from] psn\n|upkeep\n|turn|26\n|\n|t:|1781410984\n|move|p2a: Gliscor|Protect|p2a: Gliscor\n|-singleturn|p2a: Gliscor|Protect\n|move|p1a: Giratina|Poltergeist|p2a: Gliscor\n|-activate|p2a: Gliscor|move: Protect\n|\n|-heal|p2a: Gliscor|209/239 tox|[from] ability: Poison Heal\n|-damage|p1a: Giratina|0 fnt|[from] psn\n|faint|p1a: Giratina\n|upkeep\n|\n|t:|1781410996\n|switch|p1a: Ariados|Ariados, L95, M|19/287\n|turn|27\n|\n|t:|1781411004\n|move|p2a: Gliscor|Earthquake|p1a: Ariados\n|-damage|p1a: Ariados|0 fnt\n|faint|p1a: Ariados\n|\n|-heal|p2a: Gliscor|238/239 tox|[from] ability: Poison Heal\n|upkeep\n|\n|t:|1781411008\n|switch|p1a: Salazzle|Salazzle, L83, F, tera:Grass|118/249 tox\n|turn|28\n|\n|t:|1781411012\n|move|p2a: Gliscor|Protect|p2a: Gliscor\n|-singleturn|p2a: Gliscor|Protect\n|move|p1a: Salazzle|Fire Blast|p2a: Gliscor\n|-activate|p2a: Gliscor|move: Protect\n|\n|-damage|p1a: Salazzle|103/249 tox|[from] psn\n|-heal|p2a: Gliscor|239/239 tox|[from] ability: Poison Heal\n|upkeep\n|turn|29\n|\n|t:|1781411023\n|move|p1a: Salazzle|Fire Blast|p2a: Gliscor\n|-damage|p2a: Gliscor|94/239 tox\n|move|p2a: Gliscor|Substitute|p2a: Gliscor\n|-start|p2a: Gliscor|Substitute\n|-damage|p2a: Gliscor|35/239 tox\n|\n|-damage|p1a: Salazzle|73/249 tox|[from] psn\n|-heal|p2a: Gliscor|64/239 tox|[from] ability: Poison Heal\n|upkeep\n|turn|30\n|\n|t:|1781411031\n|move|p2a: Gliscor|Protect|p2a: Gliscor\n|-singleturn|p2a: Gliscor|Protect\n|move|p1a: Salazzle|Nasty Plot|p1a: Salazzle\n|-boost|p1a: Salazzle|spa|2\n|\n|-damage|p1a: Salazzle|28/249 tox|[from] psn\n|-heal|p2a: Gliscor|93/239 tox|[from] ability: Poison Heal\n|upkeep\n|turn|31\n|\n|t:|1781411040\n|move|p2a: Gliscor|Protect||[still]\n|-fail|p2a: Gliscor\n|move|p1a: Salazzle|Fire Blast|p2a: Gliscor\n|-end|p2a: Gliscor|Substitute\n|\n|-damage|p1a: Salazzle|0 fnt|[from] psn\n|faint|p1a: Salazzle\n|-heal|p2a: Gliscor|122/239 tox|[from] ability: Poison Heal\n|upkeep\n|\n|t:|1781411045\n|switch|p1a: Dugtrio|Dugtrio, L84, F|184/196 tox\n|turn|32\n|\n|t:|1781411050\n|move|p2a: Gliscor|Protect|p2a: Gliscor\n|-singleturn|p2a: Gliscor|Protect\n|move|p1a: Dugtrio|Stone Edge|p2a: Gliscor\n|-activate|p2a: Gliscor|move: Protect\n|\n|-damage|p1a: Dugtrio|172/196 tox|[from] psn\n|-heal|p2a: Gliscor|151/239 tox|[from] ability: Poison Heal\n|upkeep\n|turn|33\n|\n|t:|1781411058\n|move|p1a: Dugtrio|Stone Edge|p2a: Gliscor|[miss]\n|-miss|p1a: Dugtrio|p2a: Gliscor\n|move|p2a: Gliscor|Substitute|p2a: Gliscor\n|-start|p2a: Gliscor|Substitute\n|-damage|p2a: Gliscor|92/239 tox\n|\n|-damage|p1a: Dugtrio|148/196 tox|[from] psn\n|-heal|p2a: Gliscor|121/239 tox|[from] ability: Poison Heal\n|upkeep\n|turn|34\n|\n|t:|1781411066\n|move|p2a: Gliscor|Protect|p2a: Gliscor\n|-singleturn|p2a: Gliscor|Protect\n|move|p1a: Dugtrio|Stone Edge|p2a: Gliscor\n|-activate|p2a: Gliscor|move: Protect\n|\n|-damage|p1a: Dugtrio|112/196 tox|[from] psn\n|-heal|p2a: Gliscor|150/239 tox|[from] ability: Poison Heal\n|upkeep\n|turn|35\n|\n|t:|1781411074\n|move|p2a: Gliscor|Protect|p2a: Gliscor\n|-singleturn|p2a: Gliscor|Protect\n|move|p1a: Dugtrio|Stone Edge|p2a: Gliscor\n|-activate|p2a: Gliscor|move: Protect\n|\n|-damage|p1a: Dugtrio|64/196 tox|[from] psn\n|-heal|p2a: Gliscor|179/239 tox|[from] ability: Poison Heal\n|upkeep\n|turn|36\n|\n|t:|1781411085\n|move|p2a: Gliscor|Protect||[still]\n|-fail|p2a: Gliscor\n|move|p1a: Dugtrio|Stone Edge|p2a: Gliscor\n|-end|p2a: Gliscor|Substitute\n|\n|-damage|p1a: Dugtrio|4/196 tox|[from] psn\n|-heal|p2a: Gliscor|208/239 tox|[from] ability: Poison Heal\n|upkeep\n|turn|37\n|\n|t:|1781411096\n|move|p1a: Dugtrio|Stone Edge|p2a: Gliscor\n|-damage|p2a: Gliscor|122/239 tox\n|move|p2a: Gliscor|Substitute|p2a: Gliscor\n|-start|p2a: Gliscor|Substitute\n|-damage|p2a: Gliscor|63/239 tox\n|\n|-damage|p1a: Dugtrio|0 fnt|[from] psn\n|faint|p1a: Dugtrio\n|-heal|p2a: Gliscor|92/239 tox|[from] ability: Poison Heal\n|upkeep\n|\n|t:|1781411099\n|switch|p1a: Eelektross|Eelektross, L87, F|272/290 tox\n|turn|38\n|-message|gabezgod forfeited.\n|\n|win|LoganCourageous\n|l|\u2606gabezgod\n|player|p1|\n", "uploadtime": 1781411116, "views": 9, "formatid": "gen9randombattle", "rating": null, "private": 0, "password": null}