{"id": "gen9randombattle-2631420133", "format": "[Gen 9] Random Battle", "players": ["trueshotz12", "Abupizzanan"], "log": "|j|\u2606trueshotz12\n|j|\u2606Abupizzanan\n|t:|1781382472\n|gametype|singles\n|player|p1|trueshotz12|265|1171\n|player|p2|Abupizzanan|169|1170\n|gen|9\n|tier|[Gen 9] Random Battle\n|rated|\n|rule|Species Clause: Limit one of each Pok\u00e9mon\n|rule|HP Percentage Mod: HP is shown in percentages\n|rule|Sleep Clause Mod: Limit one foe put to sleep\n|rule|Illusion Level Mod: Illusion disguises the Pok\u00e9mon's true level\n|\n|t:|1781382472\n|teamsize|p1|6\n|teamsize|p2|6\n|start\n|switch|p1a: Crabominable|Crabominable, L90, M|321/321\n|switch|p2a: Annihilape|Annihilape, L76, M|292/292\n|turn|1\n|inactive|Battle timer is ON: inactive players will automatically lose when time's up. (requested by Abupizzanan)\n|\n|t:|1781382480\n|move|p2a: Annihilape|Bulk Up|p2a: Annihilape\n|-boost|p2a: Annihilape|atk|1\n|-boost|p2a: Annihilape|def|1\n|move|p1a: Crabominable|Knock Off|p2a: Annihilape\n|-damage|p2a: Annihilape|208/292\n|-enditem|p2a: Annihilape|Leftovers|[from] move: Knock Off|[of] p1a: Crabominable\n|\n|upkeep\n|turn|2\n|\n|t:|1781382489\n|switch|p1a: Alcremie|Alcremie-Caramel-Swirl, L90, F|263/263\n|move|p2a: Annihilape|Bulk Up|p2a: Annihilape\n|-boost|p2a: Annihilape|atk|1\n|-boost|p2a: Annihilape|def|1\n|\n|upkeep\n|turn|3\n|\n|t:|1781382497\n|move|p2a: Annihilape|Gunk Shot|p1a: Alcremie|[miss]\n|-miss|p2a: Annihilape|p1a: Alcremie\n|move|p1a: Alcremie|Alluring Voice|p2a: Annihilape\n|-supereffective|p2a: Annihilape\n|-crit|p2a: Annihilape\n|-damage|p2a: Annihilape|0 fnt\n|faint|p2a: Annihilape\n|\n|upkeep\n|\n|t:|1781382503\n|switch|p2a: Venusaur|Venusaur, L84, M|272/272\n|turn|4\n|\n|t:|1781382514\n|switch|p1a: Gliscor|Gliscor, L76, M|239/239\n|move|p2a: Venusaur|Knock Off|p1a: Gliscor\n|-damage|p1a: Gliscor|187/239\n|-enditem|p1a: Gliscor|Toxic Orb|[from] move: Knock Off|[of] p2a: Venusaur\n|\n|upkeep\n|turn|5\n|\n|t:|1781382530\n|switch|p2a: Mismagius|Mismagius, L86, M|243/243\n|move|p1a: Gliscor|Earthquake|p2a: Mismagius\n|-immune|p2a: Mismagius|[from] ability: Levitate\n|\n|upkeep\n|turn|6\n|\n|t:|1781382542\n|move|p2a: Mismagius|Nasty Plot|p2a: Mismagius\n|-boost|p2a: Mismagius|spa|2\n|move|p1a: Gliscor|Substitute|p1a: Gliscor\n|-start|p1a: Gliscor|Substitute\n|-damage|p1a: Gliscor|128/239\n|\n|upkeep\n|turn|7\n|\n|t:|1781382554\n|move|p2a: Mismagius|Nasty Plot|p2a: Mismagius\n|-boost|p2a: Mismagius|spa|2\n|move|p1a: Gliscor|Toxic|p2a: Mismagius\n|-status|p2a: Mismagius|tox\n|\n|-damage|p2a: Mismagius|228/243 tox|[from] psn\n|upkeep\n|turn|8\n|\n|t:|1781382563\n|move|p1a: Gliscor|Protect|p1a: Gliscor\n|-singleturn|p1a: Gliscor|Protect\n|move|p2a: Mismagius|Shadow Ball|p1a: Gliscor\n|-activate|p1a: Gliscor|move: Protect\n|\n|-damage|p2a: Mismagius|198/243 tox|[from] psn\n|upkeep\n|turn|9\n|\n|t:|1781382576\n|move|p2a: Mismagius|Shadow Ball|p1a: Gliscor\n|-end|p1a: Gliscor|Substitute\n|-damage|p2a: Mismagius|174/243 tox|[from] item: Life Orb\n|move|p1a: Gliscor|Substitute|p1a: Gliscor\n|-start|p1a: Gliscor|Substitute\n|-damage|p1a: Gliscor|69/239\n|\n|-damage|p2a: Mismagius|129/243 tox|[from] psn\n|upkeep\n|turn|10\n|\n|t:|1781382585\n|move|p1a: Gliscor|Protect|p1a: Gliscor\n|-singleturn|p1a: Gliscor|Protect\n|move|p2a: Mismagius|Shadow Ball|p1a: Gliscor\n|-activate|p1a: Gliscor|move: Protect\n|\n|-damage|p2a: Mismagius|69/243 tox|[from] psn\n|upkeep\n|turn|11\n|\n|t:|1781382592\n|move|p2a: Mismagius|Shadow Ball|p1a: Gliscor\n|-end|p1a: Gliscor|Substitute\n|-damage|p2a: Mismagius|45/243 tox|[from] item: Life Orb\n|move|p1a: Gliscor|Substitute|p1a: Gliscor\n|-start|p1a: Gliscor|Substitute\n|-damage|p1a: Gliscor|10/239\n|\n|-damage|p2a: Mismagius|0 fnt|[from] psn\n|faint|p2a: Mismagius\n|upkeep\n|\n|t:|1781382595\n|switch|p2a: Venusaur|Venusaur, L84, M|272/272\n|turn|12\n|\n|t:|1781382603\n|move|p1a: Gliscor|Earthquake|p2a: Venusaur\n|-damage|p2a: Venusaur|175/272\n|move|p2a: Venusaur|Knock Off|p1a: Gliscor\n|-activate|p1a: Gliscor|move: Substitute|[damage]\n|\n|-heal|p2a: Venusaur|192/272|[from] item: Leftovers\n|upkeep\n|turn|13\n|\n|t:|1781382610\n|move|p1a: Gliscor|Earthquake|p2a: Venusaur\n|-damage|p2a: Venusaur|99/272\n|move|p2a: Venusaur|Knock Off|p1a: Gliscor\n|-crit|p1a: Gliscor\n|-end|p1a: Gliscor|Substitute\n|\n|-heal|p2a: Venusaur|116/272|[from] item: Leftovers\n|upkeep\n|turn|14\n|\n|t:|1781382616\n|move|p1a: Gliscor|Earthquake|p2a: Venusaur\n|-damage|p2a: Venusaur|19/272\n|move|p2a: Venusaur|Knock Off|p1a: Gliscor\n|-damage|p1a: Gliscor|0 fnt\n|faint|p1a: Gliscor\n|\n|-heal|p2a: Venusaur|36/272|[from] item: Leftovers\n|upkeep\n|\n|t:|1781382623\n|switch|p1a: Spidops|Spidops, L96, F|271/271\n|turn|15\n|\n|t:|1781382634\n|switch|p2a: Tatsugiri|Tatsugiri, L87, M|260/260\n|move|p1a: Spidops|Sticky Web|p2a: Tatsugiri\n|-sidestart|p2: Abupizzanan|move: Sticky Web\n|\n|upkeep\n|turn|16\n|\n|t:|1781382639\n|move|p2a: Tatsugiri|Nasty Plot|p2a: Tatsugiri\n|-boost|p2a: Tatsugiri|spa|2\n|move|p1a: Spidops|Knock Off|p2a: Tatsugiri\n|-damage|p2a: Tatsugiri|167/260\n|-enditem|p2a: Tatsugiri|Heavy-Duty Boots|[from] move: Knock Off|[of] p1a: Spidops\n|\n|upkeep\n|turn|17\n|\n|t:|1781382650\n|move|p2a: Tatsugiri|Hydro Pump|p1a: Spidops|[miss]\n|-miss|p2a: Tatsugiri|p1a: Spidops\n|move|p1a: Spidops|U-turn|p2a: Tatsugiri\n|-damage|p2a: Tatsugiri|64/260\n|\n|t:|1781382657\n|switch|p1a: Crabominable|Crabominable, L90, M|321/321|[from] U-turn\n|\n|upkeep\n|turn|18\n|\n|t:|1781382663\n|move|p2a: Tatsugiri|Hydro Pump|p1a: Crabominable\n|-damage|p1a: Crabominable|95/321\n|move|p1a: Crabominable|Ice Hammer|p2a: Tatsugiri\n|-damage|p2a: Tatsugiri|0 fnt\n|-unboost|p1a: Crabominable|spe|1\n|faint|p2a: Tatsugiri\n|\n|upkeep\n|\n|t:|1781382670\n|switch|p2a: Venusaur|Venusaur, L84, M|36/272\n|-activate|p2a: Venusaur|move: Sticky Web\n|-unboost|p2a: Venusaur|spe|1\n|turn|19\n|\n|t:|1781382674\n|move|p2a: Venusaur|Sludge Bomb|p1a: Crabominable\n|-damage|p1a: Crabominable|20/321\n|move|p1a: Crabominable|Ice Hammer|p2a: Venusaur\n|-supereffective|p2a: Venusaur\n|-damage|p2a: Venusaur|0 fnt\n|-unboost|p1a: Crabominable|spe|1\n|faint|p2a: Venusaur\n|\n|upkeep\n|\n|t:|1781382683\n|switch|p2a: Zangoose|Zangoose, L85, F|263/263\n|-activate|p2a: Zangoose|move: Sticky Web\n|-unboost|p2a: Zangoose|spe|1\n|turn|20\n|\n|t:|1781382688\n|move|p2a: Zangoose|Quick Attack|p1a: Crabominable\n|-damage|p1a: Crabominable|0 fnt\n|faint|p1a: Crabominable\n|\n|-status|p2a: Zangoose|tox|[from] item: Toxic Orb\n|upkeep\n|\n|t:|1781382690\n|switch|p1a: Sneasler|Sneasler, L74, M|240/240\n|turn|21\n|\n|t:|1781382701\n|move|p1a: Sneasler|Swords Dance|p1a: Sneasler\n|-boost|p1a: Sneasler|atk|2\n|move|p2a: Zangoose|Facade|p1a: Sneasler\n|-damage|p1a: Sneasler|0 fnt\n|faint|p1a: Sneasler\n|\n|-damage|p2a: Zangoose|247/263 tox|[from] psn\n|upkeep\n|\n|t:|1781382713\n|switch|p1a: Spidops|Spidops, L96, F|271/271\n|turn|22\n|\n|t:|1781382717\n|-terastallize|p1a: Spidops|Ghost\n|move|p2a: Zangoose|Facade|p1a: Spidops\n|-immune|p1a: Spidops\n|move|p1a: Spidops|Knock Off|p2a: Zangoose\n|-damage|p2a: Zangoose|147/263 tox\n|-enditem|p2a: Zangoose|Toxic Orb|[from] move: Knock Off|[of] p1a: Spidops\n|\n|-damage|p2a: Zangoose|115/263 tox|[from] psn\n|upkeep\n|turn|23\n|\n|t:|1781382725\n|move|p2a: Zangoose|Knock Off|p1a: Spidops\n|-supereffective|p1a: Spidops\n|-damage|p1a: Spidops|53/271\n|-enditem|p1a: Spidops|Heavy-Duty Boots|[from] move: Knock Off|[of] p2a: Zangoose\n|move|p1a: Spidops|Knock Off|p2a: Zangoose\n|-damage|p2a: Zangoose|48/263 tox\n|\n|-damage|p2a: Zangoose|0 fnt|[from] psn\n|faint|p2a: Zangoose\n|upkeep\n|\n|t:|1781382729\n|switch|p2a: Hawlucha|Hawlucha, L80, M|256/256\n|turn|24\n|\n|t:|1781382741\n|move|p2a: Hawlucha|Throat Chop|p1a: Spidops\n|-supereffective|p1a: Spidops\n|-damage|p1a: Spidops|0 fnt\n|faint|p1a: Spidops\n|\n|upkeep\n|\n|t:|1781382746\n|switch|p1a: Alcremie|Alcremie-Caramel-Swirl, L90, F|263/263\n|turn|25\n|\n|t:|1781382749\n|move|p2a: Hawlucha|Throat Chop|p1a: Alcremie\n|-resisted|p1a: Alcremie\n|-damage|p1a: Alcremie|239/263\n|-start|p1a: Alcremie|Throat Chop|[silent]\n|move|p1a: Alcremie|Calm Mind|p1a: Alcremie\n|-boost|p1a: Alcremie|spa|1\n|-boost|p1a: Alcremie|spd|1\n|\n|-heal|p1a: Alcremie|255/263|[from] item: Leftovers\n|upkeep\n|turn|26\n|\n|t:|1781382755\n|move|p2a: Hawlucha|Swords Dance|p2a: Hawlucha\n|-boost|p2a: Hawlucha|atk|2\n|move|p1a: Alcremie|Calm Mind|p1a: Alcremie\n|-boost|p1a: Alcremie|spa|1\n|-boost|p1a: Alcremie|spd|1\n|\n|-heal|p1a: Alcremie|263/263|[from] item: Leftovers\n|-end|p1a: Alcremie|Throat Chop|[silent]\n|upkeep\n|turn|27\n|\n|t:|1781382762\n|-terastallize|p2a: Hawlucha|Flying\n|move|p2a: Hawlucha|Brave Bird|p1a: Alcremie\n|-damage|p1a: Alcremie|0 fnt\n|faint|p1a: Alcremie\n|-damage|p2a: Hawlucha|169/256|[from] Recoil\n|\n|upkeep\n|\n|t:|1781382767\n|switch|p1a: Sylveon|Sylveon, L85, M|300/300\n|turn|28\n|\n|t:|1781382771\n|move|p2a: Hawlucha|Throat Chop|p1a: Sylveon\n|-resisted|p1a: Sylveon\n|-damage|p1a: Sylveon|236/300\n|-start|p1a: Sylveon|Throat Chop|[silent]\n|cant|p1a: Sylveon|move: Throat Chop\n|\n|-heal|p1a: Sylveon|254/300|[from] item: Leftovers\n|upkeep\n|turn|29\n|\n|t:|1781382778\n|move|p1a: Sylveon|Protect|p1a: Sylveon\n|-singleturn|p1a: Sylveon|Protect\n|move|p2a: Hawlucha|Brave Bird|p1a: Sylveon\n|-activate|p1a: Sylveon|move: Protect\n|\n|-heal|p1a: Sylveon|272/300|[from] item: Leftovers\n|-end|p1a: Sylveon|Throat Chop|[silent]\n|upkeep\n|turn|30\n|\n|t:|1781382783\n|move|p2a: Hawlucha|Throat Chop|p1a: Sylveon\n|-resisted|p1a: Sylveon\n|-damage|p1a: Sylveon|205/300\n|-start|p1a: Sylveon|Throat Chop|[silent]\n|cant|p1a: Sylveon|move: Throat Chop\n|\n|-heal|p1a: Sylveon|223/300|[from] item: Leftovers\n|upkeep\n|turn|31\n|\n|t:|1781382790\n|move|p1a: Sylveon|Protect|p1a: Sylveon\n|-singleturn|p1a: Sylveon|Protect\n|move|p2a: Hawlucha|Throat Chop|p1a: Sylveon\n|-activate|p1a: Sylveon|move: Protect\n|\n|-heal|p1a: Sylveon|241/300|[from] item: Leftovers\n|-end|p1a: Sylveon|Throat Chop|[silent]\n|upkeep\n|turn|32\n|\n|t:|1781382794\n|move|p2a: Hawlucha|Brave Bird|p1a: Sylveon\n|-damage|p1a: Sylveon|0 fnt\n|faint|p1a: Sylveon\n|-damage|p2a: Hawlucha|89/256|[from] Recoil\n|\n|win|Abupizzanan\n|raw|trueshotz12's rating: 1171 &rarr; <strong>1146</strong><br />(-25 for losing)\n|raw|Abupizzanan's rating: 1170 &rarr; <strong>1195</strong><br />(+25 for winning)\n|l|\u2606trueshotz12\n|player|p1|\n|c|\u2606Abupizzanan|Gg\n", "uploadtime": 1781382842, "views": 15, "formatid": "gen9randombattle", "rating": 1146, "private": 0, "password": null}