{"id": "gen9randombattle-2631761889", "format": "[Gen 9] Random Battle", "players": ["sirrna", "dc inversion"], "log": "|j|\u203dsirrna\n|j|\u2606dc inversion\n|t:|1781435560\n|gametype|singles\n|player|p1|sirrna|265|2031\n|player|p2|dc inversion|265|2175\n|gen|9\n|tier|[Gen 9] Random Battle\n|rated|\n|rule|Species Clause: Limit one of each Pok\u00e9mon\n|rule|HP Percentage Mod: HP is shown in percentages\n|rule|Sleep Clause Mod: Limit one foe put to sleep\n|rule|Illusion Level Mod: Illusion disguises the Pok\u00e9mon's true level\n|\n|t:|1781435560\n|teamsize|p1|6\n|teamsize|p2|6\n|start\n|switch|p1a: Reshiram|Reshiram, L76|277/277\n|switch|p2a: Slaking|Slaking, L84, M|389/389\n|-ability|p1a: Reshiram|Turboblaze\n|turn|1\n|inactive|Battle timer is ON: inactive players will automatically lose when time's up. (requested by dc inversion)\n|\n|t:|1781435612\n|switch|p1a: Froslass|Froslass, L87, F|263/263\n|move|p2a: Slaking|Double-Edge|p1a: Froslass\n|-immune|p1a: Froslass\n|\n|upkeep\n|turn|2\n|\n|t:|1781435622\n|switch|p2a: Rotom|Rotom-Frost, L87|229/229\n|move|p1a: Froslass|Spikes|p2a: Rotom\n|-sidestart|p2: dc inversion|Spikes\n|\n|upkeep\n|turn|3\n|\n|t:|1781435629\n|switch|p1a: Chi-Yu|Chi-Yu, L77|211/211\n|-ability|p1a: Chi-Yu|Beads of Ruin\n|move|p2a: Rotom|Thunderbolt|p1a: Chi-Yu\n|-crit|p1a: Chi-Yu\n|-damage|p1a: Chi-Yu|84/211\n|\n|upkeep\n|turn|4\n|\n|t:|1781435643\n|move|p1a: Chi-Yu|Fire Blast|p2a: Rotom\n|-supereffective|p2a: Rotom\n|-crit|p2a: Rotom\n|-damage|p2a: Rotom|0 fnt\n|faint|p2a: Rotom\n|\n|upkeep\n|\n|t:|1781435645\n|switch|p2a: Komala|Komala, L88, F|258/258\n|-damage|p2a: Komala|226/258|[from] Spikes\n|-ability|p2a: Komala|Comatose\n|turn|5\n|\n|t:|1781435654\n|move|p1a: Chi-Yu|Fire Blast|p2a: Komala\n|-damage|p2a: Komala|117/258\n|move|p2a: Komala|Knock Off|p1a: Chi-Yu\n|-resisted|p1a: Chi-Yu\n|-damage|p1a: Chi-Yu|34/211\n|-enditem|p1a: Chi-Yu|Heavy-Duty Boots|[from] move: Knock Off|[of] p2a: Komala\n|\n|upkeep\n|turn|6\n|\n|t:|1781435662\n|switch|p1a: Froslass|Froslass, L87, F|263/263\n|move|p2a: Komala|Rapid Spin|p1a: Froslass\n|-immune|p1a: Froslass\n|\n|upkeep\n|turn|7\n|\n|t:|1781435670\n|move|p1a: Froslass|Triple Axel|p2a: Komala\n|-damage|p2a: Komala|95/258\n|-damage|p2a: Komala|44/258\n|-damage|p2a: Komala|0 fnt\n|faint|p2a: Komala\n|-hitcount|p2: Komala|3\n|\n|upkeep\n|\n|t:|1781435678\n|switch|p2a: Flamigo|Flamigo, L82, M|269/269\n|turn|8\n|\n|t:|1781435682\n|switch|p1a: Granbull|Granbull, L88, M|302/302\n|-ability|p1a: Granbull|Intimidate|boost\n|-fail|p2a: Flamigo|unboost|Attack|[from] ability: Scrappy|[of] p2a: Flamigo\n|move|p2a: Flamigo|Close Combat|p1a: Granbull\n|-resisted|p1a: Granbull\n|-damage|p1a: Granbull|224/302\n|-unboost|p2a: Flamigo|def|1\n|-unboost|p2a: Flamigo|spd|1\n|\n|-heal|p1a: Granbull|242/302|[from] item: Leftovers\n|upkeep\n|turn|9\n|\n|t:|1781435689\n|switch|p2a: Slaking|Slaking, L84, M|389/389\n|-damage|p2a: Slaking|341/389|[from] Spikes\n|move|p1a: Granbull|Play Rough|p2a: Slaking\n|-damage|p2a: Slaking|236/389\n|\n|-heal|p1a: Granbull|260/302|[from] item: Leftovers\n|upkeep\n|turn|10\n|\n|t:|1781435699\n|switch|p1a: Chi-Yu|Chi-Yu, L77|34/211\n|-ability|p1a: Chi-Yu|Beads of Ruin\n|move|p2a: Slaking|Earthquake|p1a: Chi-Yu\n|-supereffective|p1a: Chi-Yu\n|-damage|p1a: Chi-Yu|0 fnt\n|faint|p1a: Chi-Yu\n|\n|upkeep\n|\n|t:|1781435709\n|switch|p1a: Serperior|Serperior, L79, M|248/248\n|turn|11\n|\n|t:|1781435714\n|switch|p2a: Zebstrika|Zebstrika, L87, M|272/272\n|-damage|p2a: Zebstrika|238/272|[from] Spikes\n|move|p1a: Serperior|Substitute|p1a: Serperior\n|-start|p1a: Serperior|Substitute\n|-damage|p1a: Serperior|186/248\n|\n|-heal|p1a: Serperior|201/248|[from] item: Leftovers\n|upkeep\n|turn|12\n|\n|t:|1781435722\n|move|p2a: Zebstrika|Supercell Slam|p1a: Serperior\n|-resisted|p1a: Serperior\n|-end|p1a: Serperior|Substitute\n|-damage|p2a: Zebstrika|211/272|[from] item: Life Orb\n|move|p1a: Serperior|Tera Blast|p2a: Zebstrika\n|-damage|p2a: Zebstrika|163/272\n|\n|-heal|p1a: Serperior|216/248|[from] item: Leftovers\n|upkeep\n|turn|13\n|\n|t:|1781435735\n|move|p2a: Zebstrika|Volt Switch|p1a: Serperior\n|-resisted|p1a: Serperior\n|-damage|p1a: Serperior|173/248\n|-damage|p2a: Zebstrika|136/272|[from] item: Life Orb\n|\n|t:|1781435741\n|switch|p2a: Flamigo|Flamigo, L82, M|269/269|[from] Volt Switch\n|move|p1a: Serperior|Tera Blast|p2a: Flamigo\n|-damage|p2a: Flamigo|214/269\n|\n|-heal|p1a: Serperior|188/248|[from] item: Leftovers\n|upkeep\n|turn|14\n|\n|t:|1781435749\n|move|p2a: Flamigo|U-turn|p1a: Serperior\n|-supereffective|p1a: Serperior\n|-damage|p1a: Serperior|80/248\n|\n|t:|1781435752\n|switch|p2a: Zebstrika|Zebstrika, L87, M|136/272|[from] U-turn\n|-damage|p2a: Zebstrika|102/272|[from] Spikes\n|move|p1a: Serperior|Tera Blast|p2a: Zebstrika\n|-damage|p2a: Zebstrika|48/272\n|\n|-heal|p1a: Serperior|95/248|[from] item: Leftovers\n|upkeep\n|turn|15\n|\n|t:|1781435759\n|move|p2a: Zebstrika|Overheat|p1a: Serperior\n|-supereffective|p1a: Serperior\n|-damage|p1a: Serperior|0 fnt\n|-unboost|p2a: Zebstrika|spa|2\n|faint|p1a: Serperior\n|-damage|p2a: Zebstrika|21/272|[from] item: Life Orb\n|\n|upkeep\n|\n|t:|1781435764\n|switch|p1a: Granbull|Granbull, L88, M|260/302\n|-ability|p1a: Granbull|Intimidate|boost\n|-unboost|p2a: Zebstrika|atk|1\n|turn|16\n|\n|t:|1781435775\n|switch|p1a: Reshiram|Reshiram, L76|277/277\n|-ability|p1a: Reshiram|Turboblaze\n|move|p2a: Zebstrika|Supercell Slam|p1a: Reshiram\n|-resisted|p1a: Reshiram\n|-damage|p1a: Reshiram|225/277\n|-damage|p2a: Zebstrika|0 fnt|[from] item: Life Orb\n|faint|p2a: Zebstrika\n|\n|upkeep\n|\n|t:|1781435780\n|switch|p2a: Slaking|Slaking, L84, M|236/389\n|-damage|p2a: Slaking|188/389|[from] Spikes\n|turn|17\n|\n|t:|1781435790\n|switch|p1a: Granbull|Granbull, L88, M|260/302\n|-ability|p1a: Granbull|Intimidate|boost\n|-unboost|p2a: Slaking|atk|1\n|move|p2a: Slaking|Earthquake|p1a: Granbull\n|-damage|p1a: Granbull|147/302\n|\n|-heal|p1a: Granbull|165/302|[from] item: Leftovers\n|upkeep\n|turn|18\n|\n|t:|1781435800\n|cant|p2a: Slaking|ability: Truant\n|move|p1a: Granbull|Play Rough|p2a: Slaking\n|-damage|p2a: Slaking|79/389\n|\n|-heal|p1a: Granbull|183/302|[from] item: Leftovers\n|upkeep\n|turn|19\n|\n|t:|1781435810\n|move|p2a: Slaking|Earthquake|p1a: Granbull\n|-damage|p1a: Granbull|69/302\n|move|p1a: Granbull|Play Rough|p2a: Slaking\n|-damage|p2a: Slaking|0 fnt\n|faint|p2a: Slaking\n|\n|-heal|p1a: Granbull|87/302|[from] item: Leftovers\n|upkeep\n|\n|t:|1781435824\n|switch|p2a: Lokix|Lokix, L82, F|251/251\n|-damage|p2a: Lokix|220/251|[from] Spikes\n|turn|20\n|\n|t:|1781435831\n|move|p2a: Lokix|Leech Life|p1a: Granbull\n|-resisted|p1a: Granbull\n|-damage|p1a: Granbull|0 fnt\n|-heal|p2a: Lokix|251/251|[from] drain|[of] p1a: Granbull\n|faint|p1a: Granbull\n|-damage|p2a: Lokix|226/251|[from] item: Life Orb\n|\n|upkeep\n|\n|t:|1781435840\n|switch|p1a: Reshiram|Reshiram, L76|225/277\n|-ability|p1a: Reshiram|Turboblaze\n|turn|21\n|\n|t:|1781435862\n|move|p2a: Lokix|Knock Off|p1a: Reshiram\n|-damage|p1a: Reshiram|92/277\n|-enditem|p1a: Reshiram|Heavy-Duty Boots|[from] move: Knock Off|[of] p2a: Lokix\n|-damage|p2a: Lokix|201/251|[from] item: Life Orb\n|move|p1a: Reshiram|Flare Blitz|p2a: Lokix\n|-supereffective|p2a: Lokix\n|-damage|p2a: Lokix|0 fnt\n|faint|p2a: Lokix\n|-damage|p1a: Reshiram|26/277|[from] Recoil\n|\n|upkeep\n|\n|t:|1781435869\n|switch|p2a: Flamigo|Flamigo, L82, M|214/269\n|turn|22\n|\n|t:|1781435873\n|move|p2a: Flamigo|Close Combat|p1a: Reshiram\n|-damage|p1a: Reshiram|0 fnt\n|-unboost|p2a: Flamigo|def|1\n|-unboost|p2a: Flamigo|spd|1\n|faint|p1a: Reshiram\n|\n|upkeep\n|\n|t:|1781435875\n|switch|p1a: Froslass|Froslass, L87, F|263/263\n|turn|23\n|\n|t:|1781435898\n|-terastallize|p2a: Flamigo|Fighting\n|-terastallize|p1a: Froslass|Ghost\n|move|p2a: Flamigo|Close Combat|p1a: Froslass\n|-damage|p1a: Froslass|53/263\n|-unboost|p2a: Flamigo|def|1\n|-unboost|p2a: Flamigo|spd|1\n|-start|p2a: Flamigo|Disable|Close Combat|[from] ability: Cursed Body|[of] p1a: Froslass\n|move|p1a: Froslass|Destiny Bond|p1a: Froslass\n|-singlemove|p1a: Froslass|Destiny Bond\n|\n|upkeep\n|turn|24\n|\n|t:|1781435906\n|-activate|p2a: Flamigo|move: Struggle\n|move|p2a: Flamigo|Struggle|p1a: Froslass\n|-damage|p1a: Froslass|9/263\n|-damage|p2a: Flamigo|147/269|[from] recoil\n|move|p1a: Froslass|Triple Axel|p2a: Flamigo\n|-damage|p2a: Flamigo|102/269\n|-damage|p2a: Flamigo|14/269\n|-damage|p2a: Flamigo|0 fnt\n|faint|p2a: Flamigo\n|-hitcount|p2: Flamigo|3\n|\n|win|sirrna\n", "uploadtime": 1781435562, "views": 5, "formatid": "gen9randombattle", "rating": null, "private": 0, "password": null}