{"id": "gen9randombattle-2631893039", "format": "[Gen 9] Random Battle", "players": ["kormorano", "64stadiumannouncer"], "log": "|j|\u2606kormorano\n|j|\u260664stadiumannouncer\n|t:|1781452800\n|gametype|singles\n|player|p1|kormorano|102|2037\n|player|p2|64stadiumannouncer|1|2062\n|gen|9\n|tier|[Gen 9] Random Battle\n|rated|\n|rule|Species Clause: Limit one of each Pok\u00e9mon\n|rule|HP Percentage Mod: HP is shown in percentages\n|rule|Sleep Clause Mod: Limit one foe put to sleep\n|rule|Illusion Level Mod: Illusion disguises the Pok\u00e9mon's true level\n|\n|t:|1781452800\n|teamsize|p1|6\n|teamsize|p2|6\n|start\n|switch|p1a: Toxtricity|Toxtricity, L82, F|257/257\n|switch|p2a: Regidrago|Regidrago, L77|435/435\n|turn|1\n|inactive|Battle timer is ON: inactive players will automatically lose when time's up. (requested by kormorano)\n|\n|t:|1781452823\n|switch|p1a: Eiscue|Eiscue, L88, M|274/274\n|switch|p2a: Tyranitar|Tyranitar, L78, F|284/284\n|-weather|Sandstorm|[from] ability: Sand Stream|[of] p2a: Tyranitar\n|\n|-weather|Sandstorm|[upkeep]\n|-damage|p1a: Eiscue|257/274|[from] Sandstorm\n|upkeep\n|turn|2\n|\n|t:|1781452843\n|switch|p2a: Persian|Persian-Alola, L86, M|252/252\n|move|p1a: Eiscue|Liquidation|p2a: Persian\n|-damage|p2a: Persian|214/252\n|-unboost|p2a: Persian|def|1\n|\n|-weather|Sandstorm|[upkeep]\n|-damage|p2a: Persian|199/252|[from] Sandstorm\n|-damage|p1a: Eiscue|240/274|[from] Sandstorm\n|upkeep\n|turn|3\n|inactive|kormorano has 120 seconds left.\n|\n|t:|1781452872\n|switch|p1a: Toxtricity|Toxtricity, L82, F|257/257\n|move|p2a: Persian|Taunt|p1a: Toxtricity\n|-start|p1a: Toxtricity|move: Taunt\n|\n|-weather|Sandstorm|[upkeep]\n|-damage|p2a: Persian|184/252|[from] Sandstorm\n|-damage|p1a: Toxtricity|241/257|[from] Sandstorm\n|upkeep\n|turn|4\n|inactive|kormorano has 120 seconds left.\n|inactive|64stadiumannouncer has 120 seconds left.\n|\n|t:|1781452902\n|switch|p1a: Torkoal|Torkoal, L88, F|266/266\n|-weather|SunnyDay|[from] ability: Drought|[of] p1a: Torkoal\n|move|p2a: Persian|Parting Shot|p1a: Torkoal\n|-unboost|p1a: Torkoal|atk|1\n|-unboost|p1a: Torkoal|spa|1\n|inactive|64stadiumannouncer has 120 seconds left.\n|\n|t:|1781452912\n|switch|p2a: Tyranitar|Tyranitar, L78, F|284/284|[from] Parting Shot\n|-weather|Sandstorm|[from] ability: Sand Stream|[of] p2a: Tyranitar\n|\n|-weather|Sandstorm|[upkeep]\n|-damage|p1a: Torkoal|250/266|[from] Sandstorm\n|upkeep\n|turn|5\n|inactive|64stadiumannouncer has 120 seconds left.\n|\n|t:|1781452920\n|move|p2a: Tyranitar|Knock Off|p1a: Torkoal\n|-damage|p1a: Torkoal|174/266\n|-enditem|p1a: Torkoal|Heavy-Duty Boots|[from] move: Knock Off|[of] p2a: Tyranitar\n|move|p1a: Torkoal|Stealth Rock|p2a: Tyranitar\n|-sidestart|p2: 64stadiumannouncer|move: Stealth Rock\n|\n|-weather|Sandstorm|[upkeep]\n|-damage|p1a: Torkoal|158/266|[from] Sandstorm\n|upkeep\n|turn|6\n|\n|t:|1781452927\n|move|p2a: Tyranitar|Stone Edge|p1a: Torkoal|[miss]\n|-miss|p2a: Tyranitar|p1a: Torkoal\n|move|p1a: Torkoal|Lava Plume|p2a: Tyranitar\n|-resisted|p2a: Tyranitar\n|-damage|p2a: Tyranitar|264/284\n|\n|-weather|Sandstorm|[upkeep]\n|-damage|p1a: Torkoal|142/266|[from] Sandstorm\n|upkeep\n|turn|7\n|\n|t:|1781452936\n|switch|p1a: Hitmonchan|Hitmonchan, L87, M|229/229\n|move|p2a: Tyranitar|Stone Edge|p1a: Hitmonchan\n|-resisted|p1a: Hitmonchan\n|-damage|p1a: Hitmonchan|169/229\n|\n|-weather|Sandstorm|[upkeep]\n|-damage|p1a: Hitmonchan|155/229|[from] Sandstorm\n|upkeep\n|turn|8\n|\n|t:|1781452944\n|switch|p2a: Slowbro|Slowbro-Galar, L87, F|307/307\n|-damage|p2a: Slowbro|269/307|[from] Stealth Rock\n|move|p1a: Hitmonchan|Drain Punch|p2a: Slowbro\n|-resisted|p2a: Slowbro\n|-damage|p2a: Slowbro|235/307\n|-heal|p1a: Hitmonchan|172/229|[from] drain|[of] p2a: Slowbro\n|-damage|p1a: Hitmonchan|134/229|[from] item: Rocky Helmet|[of] p2a: Slowbro\n|-damage|p1a: Hitmonchan|112/229|[from] item: Life Orb\n|\n|-weather|none\n|upkeep\n|turn|9\n|\n|t:|1781452965\n|switch|p1a: Metagross|Metagross, L79|256/256\n|move|p2a: Slowbro|Psychic|p1a: Metagross\n|-resisted|p1a: Metagross\n|-damage|p1a: Metagross|230/256\n|\n|upkeep\n|turn|10\n|\n|t:|1781452974\n|switch|p2a: Persian|Persian-Alola, L86, M|184/252\n|move|p1a: Metagross|Earthquake|p2a: Persian\n|-damage|p2a: Persian|100/252\n|\n|upkeep\n|turn|11\n|\n|t:|1781452986\n|switch|p1a: Torkoal|Torkoal, L88, F|142/266\n|-weather|SunnyDay|[from] ability: Drought|[of] p1a: Torkoal\n|move|p2a: Persian|Foul Play|p1a: Torkoal\n|-damage|p1a: Torkoal|73/266\n|\n|-weather|SunnyDay|[upkeep]\n|upkeep\n|turn|12\n|\n|t:|1781452999\n|move|p2a: Persian|Parting Shot|p1a: Torkoal\n|-unboost|p1a: Torkoal|atk|1\n|-unboost|p1a: Torkoal|spa|1\n|\n|t:|1781453002\n|switch|p2a: Tyranitar|Tyranitar, L78, F|264/284|[from] Parting Shot\n|-damage|p2a: Tyranitar|229/284|[from] Stealth Rock\n|-weather|Sandstorm|[from] ability: Sand Stream|[of] p2a: Tyranitar\n|move|p1a: Torkoal|Lava Plume|p2a: Tyranitar\n|-resisted|p2a: Tyranitar\n|-damage|p2a: Tyranitar|209/284\n|\n|-weather|Sandstorm|[upkeep]\n|-damage|p1a: Torkoal|57/266|[from] Sandstorm\n|upkeep\n|turn|13\n|\n|t:|1781453015\n|move|p2a: Tyranitar|Earthquake|p1a: Torkoal\n|-supereffective|p1a: Torkoal\n|-damage|p1a: Torkoal|0 fnt\n|faint|p1a: Torkoal\n|\n|-weather|Sandstorm|[upkeep]\n|upkeep\n|\n|t:|1781453020\n|switch|p1a: Metagross|Metagross, L79|230/256\n|turn|14\n|\n|t:|1781453042\n|move|p1a: Metagross|Earthquake|p2a: Tyranitar\n|-supereffective|p2a: Tyranitar\n|-damage|p2a: Tyranitar|0 fnt\n|faint|p2a: Tyranitar\n|\n|-weather|Sandstorm|[upkeep]\n|upkeep\n|\n|t:|1781453054\n|switch|p2a: Regidrago|Regidrago, L77|435/435\n|-damage|p2a: Regidrago|381/435|[from] Stealth Rock\n|turn|15\n|\n|t:|1781453065\n|move|p2a: Regidrago|Dragon Dance|p2a: Regidrago\n|-boost|p2a: Regidrago|atk|1\n|-boost|p2a: Regidrago|spe|1\n|move|p1a: Metagross|Earthquake|p2a: Regidrago\n|-damage|p2a: Regidrago|187/435\n|\n|-weather|Sandstorm|[upkeep]\n|-damage|p2a: Regidrago|160/435|[from] Sandstorm\n|upkeep\n|turn|16\n|\n|t:|1781453081\n|switch|p1a: Eiscue|Eiscue, L88, M|240/274\n|move|p2a: Regidrago|Earthquake|p1a: Eiscue\n|-activate|p1a: Eiscue|ability: Ice Face\n|-damage|p1a: Eiscue|240/274\n|detailschange|p1a: Eiscue|Eiscue-Noice, L88, M\n|-damage|p2a: Regidrago|117/435|[from] item: Life Orb\n|\n|-weather|none\n|upkeep\n|turn|17\n|\n|t:|1781453098\n|-terastallize|p2a: Regidrago|Steel\n|move|p1a: Eiscue|Ice Spinner|p2a: Regidrago\n|-resisted|p2a: Regidrago\n|-damage|p2a: Regidrago|57/435\n|move|p2a: Regidrago|Tera Blast|p1a: Eiscue|[anim] Tera Blast Steel\n|-supereffective|p1a: Eiscue\n|-damage|p1a: Eiscue|0 fnt\n|faint|p1a: Eiscue\n|-damage|p2a: Regidrago|14/435|[from] item: Life Orb\n|\n|upkeep\n|\n|t:|1781453113\n|switch|p1a: Metagross|Metagross, L79|230/256\n|turn|18\n|\n|t:|1781453119\n|move|p1a: Metagross|Bullet Punch|p2a: Regidrago\n|-resisted|p2a: Regidrago\n|-damage|p2a: Regidrago|0 fnt\n|faint|p2a: Regidrago\n|\n|upkeep\n|\n|t:|1781453137\n|switch|p2a: Girafarig|Girafarig, L89, F|269/269\n|-damage|p2a: Girafarig|236/269|[from] Stealth Rock\n|turn|19\n|\n|t:|1781453147\n|switch|p1a: Hitmonchan|Hitmonchan, L87, M|112/229\n|move|p2a: Girafarig|Nasty Plot|p2a: Girafarig\n|-boost|p2a: Girafarig|spa|2\n|\n|upkeep\n|turn|20\n|\n|t:|1781453154\n|move|p2a: Girafarig|Dazzling Gleam|p1a: Hitmonchan\n|-supereffective|p1a: Hitmonchan\n|-damage|p1a: Hitmonchan|0 fnt\n|faint|p1a: Hitmonchan\n|\n|upkeep\n|\n|t:|1781453183\n|switch|p1a: Metagross|Metagross, L79|230/256\n|turn|21\n|\n|t:|1781453191\n|move|p2a: Girafarig|Thunderbolt|p1a: Metagross\n|-damage|p1a: Metagross|86/256\n|move|p1a: Metagross|Heavy Slam|p2a: Girafarig\n|-damage|p2a: Girafarig|53/269\n|\n|upkeep\n|turn|22\n|\n|t:|1781453197\n|move|p2a: Girafarig|Thunderbolt|p1a: Metagross\n|-damage|p1a: Metagross|0 fnt\n|faint|p1a: Metagross\n|\n|upkeep\n|\n|t:|1781453199\n|switch|p1a: Spectrier|Spectrier, L75|274/274\n|turn|23\n|\n|t:|1781453210\n|move|p1a: Spectrier|Substitute|p1a: Spectrier\n|-start|p1a: Spectrier|Substitute\n|-damage|p1a: Spectrier|206/274\n|move|p2a: Girafarig|Psychic|p1a: Spectrier\n|-end|p1a: Spectrier|Substitute\n|\n|-heal|p1a: Spectrier|223/274|[from] item: Leftovers\n|upkeep\n|turn|24\n|\n|t:|1781453220\n|move|p1a: Spectrier|Dark Pulse|p2a: Girafarig\n|-supereffective|p2a: Girafarig\n|-damage|p2a: Girafarig|0 fnt\n|faint|p2a: Girafarig\n|-ability|p1a: Spectrier|Grim Neigh|boost\n|-boost|p1a: Spectrier|spa|1\n|\n|-heal|p1a: Spectrier|240/274|[from] item: Leftovers\n|upkeep\n|\n|t:|1781453237\n|switch|p2a: Persian|Persian-Alola, L86, M|100/252\n|turn|25\n|\n|t:|1781453248\n|move|p2a: Persian|Foul Play|p1a: Spectrier\n|-supereffective|p1a: Spectrier\n|-damage|p1a: Spectrier|100/274\n|move|p1a: Spectrier|Shadow Ball|p2a: Persian\n|-resisted|p2a: Persian\n|-damage|p2a: Persian|15/252\n|\n|-heal|p1a: Spectrier|117/274|[from] item: Leftovers\n|upkeep\n|turn|26\n|\n|t:|1781453281\n|move|p2a: Persian|Foul Play|p1a: Spectrier\n|-supereffective|p1a: Spectrier\n|-damage|p1a: Spectrier|0 fnt\n|faint|p1a: Spectrier\n|\n|upkeep\n|\n|t:|1781453283\n|switch|p1a: Toxtricity|Toxtricity, L82, F|241/257\n|turn|27\n|\n|t:|1781453292\n|move|p2a: Persian|Taunt|p1a: Toxtricity\n|-start|p1a: Toxtricity|move: Taunt\n|cant|p1a: Toxtricity|move: Taunt|Shift Gear\n|\n|upkeep\n|turn|28\n|\n|t:|1781453306\n|move|p2a: Persian|Foul Play|p1a: Toxtricity\n|-damage|p1a: Toxtricity|109/257\n|move|p1a: Toxtricity|Gunk Shot|p2a: Persian\n|-damage|p2a: Persian|0 fnt\n|faint|p2a: Persian\n|\n|upkeep\n|\n|t:|1781453313\n|switch|p2a: Slowbro|Slowbro-Galar, L87, F|307/307\n|-damage|p2a: Slowbro|269/307|[from] Stealth Rock\n|turn|29\n|\n|t:|1781453318\n|-terastallize|p1a: Toxtricity|Normal\n|move|p1a: Toxtricity|Boomburst|p2a: Slowbro\n|-damage|p2a: Slowbro|32/307\n|-enditem|p1a: Toxtricity|Throat Spray\n|-boost|p1a: Toxtricity|spa|1|[from] item: Throat Spray\n|move|p2a: Slowbro|Psychic|p1a: Toxtricity\n|-damage|p1a: Toxtricity|0 fnt\n|faint|p1a: Toxtricity\n|\n|win|64stadiumannouncer\n", "uploadtime": 1781452802, "views": 3, "formatid": "gen9randombattle", "rating": null, "private": 0, "password": null}