{"id": "gen9randombattle-2631887198", "format": "[Gen 9] Random Battle", "players": ["malpicatepica", "floofzykitten"], "log": "|j|\u2606malpicatepica\n|j|\u2606floofzykitten\n|t:|1781452172\n|gametype|singles\n|player|p1|malpicatepica|266|2015\n|player|p2|floofzykitten|2|2072\n|gen|9\n|tier|[Gen 9] Random Battle\n|rated|\n|rule|Species Clause: Limit one of each Pok\u00e9mon\n|rule|HP Percentage Mod: HP is shown in percentages\n|rule|Sleep Clause Mod: Limit one foe put to sleep\n|rule|Illusion Level Mod: Illusion disguises the Pok\u00e9mon's true level\n|\n|t:|1781452172\n|teamsize|p1|6\n|teamsize|p2|6\n|start\n|switch|p1a: Froslass|Froslass, L87, F|263/263\n|switch|p2a: Porygon-Z|Porygon-Z, L83|277/277\n|turn|1\n|inactive|Battle timer is ON: inactive players will automatically lose when time's up. (requested by malpicatepica)\n|\n|t:|1781452180\n|move|p1a: Froslass|Triple Axel|p2a: Porygon-Z\n|-damage|p2a: Porygon-Z|252/277\n|-damage|p2a: Porygon-Z|206/277\n|-damage|p2a: Porygon-Z|137/277\n|-hitcount|p2a: Porygon-Z|3\n|move|p2a: Porygon-Z|Agility|p2a: Porygon-Z\n|-boost|p2a: Porygon-Z|spe|2\n|\n|upkeep\n|turn|2\n|\n|t:|1781452182\n|move|p2a: Porygon-Z|Shadow Ball|p1a: Froslass\n|-supereffective|p1a: Froslass\n|-damage|p1a: Froslass|47/263\n|-unboost|p1a: Froslass|spd|1\n|-damage|p2a: Porygon-Z|110/277|[from] item: Life Orb\n|move|p1a: Froslass|Triple Axel|p2a: Porygon-Z\n|-damage|p2a: Porygon-Z|86/277\n|-damage|p2a: Porygon-Z|40/277\n|-damage|p2a: Porygon-Z|0 fnt\n|faint|p2a: Porygon-Z\n|-hitcount|p2: Porygon-Z|3\n|\n|upkeep\n|\n|t:|1781452194\n|switch|p2a: Qwilfish|Qwilfish, L86, F|252/252\n|-ability|p2a: Qwilfish|Intimidate|boost\n|-unboost|p1a: Froslass|atk|1\n|turn|3\n|\n|t:|1781452198\n|move|p1a: Froslass|Will-O-Wisp|p2a: Qwilfish\n|-status|p2a: Qwilfish|brn\n|move|p2a: Qwilfish|Waterfall|p1a: Froslass\n|-damage|p1a: Froslass|0 fnt\n|faint|p1a: Froslass\n|\n|-damage|p2a: Qwilfish|237/252 brn|[from] brn\n|upkeep\n|\n|t:|1781452201\n|switch|p1a: Morpeko|Morpeko, L88, M|245/245\n|turn|4\n|\n|t:|1781452211\n|switch|p2a: Toedscruel|Toedscruel, L87, F|281/281\n|move|p1a: Morpeko|Aura Wheel|p2a: Toedscruel\n|-immune|p2a: Toedscruel\n|\n|-formechange|p1a: Morpeko|Morpeko-Hangry||[from] ability: Hunger Switch\n|upkeep\n|turn|5\n|\n|t:|1781452214\n|move|p1a: Morpeko|Aura Wheel|p2a: Toedscruel\n|-damage|p2a: Toedscruel|122/281\n|-boost|p1a: Morpeko|spe|1\n|move|p2a: Toedscruel|Spore|p1a: Morpeko\n|-status|p1a: Morpeko|slp|[from] move: Spore\n|\n|-heal|p2a: Toedscruel|139/281|[from] item: Leftovers\n|-formechange|p1a: Morpeko|Morpeko||[from] ability: Hunger Switch\n|upkeep\n|turn|6\n|\n|t:|1781452222\n|switch|p1a: Hitmontop|Hitmontop, L88, M|231/231\n|-ability|p1a: Hitmontop|Intimidate|boost\n|-unboost|p2a: Toedscruel|atk|1\n|move|p2a: Toedscruel|Giga Drain|p1a: Hitmontop\n|-damage|p1a: Hitmontop|192/231\n|-heal|p2a: Toedscruel|159/281|[from] drain|[of] p1a: Hitmontop\n|\n|-heal|p2a: Toedscruel|176/281|[from] item: Leftovers\n|upkeep\n|turn|7\n|\n|t:|1781452227\n|switch|p2a: Qwilfish|Qwilfish, L86, F|237/252 brn\n|-ability|p2a: Qwilfish|Intimidate|boost\n|-unboost|p1a: Hitmontop|atk|1\n|move|p1a: Hitmontop|Earthquake|p2a: Qwilfish\n|-supereffective|p2a: Qwilfish\n|-crit|p2a: Qwilfish\n|-damage|p2a: Qwilfish|11/252 brn\n|\n|-heal|p2a: Qwilfish|26/252 brn|[from] item: Leftovers\n|-damage|p2a: Qwilfish|11/252 brn|[from] brn\n|upkeep\n|turn|8\n|\n|t:|1781452233\n|move|p2a: Qwilfish|Gunk Shot|p1a: Hitmontop\n|-damage|p1a: Hitmontop|129/231\n|move|p1a: Hitmontop|Rapid Spin|p2a: Qwilfish\n|-damage|p2a: Qwilfish|0 fnt\n|-boost|p1a: Hitmontop|spe|1\n|faint|p2a: Qwilfish\n|\n|upkeep\n|\n|t:|1781452241\n|switch|p2a: Misdreavus|Misdreavus, L90, M|254/254\n|turn|9\n|\n|t:|1781452246\n|switch|p1a: Inteleon|Inteleon, L81, F|246/246\n|move|p2a: Misdreavus|Calm Mind|p2a: Misdreavus\n|-boost|p2a: Misdreavus|spa|1\n|-boost|p2a: Misdreavus|spd|1\n|\n|upkeep\n|turn|10\n|\n|t:|1781452252\n|move|p1a: Inteleon|Scald|p2a: Misdreavus\n|-damage|p2a: Misdreavus|194/254\n|move|p2a: Misdreavus|Calm Mind|p2a: Misdreavus\n|-boost|p2a: Misdreavus|spa|1\n|-boost|p2a: Misdreavus|spd|1\n|\n|upkeep\n|turn|11\n|\n|t:|1781452255\n|move|p1a: Inteleon|Scald|p2a: Misdreavus\n|-damage|p2a: Misdreavus|142/254\n|move|p2a: Misdreavus|Calm Mind|p2a: Misdreavus\n|-boost|p2a: Misdreavus|spa|1\n|-boost|p2a: Misdreavus|spd|1\n|\n|upkeep\n|turn|12\n|\n|t:|1781452267\n|move|p1a: Inteleon|Scald|p2a: Misdreavus\n|-damage|p2a: Misdreavus|102/254\n|move|p2a: Misdreavus|Draining Kiss|p1a: Inteleon\n|-damage|p1a: Inteleon|127/246\n|-heal|p2a: Misdreavus|191/254|[from] drain|[of] p1a: Inteleon\n|\n|upkeep\n|turn|13\n|\n|t:|1781452271\n|move|p1a: Inteleon|Scald|p2a: Misdreavus\n|-damage|p2a: Misdreavus|154/254\n|move|p2a: Misdreavus|Calm Mind|p2a: Misdreavus\n|-boost|p2a: Misdreavus|spa|1\n|-boost|p2a: Misdreavus|spd|1\n|\n|upkeep\n|turn|14\n|\n|t:|1781452275\n|switch|p1a: Hitmontop|Hitmontop, L88, M|129/231\n|-ability|p1a: Hitmontop|Intimidate|boost\n|-unboost|p2a: Misdreavus|atk|1\n|move|p2a: Misdreavus|Draining Kiss|p1a: Hitmontop\n|-supereffective|p1a: Hitmontop\n|-damage|p1a: Hitmontop|0 fnt\n|-heal|p2a: Misdreavus|251/254|[from] drain|[of] p1a: Hitmontop\n|faint|p1a: Hitmontop\n|\n|upkeep\n|\n|t:|1781452278\n|switch|p1a: Barraskewda|Barraskewda, L81, M|231/231\n|turn|15\n|\n|t:|1781452289\n|-terastallize|p1a: Barraskewda|Water\n|-terastallize|p2a: Misdreavus|Fairy\n|move|p1a: Barraskewda|Waterfall|p2a: Misdreavus\n|-damage|p2a: Misdreavus|89/254\n|move|p2a: Misdreavus|Will-O-Wisp|p1a: Barraskewda\n|-status|p1a: Barraskewda|brn\n|\n|-damage|p1a: Barraskewda|217/231 brn|[from] brn\n|upkeep\n|turn|16\n|\n|t:|1781452297\n|move|p1a: Barraskewda|Waterfall|p2a: Misdreavus\n|-damage|p2a: Misdreavus|14/254\n|move|p2a: Misdreavus|Draining Kiss|p1a: Barraskewda\n|-damage|p1a: Barraskewda|0 fnt\n|-heal|p2a: Misdreavus|177/254|[from] drain|[of] p1a: Barraskewda\n|faint|p1a: Barraskewda\n|\n|upkeep\n|-message|malpicatepica forfeited.\n|\n|win|floofzykitten\n", "uploadtime": 1781452174, "views": 5, "formatid": "gen9randombattle", "rating": null, "private": 0, "password": null}