{"id": "gen9randombattle-2631736655", "format": "[Gen 9] Random Battle", "players": ["Random087", "Eepsilon"], "log": "|j|\u2606Random087\n|j|\u2606Eepsilon\n|t:|1781431199\n|gametype|singles\n|player|p1|Random087|265|1697\n|player|p2|Eepsilon|hanbei-conquest|1681\n|gen|9\n|tier|[Gen 9] Random Battle\n|rated|\n|rule|Species Clause: Limit one of each Pok\u00e9mon\n|rule|HP Percentage Mod: HP is shown in percentages\n|rule|Sleep Clause Mod: Limit one foe put to sleep\n|rule|Illusion Level Mod: Illusion disguises the Pok\u00e9mon's true level\n|\n|t:|1781431199\n|teamsize|p1|6\n|teamsize|p2|6\n|start\n|switch|p1a: Kleavor|Kleavor, L78, F|237/237\n|switch|p2a: Miraidon|Miraidon, L65|238/238\n|-fieldstart|move: Electric Terrain|[from] ability: Hadron Engine|[of] p2a: Miraidon\n|turn|1\n|inactive|Battle timer is ON: inactive players will automatically lose when time's up. (requested by Random087)\n|\n|t:|1781431220\n|move|p2a: Miraidon|Electro Drift|p1a: Kleavor\n|-damage|p1a: Kleavor|0 fnt\n|faint|p1a: Kleavor\n|-damage|p2a: Miraidon|215/238|[from] item: Life Orb\n|\n|upkeep\n|inactive|Random087 has 120 seconds left.\n|\n|t:|1781431254\n|switch|p1a: Iron Bundle|Iron Bundle, L78|215/215\n|-activate|p1a: Iron Bundle|ability: Quark Drive\n|-start|p1a: Iron Bundle|quarkdrivespe\n|turn|2\n|\n|t:|1781431270\n|switch|p2a: Medicham|Medicham, L86, M|243/243\n|move|p1a: Iron Bundle|Ice Beam|p2a: Medicham\n|-crit|p2a: Medicham\n|-damage|p2a: Medicham|0 fnt\n|faint|p2a: Medicham\n|\n|upkeep\n|\n|t:|1781431281\n|switch|p2a: Tauros|Tauros, L82, M|257/257\n|turn|3\n|inactive|Random087 has 120 seconds left.\n|inactive|Random087 has 90 seconds left.\n|inactive|Random087 has 60 seconds left.\n|inactive|Random087 has 30 seconds left.\n|inactive|Random087 has 20 seconds left.\n|inactive|Random087 has 15 seconds left.\n|\n|t:|1781431420\n|-terastallize|p1a: Iron Bundle|Ice\n|move|p1a: Iron Bundle|Ice Beam|p2a: Tauros\n|-damage|p2a: Tauros|3/257\n|move|p2a: Tauros|Body Slam|p1a: Iron Bundle\n|-damage|p1a: Iron Bundle|79/215\n|\n|upkeep\n|turn|4\n|inactive|Random087 has 25 seconds left this turn.\n|inactive|Random087 has 20 seconds left.\n|\n|t:|1781431429\n|move|p1a: Iron Bundle|Ice Beam|p2a: Tauros\n|-crit|p2a: Tauros\n|-damage|p2a: Tauros|0 fnt\n|faint|p2a: Tauros\n|\n|upkeep\n|\n|t:|1781431437\n|switch|p2a: Kleavor|Kleavor, L78, M|237/237\n|turn|5\n|inactive|Random087 has 30 seconds left.\n|\n|t:|1781431444\n|move|p1a: Iron Bundle|Ice Beam|p2a: Kleavor\n|-damage|p2a: Kleavor|0 fnt\n|faint|p2a: Kleavor\n|\n|-fieldend|move: Electric Terrain\n|-end|p1a: Iron Bundle|Quark Drive\n|upkeep\n|\n|t:|1781431455\n|switch|p2a: Spectrier|Spectrier, L75|274/274\n|turn|6\n|\n|t:|1781431460\n|move|p1a: Iron Bundle|Ice Beam|p2a: Spectrier\n|-damage|p2a: Spectrier|18/274\n|move|p2a: Spectrier|Dark Pulse|p1a: Iron Bundle\n|-damage|p1a: Iron Bundle|0 fnt\n|faint|p1a: Iron Bundle\n|-end|p1a: Iron Bundle|Quark Drive|[silent]\n|-ability|p2a: Spectrier|Grim Neigh|boost\n|-boost|p2a: Spectrier|spa|1\n|-damage|p2a: Spectrier|0 fnt|[from] item: Life Orb\n|faint|p2a: Spectrier\n|\n|upkeep\n|\n|t:|1781431480\n|switch|p1a: Morpeko|Morpeko, L88, M|245/245\n|switch|p2a: Miraidon|Miraidon, L65|215/238\n|-fieldstart|move: Electric Terrain|[from] ability: Hadron Engine|[of] p2a: Miraidon\n|turn|7\n|\n|t:|1781431493\n|move|p1a: Morpeko|Parting Shot|p2a: Miraidon\n|-unboost|p2a: Miraidon|atk|1\n|-unboost|p2a: Miraidon|spa|1\n|inactive|Random087 has 30 seconds left.\n|\n|t:|1781431506\n|switch|p1a: Tentacruel|Tentacruel, L84, F|272/272|[from] Parting Shot\n|move|p2a: Miraidon|Draco Meteor|p1a: Tentacruel\n|-damage|p1a: Tentacruel|171/272\n|-unboost|p2a: Miraidon|spa|2\n|-damage|p2a: Miraidon|192/238|[from] item: Life Orb\n|\n|-heal|p1a: Tentacruel|188/272|[from] item: Leftovers\n|upkeep\n|turn|8\n|inactive|Random087 has 30 seconds left.\n|\n|t:|1781431525\n|move|p1a: Tentacruel|Sludge Bomb|p2a: Miraidon\n|-crit|p2a: Miraidon\n|-damage|p2a: Miraidon|72/238\n|-status|p2a: Miraidon|psn\n|move|p2a: Miraidon|Electro Drift|p1a: Tentacruel\n|-supereffective|p1a: Tentacruel\n|-damage|p1a: Tentacruel|40/272\n|-damage|p2a: Miraidon|49/238 psn|[from] item: Life Orb\n|\n|-heal|p1a: Tentacruel|57/272|[from] item: Leftovers\n|-damage|p2a: Miraidon|20/238 psn|[from] psn\n|upkeep\n|turn|9\n|inactive|Random087 has 30 seconds left.\n|inactive|Random087 has 20 seconds left.\n|\n|t:|1781431550\n|move|p1a: Tentacruel|Rapid Spin|p2a: Miraidon\n|-damage|p2a: Miraidon|0 fnt\n|-boost|p1a: Tentacruel|spe|1\n|faint|p2a: Miraidon\n|\n|-heal|p1a: Tentacruel|74/272|[from] item: Leftovers\n|upkeep\n|\n|t:|1781431553\n|switch|p2a: Arboliva|Arboliva, L91, F|290/290\n|turn|10\n|inactive|Random087 has 30 seconds left.\n|\n|t:|1781431561\n|-terastallize|p2a: Arboliva|Poison\n|move|p1a: Tentacruel|Sludge Bomb|p2a: Arboliva\n|-resisted|p2a: Arboliva\n|-damage|p2a: Arboliva|260/290\n|-fieldstart|move: Grassy Terrain|[from] ability: Seed Sower|[of] p2a: Arboliva\n|move|p2a: Arboliva|Hyper Voice|p1a: Tentacruel\n|-damage|p1a: Tentacruel|0 fnt\n|faint|p1a: Tentacruel\n|\n|-heal|p2a: Arboliva|278/290|[from] Grassy Terrain\n|-heal|p2a: Arboliva|290/290|[from] item: Leftovers\n|upkeep\n|inactive|Random087 has 30 seconds left.\n|\n|t:|1781431573\n|switch|p1a: Latios|Latios, L78, M|253/253\n|turn|11\n|inactive|Random087 has 30 seconds left.\n|\n|t:|1781431581\n|move|p1a: Latios|Psyshock|p2a: Arboliva\n|-supereffective|p2a: Arboliva\n|-damage|p2a: Arboliva|92/290\n|move|p2a: Arboliva|Hyper Voice|p1a: Latios\n|-damage|p1a: Latios|135/253\n|\n|-heal|p2a: Arboliva|110/290|[from] Grassy Terrain\n|-heal|p2a: Arboliva|128/290|[from] item: Leftovers\n|upkeep\n|turn|12\n|-message|Eepsilon forfeited.\n|\n|win|Random087\n|raw|Random087's rating: 1697 &rarr; <strong>1716</strong><br />(+19 for winning)\n|raw|Eepsilon's rating: 1681 &rarr; <strong>1662</strong><br />(-19 for losing)\n|l|\u2606Eepsilon\n|player|p2|\n", "uploadtime": 1781431590, "views": 4, "formatid": "gen9randombattle", "rating": 1662, "private": 0, "password": null}