{"id": "gen9randombattle-2631585897", "format": "[Gen 9] Random Battle", "players": ["kanekdkskskas", "Elylra"], "log": "|j|\u203dkanekdkskskas\n|j|\u2606Elylra\n|t:|1781404896\n|gametype|singles\n|player|p1|kanekdkskskas|101|1040\n|player|p2|Elylra|n|1065\n|gen|9\n|tier|[Gen 9] Random Battle\n|rated|\n|rule|Species Clause: Limit one of each Pok\u00e9mon\n|rule|HP Percentage Mod: HP is shown in percentages\n|rule|Sleep Clause Mod: Limit one foe put to sleep\n|rule|Illusion Level Mod: Illusion disguises the Pok\u00e9mon's true level\n|\n|t:|1781404896\n|teamsize|p1|6\n|teamsize|p2|6\n|start\n|switch|p1a: Hitmonlee|Hitmonlee, L85, M|224/224\n|switch|p2a: Kingambit|Kingambit, L74, F|270/270\n|turn|1\n|inactive|Battle timer is ON: inactive players will automatically lose when time's up. (requested by Elylra)\n|\n|t:|1781404908\n|-terastallize|p2a: Kingambit|Flying\n|move|p1a: Hitmonlee|Close Combat|p2a: Kingambit\n|-resisted|p2a: Kingambit\n|-damage|p2a: Kingambit|207/270\n|-unboost|p1a: Hitmonlee|def|1\n|-unboost|p1a: Hitmonlee|spd|1\n|-enditem|p1a: Hitmonlee|White Herb\n|-clearnegativeboost|p1a: Hitmonlee|[silent]\n|move|p2a: Kingambit|Swords Dance|p2a: Kingambit\n|-boost|p2a: Kingambit|atk|2\n|\n|-heal|p2a: Kingambit|223/270|[from] item: Leftovers\n|upkeep\n|turn|2\n|\n|t:|1781404925\n|move|p1a: Hitmonlee|Poison Jab|p2a: Kingambit\n|-damage|p2a: Kingambit|165/270\n|-status|p2a: Kingambit|psn\n|move|p2a: Kingambit|Swords Dance|p2a: Kingambit\n|-boost|p2a: Kingambit|atk|2\n|\n|-heal|p2a: Kingambit|181/270 psn|[from] item: Leftovers\n|-damage|p2a: Kingambit|148/270 psn|[from] psn\n|upkeep\n|turn|3\n|\n|t:|1781404937\n|move|p1a: Hitmonlee|Poison Jab|p2a: Kingambit\n|-damage|p2a: Kingambit|92/270 psn\n|move|p2a: Kingambit|Iron Head|p1a: Hitmonlee\n|-damage|p1a: Hitmonlee|0 fnt\n|faint|p1a: Hitmonlee\n|\n|-heal|p2a: Kingambit|108/270 psn|[from] item: Leftovers\n|-damage|p2a: Kingambit|75/270 psn|[from] psn\n|upkeep\n|inactive|kanekdkskskas has 120 seconds left.\n|\n|t:|1781404966\n|switch|p1a: Iron Boulder|Iron Boulder, L77|265/265\n|-enditem|p1a: Iron Boulder|Booster Energy\n|-activate|p1a: Iron Boulder|ability: Quark Drive|[fromitem]\n|-start|p1a: Iron Boulder|quarkdrivespe\n|turn|4\n|\n|t:|1781404973\n|move|p2a: Kingambit|Sucker Punch|p1a: Iron Boulder\n|-supereffective|p1a: Iron Boulder\n|-damage|p1a: Iron Boulder|0 fnt\n|faint|p1a: Iron Boulder\n|-end|p1a: Iron Boulder|Quark Drive|[silent]\n|\n|-heal|p2a: Kingambit|91/270 psn|[from] item: Leftovers\n|-damage|p2a: Kingambit|58/270 psn|[from] psn\n|upkeep\n|\n|t:|1781404982\n|switch|p1a: Excadrill|Excadrill, L79, M|303/303\n|-ability|p1a: Excadrill|Mold Breaker\n|turn|5\n|\n|t:|1781404988\n|move|p2a: Kingambit|Sucker Punch|p1a: Excadrill\n|-damage|p1a: Excadrill|0 fnt\n|faint|p1a: Excadrill\n|\n|-heal|p2a: Kingambit|74/270 psn|[from] item: Leftovers\n|-damage|p2a: Kingambit|41/270 psn|[from] psn\n|upkeep\n|\n|t:|1781404991\n|switch|p1a: Hitmontop|Hitmontop, L88, M|231/231\n|turn|6\n|\n|t:|1781404996\n|move|p1a: Hitmontop|Bulk Up|p1a: Hitmontop\n|-boost|p1a: Hitmontop|atk|1\n|-boost|p1a: Hitmontop|def|1\n|move|p2a: Kingambit|Iron Head|p1a: Hitmontop\n|-damage|p1a: Hitmontop|78/231\n|\n|-heal|p1a: Hitmontop|92/231|[from] item: Leftovers\n|-heal|p2a: Kingambit|57/270 psn|[from] item: Leftovers\n|-damage|p2a: Kingambit|24/270 psn|[from] psn\n|upkeep\n|turn|7\n|\n|t:|1781405003\n|move|p1a: Hitmontop|Bulk Up|p1a: Hitmontop\n|-boost|p1a: Hitmontop|atk|1\n|-boost|p1a: Hitmontop|def|1\n|move|p2a: Kingambit|Iron Head|p1a: Hitmontop\n|-damage|p1a: Hitmontop|0 fnt\n|faint|p1a: Hitmontop\n|\n|-heal|p2a: Kingambit|40/270 psn|[from] item: Leftovers\n|-damage|p2a: Kingambit|7/270 psn|[from] psn\n|upkeep\n|l|\u203dkanekdkskskas\n|inactive|kanekdkskskas disconnected and has a minute to reconnect!\n|player|p1|\n|inactive|kanekdkskskas has 30 seconds to reconnect!\n|inactive|kanekdkskskas has 20 seconds to reconnect!\n|inactive|kanekdkskskas has 15 seconds to reconnect!\n|inactive|kanekdkskskas has 10 seconds to reconnect!\n|inactive|kanekdkskskas has 5 seconds to reconnect!\n|-message|kanekdkskskas lost due to inactivity.\n|\n|win|Elylra\n|raw|kanekdkskskas's rating: 1040 &rarr; <strong>1025</strong><br />(-15 for losing)\n|raw|Elylra's rating: 1065 &rarr; <strong>1093</strong><br />(+28 for winning)\n", "uploadtime": 1781405085, "views": 10, "formatid": "gen9randombattle", "rating": 1025, "private": 0, "password": null}