{"id": "gen9randombattle-2631993484", "format": "[Gen 9] Random Battle", "players": ["alvx", "Sowla"], "log": "|badge|p2|bronze|gen9randombattle|100-9\n|uhtml|medal-msg|<div class=\"broadcast-blue\">Curious what those medals under the avatar are? PS now has Ladder Seasons! For more information, check out the <a href=\"https://www.smogon.com/forums/threads/3740067/\">thread on Smogon.</a></div>\n|j|\u2606alvx\n|j|\u2606Sowla\n|t:|1781463764\n|gametype|singles\n|player|p1|alvx|alder|2217\n|player|p2|Sowla|101|2330\n|gen|9\n|tier|[Gen 9] Random Battle\n|rated|\n|rule|Species Clause: Limit one of each Pok\u00e9mon\n|rule|HP Percentage Mod: HP is shown in percentages\n|rule|Sleep Clause Mod: Limit one foe put to sleep\n|rule|Illusion Level Mod: Illusion disguises the Pok\u00e9mon's true level\n|\n|t:|1781463764\n|teamsize|p1|6\n|teamsize|p2|6\n|start\n|switch|p1a: Ninetales|Ninetales, L85, M|263/263\n|switch|p2a: Blaziken|Blaziken, L76, F|247/247\n|-weather|SunnyDay|[from] ability: Drought|[of] p1a: Ninetales\n|turn|1\n|inactive|Battle timer is ON: inactive players will automatically lose when time's up. (requested by alvx)\n|inactive|Sowla also wants the timer to be on.\n|\n|t:|1781463794\n|move|p1a: Ninetales|Scorching Sands|p2a: Blaziken\n|-supereffective|p2a: Blaziken\n|-crit|p2a: Blaziken\n|-damage|p2a: Blaziken|61/247\n|move|p2a: Blaziken|Swords Dance|p2a: Blaziken\n|-boost|p2a: Blaziken|atk|2\n|\n|-weather|SunnyDay|[upkeep]\n|-ability|p2a: Blaziken|Speed Boost|boost\n|-boost|p2a: Blaziken|spe|1\n|upkeep\n|turn|2\n|\n|t:|1781463811\n|switch|p1a: Hypno|Hypno, L95, M|315/315\n|move|p2a: Blaziken|Stone Edge|p1a: Hypno\n|-damage|p1a: Hypno|112/315\n|-damage|p2a: Blaziken|37/247|[from] item: Life Orb\n|\n|-weather|SunnyDay|[upkeep]\n|-heal|p1a: Hypno|131/315|[from] item: Leftovers\n|-ability|p2a: Blaziken|Speed Boost|boost\n|-boost|p2a: Blaziken|spe|1\n|upkeep\n|turn|3\n|\n|t:|1781463824\n|move|p2a: Blaziken|Close Combat|p1a: Hypno\n|-resisted|p1a: Hypno\n|-damage|p1a: Hypno|0 fnt\n|-unboost|p2a: Blaziken|def|1\n|-unboost|p2a: Blaziken|spd|1\n|faint|p1a: Hypno\n|-damage|p2a: Blaziken|13/247|[from] item: Life Orb\n|\n|-weather|SunnyDay|[upkeep]\n|-ability|p2a: Blaziken|Speed Boost|boost\n|-boost|p2a: Blaziken|spe|1\n|upkeep\n|inactive|alvx has 120 seconds left.\n|inactive|alvx has 90 seconds left.\n|\n|t:|1781463884\n|switch|p1a: Ninetales|Ninetales, L85, M|263/263\n|turn|4\n|\n|t:|1781463889\n|move|p2a: Blaziken|Close Combat|p1a: Ninetales\n|-damage|p1a: Ninetales|0 fnt\n|-unboost|p2a: Blaziken|def|1\n|-unboost|p2a: Blaziken|spd|1\n|faint|p1a: Ninetales\n|-damage|p2a: Blaziken|0 fnt|[from] item: Life Orb\n|faint|p2a: Blaziken\n|\n|-weather|SunnyDay|[upkeep]\n|upkeep\n|inactive|alvx has 90 seconds left.\n|\n|t:|1781463894\n|switch|p1a: Morpeko|Morpeko, L88, F|245/245\n|switch|p2a: Entei|Entei, L78|307/307\n|turn|5\n|\n|t:|1781463902\n|move|p1a: Morpeko|Protect|p1a: Morpeko\n|-singleturn|p1a: Morpeko|Protect\n|move|p2a: Entei|Sacred Fire|p1a: Morpeko\n|-activate|p1a: Morpeko|move: Protect\n|\n|-weather|none\n|-formechange|p1a: Morpeko|Morpeko-Hangry||[from] ability: Hunger Switch\n|upkeep\n|turn|6\n|\n|t:|1781463910\n|move|p1a: Morpeko|Parting Shot|p2a: Entei\n|-unboost|p2a: Entei|atk|1\n|-unboost|p2a: Entei|spa|1\n|\n|t:|1781463917\n|switch|p1a: Cinderace|Cinderace, L77, F|249/249|[from] Parting Shot\n|move|p2a: Entei|Sacred Fire|p1a: Cinderace\n|-resisted|p1a: Cinderace\n|-damage|p1a: Cinderace|187/249\n|\n|upkeep\n|turn|7\n|\n|t:|1781463934\n|move|p1a: Cinderace|Gunk Shot|p2a: Entei\n|-start|p1a: Cinderace|typechange|Poison|[from] ability: Libero\n|-damage|p2a: Entei|120/307\n|move|p2a: Entei|Sacred Fire|p1a: Cinderace\n|-damage|p1a: Cinderace|63/249\n|-status|p1a: Cinderace|brn\n|\n|-damage|p1a: Cinderace|48/249 brn|[from] brn\n|upkeep\n|turn|8\n|\n|t:|1781463945\n|switch|p2a: Flygon|Flygon, L82, M|265/265\n|move|p1a: Cinderace|Gunk Shot|p2a: Flygon\n|-resisted|p2a: Flygon\n|-damage|p2a: Flygon|217/265\n|\n|-damage|p1a: Cinderace|33/249 brn|[from] brn\n|upkeep\n|turn|9\n|\n|t:|1781463962\n|move|p1a: Cinderace|Gunk Shot|p2a: Flygon\n|-resisted|p2a: Flygon\n|-damage|p2a: Flygon|163/265\n|move|p2a: Flygon|Dragon Dance|p2a: Flygon\n|-boost|p2a: Flygon|atk|1\n|-boost|p2a: Flygon|spe|1\n|\n|-damage|p1a: Cinderace|18/249 brn|[from] brn\n|upkeep\n|turn|10\n|\n|t:|1781463968\n|move|p2a: Flygon|Dragon Dance|p2a: Flygon\n|-boost|p2a: Flygon|atk|1\n|-boost|p2a: Flygon|spe|1\n|move|p1a: Cinderace|Gunk Shot|p2a: Flygon\n|-resisted|p2a: Flygon\n|-damage|p2a: Flygon|115/265\n|\n|-damage|p1a: Cinderace|3/249 brn|[from] brn\n|upkeep\n|turn|11\n|\n|t:|1781463972\n|move|p2a: Flygon|Dragon Dance|p2a: Flygon\n|-boost|p2a: Flygon|atk|1\n|-boost|p2a: Flygon|spe|1\n|move|p1a: Cinderace|Gunk Shot|p2a: Flygon|[miss]\n|-miss|p1a: Cinderace|p2a: Flygon\n|\n|-damage|p1a: Cinderace|0 fnt|[from] brn\n|faint|p1a: Cinderace\n|upkeep\n|inactive|alvx has 120 seconds left.\n|\n|t:|1781463980\n|switch|p1a: Glastrier|Glastrier, L86|311/311\n|turn|12\n|\n|t:|1781463989\n|move|p2a: Flygon|Earthquake|p1a: Glastrier\n|-damage|p1a: Glastrier|121/311\n|move|p1a: Glastrier|Close Combat|p2a: Flygon\n|-damage|p2a: Flygon|0 fnt\n|-unboost|p1a: Glastrier|def|1\n|-unboost|p1a: Glastrier|spd|1\n|faint|p2a: Flygon\n|-ability|p1a: Glastrier|Chilling Neigh|boost\n|-boost|p1a: Glastrier|atk|1\n|\n|upkeep\n|\n|t:|1781464006\n|switch|p2a: Lurantis|Lurantis, L87, F|264/264\n|turn|13\n|inactive|alvx has 120 seconds left.\n|\n|t:|1781464034\n|-terastallize|p2a: Lurantis|Fighting\n|move|p2a: Lurantis|Superpower|p1a: Glastrier\n|-supereffective|p1a: Glastrier\n|-damage|p1a: Glastrier|0 fnt\n|-boost|p2a: Lurantis|atk|1\n|-boost|p2a: Lurantis|def|1\n|faint|p1a: Glastrier\n|\n|upkeep\n|\n|t:|1781464045\n|switch|p1a: Porygon-Z|Porygon-Z, L83|277/277\n|turn|14\n|\n|t:|1781464057\n|-terastallize|p1a: Porygon-Z|Fighting\n|move|p1a: Porygon-Z|Nasty Plot|p1a: Porygon-Z\n|-boost|p1a: Porygon-Z|spa|2\n|move|p2a: Lurantis|Superpower|p1a: Porygon-Z\n|-damage|p1a: Porygon-Z|9/277\n|-boost|p2a: Lurantis|atk|1\n|-boost|p2a: Lurantis|def|1\n|\n|upkeep\n|turn|15\n|\n|t:|1781464068\n|switch|p2a: Entei|Entei, L78|120/307\n|move|p1a: Porygon-Z|Tera Blast|p2a: Entei|[anim] Tera Blast Fighting\n|-damage|p2a: Entei|0 fnt\n|faint|p2a: Entei\n|-damage|p1a: Porygon-Z|0 fnt|[from] item: Life Orb\n|faint|p1a: Porygon-Z\n|\n|upkeep\n|\n|t:|1781464073\n|switch|p2a: Lurantis|Lurantis, L87, F, tera:Fighting|264/264\n|switch|p1a: Morpeko|Morpeko, L88, F|245/245\n|turn|16\n|\n|t:|1781464080\n|move|p1a: Morpeko|Aura Wheel|p2a: Lurantis\n|-damage|p2a: Lurantis|155/264\n|-boost|p1a: Morpeko|spe|1\n|move|p2a: Lurantis|Superpower|p1a: Morpeko\n|-supereffective|p1a: Morpeko\n|-damage|p1a: Morpeko|0 fnt\n|-boost|p2a: Lurantis|atk|1\n|-boost|p2a: Lurantis|def|1\n|faint|p1a: Morpeko\n|\n|win|Sowla\n", "uploadtime": 1781463766, "views": 3, "formatid": "gen9randombattle", "rating": null, "private": 0, "password": null}