{"id": "gen9randombattle-2631636273", "format": "[Gen 9] Random Battle", "players": ["lianfan", "mechroape"], "log": "|j|\u2606lianfan\n|j|\u2606mechroape\n|t:|1781412547\n|gametype|singles\n|player|p1|lianfan|170|2032\n|player|p2|mechroape|brycen|1965\n|gen|9\n|tier|[Gen 9] Random Battle\n|rated|\n|rule|Species Clause: Limit one of each Pok\u00e9mon\n|rule|HP Percentage Mod: HP is shown in percentages\n|rule|Sleep Clause Mod: Limit one foe put to sleep\n|rule|Illusion Level Mod: Illusion disguises the Pok\u00e9mon's true level\n|\n|t:|1781412547\n|teamsize|p1|6\n|teamsize|p2|6\n|start\n|switch|p1a: Wugtrio|Wugtrio, L91, F|212/212\n|switch|p2a: Flutter Mane|Flutter Mane, L74|203/203\n|turn|1\n|inactive|Battle timer is ON: inactive players will automatically lose when time's up. (requested by lianfan)\n|inactive|mechroape also wants the timer to be on.\n|\n|t:|1781412558\n|move|p1a: Wugtrio|Liquidation|p2a: Flutter Mane\n|-damage|p2a: Flutter Mane|0 fnt\n|faint|p2a: Flutter Mane\n|-end|p2a: Flutter Mane|Protosynthesis|[silent]\n|\n|upkeep\n|\n|t:|1781412562\n|switch|p2a: Electrode|Electrode, L92|260/260\n|turn|2\n|\n|t:|1781412568\n|switch|p1a: Hydrapple|Hydrapple, L83, F|312/312\n|move|p2a: Electrode|Thunderbolt|p1a: Hydrapple\n|-resisted|p1a: Hydrapple\n|-damage|p1a: Hydrapple|295/312\n|-status|p1a: Hydrapple|par\n|\n|upkeep\n|turn|3\n|\n|t:|1781412577\n|move|p2a: Electrode|Foul Play|p1a: Hydrapple\n|-damage|p1a: Hydrapple|245/312 par\n|cant|p1a: Hydrapple|par\n|\n|upkeep\n|turn|4\n|\n|t:|1781412588\n|move|p2a: Electrode|Foul Play|p1a: Hydrapple\n|-damage|p1a: Hydrapple|194/312 par\n|move|p1a: Hydrapple|Fickle Beam|p2a: Electrode\n|-damage|p2a: Electrode|155/260\n|\n|-heal|p2a: Electrode|171/260|[from] item: Leftovers\n|upkeep\n|turn|5\n|\n|t:|1781412597\n|move|p2a: Electrode|Foul Play|p1a: Hydrapple\n|-damage|p1a: Hydrapple|145/312 par\n|move|p1a: Hydrapple|Earth Power|p2a: Electrode\n|-supereffective|p2a: Electrode\n|-damage|p2a: Electrode|21/260\n|\n|-heal|p2a: Electrode|37/260|[from] item: Leftovers\n|upkeep\n|turn|6\n|\n|t:|1781412604\n|switch|p2a: Krookodile|Krookodile, L79, M|280/280\n|-ability|p2a: Krookodile|Intimidate|boost\n|-unboost|p1a: Hydrapple|atk|1\n|move|p1a: Hydrapple|Fickle Beam|p2a: Krookodile|[anim] Fickle Beam All Out\n|-activate|p1a: Hydrapple|move: Fickle Beam\n|-damage|p2a: Krookodile|24/280\n|\n|-heal|p2a: Krookodile|41/280|[from] item: Leftovers\n|upkeep\n|turn|7\n|\n|t:|1781412630\n|switch|p1a: Terrakion|Terrakion, L79|273/273\n|move|p2a: Krookodile|Knock Off|p1a: Terrakion\n|-resisted|p1a: Terrakion\n|-crit|p1a: Terrakion\n|-damage|p1a: Terrakion|191/273\n|-ability|p1a: Terrakion|Justified|boost\n|-boost|p1a: Terrakion|atk|1\n|-enditem|p1a: Terrakion|Life Orb|[from] move: Knock Off|[of] p2a: Krookodile\n|\n|-heal|p2a: Krookodile|58/280|[from] item: Leftovers\n|upkeep\n|turn|8\n|\n|t:|1781412647\n|switch|p2a: Electrode|Electrode, L92|37/260\n|move|p1a: Terrakion|Close Combat|p2a: Electrode\n|-damage|p2a: Electrode|0 fnt\n|-unboost|p1a: Terrakion|def|1\n|-unboost|p1a: Terrakion|spd|1\n|faint|p2a: Electrode\n|\n|upkeep\n|\n|t:|1781412653\n|switch|p2a: Spectrier|Spectrier, L75|274/274\n|turn|9\n|\n|t:|1781412663\n|move|p2a: Spectrier|Shadow Ball|p1a: Terrakion\n|-crit|p1a: Terrakion\n|-damage|p1a: Terrakion|0 fnt\n|faint|p1a: Terrakion\n|-ability|p2a: Spectrier|Grim Neigh|boost\n|-boost|p2a: Spectrier|spa|1\n|-damage|p2a: Spectrier|247/274|[from] item: Life Orb\n|\n|upkeep\n|\n|t:|1781412667\n|switch|p1a: Wugtrio|Wugtrio, L91, F|212/212\n|turn|10\n|\n|t:|1781412680\n|switch|p2a: Krookodile|Krookodile, L79, M|58/280\n|-ability|p2a: Krookodile|Intimidate|boost\n|-unboost|p1a: Wugtrio|atk|1\n|move|p1a: Wugtrio|Liquidation|p2a: Krookodile\n|-supereffective|p2a: Krookodile\n|-damage|p2a: Krookodile|0 fnt\n|faint|p2a: Krookodile\n|\n|upkeep\n|\n|t:|1781412686\n|switch|p2a: Spectrier|Spectrier, L75|247/274\n|turn|11\n|\n|t:|1781412690\n|move|p1a: Wugtrio|Liquidation|p2a: Spectrier\n|-damage|p2a: Spectrier|84/274\n|move|p2a: Spectrier|Will-O-Wisp|p1a: Wugtrio\n|-status|p1a: Wugtrio|brn\n|\n|-damage|p1a: Wugtrio|199/212 brn|[from] brn\n|upkeep\n|turn|12\n|\n|t:|1781412696\n|move|p1a: Wugtrio|Liquidation|p2a: Spectrier\n|-damage|p2a: Spectrier|11/274\n|-unboost|p2a: Spectrier|def|1\n|move|p2a: Spectrier|Shadow Ball|p1a: Wugtrio\n|-damage|p1a: Wugtrio|65/212 brn\n|-damage|p2a: Spectrier|0 fnt|[from] item: Life Orb\n|faint|p2a: Spectrier\n|\n|-damage|p1a: Wugtrio|52/212 brn|[from] brn\n|upkeep\n|\n|t:|1781412701\n|switch|p2a: Excadrill|Excadrill, L79, F|303/303\n|-ability|p2a: Excadrill|Mold Breaker\n|turn|13\n|\n|t:|1781412706\n|move|p1a: Wugtrio|Liquidation|p2a: Excadrill\n|-supereffective|p2a: Excadrill\n|-damage|p2a: Excadrill|146/303\n|-unboost|p2a: Excadrill|def|1\n|move|p2a: Excadrill|Rapid Spin|p1a: Wugtrio\n|-damage|p1a: Wugtrio|0 fnt\n|-boost|p2a: Excadrill|spe|1\n|-ability|p1a: Wugtrio|Gooey\n|-unboost|p2a: Excadrill|spe|1\n|faint|p1a: Wugtrio\n|\n|upkeep\n|\n|t:|1781412724\n|switch|p1a: Iron Leaves|Iron Leaves, L80|275/275\n|turn|14\n|\n|t:|1781412740\n|move|p1a: Iron Leaves|Leaf Blade|p2a: Excadrill\n|-crit|p2a: Excadrill\n|-damage|p2a: Excadrill|0 fnt\n|faint|p2a: Excadrill\n|\n|upkeep\n|\n|t:|1781412743\n|switch|p2a: Minior|Minior-Indigo, L79|224/224\n|-formechange|p2a: Minior|Minior-Meteor||[from] ability: Shields Down\n|turn|15\n|\n|t:|1781412755\n|-end|p1a: Iron Leaves|Quark Drive|[silent]\n|switch|p1a: Uxie|Uxie, L83|260/260\n|move|p2a: Minior|Shell Smash|p2a: Minior\n|-unboost|p2a: Minior|def|1\n|-unboost|p2a: Minior|spd|1\n|-boost|p2a: Minior|atk|2\n|-boost|p2a: Minior|spa|2\n|-boost|p2a: Minior|spe|2\n|-enditem|p2a: Minior|White Herb\n|-clearnegativeboost|p2a: Minior|[silent]\n|\n|upkeep\n|turn|16\n|\n|t:|1781412769\n|move|p2a: Minior|Acrobatics|p1a: Uxie\n|-damage|p1a: Uxie|145/260\n|move|p1a: Uxie|Yawn|p2a: Minior\n|-immune|p2a: Minior|[from] ability: Shields Down\n|\n|-heal|p1a: Uxie|161/260|[from] item: Leftovers\n|upkeep\n|turn|17\n|\n|t:|1781412781\n|move|p2a: Minior|Acrobatics|p1a: Uxie\n|-damage|p1a: Uxie|61/260\n|move|p1a: Uxie|Encore|p2a: Minior\n|-start|p2a: Minior|Encore\n|\n|-heal|p1a: Uxie|77/260|[from] item: Leftovers\n|upkeep\n|turn|18\n|\n|t:|1781412790\n|move|p2a: Minior|Acrobatics|p1a: Uxie\n|-damage|p1a: Uxie|0 fnt\n|faint|p1a: Uxie\n|\n|upkeep\n|\n|t:|1781412799\n|switch|p1a: Hydrapple|Hydrapple, L83, F|249/312 par\n|turn|19\n|\n|t:|1781412807\n|-terastallize|p1a: Hydrapple|Steel\n|move|p2a: Minior|Acrobatics|p1a: Hydrapple\n|-resisted|p1a: Hydrapple\n|-damage|p1a: Hydrapple|189/312 par\n|move|p1a: Hydrapple|Fickle Beam|p2a: Minior\n|-damage|p2a: Minior|128/224\n|\n|upkeep\n|turn|20\n|\n|t:|1781412818\n|move|p2a: Minior|Acrobatics|p1a: Hydrapple\n|-resisted|p1a: Hydrapple\n|-damage|p1a: Hydrapple|131/312 par\n|move|p1a: Hydrapple|Leaf Storm|p2a: Minior\n|-damage|p2a: Minior|0 fnt\n|-unboost|p1a: Hydrapple|spa|2\n|faint|p2a: Minior\n|\n|win|lianfan\n", "uploadtime": 1781412549, "views": 3, "formatid": "gen9randombattle", "rating": null, "private": 0, "password": null}