{"id": "gen9randombattle-2631522045", "format": "[Gen 9] Random Battle", "players": ["phantasmiccat", "KlausUnbound"], "log": "|badge|p1|bronze|gen9ru|100-9\n|uhtml|medal-msg|<div class=\"broadcast-blue\">Curious what those medals under the avatar are? PS now has Ladder Seasons! For more information, check out the <a href=\"https://www.smogon.com/forums/threads/3740067/\">thread on Smogon.</a></div>\n|j|\u2606phantasmiccat\n|j|\u2606KlausUnbound\n|t:|1781396099\n|gametype|singles\n|player|p1|phantasmiccat|miku-grass|2256\n|player|p2|KlausUnbound|heroine2-conquest|2292\n|gen|9\n|tier|[Gen 9] Random Battle\n|rated|\n|rule|Species Clause: Limit one of each Pok\u00e9mon\n|rule|HP Percentage Mod: HP is shown in percentages\n|rule|Sleep Clause Mod: Limit one foe put to sleep\n|rule|Illusion Level Mod: Illusion disguises the Pok\u00e9mon's true level\n|\n|t:|1781396099\n|teamsize|p1|6\n|teamsize|p2|6\n|start\n|switch|p1a: Groudon|Groudon, L72|263/263\n|switch|p2a: Mimikyu|Mimikyu, L79, M|216/216\n|-weather|SunnyDay|[from] ability: Drought|[of] p1a: Groudon\n|turn|1\n|inactive|Battle timer is ON: inactive players will automatically lose when time's up. (requested by KlausUnbound)\n|\n|t:|1781396114\n|switch|p2a: Regigigas|Regigigas, L84|322/322\n|-start|p2a: Regigigas|ability: Slow Start\n|move|p1a: Groudon|Stealth Rock|p2a: Regigigas\n|-sidestart|p2: KlausUnbound|move: Stealth Rock\n|\n|-weather|SunnyDay|[upkeep]\n|upkeep\n|turn|2\n|\n|t:|1781396118\n|move|p2a: Regigigas|Body Slam|p1a: Groudon\n|-damage|p1a: Groudon|211/263\n|move|p1a: Groudon|Roar|p2a: Regigigas\n|drag|p2a: Mimikyu|Mimikyu, L79, M|216/216\n|-damage|p2a: Mimikyu|189/216|[from] Stealth Rock\n|\n|-weather|SunnyDay|[upkeep]\n|-heal|p1a: Groudon|227/263|[from] item: Leftovers\n|upkeep\n|turn|3\n|j| rufoush\n|\n|t:|1781396123\n|move|p2a: Mimikyu|Swords Dance|p2a: Mimikyu\n|-boost|p2a: Mimikyu|atk|2\n|move|p1a: Groudon|Heat Crash|p2a: Mimikyu\n|-activate|p2a: Mimikyu|ability: Disguise\n|-damage|p2a: Mimikyu|189/216\n|detailschange|p2a: Mimikyu|Mimikyu-Busted, L79, M\n|-damage|p2a: Mimikyu|162/216|[from] pokemon: Mimikyu-Busted\n|\n|-weather|SunnyDay|[upkeep]\n|-heal|p1a: Groudon|243/263|[from] item: Leftovers\n|upkeep\n|turn|4\n|\n|t:|1781396128\n|move|p2a: Mimikyu|Drain Punch|p1a: Groudon\n|-damage|p1a: Groudon|157/263\n|-heal|p2a: Mimikyu|205/216|[from] drain|[of] p1a: Groudon\n|-damage|p2a: Mimikyu|184/216|[from] item: Life Orb\n|move|p1a: Groudon|Heat Crash|p2a: Mimikyu\n|-damage|p2a: Mimikyu|29/216\n|\n|-weather|SunnyDay|[upkeep]\n|-heal|p1a: Groudon|173/263|[from] item: Leftovers\n|upkeep\n|turn|5\n|\n|t:|1781396134\n|move|p2a: Mimikyu|Play Rough|p1a: Groudon\n|-damage|p1a: Groudon|13/263\n|-damage|p2a: Mimikyu|8/216|[from] item: Life Orb\n|move|p1a: Groudon|Heat Crash|p2a: Mimikyu\n|-damage|p2a: Mimikyu|0 fnt\n|faint|p2a: Mimikyu\n|\n|-weather|none\n|-heal|p1a: Groudon|29/263|[from] item: Leftovers\n|upkeep\n|\n|t:|1781396146\n|switch|p2a: Regigigas|Regigigas, L84|322/322\n|-damage|p2a: Regigigas|282/322|[from] Stealth Rock\n|-start|p2a: Regigigas|ability: Slow Start\n|turn|6\n|\n|t:|1781396150\n|move|p1a: Groudon|Precipice Blades|p2a: Regigigas\n|-damage|p2a: Regigigas|176/322\n|move|p2a: Regigigas|Body Slam|p1a: Groudon\n|-damage|p1a: Groudon|0 fnt\n|faint|p1a: Groudon\n|\n|-heal|p2a: Regigigas|196/322|[from] item: Leftovers\n|upkeep\n|\n|t:|1781396164\n|switch|p1a: Spidops|Spidops, L96, M|271/271\n|turn|7\n|\n|t:|1781396169\n|move|p1a: Spidops|Sticky Web|p2a: Regigigas\n|-sidestart|p2: KlausUnbound|move: Sticky Web\n|move|p2a: Regigigas|Body Slam|p1a: Spidops\n|-damage|p1a: Spidops|211/271\n|-status|p1a: Spidops|par\n|\n|-heal|p2a: Regigigas|216/322|[from] item: Leftovers\n|upkeep\n|turn|8\n|\n|t:|1781396172\n|move|p2a: Regigigas|Knock Off|p1a: Spidops\n|-damage|p1a: Spidops|164/271 par\n|-enditem|p1a: Spidops|Heavy-Duty Boots|[from] move: Knock Off|[of] p2a: Regigigas\n|move|p1a: Spidops|Toxic Spikes|p2a: Regigigas\n|-sidestart|p2: KlausUnbound|move: Toxic Spikes\n|\n|-heal|p2a: Regigigas|236/322|[from] item: Leftovers\n|upkeep\n|turn|9\n|\n|t:|1781396177\n|move|p2a: Regigigas|Body Slam|p1a: Spidops\n|-damage|p1a: Spidops|103/271 par\n|cant|p1a: Spidops|par\n|\n|-heal|p2a: Regigigas|256/322|[from] item: Leftovers\n|upkeep\n|turn|10\n|\n|t:|1781396182\n|move|p2a: Regigigas|Body Slam|p1a: Spidops\n|-damage|p1a: Spidops|49/271 par\n|move|p1a: Spidops|Circle Throw|p2a: Regigigas\n|-supereffective|p2a: Regigigas\n|-damage|p2a: Regigigas|178/322\n|drag|p2a: Minior|Minior-Violet, L79|224/224\n|-damage|p2a: Minior|168/224|[from] Stealth Rock\n|-formechange|p2a: Minior|Minior-Meteor||[from] ability: Shields Down\n|\n|upkeep\n|turn|11\n|\n|t:|1781396187\n|move|p2a: Minior|Shell Smash|p2a: Minior\n|-unboost|p2a: Minior|def|1\n|-unboost|p2a: Minior|spd|1\n|-boost|p2a: Minior|atk|2\n|-boost|p2a: Minior|spa|2\n|-boost|p2a: Minior|spe|2\n|-enditem|p2a: Minior|White Herb\n|-clearnegativeboost|p2a: Minior|[silent]\n|cant|p1a: Spidops|par\n|\n|upkeep\n|turn|12\n|\n|t:|1781396190\n|move|p2a: Minior|Acrobatics|p1a: Spidops\n|-supereffective|p1a: Spidops\n|-crit|p1a: Spidops\n|-damage|p1a: Spidops|0 fnt\n|faint|p1a: Spidops\n|\n|upkeep\n|\n|t:|1781396198\n|switch|p1a: Basculin|Basculin, L86, M|261/261\n|turn|13\n|\n|t:|1781396204\n|-terastallize|p2a: Minior|Water\n|move|p2a: Minior|Earthquake|p1a: Basculin\n|-damage|p1a: Basculin|161/261\n|move|p1a: Basculin|Flip Turn|p2a: Minior\n|-resisted|p2a: Minior\n|-damage|p2a: Minior|105/224\n|\n|t:|1781396209\n|switch|p1a: Gurdurr|Gurdurr, L85, F|283/283|[from] Flip Turn\n|\n|-formechange|p2a: Minior|Minior-Violet||[from] ability: Shields Down\n|upkeep\n|turn|14\n|\n|t:|1781396221\n|move|p2a: Minior|Earthquake|p1a: Gurdurr\n|-damage|p1a: Gurdurr|194/283\n|move|p1a: Gurdurr|Drain Punch|p2a: Minior\n|-damage|p2a: Minior|0 fnt\n|-heal|p1a: Gurdurr|247/283|[from] drain|[of] p2a: Minior\n|faint|p2a: Minior\n|\n|upkeep\n|\n|t:|1781396236\n|switch|p2a: Kommo-o|Kommo-o, L78, M|245/245\n|-damage|p2a: Kommo-o|230/245|[from] Stealth Rock\n|-activate|p2a: Kommo-o|move: Sticky Web\n|-unboost|p2a: Kommo-o|spe|1\n|-status|p2a: Kommo-o|psn\n|turn|15\n|\n|t:|1781396241\n|move|p2a: Kommo-o|Swords Dance|p2a: Kommo-o\n|-boost|p2a: Kommo-o|atk|2\n|move|p1a: Gurdurr|Bulk Up|p1a: Gurdurr\n|-boost|p1a: Gurdurr|atk|1\n|-boost|p1a: Gurdurr|def|1\n|\n|-damage|p2a: Kommo-o|200/245 psn|[from] psn\n|upkeep\n|turn|16\n|\n|t:|1781396245\n|move|p2a: Kommo-o|Scale Shot|p1a: Gurdurr\n|-damage|p1a: Gurdurr|223/283\n|-damage|p1a: Gurdurr|199/283\n|-damage|p1a: Gurdurr|177/283\n|-damage|p1a: Gurdurr|153/283\n|-hitcount|p1a: Gurdurr|4\n|-unboost|p2a: Kommo-o|def|1\n|-boost|p2a: Kommo-o|spe|1\n|move|p1a: Gurdurr|Drain Punch|p2a: Kommo-o\n|-damage|p2a: Kommo-o|46/245 psn\n|-heal|p1a: Gurdurr|230/283|[from] drain|[of] p2a: Kommo-o\n|\n|-damage|p2a: Kommo-o|16/245 psn|[from] psn\n|upkeep\n|turn|17\n|\n|t:|1781396248\n|move|p1a: Gurdurr|Mach Punch|p2a: Kommo-o\n|-damage|p2a: Kommo-o|0 fnt\n|faint|p2a: Kommo-o\n|\n|upkeep\n|c|\u2606KlausUnbound|bad lead\n|\n|t:|1781396256\n|switch|p2a: Miraidon|Miraidon, L65|238/238\n|-damage|p2a: Miraidon|209/238|[from] Stealth Rock\n|-activate|p2a: Miraidon|move: Sticky Web\n|-unboost|p2a: Miraidon|spe|1\n|-status|p2a: Miraidon|psn\n|-fieldstart|move: Electric Terrain|[from] ability: Hadron Engine|[of] p2a: Miraidon\n|turn|18\n|\n|t:|1781396259\n|move|p2a: Miraidon|Electro Drift|p1a: Gurdurr\n|-damage|p1a: Gurdurr|38/283\n|-damage|p2a: Miraidon|186/238 psn|[from] item: Life Orb\n|move|p1a: Gurdurr|Drain Punch|p2a: Miraidon\n|-damage|p2a: Miraidon|32/238 psn\n|-heal|p1a: Gurdurr|115/283|[from] drain|[of] p2a: Miraidon\n|\n|-damage|p2a: Miraidon|3/238 psn|[from] psn\n|upkeep\n|turn|19\n|\n|t:|1781396261\n|move|p1a: Gurdurr|Mach Punch|p2a: Miraidon\n|-damage|p2a: Miraidon|0 fnt\n|faint|p2a: Miraidon\n|\n|upkeep\n|-message|KlausUnbound forfeited.\n|\n|win|phantasmiccat\n", "uploadtime": 1781396101, "views": 3, "formatid": "gen9randombattle", "rating": null, "private": 0, "password": null}