{"id": "gen9randombattle-2631971248", "format": "[Gen 9] Random Battle", "players": ["RoLi404", "Dr3ntel"], "log": "|j|\u2606RoLi404\n|j|\u203dDr3ntel\n|t:|1781461330\n|gametype|singles\n|player|p1|RoLi404|jacinthe|1962\n|player|p2|Dr3ntel|2|1978\n|gen|9\n|tier|[Gen 9] Random Battle\n|rated|\n|rule|Species Clause: Limit one of each Pok\u00e9mon\n|rule|HP Percentage Mod: HP is shown in percentages\n|rule|Sleep Clause Mod: Limit one foe put to sleep\n|rule|Illusion Level Mod: Illusion disguises the Pok\u00e9mon's true level\n|\n|t:|1781461330\n|teamsize|p1|6\n|teamsize|p2|6\n|start\n|switch|p1a: Blastoise|Blastoise, L80, F|258/258\n|switch|p2a: Munkidori|Munkidori, L79, M|269/269\n|turn|1\n|inactive|Battle timer is ON: inactive players will automatically lose when time's up. (requested by RoLi404)\n|\n|t:|1781461342\n|switch|p1a: Sableye|Sableye, L88, F|231/231\n|move|p2a: Munkidori|Sludge Wave|p1a: Sableye\n|-resisted|p1a: Sableye\n|-damage|p1a: Sableye|133/231\n|-status|p1a: Sableye|psn\n|\n|-heal|p1a: Sableye|147/231 psn|[from] item: Leftovers\n|-damage|p1a: Sableye|119/231 psn|[from] psn\n|upkeep\n|turn|2\n|\n|t:|1781461354\n|switch|p2a: Lokix|Lokix, L82, F|251/251\n|move|p1a: Sableye|Knock Off|p2a: Lokix\n|-resisted|p2a: Lokix\n|-damage|p2a: Lokix|202/251\n|-enditem|p2a: Lokix|Life Orb|[from] move: Knock Off|[of] p1a: Sableye\n|\n|-heal|p1a: Sableye|133/231 psn|[from] item: Leftovers\n|-damage|p1a: Sableye|105/231 psn|[from] psn\n|upkeep\n|turn|3\n|\n|t:|1781461362\n|switch|p1a: Pecharunt|Pecharunt, L77|262/262\n|move|p2a: Lokix|Swords Dance|p2a: Lokix\n|-boost|p2a: Lokix|atk|2\n|\n|upkeep\n|turn|4\n|\n|t:|1781461375\n|move|p2a: Lokix|Knock Off|p1a: Pecharunt\n|-supereffective|p1a: Pecharunt\n|-damage|p1a: Pecharunt|4/262\n|-enditem|p1a: Pecharunt|Leftovers|[from] move: Knock Off|[of] p2a: Lokix\n|move|p1a: Pecharunt|Malignant Chain|p2a: Lokix\n|-damage|p2a: Lokix|91/251\n|-status|p2a: Lokix|tox\n|-start|p2a: Lokix|confusion|[from] ability: Poison Puppeteer|[of] p1a: Pecharunt\n|\n|-damage|p2a: Lokix|76/251 tox|[from] psn\n|upkeep\n|turn|5\n|\n|t:|1781461384\n|-activate|p2a: Lokix|confusion\n|move|p2a: Lokix|Knock Off|p1a: Pecharunt\n|-supereffective|p1a: Pecharunt\n|-damage|p1a: Pecharunt|0 fnt\n|faint|p1a: Pecharunt\n|\n|-damage|p2a: Lokix|46/251 tox|[from] psn\n|upkeep\n|\n|t:|1781461397\n|switch|p1a: Cryogonal|Cryogonal, L89|287/287\n|turn|6\n|\n|t:|1781461402\n|switch|p1a: Sableye|Sableye, L88, F|105/231 psn\n|-activate|p2a: Lokix|confusion\n|-damage|p2a: Lokix|0 fnt|[from] confusion\n|faint|p2a: Lokix\n|\n|-heal|p1a: Sableye|119/231 psn|[from] item: Leftovers\n|-damage|p1a: Sableye|91/231 psn|[from] psn\n|upkeep\n|inactive|Dr3ntel has 120 seconds left.\n|\n|t:|1781461455\n|switch|p2a: Garganacl|Garganacl, L80, F|291/291\n|turn|7\n|\n|t:|1781461461\n|move|p1a: Sableye|Knock Off|p2a: Garganacl\n|-damage|p2a: Garganacl|213/291\n|-enditem|p2a: Garganacl|Leftovers|[from] move: Knock Off|[of] p1a: Sableye\n|move|p2a: Garganacl|Salt Cure|p1a: Sableye\n|-damage|p1a: Sableye|49/231 psn\n|-start|p1a: Sableye|Salt Cure\n|\n|-heal|p1a: Sableye|63/231 psn|[from] item: Leftovers\n|-damage|p1a: Sableye|35/231 psn|[from] psn\n|-damage|p1a: Sableye|7/231 psn|[from] Salt Cure\n|upkeep\n|turn|8\n|inactive|Dr3ntel has 90 seconds left.\n|\n|t:|1781461514\n|switch|p1a: Krookodile|Krookodile, L79, F|280/280\n|-ability|p1a: Krookodile|Intimidate|boost\n|-unboost|p2a: Garganacl|atk|1\n|move|p2a: Garganacl|Recover|p2a: Garganacl\n|-heal|p2a: Garganacl|291/291\n|\n|upkeep\n|turn|9\n|\n|t:|1781461523\n|move|p1a: Krookodile|Earthquake|p2a: Garganacl\n|-supereffective|p2a: Garganacl\n|-damage|p2a: Garganacl|45/291\n|move|p2a: Garganacl|Iron Defense|p2a: Garganacl\n|-boost|p2a: Garganacl|def|2\n|\n|upkeep\n|turn|10\n|\n|t:|1781461528\n|switch|p2a: Eelektross|Eelektross, L87, M|290/290\n|move|p1a: Krookodile|Earthquake|p2a: Eelektross\n|-immune|p2a: Eelektross|[from] ability: Levitate\n|\n|upkeep\n|turn|11\n|\n|t:|1781461533\n|switch|p1a: Sableye|Sableye, L88, F|7/231 psn\n|move|p2a: Eelektross|Discharge|p1a: Sableye\n|-damage|p1a: Sableye|0 fnt\n|faint|p1a: Sableye\n|\n|upkeep\n|\n|t:|1781461544\n|switch|p1a: Krookodile|Krookodile, L79, F|280/280\n|-ability|p1a: Krookodile|Intimidate|boost\n|-unboost|p2a: Eelektross|atk|1\n|turn|12\n|\n|t:|1781461549\n|move|p1a: Krookodile|Knock Off|p2a: Eelektross\n|-damage|p2a: Eelektross|130/290\n|-enditem|p2a: Eelektross|Assault Vest|[from] move: Knock Off|[of] p1a: Krookodile\n|move|p2a: Eelektross|Giga Drain|p1a: Krookodile\n|-supereffective|p1a: Krookodile\n|-damage|p1a: Krookodile|122/280\n|-heal|p2a: Eelektross|209/290|[from] drain|[of] p1a: Krookodile\n|\n|upkeep\n|turn|13\n|inactive|Dr3ntel has 90 seconds left.\n|\n|t:|1781461575\n|switch|p1a: Cryogonal|Cryogonal, L89|287/287\n|move|p2a: Eelektross|U-turn|p1a: Cryogonal\n|-damage|p1a: Cryogonal|235/287\n|\n|t:|1781461590\n|switch|p2a: Munkidori|Munkidori, L79, M|269/269|[from] U-turn\n|\n|upkeep\n|turn|14\n|\n|t:|1781461597\n|move|p1a: Cryogonal|Freeze-Dry|p2a: Munkidori\n|-damage|p2a: Munkidori|181/269\n|move|p2a: Munkidori|Psyshock|p1a: Cryogonal\n|-damage|p1a: Cryogonal|43/287\n|\n|upkeep\n|turn|15\n|inactive|Dr3ntel has 90 seconds left.\n|\n|t:|1781461626\n|switch|p1a: Krookodile|Krookodile, L79, F|122/280\n|-ability|p1a: Krookodile|Intimidate|boost\n|-unboost|p2a: Munkidori|atk|1\n|switch|p2a: Eelektross|Eelektross, L87, M|209/290\n|\n|upkeep\n|turn|16\n|\n|t:|1781461634\n|move|p1a: Krookodile|Gunk Shot|p2a: Eelektross\n|-damage|p2a: Eelektross|78/290\n|move|p2a: Eelektross|Giga Drain|p1a: Krookodile\n|-supereffective|p1a: Krookodile\n|-damage|p1a: Krookodile|0 fnt\n|-heal|p2a: Eelektross|139/290|[from] drain|[of] p1a: Krookodile\n|faint|p1a: Krookodile\n|\n|upkeep\n|\n|t:|1781461644\n|switch|p1a: Cryogonal|Cryogonal, L89|43/287\n|turn|17\n|inactive|Dr3ntel has 90 seconds left.\n|\n|t:|1781461654\n|move|p1a: Cryogonal|Freeze-Dry|p2a: Eelektross\n|-damage|p2a: Eelektross|54/290\n|move|p2a: Eelektross|Knock Off|p1a: Cryogonal\n|-damage|p1a: Cryogonal|0 fnt\n|-enditem|p1a: Cryogonal|Heavy-Duty Boots|[from] move: Knock Off|[of] p2a: Eelektross\n|faint|p1a: Cryogonal\n|\n|upkeep\n|\n|t:|1781461670\n|switch|p1a: Blastoise|Blastoise, L80, F|258/258\n|turn|18\n|inactive|Dr3ntel has 90 seconds left.\n|\n|t:|1781461686\n|-terastallize|p1a: Blastoise|Grass\n|move|p1a: Blastoise|Shell Smash|p1a: Blastoise\n|-unboost|p1a: Blastoise|def|1\n|-unboost|p1a: Blastoise|spd|1\n|-boost|p1a: Blastoise|atk|2\n|-boost|p1a: Blastoise|spa|2\n|-boost|p1a: Blastoise|spe|2\n|-enditem|p1a: Blastoise|White Herb\n|-clearnegativeboost|p1a: Blastoise|[silent]\n|move|p2a: Eelektross|Discharge|p1a: Blastoise\n|-resisted|p1a: Blastoise\n|-damage|p1a: Blastoise|211/258\n|\n|upkeep\n|turn|19\n|\n|t:|1781461693\n|move|p1a: Blastoise|Ice Beam|p2a: Eelektross\n|-damage|p2a: Eelektross|0 fnt\n|faint|p2a: Eelektross\n|\n|upkeep\n|inactive|Dr3ntel has 90 seconds left.\n|\n|t:|1781461718\n|switch|p2a: Brute Bonnet|Brute Bonnet, L80|309/309\n|turn|20\n|\n|t:|1781461723\n|-terastallize|p2a: Brute Bonnet|Fighting\n|move|p1a: Blastoise|Ice Beam|p2a: Brute Bonnet\n|-damage|p2a: Brute Bonnet|208/309\n|move|p2a: Brute Bonnet|Crunch|p1a: Blastoise\n|-damage|p1a: Blastoise|121/258\n|\n|-heal|p2a: Brute Bonnet|227/309|[from] item: Leftovers\n|upkeep\n|turn|21\n|\n|t:|1781461731\n|move|p2a: Brute Bonnet|Sucker Punch|p1a: Blastoise\n|-damage|p1a: Blastoise|42/258\n|move|p1a: Blastoise|Hydro Pump|p2a: Brute Bonnet\n|-damage|p2a: Brute Bonnet|0 fnt\n|faint|p2a: Brute Bonnet\n|-end|p2a: Brute Bonnet|Protosynthesis|[silent]\n|\n|upkeep\n|\n|t:|1781461734\n|switch|p2a: Terapagos|Terapagos, L77, M|265/265\n|-activate|p2a: Terapagos|ability: Tera Shift\n|detailschange|p2a: Terapagos|Terapagos-Terastal, L77, M\n|-heal|p2a: Terapagos|273/273|[silent]\n|turn|22\n|\n|t:|1781461740\n|move|p1a: Blastoise|Hydro Pump|p2a: Terapagos\n|-activate|p2a: Terapagos|ability: Tera Shell\n|-resisted|p2a: Terapagos\n|-crit|p2a: Terapagos\n|-damage|p2a: Terapagos|57/273\n|move|p2a: Terapagos|Tera Starstorm|p1a: Blastoise\n|-crit|p1a: Blastoise\n|-damage|p1a: Blastoise|0 fnt\n|faint|p1a: Blastoise\n|\n|upkeep\n|\n|t:|1781461742\n|switch|p1a: Volcanion|Volcanion, L79|256/256\n|turn|23\n|\n|t:|1781461748\n|move|p2a: Terapagos|Earth Power|p1a: Volcanion\n|-supereffective|p1a: Volcanion\n|-damage|p1a: Volcanion|126/256\n|move|p1a: Volcanion|Flamethrower|p2a: Terapagos\n|-damage|p2a: Terapagos|0 fnt\n|faint|p2a: Terapagos\n|\n|upkeep\n|\n|t:|1781461757\n|switch|p2a: Munkidori|Munkidori, L79, M|181/269\n|turn|24\n|\n|t:|1781461761\n|move|p2a: Munkidori|Sludge Wave|p1a: Volcanion\n|-damage|p1a: Volcanion|0 fnt\n|faint|p1a: Volcanion\n|\n|win|Dr3ntel\n", "uploadtime": 1781461332, "views": 3, "formatid": "gen9randombattle", "rating": null, "private": 0, "password": null}