{"id": "gen9randombattle-2631557879", "format": "[Gen 9] Random Battle", "players": ["No2go4", "Strongestmans"], "log": "|j|\u2606No2go4\n|j|\u2606Strongestmans\n|t:|1781401058\n|gametype|singles\n|player|p1|No2go4|101|\n|player|p2|Strongestmans|1|\n|gen|9\n|tier|[Gen 9] Random Battle\n|rule|Species Clause: Limit one of each Pok\u00e9mon\n|rule|HP Percentage Mod: HP is shown in percentages\n|rule|Sleep Clause Mod: Limit one foe put to sleep\n|rule|Illusion Level Mod: Illusion disguises the Pok\u00e9mon's true level\n|\n|t:|1781401058\n|teamsize|p1|6\n|teamsize|p2|6\n|start\n|switch|p1a: Plusle|Plusle, L95, F|268/268\n|switch|p2a: Maushold|Maushold-Four, L76|238/238\n|turn|1\n|\n|t:|1781401079\n|switch|p1a: Scrafty|Scrafty, L83, M|244/244\n|move|p2a: Maushold|Population Bomb|p1a: Scrafty\n|-damage|p1a: Scrafty|226/244\n|-damage|p1a: Scrafty|208/244\n|-damage|p1a: Scrafty|190/244\n|-damage|p1a: Scrafty|171/244\n|-damage|p1a: Scrafty|152/244\n|-damage|p1a: Scrafty|134/244\n|-damage|p1a: Scrafty|115/244\n|-damage|p1a: Scrafty|99/244\n|-damage|p1a: Scrafty|80/244\n|-damage|p1a: Scrafty|62/244\n|-hitcount|p1a: Scrafty|10\n|\n|-heal|p1a: Scrafty|77/244|[from] item: Leftovers\n|upkeep\n|turn|2\n|\n|t:|1781401105\n|move|p2a: Maushold|Bite|p1a: Scrafty\n|-resisted|p1a: Scrafty\n|-damage|p1a: Scrafty|68/244\n|cant|p1a: Scrafty|flinch\n|\n|-heal|p1a: Scrafty|83/244|[from] item: Leftovers\n|upkeep\n|turn|3\n|\n|t:|1781401135\n|move|p2a: Maushold|Population Bomb|p1a: Scrafty\n|-damage|p1a: Scrafty|64/244\n|-damage|p1a: Scrafty|45/244\n|-damage|p1a: Scrafty|26/244\n|-damage|p1a: Scrafty|7/244\n|-damage|p1a: Scrafty|0 fnt\n|faint|p1a: Scrafty\n|-hitcount|p1: Scrafty|5\n|\n|upkeep\n|\n|t:|1781401155\n|switch|p1a: Plusle|Plusle, L95, F|268/268\n|turn|4\n|\n|t:|1781401165\n|move|p1a: Plusle|Thunderbolt|p2a: Maushold\n|-damage|p2a: Maushold|46/238\n|-damage|p1a: Plusle|242/268|[from] item: Life Orb\n|move|p2a: Maushold|Population Bomb|p1a: Plusle\n|-crit|p1a: Plusle\n|-damage|p1a: Plusle|188/268\n|-damage|p1a: Plusle|155/268\n|-crit|p1a: Plusle\n|-damage|p1a: Plusle|103/268\n|-damage|p1a: Plusle|72/268\n|-damage|p1a: Plusle|39/268\n|-damage|p1a: Plusle|2/268\n|-damage|p1a: Plusle|0 fnt\n|faint|p1a: Plusle\n|-hitcount|p1: Plusle|7\n|\n|upkeep\n|\n|t:|1781401183\n|switch|p1a: Jolteon|Jolteon, L84, F|246/246\n|turn|5\n|\n|t:|1781401195\n|switch|p2a: Wugtrio|Wugtrio, L91, M|212/212\n|move|p1a: Jolteon|Thunderbolt|p2a: Wugtrio\n|-supereffective|p2a: Wugtrio\n|-damage|p2a: Wugtrio|0 fnt\n|faint|p2a: Wugtrio\n|-damage|p1a: Jolteon|222/246|[from] item: Life Orb\n|\n|upkeep\n|\n|t:|1781401228\n|switch|p2a: Smeargle|Smeargle, L95, F|258/258\n|turn|6\n|\n|t:|1781401241\n|move|p1a: Jolteon|Shadow Ball|p2a: Smeargle\n|-immune|p2a: Smeargle\n|move|p2a: Smeargle|Population Bomb|p1a: Jolteon\n|-crit|p1a: Jolteon\n|-damage|p1a: Jolteon|189/246\n|-damage|p1a: Jolteon|167/246\n|-damage|p1a: Jolteon|146/246\n|-damage|p1a: Jolteon|124/246\n|-damage|p1a: Jolteon|105/246\n|-damage|p1a: Jolteon|86/246\n|-damage|p1a: Jolteon|62/246\n|-damage|p1a: Jolteon|41/246\n|-damage|p1a: Jolteon|19/246\n|-damage|p1a: Jolteon|0 fnt\n|faint|p1a: Jolteon\n|-hitcount|p1: Jolteon|10\n|\n|upkeep\n|\n|t:|1781401259\n|switch|p1a: Latios|Latios, L78, M|253/253\n|turn|7\n|\n|t:|1781401272\n|move|p1a: Latios|Aura Sphere|p2a: Smeargle\n|-supereffective|p2a: Smeargle\n|-damage|p2a: Smeargle|80/258\n|move|p2a: Smeargle|Population Bomb|p1a: Latios\n|-damage|p1a: Latios|234/253\n|-damage|p1a: Latios|215/253\n|-damage|p1a: Latios|197/253\n|-damage|p1a: Latios|179/253\n|-damage|p1a: Latios|160/253\n|-damage|p1a: Latios|141/253\n|-damage|p1a: Latios|123/253\n|-damage|p1a: Latios|105/253\n|-crit|p1a: Latios\n|-damage|p1a: Latios|77/253\n|-damage|p1a: Latios|58/253\n|-hitcount|p1a: Latios|10\n|\n|upkeep\n|turn|8\n|\n|t:|1781401291\n|-terastallize|p2a: Smeargle|Ghost\n|move|p1a: Latios|Aura Sphere|p2a: Smeargle\n|-immune|p2a: Smeargle\n|move|p2a: Smeargle|Population Bomb|p1a: Latios\n|-damage|p1a: Latios|40/253\n|-damage|p1a: Latios|21/253\n|-damage|p1a: Latios|3/253\n|-damage|p1a: Latios|0 fnt\n|faint|p1a: Latios\n|-hitcount|p1: Latios|4\n|\n|upkeep\n|\n|t:|1781401306\n|switch|p1a: Slaking|Slaking, L84, F|389/389\n|turn|9\n|\n|t:|1781401325\n|-terastallize|p1a: Slaking|Normal\n|move|p1a: Slaking|Double-Edge|p2a: Smeargle\n|-immune|p2a: Smeargle\n|move|p2a: Smeargle|Population Bomb|p1a: Slaking\n|-damage|p1a: Slaking|373/389\n|-damage|p1a: Slaking|357/389\n|-damage|p1a: Slaking|339/389\n|-damage|p1a: Slaking|321/389\n|-damage|p1a: Slaking|305/389\n|-damage|p1a: Slaking|289/389\n|-damage|p1a: Slaking|273/389\n|-damage|p1a: Slaking|257/389\n|-damage|p1a: Slaking|239/389\n|-damage|p1a: Slaking|221/389\n|-hitcount|p1a: Slaking|10\n|\n|upkeep\n|turn|10\n|\n|t:|1781401347\n|switch|p1a: Gastrodon|Gastrodon-East, L86, F|331/331\n|move|p2a: Smeargle|Population Bomb|p1a: Gastrodon\n|-damage|p1a: Gastrodon|312/331\n|-damage|p1a: Gastrodon|293/331\n|-damage|p1a: Gastrodon|275/331\n|-damage|p1a: Gastrodon|254/331\n|-damage|p1a: Gastrodon|235/331\n|-damage|p1a: Gastrodon|216/331\n|-damage|p1a: Gastrodon|195/331\n|-damage|p1a: Gastrodon|174/331\n|-damage|p1a: Gastrodon|155/331\n|-damage|p1a: Gastrodon|134/331\n|-hitcount|p1a: Gastrodon|10\n|\n|-heal|p1a: Gastrodon|154/331|[from] item: Leftovers\n|upkeep\n|turn|11\n|\n|t:|1781401377\n|move|p2a: Smeargle|Population Bomb|p1a: Gastrodon\n|-damage|p1a: Gastrodon|135/331\n|-damage|p1a: Gastrodon|116/331\n|-damage|p1a: Gastrodon|95/331\n|-damage|p1a: Gastrodon|74/331\n|-damage|p1a: Gastrodon|53/331\n|-damage|p1a: Gastrodon|32/331\n|-damage|p1a: Gastrodon|13/331\n|-hitcount|p1a: Gastrodon|7\n|move|p1a: Gastrodon|Earthquake|p2a: Smeargle\n|-damage|p2a: Smeargle|0 fnt\n|faint|p2a: Smeargle\n|\n|-heal|p1a: Gastrodon|33/331|[from] item: Leftovers\n|upkeep\n|\n|t:|1781401390\n|switch|p2a: Maushold|Maushold-Four, L76|46/238\n|turn|12\n|\n|t:|1781401403\n|move|p2a: Maushold|Population Bomb|p1a: Gastrodon\n|-damage|p1a: Gastrodon|8/331\n|-damage|p1a: Gastrodon|0 fnt\n|faint|p1a: Gastrodon\n|-hitcount|p1: Gastrodon|2\n|\n|upkeep\n|\n|t:|1781401411\n|switch|p1a: Slaking|Slaking, L84, F, tera:Normal|221/389\n|turn|13\n|\n|t:|1781401425\n|move|p1a: Slaking|Earthquake|p2a: Maushold\n|-damage|p2a: Maushold|0 fnt\n|faint|p2a: Maushold\n|\n|upkeep\n|\n|t:|1781401438\n|switch|p2a: Gyarados|Gyarados, L79, M|280/280\n|-ability|p2a: Gyarados|Intimidate|boost\n|-unboost|p1a: Slaking|atk|1\n|turn|14\n|\n|t:|1781401477\n|cant|p1a: Slaking|ability: Truant\n|move|p2a: Gyarados|Earthquake|p1a: Slaking\n|-damage|p1a: Slaking|148/389\n|\n|upkeep\n|turn|15\n|\n|t:|1781401491\n|move|p1a: Slaking|Earthquake|p2a: Gyarados\n|-immune|p2a: Gyarados\n|move|p2a: Gyarados|Waterfall|p1a: Slaking\n|-damage|p1a: Slaking|67/389\n|\n|upkeep\n|turn|16\n|\n|t:|1781401499\n|cant|p1a: Slaking|ability: Truant\n|move|p2a: Gyarados|Waterfall|p1a: Slaking\n|-damage|p1a: Slaking|0 fnt\n|faint|p1a: Slaking\n|\n|win|Strongestmans\n|l|\u2606No2go4\n|player|p1|\n", "uploadtime": 1781401538, "views": 12, "formatid": "gen9randombattle", "rating": null, "private": 0, "password": null}