{"id": "gen9randombattle-2631393251", "format": "[Gen 9] Random Battle", "players": ["regu2", "JayCroc"], "log": "|j|\u2606regu2\n|j|\u2606JayCroc\n|t:|1781379322\n|gametype|singles\n|player|p1|regu2|1|2020\n|player|p2|JayCroc|ivor|2079\n|gen|9\n|tier|[Gen 9] Random Battle\n|rated|\n|rule|Species Clause: Limit one of each Pok\u00e9mon\n|rule|HP Percentage Mod: HP is shown in percentages\n|rule|Sleep Clause Mod: Limit one foe put to sleep\n|rule|Illusion Level Mod: Illusion disguises the Pok\u00e9mon's true level\n|\n|t:|1781379322\n|teamsize|p1|6\n|teamsize|p2|6\n|start\n|switch|p1a: Rayquaza|Rayquaza, L72|270/270\n|switch|p2a: Sableye|Sableye, L88, F|231/231\n|-ability|p1a: Rayquaza|Air Lock\n|turn|1\n|inactive|Battle timer is ON: inactive players will automatically lose when time's up. (requested by regu2)\n|\n|t:|1781379353\n|switch|p1a: Kleavor|Kleavor, L78, F|237/237\n|move|p2a: Sableye|Will-O-Wisp|p1a: Kleavor\n|-status|p1a: Kleavor|brn\n|\n|-damage|p1a: Kleavor|223/237 brn|[from] brn\n|upkeep\n|turn|2\n|inactive|JayCroc has 120 seconds left.\n|\n|t:|1781379384\n|switch|p2a: Hitmontop|Hitmontop, L88, M|231/231\n|-ability|p2a: Hitmontop|Intimidate|boost\n|-unboost|p1a: Kleavor|atk|1\n|move|p1a: Kleavor|Stone Axe|p2a: Hitmontop\n|-resisted|p2a: Hitmontop\n|-damage|p2a: Hitmontop|213/231\n|-sidestart|p2: JayCroc|move: Stealth Rock\n|\n|-damage|p1a: Kleavor|209/237 brn|[from] brn\n|upkeep\n|turn|3\n|\n|t:|1781379393\n|switch|p1a: Weezing|Weezing, L88, M|258/258\n|move|p2a: Hitmontop|Stone Edge|p1a: Weezing\n|-damage|p1a: Weezing|171/258\n|\n|-heal|p1a: Weezing|187/258|[from] item: Leftovers\n|upkeep\n|turn|4\n|\n|t:|1781379407\n|switch|p2a: Cyclizar|Cyclizar, L83, F|252/252\n|move|p1a: Weezing|Sludge Bomb|p2a: Cyclizar\n|-damage|p2a: Cyclizar|125/252\n|\n|-heal|p1a: Weezing|203/258|[from] item: Leftovers\n|upkeep\n|turn|5\n|\n|t:|1781379414\n|move|p2a: Cyclizar|Knock Off|p1a: Weezing\n|-damage|p1a: Weezing|156/258\n|-enditem|p1a: Weezing|Leftovers|[from] move: Knock Off|[of] p2a: Cyclizar\n|move|p1a: Weezing|Sludge Bomb|p2a: Cyclizar\n|-damage|p2a: Cyclizar|16/252\n|\n|upkeep\n|turn|6\n|\n|t:|1781379426\n|move|p2a: Cyclizar|Draco Meteor|p1a: Weezing|[miss]\n|-miss|p2a: Cyclizar|p1a: Weezing\n|move|p1a: Weezing|Sludge Bomb|p2a: Cyclizar\n|-damage|p2a: Cyclizar|0 fnt\n|faint|p2a: Cyclizar\n|\n|upkeep\n|\n|t:|1781379432\n|switch|p2a: Reuniclus|Reuniclus, L88, M|337/337\n|turn|7\n|\n|t:|1781379439\n|switch|p1a: Scrafty|Scrafty, L83, M|244/244\n|move|p2a: Reuniclus|Psychic|p1a: Scrafty\n|-immune|p1a: Scrafty\n|\n|upkeep\n|turn|8\n|\n|t:|1781379444\n|move|p1a: Scrafty|Knock Off|p2a: Reuniclus\n|-supereffective|p2a: Reuniclus\n|-damage|p2a: Reuniclus|139/337\n|-enditem|p2a: Reuniclus|Life Orb|[from] move: Knock Off|[of] p1a: Scrafty\n|move|p2a: Reuniclus|Focus Blast|p1a: Scrafty\n|-supereffective|p1a: Scrafty\n|-damage|p1a: Scrafty|60/244\n|\n|-heal|p1a: Scrafty|75/244|[from] item: Leftovers\n|upkeep\n|turn|9\n|\n|t:|1781379453\n|move|p1a: Scrafty|Bulk Up|p1a: Scrafty\n|-boost|p1a: Scrafty|atk|1\n|-boost|p1a: Scrafty|def|1\n|move|p2a: Reuniclus|Recover|p2a: Reuniclus\n|-heal|p2a: Reuniclus|308/337\n|\n|-heal|p1a: Scrafty|90/244|[from] item: Leftovers\n|upkeep\n|turn|10\n|\n|t:|1781379461\n|move|p1a: Scrafty|Knock Off|p2a: Reuniclus\n|-supereffective|p2a: Reuniclus\n|-damage|p2a: Reuniclus|110/337\n|move|p2a: Reuniclus|Focus Blast|p1a: Scrafty\n|-supereffective|p1a: Scrafty\n|-damage|p1a: Scrafty|0 fnt\n|faint|p1a: Scrafty\n|\n|upkeep\n|\n|t:|1781379465\n|switch|p1a: Pikachu|Pikachu-Original, L93, F|216/216\n|turn|11\n|\n|t:|1781379472\n|switch|p2a: Hitmontop|Hitmontop, L88, M|213/231\n|-damage|p2a: Hitmontop|199/231|[from] Stealth Rock\n|-ability|p2a: Hitmontop|Intimidate|boost\n|-unboost|p1a: Pikachu|atk|1\n|move|p1a: Pikachu|Volt Tackle|p2a: Hitmontop\n|-damage|p2a: Hitmontop|85/231\n|-damage|p1a: Pikachu|178/216|[from] Recoil\n|\n|upkeep\n|turn|12\n|inactive|regu2 has 120 seconds left.\n|\n|t:|1781379509\n|move|p2a: Hitmontop|Sucker Punch|p1a: Pikachu\n|-crit|p1a: Pikachu\n|-damage|p1a: Pikachu|0 fnt\n|faint|p1a: Pikachu\n|\n|upkeep\n|\n|t:|1781379517\n|switch|p1a: Weezing|Weezing, L88, M|156/258\n|turn|13\n|\n|t:|1781379532\n|switch|p2a: Sableye|Sableye, L88, F|231/231\n|-damage|p2a: Sableye|203/231|[from] Stealth Rock\n|move|p1a: Weezing|Toxic Spikes|p2a: Sableye\n|-sidestart|p2: JayCroc|move: Toxic Spikes\n|\n|-heal|p2a: Sableye|217/231|[from] item: Leftovers\n|upkeep\n|turn|14\n|inactive|regu2 has 120 seconds left.\n|\n|t:|1781379548\n|move|p2a: Sableye|Encore|p1a: Weezing\n|-start|p1a: Weezing|Encore\n|move|p1a: Weezing|Toxic Spikes|p2a: Sableye\n|-sidestart|p2: JayCroc|move: Toxic Spikes\n|\n|-heal|p2a: Sableye|231/231|[from] item: Leftovers\n|upkeep\n|turn|15\n|\n|t:|1781379556\n|switch|p1a: Kleavor|Kleavor, L78, F|209/237 brn\n|move|p2a: Sableye|Knock Off|p1a: Kleavor\n|-damage|p1a: Kleavor|118/237 brn\n|-enditem|p1a: Kleavor|Heavy-Duty Boots|[from] move: Knock Off|[of] p2a: Sableye\n|\n|-damage|p1a: Kleavor|104/237 brn|[from] brn\n|upkeep\n|turn|16\n|\n|t:|1781379563\n|move|p1a: Kleavor|U-turn|p2a: Sableye\n|-damage|p2a: Sableye|189/231\n|\n|t:|1781379566\n|switch|p1a: Weezing|Weezing, L88, M|156/258|[from] U-turn\n|move|p2a: Sableye|Knock Off|p1a: Weezing\n|-damage|p1a: Weezing|110/258\n|\n|-heal|p2a: Sableye|203/231|[from] item: Leftovers\n|upkeep\n|turn|17\n|\n|t:|1781379572\n|move|p2a: Sableye|Will-O-Wisp|p1a: Weezing|[miss]\n|-miss|p2a: Sableye|p1a: Weezing\n|move|p1a: Weezing|Sludge Bomb|p2a: Sableye\n|-resisted|p2a: Sableye\n|-damage|p2a: Sableye|143/231\n|\n|-heal|p2a: Sableye|157/231|[from] item: Leftovers\n|upkeep\n|turn|18\n|\n|t:|1781379579\n|move|p2a: Sableye|Will-O-Wisp|p1a: Weezing\n|-status|p1a: Weezing|brn\n|move|p1a: Weezing|Fire Blast|p2a: Sableye\n|-damage|p2a: Sableye|58/231\n|\n|-heal|p2a: Sableye|72/231|[from] item: Leftovers\n|-damage|p1a: Weezing|94/258 brn|[from] brn\n|upkeep\n|turn|19\n|\n|t:|1781379589\n|move|p2a: Sableye|Recover|p2a: Sableye\n|-heal|p2a: Sableye|188/231\n|move|p1a: Weezing|Pain Split|p2a: Sableye\n|-sethp|p2a: Sableye|141/231|[from] move: Pain Split|[silent]\n|-sethp|p1a: Weezing|141/258 brn|[from] move: Pain Split\n|\n|-heal|p2a: Sableye|155/231|[from] item: Leftovers\n|-damage|p1a: Weezing|125/258 brn|[from] brn\n|upkeep\n|turn|20\n|\n|t:|1781379597\n|move|p2a: Sableye|Encore|p1a: Weezing\n|-start|p1a: Weezing|Encore\n|move|p1a: Weezing|Pain Split|p2a: Sableye\n|-sethp|p2a: Sableye|140/231|[from] move: Pain Split|[silent]\n|-sethp|p1a: Weezing|140/258 brn|[from] move: Pain Split\n|\n|-heal|p2a: Sableye|154/231|[from] item: Leftovers\n|-damage|p1a: Weezing|124/258 brn|[from] brn\n|upkeep\n|turn|21\n|\n|t:|1781379607\n|switch|p1a: Kleavor|Kleavor, L78, F|104/237 brn\n|switch|p2a: Reuniclus|Reuniclus, L88, M|110/337\n|-status|p2a: Reuniclus|tox\n|\n|-damage|p1a: Kleavor|90/237 brn|[from] brn\n|upkeep\n|turn|22\n|\n|t:|1781379615\n|-terastallize|p2a: Reuniclus|Steel\n|move|p1a: Kleavor|X-Scissor|p2a: Reuniclus\n|-resisted|p2a: Reuniclus\n|-damage|p2a: Reuniclus|74/337 tox\n|move|p2a: Reuniclus|Recover|p2a: Reuniclus\n|-heal|p2a: Reuniclus|243/337 tox\n|\n|-damage|p1a: Kleavor|76/237 brn|[from] brn\n|upkeep\n|turn|23\n|\n|t:|1781379624\n|move|p1a: Kleavor|U-turn|p2a: Reuniclus\n|-resisted|p2a: Reuniclus\n|-damage|p2a: Reuniclus|219/337 tox\n|\n|t:|1781379627\n|switch|p1a: Rayquaza|Rayquaza, L72|270/270|[from] U-turn\n|-ability|p1a: Rayquaza|Air Lock\n|move|p2a: Reuniclus|Calm Mind|p2a: Reuniclus\n|-boost|p2a: Reuniclus|spa|1\n|-boost|p2a: Reuniclus|spd|1\n|\n|upkeep\n|turn|24\n|\n|t:|1781379634\n|move|p1a: Rayquaza|Earthquake|p2a: Reuniclus\n|-supereffective|p2a: Reuniclus\n|-damage|p2a: Reuniclus|73/337 tox\n|move|p2a: Reuniclus|Psychic|p1a: Rayquaza\n|-damage|p1a: Rayquaza|62/270\n|\n|upkeep\n|turn|25\n|\n|t:|1781379641\n|move|p1a: Rayquaza|Earthquake|p2a: Reuniclus\n|-supereffective|p2a: Reuniclus\n|-damage|p2a: Reuniclus|0 fnt\n|faint|p2a: Reuniclus\n|\n|upkeep\n|\n|t:|1781379648\n|switch|p2a: Tauros|Tauros, L82, M|257/257\n|-damage|p2a: Tauros|225/257|[from] Stealth Rock\n|-status|p2a: Tauros|tox\n|turn|26\n|\n|t:|1781379659\n|switch|p1a: Kleavor|Kleavor, L78, F|76/237 brn\n|move|p2a: Tauros|Body Slam|p1a: Kleavor\n|-resisted|p1a: Kleavor\n|-damage|p1a: Kleavor|1/237 brn\n|\n|-damage|p2a: Tauros|209/257 tox|[from] psn\n|-damage|p1a: Kleavor|0 fnt|[from] brn\n|faint|p1a: Kleavor\n|upkeep\n|\n|t:|1781379664\n|switch|p1a: Raichu|Raichu-Alola, L87, F|246/246\n|turn|27\n|\n|t:|1781379671\n|move|p1a: Raichu|Psyshock|p2a: Tauros\n|-damage|p2a: Tauros|100/257 tox\n|-damage|p1a: Raichu|222/246|[from] item: Life Orb\n|move|p2a: Tauros|Earthquake|p1a: Raichu\n|-supereffective|p1a: Raichu\n|-damage|p1a: Raichu|0 fnt\n|faint|p1a: Raichu\n|-damage|p2a: Tauros|75/257 tox|[from] item: Life Orb\n|\n|-damage|p2a: Tauros|43/257 tox|[from] psn\n|upkeep\n|\n|t:|1781379673\n|switch|p1a: Rayquaza|Rayquaza, L72|62/270\n|-ability|p1a: Rayquaza|Air Lock\n|turn|28\n|\n|t:|1781379684\n|move|p1a: Rayquaza|Extreme Speed|p2a: Tauros\n|-damage|p2a: Tauros|0 fnt\n|faint|p2a: Tauros\n|\n|upkeep\n|\n|t:|1781379690\n|switch|p2a: Mimikyu|Mimikyu, L79, M|216/216\n|-damage|p2a: Mimikyu|189/216|[from] Stealth Rock\n|-status|p2a: Mimikyu|tox\n|turn|29\n|\n|t:|1781379695\n|move|p2a: Mimikyu|Swords Dance|p2a: Mimikyu\n|-boost|p2a: Mimikyu|atk|2\n|move|p1a: Rayquaza|Dragon Ascent|p2a: Mimikyu\n|-activate|p2a: Mimikyu|ability: Disguise\n|-damage|p2a: Mimikyu|189/216 tox\n|-unboost|p1a: Rayquaza|def|1\n|-unboost|p1a: Rayquaza|spd|1\n|detailschange|p2a: Mimikyu|Mimikyu-Busted, L79, M\n|-damage|p2a: Mimikyu|162/216 tox|[from] pokemon: Mimikyu-Busted\n|\n|-damage|p2a: Mimikyu|149/216 tox|[from] psn\n|upkeep\n|turn|30\n|\n|t:|1781379706\n|move|p2a: Mimikyu|Play Rough|p1a: Rayquaza\n|-supereffective|p1a: Rayquaza\n|-damage|p1a: Rayquaza|0 fnt\n|faint|p1a: Rayquaza\n|-damage|p2a: Mimikyu|128/216 tox|[from] item: Life Orb\n|\n|-damage|p2a: Mimikyu|102/216 tox|[from] psn\n|upkeep\n|\n|t:|1781379710\n|switch|p1a: Weezing|Weezing, L88, M|124/258 brn\n|turn|31\n|\n|t:|1781379716\n|move|p2a: Mimikyu|Shadow Claw|p1a: Weezing\n|-crit|p1a: Weezing\n|-damage|p1a: Weezing|0 fnt\n|faint|p1a: Weezing\n|-damage|p2a: Mimikyu|81/216 tox|[from] item: Life Orb\n|\n|win|JayCroc\n", "uploadtime": 1781379324, "views": 7, "formatid": "gen9randombattle", "rating": null, "private": 0, "password": null}