{"id": "gen9randombattle-2631557012", "format": "[Gen 9] Random Battle", "players": ["Sowla", "Magikarpitalism"], "log": "|j|\u203dSowla\n|j|\u2606Magikarpitalism\n|t:|1781400945\n|gametype|singles\n|player|p1|Sowla|1|2261\n|player|p2|Magikarpitalism|steven|2212\n|gen|9\n|tier|[Gen 9] Random Battle\n|rated|\n|rule|Species Clause: Limit one of each Pok\u00e9mon\n|rule|HP Percentage Mod: HP is shown in percentages\n|rule|Sleep Clause Mod: Limit one foe put to sleep\n|rule|Illusion Level Mod: Illusion disguises the Pok\u00e9mon's true level\n|\n|t:|1781400945\n|teamsize|p1|6\n|teamsize|p2|6\n|start\n|switch|p1a: Meloetta|Meloetta, L82|298/298\n|switch|p2a: Hitmonlee|Hitmonlee, L85, M|223/223\n|turn|1\n|inactive|Battle timer is ON: inactive players will automatically lose when time's up. (requested by Sowla)\n|\n|t:|1781400960\n|move|p2a: Hitmonlee|Knock Off|p1a: Meloetta\n|-supereffective|p1a: Meloetta\n|-damage|p1a: Meloetta|4/298\n|-enditem|p1a: Meloetta|Life Orb|[from] move: Knock Off|[of] p2a: Hitmonlee\n|move|p1a: Meloetta|Relic Song|p2a: Hitmonlee\n|-damage|p2a: Hitmonlee|142/223\n|-status|p2a: Hitmonlee|slp|[from] move: Relic Song\n|-formechange|p1a: Meloetta|Meloetta-Pirouette|[msg]\n|\n|upkeep\n|turn|2\n|\n|t:|1781400973\n|move|p1a: Meloetta|Knock Off|p2a: Hitmonlee\n|-resisted|p2a: Hitmonlee\n|-damage|p2a: Hitmonlee|90/223 slp\n|-enditem|p2a: Hitmonlee|Choice Band|[from] move: Knock Off|[of] p1a: Meloetta\n|cant|p2a: Hitmonlee|slp\n|\n|upkeep\n|turn|3\n|\n|t:|1781400977\n|cant|p2a: Hitmonlee|slp\n|move|p1a: Meloetta|Close Combat|p2a: Hitmonlee\n|-damage|p2a: Hitmonlee|0 fnt\n|-unboost|p1a: Meloetta|def|1\n|-unboost|p1a: Meloetta|spd|1\n|faint|p2a: Hitmonlee\n|\n|upkeep\n|j| SadisticSadiq\n|\n|t:|1781400983\n|switch|p2a: Lanturn|Lanturn, L89, F|367/367\n|turn|4\n|c| SadisticSadiq|Finish our match please my break is almost over\n|\n|t:|1781401013\n|move|p1a: Meloetta|Close Combat|p2a: Lanturn\n|-damage|p2a: Lanturn|186/367\n|-unboost|p1a: Meloetta|def|1\n|-unboost|p1a: Meloetta|spd|1\n|move|p2a: Lanturn|Scald|p1a: Meloetta\n|-damage|p1a: Meloetta|0 fnt\n|faint|p1a: Meloetta\n|\n|-heal|p2a: Lanturn|208/367|[from] item: Leftovers\n|upkeep\n|inactive|Sowla has 120 seconds left.\n|\n|t:|1781401027\n|switch|p1a: Weavile|Weavile, L79, F|239/239\n|turn|5\n|\n|t:|1781401032\n|move|p1a: Weavile|Knock Off|p2a: Lanturn\n|-damage|p2a: Lanturn|13/367\n|-enditem|p2a: Lanturn|Leftovers|[from] move: Knock Off|[of] p1a: Weavile\n|move|p2a: Lanturn|Thunder Wave|p1a: Weavile\n|-status|p1a: Weavile|par\n|\n|upkeep\n|turn|6\n|\n|t:|1781401044\n|switch|p2a: Terrakion|Terrakion, L79|273/273\n|move|p1a: Weavile|Knock Off|p2a: Terrakion\n|-resisted|p2a: Terrakion\n|-damage|p2a: Terrakion|186/273\n|-ability|p2a: Terrakion|Justified|boost\n|-boost|p2a: Terrakion|atk|1\n|-enditem|p2a: Terrakion|Life Orb|[from] move: Knock Off|[of] p1a: Weavile\n|\n|upkeep\n|turn|7\n|\n|t:|1781401057\n|switch|p1a: Sneasler|Sneasler, L74, F|240/240\n|move|p2a: Terrakion|Stone Edge|p1a: Sneasler\n|-resisted|p1a: Sneasler\n|-damage|p1a: Sneasler|115/240\n|\n|upkeep\n|turn|8\n|\n|t:|1781401068\n|switch|p2a: Lanturn|Lanturn, L89, F|13/367\n|move|p1a: Sneasler|Close Combat|p2a: Lanturn\n|-damage|p2a: Lanturn|0 fnt\n|-unboost|p1a: Sneasler|def|1\n|-unboost|p1a: Sneasler|spd|1\n|faint|p2a: Lanturn\n|-enditem|p1a: Sneasler|White Herb\n|-clearnegativeboost|p1a: Sneasler|[silent]\n|\n|upkeep\n|\n|t:|1781401073\n|switch|p2a: Azelf|Azelf, L82|257/257\n|turn|9\n|c| SadisticSadiq|Dude you're so lame. Just forfeit instead of wasting people's time\n|\n|t:|1781401093\n|move|p1a: Sneasler|Dire Claw|p2a: Azelf\n|-damage|p2a: Azelf|158/257\n|-status|p2a: Azelf|slp\n|cant|p2a: Azelf|slp\n|\n|upkeep\n|turn|10\n|c| SadisticSadiq|Hope you lose this game too\n|inactive|Magikarpitalism has 120 seconds left.\n|inactive|Magikarpitalism has 90 seconds left.\n|inactive|Magikarpitalism has 60 seconds left.\n|\n|t:|1781401187\n|move|p1a: Sneasler|Swords Dance|p1a: Sneasler\n|-boost|p1a: Sneasler|atk|2\n|cant|p2a: Azelf|slp\n|\n|upkeep\n|turn|11\n|inactive|Magikarpitalism has 60 seconds left.\n|inactive|Sowla has 120 seconds left.\n|\n|t:|1781401237\n|move|p1a: Sneasler|Acrobatics|p2a: Azelf\n|-damage|p2a: Azelf|0 fnt\n|faint|p2a: Azelf\n|\n|upkeep\n|\n|t:|1781401247\n|switch|p2a: Polteageist|Polteageist-Antique, L78|222/222\n|turn|12\n|\n|t:|1781401253\n|-terastallize|p1a: Sneasler|Flying\n|move|p1a: Sneasler|Acrobatics|p2a: Polteageist\n|-damage|p2a: Polteageist|0 fnt\n|-start|p1a: Sneasler|Disable|Acrobatics|[from] ability: Cursed Body|[of] p2a: Polteageist\n|faint|p2a: Polteageist\n|\n|upkeep\n|inactive|Magikarpitalism has 30 seconds left.\n|inactive|Magikarpitalism has 20 seconds left.\n|inactive|Magikarpitalism has 15 seconds left.\n|inactive|Magikarpitalism has 10 seconds left.\n|inactive|Magikarpitalism has 5 seconds left.\n|c| SadisticSadiq|Thank you Sowla\n|-message|Magikarpitalism lost due to inactivity.\n|\n|win|Sowla\n", "uploadtime": 1781400946, "views": 3, "formatid": "gen9randombattle", "rating": null, "private": 0, "password": null}