{"id": "gen9randombattle-2631692243", "format": "[Gen 9] Random Battle", "players": ["PotatoeOfLife", "bimiuchiratnhieu"], "log": "|j|\u2606PotatoeOfLife\n|j|\u2606bimiuchiratnhieu\n|t:|1781422838\n|gametype|singles\n|player|p1|PotatoeOfLife|pokemonbreeder-gen4|1952\n|player|p2|bimiuchiratnhieu|hilda|2071\n|gen|9\n|tier|[Gen 9] Random Battle\n|rated|\n|rule|Species Clause: Limit one of each Pok\u00e9mon\n|rule|HP Percentage Mod: HP is shown in percentages\n|rule|Sleep Clause Mod: Limit one foe put to sleep\n|rule|Illusion Level Mod: Illusion disguises the Pok\u00e9mon's true level\n|\n|t:|1781422838\n|teamsize|p1|6\n|teamsize|p2|6\n|start\n|switch|p1a: Zarude|Zarude-Dada, L77|288/288\n|switch|p2a: Cramorant|Cramorant, L86, M|261/261\n|turn|1\n|inactive|Battle timer is ON: inactive players will automatically lose when time's up. (requested by bimiuchiratnhieu)\n|\n|t:|1781422867\n|move|p1a: Zarude|Power Whip|p2a: Cramorant|[miss]\n|-miss|p1a: Zarude|p2a: Cramorant\n|move|p2a: Cramorant|Surf|p1a: Zarude\n|-formechange|p2a: Cramorant|Cramorant-Gulping|\n|-resisted|p1a: Zarude\n|-damage|p1a: Zarude|243/288\n|\n|upkeep\n|turn|2\n|\n|t:|1781422878\n|move|p1a: Zarude|Power Whip|p2a: Cramorant\n|-damage|p2a: Cramorant|0 fnt\n|-damage|p1a: Zarude|171/288|[from] ability: Gulp Missile|[of] p2a: Cramorant\n|-unboost|p1a: Zarude|def|1\n|-formechange|p2a: Cramorant|Cramorant|\n|faint|p2a: Cramorant\n|\n|upkeep\n|inactive|bimiuchiratnhieu has 120 seconds left.\n|\n|t:|1781422905\n|switch|p2a: Roaring Moon|Roaring Moon, L72|270/270\n|turn|3\n|\n|t:|1781422919\n|switch|p1a: Emboar|Emboar, L84, F|322/322\n|move|p2a: Roaring Moon|Dragon Dance|p2a: Roaring Moon\n|-boost|p2a: Roaring Moon|atk|1\n|-boost|p2a: Roaring Moon|spe|1\n|\n|upkeep\n|turn|4\n|\n|t:|1781422928\n|-end|p2a: Roaring Moon|Protosynthesis|[silent]\n|switch|p2a: Clodsire|Clodsire, L81, M|343/343\n|move|p1a: Emboar|Head Smash|p2a: Clodsire\n|-resisted|p2a: Clodsire\n|-damage|p2a: Clodsire|201/343\n|-damage|p1a: Emboar|251/322|[from] Recoil\n|\n|-heal|p2a: Clodsire|222/343|[from] item: Leftovers\n|upkeep\n|turn|5\n|\n|t:|1781422938\n|switch|p1a: Spidops|Spidops, L96, F|271/271\n|move|p2a: Clodsire|Recover|p2a: Clodsire\n|-heal|p2a: Clodsire|343/343\n|\n|upkeep\n|turn|6\n|\n|t:|1781422949\n|move|p1a: Spidops|Sticky Web|p2a: Clodsire\n|-sidestart|p2: bimiuchiratnhieu|move: Sticky Web\n|move|p2a: Clodsire|Spikes|p1a: Spidops\n|-sidestart|p1: PotatoeOfLife|Spikes\n|\n|upkeep\n|turn|7\n|\n|t:|1781422956\n|move|p1a: Spidops|Spikes|p2a: Clodsire\n|-sidestart|p2: bimiuchiratnhieu|Spikes\n|move|p2a: Clodsire|Spikes|p1a: Spidops\n|-sidestart|p1: PotatoeOfLife|Spikes\n|\n|upkeep\n|turn|8\n|\n|t:|1781422958\n|move|p1a: Spidops|Knock Off|p2a: Clodsire\n|-damage|p2a: Clodsire|242/343\n|-enditem|p2a: Clodsire|Leftovers|[from] move: Knock Off|[of] p1a: Spidops\n|move|p2a: Clodsire|Spikes|p1a: Spidops\n|-sidestart|p1: PotatoeOfLife|Spikes\n|\n|upkeep\n|turn|9\n|\n|t:|1781422961\n|move|p1a: Spidops|Spikes|p2a: Clodsire\n|-sidestart|p2: bimiuchiratnhieu|Spikes\n|move|p2a: Clodsire|Poison Jab|p1a: Spidops\n|-damage|p1a: Spidops|219/271\n|\n|upkeep\n|turn|10\n|\n|t:|1781422964\n|move|p1a: Spidops|Spikes|p2a: Clodsire\n|-sidestart|p2: bimiuchiratnhieu|Spikes\n|move|p2a: Clodsire|Poison Jab|p1a: Spidops\n|-damage|p1a: Spidops|162/271\n|\n|upkeep\n|turn|11\n|\n|t:|1781422967\n|move|p2a: Clodsire|Poison Jab|p1a: Spidops\n|-damage|p1a: Spidops|102/271\n|move|p1a: Spidops|Circle Throw|p2a: Clodsire\n|-resisted|p2a: Clodsire\n|-damage|p2a: Clodsire|213/343\n|drag|p2a: Roaring Moon|Roaring Moon, L72|270/270\n|-activate|p2a: Roaring Moon|move: Sticky Web\n|-unboost|p2a: Roaring Moon|spe|1\n|-damage|p2a: Roaring Moon|203/270|[from] Spikes\n|\n|upkeep\n|turn|12\n|\n|t:|1781422982\n|switch|p1a: Electrode|Electrode, L92|260/260\n|move|p2a: Roaring Moon|Outrage|p1a: Electrode\n|-damage|p1a: Electrode|131/260\n|\n|upkeep\n|turn|13\n|\n|t:|1781422999\n|move|p1a: Electrode|Thunderbolt|p2a: Roaring Moon\n|-resisted|p2a: Roaring Moon\n|-damage|p2a: Roaring Moon|153/270\n|move|p2a: Roaring Moon|Outrage|p1a: Electrode|[from] lockedmove\n|-damage|p1a: Electrode|0 fnt\n|-damage|p2a: Roaring Moon|86/270|[from] ability: Aftermath|[of] p1a: Electrode\n|faint|p1a: Electrode\n|\n|upkeep\n|\n|t:|1781423011\n|switch|p1a: Emboar|Emboar, L84, F|251/322\n|-damage|p1a: Emboar|171/322|[from] Spikes\n|turn|14\n|\n|t:|1781423014\n|move|p1a: Emboar|Flare Blitz|p2a: Roaring Moon\n|-resisted|p2a: Roaring Moon\n|-damage|p2a: Roaring Moon|0 fnt\n|faint|p2a: Roaring Moon\n|-end|p2a: Roaring Moon|Protosynthesis|[silent]\n|-damage|p1a: Emboar|143/322|[from] Recoil\n|\n|upkeep\n|\n|t:|1781423032\n|switch|p2a: Mightyena|Mightyena, L96, F|290/290\n|-activate|p2a: Mightyena|move: Sticky Web\n|-unboost|p2a: Mightyena|spe|1\n|-damage|p2a: Mightyena|218/290|[from] Spikes\n|-ability|p2a: Mightyena|Intimidate|boost\n|-unboost|p1a: Emboar|atk|1\n|turn|15\n|\n|t:|1781423041\n|move|p1a: Emboar|Flare Blitz|p2a: Mightyena\n|-damage|p2a: Mightyena|31/290\n|-damage|p1a: Emboar|81/322|[from] Recoil\n|move|p2a: Mightyena|Play Rough|p1a: Emboar\n|-damage|p1a: Emboar|0 fnt\n|faint|p1a: Emboar\n|\n|upkeep\n|\n|t:|1781423056\n|switch|p1a: Zarude|Zarude-Dada, L77|171/288\n|-damage|p1a: Zarude|99/288|[from] Spikes\n|turn|16\n|\n|t:|1781423059\n|move|p1a: Zarude|Knock Off|p2a: Mightyena\n|-resisted|p2a: Mightyena\n|-damage|p2a: Mightyena|0 fnt\n|-enditem|p2a: Mightyena|Choice Band|[from] move: Knock Off|[of] p1a: Zarude\n|faint|p2a: Mightyena\n|\n|upkeep\n|\n|t:|1781423063\n|switch|p2a: Clodsire|Clodsire, L81, M|213/343\n|-activate|p2a: Clodsire|move: Sticky Web\n|-unboost|p2a: Clodsire|spe|1\n|-damage|p2a: Clodsire|128/343|[from] Spikes\n|turn|17\n|\n|t:|1781423066\n|-terastallize|p1a: Zarude|Dark\n|move|p1a: Zarude|Knock Off|p2a: Clodsire\n|-damage|p2a: Clodsire|0 fnt\n|faint|p2a: Clodsire\n|\n|upkeep\n|\n|t:|1781423076\n|switch|p2a: Banette|Banette, L93, M|270/270\n|-activate|p2a: Banette|move: Sticky Web\n|-unboost|p2a: Banette|spe|1\n|-damage|p2a: Banette|203/270|[from] Spikes\n|turn|18\n|\n|t:|1781423085\n|-terastallize|p2a: Banette|Poison\n|move|p1a: Zarude|Knock Off|p2a: Banette\n|-damage|p2a: Banette|0 fnt\n|-enditem|p2a: Banette|Life Orb|[from] move: Knock Off|[of] p1a: Zarude\n|faint|p2a: Banette\n|\n|upkeep\n|-message|bimiuchiratnhieu forfeited.\n|\n|win|PotatoeOfLife\n|raw|PotatoeOfLife's rating: 1952 &rarr; <strong>1979</strong><br />(+27 for winning)\n|raw|bimiuchiratnhieu's rating: 2071 &rarr; <strong>2044</strong><br />(-27 for losing)\n", "uploadtime": 1781423089, "views": 3, "formatid": "gen9randombattle", "rating": 1979, "private": 0, "password": null}