{"id": "gen9randombattle-2631606976", "format": "[Gen 9] Random Battle", "players": ["ape-trebuchet", "TSM-Virgil"], "log": "|j|\u2606ape-trebuchet\n|j|\u2606TSM-Virgil\n|t:|1781407958\n|gametype|singles\n|player|p1|ape-trebuchet|swimmer-gen4dp|2000\n|player|p2|TSM-Virgil|acetrainer|2079\n|gen|9\n|tier|[Gen 9] Random Battle\n|rated|\n|rule|Species Clause: Limit one of each Pok\u00e9mon\n|rule|HP Percentage Mod: HP is shown in percentages\n|rule|Sleep Clause Mod: Limit one foe put to sleep\n|rule|Illusion Level Mod: Illusion disguises the Pok\u00e9mon's true level\n|\n|t:|1781407958\n|teamsize|p1|6\n|teamsize|p2|6\n|start\n|switch|p1a: Victreebel|Victreebel, L90, M|290/290\n|switch|p2a: Pachirisu|Pachirisu, L96, M|271/271\n|turn|1\n|inactive|Battle timer is ON: inactive players will automatically lose when time's up. (requested by ape-trebuchet)\n|inactive|TSM-Virgil also wants the timer to be on.\n|\n|t:|1781407964\n|switch|p1a: Magnezone|Magnezone, L85|258/258\n|move|p2a: Pachirisu|Nuzzle|p1a: Magnezone\n|-resisted|p1a: Magnezone\n|-damage|p1a: Magnezone|251/258\n|\n|upkeep\n|turn|2\n|\n|t:|1781407971\n|move|p2a: Pachirisu|Super Fang|p1a: Magnezone|[miss]\n|-miss|p2a: Pachirisu|p1a: Magnezone\n|move|p1a: Magnezone|Body Press|p2a: Pachirisu\n|-damage|p2a: Pachirisu|207/271\n|\n|upkeep\n|turn|3\n|\n|t:|1781407975\n|switch|p1a: Banette|Banette, L93, F|270/270\n|move|p2a: Pachirisu|Super Fang|p1a: Banette\n|-immune|p1a: Banette\n|\n|upkeep\n|turn|4\n|\n|t:|1781408001\n|move|p2a: Pachirisu|Nuzzle|p1a: Banette\n|-damage|p1a: Banette|252/270\n|-status|p1a: Banette|par\n|cant|p1a: Banette|par\n|\n|upkeep\n|turn|5\n|\n|t:|1781408011\n|move|p2a: Pachirisu|U-turn|p1a: Banette\n|-resisted|p1a: Banette\n|-damage|p1a: Banette|230/270 par\n|inactive|TSM-Virgil has 120 seconds left.\n|\n|t:|1781408032\n|switch|p2a: Regirock|Regirock, L83|268/268|[from] U-turn\n|move|p1a: Banette|Poltergeist|p2a: Regirock\n|-activate|p2a: Regirock|move: Poltergeist|Chesto Berry\n|-damage|p2a: Regirock|155/268\n|-damage|p1a: Banette|203/270 par|[from] item: Life Orb\n|\n|upkeep\n|turn|6\n|\n|t:|1781408036\n|move|p2a: Regirock|Stone Edge|p1a: Banette|[miss]\n|-miss|p2a: Regirock|p1a: Banette\n|move|p1a: Banette|Thunder Wave|p2a: Regirock\n|-status|p2a: Regirock|par\n|\n|upkeep\n|turn|7\n|\n|t:|1781408049\n|move|p1a: Banette|Poltergeist|p2a: Regirock\n|-activate|p2a: Regirock|move: Poltergeist|Chesto Berry\n|-damage|p2a: Regirock|48/268 par\n|-damage|p1a: Banette|176/270 par|[from] item: Life Orb\n|move|p2a: Regirock|Rest|p2a: Regirock\n|-status|p2a: Regirock|slp|[from] move: Rest\n|-heal|p2a: Regirock|268/268 slp|[silent]\n|-enditem|p2a: Regirock|Chesto Berry|[eat]\n|-curestatus|p2a: Regirock|slp|[msg]\n|\n|upkeep\n|turn|8\n|\n|t:|1781408073\n|move|p2a: Regirock|Stone Edge|p1a: Banette\n|-damage|p1a: Banette|52/270 par\n|move|p1a: Banette|Thunder Wave|p2a: Regirock\n|-status|p2a: Regirock|par\n|\n|upkeep\n|turn|9\n|\n|t:|1781408081\n|switch|p1a: Magnezone|Magnezone, L85|251/258\n|cant|p2a: Regirock|par\n|\n|upkeep\n|turn|10\n|\n|t:|1781408097\n|switch|p2a: Bellibolt|Bellibolt, L84, F|320/320\n|move|p1a: Magnezone|Flash Cannon|p2a: Bellibolt\n|-resisted|p2a: Bellibolt\n|-damage|p2a: Bellibolt|266/320\n|-start|p2a: Bellibolt|Charge|Flash Cannon|[from] ability: Electromorphosis\n|\n|-heal|p2a: Bellibolt|286/320|[from] item: Leftovers\n|upkeep\n|turn|11\n|\n|t:|1781408107\n|switch|p1a: Banette|Banette, L93, F|52/270 par\n|move|p2a: Bellibolt|Muddy Water|p1a: Banette|[miss]\n|-miss|p2a: Bellibolt|p1a: Banette\n|\n|-heal|p2a: Bellibolt|306/320|[from] item: Leftovers\n|upkeep\n|turn|12\n|c|\u2606TSM-Virgil|Can you guys stop missing?!\n|\n|t:|1781408131\n|move|p2a: Bellibolt|Muddy Water|p1a: Banette\n|-damage|p1a: Banette|0 fnt\n|faint|p1a: Banette\n|\n|-heal|p2a: Bellibolt|320/320|[from] item: Leftovers\n|upkeep\n|\n|t:|1781408137\n|switch|p1a: Victreebel|Victreebel, L90, M|290/290\n|turn|13\n|inactive|TSM-Virgil has 120 seconds left.\n|\n|t:|1781408175\n|switch|p2a: Pachirisu|Pachirisu, L96, M|207/271\n|move|p1a: Victreebel|Sleep Powder|p2a: Pachirisu\n|-status|p2a: Pachirisu|slp|[from] move: Sleep Powder\n|\n|upkeep\n|turn|14\n|\n|t:|1781408185\n|cant|p2a: Pachirisu|slp\n|move|p1a: Victreebel|Power Whip|p2a: Pachirisu\n|-damage|p2a: Pachirisu|8/271 slp\n|-damage|p1a: Victreebel|261/290|[from] item: Life Orb\n|\n|upkeep\n|turn|15\n|inactive|TSM-Virgil has 120 seconds left.\n|\n|t:|1781408207\n|-curestatus|p2a: Pachirisu|slp|[msg]\n|move|p2a: Pachirisu|Super Fang|p1a: Victreebel\n|-damage|p1a: Victreebel|131/290\n|move|p1a: Victreebel|Sludge Wave|p2a: Pachirisu\n|-damage|p2a: Pachirisu|0 fnt\n|faint|p2a: Pachirisu\n|-damage|p1a: Victreebel|102/290|[from] item: Life Orb\n|\n|upkeep\n|\n|t:|1781408214\n|switch|p2a: Annihilape|Annihilape, L76, F|292/292\n|turn|16\n|\n|t:|1781408222\n|move|p2a: Annihilape|Bulk Up|p2a: Annihilape\n|-boost|p2a: Annihilape|atk|1\n|-boost|p2a: Annihilape|def|1\n|move|p1a: Victreebel|Sleep Powder|p2a: Annihilape\n|-status|p2a: Annihilape|slp|[from] move: Sleep Powder\n|-enditem|p2a: Annihilape|Chesto Berry|[eat]\n|-curestatus|p2a: Annihilape|slp|[msg]\n|\n|upkeep\n|turn|17\n|inactive|TSM-Virgil has 120 seconds left.\n|\n|t:|1781408245\n|move|p2a: Annihilape|Rage Fist|p1a: Victreebel\n|-damage|p1a: Victreebel|18/290\n|move|p1a: Victreebel|Sleep Powder|p2a: Annihilape\n|-status|p2a: Annihilape|slp|[from] move: Sleep Powder\n|\n|upkeep\n|turn|18\n|\n|t:|1781408250\n|cant|p2a: Annihilape|slp\n|move|p1a: Victreebel|Power Whip|p2a: Annihilape\n|-damage|p2a: Annihilape|132/292 slp\n|-damage|p1a: Victreebel|0 fnt|[from] item: Life Orb\n|faint|p1a: Victreebel\n|\n|upkeep\n|\n|t:|1781408258\n|switch|p1a: Magnezone|Magnezone, L85|251/258\n|turn|19\n|inactive|TSM-Virgil has 120 seconds left.\n|\n|t:|1781408284\n|move|p1a: Magnezone|Volt Switch|p2a: Annihilape\n|-damage|p2a: Annihilape|33/292 slp\n|\n|t:|1781408286\n|switch|p1a: Barraskewda|Barraskewda, L81, F|231/231|[from] Volt Switch\n|cant|p2a: Annihilape|slp\n|\n|upkeep\n|turn|20\n|\n|t:|1781408290\n|switch|p2a: Tatsugiri|Tatsugiri, L87, F|260/260\n|move|p1a: Barraskewda|Flip Turn|p2a: Tatsugiri\n|-ability|p2a: Tatsugiri|Storm Drain|boost\n|-boost|p2a: Tatsugiri|spa|1\n|\n|upkeep\n|turn|21\n|\n|t:|1781408295\n|switch|p1a: Magnezone|Magnezone, L85|251/258\n|move|p2a: Tatsugiri|Rapid Spin|p1a: Magnezone\n|-resisted|p1a: Magnezone\n|-damage|p1a: Magnezone|241/258\n|-boost|p2a: Tatsugiri|spe|1\n|\n|upkeep\n|turn|22\n|\n|t:|1781408298\n|move|p2a: Tatsugiri|Nasty Plot|p2a: Tatsugiri\n|-boost|p2a: Tatsugiri|spa|2\n|move|p1a: Magnezone|Thunderbolt|p2a: Tatsugiri\n|-damage|p2a: Tatsugiri|155/260\n|\n|upkeep\n|turn|23\n|\n|t:|1781408300\n|move|p2a: Tatsugiri|Hydro Pump|p1a: Magnezone\n|-damage|p1a: Magnezone|0 fnt\n|faint|p1a: Magnezone\n|\n|upkeep\n|\n|t:|1781408312\n|switch|p1a: Incineroar|Incineroar, L82, M|290/290\n|-ability|p1a: Incineroar|Intimidate|boost\n|-unboost|p2a: Tatsugiri|atk|1\n|turn|24\n|\n|t:|1781408318\n|move|p1a: Incineroar|Fake Out|p2a: Tatsugiri\n|-damage|p2a: Tatsugiri|115/260\n|cant|p2a: Tatsugiri|flinch\n|\n|upkeep\n|turn|25\n|\n|t:|1781408322\n|switch|p1a: Barraskewda|Barraskewda, L81, F|231/231\n|move|p2a: Tatsugiri|Draco Meteor|p1a: Barraskewda\n|-damage|p1a: Barraskewda|0 fnt\n|-unboost|p2a: Tatsugiri|spa|2\n|faint|p1a: Barraskewda\n|\n|upkeep\n|\n|t:|1781408324\n|switch|p1a: Shiftry|Shiftry, L89, F|305/305\n|turn|26\n|\n|t:|1781408325\n|move|p1a: Shiftry|Sucker Punch|p2a: Tatsugiri\n|-damage|p2a: Tatsugiri|0 fnt\n|faint|p2a: Tatsugiri\n|-damage|p1a: Shiftry|275/305|[from] item: Life Orb\n|\n|upkeep\n|\n|t:|1781408328\n|switch|p2a: Keldeo|Keldeo-Resolute, L79|273/273\n|turn|27\n|\n|t:|1781408335\n|move|p2a: Keldeo|Secret Sword|p1a: Shiftry\n|-supereffective|p1a: Shiftry\n|-damage|p1a: Shiftry|0 fnt\n|faint|p1a: Shiftry\n|-damage|p2a: Keldeo|246/273|[from] item: Life Orb\n|\n|upkeep\n|-message|ape-trebuchet forfeited.\n|\n|win|TSM-Virgil\n", "uploadtime": 1781407960, "views": 3, "formatid": "gen9randombattle", "rating": null, "private": 0, "password": null}