{"id": "gen9randombattle-2631441883", "format": "[Gen 9] Random Battle", "players": ["A ninja kiwi", "Zabalilla"], "log": "|j|\u2606A ninja kiwi\n|j|\u2606Zabalilla\n|t:|1781385122\n|gametype|singles\n|player|p1|A ninja kiwi|koga|2103\n|player|p2|Zabalilla|170|2057\n|gen|9\n|tier|[Gen 9] Random Battle\n|rated|\n|rule|Species Clause: Limit one of each Pok\u00e9mon\n|rule|HP Percentage Mod: HP is shown in percentages\n|rule|Sleep Clause Mod: Limit one foe put to sleep\n|rule|Illusion Level Mod: Illusion disguises the Pok\u00e9mon's true level\n|\n|t:|1781385122\n|teamsize|p1|6\n|teamsize|p2|6\n|start\n|switch|p1a: Azelf|Azelf, L82|257/257\n|switch|p2a: Chien-Pao|Chien-Pao, L72|234/234\n|-ability|p2a: Chien-Pao|Sword of Ruin\n|turn|1\n|inactive|Battle timer is ON: inactive players will automatically lose when time's up. (requested by Zabalilla)\n|\n|t:|1781385136\n|move|p2a: Chien-Pao|Throat Chop|p1a: Azelf\n|-supereffective|p1a: Azelf\n|-damage|p1a: Azelf|29/257\n|-start|p1a: Azelf|Throat Chop|[silent]\n|move|p1a: Azelf|U-turn|p2a: Chien-Pao\n|-supereffective|p2a: Chien-Pao\n|-damage|p2a: Chien-Pao|86/234\n|\n|t:|1781385141\n|switch|p1a: Houndoom|Houndoom, L87, F|272/272|[from] U-turn\n|\n|upkeep\n|turn|2\n|\n|t:|1781385145\n|move|p2a: Chien-Pao|Sacred Sword|p1a: Houndoom\n|-supereffective|p1a: Houndoom\n|-damage|p1a: Houndoom|52/272\n|move|p1a: Houndoom|Fire Blast|p2a: Chien-Pao\n|-supereffective|p2a: Chien-Pao\n|-damage|p2a: Chien-Pao|0 fnt\n|faint|p2a: Chien-Pao\n|\n|upkeep\n|\n|t:|1781385149\n|switch|p2a: Ambipom|Ambipom, L84, F|263/263\n|turn|3\n|\n|t:|1781385160\n|switch|p1a: Hippowdon|Hippowdon, L82, M|311/311\n|-weather|Sandstorm|[from] ability: Sand Stream|[of] p1a: Hippowdon\n|move|p2a: Ambipom|Double-Edge|p1a: Hippowdon\n|-damage|p1a: Hippowdon|178/311\n|-damage|p2a: Ambipom|219/263|[from] Recoil\n|\n|-weather|Sandstorm|[upkeep]\n|-damage|p2a: Ambipom|203/263|[from] Sandstorm\n|-heal|p1a: Hippowdon|197/311|[from] item: Leftovers\n|upkeep\n|turn|4\n|\n|t:|1781385168\n|move|p2a: Ambipom|U-turn|p1a: Hippowdon\n|-damage|p1a: Hippowdon|157/311\n|\n|t:|1781385170\n|switch|p2a: Corviknight|Corviknight, L80, F|288/288|[from] U-turn\n|move|p1a: Hippowdon|Slack Off|p1a: Hippowdon\n|-heal|p1a: Hippowdon|311/311\n|\n|-weather|Sandstorm|[upkeep]\n|upkeep\n|turn|5\n|\n|t:|1781385185\n|switch|p1a: Politoed|Politoed, L88, M|302/302\n|-weather|RainDance|[from] ability: Drizzle|[of] p1a: Politoed\n|move|p2a: Corviknight|Brave Bird|p1a: Politoed\n|-damage|p1a: Politoed|176/302\n|-damage|p2a: Corviknight|246/288|[from] Recoil\n|\n|-weather|RainDance|[upkeep]\n|-heal|p2a: Corviknight|264/288|[from] item: Leftovers\n|upkeep\n|turn|6\n|\n|t:|1781385190\n|switch|p2a: Sawsbuck|Sawsbuck-Winter, L88, M|284/284\n|move|p1a: Politoed|Hydro Pump|p2a: Sawsbuck\n|-resisted|p2a: Sawsbuck\n|-damage|p2a: Sawsbuck|189/284\n|\n|-weather|RainDance|[upkeep]\n|upkeep\n|turn|7\n|\n|t:|1781385200\n|switch|p1a: Mandibuzz|Mandibuzz, L85, F|326/326\n|move|p2a: Sawsbuck|Swords Dance|p2a: Sawsbuck\n|-boost|p2a: Sawsbuck|atk|2\n|\n|-weather|RainDance|[upkeep]\n|upkeep\n|turn|8\n|\n|t:|1781385206\n|move|p2a: Sawsbuck|Double-Edge|p1a: Mandibuzz\n|-damage|p1a: Mandibuzz|32/326\n|-damage|p2a: Sawsbuck|92/284|[from] Recoil\n|-damage|p2a: Sawsbuck|64/284|[from] item: Life Orb\n|move|p1a: Mandibuzz|Foul Play|p2a: Sawsbuck\n|-damage|p2a: Sawsbuck|0 fnt\n|faint|p2a: Sawsbuck\n|\n|-weather|RainDance|[upkeep]\n|upkeep\n|\n|t:|1781385211\n|switch|p2a: Ambipom|Ambipom, L84, F|203/263\n|turn|9\n|\n|t:|1781385221\n|move|p2a: Ambipom|U-turn|p1a: Mandibuzz\n|-damage|p1a: Mandibuzz|0 fnt\n|faint|p1a: Mandibuzz\n|\n|t:|1781385224\n|switch|p2a: Corviknight|Corviknight, L80, F|264/288|[from] U-turn\n|\n|-weather|none\n|-heal|p2a: Corviknight|282/288|[from] item: Leftovers\n|upkeep\n|\n|t:|1781385230\n|switch|p1a: Galvantula|Galvantula, L82, F|249/249\n|turn|10\n|\n|t:|1781385236\n|switch|p2a: Swalot|Swalot, L90, F|326/326\n|move|p1a: Galvantula|Thunder|p2a: Swalot\n|-damage|p2a: Swalot|214/326\n|\n|-heal|p2a: Swalot|234/326|[from] item: Leftovers\n|upkeep\n|turn|11\n|\n|t:|1781385248\n|switch|p1a: Politoed|Politoed, L88, M|176/302\n|-weather|RainDance|[from] ability: Drizzle|[of] p1a: Politoed\n|move|p2a: Swalot|Gunk Shot|p1a: Politoed\n|-damage|p1a: Politoed|43/302\n|-status|p1a: Politoed|psn\n|\n|-weather|RainDance|[upkeep]\n|-heal|p2a: Swalot|254/326|[from] item: Leftovers\n|-damage|p1a: Politoed|6/302 psn|[from] psn\n|upkeep\n|turn|12\n|\n|t:|1781385264\n|switch|p2a: Corviknight|Corviknight, L80, F|282/288\n|move|p1a: Politoed|Hydro Pump|p2a: Corviknight\n|-damage|p2a: Corviknight|78/288\n|\n|-weather|RainDance|[upkeep]\n|-heal|p2a: Corviknight|96/288|[from] item: Leftovers\n|-damage|p1a: Politoed|0 fnt|[from] psn\n|faint|p1a: Politoed\n|upkeep\n|\n|t:|1781385279\n|switch|p1a: Houndoom|Houndoom, L87, F|52/272\n|turn|13\n|\n|t:|1781385283\n|move|p1a: Houndoom|Dark Pulse|p2a: Corviknight\n|-damage|p2a: Corviknight|0 fnt\n|faint|p2a: Corviknight\n|\n|-weather|RainDance|[upkeep]\n|upkeep\n|\n|t:|1781385289\n|switch|p2a: Ambipom|Ambipom, L84, F|203/263\n|turn|14\n|\n|t:|1781385298\n|switch|p1a: Hippowdon|Hippowdon, L82, M|311/311\n|-weather|Sandstorm|[from] ability: Sand Stream|[of] p1a: Hippowdon\n|-terastallize|p2a: Ambipom|Normal\n|move|p2a: Ambipom|Fake Out|p1a: Hippowdon\n|-damage|p1a: Hippowdon|229/311\n|\n|-weather|Sandstorm|[upkeep]\n|-damage|p2a: Ambipom|187/263|[from] Sandstorm\n|-heal|p1a: Hippowdon|248/311|[from] item: Leftovers\n|upkeep\n|turn|15\n|\n|t:|1781385303\n|move|p2a: Ambipom|Double-Edge|p1a: Hippowdon\n|-damage|p1a: Hippowdon|88/311\n|-damage|p2a: Ambipom|134/263|[from] Recoil\n|move|p1a: Hippowdon|Slack Off|p1a: Hippowdon\n|-heal|p1a: Hippowdon|244/311\n|\n|-weather|Sandstorm|[upkeep]\n|-damage|p2a: Ambipom|118/263|[from] Sandstorm\n|-heal|p1a: Hippowdon|263/311|[from] item: Leftovers\n|upkeep\n|turn|16\n|\n|t:|1781385311\n|move|p2a: Ambipom|U-turn|p1a: Hippowdon\n|-crit|p1a: Hippowdon\n|-damage|p1a: Hippowdon|198/311\n|\n|t:|1781385312\n|switch|p2a: Hoopa|Hoopa, L85|275/275|[from] U-turn\n|move|p1a: Hippowdon|Slack Off|p1a: Hippowdon\n|-heal|p1a: Hippowdon|311/311\n|\n|-weather|Sandstorm|[upkeep]\n|-damage|p2a: Hoopa|258/275|[from] Sandstorm\n|upkeep\n|turn|17\n|\n|t:|1781385339\n|switch|p1a: Azelf|Azelf, L82|29/257\n|move|p2a: Hoopa|Nasty Plot|p2a: Hoopa\n|-boost|p2a: Hoopa|spa|2\n|\n|-weather|Sandstorm|[upkeep]\n|-damage|p1a: Azelf|13/257|[from] Sandstorm\n|-damage|p2a: Hoopa|241/275|[from] Sandstorm\n|upkeep\n|turn|18\n|\n|t:|1781385349\n|switch|p2a: Swalot|Swalot, L90, F|254/326\n|move|p1a: Azelf|Fire Blast|p2a: Swalot\n|-damage|p2a: Swalot|132/326\n|\n|-weather|none\n|-heal|p2a: Swalot|152/326|[from] item: Leftovers\n|upkeep\n|turn|19\n|\n|t:|1781385355\n|move|p1a: Azelf|Fire Blast|p2a: Swalot\n|-damage|p2a: Swalot|15/326\n|move|p2a: Swalot|Earthquake|p1a: Azelf\n|-immune|p1a: Azelf|[from] ability: Levitate\n|\n|-heal|p2a: Swalot|35/326|[from] item: Leftovers\n|upkeep\n|turn|20\n|-message|Zabalilla forfeited.\n|\n|win|A ninja kiwi\n", "uploadtime": 1781385125, "views": 6, "formatid": "gen9randombattle", "rating": null, "private": 0, "password": null}