{"id": "gen9randombattle-2631954144", "format": "[Gen 9] Random Battle", "players": ["KnightsOfNi", "grabschaender"], "log": "|j|\u2606KnightsOfNi\n|j|\u2606grabschaender\n|t:|1781459480\n|gametype|singles\n|player|p1|KnightsOfNi|plasmagrunt-gen5bw|2294\n|player|p2|grabschaender|candice|2221\n|gen|9\n|tier|[Gen 9] Random Battle\n|rated|\n|rule|Species Clause: Limit one of each Pok\u00e9mon\n|rule|HP Percentage Mod: HP is shown in percentages\n|rule|Sleep Clause Mod: Limit one foe put to sleep\n|rule|Illusion Level Mod: Illusion disguises the Pok\u00e9mon's true level\n|\n|t:|1781459480\n|teamsize|p1|6\n|teamsize|p2|6\n|start\n|switch|p1a: Malamar|Malamar, L82, M|275/275\n|switch|p2a: Noctowl|Noctowl, L95, M|344/344\n|turn|1\n|inactive|Battle timer is ON: inactive players will automatically lose when time's up. (requested by KnightsOfNi)\n|inactive|grabschaender has 120 seconds left.\n|\n|t:|1781459538\n|switch|p1a: Misdreavus|Misdreavus, L90, M|254/254\n|move|p2a: Noctowl|Hyper Voice|p1a: Misdreavus\n|-immune|p1a: Misdreavus\n|\n|upkeep\n|turn|2\n|\n|t:|1781459543\n|move|p1a: Misdreavus|Calm Mind|p1a: Misdreavus\n|-boost|p1a: Misdreavus|spa|1\n|-boost|p1a: Misdreavus|spd|1\n|move|p2a: Noctowl|Calm Mind|p2a: Noctowl\n|-boost|p2a: Noctowl|spa|1\n|-boost|p2a: Noctowl|spd|1\n|\n|upkeep\n|turn|3\n|\n|t:|1781459550\n|move|p1a: Misdreavus|Calm Mind|p1a: Misdreavus\n|-boost|p1a: Misdreavus|spa|1\n|-boost|p1a: Misdreavus|spd|1\n|move|p2a: Noctowl|Hurricane|p1a: Misdreavus\n|-damage|p1a: Misdreavus|193/254\n|\n|upkeep\n|turn|4\n|\n|t:|1781459555\n|move|p1a: Misdreavus|Calm Mind|p1a: Misdreavus\n|-boost|p1a: Misdreavus|spa|1\n|-boost|p1a: Misdreavus|spd|1\n|move|p2a: Noctowl|Calm Mind|p2a: Noctowl\n|-boost|p2a: Noctowl|spa|1\n|-boost|p2a: Noctowl|spd|1\n|\n|upkeep\n|turn|5\n|\n|t:|1781459559\n|move|p1a: Misdreavus|Calm Mind|p1a: Misdreavus\n|-boost|p1a: Misdreavus|spa|1\n|-boost|p1a: Misdreavus|spd|1\n|move|p2a: Noctowl|Calm Mind|p2a: Noctowl\n|-boost|p2a: Noctowl|spa|1\n|-boost|p2a: Noctowl|spd|1\n|\n|upkeep\n|turn|6\n|\n|t:|1781459564\n|move|p1a: Misdreavus|Calm Mind|p1a: Misdreavus\n|-boost|p1a: Misdreavus|spa|1\n|-boost|p1a: Misdreavus|spd|1\n|move|p2a: Noctowl|Calm Mind|p2a: Noctowl\n|-boost|p2a: Noctowl|spa|1\n|-boost|p2a: Noctowl|spd|1\n|\n|upkeep\n|turn|7\n|\n|t:|1781459567\n|move|p1a: Misdreavus|Calm Mind|p1a: Misdreavus\n|-boost|p1a: Misdreavus|spa|1\n|-boost|p1a: Misdreavus|spd|1\n|move|p2a: Noctowl|Calm Mind|p2a: Noctowl\n|-boost|p2a: Noctowl|spa|1\n|-boost|p2a: Noctowl|spd|1\n|\n|upkeep\n|turn|8\n|\n|t:|1781459571\n|move|p1a: Misdreavus|Will-O-Wisp|p2a: Noctowl\n|-status|p2a: Noctowl|brn\n|move|p2a: Noctowl|Calm Mind|p2a: Noctowl\n|-boost|p2a: Noctowl|spa|1\n|-boost|p2a: Noctowl|spd|1\n|\n|-damage|p2a: Noctowl|323/344 brn|[from] brn\n|upkeep\n|turn|9\n|\n|t:|1781459576\n|move|p1a: Misdreavus|Draining Kiss|p2a: Noctowl\n|-damage|p2a: Noctowl|291/344 brn\n|-heal|p1a: Misdreavus|217/254|[from] drain|[of] p2a: Noctowl\n|move|p2a: Noctowl|Hurricane|p1a: Misdreavus|[miss]\n|-miss|p2a: Noctowl|p1a: Misdreavus\n|\n|-damage|p2a: Noctowl|270/344 brn|[from] brn\n|upkeep\n|turn|10\n|\n|t:|1781459581\n|move|p1a: Misdreavus|Draining Kiss|p2a: Noctowl\n|-damage|p2a: Noctowl|239/344 brn\n|-heal|p1a: Misdreavus|240/254|[from] drain|[of] p2a: Noctowl\n|move|p2a: Noctowl|Hurricane|p1a: Misdreavus\n|-damage|p1a: Misdreavus|144/254\n|\n|-damage|p2a: Noctowl|218/344 brn|[from] brn\n|upkeep\n|turn|11\n|\n|t:|1781459587\n|move|p1a: Misdreavus|Draining Kiss|p2a: Noctowl\n|-damage|p2a: Noctowl|186/344 brn\n|-heal|p1a: Misdreavus|168/254|[from] drain|[of] p2a: Noctowl\n|move|p2a: Noctowl|Hurricane|p1a: Misdreavus\n|-damage|p1a: Misdreavus|84/254\n|\n|-damage|p2a: Noctowl|165/344 brn|[from] brn\n|upkeep\n|turn|12\n|\n|t:|1781459596\n|move|p1a: Misdreavus|Draining Kiss|p2a: Noctowl\n|-damage|p2a: Noctowl|133/344 brn\n|-heal|p1a: Misdreavus|108/254|[from] drain|[of] p2a: Noctowl\n|move|p2a: Noctowl|Roost|p2a: Noctowl\n|-heal|p2a: Noctowl|305/344 brn\n|-singleturn|p2a: Noctowl|move: Roost\n|\n|-damage|p2a: Noctowl|284/344 brn|[from] brn\n|upkeep\n|turn|13\n|\n|t:|1781459602\n|move|p1a: Misdreavus|Draining Kiss|p2a: Noctowl\n|-damage|p2a: Noctowl|251/344 brn\n|-heal|p1a: Misdreavus|133/254|[from] drain|[of] p2a: Noctowl\n|move|p2a: Noctowl|Hurricane|p1a: Misdreavus\n|-damage|p1a: Misdreavus|45/254\n|\n|-damage|p2a: Noctowl|230/344 brn|[from] brn\n|upkeep\n|turn|14\n|\n|t:|1781459608\n|move|p1a: Misdreavus|Draining Kiss|p2a: Noctowl\n|-damage|p2a: Noctowl|196/344 brn\n|-heal|p1a: Misdreavus|71/254|[from] drain|[of] p2a: Noctowl\n|move|p2a: Noctowl|Hurricane|p1a: Misdreavus\n|-damage|p1a: Misdreavus|0 fnt\n|faint|p1a: Misdreavus\n|\n|-damage|p2a: Noctowl|175/344 brn|[from] brn\n|upkeep\n|\n|t:|1781459618\n|switch|p1a: Staraptor|Staraptor, L79, F|263/263\n|turn|15\n|\n|t:|1781459624\n|switch|p2a: Wyrdeer|Wyrdeer, L87, M|321/321\n|-ability|p2a: Wyrdeer|Intimidate|boost\n|-unboost|p1a: Staraptor|atk|1\n|move|p1a: Staraptor|Brave Bird|p2a: Wyrdeer\n|-damage|p2a: Wyrdeer|132/321\n|-damage|p1a: Staraptor|201/263|[from] Recoil\n|\n|upkeep\n|turn|16\n|\n|t:|1781459627\n|move|p1a: Staraptor|Brave Bird|p2a: Wyrdeer\n|-damage|p2a: Wyrdeer|0 fnt\n|faint|p2a: Wyrdeer\n|-damage|p1a: Staraptor|157/263|[from] Recoil\n|\n|upkeep\n|\n|t:|1781459632\n|switch|p2a: Salazzle|Salazzle, L83, F|249/249\n|turn|17\n|\n|t:|1781459661\n|switch|p1a: Porygon2|Porygon2, L81|270/270\n|-ability|p1a: Porygon2|Download|boost\n|-boost|p1a: Porygon2|spa|1\n|move|p2a: Salazzle|Substitute|p2a: Salazzle\n|-start|p2a: Salazzle|Substitute\n|-damage|p2a: Salazzle|187/249\n|\n|-heal|p2a: Salazzle|202/249|[from] item: Leftovers\n|upkeep\n|turn|18\n|\n|t:|1781459673\n|move|p2a: Salazzle|Protect|p2a: Salazzle\n|-singleturn|p2a: Salazzle|Protect\n|move|p1a: Porygon2|Tri Attack|p2a: Salazzle\n|-activate|p2a: Salazzle|move: Protect\n|\n|-heal|p2a: Salazzle|217/249|[from] item: Leftovers\n|upkeep\n|turn|19\n|\n|t:|1781459675\n|move|p2a: Salazzle|Toxic|p1a: Porygon2\n|-status|p1a: Porygon2|tox\n|move|p1a: Porygon2|Tri Attack|p2a: Salazzle\n|-end|p2a: Salazzle|Substitute\n|\n|-heal|p2a: Salazzle|232/249|[from] item: Leftovers\n|-damage|p1a: Porygon2|254/270 tox|[from] psn\n|upkeep\n|turn|20\n|\n|t:|1781459688\n|switch|p1a: Malamar|Malamar, L82, M|275/275\n|move|p2a: Salazzle|Protect||[still]\n|-fail|p2a: Salazzle\n|\n|-heal|p2a: Salazzle|247/249|[from] item: Leftovers\n|upkeep\n|turn|21\n|\n|t:|1781459697\n|move|p2a: Salazzle|Substitute|p2a: Salazzle\n|-start|p2a: Salazzle|Substitute\n|-damage|p2a: Salazzle|185/249\n|move|p1a: Malamar|Superpower|p2a: Salazzle\n|-resisted|p2a: Salazzle\n|-activate|p2a: Salazzle|move: Substitute|[damage]\n|-boost|p1a: Malamar|atk|1\n|-boost|p1a: Malamar|def|1\n|\n|-heal|p2a: Salazzle|200/249|[from] item: Leftovers\n|upkeep\n|turn|22\n|\n|t:|1781459705\n|move|p2a: Salazzle|Protect|p2a: Salazzle\n|-singleturn|p2a: Salazzle|Protect\n|move|p1a: Malamar|Superpower|p2a: Salazzle\n|-activate|p2a: Salazzle|move: Protect\n|\n|-heal|p2a: Salazzle|215/249|[from] item: Leftovers\n|upkeep\n|turn|23\n|\n|t:|1781459708\n|move|p2a: Salazzle|Flamethrower|p1a: Malamar\n|-damage|p1a: Malamar|145/275\n|-status|p1a: Malamar|brn\n|move|p1a: Malamar|Superpower|p2a: Salazzle\n|-resisted|p2a: Salazzle\n|-end|p2a: Salazzle|Substitute\n|-boost|p1a: Malamar|atk|1\n|-boost|p1a: Malamar|def|1\n|\n|-heal|p2a: Salazzle|230/249|[from] item: Leftovers\n|-heal|p1a: Malamar|162/275 brn|[from] item: Leftovers\n|-damage|p1a: Malamar|145/275 brn|[from] brn\n|upkeep\n|turn|24\n|\n|t:|1781459713\n|move|p2a: Salazzle|Flamethrower|p1a: Malamar\n|-damage|p1a: Malamar|30/275 brn\n|move|p1a: Malamar|Rest|p1a: Malamar\n|-status|p1a: Malamar|slp|[from] move: Rest\n|-heal|p1a: Malamar|275/275 slp|[silent]\n|\n|-heal|p2a: Salazzle|245/249|[from] item: Leftovers\n|upkeep\n|turn|25\n|\n|t:|1781459715\n|move|p2a: Salazzle|Flamethrower|p1a: Malamar\n|-damage|p1a: Malamar|154/275 slp\n|cant|p1a: Malamar|slp\n|move|p1a: Malamar|Sleep Talk|p1a: Malamar\n|move|p1a: Malamar|Knock Off|p2a: Salazzle|[from] move: Sleep Talk\n|-damage|p2a: Salazzle|7/249\n|-enditem|p2a: Salazzle|Leftovers|[from] move: Knock Off|[of] p1a: Malamar\n|\n|-heal|p1a: Malamar|171/275 slp|[from] item: Leftovers\n|upkeep\n|turn|26\n|\n|t:|1781459727\n|move|p2a: Salazzle|Flamethrower|p1a: Malamar\n|-damage|p1a: Malamar|45/275 slp\n|cant|p1a: Malamar|slp\n|move|p1a: Malamar|Sleep Talk|p1a: Malamar\n|move|p1a: Malamar|Knock Off|p2a: Salazzle|[from] move: Sleep Talk\n|-damage|p2a: Salazzle|0 fnt\n|faint|p2a: Salazzle\n|\n|-heal|p1a: Malamar|62/275 slp|[from] item: Leftovers\n|upkeep\n|\n|t:|1781459731\n|switch|p2a: Roaring Moon|Roaring Moon, L72|270/270\n|turn|27\n|\n|t:|1781459738\n|move|p2a: Roaring Moon|U-turn|p1a: Malamar\n|-supereffective|p1a: Malamar\n|-damage|p1a: Malamar|0 fnt\n|faint|p1a: Malamar\n|\n|t:|1781459744\n|-end|p2a: Roaring Moon|Protosynthesis|[silent]\n|switch|p2a: Samurott|Samurott, L88, M|310/310|[from] U-turn\n|\n|upkeep\n|\n|t:|1781459753\n|switch|p1a: Forretress|Forretress, L84, M|263/263\n|turn|28\n|\n|t:|1781459757\n|move|p2a: Samurott|Swords Dance|p2a: Samurott\n|-boost|p2a: Samurott|atk|2\n|move|p1a: Forretress|Stealth Rock|p2a: Samurott\n|-sidestart|p2: grabschaender|move: Stealth Rock\n|\n|upkeep\n|turn|29\n|\n|t:|1781459760\n|move|p2a: Samurott|Liquidation|p1a: Forretress\n|-damage|p1a: Forretress|82/263\n|-unboost|p1a: Forretress|def|1\n|-damage|p2a: Samurott|279/310|[from] item: Life Orb\n|move|p1a: Forretress|Thunder Wave|p2a: Samurott\n|-status|p2a: Samurott|par\n|\n|-heal|p1a: Forretress|98/263|[from] item: Leftovers\n|upkeep\n|turn|30\n|\n|t:|1781459766\n|switch|p1a: Quagsire|Quagsire, L84, M|297/297\n|move|p2a: Samurott|Liquidation|p1a: Quagsire\n|-damage|p1a: Quagsire|164/297\n|-damage|p2a: Samurott|248/310 par|[from] item: Life Orb\n|\n|-heal|p1a: Quagsire|182/297|[from] item: Leftovers\n|upkeep\n|turn|31\n|\n|t:|1781459770\n|move|p1a: Quagsire|Recover|p1a: Quagsire\n|-heal|p1a: Quagsire|297/297\n|move|p2a: Samurott|Knock Off|p1a: Quagsire\n|-damage|p1a: Quagsire|193/297\n|-enditem|p1a: Quagsire|Leftovers|[from] move: Knock Off|[of] p2a: Samurott\n|-damage|p2a: Samurott|217/310 par|[from] item: Life Orb\n|\n|upkeep\n|turn|32\n|\n|t:|1781459776\n|switch|p2a: Noctowl|Noctowl, L95, M|175/344 brn\n|move|p1a: Quagsire|Earthquake|p2a: Noctowl\n|-immune|p2a: Noctowl\n|\n|-damage|p2a: Noctowl|154/344 brn|[from] brn\n|upkeep\n|turn|33\n|\n|t:|1781459784\n|switch|p1a: Forretress|Forretress, L84, M|98/263\n|move|p2a: Noctowl|Hyper Voice|p1a: Forretress\n|-resisted|p1a: Forretress\n|-damage|p1a: Forretress|0 fnt\n|faint|p1a: Forretress\n|\n|-damage|p2a: Noctowl|133/344 brn|[from] brn\n|upkeep\n|\n|t:|1781459792\n|switch|p1a: Staraptor|Staraptor, L79, F|157/263\n|turn|34\n|\n|t:|1781459797\n|switch|p2a: Samurott|Samurott, L88, M|217/310 par\n|-damage|p2a: Samurott|179/310 par|[from] Stealth Rock\n|move|p1a: Staraptor|Brave Bird|p2a: Samurott\n|-damage|p2a: Samurott|0 fnt\n|faint|p2a: Samurott\n|-damage|p1a: Staraptor|98/263|[from] Recoil\n|\n|upkeep\n|\n|t:|1781459799\n|switch|p2a: Roaring Moon|Roaring Moon, L72|270/270\n|-damage|p2a: Roaring Moon|237/270|[from] Stealth Rock\n|turn|35\n|\n|t:|1781459805\n|switch|p1a: Porygon2|Porygon2, L81|254/270 tox\n|-ability|p1a: Porygon2|Download|boost\n|-boost|p1a: Porygon2|atk|1\n|move|p2a: Roaring Moon|U-turn|p1a: Porygon2\n|-damage|p1a: Porygon2|202/270 tox\n|\n|t:|1781459812\n|-end|p2a: Roaring Moon|Protosynthesis|[silent]\n|switch|p2a: Tatsugiri|Tatsugiri, L87, M|260/260|[from] U-turn\n|\n|-damage|p1a: Porygon2|186/270 tox|[from] psn\n|upkeep\n|turn|36\n|\n|t:|1781459822\n|move|p2a: Tatsugiri|Rapid Spin|p1a: Porygon2\n|-damage|p1a: Porygon2|168/270 tox\n|-boost|p2a: Tatsugiri|spe|1\n|-sideend|p2: grabschaender|Stealth Rock|[from] move: Rapid Spin|[of] p2a: Tatsugiri\n|move|p1a: Porygon2|Discharge|p2a: Tatsugiri\n|-damage|p2a: Tatsugiri|212/260\n|\n|-damage|p1a: Porygon2|136/270 tox|[from] psn\n|upkeep\n|turn|37\n|\n|t:|1781459831\n|move|p2a: Tatsugiri|Nasty Plot|p2a: Tatsugiri\n|-boost|p2a: Tatsugiri|spa|2\n|move|p1a: Porygon2|Discharge|p2a: Tatsugiri\n|-damage|p2a: Tatsugiri|158/260\n|-status|p2a: Tatsugiri|par\n|\n|-damage|p1a: Porygon2|88/270 tox|[from] psn\n|upkeep\n|turn|38\n|\n|t:|1781459844\n|switch|p1a: Quagsire|Quagsire, L84, M|193/297\n|move|p2a: Tatsugiri|Surf|p1a: Quagsire\n|-damage|p1a: Quagsire|40/297\n|\n|upkeep\n|turn|39\n|\n|t:|1781459850\n|cant|p2a: Tatsugiri|par\n|move|p1a: Quagsire|Recover|p1a: Quagsire\n|-heal|p1a: Quagsire|189/297\n|\n|upkeep\n|turn|40\n|\n|t:|1781459855\n|move|p2a: Tatsugiri|Draco Meteor|p1a: Quagsire\n|-damage|p1a: Quagsire|0 fnt\n|-unboost|p2a: Tatsugiri|spa|2\n|faint|p1a: Quagsire\n|\n|upkeep\n|\n|t:|1781459858\n|switch|p1a: Staraptor|Staraptor, L79, F|98/263\n|turn|41\n|\n|t:|1781459864\n|move|p1a: Staraptor|Brave Bird|p2a: Tatsugiri\n|-damage|p2a: Tatsugiri|0 fnt\n|faint|p2a: Tatsugiri\n|-damage|p1a: Staraptor|46/263|[from] Recoil\n|\n|upkeep\n|\n|t:|1781459866\n|switch|p2a: Roaring Moon|Roaring Moon, L72|237/270\n|turn|42\n|\n|t:|1781459870\n|switch|p1a: Porygon2|Porygon2, L81|88/270 tox\n|-ability|p1a: Porygon2|Download|boost\n|-boost|p1a: Porygon2|atk|1\n|move|p2a: Roaring Moon|Knock Off|p1a: Porygon2\n|-damage|p1a: Porygon2|0 fnt\n|-enditem|p1a: Porygon2|Eviolite|[from] move: Knock Off|[of] p2a: Roaring Moon\n|faint|p1a: Porygon2\n|\n|upkeep\n|\n|t:|1781459874\n|switch|p1a: Staraptor|Staraptor, L79, F|46/263\n|turn|43\n|\n|t:|1781459881\n|-terastallize|p2a: Roaring Moon|Dragon\n|-terastallize|p1a: Staraptor|Fighting\n|move|p2a: Roaring Moon|Knock Off|p1a: Staraptor\n|-resisted|p1a: Staraptor\n|-damage|p1a: Staraptor|0 fnt\n|-enditem|p1a: Staraptor|Choice Band|[from] move: Knock Off|[of] p2a: Roaring Moon\n|faint|p1a: Staraptor\n|\n|win|grabschaender\n", "uploadtime": 1781459483, "views": 7, "formatid": "gen9randombattle", "rating": null, "private": 0, "password": null}