{"id": "gen9randombattle-2632010934", "format": "[Gen 9] Random Battle", "players": ["Highster5", "YUNGCORV"], "log": "|j|\u2606Highster5\n|j|\u2606YUNGCORV\n|t:|1781465680\n|gametype|singles\n|player|p1|Highster5|nemona-masters|2067\n|player|p2|YUNGCORV|101|2122\n|gen|9\n|tier|[Gen 9] Random Battle\n|rated|\n|rule|Species Clause: Limit one of each Pok\u00e9mon\n|rule|HP Percentage Mod: HP is shown in percentages\n|rule|Sleep Clause Mod: Limit one foe put to sleep\n|rule|Illusion Level Mod: Illusion disguises the Pok\u00e9mon's true level\n|\n|t:|1781465680\n|teamsize|p1|6\n|teamsize|p2|6\n|start\n|switch|p1a: Rampardos|Rampardos, L90, M|321/321\n|switch|p2a: Trevenant|Trevenant, L89, M|296/296\n|turn|1\n|inactive|Battle timer is ON: inactive players will automatically lose when time's up. (requested by Highster5)\n|\n|t:|1781465704\n|move|p1a: Rampardos|Head Smash|p2a: Trevenant|[miss]\n|-miss|p1a: Rampardos|p2a: Trevenant\n|move|p2a: Trevenant|Drain Punch|p1a: Rampardos\n|-supereffective|p1a: Rampardos\n|-damage|p1a: Rampardos|165/321\n|\n|upkeep\n|turn|2\n|\n|t:|1781465713\n|move|p1a: Rampardos|Head Smash|p2a: Trevenant\n|-damage|p2a: Trevenant|0 fnt\n|faint|p2a: Trevenant\n|-damage|p1a: Rampardos|17/321|[from] Recoil\n|\n|upkeep\n|\n|t:|1781465721\n|switch|p2a: Hitmonchan|Hitmonchan, L87, M|229/229\n|turn|3\n|\n|t:|1781465725\n|switch|p1a: Armarouge|Armarouge, L80, M|267/267\n|move|p2a: Hitmonchan|Rapid Spin|p1a: Armarouge\n|-damage|p1a: Armarouge|228/267\n|-boost|p2a: Hitmonchan|spe|1\n|-ability|p1a: Armarouge|Weak Armor|boost\n|-unboost|p1a: Armarouge|def|1\n|-boost|p1a: Armarouge|spe|2\n|\n|upkeep\n|turn|4\n|\n|t:|1781465740\n|switch|p2a: Weavile|Weavile, L79, M|240/240\n|move|p1a: Armarouge|Meteor Beam||[still]\n|-prepare|p1a: Armarouge|Meteor Beam\n|-boost|p1a: Armarouge|spa|1\n|-enditem|p1a: Armarouge|Power Herb\n|-anim|p1a: Armarouge|Meteor Beam|p2a: Weavile\n|-supereffective|p2a: Weavile\n|-damage|p2a: Weavile|0 fnt\n|faint|p2a: Weavile\n|\n|upkeep\n|\n|t:|1781465757\n|switch|p2a: Pyroar|Pyroar, L88, M|295/295\n|-ability|p2a: Pyroar|Unnerve\n|turn|5\n|\n|t:|1781465763\n|move|p1a: Armarouge|Psyshock|p2a: Pyroar\n|-damage|p2a: Pyroar|138/295\n|move|p2a: Pyroar|Dark Pulse|p1a: Armarouge\n|-supereffective|p1a: Armarouge\n|-damage|p1a: Armarouge|62/267\n|\n|upkeep\n|turn|6\n|\n|t:|1781465773\n|move|p1a: Armarouge|Psyshock|p2a: Pyroar\n|-damage|p2a: Pyroar|0 fnt\n|faint|p2a: Pyroar\n|\n|upkeep\n|\n|t:|1781465778\n|switch|p2a: Vigoroth|Vigoroth, L85, M|275/275\n|turn|7\n|\n|t:|1781465783\n|move|p1a: Armarouge|Armor Cannon|p2a: Vigoroth\n|-damage|p2a: Vigoroth|80/275\n|-unboost|p1a: Armarouge|def|1\n|-unboost|p1a: Armarouge|spd|1\n|move|p2a: Vigoroth|Body Slam|p1a: Armarouge\n|-damage|p1a: Armarouge|0 fnt\n|faint|p1a: Armarouge\n|\n|upkeep\n|\n|t:|1781465798\n|switch|p1a: Ambipom|Ambipom, L84, M|263/263\n|turn|8\n|\n|t:|1781465802\n|move|p1a: Ambipom|Double-Edge|p2a: Vigoroth\n|-damage|p2a: Vigoroth|0 fnt\n|faint|p2a: Vigoroth\n|-damage|p1a: Ambipom|237/263|[from] Recoil\n|\n|upkeep\n|\n|t:|1781465810\n|switch|p2a: Iron Leaves|Iron Leaves, L80|275/275\n|turn|9\n|\n|t:|1781465813\n|move|p1a: Ambipom|Double-Edge|p2a: Iron Leaves\n|-damage|p2a: Iron Leaves|76/275\n|-damage|p1a: Ambipom|171/263|[from] Recoil\n|move|p2a: Iron Leaves|Close Combat|p1a: Ambipom\n|-supereffective|p1a: Ambipom\n|-damage|p1a: Ambipom|0 fnt\n|-unboost|p2a: Iron Leaves|def|1\n|-unboost|p2a: Iron Leaves|spd|1\n|faint|p1a: Ambipom\n|\n|upkeep\n|\n|t:|1781465817\n|switch|p1a: Mimikyu|Mimikyu, L79, M|216/216\n|turn|10\n|\n|t:|1781465828\n|-end|p2a: Iron Leaves|Quark Drive|[silent]\n|switch|p2a: Hitmonchan|Hitmonchan, L87, M|229/229\n|move|p1a: Mimikyu|Swords Dance|p1a: Mimikyu\n|-boost|p1a: Mimikyu|atk|2\n|\n|upkeep\n|turn|11\n|\n|t:|1781465837\n|-terastallize|p2a: Hitmonchan|Steel\n|move|p1a: Mimikyu|Play Rough|p2a: Hitmonchan\n|-resisted|p2a: Hitmonchan\n|-damage|p2a: Hitmonchan|130/229\n|-damage|p1a: Mimikyu|195/216|[from] item: Life Orb\n|move|p2a: Hitmonchan|Knock Off|p1a: Mimikyu\n|-activate|p1a: Mimikyu|ability: Disguise\n|-damage|p1a: Mimikyu|195/216\n|-enditem|p1a: Mimikyu|Life Orb|[from] move: Knock Off|[of] p2a: Hitmonchan\n|detailschange|p1a: Mimikyu|Mimikyu-Busted, L79, M\n|-damage|p1a: Mimikyu|168/216|[from] pokemon: Mimikyu-Busted\n|\n|-heal|p2a: Hitmonchan|144/229|[from] item: Leftovers\n|upkeep\n|turn|12\n|\n|t:|1781465860\n|move|p1a: Mimikyu|Drain Punch|p2a: Hitmonchan\n|-supereffective|p2a: Hitmonchan\n|-damage|p2a: Hitmonchan|0 fnt\n|-heal|p1a: Mimikyu|216/216|[from] drain|[of] p2a: Hitmonchan\n|faint|p2a: Hitmonchan\n|\n|upkeep\n|l|\u2606YUNGCORV\n|inactive|YUNGCORV disconnected and has a minute to reconnect!\n|player|p2|\n|inactive|YUNGCORV has 30 seconds to reconnect!\n|inactive|YUNGCORV has 20 seconds to reconnect!\n|inactive|YUNGCORV has 15 seconds to reconnect!\n|inactive|YUNGCORV has 10 seconds to reconnect!\n|inactive|YUNGCORV has 5 seconds to reconnect!\n|-message|YUNGCORV lost due to inactivity.\n|\n|win|Highster5\n", "uploadtime": 1781465681, "views": 6, "formatid": "gen9randombattle", "rating": null, "private": 0, "password": null}