{"id": "gen9randombattle-2631897928", "format": "[Gen 9] Random Battle", "players": ["Lemongrab23", "danmoses"], "log": "|j|\u2606Lemongrab23\n|j|\u2606danmoses\n|t:|1781453322\n|gametype|singles\n|player|p1|Lemongrab23|bruno|1908\n|player|p2|danmoses|whitney|1926\n|gen|9\n|tier|[Gen 9] Random Battle\n|rated|\n|rule|Species Clause: Limit one of each Pok\u00e9mon\n|rule|HP Percentage Mod: HP is shown in percentages\n|rule|Sleep Clause Mod: Limit one foe put to sleep\n|rule|Illusion Level Mod: Illusion disguises the Pok\u00e9mon's true level\n|\n|t:|1781453322\n|teamsize|p1|6\n|teamsize|p2|6\n|start\n|switch|p1a: Oricorio|Oricorio-Pom-Pom, L82, F|257/257\n|switch|p2a: Lilligant|Lilligant-Hisui, L79, F|240/240\n|turn|1\n|inactive|Battle timer is ON: inactive players will automatically lose when time's up. (requested by danmoses)\n|\n|t:|1781453340\n|move|p2a: Lilligant|Sleep Powder|p1a: Oricorio|[miss]\n|-miss|p2a: Lilligant|p1a: Oricorio\n|move|p1a: Oricorio|Hurricane|p2a: Lilligant\n|-supereffective|p2a: Lilligant\n|-damage|p2a: Lilligant|0 fnt\n|faint|p2a: Lilligant\n|\n|upkeep\n|\n|t:|1781453349\n|switch|p2a: Pikachu|Pikachu-Hoenn, L93, F|216/216\n|turn|2\n|\n|t:|1781453376\n|move|p2a: Pikachu|Fake Out|p1a: Oricorio\n|-damage|p1a: Oricorio|206/257\n|cant|p1a: Oricorio|flinch\n|\n|upkeep\n|turn|3\n|\n|t:|1781453386\n|-terastallize|p1a: Oricorio|Ground\n|move|p2a: Pikachu|Volt Tackle|p1a: Oricorio\n|-immune|p1a: Oricorio\n|move|p1a: Oricorio|Quiver Dance|p1a: Oricorio\n|-boost|p1a: Oricorio|spa|1\n|-boost|p1a: Oricorio|spd|1\n|-boost|p1a: Oricorio|spe|1\n|\n|upkeep\n|turn|4\n|\n|t:|1781453395\n|-terastallize|p2a: Pikachu|Water\n|move|p1a: Oricorio|Revelation Dance|p2a: Pikachu\n|-crit|p2a: Pikachu\n|-damage|p2a: Pikachu|0 fnt\n|faint|p2a: Pikachu\n|\n|upkeep\n|\n|t:|1781453405\n|switch|p2a: Hydrapple|Hydrapple, L83, M|312/312\n|turn|5\n|\n|t:|1781453409\n|move|p1a: Oricorio|Hurricane|p2a: Hydrapple\n|-supereffective|p2a: Hydrapple\n|-damage|p2a: Hydrapple|72/312\n|move|p2a: Hydrapple|Dragon Tail|p1a: Oricorio\n|-damage|p1a: Oricorio|145/257\n|drag|p1a: Ogerpon|Ogerpon-Wellspring, L76, F|247/247\n|\n|upkeep\n|turn|6\n|\n|t:|1781453422\n|switch|p1a: Granbull|Granbull, L88, F|302/302\n|-ability|p1a: Granbull|Intimidate|boost\n|-unboost|p2a: Hydrapple|atk|1\n|move|p2a: Hydrapple|Giga Drain|p1a: Granbull\n|-damage|p1a: Granbull|175/302\n|-heal|p2a: Hydrapple|136/312|[from] drain|[of] p1a: Granbull\n|\n|-heal|p1a: Granbull|193/302|[from] item: Leftovers\n|upkeep\n|turn|7\n|\n|t:|1781453429\n|switch|p2a: Dewgong|Dewgong, L94, F|322/322\n|move|p1a: Granbull|Play Rough|p2a: Dewgong\n|-damage|p2a: Dewgong|211/322\n|\n|-heal|p1a: Granbull|211/302|[from] item: Leftovers\n|upkeep\n|turn|8\n|\n|t:|1781453436\n|move|p2a: Dewgong|Ice Beam|p1a: Granbull\n|-damage|p1a: Granbull|94/302\n|move|p1a: Granbull|Play Rough|p2a: Dewgong\n|-damage|p2a: Dewgong|87/322\n|\n|-heal|p1a: Granbull|112/302|[from] item: Leftovers\n|upkeep\n|turn|9\n|\n|t:|1781453444\n|move|p2a: Dewgong|Ice Beam|p1a: Granbull\n|-damage|p1a: Granbull|3/302\n|move|p1a: Granbull|Play Rough|p2a: Dewgong\n|-damage|p2a: Dewgong|0 fnt\n|faint|p2a: Dewgong\n|\n|-heal|p1a: Granbull|21/302|[from] item: Leftovers\n|upkeep\n|\n|t:|1781453458\n|switch|p2a: Chien-Pao|Chien-Pao, L72|234/234\n|-ability|p2a: Chien-Pao|Sword of Ruin\n|turn|10\n|\n|t:|1781453485\n|switch|p1a: Grimmsnarl|Grimmsnarl, L83, M|293/293\n|move|p2a: Chien-Pao|Icicle Crash|p1a: Grimmsnarl\n|-damage|p1a: Grimmsnarl|89/293\n|\n|-heal|p1a: Grimmsnarl|107/293|[from] item: Leftovers\n|upkeep\n|turn|11\n|inactive|Lemongrab23 has 120 seconds left.\n|\n|t:|1781453505\n|move|p2a: Chien-Pao|Icicle Crash|p1a: Grimmsnarl\n|-damage|p1a: Grimmsnarl|0 fnt\n|faint|p1a: Grimmsnarl\n|\n|upkeep\n|inactive|Lemongrab23 has 120 seconds left.\n|\n|t:|1781453528\n|switch|p1a: Magcargo|Magcargo, L95, F|268/268\n|turn|12\n|\n|t:|1781453534\n|switch|p2a: Hydrapple|Hydrapple, L83, M|240/312\n|move|p1a: Magcargo|Shell Smash|p1a: Magcargo\n|-unboost|p1a: Magcargo|def|1\n|-unboost|p1a: Magcargo|spd|1\n|-boost|p1a: Magcargo|atk|2\n|-boost|p1a: Magcargo|spa|2\n|-boost|p1a: Magcargo|spe|2\n|\n|upkeep\n|turn|13\n|inactive|Lemongrab23 has 120 seconds left.\n|\n|t:|1781453540\n|move|p1a: Magcargo|Fire Blast|p2a: Hydrapple\n|-damage|p2a: Hydrapple|30/312\n|move|p2a: Hydrapple|Earth Power|p1a: Magcargo\n|-supereffective|p1a: Magcargo\n|-damage|p1a: Magcargo|0 fnt\n|faint|p1a: Magcargo\n|\n|upkeep\n|inactive|Lemongrab23 has 120 seconds left.\n|\n|t:|1781453559\n|switch|p1a: Oricorio|Oricorio-Pom-Pom, L82, F, tera:Ground|145/257\n|turn|14\n|\n|t:|1781453564\n|move|p1a: Oricorio|Hurricane|p2a: Hydrapple\n|-supereffective|p2a: Hydrapple\n|-damage|p2a: Hydrapple|0 fnt\n|faint|p2a: Hydrapple\n|\n|upkeep\n|\n|t:|1781453578\n|switch|p2a: Chien-Pao|Chien-Pao, L72|234/234\n|-ability|p2a: Chien-Pao|Sword of Ruin\n|turn|15\n|inactive|Lemongrab23 has 120 seconds left.\n|l|\u2606Lemongrab23\n|inactive|Lemongrab23 disconnected and has a minute to reconnect!\n|player|p1|\n|inactive|Lemongrab23 has 30 seconds to reconnect!\n|inactive|Lemongrab23 has 20 seconds to reconnect!\n|inactive|Lemongrab23 has 15 seconds to reconnect!\n|inactive|Lemongrab23 has 10 seconds to reconnect!\n|inactive|Lemongrab23 has 5 seconds to reconnect!\n|-message|Lemongrab23 lost due to inactivity.\n|\n|win|danmoses\n", "uploadtime": 1781453324, "views": 3, "formatid": "gen9randombattle", "rating": null, "private": 0, "password": null}