{"id": "gen9randombattle-2631746041", "format": "[Gen 9] Random Battle", "players": ["joebidenfan1245", "pokemon theori"], "log": "|j|\u2606joebidenfan1245\n|j|\u2606pokemon theori\n|t:|1781432851\n|gametype|singles\n|player|p1|joebidenfan1245|265|1916\n|player|p2|pokemon theori|giovanni|1999\n|gen|9\n|tier|[Gen 9] Random Battle\n|rated|\n|rule|Species Clause: Limit one of each Pok\u00e9mon\n|rule|HP Percentage Mod: HP is shown in percentages\n|rule|Sleep Clause Mod: Limit one foe put to sleep\n|rule|Illusion Level Mod: Illusion disguises the Pok\u00e9mon's true level\n|\n|t:|1781432851\n|teamsize|p1|6\n|teamsize|p2|6\n|start\n|switch|p1a: Jirachi|Jirachi, L80|291/291\n|switch|p2a: Gurdurr|Gurdurr, L85, M|283/283\n|turn|1\n|inactive|Battle timer is ON: inactive players will automatically lose when time's up. (requested by pokemon theori)\n|\n|t:|1781432867\n|move|p1a: Jirachi|Psychic|p2a: Gurdurr\n|-supereffective|p2a: Gurdurr\n|-damage|p2a: Gurdurr|115/283\n|move|p2a: Gurdurr|Knock Off|p1a: Jirachi\n|-supereffective|p1a: Jirachi\n|-damage|p1a: Jirachi|157/291\n|-enditem|p1a: Jirachi|Choice Scarf|[from] move: Knock Off|[of] p2a: Gurdurr\n|\n|upkeep\n|turn|2\n|\n|t:|1781432875\n|switch|p2a: Cresselia|Cresselia, L80, F|323/323\n|move|p1a: Jirachi|Psychic|p2a: Cresselia\n|-resisted|p2a: Cresselia\n|-damage|p2a: Cresselia|288/323\n|\n|-heal|p2a: Cresselia|308/323|[from] item: Leftovers\n|upkeep\n|turn|3\n|\n|t:|1781432885\n|move|p1a: Jirachi|U-turn|p2a: Cresselia\n|-supereffective|p2a: Cresselia\n|-damage|p2a: Cresselia|228/323\n|\n|t:|1781432902\n|switch|p1a: Ting-Lu|Ting-Lu, L78|370/370|[from] U-turn\n|-ability|p1a: Ting-Lu|Vessel of Ruin\n|move|p2a: Cresselia|Calm Mind|p2a: Cresselia\n|-boost|p2a: Cresselia|spa|1\n|-boost|p2a: Cresselia|spd|1\n|\n|-heal|p2a: Cresselia|248/323|[from] item: Leftovers\n|upkeep\n|turn|4\n|\n|t:|1781432916\n|switch|p2a: Sawsbuck|Sawsbuck-Summer, L88, F|284/284\n|move|p1a: Ting-Lu|Payback|p2a: Sawsbuck\n|-damage|p2a: Sawsbuck|221/284\n|\n|upkeep\n|turn|5\n|\n|t:|1781432931\n|switch|p1a: Noivern|Noivern, L82, M|274/274\n|move|p2a: Sawsbuck|Swords Dance|p2a: Sawsbuck\n|-boost|p2a: Sawsbuck|atk|2\n|\n|upkeep\n|turn|6\n|\n|t:|1781432944\n|switch|p2a: Cresselia|Cresselia, L80, F|248/323\n|move|p1a: Noivern|Draco Meteor|p2a: Cresselia\n|-damage|p2a: Cresselia|140/323\n|-unboost|p1a: Noivern|spa|2\n|\n|-heal|p2a: Cresselia|160/323|[from] item: Leftovers\n|upkeep\n|turn|7\n|\n|t:|1781432950\n|switch|p1a: Ting-Lu|Ting-Lu, L78|370/370\n|-ability|p1a: Ting-Lu|Vessel of Ruin\n|move|p2a: Cresselia|Moonlight|p2a: Cresselia\n|-heal|p2a: Cresselia|321/323\n|\n|-heal|p2a: Cresselia|323/323|[from] item: Leftovers\n|upkeep\n|turn|8\n|\n|t:|1781432957\n|switch|p2a: Breloom|Breloom, L83, M|235/235\n|move|p1a: Ting-Lu|Spikes|p2a: Breloom\n|-sidestart|p2: pokemon theori|Spikes\n|\n|upkeep\n|turn|9\n|\n|t:|1781432967\n|switch|p1a: Noivern|Noivern, L82, M|274/274\n|move|p2a: Breloom|Spore|p1a: Noivern\n|-status|p1a: Noivern|slp|[from] move: Spore\n|\n|upkeep\n|turn|10\n|\n|t:|1781432973\n|switch|p1a: Minior|Minior-Green, L79|224/224\n|-formechange|p1a: Minior|Minior-Meteor||[from] ability: Shields Down\n|move|p2a: Breloom|Rock Tomb|p1a: Minior\n|-supereffective|p1a: Minior\n|-damage|p1a: Minior|8/224\n|-unboost|p1a: Minior|spe|1\n|-damage|p2a: Breloom|212/235|[from] item: Life Orb\n|-enditem|p1a: Minior|White Herb\n|-clearnegativeboost|p1a: Minior|[silent]\n|\n|-formechange|p1a: Minior|Minior-Green||[from] ability: Shields Down\n|upkeep\n|turn|11\n|\n|t:|1781432986\n|move|p2a: Breloom|Mach Punch|p1a: Minior\n|-damage|p1a: Minior|0 fnt\n|faint|p1a: Minior\n|-damage|p2a: Breloom|189/235|[from] item: Life Orb\n|\n|upkeep\n|\n|t:|1781432990\n|switch|p1a: Raichu|Raichu-Alola, L87, M|246/246\n|turn|12\n|\n|t:|1781433000\n|switch|p2a: Cresselia|Cresselia, L80, F|323/323\n|move|p1a: Raichu|Nasty Plot|p1a: Raichu\n|-boost|p1a: Raichu|spa|2\n|\n|upkeep\n|turn|13\n|\n|t:|1781433006\n|move|p1a: Raichu|Thunderbolt|p2a: Cresselia\n|-damage|p2a: Cresselia|127/323\n|-status|p2a: Cresselia|par\n|-damage|p1a: Raichu|222/246|[from] item: Life Orb\n|move|p2a: Cresselia|Calm Mind|p2a: Cresselia\n|-boost|p2a: Cresselia|spa|1\n|-boost|p2a: Cresselia|spd|1\n|\n|-heal|p2a: Cresselia|147/323 par|[from] item: Leftovers\n|upkeep\n|turn|14\n|\n|t:|1781433011\n|-terastallize|p2a: Cresselia|Electric\n|move|p1a: Raichu|Thunderbolt|p2a: Cresselia\n|-resisted|p2a: Cresselia\n|-damage|p2a: Cresselia|73/323 par\n|-damage|p1a: Raichu|198/246|[from] item: Life Orb\n|move|p2a: Cresselia|Moonlight|p2a: Cresselia\n|-heal|p2a: Cresselia|234/323 par\n|\n|-heal|p2a: Cresselia|254/323 par|[from] item: Leftovers\n|upkeep\n|turn|15\n|\n|t:|1781433018\n|switch|p1a: Ting-Lu|Ting-Lu, L78|370/370\n|-ability|p1a: Ting-Lu|Vessel of Ruin\n|switch|p2a: Chien-Pao|Chien-Pao, L72|234/234\n|-ability|p2a: Chien-Pao|Sword of Ruin\n|\n|upkeep\n|turn|16\n|\n|t:|1781433035\n|move|p2a: Chien-Pao|Icicle Crash|p1a: Ting-Lu\n|-supereffective|p1a: Ting-Lu\n|-damage|p1a: Ting-Lu|190/370\n|move|p1a: Ting-Lu|Heavy Slam|p2a: Chien-Pao\n|-supereffective|p2a: Chien-Pao\n|-damage|p2a: Chien-Pao|56/234\n|\n|-heal|p1a: Ting-Lu|213/370|[from] item: Leftovers\n|upkeep\n|turn|17\n|\n|t:|1781433044\n|switch|p1a: Jirachi|Jirachi, L80|157/291\n|move|p2a: Chien-Pao|Icicle Crash|p1a: Jirachi\n|-resisted|p1a: Jirachi\n|-damage|p1a: Jirachi|105/291\n|\n|upkeep\n|turn|18\n|\n|t:|1781433053\n|move|p2a: Chien-Pao|Throat Chop|p1a: Jirachi\n|-supereffective|p1a: Jirachi\n|-damage|p1a: Jirachi|0 fnt\n|faint|p1a: Jirachi\n|\n|upkeep\n|\n|t:|1781433055\n|switch|p1a: Raichu|Raichu-Alola, L87, M|198/246\n|turn|19\n|\n|t:|1781433057\n|move|p1a: Raichu|Thunderbolt|p2a: Chien-Pao\n|-crit|p2a: Chien-Pao\n|-damage|p2a: Chien-Pao|0 fnt\n|faint|p2a: Chien-Pao\n|-damage|p1a: Raichu|174/246|[from] item: Life Orb\n|\n|upkeep\n|\n|t:|1781433063\n|switch|p2a: Sawsbuck|Sawsbuck-Summer, L88, F|221/284\n|-damage|p2a: Sawsbuck|186/284|[from] Spikes\n|turn|20\n|\n|t:|1781433083\n|move|p1a: Raichu|Focus Blast|p2a: Sawsbuck\n|-supereffective|p2a: Sawsbuck\n|-damage|p2a: Sawsbuck|0 fnt\n|faint|p2a: Sawsbuck\n|-damage|p1a: Raichu|150/246|[from] item: Life Orb\n|\n|upkeep\n|\n|t:|1781433089\n|switch|p2a: Cresselia|Cresselia, L80, F, tera:Electric|254/323 par\n|turn|21\n|\n|t:|1781433095\n|switch|p2a: Breloom|Breloom, L83, M|189/235\n|-damage|p2a: Breloom|160/235|[from] Spikes\n|move|p1a: Raichu|Psyshock|p2a: Breloom\n|-supereffective|p2a: Breloom\n|-damage|p2a: Breloom|0 fnt\n|faint|p2a: Breloom\n|-damage|p1a: Raichu|126/246|[from] item: Life Orb\n|\n|upkeep\n|-message|pokemon theori forfeited.\n|\n|win|joebidenfan1245\n", "uploadtime": 1781432852, "views": 3, "formatid": "gen9randombattle", "rating": null, "private": 0, "password": null}