{"id": "gen9randombattle-2631377021", "format": "[Gen 9] Random Battle", "players": ["BBUTTER", "anoncowboy"], "log": "|j|\u2606BBUTTER\n|j|\u2606anoncowboy\n|t:|1781377436\n|gametype|singles\n|player|p1|BBUTTER|blue|2067\n|player|p2|anoncowboy|pokemonranger-gen4|2025\n|gen|9\n|tier|[Gen 9] Random Battle\n|rated|\n|rule|Species Clause: Limit one of each Pok\u00e9mon\n|rule|HP Percentage Mod: HP is shown in percentages\n|rule|Sleep Clause Mod: Limit one foe put to sleep\n|rule|Illusion Level Mod: Illusion disguises the Pok\u00e9mon's true level\n|\n|t:|1781377436\n|teamsize|p1|6\n|teamsize|p2|6\n|start\n|switch|p1a: Crabominable|Crabominable, L90, F|321/321\n|switch|p2a: Victreebel|Victreebel, L90, M|235/235\n|turn|1\n|inactive|Battle timer is ON: inactive players will automatically lose when time's up. (requested by anoncowboy)\n|\n|t:|1781377451\n|move|p2a: Victreebel|Psychic|p1a: Crabominable\n|-supereffective|p1a: Crabominable\n|-damage|p1a: Crabominable|89/321\n|move|p1a: Crabominable|Ice Hammer|p2a: Victreebel|[miss]\n|-miss|p1a: Crabominable|p2a: Victreebel\n|\n|upkeep\n|turn|2\n|\n|t:|1781377461\n|switch|p1a: Mandibuzz|Mandibuzz, L85, F|326/326\n|move|p2a: Victreebel|Psychic|p1a: Mandibuzz\n|-immune|p1a: Mandibuzz\n|\n|upkeep\n|turn|3\n|\n|t:|1781377470\n|switch|p2a: Victreebel|Victreebel, L90, M|290/290\n|move|p1a: Mandibuzz|Toxic|p2a: Victreebel\n|-immune|p2a: Victreebel\n|\n|upkeep\n|turn|4\n|\n|t:|1781377484\n|move|p1a: Mandibuzz|Brave Bird|p2a: Victreebel\n|-supereffective|p2a: Victreebel\n|-damage|p2a: Victreebel|68/290\n|-damage|p1a: Mandibuzz|253/326|[from] Recoil\n|move|p2a: Victreebel|Sludge Wave|p1a: Mandibuzz\n|-damage|p1a: Mandibuzz|117/326\n|-damage|p2a: Victreebel|39/290|[from] item: Life Orb\n|\n|upkeep\n|turn|5\n|\n|t:|1781377493\n|switch|p2a: Pincurchin|Pincurchin, M|258/258\n|-fieldstart|move: Electric Terrain|[from] ability: Electric Surge|[of] p2a: Pincurchin\n|move|p1a: Mandibuzz|Foul Play|p2a: Pincurchin\n|-damage|p2a: Pincurchin|179/258\n|\n|-heal|p2a: Pincurchin|195/258|[from] item: Leftovers\n|upkeep\n|turn|6\n|\n|t:|1781377499\n|switch|p1a: Exeggutor|Exeggutor, L89, F|312/312\n|move|p2a: Pincurchin|Discharge|p1a: Exeggutor\n|-resisted|p1a: Exeggutor\n|-damage|p1a: Exeggutor|228/312\n|-status|p1a: Exeggutor|par\n|\n|-heal|p2a: Pincurchin|211/258|[from] item: Leftovers\n|upkeep\n|turn|7\n|\n|t:|1781377504\n|move|p2a: Pincurchin|Toxic Spikes|p1a: Exeggutor\n|-sidestart|p1: BBUTTER|move: Toxic Spikes\n|cant|p1a: Exeggutor|par\n|\n|-heal|p2a: Pincurchin|227/258|[from] item: Leftovers\n|upkeep\n|turn|8\n|-message|BBUTTER forfeited.\n|\n|win|anoncowboy\n", "uploadtime": 1781377438, "views": 6, "formatid": "gen9randombattle", "rating": null, "private": 0, "password": null}