{"id": "gen9randombattle-2631421160", "format": "[Gen 9] Random Battle", "players": ["69latrikpelo69", "HudsonStyles30"], "log": "|j|\u260669latrikpelo69\n|j|\u2606HudsonStyles30\n|t:|1781382598\n|gametype|singles\n|player|p1|69latrikpelo69|pokemaniac|1991\n|player|p2|HudsonStyles30|266|2044\n|gen|9\n|tier|[Gen 9] Random Battle\n|rated|\n|rule|Species Clause: Limit one of each Pok\u00e9mon\n|rule|HP Percentage Mod: HP is shown in percentages\n|rule|Sleep Clause Mod: Limit one foe put to sleep\n|rule|Illusion Level Mod: Illusion disguises the Pok\u00e9mon's true level\n|\n|t:|1781382598\n|teamsize|p1|6\n|teamsize|p2|6\n|start\n|switch|p1a: Iron Boulder|Iron Boulder, L77|265/265\n|switch|p2a: Rhydon|Rhydon, L85, M|317/317\n|turn|1\n|\n|t:|1781382614\n|-end|p1a: Iron Boulder|Quark Drive|[silent]\n|switch|p1a: Mismagius|Mismagius, L86, M|243/243\n|move|p2a: Rhydon|Stealth Rock|p1a: Mismagius\n|-sidestart|p1: 69latrikpelo69|move: Stealth Rock\n|\n|upkeep\n|turn|2\n|\n|t:|1781382628\n|move|p1a: Mismagius|Energy Ball|p2a: Rhydon\n|-supereffective|p2a: Rhydon\n|-damage|p2a: Rhydon|0 fnt\n|faint|p2a: Rhydon\n|\n|upkeep\n|\n|t:|1781382652\n|switch|p2a: Rotom|Rotom-Fan, L86|226/226\n|turn|3\n|\n|t:|1781382661\n|switch|p1a: Dragalge|Dragalge, L88, F|258/258\n|-damage|p1a: Dragalge|226/258|[from] Stealth Rock\n|move|p2a: Rotom|Thunder Wave|p1a: Dragalge\n|-status|p1a: Dragalge|par\n|\n|-heal|p1a: Dragalge|242/258 par|[from] item: Leftovers\n|upkeep\n|turn|4\n|inactive|Battle timer is ON: inactive players will automatically lose when time's up. (requested by 69latrikpelo69)\n|\n|t:|1781382680\n|switch|p2a: Iron Thorns|Iron Thorns, L83|302/302\n|move|p1a: Dragalge|Toxic|p2a: Iron Thorns\n|-status|p2a: Iron Thorns|tox\n|\n|-heal|p1a: Dragalge|258/258 par|[from] item: Leftovers\n|-damage|p2a: Iron Thorns|284/302 tox|[from] psn\n|upkeep\n|turn|5\n|\n|t:|1781382692\n|move|p2a: Iron Thorns|Spikes|p1a: Dragalge\n|-sidestart|p1: 69latrikpelo69|Spikes\n|cant|p1a: Dragalge|par\n|\n|-damage|p2a: Iron Thorns|248/302 tox|[from] psn\n|upkeep\n|turn|6\n|\n|t:|1781382699\n|move|p2a: Iron Thorns|Spikes|p1a: Dragalge\n|-sidestart|p1: 69latrikpelo69|Spikes\n|move|p1a: Dragalge|Draco Meteor|p2a: Iron Thorns\n|-damage|p2a: Iron Thorns|54/302 tox\n|-unboost|p1a: Dragalge|spa|2\n|\n|-damage|p2a: Iron Thorns|0 fnt|[from] psn\n|faint|p2a: Iron Thorns\n|-end|p2a: Iron Thorns|Quark Drive|[silent]\n|upkeep\n|\n|t:|1781382717\n|switch|p2a: Scrafty|Scrafty, L83, M|244/244\n|-ability|p2a: Scrafty|Intimidate|boost\n|-unboost|p1a: Dragalge|atk|1\n|turn|7\n|\n|t:|1781382720\n|move|p2a: Scrafty|Dragon Dance|p2a: Scrafty\n|-boost|p2a: Scrafty|atk|1\n|-boost|p2a: Scrafty|spe|1\n|move|p1a: Dragalge|Toxic|p2a: Scrafty\n|-status|p2a: Scrafty|tox\n|\n|-damage|p2a: Scrafty|229/244 tox|[from] psn\n|upkeep\n|turn|8\n|\n|t:|1781382725\n|move|p2a: Scrafty|Dragon Dance|p2a: Scrafty\n|-boost|p2a: Scrafty|atk|1\n|-boost|p2a: Scrafty|spe|1\n|move|p1a: Dragalge|Draco Meteor|p2a: Scrafty|[miss]\n|-miss|p1a: Dragalge|p2a: Scrafty\n|\n|-heal|p2a: Scrafty|244/244 tox|[from] item: Leftovers\n|-damage|p2a: Scrafty|214/244 tox|[from] psn\n|upkeep\n|turn|9\n|\n|t:|1781382733\n|move|p2a: Scrafty|Knock Off|p1a: Dragalge\n|-damage|p1a: Dragalge|78/258 par\n|-enditem|p1a: Dragalge|Leftovers|[from] move: Knock Off|[of] p2a: Scrafty\n|cant|p1a: Dragalge|par\n|\n|-heal|p2a: Scrafty|229/244 tox|[from] item: Leftovers\n|-damage|p2a: Scrafty|184/244 tox|[from] psn\n|upkeep\n|turn|10\n|\n|t:|1781382745\n|move|p2a: Scrafty|Knock Off|p1a: Dragalge\n|-damage|p1a: Dragalge|0 fnt\n|faint|p1a: Dragalge\n|\n|-heal|p2a: Scrafty|199/244 tox|[from] item: Leftovers\n|-damage|p2a: Scrafty|139/244 tox|[from] psn\n|upkeep\n|\n|t:|1781382757\n|switch|p1a: Lokix|Lokix, L82, F|251/251\n|-damage|p1a: Lokix|189/251|[from] Stealth Rock\n|-damage|p1a: Lokix|148/251|[from] Spikes\n|turn|11\n|\n|t:|1781382767\n|move|p1a: Lokix|First Impression|p2a: Scrafty\n|-damage|p2a: Scrafty|44/244 tox\n|-damage|p1a: Lokix|123/251|[from] item: Life Orb\n|move|p2a: Scrafty|Drain Punch|p1a: Lokix\n|-damage|p1a: Lokix|0 fnt\n|-heal|p2a: Scrafty|106/244 tox|[from] drain|[of] p1a: Lokix\n|faint|p1a: Lokix\n|\n|-heal|p2a: Scrafty|121/244 tox|[from] item: Leftovers\n|-damage|p2a: Scrafty|46/244 tox|[from] psn\n|upkeep\n|\n|t:|1781382778\n|switch|p1a: Staraptor|Staraptor, L79, M|263/263\n|-damage|p1a: Staraptor|198/263|[from] Stealth Rock\n|turn|12\n|\n|t:|1781382783\n|move|p1a: Staraptor|Quick Attack|p2a: Scrafty\n|-damage|p2a: Scrafty|0 fnt\n|faint|p2a: Scrafty\n|\n|upkeep\n|inactive|HudsonStyles30 has 120 seconds left.\n|\n|t:|1781382833\n|switch|p2a: Clefable|Clefable, L83, F|293/293\n|turn|13\n|\n|t:|1781382839\n|switch|p1a: Regirock|Regirock, L83|268/268\n|-damage|p1a: Regirock|235/268|[from] Stealth Rock\n|-damage|p1a: Regirock|191/268|[from] Spikes\n|move|p2a: Clefable|Moonblast|p1a: Regirock\n|-damage|p1a: Regirock|104/268\n|\n|-heal|p1a: Regirock|120/268|[from] item: Leftovers\n|upkeep\n|turn|14\n|\n|t:|1781382854\n|move|p2a: Clefable|Moonblast|p1a: Regirock\n|-damage|p1a: Regirock|38/268\n|move|p1a: Regirock|Thunder Wave|p2a: Clefable\n|-status|p2a: Clefable|par\n|\n|-heal|p1a: Regirock|54/268|[from] item: Leftovers\n|upkeep\n|turn|15\n|\n|t:|1781382864\n|move|p1a: Regirock|Stone Edge|p2a: Clefable|[miss]\n|-miss|p1a: Regirock|p2a: Clefable\n|cant|p2a: Clefable|par\n|\n|-heal|p1a: Regirock|70/268|[from] item: Leftovers\n|upkeep\n|turn|16\n|\n|t:|1781382871\n|switch|p2a: Passimian|Passimian, L83, M|302/302\n|move|p1a: Regirock|Stone Edge|p2a: Passimian\n|-resisted|p2a: Passimian\n|-damage|p2a: Passimian|250/302\n|\n|-heal|p1a: Regirock|86/268|[from] item: Leftovers\n|upkeep\n|turn|17\n|inactive|HudsonStyles30 has 120 seconds left.\n|\n|t:|1781382898\n|-terastallize|p1a: Regirock|Fighting\n|move|p2a: Passimian|Knock Off|p1a: Regirock\n|-resisted|p1a: Regirock\n|-crit|p1a: Regirock\n|-damage|p1a: Regirock|57/268\n|-enditem|p1a: Regirock|Leftovers|[from] move: Knock Off|[of] p2a: Passimian\n|move|p1a: Regirock|Thunder Wave|p2a: Passimian\n|-status|p2a: Passimian|par\n|\n|upkeep\n|turn|18\n|inactive|HudsonStyles30 has 120 seconds left.\n|\n|t:|1781382909\n|switch|p2a: Clefable|Clefable, L83, F|293/293 par\n|move|p1a: Regirock|Body Press|p2a: Clefable\n|-resisted|p2a: Clefable\n|-damage|p2a: Clefable|209/293 par\n|\n|-heal|p2a: Clefable|227/293 par|[from] item: Leftovers\n|upkeep\n|turn|19\n|\n|t:|1781382914\n|move|p1a: Regirock|Stone Edge|p2a: Clefable\n|-crit|p2a: Clefable\n|-damage|p2a: Clefable|32/293 par\n|move|p2a: Clefable|Moonblast|p1a: Regirock\n|-supereffective|p1a: Regirock\n|-damage|p1a: Regirock|0 fnt\n|faint|p1a: Regirock\n|\n|-heal|p2a: Clefable|50/293 par|[from] item: Leftovers\n|upkeep\n|\n|t:|1781382922\n|switch|p1a: Staraptor|Staraptor, L79, M|198/263\n|-damage|p1a: Staraptor|133/263|[from] Stealth Rock\n|turn|20\n|\n|t:|1781382928\n|move|p1a: Staraptor|Double-Edge|p2a: Clefable\n|-damage|p2a: Clefable|0 fnt\n|faint|p2a: Clefable\n|-damage|p1a: Staraptor|116/263|[from] Recoil\n|\n|upkeep\n|\n|t:|1781382950\n|switch|p2a: Passimian|Passimian, L83, M|250/302 par\n|turn|21\n|\n|t:|1781382957\n|move|p1a: Staraptor|Double-Edge|p2a: Passimian\n|-damage|p2a: Passimian|0 fnt\n|faint|p2a: Passimian\n|-damage|p1a: Staraptor|33/263|[from] Recoil\n|\n|upkeep\n|\n|t:|1781382962\n|switch|p2a: Rotom|Rotom-Fan, L86|226/226\n|turn|22\n|c|\u260669latrikpelo69|gg\n|\n|t:|1781382970\n|-terastallize|p2a: Rotom|Steel\n|move|p1a: Staraptor|Double-Edge|p2a: Rotom\n|-resisted|p2a: Rotom\n|-damage|p2a: Rotom|120/226\n|-damage|p1a: Staraptor|0 fnt|[from] Recoil\n|faint|p1a: Staraptor\n|move|p2a: Rotom|Thunder Wave|p1: Staraptor|[notarget]\n|-fail|p2a: Rotom\n|\n|upkeep\n|\n|t:|1781382977\n|switch|p1a: Mismagius|Mismagius, L86, M|243/243\n|-damage|p1a: Mismagius|213/243|[from] Stealth Rock\n|turn|23\n|\n|t:|1781382981\n|move|p1a: Mismagius|Mystical Fire|p2a: Rotom\n|-supereffective|p2a: Rotom\n|-crit|p2a: Rotom\n|-damage|p2a: Rotom|0 fnt\n|faint|p2a: Rotom\n|\n|win|69latrikpelo69\n|raw|69latrikpelo69's rating: 1991 &rarr; <strong>2014</strong><br />(+23 for winning)\n|raw|HudsonStyles30's rating: 2044 &rarr; <strong>2021</strong><br />(-23 for losing)\n", "uploadtime": 1781382600, "views": 8, "formatid": "gen9randombattle", "rating": 2014, "private": 0, "password": null}