{"id": "gen9randombattle-2631614992", "format": "[Gen 9] Random Battle", "players": ["Cc Do x", "supershadowfan2000"], "log": "|j|\u2606Cc Do x\n|j|\u2606supershadowfan2000\n|t:|1781409185\n|gametype|singles\n|player|p1|Cc Do x|pokemonbreederf-gen4|1000\n|player|p2|supershadowfan2000|102|1050\n|gen|9\n|tier|[Gen 9] Random Battle\n|rated|\n|rule|Species Clause: Limit one of each Pok\u00e9mon\n|rule|HP Percentage Mod: HP is shown in percentages\n|rule|Sleep Clause Mod: Limit one foe put to sleep\n|rule|Illusion Level Mod: Illusion disguises the Pok\u00e9mon's true level\n|\n|t:|1781409185\n|teamsize|p1|6\n|teamsize|p2|6\n|start\n|switch|p1a: Kilowattrel|Kilowattrel, L83, F|252/252\n|switch|p2a: Talonflame|Talonflame, L83, F|265/265\n|turn|1\n|inactive|Battle timer is ON: inactive players will automatically lose when time's up. (requested by Cc Do x)\n|\n|t:|1781409209\n|move|p2a: Talonflame|Overheat|p1a: Kilowattrel\n|-damage|p1a: Kilowattrel|114/252\n|-unboost|p2a: Talonflame|spa|2\n|move|p1a: Kilowattrel|Thunderbolt|p2a: Talonflame\n|-supereffective|p2a: Talonflame\n|-damage|p2a: Talonflame|17/265\n|\n|upkeep\n|turn|2\n|\n|t:|1781409220\n|move|p2a: Talonflame|U-turn|p1a: Kilowattrel\n|-resisted|p1a: Kilowattrel\n|-damage|p1a: Kilowattrel|84/252\n|\n|t:|1781409234\n|switch|p2a: Pikachu|Pikachu-Hoenn, L93, F|216/216|[from] U-turn\n|move|p1a: Kilowattrel|Thunderbolt|p2a: Pikachu\n|-ability|p2a: Pikachu|Lightning Rod|boost\n|-boost|p2a: Pikachu|spa|1\n|\n|upkeep\n|turn|3\n|\n|t:|1781409247\n|move|p1a: Kilowattrel|Hurricane|p2a: Pikachu\n|-resisted|p2a: Pikachu\n|-damage|p2a: Pikachu|139/216\n|-start|p2a: Pikachu|confusion\n|-activate|p2a: Pikachu|confusion\n|move|p2a: Pikachu|Volt Tackle|p1a: Kilowattrel\n|-heal|p1a: Kilowattrel|147/252|[from] ability: Volt Absorb|[of] p2a: Pikachu\n|\n|upkeep\n|turn|4\n|\n|t:|1781409264\n|move|p1a: Kilowattrel|Hurricane|p2a: Pikachu\n|-resisted|p2a: Pikachu\n|-damage|p2a: Pikachu|55/216\n|-end|p2a: Pikachu|confusion\n|move|p2a: Pikachu|Play Rough|p1a: Kilowattrel\n|-damage|p1a: Kilowattrel|0 fnt\n|faint|p1a: Kilowattrel\n|\n|upkeep\n|inactive|Cc Do x has 120 seconds left.\n|\n|t:|1781409298\n|switch|p1a: Plusle|Plusle, L95, M|268/268\n|turn|5\n|inactive|Cc Do x has 120 seconds left.\n|\n|t:|1781409314\n|move|p1a: Plusle|Alluring Voice|p2a: Pikachu\n|-damage|p2a: Pikachu|0 fnt\n|faint|p2a: Pikachu\n|-damage|p1a: Plusle|242/268|[from] item: Life Orb\n|\n|upkeep\n|\n|t:|1781409329\n|switch|p2a: Gothitelle|Gothitelle, L90, M|272/272\n|turn|6\n|inactive|supershadowfan2000 has 120 seconds left.\n|\n|t:|1781409354\n|move|p2a: Gothitelle|Psychic|p1a: Plusle\n|-damage|p1a: Plusle|124/268\n|move|p1a: Plusle|Thunderbolt|p2a: Gothitelle\n|-damage|p2a: Gothitelle|154/272\n|-damage|p1a: Plusle|98/268|[from] item: Life Orb\n|\n|upkeep\n|turn|7\n|inactive|supershadowfan2000 has 120 seconds left.\n|\n|t:|1781409370\n|move|p2a: Gothitelle|Psychic|p1a: Plusle\n|-damage|p1a: Plusle|0 fnt\n|faint|p1a: Plusle\n|\n|upkeep\n|\n|t:|1781409382\n|switch|p1a: Probopass|Probopass, L91, M|257/257\n|turn|8\n|inactive|supershadowfan2000 has 120 seconds left.\n|\n|t:|1781409406\n|switch|p2a: Alomomola|Alomomola, L87, M|429/429\n|move|p1a: Probopass|Thunder Wave|p2a: Alomomola\n|-status|p2a: Alomomola|par\n|\n|upkeep\n|turn|9\n|\n|t:|1781409437\n|switch|p1a: Tatsugiri|Tatsugiri, L87, F|260/260\n|move|p2a: Alomomola|Scald|p1a: Tatsugiri\n|-ability|p1a: Tatsugiri|Storm Drain|boost\n|-boost|p1a: Tatsugiri|spa|1\n|\n|upkeep\n|turn|10\n|\n|t:|1781409454\n|switch|p2a: Gothitelle|Gothitelle, L90, M|154/272\n|move|p1a: Tatsugiri|Rapid Spin|p2a: Gothitelle\n|-crit|p2a: Gothitelle\n|-damage|p2a: Gothitelle|122/272\n|-boost|p1a: Tatsugiri|spe|1\n|\n|upkeep\n|turn|11\n|\n|t:|1781409469\n|-terastallize|p2a: Gothitelle|Fairy\n|move|p1a: Tatsugiri|Surf|p2a: Gothitelle\n|-damage|p2a: Gothitelle|0 fnt\n|faint|p2a: Gothitelle\n|\n|upkeep\n|\n|t:|1781409477\n|switch|p2a: Porygon-Z|Porygon-Z, L83|277/277\n|turn|12\n|\n|t:|1781409484\n|move|p1a: Tatsugiri|Nasty Plot|p1a: Tatsugiri\n|-boost|p1a: Tatsugiri|spa|2\n|move|p2a: Porygon-Z|Nasty Plot|p2a: Porygon-Z\n|-boost|p2a: Porygon-Z|spa|2\n|\n|upkeep\n|turn|13\n|\n|t:|1781409497\n|move|p1a: Tatsugiri|Surf|p2a: Porygon-Z\n|-damage|p2a: Porygon-Z|0 fnt\n|faint|p2a: Porygon-Z\n|\n|upkeep\n|\n|t:|1781409504\n|switch|p2a: Alomomola|Alomomola, L87, M|429/429 par\n|turn|14\n|\n|t:|1781409517\n|move|p1a: Tatsugiri|Nasty Plot|p1a: Tatsugiri\n|-boost|p1a: Tatsugiri|spa|2\n|move|p2a: Alomomola|Flip Turn|p1a: Tatsugiri\n|-ability|p1a: Tatsugiri|Storm Drain|boost\n|-boost|p1a: Tatsugiri|spa|1\n|\n|upkeep\n|turn|15\n|inactive|Cc Do x has 120 seconds left.\n|\n|t:|1781409560\n|move|p1a: Tatsugiri|Draco Meteor|p2a: Alomomola\n|-damage|p2a: Alomomola|0 fnt\n|-unboost|p1a: Tatsugiri|spa|2\n|faint|p2a: Alomomola\n|\n|upkeep\n|\n|t:|1781409566\n|switch|p2a: Chimecho|Chimecho, L93, F|290/290\n|turn|16\n|inactive|Cc Do x has 120 seconds left.\n|\n|t:|1781409574\n|move|p1a: Tatsugiri|Surf|p2a: Chimecho\n|-damage|p2a: Chimecho|0 fnt\n|faint|p2a: Chimecho\n|\n|upkeep\n|\n|t:|1781409578\n|switch|p2a: Talonflame|Talonflame, L83, F|17/265\n|turn|17\n|\n|t:|1781409585\n|move|p1a: Tatsugiri|Surf|p2a: Talonflame\n|-supereffective|p2a: Talonflame\n|-damage|p2a: Talonflame|0 fnt\n|faint|p2a: Talonflame\n|\n|win|Cc Do x\n|raw|Cc Do x's rating: 1000 &rarr; <strong>1046</strong><br />(+46 for winning)\n|raw|supershadowfan2000's rating: 1050 &rarr; <strong>1030</strong><br />(-20 for losing)\n", "uploadtime": 1781409597, "views": 4, "formatid": "gen9randombattle", "rating": 1030, "private": 0, "password": null}