{"id": "gen9randombattle-2631763256", "format": "[Gen 9] Random Battle", "players": ["Gin X Tonic", "pagenfranskane"], "log": "|j|\u2606Gin X Tonic\n|j|\u2606pagenfranskane\n|t:|1781435792\n|gametype|singles\n|player|p1|Gin X Tonic|artist-gen4|1950\n|player|p2|pagenfranskane|battlegirl|1941\n|gen|9\n|tier|[Gen 9] Random Battle\n|rated|\n|rule|Species Clause: Limit one of each Pok\u00e9mon\n|rule|HP Percentage Mod: HP is shown in percentages\n|rule|Sleep Clause Mod: Limit one foe put to sleep\n|rule|Illusion Level Mod: Illusion disguises the Pok\u00e9mon's true level\n|\n|t:|1781435792\n|teamsize|p1|6\n|teamsize|p2|6\n|start\n|switch|p1a: Ceruledge|Ceruledge, L78, M|245/245\n|switch|p2a: Slaking|Slaking, L84, M|389/389\n|turn|1\n|inactive|Battle timer is ON: inactive players will automatically lose when time's up. (requested by Gin X Tonic)\n|\n|t:|1781435804\n|switch|p1a: Iron Thorns|Iron Thorns, L83|302/302\n|-enditem|p1a: Iron Thorns|Booster Energy\n|-activate|p1a: Iron Thorns|ability: Quark Drive|[fromitem]\n|-start|p1a: Iron Thorns|quarkdriveatk\n|move|p2a: Slaking|Knock Off|p1a: Iron Thorns\n|-damage|p1a: Iron Thorns|208/302\n|\n|upkeep\n|turn|2\n|\n|t:|1781435814\n|switch|p2a: Groudon|Groudon, L72|263/263\n|-weather|SunnyDay|[from] ability: Drought|[of] p2a: Groudon\n|move|p1a: Iron Thorns|Dragon Dance|p1a: Iron Thorns\n|-boost|p1a: Iron Thorns|atk|1\n|-boost|p1a: Iron Thorns|spe|1\n|\n|-weather|SunnyDay|[upkeep]\n|upkeep\n|turn|3\n|\n|t:|1781435837\n|move|p1a: Iron Thorns|Earthquake|p2a: Groudon\n|-damage|p2a: Groudon|115/263\n|move|p2a: Groudon|Roar|p1a: Iron Thorns\n|-end|p1a: Iron Thorns|Quark Drive|[silent]\n|drag|p1a: Lunala|Lunala, L70|308/308\n|\n|-weather|SunnyDay|[upkeep]\n|-heal|p2a: Groudon|131/263|[from] item: Leftovers\n|upkeep\n|turn|4\n|\n|t:|1781435849\n|move|p1a: Lunala|Moongeist Beam|p2a: Groudon\n|-damage|p2a: Groudon|11/263\n|move|p2a: Groudon|Precipice Blades|p1a: Lunala\n|-damage|p1a: Lunala|233/308\n|\n|-weather|SunnyDay|[upkeep]\n|-heal|p1a: Lunala|252/308|[from] item: Leftovers\n|-heal|p2a: Groudon|27/263|[from] item: Leftovers\n|upkeep\n|turn|5\n|\n|t:|1781435859\n|move|p1a: Lunala|Moonblast|p2a: Groudon\n|-damage|p2a: Groudon|0 fnt\n|faint|p2a: Groudon\n|\n|-weather|SunnyDay|[upkeep]\n|-heal|p1a: Lunala|271/308|[from] item: Leftovers\n|upkeep\n|\n|t:|1781435869\n|switch|p2a: Serperior|Serperior, L79, M|248/248\n|turn|6\n|\n|t:|1781435883\n|switch|p1a: Slither Wing|Slither Wing, L81|270/270\n|-activate|p1a: Slither Wing|ability: Protosynthesis\n|-start|p1a: Slither Wing|protosynthesisatk\n|move|p2a: Serperior|Leaf Storm|p1a: Slither Wing\n|-resisted|p1a: Slither Wing\n|-damage|p1a: Slither Wing|228/270\n|-boost|p2a: Serperior|spa|2\n|\n|-weather|none\n|-end|p1a: Slither Wing|Protosynthesis\n|upkeep\n|turn|7\n|\n|t:|1781435912\n|move|p1a: Slither Wing|First Impression|p2a: Serperior\n|-supereffective|p2a: Serperior\n|-damage|p2a: Serperior|0 fnt\n|faint|p2a: Serperior\n|-damage|p1a: Slither Wing|201/270|[from] item: Life Orb\n|\n|upkeep\n|\n|t:|1781435920\n|switch|p2a: Floatzel|Floatzel, L86, M|286/286\n|turn|8\n|\n|t:|1781435942\n|move|p2a: Floatzel|Bulk Up|p2a: Floatzel\n|-boost|p2a: Floatzel|atk|1\n|-boost|p2a: Floatzel|def|1\n|move|p1a: Slither Wing|Close Combat|p2a: Floatzel\n|-damage|p2a: Floatzel|117/286\n|-unboost|p1a: Slither Wing|def|1\n|-unboost|p1a: Slither Wing|spd|1\n|-damage|p1a: Slither Wing|174/270|[from] item: Life Orb\n|\n|-heal|p2a: Floatzel|134/286|[from] item: Leftovers\n|upkeep\n|turn|9\n|\n|t:|1781435956\n|-end|p1a: Slither Wing|Protosynthesis|[silent]\n|switch|p1a: Wyrdeer|Wyrdeer, L87, M|321/321\n|-ability|p1a: Wyrdeer|Intimidate|boost\n|-unboost|p2a: Floatzel|atk|1\n|move|p2a: Floatzel|Wave Crash|p1a: Wyrdeer\n|-damage|p1a: Wyrdeer|168/321\n|-damage|p2a: Floatzel|84/286|[from] Recoil\n|\n|-heal|p2a: Floatzel|101/286|[from] item: Leftovers\n|upkeep\n|turn|10\n|\n|t:|1781435961\n|move|p2a: Floatzel|Wave Crash|p1a: Wyrdeer\n|-crit|p1a: Wyrdeer\n|-damage|p1a: Wyrdeer|0 fnt\n|faint|p1a: Wyrdeer\n|-damage|p2a: Floatzel|46/286|[from] Recoil\n|\n|-heal|p2a: Floatzel|63/286|[from] item: Leftovers\n|upkeep\n|\n|t:|1781435968\n|switch|p1a: Slither Wing|Slither Wing, L81|174/270\n|turn|11\n|\n|t:|1781435973\n|move|p1a: Slither Wing|First Impression|p2a: Floatzel\n|-damage|p2a: Floatzel|0 fnt\n|faint|p2a: Floatzel\n|-damage|p1a: Slither Wing|147/270|[from] item: Life Orb\n|\n|upkeep\n|\n|t:|1781435977\n|switch|p2a: Diancie|Diancie, L82|216/216\n|turn|12\n|\n|t:|1781435998\n|move|p1a: Slither Wing|Close Combat|p2a: Diancie\n|-damage|p2a: Diancie|82/216\n|-unboost|p1a: Slither Wing|def|1\n|-unboost|p1a: Slither Wing|spd|1\n|-damage|p1a: Slither Wing|120/270|[from] item: Life Orb\n|move|p2a: Diancie|Diamond Storm|p1a: Slither Wing\n|-damage|p1a: Slither Wing|0 fnt\n|faint|p1a: Slither Wing\n|-end|p1a: Slither Wing|Protosynthesis|[silent]\n|\n|-heal|p2a: Diancie|95/216|[from] item: Leftovers\n|upkeep\n|inactive|Gin X Tonic has 120 seconds left.\n|\n|t:|1781436022\n|switch|p1a: Luxray|Luxray, L88, F|283/283\n|turn|13\n|\n|t:|1781436039\n|move|p1a: Luxray|Trailblaze|p2a: Diancie\n|-supereffective|p2a: Diancie\n|-damage|p2a: Diancie|37/216\n|-boost|p1a: Luxray|spe|1\n|move|p2a: Diancie|Diamond Storm|p1a: Luxray\n|-damage|p1a: Luxray|186/283\n|\n|-heal|p2a: Diancie|50/216|[from] item: Leftovers\n|-status|p1a: Luxray|brn|[from] item: Flame Orb\n|upkeep\n|turn|14\n|\n|t:|1781436046\n|move|p1a: Luxray|Trailblaze|p2a: Diancie\n|-supereffective|p2a: Diancie\n|-damage|p2a: Diancie|0 fnt\n|-boost|p1a: Luxray|spe|1\n|faint|p2a: Diancie\n|\n|-damage|p1a: Luxray|169/283 brn|[from] brn\n|upkeep\n|\n|t:|1781436054\n|switch|p2a: Slaking|Slaking, L84, M|389/389\n|turn|15\n|\n|t:|1781436060\n|move|p1a: Luxray|Facade|p2a: Slaking\n|-damage|p2a: Slaking|200/389\n|move|p2a: Slaking|Knock Off|p1a: Luxray\n|-damage|p1a: Luxray|3/283 brn\n|-enditem|p1a: Luxray|Flame Orb|[from] move: Knock Off|[of] p2a: Slaking\n|\n|-damage|p1a: Luxray|0 fnt|[from] brn\n|faint|p1a: Luxray\n|upkeep\n|\n|t:|1781436065\n|switch|p1a: Iron Thorns|Iron Thorns, L83|208/302\n|turn|16\n|\n|t:|1781436069\n|switch|p2a: Glalie|Glalie, L96, F|309/309\n|move|p1a: Iron Thorns|Dragon Dance|p1a: Iron Thorns\n|-boost|p1a: Iron Thorns|atk|1\n|-boost|p1a: Iron Thorns|spe|1\n|\n|upkeep\n|turn|17\n|\n|t:|1781436088\n|-terastallize|p1a: Iron Thorns|Grass\n|-terastallize|p2a: Glalie|Ground\n|move|p1a: Iron Thorns|Wild Charge|p2a: Glalie\n|-immune|p2a: Glalie\n|move|p2a: Glalie|Earthquake|p1a: Iron Thorns\n|-resisted|p1a: Iron Thorns\n|-damage|p1a: Iron Thorns|154/302\n|\n|upkeep\n|turn|18\n|\n|t:|1781436104\n|move|p1a: Iron Thorns|Earthquake|p2a: Glalie\n|-damage|p2a: Glalie|180/309\n|move|p2a: Glalie|Freeze-Dry|p1a: Iron Thorns\n|-supereffective|p1a: Iron Thorns\n|-damage|p1a: Iron Thorns|0 fnt\n|faint|p1a: Iron Thorns\n|-end|p1a: Iron Thorns|Quark Drive|[silent]\n|\n|upkeep\n|\n|t:|1781436116\n|switch|p1a: Lunala|Lunala, L70|271/308\n|turn|19\n|\n|t:|1781436126\n|move|p2a: Glalie|Earthquake|p1a: Lunala\n|-damage|p1a: Lunala|123/308\n|move|p1a: Lunala|Calm Mind|p1a: Lunala\n|-boost|p1a: Lunala|spa|1\n|-boost|p1a: Lunala|spd|1\n|\n|-heal|p1a: Lunala|142/308|[from] item: Leftovers\n|upkeep\n|turn|20\n|\n|t:|1781436137\n|move|p2a: Glalie|Earthquake|p1a: Lunala\n|-damage|p1a: Lunala|3/308\n|move|p1a: Lunala|Moonlight|p1a: Lunala\n|-heal|p1a: Lunala|157/308\n|\n|-heal|p1a: Lunala|176/308|[from] item: Leftovers\n|upkeep\n|turn|21\n|\n|t:|1781436146\n|move|p2a: Glalie|Earthquake|p1a: Lunala\n|-damage|p1a: Lunala|46/308\n|move|p1a: Lunala|Moonlight|p1a: Lunala\n|-heal|p1a: Lunala|200/308\n|\n|-heal|p1a: Lunala|219/308|[from] item: Leftovers\n|upkeep\n|turn|22\n|\n|t:|1781436149\n|move|p2a: Glalie|Earthquake|p1a: Lunala\n|-damage|p1a: Lunala|75/308\n|move|p1a: Lunala|Moonlight|p1a: Lunala\n|-heal|p1a: Lunala|229/308\n|\n|-heal|p1a: Lunala|248/308|[from] item: Leftovers\n|upkeep\n|turn|23\n|\n|t:|1781436154\n|move|p2a: Glalie|Earthquake|p1a: Lunala\n|-damage|p1a: Lunala|104/308\n|move|p1a: Lunala|Moongeist Beam|p2a: Glalie\n|-damage|p2a: Glalie|41/309\n|\n|-heal|p1a: Lunala|123/308|[from] item: Leftovers\n|upkeep\n|turn|24\n|\n|t:|1781436161\n|move|p2a: Glalie|Earthquake|p1a: Lunala\n|-crit|p1a: Lunala\n|-damage|p1a: Lunala|0 fnt\n|faint|p1a: Lunala\n|\n|upkeep\n|\n|t:|1781436162\n|switch|p1a: Ceruledge|Ceruledge, L78, M|245/245\n|turn|25\n|\n|t:|1781436167\n|move|p2a: Glalie|Taunt|p1a: Ceruledge\n|-start|p1a: Ceruledge|move: Taunt\n|cant|p1a: Ceruledge|move: Taunt|Swords Dance\n|\n|upkeep\n|turn|26\n|\n|t:|1781436170\n|move|p2a: Glalie|Earthquake|p1a: Ceruledge\n|-supereffective|p1a: Ceruledge\n|-damage|p1a: Ceruledge|0 fnt\n|faint|p1a: Ceruledge\n|\n|win|pagenfranskane\n", "uploadtime": 1781435793, "views": 5, "formatid": "gen9randombattle", "rating": null, "private": 0, "password": null}