{"id": "gen9randombattle-2631591528", "format": "[Gen 9] Random Battle", "players": ["latias999999999", "Bigoleg"], "log": "|j|\u2606latias999999999\n|j|\u2606Bigoleg\n|t:|1781405667\n|gametype|singles\n|player|p1|latias999999999|gardenia|2087\n|player|p2|Bigoleg|169|2100\n|gen|9\n|tier|[Gen 9] Random Battle\n|rated|\n|rule|Species Clause: Limit one of each Pok\u00e9mon\n|rule|HP Percentage Mod: HP is shown in percentages\n|rule|Sleep Clause Mod: Limit one foe put to sleep\n|rule|Illusion Level Mod: Illusion disguises the Pok\u00e9mon's true level\n|\n|t:|1781405667\n|teamsize|p1|6\n|teamsize|p2|6\n|start\n|switch|p1a: Terapagos|Terapagos, L77, F|265/265\n|switch|p2a: Mudsdale|Mudsdale, L83, F|302/302\n|-activate|p1a: Terapagos|ability: Tera Shift\n|detailschange|p1a: Terapagos|Terapagos-Terastal, L77, F\n|-heal|p1a: Terapagos|273/273|[silent]\n|turn|1\n|inactive|Battle timer is ON: inactive players will automatically lose when time's up. (requested by latias999999999)\n|\n|t:|1781405683\n|switch|p1a: Brute Bonnet|Brute Bonnet, L80|309/309\n|move|p2a: Mudsdale|Earthquake|p1a: Brute Bonnet\n|-resisted|p1a: Brute Bonnet\n|-damage|p1a: Brute Bonnet|246/309\n|\n|-heal|p1a: Brute Bonnet|265/309|[from] item: Leftovers\n|upkeep\n|turn|2\n|\n|t:|1781405687\n|switch|p2a: Hatterene|Hatterene, L85, F|236/236\n|move|p1a: Brute Bonnet|Spore|p2a: Hatterene\n|move|p2a: Hatterene|Spore|p1a: Brute Bonnet|[from] ability: Magic Bounce\n|-immune|p1a: Brute Bonnet\n|\n|-heal|p1a: Brute Bonnet|284/309|[from] item: Leftovers\n|upkeep\n|turn|3\n|\n|t:|1781405698\n|-end|p1a: Brute Bonnet|Protosynthesis|[silent]\n|switch|p1a: Chansey|Chansey, L85, F|564/564\n|move|p2a: Hatterene|Nuzzle|p1a: Chansey\n|-damage|p1a: Chansey|533/564\n|-status|p1a: Chansey|par\n|\n|upkeep\n|turn|4\n|inactive|Bigoleg has 120 seconds left.\n|\n|t:|1781405728\n|switch|p2a: Palossand|Palossand, L89, M|296/296\n|cant|p1a: Chansey|par\n|\n|upkeep\n|turn|5\n|\n|t:|1781405731\n|move|p2a: Palossand|Stealth Rock|p1a: Chansey\n|-sidestart|p1: latias999999999|move: Stealth Rock\n|cant|p1a: Chansey|par\n|\n|upkeep\n|turn|6\n|\n|t:|1781405737\n|move|p2a: Palossand|Earth Power|p1a: Chansey\n|-damage|p1a: Chansey|475/564 par\n|cant|p1a: Chansey|par\n|\n|upkeep\n|turn|7\n|\n|t:|1781405746\n|switch|p2a: Mudsdale|Mudsdale, L83, F|302/302\n|move|p1a: Chansey|Stealth Rock|p2a: Mudsdale\n|-sidestart|p2: Bigoleg|move: Stealth Rock\n|\n|upkeep\n|turn|8\n|\n|t:|1781405752\n|-curestatus|p1a: Chansey|par|[from] ability: Natural Cure|[silent]\n|switch|p1a: Amoonguss|Amoonguss, L82, F|321/321\n|-damage|p1a: Amoonguss|281/321|[from] Stealth Rock\n|move|p2a: Mudsdale|Roar|p1a: Amoonguss\n|drag|p1a: Brute Bonnet|Brute Bonnet, L80|284/309\n|-damage|p1a: Brute Bonnet|246/309|[from] Stealth Rock\n|\n|-heal|p1a: Brute Bonnet|265/309|[from] item: Leftovers\n|upkeep\n|turn|9\n|\n|t:|1781405767\n|move|p1a: Brute Bonnet|Crunch|p2a: Mudsdale\n|-damage|p2a: Mudsdale|214/302\n|-ability|p2a: Mudsdale|Stamina|boost\n|-boost|p2a: Mudsdale|def|1\n|move|p2a: Mudsdale|Roar|p1a: Brute Bonnet\n|-end|p1a: Brute Bonnet|Protosynthesis|[silent]\n|drag|p1a: Manaphy|Manaphy, L78|284/284\n|-damage|p1a: Manaphy|249/284|[from] Stealth Rock\n|\n|-heal|p1a: Manaphy|266/284|[from] item: Leftovers\n|-heal|p2a: Mudsdale|232/302|[from] item: Leftovers\n|upkeep\n|turn|10\n|\n|t:|1781405773\n|move|p1a: Manaphy|Surf|p2a: Mudsdale\n|-supereffective|p2a: Mudsdale\n|-damage|p2a: Mudsdale|56/302\n|-ability|p2a: Mudsdale|Stamina|boost\n|-boost|p2a: Mudsdale|def|1\n|move|p2a: Mudsdale|Roar|p1a: Manaphy\n|drag|p1a: Chansey|Chansey, L85, F|475/564\n|-damage|p1a: Chansey|405/564|[from] Stealth Rock\n|\n|-heal|p2a: Mudsdale|74/302|[from] item: Leftovers\n|upkeep\n|turn|11\n|\n|t:|1781405784\n|move|p1a: Chansey|Seismic Toss|p2a: Mudsdale\n|-damage|p2a: Mudsdale|0 fnt\n|faint|p2a: Mudsdale\n|\n|upkeep\n|\n|t:|1781405789\n|switch|p2a: Palossand|Palossand, L89, M|296/296\n|-damage|p2a: Palossand|278/296|[from] Stealth Rock\n|turn|12\n|\n|t:|1781405793\n|move|p1a: Chansey|Soft-Boiled|p1a: Chansey\n|-heal|p1a: Chansey|564/564\n|move|p2a: Palossand|Earth Power|p1a: Chansey\n|-damage|p1a: Chansey|501/564\n|\n|-heal|p2a: Palossand|296/296|[from] item: Leftovers\n|upkeep\n|turn|13\n|\n|t:|1781405800\n|switch|p1a: Amoonguss|Amoonguss, L82, F|321/321\n|-damage|p1a: Amoonguss|281/321|[from] Stealth Rock\n|move|p2a: Palossand|Earth Power|p1a: Amoonguss\n|-damage|p1a: Amoonguss|163/321\n|\n|-heal|p1a: Amoonguss|183/321|[from] item: Leftovers\n|upkeep\n|turn|14\n|inactive|Bigoleg has 120 seconds left.\n|\n|t:|1781405856\n|move|p2a: Palossand|Earth Power|p1a: Amoonguss\n|-damage|p1a: Amoonguss|65/321\n|move|p1a: Amoonguss|Sludge Bomb|p2a: Palossand\n|-resisted|p2a: Palossand\n|-damage|p2a: Palossand|274/296\n|\n|-heal|p2a: Palossand|292/296|[from] item: Leftovers\n|-heal|p1a: Amoonguss|85/321|[from] item: Leftovers\n|upkeep\n|turn|15\n|\n|t:|1781405862\n|switch|p1a: Brute Bonnet|Brute Bonnet, L80|265/309\n|-damage|p1a: Brute Bonnet|227/309|[from] Stealth Rock\n|move|p2a: Palossand|Earth Power|p1a: Brute Bonnet\n|-resisted|p1a: Brute Bonnet\n|-damage|p1a: Brute Bonnet|176/309\n|\n|-heal|p1a: Brute Bonnet|195/309|[from] item: Leftovers\n|-heal|p2a: Palossand|296/296|[from] item: Leftovers\n|upkeep\n|turn|16\n|\n|t:|1781405876\n|switch|p2a: Incineroar|Incineroar, L82, M|290/290\n|-ability|p2a: Incineroar|Intimidate|boost\n|-unboost|p1a: Brute Bonnet|atk|1\n|move|p1a: Brute Bonnet|Crunch|p2a: Incineroar\n|-resisted|p2a: Incineroar\n|-damage|p2a: Incineroar|257/290\n|-unboost|p2a: Incineroar|def|1\n|\n|-heal|p1a: Brute Bonnet|214/309|[from] item: Leftovers\n|upkeep\n|turn|17\n|\n|t:|1781405887\n|-end|p1a: Brute Bonnet|Protosynthesis|[silent]\n|switch|p1a: Manaphy|Manaphy, L78|266/284\n|-damage|p1a: Manaphy|231/284|[from] Stealth Rock\n|move|p2a: Incineroar|Trailblaze|p1a: Manaphy\n|-supereffective|p1a: Manaphy\n|-damage|p1a: Manaphy|155/284\n|-boost|p2a: Incineroar|spe|1\n|\n|-heal|p1a: Manaphy|172/284|[from] item: Leftovers\n|upkeep\n|turn|18\n|inactive|Bigoleg has 120 seconds left.\n|\n|t:|1781405899\n|-terastallize|p2a: Incineroar|Grass\n|move|p2a: Incineroar|Swords Dance|p2a: Incineroar\n|-boost|p2a: Incineroar|atk|2\n|move|p1a: Manaphy|Surf|p2a: Incineroar\n|-resisted|p2a: Incineroar\n|-damage|p2a: Incineroar|210/290\n|\n|-heal|p1a: Manaphy|189/284|[from] item: Leftovers\n|upkeep\n|turn|19\n|inactive|Bigoleg has 120 seconds left.\n|\n|t:|1781405908\n|move|p2a: Incineroar|Knock Off|p1a: Manaphy\n|-damage|p1a: Manaphy|0 fnt\n|-enditem|p1a: Manaphy|Leftovers|[from] move: Knock Off|[of] p2a: Incineroar\n|faint|p1a: Manaphy\n|\n|upkeep\n|\n|t:|1781405915\n|switch|p1a: Kommo-o|Kommo-o, L78, M|245/245\n|-damage|p1a: Kommo-o|230/245|[from] Stealth Rock\n|turn|20\n|inactive|Bigoleg has 120 seconds left.\n|\n|t:|1781405943\n|move|p2a: Incineroar|Knock Off|p1a: Kommo-o\n|-resisted|p1a: Kommo-o\n|-damage|p1a: Kommo-o|135/245\n|-enditem|p1a: Kommo-o|Throat Spray|[from] move: Knock Off|[of] p2a: Incineroar\n|move|p1a: Kommo-o|Clangorous Soul|p1a: Kommo-o\n|-boost|p1a: Kommo-o|atk|1\n|-boost|p1a: Kommo-o|def|1\n|-boost|p1a: Kommo-o|spa|1\n|-boost|p1a: Kommo-o|spd|1\n|-boost|p1a: Kommo-o|spe|1\n|-damage|p1a: Kommo-o|55/245\n|\n|upkeep\n|turn|21\n|\n|t:|1781405948\n|move|p1a: Kommo-o|Drain Punch|p2a: Incineroar\n|-damage|p2a: Incineroar|50/290\n|-heal|p1a: Kommo-o|135/245|[from] drain|[of] p2a: Incineroar\n|move|p2a: Incineroar|Trailblaze|p1a: Kommo-o\n|-resisted|p1a: Kommo-o\n|-damage|p1a: Kommo-o|97/245\n|-boost|p2a: Incineroar|spe|1\n|\n|upkeep\n|turn|22\n|inactive|Bigoleg has 120 seconds left.\n|\n|t:|1781405955\n|move|p2a: Incineroar|Flare Blitz|p1a: Kommo-o\n|-resisted|p1a: Kommo-o\n|-damage|p1a: Kommo-o|21/245\n|-damage|p2a: Incineroar|25/290|[from] Recoil\n|move|p1a: Kommo-o|Drain Punch|p2a: Incineroar\n|-damage|p2a: Incineroar|0 fnt\n|-heal|p1a: Kommo-o|34/245|[from] drain|[of] p2a: Incineroar\n|faint|p2a: Incineroar\n|\n|upkeep\n|inactive|Bigoleg has 120 seconds left.\n|\n|t:|1781405961\n|switch|p2a: Palossand|Palossand, L89, M|296/296\n|-damage|p2a: Palossand|278/296|[from] Stealth Rock\n|turn|23\n|\n|t:|1781405965\n|move|p1a: Kommo-o|Clanging Scales|p2a: Palossand\n|-damage|p2a: Palossand|106/296\n|-unboost|p1a: Kommo-o|def|1\n|move|p2a: Palossand|Earth Power|p1a: Kommo-o\n|-damage|p1a: Kommo-o|0 fnt\n|faint|p1a: Kommo-o\n|\n|-heal|p2a: Palossand|124/296|[from] item: Leftovers\n|upkeep\n|\n|t:|1781405971\n|switch|p1a: Brute Bonnet|Brute Bonnet, L80|214/309\n|-damage|p1a: Brute Bonnet|176/309|[from] Stealth Rock\n|turn|24\n|inactive|Bigoleg has 120 seconds left.\n|\n|t:|1781406002\n|switch|p2a: Mandibuzz|Mandibuzz, L85, F|326/326\n|move|p1a: Brute Bonnet|Crunch|p2a: Mandibuzz\n|-resisted|p2a: Mandibuzz\n|-damage|p2a: Mandibuzz|284/326\n|-unboost|p2a: Mandibuzz|def|1\n|\n|-heal|p1a: Brute Bonnet|195/309|[from] item: Leftovers\n|upkeep\n|turn|25\n|\n|t:|1781406026\n|-end|p1a: Brute Bonnet|Protosynthesis|[silent]\n|switch|p1a: Amoonguss|Amoonguss, L82, F|192/321\n|-damage|p1a: Amoonguss|152/321|[from] Stealth Rock\n|move|p2a: Mandibuzz|Brave Bird|p1a: Amoonguss\n|-supereffective|p1a: Amoonguss\n|-damage|p1a: Amoonguss|0 fnt\n|faint|p1a: Amoonguss\n|-damage|p2a: Mandibuzz|234/326|[from] Recoil\n|\n|upkeep\n|\n|t:|1781406028\n|switch|p1a: Terapagos|Terapagos-Terastal, L77, F|273/273\n|-damage|p1a: Terapagos|239/273|[from] Stealth Rock\n|turn|26\n|\n|t:|1781406046\n|move|p2a: Mandibuzz|Brave Bird|p1a: Terapagos\n|-damage|p1a: Terapagos|151/273\n|-damage|p2a: Mandibuzz|205/326|[from] Recoil\n|move|p1a: Terapagos|Calm Mind|p1a: Terapagos\n|-boost|p1a: Terapagos|spa|1\n|-boost|p1a: Terapagos|spd|1\n|\n|upkeep\n|turn|27\n|\n|t:|1781406056\n|move|p2a: Mandibuzz|Brave Bird|p1a: Terapagos\n|-damage|p1a: Terapagos|60/273\n|-damage|p2a: Mandibuzz|175/326|[from] Recoil\n|move|p1a: Terapagos|Rest|p1a: Terapagos\n|-status|p1a: Terapagos|slp|[from] move: Rest\n|-heal|p1a: Terapagos|273/273 slp|[silent]\n|-enditem|p1a: Terapagos|Chesto Berry|[eat]\n|-curestatus|p1a: Terapagos|slp|[msg]\n|\n|upkeep\n|turn|28\n|\n|t:|1781406068\n|move|p2a: Mandibuzz|Brave Bird|p1a: Terapagos\n|-activate|p1a: Terapagos|ability: Tera Shell\n|-resisted|p1a: Terapagos\n|-damage|p1a: Terapagos|231/273\n|-damage|p2a: Mandibuzz|161/326|[from] Recoil\n|move|p1a: Terapagos|Calm Mind|p1a: Terapagos\n|-boost|p1a: Terapagos|spa|1\n|-boost|p1a: Terapagos|spd|1\n|\n|upkeep\n|turn|29\n|\n|t:|1781406077\n|move|p2a: Mandibuzz|Brave Bird|p1a: Terapagos\n|-damage|p1a: Terapagos|132/273\n|-damage|p2a: Mandibuzz|128/326|[from] Recoil\n|move|p1a: Terapagos|Tera Starstorm|p2a: Mandibuzz\n|-damage|p2a: Mandibuzz|0 fnt\n|faint|p2a: Mandibuzz\n|\n|upkeep\n|\n|t:|1781406086\n|switch|p2a: Hatterene|Hatterene, L85, F|236/236\n|-damage|p2a: Hatterene|207/236|[from] Stealth Rock\n|turn|30\n|\n|t:|1781406089\n|-terastallize|p1a: Terapagos|Stellar\n|detailschange|p1a: Terapagos|Terapagos-Stellar, L77, F, tera:Stellar\n|-heal|p1a: Terapagos|232/373|[silent]\n|move|p1a: Terapagos|Tera Starstorm|p2a: Hatterene\n|-damage|p2a: Hatterene|82/236\n|move|p2a: Hatterene|Nuzzle|p1a: Terapagos\n|-damage|p1a: Terapagos|219/373\n|-status|p1a: Terapagos|par\n|\n|upkeep\n|turn|31\n|\n|t:|1781406096\n|move|p2a: Hatterene|Psychic|p1a: Terapagos\n|-damage|p1a: Terapagos|159/373 par\n|move|p1a: Terapagos|Tera Starstorm|p2a: Hatterene\n|-damage|p2a: Hatterene|0 fnt\n|faint|p2a: Hatterene\n|\n|upkeep\n|\n|t:|1781406101\n|switch|p2a: Raikou|Raikou, L81|278/278\n|-damage|p2a: Raikou|244/278|[from] Stealth Rock\n|-ability|p2a: Raikou|Pressure\n|turn|32\n|\n|t:|1781406105\n|move|p2a: Raikou|Calm Mind|p2a: Raikou\n|-boost|p2a: Raikou|spa|1\n|-boost|p2a: Raikou|spd|1\n|move|p1a: Terapagos|Tera Starstorm|p2a: Raikou\n|-damage|p2a: Raikou|102/278\n|\n|-heal|p2a: Raikou|119/278|[from] item: Leftovers\n|upkeep\n|turn|33\n|\n|t:|1781406110\n|move|p2a: Raikou|Thunderbolt|p1a: Terapagos\n|-damage|p1a: Terapagos|89/373 par\n|move|p1a: Terapagos|Tera Starstorm|p2a: Raikou\n|-damage|p2a: Raikou|0 fnt\n|faint|p2a: Raikou\n|\n|upkeep\n|\n|t:|1781406115\n|switch|p2a: Palossand|Palossand, L89, M|124/296\n|-damage|p2a: Palossand|106/296|[from] Stealth Rock\n|turn|34\n|\n|t:|1781406118\n|move|p2a: Palossand|Shore Up|p2a: Palossand\n|-heal|p2a: Palossand|254/296\n|move|p1a: Terapagos|Rest|p1a: Terapagos\n|-status|p1a: Terapagos|slp|[from] move: Rest\n|-heal|p1a: Terapagos|373/373 slp|[silent]\n|\n|-heal|p2a: Palossand|272/296|[from] item: Leftovers\n|upkeep\n|turn|35\n|\n|t:|1781406121\n|cant|p1a: Terapagos|slp\n|move|p2a: Palossand|Earth Power|p1a: Terapagos\n|-damage|p1a: Terapagos|325/373 slp\n|\n|-heal|p2a: Palossand|290/296|[from] item: Leftovers\n|upkeep\n|turn|36\n|\n|t:|1781406123\n|cant|p1a: Terapagos|slp\n|move|p2a: Palossand|Earth Power|p1a: Terapagos\n|-damage|p1a: Terapagos|271/373 slp\n|\n|-heal|p2a: Palossand|296/296|[from] item: Leftovers\n|upkeep\n|turn|37\n|-message|Bigoleg forfeited.\n|\n|win|latias999999999\n", "uploadtime": 1781405668, "views": 6, "formatid": "gen9randombattle", "rating": null, "private": 0, "password": null}