{"id": "gen9randombattle-2631818780", "format": "[Gen 9] Random Battle", "players": ["hindus curry", "Kurobaaa"], "log": "|j|\u2606hindus curry\n|j|\u2606Kurobaaa\n|t:|1781444101\n|gametype|singles\n|player|p1|hindus curry|1|1459\n|player|p2|Kurobaaa|ingo|1455\n|gen|9\n|tier|[Gen 9] Random Battle\n|rated|\n|rule|Species Clause: Limit one of each Pok\u00e9mon\n|rule|HP Percentage Mod: HP is shown in percentages\n|rule|Sleep Clause Mod: Limit one foe put to sleep\n|rule|Illusion Level Mod: Illusion disguises the Pok\u00e9mon's true level\n|\n|t:|1781444101\n|teamsize|p1|6\n|teamsize|p2|6\n|start\n|switch|p1a: Excadrill|Excadrill, L79, F|303/303\n|switch|p2a: Meganium|Meganium, L90, F|290/290\n|-ability|p1a: Excadrill|Mold Breaker\n|turn|1\n|inactive|Battle timer is ON: inactive players will automatically lose when time's up. (requested by hindus curry)\n|\n|t:|1781444117\n|switch|p1a: Appletun|Appletun, L92, M|352/352\n|move|p2a: Meganium|Knock Off|p1a: Appletun\n|-damage|p1a: Appletun|283/352\n|-enditem|p1a: Appletun|Leftovers|[from] move: Knock Off|[of] p2a: Meganium\n|\n|upkeep\n|turn|2\n|\n|t:|1781444129\n|move|p1a: Appletun|Apple Acid|p2a: Meganium\n|-resisted|p2a: Meganium\n|-damage|p2a: Meganium|243/290\n|-unboost|p2a: Meganium|spd|1\n|move|p2a: Meganium|Dragon Tail|p1a: Appletun\n|-supereffective|p1a: Appletun\n|-damage|p1a: Appletun|193/352\n|drag|p1a: Chandelure|Chandelure, L83, F|235/235\n|\n|-heal|p2a: Meganium|261/290|[from] item: Leftovers\n|upkeep\n|turn|3\n|\n|t:|1781444147\n|switch|p2a: Alomomola|Alomomola, L87, F|429/429\n|move|p1a: Chandelure|Energy Ball|p2a: Alomomola\n|-supereffective|p2a: Alomomola\n|-damage|p2a: Alomomola|181/429\n|\n|upkeep\n|turn|4\n|\n|t:|1781444163\n|switch|p1a: Slither Wing|Slither Wing, L81|270/270\n|move|p2a: Alomomola|Protect||[still]\n|-fail|p2a: Alomomola\n|\n|upkeep\n|turn|5\n|\n|t:|1781444176\n|move|p1a: Slither Wing|Close Combat|p2a: Alomomola\n|-damage|p2a: Alomomola|0 fnt\n|-unboost|p1a: Slither Wing|def|1\n|-unboost|p1a: Slither Wing|spd|1\n|-damage|p1a: Slither Wing|225/270|[from] item: Rocky Helmet|[of] p2a: Alomomola\n|faint|p2a: Alomomola\n|-damage|p1a: Slither Wing|198/270|[from] item: Life Orb\n|\n|upkeep\n|\n|t:|1781444183\n|switch|p2a: Dragonite|Dragonite, L74, M|257/257\n|turn|6\n|\n|t:|1781444193\n|-end|p1a: Slither Wing|Protosynthesis|[silent]\n|switch|p1a: Chandelure|Chandelure, L83, F|235/235\n|move|p2a: Dragonite|Dragon Dance|p2a: Dragonite\n|-boost|p2a: Dragonite|atk|1\n|-boost|p2a: Dragonite|spe|1\n|\n|upkeep\n|turn|7\n|\n|t:|1781444204\n|move|p1a: Chandelure|Trick|p2a: Dragonite\n|-activate|p1a: Chandelure|move: Trick|[of] p2a: Dragonite\n|-item|p2a: Dragonite|Choice Scarf|[from] move: Trick\n|-item|p1a: Chandelure|Heavy-Duty Boots|[from] move: Trick\n|move|p2a: Dragonite|Dragon Dance|p2a: Dragonite\n|-boost|p2a: Dragonite|atk|1\n|-boost|p2a: Dragonite|spe|1\n|\n|upkeep\n|turn|8\n|\n|t:|1781444227\n|switch|p2a: Meganium|Meganium, L90, F|261/290\n|move|p1a: Chandelure|Fire Blast|p2a: Meganium\n|-supereffective|p2a: Meganium\n|-damage|p2a: Meganium|0 fnt\n|faint|p2a: Meganium\n|\n|upkeep\n|\n|t:|1781444241\n|switch|p2a: Dragonite|Dragonite, L74, M|257/257\n|turn|9\n|inactive|hindus curry has 120 seconds left.\n|inactive|hindus curry has 90 seconds left.\n|inactive|hindus curry has 60 seconds left.\n|\n|t:|1781444347\n|switch|p1a: Appletun|Appletun, L92, M|193/352\n|move|p2a: Dragonite|Earthquake|p1a: Appletun\n|-resisted|p1a: Appletun\n|-damage|p1a: Appletun|160/352\n|\n|upkeep\n|turn|10\n|\n|t:|1781444364\n|switch|p2a: Scrafty|Scrafty, L83, F|244/244\n|-ability|p2a: Scrafty|Intimidate|boost\n|-unboost|p1a: Appletun|atk|1\n|switch|p1a: Slither Wing|Slither Wing, L81|198/270\n|\n|upkeep\n|turn|11\n|\n|t:|1781444382\n|move|p1a: Slither Wing|Close Combat|p2a: Scrafty\n|-supereffective|p2a: Scrafty\n|-damage|p2a: Scrafty|0 fnt\n|-unboost|p1a: Slither Wing|def|1\n|-unboost|p1a: Slither Wing|spd|1\n|faint|p2a: Scrafty\n|-damage|p1a: Slither Wing|171/270|[from] item: Life Orb\n|\n|upkeep\n|\n|t:|1781444389\n|switch|p2a: Dragonite|Dragonite, L74, M|257/257\n|turn|12\n|inactive|hindus curry has 60 seconds left.\n|\n|t:|1781444406\n|-end|p1a: Slither Wing|Protosynthesis|[silent]\n|switch|p1a: Excadrill|Excadrill, L79, F|303/303\n|-ability|p1a: Excadrill|Mold Breaker\n|move|p2a: Dragonite|Outrage|p1a: Excadrill\n|-resisted|p1a: Excadrill\n|-damage|p1a: Excadrill|209/303\n|\n|upkeep\n|turn|13\n|\n|t:|1781444417\n|move|p2a: Dragonite|Outrage|p1a: Excadrill|[from] lockedmove\n|-resisted|p1a: Excadrill\n|-damage|p1a: Excadrill|123/303\n|move|p1a: Excadrill|Rapid Spin|p2a: Dragonite\n|-crit|p2a: Dragonite\n|-damage|p2a: Dragonite|193/257\n|-boost|p1a: Excadrill|spe|1\n|\n|upkeep\n|turn|14\n|inactive|hindus curry has 60 seconds left.\n|\n|t:|1781444430\n|move|p1a: Excadrill|Rock Slide|p2a: Dragonite\n|-supereffective|p2a: Dragonite\n|-damage|p2a: Dragonite|63/257\n|move|p2a: Dragonite|Outrage|p1a: Excadrill|[from] lockedmove\n|-resisted|p1a: Excadrill\n|-damage|p1a: Excadrill|29/303\n|-start|p2a: Dragonite|confusion|[fatigue]\n|\n|upkeep\n|turn|15\n|inactive|hindus curry has 60 seconds left.\n|\n|t:|1781444448\n|-terastallize|p2a: Dragonite|Steel\n|move|p1a: Excadrill|Iron Head|p2a: Dragonite\n|-resisted|p2a: Dragonite\n|-damage|p2a: Dragonite|12/257\n|-activate|p2a: Dragonite|confusion\n|-damage|p2a: Dragonite|0 fnt|[from] confusion\n|faint|p2a: Dragonite\n|\n|upkeep\n|c|\u2606hindus curry|lol\n|c|\u2606hindus curry|ur funny\n|\n|t:|1781444465\n|switch|p2a: Volcarona|Volcarona, L77, M|257/257\n|turn|16\n|inactive|hindus curry has 60 seconds left.\n|\n|t:|1781444478\n|move|p1a: Excadrill|Rock Slide|p2a: Volcarona\n|-supereffective|p2a: Volcarona\n|-damage|p2a: Volcarona|0 fnt\n|faint|p2a: Volcarona\n|\n|upkeep\n|c|\u2606Kurobaaa|Man I need to sleep\n|c|\u2606Kurobaaa|After this\n|c|\u2606hindus curry|u need to quit this game\n|inactive|Kurobaaa has 120 seconds left.\n|c|\u2606Kurobaaa|Gng what\n|c|\u2606hindus curry|dont blame it on sleep lol\n|c|\u2606hindus curry|why did u tera steal ur dnite\n|c|\u2606Kurobaaa|Neygha\n|c|\u2606hindus curry|llols\n|c|\u2606hindus curry|im indian\n|inactive|Kurobaaa has 90 seconds left.\n|c|\u2606hindus curry|different\n|c|\u2606Kurobaaa|Yh bru it's over for u\n|\n|t:|1781444542\n|switch|p2a: Porygon2|Porygon2, L81|270/270\n|-ability|p2a: Porygon2|Download|boost\n|-boost|p2a: Porygon2|atk|1\n|turn|17\n|c|\u2606hindus curry|!randbats porygon2\n\n|c| hindus curry|/raw <div class=\"infobox\"><span class=\"gray\">Moves for Porygon2 in [Gen 9] Random Battle:</span><br/><b>Level</b>: 81<details class=\"details\"><summary>Bulky Support</summary><b>Tera Types</b>: Electric, Ghost, Poison<br/><b>Moves</b>: <a href=\"https://dex.pokemonshowdown.com/moves/discharge\" target=\"_blank\" class=\"subtle\" style=\"white-space:nowrap\">Discharge</a>, <a href=\"https://dex.pokemonshowdown.com/moves/icebeam\" target=\"_blank\" class=\"subtle\" style=\"white-space:nowrap\">Ice Beam</a>, <a href=\"https://dex.pokemonshowdown.com/moves/recover\" target=\"_blank\" class=\"subtle\" style=\"white-space:nowrap\">Recover</a>, <a href=\"https://dex.pokemonshowdown.com/moves/triattack\" target=\"_blank\" class=\"subtle\" style=\"white-space:nowrap\">Tri Attack</a><br/><b>Ability</b>: Download</details><details class=\"details\"><summary>Tera Blast user</summary><b>Tera Types</b>: Fairy, Fighting<br/><b>Moves</b>: <a href=\"https://dex.pokemonshowdown.com/moves/recover\" target=\"_blank\" class=\"subtle\" style=\"white-space:nowrap\">Recover</a>, <a href=\"https://dex.pokemonshowdown.com/moves/shadowball\" target=\"_blank\" class=\"subtle\" style=\"white-space:nowrap\">Shadow Ball</a>, <a href=\"https://dex.pokemonshowdown.com/moves/terablast\" target=\"_blank\" class=\"subtle\" style=\"white-space:nowrap\">Tera Blast</a>, <a href=\"https://dex.pokemonshowdown.com/moves/thunderwave\" target=\"_blank\" class=\"subtle\" style=\"white-space:nowrap\">Thunder Wave</a><br/><b>Ability</b>: Download</details></div>\n|inactive|hindus curry has 60 seconds left.\n|c|\u2606hindus curry|lol\n|\n|t:|1781444569\n|switch|p1a: Chandelure|Chandelure, L83, F|235/235\n|move|p2a: Porygon2|Ice Beam|p1a: Chandelure\n|-resisted|p1a: Chandelure\n|-damage|p1a: Chandelure|203/235\n|\n|upkeep\n|turn|18\n|\n|t:|1781444577\n|move|p1a: Chandelure|Trick|p2a: Porygon2\n|-activate|p1a: Chandelure|move: Trick|[of] p2a: Porygon2\n|-item|p2a: Porygon2|Heavy-Duty Boots|[from] move: Trick\n|-item|p1a: Chandelure|Eviolite|[from] move: Trick\n|move|p2a: Porygon2|Discharge|p1a: Chandelure\n|-crit|p1a: Chandelure\n|-damage|p1a: Chandelure|118/235\n|-status|p1a: Chandelure|par\n|\n|upkeep\n|turn|19\n|inactive|Kurobaaa has 90 seconds left.\n|\n|t:|1781444587\n|switch|p1a: Phione|Phione, L91|293/293\n|move|p2a: Porygon2|Discharge|p1a: Phione\n|-supereffective|p1a: Phione\n|-damage|p1a: Phione|177/293\n|-status|p1a: Phione|par\n|\n|-heal|p1a: Phione|195/293 par|[from] item: Leftovers\n|upkeep\n|turn|20\n|\n|t:|1781444593\n|move|p2a: Porygon2|Discharge|p1a: Phione\n|-supereffective|p1a: Phione\n|-damage|p1a: Phione|89/293 par\n|cant|p1a: Phione|par\n|\n|-heal|p1a: Phione|107/293 par|[from] item: Leftovers\n|upkeep\n|turn|21\n|\n|t:|1781444599\n|move|p2a: Porygon2|Discharge|p1a: Phione\n|-supereffective|p1a: Phione\n|-damage|p1a: Phione|0 fnt\n|faint|p1a: Phione\n|\n|upkeep\n|\n|t:|1781444601\n|switch|p1a: Slither Wing|Slither Wing, L81|171/270\n|turn|22\n|\n|t:|1781444604\n|move|p1a: Slither Wing|Close Combat|p2a: Porygon2\n|-supereffective|p2a: Porygon2\n|-damage|p2a: Porygon2|0 fnt\n|-unboost|p1a: Slither Wing|def|1\n|-unboost|p1a: Slither Wing|spd|1\n|faint|p2a: Porygon2\n|-damage|p1a: Slither Wing|144/270|[from] item: Life Orb\n|\n|win|hindus curry\n|raw|hindus curry's rating: 1459 &rarr; <strong>1479</strong><br />(+20 for winning)\n|raw|Kurobaaa's rating: 1455 &rarr; <strong>1435</strong><br />(-20 for losing)\n|c|\u2606hindus curry|1ohko\n|c|\u2606hindus curry|gg\n", "uploadtime": 1781444608, "views": 2, "formatid": "gen9randombattle", "rating": 1435, "private": 0, "password": null}