{"id": "gen9randombattle-2631610286", "format": "[Gen 9] Random Battle", "players": ["bergen rager", "Hairyrichard69er"], "log": "|j|\u203dbergen rager\n|j|\u2606Hairyrichard69er\n|t:|1781408470\n|gametype|singles\n|player|p1|bergen rager|backersf|1590\n|player|p2|Hairyrichard69er|1|1556\n|gen|9\n|tier|[Gen 9] Random Battle\n|rated|\n|rule|Species Clause: Limit one of each Pok\u00e9mon\n|rule|HP Percentage Mod: HP is shown in percentages\n|rule|Sleep Clause Mod: Limit one foe put to sleep\n|rule|Illusion Level Mod: Illusion disguises the Pok\u00e9mon's true level\n|\n|t:|1781408470\n|teamsize|p1|6\n|teamsize|p2|6\n|start\n|switch|p1a: Zebstrika|Zebstrika, L87, F|272/272\n|switch|p2a: Weezing|Weezing-Galar, L86, F|252/252\n|turn|1\n|inactive|Battle timer is ON: inactive players will automatically lose when time's up. (requested by bergen rager)\n|\n|t:|1781408494\n|move|p1a: Zebstrika|High Horsepower|p2a: Weezing\n|-immune|p2a: Weezing|[from] ability: Levitate\n|move|p2a: Weezing|Gunk Shot|p1a: Zebstrika\n|-damage|p1a: Zebstrika|104/272\n|-status|p1a: Zebstrika|psn\n|\n|-damage|p1a: Zebstrika|70/272 psn|[from] psn\n|upkeep\n|turn|2\n|\n|t:|1781408503\n|move|p1a: Zebstrika|Supercell Slam|p2a: Weezing\n|-damage|p2a: Weezing|138/252\n|-damage|p1a: Zebstrika|43/272 psn|[from] item: Life Orb\n|move|p2a: Weezing|Strange Steam|p1a: Zebstrika\n|-damage|p1a: Zebstrika|0 fnt\n|faint|p1a: Zebstrika\n|\n|-heal|p2a: Weezing|153/252|[from] item: Leftovers\n|upkeep\n|\n|t:|1781408512\n|switch|p1a: Magmortar|Magmortar, L88, F|275/275\n|turn|3\n|\n|t:|1781408515\n|move|p1a: Magmortar|Fire Blast|p2a: Weezing\n|-damage|p2a: Weezing|0 fnt\n|faint|p2a: Weezing\n|\n|upkeep\n|\n|t:|1781408530\n|switch|p2a: Iron Bundle|Iron Bundle, L78|215/215\n|turn|4\n|\n|t:|1781408534\n|move|p2a: Iron Bundle|Hydro Pump|p1a: Magmortar|[miss]\n|-miss|p2a: Iron Bundle|p1a: Magmortar\n|move|p1a: Magmortar|Thunderbolt|p2a: Iron Bundle\n|-supereffective|p2a: Iron Bundle\n|-damage|p2a: Iron Bundle|0 fnt\n|faint|p2a: Iron Bundle\n|-end|p2a: Iron Bundle|Quark Drive|[silent]\n|\n|upkeep\n|c|\u2606Hairyrichard69er|Holy fuck is iron bundle that weak he dies to a non stab tbolt\n|\n|t:|1781408563\n|switch|p2a: Bellibolt|Bellibolt, L84, F|320/320\n|turn|5\n|\n|t:|1781408570\n|move|p1a: Magmortar|Taunt|p2a: Bellibolt\n|-start|p2a: Bellibolt|move: Taunt\n|move|p2a: Bellibolt|Thunderbolt|p1a: Magmortar\n|-damage|p1a: Magmortar|184/275\n|\n|upkeep\n|turn|6\n|\n|t:|1781408575\n|move|p1a: Magmortar|Scorching Sands|p2a: Bellibolt\n|-supereffective|p2a: Bellibolt\n|-damage|p2a: Bellibolt|184/320\n|-start|p2a: Bellibolt|Charge|Scorching Sands|[from] ability: Electromorphosis\n|move|p2a: Bellibolt|Muddy Water|p1a: Magmortar|[miss]\n|-miss|p2a: Bellibolt|p1a: Magmortar\n|\n|-heal|p2a: Bellibolt|204/320|[from] item: Leftovers\n|upkeep\n|turn|7\n|c|\u2606Hairyrichard69er|Ffs dude\n|\n|t:|1781408590\n|move|p1a: Magmortar|Scorching Sands|p2a: Bellibolt\n|-supereffective|p2a: Bellibolt\n|-damage|p2a: Bellibolt|56/320\n|-start|p2a: Bellibolt|Charge|Scorching Sands|[from] ability: Electromorphosis\n|move|p2a: Bellibolt|Thunderbolt|p1a: Magmortar\n|-damage|p1a: Magmortar|12/275\n|-end|p2a: Bellibolt|Charge|[silent]\n|\n|-heal|p2a: Bellibolt|76/320|[from] item: Leftovers\n|-end|p2a: Bellibolt|move: Taunt\n|upkeep\n|turn|8\n|\n|t:|1781408597\n|switch|p2a: Masquerain|Masquerain, L87, F|264/264\n|-ability|p2a: Masquerain|Intimidate|boost\n|-unboost|p1a: Magmortar|atk|1\n|move|p1a: Magmortar|Scorching Sands|p2a: Masquerain\n|-immune|p2a: Masquerain\n|\n|upkeep\n|turn|9\n|inactive|Hairyrichard69er has 120 seconds left.\n|\n|t:|1781408638\n|-terastallize|p2a: Masquerain|Water\n|move|p1a: Magmortar|Thunderbolt|p2a: Masquerain\n|-supereffective|p2a: Masquerain\n|-damage|p2a: Masquerain|84/264\n|move|p2a: Masquerain|Quiver Dance|p2a: Masquerain\n|-boost|p2a: Masquerain|spa|1\n|-boost|p2a: Masquerain|spd|1\n|-boost|p2a: Masquerain|spe|1\n|\n|upkeep\n|turn|10\n|inactive|Hairyrichard69er has 120 seconds left.\n|\n|t:|1781408653\n|move|p2a: Masquerain|Bug Buzz|p1a: Magmortar\n|-resisted|p1a: Magmortar\n|-damage|p1a: Magmortar|0 fnt\n|faint|p1a: Magmortar\n|\n|upkeep\n|\n|t:|1781408665\n|switch|p1a: Azumarill|Azumarill, L82, F|298/298\n|turn|11\n|\n|t:|1781408669\n|move|p2a: Masquerain|Hurricane|p1a: Azumarill\n|-damage|p1a: Azumarill|75/298\n|move|p1a: Azumarill|Play Rough|p2a: Masquerain\n|-damage|p2a: Masquerain|0 fnt\n|faint|p2a: Masquerain\n|\n|upkeep\n|\n|t:|1781408675\n|switch|p2a: Arbok|Arbok, L87, F|246/246\n|-ability|p2a: Arbok|Intimidate|boost\n|-unboost|p1a: Azumarill|atk|1\n|turn|12\n|\n|t:|1781408703\n|switch|p1a: Alomomola|Alomomola, L87, M|429/429\n|move|p2a: Arbok|Coil|p2a: Arbok\n|-boost|p2a: Arbok|atk|1\n|-boost|p2a: Arbok|def|1\n|-boost|p2a: Arbok|accuracy|1\n|\n|upkeep\n|turn|13\n|\n|t:|1781408718\n|move|p2a: Arbok|Gunk Shot|p1a: Alomomola\n|-damage|p1a: Alomomola|228/429\n|-status|p1a: Alomomola|psn\n|move|p1a: Alomomola|Scald|p2a: Arbok\n|-damage|p2a: Arbok|194/246\n|\n|-heal|p2a: Arbok|209/246|[from] item: Leftovers\n|-damage|p1a: Alomomola|175/429 psn|[from] psn\n|upkeep\n|turn|14\n|inactive|bergen rager has 120 seconds left.\n|\n|t:|1781408765\n|move|p2a: Arbok|Earthquake|p1a: Alomomola\n|-damage|p1a: Alomomola|69/429 psn\n|move|p1a: Alomomola|Scald|p2a: Arbok\n|-damage|p2a: Arbok|161/246\n|-status|p2a: Arbok|brn\n|\n|-heal|p2a: Arbok|176/246 brn|[from] item: Leftovers\n|-damage|p1a: Alomomola|16/429 psn|[from] psn\n|-damage|p2a: Arbok|161/246 brn|[from] brn\n|upkeep\n|turn|15\n|\n|t:|1781408771\n|switch|p1a: Azumarill|Azumarill, L82, F|75/298\n|move|p2a: Arbok|Gunk Shot|p1a: Azumarill\n|-supereffective|p1a: Azumarill\n|-damage|p1a: Azumarill|0 fnt\n|faint|p1a: Azumarill\n|\n|-heal|p2a: Arbok|176/246 brn|[from] item: Leftovers\n|-damage|p2a: Arbok|161/246 brn|[from] brn\n|upkeep\n|\n|t:|1781408778\n|switch|p1a: Miraidon|Miraidon, L65|238/238\n|-fieldstart|move: Electric Terrain|[from] ability: Hadron Engine|[of] p1a: Miraidon\n|turn|16\n|\n|t:|1781408784\n|move|p1a: Miraidon|Draco Meteor|p2a: Arbok\n|-damage|p2a: Arbok|0 fnt\n|-unboost|p1a: Miraidon|spa|2\n|faint|p2a: Arbok\n|\n|upkeep\n|\n|t:|1781408789\n|switch|p2a: Bellibolt|Bellibolt, L84, F|76/320\n|turn|17\n|\n|t:|1781408791\n|move|p1a: Miraidon|Draco Meteor|p2a: Bellibolt\n|-damage|p2a: Bellibolt|0 fnt\n|-unboost|p1a: Miraidon|spa|2\n|faint|p2a: Bellibolt\n|\n|upkeep\n|\n|t:|1781408795\n|switch|p2a: Flapple|Flapple, L88, F|266/266\n|turn|18\n|\n|t:|1781408797\n|switch|p1a: Alomomola|Alomomola, L87, M|159/429 psn\n|move|p2a: Flapple|Dragon Dance|p2a: Flapple\n|-boost|p2a: Flapple|atk|1\n|-boost|p2a: Flapple|spe|1\n|\n|-damage|p1a: Alomomola|106/429 psn|[from] psn\n|upkeep\n|turn|19\n|\n|t:|1781408806\n|move|p2a: Flapple|Grav Apple|p1a: Alomomola\n|-supereffective|p1a: Alomomola\n|-damage|p1a: Alomomola|0 fnt\n|faint|p1a: Alomomola\n|\n|upkeep\n|\n|t:|1781408811\n|switch|p1a: Virizion|Virizion, L82|283/283\n|turn|20\n|\n|t:|1781408817\n|move|p2a: Flapple|Dragon Dance|p2a: Flapple\n|-boost|p2a: Flapple|atk|1\n|-boost|p2a: Flapple|spe|1\n|move|p1a: Virizion|Close Combat|p2a: Flapple\n|-damage|p2a: Flapple|113/266\n|-unboost|p1a: Virizion|def|1\n|-unboost|p1a: Virizion|spd|1\n|-damage|p1a: Virizion|255/283|[from] item: Life Orb\n|\n|-fieldend|move: Electric Terrain\n|upkeep\n|turn|21\n|\n|t:|1781408821\n|move|p2a: Flapple|Outrage|p1a: Virizion\n|-damage|p1a: Virizion|0 fnt\n|faint|p1a: Virizion\n|\n|upkeep\n|\n|t:|1781408824\n|switch|p1a: Miraidon|Miraidon, L65|238/238\n|-fieldstart|move: Electric Terrain|[from] ability: Hadron Engine|[of] p1a: Miraidon\n|turn|22\n|\n|t:|1781408826\n|-terastallize|p1a: Miraidon|Electric\n|move|p2a: Flapple|Outrage|p1a: Miraidon|[from] lockedmove\n|-damage|p1a: Miraidon|0 fnt\n|faint|p1a: Miraidon\n|\n|win|Hairyrichard69er\n", "uploadtime": 1781408552, "views": 2, "formatid": "gen9randombattle", "rating": null, "private": 0, "password": null}