{"id": "gen9randombattle-2631741041", "format": "[Gen 9] Random Battle", "players": ["Welcomehere", "RAGE67"], "log": "|j|\u2606Welcomehere\n|j|\u2606RAGE67\n|t:|1781431982\n|gametype|singles\n|player|p1|Welcomehere|palmer|1555\n|player|p2|RAGE67|rocketgruntf|1601\n|gen|9\n|tier|[Gen 9] Random Battle\n|rated|\n|rule|Species Clause: Limit one of each Pok\u00e9mon\n|rule|HP Percentage Mod: HP is shown in percentages\n|rule|Sleep Clause Mod: Limit one foe put to sleep\n|rule|Illusion Level Mod: Illusion disguises the Pok\u00e9mon's true level\n|\n|t:|1781431982\n|teamsize|p1|6\n|teamsize|p2|6\n|start\n|switch|p1a: Flutter Mane|Flutter Mane, L74|203/203\n|switch|p2a: Sceptile|Sceptile, L87, M|264/264\n|turn|1\n|inactive|Battle timer is ON: inactive players will automatically lose when time's up. (requested by Welcomehere)\n|\n|t:|1781431999\n|-end|p1a: Flutter Mane|Protosynthesis|[silent]\n|switch|p1a: Scizor|Scizor, L79, F|240/240\n|move|p2a: Sceptile|Shed Tail|p2a: Sceptile\n|-start|p2a: Sceptile|Substitute|[from] move: Shed Tail\n|-damage|p2a: Sceptile|132/264\n|\n|t:|1781432017\n|switch|p2a: Feraligatr|Feraligatr, L79, M|264/264|[from] Shed Tail\n|\n|upkeep\n|turn|2\n|\n|t:|1781432023\n|move|p2a: Feraligatr|Dragon Dance|p2a: Feraligatr\n|-boost|p2a: Feraligatr|atk|1\n|-boost|p2a: Feraligatr|spe|1\n|move|p1a: Scizor|Bug Bite|p2a: Feraligatr\n|-end|p2a: Feraligatr|Substitute\n|-damage|p1a: Scizor|216/240|[from] item: Life Orb\n|\n|upkeep\n|turn|3\n|\n|t:|1781432031\n|-terastallize|p2a: Feraligatr|Water\n|move|p2a: Feraligatr|Liquidation|p1a: Scizor\n|-damage|p1a: Scizor|0 fnt\n|faint|p1a: Scizor\n|\n|upkeep\n|\n|t:|1781432047\n|switch|p1a: Grimmsnarl|Grimmsnarl, L83, M|293/293\n|turn|4\n|\n|t:|1781432052\n|move|p1a: Grimmsnarl|Thunder Wave|p2a: Feraligatr\n|-status|p2a: Feraligatr|par\n|move|p2a: Feraligatr|Liquidation|p1a: Grimmsnarl\n|-damage|p1a: Grimmsnarl|0 fnt\n|faint|p1a: Grimmsnarl\n|\n|upkeep\n|\n|t:|1781432057\n|switch|p1a: Morpeko|Morpeko, L88, F|245/245\n|turn|5\n|\n|t:|1781432076\n|move|p1a: Morpeko|Aura Wheel|p2a: Feraligatr\n|-supereffective|p2a: Feraligatr\n|-damage|p2a: Feraligatr|4/264 par\n|-boost|p1a: Morpeko|spe|1\n|move|p2a: Feraligatr|Liquidation|p1a: Morpeko\n|-damage|p1a: Morpeko|0 fnt\n|faint|p1a: Morpeko\n|\n|upkeep\n|c|\u2606Welcomehere|Ofc\n|c|\u2606Welcomehere|like\n|c|\u2606Welcomehere|n\u2019enlever para\n|\n|t:|1781432094\n|switch|p1a: Flutter Mane|Flutter Mane, L74|203/203\n|turn|6\n|\n|t:|1781432110\n|move|p1a: Flutter Mane|Shadow Ball|p2a: Feraligatr\n|-crit|p2a: Feraligatr\n|-damage|p2a: Feraligatr|0 fnt\n|faint|p2a: Feraligatr\n|-damage|p1a: Flutter Mane|183/203|[from] item: Life Orb\n|\n|upkeep\n|c|\u2606RAGE67|skill issue\n|\n|t:|1781432121\n|switch|p2a: Staraptor|Staraptor, L79, F|263/263\n|turn|7\n|\n|t:|1781432129\n|-end|p1a: Flutter Mane|Protosynthesis|[silent]\n|switch|p1a: Zamazenta|Zamazenta-Crowned, L68|238/238\n|-ability|p1a: Zamazenta|Dauntless Shield|boost\n|-boost|p1a: Zamazenta|def|1\n|move|p2a: Staraptor|Brave Bird|p1a: Zamazenta\n|-damage|p1a: Zamazenta|114/238\n|-damage|p2a: Staraptor|222/263|[from] Recoil\n|\n|upkeep\n|turn|8\n|c|\u2606Welcomehere|Yeah it might be\n|c|\u2606Welcomehere|no para\n|c|\u2606Welcomehere|apparently it\u2019s a skill issue\n|\n|t:|1781432154\n|switch|p2a: Yanmega|Yanmega, L82, F|275/275\n|move|p1a: Zamazenta|Stone Edge|p2a: Yanmega|[miss]\n|-miss|p1a: Zamazenta|p2a: Yanmega\n|\n|upkeep\n|turn|9\n|c|\u2606Welcomehere|Skill issue right there\n|c|\u2606RAGE67|train your mons better buddy\n|\n|t:|1781432169\n|switch|p2a: Duraludon|Duraludon, L82, F|249/249\n|move|p1a: Zamazenta|Stone Edge|p2a: Duraludon|[miss]\n|-miss|p1a: Zamazenta|p2a: Duraludon\n|\n|upkeep\n|turn|10\n|c|\u2606Welcomehere|Skill issue right there\n|\n|t:|1781432178\n|move|p1a: Zamazenta|Iron Defense|p1a: Zamazenta\n|-boost|p1a: Zamazenta|def|2\n|move|p2a: Duraludon|Thunder Wave|p1a: Zamazenta\n|-status|p1a: Zamazenta|par\n|\n|upkeep\n|turn|11\n|\n|t:|1781432190\n|move|p2a: Duraludon|Draco Meteor|p1a: Zamazenta|[miss]\n|-miss|p2a: Duraludon|p1a: Zamazenta\n|move|p1a: Zamazenta|Body Press|p2a: Duraludon\n|-supereffective|p2a: Duraludon\n|-damage|p2a: Duraludon|39/249\n|\n|upkeep\n|turn|12\n|\n|t:|1781432193\n|move|p2a: Duraludon|Draco Meteor|p1a: Zamazenta\n|-resisted|p1a: Zamazenta\n|-damage|p1a: Zamazenta|48/238 par\n|-unboost|p2a: Duraludon|spa|2\n|move|p1a: Zamazenta|Body Press|p2a: Duraludon\n|-supereffective|p2a: Duraludon\n|-damage|p2a: Duraludon|0 fnt\n|faint|p2a: Duraludon\n|\n|upkeep\n|c|\u2606RAGE67|lucky dog\n|c|\u2606RAGE67|smh\n|\n|t:|1781432205\n|switch|p2a: Yanmega|Yanmega, L82, F|275/275\n|turn|13\n|c|\u2606Welcomehere|Let\u2019s report\n|\n|t:|1781432217\n|move|p2a: Yanmega|Bug Buzz|p1a: Zamazenta\n|-resisted|p1a: Zamazenta\n|-damage|p1a: Zamazenta|0 fnt\n|faint|p1a: Zamazenta\n|\n|upkeep\n|\n|t:|1781432221\n|switch|p1a: Lugia|Lugia, L73|275/275\n|turn|14\n|\n|t:|1781432231\n|move|p2a: Yanmega|Bug Buzz|p1a: Lugia\n|-damage|p1a: Lugia|216/275\n|move|p1a: Lugia|Calm Mind|p1a: Lugia\n|-boost|p1a: Lugia|spa|1\n|-boost|p1a: Lugia|spd|1\n|\n|upkeep\n|turn|15\n|\n|t:|1781432235\n|move|p2a: Yanmega|Bug Buzz|p1a: Lugia\n|-crit|p1a: Lugia\n|-damage|p1a: Lugia|50/275\n|move|p1a: Lugia|Calm Mind|p1a: Lugia\n|-boost|p1a: Lugia|spa|1\n|-boost|p1a: Lugia|spd|1\n|\n|upkeep\n|turn|16\n|\n|t:|1781432238\n|move|p2a: Yanmega|Bug Buzz|p1a: Lugia\n|-damage|p1a: Lugia|0 fnt\n|faint|p1a: Lugia\n|\n|upkeep\n|c|\u2606RAGE67|ez\n|c|\u2606Welcomehere|Ah and the crit\n|c|\u2606RAGE67|ggez lil buddy\n|inactive|Welcomehere has 120 seconds left.\n|-message|Welcomehere forfeited.\n|\n|win|RAGE67\n|raw|Welcomehere's rating: 1555 &rarr; <strong>1538</strong><br />(-17 for losing)\n|raw|RAGE67's rating: 1601 &rarr; <strong>1618</strong><br />(+17 for winning)\n|l|\u2606Welcomehere\n|player|p1|\n|c|\u2606RAGE67|ahhhh\n|c|\u2606RAGE67|nice\n|l|\u2606RAGE67\n|player|p2|\n|j|\u2606RAGE67\n|player|p2|RAGE67|rocketgruntf|\n", "uploadtime": 1781432273, "views": 4, "formatid": "gen9randombattle", "rating": 1538, "private": 0, "password": null}