{"id": "gen9randombattle-2631371731", "format": "[Gen 9] Random Battle", "players": ["Bbangiz", "DUTyfi"], "log": "|j|\u2606Bbangiz\n|j|\u2606DUTyfi\n|t:|1781376831\n|gametype|singles\n|player|p1|Bbangiz|backers|1532\n|player|p2|DUTyfi|102|1566\n|gen|9\n|tier|[Gen 9] Random Battle\n|rated|\n|rule|Species Clause: Limit one of each Pok\u00e9mon\n|rule|HP Percentage Mod: HP is shown in percentages\n|rule|Sleep Clause Mod: Limit one foe put to sleep\n|rule|Illusion Level Mod: Illusion disguises the Pok\u00e9mon's true level\n|\n|t:|1781376831\n|teamsize|p1|6\n|teamsize|p2|6\n|start\n|switch|p1a: Regieleki|Regieleki, L79|256/256\n|switch|p2a: Infernape|Infernape, L82, F|259/259\n|turn|1\n|\n|t:|1781376860\n|move|p1a: Regieleki|Volt Switch|p2a: Infernape\n|-damage|p2a: Infernape|132/259\n|inactive|Battle timer is ON: inactive players will automatically lose when time's up. (requested by DUTyfi)\n|inactive|Bbangiz has 120 seconds left.\n|inactive|Bbangiz has 90 seconds left.\n|\n|t:|1781376948\n|switch|p1a: Lanturn|Lanturn, L89, F|367/367|[from] Volt Switch\n|move|p2a: Infernape|Overheat|p1a: Lanturn|[miss]\n|-miss|p2a: Infernape|p1a: Lanturn\n|\n|upkeep\n|turn|2\n|\n|t:|1781376969\n|switch|p2a: Houndstone|Houndstone, L86, F|264/264\n|move|p1a: Lanturn|Scald|p2a: Houndstone\n|-damage|p2a: Houndstone|197/264\n|\n|upkeep\n|turn|3\n|\n|t:|1781376989\n|move|p1a: Lanturn|Thunder Wave|p2a: Houndstone|[miss]\n|-miss|p1a: Lanturn|p2a: Houndstone\n|move|p2a: Houndstone|Poltergeist|p1a: Lanturn\n|-activate|p1a: Lanturn|move: Poltergeist|Heavy-Duty Boots\n|-damage|p1a: Lanturn|124/367\n|\n|upkeep\n|turn|4\n|\n|t:|1781376995\n|move|p1a: Lanturn|Volt Switch|p2a: Houndstone\n|-damage|p2a: Houndstone|133/264\n|\n|t:|1781376997\n|switch|p1a: Cinccino|Cinccino, L83, F|260/260|[from] Volt Switch\n|move|p2a: Houndstone|Poltergeist|p1a: Cinccino\n|-immune|p1a: Cinccino\n|\n|upkeep\n|turn|5\n|\n|t:|1781377007\n|switch|p2a: Overqwil|Overqwil, L82, M|274/274\n|-ability|p2a: Overqwil|Intimidate|boost\n|-unboost|p1a: Cinccino|atk|1\n|move|p1a: Cinccino|Tidy Up|p1a: Cinccino\n|-boost|p1a: Cinccino|atk|1\n|-boost|p1a: Cinccino|spe|1\n|\n|upkeep\n|turn|6\n|\n|t:|1781377028\n|move|p1a: Cinccino|Tidy Up|p1a: Cinccino\n|-boost|p1a: Cinccino|atk|1\n|-boost|p1a: Cinccino|spe|1\n|move|p2a: Overqwil|Gunk Shot|p1a: Cinccino\n|-damage|p1a: Cinccino|88/260\n|-status|p1a: Cinccino|psn\n|\n|-damage|p1a: Cinccino|56/260 psn|[from] psn\n|upkeep\n|turn|7\n|\n|t:|1781377042\n|switch|p2a: Houndstone|Houndstone, L86, F|133/264\n|move|p1a: Cinccino|Tail Slap|p2a: Houndstone\n|-immune|p2a: Houndstone\n|\n|-damage|p1a: Cinccino|24/260 psn|[from] psn\n|upkeep\n|turn|8\n|\n|t:|1781377055\n|move|p2a: Houndstone|Shadow Sneak|p1a: Cinccino\n|-immune|p1a: Cinccino\n|move|p1a: Cinccino|Tidy Up|p1a: Cinccino\n|-boost|p1a: Cinccino|atk|1\n|-boost|p1a: Cinccino|spe|1\n|\n|-damage|p1a: Cinccino|0 fnt|[from] psn\n|faint|p1a: Cinccino\n|upkeep\n|\n|t:|1781377065\n|switch|p1a: Regieleki|Regieleki, L79|256/256\n|turn|9\n|\n|t:|1781377078\n|move|p2a: Houndstone|Shadow Sneak|p1a: Regieleki\n|-damage|p1a: Regieleki|147/256\n|move|p1a: Regieleki|Thunderbolt|p2a: Houndstone\n|-damage|p2a: Houndstone|16/264\n|\n|upkeep\n|turn|10\n|inactive|Bbangiz has 120 seconds left.\n|inactive|Bbangiz has 90 seconds left.\n|l|\u2606Bbangiz\n|inactive|Bbangiz disconnected and has a minute to reconnect!\n|player|p1|\n|c|\u2606DUTyfi|Yeah you were getting out classed every turn\n|c|\u2606DUTyfi|that\u2019s right leave\n|inactive|Bbangiz has 30 seconds to reconnect!\n|c|\u2606DUTyfi|bitch ass\n|inactive|Bbangiz has 20 seconds to reconnect!\n|inactive|Bbangiz has 15 seconds to reconnect!\n|inactive|Bbangiz has 10 seconds to reconnect!\n|inactive|Bbangiz has 5 seconds to reconnect!\n|-message|Bbangiz lost due to inactivity.\n|\n|win|DUTyfi\n", "uploadtime": 1781377192, "views": 5, "formatid": "gen9randombattle", "rating": null, "private": 0, "password": null}