{"id": "gen9randombattle-2631774331", "format": "[Gen 9] Random Battle", "players": ["lecoopr", "mundigsters"], "log": "|j|\u2606lecoopr\n|j|\u2606mundigsters\n|t:|1781437597\n|gametype|singles\n|player|p1|lecoopr|tate|1978\n|player|p2|mundigsters|2|1987\n|gen|9\n|tier|[Gen 9] Random Battle\n|rated|\n|rule|Species Clause: Limit one of each Pok\u00e9mon\n|rule|HP Percentage Mod: HP is shown in percentages\n|rule|Sleep Clause Mod: Limit one foe put to sleep\n|rule|Illusion Level Mod: Illusion disguises the Pok\u00e9mon's true level\n|\n|t:|1781437597\n|teamsize|p1|6\n|teamsize|p2|6\n|start\n|switch|p1a: Regigigas|Regigigas, L84|322/322\n|switch|p2a: Mamoswine|Mamoswine, L81, F|311/311\n|-start|p1a: Regigigas|ability: Slow Start\n|turn|1\n|inactive|Battle timer is ON: inactive players will automatically lose when time's up. (requested by lecoopr)\n|\n|t:|1781437608\n|move|p1a: Regigigas|Protect|p1a: Regigigas\n|-singleturn|p1a: Regigigas|Protect\n|move|p2a: Mamoswine|Knock Off|p1a: Regigigas\n|-activate|p1a: Regigigas|move: Protect\n|\n|upkeep\n|turn|2\n|\n|t:|1781437616\n|switch|p1a: Jumpluff|Jumpluff, L87, F|271/271\n|move|p2a: Mamoswine|Knock Off|p1a: Jumpluff\n|-damage|p1a: Jumpluff|176/271\n|\n|upkeep\n|turn|3\n|\n|t:|1781437623\n|switch|p2a: Toxapex|Toxapex, L82, F|216/216\n|move|p1a: Jumpluff|Leech Seed|p2a: Toxapex\n|-start|p2a: Toxapex|move: Leech Seed\n|\n|-damage|p2a: Toxapex|189/216|[from] Leech Seed|[of] p1a: Jumpluff\n|-heal|p1a: Jumpluff|203/271|[silent]\n|upkeep\n|turn|4\n|\n|t:|1781437627\n|move|p1a: Jumpluff|Substitute|p1a: Jumpluff\n|-start|p1a: Jumpluff|Substitute\n|-damage|p1a: Jumpluff|136/271\n|move|p2a: Toxapex|Toxic Spikes|p1a: Jumpluff\n|-sidestart|p1: lecoopr|move: Toxic Spikes\n|\n|-damage|p2a: Toxapex|162/216|[from] Leech Seed|[of] p1a: Jumpluff\n|-heal|p1a: Jumpluff|163/271|[silent]\n|upkeep\n|turn|5\n|\n|t:|1781437637\n|switch|p2a: Toucannon|Toucannon, L88, F|284/284\n|move|p1a: Jumpluff|Acrobatics|p2a: Toucannon\n|-damage|p2a: Toucannon|190/284\n|\n|upkeep\n|turn|6\n|\n|t:|1781437643\n|-singleturn|p2a: Toucannon|move: Beak Blast\n|move|p1a: Jumpluff|Acrobatics|p2a: Toucannon\n|-damage|p2a: Toucannon|99/284\n|-status|p1a: Jumpluff|brn\n|move|p2a: Toucannon|Beak Blast|p1a: Jumpluff\n|-supereffective|p1a: Jumpluff\n|-end|p1a: Jumpluff|Substitute\n|\n|-damage|p1a: Jumpluff|147/271 brn|[from] brn\n|upkeep\n|turn|7\n|\n|t:|1781437656\n|move|p1a: Jumpluff|Strength Sap|p2a: Toucannon\n|-unboost|p2a: Toucannon|atk|1\n|-heal|p1a: Jumpluff|271/271 brn\n|move|p2a: Toucannon|Roost|p2a: Toucannon\n|-heal|p2a: Toucannon|241/284\n|-singleturn|p2a: Toucannon|move: Roost\n|\n|-damage|p1a: Jumpluff|255/271 brn|[from] brn\n|upkeep\n|turn|8\n|\n|t:|1781437662\n|move|p1a: Jumpluff|Leech Seed|p2a: Toucannon\n|-start|p2a: Toucannon|move: Leech Seed\n|move|p2a: Toucannon|U-turn|p1a: Jumpluff\n|-damage|p1a: Jumpluff|207/271 brn\n|\n|t:|1781437672\n|switch|p2a: Salamence|Salamence, L77, F|273/273|[from] U-turn\n|\n|-damage|p1a: Jumpluff|191/271 brn|[from] brn\n|upkeep\n|turn|9\n|-message|lecoopr forfeited.\n|\n|win|mundigsters\n", "uploadtime": 1781437599, "views": 5, "formatid": "gen9randombattle", "rating": null, "private": 0, "password": null}