{"id": "gen9randombattle-2631798668", "format": "[Gen 9] Random Battle", "players": ["an102o", "ohmmee e"], "log": "|j|\u2606an102o\n|j|\u2606ohmmee e\n|t:|1781441300\n|gametype|singles\n|player|p1|an102o|dawn-gen4pt|1041\n|player|p2|ohmmee e|hoopster|1026\n|gen|9\n|tier|[Gen 9] Random Battle\n|rated|\n|rule|Species Clause: Limit one of each Pok\u00e9mon\n|rule|HP Percentage Mod: HP is shown in percentages\n|rule|Sleep Clause Mod: Limit one foe put to sleep\n|rule|Illusion Level Mod: Illusion disguises the Pok\u00e9mon's true level\n|\n|t:|1781441300\n|teamsize|p1|6\n|teamsize|p2|6\n|start\n|switch|p1a: Floatzel|Floatzel, L86, M|286/286\n|switch|p2a: Noctowl|Noctowl, L95, M|344/344\n|turn|1\n|inactive|Battle timer is ON: inactive players will automatically lose when time's up. (requested by an102o)\n|\n|t:|1781441323\n|switch|p2a: Toxapex|Toxapex, L82, M|216/216\n|move|p1a: Floatzel|Ice Spinner|p2a: Toxapex\n|-resisted|p2a: Toxapex\n|-damage|p2a: Toxapex|194/216\n|-damage|p1a: Floatzel|239/286|[from] item: Rocky Helmet|[of] p2a: Toxapex\n|\n|-heal|p1a: Floatzel|256/286|[from] item: Leftovers\n|upkeep\n|turn|2\n|\n|t:|1781441336\n|switch|p1a: Galvantula|Galvantula, L82, M|249/249\n|move|p2a: Toxapex|Toxic|p1a: Galvantula\n|-status|p1a: Galvantula|tox\n|\n|-damage|p1a: Galvantula|234/249 tox|[from] psn\n|upkeep\n|turn|3\n|inactive|ohmmee e has 120 seconds left.\n|\n|t:|1781441372\n|switch|p2a: Noctowl|Noctowl, L95, M|344/344\n|move|p1a: Galvantula|Thunder|p2a: Noctowl\n|-supereffective|p2a: Noctowl\n|-damage|p2a: Noctowl|174/344\n|\n|-damage|p1a: Galvantula|204/249 tox|[from] psn\n|upkeep\n|turn|4\n|inactive|ohmmee e has 120 seconds left.\n|\n|t:|1781441387\n|switch|p1a: Ambipom|Ambipom, L84, F|263/263\n|move|p2a: Noctowl|Hurricane|p1a: Ambipom|[miss]\n|-miss|p2a: Noctowl|p1a: Ambipom\n|\n|upkeep\n|turn|5\n|inactive|ohmmee e has 120 seconds left.\n|\n|t:|1781441402\n|switch|p2a: Kingambit|Kingambit, L74, M|270/270\n|move|p1a: Ambipom|Triple Axel|p2a: Kingambit\n|-resisted|p2a: Kingambit\n|-damage|p2a: Kingambit|256/270\n|-resisted|p2a: Kingambit\n|-damage|p2a: Kingambit|227/270\n|-resisted|p2a: Kingambit\n|-damage|p2a: Kingambit|183/270\n|-hitcount|p2a: Kingambit|3\n|\n|-heal|p2a: Kingambit|199/270|[from] item: Leftovers\n|upkeep\n|turn|6\n|inactive|ohmmee e has 120 seconds left.\n|\n|t:|1781441417\n|switch|p1a: Breloom|Breloom, L83, M|235/235\n|move|p2a: Kingambit|Sucker Punch||[still]\n|-fail|p2a: Kingambit\n|\n|-heal|p2a: Kingambit|215/270|[from] item: Leftovers\n|upkeep\n|turn|7\n|inactive|ohmmee e has 120 seconds left.\n|\n|t:|1781441439\n|-end|p2a: Kingambit|fallenundefined|[silent]\n|switch|p2a: Sylveon|Sylveon, L85, M|300/300\n|move|p1a: Breloom|Spore|p2a: Sylveon\n|-status|p2a: Sylveon|slp|[from] move: Spore\n|\n|upkeep\n|turn|8\n|\n|t:|1781441447\n|move|p1a: Breloom|Swords Dance|p1a: Breloom\n|-boost|p1a: Breloom|atk|2\n|cant|p2a: Sylveon|slp\n|\n|upkeep\n|turn|9\n|\n|t:|1781441452\n|move|p1a: Breloom|Bullet Seed|p2a: Sylveon\n|-damage|p2a: Sylveon|154/300 slp\n|-damage|p2a: Sylveon|10/300 slp\n|-damage|p2a: Sylveon|0 fnt\n|faint|p2a: Sylveon\n|-hitcount|p2: Sylveon|3\n|-damage|p1a: Breloom|212/235|[from] item: Life Orb\n|\n|upkeep\n|\n|t:|1781441462\n|switch|p2a: Noctowl|Noctowl, L95, M|174/344\n|turn|10\n|\n|t:|1781441473\n|switch|p1a: Galvantula|Galvantula, L82, M|204/249 tox\n|move|p2a: Noctowl|Hurricane|p1a: Galvantula\n|-damage|p1a: Galvantula|12/249 tox\n|-start|p1a: Galvantula|confusion\n|\n|-damage|p1a: Galvantula|0 fnt|[from] psn\n|faint|p1a: Galvantula\n|upkeep\n|\n|t:|1781441482\n|switch|p1a: Ambipom|Ambipom, L84, F|263/263\n|turn|11\n|\n|t:|1781441507\n|move|p1a: Ambipom|Low Kick|p2a: Noctowl\n|-damage|p2a: Noctowl|53/344\n|move|p2a: Noctowl|Hurricane|p1a: Ambipom\n|-damage|p1a: Ambipom|100/263\n|-start|p1a: Ambipom|confusion\n|\n|upkeep\n|turn|12\n|\n|t:|1781441513\n|-activate|p1a: Ambipom|confusion\n|move|p1a: Ambipom|Low Kick|p2a: Noctowl\n|-damage|p2a: Noctowl|0 fnt\n|faint|p2a: Noctowl\n|\n|upkeep\n|\n|t:|1781441524\n|switch|p2a: Toxapex|Toxapex, L82, M|216/216\n|turn|13\n|\n|t:|1781441527\n|-activate|p1a: Ambipom|confusion\n|-damage|p1a: Ambipom|66/263|[from] confusion\n|move|p2a: Toxapex|Toxic|p1a: Ambipom\n|-status|p1a: Ambipom|tox\n|\n|-damage|p1a: Ambipom|50/263 tox|[from] psn\n|upkeep\n|turn|14\n|\n|t:|1781441548\n|-activate|p1a: Ambipom|confusion\n|-damage|p1a: Ambipom|16/263 tox|[from] confusion\n|move|p2a: Toxapex|Liquidation|p1a: Ambipom\n|-damage|p1a: Ambipom|0 fnt\n|faint|p1a: Ambipom\n|\n|upkeep\n|\n|t:|1781441559\n|switch|p1a: Bellibolt|Bellibolt, L84, M|320/320\n|turn|15\n|\n|t:|1781441570\n|switch|p2a: Metagross|Metagross, L79|256/256\n|move|p1a: Bellibolt|Thunderbolt|p2a: Metagross\n|-damage|p2a: Metagross|144/256\n|\n|upkeep\n|turn|16\n|\n|t:|1781441586\n|switch|p1a: Sawsbuck|Sawsbuck-Autumn, L88, M|284/284\n|move|p2a: Metagross|Earthquake|p1a: Sawsbuck\n|-resisted|p1a: Sawsbuck\n|-damage|p1a: Sawsbuck|235/284\n|\n|upkeep\n|turn|17\n|\n|t:|1781441600\n|switch|p2a: Toxapex|Toxapex, L82, M|216/216\n|-terastallize|p1a: Sawsbuck|Ground\n|move|p1a: Sawsbuck|High Horsepower|p2a: Toxapex\n|-supereffective|p2a: Toxapex\n|-damage|p2a: Toxapex|34/216\n|-damage|p1a: Sawsbuck|188/284|[from] item: Rocky Helmet|[of] p2a: Toxapex\n|-damage|p1a: Sawsbuck|160/284|[from] item: Life Orb\n|\n|upkeep\n|turn|18\n|\n|t:|1781441611\n|switch|p2a: Latios|Latios, L78, M|253/253\n|move|p1a: Sawsbuck|High Horsepower|p2a: Latios\n|-immune|p2a: Latios|[from] ability: Levitate\n|\n|upkeep\n|turn|19\n|\n|t:|1781441628\n|move|p1a: Sawsbuck|Double-Edge|p2a: Latios\n|-damage|p2a: Latios|49/253\n|-damage|p1a: Sawsbuck|93/284|[from] Recoil\n|-damage|p1a: Sawsbuck|65/284|[from] item: Life Orb\n|move|p2a: Latios|Flip Turn|p1a: Sawsbuck\n|-supereffective|p1a: Sawsbuck\n|-damage|p1a: Sawsbuck|0 fnt\n|faint|p1a: Sawsbuck\n|\n|t:|1781441644\n|switch|p2a: Metagross|Metagross, L79|144/256|[from] Flip Turn\n|\n|upkeep\n|\n|t:|1781441651\n|switch|p1a: Breloom|Breloom, L83, M|212/235\n|turn|20\n|\n|t:|1781441660\n|move|p1a: Breloom|Spore|p2a: Metagross\n|-status|p2a: Metagross|slp|[from] move: Spore\n|cant|p2a: Metagross|slp\n|\n|upkeep\n|turn|21\n|\n|t:|1781441677\n|switch|p2a: Latios|Latios, L78, M|49/253\n|move|p1a: Breloom|Swords Dance|p1a: Breloom\n|-boost|p1a: Breloom|atk|2\n|\n|upkeep\n|turn|22\n|\n|t:|1781441685\n|move|p1a: Breloom|Mach Punch|p2a: Latios\n|-resisted|p2a: Latios\n|-damage|p2a: Latios|0 fnt\n|faint|p2a: Latios\n|-damage|p1a: Breloom|189/235|[from] item: Life Orb\n|\n|upkeep\n|\n|t:|1781441694\n|switch|p2a: Metagross|Metagross, L79|144/256 slp\n|turn|23\n|\n|t:|1781441701\n|move|p1a: Breloom|Mach Punch|p2a: Metagross\n|-crit|p2a: Metagross\n|-damage|p2a: Metagross|0 fnt\n|faint|p2a: Metagross\n|-damage|p1a: Breloom|166/235|[from] item: Life Orb\n|\n|upkeep\n|\n|t:|1781441707\n|switch|p2a: Toxapex|Toxapex, L82, M|106/216\n|turn|24\n|\n|t:|1781441711\n|-terastallize|p2a: Toxapex|Flying\n|move|p1a: Breloom|Bullet Seed|p2a: Toxapex\n|-resisted|p2a: Toxapex\n|-damage|p2a: Toxapex|67/216\n|-resisted|p2a: Toxapex\n|-damage|p2a: Toxapex|24/216\n|-resisted|p2a: Toxapex\n|-damage|p2a: Toxapex|0 fnt\n|faint|p2a: Toxapex\n|-hitcount|p2: Toxapex|3\n|-damage|p1a: Breloom|143/235|[from] item: Life Orb\n|\n|upkeep\n|\n|t:|1781441718\n|switch|p2a: Kingambit|Kingambit, L74, M|215/270\n|-activate|p2a: Kingambit|ability: Supreme Overlord\n|-start|p2a: Kingambit|fallen5|[silent]\n|turn|25\n|\n|t:|1781441723\n|move|p1a: Breloom|Mach Punch|p2a: Kingambit\n|-supereffective|p2a: Kingambit\n|-damage|p2a: Kingambit|0 fnt\n|faint|p2a: Kingambit\n|-end|p2a: Kingambit|fallen5|[silent]\n|-damage|p1a: Breloom|120/235|[from] item: Life Orb\n|\n|win|an102o\n|raw|an102o's rating: 1041 &rarr; <strong>1073</strong><br />(+32 for winning)\n|raw|ohmmee e's rating: 1026 &rarr; <strong>1013</strong><br />(-13 for losing)\n", "uploadtime": 1781441729, "views": 3, "formatid": "gen9randombattle", "rating": 1013, "private": 0, "password": null}