{"id": "gen9randombattle-2631524704", "format": "[Gen 9] Random Battle", "players": ["Joalyr", "lkj47"], "log": "|j|\u2606Joalyr\n|j|\u2606lkj47\n|t:|1781396461\n|gametype|singles\n|player|p1|Joalyr|102|1938\n|player|p2|lkj47|hilbert|1909\n|gen|9\n|tier|[Gen 9] Random Battle\n|rated|\n|rule|Species Clause: Limit one of each Pok\u00e9mon\n|rule|HP Percentage Mod: HP is shown in percentages\n|rule|Sleep Clause Mod: Limit one foe put to sleep\n|rule|Illusion Level Mod: Illusion disguises the Pok\u00e9mon's true level\n|\n|t:|1781396461\n|teamsize|p1|6\n|teamsize|p2|6\n|start\n|switch|p1a: Jumpluff|Jumpluff, L87, M|271/271\n|switch|p2a: Medicham|Medicham, L86, M|243/243\n|turn|1\n|\n|t:|1781396470\n|move|p1a: Jumpluff|Strength Sap|p2a: Medicham\n|-unboost|p2a: Medicham|atk|1\n|move|p2a: Medicham|Trick|p1a: Jumpluff\n|-activate|p2a: Medicham|move: Trick|[of] p1a: Jumpluff\n|-item|p1a: Jumpluff|Choice Band|[from] move: Trick\n|-enditem|p2a: Medicham|Choice Band|[silent]|[from] move: Trick\n|\n|upkeep\n|turn|2\n|\n|t:|1781396478\n|switch|p2a: Sunflora|Sunflora, M|312/312\n|move|p1a: Jumpluff|Acrobatics|p2a: Sunflora\n|-supereffective|p2a: Sunflora\n|-damage|p2a: Sunflora|172/312\n|\n|upkeep\n|turn|3\n|\n|t:|1781396483\n|switch|p2a: Regigigas|Regigigas, L84|322/322\n|-start|p2a: Regigigas|ability: Slow Start\n|move|p1a: Jumpluff|Acrobatics|p2a: Regigigas\n|-damage|p2a: Regigigas|273/322\n|\n|-heal|p2a: Regigigas|293/322|[from] item: Leftovers\n|upkeep\n|turn|4\n|\n|t:|1781396496\n|switch|p1a: Slowking|Slowking, L88, F|310/310\n|move|p2a: Regigigas|Body Slam|p1a: Slowking\n|-damage|p1a: Slowking|237/310\n|-status|p1a: Slowking|par\n|\n|-heal|p2a: Regigigas|313/322|[from] item: Leftovers\n|upkeep\n|turn|5\n|\n|t:|1781396503\n|move|p2a: Regigigas|Rest|p2a: Regigigas\n|-status|p2a: Regigigas|slp|[from] move: Rest\n|-heal|p2a: Regigigas|322/322 slp|[silent]\n|move|p1a: Slowking|Future Sight|p2a: Regigigas\n|-start|p1a: Slowking|move: Future Sight\n|\n|upkeep\n|turn|6\n|\n|t:|1781396509\n|cant|p2a: Regigigas|slp\n|move|p2a: Regigigas|Sleep Talk|p2a: Regigigas\n|move|p2a: Regigigas|Rest||[from] move: Sleep Talk|[still]\n|-fail|p2a: Regigigas\n|-prepare|p1a: Slowking|Chilly Reception|[premajor]\n|cant|p1a: Slowking|par\n|\n|upkeep\n|turn|7\n|\n|t:|1781396515\n|cant|p2a: Regigigas|slp\n|move|p2a: Regigigas|Sleep Talk|p2a: Regigigas\n|move|p2a: Regigigas|Knock Off|p1a: Slowking|[from] move: Sleep Talk\n|-supereffective|p1a: Slowking\n|-damage|p1a: Slowking|135/310 par\n|-enditem|p1a: Slowking|Heavy-Duty Boots|[from] move: Knock Off|[of] p2a: Regigigas\n|-prepare|p1a: Slowking|Chilly Reception|[premajor]\n|cant|p1a: Slowking|par\n|\n|-end|p2a: Regigigas|move: Future Sight\n|-damage|p2a: Regigigas|204/322 slp\n|-heal|p2a: Regigigas|224/322 slp|[from] item: Leftovers\n|upkeep\n|turn|8\n|\n|t:|1781396529\n|-curestatus|p2a: Regigigas|slp|[msg]\n|move|p2a: Regigigas|Body Slam|p1a: Slowking\n|-damage|p1a: Slowking|69/310 par\n|move|p1a: Slowking|Slack Off|p1a: Slowking\n|-heal|p1a: Slowking|224/310 par\n|\n|-heal|p2a: Regigigas|244/322|[from] item: Leftovers\n|-end|p2a: Regigigas|Slow Start\n|upkeep\n|turn|9\n|\n|t:|1781396534\n|move|p2a: Regigigas|Body Slam|p1a: Slowking\n|-damage|p1a: Slowking|74/310 par\n|cant|p1a: Slowking|par\n|\n|-heal|p2a: Regigigas|264/322|[from] item: Leftovers\n|upkeep\n|turn|10\n|\n|t:|1781396540\n|move|p2a: Regigigas|Body Slam|p1a: Slowking\n|-damage|p1a: Slowking|0 fnt\n|faint|p1a: Slowking\n|\n|-heal|p2a: Regigigas|284/322|[from] item: Leftovers\n|upkeep\n|\n|t:|1781396561\n|switch|p1a: Lokix|Lokix, L82, M|251/251\n|turn|11\n|\n|t:|1781396565\n|move|p2a: Regigigas|Body Slam|p1a: Lokix\n|-damage|p1a: Lokix|98/251\n|move|p1a: Lokix|Knock Off|p2a: Regigigas\n|-damage|p2a: Regigigas|177/322\n|-enditem|p2a: Regigigas|Leftovers|[from] move: Knock Off|[of] p1a: Lokix\n|-damage|p1a: Lokix|73/251|[from] item: Life Orb\n|\n|upkeep\n|turn|12\n|\n|t:|1781396572\n|move|p1a: Lokix|Sucker Punch|p2a: Regigigas\n|-damage|p2a: Regigigas|102/322\n|-damage|p1a: Lokix|48/251|[from] item: Life Orb\n|move|p2a: Regigigas|Body Slam|p1a: Lokix\n|-damage|p1a: Lokix|0 fnt\n|faint|p1a: Lokix\n|\n|upkeep\n|\n|t:|1781396581\n|switch|p1a: Jumpluff|Jumpluff, L87, M|271/271\n|turn|13\n|\n|t:|1781396585\n|move|p1a: Jumpluff|Acrobatics|p2a: Regigigas\n|-damage|p2a: Regigigas|51/322\n|move|p2a: Regigigas|Rest|p2a: Regigigas\n|-status|p2a: Regigigas|slp|[from] move: Rest\n|-heal|p2a: Regigigas|322/322 slp|[silent]\n|\n|upkeep\n|turn|14\n|\n|t:|1781396592\n|switch|p1a: Haxorus|Haxorus, L77, F|244/244\n|-ability|p1a: Haxorus|Mold Breaker\n|cant|p2a: Regigigas|slp\n|\n|upkeep\n|turn|15\n|\n|t:|1781396596\n|cant|p2a: Regigigas|slp\n|move|p2a: Regigigas|Sleep Talk|p2a: Regigigas\n|move|p2a: Regigigas|Body Slam|p1a: Haxorus|[from] move: Sleep Talk\n|-damage|p1a: Haxorus|96/244\n|move|p1a: Haxorus|Dragon Dance|p1a: Haxorus\n|-boost|p1a: Haxorus|atk|1\n|-boost|p1a: Haxorus|spe|1\n|\n|upkeep\n|turn|16\n|\n|t:|1781396602\n|-terastallize|p2a: Regigigas|Ghost\n|move|p1a: Haxorus|Close Combat|p2a: Regigigas\n|-immune|p2a: Regigigas\n|-curestatus|p2a: Regigigas|slp|[msg]\n|move|p2a: Regigigas|Body Slam|p1a: Haxorus\n|-damage|p1a: Haxorus|0 fnt\n|faint|p1a: Haxorus\n|\n|upkeep\n|\n|t:|1781396605\n|switch|p1a: Brambleghast|Brambleghast, L88, F|240/240\n|turn|17\n|\n|t:|1781396614\n|move|p2a: Regigigas|Knock Off|p1a: Brambleghast\n|-supereffective|p1a: Brambleghast\n|-damage|p1a: Brambleghast|6/240\n|-enditem|p1a: Brambleghast|Leftovers|[from] move: Knock Off|[of] p2a: Regigigas\n|move|p1a: Brambleghast|Poltergeist||[still]\n|-fail|p1a: Brambleghast\n|\n|upkeep\n|turn|18\n|\n|t:|1781396622\n|move|p2a: Regigigas|Body Slam|p1a: Brambleghast\n|-immune|p1a: Brambleghast\n|move|p1a: Brambleghast|Leech Seed|p2a: Regigigas\n|-start|p2a: Regigigas|move: Leech Seed\n|\n|-damage|p2a: Regigigas|282/322|[from] Leech Seed|[of] p1a: Brambleghast\n|-heal|p1a: Brambleghast|46/240|[silent]\n|upkeep\n|turn|19\n|\n|t:|1781396630\n|move|p2a: Regigigas|Knock Off|p1a: Brambleghast\n|-supereffective|p1a: Brambleghast\n|-damage|p1a: Brambleghast|0 fnt\n|faint|p1a: Brambleghast\n|\n|upkeep\n|\n|t:|1781396633\n|switch|p1a: Pecharunt|Pecharunt, L77|262/262\n|turn|20\n|\n|t:|1781396639\n|-terastallize|p1a: Pecharunt|Dark\n|move|p2a: Regigigas|Knock Off|p1a: Pecharunt\n|-resisted|p1a: Pecharunt\n|-damage|p1a: Pecharunt|226/262\n|-enditem|p1a: Pecharunt|Leftovers|[from] move: Knock Off|[of] p2a: Regigigas\n|move|p1a: Pecharunt|Nasty Plot|p1a: Pecharunt\n|-boost|p1a: Pecharunt|spa|2\n|\n|-damage|p2a: Regigigas|242/322|[from] Leech Seed|[of] p1a: Pecharunt\n|-heal|p1a: Pecharunt|262/262|[silent]\n|upkeep\n|turn|21\n|\n|t:|1781396644\n|move|p2a: Regigigas|Body Slam|p1a: Pecharunt\n|-damage|p1a: Pecharunt|172/262\n|move|p1a: Pecharunt|Shadow Ball|p2a: Regigigas\n|-supereffective|p2a: Regigigas\n|-damage|p2a: Regigigas|8/322\n|\n|-damage|p2a: Regigigas|0 fnt|[from] Leech Seed|[of] p1a: Pecharunt\n|-heal|p1a: Pecharunt|180/262|[silent]\n|faint|p2a: Regigigas\n|-end|p2a: Regigigas|Slow Start|[silent]\n|upkeep\n|\n|t:|1781396648\n|switch|p2a: Medicham|Medicham, L86, M|243/243\n|turn|22\n|\n|t:|1781396652\n|switch|p1a: Jumpluff|Jumpluff, L87, M|271/271\n|move|p2a: Medicham|Close Combat|p1a: Jumpluff\n|-resisted|p1a: Jumpluff\n|-crit|p1a: Jumpluff\n|-damage|p1a: Jumpluff|107/271\n|-unboost|p2a: Medicham|def|1\n|-unboost|p2a: Medicham|spd|1\n|\n|upkeep\n|turn|23\n|\n|t:|1781396657\n|switch|p2a: Noctowl|Noctowl, L95, F|344/344\n|move|p1a: Jumpluff|Acrobatics|p2a: Noctowl\n|-damage|p2a: Noctowl|257/344\n|\n|upkeep\n|turn|24\n|inactive|Battle timer is ON: inactive players will automatically lose when time's up. (requested by lkj47)\n|inactive|Joalyr has 120 seconds left.\n|inactive|Joalyr has 90 seconds left.\n|inactive|Joalyr has 60 seconds left.\n|inactive|Joalyr has 30 seconds left.\n|inactive|Joalyr has 20 seconds left.\n|inactive|Joalyr has 15 seconds left.\n|inactive|Joalyr has 10 seconds left.\n|inactive|Joalyr has 5 seconds left.\n|-message|Joalyr lost due to inactivity.\n|\n|win|lkj47\n", "uploadtime": 1781396463, "views": 10, "formatid": "gen9randombattle", "rating": null, "private": 0, "password": null}