{"id": "gen9randombattle-2631568544", "format": "[Gen 9] Random Battle", "players": ["FashiRn", "SoCapable"], "log": "|j|\u2606FashiRn\n|j|\u2606SoCapable\n|t:|1781402511\n|gametype|singles\n|player|p1|FashiRn|wattson|2298\n|player|p2|SoCapable|silver|2241\n|gen|9\n|tier|[Gen 9] Random Battle\n|rated|\n|rule|Species Clause: Limit one of each Pok\u00e9mon\n|rule|HP Percentage Mod: HP is shown in percentages\n|rule|Sleep Clause Mod: Limit one foe put to sleep\n|rule|Illusion Level Mod: Illusion disguises the Pok\u00e9mon's true level\n|\n|t:|1781402511\n|teamsize|p1|6\n|teamsize|p2|6\n|start\n|switch|p1a: Porygon2|Porygon2, L81|270/270\n|switch|p2a: Pachirisu|Pachirisu, L96, M|271/271\n|-ability|p1a: Porygon2|Download|boost\n|-boost|p1a: Porygon2|atk|1\n|turn|1\n|inactive|Battle timer is ON: inactive players will automatically lose when time's up. (requested by FashiRn)\n|\n|t:|1781402528\n|move|p2a: Pachirisu|Nuzzle|p1a: Porygon2\n|-damage|p1a: Porygon2|258/270\n|-status|p1a: Porygon2|par\n|move|p1a: Porygon2|Tri Attack|p2a: Pachirisu\n|-damage|p2a: Pachirisu|222/271\n|\n|upkeep\n|turn|2\n|\n|t:|1781402531\n|move|p2a: Pachirisu|Super Fang|p1a: Porygon2\n|-damage|p1a: Porygon2|129/270 par\n|move|p1a: Porygon2|Tri Attack|p2a: Pachirisu\n|-damage|p2a: Pachirisu|176/271\n|\n|upkeep\n|turn|3\n|\n|t:|1781402534\n|move|p2a: Pachirisu|U-turn|p1a: Porygon2\n|-damage|p1a: Porygon2|102/270 par\n|\n|t:|1781402535\n|switch|p2a: Hypno|Hypno, L95, F|315/315|[from] U-turn\n|move|p1a: Porygon2|Recover|p1a: Porygon2\n|-heal|p1a: Porygon2|237/270 par\n|\n|upkeep\n|turn|4\n|\n|t:|1781402552\n|switch|p1a: Garganacl|Garganacl, L80, F|291/291\n|move|p2a: Hypno|Knock Off|p1a: Garganacl\n|-damage|p1a: Garganacl|234/291\n|-enditem|p1a: Garganacl|Leftovers|[from] move: Knock Off|[of] p2a: Hypno\n|\n|upkeep\n|turn|5\n|\n|t:|1781402559\n|move|p2a: Hypno|Psychic Noise|p1a: Garganacl\n|-damage|p1a: Garganacl|144/291\n|-start|p1a: Garganacl|move: Heal Block\n|move|p1a: Garganacl|Stealth Rock|p2a: Hypno\n|-sidestart|p2: SoCapable|move: Stealth Rock\n|\n|upkeep\n|turn|6\n|\n|t:|1781402576\n|switch|p1a: Whiscash|Whiscash, L88, F|337/337\n|move|p2a: Hypno|Knock Off|p1a: Whiscash\n|-damage|p1a: Whiscash|258/337\n|-enditem|p1a: Whiscash|Life Orb|[from] move: Knock Off|[of] p2a: Hypno\n|\n|upkeep\n|turn|7\n|\n|t:|1781402586\n|move|p2a: Hypno|Psychic Noise|p1a: Whiscash\n|-damage|p1a: Whiscash|164/337\n|-start|p1a: Whiscash|move: Heal Block\n|move|p1a: Whiscash|Dragon Dance|p1a: Whiscash\n|-boost|p1a: Whiscash|atk|1\n|-boost|p1a: Whiscash|spe|1\n|\n|upkeep\n|turn|8\n|\n|t:|1781402591\n|switch|p2a: Mightyena|Mightyena, L96, M|290/290\n|-damage|p2a: Mightyena|254/290|[from] Stealth Rock\n|-ability|p2a: Mightyena|Intimidate|boost\n|-fail|p1a: Whiscash|unboost|Attack|[from] ability: Oblivious|[of] p1a: Whiscash\n|move|p1a: Whiscash|Earthquake|p2a: Mightyena\n|-damage|p2a: Mightyena|98/290\n|\n|-end|p1a: Whiscash|move: Heal Block\n|upkeep\n|turn|9\n|\n|t:|1781402598\n|move|p2a: Mightyena|Sucker Punch|p1a: Whiscash\n|-damage|p1a: Whiscash|61/337\n|move|p1a: Whiscash|Liquidation|p2a: Mightyena\n|-damage|p2a: Mightyena|0 fnt\n|faint|p2a: Mightyena\n|\n|upkeep\n|\n|t:|1781402610\n|switch|p2a: Hypno|Hypno, L95, F|315/315\n|-damage|p2a: Hypno|276/315|[from] Stealth Rock\n|turn|10\n|\n|t:|1781402618\n|move|p1a: Whiscash|Earthquake|p2a: Hypno\n|-damage|p2a: Hypno|132/315\n|move|p2a: Hypno|Psychic Noise|p1a: Whiscash\n|-damage|p1a: Whiscash|0 fnt\n|faint|p1a: Whiscash\n|\n|-heal|p2a: Hypno|151/315|[from] item: Leftovers\n|upkeep\n|\n|t:|1781402627\n|switch|p1a: Staraptor|Staraptor, L79, F|263/263\n|turn|11\n|\n|t:|1781402634\n|switch|p2a: Dialga|Dialga-Origin, L73|266/266\n|-damage|p2a: Dialga|250/266|[from] Stealth Rock\n|-ability|p2a: Dialga|Pressure\n|move|p1a: Staraptor|Double-Edge|p2a: Dialga\n|-resisted|p2a: Dialga\n|-damage|p2a: Dialga|177/266\n|-damage|p1a: Staraptor|239/263|[from] Recoil\n|\n|upkeep\n|turn|12\n|\n|t:|1781402643\n|switch|p1a: Porygon2|Porygon2, L81|237/270 par\n|-ability|p1a: Porygon2|Download|boost\n|-boost|p1a: Porygon2|spa|1\n|move|p2a: Dialga|Stealth Rock|p1a: Porygon2\n|-sidestart|p1: FashiRn|move: Stealth Rock\n|\n|upkeep\n|turn|13\n|\n|t:|1781402649\n|switch|p2a: Farigiraf|Farigiraf, L90, M|362/362\n|-damage|p2a: Farigiraf|317/362|[from] Stealth Rock\n|move|p1a: Porygon2|Ice Beam|p2a: Farigiraf\n|-crit|p2a: Farigiraf\n|-damage|p2a: Farigiraf|155/362\n|\n|-heal|p2a: Farigiraf|177/362|[from] item: Leftovers\n|upkeep\n|turn|14\n|\n|t:|1781402656\n|move|p2a: Farigiraf|Psychic Noise|p1a: Porygon2\n|-damage|p1a: Porygon2|164/270 par\n|-start|p1a: Porygon2|move: Heal Block\n|move|p1a: Porygon2|Tri Attack|p2a: Farigiraf\n|-damage|p2a: Farigiraf|29/362\n|\n|-heal|p2a: Farigiraf|51/362|[from] item: Leftovers\n|upkeep\n|turn|15\n|\n|t:|1781402663\n|move|p2a: Farigiraf|Body Slam|p1a: Porygon2\n|-damage|p1a: Porygon2|92/270 par\n|cant|p1a: Porygon2|par\n|\n|-heal|p2a: Farigiraf|73/362|[from] item: Leftovers\n|-end|p1a: Porygon2|move: Heal Block\n|upkeep\n|turn|16\n|\n|t:|1781402667\n|move|p2a: Farigiraf|Psychic Noise|p1a: Porygon2\n|-damage|p1a: Porygon2|25/270 par\n|-start|p1a: Porygon2|move: Heal Block\n|move|p1a: Porygon2|Tri Attack|p2a: Farigiraf\n|-damage|p2a: Farigiraf|0 fnt\n|faint|p2a: Farigiraf\n|\n|upkeep\n|\n|t:|1781402672\n|switch|p2a: Pachirisu|Pachirisu, L96, M|176/271\n|-damage|p2a: Pachirisu|143/271|[from] Stealth Rock\n|turn|17\n|\n|t:|1781402690\n|move|p2a: Pachirisu|Thunderbolt|p1a: Porygon2\n|-damage|p1a: Porygon2|0 fnt\n|faint|p1a: Porygon2\n|\n|upkeep\n|\n|t:|1781402703\n|switch|p1a: Staraptor|Staraptor, L79, F|239/263\n|-damage|p1a: Staraptor|174/263|[from] Stealth Rock\n|turn|18\n|\n|t:|1781402709\n|-terastallize|p1a: Staraptor|Fighting\n|move|p1a: Staraptor|Close Combat|p2a: Pachirisu\n|-damage|p2a: Pachirisu|1/271\n|-unboost|p1a: Staraptor|def|1\n|-unboost|p1a: Staraptor|spd|1\n|move|p2a: Pachirisu|Thunderbolt|p1a: Staraptor\n|-damage|p1a: Staraptor|18/263\n|\n|upkeep\n|turn|19\n|\n|t:|1781402714\n|move|p1a: Staraptor|Close Combat|p2a: Pachirisu\n|-damage|p2a: Pachirisu|0 fnt\n|-unboost|p1a: Staraptor|def|1\n|-unboost|p1a: Staraptor|spd|1\n|faint|p2a: Pachirisu\n|\n|upkeep\n|\n|t:|1781402718\n|switch|p2a: Flamigo|Flamigo, L82, F|269/269\n|-damage|p2a: Flamigo|236/269|[from] Stealth Rock\n|turn|20\n|\n|t:|1781402733\n|switch|p1a: Garganacl|Garganacl, L80, F|144/291\n|-damage|p1a: Garganacl|108/291|[from] Stealth Rock\n|move|p2a: Flamigo|Swords Dance|p2a: Flamigo\n|-boost|p2a: Flamigo|atk|2\n|\n|upkeep\n|turn|21\n|\n|t:|1781402749\n|move|p2a: Flamigo|Throat Chop|p1a: Garganacl\n|-damage|p1a: Garganacl|0 fnt\n|faint|p1a: Garganacl\n|-damage|p2a: Flamigo|210/269|[from] item: Life Orb\n|\n|upkeep\n|\n|t:|1781402757\n|switch|p1a: Manaphy|Manaphy, L78|284/284\n|-damage|p1a: Manaphy|249/284|[from] Stealth Rock\n|turn|22\n|\n|t:|1781402762\n|-terastallize|p2a: Flamigo|Fighting\n|move|p1a: Manaphy|Ice Beam|p2a: Flamigo\n|-damage|p2a: Flamigo|132/269\n|move|p2a: Flamigo|Close Combat|p1a: Manaphy\n|-damage|p1a: Manaphy|0 fnt\n|-unboost|p2a: Flamigo|def|1\n|-unboost|p2a: Flamigo|spd|1\n|faint|p1a: Manaphy\n|-damage|p2a: Flamigo|106/269|[from] item: Life Orb\n|\n|upkeep\n|\n|t:|1781402768\n|switch|p1a: Staraptor|Staraptor, L79, F, tera:Fighting|18/263\n|-damage|p1a: Staraptor|2/263|[from] Stealth Rock\n|turn|23\n|\n|t:|1781402771\n|switch|p2a: Dialga|Dialga-Origin, L73|177/266\n|-damage|p2a: Dialga|161/266|[from] Stealth Rock\n|-ability|p2a: Dialga|Pressure\n|move|p1a: Staraptor|Close Combat|p2a: Dialga\n|-supereffective|p2a: Dialga\n|-damage|p2a: Dialga|0 fnt\n|-unboost|p1a: Staraptor|def|1\n|-unboost|p1a: Staraptor|spd|1\n|faint|p2a: Dialga\n|\n|upkeep\n|\n|t:|1781402773\n|switch|p2a: Hypno|Hypno, L95, F|151/315\n|-damage|p2a: Hypno|112/315|[from] Stealth Rock\n|turn|24\n|\n|t:|1781402776\n|move|p1a: Staraptor|Close Combat|p2a: Hypno\n|-resisted|p2a: Hypno\n|-damage|p2a: Hypno|44/315\n|-unboost|p1a: Staraptor|def|1\n|-unboost|p1a: Staraptor|spd|1\n|move|p2a: Hypno|Knock Off|p1a: Staraptor\n|-resisted|p1a: Staraptor\n|-damage|p1a: Staraptor|0 fnt\n|-enditem|p1a: Staraptor|Choice Scarf|[from] move: Knock Off|[of] p2a: Hypno\n|faint|p1a: Staraptor\n|\n|-heal|p2a: Hypno|63/315|[from] item: Leftovers\n|upkeep\n|\n|t:|1781402777\n|switch|p1a: Breloom|Breloom, L83, M|235/235\n|-damage|p1a: Breloom|221/235|[from] Stealth Rock\n|turn|25\n|\n|t:|1781402792\n|move|p1a: Breloom|Mach Punch|p2a: Hypno\n|-resisted|p2a: Hypno\n|-damage|p2a: Hypno|12/315\n|-damage|p1a: Breloom|198/235|[from] item: Life Orb\n|move|p2a: Hypno|Psychic Noise|p1a: Breloom\n|-supereffective|p1a: Breloom\n|-damage|p1a: Breloom|0 fnt\n|faint|p1a: Breloom\n|\n|win|SoCapable\n", "uploadtime": 1781402513, "views": 5, "formatid": "gen9randombattle", "rating": null, "private": 0, "password": null}