{"id": "gen9randombattle-2631790643", "format": "[Gen 9] Random Battle", "players": ["jsjsiis", "joebidenfan1245"], "log": "|j|\u2606jsjsiis\n|j|\u203djoebidenfan1245\n|t:|1781440118\n|gametype|singles\n|player|p1|jsjsiis|1|2031\n|player|p2|joebidenfan1245|265|1968\n|gen|9\n|tier|[Gen 9] Random Battle\n|rated|\n|rule|Species Clause: Limit one of each Pok\u00e9mon\n|rule|HP Percentage Mod: HP is shown in percentages\n|rule|Sleep Clause Mod: Limit one foe put to sleep\n|rule|Illusion Level Mod: Illusion disguises the Pok\u00e9mon's true level\n|\n|t:|1781440118\n|teamsize|p1|6\n|teamsize|p2|6\n|start\n|switch|p1a: Frosmoth|Frosmoth, L82, M|249/249\n|switch|p2a: Urshifu|Urshifu, L74, M|270/270\n|turn|1\n|inactive|Battle timer is ON: inactive players will automatically lose when time's up. (requested by jsjsiis)\n|\n|t:|1781440131\n|move|p2a: Urshifu|Close Combat|p1a: Frosmoth\n|-damage|p1a: Frosmoth|81/249\n|-unboost|p2a: Urshifu|def|1\n|-unboost|p2a: Urshifu|spd|1\n|move|p1a: Frosmoth|Bug Buzz|p2a: Urshifu\n|-damage|p2a: Urshifu|14/270\n|-unboost|p2a: Urshifu|spd|1\n|\n|upkeep\n|turn|2\n|\n|t:|1781440138\n|switch|p1a: Clefable|Clefable, L83, M|293/293\n|move|p2a: Urshifu|Close Combat|p1a: Clefable\n|-resisted|p1a: Clefable\n|-damage|p1a: Clefable|219/293\n|-unboost|p2a: Urshifu|def|1\n|-unboost|p2a: Urshifu|spd|1\n|\n|-heal|p1a: Clefable|237/293|[from] item: Leftovers\n|upkeep\n|turn|3\n|\n|t:|1781440151\n|switch|p2a: Comfey|Comfey, L85, F|225/225\n|move|p1a: Clefable|Thunder Wave|p2a: Comfey\n|-status|p2a: Comfey|par\n|\n|-heal|p1a: Clefable|255/293|[from] item: Leftovers\n|upkeep\n|turn|4\n|\n|t:|1781440161\n|move|p1a: Clefable|Knock Off|p2a: Comfey\n|-resisted|p2a: Comfey\n|-crit|p2a: Comfey\n|-damage|p2a: Comfey|185/225 par\n|-enditem|p2a: Comfey|Leftovers|[from] move: Knock Off|[of] p1a: Clefable\n|cant|p2a: Comfey|par\n|\n|-heal|p1a: Clefable|273/293|[from] item: Leftovers\n|upkeep\n|turn|5\n|\n|t:|1781440164\n|move|p1a: Clefable|Moonblast|p2a: Comfey\n|-damage|p2a: Comfey|100/225 par\n|move|p2a: Comfey|Calm Mind|p2a: Comfey\n|-boost|p2a: Comfey|spa|1\n|-boost|p2a: Comfey|spd|1\n|\n|-heal|p1a: Clefable|291/293|[from] item: Leftovers\n|upkeep\n|turn|6\n|\n|t:|1781440171\n|move|p2a: Comfey|Draining Kiss|p1a: Clefable\n|-damage|p1a: Clefable|242/293\n|-heal|p2a: Comfey|137/225 par|[from] drain|[of] p1a: Clefable\n|move|p1a: Clefable|Moonblast|p2a: Comfey\n|-damage|p2a: Comfey|62/225 par\n|-unboost|p2a: Comfey|spa|1\n|\n|-heal|p1a: Clefable|260/293|[from] item: Leftovers\n|upkeep\n|turn|7\n|\n|t:|1781440188\n|move|p2a: Comfey|Draining Kiss|p1a: Clefable\n|-damage|p1a: Clefable|209/293\n|-heal|p2a: Comfey|100/225 par|[from] drain|[of] p1a: Clefable\n|move|p1a: Clefable|Moonblast|p2a: Comfey\n|-damage|p2a: Comfey|15/225 par\n|\n|-heal|p1a: Clefable|227/293|[from] item: Leftovers\n|upkeep\n|turn|8\n|\n|t:|1781440194\n|cant|p2a: Comfey|par\n|move|p1a: Clefable|Moonblast|p2a: Comfey\n|-damage|p2a: Comfey|0 fnt\n|faint|p2a: Comfey\n|\n|-heal|p1a: Clefable|245/293|[from] item: Leftovers\n|upkeep\n|\n|t:|1781440204\n|switch|p2a: Emboar|Emboar, L84, F|322/322\n|turn|9\n|\n|t:|1781440207\n|move|p2a: Emboar|Flare Blitz|p1a: Clefable\n|-damage|p1a: Clefable|46/293\n|-damage|p2a: Emboar|256/322|[from] Recoil\n|move|p1a: Clefable|Thunder Wave|p2a: Emboar|[miss]\n|-miss|p1a: Clefable|p2a: Emboar\n|\n|-heal|p2a: Emboar|276/322|[from] item: Leftovers\n|-heal|p1a: Clefable|64/293|[from] item: Leftovers\n|upkeep\n|turn|10\n|\n|t:|1781440213\n|move|p2a: Emboar|Flare Blitz|p1a: Clefable\n|-damage|p1a: Clefable|0 fnt\n|faint|p1a: Clefable\n|-damage|p2a: Emboar|255/322|[from] Recoil\n|\n|-heal|p2a: Emboar|275/322|[from] item: Leftovers\n|upkeep\n|\n|t:|1781440221\n|switch|p1a: Lugia|Lugia, L73|275/275\n|turn|11\n|\n|t:|1781440231\n|switch|p2a: Drednaw|Drednaw, L81, F|278/278\n|move|p1a: Lugia|Aeroblast|p2a: Drednaw\n|-resisted|p2a: Drednaw\n|-damage|p2a: Drednaw|229/278\n|\n|upkeep\n|turn|12\n|\n|t:|1781440239\n|switch|p1a: Manaphy|Manaphy, L78|284/284\n|move|p2a: Drednaw|Shell Smash|p2a: Drednaw\n|-unboost|p2a: Drednaw|def|1\n|-unboost|p2a: Drednaw|spd|1\n|-boost|p2a: Drednaw|atk|2\n|-boost|p2a: Drednaw|spa|2\n|-boost|p2a: Drednaw|spe|2\n|-enditem|p2a: Drednaw|White Herb\n|-clearnegativeboost|p2a: Drednaw|[silent]\n|\n|upkeep\n|turn|13\n|\n|t:|1781440245\n|move|p2a: Drednaw|Stone Edge|p1a: Manaphy\n|-damage|p1a: Manaphy|52/284\n|move|p1a: Manaphy|Energy Ball|p2a: Drednaw\n|-supereffective|p2a: Drednaw\n|-damage|p2a: Drednaw|0 fnt\n|faint|p2a: Drednaw\n|\n|-heal|p1a: Manaphy|69/284|[from] item: Leftovers\n|upkeep\n|\n|t:|1781440260\n|switch|p2a: Urshifu|Urshifu, L74, M|14/270\n|turn|14\n|\n|t:|1781440268\n|switch|p1a: Frosmoth|Frosmoth, L82, M|81/249\n|move|p2a: Urshifu|Wicked Blow|p1a: Frosmoth\n|-crit|p1a: Frosmoth\n|-damage|p1a: Frosmoth|0 fnt\n|faint|p1a: Frosmoth\n|\n|upkeep\n|\n|t:|1781440274\n|switch|p1a: Archaludon|Archaludon, L78, F|268/268\n|turn|15\n|\n|t:|1781440280\n|switch|p2a: Emboar|Emboar, L84, F|275/322\n|move|p1a: Archaludon|Earthquake|p2a: Emboar\n|-supereffective|p2a: Emboar\n|-damage|p2a: Emboar|123/322\n|\n|-heal|p2a: Emboar|143/322|[from] item: Leftovers\n|upkeep\n|turn|16\n|\n|t:|1781440284\n|move|p1a: Archaludon|Earthquake|p2a: Emboar\n|-supereffective|p2a: Emboar\n|-damage|p2a: Emboar|0 fnt\n|faint|p2a: Emboar\n|\n|upkeep\n|\n|t:|1781440299\n|switch|p2a: Darkrai|Darkrai, L77|234/234\n|turn|17\n|\n|t:|1781440310\n|move|p2a: Darkrai|Focus Blast|p1a: Archaludon\n|-supereffective|p1a: Archaludon\n|-damage|p1a: Archaludon|0 fnt\n|faint|p1a: Archaludon\n|-damage|p2a: Darkrai|211/234|[from] item: Life Orb\n|\n|upkeep\n|\n|t:|1781440317\n|switch|p1a: Lugia|Lugia, L73|275/275\n|turn|18\n|\n|t:|1781440323\n|-terastallize|p1a: Lugia|Steel\n|move|p2a: Darkrai|Dark Pulse|p1a: Lugia\n|-damage|p1a: Lugia|233/275\n|-damage|p2a: Darkrai|188/234|[from] item: Life Orb\n|move|p1a: Lugia|Aeroblast|p2a: Darkrai\n|-damage|p2a: Darkrai|109/234\n|\n|upkeep\n|turn|19\n|\n|t:|1781440331\n|move|p2a: Darkrai|Focus Blast|p1a: Lugia|[miss]\n|-miss|p2a: Darkrai|p1a: Lugia\n|move|p1a: Lugia|Aeroblast|p2a: Darkrai\n|-damage|p2a: Darkrai|22/234\n|\n|upkeep\n|turn|20\n|\n|t:|1781440336\n|move|p2a: Darkrai|Focus Blast|p1a: Lugia\n|-supereffective|p1a: Lugia\n|-damage|p1a: Lugia|56/275\n|-damage|p2a: Darkrai|0 fnt|[from] item: Life Orb\n|faint|p2a: Darkrai\n|move|p1a: Lugia|Aeroblast|p2: Darkrai|[notarget]\n|-fail|p1a: Lugia\n|\n|upkeep\n|\n|t:|1781440340\n|switch|p2a: Urshifu|Urshifu, L74, M|14/270\n|turn|21\n|\n|t:|1781440345\n|move|p2a: Urshifu|Wicked Blow|p1a: Lugia\n|-crit|p1a: Lugia\n|-damage|p1a: Lugia|0 fnt\n|faint|p1a: Lugia\n|\n|upkeep\n|\n|t:|1781440348\n|switch|p1a: Manaphy|Manaphy, L78|69/284\n|turn|22\n|\n|t:|1781440351\n|move|p2a: Urshifu|Wicked Blow|p1a: Manaphy\n|-crit|p1a: Manaphy\n|-damage|p1a: Manaphy|0 fnt\n|faint|p1a: Manaphy\n|\n|upkeep\n|\n|t:|1781440353\n|switch|p1a: Indeedee|Indeedee, L84, M|238/238\n|-fieldstart|move: Psychic Terrain|[from] ability: Psychic Surge|[of] p1a: Indeedee\n|turn|23\n|\n|t:|1781440357\n|move|p2a: Urshifu|Wicked Blow|p1a: Indeedee\n|-supereffective|p1a: Indeedee\n|-crit|p1a: Indeedee\n|-damage|p1a: Indeedee|0 fnt\n|faint|p1a: Indeedee\n|\n|win|joebidenfan1245\n", "uploadtime": 1781440120, "views": 7, "formatid": "gen9randombattle", "rating": null, "private": 0, "password": null}