{"id": "gen9randombattle-2631543711", "format": "[Gen 9] Random Battle", "players": ["Spectrumy", "turks and jerks"], "log": "|badge|p2|silver|gen9nu|30-9\n|badge|p2|silver|gen9pu|30-9\n|uhtml|medal-msg|<div class=\"broadcast-blue\">Curious what those medals under the avatar are? PS now has Ladder Seasons! For more information, check out the <a href=\"https://www.smogon.com/forums/threads/3740067/\">thread on Smogon.</a></div>\n|j|\u2606Spectrumy\n|j|\u2606turks and jerks\n|t:|1781399105\n|gametype|singles\n|player|p1|Spectrumy|1|1909\n|player|p2|turks and jerks|emma|1925\n|gen|9\n|tier|[Gen 9] Random Battle\n|rated|\n|rule|Species Clause: Limit one of each Pok\u00e9mon\n|rule|HP Percentage Mod: HP is shown in percentages\n|rule|Sleep Clause Mod: Limit one foe put to sleep\n|rule|Illusion Level Mod: Illusion disguises the Pok\u00e9mon's true level\n|\n|t:|1781399105\n|teamsize|p1|6\n|teamsize|p2|6\n|start\n|switch|p1a: Tauros|Tauros-Paldea-Aqua, L81, M|252/252\n|switch|p2a: Dachsbun|Dachsbun, L92, M|254/254\n|turn|1\n|inactive|Battle timer is ON: inactive players will automatically lose when time's up. (requested by turks and jerks)\n|\n|t:|1781399129\n|switch|p1a: Araquanid|Araquanid, L82, M|246/246\n|move|p2a: Dachsbun|Play Rough|p1a: Araquanid\n|-damage|p1a: Araquanid|155/246\n|-unboost|p1a: Araquanid|atk|1\n|\n|upkeep\n|turn|2\n|\n|t:|1781399138\n|move|p2a: Dachsbun|Play Rough|p1a: Araquanid\n|-damage|p1a: Araquanid|65/246\n|move|p1a: Araquanid|Sticky Web|p2a: Dachsbun\n|-sidestart|p2: turks and jerks|move: Sticky Web\n|\n|upkeep\n|turn|3\n|\n|t:|1781399151\n|move|p2a: Dachsbun|Play Rough|p1a: Araquanid|[miss]\n|-miss|p2a: Dachsbun|p1a: Araquanid\n|move|p1a: Araquanid|Hydro Pump|p2a: Dachsbun|[miss]\n|-miss|p1a: Araquanid|p2a: Dachsbun\n|\n|upkeep\n|turn|4\n|\n|t:|1781399155\n|move|p2a: Dachsbun|Play Rough|p1a: Araquanid\n|-damage|p1a: Araquanid|0 fnt\n|faint|p1a: Araquanid\n|\n|upkeep\n|\n|t:|1781399175\n|switch|p1a: Lurantis|Lurantis, L87, F|264/264\n|turn|5\n|\n|t:|1781399189\n|move|p2a: Dachsbun|Play Rough|p1a: Lurantis\n|-damage|p1a: Lurantis|173/264\n|move|p1a: Lurantis|Leaf Storm|p2a: Dachsbun\n|-damage|p2a: Dachsbun|124/254\n|-boost|p1a: Lurantis|spa|2\n|\n|-heal|p2a: Dachsbun|139/254|[from] item: Leftovers\n|upkeep\n|turn|6\n|\n|t:|1781399201\n|move|p2a: Dachsbun|Play Rough|p1a: Lurantis\n|-damage|p1a: Lurantis|82/264\n|move|p1a: Lurantis|Leaf Storm|p2a: Dachsbun\n|-damage|p2a: Dachsbun|0 fnt\n|-boost|p1a: Lurantis|spa|2\n|faint|p2a: Dachsbun\n|\n|upkeep\n|\n|t:|1781399211\n|switch|p2a: Solgaleo|Solgaleo, L74|325/325\n|-activate|p2a: Solgaleo|move: Sticky Web\n|-fail|p2a: Solgaleo|unboost|[from] ability: Full Metal Body|[of] p2a: Solgaleo\n|turn|7\n|\n|t:|1781399225\n|move|p2a: Solgaleo|Sunsteel Strike|p1a: Lurantis\n|-damage|p1a: Lurantis|0 fnt\n|faint|p1a: Lurantis\n|\n|upkeep\n|\n|t:|1781399235\n|switch|p1a: Grimmsnarl|Grimmsnarl, L83, M|293/293\n|turn|8\n|\n|t:|1781399239\n|move|p1a: Grimmsnarl|Reflect|p1a: Grimmsnarl\n|-sidestart|p1: Spectrumy|Reflect\n|move|p2a: Solgaleo|Sunsteel Strike|p1a: Grimmsnarl\n|-supereffective|p1a: Grimmsnarl\n|-damage|p1a: Grimmsnarl|166/293\n|\n|upkeep\n|turn|9\n|\n|t:|1781399245\n|move|p1a: Grimmsnarl|Light Screen|p1a: Grimmsnarl\n|-sidestart|p1: Spectrumy|move: Light Screen\n|move|p2a: Solgaleo|Knock Off|p1a: Grimmsnarl\n|-resisted|p1a: Grimmsnarl\n|-damage|p1a: Grimmsnarl|156/293\n|-enditem|p1a: Grimmsnarl|Light Clay|[from] move: Knock Off|[of] p2a: Solgaleo\n|\n|upkeep\n|turn|10\n|\n|t:|1781399249\n|move|p1a: Grimmsnarl|Parting Shot|p2a: Solgaleo\n|-fail|p2a: Solgaleo|unboost|[from] ability: Full Metal Body|[of] p2a: Solgaleo\n|move|p2a: Solgaleo|Teleport|p2a: Solgaleo\n|\n|t:|1781399259\n|switch|p2a: Hypno|Hypno, L95, M|315/315|[from] Teleport\n|-activate|p2a: Hypno|move: Sticky Web\n|-unboost|p2a: Hypno|spe|1\n|\n|upkeep\n|turn|11\n|\n|t:|1781399265\n|switch|p2a: Solgaleo|Solgaleo, L74|325/325\n|-activate|p2a: Solgaleo|move: Sticky Web\n|-fail|p2a: Solgaleo|unboost|[from] ability: Full Metal Body|[of] p2a: Solgaleo\n|move|p1a: Grimmsnarl|Parting Shot|p2a: Solgaleo\n|-fail|p2a: Solgaleo|unboost|[from] ability: Full Metal Body|[of] p2a: Solgaleo\n|\n|upkeep\n|turn|12\n|\n|t:|1781399276\n|switch|p1a: Tauros|Tauros-Paldea-Aqua, L81, M|252/252\n|move|p2a: Solgaleo|Teleport|p2a: Solgaleo\n|\n|t:|1781399283\n|switch|p2a: Hypno|Hypno, L95, M|315/315|[from] Teleport\n|-activate|p2a: Hypno|move: Sticky Web\n|-unboost|p2a: Hypno|spe|1\n|\n|upkeep\n|turn|13\n|\n|t:|1781399296\n|-terastallize|p1a: Tauros|Steel\n|move|p1a: Tauros|Bulk Up|p1a: Tauros\n|-boost|p1a: Tauros|atk|1\n|-boost|p1a: Tauros|def|1\n|move|p2a: Hypno|Thunder Wave|p1a: Tauros\n|-status|p1a: Tauros|par\n|\n|upkeep\n|turn|14\n|\n|t:|1781399307\n|move|p2a: Hypno|Encore|p1a: Tauros\n|-start|p1a: Tauros|Encore\n|cant|p1a: Tauros|par\n|\n|upkeep\n|turn|15\n|-message|Spectrumy forfeited.\n|\n|win|turks and jerks\n", "uploadtime": 1781399107, "views": 6, "formatid": "gen9randombattle", "rating": null, "private": 0, "password": null}