{"id": "gen9randombattle-2631374598", "format": "[Gen 9] Random Battle", "players": ["retnas11", "DIAPERABUSER2009"], "log": "|j|\u2606retnas11\n|j|\u2606DIAPERABUSER2009\n|t:|1781377156\n|gametype|singles\n|player|p1|retnas11|swimmer-gen4dp|1964\n|player|p2|DIAPERABUSER2009|flannery|1901\n|gen|9\n|tier|[Gen 9] Random Battle\n|rated|\n|rule|Species Clause: Limit one of each Pok\u00e9mon\n|rule|HP Percentage Mod: HP is shown in percentages\n|rule|Sleep Clause Mod: Limit one foe put to sleep\n|rule|Illusion Level Mod: Illusion disguises the Pok\u00e9mon's true level\n|\n|t:|1781377156\n|teamsize|p1|6\n|teamsize|p2|6\n|start\n|switch|p1a: Rabsca|Rabsca, L91, F|284/284\n|switch|p2a: Magearna|Magearna, L77|250/250\n|turn|1\n|inactive|Battle timer is ON: inactive players will automatically lose when time's up. (requested by retnas11)\n|\n|t:|1781377176\n|switch|p2a: Articuno|Articuno, L86|295/295\n|-ability|p2a: Articuno|Pressure\n|switch|p1a: Whiscash|Whiscash, L88, M|337/337\n|\n|upkeep\n|turn|2\n|\n|t:|1781377180\n|switch|p1a: Heatran|Heatran, L79, M|273/273\n|move|p2a: Articuno|Freeze-Dry|p1a: Heatran\n|-resisted|p1a: Heatran\n|-damage|p1a: Heatran|262/273\n|\n|upkeep\n|turn|3\n|\n|t:|1781377195\n|switch|p2a: Groudon|Groudon, L72|263/263\n|-weather|SunnyDay|[from] ability: Drought|[of] p2a: Groudon\n|move|p1a: Heatran|Magma Storm|p2a: Groudon\n|-damage|p2a: Groudon|56/263\n|-activate|p2a: Groudon|move: Magma Storm|[of] p1a: Heatran\n|\n|-weather|SunnyDay|[upkeep]\n|-heal|p2a: Groudon|72/263|[from] item: Leftovers\n|-damage|p2a: Groudon|40/263|[from] move: Magma Storm|[partiallytrapped]\n|upkeep\n|turn|4\n|\n|t:|1781377206\n|switch|p1a: Whiscash|Whiscash, L88, M|337/337\n|move|p2a: Groudon|Spikes|p1a: Whiscash\n|-sidestart|p1: retnas11|Spikes\n|\n|-weather|SunnyDay|[upkeep]\n|-heal|p2a: Groudon|56/263|[from] item: Leftovers\n|-end|p2a: Groudon|Magma Storm|[partiallytrapped]|[silent]\n|upkeep\n|turn|5\n|\n|t:|1781377210\n|move|p2a: Groudon|Will-O-Wisp|p1a: Whiscash\n|-status|p1a: Whiscash|brn\n|move|p1a: Whiscash|Stealth Rock|p2a: Groudon\n|-sidestart|p2: DIAPERABUSER2009|move: Stealth Rock\n|\n|-weather|SunnyDay|[upkeep]\n|-heal|p2a: Groudon|72/263|[from] item: Leftovers\n|-damage|p1a: Whiscash|316/337 brn|[from] brn\n|upkeep\n|turn|6\n|\n|t:|1781377214\n|move|p2a: Groudon|Spikes|p1a: Whiscash\n|-sidestart|p1: retnas11|Spikes\n|move|p1a: Whiscash|Hydro Pump|p2a: Groudon|[miss]\n|-miss|p1a: Whiscash|p2a: Groudon\n|\n|-weather|SunnyDay|[upkeep]\n|-heal|p2a: Groudon|88/263|[from] item: Leftovers\n|-heal|p1a: Whiscash|337/337 brn|[from] item: Leftovers\n|-damage|p1a: Whiscash|316/337 brn|[from] brn\n|upkeep\n|turn|7\n|\n|t:|1781377216\n|move|p2a: Groudon|Spikes|p1a: Whiscash\n|-sidestart|p1: retnas11|Spikes\n|move|p1a: Whiscash|Spikes|p2a: Groudon\n|-sidestart|p2: DIAPERABUSER2009|Spikes\n|\n|-weather|none\n|-heal|p2a: Groudon|104/263|[from] item: Leftovers\n|-heal|p1a: Whiscash|337/337 brn|[from] item: Leftovers\n|-damage|p1a: Whiscash|316/337 brn|[from] brn\n|upkeep\n|turn|8\n|\n|t:|1781377237\n|move|p2a: Groudon|Precipice Blades|p1a: Whiscash\n|-damage|p1a: Whiscash|174/337 brn\n|move|p1a: Whiscash|Spikes|p2a: Groudon\n|-sidestart|p2: DIAPERABUSER2009|Spikes\n|\n|-heal|p2a: Groudon|120/263|[from] item: Leftovers\n|-heal|p1a: Whiscash|195/337 brn|[from] item: Leftovers\n|-damage|p1a: Whiscash|174/337 brn|[from] brn\n|upkeep\n|turn|9\n|\n|t:|1781377242\n|move|p2a: Groudon|Precipice Blades|p1a: Whiscash\n|-damage|p1a: Whiscash|38/337 brn\n|move|p1a: Whiscash|Hydro Pump|p2a: Groudon\n|-supereffective|p2a: Groudon\n|-crit|p2a: Groudon\n|-damage|p2a: Groudon|0 fnt\n|faint|p2a: Groudon\n|\n|-heal|p1a: Whiscash|59/337 brn|[from] item: Leftovers\n|-damage|p1a: Whiscash|38/337 brn|[from] brn\n|upkeep\n|\n|t:|1781377262\n|switch|p2a: Ribombee|Ribombee, L83, M|235/235\n|turn|10\n|\n|t:|1781377269\n|move|p2a: Ribombee|Quiver Dance|p2a: Ribombee\n|-boost|p2a: Ribombee|spa|1\n|-boost|p2a: Ribombee|spd|1\n|-boost|p2a: Ribombee|spe|1\n|move|p1a: Whiscash|Spikes|p2a: Ribombee\n|-sidestart|p2: DIAPERABUSER2009|Spikes\n|\n|-heal|p1a: Whiscash|59/337 brn|[from] item: Leftovers\n|-damage|p1a: Whiscash|38/337 brn|[from] brn\n|upkeep\n|turn|11\n|\n|t:|1781377283\n|switch|p1a: Garganacl|Garganacl, L80, M|291/291\n|-damage|p1a: Garganacl|219/291|[from] Spikes\n|move|p2a: Ribombee|Quiver Dance|p2a: Ribombee\n|-boost|p2a: Ribombee|spa|1\n|-boost|p2a: Ribombee|spd|1\n|-boost|p2a: Ribombee|spe|1\n|\n|-heal|p1a: Garganacl|237/291|[from] item: Leftovers\n|upkeep\n|turn|12\n|\n|t:|1781377293\n|-terastallize|p2a: Ribombee|Ground\n|-terastallize|p1a: Garganacl|Ghost\n|move|p2a: Ribombee|Tera Blast|p1a: Garganacl|[anim] Tera Blast Ground\n|-damage|p1a: Garganacl|77/291\n|move|p1a: Garganacl|Salt Cure|p2a: Ribombee\n|-resisted|p2a: Ribombee\n|-damage|p2a: Ribombee|208/235\n|\n|-heal|p1a: Garganacl|95/291|[from] item: Leftovers\n|upkeep\n|turn|13\n|\n|t:|1781377315\n|move|p2a: Ribombee|Quiver Dance|p2a: Ribombee\n|-boost|p2a: Ribombee|spa|1\n|-boost|p2a: Ribombee|spd|1\n|-boost|p2a: Ribombee|spe|1\n|move|p1a: Garganacl|Recover|p1a: Garganacl\n|-heal|p1a: Garganacl|241/291\n|\n|-heal|p1a: Garganacl|259/291|[from] item: Leftovers\n|upkeep\n|turn|14\n|\n|t:|1781377320\n|move|p2a: Ribombee|Quiver Dance|p2a: Ribombee\n|-boost|p2a: Ribombee|spa|1\n|-boost|p2a: Ribombee|spd|1\n|-boost|p2a: Ribombee|spe|1\n|move|p1a: Garganacl|Body Press|p2a: Ribombee\n|-damage|p2a: Ribombee|127/235\n|\n|-heal|p1a: Garganacl|277/291|[from] item: Leftovers\n|upkeep\n|turn|15\n|\n|t:|1781377322\n|move|p2a: Ribombee|Moonblast|p1a: Garganacl\n|-damage|p1a: Garganacl|0 fnt\n|faint|p1a: Garganacl\n|\n|upkeep\n|\n|t:|1781377325\n|switch|p1a: Grumpig|Grumpig, L92, F|297/297\n|-damage|p1a: Grumpig|223/297|[from] Spikes\n|turn|16\n|\n|t:|1781377329\n|move|p2a: Ribombee|Bug Buzz|p1a: Grumpig\n|-supereffective|p1a: Grumpig\n|-damage|p1a: Grumpig|0 fnt\n|faint|p1a: Grumpig\n|\n|upkeep\n|-message|retnas11 forfeited.\n|\n|win|DIAPERABUSER2009\n", "uploadtime": 1781377157, "views": 6, "formatid": "gen9randombattle", "rating": null, "private": 0, "password": null}