{"id": "gen9randombattle-2631588031", "format": "[Gen 9] Random Battle", "players": ["lemontheheavens", "fungusphil"], "log": "|j|\u2606lemontheheavens\n|j|\u2606fungusphil\n|t:|1781405187\n|gametype|singles\n|player|p1|lemontheheavens|101|2038\n|player|p2|fungusphil|pokemaniac|2028\n|gen|9\n|tier|[Gen 9] Random Battle\n|rated|\n|rule|Species Clause: Limit one of each Pok\u00e9mon\n|rule|HP Percentage Mod: HP is shown in percentages\n|rule|Sleep Clause Mod: Limit one foe put to sleep\n|rule|Illusion Level Mod: Illusion disguises the Pok\u00e9mon's true level\n|\n|t:|1781405187\n|teamsize|p1|6\n|teamsize|p2|6\n|start\n|switch|p1a: Donphan|Donphan, L84, F|288/288\n|switch|p2a: Scyther|Scyther, L82, M|249/249\n|turn|1\n|inactive|Battle timer is ON: inactive players will automatically lose when time's up. (requested by fungusphil)\n|\n|t:|1781405194\n|move|p2a: Scyther|U-turn|p1a: Donphan\n|-damage|p1a: Donphan|224/288\n|\n|t:|1781405200\n|switch|p2a: Arceus|Arceus-Grass, L73|296/296|[from] U-turn\n|move|p1a: Donphan|Knock Off|p2a: Arceus\n|-damage|p2a: Arceus|243/296\n|\n|upkeep\n|turn|2\n|\n|t:|1781405211\n|switch|p1a: Gengar|Gengar, L81, M|230/230\n|move|p2a: Arceus|Fire Blast|p1a: Gengar\n|-crit|p1a: Gengar\n|-damage|p1a: Gengar|95/230\n|\n|upkeep\n|turn|3\n|\n|t:|1781405222\n|switch|p2a: Bastiodon|Bastiodon, L89, F|252/252\n|move|p1a: Gengar|Sludge Wave|p2a: Bastiodon\n|-immune|p2a: Bastiodon\n|\n|upkeep\n|turn|4\n|\n|t:|1781405230\n|switch|p1a: Lumineon|Lumineon, L93, F|279/279\n|switch|p2a: Trevenant|Trevenant, L89, M|296/296\n|\n|upkeep\n|turn|5\n|\n|t:|1781405256\n|switch|p1a: Oinkologne|Oinkologne-F, L92, F|361/361\n|move|p2a: Trevenant|Poltergeist|p1a: Oinkologne\n|-immune|p1a: Oinkologne\n|\n|upkeep\n|turn|6\n|\n|t:|1781405271\n|move|p1a: Oinkologne|Curse|p1a: Oinkologne\n|-unboost|p1a: Oinkologne|spe|1\n|-boost|p1a: Oinkologne|atk|1\n|-boost|p1a: Oinkologne|def|1\n|move|p2a: Trevenant|Toxic|p1a: Oinkologne\n|-status|p1a: Oinkologne|tox\n|\n|-damage|p1a: Oinkologne|339/361 tox|[from] psn\n|upkeep\n|turn|7\n|\n|t:|1781405278\n|move|p2a: Trevenant|Drain Punch|p1a: Oinkologne\n|-supereffective|p1a: Oinkologne\n|-damage|p1a: Oinkologne|251/361 tox\n|move|p1a: Oinkologne|Curse|p1a: Oinkologne\n|-unboost|p1a: Oinkologne|spe|1\n|-boost|p1a: Oinkologne|atk|1\n|-boost|p1a: Oinkologne|def|1\n|\n|-heal|p1a: Oinkologne|273/361 tox|[from] item: Leftovers\n|-damage|p1a: Oinkologne|229/361 tox|[from] psn\n|upkeep\n|turn|8\n|\n|t:|1781405284\n|switch|p1a: Gengar|Gengar, L81, M|95/230\n|move|p2a: Trevenant|Protect||[still]\n|-fail|p2a: Trevenant\n|\n|upkeep\n|turn|9\n|\n|t:|1781405288\n|move|p2a: Trevenant|Protect|p2a: Trevenant\n|-singleturn|p2a: Trevenant|Protect\n|move|p1a: Gengar|Toxic Spikes|p2a: Trevenant\n|-sidestart|p2: fungusphil|move: Toxic Spikes\n|\n|upkeep\n|turn|10\n|\n|t:|1781405291\n|move|p1a: Gengar|Shadow Ball|p2a: Trevenant\n|-supereffective|p2a: Trevenant\n|-damage|p2a: Trevenant|23/296\n|-enditem|p2a: Trevenant|Sitrus Berry|[eat]\n|-heal|p2a: Trevenant|97/296|[from] item: Sitrus Berry\n|-damage|p1a: Gengar|72/230|[from] item: Life Orb\n|move|p2a: Trevenant|Poltergeist|p1a: Gengar\n|-activate|p1a: Gengar|move: Poltergeist|Life Orb\n|-supereffective|p1a: Gengar\n|-damage|p1a: Gengar|0 fnt\n|faint|p1a: Gengar\n|\n|-item|p2a: Trevenant|Sitrus Berry|[from] ability: Harvest\n|upkeep\n|-enditem|p2a: Trevenant|Sitrus Berry|[eat]\n|-heal|p2a: Trevenant|171/296|[from] item: Sitrus Berry\n|\n|t:|1781405299\n|switch|p1a: Oricorio|Oricorio, L84, F|263/263\n|turn|11\n|\n|t:|1781405302\n|move|p1a: Oricorio|Revelation Dance|p2a: Trevenant\n|-supereffective|p2a: Trevenant\n|-crit|p2a: Trevenant\n|-damage|p2a: Trevenant|0 fnt\n|faint|p2a: Trevenant\n|\n|upkeep\n|\n|t:|1781405320\n|switch|p2a: Scyther|Scyther, L82, M|249/249\n|turn|12\n|\n|t:|1781405323\n|move|p2a: Scyther|Defog|p1a: Oricorio\n|-unboost|p1a: Oricorio|evasion|1\n|-sideend|p2: fungusphil|Toxic Spikes|[from] move: Defog|[of] p2a: Scyther\n|move|p1a: Oricorio|Quiver Dance|p1a: Oricorio\n|-boost|p1a: Oricorio|spa|1\n|-boost|p1a: Oricorio|spd|1\n|-boost|p1a: Oricorio|spe|1\n|\n|upkeep\n|turn|13\n|\n|t:|1781405327\n|switch|p2a: Dondozo|Dondozo, L78, F|362/362\n|move|p1a: Oricorio|Revelation Dance|p2a: Dondozo\n|-resisted|p2a: Dondozo\n|-damage|p2a: Dondozo|293/362\n|\n|-heal|p2a: Dondozo|315/362|[from] item: Leftovers\n|upkeep\n|turn|14\n|\n|t:|1781405340\n|switch|p1a: Lumineon|Lumineon, L93, F|279/279\n|move|p2a: Dondozo|Curse|p2a: Dondozo\n|-unboost|p2a: Dondozo|spe|1\n|-boost|p2a: Dondozo|atk|1\n|-boost|p2a: Dondozo|def|1\n|\n|-heal|p2a: Dondozo|337/362|[from] item: Leftovers\n|upkeep\n|turn|15\n|\n|t:|1781405344\n|switch|p2a: Empoleon|Empoleon, L84, M|278/278\n|move|p1a: Lumineon|Ice Beam|p2a: Empoleon\n|-resisted|p2a: Empoleon\n|-damage|p2a: Empoleon|260/278\n|-damage|p1a: Lumineon|252/279|[from] item: Life Orb\n|\n|-heal|p2a: Empoleon|277/278|[from] item: Leftovers\n|upkeep\n|turn|16\n|\n|t:|1781405359\n|switch|p1a: Oinkologne|Oinkologne-F, L92, F|229/361 tox\n|move|p2a: Empoleon|Yawn||[still]\n|-fail|p2a: Empoleon\n|\n|-heal|p1a: Oinkologne|251/361 tox|[from] item: Leftovers\n|-heal|p2a: Empoleon|278/278|[from] item: Leftovers\n|-damage|p1a: Oinkologne|229/361 tox|[from] psn\n|upkeep\n|turn|17\n|\n|t:|1781405364\n|move|p1a: Oinkologne|Body Slam|p2a: Empoleon\n|-resisted|p2a: Empoleon\n|-damage|p2a: Empoleon|227/278\n|move|p2a: Empoleon|Ice Beam|p1a: Oinkologne\n|-damage|p1a: Oinkologne|165/361 tox\n|\n|-heal|p1a: Oinkologne|187/361 tox|[from] item: Leftovers\n|-heal|p2a: Empoleon|244/278|[from] item: Leftovers\n|-damage|p1a: Oinkologne|143/361 tox|[from] psn\n|upkeep\n|turn|18\n|\n|t:|1781405373\n|move|p1a: Oinkologne|Rest|p1a: Oinkologne\n|-status|p1a: Oinkologne|slp|[from] move: Rest\n|-heal|p1a: Oinkologne|361/361 slp|[silent]\n|move|p2a: Empoleon|Surf|p1a: Oinkologne\n|-damage|p1a: Oinkologne|258/361 slp\n|\n|-heal|p1a: Oinkologne|280/361 slp|[from] item: Leftovers\n|-heal|p2a: Empoleon|261/278|[from] item: Leftovers\n|upkeep\n|turn|19\n|\n|t:|1781405379\n|switch|p2a: Bastiodon|Bastiodon, L89, F|252/252\n|cant|p1a: Oinkologne|slp\n|move|p1a: Oinkologne|Sleep Talk|p1a: Oinkologne\n|move|p1a: Oinkologne|Body Slam|p2a: Bastiodon|[from] move: Sleep Talk\n|-resisted|p2a: Bastiodon\n|-damage|p2a: Bastiodon|239/252\n|\n|-heal|p1a: Oinkologne|302/361 slp|[from] item: Leftovers\n|upkeep\n|turn|20\n|\n|t:|1781405386\n|switch|p1a: Donphan|Donphan, L84, F|224/288\n|move|p2a: Bastiodon|Iron Defense|p2a: Bastiodon\n|-boost|p2a: Bastiodon|def|2\n|\n|upkeep\n|turn|21\n|\n|t:|1781405395\n|switch|p2a: Arceus|Arceus-Grass, L73|243/296\n|move|p1a: Donphan|Earthquake|p2a: Arceus\n|-resisted|p2a: Arceus\n|-damage|p2a: Arceus|192/296\n|\n|upkeep\n|turn|22\n|\n|t:|1781405419\n|switch|p2a: Scyther|Scyther, L82, M|249/249\n|switch|p1a: Oricorio|Oricorio, L84, F|263/263\n|\n|upkeep\n|turn|23\n|\n|t:|1781405425\n|move|p2a: Scyther|Dual Wingbeat|p1a: Oricorio\n|-damage|p1a: Oricorio|184/263\n|-damage|p1a: Oricorio|105/263\n|-hitcount|p1a: Oricorio|2\n|move|p1a: Oricorio|Revelation Dance|p2a: Scyther\n|-supereffective|p2a: Scyther\n|-damage|p2a: Scyther|39/249\n|\n|upkeep\n|turn|24\n|\n|t:|1781405430\n|switch|p1a: Donphan|Donphan, L84, F|224/288\n|move|p2a: Scyther|Dual Wingbeat|p1a: Donphan\n|-damage|p1a: Donphan|173/288\n|-damage|p1a: Donphan|119/288\n|-hitcount|p1a: Donphan|2\n|\n|upkeep\n|turn|25\n|\n|t:|1781405440\n|move|p1a: Donphan|Ice Shard|p2a: Scyther\n|-supereffective|p2a: Scyther\n|-damage|p2a: Scyther|0 fnt\n|faint|p2a: Scyther\n|\n|upkeep\n|\n|t:|1781405456\n|switch|p2a: Arceus|Arceus-Grass, L73|192/296\n|turn|26\n|\n|t:|1781405477\n|switch|p2a: Empoleon|Empoleon, L84, M|261/278\n|move|p1a: Donphan|Ice Shard|p2a: Empoleon\n|-resisted|p2a: Empoleon\n|-damage|p2a: Empoleon|252/278\n|\n|-heal|p2a: Empoleon|269/278|[from] item: Leftovers\n|upkeep\n|turn|27\n|\n|t:|1781405491\n|move|p2a: Empoleon|Ice Beam|p1a: Donphan\n|-supereffective|p1a: Donphan\n|-damage|p1a: Donphan|0 fnt\n|faint|p1a: Donphan\n|\n|-heal|p2a: Empoleon|278/278|[from] item: Leftovers\n|upkeep\n|\n|t:|1781405509\n|switch|p1a: Venomoth|Venomoth, L84, M|255/255\n|turn|28\n|inactive|fungusphil has 120 seconds left.\n|\n|t:|1781405555\n|move|p1a: Venomoth|Sleep Powder|p2a: Empoleon\n|-status|p2a: Empoleon|slp|[from] move: Sleep Powder\n|cant|p2a: Empoleon|slp\n|\n|upkeep\n|turn|29\n|\n|t:|1781405563\n|switch|p2a: Bastiodon|Bastiodon, L89, F|239/252\n|move|p1a: Venomoth|Bug Buzz|p2a: Bastiodon\n|-immune|p2a: Bastiodon|[from] ability: Soundproof\n|\n|upkeep\n|turn|30\n|inactive|fungusphil has 120 seconds left.\n|\n|t:|1781405573\n|switch|p1a: Lumineon|Lumineon, L93, F|252/279\n|move|p2a: Bastiodon|Iron Defense|p2a: Bastiodon\n|-boost|p2a: Bastiodon|def|2\n|\n|upkeep\n|turn|31\n|\n|t:|1781405580\n|-terastallize|p2a: Bastiodon|Fighting\n|move|p1a: Lumineon|Encore|p2a: Bastiodon\n|-start|p2a: Bastiodon|Encore\n|move|p2a: Bastiodon|Iron Defense|p2a: Bastiodon\n|-boost|p2a: Bastiodon|def|2\n|\n|upkeep\n|turn|32\n|\n|t:|1781405586\n|switch|p2a: Arceus|Arceus-Grass, L73|192/296\n|move|p1a: Lumineon|Hydro Pump|p2a: Arceus\n|-resisted|p2a: Arceus\n|-damage|p2a: Arceus|122/296\n|-damage|p1a: Lumineon|225/279|[from] item: Life Orb\n|\n|upkeep\n|turn|33\n|\n|t:|1781405591\n|switch|p2a: Empoleon|Empoleon, L84, M|278/278 slp\n|move|p1a: Lumineon|Ice Beam|p2a: Empoleon\n|-resisted|p2a: Empoleon\n|-damage|p2a: Empoleon|259/278 slp\n|-damage|p1a: Lumineon|198/279|[from] item: Life Orb\n|\n|-heal|p2a: Empoleon|276/278 slp|[from] item: Leftovers\n|upkeep\n|turn|34\n|\n|t:|1781405601\n|switch|p1a: Oinkologne|Oinkologne-F, L92, F|302/361 slp\n|switch|p2a: Bastiodon|Bastiodon, L89, F, tera:Fighting|239/252\n|\n|-heal|p1a: Oinkologne|324/361 slp|[from] item: Leftovers\n|upkeep\n|turn|35\n|\n|t:|1781405613\n|cant|p1a: Oinkologne|slp\n|move|p1a: Oinkologne|Sleep Talk|p1a: Oinkologne\n|move|p1a: Oinkologne|Rest||[from] move: Sleep Talk|[still]\n|-fail|p1a: Oinkologne\n|move|p2a: Bastiodon|Iron Defense|p2a: Bastiodon\n|-boost|p2a: Bastiodon|def|2\n|\n|-heal|p1a: Oinkologne|346/361 slp|[from] item: Leftovers\n|upkeep\n|turn|36\n|\n|t:|1781405626\n|switch|p1a: Venomoth|Venomoth, L84, M|255/255\n|move|p2a: Bastiodon|Body Press|p1a: Venomoth\n|-resisted|p1a: Venomoth\n|-damage|p1a: Venomoth|153/255\n|\n|upkeep\n|turn|37\n|\n|t:|1781405635\n|switch|p1a: Oinkologne|Oinkologne-F, L92, F|346/361 slp\n|move|p2a: Bastiodon|Body Press|p1a: Oinkologne\n|-supereffective|p1a: Oinkologne\n|-damage|p1a: Oinkologne|0 fnt\n|faint|p1a: Oinkologne\n|\n|upkeep\n|\n|t:|1781405639\n|switch|p1a: Oricorio|Oricorio, L84, F|105/263\n|turn|38\n|\n|t:|1781405644\n|move|p1a: Oricorio|Hurricane|p2a: Bastiodon\n|-supereffective|p2a: Bastiodon\n|-damage|p2a: Bastiodon|81/252\n|move|p2a: Bastiodon|Body Press|p1a: Oricorio\n|-resisted|p1a: Oricorio\n|-damage|p1a: Oricorio|0 fnt\n|faint|p1a: Oricorio\n|\n|upkeep\n|\n|t:|1781405652\n|switch|p1a: Lumineon|Lumineon, L93, F|198/279\n|turn|39\n|\n|t:|1781405665\n|switch|p2a: Empoleon|Empoleon, L84, M|276/278 slp\n|move|p1a: Lumineon|Hydro Pump|p2a: Empoleon\n|-resisted|p2a: Empoleon\n|-damage|p2a: Empoleon|214/278 slp\n|-damage|p1a: Lumineon|171/279|[from] item: Life Orb\n|\n|-heal|p2a: Empoleon|231/278 slp|[from] item: Leftovers\n|upkeep\n|turn|40\n|\n|t:|1781405675\n|switch|p1a: Venomoth|Venomoth, L84, M|153/255\n|cant|p2a: Empoleon|slp\n|\n|-heal|p2a: Empoleon|248/278 slp|[from] item: Leftovers\n|upkeep\n|turn|41\n|\n|t:|1781405682\n|move|p1a: Venomoth|Quiver Dance|p1a: Venomoth\n|-boost|p1a: Venomoth|spa|1\n|-boost|p1a: Venomoth|spd|1\n|-boost|p1a: Venomoth|spe|1\n|-curestatus|p2a: Empoleon|slp|[msg]\n|move|p2a: Empoleon|Surf|p1a: Venomoth\n|-damage|p1a: Venomoth|68/255\n|\n|-heal|p2a: Empoleon|265/278|[from] item: Leftovers\n|upkeep\n|turn|42\n|\n|t:|1781405686\n|move|p1a: Venomoth|Bug Buzz|p2a: Empoleon\n|-resisted|p2a: Empoleon\n|-damage|p2a: Empoleon|143/278\n|move|p2a: Empoleon|Surf|p1a: Venomoth\n|-damage|p1a: Venomoth|0 fnt\n|faint|p1a: Venomoth\n|\n|-heal|p2a: Empoleon|160/278|[from] item: Leftovers\n|upkeep\n|\n|t:|1781405689\n|switch|p1a: Lumineon|Lumineon, L93, F|171/279\n|turn|43\n|\n|t:|1781405692\n|move|p1a: Lumineon|Encore|p2a: Empoleon\n|-start|p2a: Empoleon|Encore\n|move|p2a: Empoleon|Surf|p1a: Lumineon\n|-ability|p1a: Lumineon|Storm Drain|boost\n|-boost|p1a: Lumineon|spa|1\n|\n|-heal|p2a: Empoleon|177/278|[from] item: Leftovers\n|upkeep\n|turn|44\n|\n|t:|1781405697\n|switch|p2a: Bastiodon|Bastiodon, L89, F, tera:Fighting|81/252\n|move|p1a: Lumineon|Hydro Pump|p2a: Bastiodon\n|-damage|p2a: Bastiodon|0 fnt\n|faint|p2a: Bastiodon\n|-damage|p1a: Lumineon|144/279|[from] item: Life Orb\n|\n|upkeep\n|\n|t:|1781405698\n|switch|p2a: Empoleon|Empoleon, L84, M|177/278\n|turn|45\n|\n|t:|1781405701\n|-terastallize|p1a: Lumineon|Water\n|move|p1a: Lumineon|Hydro Pump|p2a: Empoleon\n|-resisted|p2a: Empoleon\n|-damage|p2a: Empoleon|59/278\n|-damage|p1a: Lumineon|117/279|[from] item: Life Orb\n|move|p2a: Empoleon|Yawn|p1a: Lumineon\n|-start|p1a: Lumineon|move: Yawn|[of] p2a: Empoleon\n|\n|-heal|p2a: Empoleon|76/278|[from] item: Leftovers\n|upkeep\n|turn|46\n|\n|t:|1781405707\n|move|p1a: Lumineon|Encore|p2a: Empoleon\n|-start|p2a: Empoleon|Encore\n|move|p2a: Empoleon|Yawn||[still]\n|-fail|p2a: Empoleon\n|\n|-heal|p2a: Empoleon|93/278|[from] item: Leftovers\n|-end|p1a: Lumineon|move: Yawn|[silent]\n|-status|p1a: Lumineon|slp\n|upkeep\n|turn|47\n|\n|t:|1781405712\n|switch|p2a: Arceus|Arceus-Grass, L73|122/296\n|cant|p1a: Lumineon|slp\n|\n|upkeep\n|turn|48\n|\n|t:|1781405714\n|-curestatus|p1a: Lumineon|slp|[msg]\n|move|p1a: Lumineon|Ice Beam|p2a: Arceus\n|-supereffective|p2a: Arceus\n|-damage|p2a: Arceus|0 fnt\n|faint|p2a: Arceus\n|-damage|p1a: Lumineon|90/279|[from] item: Life Orb\n|\n|upkeep\n|\n|t:|1781405717\n|switch|p2a: Empoleon|Empoleon, L84, M|93/278\n|turn|49\n|\n|t:|1781405724\n|switch|p2a: Dondozo|Dondozo, L78, F|337/362\n|move|p1a: Lumineon|Hydro Pump|p2a: Dondozo\n|-resisted|p2a: Dondozo\n|-damage|p2a: Dondozo|206/362\n|-damage|p1a: Lumineon|63/279|[from] item: Life Orb\n|\n|-heal|p2a: Dondozo|228/362|[from] item: Leftovers\n|upkeep\n|turn|50\n|\n|t:|1781405736\n|switch|p2a: Empoleon|Empoleon, L84, M|93/278\n|move|p1a: Lumineon|Alluring Voice|p2a: Empoleon\n|-resisted|p2a: Empoleon\n|-damage|p2a: Empoleon|42/278\n|-damage|p1a: Lumineon|36/279|[from] item: Life Orb\n|\n|-heal|p2a: Empoleon|59/278|[from] item: Leftovers\n|upkeep\n|turn|51\n|\n|t:|1781405743\n|move|p1a: Lumineon|Encore||[still]\n|-fail|p1a: Lumineon\n|move|p2a: Empoleon|Ice Beam|p1a: Lumineon\n|-resisted|p1a: Lumineon\n|-damage|p1a: Lumineon|1/279\n|\n|-heal|p2a: Empoleon|76/278|[from] item: Leftovers\n|upkeep\n|turn|52\n|\n|t:|1781405746\n|move|p1a: Lumineon|Hydro Pump|p2a: Empoleon\n|-resisted|p2a: Empoleon\n|-damage|p2a: Empoleon|0 fnt\n|faint|p2a: Empoleon\n|-damage|p1a: Lumineon|0 fnt|[from] item: Life Orb\n|faint|p1a: Lumineon\n|\n|win|fungusphil\n", "uploadtime": 1781405188, "views": 3, "formatid": "gen9randombattle", "rating": null, "private": 0, "password": null}