{"id": "gen9randombattle-2631908940", "format": "[Gen 9] Random Battle", "players": ["Green Calf", "degentew"], "log": "|j|\u2606Green Calf\n|j|\u2606degentew\n|t:|1781454514\n|gametype|singles\n|player|p1|Green Calf|2|2004\n|player|p2|degentew|miku-flying|1973\n|gen|9\n|tier|[Gen 9] Random Battle\n|rated|\n|rule|Species Clause: Limit one of each Pok\u00e9mon\n|rule|HP Percentage Mod: HP is shown in percentages\n|rule|Sleep Clause Mod: Limit one foe put to sleep\n|rule|Illusion Level Mod: Illusion disguises the Pok\u00e9mon's true level\n|\n|t:|1781454514\n|teamsize|p1|6\n|teamsize|p2|6\n|start\n|switch|p1a: Iron Hands|Iron Hands, L79|373/373\n|switch|p2a: Enamorus|Enamorus, L79, F|247/247\n|turn|1\n|inactive|Battle timer is ON: inactive players will automatically lose when time's up. (requested by degentew)\n|\n|t:|1781454526\n|move|p2a: Enamorus|Calm Mind|p2a: Enamorus\n|-boost|p2a: Enamorus|spa|1\n|-boost|p2a: Enamorus|spd|1\n|move|p1a: Iron Hands|Thunder Punch|p2a: Enamorus\n|-supereffective|p2a: Enamorus\n|-damage|p2a: Enamorus|13/247\n|\n|upkeep\n|turn|2\n|inactive|Green Calf has 120 seconds left.\n|\n|t:|1781454569\n|-end|p1a: Iron Hands|Quark Drive|[silent]\n|switch|p1a: Grafaiai|Grafaiai, L86, F|249/249\n|move|p2a: Enamorus|Moonblast|p1a: Grafaiai\n|-resisted|p1a: Grafaiai\n|-damage|p1a: Grafaiai|183/249\n|-unboost|p1a: Grafaiai|spa|1\n|\n|upkeep\n|turn|3\n|\n|t:|1781454574\n|move|p1a: Grafaiai|Knock Off|p2a: Enamorus\n|-resisted|p2a: Enamorus\n|-damage|p2a: Enamorus|0 fnt\n|-enditem|p2a: Enamorus|Heavy-Duty Boots|[from] move: Knock Off|[of] p1a: Grafaiai\n|faint|p2a: Enamorus\n|\n|upkeep\n|\n|t:|1781454580\n|switch|p2a: Swampert|Swampert, L83, F|302/302\n|turn|4\n|inactive|Green Calf has 120 seconds left.\n|\n|t:|1781454598\n|move|p1a: Grafaiai|U-turn|p2a: Swampert\n|-damage|p2a: Swampert|252/302\n|\n|t:|1781454601\n|switch|p1a: Flapple|Flapple, L88, M|266/266|[from] U-turn\n|move|p2a: Swampert|Earthquake|p1a: Flapple\n|-resisted|p1a: Flapple\n|-damage|p1a: Flapple|208/266\n|\n|-heal|p2a: Swampert|270/302|[from] item: Leftovers\n|upkeep\n|turn|5\n|\n|t:|1781454605\n|switch|p2a: Articuno|Articuno, L86|295/295\n|-ability|p2a: Articuno|Pressure\n|move|p1a: Flapple|Grav Apple|p2a: Articuno|[miss]\n|-miss|p1a: Flapple|p2a: Articuno\n|\n|upkeep\n|turn|6\n|\n|t:|1781454612\n|switch|p1a: Emboar|Emboar, L84, F|322/322\n|move|p2a: Articuno|Brave Bird|p1a: Emboar\n|-supereffective|p1a: Emboar\n|-damage|p1a: Emboar|8/322\n|-damage|p2a: Articuno|191/295|[from] Recoil\n|\n|upkeep\n|turn|7\n|\n|t:|1781454617\n|move|p2a: Articuno|Freeze-Dry|p1a: Emboar\n|-resisted|p1a: Emboar\n|-damage|p1a: Emboar|0 fnt\n|faint|p1a: Emboar\n|\n|upkeep\n|\n|t:|1781454619\n|switch|p1a: Iron Hands|Iron Hands, L79|373/373\n|turn|8\n|\n|t:|1781454623\n|move|p2a: Articuno|Brave Bird|p1a: Iron Hands\n|-damage|p1a: Iron Hands|262/373\n|-damage|p2a: Articuno|154/295|[from] Recoil\n|move|p1a: Iron Hands|Thunder Punch|p2a: Articuno\n|-supereffective|p2a: Articuno\n|-damage|p2a: Articuno|0 fnt\n|faint|p2a: Articuno\n|\n|-heal|p1a: Iron Hands|285/373|[from] item: Leftovers\n|upkeep\n|\n|t:|1781454625\n|switch|p2a: Swampert|Swampert, L83, F|270/302\n|turn|9\n|\n|t:|1781454636\n|-end|p1a: Iron Hands|Quark Drive|[silent]\n|switch|p1a: Slowbro|Slowbro, L85, M|300/300\n|move|p2a: Swampert|Roar|p1a: Slowbro\n|drag|p1a: Iron Hands|Iron Hands, L79|285/373\n|\n|-heal|p2a: Swampert|288/302|[from] item: Leftovers\n|-heal|p1a: Iron Hands|308/373|[from] item: Leftovers\n|upkeep\n|turn|10\n|\n|t:|1781454655\n|-end|p1a: Iron Hands|Quark Drive|[silent]\n|switch|p1a: Slowbro|Slowbro, L85, M|300/300\n|move|p2a: Swampert|Stealth Rock|p1a: Slowbro\n|-sidestart|p1: Green Calf|move: Stealth Rock\n|\n|-heal|p2a: Swampert|302/302|[from] item: Leftovers\n|upkeep\n|turn|11\n|\n|t:|1781454658\n|move|p2a: Swampert|Knock Off|p1a: Slowbro\n|-supereffective|p1a: Slowbro\n|-damage|p1a: Slowbro|184/300\n|-enditem|p1a: Slowbro|Assault Vest|[from] move: Knock Off|[of] p2a: Swampert\n|move|p1a: Slowbro|Scald|p2a: Swampert\n|-damage|p2a: Swampert|215/302\n|-status|p2a: Swampert|brn\n|\n|-heal|p2a: Swampert|233/302 brn|[from] item: Leftovers\n|-damage|p2a: Swampert|215/302 brn|[from] brn\n|upkeep\n|turn|12\n|\n|t:|1781454673\n|switch|p2a: Kingdra|Kingdra, L84, F|263/263\n|move|p1a: Slowbro|Psychic Noise|p2a: Kingdra\n|-damage|p2a: Kingdra|182/263\n|-start|p2a: Kingdra|move: Heal Block\n|\n|upkeep\n|turn|13\n|\n|t:|1781454687\n|move|p2a: Kingdra|Rain Dance|p2a: Kingdra\n|-weather|RainDance\n|move|p1a: Slowbro|Psychic Noise|p2a: Kingdra\n|-damage|p2a: Kingdra|109/263\n|\n|-weather|RainDance|[upkeep]\n|-end|p2a: Kingdra|move: Heal Block\n|upkeep\n|turn|14\n|\n|t:|1781454692\n|move|p2a: Kingdra|Hurricane|p1a: Slowbro\n|-damage|p1a: Slowbro|72/300\n|-damage|p2a: Kingdra|83/263|[from] item: Life Orb\n|move|p1a: Slowbro|Psychic Noise|p2a: Kingdra\n|-damage|p2a: Kingdra|0 fnt\n|faint|p2a: Kingdra\n|\n|-weather|RainDance|[upkeep]\n|upkeep\n|\n|t:|1781454696\n|switch|p2a: Serperior|Serperior, L79, F|248/248\n|turn|15\n|\n|t:|1781454708\n|move|p2a: Serperior|Substitute|p2a: Serperior\n|-start|p2a: Serperior|Substitute\n|-damage|p2a: Serperior|186/248\n|move|p1a: Slowbro|Ice Beam|p2a: Serperior\n|-supereffective|p2a: Serperior\n|-end|p2a: Serperior|Substitute\n|\n|-weather|RainDance|[upkeep]\n|-heal|p2a: Serperior|201/248|[from] item: Leftovers\n|upkeep\n|turn|16\n|\n|t:|1781454712\n|move|p2a: Serperior|Leaf Storm|p1a: Slowbro\n|-supereffective|p1a: Slowbro\n|-damage|p1a: Slowbro|0 fnt\n|-boost|p2a: Serperior|spa|2\n|faint|p1a: Slowbro\n|\n|-weather|RainDance|[upkeep]\n|-heal|p2a: Serperior|216/248|[from] item: Leftovers\n|upkeep\n|\n|t:|1781454714\n|switch|p1a: Grafaiai|Grafaiai, L86, F|183/249\n|-damage|p1a: Grafaiai|152/249|[from] Stealth Rock\n|turn|17\n|\n|t:|1781454716\n|switch|p2a: Swampert|Swampert, L83, F|215/302 brn\n|move|p1a: Grafaiai|Gunk Shot|p2a: Swampert|[miss]\n|-miss|p1a: Grafaiai|p2a: Swampert\n|\n|-weather|none\n|-heal|p2a: Swampert|233/302 brn|[from] item: Leftovers\n|-damage|p2a: Swampert|215/302 brn|[from] brn\n|upkeep\n|turn|18\n|\n|t:|1781454720\n|move|p1a: Grafaiai|U-turn|p2a: Swampert\n|-damage|p2a: Swampert|163/302 brn\n|\n|t:|1781454723\n|switch|p1a: Flapple|Flapple, L88, M|208/266|[from] U-turn\n|-damage|p1a: Flapple|175/266|[from] Stealth Rock\n|move|p2a: Swampert|Knock Off|p1a: Flapple\n|-crit|p1a: Flapple\n|-damage|p1a: Flapple|115/266\n|-enditem|p1a: Flapple|Choice Band|[from] move: Knock Off|[of] p2a: Swampert\n|\n|-heal|p2a: Swampert|181/302 brn|[from] item: Leftovers\n|-damage|p2a: Swampert|163/302 brn|[from] brn\n|upkeep\n|turn|19\n|\n|t:|1781454729\n|move|p1a: Flapple|Outrage|p2a: Swampert\n|-damage|p2a: Swampert|0 fnt\n|faint|p2a: Swampert\n|\n|upkeep\n|\n|t:|1781454737\n|switch|p2a: Carbink|Carbink, L90|236/236\n|turn|20\n|\n|t:|1781454744\n|move|p1a: Flapple|Outrage|p2a: Carbink|[from] lockedmove\n|-immune|p2a: Carbink\n|move|p2a: Carbink|Iron Defense|p2a: Carbink\n|-boost|p2a: Carbink|def|2\n|\n|upkeep\n|turn|21\n|\n|t:|1781454749\n|-terastallize|p2a: Carbink|Fighting\n|move|p1a: Flapple|Grav Apple|p2a: Carbink|[miss]\n|-miss|p1a: Flapple|p2a: Carbink\n|move|p2a: Carbink|Iron Defense|p2a: Carbink\n|-boost|p2a: Carbink|def|2\n|\n|upkeep\n|turn|22\n|\n|t:|1781454757\n|move|p1a: Flapple|Grav Apple|p2a: Carbink\n|-damage|p2a: Carbink|203/236\n|-unboost|p2a: Carbink|def|1\n|move|p2a: Carbink|Body Press|p1a: Flapple\n|-damage|p1a: Flapple|0 fnt\n|faint|p1a: Flapple\n|\n|upkeep\n|\n|t:|1781454760\n|switch|p1a: Grafaiai|Grafaiai, L86, F|152/249\n|-damage|p1a: Grafaiai|121/249|[from] Stealth Rock\n|turn|23\n|\n|t:|1781454762\n|move|p1a: Grafaiai|Super Fang|p2a: Carbink|[miss]\n|-miss|p1a: Grafaiai|p2a: Carbink\n|move|p2a: Carbink|Body Press|p1a: Grafaiai\n|-damage|p1a: Grafaiai|0 fnt\n|faint|p1a: Grafaiai\n|\n|upkeep\n|-message|Green Calf forfeited.\n|\n|win|degentew\n", "uploadtime": 1781454516, "views": 4, "formatid": "gen9randombattle", "rating": null, "private": 0, "password": null}