{"id": "gen9randombattle-2631490506", "format": "[Gen 9] Random Battle", "players": ["jopaille", "rainjolt"], "log": "|j|\u2606jopaille\n|j|\u2606rainjolt\n|t:|1781391671\n|gametype|singles\n|player|p1|jopaille|2|1918\n|player|p2|rainjolt|elesa|1939\n|gen|9\n|tier|[Gen 9] Random Battle\n|rated|\n|rule|Species Clause: Limit one of each Pok\u00e9mon\n|rule|HP Percentage Mod: HP is shown in percentages\n|rule|Sleep Clause Mod: Limit one foe put to sleep\n|rule|Illusion Level Mod: Illusion disguises the Pok\u00e9mon's true level\n|\n|t:|1781391671\n|teamsize|p1|6\n|teamsize|p2|6\n|start\n|switch|p1a: Hitmonchan|Hitmonchan, L87, M|229/229\n|switch|p2a: Comfey|Comfey, L85, M|225/225\n|turn|1\n|inactive|Battle timer is ON: inactive players will automatically lose when time's up. (requested by jopaille)\n|inactive|jopaille has 120 seconds left.\n|\n|t:|1781391705\n|switch|p2a: Torkoal|Torkoal, L88, M|266/266\n|-weather|SunnyDay|[from] ability: Drought|[of] p2a: Torkoal\n|switch|p1a: Lycanroc|Lycanroc-Dusk, L81, M|254/254\n|\n|-weather|SunnyDay|[upkeep]\n|upkeep\n|turn|2\n|\n|t:|1781391711\n|switch|p2a: Iron Hands|Iron Hands, L79|373/373\n|move|p1a: Lycanroc|Stone Edge|p2a: Iron Hands|[miss]\n|-miss|p1a: Lycanroc|p2a: Iron Hands\n|\n|-weather|SunnyDay|[upkeep]\n|upkeep\n|turn|3\n|\n|t:|1781391718\n|move|p1a: Lycanroc|Psychic Fangs|p2a: Iron Hands\n|-supereffective|p2a: Iron Hands\n|-damage|p2a: Iron Hands|160/373\n|-damage|p1a: Lycanroc|229/254|[from] item: Life Orb\n|move|p2a: Iron Hands|Swords Dance|p2a: Iron Hands\n|-boost|p2a: Iron Hands|atk|2\n|\n|-weather|SunnyDay|[upkeep]\n|-heal|p2a: Iron Hands|183/373|[from] item: Leftovers\n|upkeep\n|turn|4\n|\n|t:|1781391741\n|-end|p2a: Iron Hands|Quark Drive|[silent]\n|switch|p2a: Gothitelle|Gothitelle, L90, M|272/272\n|move|p1a: Lycanroc|Psychic Fangs|p2a: Gothitelle\n|-resisted|p2a: Gothitelle\n|-damage|p2a: Gothitelle|223/272\n|-damage|p1a: Lycanroc|204/254|[from] item: Life Orb\n|\n|-weather|SunnyDay|[upkeep]\n|-heal|p2a: Gothitelle|240/272|[from] item: Leftovers\n|upkeep\n|turn|5\n|\n|t:|1781391753\n|move|p1a: Lycanroc|Stone Edge|p2a: Gothitelle\n|-damage|p2a: Gothitelle|115/272\n|-damage|p1a: Lycanroc|179/254|[from] item: Life Orb\n|move|p2a: Gothitelle|Focus Blast|p1a: Lycanroc\n|-supereffective|p1a: Lycanroc\n|-damage|p1a: Lycanroc|0 fnt\n|faint|p1a: Lycanroc\n|\n|-weather|none\n|-heal|p2a: Gothitelle|132/272|[from] item: Leftovers\n|upkeep\n|\n|t:|1781391765\n|switch|p1a: Hitmonchan|Hitmonchan, L87, M|229/229\n|turn|6\n|\n|t:|1781391772\n|switch|p2a: Torkoal|Torkoal, L88, M|266/266\n|-weather|SunnyDay|[from] ability: Drought|[of] p2a: Torkoal\n|move|p1a: Hitmonchan|Swords Dance|p1a: Hitmonchan\n|-boost|p1a: Hitmonchan|atk|2\n|\n|-weather|SunnyDay|[upkeep]\n|upkeep\n|turn|7\n|\n|t:|1781391778\n|move|p1a: Hitmonchan|Swords Dance|p1a: Hitmonchan\n|-boost|p1a: Hitmonchan|atk|2\n|move|p2a: Torkoal|Lava Plume|p1a: Hitmonchan\n|-damage|p1a: Hitmonchan|118/229\n|\n|-weather|SunnyDay|[upkeep]\n|upkeep\n|turn|8\n|\n|t:|1781391781\n|move|p1a: Hitmonchan|Drain Punch|p2a: Torkoal\n|-damage|p2a: Torkoal|0 fnt\n|-heal|p1a: Hitmonchan|229/229|[from] drain|[of] p2a: Torkoal\n|faint|p2a: Torkoal\n|-damage|p1a: Hitmonchan|207/229|[from] item: Life Orb\n|\n|-weather|SunnyDay|[upkeep]\n|upkeep\n|-message|rainjolt forfeited.\n|\n|win|jopaille\n", "uploadtime": 1781391674, "views": 3, "formatid": "gen9randombattle", "rating": null, "private": 0, "password": null}