{"id": "gen9randombattle-2631789284", "format": "[Gen 9] Random Battle", "players": ["TheAustrianOak", "huh blue"], "log": "|j|\u2606TheAustrianOak\n|j|\u2606huh blue\n|t:|1781439915\n|gametype|singles\n|player|p1|TheAustrianOak|chuck|1926\n|player|p2|huh blue|steven|1951\n|gen|9\n|tier|[Gen 9] Random Battle\n|rated|\n|rule|Species Clause: Limit one of each Pok\u00e9mon\n|rule|HP Percentage Mod: HP is shown in percentages\n|rule|Sleep Clause Mod: Limit one foe put to sleep\n|rule|Illusion Level Mod: Illusion disguises the Pok\u00e9mon's true level\n|\n|t:|1781439915\n|teamsize|p1|6\n|teamsize|p2|6\n|start\n|switch|p1a: Lokix|Lokix, L82, F|251/251\n|switch|p2a: Lanturn|Lanturn, L89, M|367/367\n|turn|1\n|inactive|Battle timer is ON: inactive players will automatically lose when time's up. (requested by huh blue)\n|\n|t:|1781439925\n|move|p1a: Lokix|Swords Dance|p1a: Lokix\n|-boost|p1a: Lokix|atk|2\n|move|p2a: Lanturn|Thunder Wave|p1a: Lokix\n|-status|p1a: Lokix|par\n|\n|upkeep\n|turn|2\n|\n|t:|1781439944\n|move|p2a: Lanturn|Thunderbolt|p1a: Lokix\n|-damage|p1a: Lokix|134/251 par\n|cant|p1a: Lokix|par\n|\n|upkeep\n|turn|3\n|\n|t:|1781439949\n|move|p2a: Lanturn|Thunderbolt|p1a: Lokix\n|-damage|p1a: Lokix|7/251 par\n|move|p1a: Lokix|Leech Life|p2a: Lanturn\n|-damage|p2a: Lanturn|85/367\n|-heal|p1a: Lokix|148/251 par|[from] drain|[of] p2a: Lanturn\n|-damage|p1a: Lokix|123/251 par|[from] item: Life Orb\n|\n|-heal|p2a: Lanturn|107/367|[from] item: Leftovers\n|upkeep\n|turn|4\n|\n|t:|1781439956\n|cant|p1a: Lokix|par\n|move|p2a: Lanturn|Thunderbolt|p1a: Lokix\n|-damage|p1a: Lokix|0 fnt\n|faint|p1a: Lokix\n|\n|-heal|p2a: Lanturn|129/367|[from] item: Leftovers\n|upkeep\n|c|\u2606TheAustrianOak|nice\n|\n|t:|1781439970\n|switch|p1a: Spectrier|Spectrier, L75|274/274\n|turn|5\n|\n|t:|1781439986\n|switch|p2a: Chi-Yu|Chi-Yu, L77|211/211\n|-ability|p2a: Chi-Yu|Beads of Ruin\n|move|p1a: Spectrier|Nasty Plot|p1a: Spectrier\n|-boost|p1a: Spectrier|spa|2\n|\n|upkeep\n|turn|6\n|\n|t:|1781439997\n|-terastallize|p1a: Spectrier|Fairy\n|-terastallize|p2a: Chi-Yu|Fire\n|move|p1a: Spectrier|Nasty Plot|p1a: Spectrier\n|-boost|p1a: Spectrier|spa|2\n|move|p2a: Chi-Yu|Fire Blast|p1a: Spectrier\n|-damage|p1a: Spectrier|18/274\n|\n|upkeep\n|turn|7\n|\n|t:|1781440010\n|switch|p2a: Lanturn|Lanturn, L89, M|129/367\n|move|p1a: Spectrier|Shadow Ball|p2a: Lanturn\n|-damage|p2a: Lanturn|0 fnt\n|faint|p2a: Lanturn\n|-ability|p1a: Spectrier|Grim Neigh|boost\n|-boost|p1a: Spectrier|spa|1\n|-damage|p1a: Spectrier|0 fnt|[from] item: Life Orb\n|faint|p1a: Spectrier\n|\n|upkeep\n|\n|t:|1781440032\n|switch|p1a: Hitmontop|Hitmontop, L88, M|231/231\n|switch|p2a: Banette|Banette, L93, M|270/270\n|turn|8\n|\n|t:|1781440042\n|switch|p1a: Victreebel|Victreebel, L90, M|290/290\n|move|p2a: Banette|Poltergeist|p1a: Victreebel\n|-activate|p1a: Victreebel|move: Poltergeist|Life Orb\n|-damage|p1a: Victreebel|39/290\n|-damage|p2a: Banette|243/270|[from] item: Life Orb\n|\n|upkeep\n|turn|9\n|inactive|TheAustrianOak has 120 seconds left.\n|l|\u2606TheAustrianOak\n|inactive|TheAustrianOak disconnected and has a minute to reconnect!\n|player|p1|\n|j|\u2606TheAustrianOak\n|inactive|TheAustrianOak reconnected and has 115 seconds left.\n|player|p1|TheAustrianOak|chuck|\n|\n|t:|1781440084\n|move|p2a: Banette|Shadow Sneak|p1a: Victreebel\n|-damage|p1a: Victreebel|0 fnt\n|faint|p1a: Victreebel\n|-damage|p2a: Banette|216/270|[from] item: Life Orb\n|\n|upkeep\n|\n|t:|1781440088\n|switch|p1a: Lycanroc|Lycanroc, L86, M|269/269\n|turn|10\n|\n|t:|1781440093\n|move|p1a: Lycanroc|Stealth Rock|p2a: Banette\n|-sidestart|p2: huh blue|move: Stealth Rock\n|move|p2a: Banette|Poltergeist|p1a: Lycanroc|[miss]\n|-miss|p2a: Banette|p1a: Lycanroc\n|\n|upkeep\n|turn|11\n|\n|t:|1781440100\n|move|p1a: Lycanroc|Crunch|p2a: Banette\n|-supereffective|p2a: Banette\n|-damage|p2a: Banette|21/270\n|-damage|p1a: Lycanroc|243/269|[from] item: Life Orb\n|move|p2a: Banette|Poltergeist|p1a: Lycanroc\n|-activate|p1a: Lycanroc|move: Poltergeist|Life Orb\n|-damage|p1a: Lycanroc|4/269\n|-damage|p2a: Banette|0 fnt|[from] item: Life Orb\n|faint|p2a: Banette\n|\n|upkeep\n|\n|t:|1781440113\n|switch|p2a: Electivire|Electivire, L84, M|263/263\n|-damage|p2a: Electivire|231/263|[from] Stealth Rock\n|turn|12\n|\n|t:|1781440119\n|move|p2a: Electivire|Earthquake|p1a: Lycanroc\n|-supereffective|p1a: Lycanroc\n|-crit|p1a: Lycanroc\n|-damage|p1a: Lycanroc|0 fnt\n|faint|p1a: Lycanroc\n|\n|upkeep\n|\n|t:|1781440126\n|switch|p1a: Hitmontop|Hitmontop, L88, M|231/231\n|turn|13\n|\n|t:|1781440132\n|switch|p2a: Hitmonlee|Hitmonlee, L85, M|223/223\n|-damage|p2a: Hitmonlee|210/223|[from] Stealth Rock\n|move|p1a: Hitmontop|Rapid Spin|p2a: Hitmonlee\n|-damage|p2a: Hitmonlee|135/223\n|-boost|p1a: Hitmontop|spe|1\n|\n|upkeep\n|turn|14\n|\n|t:|1781440142\n|move|p1a: Hitmontop|Bulk Up|p1a: Hitmontop\n|-boost|p1a: Hitmontop|atk|1\n|-boost|p1a: Hitmontop|def|1\n|move|p2a: Hitmonlee|Poison Jab|p1a: Hitmontop\n|-damage|p1a: Hitmontop|165/231\n|\n|-heal|p1a: Hitmontop|179/231|[from] item: Leftovers\n|upkeep\n|turn|15\n|\n|t:|1781440148\n|move|p1a: Hitmontop|Rapid Spin|p2a: Hitmonlee\n|-damage|p2a: Hitmonlee|23/223\n|-boost|p1a: Hitmontop|spe|1\n|move|p2a: Hitmonlee|Poison Jab|p1a: Hitmontop\n|-damage|p1a: Hitmontop|113/231\n|-status|p1a: Hitmontop|psn\n|\n|-heal|p1a: Hitmontop|127/231 psn|[from] item: Leftovers\n|-damage|p1a: Hitmontop|99/231 psn|[from] psn\n|upkeep\n|turn|16\n|\n|t:|1781440155\n|move|p1a: Hitmontop|Rapid Spin|p2a: Hitmonlee\n|-damage|p2a: Hitmonlee|0 fnt\n|-boost|p1a: Hitmontop|spe|1\n|faint|p2a: Hitmonlee\n|\n|-heal|p1a: Hitmontop|113/231 psn|[from] item: Leftovers\n|-damage|p1a: Hitmontop|85/231 psn|[from] psn\n|upkeep\n|\n|t:|1781440162\n|switch|p2a: Palkia|Palkia, L75|259/259\n|-damage|p2a: Palkia|227/259|[from] Stealth Rock\n|-ability|p2a: Palkia|Pressure\n|turn|17\n|\n|t:|1781440170\n|move|p1a: Hitmontop|Close Combat|p2a: Palkia\n|-damage|p2a: Palkia|29/259\n|-unboost|p1a: Hitmontop|def|1\n|-unboost|p1a: Hitmontop|spd|1\n|move|p2a: Palkia|Spacial Rend|p1a: Hitmontop\n|-crit|p1a: Hitmontop\n|-damage|p1a: Hitmontop|0 fnt\n|faint|p1a: Hitmontop\n|\n|upkeep\n|\n|t:|1781440173\n|switch|p1a: Arceus|Arceus-Ground, L70|284/284\n|turn|18\n|\n|t:|1781440182\n|move|p2a: Palkia|Spacial Rend|p1a: Arceus\n|-damage|p1a: Arceus|160/284\n|move|p1a: Arceus|Earthquake|p2a: Palkia\n|-damage|p2a: Palkia|0 fnt\n|faint|p2a: Palkia\n|\n|upkeep\n|\n|t:|1781440191\n|switch|p2a: Chi-Yu|Chi-Yu, L77, tera:Fire|211/211\n|-ability|p2a: Chi-Yu|Beads of Ruin\n|turn|19\n|c|\u2606TheAustrianOak|so many scarf, unlucky\n|\n|t:|1781440196\n|move|p1a: Arceus|Earthquake|p2a: Chi-Yu\n|-supereffective|p2a: Chi-Yu\n|-damage|p2a: Chi-Yu|0 fnt\n|faint|p2a: Chi-Yu\n|\n|upkeep\n|\n|t:|1781440206\n|switch|p2a: Electivire|Electivire, L84, M|231/263\n|-damage|p2a: Electivire|199/263|[from] Stealth Rock\n|turn|20\n|\n|t:|1781440214\n|move|p2a: Electivire|Ice Punch|p1a: Arceus\n|-supereffective|p1a: Arceus\n|-damage|p1a: Arceus|32/284\n|move|p1a: Arceus|Earthquake|p2a: Electivire\n|-supereffective|p2a: Electivire\n|-damage|p2a: Electivire|0 fnt\n|faint|p2a: Electivire\n|\n|win|TheAustrianOak\n", "uploadtime": 1781439917, "views": 4, "formatid": "gen9randombattle", "rating": null, "private": 0, "password": null}