{"id": "gen9randombattle-2631795057", "format": "[Gen 9] Random Battle", "players": ["Smashkrabba", "HYDRAx9000"], "log": "|j|\u2606Smashkrabba\n|j|\u2606HYDRAx9000\n|t:|1781440780\n|gametype|singles\n|player|p1|Smashkrabba|colress|1740\n|player|p2|HYDRAx9000|2|1741\n|gen|9\n|tier|[Gen 9] Random Battle\n|rated|\n|rule|Species Clause: Limit one of each Pok\u00e9mon\n|rule|HP Percentage Mod: HP is shown in percentages\n|rule|Sleep Clause Mod: Limit one foe put to sleep\n|rule|Illusion Level Mod: Illusion disguises the Pok\u00e9mon's true level\n|\n|t:|1781440780\n|teamsize|p1|6\n|teamsize|p2|6\n|start\n|switch|p1a: Excadrill|Excadrill, L79, F|303/303\n|switch|p2a: Terrakion|Terrakion, L79|273/273\n|-ability|p1a: Excadrill|Mold Breaker\n|turn|1\n|inactive|Battle timer is ON: inactive players will automatically lose when time's up. (requested by HYDRAx9000)\n|\n|t:|1781440791\n|switch|p1a: Latios|Latios, L78, M|253/253\n|move|p2a: Terrakion|Close Combat|p1a: Latios\n|-resisted|p1a: Latios\n|-damage|p1a: Latios|152/253\n|-unboost|p2a: Terrakion|def|1\n|-unboost|p2a: Terrakion|spd|1\n|-damage|p2a: Terrakion|246/273|[from] item: Life Orb\n|\n|upkeep\n|turn|2\n|\n|t:|1781440809\n|switch|p2a: Wigglytuff|Wigglytuff, L96, F|424/424\n|move|p1a: Latios|Recover|p1a: Latios\n|-heal|p1a: Latios|253/253\n|\n|upkeep\n|turn|3\n|\n|t:|1781440816\n|switch|p1a: Excadrill|Excadrill, L79, F|303/303\n|-ability|p1a: Excadrill|Mold Breaker\n|switch|p2a: Cryogonal|Cryogonal, L89|287/287\n|\n|upkeep\n|turn|4\n|\n|t:|1781440830\n|switch|p2a: Emboar|Emboar, L84, F|322/322\n|move|p1a: Excadrill|Rapid Spin|p2a: Emboar\n|-damage|p2a: Emboar|271/322\n|-boost|p1a: Excadrill|spe|1\n|\n|upkeep\n|turn|5\n|inactive|Smashkrabba has 120 seconds left.\n|\n|t:|1781440862\n|switch|p2a: Drifblim|Drifblim, L86, M|396/396\n|move|p1a: Excadrill|Earthquake|p2a: Drifblim\n|-immune|p2a: Drifblim\n|\n|upkeep\n|turn|6\n|\n|t:|1781440871\n|switch|p1a: Greedent|Greedent, L86, M|347/347\n|move|p2a: Drifblim|Calm Mind|p2a: Drifblim\n|-boost|p2a: Drifblim|spa|1\n|-boost|p2a: Drifblim|spd|1\n|\n|upkeep\n|turn|7\n|\n|t:|1781440883\n|move|p2a: Drifblim|Calm Mind|p2a: Drifblim\n|-boost|p2a: Drifblim|spa|1\n|-boost|p2a: Drifblim|spd|1\n|move|p1a: Greedent|Knock Off|p2a: Drifblim\n|-supereffective|p2a: Drifblim\n|-damage|p2a: Drifblim|164/396\n|-enditem|p2a: Drifblim|Sitrus Berry|[from] move: Knock Off|[of] p1a: Greedent\n|\n|upkeep\n|turn|8\n|\n|t:|1781440890\n|move|p2a: Drifblim|Air Slash|p1a: Greedent\n|-damage|p1a: Greedent|175/347\n|move|p1a: Greedent|Knock Off|p2a: Drifblim\n|-supereffective|p2a: Drifblim\n|-damage|p2a: Drifblim|20/396\n|\n|upkeep\n|turn|9\n|\n|t:|1781440894\n|move|p2a: Drifblim|Air Slash|p1a: Greedent\n|-damage|p1a: Greedent|6/347\n|-enditem|p1a: Greedent|Sitrus Berry|[eat]\n|-heal|p1a: Greedent|92/347|[from] item: Sitrus Berry\n|-heal|p1a: Greedent|207/347|[from] ability: Cheek Pouch\n|cant|p1a: Greedent|flinch\n|\n|upkeep\n|turn|10\n|\n|t:|1781440898\n|move|p2a: Drifblim|Air Slash|p1a: Greedent\n|-damage|p1a: Greedent|47/347\n|move|p1a: Greedent|Knock Off|p2a: Drifblim\n|-supereffective|p2a: Drifblim\n|-damage|p2a: Drifblim|0 fnt\n|faint|p2a: Drifblim\n|\n|upkeep\n|\n|t:|1781440911\n|switch|p2a: Emboar|Emboar, L84, F|271/322\n|turn|11\n|\n|t:|1781440915\n|move|p2a: Emboar|Flare Blitz|p1a: Greedent\n|-damage|p1a: Greedent|0 fnt\n|faint|p1a: Greedent\n|-damage|p2a: Emboar|255/322|[from] Recoil\n|\n|upkeep\n|\n|t:|1781440924\n|switch|p1a: Latios|Latios, L78, M|253/253\n|turn|12\n|\n|t:|1781440931\n|switch|p2a: Wigglytuff|Wigglytuff, L96, F|424/424\n|move|p1a: Latios|Luster Purge|p2a: Wigglytuff\n|-damage|p2a: Wigglytuff|238/424\n|\n|-heal|p2a: Wigglytuff|264/424|[from] item: Leftovers\n|upkeep\n|turn|13\n|\n|t:|1781440935\n|switch|p1a: Excadrill|Excadrill, L79, F|303/303\n|-ability|p1a: Excadrill|Mold Breaker\n|switch|p2a: Emboar|Emboar, L84, F|255/322\n|\n|upkeep\n|turn|14\n|\n|t:|1781440950\n|switch|p1a: Latios|Latios, L78, M|253/253\n|-terastallize|p2a: Emboar|Fire\n|move|p2a: Emboar|Flare Blitz|p1a: Latios\n|-resisted|p1a: Latios\n|-damage|p1a: Latios|119/253\n|-damage|p2a: Emboar|211/322|[from] Recoil\n|\n|upkeep\n|turn|15\n|\n|t:|1781440961\n|move|p2a: Emboar|Flare Blitz|p1a: Latios\n|-resisted|p1a: Latios\n|-damage|p1a: Latios|0 fnt\n|faint|p1a: Latios\n|-damage|p2a: Emboar|172/322|[from] Recoil\n|\n|upkeep\n|\n|t:|1781440977\n|switch|p1a: Regidrago|Regidrago, L77|435/435\n|turn|16\n|inactive|Smashkrabba has 120 seconds left.\n|\n|t:|1781440996\n|switch|p2a: Cryogonal|Cryogonal, L89|287/287\n|move|p1a: Regidrago|Dragon Energy|p2a: Cryogonal\n|-damage|p2a: Cryogonal|148/287\n|\n|upkeep\n|turn|17\n|\n|t:|1781441001\n|switch|p1a: Bisharp|Bisharp, L79, M|232/232\n|move|p2a: Cryogonal|Recover|p2a: Cryogonal\n|-heal|p2a: Cryogonal|287/287\n|\n|upkeep\n|turn|18\n|\n|t:|1781441024\n|switch|p2a: Terapagos|Terapagos, L77, M|265/265\n|-activate|p2a: Terapagos|ability: Tera Shift\n|detailschange|p2a: Terapagos|Terapagos-Terastal, L77, M\n|-heal|p2a: Terapagos|273/273|[silent]\n|move|p1a: Bisharp|Iron Head|p2a: Terapagos\n|-activate|p2a: Terapagos|ability: Tera Shell\n|-resisted|p2a: Terapagos\n|-damage|p2a: Terapagos|234/273\n|\n|upkeep\n|turn|19\n|\n|t:|1781441028\n|move|p2a: Terapagos|Calm Mind|p2a: Terapagos\n|-boost|p2a: Terapagos|spa|1\n|-boost|p2a: Terapagos|spd|1\n|move|p1a: Bisharp|Swords Dance|p1a: Bisharp\n|-boost|p1a: Bisharp|atk|2\n|\n|upkeep\n|turn|20\n|\n|t:|1781441038\n|move|p2a: Terapagos|Tera Starstorm|p1a: Bisharp\n|-resisted|p1a: Bisharp\n|-damage|p1a: Bisharp|165/232\n|move|p1a: Bisharp|Throat Chop|p2a: Terapagos\n|-damage|p2a: Terapagos|63/273\n|-start|p2a: Terapagos|Throat Chop|[silent]\n|\n|upkeep\n|turn|21\n|\n|t:|1781441046\n|move|p1a: Bisharp|Sucker Punch||[still]\n|-fail|p1a: Bisharp\n|move|p2a: Terapagos|Rest|p2a: Terapagos\n|-status|p2a: Terapagos|slp|[from] move: Rest\n|-heal|p2a: Terapagos|273/273 slp|[silent]\n|-enditem|p2a: Terapagos|Chesto Berry|[eat]\n|-curestatus|p2a: Terapagos|slp|[msg]\n|\n|-end|p2a: Terapagos|Throat Chop|[silent]\n|upkeep\n|turn|22\n|\n|t:|1781441049\n|move|p2a: Terapagos|Tera Starstorm|p1a: Bisharp\n|-resisted|p1a: Bisharp\n|-damage|p1a: Bisharp|98/232\n|move|p1a: Bisharp|Iron Head|p2a: Terapagos\n|-activate|p2a: Terapagos|ability: Tera Shell\n|-resisted|p2a: Terapagos\n|-damage|p2a: Terapagos|191/273\n|\n|upkeep\n|turn|23\n|\n|t:|1781441056\n|move|p2a: Terapagos|Tera Starstorm|p1a: Bisharp\n|-resisted|p1a: Bisharp\n|-damage|p1a: Bisharp|23/232\n|move|p1a: Bisharp|Iron Head|p2a: Terapagos\n|-damage|p2a: Terapagos|29/273\n|\n|upkeep\n|turn|24\n|\n|t:|1781441062\n|move|p1a: Bisharp|Sucker Punch|p2a: Terapagos\n|-damage|p2a: Terapagos|0 fnt\n|faint|p2a: Terapagos\n|\n|upkeep\n|\n|t:|1781441064\n|switch|p2a: Terrakion|Terrakion, L79|246/273\n|turn|25\n|\n|t:|1781441071\n|switch|p1a: Dedenne|Dedenne, L88, F|261/261\n|move|p2a: Terrakion|Earthquake|p1a: Dedenne\n|-supereffective|p1a: Dedenne\n|-damage|p1a: Dedenne|19/261\n|-enditem|p1a: Dedenne|Sitrus Berry|[eat]\n|-heal|p1a: Dedenne|84/261|[from] item: Sitrus Berry\n|-heal|p1a: Dedenne|171/261|[from] ability: Cheek Pouch\n|-damage|p2a: Terrakion|219/273|[from] item: Life Orb\n|\n|upkeep\n|turn|26\n|\n|t:|1781441083\n|move|p1a: Dedenne|Thunderbolt|p2a: Terrakion\n|-damage|p2a: Terrakion|114/273\n|move|p2a: Terrakion|Earthquake|p1a: Dedenne\n|-supereffective|p1a: Dedenne\n|-crit|p1a: Dedenne\n|-damage|p1a: Dedenne|0 fnt\n|faint|p1a: Dedenne\n|-damage|p2a: Terrakion|87/273|[from] item: Life Orb\n|\n|upkeep\n|\n|t:|1781441092\n|switch|p1a: Regidrago|Regidrago, L77|435/435\n|turn|27\n|\n|t:|1781441096\n|switch|p2a: Wigglytuff|Wigglytuff, L96, F|264/424\n|move|p1a: Regidrago|Earthquake|p2a: Wigglytuff\n|-damage|p2a: Wigglytuff|180/424\n|\n|-heal|p2a: Wigglytuff|206/424|[from] item: Leftovers\n|upkeep\n|turn|28\n|\n|t:|1781441101\n|switch|p1a: Excadrill|Excadrill, L79, F|303/303\n|-ability|p1a: Excadrill|Mold Breaker\n|move|p2a: Wigglytuff|Wish|p2a: Wigglytuff\n|\n|-heal|p2a: Wigglytuff|232/424|[from] item: Leftovers\n|upkeep\n|turn|29\n|\n|t:|1781441105\n|switch|p2a: Emboar|Emboar, L84, F, tera:Fire|172/322\n|move|p1a: Excadrill|Rapid Spin|p2a: Emboar\n|-damage|p2a: Emboar|122/322\n|-boost|p1a: Excadrill|spe|1\n|\n|-heal|p2a: Emboar|322/322|[from] move: Wish|[wisher] Wigglytuff\n|upkeep\n|turn|30\n|\n|t:|1781441112\n|move|p1a: Excadrill|Rock Slide|p2a: Emboar\n|-supereffective|p2a: Emboar\n|-damage|p2a: Emboar|170/322\n|move|p2a: Emboar|Flare Blitz|p1a: Excadrill\n|-supereffective|p1a: Excadrill\n|-damage|p1a: Excadrill|0 fnt\n|faint|p1a: Excadrill\n|-damage|p2a: Emboar|70/322|[from] Recoil\n|\n|upkeep\n|\n|t:|1781441119\n|switch|p1a: Regidrago|Regidrago, L77|435/435\n|turn|31\n|\n|t:|1781441121\n|switch|p2a: Wigglytuff|Wigglytuff, L96, F|232/424\n|move|p1a: Regidrago|Earthquake|p2a: Wigglytuff\n|-damage|p2a: Wigglytuff|150/424\n|\n|-heal|p2a: Wigglytuff|176/424|[from] item: Leftovers\n|upkeep\n|turn|32\n|\n|t:|1781441125\n|switch|p1a: Bisharp|Bisharp, L79, M|23/232\n|move|p2a: Wigglytuff|Dazzling Gleam|p1a: Bisharp\n|-damage|p1a: Bisharp|0 fnt\n|faint|p1a: Bisharp\n|\n|-heal|p2a: Wigglytuff|202/424|[from] item: Leftovers\n|upkeep\n|\n|t:|1781441126\n|switch|p1a: Regidrago|Regidrago, L77|435/435\n|turn|33\n|-message|Smashkrabba forfeited.\n|\n|win|HYDRAx9000\n|raw|Smashkrabba's rating: 1740 &rarr; <strong>1720</strong><br />(-20 for losing)\n|raw|HYDRAx9000's rating: 1741 &rarr; <strong>1761</strong><br />(+20 for winning)\n|l|\u2606Smashkrabba\n|player|p1|\n|c|\u2606HYDRAx9000|ggs\n", "uploadtime": 1781441135, "views": 2, "formatid": "gen9randombattle", "rating": 1720, "private": 0, "password": null}