{"id": "gen9randombattle-2631555564", "format": "[Gen 9] Random Battle", "players": ["WhatEver2102", "Addddlleyy"], "log": "|j|\u2606WhatEver2102\n|j|\u2606Addddlleyy\n|t:|1781400737\n|gametype|singles\n|player|p1|WhatEver2102|juan|1955\n|player|p2|Addddlleyy|swimmer|2010\n|gen|9\n|tier|[Gen 9] Random Battle\n|rated|\n|rule|Species Clause: Limit one of each Pok\u00e9mon\n|rule|HP Percentage Mod: HP is shown in percentages\n|rule|Sleep Clause Mod: Limit one foe put to sleep\n|rule|Illusion Level Mod: Illusion disguises the Pok\u00e9mon's true level\n|\n|t:|1781400737\n|teamsize|p1|6\n|teamsize|p2|6\n|start\n|switch|p1a: Weavile|Weavile, L79, M|240/240\n|switch|p2a: Tauros|Tauros-Paldea-Blaze, L81, M|252/252\n|turn|1\n|inactive|Battle timer is ON: inactive players will automatically lose when time's up. (requested by Addddlleyy)\n|\n|t:|1781400749\n|switch|p1a: Azumarill|Azumarill, L82, M|298/298\n|move|p2a: Tauros|Substitute|p2a: Tauros\n|-start|p2a: Tauros|Substitute\n|-damage|p2a: Tauros|189/252\n|\n|upkeep\n|turn|2\n|\n|t:|1781400757\n|move|p2a: Tauros|Close Combat|p1a: Azumarill\n|-resisted|p1a: Azumarill\n|-damage|p1a: Azumarill|232/298\n|-unboost|p2a: Tauros|def|1\n|-unboost|p2a: Tauros|spd|1\n|move|p1a: Azumarill|Liquidation|p2a: Tauros\n|-supereffective|p2a: Tauros\n|-end|p2a: Tauros|Substitute\n|\n|upkeep\n|turn|3\n|\n|t:|1781400765\n|switch|p2a: Manaphy|Manaphy, L78|284/284\n|move|p1a: Azumarill|Liquidation|p2a: Manaphy\n|-resisted|p2a: Manaphy\n|-damage|p2a: Manaphy|212/284\n|\n|-heal|p2a: Manaphy|229/284|[from] item: Leftovers\n|upkeep\n|turn|4\n|\n|t:|1781400771\n|switch|p1a: Electrode|Electrode-Hisui, L87|246/246\n|move|p2a: Manaphy|Tail Glow|p2a: Manaphy\n|-boost|p2a: Manaphy|spa|3\n|\n|-heal|p2a: Manaphy|246/284|[from] item: Leftovers\n|upkeep\n|turn|5\n|\n|t:|1781400776\n|switch|p2a: Regice|Regice, L88|284/284\n|move|p1a: Electrode|Thunderbolt|p2a: Regice\n|-damage|p2a: Regice|244/284\n|\n|upkeep\n|turn|6\n|\n|t:|1781400786\n|switch|p1a: Azumarill|Azumarill, L82, M|232/298\n|move|p2a: Regice|Thunder Wave|p1a: Azumarill\n|-status|p1a: Azumarill|par\n|\n|upkeep\n|turn|7\n|\n|t:|1781400796\n|move|p2a: Regice|Thunderbolt|p1a: Azumarill\n|-supereffective|p1a: Azumarill\n|-damage|p1a: Azumarill|86/298 par\n|move|p1a: Azumarill|Play Rough|p2a: Regice\n|-damage|p2a: Regice|103/284\n|\n|upkeep\n|turn|8\n|\n|t:|1781400803\n|move|p2a: Regice|Thunderbolt|p1a: Azumarill\n|-supereffective|p1a: Azumarill\n|-damage|p1a: Azumarill|0 fnt\n|faint|p1a: Azumarill\n|\n|upkeep\n|\n|t:|1781400809\n|switch|p1a: Weavile|Weavile, L79, M|240/240\n|turn|9\n|\n|t:|1781400814\n|switch|p2a: Tauros|Tauros-Paldea-Blaze, L81, M|189/252\n|move|p1a: Weavile|Knock Off|p2a: Tauros\n|-resisted|p2a: Tauros\n|-damage|p2a: Tauros|138/252\n|-enditem|p2a: Tauros|Sitrus Berry|[from] move: Knock Off|[of] p1a: Weavile\n|\n|upkeep\n|turn|10\n|\n|t:|1781400823\n|switch|p1a: Phione|Phione, L91|293/293\n|move|p2a: Tauros|Raging Bull|p1a: Phione\n|-resisted|p1a: Phione\n|-crit|p1a: Phione\n|-damage|p1a: Phione|218/293\n|\n|-heal|p1a: Phione|236/293|[from] item: Leftovers\n|upkeep\n|turn|11\n|\n|t:|1781400840\n|switch|p2a: Manaphy|Manaphy, L78|246/284\n|move|p1a: Phione|Scald|p2a: Manaphy\n|-resisted|p2a: Manaphy\n|-damage|p2a: Manaphy|204/284\n|-status|p2a: Manaphy|brn\n|\n|-heal|p2a: Manaphy|221/284 brn|[from] item: Leftovers\n|-heal|p1a: Phione|254/293|[from] item: Leftovers\n|-damage|p2a: Manaphy|204/284 brn|[from] brn\n|upkeep\n|turn|12\n|\n|t:|1781400849\n|switch|p1a: Electrode|Electrode-Hisui, L87|246/246\n|move|p2a: Manaphy|Ice Beam|p1a: Electrode\n|-supereffective|p1a: Electrode\n|-damage|p1a: Electrode|116/246\n|\n|-heal|p1a: Electrode|131/246|[from] item: Leftovers\n|-heal|p2a: Manaphy|221/284 brn|[from] item: Leftovers\n|-damage|p2a: Manaphy|204/284 brn|[from] brn\n|upkeep\n|turn|13\n|\n|t:|1781400856\n|switch|p2a: Regice|Regice, L88|103/284\n|move|p1a: Electrode|Giga Drain|p2a: Regice\n|-damage|p2a: Regice|67/284\n|-heal|p1a: Electrode|149/246|[from] drain|[of] p2a: Regice\n|\n|-heal|p1a: Electrode|164/246|[from] item: Leftovers\n|upkeep\n|turn|14\n|\n|t:|1781400865\n|switch|p1a: Weavile|Weavile, L79, M|240/240\n|move|p2a: Regice|Ice Beam|p1a: Weavile\n|-resisted|p1a: Weavile\n|-damage|p1a: Weavile|183/240\n|\n|upkeep\n|turn|15\n|\n|t:|1781400875\n|switch|p2a: Tauros|Tauros-Paldea-Blaze, L81, M|138/252\n|move|p1a: Weavile|Low Kick|p2a: Tauros\n|-damage|p2a: Tauros|83/252\n|\n|upkeep\n|turn|16\n|\n|t:|1781400883\n|switch|p1a: Phione|Phione, L91|254/293\n|move|p2a: Tauros|Close Combat|p1a: Phione\n|-damage|p1a: Phione|131/293\n|-unboost|p2a: Tauros|def|1\n|-unboost|p2a: Tauros|spd|1\n|\n|-heal|p1a: Phione|149/293|[from] item: Leftovers\n|upkeep\n|turn|17\n|\n|t:|1781400896\n|switch|p2a: Manaphy|Manaphy, L78|204/284 brn\n|move|p1a: Phione|Scald|p2a: Manaphy\n|-resisted|p2a: Manaphy\n|-damage|p2a: Manaphy|159/284 brn\n|\n|-heal|p2a: Manaphy|176/284 brn|[from] item: Leftovers\n|-heal|p1a: Phione|167/293|[from] item: Leftovers\n|-damage|p2a: Manaphy|159/284 brn|[from] brn\n|upkeep\n|turn|18\n|\n|t:|1781400909\n|move|p2a: Manaphy|Ice Beam|p1a: Phione\n|-resisted|p1a: Phione\n|-damage|p1a: Phione|141/293\n|move|p1a: Phione|Take Heart|p1a: Phione\n|-boost|p1a: Phione|spa|1\n|-boost|p1a: Phione|spd|1\n|\n|-heal|p2a: Manaphy|176/284 brn|[from] item: Leftovers\n|-heal|p1a: Phione|159/293|[from] item: Leftovers\n|-damage|p2a: Manaphy|159/284 brn|[from] brn\n|upkeep\n|turn|19\n|\n|t:|1781400916\n|move|p2a: Manaphy|Tail Glow|p2a: Manaphy\n|-boost|p2a: Manaphy|spa|3\n|move|p1a: Phione|Rest|p1a: Phione\n|-status|p1a: Phione|slp|[from] move: Rest\n|-heal|p1a: Phione|293/293 slp|[silent]\n|\n|-heal|p2a: Manaphy|176/284 brn|[from] item: Leftovers\n|-damage|p2a: Manaphy|159/284 brn|[from] brn\n|upkeep\n|turn|20\n|\n|t:|1781400922\n|move|p2a: Manaphy|Energy Ball|p1a: Phione\n|-supereffective|p1a: Phione\n|-damage|p1a: Phione|105/293 slp\n|cant|p1a: Phione|slp\n|move|p1a: Phione|Sleep Talk|p1a: Phione\n|move|p1a: Phione|Scald|p2a: Manaphy|[from] move: Sleep Talk\n|-resisted|p2a: Manaphy\n|-damage|p2a: Manaphy|99/284 brn\n|\n|-heal|p2a: Manaphy|116/284 brn|[from] item: Leftovers\n|-heal|p1a: Phione|123/293 slp|[from] item: Leftovers\n|-damage|p2a: Manaphy|99/284 brn|[from] brn\n|upkeep\n|turn|21\n|\n|t:|1781400933\n|move|p2a: Manaphy|Ice Beam|p1a: Phione\n|-resisted|p1a: Phione\n|-damage|p1a: Phione|72/293 slp\n|cant|p1a: Phione|slp\n|move|p1a: Phione|Sleep Talk|p1a: Phione\n|move|p1a: Phione|Rest||[from] move: Sleep Talk|[still]\n|-fail|p1a: Phione\n|\n|-heal|p2a: Manaphy|116/284 brn|[from] item: Leftovers\n|-heal|p1a: Phione|90/293 slp|[from] item: Leftovers\n|-damage|p2a: Manaphy|99/284 brn|[from] brn\n|upkeep\n|turn|22\n|\n|t:|1781400941\n|move|p2a: Manaphy|Energy Ball|p1a: Phione\n|-supereffective|p1a: Phione\n|-damage|p1a: Phione|0 fnt\n|faint|p1a: Phione\n|\n|-heal|p2a: Manaphy|116/284 brn|[from] item: Leftovers\n|-damage|p2a: Manaphy|99/284 brn|[from] brn\n|upkeep\n|\n|t:|1781400944\n|switch|p1a: Electrode|Electrode-Hisui, L87|164/246\n|turn|23\n|\n|t:|1781400950\n|switch|p2a: Regice|Regice, L88|67/284\n|move|p1a: Electrode|Giga Drain|p2a: Regice\n|-damage|p2a: Regice|28/284\n|-heal|p1a: Electrode|184/246|[from] drain|[of] p2a: Regice\n|\n|-heal|p1a: Electrode|199/246|[from] item: Leftovers\n|upkeep\n|turn|24\n|\n|t:|1781400954\n|move|p1a: Electrode|Giga Drain|p2a: Regice\n|-damage|p2a: Regice|0 fnt\n|-heal|p1a: Electrode|213/246|[from] drain|[of] p2a: Regice\n|faint|p2a: Regice\n|\n|-heal|p1a: Electrode|228/246|[from] item: Leftovers\n|upkeep\n|\n|t:|1781400962\n|switch|p2a: Mienshao|Mienshao, L83, M|243/243\n|turn|25\n|\n|t:|1781400972\n|move|p1a: Electrode|Substitute|p1a: Electrode\n|-start|p1a: Electrode|Substitute\n|-damage|p1a: Electrode|167/246\n|move|p2a: Mienshao|Poison Jab|p1a: Electrode\n|-supereffective|p1a: Electrode\n|-end|p1a: Electrode|Substitute\n|\n|-heal|p1a: Electrode|182/246|[from] item: Leftovers\n|upkeep\n|turn|26\n|\n|t:|1781400998\n|-terastallize|p1a: Electrode|Poison\n|move|p1a: Electrode|Leech Seed|p2a: Mienshao\n|-start|p2a: Mienshao|move: Leech Seed\n|move|p2a: Mienshao|Poison Jab|p1a: Electrode\n|-resisted|p1a: Electrode\n|-damage|p1a: Electrode|127/246\n|\n|-heal|p1a: Electrode|142/246|[from] item: Leftovers\n|-damage|p2a: Mienshao|213/243|[from] Leech Seed|[of] p1a: Electrode\n|-heal|p1a: Electrode|172/246|[silent]\n|upkeep\n|turn|27\n|\n|t:|1781401010\n|switch|p2a: Garganacl|Garganacl, L80, F|291/291\n|move|p1a: Electrode|Substitute|p1a: Electrode\n|-start|p1a: Electrode|Substitute\n|-damage|p1a: Electrode|111/246\n|\n|-heal|p1a: Electrode|126/246|[from] item: Leftovers\n|upkeep\n|turn|28\n|\n|t:|1781401029\n|-terastallize|p2a: Garganacl|Ghost\n|move|p1a: Electrode|Leech Seed|p2a: Garganacl\n|-start|p2a: Garganacl|move: Leech Seed\n|move|p2a: Garganacl|Body Press|p1a: Electrode\n|-resisted|p1a: Electrode\n|-crit|p1a: Electrode\n|-activate|p1a: Electrode|move: Substitute|[damage]\n|\n|-heal|p1a: Electrode|141/246|[from] item: Leftovers\n|-damage|p2a: Garganacl|255/291|[from] Leech Seed|[of] p1a: Electrode\n|-heal|p1a: Electrode|177/246|[silent]\n|upkeep\n|turn|29\n|-message|Addddlleyy forfeited.\n|\n|win|WhatEver2102\n", "uploadtime": 1781400739, "views": 3, "formatid": "gen9randombattle", "rating": null, "private": 0, "password": null}