{"id": "gen9randombattle-2631881003", "format": "[Gen 9] Random Battle", "players": ["rojasalexemanuel", "lucasisbad"], "log": "|j|\u2606rojasalexemanuel\n|j|\u2606lucasisbad\n|t:|1781451481\n|gametype|singles\n|player|p1|rojasalexemanuel|266|1065\n|player|p2|lucasisbad|cynthia|1023\n|gen|9\n|tier|[Gen 9] Random Battle\n|rated|\n|rule|Species Clause: Limit one of each Pok\u00e9mon\n|rule|HP Percentage Mod: HP is shown in percentages\n|rule|Sleep Clause Mod: Limit one foe put to sleep\n|rule|Illusion Level Mod: Illusion disguises the Pok\u00e9mon's true level\n|\n|t:|1781451481\n|teamsize|p1|6\n|teamsize|p2|6\n|start\n|switch|p1a: Calyrex|Calyrex, L93|337/337\n|switch|p2a: Wo-Chien|Wo-Chien, L83|277/277\n|-ability|p1a: Calyrex|Unnerve\n|-ability|p2a: Wo-Chien|Tablets of Ruin\n|turn|1\n|\n|t:|1781451491\n|move|p1a: Calyrex|Body Press|p2a: Wo-Chien\n|-supereffective|p2a: Wo-Chien\n|-damage|p2a: Wo-Chien|191/277\n|move|p2a: Wo-Chien|Knock Off|p1a: Calyrex\n|-supereffective|p1a: Calyrex\n|-damage|p1a: Calyrex|155/337\n|-enditem|p1a: Calyrex|Leftovers|[from] move: Knock Off|[of] p2a: Wo-Chien\n|\n|-heal|p2a: Wo-Chien|208/277|[from] item: Leftovers\n|upkeep\n|turn|2\n|\n|t:|1781451527\n|-terastallize|p1a: Calyrex|Steel\n|move|p1a: Calyrex|Body Press|p2a: Wo-Chien\n|-supereffective|p2a: Wo-Chien\n|-damage|p2a: Wo-Chien|126/277\n|move|p2a: Wo-Chien|Knock Off|p1a: Calyrex\n|-damage|p1a: Calyrex|95/337\n|\n|-heal|p2a: Wo-Chien|143/277|[from] item: Leftovers\n|upkeep\n|turn|3\n|\n|t:|1781451538\n|move|p1a: Calyrex|Leech Seed|p2a: Wo-Chien\n|-immune|p2a: Wo-Chien\n|move|p2a: Wo-Chien|Leech Seed|p1a: Calyrex\n|-start|p1a: Calyrex|move: Leech Seed\n|\n|-heal|p2a: Wo-Chien|160/277|[from] item: Leftovers\n|-damage|p1a: Calyrex|53/337|[from] Leech Seed|[of] p2a: Wo-Chien\n|-heal|p2a: Wo-Chien|202/277|[silent]\n|upkeep\n|turn|4\n|\n|t:|1781451553\n|move|p1a: Calyrex|Body Press|p2a: Wo-Chien\n|-supereffective|p2a: Wo-Chien\n|-damage|p2a: Wo-Chien|118/277\n|move|p2a: Wo-Chien|Stun Spore|p1a: Calyrex|[miss]\n|-miss|p2a: Wo-Chien|p1a: Calyrex\n|\n|-heal|p2a: Wo-Chien|135/277|[from] item: Leftovers\n|-damage|p1a: Calyrex|11/337|[from] Leech Seed|[of] p2a: Wo-Chien\n|-heal|p2a: Wo-Chien|177/277|[silent]\n|upkeep\n|turn|5\n|\n|t:|1781451564\n|move|p2a: Wo-Chien|Protect|p2a: Wo-Chien\n|-singleturn|p2a: Wo-Chien|Protect\n|move|p1a: Calyrex|Body Press|p2a: Wo-Chien\n|-activate|p2a: Wo-Chien|move: Protect\n|\n|-heal|p2a: Wo-Chien|194/277|[from] item: Leftovers\n|-damage|p1a: Calyrex|0 fnt|[from] Leech Seed|[of] p2a: Wo-Chien\n|-heal|p2a: Wo-Chien|205/277|[silent]\n|faint|p1a: Calyrex\n|upkeep\n|\n|t:|1781451582\n|switch|p1a: Houndoom|Houndoom, L87, M|272/272\n|turn|6\n|\n|t:|1781451601\n|move|p1a: Houndoom|Fire Blast|p2a: Wo-Chien\n|-supereffective|p2a: Wo-Chien\n|-damage|p2a: Wo-Chien|17/277\n|move|p2a: Wo-Chien|Leech Seed|p1a: Houndoom\n|-start|p1a: Houndoom|move: Leech Seed\n|\n|-heal|p2a: Wo-Chien|34/277|[from] item: Leftovers\n|-damage|p1a: Houndoom|238/272|[from] Leech Seed|[of] p2a: Wo-Chien\n|-heal|p2a: Wo-Chien|68/277|[silent]\n|upkeep\n|turn|7\n|\n|t:|1781451614\n|move|p1a: Houndoom|Nasty Plot|p1a: Houndoom\n|-boost|p1a: Houndoom|spa|2\n|move|p2a: Wo-Chien|Stun Spore|p1a: Houndoom\n|-status|p1a: Houndoom|par\n|\n|-heal|p2a: Wo-Chien|85/277|[from] item: Leftovers\n|-damage|p1a: Houndoom|204/272 par|[from] Leech Seed|[of] p2a: Wo-Chien\n|-heal|p2a: Wo-Chien|119/277|[silent]\n|upkeep\n|turn|8\n|\n|t:|1781451625\n|move|p2a: Wo-Chien|Knock Off|p1a: Houndoom\n|-resisted|p1a: Houndoom\n|-damage|p1a: Houndoom|138/272 par\n|-enditem|p1a: Houndoom|Heavy-Duty Boots|[from] move: Knock Off|[of] p2a: Wo-Chien\n|move|p1a: Houndoom|Fire Blast|p2a: Wo-Chien\n|-supereffective|p2a: Wo-Chien\n|-damage|p2a: Wo-Chien|0 fnt\n|faint|p2a: Wo-Chien\n|\n|upkeep\n|\n|t:|1781451642\n|switch|p2a: Tauros|Tauros-Paldea-Combat, L82, M|257/257\n|-ability|p2a: Tauros|Intimidate|boost\n|-unboost|p1a: Houndoom|atk|1\n|turn|9\n|\n|t:|1781451652\n|move|p2a: Tauros|Earthquake|p1a: Houndoom\n|-supereffective|p1a: Houndoom\n|-damage|p1a: Houndoom|0 fnt\n|faint|p1a: Houndoom\n|-damage|p2a: Tauros|232/257|[from] item: Life Orb\n|\n|upkeep\n|\n|t:|1781451664\n|switch|p1a: Espathra|Espathra, L80, F|283/283\n|turn|10\n|\n|t:|1781451698\n|move|p1a: Espathra|Stored Power|p2a: Tauros\n|-supereffective|p2a: Tauros\n|-damage|p2a: Tauros|178/257\n|move|p2a: Tauros|Bulk Up|p2a: Tauros\n|-boost|p2a: Tauros|atk|1\n|-boost|p2a: Tauros|def|1\n|\n|-ability|p1a: Espathra|Speed Boost|boost\n|-boost|p1a: Espathra|spe|1\n|upkeep\n|turn|11\n|\n|t:|1781451715\n|move|p1a: Espathra|Dazzling Gleam|p2a: Tauros\n|-supereffective|p2a: Tauros\n|-damage|p2a: Tauros|42/257\n|move|p2a: Tauros|Close Combat|p1a: Espathra\n|-resisted|p1a: Espathra\n|-damage|p1a: Espathra|91/283\n|-unboost|p2a: Tauros|def|1\n|-unboost|p2a: Tauros|spd|1\n|-damage|p2a: Tauros|17/257|[from] item: Life Orb\n|\n|-heal|p1a: Espathra|108/283|[from] item: Leftovers\n|-ability|p1a: Espathra|Speed Boost|boost\n|-boost|p1a: Espathra|spe|1\n|upkeep\n|turn|12\n|\n|t:|1781451731\n|move|p1a: Espathra|Protect|p1a: Espathra\n|-singleturn|p1a: Espathra|Protect\n|move|p2a: Tauros|Close Combat|p1a: Espathra\n|-activate|p1a: Espathra|move: Protect\n|\n|-heal|p1a: Espathra|125/283|[from] item: Leftovers\n|-ability|p1a: Espathra|Speed Boost|boost\n|-boost|p1a: Espathra|spe|1\n|upkeep\n|turn|13\n|\n|t:|1781451742\n|move|p1a: Espathra|Stored Power|p2a: Tauros\n|-supereffective|p2a: Tauros\n|-damage|p2a: Tauros|0 fnt\n|faint|p2a: Tauros\n|\n|-heal|p1a: Espathra|142/283|[from] item: Leftovers\n|-ability|p1a: Espathra|Speed Boost|boost\n|-boost|p1a: Espathra|spe|1\n|upkeep\n|\n|t:|1781451747\n|switch|p2a: Staraptor|Staraptor, L79, F|263/263\n|turn|14\n|\n|t:|1781451755\n|move|p1a: Espathra|Dazzling Gleam|p2a: Staraptor\n|-crit|p2a: Staraptor\n|-damage|p2a: Staraptor|159/263\n|move|p2a: Staraptor|U-turn|p1a: Espathra\n|-supereffective|p1a: Espathra\n|-damage|p1a: Espathra|0 fnt\n|faint|p1a: Espathra\n|\n|t:|1781451765\n|switch|p2a: Basculegion|Basculegion-F, L83, F|335/335|[from] U-turn\n|\n|upkeep\n|\n|t:|1781451772\n|switch|p1a: Gogoat|Gogoat, L88, F|360/360\n|turn|15\n|\n|t:|1781451796\n|switch|p2a: Koraidon|Koraidon, L64|235/235\n|-weather|SunnyDay|[from] ability: Orichalcum Pulse|[of] p2a: Koraidon\n|-activate|p2a: Koraidon|Orichalcum Pulse|[source]\n|move|p1a: Gogoat|Bulk Up|p1a: Gogoat\n|-boost|p1a: Gogoat|atk|1\n|-boost|p1a: Gogoat|def|1\n|\n|-weather|SunnyDay|[upkeep]\n|upkeep\n|turn|16\n|\n|t:|1781451814\n|move|p2a: Koraidon|Flare Blitz|p1a: Gogoat\n|-supereffective|p1a: Gogoat\n|-damage|p1a: Gogoat|24/360\n|-damage|p2a: Koraidon|124/235|[from] Recoil\n|move|p1a: Gogoat|Horn Leech|p2a: Koraidon\n|-resisted|p2a: Koraidon\n|-damage|p2a: Koraidon|57/235\n|-heal|p1a: Gogoat|58/360|[from] drain|[of] p2a: Koraidon\n|\n|-weather|SunnyDay|[upkeep]\n|-heal|p1a: Gogoat|80/360|[from] item: Leftovers\n|upkeep\n|turn|17\n|\n|t:|1781451881\n|move|p2a: Koraidon|Flare Blitz|p1a: Gogoat\n|-supereffective|p1a: Gogoat\n|-damage|p1a: Gogoat|0 fnt\n|faint|p1a: Gogoat\n|-damage|p2a: Koraidon|31/235|[from] Recoil\n|\n|-weather|SunnyDay|[upkeep]\n|upkeep\n|inactive|Battle timer is ON: inactive players will automatically lose when time's up. (requested by rojasalexemanuel)\n|\n|t:|1781451892\n|switch|p1a: Dudunsparce|Dudunsparce, L83, F|343/343\n|turn|18\n|\n|t:|1781451921\n|switch|p2a: Staraptor|Staraptor, L79, F|159/263\n|move|p1a: Dudunsparce|Earthquake|p2a: Staraptor\n|-immune|p2a: Staraptor\n|\n|-weather|SunnyDay|[upkeep]\n|upkeep\n|turn|19\n|\n|t:|1781451932\n|move|p2a: Staraptor|Close Combat|p1a: Dudunsparce\n|-supereffective|p1a: Dudunsparce\n|-damage|p1a: Dudunsparce|41/343\n|-unboost|p2a: Staraptor|def|1\n|-unboost|p2a: Staraptor|spd|1\n|move|p1a: Dudunsparce|Headbutt|p2a: Staraptor\n|-damage|p2a: Staraptor|17/263\n|\n|-weather|none\n|-heal|p1a: Dudunsparce|62/343|[from] item: Leftovers\n|upkeep\n|turn|20\n|\n|t:|1781451943\n|move|p2a: Staraptor|Close Combat|p1a: Dudunsparce\n|-supereffective|p1a: Dudunsparce\n|-damage|p1a: Dudunsparce|0 fnt\n|-unboost|p2a: Staraptor|def|1\n|-unboost|p2a: Staraptor|spd|1\n|faint|p1a: Dudunsparce\n|\n|upkeep\n|\n|t:|1781451952\n|switch|p1a: Giratina|Giratina, L75|349/349\n|-ability|p1a: Giratina|Pressure\n|turn|21\n|\n|t:|1781451976\n|switch|p2a: Jolteon|Jolteon, L84, F|246/246\n|move|p1a: Giratina|Will-O-Wisp|p2a: Jolteon\n|-status|p2a: Jolteon|brn\n|\n|-damage|p2a: Jolteon|231/246 brn|[from] brn\n|upkeep\n|turn|22\n|\n|t:|1781451989\n|move|p2a: Jolteon|Calm Mind|p2a: Jolteon\n|-boost|p2a: Jolteon|spa|1\n|-boost|p2a: Jolteon|spd|1\n|move|p1a: Giratina|Rest|p1a: Giratina\n|-fail|p1a: Giratina|heal\n|\n|-damage|p2a: Jolteon|216/246 brn|[from] brn\n|upkeep\n|turn|23\n|\n|t:|1781451997\n|move|p2a: Jolteon|Calm Mind|p2a: Jolteon\n|-boost|p2a: Jolteon|spa|1\n|-boost|p2a: Jolteon|spd|1\n|move|p1a: Giratina|Shadow Ball|p2a: Jolteon\n|-damage|p2a: Jolteon|183/246 brn\n|\n|-damage|p2a: Jolteon|168/246 brn|[from] brn\n|upkeep\n|turn|24\n|\n|t:|1781452008\n|move|p2a: Jolteon|Calm Mind|p2a: Jolteon\n|-boost|p2a: Jolteon|spa|1\n|-boost|p2a: Jolteon|spd|1\n|move|p1a: Giratina|Shadow Ball|p2a: Jolteon\n|-damage|p2a: Jolteon|140/246 brn\n|\n|-damage|p2a: Jolteon|125/246 brn|[from] brn\n|upkeep\n|turn|25\n|\n|t:|1781452017\n|move|p2a: Jolteon|Calm Mind|p2a: Jolteon\n|-boost|p2a: Jolteon|spa|1\n|-boost|p2a: Jolteon|spd|1\n|move|p1a: Giratina|Shadow Ball|p2a: Jolteon\n|-damage|p2a: Jolteon|103/246 brn\n|\n|-damage|p2a: Jolteon|88/246 brn|[from] brn\n|upkeep\n|turn|26\n|\n|t:|1781452027\n|move|p2a: Jolteon|Calm Mind|p2a: Jolteon\n|-boost|p2a: Jolteon|spa|1\n|-boost|p2a: Jolteon|spd|1\n|move|p1a: Giratina|Shadow Ball|p2a: Jolteon\n|-damage|p2a: Jolteon|69/246 brn\n|\n|-damage|p2a: Jolteon|54/246 brn|[from] brn\n|upkeep\n|turn|27\n|\n|t:|1781452036\n|move|p2a: Jolteon|Calm Mind|p2a: Jolteon\n|-boost|p2a: Jolteon|spa|1\n|-boost|p2a: Jolteon|spd|1\n|move|p1a: Giratina|Shadow Ball|p2a: Jolteon\n|-damage|p2a: Jolteon|36/246 brn\n|\n|-damage|p2a: Jolteon|21/246 brn|[from] brn\n|upkeep\n|turn|28\n|\n|t:|1781452046\n|move|p2a: Jolteon|Shadow Ball|p1a: Giratina\n|-supereffective|p1a: Giratina\n|-damage|p1a: Giratina|0 fnt\n|faint|p1a: Giratina\n|-damage|p2a: Jolteon|0 fnt|[from] item: Life Orb\n|faint|p2a: Jolteon\n|\n|win|lucasisbad\n|raw|rojasalexemanuel's rating: 1065 &rarr; <strong>1043</strong><br />(-22 for losing)\n|raw|lucasisbad's rating: 1023 &rarr; <strong>1064</strong><br />(+41 for winning)\n|l|\u2606rojasalexemanuel\n|player|p1|\n", "uploadtime": 1781452055, "views": 5, "formatid": "gen9randombattle", "rating": 1043, "private": 0, "password": null}