{"id": "gen9randombattle-2631644949", "format": "[Gen 9] Random Battle", "players": ["etetete", "Mitchel531"], "log": "|j|\u2606etetete\n|j|\u2606Mitchel531\n|t:|1781414003\n|gametype|singles\n|player|p1|etetete|170|2064\n|player|p2|Mitchel531|1|2085\n|gen|9\n|tier|[Gen 9] Random Battle\n|rated|\n|rule|Species Clause: Limit one of each Pok\u00e9mon\n|rule|HP Percentage Mod: HP is shown in percentages\n|rule|Sleep Clause Mod: Limit one foe put to sleep\n|rule|Illusion Level Mod: Illusion disguises the Pok\u00e9mon's true level\n|\n|t:|1781414003\n|teamsize|p1|6\n|teamsize|p2|6\n|start\n|switch|p1a: Necrozma|Necrozma, L80|286/286\n|switch|p2a: Clodsire|Clodsire, L81, F|343/343\n|turn|1\n|inactive|Battle timer is ON: inactive players will automatically lose when time's up. (requested by Mitchel531)\n|\n|t:|1781414026\n|switch|p1a: Donphan|Donphan, L84, F, shiny|288/288\n|switch|p2a: Diancie|Diancie, L82|216/216\n|\n|upkeep\n|turn|2\n|\n|t:|1781414038\n|switch|p2a: Skarmory|Skarmory, L80, M|235/235\n|move|p1a: Donphan|Stealth Rock|p2a: Skarmory\n|-sidestart|p2: Mitchel531|move: Stealth Rock\n|\n|upkeep\n|turn|3\n|\n|t:|1781414048\n|switch|p1a: Iron Crown|Iron Crown, L78|268/268\n|move|p2a: Skarmory|Stealth Rock|p1a: Iron Crown\n|-sidestart|p1: etetete|move: Stealth Rock\n|\n|upkeep\n|turn|4\n|\n|t:|1781414066\n|move|p1a: Iron Crown|Psyshock|p2a: Skarmory\n|-resisted|p2a: Skarmory\n|-damage|p2a: Skarmory|184/235\n|move|p2a: Skarmory|Body Press|p1a: Iron Crown\n|-damage|p1a: Iron Crown|199/268\n|\n|upkeep\n|turn|5\n|\n|t:|1781414074\n|-end|p1a: Iron Crown|Quark Drive|[silent]\n|switch|p1a: Donphan|Donphan, L84, F, shiny|288/288\n|-damage|p1a: Donphan|270/288|[from] Stealth Rock\n|move|p2a: Skarmory|Body Press|p1a: Donphan\n|-damage|p1a: Donphan|217/288\n|\n|-heal|p1a: Donphan|235/288|[from] item: Leftovers\n|upkeep\n|turn|6\n|\n|t:|1781414082\n|move|p2a: Skarmory|Brave Bird|p1a: Donphan\n|-damage|p1a: Donphan|156/288\n|-damage|p2a: Skarmory|158/235|[from] Recoil\n|move|p1a: Donphan|Rapid Spin|p2a: Skarmory\n|-resisted|p2a: Skarmory\n|-damage|p2a: Skarmory|143/235\n|-boost|p1a: Donphan|spe|1\n|-damage|p1a: Donphan|108/288|[from] item: Rocky Helmet|[of] p2a: Skarmory\n|-sideend|p1: etetete|Stealth Rock|[from] move: Rapid Spin|[of] p1a: Donphan\n|\n|-heal|p1a: Donphan|126/288|[from] item: Leftovers\n|upkeep\n|turn|7\n|\n|t:|1781414091\n|switch|p1a: Iron Crown|Iron Crown, L78|199/268\n|move|p2a: Skarmory|Stealth Rock|p1a: Iron Crown\n|-sidestart|p1: etetete|move: Stealth Rock\n|\n|upkeep\n|turn|8\n|\n|t:|1781414098\n|move|p1a: Iron Crown|Psyshock|p2a: Skarmory\n|-resisted|p2a: Skarmory\n|-crit|p2a: Skarmory\n|-damage|p2a: Skarmory|66/235\n|move|p2a: Skarmory|Roost|p2a: Skarmory\n|-heal|p2a: Skarmory|184/235\n|-singleturn|p2a: Skarmory|move: Roost\n|\n|upkeep\n|turn|9\n|\n|t:|1781414106\n|-end|p1a: Iron Crown|Quark Drive|[silent]\n|switch|p1a: Donphan|Donphan, L84, F, shiny|126/288\n|-damage|p1a: Donphan|108/288|[from] Stealth Rock\n|move|p2a: Skarmory|Body Press|p1a: Donphan\n|-damage|p1a: Donphan|54/288\n|\n|-heal|p1a: Donphan|72/288|[from] item: Leftovers\n|upkeep\n|turn|10\n|\n|t:|1781414112\n|move|p2a: Skarmory|Brave Bird|p1a: Donphan\n|-damage|p1a: Donphan|0 fnt\n|faint|p1a: Donphan\n|-damage|p2a: Skarmory|160/235|[from] Recoil\n|\n|upkeep\n|\n|t:|1781414117\n|switch|p1a: Iron Crown|Iron Crown, L78|199/268\n|-damage|p1a: Iron Crown|183/268|[from] Stealth Rock\n|turn|11\n|\n|t:|1781414122\n|move|p1a: Iron Crown|Volt Switch|p2a: Skarmory\n|-supereffective|p2a: Skarmory\n|-damage|p2a: Skarmory|0 fnt\n|faint|p2a: Skarmory\n|\n|t:|1781414129\n|-end|p1a: Iron Crown|Quark Drive|[silent]\n|switch|p1a: Necrozma|Necrozma, L80|286/286|[from] Volt Switch\n|-damage|p1a: Necrozma|251/286|[from] Stealth Rock\n|\n|upkeep\n|\n|t:|1781414137\n|switch|p2a: Torterra|Torterra, L78, F|276/276\n|-damage|p2a: Torterra|259/276|[from] Stealth Rock\n|turn|12\n|\n|t:|1781414148\n|move|p1a: Necrozma|Dragon Dance|p1a: Necrozma\n|-boost|p1a: Necrozma|atk|1\n|-boost|p1a: Necrozma|spe|1\n|move|p2a: Torterra|Shell Smash|p2a: Torterra\n|-unboost|p2a: Torterra|def|1\n|-unboost|p2a: Torterra|spd|1\n|-boost|p2a: Torterra|atk|2\n|-boost|p2a: Torterra|spa|2\n|-boost|p2a: Torterra|spe|2\n|\n|upkeep\n|turn|13\n|\n|t:|1781414153\n|move|p2a: Torterra|Bullet Seed|p1a: Necrozma\n|-damage|p1a: Necrozma|202/286\n|-damage|p1a: Necrozma|154/286\n|-damage|p1a: Necrozma|103/286\n|-damage|p1a: Necrozma|52/286\n|-hitcount|p1a: Necrozma|4\n|move|p1a: Necrozma|Dragon Dance|p1a: Necrozma\n|-boost|p1a: Necrozma|atk|1\n|-boost|p1a: Necrozma|spe|1\n|\n|upkeep\n|turn|14\n|\n|t:|1781414161\n|move|p1a: Necrozma|Photon Geyser|p2a: Torterra\n|-crit|p2a: Torterra\n|-damage|p2a: Torterra|0 fnt\n|faint|p2a: Torterra\n|\n|upkeep\n|\n|t:|1781414174\n|switch|p2a: Victreebel|Victreebel, L90, F|290/290\n|-damage|p2a: Victreebel|254/290|[from] Stealth Rock\n|turn|15\n|\n|t:|1781414177\n|move|p1a: Necrozma|Dragon Dance|p1a: Necrozma\n|-boost|p1a: Necrozma|atk|1\n|-boost|p1a: Necrozma|spe|1\n|move|p2a: Victreebel|Sunny Day|p2a: Victreebel\n|-weather|SunnyDay\n|\n|-weather|SunnyDay|[upkeep]\n|upkeep\n|turn|16\n|\n|t:|1781414188\n|move|p1a: Necrozma|Photon Geyser|p2a: Victreebel\n|-supereffective|p2a: Victreebel\n|-damage|p2a: Victreebel|0 fnt\n|faint|p2a: Victreebel\n|\n|-weather|SunnyDay|[upkeep]\n|upkeep\n|\n|t:|1781414196\n|switch|p2a: Terapagos|Terapagos, L77, F|265/265\n|-activate|p2a: Terapagos|ability: Tera Shift\n|detailschange|p2a: Terapagos|Terapagos-Terastal, L77, F\n|-heal|p2a: Terapagos|273/273|[silent]\n|-damage|p2a: Terapagos|239/273|[from] Stealth Rock\n|turn|17\n|\n|t:|1781414200\n|move|p1a: Necrozma|Photon Geyser|p2a: Terapagos\n|-damage|p2a: Terapagos|13/273\n|move|p2a: Terapagos|Tera Starstorm|p1a: Necrozma\n|-damage|p1a: Necrozma|0 fnt\n|faint|p1a: Necrozma\n|\n|-weather|SunnyDay|[upkeep]\n|upkeep\n|\n|t:|1781414212\n|switch|p1a: Iron Crown|Iron Crown, L78|183/268\n|-damage|p1a: Iron Crown|167/268|[from] Stealth Rock\n|turn|18\n|\n|t:|1781414219\n|move|p1a: Iron Crown|Psyshock|p2a: Terapagos\n|-damage|p2a: Terapagos|0 fnt\n|faint|p2a: Terapagos\n|\n|-weather|SunnyDay|[upkeep]\n|upkeep\n|\n|t:|1781414221\n|switch|p2a: Diancie|Diancie, L82|216/216\n|-damage|p2a: Diancie|189/216|[from] Stealth Rock\n|turn|19\n|\n|t:|1781414232\n|-end|p1a: Iron Crown|Quark Drive|[silent]\n|switch|p1a: Floatzel|Floatzel, L86, M|286/286\n|-damage|p1a: Floatzel|251/286|[from] Stealth Rock\n|move|p2a: Diancie|Calm Mind|p2a: Diancie\n|-boost|p2a: Diancie|spa|1\n|-boost|p2a: Diancie|spd|1\n|\n|-weather|none\n|-heal|p1a: Floatzel|268/286|[from] item: Leftovers\n|-heal|p2a: Diancie|202/216|[from] item: Leftovers\n|upkeep\n|turn|20\n|\n|t:|1781414240\n|-terastallize|p2a: Diancie|Fairy\n|move|p1a: Floatzel|Taunt|p2a: Diancie\n|-start|p2a: Diancie|move: Taunt\n|move|p2a: Diancie|Diamond Storm|p1a: Floatzel\n|-damage|p1a: Floatzel|141/286\n|\n|-heal|p1a: Floatzel|158/286|[from] item: Leftovers\n|-heal|p2a: Diancie|215/216|[from] item: Leftovers\n|upkeep\n|turn|21\n|\n|t:|1781414249\n|move|p1a: Floatzel|Bulk Up|p1a: Floatzel\n|-boost|p1a: Floatzel|atk|1\n|-boost|p1a: Floatzel|def|1\n|move|p2a: Diancie|Diamond Storm|p1a: Floatzel\n|-damage|p1a: Floatzel|73/286\n|\n|-heal|p1a: Floatzel|90/286|[from] item: Leftovers\n|-heal|p2a: Diancie|216/216|[from] item: Leftovers\n|upkeep\n|turn|22\n|\n|t:|1781414258\n|move|p1a: Floatzel|Wave Crash|p2a: Diancie\n|-damage|p2a: Diancie|69/216\n|-damage|p1a: Floatzel|41/286|[from] Recoil\n|move|p2a: Diancie|Diamond Storm|p1a: Floatzel\n|-damage|p1a: Floatzel|0 fnt\n|-boost|p2a: Diancie|def|2\n|faint|p1a: Floatzel\n|\n|-heal|p2a: Diancie|82/216|[from] item: Leftovers\n|-end|p2a: Diancie|move: Taunt\n|upkeep\n|\n|t:|1781414263\n|switch|p1a: Iron Crown|Iron Crown, L78|167/268\n|-damage|p1a: Iron Crown|151/268|[from] Stealth Rock\n|turn|23\n|\n|t:|1781414269\n|move|p1a: Iron Crown|Tachyon Cutter|p2a: Diancie\n|-supereffective|p2a: Diancie\n|-damage|p2a: Diancie|10/216\n|-supereffective|p2a: Diancie\n|-damage|p2a: Diancie|0 fnt\n|faint|p2a: Diancie\n|-hitcount|p2: Diancie|2\n|\n|upkeep\n|\n|t:|1781414271\n|switch|p2a: Clodsire|Clodsire, L81, F|343/343\n|-damage|p2a: Clodsire|322/343|[from] Stealth Rock\n|turn|24\n|\n|t:|1781414280\n|-end|p1a: Iron Crown|Quark Drive|[silent]\n|switch|p1a: Houndstone|Houndstone, L86, M|264/264\n|-damage|p1a: Houndstone|231/264|[from] Stealth Rock\n|move|p2a: Clodsire|Earthquake|p1a: Houndstone\n|-damage|p1a: Houndstone|155/264\n|\n|-heal|p2a: Clodsire|343/343|[from] item: Leftovers\n|upkeep\n|turn|25\n|j| nocomment3\n|\n|t:|1781414289\n|move|p1a: Houndstone|Poltergeist|p2a: Clodsire\n|-activate|p2a: Clodsire|move: Poltergeist|Leftovers\n|-damage|p2a: Clodsire|91/343\n|move|p2a: Clodsire|Spikes|p1a: Houndstone\n|-sidestart|p1: etetete|Spikes\n|\n|-heal|p2a: Clodsire|112/343|[from] item: Leftovers\n|upkeep\n|turn|26\n|-message|Mitchel531 forfeited.\n|\n|win|etetete\n|raw|etetete's rating: 2064 &rarr; <strong>2085</strong><br />(+21 for winning)\n|raw|Mitchel531's rating: 2085 &rarr; <strong>2064</strong><br />(-21 for losing)\n", "uploadtime": 1781414004, "views": 5, "formatid": "gen9randombattle", "rating": 2064, "private": 0, "password": null}