{"id": "gen9randombattle-2631379678", "format": "[Gen 9] Random Battle", "players": ["UncleKrack", "Manofsteelteal"], "log": "|j|\u2606UncleKrack\n|j|\u2606Manofsteelteal\n|t:|1781377750\n|gametype|singles\n|player|p1|UncleKrack|emmet|1551\n|player|p2|Manofsteelteal|hugh|1555\n|gen|9\n|tier|[Gen 9] Random Battle\n|rated|\n|rule|Species Clause: Limit one of each Pok\u00e9mon\n|rule|HP Percentage Mod: HP is shown in percentages\n|rule|Sleep Clause Mod: Limit one foe put to sleep\n|rule|Illusion Level Mod: Illusion disguises the Pok\u00e9mon's true level\n|\n|t:|1781377750\n|teamsize|p1|6\n|teamsize|p2|6\n|start\n|switch|p1a: Goodra|Goodra, L85, F|292/292\n|switch|p2a: Incineroar|Incineroar, L82, M|290/290\n|-ability|p2a: Incineroar|Intimidate|boost\n|-unboost|p1a: Goodra|atk|1\n|turn|1\n|inactive|Battle timer is ON: inactive players will automatically lose when time's up. (requested by Manofsteelteal)\n|inactive|UncleKrack also wants the timer to be on.\n|\n|t:|1781377763\n|move|p1a: Goodra|Draco Meteor|p2a: Incineroar\n|-damage|p2a: Incineroar|188/290\n|-unboost|p1a: Goodra|spa|2\n|move|p2a: Incineroar|Knock Off|p1a: Goodra\n|-damage|p1a: Goodra|157/292\n|-enditem|p1a: Goodra|Assault Vest|[from] move: Knock Off|[of] p2a: Incineroar\n|\n|upkeep\n|turn|2\n|\n|t:|1781377777\n|move|p1a: Goodra|Earthquake|p2a: Incineroar\n|-supereffective|p2a: Incineroar\n|-damage|p2a: Incineroar|86/290\n|move|p2a: Incineroar|U-turn|p1a: Goodra\n|-damage|p1a: Goodra|96/292\n|\n|t:|1781377784\n|switch|p2a: Dedenne|Dedenne, L88, M|261/261|[from] U-turn\n|\n|upkeep\n|turn|3\n|\n|t:|1781377801\n|switch|p1a: Wyrdeer|Wyrdeer, L87, F|321/321\n|-ability|p1a: Wyrdeer|Intimidate|boost\n|-unboost|p2a: Dedenne|atk|1\n|move|p2a: Dedenne|Nuzzle|p1a: Wyrdeer\n|-damage|p1a: Wyrdeer|308/321\n|-status|p1a: Wyrdeer|par\n|\n|-heal|p1a: Wyrdeer|321/321 par|[from] item: Leftovers\n|upkeep\n|turn|4\n|\n|t:|1781377817\n|switch|p2a: Incineroar|Incineroar, L82, M|86/290\n|-ability|p2a: Incineroar|Intimidate|boost\n|-unboost|p1a: Wyrdeer|atk|1\n|move|p1a: Wyrdeer|Earthquake|p2a: Incineroar\n|-supereffective|p2a: Incineroar\n|-damage|p2a: Incineroar|0 fnt\n|faint|p2a: Incineroar\n|\n|upkeep\n|\n|t:|1781377833\n|switch|p2a: Rabsca|Rabsca, L91, F|284/284\n|turn|5\n|\n|t:|1781377839\n|move|p2a: Rabsca|Bug Buzz|p1a: Wyrdeer\n|-supereffective|p1a: Wyrdeer\n|-damage|p1a: Wyrdeer|31/321 par\n|move|p1a: Wyrdeer|Thunder Wave|p2a: Rabsca\n|-status|p2a: Rabsca|par\n|-activate|p2a: Rabsca|ability: Synchronize\n|-fail|p1a: Wyrdeer|par\n|\n|-heal|p1a: Wyrdeer|51/321 par|[from] item: Leftovers\n|upkeep\n|turn|6\n|\n|t:|1781377847\n|move|p1a: Wyrdeer|Megahorn|p2a: Rabsca\n|-supereffective|p2a: Rabsca\n|-damage|p2a: Rabsca|164/284 par\n|cant|p2a: Rabsca|par\n|\n|-heal|p1a: Wyrdeer|71/321 par|[from] item: Leftovers\n|upkeep\n|turn|7\n|\n|t:|1781377851\n|cant|p1a: Wyrdeer|par\n|move|p2a: Rabsca|Revival Blessing|p2a: Rabsca\n|\n|t:|1781377853\n|-heal|p2: Incineroar|145/290|[from] move: Revival Blessing\n|\n|-heal|p1a: Wyrdeer|91/321 par|[from] item: Leftovers\n|upkeep\n|turn|8\n|\n|t:|1781377862\n|switch|p1a: Goodra|Goodra, L85, F|96/292\n|move|p2a: Rabsca|Bug Buzz|p1a: Goodra\n|-damage|p1a: Goodra|18/292\n|\n|upkeep\n|turn|9\n|\n|t:|1781377870\n|move|p1a: Goodra|Draco Meteor|p2a: Rabsca\n|-damage|p2a: Rabsca|35/284 par\n|-unboost|p1a: Goodra|spa|2\n|move|p2a: Rabsca|Psychic|p1a: Goodra\n|-damage|p1a: Goodra|0 fnt\n|faint|p1a: Goodra\n|\n|upkeep\n|\n|t:|1781377878\n|switch|p1a: Banette|Banette, L93, M|270/270\n|turn|10\n|\n|t:|1781377890\n|move|p1a: Banette|Gunk Shot|p2a: Rabsca|[miss]\n|-miss|p1a: Banette|p2a: Rabsca\n|move|p2a: Rabsca|Bug Buzz|p1a: Banette\n|-resisted|p1a: Banette\n|-damage|p1a: Banette|195/270\n|\n|upkeep\n|turn|11\n|\n|t:|1781377896\n|move|p1a: Banette|Swords Dance|p1a: Banette\n|-boost|p1a: Banette|atk|2\n|move|p2a: Rabsca|Psychic|p1a: Banette\n|-crit|p1a: Banette\n|-damage|p1a: Banette|0 fnt\n|faint|p1a: Banette\n|\n|upkeep\n|c|\u2606UncleKrack|W\n|\n|t:|1781377902\n|switch|p1a: Wyrdeer|Wyrdeer, L87, F|91/321 par\n|-ability|p1a: Wyrdeer|Intimidate|boost\n|-unboost|p2a: Rabsca|atk|1\n|turn|12\n|\n|t:|1781377909\n|move|p1a: Wyrdeer|Earthquake|p2a: Rabsca\n|-resisted|p2a: Rabsca\n|-damage|p2a: Rabsca|0 fnt\n|faint|p2a: Rabsca\n|\n|-heal|p1a: Wyrdeer|111/321 par|[from] item: Leftovers\n|upkeep\n|\n|t:|1781377917\n|switch|p2a: Dedenne|Dedenne, L88, M|219/219\n|turn|13\n|\n|t:|1781377926\n|move|p2a: Dedenne|Hyper Voice|p1a: Wyrdeer\n|-damage|p1a: Wyrdeer|0 fnt\n|faint|p1a: Wyrdeer\n|\n|upkeep\n|\n|t:|1781377937\n|switch|p1a: Persian|Persian, L92, M|269/269\n|turn|14\n|\n|t:|1781377940\n|move|p1a: Persian|Knock Off|p2a: Dedenne\n|-supereffective|p2a: Dedenne\n|-damage|p2a: Dedenne|0 fnt\n|replace|p2a: Zoroark|Zoroark-Hisui, L80, M\n|-end|p2a: Zoroark|Illusion\n|-hint|Illusion Level Mod is active, so this Pok\u00e9mon's true level was hidden.\n|-enditem|p2a: Zoroark|Choice Specs|[from] move: Knock Off|[of] p1a: Persian\n|faint|p2a: Zoroark\n|\n|upkeep\n|\n|t:|1781377944\n|switch|p2a: Incineroar|Incineroar, L82, M|145/290\n|-ability|p2a: Incineroar|Intimidate|boost\n|-unboost|p1a: Persian|atk|1\n|turn|15\n|\n|t:|1781377951\n|switch|p1a: Hippowdon|Hippowdon, L82, F|311/311\n|-weather|Sandstorm|[from] ability: Sand Stream|[of] p1a: Hippowdon\n|move|p2a: Incineroar|Close Combat|p1a: Hippowdon\n|-damage|p1a: Hippowdon|231/311\n|-unboost|p2a: Incineroar|def|1\n|-unboost|p2a: Incineroar|spd|1\n|-damage|p2a: Incineroar|97/290|[from] item: Rocky Helmet|[of] p1a: Hippowdon\n|\n|-weather|Sandstorm|[upkeep]\n|-damage|p2a: Incineroar|79/290|[from] Sandstorm\n|upkeep\n|turn|16\n|\n|t:|1781377959\n|move|p2a: Incineroar|U-turn|p1a: Hippowdon\n|-damage|p1a: Hippowdon|189/311\n|-damage|p2a: Incineroar|31/290|[from] item: Rocky Helmet|[of] p1a: Hippowdon\n|\n|t:|1781377962\n|switch|p2a: Espathra|Espathra, L80, M|283/283|[from] U-turn\n|move|p1a: Hippowdon|Slack Off|p1a: Hippowdon\n|-heal|p1a: Hippowdon|311/311\n|\n|-weather|Sandstorm|[upkeep]\n|-damage|p2a: Espathra|266/283|[from] Sandstorm\n|-heal|p2a: Espathra|283/283|[from] item: Leftovers\n|upkeep\n|turn|17\n|\n|t:|1781377970\n|move|p2a: Espathra|Substitute|p2a: Espathra\n|-start|p2a: Espathra|Substitute\n|-damage|p2a: Espathra|213/283\n|move|p1a: Hippowdon|Whirlwind|p2a: Espathra\n|drag|p2a: Incineroar|Incineroar, L82, M|31/290\n|-ability|p2a: Incineroar|Intimidate|boost\n|-unboost|p1a: Hippowdon|atk|1\n|\n|-weather|Sandstorm|[upkeep]\n|-damage|p2a: Incineroar|13/290|[from] Sandstorm\n|upkeep\n|turn|18\n|\n|t:|1781377978\n|move|p2a: Incineroar|Knock Off|p1a: Hippowdon\n|-damage|p1a: Hippowdon|217/311\n|-damage|p2a: Incineroar|0 fnt|[from] item: Rocky Helmet|[of] p1a: Hippowdon\n|faint|p2a: Incineroar\n|move|p1a: Hippowdon|Earthquake|p2: Incineroar|[notarget]\n|-fail|p1a: Hippowdon\n|\n|-weather|Sandstorm|[upkeep]\n|upkeep\n|\n|t:|1781377985\n|switch|p2a: Dedenne|Dedenne, L88, M|261/261\n|turn|19\n|\n|t:|1781377991\n|-terastallize|p2a: Dedenne|Flying\n|move|p2a: Dedenne|Super Fang|p1a: Hippowdon\n|-damage|p1a: Hippowdon|109/311\n|-damage|p2a: Dedenne|218/261|[from] item: Rocky Helmet|[of] p1a: Hippowdon\n|move|p1a: Hippowdon|Slack Off|p1a: Hippowdon\n|-heal|p1a: Hippowdon|265/311\n|\n|-weather|none\n|upkeep\n|turn|20\n|\n|t:|1781378000\n|move|p2a: Dedenne|Super Fang|p1a: Hippowdon\n|-damage|p1a: Hippowdon|133/311\n|-damage|p2a: Dedenne|175/261|[from] item: Rocky Helmet|[of] p1a: Hippowdon\n|move|p1a: Hippowdon|Stone Edge|p2a: Dedenne\n|-supereffective|p2a: Dedenne\n|-damage|p2a: Dedenne|51/261\n|-enditem|p2a: Dedenne|Sitrus Berry|[eat]\n|-heal|p2a: Dedenne|116/261|[from] item: Sitrus Berry\n|-heal|p2a: Dedenne|203/261|[from] ability: Cheek Pouch\n|\n|upkeep\n|turn|21\n|\n|t:|1781378011\n|move|p2a: Dedenne|Dazzling Gleam|p1a: Hippowdon\n|-crit|p1a: Hippowdon\n|-damage|p1a: Hippowdon|0 fnt\n|faint|p1a: Hippowdon\n|\n|upkeep\n|\n|t:|1781378014\n|switch|p1a: Persian|Persian, L92, M|269/269\n|turn|22\n|\n|t:|1781378043\n|move|p1a: Persian|Double-Edge|p2a: Dedenne\n|-damage|p2a: Dedenne|0 fnt\n|faint|p2a: Dedenne\n|-damage|p1a: Persian|202/269|[from] Recoil\n|\n|upkeep\n|\n|t:|1781378046\n|switch|p2a: Drednaw|Drednaw, L81, F|278/278\n|turn|23\n|\n|t:|1781378054\n|switch|p1a: Clefable|Clefable, L83, M|293/293\n|move|p2a: Drednaw|Shell Smash|p2a: Drednaw\n|-unboost|p2a: Drednaw|def|1\n|-unboost|p2a: Drednaw|spd|1\n|-boost|p2a: Drednaw|atk|2\n|-boost|p2a: Drednaw|spa|2\n|-boost|p2a: Drednaw|spe|2\n|-enditem|p2a: Drednaw|White Herb\n|-clearnegativeboost|p2a: Drednaw|[silent]\n|\n|upkeep\n|turn|24\n|\n|t:|1781378062\n|move|p2a: Drednaw|Liquidation|p1a: Clefable\n|-damage|p1a: Clefable|175/293\n|move|p1a: Clefable|Moonblast|p2a: Drednaw\n|-damage|p2a: Drednaw|164/278\n|\n|-heal|p1a: Clefable|193/293|[from] item: Leftovers\n|upkeep\n|turn|25\n|\n|t:|1781378072\n|move|p2a: Drednaw|Liquidation|p1a: Clefable\n|-damage|p1a: Clefable|88/293\n|move|p1a: Clefable|Moonlight|p1a: Clefable\n|-heal|p1a: Clefable|234/293\n|\n|-heal|p1a: Clefable|252/293|[from] item: Leftovers\n|upkeep\n|turn|26\n|\n|t:|1781378077\n|move|p2a: Drednaw|Liquidation|p1a: Clefable\n|-damage|p1a: Clefable|149/293\n|move|p1a: Clefable|Moonblast|p2a: Drednaw\n|-damage|p2a: Drednaw|35/278\n|\n|-heal|p1a: Clefable|167/293|[from] item: Leftovers\n|upkeep\n|turn|27\n|\n|t:|1781378084\n|move|p2a: Drednaw|Stone Edge|p1a: Clefable\n|-damage|p1a: Clefable|34/293\n|move|p1a: Clefable|Moonlight|p1a: Clefable\n|-heal|p1a: Clefable|180/293\n|\n|-heal|p1a: Clefable|198/293|[from] item: Leftovers\n|upkeep\n|turn|28\n|\n|t:|1781378089\n|move|p2a: Drednaw|Liquidation|p1a: Clefable\n|-damage|p1a: Clefable|89/293\n|-unboost|p1a: Clefable|def|1\n|move|p1a: Clefable|Moonlight|p1a: Clefable\n|-heal|p1a: Clefable|235/293\n|\n|-heal|p1a: Clefable|253/293|[from] item: Leftovers\n|upkeep\n|turn|29\n|\n|t:|1781378099\n|move|p2a: Drednaw|Stone Edge|p1a: Clefable\n|-damage|p1a: Clefable|39/293\n|move|p1a: Clefable|Moonblast|p2a: Drednaw\n|-damage|p2a: Drednaw|0 fnt\n|faint|p2a: Drednaw\n|\n|-heal|p1a: Clefable|57/293|[from] item: Leftovers\n|upkeep\n|\n|t:|1781378105\n|switch|p2a: Espathra|Espathra, L80, M|213/283\n|turn|30\n|\n|t:|1781378108\n|move|p2a: Espathra|Calm Mind|p2a: Espathra\n|-boost|p2a: Espathra|spa|1\n|-boost|p2a: Espathra|spd|1\n|move|p1a: Clefable|Moonblast|p2a: Espathra\n|-damage|p2a: Espathra|78/283\n|\n|-heal|p2a: Espathra|95/283|[from] item: Leftovers\n|-heal|p1a: Clefable|75/293|[from] item: Leftovers\n|-ability|p2a: Espathra|Speed Boost|boost\n|-boost|p2a: Espathra|spe|1\n|upkeep\n|turn|31\n|\n|t:|1781378118\n|move|p2a: Espathra|Dazzling Gleam|p1a: Clefable\n|-damage|p1a: Clefable|16/293\n|move|p1a: Clefable|Moonblast|p2a: Espathra\n|-damage|p2a: Espathra|0 fnt\n|faint|p2a: Espathra\n|\n|win|UncleKrack\n|raw|UncleKrack's rating: 1551 &rarr; <strong>1571</strong><br />(+20 for winning)\n|raw|Manofsteelteal's rating: 1555 &rarr; <strong>1535</strong><br />(-20 for losing)\n", "uploadtime": 1781378118, "views": 7, "formatid": "gen9randombattle", "rating": 1535, "private": 0, "password": null}