{"id": "gen9randombattle-2631873827", "format": "[Gen 9] Random Battle", "players": ["shallowdream20", "Hogrider2000"], "log": "|j|\u2606shallowdream20\n|j|\u203dHogrider2000\n|t:|1781450674\n|gametype|singles\n|player|p1|shallowdream20|lady-gen4|2071\n|player|p2|Hogrider2000|1|2058\n|gen|9\n|tier|[Gen 9] Random Battle\n|rated|\n|rule|Species Clause: Limit one of each Pok\u00e9mon\n|rule|HP Percentage Mod: HP is shown in percentages\n|rule|Sleep Clause Mod: Limit one foe put to sleep\n|rule|Illusion Level Mod: Illusion disguises the Pok\u00e9mon's true level\n|\n|t:|1781450674\n|teamsize|p1|6\n|teamsize|p2|6\n|start\n|switch|p1a: Galvantula|Galvantula, L82, M|249/249\n|switch|p2a: Reuniclus|Reuniclus, L88, F|337/337\n|turn|1\n|inactive|Battle timer is ON: inactive players will automatically lose when time's up. (requested by Hogrider2000)\n|inactive|shallowdream20 has 120 seconds left.\n|\n|t:|1781450735\n|move|p1a: Galvantula|Bug Buzz|p2a: Reuniclus\n|-supereffective|p2a: Reuniclus\n|-damage|p2a: Reuniclus|151/337\n|move|p2a: Reuniclus|Psyshock|p1a: Galvantula\n|-crit|p1a: Galvantula\n|-enditem|p1a: Galvantula|Focus Sash\n|-damage|p1a: Galvantula|1/249\n|\n|upkeep\n|turn|2\n|\n|t:|1781450745\n|switch|p2a: Hariyama|Hariyama, L87, F|392/392\n|move|p1a: Galvantula|Sticky Web|p2a: Hariyama\n|-sidestart|p2: Hogrider2000|move: Sticky Web\n|\n|-status|p2a: Hariyama|brn|[from] item: Flame Orb\n|upkeep\n|turn|3\n|\n|t:|1781450757\n|switch|p1a: Swanna|Swanna, L89, F|278/278\n|move|p2a: Hariyama|Fake Out|p1a: Swanna\n|-damage|p1a: Swanna|208/278\n|\n|-damage|p2a: Hariyama|368/392 brn|[from] brn\n|upkeep\n|turn|4\n|\n|t:|1781450760\n|move|p1a: Swanna|Brave Bird|p2a: Hariyama\n|-supereffective|p2a: Hariyama\n|-damage|p2a: Hariyama|14/392 brn\n|-damage|p1a: Swanna|91/278|[from] Recoil\n|move|p2a: Hariyama|Facade|p1a: Swanna\n|-damage|p1a: Swanna|0 fnt\n|faint|p1a: Swanna\n|\n|-damage|p2a: Hariyama|0 fnt|[from] brn\n|faint|p2a: Hariyama\n|upkeep\n|\n|t:|1781450780\n|switch|p1a: Hypno|Hypno, L95, M|315/315\n|switch|p2a: Baxcalibur|Baxcalibur, L75, M|295/295\n|-activate|p2a: Baxcalibur|move: Sticky Web\n|-unboost|p2a: Baxcalibur|spe|1\n|turn|5\n|\n|t:|1781450789\n|move|p1a: Hypno|Toxic|p2a: Baxcalibur|[miss]\n|-miss|p1a: Hypno|p2a: Baxcalibur\n|move|p2a: Baxcalibur|Scale Shot|p1a: Hypno\n|-damage|p1a: Hypno|284/315\n|-damage|p1a: Hypno|253/315\n|-damage|p1a: Hypno|222/315\n|-damage|p1a: Hypno|189/315\n|-hitcount|p1a: Hypno|4\n|-unboost|p2a: Baxcalibur|def|1\n|-boost|p2a: Baxcalibur|spe|1\n|\n|-heal|p1a: Hypno|208/315|[from] item: Leftovers\n|upkeep\n|turn|6\n|\n|t:|1781450818\n|move|p1a: Hypno|Focus Blast|p2a: Baxcalibur|[miss]\n|-miss|p1a: Hypno|p2a: Baxcalibur\n|move|p2a: Baxcalibur|Scale Shot|p1a: Hypno\n|-crit|p1a: Hypno\n|-damage|p1a: Hypno|162/315\n|-damage|p1a: Hypno|129/315\n|-damage|p1a: Hypno|96/315\n|-damage|p1a: Hypno|65/315\n|-damage|p1a: Hypno|32/315\n|-hitcount|p1a: Hypno|5\n|-unboost|p2a: Baxcalibur|def|1\n|-boost|p2a: Baxcalibur|spe|1\n|\n|-heal|p1a: Hypno|51/315|[from] item: Leftovers\n|upkeep\n|turn|7\n|\n|t:|1781450824\n|switch|p1a: Regirock|Regirock, L83|268/268\n|move|p2a: Baxcalibur|Icicle Spear|p1a: Regirock\n|-damage|p1a: Regirock|252/268\n|-damage|p1a: Regirock|236/268\n|-damage|p1a: Regirock|220/268\n|-damage|p1a: Regirock|205/268\n|-hitcount|p1a: Regirock|4\n|\n|-heal|p1a: Regirock|221/268|[from] item: Leftovers\n|upkeep\n|turn|8\n|\n|t:|1781450831\n|switch|p2a: Slowbro|Slowbro, L85, M|300/300\n|-activate|p2a: Slowbro|move: Sticky Web\n|-unboost|p2a: Slowbro|spe|1\n|move|p1a: Regirock|Iron Defense|p1a: Regirock\n|-boost|p1a: Regirock|def|2\n|\n|-heal|p1a: Regirock|237/268|[from] item: Leftovers\n|upkeep\n|turn|9\n|\n|t:|1781450838\n|switch|p1a: Altaria|Altaria, L89, M|278/278\n|move|p2a: Slowbro|Scald|p1a: Altaria\n|-resisted|p1a: Altaria\n|-damage|p1a: Altaria|242/278\n|\n|upkeep\n|turn|10\n|\n|t:|1781450843\n|move|p1a: Altaria|Brave Bird|p2a: Slowbro\n|-damage|p2a: Slowbro|209/300\n|-damage|p1a: Altaria|196/278|[from] item: Rocky Helmet|[of] p2a: Slowbro\n|-damage|p1a: Altaria|166/278|[from] Recoil\n|move|p2a: Slowbro|Calm Mind|p2a: Slowbro\n|-boost|p2a: Slowbro|spa|1\n|-boost|p2a: Slowbro|spd|1\n|\n|upkeep\n|turn|11\n|\n|t:|1781450847\n|switch|p1a: Galvantula|Galvantula, L82, M|1/249\n|move|p2a: Slowbro|Scald|p1a: Galvantula\n|-damage|p1a: Galvantula|0 fnt\n|faint|p1a: Galvantula\n|\n|upkeep\n|\n|t:|1781450850\n|switch|p1a: Luxray|Luxray, L88, F|284/284\n|-ability|p1a: Luxray|Intimidate|boost\n|-unboost|p2a: Slowbro|atk|1\n|turn|12\n|\n|t:|1781450857\n|move|p1a: Luxray|Wild Charge|p2a: Slowbro\n|-supereffective|p2a: Slowbro\n|-damage|p2a: Slowbro|3/300\n|-damage|p1a: Luxray|237/284|[from] item: Rocky Helmet|[of] p2a: Slowbro\n|-damage|p1a: Luxray|185/284|[from] Recoil\n|move|p2a: Slowbro|Scald|p1a: Luxray\n|-damage|p1a: Luxray|88/284\n|\n|upkeep\n|turn|13\n|\n|t:|1781450862\n|switch|p2a: Reuniclus|Reuniclus, L88, F|151/337\n|-activate|p2a: Reuniclus|move: Sticky Web\n|-unboost|p2a: Reuniclus|spe|1\n|move|p1a: Luxray|Volt Switch|p2a: Reuniclus\n|-damage|p2a: Reuniclus|67/337\n|\n|t:|1781450868\n|switch|p1a: Altaria|Altaria, L89, M|166/278|[from] Volt Switch\n|\n|upkeep\n|turn|14\n|\n|t:|1781450872\n|move|p1a: Altaria|Brave Bird|p2a: Reuniclus\n|-damage|p2a: Reuniclus|0 fnt\n|faint|p2a: Reuniclus\n|-damage|p1a: Altaria|144/278|[from] Recoil\n|\n|upkeep\n|\n|t:|1781450875\n|switch|p2a: Samurott|Samurott-Hisui, L77, F|265/265\n|-activate|p2a: Samurott|move: Sticky Web\n|-unboost|p2a: Samurott|spe|1\n|turn|15\n|\n|t:|1781450879\n|move|p1a: Altaria|Will-O-Wisp|p2a: Samurott\n|-status|p2a: Samurott|brn\n|move|p2a: Samurott|Ceaseless Edge|p1a: Altaria\n|-damage|p1a: Altaria|78/278\n|-sidestart|p1: shallowdream20|Spikes\n|\n|-damage|p2a: Samurott|249/265 brn|[from] brn\n|upkeep\n|turn|16\n|\n|t:|1781450889\n|move|p1a: Altaria|Brave Bird|p2a: Samurott\n|-damage|p2a: Samurott|108/265 brn\n|-damage|p1a: Altaria|31/278|[from] Recoil\n|move|p2a: Samurott|Ceaseless Edge|p1a: Altaria\n|-damage|p1a: Altaria|0 fnt\n|-sidestart|p1: shallowdream20|Spikes\n|faint|p1a: Altaria\n|\n|-damage|p2a: Samurott|92/265 brn|[from] brn\n|upkeep\n|\n|t:|1781450892\n|switch|p1a: Regirock|Regirock, L83|237/268\n|-damage|p1a: Regirock|193/268|[from] Spikes\n|turn|17\n|\n|t:|1781450896\n|switch|p2a: Houndoom|Houndoom, L87, M|272/272\n|move|p1a: Regirock|Iron Defense|p1a: Regirock\n|-boost|p1a: Regirock|def|2\n|\n|-heal|p1a: Regirock|209/268|[from] item: Leftovers\n|upkeep\n|turn|18\n|\n|t:|1781450902\n|-terastallize|p2a: Houndoom|Fire\n|move|p2a: Houndoom|Dark Pulse|p1a: Regirock\n|-damage|p1a: Regirock|118/268\n|move|p1a: Regirock|Body Press|p2a: Houndoom\n|-damage|p2a: Houndoom|0 fnt\n|faint|p2a: Houndoom\n|\n|-heal|p1a: Regirock|134/268|[from] item: Leftovers\n|upkeep\n|\n|t:|1781450909\n|switch|p2a: Baxcalibur|Baxcalibur, L75, M|295/295\n|-activate|p2a: Baxcalibur|move: Sticky Web\n|-unboost|p2a: Baxcalibur|spe|1\n|turn|19\n|\n|t:|1781450916\n|move|p1a: Regirock|Body Press|p2a: Baxcalibur\n|-supereffective|p2a: Baxcalibur\n|-damage|p2a: Baxcalibur|0 fnt\n|faint|p2a: Baxcalibur\n|\n|-heal|p1a: Regirock|150/268|[from] item: Leftovers\n|upkeep\n|\n|t:|1781450919\n|switch|p2a: Slowbro|Slowbro, L85, M|103/300\n|-activate|p2a: Slowbro|move: Sticky Web\n|-unboost|p2a: Slowbro|spe|1\n|turn|20\n|\n|t:|1781450922\n|switch|p2a: Samurott|Samurott-Hisui, L77, F|92/265 brn\n|-activate|p2a: Samurott|move: Sticky Web\n|-unboost|p2a: Samurott|spe|1\n|-terastallize|p1a: Regirock|Fighting\n|move|p1a: Regirock|Body Press|p2a: Samurott\n|-supereffective|p2a: Samurott\n|-damage|p2a: Samurott|0 fnt\n|faint|p2a: Samurott\n|\n|-heal|p1a: Regirock|166/268|[from] item: Leftovers\n|upkeep\n|\n|t:|1781450924\n|switch|p2a: Slowbro|Slowbro, L85, M|203/300\n|-activate|p2a: Slowbro|move: Sticky Web\n|-unboost|p2a: Slowbro|spe|1\n|turn|21\n|\n|t:|1781450926\n|move|p1a: Regirock|Thunder Wave|p2a: Slowbro\n|-status|p2a: Slowbro|par\n|move|p2a: Slowbro|Slack Off|p2a: Slowbro\n|-heal|p2a: Slowbro|300/300 par\n|\n|-heal|p1a: Regirock|182/268|[from] item: Leftovers\n|upkeep\n|turn|22\n|\n|t:|1781450930\n|move|p1a: Regirock|Body Press|p2a: Slowbro\n|-resisted|p2a: Slowbro\n|-damage|p2a: Slowbro|174/300 par\n|-damage|p1a: Regirock|138/268|[from] item: Rocky Helmet|[of] p2a: Slowbro\n|move|p2a: Slowbro|Scald|p1a: Regirock\n|-damage|p1a: Regirock|60/268\n|\n|-heal|p1a: Regirock|76/268|[from] item: Leftovers\n|upkeep\n|turn|23\n|\n|t:|1781450935\n|move|p1a: Regirock|Body Press|p2a: Slowbro\n|-resisted|p2a: Slowbro\n|-damage|p2a: Slowbro|59/300 par\n|-damage|p1a: Regirock|32/268|[from] item: Rocky Helmet|[of] p2a: Slowbro\n|move|p2a: Slowbro|Slack Off|p2a: Slowbro\n|-heal|p2a: Slowbro|209/300 par\n|\n|-heal|p1a: Regirock|48/268|[from] item: Leftovers\n|upkeep\n|turn|24\n|\n|t:|1781450939\n|move|p1a: Regirock|Body Press|p2a: Slowbro\n|-resisted|p2a: Slowbro\n|-damage|p2a: Slowbro|86/300 par\n|-damage|p1a: Regirock|4/268|[from] item: Rocky Helmet|[of] p2a: Slowbro\n|move|p2a: Slowbro|Slack Off|p2a: Slowbro\n|-heal|p2a: Slowbro|236/300 par\n|\n|-heal|p1a: Regirock|20/268|[from] item: Leftovers\n|upkeep\n|turn|25\n|\n|t:|1781450941\n|move|p1a: Regirock|Body Press|p2a: Slowbro\n|-resisted|p2a: Slowbro\n|-damage|p2a: Slowbro|101/300 par\n|-damage|p1a: Regirock|0 fnt|[from] item: Rocky Helmet|[of] p2a: Slowbro\n|faint|p1a: Regirock\n|move|p2a: Slowbro|Slack Off|p2a: Slowbro\n|-heal|p2a: Slowbro|251/300 par\n|\n|upkeep\n|\n|t:|1781450953\n|switch|p1a: Hypno|Hypno, L95, M|51/315\n|-damage|p1a: Hypno|0 fnt|[from] Spikes\n|faint|p1a: Hypno\n|\n|t:|1781450954\n|switch|p1a: Luxray|Luxray, L88, F|88/284\n|-damage|p1a: Luxray|41/284|[from] Spikes\n|-ability|p1a: Luxray|Intimidate|boost\n|-unboost|p2a: Slowbro|atk|1\n|turn|26\n|\n|t:|1781450957\n|move|p1a: Luxray|Wild Charge|p2a: Slowbro\n|-supereffective|p2a: Slowbro\n|-damage|p2a: Slowbro|53/300 par\n|-damage|p1a: Luxray|0 fnt|[from] item: Rocky Helmet|[of] p2a: Slowbro\n|faint|p1a: Luxray\n|\n|win|Hogrider2000\n", "uploadtime": 1781450676, "views": 3, "formatid": "gen9randombattle", "rating": null, "private": 0, "password": null}