{"id": "gen9randombattle-2631768968", "format": "[Gen 9] Random Battle", "players": ["ceezy", "Zibabu"], "log": "|j|\u2606ceezy\n|j|\u2606Zibabu\n|t:|1781436731\n|gametype|singles\n|player|p1|ceezy|rika|1943\n|player|p2|Zibabu|101|1966\n|gen|9\n|tier|[Gen 9] Random Battle\n|rated|\n|rule|Species Clause: Limit one of each Pok\u00e9mon\n|rule|HP Percentage Mod: HP is shown in percentages\n|rule|Sleep Clause Mod: Limit one foe put to sleep\n|rule|Illusion Level Mod: Illusion disguises the Pok\u00e9mon's true level\n|\n|t:|1781436731\n|teamsize|p1|6\n|teamsize|p2|6\n|start\n|switch|p1a: Rampardos|Rampardos, L90, F|321/321\n|switch|p2a: Dragapult|Dragapult, L77, M|262/262\n|turn|1\n|inactive|Battle timer is ON: inactive players will automatically lose when time's up. (requested by Zibabu)\n|\n|t:|1781436747\n|switch|p2a: Corviknight|Corviknight, L80, F|288/288\n|switch|p1a: Heatran|Heatran, L79, M|273/273\n|-item|p1a: Heatran|Air Balloon\n|\n|upkeep\n|turn|2\n|\n|t:|1781436753\n|move|p1a: Heatran|Stealth Rock|p2a: Corviknight\n|-sidestart|p2: Zibabu|move: Stealth Rock\n|move|p2a: Corviknight|U-turn|p1a: Heatran\n|-resisted|p1a: Heatran\n|-damage|p1a: Heatran|264/273\n|-enditem|p1a: Heatran|Air Balloon\n|\n|t:|1781436757\n|switch|p2a: Terrakion|Terrakion, L79|273/273|[from] U-turn\n|-damage|p2a: Terrakion|256/273|[from] Stealth Rock\n|\n|upkeep\n|turn|3\n|\n|t:|1781436764\n|switch|p1a: Swampert|Swampert, L83, M|302/302\n|move|p2a: Terrakion|Swords Dance|p2a: Terrakion\n|-boost|p2a: Terrakion|atk|2\n|\n|upkeep\n|turn|4\n|\n|t:|1781436771\n|move|p2a: Terrakion|Earthquake|p1a: Swampert\n|-damage|p1a: Swampert|112/302\n|-damage|p2a: Terrakion|229/273|[from] item: Life Orb\n|move|p1a: Swampert|Yawn|p2a: Terrakion\n|-start|p2a: Terrakion|move: Yawn|[of] p1a: Swampert\n|\n|-heal|p1a: Swampert|130/302|[from] item: Leftovers\n|upkeep\n|turn|5\n|\n|t:|1781436781\n|switch|p2a: Corviknight|Corviknight, L80, F|288/288\n|-damage|p2a: Corviknight|252/288|[from] Stealth Rock\n|move|p1a: Swampert|Flip Turn|p2a: Corviknight\n|-damage|p2a: Corviknight|191/288\n|\n|t:|1781436798\n|switch|p1a: Bellibolt|Bellibolt, L84, M|320/320|[from] Flip Turn\n|\n|-heal|p2a: Corviknight|209/288|[from] item: Leftovers\n|upkeep\n|turn|6\n|\n|t:|1781436806\n|move|p2a: Corviknight|U-turn|p1a: Bellibolt\n|-damage|p1a: Bellibolt|281/320\n|-start|p1a: Bellibolt|Charge|U-turn|[from] ability: Electromorphosis\n|\n|t:|1781436808\n|switch|p2a: Iron Treads|Iron Treads, L77|265/265|[from] U-turn\n|-damage|p2a: Iron Treads|257/265|[from] Stealth Rock\n|move|p1a: Bellibolt|Volt Switch|p2a: Iron Treads\n|-immune|p2a: Iron Treads\n|-end|p1a: Bellibolt|Charge|[silent]\n|\n|-heal|p1a: Bellibolt|301/320|[from] item: Leftovers\n|upkeep\n|turn|7\n|\n|t:|1781436818\n|move|p2a: Iron Treads|Rapid Spin|p1a: Bellibolt\n|-damage|p1a: Bellibolt|268/320\n|-boost|p2a: Iron Treads|spe|1\n|-start|p1a: Bellibolt|Charge|Rapid Spin|[from] ability: Electromorphosis\n|-sideend|p2: Zibabu|Stealth Rock|[from] move: Rapid Spin|[of] p2a: Iron Treads\n|move|p1a: Bellibolt|Muddy Water|p2a: Iron Treads\n|-supereffective|p2a: Iron Treads\n|-damage|p2a: Iron Treads|149/265\n|\n|-heal|p1a: Bellibolt|288/320|[from] item: Leftovers\n|upkeep\n|turn|8\n|\n|t:|1781436827\n|switch|p1a: Swampert|Swampert, L83, M|130/302\n|move|p2a: Iron Treads|Knock Off|p1a: Swampert\n|-damage|p1a: Swampert|63/302\n|-enditem|p1a: Swampert|Leftovers|[from] move: Knock Off|[of] p2a: Iron Treads\n|\n|upkeep\n|turn|9\n|\n|t:|1781436831\n|move|p2a: Iron Treads|Earthquake|p1a: Swampert\n|-damage|p1a: Swampert|0 fnt\n|faint|p1a: Swampert\n|\n|upkeep\n|\n|t:|1781436846\n|switch|p1a: Dragonite|Dragonite, L74, F|257/257\n|turn|10\n|\n|t:|1781436853\n|move|p2a: Iron Treads|Rapid Spin|p1a: Dragonite\n|-damage|p1a: Dragonite|238/257\n|-boost|p2a: Iron Treads|spe|1\n|move|p1a: Dragonite|Dragon Dance|p1a: Dragonite\n|-boost|p1a: Dragonite|atk|1\n|-boost|p1a: Dragonite|spe|1\n|\n|upkeep\n|turn|11\n|\n|t:|1781436860\n|move|p2a: Iron Treads|Knock Off|p1a: Dragonite\n|-damage|p1a: Dragonite|165/257\n|-enditem|p1a: Dragonite|Heavy-Duty Boots|[from] move: Knock Off|[of] p2a: Iron Treads\n|move|p1a: Dragonite|Earthquake|p2a: Iron Treads\n|-supereffective|p2a: Iron Treads\n|-damage|p2a: Iron Treads|0 fnt\n|faint|p2a: Iron Treads\n|-end|p2a: Iron Treads|Quark Drive|[silent]\n|\n|upkeep\n|\n|t:|1781436872\n|switch|p2a: Dragapult|Dragapult, L77, M|262/262\n|turn|12\n|\n|t:|1781436877\n|switch|p1a: Heatran|Heatran, L79, M|264/273\n|move|p2a: Dragapult|Dragon Darts|p1a: Heatran\n|-resisted|p1a: Heatran\n|-damage|p1a: Heatran|232/273\n|-anim|p2a: Dragapult|Dragon Darts|p1a: Heatran\n|-resisted|p1a: Heatran\n|-damage|p1a: Heatran|197/273\n|-damage|p2a: Dragapult|236/262|[from] item: Life Orb\n|\n|upkeep\n|turn|13\n|\n|t:|1781436885\n|switch|p2a: Terrakion|Terrakion, L79|229/273\n|move|p1a: Heatran|Stealth Rock|p2a: Terrakion\n|-sidestart|p2: Zibabu|move: Stealth Rock\n|\n|upkeep\n|turn|14\n|\n|t:|1781436895\n|switch|p1a: Dragonite|Dragonite, L74, F|165/257\n|move|p2a: Terrakion|Earthquake|p1a: Dragonite\n|-immune|p1a: Dragonite\n|\n|upkeep\n|turn|15\n|\n|t:|1781436901\n|move|p2a: Terrakion|Stone Edge|p1a: Dragonite\n|-supereffective|p1a: Dragonite\n|-crit|p1a: Dragonite\n|-damage|p1a: Dragonite|0 fnt\n|faint|p1a: Dragonite\n|-damage|p2a: Terrakion|202/273|[from] item: Life Orb\n|\n|upkeep\n|\n|t:|1781436906\n|switch|p1a: Rampardos|Rampardos, L90, F|321/321\n|turn|16\n|\n|t:|1781436914\n|switch|p2a: Corviknight|Corviknight, L80, F|209/288\n|-damage|p2a: Corviknight|173/288|[from] Stealth Rock\n|move|p1a: Rampardos|Earthquake|p2a: Corviknight\n|-immune|p2a: Corviknight\n|\n|-heal|p2a: Corviknight|191/288|[from] item: Leftovers\n|upkeep\n|turn|17\n|\n|t:|1781436917\n|switch|p1a: Heatran|Heatran, L79, M|197/273\n|move|p2a: Corviknight|Roost|p2a: Corviknight\n|-heal|p2a: Corviknight|288/288\n|-singleturn|p2a: Corviknight|move: Roost\n|\n|upkeep\n|turn|18\n|\n|t:|1781436927\n|switch|p2a: Wugtrio|Wugtrio, L91, M|212/212\n|-damage|p2a: Wugtrio|186/212|[from] Stealth Rock\n|move|p1a: Heatran|Magma Storm|p2a: Wugtrio\n|-resisted|p2a: Wugtrio\n|-damage|p2a: Wugtrio|123/212\n|-activate|p2a: Wugtrio|move: Magma Storm|[of] p1a: Heatran\n|\n|-damage|p2a: Wugtrio|97/212|[from] move: Magma Storm|[partiallytrapped]\n|upkeep\n|turn|19\n|\n|t:|1781436935\n|switch|p1a: Bellibolt|Bellibolt, L84, M|288/320\n|move|p2a: Wugtrio|Liquidation|p1a: Bellibolt\n|-crit|p1a: Bellibolt\n|-damage|p1a: Bellibolt|68/320\n|-unboost|p1a: Bellibolt|def|1\n|-start|p1a: Bellibolt|Charge|Liquidation|[from] ability: Electromorphosis\n|\n|-heal|p1a: Bellibolt|88/320|[from] item: Leftovers\n|-end|p2a: Wugtrio|Magma Storm|[partiallytrapped]|[silent]\n|upkeep\n|turn|20\n|\n|t:|1781436941\n|move|p2a: Wugtrio|Liquidation|p1a: Bellibolt\n|-damage|p1a: Bellibolt|0 fnt\n|faint|p1a: Bellibolt\n|\n|upkeep\n|\n|t:|1781436946\n|switch|p1a: Weavile|Weavile, L79, F|240/240\n|turn|21\n|\n|t:|1781436950\n|move|p2a: Wugtrio|Liquidation|p1a: Weavile\n|-damage|p1a: Weavile|11/240\n|move|p1a: Weavile|Knock Off|p2a: Wugtrio\n|-crit|p2a: Wugtrio\n|-damage|p2a: Wugtrio|0 fnt\n|-ability|p2a: Wugtrio|Gooey\n|-unboost|p1a: Weavile|spe|1\n|-enditem|p2a: Wugtrio|Choice Band|[from] move: Knock Off|[of] p1a: Weavile\n|faint|p2a: Wugtrio\n|\n|upkeep\n|\n|t:|1781436957\n|switch|p2a: Corviknight|Corviknight, L80, F|288/288\n|-damage|p2a: Corviknight|252/288|[from] Stealth Rock\n|turn|22\n|\n|t:|1781436962\n|switch|p1a: Heatran|Heatran, L79, M|197/273\n|move|p2a: Corviknight|U-turn|p1a: Heatran\n|-resisted|p1a: Heatran\n|-crit|p1a: Heatran\n|-damage|p1a: Heatran|184/273\n|\n|t:|1781436966\n|switch|p2a: Terrakion|Terrakion, L79|202/273|[from] U-turn\n|-damage|p2a: Terrakion|185/273|[from] Stealth Rock\n|\n|upkeep\n|turn|23\n|\n|t:|1781436990\n|-terastallize|p1a: Heatran|Flying\n|move|p2a: Terrakion|Close Combat|p1a: Heatran\n|-resisted|p1a: Heatran\n|-damage|p1a: Heatran|94/273\n|-unboost|p2a: Terrakion|def|1\n|-unboost|p2a: Terrakion|spd|1\n|-damage|p2a: Terrakion|158/273|[from] item: Life Orb\n|move|p1a: Heatran|Earth Power|p2a: Terrakion\n|-supereffective|p2a: Terrakion\n|-damage|p2a: Terrakion|0 fnt\n|faint|p2a: Terrakion\n|\n|upkeep\n|\n|t:|1781436995\n|switch|p2a: Dragapult|Dragapult, L77, M|236/262\n|-damage|p2a: Dragapult|204/262|[from] Stealth Rock\n|turn|24\n|\n|t:|1781437005\n|switch|p1a: Weavile|Weavile, L79, F|11/240\n|move|p2a: Dragapult|Dragon Darts|p1a: Weavile\n|-damage|p1a: Weavile|0 fnt\n|faint|p1a: Weavile\n|-damage|p2a: Dragapult|178/262|[from] item: Life Orb\n|\n|upkeep\n|\n|t:|1781437007\n|switch|p1a: Rampardos|Rampardos, L90, F|321/321\n|turn|25\n|\n|t:|1781437015\n|move|p2a: Dragapult|Dragon Darts|p1a: Rampardos\n|-damage|p1a: Rampardos|231/321\n|-anim|p2a: Dragapult|Dragon Darts|p1a: Rampardos\n|-damage|p1a: Rampardos|152/321\n|-damage|p2a: Dragapult|152/262|[from] item: Life Orb\n|move|p1a: Rampardos|Head Smash|p2a: Dragapult\n|-damage|p2a: Dragapult|0 fnt\n|faint|p2a: Dragapult\n|-damage|p1a: Rampardos|76/321|[from] Recoil\n|\n|upkeep\n|\n|t:|1781437018\n|switch|p2a: Corviknight|Corviknight, L80, F|252/288\n|-damage|p2a: Corviknight|216/288|[from] Stealth Rock\n|turn|26\n|\n|t:|1781437022\n|switch|p1a: Heatran|Heatran, L79, M, tera:Flying|94/273\n|move|p2a: Corviknight|Brave Bird|p1a: Heatran\n|-damage|p1a: Heatran|0 fnt\n|faint|p1a: Heatran\n|-damage|p2a: Corviknight|185/288|[from] Recoil\n|\n|-heal|p2a: Corviknight|203/288|[from] item: Leftovers\n|upkeep\n|\n|t:|1781437026\n|switch|p1a: Rampardos|Rampardos, L90, F|76/321\n|turn|27\n|\n|t:|1781437031\n|move|p1a: Rampardos|Head Smash|p2a: Corviknight\n|-damage|p2a: Corviknight|0 fnt\n|faint|p2a: Corviknight\n|-damage|p1a: Rampardos|0 fnt|[from] Recoil\n|faint|p1a: Rampardos\n|\n|win|Zibabu\n", "uploadtime": 1781436733, "views": 3, "formatid": "gen9randombattle", "rating": null, "private": 0, "password": null}