{"id": "gen9randombattle-2631459882", "format": "[Gen 9] Random Battle", "players": ["Greedy Rapooh", "marper8"], "log": "|j|\u2606Greedy Rapooh\n|j|\u2606marper8\n|t:|1781387352\n|gametype|singles\n|player|p1|Greedy Rapooh|acerola-masters|2076\n|player|p2|marper8|265|2222\n|gen|9\n|tier|[Gen 9] Random Battle\n|rated|\n|rule|Species Clause: Limit one of each Pok\u00e9mon\n|rule|HP Percentage Mod: HP is shown in percentages\n|rule|Sleep Clause Mod: Limit one foe put to sleep\n|rule|Illusion Level Mod: Illusion disguises the Pok\u00e9mon's true level\n|\n|t:|1781387352\n|teamsize|p1|6\n|teamsize|p2|6\n|start\n|switch|p1a: Corviknight|Corviknight, L80, M|288/288\n|switch|p2a: Weavile|Weavile, L79, F|240/240\n|-ability|p1a: Corviknight|Pressure\n|turn|1\n|inactive|Battle timer is ON: inactive players will automatically lose when time's up. (requested by marper8)\n|\n|t:|1781387360\n|switch|p2a: Entei|Entei, L78|307/307\n|move|p1a: Corviknight|Brave Bird|p2a: Entei\n|-damage|p2a: Entei|189/307\n|-damage|p1a: Corviknight|249/288|[from] Recoil\n|\n|upkeep\n|turn|2\n|\n|t:|1781387366\n|switch|p1a: Dachsbun|Dachsbun, L92, M|254/254\n|move|p2a: Entei|Sacred Fire|p1a: Dachsbun\n|-ability|p1a: Dachsbun|Well-Baked Body|boost\n|-boost|p1a: Dachsbun|def|2\n|\n|upkeep\n|turn|3\n|\n|t:|1781387370\n|switch|p2a: Mimikyu|Mimikyu, L79, F|216/216\n|move|p1a: Dachsbun|Yawn|p2a: Mimikyu\n|-start|p2a: Mimikyu|move: Yawn|[of] p1a: Dachsbun\n|\n|upkeep\n|turn|4\n|\n|t:|1781387373\n|move|p1a: Dachsbun|Play Rough|p2a: Mimikyu\n|-activate|p2a: Mimikyu|ability: Disguise\n|-damage|p2a: Mimikyu|216/216\n|detailschange|p2a: Mimikyu|Mimikyu-Busted, L79, F\n|-damage|p2a: Mimikyu|189/216|[from] pokemon: Mimikyu-Busted\n|move|p2a: Mimikyu|Swords Dance|p2a: Mimikyu\n|-boost|p2a: Mimikyu|atk|2\n|\n|-end|p2a: Mimikyu|move: Yawn|[silent]\n|-status|p2a: Mimikyu|slp\n|upkeep\n|turn|5\n|\n|t:|1781387375\n|move|p1a: Dachsbun|Play Rough|p2a: Mimikyu\n|-damage|p2a: Mimikyu|83/216 slp\n|cant|p2a: Mimikyu|slp\n|\n|upkeep\n|turn|6\n|\n|t:|1781387378\n|cant|p2a: Mimikyu|slp\n|move|p1a: Dachsbun|Play Rough|p2a: Mimikyu\n|-damage|p2a: Mimikyu|0 fnt\n|faint|p2a: Mimikyu\n|\n|upkeep\n|\n|t:|1781387383\n|switch|p2a: Whiscash|Whiscash, L88, M|337/337\n|turn|7\n|\n|t:|1781387387\n|move|p1a: Dachsbun|Yawn|p2a: Whiscash\n|-start|p2a: Whiscash|move: Yawn|[of] p1a: Dachsbun\n|move|p2a: Whiscash|Stealth Rock|p1a: Dachsbun\n|-sidestart|p1: Greedy Rapooh|move: Stealth Rock\n|\n|upkeep\n|turn|8\n|inactive|Greedy Rapooh has 120 seconds left.\n|\n|t:|1781387428\n|move|p1a: Dachsbun|Play Rough|p2a: Whiscash\n|-damage|p2a: Whiscash|234/337\n|move|p2a: Whiscash|Spikes|p1a: Dachsbun\n|-sidestart|p1: Greedy Rapooh|Spikes\n|\n|-heal|p2a: Whiscash|255/337|[from] item: Leftovers\n|-end|p2a: Whiscash|move: Yawn|[silent]\n|-status|p2a: Whiscash|slp\n|upkeep\n|turn|9\n|\n|t:|1781387437\n|switch|p2a: Dragonite|Dragonite, L74, F|257/257\n|move|p1a: Dachsbun|Play Rough|p2a: Dragonite\n|-supereffective|p2a: Dragonite\n|-damage|p2a: Dragonite|160/257\n|\n|upkeep\n|turn|10\n|\n|t:|1781387440\n|move|p1a: Dachsbun|Play Rough|p2a: Dragonite\n|-supereffective|p2a: Dragonite\n|-damage|p2a: Dragonite|0 fnt\n|faint|p2a: Dragonite\n|\n|upkeep\n|-message|marper8 forfeited.\n|\n|win|Greedy Rapooh\n", "uploadtime": 1781387354, "views": 4, "formatid": "gen9randombattle", "rating": null, "private": 0, "password": null}