{"id": "gen9randombattle-2631498997", "format": "[Gen 9] Random Battle", "players": ["Borgar hehe", "Youknowit123"], "log": "|j|\u2606Borgar hehe\n|j|\u2606Youknowit123\n|t:|1781392808\n|gametype|singles\n|player|p1|Borgar hehe|steven|1916\n|player|p2|Youknowit123|169|2015\n|gen|9\n|tier|[Gen 9] Random Battle\n|rated|\n|rule|Species Clause: Limit one of each Pok\u00e9mon\n|rule|HP Percentage Mod: HP is shown in percentages\n|rule|Sleep Clause Mod: Limit one foe put to sleep\n|rule|Illusion Level Mod: Illusion disguises the Pok\u00e9mon's true level\n|\n|t:|1781392808\n|teamsize|p1|6\n|teamsize|p2|6\n|start\n|switch|p1a: Phione|Phione, L91|293/293\n|switch|p2a: Palafin|Palafin, L77, M|281/281\n|turn|1\n|inactive|Battle timer is ON: inactive players will automatically lose when time's up. (requested by Borgar hehe)\n|\n|t:|1781392813\n|move|p2a: Palafin|Flip Turn|p1a: Phione\n|-resisted|p1a: Phione\n|-damage|p1a: Phione|260/293\n|\n|t:|1781392825\n|detailschange|p2a: Palafin|Palafin-Hero, L77, M\n|switch|p2a: Azelf|Azelf, L82|257/257|[from] Flip Turn\n|move|p1a: Phione|Take Heart|p1a: Phione\n|-boost|p1a: Phione|spa|1\n|-boost|p1a: Phione|spd|1\n|\n|-heal|p1a: Phione|278/293|[from] item: Leftovers\n|upkeep\n|turn|2\n|\n|t:|1781392827\n|move|p2a: Azelf|Psyshock|p1a: Phione\n|-damage|p1a: Phione|127/293\n|move|p1a: Phione|Scald|p2a: Azelf\n|-crit|p2a: Azelf\n|-damage|p2a: Azelf|5/257\n|\n|-heal|p1a: Phione|145/293|[from] item: Leftovers\n|upkeep\n|turn|3\n|\n|t:|1781392832\n|move|p2a: Azelf|Psyshock|p1a: Phione\n|-damage|p1a: Phione|0 fnt\n|faint|p1a: Phione\n|\n|upkeep\n|\n|t:|1781392837\n|switch|p1a: Basculegion|Basculegion, L80, M|323/323\n|turn|4\n|\n|t:|1781392843\n|switch|p2a: Dewgong|Dewgong, L94, M|322/322\n|move|p1a: Basculegion|Aqua Jet|p2a: Dewgong\n|-resisted|p2a: Dewgong\n|-damage|p2a: Dewgong|292/322\n|\n|upkeep\n|turn|5\n|\n|t:|1781392851\n|switch|p1a: Bellibolt|Bellibolt, L84, F|320/320\n|move|p2a: Dewgong|Knock Off|p1a: Bellibolt\n|-damage|p1a: Bellibolt|257/320\n|-start|p1a: Bellibolt|Charge|Knock Off|[from] ability: Electromorphosis\n|-enditem|p1a: Bellibolt|Leftovers|[from] move: Knock Off|[of] p2a: Dewgong\n|\n|upkeep\n|turn|6\n|\n|t:|1781392864\n|move|p2a: Dewgong|Triple Axel|p1a: Bellibolt\n|-damage|p1a: Bellibolt|236/320\n|-start|p1a: Bellibolt|Charge|Triple Axel|[from] ability: Electromorphosis\n|-damage|p1a: Bellibolt|193/320\n|-start|p1a: Bellibolt|Charge|Triple Axel|[from] ability: Electromorphosis\n|-damage|p1a: Bellibolt|135/320\n|-start|p1a: Bellibolt|Charge|Triple Axel|[from] ability: Electromorphosis\n|-hitcount|p1a: Bellibolt|3\n|move|p1a: Bellibolt|Volt Switch|p2a: Dewgong\n|-supereffective|p2a: Dewgong\n|-damage|p2a: Dewgong|38/322\n|-end|p1a: Bellibolt|Charge|[silent]\n|\n|t:|1781392874\n|switch|p1a: Talonflame|Talonflame, L83, M|265/265|[from] Volt Switch\n|\n|upkeep\n|turn|7\n|\n|t:|1781392879\n|move|p1a: Talonflame|Brave Bird|p2a: Dewgong\n|-damage|p2a: Dewgong|0 fnt\n|faint|p2a: Dewgong\n|-damage|p1a: Talonflame|252/265|[from] Recoil\n|\n|upkeep\n|\n|t:|1781392885\n|switch|p2a: Palafin|Palafin-Hero, L77, M|281/281\n|-activate|p2a: Palafin|ability: Zero to Hero\n|turn|8\n|\n|t:|1781392888\n|move|p1a: Talonflame|Brave Bird|p2a: Palafin\n|-damage|p2a: Palafin|173/281\n|-damage|p1a: Talonflame|216/265|[from] Recoil\n|move|p2a: Palafin|Flip Turn|p1a: Talonflame\n|-supereffective|p1a: Talonflame\n|-damage|p1a: Talonflame|0 fnt\n|faint|p1a: Talonflame\n|\n|t:|1781392899\n|switch|p2a: Magearna|Magearna, L77|250/250|[from] Flip Turn\n|\n|upkeep\n|\n|t:|1781392905\n|switch|p1a: Basculegion|Basculegion, L80, M|323/323\n|turn|9\n|\n|t:|1781392924\n|move|p1a: Basculegion|Wave Crash|p2a: Magearna\n|-damage|p2a: Magearna|96/250\n|-damage|p1a: Basculegion|272/323|[from] Recoil\n|move|p2a: Magearna|Shift Gear|p2a: Magearna\n|-boost|p2a: Magearna|spe|2\n|-boost|p2a: Magearna|atk|1\n|\n|upkeep\n|turn|10\n|\n|t:|1781392931\n|move|p2a: Magearna|Fleur Cannon|p1a: Basculegion\n|-crit|p1a: Basculegion\n|-damage|p1a: Basculegion|97/323\n|-unboost|p2a: Magearna|spa|2\n|move|p1a: Basculegion|Wave Crash|p2a: Magearna\n|-damage|p2a: Magearna|0 fnt\n|faint|p2a: Magearna\n|-damage|p1a: Basculegion|65/323|[from] Recoil\n|\n|upkeep\n|\n|t:|1781392953\n|switch|p2a: Palafin|Palafin-Hero, L77, M|173/281\n|turn|11\n|\n|t:|1781392957\n|switch|p1a: Tsareena|Tsareena, L87, F|267/267\n|move|p2a: Palafin|Flip Turn|p1a: Tsareena\n|-resisted|p1a: Tsareena\n|-damage|p1a: Tsareena|213/267\n|\n|t:|1781392959\n|switch|p2a: Scyther|Scyther, L82, F|249/249|[from] Flip Turn\n|\n|upkeep\n|turn|12\n|\n|t:|1781392964\n|move|p2a: Scyther|Dual Wingbeat|p1a: Tsareena\n|-supereffective|p1a: Tsareena\n|-damage|p1a: Tsareena|85/267\n|-supereffective|p1a: Tsareena\n|-damage|p1a: Tsareena|0 fnt\n|faint|p1a: Tsareena\n|-hitcount|p1: Tsareena|2\n|\n|upkeep\n|\n|t:|1781392967\n|switch|p1a: Bellibolt|Bellibolt, L84, F|135/320\n|turn|13\n|inactive|Youknowit123 has 120 seconds left.\n|\n|t:|1781393006\n|move|p2a: Scyther|U-turn|p1a: Bellibolt\n|-damage|p1a: Bellibolt|53/320\n|-start|p1a: Bellibolt|Charge|U-turn|[from] ability: Electromorphosis\n|\n|t:|1781393008\n|switch|p2a: Necrozma|Necrozma, L80|286/286|[from] U-turn\n|move|p1a: Bellibolt|Slack Off|p1a: Bellibolt\n|-heal|p1a: Bellibolt|213/320\n|\n|upkeep\n|turn|14\n|\n|t:|1781393012\n|move|p2a: Necrozma|Calm Mind|p2a: Necrozma\n|-boost|p2a: Necrozma|spa|1\n|-boost|p2a: Necrozma|spd|1\n|move|p1a: Bellibolt|Volt Switch|p2a: Necrozma\n|-damage|p2a: Necrozma|181/286\n|-end|p1a: Bellibolt|Charge|[silent]\n|\n|t:|1781393017\n|switch|p1a: Victreebel|Victreebel, L90, F|290/290|[from] Volt Switch\n|\n|-heal|p2a: Necrozma|198/286|[from] item: Leftovers\n|upkeep\n|turn|15\n|\n|t:|1781393021\n|switch|p2a: Scyther|Scyther, L82, F|249/249\n|move|p1a: Victreebel|Power Whip|p2a: Scyther\n|-resisted|p2a: Scyther\n|-damage|p2a: Scyther|192/249\n|-damage|p1a: Victreebel|261/290|[from] item: Life Orb\n|\n|upkeep\n|turn|16\n|\n|t:|1781393026\n|-terastallize|p1a: Victreebel|Fire\n|move|p2a: Scyther|U-turn|p1a: Victreebel\n|-resisted|p1a: Victreebel\n|-damage|p1a: Victreebel|219/290\n|\n|t:|1781393033\n|switch|p2a: Azelf|Azelf, L82|5/257|[from] U-turn\n|move|p1a: Victreebel|Sunny Day|p1a: Victreebel\n|-weather|SunnyDay\n|\n|-weather|SunnyDay|[upkeep]\n|upkeep\n|turn|17\n|\n|t:|1781393040\n|move|p1a: Victreebel|Weather Ball|p2a: Azelf\n|-damage|p2a: Azelf|0 fnt\n|faint|p2a: Azelf\n|-damage|p1a: Victreebel|190/290|[from] item: Life Orb\n|\n|-weather|SunnyDay|[upkeep]\n|upkeep\n|\n|t:|1781393050\n|switch|p2a: Necrozma|Necrozma, L80|198/286\n|turn|18\n|\n|t:|1781393055\n|move|p1a: Victreebel|Weather Ball|p2a: Necrozma\n|-damage|p2a: Necrozma|0 fnt\n|faint|p2a: Necrozma\n|-damage|p1a: Victreebel|161/290|[from] item: Life Orb\n|\n|-weather|SunnyDay|[upkeep]\n|upkeep\n|\n|t:|1781393058\n|switch|p2a: Palafin|Palafin-Hero, L77, M|173/281\n|turn|19\n|\n|t:|1781393066\n|-terastallize|p2a: Palafin|Water\n|move|p2a: Palafin|Jet Punch|p1a: Victreebel\n|-supereffective|p1a: Victreebel\n|-damage|p1a: Victreebel|0 fnt\n|faint|p1a: Victreebel\n|\n|-weather|SunnyDay|[upkeep]\n|upkeep\n|\n|t:|1781393073\n|switch|p1a: Bellibolt|Bellibolt, L84, F|213/320\n|turn|20\n|\n|t:|1781393076\n|switch|p2a: Scyther|Scyther, L82, F|192/249\n|move|p1a: Bellibolt|Volt Switch|p2a: Scyther\n|-supereffective|p2a: Scyther\n|-damage|p2a: Scyther|36/249\n|\n|t:|1781393078\n|switch|p1a: Basculegion|Basculegion, L80, M|65/323|[from] Volt Switch\n|\n|-weather|none\n|upkeep\n|turn|21\n|\n|t:|1781393082\n|move|p1a: Basculegion|Aqua Jet|p2a: Scyther\n|-damage|p2a: Scyther|0 fnt\n|faint|p2a: Scyther\n|\n|upkeep\n|\n|t:|1781393084\n|switch|p2a: Palafin|Palafin-Hero, L77, M, tera:Water|173/281\n|turn|22\n|\n|t:|1781393086\n|move|p2a: Palafin|Wave Crash|p1a: Basculegion\n|-resisted|p1a: Basculegion\n|-damage|p1a: Basculegion|0 fnt\n|faint|p1a: Basculegion\n|-damage|p2a: Palafin|152/281|[from] Recoil\n|\n|upkeep\n|\n|t:|1781393088\n|switch|p1a: Bellibolt|Bellibolt, L84, F|213/320\n|turn|23\n|\n|t:|1781393090\n|move|p2a: Palafin|Wave Crash|p1a: Bellibolt\n|-damage|p1a: Bellibolt|0 fnt\n|faint|p1a: Bellibolt\n|-damage|p2a: Palafin|82/281|[from] Recoil\n|\n|win|Youknowit123\n", "uploadtime": 1781392810, "views": 3, "formatid": "gen9randombattle", "rating": null, "private": 0, "password": null}