{"id": "gen9randombattle-2631781959", "format": "[Gen 9] Random Battle", "players": ["Cydia25", "GamesWrath"], "log": "|j|\u2606Cydia25\n|j|\u2606GamesWrath\n|t:|1781438798\n|gametype|singles\n|player|p1|Cydia25|2|1389\n|player|p2|GamesWrath|blue|1443\n|gen|9\n|tier|[Gen 9] Random Battle\n|rated|\n|rule|Species Clause: Limit one of each Pok\u00e9mon\n|rule|HP Percentage Mod: HP is shown in percentages\n|rule|Sleep Clause Mod: Limit one foe put to sleep\n|rule|Illusion Level Mod: Illusion disguises the Pok\u00e9mon's true level\n|\n|t:|1781438798\n|teamsize|p1|6\n|teamsize|p2|6\n|start\n|switch|p1a: Victreebel|Victreebel, L90, F|290/290\n|switch|p2a: Zapdos|Zapdos-Galar, L77|265/265\n|turn|1\n|\n|t:|1781438805\n|move|p2a: Zapdos|Brave Bird|p1a: Victreebel\n|-supereffective|p1a: Victreebel\n|-damage|p1a: Victreebel|0 fnt\n|faint|p1a: Victreebel\n|-damage|p2a: Zapdos|169/265|[from] Recoil\n|-damage|p2a: Zapdos|143/265|[from] item: Life Orb\n|\n|upkeep\n|inactive|Battle timer is ON: inactive players will automatically lose when time's up. (requested by Cydia25)\n|\n|t:|1781438811\n|switch|p1a: Gholdengo|Gholdengo, L77|261/261\n|turn|2\n|\n|t:|1781438816\n|move|p2a: Zapdos|Knock Off|p1a: Gholdengo\n|-supereffective|p1a: Gholdengo\n|-damage|p1a: Gholdengo|69/261\n|-enditem|p1a: Gholdengo|Leftovers|[from] move: Knock Off|[of] p2a: Zapdos\n|-damage|p2a: Zapdos|117/265|[from] item: Life Orb\n|move|p1a: Gholdengo|Shadow Ball|p2a: Zapdos\n|-damage|p2a: Zapdos|26/265\n|\n|upkeep\n|turn|3\n|inactive|GamesWrath has 120 seconds left.\n|\n|t:|1781438848\n|move|p2a: Zapdos|Knock Off|p1a: Gholdengo\n|-supereffective|p1a: Gholdengo\n|-damage|p1a: Gholdengo|0 fnt\n|faint|p1a: Gholdengo\n|-damage|p2a: Zapdos|0 fnt|[from] item: Life Orb\n|faint|p2a: Zapdos\n|\n|upkeep\n|inactive|GamesWrath has 120 seconds left.\n|\n|t:|1781438864\n|switch|p2a: Brambleghast|Brambleghast, L88, M|240/240\n|switch|p1a: Cobalion|Cobalion, L80|277/277\n|turn|4\n|\n|t:|1781438868\n|move|p1a: Cobalion|Swords Dance|p1a: Cobalion\n|-boost|p1a: Cobalion|atk|2\n|move|p2a: Brambleghast|Leech Seed|p1a: Cobalion\n|-start|p1a: Cobalion|move: Leech Seed\n|\n|-damage|p1a: Cobalion|243/277|[from] Leech Seed|[of] p2a: Brambleghast\n|upkeep\n|turn|5\n|\n|t:|1781438877\n|switch|p2a: Toxapex|Toxapex, L82, F|216/216\n|move|p1a: Cobalion|Iron Head|p2a: Toxapex\n|-resisted|p2a: Toxapex\n|-damage|p2a: Toxapex|154/216\n|-damage|p1a: Cobalion|197/277|[from] item: Rocky Helmet|[of] p2a: Toxapex\n|-damage|p1a: Cobalion|170/277|[from] item: Life Orb\n|\n|-damage|p1a: Cobalion|136/277|[from] Leech Seed|[of] p2a: Toxapex\n|-heal|p2a: Toxapex|188/216|[silent]\n|upkeep\n|turn|6\n|\n|t:|1781438889\n|move|p1a: Cobalion|Stone Edge|p2a: Toxapex\n|-damage|p2a: Toxapex|76/216\n|-damage|p1a: Cobalion|109/277|[from] item: Life Orb\n|move|p2a: Toxapex|Haze|p2a: Toxapex\n|-clearallboost\n|\n|-damage|p1a: Cobalion|75/277|[from] Leech Seed|[of] p2a: Toxapex\n|-heal|p2a: Toxapex|110/216|[silent]\n|upkeep\n|turn|7\n|\n|t:|1781438893\n|move|p1a: Cobalion|Stone Edge|p2a: Toxapex\n|-damage|p2a: Toxapex|57/216\n|-damage|p1a: Cobalion|48/277|[from] item: Life Orb\n|move|p2a: Toxapex|Recover|p2a: Toxapex\n|-heal|p2a: Toxapex|165/216\n|\n|-damage|p1a: Cobalion|14/277|[from] Leech Seed|[of] p2a: Toxapex\n|-heal|p2a: Toxapex|199/216|[silent]\n|upkeep\n|turn|8\n|\n|t:|1781438898\n|move|p1a: Cobalion|Stone Edge|p2a: Toxapex\n|-damage|p2a: Toxapex|143/216\n|-damage|p1a: Cobalion|0 fnt|[from] item: Life Orb\n|faint|p1a: Cobalion\n|move|p2a: Toxapex|Recover|p2a: Toxapex\n|-heal|p2a: Toxapex|216/216\n|\n|upkeep\n|\n|t:|1781438901\n|switch|p1a: Walking Wake|Walking Wake, L79|286/286\n|turn|9\n|\n|t:|1781438904\n|move|p1a: Walking Wake|Sunny Day|p1a: Walking Wake\n|-weather|SunnyDay\n|-activate|p1a: Walking Wake|ability: Protosynthesis\n|-start|p1a: Walking Wake|protosynthesisspa\n|move|p2a: Toxapex|Toxic|p1a: Walking Wake\n|-status|p1a: Walking Wake|tox\n|\n|-weather|SunnyDay|[upkeep]\n|-damage|p1a: Walking Wake|269/286 tox|[from] psn\n|upkeep\n|turn|10\n|\n|t:|1781438918\n|move|p1a: Walking Wake|Draco Meteor|p2a: Toxapex\n|-damage|p2a: Toxapex|25/216\n|-unboost|p1a: Walking Wake|spa|2\n|-damage|p1a: Walking Wake|241/286 tox|[from] item: Life Orb\n|move|p2a: Toxapex|Recover|p2a: Toxapex\n|-heal|p2a: Toxapex|133/216\n|\n|-weather|SunnyDay|[upkeep]\n|-damage|p1a: Walking Wake|207/286 tox|[from] psn\n|upkeep\n|turn|11\n|-message|Cydia25 forfeited.\n|\n|win|GamesWrath\n|raw|Cydia25's rating: 1406 &rarr; <strong>1388</strong><br />(-18 for losing)\n|raw|GamesWrath's rating: 1443 &rarr; <strong>1461</strong><br />(+18 for winning)\n|l|\u2606Cydia25\n|player|p1|\n", "uploadtime": 1781438926, "views": 2, "formatid": "gen9randombattle", "rating": 1388, "private": 0, "password": null}