{"id": "gen9randombattle-2631455070", "format": "[Gen 9] Random Battle", "players": ["Greedy Rapooh", "discodiscogoodgood"], "log": "|j|\u2606Greedy Rapooh\n|j|\u2606discodiscogoodgood\n|t:|1781386742\n|gametype|singles\n|player|p1|Greedy Rapooh|acerola-masters|2035\n|player|p2|discodiscogoodgood|musician|2034\n|gen|9\n|tier|[Gen 9] Random Battle\n|rated|\n|rule|Species Clause: Limit one of each Pok\u00e9mon\n|rule|HP Percentage Mod: HP is shown in percentages\n|rule|Sleep Clause Mod: Limit one foe put to sleep\n|rule|Illusion Level Mod: Illusion disguises the Pok\u00e9mon's true level\n|\n|t:|1781386742\n|teamsize|p1|6\n|teamsize|p2|6\n|start\n|switch|p1a: Slaking|Slaking, L84, M|389/389\n|switch|p2a: Bastiodon|Bastiodon, L89, F|252/252\n|turn|1\n|\n|t:|1781386750\n|switch|p2a: Sandslash|Sandslash, L89, F|278/278\n|move|p1a: Slaking|Earthquake|p2a: Sandslash\n|-damage|p2a: Sandslash|149/278\n|\n|-heal|p2a: Sandslash|166/278|[from] item: Leftovers\n|upkeep\n|turn|2\n|inactive|Battle timer is ON: inactive players will automatically lose when time's up. (requested by Greedy Rapooh)\n|\n|t:|1781386757\n|switch|p1a: Manaphy|Manaphy, L78|284/284\n|move|p2a: Sandslash|Knock Off|p1a: Manaphy\n|-damage|p1a: Manaphy|207/284\n|-enditem|p1a: Manaphy|Leftovers|[from] move: Knock Off|[of] p2a: Sandslash\n|\n|-heal|p2a: Sandslash|183/278|[from] item: Leftovers\n|upkeep\n|turn|3\n|\n|t:|1781386767\n|switch|p2a: Conkeldurr|Conkeldurr, L80, F|299/299\n|move|p1a: Manaphy|Hydro Pump|p2a: Conkeldurr\n|-damage|p2a: Conkeldurr|160/299\n|\n|-status|p2a: Conkeldurr|brn|[from] item: Flame Orb\n|upkeep\n|turn|4\n|\n|t:|1781386774\n|switch|p1a: Sableye|Sableye, L88, F|231/231\n|move|p2a: Conkeldurr|Knock Off|p1a: Sableye\n|-damage|p1a: Sableye|98/231\n|-enditem|p1a: Sableye|Leftovers|[from] move: Knock Off|[of] p2a: Conkeldurr\n|\n|-damage|p2a: Conkeldurr|142/299 brn|[from] brn\n|upkeep\n|turn|5\n|\n|t:|1781386779\n|switch|p2a: Sandslash|Sandslash, L89, F|183/278\n|move|p1a: Sableye|Recover|p1a: Sableye\n|-heal|p1a: Sableye|214/231\n|\n|-heal|p2a: Sandslash|200/278|[from] item: Leftovers\n|upkeep\n|turn|6\n|\n|t:|1781386783\n|move|p2a: Sandslash|Spikes|p1a: Sableye\n|-sidestart|p1: Greedy Rapooh|Spikes\n|move|p1a: Sableye|Knock Off|p2a: Sandslash\n|-damage|p2a: Sandslash|125/278\n|-enditem|p2a: Sandslash|Leftovers|[from] move: Knock Off|[of] p1a: Sableye\n|\n|upkeep\n|turn|7\n|\n|t:|1781386788\n|switch|p1a: Persian|Persian-Alola, L86, F|252/252\n|-damage|p1a: Persian|221/252|[from] Spikes\n|move|p2a: Sandslash|Earthquake|p1a: Persian\n|-damage|p1a: Persian|149/252\n|\n|upkeep\n|turn|8\n|\n|t:|1781386792\n|move|p1a: Persian|Nasty Plot|p1a: Persian\n|-boost|p1a: Persian|spa|2\n|move|p2a: Sandslash|Spikes|p1a: Persian\n|-sidestart|p1: Greedy Rapooh|Spikes\n|\n|upkeep\n|turn|9\n|\n|t:|1781386798\n|move|p1a: Persian|Dark Pulse|p2a: Sandslash\n|-damage|p2a: Sandslash|0 fnt\n|faint|p2a: Sandslash\n|-damage|p1a: Persian|124/252|[from] item: Life Orb\n|\n|upkeep\n|\n|t:|1781386803\n|switch|p2a: Conkeldurr|Conkeldurr, L80, F|142/299 brn\n|turn|10\n|\n|t:|1781386807\n|switch|p1a: Sableye|Sableye, L88, F|214/231\n|-damage|p1a: Sableye|176/231|[from] Spikes\n|move|p2a: Conkeldurr|Close Combat|p1a: Sableye\n|-immune|p1a: Sableye\n|\n|-damage|p2a: Conkeldurr|124/299 brn|[from] brn\n|upkeep\n|turn|11\n|\n|t:|1781386811\n|switch|p2a: Swalot|Swalot, L90, M|326/326\n|move|p1a: Sableye|Knock Off|p2a: Swalot\n|-damage|p2a: Swalot|236/326\n|-enditem|p2a: Swalot|Assault Vest|[from] move: Knock Off|[of] p1a: Sableye\n|\n|upkeep\n|turn|12\n|\n|t:|1781386817\n|move|p1a: Sableye|Thunder Wave|p2a: Swalot\n|-status|p2a: Swalot|par\n|move|p2a: Swalot|Sludge Bomb|p1a: Sableye\n|-resisted|p1a: Sableye\n|-damage|p1a: Sableye|122/231\n|-status|p1a: Sableye|psn\n|\n|-damage|p1a: Sableye|94/231 psn|[from] psn\n|upkeep\n|turn|13\n|\n|t:|1781386823\n|move|p1a: Sableye|Recover|p1a: Sableye\n|-heal|p1a: Sableye|210/231 psn\n|cant|p2a: Swalot|par\n|\n|-damage|p1a: Sableye|182/231 psn|[from] psn\n|upkeep\n|turn|14\n|\n|t:|1781386827\n|switch|p1a: Slaking|Slaking, L84, M|389/389\n|-damage|p1a: Slaking|325/389|[from] Spikes\n|move|p2a: Swalot|Sludge Bomb|p1a: Slaking\n|-damage|p1a: Slaking|214/389\n|\n|upkeep\n|turn|15\n|\n|t:|1781386834\n|move|p1a: Slaking|Earthquake|p2a: Swalot\n|-supereffective|p2a: Swalot\n|-damage|p2a: Swalot|0 fnt\n|faint|p2a: Swalot\n|\n|upkeep\n|\n|t:|1781386836\n|switch|p2a: Vivillon|Vivillon-Ocean, L83, M|268/268\n|turn|16\n|\n|t:|1781386839\n|switch|p1a: Sableye|Sableye, L88, F|182/231 psn\n|-damage|p1a: Sableye|144/231 psn|[from] Spikes\n|move|p2a: Vivillon|Quiver Dance|p2a: Vivillon\n|-boost|p2a: Vivillon|spa|1\n|-boost|p2a: Vivillon|spd|1\n|-boost|p2a: Vivillon|spe|1\n|\n|-damage|p1a: Sableye|116/231 psn|[from] psn\n|upkeep\n|turn|17\n|\n|t:|1781386843\n|switch|p2a: Bastiodon|Bastiodon, L89, F|252/252\n|move|p1a: Sableye|Encore||[still]\n|-fail|p1a: Sableye\n|\n|-damage|p1a: Sableye|88/231 psn|[from] psn\n|upkeep\n|turn|18\n|\n|t:|1781386846\n|move|p1a: Sableye|Knock Off|p2a: Bastiodon\n|-damage|p2a: Bastiodon|203/252\n|-enditem|p2a: Bastiodon|Chesto Berry|[from] move: Knock Off|[of] p1a: Sableye\n|move|p2a: Bastiodon|Foul Play|p1a: Sableye\n|-damage|p1a: Sableye|19/231 psn\n|\n|-damage|p1a: Sableye|0 fnt|[from] psn\n|faint|p1a: Sableye\n|upkeep\n|\n|t:|1781386854\n|switch|p1a: Iron Valiant|Iron Valiant, L78|244/244\n|-damage|p1a: Iron Valiant|204/244|[from] Spikes\n|turn|19\n|\n|t:|1781386862\n|switch|p2a: Conkeldurr|Conkeldurr, L80, F|124/299 brn\n|move|p1a: Iron Valiant|Swords Dance|p1a: Iron Valiant\n|-boost|p1a: Iron Valiant|atk|2\n|\n|-damage|p2a: Conkeldurr|106/299 brn|[from] brn\n|upkeep\n|turn|20\n|\n|t:|1781386866\n|move|p2a: Conkeldurr|Mach Punch|p1a: Iron Valiant\n|-resisted|p1a: Iron Valiant\n|-damage|p1a: Iron Valiant|162/244\n|move|p1a: Iron Valiant|Spirit Break|p2a: Conkeldurr\n|-supereffective|p2a: Conkeldurr\n|-damage|p2a: Conkeldurr|0 fnt\n|faint|p2a: Conkeldurr\n|-damage|p1a: Iron Valiant|138/244|[from] item: Life Orb\n|\n|upkeep\n|\n|t:|1781386872\n|switch|p2a: Deoxys|Deoxys-Defense, L84|221/221\n|-ability|p2a: Deoxys|Pressure\n|turn|21\n|\n|t:|1781386875\n|move|p1a: Iron Valiant|Knock Off|p2a: Deoxys\n|-supereffective|p2a: Deoxys\n|-damage|p2a: Deoxys|0 fnt\n|-enditem|p2a: Deoxys|Leftovers|[from] move: Knock Off|[of] p1a: Iron Valiant\n|faint|p2a: Deoxys\n|-damage|p1a: Iron Valiant|114/244|[from] item: Life Orb\n|\n|upkeep\n|\n|t:|1781386878\n|switch|p2a: Bastiodon|Bastiodon, L89, F|203/252\n|turn|22\n|\n|t:|1781386884\n|-terastallize|p2a: Bastiodon|Fighting\n|move|p1a: Iron Valiant|Spirit Break|p2a: Bastiodon\n|-supereffective|p2a: Bastiodon\n|-crit|p2a: Bastiodon\n|-damage|p2a: Bastiodon|0 fnt\n|faint|p2a: Bastiodon\n|-damage|p1a: Iron Valiant|90/244|[from] item: Life Orb\n|\n|upkeep\n|-message|discodiscogoodgood forfeited.\n|\n|win|Greedy Rapooh\n", "uploadtime": 1781386745, "views": 5, "formatid": "gen9randombattle", "rating": null, "private": 0, "password": null}