{"id": "gen9randombattle-2631460754", "format": "[Gen 9] Random Battle", "players": ["shams713", "General Nova64"], "log": "|j|\u2606shams713\n|j|\u2606General Nova64\n|t:|1781387466\n|gametype|singles\n|player|p1|shams713|101|2070\n|player|p2|General Nova64|1|2090\n|gen|9\n|tier|[Gen 9] Random Battle\n|rated|\n|rule|Species Clause: Limit one of each Pok\u00e9mon\n|rule|HP Percentage Mod: HP is shown in percentages\n|rule|Sleep Clause Mod: Limit one foe put to sleep\n|rule|Illusion Level Mod: Illusion disguises the Pok\u00e9mon's true level\n|\n|t:|1781387466\n|teamsize|p1|6\n|teamsize|p2|6\n|start\n|switch|p1a: Roaring Moon|Roaring Moon, L72|270/270\n|switch|p2a: Arbok|Arbok, L87, M|246/246\n|-ability|p2a: Arbok|Intimidate|boost\n|-unboost|p1a: Roaring Moon|atk|1\n|turn|1\n|\n|t:|1781387484\n|-end|p1a: Roaring Moon|Protosynthesis|[silent]\n|switch|p1a: Volbeat|Volbeat, L90, M|263/263\n|move|p2a: Arbok|Coil|p2a: Arbok\n|-boost|p2a: Arbok|atk|1\n|-boost|p2a: Arbok|def|1\n|-boost|p2a: Arbok|accuracy|1\n|\n|upkeep\n|turn|2\n|\n|t:|1781387490\n|-terastallize|p2a: Arbok|Dark\n|move|p1a: Volbeat|Encore|p2a: Arbok\n|-hint|Since gen 7, Dark is immune to Prankster moves.\n|-immune|p2a: Arbok\n|move|p2a: Arbok|Coil|p2a: Arbok\n|-boost|p2a: Arbok|atk|1\n|-boost|p2a: Arbok|def|1\n|-boost|p2a: Arbok|accuracy|1\n|\n|upkeep\n|turn|3\n|inactive|Battle timer is ON: inactive players will automatically lose when time's up. (requested by shams713)\n|\n|t:|1781387510\n|move|p1a: Volbeat|Lunge|p2a: Arbok\n|-supereffective|p2a: Arbok\n|-damage|p2a: Arbok|148/246\n|-unboost|p2a: Arbok|atk|1\n|move|p2a: Arbok|Coil|p2a: Arbok\n|-boost|p2a: Arbok|atk|1\n|-boost|p2a: Arbok|def|1\n|-boost|p2a: Arbok|accuracy|1\n|\n|-heal|p2a: Arbok|163/246|[from] item: Leftovers\n|upkeep\n|turn|4\n|\n|t:|1781387538\n|move|p2a: Arbok|Sucker Punch|p1a: Volbeat\n|-damage|p1a: Volbeat|106/263\n|move|p1a: Volbeat|Lunge|p2a: Arbok\n|-supereffective|p2a: Arbok\n|-damage|p2a: Arbok|89/246\n|-unboost|p2a: Arbok|atk|1\n|\n|-heal|p2a: Arbok|104/246|[from] item: Leftovers\n|upkeep\n|turn|5\n|\n|t:|1781387554\n|move|p1a: Volbeat|Roost|p1a: Volbeat\n|-heal|p1a: Volbeat|238/263\n|-singleturn|p1a: Volbeat|move: Roost\n|move|p2a: Arbok|Gunk Shot|p1a: Volbeat\n|-damage|p1a: Volbeat|40/263\n|-status|p1a: Volbeat|psn\n|\n|-heal|p2a: Arbok|119/246|[from] item: Leftovers\n|-damage|p1a: Volbeat|8/263 psn|[from] psn\n|upkeep\n|turn|6\n|\n|t:|1781387566\n|move|p1a: Volbeat|Lunge|p2a: Arbok\n|-supereffective|p2a: Arbok\n|-damage|p2a: Arbok|45/246\n|-unboost|p2a: Arbok|atk|1\n|move|p2a: Arbok|Coil|p2a: Arbok\n|-boost|p2a: Arbok|atk|1\n|-boost|p2a: Arbok|def|1\n|-boost|p2a: Arbok|accuracy|1\n|\n|-heal|p2a: Arbok|60/246|[from] item: Leftovers\n|-damage|p1a: Volbeat|0 fnt|[from] psn\n|faint|p1a: Volbeat\n|upkeep\n|\n|t:|1781387589\n|switch|p1a: Wigglytuff|Wigglytuff, L96, F|424/424\n|turn|7\n|\n|t:|1781387597\n|-terastallize|p1a: Wigglytuff|Steel\n|move|p2a: Arbok|Earthquake|p1a: Wigglytuff\n|-supereffective|p1a: Wigglytuff\n|-damage|p1a: Wigglytuff|106/424\n|move|p1a: Wigglytuff|Dazzling Gleam|p2a: Arbok\n|-supereffective|p2a: Arbok\n|-damage|p2a: Arbok|0 fnt\n|faint|p2a: Arbok\n|\n|-heal|p1a: Wigglytuff|132/424|[from] item: Leftovers\n|upkeep\n|\n|t:|1781387610\n|switch|p2a: Kleavor|Kleavor, L78, F|237/237\n|turn|8\n|\n|t:|1781387614\n|switch|p1a: Jirachi|Jirachi, L80|291/291\n|move|p2a: Kleavor|Swords Dance|p2a: Kleavor\n|-boost|p2a: Kleavor|atk|2\n|\n|upkeep\n|turn|9\n|\n|t:|1781387620\n|move|p1a: Jirachi|Iron Head|p2a: Kleavor\n|-supereffective|p2a: Kleavor\n|-damage|p2a: Kleavor|73/237\n|cant|p2a: Kleavor|flinch\n|\n|upkeep\n|turn|10\n|\n|t:|1781387625\n|move|p1a: Jirachi|Iron Head|p2a: Kleavor\n|-supereffective|p2a: Kleavor\n|-damage|p2a: Kleavor|0 fnt\n|faint|p2a: Kleavor\n|\n|upkeep\n|\n|t:|1781387631\n|switch|p2a: Chi-Yu|Chi-Yu, L77|211/211\n|-ability|p2a: Chi-Yu|Beads of Ruin\n|turn|11\n|\n|t:|1781387637\n|move|p1a: Jirachi|Protect|p1a: Jirachi\n|-singleturn|p1a: Jirachi|Protect\n|move|p2a: Chi-Yu|Overheat|p1a: Jirachi\n|-activate|p1a: Jirachi|move: Protect\n|\n|upkeep\n|turn|12\n|\n|t:|1781387657\n|switch|p2a: Gumshoos|Gumshoos, L95, F|321/321\n|move|p1a: Jirachi|U-turn|p2a: Gumshoos\n|-damage|p2a: Gumshoos|263/321\n|\n|t:|1781387667\n|switch|p1a: Roaring Moon|Roaring Moon, L72|270/270|[from] U-turn\n|\n|upkeep\n|turn|13\n|\n|t:|1781387671\n|move|p1a: Roaring Moon|Knock Off|p2a: Gumshoos\n|-damage|p2a: Gumshoos|142/321\n|-enditem|p2a: Gumshoos|Choice Band|[from] move: Knock Off|[of] p1a: Roaring Moon\n|move|p2a: Gumshoos|Double-Edge|p1a: Roaring Moon\n|-damage|p1a: Roaring Moon|41/270\n|-damage|p2a: Gumshoos|66/321|[from] Recoil\n|\n|upkeep\n|turn|14\n|\n|t:|1781387698\n|move|p1a: Roaring Moon|Knock Off|p2a: Gumshoos\n|-damage|p2a: Gumshoos|0 fnt\n|faint|p2a: Gumshoos\n|\n|upkeep\n|\n|t:|1781387707\n|switch|p2a: Deoxys|Deoxys-Attack, L72|191/191\n|-ability|p2a: Deoxys|Pressure\n|turn|15\n|\n|t:|1781387716\n|-end|p1a: Roaring Moon|Protosynthesis|[silent]\n|switch|p1a: Wigglytuff|Wigglytuff, L96, F, tera:Steel|132/424\n|move|p2a: Deoxys|Ice Beam|p1a: Wigglytuff\n|-resisted|p1a: Wigglytuff\n|-crit|p1a: Wigglytuff\n|-damage|p1a: Wigglytuff|31/424\n|-damage|p2a: Deoxys|172/191|[from] item: Life Orb\n|\n|-heal|p1a: Wigglytuff|57/424|[from] item: Leftovers\n|upkeep\n|turn|16\n|\n|t:|1781387729\n|move|p2a: Deoxys|Superpower|p1a: Wigglytuff\n|-supereffective|p1a: Wigglytuff\n|-damage|p1a: Wigglytuff|0 fnt\n|-unboost|p2a: Deoxys|atk|1\n|-unboost|p2a: Deoxys|def|1\n|faint|p1a: Wigglytuff\n|-damage|p2a: Deoxys|153/191|[from] item: Life Orb\n|\n|upkeep\n|\n|t:|1781387735\n|switch|p1a: Meloetta|Meloetta, L82|298/298\n|turn|17\n|\n|t:|1781387743\n|switch|p2a: Salazzle|Salazzle, L83, F|249/249\n|move|p1a: Meloetta|Hyper Voice|p2a: Salazzle\n|-damage|p2a: Salazzle|24/249\n|\n|upkeep\n|turn|18\n|\n|t:|1781387749\n|move|p2a: Salazzle|Fire Blast|p1a: Meloetta\n|-damage|p1a: Meloetta|196/298\n|move|p1a: Meloetta|Hyper Voice|p2a: Salazzle\n|-damage|p2a: Salazzle|0 fnt\n|faint|p2a: Salazzle\n|\n|upkeep\n|\n|t:|1781387766\n|switch|p2a: Deoxys|Deoxys-Attack, L72|153/191\n|-ability|p2a: Deoxys|Pressure\n|turn|19\n|\n|t:|1781387776\n|move|p2a: Deoxys|Knock Off|p1a: Meloetta\n|-supereffective|p1a: Meloetta\n|-damage|p1a: Meloetta|0 fnt\n|-enditem|p1a: Meloetta|Choice Specs|[from] move: Knock Off|[of] p2a: Deoxys\n|faint|p1a: Meloetta\n|-damage|p2a: Deoxys|134/191|[from] item: Life Orb\n|\n|upkeep\n|\n|t:|1781387781\n|switch|p1a: Jirachi|Jirachi, L80|291/291\n|turn|20\n|\n|t:|1781387785\n|move|p2a: Deoxys|Knock Off|p1a: Jirachi\n|-supereffective|p1a: Jirachi\n|-damage|p1a: Jirachi|83/291\n|-enditem|p1a: Jirachi|Leftovers|[from] move: Knock Off|[of] p2a: Deoxys\n|-damage|p2a: Deoxys|115/191|[from] item: Life Orb\n|move|p1a: Jirachi|Iron Head|p2a: Deoxys\n|-damage|p2a: Deoxys|0 fnt\n|faint|p2a: Deoxys\n|\n|upkeep\n|\n|t:|1781387788\n|switch|p2a: Chi-Yu|Chi-Yu, L77|211/211\n|-ability|p2a: Chi-Yu|Beads of Ruin\n|turn|21\n|\n|t:|1781387795\n|move|p1a: Jirachi|Protect|p1a: Jirachi\n|-singleturn|p1a: Jirachi|Protect\n|move|p2a: Chi-Yu|Flamethrower|p1a: Jirachi\n|-activate|p1a: Jirachi|move: Protect\n|\n|upkeep\n|turn|22\n|\n|t:|1781387798\n|move|p2a: Chi-Yu|Flamethrower|p1a: Jirachi\n|-supereffective|p1a: Jirachi\n|-damage|p1a: Jirachi|0 fnt\n|faint|p1a: Jirachi\n|\n|upkeep\n|\n|t:|1781387803\n|switch|p1a: Tropius|Tropius, L91, F|328/328\n|turn|23\n|\n|t:|1781387807\n|move|p2a: Chi-Yu|Flamethrower|p1a: Tropius\n|-supereffective|p1a: Tropius\n|-damage|p1a: Tropius|52/328\n|-enditem|p1a: Tropius|Sitrus Berry|[eat]\n|-heal|p1a: Tropius|134/328|[from] item: Sitrus Berry\n|move|p1a: Tropius|Leech Seed|p2a: Chi-Yu\n|-start|p2a: Chi-Yu|move: Leech Seed\n|\n|-damage|p2a: Chi-Yu|185/211|[from] Leech Seed|[of] p1a: Tropius\n|-heal|p1a: Tropius|160/328|[silent]\n|-item|p1a: Tropius|Sitrus Berry|[from] ability: Harvest\n|upkeep\n|-enditem|p1a: Tropius|Sitrus Berry|[eat]\n|-heal|p1a: Tropius|242/328|[from] item: Sitrus Berry\n|turn|24\n|\n|t:|1781387816\n|move|p1a: Tropius|Protect|p1a: Tropius\n|-singleturn|p1a: Tropius|Protect\n|move|p2a: Chi-Yu|Flamethrower|p1a: Tropius\n|-activate|p1a: Tropius|move: Protect\n|\n|-damage|p2a: Chi-Yu|159/211|[from] Leech Seed|[of] p1a: Tropius\n|-heal|p1a: Tropius|268/328|[silent]\n|upkeep\n|turn|25\n|\n|t:|1781387823\n|switch|p1a: Roaring Moon|Roaring Moon, L72|41/270\n|move|p2a: Chi-Yu|Flamethrower|p1a: Roaring Moon\n|-resisted|p1a: Roaring Moon\n|-damage|p1a: Roaring Moon|0 fnt\n|faint|p1a: Roaring Moon\n|-end|p1a: Roaring Moon|Protosynthesis|[silent]\n|\n|upkeep\n|\n|t:|1781387825\n|switch|p1a: Tropius|Tropius, L91, F|268/328\n|turn|26\n|\n|t:|1781387827\n|move|p1a: Tropius|Protect|p1a: Tropius\n|-singleturn|p1a: Tropius|Protect\n|move|p2a: Chi-Yu|Flamethrower|p1a: Tropius\n|-activate|p1a: Tropius|move: Protect\n|\n|-damage|p2a: Chi-Yu|133/211|[from] Leech Seed|[of] p1a: Tropius\n|-heal|p1a: Tropius|294/328|[silent]\n|upkeep\n|turn|27\n|\n|t:|1781387834\n|move|p2a: Chi-Yu|Flamethrower|p1a: Tropius\n|-supereffective|p1a: Tropius\n|-damage|p1a: Tropius|40/328\n|-status|p1a: Tropius|brn\n|move|p1a: Tropius|Air Slash|p2a: Chi-Yu\n|-damage|p2a: Chi-Yu|67/211\n|\n|-damage|p2a: Chi-Yu|41/211|[from] Leech Seed|[of] p1a: Tropius\n|-heal|p1a: Tropius|66/328 brn|[silent]\n|-damage|p1a: Tropius|46/328 brn|[from] brn\n|-item|p1a: Tropius|Sitrus Berry|[from] ability: Harvest\n|upkeep\n|-enditem|p1a: Tropius|Sitrus Berry|[eat]\n|-heal|p1a: Tropius|128/328 brn|[from] item: Sitrus Berry\n|turn|28\n|\n|t:|1781387845\n|move|p1a: Tropius|Protect|p1a: Tropius\n|-singleturn|p1a: Tropius|Protect\n|move|p2a: Chi-Yu|Flamethrower|p1a: Tropius\n|-activate|p1a: Tropius|move: Protect\n|\n|-damage|p2a: Chi-Yu|15/211|[from] Leech Seed|[of] p1a: Tropius\n|-heal|p1a: Tropius|154/328 brn|[silent]\n|-damage|p1a: Tropius|134/328 brn|[from] brn\n|-item|p1a: Tropius|Sitrus Berry|[from] ability: Harvest\n|upkeep\n|-enditem|p1a: Tropius|Sitrus Berry|[eat]\n|-heal|p1a: Tropius|216/328 brn|[from] item: Sitrus Berry\n|turn|29\n|c|\u2606General Nova64|Can you hit the double\n|\n|t:|1781387855\n|move|p1a: Tropius|Protect||[still]\n|-fail|p1a: Tropius\n|move|p2a: Chi-Yu|Flamethrower|p1a: Tropius\n|-supereffective|p1a: Tropius\n|-damage|p1a: Tropius|0 fnt\n|faint|p1a: Tropius\n|\n|win|General Nova64\n|raw|shams713's rating: 2070 &rarr; <strong>2051</strong><br />(-19 for losing)\n|raw|General Nova64's rating: 2090 &rarr; <strong>2109</strong><br />(+19 for winning)\n", "uploadtime": 1781387468, "views": 8, "formatid": "gen9randombattle", "rating": 2051, "private": 0, "password": null}