{"id": "gen9randombattle-2631810593", "format": "[Gen 9] Random Battle", "players": ["Green Calf", "Mastersatanr"], "log": "|j|\u2606Green Calf\n|j|\u2606Mastersatanr\n|t:|1781443001\n|gametype|singles\n|player|p1|Green Calf|2|1996\n|player|p2|Mastersatanr|acetrainer-gen2|1995\n|gen|9\n|tier|[Gen 9] Random Battle\n|rated|\n|rule|Species Clause: Limit one of each Pok\u00e9mon\n|rule|HP Percentage Mod: HP is shown in percentages\n|rule|Sleep Clause Mod: Limit one foe put to sleep\n|rule|Illusion Level Mod: Illusion disguises the Pok\u00e9mon's true level\n|\n|t:|1781443001\n|teamsize|p1|6\n|teamsize|p2|6\n|start\n|switch|p1a: Gumshoos|Gumshoos, L95, F|321/321\n|switch|p2a: Greninja|Greninja, L80, M|246/246\n|turn|1\n|\n|t:|1781443016\n|switch|p2a: Regirock|Regirock, L83|268/268\n|move|p1a: Gumshoos|U-turn|p2a: Regirock\n|-damage|p2a: Regirock|155/268\n|\n|t:|1781443022\n|switch|p1a: Iron Crown|Iron Crown, L78|268/268|[from] U-turn\n|\n|-heal|p2a: Regirock|171/268|[from] item: Leftovers\n|upkeep\n|turn|2\n|\n|t:|1781443029\n|switch|p2a: Rotom|Rotom, L88|231/231\n|move|p1a: Iron Crown|Tachyon Cutter|p2a: Rotom\n|-resisted|p2a: Rotom\n|-crit|p2a: Rotom\n|-damage|p2a: Rotom|186/231\n|-resisted|p2a: Rotom\n|-damage|p2a: Rotom|159/231\n|-hitcount|p2a: Rotom|2\n|\n|upkeep\n|turn|3\n|\n|t:|1781443045\n|-end|p1a: Iron Crown|Quark Drive|[silent]\n|switch|p1a: Pachirisu|Pachirisu, L96, F|271/271\n|move|p2a: Rotom|Nasty Plot|p2a: Rotom\n|-boost|p2a: Rotom|spa|2\n|\n|upkeep\n|turn|4\n|\n|t:|1781443053\n|switch|p2a: Regirock|Regirock, L83|171/268\n|move|p1a: Pachirisu|Encore||[still]\n|-fail|p1a: Pachirisu\n|\n|-heal|p2a: Regirock|187/268|[from] item: Leftovers\n|upkeep\n|turn|5\n|inactive|Battle timer is ON: inactive players will automatically lose when time's up. (requested by Mastersatanr)\n|\n|t:|1781443078\n|move|p1a: Pachirisu|U-turn|p2a: Regirock\n|-damage|p2a: Regirock|166/268\n|\n|t:|1781443080\n|switch|p1a: Crabominable|Crabominable, L90, F|321/321|[from] U-turn\n|move|p2a: Regirock|Stealth Rock|p1a: Crabominable\n|-sidestart|p1: Green Calf|move: Stealth Rock\n|\n|-heal|p2a: Regirock|182/268|[from] item: Leftovers\n|upkeep\n|turn|6\n|\n|t:|1781443094\n|move|p2a: Regirock|Thunder Wave|p1a: Crabominable|[miss]\n|-miss|p2a: Regirock|p1a: Crabominable\n|move|p1a: Crabominable|Ice Hammer|p2a: Regirock\n|-damage|p2a: Regirock|49/268\n|-unboost|p1a: Crabominable|spe|1\n|\n|-heal|p2a: Regirock|65/268|[from] item: Leftovers\n|upkeep\n|turn|7\n|\n|t:|1781443101\n|switch|p1a: Pachirisu|Pachirisu, L96, F|271/271\n|move|p2a: Regirock|Body Press|p1a: Pachirisu\n|-damage|p1a: Pachirisu|168/271\n|\n|-heal|p2a: Regirock|81/268|[from] item: Leftovers\n|upkeep\n|turn|8\n|\n|t:|1781443110\n|move|p1a: Pachirisu|Discharge|p2a: Regirock\n|-damage|p2a: Regirock|21/268\n|move|p2a: Regirock|Stone Edge|p1a: Pachirisu\n|-damage|p1a: Pachirisu|66/271\n|\n|-heal|p2a: Regirock|37/268|[from] item: Leftovers\n|upkeep\n|turn|9\n|\n|t:|1781443120\n|move|p1a: Pachirisu|Discharge|p2a: Regirock\n|-damage|p2a: Regirock|0 fnt\n|faint|p2a: Regirock\n|\n|upkeep\n|\n|t:|1781443123\n|switch|p2a: Infernape|Infernape, L82, M|259/259\n|turn|10\n|\n|t:|1781443132\n|move|p2a: Infernape|Mach Punch|p1a: Pachirisu\n|-damage|p1a: Pachirisu|0 fnt\n|faint|p1a: Pachirisu\n|\n|upkeep\n|\n|t:|1781443139\n|switch|p1a: Mismagius|Mismagius, L86, M|243/243\n|-damage|p1a: Mismagius|213/243|[from] Stealth Rock\n|turn|11\n|\n|t:|1781443144\n|switch|p2a: Greninja|Greninja, L80, M|246/246\n|move|p1a: Mismagius|Energy Ball|p2a: Greninja\n|-supereffective|p2a: Greninja\n|-damage|p2a: Greninja|0 fnt\n|faint|p2a: Greninja\n|\n|upkeep\n|\n|t:|1781443154\n|switch|p2a: Giratina|Giratina, L75|349/349\n|-ability|p2a: Giratina|Pressure\n|turn|12\n|\n|t:|1781443158\n|switch|p1a: Gumshoos|Gumshoos, L95, F|321/321\n|-damage|p1a: Gumshoos|281/321|[from] Stealth Rock\n|move|p2a: Giratina|Will-O-Wisp|p1a: Gumshoos\n|-status|p1a: Gumshoos|brn\n|\n|-damage|p1a: Gumshoos|261/321 brn|[from] brn\n|upkeep\n|turn|13\n|\n|t:|1781443174\n|switch|p2a: Rotom|Rotom, L88|159/231\n|move|p1a: Gumshoos|U-turn|p2a: Rotom\n|-resisted|p2a: Rotom\n|-damage|p2a: Rotom|105/231\n|\n|t:|1781443177\n|switch|p1a: Pyroar|Pyroar, L88, F|295/295|[from] U-turn\n|-ability|p1a: Pyroar|Unnerve\n|\n|upkeep\n|turn|14\n|\n|t:|1781443183\n|switch|p2a: Infernape|Infernape, L82, M|259/259\n|move|p1a: Pyroar|Dark Pulse|p2a: Infernape\n|-resisted|p2a: Infernape\n|-damage|p2a: Infernape|221/259\n|\n|upkeep\n|turn|15\n|\n|t:|1781443187\n|move|p1a: Pyroar|Hyper Voice|p2a: Infernape\n|-damage|p2a: Infernape|94/259\n|move|p2a: Infernape|Flare Blitz|p1a: Pyroar\n|-resisted|p1a: Pyroar\n|-damage|p1a: Pyroar|199/295\n|-damage|p2a: Infernape|62/259|[from] Recoil\n|\n|upkeep\n|turn|16\n|-message|Mastersatanr forfeited.\n|\n|win|Green Calf\n|raw|Green Calf's rating: 1996 &rarr; <strong>2016</strong><br />(+20 for winning)\n|raw|Mastersatanr's rating: 1995 &rarr; <strong>1975</strong><br />(-20 for losing)\n", "uploadtime": 1781443003, "views": 3, "formatid": "gen9randombattle", "rating": 1975, "private": 0, "password": null}