{"id": "gen9randombattle-2631382871", "format": "[Gen 9] Random Battle", "players": ["Alphamon7", "sirrna"], "log": "|j|\u2606Alphamon7\n|j|\u203dsirrna\n|t:|1781378126\n|gametype|singles\n|player|p1|Alphamon7|blaine|2029\n|player|p2|sirrna|102|2051\n|gen|9\n|tier|[Gen 9] Random Battle\n|rated|\n|rule|Species Clause: Limit one of each Pok\u00e9mon\n|rule|HP Percentage Mod: HP is shown in percentages\n|rule|Sleep Clause Mod: Limit one foe put to sleep\n|rule|Illusion Level Mod: Illusion disguises the Pok\u00e9mon's true level\n|\n|t:|1781378126\n|teamsize|p1|6\n|teamsize|p2|6\n|start\n|switch|p1a: Breloom|Breloom, L83, M|235/235\n|switch|p2a: Clodsire|Clodsire, L81, F|343/343\n|turn|1\n|\n|t:|1781378137\n|move|p1a: Breloom|Spore|p2a: Clodsire\n|-status|p2a: Clodsire|slp|[from] move: Spore\n|cant|p2a: Clodsire|slp\n|\n|upkeep\n|turn|2\n|\n|t:|1781378143\n|switch|p2a: Grumpig|Grumpig, L92, M|297/297\n|move|p1a: Breloom|Bullet Seed|p2a: Grumpig\n|-damage|p2a: Grumpig|219/297\n|-damage|p2a: Grumpig|145/297\n|-hitcount|p2a: Grumpig|2\n|-damage|p1a: Breloom|212/235|[from] item: Life Orb\n|\n|upkeep\n|turn|3\n|\n|t:|1781378175\n|switch|p1a: Meloetta|Meloetta, L82|298/298\n|move|p2a: Grumpig|Trick|p1a: Meloetta\n|-activate|p2a: Grumpig|move: Trick|[of] p1a: Meloetta\n|-item|p1a: Meloetta|Choice Scarf|[from] move: Trick\n|-item|p2a: Grumpig|Choice Specs|[from] move: Trick\n|\n|upkeep\n|turn|4\n|\n|t:|1781378201\n|switch|p2a: Clodsire|Clodsire, L81, F|343/343 slp\n|move|p1a: Meloetta|U-turn|p2a: Clodsire\n|-resisted|p2a: Clodsire\n|-damage|p2a: Clodsire|317/343 slp\n|\n|t:|1781378207\n|switch|p1a: Breloom|Breloom, L83, M|212/235|[from] U-turn\n|\n|-heal|p2a: Clodsire|338/343 slp|[from] item: Leftovers\n|upkeep\n|turn|5\n|\n|t:|1781378215\n|switch|p2a: Bombirdier|Bombirdier, L85, F|258/258\n|move|p1a: Breloom|Bullet Seed|p2a: Bombirdier\n|-resisted|p2a: Bombirdier\n|-damage|p2a: Bombirdier|226/258\n|-resisted|p2a: Bombirdier\n|-damage|p2a: Bombirdier|195/258\n|-hitcount|p2a: Bombirdier|2\n|-damage|p1a: Breloom|189/235|[from] item: Life Orb\n|\n|upkeep\n|turn|6\n|\n|t:|1781378230\n|switch|p1a: Registeel|Registeel, L81|262/262\n|move|p2a: Bombirdier|Knock Off|p1a: Registeel\n|-damage|p1a: Registeel|186/262\n|-enditem|p1a: Registeel|Chesto Berry|[from] move: Knock Off|[of] p2a: Bombirdier\n|\n|upkeep\n|turn|7\n|\n|t:|1781378241\n|switch|p2a: Grumpig|Grumpig, L92, M|145/297\n|move|p1a: Registeel|Iron Head|p2a: Grumpig\n|-damage|p2a: Grumpig|64/297\n|\n|upkeep\n|turn|8\n|\n|t:|1781378248\n|move|p2a: Grumpig|Earth Power|p1a: Registeel\n|-supereffective|p1a: Registeel\n|-damage|p1a: Registeel|44/262\n|move|p1a: Registeel|Iron Head|p2a: Grumpig\n|-damage|p2a: Grumpig|0 fnt\n|faint|p2a: Grumpig\n|\n|upkeep\n|\n|t:|1781378257\n|switch|p2a: Archaludon|Archaludon, L78, F|268/268\n|turn|9\n|\n|t:|1781378269\n|move|p2a: Archaludon|Body Press|p1a: Registeel\n|-supereffective|p1a: Registeel\n|-damage|p1a: Registeel|0 fnt\n|faint|p1a: Registeel\n|\n|upkeep\n|\n|t:|1781378310\n|switch|p1a: Meloetta|Meloetta, L82|298/298\n|turn|10\n|\n|t:|1781378319\n|switch|p2a: Bombirdier|Bombirdier, L85, F|195/258\n|move|p1a: Meloetta|Focus Blast|p2a: Bombirdier\n|-damage|p2a: Bombirdier|96/258\n|\n|upkeep\n|turn|11\n|\n|t:|1781378351\n|move|p2a: Bombirdier|Sucker Punch|p1a: Meloetta\n|-supereffective|p1a: Meloetta\n|-damage|p1a: Meloetta|110/298\n|move|p1a: Meloetta|Focus Blast|p2a: Bombirdier|[miss]\n|-miss|p1a: Meloetta|p2a: Bombirdier\n|\n|upkeep\n|turn|12\n|\n|t:|1781378364\n|switch|p1a: Jolteon|Jolteon, L84, F|246/246\n|move|p2a: Bombirdier|Roost|p2a: Bombirdier\n|-heal|p2a: Bombirdier|225/258\n|-singleturn|p2a: Bombirdier|move: Roost\n|\n|upkeep\n|turn|13\n|\n|t:|1781378371\n|switch|p2a: Clodsire|Clodsire, L81, F|338/343 slp\n|move|p1a: Jolteon|Substitute|p1a: Jolteon\n|-start|p1a: Jolteon|Substitute\n|-damage|p1a: Jolteon|185/246\n|\n|-heal|p1a: Jolteon|200/246|[from] item: Leftovers\n|-heal|p2a: Clodsire|343/343 slp|[from] item: Leftovers\n|upkeep\n|turn|14\n|\n|t:|1781378379\n|switch|p1a: Breloom|Breloom, L83, M|189/235\n|cant|p2a: Clodsire|slp\n|\n|upkeep\n|turn|15\n|\n|t:|1781378385\n|move|p1a: Breloom|Rock Tomb|p2a: Clodsire\n|-resisted|p2a: Clodsire\n|-damage|p2a: Clodsire|275/343 slp\n|-unboost|p2a: Clodsire|spe|1\n|-damage|p1a: Breloom|166/235|[from] item: Life Orb\n|cant|p2a: Clodsire|slp\n|\n|-heal|p2a: Clodsire|296/343 slp|[from] item: Leftovers\n|upkeep\n|turn|16\n|\n|t:|1781378399\n|move|p1a: Breloom|Bullet Seed|p2a: Clodsire\n|-damage|p2a: Clodsire|214/343 slp\n|-damage|p2a: Clodsire|128/343 slp\n|-hitcount|p2a: Clodsire|2\n|-damage|p1a: Breloom|143/235|[from] item: Life Orb\n|-curestatus|p2a: Clodsire|slp|[msg]\n|move|p2a: Clodsire|Poison Jab|p1a: Breloom\n|-supereffective|p1a: Breloom\n|-damage|p1a: Breloom|11/235\n|\n|-heal|p2a: Clodsire|149/343|[from] item: Leftovers\n|upkeep\n|turn|17\n|\n|t:|1781378415\n|move|p1a: Breloom|Spore|p2a: Clodsire\n|-status|p2a: Clodsire|slp|[from] move: Spore\n|cant|p2a: Clodsire|slp\n|\n|-heal|p2a: Clodsire|170/343 slp|[from] item: Leftovers\n|upkeep\n|turn|18\n|\n|t:|1781378424\n|switch|p1a: Meloetta|Meloetta, L82|110/298\n|switch|p2a: Bombirdier|Bombirdier, L85, F|225/258\n|\n|upkeep\n|turn|19\n|\n|t:|1781378435\n|switch|p1a: Roaring Moon|Roaring Moon, L72|270/270\n|move|p2a: Bombirdier|Knock Off|p1a: Roaring Moon\n|-resisted|p1a: Roaring Moon\n|-damage|p1a: Roaring Moon|198/270\n|-enditem|p1a: Roaring Moon|Lum Berry|[from] move: Knock Off|[of] p2a: Bombirdier\n|\n|upkeep\n|turn|20\n|\n|t:|1781378442\n|move|p1a: Roaring Moon|Dragon Dance|p1a: Roaring Moon\n|-boost|p1a: Roaring Moon|atk|1\n|-boost|p1a: Roaring Moon|spe|1\n|move|p2a: Bombirdier|Brave Bird|p1a: Roaring Moon\n|-damage|p1a: Roaring Moon|0 fnt\n|faint|p1a: Roaring Moon\n|-end|p1a: Roaring Moon|Protosynthesis|[silent]\n|-damage|p2a: Bombirdier|160/258|[from] Recoil\n|\n|upkeep\n|\n|t:|1781378451\n|switch|p1a: Jolteon|Jolteon, L84, F|200/246\n|turn|21\n|\n|t:|1781378466\n|-terastallize|p2a: Bombirdier|Steel\n|move|p1a: Jolteon|Calm Mind|p1a: Jolteon\n|-boost|p1a: Jolteon|spa|1\n|-boost|p1a: Jolteon|spd|1\n|move|p2a: Bombirdier|Knock Off|p1a: Jolteon\n|-damage|p1a: Jolteon|55/246\n|-enditem|p1a: Jolteon|Leftovers|[from] move: Knock Off|[of] p2a: Bombirdier\n|\n|upkeep\n|turn|22\n|\n|t:|1781378503\n|switch|p1a: Dewgong|Dewgong, L94, F|322/322\n|move|p2a: Bombirdier|Knock Off|p1a: Dewgong\n|-damage|p1a: Dewgong|222/322\n|-enditem|p1a: Dewgong|Heavy-Duty Boots|[from] move: Knock Off|[of] p2a: Bombirdier\n|\n|upkeep\n|turn|23\n|\n|t:|1781378518\n|switch|p2a: Glastrier|Glastrier, L86|312/312\n|move|p1a: Dewgong|Encore||[still]\n|-fail|p1a: Dewgong\n|\n|upkeep\n|turn|24\n|-message|Alphamon7 forfeited.\n|\n|win|sirrna\n", "uploadtime": 1781378128, "views": 8, "formatid": "gen9randombattle", "rating": null, "private": 0, "password": null}