{"id": "gen9randombattle-2631464851", "format": "[Gen 9] Random Battle", "players": ["OgerponLover17", "marper8"], "log": "|j|\u2606OgerponLover17\n|j|\u2606marper8\n|t:|1781388002\n|gametype|singles\n|player|p1|OgerponLover17|iris-gen5bw2|2213\n|player|p2|marper8|265|2154\n|gen|9\n|tier|[Gen 9] Random Battle\n|rated|\n|rule|Species Clause: Limit one of each Pok\u00e9mon\n|rule|HP Percentage Mod: HP is shown in percentages\n|rule|Sleep Clause Mod: Limit one foe put to sleep\n|rule|Illusion Level Mod: Illusion disguises the Pok\u00e9mon's true level\n|\n|t:|1781388002\n|teamsize|p1|6\n|teamsize|p2|6\n|start\n|switch|p1a: Espathra|Espathra, L80, M|283/283\n|switch|p2a: Bisharp|Bisharp, L79, F|232/232\n|turn|1\n|inactive|Battle timer is ON: inactive players will automatically lose when time's up. (requested by OgerponLover17)\n|inactive|OgerponLover17 has 120 seconds left.\n|\n|t:|1781388044\n|switch|p1a: Iron Jugulis|Iron Jugulis, L77|271/271\n|move|p2a: Bisharp|Stealth Rock|p1a: Iron Jugulis\n|-sidestart|p1: OgerponLover17|move: Stealth Rock\n|\n|upkeep\n|turn|2\n|\n|t:|1781388049\n|switch|p2a: Palafin|Palafin, L77, F|281/281\n|move|p1a: Iron Jugulis|Hydro Pump|p2a: Palafin\n|-resisted|p2a: Palafin\n|-damage|p2a: Palafin|204/281\n|\n|upkeep\n|turn|3\n|\n|t:|1781388054\n|-end|p1a: Iron Jugulis|Quark Drive|[silent]\n|switch|p1a: Rillaboom|Rillaboom, L79, M|288/288\n|-damage|p1a: Rillaboom|252/288|[from] Stealth Rock\n|-fieldstart|move: Grassy Terrain|[from] ability: Grassy Surge|[of] p1a: Rillaboom\n|move|p2a: Palafin|Flip Turn|p1a: Rillaboom\n|-resisted|p1a: Rillaboom\n|-damage|p1a: Rillaboom|218/288\n|\n|t:|1781388057\n|detailschange|p2a: Palafin|Palafin-Hero, L77, F\n|switch|p2a: Charizard|Charizard, L85, M|271/271|[from] Flip Turn\n|\n|-heal|p1a: Rillaboom|236/288|[from] Grassy Terrain\n|upkeep\n|turn|4\n|inactive|OgerponLover17 has 120 seconds left.\n|\n|t:|1781388101\n|switch|p1a: Snorlax|Snorlax, L82, M|397/397\n|-damage|p1a: Snorlax|348/397|[from] Stealth Rock\n|move|p2a: Charizard|Flamethrower|p1a: Snorlax\n|-damage|p1a: Snorlax|300/397\n|\n|-heal|p1a: Snorlax|324/397|[from] Grassy Terrain\n|-heal|p1a: Snorlax|348/397|[from] item: Leftovers\n|upkeep\n|turn|5\n|\n|t:|1781388108\n|switch|p2a: Sableye|Sableye, L88, M|231/231\n|move|p1a: Snorlax|Body Slam|p2a: Sableye\n|-immune|p2a: Sableye\n|\n|-heal|p1a: Snorlax|372/397|[from] Grassy Terrain\n|-heal|p1a: Snorlax|396/397|[from] item: Leftovers\n|upkeep\n|turn|6\n|inactive|OgerponLover17 has 120 seconds left.\n|\n|t:|1781388129\n|switch|p1a: Iron Jugulis|Iron Jugulis, L77|271/271\n|-damage|p1a: Iron Jugulis|204/271|[from] Stealth Rock\n|move|p2a: Sableye|Knock Off|p1a: Iron Jugulis\n|-resisted|p1a: Iron Jugulis\n|-crit|p1a: Iron Jugulis\n|-damage|p1a: Iron Jugulis|120/271\n|-enditem|p1a: Iron Jugulis|Choice Specs|[from] move: Knock Off|[of] p2a: Sableye\n|\n|upkeep\n|turn|7\n|\n|t:|1781388135\n|move|p1a: Iron Jugulis|U-turn|p2a: Sableye\n|-damage|p2a: Sableye|193/231\n|\n|t:|1781388144\n|-end|p1a: Iron Jugulis|Quark Drive|[silent]\n|switch|p1a: Rillaboom|Rillaboom, L79, M|236/288|[from] U-turn\n|-damage|p1a: Rillaboom|200/288|[from] Stealth Rock\n|move|p2a: Sableye|Knock Off|p1a: Rillaboom\n|-damage|p1a: Rillaboom|103/288\n|-enditem|p1a: Rillaboom|Life Orb|[from] move: Knock Off|[of] p2a: Sableye\n|\n|-heal|p1a: Rillaboom|121/288|[from] Grassy Terrain\n|-heal|p2a: Sableye|207/231|[from] Grassy Terrain\n|-heal|p2a: Sableye|221/231|[from] item: Leftovers\n|-fieldend|move: Grassy Terrain\n|upkeep\n|turn|8\n|\n|t:|1781388149\n|move|p2a: Sableye|Thunder Wave|p1a: Rillaboom\n|-status|p1a: Rillaboom|par\n|move|p1a: Rillaboom|Wood Hammer|p2a: Sableye\n|-damage|p2a: Sableye|76/231\n|-damage|p1a: Rillaboom|73/288 par|[from] Recoil\n|\n|-heal|p2a: Sableye|90/231|[from] item: Leftovers\n|upkeep\n|turn|9\n|\n|t:|1781388152\n|switch|p1a: Iron Jugulis|Iron Jugulis, L77|120/271\n|-damage|p1a: Iron Jugulis|53/271|[from] Stealth Rock\n|move|p2a: Sableye|Recover|p2a: Sableye\n|-heal|p2a: Sableye|206/231\n|\n|-heal|p2a: Sableye|220/231|[from] item: Leftovers\n|upkeep\n|turn|10\n|\n|t:|1781388156\n|move|p1a: Iron Jugulis|Dark Pulse|p2a: Sableye\n|-damage|p2a: Sableye|115/231\n|move|p2a: Sableye|Knock Off|p1a: Iron Jugulis\n|-resisted|p1a: Iron Jugulis\n|-damage|p1a: Iron Jugulis|18/271\n|\n|-heal|p2a: Sableye|129/231|[from] item: Leftovers\n|upkeep\n|turn|11\n|\n|t:|1781388160\n|move|p2a: Sableye|Recover|p2a: Sableye\n|-heal|p2a: Sableye|231/231\n|move|p1a: Iron Jugulis|Dark Pulse|p2a: Sableye\n|-damage|p2a: Sableye|128/231\n|\n|-heal|p2a: Sableye|142/231|[from] item: Leftovers\n|upkeep\n|turn|12\n|\n|t:|1781388169\n|move|p1a: Iron Jugulis|Dark Pulse|p2a: Sableye\n|-damage|p2a: Sableye|39/231\n|move|p2a: Sableye|Knock Off|p1a: Iron Jugulis\n|-resisted|p1a: Iron Jugulis\n|-damage|p1a: Iron Jugulis|0 fnt\n|faint|p1a: Iron Jugulis\n|-end|p1a: Iron Jugulis|Quark Drive|[silent]\n|\n|-heal|p2a: Sableye|53/231|[from] item: Leftovers\n|upkeep\n|\n|t:|1781388179\n|switch|p1a: Regidrago|Regidrago, L77|435/435\n|-damage|p1a: Regidrago|381/435|[from] Stealth Rock\n|turn|13\n|\n|t:|1781388184\n|move|p2a: Sableye|Recover|p2a: Sableye\n|-heal|p2a: Sableye|169/231\n|move|p1a: Regidrago|Draco Meteor|p2a: Sableye\n|-damage|p2a: Sableye|0 fnt\n|-unboost|p1a: Regidrago|spa|2\n|faint|p2a: Sableye\n|\n|upkeep\n|\n|t:|1781388189\n|switch|p2a: Bisharp|Bisharp, L79, F|232/232\n|turn|14\n|\n|t:|1781388192\n|switch|p1a: Rillaboom|Rillaboom, L79, M|73/288 par\n|-damage|p1a: Rillaboom|37/288 par|[from] Stealth Rock\n|-fieldstart|move: Grassy Terrain|[from] ability: Grassy Surge|[of] p1a: Rillaboom\n|move|p2a: Bisharp|Iron Head|p1a: Rillaboom\n|-damage|p1a: Rillaboom|0 fnt\n|faint|p1a: Rillaboom\n|\n|upkeep\n|\n|t:|1781388195\n|switch|p1a: Snorlax|Snorlax, L82, M|396/397\n|-damage|p1a: Snorlax|347/397|[from] Stealth Rock\n|turn|15\n|\n|t:|1781388200\n|switch|p2a: Zamazenta|Zamazenta-Crowned, L68|238/238\n|-ability|p2a: Zamazenta|Dauntless Shield|boost\n|-boost|p2a: Zamazenta|def|1\n|move|p1a: Snorlax|Curse|p1a: Snorlax\n|-unboost|p1a: Snorlax|spe|1\n|-boost|p1a: Snorlax|atk|1\n|-boost|p1a: Snorlax|def|1\n|\n|-heal|p1a: Snorlax|371/397|[from] Grassy Terrain\n|-heal|p1a: Snorlax|395/397|[from] item: Leftovers\n|upkeep\n|turn|16\n|\n|t:|1781388208\n|switch|p1a: Espathra|Espathra, L80, M|283/283\n|-damage|p1a: Espathra|248/283|[from] Stealth Rock\n|move|p2a: Zamazenta|Iron Defense|p2a: Zamazenta\n|-boost|p2a: Zamazenta|def|2\n|\n|-heal|p1a: Espathra|265/283|[from] Grassy Terrain\n|-heal|p1a: Espathra|282/283|[from] item: Leftovers\n|upkeep\n|turn|17\n|\n|t:|1781388213\n|switch|p2a: Bisharp|Bisharp, L79, F|232/232\n|move|p1a: Espathra|Calm Mind|p1a: Espathra\n|-boost|p1a: Espathra|spa|1\n|-boost|p1a: Espathra|spd|1\n|\n|-heal|p1a: Espathra|283/283|[from] Grassy Terrain\n|-ability|p1a: Espathra|Speed Boost|boost\n|-boost|p1a: Espathra|spe|1\n|upkeep\n|turn|18\n|\n|t:|1781388218\n|switch|p1a: Snorlax|Snorlax, L82, M|395/397\n|-damage|p1a: Snorlax|346/397|[from] Stealth Rock\n|move|p2a: Bisharp|Iron Head|p1a: Snorlax\n|-damage|p1a: Snorlax|231/397\n|\n|-heal|p1a: Snorlax|255/397|[from] Grassy Terrain\n|-heal|p1a: Snorlax|279/397|[from] item: Leftovers\n|-fieldend|move: Grassy Terrain\n|upkeep\n|turn|19\n|\n|t:|1781388220\n|move|p2a: Bisharp|Iron Head|p1a: Snorlax\n|-damage|p1a: Snorlax|170/397\n|move|p1a: Snorlax|Body Slam|p2a: Bisharp\n|-resisted|p2a: Bisharp\n|-damage|p2a: Bisharp|201/232\n|-status|p2a: Bisharp|par\n|\n|-heal|p1a: Snorlax|194/397|[from] item: Leftovers\n|upkeep\n|turn|20\n|\n|t:|1781388224\n|move|p1a: Snorlax|Rest|p1a: Snorlax\n|-status|p1a: Snorlax|slp|[from] move: Rest\n|-heal|p1a: Snorlax|397/397 slp|[silent]\n|move|p2a: Bisharp|Iron Head|p1a: Snorlax\n|-damage|p1a: Snorlax|274/397 slp\n|\n|-heal|p1a: Snorlax|298/397 slp|[from] item: Leftovers\n|upkeep\n|turn|21\n|\n|t:|1781388226\n|switch|p2a: Ogerpon|Ogerpon-Hearthflame, L74, F|239/239\n|-ability|p2a: Ogerpon|Mold Breaker\n|cant|p1a: Snorlax|slp\n|move|p1a: Snorlax|Sleep Talk|p1a: Snorlax\n|move|p1a: Snorlax|Rest||[from] move: Sleep Talk|[still]\n|-fail|p1a: Snorlax\n|\n|-heal|p1a: Snorlax|322/397 slp|[from] item: Leftovers\n|upkeep\n|turn|22\n|\n|t:|1781388229\n|move|p2a: Ogerpon|Swords Dance|p2a: Ogerpon\n|-boost|p2a: Ogerpon|atk|2\n|cant|p1a: Snorlax|slp\n|move|p1a: Snorlax|Sleep Talk|p1a: Snorlax\n|move|p1a: Snorlax|Curse|p1a: Snorlax|[from] move: Sleep Talk\n|-unboost|p1a: Snorlax|spe|1\n|-boost|p1a: Snorlax|atk|1\n|-boost|p1a: Snorlax|def|1\n|\n|-heal|p1a: Snorlax|346/397 slp|[from] item: Leftovers\n|upkeep\n|turn|23\n|\n|t:|1781388232\n|move|p2a: Ogerpon|Horn Leech|p1a: Snorlax\n|-damage|p1a: Snorlax|193/397 slp\n|-curestatus|p1a: Snorlax|slp|[msg]\n|move|p1a: Snorlax|Body Slam|p2a: Ogerpon\n|-damage|p2a: Ogerpon|77/239\n|\n|-heal|p1a: Snorlax|217/397|[from] item: Leftovers\n|upkeep\n|turn|24\n|\n|t:|1781388235\n|move|p2a: Ogerpon|Horn Leech|p1a: Snorlax\n|-damage|p1a: Snorlax|72/397\n|-heal|p2a: Ogerpon|150/239|[from] drain|[of] p1a: Snorlax\n|move|p1a: Snorlax|Rest|p1a: Snorlax\n|-status|p1a: Snorlax|slp|[from] move: Rest\n|-heal|p1a: Snorlax|397/397 slp|[silent]\n|\n|upkeep\n|turn|25\n|\n|t:|1781388238\n|move|p2a: Ogerpon|Knock Off|p1a: Snorlax\n|-damage|p1a: Snorlax|266/397 slp\n|-enditem|p1a: Snorlax|Leftovers|[from] move: Knock Off|[of] p2a: Ogerpon\n|cant|p1a: Snorlax|slp\n|move|p1a: Snorlax|Sleep Talk|p1a: Snorlax\n|move|p1a: Snorlax|Rest||[from] move: Sleep Talk|[still]\n|-fail|p1a: Snorlax\n|\n|upkeep\n|turn|26\n|\n|t:|1781388240\n|move|p2a: Ogerpon|Horn Leech|p1a: Snorlax\n|-damage|p1a: Snorlax|115/397 slp\n|-heal|p2a: Ogerpon|226/239|[from] drain|[of] p1a: Snorlax\n|cant|p1a: Snorlax|slp\n|move|p1a: Snorlax|Sleep Talk|p1a: Snorlax\n|move|p1a: Snorlax|Curse|p1a: Snorlax|[from] move: Sleep Talk\n|-unboost|p1a: Snorlax|spe|1\n|-boost|p1a: Snorlax|atk|1\n|-boost|p1a: Snorlax|def|1\n|\n|upkeep\n|turn|27\n|\n|t:|1781388243\n|move|p2a: Ogerpon|Horn Leech|p1a: Snorlax\n|-damage|p1a: Snorlax|0 fnt\n|-heal|p2a: Ogerpon|239/239|[from] drain|[of] p1a: Snorlax\n|faint|p1a: Snorlax\n|\n|upkeep\n|\n|t:|1781388247\n|switch|p1a: Regidrago|Regidrago, L77|381/435\n|-damage|p1a: Regidrago|327/435|[from] Stealth Rock\n|turn|28\n|\n|t:|1781388249\n|move|p2a: Ogerpon|Knock Off|p1a: Regidrago\n|-crit|p1a: Regidrago\n|-damage|p1a: Regidrago|0 fnt\n|-enditem|p1a: Regidrago|Lum Berry|[from] move: Knock Off|[of] p2a: Ogerpon\n|faint|p1a: Regidrago\n|\n|upkeep\n|\n|t:|1781388252\n|switch|p1a: Girafarig|Girafarig, L89, M|269/269\n|-damage|p1a: Girafarig|236/269|[from] Stealth Rock\n|turn|29\n|\n|t:|1781388255\n|move|p2a: Ogerpon|Knock Off|p1a: Girafarig\n|-supereffective|p1a: Girafarig\n|-damage|p1a: Girafarig|6/269\n|-enditem|p1a: Girafarig|Eviolite|[from] move: Knock Off|[of] p2a: Ogerpon\n|move|p1a: Girafarig|Psychic|p2a: Ogerpon\n|-damage|p2a: Ogerpon|130/239\n|\n|upkeep\n|turn|30\n|\n|t:|1781388257\n|move|p2a: Ogerpon|Ivy Cudgel|p1a: Girafarig|[anim] Ivy Cudgel Fire\n|-damage|p1a: Girafarig|0 fnt\n|faint|p1a: Girafarig\n|\n|upkeep\n|\n|t:|1781388258\n|switch|p1a: Espathra|Espathra, L80, M|283/283\n|-damage|p1a: Espathra|248/283|[from] Stealth Rock\n|turn|31\n|\n|t:|1781388260\n|move|p1a: Espathra|Protect|p1a: Espathra\n|-singleturn|p1a: Espathra|Protect\n|move|p2a: Ogerpon|Ivy Cudgel|p1a: Espathra|[anim] Ivy Cudgel Fire\n|-activate|p1a: Espathra|move: Protect\n|\n|-heal|p1a: Espathra|265/283|[from] item: Leftovers\n|-ability|p1a: Espathra|Speed Boost|boost\n|-boost|p1a: Espathra|spe|1\n|upkeep\n|turn|32\n|\n|t:|1781388265\n|move|p1a: Espathra|Protect||[still]\n|-fail|p1a: Espathra\n|move|p2a: Ogerpon|Knock Off|p1a: Espathra\n|-supereffective|p1a: Espathra\n|-damage|p1a: Espathra|0 fnt\n|-enditem|p1a: Espathra|Leftovers|[from] move: Knock Off|[of] p2a: Ogerpon\n|faint|p1a: Espathra\n|\n|win|marper8\n", "uploadtime": 1781388003, "views": 8, "formatid": "gen9randombattle", "rating": null, "private": 0, "password": null}