{"id": "gen9randombattle-2631748279", "format": "[Gen 9] Random Battle", "players": ["UU Fent Dealer", "lextorn"], "log": "|j|\u2606UU Fent Dealer\n|j|\u2606lextorn\n|t:|1781433244\n|gametype|singles\n|player|p1|UU Fent Dealer|265|1309\n|player|p2|lextorn|170|1338\n|gen|9\n|tier|[Gen 9] Random Battle\n|rated|\n|rule|Species Clause: Limit one of each Pok\u00e9mon\n|rule|HP Percentage Mod: HP is shown in percentages\n|rule|Sleep Clause Mod: Limit one foe put to sleep\n|rule|Illusion Level Mod: Illusion disguises the Pok\u00e9mon's true level\n|\n|t:|1781433244\n|teamsize|p1|6\n|teamsize|p2|6\n|start\n|switch|p1a: Cetitan|Cetitan, L82, F|413/413\n|switch|p2a: Zangoose|Zangoose, L85, F|263/263\n|turn|1\n|\n|t:|1781433257\n|move|p2a: Zangoose|Swords Dance|p2a: Zangoose\n|-boost|p2a: Zangoose|atk|2\n|move|p1a: Cetitan|Icicle Crash|p2a: Zangoose\n|-damage|p2a: Zangoose|43/263\n|\n|-status|p2a: Zangoose|tox|[from] item: Toxic Orb\n|upkeep\n|turn|2\n|\n|t:|1781433263\n|move|p1a: Cetitan|Ice Shard|p2a: Zangoose\n|-damage|p2a: Zangoose|0 fnt\n|faint|p2a: Zangoose\n|-damage|p1a: Cetitan|372/413|[from] item: Life Orb\n|\n|upkeep\n|\n|t:|1781433266\n|switch|p2a: Ho-Oh|Ho-Oh, L71|268/268\n|turn|3\n|inactive|Battle timer is ON: inactive players will automatically lose when time's up. (requested by lextorn)\n|\n|t:|1781433270\n|move|p2a: Ho-Oh|Sacred Fire|p1a: Cetitan\n|-supereffective|p1a: Cetitan\n|-damage|p1a: Cetitan|144/413\n|-status|p1a: Cetitan|brn\n|move|p1a: Cetitan|Liquidation|p2a: Ho-Oh\n|-supereffective|p2a: Ho-Oh\n|-damage|p2a: Ho-Oh|132/268\n|\n|-damage|p1a: Cetitan|119/413 brn|[from] brn\n|upkeep\n|turn|4\n|\n|t:|1781433278\n|move|p2a: Ho-Oh|Recover|p2a: Ho-Oh\n|-heal|p2a: Ho-Oh|266/268\n|move|p1a: Cetitan|Liquidation|p2a: Ho-Oh\n|-supereffective|p2a: Ho-Oh\n|-damage|p2a: Ho-Oh|135/268\n|\n|-damage|p1a: Cetitan|94/413 brn|[from] brn\n|upkeep\n|turn|5\n|\n|t:|1781433282\n|move|p2a: Ho-Oh|Recover|p2a: Ho-Oh\n|-heal|p2a: Ho-Oh|268/268\n|move|p1a: Cetitan|Liquidation|p2a: Ho-Oh\n|-supereffective|p2a: Ho-Oh\n|-damage|p2a: Ho-Oh|137/268\n|\n|-damage|p1a: Cetitan|69/413 brn|[from] brn\n|upkeep\n|turn|6\n|\n|t:|1781433285\n|move|p2a: Ho-Oh|Brave Bird|p1a: Cetitan\n|-damage|p1a: Cetitan|0 fnt\n|faint|p1a: Cetitan\n|-damage|p2a: Ho-Oh|114/268|[from] Recoil\n|\n|upkeep\n|\n|t:|1781433291\n|switch|p1a: Flutter Mane|Flutter Mane, L74|203/203\n|turn|7\n|\n|t:|1781433295\n|move|p1a: Flutter Mane|Thunderbolt|p2a: Ho-Oh\n|-supereffective|p2a: Ho-Oh\n|-damage|p2a: Ho-Oh|0 fnt\n|faint|p2a: Ho-Oh\n|-damage|p1a: Flutter Mane|183/203|[from] item: Life Orb\n|\n|upkeep\n|\n|t:|1781433300\n|switch|p2a: Gogoat|Gogoat, L88, F|360/360\n|turn|8\n|\n|t:|1781433311\n|-end|p1a: Flutter Mane|Protosynthesis|[silent]\n|switch|p1a: Iron Jugulis|Iron Jugulis, L77|271/271\n|move|p2a: Gogoat|Horn Leech|p1a: Iron Jugulis\n|-resisted|p1a: Iron Jugulis\n|-damage|p1a: Iron Jugulis|223/271\n|\n|upkeep\n|turn|9\n|\n|t:|1781433318\n|switch|p2a: Granbull|Granbull, L88, M|302/302\n|-ability|p2a: Granbull|Intimidate|boost\n|-unboost|p1a: Iron Jugulis|atk|1\n|move|p1a: Iron Jugulis|Hurricane|p2a: Granbull\n|-crit|p2a: Granbull\n|-damage|p2a: Granbull|0 fnt\n|faint|p2a: Granbull\n|\n|upkeep\n|-message|lextorn forfeited.\n|\n|win|UU Fent Dealer\n|raw|UU Fent Dealer's rating: 1326 &rarr; <strong>1347</strong><br />(+21 for winning)\n|raw|lextorn's rating: 1338 &rarr; <strong>1317</strong><br />(-21 for losing)\n|l|\u2606lextorn\n|player|p2|\n", "uploadtime": 1781433326, "views": 3, "formatid": "gen9randombattle", "rating": 1317, "private": 0, "password": null}