{"id": "gen9randombattle-2631868798", "format": "[Gen 9] Random Battle", "players": ["Bromeomeo", "MakotoV7"], "log": "|j|\u2606Bromeomeo\n|j|\u2606MakotoV7\n|t:|1781450107\n|gametype|singles\n|player|p1|Bromeomeo|acetrainersnow|2175\n|player|p2|MakotoV7|steven|2156\n|gen|9\n|tier|[Gen 9] Random Battle\n|rated|\n|rule|Species Clause: Limit one of each Pok\u00e9mon\n|rule|HP Percentage Mod: HP is shown in percentages\n|rule|Sleep Clause Mod: Limit one foe put to sleep\n|rule|Illusion Level Mod: Illusion disguises the Pok\u00e9mon's true level\n|\n|t:|1781450107\n|teamsize|p1|6\n|teamsize|p2|6\n|start\n|switch|p1a: Rillaboom|Rillaboom, L79, M|288/288\n|switch|p2a: Eiscue|Eiscue, L88, F|274/274\n|-fieldstart|move: Grassy Terrain|[from] ability: Grassy Surge|[of] p1a: Rillaboom\n|turn|1\n|\n|t:|1781450118\n|switch|p1a: Chandelure|Chandelure, L83, M|235/235\n|move|p2a: Eiscue|Belly Drum|p2a: Eiscue\n|-damage|p2a: Eiscue|137/274\n|-setboost|p2a: Eiscue|atk|6|[from] move: Belly Drum\n|-enditem|p2a: Eiscue|Sitrus Berry|[eat]\n|-heal|p2a: Eiscue|205/274|[from] item: Sitrus Berry\n|\n|-heal|p2a: Eiscue|222/274|[from] Grassy Terrain\n|upkeep\n|turn|2\n|inactive|Battle timer is ON: inactive players will automatically lose when time's up. (requested by Bromeomeo)\n|\n|t:|1781450134\n|-terastallize|p2a: Eiscue|Water\n|move|p1a: Chandelure|Fire Blast|p2a: Eiscue\n|-resisted|p2a: Eiscue\n|-damage|p2a: Eiscue|153/274\n|move|p2a: Eiscue|Liquidation|p1a: Chandelure\n|-supereffective|p1a: Chandelure\n|-damage|p1a: Chandelure|0 fnt\n|faint|p1a: Chandelure\n|\n|-heal|p2a: Eiscue|170/274|[from] Grassy Terrain\n|upkeep\n|\n|t:|1781450153\n|switch|p1a: Vigoroth|Vigoroth, L85, F|275/275\n|turn|3\n|\n|t:|1781450156\n|move|p1a: Vigoroth|Body Slam|p2a: Eiscue\n|-activate|p2a: Eiscue|ability: Ice Face\n|-damage|p2a: Eiscue|170/274\n|-status|p2a: Eiscue|par\n|detailschange|p2a: Eiscue|Eiscue-Noice, L88, F, tera:Water\n|move|p2a: Eiscue|Liquidation|p1a: Vigoroth\n|-crit|p1a: Vigoroth\n|-damage|p1a: Vigoroth|0 fnt\n|faint|p1a: Vigoroth\n|\n|-heal|p2a: Eiscue|187/274 par|[from] Grassy Terrain\n|upkeep\n|\n|t:|1781450159\n|switch|p1a: Rillaboom|Rillaboom, L79, M|288/288\n|turn|4\n|\n|t:|1781450167\n|switch|p2a: Corviknight|Corviknight, L80, F|288/288\n|-ability|p2a: Corviknight|Pressure\n|move|p1a: Rillaboom|Grassy Glide|p2a: Corviknight\n|-resisted|p2a: Corviknight\n|-damage|p2a: Corviknight|263/288\n|-damage|p1a: Rillaboom|240/288|[from] item: Rocky Helmet|[of] p2a: Corviknight\n|-damage|p1a: Rillaboom|212/288|[from] item: Life Orb\n|\n|-heal|p1a: Rillaboom|230/288|[from] Grassy Terrain\n|upkeep\n|turn|5\n|\n|t:|1781450173\n|switch|p1a: Whiscash|Whiscash, L88, F|337/337\n|move|p2a: Corviknight|U-turn|p1a: Whiscash\n|-damage|p1a: Whiscash|294/337\n|\n|t:|1781450179\n|switch|p2a: Eiscue|Eiscue-Noice, L88, F, tera:Water|187/274 par|[from] U-turn\n|\n|-heal|p1a: Whiscash|315/337|[from] Grassy Terrain\n|-heal|p1a: Whiscash|336/337|[from] item: Leftovers\n|-heal|p2a: Eiscue|204/274 par|[from] Grassy Terrain\n|-fieldend|move: Grassy Terrain\n|upkeep\n|turn|6\n|\n|t:|1781450185\n|move|p1a: Whiscash|Stealth Rock|p2a: Eiscue\n|-sidestart|p2: MakotoV7|move: Stealth Rock\n|cant|p2a: Eiscue|par\n|\n|-heal|p1a: Whiscash|337/337|[from] item: Leftovers\n|upkeep\n|turn|7\n|\n|t:|1781450188\n|move|p1a: Whiscash|Earthquake|p2a: Eiscue\n|-damage|p2a: Eiscue|92/274 par\n|move|p2a: Eiscue|Liquidation|p1a: Whiscash\n|-damage|p1a: Whiscash|244/337\n|\n|-heal|p1a: Whiscash|265/337|[from] item: Leftovers\n|upkeep\n|turn|8\n|\n|t:|1781450192\n|move|p1a: Whiscash|Spikes|p2a: Eiscue\n|-sidestart|p2: MakotoV7|Spikes\n|move|p2a: Eiscue|Liquidation|p1a: Whiscash\n|-damage|p1a: Whiscash|166/337\n|-unboost|p1a: Whiscash|def|1\n|\n|-heal|p1a: Whiscash|187/337|[from] item: Leftovers\n|upkeep\n|turn|9\n|\n|t:|1781450195\n|move|p1a: Whiscash|Earthquake|p2a: Eiscue\n|-damage|p2a: Eiscue|0 fnt\n|faint|p2a: Eiscue\n|\n|-heal|p1a: Whiscash|208/337|[from] item: Leftovers\n|upkeep\n|\n|t:|1781450199\n|switch|p2a: Corviknight|Corviknight, L80, F|263/288\n|-damage|p2a: Corviknight|227/288|[from] Stealth Rock\n|-ability|p2a: Corviknight|Pressure\n|turn|10\n|\n|t:|1781450202\n|move|p1a: Whiscash|Ice Beam|p2a: Corviknight\n|-damage|p2a: Corviknight|165/288\n|move|p2a: Corviknight|Defog|p1a: Whiscash\n|-unboost|p1a: Whiscash|evasion|1\n|-sideend|p2: MakotoV7|Spikes|[from] move: Defog|[of] p2a: Corviknight\n|-sideend|p2: MakotoV7|Stealth Rock|[from] move: Defog|[of] p2a: Corviknight\n|\n|-heal|p1a: Whiscash|229/337|[from] item: Leftovers\n|upkeep\n|turn|11\n|\n|t:|1781450205\n|move|p1a: Whiscash|Ice Beam|p2a: Corviknight\n|-damage|p2a: Corviknight|104/288\n|move|p2a: Corviknight|U-turn|p1a: Whiscash\n|-damage|p1a: Whiscash|164/337\n|\n|t:|1781450215\n|switch|p2a: Gyarados|Gyarados, L79, F|280/280|[from] U-turn\n|\n|-heal|p1a: Whiscash|185/337|[from] item: Leftovers\n|upkeep\n|turn|12\n|\n|t:|1781450229\n|switch|p1a: Regirock|Regirock, L83|268/268\n|move|p2a: Gyarados|Dragon Dance|p2a: Gyarados\n|-boost|p2a: Gyarados|atk|1\n|-boost|p2a: Gyarados|spe|1\n|\n|upkeep\n|turn|13\n|\n|t:|1781450234\n|move|p2a: Gyarados|Waterfall|p1a: Regirock\n|-supereffective|p1a: Regirock\n|-damage|p1a: Regirock|122/268\n|move|p1a: Regirock|Curse|p1a: Regirock\n|-unboost|p1a: Regirock|spe|1\n|-boost|p1a: Regirock|atk|1\n|-boost|p1a: Regirock|def|1\n|\n|upkeep\n|turn|14\n|\n|t:|1781450239\n|move|p2a: Gyarados|Waterfall|p1a: Regirock\n|-supereffective|p1a: Regirock\n|-damage|p1a: Regirock|20/268\n|move|p1a: Regirock|Rest|p1a: Regirock\n|-status|p1a: Regirock|slp|[from] move: Rest\n|-heal|p1a: Regirock|268/268 slp|[silent]\n|-enditem|p1a: Regirock|Chesto Berry|[eat]\n|-curestatus|p1a: Regirock|slp|[msg]\n|\n|upkeep\n|turn|15\n|j| Woodij55\n|\n|t:|1781450245\n|move|p2a: Gyarados|Dragon Dance|p2a: Gyarados\n|-boost|p2a: Gyarados|atk|1\n|-boost|p2a: Gyarados|spe|1\n|move|p1a: Regirock|Stone Edge|p2a: Gyarados\n|-supereffective|p2a: Gyarados\n|-damage|p2a: Gyarados|0 fnt\n|faint|p2a: Gyarados\n|\n|upkeep\n|\n|t:|1781450248\n|switch|p2a: Jirachi|Jirachi, L80|291/291\n|turn|16\n|\n|t:|1781450253\n|move|p2a: Jirachi|Iron Head|p1a: Regirock\n|-supereffective|p1a: Regirock\n|-damage|p1a: Regirock|214/268\n|move|p1a: Regirock|Body Press|p2a: Jirachi\n|-damage|p2a: Jirachi|139/291\n|\n|-heal|p2a: Jirachi|157/291|[from] item: Leftovers\n|upkeep\n|turn|17\n|\n|t:|1781450262\n|move|p2a: Jirachi|Iron Head|p1a: Regirock\n|-supereffective|p1a: Regirock\n|-damage|p1a: Regirock|164/268\n|move|p1a: Regirock|Body Press|p2a: Jirachi\n|-damage|p2a: Jirachi|3/291\n|\n|-heal|p2a: Jirachi|21/291|[from] item: Leftovers\n|upkeep\n|turn|18\n|\n|t:|1781450265\n|move|p2a: Jirachi|Iron Head|p1a: Regirock\n|-supereffective|p1a: Regirock\n|-damage|p1a: Regirock|110/268\n|cant|p1a: Regirock|flinch\n|\n|-heal|p2a: Jirachi|39/291|[from] item: Leftovers\n|upkeep\n|turn|19\n|\n|t:|1781450269\n|move|p2a: Jirachi|Iron Head|p1a: Regirock\n|-supereffective|p1a: Regirock\n|-damage|p1a: Regirock|56/268\n|cant|p1a: Regirock|flinch\n|\n|-heal|p2a: Jirachi|57/291|[from] item: Leftovers\n|upkeep\n|turn|20\n|\n|t:|1781450272\n|move|p2a: Jirachi|Iron Head|p1a: Regirock\n|-supereffective|p1a: Regirock\n|-damage|p1a: Regirock|2/268\n|move|p1a: Regirock|Body Press|p2a: Jirachi\n|-damage|p2a: Jirachi|0 fnt\n|faint|p2a: Jirachi\n|\n|upkeep\n|\n|t:|1781450281\n|switch|p2a: Corviknight|Corviknight, L80, F|104/288\n|-ability|p2a: Corviknight|Pressure\n|turn|21\n|\n|t:|1781450284\n|move|p2a: Corviknight|U-turn|p1a: Regirock\n|-damage|p1a: Regirock|0 fnt\n|faint|p1a: Regirock\n|\n|t:|1781450286\n|switch|p2a: Cyclizar|Cyclizar, L83, F|252/252|[from] U-turn\n|\n|upkeep\n|\n|t:|1781450292\n|switch|p1a: Whiscash|Whiscash, L88, F|185/337\n|turn|22\n|\n|t:|1781450294\n|move|p2a: Cyclizar|Shed Tail|p2a: Cyclizar\n|-start|p2a: Cyclizar|Substitute|[from] move: Shed Tail\n|-damage|p2a: Cyclizar|126/252\n|\n|t:|1781450296\n|switch|p2a: Corviknight|Corviknight, L80, F|104/288|[from] Shed Tail\n|-ability|p2a: Corviknight|Pressure\n|move|p1a: Whiscash|Ice Beam|p2a: Corviknight\n|-end|p2a: Corviknight|Substitute\n|\n|-heal|p1a: Whiscash|206/337|[from] item: Leftovers\n|upkeep\n|turn|23\n|\n|t:|1781450302\n|move|p1a: Whiscash|Earthquake|p2a: Corviknight\n|-immune|p2a: Corviknight\n|move|p2a: Corviknight|Roost|p2a: Corviknight\n|-heal|p2a: Corviknight|248/288\n|-singleturn|p2a: Corviknight|move: Roost\n|\n|-heal|p1a: Whiscash|227/337|[from] item: Leftovers\n|upkeep\n|turn|24\n|\n|t:|1781450306\n|move|p1a: Whiscash|Ice Beam|p2a: Corviknight\n|-crit|p2a: Corviknight\n|-damage|p2a: Corviknight|149/288\n|move|p2a: Corviknight|Brave Bird|p1a: Whiscash\n|-damage|p1a: Whiscash|107/337\n|-damage|p2a: Corviknight|109/288|[from] Recoil\n|\n|-heal|p1a: Whiscash|128/337|[from] item: Leftovers\n|upkeep\n|turn|25\n|\n|t:|1781450309\n|move|p1a: Whiscash|Ice Beam|p2a: Corviknight\n|-damage|p2a: Corviknight|45/288\n|move|p2a: Corviknight|Roost|p2a: Corviknight\n|-heal|p2a: Corviknight|189/288\n|-singleturn|p2a: Corviknight|move: Roost\n|\n|-heal|p1a: Whiscash|149/337|[from] item: Leftovers\n|upkeep\n|turn|26\n|\n|t:|1781450311\n|move|p1a: Whiscash|Ice Beam|p2a: Corviknight\n|-damage|p2a: Corviknight|121/288\n|move|p2a: Corviknight|Roost|p2a: Corviknight\n|-heal|p2a: Corviknight|265/288\n|-singleturn|p2a: Corviknight|move: Roost\n|\n|-heal|p1a: Whiscash|170/337|[from] item: Leftovers\n|upkeep\n|turn|27\n|\n|t:|1781450313\n|move|p1a: Whiscash|Ice Beam|p2a: Corviknight\n|-damage|p2a: Corviknight|204/288\n|move|p2a: Corviknight|Brave Bird|p1a: Whiscash\n|-damage|p1a: Whiscash|43/337\n|-damage|p2a: Corviknight|162/288|[from] Recoil\n|\n|-heal|p1a: Whiscash|64/337|[from] item: Leftovers\n|upkeep\n|turn|28\n|\n|t:|1781450316\n|move|p1a: Whiscash|Ice Beam|p2a: Corviknight\n|-damage|p2a: Corviknight|98/288\n|move|p2a: Corviknight|U-turn|p1a: Whiscash\n|-damage|p1a: Whiscash|21/337\n|\n|t:|1781450320\n|switch|p2a: Cyclizar|Cyclizar, L83, F|210/252|[from] U-turn\n|\n|-heal|p1a: Whiscash|42/337|[from] item: Leftovers\n|upkeep\n|turn|29\n|\n|t:|1781450327\n|move|p2a: Cyclizar|Knock Off|p1a: Whiscash\n|-crit|p1a: Whiscash\n|-damage|p1a: Whiscash|0 fnt\n|-enditem|p1a: Whiscash|Leftovers|[from] move: Knock Off|[of] p2a: Cyclizar\n|faint|p1a: Whiscash\n|\n|upkeep\n|\n|t:|1781450329\n|switch|p1a: Ceruledge|Ceruledge, L78, M|245/245\n|turn|30\n|\n|t:|1781450333\n|-terastallize|p1a: Ceruledge|Fighting\n|move|p2a: Cyclizar|Taunt|p1a: Ceruledge\n|-start|p1a: Ceruledge|move: Taunt\n|cant|p1a: Ceruledge|move: Taunt|Swords Dance\n|\n|upkeep\n|turn|31\n|\n|t:|1781450339\n|move|p2a: Cyclizar|Shed Tail|p2a: Cyclizar\n|-start|p2a: Cyclizar|Substitute|[from] move: Shed Tail\n|-damage|p2a: Cyclizar|84/252\n|\n|t:|1781450344\n|switch|p2a: Incineroar|Incineroar, L82, M|290/290|[from] Shed Tail\n|-ability|p2a: Incineroar|Intimidate|boost\n|-unboost|p1a: Ceruledge|atk|1\n|move|p1a: Ceruledge|Bitter Blade|p2a: Incineroar\n|-resisted|p2a: Incineroar\n|-activate|p2a: Incineroar|move: Substitute|[damage]\n|\n|upkeep\n|turn|32\n|\n|t:|1781450356\n|switch|p1a: Rillaboom|Rillaboom, L79, M|230/288\n|-fieldstart|move: Grassy Terrain|[from] ability: Grassy Surge|[of] p1a: Rillaboom\n|move|p2a: Incineroar|Swords Dance|p2a: Incineroar\n|-boost|p2a: Incineroar|atk|2\n|\n|-heal|p1a: Rillaboom|248/288|[from] Grassy Terrain\n|upkeep\n|turn|33\n|\n|t:|1781450364\n|move|p1a: Rillaboom|Wood Hammer|p2a: Incineroar\n|-resisted|p2a: Incineroar\n|-end|p2a: Incineroar|Substitute\n|-damage|p1a: Rillaboom|238/288|[from] Recoil|[of] p2a: Incineroar\n|-damage|p1a: Rillaboom|210/288|[from] item: Life Orb\n|move|p2a: Incineroar|Trailblaze|p1a: Rillaboom\n|-resisted|p1a: Rillaboom\n|-damage|p1a: Rillaboom|159/288\n|-boost|p2a: Incineroar|spe|1\n|\n|-heal|p1a: Rillaboom|177/288|[from] Grassy Terrain\n|upkeep\n|turn|34\n|\n|t:|1781450369\n|move|p1a: Rillaboom|Grassy Glide|p2a: Incineroar\n|-resisted|p2a: Incineroar\n|-damage|p2a: Incineroar|235/290\n|-damage|p1a: Rillaboom|149/288|[from] item: Life Orb\n|move|p2a: Incineroar|Flare Blitz|p1a: Rillaboom\n|-supereffective|p1a: Rillaboom\n|-damage|p1a: Rillaboom|0 fnt\n|faint|p1a: Rillaboom\n|-damage|p2a: Incineroar|186/290|[from] Recoil\n|\n|-heal|p2a: Incineroar|204/290|[from] Grassy Terrain\n|upkeep\n|\n|t:|1781450371\n|switch|p1a: Ceruledge|Ceruledge, L78, M, tera:Fighting|245/245\n|turn|35\n|\n|t:|1781450384\n|move|p2a: Incineroar|Flare Blitz|p1a: Ceruledge\n|-damage|p1a: Ceruledge|0 fnt\n|faint|p1a: Ceruledge\n|-damage|p2a: Incineroar|123/290|[from] Recoil\n|\n|win|MakotoV7\n", "uploadtime": 1781450108, "views": 3, "formatid": "gen9randombattle", "rating": null, "private": 0, "password": null}