{"id": "gen9randombattle-2631680364", "format": "[Gen 9] Random Battle", "players": ["Hunrito", "jorn lande"], "log": "|j|\u2606Hunrito\n|j|\u2606jorn lande\n|t:|1781420480\n|gametype|singles\n|player|p1|Hunrito|170|1995\n|player|p2|jorn lande|102|1986\n|gen|9\n|tier|[Gen 9] Random Battle\n|rated|\n|rule|Species Clause: Limit one of each Pok\u00e9mon\n|rule|HP Percentage Mod: HP is shown in percentages\n|rule|Sleep Clause Mod: Limit one foe put to sleep\n|rule|Illusion Level Mod: Illusion disguises the Pok\u00e9mon's true level\n|\n|t:|1781420480\n|teamsize|p1|6\n|teamsize|p2|6\n|start\n|switch|p1a: Kingambit|Kingambit, L74, F|270/270\n|switch|p2a: Necrozma|Necrozma, L80|286/286\n|turn|1\n|inactive|Battle timer is ON: inactive players will automatically lose when time's up. (requested by Hunrito)\n|\n|t:|1781420493\n|switch|p2a: Bisharp|Bisharp, L79, F|232/232\n|move|p1a: Kingambit|Kowtow Cleave|p2a: Bisharp\n|-resisted|p2a: Bisharp\n|-damage|p2a: Bisharp|201/232\n|\n|upkeep\n|turn|2\n|\n|t:|1781420500\n|-end|p1a: Kingambit|fallenundefined|[silent]\n|switch|p1a: Conkeldurr|Conkeldurr, L80, M|299/299\n|move|p2a: Bisharp|Stealth Rock|p1a: Conkeldurr\n|-sidestart|p1: Hunrito|move: Stealth Rock\n|\n|-status|p1a: Conkeldurr|brn|[from] item: Flame Orb\n|upkeep\n|turn|3\n|\n|t:|1781420509\n|switch|p2a: Tinkaton|Tinkaton, L82, F|274/274\n|-ability|p2a: Tinkaton|Mold Breaker\n|move|p1a: Conkeldurr|Knock Off|p2a: Tinkaton\n|-resisted|p2a: Tinkaton\n|-damage|p2a: Tinkaton|200/274\n|-enditem|p2a: Tinkaton|Leftovers|[from] move: Knock Off|[of] p1a: Conkeldurr\n|\n|-damage|p1a: Conkeldurr|281/299 brn|[from] brn\n|upkeep\n|turn|4\n|\n|t:|1781420521\n|switch|p1a: Slowking|Slowking, L88, M|310/310\n|move|p2a: Tinkaton|Play Rough|p1a: Slowking\n|-damage|p1a: Slowking|232/310\n|\n|upkeep\n|turn|5\n|\n|t:|1781420528\n|move|p2a: Tinkaton|Knock Off|p1a: Slowking\n|-supereffective|p1a: Slowking\n|-damage|p1a: Slowking|112/310\n|-enditem|p1a: Slowking|Heavy-Duty Boots|[from] move: Knock Off|[of] p2a: Tinkaton\n|move|p1a: Slowking|Scald|p2a: Tinkaton\n|-damage|p2a: Tinkaton|118/274\n|\n|upkeep\n|turn|6\n|\n|t:|1781420537\n|switch|p2a: Ludicolo|Ludicolo, L90, M|290/290\n|move|p1a: Slowking|Slack Off|p1a: Slowking\n|-heal|p1a: Slowking|267/310\n|\n|upkeep\n|turn|7\n|\n|t:|1781420545\n|move|p2a: Ludicolo|Rain Dance|p2a: Ludicolo\n|-weather|RainDance\n|move|p1a: Slowking|Future Sight|p2a: Ludicolo\n|-start|p1a: Slowking|move: Future Sight\n|\n|-weather|RainDance|[upkeep]\n|upkeep\n|turn|8\n|\n|t:|1781420551\n|move|p2a: Ludicolo|Giga Drain|p1a: Slowking\n|-supereffective|p1a: Slowking\n|-damage|p1a: Slowking|101/310\n|-damage|p2a: Ludicolo|261/290|[from] item: Life Orb\n|-prepare|p1a: Slowking|Chilly Reception|[premajor]\n|move|p1a: Slowking|Chilly Reception|p1a: Slowking\n|-weather|Snowscape\n|\n|t:|1781420562\n|switch|p1a: Slither Wing|Slither Wing, L81|270/270|[from] Chilly Reception\n|-damage|p1a: Slither Wing|237/270|[from] Stealth Rock\n|\n|-weather|Snowscape|[upkeep]\n|upkeep\n|turn|9\n|\n|t:|1781420574\n|switch|p2a: Tinkaton|Tinkaton, L82, F|118/274\n|-ability|p2a: Tinkaton|Mold Breaker\n|move|p1a: Slither Wing|First Impression|p2a: Tinkaton\n|-resisted|p2a: Tinkaton\n|-damage|p2a: Tinkaton|79/274\n|-damage|p1a: Slither Wing|210/270|[from] item: Life Orb\n|\n|-weather|Snowscape|[upkeep]\n|-end|p2a: Tinkaton|move: Future Sight\n|-resisted|p2a: Tinkaton\n|-damage|p2a: Tinkaton|16/274\n|upkeep\n|turn|10\n|\n|t:|1781420590\n|-end|p1a: Slither Wing|Protosynthesis|[silent]\n|switch|p1a: Slowking|Slowking, L88, M|204/310\n|-damage|p1a: Slowking|166/310|[from] Stealth Rock\n|move|p2a: Tinkaton|Play Rough|p1a: Slowking\n|-damage|p1a: Slowking|93/310\n|\n|-weather|Snowscape|[upkeep]\n|upkeep\n|turn|11\n|\n|t:|1781420599\n|move|p2a: Tinkaton|Encore||[still]\n|-fail|p2a: Tinkaton\n|move|p1a: Slowking|Slack Off|p1a: Slowking\n|-heal|p1a: Slowking|248/310\n|\n|-weather|Snowscape|[upkeep]\n|upkeep\n|turn|12\n|c|\u2606jorn lande|Misclick\n|\n|t:|1781420607\n|switch|p1a: Kleavor|Kleavor, L78, M|237/237\n|-damage|p1a: Kleavor|178/237|[from] Stealth Rock\n|move|p2a: Tinkaton|Knock Off|p1a: Kleavor\n|-damage|p1a: Kleavor|124/237\n|-enditem|p1a: Kleavor|Choice Scarf|[from] move: Knock Off|[of] p2a: Tinkaton\n|\n|-weather|none\n|upkeep\n|turn|13\n|\n|t:|1781420616\n|switch|p1a: Slowking|Slowking, L88, M|310/310\n|-damage|p1a: Slowking|272/310|[from] Stealth Rock\n|move|p2a: Tinkaton|Gigaton Hammer|p1a: Slowking\n|-resisted|p1a: Slowking\n|-damage|p1a: Slowking|209/310\n|\n|upkeep\n|turn|14\n|\n|t:|1781420624\n|move|p2a: Tinkaton|Knock Off|p1a: Slowking\n|-supereffective|p1a: Slowking\n|-damage|p1a: Slowking|131/310\n|move|p1a: Slowking|Scald|p2a: Tinkaton\n|-damage|p2a: Tinkaton|0 fnt\n|faint|p2a: Tinkaton\n|\n|upkeep\n|\n|t:|1781420635\n|switch|p2a: Ludicolo|Ludicolo, L90, M|261/290\n|turn|15\n|\n|t:|1781420642\n|switch|p1a: Kingambit|Kingambit, L74, F|270/270\n|-damage|p1a: Kingambit|254/270|[from] Stealth Rock\n|move|p2a: Ludicolo|Giga Drain|p1a: Kingambit\n|-resisted|p1a: Kingambit\n|-damage|p1a: Kingambit|184/270\n|-heal|p2a: Ludicolo|290/290|[from] drain|[of] p1a: Kingambit\n|-damage|p2a: Ludicolo|261/290|[from] item: Life Orb\n|\n|-heal|p1a: Kingambit|200/270|[from] item: Leftovers\n|upkeep\n|turn|16\n|\n|t:|1781420654\n|move|p2a: Ludicolo|Hydro Pump|p1a: Kingambit\n|-damage|p1a: Kingambit|0 fnt\n|faint|p1a: Kingambit\n|-end|p1a: Kingambit|fallenundefined|[silent]\n|-damage|p2a: Ludicolo|232/290|[from] item: Life Orb\n|\n|upkeep\n|\n|t:|1781420657\n|switch|p1a: Glalie|Glalie, L96, M|309/309\n|turn|17\n|\n|t:|1781420667\n|switch|p2a: Bisharp|Bisharp, L79, F|201/232\n|move|p1a: Glalie|Freeze-Dry|p2a: Bisharp\n|-resisted|p2a: Bisharp\n|-damage|p2a: Bisharp|165/232\n|\n|upkeep\n|turn|18\n|\n|t:|1781420675\n|switch|p1a: Conkeldurr|Conkeldurr, L80, M|281/299 brn\n|-damage|p1a: Conkeldurr|263/299 brn|[from] Stealth Rock\n|move|p2a: Bisharp|Iron Head|p1a: Conkeldurr\n|-damage|p1a: Conkeldurr|164/299 brn\n|\n|-damage|p1a: Conkeldurr|146/299 brn|[from] brn\n|upkeep\n|turn|19\n|\n|t:|1781420684\n|switch|p2a: Necrozma|Necrozma, L80|286/286\n|move|p1a: Conkeldurr|Close Combat|p2a: Necrozma\n|-resisted|p2a: Necrozma\n|-damage|p2a: Necrozma|168/286\n|-unboost|p1a: Conkeldurr|def|1\n|-unboost|p1a: Conkeldurr|spd|1\n|\n|-damage|p1a: Conkeldurr|128/299 brn|[from] brn\n|upkeep\n|turn|20\n|\n|t:|1781420695\n|switch|p2a: Bisharp|Bisharp, L79, F|165/232\n|switch|p1a: Glalie|Glalie, L96, M|309/309\n|\n|upkeep\n|turn|21\n|\n|t:|1781420701\n|move|p1a: Glalie|Earthquake|p2a: Bisharp\n|-supereffective|p2a: Bisharp\n|-damage|p2a: Bisharp|67/232\n|move|p2a: Bisharp|Iron Head|p1a: Glalie\n|-supereffective|p1a: Glalie\n|-damage|p1a: Glalie|139/309\n|\n|upkeep\n|turn|22\n|\n|t:|1781420708\n|move|p1a: Glalie|Earthquake|p2a: Bisharp\n|-supereffective|p2a: Bisharp\n|-damage|p2a: Bisharp|0 fnt\n|faint|p2a: Bisharp\n|\n|upkeep\n|\n|t:|1781420718\n|switch|p2a: Grafaiai|Grafaiai, L86, M|249/249\n|turn|23\n|\n|t:|1781420721\n|move|p2a: Grafaiai|Knock Off|p1a: Glalie\n|-damage|p1a: Glalie|73/309\n|-enditem|p1a: Glalie|Heavy-Duty Boots|[from] move: Knock Off|[of] p2a: Grafaiai\n|move|p1a: Glalie|Earthquake|p2a: Grafaiai\n|-supereffective|p2a: Grafaiai\n|-damage|p2a: Grafaiai|47/249\n|\n|upkeep\n|turn|24\n|\n|t:|1781420729\n|move|p2a: Grafaiai|Gunk Shot|p1a: Glalie\n|-damage|p1a: Glalie|0 fnt\n|faint|p1a: Glalie\n|\n|upkeep\n|\n|t:|1781420732\n|switch|p1a: Kleavor|Kleavor, L78, M|124/237\n|-damage|p1a: Kleavor|65/237|[from] Stealth Rock\n|turn|25\n|\n|t:|1781420744\n|move|p2a: Grafaiai|Parting Shot|p1a: Kleavor\n|-unboost|p1a: Kleavor|atk|1\n|-unboost|p1a: Kleavor|spa|1\n|\n|t:|1781420747\n|switch|p2a: Suicune|Suicune, L82|298/298|[from] Parting Shot\n|-ability|p2a: Suicune|Pressure\n|move|p1a: Kleavor|Stone Axe|p2a: Suicune\n|-damage|p2a: Suicune|229/298\n|-sidestart|p2: jorn lande|move: Stealth Rock\n|\n|-heal|p2a: Suicune|247/298|[from] item: Leftovers\n|upkeep\n|turn|26\n|\n|t:|1781420758\n|move|p2a: Suicune|Scald|p1a: Kleavor\n|-supereffective|p1a: Kleavor\n|-damage|p1a: Kleavor|0 fnt\n|faint|p1a: Kleavor\n|\n|-heal|p2a: Suicune|265/298|[from] item: Leftovers\n|upkeep\n|\n|t:|1781420760\n|switch|p1a: Slowking|Slowking, L88, M|234/310\n|-damage|p1a: Slowking|196/310|[from] Stealth Rock\n|turn|27\n|\n|t:|1781420769\n|move|p2a: Suicune|Calm Mind|p2a: Suicune\n|-boost|p2a: Suicune|spa|1\n|-boost|p2a: Suicune|spd|1\n|move|p1a: Slowking|Future Sight|p2a: Suicune\n|-start|p1a: Slowking|move: Future Sight\n|\n|-heal|p2a: Suicune|283/298|[from] item: Leftovers\n|upkeep\n|turn|28\n|\n|t:|1781420776\n|move|p2a: Suicune|Scald|p1a: Slowking\n|-resisted|p1a: Slowking\n|-crit|p1a: Slowking\n|-damage|p1a: Slowking|121/310\n|move|p1a: Slowking|Scald|p2a: Suicune\n|-resisted|p2a: Suicune\n|-crit|p2a: Suicune\n|-damage|p2a: Suicune|228/298\n|\n|-heal|p2a: Suicune|246/298|[from] item: Leftovers\n|upkeep\n|turn|29\n|\n|t:|1781420787\n|move|p2a: Suicune|Scald|p1a: Slowking\n|-resisted|p1a: Slowking\n|-damage|p1a: Slowking|72/310\n|move|p1a: Slowking|Slack Off|p1a: Slowking\n|-heal|p1a: Slowking|227/310\n|\n|-end|p2a: Suicune|move: Future Sight\n|-damage|p2a: Suicune|164/298\n|-heal|p2a: Suicune|182/298|[from] item: Leftovers\n|upkeep\n|turn|30\n|\n|t:|1781420798\n|move|p2a: Suicune|Scald|p1a: Slowking\n|-resisted|p1a: Slowking\n|-damage|p1a: Slowking|181/310\n|-status|p1a: Slowking|brn\n|move|p1a: Slowking|Future Sight|p2a: Suicune\n|-start|p1a: Slowking|move: Future Sight\n|\n|-heal|p2a: Suicune|200/298|[from] item: Leftovers\n|-damage|p1a: Slowking|162/310 brn|[from] brn\n|upkeep\n|turn|31\n|\n|t:|1781420808\n|move|p2a: Suicune|Calm Mind|p2a: Suicune\n|-boost|p2a: Suicune|spa|1\n|-boost|p2a: Suicune|spd|1\n|move|p1a: Slowking|Scald|p2a: Suicune\n|-resisted|p2a: Suicune\n|-damage|p2a: Suicune|179/298\n|\n|-heal|p2a: Suicune|197/298|[from] item: Leftovers\n|-damage|p1a: Slowking|143/310 brn|[from] brn\n|upkeep\n|turn|32\n|\n|t:|1781420818\n|move|p2a: Suicune|Calm Mind|p2a: Suicune\n|-boost|p2a: Suicune|spa|1\n|-boost|p2a: Suicune|spd|1\n|move|p1a: Slowking|Slack Off|p1a: Slowking\n|-heal|p1a: Slowking|298/310 brn\n|\n|-end|p2a: Suicune|move: Future Sight\n|-damage|p2a: Suicune|149/298\n|-heal|p2a: Suicune|167/298|[from] item: Leftovers\n|-damage|p1a: Slowking|279/310 brn|[from] brn\n|upkeep\n|turn|33\n|\n|t:|1781420829\n|switch|p1a: Slither Wing|Slither Wing, L81|210/270\n|-damage|p1a: Slither Wing|177/270|[from] Stealth Rock\n|move|p2a: Suicune|Calm Mind|p2a: Suicune\n|-boost|p2a: Suicune|spa|1\n|-boost|p2a: Suicune|spd|1\n|\n|-heal|p2a: Suicune|185/298|[from] item: Leftovers\n|upkeep\n|turn|34\n|\n|t:|1781420840\n|move|p1a: Slither Wing|First Impression|p2a: Suicune\n|-damage|p2a: Suicune|67/298\n|-damage|p1a: Slither Wing|150/270|[from] item: Life Orb\n|move|p2a: Suicune|Scald|p1a: Slither Wing\n|-damage|p1a: Slither Wing|0 fnt\n|faint|p1a: Slither Wing\n|-end|p1a: Slither Wing|Protosynthesis|[silent]\n|\n|-heal|p2a: Suicune|85/298|[from] item: Leftovers\n|upkeep\n|\n|t:|1781420843\n|switch|p1a: Conkeldurr|Conkeldurr, L80, M|128/299 brn\n|-damage|p1a: Conkeldurr|110/299 brn|[from] Stealth Rock\n|turn|35\n|\n|t:|1781420864\n|move|p1a: Conkeldurr|Mach Punch|p2a: Suicune\n|-damage|p2a: Suicune|15/298\n|move|p2a: Suicune|Scald|p1a: Conkeldurr\n|-damage|p1a: Conkeldurr|0 fnt\n|faint|p1a: Conkeldurr\n|\n|-heal|p2a: Suicune|33/298|[from] item: Leftovers\n|upkeep\n|-message|Hunrito forfeited.\n|\n|win|jorn lande\n|raw|Hunrito's rating: 1995 &rarr; <strong>1974</strong><br />(-21 for losing)\n|raw|jorn lande's rating: 1986 &rarr; <strong>2007</strong><br />(+21 for winning)\n", "uploadtime": 1781420868, "views": 5, "formatid": "gen9randombattle", "rating": 1974, "private": 0, "password": null}