{"id": "gen9randombattle-2631645319", "format": "[Gen 9] Random Battle", "players": ["kentarosu", "TaleThatWasntRight"], "log": "|j|\u2606kentarosu\n|j|\u2606TaleThatWasntRight\n|t:|1781414070\n|gametype|singles\n|player|p1|kentarosu|169|1211\n|player|p2|TaleThatWasntRight|battlegirl-gen4|1198\n|gen|9\n|tier|[Gen 9] Random Battle\n|rated|\n|rule|Species Clause: Limit one of each Pok\u00e9mon\n|rule|HP Percentage Mod: HP is shown in percentages\n|rule|Sleep Clause Mod: Limit one foe put to sleep\n|rule|Illusion Level Mod: Illusion disguises the Pok\u00e9mon's true level\n|\n|t:|1781414070\n|teamsize|p1|6\n|teamsize|p2|6\n|start\n|switch|p1a: Espeon|Espeon, L84, M|246/246\n|switch|p2a: Phione|Phione, L91|293/293\n|turn|1\n|inactive|Battle timer is ON: inactive players will automatically lose when time's up. (requested by TaleThatWasntRight)\n|\n|t:|1781414082\n|move|p1a: Espeon|Calm Mind|p1a: Espeon\n|-boost|p1a: Espeon|spa|1\n|-boost|p1a: Espeon|spd|1\n|move|p2a: Phione|Take Heart|p2a: Phione\n|-boost|p2a: Phione|spa|1\n|-boost|p2a: Phione|spd|1\n|\n|upkeep\n|turn|2\n|\n|t:|1781414092\n|move|p1a: Espeon|Calm Mind|p1a: Espeon\n|-boost|p1a: Espeon|spa|1\n|-boost|p1a: Espeon|spd|1\n|move|p2a: Phione|Take Heart|p2a: Phione\n|-boost|p2a: Phione|spa|1\n|-boost|p2a: Phione|spd|1\n|\n|upkeep\n|turn|3\n|\n|t:|1781414104\n|move|p1a: Espeon|Calm Mind|p1a: Espeon\n|-boost|p1a: Espeon|spa|1\n|-boost|p1a: Espeon|spd|1\n|move|p2a: Phione|Take Heart|p2a: Phione\n|-boost|p2a: Phione|spa|1\n|-boost|p2a: Phione|spd|1\n|\n|upkeep\n|turn|4\n|\n|t:|1781414111\n|move|p1a: Espeon|Calm Mind|p1a: Espeon\n|-boost|p1a: Espeon|spa|1\n|-boost|p1a: Espeon|spd|1\n|move|p2a: Phione|Take Heart|p2a: Phione\n|-boost|p2a: Phione|spa|1\n|-boost|p2a: Phione|spd|1\n|\n|upkeep\n|turn|5\n|inactive|TaleThatWasntRight has 120 seconds left.\n|inactive|TaleThatWasntRight has 90 seconds left.\n|\n|t:|1781414180\n|move|p1a: Espeon|Calm Mind|p1a: Espeon\n|-boost|p1a: Espeon|spa|1\n|-boost|p1a: Espeon|spd|1\n|move|p2a: Phione|Take Heart|p2a: Phione\n|-boost|p2a: Phione|spa|1\n|-boost|p2a: Phione|spd|1\n|\n|upkeep\n|turn|6\n|\n|t:|1781414187\n|move|p1a: Espeon|Calm Mind|p1a: Espeon\n|-boost|p1a: Espeon|spa|1\n|-boost|p1a: Espeon|spd|1\n|move|p2a: Phione|Take Heart|p2a: Phione\n|-boost|p2a: Phione|spa|1\n|-boost|p2a: Phione|spd|1\n|\n|upkeep\n|turn|7\n|\n|t:|1781414195\n|move|p1a: Espeon|Psychic|p2a: Phione\n|-damage|p2a: Phione|149/293\n|-unboost|p2a: Phione|spd|1\n|-damage|p1a: Espeon|222/246|[from] item: Life Orb\n|move|p2a: Phione|Scald|p1a: Espeon\n|-damage|p1a: Espeon|144/246\n|\n|-heal|p2a: Phione|167/293|[from] item: Leftovers\n|upkeep\n|turn|8\n|\n|t:|1781414207\n|move|p1a: Espeon|Psychic|p2a: Phione\n|-damage|p2a: Phione|2/293\n|-damage|p1a: Espeon|120/246|[from] item: Life Orb\n|move|p2a: Phione|Scald|p1a: Espeon\n|-damage|p1a: Espeon|44/246\n|\n|-heal|p2a: Phione|20/293|[from] item: Leftovers\n|upkeep\n|turn|9\n|\n|t:|1781414222\n|move|p1a: Espeon|Morning Sun|p1a: Espeon\n|-heal|p1a: Espeon|167/246\n|move|p2a: Phione|Scald|p1a: Espeon\n|-damage|p1a: Espeon|85/246\n|-status|p1a: Espeon|brn\n|\n|-heal|p2a: Phione|38/293|[from] item: Leftovers\n|-damage|p1a: Espeon|70/246 brn|[from] brn\n|upkeep\n|turn|10\n|\n|t:|1781414233\n|move|p1a: Espeon|Psychic|p2a: Phione\n|-crit|p2a: Phione\n|-damage|p2a: Phione|0 fnt\n|faint|p2a: Phione\n|-damage|p1a: Espeon|46/246 brn|[from] item: Life Orb\n|\n|-damage|p1a: Espeon|31/246 brn|[from] brn\n|upkeep\n|\n|t:|1781414240\n|switch|p2a: Grafaiai|Grafaiai, L86, M|249/249\n|turn|11\n|\n|t:|1781414249\n|move|p2a: Grafaiai|Encore|p1a: Espeon\n|move|p1a: Espeon|Encore||[from] ability: Magic Bounce|[still]\n|-fail|p1a: Espeon\n|move|p1a: Espeon|Psychic|p2a: Grafaiai\n|-supereffective|p2a: Grafaiai\n|-damage|p2a: Grafaiai|0 fnt\n|faint|p2a: Grafaiai\n|-damage|p1a: Espeon|7/246 brn|[from] item: Life Orb\n|\n|-damage|p1a: Espeon|0 fnt|[from] brn\n|faint|p1a: Espeon\n|upkeep\n|inactive|kentarosu has 120 seconds left.\n|\n|t:|1781414282\n|switch|p2a: Kleavor|Kleavor, L78, M|237/237\n|switch|p1a: Regieleki|Regieleki, L79|256/256\n|turn|12\n|inactive|TaleThatWasntRight has 120 seconds left.\n|inactive|kentarosu has 120 seconds left.\n|\n|t:|1781414304\n|move|p1a: Regieleki|Thunderbolt|p2a: Kleavor\n|-damage|p2a: Kleavor|71/237\n|move|p2a: Kleavor|X-Scissor|p1a: Regieleki\n|-damage|p1a: Regieleki|10/256\n|\n|upkeep\n|turn|13\n|inactive|kentarosu has 120 seconds left.\n|\n|t:|1781414311\n|move|p1a: Regieleki|Thunderbolt|p2a: Kleavor\n|-damage|p2a: Kleavor|0 fnt\n|faint|p2a: Kleavor\n|\n|upkeep\n|\n|t:|1781414315\n|switch|p2a: Rhydon|Rhydon, L85, F|317/317\n|turn|14\n|inactive|kentarosu has 120 seconds left.\n|\n|t:|1781414331\n|switch|p1a: Glaceon|Glaceon, L94, F|275/275\n|move|p2a: Rhydon|Earthquake|p1a: Glaceon\n|-damage|p1a: Glaceon|170/275\n|\n|upkeep\n|turn|15\n|inactive|kentarosu has 120 seconds left.\n|\n|t:|1781414345\n|move|p1a: Glaceon|Freeze-Dry|p2a: Rhydon\n|-supereffective|p2a: Rhydon\n|-damage|p2a: Rhydon|51/317\n|move|p2a: Rhydon|Stone Edge|p1a: Glaceon\n|-supereffective|p1a: Glaceon\n|-damage|p1a: Glaceon|0 fnt\n|faint|p1a: Glaceon\n|\n|upkeep\n|inactive|kentarosu has 120 seconds left.\n|\n|t:|1781414361\n|switch|p1a: Spectrier|Spectrier, L75|274/274\n|turn|16\n|\n|t:|1781414374\n|switch|p2a: Pelipper|Pelipper, L86, M|243/243\n|-weather|RainDance|[from] ability: Drizzle|[of] p2a: Pelipper\n|move|p1a: Spectrier|Dark Pulse|p2a: Pelipper\n|-damage|p2a: Pelipper|143/243\n|-damage|p1a: Spectrier|247/274|[from] item: Life Orb\n|\n|-weather|RainDance|[upkeep]\n|upkeep\n|turn|17\n|inactive|kentarosu has 120 seconds left.\n|\n|t:|1781414386\n|move|p1a: Spectrier|Shadow Ball|p2a: Pelipper\n|-damage|p2a: Pelipper|5/243\n|-damage|p1a: Spectrier|220/274|[from] item: Life Orb\n|move|p2a: Pelipper|Weather Ball|p1a: Spectrier\n|-damage|p1a: Spectrier|0 fnt\n|faint|p1a: Spectrier\n|\n|-weather|RainDance|[upkeep]\n|upkeep\n|\n|t:|1781414411\n|switch|p1a: Espathra|Espathra, L80, M|283/283\n|turn|18\n|\n|t:|1781414419\n|switch|p2a: Spiritomb|Spiritomb, L89, F|234/234\n|move|p1a: Espathra|Dazzling Gleam|p2a: Spiritomb\n|-supereffective|p2a: Spiritomb\n|-damage|p2a: Spiritomb|142/234\n|\n|-weather|RainDance|[upkeep]\n|-heal|p2a: Spiritomb|156/234|[from] item: Leftovers\n|-ability|p1a: Espathra|Speed Boost|boost\n|-boost|p1a: Espathra|spe|1\n|upkeep\n|turn|19\n|\n|t:|1781414432\n|-terastallize|p2a: Spiritomb|Steel\n|move|p1a: Espathra|Dazzling Gleam|p2a: Spiritomb\n|-resisted|p2a: Spiritomb\n|-damage|p2a: Spiritomb|135/234\n|move|p2a: Spiritomb|Poltergeist|p1a: Espathra\n|-activate|p1a: Espathra|move: Poltergeist|Leftovers\n|-supereffective|p1a: Espathra\n|-damage|p1a: Espathra|0 fnt\n|faint|p1a: Espathra\n|\n|-weather|RainDance|[upkeep]\n|-heal|p2a: Spiritomb|149/234|[from] item: Leftovers\n|upkeep\n|\n|t:|1781414446\n|switch|p1a: Iron Moth|Iron Moth, L78|253/253\n|turn|20\n|\n|t:|1781414456\n|move|p1a: Iron Moth|U-turn|p2a: Spiritomb\n|-resisted|p2a: Spiritomb\n|-damage|p2a: Spiritomb|134/234\n|\n|t:|1781414459\n|-end|p1a: Iron Moth|Quark Drive|[silent]\n|switch|p1a: Regieleki|Regieleki, L79|10/256|[from] U-turn\n|move|p2a: Spiritomb|Poltergeist|p1a: Regieleki\n|-activate|p1a: Regieleki|move: Poltergeist|Magnet\n|-damage|p1a: Regieleki|0 fnt\n|faint|p1a: Regieleki\n|\n|-weather|none\n|-heal|p2a: Spiritomb|148/234|[from] item: Leftovers\n|upkeep\n|-message|kentarosu forfeited.\n|\n|win|TaleThatWasntRight\n|raw|kentarosu's rating: 1211 &rarr; <strong>1185</strong><br />(-26 for losing)\n|raw|TaleThatWasntRight's rating: 1198 &rarr; <strong>1224</strong><br />(+26 for winning)\n|l|\u2606kentarosu\n|player|p1|\n", "uploadtime": 1781414468, "views": 2, "formatid": "gen9randombattle", "rating": 1185, "private": 0, "password": null}