{"id": "gen9randombattle-2631531651", "format": "[Gen 9] Random Battle", "players": ["randomname1313", "Jefejenaro"], "log": "|j|\u2606randomname1313\n|j|\u2606Jefejenaro\n|t:|1781397428\n|gametype|singles\n|player|p1|randomname1313|1|1929\n|player|p2|Jefejenaro|wallace|1986\n|gen|9\n|tier|[Gen 9] Random Battle\n|rated|\n|rule|Species Clause: Limit one of each Pok\u00e9mon\n|rule|HP Percentage Mod: HP is shown in percentages\n|rule|Sleep Clause Mod: Limit one foe put to sleep\n|rule|Illusion Level Mod: Illusion disguises the Pok\u00e9mon's true level\n|\n|t:|1781397428\n|teamsize|p1|6\n|teamsize|p2|6\n|start\n|switch|p1a: Pikachu|Pikachu-Unova, L93, F|216/216\n|switch|p2a: Iron Jugulis|Iron Jugulis, L77|271/271\n|turn|1\n|\n|t:|1781397442\n|-end|p2a: Iron Jugulis|Quark Drive|[silent]\n|switch|p2a: Plusle|Plusle, L95, F|268/268\n|move|p1a: Pikachu|Knock Off|p2a: Plusle\n|-crit|p2a: Plusle\n|-damage|p2a: Plusle|6/268\n|-enditem|p2a: Plusle|Life Orb|[from] move: Knock Off|[of] p1a: Pikachu\n|\n|upkeep\n|turn|2\n|inactive|Battle timer is ON: inactive players will automatically lose when time's up. (requested by Jefejenaro)\n|\n|t:|1781397451\n|move|p2a: Plusle|Alluring Voice|p1a: Pikachu\n|-damage|p1a: Pikachu|125/216\n|move|p1a: Pikachu|Knock Off|p2a: Plusle\n|-damage|p2a: Plusle|0 fnt\n|faint|p2a: Plusle\n|\n|upkeep\n|\n|t:|1781397455\n|switch|p2a: Mudsdale|Mudsdale, L83, F|302/302\n|turn|3\n|\n|t:|1781397461\n|switch|p1a: Glaceon|Glaceon, L94, M|275/275\n|move|p2a: Mudsdale|Stealth Rock|p1a: Glaceon\n|-sidestart|p1: randomname1313|move: Stealth Rock\n|\n|upkeep\n|turn|4\n|\n|t:|1781397468\n|-terastallize|p2a: Mudsdale|Steel\n|move|p1a: Glaceon|Freeze-Dry|p2a: Mudsdale\n|-resisted|p2a: Mudsdale\n|-damage|p2a: Mudsdale|247/302\n|-ability|p2a: Mudsdale|Stamina|boost\n|-boost|p2a: Mudsdale|def|1\n|move|p2a: Mudsdale|Heavy Slam|p1a: Glaceon\n|-supereffective|p1a: Glaceon\n|-damage|p1a: Glaceon|57/275\n|\n|-heal|p2a: Mudsdale|265/302|[from] item: Leftovers\n|upkeep\n|turn|5\n|\n|t:|1781397474\n|move|p1a: Glaceon|Protect|p1a: Glaceon\n|-singleturn|p1a: Glaceon|Protect\n|move|p2a: Mudsdale|Heavy Slam|p1a: Glaceon\n|-activate|p1a: Glaceon|move: Protect\n|\n|-heal|p2a: Mudsdale|283/302|[from] item: Leftovers\n|upkeep\n|turn|6\n|\n|t:|1781397480\n|move|p1a: Glaceon|Mud Shot|p2a: Mudsdale\n|-supereffective|p2a: Mudsdale\n|-damage|p2a: Mudsdale|149/302\n|-unboost|p2a: Mudsdale|spe|1\n|-ability|p2a: Mudsdale|Stamina|boost\n|-boost|p2a: Mudsdale|def|1\n|move|p2a: Mudsdale|Heavy Slam|p1a: Glaceon\n|-supereffective|p1a: Glaceon\n|-damage|p1a: Glaceon|0 fnt\n|faint|p1a: Glaceon\n|\n|-heal|p2a: Mudsdale|167/302|[from] item: Leftovers\n|upkeep\n|\n|t:|1781397496\n|switch|p1a: Typhlosion|Typhlosion-Hisui, L83, M|257/257\n|-damage|p1a: Typhlosion|193/257|[from] Stealth Rock\n|turn|7\n|\n|t:|1781397504\n|switch|p2a: Dragonite|Dragonite, L74, M|257/257\n|move|p1a: Typhlosion|Eruption|p2a: Dragonite\n|-resisted|p2a: Dragonite\n|-damage|p2a: Dragonite|200/257\n|\n|upkeep\n|turn|8\n|\n|t:|1781397510\n|switch|p1a: Beartic|Beartic, L91, F|321/321\n|move|p2a: Dragonite|Earthquake|p1a: Beartic\n|-damage|p1a: Beartic|248/321\n|\n|upkeep\n|turn|9\n|\n|t:|1781397525\n|switch|p2a: Mudsdale|Mudsdale, L83, F, tera:Steel|167/302\n|move|p1a: Beartic|Icicle Crash|p2a: Mudsdale\n|-resisted|p2a: Mudsdale\n|-damage|p2a: Mudsdale|106/302\n|-ability|p2a: Mudsdale|Stamina|boost\n|-boost|p2a: Mudsdale|def|1\n|\n|-heal|p2a: Mudsdale|124/302|[from] item: Leftovers\n|upkeep\n|turn|10\n|\n|t:|1781397535\n|move|p1a: Beartic|Close Combat|p2a: Mudsdale\n|-supereffective|p2a: Mudsdale\n|-damage|p2a: Mudsdale|0 fnt\n|-unboost|p1a: Beartic|def|1\n|-unboost|p1a: Beartic|spd|1\n|faint|p2a: Mudsdale\n|\n|upkeep\n|\n|t:|1781397541\n|switch|p2a: Iron Jugulis|Iron Jugulis, L77|271/271\n|turn|11\n|\n|t:|1781397549\n|switch|p1a: Typhlosion|Typhlosion-Hisui, L83, M|193/257\n|-damage|p1a: Typhlosion|129/257|[from] Stealth Rock\n|move|p2a: Iron Jugulis|Meteor Beam||[still]\n|-prepare|p2a: Iron Jugulis|Meteor Beam\n|-boost|p2a: Iron Jugulis|spa|1\n|-enditem|p2a: Iron Jugulis|Power Herb\n|-anim|p2a: Iron Jugulis|Meteor Beam|p1a: Typhlosion\n|-supereffective|p1a: Typhlosion\n|-damage|p1a: Typhlosion|0 fnt\n|faint|p1a: Typhlosion\n|\n|upkeep\n|\n|t:|1781397561\n|switch|p1a: Pikachu|Pikachu-Unova, L93, F|125/216\n|-damage|p1a: Pikachu|98/216|[from] Stealth Rock\n|turn|12\n|\n|t:|1781397572\n|move|p1a: Pikachu|Fake Out|p2a: Iron Jugulis\n|-damage|p2a: Iron Jugulis|217/271\n|cant|p2a: Iron Jugulis|flinch\n|\n|upkeep\n|turn|13\n|\n|t:|1781397578\n|move|p1a: Pikachu|Volt Tackle|p2a: Iron Jugulis\n|-supereffective|p2a: Iron Jugulis\n|-damage|p2a: Iron Jugulis|0 fnt\n|faint|p2a: Iron Jugulis\n|-end|p2a: Iron Jugulis|Quark Drive|[silent]\n|-damage|p1a: Pikachu|26/216|[from] Recoil\n|\n|upkeep\n|\n|t:|1781397586\n|switch|p2a: Dragonite|Dragonite, L74, M|200/257\n|turn|14\n|\n|t:|1781397591\n|move|p1a: Pikachu|Volt Tackle|p2a: Dragonite\n|-damage|p2a: Dragonite|0 fnt\n|faint|p2a: Dragonite\n|-damage|p1a: Pikachu|0 fnt|[from] Recoil\n|faint|p1a: Pikachu\n|\n|upkeep\n|\n|t:|1781397598\n|switch|p1a: Oranguru|Oranguru, L92, F|315/315\n|switch|p2a: Ludicolo|Ludicolo, L90, M|290/290\n|-damage|p1a: Oranguru|276/315|[from] Stealth Rock\n|turn|15\n|\n|t:|1781397606\n|move|p2a: Ludicolo|Hydro Pump|p1a: Oranguru|[miss]\n|-miss|p2a: Ludicolo|p1a: Oranguru\n|move|p1a: Oranguru|Hyper Voice|p2a: Ludicolo\n|-damage|p2a: Ludicolo|143/290\n|\n|upkeep\n|turn|16\n|\n|t:|1781397608\n|move|p2a: Ludicolo|Hydro Pump|p1a: Oranguru\n|-damage|p1a: Oranguru|128/315\n|move|p1a: Oranguru|Hyper Voice|p2a: Ludicolo\n|-damage|p2a: Ludicolo|10/290\n|\n|upkeep\n|turn|17\n|\n|t:|1781397613\n|switch|p1a: Leafeon|Leafeon, L88, M|258/258\n|-damage|p1a: Leafeon|226/258|[from] Stealth Rock\n|move|p2a: Ludicolo|Hydro Pump|p1a: Leafeon\n|-resisted|p1a: Leafeon\n|-damage|p1a: Leafeon|115/258\n|\n|upkeep\n|turn|18\n|\n|t:|1781397619\n|move|p1a: Leafeon|Synthesis|p1a: Leafeon\n|-heal|p1a: Leafeon|244/258\n|move|p2a: Ludicolo|Hydro Pump|p1a: Leafeon\n|-resisted|p1a: Leafeon\n|-damage|p1a: Leafeon|133/258\n|\n|upkeep\n|turn|19\n|\n|t:|1781397624\n|move|p1a: Leafeon|Synthesis|p1a: Leafeon\n|-heal|p1a: Leafeon|258/258\n|move|p2a: Ludicolo|Hydro Pump|p1a: Leafeon\n|-resisted|p1a: Leafeon\n|-damage|p1a: Leafeon|143/258\n|\n|upkeep\n|turn|20\n|\n|t:|1781397628\n|switch|p2a: Lokix|Lokix, L82, M|251/251\n|move|p1a: Leafeon|Synthesis|p1a: Leafeon\n|-heal|p1a: Leafeon|258/258\n|\n|upkeep\n|turn|21\n|\n|t:|1781397639\n|-terastallize|p1a: Leafeon|Normal\n|move|p1a: Leafeon|Double-Edge|p2a: Lokix\n|-damage|p2a: Lokix|8/251\n|-damage|p1a: Leafeon|178/258|[from] Recoil\n|-damage|p1a: Leafeon|153/258|[from] item: Life Orb\n|move|p2a: Lokix|Swords Dance|p2a: Lokix\n|-boost|p2a: Lokix|atk|2\n|\n|upkeep\n|turn|22\n|\n|t:|1781397647\n|switch|p1a: Oranguru|Oranguru, L92, F|128/315\n|-damage|p1a: Oranguru|89/315|[from] Stealth Rock\n|move|p2a: Lokix|Leech Life|p1a: Oranguru\n|-supereffective|p1a: Oranguru\n|-damage|p1a: Oranguru|0 fnt\n|-heal|p2a: Lokix|53/251|[from] drain|[of] p1a: Oranguru\n|faint|p1a: Oranguru\n|-damage|p2a: Lokix|28/251|[from] item: Life Orb\n|\n|upkeep\n|\n|t:|1781397651\n|switch|p1a: Leafeon|Leafeon, L88, M, tera:Normal|153/258\n|-damage|p1a: Leafeon|121/258|[from] Stealth Rock\n|turn|23\n|\n|t:|1781397656\n|move|p2a: Lokix|Sucker Punch|p1a: Leafeon\n|-damage|p1a: Leafeon|0 fnt\n|faint|p1a: Leafeon\n|-damage|p2a: Lokix|3/251|[from] item: Life Orb\n|\n|upkeep\n|\n|t:|1781397658\n|switch|p1a: Beartic|Beartic, L91, F|248/321\n|turn|24\n|\n|t:|1781397670\n|move|p2a: Lokix|Sucker Punch|p1a: Beartic\n|-damage|p1a: Beartic|60/321\n|-damage|p2a: Lokix|0 fnt|[from] item: Life Orb\n|faint|p2a: Lokix\n|move|p1a: Beartic|Aqua Jet|p2: Lokix|[notarget]\n|-fail|p1a: Beartic\n|\n|upkeep\n|\n|t:|1781397677\n|switch|p2a: Ludicolo|Ludicolo, L90, M|10/290\n|turn|25\n|\n|t:|1781397678\n|move|p1a: Beartic|Aqua Jet|p2a: Ludicolo\n|-resisted|p2a: Ludicolo\n|-damage|p2a: Ludicolo|0 fnt\n|faint|p2a: Ludicolo\n|\n|win|randomname1313\n", "uploadtime": 1781397430, "views": 5, "formatid": "gen9randombattle", "rating": null, "private": 0, "password": null}