{"id": "gen9randombattle-2631865981", "format": "[Gen 9] Random Battle", "players": ["Evendrag", "richardcar"], "log": "|j|\u2606Evendrag\n|j|\u2606richardcar\n|t:|1781449797\n|gametype|singles\n|player|p1|Evendrag|101|1554\n|player|p2|richardcar|102|1596\n|gen|9\n|tier|[Gen 9] Random Battle\n|rated|\n|rule|Species Clause: Limit one of each Pok\u00e9mon\n|rule|HP Percentage Mod: HP is shown in percentages\n|rule|Sleep Clause Mod: Limit one foe put to sleep\n|rule|Illusion Level Mod: Illusion disguises the Pok\u00e9mon's true level\n|\n|t:|1781449797\n|teamsize|p1|6\n|teamsize|p2|6\n|start\n|switch|p1a: Metagross|Metagross, L79|256/256\n|switch|p2a: Clodsire|Clodsire, L81, F|343/343\n|turn|1\n|inactive|Battle timer is ON: inactive players will automatically lose when time's up. (requested by Evendrag)\n|\n|t:|1781449824\n|move|p1a: Metagross|Agility|p1a: Metagross\n|-boost|p1a: Metagross|spe|2\n|move|p2a: Clodsire|Earthquake|p1a: Metagross\n|-supereffective|p1a: Metagross\n|-damage|p1a: Metagross|128/256\n|-enditem|p1a: Metagross|Weakness Policy\n|-boost|p1a: Metagross|atk|2|[from] item: Weakness Policy\n|-boost|p1a: Metagross|spa|2|[from] item: Weakness Policy\n|\n|upkeep\n|turn|2\n|\n|t:|1781449842\n|-terastallize|p1a: Metagross|Ground\n|-terastallize|p2a: Clodsire|Steel\n|move|p1a: Metagross|Earthquake|p2a: Clodsire\n|-supereffective|p2a: Clodsire\n|-damage|p2a: Clodsire|0 fnt\n|faint|p2a: Clodsire\n|\n|upkeep\n|c|\u2606richardcar|darn\n|\n|t:|1781449856\n|switch|p2a: Bellossom|Bellossom, L84, F|263/263\n|turn|3\n|\n|t:|1781449864\n|move|p1a: Metagross|Heavy Slam|p2a: Bellossom\n|-damage|p2a: Bellossom|0 fnt\n|faint|p2a: Bellossom\n|\n|upkeep\n|c|\u2606Evendrag|Is that GG?\n|\n|t:|1781449873\n|switch|p2a: Passimian|Passimian, L83, M|302/302\n|turn|4\n|c|\u2606richardcar|it could be that was a nasty tera\n|\n|t:|1781449883\n|move|p1a: Metagross|Psychic Fangs|p2a: Passimian\n|-supereffective|p2a: Passimian\n|-damage|p2a: Passimian|0 fnt\n|faint|p2a: Passimian\n|\n|upkeep\n|\n|t:|1781449887\n|switch|p2a: Enamorus|Enamorus-Therian, L83, F|259/259\n|turn|5\n|\n|t:|1781449891\n|move|p1a: Metagross|Heavy Slam|p2a: Enamorus\n|-supereffective|p2a: Enamorus\n|-damage|p2a: Enamorus|0 fnt\n|faint|p2a: Enamorus\n|\n|upkeep\n|\n|t:|1781449893\n|switch|p2a: Weavile|Weavile, L79, M|240/240\n|turn|6\n|\n|t:|1781449899\n|move|p1a: Metagross|Heavy Slam|p2a: Weavile\n|-supereffective|p2a: Weavile\n|-crit|p2a: Weavile\n|-damage|p2a: Weavile|0 fnt\n|faint|p2a: Weavile\n|\n|upkeep\n|\n|t:|1781449903\n|switch|p2a: Regirock|Regirock, L83|268/268\n|turn|7\n|\n|t:|1781449906\n|move|p1a: Metagross|Earthquake|p2a: Regirock\n|-supereffective|p2a: Regirock\n|-damage|p2a: Regirock|32/268\n|move|p2a: Regirock|Body Press|p1a: Metagross\n|-damage|p1a: Metagross|49/256\n|\n|upkeep\n|turn|8\n|\n|t:|1781449912\n|move|p1a: Metagross|Earthquake|p2a: Regirock\n|-supereffective|p2a: Regirock\n|-damage|p2a: Regirock|0 fnt\n|faint|p2a: Regirock\n|\n|win|Evendrag\n|raw|Evendrag's rating: 1554 &rarr; <strong>1576</strong><br />(+22 for winning)\n|raw|richardcar's rating: 1596 &rarr; <strong>1574</strong><br />(-22 for losing)\n|c|\u2606richardcar|gg\n|l|\u2606richardcar\n|player|p2|\n|c|\u2606Evendrag|GG I got so lucky\n", "uploadtime": 1781449925, "views": 2, "formatid": "gen9randombattle", "rating": 1574, "private": 0, "password": null}