{"id": "gen9randombattle-2631745904", "format": "[Gen 9] Random Battle", "players": ["Jadasteel", "Crysys1"], "log": "|j|\u2606Jadasteel\n|j|\u2606Crysys1\n|t:|1781432822\n|gametype|singles\n|player|p1|Jadasteel|fantina|2041\n|player|p2|Crysys1|265|2143\n|gen|9\n|tier|[Gen 9] Random Battle\n|rated|\n|rule|Species Clause: Limit one of each Pok\u00e9mon\n|rule|HP Percentage Mod: HP is shown in percentages\n|rule|Sleep Clause Mod: Limit one foe put to sleep\n|rule|Illusion Level Mod: Illusion disguises the Pok\u00e9mon's true level\n|\n|t:|1781432822\n|teamsize|p1|6\n|teamsize|p2|6\n|start\n|switch|p1a: Archaludon|Archaludon, L78, M|268/268\n|switch|p2a: Espathra|Espathra, L80, F|283/283\n|turn|1\n|inactive|Battle timer is ON: inactive players will automatically lose when time's up. (requested by Jadasteel)\n|\n|t:|1781432834\n|move|p2a: Espathra|Substitute|p2a: Espathra\n|-start|p2a: Espathra|Substitute\n|-damage|p2a: Espathra|213/283\n|move|p1a: Archaludon|Flash Cannon|p2a: Espathra\n|-end|p2a: Espathra|Substitute\n|\n|-heal|p2a: Espathra|230/283|[from] item: Leftovers\n|-ability|p2a: Espathra|Speed Boost|boost\n|-boost|p2a: Espathra|spe|1\n|upkeep\n|turn|2\n|\n|t:|1781432846\n|switch|p2a: Muk|Muk, L86, F|321/321\n|switch|p1a: Sableye|Sableye, L88, F|231/231\n|\n|upkeep\n|turn|3\n|\n|t:|1781432855\n|switch|p2a: Meowscarada|Meowscarada, L78, F|247/247\n|move|p1a: Sableye|Knock Off|p2a: Meowscarada\n|-resisted|p2a: Meowscarada\n|-damage|p2a: Meowscarada|185/247\n|-enditem|p2a: Meowscarada|Heavy-Duty Boots|[from] move: Knock Off|[of] p1a: Sableye\n|\n|upkeep\n|turn|4\n|\n|t:|1781432860\n|switch|p1a: Spidops|Spidops, L96, F|271/271\n|move|p2a: Meowscarada|Toxic Spikes|p1a: Spidops\n|-start|p2a: Meowscarada|typechange|Poison|[from] ability: Protean\n|-sidestart|p1: Jadasteel|move: Toxic Spikes\n|\n|upkeep\n|turn|5\n|\n|t:|1781432893\n|switch|p2a: Flamigo|Flamigo, L82, F|269/269\n|switch|p1a: Archaludon|Archaludon, L78, M|268/268\n|\n|upkeep\n|turn|6\n|\n|t:|1781432906\n|-terastallize|p1a: Archaludon|Fighting\n|move|p2a: Flamigo|Close Combat|p1a: Archaludon\n|-damage|p1a: Archaludon|157/268\n|-unboost|p2a: Flamigo|def|1\n|-unboost|p2a: Flamigo|spd|1\n|-ability|p1a: Archaludon|Stamina|boost\n|-boost|p1a: Archaludon|def|1\n|move|p1a: Archaludon|Thunder Wave|p2a: Flamigo\n|-status|p2a: Flamigo|par\n|\n|-heal|p1a: Archaludon|173/268|[from] item: Leftovers\n|upkeep\n|turn|7\n|\n|t:|1781432919\n|switch|p2a: Muk|Muk, L86, F|321/321\n|move|p1a: Archaludon|Flash Cannon|p2a: Muk\n|-damage|p2a: Muk|233/321\n|\n|-heal|p1a: Archaludon|189/268|[from] item: Leftovers\n|upkeep\n|turn|8\n|\n|t:|1781432934\n|move|p1a: Archaludon|Draco Meteor|p2a: Muk\n|-damage|p2a: Muk|94/321\n|-unboost|p1a: Archaludon|spa|2\n|move|p2a: Muk|Knock Off|p1a: Archaludon\n|-resisted|p1a: Archaludon\n|-damage|p1a: Archaludon|159/268\n|-ability|p1a: Archaludon|Stamina|boost\n|-boost|p1a: Archaludon|def|1\n|-status|p1a: Archaludon|psn|[from] ability: Poison Touch|[of] p2a: Muk\n|-enditem|p1a: Archaludon|Leftovers|[from] move: Knock Off|[of] p2a: Muk\n|\n|-damage|p1a: Archaludon|126/268 psn|[from] psn\n|upkeep\n|turn|9\n|\n|t:|1781432950\n|switch|p1a: Kleavor|Kleavor, L78, F|237/237\n|switch|p2a: Espathra|Espathra, L80, F|230/283\n|\n|-heal|p2a: Espathra|247/283|[from] item: Leftovers\n|upkeep\n|turn|10\n|inactive|Crysys1 has 120 seconds left.\n|\n|t:|1781432979\n|switch|p2a: Lucario|Lucario, L84, M|255/255\n|move|p1a: Kleavor|Defog|p2a: Lucario\n|-unboost|p2a: Lucario|evasion|1\n|-sideend|p1: Jadasteel|Toxic Spikes|[from] move: Defog|[of] p1a: Kleavor\n|\n|upkeep\n|turn|11\n|\n|t:|1781432995\n|switch|p1a: Archaludon|Archaludon, L78, M, tera:Fighting|126/268 psn\n|move|p2a: Lucario|Meteor Mash|p1a: Archaludon\n|-damage|p1a: Archaludon|25/268 psn\n|-boost|p2a: Lucario|atk|1\n|-ability|p1a: Archaludon|Stamina|boost\n|-boost|p1a: Archaludon|def|1\n|-damage|p2a: Lucario|230/255|[from] item: Life Orb\n|\n|-damage|p1a: Archaludon|0 fnt|[from] psn\n|faint|p1a: Archaludon\n|upkeep\n|inactive|Jadasteel has 120 seconds left.\n|\n|t:|1781433005\n|switch|p1a: Spidops|Spidops, L96, F|271/271\n|turn|12\n|\n|t:|1781433014\n|move|p2a: Lucario|Swords Dance|p2a: Lucario\n|-boost|p2a: Lucario|atk|2\n|move|p1a: Spidops|Sticky Web|p2a: Lucario\n|-sidestart|p2: Crysys1|move: Sticky Web\n|\n|upkeep\n|turn|13\n|\n|t:|1781433021\n|move|p2a: Lucario|Meteor Mash|p1a: Spidops\n|-damage|p1a: Spidops|0 fnt\n|faint|p1a: Spidops\n|-damage|p2a: Lucario|205/255|[from] item: Life Orb\n|\n|upkeep\n|\n|t:|1781433027\n|switch|p1a: Sableye|Sableye, L88, F|231/231\n|turn|14\n|\n|t:|1781433031\n|move|p1a: Sableye|Thunder Wave|p2a: Lucario\n|-status|p2a: Lucario|par\n|move|p2a: Lucario|Meteor Mash|p1a: Sableye\n|-damage|p1a: Sableye|0 fnt\n|faint|p1a: Sableye\n|-damage|p2a: Lucario|180/255 par|[from] item: Life Orb\n|\n|upkeep\n|\n|t:|1781433040\n|switch|p1a: Furret|Furret, L94, M|312/312\n|-item|p2a: Lucario|Life Orb|[from] ability: Frisk|[of] p1a: Furret\n|turn|15\n|\n|t:|1781433055\n|-terastallize|p2a: Lucario|Normal\n|cant|p2a: Lucario|par\n|move|p1a: Furret|Brick Break|p2a: Lucario\n|-supereffective|p2a: Lucario\n|-damage|p2a: Lucario|19/255 par\n|-damage|p1a: Furret|281/312|[from] item: Life Orb\n|\n|upkeep\n|turn|16\n|\n|t:|1781433063\n|switch|p1a: Kleavor|Kleavor, L78, F|237/237\n|cant|p2a: Lucario|par\n|\n|upkeep\n|turn|17\n|\n|t:|1781433069\n|move|p2a: Lucario|Extreme Speed|p1a: Kleavor\n|-resisted|p1a: Kleavor\n|-damage|p1a: Kleavor|89/237\n|-damage|p2a: Lucario|0 fnt|[from] item: Life Orb\n|faint|p2a: Lucario\n|move|p1a: Kleavor|Stone Axe|p2: Lucario|[notarget]\n|-fail|p1a: Kleavor\n|\n|upkeep\n|\n|t:|1781433077\n|switch|p2a: Flamigo|Flamigo, L82, F|269/269 par\n|turn|18\n|\n|t:|1781433082\n|move|p1a: Kleavor|Stone Axe|p2a: Flamigo|[miss]\n|-miss|p1a: Kleavor|p2a: Flamigo\n|cant|p2a: Flamigo|par\n|\n|upkeep\n|turn|19\n|\n|t:|1781433086\n|move|p1a: Kleavor|Stone Axe|p2a: Flamigo|[miss]\n|-miss|p1a: Kleavor|p2a: Flamigo\n|move|p2a: Flamigo|Brave Bird|p1a: Kleavor\n|-damage|p1a: Kleavor|0 fnt\n|faint|p1a: Kleavor\n|-damage|p2a: Flamigo|240/269 par|[from] Recoil\n|\n|upkeep\n|\n|t:|1781433092\n|switch|p1a: Reuniclus|Reuniclus, L88, F|337/337\n|turn|20\n|\n|t:|1781433096\n|move|p2a: Flamigo|Brave Bird|p1a: Reuniclus\n|-damage|p1a: Reuniclus|186/337\n|-damage|p2a: Flamigo|190/269 par|[from] Recoil\n|move|p1a: Reuniclus|Psychic|p2a: Flamigo\n|-supereffective|p2a: Flamigo\n|-damage|p2a: Flamigo|0 fnt\n|faint|p2a: Flamigo\n|\n|upkeep\n|\n|t:|1781433100\n|switch|p2a: Meowscarada|Meowscarada, L78, F|185/247\n|-activate|p2a: Meowscarada|move: Sticky Web\n|-unboost|p2a: Meowscarada|spe|1\n|turn|21\n|\n|t:|1781433114\n|move|p2a: Meowscarada|Knock Off|p1a: Reuniclus\n|-start|p2a: Meowscarada|typechange|Dark|[from] ability: Protean\n|-supereffective|p1a: Reuniclus\n|-damage|p1a: Reuniclus|0 fnt\n|-enditem|p1a: Reuniclus|Life Orb|[from] move: Knock Off|[of] p2a: Meowscarada\n|faint|p1a: Reuniclus\n|\n|upkeep\n|\n|t:|1781433116\n|switch|p1a: Furret|Furret, L94, M|281/312\n|turn|22\n|\n|t:|1781433125\n|move|p1a: Furret|Tidy Up|p1a: Furret\n|-sideend|p2: Crysys1|Sticky Web\n|-activate|p1a: Furret|move: Tidy Up\n|-boost|p1a: Furret|atk|1\n|-boost|p1a: Furret|spe|1\n|move|p2a: Meowscarada|Knock Off|p1a: Furret\n|-damage|p1a: Furret|161/312\n|-enditem|p1a: Furret|Life Orb|[from] move: Knock Off|[of] p2a: Meowscarada\n|\n|upkeep\n|turn|23\n|\n|t:|1781433131\n|move|p1a: Furret|Brick Break|p2a: Meowscarada\n|-supereffective|p2a: Meowscarada\n|-damage|p2a: Meowscarada|0 fnt\n|faint|p2a: Meowscarada\n|\n|upkeep\n|\n|t:|1781433135\n|switch|p2a: Lumineon|Lumineon, L93, F|279/279\n|turn|24\n|\n|t:|1781433140\n|move|p1a: Furret|Double-Edge|p2a: Lumineon\n|-damage|p2a: Lumineon|92/279\n|-damage|p1a: Furret|99/312|[from] Recoil\n|move|p2a: Lumineon|Hydro Pump|p1a: Furret\n|-damage|p1a: Furret|0 fnt\n|faint|p1a: Furret\n|-damage|p2a: Lumineon|65/279|[from] item: Life Orb\n|\n|win|Crysys1\n", "uploadtime": 1781432824, "views": 3, "formatid": "gen9randombattle", "rating": null, "private": 0, "password": null}