{"id": "gen9randombattle-2631951106", "format": "[Gen 9] Random Battle", "players": ["UmbreonSolitario", "Infamous20111"], "log": "|j|\u2606UmbreonSolitario\n|j|\u2606Infamous20111\n|t:|1781459143\n|gametype|singles\n|player|p1|UmbreonSolitario|266|2007\n|player|p2|Infamous20111|266|2129\n|gen|9\n|tier|[Gen 9] Random Battle\n|rated|\n|rule|Species Clause: Limit one of each Pok\u00e9mon\n|rule|HP Percentage Mod: HP is shown in percentages\n|rule|Sleep Clause Mod: Limit one foe put to sleep\n|rule|Illusion Level Mod: Illusion disguises the Pok\u00e9mon's true level\n|\n|t:|1781459143\n|teamsize|p1|6\n|teamsize|p2|6\n|start\n|switch|p1a: Tyranitar|Tyranitar, L78, F|284/284\n|switch|p2a: Glaceon|Glaceon, L94, F|275/275\n|-weather|Sandstorm|[from] ability: Sand Stream|[of] p1a: Tyranitar\n|turn|1\n|inactive|Battle timer is ON: inactive players will automatically lose when time's up. (requested by Infamous20111)\n|\n|t:|1781459157\n|switch|p2a: Great Tusk|Great Tusk, L77|304/304\n|move|p1a: Tyranitar|Dragon Dance|p1a: Tyranitar\n|-boost|p1a: Tyranitar|atk|1\n|-boost|p1a: Tyranitar|spe|1\n|\n|-weather|Sandstorm|[upkeep]\n|upkeep\n|turn|2\n|\n|t:|1781459172\n|move|p1a: Tyranitar|Ice Punch|p2a: Great Tusk\n|-supereffective|p2a: Great Tusk\n|-damage|p2a: Great Tusk|164/304\n|move|p2a: Great Tusk|Headlong Rush|p1a: Tyranitar\n|-supereffective|p1a: Tyranitar\n|-damage|p1a: Tyranitar|32/284\n|-unboost|p2a: Great Tusk|def|1\n|-unboost|p2a: Great Tusk|spd|1\n|-enditem|p1a: Tyranitar|Weakness Policy\n|-boost|p1a: Tyranitar|atk|2|[from] item: Weakness Policy\n|-boost|p1a: Tyranitar|spa|2|[from] item: Weakness Policy\n|\n|-weather|Sandstorm|[upkeep]\n|upkeep\n|turn|3\n|\n|t:|1781459191\n|move|p1a: Tyranitar|Ice Punch|p2a: Great Tusk\n|-supereffective|p2a: Great Tusk\n|-damage|p2a: Great Tusk|0 fnt\n|faint|p2a: Great Tusk\n|-end|p2a: Great Tusk|Protosynthesis|[silent]\n|\n|-weather|Sandstorm|[upkeep]\n|upkeep\n|\n|t:|1781459200\n|switch|p2a: Eiscue|Eiscue, L88, F|274/274\n|turn|4\n|\n|t:|1781459218\n|switch|p1a: Hypno|Hypno, L95, M|315/315\n|move|p2a: Eiscue|Liquidation|p1a: Hypno\n|-damage|p1a: Hypno|254/315\n|-unboost|p1a: Hypno|def|1\n|\n|-weather|Sandstorm|[upkeep]\n|-damage|p1a: Hypno|235/315|[from] Sandstorm\n|-damage|p2a: Eiscue|257/274|[from] Sandstorm\n|-heal|p1a: Hypno|254/315|[from] item: Leftovers\n|upkeep\n|turn|5\n|\n|t:|1781459224\n|switch|p2a: Crawdaunt|Crawdaunt, L84, M|243/243\n|move|p1a: Hypno|Toxic|p2a: Crawdaunt|[miss]\n|-miss|p1a: Hypno|p2a: Crawdaunt\n|\n|-weather|none\n|-heal|p1a: Hypno|273/315|[from] item: Leftovers\n|upkeep\n|turn|6\n|\n|t:|1781459237\n|switch|p2a: Suicune|Suicune, L82|298/298\n|-ability|p2a: Suicune|Pressure\n|move|p1a: Hypno|Focus Blast|p2a: Suicune\n|-damage|p2a: Suicune|222/298\n|\n|-heal|p2a: Suicune|240/298|[from] item: Leftovers\n|-heal|p1a: Hypno|292/315|[from] item: Leftovers\n|upkeep\n|turn|7\n|\n|t:|1781459244\n|move|p2a: Suicune|Calm Mind|p2a: Suicune\n|-boost|p2a: Suicune|spa|1\n|-boost|p2a: Suicune|spd|1\n|move|p1a: Hypno|Psychic Noise|p2a: Suicune\n|-damage|p2a: Suicune|198/298\n|-start|p2a: Suicune|move: Heal Block\n|\n|-heal|p1a: Hypno|311/315|[from] item: Leftovers\n|upkeep\n|turn|8\n|\n|t:|1781459252\n|move|p2a: Suicune|Scald|p1a: Hypno\n|-damage|p1a: Hypno|224/315\n|move|p1a: Hypno|Toxic|p2a: Suicune\n|-status|p2a: Suicune|tox\n|\n|-heal|p1a: Hypno|243/315|[from] item: Leftovers\n|-damage|p2a: Suicune|180/298 tox|[from] psn\n|-end|p2a: Suicune|move: Heal Block\n|upkeep\n|turn|9\n|\n|t:|1781459258\n|move|p2a: Suicune|Rest|p2a: Suicune\n|-status|p2a: Suicune|slp|[from] move: Rest\n|-heal|p2a: Suicune|298/298 slp|[silent]\n|move|p1a: Hypno|Psychic Noise|p2a: Suicune\n|-crit|p2a: Suicune\n|-damage|p2a: Suicune|202/298 slp\n|-start|p2a: Suicune|move: Heal Block\n|\n|-heal|p1a: Hypno|262/315|[from] item: Leftovers\n|upkeep\n|turn|10\n|\n|t:|1781459274\n|switch|p1a: Gurdurr|Gurdurr, L85, M|283/283\n|cant|p2a: Suicune|slp\n|move|p2a: Suicune|Sleep Talk|p2a: Suicune\n|cant|p2a: Suicune|move: Heal Block|Rest\n|\n|-end|p2a: Suicune|move: Heal Block\n|upkeep\n|turn|11\n|\n|t:|1781459282\n|cant|p2a: Suicune|slp\n|move|p2a: Suicune|Sleep Talk|p2a: Suicune\n|move|p2a: Suicune|Rest||[from] move: Sleep Talk|[still]\n|-fail|p2a: Suicune\n|move|p1a: Gurdurr|Bulk Up|p1a: Gurdurr\n|-boost|p1a: Gurdurr|atk|1\n|-boost|p1a: Gurdurr|def|1\n|\n|-heal|p2a: Suicune|220/298 slp|[from] item: Leftovers\n|upkeep\n|turn|12\n|\n|t:|1781459289\n|-curestatus|p2a: Suicune|slp|[msg]\n|move|p2a: Suicune|Calm Mind|p2a: Suicune\n|-boost|p2a: Suicune|spa|1\n|-boost|p2a: Suicune|spd|1\n|move|p1a: Gurdurr|Drain Punch|p2a: Suicune\n|-damage|p2a: Suicune|103/298\n|\n|-heal|p2a: Suicune|121/298|[from] item: Leftovers\n|upkeep\n|turn|13\n|\n|t:|1781459297\n|move|p2a: Suicune|Scald|p1a: Gurdurr\n|-damage|p1a: Gurdurr|123/283\n|move|p1a: Gurdurr|Drain Punch|p2a: Suicune\n|-damage|p2a: Suicune|16/298\n|-heal|p1a: Gurdurr|176/283|[from] drain|[of] p2a: Suicune\n|\n|-heal|p2a: Suicune|34/298|[from] item: Leftovers\n|upkeep\n|turn|14\n|\n|t:|1781459303\n|move|p1a: Gurdurr|Mach Punch|p2a: Suicune\n|-damage|p2a: Suicune|0 fnt\n|faint|p2a: Suicune\n|\n|upkeep\n|\n|t:|1781459313\n|switch|p2a: Eiscue|Eiscue, L88, F|257/274\n|turn|15\n|\n|t:|1781459320\n|move|p2a: Eiscue|Belly Drum|p2a: Eiscue\n|-damage|p2a: Eiscue|120/274\n|-setboost|p2a: Eiscue|atk|6|[from] move: Belly Drum\n|-enditem|p2a: Eiscue|Sitrus Berry|[eat]\n|-heal|p2a: Eiscue|188/274|[from] item: Sitrus Berry\n|move|p1a: Gurdurr|Drain Punch|p2a: Eiscue\n|-activate|p2a: Eiscue|ability: Ice Face\n|-damage|p2a: Eiscue|188/274\n|detailschange|p2a: Eiscue|Eiscue-Noice, L88, F\n|\n|upkeep\n|turn|16\n|\n|t:|1781459331\n|-terastallize|p2a: Eiscue|Ground\n|-terastallize|p1a: Gurdurr|Steel\n|move|p2a: Eiscue|Tera Blast|p1a: Gurdurr|[anim] Tera Blast Ground\n|-supereffective|p1a: Gurdurr\n|-damage|p1a: Gurdurr|0 fnt\n|faint|p1a: Gurdurr\n|\n|upkeep\n|\n|t:|1781459340\n|switch|p1a: Hypno|Hypno, L95, M|262/315\n|turn|17\n|\n|t:|1781459349\n|move|p2a: Eiscue|Tera Blast|p1a: Hypno|[anim] Tera Blast Ground\n|-damage|p1a: Hypno|0 fnt\n|faint|p1a: Hypno\n|\n|upkeep\n|\n|t:|1781459352\n|switch|p1a: Palafin|Palafin, L77, F|281/281\n|turn|18\n|\n|t:|1781459359\n|detailschange|p1a: Palafin|Palafin-Hero, L77, F\n|switch|p1a: Tyranitar|Tyranitar, L78, F|32/284\n|-weather|Sandstorm|[from] ability: Sand Stream|[of] p1a: Tyranitar\n|move|p2a: Eiscue|Tera Blast|p1a: Tyranitar|[anim] Tera Blast Ground\n|-supereffective|p1a: Tyranitar\n|-damage|p1a: Tyranitar|0 fnt\n|faint|p1a: Tyranitar\n|\n|-weather|Sandstorm|[upkeep]\n|upkeep\n|\n|t:|1781459363\n|switch|p1a: Palafin|Palafin-Hero, L77, F|281/281\n|-activate|p1a: Palafin|ability: Zero to Hero\n|turn|19\n|\n|t:|1781459367\n|move|p1a: Palafin|Jet Punch|p2a: Eiscue\n|-supereffective|p2a: Eiscue\n|-damage|p2a: Eiscue|0 fnt\n|faint|p2a: Eiscue\n|\n|-weather|Sandstorm|[upkeep]\n|-damage|p1a: Palafin|264/281|[from] Sandstorm\n|upkeep\n|\n|t:|1781459376\n|switch|p2a: Glaceon|Glaceon, L94, F|275/275\n|turn|20\n|\n|t:|1781459379\n|switch|p1a: Orthworm|Orthworm, L88, M|266/266\n|move|p2a: Glaceon|Mud Shot|p1a: Orthworm\n|-immune|p1a: Orthworm|[from] ability: Earth Eater\n|\n|-weather|Sandstorm|[upkeep]\n|-damage|p2a: Glaceon|258/275|[from] Sandstorm\n|upkeep\n|turn|21\n|\n|t:|1781459385\n|switch|p2a: Meloetta|Meloetta, L82|298/298\n|move|p1a: Orthworm|Coil|p1a: Orthworm\n|-boost|p1a: Orthworm|atk|1\n|-boost|p1a: Orthworm|def|1\n|-boost|p1a: Orthworm|accuracy|1\n|\n|-weather|Sandstorm|[upkeep]\n|-damage|p2a: Meloetta|280/298|[from] Sandstorm\n|upkeep\n|turn|22\n|\n|t:|1781459395\n|move|p2a: Meloetta|Focus Blast|p1a: Orthworm\n|-supereffective|p1a: Orthworm\n|-damage|p1a: Orthworm|0 fnt\n|faint|p1a: Orthworm\n|\n|-weather|none\n|upkeep\n|\n|t:|1781459398\n|switch|p1a: Palafin|Palafin-Hero, L77, F|264/281\n|turn|23\n|\n|t:|1781459406\n|move|p1a: Palafin|Wave Crash|p2a: Meloetta\n|-damage|p2a: Meloetta|9/298\n|-damage|p1a: Palafin|175/281|[from] Recoil\n|move|p2a: Meloetta|Focus Blast|p1a: Palafin\n|-damage|p1a: Palafin|20/281\n|\n|upkeep\n|turn|24\n|\n|t:|1781459415\n|move|p1a: Palafin|Wave Crash|p2a: Meloetta\n|-damage|p2a: Meloetta|0 fnt\n|faint|p2a: Meloetta\n|-damage|p1a: Palafin|17/281|[from] Recoil\n|\n|upkeep\n|\n|t:|1781459417\n|switch|p2a: Glaceon|Glaceon, L94, F|258/275\n|turn|25\n|\n|t:|1781459419\n|move|p1a: Palafin|Wave Crash|p2a: Glaceon\n|-damage|p2a: Glaceon|83/275\n|-damage|p1a: Palafin|0 fnt|[from] Recoil\n|faint|p1a: Palafin\n|move|p2a: Glaceon|Mud Shot|p1: Palafin|[notarget]\n|-fail|p2a: Glaceon\n|\n|upkeep\n|\n|t:|1781459423\n|switch|p1a: Komala|Komala, L88, M|258/258\n|-ability|p1a: Komala|Comatose\n|turn|26\n|\n|t:|1781459427\n|move|p2a: Glaceon|Mud Shot|p1a: Komala\n|-damage|p1a: Komala|220/258\n|-unboost|p1a: Komala|spe|1\n|move|p1a: Komala|Body Slam|p2a: Glaceon\n|-damage|p2a: Glaceon|0 fnt\n|faint|p2a: Glaceon\n|\n|upkeep\n|\n|t:|1781459433\n|switch|p2a: Crawdaunt|Crawdaunt, L84, M|243/243\n|turn|27\n|\n|t:|1781459439\n|move|p2a: Crawdaunt|Dragon Dance|p2a: Crawdaunt\n|-boost|p2a: Crawdaunt|atk|1\n|-boost|p2a: Crawdaunt|spe|1\n|move|p1a: Komala|Rapid Spin|p2a: Crawdaunt\n|-damage|p2a: Crawdaunt|170/243\n|-boost|p1a: Komala|spe|1\n|\n|upkeep\n|turn|28\n|\n|t:|1781459448\n|move|p2a: Crawdaunt|Close Combat|p1a: Komala\n|-supereffective|p1a: Komala\n|-damage|p1a: Komala|0 fnt\n|-unboost|p2a: Crawdaunt|def|1\n|-unboost|p2a: Crawdaunt|spd|1\n|faint|p1a: Komala\n|-damage|p2a: Crawdaunt|146/243|[from] item: Life Orb\n|\n|win|Infamous20111\n", "uploadtime": 1781459145, "views": 3, "formatid": "gen9randombattle", "rating": null, "private": 0, "password": null}