{"id": "gen9randombattle-2631384552", "format": "[Gen 9] Random Battle", "players": ["drowyna", "dariorossocampione"], "log": "|j|\u2606drowyna\n|j|\u2606dariorossocampione\n|t:|1781378317\n|gametype|singles\n|player|p1|drowyna|lucas|1622\n|player|p2|dariorossocampione|red|1595\n|gen|9\n|tier|[Gen 9] Random Battle\n|rated|\n|rule|Species Clause: Limit one of each Pok\u00e9mon\n|rule|HP Percentage Mod: HP is shown in percentages\n|rule|Sleep Clause Mod: Limit one foe put to sleep\n|rule|Illusion Level Mod: Illusion disguises the Pok\u00e9mon's true level\n|\n|t:|1781378317\n|teamsize|p1|6\n|teamsize|p2|6\n|start\n|switch|p1a: Veluza|Veluza, L85, M|292/292\n|switch|p2a: Weavile|Weavile, L79, M|240/240\n|turn|1\n|inactive|Battle timer is ON: inactive players will automatically lose when time's up. (requested by drowyna)\n|\n|t:|1781378338\n|switch|p1a: Drednaw|Drednaw, L81, M|278/278\n|move|p2a: Weavile|Swords Dance|p2a: Weavile\n|-boost|p2a: Weavile|atk|2\n|\n|upkeep\n|turn|2\n|\n|t:|1781378344\n|-terastallize|p1a: Drednaw|Dark\n|move|p2a: Weavile|Low Kick|p1a: Drednaw\n|-supereffective|p1a: Drednaw\n|-damage|p1a: Drednaw|2/278\n|move|p1a: Drednaw|Shell Smash|p1a: Drednaw\n|-unboost|p1a: Drednaw|def|1\n|-unboost|p1a: Drednaw|spd|1\n|-boost|p1a: Drednaw|atk|2\n|-boost|p1a: Drednaw|spa|2\n|-boost|p1a: Drednaw|spe|2\n|-enditem|p1a: Drednaw|White Herb\n|-clearnegativeboost|p1a: Drednaw|[silent]\n|\n|upkeep\n|turn|3\n|\n|t:|1781378359\n|switch|p2a: Tinkaton|Tinkaton, L82, F|274/274\n|-ability|p2a: Tinkaton|Mold Breaker\n|move|p1a: Drednaw|Liquidation|p2a: Tinkaton\n|-damage|p2a: Tinkaton|63/274\n|-unboost|p2a: Tinkaton|def|1\n|\n|-heal|p2a: Tinkaton|80/274|[from] item: Leftovers\n|upkeep\n|turn|4\n|\n|t:|1781378368\n|move|p1a: Drednaw|Liquidation|p2a: Tinkaton\n|-damage|p2a: Tinkaton|0 fnt\n|faint|p2a: Tinkaton\n|\n|upkeep\n|\n|t:|1781378391\n|switch|p2a: Reuniclus|Reuniclus, L88, M|337/337\n|turn|5\n|\n|t:|1781378399\n|move|p1a: Drednaw|Liquidation|p2a: Reuniclus\n|-damage|p2a: Reuniclus|127/337\n|move|p2a: Reuniclus|Focus Blast|p1a: Drednaw\n|-supereffective|p1a: Drednaw\n|-damage|p1a: Drednaw|0 fnt\n|faint|p1a: Drednaw\n|\n|upkeep\n|\n|t:|1781378406\n|switch|p1a: Spectrier|Spectrier, L75|274/274\n|turn|6\n|\n|t:|1781378412\n|switch|p2a: Indeedee|Indeedee, L84, M|238/238\n|-fieldstart|move: Psychic Terrain|[from] ability: Psychic Surge|[of] p2a: Indeedee\n|move|p1a: Spectrier|Nasty Plot|p1a: Spectrier\n|-boost|p1a: Spectrier|spa|2\n|\n|upkeep\n|turn|7\n|\n|t:|1781378420\n|move|p1a: Spectrier|Tera Blast|p2a: Indeedee\n|-damage|p2a: Indeedee|90/238\n|-damage|p1a: Spectrier|247/274|[from] item: Life Orb\n|move|p2a: Indeedee|Shadow Ball|p1a: Spectrier\n|-supereffective|p1a: Spectrier\n|-damage|p1a: Spectrier|52/274\n|-damage|p2a: Indeedee|67/238|[from] item: Life Orb\n|\n|upkeep\n|turn|8\n|\n|t:|1781378433\n|move|p1a: Spectrier|Tera Blast|p2a: Indeedee\n|-damage|p2a: Indeedee|0 fnt\n|faint|p2a: Indeedee\n|-ability|p1a: Spectrier|Grim Neigh|boost\n|-boost|p1a: Spectrier|spa|1\n|-damage|p1a: Spectrier|25/274|[from] item: Life Orb\n|\n|upkeep\n|\n|t:|1781378444\n|switch|p2a: Weavile|Weavile, L79, M|240/240\n|turn|9\n|\n|t:|1781378453\n|switch|p1a: Arceus|Arceus-Dark, L71|288/288\n|move|p2a: Weavile|Knock Off|p1a: Arceus\n|-resisted|p1a: Arceus\n|-damage|p1a: Arceus|255/288\n|\n|upkeep\n|turn|10\n|\n|t:|1781378464\n|move|p2a: Weavile|Swords Dance|p2a: Weavile\n|-boost|p2a: Weavile|atk|2\n|move|p1a: Arceus|Sludge Bomb|p2a: Weavile\n|-damage|p2a: Weavile|183/240\n|\n|-fieldend|move: Psychic Terrain\n|upkeep\n|turn|11\n|\n|t:|1781378470\n|move|p2a: Weavile|Low Kick|p1a: Arceus\n|-supereffective|p1a: Arceus\n|-damage|p1a: Arceus|0 fnt\n|faint|p1a: Arceus\n|\n|upkeep\n|\n|t:|1781378478\n|switch|p1a: Amoonguss|Amoonguss, L82, M|321/321\n|turn|12\n|inactive|drowyna has 120 seconds left.\n|c|\u2606drowyna|My entire team is weak to weavile ornits moves and slower lol\n|c|\u2606drowyna|Or its*\n|\n|t:|1781378522\n|move|p2a: Weavile|Triple Axel|p1a: Amoonguss\n|-supereffective|p1a: Amoonguss\n|-damage|p1a: Amoonguss|211/321\n|-damage|p2a: Weavile|143/240|[from] item: Rocky Helmet|[of] p1a: Amoonguss\n|-hitcount|p1a: Amoonguss|1\n|move|p1a: Amoonguss|Spore|p2a: Weavile\n|-status|p2a: Weavile|slp|[from] move: Spore\n|\n|upkeep\n|turn|13\n|c|\u2606drowyna|Oh that happened, lets see if it stays asleep\n|inactive|dariorossocampione has 120 seconds left.\n|inactive|dariorossocampione has 90 seconds left.\n|c|\u2606dariorossocampione|Yeah weavile with fight coverage Is a really tough match up for your team\n|\n|t:|1781378595\n|cant|p2a: Weavile|slp\n|move|p1a: Amoonguss|Sludge Bomb|p2a: Weavile\n|-damage|p2a: Weavile|49/240 slp\n|\n|upkeep\n|turn|14\n|\n|t:|1781378601\n|cant|p2a: Weavile|slp\n|move|p1a: Amoonguss|Sludge Bomb|p2a: Weavile\n|-damage|p2a: Weavile|0 fnt\n|faint|p2a: Weavile\n|\n|upkeep\n|c|\u2606dariorossocampione|Unlucky miss:(\n|\n|t:|1781378626\n|switch|p2a: Reuniclus|Reuniclus, L88, M|127/337\n|turn|15\n|\n|t:|1781378634\n|switch|p1a: Veluza|Veluza, L85, M|292/292\n|move|p2a: Reuniclus|Recover|p2a: Reuniclus\n|-heal|p2a: Reuniclus|296/337\n|\n|upkeep\n|turn|16\n|\n|t:|1781378652\n|switch|p2a: Raikou|Raikou, L81|278/278\n|-ability|p2a: Raikou|Pressure\n|move|p1a: Veluza|Night Slash|p2a: Raikou\n|-damage|p2a: Raikou|150/278\n|\n|-heal|p2a: Raikou|167/278|[from] item: Leftovers\n|upkeep\n|turn|17\n|\n|t:|1781378664\n|switch|p1a: Golurk|Golurk, L87|297/297\n|move|p2a: Raikou|Substitute|p2a: Raikou\n|-start|p2a: Raikou|Substitute\n|-damage|p2a: Raikou|98/278\n|\n|-heal|p2a: Raikou|115/278|[from] item: Leftovers\n|upkeep\n|turn|18\n|\n|t:|1781378674\n|-terastallize|p2a: Raikou|Grass\n|move|p2a: Raikou|Calm Mind|p2a: Raikou\n|-boost|p2a: Raikou|spa|1\n|-boost|p2a: Raikou|spd|1\n|move|p1a: Golurk|Poltergeist|p2a: Raikou\n|-activate|p2a: Raikou|move: Poltergeist|Leftovers\n|-end|p2a: Raikou|Substitute\n|\n|-heal|p2a: Raikou|132/278|[from] item: Leftovers\n|upkeep\n|turn|19\n|\n|t:|1781378683\n|switch|p1a: Amoonguss|Amoonguss, L82, M|318/321\n|move|p2a: Raikou|Scald|p1a: Amoonguss\n|-resisted|p1a: Amoonguss\n|-damage|p1a: Amoonguss|272/321\n|\n|-heal|p2a: Raikou|149/278|[from] item: Leftovers\n|upkeep\n|turn|20\n|\n|t:|1781378687\n|move|p2a: Raikou|Substitute|p2a: Raikou\n|-start|p2a: Raikou|Substitute\n|-damage|p2a: Raikou|80/278\n|move|p1a: Amoonguss|Sludge Bomb|p2a: Raikou\n|-supereffective|p2a: Raikou\n|-end|p2a: Raikou|Substitute\n|\n|-heal|p2a: Raikou|97/278|[from] item: Leftovers\n|upkeep\n|turn|21\n|\n|t:|1781378696\n|switch|p2a: Gholdengo|Gholdengo, L77|261/261\n|move|p1a: Amoonguss|Sludge Bomb|p2a: Gholdengo\n|-immune|p2a: Gholdengo\n|\n|upkeep\n|turn|22\n|\n|t:|1781378707\n|move|p2a: Gholdengo|Make It Rain|p1a: Amoonguss\n|-damage|p1a: Amoonguss|109/321\n|-unboost|p2a: Gholdengo|spa|1\n|move|p1a: Amoonguss|Stomping Tantrum|p2a: Gholdengo\n|-supereffective|p2a: Gholdengo\n|-damage|p2a: Gholdengo|67/261\n|\n|upkeep\n|turn|23\n|\n|t:|1781378718\n|switch|p1a: Golurk|Golurk, L87|297/297\n|move|p2a: Gholdengo|Make It Rain|p1a: Golurk\n|-damage|p1a: Golurk|206/297\n|-unboost|p2a: Gholdengo|spa|1\n|\n|upkeep\n|turn|24\n|\n|t:|1781378723\n|switch|p2a: Raikou|Raikou, L81, tera:Grass|97/278\n|-ability|p2a: Raikou|Pressure\n|move|p1a: Golurk|Poltergeist|p2a: Raikou\n|-activate|p2a: Raikou|move: Poltergeist|Leftovers\n|-damage|p2a: Raikou|0 fnt\n|faint|p2a: Raikou\n|\n|upkeep\n|\n|t:|1781378730\n|switch|p2a: Gholdengo|Gholdengo, L77|67/261\n|turn|25\n|\n|t:|1781378736\n|switch|p1a: Amoonguss|Amoonguss, L82, M|216/321\n|move|p2a: Gholdengo|Shadow Ball|p1a: Amoonguss\n|-damage|p1a: Amoonguss|111/321\n|\n|upkeep\n|turn|26\n|\n|t:|1781378743\n|move|p2a: Gholdengo|Shadow Ball|p1a: Amoonguss\n|-damage|p1a: Amoonguss|9/321\n|move|p1a: Amoonguss|Stomping Tantrum|p2a: Gholdengo\n|-supereffective|p2a: Gholdengo\n|-damage|p2a: Gholdengo|0 fnt\n|faint|p2a: Gholdengo\n|\n|upkeep\n|\n|t:|1781378748\n|switch|p2a: Reuniclus|Reuniclus, L88, M|296/337\n|turn|27\n|\n|t:|1781378752\n|move|p2a: Reuniclus|Psyshock|p1a: Amoonguss\n|-supereffective|p1a: Amoonguss\n|-damage|p1a: Amoonguss|0 fnt\n|faint|p1a: Amoonguss\n|\n|upkeep\n|\n|t:|1781378757\n|switch|p1a: Veluza|Veluza, L85, M|292/292\n|turn|28\n|\n|t:|1781378763\n|move|p1a: Veluza|Night Slash|p2a: Reuniclus\n|-supereffective|p2a: Reuniclus\n|-damage|p2a: Reuniclus|36/337\n|move|p2a: Reuniclus|Psyshock|p1a: Veluza\n|-resisted|p1a: Veluza\n|-damage|p1a: Veluza|206/292\n|\n|upkeep\n|turn|29\n|\n|t:|1781378769\n|move|p1a: Veluza|Night Slash|p2a: Reuniclus\n|-supereffective|p2a: Reuniclus\n|-damage|p2a: Reuniclus|0 fnt\n|faint|p2a: Reuniclus\n|\n|win|drowyna\n|raw|drowyna's rating: 1622 &rarr; <strong>1640</strong><br />(+18 for winning)\n|raw|dariorossocampione's rating: 1595 &rarr; <strong>1577</strong><br />(-18 for losing)\n|c|\u2606drowyna|Gg\n|c|\u2606dariorossocampione|GG\n|c|\u2606drowyna|That miss made the difference\n|c|\u2606drowyna|Would have swept me lol\n|c|\u2606dariorossocampione|Ahahah yes XD\n|l|\u2606dariorossocampione\n|player|p2|\n", "uploadtime": 1781378799, "views": 5, "formatid": "gen9randombattle", "rating": 1577, "private": 0, "password": null}