{"id": "gen9randombattle-2631485549", "format": "[Gen 9] Random Battle", "players": ["AllCuzOfHax", "Kool Kiddo"], "log": "|j|\u2606AllCuzOfHax\n|j|\u2606Kool Kiddo\n|t:|1781391010\n|gametype|singles\n|player|p1|AllCuzOfHax|anabel|2025\n|player|p2|Kool Kiddo|hilbert|2098\n|gen|9\n|tier|[Gen 9] Random Battle\n|rated|\n|rule|Species Clause: Limit one of each Pok\u00e9mon\n|rule|HP Percentage Mod: HP is shown in percentages\n|rule|Sleep Clause Mod: Limit one foe put to sleep\n|rule|Illusion Level Mod: Illusion disguises the Pok\u00e9mon's true level\n|\n|t:|1781391010\n|teamsize|p1|6\n|teamsize|p2|6\n|start\n|switch|p1a: Iron Leaves|Iron Leaves, L80|275/275\n|switch|p2a: Chi-Yu|Chi-Yu, L77|211/211\n|-ability|p2a: Chi-Yu|Beads of Ruin\n|turn|1\n|inactive|Battle timer is ON: inactive players will automatically lose when time's up. (requested by Kool Kiddo)\n|\n|t:|1781391034\n|-end|p1a: Iron Leaves|Quark Drive|[silent]\n|switch|p1a: Incineroar|Incineroar, L82, M|290/290\n|-ability|p1a: Incineroar|Intimidate|boost\n|-unboost|p2a: Chi-Yu|atk|1\n|switch|p2a: Iron Moth|Iron Moth, L78|253/253\n|\n|upkeep\n|turn|2\n|\n|t:|1781391045\n|move|p2a: Iron Moth|Toxic Spikes|p1a: Incineroar\n|-sidestart|p1: AllCuzOfHax|move: Toxic Spikes\n|move|p1a: Incineroar|Earthquake|p2a: Iron Moth\n|-supereffective|p2a: Iron Moth\n|-damage|p2a: Iron Moth|0 fnt\n|faint|p2a: Iron Moth\n|-end|p2a: Iron Moth|Quark Drive|[silent]\n|\n|upkeep\n|\n|t:|1781391054\n|switch|p2a: Gardevoir|Gardevoir, L83, M|249/249\n|-ability|p2a: Gardevoir|Intimidate|Trace|[from] ability: Trace|[of] p1a: Incineroar\n|-ability|p2a: Gardevoir|Intimidate|boost\n|-unboost|p1a: Incineroar|atk|1\n|turn|3\n|\n|t:|1781391069\n|switch|p1a: Arbok|Arbok, L87, M|246/246\n|-sideend|p1: AllCuzOfHax|move: Toxic Spikes|[of] p1a: Arbok\n|-ability|p1a: Arbok|Intimidate|boost\n|-unboost|p2a: Gardevoir|atk|1\n|move|p2a: Gardevoir|Moonblast|p1a: Arbok\n|-resisted|p1a: Arbok\n|-damage|p1a: Arbok|183/246\n|-unboost|p1a: Arbok|spa|1\n|\n|-heal|p1a: Arbok|198/246|[from] item: Leftovers\n|upkeep\n|turn|4\n|\n|t:|1781391084\n|switch|p2a: Araquanid|Araquanid, L82, M|246/246\n|move|p1a: Arbok|Coil|p1a: Arbok\n|-boost|p1a: Arbok|atk|1\n|-boost|p1a: Arbok|def|1\n|-boost|p1a: Arbok|accuracy|1\n|\n|-heal|p1a: Arbok|213/246|[from] item: Leftovers\n|upkeep\n|turn|5\n|\n|t:|1781391106\n|move|p1a: Arbok|Coil|p1a: Arbok\n|-boost|p1a: Arbok|atk|1\n|-boost|p1a: Arbok|def|1\n|-boost|p1a: Arbok|accuracy|1\n|move|p2a: Araquanid|Sticky Web|p1a: Arbok\n|-sidestart|p1: AllCuzOfHax|move: Sticky Web\n|\n|-heal|p1a: Arbok|228/246|[from] item: Leftovers\n|upkeep\n|turn|6\n|\n|t:|1781391111\n|move|p1a: Arbok|Gunk Shot|p2a: Araquanid\n|-damage|p2a: Araquanid|0 fnt\n|faint|p2a: Araquanid\n|\n|-heal|p1a: Arbok|243/246|[from] item: Leftovers\n|upkeep\n|\n|t:|1781391117\n|switch|p2a: Politoed|Politoed, L88, M|302/302\n|-weather|RainDance|[from] ability: Drizzle|[of] p2a: Politoed\n|turn|7\n|\n|t:|1781391122\n|move|p1a: Arbok|Gunk Shot|p2a: Politoed\n|-damage|p2a: Politoed|7/302\n|-status|p2a: Politoed|psn\n|move|p2a: Politoed|Weather Ball|p1a: Arbok\n|-damage|p1a: Arbok|0 fnt\n|faint|p1a: Arbok\n|\n|-weather|RainDance|[upkeep]\n|-damage|p2a: Politoed|0 fnt|[from] psn\n|faint|p2a: Politoed\n|upkeep\n|\n|t:|1781391140\n|switch|p1a: Porygon2|Porygon2, L81|270/270\n|switch|p2a: Regieleki|Regieleki, L79|256/256\n|-activate|p1a: Porygon2|move: Sticky Web\n|-unboost|p1a: Porygon2|spe|1\n|-ability|p1a: Porygon2|Download|boost\n|-boost|p1a: Porygon2|spa|1\n|turn|8\n|\n|t:|1781391150\n|move|p2a: Regieleki|Volt Switch|p1a: Porygon2\n|-damage|p1a: Porygon2|201/270\n|\n|t:|1781391153\n|switch|p2a: Gardevoir|Gardevoir, L83, M|249/249|[from] Volt Switch\n|-ability|p2a: Gardevoir|Download|Trace|[from] ability: Trace|[of] p1a: Porygon2\n|-ability|p2a: Gardevoir|Download|boost\n|-boost|p2a: Gardevoir|atk|1\n|move|p1a: Porygon2|Tera Blast|p2a: Gardevoir\n|-damage|p2a: Gardevoir|149/249\n|\n|-weather|RainDance|[upkeep]\n|upkeep\n|turn|9\n|\n|t:|1781391168\n|switch|p1a: Furret|Furret, L94, F|312/312\n|-activate|p1a: Furret|move: Sticky Web\n|-unboost|p1a: Furret|spe|1\n|-item|p2a: Gardevoir|Choice Scarf|[from] ability: Frisk|[of] p1a: Furret\n|move|p2a: Gardevoir|Trick|p1a: Furret\n|-activate|p2a: Gardevoir|move: Trick|[of] p1a: Furret\n|-item|p1a: Furret|Choice Scarf|[from] move: Trick\n|-item|p2a: Gardevoir|Choice Band|[from] move: Trick\n|\n|-weather|RainDance|[upkeep]\n|upkeep\n|turn|10\n|\n|t:|1781391183\n|move|p1a: Furret|Double-Edge|p2a: Gardevoir\n|-damage|p2a: Gardevoir|0 fnt\n|faint|p2a: Gardevoir\n|-damage|p1a: Furret|263/312|[from] Recoil\n|\n|-weather|RainDance|[upkeep]\n|upkeep\n|\n|t:|1781391193\n|switch|p2a: Regieleki|Regieleki, L79|256/256\n|turn|11\n|\n|t:|1781391199\n|switch|p1a: Iron Leaves|Iron Leaves, L80|275/275\n|-activate|p1a: Iron Leaves|move: Sticky Web\n|-unboost|p1a: Iron Leaves|spe|1\n|move|p2a: Regieleki|Thunderbolt|p1a: Iron Leaves\n|-resisted|p1a: Iron Leaves\n|-damage|p1a: Iron Leaves|220/275\n|\n|-weather|none\n|upkeep\n|turn|12\n|\n|t:|1781391210\n|-terastallize|p2a: Regieleki|Ice\n|move|p2a: Regieleki|Tera Blast|p1a: Iron Leaves|[anim] Tera Blast Ice\n|-supereffective|p1a: Iron Leaves\n|-damage|p1a: Iron Leaves|86/275\n|move|p1a: Iron Leaves|Close Combat|p2a: Regieleki\n|-supereffective|p2a: Regieleki\n|-damage|p2a: Regieleki|0 fnt\n|-unboost|p1a: Iron Leaves|def|1\n|-unboost|p1a: Iron Leaves|spd|1\n|faint|p2a: Regieleki\n|\n|upkeep\n|\n|t:|1781391213\n|switch|p2a: Chi-Yu|Chi-Yu, L77|211/211\n|-ability|p2a: Chi-Yu|Beads of Ruin\n|turn|13\n|\n|t:|1781391223\n|move|p2a: Chi-Yu|Dark Pulse|p1a: Iron Leaves\n|-supereffective|p1a: Iron Leaves\n|-damage|p1a: Iron Leaves|0 fnt\n|faint|p1a: Iron Leaves\n|-end|p1a: Iron Leaves|Quark Drive|[silent]\n|\n|upkeep\n|\n|t:|1781391225\n|switch|p1a: Incineroar|Incineroar, L82, M|290/290\n|-ability|p1a: Incineroar|Intimidate|boost\n|-unboost|p2a: Chi-Yu|atk|1\n|turn|14\n|-message|Kool Kiddo forfeited.\n|\n|win|AllCuzOfHax\n", "uploadtime": 1781391012, "views": 4, "formatid": "gen9randombattle", "rating": null, "private": 0, "password": null}