{"id": "gen9randombattle-2631806715", "format": "[Gen 9] Random Battle", "players": ["pagenfranskane", "Gaaraks"], "log": "|j|\u2606pagenfranskane\n|j|\u2606Gaaraks\n|t:|1781442443\n|gametype|singles\n|player|p1|pagenfranskane|battlegirl|2040\n|player|p2|Gaaraks|169|2079\n|gen|9\n|tier|[Gen 9] Random Battle\n|rated|\n|rule|Species Clause: Limit one of each Pok\u00e9mon\n|rule|HP Percentage Mod: HP is shown in percentages\n|rule|Sleep Clause Mod: Limit one foe put to sleep\n|rule|Illusion Level Mod: Illusion disguises the Pok\u00e9mon's true level\n|\n|t:|1781442443\n|teamsize|p1|6\n|teamsize|p2|6\n|start\n|switch|p1a: Quagsire|Quagsire, L84, M|297/297\n|switch|p2a: Iron Valiant|Iron Valiant, L78|244/244\n|turn|1\n|inactive|Battle timer is ON: inactive players will automatically lose when time's up. (requested by pagenfranskane)\n|\n|t:|1781442462\n|move|p2a: Iron Valiant|Moonblast|p1a: Quagsire\n|-damage|p1a: Quagsire|114/297\n|-damage|p2a: Iron Valiant|220/244|[from] item: Life Orb\n|move|p1a: Quagsire|Toxic|p2a: Iron Valiant\n|-status|p2a: Iron Valiant|tox\n|\n|-heal|p1a: Quagsire|132/297|[from] item: Leftovers\n|-damage|p2a: Iron Valiant|205/244 tox|[from] psn\n|upkeep\n|turn|2\n|\n|t:|1781442466\n|switch|p1a: Toedscruel|Toedscruel, L87, F|281/281\n|move|p2a: Iron Valiant|Moonblast|p1a: Toedscruel\n|-damage|p1a: Toedscruel|180/281\n|-damage|p2a: Iron Valiant|181/244 tox|[from] item: Life Orb\n|\n|-heal|p1a: Toedscruel|197/281|[from] item: Leftovers\n|-damage|p2a: Iron Valiant|151/244 tox|[from] psn\n|upkeep\n|turn|3\n|\n|t:|1781442478\n|move|p2a: Iron Valiant|Close Combat|p1a: Toedscruel\n|-crit|p1a: Toedscruel\n|-damage|p1a: Toedscruel|0 fnt\n|-unboost|p2a: Iron Valiant|def|1\n|-unboost|p2a: Iron Valiant|spd|1\n|faint|p1a: Toedscruel\n|-damage|p2a: Iron Valiant|127/244 tox|[from] item: Life Orb\n|\n|-damage|p2a: Iron Valiant|82/244 tox|[from] psn\n|upkeep\n|\n|t:|1781442483\n|switch|p1a: Luvdisc|Luvdisc, F|247/247\n|turn|4\n|\n|t:|1781442495\n|-end|p2a: Iron Valiant|Quark Drive|[silent]\n|switch|p2a: Scizor|Scizor, L79, F|240/240\n|move|p1a: Luvdisc|Substitute|p1a: Luvdisc\n|-start|p1a: Luvdisc|Substitute\n|-damage|p1a: Luvdisc|186/247\n|\n|upkeep\n|turn|5\n|\n|t:|1781442503\n|move|p1a: Luvdisc|Surf|p2a: Scizor\n|-damage|p2a: Scizor|161/240\n|move|p2a: Scizor|U-turn|p1a: Luvdisc\n|-end|p1a: Luvdisc|Substitute\n|\n|t:|1781442507\n|switch|p2a: Galvantula|Galvantula, L82, M|249/249|[from] U-turn\n|\n|upkeep\n|turn|6\n|\n|t:|1781442512\n|move|p1a: Luvdisc|Substitute|p1a: Luvdisc\n|-start|p1a: Luvdisc|Substitute\n|-damage|p1a: Luvdisc|125/247\n|move|p2a: Galvantula|Sticky Web|p1a: Luvdisc\n|-sidestart|p1: pagenfranskane|move: Sticky Web\n|\n|upkeep\n|turn|7\n|\n|t:|1781442522\n|move|p1a: Luvdisc|Surf|p2a: Galvantula\n|-damage|p2a: Galvantula|150/249\n|move|p2a: Galvantula|Thunder|p1a: Luvdisc|[miss]\n|-miss|p2a: Galvantula|p1a: Luvdisc\n|\n|upkeep\n|turn|8\n|\n|t:|1781442527\n|move|p1a: Luvdisc|Surf|p2a: Galvantula\n|-damage|p2a: Galvantula|42/249\n|move|p2a: Galvantula|Thunder|p1a: Luvdisc\n|-supereffective|p1a: Luvdisc\n|-end|p1a: Luvdisc|Substitute\n|\n|upkeep\n|turn|9\n|\n|t:|1781442530\n|move|p1a: Luvdisc|Surf|p2a: Galvantula\n|-damage|p2a: Galvantula|0 fnt\n|faint|p2a: Galvantula\n|\n|upkeep\n|\n|t:|1781442541\n|switch|p2a: Swampert|Swampert, L83, F|302/302\n|turn|10\n|\n|t:|1781442547\n|move|p1a: Luvdisc|Substitute|p1a: Luvdisc\n|-start|p1a: Luvdisc|Substitute\n|-damage|p1a: Luvdisc|64/247\n|move|p2a: Swampert|Earthquake|p1a: Luvdisc\n|-end|p1a: Luvdisc|Substitute\n|\n|upkeep\n|turn|11\n|\n|t:|1781442549\n|move|p1a: Luvdisc|Substitute|p1a: Luvdisc\n|-start|p1a: Luvdisc|Substitute\n|-damage|p1a: Luvdisc|3/247\n|move|p2a: Swampert|Roar|p1a: Luvdisc\n|drag|p1a: Meganium|Meganium, L90, F|290/290\n|-activate|p1a: Meganium|move: Sticky Web\n|-unboost|p1a: Meganium|spe|1\n|\n|upkeep\n|turn|12\n|\n|t:|1781442556\n|move|p2a: Swampert|Flip Turn|p1a: Meganium\n|-resisted|p1a: Meganium\n|-damage|p1a: Meganium|261/290\n|\n|t:|1781442558\n|switch|p2a: Scizor|Scizor, L79, F|161/240|[from] Flip Turn\n|move|p1a: Meganium|Knock Off|p2a: Scizor\n|-damage|p2a: Scizor|94/240\n|-enditem|p2a: Scizor|Choice Band|[from] move: Knock Off|[of] p1a: Meganium\n|\n|-heal|p1a: Meganium|279/290|[from] item: Leftovers\n|upkeep\n|turn|13\n|\n|t:|1781442562\n|move|p2a: Scizor|U-turn|p1a: Meganium\n|-supereffective|p1a: Meganium\n|-damage|p1a: Meganium|145/290\n|\n|t:|1781442567\n|switch|p2a: Shaymin|Shaymin-Sky, L73|266/266|[from] U-turn\n|move|p1a: Meganium|Leech Seed|p2a: Shaymin\n|-immune|p2a: Shaymin\n|\n|-heal|p1a: Meganium|163/290|[from] item: Leftovers\n|upkeep\n|turn|14\n|\n|t:|1781442572\n|move|p2a: Shaymin|Air Slash|p1a: Meganium\n|-supereffective|p1a: Meganium\n|-damage|p1a: Meganium|37/290\n|cant|p1a: Meganium|flinch\n|\n|-heal|p1a: Meganium|55/290|[from] item: Leftovers\n|upkeep\n|turn|15\n|\n|t:|1781442575\n|move|p2a: Shaymin|Air Slash|p1a: Meganium|[miss]\n|-miss|p2a: Shaymin|p1a: Meganium\n|move|p1a: Meganium|Synthesis|p1a: Meganium\n|-heal|p1a: Meganium|200/290\n|\n|-heal|p1a: Meganium|218/290|[from] item: Leftovers\n|upkeep\n|turn|16\n|\n|t:|1781442578\n|move|p2a: Shaymin|Air Slash|p1a: Meganium\n|-supereffective|p1a: Meganium\n|-damage|p1a: Meganium|92/290\n|cant|p1a: Meganium|flinch\n|\n|-heal|p1a: Meganium|110/290|[from] item: Leftovers\n|upkeep\n|turn|17\n|\n|t:|1781442581\n|move|p2a: Shaymin|Air Slash|p1a: Meganium\n|-supereffective|p1a: Meganium\n|-damage|p1a: Meganium|0 fnt\n|faint|p1a: Meganium\n|\n|upkeep\n|\n|t:|1781442583\n|switch|p1a: Snorlax|Snorlax, L82, M|397/397\n|-activate|p1a: Snorlax|move: Sticky Web\n|-unboost|p1a: Snorlax|spe|1\n|turn|18\n|\n|t:|1781442586\n|move|p2a: Shaymin|Seed Flare|p1a: Snorlax\n|-damage|p1a: Snorlax|297/397\n|-unboost|p1a: Snorlax|spd|2\n|move|p1a: Snorlax|Body Slam|p2a: Shaymin\n|-damage|p2a: Shaymin|142/266\n|\n|-heal|p1a: Snorlax|321/397|[from] item: Leftovers\n|upkeep\n|turn|19\n|\n|t:|1781442593\n|move|p2a: Shaymin|Air Slash|p1a: Snorlax\n|-damage|p1a: Snorlax|188/397\n|move|p1a: Snorlax|Body Slam|p2a: Shaymin\n|-damage|p2a: Shaymin|21/266\n|-status|p2a: Shaymin|par\n|\n|-heal|p1a: Snorlax|212/397|[from] item: Leftovers\n|upkeep\n|turn|20\n|\n|t:|1781442598\n|cant|p2a: Shaymin|par\n|move|p1a: Snorlax|Rest|p1a: Snorlax\n|-status|p1a: Snorlax|slp|[from] move: Rest\n|-heal|p1a: Snorlax|397/397 slp|[silent]\n|\n|upkeep\n|turn|21\n|\n|t:|1781442610\n|switch|p1a: Quagsire|Quagsire, L84, M|132/297\n|-activate|p1a: Quagsire|move: Sticky Web\n|-unboost|p1a: Quagsire|spe|1\n|move|p2a: Shaymin|Seed Flare|p1a: Quagsire\n|-supereffective|p1a: Quagsire\n|-damage|p1a: Quagsire|0 fnt\n|faint|p1a: Quagsire\n|\n|upkeep\n|\n|t:|1781442614\n|switch|p1a: Luvdisc|Luvdisc, F|3/247\n|turn|22\n|\n|t:|1781442617\n|move|p1a: Luvdisc|Surf|p2a: Shaymin\n|-resisted|p2a: Shaymin\n|-damage|p2a: Shaymin|0 fnt\n|faint|p2a: Shaymin\n|\n|upkeep\n|\n|t:|1781442618\n|switch|p2a: Scizor|Scizor, L79, F|94/240\n|turn|23\n|\n|t:|1781442624\n|move|p2a: Scizor|Bullet Punch|p1a: Luvdisc\n|-resisted|p1a: Luvdisc\n|-damage|p1a: Luvdisc|0 fnt\n|faint|p1a: Luvdisc\n|\n|upkeep\n|\n|t:|1781442625\n|switch|p1a: Pyroar|Pyroar, L88, M|295/295\n|-ability|p1a: Pyroar|Unnerve\n|turn|24\n|\n|t:|1781442630\n|switch|p2a: Chansey|Chansey, L85, F|564/564\n|move|p1a: Pyroar|Work Up|p1a: Pyroar\n|-boost|p1a: Pyroar|atk|1\n|-boost|p1a: Pyroar|spa|1\n|\n|upkeep\n|turn|25\n|\n|t:|1781442636\n|switch|p1a: Snorlax|Snorlax, L82, M|397/397 slp\n|-activate|p1a: Snorlax|move: Sticky Web\n|-unboost|p1a: Snorlax|spe|1\n|move|p2a: Chansey|Stealth Rock|p1a: Snorlax\n|-sidestart|p1: pagenfranskane|move: Stealth Rock\n|\n|upkeep\n|turn|26\n|\n|t:|1781442639\n|switch|p2a: Swampert|Swampert, L83, F|302/302\n|cant|p1a: Snorlax|slp\n|move|p1a: Snorlax|Sleep Talk|p1a: Snorlax\n|move|p1a: Snorlax|Curse|p1a: Snorlax|[from] move: Sleep Talk\n|-unboost|p1a: Snorlax|spe|1\n|-boost|p1a: Snorlax|atk|1\n|-boost|p1a: Snorlax|def|1\n|\n|upkeep\n|turn|27\n|\n|t:|1781442644\n|move|p2a: Swampert|Knock Off|p1a: Snorlax\n|-damage|p1a: Snorlax|335/397 slp\n|-enditem|p1a: Snorlax|Leftovers|[from] move: Knock Off|[of] p2a: Swampert\n|cant|p1a: Snorlax|slp\n|move|p1a: Snorlax|Sleep Talk|p1a: Snorlax\n|move|p1a: Snorlax|Rest||[from] move: Sleep Talk|[still]\n|-fail|p1a: Snorlax\n|\n|upkeep\n|turn|28\n|\n|t:|1781442648\n|-curestatus|p1a: Snorlax|slp|[msg]\n|move|p1a: Snorlax|Body Slam|p2a: Swampert\n|-damage|p2a: Swampert|157/302\n|move|p2a: Swampert|Roar|p1a: Snorlax\n|drag|p1a: Pyroar|Pyroar, L88, M|295/295\n|-ability|p1a: Pyroar|Unnerve\n|\n|-heal|p2a: Swampert|175/302|[from] item: Leftovers\n|upkeep\n|turn|29\n|\n|t:|1781442654\n|move|p1a: Pyroar|Will-O-Wisp|p2a: Swampert\n|-status|p2a: Swampert|brn\n|move|p2a: Swampert|Knock Off|p1a: Pyroar\n|-damage|p1a: Pyroar|250/295\n|-enditem|p1a: Pyroar|Heavy-Duty Boots|[from] move: Knock Off|[of] p2a: Swampert\n|\n|-heal|p2a: Swampert|193/302 brn|[from] item: Leftovers\n|-damage|p2a: Swampert|175/302 brn|[from] brn\n|upkeep\n|turn|30\n|\n|t:|1781442660\n|move|p1a: Pyroar|Work Up|p1a: Pyroar\n|-boost|p1a: Pyroar|atk|1\n|-boost|p1a: Pyroar|spa|1\n|move|p2a: Swampert|Roar|p1a: Pyroar\n|drag|p1a: Snorlax|Snorlax, L82, M|335/397\n|-activate|p1a: Snorlax|move: Sticky Web\n|-unboost|p1a: Snorlax|spe|1\n|-damage|p1a: Snorlax|286/397|[from] Stealth Rock\n|\n|-heal|p2a: Swampert|193/302 brn|[from] item: Leftovers\n|-damage|p2a: Swampert|175/302 brn|[from] brn\n|upkeep\n|turn|31\n|\n|t:|1781442664\n|move|p1a: Snorlax|Curse|p1a: Snorlax\n|-unboost|p1a: Snorlax|spe|1\n|-boost|p1a: Snorlax|atk|1\n|-boost|p1a: Snorlax|def|1\n|move|p2a: Swampert|Roar|p1a: Snorlax\n|drag|p1a: Pyroar|Pyroar, L88, M|250/295\n|-ability|p1a: Pyroar|Unnerve\n|-activate|p1a: Pyroar|move: Sticky Web\n|-unboost|p1a: Pyroar|spe|1\n|-damage|p1a: Pyroar|177/295|[from] Stealth Rock\n|\n|-heal|p2a: Swampert|193/302 brn|[from] item: Leftovers\n|-damage|p2a: Swampert|175/302 brn|[from] brn\n|upkeep\n|turn|32\n|\n|t:|1781442667\n|move|p1a: Pyroar|Hyper Voice|p2a: Swampert\n|-damage|p2a: Swampert|67/302 brn\n|move|p2a: Swampert|Roar|p1a: Pyroar\n|drag|p1a: Snorlax|Snorlax, L82, M|286/397\n|-activate|p1a: Snorlax|move: Sticky Web\n|-unboost|p1a: Snorlax|spe|1\n|-damage|p1a: Snorlax|237/397|[from] Stealth Rock\n|\n|-heal|p2a: Swampert|85/302 brn|[from] item: Leftovers\n|-damage|p2a: Swampert|67/302 brn|[from] brn\n|upkeep\n|turn|33\n|\n|t:|1781442673\n|move|p1a: Snorlax|Body Slam|p2a: Swampert\n|-damage|p2a: Swampert|0 fnt\n|faint|p2a: Swampert\n|\n|upkeep\n|\n|t:|1781442676\n|switch|p2a: Scizor|Scizor, L79, F|94/240\n|turn|34\n|\n|t:|1781442683\n|switch|p1a: Pyroar|Pyroar, L88, M|177/295\n|-ability|p1a: Pyroar|Unnerve\n|-activate|p1a: Pyroar|move: Sticky Web\n|-unboost|p1a: Pyroar|spe|1\n|-damage|p1a: Pyroar|104/295|[from] Stealth Rock\n|move|p2a: Scizor|Close Combat|p1a: Pyroar\n|-supereffective|p1a: Pyroar\n|-damage|p1a: Pyroar|0 fnt\n|-unboost|p2a: Scizor|def|1\n|-unboost|p2a: Scizor|spd|1\n|faint|p1a: Pyroar\n|\n|upkeep\n|\n|t:|1781442685\n|switch|p1a: Snorlax|Snorlax, L82, M|237/397\n|-activate|p1a: Snorlax|move: Sticky Web\n|-unboost|p1a: Snorlax|spe|1\n|-damage|p1a: Snorlax|188/397|[from] Stealth Rock\n|turn|35\n|\n|t:|1781442687\n|-terastallize|p1a: Snorlax|Fairy\n|move|p2a: Scizor|Close Combat|p1a: Snorlax\n|-resisted|p1a: Snorlax\n|-damage|p1a: Snorlax|123/397\n|-unboost|p2a: Scizor|def|1\n|-unboost|p2a: Scizor|spd|1\n|move|p1a: Snorlax|Rest|p1a: Snorlax\n|-status|p1a: Snorlax|slp|[from] move: Rest\n|-heal|p1a: Snorlax|397/397 slp|[silent]\n|\n|upkeep\n|turn|36\n|\n|t:|1781442692\n|move|p2a: Scizor|Bullet Punch|p1a: Snorlax\n|-supereffective|p1a: Snorlax\n|-damage|p1a: Snorlax|205/397 slp\n|cant|p1a: Snorlax|slp\n|move|p1a: Snorlax|Sleep Talk|p1a: Snorlax\n|move|p1a: Snorlax|Rest||[from] move: Sleep Talk|[still]\n|-fail|p1a: Snorlax\n|\n|upkeep\n|turn|37\n|\n|t:|1781442695\n|move|p2a: Scizor|Bullet Punch|p1a: Snorlax\n|-supereffective|p1a: Snorlax\n|-damage|p1a: Snorlax|13/397 slp\n|cant|p1a: Snorlax|slp\n|move|p1a: Snorlax|Sleep Talk|p1a: Snorlax\n|move|p1a: Snorlax|Rest||[from] move: Sleep Talk|[still]\n|-fail|p1a: Snorlax\n|\n|upkeep\n|turn|38\n|\n|t:|1781442697\n|move|p2a: Scizor|Bullet Punch|p1a: Snorlax\n|-supereffective|p1a: Snorlax\n|-damage|p1a: Snorlax|0 fnt\n|faint|p1a: Snorlax\n|\n|win|Gaaraks\n", "uploadtime": 1781442445, "views": 3, "formatid": "gen9randombattle", "rating": null, "private": 0, "password": null}