{"id": "gen9randombattle-2631433299", "format": "[Gen 9] Random Battle", "players": ["fosdfo", "indias last hope"], "log": "|j|\u2606fosdfo\n|j|\u2606indias last hope\n|t:|1781384073\n|gametype|singles\n|player|p1|fosdfo|266|2232\n|player|p2|indias last hope|policeman-gen4|2259\n|gen|9\n|tier|[Gen 9] Random Battle\n|rated|\n|rule|Species Clause: Limit one of each Pok\u00e9mon\n|rule|HP Percentage Mod: HP is shown in percentages\n|rule|Sleep Clause Mod: Limit one foe put to sleep\n|rule|Illusion Level Mod: Illusion disguises the Pok\u00e9mon's true level\n|\n|t:|1781384073\n|teamsize|p1|6\n|teamsize|p2|6\n|start\n|switch|p1a: Venomoth|Venomoth, L84, F|255/255\n|switch|p2a: Ambipom|Ambipom, L84, M|263/263\n|turn|1\n|j| rufoush\n|\n|t:|1781384156\n|switch|p1a: Coalossal|Coalossal, L89, F|341/341\n|move|p2a: Ambipom|Fake Out|p1a: Coalossal\n|-resisted|p1a: Coalossal\n|-damage|p1a: Coalossal|312/341\n|\n|upkeep\n|turn|2\n|\n|t:|1781384173\n|switch|p2a: Kyurem|Kyurem, L77|319/319\n|-ability|p2a: Kyurem|Pressure\n|move|p1a: Coalossal|Spikes|p2a: Kyurem\n|-sidestart|p2: indias last hope|Spikes\n|\n|upkeep\n|turn|3\n|j| Kyoshi3\n|\n|t:|1781384189\n|switch|p1a: Lumineon|Lumineon, L93, F|279/279\n|move|p2a: Kyurem|Draco Meteor|p1a: Lumineon\n|-damage|p1a: Lumineon|90/279\n|-unboost|p2a: Kyurem|spa|2\n|\n|upkeep\n|turn|4\n|\n|t:|1781384204\n|move|p1a: Lumineon|Alluring Voice|p2a: Kyurem\n|-supereffective|p2a: Kyurem\n|-damage|p2a: Kyurem|163/319\n|-damage|p1a: Lumineon|63/279|[from] item: Life Orb\n|move|p2a: Kyurem|Draco Meteor|p1a: Lumineon\n|-damage|p1a: Lumineon|0 fnt\n|-unboost|p2a: Kyurem|spa|2\n|faint|p1a: Lumineon\n|\n|upkeep\n|\n|t:|1781384217\n|switch|p1a: Skuntank|Skuntank, L84, F|310/310\n|turn|5\n|\n|t:|1781384239\n|switch|p2a: Masquerain|Masquerain, L87, M|264/264\n|-ability|p2a: Masquerain|Intimidate|boost\n|-unboost|p1a: Skuntank|atk|1\n|move|p1a: Skuntank|Toxic Spikes|p2a: Masquerain\n|-sidestart|p2: indias last hope|move: Toxic Spikes\n|\n|upkeep\n|turn|6\n|\n|t:|1781384248\n|move|p1a: Skuntank|Gunk Shot|p2a: Masquerain\n|-crit|p2a: Masquerain\n|-damage|p2a: Masquerain|35/264\n|-status|p2a: Masquerain|psn\n|move|p2a: Masquerain|Quiver Dance|p2a: Masquerain\n|-boost|p2a: Masquerain|spa|1\n|-boost|p2a: Masquerain|spd|1\n|-boost|p2a: Masquerain|spe|1\n|\n|-damage|p2a: Masquerain|2/264 psn|[from] psn\n|upkeep\n|turn|7\n|\n|t:|1781384260\n|move|p2a: Masquerain|Hurricane|p1a: Skuntank\n|-damage|p1a: Skuntank|70/310\n|-start|p1a: Skuntank|confusion\n|-activate|p1a: Skuntank|confusion\n|-damage|p1a: Skuntank|46/310|[from] confusion\n|\n|-heal|p1a: Skuntank|65/310|[from] item: Leftovers\n|-damage|p2a: Masquerain|0 fnt|[from] psn\n|faint|p2a: Masquerain\n|upkeep\n|\n|t:|1781384266\n|switch|p2a: Furret|Furret, L94, F|312/312\n|-damage|p2a: Furret|273/312|[from] Spikes\n|-status|p2a: Furret|psn\n|-item|p1a: Skuntank|Leftovers|[from] ability: Frisk|[of] p2a: Furret\n|turn|8\n|\n|t:|1781384278\n|move|p2a: Furret|Tidy Up|p2a: Furret\n|-sideend|p2: indias last hope|Spikes\n|-sideend|p2: indias last hope|Toxic Spikes\n|-activate|p2a: Furret|move: Tidy Up\n|-boost|p2a: Furret|atk|1\n|-boost|p2a: Furret|spe|1\n|-end|p1a: Skuntank|confusion\n|move|p1a: Skuntank|Toxic Spikes|p2a: Furret\n|-sidestart|p2: indias last hope|move: Toxic Spikes\n|\n|-heal|p1a: Skuntank|84/310|[from] item: Leftovers\n|-damage|p2a: Furret|234/312 psn|[from] psn\n|upkeep\n|turn|9\n|\n|t:|1781384297\n|move|p2a: Furret|Double-Edge|p1a: Skuntank\n|-damage|p1a: Skuntank|0 fnt\n|-damage|p2a: Furret|156/312 psn|[from] ability: Aftermath|[of] p1a: Skuntank\n|faint|p1a: Skuntank\n|-damage|p2a: Furret|128/312 psn|[from] Recoil\n|-damage|p2a: Furret|97/312 psn|[from] item: Life Orb\n|\n|-damage|p2a: Furret|58/312 psn|[from] psn\n|upkeep\n|\n|t:|1781384304\n|switch|p1a: Coalossal|Coalossal, L89, F|312/341\n|turn|10\n|\n|t:|1781384314\n|move|p2a: Furret|Tidy Up|p2a: Furret\n|-sideend|p2: indias last hope|Toxic Spikes\n|-activate|p2a: Furret|move: Tidy Up\n|-boost|p2a: Furret|atk|1\n|-boost|p2a: Furret|spe|1\n|move|p1a: Coalossal|Spikes|p2a: Furret\n|-sidestart|p2: indias last hope|Spikes\n|\n|-damage|p2a: Furret|19/312 psn|[from] psn\n|upkeep\n|turn|11\n|\n|t:|1781384322\n|move|p2a: Furret|Brick Break|p1a: Coalossal\n|-supereffective|p1a: Coalossal\n|-damage|p1a: Coalossal|112/341\n|-damage|p2a: Furret|0 fnt|[from] item: Life Orb\n|faint|p2a: Furret\n|move|p1a: Coalossal|Rapid Spin|p2: Furret|[notarget]\n|-fail|p1a: Coalossal\n|\n|upkeep\n|\n|t:|1781384334\n|switch|p2a: Calyrex|Calyrex-Shadow, L64|235/235\n|-ability|p2a: Calyrex|As One\n|-ability|p2a: Calyrex|Unnerve\n|-damage|p2a: Calyrex|206/235|[from] Spikes\n|turn|12\n|\n|t:|1781384341\n|move|p2a: Calyrex|Nasty Plot|p2a: Calyrex\n|-boost|p2a: Calyrex|spa|2\n|move|p1a: Coalossal|Stone Edge|p2a: Calyrex|[miss]\n|-miss|p1a: Coalossal|p2a: Calyrex\n|\n|upkeep\n|turn|13\n|\n|t:|1781384346\n|move|p2a: Calyrex|Astral Barrage|p1a: Coalossal\n|-damage|p1a: Coalossal|0 fnt\n|faint|p1a: Coalossal\n|-ability|p2a: Calyrex|Grim Neigh|boost\n|-boost|p2a: Calyrex|spa|1\n|-damage|p2a: Calyrex|183/235|[from] item: Life Orb\n|\n|upkeep\n|-message|fosdfo forfeited.\n|\n|win|indias last hope\n|raw|fosdfo's rating: 2232 &rarr; <strong>2212</strong><br />(-20 for losing)\n|raw|indias last hope's rating: 2239 &rarr; <strong>2259</strong><br />(+20 for winning)\n", "uploadtime": 1781384075, "views": 10, "formatid": "gen9randombattle", "rating": 2212, "private": 0, "password": null}