{"id": "gen9randombattle-2631952117", "format": "[Gen 9] Random Battle", "players": ["haibaraa", "gangsta spongebob"], "log": "|j|\u2606haibaraa\n|j|\u2606gangsta spongebob\n|t:|1781459252\n|gametype|singles\n|player|p1|haibaraa|unknownf|1976\n|player|p2|gangsta spongebob|101|2033\n|gen|9\n|tier|[Gen 9] Random Battle\n|rated|\n|rule|Species Clause: Limit one of each Pok\u00e9mon\n|rule|HP Percentage Mod: HP is shown in percentages\n|rule|Sleep Clause Mod: Limit one foe put to sleep\n|rule|Illusion Level Mod: Illusion disguises the Pok\u00e9mon's true level\n|\n|t:|1781459253\n|teamsize|p1|6\n|teamsize|p2|6\n|start\n|switch|p1a: Hawlucha|Hawlucha, L80, M|256/256\n|switch|p2a: Abomasnow|Abomasnow, L84, F|287/287\n|-weather|Snowscape|[from] ability: Snow Warning|[of] p2a: Abomasnow\n|turn|1\n|c|\u2606gangsta spongebob|gl hf\n|\n|t:|1781459260\n|switch|p1a: Skuntank|Skuntank, L84, M|310/310\n|move|p2a: Abomasnow|Aurora Veil|p2a: Abomasnow\n|-sidestart|p2: gangsta spongebob|move: Aurora Veil\n|\n|-weather|Snowscape|[upkeep]\n|upkeep\n|turn|2\n|c|\u2606haibaraa|gl bg\n|\n|t:|1781459269\n|switch|p2a: Avalugg|Avalugg-Hisui, L90, M|317/317\n|move|p1a: Skuntank|Knock Off|p2a: Avalugg\n|-damage|p2a: Avalugg|300/317\n|-enditem|p2a: Avalugg|Heavy-Duty Boots|[from] move: Knock Off|[of] p1a: Skuntank\n|\n|-weather|Snowscape|[upkeep]\n|upkeep\n|turn|3\n|\n|t:|1781459277\n|switch|p1a: Kilowattrel|Kilowattrel, L83, F|252/252\n|move|p2a: Avalugg|Stone Edge|p1a: Kilowattrel|[miss]\n|-miss|p2a: Avalugg|p1a: Kilowattrel\n|\n|-weather|Snowscape|[upkeep]\n|upkeep\n|turn|4\n|\n|t:|1781459285\n|move|p1a: Kilowattrel|U-turn|p2a: Avalugg\n|-damage|p2a: Avalugg|293/317\n|\n|t:|1781459287\n|switch|p1a: Samurott|Samurott, L88, M|310/310|[from] U-turn\n|move|p2a: Avalugg|Avalanche|p1a: Samurott\n|-resisted|p1a: Samurott\n|-damage|p1a: Samurott|266/310\n|\n|-weather|Snowscape|[upkeep]\n|upkeep\n|turn|5\n|\n|t:|1781459292\n|move|p1a: Samurott|Swords Dance|p1a: Samurott\n|-boost|p1a: Samurott|atk|2\n|move|p2a: Avalugg|Stone Edge|p1a: Samurott\n|-damage|p1a: Samurott|107/310\n|\n|-weather|none\n|upkeep\n|turn|6\n|\n|t:|1781459295\n|switch|p2a: Mismagius|Mismagius, L86, F|243/243\n|move|p1a: Samurott|Sacred Sword|p2a: Mismagius\n|-immune|p2a: Mismagius\n|\n|upkeep\n|turn|7\n|\n|t:|1781459305\n|switch|p1a: Kilowattrel|Kilowattrel, L83, F|252/252\n|move|p2a: Mismagius|Shadow Ball|p1a: Kilowattrel\n|-damage|p1a: Kilowattrel|92/252\n|-unboost|p1a: Kilowattrel|spd|1\n|-damage|p2a: Mismagius|219/243|[from] item: Life Orb\n|\n|upkeep\n|turn|8\n|\n|t:|1781459310\n|move|p1a: Kilowattrel|U-turn|p2a: Mismagius\n|-resisted|p2a: Mismagius\n|-damage|p2a: Mismagius|208/243\n|\n|t:|1781459313\n|switch|p1a: Skuntank|Skuntank, L84, M|310/310|[from] U-turn\n|move|p2a: Mismagius|Shadow Ball|p1a: Skuntank\n|-resisted|p1a: Skuntank\n|-damage|p1a: Skuntank|224/310\n|-damage|p2a: Mismagius|184/243|[from] item: Life Orb\n|\n|-heal|p1a: Skuntank|243/310|[from] item: Leftovers\n|-sideend|p2: gangsta spongebob|move: Aurora Veil\n|upkeep\n|turn|9\n|\n|t:|1781459316\n|switch|p2a: Avalugg|Avalugg-Hisui, L90, M|293/317\n|move|p1a: Skuntank|Toxic Spikes|p2a: Avalugg\n|-sidestart|p2: gangsta spongebob|move: Toxic Spikes\n|\n|-heal|p1a: Skuntank|262/310|[from] item: Leftovers\n|upkeep\n|turn|10\n|\n|t:|1781459324\n|switch|p1a: Samurott|Samurott, L88, M|107/310\n|move|p2a: Avalugg|Rapid Spin|p1a: Samurott\n|-damage|p1a: Samurott|58/310\n|-boost|p2a: Avalugg|spe|1\n|-sideend|p2: gangsta spongebob|Toxic Spikes|[from] move: Rapid Spin|[of] p2a: Avalugg\n|\n|upkeep\n|turn|11\n|\n|t:|1781459331\n|move|p2a: Avalugg|Stone Edge|p1a: Samurott\n|-damage|p1a: Samurott|0 fnt\n|faint|p1a: Samurott\n|\n|upkeep\n|\n|t:|1781459333\n|switch|p1a: Kilowattrel|Kilowattrel, L83, F|92/252\n|turn|12\n|\n|t:|1781459337\n|move|p1a: Kilowattrel|Thunderbolt|p2a: Avalugg\n|-damage|p2a: Avalugg|139/317\n|-status|p2a: Avalugg|par\n|move|p2a: Avalugg|Avalanche|p1a: Kilowattrel\n|-supereffective|p1a: Kilowattrel\n|-damage|p1a: Kilowattrel|0 fnt\n|faint|p1a: Kilowattrel\n|\n|upkeep\n|\n|t:|1781459342\n|switch|p1a: Gogoat|Gogoat, L88, F|360/360\n|turn|13\n|\n|t:|1781459351\n|switch|p2a: Abomasnow|Abomasnow, L84, F|287/287\n|-weather|Snowscape|[from] ability: Snow Warning|[of] p2a: Abomasnow\n|move|p1a: Gogoat|Bulk Up|p1a: Gogoat\n|-boost|p1a: Gogoat|atk|1\n|-boost|p1a: Gogoat|def|1\n|\n|-weather|Snowscape|[upkeep]\n|upkeep\n|turn|14\n|\n|t:|1781459353\n|move|p1a: Gogoat|Rock Slide|p2a: Abomasnow\n|-supereffective|p2a: Abomasnow\n|-damage|p2a: Abomasnow|161/287\n|move|p2a: Abomasnow|Aurora Veil|p2a: Abomasnow\n|-sidestart|p2: gangsta spongebob|move: Aurora Veil\n|\n|-weather|Snowscape|[upkeep]\n|upkeep\n|turn|15\n|\n|t:|1781459357\n|move|p1a: Gogoat|Rock Slide|p2a: Abomasnow\n|-supereffective|p2a: Abomasnow\n|-damage|p2a: Abomasnow|92/287\n|cant|p2a: Abomasnow|flinch\n|\n|-weather|Snowscape|[upkeep]\n|upkeep\n|turn|16\n|\n|t:|1781459361\n|move|p1a: Gogoat|Rock Slide|p2a: Abomasnow|[miss]\n|-miss|p1a: Gogoat|p2a: Abomasnow\n|move|p2a: Abomasnow|Blizzard|p1a: Gogoat\n|-supereffective|p1a: Gogoat\n|-damage|p1a: Gogoat|130/360\n|-status|p1a: Gogoat|frz\n|\n|-weather|Snowscape|[upkeep]\n|-heal|p1a: Gogoat|152/360 frz|[from] item: Leftovers\n|upkeep\n|turn|17\n|\n|t:|1781459363\n|cant|p1a: Gogoat|frz\n|move|p2a: Abomasnow|Blizzard|p1a: Gogoat\n|-supereffective|p1a: Gogoat\n|-damage|p1a: Gogoat|0 fnt\n|faint|p1a: Gogoat\n|\n|-weather|none\n|upkeep\n|\n|t:|1781459372\n|switch|p1a: Skuntank|Skuntank, L84, M|262/310\n|turn|18\n|\n|t:|1781459376\n|switch|p2a: Avalugg|Avalugg-Hisui, L90, M|139/317 par\n|move|p1a: Skuntank|Gunk Shot|p2a: Avalugg|[miss]\n|-miss|p1a: Skuntank|p2a: Avalugg\n|\n|-heal|p1a: Skuntank|281/310|[from] item: Leftovers\n|upkeep\n|turn|19\n|\n|t:|1781459380\n|switch|p1a: Hawlucha|Hawlucha, L80, M|256/256\n|move|p2a: Avalugg|Recover|p2a: Avalugg\n|-heal|p2a: Avalugg|298/317 par\n|\n|upkeep\n|turn|20\n|\n|t:|1781459384\n|-terastallize|p1a: Hawlucha|Fighting\n|move|p1a: Hawlucha|Swords Dance|p1a: Hawlucha\n|-boost|p1a: Hawlucha|atk|2\n|cant|p2a: Avalugg|par\n|\n|upkeep\n|turn|21\n|\n|t:|1781459392\n|-terastallize|p2a: Avalugg|Ghost\n|move|p1a: Hawlucha|Close Combat|p2a: Avalugg\n|-immune|p2a: Avalugg\n|move|p2a: Avalugg|Avalanche|p1a: Hawlucha\n|-damage|p1a: Hawlucha|150/256\n|\n|-sideend|p2: gangsta spongebob|move: Aurora Veil\n|upkeep\n|turn|22\n|-message|haibaraa forfeited.\n|\n|win|gangsta spongebob\n", "uploadtime": 1781459254, "views": 3, "formatid": "gen9randombattle", "rating": null, "private": 0, "password": null}