{"id": "gen9randombattle-2631785882", "format": "[Gen 9] Random Battle", "players": ["ratti17", "pelusimp"], "log": "|j|\u2606ratti17\n|j|\u2606pelusimp\n|t:|1781439399\n|gametype|singles\n|player|p1|ratti17|swimmerf|1261\n|player|p2|pelusimp|roxie|1312\n|gen|9\n|tier|[Gen 9] Random Battle\n|rated|\n|rule|Species Clause: Limit one of each Pok\u00e9mon\n|rule|HP Percentage Mod: HP is shown in percentages\n|rule|Sleep Clause Mod: Limit one foe put to sleep\n|rule|Illusion Level Mod: Illusion disguises the Pok\u00e9mon's true level\n|\n|t:|1781439399\n|teamsize|p1|6\n|teamsize|p2|6\n|start\n|switch|p1a: Yanmega|Yanmega, L82, F|275/275\n|switch|p2a: Venomoth|Venomoth, L84, F|255/255\n|turn|1\n|\n|t:|1781439416\n|move|p1a: Yanmega|Air Slash|p2a: Venomoth\n|-supereffective|p2a: Venomoth\n|-damage|p2a: Venomoth|75/255\n|move|p2a: Venomoth|Sleep Powder|p1a: Yanmega\n|-status|p1a: Yanmega|slp|[from] move: Sleep Powder\n|\n|-ability|p1a: Yanmega|Speed Boost|boost\n|-boost|p1a: Yanmega|spe|1\n|upkeep\n|turn|2\n|inactive|Battle timer is ON: inactive players will automatically lose when time's up. (requested by pelusimp)\n|\n|t:|1781439426\n|switch|p2a: Honchkrow|Honchkrow, L86, M|312/312\n|cant|p1a: Yanmega|slp\n|\n|-ability|p1a: Yanmega|Speed Boost|boost\n|-boost|p1a: Yanmega|spe|1\n|upkeep\n|turn|3\n|\n|t:|1781439431\n|cant|p1a: Yanmega|slp\n|move|p2a: Honchkrow|Heat Wave|p1a: Yanmega\n|-supereffective|p1a: Yanmega\n|-damage|p1a: Yanmega|45/275 slp\n|\n|-ability|p1a: Yanmega|Speed Boost|boost\n|-boost|p1a: Yanmega|spe|1\n|upkeep\n|turn|4\n|\n|t:|1781439438\n|cant|p1a: Yanmega|slp\n|move|p2a: Honchkrow|U-turn|p1a: Yanmega\n|-resisted|p1a: Yanmega\n|-damage|p1a: Yanmega|14/275 slp\n|\n|t:|1781439452\n|switch|p2a: Venomoth|Venomoth, L84, F|75/255|[from] U-turn\n|\n|-ability|p1a: Yanmega|Speed Boost|boost\n|-boost|p1a: Yanmega|spe|1\n|upkeep\n|turn|5\n|\n|t:|1781439457\n|-curestatus|p1a: Yanmega|slp|[msg]\n|move|p1a: Yanmega|Air Slash|p2a: Venomoth\n|-supereffective|p2a: Venomoth\n|-damage|p2a: Venomoth|0 fnt\n|faint|p2a: Venomoth\n|\n|-ability|p1a: Yanmega|Speed Boost|boost\n|-boost|p1a: Yanmega|spe|1\n|upkeep\n|\n|t:|1781439460\n|switch|p2a: Honchkrow|Honchkrow, L86, M|312/312\n|turn|6\n|\n|t:|1781439467\n|move|p1a: Yanmega|Protect|p1a: Yanmega\n|-singleturn|p1a: Yanmega|Protect\n|move|p2a: Honchkrow|Sucker Punch||[still]\n|-fail|p2a: Honchkrow\n|\n|-ability|p1a: Yanmega|Speed Boost|boost\n|-boost|p1a: Yanmega|spe|1\n|upkeep\n|turn|7\n|\n|t:|1781439476\n|move|p1a: Yanmega|Bug Buzz|p2a: Honchkrow\n|-damage|p2a: Honchkrow|164/312\n|move|p2a: Honchkrow|Brave Bird|p1a: Yanmega\n|-supereffective|p1a: Yanmega\n|-damage|p1a: Yanmega|0 fnt\n|faint|p1a: Yanmega\n|-ability|p2a: Honchkrow|Moxie|boost\n|-boost|p2a: Honchkrow|atk|1\n|-damage|p2a: Honchkrow|159/312|[from] Recoil\n|\n|upkeep\n|\n|t:|1781439494\n|switch|p1a: Ribombee|Ribombee, L83, F|235/235\n|turn|8\n|\n|t:|1781439499\n|move|p1a: Ribombee|Moonblast|p2a: Honchkrow\n|-supereffective|p2a: Honchkrow\n|-damage|p2a: Honchkrow|0 fnt\n|faint|p2a: Honchkrow\n|\n|upkeep\n|\n|t:|1781439506\n|switch|p2a: Cinderace|Cinderace, L77, M|250/250\n|turn|9\n|\n|t:|1781439520\n|switch|p1a: Espeon|Espeon, L84, F|246/246\n|move|p2a: Cinderace|Pyro Ball|p1a: Espeon\n|-damage|p1a: Espeon|77/246\n|\n|upkeep\n|turn|10\n|\n|t:|1781439529\n|switch|p2a: Mesprit|Mesprit, L85|275/275\n|move|p1a: Espeon|Psychic|p2a: Mesprit\n|-resisted|p2a: Mesprit\n|-damage|p2a: Mesprit|201/275\n|-damage|p1a: Espeon|53/246|[from] item: Life Orb\n|\n|-heal|p2a: Mesprit|218/275|[from] item: Leftovers\n|upkeep\n|turn|11\n|\n|t:|1781439540\n|move|p1a: Espeon|Shadow Ball|p2a: Mesprit\n|-supereffective|p2a: Mesprit\n|-damage|p2a: Mesprit|65/275\n|-unboost|p2a: Mesprit|spd|1\n|-damage|p1a: Espeon|29/246|[from] item: Life Orb\n|move|p2a: Mesprit|Knock Off|p1a: Espeon\n|-supereffective|p1a: Espeon\n|-damage|p1a: Espeon|0 fnt\n|-enditem|p1a: Espeon|Life Orb|[from] move: Knock Off|[of] p2a: Mesprit\n|faint|p1a: Espeon\n|\n|-heal|p2a: Mesprit|82/275|[from] item: Leftovers\n|upkeep\n|\n|t:|1781439553\n|switch|p1a: Mismagius|Mismagius, L86, F|243/243\n|turn|12\n|\n|t:|1781439559\n|move|p1a: Mismagius|Nasty Plot|p1a: Mismagius\n|-boost|p1a: Mismagius|spa|2\n|move|p2a: Mesprit|Knock Off|p1a: Mismagius\n|-supereffective|p1a: Mismagius\n|-damage|p1a: Mismagius|51/243\n|-enditem|p1a: Mismagius|Life Orb|[from] move: Knock Off|[of] p2a: Mesprit\n|\n|-heal|p2a: Mesprit|99/275|[from] item: Leftovers\n|upkeep\n|turn|13\n|\n|t:|1781439567\n|move|p1a: Mismagius|Shadow Ball|p2a: Mesprit\n|-supereffective|p2a: Mesprit\n|-damage|p2a: Mesprit|0 fnt\n|faint|p2a: Mesprit\n|\n|upkeep\n|\n|t:|1781439576\n|switch|p2a: Arceus|Arceus-Ghost, L69|280/280\n|turn|14\n|\n|t:|1781439584\n|-terastallize|p2a: Arceus|Dark\n|move|p1a: Mismagius|Shadow Ball|p2a: Arceus\n|-resisted|p2a: Arceus\n|-damage|p2a: Arceus|183/280\n|move|p2a: Arceus|Judgment|p1a: Mismagius\n|-supereffective|p1a: Mismagius\n|-damage|p1a: Mismagius|0 fnt\n|faint|p1a: Mismagius\n|\n|upkeep\n|\n|t:|1781439598\n|switch|p1a: Ribombee|Ribombee, L83, F|235/235\n|turn|15\n|\n|t:|1781439603\n|switch|p2a: Cinderace|Cinderace, L77, M|250/250\n|move|p1a: Ribombee|Sticky Web|p2a: Cinderace\n|-sidestart|p2: pelusimp|move: Sticky Web\n|\n|upkeep\n|turn|16\n|\n|t:|1781439615\n|move|p1a: Ribombee|U-turn|p2a: Cinderace\n|-resisted|p2a: Cinderace\n|-damage|p2a: Cinderace|223/250\n|\n|t:|1781439618\n|switch|p1a: Honchkrow|Honchkrow, L86, F|312/312|[from] U-turn\n|move|p2a: Cinderace|Pyro Ball|p1a: Honchkrow\n|-damage|p1a: Honchkrow|153/312\n|\n|upkeep\n|turn|17\n|\n|t:|1781439632\n|move|p2a: Cinderace|Court Change|p2a: Cinderace\n|-start|p2a: Cinderace|typechange|Normal|[from] ability: Libero\n|-swapsideconditions\n|-activate|p2a: Cinderace|move: Court Change\n|move|p1a: Honchkrow|Brave Bird|p2a: Cinderace\n|-damage|p2a: Cinderace|12/250\n|-damage|p1a: Honchkrow|83/312|[from] Recoil\n|\n|upkeep\n|turn|18\n|\n|t:|1781439640\n|move|p1a: Honchkrow|Sucker Punch||[still]\n|-fail|p1a: Honchkrow\n|move|p2a: Cinderace|Will-O-Wisp|p1a: Honchkrow\n|-status|p1a: Honchkrow|brn\n|\n|-damage|p1a: Honchkrow|64/312 brn|[from] brn\n|upkeep\n|turn|19\n|\n|t:|1781439650\n|switch|p2a: Arceus|Arceus-Ghost, L69, tera:Dark|183/280\n|move|p1a: Honchkrow|Sucker Punch||[still]\n|-fail|p1a: Honchkrow\n|\n|-damage|p1a: Honchkrow|45/312 brn|[from] brn\n|upkeep\n|turn|20\n|\n|t:|1781439660\n|move|p2a: Arceus|Judgment|p1a: Honchkrow\n|-resisted|p1a: Honchkrow\n|-damage|p1a: Honchkrow|0 fnt\n|faint|p1a: Honchkrow\n|\n|upkeep\n|\n|t:|1781439666\n|switch|p1a: Ribombee|Ribombee, L83, F|235/235\n|turn|21\n|\n|t:|1781439671\n|move|p1a: Ribombee|Sticky Web|p2a: Arceus\n|-sidestart|p2: pelusimp|move: Sticky Web\n|move|p2a: Arceus|Judgment|p1a: Ribombee\n|-damage|p1a: Ribombee|114/235\n|\n|upkeep\n|turn|22\n|\n|t:|1781439678\n|move|p1a: Ribombee|Moonblast|p2a: Arceus\n|-supereffective|p2a: Arceus\n|-damage|p2a: Arceus|1/280\n|move|p2a: Arceus|Judgment|p1a: Ribombee\n|-damage|p1a: Ribombee|0 fnt\n|faint|p1a: Ribombee\n|\n|upkeep\n|\n|t:|1781439685\n|switch|p1a: Iron Crown|Iron Crown, L78|268/268\n|-activate|p1a: Iron Crown|move: Sticky Web\n|-unboost|p1a: Iron Crown|spe|1\n|turn|23\n|\n|t:|1781439692\n|move|p2a: Arceus|Will-O-Wisp|p1a: Iron Crown\n|-status|p1a: Iron Crown|brn\n|move|p1a: Iron Crown|Tachyon Cutter|p2a: Arceus\n|-damage|p2a: Arceus|0 fnt\n|faint|p2a: Arceus\n|-hitcount|p2: Arceus|1\n|\n|-damage|p1a: Iron Crown|252/268 brn|[from] brn\n|upkeep\n|\n|t:|1781439695\n|switch|p2a: Cinderace|Cinderace, L77, M|12/250\n|turn|24\n|-message|ratti17 forfeited.\n|\n|win|pelusimp\n|raw|ratti17's rating: 1261 &rarr; <strong>1240</strong><br />(-21 for losing)\n|raw|pelusimp's rating: 1312 &rarr; <strong>1329</strong><br />(+17 for winning)\n|l|\u2606ratti17\n|player|p1|\n", "uploadtime": 1781439699, "views": 2, "formatid": "gen9randombattle", "rating": 1240, "private": 0, "password": null}