{"id": "gen9randombattle-2631449770", "format": "[Gen 9] Random Battle", "players": ["cococem", "wakandius_pmsd"], "log": "|j|\u2606cococem\n|j|\u2606wakandius_pmsd\n|t:|1781386086\n|gametype|singles\n|player|p1|cococem|2|2204\n|player|p2|wakandius_pmsd|266|2184\n|gen|9\n|tier|[Gen 9] Random Battle\n|rated|\n|rule|Species Clause: Limit one of each Pok\u00e9mon\n|rule|HP Percentage Mod: HP is shown in percentages\n|rule|Sleep Clause Mod: Limit one foe put to sleep\n|rule|Illusion Level Mod: Illusion disguises the Pok\u00e9mon's true level\n|\n|t:|1781386086\n|teamsize|p1|6\n|teamsize|p2|6\n|start\n|switch|p1a: Salazzle|Salazzle, L83, F|249/249\n|switch|p2a: Golduck|Golduck, L90, M|290/290\n|-ability|p2a: Golduck|Cloud Nine\n|turn|1\n|\n|t:|1781386096\n|switch|p1a: Cryogonal|Cryogonal, L89|287/287\n|move|p2a: Golduck|Flip Turn|p1a: Cryogonal\n|-damage|p1a: Cryogonal|200/287\n|\n|t:|1781386109\n|switch|p2a: Typhlosion|Typhlosion, L84, F|267/267|[from] Flip Turn\n|\n|upkeep\n|turn|2\n|\n|t:|1781386119\n|switch|p1a: Diancie|Diancie, L82|216/216\n|move|p2a: Typhlosion|Eruption|p1a: Diancie\n|-resisted|p1a: Diancie\n|-damage|p1a: Diancie|180/216\n|\n|upkeep\n|turn|3\n|\n|t:|1781386127\n|switch|p2a: Golduck|Golduck, L90, M|290/290\n|-ability|p2a: Golduck|Cloud Nine\n|move|p1a: Diancie|Diamond Storm|p2a: Golduck\n|-damage|p2a: Golduck|181/290\n|-boost|p1a: Diancie|def|2\n|\n|upkeep\n|turn|4\n|\n|t:|1781386134\n|switch|p1a: Cryogonal|Cryogonal, L89|200/287\n|move|p2a: Golduck|Hydro Pump|p1a: Cryogonal\n|-damage|p1a: Cryogonal|56/287\n|\n|upkeep\n|turn|5\n|\n|t:|1781386142\n|switch|p2a: Swalot|Swalot, L90, F|326/326\n|move|p1a: Cryogonal|Recover|p1a: Cryogonal\n|-heal|p1a: Cryogonal|200/287\n|\n|upkeep\n|turn|6\n|\n|t:|1781386149\n|switch|p1a: Bombirdier|Bombirdier, L85, M|258/258\n|move|p2a: Swalot|Knock Off|p1a: Bombirdier\n|-resisted|p1a: Bombirdier\n|-damage|p1a: Bombirdier|225/258\n|-enditem|p1a: Bombirdier|Choice Band|[from] move: Knock Off|[of] p2a: Swalot\n|\n|upkeep\n|turn|7\n|\n|t:|1781386156\n|move|p1a: Bombirdier|Knock Off|p2a: Swalot\n|-damage|p2a: Swalot|224/326\n|-enditem|p2a: Swalot|Leftovers|[from] move: Knock Off|[of] p1a: Bombirdier\n|move|p2a: Swalot|Gunk Shot|p1a: Bombirdier\n|-damage|p1a: Bombirdier|105/258\n|\n|upkeep\n|turn|8\n|\n|t:|1781386166\n|move|p1a: Bombirdier|Brave Bird|p2a: Swalot\n|-damage|p2a: Swalot|97/326\n|-damage|p1a: Bombirdier|63/258|[from] Recoil\n|move|p2a: Swalot|Gunk Shot|p1a: Bombirdier\n|-damage|p1a: Bombirdier|0 fnt\n|faint|p1a: Bombirdier\n|\n|upkeep\n|\n|t:|1781386175\n|switch|p1a: Munkidori|Munkidori, L79, M|269/269\n|turn|9\n|\n|t:|1781386181\n|move|p1a: Munkidori|Psychic Noise|p2a: Swalot\n|-supereffective|p2a: Swalot\n|-crit|p2a: Swalot\n|-damage|p2a: Swalot|0 fnt\n|faint|p2a: Swalot\n|\n|upkeep\n|\n|t:|1781386196\n|switch|p2a: Basculegion|Basculegion, L80, M|323/323\n|turn|10\n|\n|t:|1781386202\n|move|p1a: Munkidori|U-turn|p2a: Basculegion\n|-resisted|p2a: Basculegion\n|-damage|p2a: Basculegion|299/323\n|\n|t:|1781386205\n|switch|p1a: Cryogonal|Cryogonal, L89|200/287|[from] U-turn\n|move|p2a: Basculegion|Flip Turn|p1a: Cryogonal\n|-damage|p1a: Cryogonal|84/287\n|\n|t:|1781386216\n|switch|p2a: Typhlosion|Typhlosion, L84, F|267/267|[from] Flip Turn\n|\n|upkeep\n|turn|11\n|inactive|Battle timer is ON: inactive players will automatically lose when time's up. (requested by wakandius_pmsd)\n|\n|t:|1781386233\n|switch|p2a: Golduck|Golduck, L90, M|181/290\n|-ability|p2a: Golduck|Cloud Nine\n|move|p1a: Cryogonal|Freeze-Dry|p2a: Golduck\n|-supereffective|p2a: Golduck\n|-damage|p2a: Golduck|23/290\n|\n|upkeep\n|turn|12\n|\n|t:|1781386243\n|switch|p2a: Typhlosion|Typhlosion, L84, F|267/267\n|move|p1a: Cryogonal|Freeze-Dry|p2a: Typhlosion\n|-resisted|p2a: Typhlosion\n|-damage|p2a: Typhlosion|222/267\n|\n|upkeep\n|turn|13\n|\n|t:|1781386249\n|switch|p2a: Golduck|Golduck, L90, M|23/290\n|-ability|p2a: Golduck|Cloud Nine\n|move|p1a: Cryogonal|Freeze-Dry|p2a: Golduck\n|-supereffective|p2a: Golduck\n|-damage|p2a: Golduck|0 fnt\n|faint|p2a: Golduck\n|\n|upkeep\n|\n|t:|1781386254\n|switch|p2a: Typhlosion|Typhlosion, L84, F|222/267\n|turn|14\n|\n|t:|1781386259\n|move|p2a: Typhlosion|Eruption|p1a: Cryogonal\n|-supereffective|p1a: Cryogonal\n|-damage|p1a: Cryogonal|0 fnt\n|faint|p1a: Cryogonal\n|\n|upkeep\n|\n|t:|1781386261\n|switch|p1a: Diancie|Diancie, L82|180/216\n|turn|15\n|\n|t:|1781386266\n|switch|p2a: Basculegion|Basculegion, L80, M|299/323\n|move|p1a: Diancie|Diamond Storm|p2a: Basculegion\n|-damage|p2a: Basculegion|161/323\n|\n|upkeep\n|turn|16\n|\n|t:|1781386274\n|switch|p1a: Salazzle|Salazzle, L83, F|249/249\n|move|p2a: Basculegion|Wave Crash|p1a: Salazzle\n|-supereffective|p1a: Salazzle\n|-damage|p1a: Salazzle|0 fnt\n|faint|p1a: Salazzle\n|-damage|p2a: Basculegion|79/323|[from] Recoil\n|\n|upkeep\n|\n|t:|1781386276\n|switch|p1a: Kingdra|Kingdra, L84, F|263/263\n|turn|17\n|\n|t:|1781386284\n|move|p1a: Kingdra|Dragon Dance|p1a: Kingdra\n|-boost|p1a: Kingdra|atk|1\n|-boost|p1a: Kingdra|spe|1\n|move|p2a: Basculegion|Flip Turn|p1a: Kingdra\n|-resisted|p1a: Kingdra\n|-damage|p1a: Kingdra|243/263\n|\n|t:|1781386292\n|switch|p2a: Delibird|Delibird, F|252/252|[from] Flip Turn\n|\n|upkeep\n|turn|18\n|\n|t:|1781386297\n|-terastallize|p1a: Kingdra|Steel\n|move|p1a: Kingdra|Dragon Dance|p1a: Kingdra\n|-boost|p1a: Kingdra|atk|1\n|-boost|p1a: Kingdra|spe|1\n|move|p2a: Delibird|Brave Bird|p1a: Kingdra\n|-resisted|p1a: Kingdra\n|-damage|p1a: Kingdra|158/263\n|-damage|p2a: Delibird|224/252|[from] Recoil\n|\n|upkeep\n|turn|19\n|\n|t:|1781386308\n|move|p1a: Kingdra|Outrage|p2a: Delibird\n|-damage|p2a: Delibird|0 fnt\n|faint|p2a: Delibird\n|\n|upkeep\n|\n|t:|1781386327\n|switch|p2a: Mismagius|Mismagius, L86, F|243/243\n|turn|20\n|\n|t:|1781386338\n|move|p1a: Kingdra|Outrage|p2a: Mismagius|[from] lockedmove\n|-damage|p2a: Mismagius|0 fnt\n|faint|p2a: Mismagius\n|\n|upkeep\n|\n|t:|1781386346\n|switch|p2a: Basculegion|Basculegion, L80, M|79/323\n|turn|21\n|\n|t:|1781386357\n|-terastallize|p2a: Basculegion|Water\n|move|p2a: Basculegion|Aqua Jet|p1a: Kingdra\n|-damage|p1a: Kingdra|100/263\n|move|p1a: Kingdra|Outrage|p2a: Basculegion|[from] lockedmove\n|-damage|p2a: Basculegion|0 fnt\n|faint|p2a: Basculegion\n|-start|p1a: Kingdra|confusion|[fatigue]\n|-enditem|p1a: Kingdra|Lum Berry|[eat]\n|-end|p1a: Kingdra|confusion\n|\n|upkeep\n|\n|t:|1781386364\n|switch|p2a: Typhlosion|Typhlosion, L84, F|222/267\n|turn|22\n|\n|t:|1781386368\n|move|p1a: Kingdra|Wave Crash|p2a: Typhlosion\n|-supereffective|p2a: Typhlosion\n|-damage|p2a: Typhlosion|0 fnt\n|faint|p2a: Typhlosion\n|-damage|p1a: Kingdra|27/263|[from] Recoil\n|\n|win|cococem\n", "uploadtime": 1781386089, "views": 8, "formatid": "gen9randombattle", "rating": null, "private": 0, "password": null}