{"id": "gen9randombattle-2631668037", "format": "[Gen 9] Random Battle", "players": ["PropheticBBX", "Rein_Entei"], "log": "|j|\u2606PropheticBBX\n|j|\u2606Rein_Entei\n|t:|1781418157\n|gametype|singles\n|player|p1|PropheticBBX|ethan|1523\n|player|p2|Rein_Entei|dancer|1503\n|gen|9\n|tier|[Gen 9] Random Battle\n|rated|\n|rule|Species Clause: Limit one of each Pok\u00e9mon\n|rule|HP Percentage Mod: HP is shown in percentages\n|rule|Sleep Clause Mod: Limit one foe put to sleep\n|rule|Illusion Level Mod: Illusion disguises the Pok\u00e9mon's true level\n|\n|t:|1781418157\n|teamsize|p1|6\n|teamsize|p2|6\n|start\n|switch|p1a: Mandibuzz|Mandibuzz, L85, F|326/326\n|switch|p2a: Seviper|Seviper, L93, M|287/287\n|turn|1\n|inactive|Battle timer is ON: inactive players will automatically lose when time's up. (requested by PropheticBBX)\n|\n|t:|1781418174\n|move|p1a: Mandibuzz|Knock Off|p2a: Seviper\n|-damage|p2a: Seviper|196/287\n|-enditem|p2a: Seviper|Leftovers|[from] move: Knock Off|[of] p1a: Mandibuzz\n|move|p2a: Seviper|Swords Dance|p2a: Seviper\n|-boost|p2a: Seviper|atk|2\n|\n|upkeep\n|turn|2\n|\n|t:|1781418181\n|-terastallize|p1a: Mandibuzz|Steel\n|move|p1a: Mandibuzz|Brave Bird|p2a: Seviper\n|-damage|p2a: Seviper|84/287\n|-damage|p1a: Mandibuzz|289/326|[from] Recoil\n|move|p2a: Seviper|Trailblaze|p1a: Mandibuzz\n|-resisted|p1a: Mandibuzz\n|-damage|p1a: Mandibuzz|253/326\n|-boost|p2a: Seviper|spe|1\n|\n|upkeep\n|turn|3\n|\n|t:|1781418196\n|-terastallize|p2a: Seviper|Ground\n|move|p2a: Seviper|Earthquake|p1a: Mandibuzz\n|-supereffective|p1a: Mandibuzz\n|-damage|p1a: Mandibuzz|0 fnt\n|faint|p1a: Mandibuzz\n|\n|upkeep\n|\n|t:|1781418199\n|switch|p1a: Mabosstiff|Mabosstiff, L86, M|278/278\n|turn|4\n|\n|t:|1781418209\n|move|p1a: Mabosstiff|Crunch|p2a: Seviper\n|-damage|p2a: Seviper|0 fnt\n|faint|p2a: Seviper\n|\n|upkeep\n|\n|t:|1781418222\n|switch|p2a: Arboliva|Arboliva, L91, M|288/288\n|turn|5\n|\n|t:|1781418231\n|move|p1a: Mabosstiff|Crunch|p2a: Arboliva\n|-damage|p2a: Arboliva|189/288\n|move|p2a: Arboliva|Leech Seed|p1a: Mabosstiff\n|-start|p1a: Mabosstiff|move: Leech Seed\n|\n|-damage|p1a: Mabosstiff|244/278|[from] Leech Seed|[of] p2a: Arboliva\n|-heal|p2a: Arboliva|223/288|[silent]\n|upkeep\n|turn|6\n|\n|t:|1781418237\n|switch|p1a: Kleavor|Kleavor, L78, M|237/237\n|move|p2a: Arboliva|Substitute|p2a: Arboliva\n|-start|p2a: Arboliva|Substitute\n|-damage|p2a: Arboliva|151/288\n|\n|upkeep\n|turn|7\n|\n|t:|1781418245\n|move|p2a: Arboliva|Protect|p2a: Arboliva\n|-singleturn|p2a: Arboliva|Protect\n|move|p1a: Kleavor|X-Scissor|p2a: Arboliva\n|-activate|p2a: Arboliva|move: Protect\n|\n|upkeep\n|turn|8\n|\n|t:|1781418248\n|move|p1a: Kleavor|X-Scissor|p2a: Arboliva\n|-supereffective|p2a: Arboliva\n|-end|p2a: Arboliva|Substitute\n|move|p2a: Arboliva|Leech Seed|p1a: Kleavor\n|-start|p1a: Kleavor|move: Leech Seed\n|\n|-damage|p1a: Kleavor|208/237|[from] Leech Seed|[of] p2a: Arboliva\n|-heal|p2a: Arboliva|180/288|[silent]\n|upkeep\n|turn|9\n|\n|t:|1781418255\n|move|p2a: Arboliva|Protect|p2a: Arboliva\n|-singleturn|p2a: Arboliva|Protect\n|move|p1a: Kleavor|X-Scissor|p2a: Arboliva\n|-activate|p2a: Arboliva|move: Protect\n|\n|-damage|p1a: Kleavor|179/237|[from] Leech Seed|[of] p2a: Arboliva\n|-heal|p2a: Arboliva|209/288|[silent]\n|upkeep\n|turn|10\n|\n|t:|1781418276\n|switch|p2a: Arcanine|Arcanine-Hisui, L79, F|280/280\n|move|p1a: Kleavor|X-Scissor|p2a: Arcanine\n|-resisted|p2a: Arcanine\n|-damage|p2a: Arcanine|196/280\n|\n|-damage|p1a: Kleavor|150/237|[from] Leech Seed|[of] p2a: Arcanine\n|-heal|p2a: Arcanine|225/280|[silent]\n|upkeep\n|turn|11\n|\n|t:|1781418289\n|switch|p1a: Mabosstiff|Mabosstiff, L86, M|244/278\n|move|p2a: Arcanine|Head Smash|p1a: Mabosstiff\n|-damage|p1a: Mabosstiff|88/278\n|\n|upkeep\n|turn|12\n|\n|t:|1781418297\n|move|p1a: Mabosstiff|Crunch|p2a: Arcanine\n|-damage|p2a: Arcanine|98/280\n|move|p2a: Arcanine|Morning Sun|p2a: Arcanine\n|-heal|p2a: Arcanine|238/280\n|\n|upkeep\n|turn|13\n|\n|t:|1781418310\n|move|p1a: Mabosstiff|Crunch|p2a: Arcanine\n|-damage|p2a: Arcanine|108/280\n|-unboost|p2a: Arcanine|def|1\n|move|p2a: Arcanine|Head Smash|p1a: Mabosstiff|[miss]\n|-miss|p2a: Arcanine|p1a: Mabosstiff\n|\n|upkeep\n|turn|14\n|\n|t:|1781418319\n|switch|p2a: Persian|Persian, L92, F|269/269\n|move|p1a: Mabosstiff|Crunch|p2a: Persian\n|-damage|p2a: Persian|22/269\n|\n|upkeep\n|turn|15\n|\n|t:|1781418326\n|move|p2a: Persian|Fake Out|p1a: Mabosstiff\n|-damage|p1a: Mabosstiff|15/278\n|cant|p1a: Mabosstiff|flinch\n|\n|upkeep\n|turn|16\n|\n|t:|1781418347\n|switch|p2a: Arboliva|Arboliva, L91, M|209/288\n|move|p1a: Mabosstiff|Crunch|p2a: Arboliva\n|-damage|p2a: Arboliva|29/288\n|-enditem|p2a: Arboliva|Sitrus Berry|[eat]\n|-heal|p2a: Arboliva|101/288|[from] item: Sitrus Berry\n|\n|-item|p2a: Arboliva|Sitrus Berry|[from] ability: Harvest\n|upkeep\n|-enditem|p2a: Arboliva|Sitrus Berry|[eat]\n|-heal|p2a: Arboliva|173/288|[from] item: Sitrus Berry\n|turn|17\n|\n|t:|1781418361\n|move|p2a: Arboliva|Protect|p2a: Arboliva\n|-singleturn|p2a: Arboliva|Protect\n|move|p1a: Mabosstiff|Crunch|p2a: Arboliva\n|-activate|p2a: Arboliva|move: Protect\n|\n|upkeep\n|turn|18\n|inactive|Rein_Entei has 120 seconds left.\n|\n|t:|1781418383\n|switch|p2a: Persian|Persian, L92, F|22/269\n|move|p1a: Mabosstiff|Crunch|p2a: Persian\n|-damage|p2a: Persian|0 fnt\n|faint|p2a: Persian\n|\n|upkeep\n|\n|t:|1781418385\n|switch|p2a: Arcanine|Arcanine-Hisui, L79, F|108/280\n|turn|19\n|\n|t:|1781418388\n|move|p2a: Arcanine|Extreme Speed|p1a: Mabosstiff\n|-damage|p1a: Mabosstiff|0 fnt\n|faint|p1a: Mabosstiff\n|\n|upkeep\n|\n|t:|1781418391\n|switch|p1a: Basculin|Basculin, L86, M|261/261\n|turn|20\n|\n|t:|1781418395\n|switch|p2a: Arboliva|Arboliva, L91, M|173/288\n|move|p1a: Basculin|Flip Turn|p2a: Arboliva\n|-resisted|p2a: Arboliva\n|-damage|p2a: Arboliva|111/288\n|\n|t:|1781418404\n|switch|p1a: Kleavor|Kleavor, L78, M|150/237|[from] Flip Turn\n|\n|upkeep\n|turn|21\n|\n|t:|1781418408\n|move|p2a: Arboliva|Protect|p2a: Arboliva\n|-singleturn|p2a: Arboliva|Protect\n|move|p1a: Kleavor|Close Combat|p2a: Arboliva\n|-activate|p2a: Arboliva|move: Protect\n|\n|upkeep\n|turn|22\n|\n|t:|1781418418\n|switch|p2a: Flygon|Flygon, L82, F|265/265\n|move|p1a: Kleavor|Close Combat|p2a: Flygon\n|-damage|p2a: Flygon|167/265\n|-unboost|p1a: Kleavor|def|1\n|-unboost|p1a: Kleavor|spd|1\n|\n|upkeep\n|turn|23\n|\n|t:|1781418433\n|move|p1a: Kleavor|Close Combat|p2a: Flygon\n|-damage|p2a: Flygon|70/265\n|-unboost|p1a: Kleavor|def|1\n|-unboost|p1a: Kleavor|spd|1\n|move|p2a: Flygon|Dragon Dance|p2a: Flygon\n|-boost|p2a: Flygon|atk|1\n|-boost|p2a: Flygon|spe|1\n|\n|upkeep\n|turn|24\n|\n|t:|1781418442\n|move|p2a: Flygon|Earthquake|p1a: Kleavor\n|-damage|p1a: Kleavor|0 fnt\n|faint|p1a: Kleavor\n|\n|upkeep\n|\n|t:|1781418444\n|switch|p1a: Basculin|Basculin, L86, M|261/261\n|turn|25\n|\n|t:|1781418448\n|move|p1a: Basculin|Aqua Jet|p2a: Flygon\n|-damage|p2a: Flygon|0 fnt\n|faint|p2a: Flygon\n|\n|upkeep\n|\n|t:|1781418452\n|switch|p2a: Arboliva|Arboliva, L91, M|111/288\n|turn|26\n|\n|t:|1781418466\n|switch|p1a: Revavroom|Revavroom, L79, M|256/256\n|move|p2a: Arboliva|Substitute|p2a: Arboliva\n|-start|p2a: Arboliva|Substitute\n|-damage|p2a: Arboliva|39/288\n|\n|upkeep\n|turn|27\n|\n|t:|1781418477\n|move|p1a: Revavroom|Iron Head|p2a: Arboliva\n|-end|p2a: Arboliva|Substitute\n|-damage|p1a: Revavroom|231/256|[from] item: Life Orb\n|move|p2a: Arboliva|Leech Seed|p1a: Revavroom\n|-start|p1a: Revavroom|move: Leech Seed\n|\n|-damage|p1a: Revavroom|199/256|[from] Leech Seed|[of] p2a: Arboliva\n|-heal|p2a: Arboliva|71/288|[silent]\n|upkeep\n|turn|28\n|\n|t:|1781418484\n|move|p2a: Arboliva|Protect|p2a: Arboliva\n|-singleturn|p2a: Arboliva|Protect\n|move|p1a: Revavroom|Shift Gear|p1a: Revavroom\n|-boost|p1a: Revavroom|spe|2\n|-boost|p1a: Revavroom|atk|1\n|\n|-damage|p1a: Revavroom|167/256|[from] Leech Seed|[of] p2a: Arboliva\n|-heal|p2a: Arboliva|103/288|[silent]\n|upkeep\n|turn|29\n|c|\u2606Rein_Entei|harvest my fucking ASS\n|-message|Rein_Entei forfeited.\n|\n|win|PropheticBBX\n", "uploadtime": 1781418499, "views": 3, "formatid": "gen9randombattle", "rating": null, "private": 0, "password": null}