{"id": "gen9randombattle-2631893403", "format": "[Gen 9] Random Battle", "players": ["Mitchel531", "Z10101"], "log": "|j|\u2606Mitchel531\n|j|\u2606Z10101\n|t:|1781452839\n|gametype|singles\n|player|p1|Mitchel531|102|2039\n|player|p2|Z10101|170|2036\n|gen|9\n|tier|[Gen 9] Random Battle\n|rated|\n|rule|Species Clause: Limit one of each Pok\u00e9mon\n|rule|HP Percentage Mod: HP is shown in percentages\n|rule|Sleep Clause Mod: Limit one foe put to sleep\n|rule|Illusion Level Mod: Illusion disguises the Pok\u00e9mon's true level\n|\n|t:|1781452839\n|teamsize|p1|6\n|teamsize|p2|6\n|start\n|switch|p1a: Meowstic|Meowstic-F, L89, F|277/277\n|switch|p2a: Serperior|Serperior, L79, F|248/248\n|turn|1\n|inactive|Battle timer is ON: inactive players will automatically lose when time's up. (requested by Z10101)\n|\n|t:|1781452852\n|switch|p1a: Scyther|Scyther, L82, M|249/249\n|move|p2a: Serperior|Glare|p1a: Scyther\n|-status|p1a: Scyther|par\n|\n|upkeep\n|turn|2\n|\n|t:|1781452858\n|switch|p2a: Mamoswine|Mamoswine, L81, M|311/311\n|move|p1a: Scyther|U-turn|p2a: Mamoswine\n|-damage|p2a: Mamoswine|230/311\n|\n|t:|1781452881\n|switch|p1a: Feraligatr|Feraligatr, L79, F|264/264|[from] U-turn\n|\n|upkeep\n|turn|3\n|\n|t:|1781452886\n|move|p2a: Mamoswine|Stealth Rock|p1a: Feraligatr\n|-sidestart|p1: Mitchel531|move: Stealth Rock\n|move|p1a: Feraligatr|Dragon Dance|p1a: Feraligatr\n|-boost|p1a: Feraligatr|atk|1\n|-boost|p1a: Feraligatr|spe|1\n|\n|upkeep\n|turn|4\n|\n|t:|1781452892\n|switch|p2a: Whimsicott|Whimsicott, L84, M|238/238\n|move|p1a: Feraligatr|Liquidation|p2a: Whimsicott\n|-resisted|p2a: Whimsicott\n|-damage|p2a: Whimsicott|130/238\n|\n|upkeep\n|turn|5\n|\n|t:|1781452899\n|move|p2a: Whimsicott|Stun Spore|p1a: Feraligatr\n|-status|p1a: Feraligatr|par\n|move|p1a: Feraligatr|Ice Punch|p2a: Whimsicott\n|-supereffective|p2a: Whimsicott\n|-crit|p2a: Whimsicott\n|-damage|p2a: Whimsicott|0 fnt\n|faint|p2a: Whimsicott\n|\n|upkeep\n|\n|t:|1781452904\n|switch|p2a: Serperior|Serperior, L79, F|248/248\n|turn|6\n|\n|t:|1781452915\n|switch|p2a: Mamoswine|Mamoswine, L81, M|230/311\n|cant|p1a: Feraligatr|par\n|\n|upkeep\n|turn|7\n|\n|t:|1781452920\n|move|p2a: Mamoswine|Earthquake|p1a: Feraligatr\n|-damage|p1a: Feraligatr|99/264 par\n|-damage|p2a: Mamoswine|199/311|[from] item: Life Orb\n|move|p1a: Feraligatr|Liquidation|p2a: Mamoswine\n|-supereffective|p2a: Mamoswine\n|-damage|p2a: Mamoswine|0 fnt\n|faint|p2a: Mamoswine\n|\n|upkeep\n|\n|t:|1781452926\n|switch|p2a: Serperior|Serperior, L79, F|248/248\n|turn|8\n|\n|t:|1781452932\n|move|p2a: Serperior|Leaf Storm|p1a: Feraligatr\n|-supereffective|p1a: Feraligatr\n|-damage|p1a: Feraligatr|0 fnt\n|-boost|p2a: Serperior|spa|2\n|faint|p1a: Feraligatr\n|-damage|p2a: Serperior|224/248|[from] item: Life Orb\n|\n|upkeep\n|\n|t:|1781452937\n|switch|p1a: Scyther|Scyther, L82, M|249/249 par\n|turn|9\n|\n|t:|1781452946\n|move|p2a: Serperior|Dragon Pulse|p1a: Scyther\n|-damage|p1a: Scyther|129/249 par\n|-damage|p2a: Serperior|200/248|[from] item: Life Orb\n|move|p1a: Scyther|Dual Wingbeat|p2a: Serperior\n|-supereffective|p2a: Serperior\n|-damage|p2a: Serperior|72/248\n|-supereffective|p2a: Serperior\n|-damage|p2a: Serperior|0 fnt\n|faint|p2a: Serperior\n|-hitcount|p2: Serperior|2\n|\n|upkeep\n|\n|t:|1781452956\n|switch|p2a: Bellibolt|Bellibolt, L84, F|320/320\n|turn|10\n|\n|t:|1781452959\n|move|p2a: Bellibolt|Thunderbolt|p1a: Scyther\n|-supereffective|p1a: Scyther\n|-damage|p1a: Scyther|0 fnt\n|faint|p1a: Scyther\n|\n|upkeep\n|\n|t:|1781452969\n|switch|p1a: Meowstic|Meowstic-F, L89, F|277/277\n|-damage|p1a: Meowstic|243/277|[from] Stealth Rock\n|turn|11\n|\n|t:|1781452973\n|move|p1a: Meowstic|Nasty Plot|p1a: Meowstic\n|-boost|p1a: Meowstic|spa|2\n|move|p2a: Bellibolt|Toxic|p1a: Meowstic\n|-status|p1a: Meowstic|tox\n|\n|-damage|p1a: Meowstic|226/277 tox|[from] psn\n|upkeep\n|turn|12\n|\n|t:|1781452977\n|move|p1a: Meowstic|Psychic|p2a: Bellibolt\n|-damage|p2a: Bellibolt|74/320\n|-start|p2a: Bellibolt|Charge|Psychic|[from] ability: Electromorphosis\n|-damage|p1a: Meowstic|199/277 tox|[from] item: Life Orb\n|move|p2a: Bellibolt|Thunderbolt|p1a: Meowstic\n|-damage|p1a: Meowstic|0 fnt\n|faint|p1a: Meowstic\n|-end|p2a: Bellibolt|Charge|[silent]\n|\n|-heal|p2a: Bellibolt|94/320|[from] item: Leftovers\n|upkeep\n|\n|t:|1781452990\n|switch|p1a: Calyrex|Calyrex-Shadow, L64|235/235\n|-ability|p1a: Calyrex|As One\n|-ability|p1a: Calyrex|Unnerve\n|-damage|p1a: Calyrex|206/235|[from] Stealth Rock\n|turn|13\n|\n|t:|1781452997\n|switch|p2a: Maushold|Maushold, L76|238/238\n|move|p1a: Calyrex|Astral Barrage|p2a: Maushold\n|-immune|p2a: Maushold\n|\n|upkeep\n|turn|14\n|\n|t:|1781453012\n|switch|p1a: Heatran|Heatran, L79, M|273/273\n|-damage|p1a: Heatran|239/273|[from] Stealth Rock\n|-item|p1a: Heatran|Air Balloon\n|move|p2a: Maushold|Bite|p1a: Heatran\n|-damage|p1a: Heatran|199/273\n|-enditem|p1a: Heatran|Air Balloon\n|\n|upkeep\n|turn|15\n|\n|t:|1781453026\n|switch|p2a: Dachsbun|Dachsbun, L92, M|254/254\n|move|p1a: Heatran|Magma Storm|p2a: Dachsbun\n|-ability|p2a: Dachsbun|Well-Baked Body|boost\n|-boost|p2a: Dachsbun|def|2\n|\n|upkeep\n|turn|16\n|\n|t:|1781453037\n|switch|p1a: Calyrex|Calyrex-Shadow, L64|206/235\n|-ability|p1a: Calyrex|As One\n|-ability|p1a: Calyrex|Unnerve\n|-damage|p1a: Calyrex|177/235|[from] Stealth Rock\n|move|p2a: Dachsbun|Yawn|p1a: Calyrex\n|-start|p1a: Calyrex|move: Yawn|[of] p2a: Dachsbun\n|\n|upkeep\n|turn|17\n|\n|t:|1781453048\n|move|p1a: Calyrex|Trick|p2a: Dachsbun\n|-activate|p1a: Calyrex|move: Trick|[of] p2a: Dachsbun\n|-item|p2a: Dachsbun|Choice Specs|[from] move: Trick\n|-item|p1a: Calyrex|Leftovers|[from] move: Trick\n|move|p2a: Dachsbun|Wish|p2a: Dachsbun\n|\n|-heal|p1a: Calyrex|191/235|[from] item: Leftovers\n|-end|p1a: Calyrex|move: Yawn|[silent]\n|-status|p1a: Calyrex|slp\n|upkeep\n|turn|18\n|\n|t:|1781453065\n|switch|p1a: Heatran|Heatran, L79, M|199/273\n|-damage|p1a: Heatran|165/273|[from] Stealth Rock\n|switch|p2a: Bellibolt|Bellibolt, L84, F|94/320\n|\n|-heal|p2a: Bellibolt|221/320|[from] move: Wish|[wisher] Dachsbun\n|-heal|p2a: Bellibolt|241/320|[from] item: Leftovers\n|upkeep\n|turn|19\n|\n|t:|1781453071\n|move|p1a: Heatran|Earth Power|p2a: Bellibolt\n|-supereffective|p2a: Bellibolt\n|-damage|p2a: Bellibolt|79/320\n|-start|p2a: Bellibolt|Charge|Earth Power|[from] ability: Electromorphosis\n|move|p2a: Bellibolt|Muddy Water|p1a: Heatran|[miss]\n|-miss|p2a: Bellibolt|p1a: Heatran\n|\n|-heal|p2a: Bellibolt|99/320|[from] item: Leftovers\n|upkeep\n|turn|20\n|\n|t:|1781453079\n|switch|p2a: Dachsbun|Dachsbun, L92, M|254/254\n|move|p1a: Heatran|Earth Power|p2a: Dachsbun\n|-damage|p2a: Dachsbun|188/254\n|\n|upkeep\n|turn|21\n|\n|t:|1781453084\n|move|p2a: Dachsbun|Wish|p2a: Dachsbun\n|move|p1a: Heatran|Heavy Slam|p2a: Dachsbun\n|-supereffective|p2a: Dachsbun\n|-damage|p2a: Dachsbun|38/254\n|\n|upkeep\n|turn|22\n|\n|t:|1781453096\n|switch|p2a: Maushold|Maushold, L76|238/238\n|move|p1a: Heatran|Earth Power|p2a: Maushold\n|-damage|p2a: Maushold|142/238\n|\n|-heal|p2a: Maushold|238/238|[from] move: Wish|[wisher] Dachsbun\n|upkeep\n|turn|23\n|\n|t:|1781453107\n|switch|p2a: Dachsbun|Dachsbun, L92, M|38/254\n|move|p1a: Heatran|Heavy Slam|p2a: Dachsbun\n|-supereffective|p2a: Dachsbun\n|-damage|p2a: Dachsbun|0 fnt\n|faint|p2a: Dachsbun\n|\n|upkeep\n|\n|t:|1781453114\n|switch|p2a: Maushold|Maushold, L76|238/238\n|turn|24\n|\n|t:|1781453121\n|move|p2a: Maushold|Tidy Up|p2a: Maushold\n|-sideend|p1: Mitchel531|Stealth Rock\n|-activate|p2a: Maushold|move: Tidy Up\n|-boost|p2a: Maushold|atk|1\n|-boost|p2a: Maushold|spe|1\n|move|p1a: Heatran|Heavy Slam|p2a: Maushold\n|-crit|p2a: Maushold\n|-damage|p2a: Maushold|31/238\n|\n|upkeep\n|turn|25\n|\n|t:|1781453129\n|move|p2a: Maushold|Population Bomb|p1a: Heatran\n|-resisted|p1a: Heatran\n|-crit|p1a: Heatran\n|-damage|p1a: Heatran|142/273\n|-resisted|p1a: Heatran\n|-damage|p1a: Heatran|127/273\n|-resisted|p1a: Heatran\n|-damage|p1a: Heatran|113/273\n|-resisted|p1a: Heatran\n|-damage|p1a: Heatran|97/273\n|-resisted|p1a: Heatran\n|-damage|p1a: Heatran|81/273\n|-resisted|p1a: Heatran\n|-damage|p1a: Heatran|66/273\n|-resisted|p1a: Heatran\n|-damage|p1a: Heatran|50/273\n|-resisted|p1a: Heatran\n|-damage|p1a: Heatran|36/273\n|-resisted|p1a: Heatran\n|-damage|p1a: Heatran|20/273\n|-resisted|p1a: Heatran\n|-crit|p1a: Heatran\n|-damage|p1a: Heatran|0 fnt\n|faint|p1a: Heatran\n|-hitcount|p1: Heatran|10\n|\n|upkeep\n|\n|t:|1781453135\n|switch|p1a: Calyrex|Calyrex-Shadow, L64|191/235 slp\n|-ability|p1a: Calyrex|As One\n|-ability|p1a: Calyrex|Unnerve\n|turn|26\n|\n|t:|1781453156\n|-terastallize|p1a: Calyrex|Dark\n|move|p2a: Maushold|Bite|p1a: Calyrex\n|-resisted|p1a: Calyrex\n|-damage|p1a: Calyrex|146/235 slp\n|cant|p1a: Calyrex|slp\n|\n|-heal|p1a: Calyrex|160/235 slp|[from] item: Leftovers\n|upkeep\n|turn|27\n|\n|t:|1781453162\n|move|p2a: Maushold|Population Bomb|p1a: Calyrex\n|-damage|p1a: Calyrex|111/235 slp\n|-damage|p1a: Calyrex|66/235 slp\n|-damage|p1a: Calyrex|21/235 slp\n|-damage|p1a: Calyrex|0 fnt\n|faint|p1a: Calyrex\n|-hitcount|p1: Calyrex|4\n|\n|upkeep\n|\n|t:|1781453166\n|switch|p1a: Iron Valiant|Iron Valiant, L78|244/244\n|turn|28\n|\n|t:|1781453175\n|move|p2a: Maushold|Population Bomb|p1a: Iron Valiant\n|-damage|p1a: Iron Valiant|211/244\n|-damage|p1a: Iron Valiant|175/244\n|-crit|p1a: Iron Valiant\n|-damage|p1a: Iron Valiant|123/244\n|-damage|p1a: Iron Valiant|89/244\n|-damage|p1a: Iron Valiant|52/244\n|-damage|p1a: Iron Valiant|18/244\n|-damage|p1a: Iron Valiant|0 fnt\n|faint|p1a: Iron Valiant\n|-end|p1a: Iron Valiant|Quark Drive|[silent]\n|-hitcount|p1: Iron Valiant|7\n|\n|win|Z10101\n|raw|Mitchel531's rating: 2039 &rarr; <strong>2019</strong><br />(-20 for losing)\n|raw|Z10101's rating: 2036 &rarr; <strong>2056</strong><br />(+20 for winning)\n", "uploadtime": 1781452841, "views": 4, "formatid": "gen9randombattle", "rating": 2019, "private": 0, "password": null}