{"id": "gen9randombattle-2631565433", "format": "[Gen 9] Random Battle", "players": ["RandBatts GOD 2026", "flaviodssts"], "log": "|j|\u2606RandBatts GOD 2026\n|j|\u2606flaviodssts\n|t:|1781402105\n|gametype|singles\n|player|p1|RandBatts GOD 2026|102|1962\n|player|p2|flaviodssts|burglar|1971\n|gen|9\n|tier|[Gen 9] Random Battle\n|rated|\n|rule|Species Clause: Limit one of each Pok\u00e9mon\n|rule|HP Percentage Mod: HP is shown in percentages\n|rule|Sleep Clause Mod: Limit one foe put to sleep\n|rule|Illusion Level Mod: Illusion disguises the Pok\u00e9mon's true level\n|\n|t:|1781402105\n|teamsize|p1|6\n|teamsize|p2|6\n|start\n|switch|p1a: Landorus|Landorus, L75, M|257/257\n|switch|p2a: Lucario|Lucario, L84, M|255/255\n|turn|1\n|inactive|Battle timer is ON: inactive players will automatically lose when time's up. (requested by flaviodssts)\n|\n|t:|1781402129\n|switch|p2a: Araquanid|Araquanid, L82, M|246/246\n|move|p1a: Landorus|Nasty Plot|p1a: Landorus\n|-boost|p1a: Landorus|spa|2\n|\n|upkeep\n|turn|2\n|\n|t:|1781402135\n|switch|p1a: Zekrom|Zekrom, L71|259/259\n|-ability|p1a: Zekrom|Teravolt\n|move|p2a: Araquanid|Liquidation|p1a: Zekrom\n|-resisted|p1a: Zekrom\n|-damage|p1a: Zekrom|193/259\n|\n|-heal|p1a: Zekrom|209/259|[from] item: Leftovers\n|upkeep\n|turn|3\n|\n|t:|1781402152\n|switch|p2a: Glimmora|Glimmora, L75, M|248/248\n|move|p1a: Zekrom|Dragon Dance|p1a: Zekrom\n|-boost|p1a: Zekrom|atk|1\n|-boost|p1a: Zekrom|spe|1\n|\n|-heal|p1a: Zekrom|225/259|[from] item: Leftovers\n|upkeep\n|turn|4\n|\n|t:|1781402159\n|move|p1a: Zekrom|Bolt Strike|p2a: Glimmora\n|-damage|p2a: Glimmora|29/248\n|-activate|p2a: Glimmora|ability: Toxic Debris\n|-sidestart|p1: RandBatts GOD 2026|move: Toxic Spikes\n|move|p2a: Glimmora|Stealth Rock|p1a: Zekrom\n|-sidestart|p1: RandBatts GOD 2026|move: Stealth Rock\n|\n|-heal|p1a: Zekrom|241/259|[from] item: Leftovers\n|upkeep\n|turn|5\n|\n|t:|1781402166\n|move|p1a: Zekrom|Bolt Strike|p2a: Glimmora\n|-damage|p2a: Glimmora|0 fnt\n|-activate|p2a: Glimmora|ability: Toxic Debris\n|-sidestart|p1: RandBatts GOD 2026|move: Toxic Spikes\n|faint|p2a: Glimmora\n|\n|-heal|p1a: Zekrom|257/259|[from] item: Leftovers\n|upkeep\n|\n|t:|1781402170\n|switch|p2a: Arbok|Arbok, L87, M|246/246\n|-ability|p2a: Arbok|Intimidate|boost\n|-unboost|p1a: Zekrom|atk|1\n|turn|6\n|l|\u2606flaviodssts\n|inactive|flaviodssts disconnected and has a minute to reconnect!\n|player|p2|\n|\n|t:|1781402187\n|move|p1a: Zekrom|Substitute|p1a: Zekrom\n|-start|p1a: Zekrom|Substitute\n|-damage|p1a: Zekrom|193/259\n|move|p2a: Arbok|Earthquake|p1a: Zekrom\n|-supereffective|p1a: Zekrom\n|-end|p1a: Zekrom|Substitute\n|\n|-heal|p1a: Zekrom|209/259|[from] item: Leftovers\n|upkeep\n|turn|7\n|j|\u2606flaviodssts\n|inactive|flaviodssts reconnected and has 145 seconds left.\n|player|p2|flaviodssts|burglar|\n|\n|t:|1781402204\n|move|p1a: Zekrom|Bolt Strike|p2a: Arbok\n|-damage|p2a: Arbok|81/246\n|move|p2a: Arbok|Earthquake|p1a: Zekrom\n|-supereffective|p1a: Zekrom\n|-damage|p1a: Zekrom|69/259\n|\n|-heal|p1a: Zekrom|85/259|[from] item: Leftovers\n|-heal|p2a: Arbok|96/246|[from] item: Leftovers\n|upkeep\n|turn|8\n|\n|t:|1781402215\n|-terastallize|p2a: Arbok|Ground\n|move|p1a: Zekrom|Bolt Strike|p2a: Arbok\n|-immune|p2a: Arbok\n|move|p2a: Arbok|Earthquake|p1a: Zekrom\n|-supereffective|p1a: Zekrom\n|-damage|p1a: Zekrom|0 fnt\n|faint|p1a: Zekrom\n|\n|-heal|p2a: Arbok|111/246|[from] item: Leftovers\n|upkeep\n|\n|t:|1781402221\n|switch|p1a: Landorus|Landorus, L75, M|257/257\n|-damage|p1a: Landorus|225/257|[from] Stealth Rock\n|turn|9\n|\n|t:|1781402226\n|switch|p2a: Araquanid|Araquanid, L82, M|246/246\n|move|p1a: Landorus|Psychic|p2a: Araquanid\n|-damage|p2a: Araquanid|176/246\n|\n|upkeep\n|turn|10\n|\n|t:|1781402233\n|switch|p1a: Skarmory|Skarmory, L80, F|235/235\n|-damage|p1a: Skarmory|206/235|[from] Stealth Rock\n|move|p2a: Araquanid|Sticky Web|p1a: Skarmory\n|-sidestart|p1: RandBatts GOD 2026|move: Sticky Web\n|\n|-heal|p1a: Skarmory|220/235|[from] item: Leftovers\n|upkeep\n|turn|11\n|\n|t:|1781402241\n|switch|p2a: Politoed|Politoed, L88, M|302/302\n|-weather|RainDance|[from] ability: Drizzle|[of] p2a: Politoed\n|move|p1a: Skarmory|Iron Defense|p1a: Skarmory\n|-boost|p1a: Skarmory|def|2\n|\n|-weather|RainDance|[upkeep]\n|-heal|p1a: Skarmory|234/235|[from] item: Leftovers\n|upkeep\n|turn|12\n|\n|t:|1781402247\n|-terastallize|p1a: Skarmory|Fighting\n|move|p2a: Politoed|Weather Ball|p1a: Skarmory\n|-damage|p1a: Skarmory|0 fnt\n|faint|p1a: Skarmory\n|\n|-weather|RainDance|[upkeep]\n|upkeep\n|-message|RandBatts GOD 2026 forfeited.\n|\n|win|flaviodssts\n", "uploadtime": 1781402106, "views": 4, "formatid": "gen9randombattle", "rating": null, "private": 0, "password": null}