{"id": "gen9randombattle-2631856724", "format": "[Gen 9] Random Battle", "players": ["napoliones", "repains"], "log": "|j|\u2606napoliones\n|j|\u2606repains\n|t:|1781448741\n|gametype|singles\n|player|p1|napoliones|265|2031\n|player|p2|repains|benga|2148\n|gen|9\n|tier|[Gen 9] Random Battle\n|rated|\n|rule|Species Clause: Limit one of each Pok\u00e9mon\n|rule|HP Percentage Mod: HP is shown in percentages\n|rule|Sleep Clause Mod: Limit one foe put to sleep\n|rule|Illusion Level Mod: Illusion disguises the Pok\u00e9mon's true level\n|\n|t:|1781448741\n|teamsize|p1|6\n|teamsize|p2|6\n|start\n|switch|p1a: Slowking|Slowking-Galar, L85, F|300/300\n|switch|p2a: Clefable|Clefable, L83, M|293/293\n|turn|1\n|inactive|Battle timer is ON: inactive players will automatically lose when time's up. (requested by napoliones)\n|c|\u2606napoliones|gl hf\n|c|\u2606napoliones|:)\n|c|\u2606repains|u2 m8\n|c|\u2606napoliones|ty!\n|inactive|repains has 120 seconds left.\n|inactive|repains has 90 seconds left.\n|\n|t:|1781448816\n|switch|p2a: Terapagos|Terapagos, L77, M|265/265\n|-activate|p2a: Terapagos|ability: Tera Shift\n|detailschange|p2a: Terapagos|Terapagos-Terastal, L77, M\n|-heal|p2a: Terapagos|273/273|[silent]\n|move|p1a: Slowking|Sludge Bomb|p2a: Terapagos\n|-activate|p2a: Terapagos|ability: Tera Shell\n|-resisted|p2a: Terapagos\n|-damage|p2a: Terapagos|225/273\n|-status|p2a: Terapagos|psn\n|\n|-damage|p2a: Terapagos|191/273 psn|[from] psn\n|upkeep\n|turn|2\n|\n|t:|1781448832\n|move|p2a: Terapagos|Calm Mind|p2a: Terapagos\n|-boost|p2a: Terapagos|spa|1\n|-boost|p2a: Terapagos|spd|1\n|move|p1a: Slowking|Psyshock|p2a: Terapagos\n|-damage|p2a: Terapagos|97/273 psn\n|\n|-damage|p2a: Terapagos|63/273 psn|[from] psn\n|upkeep\n|turn|3\n|\n|t:|1781448841\n|move|p2a: Terapagos|Earth Power|p1a: Slowking\n|-supereffective|p1a: Slowking\n|-damage|p1a: Slowking|166/300\n|move|p1a: Slowking|Psyshock|p2a: Terapagos\n|-damage|p2a: Terapagos|0 fnt\n|faint|p2a: Terapagos\n|\n|-heal|p1a: Slowking|184/300|[from] item: Leftovers\n|upkeep\n|\n|t:|1781448853\n|switch|p2a: Gurdurr|Gurdurr, L85, M|283/283\n|turn|4\n|\n|t:|1781448866\n|switch|p1a: Mimikyu|Mimikyu, L79, M|216/216\n|move|p2a: Gurdurr|Knock Off|p1a: Mimikyu\n|-activate|p1a: Mimikyu|ability: Disguise\n|-damage|p1a: Mimikyu|216/216\n|-enditem|p1a: Mimikyu|Life Orb|[from] move: Knock Off|[of] p2a: Gurdurr\n|detailschange|p1a: Mimikyu|Mimikyu-Busted, L79, M\n|-damage|p1a: Mimikyu|189/216|[from] pokemon: Mimikyu-Busted\n|\n|upkeep\n|turn|5\n|\n|t:|1781448878\n|switch|p2a: Weezing|Weezing, L88, F|258/258\n|move|p1a: Mimikyu|Swords Dance|p1a: Mimikyu\n|-boost|p1a: Mimikyu|atk|2\n|\n|upkeep\n|turn|6\n|\n|t:|1781448886\n|-terastallize|p1a: Mimikyu|Ghost\n|move|p1a: Mimikyu|Shadow Claw|p2a: Weezing\n|-damage|p2a: Weezing|132/258\n|move|p2a: Weezing|Will-O-Wisp|p1a: Mimikyu|[miss]\n|-miss|p2a: Weezing|p1a: Mimikyu\n|\n|-heal|p2a: Weezing|148/258|[from] item: Leftovers\n|upkeep\n|turn|7\n|\n|t:|1781448916\n|move|p1a: Mimikyu|Shadow Claw|p2a: Weezing\n|-damage|p2a: Weezing|30/258\n|move|p2a: Weezing|Will-O-Wisp|p1a: Mimikyu\n|-status|p1a: Mimikyu|brn\n|\n|-heal|p2a: Weezing|46/258|[from] item: Leftovers\n|-damage|p1a: Mimikyu|176/216 brn|[from] brn\n|upkeep\n|turn|8\n|\n|t:|1781448922\n|switch|p2a: Qwilfish|Qwilfish, L86, M|252/252\n|-ability|p2a: Qwilfish|Intimidate|boost\n|-unboost|p1a: Mimikyu|atk|1\n|move|p1a: Mimikyu|Shadow Claw|p2a: Qwilfish\n|-crit|p2a: Qwilfish\n|-damage|p2a: Qwilfish|166/252\n|\n|-heal|p2a: Qwilfish|181/252|[from] item: Leftovers\n|-damage|p1a: Mimikyu|163/216 brn|[from] brn\n|upkeep\n|turn|9\n|\n|t:|1781448935\n|switch|p1a: Lapras|Lapras, L87, F|368/368\n|move|p2a: Qwilfish|Waterfall|p1a: Lapras\n|-immune|p1a: Lapras|[from] ability: Water Absorb\n|\n|-heal|p2a: Qwilfish|196/252|[from] item: Leftovers\n|upkeep\n|turn|10\n|inactive|repains has 120 seconds left.\n|\n|t:|1781448976\n|switch|p2a: Clefable|Clefable, L83, M|293/293\n|move|p1a: Lapras|Freeze-Dry|p2a: Clefable\n|-damage|p2a: Clefable|217/293\n|\n|-heal|p2a: Clefable|235/293|[from] item: Leftovers\n|upkeep\n|turn|11\n|\n|t:|1781448981\n|switch|p1a: Slowking|Slowking-Galar, L85, F|284/300\n|move|p2a: Clefable|Calm Mind|p2a: Clefable\n|-boost|p2a: Clefable|spa|1\n|-boost|p2a: Clefable|spd|1\n|\n|-heal|p2a: Clefable|253/293|[from] item: Leftovers\n|-heal|p1a: Slowking|300/300|[from] item: Leftovers\n|upkeep\n|turn|12\n|inactive|repains has 120 seconds left.\n|\n|t:|1781449007\n|move|p2a: Clefable|Calm Mind|p2a: Clefable\n|-boost|p2a: Clefable|spa|1\n|-boost|p2a: Clefable|spd|1\n|move|p1a: Slowking|Sludge Bomb|p2a: Clefable\n|-supereffective|p2a: Clefable\n|-crit|p2a: Clefable\n|-damage|p2a: Clefable|0 fnt\n|faint|p2a: Clefable\n|\n|upkeep\n|\n|t:|1781449014\n|switch|p2a: Gurdurr|Gurdurr, L85, M|283/283\n|turn|13\n|\n|t:|1781449021\n|switch|p1a: Mimikyu|Mimikyu-Busted, L79, M, tera:Ghost|163/216 brn\n|move|p2a: Gurdurr|Knock Off|p1a: Mimikyu\n|-supereffective|p1a: Mimikyu\n|-damage|p1a: Mimikyu|41/216 brn\n|\n|-damage|p1a: Mimikyu|28/216 brn|[from] brn\n|upkeep\n|turn|14\n|\n|t:|1781449030\n|move|p1a: Mimikyu|Play Rough|p2a: Gurdurr\n|-supereffective|p2a: Gurdurr\n|-damage|p2a: Gurdurr|228/283\n|move|p2a: Gurdurr|Knock Off|p1a: Mimikyu\n|-supereffective|p1a: Mimikyu\n|-damage|p1a: Mimikyu|0 fnt\n|faint|p1a: Mimikyu\n|\n|upkeep\n|\n|t:|1781449039\n|switch|p1a: Basculegion|Basculegion, L80, M|323/323\n|turn|15\n|c|\u2606repains|fun crit though\n|inactive|repains has 120 seconds left.\n|c|\u2606napoliones|sorry\n|\n|t:|1781449071\n|move|p1a: Basculegion|Shadow Ball|p2a: Gurdurr\n|-damage|p2a: Gurdurr|138/283\n|move|p2a: Gurdurr|Knock Off|p1a: Basculegion\n|-supereffective|p1a: Basculegion\n|-damage|p1a: Basculegion|109/323\n|-enditem|p1a: Basculegion|Assault Vest|[from] move: Knock Off|[of] p2a: Gurdurr\n|\n|upkeep\n|turn|16\n|\n|t:|1781449080\n|move|p1a: Basculegion|Shadow Ball|p2a: Gurdurr\n|-damage|p2a: Gurdurr|54/283\n|move|p2a: Gurdurr|Knock Off|p1a: Basculegion\n|-supereffective|p1a: Basculegion\n|-damage|p1a: Basculegion|0 fnt\n|faint|p1a: Basculegion\n|\n|upkeep\n|\n|t:|1781449088\n|switch|p1a: Regieleki|Regieleki, L79|256/256\n|turn|17\n|\n|t:|1781449102\n|switch|p2a: Minun|Minun, L95, F|268/268\n|move|p1a: Regieleki|Thunderbolt|p2a: Minun\n|-immune|p2a: Minun|[from] ability: Volt Absorb\n|\n|upkeep\n|turn|18\n|inactive|repains has 90 seconds left.\n|inactive|repains has 60 seconds left.\n|\n|t:|1781449175\n|switch|p1a: Slowking|Slowking-Galar, L85, F|300/300\n|move|p2a: Minun|Nasty Plot|p2a: Minun\n|-boost|p2a: Minun|spa|2\n|\n|upkeep\n|turn|19\n|\n|t:|1781449190\n|move|p2a: Minun|Thunderbolt|p1a: Slowking\n|-damage|p1a: Slowking|101/300\n|-damage|p2a: Minun|242/268|[from] item: Life Orb\n|move|p1a: Slowking|Psyshock|p2a: Minun\n|-damage|p2a: Minun|116/268\n|\n|-heal|p1a: Slowking|119/300|[from] item: Leftovers\n|upkeep\n|turn|20\n|inactive|napoliones has 120 seconds left.\n|\n|t:|1781449223\n|switch|p1a: Lapras|Lapras, L87, F|368/368\n|move|p2a: Minun|Thunderbolt|p1a: Lapras\n|-supereffective|p1a: Lapras\n|-damage|p1a: Lapras|0 fnt\n|faint|p1a: Lapras\n|-damage|p2a: Minun|90/268|[from] item: Life Orb\n|\n|upkeep\n|inactive|napoliones has 120 seconds left.\n|\n|t:|1781449251\n|switch|p1a: Slowking|Slowking-Galar, L85, F|219/300\n|turn|21\n|\n|t:|1781449259\n|-terastallize|p2a: Minun|Electric\n|move|p2a: Minun|Thunderbolt|p1a: Slowking\n|-damage|p1a: Slowking|0 fnt\n|faint|p1a: Slowking\n|-damage|p2a: Minun|64/268|[from] item: Life Orb\n|\n|upkeep\n|\n|t:|1781449263\n|switch|p1a: Regieleki|Regieleki, L79|256/256\n|turn|22\n|\n|t:|1781449290\n|move|p1a: Regieleki|Rapid Spin|p2a: Minun\n|-damage|p2a: Minun|17/268\n|-boost|p1a: Regieleki|spe|1\n|move|p2a: Minun|Thunderbolt|p1a: Regieleki\n|-resisted|p1a: Regieleki\n|-damage|p1a: Regieleki|0 fnt\n|faint|p1a: Regieleki\n|-damage|p2a: Minun|0 fnt|[from] item: Life Orb\n|faint|p2a: Minun\n|\n|upkeep\n|inactive|repains has 60 seconds left.\n|\n|t:|1781449301\n|switch|p1a: Furret|Furret, L94, M|312/312\n|switch|p2a: Weezing|Weezing, L88, F|46/258\n|-item|p2a: Weezing|Leftovers|[from] ability: Frisk|[of] p1a: Furret\n|turn|23\n|\n|t:|1781449311\n|move|p1a: Furret|Knock Off|p2a: Weezing\n|-damage|p2a: Weezing|0 fnt\n|-enditem|p2a: Weezing|Leftovers|[from] move: Knock Off|[of] p1a: Furret\n|faint|p2a: Weezing\n|-damage|p1a: Furret|281/312|[from] item: Life Orb\n|\n|upkeep\n|\n|t:|1781449317\n|switch|p2a: Qwilfish|Qwilfish, L86, M|196/252\n|-ability|p2a: Qwilfish|Intimidate|boost\n|-unboost|p1a: Furret|atk|1\n|turn|24\n|inactive|repains has 60 seconds left.\n|\n|t:|1781449349\n|move|p1a: Furret|Knock Off|p2a: Qwilfish\n|-damage|p2a: Qwilfish|131/252\n|-enditem|p2a: Qwilfish|Leftovers|[from] move: Knock Off|[of] p1a: Furret\n|-damage|p1a: Furret|250/312|[from] item: Life Orb\n|move|p2a: Qwilfish|Gunk Shot|p1a: Furret\n|-damage|p1a: Furret|109/312\n|-status|p1a: Furret|psn\n|\n|-damage|p1a: Furret|70/312 psn|[from] psn\n|upkeep\n|turn|25\n|\n|t:|1781449360\n|move|p1a: Furret|Double-Edge|p2a: Qwilfish\n|-damage|p2a: Qwilfish|24/252\n|-damage|p1a: Furret|35/312 psn|[from] Recoil\n|-damage|p1a: Furret|4/312 psn|[from] item: Life Orb\n|move|p2a: Qwilfish|Waterfall|p1a: Furret\n|-damage|p1a: Furret|0 fnt\n|faint|p1a: Furret\n|\n|win|repains\n", "uploadtime": 1781448744, "views": 4, "formatid": "gen9randombattle", "rating": null, "private": 0, "password": null}