{"id": "gen9randombattle-2631720074", "format": "[Gen 9] Random Battle", "players": ["Hoxeel", "gunx321"], "log": "|j|\u2606Hoxeel\n|j|\u2606gunx321\n|t:|1781428178\n|gametype|singles\n|player|p1|Hoxeel|cynthia-gen4|1334\n|player|p2|gunx321|170|1356\n|gen|9\n|tier|[Gen 9] Random Battle\n|rated|\n|rule|Species Clause: Limit one of each Pok\u00e9mon\n|rule|HP Percentage Mod: HP is shown in percentages\n|rule|Sleep Clause Mod: Limit one foe put to sleep\n|rule|Illusion Level Mod: Illusion disguises the Pok\u00e9mon's true level\n|\n|t:|1781428178\n|teamsize|p1|6\n|teamsize|p2|6\n|start\n|switch|p1a: Annihilape|Annihilape, L76, M|292/292\n|switch|p2a: Snorlax|Snorlax, L82, M|397/397\n|turn|1\n|inactive|Battle timer is ON: inactive players will automatically lose when time's up. (requested by gunx321)\n|inactive|gunx321 has 120 seconds left.\n|\n|t:|1781428216\n|switch|p2a: Venusaur|Venusaur, L84, M|272/272\n|move|p1a: Annihilape|Bulk Up|p1a: Annihilape\n|-boost|p1a: Annihilape|atk|1\n|-boost|p1a: Annihilape|def|1\n|\n|upkeep\n|turn|2\n|\n|t:|1781428224\n|move|p2a: Venusaur|Sleep Powder|p1a: Annihilape|[miss]\n|-miss|p2a: Venusaur|p1a: Annihilape\n|move|p1a: Annihilape|Taunt|p2a: Venusaur\n|-start|p2a: Venusaur|move: Taunt\n|\n|upkeep\n|turn|3\n|\n|t:|1781428235\n|move|p2a: Venusaur|Knock Off|p1a: Annihilape\n|-damage|p1a: Annihilape|245/292\n|-enditem|p1a: Annihilape|Leftovers|[from] move: Knock Off|[of] p2a: Venusaur\n|move|p1a: Annihilape|Bulk Up|p1a: Annihilape\n|-boost|p1a: Annihilape|atk|1\n|-boost|p1a: Annihilape|def|1\n|\n|upkeep\n|turn|4\n|\n|t:|1781428240\n|move|p2a: Venusaur|Knock Off|p1a: Annihilape\n|-damage|p1a: Annihilape|220/292\n|move|p1a: Annihilape|Rage Fist|p2a: Venusaur\n|-damage|p2a: Venusaur|0 fnt\n|faint|p2a: Venusaur\n|\n|upkeep\n|\n|t:|1781428256\n|switch|p2a: Torkoal|Torkoal, L88, M|266/266\n|-weather|SunnyDay|[from] ability: Drought|[of] p2a: Torkoal\n|turn|5\n|\n|t:|1781428264\n|move|p1a: Annihilape|Drain Punch|p2a: Torkoal\n|-damage|p2a: Torkoal|173/266\n|-heal|p1a: Annihilape|267/292|[from] drain|[of] p2a: Torkoal\n|move|p2a: Torkoal|Yawn|p1a: Annihilape\n|-start|p1a: Annihilape|move: Yawn|[of] p2a: Torkoal\n|\n|-weather|SunnyDay|[upkeep]\n|upkeep\n|turn|6\n|\n|t:|1781428271\n|move|p1a: Annihilape|Rage Fist|p2a: Torkoal\n|-damage|p2a: Torkoal|0 fnt\n|faint|p2a: Torkoal\n|\n|-weather|SunnyDay|[upkeep]\n|-end|p1a: Annihilape|move: Yawn|[silent]\n|-status|p1a: Annihilape|slp\n|upkeep\n|\n|t:|1781428290\n|switch|p2a: Persian|Persian-Alola, L86, M|252/252\n|turn|7\n|\n|t:|1781428304\n|move|p2a: Persian|Thunderbolt|p1a: Annihilape\n|-damage|p1a: Annihilape|186/292 slp\n|-damage|p2a: Persian|227/252|[from] item: Life Orb\n|cant|p1a: Annihilape|slp\n|\n|-weather|SunnyDay|[upkeep]\n|upkeep\n|turn|8\n|\n|t:|1781428308\n|move|p2a: Persian|Thunderbolt|p1a: Annihilape\n|-damage|p1a: Annihilape|108/292 slp\n|-damage|p2a: Persian|202/252|[from] item: Life Orb\n|-curestatus|p1a: Annihilape|slp|[msg]\n|move|p1a: Annihilape|Drain Punch|p2a: Persian\n|-supereffective|p2a: Persian\n|-damage|p2a: Persian|10/252\n|-heal|p1a: Annihilape|204/292|[from] drain|[of] p2a: Persian\n|\n|-weather|SunnyDay|[upkeep]\n|upkeep\n|turn|9\n|\n|t:|1781428315\n|move|p2a: Persian|Burning Jealousy|p1a: Annihilape\n|-damage|p1a: Annihilape|118/292\n|-damage|p2a: Persian|0 fnt|[from] item: Life Orb\n|faint|p2a: Persian\n|move|p1a: Annihilape|Drain Punch|p2: Persian|[notarget]\n|-fail|p1a: Annihilape\n|\n|-weather|none\n|upkeep\n|\n|t:|1781428319\n|switch|p2a: Piloswine|Piloswine, L85, M|309/309\n|turn|10\n|\n|t:|1781428326\n|move|p1a: Annihilape|Drain Punch|p2a: Piloswine\n|-supereffective|p2a: Piloswine\n|-damage|p2a: Piloswine|91/309\n|-heal|p1a: Annihilape|227/292|[from] drain|[of] p2a: Piloswine\n|move|p2a: Piloswine|Earthquake|p1a: Annihilape\n|-crit|p1a: Annihilape\n|-damage|p1a: Annihilape|23/292\n|\n|upkeep\n|turn|11\n|\n|t:|1781428336\n|move|p1a: Annihilape|Drain Punch|p2a: Piloswine\n|-supereffective|p2a: Piloswine\n|-damage|p2a: Piloswine|0 fnt\n|-heal|p1a: Annihilape|69/292|[from] drain|[of] p2a: Piloswine\n|faint|p2a: Piloswine\n|\n|upkeep\n|\n|t:|1781428339\n|switch|p2a: Volbeat|Volbeat, L90, M|263/263\n|turn|12\n|\n|t:|1781428351\n|move|p2a: Volbeat|Thunder Wave|p1a: Annihilape\n|-status|p1a: Annihilape|par\n|move|p1a: Annihilape|Rage Fist|p2a: Volbeat\n|-damage|p2a: Volbeat|0 fnt\n|faint|p2a: Volbeat\n|\n|upkeep\n|\n|t:|1781428353\n|switch|p2a: Snorlax|Snorlax, L82, M|397/397\n|turn|13\n|l|\u2606gunx321\n|inactive|gunx321 disconnected and has a minute to reconnect!\n|player|p2|\n|inactive|gunx321 has 30 seconds to reconnect!\n|inactive|gunx321 has 20 seconds to reconnect!\n|inactive|gunx321 has 15 seconds to reconnect!\n|inactive|gunx321 has 10 seconds to reconnect!\n|inactive|gunx321 has 5 seconds to reconnect!\n|-message|gunx321 lost due to inactivity.\n|\n|win|Hoxeel\n|raw|Hoxeel's rating: 1334 &rarr; <strong>1355</strong><br />(+21 for winning)\n|raw|gunx321's rating: 1356 &rarr; <strong>1335</strong><br />(-21 for losing)\n", "uploadtime": 1781428425, "views": 4, "formatid": "gen9randombattle", "rating": 1335, "private": 0, "password": null}