{"id": "gen9randombattle-2631404085", "format": "[Gen 9] Random Battle", "players": ["christiansraw", "stop_aa"], "log": "|j|\u2606christiansraw\n|j|\u2606stop_aa\n|t:|1781380561\n|gametype|singles\n|player|p1|christiansraw|jogger|1953\n|player|p2|stop_aa|101|2013\n|gen|9\n|tier|[Gen 9] Random Battle\n|rated|\n|rule|Species Clause: Limit one of each Pok\u00e9mon\n|rule|HP Percentage Mod: HP is shown in percentages\n|rule|Sleep Clause Mod: Limit one foe put to sleep\n|rule|Illusion Level Mod: Illusion disguises the Pok\u00e9mon's true level\n|\n|t:|1781380561\n|teamsize|p1|6\n|teamsize|p2|6\n|start\n|switch|p1a: Passimian|Passimian, L83, F|302/302\n|switch|p2a: Typhlosion|Typhlosion-Hisui, L83, M|257/257\n|turn|1\n|\n|t:|1781380575\n|switch|p2a: Slither Wing|Slither Wing, L81|270/270\n|move|p1a: Passimian|Knock Off|p2a: Slither Wing\n|-resisted|p2a: Slither Wing\n|-damage|p2a: Slither Wing|228/270\n|-enditem|p2a: Slither Wing|Choice Band|[from] move: Knock Off|[of] p1a: Passimian\n|\n|upkeep\n|turn|2\n|\n|t:|1781380585\n|switch|p1a: Kleavor|Kleavor, L78, M|237/237\n|move|p2a: Slither Wing|Close Combat|p1a: Kleavor\n|-damage|p1a: Kleavor|90/237\n|-unboost|p2a: Slither Wing|def|1\n|-unboost|p2a: Slither Wing|spd|1\n|\n|upkeep\n|turn|3\n|\n|t:|1781380592\n|move|p2a: Slither Wing|Close Combat|p1a: Kleavor\n|-damage|p1a: Kleavor|0 fnt\n|-unboost|p2a: Slither Wing|def|1\n|-unboost|p2a: Slither Wing|spd|1\n|faint|p1a: Kleavor\n|\n|upkeep\n|l|\u2606christiansraw\n|player|p1|\n|j|\u2606christiansraw\n|player|p1|christiansraw|jogger|\n|\n|t:|1781380642\n|switch|p1a: Mesprit|Mesprit, L85|275/275\n|turn|4\n|inactive|Battle timer is ON: inactive players will automatically lose when time's up. (requested by stop_aa)\n|\n|t:|1781380648\n|-end|p2a: Slither Wing|Protosynthesis|[silent]\n|switch|p2a: Morpeko|Morpeko, L88, M|245/245\n|move|p1a: Mesprit|Psychic Noise|p2a: Morpeko\n|-immune|p2a: Morpeko\n|\n|-formechange|p2a: Morpeko|Morpeko-Hangry||[from] ability: Hunger Switch\n|upkeep\n|turn|5\n|\n|t:|1781380660\n|switch|p1a: Passimian|Passimian, L83, F|302/302\n|move|p2a: Morpeko|Aura Wheel|p1a: Passimian\n|-resisted|p1a: Passimian\n|-damage|p1a: Passimian|243/302\n|-boost|p2a: Morpeko|spe|1\n|\n|-formechange|p2a: Morpeko|Morpeko||[from] ability: Hunger Switch\n|upkeep\n|turn|6\n|\n|t:|1781380668\n|switch|p2a: Slither Wing|Slither Wing, L81|228/270\n|switch|p1a: Rotom|Rotom-Mow, L87|229/229\n|\n|upkeep\n|turn|7\n|\n|t:|1781380699\n|-end|p2a: Slither Wing|Protosynthesis|[silent]\n|switch|p2a: Brambleghast|Brambleghast, L88, M|240/240\n|move|p1a: Rotom|Thunderbolt|p2a: Brambleghast\n|-resisted|p2a: Brambleghast\n|-damage|p2a: Brambleghast|180/240\n|\n|-heal|p2a: Brambleghast|195/240|[from] item: Leftovers\n|upkeep\n|turn|8\n|\n|t:|1781380705\n|move|p2a: Brambleghast|Poltergeist|p1a: Rotom\n|-activate|p1a: Rotom|move: Poltergeist|Leftovers\n|-damage|p1a: Rotom|108/229\n|move|p1a: Rotom|Will-O-Wisp|p2a: Brambleghast\n|-status|p2a: Brambleghast|brn\n|\n|-heal|p2a: Brambleghast|210/240 brn|[from] item: Leftovers\n|-heal|p1a: Rotom|122/229|[from] item: Leftovers\n|-damage|p2a: Brambleghast|195/240 brn|[from] brn\n|upkeep\n|turn|9\n|\n|t:|1781380714\n|switch|p1a: Passimian|Passimian, L83, F|243/302\n|move|p2a: Brambleghast|Poltergeist|p1a: Passimian\n|-activate|p1a: Passimian|move: Poltergeist|Choice Scarf\n|-damage|p1a: Passimian|167/302\n|\n|-heal|p2a: Brambleghast|210/240 brn|[from] item: Leftovers\n|-damage|p2a: Brambleghast|195/240 brn|[from] brn\n|upkeep\n|turn|10\n|\n|t:|1781380723\n|move|p1a: Passimian|Knock Off|p2a: Brambleghast\n|-supereffective|p2a: Brambleghast\n|-damage|p2a: Brambleghast|5/240 brn\n|-enditem|p2a: Brambleghast|Leftovers|[from] move: Knock Off|[of] p1a: Passimian\n|move|p2a: Brambleghast|Substitute|p2a: Brambleghast\n|-fail|p2a: Brambleghast|move: Substitute|[weak]\n|\n|-damage|p2a: Brambleghast|0 fnt|[from] brn\n|faint|p2a: Brambleghast\n|upkeep\n|\n|t:|1781380728\n|switch|p2a: Slither Wing|Slither Wing, L81|228/270\n|turn|11\n|\n|t:|1781380737\n|switch|p1a: Ninetales|Ninetales-Alola, L78, F|242/242\n|-weather|Snowscape|[from] ability: Snow Warning|[of] p1a: Ninetales\n|move|p2a: Slither Wing|U-turn|p1a: Ninetales\n|-resisted|p1a: Ninetales\n|-damage|p1a: Ninetales|208/242\n|\n|t:|1781380747\n|-end|p2a: Slither Wing|Protosynthesis|[silent]\n|switch|p2a: Typhlosion|Typhlosion-Hisui, L83, M|257/257|[from] U-turn\n|\n|-weather|Snowscape|[upkeep]\n|upkeep\n|turn|12\n|\n|t:|1781380760\n|-terastallize|p1a: Ninetales|Water\n|move|p2a: Typhlosion|Eruption|p1a: Ninetales\n|-resisted|p1a: Ninetales\n|-damage|p1a: Ninetales|115/242\n|move|p1a: Ninetales|Aurora Veil|p1a: Ninetales\n|-sidestart|p1: christiansraw|move: Aurora Veil\n|\n|-weather|Snowscape|[upkeep]\n|upkeep\n|turn|13\n|\n|t:|1781380769\n|switch|p2a: Raichu|Raichu-Alola, L87, F|246/246\n|move|p1a: Ninetales|Moonblast|p2a: Raichu\n|-damage|p2a: Raichu|165/246\n|\n|-weather|Snowscape|[upkeep]\n|upkeep\n|turn|14\n|\n|t:|1781380775\n|switch|p1a: Rotom|Rotom-Mow, L87|122/229\n|move|p2a: Raichu|Nasty Plot|p2a: Raichu\n|-boost|p2a: Raichu|spa|2\n|\n|-weather|Snowscape|[upkeep]\n|-heal|p1a: Rotom|136/229|[from] item: Leftovers\n|upkeep\n|turn|15\n|\n|t:|1781380783\n|move|p2a: Raichu|Psyshock|p1a: Rotom\n|-damage|p1a: Rotom|35/229\n|-damage|p2a: Raichu|141/246|[from] item: Life Orb\n|move|p1a: Rotom|Leaf Storm|p2a: Raichu\n|-damage|p2a: Raichu|0 fnt\n|-unboost|p1a: Rotom|spa|2\n|faint|p2a: Raichu\n|\n|-weather|none\n|-heal|p1a: Rotom|49/229|[from] item: Leftovers\n|upkeep\n|\n|t:|1781380793\n|switch|p2a: Morpeko|Morpeko, L88, M|245/245\n|turn|16\n|\n|t:|1781380797\n|move|p2a: Morpeko|Protect|p2a: Morpeko\n|-singleturn|p2a: Morpeko|Protect\n|move|p1a: Rotom|Will-O-Wisp|p2a: Morpeko\n|-activate|p2a: Morpeko|move: Protect\n|\n|-heal|p1a: Rotom|63/229|[from] item: Leftovers\n|-formechange|p2a: Morpeko|Morpeko-Hangry||[from] ability: Hunger Switch\n|upkeep\n|turn|17\n|\n|t:|1781380803\n|move|p2a: Morpeko|Parting Shot|p1a: Rotom\n|-unboost|p1a: Rotom|atk|1\n|-unboost|p1a: Rotom|spa|1\n|\n|t:|1781380804\n|switch|p2a: Typhlosion|Typhlosion-Hisui, L83, M|257/257|[from] Parting Shot\n|move|p1a: Rotom|Thunderbolt|p2a: Typhlosion\n|-damage|p2a: Typhlosion|212/257\n|\n|-heal|p1a: Rotom|77/229|[from] item: Leftovers\n|upkeep\n|turn|18\n|\n|t:|1781380814\n|move|p2a: Typhlosion|Eruption|p1a: Rotom\n|-supereffective|p1a: Rotom\n|-damage|p1a: Rotom|0 fnt\n|faint|p1a: Rotom\n|\n|upkeep\n|\n|t:|1781380817\n|switch|p1a: Passimian|Passimian, L83, F|167/302\n|turn|19\n|\n|t:|1781380822\n|switch|p2a: Slither Wing|Slither Wing, L81|228/270\n|move|p1a: Passimian|Rock Slide|p2a: Slither Wing\n|-damage|p2a: Slither Wing|156/270\n|\n|-sideend|p1: christiansraw|move: Aurora Veil\n|upkeep\n|turn|20\n|\n|t:|1781380830\n|switch|p1a: Mesprit|Mesprit, L85|275/275\n|move|p2a: Slither Wing|U-turn|p1a: Mesprit\n|-supereffective|p1a: Mesprit\n|-damage|p1a: Mesprit|111/275\n|\n|t:|1781380834\n|-end|p2a: Slither Wing|Protosynthesis|[silent]\n|switch|p2a: Morpeko|Morpeko, L88, M|245/245|[from] U-turn\n|\n|-heal|p1a: Mesprit|128/275|[from] item: Leftovers\n|-formechange|p2a: Morpeko|Morpeko-Hangry||[from] ability: Hunger Switch\n|upkeep\n|turn|21\n|\n|t:|1781380853\n|move|p2a: Morpeko|Aura Wheel|p1a: Mesprit\n|-supereffective|p1a: Mesprit\n|-damage|p1a: Mesprit|0 fnt\n|-boost|p2a: Morpeko|spe|1\n|faint|p1a: Mesprit\n|\n|-formechange|p2a: Morpeko|Morpeko||[from] ability: Hunger Switch\n|upkeep\n|\n|t:|1781380858\n|switch|p1a: Iron Leaves|Iron Leaves, L80|275/275\n|turn|22\n|inactive|stop_aa has 120 seconds left.\n|inactive|stop_aa has 90 seconds left.\n|\n|t:|1781380923\n|-end|p1a: Iron Leaves|Quark Drive|[silent]\n|switch|p1a: Passimian|Passimian, L83, F|167/302\n|move|p2a: Morpeko|Protect||[still]\n|-fail|p2a: Morpeko\n|\n|-formechange|p2a: Morpeko|Morpeko-Hangry||[from] ability: Hunger Switch\n|upkeep\n|turn|23\n|\n|t:|1781380937\n|move|p2a: Morpeko|Protect|p2a: Morpeko\n|-singleturn|p2a: Morpeko|Protect\n|move|p1a: Passimian|Earthquake|p2a: Morpeko\n|-activate|p2a: Morpeko|move: Protect\n|\n|-formechange|p2a: Morpeko|Morpeko||[from] ability: Hunger Switch\n|upkeep\n|turn|24\n|\n|t:|1781380943\n|switch|p1a: Iron Leaves|Iron Leaves, L80|275/275\n|-terastallize|p2a: Morpeko|Electric\n|move|p2a: Morpeko|Aura Wheel|p1a: Iron Leaves\n|-resisted|p1a: Iron Leaves\n|-damage|p1a: Iron Leaves|179/275\n|-boost|p2a: Morpeko|spe|1\n|\n|upkeep\n|turn|25\n|\n|t:|1781380949\n|move|p2a: Morpeko|Parting Shot|p1a: Iron Leaves\n|-unboost|p1a: Iron Leaves|atk|1\n|-unboost|p1a: Iron Leaves|spa|1\n|\n|t:|1781380952\n|switch|p2a: Typhlosion|Typhlosion-Hisui, L83, M|212/257|[from] Parting Shot\n|move|p1a: Iron Leaves|Psyblade|p2a: Typhlosion\n|-damage|p2a: Typhlosion|104/257\n|\n|upkeep\n|turn|26\n|inactive|stop_aa has 120 seconds left.\n|\n|t:|1781380959\n|-end|p1a: Iron Leaves|Quark Drive|[silent]\n|switch|p1a: Ninetales|Ninetales-Alola, L78, F, tera:Water|115/242\n|-weather|Snowscape|[from] ability: Snow Warning|[of] p1a: Ninetales\n|move|p2a: Typhlosion|Shadow Ball|p1a: Ninetales\n|-damage|p1a: Ninetales|24/242\n|\n|-weather|Snowscape|[upkeep]\n|upkeep\n|turn|27\n|\n|t:|1781380973\n|move|p2a: Typhlosion|Shadow Ball|p1a: Ninetales\n|-damage|p1a: Ninetales|0 fnt\n|faint|p1a: Ninetales\n|\n|-weather|Snowscape|[upkeep]\n|upkeep\n|\n|t:|1781380975\n|switch|p1a: Passimian|Passimian, L83, F|167/302\n|turn|28\n|\n|t:|1781380985\n|move|p2a: Typhlosion|Shadow Ball|p1a: Passimian\n|-damage|p1a: Passimian|41/302\n|move|p1a: Passimian|Rock Slide|p2a: Typhlosion\n|-supereffective|p2a: Typhlosion\n|-damage|p2a: Typhlosion|0 fnt\n|faint|p2a: Typhlosion\n|\n|-weather|Snowscape|[upkeep]\n|upkeep\n|\n|t:|1781380992\n|switch|p2a: Morpeko|Morpeko, L88, M, tera:Electric|245/245\n|turn|29\n|\n|t:|1781380997\n|switch|p1a: Iron Leaves|Iron Leaves, L80|179/275\n|move|p2a: Morpeko|Aura Wheel|p1a: Iron Leaves\n|-resisted|p1a: Iron Leaves\n|-damage|p1a: Iron Leaves|95/275\n|-boost|p2a: Morpeko|spe|1\n|\n|-weather|Snowscape|[upkeep]\n|upkeep\n|turn|30\n|\n|t:|1781381010\n|move|p2a: Morpeko|Aura Wheel|p1a: Iron Leaves\n|-resisted|p1a: Iron Leaves\n|-damage|p1a: Iron Leaves|5/275\n|-boost|p2a: Morpeko|spe|1\n|move|p1a: Iron Leaves|Psyblade|p2a: Morpeko\n|-damage|p2a: Morpeko|62/245\n|\n|-weather|none\n|upkeep\n|turn|31\n|c|\u2606christiansraw|gg\n|-message|christiansraw forfeited.\n|\n|win|stop_aa\n|raw|christiansraw's rating: 1953 &rarr; <strong>1936</strong><br />(-17 for losing)\n|raw|stop_aa's rating: 2013 &rarr; <strong>2030</strong><br />(+17 for winning)\n", "uploadtime": 1781380564, "views": 8, "formatid": "gen9randombattle", "rating": 1936, "private": 0, "password": null}