{"id": "gen9randombattle-2631609537", "format": "[Gen 9] Random Battle", "players": ["Datboydougy", "mayqueen nyannyan"], "log": "|j|\u203dDatboydougy\n|j|\u2606mayqueen nyannyan\n|t:|1781408358\n|gametype|singles\n|player|p1|Datboydougy|102|2184\n|player|p2|mayqueen nyannyan|169|2287\n|gen|9\n|tier|[Gen 9] Random Battle\n|rated|\n|rule|Species Clause: Limit one of each Pok\u00e9mon\n|rule|HP Percentage Mod: HP is shown in percentages\n|rule|Sleep Clause Mod: Limit one foe put to sleep\n|rule|Illusion Level Mod: Illusion disguises the Pok\u00e9mon's true level\n|\n|t:|1781408358\n|teamsize|p1|6\n|teamsize|p2|6\n|start\n|switch|p1a: Gastrodon|Gastrodon, L86, F|331/331\n|switch|p2a: Morpeko|Morpeko, L88, F|245/245\n|turn|1\n|inactive|Battle timer is ON: inactive players will automatically lose when time's up. (requested by mayqueen nyannyan)\n|\n|t:|1781408386\n|move|p2a: Morpeko|Knock Off|p1a: Gastrodon\n|-damage|p1a: Gastrodon|196/331\n|-enditem|p1a: Gastrodon|Leftovers|[from] move: Knock Off|[of] p2a: Morpeko\n|move|p1a: Gastrodon|Stealth Rock|p2a: Morpeko\n|-sidestart|p2: mayqueen nyannyan|move: Stealth Rock\n|\n|-formechange|p2a: Morpeko|Morpeko-Hangry||[from] ability: Hunger Switch\n|upkeep\n|turn|2\n|\n|t:|1781408389\n|move|p2a: Morpeko|Rapid Spin|p1a: Gastrodon\n|-damage|p1a: Gastrodon|150/331\n|-boost|p2a: Morpeko|spe|1\n|-sideend|p2: mayqueen nyannyan|Stealth Rock|[from] move: Rapid Spin|[of] p2a: Morpeko\n|move|p1a: Gastrodon|Recover|p1a: Gastrodon\n|-heal|p1a: Gastrodon|316/331\n|\n|-formechange|p2a: Morpeko|Morpeko||[from] ability: Hunger Switch\n|upkeep\n|turn|3\n|\n|t:|1781408398\n|switch|p2a: Exeggutor|Exeggutor-Alola, L89, M|314/314\n|move|p1a: Gastrodon|Stealth Rock|p2a: Exeggutor\n|-sidestart|p2: mayqueen nyannyan|move: Stealth Rock\n|\n|upkeep\n|turn|4\n|\n|t:|1781408405\n|switch|p1a: Zebstrika|Zebstrika, L87, F|272/272\n|move|p2a: Exeggutor|Wood Hammer|p1a: Zebstrika\n|-ability|p1a: Zebstrika|Sap Sipper|boost\n|-boost|p1a: Zebstrika|atk|1\n|\n|upkeep\n|turn|5\n|inactive|Datboydougy has 120 seconds left.\n|\n|t:|1781408451\n|switch|p1a: Iron Valiant|Iron Valiant, L78|244/244\n|move|p2a: Exeggutor|Knock Off|p1a: Iron Valiant\n|-resisted|p1a: Iron Valiant\n|-damage|p1a: Iron Valiant|224/244\n|-enditem|p1a: Iron Valiant|Life Orb|[from] move: Knock Off|[of] p2a: Exeggutor\n|\n|upkeep\n|turn|6\n|\n|t:|1781408463\n|move|p1a: Iron Valiant|Calm Mind|p1a: Iron Valiant\n|-boost|p1a: Iron Valiant|spa|1\n|-boost|p1a: Iron Valiant|spd|1\n|move|p2a: Exeggutor|Wood Hammer|p1a: Iron Valiant\n|-damage|p1a: Iron Valiant|55/244\n|-damage|p2a: Exeggutor|258/314|[from] Recoil\n|\n|upkeep\n|turn|7\n|\n|t:|1781408486\n|switch|p2a: Morpeko|Morpeko, L88, F|245/245\n|-damage|p2a: Morpeko|215/245|[from] Stealth Rock\n|move|p1a: Iron Valiant|Moonblast|p2a: Morpeko\n|-supereffective|p2a: Morpeko\n|-damage|p2a: Morpeko|0 fnt\n|faint|p2a: Morpeko\n|\n|upkeep\n|\n|t:|1781408491\n|switch|p2a: Farigiraf|Farigiraf, L90, M|362/362\n|-damage|p2a: Farigiraf|317/362|[from] Stealth Rock\n|turn|8\n|inactive|Datboydougy has 120 seconds left.\n|inactive|Datboydougy has 90 seconds left.\n|\n|t:|1781408543\n|move|p2a: Farigiraf|Protect|p2a: Farigiraf\n|-singleturn|p2a: Farigiraf|Protect\n|move|p1a: Iron Valiant|Moonblast|p2a: Farigiraf\n|-activate|p2a: Farigiraf|move: Protect\n|\n|-heal|p2a: Farigiraf|339/362|[from] item: Leftovers\n|upkeep\n|turn|9\n|\n|t:|1781408548\n|move|p1a: Iron Valiant|Moonblast|p2a: Farigiraf\n|-crit|p2a: Farigiraf\n|-damage|p2a: Farigiraf|96/362\n|move|p2a: Farigiraf|Body Slam|p1a: Iron Valiant\n|-damage|p1a: Iron Valiant|0 fnt\n|faint|p1a: Iron Valiant\n|-end|p1a: Iron Valiant|Quark Drive|[silent]\n|\n|-heal|p2a: Farigiraf|118/362|[from] item: Leftovers\n|upkeep\n|\n|t:|1781408558\n|switch|p1a: Iron Jugulis|Iron Jugulis, L77|271/271\n|turn|10\n|\n|t:|1781408562\n|move|p2a: Farigiraf|Protect|p2a: Farigiraf\n|-singleturn|p2a: Farigiraf|Protect\n|move|p1a: Iron Jugulis|U-turn|p2a: Farigiraf\n|-activate|p2a: Farigiraf|move: Protect\n|\n|-heal|p2a: Farigiraf|140/362|[from] item: Leftovers\n|upkeep\n|turn|11\n|\n|t:|1781408564\n|move|p1a: Iron Jugulis|U-turn|p2a: Farigiraf\n|-supereffective|p2a: Farigiraf\n|-damage|p2a: Farigiraf|62/362\n|j| drogga\n|\n|t:|1781408573\n|-end|p1a: Iron Jugulis|Quark Drive|[silent]\n|switch|p1a: Zebstrika|Zebstrika, L87, F|272/272|[from] U-turn\n|move|p2a: Farigiraf|Wish|p2a: Farigiraf\n|\n|-heal|p2a: Farigiraf|84/362|[from] item: Leftovers\n|upkeep\n|turn|12\n|\n|t:|1781408582\n|switch|p1a: Iron Jugulis|Iron Jugulis, L77|271/271\n|move|p2a: Farigiraf|Protect||[still]\n|-fail|p2a: Farigiraf\n|\n|-heal|p2a: Farigiraf|265/362|[from] move: Wish|[wisher] Farigiraf\n|-heal|p2a: Farigiraf|287/362|[from] item: Leftovers\n|upkeep\n|turn|13\n|\n|t:|1781408584\n|move|p2a: Farigiraf|Protect|p2a: Farigiraf\n|-singleturn|p2a: Farigiraf|Protect\n|move|p1a: Iron Jugulis|Dark Pulse|p2a: Farigiraf\n|-activate|p2a: Farigiraf|move: Protect\n|\n|-heal|p2a: Farigiraf|309/362|[from] item: Leftovers\n|upkeep\n|turn|14\n|\n|t:|1781408589\n|move|p1a: Iron Jugulis|Dark Pulse|p2a: Farigiraf\n|-supereffective|p2a: Farigiraf\n|-damage|p2a: Farigiraf|21/362\n|cant|p2a: Farigiraf|flinch\n|\n|-heal|p2a: Farigiraf|43/362|[from] item: Leftovers\n|upkeep\n|turn|15\n|\n|t:|1781408594\n|move|p1a: Iron Jugulis|Dark Pulse|p2a: Farigiraf\n|-supereffective|p2a: Farigiraf\n|-damage|p2a: Farigiraf|0 fnt\n|faint|p2a: Farigiraf\n|\n|upkeep\n|\n|t:|1781408599\n|switch|p2a: Miraidon|Miraidon, L65|238/238\n|-damage|p2a: Miraidon|209/238|[from] Stealth Rock\n|-fieldstart|move: Electric Terrain|[from] ability: Hadron Engine|[of] p2a: Miraidon\n|-activate|p1a: Iron Jugulis|ability: Quark Drive\n|-start|p1a: Iron Jugulis|quarkdrivespa\n|turn|16\n|\n|t:|1781408617\n|-terastallize|p1a: Iron Jugulis|Dark\n|move|p2a: Miraidon|Calm Mind|p2a: Miraidon\n|-boost|p2a: Miraidon|spa|1\n|-boost|p2a: Miraidon|spd|1\n|move|p1a: Iron Jugulis|Dark Pulse|p2a: Miraidon\n|-damage|p2a: Miraidon|53/238\n|\n|upkeep\n|turn|17\n|\n|t:|1781408621\n|move|p2a: Miraidon|Electro Drift|p1a: Iron Jugulis\n|-damage|p1a: Iron Jugulis|0 fnt\n|faint|p1a: Iron Jugulis\n|-end|p1a: Iron Jugulis|Quark Drive|[silent]\n|-damage|p2a: Miraidon|30/238|[from] item: Life Orb\n|\n|upkeep\n|\n|t:|1781408639\n|switch|p1a: Zebstrika|Zebstrika, L87, F|272/272\n|turn|18\n|\n|t:|1781408643\n|move|p1a: Zebstrika|High Horsepower|p2a: Miraidon\n|-supereffective|p2a: Miraidon\n|-damage|p2a: Miraidon|0 fnt\n|faint|p2a: Miraidon\n|-damage|p1a: Zebstrika|245/272|[from] item: Life Orb\n|\n|upkeep\n|\n|t:|1781408645\n|switch|p2a: Exeggutor|Exeggutor-Alola, L89, M|258/314\n|-damage|p2a: Exeggutor|219/314|[from] Stealth Rock\n|turn|19\n|\n|t:|1781408655\n|move|p1a: Zebstrika|Volt Switch|p2a: Exeggutor\n|-resisted|p2a: Exeggutor\n|-damage|p2a: Exeggutor|187/314\n|-damage|p1a: Zebstrika|218/272|[from] item: Life Orb\n|\n|t:|1781408667\n|switch|p1a: Mudsdale|Mudsdale, L83, F|302/302|[from] Volt Switch\n|move|p2a: Exeggutor|Knock Off|p1a: Mudsdale\n|-damage|p1a: Mudsdale|228/302\n|-ability|p1a: Mudsdale|Stamina|boost\n|-boost|p1a: Mudsdale|def|1\n|-enditem|p1a: Mudsdale|Leftovers|[from] move: Knock Off|[of] p2a: Exeggutor\n|\n|upkeep\n|turn|20\n|\n|t:|1781408676\n|move|p2a: Exeggutor|Wood Hammer|p1a: Mudsdale\n|-supereffective|p1a: Mudsdale\n|-damage|p1a: Mudsdale|30/302\n|-ability|p1a: Mudsdale|Stamina|boost\n|-boost|p1a: Mudsdale|def|1\n|-damage|p2a: Exeggutor|122/314|[from] Recoil\n|-enditem|p2a: Exeggutor|Sitrus Berry|[eat]\n|-heal|p2a: Exeggutor|200/314|[from] item: Sitrus Berry\n|move|p1a: Mudsdale|Roar|p2a: Exeggutor\n|drag|p2a: Cloyster|Cloyster, L80, M|211/211\n|-damage|p2a: Cloyster|159/211|[from] Stealth Rock\n|\n|-fieldend|move: Electric Terrain\n|upkeep\n|turn|21\n|\n|t:|1781408682\n|move|p2a: Cloyster|Icicle Spear|p1a: Mudsdale\n|-supereffective|p1a: Mudsdale\n|-crit|p1a: Mudsdale\n|-damage|p1a: Mudsdale|0 fnt\n|faint|p1a: Mudsdale\n|-hitcount|p1: Mudsdale|1\n|\n|upkeep\n|\n|t:|1781408703\n|switch|p1a: Zebstrika|Zebstrika, L87, F|218/272\n|turn|22\n|\n|t:|1781408706\n|move|p1a: Zebstrika|Overheat|p2a: Cloyster\n|-damage|p2a: Cloyster|0 fnt\n|-unboost|p1a: Zebstrika|spa|2\n|faint|p2a: Cloyster\n|-damage|p1a: Zebstrika|191/272|[from] item: Life Orb\n|\n|upkeep\n|\n|t:|1781408709\n|switch|p2a: Exeggutor|Exeggutor-Alola, L89, M|200/314\n|-damage|p2a: Exeggutor|161/314|[from] Stealth Rock\n|turn|23\n|\n|t:|1781408720\n|switch|p1a: Gastrodon|Gastrodon, L86, F|316/331\n|move|p2a: Exeggutor|Knock Off|p1a: Gastrodon\n|-damage|p1a: Gastrodon|251/331\n|\n|upkeep\n|turn|24\n|\n|t:|1781408727\n|switch|p1a: Rayquaza|Rayquaza, L72|270/270\n|-ability|p1a: Rayquaza|Air Lock\n|move|p2a: Exeggutor|Knock Off|p1a: Rayquaza\n|-damage|p1a: Rayquaza|178/270\n|-enditem|p1a: Rayquaza|Heavy-Duty Boots|[from] move: Knock Off|[of] p2a: Exeggutor\n|\n|-item|p2a: Exeggutor|Sitrus Berry|[from] ability: Harvest\n|upkeep\n|turn|25\n|\n|t:|1781408735\n|move|p1a: Rayquaza|Dragon Ascent|p2a: Exeggutor\n|-supereffective|p2a: Exeggutor\n|-damage|p2a: Exeggutor|0 fnt\n|-unboost|p1a: Rayquaza|def|1\n|-unboost|p1a: Rayquaza|spd|1\n|faint|p2a: Exeggutor\n|\n|upkeep\n|\n|t:|1781408737\n|switch|p2a: Lunala|Lunala, L70|308/308\n|-damage|p2a: Lunala|270/308|[from] Stealth Rock\n|turn|26\n|\n|t:|1781408744\n|move|p1a: Rayquaza|Swords Dance|p1a: Rayquaza\n|-boost|p1a: Rayquaza|atk|2\n|move|p2a: Lunala|Moonlight|p2a: Lunala\n|-heal|p2a: Lunala|308/308\n|\n|upkeep\n|turn|27\n|\n|t:|1781408749\n|move|p1a: Rayquaza|Dragon Ascent|p2a: Lunala\n|-damage|p2a: Lunala|152/308\n|-unboost|p1a: Rayquaza|def|1\n|-unboost|p1a: Rayquaza|spd|1\n|move|p2a: Lunala|Moongeist Beam|p1a: Rayquaza\n|-damage|p1a: Rayquaza|0 fnt\n|faint|p1a: Rayquaza\n|\n|-heal|p2a: Lunala|171/308|[from] item: Leftovers\n|upkeep\n|\n|t:|1781408756\n|switch|p1a: Zebstrika|Zebstrika, L87, F|191/272\n|turn|28\n|\n|t:|1781408759\n|move|p1a: Zebstrika|Supercell Slam|p2a: Lunala\n|-damage|p2a: Lunala|3/308\n|-damage|p1a: Zebstrika|164/272|[from] item: Life Orb\n|move|p2a: Lunala|Moonlight|p2a: Lunala\n|-heal|p2a: Lunala|157/308\n|\n|-heal|p2a: Lunala|176/308|[from] item: Leftovers\n|upkeep\n|turn|29\n|\n|t:|1781408762\n|move|p1a: Zebstrika|Supercell Slam|p2a: Lunala\n|-damage|p2a: Lunala|0 fnt\n|faint|p2a: Lunala\n|-damage|p1a: Zebstrika|137/272|[from] item: Life Orb\n|\n|win|Datboydougy\n", "uploadtime": 1781408360, "views": 3, "formatid": "gen9randombattle", "rating": null, "private": 0, "password": null}