{"id": "gen9randombattle-2631890707", "format": "[Gen 9] Random Battle", "players": ["sanketsu shoujo", "Crysys1"], "log": "|badge|p1|bronze|gen9randombattle|100-9\n|uhtml|medal-msg|<div class=\"broadcast-blue\">Curious what those medals under the avatar are? PS now has Ladder Seasons! For more information, check out the <a href=\"https://www.smogon.com/forums/threads/3740067/\">thread on Smogon.</a></div>\n|j|\u2606sanketsu shoujo\n|j|\u2606Crysys1\n|t:|1781452549\n|gametype|singles\n|player|p1|sanketsu shoujo|misty-masters|2354\n|player|p2|Crysys1|265|2321\n|gen|9\n|tier|[Gen 9] Random Battle\n|rated|\n|rule|Species Clause: Limit one of each Pok\u00e9mon\n|rule|HP Percentage Mod: HP is shown in percentages\n|rule|Sleep Clause Mod: Limit one foe put to sleep\n|rule|Illusion Level Mod: Illusion disguises the Pok\u00e9mon's true level\n|\n|t:|1781452549\n|teamsize|p1|6\n|teamsize|p2|6\n|start\n|switch|p1a: Salazzle|Salazzle, L83, F|249/249\n|switch|p2a: Florges|Florges-Orange, L85, F|271/271\n|turn|1\n|\n|t:|1781452569\n|switch|p1a: Greedent|Greedent, L86, F|347/347\n|switch|p2a: Araquanid|Araquanid, L82, M|246/246\n|\n|upkeep\n|turn|2\n|j| OriginalChad\n|\n|t:|1781452581\n|move|p2a: Araquanid|Sticky Web|p1a: Greedent\n|-sidestart|p1: sanketsu shoujo|move: Sticky Web\n|move|p1a: Greedent|Swords Dance|p1a: Greedent\n|-boost|p1a: Greedent|atk|2\n|\n|upkeep\n|turn|3\n|\n|t:|1781452595\n|move|p2a: Araquanid|Hydro Pump|p1a: Greedent|[miss]\n|-miss|p2a: Araquanid|p1a: Greedent\n|move|p1a: Greedent|Double-Edge|p2a: Araquanid\n|-damage|p2a: Araquanid|9/246\n|-damage|p1a: Greedent|269/347|[from] Recoil\n|\n|upkeep\n|turn|4\n|\n|t:|1781452605\n|move|p2a: Araquanid|Hydro Pump|p1a: Greedent|[miss]\n|-miss|p2a: Araquanid|p1a: Greedent\n|move|p1a: Greedent|Knock Off|p2a: Araquanid\n|-damage|p2a: Araquanid|0 fnt\n|-enditem|p2a: Araquanid|Heavy-Duty Boots|[from] move: Knock Off|[of] p1a: Greedent\n|faint|p2a: Araquanid\n|\n|upkeep\n|\n|t:|1781452614\n|switch|p2a: Coalossal|Coalossal, L89, M|341/341\n|turn|5\n|\n|t:|1781452626\n|move|p2a: Coalossal|Stone Edge|p1a: Greedent\n|-damage|p1a: Greedent|182/347\n|move|p1a: Greedent|Earthquake|p2a: Coalossal\n|-supereffective|p2a: Coalossal\n|-damage|p2a: Coalossal|0 fnt\n|faint|p2a: Coalossal\n|\n|upkeep\n|\n|t:|1781452639\n|switch|p2a: Iron Crown|Iron Crown, L78|268/268\n|turn|6\n|\n|t:|1781452645\n|-terastallize|p1a: Greedent|Ghost\n|move|p2a: Iron Crown|Focus Blast|p1a: Greedent\n|-immune|p1a: Greedent\n|move|p1a: Greedent|Earthquake|p2a: Iron Crown\n|-supereffective|p2a: Iron Crown\n|-damage|p2a: Iron Crown|0 fnt\n|faint|p2a: Iron Crown\n|-end|p2a: Iron Crown|Quark Drive|[silent]\n|\n|upkeep\n|-message|Crysys1 forfeited.\n|\n|win|sanketsu shoujo\n", "uploadtime": 1781452552, "views": 4, "formatid": "gen9randombattle", "rating": null, "private": 0, "password": null}