{"id": "gen9randombattle-2631935680", "format": "[Gen 9] Random Battle", "players": ["misterdickfister", "w0rld0ftanks38"], "log": "|j|\u2606misterdickfister\n|j|\u2606w0rld0ftanks38\n|t:|1781457441\n|gametype|singles\n|player|p1|misterdickfister|1|1187\n|player|p2|w0rld0ftanks38|1|1229\n|gen|9\n|tier|[Gen 9] Random Battle\n|rated|\n|rule|Species Clause: Limit one of each Pok\u00e9mon\n|rule|HP Percentage Mod: HP is shown in percentages\n|rule|Sleep Clause Mod: Limit one foe put to sleep\n|rule|Illusion Level Mod: Illusion disguises the Pok\u00e9mon's true level\n|\n|t:|1781457441\n|teamsize|p1|6\n|teamsize|p2|6\n|start\n|switch|p1a: Diancie|Diancie, L82|216/216\n|switch|p2a: Pyroar|Pyroar, L88, F|295/295\n|-ability|p2a: Pyroar|Unnerve\n|turn|1\n|\n|t:|1781457460\n|move|p2a: Pyroar|Will-O-Wisp|p1a: Diancie\n|-status|p1a: Diancie|brn\n|move|p1a: Diancie|Rock Polish|p1a: Diancie\n|-boost|p1a: Diancie|spe|2\n|\n|-damage|p1a: Diancie|203/216 brn|[from] brn\n|upkeep\n|turn|2\n|\n|t:|1781457479\n|switch|p2a: Exeggutor|Exeggutor, L89, M|312/312\n|move|p1a: Diancie|Diamond Storm|p2a: Exeggutor\n|-damage|p2a: Exeggutor|260/312\n|-boost|p1a: Diancie|def|2\n|\n|-heal|p1a: Diancie|216/216 brn|[from] item: Leftovers\n|-damage|p1a: Diancie|203/216 brn|[from] brn\n|upkeep\n|turn|3\n|\n|t:|1781457492\n|move|p1a: Diancie|Moonblast|p2a: Exeggutor\n|-damage|p2a: Exeggutor|158/312\n|move|p2a: Exeggutor|Substitute|p2a: Exeggutor\n|-start|p2a: Exeggutor|Substitute\n|-damage|p2a: Exeggutor|80/312\n|-enditem|p2a: Exeggutor|Sitrus Berry|[eat]\n|-heal|p2a: Exeggutor|158/312|[from] item: Sitrus Berry\n|\n|-heal|p1a: Diancie|216/216 brn|[from] item: Leftovers\n|-damage|p1a: Diancie|203/216 brn|[from] brn\n|-item|p2a: Exeggutor|Sitrus Berry|[from] ability: Harvest\n|upkeep\n|turn|4\n|\n|t:|1781457506\n|move|p1a: Diancie|Moonblast|p2a: Exeggutor\n|-end|p2a: Exeggutor|Substitute\n|move|p2a: Exeggutor|Calm Mind|p2a: Exeggutor\n|-boost|p2a: Exeggutor|spa|1\n|-boost|p2a: Exeggutor|spd|1\n|\n|-heal|p1a: Diancie|216/216 brn|[from] item: Leftovers\n|-damage|p1a: Diancie|203/216 brn|[from] brn\n|upkeep\n|turn|5\n|\n|t:|1781457517\n|move|p1a: Diancie|Moonblast|p2a: Exeggutor\n|-damage|p2a: Exeggutor|86/312\n|-unboost|p2a: Exeggutor|spa|1\n|-enditem|p2a: Exeggutor|Sitrus Berry|[eat]\n|-heal|p2a: Exeggutor|164/312|[from] item: Sitrus Berry\n|move|p2a: Exeggutor|Giga Drain|p1a: Diancie\n|-supereffective|p1a: Diancie\n|-damage|p1a: Diancie|69/216 brn\n|-heal|p2a: Exeggutor|231/312|[from] drain|[of] p1a: Diancie\n|\n|-heal|p1a: Diancie|82/216 brn|[from] item: Leftovers\n|-damage|p1a: Diancie|69/216 brn|[from] brn\n|-item|p2a: Exeggutor|Sitrus Berry|[from] ability: Harvest\n|upkeep\n|turn|6\n|\n|t:|1781457542\n|switch|p1a: Medicham|Medicham, L86, F|243/243\n|move|p2a: Exeggutor|Calm Mind|p2a: Exeggutor\n|-boost|p2a: Exeggutor|spa|1\n|-boost|p2a: Exeggutor|spd|1\n|\n|upkeep\n|turn|7\n|\n|t:|1781457565\n|-terastallize|p2a: Exeggutor|Steel\n|move|p1a: Medicham|Poison Jab|p2a: Exeggutor\n|-immune|p2a: Exeggutor\n|move|p2a: Exeggutor|Psychic|p1a: Medicham\n|-damage|p1a: Medicham|27/243\n|\n|upkeep\n|turn|8\n|\n|t:|1781457588\n|switch|p1a: Lugia|Lugia, L73|275/275\n|move|p2a: Exeggutor|Substitute|p2a: Exeggutor\n|-start|p2a: Exeggutor|Substitute\n|-damage|p2a: Exeggutor|153/312\n|-enditem|p2a: Exeggutor|Sitrus Berry|[eat]\n|-heal|p2a: Exeggutor|231/312|[from] item: Sitrus Berry\n|\n|-item|p2a: Exeggutor|Sitrus Berry|[from] ability: Harvest\n|upkeep\n|turn|9\n|\n|t:|1781457637\n|move|p1a: Lugia|Aeroblast|p2a: Exeggutor\n|-resisted|p2a: Exeggutor\n|-activate|p2a: Exeggutor|move: Substitute|[damage]\n|move|p2a: Exeggutor|Calm Mind|p2a: Exeggutor\n|-boost|p2a: Exeggutor|spa|1\n|-boost|p2a: Exeggutor|spd|1\n|\n|upkeep\n|turn|10\n|\n|t:|1781457660\n|switch|p1a: Medicham|Medicham, L86, F|27/243\n|move|p2a: Exeggutor|Calm Mind|p2a: Exeggutor\n|-boost|p2a: Exeggutor|spa|1\n|-boost|p2a: Exeggutor|spd|1\n|\n|upkeep\n|turn|11\n|\n|t:|1781457668\n|move|p1a: Medicham|Trick||[still]\n|-fail|p1a: Medicham\n|move|p2a: Exeggutor|Giga Drain|p1a: Medicham\n|-damage|p1a: Medicham|0 fnt\n|-heal|p2a: Exeggutor|245/312|[from] drain|[of] p1a: Medicham\n|faint|p1a: Medicham\n|\n|upkeep\n|\n|t:|1781457689\n|switch|p1a: Iron Hands|Iron Hands, L79|373/373\n|turn|12\n|\n|t:|1781457696\n|-terastallize|p1a: Iron Hands|Electric\n|move|p2a: Exeggutor|Psychic|p1a: Iron Hands\n|-damage|p1a: Iron Hands|115/373\n|move|p1a: Iron Hands|Drain Punch|p2a: Exeggutor\n|-supereffective|p2a: Exeggutor\n|-end|p2a: Exeggutor|Substitute\n|-heal|p1a: Iron Hands|144/373|[from] drain|[of] p2a: Exeggutor\n|\n|upkeep\n|turn|13\n|\n|t:|1781457706\n|move|p2a: Exeggutor|Giga Drain|p1a: Iron Hands\n|-damage|p1a: Iron Hands|0 fnt\n|-heal|p2a: Exeggutor|312/312|[from] drain|[of] p1a: Iron Hands\n|faint|p1a: Iron Hands\n|-end|p1a: Iron Hands|Quark Drive|[silent]\n|\n|upkeep\n|\n|t:|1781457736\n|switch|p1a: Trevenant|Trevenant, L89, F|296/296\n|turn|14\n|inactive|Battle timer is ON: inactive players will automatically lose when time's up. (requested by misterdickfister)\n|\n|t:|1781457744\n|move|p1a: Trevenant|Drain Punch|p2a: Exeggutor\n|-supereffective|p2a: Exeggutor\n|-damage|p2a: Exeggutor|146/312\n|-enditem|p2a: Exeggutor|Sitrus Berry|[eat]\n|-heal|p2a: Exeggutor|224/312|[from] item: Sitrus Berry\n|-damage|p1a: Trevenant|267/296|[from] item: Life Orb\n|move|p2a: Exeggutor|Psychic|p1a: Trevenant\n|-damage|p1a: Trevenant|0 fnt\n|faint|p1a: Trevenant\n|\n|-item|p2a: Exeggutor|Sitrus Berry|[from] ability: Harvest\n|upkeep\n|\n|t:|1781457760\n|switch|p1a: Diancie|Diancie, L82|69/216 brn\n|turn|15\n|\n|t:|1781457765\n|move|p2a: Exeggutor|Giga Drain|p1a: Diancie\n|-supereffective|p1a: Diancie\n|-damage|p1a: Diancie|0 fnt\n|-heal|p2a: Exeggutor|259/312|[from] drain|[of] p1a: Diancie\n|faint|p1a: Diancie\n|\n|upkeep\n|\n|t:|1781457779\n|switch|p1a: Noctowl|Noctowl, L95, F|344/344\n|turn|16\n|\n|t:|1781457790\n|move|p1a: Noctowl|Calm Mind|p1a: Noctowl\n|-boost|p1a: Noctowl|spa|1\n|-boost|p1a: Noctowl|spd|1\n|move|p2a: Exeggutor|Psychic|p1a: Noctowl\n|-damage|p1a: Noctowl|161/344\n|\n|upkeep\n|turn|17\n|\n|t:|1781457811\n|switch|p2a: Zacian|Zacian, L69|241/241\n|-ability|p2a: Zacian|Intrepid Sword|boost\n|-boost|p2a: Zacian|atk|1\n|move|p1a: Noctowl|Calm Mind|p1a: Noctowl\n|-boost|p1a: Noctowl|spa|1\n|-boost|p1a: Noctowl|spd|1\n|\n|upkeep\n|turn|18\n|\n|t:|1781457826\n|move|p2a: Zacian|Close Combat|p1a: Noctowl\n|-damage|p1a: Noctowl|0 fnt\n|-unboost|p2a: Zacian|def|1\n|-unboost|p2a: Zacian|spd|1\n|faint|p1a: Noctowl\n|\n|upkeep\n|\n|t:|1781457834\n|switch|p1a: Lugia|Lugia, L73|275/275\n|turn|19\n|\n|t:|1781457844\n|switch|p2a: Dedenne|Dedenne, L88, M|261/261\n|move|p1a: Lugia|Aeroblast|p2a: Dedenne\n|-resisted|p2a: Dedenne\n|-crit|p2a: Dedenne\n|-damage|p2a: Dedenne|193/261\n|\n|upkeep\n|turn|20\n|\n|t:|1781457853\n|move|p2a: Dedenne|Thunderbolt|p1a: Lugia\n|-supereffective|p1a: Lugia\n|-damage|p1a: Lugia|212/275\n|move|p1a: Lugia|Psychic Noise|p2a: Dedenne\n|-damage|p2a: Dedenne|121/261\n|-start|p2a: Dedenne|move: Heal Block\n|\n|upkeep\n|turn|21\n|\n|t:|1781457863\n|move|p2a: Dedenne|Thunderbolt|p1a: Lugia\n|-supereffective|p1a: Lugia\n|-damage|p1a: Lugia|74/275\n|-status|p1a: Lugia|par\n|move|p1a: Lugia|Calm Mind|p1a: Lugia\n|-boost|p1a: Lugia|spa|1\n|-boost|p1a: Lugia|spd|1\n|\n|-end|p2a: Dedenne|move: Heal Block\n|upkeep\n|-enditem|p2a: Dedenne|Sitrus Berry|[eat]\n|-heal|p2a: Dedenne|186/261|[from] item: Sitrus Berry\n|-heal|p2a: Dedenne|261/261|[from] ability: Cheek Pouch\n|turn|22\n|\n|t:|1781457877\n|move|p2a: Dedenne|Thunderbolt|p1a: Lugia\n|-supereffective|p1a: Lugia\n|-damage|p1a: Lugia|0 fnt\n|faint|p1a: Lugia\n|\n|win|w0rld0ftanks38\n|raw|misterdickfister's rating: 1187 &rarr; <strong>1165</strong><br />(-22 for losing)\n|raw|w0rld0ftanks38's rating: 1229 &rarr; <strong>1251</strong><br />(+22 for winning)\n|l|\u2606misterdickfister\n|player|p1|\n", "uploadtime": 1781457899, "views": 6, "formatid": "gen9randombattle", "rating": 1165, "private": 0, "password": null}