{"id": "gen9randombattle-2631554260", "format": "[Gen 9] Random Battle", "players": ["TheFineMantine", "PlizComeToBrazil"], "log": "|j|\u2606TheFineMantine\n|j|\u2606PlizComeToBrazil\n|t:|1781400551\n|gametype|singles\n|player|p1|TheFineMantine|sordward|2225\n|player|p2|PlizComeToBrazil|102|2185\n|gen|9\n|tier|[Gen 9] Random Battle\n|rated|\n|rule|Species Clause: Limit one of each Pok\u00e9mon\n|rule|HP Percentage Mod: HP is shown in percentages\n|rule|Sleep Clause Mod: Limit one foe put to sleep\n|rule|Illusion Level Mod: Illusion disguises the Pok\u00e9mon's true level\n|\n|t:|1781400551\n|teamsize|p1|6\n|teamsize|p2|6\n|start\n|switch|p1a: Florges|Florges, L85, F|271/271\n|switch|p2a: Stonjourner|Stonjourner, L91, M|330/330\n|turn|1\n|inactive|Battle timer is ON: inactive players will automatically lose when time's up. (requested by PlizComeToBrazil)\n|\n|t:|1781400567\n|move|p2a: Stonjourner|Stone Edge|p1a: Florges\n|-damage|p1a: Florges|32/271\n|-damage|p2a: Stonjourner|297/330|[from] item: Life Orb\n|move|p1a: Florges|Moonblast|p2a: Stonjourner\n|-damage|p2a: Stonjourner|23/330\n|\n|-heal|p1a: Florges|48/271|[from] item: Leftovers\n|upkeep\n|turn|2\n|\n|t:|1781400576\n|move|p1a: Florges|Protect|p1a: Florges\n|-singleturn|p1a: Florges|Protect\n|move|p2a: Stonjourner|Heat Crash|p1a: Florges\n|-activate|p1a: Florges|move: Protect\n|\n|-heal|p1a: Florges|64/271|[from] item: Leftovers\n|upkeep\n|turn|3\n|\n|t:|1781400585\n|move|p1a: Florges|Protect||[still]\n|-fail|p1a: Florges\n|move|p2a: Stonjourner|Earthquake|p1a: Florges\n|-crit|p1a: Florges\n|-damage|p1a: Florges|0 fnt\n|faint|p1a: Florges\n|-damage|p2a: Stonjourner|0 fnt|[from] item: Life Orb\n|faint|p2a: Stonjourner\n|\n|upkeep\n|\n|t:|1781400600\n|switch|p2a: Tornadus|Tornadus-Therian, L79, M|254/254\n|switch|p1a: Chansey|Chansey, L85, F|564/564\n|turn|4\n|\n|t:|1781400613\n|move|p2a: Tornadus|U-turn|p1a: Chansey\n|-damage|p1a: Chansey|457/564\n|\n|t:|1781400620\n|switch|p2a: Oranguru|Oranguru, L92, F|315/315|[from] U-turn\n|move|p1a: Chansey|Thunder Wave|p2a: Oranguru\n|-status|p2a: Oranguru|par\n|\n|upkeep\n|turn|5\n|\n|t:|1781400629\n|move|p1a: Chansey|Seismic Toss|p2a: Oranguru\n|-damage|p2a: Oranguru|230/315 par\n|move|p2a: Oranguru|Nasty Plot|p2a: Oranguru\n|-boost|p2a: Oranguru|spa|2\n|\n|upkeep\n|turn|6\n|inactive|TheFineMantine has 120 seconds left.\n|\n|t:|1781400659\n|switch|p1a: Heatran|Heatran, L79, F|273/273\n|-item|p1a: Heatran|Air Balloon\n|move|p2a: Oranguru|Psyshock|p1a: Heatran\n|-resisted|p1a: Heatran\n|-damage|p1a: Heatran|155/273\n|-enditem|p1a: Heatran|Air Balloon\n|-damage|p2a: Oranguru|199/315 par|[from] item: Life Orb\n|\n|upkeep\n|turn|7\n|\n|t:|1781400670\n|move|p1a: Heatran|Stealth Rock|p2a: Oranguru\n|-sidestart|p2: PlizComeToBrazil|move: Stealth Rock\n|move|p2a: Oranguru|Thunderbolt|p1a: Heatran\n|-damage|p1a: Heatran|0 fnt\n|faint|p1a: Heatran\n|-damage|p2a: Oranguru|168/315 par|[from] item: Life Orb\n|\n|upkeep\n|\n|t:|1781400674\n|switch|p1a: Cinderace|Cinderace, L77, M|249/249\n|turn|8\n|\n|t:|1781400684\n|move|p1a: Cinderace|U-turn|p2a: Oranguru\n|-start|p1a: Cinderace|typechange|Bug|[from] ability: Libero\n|-supereffective|p2a: Oranguru\n|-damage|p2a: Oranguru|0 fnt\n|faint|p2a: Oranguru\n|\n|t:|1781400691\n|switch|p1a: Chansey|Chansey, L85, F|457/564|[from] U-turn\n|\n|upkeep\n|\n|t:|1781400705\n|switch|p2a: Basculegion|Basculegion-F, L83, F|335/335\n|-damage|p2a: Basculegion|294/335|[from] Stealth Rock\n|turn|9\n|\n|t:|1781400719\n|move|p2a: Basculegion|Wave Crash|p1a: Chansey\n|-damage|p1a: Chansey|115/564\n|-damage|p2a: Basculegion|181/335|[from] Recoil\n|move|p1a: Chansey|Thunder Wave|p2a: Basculegion|[miss]\n|-miss|p1a: Chansey|p2a: Basculegion\n|\n|upkeep\n|turn|10\n|\n|t:|1781400729\n|switch|p1a: Sceptile|Sceptile, L87, M|264/264\n|move|p2a: Basculegion|Flip Turn|p1a: Sceptile\n|-resisted|p1a: Sceptile\n|-damage|p1a: Sceptile|214/264\n|\n|t:|1781400735\n|switch|p2a: Tornadus|Tornadus-Therian, L79, M|254/254|[from] Flip Turn\n|-damage|p2a: Tornadus|191/254|[from] Stealth Rock\n|\n|-heal|p1a: Sceptile|230/264|[from] item: Leftovers\n|upkeep\n|turn|11\n|\n|t:|1781400752\n|move|p1a: Sceptile|Substitute|p1a: Sceptile\n|-start|p1a: Sceptile|Substitute\n|-damage|p1a: Sceptile|164/264\n|move|p2a: Tornadus|U-turn|p1a: Sceptile\n|-supereffective|p1a: Sceptile\n|-end|p1a: Sceptile|Substitute\n|\n|t:|1781400758\n|switch|p2a: Scovillain|Scovillain, L91, M|266/266|[from] U-turn\n|-damage|p2a: Scovillain|200/266|[from] Stealth Rock\n|\n|-heal|p1a: Sceptile|180/264|[from] item: Leftovers\n|upkeep\n|turn|12\n|\n|t:|1781400767\n|move|p2a: Scovillain|Flamethrower|p1a: Sceptile\n|-supereffective|p1a: Sceptile\n|-damage|p1a: Sceptile|0 fnt\n|faint|p1a: Sceptile\n|\n|upkeep\n|\n|t:|1781400779\n|switch|p1a: Chansey|Chansey, L85, F|115/564\n|turn|13\n|\n|t:|1781400783\n|switch|p2a: Basculegion|Basculegion-F, L83, F|181/335\n|-damage|p2a: Basculegion|140/335|[from] Stealth Rock\n|move|p1a: Chansey|Soft-Boiled|p1a: Chansey\n|-heal|p1a: Chansey|397/564\n|\n|upkeep\n|turn|14\n|\n|t:|1781400791\n|switch|p1a: Golduck|Golduck, L90, M|290/290\n|-ability|p1a: Golduck|Cloud Nine\n|move|p2a: Basculegion|Wave Crash|p1a: Golduck\n|-resisted|p1a: Golduck\n|-damage|p1a: Golduck|207/290\n|-damage|p2a: Basculegion|113/335|[from] Recoil\n|\n|-heal|p1a: Golduck|225/290|[from] item: Leftovers\n|upkeep\n|turn|15\n|\n|t:|1781400806\n|switch|p2a: Tornadus|Tornadus-Therian, L79, M|254/254\n|-damage|p2a: Tornadus|191/254|[from] Stealth Rock\n|move|p1a: Golduck|Hydro Pump|p2a: Tornadus\n|-damage|p2a: Tornadus|62/254\n|\n|-heal|p1a: Golduck|243/290|[from] item: Leftovers\n|upkeep\n|turn|16\n|j| Dr.Werxzty\n|\n|t:|1781400817\n|move|p2a: Tornadus|Bleakwind Storm|p1a: Golduck\n|-damage|p1a: Golduck|92/290\n|-unboost|p1a: Golduck|spe|1\n|move|p1a: Golduck|Ice Beam|p2a: Tornadus\n|-supereffective|p2a: Tornadus\n|-damage|p2a: Tornadus|0 fnt\n|faint|p2a: Tornadus\n|\n|-heal|p1a: Golduck|110/290|[from] item: Leftovers\n|upkeep\n|inactive|PlizComeToBrazil has 120 seconds left.\n|\n|t:|1781400858\n|switch|p2a: Persian|Persian-Alola, L86, M|252/252\n|-damage|p2a: Persian|221/252|[from] Stealth Rock\n|turn|17\n|\n|t:|1781400865\n|move|p2a: Persian|Thunderbolt|p1a: Golduck\n|-supereffective|p1a: Golduck\n|-damage|p1a: Golduck|0 fnt\n|faint|p1a: Golduck\n|-damage|p2a: Persian|196/252|[from] item: Life Orb\n|\n|upkeep\n|\n|t:|1781400869\n|switch|p1a: Chansey|Chansey, L85, F|397/564\n|turn|18\n|inactive|PlizComeToBrazil has 120 seconds left.\n|\n|t:|1781400880\n|move|p2a: Persian|Nasty Plot|p2a: Persian\n|-boost|p2a: Persian|spa|2\n|move|p1a: Chansey|Thunder Wave|p2a: Persian\n|-status|p2a: Persian|par\n|\n|upkeep\n|turn|19\n|inactive|PlizComeToBrazil has 120 seconds left.\n|\n|t:|1781400898\n|move|p1a: Chansey|Seismic Toss|p2a: Persian\n|-damage|p2a: Persian|111/252 par\n|move|p2a: Persian|Dark Pulse|p1a: Chansey\n|-damage|p1a: Chansey|280/564\n|-damage|p2a: Persian|86/252 par|[from] item: Life Orb\n|\n|upkeep\n|turn|20\n|\n|t:|1781400908\n|switch|p2a: Basculegion|Basculegion-F, L83, F|113/335\n|-damage|p2a: Basculegion|72/335|[from] Stealth Rock\n|move|p1a: Chansey|Soft-Boiled|p1a: Chansey\n|-heal|p1a: Chansey|562/564\n|\n|upkeep\n|turn|21\n|inactive|PlizComeToBrazil has 120 seconds left.\n|\n|t:|1781400916\n|-terastallize|p2a: Basculegion|Water\n|move|p2a: Basculegion|Wave Crash|p1a: Chansey\n|-damage|p1a: Chansey|173/564\n|-damage|p2a: Basculegion|0 fnt|[from] Recoil\n|faint|p2a: Basculegion\n|move|p1a: Chansey|Thunder Wave|p2: Basculegion|[notarget]\n|-fail|p1a: Chansey\n|\n|upkeep\n|inactive|PlizComeToBrazil has 120 seconds left.\n|\n|t:|1781400926\n|switch|p2a: Scovillain|Scovillain, L91, M|200/266\n|-damage|p2a: Scovillain|134/266|[from] Stealth Rock\n|turn|22\n|\n|t:|1781400930\n|move|p2a: Scovillain|Overheat|p1a: Chansey\n|-damage|p1a: Chansey|79/564\n|-unboost|p2a: Scovillain|spa|2\n|move|p1a: Chansey|Soft-Boiled|p1a: Chansey\n|-heal|p1a: Chansey|361/564\n|\n|upkeep\n|turn|23\n|-message|PlizComeToBrazil forfeited.\n|\n|win|TheFineMantine\n", "uploadtime": 1781400552, "views": 3, "formatid": "gen9randombattle", "rating": null, "private": 0, "password": null}