{"id": "gen9randombattle-2631896837", "format": "[Gen 9] Random Battle", "players": ["printguap", "rgrgreger"], "log": "|j|\u2606printguap\n|j|\u2606rgrgreger\n|t:|1781453209\n|gametype|singles\n|player|p1|printguap|266|1944\n|player|p2|rgrgreger|zinzolin|1920\n|gen|9\n|tier|[Gen 9] Random Battle\n|rated|\n|rule|Species Clause: Limit one of each Pok\u00e9mon\n|rule|HP Percentage Mod: HP is shown in percentages\n|rule|Sleep Clause Mod: Limit one foe put to sleep\n|rule|Illusion Level Mod: Illusion disguises the Pok\u00e9mon's true level\n|\n|t:|1781453209\n|teamsize|p1|6\n|teamsize|p2|6\n|start\n|switch|p1a: Mewtwo|Mewtwo, L72|272/272\n|switch|p2a: Noctowl|Noctowl, L95, F|344/344\n|-ability|p1a: Mewtwo|Unnerve\n|turn|1\n|inactive|Battle timer is ON: inactive players will automatically lose when time's up. (requested by rgrgreger)\n|\n|t:|1781453225\n|move|p1a: Mewtwo|Nasty Plot|p1a: Mewtwo\n|-boost|p1a: Mewtwo|spa|2\n|move|p2a: Noctowl|Hurricane|p1a: Mewtwo\n|-damage|p1a: Mewtwo|124/272\n|\n|upkeep\n|turn|2\n|\n|t:|1781453231\n|move|p1a: Mewtwo|Psystrike|p2a: Noctowl\n|-damage|p2a: Noctowl|0 fnt\n|faint|p2a: Noctowl\n|-damage|p1a: Mewtwo|97/272|[from] item: Life Orb\n|\n|upkeep\n|\n|t:|1781453235\n|switch|p2a: Lugia|Lugia, L73|275/275\n|turn|3\n|\n|t:|1781453244\n|switch|p1a: Meowstic|Meowstic-F, L89, F|277/277\n|move|p2a: Lugia|Aeroblast|p1a: Meowstic\n|-damage|p1a: Meowstic|195/277\n|\n|upkeep\n|turn|4\n|\n|t:|1781453252\n|move|p1a: Meowstic|Nasty Plot|p1a: Meowstic\n|-boost|p1a: Meowstic|spa|2\n|move|p2a: Lugia|Calm Mind|p2a: Lugia\n|-boost|p2a: Lugia|spa|1\n|-boost|p2a: Lugia|spd|1\n|\n|upkeep\n|turn|5\n|\n|t:|1781453258\n|move|p1a: Meowstic|Dark Pulse|p2a: Lugia\n|-supereffective|p2a: Lugia\n|-damage|p2a: Lugia|198/275\n|-damage|p1a: Meowstic|168/277|[from] item: Life Orb\n|move|p2a: Lugia|Aeroblast|p1a: Meowstic\n|-damage|p1a: Meowstic|44/277\n|\n|upkeep\n|turn|6\n|\n|t:|1781453267\n|move|p1a: Meowstic|Dark Pulse|p2a: Lugia\n|-supereffective|p2a: Lugia\n|-damage|p2a: Lugia|58/275\n|-damage|p1a: Meowstic|17/277|[from] item: Life Orb\n|cant|p2a: Lugia|flinch\n|\n|upkeep\n|turn|7\n|\n|t:|1781453275\n|move|p1a: Meowstic|Dark Pulse|p2a: Lugia\n|-supereffective|p2a: Lugia\n|-damage|p2a: Lugia|0 fnt\n|faint|p2a: Lugia\n|-damage|p1a: Meowstic|0 fnt|[from] item: Life Orb\n|faint|p1a: Meowstic\n|\n|upkeep\n|\n|t:|1781453286\n|switch|p1a: Sandslash|Sandslash, L89, M|278/278\n|switch|p2a: Clawitzer|Clawitzer, L87, M|265/265\n|turn|8\n|\n|t:|1781453294\n|switch|p1a: Keldeo|Keldeo-Resolute, L79|273/273\n|move|p2a: Clawitzer|Water Pulse|p1a: Keldeo\n|-resisted|p1a: Keldeo\n|-damage|p1a: Keldeo|180/273\n|\n|upkeep\n|turn|9\n|\n|t:|1781453303\n|move|p1a: Keldeo|Flip Turn|p2a: Clawitzer\n|-resisted|p2a: Clawitzer\n|-damage|p2a: Clawitzer|244/265\n|\n|t:|1781453307\n|switch|p1a: Glaceon|Glaceon, L94, M|275/275|[from] Flip Turn\n|move|p2a: Clawitzer|Water Pulse|p1a: Glaceon\n|-damage|p1a: Glaceon|127/275\n|\n|upkeep\n|turn|10\n|\n|t:|1781453314\n|move|p1a: Glaceon|Calm Mind|p1a: Glaceon\n|-boost|p1a: Glaceon|spa|1\n|-boost|p1a: Glaceon|spd|1\n|move|p2a: Clawitzer|Water Pulse|p1a: Glaceon\n|-damage|p1a: Glaceon|34/275\n|\n|upkeep\n|turn|11\n|\n|t:|1781453322\n|move|p1a: Glaceon|Freeze-Dry|p2a: Clawitzer\n|-supereffective|p2a: Clawitzer\n|-damage|p2a: Clawitzer|0 fnt\n|faint|p2a: Clawitzer\n|\n|upkeep\n|\n|t:|1781453327\n|switch|p2a: Leafeon|Leafeon, L88, F|258/258\n|turn|12\n|\n|t:|1781453334\n|move|p2a: Leafeon|Leaf Blade|p1a: Glaceon\n|-damage|p1a: Glaceon|0 fnt\n|faint|p1a: Glaceon\n|-damage|p2a: Leafeon|233/258|[from] item: Life Orb\n|\n|upkeep\n|\n|t:|1781453342\n|switch|p1a: Entei|Entei, L78|307/307\n|turn|13\n|\n|t:|1781453347\n|switch|p2a: Bastiodon|Bastiodon, L89, F|252/252\n|move|p1a: Entei|Sacred Fire|p2a: Bastiodon\n|-damage|p2a: Bastiodon|170/252\n|-status|p2a: Bastiodon|brn\n|\n|-damage|p2a: Bastiodon|155/252 brn|[from] brn\n|upkeep\n|turn|14\n|\n|t:|1781453357\n|switch|p1a: Sandslash|Sandslash, L89, M|278/278\n|move|p2a: Bastiodon|Iron Defense|p2a: Bastiodon\n|-boost|p2a: Bastiodon|def|2\n|\n|-damage|p2a: Bastiodon|140/252 brn|[from] brn\n|upkeep\n|turn|15\n|\n|t:|1781453365\n|-terastallize|p2a: Bastiodon|Fighting\n|move|p1a: Sandslash|Spikes|p2a: Bastiodon\n|-sidestart|p2: rgrgreger|Spikes\n|move|p2a: Bastiodon|Rest|p2a: Bastiodon\n|-status|p2a: Bastiodon|slp|[from] move: Rest\n|-heal|p2a: Bastiodon|252/252 slp|[silent]\n|-enditem|p2a: Bastiodon|Chesto Berry|[eat]\n|-curestatus|p2a: Bastiodon|slp|[msg]\n|\n|upkeep\n|turn|16\n|\n|t:|1781453376\n|move|p1a: Sandslash|Spikes|p2a: Bastiodon\n|-sidestart|p2: rgrgreger|Spikes\n|move|p2a: Bastiodon|Iron Defense|p2a: Bastiodon\n|-boost|p2a: Bastiodon|def|2\n|\n|upkeep\n|turn|17\n|\n|t:|1781453381\n|move|p1a: Sandslash|Spikes|p2a: Bastiodon\n|-sidestart|p2: rgrgreger|Spikes\n|move|p2a: Bastiodon|Iron Defense|p2a: Bastiodon\n|-boost|p2a: Bastiodon|def|2\n|\n|upkeep\n|turn|18\n|\n|t:|1781453387\n|move|p1a: Sandslash|Earthquake|p2a: Bastiodon\n|-damage|p2a: Bastiodon|234/252\n|move|p2a: Bastiodon|Body Press|p1a: Sandslash\n|-damage|p1a: Sandslash|0 fnt\n|faint|p1a: Sandslash\n|\n|upkeep\n|\n|t:|1781453415\n|switch|p1a: Mewtwo|Mewtwo, L72|97/272\n|-ability|p1a: Mewtwo|Unnerve\n|turn|19\n|\n|t:|1781453421\n|-terastallize|p1a: Mewtwo|Fire\n|move|p1a: Mewtwo|Fire Blast|p2a: Bastiodon|[miss]\n|-miss|p1a: Mewtwo|p2a: Bastiodon\n|move|p2a: Bastiodon|Body Press|p1a: Mewtwo\n|-damage|p1a: Mewtwo|0 fnt\n|faint|p1a: Mewtwo\n|\n|upkeep\n|inactive|printguap has 120 seconds left.\n|\n|t:|1781453437\n|switch|p1a: Keldeo|Keldeo-Resolute, L79|180/273\n|turn|20\n|\n|t:|1781453443\n|move|p1a: Keldeo|Hydro Pump|p2a: Bastiodon\n|-damage|p2a: Bastiodon|104/252\n|move|p2a: Bastiodon|Body Press|p1a: Keldeo\n|-damage|p1a: Keldeo|0 fnt\n|faint|p1a: Keldeo\n|\n|upkeep\n|-message|printguap forfeited.\n|\n|win|rgrgreger\n", "uploadtime": 1781453211, "views": 7, "formatid": "gen9randombattle", "rating": null, "private": 0, "password": null}