{"id": "gen9randombattle-2631366781", "format": "[Gen 9] Random Battle", "players": ["Pode Isso Armald0", "EVOL7N"], "log": "|j|\u2606Pode Isso Armald0\n|j|\u2606EVOL7N\n|t:|1781376271\n|gametype|singles\n|player|p1|Pode Isso Armald0|silver|1674\n|player|p2|EVOL7N|bruno-gen2|1636\n|gen|9\n|tier|[Gen 9] Random Battle\n|rated|\n|rule|Species Clause: Limit one of each Pok\u00e9mon\n|rule|HP Percentage Mod: HP is shown in percentages\n|rule|Sleep Clause Mod: Limit one foe put to sleep\n|rule|Illusion Level Mod: Illusion disguises the Pok\u00e9mon's true level\n|\n|t:|1781376271\n|teamsize|p1|6\n|teamsize|p2|6\n|start\n|switch|p1a: Lunala|Lunala, L70|308/308\n|switch|p2a: Heracross|Heracross, L80, M|259/259\n|turn|1\n|inactive|Battle timer is ON: inactive players will automatically lose when time's up. (requested by Pode Isso Armald0)\n|\n|t:|1781376284\n|move|p2a: Heracross|Knock Off|p1a: Lunala\n|-supereffective|p1a: Lunala\n|-damage|p1a: Lunala|136/308\n|-enditem|p1a: Lunala|Leftovers|[from] move: Knock Off|[of] p2a: Heracross\n|move|p1a: Lunala|Moonblast|p2a: Heracross\n|-supereffective|p2a: Heracross\n|-damage|p2a: Heracross|139/259\n|\n|-status|p2a: Heracross|brn|[from] item: Flame Orb\n|upkeep\n|turn|2\n|\n|t:|1781376299\n|switch|p1a: Mimikyu|Mimikyu, L79, M|216/216\n|move|p2a: Heracross|Trailblaze|p1a: Mimikyu\n|-activate|p1a: Mimikyu|ability: Disguise\n|-damage|p1a: Mimikyu|216/216\n|-boost|p2a: Heracross|spe|1\n|detailschange|p1a: Mimikyu|Mimikyu-Busted, L79, M\n|-damage|p1a: Mimikyu|189/216|[from] pokemon: Mimikyu-Busted\n|\n|-damage|p2a: Heracross|123/259 brn|[from] brn\n|upkeep\n|turn|3\n|\n|t:|1781376313\n|move|p2a: Heracross|Knock Off|p1a: Mimikyu\n|-damage|p1a: Mimikyu|55/216\n|-enditem|p1a: Mimikyu|Life Orb|[from] move: Knock Off|[of] p2a: Heracross\n|move|p1a: Mimikyu|Play Rough|p2a: Heracross\n|-supereffective|p2a: Heracross\n|-damage|p2a: Heracross|0 fnt\n|faint|p2a: Heracross\n|\n|upkeep\n|\n|t:|1781376331\n|switch|p2a: Iron Jugulis|Iron Jugulis, L77|271/271\n|turn|4\n|\n|t:|1781376341\n|move|p2a: Iron Jugulis|Meteor Beam||[still]\n|-prepare|p2a: Iron Jugulis|Meteor Beam\n|-boost|p2a: Iron Jugulis|spa|1\n|-enditem|p2a: Iron Jugulis|Power Herb\n|-anim|p2a: Iron Jugulis|Meteor Beam|p1a: Mimikyu|[miss]\n|-miss|p2a: Iron Jugulis|p1a: Mimikyu\n|move|p1a: Mimikyu|Play Rough|p2a: Iron Jugulis\n|-supereffective|p2a: Iron Jugulis\n|-damage|p2a: Iron Jugulis|101/271\n|\n|upkeep\n|turn|5\n|\n|t:|1781376353\n|move|p2a: Iron Jugulis|Dark Pulse|p1a: Mimikyu\n|-damage|p1a: Mimikyu|0 fnt\n|faint|p1a: Mimikyu\n|\n|upkeep\n|\n|t:|1781376360\n|switch|p1a: Arceus|Arceus-Water, L71|288/288\n|turn|6\n|\n|t:|1781376370\n|move|p1a: Arceus|Calm Mind|p1a: Arceus\n|-boost|p1a: Arceus|spa|1\n|-boost|p1a: Arceus|spd|1\n|move|p2a: Iron Jugulis|Hurricane|p1a: Arceus\n|-damage|p1a: Arceus|188/288\n|-start|p1a: Arceus|confusion\n|\n|upkeep\n|turn|7\n|\n|t:|1781376382\n|-end|p2a: Iron Jugulis|Quark Drive|[silent]\n|switch|p2a: Slaking|Slaking, L84, M|389/389\n|-activate|p1a: Arceus|confusion\n|move|p1a: Arceus|Judgment|p2a: Slaking\n|-damage|p2a: Slaking|199/389\n|\n|upkeep\n|turn|8\n|\n|t:|1781376393\n|switch|p1a: Lunala|Lunala, L70|136/308\n|move|p2a: Slaking|Giga Impact|p1a: Lunala\n|-immune|p1a: Lunala\n|\n|upkeep\n|turn|9\n|\n|t:|1781376410\n|switch|p2a: Noctowl|Noctowl, L95, M|344/344\n|move|p1a: Lunala|Calm Mind|p1a: Lunala\n|-boost|p1a: Lunala|spa|1\n|-boost|p1a: Lunala|spd|1\n|\n|upkeep\n|turn|10\n|\n|t:|1781376419\n|switch|p2a: Slaking|Slaking, L84, M|199/389\n|move|p1a: Lunala|Moonlight|p1a: Lunala\n|-heal|p1a: Lunala|290/308\n|\n|upkeep\n|turn|11\n|\n|t:|1781376428\n|-terastallize|p1a: Lunala|Fairy\n|move|p2a: Slaking|Knock Off|p1a: Lunala\n|-resisted|p1a: Lunala\n|-damage|p1a: Lunala|226/308\n|move|p1a: Lunala|Moonlight|p1a: Lunala\n|-heal|p1a: Lunala|308/308\n|\n|upkeep\n|turn|12\n|\n|t:|1781376439\n|switch|p2a: Noctowl|Noctowl, L95, M|344/344\n|move|p1a: Lunala|Moonblast|p2a: Noctowl\n|-damage|p2a: Noctowl|230/344\n|\n|upkeep\n|turn|13\n|\n|t:|1781376446\n|move|p2a: Noctowl|Calm Mind|p2a: Noctowl\n|-boost|p2a: Noctowl|spa|1\n|-boost|p2a: Noctowl|spd|1\n|move|p1a: Lunala|Calm Mind|p1a: Lunala\n|-boost|p1a: Lunala|spa|1\n|-boost|p1a: Lunala|spd|1\n|\n|upkeep\n|turn|14\n|\n|t:|1781376453\n|move|p2a: Noctowl|Calm Mind|p2a: Noctowl\n|-boost|p2a: Noctowl|spa|1\n|-boost|p2a: Noctowl|spd|1\n|move|p1a: Lunala|Moonblast|p2a: Noctowl\n|-damage|p2a: Noctowl|152/344\n|\n|upkeep\n|turn|15\n|\n|t:|1781376460\n|move|p2a: Noctowl|Roost|p2a: Noctowl\n|-heal|p2a: Noctowl|324/344\n|-singleturn|p2a: Noctowl|move: Roost\n|move|p1a: Lunala|Moonblast|p2a: Noctowl\n|-damage|p2a: Noctowl|245/344\n|\n|upkeep\n|turn|16\n|\n|t:|1781376469\n|move|p2a: Noctowl|Hyper Voice|p1a: Lunala\n|-damage|p1a: Lunala|246/308\n|move|p1a: Lunala|Calm Mind|p1a: Lunala\n|-boost|p1a: Lunala|spa|1\n|-boost|p1a: Lunala|spd|1\n|\n|upkeep\n|turn|17\n|\n|t:|1781376477\n|move|p2a: Noctowl|Calm Mind|p2a: Noctowl\n|-boost|p2a: Noctowl|spa|1\n|-boost|p2a: Noctowl|spd|1\n|move|p1a: Lunala|Calm Mind|p1a: Lunala\n|-boost|p1a: Lunala|spa|1\n|-boost|p1a: Lunala|spd|1\n|\n|upkeep\n|turn|18\n|\n|t:|1781376484\n|move|p2a: Noctowl|Hurricane|p1a: Lunala\n|-damage|p1a: Lunala|122/308\n|move|p1a: Lunala|Moonblast|p2a: Noctowl\n|-damage|p2a: Noctowl|146/344\n|\n|upkeep\n|turn|19\n|\n|t:|1781376491\n|move|p2a: Noctowl|Hurricane|p1a: Lunala|[miss]\n|-miss|p2a: Noctowl|p1a: Lunala\n|move|p1a: Lunala|Moonlight|p1a: Lunala\n|-heal|p1a: Lunala|276/308\n|\n|upkeep\n|turn|20\n|\n|t:|1781376498\n|move|p2a: Noctowl|Roost|p2a: Noctowl\n|-heal|p2a: Noctowl|318/344\n|-singleturn|p2a: Noctowl|move: Roost\n|move|p1a: Lunala|Calm Mind|p1a: Lunala\n|-boost|p1a: Lunala|spa|1\n|-boost|p1a: Lunala|spd|1\n|\n|upkeep\n|turn|21\n|\n|t:|1781376505\n|move|p2a: Noctowl|Calm Mind|p2a: Noctowl\n|-boost|p2a: Noctowl|spa|1\n|-boost|p2a: Noctowl|spd|1\n|move|p1a: Lunala|Moonblast|p2a: Noctowl\n|-damage|p2a: Noctowl|231/344\n|-unboost|p2a: Noctowl|spa|1\n|\n|upkeep\n|turn|22\n|\n|t:|1781376513\n|move|p2a: Noctowl|Calm Mind|p2a: Noctowl\n|-boost|p2a: Noctowl|spa|1\n|-boost|p2a: Noctowl|spd|1\n|move|p1a: Lunala|Calm Mind|p1a: Lunala\n|-boost|p1a: Lunala|spa|1\n|-boost|p1a: Lunala|spd|1\n|\n|upkeep\n|turn|23\n|\n|t:|1781376525\n|move|p2a: Noctowl|Calm Mind|p2a: Noctowl\n|-boost|p2a: Noctowl|spa|1\n|-boost|p2a: Noctowl|spd|1\n|move|p1a: Lunala|Moonblast|p2a: Noctowl\n|-damage|p2a: Noctowl|153/344\n|-unboost|p2a: Noctowl|spa|1\n|\n|upkeep\n|turn|24\n|\n|t:|1781376533\n|move|p2a: Noctowl|Roost|p2a: Noctowl\n|-heal|p2a: Noctowl|325/344\n|-singleturn|p2a: Noctowl|move: Roost\n|move|p1a: Lunala|Moonblast|p2a: Noctowl\n|-damage|p2a: Noctowl|247/344\n|\n|upkeep\n|turn|25\n|\n|t:|1781376543\n|move|p2a: Noctowl|Calm Mind|p2a: Noctowl\n|-boost|p2a: Noctowl|spa|1\n|-boost|p2a: Noctowl|spd|0\n|move|p1a: Lunala|Moonblast|p2a: Noctowl\n|-damage|p2a: Noctowl|171/344\n|-unboost|p2a: Noctowl|spa|1\n|\n|upkeep\n|turn|26\n|\n|t:|1781376551\n|move|p2a: Noctowl|Roost|p2a: Noctowl\n|-heal|p2a: Noctowl|343/344\n|-singleturn|p2a: Noctowl|move: Roost\n|move|p1a: Lunala|Moonblast|p2a: Noctowl\n|-damage|p2a: Noctowl|265/344\n|\n|upkeep\n|turn|27\n|\n|t:|1781376564\n|move|p2a: Noctowl|Hurricane|p1a: Lunala|[miss]\n|-miss|p2a: Noctowl|p1a: Lunala\n|move|p1a: Lunala|Moonblast|p2a: Noctowl\n|-damage|p2a: Noctowl|183/344\n|\n|upkeep\n|turn|28\n|\n|t:|1781376578\n|move|p2a: Noctowl|Roost|p2a: Noctowl\n|-heal|p2a: Noctowl|344/344\n|-singleturn|p2a: Noctowl|move: Roost\n|move|p1a: Lunala|Moonblast|p2a: Noctowl\n|-damage|p2a: Noctowl|266/344\n|\n|upkeep\n|turn|29\n|\n|t:|1781376599\n|move|p2a: Noctowl|Hurricane|p1a: Lunala\n|-damage|p1a: Lunala|165/308\n|move|p1a: Lunala|Moonblast|p2a: Noctowl\n|-damage|p2a: Noctowl|184/344\n|\n|upkeep\n|turn|30\n|\n|t:|1781376606\n|move|p2a: Noctowl|Hurricane|p1a: Lunala\n|-damage|p1a: Lunala|60/308\n|move|p1a: Lunala|Moonlight|p1a: Lunala\n|-heal|p1a: Lunala|214/308\n|\n|upkeep\n|turn|31\n|\n|t:|1781376613\n|move|p2a: Noctowl|Roost|p2a: Noctowl\n|-heal|p2a: Noctowl|344/344\n|-singleturn|p2a: Noctowl|move: Roost\n|move|p1a: Lunala|Moonblast|p2a: Noctowl\n|-damage|p2a: Noctowl|265/344\n|\n|upkeep\n|turn|32\n|\n|t:|1781376630\n|move|p2a: Noctowl|Hurricane|p1a: Lunala\n|-damage|p1a: Lunala|106/308\n|-start|p1a: Lunala|confusion\n|-activate|p1a: Lunala|confusion\n|move|p1a: Lunala|Moonlight|p1a: Lunala\n|-heal|p1a: Lunala|260/308\n|\n|upkeep\n|turn|33\n|\n|t:|1781376641\n|switch|p1a: Whiscash|Whiscash, L88, M|337/337\n|move|p2a: Noctowl|Calm Mind|p2a: Noctowl\n|-boost|p2a: Noctowl|spa|1\n|-boost|p2a: Noctowl|spd|0\n|\n|upkeep\n|turn|34\n|\n|t:|1781376649\n|move|p2a: Noctowl|Hyper Voice|p1a: Whiscash\n|-damage|p1a: Whiscash|0 fnt\n|faint|p1a: Whiscash\n|\n|upkeep\n|\n|t:|1781376652\n|switch|p1a: Bombirdier|Bombirdier, L85, M|258/258\n|turn|35\n|\n|t:|1781376657\n|move|p1a: Bombirdier|Stone Edge|p2a: Noctowl|[miss]\n|-miss|p1a: Bombirdier|p2a: Noctowl\n|move|p2a: Noctowl|Hyper Voice|p1a: Bombirdier\n|-damage|p1a: Bombirdier|0 fnt\n|faint|p1a: Bombirdier\n|\n|upkeep\n|\n|t:|1781376661\n|switch|p1a: Arceus|Arceus-Water, L71|188/288\n|turn|36\n|-message|Pode Isso Armald0 forfeited.\n|\n|win|EVOL7N\n|raw|Pode Isso Armald0's rating: 1674 &rarr; <strong>1652</strong><br />(-22 for losing)\n|raw|EVOL7N's rating: 1636 &rarr; <strong>1658</strong><br />(+22 for winning)\n|l|\u2606Pode Isso Armald0\n|player|p1|\n", "uploadtime": 1781376674, "views": 5, "formatid": "gen9randombattle", "rating": 1652, "private": 0, "password": null}