{"id": "gen9randombattle-2631969674", "format": "[Gen 9] Random Battle", "players": ["erobbbrittdivorce", "revanii"], "log": "|j|\u2606erobbbrittdivorce\n|j|\u2606revanii\n|t:|1781461153\n|gametype|singles\n|player|p1|erobbbrittdivorce|265|2113\n|player|p2|revanii|170|2154\n|gen|9\n|tier|[Gen 9] Random Battle\n|rated|\n|rule|Species Clause: Limit one of each Pok\u00e9mon\n|rule|HP Percentage Mod: HP is shown in percentages\n|rule|Sleep Clause Mod: Limit one foe put to sleep\n|rule|Illusion Level Mod: Illusion disguises the Pok\u00e9mon's true level\n|\n|t:|1781461153\n|teamsize|p1|6\n|teamsize|p2|6\n|start\n|switch|p1a: Zapdos|Zapdos-Galar, L77|265/265\n|switch|p2a: Sneasler|Sneasler, L74, M|240/240\n|turn|1\n|inactive|Battle timer is ON: inactive players will automatically lose when time's up. (requested by erobbbrittdivorce)\n|j| asdatrolleyboi\n|inactive|revanii has 120 seconds left.\n|\n|t:|1781461193\n|move|p2a: Sneasler|Dire Claw|p1a: Zapdos\n|-damage|p1a: Zapdos|124/265\n|move|p1a: Zapdos|Brave Bird|p2a: Sneasler\n|-supereffective|p2a: Sneasler\n|-crit|p2a: Sneasler\n|-damage|p2a: Sneasler|0 fnt\n|faint|p2a: Sneasler\n|-damage|p1a: Zapdos|45/265|[from] Recoil\n|-damage|p1a: Zapdos|19/265|[from] item: Life Orb\n|\n|upkeep\n|\n|t:|1781461215\n|switch|p2a: Manaphy|Manaphy, L78|284/284\n|turn|2\n|\n|t:|1781461222\n|switch|p2a: Gholdengo|Gholdengo, L77|261/261\n|switch|p1a: Lurantis|Lurantis, L87, F|264/264\n|\n|upkeep\n|turn|3\n|\n|t:|1781461247\n|switch|p1a: Plusle|Plusle, L95, F|268/268\n|move|p2a: Gholdengo|Thunder Wave|p1a: Plusle\n|-ability|p1a: Plusle|Lightning Rod|boost\n|-boost|p1a: Plusle|spa|1\n|\n|upkeep\n|turn|4\n|\n|t:|1781461258\n|move|p1a: Plusle|Nasty Plot|p1a: Plusle\n|-boost|p1a: Plusle|spa|2\n|move|p2a: Gholdengo|Shadow Ball|p1a: Plusle\n|-damage|p1a: Plusle|172/268\n|\n|upkeep\n|turn|5\n|\n|t:|1781461268\n|move|p1a: Plusle|Thunderbolt|p2a: Gholdengo\n|-damage|p2a: Gholdengo|0 fnt\n|faint|p2a: Gholdengo\n|-damage|p1a: Plusle|146/268|[from] item: Life Orb\n|\n|upkeep\n|-message|revanii forfeited.\n|\n|win|erobbbrittdivorce\n", "uploadtime": 1781461156, "views": 6, "formatid": "gen9randombattle", "rating": null, "private": 0, "password": null}