{"id": "gen9randombattle-2631547954", "format": "[Gen 9] Random Battle", "players": ["Estrace", "goneoutside2"], "log": "|j|\u203dEstrace\n|j|\u2606goneoutside2\n|t:|1781399682\n|gametype|singles\n|player|p1|Estrace|clair|2025\n|player|p2|goneoutside2|102|2070\n|gen|9\n|tier|[Gen 9] Random Battle\n|rated|\n|rule|Species Clause: Limit one of each Pok\u00e9mon\n|rule|HP Percentage Mod: HP is shown in percentages\n|rule|Sleep Clause Mod: Limit one foe put to sleep\n|rule|Illusion Level Mod: Illusion disguises the Pok\u00e9mon's true level\n|\n|t:|1781399682\n|teamsize|p1|6\n|teamsize|p2|6\n|start\n|switch|p1a: Sawsbuck|Sawsbuck, L88, F|284/284\n|switch|p2a: Froslass|Froslass, L87, F|263/263\n|turn|1\n|inactive|Battle timer is ON: inactive players will automatically lose when time's up. (requested by goneoutside2)\n|\n|t:|1781399757\n|switch|p1a: Wyrdeer|Wyrdeer, L87, M|321/321\n|-ability|p1a: Wyrdeer|Intimidate|boost\n|-unboost|p2a: Froslass|atk|1\n|move|p2a: Froslass|Spikes|p1a: Wyrdeer\n|-sidestart|p1: Estrace|Spikes\n|\n|upkeep\n|turn|2\n|inactive|goneoutside2 has 120 seconds left.\n|\n|t:|1781399795\n|switch|p2a: Eelektross|Eelektross, L87, M|290/290\n|move|p1a: Wyrdeer|Psychic Noise|p2a: Eelektross\n|-damage|p2a: Eelektross|229/290\n|-start|p2a: Eelektross|move: Heal Block\n|\n|upkeep\n|turn|3\n|inactive|goneoutside2 has 120 seconds left.\n|\n|t:|1781399811\n|switch|p1a: Kleavor|Kleavor, L78, F|237/237\n|move|p2a: Eelektross|U-turn|p1a: Kleavor\n|-damage|p1a: Kleavor|175/237\n|inactive|goneoutside2 has 90 seconds left.\n|\n|t:|1781399838\n|switch|p2a: Kyurem|Kyurem-White, L73|303/303|[from] U-turn\n|-ability|p2a: Kyurem|Turboblaze\n|\n|upkeep\n|turn|4\n|\n|t:|1781399849\n|move|p2a: Kyurem|Draco Meteor|p1a: Kleavor\n|-damage|p1a: Kleavor|0 fnt\n|-unboost|p2a: Kyurem|spa|2\n|faint|p1a: Kleavor\n|\n|upkeep\n|\n|t:|1781399854\n|switch|p1a: Orthworm|Orthworm, L88, F|266/266\n|-damage|p1a: Orthworm|233/266|[from] Spikes\n|turn|5\n|\n|t:|1781399874\n|switch|p2a: Passimian|Passimian, L83, F|302/302\n|move|p1a: Orthworm|Spikes|p2a: Passimian\n|-sidestart|p2: goneoutside2|Spikes\n|\n|-heal|p1a: Orthworm|249/266|[from] item: Leftovers\n|upkeep\n|turn|6\n|\n|t:|1781399884\n|switch|p1a: Wyrdeer|Wyrdeer, L87, M|321/321\n|-damage|p1a: Wyrdeer|281/321|[from] Spikes\n|-ability|p1a: Wyrdeer|Intimidate|boost\n|-unboost|p2a: Passimian|atk|1\n|-ability|p2a: Passimian|Defiant|boost\n|-boost|p2a: Passimian|atk|2\n|move|p2a: Passimian|Knock Off|p1a: Wyrdeer\n|-supereffective|p1a: Wyrdeer\n|-damage|p1a: Wyrdeer|19/321\n|-enditem|p1a: Wyrdeer|Assault Vest|[from] move: Knock Off|[of] p2a: Passimian\n|\n|upkeep\n|turn|7\n|\n|t:|1781399899\n|move|p2a: Passimian|Knock Off|p1a: Wyrdeer\n|-supereffective|p1a: Wyrdeer\n|-damage|p1a: Wyrdeer|0 fnt\n|faint|p1a: Wyrdeer\n|\n|upkeep\n|\n|t:|1781399903\n|switch|p1a: Ribombee|Ribombee, L83, M|235/235\n|turn|8\n|\n|t:|1781399914\n|switch|p2a: Florges|Florges-Yellow, L85, F|271/271\n|-damage|p2a: Florges|238/271|[from] Spikes\n|-terastallize|p1a: Ribombee|Ghost\n|move|p1a: Ribombee|Moonblast|p2a: Florges\n|-damage|p2a: Florges|178/271\n|-unboost|p2a: Florges|spa|1\n|\n|-heal|p2a: Florges|194/271|[from] item: Leftovers\n|upkeep\n|turn|9\n|inactive|goneoutside2 has 120 seconds left.\n|\n|t:|1781399927\n|switch|p2a: Eelektross|Eelektross, L87, M|229/290\n|move|p1a: Ribombee|Stun Spore|p2a: Eelektross|[miss]\n|-miss|p1a: Ribombee|p2a: Eelektross\n|\n|upkeep\n|turn|10\n|inactive|goneoutside2 has 120 seconds left.\n|\n|t:|1781399937\n|move|p1a: Ribombee|Sticky Web|p2a: Eelektross\n|-sidestart|p2: goneoutside2|move: Sticky Web\n|move|p2a: Eelektross|Knock Off|p1a: Ribombee\n|-supereffective|p1a: Ribombee\n|-damage|p1a: Ribombee|31/235\n|-enditem|p1a: Ribombee|Heavy-Duty Boots|[from] move: Knock Off|[of] p2a: Eelektross\n|\n|upkeep\n|turn|11\n|\n|t:|1781399953\n|move|p1a: Ribombee|Bug Buzz|p2a: Eelektross\n|-damage|p2a: Eelektross|165/290\n|move|p2a: Eelektross|U-turn|p1a: Ribombee\n|-resisted|p1a: Ribombee\n|-damage|p1a: Ribombee|0 fnt\n|faint|p1a: Ribombee\n|\n|t:|1781399958\n|switch|p2a: Passimian|Passimian, L83, F|302/302|[from] U-turn\n|-damage|p2a: Passimian|265/302|[from] Spikes\n|-activate|p2a: Passimian|move: Sticky Web\n|-unboost|p2a: Passimian|spe|1\n|-ability|p2a: Passimian|Defiant|boost\n|-boost|p2a: Passimian|atk|2\n|\n|-heal|p2a: Passimian|283/302|[from] item: Leftovers\n|upkeep\n|\n|t:|1781399967\n|switch|p1a: Sawsbuck|Sawsbuck, L88, F|284/284\n|-damage|p1a: Sawsbuck|249/284|[from] Spikes\n|turn|12\n|\n|t:|1781399973\n|move|p1a: Sawsbuck|Headbutt|p2a: Passimian\n|-damage|p2a: Passimian|182/302\n|-damage|p1a: Sawsbuck|221/284|[from] item: Life Orb\n|cant|p2a: Passimian|flinch\n|\n|-heal|p2a: Passimian|200/302|[from] item: Leftovers\n|upkeep\n|turn|13\n|inactive|Estrace has 120 seconds left.\n|\n|t:|1781400018\n|move|p1a: Sawsbuck|Headbutt|p2a: Passimian\n|-damage|p2a: Passimian|101/302\n|-damage|p1a: Sawsbuck|193/284|[from] item: Life Orb\n|move|p2a: Passimian|Drain Punch|p1a: Sawsbuck\n|-supereffective|p1a: Sawsbuck\n|-damage|p1a: Sawsbuck|0 fnt\n|-heal|p2a: Passimian|198/302|[from] drain|[of] p1a: Sawsbuck\n|faint|p1a: Sawsbuck\n|\n|-heal|p2a: Passimian|216/302|[from] item: Leftovers\n|upkeep\n|\n|t:|1781400025\n|switch|p1a: Roaring Moon|Roaring Moon, L72|270/270\n|-damage|p1a: Roaring Moon|237/270|[from] Spikes\n|-enditem|p1a: Roaring Moon|Booster Energy\n|-activate|p1a: Roaring Moon|ability: Protosynthesis|[fromitem]\n|-start|p1a: Roaring Moon|protosynthesisatk\n|turn|14\n|\n|t:|1781400032\n|move|p1a: Roaring Moon|Acrobatics|p2a: Passimian\n|-supereffective|p2a: Passimian\n|-damage|p2a: Passimian|2/302\n|move|p2a: Passimian|Drain Punch|p1a: Roaring Moon\n|-supereffective|p1a: Roaring Moon\n|-damage|p1a: Roaring Moon|0 fnt\n|-heal|p2a: Passimian|121/302|[from] drain|[of] p1a: Roaring Moon\n|faint|p1a: Roaring Moon\n|-end|p1a: Roaring Moon|Protosynthesis|[silent]\n|\n|-heal|p2a: Passimian|139/302|[from] item: Leftovers\n|upkeep\n|\n|t:|1781400037\n|switch|p1a: Orthworm|Orthworm, L88, F|249/266\n|-damage|p1a: Orthworm|216/266|[from] Spikes\n|turn|15\n|-message|Estrace forfeited.\n|\n|win|goneoutside2\n", "uploadtime": 1781399683, "views": 3, "formatid": "gen9randombattle", "rating": null, "private": 0, "password": null}