{"id": "gen9randombattle-2631611757", "format": "[Gen 9] Random Battle", "players": ["TimsIceCap", "Smalls32"], "log": "|j|\u2606TimsIceCap\n|j|\u2606Smalls32\n|html|<table width=\"100%\"><tr><td align=\"left\">TimsIceCap</td><td align=\"right\">Smalls32</tr><tr><td align=\"left\"><i class=\"fa fa-circle\"></i> <i class=\"fa fa-circle\"></i> <i class=\"fa fa-circle-o\"></i> <i class=\"fa fa-circle-o\"></i> </td><td align=\"right\"><i class=\"fa fa-circle-o\"></i> <i class=\"fa fa-circle-o\"></i> <i class=\"fa fa-circle-o\"></i> <i class=\"fa fa-circle\"></i> </tr></table>\n|uhtml|bestof|<h2><strong>Game 4</strong> of <a href=\"/game-bestof7-gen9randombattle-2631591600\">a best-of-7</a></h2>\n|t:|1781408693\n|gametype|singles\n|player|p1|TimsIceCap|az|\n|player|p2|Smalls32|hoopster|\n|gen|9\n|tier|[Gen 9] Random Battle\n|rule|Species Clause: Limit one of each Pok\u00e9mon\n|rule|HP Percentage Mod: HP is shown in percentages\n|rule|Sleep Clause Mod: Limit one foe put to sleep\n|rule|Illusion Level Mod: Illusion disguises the Pok\u00e9mon's true level\n|raw|<div class=\"infobox\"><details class=\"readmore\" open><summary><strong>1 custom rule:</strong></summary> Best of = 7</details></div>\n|\n|t:|1781408693\n|teamsize|p1|6\n|teamsize|p2|6\n|start\n|switch|p1a: Scream Tail|Scream Tail, L84|330/330\n|switch|p2a: Latias|Latias, L79, F|256/256\n|turn|1\n|inactive|Battle timer is ON: inactive players will automatically lose when time's up. (requested by TimsIceCap)\n|inactive|Smalls32 has 270 seconds left.\n|\n|t:|1781408755\n|switch|p2a: Dodrio|Dodrio, L85, F|241/241\n|move|p1a: Scream Tail|Play Rough|p2a: Dodrio\n|-damage|p2a: Dodrio|154/241\n|\n|upkeep\n|turn|2\n|\n|t:|1781408776\n|switch|p2a: Incineroar|Incineroar, L82, F|290/290\n|-ability|p2a: Incineroar|Intimidate|boost\n|-unboost|p1a: Scream Tail|atk|1\n|-end|p1a: Scream Tail|Protosynthesis|[silent]\n|switch|p1a: Rhyperior|Rhyperior, L82, M|323/323\n|\n|upkeep\n|turn|3\n|\n|t:|1781408789\n|move|p2a: Incineroar|Parting Shot|p1a: Rhyperior\n|-unboost|p1a: Rhyperior|atk|1\n|-unboost|p1a: Rhyperior|spa|1\n|inactive|Smalls32 has 270 seconds left.\n|\n|t:|1781408817\n|switch|p2a: Wyrdeer|Wyrdeer, L87, M|321/321|[from] Parting Shot\n|-ability|p2a: Wyrdeer|Intimidate|boost\n|-unboost|p1a: Rhyperior|atk|1\n|move|p1a: Rhyperior|Stone Edge|p2a: Wyrdeer\n|-damage|p2a: Wyrdeer|251/321\n|\n|-heal|p2a: Wyrdeer|271/321|[from] item: Leftovers\n|upkeep\n|turn|4\n|inactive|Smalls32 has 270 seconds left.\n|inactive|Smalls32 has 240 seconds left.\n|\n|t:|1781408865\n|switch|p1a: Skuntank|Skuntank, L84, M|310/310\n|move|p2a: Wyrdeer|Earthquake|p1a: Skuntank\n|-supereffective|p1a: Skuntank\n|-damage|p1a: Skuntank|108/310\n|\n|-heal|p2a: Wyrdeer|291/321|[from] item: Leftovers\n|upkeep\n|turn|5\n|\n|t:|1781408877\n|switch|p2a: Incineroar|Incineroar, L82, F|290/290\n|-ability|p2a: Incineroar|Intimidate|boost\n|-unboost|p1a: Skuntank|atk|1\n|move|p1a: Skuntank|Toxic Spikes|p2a: Incineroar\n|-sidestart|p2: Smalls32|move: Toxic Spikes\n|\n|upkeep\n|turn|6\n|\n|t:|1781408896\n|switch|p1a: Scream Tail|Scream Tail, L84|330/330\n|move|p2a: Incineroar|Flare Blitz|p1a: Scream Tail\n|-damage|p1a: Scream Tail|213/330\n|-damage|p2a: Incineroar|251/290|[from] Recoil\n|\n|-heal|p1a: Scream Tail|233/330|[from] item: Leftovers\n|upkeep\n|turn|7\n|\n|t:|1781408905\n|switch|p2a: Dodrio|Dodrio, L85, F|154/241\n|move|p1a: Scream Tail|Wish|p1a: Scream Tail\n|\n|-heal|p1a: Scream Tail|253/330|[from] item: Leftovers\n|upkeep\n|turn|8\n|\n|t:|1781408913\n|move|p2a: Dodrio|Swords Dance|p2a: Dodrio\n|-boost|p2a: Dodrio|atk|2\n|move|p1a: Scream Tail|Play Rough|p2a: Dodrio\n|-damage|p2a: Dodrio|64/241\n|\n|-heal|p1a: Scream Tail|330/330|[from] move: Wish|[wisher] Scream Tail\n|upkeep\n|turn|9\n|inactive|Smalls32 has 240 seconds left.\n|\n|t:|1781408921\n|-end|p1a: Scream Tail|Protosynthesis|[silent]\n|switch|p1a: Rhyperior|Rhyperior, L82, M|323/323\n|move|p2a: Dodrio|Brave Bird|p1a: Rhyperior\n|-resisted|p1a: Rhyperior\n|-damage|p1a: Rhyperior|214/323\n|-damage|p2a: Dodrio|28/241|[from] Recoil\n|\n|upkeep\n|turn|10\n|\n|t:|1781408928\n|move|p2a: Dodrio|Drill Run|p1a: Rhyperior\n|-supereffective|p1a: Rhyperior\n|-damage|p1a: Rhyperior|76/323\n|-enditem|p1a: Rhyperior|Weakness Policy\n|-boost|p1a: Rhyperior|atk|2|[from] item: Weakness Policy\n|-boost|p1a: Rhyperior|spa|2|[from] item: Weakness Policy\n|move|p1a: Rhyperior|Rock Polish|p1a: Rhyperior\n|-boost|p1a: Rhyperior|spe|2\n|\n|upkeep\n|turn|11\n|\n|t:|1781408935\n|move|p2a: Dodrio|Drill Run|p1a: Rhyperior\n|-supereffective|p1a: Rhyperior\n|-damage|p1a: Rhyperior|0 fnt\n|faint|p1a: Rhyperior\n|\n|upkeep\n|\n|t:|1781408942\n|switch|p1a: Skuntank|Skuntank, L84, M|108/310\n|turn|12\n|\n|t:|1781408962\n|switch|p2a: Incineroar|Incineroar, L82, F|251/290\n|-ability|p2a: Incineroar|Intimidate|boost\n|-unboost|p1a: Skuntank|atk|1\n|move|p1a: Skuntank|Sucker Punch||[still]\n|-fail|p1a: Skuntank\n|\n|upkeep\n|turn|13\n|\n|t:|1781408971\n|move|p1a: Skuntank|Gunk Shot|p2a: Incineroar\n|-damage|p2a: Incineroar|144/290\n|-damage|p1a: Skuntank|77/310|[from] item: Life Orb\n|move|p2a: Incineroar|Flare Blitz|p1a: Skuntank\n|-crit|p1a: Skuntank\n|-damage|p1a: Skuntank|0 fnt\n|-damage|p2a: Incineroar|72/290|[from] ability: Aftermath|[of] p1a: Skuntank\n|faint|p1a: Skuntank\n|-damage|p2a: Incineroar|47/290|[from] Recoil\n|\n|upkeep\n|\n|t:|1781408980\n|switch|p1a: Scream Tail|Scream Tail, L84|330/330\n|turn|14\n|\n|t:|1781408985\n|move|p1a: Scream Tail|Play Rough|p2a: Incineroar\n|-damage|p2a: Incineroar|0 fnt\n|faint|p2a: Incineroar\n|\n|upkeep\n|inactive|Smalls32 has 270 seconds left.\n|\n|t:|1781409018\n|switch|p2a: Tatsugiri|Tatsugiri, L87, F|260/260\n|turn|15\n|\n|t:|1781409027\n|-terastallize|p2a: Tatsugiri|Steel\n|move|p1a: Scream Tail|Thunder Wave|p2a: Tatsugiri\n|-status|p2a: Tatsugiri|par\n|cant|p2a: Tatsugiri|par\n|\n|upkeep\n|turn|16\n|inactive|Smalls32 has 240 seconds left.\n|\n|t:|1781409055\n|-end|p1a: Scream Tail|Protosynthesis|[silent]\n|switch|p1a: Reuniclus|Reuniclus, L88, F|337/337\n|move|p2a: Tatsugiri|Rapid Spin|p1a: Reuniclus\n|-damage|p1a: Reuniclus|311/337\n|-boost|p2a: Tatsugiri|spe|1\n|-sideend|p2: Smalls32|Toxic Spikes|[from] move: Rapid Spin|[of] p2a: Tatsugiri\n|\n|upkeep\n|turn|17\n|inactive|Smalls32 has 240 seconds left.\n|\n|t:|1781409081\n|switch|p2a: Wyrdeer|Wyrdeer, L87, M|291/321\n|-ability|p2a: Wyrdeer|Intimidate|boost\n|-unboost|p1a: Reuniclus|atk|1\n|move|p1a: Reuniclus|Focus Blast|p2a: Wyrdeer\n|-damage|p2a: Wyrdeer|122/321\n|\n|-heal|p2a: Wyrdeer|142/321|[from] item: Leftovers\n|upkeep\n|turn|18\n|\n|t:|1781409092\n|switch|p1a: Scream Tail|Scream Tail, L84|330/330\n|move|p2a: Wyrdeer|Megahorn|p1a: Scream Tail\n|-damage|p1a: Scream Tail|237/330\n|\n|-heal|p1a: Scream Tail|257/330|[from] item: Leftovers\n|-heal|p2a: Wyrdeer|162/321|[from] item: Leftovers\n|upkeep\n|turn|19\n|\n|t:|1781409099\n|move|p1a: Scream Tail|Wish|p1a: Scream Tail\n|move|p2a: Wyrdeer|Psychic Noise|p1a: Scream Tail\n|-resisted|p1a: Scream Tail\n|-crit|p1a: Scream Tail\n|-damage|p1a: Scream Tail|199/330\n|-start|p1a: Scream Tail|move: Heal Block\n|\n|-heal|p2a: Wyrdeer|182/321|[from] item: Leftovers\n|upkeep\n|turn|20\n|\n|t:|1781409103\n|switch|p2a: Tatsugiri|Tatsugiri, L87, F, tera:Steel|260/260 par\n|move|p1a: Scream Tail|Play Rough|p2a: Tatsugiri\n|-resisted|p2a: Tatsugiri\n|-damage|p2a: Tatsugiri|214/260 par\n|\n|-end|p1a: Scream Tail|move: Heal Block\n|upkeep\n|turn|21\n|\n|t:|1781409110\n|move|p1a: Scream Tail|Wish|p1a: Scream Tail\n|move|p2a: Tatsugiri|Surf|p1a: Scream Tail\n|-damage|p1a: Scream Tail|99/330\n|\n|-heal|p1a: Scream Tail|119/330|[from] item: Leftovers\n|upkeep\n|turn|22\n|\n|t:|1781409130\n|move|p1a: Scream Tail|Play Rough|p2a: Tatsugiri\n|-resisted|p2a: Tatsugiri\n|-damage|p2a: Tatsugiri|166/260 par\n|move|p2a: Tatsugiri|Nasty Plot|p2a: Tatsugiri\n|-boost|p2a: Tatsugiri|spa|2\n|\n|-heal|p1a: Scream Tail|284/330|[from] move: Wish|[wisher] Scream Tail\n|-heal|p1a: Scream Tail|304/330|[from] item: Leftovers\n|upkeep\n|turn|23\n|\n|t:|1781409153\n|-end|p1a: Scream Tail|Protosynthesis|[silent]\n|switch|p1a: Dipplin|Dipplin, L88, F|284/284\n|move|p2a: Tatsugiri|Surf|p1a: Dipplin\n|-resisted|p1a: Dipplin\n|-damage|p1a: Dipplin|246/284\n|\n|upkeep\n|turn|24\n|inactive|Smalls32 has 240 seconds left.\n|\n|t:|1781409185\n|switch|p2a: Latias|Latias, L79, F|256/256\n|-terastallize|p1a: Dipplin|Steel\n|move|p1a: Dipplin|Dragon Tail|p2a: Latias\n|-supereffective|p2a: Latias\n|-damage|p2a: Latias|118/256\n|drag|p2a: Wyrdeer|Wyrdeer, L87, M|182/321\n|-ability|p2a: Wyrdeer|Intimidate|boost\n|-unboost|p1a: Dipplin|atk|1\n|\n|-heal|p2a: Wyrdeer|202/321|[from] item: Leftovers\n|upkeep\n|turn|25\n|inactive|Smalls32 has 240 seconds left.\n|\n|t:|1781409205\n|move|p2a: Wyrdeer|Earthquake|p1a: Dipplin\n|-supereffective|p1a: Dipplin\n|-damage|p1a: Dipplin|156/284\n|move|p1a: Dipplin|Dragon Pulse|p2a: Wyrdeer\n|-damage|p2a: Wyrdeer|105/321\n|\n|-heal|p2a: Wyrdeer|125/321|[from] item: Leftovers\n|upkeep\n|turn|26\n|\n|t:|1781409213\n|switch|p1a: Scream Tail|Scream Tail, L84|304/330\n|move|p2a: Wyrdeer|Earthquake|p1a: Scream Tail\n|-damage|p1a: Scream Tail|232/330\n|\n|-heal|p1a: Scream Tail|252/330|[from] item: Leftovers\n|-heal|p2a: Wyrdeer|145/321|[from] item: Leftovers\n|upkeep\n|turn|27\n|\n|t:|1781409219\n|move|p1a: Scream Tail|Play Rough|p2a: Wyrdeer\n|-damage|p2a: Wyrdeer|72/321\n|-unboost|p2a: Wyrdeer|atk|1\n|move|p2a: Wyrdeer|Thunder Wave|p1a: Scream Tail\n|-status|p1a: Scream Tail|par\n|\n|-heal|p2a: Wyrdeer|92/321|[from] item: Leftovers\n|-heal|p1a: Scream Tail|272/330 par|[from] item: Leftovers\n|upkeep\n|turn|28\n|inactive|Smalls32 has 240 seconds left.\n|\n|t:|1781409226\n|move|p2a: Wyrdeer|Psychic Noise|p1a: Scream Tail\n|-resisted|p1a: Scream Tail\n|-damage|p1a: Scream Tail|234/330 par\n|-start|p1a: Scream Tail|move: Heal Block\n|cant|p1a: Scream Tail|par\n|\n|-heal|p2a: Wyrdeer|112/321|[from] item: Leftovers\n|upkeep\n|turn|29\n|inactive|Smalls32 has 240 seconds left.\n|\n|t:|1781409241\n|switch|p2a: Dodrio|Dodrio, L85, F|28/241\n|move|p1a: Scream Tail|Thunder Wave|p2a: Dodrio\n|-status|p2a: Dodrio|par\n|\n|-end|p1a: Scream Tail|move: Heal Block\n|upkeep\n|turn|30\n|\n|t:|1781409249\n|move|p2a: Dodrio|Brave Bird|p1a: Scream Tail\n|-damage|p1a: Scream Tail|102/330 par\n|-damage|p2a: Dodrio|0 fnt|[from] Recoil\n|faint|p2a: Dodrio\n|cant|p1a: Scream Tail|par\n|\n|-heal|p1a: Scream Tail|122/330 par|[from] item: Leftovers\n|upkeep\n|inactive|Smalls32 has 240 seconds left.\n|\n|t:|1781409269\n|switch|p2a: Wyrdeer|Wyrdeer, L87, M|112/321\n|-ability|p2a: Wyrdeer|Intimidate|boost\n|-unboost|p1a: Scream Tail|atk|1\n|turn|31\n|\n|t:|1781409285\n|-end|p1a: Scream Tail|Protosynthesis|[silent]\n|switch|p1a: Reuniclus|Reuniclus, L88, F|311/337\n|move|p2a: Wyrdeer|Psychic Noise|p1a: Reuniclus\n|-resisted|p1a: Reuniclus\n|-damage|p1a: Reuniclus|264/337\n|-start|p1a: Reuniclus|move: Heal Block\n|\n|-heal|p2a: Wyrdeer|132/321|[from] item: Leftovers\n|upkeep\n|turn|32\n|\n|t:|1781409291\n|move|p2a: Wyrdeer|Megahorn|p1a: Reuniclus\n|-supereffective|p1a: Reuniclus\n|-damage|p1a: Reuniclus|64/337\n|move|p1a: Reuniclus|Focus Blast|p2a: Wyrdeer\n|-damage|p2a: Wyrdeer|0 fnt\n|faint|p2a: Wyrdeer\n|\n|-end|p1a: Reuniclus|move: Heal Block\n|upkeep\n|inactive|Smalls32 has 240 seconds left.\n|\n|t:|1781409312\n|switch|p2a: Latias|Latias, L79, F|118/256\n|turn|33\n|\n|t:|1781409323\n|move|p2a: Latias|Draco Meteor|p1a: Reuniclus\n|-damage|p1a: Reuniclus|0 fnt\n|-unboost|p2a: Latias|spa|2\n|faint|p1a: Reuniclus\n|\n|upkeep\n|\n|t:|1781409327\n|switch|p1a: Scream Tail|Scream Tail, L84|122/330 par\n|turn|34\n|\n|t:|1781409332\n|switch|p2a: Tatsugiri|Tatsugiri, L87, F, tera:Steel|166/260 par\n|move|p1a: Scream Tail|Wish|p1a: Scream Tail\n|\n|-heal|p1a: Scream Tail|142/330 par|[from] item: Leftovers\n|upkeep\n|turn|35\n|\n|t:|1781409338\n|move|p1a: Scream Tail|Play Rough|p2a: Tatsugiri\n|-resisted|p2a: Tatsugiri\n|-damage|p2a: Tatsugiri|124/260 par\n|move|p2a: Tatsugiri|Nasty Plot|p2a: Tatsugiri\n|-boost|p2a: Tatsugiri|spa|2\n|\n|-heal|p1a: Scream Tail|307/330 par|[from] move: Wish|[wisher] Scream Tail\n|-heal|p1a: Scream Tail|327/330 par|[from] item: Leftovers\n|upkeep\n|turn|36\n|\n|t:|1781409348\n|-end|p1a: Scream Tail|Protosynthesis|[silent]\n|switch|p1a: Abomasnow|Abomasnow, L84, F|287/287\n|-weather|Snowscape|[from] ability: Snow Warning|[of] p1a: Abomasnow\n|move|p2a: Tatsugiri|Surf|p1a: Abomasnow\n|-resisted|p1a: Abomasnow\n|-damage|p1a: Abomasnow|173/287\n|\n|-weather|Snowscape|[upkeep]\n|upkeep\n|turn|37\n|inactive|Smalls32 has 270 seconds left.\n|\n|t:|1781409379\n|move|p1a: Abomasnow|Aurora Veil|p1a: Abomasnow\n|-sidestart|p1: TimsIceCap|move: Aurora Veil\n|move|p2a: Tatsugiri|Draco Meteor|p1a: Abomasnow\n|-damage|p1a: Abomasnow|4/287\n|-unboost|p2a: Tatsugiri|spa|2\n|\n|-weather|Snowscape|[upkeep]\n|upkeep\n|turn|38\n|\n|t:|1781409385\n|move|p1a: Abomasnow|Earthquake|p2a: Tatsugiri\n|-supereffective|p2a: Tatsugiri\n|-damage|p2a: Tatsugiri|0 fnt\n|faint|p2a: Tatsugiri\n|\n|-weather|Snowscape|[upkeep]\n|upkeep\n|inactive|Smalls32 has 240 seconds left.\n|\n|t:|1781409415\n|switch|p2a: Latias|Latias, L79, F|118/256\n|turn|39\n|\n|t:|1781409437\n|switch|p1a: Scream Tail|Scream Tail, L84|327/330 par\n|move|p2a: Latias|Psyshock|p1a: Scream Tail\n|-resisted|p1a: Scream Tail\n|-damage|p1a: Scream Tail|305/330 par\n|\n|-weather|Snowscape|[upkeep]\n|-heal|p1a: Scream Tail|325/330 par|[from] item: Leftovers\n|upkeep\n|turn|40\n|\n|t:|1781409450\n|move|p2a: Latias|Recover|p2a: Latias\n|-heal|p2a: Latias|246/256\n|move|p1a: Scream Tail|Thunder Wave|p2a: Latias\n|-status|p2a: Latias|par\n|\n|-weather|none\n|-heal|p1a: Scream Tail|330/330 par|[from] item: Leftovers\n|upkeep\n|turn|41\n|\n|t:|1781409464\n|cant|p1a: Scream Tail|par\n|move|p2a: Latias|Recover|p2a: Latias\n|-heal|p2a: Latias|256/256 par\n|\n|upkeep\n|turn|42\n|\n|t:|1781409469\n|move|p1a: Scream Tail|Play Rough|p2a: Latias\n|-supereffective|p2a: Latias\n|-damage|p2a: Latias|94/256 par\n|cant|p2a: Latias|par\n|\n|upkeep\n|turn|43\n|\n|t:|1781409473\n|move|p1a: Scream Tail|Play Rough|p2a: Latias\n|-supereffective|p2a: Latias\n|-damage|p2a: Latias|0 fnt\n|faint|p2a: Latias\n|\n|upkeep\n|\n|t:|1781409475\n|switch|p2a: Cloyster|Cloyster, L80, F|211/211\n|turn|44\n|\n|t:|1781409483\n|move|p2a: Cloyster|Shell Smash|p2a: Cloyster\n|-unboost|p2a: Cloyster|def|1\n|-unboost|p2a: Cloyster|spd|1\n|-boost|p2a: Cloyster|atk|2\n|-boost|p2a: Cloyster|spa|2\n|-boost|p2a: Cloyster|spe|2\n|-enditem|p2a: Cloyster|White Herb\n|-clearnegativeboost|p2a: Cloyster|[silent]\n|cant|p1a: Scream Tail|par\n|\n|-sideend|p1: TimsIceCap|move: Aurora Veil\n|upkeep\n|turn|45\n|\n|t:|1781409492\n|move|p2a: Cloyster|Icicle Spear|p1a: Scream Tail\n|-damage|p1a: Scream Tail|282/330 par\n|-damage|p1a: Scream Tail|234/330 par\n|-damage|p1a: Scream Tail|191/330 par\n|-damage|p1a: Scream Tail|143/330 par\n|-damage|p1a: Scream Tail|101/330 par\n|-hitcount|p1a: Scream Tail|5\n|cant|p1a: Scream Tail|par\n|\n|-heal|p1a: Scream Tail|121/330 par|[from] item: Leftovers\n|upkeep\n|turn|46\n|inactive|Smalls32 has 270 seconds left.\n|\n|t:|1781409500\n|move|p2a: Cloyster|Icicle Spear|p1a: Scream Tail\n|-damage|p1a: Scream Tail|78/330 par\n|-damage|p1a: Scream Tail|32/330 par\n|-damage|p1a: Scream Tail|0 fnt\n|faint|p1a: Scream Tail\n|-end|p1a: Scream Tail|Protosynthesis|[silent]\n|-hitcount|p1: Scream Tail|3\n|\n|upkeep\n|\n|t:|1781409506\n|switch|p1a: Dipplin|Dipplin, L88, F, tera:Steel|156/284\n|turn|47\n|\n|t:|1781409516\n|move|p2a: Cloyster|Drill Run|p1a: Dipplin\n|-supereffective|p1a: Dipplin\n|-damage|p1a: Dipplin|48/284\n|move|p1a: Dipplin|Giga Drain|p2a: Cloyster\n|-supereffective|p2a: Cloyster\n|-damage|p2a: Cloyster|0 fnt\n|-heal|p1a: Dipplin|154/284|[from] drain|[of] p2a: Cloyster\n|faint|p2a: Cloyster\n|\n|win|TimsIceCap\n|inactive|TimsIceCap has 30 seconds to confirm battle start!\n|inactive|Smalls32 has 30 seconds to confirm battle start!\n", "uploadtime": 1781409533, "views": 2, "formatid": "gen9randombattle", "rating": null, "private": 0, "password": null}