{"id": "gen9randombattle-2631954122", "format": "[Gen 9] Random Battle", "players": ["Galaxykel", "fitzronovich2"], "log": "|j|\u2606Galaxykel\n|j|\u2606fitzronovich2\n|t:|1781459478\n|gametype|singles\n|player|p1|Galaxykel|2|1405\n|player|p2|fitzronovich2|doctor|1387\n|gen|9\n|tier|[Gen 9] Random Battle\n|rated|\n|rule|Species Clause: Limit one of each Pok\u00e9mon\n|rule|HP Percentage Mod: HP is shown in percentages\n|rule|Sleep Clause Mod: Limit one foe put to sleep\n|rule|Illusion Level Mod: Illusion disguises the Pok\u00e9mon's true level\n|\n|t:|1781459478\n|teamsize|p1|6\n|teamsize|p2|6\n|start\n|switch|p1a: Indeedee|Indeedee, L84, M|238/238\n|switch|p2a: Bronzong|Bronzong, L88|261/261\n|-fieldstart|move: Psychic Terrain|[from] ability: Psychic Surge|[of] p1a: Indeedee\n|turn|1\n|inactive|Battle timer is ON: inactive players will automatically lose when time's up. (requested by fitzronovich2)\n|\n|t:|1781459492\n|move|p1a: Indeedee|Shadow Ball|p2a: Bronzong\n|-supereffective|p2a: Bronzong\n|-damage|p2a: Bronzong|175/261\n|move|p2a: Bronzong|Iron Head|p1a: Indeedee\n|-damage|p1a: Indeedee|121/238\n|\n|-heal|p2a: Bronzong|191/261|[from] item: Leftovers\n|upkeep\n|turn|2\n|inactive|Galaxykel has 120 seconds left.\n|inactive|Galaxykel has 90 seconds left.\n|\n|t:|1781459558\n|move|p1a: Indeedee|Shadow Ball|p2a: Bronzong\n|-supereffective|p2a: Bronzong\n|-damage|p2a: Bronzong|93/261\n|move|p2a: Bronzong|Iron Head|p1a: Indeedee\n|-damage|p1a: Indeedee|0 fnt\n|faint|p1a: Indeedee\n|\n|-heal|p2a: Bronzong|109/261|[from] item: Leftovers\n|upkeep\n|\n|t:|1781459569\n|switch|p1a: Crabominable|Crabominable, L90, F|321/321\n|turn|3\n|\n|t:|1781459574\n|move|p1a: Crabominable|Knock Off|p2a: Bronzong\n|-supereffective|p2a: Bronzong\n|-damage|p2a: Bronzong|0 fnt\n|-enditem|p2a: Bronzong|Leftovers|[from] move: Knock Off|[of] p1a: Crabominable\n|faint|p2a: Bronzong\n|\n|upkeep\n|\n|t:|1781459584\n|switch|p2a: Ceruledge|Ceruledge, L78, M|245/245\n|turn|4\n|\n|t:|1781459595\n|switch|p1a: Wigglytuff|Wigglytuff, L96, M|424/424\n|move|p2a: Ceruledge|Swords Dance|p2a: Ceruledge\n|-boost|p2a: Ceruledge|atk|2\n|\n|upkeep\n|turn|5\n|\n|t:|1781459605\n|move|p2a: Ceruledge|Bitter Blade|p1a: Wigglytuff\n|-damage|p1a: Wigglytuff|132/424\n|move|p1a: Wigglytuff|Wish|p1a: Wigglytuff\n|\n|-heal|p1a: Wigglytuff|158/424|[from] item: Leftovers\n|-fieldend|move: Psychic Terrain\n|upkeep\n|turn|6\n|\n|t:|1781459614\n|move|p2a: Ceruledge|Bitter Blade|p1a: Wigglytuff\n|-damage|p1a: Wigglytuff|0 fnt\n|faint|p1a: Wigglytuff\n|\n|upkeep\n|\n|t:|1781459617\n|switch|p1a: Primarina|Primarina, L83, M|268/268\n|turn|7\n|\n|t:|1781459624\n|-terastallize|p2a: Ceruledge|Ghost\n|move|p2a: Ceruledge|Poltergeist|p1a: Primarina\n|-activate|p1a: Primarina|move: Poltergeist|Choice Specs\n|-damage|p1a: Primarina|0 fnt\n|faint|p1a: Primarina\n|\n|upkeep\n|\n|t:|1781459649\n|switch|p1a: Crabominable|Crabominable, L90, F|321/321\n|turn|8\n|\n|t:|1781459653\n|-terastallize|p1a: Crabominable|Water\n|move|p2a: Ceruledge|Bitter Blade|p1a: Crabominable\n|-resisted|p1a: Crabominable\n|-damage|p1a: Crabominable|207/321\n|move|p1a: Crabominable|Earthquake|p2a: Ceruledge\n|-damage|p2a: Ceruledge|134/245\n|-ability|p2a: Ceruledge|Weak Armor|boost\n|-unboost|p2a: Ceruledge|def|1\n|-boost|p2a: Ceruledge|spe|2\n|\n|upkeep\n|turn|9\n|-message|Galaxykel forfeited.\n|\n|win|fitzronovich2\n|raw|Galaxykel's rating: 1405 &rarr; <strong>1384</strong><br />(-21 for losing)\n|raw|fitzronovich2's rating: 1387 &rarr; <strong>1408</strong><br />(+21 for winning)\n|l|\u2606Galaxykel\n|player|p1|\n", "uploadtime": 1781459666, "views": 3, "formatid": "gen9randombattle", "rating": 1384, "private": 0, "password": null}