{"id": "gen9randombattle-2631914089", "format": "[Gen 9] Random Battle", "players": ["mr clevage", "Mitza01"], "log": "|j|\u2606mr clevage\n|j|\u2606Mitza01\n|t:|1781455065\n|gametype|singles\n|player|p1|mr clevage|blaine|1943\n|player|p2|Mitza01|265|1986\n|gen|9\n|tier|[Gen 9] Random Battle\n|rated|\n|rule|Species Clause: Limit one of each Pok\u00e9mon\n|rule|HP Percentage Mod: HP is shown in percentages\n|rule|Sleep Clause Mod: Limit one foe put to sleep\n|rule|Illusion Level Mod: Illusion disguises the Pok\u00e9mon's true level\n|\n|t:|1781455065\n|teamsize|p1|6\n|teamsize|p2|6\n|start\n|switch|p1a: Jirachi|Jirachi, L80|291/291\n|switch|p2a: Hitmonchan|Hitmonchan, L87, M|229/229\n|turn|1\n|inactive|Battle timer is ON: inactive players will automatically lose when time's up. (requested by mr clevage)\n|\n|t:|1781455081\n|switch|p1a: Spiritomb|Spiritomb, L89, F|234/234\n|switch|p2a: Pachirisu|Pachirisu, L96, F|271/271\n|\n|upkeep\n|turn|2\n|\n|t:|1781455085\n|move|p2a: Pachirisu|Nuzzle|p1a: Spiritomb\n|-damage|p1a: Spiritomb|219/234\n|-status|p1a: Spiritomb|par\n|move|p1a: Spiritomb|Toxic|p2a: Pachirisu|[miss]\n|-miss|p1a: Spiritomb|p2a: Pachirisu\n|\n|-heal|p1a: Spiritomb|233/234 par|[from] item: Leftovers\n|upkeep\n|turn|3\n|\n|t:|1781455102\n|move|p2a: Pachirisu|U-turn|p1a: Spiritomb\n|-damage|p1a: Spiritomb|202/234 par\n|\n|t:|1781455114\n|switch|p2a: Landorus|Landorus-Therian, L76, M|260/260|[from] U-turn\n|-ability|p2a: Landorus|Intimidate|boost\n|-unboost|p1a: Spiritomb|atk|1\n|move|p1a: Spiritomb|Toxic|p2a: Landorus\n|-status|p2a: Landorus|tox\n|\n|-heal|p1a: Spiritomb|216/234 par|[from] item: Leftovers\n|-damage|p2a: Landorus|244/260 tox|[from] psn\n|upkeep\n|turn|4\n|\n|t:|1781455126\n|move|p2a: Landorus|Stealth Rock|p1a: Spiritomb\n|-sidestart|p1: mr clevage|move: Stealth Rock\n|move|p1a: Spiritomb|Foul Play|p2a: Landorus\n|-crit|p2a: Landorus\n|-damage|p2a: Landorus|27/260 tox\n|\n|-heal|p2a: Landorus|43/260 tox|[from] item: Leftovers\n|-heal|p1a: Spiritomb|230/234 par|[from] item: Leftovers\n|-damage|p2a: Landorus|11/260 tox|[from] psn\n|upkeep\n|turn|5\n|\n|t:|1781455146\n|move|p1a: Spiritomb|Sucker Punch|p2a: Landorus\n|-damage|p2a: Landorus|0 fnt\n|faint|p2a: Landorus\n|\n|-heal|p1a: Spiritomb|234/234 par|[from] item: Leftovers\n|upkeep\n|\n|t:|1781455160\n|switch|p2a: Sudowoodo|Sudowoodo, L94, F|284/284\n|turn|6\n|\n|t:|1781455165\n|switch|p1a: Krookodile|Krookodile, L79, M|280/280\n|-damage|p1a: Krookodile|263/280|[from] Stealth Rock\n|-ability|p1a: Krookodile|Intimidate|boost\n|-unboost|p2a: Sudowoodo|atk|1\n|move|p2a: Sudowoodo|Head Smash|p1a: Krookodile\n|-resisted|p1a: Krookodile\n|-damage|p1a: Krookodile|143/280\n|\n|-heal|p1a: Krookodile|160/280|[from] item: Leftovers\n|upkeep\n|turn|7\n|\n|t:|1781455186\n|switch|p2a: Conkeldurr|Conkeldurr, L80, F|299/299\n|move|p1a: Krookodile|Knock Off|p2a: Conkeldurr\n|-resisted|p2a: Conkeldurr\n|-crit|p2a: Conkeldurr\n|-damage|p2a: Conkeldurr|215/299\n|-enditem|p2a: Conkeldurr|Flame Orb|[from] move: Knock Off|[of] p1a: Krookodile\n|\n|-heal|p1a: Krookodile|177/280|[from] item: Leftovers\n|upkeep\n|turn|8\n|\n|t:|1781455199\n|switch|p1a: Spiritomb|Spiritomb, L89, F|234/234 par\n|-damage|p1a: Spiritomb|205/234 par|[from] Stealth Rock\n|move|p2a: Conkeldurr|Knock Off|p1a: Spiritomb\n|-damage|p1a: Spiritomb|139/234 par\n|-enditem|p1a: Spiritomb|Leftovers|[from] move: Knock Off|[of] p2a: Conkeldurr\n|\n|upkeep\n|turn|9\n|\n|t:|1781455206\n|move|p2a: Conkeldurr|Knock Off|p1a: Spiritomb\n|-damage|p1a: Spiritomb|93/234 par\n|move|p1a: Spiritomb|Foul Play|p2a: Conkeldurr\n|-resisted|p2a: Conkeldurr\n|-damage|p2a: Conkeldurr|154/299\n|\n|upkeep\n|turn|10\n|\n|t:|1781455213\n|move|p2a: Conkeldurr|Knock Off|p1a: Spiritomb\n|-damage|p1a: Spiritomb|50/234 par\n|move|p1a: Spiritomb|Foul Play|p2a: Conkeldurr\n|-resisted|p2a: Conkeldurr\n|-damage|p2a: Conkeldurr|88/299\n|\n|upkeep\n|turn|11\n|\n|t:|1781455219\n|move|p2a: Conkeldurr|Knock Off|p1a: Spiritomb\n|-damage|p1a: Spiritomb|0 fnt\n|faint|p1a: Spiritomb\n|\n|upkeep\n|\n|t:|1781455225\n|switch|p1a: Spectrier|Spectrier, L75|274/274\n|-damage|p1a: Spectrier|240/274|[from] Stealth Rock\n|turn|12\n|\n|t:|1781455231\n|switch|p2a: Pachirisu|Pachirisu, L96, F|271/271\n|move|p1a: Spectrier|Shadow Ball|p2a: Pachirisu\n|-damage|p2a: Pachirisu|201/271\n|-damage|p1a: Spectrier|213/274|[from] item: Life Orb\n|\n|upkeep\n|turn|13\n|\n|t:|1781455239\n|switch|p1a: Raikou|Raikou, L81|278/278\n|-damage|p1a: Raikou|244/278|[from] Stealth Rock\n|-ability|p1a: Raikou|Pressure\n|move|p2a: Pachirisu|U-turn|p1a: Raikou\n|-damage|p1a: Raikou|199/278\n|\n|t:|1781455251\n|switch|p2a: Hitmonchan|Hitmonchan, L87, M|229/229|[from] U-turn\n|\n|upkeep\n|turn|14\n|\n|t:|1781455256\n|move|p1a: Raikou|Scald|p2a: Hitmonchan\n|-damage|p2a: Hitmonchan|156/229\n|-status|p2a: Hitmonchan|brn\n|move|p2a: Hitmonchan|Knock Off|p1a: Raikou\n|-damage|p1a: Raikou|138/278\n|-enditem|p1a: Raikou|Choice Specs|[from] move: Knock Off|[of] p2a: Hitmonchan\n|-damage|p2a: Hitmonchan|134/229 brn|[from] item: Life Orb\n|\n|-damage|p2a: Hitmonchan|120/229 brn|[from] brn\n|upkeep\n|turn|15\n|\n|t:|1781455267\n|move|p1a: Raikou|Thunderbolt|p2a: Hitmonchan\n|-damage|p2a: Hitmonchan|29/229 brn\n|move|p2a: Hitmonchan|Knock Off|p1a: Raikou\n|-damage|p1a: Raikou|99/278\n|-damage|p2a: Hitmonchan|7/229 brn|[from] item: Life Orb\n|\n|-damage|p2a: Hitmonchan|0 fnt|[from] brn\n|faint|p2a: Hitmonchan\n|upkeep\n|\n|t:|1781455277\n|switch|p2a: Flutter Mane|Flutter Mane, L74|203/203\n|turn|16\n|\n|t:|1781455289\n|move|p2a: Flutter Mane|Moonblast|p1a: Raikou\n|-damage|p1a: Raikou|0 fnt\n|faint|p1a: Raikou\n|\n|upkeep\n|\n|t:|1781455298\n|switch|p1a: Jirachi|Jirachi, L80|291/291\n|-damage|p1a: Jirachi|273/291|[from] Stealth Rock\n|turn|17\n|\n|t:|1781455302\n|-end|p2a: Flutter Mane|Protosynthesis|[silent]\n|switch|p2a: Pachirisu|Pachirisu, L96, F|201/271\n|-terastallize|p1a: Jirachi|Water\n|move|p1a: Jirachi|Iron Head|p2a: Pachirisu\n|-resisted|p2a: Pachirisu\n|-damage|p2a: Pachirisu|159/271\n|\n|-heal|p1a: Jirachi|291/291|[from] item: Leftovers\n|upkeep\n|turn|18\n|\n|t:|1781455316\n|move|p2a: Pachirisu|U-turn|p1a: Jirachi\n|-damage|p1a: Jirachi|251/291\n|\n|t:|1781455322\n|switch|p2a: Conkeldurr|Conkeldurr, L80, F|88/299|[from] U-turn\n|move|p1a: Jirachi|Wish|p1a: Jirachi\n|\n|-heal|p1a: Jirachi|269/291|[from] item: Leftovers\n|upkeep\n|turn|19\n|\n|t:|1781455333\n|move|p1a: Jirachi|Iron Head|p2a: Conkeldurr\n|-damage|p2a: Conkeldurr|3/299\n|cant|p2a: Conkeldurr|flinch\n|\n|-heal|p1a: Jirachi|291/291|[from] move: Wish|[wisher] Jirachi\n|upkeep\n|turn|20\n|\n|t:|1781455343\n|move|p1a: Jirachi|Wish|p1a: Jirachi\n|move|p2a: Conkeldurr|Close Combat|p1a: Jirachi\n|-damage|p1a: Jirachi|144/291\n|-unboost|p2a: Conkeldurr|def|1\n|-unboost|p2a: Conkeldurr|spd|1\n|\n|-heal|p1a: Jirachi|162/291|[from] item: Leftovers\n|upkeep\n|turn|21\n|\n|t:|1781455351\n|move|p1a: Jirachi|Iron Head|p2a: Conkeldurr\n|-damage|p2a: Conkeldurr|0 fnt\n|faint|p2a: Conkeldurr\n|\n|-heal|p1a: Jirachi|291/291|[from] move: Wish|[wisher] Jirachi\n|upkeep\n|\n|t:|1781455354\n|switch|p2a: Pachirisu|Pachirisu, L96, F|159/271\n|turn|22\n|\n|t:|1781455360\n|switch|p1a: Krookodile|Krookodile, L79, M|177/280\n|-damage|p1a: Krookodile|160/280|[from] Stealth Rock\n|-ability|p1a: Krookodile|Intimidate|boost\n|-unboost|p2a: Pachirisu|atk|1\n|move|p2a: Pachirisu|Nuzzle|p1a: Krookodile\n|-immune|p1a: Krookodile\n|\n|-heal|p1a: Krookodile|177/280|[from] item: Leftovers\n|upkeep\n|turn|23\n|\n|t:|1781455366\n|move|p2a: Pachirisu|U-turn|p1a: Krookodile\n|-supereffective|p1a: Krookodile\n|-crit|p1a: Krookodile\n|-damage|p1a: Krookodile|57/280\n|\n|t:|1781455371\n|switch|p2a: Sudowoodo|Sudowoodo, L94, F|284/284|[from] U-turn\n|move|p1a: Krookodile|Earthquake|p2a: Sudowoodo\n|-supereffective|p2a: Sudowoodo\n|-damage|p2a: Sudowoodo|132/284\n|\n|-heal|p1a: Krookodile|74/280|[from] item: Leftovers\n|upkeep\n|turn|24\n|\n|t:|1781455382\n|move|p2a: Sudowoodo|Sucker Punch|p1a: Krookodile\n|-resisted|p1a: Krookodile\n|-damage|p1a: Krookodile|18/280\n|move|p1a: Krookodile|Earthquake|p2a: Sudowoodo\n|-supereffective|p2a: Sudowoodo\n|-crit|p2a: Sudowoodo\n|-damage|p2a: Sudowoodo|0 fnt\n|faint|p2a: Sudowoodo\n|\n|-heal|p1a: Krookodile|35/280|[from] item: Leftovers\n|upkeep\n|\n|t:|1781455385\n|switch|p2a: Pachirisu|Pachirisu, L96, F|159/271\n|turn|25\n|\n|t:|1781455395\n|switch|p1a: Terapagos|Terapagos, L77, M|265/265\n|-activate|p1a: Terapagos|ability: Tera Shift\n|detailschange|p1a: Terapagos|Terapagos-Terastal, L77, M\n|-heal|p1a: Terapagos|273/273|[silent]\n|move|p2a: Pachirisu|U-turn|p1a: Terapagos\n|-activate|p1a: Terapagos|ability: Tera Shell\n|-resisted|p1a: Terapagos\n|-damage|p1a: Terapagos|256/273\n|\n|t:|1781455403\n|switch|p2a: Flutter Mane|Flutter Mane, L74|203/203|[from] U-turn\n|\n|upkeep\n|turn|26\n|\n|t:|1781455408\n|-terastallize|p2a: Flutter Mane|Fairy\n|move|p2a: Flutter Mane|Moonblast|p1a: Terapagos\n|-damage|p1a: Terapagos|62/273\n|move|p1a: Terapagos|Calm Mind|p1a: Terapagos\n|-boost|p1a: Terapagos|spa|1\n|-boost|p1a: Terapagos|spd|1\n|\n|upkeep\n|turn|27\n|\n|t:|1781455414\n|move|p2a: Flutter Mane|Moonblast|p1a: Terapagos\n|-damage|p1a: Terapagos|0 fnt\n|faint|p1a: Terapagos\n|\n|upkeep\n|\n|t:|1781455417\n|switch|p1a: Jirachi|Jirachi, L80, tera:Water|291/291\n|-damage|p1a: Jirachi|255/291|[from] Stealth Rock\n|turn|28\n|\n|t:|1781455421\n|-end|p2a: Flutter Mane|Protosynthesis|[silent]\n|switch|p2a: Pachirisu|Pachirisu, L96, F|159/271\n|move|p1a: Jirachi|Iron Head|p2a: Pachirisu\n|-resisted|p2a: Pachirisu\n|-damage|p2a: Pachirisu|119/271\n|\n|-heal|p1a: Jirachi|273/291|[from] item: Leftovers\n|upkeep\n|turn|29\n|\n|t:|1781455430\n|move|p2a: Pachirisu|Thunderbolt|p1a: Jirachi\n|-supereffective|p1a: Jirachi\n|-damage|p1a: Jirachi|129/291\n|move|p1a: Jirachi|Body Slam|p2a: Pachirisu\n|-damage|p2a: Pachirisu|65/271\n|\n|-heal|p1a: Jirachi|147/291|[from] item: Leftovers\n|upkeep\n|turn|30\n|\n|t:|1781455445\n|move|p2a: Pachirisu|Thunderbolt|p1a: Jirachi\n|-supereffective|p1a: Jirachi\n|-damage|p1a: Jirachi|19/291\n|move|p1a: Jirachi|Wish|p1a: Jirachi\n|\n|-heal|p1a: Jirachi|37/291|[from] item: Leftovers\n|upkeep\n|turn|31\n|\n|t:|1781455450\n|move|p1a: Jirachi|Protect|p1a: Jirachi\n|-singleturn|p1a: Jirachi|Protect\n|move|p2a: Pachirisu|Thunderbolt|p1a: Jirachi\n|-activate|p1a: Jirachi|move: Protect\n|\n|-heal|p1a: Jirachi|182/291|[from] move: Wish|[wisher] Jirachi\n|-heal|p1a: Jirachi|200/291|[from] item: Leftovers\n|upkeep\n|turn|32\n|\n|t:|1781455456\n|move|p2a: Pachirisu|Nuzzle|p1a: Jirachi\n|-supereffective|p1a: Jirachi\n|-damage|p1a: Jirachi|170/291\n|-status|p1a: Jirachi|par\n|move|p1a: Jirachi|Body Slam|p2a: Pachirisu\n|-damage|p2a: Pachirisu|5/271\n|\n|-heal|p1a: Jirachi|188/291 par|[from] item: Leftovers\n|upkeep\n|turn|33\n|\n|t:|1781455466\n|cant|p1a: Jirachi|par\n|move|p2a: Pachirisu|Thunderbolt|p1a: Jirachi\n|-supereffective|p1a: Jirachi\n|-damage|p1a: Jirachi|54/291 par\n|\n|-heal|p1a: Jirachi|72/291 par|[from] item: Leftovers\n|upkeep\n|turn|34\n|\n|t:|1781455472\n|cant|p1a: Jirachi|par\n|move|p2a: Pachirisu|Thunderbolt|p1a: Jirachi\n|-supereffective|p1a: Jirachi\n|-damage|p1a: Jirachi|0 fnt\n|faint|p1a: Jirachi\n|\n|upkeep\n|\n|t:|1781455480\n|switch|p1a: Spectrier|Spectrier, L75|213/274\n|-damage|p1a: Spectrier|179/274|[from] Stealth Rock\n|turn|35\n|\n|t:|1781455492\n|move|p1a: Spectrier|Shadow Ball|p2a: Pachirisu\n|-damage|p2a: Pachirisu|0 fnt\n|faint|p2a: Pachirisu\n|-ability|p1a: Spectrier|Grim Neigh|boost\n|-boost|p1a: Spectrier|spa|1\n|-damage|p1a: Spectrier|152/274|[from] item: Life Orb\n|\n|upkeep\n|\n|t:|1781455494\n|switch|p2a: Flutter Mane|Flutter Mane, L74, tera:Fairy|203/203\n|turn|36\n|\n|t:|1781455500\n|move|p2a: Flutter Mane|Moonblast|p1a: Spectrier\n|-damage|p1a: Spectrier|0 fnt\n|faint|p1a: Spectrier\n|\n|upkeep\n|\n|t:|1781455503\n|switch|p1a: Krookodile|Krookodile, L79, M|35/280\n|-damage|p1a: Krookodile|18/280|[from] Stealth Rock\n|-ability|p1a: Krookodile|Intimidate|boost\n|-unboost|p2a: Flutter Mane|atk|1\n|turn|37\n|\n|t:|1781455506\n|move|p2a: Flutter Mane|Moonblast|p1a: Krookodile\n|-supereffective|p1a: Krookodile\n|-damage|p1a: Krookodile|0 fnt\n|faint|p1a: Krookodile\n|\n|win|Mitza01\n", "uploadtime": 1781455067, "views": 3, "formatid": "gen9randombattle", "rating": null, "private": 0, "password": null}