{"id": "gen9randombattle-2631938628", "format": "[Gen 9] Random Battle", "players": ["bubblgumwitch", "edgar1029"], "log": "|j|\u2606bubblgumwitch\n|j|\u2606edgar1029\n|t:|1781457763\n|gametype|singles\n|player|p1|bubblgumwitch|caitlin|1372\n|player|p2|edgar1029|wattson|1405\n|gen|9\n|tier|[Gen 9] Random Battle\n|rated|\n|rule|Species Clause: Limit one of each Pok\u00e9mon\n|rule|HP Percentage Mod: HP is shown in percentages\n|rule|Sleep Clause Mod: Limit one foe put to sleep\n|rule|Illusion Level Mod: Illusion disguises the Pok\u00e9mon's true level\n|\n|t:|1781457763\n|teamsize|p1|6\n|teamsize|p2|6\n|start\n|switch|p1a: Sandy Shocks|Sandy Shocks, L80|267/267\n|switch|p2a: Brambleghast|Brambleghast, L88, F|240/240\n|turn|1\n|inactive|Battle timer is ON: inactive players will automatically lose when time's up. (requested by edgar1029)\n|\n|t:|1781457782\n|-end|p1a: Sandy Shocks|Protosynthesis|[silent]\n|switch|p1a: Dudunsparce|Dudunsparce-Three-Segment, L83, F|343/343\n|move|p2a: Brambleghast|Power Whip|p1a: Dudunsparce|[miss]\n|-miss|p2a: Brambleghast|p1a: Dudunsparce\n|\n|upkeep\n|turn|2\n|\n|t:|1781457789\n|move|p2a: Brambleghast|Strength Sap|p1a: Dudunsparce\n|-unboost|p1a: Dudunsparce|atk|1\n|move|p1a: Dudunsparce|Glare|p2a: Brambleghast\n|-status|p2a: Brambleghast|par\n|\n|upkeep\n|turn|3\n|\n|t:|1781457802\n|switch|p1a: Houndstone|Houndstone, L86, F|264/264\n|cant|p2a: Brambleghast|par\n|\n|upkeep\n|turn|4\n|\n|t:|1781457807\n|move|p1a: Houndstone|Poltergeist|p2a: Brambleghast\n|-activate|p2a: Brambleghast|move: Poltergeist|Leftovers\n|-supereffective|p2a: Brambleghast\n|-damage|p2a: Brambleghast|0 fnt\n|faint|p2a: Brambleghast\n|\n|upkeep\n|\n|t:|1781457821\n|switch|p2a: Ogerpon|Ogerpon, L80, F|259/259\n|turn|5\n|\n|t:|1781457825\n|move|p2a: Ogerpon|Knock Off|p1a: Houndstone\n|-supereffective|p1a: Houndstone\n|-damage|p1a: Houndstone|197/264\n|-enditem|p1a: Houndstone|Leftovers|[from] move: Knock Off|[of] p2a: Ogerpon\n|move|p1a: Houndstone|Poltergeist|p2a: Ogerpon\n|-activate|p2a: Ogerpon|move: Poltergeist|Leftovers\n|-damage|p2a: Ogerpon|121/259\n|\n|-heal|p2a: Ogerpon|137/259|[from] item: Leftovers\n|upkeep\n|turn|6\n|\n|t:|1781457833\n|move|p2a: Ogerpon|Ivy Cudgel|p1a: Houndstone\n|-damage|p1a: Houndstone|92/264\n|move|p1a: Houndstone|Poltergeist|p2a: Ogerpon\n|-activate|p2a: Ogerpon|move: Poltergeist|Leftovers\n|-damage|p2a: Ogerpon|1/259\n|\n|-heal|p2a: Ogerpon|17/259|[from] item: Leftovers\n|upkeep\n|turn|7\n|\n|t:|1781457840\n|move|p1a: Houndstone|Shadow Sneak|p2a: Ogerpon\n|-damage|p2a: Ogerpon|0 fnt\n|faint|p2a: Ogerpon\n|\n|upkeep\n|\n|t:|1781457857\n|switch|p2a: Goodra|Goodra, L85, F|292/292\n|turn|8\n|\n|t:|1781457862\n|move|p2a: Goodra|Knock Off|p1a: Houndstone\n|-supereffective|p1a: Houndstone\n|-damage|p1a: Houndstone|52/264\n|move|p1a: Houndstone|Poltergeist|p2a: Goodra\n|-activate|p2a: Goodra|move: Poltergeist|Assault Vest\n|-damage|p2a: Goodra|138/292\n|\n|upkeep\n|turn|9\n|\n|t:|1781457875\n|move|p2a: Goodra|Knock Off|p1a: Houndstone\n|-supereffective|p1a: Houndstone\n|-damage|p1a: Houndstone|6/264\n|move|p1a: Houndstone|Poltergeist|p2a: Goodra\n|-activate|p2a: Goodra|move: Poltergeist|Assault Vest\n|-damage|p2a: Goodra|0 fnt\n|faint|p2a: Goodra\n|\n|upkeep\n|l|\u2606edgar1029\n|inactive|edgar1029 disconnected and has a minute to reconnect!\n|player|p2|\n|c|\u2606bubblgumwitch|Do you have no special attacks????\n|inactive|edgar1029 has 30 seconds to reconnect!\n|inactive|edgar1029 has 20 seconds to reconnect!\n|inactive|edgar1029 has 15 seconds to reconnect!\n|inactive|edgar1029 has 10 seconds to reconnect!\n|inactive|edgar1029 has 5 seconds to reconnect!\n|-message|edgar1029 lost due to inactivity.\n|\n|win|bubblgumwitch\n|raw|bubblgumwitch's rating: 1372 &rarr; <strong>1394</strong><br />(+22 for winning)\n|raw|edgar1029's rating: 1405 &rarr; <strong>1383</strong><br />(-22 for losing)\n", "uploadtime": 1781457949, "views": 9, "formatid": "gen9randombattle", "rating": 1383, "private": 0, "password": null}