{"id": "gen9randombattle-2631524630", "format": "[Gen 9] Random Battle", "players": ["theflyestlai", "Dooopsdiiips"], "log": "|j|\u2606theflyestlai\n|j|\u2606Dooopsdiiips\n|t:|1781396450\n|gametype|singles\n|player|p1|theflyestlai|miku-ghost|2032\n|player|p2|Dooopsdiiips|265|2086\n|gen|9\n|tier|[Gen 9] Random Battle\n|rated|\n|rule|Species Clause: Limit one of each Pok\u00e9mon\n|rule|HP Percentage Mod: HP is shown in percentages\n|rule|Sleep Clause Mod: Limit one foe put to sleep\n|rule|Illusion Level Mod: Illusion disguises the Pok\u00e9mon's true level\n|\n|t:|1781396450\n|teamsize|p1|6\n|teamsize|p2|6\n|start\n|switch|p1a: Regigigas|Regigigas, L84|322/322\n|switch|p2a: Blissey|Blissey, L85, F|572/572\n|-start|p1a: Regigigas|ability: Slow Start\n|turn|1\n|inactive|Battle timer is ON: inactive players will automatically lose when time's up. (requested by theflyestlai)\n|\n|t:|1781396470\n|move|p1a: Regigigas|Protect|p1a: Regigigas\n|-singleturn|p1a: Regigigas|Protect\n|move|p2a: Blissey|Thunder Wave|p1a: Regigigas\n|-activate|p1a: Regigigas|move: Protect\n|\n|upkeep\n|turn|2\n|\n|t:|1781396486\n|switch|p1a: Glalie|Glalie, L96, F|309/309\n|move|p2a: Blissey|Thunder Wave|p1a: Glalie\n|-status|p1a: Glalie|par\n|\n|upkeep\n|turn|3\n|\n|t:|1781396505\n|switch|p2a: Mienshao|Mienshao, L83, M|244/244\n|move|p1a: Glalie|Spikes|p2a: Mienshao\n|-sidestart|p2: Dooopsdiiips|Spikes\n|\n|upkeep\n|turn|4\n|\n|t:|1781396511\n|switch|p1a: Talonflame|Talonflame, L83, M|265/265\n|move|p2a: Mienshao|Knock Off|p1a: Talonflame\n|-damage|p1a: Talonflame|171/265\n|-enditem|p1a: Talonflame|Heavy-Duty Boots|[from] move: Knock Off|[of] p2a: Mienshao\n|\n|upkeep\n|turn|5\n|\n|t:|1781396522\n|switch|p2a: Magcargo|Magcargo, L95, M|268/268\n|move|p1a: Talonflame|Brave Bird|p2a: Magcargo\n|-resisted|p2a: Magcargo\n|-damage|p2a: Magcargo|229/268\n|-ability|p2a: Magcargo|Weak Armor|boost\n|-unboost|p2a: Magcargo|def|1\n|-boost|p2a: Magcargo|spe|2\n|-damage|p1a: Talonflame|158/265|[from] Recoil\n|\n|upkeep\n|turn|6\n|\n|t:|1781396539\n|switch|p1a: Snorlax|Snorlax, L82, M|397/397\n|move|p2a: Magcargo|Fire Blast|p1a: Snorlax\n|-damage|p1a: Snorlax|333/397\n|\n|-heal|p1a: Snorlax|357/397|[from] item: Leftovers\n|upkeep\n|turn|7\n|inactive|theflyestlai has 120 seconds left.\n|inactive|theflyestlai has 90 seconds left.\n|\n|t:|1781396612\n|switch|p2a: Torterra|Torterra, L78, M|276/276\n|-damage|p2a: Torterra|242/276|[from] Spikes\n|move|p1a: Snorlax|Curse|p1a: Snorlax\n|-unboost|p1a: Snorlax|spe|1\n|-boost|p1a: Snorlax|atk|1\n|-boost|p1a: Snorlax|def|1\n|\n|-heal|p1a: Snorlax|381/397|[from] item: Leftovers\n|upkeep\n|turn|8\n|inactive|Dooopsdiiips has 120 seconds left.\n|\n|t:|1781396636\n|move|p2a: Torterra|Bullet Seed|p1a: Snorlax\n|-damage|p1a: Snorlax|359/397\n|-damage|p1a: Snorlax|335/397\n|-crit|p1a: Snorlax\n|-damage|p1a: Snorlax|289/397\n|-damage|p1a: Snorlax|267/397\n|-hitcount|p1a: Snorlax|4\n|move|p1a: Snorlax|Body Slam|p2a: Torterra\n|-damage|p2a: Torterra|112/276\n|\n|-heal|p1a: Snorlax|291/397|[from] item: Leftovers\n|upkeep\n|turn|9\n|inactive|Dooopsdiiips has 120 seconds left.\n|\n|t:|1781396654\n|move|p2a: Torterra|Headlong Rush|p1a: Snorlax\n|-damage|p1a: Snorlax|197/397\n|-unboost|p2a: Torterra|def|1\n|-unboost|p2a: Torterra|spd|1\n|move|p1a: Snorlax|Curse|p1a: Snorlax\n|-unboost|p1a: Snorlax|spe|1\n|-boost|p1a: Snorlax|atk|1\n|-boost|p1a: Snorlax|def|1\n|\n|-heal|p1a: Snorlax|221/397|[from] item: Leftovers\n|upkeep\n|turn|10\n|inactive|Dooopsdiiips has 120 seconds left.\n|\n|t:|1781396663\n|move|p2a: Torterra|Headlong Rush|p1a: Snorlax\n|-damage|p1a: Snorlax|148/397\n|-unboost|p2a: Torterra|def|1\n|-unboost|p2a: Torterra|spd|1\n|move|p1a: Snorlax|Curse|p1a: Snorlax\n|-unboost|p1a: Snorlax|spe|1\n|-boost|p1a: Snorlax|atk|1\n|-boost|p1a: Snorlax|def|1\n|\n|-heal|p1a: Snorlax|172/397|[from] item: Leftovers\n|upkeep\n|turn|11\n|inactive|Dooopsdiiips has 120 seconds left.\n|\n|t:|1781396673\n|move|p2a: Torterra|Headlong Rush|p1a: Snorlax\n|-damage|p1a: Snorlax|109/397\n|-unboost|p2a: Torterra|def|1\n|-unboost|p2a: Torterra|spd|1\n|move|p1a: Snorlax|Rest|p1a: Snorlax\n|-status|p1a: Snorlax|slp|[from] move: Rest\n|-heal|p1a: Snorlax|397/397 slp|[silent]\n|\n|upkeep\n|turn|12\n|inactive|Dooopsdiiips has 120 seconds left.\n|\n|t:|1781396686\n|switch|p2a: Lunala|Lunala, L70|308/308\n|-damage|p2a: Lunala|270/308|[from] Spikes\n|cant|p1a: Snorlax|slp\n|move|p1a: Snorlax|Sleep Talk|p1a: Snorlax\n|move|p1a: Snorlax|Rest||[from] move: Sleep Talk|[still]\n|-fail|p1a: Snorlax\n|\n|-heal|p2a: Lunala|289/308|[from] item: Leftovers\n|upkeep\n|turn|13\n|inactive|Dooopsdiiips has 120 seconds left.\n|inactive|theflyestlai has 90 seconds left.\n|\n|t:|1781396715\n|switch|p2a: Mienshao|Mienshao, L83, M|244/244\n|-damage|p2a: Mienshao|214/244|[from] Spikes\n|cant|p1a: Snorlax|slp\n|move|p1a: Snorlax|Sleep Talk|p1a: Snorlax\n|move|p1a: Snorlax|Curse|p1a: Snorlax|[from] move: Sleep Talk\n|-unboost|p1a: Snorlax|spe|1\n|-boost|p1a: Snorlax|atk|1\n|-boost|p1a: Snorlax|def|1\n|\n|upkeep\n|turn|14\n|inactive|Dooopsdiiips has 120 seconds left.\n|\n|t:|1781396737\n|move|p2a: Mienshao|U-turn|p1a: Snorlax\n|-damage|p1a: Snorlax|369/397 slp\n|\n|t:|1781396739\n|switch|p2a: Lunala|Lunala, L70|289/308|[from] U-turn\n|-damage|p2a: Lunala|251/308|[from] Spikes\n|-curestatus|p1a: Snorlax|slp|[msg]\n|move|p1a: Snorlax|Body Slam|p2a: Lunala\n|-immune|p2a: Lunala\n|\n|-heal|p2a: Lunala|270/308|[from] item: Leftovers\n|-heal|p1a: Snorlax|393/397|[from] item: Leftovers\n|upkeep\n|turn|15\n|inactive|theflyestlai has 90 seconds left.\n|\n|t:|1781396764\n|move|p2a: Lunala|Psyshock|p1a: Snorlax\n|-damage|p1a: Snorlax|356/397\n|move|p1a: Snorlax|Curse|p1a: Snorlax\n|-unboost|p1a: Snorlax|spe|1\n|-boost|p1a: Snorlax|atk|1\n|-boost|p1a: Snorlax|def|1\n|\n|-heal|p2a: Lunala|289/308|[from] item: Leftovers\n|-heal|p1a: Snorlax|380/397|[from] item: Leftovers\n|upkeep\n|turn|16\n|\n|t:|1781396769\n|move|p2a: Lunala|Calm Mind|p2a: Lunala\n|-boost|p2a: Lunala|spa|1\n|-boost|p2a: Lunala|spd|1\n|move|p1a: Snorlax|Curse|p1a: Snorlax\n|-unboost|p1a: Snorlax|spe|1\n|-boost|p1a: Snorlax|atk|1\n|-boost|p1a: Snorlax|def|1\n|\n|-heal|p2a: Lunala|308/308|[from] item: Leftovers\n|-heal|p1a: Snorlax|397/397|[from] item: Leftovers\n|upkeep\n|turn|17\n|inactive|Dooopsdiiips has 120 seconds left.\n|\n|t:|1781396781\n|move|p2a: Lunala|Psyshock|p1a: Snorlax\n|-damage|p1a: Snorlax|355/397\n|move|p1a: Snorlax|Curse|p1a: Snorlax\n|\n|-heal|p1a: Snorlax|379/397|[from] item: Leftovers\n|upkeep\n|turn|18\n|\n|t:|1781396792\n|switch|p1a: Regigigas|Regigigas, L84|322/322\n|-start|p1a: Regigigas|ability: Slow Start\n|move|p2a: Lunala|Calm Mind|p2a: Lunala\n|-boost|p2a: Lunala|spa|1\n|-boost|p2a: Lunala|spd|1\n|\n|upkeep\n|turn|19\n|\n|t:|1781396803\n|move|p2a: Lunala|Psyshock|p1a: Regigigas\n|-damage|p1a: Regigigas|180/322\n|move|p1a: Regigigas|Knock Off|p2a: Lunala\n|-supereffective|p2a: Lunala\n|-damage|p2a: Lunala|184/308\n|-enditem|p2a: Lunala|Leftovers|[from] move: Knock Off|[of] p1a: Regigigas\n|\n|-heal|p1a: Regigigas|200/322|[from] item: Leftovers\n|upkeep\n|turn|20\n|\n|t:|1781396819\n|move|p2a: Lunala|Psyshock|p1a: Regigigas\n|-damage|p1a: Regigigas|53/322\n|move|p1a: Regigigas|Knock Off|p2a: Lunala\n|-supereffective|p2a: Lunala\n|-damage|p2a: Lunala|12/308\n|\n|-heal|p1a: Regigigas|73/322|[from] item: Leftovers\n|upkeep\n|turn|21\n|\n|t:|1781396837\n|move|p2a: Lunala|Psyshock|p1a: Regigigas\n|-damage|p1a: Regigigas|0 fnt\n|faint|p1a: Regigigas\n|-end|p1a: Regigigas|Slow Start|[silent]\n|\n|upkeep\n|inactive|theflyestlai has 90 seconds left.\n|\n|t:|1781396876\n|switch|p1a: Talonflame|Talonflame, L83, M|158/265\n|turn|22\n|\n|t:|1781396884\n|switch|p2a: Magcargo|Magcargo, L95, M|229/268\n|move|p1a: Talonflame|Brave Bird|p2a: Magcargo\n|-resisted|p2a: Magcargo\n|-damage|p2a: Magcargo|193/268\n|-ability|p2a: Magcargo|Weak Armor|boost\n|-unboost|p2a: Magcargo|def|1\n|-boost|p2a: Magcargo|spe|2\n|-damage|p1a: Talonflame|146/265|[from] Recoil\n|\n|upkeep\n|turn|23\n|inactive|theflyestlai has 90 seconds left.\n|\n|t:|1781396896\n|switch|p1a: Snorlax|Snorlax, L82, M|379/397\n|move|p2a: Magcargo|Shell Smash|p2a: Magcargo\n|-unboost|p2a: Magcargo|def|1\n|-unboost|p2a: Magcargo|spd|1\n|-boost|p2a: Magcargo|atk|2\n|-boost|p2a: Magcargo|spa|2\n|-boost|p2a: Magcargo|spe|2\n|\n|-heal|p1a: Snorlax|397/397|[from] item: Leftovers\n|upkeep\n|turn|24\n|inactive|theflyestlai has 90 seconds left.\n|\n|t:|1781396915\n|move|p2a: Magcargo|Power Gem|p1a: Snorlax\n|-damage|p1a: Snorlax|229/397\n|move|p1a: Snorlax|Body Slam|p2a: Magcargo\n|-resisted|p2a: Magcargo\n|-damage|p2a: Magcargo|128/268\n|-ability|p2a: Magcargo|Weak Armor|boost\n|-unboost|p2a: Magcargo|def|1\n|-boost|p2a: Magcargo|spe|2\n|\n|-heal|p1a: Snorlax|253/397|[from] item: Leftovers\n|upkeep\n|turn|25\n|inactive|theflyestlai has 90 seconds left.\n|\n|t:|1781396928\n|move|p2a: Magcargo|Power Gem|p1a: Snorlax\n|-damage|p1a: Snorlax|87/397\n|move|p1a: Snorlax|Rest|p1a: Snorlax\n|-status|p1a: Snorlax|slp|[from] move: Rest\n|-heal|p1a: Snorlax|397/397 slp|[silent]\n|\n|upkeep\n|turn|26\n|\n|t:|1781396940\n|move|p2a: Magcargo|Power Gem|p1a: Snorlax\n|-crit|p1a: Snorlax\n|-damage|p1a: Snorlax|118/397 slp\n|cant|p1a: Snorlax|slp\n|move|p1a: Snorlax|Sleep Talk|p1a: Snorlax\n|move|p1a: Snorlax|Curse|p1a: Snorlax|[from] move: Sleep Talk\n|-unboost|p1a: Snorlax|spe|1\n|-boost|p1a: Snorlax|atk|1\n|-boost|p1a: Snorlax|def|1\n|\n|-heal|p1a: Snorlax|142/397 slp|[from] item: Leftovers\n|upkeep\n|turn|27\n|inactive|theflyestlai has 90 seconds left.\n|\n|t:|1781396965\n|switch|p1a: Glalie|Glalie, L96, F|309/309 par\n|move|p2a: Magcargo|Power Gem|p1a: Glalie\n|-supereffective|p1a: Glalie\n|-damage|p1a: Glalie|0 fnt\n|faint|p1a: Glalie\n|\n|upkeep\n|\n|t:|1781396973\n|switch|p1a: Exeggutor|Exeggutor, L89, F|312/312\n|turn|28\n|\n|t:|1781396984\n|move|p2a: Magcargo|Fire Blast|p1a: Exeggutor\n|-supereffective|p1a: Exeggutor\n|-crit|p1a: Exeggutor\n|-damage|p1a: Exeggutor|0 fnt\n|faint|p1a: Exeggutor\n|\n|upkeep\n|inactive|theflyestlai has 90 seconds left.\n|inactive|theflyestlai has 60 seconds left.\n|inactive|theflyestlai has 30 seconds left.\n|inactive|theflyestlai has 20 seconds left.\n|inactive|theflyestlai has 15 seconds left.\n|inactive|theflyestlai has 10 seconds left.\n|-message|theflyestlai forfeited.\n|\n|win|Dooopsdiiips\n", "uploadtime": 1781396452, "views": 6, "formatid": "gen9randombattle", "rating": null, "private": 0, "password": null}