{"id": "gen9randombattle-2631824944", "format": "[Gen 9] Random Battle", "players": ["MakotoV7", "moritzvb"], "log": "|j|\u2606MakotoV7\n|j|\u2606moritzvb\n|t:|1781444903\n|gametype|singles\n|player|p1|MakotoV7|steven|2104\n|player|p2|moritzvb|ariana|2156\n|gen|9\n|tier|[Gen 9] Random Battle\n|rated|\n|rule|Species Clause: Limit one of each Pok\u00e9mon\n|rule|HP Percentage Mod: HP is shown in percentages\n|rule|Sleep Clause Mod: Limit one foe put to sleep\n|rule|Illusion Level Mod: Illusion disguises the Pok\u00e9mon's true level\n|\n|t:|1781444903\n|teamsize|p1|6\n|teamsize|p2|6\n|start\n|switch|p1a: Torkoal|Torkoal, L88, M|266/266\n|switch|p2a: Sylveon|Sylveon, L85, F|300/300\n|-weather|SunnyDay|[from] ability: Drought|[of] p1a: Torkoal\n|turn|1\n|\n|t:|1781444916\n|switch|p2a: Munkidori|Munkidori, L79, M|269/269\n|move|p1a: Torkoal|Stealth Rock|p2a: Munkidori\n|-sidestart|p2: moritzvb|move: Stealth Rock\n|\n|-weather|SunnyDay|[upkeep]\n|upkeep\n|turn|2\n|\n|t:|1781444927\n|move|p2a: Munkidori|Psychic Noise|p1a: Torkoal\n|-damage|p1a: Torkoal|158/266\n|-start|p1a: Torkoal|move: Heal Block\n|move|p1a: Torkoal|Lava Plume|p2a: Munkidori\n|-damage|p2a: Munkidori|188/269\n|\n|-weather|SunnyDay|[upkeep]\n|upkeep\n|turn|3\n|inactive|Battle timer is ON: inactive players will automatically lose when time's up. (requested by MakotoV7)\n|\n|t:|1781444938\n|switch|p1a: Morpeko|Morpeko, L88, F|245/245\n|move|p2a: Munkidori|Sludge Wave|p1a: Morpeko\n|-damage|p1a: Morpeko|97/245\n|-status|p1a: Morpeko|tox|[from] ability: Toxic Chain|[of] p2a: Munkidori\n|\n|-weather|SunnyDay|[upkeep]\n|-heal|p1a: Morpeko|112/245 tox|[from] item: Leftovers\n|-damage|p1a: Morpeko|97/245 tox|[from] psn\n|-formechange|p1a: Morpeko|Morpeko-Hangry||[from] ability: Hunger Switch\n|upkeep\n|turn|4\n|inactive|moritzvb has 120 seconds left.\n|\n|t:|1781444968\n|switch|p2a: Mienshao|Mienshao, L83, F|244/244\n|-damage|p2a: Mienshao|229/244|[from] Stealth Rock\n|move|p1a: Morpeko|Aura Wheel|p2a: Mienshao\n|-resisted|p2a: Mienshao\n|-damage|p2a: Mienshao|148/244\n|-boost|p1a: Morpeko|spe|1\n|\n|-weather|SunnyDay|[upkeep]\n|-heal|p1a: Morpeko|112/245 tox|[from] item: Leftovers\n|-damage|p1a: Morpeko|82/245 tox|[from] psn\n|-formechange|p1a: Morpeko|Morpeko||[from] ability: Hunger Switch\n|upkeep\n|turn|5\n|inactive|moritzvb has 120 seconds left.\n|\n|t:|1781444980\n|move|p1a: Morpeko|Aura Wheel|p2a: Mienshao\n|-damage|p2a: Mienshao|0 fnt\n|-boost|p1a: Morpeko|spe|1\n|faint|p2a: Mienshao\n|\n|-weather|none\n|-heal|p1a: Morpeko|97/245 tox|[from] item: Leftovers\n|-damage|p1a: Morpeko|52/245 tox|[from] psn\n|-formechange|p1a: Morpeko|Morpeko-Hangry||[from] ability: Hunger Switch\n|upkeep\n|\n|t:|1781444983\n|switch|p2a: Munkidori|Munkidori, L79, M|188/269\n|-damage|p2a: Munkidori|155/269|[from] Stealth Rock\n|turn|6\n|\n|t:|1781444989\n|switch|p1a: Torkoal|Torkoal, L88, M|158/266\n|-weather|SunnyDay|[from] ability: Drought|[of] p1a: Torkoal\n|move|p2a: Munkidori|Fake Out|p1a: Torkoal\n|-damage|p1a: Torkoal|144/266\n|\n|-weather|SunnyDay|[upkeep]\n|upkeep\n|turn|7\n|\n|t:|1781444993\n|move|p2a: Munkidori|Sludge Wave|p1a: Torkoal\n|-damage|p1a: Torkoal|20/266\n|-status|p1a: Torkoal|tox|[from] ability: Toxic Chain|[of] p2a: Munkidori\n|move|p1a: Torkoal|Lava Plume|p2a: Munkidori\n|-damage|p2a: Munkidori|71/269\n|\n|-weather|SunnyDay|[upkeep]\n|-damage|p1a: Torkoal|4/266 tox|[from] psn\n|upkeep\n|turn|8\n|\n|t:|1781444999\n|move|p2a: Munkidori|U-turn|p1a: Torkoal\n|-resisted|p1a: Torkoal\n|-damage|p1a: Torkoal|0 fnt\n|faint|p1a: Torkoal\n|\n|t:|1781445006\n|switch|p2a: Talonflame|Talonflame, L83, F|265/265|[from] U-turn\n|\n|-weather|SunnyDay|[upkeep]\n|upkeep\n|\n|t:|1781445018\n|switch|p1a: Dragonite|Dragonite, L74, F|257/257\n|turn|9\n|\n|t:|1781445028\n|move|p2a: Talonflame|Brave Bird|p1a: Dragonite\n|-damage|p1a: Dragonite|197/257\n|-damage|p2a: Talonflame|245/265|[from] Recoil\n|move|p1a: Dragonite|Dragon Dance|p1a: Dragonite\n|-boost|p1a: Dragonite|atk|1\n|-boost|p1a: Dragonite|spe|1\n|\n|-weather|SunnyDay|[upkeep]\n|upkeep\n|turn|10\n|\n|t:|1781445037\n|move|p2a: Talonflame|Swords Dance|p2a: Talonflame\n|-boost|p2a: Talonflame|atk|2\n|move|p1a: Dragonite|Dragon Dance|p1a: Dragonite\n|-boost|p1a: Dragonite|atk|1\n|-boost|p1a: Dragonite|spe|1\n|\n|-weather|none\n|upkeep\n|turn|11\n|\n|t:|1781445041\n|move|p1a: Dragonite|Outrage|p2a: Talonflame\n|-damage|p2a: Talonflame|0 fnt\n|faint|p2a: Talonflame\n|\n|upkeep\n|\n|t:|1781445045\n|switch|p2a: Sylveon|Sylveon, L85, F|300/300\n|-damage|p2a: Sylveon|263/300|[from] Stealth Rock\n|turn|12\n|\n|t:|1781445047\n|move|p1a: Dragonite|Outrage|p2a: Sylveon|[from] lockedmove\n|-immune|p2a: Sylveon\n|move|p2a: Sylveon|Hyper Voice|p1a: Dragonite\n|-supereffective|p1a: Dragonite\n|-damage|p1a: Dragonite|0 fnt\n|faint|p1a: Dragonite\n|\n|-heal|p2a: Sylveon|281/300|[from] item: Leftovers\n|upkeep\n|\n|t:|1781445050\n|switch|p1a: Goodra|Goodra-Hisui, L82, F|265/265\n|turn|13\n|\n|t:|1781445057\n|move|p2a: Sylveon|Protect|p2a: Sylveon\n|-singleturn|p2a: Sylveon|Protect\n|move|p1a: Goodra|Heavy Slam|p2a: Sylveon\n|-activate|p2a: Sylveon|move: Protect\n|\n|-heal|p2a: Sylveon|299/300|[from] item: Leftovers\n|upkeep\n|turn|14\n|\n|t:|1781445065\n|switch|p2a: Munkidori|Munkidori, L79, M|71/269\n|-damage|p2a: Munkidori|38/269|[from] Stealth Rock\n|move|p1a: Goodra|Heavy Slam|p2a: Munkidori\n|-damage|p2a: Munkidori|0 fnt\n|faint|p2a: Munkidori\n|\n|upkeep\n|\n|t:|1781445073\n|switch|p2a: Darkrai|Darkrai, L77|234/234\n|-damage|p2a: Darkrai|205/234|[from] Stealth Rock\n|turn|15\n|\n|t:|1781445077\n|switch|p1a: Cryogonal|Cryogonal, L89|287/287\n|move|p2a: Darkrai|Hypnosis|p1a: Cryogonal|[miss]\n|-miss|p2a: Darkrai|p1a: Cryogonal\n|\n|upkeep\n|turn|16\n|\n|t:|1781445082\n|move|p1a: Cryogonal|Rapid Spin|p2a: Darkrai\n|-crit|p2a: Darkrai\n|-damage|p2a: Darkrai|164/234\n|-boost|p1a: Cryogonal|spe|1\n|move|p2a: Darkrai|Hypnosis|p1a: Cryogonal\n|-status|p1a: Cryogonal|slp|[from] move: Hypnosis\n|\n|-damage|p1a: Cryogonal|252/287 slp|[from] ability: Bad Dreams|[of] p2a: Darkrai\n|upkeep\n|turn|17\n|\n|t:|1781445091\n|cant|p1a: Cryogonal|slp\n|move|p2a: Darkrai|Nasty Plot|p2a: Darkrai\n|-boost|p2a: Darkrai|spa|2\n|\n|-damage|p1a: Cryogonal|217/287 slp|[from] ability: Bad Dreams|[of] p2a: Darkrai\n|upkeep\n|turn|18\n|\n|t:|1781445102\n|cant|p1a: Cryogonal|slp\n|move|p2a: Darkrai|Dark Pulse|p1a: Cryogonal\n|-damage|p1a: Cryogonal|69/287 slp\n|-damage|p2a: Darkrai|141/234|[from] item: Life Orb\n|\n|-damage|p1a: Cryogonal|34/287 slp|[from] ability: Bad Dreams|[of] p2a: Darkrai\n|upkeep\n|turn|19\n|\n|t:|1781445111\n|-curestatus|p1a: Cryogonal|slp|[msg]\n|move|p1a: Cryogonal|Ice Beam|p2a: Darkrai\n|-damage|p2a: Darkrai|27/234\n|move|p2a: Darkrai|Dark Pulse|p1a: Cryogonal\n|-damage|p1a: Cryogonal|0 fnt\n|faint|p1a: Cryogonal\n|-damage|p2a: Darkrai|4/234|[from] item: Life Orb\n|\n|upkeep\n|\n|t:|1781445122\n|switch|p1a: Bellossom|Bellossom, L84, M|263/263\n|turn|20\n|\n|t:|1781445126\n|move|p2a: Darkrai|Sludge Bomb|p1a: Bellossom\n|-supereffective|p1a: Bellossom\n|-damage|p1a: Bellossom|0 fnt\n|faint|p1a: Bellossom\n|-damage|p2a: Darkrai|0 fnt|[from] item: Life Orb\n|faint|p2a: Darkrai\n|\n|upkeep\n|\n|t:|1781445136\n|switch|p2a: Sylveon|Sylveon, L85, F|299/300\n|switch|p1a: Morpeko|Morpeko, L88, F|52/245 tox\n|-damage|p2a: Sylveon|262/300|[from] Stealth Rock\n|turn|21\n|\n|t:|1781445148\n|move|p1a: Morpeko|Aura Wheel|p2a: Sylveon\n|-damage|p2a: Sylveon|102/300\n|-boost|p1a: Morpeko|spe|1\n|move|p2a: Sylveon|Wish|p2a: Sylveon\n|\n|-heal|p1a: Morpeko|67/245 tox|[from] item: Leftovers\n|-heal|p2a: Sylveon|120/300|[from] item: Leftovers\n|-damage|p1a: Morpeko|52/245 tox|[from] psn\n|-formechange|p1a: Morpeko|Morpeko-Hangry||[from] ability: Hunger Switch\n|upkeep\n|turn|22\n|\n|t:|1781445155\n|move|p1a: Morpeko|Knock Off|p2a: Sylveon\n|-resisted|p2a: Sylveon\n|-damage|p2a: Sylveon|49/300\n|-enditem|p2a: Sylveon|Leftovers|[from] move: Knock Off|[of] p1a: Morpeko\n|move|p2a: Sylveon|Calm Mind|p2a: Sylveon\n|-boost|p2a: Sylveon|spa|1\n|-boost|p2a: Sylveon|spd|1\n|\n|-heal|p2a: Sylveon|199/300|[from] move: Wish|[wisher] Sylveon\n|-heal|p1a: Morpeko|67/245 tox|[from] item: Leftovers\n|-damage|p1a: Morpeko|37/245 tox|[from] psn\n|-formechange|p1a: Morpeko|Morpeko||[from] ability: Hunger Switch\n|upkeep\n|turn|23\n|\n|t:|1781445165\n|switch|p1a: Goodra|Goodra-Hisui, L82, F|265/265\n|move|p2a: Sylveon|Wish|p2a: Sylveon\n|\n|upkeep\n|turn|24\n|\n|t:|1781445171\n|move|p2a: Sylveon|Hyper Voice|p1a: Goodra\n|-damage|p1a: Goodra|184/265\n|move|p1a: Goodra|Heavy Slam|p2a: Sylveon\n|-supereffective|p2a: Sylveon\n|-damage|p2a: Sylveon|0 fnt\n|faint|p2a: Sylveon\n|\n|upkeep\n|\n|t:|1781445174\n|switch|p2a: Lunala|Lunala, L70|308/308\n|-damage|p2a: Lunala|270/308|[from] Stealth Rock\n|turn|25\n|\n|t:|1781445178\n|move|p2a: Lunala|Calm Mind|p2a: Lunala\n|-boost|p2a: Lunala|spa|1\n|-boost|p2a: Lunala|spd|1\n|move|p1a: Goodra|Heavy Slam|p2a: Lunala\n|-damage|p2a: Lunala|201/308\n|\n|-heal|p2a: Lunala|220/308|[from] item: Leftovers\n|upkeep\n|turn|26\n|\n|t:|1781445184\n|move|p2a: Lunala|Moongeist Beam|p1a: Goodra\n|-damage|p1a: Goodra|123/265\n|move|p1a: Goodra|Heavy Slam|p2a: Lunala\n|-damage|p2a: Lunala|150/308\n|\n|-heal|p2a: Lunala|169/308|[from] item: Leftovers\n|upkeep\n|turn|27\n|\n|t:|1781445189\n|move|p2a: Lunala|Moonlight|p2a: Lunala\n|-heal|p2a: Lunala|308/308\n|move|p1a: Goodra|Heavy Slam|p2a: Lunala\n|-damage|p2a: Lunala|272/308\n|\n|-heal|p2a: Lunala|291/308|[from] item: Leftovers\n|upkeep\n|turn|28\n|\n|t:|1781445193\n|move|p2a: Lunala|Calm Mind|p2a: Lunala\n|-boost|p2a: Lunala|spa|1\n|-boost|p2a: Lunala|spd|1\n|move|p1a: Goodra|Heavy Slam|p2a: Lunala\n|-damage|p2a: Lunala|222/308\n|\n|-heal|p2a: Lunala|241/308|[from] item: Leftovers\n|upkeep\n|turn|29\n|\n|t:|1781445197\n|move|p2a: Lunala|Calm Mind|p2a: Lunala\n|-boost|p2a: Lunala|spa|1\n|-boost|p2a: Lunala|spd|1\n|move|p1a: Goodra|Heavy Slam|p2a: Lunala\n|-damage|p2a: Lunala|162/308\n|\n|-heal|p2a: Lunala|181/308|[from] item: Leftovers\n|upkeep\n|turn|30\n|\n|t:|1781445201\n|move|p2a: Lunala|Moonlight|p2a: Lunala\n|-heal|p2a: Lunala|308/308\n|move|p1a: Goodra|Heavy Slam|p2a: Lunala\n|-crit|p2a: Lunala\n|-damage|p2a: Lunala|257/308\n|\n|-heal|p2a: Lunala|276/308|[from] item: Leftovers\n|upkeep\n|turn|31\n|\n|t:|1781445208\n|move|p2a: Lunala|Calm Mind|p2a: Lunala\n|-boost|p2a: Lunala|spa|1\n|-boost|p2a: Lunala|spd|1\n|move|p1a: Goodra|Heavy Slam|p2a: Lunala\n|-damage|p2a: Lunala|200/308\n|\n|-heal|p2a: Lunala|219/308|[from] item: Leftovers\n|upkeep\n|turn|32\n|\n|t:|1781445211\n|move|p2a: Lunala|Moonlight|p2a: Lunala\n|-heal|p2a: Lunala|308/308\n|move|p1a: Goodra|Heavy Slam|p2a: Lunala\n|-crit|p2a: Lunala\n|-damage|p2a: Lunala|252/308\n|\n|-heal|p2a: Lunala|271/308|[from] item: Leftovers\n|upkeep\n|turn|33\n|\n|t:|1781445223\n|move|p2a: Lunala|Moongeist Beam|p1a: Goodra\n|-damage|p1a: Goodra|0 fnt\n|faint|p1a: Goodra\n|\n|-heal|p2a: Lunala|290/308|[from] item: Leftovers\n|upkeep\n|\n|t:|1781445225\n|switch|p1a: Morpeko|Morpeko, L88, F|37/245 tox\n|turn|34\n|\n|t:|1781445230\n|-terastallize|p1a: Morpeko|Electric\n|-terastallize|p2a: Lunala|Fairy\n|move|p1a: Morpeko|Aura Wheel|p2a: Lunala\n|-damage|p2a: Lunala|96/308\n|-boost|p1a: Morpeko|spe|1\n|move|p2a: Lunala|Moongeist Beam|p1a: Morpeko\n|-damage|p1a: Morpeko|0 fnt\n|faint|p1a: Morpeko\n|\n|win|moritzvb\n", "uploadtime": 1781444904, "views": 5, "formatid": "gen9randombattle", "rating": null, "private": 0, "password": null}