{"id": "gen9randombattle-2631614787", "format": "[Gen 9] Random Battle", "players": ["Guimd33", "cheeseboy628"], "log": "|badge|p1|bronze|gen9randombattle|100-9\n|uhtml|medal-msg|<div class=\"broadcast-blue\">Curious what those medals under the avatar are? PS now has Ladder Seasons! For more information, check out the <a href=\"https://www.smogon.com/forums/threads/3740067/\">thread on Smogon.</a></div>\n|j|\u2606Guimd33\n|j|\u2606cheeseboy628\n|t:|1781409151\n|gametype|singles\n|player|p1|Guimd33|pokekid|2305\n|player|p2|cheeseboy628|norman|2298\n|gen|9\n|tier|[Gen 9] Random Battle\n|rated|\n|rule|Species Clause: Limit one of each Pok\u00e9mon\n|rule|HP Percentage Mod: HP is shown in percentages\n|rule|Sleep Clause Mod: Limit one foe put to sleep\n|rule|Illusion Level Mod: Illusion disguises the Pok\u00e9mon's true level\n|\n|t:|1781409151\n|teamsize|p1|6\n|teamsize|p2|6\n|start\n|switch|p1a: Pikachu|Pikachu-World, L93, F|216/216\n|switch|p2a: Lokix|Lokix, L82, F|251/251\n|turn|1\n|inactive|Battle timer is ON: inactive players will automatically lose when time's up. (requested by Guimd33)\n|\n|t:|1781409178\n|switch|p2a: Swampert|Swampert, L83, F|302/302\n|move|p1a: Pikachu|Fake Out|p2a: Swampert\n|-damage|p2a: Swampert|257/302\n|\n|-heal|p2a: Swampert|275/302|[from] item: Leftovers\n|upkeep\n|turn|2\n|\n|t:|1781409185\n|switch|p1a: Masquerain|Masquerain, L87, M|264/264\n|-ability|p1a: Masquerain|Intimidate|boost\n|-unboost|p2a: Swampert|atk|1\n|move|p2a: Swampert|Knock Off|p1a: Masquerain\n|-damage|p1a: Masquerain|204/264\n|-enditem|p1a: Masquerain|Heavy-Duty Boots|[from] move: Knock Off|[of] p2a: Swampert\n|\n|-heal|p2a: Swampert|293/302|[from] item: Leftovers\n|upkeep\n|turn|3\n|\n|t:|1781409191\n|switch|p2a: Klefki|Klefki, L84, M|233/233\n|move|p1a: Masquerain|Sticky Web|p2a: Klefki\n|-sidestart|p2: cheeseboy628|move: Sticky Web\n|\n|upkeep\n|turn|4\n|\n|t:|1781409199\n|switch|p1a: Chansey|Chansey, L85, F|564/564\n|move|p2a: Klefki|Spikes|p1a: Chansey\n|-sidestart|p1: Guimd33|Spikes\n|\n|upkeep\n|turn|5\n|\n|t:|1781409211\n|move|p2a: Klefki|Spikes|p1a: Chansey\n|-sidestart|p1: Guimd33|Spikes\n|move|p1a: Chansey|Stealth Rock|p2a: Klefki\n|-sidestart|p2: cheeseboy628|move: Stealth Rock\n|\n|upkeep\n|turn|6\n|\n|t:|1781409216\n|move|p2a: Klefki|Spikes|p1a: Chansey\n|-sidestart|p1: Guimd33|Spikes\n|move|p1a: Chansey|Thunder Wave|p2a: Klefki\n|-status|p2a: Klefki|par\n|\n|upkeep\n|turn|7\n|\n|t:|1781409227\n|switch|p2a: Lokix|Lokix, L82, F|251/251\n|-activate|p2a: Lokix|move: Sticky Web\n|-unboost|p2a: Lokix|spe|1\n|-damage|p2a: Lokix|189/251|[from] Stealth Rock\n|move|p1a: Chansey|Seismic Toss|p2a: Lokix\n|-damage|p2a: Lokix|104/251\n|\n|upkeep\n|turn|8\n|\n|t:|1781409240\n|switch|p1a: Masquerain|Masquerain, L87, M|204/264\n|-ability|p1a: Masquerain|Intimidate|boost\n|-unboost|p2a: Lokix|atk|1\n|move|p2a: Lokix|Leech Life|p1a: Masquerain\n|-resisted|p1a: Masquerain\n|-damage|p1a: Masquerain|113/264\n|-heal|p2a: Lokix|150/251|[from] drain|[of] p1a: Masquerain\n|-damage|p2a: Lokix|125/251|[from] item: Life Orb\n|\n|upkeep\n|turn|9\n|\n|t:|1781409255\n|switch|p2a: Klefki|Klefki, L84, M|233/233 par\n|-activate|p2a: Klefki|move: Sticky Web\n|-unboost|p2a: Klefki|spe|1\n|-damage|p2a: Klefki|219/233 par|[from] Stealth Rock\n|move|p1a: Masquerain|Hydro Pump|p2a: Klefki|[miss]\n|-miss|p1a: Masquerain|p2a: Klefki\n|\n|-heal|p2a: Klefki|233/233 par|[from] item: Leftovers\n|upkeep\n|turn|10\n|\n|t:|1781409264\n|switch|p1a: Chansey|Chansey, L85, F|564/564\n|-damage|p1a: Chansey|423/564|[from] Spikes\n|switch|p2a: Dunsparce|Dunsparce, L86, M|312/312\n|-activate|p2a: Dunsparce|move: Sticky Web\n|-unboost|p2a: Dunsparce|spe|1\n|-damage|p2a: Dunsparce|273/312|[from] Stealth Rock\n|\n|upkeep\n|turn|11\n|\n|t:|1781409276\n|-terastallize|p2a: Dunsparce|Ground\n|move|p1a: Chansey|Thunder Wave|p2a: Dunsparce\n|-immune|p2a: Dunsparce\n|move|p2a: Dunsparce|Body Slam|p1a: Chansey\n|-damage|p1a: Chansey|248/564\n|\n|upkeep\n|turn|12\n|\n|t:|1781409282\n|move|p1a: Chansey|Soft-Boiled|p1a: Chansey\n|-heal|p1a: Chansey|530/564\n|move|p2a: Dunsparce|Body Slam|p1a: Chansey\n|-damage|p1a: Chansey|359/564\n|-status|p1a: Chansey|par\n|\n|upkeep\n|turn|13\n|\n|t:|1781409286\n|-curestatus|p1a: Chansey|par|[from] ability: Natural Cure|[silent]\n|switch|p1a: Masquerain|Masquerain, L87, M|113/264\n|-ability|p1a: Masquerain|Intimidate|boost\n|-unboost|p2a: Dunsparce|atk|1\n|move|p2a: Dunsparce|Body Slam|p1a: Masquerain\n|-damage|p1a: Masquerain|53/264\n|-status|p1a: Masquerain|par\n|\n|upkeep\n|turn|14\n|\n|t:|1781409305\n|switch|p2a: Klefki|Klefki, L84, M|233/233 par\n|-activate|p2a: Klefki|move: Sticky Web\n|-unboost|p2a: Klefki|spe|1\n|-damage|p2a: Klefki|219/233 par|[from] Stealth Rock\n|cant|p1a: Masquerain|par\n|\n|-heal|p2a: Klefki|233/233 par|[from] item: Leftovers\n|upkeep\n|turn|15\n|\n|t:|1781409313\n|move|p1a: Masquerain|Hydro Pump|p2a: Klefki|[miss]\n|-miss|p1a: Masquerain|p2a: Klefki\n|move|p2a: Klefki|Dazzling Gleam|p1a: Masquerain\n|-damage|p1a: Masquerain|0 fnt\n|faint|p1a: Masquerain\n|\n|upkeep\n|\n|t:|1781409319\n|switch|p1a: Basculin|Basculin, L86, M|261/261\n|-damage|p1a: Basculin|196/261|[from] Spikes\n|turn|16\n|\n|t:|1781409327\n|switch|p2a: Dipplin|Dipplin, L88, M|284/284\n|-activate|p2a: Dipplin|move: Sticky Web\n|-unboost|p2a: Dipplin|spe|1\n|-damage|p2a: Dipplin|249/284|[from] Stealth Rock\n|move|p1a: Basculin|Wave Crash|p2a: Dipplin\n|-resisted|p2a: Dipplin\n|-damage|p2a: Dipplin|215/284\n|-damage|p1a: Basculin|185/261|[from] Recoil\n|\n|upkeep\n|turn|17\n|\n|t:|1781409332\n|switch|p1a: Cresselia|Cresselia, L80, F|323/323\n|move|p2a: Dipplin|Dragon Tail|p1a: Cresselia\n|-damage|p1a: Cresselia|266/323\n|drag|p1a: Falinks|Falinks, L84|246/246\n|-damage|p1a: Falinks|185/246|[from] Spikes\n|\n|upkeep\n|turn|18\n|\n|t:|1781409340\n|switch|p1a: Chansey|Chansey, L85, F|359/564\n|-damage|p1a: Chansey|218/564|[from] Spikes\n|move|p2a: Dipplin|Dragon Tail|p1a: Chansey\n|-damage|p1a: Chansey|79/564\n|drag|p1a: Pikachu|Pikachu-World, L93, F|216/216\n|-damage|p1a: Pikachu|162/216|[from] Spikes\n|\n|upkeep\n|turn|19\n|\n|t:|1781409357\n|switch|p2a: Swampert|Swampert, L83, F|293/302\n|-activate|p2a: Swampert|move: Sticky Web\n|-unboost|p2a: Swampert|spe|1\n|-damage|p2a: Swampert|275/302|[from] Stealth Rock\n|move|p1a: Pikachu|Fake Out|p2a: Swampert\n|-damage|p2a: Swampert|231/302\n|\n|-heal|p2a: Swampert|249/302|[from] item: Leftovers\n|upkeep\n|turn|20\n|\n|t:|1781409363\n|switch|p1a: Chansey|Chansey, L85, F|79/564\n|-damage|p1a: Chansey|0 fnt|[from] Spikes\n|faint|p1a: Chansey\n|move|p2a: Swampert|Knock Off|p1: Chansey|[notarget]\n|-fail|p2a: Swampert\n|\n|-heal|p2a: Swampert|267/302|[from] item: Leftovers\n|upkeep\n|\n|t:|1781409369\n|switch|p1a: Basculin|Basculin, L86, M|185/261\n|-damage|p1a: Basculin|120/261|[from] Spikes\n|turn|21\n|\n|t:|1781409374\n|move|p1a: Basculin|Wave Crash|p2a: Swampert\n|-damage|p2a: Swampert|0 fnt\n|faint|p2a: Swampert\n|-damage|p1a: Basculin|32/261|[from] Recoil\n|\n|upkeep\n|\n|t:|1781409378\n|switch|p2a: Dipplin|Dipplin, L88, M|215/284\n|-activate|p2a: Dipplin|move: Sticky Web\n|-unboost|p2a: Dipplin|spe|1\n|-damage|p2a: Dipplin|180/284|[from] Stealth Rock\n|turn|22\n|\n|t:|1781409381\n|move|p1a: Basculin|Wave Crash|p2a: Dipplin\n|-resisted|p2a: Dipplin\n|-damage|p2a: Dipplin|148/284\n|-damage|p1a: Basculin|21/261|[from] Recoil\n|move|p2a: Dipplin|Recover|p2a: Dipplin\n|-heal|p2a: Dipplin|284/284\n|\n|upkeep\n|turn|23\n|\n|t:|1781409385\n|move|p1a: Basculin|Wave Crash|p2a: Dipplin\n|-resisted|p2a: Dipplin\n|-damage|p2a: Dipplin|247/284\n|-damage|p1a: Basculin|9/261|[from] Recoil\n|move|p2a: Dipplin|Giga Drain|p1a: Basculin\n|-supereffective|p1a: Basculin\n|-damage|p1a: Basculin|0 fnt\n|-heal|p2a: Dipplin|252/284|[from] drain|[of] p1a: Basculin\n|faint|p1a: Basculin\n|\n|upkeep\n|\n|t:|1781409389\n|switch|p1a: Cresselia|Cresselia, L80, F|266/323\n|turn|24\n|\n|t:|1781409396\n|-terastallize|p1a: Cresselia|Fairy\n|move|p1a: Cresselia|Calm Mind|p1a: Cresselia\n|-boost|p1a: Cresselia|spa|1\n|-boost|p1a: Cresselia|spd|1\n|move|p2a: Dipplin|Dragon Tail|p1a: Cresselia\n|-immune|p1a: Cresselia\n|\n|-heal|p1a: Cresselia|286/323|[from] item: Leftovers\n|upkeep\n|turn|25\n|\n|t:|1781409409\n|switch|p2a: Klefki|Klefki, L84, M|233/233 par\n|-activate|p2a: Klefki|move: Sticky Web\n|-unboost|p2a: Klefki|spe|1\n|-damage|p2a: Klefki|219/233 par|[from] Stealth Rock\n|move|p1a: Cresselia|Moonblast|p2a: Klefki\n|-resisted|p2a: Klefki\n|-damage|p2a: Klefki|165/233 par\n|\n|-heal|p1a: Cresselia|306/323|[from] item: Leftovers\n|-heal|p2a: Klefki|179/233 par|[from] item: Leftovers\n|upkeep\n|turn|26\n|\n|t:|1781409423\n|cant|p2a: Klefki|par\n|move|p1a: Cresselia|Calm Mind|p1a: Cresselia\n|-boost|p1a: Cresselia|spa|1\n|-boost|p1a: Cresselia|spd|1\n|\n|-heal|p1a: Cresselia|323/323|[from] item: Leftovers\n|-heal|p2a: Klefki|193/233 par|[from] item: Leftovers\n|upkeep\n|turn|27\n|\n|t:|1781409427\n|move|p2a: Klefki|Thunder Wave|p1a: Cresselia\n|-status|p1a: Cresselia|par\n|move|p1a: Cresselia|Psyshock|p2a: Klefki\n|-resisted|p2a: Klefki\n|-damage|p2a: Klefki|136/233 par\n|\n|-heal|p2a: Klefki|150/233 par|[from] item: Leftovers\n|upkeep\n|turn|28\n|inactive|cheeseboy628 has 120 seconds left.\n|\n|t:|1781409461\n|switch|p2a: Typhlosion|Typhlosion-Hisui, L83, M|257/257\n|move|p1a: Cresselia|Moonblast|p2a: Typhlosion\n|-resisted|p2a: Typhlosion\n|-crit|p2a: Typhlosion\n|-damage|p2a: Typhlosion|138/257\n|-unboost|p2a: Typhlosion|spa|1\n|\n|upkeep\n|turn|29\n|\n|t:|1781409467\n|move|p2a: Typhlosion|Calm Mind|p2a: Typhlosion\n|-boost|p2a: Typhlosion|spa|1\n|-boost|p2a: Typhlosion|spd|1\n|move|p1a: Cresselia|Psyshock|p2a: Typhlosion\n|-damage|p2a: Typhlosion|0 fnt\n|faint|p2a: Typhlosion\n|\n|upkeep\n|\n|t:|1781409469\n|switch|p2a: Lokix|Lokix, L82, F|125/251\n|-activate|p2a: Lokix|move: Sticky Web\n|-unboost|p2a: Lokix|spe|1\n|-damage|p2a: Lokix|63/251|[from] Stealth Rock\n|turn|30\n|\n|t:|1781409473\n|move|p2a: Lokix|Knock Off|p1a: Cresselia\n|-resisted|p1a: Cresselia\n|-damage|p1a: Cresselia|198/323 par\n|-enditem|p1a: Cresselia|Leftovers|[from] move: Knock Off|[of] p2a: Lokix\n|-damage|p2a: Lokix|38/251|[from] item: Life Orb\n|cant|p1a: Cresselia|par\n|\n|upkeep\n|turn|31\n|\n|t:|1781409479\n|move|p2a: Lokix|Leech Life|p1a: Cresselia\n|-resisted|p1a: Cresselia\n|-damage|p1a: Cresselia|104/323 par\n|-heal|p2a: Lokix|85/251|[from] drain|[of] p1a: Cresselia\n|-damage|p2a: Lokix|60/251|[from] item: Life Orb\n|cant|p1a: Cresselia|par\n|\n|upkeep\n|turn|32\n|\n|t:|1781409486\n|move|p2a: Lokix|Leech Life|p1a: Cresselia\n|-resisted|p1a: Cresselia\n|-damage|p1a: Cresselia|5/323 par\n|-heal|p2a: Lokix|110/251|[from] drain|[of] p1a: Cresselia\n|-damage|p2a: Lokix|85/251|[from] item: Life Orb\n|move|p1a: Cresselia|Moonlight|p1a: Cresselia\n|-heal|p1a: Cresselia|166/323 par\n|\n|upkeep\n|turn|33\n|\n|t:|1781409488\n|move|p2a: Lokix|Leech Life|p1a: Cresselia\n|-resisted|p1a: Cresselia\n|-damage|p1a: Cresselia|62/323 par\n|-heal|p2a: Lokix|137/251|[from] drain|[of] p1a: Cresselia\n|-damage|p2a: Lokix|112/251|[from] item: Life Orb\n|move|p1a: Cresselia|Moonlight|p1a: Cresselia\n|-heal|p1a: Cresselia|223/323 par\n|\n|upkeep\n|turn|34\n|\n|t:|1781409492\n|move|p2a: Lokix|Leech Life|p1a: Cresselia\n|-resisted|p1a: Cresselia\n|-damage|p1a: Cresselia|129/323 par\n|-heal|p2a: Lokix|159/251|[from] drain|[of] p1a: Cresselia\n|-damage|p2a: Lokix|134/251|[from] item: Life Orb\n|move|p1a: Cresselia|Moonlight|p1a: Cresselia\n|-heal|p1a: Cresselia|290/323 par\n|\n|upkeep\n|turn|35\n|\n|t:|1781409494\n|move|p2a: Lokix|Leech Life|p1a: Cresselia\n|-resisted|p1a: Cresselia\n|-damage|p1a: Cresselia|189/323 par\n|-heal|p2a: Lokix|185/251|[from] drain|[of] p1a: Cresselia\n|-damage|p2a: Lokix|160/251|[from] item: Life Orb\n|cant|p1a: Cresselia|par\n|\n|upkeep\n|turn|36\n|\n|t:|1781409501\n|move|p2a: Lokix|Leech Life|p1a: Cresselia\n|-resisted|p1a: Cresselia\n|-damage|p1a: Cresselia|85/323 par\n|-heal|p2a: Lokix|212/251|[from] drain|[of] p1a: Cresselia\n|-damage|p2a: Lokix|187/251|[from] item: Life Orb\n|cant|p1a: Cresselia|par\n|\n|upkeep\n|turn|37\n|c|\u2606Guimd33|Fuck this\n|\n|t:|1781409512\n|move|p2a: Lokix|Leech Life|p1a: Cresselia\n|-resisted|p1a: Cresselia\n|-damage|p1a: Cresselia|0 fnt\n|-heal|p2a: Lokix|230/251|[from] drain|[of] p1a: Cresselia\n|faint|p1a: Cresselia\n|-damage|p2a: Lokix|205/251|[from] item: Life Orb\n|\n|upkeep\n|c|\u2606cheeseboy628|yea\n|\n|t:|1781409516\n|switch|p1a: Falinks|Falinks, L84|185/246\n|-damage|p1a: Falinks|124/246|[from] Spikes\n|turn|38\n|\n|t:|1781409538\n|move|p1a: Falinks|Close Combat|p2a: Lokix\n|-crit|p2a: Lokix\n|-damage|p2a: Lokix|0 fnt\n|-unboost|p1a: Falinks|def|1\n|-unboost|p1a: Falinks|spd|1\n|faint|p2a: Lokix\n|-damage|p1a: Falinks|100/246|[from] item: Life Orb\n|\n|upkeep\n|inactive|cheeseboy628 has 120 seconds left.\n|inactive|cheeseboy628 has 90 seconds left.\n|\n|t:|1781409597\n|switch|p2a: Dunsparce|Dunsparce, L86, M, tera:Ground|273/312\n|-activate|p2a: Dunsparce|move: Sticky Web\n|-unboost|p2a: Dunsparce|spe|1\n|-damage|p2a: Dunsparce|254/312|[from] Stealth Rock\n|turn|39\n|\n|t:|1781409608\n|move|p1a: Falinks|Knock Off|p2a: Dunsparce\n|-damage|p2a: Dunsparce|188/312\n|-enditem|p2a: Dunsparce|Eviolite|[from] move: Knock Off|[of] p1a: Falinks\n|-damage|p1a: Falinks|76/246|[from] item: Life Orb\n|move|p2a: Dunsparce|Earthquake|p1a: Falinks\n|-damage|p1a: Falinks|0 fnt\n|faint|p1a: Falinks\n|\n|upkeep\n|\n|t:|1781409609\n|switch|p1a: Pikachu|Pikachu-World, L93, F|162/216\n|-damage|p1a: Pikachu|108/216|[from] Spikes\n|turn|40\n|\n|t:|1781409613\n|move|p1a: Pikachu|Surf|p2a: Dunsparce\n|-supereffective|p2a: Dunsparce\n|-damage|p2a: Dunsparce|0 fnt\n|faint|p2a: Dunsparce\n|\n|upkeep\n|inactive|cheeseboy628 has 90 seconds left.\n|\n|t:|1781409652\n|switch|p2a: Dipplin|Dipplin, L88, M|252/284\n|-activate|p2a: Dipplin|move: Sticky Web\n|-unboost|p2a: Dipplin|spe|1\n|-damage|p2a: Dipplin|217/284|[from] Stealth Rock\n|turn|41\n|\n|t:|1781409661\n|move|p1a: Pikachu|Play Rough|p2a: Dipplin\n|-supereffective|p2a: Dipplin\n|-damage|p2a: Dipplin|109/284\n|move|p2a: Dipplin|Dragon Pulse|p1a: Pikachu\n|-damage|p1a: Pikachu|0 fnt\n|faint|p1a: Pikachu\n|\n|win|cheeseboy628\n", "uploadtime": 1781409154, "views": 3, "formatid": "gen9randombattle", "rating": null, "private": 0, "password": null}