{"id": "gen9randombattle-2631770476", "format": "[Gen 9] Random Battle", "players": ["JayClaw", "lopunny luvr"], "log": "|j|\u2606JayClaw\n|j|\u2606lopunny luvr\n|t:|1781436977\n|gametype|singles\n|player|p1|JayClaw|red|2055\n|player|p2|lopunny luvr|sailor|2087\n|gen|9\n|tier|[Gen 9] Random Battle\n|rated|\n|rule|Species Clause: Limit one of each Pok\u00e9mon\n|rule|HP Percentage Mod: HP is shown in percentages\n|rule|Sleep Clause Mod: Limit one foe put to sleep\n|rule|Illusion Level Mod: Illusion disguises the Pok\u00e9mon's true level\n|\n|t:|1781436977\n|teamsize|p1|6\n|teamsize|p2|6\n|start\n|switch|p1a: Arceus|Arceus-Dragon, L71|288/288\n|switch|p2a: Salazzle|Salazzle, L83, F|249/249\n|turn|1\n|\n|t:|1781437017\n|switch|p2a: Vigoroth|Vigoroth, L85, M|275/275\n|move|p1a: Arceus|Outrage|p2a: Vigoroth\n|-damage|p2a: Vigoroth|176/275\n|\n|upkeep\n|turn|2\n|\n|t:|1781437025\n|move|p1a: Arceus|Outrage|p2a: Vigoroth|[from] lockedmove\n|-damage|p2a: Vigoroth|79/275\n|move|p2a: Vigoroth|Bulk Up|p2a: Vigoroth\n|-boost|p2a: Vigoroth|atk|1\n|-boost|p2a: Vigoroth|def|1\n|\n|upkeep\n|turn|3\n|\n|t:|1781437040\n|move|p1a: Arceus|Outrage|p2a: Vigoroth|[from] lockedmove\n|-damage|p2a: Vigoroth|18/275\n|-start|p1a: Arceus|confusion|[fatigue]\n|move|p2a: Vigoroth|Slack Off|p2a: Vigoroth\n|-heal|p2a: Vigoroth|156/275\n|\n|upkeep\n|turn|4\n|\n|t:|1781437046\n|switch|p1a: Cramorant|Cramorant, L86, F|261/261\n|move|p2a: Vigoroth|Slack Off|p2a: Vigoroth\n|-heal|p2a: Vigoroth|275/275\n|\n|upkeep\n|turn|5\n|\n|t:|1781437054\n|move|p2a: Vigoroth|Bulk Up|p2a: Vigoroth\n|-boost|p2a: Vigoroth|atk|1\n|-boost|p2a: Vigoroth|def|1\n|move|p1a: Cramorant|Surf|p2a: Vigoroth\n|-formechange|p1a: Cramorant|Cramorant-Gulping|\n|-damage|p2a: Vigoroth|187/275\n|\n|upkeep\n|turn|6\n|\n|t:|1781437062\n|move|p2a: Vigoroth|Bulk Up|p2a: Vigoroth\n|-boost|p2a: Vigoroth|atk|1\n|-boost|p2a: Vigoroth|def|1\n|move|p1a: Cramorant|Surf|p2a: Vigoroth\n|-damage|p2a: Vigoroth|102/275\n|\n|upkeep\n|turn|7\n|\n|t:|1781437066\n|move|p2a: Vigoroth|Slack Off|p2a: Vigoroth\n|-heal|p2a: Vigoroth|240/275\n|move|p1a: Cramorant|Surf|p2a: Vigoroth\n|-damage|p2a: Vigoroth|150/275\n|\n|upkeep\n|turn|8\n|\n|t:|1781437069\n|move|p2a: Vigoroth|Slack Off|p2a: Vigoroth\n|-heal|p2a: Vigoroth|275/275\n|move|p1a: Cramorant|Surf|p2a: Vigoroth\n|-damage|p2a: Vigoroth|190/275\n|\n|upkeep\n|turn|9\n|\n|t:|1781437104\n|move|p2a: Vigoroth|Body Slam|p1a: Cramorant\n|-damage|p1a: Cramorant|0 fnt\n|-damage|p2a: Vigoroth|122/275|[from] ability: Gulp Missile|[of] p1a: Cramorant\n|-unboost|p2a: Vigoroth|def|1\n|-formechange|p1a: Cramorant|Cramorant|\n|faint|p1a: Cramorant\n|\n|upkeep\n|inactive|Battle timer is ON: inactive players will automatically lose when time's up. (requested by lopunny luvr)\n|\n|t:|1781437115\n|switch|p1a: Terrakion|Terrakion, L79|273/273\n|turn|10\n|inactive|lopunny luvr has 120 seconds left.\n|inactive|lopunny luvr has 90 seconds left.\n|\n|t:|1781437181\n|move|p1a: Terrakion|Close Combat|p2a: Vigoroth\n|-supereffective|p2a: Vigoroth\n|-damage|p2a: Vigoroth|0 fnt\n|-unboost|p1a: Terrakion|def|1\n|-unboost|p1a: Terrakion|spd|1\n|faint|p2a: Vigoroth\n|\n|upkeep\n|\n|t:|1781437189\n|switch|p2a: Barraskewda|Barraskewda, L81, F|231/231\n|turn|11\n|\n|t:|1781437194\n|switch|p1a: Arceus|Arceus-Dragon, L71|288/288\n|move|p2a: Barraskewda|Flip Turn|p1a: Arceus\n|-resisted|p1a: Arceus\n|-damage|p1a: Arceus|234/288\n|inactive|lopunny luvr has 90 seconds left.\n|\n|t:|1781437211\n|switch|p2a: Rampardos|Rampardos, L90, M|321/321|[from] Flip Turn\n|\n|upkeep\n|turn|12\n|\n|t:|1781437232\n|move|p2a: Rampardos|Head Smash|p1a: Arceus\n|-damage|p1a: Arceus|0 fnt\n|faint|p1a: Arceus\n|-damage|p2a: Rampardos|204/321|[from] Recoil\n|\n|upkeep\n|inactive|JayClaw has 120 seconds left.\n|\n|t:|1781437248\n|switch|p1a: Mamoswine|Mamoswine, L81, F|311/311\n|turn|13\n|\n|t:|1781437262\n|move|p2a: Rampardos|Head Smash|p1a: Mamoswine\n|-damage|p1a: Mamoswine|0 fnt\n|faint|p1a: Mamoswine\n|-damage|p2a: Rampardos|48/321|[from] Recoil\n|\n|upkeep\n|inactive|JayClaw has 120 seconds left.\n|\n|t:|1781437274\n|switch|p1a: Chien-Pao|Chien-Pao, L72|234/234\n|-ability|p1a: Chien-Pao|Sword of Ruin\n|turn|14\n|\n|t:|1781437296\n|move|p1a: Chien-Pao|Throat Chop|p2a: Rampardos\n|-damage|p2a: Rampardos|0 fnt\n|faint|p2a: Rampardos\n|\n|upkeep\n|inactive|lopunny luvr has 90 seconds left.\n|inactive|lopunny luvr has 60 seconds left.\n|inactive|lopunny luvr has 30 seconds left.\n|inactive|lopunny luvr has 20 seconds left.\n|\n|t:|1781437376\n|switch|p2a: Kingdra|Kingdra, L84, M|263/263\n|turn|15\n|inactive|lopunny luvr has 30 seconds left this turn.\n|\n|t:|1781437389\n|move|p1a: Chien-Pao|Icicle Crash|p2a: Kingdra\n|-damage|p2a: Kingdra|169/263\n|move|p2a: Kingdra|Rain Dance|p2a: Kingdra\n|-weather|RainDance\n|\n|-weather|RainDance|[upkeep]\n|upkeep\n|turn|16\n|\n|t:|1781437397\n|move|p1a: Chien-Pao|Sucker Punch|p2a: Kingdra\n|-damage|p2a: Kingdra|88/263\n|move|p2a: Kingdra|Wave Crash|p1a: Chien-Pao\n|-damage|p1a: Chien-Pao|0 fnt\n|faint|p1a: Chien-Pao\n|-damage|p2a: Kingdra|11/263|[from] Recoil\n|-damage|p2a: Kingdra|0 fnt|[from] item: Life Orb\n|faint|p2a: Kingdra\n|\n|-weather|RainDance|[upkeep]\n|upkeep\n|inactive|JayClaw has 120 seconds left.\n|-message|JayClaw forfeited.\n|\n|win|lopunny luvr\n", "uploadtime": 1781436978, "views": 4, "formatid": "gen9randombattle", "rating": null, "private": 0, "password": null}