{"id": "gen9randombattle-2631769018", "format": "[Gen 9] Random Battle", "players": ["RedDudeN64", "medo6037"], "log": "|j|\u2606RedDudeN64\n|j|\u2606medo6037\n|t:|1781436738\n|gametype|singles\n|player|p1|RedDudeN64|red|2183\n|player|p2|medo6037|n|2198\n|gen|9\n|tier|[Gen 9] Random Battle\n|rated|\n|rule|Species Clause: Limit one of each Pok\u00e9mon\n|rule|HP Percentage Mod: HP is shown in percentages\n|rule|Sleep Clause Mod: Limit one foe put to sleep\n|rule|Illusion Level Mod: Illusion disguises the Pok\u00e9mon's true level\n|\n|t:|1781436738\n|teamsize|p1|6\n|teamsize|p2|6\n|start\n|switch|p1a: Gastrodon|Gastrodon-East, L86, M|331/331\n|switch|p2a: Lunala|Lunala, L70|308/308\n|turn|1\n|inactive|Battle timer is ON: inactive players will automatically lose when time's up. (requested by RedDudeN64)\n|\n|t:|1781436755\n|switch|p2a: Staraptor|Staraptor, L79, M|263/263\n|move|p1a: Gastrodon|Stealth Rock|p2a: Staraptor\n|-sidestart|p2: medo6037|move: Stealth Rock\n|\n|upkeep\n|turn|2\n|\n|t:|1781436761\n|move|p2a: Staraptor|Brave Bird|p1a: Gastrodon\n|-damage|p1a: Gastrodon|70/331\n|-damage|p2a: Staraptor|177/263|[from] Recoil\n|move|p1a: Gastrodon|Recover|p1a: Gastrodon\n|-heal|p1a: Gastrodon|236/331\n|\n|-heal|p1a: Gastrodon|256/331|[from] item: Leftovers\n|upkeep\n|turn|3\n|\n|t:|1781436772\n|switch|p1a: Tsareena|Tsareena, L87, F|267/267\n|move|p2a: Staraptor|Brave Bird|p1a: Tsareena\n|-supereffective|p1a: Tsareena\n|-damage|p1a: Tsareena|0 fnt\n|faint|p1a: Tsareena\n|-damage|p2a: Staraptor|89/263|[from] Recoil\n|\n|upkeep\n|\n|t:|1781436779\n|switch|p1a: Skeledirge|Skeledirge, L79, F|294/294\n|turn|4\n|j| rufoush\n|\n|t:|1781436790\n|switch|p2a: Donphan|Donphan, L84, F|288/288\n|-damage|p2a: Donphan|270/288|[from] Stealth Rock\n|move|p1a: Skeledirge|Flame Charge|p2a: Donphan\n|-damage|p2a: Donphan|242/288\n|-boost|p1a: Skeledirge|spe|1\n|\n|-heal|p2a: Donphan|260/288|[from] item: Leftovers\n|upkeep\n|turn|5\n|\n|t:|1781436811\n|switch|p1a: Meganium|Meganium, L90, F|290/290\n|move|p2a: Donphan|Earthquake|p1a: Meganium\n|-resisted|p1a: Meganium\n|-damage|p1a: Meganium|234/290\n|\n|-heal|p1a: Meganium|252/290|[from] item: Leftovers\n|-heal|p2a: Donphan|278/288|[from] item: Leftovers\n|upkeep\n|turn|6\n|l| rufoush\n|\n|t:|1781436818\n|switch|p2a: Charizard|Charizard, L85, M|271/271\n|move|p1a: Meganium|Encore||[still]\n|-fail|p1a: Meganium\n|\n|-heal|p1a: Meganium|270/290|[from] item: Leftovers\n|upkeep\n|turn|7\n|\n|t:|1781436833\n|move|p2a: Charizard|Earthquake|p1a: Meganium\n|-resisted|p1a: Meganium\n|-damage|p1a: Meganium|244/290\n|move|p1a: Meganium|Knock Off|p2a: Charizard\n|-damage|p2a: Charizard|193/271\n|-enditem|p2a: Charizard|Heavy-Duty Boots|[from] move: Knock Off|[of] p1a: Meganium\n|\n|-heal|p1a: Meganium|262/290|[from] item: Leftovers\n|upkeep\n|turn|8\n|\n|t:|1781436838\n|switch|p1a: Gastrodon|Gastrodon-East, L86, M|256/331\n|move|p2a: Charizard|Earthquake|p1a: Gastrodon\n|-damage|p1a: Gastrodon|178/331\n|\n|-heal|p1a: Gastrodon|198/331|[from] item: Leftovers\n|upkeep\n|turn|9\n|\n|t:|1781436843\n|move|p2a: Charizard|Will-O-Wisp|p1a: Gastrodon\n|-status|p1a: Gastrodon|brn\n|move|p1a: Gastrodon|Recover|p1a: Gastrodon\n|-heal|p1a: Gastrodon|331/331 brn\n|\n|-damage|p1a: Gastrodon|311/331 brn|[from] brn\n|upkeep\n|turn|10\n|\n|t:|1781436851\n|switch|p2a: Donphan|Donphan, L84, F|278/288\n|-damage|p2a: Donphan|260/288|[from] Stealth Rock\n|move|p1a: Gastrodon|Sludge Bomb|p2a: Donphan\n|-resisted|p2a: Donphan\n|-damage|p2a: Donphan|221/288\n|-status|p2a: Donphan|psn\n|\n|-heal|p2a: Donphan|239/288 psn|[from] item: Leftovers\n|-heal|p1a: Gastrodon|331/331 brn|[from] item: Leftovers\n|-damage|p2a: Donphan|203/288 psn|[from] psn\n|-damage|p1a: Gastrodon|311/331 brn|[from] brn\n|upkeep\n|turn|11\n|\n|t:|1781436860\n|switch|p1a: Yanmega|Yanmega, L82, F|275/275\n|move|p2a: Donphan|Stealth Rock|p1a: Yanmega\n|-sidestart|p1: RedDudeN64|move: Stealth Rock\n|\n|-heal|p2a: Donphan|221/288 psn|[from] item: Leftovers\n|-damage|p2a: Donphan|185/288 psn|[from] psn\n|upkeep\n|turn|12\n|\n|t:|1781436866\n|move|p1a: Yanmega|Bug Buzz|p2a: Donphan\n|-damage|p2a: Donphan|0 fnt\n|faint|p2a: Donphan\n|\n|upkeep\n|\n|t:|1781436874\n|switch|p2a: Staraptor|Staraptor, L79, M|89/263\n|-damage|p2a: Staraptor|24/263|[from] Stealth Rock\n|turn|13\n|\n|t:|1781436878\n|move|p2a: Staraptor|Brave Bird|p1a: Yanmega\n|-supereffective|p1a: Yanmega\n|-damage|p1a: Yanmega|0 fnt\n|faint|p1a: Yanmega\n|-damage|p2a: Staraptor|0 fnt|[from] Recoil\n|faint|p2a: Staraptor\n|\n|upkeep\n|\n|t:|1781436889\n|switch|p2a: Porygon-Z|Porygon-Z, L83|277/277\n|switch|p1a: Skeledirge|Skeledirge, L79, F|294/294\n|-damage|p2a: Porygon-Z|243/277|[from] Stealth Rock\n|turn|14\n|\n|t:|1781436896\n|move|p2a: Porygon-Z|Shadow Ball|p1a: Skeledirge\n|-supereffective|p1a: Skeledirge\n|-damage|p1a: Skeledirge|89/294\n|-damage|p2a: Porygon-Z|216/277|[from] item: Life Orb\n|move|p1a: Skeledirge|Torch Song|p2a: Porygon-Z\n|-damage|p2a: Porygon-Z|128/277\n|-boost|p1a: Skeledirge|spa|1\n|\n|upkeep\n|turn|15\n|\n|t:|1781436906\n|switch|p1a: Ursaring|Ursaring, L84, F|288/288\n|-damage|p1a: Ursaring|252/288|[from] Stealth Rock\n|move|p2a: Porygon-Z|Shadow Ball|p1a: Ursaring\n|-immune|p1a: Ursaring\n|\n|-status|p1a: Ursaring|tox|[from] item: Toxic Orb\n|upkeep\n|turn|16\n|\n|t:|1781436929\n|switch|p2a: Electivire|Electivire, L84, F|263/263\n|-damage|p2a: Electivire|231/263|[from] Stealth Rock\n|move|p1a: Ursaring|Facade|p2a: Electivire\n|-damage|p2a: Electivire|0 fnt\n|faint|p2a: Electivire\n|\n|-damage|p1a: Ursaring|234/288 tox|[from] psn\n|upkeep\n|\n|t:|1781436932\n|switch|p2a: Charizard|Charizard, L85, M|193/271\n|-damage|p2a: Charizard|58/271|[from] Stealth Rock\n|turn|17\n|\n|t:|1781436939\n|move|p2a: Charizard|Flamethrower|p1a: Ursaring\n|-damage|p1a: Ursaring|42/288 tox\n|move|p1a: Ursaring|Facade|p2a: Charizard\n|-damage|p2a: Charizard|0 fnt\n|faint|p2a: Charizard\n|\n|-damage|p1a: Ursaring|6/288 tox|[from] psn\n|upkeep\n|inactive|medo6037 has 120 seconds left.\n|\n|t:|1781436966\n|switch|p2a: Porygon-Z|Porygon-Z, L83|128/277\n|-damage|p2a: Porygon-Z|94/277|[from] Stealth Rock\n|turn|18\n|\n|t:|1781436970\n|switch|p2a: Lunala|Lunala, L70|308/308\n|-damage|p2a: Lunala|270/308|[from] Stealth Rock\n|move|p1a: Ursaring|Throat Chop|p2a: Lunala\n|-supereffective|p2a: Lunala\n|-damage|p2a: Lunala|0 fnt\n|faint|p2a: Lunala\n|\n|-damage|p1a: Ursaring|0 fnt|[from] psn\n|faint|p1a: Ursaring\n|upkeep\n|j| DikkeBende\n|inactive|medo6037 has 120 seconds left.\n|\n|t:|1781437010\n|switch|p2a: Porygon-Z|Porygon-Z, L83|94/277\n|switch|p1a: Gastrodon|Gastrodon-East, L86, M|311/331 brn\n|-damage|p2a: Porygon-Z|60/277|[from] Stealth Rock\n|-damage|p1a: Gastrodon|291/331 brn|[from] Stealth Rock\n|turn|19\n|\n|t:|1781437014\n|move|p2a: Porygon-Z|Nasty Plot|p2a: Porygon-Z\n|-boost|p2a: Porygon-Z|spa|2\n|move|p1a: Gastrodon|Sludge Bomb|p2a: Porygon-Z\n|-damage|p2a: Porygon-Z|0 fnt\n|faint|p2a: Porygon-Z\n|\n|win|RedDudeN64\n", "uploadtime": 1781436739, "views": 3, "formatid": "gen9randombattle", "rating": null, "private": 0, "password": null}