{"id": "gen9randombattle-2631755525", "format": "[Gen 9] Random Battle", "players": ["Dizay976", "b3npaii"], "log": "|j|\u2606Dizay976\n|j|\u2606b3npaii\n|t:|1781434483\n|gametype|singles\n|player|p1|Dizay976|sabrina-masters|2299\n|player|p2|b3npaii|elesa|2175\n|gen|9\n|tier|[Gen 9] Random Battle\n|rated|\n|rule|Species Clause: Limit one of each Pok\u00e9mon\n|rule|HP Percentage Mod: HP is shown in percentages\n|rule|Sleep Clause Mod: Limit one foe put to sleep\n|rule|Illusion Level Mod: Illusion disguises the Pok\u00e9mon's true level\n|\n|t:|1781434483\n|teamsize|p1|6\n|teamsize|p2|6\n|start\n|switch|p1a: Espeon|Espeon, L84, F|246/246\n|switch|p2a: Magmortar|Magmortar, L88, F|275/275\n|turn|1\n|inactive|Battle timer is ON: inactive players will automatically lose when time's up. (requested by b3npaii)\n|\n|t:|1781434490\n|move|p1a: Espeon|Psyshock|p2a: Magmortar\n|-damage|p2a: Magmortar|95/275\n|move|p2a: Magmortar|Knock Off|p1a: Espeon\n|-supereffective|p1a: Espeon\n|-crit|p1a: Espeon\n|-damage|p1a: Espeon|0 fnt\n|-enditem|p1a: Espeon|Choice Specs|[from] move: Knock Off|[of] p2a: Magmortar\n|faint|p1a: Espeon\n|\n|upkeep\n|\n|t:|1781434506\n|switch|p1a: Pikachu|Pikachu-World, L93, M|216/216\n|turn|2\n|j| rufoush\n|\n|t:|1781434513\n|switch|p2a: Giratina|Giratina-Origin, L72|335/335\n|move|p1a: Pikachu|Surf|p2a: Giratina\n|-resisted|p2a: Giratina\n|-damage|p2a: Giratina|282/335\n|\n|upkeep\n|turn|3\n|l|\u2606Dizay976\n|inactive|Dizay976 disconnected and has a minute to reconnect!\n|player|p1|\n|j|\u2606Dizay976\n|inactive|Dizay976 reconnected and has 140 seconds left.\n|player|p1|Dizay976|sabrina-masters|\n|\n|t:|1781434538\n|move|p1a: Pikachu|Play Rough|p2a: Giratina|[miss]\n|-miss|p1a: Pikachu|p2a: Giratina\n|move|p2a: Giratina|Will-O-Wisp|p1a: Pikachu|[miss]\n|-miss|p2a: Giratina|p1a: Pikachu\n|\n|upkeep\n|turn|4\n|\n|t:|1781434547\n|move|p1a: Pikachu|Play Rough|p2a: Giratina\n|-supereffective|p2a: Giratina\n|-damage|p2a: Giratina|48/335\n|move|p2a: Giratina|Draco Meteor|p1a: Pikachu\n|-damage|p1a: Pikachu|11/216\n|-unboost|p2a: Giratina|spa|2\n|\n|upkeep\n|turn|5\n|\n|t:|1781434559\n|move|p2a: Giratina|Shadow Sneak|p1a: Pikachu\n|-damage|p1a: Pikachu|0 fnt\n|faint|p1a: Pikachu\n|\n|upkeep\n|\n|t:|1781434564\n|switch|p1a: Quaquaval|Quaquaval, L79, M|264/264\n|turn|6\n|\n|t:|1781434574\n|move|p1a: Quaquaval|Aqua Step|p2a: Giratina\n|-resisted|p2a: Giratina\n|-damage|p2a: Giratina|0 fnt\n|-boost|p1a: Quaquaval|spe|1\n|faint|p2a: Giratina\n|-ability|p1a: Quaquaval|Moxie|boost\n|-boost|p1a: Quaquaval|atk|1\n|\n|upkeep\n|\n|t:|1781434576\n|switch|p2a: Oranguru|Oranguru, L92, F|315/315\n|turn|7\n|\n|t:|1781434585\n|-terastallize|p1a: Quaquaval|Water\n|move|p1a: Quaquaval|Aqua Step|p2a: Oranguru\n|-damage|p2a: Oranguru|63/315\n|-boost|p1a: Quaquaval|spe|1\n|move|p2a: Oranguru|Psyshock|p1a: Quaquaval\n|-damage|p1a: Quaquaval|108/264\n|\n|upkeep\n|turn|8\n|\n|t:|1781434595\n|move|p1a: Quaquaval|Aqua Step|p2a: Oranguru\n|-damage|p2a: Oranguru|0 fnt\n|-boost|p1a: Quaquaval|spe|1\n|faint|p2a: Oranguru\n|-ability|p1a: Quaquaval|Moxie|boost\n|-boost|p1a: Quaquaval|atk|1\n|\n|upkeep\n|\n|t:|1781434604\n|switch|p2a: Perrserker|Perrserker, L89, F|269/269\n|turn|9\n|\n|t:|1781434608\n|move|p1a: Quaquaval|Aqua Step|p2a: Perrserker\n|-damage|p2a: Perrserker|0 fnt\n|-boost|p1a: Quaquaval|spe|1\n|faint|p2a: Perrserker\n|-ability|p1a: Quaquaval|Moxie|boost\n|-boost|p1a: Quaquaval|atk|1\n|\n|upkeep\n|-message|b3npaii forfeited.\n|\n|win|Dizay976\n", "uploadtime": 1781434484, "views": 3, "formatid": "gen9randombattle", "rating": null, "private": 0, "password": null}