{"id": "gen9randombattle-2631925718", "format": "[Gen 9] Random Battle", "players": ["wd_gasater", "yfyiughuh"], "log": "|j|\u2606wd_gasater\n|j|\u2606yfyiughuh\n|t:|1781456322\n|gametype|singles\n|player|p1|wd_gasater|brycenman|1561\n|player|p2|yfyiughuh|266|1548\n|gen|9\n|tier|[Gen 9] Random Battle\n|rated|\n|rule|Species Clause: Limit one of each Pok\u00e9mon\n|rule|HP Percentage Mod: HP is shown in percentages\n|rule|Sleep Clause Mod: Limit one foe put to sleep\n|rule|Illusion Level Mod: Illusion disguises the Pok\u00e9mon's true level\n|\n|t:|1781456322\n|teamsize|p1|6\n|teamsize|p2|6\n|start\n|switch|p1a: Ampharos|Ampharos, L88, F|302/302\n|switch|p2a: Clodsire|Clodsire, L81, F|343/343\n|turn|1\n|inactive|Battle timer is ON: inactive players will automatically lose when time's up. (requested by wd_gasater)\n|inactive|wd_gasater has 120 seconds left.\n|c|\u2606wd_gasater|what a start lol\n|\n|t:|1781456372\n|move|p2a: Clodsire|Spikes|p1a: Ampharos\n|-sidestart|p1: wd_gasater|Spikes\n|move|p1a: Ampharos|Dragon Tail|p2a: Clodsire\n|-damage|p2a: Clodsire|294/343\n|drag|p2a: Jumpluff|Jumpluff, L87, M|271/271\n|\n|upkeep\n|turn|2\n|\n|t:|1781456392\n|move|p2a: Jumpluff|U-turn|p1a: Ampharos\n|-damage|p1a: Ampharos|265/302\n|\n|t:|1781456395\n|switch|p2a: Clodsire|Clodsire, L81, F|294/343|[from] U-turn\n|move|p1a: Ampharos|Dragon Tail|p2a: Clodsire\n|-damage|p2a: Clodsire|245/343\n|drag|p2a: Latias|Latias, L79, F|256/256\n|\n|upkeep\n|turn|3\n|\n|t:|1781456407\n|move|p2a: Latias|Psyshock|p1a: Ampharos\n|-damage|p1a: Ampharos|171/302\n|move|p1a: Ampharos|Volt Switch|p2a: Latias\n|-resisted|p2a: Latias\n|-damage|p2a: Latias|222/256\n|\n|t:|1781456415\n|switch|p1a: Drednaw|Drednaw, L81, F|278/278|[from] Volt Switch\n|-damage|p1a: Drednaw|244/278|[from] Spikes\n|\n|upkeep\n|turn|4\n|\n|t:|1781456430\n|switch|p2a: Volbeat|Volbeat, L90, M|263/263\n|move|p1a: Drednaw|Shell Smash|p1a: Drednaw\n|-unboost|p1a: Drednaw|def|1\n|-unboost|p1a: Drednaw|spd|1\n|-boost|p1a: Drednaw|atk|2\n|-boost|p1a: Drednaw|spa|2\n|-boost|p1a: Drednaw|spe|2\n|-enditem|p1a: Drednaw|White Herb\n|-clearnegativeboost|p1a: Drednaw|[silent]\n|\n|upkeep\n|turn|5\n|\n|t:|1781456441\n|switch|p1a: Abomasnow|Abomasnow, L84, F|287/287\n|-damage|p1a: Abomasnow|252/287|[from] Spikes\n|-weather|Snowscape|[from] ability: Snow Warning|[of] p1a: Abomasnow\n|move|p2a: Volbeat|Encore||[still]\n|-fail|p2a: Volbeat\n|\n|-weather|Snowscape|[upkeep]\n|upkeep\n|turn|6\n|\n|t:|1781456451\n|move|p2a: Volbeat|Thunder Wave|p1a: Abomasnow\n|-status|p1a: Abomasnow|par\n|cant|p1a: Abomasnow|par\n|\n|-weather|Snowscape|[upkeep]\n|upkeep\n|turn|7\n|\n|t:|1781456458\n|move|p2a: Volbeat|Lunge|p1a: Abomasnow\n|-supereffective|p1a: Abomasnow\n|-damage|p1a: Abomasnow|142/287 par\n|-unboost|p1a: Abomasnow|atk|1\n|cant|p1a: Abomasnow|par\n|\n|-weather|Snowscape|[upkeep]\n|upkeep\n|turn|8\n|c|\u2606wd_gasater|...\n|\n|t:|1781456471\n|move|p2a: Volbeat|Lunge|p1a: Abomasnow\n|-supereffective|p1a: Abomasnow\n|-damage|p1a: Abomasnow|26/287 par\n|-unboost|p1a: Abomasnow|atk|1\n|move|p1a: Abomasnow|Aurora Veil|p1a: Abomasnow\n|-sidestart|p1: wd_gasater|move: Aurora Veil\n|\n|-weather|Snowscape|[upkeep]\n|upkeep\n|turn|9\n|\n|t:|1781456486\n|move|p2a: Volbeat|Lunge|p1a: Abomasnow\n|-supereffective|p1a: Abomasnow\n|-damage|p1a: Abomasnow|0 fnt\n|faint|p1a: Abomasnow\n|\n|-weather|none\n|upkeep\n|\n|t:|1781456502\n|switch|p1a: Drednaw|Drednaw, L81, F|244/278\n|-damage|p1a: Drednaw|210/278|[from] Spikes\n|turn|10\n|\n|t:|1781456512\n|move|p2a: Volbeat|Thunder Wave|p1a: Drednaw\n|-status|p1a: Drednaw|par\n|cant|p1a: Drednaw|par\n|\n|upkeep\n|turn|11\n|c|\u2606wd_gasater|another para pls\n|c|\u2606yfyiughuh|sorry bro\n|c|\u2606wd_gasater|i can't get enough\n|c|\u2606yfyiughuh|xdd\n|\n|t:|1781456538\n|switch|p2a: Clodsire|Clodsire, L81, F|245/343\n|move|p1a: Drednaw|Stone Edge|p2a: Clodsire\n|-resisted|p2a: Clodsire\n|-damage|p2a: Clodsire|164/343\n|\n|-heal|p2a: Clodsire|185/343|[from] item: Leftovers\n|upkeep\n|turn|12\n|\n|t:|1781456547\n|move|p1a: Drednaw|Liquidation|p2a: Clodsire\n|-heal|p2a: Clodsire|270/343|[from] ability: Water Absorb|[of] p1a: Drednaw\n|move|p2a: Clodsire|Spikes|p1a: Drednaw\n|-sidestart|p1: wd_gasater|Spikes\n|\n|-heal|p2a: Clodsire|291/343|[from] item: Leftovers\n|upkeep\n|turn|13\n|c|\u2606wd_gasater|its not uanaware?\n|c|\u2606yfyiughuh|nop\n|c|\u2606wd_gasater|lol man luck loves me today!\n|\n|t:|1781456573\n|cant|p1a: Drednaw|par\n|move|p2a: Clodsire|Spikes|p1a: Drednaw\n|-sidestart|p1: wd_gasater|Spikes\n|\n|-heal|p2a: Clodsire|312/343|[from] item: Leftovers\n|upkeep\n|turn|14\n|inactive|yfyiughuh has 120 seconds left.\n|c|\u2606wd_gasater|pls drednaw another para\n|c|\u2606wd_gasater|im having so much fun\n|\n|t:|1781456615\n|move|p1a: Drednaw|Shell Smash|p1a: Drednaw\n|-unboost|p1a: Drednaw|def|1\n|-unboost|p1a: Drednaw|spd|1\n|-boost|p1a: Drednaw|atk|2\n|-boost|p1a: Drednaw|spa|2\n|-boost|p1a: Drednaw|spe|2\n|move|p2a: Clodsire|Earthquake|p1a: Drednaw\n|-supereffective|p1a: Drednaw\n|-damage|p1a: Drednaw|78/278 par\n|\n|-heal|p2a: Clodsire|333/343|[from] item: Leftovers\n|upkeep\n|turn|15\n|c|\u2606wd_gasater|gettin criplles\n|\n|t:|1781456625\n|move|p1a: Drednaw|Earthquake|p2a: Clodsire\n|-supereffective|p2a: Clodsire\n|-damage|p2a: Clodsire|0 fnt\n|faint|p2a: Clodsire\n|\n|-sideend|p1: wd_gasater|move: Aurora Veil\n|upkeep\n|c|\u2606wd_gasater|at least..\n|\n|t:|1781456637\n|switch|p2a: Jumpluff|Jumpluff, L87, M|271/271\n|turn|16\n|inactive|yfyiughuh has 90 seconds left.\n|\n|t:|1781456665\n|move|p2a: Jumpluff|U-turn|p1a: Drednaw\n|-damage|p1a: Drednaw|28/278 par\n|\n|t:|1781456668\n|switch|p2a: Toxicroak|Toxicroak, L84, M|277/277|[from] U-turn\n|move|p1a: Drednaw|Stone Edge|p2a: Toxicroak\n|-resisted|p2a: Toxicroak\n|-damage|p2a: Toxicroak|147/277\n|\n|upkeep\n|turn|17\n|c|\u2606wd_gasater|another one dreadnaw plssssssssssssssssssssssss another full para\n|\n|t:|1781456679\n|move|p2a: Toxicroak|Earthquake|p1a: Drednaw\n|-supereffective|p1a: Drednaw\n|-damage|p1a: Drednaw|0 fnt\n|faint|p1a: Drednaw\n|-damage|p2a: Toxicroak|120/277|[from] item: Life Orb\n|\n|upkeep\n|\n|t:|1781456690\n|switch|p1a: Cresselia|Cresselia, L80, F|323/323\n|turn|18\n|\n|t:|1781456697\n|move|p2a: Toxicroak|Gunk Shot|p1a: Cresselia|[miss]\n|-miss|p2a: Toxicroak|p1a: Cresselia\n|move|p1a: Cresselia|Psyshock|p2a: Toxicroak\n|-supereffective|p2a: Toxicroak\n|-damage|p2a: Toxicroak|0 fnt\n|faint|p2a: Toxicroak\n|\n|upkeep\n|inactive|yfyiughuh has 90 seconds left.\n|\n|t:|1781456728\n|switch|p2a: Volbeat|Volbeat, L90, M|263/263\n|turn|19\n|c|\u2606wd_gasater|f.ck man that fucking insect volbeat i hope it dies on a lantern\n|\n|t:|1781456748\n|switch|p1a: Ampharos|Ampharos, L88, F|171/302\n|-damage|p1a: Ampharos|96/302|[from] Spikes\n|move|p2a: Volbeat|Lunge|p1a: Ampharos\n|-damage|p1a: Ampharos|17/302\n|-unboost|p1a: Ampharos|atk|1\n|\n|upkeep\n|turn|20\n|\n|t:|1781456757\n|move|p2a: Volbeat|Lunge|p1a: Ampharos\n|-damage|p1a: Ampharos|0 fnt\n|faint|p1a: Ampharos\n|\n|upkeep\n|\n|t:|1781456765\n|switch|p1a: Bisharp|Bisharp, L79, F|232/232\n|-damage|p1a: Bisharp|174/232|[from] Spikes\n|turn|21\n|\n|t:|1781456772\n|switch|p2a: Jumpluff|Jumpluff, L87, M|271/271\n|move|p1a: Bisharp|Stealth Rock|p2a: Jumpluff\n|-sidestart|p2: yfyiughuh|move: Stealth Rock\n|\n|upkeep\n|turn|22\n|\n|t:|1781456780\n|move|p2a: Jumpluff|Sleep Powder|p1a: Bisharp\n|-status|p1a: Bisharp|slp|[from] move: Sleep Powder\n|cant|p1a: Bisharp|slp\n|\n|upkeep\n|turn|23\n|c|\u2606wd_gasater|oh well if its not para let him sleep\n|\n|t:|1781456794\n|move|p2a: Jumpluff|Strength Sap|p1a: Bisharp\n|-unboost|p1a: Bisharp|atk|1\n|-ability|p1a: Bisharp|Defiant|boost\n|-boost|p1a: Bisharp|atk|2\n|cant|p1a: Bisharp|slp\n|\n|upkeep\n|turn|24\n|\n|t:|1781456814\n|move|p2a: Jumpluff|Acrobatics|p1a: Bisharp\n|-resisted|p1a: Bisharp\n|-damage|p1a: Bisharp|148/232 slp\n|-curestatus|p1a: Bisharp|slp|[msg]\n|move|p1a: Bisharp|Iron Head|p2a: Jumpluff\n|-damage|p2a: Jumpluff|127/271\n|\n|upkeep\n|turn|25\n|inactive|wd_gasater has 120 seconds left.\n|\n|t:|1781456868\n|move|p2a: Jumpluff|Sleep Powder|p1a: Bisharp\n|-status|p1a: Bisharp|slp|[from] move: Sleep Powder\n|cant|p1a: Bisharp|slp\n|\n|upkeep\n|turn|26\n|c|\u2606wd_gasater|MAN STOP\n|\n|t:|1781456878\n|move|p2a: Jumpluff|U-turn|p1a: Bisharp\n|-damage|p1a: Bisharp|124/232 slp\n|c|\u2606wd_gasater|PLEASE\n|\n|t:|1781456892\n|switch|p2a: Porygon-Z|Porygon-Z, L83|277/277|[from] U-turn\n|-damage|p2a: Porygon-Z|243/277|[from] Stealth Rock\n|-curestatus|p1a: Bisharp|slp|[msg]\n|move|p1a: Bisharp|Iron Head|p2a: Porygon-Z\n|-damage|p2a: Porygon-Z|90/277\n|\n|upkeep\n|turn|27\n|c|\u2606wd_gasater|I BEG YOU\n|\n|t:|1781456905\n|-terastallize|p2a: Porygon-Z|Fighting\n|move|p1a: Bisharp|Sucker Punch|p2a: Porygon-Z\n|-resisted|p2a: Porygon-Z\n|-damage|p2a: Porygon-Z|20/277\n|move|p2a: Porygon-Z|Tera Blast|p1a: Bisharp|[anim] Tera Blast Fighting\n|-supereffective|p1a: Bisharp\n|-damage|p1a: Bisharp|0 fnt\n|faint|p1a: Bisharp\n|-damage|p2a: Porygon-Z|0 fnt|[from] item: Life Orb\n|faint|p2a: Porygon-Z\n|\n|upkeep\n|inactive|wd_gasater has 90 seconds left.\n|\n|t:|1781456926\n|switch|p2a: Volbeat|Volbeat, L90, M|263/263\n|switch|p1a: Giratina|Giratina, L75|349/349\n|-damage|p1a: Giratina|262/349|[from] Spikes\n|-ability|p1a: Giratina|Pressure\n|turn|28\n|c|\u2606wd_gasater|VOLBEAT, DIE.\n|inactive|wd_gasater has 90 seconds left.\n|\n|t:|1781456942\n|move|p2a: Volbeat|Thunder Wave|p1a: Giratina\n|-status|p1a: Giratina|par\n|move|p1a: Giratina|Dragon Pulse|p2a: Volbeat\n|-damage|p2a: Volbeat|188/263\n|\n|-heal|p1a: Giratina|283/349 par|[from] item: Leftovers\n|upkeep\n|turn|29\n|\n|t:|1781456958\n|move|p2a: Volbeat|Roost|p2a: Volbeat\n|-heal|p2a: Volbeat|263/263\n|-singleturn|p2a: Volbeat|move: Roost\n|move|p1a: Giratina|Dragon Pulse|p2a: Volbeat\n|-damage|p2a: Volbeat|191/263\n|\n|-heal|p1a: Giratina|304/349 par|[from] item: Leftovers\n|upkeep\n|turn|30\n|c|\u2606wd_gasater|die a horrible death volbeat\n|inactive|wd_gasater has 90 seconds left.\n|\n|t:|1781456974\n|move|p2a: Volbeat|Lunge|p1a: Giratina\n|-resisted|p1a: Giratina\n|-damage|p1a: Giratina|271/349 par\n|-unboost|p1a: Giratina|atk|1\n|cant|p1a: Giratina|par\n|\n|-heal|p1a: Giratina|292/349 par|[from] item: Leftovers\n|upkeep\n|turn|31\n|inactive|yfyiughuh has 90 seconds left.\n|\n|t:|1781457015\n|move|p2a: Volbeat|Lunge|p1a: Giratina\n|-resisted|p1a: Giratina\n|-damage|p1a: Giratina|256/349 par\n|-unboost|p1a: Giratina|atk|1\n|move|p1a: Giratina|Calm Mind|p1a: Giratina\n|-boost|p1a: Giratina|spa|1\n|-boost|p1a: Giratina|spd|1\n|\n|-heal|p1a: Giratina|277/349 par|[from] item: Leftovers\n|upkeep\n|turn|32\n|inactive|wd_gasater has 90 seconds left.\n|inactive|yfyiughuh has 60 seconds left.\n|\n|t:|1781457052\n|move|p2a: Volbeat|Encore|p1a: Giratina\n|-start|p1a: Giratina|Encore\n|cant|p1a: Giratina|par\n|\n|-heal|p1a: Giratina|298/349 par|[from] item: Leftovers\n|upkeep\n|turn|33\n|c|\u2606wd_gasater|:/\n|\n|t:|1781457063\n|switch|p2a: Latias|Latias, L79, F|222/256\n|-damage|p2a: Latias|190/256|[from] Stealth Rock\n|cant|p1a: Giratina|par\n|\n|-heal|p1a: Giratina|319/349 par|[from] item: Leftovers\n|upkeep\n|turn|34\n|\n|t:|1781457073\n|-terastallize|p1a: Giratina|Fairy\n|move|p2a: Latias|Draco Meteor|p1a: Giratina\n|-immune|p1a: Giratina\n|cant|p1a: Giratina|par\n|\n|-heal|p1a: Giratina|340/349 par|[from] item: Leftovers\n|-end|p1a: Giratina|Encore\n|upkeep\n|turn|35\n|l|\u2606yfyiughuh\n|inactive|yfyiughuh disconnected and has a minute to reconnect!\n|player|p2|\n|inactive|yfyiughuh has 30 seconds to reconnect!\n|inactive|yfyiughuh has 20 seconds to reconnect!\n|inactive|yfyiughuh has 15 seconds to reconnect!\n|inactive|yfyiughuh has 10 seconds to reconnect!\n|inactive|yfyiughuh has 5 seconds to reconnect!\n|-message|yfyiughuh lost due to inactivity.\n|\n|win|wd_gasater\n", "uploadtime": 1781456731, "views": 2, "formatid": "gen9randombattle", "rating": null, "private": 0, "password": null}