{"id": "gen9randombattle-2631635428", "format": "[Gen 9] Random Battle", "players": ["fsykphdhkgc", "slightlybaked"], "log": "|j|\u2606fsykphdhkgc\n|j|\u2606slightlybaked\n|t:|1781412410\n|gametype|singles\n|player|p1|fsykphdhkgc|tate|1000\n|player|p2|slightlybaked|266|1000\n|gen|9\n|tier|[Gen 9] Random Battle\n|rated|\n|rule|Species Clause: Limit one of each Pok\u00e9mon\n|rule|HP Percentage Mod: HP is shown in percentages\n|rule|Sleep Clause Mod: Limit one foe put to sleep\n|rule|Illusion Level Mod: Illusion disguises the Pok\u00e9mon's true level\n|\n|t:|1781412410\n|teamsize|p1|6\n|teamsize|p2|6\n|start\n|switch|p1a: Espeon|Espeon, L84, M|246/246\n|switch|p2a: Regidrago|Regidrago, L77|435/435\n|turn|1\n|\n|t:|1781412418\n|move|p1a: Espeon|Alluring Voice|p2a: Regidrago\n|-supereffective|p2a: Regidrago\n|-damage|p2a: Regidrago|91/435\n|move|p2a: Regidrago|Dragon Dance|p2a: Regidrago\n|-boost|p2a: Regidrago|atk|1\n|-boost|p2a: Regidrago|spe|1\n|\n|upkeep\n|turn|2\n|\n|t:|1781412428\n|-terastallize|p1a: Espeon|Fairy\n|move|p2a: Regidrago|Outrage|p1a: Espeon\n|-immune|p1a: Espeon\n|move|p1a: Espeon|Alluring Voice|p2a: Regidrago\n|-supereffective|p2a: Regidrago\n|-damage|p2a: Regidrago|0 fnt\n|faint|p2a: Regidrago\n|\n|upkeep\n|\n|t:|1781412435\n|switch|p2a: Muk|Muk-Alola, L82, F|306/306\n|turn|3\n|\n|t:|1781412440\n|switch|p1a: Swampert|Swampert, L83, M|302/302\n|move|p2a: Muk|Gunk Shot|p1a: Swampert\n|-resisted|p1a: Swampert\n|-damage|p1a: Swampert|239/302\n|\n|-heal|p1a: Swampert|257/302|[from] item: Leftovers\n|upkeep\n|turn|4\n|\n|t:|1781412447\n|switch|p2a: Spidops|Spidops, L96, M|271/271\n|move|p1a: Swampert|Earthquake|p2a: Spidops\n|-resisted|p2a: Spidops\n|-damage|p2a: Spidops|226/271\n|\n|-heal|p1a: Swampert|275/302|[from] item: Leftovers\n|upkeep\n|turn|5\n|\n|t:|1781412451\n|move|p1a: Swampert|Flip Turn|p2a: Spidops\n|-damage|p2a: Spidops|171/271\n|\n|t:|1781412453\n|switch|p1a: Espeon|Espeon, L84, M, tera:Fairy|246/246|[from] Flip Turn\n|move|p2a: Spidops|Sticky Web|p1a: Espeon\n|move|p1a: Espeon|Sticky Web|p2a: Spidops|[from] ability: Magic Bounce\n|-sidestart|p2: slightlybaked|move: Sticky Web\n|\n|upkeep\n|turn|6\n|\n|t:|1781412459\n|move|p1a: Espeon|Psychic|p2a: Spidops\n|-damage|p2a: Spidops|8/271\n|move|p2a: Spidops|Circle Throw|p1a: Espeon\n|-resisted|p1a: Espeon\n|-damage|p1a: Espeon|217/246\n|drag|p1a: Glalie|Glalie, L96, F|309/309\n|\n|upkeep\n|turn|7\n|\n|t:|1781412469\n|move|p1a: Glalie|Freeze-Dry|p2a: Spidops\n|-damage|p2a: Spidops|0 fnt\n|faint|p2a: Spidops\n|\n|upkeep\n|\n|t:|1781412482\n|switch|p2a: Rabsca|Rabsca, L91, F|284/284\n|turn|8\n|\n|t:|1781412488\n|move|p1a: Glalie|Taunt|p2a: Rabsca\n|-start|p2a: Rabsca|move: Taunt\n|cant|p2a: Rabsca|move: Taunt|Trick Room\n|\n|upkeep\n|turn|9\n|\n|t:|1781412505\n|switch|p2a: Muk|Muk-Alola, L82, F|306/306\n|-activate|p2a: Muk|move: Sticky Web\n|-unboost|p2a: Muk|spe|1\n|move|p1a: Glalie|Freeze-Dry|p2a: Muk\n|-damage|p2a: Muk|255/306\n|\n|upkeep\n|turn|10\n|\n|t:|1781412509\n|move|p1a: Glalie|Earthquake|p2a: Muk\n|-supereffective|p2a: Muk\n|-damage|p2a: Muk|57/306\n|move|p2a: Muk|Drain Punch|p1a: Glalie\n|-supereffective|p1a: Glalie\n|-damage|p1a: Glalie|205/309\n|-heal|p2a: Muk|109/306|[from] drain|[of] p1a: Glalie\n|\n|upkeep\n|turn|11\n|\n|t:|1781412524\n|move|p1a: Glalie|Earthquake|p2a: Muk\n|-supereffective|p2a: Muk\n|-damage|p2a: Muk|0 fnt\n|faint|p2a: Muk\n|\n|upkeep\n|\n|t:|1781412536\n|switch|p2a: Venusaur|Venusaur, L84, F|272/272\n|-activate|p2a: Venusaur|move: Sticky Web\n|-unboost|p2a: Venusaur|spe|1\n|turn|12\n|\n|t:|1781412546\n|move|p1a: Glalie|Freeze-Dry|p2a: Venusaur\n|-supereffective|p2a: Venusaur\n|-damage|p2a: Venusaur|114/272\n|move|p2a: Venusaur|Sleep Powder|p1a: Glalie\n|-status|p1a: Glalie|slp|[from] move: Sleep Powder\n|\n|-heal|p2a: Venusaur|131/272|[from] item: Leftovers\n|upkeep\n|turn|13\n|\n|t:|1781412559\n|switch|p1a: Salazzle|Salazzle, L83, F|249/249\n|move|p2a: Venusaur|Substitute|p2a: Venusaur\n|-start|p2a: Venusaur|Substitute\n|-damage|p2a: Venusaur|63/272\n|\n|-heal|p2a: Venusaur|80/272|[from] item: Leftovers\n|upkeep\n|turn|14\n|\n|t:|1781412568\n|move|p1a: Salazzle|Flamethrower|p2a: Venusaur\n|-supereffective|p2a: Venusaur\n|-end|p2a: Venusaur|Substitute\n|move|p2a: Venusaur|Leech Seed|p1a: Salazzle\n|-start|p1a: Salazzle|move: Leech Seed\n|\n|-heal|p2a: Venusaur|97/272|[from] item: Leftovers\n|-damage|p1a: Salazzle|218/249|[from] Leech Seed|[of] p2a: Venusaur\n|-heal|p2a: Venusaur|128/272|[silent]\n|upkeep\n|turn|15\n|\n|t:|1781412582\n|move|p1a: Salazzle|Flamethrower|p2a: Venusaur\n|-supereffective|p2a: Venusaur\n|-damage|p2a: Venusaur|0 fnt\n|faint|p2a: Venusaur\n|\n|-heal|p1a: Salazzle|233/249|[from] item: Leftovers\n|upkeep\n|\n|t:|1781412584\n|switch|p2a: Rabsca|Rabsca, L91, F|284/284\n|turn|16\n|\n|t:|1781412592\n|move|p1a: Salazzle|Toxic|p2a: Rabsca\n|-status|p2a: Rabsca|tox\n|-activate|p2a: Rabsca|ability: Synchronize\n|-immune|p1a: Salazzle\n|move|p2a: Rabsca|Trick Room|p2a: Rabsca\n|-fieldstart|move: Trick Room|[of] p2a: Rabsca\n|\n|-heal|p1a: Salazzle|248/249|[from] item: Leftovers\n|-damage|p1a: Salazzle|217/249|[from] Leech Seed|[of] p2a: Rabsca\n|-damage|p2a: Rabsca|267/284 tox|[from] psn\n|upkeep\n|turn|17\n|\n|t:|1781412597\n|move|p2a: Rabsca|Psychic|p1a: Salazzle\n|-supereffective|p1a: Salazzle\n|-damage|p1a: Salazzle|0 fnt\n|faint|p1a: Salazzle\n|\n|-damage|p2a: Rabsca|233/284 tox|[from] psn\n|upkeep\n|\n|t:|1781412612\n|switch|p1a: Mew|Mew, L82|298/298\n|turn|18\n|\n|t:|1781412626\n|move|p2a: Rabsca|Bug Buzz|p1a: Mew\n|-supereffective|p1a: Mew\n|-damage|p1a: Mew|80/298\n|move|p1a: Mew|Knock Off|p2a: Rabsca\n|-supereffective|p2a: Rabsca\n|-damage|p2a: Rabsca|101/284 tox\n|-enditem|p2a: Rabsca|Heavy-Duty Boots|[from] move: Knock Off|[of] p1a: Mew\n|\n|-heal|p1a: Mew|98/298|[from] item: Leftovers\n|-damage|p2a: Rabsca|50/284 tox|[from] psn\n|upkeep\n|turn|19\n|\n|t:|1781412646\n|move|p2a: Rabsca|Revival Blessing|p2a: Rabsca\n|\n|t:|1781412651\n|-heal|p2: Venusaur|136/272|[from] move: Revival Blessing\n|move|p1a: Mew|Toxic Spikes|p2a: Rabsca\n|-sidestart|p2: slightlybaked|move: Toxic Spikes\n|\n|-heal|p1a: Mew|116/298|[from] item: Leftovers\n|-damage|p2a: Rabsca|0 fnt|[from] psn\n|faint|p2a: Rabsca\n|upkeep\n|\n|t:|1781412679\n|switch|p2a: Venusaur|Venusaur, L84, F|136/272\n|-activate|p2a: Venusaur|move: Sticky Web\n|-unboost|p2a: Venusaur|spe|1\n|-sideend|p2: slightlybaked|move: Toxic Spikes|[of] p2a: Venusaur\n|turn|20\n|\n|t:|1781412687\n|move|p2a: Venusaur|Sludge Bomb|p1a: Mew\n|-damage|p1a: Mew|25/298\n|-status|p1a: Mew|psn\n|-activate|p1a: Mew|ability: Synchronize\n|-immune|p2a: Venusaur\n|move|p1a: Mew|Psychic|p2a: Venusaur\n|-supereffective|p2a: Venusaur\n|-damage|p2a: Venusaur|0 fnt\n|faint|p2a: Venusaur\n|\n|-heal|p1a: Mew|43/298 psn|[from] item: Leftovers\n|-damage|p1a: Mew|6/298 psn|[from] psn\n|-fieldend|move: Trick Room\n|upkeep\n|\n|t:|1781412690\n|switch|p2a: Tyranitar|Tyranitar, L78, F|284/284\n|-activate|p2a: Tyranitar|move: Sticky Web\n|-unboost|p2a: Tyranitar|spe|1\n|-weather|Sandstorm|[from] ability: Sand Stream|[of] p2a: Tyranitar\n|turn|21\n|\n|t:|1781412700\n|move|p1a: Mew|Knock Off|p2a: Tyranitar\n|-resisted|p2a: Tyranitar\n|-damage|p2a: Tyranitar|256/284\n|-enditem|p2a: Tyranitar|Weakness Policy|[from] move: Knock Off|[of] p1a: Mew\n|move|p2a: Tyranitar|Dragon Dance|p2a: Tyranitar\n|-boost|p2a: Tyranitar|atk|1\n|-boost|p2a: Tyranitar|spe|1\n|\n|-weather|Sandstorm|[upkeep]\n|-damage|p1a: Mew|0 fnt|[from] Sandstorm\n|faint|p1a: Mew\n|upkeep\n|\n|t:|1781412708\n|switch|p1a: Espeon|Espeon, L84, M, tera:Fairy|217/246\n|turn|22\n|\n|t:|1781412710\n|-terastallize|p2a: Tyranitar|Rock\n|move|p1a: Espeon|Alluring Voice|p2a: Tyranitar\n|-damage|p2a: Tyranitar|157/284\n|move|p2a: Tyranitar|Dragon Dance|p2a: Tyranitar\n|-boost|p2a: Tyranitar|atk|1\n|-boost|p2a: Tyranitar|spe|1\n|\n|-weather|Sandstorm|[upkeep]\n|-damage|p1a: Espeon|202/246|[from] Sandstorm\n|upkeep\n|turn|23\n|\n|t:|1781412717\n|move|p1a: Espeon|Alluring Voice|p2a: Tyranitar\n|-damage|p2a: Tyranitar|61/284\n|move|p2a: Tyranitar|Stone Edge|p1a: Espeon\n|-damage|p1a: Espeon|0 fnt\n|faint|p1a: Espeon\n|\n|-weather|Sandstorm|[upkeep]\n|upkeep\n|\n|t:|1781412722\n|switch|p1a: Swampert|Swampert, L83, M|275/302\n|turn|24\n|\n|t:|1781412726\n|move|p2a: Tyranitar|Earthquake|p1a: Swampert\n|-damage|p1a: Swampert|128/302\n|move|p1a: Swampert|Earthquake|p2a: Tyranitar\n|-supereffective|p2a: Tyranitar\n|-damage|p2a: Tyranitar|0 fnt\n|faint|p2a: Tyranitar\n|\n|win|fsykphdhkgc\n|raw|fsykphdhkgc's rating: 1000 &rarr; <strong>1040</strong><br />(+40 for winning)\n|raw|slightlybaked's rating: 1000 &rarr; <strong>1000</strong><br />(+0 for losing)\n|l|\u2606slightlybaked\n|player|p2|\n", "uploadtime": 1781412733, "views": 2, "formatid": "gen9randombattle", "rating": 1000, "private": 0, "password": null}