{"id": "gen9randombattle-2631616057", "format": "[Gen 9] Random Battle", "players": ["Alexander Babits", "rrrpppp"], "log": "|j|\u203dAlexander Babits\n|j|\u2606rrrpppp\n|t:|1781409342\n|gametype|singles\n|player|p1|Alexander Babits|2|2015\n|player|p2|rrrpppp|265|1972\n|gen|9\n|tier|[Gen 9] Random Battle\n|rated|\n|rule|Species Clause: Limit one of each Pok\u00e9mon\n|rule|HP Percentage Mod: HP is shown in percentages\n|rule|Sleep Clause Mod: Limit one foe put to sleep\n|rule|Illusion Level Mod: Illusion disguises the Pok\u00e9mon's true level\n|\n|t:|1781409342\n|teamsize|p1|6\n|teamsize|p2|6\n|start\n|switch|p1a: Ninetales|Ninetales-Alola, L78, F|242/242\n|switch|p2a: Keldeo|Keldeo-Resolute, L79|273/273\n|-weather|Snowscape|[from] ability: Snow Warning|[of] p1a: Ninetales\n|turn|1\n|inactive|Battle timer is ON: inactive players will automatically lose when time's up. (requested by Alexander Babits)\n|\n|t:|1781409358\n|switch|p2a: Scream Tail|Scream Tail, L84|330/330\n|move|p1a: Ninetales|Aurora Veil|p1a: Ninetales\n|-sidestart|p1: Alexander Babits|move: Aurora Veil\n|\n|-weather|Snowscape|[upkeep]\n|upkeep\n|turn|2\n|\n|t:|1781409371\n|switch|p1a: Mudsdale|Mudsdale, L83, F|302/302\n|move|p2a: Scream Tail|Dazzling Gleam|p1a: Mudsdale\n|-damage|p1a: Mudsdale|271/302\n|-ability|p1a: Mudsdale|Stamina|boost\n|-boost|p1a: Mudsdale|def|1\n|\n|-weather|Snowscape|[upkeep]\n|-heal|p1a: Mudsdale|289/302|[from] item: Leftovers\n|upkeep\n|turn|3\n|\n|t:|1781409390\n|move|p2a: Scream Tail|Wish|p2a: Scream Tail\n|move|p1a: Mudsdale|Stone Edge|p2a: Scream Tail\n|-damage|p2a: Scream Tail|251/330\n|\n|-weather|Snowscape|[upkeep]\n|-heal|p2a: Scream Tail|271/330|[from] item: Leftovers\n|-heal|p1a: Mudsdale|302/302|[from] item: Leftovers\n|upkeep\n|turn|4\n|\n|t:|1781409398\n|move|p2a: Scream Tail|Encore|p1a: Mudsdale\n|-start|p1a: Mudsdale|Encore\n|move|p1a: Mudsdale|Stone Edge|p2a: Scream Tail\n|-damage|p2a: Scream Tail|191/330\n|\n|-weather|Snowscape|[upkeep]\n|-heal|p2a: Scream Tail|330/330|[from] move: Wish|[wisher] Scream Tail\n|upkeep\n|turn|5\n|\n|t:|1781409413\n|-end|p2a: Scream Tail|Protosynthesis|[silent]\n|switch|p2a: Tinkaton|Tinkaton, L82, F|274/274\n|-ability|p2a: Tinkaton|Mold Breaker\n|switch|p1a: Perrserker|Perrserker, L89, M|269/269\n|\n|-weather|none\n|upkeep\n|turn|6\n|\n|t:|1781409435\n|switch|p2a: Spectrier|Spectrier, L75|274/274\n|move|p1a: Perrserker|Stealth Rock|p2a: Spectrier\n|-sidestart|p2: rrrpppp|move: Stealth Rock\n|\n|upkeep\n|turn|7\n|\n|t:|1781409445\n|move|p2a: Spectrier|Will-O-Wisp|p1a: Perrserker\n|-status|p1a: Perrserker|brn\n|move|p1a: Perrserker|Iron Head|p2a: Spectrier\n|-damage|p2a: Spectrier|138/274\n|-damage|p1a: Perrserker|243/269 brn|[from] item: Life Orb\n|\n|-damage|p1a: Perrserker|227/269 brn|[from] brn\n|upkeep\n|turn|8\n|\n|t:|1781409459\n|move|p2a: Spectrier|Shadow Ball|p1a: Perrserker\n|-crit|p1a: Perrserker\n|-damage|p1a: Perrserker|15/269 brn\n|-unboost|p1a: Perrserker|spd|1\n|-damage|p2a: Spectrier|111/274|[from] item: Life Orb\n|move|p1a: Perrserker|Iron Head|p2a: Spectrier\n|-damage|p2a: Spectrier|0 fnt\n|faint|p2a: Spectrier\n|-damage|p1a: Perrserker|0 fnt|[from] item: Life Orb\n|faint|p1a: Perrserker\n|\n|-sideend|p1: Alexander Babits|move: Aurora Veil\n|upkeep\n|\n|t:|1781409484\n|switch|p2a: Armarouge|Armarouge, L80, M|267/267\n|switch|p1a: Mudsdale|Mudsdale, L83, F|302/302\n|-damage|p2a: Armarouge|201/267|[from] Stealth Rock\n|turn|9\n|\n|t:|1781409494\n|move|p2a: Armarouge|Energy Ball|p1a: Mudsdale\n|-supereffective|p1a: Mudsdale\n|-damage|p1a: Mudsdale|140/302\n|-ability|p1a: Mudsdale|Stamina|boost\n|-boost|p1a: Mudsdale|def|1\n|move|p1a: Mudsdale|Earthquake|p2a: Armarouge\n|-supereffective|p2a: Armarouge\n|-damage|p2a: Armarouge|0 fnt\n|faint|p2a: Armarouge\n|\n|-heal|p1a: Mudsdale|158/302|[from] item: Leftovers\n|upkeep\n|\n|t:|1781409504\n|switch|p2a: Keldeo|Keldeo-Resolute, L79|273/273\n|-damage|p2a: Keldeo|256/273|[from] Stealth Rock\n|turn|10\n|\n|t:|1781409509\n|switch|p1a: Lapras|Lapras, L87, F|367/367\n|move|p2a: Keldeo|Substitute|p2a: Keldeo\n|-start|p2a: Keldeo|Substitute\n|-damage|p2a: Keldeo|188/273\n|\n|-heal|p2a: Keldeo|205/273|[from] item: Leftovers\n|upkeep\n|turn|11\n|\n|t:|1781409518\n|-terastallize|p1a: Lapras|Water\n|move|p2a: Keldeo|Calm Mind|p2a: Keldeo\n|-boost|p2a: Keldeo|spa|1\n|-boost|p2a: Keldeo|spd|1\n|move|p1a: Lapras|Freeze-Dry|p2a: Keldeo\n|-supereffective|p2a: Keldeo\n|-end|p2a: Keldeo|Substitute\n|\n|-heal|p2a: Keldeo|222/273|[from] item: Leftovers\n|upkeep\n|turn|12\n|\n|t:|1781409531\n|-terastallize|p2a: Keldeo|Steel\n|move|p2a: Keldeo|Substitute|p2a: Keldeo\n|-start|p2a: Keldeo|Substitute\n|-damage|p2a: Keldeo|154/273\n|move|p1a: Lapras|Freeze-Dry|p2a: Keldeo\n|-resisted|p2a: Keldeo\n|-activate|p2a: Keldeo|move: Substitute|[damage]\n|\n|-heal|p2a: Keldeo|171/273|[from] item: Leftovers\n|upkeep\n|turn|13\n|\n|t:|1781409541\n|move|p2a: Keldeo|Calm Mind|p2a: Keldeo\n|-boost|p2a: Keldeo|spa|1\n|-boost|p2a: Keldeo|spd|1\n|move|p1a: Lapras|Freeze-Dry|p2a: Keldeo\n|-resisted|p2a: Keldeo\n|-activate|p2a: Keldeo|move: Substitute|[damage]\n|\n|-heal|p2a: Keldeo|188/273|[from] item: Leftovers\n|upkeep\n|turn|14\n|\n|t:|1781409548\n|move|p2a: Keldeo|Calm Mind|p2a: Keldeo\n|-boost|p2a: Keldeo|spa|1\n|-boost|p2a: Keldeo|spd|1\n|move|p1a: Lapras|Freeze-Dry|p2a: Keldeo\n|-resisted|p2a: Keldeo\n|-end|p2a: Keldeo|Substitute\n|\n|-heal|p2a: Keldeo|205/273|[from] item: Leftovers\n|upkeep\n|turn|15\n|\n|t:|1781409561\n|switch|p1a: Sceptile|Sceptile, L87, F|264/264\n|move|p2a: Keldeo|Substitute|p2a: Keldeo\n|-start|p2a: Keldeo|Substitute\n|-damage|p2a: Keldeo|137/273\n|\n|-heal|p2a: Keldeo|154/273|[from] item: Leftovers\n|upkeep\n|turn|16\n|\n|t:|1781409568\n|move|p1a: Sceptile|Earthquake|p2a: Keldeo\n|-supereffective|p2a: Keldeo\n|-end|p2a: Keldeo|Substitute\n|-damage|p1a: Sceptile|238/264|[from] item: Life Orb\n|move|p2a: Keldeo|Secret Sword|p1a: Sceptile\n|-damage|p1a: Sceptile|0 fnt\n|faint|p1a: Sceptile\n|\n|-heal|p2a: Keldeo|171/273|[from] item: Leftovers\n|upkeep\n|\n|t:|1781409576\n|switch|p1a: Flapple|Flapple, L88, F|266/266\n|turn|17\n|\n|t:|1781409581\n|move|p2a: Keldeo|Secret Sword|p1a: Flapple\n|-damage|p1a: Flapple|10/266\n|move|p1a: Flapple|Outrage|p2a: Keldeo\n|-resisted|p2a: Keldeo\n|-damage|p2a: Keldeo|0 fnt\n|faint|p2a: Keldeo\n|\n|upkeep\n|\n|t:|1781409589\n|switch|p2a: Tinkaton|Tinkaton, L82, F|274/274\n|-damage|p2a: Tinkaton|257/274|[from] Stealth Rock\n|-ability|p2a: Tinkaton|Mold Breaker\n|turn|18\n|\n|t:|1781409595\n|move|p2a: Tinkaton|Knock Off|p1a: Flapple\n|-damage|p1a: Flapple|0 fnt\n|-enditem|p1a: Flapple|Choice Band|[from] move: Knock Off|[of] p2a: Tinkaton\n|faint|p1a: Flapple\n|\n|-heal|p2a: Tinkaton|274/274|[from] item: Leftovers\n|upkeep\n|\n|t:|1781409614\n|switch|p1a: Ninetales|Ninetales-Alola, L78, F|242/242\n|-weather|Snowscape|[from] ability: Snow Warning|[of] p1a: Ninetales\n|turn|19\n|\n|t:|1781409620\n|move|p1a: Ninetales|Aurora Veil|p1a: Ninetales\n|-sidestart|p1: Alexander Babits|move: Aurora Veil\n|move|p2a: Tinkaton|Gigaton Hammer|p1a: Ninetales\n|-supereffective|p1a: Ninetales\n|-damage|p1a: Ninetales|38/242\n|\n|-weather|Snowscape|[upkeep]\n|upkeep\n|turn|20\n|\n|t:|1781409627\n|move|p1a: Ninetales|Blizzard|p2a: Tinkaton\n|-resisted|p2a: Tinkaton\n|-damage|p2a: Tinkaton|232/274\n|-status|p2a: Tinkaton|frz\n|-curestatus|p2a: Tinkaton|frz|[msg]\n|move|p2a: Tinkaton|Knock Off|p1a: Ninetales\n|-resisted|p1a: Ninetales\n|-damage|p1a: Ninetales|27/242\n|-enditem|p1a: Ninetales|Light Clay|[from] move: Knock Off|[of] p2a: Tinkaton\n|\n|-weather|Snowscape|[upkeep]\n|-heal|p2a: Tinkaton|249/274|[from] item: Leftovers\n|upkeep\n|turn|21\n|\n|t:|1781409641\n|move|p1a: Ninetales|Blizzard|p2a: Tinkaton\n|-resisted|p2a: Tinkaton\n|-damage|p2a: Tinkaton|207/274\n|move|p2a: Tinkaton|Gigaton Hammer|p1a: Ninetales\n|-supereffective|p1a: Ninetales\n|-damage|p1a: Ninetales|0 fnt\n|faint|p1a: Ninetales\n|\n|-weather|Snowscape|[upkeep]\n|-heal|p2a: Tinkaton|224/274|[from] item: Leftovers\n|upkeep\n|\n|t:|1781409660\n|switch|p1a: Lapras|Lapras, L87, F, tera:Water|367/367\n|turn|22\n|\n|t:|1781409671\n|move|p2a: Tinkaton|Knock Off|p1a: Lapras\n|-damage|p1a: Lapras|337/367\n|-enditem|p1a: Lapras|Choice Specs|[from] move: Knock Off|[of] p2a: Tinkaton\n|move|p1a: Lapras|Sparkling Aria|p2a: Tinkaton\n|-damage|p2a: Tinkaton|108/274\n|\n|-weather|Snowscape|[upkeep]\n|-heal|p2a: Tinkaton|125/274|[from] item: Leftovers\n|upkeep\n|turn|23\n|\n|t:|1781409680\n|switch|p2a: Scream Tail|Scream Tail, L84|330/330\n|-damage|p2a: Scream Tail|289/330|[from] Stealth Rock\n|move|p1a: Lapras|Sparkling Aria|p2a: Scream Tail\n|-damage|p2a: Scream Tail|185/330\n|\n|-weather|none\n|-heal|p2a: Scream Tail|205/330|[from] item: Leftovers\n|upkeep\n|turn|24\n|\n|t:|1781409689\n|move|p2a: Scream Tail|Protect|p2a: Scream Tail\n|-singleturn|p2a: Scream Tail|Protect\n|move|p1a: Lapras|Ice Beam|p2a: Scream Tail\n|-activate|p2a: Scream Tail|move: Protect\n|\n|-heal|p2a: Scream Tail|225/330|[from] item: Leftovers\n|upkeep\n|turn|25\n|\n|t:|1781409695\n|move|p2a: Scream Tail|Wish|p2a: Scream Tail\n|move|p1a: Lapras|Ice Beam|p2a: Scream Tail\n|-crit|p2a: Scream Tail\n|-damage|p2a: Scream Tail|111/330\n|\n|-heal|p2a: Scream Tail|131/330|[from] item: Leftovers\n|upkeep\n|turn|26\n|\n|t:|1781409703\n|move|p2a: Scream Tail|Encore|p1a: Lapras\n|-start|p1a: Lapras|Encore\n|move|p1a: Lapras|Ice Beam|p2a: Scream Tail\n|-damage|p2a: Scream Tail|55/330\n|\n|-heal|p2a: Scream Tail|220/330|[from] move: Wish|[wisher] Scream Tail\n|-heal|p2a: Scream Tail|240/330|[from] item: Leftovers\n|-sideend|p1: Alexander Babits|move: Aurora Veil\n|upkeep\n|turn|27\n|\n|t:|1781409712\n|move|p2a: Scream Tail|Wish|p2a: Scream Tail\n|move|p1a: Lapras|Ice Beam|p2a: Scream Tail\n|-damage|p2a: Scream Tail|162/330\n|\n|-heal|p2a: Scream Tail|182/330|[from] item: Leftovers\n|upkeep\n|turn|28\n|\n|t:|1781409719\n|-end|p2a: Scream Tail|Protosynthesis|[silent]\n|switch|p2a: Tinkaton|Tinkaton, L82, F|125/274\n|-damage|p2a: Tinkaton|108/274|[from] Stealth Rock\n|-ability|p2a: Tinkaton|Mold Breaker\n|move|p1a: Lapras|Ice Beam|p2a: Tinkaton\n|-resisted|p2a: Tinkaton\n|-damage|p2a: Tinkaton|67/274\n|\n|-heal|p2a: Tinkaton|232/274|[from] move: Wish|[wisher] Scream Tail\n|-heal|p2a: Tinkaton|249/274|[from] item: Leftovers\n|-end|p1a: Lapras|Encore\n|upkeep\n|turn|29\n|\n|t:|1781409731\n|move|p2a: Tinkaton|Encore|p1a: Lapras\n|-start|p1a: Lapras|Encore\n|move|p1a: Lapras|Ice Beam|p2a: Tinkaton\n|-resisted|p2a: Tinkaton\n|-damage|p2a: Tinkaton|209/274\n|\n|-heal|p2a: Tinkaton|226/274|[from] item: Leftovers\n|upkeep\n|turn|30\n|\n|t:|1781409741\n|move|p2a: Tinkaton|Play Rough|p1a: Lapras\n|-damage|p1a: Lapras|264/367\n|move|p1a: Lapras|Ice Beam|p2a: Tinkaton\n|-resisted|p2a: Tinkaton\n|-damage|p2a: Tinkaton|183/274\n|\n|-heal|p2a: Tinkaton|200/274|[from] item: Leftovers\n|upkeep\n|turn|31\n|\n|t:|1781409749\n|move|p2a: Tinkaton|Gigaton Hammer|p1a: Lapras\n|-resisted|p1a: Lapras\n|-damage|p1a: Lapras|200/367\n|move|p1a: Lapras|Ice Beam|p2a: Tinkaton\n|-resisted|p2a: Tinkaton\n|-damage|p2a: Tinkaton|155/274\n|\n|-heal|p2a: Tinkaton|172/274|[from] item: Leftovers\n|-end|p1a: Lapras|Encore\n|upkeep\n|turn|32\n|\n|t:|1781409758\n|move|p2a: Tinkaton|Encore|p1a: Lapras\n|-start|p1a: Lapras|Encore\n|move|p1a: Lapras|Ice Beam|p2a: Tinkaton\n|-resisted|p2a: Tinkaton\n|-damage|p2a: Tinkaton|133/274\n|\n|-heal|p2a: Tinkaton|150/274|[from] item: Leftovers\n|upkeep\n|turn|33\n|\n|t:|1781409765\n|move|p2a: Tinkaton|Play Rough|p1a: Lapras\n|-damage|p1a: Lapras|119/367\n|move|p1a: Lapras|Ice Beam|p2a: Tinkaton\n|-resisted|p2a: Tinkaton\n|-damage|p2a: Tinkaton|111/274\n|\n|-heal|p2a: Tinkaton|128/274|[from] item: Leftovers\n|upkeep\n|turn|34\n|\n|t:|1781409773\n|move|p2a: Tinkaton|Play Rough|p1a: Lapras\n|-damage|p1a: Lapras|41/367\n|move|p1a: Lapras|Ice Beam|p2a: Tinkaton\n|-resisted|p2a: Tinkaton\n|-crit|p2a: Tinkaton\n|-damage|p2a: Tinkaton|61/274\n|\n|-heal|p2a: Tinkaton|78/274|[from] item: Leftovers\n|-end|p1a: Lapras|Encore\n|upkeep\n|turn|35\n|\n|t:|1781409782\n|move|p2a: Tinkaton|Play Rough|p1a: Lapras\n|-damage|p1a: Lapras|0 fnt\n|faint|p1a: Lapras\n|\n|-heal|p2a: Tinkaton|95/274|[from] item: Leftovers\n|upkeep\n|\n|t:|1781409784\n|switch|p1a: Mudsdale|Mudsdale, L83, F|158/302\n|turn|36\n|\n|t:|1781409790\n|move|p2a: Tinkaton|Knock Off|p1a: Mudsdale\n|-crit|p1a: Mudsdale\n|-damage|p1a: Mudsdale|82/302\n|-ability|p1a: Mudsdale|Stamina|boost\n|-boost|p1a: Mudsdale|def|1\n|-enditem|p1a: Mudsdale|Leftovers|[from] move: Knock Off|[of] p2a: Tinkaton\n|move|p1a: Mudsdale|Earthquake|p2a: Tinkaton\n|-supereffective|p2a: Tinkaton\n|-damage|p2a: Tinkaton|0 fnt\n|faint|p2a: Tinkaton\n|\n|upkeep\n|\n|t:|1781409799\n|switch|p2a: Hydreigon|Hydreigon, L79, M|275/275\n|-damage|p2a: Hydreigon|241/275|[from] Stealth Rock\n|turn|37\n|\n|t:|1781409804\n|move|p2a: Hydreigon|Dark Pulse|p1a: Mudsdale\n|-damage|p1a: Mudsdale|0 fnt\n|faint|p1a: Mudsdale\n|\n|win|rrrpppp\n", "uploadtime": 1781409343, "views": 5, "formatid": "gen9randombattle", "rating": null, "private": 0, "password": null}