{"id": "gen9randombattle-2631879952", "format": "[Gen 9] Random Battle", "players": ["YouShallNotPas", "Estrace"], "log": "|j|\u2606YouShallNotPas\n|j|\u2606Estrace\n|t:|1781451360\n|gametype|singles\n|player|p1|YouShallNotPas|101|1909\n|player|p2|Estrace|clair|1945\n|gen|9\n|tier|[Gen 9] Random Battle\n|rated|\n|rule|Species Clause: Limit one of each Pok\u00e9mon\n|rule|HP Percentage Mod: HP is shown in percentages\n|rule|Sleep Clause Mod: Limit one foe put to sleep\n|rule|Illusion Level Mod: Illusion disguises the Pok\u00e9mon's true level\n|\n|t:|1781451360\n|teamsize|p1|6\n|teamsize|p2|6\n|start\n|switch|p1a: Krookodile|Krookodile, L79, M|280/280\n|switch|p2a: Roaring Moon|Roaring Moon, L72|270/270\n|-ability|p1a: Krookodile|Intimidate|boost\n|-unboost|p2a: Roaring Moon|atk|1\n|turn|1\n|inactive|Battle timer is ON: inactive players will automatically lose when time's up. (requested by YouShallNotPas)\n|inactive|Estrace has 120 seconds left.\n|\n|t:|1781451418\n|-end|p2a: Roaring Moon|Protosynthesis|[silent]\n|switch|p2a: Hippowdon|Hippowdon, L82, F|311/311\n|-weather|Sandstorm|[from] ability: Sand Stream|[of] p2a: Hippowdon\n|move|p1a: Krookodile|Bulk Up|p1a: Krookodile\n|-boost|p1a: Krookodile|atk|1\n|-boost|p1a: Krookodile|def|1\n|\n|-weather|Sandstorm|[upkeep]\n|upkeep\n|turn|2\n|\n|t:|1781451434\n|move|p1a: Krookodile|Bulk Up|p1a: Krookodile\n|-boost|p1a: Krookodile|atk|1\n|-boost|p1a: Krookodile|def|1\n|move|p2a: Hippowdon|Curse|p2a: Hippowdon\n|-unboost|p2a: Hippowdon|spe|1\n|-boost|p2a: Hippowdon|atk|1\n|-boost|p2a: Hippowdon|def|1\n|\n|-weather|Sandstorm|[upkeep]\n|upkeep\n|turn|3\n|c|\u2606Estrace|let's dance\n|\n|t:|1781451447\n|move|p1a: Krookodile|Knock Off|p2a: Hippowdon\n|-damage|p2a: Hippowdon|202/311\n|-enditem|p2a: Hippowdon|Leftovers|[from] move: Knock Off|[of] p1a: Krookodile\n|move|p2a: Hippowdon|Curse|p2a: Hippowdon\n|-unboost|p2a: Hippowdon|spe|1\n|-boost|p2a: Hippowdon|atk|1\n|-boost|p2a: Hippowdon|def|1\n|\n|-weather|Sandstorm|[upkeep]\n|upkeep\n|turn|4\n|\n|t:|1781451456\n|move|p1a: Krookodile|Earthquake|p2a: Hippowdon\n|-damage|p2a: Hippowdon|118/311\n|move|p2a: Hippowdon|Earthquake|p1a: Krookodile\n|-damage|p1a: Krookodile|151/280\n|\n|-weather|Sandstorm|[upkeep]\n|-heal|p1a: Krookodile|168/280|[from] item: Leftovers\n|upkeep\n|turn|5\n|\n|t:|1781451472\n|move|p1a: Krookodile|Earthquake|p2a: Hippowdon\n|-damage|p2a: Hippowdon|30/311\n|move|p2a: Hippowdon|Slack Off|p2a: Hippowdon\n|-heal|p2a: Hippowdon|186/311\n|\n|-weather|none\n|-heal|p1a: Krookodile|185/280|[from] item: Leftovers\n|upkeep\n|turn|6\n|\n|t:|1781451481\n|move|p1a: Krookodile|Bulk Up|p1a: Krookodile\n|-boost|p1a: Krookodile|atk|1\n|-boost|p1a: Krookodile|def|1\n|move|p2a: Hippowdon|Earthquake|p1a: Krookodile\n|-damage|p1a: Krookodile|77/280\n|\n|-heal|p1a: Krookodile|94/280|[from] item: Leftovers\n|upkeep\n|turn|7\n|\n|t:|1781451488\n|move|p1a: Krookodile|Earthquake|p2a: Hippowdon\n|-damage|p2a: Hippowdon|84/311\n|move|p2a: Hippowdon|Earthquake|p1a: Krookodile\n|-damage|p1a: Krookodile|0 fnt\n|faint|p1a: Krookodile\n|\n|upkeep\n|\n|t:|1781451514\n|switch|p1a: Sylveon|Sylveon, L85, M|300/300\n|turn|8\n|\n|t:|1781451519\n|switch|p2a: Milotic|Milotic, L83, M|293/293\n|move|p1a: Sylveon|Hyper Voice|p2a: Milotic\n|-damage|p2a: Milotic|193/293\n|\n|-heal|p2a: Milotic|211/293|[from] item: Leftovers\n|upkeep\n|turn|9\n|\n|t:|1781451527\n|move|p2a: Milotic|Scald|p1a: Sylveon\n|-damage|p1a: Sylveon|239/300\n|-status|p1a: Sylveon|brn\n|move|p1a: Sylveon|Calm Mind|p1a: Sylveon\n|-boost|p1a: Sylveon|spa|1\n|-boost|p1a: Sylveon|spd|1\n|\n|-heal|p2a: Milotic|229/293|[from] item: Leftovers\n|-heal|p1a: Sylveon|257/300 brn|[from] item: Leftovers\n|-damage|p1a: Sylveon|239/300 brn|[from] brn\n|upkeep\n|turn|10\n|\n|t:|1781451537\n|switch|p2a: Hippowdon|Hippowdon, L82, F|84/311\n|-weather|Sandstorm|[from] ability: Sand Stream|[of] p2a: Hippowdon\n|move|p1a: Sylveon|Hyper Voice|p2a: Hippowdon\n|-damage|p2a: Hippowdon|0 fnt\n|faint|p2a: Hippowdon\n|\n|-weather|Sandstorm|[upkeep]\n|-damage|p1a: Sylveon|221/300 brn|[from] Sandstorm\n|-heal|p1a: Sylveon|239/300 brn|[from] item: Leftovers\n|-damage|p1a: Sylveon|221/300 brn|[from] brn\n|upkeep\n|\n|t:|1781451554\n|switch|p2a: Swalot|Swalot, L90, M|326/326\n|turn|11\n|inactive|YouShallNotPas has 120 seconds left.\n|\n|t:|1781451586\n|move|p1a: Sylveon|Protect|p1a: Sylveon\n|-singleturn|p1a: Sylveon|Protect\n|move|p2a: Swalot|Sludge Bomb|p1a: Sylveon\n|-activate|p1a: Sylveon|move: Protect\n|\n|-weather|Sandstorm|[upkeep]\n|-damage|p1a: Sylveon|203/300 brn|[from] Sandstorm\n|-damage|p2a: Swalot|306/326|[from] Sandstorm\n|-heal|p1a: Sylveon|221/300 brn|[from] item: Leftovers\n|-heal|p2a: Swalot|326/326|[from] item: Leftovers\n|-damage|p1a: Sylveon|203/300 brn|[from] brn\n|upkeep\n|turn|12\n|inactive|YouShallNotPas has 120 seconds left.\n|\n|t:|1781451602\n|move|p1a: Sylveon|Calm Mind|p1a: Sylveon\n|-boost|p1a: Sylveon|spa|1\n|-boost|p1a: Sylveon|spd|1\n|move|p2a: Swalot|Sludge Bomb|p1a: Sylveon\n|-supereffective|p1a: Sylveon\n|-damage|p1a: Sylveon|135/300 brn\n|\n|-weather|Sandstorm|[upkeep]\n|-damage|p1a: Sylveon|117/300 brn|[from] Sandstorm\n|-damage|p2a: Swalot|306/326|[from] Sandstorm\n|-heal|p1a: Sylveon|135/300 brn|[from] item: Leftovers\n|-heal|p2a: Swalot|326/326|[from] item: Leftovers\n|-damage|p1a: Sylveon|117/300 brn|[from] brn\n|upkeep\n|turn|13\n|inactive|YouShallNotPas has 120 seconds left.\n|\n|t:|1781451613\n|move|p1a: Sylveon|Wish|p1a: Sylveon\n|move|p2a: Swalot|Sludge Bomb|p1a: Sylveon\n|-supereffective|p1a: Sylveon\n|-damage|p1a: Sylveon|51/300 brn\n|\n|-weather|Sandstorm|[upkeep]\n|-damage|p1a: Sylveon|33/300 brn|[from] Sandstorm\n|-damage|p2a: Swalot|306/326|[from] Sandstorm\n|-heal|p1a: Sylveon|51/300 brn|[from] item: Leftovers\n|-heal|p2a: Swalot|326/326|[from] item: Leftovers\n|-damage|p1a: Sylveon|33/300 brn|[from] brn\n|upkeep\n|turn|14\n|\n|t:|1781451623\n|switch|p2a: Roaring Moon|Roaring Moon, L72|270/270\n|move|p1a: Sylveon|Protect||[still]\n|-fail|p1a: Sylveon\n|\n|-weather|none\n|-heal|p1a: Sylveon|183/300 brn|[from] move: Wish|[wisher] Sylveon\n|-heal|p1a: Sylveon|201/300 brn|[from] item: Leftovers\n|-damage|p1a: Sylveon|183/300 brn|[from] brn\n|upkeep\n|turn|15\n|\n|t:|1781451637\n|move|p2a: Roaring Moon|Iron Head|p1a: Sylveon\n|-supereffective|p1a: Sylveon\n|-damage|p1a: Sylveon|45/300 brn\n|move|p1a: Sylveon|Wish|p1a: Sylveon\n|\n|-heal|p1a: Sylveon|63/300 brn|[from] item: Leftovers\n|-damage|p1a: Sylveon|45/300 brn|[from] brn\n|upkeep\n|turn|16\n|inactive|Estrace has 120 seconds left.\n|inactive|Estrace has 90 seconds left.\n|\n|t:|1781451705\n|move|p1a: Sylveon|Protect|p1a: Sylveon\n|-singleturn|p1a: Sylveon|Protect\n|move|p2a: Roaring Moon|Dragon Dance|p2a: Roaring Moon\n|-boost|p2a: Roaring Moon|atk|1\n|-boost|p2a: Roaring Moon|spe|1\n|\n|-heal|p1a: Sylveon|195/300 brn|[from] move: Wish|[wisher] Sylveon\n|-heal|p1a: Sylveon|213/300 brn|[from] item: Leftovers\n|-damage|p1a: Sylveon|195/300 brn|[from] brn\n|upkeep\n|turn|17\n|\n|t:|1781451715\n|move|p2a: Roaring Moon|Iron Head|p1a: Sylveon\n|-supereffective|p1a: Sylveon\n|-damage|p1a: Sylveon|7/300 brn\n|cant|p1a: Sylveon|flinch\n|\n|-heal|p1a: Sylveon|25/300 brn|[from] item: Leftovers\n|-damage|p1a: Sylveon|7/300 brn|[from] brn\n|upkeep\n|turn|18\n|-message|YouShallNotPas forfeited.\n|\n|win|Estrace\n", "uploadtime": 1781451361, "views": 3, "formatid": "gen9randombattle", "rating": null, "private": 0, "password": null}