{"id": "gen9randombattle-2631510909", "format": "[Gen 9] Random Battle", "players": ["carlosaktsuke", "ILoveLebr0n"], "log": "|j|\u2606carlosaktsuke\n|j|\u2606ILoveLebr0n\n|t:|1781394477\n|gametype|singles\n|player|p1|carlosaktsuke|n|1370\n|player|p2|ILoveLebr0n|unknown|1354\n|gen|9\n|tier|[Gen 9] Random Battle\n|rated|\n|rule|Species Clause: Limit one of each Pok\u00e9mon\n|rule|HP Percentage Mod: HP is shown in percentages\n|rule|Sleep Clause Mod: Limit one foe put to sleep\n|rule|Illusion Level Mod: Illusion disguises the Pok\u00e9mon's true level\n|\n|t:|1781394477\n|teamsize|p1|6\n|teamsize|p2|6\n|start\n|switch|p1a: Diancie|Diancie, L82|216/216\n|switch|p2a: Skeledirge|Skeledirge, L79, M|294/294\n|turn|1\n|c|\u2606ILoveLebr0n|man\n|\n|t:|1781394494\n|switch|p2a: Lurantis|Lurantis, L87, M|264/264\n|move|p1a: Diancie|Diamond Storm|p2a: Lurantis\n|-damage|p2a: Lurantis|167/264\n|\n|upkeep\n|turn|2\n|\n|t:|1781394507\n|move|p1a: Diancie|Diamond Storm|p2a: Lurantis\n|-damage|p2a: Lurantis|64/264\n|-boost|p1a: Diancie|def|2\n|move|p2a: Lurantis|Leaf Storm|p1a: Diancie\n|-supereffective|p1a: Diancie\n|-damage|p1a: Diancie|46/216\n|-boost|p2a: Lurantis|spa|2\n|\n|-heal|p1a: Diancie|59/216|[from] item: Leftovers\n|upkeep\n|turn|3\n|\n|t:|1781394518\n|move|p1a: Diancie|Diamond Storm|p2a: Lurantis\n|-damage|p2a: Lurantis|0 fnt\n|faint|p2a: Lurantis\n|\n|-heal|p1a: Diancie|72/216|[from] item: Leftovers\n|upkeep\n|\n|t:|1781394525\n|switch|p2a: Lanturn|Lanturn, L89, F|367/367\n|turn|4\n|\n|t:|1781394534\n|move|p2a: Lanturn|Scald|p1a: Diancie\n|-supereffective|p1a: Diancie\n|-damage|p1a: Diancie|0 fnt\n|faint|p1a: Diancie\n|\n|upkeep\n|\n|t:|1781394543\n|switch|p1a: Banette|Banette, L93, F|270/270\n|turn|5\n|\n|t:|1781394547\n|move|p1a: Banette|Poltergeist|p2a: Lanturn|[miss]\n|-miss|p1a: Banette|p2a: Lanturn\n|move|p2a: Lanturn|Thunder Wave|p1a: Banette\n|-status|p1a: Banette|par\n|\n|upkeep\n|turn|6\n|\n|t:|1781394553\n|move|p2a: Lanturn|Thunderbolt|p1a: Banette\n|-damage|p1a: Banette|171/270 par\n|cant|p1a: Banette|par\n|\n|upkeep\n|turn|7\n|\n|t:|1781394556\n|move|p2a: Lanturn|Thunderbolt|p1a: Banette\n|-damage|p1a: Banette|62/270 par\n|cant|p1a: Banette|par\n|\n|upkeep\n|turn|8\n|\n|t:|1781394560\n|cant|p1a: Banette|par\n|move|p2a: Lanturn|Volt Switch|p1a: Banette\n|-crit|p1a: Banette\n|-damage|p1a: Banette|0 fnt\n|faint|p1a: Banette\n|\n|t:|1781394569\n|switch|p2a: Sneasler|Sneasler, L74, F|240/240|[from] Volt Switch\n|\n|upkeep\n|\n|t:|1781394573\n|switch|p1a: Honchkrow|Honchkrow, L86, F|312/312\n|turn|9\n|\n|t:|1781394579\n|move|p2a: Sneasler|U-turn|p1a: Honchkrow\n|-damage|p1a: Honchkrow|210/312\n|-status|p1a: Honchkrow|psn|[from] ability: Poison Touch|[of] p2a: Sneasler\n|inactive|Battle timer is ON: inactive players will automatically lose when time's up. (requested by carlosaktsuke)\n|\n|t:|1781394583\n|switch|p2a: Lanturn|Lanturn, L89, F|367/367|[from] U-turn\n|move|p1a: Honchkrow|Brave Bird|p2a: Lanturn\n|-resisted|p2a: Lanturn\n|-damage|p2a: Lanturn|271/367\n|-damage|p1a: Honchkrow|178/312 psn|[from] Recoil\n|\n|-damage|p1a: Honchkrow|139/312 psn|[from] psn\n|upkeep\n|turn|10\n|\n|t:|1781394598\n|move|p1a: Honchkrow|Sucker Punch|p2a: Lanturn\n|-damage|p2a: Lanturn|147/367\n|move|p2a: Lanturn|Volt Switch|p1a: Honchkrow\n|-supereffective|p1a: Honchkrow\n|-damage|p1a: Honchkrow|0 fnt\n|faint|p1a: Honchkrow\n|\n|t:|1781394602\n|switch|p2a: Sneasler|Sneasler, L74, F|240/240|[from] Volt Switch\n|\n|upkeep\n|\n|t:|1781394611\n|switch|p1a: Sneasler|Sneasler, L74, F|240/240\n|turn|11\n|\n|t:|1781394620\n|move|p1a: Sneasler|Acrobatics|p2a: Sneasler\n|-supereffective|p2a: Sneasler\n|-damage|p2a: Sneasler|130/240\n|move|p2a: Sneasler|Close Combat|p1a: Sneasler\n|-resisted|p1a: Sneasler\n|-damage|p1a: Sneasler|96/240\n|-unboost|p2a: Sneasler|def|1\n|-unboost|p2a: Sneasler|spd|1\n|\n|upkeep\n|turn|12\n|\n|t:|1781394628\n|switch|p2a: Skeledirge|Skeledirge, L79, M|294/294\n|-terastallize|p1a: Sneasler|Flying\n|move|p1a: Sneasler|Close Combat|p2a: Skeledirge\n|-immune|p2a: Skeledirge\n|\n|upkeep\n|turn|13\n|\n|t:|1781394639\n|switch|p1a: Blaziken|Blaziken, L76, F|247/247\n|move|p2a: Skeledirge|Torch Song|p1a: Blaziken\n|-resisted|p1a: Blaziken\n|-damage|p1a: Blaziken|193/247\n|-boost|p2a: Skeledirge|spa|1\n|\n|upkeep\n|turn|14\n|\n|t:|1781394645\n|move|p1a: Blaziken|Swords Dance|p1a: Blaziken\n|-boost|p1a: Blaziken|atk|2\n|move|p2a: Skeledirge|Torch Song|p1a: Blaziken\n|-resisted|p1a: Blaziken\n|-damage|p1a: Blaziken|107/247\n|-boost|p2a: Skeledirge|spa|1\n|\n|-ability|p1a: Blaziken|Speed Boost|boost\n|-boost|p1a: Blaziken|spe|1\n|upkeep\n|turn|15\n|\n|t:|1781394653\n|move|p1a: Blaziken|Knock Off|p2a: Skeledirge\n|-supereffective|p2a: Skeledirge\n|-damage|p2a: Skeledirge|120/294\n|-enditem|p2a: Skeledirge|Heavy-Duty Boots|[from] move: Knock Off|[of] p1a: Blaziken\n|-damage|p1a: Blaziken|83/247|[from] item: Life Orb\n|move|p2a: Skeledirge|Torch Song|p1a: Blaziken\n|-resisted|p1a: Blaziken\n|-damage|p1a: Blaziken|0 fnt\n|-boost|p2a: Skeledirge|spa|1\n|faint|p1a: Blaziken\n|\n|upkeep\n|\n|t:|1781394661\n|switch|p1a: Sneasler|Sneasler, L74, F, tera:Flying|96/240\n|turn|16\n|\n|t:|1781394667\n|move|p1a: Sneasler|Acrobatics|p2a: Skeledirge\n|-damage|p2a: Skeledirge|57/294\n|move|p2a: Skeledirge|Slack Off|p2a: Skeledirge\n|-heal|p2a: Skeledirge|204/294\n|\n|upkeep\n|turn|17\n|\n|t:|1781394670\n|move|p1a: Sneasler|Swords Dance|p1a: Sneasler\n|-boost|p1a: Sneasler|atk|2\n|move|p2a: Skeledirge|Slack Off|p2a: Skeledirge\n|-heal|p2a: Skeledirge|294/294\n|\n|upkeep\n|turn|18\n|\n|t:|1781394672\n|move|p1a: Sneasler|Dire Claw|p2a: Skeledirge\n|-resisted|p2a: Skeledirge\n|-damage|p2a: Skeledirge|252/294\n|move|p2a: Skeledirge|Torch Song|p1a: Sneasler\n|-damage|p1a: Sneasler|0 fnt\n|-boost|p2a: Skeledirge|spa|1\n|faint|p1a: Sneasler\n|\n|upkeep\n|-message|carlosaktsuke forfeited.\n|\n|win|ILoveLebr0n\n|raw|carlosaktsuke's rating: 1370 &rarr; <strong>1349</strong><br />(-21 for losing)\n|raw|ILoveLebr0n's rating: 1354 &rarr; <strong>1375</strong><br />(+21 for winning)\n|l|\u2606carlosaktsuke\n|player|p1|\n|c|\u2606ILoveLebr0n|check abilites bro\n", "uploadtime": 1781394684, "views": 3, "formatid": "gen9randombattle", "rating": 1349, "private": 0, "password": null}