{"id": "gen9randombattle-2631443731", "format": "[Gen 9] Random Battle", "players": ["nocomment3", "Fuk ICE"], "log": "|j|\u2606nocomment3\n|j|\u2606Fuk ICE\n|t:|1781385353\n|gametype|singles\n|player|p1|nocomment3|2|2136\n|player|p2|Fuk ICE|101|2084\n|gen|9\n|tier|[Gen 9] Random Battle\n|rated|\n|rule|Species Clause: Limit one of each Pok\u00e9mon\n|rule|HP Percentage Mod: HP is shown in percentages\n|rule|Sleep Clause Mod: Limit one foe put to sleep\n|rule|Illusion Level Mod: Illusion disguises the Pok\u00e9mon's true level\n|\n|t:|1781385353\n|teamsize|p1|6\n|teamsize|p2|6\n|start\n|switch|p1a: Ogerpon|Ogerpon-Hearthflame, L74, F|239/239\n|switch|p2a: Forretress|Forretress, L84, F|263/263\n|-ability|p1a: Ogerpon|Mold Breaker\n|turn|1\n|\n|t:|1781385370\n|move|p1a: Ogerpon|Trailblaze|p2a: Forretress\n|-resisted|p2a: Forretress\n|-damage|p2a: Forretress|253/263\n|-boost|p1a: Ogerpon|spe|1\n|move|p2a: Forretress|Stealth Rock|p1a: Ogerpon\n|-sidestart|p1: nocomment3|move: Stealth Rock\n|\n|-heal|p2a: Forretress|263/263|[from] item: Leftovers\n|upkeep\n|turn|2\n|\n|t:|1781385380\n|switch|p2a: Wyrdeer|Wyrdeer, L87, M|321/321\n|-ability|p2a: Wyrdeer|Intimidate|boost\n|-unboost|p1a: Ogerpon|atk|1\n|move|p1a: Ogerpon|Ivy Cudgel|p2a: Wyrdeer|[anim] Ivy Cudgel Fire\n|-damage|p2a: Wyrdeer|240/321\n|\n|-heal|p2a: Wyrdeer|260/321|[from] item: Leftovers\n|upkeep\n|turn|3\n|\n|t:|1781385386\n|switch|p1a: Luxray|Luxray, L88, M|284/284\n|-damage|p1a: Luxray|249/284|[from] Stealth Rock\n|-ability|p1a: Luxray|Intimidate|boost\n|-unboost|p2a: Wyrdeer|atk|1\n|move|p2a: Wyrdeer|Thunder Wave|p1a: Luxray\n|-immune|p1a: Luxray\n|\n|-heal|p2a: Wyrdeer|280/321|[from] item: Leftovers\n|upkeep\n|turn|4\n|\n|t:|1781385396\n|move|p1a: Luxray|Volt Switch|p2a: Wyrdeer\n|-damage|p2a: Wyrdeer|198/321\n|\n|t:|1781385404\n|switch|p1a: Slaking|Slaking, L84, F|389/389|[from] Volt Switch\n|-damage|p1a: Slaking|341/389|[from] Stealth Rock\n|move|p2a: Wyrdeer|Earthquake|p1a: Slaking\n|-damage|p1a: Slaking|289/389\n|\n|-heal|p2a: Wyrdeer|218/321|[from] item: Leftovers\n|upkeep\n|turn|5\n|\n|t:|1781385412\n|switch|p1a: Ogerpon|Ogerpon-Hearthflame, L74, F|239/239\n|-damage|p1a: Ogerpon|180/239|[from] Stealth Rock\n|-ability|p1a: Ogerpon|Mold Breaker\n|switch|p2a: Forretress|Forretress, L84, F|263/263\n|\n|upkeep\n|turn|6\n|\n|t:|1781385422\n|switch|p2a: Wyrdeer|Wyrdeer, L87, M|218/321\n|-ability|p2a: Wyrdeer|Intimidate|boost\n|-unboost|p1a: Ogerpon|atk|1\n|move|p1a: Ogerpon|Swords Dance|p1a: Ogerpon\n|-boost|p1a: Ogerpon|atk|2\n|\n|-heal|p2a: Wyrdeer|238/321|[from] item: Leftovers\n|upkeep\n|turn|7\n|\n|t:|1781385427\n|-terastallize|p1a: Ogerpon|Fire\n|detailschange|p1a: Ogerpon|Ogerpon-Hearthflame-Tera, L74, F, tera:Fire\n|-ability|p1a: Ogerpon|Embody Aspect (Hearthflame)|boost\n|-boost|p1a: Ogerpon|atk|1\n|move|p1a: Ogerpon|Ivy Cudgel|p2a: Wyrdeer|[anim] Ivy Cudgel Fire\n|-damage|p2a: Wyrdeer|0 fnt\n|faint|p2a: Wyrdeer\n|\n|upkeep\n|\n|t:|1781385451\n|switch|p2a: Porygon2|Porygon2, L81|270/270\n|-ability|p2a: Porygon2|Download|boost\n|-boost|p2a: Porygon2|atk|1\n|turn|8\n|\n|t:|1781385455\n|move|p1a: Ogerpon|Ivy Cudgel|p2a: Porygon2|[anim] Ivy Cudgel Fire\n|-damage|p2a: Porygon2|62/270\n|move|p2a: Porygon2|Thunder Wave|p1a: Ogerpon|[miss]\n|-miss|p2a: Porygon2|p1a: Ogerpon\n|\n|upkeep\n|turn|9\n|\n|t:|1781385471\n|move|p1a: Ogerpon|Ivy Cudgel|p2a: Porygon2|[anim] Ivy Cudgel Fire\n|-crit|p2a: Porygon2\n|-damage|p2a: Porygon2|0 fnt\n|faint|p2a: Porygon2\n|\n|upkeep\n|\n|t:|1781385478\n|switch|p2a: Iron Moth|Iron Moth, L78|253/253\n|turn|10\n|\n|t:|1781385483\n|move|p2a: Iron Moth|Sludge Wave|p1a: Ogerpon\n|-damage|p1a: Ogerpon|3/239\n|move|p1a: Ogerpon|Ivy Cudgel|p2a: Iron Moth|[anim] Ivy Cudgel Fire\n|-resisted|p2a: Iron Moth\n|-damage|p2a: Iron Moth|49/253\n|\n|upkeep\n|turn|11\n|\n|t:|1781385490\n|move|p2a: Iron Moth|Sludge Wave|p1a: Ogerpon\n|-damage|p1a: Ogerpon|0 fnt\n|faint|p1a: Ogerpon\n|detailschange|p1: Ogerpon|Ogerpon-Hearthflame, L74, F|[silent]\n|\n|upkeep\n|\n|t:|1781385497\n|switch|p1a: Luxray|Luxray, L88, M|249/284\n|-damage|p1a: Luxray|214/284|[from] Stealth Rock\n|-ability|p1a: Luxray|Intimidate|boost\n|-unboost|p2a: Iron Moth|atk|1\n|turn|12\n|\n|t:|1781385511\n|-end|p2a: Iron Moth|Quark Drive|[silent]\n|switch|p2a: Groudon|Groudon, L72|263/263\n|-weather|SunnyDay|[from] ability: Drought|[of] p2a: Groudon\n|move|p1a: Luxray|Wild Charge|p2a: Groudon\n|-immune|p2a: Groudon\n|\n|-weather|SunnyDay|[upkeep]\n|upkeep\n|turn|13\n|\n|t:|1781385522\n|switch|p1a: Slaking|Slaking, L84, F|289/389\n|-damage|p1a: Slaking|241/389|[from] Stealth Rock\n|move|p2a: Groudon|Precipice Blades|p1a: Slaking\n|-damage|p1a: Slaking|112/389\n|\n|-weather|SunnyDay|[upkeep]\n|upkeep\n|turn|14\n|\n|t:|1781385527\n|switch|p1a: Pelipper|Pelipper, L86, M|243/243\n|-damage|p1a: Pelipper|183/243|[from] Stealth Rock\n|-weather|RainDance|[from] ability: Drizzle|[of] p1a: Pelipper\n|switch|p2a: Forretress|Forretress, L84, F|263/263\n|\n|-weather|RainDance|[upkeep]\n|upkeep\n|turn|15\n|\n|t:|1781385535\n|switch|p2a: Groudon|Groudon, L72|263/263\n|-weather|SunnyDay|[from] ability: Drought|[of] p2a: Groudon\n|move|p1a: Pelipper|Weather Ball|p2a: Groudon\n|-damage|p2a: Groudon|72/263\n|\n|-weather|SunnyDay|[upkeep]\n|-heal|p2a: Groudon|88/263|[from] item: Leftovers\n|upkeep\n|turn|16\n|\n|t:|1781385540\n|switch|p1a: Quagsire|Quagsire, L84, M|297/297\n|-damage|p1a: Quagsire|279/297|[from] Stealth Rock\n|move|p2a: Groudon|Stone Edge|p1a: Quagsire\n|-resisted|p1a: Quagsire\n|-damage|p1a: Quagsire|240/297\n|\n|-weather|SunnyDay|[upkeep]\n|-heal|p2a: Groudon|104/263|[from] item: Leftovers\n|-heal|p1a: Quagsire|258/297|[from] item: Leftovers\n|upkeep\n|turn|17\n|\n|t:|1781385546\n|move|p2a: Groudon|Precipice Blades|p1a: Quagsire\n|-damage|p1a: Quagsire|126/297\n|move|p1a: Quagsire|Ice Beam|p2a: Groudon\n|-supereffective|p2a: Groudon\n|-damage|p2a: Groudon|2/263\n|\n|-weather|SunnyDay|[upkeep]\n|-heal|p2a: Groudon|18/263|[from] item: Leftovers\n|-heal|p1a: Quagsire|144/297|[from] item: Leftovers\n|upkeep\n|turn|18\n|\n|t:|1781385555\n|switch|p2a: Brute Bonnet|Brute Bonnet, L80|309/309\n|-activate|p2a: Brute Bonnet|ability: Protosynthesis\n|-start|p2a: Brute Bonnet|protosynthesisatk\n|move|p1a: Quagsire|Ice Beam|p2a: Brute Bonnet\n|-supereffective|p2a: Brute Bonnet\n|-damage|p2a: Brute Bonnet|223/309\n|\n|-weather|SunnyDay|[upkeep]\n|-heal|p2a: Brute Bonnet|242/309|[from] item: Leftovers\n|-heal|p1a: Quagsire|162/297|[from] item: Leftovers\n|upkeep\n|turn|19\n|\n|t:|1781385572\n|switch|p1a: Luxray|Luxray, L88, M|214/284\n|-damage|p1a: Luxray|179/284|[from] Stealth Rock\n|-ability|p1a: Luxray|Intimidate|boost\n|-unboost|p2a: Brute Bonnet|atk|1\n|move|p2a: Brute Bonnet|Spore|p1a: Luxray\n|-status|p1a: Luxray|slp|[from] move: Spore\n|\n|-weather|none\n|-end|p2a: Brute Bonnet|Protosynthesis\n|-heal|p2a: Brute Bonnet|261/309|[from] item: Leftovers\n|upkeep\n|turn|20\n|\n|t:|1781385581\n|switch|p1a: Quagsire|Quagsire, L84, M|162/297\n|-damage|p1a: Quagsire|144/297|[from] Stealth Rock\n|-end|p2a: Brute Bonnet|Protosynthesis|[silent]\n|switch|p2a: Groudon|Groudon, L72|18/263\n|-weather|SunnyDay|[from] ability: Drought|[of] p2a: Groudon\n|\n|-weather|SunnyDay|[upkeep]\n|-heal|p2a: Groudon|34/263|[from] item: Leftovers\n|-heal|p1a: Quagsire|162/297|[from] item: Leftovers\n|upkeep\n|turn|21\n|\n|t:|1781385593\n|switch|p2a: Brute Bonnet|Brute Bonnet, L80|261/309\n|-activate|p2a: Brute Bonnet|ability: Protosynthesis\n|-start|p2a: Brute Bonnet|protosynthesisatk\n|move|p1a: Quagsire|Ice Beam|p2a: Brute Bonnet\n|-supereffective|p2a: Brute Bonnet\n|-damage|p2a: Brute Bonnet|163/309\n|\n|-weather|SunnyDay|[upkeep]\n|-heal|p2a: Brute Bonnet|182/309|[from] item: Leftovers\n|-heal|p1a: Quagsire|180/297|[from] item: Leftovers\n|upkeep\n|turn|22\n|\n|t:|1781385599\n|switch|p1a: Heracross|Heracross, L80, F|259/259\n|-damage|p1a: Heracross|227/259|[from] Stealth Rock\n|move|p2a: Brute Bonnet|Crunch|p1a: Heracross\n|-resisted|p1a: Heracross\n|-damage|p1a: Heracross|156/259\n|-unboost|p1a: Heracross|def|1\n|\n|-weather|SunnyDay|[upkeep]\n|-heal|p2a: Brute Bonnet|201/309|[from] item: Leftovers\n|-status|p1a: Heracross|brn|[from] item: Flame Orb\n|upkeep\n|turn|23\n|\n|t:|1781385605\n|-end|p2a: Brute Bonnet|Protosynthesis|[silent]\n|switch|p2a: Forretress|Forretress, L84, F|263/263\n|move|p1a: Heracross|Close Combat|p2a: Forretress\n|-damage|p2a: Forretress|119/263\n|-unboost|p1a: Heracross|def|1\n|-unboost|p1a: Heracross|spd|1\n|\n|-weather|SunnyDay|[upkeep]\n|-heal|p2a: Forretress|135/263|[from] item: Leftovers\n|-damage|p1a: Heracross|140/259 brn|[from] brn\n|upkeep\n|turn|24\n|\n|t:|1781385611\n|move|p1a: Heracross|Close Combat|p2a: Forretress\n|-damage|p2a: Forretress|0 fnt\n|-unboost|p1a: Heracross|def|1\n|-unboost|p1a: Heracross|spd|1\n|faint|p2a: Forretress\n|\n|-weather|none\n|-damage|p1a: Heracross|124/259 brn|[from] brn\n|upkeep\n|\n|t:|1781385616\n|switch|p2a: Iron Moth|Iron Moth, L78|49/253\n|turn|25\n|\n|t:|1781385628\n|switch|p1a: Luxray|Luxray, L88, M|179/284 slp\n|-damage|p1a: Luxray|144/284 slp|[from] Stealth Rock\n|-ability|p1a: Luxray|Intimidate|boost\n|-unboost|p2a: Iron Moth|atk|1\n|move|p2a: Iron Moth|Sludge Wave|p1a: Luxray\n|-damage|p1a: Luxray|12/284 slp\n|\n|upkeep\n|turn|26\n|\n|t:|1781385631\n|move|p2a: Iron Moth|Sludge Wave|p1a: Luxray\n|-damage|p1a: Luxray|0 fnt\n|faint|p1a: Luxray\n|\n|upkeep\n|\n|t:|1781385642\n|switch|p1a: Quagsire|Quagsire, L84, M|180/297\n|-damage|p1a: Quagsire|162/297|[from] Stealth Rock\n|turn|27\n|\n|t:|1781385646\n|-end|p2a: Iron Moth|Quark Drive|[silent]\n|switch|p2a: Brute Bonnet|Brute Bonnet, L80|201/309\n|move|p1a: Quagsire|Ice Beam|p2a: Brute Bonnet\n|-supereffective|p2a: Brute Bonnet\n|-damage|p2a: Brute Bonnet|111/309\n|\n|-heal|p2a: Brute Bonnet|130/309|[from] item: Leftovers\n|-heal|p1a: Quagsire|180/297|[from] item: Leftovers\n|upkeep\n|turn|28\n|\n|t:|1781385653\n|switch|p1a: Slaking|Slaking, L84, F|112/389\n|-damage|p1a: Slaking|64/389|[from] Stealth Rock\n|move|p2a: Brute Bonnet|Spore|p1a: Slaking\n|-status|p1a: Slaking|slp|[from] move: Spore\n|\n|-heal|p2a: Brute Bonnet|149/309|[from] item: Leftovers\n|upkeep\n|turn|29\n|\n|t:|1781385660\n|cant|p1a: Slaking|slp\n|move|p2a: Brute Bonnet|Crunch|p1a: Slaking\n|-damage|p1a: Slaking|0 fnt\n|faint|p1a: Slaking\n|\n|-heal|p2a: Brute Bonnet|168/309|[from] item: Leftovers\n|upkeep\n|\n|t:|1781385662\n|switch|p1a: Heracross|Heracross, L80, F|124/259 brn\n|-damage|p1a: Heracross|92/259 brn|[from] Stealth Rock\n|turn|30\n|\n|t:|1781385667\n|-end|p2a: Brute Bonnet|Protosynthesis|[silent]\n|switch|p2a: Groudon|Groudon, L72|34/263\n|-weather|SunnyDay|[from] ability: Drought|[of] p2a: Groudon\n|move|p1a: Heracross|Close Combat|p2a: Groudon\n|-damage|p2a: Groudon|0 fnt\n|-unboost|p1a: Heracross|def|1\n|-unboost|p1a: Heracross|spd|1\n|faint|p2a: Groudon\n|\n|-weather|SunnyDay|[upkeep]\n|-damage|p1a: Heracross|76/259 brn|[from] brn\n|upkeep\n|\n|t:|1781385675\n|switch|p2a: Iron Moth|Iron Moth, L78|49/253\n|turn|31\n|\n|t:|1781385693\n|-terastallize|p2a: Iron Moth|Grass\n|move|p2a: Iron Moth|Energy Ball|p1a: Heracross\n|-resisted|p1a: Heracross\n|-damage|p1a: Heracross|0 fnt\n|faint|p1a: Heracross\n|\n|-weather|SunnyDay|[upkeep]\n|upkeep\n|\n|t:|1781385697\n|switch|p1a: Pelipper|Pelipper, L86, M|183/243\n|-damage|p1a: Pelipper|123/243|[from] Stealth Rock\n|-weather|RainDance|[from] ability: Drizzle|[of] p1a: Pelipper\n|turn|32\n|\n|t:|1781385701\n|move|p2a: Iron Moth|Energy Ball|p1a: Pelipper\n|-damage|p1a: Pelipper|0 fnt\n|faint|p1a: Pelipper\n|\n|-weather|RainDance|[upkeep]\n|upkeep\n|-message|nocomment3 forfeited.\n|\n|win|Fuk ICE\n", "uploadtime": 1781385355, "views": 7, "formatid": "gen9randombattle", "rating": null, "private": 0, "password": null}