{"id": "gen9randombattle-2631807389", "format": "[Gen 9] Random Battle", "players": ["xianyuleilang", "vaderaarde"], "log": "|j|\u2606xianyuleilang\n|j|\u2606vaderaarde\n|t:|1781442542\n|gametype|singles\n|player|p1|xianyuleilang|266|1040\n|player|p2|vaderaarde|169|1092\n|gen|9\n|tier|[Gen 9] Random Battle\n|rated|\n|rule|Species Clause: Limit one of each Pok\u00e9mon\n|rule|HP Percentage Mod: HP is shown in percentages\n|rule|Sleep Clause Mod: Limit one foe put to sleep\n|rule|Illusion Level Mod: Illusion disguises the Pok\u00e9mon's true level\n|\n|t:|1781442542\n|teamsize|p1|6\n|teamsize|p2|6\n|start\n|switch|p1a: Torkoal|Torkoal, L88, M|266/266\n|switch|p2a: Archaludon|Archaludon, L78, M|268/268\n|-weather|SunnyDay|[from] ability: Drought|[of] p1a: Torkoal\n|turn|1\n|inactive|Battle timer is ON: inactive players will automatically lose when time's up. (requested by vaderaarde)\n|\n|t:|1781442576\n|switch|p2a: Komala|Komala, L88, F|258/258\n|-ability|p2a: Komala|Comatose\n|move|p1a: Torkoal|Earthquake|p2a: Komala\n|-damage|p2a: Komala|176/258\n|\n|-weather|SunnyDay|[upkeep]\n|upkeep\n|turn|2\n|\n|t:|1781442605\n|switch|p1a: Sinistcha|Sinistcha, L83|254/254\n|move|p2a: Komala|Rapid Spin|p1a: Sinistcha\n|-immune|p1a: Sinistcha\n|\n|-weather|SunnyDay|[upkeep]\n|upkeep\n|turn|3\n|inactive|vaderaarde has 120 seconds left.\n|\n|t:|1781442637\n|move|p2a: Komala|Knock Off|p1a: Sinistcha\n|-supereffective|p1a: Sinistcha\n|-damage|p1a: Sinistcha|100/254\n|-enditem|p1a: Sinistcha|Leftovers|[from] move: Knock Off|[of] p2a: Komala\n|move|p1a: Sinistcha|Matcha Gotcha|p2a: Komala\n|-damage|p2a: Komala|112/258\n|-heal|p1a: Sinistcha|132/254|[from] drain|[of] p2a: Komala\n|\n|-weather|SunnyDay|[upkeep]\n|upkeep\n|turn|4\n|inactive|xianyuleilang has 120 seconds left.\n|\n|t:|1781442663\n|switch|p1a: Pecharunt|Pecharunt, L77|262/262\n|move|p2a: Komala|Knock Off|p1a: Pecharunt\n|-supereffective|p1a: Pecharunt\n|-damage|p1a: Pecharunt|150/262\n|-enditem|p1a: Pecharunt|Leftovers|[from] move: Knock Off|[of] p2a: Komala\n|\n|-weather|SunnyDay|[upkeep]\n|upkeep\n|turn|5\n|inactive|xianyuleilang has 120 seconds left.\n|\n|t:|1781442686\n|switch|p2a: Archaludon|Archaludon, L78, M|268/268\n|move|p1a: Pecharunt|Recover|p1a: Pecharunt\n|-heal|p1a: Pecharunt|262/262\n|\n|-weather|none\n|upkeep\n|turn|6\n|inactive|xianyuleilang has 120 seconds left.\n|\n|t:|1781442697\n|move|p1a: Pecharunt|Nasty Plot|p1a: Pecharunt\n|-boost|p1a: Pecharunt|spa|2\n|move|p2a: Archaludon|Draco Meteor|p1a: Pecharunt\n|-damage|p1a: Pecharunt|105/262\n|-unboost|p2a: Archaludon|spa|2\n|\n|upkeep\n|turn|7\n|inactive|xianyuleilang has 120 seconds left.\n|\n|t:|1781442712\n|move|p1a: Pecharunt|Recover|p1a: Pecharunt\n|-heal|p1a: Pecharunt|236/262\n|move|p2a: Archaludon|Thunderbolt|p1a: Pecharunt\n|-damage|p1a: Pecharunt|201/262\n|\n|upkeep\n|turn|8\n|\n|t:|1781442718\n|move|p1a: Pecharunt|Nasty Plot|p1a: Pecharunt\n|-boost|p1a: Pecharunt|spa|2\n|move|p2a: Archaludon|Thunderbolt|p1a: Pecharunt\n|-damage|p1a: Pecharunt|165/262\n|\n|upkeep\n|turn|9\n|inactive|vaderaarde has 120 seconds left.\n|inactive|vaderaarde has 90 seconds left.\n|\n|t:|1781442763\n|move|p1a: Pecharunt|Shadow Ball|p2a: Archaludon\n|-damage|p2a: Archaludon|79/268\n|-unboost|p2a: Archaludon|spd|1\n|-ability|p2a: Archaludon|Stamina|boost\n|-boost|p2a: Archaludon|def|1\n|move|p2a: Archaludon|Thunderbolt|p1a: Pecharunt\n|-damage|p1a: Pecharunt|127/262\n|\n|upkeep\n|turn|10\n|inactive|vaderaarde has 90 seconds left.\n|\n|t:|1781442779\n|switch|p2a: Meloetta|Meloetta, L82|298/298\n|move|p1a: Pecharunt|Recover|p1a: Pecharunt\n|-heal|p1a: Pecharunt|258/262\n|\n|upkeep\n|turn|11\n|inactive|vaderaarde has 90 seconds left.\n|\n|t:|1781442788\n|move|p2a: Meloetta|Knock Off|p1a: Pecharunt\n|-supereffective|p1a: Pecharunt\n|-damage|p1a: Pecharunt|190/262\n|-damage|p2a: Meloetta|269/298|[from] item: Life Orb\n|move|p1a: Pecharunt|Malignant Chain|p2a: Meloetta\n|-damage|p2a: Meloetta|80/298\n|\n|upkeep\n|turn|12\n|l|\u2606vaderaarde\n|inactive|vaderaarde disconnected and has a minute to reconnect!\n|player|p2|\n|inactive|vaderaarde has 30 seconds to reconnect!\n|inactive|vaderaarde has 20 seconds to reconnect!\n|inactive|vaderaarde has 15 seconds to reconnect!\n|inactive|vaderaarde has 10 seconds to reconnect!\n|inactive|vaderaarde has 5 seconds to reconnect!\n|-message|vaderaarde lost due to inactivity.\n|\n|win|xianyuleilang\n|raw|xianyuleilang's rating: 1040 &rarr; <strong>1079</strong><br />(+39 for winning)\n|raw|vaderaarde's rating: 1092 &rarr; <strong>1065</strong><br />(-27 for losing)\n", "uploadtime": 1781442853, "views": 2, "formatid": "gen9randombattle", "rating": 1065, "private": 0, "password": null}