{"id": "gen9randombattle-2631948905", "format": "[Gen 9] Random Battle", "players": ["fatgamerpro", "Jefejenaro"], "log": "|j|\u2606fatgamerpro\n|j|\u2606Jefejenaro\n|t:|1781458900\n|gametype|singles\n|player|p1|fatgamerpro|ruinmaniac|1964\n|player|p2|Jefejenaro|wallace|1953\n|gen|9\n|tier|[Gen 9] Random Battle\n|rated|\n|rule|Species Clause: Limit one of each Pok\u00e9mon\n|rule|HP Percentage Mod: HP is shown in percentages\n|rule|Sleep Clause Mod: Limit one foe put to sleep\n|rule|Illusion Level Mod: Illusion disguises the Pok\u00e9mon's true level\n|\n|t:|1781458900\n|teamsize|p1|6\n|teamsize|p2|6\n|start\n|switch|p1a: Ariados|Ariados, L95, M|287/287\n|switch|p2a: Snorlax|Snorlax, L82, F|397/397\n|turn|1\n|inactive|Battle timer is ON: inactive players will automatically lose when time's up. (requested by fatgamerpro)\n|\n|t:|1781458909\n|move|p1a: Ariados|Sticky Web|p2a: Snorlax\n|-sidestart|p2: Jefejenaro|move: Sticky Web\n|move|p2a: Snorlax|Body Slam|p1a: Ariados\n|-damage|p1a: Ariados|184/287\n|\n|upkeep\n|turn|2\n|\n|t:|1781458917\n|move|p1a: Ariados|Toxic Spikes|p2a: Snorlax\n|-sidestart|p2: Jefejenaro|move: Toxic Spikes\n|move|p2a: Snorlax|Body Slam|p1a: Ariados\n|-damage|p1a: Ariados|93/287\n|-status|p1a: Ariados|par\n|\n|upkeep\n|turn|3\n|\n|t:|1781458932\n|move|p2a: Snorlax|Curse|p2a: Snorlax\n|-unboost|p2a: Snorlax|spe|1\n|-boost|p2a: Snorlax|atk|1\n|-boost|p2a: Snorlax|def|1\n|move|p1a: Ariados|Poison Jab|p2a: Snorlax\n|-damage|p2a: Snorlax|306/397\n|\n|upkeep\n|turn|4\n|\n|t:|1781458941\n|move|p1a: Ariados|Poison Jab|p2a: Snorlax\n|-damage|p2a: Snorlax|219/397\n|-status|p2a: Snorlax|psn\n|move|p2a: Snorlax|Body Slam|p1a: Ariados\n|-damage|p1a: Ariados|0 fnt\n|faint|p1a: Ariados\n|\n|-damage|p2a: Snorlax|170/397 psn|[from] psn\n|upkeep\n|\n|t:|1781458952\n|switch|p1a: Emboar|Emboar, L84, F|322/322\n|turn|5\n|\n|t:|1781458961\n|move|p1a: Emboar|Close Combat|p2a: Snorlax\n|-supereffective|p2a: Snorlax\n|-damage|p2a: Snorlax|0 fnt\n|-unboost|p1a: Emboar|def|1\n|-unboost|p1a: Emboar|spd|1\n|faint|p2a: Snorlax\n|\n|upkeep\n|\n|t:|1781458971\n|switch|p2a: Cinderace|Cinderace, L77, M|250/250\n|turn|6\n|\n|t:|1781458981\n|move|p2a: Cinderace|Court Change|p2a: Cinderace\n|-start|p2a: Cinderace|typechange|Normal|[from] ability: Libero\n|-swapsideconditions\n|-activate|p2a: Cinderace|move: Court Change\n|move|p1a: Emboar|Close Combat|p2a: Cinderace\n|-supereffective|p2a: Cinderace\n|-damage|p2a: Cinderace|0 fnt\n|-unboost|p1a: Emboar|def|1\n|-unboost|p1a: Emboar|spd|1\n|faint|p2a: Cinderace\n|\n|upkeep\n|\n|t:|1781458988\n|switch|p2a: Calyrex|Calyrex-Ice, L72|263/263\n|-ability|p2a: Calyrex|As One\n|-ability|p2a: Calyrex|Unnerve\n|turn|7\n|\n|t:|1781458995\n|move|p1a: Emboar|Flare Blitz|p2a: Calyrex\n|-supereffective|p2a: Calyrex\n|-damage|p2a: Calyrex|0 fnt\n|faint|p2a: Calyrex\n|-damage|p1a: Emboar|235/322|[from] Recoil\n|\n|upkeep\n|\n|t:|1781459002\n|switch|p2a: Rhydon|Rhydon, L85, F|317/317\n|turn|8\n|\n|t:|1781459006\n|-terastallize|p2a: Rhydon|Fairy\n|move|p1a: Emboar|Close Combat|p2a: Rhydon\n|-resisted|p2a: Rhydon\n|-damage|p2a: Rhydon|279/317\n|-unboost|p1a: Emboar|def|1\n|-unboost|p1a: Emboar|spd|1\n|move|p2a: Rhydon|Earthquake|p1a: Emboar\n|-supereffective|p1a: Emboar\n|-damage|p1a: Emboar|0 fnt\n|faint|p1a: Emboar\n|\n|upkeep\n|\n|t:|1781459009\n|switch|p1a: Dugtrio|Dugtrio-Alola, L84, M|196/196\n|-activate|p1a: Dugtrio|move: Sticky Web\n|-unboost|p1a: Dugtrio|spe|1\n|turn|9\n|\n|t:|1781459013\n|switch|p2a: Chesnaught|Chesnaught, L84, F|285/285\n|move|p1a: Dugtrio|Iron Head|p2a: Chesnaught\n|-damage|p2a: Chesnaught|203/285\n|-damage|p1a: Dugtrio|177/196|[from] item: Life Orb\n|\n|-heal|p2a: Chesnaught|220/285|[from] item: Leftovers\n|upkeep\n|turn|10\n|\n|t:|1781459024\n|switch|p1a: Regice|Regice, L88|284/284\n|move|p2a: Chesnaught|Iron Defense|p2a: Chesnaught\n|-boost|p2a: Chesnaught|def|2\n|\n|-heal|p2a: Chesnaught|237/285|[from] item: Leftovers\n|upkeep\n|turn|11\n|\n|t:|1781459030\n|move|p2a: Chesnaught|Body Press|p1a: Regice\n|-supereffective|p1a: Regice\n|-damage|p1a: Regice|0 fnt\n|faint|p1a: Regice\n|\n|-heal|p2a: Chesnaught|254/285|[from] item: Leftovers\n|upkeep\n|\n|t:|1781459033\n|switch|p1a: Gardevoir|Gardevoir, L83, F|249/249\n|-activate|p1a: Gardevoir|move: Sticky Web\n|-unboost|p1a: Gardevoir|spe|1\n|-status|p1a: Gardevoir|psn\n|-ability|p1a: Gardevoir|Bulletproof|Trace|[from] ability: Trace|[of] p2a: Chesnaught\n|turn|12\n|\n|t:|1781459041\n|switch|p2a: Kingambit|Kingambit, L74, M|270/270\n|-activate|p2a: Kingambit|ability: Supreme Overlord\n|-start|p2a: Kingambit|fallen3|[silent]\n|move|p1a: Gardevoir|Moonblast|p2a: Kingambit\n|-damage|p2a: Kingambit|134/270\n|-unboost|p2a: Kingambit|spa|1\n|\n|-heal|p2a: Kingambit|150/270|[from] item: Leftovers\n|-damage|p1a: Gardevoir|218/249 psn|[from] psn\n|upkeep\n|turn|13\n|\n|t:|1781459055\n|switch|p1a: Armarouge|Armarouge, L80, M|267/267\n|-activate|p1a: Armarouge|move: Sticky Web\n|-unboost|p1a: Armarouge|spe|1\n|-status|p1a: Armarouge|psn\n|move|p2a: Kingambit|Kowtow Cleave|p1a: Armarouge\n|-supereffective|p1a: Armarouge\n|-damage|p1a: Armarouge|27/267 psn\n|-ability|p1a: Armarouge|Weak Armor|boost\n|-unboost|p1a: Armarouge|def|1\n|-boost|p1a: Armarouge|spe|2\n|\n|-heal|p2a: Kingambit|166/270|[from] item: Leftovers\n|-damage|p1a: Armarouge|0 fnt|[from] psn\n|faint|p1a: Armarouge\n|upkeep\n|\n|t:|1781459059\n|switch|p1a: Dugtrio|Dugtrio-Alola, L84, M|177/196\n|-activate|p1a: Dugtrio|move: Sticky Web\n|-unboost|p1a: Dugtrio|spe|1\n|turn|14\n|\n|t:|1781459076\n|switch|p1a: Gardevoir|Gardevoir, L83, F|218/249 psn\n|-activate|p1a: Gardevoir|move: Sticky Web\n|-unboost|p1a: Gardevoir|spe|1\n|-ability|p1a: Gardevoir|Supreme Overlord|Trace|[from] ability: Trace|[of] p2a: Kingambit\n|-activate|p1a: Gardevoir|ability: Supreme Overlord\n|-start|p1a: Gardevoir|fallen4|[silent]\n|-end|p2a: Kingambit|fallen3|[silent]\n|switch|p2a: Chesnaught|Chesnaught, L84, F|254/285\n|\n|-heal|p2a: Chesnaught|271/285|[from] item: Leftovers\n|-damage|p1a: Gardevoir|187/249 psn|[from] psn\n|upkeep\n|turn|15\n|\n|t:|1781459093\n|switch|p2a: Kingambit|Kingambit, L74, M|166/270\n|-activate|p2a: Kingambit|ability: Supreme Overlord\n|-start|p2a: Kingambit|fallen3|[silent]\n|move|p1a: Gardevoir|Moonblast|p2a: Kingambit\n|-damage|p2a: Kingambit|0 fnt\n|faint|p2a: Kingambit\n|-end|p2a: Kingambit|fallen3|[silent]\n|\n|-damage|p1a: Gardevoir|156/249 psn|[from] psn\n|upkeep\n|\n|t:|1781459098\n|switch|p2a: Rhydon|Rhydon, L85, F, tera:Fairy|279/317\n|turn|16\n|\n|t:|1781459126\n|-end|p1a: Gardevoir|fallen4|[silent]\n|switch|p1a: Dugtrio|Dugtrio-Alola, L84, M|177/196\n|-activate|p1a: Dugtrio|move: Sticky Web\n|-unboost|p1a: Dugtrio|spe|1\n|move|p2a: Rhydon|Earthquake|p1a: Dugtrio\n|-supereffective|p1a: Dugtrio\n|-damage|p1a: Dugtrio|0 fnt\n|faint|p1a: Dugtrio\n|\n|upkeep\n|\n|t:|1781459128\n|switch|p1a: Gardevoir|Gardevoir, L83, F|156/249 psn\n|-activate|p1a: Gardevoir|move: Sticky Web\n|-unboost|p1a: Gardevoir|spe|1\n|-ability|p1a: Gardevoir|Lightning Rod|Trace|[from] ability: Trace|[of] p2a: Rhydon\n|turn|17\n|\n|t:|1781459140\n|-terastallize|p1a: Gardevoir|Fighting\n|move|p1a: Gardevoir|Moonblast|p2a: Rhydon\n|-damage|p2a: Rhydon|162/317\n|move|p2a: Rhydon|Earthquake|p1a: Gardevoir\n|-damage|p1a: Gardevoir|0 fnt\n|faint|p1a: Gardevoir\n|\n|win|Jefejenaro\n", "uploadtime": 1781458902, "views": 3, "formatid": "gen9randombattle", "rating": null, "private": 0, "password": null}