{"id": "gen9randombattle-2631723888", "format": "[Gen 9] Random Battle", "players": ["PrimalRazz", "rikkehardaa"], "log": "|j|\u2606PrimalRazz\n|j|\u2606rikkehardaa\n|t:|1781428885\n|gametype|singles\n|player|p1|PrimalRazz|scientist|1908\n|player|p2|rikkehardaa|brycen|1926\n|gen|9\n|tier|[Gen 9] Random Battle\n|rated|\n|rule|Species Clause: Limit one of each Pok\u00e9mon\n|rule|HP Percentage Mod: HP is shown in percentages\n|rule|Sleep Clause Mod: Limit one foe put to sleep\n|rule|Illusion Level Mod: Illusion disguises the Pok\u00e9mon's true level\n|\n|t:|1781428885\n|teamsize|p1|6\n|teamsize|p2|6\n|start\n|switch|p1a: Moltres|Moltres-Galar, L79|271/271\n|switch|p2a: Magcargo|Magcargo, L95, F|268/268\n|turn|1\n|inactive|Battle timer is ON: inactive players will automatically lose when time's up. (requested by PrimalRazz)\n|\n|t:|1781428895\n|switch|p1a: Bruxish|Bruxish, L85, M|254/254\n|move|p2a: Magcargo|Stealth Rock|p1a: Bruxish\n|-sidestart|p1: PrimalRazz|move: Stealth Rock\n|\n|upkeep\n|turn|2\n|\n|t:|1781428923\n|-terastallize|p2a: Magcargo|Grass\n|move|p1a: Bruxish|Flip Turn|p2a: Magcargo\n|-resisted|p2a: Magcargo\n|-damage|p2a: Magcargo|233/268\n|-status|p1a: Bruxish|brn|[from] ability: Flame Body|[of] p2a: Magcargo\n|inactive|PrimalRazz has 120 seconds left.\n|\n|t:|1781428957\n|switch|p1a: Regice|Regice, L88|284/284|[from] Flip Turn\n|move|p2a: Magcargo|Lava Plume|p1a: Regice\n|-supereffective|p1a: Regice\n|-damage|p1a: Regice|188/284\n|-status|p1a: Regice|brn\n|\n|-damage|p1a: Regice|171/284 brn|[from] brn\n|upkeep\n|turn|3\n|\n|t:|1781428975\n|switch|p2a: Perrserker|Perrserker, L89, M|269/269\n|move|p1a: Regice|Ice Beam|p2a: Perrserker\n|-resisted|p2a: Perrserker\n|-damage|p2a: Perrserker|203/269\n|\n|-damage|p1a: Regice|154/284 brn|[from] brn\n|upkeep\n|turn|4\n|\n|t:|1781428982\n|switch|p1a: Bruxish|Bruxish, L85, M|254/254 brn\n|-damage|p1a: Bruxish|223/254 brn|[from] Stealth Rock\n|move|p2a: Perrserker|U-turn|p1a: Bruxish\n|-supereffective|p1a: Bruxish\n|-damage|p1a: Bruxish|0 fnt\n|faint|p1a: Bruxish\n|inactive|rikkehardaa has 120 seconds left.\n|\n|t:|1781429000\n|switch|p2a: Ursaluna|Ursaluna, L79, M|335/335|[from] U-turn\n|\n|-status|p2a: Ursaluna|brn|[from] item: Flame Orb\n|upkeep\n|\n|t:|1781429006\n|switch|p1a: Regice|Regice, L88|154/284 brn\n|turn|5\n|\n|t:|1781429012\n|switch|p2a: Perrserker|Perrserker, L89, M|203/269\n|move|p1a: Regice|Ice Beam|p2a: Perrserker\n|-resisted|p2a: Perrserker\n|-damage|p2a: Perrserker|142/269\n|\n|-damage|p1a: Regice|137/284 brn|[from] brn\n|upkeep\n|turn|6\n|\n|t:|1781429018\n|move|p2a: Perrserker|Iron Head|p1a: Regice\n|-supereffective|p1a: Regice\n|-crit|p1a: Regice\n|-damage|p1a: Regice|0 fnt\n|faint|p1a: Regice\n|\n|upkeep\n|\n|t:|1781429031\n|switch|p1a: Flygon|Flygon, L82, F|265/265\n|-damage|p1a: Flygon|249/265|[from] Stealth Rock\n|turn|7\n|\n|t:|1781429039\n|move|p1a: Flygon|Dragon Dance|p1a: Flygon\n|-boost|p1a: Flygon|atk|1\n|-boost|p1a: Flygon|spe|1\n|move|p2a: Perrserker|Iron Head|p1a: Flygon\n|-damage|p1a: Flygon|35/265\n|\n|upkeep\n|turn|8\n|\n|t:|1781429062\n|move|p1a: Flygon|Earthquake|p2a: Perrserker\n|-supereffective|p2a: Perrserker\n|-damage|p2a: Perrserker|0 fnt\n|faint|p2a: Perrserker\n|\n|upkeep\n|\n|t:|1781429066\n|switch|p2a: Ursaluna|Ursaluna, L79, M|335/335 brn\n|turn|9\n|\n|t:|1781429071\n|move|p1a: Flygon|Outrage|p2a: Ursaluna\n|-damage|p2a: Ursaluna|163/335 brn\n|move|p2a: Ursaluna|Trailblaze|p1a: Flygon\n|-damage|p1a: Flygon|0 fnt\n|-boost|p2a: Ursaluna|spe|1\n|faint|p1a: Flygon\n|\n|-damage|p2a: Ursaluna|143/335 brn|[from] brn\n|upkeep\n|inactive|PrimalRazz has 120 seconds left.\n|\n|t:|1781429103\n|switch|p1a: Minun|Minun, L95, F|268/268\n|-damage|p1a: Minun|235/268|[from] Stealth Rock\n|turn|10\n|\n|t:|1781429110\n|switch|p2a: Magcargo|Magcargo, L95, F, tera:Grass|233/268\n|move|p1a: Minun|Grass Knot|p2a: Magcargo\n|-resisted|p2a: Magcargo\n|-damage|p2a: Magcargo|199/268\n|-damage|p1a: Minun|209/268|[from] item: Life Orb\n|\n|upkeep\n|turn|11\n|\n|t:|1781429119\n|move|p1a: Minun|Nasty Plot|p1a: Minun\n|-boost|p1a: Minun|spa|2\n|move|p2a: Magcargo|Power Gem|p1a: Minun\n|-damage|p1a: Minun|109/268\n|\n|upkeep\n|turn|12\n|\n|t:|1781429129\n|move|p1a: Minun|Alluring Voice|p2a: Magcargo\n|-damage|p2a: Magcargo|64/268\n|-damage|p1a: Minun|83/268|[from] item: Life Orb\n|move|p2a: Magcargo|Power Gem|p1a: Minun\n|-damage|p1a: Minun|0 fnt\n|faint|p1a: Minun\n|\n|upkeep\n|\n|t:|1781429142\n|switch|p1a: Dragapult|Dragapult, L77, F|262/262\n|-damage|p1a: Dragapult|230/262|[from] Stealth Rock\n|turn|13\n|\n|t:|1781429150\n|move|p1a: Dragapult|Dragon Dance|p1a: Dragapult\n|-boost|p1a: Dragapult|atk|1\n|-boost|p1a: Dragapult|spe|1\n|move|p2a: Magcargo|Lava Plume|p1a: Dragapult\n|-resisted|p1a: Dragapult\n|-damage|p1a: Dragapult|169/262\n|\n|upkeep\n|turn|14\n|\n|t:|1781429167\n|move|p1a: Dragapult|Dragon Darts|p2a: Magcargo\n|-damage|p2a: Magcargo|0 fnt\n|faint|p2a: Magcargo\n|-damage|p1a: Dragapult|143/262|[from] item: Life Orb\n|\n|upkeep\n|inactive|rikkehardaa has 120 seconds left.\n|\n|t:|1781429196\n|switch|p2a: Ursaluna|Ursaluna, L79, M|143/335 brn\n|turn|15\n|\n|t:|1781429200\n|move|p1a: Dragapult|Dragon Darts|p2a: Ursaluna\n|-damage|p2a: Ursaluna|48/335 brn\n|-anim|p1a: Dragapult|Dragon Darts|p2a: Ursaluna\n|-damage|p2a: Ursaluna|0 fnt\n|faint|p2a: Ursaluna\n|-damage|p1a: Dragapult|117/262|[from] item: Life Orb\n|\n|upkeep\n|\n|t:|1781429210\n|switch|p2a: Scyther|Scyther, L82, M|249/249\n|turn|16\n|\n|t:|1781429220\n|move|p1a: Dragapult|Dragon Darts|p2a: Scyther\n|-damage|p2a: Scyther|135/249\n|-anim|p1a: Dragapult|Dragon Darts|p2a: Scyther\n|-damage|p2a: Scyther|32/249\n|-damage|p1a: Dragapult|91/262|[from] item: Life Orb\n|move|p2a: Scyther|Dual Wingbeat|p1a: Dragapult\n|-damage|p1a: Dragapult|6/262\n|-damage|p1a: Dragapult|0 fnt\n|faint|p1a: Dragapult\n|-hitcount|p1: Dragapult|2\n|\n|upkeep\n|\n|t:|1781429228\n|switch|p1a: Moltres|Moltres-Galar, L79|271/271\n|-damage|p1a: Moltres|204/271|[from] Stealth Rock\n|turn|17\n|\n|t:|1781429245\n|move|p2a: Scyther|Dual Wingbeat|p1a: Moltres\n|-damage|p1a: Moltres|132/271\n|-damage|p1a: Moltres|63/271\n|-hitcount|p1a: Moltres|2\n|-ability|p1a: Moltres|Berserk|boost\n|-boost|p1a: Moltres|spa|1\n|move|p1a: Moltres|Agility|p1a: Moltres\n|-boost|p1a: Moltres|spe|2\n|\n|upkeep\n|turn|18\n|\n|t:|1781429255\n|move|p1a: Moltres|Fiery Wrath|p2a: Scyther\n|-damage|p2a: Scyther|0 fnt\n|faint|p2a: Scyther\n|\n|upkeep\n|\n|t:|1781429258\n|switch|p2a: Goodra|Goodra, L85, F|292/292\n|turn|19\n|\n|t:|1781429263\n|-terastallize|p1a: Moltres|Dark\n|move|p1a: Moltres|Fiery Wrath|p2a: Goodra\n|-crit|p2a: Goodra\n|-damage|p2a: Goodra|188/292\n|move|p2a: Goodra|Draco Meteor|p1a: Moltres\n|-damage|p1a: Moltres|0 fnt\n|-unboost|p2a: Goodra|spa|2\n|faint|p1a: Moltres\n|\n|win|rikkehardaa\n", "uploadtime": 1781428887, "views": 3, "formatid": "gen9randombattle", "rating": null, "private": 0, "password": null}