{"id": "gen9randombattle-2631762850", "format": "[Gen 9] Random Battle", "players": ["vBasket", "Barniekiller42064"], "log": "|j|\u2606vBasket\n|j|\u2606Barniekiller42064\n|t:|1781435726\n|gametype|singles\n|player|p1|vBasket|pokemaniac|1964\n|player|p2|Barniekiller42064|crasherwake|1994\n|gen|9\n|tier|[Gen 9] Random Battle\n|rated|\n|rule|Species Clause: Limit one of each Pok\u00e9mon\n|rule|HP Percentage Mod: HP is shown in percentages\n|rule|Sleep Clause Mod: Limit one foe put to sleep\n|rule|Illusion Level Mod: Illusion disguises the Pok\u00e9mon's true level\n|\n|t:|1781435726\n|teamsize|p1|6\n|teamsize|p2|6\n|start\n|switch|p1a: Toxtricity|Toxtricity, L82, M|257/257\n|switch|p2a: Oricorio|Oricorio-Pom-Pom, L82, M|257/257\n|turn|1\n|inactive|Battle timer is ON: inactive players will automatically lose when time's up. (requested by Barniekiller42064)\n|inactive|vBasket also wants the timer to be on.\n|\n|t:|1781435743\n|-terastallize|p2a: Oricorio|Ground\n|move|p2a: Oricorio|Revelation Dance|p1a: Toxtricity\n|-supereffective|p1a: Toxtricity\n|-damage|p1a: Toxtricity|0 fnt\n|faint|p1a: Toxtricity\n|\n|upkeep\n|\n|t:|1781435749\n|switch|p1a: Clawitzer|Clawitzer, L87, M|265/265\n|turn|2\n|\n|t:|1781435755\n|switch|p2a: Golduck|Golduck, L90, F|290/290\n|-ability|p2a: Golduck|Cloud Nine\n|move|p1a: Clawitzer|U-turn|p2a: Golduck\n|-damage|p2a: Golduck|244/290\n|\n|t:|1781435757\n|switch|p1a: Abomasnow|Abomasnow, L84, M|287/287|[from] U-turn\n|-weather|Snowscape|[from] ability: Snow Warning|[of] p1a: Abomasnow\n|\n|-weather|Snowscape|[upkeep]\n|upkeep\n|turn|3\n|\n|t:|1781435764\n|move|p2a: Golduck|Ice Beam|p1a: Abomasnow\n|-damage|p1a: Abomasnow|183/287\n|move|p1a: Abomasnow|Wood Hammer|p2a: Golduck\n|-supereffective|p2a: Golduck\n|-damage|p2a: Golduck|0 fnt\n|faint|p2a: Golduck\n|-damage|p1a: Abomasnow|102/287|[from] Recoil\n|\n|-weather|Snowscape|[upkeep]\n|upkeep\n|\n|t:|1781435770\n|switch|p2a: Medicham|Medicham, L86, M|243/243\n|turn|4\n|\n|t:|1781435775\n|move|p1a: Abomasnow|Ice Shard|p2a: Medicham\n|-damage|p2a: Medicham|195/243\n|move|p2a: Medicham|Close Combat|p1a: Abomasnow\n|-supereffective|p1a: Abomasnow\n|-damage|p1a: Abomasnow|0 fnt\n|-unboost|p2a: Medicham|def|1\n|-unboost|p2a: Medicham|spd|1\n|faint|p1a: Abomasnow\n|\n|-weather|Snowscape|[upkeep]\n|upkeep\n|\n|t:|1781435781\n|switch|p1a: Miraidon|Miraidon, L65|238/238\n|-fieldstart|move: Electric Terrain|[from] ability: Hadron Engine|[of] p1a: Miraidon\n|turn|5\n|\n|t:|1781435789\n|switch|p2a: Mimikyu|Mimikyu, L79, M|216/216\n|move|p1a: Miraidon|Draco Meteor|p2a: Mimikyu\n|-immune|p2a: Mimikyu\n|\n|-weather|Snowscape|[upkeep]\n|upkeep\n|turn|6\n|\n|t:|1781435794\n|switch|p1a: Clawitzer|Clawitzer, L87, M|265/265\n|move|p2a: Mimikyu|Swords Dance|p2a: Mimikyu\n|-boost|p2a: Mimikyu|atk|2\n|\n|-weather|none\n|upkeep\n|turn|7\n|\n|t:|1781435797\n|move|p2a: Mimikyu|Swords Dance|p2a: Mimikyu\n|-boost|p2a: Mimikyu|atk|2\n|move|p1a: Clawitzer|Water Pulse|p2a: Mimikyu\n|-activate|p2a: Mimikyu|ability: Disguise\n|-damage|p2a: Mimikyu|216/216\n|detailschange|p2a: Mimikyu|Mimikyu-Busted, L79, M\n|-damage|p2a: Mimikyu|189/216|[from] pokemon: Mimikyu-Busted\n|\n|upkeep\n|turn|8\n|\n|t:|1781435800\n|move|p2a: Mimikyu|Play Rough|p1a: Clawitzer\n|-damage|p1a: Clawitzer|0 fnt\n|faint|p1a: Clawitzer\n|-damage|p2a: Mimikyu|168/216|[from] item: Life Orb\n|\n|upkeep\n|\n|t:|1781435828\n|switch|p1a: Miraidon|Miraidon, L65|238/238\n|-activate|p1a: Miraidon|ability: Hadron Engine\n|turn|9\n|\n|t:|1781435835\n|move|p2a: Mimikyu|Shadow Sneak|p1a: Miraidon\n|-damage|p1a: Miraidon|66/238\n|-damage|p2a: Mimikyu|147/216|[from] item: Life Orb\n|move|p1a: Miraidon|Overheat|p2a: Mimikyu\n|-damage|p2a: Mimikyu|9/216\n|-unboost|p1a: Miraidon|spa|2\n|\n|-fieldend|move: Electric Terrain\n|upkeep\n|turn|10\n|\n|t:|1781435842\n|move|p1a: Miraidon|Overheat|p2a: Mimikyu|[miss]\n|-miss|p1a: Miraidon|p2a: Mimikyu\n|move|p2a: Mimikyu|Shadow Claw|p1a: Miraidon\n|-damage|p1a: Miraidon|0 fnt\n|faint|p1a: Miraidon\n|-damage|p2a: Mimikyu|0 fnt|[from] item: Life Orb\n|faint|p2a: Mimikyu\n|\n|upkeep\n|\n|t:|1781435848\n|switch|p1a: Diancie|Diancie, L82|216/216\n|switch|p2a: Medicham|Medicham, L86, M|195/243\n|turn|11\n|\n|t:|1781435852\n|move|p2a: Medicham|Trick|p1a: Diancie\n|-activate|p2a: Medicham|move: Trick|[of] p1a: Diancie\n|-item|p1a: Diancie|Choice Scarf|[from] move: Trick\n|-item|p2a: Medicham|Leftovers|[from] move: Trick\n|move|p1a: Diancie|Rock Polish|p1a: Diancie\n|-boost|p1a: Diancie|spe|2\n|\n|-heal|p2a: Medicham|210/243|[from] item: Leftovers\n|upkeep\n|turn|12\n|-message|vBasket forfeited.\n|\n|win|Barniekiller42064\n", "uploadtime": 1781435728, "views": 8, "formatid": "gen9randombattle", "rating": null, "private": 0, "password": null}