{"id": "gen9randombattle-2631462890", "format": "[Gen 9] Random Battle", "players": ["AlakazamHer", "mistic_nobelking"], "log": "|j|\u2606AlakazamHer\n|j|\u2606mistic_nobelking\n|t:|1781387739\n|gametype|singles\n|player|p1|AlakazamHer|169|2034\n|player|p2|mistic_nobelking|1|1958\n|gen|9\n|tier|[Gen 9] Random Battle\n|rated|\n|rule|Species Clause: Limit one of each Pok\u00e9mon\n|rule|HP Percentage Mod: HP is shown in percentages\n|rule|Sleep Clause Mod: Limit one foe put to sleep\n|rule|Illusion Level Mod: Illusion disguises the Pok\u00e9mon's true level\n|\n|t:|1781387739\n|teamsize|p1|6\n|teamsize|p2|6\n|start\n|switch|p1a: Bombirdier|Bombirdier, L85, M|258/258\n|switch|p2a: Arceus|Arceus-Ghost, L69|280/280\n|turn|1\n|\n|t:|1781387745\n|move|p2a: Arceus|Will-O-Wisp|p1a: Bombirdier\n|-status|p1a: Bombirdier|brn\n|move|p1a: Bombirdier|Knock Off|p2a: Arceus\n|-supereffective|p2a: Arceus\n|-damage|p2a: Arceus|174/280\n|\n|-damage|p1a: Bombirdier|242/258 brn|[from] brn\n|upkeep\n|turn|2\n|inactive|Battle timer is ON: inactive players will automatically lose when time's up. (requested by mistic_nobelking)\n|\n|t:|1781387756\n|switch|p2a: Sandslash|Sandslash-Alola, L88, F|275/275\n|move|p1a: Bombirdier|Knock Off|p2a: Sandslash\n|-damage|p2a: Sandslash|215/275\n|-enditem|p2a: Sandslash|Assault Vest|[from] move: Knock Off|[of] p1a: Bombirdier\n|\n|-damage|p1a: Bombirdier|226/258 brn|[from] brn\n|upkeep\n|turn|3\n|\n|t:|1781387764\n|switch|p1a: Zacian|Zacian-Crowned, L64|225/225\n|-ability|p1a: Zacian|Intrepid Sword|boost\n|-boost|p1a: Zacian|atk|1\n|move|p2a: Sandslash|Rapid Spin|p1a: Zacian\n|-resisted|p1a: Zacian\n|-crit|p1a: Zacian\n|-damage|p1a: Zacian|194/225\n|-boost|p2a: Sandslash|spe|1\n|\n|upkeep\n|turn|4\n|\n|t:|1781387775\n|switch|p2a: Chandelure|Chandelure, L83, M|235/235\n|move|p1a: Zacian|Behemoth Blade|p2a: Chandelure\n|-resisted|p2a: Chandelure\n|-damage|p2a: Chandelure|169/235\n|\n|upkeep\n|turn|5\n|\n|t:|1781387784\n|switch|p1a: Dudunsparce|Dudunsparce-Three-Segment, L83, M|343/343\n|move|p2a: Chandelure|Fire Blast|p1a: Dudunsparce\n|-damage|p1a: Dudunsparce|157/343\n|\n|-heal|p1a: Dudunsparce|178/343|[from] item: Leftovers\n|upkeep\n|turn|6\n|\n|t:|1781387788\n|move|p2a: Chandelure|Fire Blast|p1a: Dudunsparce\n|-damage|p1a: Dudunsparce|3/343\n|move|p1a: Dudunsparce|Roost|p1a: Dudunsparce\n|-heal|p1a: Dudunsparce|175/343\n|-singleturn|p1a: Dudunsparce|move: Roost\n|\n|-heal|p1a: Dudunsparce|196/343|[from] item: Leftovers\n|upkeep\n|turn|7\n|\n|t:|1781387793\n|move|p2a: Chandelure|Calm Mind|p2a: Chandelure\n|-boost|p2a: Chandelure|spa|1\n|-boost|p2a: Chandelure|spd|1\n|move|p1a: Dudunsparce|Shadow Ball|p2a: Chandelure\n|-supereffective|p2a: Chandelure\n|-damage|p2a: Chandelure|105/235\n|\n|-heal|p1a: Dudunsparce|217/343|[from] item: Leftovers\n|upkeep\n|turn|8\n|\n|t:|1781387796\n|move|p2a: Chandelure|Fire Blast|p1a: Dudunsparce\n|-damage|p1a: Dudunsparce|0 fnt\n|faint|p1a: Dudunsparce\n|\n|upkeep\n|\n|t:|1781387801\n|switch|p1a: Zangoose|Zangoose, L85, F|263/263\n|turn|9\n|\n|t:|1781387808\n|-terastallize|p2a: Chandelure|Fire\n|move|p1a: Zangoose|Knock Off|p2a: Chandelure\n|-crit|p2a: Chandelure\n|-damage|p2a: Chandelure|0 fnt\n|-status|p1a: Zangoose|brn|[from] ability: Flame Body|[of] p2a: Chandelure\n|-enditem|p2a: Chandelure|Heavy-Duty Boots|[from] move: Knock Off|[of] p1a: Zangoose\n|faint|p2a: Chandelure\n|\n|-damage|p1a: Zangoose|247/263 brn|[from] brn\n|upkeep\n|\n|t:|1781387813\n|switch|p2a: Sneasler|Sneasler, L74, M|240/240\n|turn|10\n|\n|t:|1781387819\n|move|p2a: Sneasler|Close Combat|p1a: Zangoose\n|-supereffective|p1a: Zangoose\n|-damage|p1a: Zangoose|0 fnt\n|-unboost|p2a: Sneasler|def|1\n|-unboost|p2a: Sneasler|spd|1\n|faint|p1a: Zangoose\n|-enditem|p2a: Sneasler|White Herb\n|-clearnegativeboost|p2a: Sneasler|[silent]\n|\n|upkeep\n|\n|t:|1781387820\n|switch|p1a: Yanmega|Yanmega, L82, M|275/275\n|turn|11\n|\n|t:|1781387826\n|move|p2a: Sneasler|Acrobatics|p1a: Yanmega\n|-supereffective|p1a: Yanmega\n|-damage|p1a: Yanmega|107/275\n|move|p1a: Yanmega|Air Slash|p2a: Sneasler\n|-supereffective|p2a: Sneasler\n|-damage|p2a: Sneasler|0 fnt\n|faint|p2a: Sneasler\n|\n|upkeep\n|\n|t:|1781387834\n|switch|p2a: Arceus|Arceus-Ghost, L69|174/280\n|turn|12\n|\n|t:|1781387837\n|move|p2a: Arceus|Judgment|p1a: Yanmega\n|-damage|p1a: Yanmega|0 fnt\n|faint|p1a: Yanmega\n|\n|upkeep\n|\n|t:|1781387845\n|switch|p1a: Roaring Moon|Roaring Moon, L72|270/270\n|-enditem|p1a: Roaring Moon|Booster Energy\n|-activate|p1a: Roaring Moon|ability: Protosynthesis|[fromitem]\n|-start|p1a: Roaring Moon|protosynthesisatk\n|turn|13\n|\n|t:|1781387849\n|switch|p2a: Clefable|Clefable, L83, F|293/293\n|move|p1a: Roaring Moon|Knock Off|p2a: Clefable\n|-resisted|p2a: Clefable\n|-damage|p2a: Clefable|217/293\n|-enditem|p2a: Clefable|Leftovers|[from] move: Knock Off|[of] p1a: Roaring Moon\n|\n|upkeep\n|turn|14\n|\n|t:|1781387868\n|-terastallize|p1a: Roaring Moon|Flying\n|move|p1a: Roaring Moon|Acrobatics|p2a: Clefable\n|-damage|p2a: Clefable|40/293\n|move|p2a: Clefable|Fire Blast|p1a: Roaring Moon\n|-damage|p1a: Roaring Moon|190/270\n|\n|upkeep\n|turn|15\n|\n|t:|1781387874\n|move|p1a: Roaring Moon|Acrobatics|p2a: Clefable\n|-damage|p2a: Clefable|0 fnt\n|faint|p2a: Clefable\n|\n|upkeep\n|\n|t:|1781387876\n|switch|p2a: Sandslash|Sandslash-Alola, L88, F|215/275\n|turn|16\n|\n|t:|1781387882\n|move|p1a: Roaring Moon|Knock Off|p2a: Sandslash\n|-damage|p2a: Sandslash|149/275\n|move|p2a: Sandslash|Triple Axel|p1a: Roaring Moon\n|-supereffective|p1a: Roaring Moon\n|-damage|p1a: Roaring Moon|124/270\n|-supereffective|p1a: Roaring Moon\n|-damage|p1a: Roaring Moon|0 fnt\n|faint|p1a: Roaring Moon\n|-end|p1a: Roaring Moon|Protosynthesis|[silent]\n|-hitcount|p1: Roaring Moon|2\n|\n|upkeep\n|\n|t:|1781387885\n|switch|p1a: Zacian|Zacian-Crowned, L64|194/225\n|turn|17\n|\n|t:|1781387890\n|switch|p2a: Luvdisc|Luvdisc, M|247/247\n|move|p1a: Zacian|Swords Dance|p1a: Zacian\n|-boost|p1a: Zacian|atk|2\n|\n|upkeep\n|turn|18\n|\n|t:|1781387900\n|move|p2a: Luvdisc|Substitute|p2a: Luvdisc\n|-start|p2a: Luvdisc|Substitute\n|-damage|p2a: Luvdisc|186/247\n|move|p1a: Zacian|Play Rough|p2a: Luvdisc\n|-end|p2a: Luvdisc|Substitute\n|\n|upkeep\n|turn|19\n|\n|t:|1781387910\n|move|p2a: Luvdisc|Surf|p1a: Zacian\n|-damage|p1a: Zacian|122/225\n|move|p1a: Zacian|Play Rough|p2a: Luvdisc\n|-damage|p2a: Luvdisc|0 fnt\n|faint|p2a: Luvdisc\n|\n|upkeep\n|\n|t:|1781387914\n|switch|p2a: Arceus|Arceus-Ghost, L69|174/280\n|turn|20\n|\n|t:|1781387918\n|move|p1a: Zacian|Swords Dance|p1a: Zacian\n|-boost|p1a: Zacian|atk|2\n|move|p2a: Arceus|Judgment|p1a: Zacian\n|-damage|p1a: Zacian|16/225\n|\n|upkeep\n|turn|21\n|\n|t:|1781387921\n|move|p1a: Zacian|Behemoth Blade|p2a: Arceus\n|-damage|p2a: Arceus|0 fnt\n|faint|p2a: Arceus\n|\n|upkeep\n|\n|t:|1781387922\n|switch|p2a: Sandslash|Sandslash-Alola, L88, F|149/275\n|turn|22\n|\n|t:|1781387924\n|move|p1a: Zacian|Close Combat|p2a: Sandslash\n|-supereffective|p2a: Sandslash\n|-damage|p2a: Sandslash|0 fnt\n|-unboost|p1a: Zacian|def|1\n|-unboost|p1a: Zacian|spd|1\n|faint|p2a: Sandslash\n|\n|win|AlakazamHer\n", "uploadtime": 1781387741, "views": 5, "formatid": "gen9randombattle", "rating": null, "private": 0, "password": null}