{"id": "gen9randombattle-2631594587", "format": "[Gen 9] Random Battle", "players": ["catlib", "kleneo"], "log": "|j|\u2606catlib\n|j|\u2606kleneo\n|t:|1781406101\n|gametype|singles\n|player|p1|catlib|birdkeeper|1926\n|player|p2|kleneo|swimmerf-gen4dp|1941\n|gen|9\n|tier|[Gen 9] Random Battle\n|rated|\n|rule|Species Clause: Limit one of each Pok\u00e9mon\n|rule|HP Percentage Mod: HP is shown in percentages\n|rule|Sleep Clause Mod: Limit one foe put to sleep\n|rule|Illusion Level Mod: Illusion disguises the Pok\u00e9mon's true level\n|\n|t:|1781406101\n|teamsize|p1|6\n|teamsize|p2|6\n|start\n|switch|p1a: Muk|Muk-Alola, L82, M|306/306\n|switch|p2a: Slowbro|Slowbro, L85, F|300/300\n|turn|1\n|inactive|Battle timer is ON: inactive players will automatically lose when time's up. (requested by kleneo)\n|\n|t:|1781406144\n|move|p1a: Muk|Knock Off|p2a: Slowbro\n|-supereffective|p2a: Slowbro\n|-damage|p2a: Slowbro|118/300\n|-enditem|p2a: Slowbro|Assault Vest|[from] move: Knock Off|[of] p1a: Muk\n|move|p2a: Slowbro|Scald|p1a: Muk\n|-damage|p1a: Muk|248/306\n|\n|upkeep\n|turn|2\n|\n|t:|1781406155\n|switch|p2a: Dialga|Dialga, L73|266/266\n|-ability|p2a: Dialga|Pressure\n|move|p1a: Muk|Knock Off|p2a: Dialga\n|-damage|p2a: Dialga|175/266\n|-enditem|p2a: Dialga|Assault Vest|[from] move: Knock Off|[of] p1a: Muk\n|\n|upkeep\n|turn|3\n|\n|t:|1781406164\n|move|p2a: Dialga|Heavy Slam|p1a: Muk\n|-damage|p1a: Muk|107/306\n|move|p1a: Muk|Drain Punch|p2a: Dialga\n|-supereffective|p2a: Dialga\n|-crit|p2a: Dialga\n|-damage|p2a: Dialga|33/266\n|-heal|p1a: Muk|178/306|[from] drain|[of] p2a: Dialga\n|\n|upkeep\n|turn|4\n|\n|t:|1781406178\n|switch|p1a: Regieleki|Regieleki, L79|256/256\n|move|p2a: Dialga|Heavy Slam|p1a: Regieleki\n|-resisted|p1a: Regieleki\n|-damage|p1a: Regieleki|178/256\n|\n|upkeep\n|turn|5\n|\n|t:|1781406185\n|move|p1a: Regieleki|Volt Switch|p2a: Dialga\n|-resisted|p2a: Dialga\n|-damage|p2a: Dialga|0 fnt\n|faint|p2a: Dialga\n|\n|t:|1781406191\n|switch|p1a: Mamoswine|Mamoswine, L81, F|311/311|[from] Volt Switch\n|\n|upkeep\n|\n|t:|1781406198\n|switch|p2a: Pawmot|Pawmot, L80, F|243/243\n|turn|6\n|\n|t:|1781406227\n|switch|p1a: Venomoth|Venomoth, L84, M|255/255\n|move|p2a: Pawmot|Close Combat|p1a: Venomoth\n|-resisted|p1a: Venomoth\n|-damage|p1a: Venomoth|195/255\n|-unboost|p2a: Pawmot|def|1\n|-unboost|p2a: Pawmot|spd|1\n|-damage|p2a: Pawmot|219/243|[from] item: Life Orb\n|\n|upkeep\n|turn|7\n|\n|t:|1781406238\n|move|p2a: Pawmot|Double Shock|p1a: Venomoth\n|-damage|p1a: Venomoth|0 fnt\n|-start|p2a: Pawmot|typechange|???/Fighting|[from] move: Double Shock\n|faint|p1a: Venomoth\n|-damage|p2a: Pawmot|195/243|[from] item: Life Orb\n|\n|upkeep\n|\n|t:|1781406247\n|switch|p1a: Terrakion|Terrakion, L79|273/273\n|turn|8\n|\n|t:|1781406256\n|switch|p2a: Spiritomb|Spiritomb, L89, F|234/234\n|move|p1a: Terrakion|Close Combat|p2a: Spiritomb\n|-immune|p2a: Spiritomb\n|\n|upkeep\n|turn|9\n|\n|t:|1781406272\n|switch|p1a: Muk|Muk-Alola, L82, M|178/306\n|move|p2a: Spiritomb|Poltergeist|p1a: Muk\n|-activate|p1a: Muk|move: Poltergeist|Assault Vest\n|-resisted|p1a: Muk\n|-damage|p1a: Muk|104/306\n|\n|upkeep\n|turn|10\n|\n|t:|1781406283\n|move|p1a: Muk|Knock Off|p2a: Spiritomb\n|-damage|p2a: Spiritomb|150/234\n|-enditem|p2a: Spiritomb|Leftovers|[from] move: Knock Off|[of] p1a: Muk\n|move|p2a: Spiritomb|Poltergeist|p1a: Muk\n|-activate|p1a: Muk|move: Poltergeist|Assault Vest\n|-resisted|p1a: Muk\n|-damage|p1a: Muk|28/306\n|\n|upkeep\n|turn|11\n|\n|t:|1781406288\n|move|p1a: Muk|Knock Off|p2a: Spiritomb\n|-damage|p2a: Spiritomb|99/234\n|move|p2a: Spiritomb|Foul Play|p1a: Muk\n|-resisted|p1a: Muk\n|-crit|p1a: Muk\n|-damage|p1a: Muk|0 fnt\n|faint|p1a: Muk\n|\n|upkeep\n|\n|t:|1781406293\n|switch|p1a: Regieleki|Regieleki, L79|178/256\n|turn|12\n|\n|t:|1781406299\n|move|p2a: Spiritomb|Shadow Sneak|p1a: Regieleki\n|-damage|p1a: Regieleki|111/256\n|move|p1a: Regieleki|Thunderbolt|p2a: Spiritomb\n|-damage|p2a: Spiritomb|0 fnt\n|faint|p2a: Spiritomb\n|\n|upkeep\n|\n|t:|1781406308\n|switch|p2a: Clefable|Clefable, L83, F|293/293\n|turn|13\n|\n|t:|1781406334\n|move|p1a: Regieleki|Volt Switch|p2a: Clefable\n|-damage|p2a: Clefable|190/293\n|inactive|catlib has 120 seconds left.\n|\n|t:|1781406344\n|switch|p1a: Mamoswine|Mamoswine, L81, F|311/311|[from] Volt Switch\n|move|p2a: Clefable|Moonblast|p1a: Mamoswine\n|-damage|p1a: Mamoswine|185/311\n|\n|-heal|p2a: Clefable|208/293|[from] item: Leftovers\n|upkeep\n|turn|14\n|\n|t:|1781406355\n|switch|p2a: Slowbro|Slowbro, L85, F|218/300\n|move|p1a: Mamoswine|Earthquake|p2a: Slowbro\n|-damage|p2a: Slowbro|89/300\n|-damage|p1a: Mamoswine|154/311|[from] item: Life Orb\n|\n|upkeep\n|turn|15\n|\n|t:|1781406361\n|move|p1a: Mamoswine|Earthquake|p2a: Slowbro\n|-damage|p2a: Slowbro|0 fnt\n|faint|p2a: Slowbro\n|-damage|p1a: Mamoswine|123/311|[from] item: Life Orb\n|\n|upkeep\n|\n|t:|1781406369\n|switch|p2a: Chi-Yu|Chi-Yu, L77|211/211\n|-ability|p2a: Chi-Yu|Beads of Ruin\n|turn|16\n|\n|t:|1781406380\n|switch|p1a: Terrakion|Terrakion, L79|273/273\n|move|p2a: Chi-Yu|Dark Pulse|p1a: Terrakion\n|-resisted|p1a: Terrakion\n|-damage|p1a: Terrakion|214/273\n|-ability|p1a: Terrakion|Justified|boost\n|-boost|p1a: Terrakion|atk|1\n|\n|upkeep\n|turn|17\n|\n|t:|1781406388\n|move|p1a: Terrakion|Earthquake|p2a: Chi-Yu\n|-supereffective|p2a: Chi-Yu\n|-damage|p2a: Chi-Yu|0 fnt\n|faint|p2a: Chi-Yu\n|-damage|p1a: Terrakion|187/273|[from] item: Life Orb\n|\n|upkeep\n|\n|t:|1781406391\n|switch|p2a: Clefable|Clefable, L83, F|208/293\n|turn|18\n|\n|t:|1781406394\n|move|p1a: Terrakion|Stone Edge|p2a: Clefable\n|-damage|p2a: Clefable|44/293\n|-damage|p1a: Terrakion|160/273|[from] item: Life Orb\n|move|p2a: Clefable|Moonblast|p1a: Terrakion\n|-supereffective|p1a: Terrakion\n|-damage|p1a: Terrakion|0 fnt\n|faint|p1a: Terrakion\n|\n|-heal|p2a: Clefable|62/293|[from] item: Leftovers\n|upkeep\n|\n|t:|1781406399\n|switch|p1a: Regieleki|Regieleki, L79|111/256\n|turn|19\n|\n|t:|1781406403\n|move|p1a: Regieleki|Volt Switch|p2a: Clefable\n|-damage|p2a: Clefable|0 fnt\n|faint|p2a: Clefable\n|\n|t:|1781406413\n|switch|p1a: Salamence|Salamence, L77, M|273/273|[from] Volt Switch\n|\n|upkeep\n|\n|t:|1781406415\n|switch|p2a: Pawmot|Pawmot, L80, F|195/243\n|turn|20\n|\n|t:|1781406420\n|-terastallize|p1a: Salamence|Steel\n|move|p2a: Pawmot|Ice Punch|p1a: Salamence\n|-resisted|p1a: Salamence\n|-damage|p1a: Salamence|226/273\n|-damage|p2a: Pawmot|171/243|[from] item: Life Orb\n|move|p1a: Salamence|Outrage|p2a: Pawmot\n|-damage|p2a: Pawmot|11/243\n|\n|upkeep\n|turn|21\n|\n|t:|1781406427\n|move|p2a: Pawmot|Revival Blessing|p2a: Pawmot\n|\n|t:|1781406437\n|-heal|p2: Chi-Yu|105/211|[from] move: Revival Blessing\n|move|p1a: Salamence|Outrage|p2a: Pawmot|[from] lockedmove\n|-crit|p2a: Pawmot\n|-damage|p2a: Pawmot|0 fnt\n|faint|p2a: Pawmot\n|-ability|p1a: Salamence|Moxie|boost\n|-boost|p1a: Salamence|atk|1\n|\n|upkeep\n|\n|t:|1781406439\n|switch|p2a: Chi-Yu|Chi-Yu, L77|105/211\n|-ability|p2a: Chi-Yu|Beads of Ruin\n|turn|22\n|\n|t:|1781406443\n|move|p2a: Chi-Yu|Fire Blast|p1a: Salamence|[miss]\n|-miss|p2a: Chi-Yu|p1a: Salamence\n|move|p1a: Salamence|Outrage|p2a: Chi-Yu|[from] lockedmove\n|-damage|p2a: Chi-Yu|0 fnt\n|faint|p2a: Chi-Yu\n|-start|p1a: Salamence|confusion|[fatigue]\n|\n|win|catlib\n", "uploadtime": 1781406102, "views": 3, "formatid": "gen9randombattle", "rating": null, "private": 0, "password": null}