{"id": "gen9randombattle-2631928613", "format": "[Gen 9] Random Battle", "players": ["Normalfox", "rareold"], "log": "|j|\u2606Normalfox\n|j|\u2606rareold\n|t:|1781456646\n|gametype|singles\n|player|p1|Normalfox|cilan|1382\n|player|p2|rareold|gardenia|1370\n|gen|9\n|tier|[Gen 9] Random Battle\n|rated|\n|rule|Species Clause: Limit one of each Pok\u00e9mon\n|rule|HP Percentage Mod: HP is shown in percentages\n|rule|Sleep Clause Mod: Limit one foe put to sleep\n|rule|Illusion Level Mod: Illusion disguises the Pok\u00e9mon's true level\n|\n|t:|1781456646\n|teamsize|p1|6\n|teamsize|p2|6\n|start\n|switch|p1a: Hypno|Hypno, L95, M|315/315\n|switch|p2a: Greedent|Greedent, L86, F|347/347\n|turn|1\n|\n|t:|1781456653\n|move|p1a: Hypno|Focus Blast|p2a: Greedent|[miss]\n|-miss|p1a: Hypno|p2a: Greedent\n|move|p2a: Greedent|Swords Dance|p2a: Greedent\n|-boost|p2a: Greedent|atk|2\n|\n|upkeep\n|turn|2\n|\n|t:|1781456657\n|move|p1a: Hypno|Focus Blast|p2a: Greedent\n|-supereffective|p2a: Greedent\n|-damage|p2a: Greedent|157/347\n|-enditem|p2a: Greedent|Sitrus Berry|[eat]\n|-heal|p2a: Greedent|243/347|[from] item: Sitrus Berry\n|-heal|p2a: Greedent|347/347|[from] ability: Cheek Pouch\n|move|p2a: Greedent|Knock Off|p1a: Hypno\n|-supereffective|p1a: Hypno\n|-damage|p1a: Hypno|39/315\n|-enditem|p1a: Hypno|Leftovers|[from] move: Knock Off|[of] p2a: Greedent\n|\n|upkeep\n|turn|3\n|\n|t:|1781456668\n|move|p1a: Hypno|Focus Blast|p2a: Greedent|[miss]\n|-miss|p1a: Hypno|p2a: Greedent\n|move|p2a: Greedent|Body Slam|p1a: Hypno\n|-damage|p1a: Hypno|0 fnt\n|faint|p1a: Hypno\n|\n|upkeep\n|\n|t:|1781456671\n|switch|p1a: Zapdos|Zapdos-Galar, L77|265/265\n|turn|4\n|\n|t:|1781456684\n|move|p1a: Zapdos|Bulk Up|p1a: Zapdos\n|-boost|p1a: Zapdos|atk|1\n|-boost|p1a: Zapdos|def|1\n|move|p2a: Greedent|Body Slam|p1a: Zapdos\n|-damage|p1a: Zapdos|127/265\n|\n|upkeep\n|turn|5\n|\n|t:|1781456692\n|-terastallize|p2a: Greedent|Ghost\n|move|p1a: Zapdos|Close Combat|p2a: Greedent\n|-immune|p2a: Greedent\n|move|p2a: Greedent|Body Slam|p1a: Zapdos\n|-damage|p1a: Zapdos|0 fnt\n|faint|p1a: Zapdos\n|\n|upkeep\n|\n|t:|1781456703\n|switch|p1a: Mew|Mew, L82|298/298\n|turn|6\n|\n|t:|1781456710\n|-terastallize|p1a: Mew|Fighting\n|move|p1a: Mew|Swords Dance|p1a: Mew\n|-boost|p1a: Mew|atk|2\n|move|p2a: Greedent|Knock Off|p1a: Mew\n|-resisted|p1a: Mew\n|-damage|p1a: Mew|236/298\n|-enditem|p1a: Mew|Life Orb|[from] move: Knock Off|[of] p2a: Greedent\n|\n|upkeep\n|turn|7\n|\n|t:|1781456717\n|move|p1a: Mew|Swords Dance|p1a: Mew\n|-boost|p1a: Mew|atk|2\n|move|p2a: Greedent|Body Slam|p1a: Mew\n|-damage|p1a: Mew|62/298\n|\n|upkeep\n|turn|8\n|\n|t:|1781456723\n|move|p1a: Mew|Knock Off|p2a: Greedent\n|-supereffective|p2a: Greedent\n|-damage|p2a: Greedent|117/347\n|move|p2a: Greedent|Body Slam|p1a: Mew\n|-damage|p1a: Mew|0 fnt\n|faint|p1a: Mew\n|\n|upkeep\n|\n|t:|1781456729\n|switch|p1a: Primarina|Primarina, L83, F|268/268\n|turn|9\n|\n|t:|1781456734\n|move|p1a: Primarina|Sparkling Aria|p2a: Greedent\n|-damage|p2a: Greedent|0 fnt\n|faint|p2a: Greedent\n|\n|upkeep\n|\n|t:|1781456741\n|switch|p2a: Sunflora|Sunflora, M|312/312\n|turn|10\n|\n|t:|1781456744\n|switch|p1a: Corviknight|Corviknight, L80, F|288/288\n|-ability|p1a: Corviknight|Pressure\n|move|p2a: Sunflora|Sludge Bomb|p1a: Corviknight\n|-immune|p1a: Corviknight\n|\n|upkeep\n|turn|11\n|\n|t:|1781456750\n|switch|p2a: Iron Jugulis|Iron Jugulis, L77|271/271\n|move|p1a: Corviknight|Brave Bird|p2a: Iron Jugulis\n|-damage|p2a: Iron Jugulis|159/271\n|-damage|p1a: Corviknight|251/288|[from] Recoil\n|\n|-heal|p1a: Corviknight|269/288|[from] item: Leftovers\n|upkeep\n|turn|12\n|\n|t:|1781456756\n|move|p2a: Iron Jugulis|Meteor Beam||[still]\n|-prepare|p2a: Iron Jugulis|Meteor Beam\n|-boost|p2a: Iron Jugulis|spa|1\n|-enditem|p2a: Iron Jugulis|Power Herb\n|-anim|p2a: Iron Jugulis|Meteor Beam|p1a: Corviknight|[miss]\n|-miss|p2a: Iron Jugulis|p1a: Corviknight\n|move|p1a: Corviknight|Brave Bird|p2a: Iron Jugulis\n|-damage|p2a: Iron Jugulis|50/271\n|-damage|p1a: Corviknight|233/288|[from] Recoil\n|\n|-heal|p1a: Corviknight|251/288|[from] item: Leftovers\n|upkeep\n|turn|13\n|\n|t:|1781456763\n|move|p2a: Iron Jugulis|Dark Pulse|p1a: Corviknight\n|-damage|p1a: Corviknight|107/288\n|cant|p1a: Corviknight|flinch\n|\n|-heal|p1a: Corviknight|125/288|[from] item: Leftovers\n|upkeep\n|turn|14\n|\n|t:|1781456767\n|move|p2a: Iron Jugulis|Dark Pulse|p1a: Corviknight\n|-damage|p1a: Corviknight|0 fnt\n|faint|p1a: Corviknight\n|\n|upkeep\n|\n|t:|1781456770\n|switch|p1a: Primarina|Primarina, L83, F|268/268\n|turn|15\n|\n|t:|1781456773\n|move|p2a: Iron Jugulis|Hurricane|p1a: Primarina|[miss]\n|-miss|p2a: Iron Jugulis|p1a: Primarina\n|move|p1a: Primarina|Sparkling Aria|p2a: Iron Jugulis\n|-damage|p2a: Iron Jugulis|0 fnt\n|faint|p2a: Iron Jugulis\n|-end|p2a: Iron Jugulis|Quark Drive|[silent]\n|\n|upkeep\n|\n|t:|1781456777\n|switch|p2a: Kricketune|Kricketune, L99, F|312/312\n|turn|16\n|\n|t:|1781456780\n|move|p2a: Kricketune|Sticky Web|p1a: Primarina\n|-sidestart|p1: Normalfox|move: Sticky Web\n|move|p1a: Primarina|Calm Mind|p1a: Primarina\n|-boost|p1a: Primarina|spa|1\n|-boost|p1a: Primarina|spd|1\n|\n|upkeep\n|turn|17\n|\n|t:|1781456784\n|move|p2a: Kricketune|Taunt|p1a: Primarina\n|-start|p1a: Primarina|move: Taunt\n|cant|p1a: Primarina|move: Taunt|Calm Mind\n|\n|upkeep\n|turn|18\n|\n|t:|1781456788\n|move|p2a: Kricketune|Knock Off|p1a: Primarina\n|-resisted|p1a: Primarina\n|-damage|p1a: Primarina|215/268\n|-enditem|p1a: Primarina|Leftovers|[from] move: Knock Off|[of] p2a: Kricketune\n|move|p1a: Primarina|Sparkling Aria|p2a: Kricketune\n|-damage|p2a: Kricketune|110/312\n|\n|upkeep\n|turn|19\n|\n|t:|1781456794\n|move|p2a: Kricketune|Pounce|p1a: Primarina\n|-resisted|p1a: Primarina\n|-damage|p1a: Primarina|158/268\n|-unboost|p1a: Primarina|spe|1\n|move|p1a: Primarina|Draining Kiss|p2a: Kricketune\n|-damage|p2a: Kricketune|0 fnt\n|-heal|p1a: Primarina|241/268|[from] drain|[of] p2a: Kricketune\n|faint|p2a: Kricketune\n|\n|-end|p1a: Primarina|move: Taunt\n|upkeep\n|\n|t:|1781456798\n|switch|p2a: Sunflora|Sunflora, M|312/312\n|turn|20\n|\n|t:|1781456804\n|move|p2a: Sunflora|Leaf Storm|p1a: Primarina\n|-supereffective|p1a: Primarina\n|-damage|p1a: Primarina|0 fnt\n|-unboost|p2a: Sunflora|spa|2\n|faint|p1a: Primarina\n|\n|upkeep\n|\n|t:|1781456806\n|switch|p1a: Hippowdon|Hippowdon, L82, F|311/311\n|-activate|p1a: Hippowdon|move: Sticky Web\n|-unboost|p1a: Hippowdon|spe|1\n|-weather|Sandstorm|[from] ability: Sand Stream|[of] p1a: Hippowdon\n|turn|21\n|-message|Normalfox forfeited.\n|\n|win|rareold\n|raw|Normalfox's rating: 1382 &rarr; <strong>1361</strong><br />(-21 for losing)\n|raw|rareold's rating: 1370 &rarr; <strong>1391</strong><br />(+21 for winning)\n|l|\u2606Normalfox\n|player|p1|\n", "uploadtime": 1781456815, "views": 2, "formatid": "gen9randombattle", "rating": 1361, "private": 0, "password": null}