{"id": "gen9randombattle-2631397201", "format": "[Gen 9] Random Battle", "players": ["Skuflas", "UncleKrack"], "log": "|j|\u2606Skuflas\n|j|\u2606UncleKrack\n|t:|1781379762\n|gametype|singles\n|player|p1|Skuflas|101|1521\n|player|p2|UncleKrack|emmet|1533\n|gen|9\n|tier|[Gen 9] Random Battle\n|rated|\n|rule|Species Clause: Limit one of each Pok\u00e9mon\n|rule|HP Percentage Mod: HP is shown in percentages\n|rule|Sleep Clause Mod: Limit one foe put to sleep\n|rule|Illusion Level Mod: Illusion disguises the Pok\u00e9mon's true level\n|\n|t:|1781379762\n|teamsize|p1|6\n|teamsize|p2|6\n|start\n|switch|p1a: Quaquaval|Quaquaval, L79, F|264/264\n|switch|p2a: Lumineon|Lumineon, L93, M|279/279\n|turn|1\n|inactive|Battle timer is ON: inactive players will automatically lose when time's up. (requested by UncleKrack)\n|\n|t:|1781379779\n|switch|p1a: Quagsire|Quagsire, L84, F|297/297\n|move|p2a: Lumineon|U-turn|p1a: Quagsire\n|-damage|p1a: Quagsire|250/297\n|\n|t:|1781379789\n|switch|p2a: Azelf|Azelf, L82|257/257|[from] U-turn\n|\n|-heal|p1a: Quagsire|268/297|[from] item: Leftovers\n|upkeep\n|turn|2\n|\n|t:|1781379798\n|switch|p1a: Girafarig|Girafarig, L89, F|269/269\n|move|p2a: Azelf|Taunt|p1a: Girafarig\n|-start|p1a: Girafarig|move: Taunt\n|\n|upkeep\n|turn|3\n|\n|t:|1781379803\n|move|p2a: Azelf|Knock Off|p1a: Girafarig\n|-supereffective|p1a: Girafarig\n|-damage|p1a: Girafarig|95/269\n|-enditem|p1a: Girafarig|Eviolite|[from] move: Knock Off|[of] p2a: Azelf\n|-damage|p2a: Azelf|232/257|[from] item: Life Orb\n|move|p1a: Girafarig|Shadow Ball|p2a: Azelf\n|-supereffective|p2a: Azelf\n|-damage|p2a: Azelf|88/257\n|\n|upkeep\n|turn|4\n|\n|t:|1781379821\n|move|p2a: Azelf|Knock Off|p1a: Girafarig\n|-supereffective|p1a: Girafarig\n|-damage|p1a: Girafarig|0 fnt\n|faint|p1a: Girafarig\n|-damage|p2a: Azelf|63/257|[from] item: Life Orb\n|\n|upkeep\n|inactive|Skuflas has 120 seconds left.\n|\n|t:|1781379871\n|switch|p1a: Cryogonal|Cryogonal, L89|287/287\n|turn|5\n|\n|t:|1781379897\n|move|p1a: Cryogonal|Ice Beam|p2a: Azelf\n|-damage|p2a: Azelf|0 fnt\n|faint|p2a: Azelf\n|\n|upkeep\n|\n|t:|1781379905\n|switch|p2a: Blaziken|Blaziken, L76, F|247/247\n|turn|6\n|\n|t:|1781379910\n|switch|p1a: Quagsire|Quagsire, L84, F|268/297\n|move|p2a: Blaziken|Swords Dance|p2a: Blaziken\n|-boost|p2a: Blaziken|atk|2\n|\n|-heal|p1a: Quagsire|286/297|[from] item: Leftovers\n|-ability|p2a: Blaziken|Speed Boost|boost\n|-boost|p2a: Blaziken|spe|1\n|upkeep\n|turn|7\n|\n|t:|1781379924\n|-terastallize|p2a: Blaziken|Fighting\n|move|p2a: Blaziken|Close Combat|p1a: Quagsire\n|-damage|p1a: Quagsire|57/297\n|-unboost|p2a: Blaziken|def|1\n|-unboost|p2a: Blaziken|spd|1\n|-damage|p2a: Blaziken|223/247|[from] item: Life Orb\n|move|p1a: Quagsire|Earthquake|p2a: Blaziken\n|-damage|p2a: Blaziken|88/247\n|\n|-heal|p1a: Quagsire|75/297|[from] item: Leftovers\n|-ability|p2a: Blaziken|Speed Boost|boost\n|-boost|p2a: Blaziken|spe|1\n|upkeep\n|turn|8\n|inactive|Skuflas has 120 seconds left.\n|\n|t:|1781379952\n|-terastallize|p1a: Quagsire|Fairy\n|move|p2a: Blaziken|Close Combat|p1a: Quagsire\n|-resisted|p1a: Quagsire\n|-damage|p1a: Quagsire|0 fnt\n|-unboost|p2a: Blaziken|def|1\n|-unboost|p2a: Blaziken|spd|1\n|faint|p1a: Quagsire\n|-damage|p2a: Blaziken|64/247|[from] item: Life Orb\n|\n|-ability|p2a: Blaziken|Speed Boost|boost\n|-boost|p2a: Blaziken|spe|1\n|upkeep\n|inactive|Skuflas has 120 seconds left.\n|\n|t:|1781379967\n|switch|p1a: Quaquaval|Quaquaval, L79, F|264/264\n|turn|9\n|\n|t:|1781379970\n|move|p2a: Blaziken|Protect|p2a: Blaziken\n|-singleturn|p2a: Blaziken|Protect\n|move|p1a: Quaquaval|Aqua Step|p2a: Blaziken\n|-activate|p2a: Blaziken|move: Protect\n|\n|-ability|p2a: Blaziken|Speed Boost|boost\n|-boost|p2a: Blaziken|spe|1\n|upkeep\n|turn|10\n|\n|t:|1781379976\n|move|p2a: Blaziken|Close Combat|p1a: Quaquaval\n|-damage|p1a: Quaquaval|0 fnt\n|-unboost|p2a: Blaziken|def|1\n|-unboost|p2a: Blaziken|spd|1\n|faint|p1a: Quaquaval\n|-damage|p2a: Blaziken|40/247|[from] item: Life Orb\n|\n|-ability|p2a: Blaziken|Speed Boost|boost\n|-boost|p2a: Blaziken|spe|1\n|upkeep\n|\n|t:|1781379985\n|switch|p1a: Emboar|Emboar, L84, M|322/322\n|turn|11\n|\n|t:|1781379988\n|move|p2a: Blaziken|Close Combat|p1a: Emboar\n|-damage|p1a: Emboar|0 fnt\n|-unboost|p2a: Blaziken|def|1\n|-unboost|p2a: Blaziken|spd|1\n|faint|p1a: Emboar\n|-damage|p2a: Blaziken|16/247|[from] item: Life Orb\n|\n|-ability|p2a: Blaziken|Speed Boost|boost\n|-boost|p2a: Blaziken|spe|1\n|upkeep\n|\n|t:|1781379993\n|switch|p1a: Cryogonal|Cryogonal, L89|287/287\n|turn|12\n|\n|t:|1781379996\n|move|p2a: Blaziken|Close Combat|p1a: Cryogonal\n|-supereffective|p1a: Cryogonal\n|-damage|p1a: Cryogonal|0 fnt\n|-unboost|p2a: Blaziken|def|1\n|-unboost|p2a: Blaziken|spd|1\n|faint|p1a: Cryogonal\n|-damage|p2a: Blaziken|0 fnt|[from] item: Life Orb\n|faint|p2a: Blaziken\n|\n|upkeep\n|\n|t:|1781380000\n|switch|p1a: Rampardos|Rampardos, L90, M|321/321\n|switch|p2a: Iron Valiant|Iron Valiant, L78|244/244\n|turn|13\n|\n|t:|1781380006\n|move|p1a: Rampardos|Head Smash|p2a: Iron Valiant\n|-resisted|p2a: Iron Valiant\n|-damage|p2a: Iron Valiant|97/244\n|-damage|p1a: Rampardos|247/321|[from] Recoil\n|move|p2a: Iron Valiant|Close Combat|p1a: Rampardos\n|-supereffective|p1a: Rampardos\n|-damage|p1a: Rampardos|0 fnt\n|-unboost|p2a: Iron Valiant|def|1\n|-unboost|p2a: Iron Valiant|spd|1\n|faint|p1a: Rampardos\n|-damage|p2a: Iron Valiant|73/244|[from] item: Life Orb\n|\n|win|UncleKrack\n|raw|Skuflas's rating: 1521 &rarr; <strong>1502</strong><br />(-19 for losing)\n|raw|UncleKrack's rating: 1533 &rarr; <strong>1552</strong><br />(+19 for winning)\n", "uploadtime": 1781380006, "views": 7, "formatid": "gen9randombattle", "rating": 1502, "private": 0, "password": null}