{"id": "gen9randombattle-2631483466", "format": "[Gen 9] Random Battle", "players": ["bombadey", "nesspktrainer"], "log": "|j|\u2606bombadey\n|j|\u2606nesspktrainer\n|t:|1781390698\n|gametype|singles\n|player|p1|bombadey|2|1522\n|player|p2|nesspktrainer|265|1552\n|gen|9\n|tier|[Gen 9] Random Battle\n|rated|\n|rule|Species Clause: Limit one of each Pok\u00e9mon\n|rule|HP Percentage Mod: HP is shown in percentages\n|rule|Sleep Clause Mod: Limit one foe put to sleep\n|rule|Illusion Level Mod: Illusion disguises the Pok\u00e9mon's true level\n|\n|t:|1781390698\n|teamsize|p1|6\n|teamsize|p2|6\n|start\n|switch|p1a: Scrafty|Scrafty, L83, F|244/244\n|switch|p2a: Regirock|Regirock, L83|268/268\n|-ability|p1a: Scrafty|Intimidate|boost\n|-fail|p2a: Regirock|unboost|[from] ability: Clear Body|[of] p2a: Regirock\n|turn|1\n|\n|t:|1781390725\n|move|p1a: Scrafty|Dragon Dance|p1a: Scrafty\n|-boost|p1a: Scrafty|atk|1\n|-boost|p1a: Scrafty|spe|1\n|move|p2a: Regirock|Iron Defense|p2a: Regirock\n|-boost|p2a: Regirock|def|2\n|\n|upkeep\n|turn|2\n|inactive|Battle timer is ON: inactive players will automatically lose when time's up. (requested by nesspktrainer)\n|\n|t:|1781390737\n|-terastallize|p2a: Regirock|Fighting\n|move|p1a: Scrafty|Poison Jab|p2a: Regirock\n|-damage|p2a: Regirock|247/268\n|-status|p2a: Regirock|psn\n|move|p2a: Regirock|Body Press|p1a: Scrafty\n|-supereffective|p1a: Scrafty\n|-damage|p1a: Scrafty|0 fnt\n|faint|p1a: Scrafty\n|\n|-damage|p2a: Regirock|214/268 psn|[from] psn\n|upkeep\n|\n|t:|1781390744\n|switch|p1a: Houndstone|Houndstone, L86, M|264/264\n|turn|3\n|\n|t:|1781390748\n|move|p1a: Houndstone|Trick|p2a: Regirock\n|-activate|p1a: Houndstone|move: Trick|[of] p2a: Regirock\n|-item|p2a: Regirock|Choice Band|[from] move: Trick\n|-item|p1a: Houndstone|Chesto Berry|[from] move: Trick\n|move|p2a: Regirock|Iron Defense|p2a: Regirock\n|-boost|p2a: Regirock|def|2\n|\n|-damage|p2a: Regirock|181/268 psn|[from] psn\n|upkeep\n|turn|4\n|\n|t:|1781390754\n|switch|p1a: Gengar|Gengar, L81, M|230/230\n|switch|p2a: Brute Bonnet|Brute Bonnet, L80|309/309\n|\n|upkeep\n|turn|5\n|\n|t:|1781390771\n|move|p1a: Gengar|Trick|p2a: Brute Bonnet\n|-activate|p1a: Gengar|move: Trick|[of] p2a: Brute Bonnet\n|-item|p2a: Brute Bonnet|Choice Specs|[from] move: Trick\n|-item|p1a: Gengar|Leftovers|[from] move: Trick\n|move|p2a: Brute Bonnet|Crunch|p1a: Gengar\n|-supereffective|p1a: Gengar\n|-damage|p1a: Gengar|0 fnt\n|-start|p2a: Brute Bonnet|Disable|Crunch|[from] ability: Cursed Body|[of] p1a: Gengar\n|faint|p1a: Gengar\n|\n|upkeep\n|c|\u2606nesspktrainer|nasty\n|\n|t:|1781390781\n|switch|p1a: Chi-Yu|Chi-Yu, L77|211/211\n|-ability|p1a: Chi-Yu|Beads of Ruin\n|turn|6\n|c|\u2606bombadey|lol\n|\n|t:|1781390789\n|-end|p2a: Brute Bonnet|Protosynthesis|[silent]\n|switch|p2a: Grimmsnarl|Grimmsnarl, L83, M|293/293\n|move|p1a: Chi-Yu|Nasty Plot|p1a: Chi-Yu\n|-boost|p1a: Chi-Yu|spa|2\n|\n|upkeep\n|turn|7\n|\n|t:|1781390796\n|move|p2a: Grimmsnarl|Thunder Wave|p1a: Chi-Yu\n|-hint|Since gen 7, Dark is immune to Prankster moves.\n|-immune|p1a: Chi-Yu\n|move|p1a: Chi-Yu|Fire Blast|p2a: Grimmsnarl\n|-damage|p2a: Grimmsnarl|0 fnt\n|faint|p2a: Grimmsnarl\n|\n|upkeep\n|\n|t:|1781390803\n|switch|p2a: Regirock|Regirock, L83, tera:Fighting|181/268 psn\n|turn|8\n|\n|t:|1781390830\n|move|p1a: Chi-Yu|Psychic|p2a: Regirock\n|-supereffective|p2a: Regirock\n|-damage|p2a: Regirock|0 fnt\n|faint|p2a: Regirock\n|\n|upkeep\n|\n|t:|1781390838\n|switch|p2a: Mamoswine|Mamoswine, L81, M|311/311\n|turn|9\n|c|\u2606nesspktrainer|cmon coward\n|c|\u2606nesspktrainer|play\n|\n|t:|1781390853\n|move|p1a: Chi-Yu|Fire Blast|p2a: Mamoswine\n|-supereffective|p2a: Mamoswine\n|-damage|p2a: Mamoswine|0 fnt\n|faint|p2a: Mamoswine\n|\n|upkeep\n|\n|t:|1781390859\n|switch|p2a: Reuniclus|Reuniclus, L88, M|337/337\n|turn|10\n|c|\u2606bombadey|lol\n|\n|t:|1781390863\n|move|p1a: Chi-Yu|Dark Pulse|p2a: Reuniclus\n|-supereffective|p2a: Reuniclus\n|-damage|p2a: Reuniclus|0 fnt\n|faint|p2a: Reuniclus\n|\n|upkeep\n|c|\u2606nesspktrainer|stupid ass broken team\n|n|\u203dnesspktrainer|nesspktrainer\n|c|~|/log nesspktrainer was locked from talking by Artemis for a week. (\u2606nesspktrainer: stupid ass broken team)\n|c|~|/raw <small>This action was done automatically. Want to learn more about the AI? <a href=\"https://www.smogon.com/forums/threads/3570628/#post-9056769\">Visit the information thread</a>.</small>\n|-message|nesspktrainer forfeited.\n|\n|win|bombadey\n", "uploadtime": 1781390871, "views": 2, "formatid": "gen9randombattle", "rating": null, "private": 0, "password": null}