{"id": "gen9randombattle-2631773569", "format": "[Gen 9] Random Battle", "players": ["fick runk", "yuwan23221"], "log": "|j|\u2606fick runk\n|j|\u2606yuwan23221\n|t:|1781437474\n|gametype|singles\n|player|p1|fick runk|parasollady|2054\n|player|p2|yuwan23221|266|2049\n|gen|9\n|tier|[Gen 9] Random Battle\n|rated|\n|rule|Species Clause: Limit one of each Pok\u00e9mon\n|rule|HP Percentage Mod: HP is shown in percentages\n|rule|Sleep Clause Mod: Limit one foe put to sleep\n|rule|Illusion Level Mod: Illusion disguises the Pok\u00e9mon's true level\n|\n|t:|1781437474\n|teamsize|p1|6\n|teamsize|p2|6\n|start\n|switch|p1a: Ditto|Ditto, L87|225/225\n|switch|p2a: Deoxys|Deoxys-Defense, L84|221/221\n|-transform|p1a: Ditto|p2a: Deoxys|[from] ability: Imposter\n|-ability|p1a: Ditto|Pressure\n|-ability|p2a: Deoxys|Pressure\n|turn|1\n|inactive|Battle timer is ON: inactive players will automatically lose when time's up. (requested by fick runk)\n|\n|t:|1781437490\n|switch|p1a: Dragalge|Dragalge, L88, F|258/258\n|move|p2a: Deoxys|Spikes|p1a: Dragalge\n|-sidestart|p1: fick runk|Spikes\n|\n|upkeep\n|turn|2\n|\n|t:|1781437493\n|move|p2a: Deoxys|Psychic Noise|p1a: Dragalge\n|-supereffective|p1a: Dragalge\n|-damage|p1a: Dragalge|168/258\n|-start|p1a: Dragalge|move: Heal Block\n|move|p1a: Dragalge|Toxic Spikes|p2a: Deoxys\n|-sidestart|p2: yuwan23221|move: Toxic Spikes\n|\n|upkeep\n|turn|3\n|j| afdasfafafdsaf\n|\n|t:|1781437501\n|move|p2a: Deoxys|Psychic Noise|p1a: Dragalge\n|-supereffective|p1a: Dragalge\n|-damage|p1a: Dragalge|76/258\n|move|p1a: Dragalge|Toxic Spikes|p2a: Deoxys\n|-sidestart|p2: yuwan23221|move: Toxic Spikes\n|\n|-end|p1a: Dragalge|move: Heal Block\n|upkeep\n|turn|4\n|\n|t:|1781437504\n|switch|p1a: Tornadus|Tornadus, L82, M|263/263\n|move|p2a: Deoxys|Psychic Noise|p1a: Tornadus\n|-damage|p1a: Tornadus|196/263\n|-start|p1a: Tornadus|move: Heal Block\n|\n|upkeep\n|turn|5\n|\n|t:|1781437511\n|move|p1a: Tornadus|Bleakwind Storm|p2a: Deoxys\n|-damage|p2a: Deoxys|100/221\n|-unboost|p2a: Deoxys|spe|1\n|move|p2a: Deoxys|Spikes|p1a: Tornadus\n|-sidestart|p1: fick runk|Spikes\n|\n|-end|p1a: Tornadus|move: Heal Block\n|upkeep\n|turn|6\n|\n|t:|1781437525\n|switch|p2a: Venomoth|Venomoth, L84, M|255/255\n|-sideend|p2: yuwan23221|move: Toxic Spikes|[of] p2a: Venomoth\n|move|p1a: Tornadus|Bleakwind Storm|p2a: Venomoth\n|-supereffective|p2a: Venomoth\n|-damage|p2a: Venomoth|0 fnt\n|faint|p2a: Venomoth\n|\n|upkeep\n|\n|t:|1781437530\n|switch|p2a: Garganacl|Garganacl, L80, F|291/291\n|turn|7\n|\n|t:|1781437543\n|switch|p1a: Arceus|Arceus-Fighting, L70|284/284\n|-damage|p1a: Arceus|237/284|[from] Spikes\n|move|p2a: Garganacl|Salt Cure|p1a: Arceus\n|-resisted|p1a: Arceus\n|-damage|p1a: Arceus|219/284\n|-start|p1a: Arceus|Salt Cure\n|\n|-damage|p1a: Arceus|184/284|[from] Salt Cure\n|upkeep\n|turn|8\n|\n|t:|1781437547\n|switch|p2a: Deoxys|Deoxys-Defense, L84|100/221\n|-ability|p2a: Deoxys|Pressure\n|move|p1a: Arceus|Recover|p1a: Arceus\n|-heal|p1a: Arceus|284/284\n|\n|-damage|p1a: Arceus|249/284|[from] Salt Cure\n|upkeep\n|turn|9\n|\n|t:|1781437563\n|switch|p1a: Tornadus|Tornadus, L82, M|196/263\n|move|p2a: Deoxys|Recover|p2a: Deoxys\n|-heal|p2a: Deoxys|211/221\n|\n|upkeep\n|turn|10\n|l|\u2606yuwan23221\n|inactive|yuwan23221 disconnected and has a minute to reconnect!\n|player|p2|\n|j|\u2606yuwan23221\n|inactive|yuwan23221 reconnected and has 135 seconds left.\n|player|p2|yuwan23221|266|\n|\n|t:|1781437590\n|move|p1a: Tornadus|Bleakwind Storm|p2a: Deoxys\n|-damage|p2a: Deoxys|106/221\n|move|p2a: Deoxys|Knock Off|p1a: Tornadus\n|-damage|p1a: Tornadus|129/263\n|-enditem|p1a: Tornadus|Choice Specs|[from] move: Knock Off|[of] p2a: Deoxys\n|\n|upkeep\n|turn|11\n|\n|t:|1781437597\n|move|p1a: Tornadus|U-turn|p2a: Deoxys\n|-supereffective|p2a: Deoxys\n|-damage|p2a: Deoxys|36/221\n|-damage|p1a: Tornadus|86/263|[from] item: Rocky Helmet|[of] p2a: Deoxys\n|\n|t:|1781437613\n|switch|p1a: Espeon|Espeon, L84, F|246/246|[from] U-turn\n|-damage|p1a: Espeon|205/246|[from] Spikes\n|move|p2a: Deoxys|Recover|p2a: Deoxys\n|-heal|p2a: Deoxys|147/221\n|\n|upkeep\n|turn|12\n|\n|t:|1781437618\n|move|p1a: Espeon|Shadow Ball|p2a: Deoxys\n|-supereffective|p2a: Deoxys\n|-damage|p2a: Deoxys|38/221\n|-unboost|p2a: Deoxys|spd|1\n|-damage|p1a: Espeon|181/246|[from] item: Life Orb\n|move|p2a: Deoxys|Knock Off|p1a: Espeon\n|-supereffective|p1a: Espeon\n|-damage|p1a: Espeon|45/246\n|-enditem|p1a: Espeon|Life Orb|[from] move: Knock Off|[of] p2a: Deoxys\n|\n|upkeep\n|turn|13\n|\n|t:|1781437621\n|switch|p2a: Slaking|Slaking, L84, F|389/389\n|move|p1a: Espeon|Shadow Ball|p2a: Slaking\n|-immune|p2a: Slaking\n|\n|upkeep\n|turn|14\n|\n|t:|1781437627\n|move|p1a: Espeon|Morning Sun|p1a: Espeon\n|-heal|p1a: Espeon|168/246\n|move|p2a: Slaking|Knock Off|p1a: Espeon\n|-supereffective|p1a: Espeon\n|-damage|p1a: Espeon|0 fnt\n|faint|p1a: Espeon\n|\n|upkeep\n|\n|t:|1781437637\n|switch|p1a: Arceus|Arceus-Fighting, L70|249/284\n|-damage|p1a: Arceus|202/284|[from] Spikes\n|turn|15\n|\n|t:|1781437644\n|switch|p2a: Sylveon|Sylveon, L85, F|300/300\n|move|p1a: Arceus|Iron Defense|p1a: Arceus\n|-boost|p1a: Arceus|def|2\n|\n|upkeep\n|turn|16\n|\n|t:|1781437651\n|switch|p1a: Dragalge|Dragalge, L88, F|76/258\n|-damage|p1a: Dragalge|33/258|[from] Spikes\n|move|p2a: Sylveon|Hyper Voice|p1a: Dragalge\n|-damage|p1a: Dragalge|0 fnt\n|faint|p1a: Dragalge\n|\n|upkeep\n|\n|t:|1781437658\n|switch|p1a: Cinccino|Cinccino, L83, M|260/260\n|-damage|p1a: Cinccino|217/260|[from] Spikes\n|turn|17\n|\n|t:|1781437664\n|move|p1a: Cinccino|Bullet Seed|p2a: Sylveon\n|-damage|p2a: Sylveon|267/300\n|-damage|p2a: Sylveon|233/300\n|-damage|p2a: Sylveon|201/300\n|-damage|p2a: Sylveon|169/300\n|-damage|p2a: Sylveon|137/300\n|-hitcount|p2a: Sylveon|5\n|move|p2a: Sylveon|Hyper Voice|p1a: Cinccino\n|-damage|p1a: Cinccino|57/260\n|\n|-heal|p2a: Sylveon|155/300|[from] item: Leftovers\n|upkeep\n|turn|18\n|\n|t:|1781437668\n|move|p1a: Cinccino|Tail Slap|p2a: Sylveon\n|-damage|p2a: Sylveon|104/300\n|-damage|p2a: Sylveon|53/300\n|-damage|p2a: Sylveon|1/300\n|-damage|p2a: Sylveon|0 fnt\n|faint|p2a: Sylveon\n|-hitcount|p2: Sylveon|4\n|\n|upkeep\n|\n|t:|1781437679\n|switch|p2a: Entei|Entei, L78|307/307\n|turn|19\n|\n|t:|1781437684\n|move|p2a: Entei|Extreme Speed|p1a: Cinccino\n|-damage|p1a: Cinccino|0 fnt\n|faint|p1a: Cinccino\n|\n|upkeep\n|\n|t:|1781437689\n|switch|p1a: Ditto|Ditto, L87|225/225\n|-damage|p1a: Ditto|188/225|[from] Spikes\n|-transform|p1a: Ditto|p2a: Entei|[from] ability: Imposter\n|turn|20\n|\n|t:|1781437696\n|switch|p2a: Deoxys|Deoxys-Defense, L84|38/221\n|-ability|p2a: Deoxys|Pressure\n|move|p1a: Ditto|Stomping Tantrum|p2a: Deoxys\n|-damage|p2a: Deoxys|3/221\n|-damage|p1a: Ditto|151/225|[from] item: Rocky Helmet|[of] p2a: Deoxys\n|\n|upkeep\n|turn|21\n|\n|t:|1781437705\n|switch|p2a: Slaking|Slaking, L84, F|389/389\n|move|p1a: Ditto|Stomping Tantrum|p2a: Slaking\n|-damage|p2a: Slaking|333/389\n|\n|upkeep\n|turn|22\n|\n|t:|1781437712\n|move|p1a: Ditto|Stomping Tantrum|p2a: Slaking\n|-damage|p2a: Slaking|281/389\n|move|p2a: Slaking|Double-Edge|p1a: Ditto\n|-damage|p1a: Ditto|0 fnt\n|faint|p1a: Ditto\n|-damage|p2a: Slaking|231/389|[from] Recoil\n|\n|upkeep\n|\n|t:|1781437713\n|switch|p1a: Arceus|Arceus-Fighting, L70|202/284\n|-damage|p1a: Arceus|155/284|[from] Spikes\n|turn|23\n|\n|t:|1781437716\n|switch|p2a: Deoxys|Deoxys-Defense, L84|3/221\n|-ability|p2a: Deoxys|Pressure\n|move|p1a: Arceus|Iron Defense|p1a: Arceus\n|-boost|p1a: Arceus|def|2\n|\n|upkeep\n|turn|24\n|\n|t:|1781437719\n|move|p1a: Arceus|Shadow Ball|p2a: Deoxys\n|-supereffective|p2a: Deoxys\n|-damage|p2a: Deoxys|0 fnt\n|faint|p2a: Deoxys\n|\n|upkeep\n|\n|t:|1781437722\n|switch|p2a: Garganacl|Garganacl, L80, F|291/291\n|turn|25\n|\n|t:|1781437726\n|-terastallize|p2a: Garganacl|Ghost\n|move|p1a: Arceus|Iron Defense|p1a: Arceus\n|-boost|p1a: Arceus|def|2\n|move|p2a: Garganacl|Salt Cure|p1a: Arceus\n|-resisted|p1a: Arceus\n|-damage|p1a: Arceus|149/284\n|-start|p1a: Arceus|Salt Cure\n|\n|-damage|p1a: Arceus|114/284|[from] Salt Cure\n|upkeep\n|turn|26\n|\n|t:|1781437731\n|move|p1a: Arceus|Recover|p1a: Arceus\n|-heal|p1a: Arceus|256/284\n|move|p2a: Garganacl|Salt Cure|p1a: Arceus\n|-resisted|p1a: Arceus\n|-damage|p1a: Arceus|250/284\n|\n|-damage|p1a: Arceus|215/284|[from] Salt Cure\n|upkeep\n|turn|27\n|\n|t:|1781437735\n|move|p1a: Arceus|Shadow Ball|p2a: Garganacl\n|-supereffective|p2a: Garganacl\n|-damage|p2a: Garganacl|241/291\n|move|p2a: Garganacl|Salt Cure|p1a: Arceus\n|-resisted|p1a: Arceus\n|-crit|p1a: Arceus\n|-damage|p1a: Arceus|186/284\n|\n|-heal|p2a: Garganacl|259/291|[from] item: Leftovers\n|-damage|p1a: Arceus|151/284|[from] Salt Cure\n|upkeep\n|turn|28\n|\n|t:|1781437738\n|move|p1a: Arceus|Shadow Ball|p2a: Garganacl\n|-supereffective|p2a: Garganacl\n|-damage|p2a: Garganacl|211/291\n|move|p2a: Garganacl|Earthquake|p1a: Arceus\n|-damage|p1a: Arceus|129/284\n|\n|-heal|p2a: Garganacl|229/291|[from] item: Leftovers\n|-damage|p1a: Arceus|94/284|[from] Salt Cure\n|upkeep\n|turn|29\n|\n|t:|1781437740\n|move|p1a: Arceus|Recover|p1a: Arceus\n|-heal|p1a: Arceus|236/284\n|move|p2a: Garganacl|Earthquake|p1a: Arceus\n|-damage|p1a: Arceus|215/284\n|\n|-heal|p2a: Garganacl|247/291|[from] item: Leftovers\n|-damage|p1a: Arceus|180/284|[from] Salt Cure\n|upkeep\n|turn|30\n|\n|t:|1781437742\n|move|p1a: Arceus|Shadow Ball|p2a: Garganacl\n|-supereffective|p2a: Garganacl\n|-damage|p2a: Garganacl|195/291\n|-unboost|p2a: Garganacl|spd|1\n|move|p2a: Garganacl|Earthquake|p1a: Arceus\n|-damage|p1a: Arceus|157/284\n|\n|-heal|p2a: Garganacl|213/291|[from] item: Leftovers\n|-damage|p1a: Arceus|122/284|[from] Salt Cure\n|upkeep\n|turn|31\n|\n|t:|1781437744\n|move|p2a: Garganacl|Protect|p2a: Garganacl\n|-singleturn|p2a: Garganacl|Protect\n|move|p1a: Arceus|Recover|p1a: Arceus\n|-heal|p1a: Arceus|264/284\n|\n|-heal|p2a: Garganacl|231/291|[from] item: Leftovers\n|-damage|p1a: Arceus|229/284|[from] Salt Cure\n|upkeep\n|turn|32\n|\n|t:|1781437746\n|switch|p2a: Slaking|Slaking, L84, F|231/389\n|move|p1a: Arceus|Shadow Ball|p2a: Slaking\n|-immune|p2a: Slaking\n|\n|-damage|p1a: Arceus|194/284|[from] Salt Cure\n|upkeep\n|turn|33\n|\n|t:|1781437749\n|switch|p2a: Garganacl|Garganacl, L80, F, tera:Ghost|231/291\n|switch|p1a: Tornadus|Tornadus, L82, M|86/263\n|\n|-heal|p2a: Garganacl|249/291|[from] item: Leftovers\n|upkeep\n|turn|34\n|\n|t:|1781437753\n|-terastallize|p1a: Tornadus|Flying\n|move|p2a: Garganacl|Protect|p2a: Garganacl\n|-singleturn|p2a: Garganacl|Protect\n|move|p1a: Tornadus|Bleakwind Storm|p2a: Garganacl\n|-activate|p2a: Garganacl|move: Protect\n|\n|-heal|p2a: Garganacl|267/291|[from] item: Leftovers\n|upkeep\n|turn|35\n|\n|t:|1781437765\n|switch|p2a: Entei|Entei, L78|307/307\n|move|p1a: Tornadus|Bleakwind Storm|p2a: Entei\n|-damage|p2a: Entei|101/307\n|\n|upkeep\n|turn|36\n|\n|t:|1781437768\n|switch|p1a: Arceus|Arceus-Fighting, L70|194/284\n|-damage|p1a: Arceus|147/284|[from] Spikes\n|move|p2a: Entei|Extreme Speed|p1a: Arceus\n|-damage|p1a: Arceus|61/284\n|\n|upkeep\n|turn|37\n|-message|fick runk forfeited.\n|\n|win|yuwan23221\n", "uploadtime": 1781437476, "views": 6, "formatid": "gen9randombattle", "rating": null, "private": 0, "password": null}