{"id": "gen9randombattle-2631838611", "format": "[Gen 9] Random Battle", "players": ["Batram", "holy s m i t e"], "log": "|badge|p1|silver|gen9randombattle|30-9\n|uhtml|medal-msg|<div class=\"broadcast-blue\">Curious what those medals under the avatar are? PS now has Ladder Seasons! For more information, check out the <a href=\"https://www.smogon.com/forums/threads/3740067/\">thread on Smogon.</a></div>\n|badge|p2|silver|gen9randombattle|30-9\n|uhtml|medal-msg|<div class=\"broadcast-blue\">Curious what those medals under the avatar are? PS now has Ladder Seasons! For more information, check out the <a href=\"https://www.smogon.com/forums/threads/3740067/\">thread on Smogon.</a></div>\n|j|\u2606Batram\n|j|\u2606holy s m i t e\n|t:|1781446583\n|gametype|singles\n|player|p1|Batram|#wcor2025canada|2408\n|player|p2|holy s m i t e|101|2367\n|gen|9\n|tier|[Gen 9] Random Battle\n|rated|\n|rule|Species Clause: Limit one of each Pok\u00e9mon\n|rule|HP Percentage Mod: HP is shown in percentages\n|rule|Sleep Clause Mod: Limit one foe put to sleep\n|rule|Illusion Level Mod: Illusion disguises the Pok\u00e9mon's true level\n|\n|t:|1781446583\n|teamsize|p1|6\n|teamsize|p2|6\n|start\n|switch|p1a: Kyogre|Kyogre, L71|259/259\n|switch|p2a: Vivillon|Vivillon-Jungle, L83, M|268/268\n|-weather|RainDance|[from] ability: Drizzle|[of] p1a: Kyogre\n|turn|1\n|inactive|Battle timer is ON: inactive players will automatically lose when time's up. (requested by holy s m i t e)\n|\n|t:|1781446598\n|move|p2a: Vivillon|Sleep Powder|p1a: Kyogre\n|-status|p1a: Kyogre|slp|[from] move: Sleep Powder\n|cant|p1a: Kyogre|slp\n|\n|-weather|RainDance|[upkeep]\n|upkeep\n|turn|2\n|\n|t:|1781446616\n|switch|p1a: Iron Thorns|Iron Thorns, L83|302/302\n|-item|p1a: Iron Thorns|Air Balloon\n|move|p2a: Vivillon|Quiver Dance|p2a: Vivillon\n|-boost|p2a: Vivillon|spa|1\n|-boost|p2a: Vivillon|spd|1\n|-boost|p2a: Vivillon|spe|1\n|\n|-weather|RainDance|[upkeep]\n|upkeep\n|turn|3\n|\n|t:|1781446627\n|move|p2a: Vivillon|Bug Buzz|p1a: Iron Thorns\n|-damage|p1a: Iron Thorns|157/302\n|-enditem|p1a: Iron Thorns|Air Balloon\n|move|p1a: Iron Thorns|Stone Edge|p2a: Vivillon\n|-supereffective|p2a: Vivillon\n|-damage|p2a: Vivillon|0 fnt\n|faint|p2a: Vivillon\n|\n|-weather|RainDance|[upkeep]\n|upkeep\n|\n|t:|1781446632\n|switch|p2a: Tentacruel|Tentacruel, L84, M|272/272\n|turn|4\n|\n|t:|1781446651\n|-terastallize|p1a: Iron Thorns|Water\n|move|p2a: Tentacruel|Surf|p1a: Iron Thorns\n|-resisted|p1a: Iron Thorns\n|-damage|p1a: Iron Thorns|91/302\n|move|p1a: Iron Thorns|Wild Charge|p2a: Tentacruel\n|-supereffective|p2a: Tentacruel\n|-damage|p2a: Tentacruel|0 fnt\n|faint|p2a: Tentacruel\n|-damage|p1a: Iron Thorns|23/302|[from] Recoil\n|\n|-weather|RainDance|[upkeep]\n|upkeep\n|\n|t:|1781446658\n|switch|p2a: Urshifu|Urshifu-Rapid-Strike, L75, F|274/274\n|turn|5\n|\n|t:|1781446666\n|move|p2a: Urshifu|U-turn|p1a: Iron Thorns\n|-damage|p1a: Iron Thorns|0 fnt\n|faint|p1a: Iron Thorns\n|-end|p1a: Iron Thorns|Quark Drive|[silent]\n|\n|t:|1781446669\n|switch|p2a: Exeggutor|Exeggutor-Alola, L89, M|314/314|[from] U-turn\n|\n|-weather|none\n|upkeep\n|\n|t:|1781446675\n|switch|p1a: Baxcalibur|Baxcalibur, L75, F|295/295\n|turn|6\n|\n|t:|1781446682\n|switch|p2a: Dunsparce|Dunsparce, L86, M|312/312\n|move|p1a: Baxcalibur|Glaive Rush|p2a: Dunsparce\n|-damage|p2a: Dunsparce|137/312\n|-singlemove|p1a: Baxcalibur|Glaive Rush|[silent]\n|\n|upkeep\n|turn|7\n|\n|t:|1781446688\n|move|p1a: Baxcalibur|Glaive Rush|p2a: Dunsparce\n|-damage|p2a: Dunsparce|0 fnt\n|-singlemove|p1a: Baxcalibur|Glaive Rush|[silent]\n|faint|p2a: Dunsparce\n|\n|upkeep\n|\n|t:|1781446689\n|switch|p2a: Urshifu|Urshifu-Rapid-Strike, L75, F|274/274\n|turn|8\n|\n|t:|1781446695\n|switch|p1a: Kyogre|Kyogre, L71|259/259 slp\n|-weather|RainDance|[from] ability: Drizzle|[of] p1a: Kyogre\n|move|p2a: Urshifu|Close Combat|p1a: Kyogre\n|-damage|p1a: Kyogre|99/259 slp\n|-unboost|p2a: Urshifu|def|1\n|-unboost|p2a: Urshifu|spd|1\n|\n|-weather|RainDance|[upkeep]\n|-heal|p1a: Kyogre|115/259 slp|[from] item: Leftovers\n|upkeep\n|turn|9\n|\n|t:|1781446700\n|move|p2a: Urshifu|Close Combat|p1a: Kyogre\n|-damage|p1a: Kyogre|0 fnt\n|-unboost|p2a: Urshifu|def|1\n|-unboost|p2a: Urshifu|spd|1\n|faint|p1a: Kyogre\n|\n|-weather|RainDance|[upkeep]\n|upkeep\n|\n|t:|1781446711\n|switch|p1a: Urshifu|Urshifu-Rapid-Strike, L75, M|274/274\n|turn|10\n|\n|t:|1781446715\n|switch|p2a: Dusknoir|Dusknoir, L89, M|225/225\n|-item|p1a: Urshifu|Choice Scarf|[from] ability: Frisk|[of] p2a: Dusknoir\n|move|p1a: Urshifu|Ice Spinner|p2a: Dusknoir\n|-damage|p2a: Dusknoir|188/225\n|\n|-weather|RainDance|[upkeep]\n|upkeep\n|turn|11\n|\n|t:|1781446721\n|switch|p1a: Ursaring|Ursaring, L84, F|288/288\n|move|p2a: Dusknoir|Poltergeist|p1a: Ursaring\n|-immune|p1a: Ursaring\n|\n|-weather|RainDance|[upkeep]\n|-status|p1a: Ursaring|tox|[from] item: Toxic Orb\n|upkeep\n|turn|12\n|\n|t:|1781446730\n|switch|p2a: Urshifu|Urshifu-Rapid-Strike, L75, F|274/274\n|move|p1a: Ursaring|Facade|p2a: Urshifu\n|-damage|p2a: Urshifu|81/274\n|\n|-weather|none\n|-damage|p1a: Ursaring|270/288 tox|[from] psn\n|upkeep\n|turn|13\n|\n|t:|1781446735\n|move|p2a: Urshifu|Close Combat|p1a: Ursaring\n|-supereffective|p1a: Ursaring\n|-damage|p1a: Ursaring|0 fnt\n|-unboost|p2a: Urshifu|def|1\n|-unboost|p2a: Urshifu|spd|1\n|faint|p1a: Ursaring\n|\n|upkeep\n|\n|t:|1781446756\n|switch|p1a: Urshifu|Urshifu-Rapid-Strike, L75, M|274/274\n|turn|14\n|\n|t:|1781446759\n|switch|p2a: Exeggutor|Exeggutor-Alola, L89, M|314/314\n|-item|p1a: Urshifu|Choice Scarf|[from] ability: Frisk|[of] p2a: Exeggutor\n|move|p1a: Urshifu|U-turn|p2a: Exeggutor\n|-supereffective|p2a: Exeggutor\n|-damage|p2a: Exeggutor|210/314\n|\n|t:|1781446763\n|switch|p1a: Baxcalibur|Baxcalibur, L75, F|295/295|[from] U-turn\n|\n|upkeep\n|turn|15\n|\n|t:|1781446769\n|move|p1a: Baxcalibur|Glaive Rush|p2a: Exeggutor\n|-supereffective|p2a: Exeggutor\n|-damage|p2a: Exeggutor|0 fnt\n|-singlemove|p1a: Baxcalibur|Glaive Rush|[silent]\n|faint|p2a: Exeggutor\n|\n|upkeep\n|\n|t:|1781446771\n|switch|p2a: Urshifu|Urshifu-Rapid-Strike, L75, F|81/274\n|turn|16\n|\n|t:|1781446782\n|switch|p1a: Urshifu|Urshifu-Rapid-Strike, L75, M|274/274\n|move|p2a: Urshifu|Close Combat|p1a: Urshifu\n|-damage|p1a: Urshifu|147/274\n|-unboost|p2a: Urshifu|def|1\n|-unboost|p2a: Urshifu|spd|1\n|\n|upkeep\n|turn|17\n|\n|t:|1781446788\n|move|p1a: Urshifu|Surging Strikes|p2a: Urshifu\n|-resisted|p2a: Urshifu\n|-crit|p2a: Urshifu\n|-damage|p2a: Urshifu|48/274\n|-resisted|p2a: Urshifu\n|-crit|p2a: Urshifu\n|-damage|p2a: Urshifu|17/274\n|-resisted|p2a: Urshifu\n|-crit|p2a: Urshifu\n|-damage|p2a: Urshifu|0 fnt\n|faint|p2a: Urshifu\n|-hitcount|p2: Urshifu|3\n|\n|upkeep\n|\n|t:|1781446790\n|switch|p2a: Dusknoir|Dusknoir, L89, M|188/225\n|-item|p1a: Urshifu|Choice Scarf|[from] ability: Frisk|[of] p2a: Dusknoir\n|turn|18\n|\n|t:|1781446793\n|move|p1a: Urshifu|Surging Strikes|p2a: Dusknoir\n|-crit|p2a: Dusknoir\n|-damage|p2a: Dusknoir|157/225\n|-crit|p2a: Dusknoir\n|-damage|p2a: Dusknoir|127/225\n|-crit|p2a: Dusknoir\n|-damage|p2a: Dusknoir|99/225\n|-hitcount|p2a: Dusknoir|3\n|move|p2a: Dusknoir|Poltergeist|p1a: Urshifu\n|-activate|p1a: Urshifu|move: Poltergeist|Choice Scarf\n|-crit|p1a: Urshifu\n|-damage|p1a: Urshifu|0 fnt\n|faint|p1a: Urshifu\n|\n|upkeep\n|\n|t:|1781446795\n|switch|p1a: Baxcalibur|Baxcalibur, L75, F|295/295\n|turn|19\n|\n|t:|1781446796\n|move|p1a: Baxcalibur|Glaive Rush|p2a: Dusknoir\n|-damage|p2a: Dusknoir|0 fnt\n|-singlemove|p1a: Baxcalibur|Glaive Rush|[silent]\n|faint|p2a: Dusknoir\n|\n|win|Batram\n", "uploadtime": 1781446585, "views": 4, "formatid": "gen9randombattle", "rating": null, "private": 0, "password": null}