{"id": "gen9randombattle-2631873288", "format": "[Gen 9] Random Battle", "players": ["AerachAisteach", "Reulsen"], "log": "|j|\u2606AerachAisteach\n|j|\u2606Reulsen\n|t:|1781450616\n|gametype|singles\n|player|p1|AerachAisteach|1|1952\n|player|p2|Reulsen|red|1971\n|gen|9\n|tier|[Gen 9] Random Battle\n|rated|\n|rule|Species Clause: Limit one of each Pok\u00e9mon\n|rule|HP Percentage Mod: HP is shown in percentages\n|rule|Sleep Clause Mod: Limit one foe put to sleep\n|rule|Illusion Level Mod: Illusion disguises the Pok\u00e9mon's true level\n|\n|t:|1781450616\n|teamsize|p1|6\n|teamsize|p2|6\n|start\n|switch|p1a: Scream Tail|Scream Tail, L84|330/330\n|switch|p2a: Heracross|Heracross, L80, F|259/259\n|turn|1\n|inactive|Battle timer is ON: inactive players will automatically lose when time's up. (requested by AerachAisteach)\n|\n|t:|1781450683\n|switch|p2a: Regieleki|Regieleki, L79|256/256\n|move|p1a: Scream Tail|Dazzling Gleam|p2a: Regieleki\n|-damage|p2a: Regieleki|165/256\n|\n|upkeep\n|turn|2\n|inactive|AerachAisteach has 120 seconds left.\n|\n|t:|1781450723\n|move|p2a: Regieleki|Volt Switch|p1a: Scream Tail\n|-damage|p1a: Scream Tail|243/330\n|\n|t:|1781450752\n|switch|p2a: Suicune|Suicune, L82|298/298|[from] Volt Switch\n|-ability|p2a: Suicune|Pressure\n|move|p1a: Scream Tail|Dazzling Gleam|p2a: Suicune\n|-damage|p2a: Suicune|246/298\n|\n|-heal|p1a: Scream Tail|263/330|[from] item: Leftovers\n|-heal|p2a: Suicune|264/298|[from] item: Leftovers\n|upkeep\n|turn|3\n|inactive|AerachAisteach has 120 seconds left.\n|\n|t:|1781450764\n|move|p1a: Scream Tail|Dazzling Gleam|p2a: Suicune\n|-damage|p2a: Suicune|210/298\n|move|p2a: Suicune|Substitute|p2a: Suicune\n|-start|p2a: Suicune|Substitute\n|-damage|p2a: Suicune|136/298\n|\n|-heal|p1a: Scream Tail|283/330|[from] item: Leftovers\n|-heal|p2a: Suicune|154/298|[from] item: Leftovers\n|upkeep\n|turn|4\n|\n|t:|1781450769\n|move|p1a: Scream Tail|Encore|p2a: Suicune\n|-start|p2a: Suicune|Encore\n|move|p2a: Suicune|Substitute|p2a: Suicune\n|-fail|p2a: Suicune|move: Substitute\n|\n|-heal|p1a: Scream Tail|303/330|[from] item: Leftovers\n|-heal|p2a: Suicune|172/298|[from] item: Leftovers\n|upkeep\n|turn|5\n|inactive|AerachAisteach has 120 seconds left.\n|\n|t:|1781450794\n|-end|p1a: Scream Tail|Protosynthesis|[silent]\n|switch|p1a: Iron Bundle|Iron Bundle, L78|215/215\n|switch|p2a: Veluza|Veluza, L85, M|292/292\n|\n|upkeep\n|turn|6\n|\n|t:|1781450808\n|move|p1a: Iron Bundle|Freeze-Dry|p2a: Veluza\n|-supereffective|p2a: Veluza\n|-damage|p2a: Veluza|92/292\n|move|p2a: Veluza|Psycho Cut|p1a: Iron Bundle\n|-damage|p1a: Iron Bundle|68/215\n|\n|upkeep\n|turn|7\n|\n|t:|1781450821\n|move|p1a: Iron Bundle|Freeze-Dry|p2a: Veluza\n|-supereffective|p2a: Veluza\n|-crit|p2a: Veluza\n|-damage|p2a: Veluza|0 fnt\n|faint|p2a: Veluza\n|\n|upkeep\n|\n|t:|1781450825\n|switch|p2a: Regieleki|Regieleki, L79|165/256\n|turn|8\n|\n|t:|1781450839\n|-end|p1a: Iron Bundle|Quark Drive|[silent]\n|switch|p1a: Jolteon|Jolteon, L84, M|246/246\n|move|p2a: Regieleki|Thunderbolt|p1a: Jolteon\n|-immune|p1a: Jolteon|[from] ability: Volt Absorb\n|\n|upkeep\n|turn|9\n|\n|t:|1781450853\n|switch|p2a: Whimsicott|Whimsicott, L84, F|238/238\n|move|p1a: Jolteon|Calm Mind|p1a: Jolteon\n|-boost|p1a: Jolteon|spa|1\n|-boost|p1a: Jolteon|spd|1\n|\n|upkeep\n|turn|10\n|\n|t:|1781450859\n|switch|p1a: Indeedee|Indeedee, L84, M|238/238\n|-fieldstart|move: Psychic Terrain|[from] ability: Psychic Surge|[of] p1a: Indeedee\n|move|p2a: Whimsicott|Encore|p1a: Indeedee\n|-activate|p1a: Indeedee|move: Psychic Terrain\n|\n|upkeep\n|turn|11\n|\n|t:|1781450871\n|move|p1a: Indeedee|Expanding Force|p2a: Whimsicott\n|-damage|p2a: Whimsicott|48/238\n|move|p2a: Whimsicott|Moonblast|p1a: Indeedee\n|-damage|p1a: Indeedee|154/238\n|\n|-heal|p2a: Whimsicott|62/238|[from] item: Leftovers\n|upkeep\n|turn|12\n|\n|t:|1781450882\n|move|p1a: Indeedee|Expanding Force|p2a: Whimsicott\n|-damage|p2a: Whimsicott|0 fnt\n|faint|p2a: Whimsicott\n|\n|upkeep\n|\n|t:|1781450892\n|switch|p2a: Suicune|Suicune, L82|172/298\n|-ability|p2a: Suicune|Pressure\n|turn|13\n|\n|t:|1781450897\n|move|p2a: Suicune|Protect|p2a: Suicune\n|-singleturn|p2a: Suicune|Protect\n|move|p1a: Indeedee|Expanding Force|p2a: Suicune\n|-activate|p2a: Suicune|move: Protect\n|\n|-heal|p2a: Suicune|190/298|[from] item: Leftovers\n|upkeep\n|turn|14\n|\n|t:|1781450906\n|-terastallize|p2a: Suicune|Steel\n|move|p1a: Indeedee|Expanding Force|p2a: Suicune\n|-resisted|p2a: Suicune\n|-damage|p2a: Suicune|113/298\n|move|p2a: Suicune|Calm Mind|p2a: Suicune\n|-boost|p2a: Suicune|spa|1\n|-boost|p2a: Suicune|spd|1\n|\n|-heal|p2a: Suicune|131/298|[from] item: Leftovers\n|-fieldend|move: Psychic Terrain\n|upkeep\n|turn|15\n|\n|t:|1781450925\n|switch|p1a: Scream Tail|Scream Tail, L84|303/330\n|move|p2a: Suicune|Scald|p1a: Scream Tail\n|-damage|p1a: Scream Tail|207/330\n|-status|p1a: Scream Tail|brn\n|\n|-heal|p1a: Scream Tail|227/330 brn|[from] item: Leftovers\n|-heal|p2a: Suicune|149/298|[from] item: Leftovers\n|-damage|p1a: Scream Tail|207/330 brn|[from] brn\n|upkeep\n|turn|16\n|\n|t:|1781450937\n|move|p1a: Scream Tail|Wish|p1a: Scream Tail\n|move|p2a: Suicune|Scald|p1a: Scream Tail\n|-damage|p1a: Scream Tail|120/330 brn\n|\n|-heal|p1a: Scream Tail|140/330 brn|[from] item: Leftovers\n|-heal|p2a: Suicune|167/298|[from] item: Leftovers\n|-damage|p1a: Scream Tail|120/330 brn|[from] brn\n|upkeep\n|turn|17\n|\n|t:|1781450954\n|move|p1a: Scream Tail|Protect|p1a: Scream Tail\n|-singleturn|p1a: Scream Tail|Protect\n|move|p2a: Suicune|Scald|p1a: Scream Tail\n|-activate|p1a: Scream Tail|move: Protect\n|\n|-heal|p1a: Scream Tail|285/330 brn|[from] move: Wish|[wisher] Scream Tail\n|-heal|p1a: Scream Tail|305/330 brn|[from] item: Leftovers\n|-heal|p2a: Suicune|185/298|[from] item: Leftovers\n|-damage|p1a: Scream Tail|285/330 brn|[from] brn\n|upkeep\n|turn|18\n|\n|t:|1781450958\n|move|p1a: Scream Tail|Wish|p1a: Scream Tail\n|move|p2a: Suicune|Scald|p1a: Scream Tail\n|-damage|p1a: Scream Tail|188/330 brn\n|\n|-heal|p1a: Scream Tail|208/330 brn|[from] item: Leftovers\n|-heal|p2a: Suicune|203/298|[from] item: Leftovers\n|-damage|p1a: Scream Tail|188/330 brn|[from] brn\n|upkeep\n|turn|19\n|\n|t:|1781450975\n|move|p1a: Scream Tail|Protect|p1a: Scream Tail\n|-singleturn|p1a: Scream Tail|Protect\n|move|p2a: Suicune|Scald|p1a: Scream Tail\n|-activate|p1a: Scream Tail|move: Protect\n|\n|-heal|p1a: Scream Tail|330/330 brn|[from] move: Wish|[wisher] Scream Tail\n|-heal|p2a: Suicune|221/298|[from] item: Leftovers\n|-damage|p1a: Scream Tail|310/330 brn|[from] brn\n|upkeep\n|turn|20\n|\n|t:|1781450979\n|move|p1a: Scream Tail|Wish|p1a: Scream Tail\n|move|p2a: Suicune|Scald|p1a: Scream Tail\n|-damage|p1a: Scream Tail|223/330 brn\n|\n|-heal|p1a: Scream Tail|243/330 brn|[from] item: Leftovers\n|-heal|p2a: Suicune|239/298|[from] item: Leftovers\n|-damage|p1a: Scream Tail|223/330 brn|[from] brn\n|upkeep\n|turn|21\n|\n|t:|1781450989\n|-end|p1a: Scream Tail|Protosynthesis|[silent]\n|switch|p1a: Iron Bundle|Iron Bundle, L78|68/215\n|move|p2a: Suicune|Scald|p1a: Iron Bundle\n|-resisted|p1a: Iron Bundle\n|-damage|p1a: Iron Bundle|0 fnt\n|faint|p1a: Iron Bundle\n|-end|p1a: Iron Bundle|Quark Drive|[silent]\n|\n|-heal|p2a: Suicune|257/298|[from] item: Leftovers\n|upkeep\n|c|\u2606AerachAisteach|wah!\n|\n|t:|1781450997\n|switch|p1a: Scream Tail|Scream Tail, L84|223/330 brn\n|turn|22\n|\n|t:|1781451013\n|switch|p2a: Lycanroc|Lycanroc-Dusk, L81, M|254/254\n|move|p1a: Scream Tail|Wish|p1a: Scream Tail\n|\n|-heal|p1a: Scream Tail|243/330 brn|[from] item: Leftovers\n|-damage|p1a: Scream Tail|223/330 brn|[from] brn\n|upkeep\n|turn|23\n|\n|t:|1781451032\n|move|p1a: Scream Tail|Protect|p1a: Scream Tail\n|-singleturn|p1a: Scream Tail|Protect\n|move|p2a: Lycanroc|Stone Edge|p1a: Scream Tail\n|-activate|p1a: Scream Tail|move: Protect\n|\n|-heal|p1a: Scream Tail|330/330 brn|[from] move: Wish|[wisher] Scream Tail\n|-damage|p1a: Scream Tail|310/330 brn|[from] brn\n|upkeep\n|turn|24\n|\n|t:|1781451035\n|move|p1a: Scream Tail|Wish|p1a: Scream Tail\n|move|p2a: Lycanroc|Stone Edge|p1a: Scream Tail\n|-damage|p1a: Scream Tail|172/330 brn\n|-damage|p2a: Lycanroc|229/254|[from] item: Life Orb\n|\n|-heal|p1a: Scream Tail|192/330 brn|[from] item: Leftovers\n|-damage|p1a: Scream Tail|172/330 brn|[from] brn\n|upkeep\n|turn|25\n|\n|t:|1781451049\n|move|p1a: Scream Tail|Dazzling Gleam|p2a: Lycanroc\n|-damage|p2a: Lycanroc|144/254\n|move|p2a: Lycanroc|Stone Edge|p1a: Scream Tail\n|-damage|p1a: Scream Tail|32/330 brn\n|-damage|p2a: Lycanroc|119/254|[from] item: Life Orb\n|\n|-heal|p1a: Scream Tail|197/330 brn|[from] move: Wish|[wisher] Scream Tail\n|-heal|p1a: Scream Tail|217/330 brn|[from] item: Leftovers\n|-damage|p1a: Scream Tail|197/330 brn|[from] brn\n|upkeep\n|turn|26\n|\n|t:|1781451069\n|move|p1a: Scream Tail|Wish|p1a: Scream Tail\n|move|p2a: Lycanroc|Stone Edge|p1a: Scream Tail\n|-damage|p1a: Scream Tail|57/330 brn\n|-damage|p2a: Lycanroc|94/254|[from] item: Life Orb\n|\n|-heal|p1a: Scream Tail|77/330 brn|[from] item: Leftovers\n|-damage|p1a: Scream Tail|57/330 brn|[from] brn\n|upkeep\n|turn|27\n|\n|t:|1781451079\n|switch|p2a: Heracross|Heracross, L80, F|259/259\n|move|p1a: Scream Tail|Protect||[still]\n|-fail|p1a: Scream Tail\n|\n|-heal|p1a: Scream Tail|222/330 brn|[from] move: Wish|[wisher] Scream Tail\n|-heal|p1a: Scream Tail|242/330 brn|[from] item: Leftovers\n|-damage|p1a: Scream Tail|222/330 brn|[from] brn\n|-status|p2a: Heracross|brn|[from] item: Flame Orb\n|upkeep\n|turn|28\n|\n|t:|1781451091\n|move|p1a: Scream Tail|Protect|p1a: Scream Tail\n|-singleturn|p1a: Scream Tail|Protect\n|move|p2a: Heracross|Trailblaze|p1a: Scream Tail\n|-activate|p1a: Scream Tail|move: Protect\n|\n|-heal|p1a: Scream Tail|242/330 brn|[from] item: Leftovers\n|-damage|p1a: Scream Tail|222/330 brn|[from] brn\n|-damage|p2a: Heracross|243/259 brn|[from] brn\n|upkeep\n|turn|29\n|\n|t:|1781451095\n|move|p1a: Scream Tail|Encore|p2a: Heracross\n|-start|p2a: Heracross|Encore\n|move|p2a: Heracross|Trailblaze|p1a: Scream Tail\n|-damage|p1a: Scream Tail|169/330 brn\n|-boost|p2a: Heracross|spe|1\n|\n|-heal|p1a: Scream Tail|189/330 brn|[from] item: Leftovers\n|-damage|p2a: Heracross|227/259 brn|[from] brn\n|-damage|p1a: Scream Tail|169/330 brn|[from] brn\n|upkeep\n|turn|30\n|\n|t:|1781451098\n|switch|p2a: Lycanroc|Lycanroc-Dusk, L81, M|94/254\n|move|p1a: Scream Tail|Wish|p1a: Scream Tail\n|\n|-heal|p1a: Scream Tail|189/330 brn|[from] item: Leftovers\n|-damage|p1a: Scream Tail|169/330 brn|[from] brn\n|upkeep\n|turn|31\n|\n|t:|1781451110\n|move|p1a: Scream Tail|Dazzling Gleam|p2a: Lycanroc\n|-crit|p2a: Lycanroc\n|-damage|p2a: Lycanroc|0 fnt\n|faint|p2a: Lycanroc\n|\n|-heal|p1a: Scream Tail|330/330 brn|[from] move: Wish|[wisher] Scream Tail\n|-damage|p1a: Scream Tail|310/330 brn|[from] brn\n|upkeep\n|l|\u2606Reulsen\n|inactive|Reulsen disconnected and has a minute to reconnect!\n|player|p2|\n|inactive|Reulsen has 30 seconds to reconnect!\n|inactive|Reulsen has 20 seconds to reconnect!\n|inactive|Reulsen has 15 seconds to reconnect!\n|inactive|Reulsen has 10 seconds to reconnect!\n|inactive|Reulsen has 5 seconds to reconnect!\n|-message|Reulsen lost due to inactivity.\n|\n|win|AerachAisteach\n", "uploadtime": 1781450619, "views": 3, "formatid": "gen9randombattle", "rating": null, "private": 0, "password": null}