{"id": "gen9randombattle-2631924175", "format": "[Gen 9] Random Battle", "players": ["Alexander Babits", "YUNGCORV"], "log": "|j|\u203dAlexander Babits\n|j|\u2606YUNGCORV\n|t:|1781456152\n|gametype|singles\n|player|p1|Alexander Babits|2|2079\n|player|p2|YUNGCORV|1|2130\n|gen|9\n|tier|[Gen 9] Random Battle\n|rated|\n|rule|Species Clause: Limit one of each Pok\u00e9mon\n|rule|HP Percentage Mod: HP is shown in percentages\n|rule|Sleep Clause Mod: Limit one foe put to sleep\n|rule|Illusion Level Mod: Illusion disguises the Pok\u00e9mon's true level\n|\n|t:|1781456152\n|teamsize|p1|6\n|teamsize|p2|6\n|start\n|switch|p1a: Palafin|Palafin, L77, F|281/281\n|switch|p2a: Piloswine|Piloswine, L85, F|309/309\n|turn|1\n|inactive|Battle timer is ON: inactive players will automatically lose when time's up. (requested by YUNGCORV)\n|\n|t:|1781456181\n|detailschange|p1a: Palafin|Palafin-Hero, L77, F\n|switch|p1a: Espeon|Espeon, L84, M|246/246\n|move|p2a: Piloswine|Stealth Rock|p1a: Espeon\n|move|p1a: Espeon|Stealth Rock|p2a: Piloswine|[from] ability: Magic Bounce\n|-sidestart|p2: YUNGCORV|move: Stealth Rock\n|\n|upkeep\n|turn|2\n|\n|t:|1781456209\n|switch|p1a: Palafin|Palafin-Hero, L77, F|281/281\n|-activate|p1a: Palafin|ability: Zero to Hero\n|switch|p2a: Iron Treads|Iron Treads, L77|265/265\n|-damage|p2a: Iron Treads|257/265|[from] Stealth Rock\n|\n|upkeep\n|turn|3\n|\n|t:|1781456229\n|move|p2a: Iron Treads|Volt Switch|p1a: Palafin\n|-supereffective|p1a: Palafin\n|-damage|p1a: Palafin|203/281\n|\n|t:|1781456232\n|-end|p2a: Iron Treads|Quark Drive|[silent]\n|switch|p2a: Rayquaza|Rayquaza, L72|270/270|[from] Volt Switch\n|-ability|p2a: Rayquaza|Air Lock\n|move|p1a: Palafin|Bulk Up|p1a: Palafin\n|-boost|p1a: Palafin|atk|1\n|-boost|p1a: Palafin|def|1\n|\n|-heal|p1a: Palafin|220/281|[from] item: Leftovers\n|upkeep\n|turn|4\n|\n|t:|1781456248\n|-terastallize|p2a: Rayquaza|Steel\n|move|p1a: Palafin|Ice Punch|p2a: Rayquaza\n|-resisted|p2a: Rayquaza\n|-damage|p2a: Rayquaza|211/270\n|move|p2a: Rayquaza|Dragon Dance|p2a: Rayquaza\n|-boost|p2a: Rayquaza|atk|1\n|-boost|p2a: Rayquaza|spe|1\n|\n|-heal|p1a: Palafin|237/281|[from] item: Leftovers\n|upkeep\n|turn|5\n|\n|t:|1781456258\n|move|p2a: Rayquaza|Outrage|p1a: Palafin\n|-damage|p1a: Palafin|113/281\n|move|p1a: Palafin|Drain Punch|p2a: Rayquaza\n|-supereffective|p2a: Rayquaza\n|-damage|p2a: Rayquaza|0 fnt\n|-heal|p1a: Palafin|219/281|[from] drain|[of] p2a: Rayquaza\n|faint|p2a: Rayquaza\n|\n|-heal|p1a: Palafin|236/281|[from] item: Leftovers\n|upkeep\n|l|\u2606YUNGCORV\n|inactive|YUNGCORV disconnected and has a minute to reconnect!\n|player|p2|\n|inactive|YUNGCORV has 30 seconds to reconnect!\n|inactive|YUNGCORV has 20 seconds to reconnect!\n|inactive|YUNGCORV has 15 seconds to reconnect!\n|inactive|YUNGCORV has 10 seconds to reconnect!\n|inactive|YUNGCORV has 5 seconds to reconnect!\n|-message|YUNGCORV lost due to inactivity.\n|\n|win|Alexander Babits\n", "uploadtime": 1781456154, "views": 5, "formatid": "gen9randombattle", "rating": null, "private": 0, "password": null}