{"id": "gen9randombattle-2631760604", "format": "[Gen 9] Random Battle", "players": ["d4ky", "Chawal111"], "log": "|j|\u2606d4ky\n|j|\u2606Chawal111\n|t:|1781435341\n|gametype|singles\n|player|p1|d4ky|2|\n|player|p2|Chawal111|170|\n|gen|9\n|tier|[Gen 9] Random Battle\n|rule|Species Clause: Limit one of each Pok\u00e9mon\n|rule|HP Percentage Mod: HP is shown in percentages\n|rule|Sleep Clause Mod: Limit one foe put to sleep\n|rule|Illusion Level Mod: Illusion disguises the Pok\u00e9mon's true level\n|\n|t:|1781435341\n|teamsize|p1|6\n|teamsize|p2|6\n|start\n|switch|p1a: Dragapult|Dragapult, L77, F|262/262\n|switch|p2a: Hypno|Hypno, L95, F|315/315\n|turn|1\n|\n|t:|1781435367\n|switch|p1a: Floatzel|Floatzel, L86, F|286/286\n|move|p2a: Hypno|Knock Off|p1a: Floatzel\n|-damage|p1a: Floatzel|196/286\n|-enditem|p1a: Floatzel|Choice Band|[from] move: Knock Off|[of] p2a: Hypno\n|\n|upkeep\n|turn|2\n|\n|t:|1781435386\n|switch|p1a: Dragapult|Dragapult, L77, F|262/262\n|move|p2a: Hypno|Toxic|p1a: Dragapult\n|-status|p1a: Dragapult|tox\n|\n|-damage|p1a: Dragapult|246/262 tox|[from] psn\n|upkeep\n|turn|3\n|\n|t:|1781435395\n|move|p1a: Dragapult|Dragon Dance|p1a: Dragapult\n|-boost|p1a: Dragapult|atk|1\n|-boost|p1a: Dragapult|spe|1\n|move|p2a: Hypno|Knock Off|p1a: Dragapult\n|-supereffective|p1a: Dragapult\n|-damage|p1a: Dragapult|86/262 tox\n|-enditem|p1a: Dragapult|Life Orb|[from] move: Knock Off|[of] p2a: Hypno\n|\n|-damage|p1a: Dragapult|54/262 tox|[from] psn\n|upkeep\n|turn|4\n|\n|t:|1781435407\n|move|p1a: Dragapult|Dragon Darts|p2a: Hypno\n|-damage|p2a: Hypno|233/315\n|-anim|p1a: Dragapult|Dragon Darts|p2a: Hypno\n|-damage|p2a: Hypno|152/315\n|move|p2a: Hypno|Knock Off|p1a: Dragapult\n|-supereffective|p1a: Dragapult\n|-damage|p1a: Dragapult|0 fnt\n|faint|p1a: Dragapult\n|\n|-heal|p2a: Hypno|171/315|[from] item: Leftovers\n|upkeep\n|\n|t:|1781435427\n|switch|p1a: Roaring Moon|Roaring Moon, L72|270/270\n|turn|5\n|\n|t:|1781435438\n|move|p1a: Roaring Moon|Knock Off|p2a: Hypno\n|-supereffective|p2a: Hypno\n|-damage|p2a: Hypno|0 fnt\n|-enditem|p2a: Hypno|Leftovers|[from] move: Knock Off|[of] p1a: Roaring Moon\n|faint|p2a: Hypno\n|\n|upkeep\n|\n|t:|1781435479\n|switch|p2a: Regirock|Regirock, L83|268/268\n|turn|6\n|\n|t:|1781435491\n|move|p1a: Roaring Moon|Knock Off|p2a: Regirock\n|-damage|p2a: Regirock|193/268\n|-enditem|p2a: Regirock|Chesto Berry|[from] move: Knock Off|[of] p1a: Roaring Moon\n|move|p2a: Regirock|Body Press|p1a: Roaring Moon\n|-supereffective|p1a: Roaring Moon\n|-damage|p1a: Roaring Moon|0 fnt\n|faint|p1a: Roaring Moon\n|-end|p1a: Roaring Moon|Protosynthesis|[silent]\n|\n|upkeep\n|\n|t:|1781435500\n|switch|p1a: Floatzel|Floatzel, L86, F|196/286\n|turn|7\n|\n|t:|1781435509\n|move|p1a: Floatzel|Wave Crash|p2a: Regirock\n|-supereffective|p2a: Regirock\n|-damage|p2a: Regirock|37/268\n|-damage|p1a: Floatzel|145/286|[from] Recoil\n|move|p2a: Regirock|Body Press|p1a: Floatzel\n|-damage|p1a: Floatzel|7/286\n|\n|upkeep\n|turn|8\n|\n|t:|1781435522\n|move|p1a: Floatzel|Flip Turn|p2a: Regirock\n|-supereffective|p2a: Regirock\n|-damage|p2a: Regirock|0 fnt\n|faint|p2a: Regirock\n|\n|t:|1781435531\n|switch|p1a: Chandelure|Chandelure, L83, F|235/235|[from] Flip Turn\n|\n|upkeep\n|\n|t:|1781435542\n|switch|p2a: Cramorant|Cramorant, L86, M|261/261\n|turn|9\n|\n|t:|1781435554\n|-terastallize|p1a: Chandelure|Ghost\n|move|p1a: Chandelure|Energy Ball|p2a: Cramorant\n|-damage|p2a: Cramorant|185/261\n|move|p2a: Cramorant|Surf|p1a: Chandelure\n|-formechange|p2a: Cramorant|Cramorant-Gulping|\n|-damage|p1a: Chandelure|147/235\n|\n|upkeep\n|turn|10\n|\n|t:|1781435576\n|move|p1a: Chandelure|Energy Ball|p2a: Cramorant\n|-damage|p2a: Cramorant|98/261\n|-damage|p1a: Chandelure|89/235|[from] ability: Gulp Missile|[of] p2a: Cramorant\n|-unboost|p1a: Chandelure|def|1\n|-formechange|p2a: Cramorant|Cramorant|\n|move|p2a: Cramorant|Surf|p1a: Chandelure\n|-formechange|p2a: Cramorant|Cramorant-Gorging|\n|-damage|p1a: Chandelure|2/235\n|\n|upkeep\n|turn|11\n|\n|t:|1781435591\n|move|p1a: Chandelure|Energy Ball|p2a: Cramorant\n|-damage|p2a: Cramorant|23/261\n|-damage|p1a: Chandelure|0 fnt|[from] ability: Gulp Missile|[of] p2a: Cramorant\n|-formechange|p2a: Cramorant|Cramorant|\n|faint|p1a: Chandelure\n|move|p2a: Cramorant|Surf|p1: Chandelure|[notarget]\n|-fail|p2a: Cramorant\n|\n|upkeep\n|\n|t:|1781435611\n|switch|p1a: Floatzel|Floatzel, L86, F|7/286\n|turn|12\n|\n|t:|1781435623\n|move|p1a: Floatzel|Crunch|p2a: Cramorant\n|-damage|p2a: Cramorant|0 fnt\n|faint|p2a: Cramorant\n|\n|upkeep\n|\n|t:|1781435660\n|switch|p2a: Calyrex|Calyrex-Ice, L72|263/263\n|-ability|p2a: Calyrex|As One\n|-ability|p2a: Calyrex|Unnerve\n|turn|13\n|\n|t:|1781435674\n|move|p1a: Floatzel|Crunch|p2a: Calyrex\n|-supereffective|p2a: Calyrex\n|-damage|p2a: Calyrex|165/263\n|-enditem|p2a: Calyrex|Weakness Policy\n|-boost|p2a: Calyrex|atk|2|[from] item: Weakness Policy\n|-boost|p2a: Calyrex|spa|2|[from] item: Weakness Policy\n|move|p2a: Calyrex|High Horsepower|p1a: Floatzel\n|-damage|p1a: Floatzel|0 fnt\n|faint|p1a: Floatzel\n|-ability|p2a: Calyrex|Chilling Neigh|boost\n|-boost|p2a: Calyrex|atk|1\n|\n|upkeep\n|\n|t:|1781435690\n|switch|p1a: Wyrdeer|Wyrdeer, L87, M|321/321\n|-ability|p1a: Wyrdeer|Intimidate|boost\n|-unboost|p2a: Calyrex|atk|1\n|turn|14\n|\n|t:|1781435700\n|move|p1a: Wyrdeer|Earthquake|p2a: Calyrex\n|-damage|p2a: Calyrex|109/263\n|move|p2a: Calyrex|High Horsepower|p1a: Wyrdeer\n|-damage|p1a: Wyrdeer|165/321\n|\n|-heal|p1a: Wyrdeer|185/321|[from] item: Leftovers\n|upkeep\n|turn|15\n|\n|t:|1781435727\n|move|p1a: Wyrdeer|Body Slam|p2a: Calyrex\n|-damage|p2a: Calyrex|34/263\n|move|p2a: Calyrex|High Horsepower|p1a: Wyrdeer\n|-damage|p1a: Wyrdeer|16/321\n|\n|-heal|p1a: Wyrdeer|36/321|[from] item: Leftovers\n|upkeep\n|turn|16\n|\n|t:|1781435743\n|move|p1a: Wyrdeer|Body Slam|p2a: Calyrex\n|-damage|p2a: Calyrex|0 fnt\n|faint|p2a: Calyrex\n|\n|-heal|p1a: Wyrdeer|56/321|[from] item: Leftovers\n|upkeep\n|\n|t:|1781435778\n|switch|p2a: Swalot|Swalot, L90, F|326/326\n|turn|17\n|\n|t:|1781435807\n|move|p1a: Wyrdeer|Earthquake|p2a: Swalot\n|-supereffective|p2a: Swalot\n|-damage|p2a: Swalot|170/326\n|move|p2a: Swalot|Knock Off|p1a: Wyrdeer\n|-supereffective|p1a: Wyrdeer\n|-damage|p1a: Wyrdeer|0 fnt\n|-enditem|p1a: Wyrdeer|Leftovers|[from] move: Knock Off|[of] p2a: Swalot\n|faint|p1a: Wyrdeer\n|\n|-heal|p2a: Swalot|190/326|[from] item: Leftovers\n|upkeep\n|\n|t:|1781435818\n|switch|p1a: Gliscor|Gliscor, L76, F|239/239\n|turn|18\n|\n|t:|1781435827\n|move|p1a: Gliscor|Earthquake|p2a: Swalot\n|-supereffective|p2a: Swalot\n|-crit|p2a: Swalot\n|-damage|p2a: Swalot|0 fnt\n|faint|p2a: Swalot\n|\n|-status|p1a: Gliscor|tox|[from] item: Toxic Orb\n|upkeep\n|\n|t:|1781435836\n|switch|p2a: Vivillon|Vivillon-Tundra, L83, M|268/268\n|turn|19\n|\n|t:|1781435860\n|move|p2a: Vivillon|Quiver Dance|p2a: Vivillon\n|-boost|p2a: Vivillon|spa|1\n|-boost|p2a: Vivillon|spd|1\n|-boost|p2a: Vivillon|spe|1\n|move|p1a: Gliscor|Toxic|p2a: Vivillon\n|-status|p2a: Vivillon|tox\n|\n|-damage|p2a: Vivillon|252/268 tox|[from] psn\n|upkeep\n|turn|20\n|\n|t:|1781435883\n|move|p1a: Gliscor|Protect|p1a: Gliscor\n|-singleturn|p1a: Gliscor|Protect\n|move|p2a: Vivillon|Hurricane|p1a: Gliscor\n|-activate|p1a: Gliscor|move: Protect\n|\n|-damage|p2a: Vivillon|220/268 tox|[from] psn\n|upkeep\n|turn|21\n|\n|t:|1781435895\n|move|p2a: Vivillon|Quiver Dance|p2a: Vivillon\n|-boost|p2a: Vivillon|spa|1\n|-boost|p2a: Vivillon|spd|1\n|-boost|p2a: Vivillon|spe|1\n|move|p1a: Gliscor|Knock Off|p2a: Vivillon\n|-damage|p2a: Vivillon|143/268 tox\n|-enditem|p2a: Vivillon|Heavy-Duty Boots|[from] move: Knock Off|[of] p1a: Gliscor\n|\n|-damage|p2a: Vivillon|95/268 tox|[from] psn\n|upkeep\n|turn|22\n|\n|t:|1781435906\n|move|p1a: Gliscor|Protect|p1a: Gliscor\n|-singleturn|p1a: Gliscor|Protect\n|move|p2a: Vivillon|Quiver Dance|p2a: Vivillon\n|-boost|p2a: Vivillon|spa|1\n|-boost|p2a: Vivillon|spd|1\n|-boost|p2a: Vivillon|spe|1\n|\n|-damage|p2a: Vivillon|31/268 tox|[from] psn\n|upkeep\n|turn|23\n|\n|t:|1781435918\n|move|p1a: Gliscor|Protect||[still]\n|-fail|p1a: Gliscor\n|move|p2a: Vivillon|Tera Blast|p1a: Gliscor\n|-damage|p1a: Gliscor|72/239 tox\n|\n|-damage|p2a: Vivillon|0 fnt|[from] psn\n|faint|p2a: Vivillon\n|\n|win|d4ky\n", "uploadtime": 1781435954, "views": 3, "formatid": "gen9randombattle", "rating": null, "private": 0, "password": null}