{"id": "gen9randombattle-2631614306", "format": "[Gen 9] Random Battle", "players": ["qisforcuties", "Lichacrack07"], "log": "|j|\u2606qisforcuties\n|j|\u2606Lichacrack07\n|t:|1781409073\n|gametype|singles\n|player|p1|qisforcuties|preschoolerf|1520\n|player|p2|Lichacrack07|169|1586\n|gen|9\n|tier|[Gen 9] Random Battle\n|rated|\n|rule|Species Clause: Limit one of each Pok\u00e9mon\n|rule|HP Percentage Mod: HP is shown in percentages\n|rule|Sleep Clause Mod: Limit one foe put to sleep\n|rule|Illusion Level Mod: Illusion disguises the Pok\u00e9mon's true level\n|\n|t:|1781409073\n|teamsize|p1|6\n|teamsize|p2|6\n|start\n|switch|p1a: Darkrai|Darkrai, L77|234/234\n|switch|p2a: Tatsugiri|Tatsugiri, L87, F|260/260\n|turn|1\n|inactive|Battle timer is ON: inactive players will automatically lose when time's up. (requested by qisforcuties)\n|\n|t:|1781409093\n|switch|p2a: Scrafty|Scrafty, L83, M|244/244\n|-ability|p2a: Scrafty|Intimidate|boost\n|-unboost|p1a: Darkrai|atk|1\n|move|p1a: Darkrai|Hypnosis|p2a: Scrafty\n|-status|p2a: Scrafty|slp|[from] move: Hypnosis\n|\n|-damage|p2a: Scrafty|214/244 slp|[from] ability: Bad Dreams|[of] p1a: Darkrai\n|upkeep\n|turn|2\n|\n|t:|1781409122\n|switch|p1a: Rayquaza|Rayquaza, L72|270/270\n|-ability|p1a: Rayquaza|Air Lock\n|cant|p2a: Scrafty|slp\n|\n|-heal|p2a: Scrafty|229/244 slp|[from] item: Leftovers\n|upkeep\n|turn|3\n|inactive|Lichacrack07 has 120 seconds left.\n|\n|t:|1781409142\n|switch|p2a: Baxcalibur|Baxcalibur, L75, F|295/295\n|move|p1a: Rayquaza|Swords Dance|p1a: Rayquaza\n|-boost|p1a: Rayquaza|atk|2\n|\n|upkeep\n|turn|4\n|\n|t:|1781409154\n|-terastallize|p1a: Rayquaza|Normal\n|move|p2a: Baxcalibur|Ice Shard|p1a: Rayquaza\n|-damage|p1a: Rayquaza|188/270\n|move|p1a: Rayquaza|Swords Dance|p1a: Rayquaza\n|-boost|p1a: Rayquaza|atk|2\n|\n|upkeep\n|turn|5\n|inactive|Lichacrack07 has 120 seconds left.\n|inactive|qisforcuties has 120 seconds left.\n|inactive|Lichacrack07 has 90 seconds left.\n|inactive|qisforcuties has 90 seconds left.\n|\n|t:|1781409237\n|switch|p2a: Scrafty|Scrafty, L83, M|229/244 slp\n|-ability|p2a: Scrafty|Intimidate|boost\n|-unboost|p1a: Rayquaza|atk|1\n|move|p1a: Rayquaza|Swords Dance|p1a: Rayquaza\n|-boost|p1a: Rayquaza|atk|2\n|\n|-heal|p2a: Scrafty|244/244 slp|[from] item: Leftovers\n|upkeep\n|turn|6\n|inactive|qisforcuties has 90 seconds left.\n|inactive|Lichacrack07 has 60 seconds left.\n|\n|t:|1781409277\n|switch|p2a: Excadrill|Excadrill, L79, F|303/303\n|-ability|p2a: Excadrill|Mold Breaker\n|move|p1a: Rayquaza|Dragon Ascent|p2a: Excadrill\n|-resisted|p2a: Excadrill\n|-damage|p2a: Excadrill|0 fnt\n|-unboost|p1a: Rayquaza|def|1\n|-unboost|p1a: Rayquaza|spd|1\n|faint|p2a: Excadrill\n|\n|upkeep\n|\n|t:|1781409295\n|switch|p2a: Tatsugiri|Tatsugiri, L87, F|260/260\n|turn|7\n|\n|t:|1781409300\n|move|p1a: Rayquaza|Extreme Speed|p2a: Tatsugiri\n|-damage|p2a: Tatsugiri|0 fnt\n|faint|p2a: Tatsugiri\n|\n|upkeep\n|\n|t:|1781409302\n|switch|p2a: Baxcalibur|Baxcalibur, L75, F|295/295\n|turn|8\n|\n|t:|1781409310\n|move|p1a: Rayquaza|Extreme Speed|p2a: Baxcalibur\n|-crit|p2a: Baxcalibur\n|-damage|p2a: Baxcalibur|0 fnt\n|faint|p2a: Baxcalibur\n|\n|upkeep\n|-message|Lichacrack07 forfeited.\n|\n|win|qisforcuties\n|raw|qisforcuties's rating: 1520 &rarr; <strong>1544</strong><br />(+24 for winning)\n|raw|Lichacrack07's rating: 1586 &rarr; <strong>1562</strong><br />(-24 for losing)\n|l|\u2606Lichacrack07\n|player|p2|\n", "uploadtime": 1781409319, "views": 16, "formatid": "gen9randombattle", "rating": 1544, "private": 0, "password": null}