{"id": "gen9randombattle-2631824435", "format": "[Gen 9] Random Battle", "players": ["ProfessorXande", "Ruinal"], "log": "|j|\u2606ProfessorXande\n|j|\u2606Ruinal\n|t:|1781444837\n|gametype|singles\n|player|p1|ProfessorXande|cheren-gen5bw2|1113\n|player|p2|Ruinal|170|1162\n|gen|9\n|tier|[Gen 9] Random Battle\n|rated|\n|rule|Species Clause: Limit one of each Pok\u00e9mon\n|rule|HP Percentage Mod: HP is shown in percentages\n|rule|Sleep Clause Mod: Limit one foe put to sleep\n|rule|Illusion Level Mod: Illusion disguises the Pok\u00e9mon's true level\n|\n|t:|1781444837\n|teamsize|p1|6\n|teamsize|p2|6\n|start\n|switch|p1a: Kricketune|Kricketune, L99, M|311/311\n|switch|p2a: Dragonite|Dragonite, L74, M|257/257\n|turn|1\n|\n|t:|1781444859\n|move|p1a: Kricketune|Sticky Web|p2a: Dragonite\n|-sidestart|p2: Ruinal|move: Sticky Web\n|move|p2a: Dragonite|Earthquake|p1a: Kricketune\n|-resisted|p1a: Kricketune\n|-damage|p1a: Kricketune|266/311\n|\n|upkeep\n|turn|2\n|\n|t:|1781444867\n|move|p1a: Kricketune|Knock Off|p2a: Dragonite\n|-damage|p2a: Dragonite|209/257\n|-enditem|p2a: Dragonite|Heavy-Duty Boots|[from] move: Knock Off|[of] p1a: Kricketune\n|move|p2a: Dragonite|Outrage|p1a: Kricketune\n|-damage|p1a: Kricketune|107/311\n|\n|upkeep\n|turn|3\n|\n|t:|1781444874\n|move|p1a: Kricketune|Pounce|p2a: Dragonite\n|-resisted|p2a: Dragonite\n|-damage|p2a: Dragonite|153/257\n|-unboost|p2a: Dragonite|spe|1\n|move|p2a: Dragonite|Outrage|p1a: Kricketune|[from] lockedmove\n|-damage|p1a: Kricketune|0 fnt\n|faint|p1a: Kricketune\n|\n|upkeep\n|\n|t:|1781444888\n|switch|p1a: Gastrodon|Gastrodon, L86, F|331/331\n|turn|4\n|\n|t:|1781444892\n|move|p1a: Gastrodon|Stealth Rock|p2a: Dragonite\n|-sidestart|p2: Ruinal|move: Stealth Rock\n|move|p2a: Dragonite|Outrage|p1a: Gastrodon|[from] lockedmove\n|-damage|p1a: Gastrodon|183/331\n|-start|p2a: Dragonite|confusion|[fatigue]\n|\n|-heal|p1a: Gastrodon|203/331|[from] item: Leftovers\n|upkeep\n|turn|5\n|\n|t:|1781444904\n|move|p1a: Gastrodon|Sludge Bomb|p2a: Dragonite\n|-damage|p2a: Dragonite|84/257\n|-activate|p2a: Dragonite|confusion\n|move|p2a: Dragonite|Iron Head|p1a: Gastrodon\n|-resisted|p1a: Gastrodon\n|-damage|p1a: Gastrodon|171/331\n|\n|-heal|p1a: Gastrodon|191/331|[from] item: Leftovers\n|upkeep\n|turn|6\n|\n|t:|1781444914\n|move|p1a: Gastrodon|Sludge Bomb|p2a: Dragonite\n|-damage|p2a: Dragonite|19/257\n|-activate|p2a: Dragonite|confusion\n|move|p2a: Dragonite|Outrage|p1a: Gastrodon\n|-crit|p1a: Gastrodon\n|-damage|p1a: Gastrodon|0 fnt\n|faint|p1a: Gastrodon\n|\n|upkeep\n|\n|t:|1781444924\n|switch|p1a: Gumshoos|Gumshoos, L95, M|321/321\n|turn|7\n|\n|t:|1781444927\n|move|p1a: Gumshoos|Double-Edge|p2a: Dragonite\n|-damage|p2a: Dragonite|0 fnt\n|faint|p2a: Dragonite\n|-damage|p1a: Gumshoos|315/321|[from] Recoil\n|\n|upkeep\n|\n|t:|1781444942\n|switch|p2a: Hoopa|Hoopa, L85|275/275\n|-activate|p2a: Hoopa|move: Sticky Web\n|-unboost|p2a: Hoopa|spe|1\n|-damage|p2a: Hoopa|241/275|[from] Stealth Rock\n|turn|8\n|\n|t:|1781444956\n|switch|p1a: Scrafty|Scrafty, L83, M|244/244\n|move|p2a: Hoopa|Focus Blast|p1a: Scrafty\n|-supereffective|p1a: Scrafty\n|-damage|p1a: Scrafty|40/244\n|\n|-heal|p1a: Scrafty|55/244|[from] item: Leftovers\n|upkeep\n|turn|9\n|\n|t:|1781444965\n|move|p2a: Hoopa|Focus Blast|p1a: Scrafty|[miss]\n|-miss|p2a: Hoopa|p1a: Scrafty\n|move|p1a: Scrafty|Knock Off|p2a: Hoopa\n|-supereffective|p2a: Hoopa\n|-damage|p2a: Hoopa|0 fnt\n|-enditem|p2a: Hoopa|Choice Scarf|[from] move: Knock Off|[of] p1a: Scrafty\n|faint|p2a: Hoopa\n|\n|-heal|p1a: Scrafty|70/244|[from] item: Leftovers\n|upkeep\n|\n|t:|1781444981\n|switch|p2a: Volcarona|Volcarona, L77, M|257/257\n|turn|10\n|\n|t:|1781444989\n|move|p2a: Volcarona|Quiver Dance|p2a: Volcarona\n|-boost|p2a: Volcarona|spa|1\n|-boost|p2a: Volcarona|spd|1\n|-boost|p2a: Volcarona|spe|1\n|move|p1a: Scrafty|Knock Off|p2a: Volcarona\n|-damage|p2a: Volcarona|139/257\n|-enditem|p2a: Volcarona|Heavy-Duty Boots|[from] move: Knock Off|[of] p1a: Scrafty\n|\n|-heal|p1a: Scrafty|85/244|[from] item: Leftovers\n|upkeep\n|turn|11\n|\n|t:|1781445001\n|move|p2a: Volcarona|Fire Blast|p1a: Scrafty\n|-damage|p1a: Scrafty|0 fnt\n|faint|p1a: Scrafty\n|\n|upkeep\n|\n|t:|1781445005\n|switch|p1a: Typhlosion|Typhlosion, L84, F|267/267\n|turn|12\n|\n|t:|1781445015\n|-terastallize|p2a: Volcarona|Ground\n|move|p2a: Volcarona|Tera Blast|p1a: Typhlosion|[anim] Tera Blast Ground\n|-supereffective|p1a: Typhlosion\n|-damage|p1a: Typhlosion|3/267\n|move|p1a: Typhlosion|Scorching Sands|p2a: Volcarona\n|-damage|p2a: Volcarona|89/257\n|\n|upkeep\n|turn|13\n|\n|t:|1781445027\n|move|p2a: Volcarona|Tera Blast|p1a: Typhlosion|[anim] Tera Blast Ground\n|-supereffective|p1a: Typhlosion\n|-damage|p1a: Typhlosion|0 fnt\n|faint|p1a: Typhlosion\n|\n|upkeep\n|\n|t:|1781445034\n|switch|p1a: Gumshoos|Gumshoos, L95, M|315/321\n|turn|14\n|\n|t:|1781445049\n|-terastallize|p1a: Gumshoos|Normal\n|move|p2a: Volcarona|Fire Blast|p1a: Gumshoos\n|-damage|p1a: Gumshoos|90/321\n|move|p1a: Gumshoos|Double-Edge|p2a: Volcarona\n|-damage|p2a: Volcarona|0 fnt\n|-status|p1a: Gumshoos|brn|[from] ability: Flame Body|[of] p2a: Volcarona\n|faint|p2a: Volcarona\n|-damage|p1a: Gumshoos|61/321 brn|[from] Recoil\n|\n|-damage|p1a: Gumshoos|41/321 brn|[from] brn\n|upkeep\n|\n|t:|1781445070\n|switch|p2a: Solgaleo|Solgaleo, L74|325/325\n|-activate|p2a: Solgaleo|move: Sticky Web\n|-fail|p2a: Solgaleo|unboost|[from] ability: Full Metal Body|[of] p2a: Solgaleo\n|-damage|p2a: Solgaleo|305/325|[from] Stealth Rock\n|turn|15\n|\n|t:|1781445079\n|move|p2a: Solgaleo|Knock Off|p1a: Gumshoos\n|-damage|p1a: Gumshoos|0 fnt\n|-enditem|p1a: Gumshoos|Choice Band|[from] move: Knock Off|[of] p2a: Solgaleo\n|faint|p1a: Gumshoos\n|\n|upkeep\n|-message|ProfessorXande forfeited.\n|\n|win|Ruinal\n|raw|ProfessorXande's rating: 1113 &rarr; <strong>1092</strong><br />(-21 for losing)\n|raw|Ruinal's rating: 1162 &rarr; <strong>1183</strong><br />(+21 for winning)\n|l|\u2606ProfessorXande\n|player|p1|\n", "uploadtime": 1781445085, "views": 2, "formatid": "gen9randombattle", "rating": 1092, "private": 0, "password": null}