{"id": "gen9randombattle-2632000840", "format": "[Gen 9] Random Battle", "players": ["IchabodRb", "schleeby"], "log": "|j|\u2606IchabodRb\n|j|\u2606schleeby\n|t:|1781464578\n|gametype|singles\n|player|p1|IchabodRb|2|2060\n|player|p2|schleeby|rosa|2089\n|gen|9\n|tier|[Gen 9] Random Battle\n|rated|\n|rule|Species Clause: Limit one of each Pok\u00e9mon\n|rule|HP Percentage Mod: HP is shown in percentages\n|rule|Sleep Clause Mod: Limit one foe put to sleep\n|rule|Illusion Level Mod: Illusion disguises the Pok\u00e9mon's true level\n|\n|t:|1781464578\n|teamsize|p1|6\n|teamsize|p2|6\n|start\n|switch|p1a: Gurdurr|Gurdurr, L85, F|283/283\n|switch|p2a: Kingdra|Kingdra, L84, M|263/263\n|turn|1\n|\n|t:|1781464591\n|switch|p2a: Dachsbun|Dachsbun, L92, M|254/254\n|switch|p1a: Dedenne|Dedenne, L88, F|261/261\n|\n|upkeep\n|turn|2\n|\n|t:|1781464598\n|move|p1a: Dedenne|Nuzzle|p2a: Dachsbun\n|-damage|p2a: Dachsbun|241/254\n|-status|p2a: Dachsbun|par\n|move|p2a: Dachsbun|Play Rough|p1a: Dedenne\n|-damage|p1a: Dedenne|131/261\n|-unboost|p1a: Dedenne|atk|1\n|\n|-heal|p2a: Dachsbun|254/254 par|[from] item: Leftovers\n|upkeep\n|turn|3\n|\n|t:|1781464611\n|move|p1a: Dedenne|Super Fang|p2a: Dachsbun|[miss]\n|-miss|p1a: Dedenne|p2a: Dachsbun\n|move|p2a: Dachsbun|Play Rough|p1a: Dedenne\n|-damage|p1a: Dedenne|10/261\n|-enditem|p1a: Dedenne|Sitrus Berry|[eat]\n|-heal|p1a: Dedenne|75/261|[from] item: Sitrus Berry\n|-heal|p1a: Dedenne|162/261|[from] ability: Cheek Pouch\n|\n|upkeep\n|turn|4\n|\n|t:|1781464621\n|move|p1a: Dedenne|Super Fang|p2a: Dachsbun\n|-damage|p2a: Dachsbun|127/254 par\n|move|p2a: Dachsbun|Play Rough|p1a: Dedenne\n|-damage|p1a: Dedenne|44/261\n|-unboost|p1a: Dedenne|atk|1\n|\n|-heal|p2a: Dachsbun|142/254 par|[from] item: Leftovers\n|upkeep\n|turn|5\n|\n|t:|1781464634\n|switch|p1a: Pelipper|Pelipper, L86, M|243/243\n|-weather|RainDance|[from] ability: Drizzle|[of] p1a: Pelipper\n|move|p2a: Dachsbun|Wish|p2a: Dachsbun\n|\n|-weather|RainDance|[upkeep]\n|-heal|p2a: Dachsbun|157/254 par|[from] item: Leftovers\n|upkeep\n|turn|6\n|\n|t:|1781464645\n|switch|p2a: Basculin|Basculin-Blue-Striped, L86, M|261/261\n|move|p1a: Pelipper|Hurricane|p2a: Basculin\n|-crit|p2a: Basculin\n|-damage|p2a: Basculin|6/261\n|\n|-weather|RainDance|[upkeep]\n|-heal|p2a: Basculin|133/261|[from] move: Wish|[wisher] Dachsbun\n|upkeep\n|turn|7\n|\n|t:|1781464670\n|move|p2a: Basculin|Flip Turn|p1a: Pelipper\n|-resisted|p1a: Pelipper\n|-damage|p1a: Pelipper|161/243\n|\n|t:|1781464675\n|switch|p2a: Dachsbun|Dachsbun, L92, M|157/254 par|[from] Flip Turn\n|move|p1a: Pelipper|Hurricane|p2a: Dachsbun\n|-damage|p2a: Dachsbun|40/254 par\n|-start|p2a: Dachsbun|confusion\n|\n|-weather|RainDance|[upkeep]\n|-heal|p2a: Dachsbun|55/254 par|[from] item: Leftovers\n|upkeep\n|turn|8\n|\n|t:|1781464686\n|move|p1a: Pelipper|Hurricane|p2a: Dachsbun\n|-damage|p2a: Dachsbun|0 fnt\n|faint|p2a: Dachsbun\n|\n|-weather|RainDance|[upkeep]\n|upkeep\n|\n|t:|1781464692\n|switch|p2a: Basculin|Basculin-Blue-Striped, L86, M|133/261\n|turn|9\n|\n|t:|1781464696\n|move|p2a: Basculin|Wave Crash|p1a: Pelipper\n|-resisted|p1a: Pelipper\n|-damage|p1a: Pelipper|0 fnt\n|faint|p1a: Pelipper\n|-damage|p2a: Basculin|80/261|[from] Recoil\n|\n|-weather|none\n|upkeep\n|\n|t:|1781464705\n|switch|p1a: Dedenne|Dedenne, L88, F|44/261\n|turn|10\n|\n|t:|1781464709\n|switch|p2a: Deoxys|Deoxys-Defense, L84|221/221\n|-ability|p2a: Deoxys|Pressure\n|move|p1a: Dedenne|Thunderbolt|p2a: Deoxys\n|-damage|p2a: Deoxys|160/221\n|\n|-heal|p2a: Deoxys|173/221|[from] item: Leftovers\n|upkeep\n|turn|11\n|\n|t:|1781464719\n|switch|p2a: Basculin|Basculin-Blue-Striped, L86, M|80/261\n|move|p1a: Dedenne|Nuzzle|p2a: Basculin\n|-supereffective|p2a: Basculin\n|-damage|p2a: Basculin|42/261\n|-status|p2a: Basculin|par\n|\n|upkeep\n|turn|12\n|\n|t:|1781464727\n|move|p1a: Dedenne|Thunderbolt|p2a: Basculin\n|-supereffective|p2a: Basculin\n|-damage|p2a: Basculin|0 fnt\n|faint|p2a: Basculin\n|\n|upkeep\n|\n|t:|1781464730\n|switch|p2a: Gholdengo|Gholdengo, L77|261/261\n|turn|13\n|\n|t:|1781464738\n|switch|p1a: Hoopa|Hoopa-Unbound, L80|259/259\n|move|p2a: Gholdengo|Shadow Ball|p1a: Hoopa\n|-damage|p1a: Hoopa|184/259\n|\n|upkeep\n|turn|14\n|\n|t:|1781464748\n|switch|p2a: Delibird|Delibird, M|252/252\n|move|p1a: Hoopa|Hyperspace Fury|p2a: Delibird\n|-damage|p2a: Delibird|0 fnt\n|-unboost|p1a: Hoopa|def|1\n|faint|p2a: Delibird\n|\n|upkeep\n|\n|t:|1781464751\n|switch|p2a: Kingdra|Kingdra, L84, M|263/263\n|turn|15\n|\n|t:|1781464763\n|switch|p1a: Dedenne|Dedenne, L88, F|44/261\n|move|p2a: Kingdra|Wave Crash|p1a: Dedenne\n|-damage|p1a: Dedenne|0 fnt\n|faint|p1a: Dedenne\n|-damage|p2a: Kingdra|248/263|[from] Recoil\n|\n|upkeep\n|\n|t:|1781464777\n|switch|p1a: Golurk|Golurk, L87, shiny|297/297\n|turn|16\n|\n|t:|1781464787\n|-terastallize|p1a: Golurk|Fighting\n|move|p2a: Kingdra|Wave Crash|p1a: Golurk\n|-damage|p1a: Golurk|165/297\n|-damage|p2a: Kingdra|204/263|[from] Recoil\n|move|p1a: Golurk|Poltergeist|p2a: Kingdra\n|-activate|p2a: Kingdra|move: Poltergeist|Lum Berry\n|-damage|p2a: Kingdra|3/263\n|\n|upkeep\n|turn|17\n|\n|t:|1781464799\n|move|p2a: Kingdra|Outrage|p1a: Golurk\n|-damage|p1a: Golurk|38/297\n|move|p1a: Golurk|Poltergeist|p2a: Kingdra\n|-activate|p2a: Kingdra|move: Poltergeist|Lum Berry\n|-damage|p2a: Kingdra|0 fnt\n|faint|p2a: Kingdra\n|\n|upkeep\n|\n|t:|1781464806\n|switch|p2a: Deoxys|Deoxys-Defense, L84|173/221\n|-ability|p2a: Deoxys|Pressure\n|turn|18\n|\n|t:|1781464812\n|move|p2a: Deoxys|Night Shade|p1a: Golurk\n|-damage|p1a: Golurk|0 fnt\n|faint|p1a: Golurk\n|\n|-heal|p2a: Deoxys|186/221|[from] item: Leftovers\n|upkeep\n|\n|t:|1781464819\n|switch|p1a: Hoopa|Hoopa-Unbound, L80|184/259\n|turn|19\n|\n|t:|1781464822\n|-terastallize|p2a: Deoxys|Steel\n|move|p2a: Deoxys|Cosmic Power|p2a: Deoxys\n|-boost|p2a: Deoxys|def|1\n|-boost|p2a: Deoxys|spd|1\n|move|p1a: Hoopa|Hyperspace Fury|p2a: Deoxys\n|-damage|p2a: Deoxys|98/221\n|-unboost|p1a: Hoopa|def|1\n|\n|-heal|p2a: Deoxys|111/221|[from] item: Leftovers\n|upkeep\n|turn|20\n|\n|t:|1781464834\n|switch|p1a: Gurdurr|Gurdurr, L85, F|283/283\n|move|p2a: Deoxys|Cosmic Power|p2a: Deoxys\n|-boost|p2a: Deoxys|def|1\n|-boost|p2a: Deoxys|spd|1\n|\n|-heal|p2a: Deoxys|124/221|[from] item: Leftovers\n|upkeep\n|turn|21\n|\n|t:|1781464846\n|move|p2a: Deoxys|Cosmic Power|p2a: Deoxys\n|-boost|p2a: Deoxys|def|1\n|-boost|p2a: Deoxys|spd|1\n|move|p1a: Gurdurr|Drain Punch|p2a: Deoxys\n|-supereffective|p2a: Deoxys\n|-damage|p2a: Deoxys|74/221\n|\n|-heal|p2a: Deoxys|87/221|[from] item: Leftovers\n|upkeep\n|turn|22\n|\n|t:|1781464856\n|switch|p1a: Hoopa|Hoopa-Unbound, L80|184/259\n|move|p2a: Deoxys|Recover|p2a: Deoxys\n|-heal|p2a: Deoxys|198/221\n|\n|-heal|p2a: Deoxys|211/221|[from] item: Leftovers\n|upkeep\n|turn|23\n|\n|t:|1781464865\n|move|p2a: Deoxys|Night Shade|p1a: Hoopa\n|-damage|p1a: Hoopa|100/259\n|move|p1a: Hoopa|Trick|p2a: Deoxys\n|-activate|p1a: Hoopa|move: Trick|[of] p2a: Deoxys\n|-item|p2a: Deoxys|Choice Band|[from] move: Trick\n|-item|p1a: Hoopa|Leftovers|[from] move: Trick\n|\n|-heal|p1a: Hoopa|116/259|[from] item: Leftovers\n|upkeep\n|turn|24\n|\n|t:|1781464878\n|switch|p1a: Gurdurr|Gurdurr, L85, F|283/283\n|move|p2a: Deoxys|Night Shade|p1a: Gurdurr\n|-damage|p1a: Gurdurr|199/283\n|\n|upkeep\n|turn|25\n|\n|t:|1781464885\n|move|p2a: Deoxys|Night Shade|p1a: Gurdurr\n|-damage|p1a: Gurdurr|115/283\n|move|p1a: Gurdurr|Drain Punch|p2a: Deoxys\n|-supereffective|p2a: Deoxys\n|-damage|p2a: Deoxys|167/221\n|-heal|p1a: Gurdurr|137/283|[from] drain|[of] p2a: Deoxys\n|\n|upkeep\n|turn|26\n|\n|t:|1781464893\n|move|p2a: Deoxys|Night Shade|p1a: Gurdurr\n|-damage|p1a: Gurdurr|53/283\n|move|p1a: Gurdurr|Drain Punch|p2a: Deoxys\n|-supereffective|p2a: Deoxys\n|-damage|p2a: Deoxys|125/221\n|-heal|p1a: Gurdurr|74/283|[from] drain|[of] p2a: Deoxys\n|\n|upkeep\n|turn|27\n|\n|t:|1781464912\n|move|p1a: Gurdurr|Mach Punch|p2a: Deoxys\n|-supereffective|p2a: Deoxys\n|-damage|p2a: Deoxys|101/221\n|move|p2a: Deoxys|Night Shade|p1a: Gurdurr\n|-damage|p1a: Gurdurr|0 fnt\n|faint|p1a: Gurdurr\n|\n|upkeep\n|\n|t:|1781464920\n|switch|p1a: Kilowattrel|Kilowattrel, L83, F|252/252\n|turn|28\n|\n|t:|1781464926\n|move|p1a: Kilowattrel|Discharge|p2a: Deoxys\n|-damage|p2a: Deoxys|76/221\n|-status|p2a: Deoxys|par\n|move|p2a: Deoxys|Night Shade|p1a: Kilowattrel\n|-damage|p1a: Kilowattrel|168/252\n|\n|upkeep\n|turn|29\n|\n|t:|1781464933\n|move|p1a: Kilowattrel|Discharge|p2a: Deoxys\n|-damage|p2a: Deoxys|54/221 par\n|move|p2a: Deoxys|Night Shade|p1a: Kilowattrel\n|-damage|p1a: Kilowattrel|84/252\n|\n|upkeep\n|turn|30\n|\n|t:|1781464940\n|switch|p2a: Gholdengo|Gholdengo, L77|261/261\n|move|p1a: Kilowattrel|Roost|p1a: Kilowattrel\n|-heal|p1a: Kilowattrel|210/252\n|-singleturn|p1a: Kilowattrel|move: Roost\n|\n|upkeep\n|turn|31\n|\n|t:|1781464949\n|move|p2a: Gholdengo|Shadow Ball|p1a: Kilowattrel\n|-damage|p1a: Kilowattrel|78/252\n|-unboost|p1a: Kilowattrel|spd|1\n|move|p1a: Kilowattrel|Discharge|p2a: Gholdengo\n|-damage|p2a: Gholdengo|171/261\n|\n|upkeep\n|turn|32\n|\n|t:|1781464958\n|move|p2a: Gholdengo|Shadow Ball|p1a: Kilowattrel\n|-damage|p1a: Kilowattrel|0 fnt\n|faint|p1a: Kilowattrel\n|\n|upkeep\n|\n|t:|1781464963\n|switch|p1a: Hoopa|Hoopa-Unbound, L80|116/259\n|turn|33\n|\n|t:|1781464969\n|switch|p2a: Deoxys|Deoxys-Defense, L84, tera:Steel|54/221 par\n|-ability|p2a: Deoxys|Pressure\n|move|p1a: Hoopa|Hyperspace Fury|p2a: Deoxys\n|-damage|p2a: Deoxys|0 fnt\n|-unboost|p1a: Hoopa|def|1\n|faint|p2a: Deoxys\n|\n|-heal|p1a: Hoopa|132/259|[from] item: Leftovers\n|upkeep\n|\n|t:|1781464971\n|switch|p2a: Gholdengo|Gholdengo, L77|171/261\n|turn|34\n|\n|t:|1781464983\n|move|p2a: Gholdengo|Make It Rain|p1a: Hoopa\n|-damage|p1a: Hoopa|18/259\n|-unboost|p2a: Gholdengo|spa|1\n|move|p1a: Hoopa|Hyperspace Fury|p2a: Gholdengo\n|-supereffective|p2a: Gholdengo\n|-damage|p2a: Gholdengo|0 fnt\n|-unboost|p1a: Hoopa|def|1\n|faint|p2a: Gholdengo\n|\n|win|IchabodRb\n", "uploadtime": 1781464580, "views": 7, "formatid": "gen9randombattle", "rating": null, "private": 0, "password": null}