{"id": "gen9randombattle-2631857709", "format": "[Gen 9] Random Battle", "players": ["waifuslussy", "renner-renner"], "log": "|j|\u2606waifuslussy\n|j|\u2606renner-renner\n|t:|1781448856\n|gametype|singles\n|player|p1|waifuslussy|unknown|1975\n|player|p2|renner-renner|102|1945\n|gen|9\n|tier|[Gen 9] Random Battle\n|rated|\n|rule|Species Clause: Limit one of each Pok\u00e9mon\n|rule|HP Percentage Mod: HP is shown in percentages\n|rule|Sleep Clause Mod: Limit one foe put to sleep\n|rule|Illusion Level Mod: Illusion disguises the Pok\u00e9mon's true level\n|\n|t:|1781448856\n|teamsize|p1|6\n|teamsize|p2|6\n|start\n|switch|p1a: Miraidon|Miraidon, L65|238/238\n|switch|p2a: Galvantula|Galvantula, L82, F|249/249\n|-fieldstart|move: Electric Terrain|[from] ability: Hadron Engine|[of] p1a: Miraidon\n|turn|1\n|inactive|Battle timer is ON: inactive players will automatically lose when time's up. (requested by waifuslussy)\n|\n|t:|1781448885\n|switch|p2a: Hippowdon|Hippowdon, L82, M|311/311\n|-weather|Sandstorm|[from] ability: Sand Stream|[of] p2a: Hippowdon\n|move|p1a: Miraidon|Dragon Pulse|p2a: Hippowdon\n|-damage|p2a: Hippowdon|154/311\n|-damage|p1a: Miraidon|215/238|[from] item: Life Orb\n|\n|-weather|Sandstorm|[upkeep]\n|-damage|p1a: Miraidon|201/238|[from] Sandstorm\n|-heal|p2a: Hippowdon|173/311|[from] item: Leftovers\n|upkeep\n|turn|2\n|\n|t:|1781448901\n|move|p1a: Miraidon|Dragon Pulse|p2a: Hippowdon\n|-damage|p2a: Hippowdon|31/311\n|-damage|p1a: Miraidon|178/238|[from] item: Life Orb\n|move|p2a: Hippowdon|Earthquake|p1a: Miraidon\n|-supereffective|p1a: Miraidon\n|-crit|p1a: Miraidon\n|-damage|p1a: Miraidon|0 fnt\n|faint|p1a: Miraidon\n|\n|-weather|Sandstorm|[upkeep]\n|-heal|p2a: Hippowdon|50/311|[from] item: Leftovers\n|upkeep\n|\n|t:|1781448911\n|switch|p1a: Hariyama|Hariyama, L87, F|392/392\n|turn|3\n|inactive|renner-renner has 120 seconds left.\n|\n|t:|1781448944\n|switch|p2a: Galvantula|Galvantula, L82, F|249/249\n|move|p1a: Hariyama|Knock Off|p2a: Galvantula\n|-damage|p2a: Galvantula|124/249\n|-enditem|p2a: Galvantula|Focus Sash|[from] move: Knock Off|[of] p1a: Hariyama\n|\n|-weather|Sandstorm|[upkeep]\n|-damage|p2a: Galvantula|109/249|[from] Sandstorm\n|-damage|p1a: Hariyama|368/392|[from] Sandstorm\n|-status|p1a: Hariyama|brn|[from] item: Flame Orb\n|upkeep\n|turn|4\n|\n|t:|1781448953\n|move|p2a: Galvantula|Sticky Web|p1a: Hariyama\n|-sidestart|p1: waifuslussy|move: Sticky Web\n|move|p1a: Hariyama|Facade|p2a: Galvantula\n|-damage|p2a: Galvantula|0 fnt\n|faint|p2a: Galvantula\n|\n|-weather|Sandstorm|[upkeep]\n|-damage|p1a: Hariyama|344/392 brn|[from] Sandstorm\n|-damage|p1a: Hariyama|320/392 brn|[from] brn\n|upkeep\n|inactive|renner-renner has 120 seconds left.\n|\n|t:|1781448985\n|switch|p2a: Gallade|Gallade, L80, M|240/240\n|turn|5\n|\n|t:|1781449001\n|switch|p1a: Gothitelle|Gothitelle, L90, F|272/272\n|-activate|p1a: Gothitelle|move: Sticky Web\n|-unboost|p1a: Gothitelle|spe|1\n|move|p2a: Gallade|Psycho Cut|p1a: Gothitelle\n|-resisted|p1a: Gothitelle\n|-damage|p1a: Gothitelle|202/272\n|-damage|p2a: Gallade|216/240|[from] item: Life Orb\n|\n|-weather|none\n|-fieldend|move: Electric Terrain\n|upkeep\n|turn|6\n|\n|t:|1781449012\n|move|p2a: Gallade|Night Slash|p1a: Gothitelle\n|-supereffective|p1a: Gothitelle\n|-damage|p1a: Gothitelle|7/272\n|-damage|p2a: Gallade|192/240|[from] item: Life Orb\n|move|p1a: Gothitelle|Psychic|p2a: Gallade\n|-damage|p2a: Gallade|101/240\n|\n|upkeep\n|turn|7\n|\n|t:|1781449019\n|move|p2a: Gallade|Night Slash|p1a: Gothitelle\n|-supereffective|p1a: Gothitelle\n|-crit|p1a: Gothitelle\n|-damage|p1a: Gothitelle|0 fnt\n|faint|p1a: Gothitelle\n|-damage|p2a: Gallade|77/240|[from] item: Life Orb\n|\n|upkeep\n|\n|t:|1781449021\n|switch|p1a: Decidueye|Decidueye, L88, M|281/281\n|-activate|p1a: Decidueye|move: Sticky Web\n|-unboost|p1a: Decidueye|spe|1\n|turn|8\n|\n|t:|1781449043\n|switch|p2a: Hippowdon|Hippowdon, L82, M|50/311\n|-weather|Sandstorm|[from] ability: Sand Stream|[of] p2a: Hippowdon\n|move|p1a: Decidueye|Knock Off|p2a: Hippowdon\n|-damage|p2a: Hippowdon|0 fnt\n|-enditem|p2a: Hippowdon|Leftovers|[from] move: Knock Off|[of] p1a: Decidueye\n|faint|p2a: Hippowdon\n|\n|-weather|Sandstorm|[upkeep]\n|-damage|p1a: Decidueye|264/281|[from] Sandstorm\n|upkeep\n|inactive|renner-renner has 90 seconds left.\n|\n|t:|1781449065\n|switch|p2a: Uxie|Uxie, L83|260/260\n|turn|9\n|\n|t:|1781449070\n|move|p2a: Uxie|Yawn|p1a: Decidueye\n|-start|p1a: Decidueye|move: Yawn|[of] p2a: Uxie\n|move|p1a: Decidueye|Spirit Shackle|p2a: Uxie\n|-supereffective|p2a: Uxie\n|-damage|p2a: Uxie|102/260\n|-activate|p2a: Uxie|trapped\n|\n|-weather|Sandstorm|[upkeep]\n|-damage|p2a: Uxie|86/260|[from] Sandstorm\n|-damage|p1a: Decidueye|247/281|[from] Sandstorm\n|-heal|p2a: Uxie|102/260|[from] item: Leftovers\n|upkeep\n|turn|10\n|\n|t:|1781449081\n|move|p2a: Uxie|U-turn|p1a: Decidueye\n|-damage|p1a: Decidueye|200/281\n|\n|t:|1781449086\n|switch|p2a: Sandy Shocks|Sandy Shocks, L80|267/267|[from] U-turn\n|move|p1a: Decidueye|U-turn|p2a: Sandy Shocks\n|-damage|p2a: Sandy Shocks|206/267\n|\n|t:|1781449091\n|switch|p1a: Meganium|Meganium, L90, F|290/290|[from] U-turn\n|-activate|p1a: Meganium|move: Sticky Web\n|-unboost|p1a: Meganium|spe|1\n|\n|-weather|Sandstorm|[upkeep]\n|-damage|p1a: Meganium|272/290|[from] Sandstorm\n|-heal|p2a: Sandy Shocks|222/267|[from] item: Leftovers\n|-heal|p1a: Meganium|290/290|[from] item: Leftovers\n|upkeep\n|turn|11\n|\n|t:|1781449101\n|move|p2a: Sandy Shocks|Thunder Wave|p1a: Meganium\n|-status|p1a: Meganium|par\n|move|p1a: Meganium|Knock Off|p2a: Sandy Shocks\n|-damage|p2a: Sandy Shocks|156/267\n|-enditem|p2a: Sandy Shocks|Leftovers|[from] move: Knock Off|[of] p1a: Meganium\n|\n|-weather|Sandstorm|[upkeep]\n|-damage|p1a: Meganium|272/290 par|[from] Sandstorm\n|-heal|p1a: Meganium|290/290 par|[from] item: Leftovers\n|upkeep\n|turn|12\n|\n|t:|1781449110\n|move|p2a: Sandy Shocks|Stealth Rock|p1a: Meganium\n|-sidestart|p1: waifuslussy|move: Stealth Rock\n|cant|p1a: Meganium|par\n|\n|-weather|none\n|upkeep\n|turn|13\n|inactive|renner-renner has 90 seconds left.\n|inactive|renner-renner has 60 seconds left.\n|\n|t:|1781449170\n|move|p2a: Sandy Shocks|Earth Power|p1a: Meganium\n|-resisted|p1a: Meganium\n|-damage|p1a: Meganium|246/290 par\n|-unboost|p1a: Meganium|spd|1\n|cant|p1a: Meganium|par\n|\n|-heal|p1a: Meganium|264/290 par|[from] item: Leftovers\n|upkeep\n|turn|14\n|\n|t:|1781449178\n|move|p2a: Sandy Shocks|Earth Power|p1a: Meganium\n|-resisted|p1a: Meganium\n|-damage|p1a: Meganium|199/290 par\n|cant|p1a: Meganium|par\n|\n|-heal|p1a: Meganium|217/290 par|[from] item: Leftovers\n|upkeep\n|turn|15\n|inactive|waifuslussy has 120 seconds left.\n|inactive|waifuslussy has 90 seconds left.\n|\n|t:|1781449245\n|move|p2a: Sandy Shocks|Earth Power|p1a: Meganium\n|-resisted|p1a: Meganium\n|-damage|p1a: Meganium|150/290 par\n|move|p1a: Meganium|Energy Ball|p2a: Sandy Shocks\n|-supereffective|p2a: Sandy Shocks\n|-damage|p2a: Sandy Shocks|0 fnt\n|faint|p2a: Sandy Shocks\n|-end|p2a: Sandy Shocks|Protosynthesis|[silent]\n|\n|-heal|p1a: Meganium|168/290 par|[from] item: Leftovers\n|upkeep\n|inactive|renner-renner has 60 seconds left.\n|\n|t:|1781449264\n|switch|p2a: Gallade|Gallade, L80, M|77/240\n|turn|16\n|inactive|waifuslussy has 90 seconds left.\n|\n|t:|1781449288\n|move|p2a: Gallade|Sacred Sword|p1a: Meganium\n|-damage|p1a: Meganium|0 fnt\n|faint|p1a: Meganium\n|-damage|p2a: Gallade|53/240|[from] item: Life Orb\n|\n|upkeep\n|\n|t:|1781449295\n|switch|p1a: Decidueye|Decidueye, L88, M|200/281\n|-activate|p1a: Decidueye|move: Sticky Web\n|-unboost|p1a: Decidueye|spe|1\n|-damage|p1a: Decidueye|165/281|[from] Stealth Rock\n|turn|17\n|\n|t:|1781449304\n|-terastallize|p1a: Decidueye|Dark\n|move|p2a: Gallade|Night Slash|p1a: Decidueye\n|-resisted|p1a: Decidueye\n|-damage|p1a: Decidueye|109/281\n|-damage|p2a: Gallade|29/240|[from] item: Life Orb\n|move|p1a: Decidueye|Knock Off|p2a: Gallade\n|-damage|p2a: Gallade|0 fnt\n|-enditem|p2a: Gallade|Life Orb|[from] move: Knock Off|[of] p1a: Decidueye\n|faint|p2a: Gallade\n|\n|upkeep\n|inactive|renner-renner has 60 seconds left.\n|\n|t:|1781449330\n|switch|p2a: Lycanroc|Lycanroc-Midnight, L89, M|296/296\n|turn|18\n|\n|t:|1781449338\n|move|p2a: Lycanroc|Close Combat|p1a: Decidueye\n|-supereffective|p1a: Decidueye\n|-damage|p1a: Decidueye|0 fnt\n|-unboost|p2a: Lycanroc|def|1\n|-unboost|p2a: Lycanroc|spd|1\n|faint|p1a: Decidueye\n|\n|upkeep\n|\n|t:|1781449343\n|switch|p1a: Hariyama|Hariyama, L87, F|320/392 brn\n|-activate|p1a: Hariyama|move: Sticky Web\n|-unboost|p1a: Hariyama|spe|1\n|-damage|p1a: Hariyama|296/392 brn|[from] Stealth Rock\n|turn|19\n|\n|t:|1781449354\n|switch|p2a: Uxie|Uxie, L83|102/260\n|move|p1a: Hariyama|Facade|p2a: Uxie\n|-damage|p2a: Uxie|0 fnt\n|faint|p2a: Uxie\n|\n|-damage|p1a: Hariyama|272/392 brn|[from] brn\n|upkeep\n|\n|t:|1781449362\n|switch|p2a: Lycanroc|Lycanroc-Midnight, L89, M|296/296\n|turn|20\n|\n|t:|1781449368\n|-terastallize|p2a: Lycanroc|Fighting\n|move|p2a: Lycanroc|Close Combat|p1a: Hariyama\n|-damage|p1a: Hariyama|0 fnt\n|-unboost|p2a: Lycanroc|def|1\n|-unboost|p2a: Lycanroc|spd|1\n|faint|p1a: Hariyama\n|\n|upkeep\n|\n|t:|1781449371\n|switch|p1a: Pikachu|Pikachu-Original, L93, F|216/216\n|-activate|p1a: Pikachu|move: Sticky Web\n|-unboost|p1a: Pikachu|spe|1\n|-damage|p1a: Pikachu|189/216|[from] Stealth Rock\n|turn|21\n|\n|t:|1781449381\n|move|p2a: Lycanroc|Close Combat|p1a: Pikachu\n|-damage|p1a: Pikachu|0 fnt\n|-unboost|p2a: Lycanroc|def|1\n|-unboost|p2a: Lycanroc|spd|1\n|faint|p1a: Pikachu\n|\n|win|renner-renner\n", "uploadtime": 1781448859, "views": 6, "formatid": "gen9randombattle", "rating": null, "private": 0, "password": null}