{"id": "gen9randombattle-2631899911", "format": "[Gen 9] Random Battle", "players": ["le bolero", "ear7hquak3"], "log": "|j|\u2606le bolero\n|j|\u2606ear7hquak3\n|t:|1781453538\n|gametype|singles\n|player|p1|le bolero|101|1901\n|player|p2|ear7hquak3|266|1876\n|gen|9\n|tier|[Gen 9] Random Battle\n|rated|\n|rule|Species Clause: Limit one of each Pok\u00e9mon\n|rule|HP Percentage Mod: HP is shown in percentages\n|rule|Sleep Clause Mod: Limit one foe put to sleep\n|rule|Illusion Level Mod: Illusion disguises the Pok\u00e9mon's true level\n|\n|t:|1781453538\n|teamsize|p1|6\n|teamsize|p2|6\n|start\n|switch|p1a: Slowbro|Slowbro, L85, M|300/300\n|switch|p2a: Basculin|Basculin-Blue-Striped, L86, F|261/261\n|turn|1\n|inactive|Battle timer is ON: inactive players will automatically lose when time's up. (requested by le bolero)\n|\n|t:|1781453543\n|move|p2a: Basculin|Flip Turn|p1a: Slowbro\n|-resisted|p1a: Slowbro\n|-damage|p1a: Slowbro|245/300\n|\n|t:|1781453552\n|switch|p2a: Gastrodon|Gastrodon, L86, M|331/331|[from] Flip Turn\n|move|p1a: Slowbro|Iron Defense|p1a: Slowbro\n|-boost|p1a: Slowbro|def|2\n|\n|-heal|p1a: Slowbro|263/300|[from] item: Leftovers\n|upkeep\n|turn|2\n|\n|t:|1781453560\n|move|p2a: Gastrodon|Sludge Bomb|p1a: Slowbro\n|-damage|p1a: Slowbro|193/300\n|move|p1a: Slowbro|Body Press|p2a: Gastrodon\n|-damage|p2a: Gastrodon|173/331\n|\n|-heal|p2a: Gastrodon|193/331|[from] item: Leftovers\n|-heal|p1a: Slowbro|211/300|[from] item: Leftovers\n|upkeep\n|turn|3\n|\n|t:|1781453567\n|move|p2a: Gastrodon|Sludge Bomb|p1a: Slowbro\n|-damage|p1a: Slowbro|140/300\n|move|p1a: Slowbro|Iron Defense|p1a: Slowbro\n|-boost|p1a: Slowbro|def|2\n|\n|-heal|p2a: Gastrodon|213/331|[from] item: Leftovers\n|-heal|p1a: Slowbro|158/300|[from] item: Leftovers\n|upkeep\n|turn|4\n|\n|t:|1781453584\n|-terastallize|p2a: Gastrodon|Poison\n|move|p2a: Gastrodon|Sludge Bomb|p1a: Slowbro\n|-damage|p1a: Slowbro|55/300\n|move|p1a: Slowbro|Body Press|p2a: Gastrodon\n|-resisted|p2a: Gastrodon\n|-damage|p2a: Gastrodon|104/331\n|\n|-heal|p2a: Gastrodon|124/331|[from] item: Leftovers\n|-heal|p1a: Slowbro|73/300|[from] item: Leftovers\n|upkeep\n|turn|5\n|\n|t:|1781453598\n|switch|p1a: Grafaiai|Grafaiai, L86, F|249/249\n|move|p2a: Gastrodon|Sludge Bomb|p1a: Grafaiai\n|-resisted|p1a: Grafaiai\n|-damage|p1a: Grafaiai|192/249\n|\n|-heal|p2a: Gastrodon|144/331|[from] item: Leftovers\n|upkeep\n|turn|6\n|\n|t:|1781453605\n|move|p1a: Grafaiai|Encore|p2a: Gastrodon\n|-start|p2a: Gastrodon|Encore\n|move|p2a: Gastrodon|Sludge Bomb|p1a: Grafaiai\n|-resisted|p1a: Grafaiai\n|-damage|p1a: Grafaiai|136/249\n|\n|-heal|p2a: Gastrodon|164/331|[from] item: Leftovers\n|upkeep\n|turn|7\n|\n|t:|1781453613\n|switch|p2a: Overqwil|Overqwil, L82, F|274/274\n|-ability|p2a: Overqwil|Intimidate|boost\n|-unboost|p1a: Grafaiai|atk|1\n|move|p1a: Grafaiai|Knock Off|p2a: Overqwil\n|-resisted|p2a: Overqwil\n|-damage|p2a: Overqwil|249/274\n|-enditem|p2a: Overqwil|Loaded Dice|[from] move: Knock Off|[of] p1a: Grafaiai\n|\n|upkeep\n|turn|8\n|\n|t:|1781453627\n|switch|p1a: Basculin|Basculin, L86, F|261/261\n|move|p2a: Overqwil|Crunch|p1a: Basculin\n|-damage|p1a: Basculin|149/261\n|\n|upkeep\n|turn|9\n|\n|t:|1781453634\n|move|p1a: Basculin|Double-Edge|p2a: Overqwil\n|-damage|p2a: Overqwil|122/274\n|-damage|p1a: Basculin|107/261|[from] Recoil\n|move|p2a: Overqwil|Gunk Shot|p1a: Basculin\n|-damage|p1a: Basculin|0 fnt\n|faint|p1a: Basculin\n|\n|upkeep\n|\n|t:|1781453638\n|switch|p1a: Hitmonlee|Hitmonlee, L85, M|223/223\n|turn|10\n|\n|t:|1781453652\n|move|p1a: Hitmonlee|High Jump Kick|p2a: Overqwil\n|-damage|p2a: Overqwil|0 fnt\n|faint|p2a: Overqwil\n|\n|upkeep\n|\n|t:|1781453657\n|switch|p2a: Eelektross|Eelektross, L87, M|290/290\n|turn|11\n|\n|t:|1781453667\n|switch|p1a: Lurantis|Lurantis, L87, M|264/264\n|move|p2a: Eelektross|Supercell Slam|p1a: Lurantis\n|-resisted|p1a: Lurantis\n|-damage|p1a: Lurantis|203/264\n|\n|-heal|p1a: Lurantis|219/264|[from] item: Leftovers\n|upkeep\n|turn|12\n|\n|t:|1781453686\n|switch|p2a: Gastrodon|Gastrodon, L86, M, tera:Poison|164/331\n|move|p1a: Lurantis|Leaf Storm|p2a: Gastrodon\n|-resisted|p2a: Gastrodon\n|-damage|p2a: Gastrodon|104/331\n|-boost|p1a: Lurantis|spa|2\n|\n|-heal|p1a: Lurantis|235/264|[from] item: Leftovers\n|-heal|p2a: Gastrodon|124/331|[from] item: Leftovers\n|upkeep\n|turn|13\n|\n|t:|1781453695\n|move|p1a: Lurantis|Leaf Storm|p2a: Gastrodon\n|-resisted|p2a: Gastrodon\n|-damage|p2a: Gastrodon|2/331\n|-boost|p1a: Lurantis|spa|2\n|move|p2a: Gastrodon|Sludge Bomb|p1a: Lurantis\n|-supereffective|p1a: Lurantis\n|-damage|p1a: Lurantis|55/264\n|\n|-heal|p1a: Lurantis|71/264|[from] item: Leftovers\n|-heal|p2a: Gastrodon|22/331|[from] item: Leftovers\n|upkeep\n|turn|14\n|\n|t:|1781453709\n|move|p1a: Lurantis|Leaf Storm|p2a: Gastrodon\n|-resisted|p2a: Gastrodon\n|-damage|p2a: Gastrodon|0 fnt\n|-boost|p1a: Lurantis|spa|2\n|faint|p2a: Gastrodon\n|\n|-heal|p1a: Lurantis|87/264|[from] item: Leftovers\n|upkeep\n|\n|t:|1781453718\n|switch|p2a: Gogoat|Gogoat, L88, F|360/360\n|turn|15\n|\n|t:|1781453732\n|move|p2a: Gogoat|Rock Slide|p1a: Lurantis\n|-damage|p1a: Lurantis|30/264\n|move|p1a: Lurantis|Leaf Storm|p2a: Gogoat\n|-ability|p2a: Gogoat|Sap Sipper|boost\n|-boost|p2a: Gogoat|atk|1\n|\n|-heal|p1a: Lurantis|46/264|[from] item: Leftovers\n|upkeep\n|turn|16\n|\n|t:|1781453744\n|move|p2a: Gogoat|Rock Slide|p1a: Lurantis\n|-damage|p1a: Lurantis|0 fnt\n|faint|p1a: Lurantis\n|\n|upkeep\n|\n|t:|1781453750\n|switch|p1a: Grafaiai|Grafaiai, L86, F|136/249\n|turn|17\n|\n|t:|1781453754\n|switch|p2a: Zamazenta|Zamazenta-Crowned, L68|238/238\n|-ability|p2a: Zamazenta|Dauntless Shield|boost\n|-boost|p2a: Zamazenta|def|1\n|move|p1a: Grafaiai|Gunk Shot|p2a: Zamazenta\n|-immune|p2a: Zamazenta\n|\n|upkeep\n|turn|18\n|\n|t:|1781453769\n|move|p1a: Grafaiai|Parting Shot|p2a: Zamazenta\n|-unboost|p2a: Zamazenta|atk|1\n|-unboost|p2a: Zamazenta|spa|1\n|\n|t:|1781453779\n|switch|p1a: Slowbro|Slowbro, L85, M|173/300|[from] Parting Shot\n|move|p2a: Zamazenta|Iron Defense|p2a: Zamazenta\n|-boost|p2a: Zamazenta|def|2\n|\n|-heal|p1a: Slowbro|191/300|[from] item: Leftovers\n|upkeep\n|turn|19\n|\n|t:|1781453787\n|move|p2a: Zamazenta|Body Press|p1a: Slowbro\n|-resisted|p1a: Slowbro\n|-damage|p1a: Slowbro|119/300\n|move|p1a: Slowbro|Iron Defense|p1a: Slowbro\n|-boost|p1a: Slowbro|def|2\n|\n|-heal|p1a: Slowbro|137/300|[from] item: Leftovers\n|upkeep\n|turn|20\n|\n|t:|1781453798\n|move|p2a: Zamazenta|Iron Defense|p2a: Zamazenta\n|-boost|p2a: Zamazenta|def|2\n|move|p1a: Slowbro|Slack Off|p1a: Slowbro\n|-heal|p1a: Slowbro|287/300\n|\n|-heal|p1a: Slowbro|300/300|[from] item: Leftovers\n|upkeep\n|turn|21\n|\n|t:|1781453810\n|move|p2a: Zamazenta|Iron Defense|p2a: Zamazenta\n|-boost|p2a: Zamazenta|def|1\n|move|p1a: Slowbro|Iron Defense|p1a: Slowbro\n|-boost|p1a: Slowbro|def|2\n|\n|upkeep\n|turn|22\n|\n|t:|1781453817\n|move|p2a: Zamazenta|Body Press|p1a: Slowbro\n|-resisted|p1a: Slowbro\n|-damage|p1a: Slowbro|257/300\n|move|p1a: Slowbro|Iron Defense|p1a: Slowbro\n|-boost|p1a: Slowbro|def|2\n|\n|-heal|p1a: Slowbro|275/300|[from] item: Leftovers\n|upkeep\n|turn|23\n|\n|t:|1781453825\n|move|p2a: Zamazenta|Iron Defense|p2a: Zamazenta\n|-boost|p2a: Zamazenta|def|0\n|move|p1a: Slowbro|Scald|p2a: Zamazenta\n|-damage|p2a: Zamazenta|160/238\n|-status|p2a: Zamazenta|brn\n|\n|-heal|p1a: Slowbro|293/300|[from] item: Leftovers\n|-damage|p2a: Zamazenta|146/238 brn|[from] brn\n|upkeep\n|turn|24\n|\n|t:|1781453833\n|move|p2a: Zamazenta|Body Press|p1a: Slowbro\n|-resisted|p1a: Slowbro\n|-damage|p1a: Slowbro|277/300\n|move|p1a: Slowbro|Body Press|p2a: Zamazenta\n|-supereffective|p2a: Zamazenta\n|-damage|p2a: Zamazenta|40/238 brn\n|\n|-heal|p1a: Slowbro|295/300|[from] item: Leftovers\n|-damage|p2a: Zamazenta|26/238 brn|[from] brn\n|upkeep\n|turn|25\n|\n|t:|1781453860\n|move|p2a: Zamazenta|Body Press|p1a: Slowbro\n|-resisted|p1a: Slowbro\n|-damage|p1a: Slowbro|280/300\n|move|p1a: Slowbro|Body Press|p2a: Zamazenta\n|-supereffective|p2a: Zamazenta\n|-damage|p2a: Zamazenta|0 fnt\n|faint|p2a: Zamazenta\n|\n|-heal|p1a: Slowbro|298/300|[from] item: Leftovers\n|upkeep\n|\n|t:|1781453873\n|switch|p2a: Eelektross|Eelektross, L87, M|290/290\n|turn|26\n|\n|t:|1781453886\n|-terastallize|p1a: Slowbro|Fighting\n|move|p2a: Eelektross|Supercell Slam|p1a: Slowbro\n|-damage|p1a: Slowbro|267/300\n|move|p1a: Slowbro|Body Press|p2a: Eelektross\n|-damage|p2a: Eelektross|0 fnt\n|faint|p2a: Eelektross\n|\n|-heal|p1a: Slowbro|285/300|[from] item: Leftovers\n|upkeep\n|\n|t:|1781453896\n|switch|p2a: Basculin|Basculin-Blue-Striped, L86, F|261/261\n|turn|27\n|\n|t:|1781453901\n|move|p2a: Basculin|Wave Crash|p1a: Slowbro\n|-damage|p1a: Slowbro|227/300\n|-damage|p2a: Basculin|242/261|[from] Recoil\n|move|p1a: Slowbro|Body Press|p2a: Basculin\n|-damage|p2a: Basculin|0 fnt\n|faint|p2a: Basculin\n|\n|-heal|p1a: Slowbro|245/300|[from] item: Leftovers\n|upkeep\n|\n|t:|1781453909\n|switch|p2a: Gogoat|Gogoat, L88, F|360/360\n|turn|28\n|\n|t:|1781453927\n|move|p2a: Gogoat|Horn Leech|p1a: Slowbro\n|-damage|p1a: Slowbro|224/300\n|move|p1a: Slowbro|Body Press|p2a: Gogoat\n|-damage|p2a: Gogoat|0 fnt\n|faint|p2a: Gogoat\n|\n|win|le bolero\n|raw|le bolero's rating: 1901 &rarr; <strong>1920</strong><br />(+19 for winning)\n|raw|ear7hquak3's rating: 1876 &rarr; <strong>1857</strong><br />(-19 for losing)\n", "uploadtime": 1781453927, "views": 3, "formatid": "gen9randombattle", "rating": 1857, "private": 0, "password": null}