{"id": "gen9randombattle-2631633489", "format": "[Gen 9] Random Battle", "players": ["wajie", "Marferno"], "log": "|j|\u2606wajie\n|j|\u2606Marferno\n|t:|1781412094\n|gametype|singles\n|player|p1|wajie|blaine-gen2|1964\n|player|p2|Marferno|lucas-gen4pt|1959\n|gen|9\n|tier|[Gen 9] Random Battle\n|rated|\n|rule|Species Clause: Limit one of each Pok\u00e9mon\n|rule|HP Percentage Mod: HP is shown in percentages\n|rule|Sleep Clause Mod: Limit one foe put to sleep\n|rule|Illusion Level Mod: Illusion disguises the Pok\u00e9mon's true level\n|\n|t:|1781412094\n|teamsize|p1|6\n|teamsize|p2|6\n|start\n|switch|p1a: Lilligant|Lilligant-Hisui, L79, F|240/240\n|switch|p2a: Oricorio|Oricorio-Pa'u, L87, F|272/272\n|turn|1\n|inactive|Battle timer is ON: inactive players will automatically lose when time's up. (requested by Marferno)\n|\n|t:|1781412111\n|switch|p1a: Dedenne|Dedenne, L88, M|261/261\n|move|p2a: Oricorio|Quiver Dance|p2a: Oricorio\n|-boost|p2a: Oricorio|spa|1\n|-boost|p2a: Oricorio|spd|1\n|-boost|p2a: Oricorio|spe|1\n|\n|upkeep\n|turn|2\n|\n|t:|1781412118\n|switch|p2a: Gliscor|Gliscor, L76, M|239/239\n|move|p1a: Dedenne|Nuzzle|p2a: Gliscor\n|-immune|p2a: Gliscor\n|\n|-status|p2a: Gliscor|tox|[from] item: Toxic Orb\n|upkeep\n|turn|3\n|\n|t:|1781412124\n|move|p1a: Dedenne|U-turn|p2a: Gliscor\n|-resisted|p2a: Gliscor\n|-damage|p2a: Gliscor|223/239 tox\n|\n|t:|1781412131\n|switch|p1a: Ting-Lu|Ting-Lu, L78|370/370|[from] U-turn\n|-ability|p1a: Ting-Lu|Vessel of Ruin\n|move|p2a: Gliscor|Toxic|p1a: Ting-Lu|[miss]\n|-miss|p2a: Gliscor|p1a: Ting-Lu\n|\n|-heal|p2a: Gliscor|239/239 tox|[from] ability: Poison Heal\n|upkeep\n|turn|4\n|\n|t:|1781412135\n|move|p2a: Gliscor|Toxic|p1a: Ting-Lu\n|-status|p1a: Ting-Lu|tox\n|move|p1a: Ting-Lu|Stealth Rock|p2a: Gliscor\n|-sidestart|p2: Marferno|move: Stealth Rock\n|\n|-damage|p1a: Ting-Lu|347/370 tox|[from] psn\n|upkeep\n|turn|5\n|\n|t:|1781412141\n|move|p2a: Gliscor|Earthquake|p1a: Ting-Lu\n|-damage|p1a: Ting-Lu|280/370 tox\n|move|p1a: Ting-Lu|Spikes|p2a: Gliscor\n|-sidestart|p2: Marferno|Spikes\n|\n|-heal|p1a: Ting-Lu|303/370 tox|[from] item: Leftovers\n|-damage|p1a: Ting-Lu|257/370 tox|[from] psn\n|upkeep\n|turn|6\n|\n|t:|1781412152\n|switch|p1a: Zarude|Zarude-Dada, L77|288/288\n|move|p2a: Gliscor|Earthquake|p1a: Zarude\n|-resisted|p1a: Zarude\n|-damage|p1a: Zarude|250/288\n|\n|upkeep\n|turn|7\n|\n|t:|1781412157\n|move|p1a: Zarude|Swords Dance|p1a: Zarude\n|-boost|p1a: Zarude|atk|2\n|move|p2a: Gliscor|Toxic|p1a: Zarude\n|-status|p1a: Zarude|tox\n|\n|-damage|p1a: Zarude|232/288 tox|[from] psn\n|upkeep\n|turn|8\n|\n|t:|1781412163\n|move|p2a: Gliscor|Protect|p2a: Gliscor\n|-singleturn|p2a: Gliscor|Protect\n|move|p1a: Zarude|Power Whip|p2a: Gliscor\n|-activate|p2a: Gliscor|move: Protect\n|\n|-damage|p1a: Zarude|196/288 tox|[from] psn\n|upkeep\n|turn|9\n|\n|t:|1781412172\n|switch|p2a: Cobalion|Cobalion, L80|277/277\n|-damage|p2a: Cobalion|269/277|[from] Stealth Rock\n|-damage|p2a: Cobalion|235/277|[from] Spikes\n|move|p1a: Zarude|Knock Off|p2a: Cobalion\n|-resisted|p2a: Cobalion\n|-damage|p2a: Cobalion|126/277\n|-ability|p2a: Cobalion|Justified|boost\n|-boost|p2a: Cobalion|atk|1\n|-enditem|p2a: Cobalion|Life Orb|[from] move: Knock Off|[of] p1a: Zarude\n|-damage|p1a: Zarude|168/288 tox|[from] item: Life Orb\n|\n|-damage|p1a: Zarude|114/288 tox|[from] psn\n|upkeep\n|turn|10\n|\n|t:|1781412185\n|switch|p2a: Gliscor|Gliscor, L76, M|239/239 tox\n|-damage|p2a: Gliscor|210/239 tox|[from] Stealth Rock\n|switch|p1a: Dedenne|Dedenne, L88, M|261/261\n|\n|-heal|p2a: Gliscor|239/239 tox|[from] ability: Poison Heal\n|upkeep\n|turn|11\n|\n|t:|1781412195\n|switch|p1a: Zarude|Zarude-Dada, L77|114/288 tox\n|move|p2a: Gliscor|Substitute|p2a: Gliscor\n|-start|p2a: Gliscor|Substitute\n|-damage|p2a: Gliscor|180/239 tox\n|\n|-damage|p1a: Zarude|96/288 tox|[from] psn\n|-heal|p2a: Gliscor|209/239 tox|[from] ability: Poison Heal\n|upkeep\n|turn|12\n|\n|t:|1781412201\n|move|p2a: Gliscor|Protect|p2a: Gliscor\n|-singleturn|p2a: Gliscor|Protect\n|move|p1a: Zarude|Knock Off|p2a: Gliscor\n|-activate|p2a: Gliscor|move: Protect\n|\n|-damage|p1a: Zarude|60/288 tox|[from] psn\n|-heal|p2a: Gliscor|238/239 tox|[from] ability: Poison Heal\n|upkeep\n|turn|13\n|\n|t:|1781412206\n|move|p1a: Zarude|Knock Off|p2a: Gliscor\n|-end|p2a: Gliscor|Substitute\n|-damage|p1a: Zarude|32/288 tox|[from] item: Life Orb\n|move|p2a: Gliscor|Substitute|p2a: Gliscor\n|-start|p2a: Gliscor|Substitute\n|-damage|p2a: Gliscor|179/239 tox\n|\n|-damage|p1a: Zarude|0 fnt|[from] psn\n|faint|p1a: Zarude\n|-heal|p2a: Gliscor|208/239 tox|[from] ability: Poison Heal\n|upkeep\n|\n|t:|1781412211\n|switch|p1a: Toxtricity|Toxtricity, L82, F|257/257\n|turn|14\n|\n|t:|1781412218\n|switch|p2a: Cobalion|Cobalion, L80|126/277\n|-damage|p2a: Cobalion|118/277|[from] Stealth Rock\n|-damage|p2a: Cobalion|84/277|[from] Spikes\n|-terastallize|p1a: Toxtricity|Normal\n|move|p1a: Toxtricity|Boomburst|p2a: Cobalion\n|-resisted|p2a: Cobalion\n|-damage|p2a: Cobalion|0 fnt\n|faint|p2a: Cobalion\n|-enditem|p1a: Toxtricity|Throat Spray\n|-boost|p1a: Toxtricity|spa|1|[from] item: Throat Spray\n|\n|upkeep\n|\n|t:|1781412223\n|switch|p2a: Munkidori|Munkidori, L79, M|269/269\n|-damage|p2a: Munkidori|236/269|[from] Stealth Rock\n|-damage|p2a: Munkidori|203/269|[from] Spikes\n|turn|15\n|\n|t:|1781412228\n|move|p2a: Munkidori|Fake Out|p1a: Toxtricity\n|-damage|p1a: Toxtricity|232/257\n|cant|p1a: Toxtricity|flinch\n|\n|upkeep\n|turn|16\n|\n|t:|1781412233\n|move|p2a: Munkidori|Sludge Wave|p1a: Toxtricity\n|-damage|p1a: Toxtricity|97/257\n|move|p1a: Toxtricity|Shift Gear|p1a: Toxtricity\n|-boost|p1a: Toxtricity|spe|2\n|-boost|p1a: Toxtricity|atk|1\n|\n|upkeep\n|turn|17\n|\n|t:|1781412240\n|move|p1a: Toxtricity|Boomburst|p2a: Munkidori\n|-damage|p2a: Munkidori|0 fnt\n|faint|p2a: Munkidori\n|\n|upkeep\n|\n|t:|1781412246\n|switch|p2a: Ambipom|Ambipom, L84, F|263/263\n|-damage|p2a: Ambipom|231/263|[from] Stealth Rock\n|-damage|p2a: Ambipom|199/263|[from] Spikes\n|turn|18\n|\n|t:|1781412255\n|-terastallize|p2a: Ambipom|Normal\n|move|p2a: Ambipom|Fake Out|p1a: Toxtricity\n|-damage|p1a: Toxtricity|0 fnt\n|faint|p1a: Toxtricity\n|\n|upkeep\n|\n|t:|1781412270\n|switch|p1a: Ting-Lu|Ting-Lu, L78|257/370 tox\n|-ability|p1a: Ting-Lu|Vessel of Ruin\n|turn|19\n|\n|t:|1781412273\n|move|p2a: Ambipom|U-turn|p1a: Ting-Lu\n|-supereffective|p1a: Ting-Lu\n|-damage|p1a: Ting-Lu|167/370 tox\n|\n|t:|1781412277\n|switch|p2a: Barraskewda|Barraskewda, L81, M|231/231|[from] U-turn\n|-damage|p2a: Barraskewda|203/231|[from] Stealth Rock\n|-damage|p2a: Barraskewda|175/231|[from] Spikes\n|move|p1a: Ting-Lu|Throat Chop|p2a: Barraskewda\n|-damage|p2a: Barraskewda|67/231\n|-start|p2a: Barraskewda|Throat Chop|[silent]\n|\n|-heal|p1a: Ting-Lu|190/370 tox|[from] item: Leftovers\n|-damage|p1a: Ting-Lu|167/370 tox|[from] psn\n|upkeep\n|turn|20\n|\n|t:|1781412286\n|move|p2a: Barraskewda|Poison Jab|p1a: Ting-Lu\n|-resisted|p1a: Ting-Lu\n|-crit|p1a: Ting-Lu\n|-damage|p1a: Ting-Lu|105/370 tox\n|move|p1a: Ting-Lu|Spikes|p2a: Barraskewda\n|-sidestart|p2: Marferno|Spikes\n|\n|-heal|p1a: Ting-Lu|128/370 tox|[from] item: Leftovers\n|-damage|p1a: Ting-Lu|82/370 tox|[from] psn\n|-end|p2a: Barraskewda|Throat Chop|[silent]\n|upkeep\n|turn|21\n|\n|t:|1781412297\n|move|p2a: Barraskewda|Poison Jab|p1a: Ting-Lu\n|-resisted|p1a: Ting-Lu\n|-damage|p1a: Ting-Lu|43/370 tox\n|move|p1a: Ting-Lu|Throat Chop|p2a: Barraskewda\n|-damage|p2a: Barraskewda|0 fnt\n|faint|p2a: Barraskewda\n|\n|-heal|p1a: Ting-Lu|66/370 tox|[from] item: Leftovers\n|-damage|p1a: Ting-Lu|0 fnt|[from] psn\n|faint|p1a: Ting-Lu\n|upkeep\n|\n|t:|1781412305\n|switch|p2a: Gliscor|Gliscor, L76, M|208/239 tox\n|switch|p1a: Dedenne|Dedenne, L88, M|261/261\n|-damage|p2a: Gliscor|179/239 tox|[from] Stealth Rock\n|turn|22\n|\n|t:|1781412309\n|move|p1a: Dedenne|U-turn|p2a: Gliscor\n|-resisted|p2a: Gliscor\n|-damage|p2a: Gliscor|164/239 tox\n|\n|t:|1781412311\n|switch|p1a: Lilligant|Lilligant-Hisui, L79, F|240/240|[from] U-turn\n|move|p2a: Gliscor|Toxic|p1a: Lilligant\n|-status|p1a: Lilligant|tox\n|\n|-damage|p1a: Lilligant|225/240 tox|[from] psn\n|-heal|p2a: Gliscor|193/239 tox|[from] ability: Poison Heal\n|upkeep\n|turn|23\n|\n|t:|1781412317\n|move|p1a: Lilligant|Sleep Powder||[still]\n|-fail|p1a: Lilligant\n|move|p2a: Gliscor|Substitute|p2a: Gliscor\n|-start|p2a: Gliscor|Substitute\n|-damage|p2a: Gliscor|134/239 tox\n|\n|-damage|p1a: Lilligant|195/240 tox|[from] psn\n|-heal|p2a: Gliscor|163/239 tox|[from] ability: Poison Heal\n|upkeep\n|turn|24\n|\n|t:|1781412322\n|move|p2a: Gliscor|Protect|p2a: Gliscor\n|-singleturn|p2a: Gliscor|Protect\n|move|p1a: Lilligant|Leaf Blade|p2a: Gliscor\n|-activate|p2a: Gliscor|move: Protect\n|\n|-damage|p1a: Lilligant|150/240 tox|[from] psn\n|-heal|p2a: Gliscor|192/239 tox|[from] ability: Poison Heal\n|upkeep\n|turn|25\n|\n|t:|1781412327\n|move|p1a: Lilligant|Leaf Blade|p2a: Gliscor\n|-end|p2a: Gliscor|Substitute\n|move|p2a: Gliscor|Substitute|p2a: Gliscor\n|-start|p2a: Gliscor|Substitute\n|-damage|p2a: Gliscor|133/239 tox\n|\n|-damage|p1a: Lilligant|90/240 tox|[from] psn\n|-heal|p2a: Gliscor|162/239 tox|[from] ability: Poison Heal\n|upkeep\n|turn|26\n|\n|t:|1781412335\n|move|p1a: Lilligant|Leaf Blade|p2a: Gliscor\n|-end|p2a: Gliscor|Substitute\n|move|p2a: Gliscor|Substitute|p2a: Gliscor\n|-start|p2a: Gliscor|Substitute\n|-damage|p2a: Gliscor|103/239 tox\n|\n|-damage|p1a: Lilligant|15/240 tox|[from] psn\n|-heal|p2a: Gliscor|132/239 tox|[from] ability: Poison Heal\n|upkeep\n|turn|27\n|\n|t:|1781412342\n|move|p2a: Gliscor|Protect|p2a: Gliscor\n|-singleturn|p2a: Gliscor|Protect\n|move|p1a: Lilligant|Leaf Blade|p2a: Gliscor\n|-activate|p2a: Gliscor|move: Protect\n|\n|-damage|p1a: Lilligant|0 fnt|[from] psn\n|faint|p1a: Lilligant\n|-heal|p2a: Gliscor|161/239 tox|[from] ability: Poison Heal\n|upkeep\n|\n|t:|1781412344\n|switch|p1a: Wugtrio|Wugtrio, L91, M|212/212\n|turn|28\n|\n|t:|1781412356\n|move|p1a: Wugtrio|Liquidation|p2a: Gliscor\n|-supereffective|p2a: Gliscor\n|-end|p2a: Gliscor|Substitute\n|move|p2a: Gliscor|Toxic|p1a: Wugtrio\n|-status|p1a: Wugtrio|tox\n|\n|-damage|p1a: Wugtrio|199/212 tox|[from] psn\n|-heal|p2a: Gliscor|190/239 tox|[from] ability: Poison Heal\n|upkeep\n|turn|29\n|\n|t:|1781412362\n|move|p2a: Gliscor|Protect|p2a: Gliscor\n|-singleturn|p2a: Gliscor|Protect\n|move|p1a: Wugtrio|Liquidation|p2a: Gliscor\n|-activate|p2a: Gliscor|move: Protect\n|\n|-damage|p1a: Wugtrio|173/212 tox|[from] psn\n|-heal|p2a: Gliscor|219/239 tox|[from] ability: Poison Heal\n|upkeep\n|turn|30\n|\n|t:|1781412367\n|switch|p2a: Oricorio|Oricorio-Pa'u, L87, F|272/272\n|move|p1a: Wugtrio|Liquidation|p2a: Oricorio\n|-damage|p2a: Oricorio|94/272\n|\n|-damage|p1a: Wugtrio|134/212 tox|[from] psn\n|upkeep\n|turn|31\n|\n|t:|1781412371\n|move|p1a: Wugtrio|Liquidation|p2a: Oricorio\n|-damage|p2a: Oricorio|0 fnt\n|faint|p2a: Oricorio\n|\n|-damage|p1a: Wugtrio|82/212 tox|[from] psn\n|upkeep\n|\n|t:|1781412377\n|switch|p2a: Gliscor|Gliscor, L76, M|219/239 tox\n|-damage|p2a: Gliscor|190/239 tox|[from] Stealth Rock\n|turn|32\n|\n|t:|1781412382\n|switch|p1a: Dedenne|Dedenne, L88, M|261/261\n|move|p2a: Gliscor|Protect||[still]\n|-fail|p2a: Gliscor\n|\n|-heal|p2a: Gliscor|219/239 tox|[from] ability: Poison Heal\n|upkeep\n|turn|33\n|\n|t:|1781412387\n|move|p1a: Dedenne|Dazzling Gleam|p2a: Gliscor\n|-damage|p2a: Gliscor|117/239 tox\n|move|p2a: Gliscor|Toxic|p1a: Dedenne\n|-status|p1a: Dedenne|tox\n|\n|-damage|p1a: Dedenne|245/261 tox|[from] psn\n|-heal|p2a: Gliscor|146/239 tox|[from] ability: Poison Heal\n|upkeep\n|turn|34\n|\n|t:|1781412396\n|move|p1a: Dedenne|Dazzling Gleam|p2a: Gliscor\n|-damage|p2a: Gliscor|44/239 tox\n|move|p2a: Gliscor|Earthquake|p1a: Dedenne\n|-supereffective|p1a: Dedenne\n|-damage|p1a: Dedenne|5/261 tox\n|-enditem|p1a: Dedenne|Sitrus Berry|[eat]\n|-heal|p1a: Dedenne|70/261 tox|[from] item: Sitrus Berry\n|-heal|p1a: Dedenne|157/261 tox|[from] ability: Cheek Pouch\n|\n|-damage|p1a: Dedenne|125/261 tox|[from] psn\n|-heal|p2a: Gliscor|73/239 tox|[from] ability: Poison Heal\n|upkeep\n|turn|35\n|\n|t:|1781412403\n|move|p2a: Gliscor|Protect|p2a: Gliscor\n|-singleturn|p2a: Gliscor|Protect\n|move|p1a: Dedenne|Dazzling Gleam|p2a: Gliscor\n|-activate|p2a: Gliscor|move: Protect\n|\n|-damage|p1a: Dedenne|77/261 tox|[from] psn\n|-heal|p2a: Gliscor|102/239 tox|[from] ability: Poison Heal\n|upkeep\n|turn|36\n|\n|t:|1781412410\n|move|p2a: Gliscor|Protect|p2a: Gliscor\n|-singleturn|p2a: Gliscor|Protect\n|move|p1a: Dedenne|Dazzling Gleam|p2a: Gliscor\n|-activate|p2a: Gliscor|move: Protect\n|\n|-damage|p1a: Dedenne|13/261 tox|[from] psn\n|-heal|p2a: Gliscor|131/239 tox|[from] ability: Poison Heal\n|upkeep\n|turn|37\n|\n|t:|1781412414\n|move|p1a: Dedenne|Dazzling Gleam|p2a: Gliscor\n|-damage|p2a: Gliscor|37/239 tox\n|move|p2a: Gliscor|Earthquake|p1a: Dedenne\n|-supereffective|p1a: Dedenne\n|-damage|p1a: Dedenne|0 fnt\n|faint|p1a: Dedenne\n|\n|-heal|p2a: Gliscor|66/239 tox|[from] ability: Poison Heal\n|upkeep\n|\n|t:|1781412418\n|switch|p1a: Wugtrio|Wugtrio, L91, M|82/212 tox\n|turn|38\n|\n|t:|1781412421\n|move|p1a: Wugtrio|Liquidation|p2a: Gliscor\n|-supereffective|p2a: Gliscor\n|-damage|p2a: Gliscor|0 fnt\n|faint|p2a: Gliscor\n|\n|-damage|p1a: Wugtrio|69/212 tox|[from] psn\n|upkeep\n|\n|t:|1781412423\n|switch|p2a: Ambipom|Ambipom, L84, F, tera:Normal|199/263\n|-damage|p2a: Ambipom|167/263|[from] Stealth Rock\n|-damage|p2a: Ambipom|124/263|[from] Spikes\n|turn|39\n|\n|t:|1781412426\n|move|p2a: Ambipom|Fake Out|p1a: Wugtrio\n|-damage|p1a: Wugtrio|0 fnt\n|-ability|p1a: Wugtrio|Gooey\n|-unboost|p2a: Ambipom|spe|1\n|faint|p1a: Wugtrio\n|\n|win|Marferno\n", "uploadtime": 1781412096, "views": 4, "formatid": "gen9randombattle", "rating": null, "private": 0, "password": null}