{"id": "gen9randombattle-2631853261", "format": "[Gen 9] Random Battle", "players": ["DungBeetleEnjoyer", "aceguy123"], "log": "|j|\u2606DungBeetleEnjoyer\n|j|\u2606aceguy123\n|t:|1781448337\n|gametype|singles\n|player|p1|DungBeetleEnjoyer|swimmer-gen4|2056\n|player|p2|aceguy123|firebreather|2240\n|gen|9\n|tier|[Gen 9] Random Battle\n|rated|\n|rule|Species Clause: Limit one of each Pok\u00e9mon\n|rule|HP Percentage Mod: HP is shown in percentages\n|rule|Sleep Clause Mod: Limit one foe put to sleep\n|rule|Illusion Level Mod: Illusion disguises the Pok\u00e9mon's true level\n|\n|t:|1781448337\n|teamsize|p1|6\n|teamsize|p2|6\n|start\n|switch|p1a: Kricketune|Kricketune, L99, F|311/311\n|switch|p2a: Meganium|Meganium, L90, M|290/290\n|turn|1\n|inactive|Battle timer is ON: inactive players will automatically lose when time's up. (requested by aceguy123)\n|\n|t:|1781448355\n|move|p1a: Kricketune|Sticky Web|p2a: Meganium\n|-sidestart|p2: aceguy123|move: Sticky Web\n|move|p2a: Meganium|Dragon Tail|p1a: Kricketune\n|-damage|p1a: Kricketune|258/311\n|drag|p1a: Lanturn|Lanturn, L89, F|367/367\n|\n|upkeep\n|turn|2\n|\n|t:|1781448369\n|move|p1a: Lanturn|Thunder Wave|p2a: Meganium\n|-status|p2a: Meganium|par\n|move|p2a: Meganium|Dragon Tail|p1a: Lanturn\n|-damage|p1a: Lanturn|315/367\n|drag|p1a: Amoonguss|Amoonguss, L82, F|321/321\n|\n|upkeep\n|turn|3\n|\n|t:|1781448390\n|switch|p2a: Tentacruel|Tentacruel, L84, F|272/272\n|-activate|p2a: Tentacruel|move: Sticky Web\n|-unboost|p2a: Tentacruel|spe|1\n|move|p1a: Amoonguss|Sludge Bomb|p2a: Tentacruel\n|-resisted|p2a: Tentacruel\n|-damage|p2a: Tentacruel|251/272\n|\n|upkeep\n|turn|4\n|\n|t:|1781448396\n|move|p2a: Tentacruel|Rapid Spin|p1a: Amoonguss\n|-damage|p1a: Amoonguss|284/321\n|-boost|p2a: Tentacruel|spe|1\n|-damage|p2a: Tentacruel|206/272|[from] item: Rocky Helmet|[of] p1a: Amoonguss\n|-sideend|p2: aceguy123|Sticky Web|[from] move: Rapid Spin|[of] p2a: Tentacruel\n|move|p1a: Amoonguss|Spore|p2a: Tentacruel\n|-status|p2a: Tentacruel|slp|[from] move: Spore\n|\n|upkeep\n|turn|5\n|\n|t:|1781448402\n|cant|p2a: Tentacruel|slp\n|move|p1a: Amoonguss|Stomping Tantrum|p2a: Tentacruel\n|-supereffective|p2a: Tentacruel\n|-damage|p2a: Tentacruel|86/272 slp\n|\n|upkeep\n|turn|6\n|\n|t:|1781448414\n|switch|p2a: Victreebel|Victreebel, L90, F|290/290\n|move|p1a: Amoonguss|Stomping Tantrum|p2a: Victreebel\n|-damage|p2a: Victreebel|233/290\n|\n|upkeep\n|turn|7\n|\n|t:|1781448425\n|switch|p1a: Misdreavus|Misdreavus, L90, F|254/254\n|move|p2a: Victreebel|Sludge Wave|p1a: Misdreavus\n|-resisted|p1a: Misdreavus\n|-damage|p1a: Misdreavus|207/254\n|-status|p1a: Misdreavus|psn\n|-damage|p2a: Victreebel|204/290|[from] item: Life Orb\n|\n|-damage|p1a: Misdreavus|176/254 psn|[from] psn\n|upkeep\n|turn|8\n|\n|t:|1781448435\n|move|p1a: Misdreavus|Shadow Ball|p2a: Victreebel\n|-damage|p2a: Victreebel|110/290\n|-unboost|p2a: Victreebel|spd|1\n|move|p2a: Victreebel|Knock Off|p1a: Misdreavus\n|-supereffective|p1a: Misdreavus\n|-damage|p1a: Misdreavus|0 fnt\n|-enditem|p1a: Misdreavus|Eviolite|[from] move: Knock Off|[of] p2a: Victreebel\n|faint|p1a: Misdreavus\n|-damage|p2a: Victreebel|81/290|[from] item: Life Orb\n|\n|upkeep\n|\n|t:|1781448445\n|switch|p1a: Kricketune|Kricketune, L99, F|258/311\n|turn|9\n|\n|t:|1781448452\n|switch|p2a: Volcanion|Volcanion, L79|256/256\n|move|p1a: Kricketune|Knock Off|p2a: Volcanion\n|-damage|p2a: Volcanion|179/256\n|-enditem|p2a: Volcanion|Heavy-Duty Boots|[from] move: Knock Off|[of] p1a: Kricketune\n|\n|upkeep\n|turn|10\n|\n|t:|1781448466\n|switch|p1a: Blissey|Blissey, L85, F|572/572\n|move|p2a: Volcanion|Earth Power|p1a: Blissey\n|-damage|p1a: Blissey|517/572\n|-unboost|p1a: Blissey|spd|1\n|\n|-heal|p1a: Blissey|552/572|[from] item: Leftovers\n|upkeep\n|turn|11\n|\n|t:|1781448481\n|switch|p2a: Meganium|Meganium, L90, M|290/290 par\n|move|p1a: Blissey|Seismic Toss|p2a: Meganium\n|-damage|p2a: Meganium|205/290 par\n|\n|-heal|p1a: Blissey|572/572|[from] item: Leftovers\n|-heal|p2a: Meganium|223/290 par|[from] item: Leftovers\n|upkeep\n|turn|12\n|\n|t:|1781448492\n|move|p1a: Blissey|Seismic Toss|p2a: Meganium\n|-damage|p2a: Meganium|138/290 par\n|move|p2a: Meganium|Knock Off|p1a: Blissey\n|-damage|p1a: Blissey|364/572\n|-enditem|p1a: Blissey|Leftovers|[from] move: Knock Off|[of] p2a: Meganium\n|\n|-heal|p2a: Meganium|156/290 par|[from] item: Leftovers\n|upkeep\n|turn|13\n|\n|t:|1781448498\n|move|p1a: Blissey|Seismic Toss|p2a: Meganium\n|-damage|p2a: Meganium|71/290 par\n|move|p2a: Meganium|Synthesis|p2a: Meganium\n|-heal|p2a: Meganium|216/290 par\n|\n|-heal|p2a: Meganium|234/290 par|[from] item: Leftovers\n|upkeep\n|turn|14\n|\n|t:|1781448505\n|switch|p1a: Kricketune|Kricketune, L99, F|258/311\n|switch|p2a: Victreebel|Victreebel, L90, F|81/290\n|\n|upkeep\n|turn|15\n|\n|t:|1781448519\n|move|p1a: Kricketune|Sticky Web|p2a: Victreebel\n|-sidestart|p2: aceguy123|move: Sticky Web\n|move|p2a: Victreebel|Strength Sap|p1a: Kricketune\n|-unboost|p1a: Kricketune|atk|1\n|-heal|p2a: Victreebel|290/290\n|\n|upkeep\n|turn|16\n|\n|t:|1781448526\n|move|p1a: Kricketune|Taunt|p2a: Victreebel\n|-start|p2a: Victreebel|move: Taunt\n|move|p2a: Victreebel|Sludge Wave|p1a: Kricketune\n|-damage|p1a: Kricketune|55/311\n|-damage|p2a: Victreebel|261/290|[from] item: Life Orb\n|\n|upkeep\n|turn|17\n|\n|t:|1781448534\n|switch|p1a: Amoonguss|Amoonguss, L82, F|321/321\n|move|p2a: Victreebel|Knock Off|p1a: Amoonguss\n|-damage|p1a: Amoonguss|186/321\n|-damage|p2a: Victreebel|213/290|[from] item: Rocky Helmet|[of] p1a: Amoonguss\n|-enditem|p1a: Amoonguss|Rocky Helmet|[from] move: Knock Off|[of] p2a: Victreebel\n|-damage|p2a: Victreebel|184/290|[from] item: Life Orb\n|\n|upkeep\n|turn|18\n|\n|t:|1781448540\n|move|p2a: Victreebel|Sludge Wave|p1a: Amoonguss\n|-damage|p1a: Amoonguss|13/321\n|-damage|p2a: Victreebel|155/290|[from] item: Life Orb\n|move|p1a: Amoonguss|Sludge Bomb|p2a: Victreebel\n|-damage|p2a: Victreebel|65/290\n|\n|-end|p2a: Victreebel|move: Taunt\n|upkeep\n|turn|19\n|\n|t:|1781448549\n|switch|p1a: Probopass|Probopass, L91, F|257/257\n|move|p2a: Victreebel|Strength Sap|p1a: Probopass\n|-unboost|p1a: Probopass|atk|1\n|-heal|p2a: Victreebel|170/290\n|\n|upkeep\n|turn|20\n|\n|t:|1781448559\n|move|p2a: Victreebel|Knock Off|p1a: Probopass\n|-damage|p1a: Probopass|183/257\n|-enditem|p1a: Probopass|Leftovers|[from] move: Knock Off|[of] p2a: Victreebel\n|-damage|p2a: Victreebel|141/290|[from] item: Life Orb\n|move|p1a: Probopass|Iron Defense|p1a: Probopass\n|-boost|p1a: Probopass|def|2\n|\n|upkeep\n|turn|21\n|\n|t:|1781448575\n|switch|p2a: Granbull|Granbull, L88, F|302/302\n|-activate|p2a: Granbull|move: Sticky Web\n|-unboost|p2a: Granbull|spe|1\n|-ability|p2a: Granbull|Intimidate|boost\n|-unboost|p1a: Probopass|atk|1\n|move|p1a: Probopass|Iron Defense|p1a: Probopass\n|-boost|p1a: Probopass|def|2\n|\n|upkeep\n|turn|22\n|\n|t:|1781448584\n|switch|p1a: Lanturn|Lanturn, L89, F|315/367\n|move|p2a: Granbull|Thunder Wave|p1a: Lanturn\n|-heal|p1a: Lanturn|367/367|[from] ability: Volt Absorb|[of] p2a: Granbull\n|\n|upkeep\n|turn|23\n|\n|t:|1781448590\n|move|p1a: Lanturn|Thunderbolt|p2a: Granbull\n|-damage|p2a: Granbull|197/302\n|move|p2a: Granbull|Earthquake|p1a: Lanturn\n|-supereffective|p1a: Lanturn\n|-damage|p1a: Lanturn|119/367\n|\n|-heal|p1a: Lanturn|141/367|[from] item: Leftovers\n|-heal|p2a: Granbull|215/302|[from] item: Leftovers\n|upkeep\n|turn|24\n|\n|t:|1781448600\n|move|p1a: Lanturn|Scald|p2a: Granbull\n|-damage|p2a: Granbull|121/302\n|move|p2a: Granbull|Earthquake|p1a: Lanturn\n|-supereffective|p1a: Lanturn\n|-damage|p1a: Lanturn|0 fnt\n|faint|p1a: Lanturn\n|\n|-heal|p2a: Granbull|139/302|[from] item: Leftovers\n|upkeep\n|\n|t:|1781448607\n|switch|p1a: Probopass|Probopass, L91, F|183/257\n|turn|25\n|\n|t:|1781448616\n|switch|p2a: Volcanion|Volcanion, L79|179/256\n|-activate|p2a: Volcanion|move: Sticky Web\n|-unboost|p2a: Volcanion|spe|1\n|move|p1a: Probopass|Flash Cannon|p2a: Volcanion\n|-resisted|p2a: Volcanion\n|-damage|p2a: Volcanion|159/256\n|\n|upkeep\n|turn|26\n|\n|t:|1781448621\n|switch|p1a: Blissey|Blissey, L85, F|364/572\n|switch|p2a: Tentacruel|Tentacruel, L84, F|86/272 slp\n|-activate|p2a: Tentacruel|move: Sticky Web\n|-unboost|p2a: Tentacruel|spe|1\n|\n|upkeep\n|turn|27\n|\n|t:|1781448627\n|cant|p2a: Tentacruel|slp\n|move|p1a: Blissey|Seismic Toss|p2a: Tentacruel\n|-damage|p2a: Tentacruel|1/272 slp\n|\n|upkeep\n|turn|28\n|\n|t:|1781448634\n|-terastallize|p1a: Blissey|Ghost\n|-curestatus|p2a: Tentacruel|slp|[msg]\n|move|p2a: Tentacruel|Rapid Spin|p1a: Blissey\n|-immune|p1a: Blissey\n|move|p1a: Blissey|Seismic Toss|p2a: Tentacruel\n|-damage|p2a: Tentacruel|0 fnt\n|faint|p2a: Tentacruel\n|\n|upkeep\n|inactive|aceguy123 has 120 seconds left.\n|\n|t:|1781448667\n|switch|p2a: Granbull|Granbull, L88, F|139/302\n|-activate|p2a: Granbull|move: Sticky Web\n|-unboost|p2a: Granbull|spe|1\n|-ability|p2a: Granbull|Intimidate|boost\n|-unboost|p1a: Blissey|atk|1\n|turn|29\n|inactive|aceguy123 has 120 seconds left.\n|\n|t:|1781448690\n|switch|p1a: Amoonguss|Amoonguss, L82, F|120/321\n|move|p2a: Granbull|Thunder Wave|p1a: Amoonguss\n|-status|p1a: Amoonguss|par\n|\n|-heal|p2a: Granbull|157/302|[from] item: Leftovers\n|upkeep\n|turn|30\n|\n|t:|1781448700\n|move|p2a: Granbull|Earthquake|p1a: Amoonguss\n|-damage|p1a: Amoonguss|9/321 par\n|cant|p1a: Amoonguss|par\n|\n|-heal|p2a: Granbull|175/302|[from] item: Leftovers\n|upkeep\n|turn|31\n|\n|t:|1781448704\n|move|p2a: Granbull|Earthquake|p1a: Amoonguss\n|-damage|p1a: Amoonguss|0 fnt\n|faint|p1a: Amoonguss\n|\n|-heal|p2a: Granbull|193/302|[from] item: Leftovers\n|upkeep\n|\n|t:|1781448712\n|switch|p1a: Kricketune|Kricketune, L99, F|55/311\n|turn|32\n|\n|t:|1781448719\n|move|p1a: Kricketune|Pounce|p2a: Granbull\n|-resisted|p2a: Granbull\n|-damage|p2a: Granbull|142/302\n|-unboost|p2a: Granbull|spe|1\n|move|p2a: Granbull|Earthquake|p1a: Kricketune\n|-resisted|p1a: Kricketune\n|-damage|p1a: Kricketune|2/311\n|\n|-heal|p2a: Granbull|160/302|[from] item: Leftovers\n|upkeep\n|turn|33\n|\n|t:|1781448723\n|move|p1a: Kricketune|Pounce|p2a: Granbull\n|-resisted|p2a: Granbull\n|-damage|p2a: Granbull|103/302\n|-unboost|p2a: Granbull|spe|1\n|move|p2a: Granbull|Earthquake|p1a: Kricketune\n|-resisted|p1a: Kricketune\n|-damage|p1a: Kricketune|0 fnt\n|faint|p1a: Kricketune\n|\n|-heal|p2a: Granbull|121/302|[from] item: Leftovers\n|upkeep\n|\n|t:|1781448727\n|switch|p1a: Probopass|Probopass, L91, F|183/257\n|turn|34\n|\n|t:|1781448744\n|-terastallize|p2a: Granbull|Ground\n|move|p1a: Probopass|Flash Cannon|p2a: Granbull\n|-damage|p2a: Granbull|12/302\n|move|p2a: Granbull|Thunder Wave|p1a: Probopass\n|-status|p1a: Probopass|par\n|\n|-heal|p2a: Granbull|30/302|[from] item: Leftovers\n|upkeep\n|turn|35\n|\n|t:|1781448757\n|switch|p2a: Ursaring|Ursaring, L84, M|288/288\n|-activate|p2a: Ursaring|move: Sticky Web\n|-unboost|p2a: Ursaring|spe|1\n|move|p1a: Probopass|Flash Cannon|p2a: Ursaring\n|-damage|p2a: Ursaring|203/288\n|\n|-status|p2a: Ursaring|tox|[from] item: Toxic Orb\n|upkeep\n|turn|36\n|\n|t:|1781448761\n|move|p2a: Ursaring|Close Combat|p1a: Probopass\n|-supereffective|p1a: Probopass\n|-damage|p1a: Probopass|0 fnt\n|-unboost|p2a: Ursaring|def|1\n|-unboost|p2a: Ursaring|spd|1\n|faint|p1a: Probopass\n|\n|-damage|p2a: Ursaring|185/288 tox|[from] psn\n|upkeep\n|\n|t:|1781448764\n|switch|p1a: Blissey|Blissey, L85, F, tera:Ghost|364/572\n|turn|37\n|\n|t:|1781448768\n|move|p1a: Blissey|Soft-Boiled|p1a: Blissey\n|-heal|p1a: Blissey|572/572\n|move|p2a: Ursaring|Throat Chop|p1a: Blissey\n|-supereffective|p1a: Blissey\n|-damage|p1a: Blissey|172/572\n|-start|p1a: Blissey|Throat Chop|[silent]\n|\n|-damage|p2a: Ursaring|149/288 tox|[from] psn\n|upkeep\n|turn|38\n|\n|t:|1781448773\n|move|p1a: Blissey|Soft-Boiled|p1a: Blissey\n|-heal|p1a: Blissey|458/572\n|move|p2a: Ursaring|Swords Dance|p2a: Ursaring\n|-boost|p2a: Ursaring|atk|2\n|\n|-damage|p2a: Ursaring|95/288 tox|[from] psn\n|-end|p1a: Blissey|Throat Chop|[silent]\n|upkeep\n|turn|39\n|\n|t:|1781448776\n|move|p1a: Blissey|Seismic Toss|p2a: Ursaring\n|-damage|p2a: Ursaring|10/288 tox\n|move|p2a: Ursaring|Throat Chop|p1a: Blissey\n|-supereffective|p1a: Blissey\n|-damage|p1a: Blissey|0 fnt\n|faint|p1a: Blissey\n|\n|win|aceguy123\n", "uploadtime": 1781448339, "views": 3, "formatid": "gen9randombattle", "rating": null, "private": 0, "password": null}