{"id": "gen9randombattle-2631462154", "format": "[Gen 9] Random Battle", "players": ["zrima", "Jhon Xina"], "log": "|j|\u2606zrima\n|j|\u2606Jhon Xina\n|t:|1781387645\n|gametype|singles\n|player|p1|zrima|acetrainerf-gen4dp|2029\n|player|p2|Jhon Xina|1|2103\n|gen|9\n|tier|[Gen 9] Random Battle\n|rated|\n|rule|Species Clause: Limit one of each Pok\u00e9mon\n|rule|HP Percentage Mod: HP is shown in percentages\n|rule|Sleep Clause Mod: Limit one foe put to sleep\n|rule|Illusion Level Mod: Illusion disguises the Pok\u00e9mon's true level\n|\n|t:|1781387645\n|teamsize|p1|6\n|teamsize|p2|6\n|start\n|switch|p1a: Dondozo|Dondozo, L78, M|362/362\n|switch|p2a: Carbink|Carbink, L90|236/236\n|turn|1\n|inactive|Battle timer is ON: inactive players will automatically lose when time's up. (requested by Jhon Xina)\n|\n|t:|1781387653\n|switch|p2a: Minun|Minun, L95, F|268/268\n|move|p1a: Dondozo|Wave Crash|p2a: Minun\n|-damage|p2a: Minun|114/268\n|-damage|p1a: Dondozo|311/362|[from] Recoil\n|\n|-heal|p1a: Dondozo|333/362|[from] item: Leftovers\n|upkeep\n|turn|2\n|\n|t:|1781387664\n|switch|p1a: Muk|Muk-Alola, L82, F|306/306\n|move|p2a: Minun|Thunderbolt|p1a: Muk\n|-damage|p1a: Muk|228/306\n|-damage|p2a: Minun|88/268|[from] item: Life Orb\n|\n|upkeep\n|turn|3\n|\n|t:|1781387672\n|switch|p2a: Carbink|Carbink, L90|236/236\n|move|p1a: Muk|Poison Jab|p2a: Carbink\n|-damage|p2a: Carbink|185/236\n|-status|p2a: Carbink|psn\n|\n|-damage|p2a: Carbink|156/236 psn|[from] psn\n|upkeep\n|turn|4\n|\n|t:|1781387677\n|switch|p1a: Dondozo|Dondozo, L78, M|333/362\n|move|p2a: Carbink|Body Press|p1a: Dondozo\n|-damage|p1a: Dondozo|258/362\n|\n|-heal|p1a: Dondozo|280/362|[from] item: Leftovers\n|-damage|p2a: Carbink|127/236 psn|[from] psn\n|upkeep\n|turn|5\n|\n|t:|1781387681\n|move|p2a: Carbink|Moonblast|p1a: Dondozo\n|-damage|p1a: Dondozo|175/362\n|move|p1a: Dondozo|Wave Crash|p2a: Carbink\n|-supereffective|p2a: Carbink\n|-damage|p2a: Carbink|0 fnt\n|faint|p2a: Carbink\n|-damage|p1a: Dondozo|133/362|[from] Recoil\n|\n|-heal|p1a: Dondozo|155/362|[from] item: Leftovers\n|upkeep\n|\n|t:|1781387683\n|switch|p2a: Minun|Minun, L95, F|88/268\n|turn|6\n|\n|t:|1781387692\n|switch|p1a: Muk|Muk-Alola, L82, F|228/306\n|move|p2a: Minun|Nasty Plot|p2a: Minun\n|-boost|p2a: Minun|spa|2\n|\n|upkeep\n|turn|7\n|\n|t:|1781387699\n|move|p2a: Minun|Thunderbolt|p1a: Muk\n|-damage|p1a: Muk|76/306\n|-damage|p2a: Minun|62/268|[from] item: Life Orb\n|move|p1a: Muk|Drain Punch|p2a: Minun\n|-damage|p2a: Minun|0 fnt\n|-heal|p1a: Muk|107/306|[from] drain|[of] p2a: Minun\n|faint|p2a: Minun\n|\n|upkeep\n|\n|t:|1781387710\n|switch|p2a: Walking Wake|Walking Wake, L79|286/286\n|turn|8\n|\n|t:|1781387722\n|move|p2a: Walking Wake|Draco Meteor|p1a: Muk\n|-crit|p1a: Muk\n|-damage|p1a: Muk|0 fnt\n|-unboost|p2a: Walking Wake|spa|2\n|faint|p1a: Muk\n|\n|upkeep\n|\n|t:|1781387732\n|switch|p1a: Ribombee|Ribombee, L83, F|235/235\n|turn|9\n|\n|t:|1781387737\n|-end|p2a: Walking Wake|Protosynthesis|[silent]\n|switch|p2a: Zangoose|Zangoose, L85, M|263/263\n|move|p1a: Ribombee|Quiver Dance|p1a: Ribombee\n|-boost|p1a: Ribombee|spa|1\n|-boost|p1a: Ribombee|spd|1\n|-boost|p1a: Ribombee|spe|1\n|\n|-status|p2a: Zangoose|tox|[from] item: Toxic Orb\n|upkeep\n|turn|10\n|\n|t:|1781387764\n|move|p1a: Ribombee|Moonblast|p2a: Zangoose\n|-damage|p2a: Zangoose|71/263 tox\n|-unboost|p2a: Zangoose|spa|1\n|move|p2a: Zangoose|Facade|p1a: Ribombee\n|-damage|p1a: Ribombee|0 fnt\n|faint|p1a: Ribombee\n|\n|-damage|p2a: Zangoose|55/263 tox|[from] psn\n|upkeep\n|inactive|zrima has 120 seconds left.\n|\n|t:|1781387797\n|switch|p1a: Slaking|Slaking, L84, M|389/389\n|turn|11\n|\n|t:|1781387805\n|move|p1a: Slaking|Knock Off|p2a: Zangoose\n|-damage|p2a: Zangoose|0 fnt\n|-enditem|p2a: Zangoose|Toxic Orb|[from] move: Knock Off|[of] p1a: Slaking\n|faint|p2a: Zangoose\n|\n|upkeep\n|\n|t:|1781387815\n|switch|p2a: Cyclizar|Cyclizar, L83, F|252/252\n|turn|12\n|inactive|zrima has 120 seconds left.\n|\n|t:|1781387828\n|switch|p1a: Espathra|Espathra, L80, M|283/283\n|move|p2a: Cyclizar|Knock Off|p1a: Espathra\n|-supereffective|p1a: Espathra\n|-damage|p1a: Espathra|103/283\n|-enditem|p1a: Espathra|Leftovers|[from] move: Knock Off|[of] p2a: Cyclizar\n|\n|upkeep\n|turn|13\n|inactive|zrima has 120 seconds left.\n|\n|t:|1781387838\n|move|p2a: Cyclizar|Shed Tail|p2a: Cyclizar\n|-start|p2a: Cyclizar|Substitute|[from] move: Shed Tail\n|-damage|p2a: Cyclizar|126/252\n|\n|t:|1781387841\n|switch|p2a: Suicune|Suicune, L82|298/298|[from] Shed Tail\n|-ability|p2a: Suicune|Pressure\n|move|p1a: Espathra|Roost|p1a: Espathra\n|-heal|p1a: Espathra|245/283\n|-singleturn|p1a: Espathra|move: Roost\n|\n|-ability|p1a: Espathra|Speed Boost|boost\n|-boost|p1a: Espathra|spe|1\n|upkeep\n|turn|14\n|\n|t:|1781387847\n|move|p1a: Espathra|Calm Mind|p1a: Espathra\n|-boost|p1a: Espathra|spa|1\n|-boost|p1a: Espathra|spd|1\n|move|p2a: Suicune|Calm Mind|p2a: Suicune\n|-boost|p2a: Suicune|spa|1\n|-boost|p2a: Suicune|spd|1\n|\n|-ability|p1a: Espathra|Speed Boost|boost\n|-boost|p1a: Espathra|spe|1\n|upkeep\n|turn|15\n|\n|t:|1781387849\n|move|p1a: Espathra|Calm Mind|p1a: Espathra\n|-boost|p1a: Espathra|spa|1\n|-boost|p1a: Espathra|spd|1\n|move|p2a: Suicune|Scald|p1a: Espathra\n|-damage|p1a: Espathra|164/283\n|\n|-ability|p1a: Espathra|Speed Boost|boost\n|-boost|p1a: Espathra|spe|1\n|upkeep\n|turn|16\n|\n|t:|1781387856\n|move|p1a: Espathra|Stored Power|p2a: Suicune\n|-end|p2a: Suicune|Substitute\n|move|p2a: Suicune|Scald|p1a: Espathra\n|-damage|p1a: Espathra|85/283\n|-status|p1a: Espathra|brn\n|\n|-damage|p1a: Espathra|68/283 brn|[from] brn\n|-ability|p1a: Espathra|Speed Boost|boost\n|-boost|p1a: Espathra|spe|1\n|upkeep\n|turn|17\n|\n|t:|1781387863\n|move|p1a: Espathra|Roost|p1a: Espathra\n|-heal|p1a: Espathra|210/283 brn\n|-singleturn|p1a: Espathra|move: Roost\n|move|p2a: Suicune|Calm Mind|p2a: Suicune\n|-boost|p2a: Suicune|spa|1\n|-boost|p2a: Suicune|spd|1\n|\n|-damage|p1a: Espathra|193/283 brn|[from] brn\n|-ability|p1a: Espathra|Speed Boost|boost\n|-boost|p1a: Espathra|spe|1\n|upkeep\n|turn|18\n|\n|t:|1781387865\n|move|p1a: Espathra|Calm Mind|p1a: Espathra\n|-boost|p1a: Espathra|spa|1\n|-boost|p1a: Espathra|spd|1\n|move|p2a: Suicune|Scald|p1a: Espathra\n|-damage|p1a: Espathra|109/283 brn\n|\n|-damage|p1a: Espathra|92/283 brn|[from] brn\n|-ability|p1a: Espathra|Speed Boost|boost\n|-boost|p1a: Espathra|spe|1\n|upkeep\n|turn|19\n|\n|t:|1781387871\n|move|p1a: Espathra|Stored Power|p2a: Suicune\n|-damage|p2a: Suicune|34/298\n|move|p2a: Suicune|Scald|p1a: Espathra\n|-damage|p1a: Espathra|10/283 brn\n|\n|-heal|p2a: Suicune|52/298|[from] item: Leftovers\n|-damage|p1a: Espathra|0 fnt|[from] brn\n|faint|p1a: Espathra\n|upkeep\n|inactive|zrima has 120 seconds left.\n|\n|t:|1781387903\n|switch|p1a: Haxorus|Haxorus, L77, M|244/244\n|-ability|p1a: Haxorus|Mold Breaker\n|turn|20\n|\n|t:|1781387910\n|move|p1a: Haxorus|Scale Shot|p2a: Suicune\n|-damage|p2a: Suicune|27/298\n|-damage|p2a: Suicune|2/298\n|-damage|p2a: Suicune|0 fnt\n|faint|p2a: Suicune\n|-hitcount|p2: Suicune|3\n|-unboost|p1a: Haxorus|def|1\n|-boost|p1a: Haxorus|spe|1\n|\n|upkeep\n|\n|t:|1781387914\n|switch|p2a: Walking Wake|Walking Wake, L79|286/286\n|turn|21\n|\n|t:|1781387925\n|switch|p1a: Dondozo|Dondozo, L78, M|155/362\n|-terastallize|p2a: Walking Wake|Water\n|move|p2a: Walking Wake|Draco Meteor|p1a: Dondozo\n|-damage|p1a: Dondozo|0 fnt\n|-unboost|p2a: Walking Wake|spa|2\n|faint|p1a: Dondozo\n|\n|upkeep\n|\n|t:|1781387933\n|switch|p1a: Slaking|Slaking, L84, M|389/389\n|turn|22\n|\n|t:|1781387937\n|move|p2a: Walking Wake|Draco Meteor|p1a: Slaking\n|-damage|p1a: Slaking|241/389\n|-unboost|p2a: Walking Wake|spa|2\n|move|p1a: Slaking|Double-Edge|p2a: Walking Wake\n|-damage|p2a: Walking Wake|9/286\n|-damage|p1a: Slaking|150/389|[from] Recoil\n|\n|upkeep\n|turn|23\n|\n|t:|1781387942\n|move|p2a: Walking Wake|Draco Meteor|p1a: Slaking\n|-damage|p1a: Slaking|57/389\n|-unboost|p2a: Walking Wake|spa|2\n|cant|p1a: Slaking|ability: Truant\n|\n|upkeep\n|turn|24\n|\n|t:|1781387946\n|move|p2a: Walking Wake|Draco Meteor|p1a: Slaking\n|-damage|p1a: Slaking|0 fnt\n|faint|p1a: Slaking\n|\n|upkeep\n|\n|t:|1781387948\n|switch|p1a: Haxorus|Haxorus, L77, M|244/244\n|-ability|p1a: Haxorus|Mold Breaker\n|turn|25\n|\n|t:|1781387954\n|-terastallize|p1a: Haxorus|Steel\n|move|p2a: Walking Wake|Draco Meteor|p1a: Haxorus\n|-resisted|p1a: Haxorus\n|-damage|p1a: Haxorus|208/244\n|move|p1a: Haxorus|Scale Shot|p2a: Walking Wake\n|-damage|p2a: Walking Wake|0 fnt\n|faint|p2a: Walking Wake\n|-end|p2a: Walking Wake|Protosynthesis|[silent]\n|-hitcount|p2: Walking Wake|1\n|-unboost|p1a: Haxorus|def|1\n|-boost|p1a: Haxorus|spe|1\n|\n|upkeep\n|\n|t:|1781387956\n|switch|p2a: Cyclizar|Cyclizar, L83, F|210/252\n|turn|26\n|\n|t:|1781387966\n|move|p1a: Haxorus|Scale Shot|p2a: Cyclizar\n|-supereffective|p2a: Cyclizar\n|-damage|p2a: Cyclizar|136/252\n|-supereffective|p2a: Cyclizar\n|-damage|p2a: Cyclizar|58/252\n|-supereffective|p2a: Cyclizar\n|-damage|p2a: Cyclizar|0 fnt\n|faint|p2a: Cyclizar\n|-hitcount|p2: Cyclizar|3\n|\n|win|zrima\n", "uploadtime": 1781387647, "views": 6, "formatid": "gen9randombattle", "rating": null, "private": 0, "password": null}