{"id": "gen9randombattle-2631427129", "format": "[Gen 9] Random Battle", "players": ["jonuz", "mr012"], "log": "|j|\u2606jonuz\n|j|\u2606mr012\n|t:|1781383305\n|gametype|singles\n|player|p1|jonuz|102|1939\n|player|p2|mr012|266|1931\n|gen|9\n|tier|[Gen 9] Random Battle\n|rated|\n|rule|Species Clause: Limit one of each Pok\u00e9mon\n|rule|HP Percentage Mod: HP is shown in percentages\n|rule|Sleep Clause Mod: Limit one foe put to sleep\n|rule|Illusion Level Mod: Illusion disguises the Pok\u00e9mon's true level\n|\n|t:|1781383305\n|teamsize|p1|6\n|teamsize|p2|6\n|start\n|switch|p1a: Diancie|Diancie, L82|216/216\n|switch|p2a: Clodsire|Clodsire, L81, M|343/343\n|turn|1\n|inactive|Battle timer is ON: inactive players will automatically lose when time's up. (requested by mr012)\n|\n|t:|1781383312\n|switch|p1a: Forretress|Forretress, L84, F|263/263\n|move|p2a: Clodsire|Spikes|p1a: Forretress\n|-sidestart|p1: jonuz|Spikes\n|\n|upkeep\n|turn|2\n|\n|t:|1781383324\n|move|p1a: Forretress|Stealth Rock|p2a: Clodsire\n|-sidestart|p2: mr012|move: Stealth Rock\n|move|p2a: Clodsire|Earthquake|p1a: Forretress\n|-damage|p1a: Forretress|205/263\n|\n|-heal|p1a: Forretress|221/263|[from] item: Leftovers\n|upkeep\n|turn|3\n|\n|t:|1781383330\n|move|p1a: Forretress|Spikes|p2a: Clodsire\n|-sidestart|p2: mr012|Spikes\n|move|p2a: Clodsire|Spikes|p1a: Forretress\n|-sidestart|p1: jonuz|Spikes\n|\n|-heal|p1a: Forretress|237/263|[from] item: Leftovers\n|upkeep\n|turn|4\n|\n|t:|1781383332\n|move|p1a: Forretress|Spikes|p2a: Clodsire\n|-sidestart|p2: mr012|Spikes\n|move|p2a: Clodsire|Spikes|p1a: Forretress\n|-sidestart|p1: jonuz|Spikes\n|\n|-heal|p1a: Forretress|253/263|[from] item: Leftovers\n|upkeep\n|turn|5\n|\n|t:|1781383333\n|move|p1a: Forretress|Spikes|p2a: Clodsire\n|-sidestart|p2: mr012|Spikes\n|move|p2a: Clodsire|Earthquake|p1a: Forretress\n|-damage|p1a: Forretress|199/263\n|\n|-heal|p1a: Forretress|215/263|[from] item: Leftovers\n|upkeep\n|turn|6\n|\n|t:|1781383336\n|move|p1a: Forretress|Iron Head|p2a: Clodsire\n|-damage|p2a: Clodsire|229/343\n|cant|p2a: Clodsire|flinch\n|\n|-heal|p1a: Forretress|231/263|[from] item: Leftovers\n|-heal|p2a: Clodsire|250/343|[from] item: Leftovers\n|upkeep\n|turn|7\n|\n|t:|1781383351\n|move|p1a: Forretress|Iron Head|p2a: Clodsire\n|-damage|p2a: Clodsire|142/343\n|cant|p2a: Clodsire|flinch\n|\n|-heal|p1a: Forretress|247/263|[from] item: Leftovers\n|-heal|p2a: Clodsire|163/343|[from] item: Leftovers\n|upkeep\n|turn|8\n|\n|t:|1781383353\n|move|p1a: Forretress|Iron Head|p2a: Clodsire\n|-crit|p2a: Clodsire\n|-damage|p2a: Clodsire|12/343\n|move|p2a: Clodsire|Recover|p2a: Clodsire\n|-heal|p2a: Clodsire|184/343\n|\n|-heal|p1a: Forretress|263/263|[from] item: Leftovers\n|-heal|p2a: Clodsire|205/343|[from] item: Leftovers\n|upkeep\n|turn|9\n|\n|t:|1781383357\n|move|p1a: Forretress|Iron Head|p2a: Clodsire\n|-damage|p2a: Clodsire|103/343\n|cant|p2a: Clodsire|flinch\n|\n|-heal|p2a: Clodsire|124/343|[from] item: Leftovers\n|upkeep\n|turn|10\n|\n|t:|1781383359\n|move|p1a: Forretress|Iron Head|p2a: Clodsire\n|-damage|p2a: Clodsire|19/343\n|cant|p2a: Clodsire|flinch\n|\n|-heal|p2a: Clodsire|40/343|[from] item: Leftovers\n|upkeep\n|turn|11\n|\n|t:|1781383360\n|move|p1a: Forretress|Iron Head|p2a: Clodsire\n|-damage|p2a: Clodsire|0 fnt\n|faint|p2a: Clodsire\n|\n|upkeep\n|\n|t:|1781383361\n|switch|p2a: Cinderace|Cinderace, L77, F|249/249\n|-damage|p2a: Cinderace|187/249|[from] Stealth Rock\n|-damage|p2a: Cinderace|125/249|[from] Spikes\n|turn|12\n|\n|t:|1781383368\n|switch|p1a: Vaporeon|Vaporeon, L86, M|364/364\n|-damage|p1a: Vaporeon|273/364|[from] Spikes\n|move|p2a: Cinderace|High Jump Kick|p1a: Vaporeon\n|-start|p2a: Cinderace|typechange|Fighting|[from] ability: Libero\n|-damage|p1a: Vaporeon|33/364\n|\n|-heal|p1a: Vaporeon|55/364|[from] item: Leftovers\n|upkeep\n|turn|13\n|\n|t:|1781383377\n|move|p1a: Vaporeon|Protect|p1a: Vaporeon\n|-singleturn|p1a: Vaporeon|Protect\n|move|p2a: Cinderace|High Jump Kick|p1a: Vaporeon\n|-activate|p1a: Vaporeon|move: Protect\n|-damage|p2a: Cinderace|1/249|[from] highjumpkick\n|\n|-heal|p1a: Vaporeon|77/364|[from] item: Leftovers\n|upkeep\n|turn|14\n|\n|t:|1781383380\n|move|p1a: Vaporeon|Protect||[still]\n|-fail|p1a: Vaporeon\n|move|p2a: Cinderace|High Jump Kick|p1a: Vaporeon\n|-damage|p1a: Vaporeon|0 fnt\n|faint|p1a: Vaporeon\n|\n|upkeep\n|\n|t:|1781383392\n|switch|p1a: Forretress|Forretress, L84, F|263/263\n|-damage|p1a: Forretress|198/263|[from] Spikes\n|turn|15\n|\n|t:|1781383395\n|move|p2a: Cinderace|High Jump Kick|p1a: Forretress\n|-damage|p1a: Forretress|71/263\n|move|p1a: Forretress|Iron Head|p2a: Cinderace\n|-damage|p2a: Cinderace|0 fnt\n|faint|p2a: Cinderace\n|\n|-heal|p1a: Forretress|87/263|[from] item: Leftovers\n|upkeep\n|\n|t:|1781383402\n|switch|p2a: Flamigo|Flamigo, L82, F|269/269\n|-damage|p2a: Flamigo|236/269|[from] Stealth Rock\n|turn|16\n|\n|t:|1781383405\n|move|p2a: Flamigo|Swords Dance|p2a: Flamigo\n|-boost|p2a: Flamigo|atk|2\n|move|p1a: Forretress|Iron Head|p2a: Flamigo\n|-crit|p2a: Flamigo\n|-damage|p2a: Flamigo|98/269\n|\n|-heal|p1a: Forretress|103/263|[from] item: Leftovers\n|upkeep\n|turn|17\n|\n|t:|1781383413\n|move|p2a: Flamigo|Close Combat|p1a: Forretress\n|-damage|p1a: Forretress|0 fnt\n|-unboost|p2a: Flamigo|def|1\n|-unboost|p2a: Flamigo|spd|1\n|faint|p1a: Forretress\n|-damage|p2a: Flamigo|72/269|[from] item: Life Orb\n|\n|upkeep\n|c|\u2606jonuz|This forre\n|c|\u2606jonuz|Ate his wheaties\n|\n|t:|1781383423\n|switch|p1a: Dedenne|Dedenne, L88, F|261/261\n|-damage|p1a: Dedenne|196/261|[from] Spikes\n|turn|18\n|\n|t:|1781383427\n|switch|p2a: Quagsire|Quagsire, L84, M|297/297\n|-damage|p2a: Quagsire|279/297|[from] Stealth Rock\n|-damage|p2a: Quagsire|205/297|[from] Spikes\n|move|p1a: Dedenne|Thunderbolt|p2a: Quagsire\n|-immune|p2a: Quagsire\n|\n|-heal|p2a: Quagsire|223/297|[from] item: Leftovers\n|upkeep\n|turn|19\n|\n|t:|1781383434\n|switch|p1a: Klawf|Klawf, L90, M|272/272\n|-damage|p1a: Klawf|204/272|[from] Spikes\n|move|p2a: Quagsire|Earthquake|p1a: Klawf\n|-supereffective|p1a: Klawf\n|-damage|p1a: Klawf|52/272\n|\n|-heal|p2a: Quagsire|241/297|[from] item: Leftovers\n|upkeep\n|turn|20\n|\n|t:|1781383439\n|move|p1a: Klawf|Knock Off|p2a: Quagsire\n|-damage|p2a: Quagsire|127/297\n|-enditem|p2a: Quagsire|Leftovers|[from] move: Knock Off|[of] p1a: Klawf\n|move|p2a: Quagsire|Earthquake|p1a: Klawf\n|-supereffective|p1a: Klawf\n|-damage|p1a: Klawf|0 fnt\n|faint|p1a: Klawf\n|\n|upkeep\n|\n|t:|1781383442\n|switch|p1a: Torterra|Torterra, L78, M|276/276\n|-damage|p1a: Torterra|207/276|[from] Spikes\n|turn|21\n|\n|t:|1781383450\n|move|p1a: Torterra|Shell Smash|p1a: Torterra\n|-unboost|p1a: Torterra|def|1\n|-unboost|p1a: Torterra|spd|1\n|-boost|p1a: Torterra|atk|2\n|-boost|p1a: Torterra|spa|2\n|-boost|p1a: Torterra|spe|2\n|move|p2a: Quagsire|Toxic|p1a: Torterra\n|-status|p1a: Torterra|tox\n|\n|-damage|p1a: Torterra|190/276 tox|[from] psn\n|upkeep\n|turn|22\n|\n|t:|1781383455\n|switch|p2a: Magnezone|Magnezone, L85|258/258\n|-damage|p2a: Magnezone|242/258|[from] Stealth Rock\n|-damage|p2a: Magnezone|178/258|[from] Spikes\n|move|p1a: Torterra|Bullet Seed|p2a: Magnezone\n|-resisted|p2a: Magnezone\n|-damage|p2a: Magnezone|156/258\n|-resisted|p2a: Magnezone\n|-damage|p2a: Magnezone|137/258\n|-resisted|p2a: Magnezone\n|-damage|p2a: Magnezone|114/258\n|-resisted|p2a: Magnezone\n|-damage|p2a: Magnezone|95/258\n|-hitcount|p2a: Magnezone|4\n|\n|-damage|p1a: Torterra|156/276 tox|[from] psn\n|upkeep\n|turn|23\n|\n|t:|1781383468\n|switch|p2a: Flamigo|Flamigo, L82, F|72/269\n|-damage|p2a: Flamigo|39/269|[from] Stealth Rock\n|move|p1a: Torterra|Bullet Seed|p2a: Flamigo\n|-resisted|p2a: Flamigo\n|-damage|p2a: Flamigo|8/269\n|-resisted|p2a: Flamigo\n|-damage|p2a: Flamigo|0 fnt\n|faint|p2a: Flamigo\n|-hitcount|p2: Flamigo|2\n|\n|-damage|p1a: Torterra|105/276 tox|[from] psn\n|upkeep\n|\n|t:|1781383479\n|switch|p2a: Quagsire|Quagsire, L84, M|127/297\n|-damage|p2a: Quagsire|109/297|[from] Stealth Rock\n|-damage|p2a: Quagsire|35/297|[from] Spikes\n|turn|24\n|\n|t:|1781383483\n|move|p1a: Torterra|Headlong Rush|p2a: Quagsire\n|-damage|p2a: Quagsire|0 fnt\n|-unboost|p1a: Torterra|def|1\n|-unboost|p1a: Torterra|spd|1\n|faint|p2a: Quagsire\n|\n|-damage|p1a: Torterra|37/276 tox|[from] psn\n|upkeep\n|\n|t:|1781383486\n|switch|p2a: Magnezone|Magnezone, L85|95/258\n|-damage|p2a: Magnezone|79/258|[from] Stealth Rock\n|-damage|p2a: Magnezone|15/258|[from] Spikes\n|turn|25\n|\n|t:|1781383488\n|move|p1a: Torterra|Headlong Rush|p2a: Magnezone\n|-supereffective|p2a: Magnezone\n|-damage|p2a: Magnezone|0 fnt\n|-unboost|p1a: Torterra|def|1\n|-unboost|p1a: Torterra|spd|1\n|faint|p2a: Magnezone\n|\n|-damage|p1a: Torterra|0 fnt|[from] psn\n|faint|p1a: Torterra\n|upkeep\n|\n|t:|1781383491\n|switch|p2a: Feraligatr|Feraligatr, L79, F|264/264\n|switch|p1a: Dedenne|Dedenne, L88, F|196/261\n|-damage|p1a: Dedenne|131/261|[from] Spikes\n|-damage|p2a: Feraligatr|231/264|[from] Stealth Rock\n|-damage|p2a: Feraligatr|165/264|[from] Spikes\n|turn|26\n|\n|t:|1781383509\n|-terastallize|p2a: Feraligatr|Steel\n|move|p1a: Dedenne|Nuzzle|p2a: Feraligatr\n|-damage|p2a: Feraligatr|147/264\n|-status|p2a: Feraligatr|par\n|move|p2a: Feraligatr|Dragon Dance|p2a: Feraligatr\n|-boost|p2a: Feraligatr|atk|1\n|-boost|p2a: Feraligatr|spe|1\n|\n|upkeep\n|turn|27\n|\n|t:|1781383516\n|move|p1a: Dedenne|Thunderbolt|p2a: Feraligatr\n|-damage|p2a: Feraligatr|47/264 par\n|move|p2a: Feraligatr|Liquidation|p1a: Dedenne\n|-damage|p1a: Dedenne|0 fnt\n|faint|p1a: Dedenne\n|\n|upkeep\n|\n|t:|1781383519\n|switch|p1a: Diancie|Diancie, L82|216/216\n|-damage|p1a: Diancie|162/216|[from] Spikes\n|turn|28\n|\n|t:|1781383522\n|-terastallize|p1a: Diancie|Fighting\n|move|p1a: Diancie|Body Press|p2a: Feraligatr\n|-supereffective|p2a: Feraligatr\n|-damage|p2a: Feraligatr|0 fnt\n|faint|p2a: Feraligatr\n|\n|win|jonuz\n", "uploadtime": 1781383308, "views": 8, "formatid": "gen9randombattle", "rating": null, "private": 0, "password": null}