{"id": "gen9randombattle-2631608965", "format": "[Gen 9] Random Battle", "players": ["AllCuzOfHax", "Alexander Babits"], "log": "|j|\u2606AllCuzOfHax\n|j|\u203dAlexander Babits\n|t:|1781408264\n|gametype|singles\n|player|p1|AllCuzOfHax|anabel|2064\n|player|p2|Alexander Babits|2|1996\n|gen|9\n|tier|[Gen 9] Random Battle\n|rated|\n|rule|Species Clause: Limit one of each Pok\u00e9mon\n|rule|HP Percentage Mod: HP is shown in percentages\n|rule|Sleep Clause Mod: Limit one foe put to sleep\n|rule|Illusion Level Mod: Illusion disguises the Pok\u00e9mon's true level\n|\n|t:|1781408264\n|teamsize|p1|6\n|teamsize|p2|6\n|start\n|switch|p1a: Chien-Pao|Chien-Pao, L72|234/234\n|switch|p2a: Glimmora|Glimmora, L75, F|248/248\n|-ability|p1a: Chien-Pao|Sword of Ruin\n|turn|1\n|inactive|Battle timer is ON: inactive players will automatically lose when time's up. (requested by Alexander Babits)\n|inactive|AllCuzOfHax has 120 seconds left.\n|inactive|AllCuzOfHax has 90 seconds left.\n|\n|t:|1781408346\n|switch|p1a: Excadrill|Excadrill, L79, M|303/303\n|-ability|p1a: Excadrill|Mold Breaker\n|move|p2a: Glimmora|Meteor Beam||[still]\n|-prepare|p2a: Glimmora|Meteor Beam\n|-boost|p2a: Glimmora|spa|1\n|-enditem|p2a: Glimmora|Power Herb\n|-anim|p2a: Glimmora|Meteor Beam|p1a: Excadrill|[miss]\n|-miss|p2a: Glimmora|p1a: Excadrill\n|\n|upkeep\n|turn|2\n|inactive|Alexander Babits has 120 seconds left.\n|\n|t:|1781408382\n|move|p1a: Excadrill|Earthquake|p2a: Glimmora\n|-supereffective|p2a: Glimmora\n|-damage|p2a: Glimmora|0 fnt\n|-activate|p2a: Glimmora|ability: Toxic Debris\n|-sidestart|p1: AllCuzOfHax|move: Toxic Spikes\n|faint|p2a: Glimmora\n|\n|upkeep\n|\n|t:|1781408386\n|switch|p2a: Swampert|Swampert, L83, F|302/302\n|turn|3\n|inactive|AllCuzOfHax has 120 seconds left.\n|\n|t:|1781408438\n|move|p1a: Excadrill|Rapid Spin|p2a: Swampert\n|-damage|p2a: Swampert|263/302\n|-boost|p1a: Excadrill|spe|1\n|-sideend|p1: AllCuzOfHax|Toxic Spikes|[from] move: Rapid Spin|[of] p1a: Excadrill\n|move|p2a: Swampert|Yawn|p1a: Excadrill\n|-start|p1a: Excadrill|move: Yawn|[of] p2a: Swampert\n|\n|-heal|p2a: Swampert|281/302|[from] item: Leftovers\n|upkeep\n|turn|4\n|\n|t:|1781408453\n|switch|p1a: Goodra|Goodra, L85, M|292/292\n|move|p2a: Swampert|Stealth Rock|p1a: Goodra\n|-sidestart|p1: AllCuzOfHax|move: Stealth Rock\n|\n|-heal|p2a: Swampert|299/302|[from] item: Leftovers\n|upkeep\n|turn|5\n|\n|t:|1781408466\n|switch|p2a: Umbreon|Umbreon, L84, F|297/297\n|move|p1a: Goodra|Knock Off|p2a: Umbreon\n|-resisted|p2a: Umbreon\n|-damage|p2a: Umbreon|267/297\n|-enditem|p2a: Umbreon|Leftovers|[from] move: Knock Off|[of] p1a: Goodra\n|\n|upkeep\n|turn|6\n|inactive|AllCuzOfHax has 90 seconds left.\n|inactive|AllCuzOfHax has 60 seconds left.\n|\n|t:|1781408536\n|switch|p1a: Excadrill|Excadrill, L79, M|303/303\n|-damage|p1a: Excadrill|294/303|[from] Stealth Rock\n|-ability|p1a: Excadrill|Mold Breaker\n|move|p2a: Umbreon|Foul Play|p1a: Excadrill\n|-damage|p1a: Excadrill|111/303\n|\n|upkeep\n|turn|7\n|\n|t:|1781408548\n|move|p1a: Excadrill|Rapid Spin|p2a: Umbreon\n|-damage|p2a: Umbreon|233/297\n|-boost|p1a: Excadrill|spe|1\n|-sideend|p1: AllCuzOfHax|Stealth Rock|[from] move: Rapid Spin|[of] p1a: Excadrill\n|move|p2a: Umbreon|Foul Play|p1a: Excadrill\n|-damage|p1a: Excadrill|0 fnt\n|faint|p1a: Excadrill\n|\n|upkeep\n|\n|t:|1781408564\n|switch|p1a: Chansey|Chansey, L85, F|564/564\n|turn|8\n|inactive|Alexander Babits has 120 seconds left.\n|\n|t:|1781408594\n|switch|p2a: Ditto|Ditto, L87|225/225\n|-transform|p2a: Ditto|p1a: Chansey|[from] ability: Imposter\n|move|p1a: Chansey|Stealth Rock|p2a: Ditto\n|-sidestart|p2: Alexander Babits|move: Stealth Rock\n|\n|upkeep\n|turn|9\n|inactive|AllCuzOfHax has 60 seconds left.\n|inactive|Alexander Babits has 120 seconds left.\n|inactive|AllCuzOfHax has 30 seconds left.\n|inactive|AllCuzOfHax has 20 seconds left.\n|inactive|AllCuzOfHax has 15 seconds left.\n|inactive|AllCuzOfHax has 10 seconds left.\n|inactive|AllCuzOfHax has 5 seconds left.\n|-message|AllCuzOfHax lost due to inactivity.\n|\n|win|Alexander Babits\n", "uploadtime": 1781408266, "views": 6, "formatid": "gen9randombattle", "rating": null, "private": 0, "password": null}