{"id": "gen9randombattle-2631799664", "format": "[Gen 9] Random Battle", "players": ["rivertoaster290", "kytfvb2"], "log": "|j|\u2606rivertoaster290\n|j|\u2606kytfvb2\n|t:|1781441445\n|gametype|singles\n|player|p1|rivertoaster290|musician|2039\n|player|p2|kytfvb2|shadowtriad|1991\n|gen|9\n|tier|[Gen 9] Random Battle\n|rated|\n|rule|Species Clause: Limit one of each Pok\u00e9mon\n|rule|HP Percentage Mod: HP is shown in percentages\n|rule|Sleep Clause Mod: Limit one foe put to sleep\n|rule|Illusion Level Mod: Illusion disguises the Pok\u00e9mon's true level\n|\n|t:|1781441445\n|teamsize|p1|6\n|teamsize|p2|6\n|start\n|switch|p1a: Arcanine|Arcanine-Hisui, L79, M|279/279\n|switch|p2a: Sawsbuck|Sawsbuck-Autumn, L88, M|284/284\n|turn|1\n|\n|t:|1781441483\n|switch|p1a: Illumise|Illumise, L91, F|266/266\n|move|p2a: Sawsbuck|High Horsepower|p1a: Illumise\n|-resisted|p1a: Illumise\n|-damage|p1a: Illumise|217/266\n|-damage|p2a: Sawsbuck|256/284|[from] item: Life Orb\n|\n|upkeep\n|turn|2\n|\n|t:|1781441494\n|switch|p2a: Zapdos|Zapdos, L78|268/268\n|move|p1a: Illumise|Thunder Wave|p2a: Zapdos\n|-immune|p2a: Zapdos\n|\n|upkeep\n|turn|3\n|\n|t:|1781441506\n|switch|p1a: Arcanine|Arcanine-Hisui, L79, M|279/279\n|move|p2a: Zapdos|U-turn|p1a: Arcanine\n|-resisted|p1a: Arcanine\n|-damage|p1a: Arcanine|255/279\n|\n|t:|1781441516\n|switch|p2a: Suicune|Suicune, L82|298/298|[from] U-turn\n|-ability|p2a: Suicune|Pressure\n|\n|upkeep\n|turn|4\n|\n|t:|1781441521\n|move|p1a: Arcanine|Head Smash|p2a: Suicune\n|-damage|p2a: Suicune|109/298\n|move|p2a: Suicune|Scald|p1a: Arcanine\n|-supereffective|p1a: Arcanine\n|-damage|p1a: Arcanine|0 fnt\n|faint|p1a: Arcanine\n|\n|-heal|p2a: Suicune|127/298|[from] item: Leftovers\n|upkeep\n|\n|t:|1781441537\n|switch|p1a: Mienshao|Mienshao, L83, F|244/244\n|turn|5\n|\n|t:|1781441542\n|move|p2a: Suicune|Protect|p2a: Suicune\n|-singleturn|p2a: Suicune|Protect\n|move|p1a: Mienshao|Fake Out|p2a: Suicune\n|-activate|p2a: Suicune|move: Protect\n|\n|-heal|p2a: Suicune|145/298|[from] item: Leftovers\n|upkeep\n|turn|6\n|\n|t:|1781441548\n|switch|p2a: Arbok|Arbok, L87, F|246/246\n|-ability|p2a: Arbok|Intimidate|boost\n|-unboost|p1a: Mienshao|atk|1\n|move|p1a: Mienshao|Knock Off|p2a: Arbok\n|-damage|p2a: Arbok|186/246\n|-enditem|p2a: Arbok|Leftovers|[from] move: Knock Off|[of] p1a: Mienshao\n|\n|upkeep\n|turn|7\n|\n|t:|1781441555\n|move|p1a: Mienshao|U-turn|p2a: Arbok\n|-resisted|p2a: Arbok\n|-damage|p2a: Arbok|163/246\n|\n|t:|1781441560\n|switch|p1a: Samurott|Samurott, L88, M|310/310|[from] U-turn\n|move|p2a: Arbok|Gunk Shot|p1a: Samurott\n|-damage|p1a: Samurott|181/310\n|\n|upkeep\n|turn|8\n|\n|t:|1781441570\n|move|p2a: Arbok|Coil|p2a: Arbok\n|-boost|p2a: Arbok|atk|1\n|-boost|p2a: Arbok|def|1\n|-boost|p2a: Arbok|accuracy|1\n|move|p1a: Samurott|Hydro Pump|p2a: Arbok\n|-damage|p2a: Arbok|15/246\n|\n|upkeep\n|turn|9\n|\n|t:|1781441573\n|move|p2a: Arbok|Gunk Shot|p1a: Samurott\n|-damage|p1a: Samurott|0 fnt\n|faint|p1a: Samurott\n|\n|upkeep\n|\n|t:|1781441578\n|switch|p1a: Mienshao|Mienshao, L83, F|244/244\n|turn|10\n|\n|t:|1781441582\n|switch|p2a: Zapdos|Zapdos, L78|268/268\n|move|p1a: Mienshao|Fake Out|p2a: Zapdos\n|-damage|p2a: Zapdos|229/268\n|\n|upkeep\n|turn|11\n|\n|t:|1781441595\n|move|p1a: Mienshao|Knock Off|p2a: Zapdos\n|-damage|p2a: Zapdos|141/268\n|-enditem|p2a: Zapdos|Heavy-Duty Boots|[from] move: Knock Off|[of] p1a: Mienshao\n|move|p2a: Zapdos|U-turn|p1a: Mienshao\n|-resisted|p1a: Mienshao\n|-damage|p1a: Mienshao|215/244\n|\n|t:|1781441607\n|switch|p2a: Chesnaught|Chesnaught, L84, F|285/285|[from] U-turn\n|\n|upkeep\n|turn|12\n|\n|t:|1781441613\n|move|p1a: Mienshao|U-turn|p2a: Chesnaught\n|-damage|p2a: Chesnaught|236/285\n|-damage|p1a: Mienshao|175/244|[from] item: Rocky Helmet|[of] p2a: Chesnaught\n|\n|t:|1781441622\n|switch|p1a: Illumise|Illumise, L91, F|217/266|[from] U-turn\n|move|p2a: Chesnaught|Wood Hammer|p1a: Illumise\n|-resisted|p1a: Illumise\n|-damage|p1a: Illumise|148/266\n|-damage|p2a: Chesnaught|213/285|[from] Recoil\n|\n|upkeep\n|turn|13\n|\n|t:|1781441630\n|switch|p1a: Floatzel|Floatzel, L86, F|286/286\n|switch|p2a: Zapdos|Zapdos, L78|141/268\n|\n|upkeep\n|turn|14\n|\n|t:|1781441638\n|switch|p2a: Arbok|Arbok, L87, F|15/246\n|-ability|p2a: Arbok|Intimidate|boost\n|-unboost|p1a: Floatzel|atk|1\n|move|p1a: Floatzel|Wave Crash|p2a: Arbok\n|-damage|p2a: Arbok|0 fnt\n|faint|p2a: Arbok\n|-damage|p1a: Floatzel|281/286|[from] Recoil\n|\n|upkeep\n|\n|t:|1781441656\n|switch|p2a: Suicune|Suicune, L82|145/298\n|-ability|p2a: Suicune|Pressure\n|turn|15\n|\n|t:|1781441662\n|switch|p1a: Mienshao|Mienshao, L83, F|244/244\n|move|p2a: Suicune|Substitute|p2a: Suicune\n|-start|p2a: Suicune|Substitute\n|-damage|p2a: Suicune|71/298\n|\n|-heal|p2a: Suicune|89/298|[from] item: Leftovers\n|upkeep\n|turn|16\n|\n|t:|1781441672\n|move|p1a: Mienshao|Knock Off|p2a: Suicune\n|-activate|p2a: Suicune|move: Substitute|[damage]\n|move|p2a: Suicune|Scald|p1a: Mienshao\n|-damage|p1a: Mienshao|181/244\n|\n|-heal|p2a: Suicune|107/298|[from] item: Leftovers\n|upkeep\n|turn|17\n|\n|t:|1781441677\n|move|p2a: Suicune|Protect|p2a: Suicune\n|-singleturn|p2a: Suicune|Protect\n|move|p1a: Mienshao|U-turn|p2a: Suicune\n|-activate|p2a: Suicune|move: Protect\n|\n|-heal|p2a: Suicune|125/298|[from] item: Leftovers\n|upkeep\n|turn|18\n|\n|t:|1781441680\n|move|p1a: Mienshao|U-turn|p2a: Suicune\n|-end|p2a: Suicune|Substitute\n|\n|t:|1781441683\n|switch|p1a: Illumise|Illumise, L91, F|148/266|[from] U-turn\n|move|p2a: Suicune|Scald|p1a: Illumise\n|-damage|p1a: Illumise|70/266\n|\n|-heal|p2a: Suicune|143/298|[from] item: Leftovers\n|upkeep\n|turn|19\n|\n|t:|1781441687\n|move|p1a: Illumise|Roost|p1a: Illumise\n|-heal|p1a: Illumise|203/266\n|-singleturn|p1a: Illumise|move: Roost\n|move|p2a: Suicune|Scald|p1a: Illumise\n|-damage|p1a: Illumise|133/266\n|-status|p1a: Illumise|brn\n|\n|-heal|p2a: Suicune|161/298|[from] item: Leftovers\n|-damage|p1a: Illumise|117/266 brn|[from] brn\n|upkeep\n|turn|20\n|\n|t:|1781441697\n|switch|p2a: Zapdos|Zapdos, L78|141/268\n|move|p1a: Illumise|Thunder Wave|p2a: Zapdos\n|-immune|p2a: Zapdos\n|\n|-damage|p1a: Illumise|101/266 brn|[from] brn\n|upkeep\n|turn|21\n|\n|t:|1781441704\n|switch|p1a: Mienshao|Mienshao, L83, F|244/244\n|move|p2a: Zapdos|Roost|p2a: Zapdos\n|-heal|p2a: Zapdos|268/268\n|-singleturn|p2a: Zapdos|move: Roost\n|\n|upkeep\n|turn|22\n|\n|t:|1781441713\n|move|p1a: Mienshao|Knock Off|p2a: Zapdos\n|-damage|p2a: Zapdos|212/268\n|-status|p1a: Mienshao|par|[from] ability: Static|[of] p2a: Zapdos\n|move|p2a: Zapdos|Hurricane|p1a: Mienshao\n|-supereffective|p1a: Mienshao\n|-damage|p1a: Mienshao|10/244 par\n|-start|p1a: Mienshao|confusion\n|\n|upkeep\n|turn|23\n|\n|t:|1781441719\n|move|p2a: Zapdos|U-turn|p1a: Mienshao\n|-resisted|p1a: Mienshao\n|-damage|p1a: Mienshao|0 fnt\n|faint|p1a: Mienshao\n|\n|t:|1781441726\n|switch|p2a: Sawsbuck|Sawsbuck-Autumn, L88, M|256/284|[from] U-turn\n|\n|upkeep\n|inactive|Battle timer is ON: inactive players will automatically lose when time's up. (requested by kytfvb2)\n|\n|t:|1781441766\n|switch|p1a: Illumise|Illumise, L91, F|101/266 brn\n|turn|24\n|\n|t:|1781441770\n|move|p2a: Sawsbuck|Double-Edge|p1a: Illumise\n|-damage|p1a: Illumise|0 fnt\n|faint|p1a: Illumise\n|-damage|p2a: Sawsbuck|223/284|[from] Recoil\n|-damage|p2a: Sawsbuck|195/284|[from] item: Life Orb\n|\n|upkeep\n|\n|t:|1781441776\n|switch|p1a: Dachsbun|Dachsbun, L92, F|254/254\n|turn|25\n|\n|t:|1781441782\n|move|p1a: Dachsbun|Yawn|p2a: Sawsbuck\n|-start|p2a: Sawsbuck|move: Yawn|[of] p1a: Dachsbun\n|move|p2a: Sawsbuck|Double-Edge|p1a: Dachsbun\n|-damage|p1a: Dachsbun|114/254\n|-damage|p2a: Sawsbuck|149/284|[from] Recoil\n|-damage|p2a: Sawsbuck|121/284|[from] item: Life Orb\n|\n|-heal|p1a: Dachsbun|129/254|[from] item: Leftovers\n|upkeep\n|turn|26\n|\n|t:|1781441785\n|switch|p2a: Chesnaught|Chesnaught, L84, F|213/285\n|move|p1a: Dachsbun|Wish|p1a: Dachsbun\n|\n|-heal|p1a: Dachsbun|144/254|[from] item: Leftovers\n|upkeep\n|turn|27\n|\n|t:|1781441792\n|move|p1a: Dachsbun|Play Rough|p2a: Chesnaught|[miss]\n|-miss|p1a: Dachsbun|p2a: Chesnaught\n|move|p2a: Chesnaught|Wood Hammer|p1a: Dachsbun\n|-damage|p1a: Dachsbun|50/254\n|-damage|p2a: Chesnaught|182/285|[from] Recoil\n|\n|-heal|p1a: Dachsbun|177/254|[from] move: Wish|[wisher] Dachsbun\n|-heal|p1a: Dachsbun|192/254|[from] item: Leftovers\n|upkeep\n|turn|28\n|\n|t:|1781441800\n|move|p1a: Dachsbun|Wish|p1a: Dachsbun\n|move|p2a: Chesnaught|Wood Hammer|p1a: Dachsbun\n|-crit|p1a: Dachsbun\n|-damage|p1a: Dachsbun|51/254\n|-damage|p2a: Chesnaught|135/285|[from] Recoil\n|\n|-heal|p1a: Dachsbun|66/254|[from] item: Leftovers\n|upkeep\n|turn|29\n|\n|t:|1781441804\n|move|p1a: Dachsbun|Protect|p1a: Dachsbun\n|-singleturn|p1a: Dachsbun|Protect\n|move|p2a: Chesnaught|Spikes|p1a: Dachsbun\n|-sidestart|p1: rivertoaster290|Spikes\n|\n|-heal|p1a: Dachsbun|193/254|[from] move: Wish|[wisher] Dachsbun\n|-heal|p1a: Dachsbun|208/254|[from] item: Leftovers\n|upkeep\n|turn|30\n|\n|t:|1781441806\n|move|p1a: Dachsbun|Wish|p1a: Dachsbun\n|move|p2a: Chesnaught|Synthesis|p2a: Chesnaught\n|-heal|p2a: Chesnaught|277/285\n|\n|-heal|p1a: Dachsbun|223/254|[from] item: Leftovers\n|upkeep\n|turn|31\n|\n|t:|1781441809\n|move|p1a: Dachsbun|Play Rough|p2a: Chesnaught\n|-supereffective|p2a: Chesnaught\n|-damage|p2a: Chesnaught|137/285\n|-damage|p1a: Dachsbun|181/254|[from] item: Rocky Helmet|[of] p2a: Chesnaught\n|move|p2a: Chesnaught|Spikes|p1a: Dachsbun\n|-sidestart|p1: rivertoaster290|Spikes\n|\n|-heal|p1a: Dachsbun|254/254|[from] move: Wish|[wisher] Dachsbun\n|upkeep\n|turn|32\n|\n|t:|1781441812\n|move|p1a: Dachsbun|Play Rough|p2a: Chesnaught\n|-supereffective|p2a: Chesnaught\n|-damage|p2a: Chesnaught|0 fnt\n|-damage|p1a: Dachsbun|212/254|[from] item: Rocky Helmet|[of] p2a: Chesnaught\n|faint|p2a: Chesnaught\n|\n|-heal|p1a: Dachsbun|227/254|[from] item: Leftovers\n|upkeep\n|\n|t:|1781441819\n|switch|p2a: Garganacl|Garganacl, L80, F|291/291\n|turn|33\n|inactive|rivertoaster290 has 120 seconds left.\n|\n|t:|1781441852\n|move|p1a: Dachsbun|Wish|p1a: Dachsbun\n|move|p2a: Garganacl|Salt Cure|p1a: Dachsbun\n|-damage|p1a: Dachsbun|197/254\n|-start|p1a: Dachsbun|Salt Cure\n|\n|-heal|p1a: Dachsbun|212/254|[from] item: Leftovers\n|-damage|p1a: Dachsbun|181/254|[from] Salt Cure\n|upkeep\n|turn|34\n|inactive|rivertoaster290 has 120 seconds left.\n|inactive|rivertoaster290 has 90 seconds left.\n|\n|t:|1781441898\n|move|p1a: Dachsbun|Play Rough|p2a: Garganacl\n|-damage|p2a: Garganacl|213/291\n|move|p2a: Garganacl|Iron Defense|p2a: Garganacl\n|-boost|p2a: Garganacl|def|2\n|\n|-heal|p1a: Dachsbun|254/254|[from] move: Wish|[wisher] Dachsbun\n|-heal|p2a: Garganacl|231/291|[from] item: Leftovers\n|-damage|p1a: Dachsbun|223/254|[from] Salt Cure\n|upkeep\n|turn|35\n|\n|t:|1781441908\n|move|p1a: Dachsbun|Wish|p1a: Dachsbun\n|move|p2a: Garganacl|Iron Defense|p2a: Garganacl\n|-boost|p2a: Garganacl|def|2\n|\n|-heal|p1a: Dachsbun|238/254|[from] item: Leftovers\n|-heal|p2a: Garganacl|249/291|[from] item: Leftovers\n|-damage|p1a: Dachsbun|207/254|[from] Salt Cure\n|upkeep\n|turn|36\n|\n|t:|1781441913\n|switch|p1a: Floatzel|Floatzel, L86, F|281/286\n|-damage|p1a: Floatzel|234/286|[from] Spikes\n|move|p2a: Garganacl|Salt Cure|p1a: Floatzel\n|-damage|p1a: Floatzel|183/286\n|-start|p1a: Floatzel|Salt Cure\n|\n|-heal|p1a: Floatzel|286/286|[from] move: Wish|[wisher] Dachsbun\n|-heal|p2a: Garganacl|267/291|[from] item: Leftovers\n|-damage|p1a: Floatzel|215/286|[from] Salt Cure\n|upkeep\n|turn|37\n|\n|t:|1781441926\n|-terastallize|p1a: Floatzel|Water\n|move|p1a: Floatzel|Flip Turn|p2a: Garganacl\n|-supereffective|p2a: Garganacl\n|-damage|p2a: Garganacl|187/291\n|\n|t:|1781441942\n|switch|p1a: Dachsbun|Dachsbun, L92, F|207/254|[from] Flip Turn\n|-damage|p1a: Dachsbun|165/254|[from] Spikes\n|move|p2a: Garganacl|Body Press|p1a: Dachsbun\n|-resisted|p1a: Dachsbun\n|-damage|p1a: Dachsbun|97/254\n|\n|-heal|p1a: Dachsbun|112/254|[from] item: Leftovers\n|-heal|p2a: Garganacl|205/291|[from] item: Leftovers\n|upkeep\n|turn|38\n|\n|t:|1781441948\n|move|p1a: Dachsbun|Wish|p1a: Dachsbun\n|move|p2a: Garganacl|Salt Cure|p1a: Dachsbun\n|-damage|p1a: Dachsbun|81/254\n|-start|p1a: Dachsbun|Salt Cure\n|\n|-heal|p1a: Dachsbun|96/254|[from] item: Leftovers\n|-heal|p2a: Garganacl|223/291|[from] item: Leftovers\n|-damage|p1a: Dachsbun|65/254|[from] Salt Cure\n|upkeep\n|turn|39\n|\n|t:|1781441954\n|move|p1a: Dachsbun|Play Rough|p2a: Garganacl\n|-damage|p2a: Garganacl|199/291\n|move|p2a: Garganacl|Iron Defense|p2a: Garganacl\n|-boost|p2a: Garganacl|def|2\n|\n|-heal|p1a: Dachsbun|192/254|[from] move: Wish|[wisher] Dachsbun\n|-heal|p1a: Dachsbun|207/254|[from] item: Leftovers\n|-heal|p2a: Garganacl|217/291|[from] item: Leftovers\n|-damage|p1a: Dachsbun|176/254|[from] Salt Cure\n|upkeep\n|turn|40\n|\n|t:|1781441958\n|move|p1a: Dachsbun|Wish|p1a: Dachsbun\n|move|p2a: Garganacl|Body Press|p1a: Dachsbun\n|-resisted|p1a: Dachsbun\n|-damage|p1a: Dachsbun|74/254\n|\n|-heal|p1a: Dachsbun|89/254|[from] item: Leftovers\n|-heal|p2a: Garganacl|235/291|[from] item: Leftovers\n|-damage|p1a: Dachsbun|58/254|[from] Salt Cure\n|upkeep\n|turn|41\n|\n|t:|1781441963\n|move|p1a: Dachsbun|Play Rough|p2a: Garganacl\n|-damage|p2a: Garganacl|214/291\n|move|p2a: Garganacl|Iron Defense|p2a: Garganacl\n|-boost|p2a: Garganacl|def|0\n|\n|-heal|p1a: Dachsbun|185/254|[from] move: Wish|[wisher] Dachsbun\n|-heal|p1a: Dachsbun|200/254|[from] item: Leftovers\n|-heal|p2a: Garganacl|232/291|[from] item: Leftovers\n|-damage|p1a: Dachsbun|169/254|[from] Salt Cure\n|upkeep\n|turn|42\n|\n|t:|1781441967\n|move|p1a: Dachsbun|Wish|p1a: Dachsbun\n|move|p2a: Garganacl|Body Press|p1a: Dachsbun\n|-resisted|p1a: Dachsbun\n|-damage|p1a: Dachsbun|73/254\n|\n|-heal|p1a: Dachsbun|88/254|[from] item: Leftovers\n|-heal|p2a: Garganacl|250/291|[from] item: Leftovers\n|-damage|p1a: Dachsbun|57/254|[from] Salt Cure\n|upkeep\n|turn|43\n|\n|t:|1781441978\n|move|p1a: Dachsbun|Play Rough|p2a: Garganacl\n|-damage|p2a: Garganacl|231/291\n|move|p2a: Garganacl|Body Press|p1a: Dachsbun\n|-resisted|p1a: Dachsbun\n|-damage|p1a: Dachsbun|0 fnt\n|faint|p1a: Dachsbun\n|\n|-heal|p2a: Garganacl|249/291|[from] item: Leftovers\n|upkeep\n|\n|t:|1781441979\n|switch|p1a: Floatzel|Floatzel, L86, F, tera:Water|215/286\n|-damage|p1a: Floatzel|168/286|[from] Spikes\n|turn|44\n|\n|t:|1781441982\n|-terastallize|p2a: Garganacl|Ghost\n|move|p1a: Floatzel|Wave Crash|p2a: Garganacl\n|-damage|p2a: Garganacl|189/291\n|-damage|p1a: Floatzel|148/286|[from] Recoil\n|move|p2a: Garganacl|Body Press|p1a: Floatzel\n|-damage|p1a: Floatzel|0 fnt\n|faint|p1a: Floatzel\n|\n|win|kytfvb2\n", "uploadtime": 1781441446, "views": 6, "formatid": "gen9randombattle", "rating": null, "private": 0, "password": null}