{"id": "gen9randombattle-2631714846", "format": "[Gen 9] Random Battle", "players": ["ZeraoraZoic", "pradhyuncalves"], "log": "|j|\u2606ZeraoraZoic\n|j|\u2606pradhyuncalves\n|t:|1781427190\n|gametype|singles\n|player|p1|ZeraoraZoic|n|\n|player|p2|pradhyuncalves|169|\n|gen|9\n|tier|[Gen 9] Random Battle\n|rule|Species Clause: Limit one of each Pok\u00e9mon\n|rule|HP Percentage Mod: HP is shown in percentages\n|rule|Sleep Clause Mod: Limit one foe put to sleep\n|rule|Illusion Level Mod: Illusion disguises the Pok\u00e9mon's true level\n|\n|t:|1781427190\n|teamsize|p1|6\n|teamsize|p2|6\n|start\n|switch|p1a: Farigiraf|Farigiraf, L90, F|362/362\n|switch|p2a: Lumineon|Lumineon, L93, M|279/279\n|turn|1\n|inactive|Battle timer is ON: inactive players will automatically lose when time's up. (requested by ZeraoraZoic)\n|\n|t:|1781427204\n|-terastallize|p2a: Lumineon|Water\n|move|p2a: Lumineon|Alluring Voice|p1a: Farigiraf\n|-damage|p1a: Farigiraf|278/362\n|-damage|p2a: Lumineon|252/279|[from] item: Life Orb\n|move|p1a: Farigiraf|Wish|p1a: Farigiraf\n|\n|-heal|p1a: Farigiraf|300/362|[from] item: Leftovers\n|upkeep\n|turn|2\n|\n|t:|1781427219\n|move|p2a: Lumineon|Ice Beam|p1a: Farigiraf\n|-damage|p1a: Farigiraf|219/362\n|-damage|p2a: Lumineon|225/279|[from] item: Life Orb\n|move|p1a: Farigiraf|Body Slam|p2a: Lumineon\n|-damage|p2a: Lumineon|117/279\n|\n|-heal|p1a: Farigiraf|362/362|[from] move: Wish|[wisher] Farigiraf\n|upkeep\n|turn|3\n|\n|t:|1781427234\n|switch|p2a: Dragalge|Dragalge, L88, M|258/258\n|move|p1a: Farigiraf|Psychic Noise|p2a: Dragalge\n|-supereffective|p2a: Dragalge\n|-crit|p2a: Dragalge\n|-damage|p2a: Dragalge|102/258\n|-start|p2a: Dragalge|move: Heal Block\n|\n|upkeep\n|turn|4\n|\n|t:|1781427249\n|move|p1a: Farigiraf|Psychic Noise|p2a: Dragalge\n|-supereffective|p2a: Dragalge\n|-damage|p2a: Dragalge|0 fnt\n|faint|p2a: Dragalge\n|\n|upkeep\n|\n|t:|1781427255\n|switch|p2a: Slaking|Slaking, L84, F|389/389\n|turn|5\n|\n|t:|1781427260\n|move|p2a: Slaking|Knock Off|p1a: Farigiraf\n|-supereffective|p1a: Farigiraf\n|-damage|p1a: Farigiraf|148/362\n|-enditem|p1a: Farigiraf|Leftovers|[from] move: Knock Off|[of] p2a: Slaking\n|move|p1a: Farigiraf|Psychic Noise|p2a: Slaking\n|-damage|p2a: Slaking|266/389\n|-start|p2a: Slaking|move: Heal Block\n|\n|upkeep\n|turn|6\n|\n|t:|1781427272\n|cant|p2a: Slaking|ability: Truant\n|move|p1a: Farigiraf|Wish|p1a: Farigiraf\n|\n|-end|p2a: Slaking|move: Heal Block\n|upkeep\n|turn|7\n|\n|t:|1781427279\n|move|p1a: Farigiraf|Protect|p1a: Farigiraf\n|-singleturn|p1a: Farigiraf|Protect\n|move|p2a: Slaking|Knock Off|p1a: Farigiraf\n|-activate|p1a: Farigiraf|move: Protect\n|\n|-heal|p1a: Farigiraf|329/362|[from] move: Wish|[wisher] Farigiraf\n|upkeep\n|turn|8\n|\n|t:|1781427289\n|cant|p2a: Slaking|ability: Truant\n|move|p1a: Farigiraf|Body Slam|p2a: Slaking\n|-damage|p2a: Slaking|169/389\n|\n|upkeep\n|turn|9\n|\n|t:|1781427298\n|move|p2a: Slaking|Knock Off|p1a: Farigiraf\n|-supereffective|p1a: Farigiraf\n|-damage|p1a: Farigiraf|171/362\n|move|p1a: Farigiraf|Wish|p1a: Farigiraf\n|\n|upkeep\n|turn|10\n|\n|t:|1781427306\n|cant|p2a: Slaking|ability: Truant\n|move|p1a: Farigiraf|Body Slam|p2a: Slaking\n|-damage|p2a: Slaking|85/389\n|-status|p2a: Slaking|par\n|\n|-heal|p1a: Farigiraf|352/362|[from] move: Wish|[wisher] Farigiraf\n|upkeep\n|turn|11\n|\n|t:|1781427319\n|switch|p2a: Ceruledge|Ceruledge, L78, M|245/245\n|move|p1a: Farigiraf|Psychic Noise|p2a: Ceruledge\n|-crit|p2a: Ceruledge\n|-damage|p2a: Ceruledge|89/245\n|-start|p2a: Ceruledge|move: Heal Block\n|\n|upkeep\n|turn|12\n|\n|t:|1781427332\n|move|p2a: Ceruledge|Close Combat|p1a: Farigiraf\n|-damage|p1a: Farigiraf|246/362\n|-unboost|p2a: Ceruledge|def|1\n|-unboost|p2a: Ceruledge|spd|1\n|move|p1a: Farigiraf|Wish|p1a: Farigiraf\n|\n|-end|p2a: Ceruledge|move: Heal Block\n|upkeep\n|turn|13\n|\n|t:|1781427348\n|move|p2a: Ceruledge|Bitter Blade|p1a: Farigiraf\n|-damage|p1a: Farigiraf|143/362\n|-heal|p2a: Ceruledge|141/245|[from] drain|[of] p1a: Farigiraf\n|move|p1a: Farigiraf|Psychic Noise|p2a: Ceruledge\n|-damage|p2a: Ceruledge|0 fnt\n|faint|p2a: Ceruledge\n|\n|-heal|p1a: Farigiraf|324/362|[from] move: Wish|[wisher] Farigiraf\n|upkeep\n|\n|t:|1781427360\n|switch|p2a: Araquanid|Araquanid, L82, M|246/246\n|turn|14\n|\n|t:|1781427368\n|move|p1a: Farigiraf|Wish|p1a: Farigiraf\n|move|p2a: Araquanid|Leech Life|p1a: Farigiraf\n|-supereffective|p1a: Farigiraf\n|-damage|p1a: Farigiraf|196/362\n|\n|upkeep\n|turn|15\n|\n|t:|1781427376\n|move|p1a: Farigiraf|Body Slam|p2a: Araquanid\n|-damage|p2a: Araquanid|152/246\n|-status|p2a: Araquanid|par\n|move|p2a: Araquanid|Leech Life|p1a: Farigiraf\n|-supereffective|p1a: Farigiraf\n|-damage|p1a: Farigiraf|64/362\n|-heal|p2a: Araquanid|218/246 par|[from] drain|[of] p1a: Farigiraf\n|\n|-heal|p1a: Farigiraf|245/362|[from] move: Wish|[wisher] Farigiraf\n|upkeep\n|turn|16\n|\n|t:|1781427389\n|move|p1a: Farigiraf|Wish|p1a: Farigiraf\n|move|p2a: Araquanid|Leech Life|p1a: Farigiraf\n|-supereffective|p1a: Farigiraf\n|-damage|p1a: Farigiraf|105/362\n|-heal|p2a: Araquanid|246/246 par|[from] drain|[of] p1a: Farigiraf\n|\n|upkeep\n|turn|17\n|\n|t:|1781427396\n|move|p1a: Farigiraf|Protect|p1a: Farigiraf\n|-singleturn|p1a: Farigiraf|Protect\n|move|p2a: Araquanid|Leech Life|p1a: Farigiraf\n|-activate|p1a: Farigiraf|move: Protect\n|\n|-heal|p1a: Farigiraf|286/362|[from] move: Wish|[wisher] Farigiraf\n|upkeep\n|turn|18\n|\n|t:|1781427406\n|move|p1a: Farigiraf|Body Slam|p2a: Araquanid\n|-crit|p2a: Araquanid\n|-damage|p2a: Araquanid|95/246 par\n|cant|p2a: Araquanid|par\n|\n|upkeep\n|turn|19\n|\n|t:|1781427419\n|move|p1a: Farigiraf|Body Slam|p2a: Araquanid\n|-damage|p2a: Araquanid|0 fnt\n|faint|p2a: Araquanid\n|\n|upkeep\n|\n|t:|1781427425\n|switch|p2a: Shiftry|Shiftry, L89, M|305/305\n|turn|20\n|\n|t:|1781427432\n|move|p2a: Shiftry|Knock Off|p1a: Farigiraf\n|-supereffective|p1a: Farigiraf\n|-damage|p1a: Farigiraf|68/362\n|-damage|p2a: Shiftry|275/305|[from] item: Life Orb\n|move|p1a: Farigiraf|Wish|p1a: Farigiraf\n|\n|upkeep\n|turn|21\n|\n|t:|1781427442\n|move|p1a: Farigiraf|Protect|p1a: Farigiraf\n|-singleturn|p1a: Farigiraf|Protect\n|move|p2a: Shiftry|Knock Off|p1a: Farigiraf\n|-activate|p1a: Farigiraf|move: Protect\n|\n|-heal|p1a: Farigiraf|249/362|[from] move: Wish|[wisher] Farigiraf\n|upkeep\n|turn|22\n|\n|t:|1781427452\n|move|p2a: Shiftry|Knock Off|p1a: Farigiraf\n|-supereffective|p1a: Farigiraf\n|-damage|p1a: Farigiraf|38/362\n|-damage|p2a: Shiftry|245/305|[from] item: Life Orb\n|move|p1a: Farigiraf|Body Slam|p2a: Shiftry\n|-damage|p2a: Shiftry|116/305\n|-status|p2a: Shiftry|par\n|\n|upkeep\n|turn|23\n|\n|t:|1781427463\n|move|p1a: Farigiraf|Body Slam|p2a: Shiftry\n|-damage|p2a: Shiftry|0 fnt\n|faint|p2a: Shiftry\n|\n|upkeep\n|\n|t:|1781427470\n|switch|p2a: Lumineon|Lumineon, L93, M, tera:Water|117/279\n|turn|24\n|\n|t:|1781427475\n|move|p2a: Lumineon|Alluring Voice|p1a: Farigiraf\n|-damage|p1a: Farigiraf|0 fnt\n|faint|p1a: Farigiraf\n|-damage|p2a: Lumineon|90/279|[from] item: Life Orb\n|\n|upkeep\n|\n|t:|1781427486\n|switch|p1a: Deoxys|Deoxys-Defense, L84|221/221\n|-ability|p1a: Deoxys|Pressure\n|turn|25\n|\n|t:|1781427493\n|move|p2a: Lumineon|Alluring Voice|p1a: Deoxys\n|-damage|p1a: Deoxys|179/221\n|-damage|p2a: Lumineon|63/279|[from] item: Life Orb\n|move|p1a: Deoxys|Cosmic Power|p1a: Deoxys\n|-boost|p1a: Deoxys|def|1\n|-boost|p1a: Deoxys|spd|1\n|\n|-heal|p1a: Deoxys|192/221|[from] item: Leftovers\n|upkeep\n|turn|26\n|\n|t:|1781427506\n|move|p2a: Lumineon|Hydro Pump|p1a: Deoxys\n|-damage|p1a: Deoxys|111/221\n|-damage|p2a: Lumineon|36/279|[from] item: Life Orb\n|move|p1a: Deoxys|Cosmic Power|p1a: Deoxys\n|-boost|p1a: Deoxys|def|1\n|-boost|p1a: Deoxys|spd|1\n|\n|-heal|p1a: Deoxys|124/221|[from] item: Leftovers\n|upkeep\n|turn|27\n|\n|t:|1781427517\n|move|p2a: Lumineon|Alluring Voice|p1a: Deoxys\n|-damage|p1a: Deoxys|103/221\n|-damage|p2a: Lumineon|9/279|[from] item: Life Orb\n|move|p1a: Deoxys|Recover|p1a: Deoxys\n|-heal|p1a: Deoxys|214/221\n|\n|-heal|p1a: Deoxys|221/221|[from] item: Leftovers\n|upkeep\n|turn|28\n|\n|t:|1781427528\n|move|p2a: Lumineon|Encore|p1a: Deoxys\n|-start|p1a: Deoxys|Encore\n|move|p1a: Deoxys|Recover||[still]\n|-fail|p1a: Deoxys|heal\n|\n|upkeep\n|turn|29\n|\n|t:|1781427537\n|move|p2a: Lumineon|Ice Beam|p1a: Deoxys\n|-damage|p1a: Deoxys|196/221\n|-damage|p2a: Lumineon|0 fnt|[from] item: Life Orb\n|faint|p2a: Lumineon\n|move|p1a: Deoxys|Recover|p1a: Deoxys\n|-heal|p1a: Deoxys|221/221\n|\n|upkeep\n|\n|t:|1781427545\n|switch|p2a: Slaking|Slaking, L84, F|85/389 par\n|turn|30\n|\n|t:|1781427552\n|move|p1a: Deoxys|Recover||[still]\n|-fail|p1a: Deoxys|heal\n|cant|p2a: Slaking|par\n|\n|-end|p1a: Deoxys|Encore\n|upkeep\n|turn|31\n|\n|t:|1781427560\n|move|p1a: Deoxys|Stored Power|p2a: Slaking\n|-damage|p2a: Slaking|0 fnt\n|faint|p2a: Slaking\n|\n|win|ZeraoraZoic\n", "uploadtime": 1781427568, "views": 14, "formatid": "gen9randombattle", "rating": null, "private": 0, "password": null}