{"id": "gen9randombattle-2631896320", "format": "[Gen 9] Random Battle", "players": ["2001win", "guyfishing12"], "log": "|j|\u26062001win\n|j|\u2606guyfishing12\n|t:|1781453154\n|gametype|singles\n|player|p1|2001win|2|1994\n|player|p2|guyfishing12|169|2002\n|gen|9\n|tier|[Gen 9] Random Battle\n|rated|\n|rule|Species Clause: Limit one of each Pok\u00e9mon\n|rule|HP Percentage Mod: HP is shown in percentages\n|rule|Sleep Clause Mod: Limit one foe put to sleep\n|rule|Illusion Level Mod: Illusion disguises the Pok\u00e9mon's true level\n|\n|t:|1781453154\n|teamsize|p1|6\n|teamsize|p2|6\n|start\n|switch|p1a: Okidogi|Okidogi, L77, M|262/262\n|switch|p2a: Iron Valiant|Iron Valiant, L78|244/244\n|turn|1\n|inactive|Battle timer is ON: inactive players will automatically lose when time's up. (requested by 2001win)\n|\n|t:|1781453171\n|-end|p2a: Iron Valiant|Quark Drive|[silent]\n|switch|p2a: Indeedee|Indeedee-F, L90, F|272/272\n|-fieldstart|move: Psychic Terrain|[from] ability: Psychic Surge|[of] p2a: Indeedee\n|move|p1a: Okidogi|Gunk Shot|p2a: Indeedee\n|-damage|p2a: Indeedee|118/272\n|-status|p2a: Indeedee|psn\n|\n|-damage|p2a: Indeedee|84/272 psn|[from] psn\n|upkeep\n|turn|2\n|\n|t:|1781453190\n|switch|p1a: Espeon|Espeon, L84, M|246/246\n|move|p2a: Indeedee|Dazzling Gleam|p1a: Espeon\n|-damage|p1a: Espeon|149/246\n|\n|-damage|p2a: Indeedee|50/272 psn|[from] psn\n|upkeep\n|turn|3\n|\n|t:|1781453205\n|switch|p2a: Tornadus|Tornadus-Therian, L79, M|254/254\n|move|p1a: Espeon|Morning Sun|p1a: Espeon\n|-heal|p1a: Espeon|246/246\n|\n|upkeep\n|turn|4\n|\n|t:|1781453226\n|switch|p1a: Hitmontop|Hitmontop, L88, M|231/231\n|move|p2a: Tornadus|Knock Off|p1a: Hitmontop\n|-resisted|p1a: Hitmontop\n|-crit|p1a: Hitmontop\n|-damage|p1a: Hitmontop|188/231\n|-enditem|p1a: Hitmontop|Leftovers|[from] move: Knock Off|[of] p2a: Tornadus\n|\n|upkeep\n|turn|5\n|\n|t:|1781453238\n|move|p2a: Tornadus|U-turn|p1a: Hitmontop\n|-resisted|p1a: Hitmontop\n|-damage|p1a: Hitmontop|169/231\n|\n|t:|1781453239\n|switch|p2a: Magmortar|Magmortar, L88, M|275/275|[from] U-turn\n|move|p1a: Hitmontop|Triple Axel|p2a: Magmortar\n|-resisted|p2a: Magmortar\n|-damage|p2a: Magmortar|262/275\n|-status|p1a: Hitmontop|brn|[from] ability: Flame Body|[of] p2a: Magmortar\n|-resisted|p2a: Magmortar\n|-damage|p2a: Magmortar|248/275\n|-resisted|p2a: Magmortar\n|-damage|p2a: Magmortar|228/275\n|-hitcount|p2a: Magmortar|3\n|\n|-damage|p1a: Hitmontop|155/231 brn|[from] brn\n|-fieldend|move: Psychic Terrain\n|upkeep\n|turn|6\n|\n|t:|1781453252\n|move|p2a: Magmortar|Fire Blast|p1a: Hitmontop\n|-damage|p1a: Hitmontop|35/231 brn\n|move|p1a: Hitmontop|Close Combat|p2a: Magmortar\n|-damage|p2a: Magmortar|152/275\n|-unboost|p1a: Hitmontop|def|1\n|-unboost|p1a: Hitmontop|spd|1\n|\n|-damage|p1a: Hitmontop|21/231 brn|[from] brn\n|upkeep\n|turn|7\n|\n|t:|1781453257\n|move|p2a: Magmortar|Thunderbolt|p1a: Hitmontop\n|-damage|p1a: Hitmontop|0 fnt\n|faint|p1a: Hitmontop\n|\n|upkeep\n|\n|t:|1781453278\n|switch|p1a: Okidogi|Okidogi, L77, M|262/262\n|turn|8\n|\n|t:|1781453286\n|move|p2a: Magmortar|Earthquake|p1a: Okidogi\n|-supereffective|p1a: Okidogi\n|-damage|p1a: Okidogi|138/262\n|move|p1a: Okidogi|High Horsepower|p2a: Magmortar\n|-supereffective|p2a: Magmortar\n|-damage|p2a: Magmortar|0 fnt\n|faint|p2a: Magmortar\n|\n|upkeep\n|\n|t:|1781453290\n|switch|p2a: Tornadus|Tornadus-Therian, L79, M|254/254\n|turn|9\n|\n|t:|1781453299\n|switch|p1a: Minun|Minun, L95, M|268/268\n|move|p2a: Tornadus|Bleakwind Storm|p1a: Minun\n|-resisted|p1a: Minun\n|-damage|p1a: Minun|219/268\n|-unboost|p1a: Minun|spe|1\n|\n|upkeep\n|turn|10\n|\n|t:|1781453307\n|move|p2a: Tornadus|U-turn|p1a: Minun\n|-damage|p1a: Minun|164/268\n|\n|t:|1781453310\n|switch|p2a: Indeedee|Indeedee-F, L90, F|50/272 psn|[from] U-turn\n|-fieldstart|move: Psychic Terrain|[from] ability: Psychic Surge|[of] p2a: Indeedee\n|move|p1a: Minun|Thunderbolt|p2a: Indeedee\n|-damage|p2a: Indeedee|0 fnt\n|faint|p2a: Indeedee\n|-damage|p1a: Minun|138/268|[from] item: Life Orb\n|\n|upkeep\n|\n|t:|1781453317\n|switch|p2a: Slaking|Slaking, L84, F|389/389\n|turn|11\n|\n|t:|1781453325\n|switch|p1a: Frosmoth|Frosmoth, L82, F|249/249\n|move|p2a: Slaking|Double-Edge|p1a: Frosmoth\n|-damage|p1a: Frosmoth|0 fnt\n|faint|p1a: Frosmoth\n|-damage|p2a: Slaking|307/389|[from] Recoil\n|\n|upkeep\n|\n|t:|1781453334\n|switch|p1a: Salamence|Salamence, L77, M|273/273\n|turn|12\n|\n|t:|1781453339\n|cant|p2a: Slaking|ability: Truant\n|move|p1a: Salamence|Dragon Dance|p1a: Salamence\n|-boost|p1a: Salamence|atk|1\n|-boost|p1a: Salamence|spe|1\n|\n|upkeep\n|turn|13\n|\n|t:|1781453364\n|move|p1a: Salamence|Outrage|p2a: Slaking\n|-damage|p2a: Slaking|117/389\n|move|p2a: Slaking|Double-Edge|p1a: Salamence\n|-damage|p1a: Salamence|0 fnt\n|faint|p1a: Salamence\n|-damage|p2a: Slaking|27/389|[from] Recoil\n|\n|upkeep\n|inactive|2001win has 120 seconds left.\n|\n|t:|1781453382\n|switch|p1a: Minun|Minun, L95, M|138/268\n|turn|14\n|\n|t:|1781453388\n|switch|p2a: Tornadus|Tornadus-Therian, L79, M|254/254\n|move|p1a: Minun|Nasty Plot|p1a: Minun\n|-boost|p1a: Minun|spa|2\n|\n|-fieldend|move: Psychic Terrain\n|upkeep\n|turn|15\n|\n|t:|1781453392\n|move|p2a: Tornadus|U-turn|p1a: Minun\n|-damage|p1a: Minun|81/268\n|\n|t:|1781453395\n|switch|p2a: Slaking|Slaking, L84, F|27/389|[from] U-turn\n|move|p1a: Minun|Thunderbolt|p2a: Slaking\n|-damage|p2a: Slaking|0 fnt\n|faint|p2a: Slaking\n|-damage|p1a: Minun|55/268|[from] item: Life Orb\n|\n|upkeep\n|\n|t:|1781453400\n|switch|p2a: Tornadus|Tornadus-Therian, L79, M|254/254\n|turn|16\n|\n|t:|1781453403\n|switch|p1a: Okidogi|Okidogi, L77, M|138/262\n|move|p2a: Tornadus|Knock Off|p1a: Okidogi\n|-resisted|p1a: Okidogi\n|-damage|p1a: Okidogi|109/262\n|-enditem|p1a: Okidogi|Assault Vest|[from] move: Knock Off|[of] p2a: Tornadus\n|\n|upkeep\n|turn|17\n|\n|t:|1781453414\n|move|p2a: Tornadus|Bleakwind Storm|p1a: Okidogi\n|-supereffective|p1a: Okidogi\n|-damage|p1a: Okidogi|0 fnt\n|faint|p1a: Okidogi\n|\n|upkeep\n|\n|t:|1781453420\n|switch|p1a: Espeon|Espeon, L84, M|246/246\n|turn|18\n|\n|t:|1781453426\n|-terastallize|p1a: Espeon|Fairy\n|move|p2a: Tornadus|Knock Off|p1a: Espeon\n|-resisted|p1a: Espeon\n|-crit|p1a: Espeon\n|-damage|p1a: Espeon|181/246\n|-enditem|p1a: Espeon|Life Orb|[from] move: Knock Off|[of] p2a: Tornadus\n|move|p1a: Espeon|Calm Mind|p1a: Espeon\n|-boost|p1a: Espeon|spa|1\n|-boost|p1a: Espeon|spd|1\n|\n|upkeep\n|turn|19\n|\n|t:|1781453443\n|-terastallize|p2a: Tornadus|Steel\n|move|p2a: Tornadus|Bleakwind Storm|p1a: Espeon\n|-damage|p1a: Espeon|121/246\n|move|p1a: Espeon|Calm Mind|p1a: Espeon\n|-boost|p1a: Espeon|spa|1\n|-boost|p1a: Espeon|spd|1\n|\n|upkeep\n|turn|20\n|\n|t:|1781453448\n|move|p2a: Tornadus|Bleakwind Storm|p1a: Espeon\n|-damage|p1a: Espeon|75/246\n|move|p1a: Espeon|Morning Sun|p1a: Espeon\n|-heal|p1a: Espeon|198/246\n|\n|upkeep\n|turn|21\n|\n|t:|1781453455\n|move|p2a: Tornadus|Bleakwind Storm|p1a: Espeon\n|-damage|p1a: Espeon|152/246\n|move|p1a: Espeon|Calm Mind|p1a: Espeon\n|-boost|p1a: Espeon|spa|1\n|-boost|p1a: Espeon|spd|1\n|\n|upkeep\n|turn|22\n|\n|t:|1781453468\n|move|p2a: Tornadus|Bleakwind Storm|p1a: Espeon\n|-damage|p1a: Espeon|112/246\n|-unboost|p1a: Espeon|spe|1\n|move|p1a: Espeon|Morning Sun|p1a: Espeon\n|-heal|p1a: Espeon|235/246\n|\n|upkeep\n|turn|23\n|\n|t:|1781453477\n|move|p2a: Tornadus|Bleakwind Storm|p1a: Espeon|[miss]\n|-miss|p2a: Tornadus|p1a: Espeon\n|move|p1a: Espeon|Alluring Voice|p2a: Tornadus\n|-resisted|p2a: Tornadus\n|-damage|p2a: Tornadus|158/254\n|\n|upkeep\n|turn|24\n|\n|t:|1781453481\n|move|p2a: Tornadus|Bleakwind Storm|p1a: Espeon|[miss]\n|-miss|p2a: Tornadus|p1a: Espeon\n|move|p1a: Espeon|Calm Mind|p1a: Espeon\n|-boost|p1a: Espeon|spa|1\n|-boost|p1a: Espeon|spd|1\n|\n|upkeep\n|turn|25\n|\n|t:|1781453488\n|move|p2a: Tornadus|U-turn|p1a: Espeon\n|-resisted|p1a: Espeon\n|-crit|p1a: Espeon\n|-damage|p1a: Espeon|193/246\n|\n|t:|1781453496\n|switch|p2a: Malamar|Malamar, L82, F|275/275|[from] U-turn\n|move|p1a: Espeon|Psyshock|p2a: Malamar\n|-immune|p2a: Malamar\n|\n|upkeep\n|turn|26\n|\n|t:|1781453501\n|switch|p2a: Tornadus|Tornadus-Therian, L79, M, tera:Steel|242/254\n|move|p1a: Espeon|Alluring Voice|p2a: Tornadus\n|-resisted|p2a: Tornadus\n|-crit|p2a: Tornadus\n|-damage|p2a: Tornadus|62/254\n|\n|upkeep\n|turn|27\n|\n|t:|1781453507\n|move|p2a: Tornadus|U-turn|p1a: Espeon\n|-resisted|p1a: Espeon\n|-damage|p1a: Espeon|165/246\n|\n|t:|1781453509\n|switch|p2a: Malamar|Malamar, L82, F|275/275|[from] U-turn\n|move|p1a: Espeon|Alluring Voice|p2a: Malamar\n|-supereffective|p2a: Malamar\n|-damage|p2a: Malamar|0 fnt\n|faint|p2a: Malamar\n|\n|upkeep\n|\n|t:|1781453513\n|switch|p2a: Tornadus|Tornadus-Therian, L79, M, tera:Steel|146/254\n|turn|28\n|\n|t:|1781453516\n|move|p2a: Tornadus|U-turn|p1a: Espeon\n|-resisted|p1a: Espeon\n|-damage|p1a: Espeon|135/246\n|\n|t:|1781453518\n|switch|p2a: Iron Valiant|Iron Valiant, L78|244/244|[from] U-turn\n|move|p1a: Espeon|Morning Sun|p1a: Espeon\n|-heal|p1a: Espeon|246/246\n|\n|upkeep\n|turn|29\n|\n|t:|1781453520\n|move|p2a: Iron Valiant|Encore|p1a: Espeon\n|move|p1a: Espeon|Encore||[from] ability: Magic Bounce|[still]\n|-fail|p1a: Espeon\n|move|p1a: Espeon|Alluring Voice|p2a: Iron Valiant\n|-supereffective|p2a: Iron Valiant\n|-damage|p2a: Iron Valiant|0 fnt\n|faint|p2a: Iron Valiant\n|-end|p2a: Iron Valiant|Quark Drive|[silent]\n|\n|upkeep\n|-message|guyfishing12 forfeited.\n|\n|win|2001win\n", "uploadtime": 1781453156, "views": 6, "formatid": "gen9randombattle", "rating": null, "private": 0, "password": null}