{"id": "gen9randombattle-2631432859", "format": "[Gen 9] Random Battle", "players": ["kingslugma13", "Minkkeye"], "log": "|j|\u2606kingslugma13\n|j|\u2606Minkkeye\n|html|<table width=\"100%\"><tr><td align=\"left\">kingslugma13</td><td align=\"right\">Minkkeye</tr><tr><td align=\"left\"><i class=\"fa fa-circle-o\"></i> <i class=\"fa fa-circle-o\"></i> </td><td align=\"right\"><i class=\"fa fa-circle-o\"></i> <i class=\"fa fa-circle-o\"></i> </tr></table>\n|uhtml|bestof|<h2><strong>Game 1</strong> of <a href=\"/game-bestof3-gen9randombattle-2631432858\">a best-of-3</a></h2>\n|t:|1781384018\n|gametype|singles\n|player|p1|kingslugma13|2|\n|player|p2|Minkkeye|ltsurge|\n|gen|9\n|tier|[Gen 9] Random Battle\n|rule|Species Clause: Limit one of each Pok\u00e9mon\n|rule|HP Percentage Mod: HP is shown in percentages\n|rule|Sleep Clause Mod: Limit one foe put to sleep\n|rule|Illusion Level Mod: Illusion disguises the Pok\u00e9mon's true level\n|raw|<div class=\"infobox\"><details class=\"readmore\" open><summary><strong>1 custom rule:</strong></summary> Best of = 3</details></div>\n|\n|t:|1781384018\n|teamsize|p1|6\n|teamsize|p2|6\n|start\n|switch|p1a: Bastiodon|Bastiodon, L89, F|252/252\n|switch|p2a: Duraludon|Duraludon, L82, M|249/249\n|turn|1\n|\n|t:|1781384027\n|move|p2a: Duraludon|Body Press|p1a: Bastiodon\n|-supereffective|p1a: Bastiodon\n|-damage|p1a: Bastiodon|100/252\n|move|p1a: Bastiodon|Iron Defense|p1a: Bastiodon\n|-boost|p1a: Bastiodon|def|2\n|\n|upkeep\n|turn|2\n|\n|t:|1781384034\n|move|p2a: Duraludon|Body Press|p1a: Bastiodon\n|-supereffective|p1a: Bastiodon\n|-damage|p1a: Bastiodon|24/252\n|move|p1a: Bastiodon|Rest|p1a: Bastiodon\n|-status|p1a: Bastiodon|slp|[from] move: Rest\n|-heal|p1a: Bastiodon|252/252 slp|[silent]\n|-enditem|p1a: Bastiodon|Chesto Berry|[eat]\n|-curestatus|p1a: Bastiodon|slp|[msg]\n|\n|upkeep\n|turn|3\n|\n|t:|1781384048\n|move|p2a: Duraludon|Body Press|p1a: Bastiodon\n|-supereffective|p1a: Bastiodon\n|-damage|p1a: Bastiodon|184/252\n|move|p1a: Bastiodon|Iron Defense|p1a: Bastiodon\n|-boost|p1a: Bastiodon|def|2\n|\n|upkeep\n|turn|4\n|\n|t:|1781384055\n|move|p2a: Duraludon|Thunder Wave|p1a: Bastiodon\n|-status|p1a: Bastiodon|par\n|move|p1a: Bastiodon|Body Press|p2a: Duraludon\n|-supereffective|p2a: Duraludon\n|-damage|p2a: Duraludon|0 fnt\n|faint|p2a: Duraludon\n|\n|upkeep\n|\n|t:|1781384073\n|switch|p2a: Tentacruel|Tentacruel, L84, M|272/272\n|turn|5\n|\n|t:|1781384079\n|move|p2a: Tentacruel|Surf|p1a: Bastiodon\n|-supereffective|p1a: Bastiodon\n|-damage|p1a: Bastiodon|82/252 par\n|move|p1a: Bastiodon|Body Press|p2a: Tentacruel\n|-resisted|p2a: Tentacruel\n|-damage|p2a: Tentacruel|80/272\n|\n|-heal|p2a: Tentacruel|97/272|[from] item: Leftovers\n|upkeep\n|turn|6\n|\n|t:|1781384085\n|move|p2a: Tentacruel|Surf|p1a: Bastiodon\n|-supereffective|p1a: Bastiodon\n|-damage|p1a: Bastiodon|0 fnt\n|faint|p1a: Bastiodon\n|\n|-heal|p2a: Tentacruel|114/272|[from] item: Leftovers\n|upkeep\n|\n|t:|1781384087\n|switch|p1a: Kilowattrel|Kilowattrel, L83, F|252/252\n|turn|7\n|\n|t:|1781384102\n|move|p1a: Kilowattrel|Thunderbolt|p2a: Tentacruel\n|-supereffective|p2a: Tentacruel\n|-damage|p2a: Tentacruel|0 fnt\n|faint|p2a: Tentacruel\n|\n|upkeep\n|inactive|Battle timer is ON: inactive players will automatically lose when time's up. (requested by kingslugma13)\n|\n|t:|1781384139\n|switch|p2a: Greedent|Greedent, L86, F|347/347\n|turn|8\n|\n|t:|1781384149\n|move|p1a: Kilowattrel|U-turn|p2a: Greedent\n|-damage|p2a: Greedent|314/347\n|\n|t:|1781384162\n|switch|p1a: Archaludon|Archaludon, L78, M|268/268|[from] U-turn\n|move|p2a: Greedent|Swords Dance|p2a: Greedent\n|-boost|p2a: Greedent|atk|2\n|\n|upkeep\n|turn|9\n|\n|t:|1781384173\n|-terastallize|p1a: Archaludon|Fighting\n|move|p1a: Archaludon|Body Press|p2a: Greedent\n|-supereffective|p2a: Greedent\n|-damage|p2a: Greedent|126/347\n|-enditem|p2a: Greedent|Sitrus Berry|[eat]\n|-heal|p2a: Greedent|212/347|[from] item: Sitrus Berry\n|-heal|p2a: Greedent|327/347|[from] ability: Cheek Pouch\n|move|p2a: Greedent|Earthquake|p1a: Archaludon\n|-damage|p1a: Archaludon|157/268\n|-ability|p1a: Archaludon|Stamina|boost\n|-boost|p1a: Archaludon|def|1\n|\n|-heal|p1a: Archaludon|173/268|[from] item: Leftovers\n|upkeep\n|turn|10\n|\n|t:|1781384189\n|move|p1a: Archaludon|Body Press|p2a: Greedent\n|-supereffective|p2a: Greedent\n|-damage|p2a: Greedent|67/347\n|move|p2a: Greedent|Double-Edge|p1a: Archaludon\n|-damage|p1a: Archaludon|38/268\n|-ability|p1a: Archaludon|Stamina|boost\n|-boost|p1a: Archaludon|def|1\n|-damage|p2a: Greedent|22/347|[from] Recoil\n|\n|-heal|p1a: Archaludon|54/268|[from] item: Leftovers\n|upkeep\n|turn|11\n|\n|t:|1781384208\n|move|p1a: Archaludon|Body Press|p2a: Greedent\n|-supereffective|p2a: Greedent\n|-damage|p2a: Greedent|0 fnt\n|faint|p2a: Greedent\n|\n|-heal|p1a: Archaludon|70/268|[from] item: Leftovers\n|upkeep\n|\n|t:|1781384215\n|switch|p2a: Giratina|Giratina-Origin, L72|335/335\n|turn|12\n|inactive|Minkkeye has 270 seconds left.\n|\n|t:|1781384247\n|move|p1a: Archaludon|Draco Meteor|p2a: Giratina|[miss]\n|-miss|p1a: Archaludon|p2a: Giratina\n|move|p2a: Giratina|Poltergeist|p1a: Archaludon\n|-activate|p1a: Archaludon|move: Poltergeist|Leftovers\n|-damage|p1a: Archaludon|19/268\n|-ability|p1a: Archaludon|Stamina|boost\n|-boost|p1a: Archaludon|def|1\n|\n|-heal|p1a: Archaludon|35/268|[from] item: Leftovers\n|upkeep\n|turn|13\n|inactive|Minkkeye has 270 seconds left.\n|\n|t:|1781384265\n|-terastallize|p2a: Giratina|Ghost\n|move|p2a: Giratina|Shadow Sneak|p1a: Archaludon\n|-damage|p1a: Archaludon|15/268\n|-ability|p1a: Archaludon|Stamina|boost\n|-boost|p1a: Archaludon|def|1\n|move|p1a: Archaludon|Draco Meteor|p2a: Giratina\n|-damage|p2a: Giratina|178/335\n|-unboost|p1a: Archaludon|spa|2\n|\n|-heal|p1a: Archaludon|31/268|[from] item: Leftovers\n|upkeep\n|turn|14\n|\n|t:|1781384281\n|switch|p2a: Hariyama|Hariyama, L87, F|392/392\n|move|p1a: Archaludon|Flash Cannon|p2a: Hariyama\n|-damage|p2a: Hariyama|353/392\n|\n|-heal|p1a: Archaludon|47/268|[from] item: Leftovers\n|upkeep\n|turn|15\n|inactive|Minkkeye has 270 seconds left.\n|\n|t:|1781384291\n|move|p1a: Archaludon|Body Press|p2a: Hariyama\n|-damage|p2a: Hariyama|0 fnt\n|faint|p2a: Hariyama\n|\n|-heal|p1a: Archaludon|63/268|[from] item: Leftovers\n|upkeep\n|inactive|Minkkeye has 270 seconds left.\n|\n|t:|1781384297\n|switch|p2a: Crawdaunt|Crawdaunt, L84, M|243/243\n|turn|16\n|\n|t:|1781384301\n|move|p1a: Archaludon|Body Press|p2a: Crawdaunt\n|-supereffective|p2a: Crawdaunt\n|-damage|p2a: Crawdaunt|0 fnt\n|faint|p2a: Crawdaunt\n|\n|-heal|p1a: Archaludon|79/268|[from] item: Leftovers\n|upkeep\n|\n|t:|1781384304\n|switch|p2a: Giratina|Giratina-Origin, L72, tera:Ghost|178/335\n|turn|17\n|\n|t:|1781384310\n|move|p1a: Archaludon|Draco Meteor|p2a: Giratina\n|-damage|p2a: Giratina|102/335\n|-unboost|p1a: Archaludon|spa|2\n|move|p2a: Giratina|Draco Meteor|p1a: Archaludon\n|-damage|p1a: Archaludon|0 fnt\n|-unboost|p2a: Giratina|spa|2\n|faint|p1a: Archaludon\n|\n|upkeep\n|\n|t:|1781384317\n|switch|p1a: Primarina|Primarina, L83, F|268/268\n|turn|18\n|\n|t:|1781384323\n|move|p2a: Giratina|Shadow Sneak|p1a: Primarina\n|-damage|p1a: Primarina|192/268\n|move|p1a: Primarina|Moonblast|p2a: Giratina\n|-damage|p2a: Giratina|0 fnt\n|faint|p2a: Giratina\n|\n|win|kingslugma13\n", "uploadtime": 1781384325, "views": 8, "formatid": "gen9randombattle", "rating": null, "private": 0, "password": null}