{"id": "gen9randombattle-2631444100", "format": "[Gen 9] Random Battle", "players": ["exploziff", "Zabalilla"], "log": "|j|\u2606exploziff\n|j|\u2606Zabalilla\n|t:|1781385398\n|gametype|singles\n|player|p1|exploziff|266|1977\n|player|p2|Zabalilla|170|2040\n|gen|9\n|tier|[Gen 9] Random Battle\n|rated|\n|rule|Species Clause: Limit one of each Pok\u00e9mon\n|rule|HP Percentage Mod: HP is shown in percentages\n|rule|Sleep Clause Mod: Limit one foe put to sleep\n|rule|Illusion Level Mod: Illusion disguises the Pok\u00e9mon's true level\n|\n|t:|1781385398\n|teamsize|p1|6\n|teamsize|p2|6\n|start\n|switch|p1a: Charizard|Charizard, L85, F|271/271\n|switch|p2a: Maushold|Maushold-Four, L76|238/238\n|turn|1\n|\n|t:|1781385422\n|move|p1a: Charizard|Flare Blitz|p2a: Maushold\n|-damage|p2a: Maushold|94/238\n|-damage|p1a: Charizard|223/271|[from] Recoil\n|move|p2a: Maushold|Tidy Up|p2a: Maushold\n|-boost|p2a: Maushold|atk|1\n|-boost|p2a: Maushold|spe|1\n|\n|upkeep\n|turn|2\n|inactive|Battle timer is ON: inactive players will automatically lose when time's up. (requested by Zabalilla)\n|\n|t:|1781385429\n|move|p2a: Maushold|Population Bomb|p1a: Charizard\n|-damage|p1a: Charizard|184/271\n|-damage|p1a: Charizard|148/271\n|-damage|p1a: Charizard|108/271\n|-damage|p1a: Charizard|69/271\n|-damage|p1a: Charizard|30/271\n|-hitcount|p1a: Charizard|5\n|move|p1a: Charizard|Flare Blitz|p2a: Maushold\n|-damage|p2a: Maushold|0 fnt\n|faint|p2a: Maushold\n|-damage|p1a: Charizard|0 fnt|[from] Recoil\n|faint|p1a: Charizard\n|\n|upkeep\n|\n|t:|1781385441\n|switch|p1a: Azumarill|Azumarill, L82, M|298/298\n|switch|p2a: Toxapex|Toxapex, L82, F|216/216\n|turn|3\n|\n|t:|1781385444\n|switch|p1a: Porygon2|Porygon2, L81|270/270\n|-ability|p1a: Porygon2|Download|boost\n|-boost|p1a: Porygon2|spa|1\n|move|p2a: Toxapex|Toxic|p1a: Porygon2\n|-status|p1a: Porygon2|tox\n|\n|-damage|p1a: Porygon2|254/270 tox|[from] psn\n|upkeep\n|turn|4\n|\n|t:|1781385454\n|move|p1a: Porygon2|Tera Blast|p2a: Toxapex\n|-damage|p2a: Toxapex|128/216\n|move|p2a: Toxapex|Liquidation|p1a: Porygon2\n|-damage|p1a: Porygon2|214/270 tox\n|\n|-heal|p2a: Toxapex|141/216|[from] item: Leftovers\n|-damage|p1a: Porygon2|182/270 tox|[from] psn\n|upkeep\n|turn|5\n|\n|t:|1781385458\n|move|p1a: Porygon2|Thunder Wave|p2a: Toxapex|[miss]\n|-miss|p1a: Porygon2|p2a: Toxapex\n|move|p2a: Toxapex|Recover|p2a: Toxapex\n|-heal|p2a: Toxapex|216/216\n|\n|-damage|p1a: Porygon2|134/270 tox|[from] psn\n|upkeep\n|turn|6\n|\n|t:|1781385465\n|switch|p1a: Ursaluna|Ursaluna-Bloodmoon, L79, M|308/308\n|switch|p2a: Shaymin|Shaymin, L82|298/298\n|\n|upkeep\n|turn|7\n|\n|t:|1781385467\n|switch|p1a: Emboar|Emboar, L84, F|322/322\n|move|p2a: Shaymin|Seed Flare|p1a: Emboar\n|-resisted|p1a: Emboar\n|-damage|p1a: Emboar|249/322\n|\n|-heal|p1a: Emboar|269/322|[from] item: Leftovers\n|upkeep\n|turn|8\n|\n|t:|1781385476\n|switch|p2a: Dachsbun|Dachsbun, L92, F|254/254\n|move|p1a: Emboar|Flare Blitz|p2a: Dachsbun\n|-ability|p2a: Dachsbun|Well-Baked Body|boost\n|-boost|p2a: Dachsbun|def|2\n|\n|-heal|p1a: Emboar|289/322|[from] item: Leftovers\n|upkeep\n|turn|9\n|\n|t:|1781385486\n|switch|p1a: Porygon2|Porygon2, L81|134/270 tox\n|-ability|p1a: Porygon2|Download|boost\n|-boost|p1a: Porygon2|spa|1\n|move|p2a: Dachsbun|Play Rough|p1a: Porygon2\n|-damage|p1a: Porygon2|68/270 tox\n|\n|-damage|p1a: Porygon2|52/270 tox|[from] psn\n|upkeep\n|turn|10\n|\n|t:|1781385489\n|move|p2a: Dachsbun|Play Rough|p1a: Porygon2\n|-damage|p1a: Porygon2|0 fnt\n|faint|p1a: Porygon2\n|\n|upkeep\n|\n|t:|1781385491\n|switch|p1a: Ursaluna|Ursaluna-Bloodmoon, L79, M|308/308\n|turn|11\n|\n|t:|1781385494\n|move|p2a: Dachsbun|Yawn|p1a: Ursaluna\n|-start|p1a: Ursaluna|move: Yawn|[of] p2a: Dachsbun\n|move|p1a: Ursaluna|Calm Mind|p1a: Ursaluna\n|-boost|p1a: Ursaluna|spa|1\n|-boost|p1a: Ursaluna|spd|1\n|\n|upkeep\n|turn|12\n|\n|t:|1781385497\n|move|p2a: Dachsbun|Protect|p2a: Dachsbun\n|-singleturn|p2a: Dachsbun|Protect\n|move|p1a: Ursaluna|Blood Moon|p2a: Dachsbun\n|-activate|p2a: Dachsbun|move: Protect\n|\n|-end|p1a: Ursaluna|move: Yawn|[silent]\n|-status|p1a: Ursaluna|slp\n|upkeep\n|turn|13\n|\n|t:|1781385501\n|switch|p2a: Shaymin|Shaymin, L82|298/298\n|cant|p1a: Ursaluna|slp\n|\n|upkeep\n|turn|14\n|\n|t:|1781385509\n|move|p2a: Shaymin|Seed Flare|p1a: Ursaluna\n|-supereffective|p1a: Ursaluna\n|-damage|p1a: Ursaluna|96/308 slp\n|-curestatus|p1a: Ursaluna|slp|[msg]\n|move|p1a: Ursaluna|Calm Mind|p1a: Ursaluna\n|-boost|p1a: Ursaluna|spa|1\n|-boost|p1a: Ursaluna|spd|1\n|\n|-heal|p1a: Ursaluna|115/308|[from] item: Leftovers\n|upkeep\n|turn|15\n|\n|t:|1781385514\n|-terastallize|p1a: Ursaluna|Ghost\n|move|p2a: Shaymin|Seed Flare|p1a: Ursaluna\n|-damage|p1a: Ursaluna|28/308\n|move|p1a: Ursaluna|Moonlight|p1a: Ursaluna\n|-heal|p1a: Ursaluna|182/308\n|\n|-heal|p1a: Ursaluna|201/308|[from] item: Leftovers\n|upkeep\n|turn|16\n|\n|t:|1781385520\n|move|p2a: Shaymin|Seed Flare|p1a: Ursaluna\n|-damage|p1a: Ursaluna|116/308\n|move|p1a: Ursaluna|Moonlight|p1a: Ursaluna\n|-heal|p1a: Ursaluna|270/308\n|\n|-heal|p1a: Ursaluna|289/308|[from] item: Leftovers\n|upkeep\n|turn|17\n|\n|t:|1781385524\n|move|p2a: Shaymin|Seed Flare|p1a: Ursaluna\n|-damage|p1a: Ursaluna|208/308\n|move|p1a: Ursaluna|Blood Moon|p2a: Shaymin\n|-damage|p2a: Shaymin|0 fnt\n|faint|p2a: Shaymin\n|\n|-heal|p1a: Ursaluna|227/308|[from] item: Leftovers\n|upkeep\n|\n|t:|1781385536\n|switch|p2a: Bronzong|Bronzong, L88|261/261\n|turn|18\n|\n|t:|1781385543\n|move|p1a: Ursaluna|Calm Mind|p1a: Ursaluna\n|-boost|p1a: Ursaluna|spa|1\n|-boost|p1a: Ursaluna|spd|1\n|move|p2a: Bronzong|Iron Head|p1a: Ursaluna\n|-crit|p1a: Ursaluna\n|-damage|p1a: Ursaluna|118/308\n|\n|-heal|p1a: Ursaluna|137/308|[from] item: Leftovers\n|upkeep\n|turn|19\n|\n|t:|1781385548\n|switch|p2a: Dachsbun|Dachsbun, L92, F|254/254\n|move|p1a: Ursaluna|Moonlight|p1a: Ursaluna\n|-heal|p1a: Ursaluna|291/308\n|\n|-heal|p1a: Ursaluna|308/308|[from] item: Leftovers\n|upkeep\n|turn|20\n|\n|t:|1781385551\n|move|p2a: Dachsbun|Yawn|p1a: Ursaluna\n|-start|p1a: Ursaluna|move: Yawn|[of] p2a: Dachsbun\n|move|p1a: Ursaluna|Blood Moon|p2a: Dachsbun\n|-damage|p2a: Dachsbun|0 fnt\n|faint|p2a: Dachsbun\n|\n|upkeep\n|\n|t:|1781385555\n|switch|p2a: Dragonite|Dragonite, L74, F|257/257\n|turn|21\n|\n|t:|1781385559\n|move|p1a: Ursaluna|Vacuum Wave|p2a: Dragonite\n|-resisted|p2a: Dragonite\n|-damage|p2a: Dragonite|238/257\n|move|p2a: Dragonite|Dragon Dance|p2a: Dragonite\n|-boost|p2a: Dragonite|atk|1\n|-boost|p2a: Dragonite|spe|1\n|\n|-end|p1a: Ursaluna|move: Yawn|[silent]\n|-status|p1a: Ursaluna|slp\n|upkeep\n|turn|22\n|\n|t:|1781385564\n|move|p2a: Dragonite|Dragon Dance|p2a: Dragonite\n|-boost|p2a: Dragonite|atk|1\n|-boost|p2a: Dragonite|spe|1\n|cant|p1a: Ursaluna|slp\n|\n|upkeep\n|turn|23\n|\n|t:|1781385567\n|-terastallize|p2a: Dragonite|Flying\n|move|p2a: Dragonite|Tera Blast|p1a: Ursaluna|[anim] Tera Blast Flying\n|-damage|p1a: Ursaluna|116/308 slp\n|-curestatus|p1a: Ursaluna|slp|[msg]\n|move|p1a: Ursaluna|Blood Moon|p2a: Dragonite\n|-damage|p2a: Dragonite|0 fnt\n|faint|p2a: Dragonite\n|\n|-heal|p1a: Ursaluna|135/308|[from] item: Leftovers\n|upkeep\n|-message|Zabalilla forfeited.\n|\n|win|exploziff\n", "uploadtime": 1781385400, "views": 6, "formatid": "gen9randombattle", "rating": null, "private": 0, "password": null}