{"id": "gen9randombattle-2631951827", "format": "[Gen 9] Random Battle", "players": ["Soul Gem", "fungusphil"], "log": "|j|\u2606Soul Gem\n|j|\u2606fungusphil\n|t:|1781459220\n|gametype|singles\n|player|p1|Soul Gem|misty|1969\n|player|p2|fungusphil|pokemaniac|2008\n|gen|9\n|tier|[Gen 9] Random Battle\n|rated|\n|rule|Species Clause: Limit one of each Pok\u00e9mon\n|rule|HP Percentage Mod: HP is shown in percentages\n|rule|Sleep Clause Mod: Limit one foe put to sleep\n|rule|Illusion Level Mod: Illusion disguises the Pok\u00e9mon's true level\n|\n|t:|1781459220\n|teamsize|p1|6\n|teamsize|p2|6\n|start\n|switch|p1a: Floatzel|Floatzel, L86, M|286/286\n|switch|p2a: Glalie|Glalie, L96, F|309/309\n|turn|1\n|inactive|Battle timer is ON: inactive players will automatically lose when time's up. (requested by fungusphil)\n|\n|t:|1781459232\n|switch|p1a: Komala|Komala, L88, F|258/258\n|-ability|p1a: Komala|Comatose\n|move|p2a: Glalie|Freeze-Dry|p1a: Komala\n|-damage|p1a: Komala|186/258\n|\n|upkeep\n|turn|2\n|\n|t:|1781459240\n|switch|p2a: Copperajah|Copperajah, L86, F|349/349\n|move|p1a: Komala|Body Slam|p2a: Copperajah\n|-resisted|p2a: Copperajah\n|-damage|p2a: Copperajah|256/349\n|-status|p2a: Copperajah|par\n|\n|upkeep\n|turn|3\n|\n|t:|1781459262\n|switch|p1a: Zamazenta|Zamazenta-Crowned, L68|238/238\n|-ability|p1a: Zamazenta|Dauntless Shield|boost\n|-boost|p1a: Zamazenta|def|1\n|move|p2a: Copperajah|Supercell Slam|p1a: Zamazenta\n|-damage|p1a: Zamazenta|158/238\n|\n|upkeep\n|turn|4\n|\n|t:|1781459284\n|switch|p2a: Electivire|Electivire, L84, M|263/263\n|move|p1a: Zamazenta|Iron Defense|p1a: Zamazenta\n|-boost|p1a: Zamazenta|def|2\n|\n|upkeep\n|turn|5\n|\n|t:|1781459306\n|move|p1a: Zamazenta|Body Press|p2a: Electivire\n|-damage|p2a: Electivire|38/263\n|move|p2a: Electivire|Flamethrower|p1a: Zamazenta\n|-supereffective|p1a: Zamazenta\n|-damage|p1a: Zamazenta|25/238\n|-damage|p2a: Electivire|12/263|[from] item: Life Orb\n|\n|upkeep\n|turn|6\n|\n|t:|1781459313\n|move|p1a: Zamazenta|Body Press|p2a: Electivire\n|-damage|p2a: Electivire|0 fnt\n|faint|p2a: Electivire\n|\n|upkeep\n|\n|t:|1781459327\n|switch|p2a: Veluza|Veluza, L85, F|292/292\n|turn|7\n|\n|t:|1781459334\n|move|p1a: Zamazenta|Heavy Slam|p2a: Veluza\n|-resisted|p2a: Veluza\n|-damage|p2a: Veluza|235/292\n|move|p2a: Veluza|Fillet Away|p2a: Veluza\n|-boost|p2a: Veluza|atk|2\n|-boost|p2a: Veluza|spa|2\n|-boost|p2a: Veluza|spe|2\n|-damage|p2a: Veluza|89/292\n|-enditem|p2a: Veluza|Sitrus Berry|[eat]\n|-heal|p2a: Veluza|162/292|[from] item: Sitrus Berry\n|\n|upkeep\n|turn|8\n|\n|t:|1781459348\n|move|p2a: Veluza|Aqua Cutter|p1a: Zamazenta\n|-damage|p1a: Zamazenta|0 fnt\n|faint|p1a: Zamazenta\n|\n|upkeep\n|\n|t:|1781459372\n|switch|p1a: Mandibuzz|Mandibuzz, L85, F|326/326\n|turn|9\n|\n|t:|1781459380\n|-terastallize|p2a: Veluza|Dark\n|move|p2a: Veluza|Aqua Cutter|p1a: Mandibuzz\n|-damage|p1a: Mandibuzz|133/326\n|move|p1a: Mandibuzz|Foul Play|p2a: Veluza\n|-resisted|p2a: Veluza\n|-damage|p2a: Veluza|36/292\n|\n|upkeep\n|turn|10\n|\n|t:|1781459404\n|move|p2a: Veluza|Aqua Cutter|p1a: Mandibuzz\n|-damage|p1a: Mandibuzz|0 fnt\n|faint|p1a: Mandibuzz\n|\n|upkeep\n|inactive|Soul Gem has 120 seconds left.\n|\n|t:|1781459422\n|switch|p1a: Floatzel|Floatzel, L86, M|286/286\n|turn|11\n|\n|t:|1781459445\n|move|p2a: Veluza|Night Slash|p1a: Floatzel\n|-damage|p1a: Floatzel|0 fnt\n|faint|p1a: Floatzel\n|\n|upkeep\n|\n|t:|1781459455\n|switch|p1a: Raikou|Raikou, L81|278/278\n|-ability|p1a: Raikou|Pressure\n|turn|12\n|\n|t:|1781459464\n|move|p2a: Veluza|Night Slash|p1a: Raikou\n|-damage|p1a: Raikou|0 fnt\n|faint|p1a: Raikou\n|\n|upkeep\n|\n|t:|1781459469\n|switch|p1a: Komala|Komala, L88, F|186/258\n|-ability|p1a: Komala|Comatose\n|turn|13\n|\n|t:|1781459476\n|move|p2a: Veluza|Psycho Cut|p1a: Komala\n|-damage|p1a: Komala|0 fnt\n|faint|p1a: Komala\n|\n|upkeep\n|-message|Soul Gem forfeited.\n|\n|win|fungusphil\n", "uploadtime": 1781459222, "views": 3, "formatid": "gen9randombattle", "rating": null, "private": 0, "password": null}