{"id": "gen9randombattle-2631466682", "format": "[Gen 9] Random Battle", "players": ["Colddeckj", "SteelixPrismGX"], "log": "|j|\u2606Colddeckj\n|j|\u2606SteelixPrismGX\n|t:|1781388243\n|gametype|singles\n|player|p1|Colddeckj|wattson|2070\n|player|p2|SteelixPrismGX|siebold|2051\n|gen|9\n|tier|[Gen 9] Random Battle\n|rated|\n|rule|Species Clause: Limit one of each Pok\u00e9mon\n|rule|HP Percentage Mod: HP is shown in percentages\n|rule|Sleep Clause Mod: Limit one foe put to sleep\n|rule|Illusion Level Mod: Illusion disguises the Pok\u00e9mon's true level\n|\n|t:|1781388243\n|teamsize|p1|6\n|teamsize|p2|6\n|start\n|switch|p1a: Cacturne|Cacturne, L92, F|278/278\n|switch|p2a: Venusaur|Venusaur, L84, F|272/272\n|turn|1\n|inactive|Battle timer is ON: inactive players will automatically lose when time's up. (requested by Colddeckj)\n|\n|t:|1781388261\n|move|p2a: Venusaur|Sludge Bomb|p1a: Cacturne\n|-supereffective|p1a: Cacturne\n|-damage|p1a: Cacturne|60/278\n|move|p1a: Cacturne|Knock Off|p2a: Venusaur\n|-damage|p2a: Venusaur|87/272\n|-enditem|p2a: Venusaur|Leftovers|[from] move: Knock Off|[of] p1a: Cacturne\n|-damage|p1a: Cacturne|33/278|[from] item: Life Orb\n|\n|upkeep\n|turn|2\n|\n|t:|1781388272\n|move|p2a: Venusaur|Substitute|p2a: Venusaur\n|-start|p2a: Venusaur|Substitute\n|-damage|p2a: Venusaur|19/272\n|move|p1a: Cacturne|Spikes|p2a: Venusaur\n|-sidestart|p2: SteelixPrismGX|Spikes\n|\n|upkeep\n|turn|3\n|\n|t:|1781388281\n|move|p1a: Cacturne|Sucker Punch|p2a: Venusaur\n|-end|p2a: Venusaur|Substitute\n|-damage|p1a: Cacturne|6/278|[from] item: Life Orb\n|move|p2a: Venusaur|Sludge Bomb|p1a: Cacturne\n|-supereffective|p1a: Cacturne\n|-damage|p1a: Cacturne|0 fnt\n|faint|p1a: Cacturne\n|\n|upkeep\n|\n|t:|1781388297\n|switch|p1a: Brambleghast|Brambleghast, L88, F|240/240\n|turn|4\n|\n|t:|1781388303\n|move|p1a: Brambleghast|Power Whip|p2a: Venusaur\n|-resisted|p2a: Venusaur\n|-damage|p2a: Venusaur|0 fnt\n|faint|p2a: Venusaur\n|\n|upkeep\n|\n|t:|1781388306\n|switch|p2a: Grimmsnarl|Grimmsnarl, L83, M|293/293\n|-damage|p2a: Grimmsnarl|257/293|[from] Spikes\n|turn|5\n|\n|t:|1781388313\n|switch|p1a: Copperajah|Copperajah, L86, F|349/349\n|move|p2a: Grimmsnarl|Thunder Wave|p1a: Copperajah|[miss]\n|-miss|p2a: Grimmsnarl|p1a: Copperajah\n|\n|-heal|p2a: Grimmsnarl|275/293|[from] item: Leftovers\n|upkeep\n|turn|6\n|\n|t:|1781388318\n|move|p2a: Grimmsnarl|Parting Shot|p1a: Copperajah\n|-unboost|p1a: Copperajah|atk|1\n|-unboost|p1a: Copperajah|spa|1\n|\n|t:|1781388323\n|switch|p2a: Iron Treads|Iron Treads, L77|265/265|[from] Parting Shot\n|-damage|p2a: Iron Treads|232/265|[from] Spikes\n|move|p1a: Copperajah|Heavy Slam|p2a: Iron Treads\n|-resisted|p2a: Iron Treads\n|-damage|p2a: Iron Treads|166/265\n|\n|upkeep\n|turn|7\n|\n|t:|1781388334\n|switch|p1a: Brambleghast|Brambleghast, L88, F|240/240\n|move|p2a: Iron Treads|Earthquake|p1a: Brambleghast\n|-resisted|p1a: Brambleghast\n|-damage|p1a: Brambleghast|184/240\n|\n|-heal|p1a: Brambleghast|199/240|[from] item: Leftovers\n|upkeep\n|turn|8\n|\n|t:|1781388346\n|move|p1a: Brambleghast|Substitute|p1a: Brambleghast\n|-start|p1a: Brambleghast|Substitute\n|-damage|p1a: Brambleghast|139/240\n|move|p2a: Iron Treads|Volt Switch|p1a: Brambleghast\n|-resisted|p1a: Brambleghast\n|-activate|p1a: Brambleghast|move: Substitute|[damage]\n|\n|t:|1781388362\n|-end|p2a: Iron Treads|Quark Drive|[silent]\n|switch|p2a: Grimmsnarl|Grimmsnarl, L83, M|275/293|[from] Volt Switch\n|-damage|p2a: Grimmsnarl|239/293|[from] Spikes\n|\n|-heal|p1a: Brambleghast|154/240|[from] item: Leftovers\n|-heal|p2a: Grimmsnarl|257/293|[from] item: Leftovers\n|upkeep\n|turn|9\n|\n|t:|1781388368\n|move|p1a: Brambleghast|Leech Seed|p2a: Grimmsnarl\n|-start|p2a: Grimmsnarl|move: Leech Seed\n|move|p2a: Grimmsnarl|Spirit Break|p1a: Brambleghast\n|-end|p1a: Brambleghast|Substitute\n|\n|-heal|p1a: Brambleghast|169/240|[from] item: Leftovers\n|-heal|p2a: Grimmsnarl|275/293|[from] item: Leftovers\n|-damage|p2a: Grimmsnarl|239/293|[from] Leech Seed|[of] p1a: Brambleghast\n|-heal|p1a: Brambleghast|205/240|[silent]\n|upkeep\n|turn|10\n|\n|t:|1781388378\n|switch|p1a: Copperajah|Copperajah, L86, F|349/349\n|move|p2a: Grimmsnarl|Thunder Wave|p1a: Copperajah|[miss]\n|-miss|p2a: Grimmsnarl|p1a: Copperajah\n|\n|-heal|p2a: Grimmsnarl|257/293|[from] item: Leftovers\n|-damage|p2a: Grimmsnarl|221/293|[from] Leech Seed|[of] p1a: Copperajah\n|upkeep\n|turn|11\n|\n|t:|1781388386\n|move|p2a: Grimmsnarl|Parting Shot|p1a: Copperajah\n|-unboost|p1a: Copperajah|atk|1\n|-unboost|p1a: Copperajah|spa|1\n|c|\u2606SteelixPrismGX|why does this keep happening to me\n|\n|t:|1781388390\n|switch|p2a: Regigigas|Regigigas, L84|322/322|[from] Parting Shot\n|-damage|p2a: Regigigas|282/322|[from] Spikes\n|-start|p2a: Regigigas|ability: Slow Start\n|move|p1a: Copperajah|Earthquake|p2a: Regigigas\n|-damage|p2a: Regigigas|207/322\n|\n|-heal|p2a: Regigigas|227/322|[from] item: Leftovers\n|upkeep\n|turn|12\n|\n|t:|1781388397\n|switch|p1a: Flareon|Flareon, L90, F|263/263\n|move|p2a: Regigigas|Sleep Talk||[still]\n|-fail|p2a: Regigigas\n|\n|-heal|p2a: Regigigas|247/322|[from] item: Leftovers\n|-status|p1a: Flareon|tox|[from] item: Toxic Orb\n|upkeep\n|turn|13\n|\n|t:|1781388406\n|move|p1a: Flareon|Will-O-Wisp|p2a: Regigigas|[miss]\n|-miss|p1a: Flareon|p2a: Regigigas\n|move|p2a: Regigigas|Body Slam|p1a: Flareon\n|-damage|p1a: Flareon|175/263 tox\n|\n|-heal|p2a: Regigigas|267/322|[from] item: Leftovers\n|-damage|p1a: Flareon|159/263 tox|[from] psn\n|upkeep\n|turn|14\n|c|\u2606SteelixPrismGX|shit\n|\n|t:|1781388412\n|move|p1a: Flareon|Facade|p2a: Regigigas\n|-damage|p2a: Regigigas|99/322\n|move|p2a: Regigigas|Body Slam|p1a: Flareon\n|-damage|p1a: Flareon|81/263 tox\n|\n|-heal|p2a: Regigigas|119/322|[from] item: Leftovers\n|-damage|p1a: Flareon|49/263 tox|[from] psn\n|upkeep\n|turn|15\n|-message|SteelixPrismGX forfeited.\n|\n|win|Colddeckj\n", "uploadtime": 1781388245, "views": 7, "formatid": "gen9randombattle", "rating": null, "private": 0, "password": null}