{"id": "gen9randombattle-2631524221", "format": "[Gen 9] Random Battle", "players": ["Ara Ara Armin", "SoCapable"], "log": "|j|\u2606Ara Ara Armin\n|j|\u2606SoCapable\n|t:|1781396392\n|gametype|singles\n|player|p1|Ara Ara Armin|265|1997\n|player|p2|SoCapable|silver|2159\n|gen|9\n|tier|[Gen 9] Random Battle\n|rated|\n|rule|Species Clause: Limit one of each Pok\u00e9mon\n|rule|HP Percentage Mod: HP is shown in percentages\n|rule|Sleep Clause Mod: Limit one foe put to sleep\n|rule|Illusion Level Mod: Illusion disguises the Pok\u00e9mon's true level\n|\n|t:|1781396392\n|teamsize|p1|6\n|teamsize|p2|6\n|start\n|switch|p1a: Gardevoir|Gardevoir, L83, F|249/249\n|switch|p2a: Sunflora|Sunflora, F|312/312\n|-ability|p1a: Gardevoir|Chlorophyll|Trace|[from] ability: Trace|[of] p2a: Sunflora\n|turn|1\n|inactive|Battle timer is ON: inactive players will automatically lose when time's up. (requested by SoCapable)\n|\n|t:|1781396412\n|switch|p1a: Reshiram|Reshiram, L76|277/277\n|-ability|p1a: Reshiram|Turboblaze\n|move|p2a: Sunflora|Leaf Storm|p1a: Reshiram\n|-resisted|p1a: Reshiram\n|-damage|p1a: Reshiram|216/277\n|-unboost|p2a: Sunflora|spa|2\n|\n|upkeep\n|turn|2\n|\n|t:|1781396420\n|switch|p2a: Wyrdeer|Wyrdeer, L87, M|321/321\n|-ability|p2a: Wyrdeer|Intimidate|boost\n|-unboost|p1a: Reshiram|atk|1\n|move|p1a: Reshiram|Dragon Dance|p1a: Reshiram\n|-boost|p1a: Reshiram|atk|1\n|-boost|p1a: Reshiram|spe|1\n|\n|upkeep\n|turn|3\n|\n|t:|1781396442\n|switch|p1a: Gardevoir|Gardevoir, L83, F|249/249\n|-ability|p1a: Gardevoir|Intimidate|Trace|[from] ability: Trace|[of] p2a: Wyrdeer\n|-ability|p1a: Gardevoir|Intimidate|boost\n|-unboost|p2a: Wyrdeer|atk|1\n|move|p2a: Wyrdeer|Body Slam|p1a: Gardevoir\n|-damage|p1a: Gardevoir|167/249\n|\n|upkeep\n|turn|4\n|\n|t:|1781396462\n|move|p1a: Gardevoir|Moonblast|p2a: Wyrdeer\n|-damage|p2a: Wyrdeer|198/321\n|move|p2a: Wyrdeer|Body Slam|p1a: Gardevoir\n|-damage|p1a: Gardevoir|77/249\n|-status|p1a: Gardevoir|par\n|\n|-heal|p2a: Wyrdeer|218/321|[from] item: Leftovers\n|upkeep\n|turn|5\n|\n|t:|1781396471\n|move|p2a: Wyrdeer|Body Slam|p1a: Gardevoir\n|-damage|p1a: Gardevoir|0 fnt\n|faint|p1a: Gardevoir\n|\n|-heal|p2a: Wyrdeer|238/321|[from] item: Leftovers\n|upkeep\n|\n|t:|1781396473\n|switch|p1a: Hydreigon|Hydreigon, L79, M|275/275\n|turn|6\n|\n|t:|1781396479\n|switch|p2a: Toxicroak|Toxicroak, L84, F|277/277\n|move|p1a: Hydreigon|Nasty Plot|p1a: Hydreigon\n|-boost|p1a: Hydreigon|spa|2\n|\n|upkeep\n|turn|7\n|\n|t:|1781396487\n|move|p2a: Toxicroak|Close Combat|p1a: Hydreigon\n|-supereffective|p1a: Hydreigon\n|-crit|p1a: Hydreigon\n|-damage|p1a: Hydreigon|0 fnt\n|-unboost|p2a: Toxicroak|def|1\n|-unboost|p2a: Toxicroak|spd|1\n|faint|p1a: Hydreigon\n|\n|upkeep\n|\n|t:|1781396500\n|switch|p1a: Flutter Mane|Flutter Mane, L74|203/203\n|turn|8\n|\n|t:|1781396507\n|switch|p2a: Sunflora|Sunflora, F|312/312\n|move|p1a: Flutter Mane|Calm Mind|p1a: Flutter Mane\n|-boost|p1a: Flutter Mane|spa|1\n|-boost|p1a: Flutter Mane|spd|1\n|\n|upkeep\n|turn|9\n|\n|t:|1781396520\n|move|p1a: Flutter Mane|Moonblast|p2a: Sunflora\n|-damage|p2a: Sunflora|125/312\n|-damage|p1a: Flutter Mane|183/203|[from] item: Life Orb\n|move|p2a: Sunflora|Leaf Storm|p1a: Flutter Mane\n|-damage|p1a: Flutter Mane|5/203\n|-unboost|p2a: Sunflora|spa|2\n|\n|upkeep\n|turn|10\n|\n|t:|1781396529\n|move|p1a: Flutter Mane|Moonblast|p2a: Sunflora\n|-damage|p2a: Sunflora|0 fnt\n|faint|p2a: Sunflora\n|-damage|p1a: Flutter Mane|0 fnt|[from] item: Life Orb\n|faint|p1a: Flutter Mane\n|-end|p1a: Flutter Mane|Protosynthesis|[silent]\n|\n|upkeep\n|\n|t:|1781396536\n|switch|p1a: Toxapex|Toxapex, L82, M|216/216\n|switch|p2a: Pecharunt|Pecharunt, L77|262/262\n|turn|11\n|\n|t:|1781396540\n|move|p2a: Pecharunt|Shadow Ball|p1a: Toxapex\n|-crit|p1a: Toxapex\n|-damage|p1a: Toxapex|144/216\n|move|p1a: Toxapex|Liquidation|p2a: Pecharunt\n|-damage|p2a: Pecharunt|216/262\n|-damage|p1a: Toxapex|108/216|[from] item: Rocky Helmet|[of] p2a: Pecharunt\n|\n|upkeep\n|turn|12\n|\n|t:|1781396545\n|move|p2a: Pecharunt|Shadow Ball|p1a: Toxapex\n|-damage|p1a: Toxapex|63/216\n|move|p1a: Toxapex|Recover|p1a: Toxapex\n|-heal|p1a: Toxapex|171/216\n|\n|upkeep\n|turn|13\n|\n|t:|1781396549\n|move|p2a: Pecharunt|Shadow Ball|p1a: Toxapex\n|-damage|p1a: Toxapex|122/216\n|move|p1a: Toxapex|Liquidation|p2a: Pecharunt\n|-damage|p2a: Pecharunt|174/262\n|-damage|p1a: Toxapex|86/216|[from] item: Rocky Helmet|[of] p2a: Pecharunt\n|\n|upkeep\n|turn|14\n|\n|t:|1781396553\n|move|p2a: Pecharunt|Shadow Ball|p1a: Toxapex\n|-damage|p1a: Toxapex|43/216\n|-unboost|p1a: Toxapex|spd|1\n|move|p1a: Toxapex|Recover|p1a: Toxapex\n|-heal|p1a: Toxapex|151/216\n|\n|upkeep\n|turn|15\n|\n|t:|1781396557\n|switch|p1a: Politoed|Politoed, L88, M|302/302\n|-weather|RainDance|[from] ability: Drizzle|[of] p1a: Politoed\n|move|p2a: Pecharunt|Shadow Ball|p1a: Politoed\n|-crit|p1a: Politoed\n|-damage|p1a: Politoed|211/302\n|\n|-weather|RainDance|[upkeep]\n|upkeep\n|turn|16\n|\n|t:|1781396577\n|switch|p1a: Toxapex|Toxapex, L82, M|216/216\n|move|p2a: Pecharunt|Parting Shot|p1a: Toxapex\n|-unboost|p1a: Toxapex|atk|1\n|-unboost|p1a: Toxapex|spa|1\n|\n|t:|1781396593\n|switch|p2a: Wyrdeer|Wyrdeer, L87, M|238/321|[from] Parting Shot\n|-ability|p2a: Wyrdeer|Intimidate|boost\n|-unboost|p1a: Toxapex|atk|1\n|\n|-weather|RainDance|[upkeep]\n|-heal|p2a: Wyrdeer|258/321|[from] item: Leftovers\n|upkeep\n|turn|17\n|\n|t:|1781396602\n|move|p2a: Wyrdeer|Psychic Noise|p1a: Toxapex\n|-supereffective|p1a: Toxapex\n|-damage|p1a: Toxapex|100/216\n|-start|p1a: Toxapex|move: Heal Block\n|move|p1a: Toxapex|Toxic|p2a: Wyrdeer\n|-status|p2a: Wyrdeer|tox\n|\n|-weather|RainDance|[upkeep]\n|-heal|p2a: Wyrdeer|278/321 tox|[from] item: Leftovers\n|-damage|p2a: Wyrdeer|258/321 tox|[from] psn\n|upkeep\n|turn|18\n|\n|t:|1781396608\n|switch|p1a: Reshiram|Reshiram, L76|216/277\n|-ability|p1a: Reshiram|Turboblaze\n|move|p2a: Wyrdeer|Thunder Wave|p1a: Reshiram\n|-status|p1a: Reshiram|par\n|\n|-weather|RainDance|[upkeep]\n|-heal|p2a: Wyrdeer|278/321 tox|[from] item: Leftovers\n|-damage|p2a: Wyrdeer|238/321 tox|[from] psn\n|upkeep\n|turn|19\n|\n|t:|1781396614\n|move|p2a: Wyrdeer|Earthquake|p1a: Reshiram\n|-supereffective|p1a: Reshiram\n|-damage|p1a: Reshiram|56/277 par\n|move|p1a: Reshiram|Dragon Dance|p1a: Reshiram\n|-boost|p1a: Reshiram|atk|1\n|-boost|p1a: Reshiram|spe|1\n|\n|-weather|none\n|-heal|p2a: Wyrdeer|258/321 tox|[from] item: Leftovers\n|-damage|p2a: Wyrdeer|198/321 tox|[from] psn\n|upkeep\n|turn|20\n|\n|t:|1781396618\n|move|p2a: Wyrdeer|Earthquake|p1a: Reshiram\n|-supereffective|p1a: Reshiram\n|-crit|p1a: Reshiram\n|-damage|p1a: Reshiram|0 fnt\n|faint|p1a: Reshiram\n|\n|-heal|p2a: Wyrdeer|218/321 tox|[from] item: Leftovers\n|-damage|p2a: Wyrdeer|138/321 tox|[from] psn\n|upkeep\n|\n|t:|1781396622\n|switch|p1a: Politoed|Politoed, L88, M|211/302\n|-weather|RainDance|[from] ability: Drizzle|[of] p1a: Politoed\n|turn|21\n|\n|t:|1781396626\n|switch|p2a: Toxicroak|Toxicroak, L84, F|277/277\n|move|p1a: Politoed|Ice Beam|p2a: Toxicroak\n|-damage|p2a: Toxicroak|148/277\n|\n|-weather|RainDance|[upkeep]\n|-heal|p2a: Toxicroak|182/277|[from] ability: Dry Skin\n|upkeep\n|turn|22\n|\n|t:|1781396632\n|move|p2a: Toxicroak|Knock Off|p1a: Politoed\n|-damage|p1a: Politoed|137/302\n|-enditem|p1a: Politoed|Choice Specs|[from] move: Knock Off|[of] p2a: Toxicroak\n|move|p1a: Politoed|Ice Beam|p2a: Toxicroak\n|-damage|p2a: Toxicroak|94/277\n|\n|-weather|RainDance|[upkeep]\n|-heal|p2a: Toxicroak|128/277|[from] ability: Dry Skin\n|upkeep\n|turn|23\n|\n|t:|1781396636\n|switch|p2a: Pecharunt|Pecharunt, L77|174/262\n|switch|p1a: Toxapex|Toxapex, L82, M|172/216\n|\n|-weather|RainDance|[upkeep]\n|upkeep\n|turn|24\n|\n|t:|1781396643\n|move|p2a: Pecharunt|Shadow Ball|p1a: Toxapex\n|-damage|p1a: Toxapex|123/216\n|move|p1a: Toxapex|Liquidation|p2a: Pecharunt\n|-damage|p2a: Pecharunt|108/262\n|-damage|p1a: Toxapex|87/216|[from] item: Rocky Helmet|[of] p2a: Pecharunt\n|\n|-weather|RainDance|[upkeep]\n|upkeep\n|turn|25\n|\n|t:|1781396648\n|move|p2a: Pecharunt|Recover|p2a: Pecharunt\n|-heal|p2a: Pecharunt|239/262\n|move|p1a: Toxapex|Recover|p1a: Toxapex\n|-heal|p1a: Toxapex|195/216\n|\n|-weather|none\n|upkeep\n|turn|26\n|\n|t:|1781396651\n|move|p2a: Pecharunt|Shadow Ball|p1a: Toxapex\n|-damage|p1a: Toxapex|152/216\n|move|p1a: Toxapex|Liquidation|p2a: Pecharunt\n|-damage|p2a: Pecharunt|200/262\n|-damage|p1a: Toxapex|116/216|[from] item: Rocky Helmet|[of] p2a: Pecharunt\n|\n|upkeep\n|turn|27\n|\n|t:|1781396653\n|move|p2a: Pecharunt|Shadow Ball|p1a: Toxapex\n|-damage|p1a: Toxapex|73/216\n|move|p1a: Toxapex|Recover|p1a: Toxapex\n|-heal|p1a: Toxapex|181/216\n|\n|upkeep\n|turn|28\n|\n|t:|1781396657\n|move|p2a: Pecharunt|Shadow Ball|p1a: Toxapex\n|-damage|p1a: Toxapex|132/216\n|move|p1a: Toxapex|Liquidation|p2a: Pecharunt\n|-damage|p2a: Pecharunt|158/262\n|-damage|p1a: Toxapex|96/216|[from] item: Rocky Helmet|[of] p2a: Pecharunt\n|\n|upkeep\n|turn|29\n|\n|t:|1781396663\n|move|p2a: Pecharunt|Shadow Ball|p1a: Toxapex\n|-damage|p1a: Toxapex|48/216\n|move|p1a: Toxapex|Recover|p1a: Toxapex\n|-heal|p1a: Toxapex|156/216\n|\n|upkeep\n|turn|30\n|\n|t:|1781396667\n|move|p2a: Pecharunt|Shadow Ball|p1a: Toxapex\n|-damage|p1a: Toxapex|111/216\n|move|p1a: Toxapex|Recover|p1a: Toxapex\n|-heal|p1a: Toxapex|216/216\n|\n|upkeep\n|turn|31\n|\n|t:|1781396677\n|move|p2a: Pecharunt|Shadow Ball|p1a: Toxapex\n|-damage|p1a: Toxapex|171/216\n|move|p1a: Toxapex|Liquidation|p2a: Pecharunt\n|-damage|p2a: Pecharunt|116/262\n|-unboost|p2a: Pecharunt|def|1\n|-damage|p1a: Toxapex|135/216|[from] item: Rocky Helmet|[of] p2a: Pecharunt\n|\n|upkeep\n|turn|32\n|-message|Ara Ara Armin forfeited.\n|\n|win|SoCapable\n|raw|Ara Ara Armin's rating: 1997 &rarr; <strong>1986</strong><br />(-11 for losing)\n|raw|SoCapable's rating: 2159 &rarr; <strong>2170</strong><br />(+11 for winning)\n", "uploadtime": 1781396394, "views": 7, "formatid": "gen9randombattle", "rating": 1986, "private": 0, "password": null}