{"id": "gen9randombattle-2631770586", "format": "[Gen 9] Random Battle", "players": ["tsthijs", "t8ny"], "log": "|j|\u2606tsthijs\n|j|\u2606t8ny\n|t:|1781436995\n|gametype|singles\n|player|p1|tsthijs|169|1519\n|player|p2|t8ny|101|1516\n|gen|9\n|tier|[Gen 9] Random Battle\n|rated|\n|rule|Species Clause: Limit one of each Pok\u00e9mon\n|rule|HP Percentage Mod: HP is shown in percentages\n|rule|Sleep Clause Mod: Limit one foe put to sleep\n|rule|Illusion Level Mod: Illusion disguises the Pok\u00e9mon's true level\n|\n|t:|1781436995\n|teamsize|p1|6\n|teamsize|p2|6\n|start\n|switch|p1a: Arceus|Arceus-Bug, L73|295/295\n|switch|p2a: Haxorus|Haxorus, L77, M|244/244\n|-ability|p2a: Haxorus|Mold Breaker\n|turn|1\n|inactive|Battle timer is ON: inactive players will automatically lose when time's up. (requested by t8ny)\n|\n|t:|1781437027\n|switch|p2a: Illumise|Illumise, L91, F|266/266\n|move|p1a: Arceus|Calm Mind|p1a: Arceus\n|-boost|p1a: Arceus|spa|1\n|-boost|p1a: Arceus|spd|1\n|\n|upkeep\n|turn|2\n|\n|t:|1781437035\n|switch|p1a: Muk|Muk-Alola, L82, F|306/306\n|move|p2a: Illumise|Encore|p1a: Muk\n|-hint|Since gen 7, Dark is immune to Prankster moves.\n|-immune|p1a: Muk\n|\n|upkeep\n|turn|3\n|\n|t:|1781437058\n|switch|p2a: Alomomola|Alomomola, L87, F|429/429\n|move|p1a: Muk|Poison Jab|p2a: Alomomola\n|-damage|p2a: Alomomola|338/429\n|\n|upkeep\n|turn|4\n|\n|t:|1781437067\n|move|p2a: Alomomola|Scald|p1a: Muk\n|-damage|p1a: Muk|276/306\n|move|p1a: Muk|Knock Off|p2a: Alomomola\n|-damage|p2a: Alomomola|223/429\n|-status|p2a: Alomomola|psn|[from] ability: Poison Touch|[of] p1a: Muk\n|-enditem|p2a: Alomomola|Heavy-Duty Boots|[from] move: Knock Off|[of] p1a: Muk\n|\n|-damage|p2a: Alomomola|170/429 psn|[from] psn\n|upkeep\n|turn|5\n|\n|t:|1781437085\n|move|p2a: Alomomola|Wish|p2a: Alomomola\n|move|p1a: Muk|Drain Punch|p2a: Alomomola\n|-damage|p2a: Alomomola|114/429 psn\n|-heal|p1a: Muk|304/306|[from] drain|[of] p2a: Alomomola\n|\n|-damage|p2a: Alomomola|61/429 psn|[from] psn\n|upkeep\n|turn|6\n|\n|t:|1781437106\n|move|p2a: Alomomola|Protect|p2a: Alomomola\n|-singleturn|p2a: Alomomola|Protect\n|move|p1a: Muk|Drain Punch|p2a: Alomomola\n|-activate|p2a: Alomomola|move: Protect\n|\n|-heal|p2a: Alomomola|275/429 psn|[from] move: Wish|[wisher] Alomomola\n|-damage|p2a: Alomomola|222/429 psn|[from] psn\n|upkeep\n|turn|7\n|\n|t:|1781437111\n|move|p2a: Alomomola|Wish|p2a: Alomomola\n|move|p1a: Muk|Drain Punch|p2a: Alomomola\n|-damage|p2a: Alomomola|165/429 psn\n|-heal|p1a: Muk|306/306|[from] drain|[of] p2a: Alomomola\n|\n|-damage|p2a: Alomomola|112/429 psn|[from] psn\n|upkeep\n|turn|8\n|\n|t:|1781437124\n|move|p2a: Alomomola|Protect|p2a: Alomomola\n|-singleturn|p2a: Alomomola|Protect\n|move|p1a: Muk|Poison Jab|p2a: Alomomola\n|-activate|p2a: Alomomola|move: Protect\n|\n|-heal|p2a: Alomomola|326/429 psn|[from] move: Wish|[wisher] Alomomola\n|-damage|p2a: Alomomola|273/429 psn|[from] psn\n|upkeep\n|turn|9\n|\n|t:|1781437133\n|move|p2a: Alomomola|Flip Turn|p1a: Muk\n|-damage|p1a: Muk|242/306\n|\n|t:|1781437140\n|switch|p2a: Glimmora|Glimmora, L75, M|248/248|[from] Flip Turn\n|move|p1a: Muk|Poison Jab|p2a: Glimmora\n|-resisted|p2a: Glimmora\n|-damage|p2a: Glimmora|226/248\n|-activate|p2a: Glimmora|ability: Toxic Debris\n|-sidestart|p1: tsthijs|move: Toxic Spikes\n|\n|upkeep\n|turn|10\n|\n|t:|1781437147\n|switch|p2a: Alomomola|Alomomola, L87, F|416/429 psn\n|move|p1a: Muk|Knock Off|p2a: Alomomola\n|-damage|p2a: Alomomola|346/429 psn\n|\n|-damage|p2a: Alomomola|293/429 psn|[from] psn\n|upkeep\n|turn|11\n|\n|t:|1781437155\n|switch|p1a: Mandibuzz|Mandibuzz, L85, F|326/326\n|move|p2a: Alomomola|Scald|p1a: Mandibuzz\n|-damage|p1a: Mandibuzz|283/326\n|\n|-damage|p2a: Alomomola|240/429 psn|[from] psn\n|upkeep\n|turn|12\n|\n|t:|1781437173\n|switch|p1a: Muk|Muk-Alola, L82, F|242/306\n|-sideend|p1: tsthijs|move: Toxic Spikes|[of] p1a: Muk\n|move|p2a: Alomomola|Scald|p1a: Muk\n|-damage|p1a: Muk|212/306\n|-status|p1a: Muk|brn\n|\n|-damage|p2a: Alomomola|187/429 psn|[from] psn\n|-damage|p1a: Muk|193/306 brn|[from] brn\n|upkeep\n|turn|13\n|\n|t:|1781437187\n|switch|p1a: Arceus|Arceus-Bug, L73|295/295\n|move|p2a: Alomomola|Wish|p2a: Alomomola\n|\n|-damage|p2a: Alomomola|134/429 psn|[from] psn\n|upkeep\n|turn|14\n|\n|t:|1781437197\n|switch|p2a: Illumise|Illumise, L91, F|266/266\n|move|p1a: Arceus|Judgment|p2a: Illumise\n|-damage|p2a: Illumise|152/266\n|\n|-heal|p2a: Illumise|266/266|[from] move: Wish|[wisher] Alomomola\n|upkeep\n|turn|15\n|\n|t:|1781437212\n|switch|p2a: Alomomola|Alomomola, L87, F|277/429 psn\n|move|p1a: Arceus|Fire Blast|p2a: Alomomola|[miss]\n|-miss|p1a: Arceus|p2a: Alomomola\n|\n|-damage|p2a: Alomomola|224/429 psn|[from] psn\n|upkeep\n|turn|16\n|\n|t:|1781437218\n|move|p1a: Arceus|Judgment|p2a: Alomomola\n|-damage|p2a: Alomomola|41/429 psn\n|move|p2a: Alomomola|Flip Turn|p1a: Arceus\n|-damage|p1a: Arceus|241/295\n|\n|t:|1781437240\n|switch|p2a: Iron Jugulis|Iron Jugulis, L77|271/271|[from] Flip Turn\n|\n|upkeep\n|turn|17\n|\n|t:|1781437247\n|move|p1a: Arceus|Judgment|p2a: Iron Jugulis\n|-damage|p2a: Iron Jugulis|135/271\n|move|p2a: Iron Jugulis|Hurricane|p1a: Arceus\n|-supereffective|p1a: Arceus\n|-damage|p1a: Arceus|0 fnt\n|faint|p1a: Arceus\n|\n|upkeep\n|\n|t:|1781437260\n|switch|p1a: Swampert|Swampert, L83, M|302/302\n|turn|18\n|\n|t:|1781437263\n|-end|p2a: Iron Jugulis|Quark Drive|[silent]\n|switch|p2a: Alomomola|Alomomola, L87, F|184/429 psn\n|move|p1a: Swampert|Stealth Rock|p2a: Alomomola\n|-sidestart|p2: t8ny|move: Stealth Rock\n|\n|-damage|p2a: Alomomola|131/429 psn|[from] psn\n|upkeep\n|turn|19\n|\n|t:|1781437269\n|move|p2a: Alomomola|Flip Turn|p1a: Swampert\n|-damage|p1a: Swampert|244/302\n|\n|t:|1781437280\n|switch|p2a: Illumise|Illumise, L91, F|266/266|[from] Flip Turn\n|move|p1a: Swampert|Earthquake|p2a: Illumise\n|-resisted|p2a: Illumise\n|-damage|p2a: Illumise|206/266\n|\n|-heal|p1a: Swampert|262/302|[from] item: Leftovers\n|upkeep\n|turn|20\n|\n|t:|1781437286\n|switch|p1a: Muk|Muk-Alola, L82, F|193/306 brn\n|move|p2a: Illumise|Bug Buzz|p1a: Muk\n|-damage|p1a: Muk|132/306 brn\n|-unboost|p1a: Muk|spd|1\n|\n|-damage|p1a: Muk|113/306 brn|[from] brn\n|upkeep\n|turn|21\n|\n|t:|1781437295\n|switch|p2a: Alomomola|Alomomola, L87, F|274/429 psn\n|-damage|p2a: Alomomola|221/429 psn|[from] Stealth Rock\n|move|p1a: Muk|Knock Off|p2a: Alomomola\n|-damage|p2a: Alomomola|186/429 psn\n|\n|-damage|p2a: Alomomola|133/429 psn|[from] psn\n|-damage|p1a: Muk|94/306 brn|[from] brn\n|upkeep\n|turn|22\n|\n|t:|1781437301\n|move|p2a: Alomomola|Wish|p2a: Alomomola\n|move|p1a: Muk|Drain Punch|p2a: Alomomola\n|-damage|p2a: Alomomola|104/429 psn\n|-heal|p1a: Muk|109/306 brn|[from] drain|[of] p2a: Alomomola\n|\n|-damage|p2a: Alomomola|51/429 psn|[from] psn\n|-damage|p1a: Muk|90/306 brn|[from] brn\n|upkeep\n|turn|23\n|\n|t:|1781437310\n|switch|p1a: Ogerpon|Ogerpon, L80, F|259/259\n|move|p2a: Alomomola|Protect||[still]\n|-fail|p2a: Alomomola\n|\n|-heal|p2a: Alomomola|265/429 psn|[from] move: Wish|[wisher] Alomomola\n|-damage|p2a: Alomomola|212/429 psn|[from] psn\n|upkeep\n|turn|24\n|\n|t:|1781437316\n|move|p1a: Ogerpon|Spikes|p2a: Alomomola\n|-sidestart|p2: t8ny|Spikes\n|move|p2a: Alomomola|Flip Turn|p1a: Ogerpon\n|-resisted|p1a: Ogerpon\n|-damage|p1a: Ogerpon|229/259\n|\n|t:|1781437330\n|switch|p2a: Illumise|Illumise, L91, F|206/266|[from] Flip Turn\n|\n|-heal|p1a: Ogerpon|245/259|[from] item: Leftovers\n|upkeep\n|turn|25\n|\n|t:|1781437336\n|move|p2a: Illumise|Encore|p1a: Ogerpon\n|-start|p1a: Ogerpon|Encore\n|move|p1a: Ogerpon|Spikes|p2a: Illumise\n|-sidestart|p2: t8ny|Spikes\n|\n|-heal|p1a: Ogerpon|259/259|[from] item: Leftovers\n|upkeep\n|turn|26\n|\n|t:|1781437340\n|move|p2a: Illumise|Thunder Wave|p1a: Ogerpon\n|-status|p1a: Ogerpon|par\n|move|p1a: Ogerpon|Spikes|p2a: Illumise\n|-sidestart|p2: t8ny|Spikes\n|\n|upkeep\n|turn|27\n|\n|t:|1781437345\n|switch|p1a: Muk|Muk-Alola, L82, F|90/306 brn\n|move|p2a: Illumise|Bug Buzz|p1a: Muk\n|-damage|p1a: Muk|29/306 brn\n|\n|-damage|p1a: Muk|10/306 brn|[from] brn\n|upkeep\n|turn|28\n|\n|t:|1781437353\n|move|p2a: Illumise|Bug Buzz|p1a: Muk\n|-damage|p1a: Muk|0 fnt\n|faint|p1a: Muk\n|\n|upkeep\n|\n|t:|1781437357\n|switch|p1a: Mandibuzz|Mandibuzz, L85, F|283/326\n|turn|29\n|\n|t:|1781437373\n|move|p2a: Illumise|Bug Buzz|p1a: Mandibuzz\n|-damage|p1a: Mandibuzz|204/326\n|move|p1a: Mandibuzz|Toxic|p2a: Illumise\n|-status|p2a: Illumise|tox\n|\n|-damage|p2a: Illumise|190/266 tox|[from] psn\n|upkeep\n|turn|30\n|\n|t:|1781437380\n|move|p2a: Illumise|Bug Buzz|p1a: Mandibuzz\n|-damage|p1a: Mandibuzz|126/326\n|move|p1a: Mandibuzz|Roost|p1a: Mandibuzz\n|-heal|p1a: Mandibuzz|289/326\n|-singleturn|p1a: Mandibuzz|move: Roost\n|\n|-damage|p2a: Illumise|158/266 tox|[from] psn\n|upkeep\n|turn|31\n|\n|t:|1781437392\n|switch|p1a: Swampert|Swampert, L83, M|262/302\n|move|p2a: Illumise|Roost|p2a: Illumise\n|-heal|p2a: Illumise|266/266 tox\n|-singleturn|p2a: Illumise|move: Roost\n|\n|-heal|p1a: Swampert|280/302|[from] item: Leftovers\n|-damage|p2a: Illumise|218/266 tox|[from] psn\n|upkeep\n|turn|32\n|\n|t:|1781437414\n|switch|p2a: Alomomola|Alomomola, L87, F|355/429 psn\n|-damage|p2a: Alomomola|302/429 psn|[from] Stealth Rock\n|-damage|p2a: Alomomola|195/429 psn|[from] Spikes\n|move|p1a: Swampert|Earthquake|p2a: Alomomola\n|-damage|p2a: Alomomola|80/429 psn\n|\n|-heal|p1a: Swampert|298/302|[from] item: Leftovers\n|-damage|p2a: Alomomola|27/429 psn|[from] psn\n|upkeep\n|turn|33\n|\n|t:|1781437422\n|move|p2a: Alomomola|Wish|p2a: Alomomola\n|move|p1a: Swampert|Earthquake|p2a: Alomomola\n|-damage|p2a: Alomomola|0 fnt\n|faint|p2a: Alomomola\n|\n|-heal|p1a: Swampert|302/302|[from] item: Leftovers\n|upkeep\n|\n|t:|1781437446\n|switch|p2a: Haxorus|Haxorus, L77, M|244/244\n|-damage|p2a: Haxorus|214/244|[from] Stealth Rock\n|-damage|p2a: Haxorus|153/244|[from] Spikes\n|-ability|p2a: Haxorus|Mold Breaker\n|turn|34\n|\n|t:|1781437449\n|move|p2a: Haxorus|Dragon Dance|p2a: Haxorus\n|-boost|p2a: Haxorus|atk|1\n|-boost|p2a: Haxorus|spe|1\n|move|p1a: Swampert|Ice Beam|p2a: Haxorus\n|-supereffective|p2a: Haxorus\n|-crit|p2a: Haxorus\n|-damage|p2a: Haxorus|0 fnt\n|faint|p2a: Haxorus\n|\n|upkeep\n|\n|t:|1781437464\n|switch|p2a: Chimecho|Chimecho, L93, M|290/290\n|-damage|p2a: Chimecho|254/290|[from] Stealth Rock\n|turn|35\n|\n|t:|1781437469\n|move|p2a: Chimecho|Psychic Noise|p1a: Swampert\n|-damage|p1a: Swampert|208/302\n|-start|p1a: Swampert|move: Heal Block\n|move|p1a: Swampert|Flip Turn|p2a: Chimecho\n|-damage|p2a: Chimecho|193/290\n|\n|t:|1781437473\n|switch|p1a: Mandibuzz|Mandibuzz, L85, F|289/326|[from] Flip Turn\n|\n|-heal|p2a: Chimecho|211/290|[from] item: Leftovers\n|upkeep\n|turn|36\n|\n|t:|1781437478\n|move|p1a: Mandibuzz|Toxic|p2a: Chimecho\n|-status|p2a: Chimecho|tox\n|move|p2a: Chimecho|Heal Bell|p2a: Chimecho\n|-activate|p2a: Chimecho|move: Heal Bell\n|-curestatus|p2a: Chimecho|tox|[msg]\n|-curestatus|p2: Illumise|tox|[msg]\n|\n|-heal|p2a: Chimecho|229/290|[from] item: Leftovers\n|upkeep\n|turn|37\n|\n|t:|1781437490\n|switch|p2a: Glimmora|Glimmora, L75, M|226/248\n|move|p1a: Mandibuzz|Foul Play|p2a: Glimmora\n|-damage|p2a: Glimmora|159/248\n|-activate|p2a: Glimmora|ability: Toxic Debris\n|-sidestart|p1: tsthijs|move: Toxic Spikes\n|\n|upkeep\n|turn|38\n|\n|t:|1781437501\n|switch|p1a: Ogerpon|Ogerpon, L80, F|259/259 par\n|move|p2a: Glimmora|Mortal Spin|p1a: Ogerpon\n|-supereffective|p1a: Ogerpon\n|-damage|p1a: Ogerpon|221/259 par\n|-sideend|p2: t8ny|Spikes|[from] move: Mortal Spin|[of] p2a: Glimmora\n|-sideend|p2: t8ny|Stealth Rock|[from] move: Mortal Spin|[of] p2a: Glimmora\n|\n|-heal|p1a: Ogerpon|237/259 par|[from] item: Leftovers\n|upkeep\n|turn|39\n|\n|t:|1781437514\n|move|p2a: Glimmora|Spikes|p1a: Ogerpon\n|-sidestart|p1: tsthijs|Spikes\n|move|p1a: Ogerpon|Superpower|p2a: Glimmora\n|-damage|p2a: Glimmora|51/248\n|-unboost|p1a: Ogerpon|atk|1\n|-unboost|p1a: Ogerpon|def|1\n|-activate|p2a: Glimmora|ability: Toxic Debris\n|-sidestart|p1: tsthijs|move: Toxic Spikes\n|\n|-heal|p1a: Ogerpon|253/259 par|[from] item: Leftovers\n|upkeep\n|turn|40\n|\n|t:|1781437525\n|move|p2a: Glimmora|Sludge Wave|p1a: Ogerpon\n|-supereffective|p1a: Ogerpon\n|-damage|p1a: Ogerpon|59/259 par\n|move|p1a: Ogerpon|Superpower|p2a: Glimmora\n|-damage|p2a: Glimmora|0 fnt\n|-unboost|p1a: Ogerpon|atk|1\n|-unboost|p1a: Ogerpon|def|1\n|faint|p2a: Glimmora\n|\n|-heal|p1a: Ogerpon|75/259 par|[from] item: Leftovers\n|upkeep\n|\n|t:|1781437533\n|switch|p2a: Illumise|Illumise, L91, F|218/266\n|turn|41\n|\n|t:|1781437541\n|move|p2a: Illumise|Bug Buzz|p1a: Ogerpon\n|-supereffective|p1a: Ogerpon\n|-damage|p1a: Ogerpon|0 fnt\n|faint|p1a: Ogerpon\n|\n|upkeep\n|\n|t:|1781437549\n|switch|p1a: Mandibuzz|Mandibuzz, L85, F|289/326\n|turn|42\n|\n|t:|1781437553\n|switch|p2a: Iron Jugulis|Iron Jugulis, L77|135/271\n|move|p1a: Mandibuzz|Defog|p2a: Iron Jugulis\n|-unboost|p2a: Iron Jugulis|evasion|1\n|-sideend|p1: tsthijs|Spikes|[from] move: Defog|[of] p1a: Mandibuzz\n|-sideend|p1: tsthijs|Toxic Spikes|[from] move: Defog|[of] p1a: Mandibuzz\n|\n|upkeep\n|turn|43\n|\n|t:|1781437559\n|move|p2a: Iron Jugulis|Hurricane|p1a: Mandibuzz|[miss]\n|-miss|p2a: Iron Jugulis|p1a: Mandibuzz\n|move|p1a: Mandibuzz|Toxic|p2a: Iron Jugulis\n|-status|p2a: Iron Jugulis|tox\n|\n|-damage|p2a: Iron Jugulis|119/271 tox|[from] psn\n|upkeep\n|turn|44\n|\n|t:|1781437565\n|move|p2a: Iron Jugulis|Hurricane|p1a: Mandibuzz\n|-damage|p1a: Mandibuzz|139/326\n|move|p1a: Mandibuzz|Foul Play|p2a: Iron Jugulis\n|-resisted|p2a: Iron Jugulis\n|-damage|p2a: Iron Jugulis|74/271 tox\n|\n|-damage|p2a: Iron Jugulis|42/271 tox|[from] psn\n|upkeep\n|turn|45\n|\n|t:|1781437568\n|move|p2a: Iron Jugulis|Hurricane|p1a: Mandibuzz\n|-damage|p1a: Mandibuzz|0 fnt\n|faint|p1a: Mandibuzz\n|\n|-damage|p2a: Iron Jugulis|0 fnt|[from] psn\n|faint|p2a: Iron Jugulis\n|-end|p2a: Iron Jugulis|Quark Drive|[silent]\n|upkeep\n|\n|t:|1781437575\n|switch|p2a: Chimecho|Chimecho, L93, M|229/290\n|switch|p1a: Calyrex|Calyrex, L93|337/337\n|-ability|p1a: Calyrex|Unnerve\n|turn|46\n|\n|t:|1781437583\n|switch|p2a: Illumise|Illumise, L91, F|218/266\n|move|p1a: Calyrex|Leech Seed|p2a: Illumise\n|-start|p2a: Illumise|move: Leech Seed\n|\n|-damage|p2a: Illumise|185/266|[from] Leech Seed|[of] p1a: Calyrex\n|upkeep\n|turn|47\n|\n|t:|1781437590\n|switch|p1a: Swampert|Swampert, L83, M|208/302\n|move|p2a: Illumise|Bug Buzz|p1a: Swampert\n|-damage|p1a: Swampert|121/302\n|\n|-heal|p1a: Swampert|139/302|[from] item: Leftovers\n|-damage|p2a: Illumise|152/266|[from] Leech Seed|[of] p1a: Swampert\n|-heal|p1a: Swampert|172/302|[silent]\n|upkeep\n|turn|48\n|\n|t:|1781437600\n|move|p2a: Illumise|Roost|p2a: Illumise\n|-heal|p2a: Illumise|266/266\n|-singleturn|p2a: Illumise|move: Roost\n|move|p1a: Swampert|Stealth Rock|p2a: Illumise\n|-sidestart|p2: t8ny|move: Stealth Rock\n|\n|-heal|p1a: Swampert|190/302|[from] item: Leftovers\n|-damage|p2a: Illumise|233/266|[from] Leech Seed|[of] p1a: Swampert\n|-heal|p1a: Swampert|223/302|[silent]\n|upkeep\n|turn|49\n|\n|t:|1781437606\n|switch|p2a: Chimecho|Chimecho, L93, M|229/290\n|-damage|p2a: Chimecho|193/290|[from] Stealth Rock\n|switch|p1a: Calyrex|Calyrex, L93|337/337\n|-ability|p1a: Calyrex|Unnerve\n|\n|-heal|p2a: Chimecho|211/290|[from] item: Leftovers\n|upkeep\n|turn|50\n|\n|t:|1781437613\n|move|p1a: Calyrex|Leech Seed|p2a: Chimecho\n|-start|p2a: Chimecho|move: Leech Seed\n|move|p2a: Chimecho|Knock Off|p1a: Calyrex\n|-supereffective|p1a: Calyrex\n|-damage|p1a: Calyrex|237/337\n|-enditem|p1a: Calyrex|Leftovers|[from] move: Knock Off|[of] p2a: Chimecho\n|\n|-heal|p2a: Chimecho|229/290|[from] item: Leftovers\n|-damage|p2a: Chimecho|193/290|[from] Leech Seed|[of] p1a: Calyrex\n|-heal|p1a: Calyrex|273/337|[silent]\n|upkeep\n|turn|51\n|\n|t:|1781437624\n|move|p1a: Calyrex|Giga Drain|p2a: Chimecho\n|-damage|p2a: Chimecho|112/290\n|-heal|p1a: Calyrex|314/337|[from] drain|[of] p2a: Chimecho\n|move|p2a: Chimecho|Recover|p2a: Chimecho\n|-heal|p2a: Chimecho|257/290\n|\n|-heal|p2a: Chimecho|275/290|[from] item: Leftovers\n|-damage|p2a: Chimecho|239/290|[from] Leech Seed|[of] p1a: Calyrex\n|-heal|p1a: Calyrex|337/337|[silent]\n|upkeep\n|turn|52\n|\n|t:|1781437633\n|switch|p2a: Illumise|Illumise, L91, F|233/266\n|move|p1a: Calyrex|Calm Mind|p1a: Calyrex\n|-boost|p1a: Calyrex|spa|1\n|-boost|p1a: Calyrex|spd|1\n|\n|upkeep\n|turn|53\n|\n|t:|1781437642\n|-terastallize|p1a: Calyrex|Steel\n|move|p2a: Illumise|Bug Buzz|p1a: Calyrex\n|-resisted|p1a: Calyrex\n|-damage|p1a: Calyrex|310/337\n|move|p1a: Calyrex|Giga Drain|p2a: Illumise\n|-resisted|p2a: Illumise\n|-damage|p2a: Illumise|168/266\n|-heal|p1a: Calyrex|337/337|[from] drain|[of] p2a: Illumise\n|\n|upkeep\n|turn|54\n|\n|t:|1781437651\n|move|p2a: Illumise|Thunder Wave|p1a: Calyrex\n|-status|p1a: Calyrex|par\n|move|p1a: Calyrex|Giga Drain|p2a: Illumise\n|-resisted|p2a: Illumise\n|-damage|p2a: Illumise|108/266\n|\n|upkeep\n|turn|55\n|\n|t:|1781437658\n|move|p2a: Illumise|Roost|p2a: Illumise\n|-heal|p2a: Illumise|241/266\n|-singleturn|p2a: Illumise|move: Roost\n|move|p1a: Calyrex|Giga Drain|p2a: Illumise\n|-resisted|p2a: Illumise\n|-damage|p2a: Illumise|178/266\n|\n|upkeep\n|turn|56\n|\n|t:|1781437676\n|switch|p2a: Chimecho|Chimecho, L93, M|239/290\n|-damage|p2a: Chimecho|203/290|[from] Stealth Rock\n|cant|p1a: Calyrex|par\n|\n|-heal|p2a: Chimecho|221/290|[from] item: Leftovers\n|upkeep\n|turn|57\n|\n|t:|1781437684\n|move|p2a: Chimecho|Psychic Noise|p1a: Calyrex\n|-resisted|p1a: Calyrex\n|-damage|p1a: Calyrex|304/337 par\n|-start|p1a: Calyrex|move: Heal Block\n|move|p1a: Calyrex|Leech Seed|p2a: Chimecho\n|-start|p2a: Chimecho|move: Leech Seed\n|\n|-heal|p2a: Chimecho|239/290|[from] item: Leftovers\n|-damage|p2a: Chimecho|203/290|[from] Leech Seed|[of] p1a: Calyrex\n|upkeep\n|turn|58\n|\n|t:|1781437690\n|move|p2a: Chimecho|Knock Off|p1a: Calyrex\n|-damage|p1a: Calyrex|270/337 par\n|move|p1a: Calyrex|Psyshock|p2a: Chimecho\n|-resisted|p2a: Chimecho\n|-damage|p2a: Chimecho|140/290\n|\n|-heal|p2a: Chimecho|158/290|[from] item: Leftovers\n|-damage|p2a: Chimecho|122/290|[from] Leech Seed|[of] p1a: Calyrex\n|-end|p1a: Calyrex|move: Heal Block\n|upkeep\n|turn|59\n|\n|t:|1781437695\n|move|p2a: Chimecho|Recover|p2a: Chimecho\n|-heal|p2a: Chimecho|267/290\n|cant|p1a: Calyrex|par\n|\n|-heal|p2a: Chimecho|285/290|[from] item: Leftovers\n|-damage|p2a: Chimecho|249/290|[from] Leech Seed|[of] p1a: Calyrex\n|-heal|p1a: Calyrex|306/337 par|[silent]\n|upkeep\n|turn|60\n|\n|t:|1781437698\n|move|p2a: Chimecho|Psychic Noise|p1a: Calyrex\n|-resisted|p1a: Calyrex\n|-damage|p1a: Calyrex|273/337 par\n|-start|p1a: Calyrex|move: Heal Block\n|move|p1a: Calyrex|Psyshock|p2a: Chimecho\n|-resisted|p2a: Chimecho\n|-damage|p2a: Chimecho|189/290\n|\n|-heal|p2a: Chimecho|207/290|[from] item: Leftovers\n|-damage|p2a: Chimecho|171/290|[from] Leech Seed|[of] p1a: Calyrex\n|upkeep\n|turn|61\n|\n|t:|1781437713\n|move|p2a: Chimecho|Psychic Noise|p1a: Calyrex\n|-resisted|p1a: Calyrex\n|-damage|p1a: Calyrex|241/337 par\n|move|p1a: Calyrex|Leech Seed||[still]\n|-fail|p1a: Calyrex\n|\n|-heal|p2a: Chimecho|189/290|[from] item: Leftovers\n|-damage|p2a: Chimecho|153/290|[from] Leech Seed|[of] p1a: Calyrex\n|-end|p1a: Calyrex|move: Heal Block\n|upkeep\n|turn|62\n|\n|t:|1781437716\n|move|p2a: Chimecho|Recover|p2a: Chimecho\n|-heal|p2a: Chimecho|290/290\n|move|p1a: Calyrex|Calm Mind|p1a: Calyrex\n|-boost|p1a: Calyrex|spa|1\n|-boost|p1a: Calyrex|spd|1\n|\n|-damage|p2a: Chimecho|254/290|[from] Leech Seed|[of] p1a: Calyrex\n|-heal|p1a: Calyrex|277/337 par|[silent]\n|upkeep\n|turn|63\n|\n|t:|1781437721\n|switch|p2a: Illumise|Illumise, L91, F|178/266\n|move|p1a: Calyrex|Psyshock|p2a: Illumise\n|-damage|p2a: Illumise|0 fnt\n|faint|p2a: Illumise\n|\n|upkeep\n|-message|t8ny forfeited.\n|\n|win|tsthijs\n|raw|tsthijs's rating: 1519 &rarr; <strong>1539</strong><br />(+20 for winning)\n|raw|t8ny's rating: 1516 &rarr; <strong>1496</strong><br />(-20 for losing)\n|l|\u2606t8ny\n|player|p2|\n|c|\u2606tsthijs|Gg man\n", "uploadtime": 1781437739, "views": 15, "formatid": "gen9randombattle", "rating": 1496, "private": 0, "password": null}