{"id": "gen9randombattle-2631541808", "format": "[Gen 9] Random Battle", "players": ["lalo's pollos", "bilabong"], "log": "|j|\u2606lalo's pollos\n|j|\u2606bilabong\n|t:|1781398832\n|gametype|singles\n|player|p1|lalo's pollos|266|1960\n|player|p2|bilabong|265|2032\n|gen|9\n|tier|[Gen 9] Random Battle\n|rated|\n|rule|Species Clause: Limit one of each Pok\u00e9mon\n|rule|HP Percentage Mod: HP is shown in percentages\n|rule|Sleep Clause Mod: Limit one foe put to sleep\n|rule|Illusion Level Mod: Illusion disguises the Pok\u00e9mon's true level\n|\n|t:|1781398832\n|teamsize|p1|6\n|teamsize|p2|6\n|start\n|switch|p1a: Ambipom|Ambipom, L84, M|263/263\n|switch|p2a: Glastrier|Glastrier, L86|312/312\n|turn|1\n|\n|t:|1781398920\n|move|p1a: Ambipom|Fake Out|p2a: Glastrier\n|-damage|p2a: Glastrier|258/312\n|cant|p2a: Glastrier|flinch\n|\n|upkeep\n|turn|2\n|\n|t:|1781398926\n|switch|p1a: Zamazenta|Zamazenta-Crowned, L68|238/238\n|-ability|p1a: Zamazenta|Dauntless Shield|boost\n|-boost|p1a: Zamazenta|def|1\n|move|p2a: Glastrier|Icicle Crash|p1a: Zamazenta\n|-resisted|p1a: Zamazenta\n|-damage|p1a: Zamazenta|202/238\n|\n|upkeep\n|turn|3\n|\n|t:|1781398932\n|switch|p2a: Vikavolt|Vikavolt, L83, F|263/263\n|move|p1a: Zamazenta|Iron Defense|p1a: Zamazenta\n|-boost|p1a: Zamazenta|def|2\n|\n|upkeep\n|turn|4\n|\n|t:|1781398943\n|move|p1a: Zamazenta|Stone Edge|p2a: Vikavolt\n|-supereffective|p2a: Vikavolt\n|-damage|p2a: Vikavolt|145/263\n|move|p2a: Vikavolt|Sticky Web|p1a: Zamazenta\n|-sidestart|p1: lalo's pollos|move: Sticky Web\n|\n|upkeep\n|turn|5\n|\n|t:|1781398947\n|move|p1a: Zamazenta|Stone Edge|p2a: Vikavolt\n|-supereffective|p2a: Vikavolt\n|-damage|p2a: Vikavolt|39/263\n|move|p2a: Vikavolt|Thunderbolt|p1a: Zamazenta\n|-damage|p1a: Zamazenta|87/238\n|\n|upkeep\n|turn|6\n|\n|t:|1781398950\n|move|p1a: Zamazenta|Heavy Slam|p2a: Vikavolt\n|-resisted|p2a: Vikavolt\n|-damage|p2a: Vikavolt|0 fnt\n|faint|p2a: Vikavolt\n|\n|upkeep\n|\n|t:|1781398958\n|switch|p2a: Froslass|Froslass, L87, F|263/263\n|turn|7\n|inactive|Battle timer is ON: inactive players will automatically lose when time's up. (requested by bilabong)\n|\n|t:|1781398996\n|move|p2a: Froslass|Will-O-Wisp|p1a: Zamazenta\n|-status|p1a: Zamazenta|brn\n|move|p1a: Zamazenta|Heavy Slam|p2a: Froslass\n|-supereffective|p2a: Froslass\n|-damage|p2a: Froslass|154/263\n|-start|p1a: Zamazenta|Disable|Heavy Slam|[from] ability: Cursed Body|[of] p2a: Froslass\n|\n|-damage|p1a: Zamazenta|73/238 brn|[from] brn\n|upkeep\n|turn|8\n|\n|t:|1781399001\n|move|p2a: Froslass|Spikes|p1a: Zamazenta\n|-sidestart|p1: lalo's pollos|Spikes\n|move|p1a: Zamazenta|Stone Edge|p2a: Froslass|[miss]\n|-miss|p1a: Zamazenta|p2a: Froslass\n|\n|-damage|p1a: Zamazenta|59/238 brn|[from] brn\n|upkeep\n|turn|9\n|\n|t:|1781399011\n|move|p2a: Froslass|Spikes|p1a: Zamazenta\n|-sidestart|p1: lalo's pollos|Spikes\n|move|p1a: Zamazenta|Stone Edge|p2a: Froslass\n|-supereffective|p2a: Froslass\n|-damage|p2a: Froslass|90/263\n|\n|-damage|p1a: Zamazenta|45/238 brn|[from] brn\n|upkeep\n|turn|10\n|\n|t:|1781399015\n|move|p2a: Froslass|Spikes|p1a: Zamazenta\n|-sidestart|p1: lalo's pollos|Spikes\n|move|p1a: Zamazenta|Stone Edge|p2a: Froslass\n|-supereffective|p2a: Froslass\n|-damage|p2a: Froslass|20/263\n|\n|-damage|p1a: Zamazenta|31/238 brn|[from] brn\n|-end|p1a: Zamazenta|Disable\n|upkeep\n|turn|11\n|\n|t:|1781399019\n|move|p2a: Froslass|Poltergeist|p1a: Zamazenta\n|-activate|p1a: Zamazenta|move: Poltergeist|Rusted Shield\n|-damage|p1a: Zamazenta|0 fnt\n|faint|p1a: Zamazenta\n|\n|upkeep\n|\n|t:|1781399026\n|switch|p1a: Dodrio|Dodrio, L85, F|241/241\n|turn|12\n|\n|t:|1781399034\n|switch|p2a: Glastrier|Glastrier, L86|258/312\n|move|p1a: Dodrio|Brave Bird|p2a: Glastrier\n|-damage|p2a: Glastrier|149/312\n|-damage|p1a: Dodrio|205/241|[from] Recoil\n|\n|upkeep\n|turn|13\n|\n|t:|1781399045\n|switch|p1a: Froslass|Froslass, L87, F|263/263\n|-activate|p1a: Froslass|move: Sticky Web\n|-unboost|p1a: Froslass|spe|1\n|-damage|p1a: Froslass|198/263|[from] Spikes\n|move|p2a: Glastrier|Icicle Crash|p1a: Froslass\n|-resisted|p1a: Froslass\n|-damage|p1a: Froslass|126/263\n|\n|upkeep\n|turn|14\n|\n|t:|1781399061\n|switch|p2a: Pawmot|Pawmot, L80, F|243/243\n|move|p1a: Froslass|Spikes|p2a: Pawmot\n|-sidestart|p2: bilabong|Spikes\n|\n|upkeep\n|turn|15\n|\n|t:|1781399066\n|move|p2a: Pawmot|Double Shock|p1a: Froslass\n|-damage|p1a: Froslass|0 fnt\n|-start|p2a: Pawmot|typechange|???/Fighting|[from] move: Double Shock\n|faint|p1a: Froslass\n|-damage|p2a: Pawmot|219/243|[from] item: Life Orb\n|\n|upkeep\n|\n|t:|1781399072\n|switch|p1a: Hitmonchan|Hitmonchan, L87, M|229/229\n|-activate|p1a: Hitmonchan|move: Sticky Web\n|-unboost|p1a: Hitmonchan|spe|1\n|-damage|p1a: Hitmonchan|172/229|[from] Spikes\n|turn|16\n|\n|t:|1781399079\n|switch|p2a: Froslass|Froslass, L87, F|20/263\n|-damage|p2a: Froslass|0 fnt|[from] Spikes\n|faint|p2a: Froslass\n|move|p1a: Hitmonchan|Rapid Spin|p2: Froslass|[notarget]\n|-fail|p1a: Hitmonchan\n|\n|-heal|p1a: Hitmonchan|186/229|[from] item: Leftovers\n|upkeep\n|\n|t:|1781399089\n|switch|p2a: Pawmot|Pawmot, L80, F|219/243\n|-damage|p2a: Pawmot|189/243|[from] Spikes\n|turn|17\n|\n|t:|1781399093\n|-terastallize|p2a: Pawmot|Electric\n|move|p2a: Pawmot|Double Shock|p1a: Hitmonchan\n|-damage|p1a: Hitmonchan|0 fnt\n|-start|p2a: Pawmot|typechange|Electric|[from] move: Double Shock\n|faint|p1a: Hitmonchan\n|-damage|p2a: Pawmot|165/243|[from] item: Life Orb\n|\n|upkeep\n|\n|t:|1781399106\n|switch|p1a: Dodrio|Dodrio, L85, F|205/241\n|turn|18\n|\n|t:|1781399118\n|switch|p2a: Glastrier|Glastrier, L86|149/312\n|move|p1a: Dodrio|Drill Run|p2a: Glastrier\n|-damage|p2a: Glastrier|105/312\n|\n|upkeep\n|turn|19\n|c|\u2606lalo's pollos|fukkkin diiiabooalcalll\n|\n|t:|1781399130\n|move|p1a: Dodrio|Brave Bird|p2a: Glastrier\n|-damage|p2a: Glastrier|0 fnt\n|faint|p2a: Glastrier\n|-damage|p1a: Dodrio|170/241|[from] Recoil\n|\n|upkeep\n|\n|t:|1781399141\n|switch|p2a: Dugtrio|Dugtrio, L84, F|196/196\n|-damage|p2a: Dugtrio|172/196|[from] Spikes\n|turn|20\n|\n|t:|1781399149\n|move|p2a: Dugtrio|Stone Edge|p1a: Dodrio\n|-supereffective|p1a: Dodrio\n|-damage|p1a: Dodrio|0 fnt\n|faint|p1a: Dodrio\n|-damage|p2a: Dugtrio|153/196|[from] item: Life Orb\n|\n|upkeep\n|\n|t:|1781399158\n|switch|p1a: Azelf|Azelf, L82|257/257\n|turn|21\n|\n|t:|1781399165\n|move|p2a: Dugtrio|Stone Edge|p1a: Azelf\n|-damage|p1a: Azelf|149/257\n|-damage|p2a: Dugtrio|134/196|[from] item: Life Orb\n|move|p1a: Azelf|Psychic|p2a: Dugtrio\n|-damage|p2a: Dugtrio|0 fnt\n|faint|p2a: Dugtrio\n|\n|upkeep\n|\n|t:|1781399173\n|switch|p2a: Dipplin|Dipplin, L88, M|284/284\n|-damage|p2a: Dipplin|249/284|[from] Spikes\n|turn|22\n|\n|t:|1781399177\n|-terastallize|p1a: Azelf|Psychic\n|move|p1a: Azelf|Psychic|p2a: Dipplin\n|-damage|p2a: Dipplin|105/284\n|move|p2a: Dipplin|Dragon Pulse|p1a: Azelf\n|-damage|p1a: Azelf|37/257\n|\n|upkeep\n|turn|23\n|\n|t:|1781399189\n|switch|p1a: Ambipom|Ambipom, L84, M|263/263\n|-activate|p1a: Ambipom|move: Sticky Web\n|-unboost|p1a: Ambipom|spe|1\n|-damage|p1a: Ambipom|198/263|[from] Spikes\n|move|p2a: Dipplin|Dragon Tail|p1a: Ambipom\n|-damage|p1a: Ambipom|116/263\n|drag|p1a: Azelf|Azelf, L82, tera:Psychic|37/257\n|\n|upkeep\n|turn|24\n|\n|t:|1781399206\n|move|p1a: Azelf|Psychic|p2a: Dipplin\n|-damage|p2a: Dipplin|0 fnt\n|faint|p2a: Dipplin\n|\n|upkeep\n|\n|t:|1781399211\n|switch|p2a: Pawmot|Pawmot, L80, F, tera:Electric|165/243\n|-damage|p2a: Pawmot|135/243|[from] Spikes\n|turn|25\n|\n|t:|1781399235\n|move|p1a: Azelf|Psychic|p2a: Pawmot\n|-damage|p2a: Pawmot|0 fnt\n|faint|p2a: Pawmot\n|\n|win|lalo's pollos\n", "uploadtime": 1781398834, "views": 3, "formatid": "gen9randombattle", "rating": null, "private": 0, "password": null}