{"id": "gen9randombattle-2631591629", "format": "[Gen 9] Random Battle", "players": ["JayCroc", "Deleuzional"], "log": "|j|\u2606JayCroc\n|j|\u2606Deleuzional\n|t:|1781405680\n|gametype|singles\n|player|p1|JayCroc|ivor|1949\n|player|p2|Deleuzional|169|1936\n|gen|9\n|tier|[Gen 9] Random Battle\n|rated|\n|rule|Species Clause: Limit one of each Pok\u00e9mon\n|rule|HP Percentage Mod: HP is shown in percentages\n|rule|Sleep Clause Mod: Limit one foe put to sleep\n|rule|Illusion Level Mod: Illusion disguises the Pok\u00e9mon's true level\n|\n|t:|1781405680\n|teamsize|p1|6\n|teamsize|p2|6\n|start\n|switch|p1a: Raikou|Raikou, L81|278/278\n|switch|p2a: Bombirdier|Bombirdier, L85, F|258/258\n|-ability|p1a: Raikou|Pressure\n|turn|1\n|\n|t:|1781405694\n|switch|p2a: Sinistcha|Sinistcha-Masterpiece, L83|254/254\n|move|p1a: Raikou|Thunderbolt|p2a: Sinistcha\n|-resisted|p2a: Sinistcha\n|-damage|p2a: Sinistcha|203/254\n|-status|p2a: Sinistcha|par\n|\n|-heal|p2a: Sinistcha|218/254 par|[from] item: Leftovers\n|upkeep\n|turn|2\n|\n|t:|1781405706\n|switch|p1a: Cinderace|Cinderace, L77, F|250/250\n|move|p2a: Sinistcha|Matcha Gotcha|p1a: Cinderace\n|-resisted|p1a: Cinderace\n|-damage|p1a: Cinderace|188/250\n|-heal|p2a: Sinistcha|249/254 par|[from] drain|[of] p1a: Cinderace\n|\n|-heal|p2a: Sinistcha|254/254 par|[from] item: Leftovers\n|upkeep\n|turn|3\n|\n|t:|1781405716\n|move|p1a: Cinderace|Pyro Ball|p2a: Sinistcha\n|-supereffective|p2a: Sinistcha\n|-damage|p2a: Sinistcha|150/254 par\n|move|p2a: Sinistcha|Strength Sap|p1a: Cinderace\n|-unboost|p1a: Cinderace|atk|1\n|-heal|p2a: Sinistcha|254/254 par\n|\n|upkeep\n|turn|4\n|\n|t:|1781405724\n|move|p1a: Cinderace|U-turn|p2a: Sinistcha\n|-start|p1a: Cinderace|typechange|Bug|[from] ability: Libero\n|-damage|p2a: Sinistcha|211/254 par\n|\n|t:|1781405729\n|switch|p1a: Scovillain|Scovillain, L91, F|266/266|[from] U-turn\n|cant|p2a: Sinistcha|par\n|\n|-heal|p2a: Sinistcha|226/254 par|[from] item: Leftovers\n|upkeep\n|turn|5\n|\n|t:|1781405739\n|move|p1a: Scovillain|Substitute|p1a: Scovillain\n|-start|p1a: Scovillain|Substitute\n|-damage|p1a: Scovillain|200/266\n|move|p2a: Sinistcha|Calm Mind|p2a: Sinistcha\n|-boost|p2a: Sinistcha|spa|1\n|-boost|p2a: Sinistcha|spd|1\n|\n|-heal|p1a: Scovillain|216/266|[from] item: Leftovers\n|-heal|p2a: Sinistcha|241/254 par|[from] item: Leftovers\n|upkeep\n|turn|6\n|\n|t:|1781405747\n|move|p1a: Scovillain|Flamethrower|p2a: Sinistcha\n|-supereffective|p2a: Sinistcha\n|-damage|p2a: Sinistcha|157/254 par\n|move|p2a: Sinistcha|Calm Mind|p2a: Sinistcha\n|-boost|p2a: Sinistcha|spa|1\n|-boost|p2a: Sinistcha|spd|1\n|\n|-heal|p1a: Scovillain|232/266|[from] item: Leftovers\n|-heal|p2a: Sinistcha|172/254 par|[from] item: Leftovers\n|upkeep\n|turn|7\n|\n|t:|1781405759\n|move|p1a: Scovillain|Flamethrower|p2a: Sinistcha\n|-supereffective|p2a: Sinistcha\n|-damage|p2a: Sinistcha|104/254 par\n|move|p2a: Sinistcha|Shadow Ball|p1a: Scovillain\n|-end|p1a: Scovillain|Substitute\n|\n|-heal|p1a: Scovillain|248/266|[from] item: Leftovers\n|-heal|p2a: Sinistcha|119/254 par|[from] item: Leftovers\n|upkeep\n|turn|8\n|\n|t:|1781405769\n|move|p1a: Scovillain|Substitute|p1a: Scovillain\n|-start|p1a: Scovillain|Substitute\n|-damage|p1a: Scovillain|182/266\n|cant|p2a: Sinistcha|par\n|\n|-heal|p1a: Scovillain|198/266|[from] item: Leftovers\n|-heal|p2a: Sinistcha|134/254 par|[from] item: Leftovers\n|upkeep\n|turn|9\n|\n|t:|1781405779\n|move|p1a: Scovillain|Flamethrower|p2a: Sinistcha\n|-supereffective|p2a: Sinistcha\n|-damage|p2a: Sinistcha|72/254 par\n|move|p2a: Sinistcha|Shadow Ball|p1a: Scovillain\n|-end|p1a: Scovillain|Substitute\n|\n|-heal|p1a: Scovillain|214/266|[from] item: Leftovers\n|-heal|p2a: Sinistcha|87/254 par|[from] item: Leftovers\n|upkeep\n|turn|10\n|\n|t:|1781405787\n|move|p1a: Scovillain|Flamethrower|p2a: Sinistcha\n|-supereffective|p2a: Sinistcha\n|-damage|p2a: Sinistcha|25/254 par\n|move|p2a: Sinistcha|Shadow Ball|p1a: Scovillain\n|-damage|p1a: Scovillain|0 fnt\n|faint|p1a: Scovillain\n|\n|-heal|p2a: Sinistcha|40/254 par|[from] item: Leftovers\n|upkeep\n|\n|t:|1781405797\n|switch|p1a: Cinderace|Cinderace, L77, F|188/250\n|turn|11\n|\n|t:|1781405805\n|switch|p2a: Reshiram|Reshiram, L76|277/277\n|-ability|p2a: Reshiram|Turboblaze\n|move|p1a: Cinderace|U-turn|p2a: Reshiram\n|-start|p1a: Cinderace|typechange|Bug|[from] ability: Libero\n|-resisted|p2a: Reshiram\n|-damage|p2a: Reshiram|239/277\n|\n|t:|1781405814\n|switch|p1a: Flygon|Flygon, L82, F|265/265|[from] U-turn\n|\n|upkeep\n|turn|12\n|\n|t:|1781405824\n|switch|p2a: Sinistcha|Sinistcha-Masterpiece, L83|40/254 par\n|move|p1a: Flygon|Stone Edge|p2a: Sinistcha\n|-damage|p2a: Sinistcha|0 fnt\n|faint|p2a: Sinistcha\n|\n|upkeep\n|\n|t:|1781405834\n|switch|p2a: Falinks|Falinks, L84|246/246\n|turn|13\n|\n|t:|1781405844\n|switch|p1a: Breloom|Breloom, L83, M|235/235\n|move|p2a: Falinks|No Retreat|p2a: Falinks\n|-boost|p2a: Falinks|atk|1\n|-boost|p2a: Falinks|def|1\n|-boost|p2a: Falinks|spa|1\n|-boost|p2a: Falinks|spd|1\n|-boost|p2a: Falinks|spe|1\n|-start|p2a: Falinks|move: No Retreat\n|\n|upkeep\n|turn|14\n|\n|t:|1781405858\n|move|p2a: Falinks|Close Combat|p1a: Breloom\n|-damage|p1a: Breloom|0 fnt\n|-unboost|p2a: Falinks|def|1\n|-unboost|p2a: Falinks|spd|1\n|faint|p1a: Breloom\n|-damage|p2a: Falinks|222/246|[from] item: Life Orb\n|\n|upkeep\n|\n|t:|1781405881\n|switch|p1a: Flygon|Flygon, L82, F|265/265\n|turn|15\n|\n|t:|1781405886\n|move|p2a: Falinks|Close Combat|p1a: Flygon\n|-crit|p1a: Flygon\n|-damage|p1a: Flygon|0 fnt\n|-unboost|p2a: Falinks|def|1\n|-unboost|p2a: Falinks|spd|1\n|faint|p1a: Flygon\n|-damage|p2a: Falinks|198/246|[from] item: Life Orb\n|\n|upkeep\n|\n|t:|1781405894\n|switch|p1a: Latias|Latias, L79, F|256/256\n|turn|16\n|\n|t:|1781405899\n|move|p2a: Falinks|Knock Off|p1a: Latias\n|-supereffective|p1a: Latias\n|-damage|p1a: Latias|0 fnt\n|-enditem|p1a: Latias|Soul Dew|[from] move: Knock Off|[of] p2a: Falinks\n|faint|p1a: Latias\n|-damage|p2a: Falinks|174/246|[from] item: Life Orb\n|\n|upkeep\n|\n|t:|1781405906\n|switch|p1a: Cinderace|Cinderace, L77, F|188/250\n|turn|17\n|\n|t:|1781405910\n|move|p2a: Falinks|Close Combat|p1a: Cinderace\n|-damage|p1a: Cinderace|0 fnt\n|-unboost|p2a: Falinks|def|1\n|-unboost|p2a: Falinks|spd|1\n|faint|p1a: Cinderace\n|-damage|p2a: Falinks|150/246|[from] item: Life Orb\n|\n|upkeep\n|\n|t:|1781405917\n|switch|p1a: Raikou|Raikou, L81|278/278\n|-ability|p1a: Raikou|Pressure\n|turn|18\n|\n|t:|1781405922\n|move|p2a: Falinks|Close Combat|p1a: Raikou\n|-damage|p1a: Raikou|0 fnt\n|-unboost|p2a: Falinks|def|1\n|-unboost|p2a: Falinks|spd|1\n|faint|p1a: Raikou\n|-damage|p2a: Falinks|126/246|[from] item: Life Orb\n|\n|win|Deleuzional\n", "uploadtime": 1781405683, "views": 5, "formatid": "gen9randombattle", "rating": null, "private": 0, "password": null}