{"id": "gen9randombattle-2631769321", "format": "[Gen 9] Random Battle", "players": ["Katakatachi", "grafitigreifer"], "log": "|j|\u2606Katakatachi\n|j|\u2606grafitigreifer\n|t:|1781436788\n|gametype|singles\n|player|p1|Katakatachi|backersf|1990\n|player|p2|grafitigreifer|hanbei-conquest|2035\n|gen|9\n|tier|[Gen 9] Random Battle\n|rated|\n|rule|Species Clause: Limit one of each Pok\u00e9mon\n|rule|HP Percentage Mod: HP is shown in percentages\n|rule|Sleep Clause Mod: Limit one foe put to sleep\n|rule|Illusion Level Mod: Illusion disguises the Pok\u00e9mon's true level\n|\n|t:|1781436788\n|teamsize|p1|6\n|teamsize|p2|6\n|start\n|switch|p1a: Blissey|Blissey, L85, F|572/572\n|switch|p2a: Keldeo|Keldeo-Resolute, L79|273/273\n|turn|1\n|\n|t:|1781436805\n|switch|p1a: Hydrapple|Hydrapple, L83, F|312/312\n|move|p2a: Keldeo|Substitute|p2a: Keldeo\n|-start|p2a: Keldeo|Substitute\n|-damage|p2a: Keldeo|205/273\n|\n|-heal|p2a: Keldeo|222/273|[from] item: Leftovers\n|upkeep\n|turn|2\n|\n|t:|1781436814\n|move|p2a: Keldeo|Secret Sword|p1a: Hydrapple\n|-damage|p1a: Hydrapple|233/312\n|move|p1a: Hydrapple|Giga Drain|p2a: Keldeo\n|-supereffective|p2a: Keldeo\n|-end|p2a: Keldeo|Substitute\n|-heal|p1a: Hydrapple|267/312|[from] drain|[of] p2a: Keldeo\n|-damage|p1a: Hydrapple|236/312|[from] item: Life Orb\n|\n|-heal|p2a: Keldeo|239/273|[from] item: Leftovers\n|upkeep\n|turn|3\n|inactive|Battle timer is ON: inactive players will automatically lose when time's up. (requested by Katakatachi)\n|\n|t:|1781436833\n|switch|p2a: Tatsugiri|Tatsugiri, L87, F|260/260\n|move|p1a: Hydrapple|Nasty Plot|p1a: Hydrapple\n|-boost|p1a: Hydrapple|spa|2\n|\n|upkeep\n|turn|4\n|\n|t:|1781436838\n|switch|p1a: Blissey|Blissey, L85, F|572/572\n|move|p2a: Tatsugiri|Draco Meteor|p1a: Blissey\n|-damage|p1a: Blissey|443/572\n|-unboost|p2a: Tatsugiri|spa|2\n|\n|-heal|p1a: Blissey|478/572|[from] item: Leftovers\n|upkeep\n|turn|5\n|\n|t:|1781436855\n|switch|p2a: Zekrom|Zekrom, L71|259/259\n|-ability|p2a: Zekrom|Teravolt\n|move|p1a: Blissey|Thunder Wave|p2a: Zekrom\n|-immune|p2a: Zekrom\n|\n|-heal|p1a: Blissey|513/572|[from] item: Leftovers\n|upkeep\n|turn|6\n|\n|t:|1781436871\n|switch|p1a: Orthworm|Orthworm, L88, F|266/266\n|move|p2a: Zekrom|Dragon Dance|p2a: Zekrom\n|-boost|p2a: Zekrom|atk|1\n|-boost|p2a: Zekrom|spe|1\n|\n|upkeep\n|turn|7\n|\n|t:|1781436878\n|move|p2a: Zekrom|Bolt Strike|p1a: Orthworm\n|-damage|p1a: Orthworm|119/266\n|move|p1a: Orthworm|Coil|p1a: Orthworm\n|-boost|p1a: Orthworm|atk|1\n|-boost|p1a: Orthworm|def|1\n|-boost|p1a: Orthworm|accuracy|1\n|\n|upkeep\n|turn|8\n|\n|t:|1781436883\n|move|p2a: Zekrom|Dragon Dance|p2a: Zekrom\n|-boost|p2a: Zekrom|atk|1\n|-boost|p2a: Zekrom|spe|1\n|move|p1a: Orthworm|Rest|p1a: Orthworm\n|-status|p1a: Orthworm|slp|[from] move: Rest\n|-heal|p1a: Orthworm|266/266 slp|[silent]\n|-enditem|p1a: Orthworm|Chesto Berry|[eat]\n|-curestatus|p1a: Orthworm|slp|[msg]\n|\n|upkeep\n|turn|9\n|\n|t:|1781436886\n|move|p2a: Zekrom|Bolt Strike|p1a: Orthworm\n|-damage|p1a: Orthworm|134/266\n|move|p1a: Orthworm|Body Press|p2a: Zekrom\n|-damage|p2a: Zekrom|132/259\n|\n|-heal|p2a: Zekrom|148/259|[from] item: Leftovers\n|upkeep\n|turn|10\n|\n|t:|1781436900\n|move|p2a: Zekrom|Bolt Strike|p1a: Orthworm\n|-damage|p1a: Orthworm|20/266\n|move|p1a: Orthworm|Body Press|p2a: Zekrom\n|-damage|p2a: Zekrom|38/259\n|\n|-heal|p2a: Zekrom|54/259|[from] item: Leftovers\n|upkeep\n|turn|11\n|\n|t:|1781436908\n|move|p2a: Zekrom|Bolt Strike|p1a: Orthworm\n|-damage|p1a: Orthworm|0 fnt\n|faint|p1a: Orthworm\n|\n|-heal|p2a: Zekrom|70/259|[from] item: Leftovers\n|upkeep\n|\n|t:|1781436916\n|switch|p1a: Eelektross|Eelektross, L87, M|290/290\n|turn|12\n|\n|t:|1781436924\n|move|p2a: Zekrom|Substitute|p2a: Zekrom\n|-start|p2a: Zekrom|Substitute\n|-damage|p2a: Zekrom|6/259\n|move|p1a: Eelektross|Knock Off|p2a: Zekrom\n|-end|p2a: Zekrom|Substitute\n|\n|-heal|p2a: Zekrom|22/259|[from] item: Leftovers\n|upkeep\n|turn|13\n|\n|t:|1781436929\n|move|p2a: Zekrom|Outrage|p1a: Eelektross\n|-damage|p1a: Eelektross|0 fnt\n|faint|p1a: Eelektross\n|\n|-heal|p2a: Zekrom|38/259|[from] item: Leftovers\n|upkeep\n|\n|t:|1781436946\n|switch|p1a: Houndoom|Houndoom, L87, F|272/272\n|turn|14\n|\n|t:|1781436950\n|move|p1a: Houndoom|Sucker Punch|p2a: Zekrom\n|-damage|p2a: Zekrom|0 fnt\n|faint|p2a: Zekrom\n|\n|upkeep\n|\n|t:|1781436953\n|switch|p2a: Keldeo|Keldeo-Resolute, L79|239/273\n|turn|15\n|\n|t:|1781436960\n|switch|p1a: Hydrapple|Hydrapple, L83, F|312/312\n|move|p2a: Keldeo|Secret Sword|p1a: Hydrapple\n|-damage|p1a: Hydrapple|225/312\n|\n|-heal|p2a: Keldeo|256/273|[from] item: Leftovers\n|upkeep\n|turn|16\n|\n|t:|1781436969\n|switch|p2a: Tinkaton|Tinkaton, L82, F|274/274\n|-ability|p2a: Tinkaton|Mold Breaker\n|move|p1a: Hydrapple|Giga Drain|p2a: Tinkaton\n|-resisted|p2a: Tinkaton\n|-damage|p2a: Tinkaton|225/274\n|-heal|p1a: Hydrapple|250/312|[from] drain|[of] p2a: Tinkaton\n|-damage|p1a: Hydrapple|219/312|[from] item: Life Orb\n|\n|-heal|p2a: Tinkaton|242/274|[from] item: Leftovers\n|upkeep\n|turn|17\n|\n|t:|1781436975\n|switch|p1a: Houndoom|Houndoom, L87, F|272/272\n|move|p2a: Tinkaton|Stealth Rock|p1a: Houndoom\n|-sidestart|p1: Katakatachi|move: Stealth Rock\n|\n|-heal|p2a: Tinkaton|259/274|[from] item: Leftovers\n|upkeep\n|turn|18\n|\n|t:|1781436983\n|switch|p2a: Magcargo|Magcargo, L95, F|268/268\n|move|p1a: Houndoom|Sludge Bomb|p2a: Magcargo\n|-resisted|p2a: Magcargo\n|-damage|p2a: Magcargo|233/268\n|\n|upkeep\n|turn|19\n|\n|t:|1781436989\n|move|p1a: Houndoom|Dark Pulse|p2a: Magcargo\n|-damage|p2a: Magcargo|133/268\n|move|p2a: Magcargo|Earth Power|p1a: Houndoom\n|-supereffective|p1a: Houndoom\n|-damage|p1a: Houndoom|118/272\n|\n|upkeep\n|turn|20\n|\n|t:|1781436995\n|switch|p1a: Blissey|Blissey, L85, F|513/572\n|-damage|p1a: Blissey|442/572|[from] Stealth Rock\n|move|p2a: Magcargo|Earth Power|p1a: Blissey\n|-damage|p1a: Blissey|387/572\n|\n|-heal|p1a: Blissey|422/572|[from] item: Leftovers\n|upkeep\n|turn|21\n|\n|t:|1781437010\n|switch|p2a: Brambleghast|Brambleghast, L88, F|240/240\n|move|p1a: Blissey|Seismic Toss|p2a: Brambleghast\n|-immune|p2a: Brambleghast\n|\n|-heal|p1a: Blissey|457/572|[from] item: Leftovers\n|upkeep\n|turn|22\n|\n|t:|1781437017\n|move|p2a: Brambleghast|Leech Seed|p1a: Blissey\n|-start|p1a: Blissey|move: Leech Seed\n|move|p1a: Blissey|Thunder Wave|p2a: Brambleghast\n|-status|p2a: Brambleghast|par\n|\n|-heal|p1a: Blissey|492/572|[from] item: Leftovers\n|-damage|p1a: Blissey|421/572|[from] Leech Seed|[of] p2a: Brambleghast\n|upkeep\n|turn|23\n|\n|t:|1781437020\n|switch|p1a: Hydrapple|Hydrapple, L83, F|312/312\n|-damage|p1a: Hydrapple|273/312|[from] Stealth Rock\n|cant|p2a: Brambleghast|par\n|\n|upkeep\n|turn|24\n|\n|t:|1781437028\n|move|p1a: Hydrapple|Earth Power|p2a: Brambleghast\n|-resisted|p2a: Brambleghast\n|-damage|p2a: Brambleghast|184/240 par\n|-damage|p1a: Hydrapple|242/312|[from] item: Life Orb\n|move|p2a: Brambleghast|Poltergeist|p1a: Hydrapple\n|-activate|p1a: Hydrapple|move: Poltergeist|Life Orb\n|-damage|p1a: Hydrapple|110/312\n|\n|-heal|p2a: Brambleghast|199/240 par|[from] item: Leftovers\n|upkeep\n|turn|25\n|\n|t:|1781437038\n|switch|p1a: Houndoom|Houndoom, L87, F|118/272\n|move|p2a: Brambleghast|Poltergeist|p1a: Houndoom\n|-activate|p1a: Houndoom|move: Poltergeist|Heavy-Duty Boots\n|-resisted|p1a: Houndoom\n|-damage|p1a: Houndoom|10/272\n|\n|-heal|p2a: Brambleghast|214/240 par|[from] item: Leftovers\n|upkeep\n|turn|26\n|\n|t:|1781437046\n|switch|p2a: Magcargo|Magcargo, L95, F|133/268\n|move|p1a: Houndoom|Dark Pulse|p2a: Magcargo\n|-damage|p2a: Magcargo|39/268\n|\n|upkeep\n|turn|27\n|\n|t:|1781437049\n|move|p1a: Houndoom|Dark Pulse|p2a: Magcargo\n|-damage|p2a: Magcargo|0 fnt\n|faint|p2a: Magcargo\n|\n|upkeep\n|\n|t:|1781437054\n|switch|p2a: Keldeo|Keldeo-Resolute, L79|256/273\n|turn|28\n|\n|t:|1781437077\n|move|p2a: Keldeo|Secret Sword|p1a: Houndoom\n|-supereffective|p1a: Houndoom\n|-damage|p1a: Houndoom|0 fnt\n|faint|p1a: Houndoom\n|\n|-heal|p2a: Keldeo|273/273|[from] item: Leftovers\n|upkeep\n|\n|t:|1781437089\n|switch|p1a: Hydrapple|Hydrapple, L83, F|214/312\n|-damage|p1a: Hydrapple|175/312|[from] Stealth Rock\n|turn|29\n|\n|t:|1781437098\n|switch|p2a: Brambleghast|Brambleghast, L88, F|214/240 par\n|move|p1a: Hydrapple|Nasty Plot|p1a: Hydrapple\n|-boost|p1a: Hydrapple|spa|2\n|\n|-heal|p2a: Brambleghast|229/240 par|[from] item: Leftovers\n|upkeep\n|turn|30\n|\n|t:|1781437104\n|move|p1a: Hydrapple|Fickle Beam|p2a: Brambleghast\n|-damage|p2a: Brambleghast|0 fnt\n|faint|p2a: Brambleghast\n|-damage|p1a: Hydrapple|144/312|[from] item: Life Orb\n|\n|upkeep\n|\n|t:|1781437107\n|switch|p2a: Tinkaton|Tinkaton, L82, F|259/274\n|-ability|p2a: Tinkaton|Mold Breaker\n|turn|31\n|\n|t:|1781437120\n|-terastallize|p1a: Hydrapple|Steel\n|move|p2a: Tinkaton|Gigaton Hammer|p1a: Hydrapple\n|-resisted|p1a: Hydrapple\n|-damage|p1a: Hydrapple|90/312\n|move|p1a: Hydrapple|Earth Power|p2a: Tinkaton\n|-supereffective|p2a: Tinkaton\n|-damage|p2a: Tinkaton|0 fnt\n|faint|p2a: Tinkaton\n|-damage|p1a: Hydrapple|59/312|[from] item: Life Orb\n|\n|upkeep\n|\n|t:|1781437130\n|switch|p2a: Keldeo|Keldeo-Resolute, L79|273/273\n|turn|32\n|\n|t:|1781437137\n|move|p2a: Keldeo|Secret Sword|p1a: Hydrapple\n|-supereffective|p1a: Hydrapple\n|-damage|p1a: Hydrapple|0 fnt\n|faint|p1a: Hydrapple\n|\n|upkeep\n|\n|t:|1781437140\n|switch|p1a: Drifblim|Drifblim, L86, F|396/396\n|-damage|p1a: Drifblim|297/396|[from] Stealth Rock\n|turn|33\n|\n|t:|1781437147\n|move|p2a: Keldeo|Calm Mind|p2a: Keldeo\n|-boost|p2a: Keldeo|spa|1\n|-boost|p2a: Keldeo|spd|1\n|move|p1a: Drifblim|Calm Mind|p1a: Drifblim\n|-boost|p1a: Drifblim|spa|1\n|-boost|p1a: Drifblim|spd|1\n|\n|upkeep\n|turn|34\n|\n|t:|1781437156\n|-terastallize|p2a: Keldeo|Steel\n|move|p2a: Keldeo|Calm Mind|p2a: Keldeo\n|-boost|p2a: Keldeo|spa|1\n|-boost|p2a: Keldeo|spd|1\n|move|p1a: Drifblim|Calm Mind|p1a: Drifblim\n|-boost|p1a: Drifblim|spa|1\n|-boost|p1a: Drifblim|spd|1\n|\n|upkeep\n|turn|35\n|\n|t:|1781437161\n|move|p2a: Keldeo|Calm Mind|p2a: Keldeo\n|-boost|p2a: Keldeo|spa|1\n|-boost|p2a: Keldeo|spd|1\n|move|p1a: Drifblim|Calm Mind|p1a: Drifblim\n|-boost|p1a: Drifblim|spa|1\n|-boost|p1a: Drifblim|spd|1\n|\n|upkeep\n|turn|36\n|\n|t:|1781437164\n|move|p2a: Keldeo|Calm Mind|p2a: Keldeo\n|-boost|p2a: Keldeo|spa|1\n|-boost|p2a: Keldeo|spd|1\n|move|p1a: Drifblim|Calm Mind|p1a: Drifblim\n|-boost|p1a: Drifblim|spa|1\n|-boost|p1a: Drifblim|spd|1\n|\n|upkeep\n|turn|37\n|\n|t:|1781437165\n|move|p2a: Keldeo|Calm Mind|p2a: Keldeo\n|-boost|p2a: Keldeo|spa|1\n|-boost|p2a: Keldeo|spd|1\n|move|p1a: Drifblim|Calm Mind|p1a: Drifblim\n|-boost|p1a: Drifblim|spa|1\n|-boost|p1a: Drifblim|spd|1\n|\n|upkeep\n|turn|38\n|\n|t:|1781437168\n|move|p2a: Keldeo|Calm Mind|p2a: Keldeo\n|-boost|p2a: Keldeo|spa|1\n|-boost|p2a: Keldeo|spd|1\n|move|p1a: Drifblim|Calm Mind|p1a: Drifblim\n|-boost|p1a: Drifblim|spa|1\n|-boost|p1a: Drifblim|spd|1\n|\n|upkeep\n|turn|39\n|\n|t:|1781437173\n|move|p2a: Keldeo|Hydro Pump|p1a: Drifblim|[miss]\n|-miss|p2a: Keldeo|p1a: Drifblim\n|move|p1a: Drifblim|Shadow Ball|p2a: Keldeo\n|-damage|p2a: Keldeo|189/273\n|\n|-heal|p2a: Keldeo|206/273|[from] item: Leftovers\n|upkeep\n|turn|40\n|\n|t:|1781437178\n|move|p2a: Keldeo|Hydro Pump|p1a: Drifblim\n|-damage|p1a: Drifblim|134/396\n|-enditem|p1a: Drifblim|Sitrus Berry|[eat]\n|-heal|p1a: Drifblim|233/396|[from] item: Sitrus Berry\n|move|p1a: Drifblim|Shadow Ball|p2a: Keldeo\n|-damage|p2a: Keldeo|122/273\n|\n|-heal|p2a: Keldeo|139/273|[from] item: Leftovers\n|upkeep\n|turn|41\n|\n|t:|1781437188\n|move|p1a: Drifblim|Shadow Ball|p2a: Keldeo\n|-damage|p2a: Keldeo|49/273\n|move|p2a: Keldeo|Hydro Pump|p1a: Drifblim\n|-damage|p1a: Drifblim|49/396\n|\n|-heal|p2a: Keldeo|66/273|[from] item: Leftovers\n|upkeep\n|turn|42\n|\n|t:|1781437197\n|move|p1a: Drifblim|Shadow Ball|p2a: Keldeo\n|-damage|p2a: Keldeo|0 fnt\n|faint|p2a: Keldeo\n|\n|upkeep\n|\n|t:|1781437199\n|switch|p2a: Tatsugiri|Tatsugiri, L87, F|260/260\n|turn|43\n|\n|t:|1781437207\n|move|p1a: Drifblim|Strength Sap|p2a: Tatsugiri\n|-unboost|p2a: Tatsugiri|atk|1\n|-heal|p1a: Drifblim|186/396\n|move|p2a: Tatsugiri|Draco Meteor|p1a: Drifblim\n|-damage|p1a: Drifblim|123/396\n|-unboost|p2a: Tatsugiri|spa|2\n|\n|upkeep\n|turn|44\n|c|\u2606Katakatachi|gg\n|\n|t:|1781437216\n|move|p1a: Drifblim|Shadow Ball|p2a: Tatsugiri\n|-damage|p2a: Tatsugiri|0 fnt\n|faint|p2a: Tatsugiri\n|\n|win|Katakatachi\n", "uploadtime": 1781436790, "views": 3, "formatid": "gen9randombattle", "rating": null, "private": 0, "password": null}