{"id": "gen9randombattle-2631487238", "format": "[Gen 9] Random Battle", "players": ["Undertaker67", "Diabetes1"], "log": "|j|\u2606Undertaker67\n|j|\u2606Diabetes1\n|t:|1781391258\n|gametype|singles\n|player|p1|Undertaker67|n|2066\n|player|p2|Diabetes1|266|2078\n|gen|9\n|tier|[Gen 9] Random Battle\n|rated|\n|rule|Species Clause: Limit one of each Pok\u00e9mon\n|rule|HP Percentage Mod: HP is shown in percentages\n|rule|Sleep Clause Mod: Limit one foe put to sleep\n|rule|Illusion Level Mod: Illusion disguises the Pok\u00e9mon's true level\n|\n|t:|1781391258\n|teamsize|p1|6\n|teamsize|p2|6\n|start\n|switch|p1a: Rabsca|Rabsca, L91, F|235/235\n|switch|p2a: Persian|Persian-Alola, L86, F|252/252\n|turn|1\n|inactive|Battle timer is ON: inactive players will automatically lose when time's up. (requested by Diabetes1)\n|\n|t:|1781391279\n|switch|p2a: Diancie|Diancie, L82|216/216\n|move|p1a: Rabsca|Focus Blast|p2a: Diancie\n|-damage|p2a: Diancie|122/216\n|-damage|p1a: Rabsca|212/235|[from] item: Life Orb\n|\n|-heal|p2a: Diancie|135/216|[from] item: Leftovers\n|upkeep\n|turn|2\n|inactive|Undertaker67 has 120 seconds left.\n|\n|t:|1781391332\n|switch|p1a: Mismagius|Mismagius, L86, M|243/243\n|move|p2a: Diancie|Rock Polish|p2a: Diancie\n|-boost|p2a: Diancie|spe|2\n|\n|-heal|p2a: Diancie|148/216|[from] item: Leftovers\n|upkeep\n|turn|3\n|\n|t:|1781391342\n|move|p2a: Diancie|Diamond Storm|p1a: Mismagius\n|-damage|p1a: Mismagius|113/243\n|-boost|p2a: Diancie|def|2\n|move|p1a: Mismagius|Energy Ball|p2a: Diancie\n|-supereffective|p2a: Diancie\n|-damage|p2a: Diancie|0 fnt\n|faint|p2a: Diancie\n|\n|upkeep\n|\n|t:|1781391351\n|switch|p2a: Dragalge|Dragalge, L88, M|258/258\n|turn|4\n|\n|t:|1781391371\n|switch|p1a: Rabsca|Rabsca, L91, F|284/284\n|move|p2a: Dragalge|Sludge Wave|p1a: Rabsca\n|-damage|p1a: Rabsca|168/284\n|\n|upkeep\n|turn|5\n|\n|t:|1781391386\n|switch|p2a: Persian|Persian-Alola, L86, F|252/252\n|move|p1a: Rabsca|Recover|p1a: Rabsca\n|-heal|p1a: Rabsca|284/284\n|\n|upkeep\n|turn|6\n|\n|t:|1781391400\n|-terastallize|p2a: Persian|Electric\n|move|p2a: Persian|Nasty Plot|p2a: Persian\n|-boost|p2a: Persian|spa|2\n|move|p1a: Rabsca|Bug Buzz|p2a: Persian\n|-damage|p2a: Persian|107/252\n|\n|upkeep\n|turn|7\n|inactive|Undertaker67 has 90 seconds left.\n|\n|t:|1781391436\n|-terastallize|p1a: Rabsca|Steel\n|move|p2a: Persian|Dark Pulse|p1a: Rabsca\n|-damage|p1a: Rabsca|128/284\n|-damage|p2a: Persian|82/252|[from] item: Life Orb\n|move|p1a: Rabsca|Bug Buzz|p2a: Persian\n|-damage|p2a: Persian|0 fnt\n|faint|p2a: Persian\n|\n|upkeep\n|\n|t:|1781391451\n|switch|p2a: Gyarados|Gyarados, L79, F|280/280\n|-ability|p2a: Gyarados|Intimidate|boost\n|-unboost|p1a: Rabsca|atk|1\n|turn|8\n|inactive|Undertaker67 has 90 seconds left.\n|\n|t:|1781391469\n|switch|p1a: Grimmsnarl|Grimmsnarl, L83, M|293/293\n|move|p2a: Gyarados|Dragon Dance|p2a: Gyarados\n|-boost|p2a: Gyarados|atk|1\n|-boost|p2a: Gyarados|spe|1\n|\n|upkeep\n|turn|9\n|\n|t:|1781391479\n|move|p1a: Grimmsnarl|Reflect|p1a: Grimmsnarl\n|-sidestart|p1: Undertaker67|Reflect\n|move|p2a: Gyarados|Dragon Dance|p2a: Gyarados\n|-boost|p2a: Gyarados|atk|1\n|-boost|p2a: Gyarados|spe|1\n|\n|upkeep\n|turn|10\n|\n|t:|1781391488\n|move|p1a: Grimmsnarl|Thunder Wave|p2a: Gyarados\n|-status|p2a: Gyarados|par\n|move|p2a: Gyarados|Dragon Dance|p2a: Gyarados\n|-boost|p2a: Gyarados|atk|1\n|-boost|p2a: Gyarados|spe|1\n|\n|upkeep\n|turn|11\n|inactive|Undertaker67 has 90 seconds left.\n|\n|t:|1781391512\n|switch|p1a: Leafeon|Leafeon, L88, F|258/258\n|move|p2a: Gyarados|Dragon Dance|p2a: Gyarados\n|-boost|p2a: Gyarados|atk|1\n|-boost|p2a: Gyarados|spe|1\n|\n|upkeep\n|turn|12\n|\n|t:|1781391520\n|move|p2a: Gyarados|Stone Edge|p1a: Leafeon\n|-crit|p1a: Leafeon\n|-damage|p1a: Leafeon|24/258\n|move|p1a: Leafeon|Swords Dance|p1a: Leafeon\n|-boost|p1a: Leafeon|atk|2\n|\n|upkeep\n|turn|13\n|\n|t:|1781391526\n|move|p2a: Gyarados|Waterfall|p1a: Leafeon\n|-resisted|p1a: Leafeon\n|-damage|p1a: Leafeon|0 fnt\n|faint|p1a: Leafeon\n|\n|upkeep\n|inactive|Undertaker67 has 90 seconds left.\n|\n|t:|1781391565\n|switch|p1a: Mismagius|Mismagius, L86, M|212/235\n|turn|14\n|\n|t:|1781391569\n|move|p2a: Gyarados|Waterfall|p1a: Mismagius\n|-damage|p1a: Mismagius|43/235\n|replace|p1a: Zoroark|Zoroark, L83, F\n|-end|p1a: Zoroark|Illusion\n|-hint|Illusion Level Mod is active, so this Pok\u00e9mon's true level was hidden.\n|move|p1a: Zoroark|Dark Pulse|p2a: Gyarados\n|-damage|p2a: Gyarados|159/280 par\n|-damage|p1a: Zoroark|20/235|[from] item: Life Orb\n|\n|upkeep\n|turn|15\n|inactive|Undertaker67 has 90 seconds left.\n|\n|t:|1781391576\n|move|p2a: Gyarados|Waterfall|p1a: Zoroark\n|-damage|p1a: Zoroark|0 fnt\n|faint|p1a: Zoroark\n|\n|upkeep\n|\n|t:|1781391580\n|switch|p1a: Grimmsnarl|Grimmsnarl, L83, M|293/293\n|turn|16\n|\n|t:|1781391585\n|move|p2a: Gyarados|Waterfall|p1a: Grimmsnarl\n|-damage|p1a: Grimmsnarl|132/293\n|move|p1a: Grimmsnarl|Spirit Break|p2a: Gyarados\n|-damage|p2a: Gyarados|59/280 par\n|-unboost|p2a: Gyarados|spa|1\n|\n|-sideend|p1: Undertaker67|Reflect\n|upkeep\n|turn|17\n|\n|t:|1781391591\n|move|p1a: Grimmsnarl|Reflect|p1a: Grimmsnarl\n|-sidestart|p1: Undertaker67|Reflect\n|move|p2a: Gyarados|Waterfall|p1a: Grimmsnarl\n|-damage|p1a: Grimmsnarl|0 fnt\n|faint|p1a: Grimmsnarl\n|\n|upkeep\n|\n|t:|1781391612\n|switch|p1a: Mismagius|Mismagius, L86, M|113/243\n|turn|18\n|\n|t:|1781391622\n|move|p2a: Gyarados|Waterfall|p1a: Mismagius\n|-damage|p1a: Mismagius|0 fnt\n|faint|p1a: Mismagius\n|\n|upkeep\n|\n|t:|1781391625\n|switch|p1a: Rabsca|Rabsca, L91, F, tera:Steel|128/284\n|turn|19\n|\n|t:|1781391628\n|move|p2a: Gyarados|Earthquake|p1a: Rabsca\n|-supereffective|p1a: Rabsca\n|-damage|p1a: Rabsca|0 fnt\n|faint|p1a: Rabsca\n|\n|upkeep\n|\n|t:|1781391631\n|switch|p1a: Salazzle|Salazzle, L83, F|249/249\n|turn|20\n|\n|t:|1781391635\n|move|p1a: Salazzle|Protect|p1a: Salazzle\n|-singleturn|p1a: Salazzle|Protect\n|move|p2a: Gyarados|Waterfall|p1a: Salazzle\n|-activate|p1a: Salazzle|move: Protect\n|\n|upkeep\n|turn|21\n|\n|t:|1781391639\n|move|p2a: Gyarados|Waterfall|p1a: Salazzle\n|-supereffective|p1a: Salazzle\n|-damage|p1a: Salazzle|0 fnt\n|faint|p1a: Salazzle\n|\n|win|Diabetes1\n", "uploadtime": 1781391261, "views": 3, "formatid": "gen9randombattle", "rating": null, "private": 0, "password": null}