{"id": "gen9randombattle-2631485884", "format": "[Gen 9] Random Battle", "players": ["monomythic", "Node"], "log": "|j|\u2606monomythic\n|j|\u2606Node\n|t:|1781391063\n|gametype|singles\n|player|p1|monomythic|101|2140\n|player|p2|Node|#rbtt9phantoms2|2143\n|gen|9\n|tier|[Gen 9] Random Battle\n|rated|\n|rule|Species Clause: Limit one of each Pok\u00e9mon\n|rule|HP Percentage Mod: HP is shown in percentages\n|rule|Sleep Clause Mod: Limit one foe put to sleep\n|rule|Illusion Level Mod: Illusion disguises the Pok\u00e9mon's true level\n|\n|t:|1781391063\n|teamsize|p1|6\n|teamsize|p2|6\n|start\n|switch|p1a: Jirachi|Jirachi, L80|291/291\n|switch|p2a: Breloom|Breloom, L83, M|235/235\n|turn|1\n|inactive|Battle timer is ON: inactive players will automatically lose when time's up. (requested by monomythic)\n|j| MrLJay\n|c| MrLJay|COME ONNNNNNNNNNNN\n|c| MrLJay|LETS GO LADS\n|\n|t:|1781391083\n|move|p1a: Jirachi|Body Slam|p2a: Breloom\n|-damage|p2a: Breloom|177/235\n|move|p2a: Breloom|Spore|p1a: Jirachi\n|-status|p1a: Jirachi|slp|[from] move: Spore\n|\n|upkeep\n|turn|2\n|c| MrLJay|SLEEPY TIME FOR YOU MY FRIEND\n|raw|<div class=\"broadcast-red\"><strong>Moderated chat was set to +!</strong><br />Only users of rank + and higher can talk.</div>\n|\n|t:|1781391111\n|switch|p2a: Skuntank|Skuntank, L84, F|310/310\n|cant|p1a: Jirachi|slp\n|\n|upkeep\n|turn|3\n|\n|t:|1781391119\n|switch|p1a: Emboar|Emboar, L84, F|322/322\n|move|p2a: Skuntank|Knock Off|p1a: Emboar\n|-resisted|p1a: Emboar\n|-damage|p1a: Emboar|240/322\n|-enditem|p1a: Emboar|Choice Scarf|[from] move: Knock Off|[of] p2a: Skuntank\n|-damage|p2a: Skuntank|279/310|[from] item: Life Orb\n|\n|upkeep\n|turn|4\n|\n|t:|1781391123\n|move|p2a: Skuntank|Toxic Spikes|p1a: Emboar\n|-sidestart|p1: monomythic|move: Toxic Spikes\n|move|p1a: Emboar|Flare Blitz|p2a: Skuntank\n|-damage|p2a: Skuntank|45/310\n|-damage|p1a: Emboar|163/322|[from] Recoil\n|\n|upkeep\n|turn|5\n|\n|t:|1781391132\n|move|p2a: Skuntank|Gunk Shot|p1a: Emboar\n|-damage|p1a: Emboar|0 fnt\n|faint|p1a: Emboar\n|-damage|p2a: Skuntank|14/310|[from] item: Life Orb\n|\n|upkeep\n|\n|t:|1781391142\n|switch|p1a: Sceptile|Sceptile, L87, F|264/264\n|-status|p1a: Sceptile|psn\n|turn|6\n|\n|t:|1781391149\n|switch|p2a: Breloom|Breloom, L83, M|177/235\n|move|p1a: Sceptile|Earthquake|p2a: Breloom\n|-resisted|p2a: Breloom\n|-damage|p2a: Breloom|125/235\n|-damage|p1a: Sceptile|238/264 psn|[from] item: Life Orb\n|\n|-damage|p1a: Sceptile|205/264 psn|[from] psn\n|upkeep\n|turn|7\n|\n|t:|1781391159\n|switch|p1a: Chimecho|Chimecho, L93, M|290/290\n|move|p2a: Breloom|Rock Tomb|p1a: Chimecho\n|-damage|p1a: Chimecho|195/290\n|-unboost|p1a: Chimecho|spe|1\n|-damage|p2a: Breloom|102/235|[from] item: Life Orb\n|\n|-heal|p1a: Chimecho|213/290|[from] item: Leftovers\n|upkeep\n|turn|8\n|\n|t:|1781391163\n|move|p2a: Breloom|Bullet Seed|p1a: Chimecho\n|-damage|p1a: Chimecho|153/290\n|-damage|p1a: Chimecho|93/290\n|-damage|p1a: Chimecho|31/290\n|-hitcount|p1a: Chimecho|3\n|-damage|p2a: Breloom|79/235|[from] item: Life Orb\n|move|p1a: Chimecho|Cosmic Power|p1a: Chimecho\n|-boost|p1a: Chimecho|def|1\n|-boost|p1a: Chimecho|spd|1\n|\n|-heal|p1a: Chimecho|49/290|[from] item: Leftovers\n|upkeep\n|turn|9\n|\n|t:|1781391174\n|move|p2a: Breloom|Bullet Seed|p1a: Chimecho\n|-damage|p1a: Chimecho|10/290\n|-damage|p1a: Chimecho|0 fnt\n|faint|p1a: Chimecho\n|-hitcount|p1: Chimecho|2\n|-damage|p2a: Breloom|56/235|[from] item: Life Orb\n|\n|upkeep\n|-message|monomythic forfeited.\n|\n|win|Node\n", "uploadtime": 1781391065, "views": 3, "formatid": "gen9randombattle", "rating": null, "private": 0, "password": null}