{"id": "gen9randombattle-2631765223", "format": "[Gen 9] Random Battle", "players": ["coolx1", "Barniekiller42064"], "log": "|j|\u2606coolx1\n|j|\u2606Barniekiller42064\n|t:|1781436124\n|gametype|singles\n|player|p1|coolx1|102|2055\n|player|p2|Barniekiller42064|crasherwake|2025\n|gen|9\n|tier|[Gen 9] Random Battle\n|rated|\n|rule|Species Clause: Limit one of each Pok\u00e9mon\n|rule|HP Percentage Mod: HP is shown in percentages\n|rule|Sleep Clause Mod: Limit one foe put to sleep\n|rule|Illusion Level Mod: Illusion disguises the Pok\u00e9mon's true level\n|\n|t:|1781436125\n|teamsize|p1|6\n|teamsize|p2|6\n|start\n|switch|p1a: Cinderace|Cinderace, L77, F|249/249\n|switch|p2a: Drednaw|Drednaw, L81, F|278/278\n|turn|1\n|inactive|Battle timer is ON: inactive players will automatically lose when time's up. (requested by Barniekiller42064)\n|\n|t:|1781436141\n|switch|p2a: Articuno|Articuno, L86|295/295\n|-ability|p2a: Articuno|Pressure\n|move|p1a: Cinderace|High Jump Kick|p2a: Articuno|[miss]\n|-start|p1a: Cinderace|typechange|Fighting|[from] ability: Libero\n|-miss|p1a: Cinderace|p2a: Articuno\n|-damage|p1a: Cinderace|125/249|[from] highjumpkick\n|\n|upkeep\n|turn|2\n|\n|t:|1781436148\n|switch|p1a: Chandelure|Chandelure, L83, F|235/235\n|move|p2a: Articuno|Substitute|p2a: Articuno\n|-start|p2a: Articuno|Substitute\n|-damage|p2a: Articuno|222/295\n|\n|upkeep\n|turn|3\n|\n|t:|1781436156\n|move|p1a: Chandelure|Fire Blast|p2a: Articuno\n|-supereffective|p2a: Articuno\n|-end|p2a: Articuno|Substitute\n|move|p2a: Articuno|Brave Bird|p1a: Chandelure\n|-damage|p1a: Chandelure|118/235\n|-damage|p2a: Articuno|183/295|[from] Recoil\n|\n|upkeep\n|turn|4\n|\n|t:|1781436176\n|switch|p1a: Cinderace|Cinderace, L77, F|125/249\n|move|p2a: Articuno|Substitute|p2a: Articuno\n|-start|p2a: Articuno|Substitute\n|-damage|p2a: Articuno|110/295\n|\n|upkeep\n|turn|5\n|\n|t:|1781436181\n|move|p1a: Cinderace|Pyro Ball|p2a: Articuno\n|-supereffective|p2a: Articuno\n|-end|p2a: Articuno|Substitute\n|move|p2a: Articuno|Brave Bird|p1a: Cinderace\n|-damage|p1a: Cinderace|0 fnt\n|faint|p1a: Cinderace\n|-damage|p2a: Articuno|69/295|[from] Recoil\n|\n|upkeep\n|\n|t:|1781436189\n|switch|p1a: Mewtwo|Mewtwo, L72|272/272\n|-ability|p1a: Mewtwo|Unnerve\n|turn|6\n|j| afdasfafafdsaf\n|\n|t:|1781436200\n|move|p1a: Mewtwo|Aura Sphere|p2a: Articuno\n|-damage|p2a: Articuno|12/295\n|-damage|p1a: Mewtwo|245/272|[from] item: Life Orb\n|move|p2a: Articuno|Brave Bird|p1a: Mewtwo\n|-damage|p1a: Mewtwo|104/272\n|-damage|p2a: Articuno|0 fnt|[from] Recoil\n|faint|p2a: Articuno\n|\n|upkeep\n|\n|t:|1781436206\n|switch|p2a: Leafeon|Leafeon, L88, M|258/258\n|turn|7\n|\n|t:|1781436211\n|move|p1a: Mewtwo|Fire Blast|p2a: Leafeon\n|-supereffective|p2a: Leafeon\n|-damage|p2a: Leafeon|0 fnt\n|faint|p2a: Leafeon\n|-damage|p1a: Mewtwo|77/272|[from] item: Life Orb\n|\n|upkeep\n|inactive|Barniekiller42064 has 120 seconds left.\n|\n|t:|1781436242\n|switch|p2a: Zekrom|Zekrom, L71|259/259\n|-ability|p2a: Zekrom|Teravolt\n|turn|8\n|\n|t:|1781436252\n|move|p1a: Mewtwo|Psystrike|p2a: Zekrom\n|-damage|p2a: Zekrom|111/259\n|-damage|p1a: Mewtwo|50/272|[from] item: Life Orb\n|move|p2a: Zekrom|Dragon Dance|p2a: Zekrom\n|-boost|p2a: Zekrom|atk|1\n|-boost|p2a: Zekrom|spe|1\n|\n|-heal|p2a: Zekrom|127/259|[from] item: Leftovers\n|upkeep\n|turn|9\n|\n|t:|1781436261\n|switch|p1a: Chandelure|Chandelure, L83, F|118/235\n|move|p2a: Zekrom|Bolt Strike|p1a: Chandelure|[miss]\n|-miss|p2a: Zekrom|p1a: Chandelure\n|\n|-heal|p2a: Zekrom|143/259|[from] item: Leftovers\n|upkeep\n|turn|10\n|\n|t:|1781436266\n|move|p1a: Chandelure|Shadow Ball|p2a: Zekrom\n|-damage|p2a: Zekrom|20/259\n|move|p2a: Zekrom|Dragon Dance|p2a: Zekrom\n|-boost|p2a: Zekrom|atk|1\n|-boost|p2a: Zekrom|spe|1\n|\n|-heal|p2a: Zekrom|36/259|[from] item: Leftovers\n|upkeep\n|turn|11\n|\n|t:|1781436278\n|move|p2a: Zekrom|Bolt Strike|p1a: Chandelure\n|-damage|p1a: Chandelure|0 fnt\n|faint|p1a: Chandelure\n|\n|-heal|p2a: Zekrom|52/259|[from] item: Leftovers\n|upkeep\n|\n|t:|1781436286\n|switch|p1a: Arceus|Arceus-Ice, L72|291/291\n|turn|12\n|\n|t:|1781436295\n|move|p2a: Zekrom|Outrage|p1a: Arceus\n|-damage|p1a: Arceus|72/291\n|move|p1a: Arceus|Earth Power|p2a: Zekrom\n|-supereffective|p2a: Zekrom\n|-damage|p2a: Zekrom|0 fnt\n|faint|p2a: Zekrom\n|\n|upkeep\n|\n|t:|1781436308\n|switch|p2a: Cresselia|Cresselia, L80, F|323/323\n|turn|13\n|\n|t:|1781436312\n|move|p1a: Arceus|Recover|p1a: Arceus\n|-heal|p1a: Arceus|218/291\n|move|p2a: Cresselia|Calm Mind|p2a: Cresselia\n|-boost|p2a: Cresselia|spa|1\n|-boost|p2a: Cresselia|spd|1\n|\n|upkeep\n|turn|14\n|\n|t:|1781436320\n|move|p1a: Arceus|Calm Mind|p1a: Arceus\n|-boost|p1a: Arceus|spa|1\n|-boost|p1a: Arceus|spd|1\n|move|p2a: Cresselia|Calm Mind|p2a: Cresselia\n|-boost|p2a: Cresselia|spa|1\n|-boost|p2a: Cresselia|spd|1\n|\n|upkeep\n|turn|15\n|\n|t:|1781436322\n|move|p1a: Arceus|Calm Mind|p1a: Arceus\n|-boost|p1a: Arceus|spa|1\n|-boost|p1a: Arceus|spd|1\n|move|p2a: Cresselia|Calm Mind|p2a: Cresselia\n|-boost|p2a: Cresselia|spa|1\n|-boost|p2a: Cresselia|spd|1\n|\n|upkeep\n|turn|16\n|\n|t:|1781436327\n|move|p1a: Arceus|Calm Mind|p1a: Arceus\n|-boost|p1a: Arceus|spa|1\n|-boost|p1a: Arceus|spd|1\n|move|p2a: Cresselia|Calm Mind|p2a: Cresselia\n|-boost|p2a: Cresselia|spa|1\n|-boost|p2a: Cresselia|spd|1\n|\n|upkeep\n|turn|17\n|\n|t:|1781436336\n|move|p1a: Arceus|Calm Mind|p1a: Arceus\n|-boost|p1a: Arceus|spa|1\n|-boost|p1a: Arceus|spd|1\n|move|p2a: Cresselia|Calm Mind|p2a: Cresselia\n|-boost|p2a: Cresselia|spa|1\n|-boost|p2a: Cresselia|spd|1\n|\n|upkeep\n|turn|18\n|\n|t:|1781436340\n|move|p1a: Arceus|Judgment|p2a: Cresselia\n|-damage|p2a: Cresselia|247/323\n|move|p2a: Cresselia|Calm Mind|p2a: Cresselia\n|-boost|p2a: Cresselia|spa|1\n|-boost|p2a: Cresselia|spd|1\n|\n|-heal|p2a: Cresselia|267/323|[from] item: Leftovers\n|upkeep\n|turn|19\n|\n|t:|1781436344\n|move|p1a: Arceus|Calm Mind|p1a: Arceus\n|-boost|p1a: Arceus|spa|1\n|-boost|p1a: Arceus|spd|1\n|move|p2a: Cresselia|Psyshock|p1a: Arceus\n|-damage|p1a: Arceus|0 fnt\n|faint|p1a: Arceus\n|\n|-heal|p2a: Cresselia|287/323|[from] item: Leftovers\n|upkeep\n|\n|t:|1781436352\n|switch|p1a: Mewtwo|Mewtwo, L72|50/272\n|-ability|p1a: Mewtwo|Unnerve\n|turn|20\n|\n|t:|1781436363\n|-terastallize|p1a: Mewtwo|Psychic\n|move|p1a: Mewtwo|Psystrike|p2a: Cresselia\n|-resisted|p2a: Cresselia\n|-damage|p2a: Cresselia|199/323\n|-damage|p1a: Mewtwo|23/272|[from] item: Life Orb\n|move|p2a: Cresselia|Psyshock|p1a: Mewtwo\n|-resisted|p1a: Mewtwo\n|-damage|p1a: Mewtwo|0 fnt\n|faint|p1a: Mewtwo\n|\n|-heal|p2a: Cresselia|219/323|[from] item: Leftovers\n|upkeep\n|-message|coolx1 forfeited.\n|\n|win|Barniekiller42064\n|raw|coolx1's rating: 2055 &rarr; <strong>2033</strong><br />(-22 for losing)\n|raw|Barniekiller42064's rating: 2025 &rarr; <strong>2047</strong><br />(+22 for winning)\n", "uploadtime": 1781436126, "views": 3, "formatid": "gen9randombattle", "rating": 2033, "private": 0, "password": null}