{"id": "gen9randombattle-2631621225", "format": "[Gen 9] Random Battle", "players": ["Kombuchaa", "LiggyLiggy"], "log": "|j|\u2606Kombuchaa\n|j|\u203dLiggyLiggy\n|t:|1781410140\n|gametype|singles\n|player|p1|Kombuchaa|2|1843\n|player|p2|LiggyLiggy|169|1911\n|gen|9\n|tier|[Gen 9] Random Battle\n|rated|\n|rule|Species Clause: Limit one of each Pok\u00e9mon\n|rule|HP Percentage Mod: HP is shown in percentages\n|rule|Sleep Clause Mod: Limit one foe put to sleep\n|rule|Illusion Level Mod: Illusion disguises the Pok\u00e9mon's true level\n|\n|t:|1781410140\n|teamsize|p1|6\n|teamsize|p2|6\n|start\n|switch|p1a: Arcanine|Arcanine-Hisui, L79, M|279/279\n|switch|p2a: Staraptor|Staraptor, L79, F|263/263\n|turn|1\n|inactive|Battle timer is ON: inactive players will automatically lose when time's up. (requested by Kombuchaa)\n|\n|t:|1781410148\n|move|p2a: Staraptor|Close Combat|p1a: Arcanine\n|-supereffective|p1a: Arcanine\n|-damage|p1a: Arcanine|0 fnt\n|-unboost|p2a: Staraptor|def|1\n|-unboost|p2a: Staraptor|spd|1\n|faint|p1a: Arcanine\n|\n|upkeep\n|\n|t:|1781410155\n|switch|p1a: Espathra|Espathra, L80, M|283/283\n|turn|2\n|\n|t:|1781410170\n|switch|p2a: Slither Wing|Slither Wing, L81|270/270\n|move|p1a: Espathra|Lumina Crash|p2a: Slither Wing\n|-supereffective|p2a: Slither Wing\n|-damage|p2a: Slither Wing|60/270\n|-unboost|p2a: Slither Wing|spd|2\n|\n|-ability|p1a: Espathra|Speed Boost|boost\n|-boost|p1a: Espathra|spe|1\n|upkeep\n|turn|3\n|\n|t:|1781410177\n|move|p2a: Slither Wing|First Impression|p1a: Espathra\n|-supereffective|p1a: Espathra\n|-damage|p1a: Espathra|0 fnt\n|faint|p1a: Espathra\n|-damage|p2a: Slither Wing|33/270|[from] item: Life Orb\n|\n|upkeep\n|\n|t:|1781410186\n|switch|p1a: Hawlucha|Hawlucha, L80, M|256/256\n|turn|4\n|inactive|LiggyLiggy has 120 seconds left.\n|\n|t:|1781410226\n|move|p1a: Hawlucha|Swords Dance|p1a: Hawlucha\n|-boost|p1a: Hawlucha|atk|2\n|move|p2a: Slither Wing|U-turn|p1a: Hawlucha\n|-resisted|p1a: Hawlucha\n|-damage|p1a: Hawlucha|221/256\n|-damage|p2a: Slither Wing|6/270|[from] item: Life Orb\n|inactive|LiggyLiggy has 90 seconds left.\n|\n|t:|1781410260\n|-end|p2a: Slither Wing|Protosynthesis|[silent]\n|switch|p2a: Staraptor|Staraptor, L79, F|263/263|[from] U-turn\n|\n|upkeep\n|turn|5\n|\n|t:|1781410274\n|move|p1a: Hawlucha|Close Combat|p2a: Staraptor\n|-damage|p2a: Staraptor|0 fnt\n|-unboost|p1a: Hawlucha|def|1\n|-unboost|p1a: Hawlucha|spd|1\n|faint|p2a: Staraptor\n|-enditem|p1a: Hawlucha|White Herb\n|-clearnegativeboost|p1a: Hawlucha|[silent]\n|\n|upkeep\n|inactive|LiggyLiggy has 90 seconds left.\n|\n|t:|1781410289\n|switch|p2a: Mew|Mew, L82|298/298\n|turn|6\n|\n|t:|1781410294\n|move|p1a: Hawlucha|Brave Bird|p2a: Mew\n|-damage|p2a: Mew|87/298\n|-damage|p1a: Hawlucha|151/256|[from] Recoil\n|move|p2a: Mew|Psychic Fangs|p1a: Hawlucha\n|-supereffective|p1a: Hawlucha\n|-damage|p1a: Hawlucha|0 fnt\n|faint|p1a: Hawlucha\n|-damage|p2a: Mew|58/298|[from] item: Life Orb\n|\n|upkeep\n|\n|t:|1781410307\n|switch|p1a: Cloyster|Cloyster, L80, F|211/211\n|turn|7\n|inactive|LiggyLiggy has 90 seconds left.\n|\n|t:|1781410337\n|move|p2a: Mew|Close Combat|p1a: Cloyster\n|-supereffective|p1a: Cloyster\n|-damage|p1a: Cloyster|78/211\n|-unboost|p2a: Mew|def|1\n|-unboost|p2a: Mew|spd|1\n|-damage|p2a: Mew|29/298|[from] item: Life Orb\n|move|p1a: Cloyster|Shell Smash|p1a: Cloyster\n|-unboost|p1a: Cloyster|def|1\n|-unboost|p1a: Cloyster|spd|1\n|-boost|p1a: Cloyster|atk|2\n|-boost|p1a: Cloyster|spa|2\n|-boost|p1a: Cloyster|spe|2\n|-enditem|p1a: Cloyster|White Herb\n|-clearnegativeboost|p1a: Cloyster|[silent]\n|\n|upkeep\n|turn|8\n|\n|t:|1781410353\n|move|p1a: Cloyster|Icicle Spear|p2a: Mew\n|-crit|p2a: Mew\n|-damage|p2a: Mew|0 fnt\n|faint|p2a: Mew\n|-hitcount|p2: Mew|1\n|\n|upkeep\n|\n|t:|1781410356\n|switch|p2a: Slither Wing|Slither Wing, L81|6/270\n|turn|9\n|\n|t:|1781410359\n|-terastallize|p1a: Cloyster|Rock\n|move|p2a: Slither Wing|First Impression|p1a: Cloyster\n|-crit|p1a: Cloyster\n|-damage|p1a: Cloyster|0 fnt\n|faint|p1a: Cloyster\n|-damage|p2a: Slither Wing|0 fnt|[from] item: Life Orb\n|faint|p2a: Slither Wing\n|-end|p2a: Slither Wing|Protosynthesis|[silent]\n|\n|upkeep\n|\n|t:|1781410367\n|switch|p2a: Gumshoos|Gumshoos, L95, F|321/321\n|switch|p1a: Maushold|Maushold-Four, L76|238/238\n|turn|10\n|\n|t:|1781410375\n|move|p1a: Maushold|Tidy Up|p1a: Maushold\n|-boost|p1a: Maushold|atk|1\n|-boost|p1a: Maushold|spe|1\n|move|p2a: Gumshoos|Double-Edge|p1a: Maushold\n|-damage|p1a: Maushold|0 fnt\n|faint|p1a: Maushold\n|-damage|p2a: Gumshoos|242/321|[from] Recoil\n|\n|upkeep\n|\n|t:|1781410378\n|switch|p1a: Thundurus|Thundurus-Therian, L80, M|258/258\n|turn|11\n|\n|t:|1781410383\n|move|p1a: Thundurus|Nasty Plot|p1a: Thundurus\n|-boost|p1a: Thundurus|spa|2\n|move|p2a: Gumshoos|Double-Edge|p1a: Thundurus\n|-damage|p1a: Thundurus|0 fnt\n|faint|p1a: Thundurus\n|-damage|p2a: Gumshoos|157/321|[from] Recoil\n|\n|win|LiggyLiggy\n|raw|Kombuchaa's rating: 1843 &rarr; <strong>1826</strong><br />(-17 for losing)\n|raw|LiggyLiggy's rating: 1892 &rarr; <strong>1909</strong><br />(+17 for winning)\n", "uploadtime": 1781410383, "views": 2, "formatid": "gen9randombattle", "rating": 1826, "private": 0, "password": null}