{"id": "gen9randombattle-2631628848", "format": "[Gen 9] Random Battle", "players": ["balotellibro", "suchalongnam"], "log": "|j|\u2606balotellibro\n|j|\u2606suchalongnam\n|t:|1781411341\n|gametype|singles\n|player|p1|balotellibro|265|1909\n|player|p2|suchalongnam|266|1970\n|gen|9\n|tier|[Gen 9] Random Battle\n|rated|\n|rule|Species Clause: Limit one of each Pok\u00e9mon\n|rule|HP Percentage Mod: HP is shown in percentages\n|rule|Sleep Clause Mod: Limit one foe put to sleep\n|rule|Illusion Level Mod: Illusion disguises the Pok\u00e9mon's true level\n|\n|t:|1781411341\n|teamsize|p1|6\n|teamsize|p2|6\n|start\n|switch|p1a: Plusle|Plusle, L95, F|268/268\n|switch|p2a: Kleavor|Kleavor, L78, M|237/237\n|turn|1\n|\n|t:|1781411351\n|move|p1a: Plusle|Thunderbolt|p2a: Kleavor\n|-damage|p2a: Kleavor|62/237\n|-damage|p1a: Plusle|242/268|[from] item: Life Orb\n|move|p2a: Kleavor|Stone Axe|p1a: Plusle\n|-damage|p1a: Plusle|50/268\n|-sidestart|p1: balotellibro|move: Stealth Rock\n|\n|upkeep\n|turn|2\n|\n|t:|1781411357\n|move|p1a: Plusle|Thunderbolt|p2a: Kleavor\n|-damage|p2a: Kleavor|0 fnt\n|faint|p2a: Kleavor\n|-damage|p1a: Plusle|24/268|[from] item: Life Orb\n|\n|upkeep\n|\n|t:|1781411367\n|switch|p2a: Luvdisc|Luvdisc, M|247/247\n|turn|3\n|\n|t:|1781411395\n|switch|p1a: Dachsbun|Dachsbun, L92, F|254/254\n|-damage|p1a: Dachsbun|223/254|[from] Stealth Rock\n|move|p2a: Luvdisc|Surf|p1a: Dachsbun\n|-damage|p1a: Dachsbun|147/254\n|\n|-heal|p1a: Dachsbun|162/254|[from] item: Leftovers\n|upkeep\n|turn|4\n|inactive|Battle timer is ON: inactive players will automatically lose when time's up. (requested by balotellibro)\n|\n|t:|1781411414\n|move|p2a: Luvdisc|Substitute|p2a: Luvdisc\n|-start|p2a: Luvdisc|Substitute\n|-damage|p2a: Luvdisc|186/247\n|move|p1a: Dachsbun|Wish|p1a: Dachsbun\n|\n|-heal|p1a: Dachsbun|177/254|[from] item: Leftovers\n|upkeep\n|turn|5\n|inactive|balotellibro has 120 seconds left.\n|inactive|balotellibro has 90 seconds left.\n|\n|t:|1781411478\n|move|p2a: Luvdisc|Surf|p1a: Dachsbun\n|-damage|p1a: Dachsbun|102/254\n|move|p1a: Dachsbun|Play Rough|p2a: Luvdisc\n|-end|p2a: Luvdisc|Substitute\n|\n|-heal|p1a: Dachsbun|229/254|[from] move: Wish|[wisher] Dachsbun\n|-heal|p1a: Dachsbun|244/254|[from] item: Leftovers\n|upkeep\n|turn|6\n|\n|t:|1781411488\n|move|p2a: Luvdisc|Substitute|p2a: Luvdisc\n|-start|p2a: Luvdisc|Substitute\n|-damage|p2a: Luvdisc|125/247\n|move|p1a: Dachsbun|Play Rough|p2a: Luvdisc\n|-end|p2a: Luvdisc|Substitute\n|\n|-heal|p1a: Dachsbun|254/254|[from] item: Leftovers\n|upkeep\n|turn|7\n|\n|t:|1781411493\n|move|p2a: Luvdisc|Substitute|p2a: Luvdisc\n|-start|p2a: Luvdisc|Substitute\n|-damage|p2a: Luvdisc|64/247\n|move|p1a: Dachsbun|Play Rough|p2a: Luvdisc\n|-end|p2a: Luvdisc|Substitute\n|\n|upkeep\n|turn|8\n|\n|t:|1781411495\n|move|p2a: Luvdisc|Substitute|p2a: Luvdisc\n|-start|p2a: Luvdisc|Substitute\n|-damage|p2a: Luvdisc|3/247\n|move|p1a: Dachsbun|Play Rough|p2a: Luvdisc\n|-end|p2a: Luvdisc|Substitute\n|\n|upkeep\n|turn|9\n|inactive|balotellibro has 120 seconds left.\n|\n|t:|1781411510\n|move|p2a: Luvdisc|Endeavor|p1a: Dachsbun\n|-damage|p1a: Dachsbun|3/254\n|move|p1a: Dachsbun|Play Rough|p2a: Luvdisc\n|-damage|p2a: Luvdisc|0 fnt\n|faint|p2a: Luvdisc\n|\n|-heal|p1a: Dachsbun|18/254|[from] item: Leftovers\n|upkeep\n|\n|t:|1781411519\n|switch|p2a: Porygon2|Porygon2, L81|270/270\n|-ability|p2a: Porygon2|Download|boost\n|-boost|p2a: Porygon2|spa|1\n|turn|10\n|inactive|balotellibro has 120 seconds left.\n|\n|t:|1781411532\n|move|p1a: Dachsbun|Protect|p1a: Dachsbun\n|-singleturn|p1a: Dachsbun|Protect\n|move|p2a: Porygon2|Tera Blast|p1a: Dachsbun\n|-activate|p1a: Dachsbun|move: Protect\n|\n|-heal|p1a: Dachsbun|33/254|[from] item: Leftovers\n|upkeep\n|turn|11\n|\n|t:|1781411536\n|move|p1a: Dachsbun|Yawn|p2a: Porygon2\n|-start|p2a: Porygon2|move: Yawn|[of] p1a: Dachsbun\n|move|p2a: Porygon2|Tera Blast|p1a: Dachsbun\n|-damage|p1a: Dachsbun|0 fnt\n|faint|p1a: Dachsbun\n|\n|upkeep\n|\n|t:|1781411538\n|switch|p1a: Excadrill|Excadrill, L79, F|303/303\n|-damage|p1a: Excadrill|294/303|[from] Stealth Rock\n|-ability|p1a: Excadrill|Mold Breaker\n|turn|12\n|\n|t:|1781411543\n|switch|p2a: Ting-Lu|Ting-Lu, L78|370/370\n|-ability|p2a: Ting-Lu|Vessel of Ruin\n|move|p1a: Excadrill|Rapid Spin|p2a: Ting-Lu\n|-damage|p2a: Ting-Lu|333/370\n|-boost|p1a: Excadrill|spe|1\n|-sideend|p1: balotellibro|Stealth Rock|[from] move: Rapid Spin|[of] p1a: Excadrill\n|\n|-heal|p1a: Excadrill|303/303|[from] item: Leftovers\n|-heal|p2a: Ting-Lu|356/370|[from] item: Leftovers\n|upkeep\n|turn|13\n|\n|t:|1781411550\n|switch|p1a: Torterra|Torterra, L78, M|276/276\n|move|p2a: Ting-Lu|Earthquake|p1a: Torterra\n|-resisted|p1a: Torterra\n|-damage|p1a: Torterra|231/276\n|\n|-heal|p2a: Ting-Lu|370/370|[from] item: Leftovers\n|upkeep\n|turn|14\n|\n|t:|1781411569\n|switch|p2a: Porygon2|Porygon2, L81|270/270\n|-ability|p2a: Porygon2|Download|boost\n|-boost|p2a: Porygon2|spa|1\n|move|p1a: Torterra|Shell Smash|p1a: Torterra\n|-unboost|p1a: Torterra|def|1\n|-unboost|p1a: Torterra|spd|1\n|-boost|p1a: Torterra|atk|2\n|-boost|p1a: Torterra|spa|2\n|-boost|p1a: Torterra|spe|2\n|\n|upkeep\n|turn|15\n|\n|t:|1781411583\n|-terastallize|p1a: Torterra|Rock\n|move|p1a: Torterra|Bullet Seed|p2a: Porygon2\n|-damage|p2a: Porygon2|237/270\n|-damage|p2a: Porygon2|201/270\n|-damage|p2a: Porygon2|168/270\n|-damage|p2a: Porygon2|135/270\n|-damage|p2a: Porygon2|99/270\n|-hitcount|p2a: Porygon2|5\n|move|p2a: Porygon2|Tera Blast|p1a: Torterra\n|-resisted|p1a: Torterra\n|-damage|p1a: Torterra|132/276\n|\n|upkeep\n|turn|16\n|\n|t:|1781411593\n|move|p1a: Torterra|Bullet Seed|p2a: Porygon2\n|-damage|p2a: Porygon2|62/270\n|-damage|p2a: Porygon2|25/270\n|-damage|p2a: Porygon2|0 fnt\n|faint|p2a: Porygon2\n|-hitcount|p2: Porygon2|3\n|\n|upkeep\n|\n|t:|1781411599\n|switch|p2a: Oricorio|Oricorio, L84, F|263/263\n|turn|17\n|\n|t:|1781411604\n|-terastallize|p2a: Oricorio|Ground\n|move|p1a: Torterra|Rock Blast|p2a: Oricorio|[miss]\n|-miss|p1a: Torterra|p2a: Oricorio\n|move|p2a: Oricorio|Revelation Dance|p1a: Torterra\n|-supereffective|p1a: Torterra\n|-damage|p1a: Torterra|0 fnt\n|faint|p1a: Torterra\n|\n|upkeep\n|c|\u2606balotellibro|i knew i was missing anyway lmao\n|\n|t:|1781411614\n|switch|p1a: Baxcalibur|Baxcalibur, L75, F|295/295\n|turn|18\n|\n|t:|1781411618\n|switch|p2a: Kyogre|Kyogre, L71|259/259\n|-weather|RainDance|[from] ability: Drizzle|[of] p2a: Kyogre\n|move|p1a: Baxcalibur|Icicle Spear|p2a: Kyogre\n|-resisted|p2a: Kyogre\n|-damage|p2a: Kyogre|241/259\n|-resisted|p2a: Kyogre\n|-damage|p2a: Kyogre|223/259\n|-resisted|p2a: Kyogre\n|-damage|p2a: Kyogre|206/259\n|-resisted|p2a: Kyogre\n|-damage|p2a: Kyogre|188/259\n|-hitcount|p2a: Kyogre|4\n|\n|-weather|RainDance|[upkeep]\n|-heal|p2a: Kyogre|204/259|[from] item: Leftovers\n|upkeep\n|turn|19\n|\n|t:|1781411624\n|switch|p1a: Hawlucha|Hawlucha, L80, F|256/256\n|move|p2a: Kyogre|Origin Pulse|p1a: Hawlucha\n|-damage|p1a: Hawlucha|19/256\n|\n|-weather|RainDance|[upkeep]\n|-heal|p2a: Kyogre|220/259|[from] item: Leftovers\n|upkeep\n|turn|20\n|\n|t:|1781411629\n|move|p1a: Hawlucha|Close Combat|p2a: Kyogre\n|-damage|p2a: Kyogre|88/259\n|-unboost|p1a: Hawlucha|def|1\n|-unboost|p1a: Hawlucha|spd|1\n|-enditem|p1a: Hawlucha|White Herb\n|-clearnegativeboost|p1a: Hawlucha|[silent]\n|move|p2a: Kyogre|Ice Beam|p1a: Hawlucha\n|-supereffective|p1a: Hawlucha\n|-damage|p1a: Hawlucha|0 fnt\n|faint|p1a: Hawlucha\n|\n|-weather|RainDance|[upkeep]\n|-heal|p2a: Kyogre|104/259|[from] item: Leftovers\n|upkeep\n|inactive|balotellibro has 120 seconds left.\n|\n|t:|1781411671\n|switch|p1a: Excadrill|Excadrill, L79, F|303/303\n|-ability|p1a: Excadrill|Mold Breaker\n|turn|21\n|\n|t:|1781411680\n|move|p1a: Excadrill|Earthquake|p2a: Kyogre\n|-damage|p2a: Kyogre|0 fnt\n|faint|p2a: Kyogre\n|\n|-weather|RainDance|[upkeep]\n|upkeep\n|\n|t:|1781411687\n|switch|p2a: Ting-Lu|Ting-Lu, L78|370/370\n|-ability|p2a: Ting-Lu|Vessel of Ruin\n|turn|22\n|\n|t:|1781411696\n|move|p1a: Excadrill|Earthquake|p2a: Ting-Lu\n|-damage|p2a: Ting-Lu|265/370\n|move|p2a: Ting-Lu|Earthquake|p1a: Excadrill\n|-supereffective|p1a: Excadrill\n|-damage|p1a: Excadrill|15/303\n|\n|-weather|none\n|-heal|p1a: Excadrill|33/303|[from] item: Leftovers\n|-heal|p2a: Ting-Lu|288/370|[from] item: Leftovers\n|upkeep\n|turn|23\n|\n|t:|1781411702\n|move|p1a: Excadrill|Earthquake|p2a: Ting-Lu\n|-damage|p2a: Ting-Lu|189/370\n|move|p2a: Ting-Lu|Earthquake|p1a: Excadrill\n|-supereffective|p1a: Excadrill\n|-damage|p1a: Excadrill|0 fnt\n|faint|p1a: Excadrill\n|\n|-heal|p2a: Ting-Lu|212/370|[from] item: Leftovers\n|upkeep\n|\n|t:|1781411707\n|switch|p1a: Plusle|Plusle, L95, F|24/268\n|turn|24\n|\n|t:|1781411715\n|move|p1a: Plusle|Grass Knot|p2a: Ting-Lu\n|-supereffective|p2a: Ting-Lu\n|-crit|p2a: Ting-Lu\n|-damage|p2a: Ting-Lu|0 fnt\n|faint|p2a: Ting-Lu\n|-damage|p1a: Plusle|0 fnt|[from] item: Life Orb\n|faint|p1a: Plusle\n|\n|upkeep\n|\n|t:|1781411718\n|switch|p1a: Baxcalibur|Baxcalibur, L75, F|295/295\n|switch|p2a: Oricorio|Oricorio, L84, F, tera:Ground|263/263\n|turn|25\n|\n|t:|1781411722\n|move|p2a: Oricorio|Hurricane|p1a: Baxcalibur\n|-damage|p1a: Baxcalibur|165/295\n|move|p1a: Baxcalibur|Icicle Spear|p2a: Oricorio\n|-supereffective|p2a: Oricorio\n|-damage|p2a: Oricorio|189/263\n|-supereffective|p2a: Oricorio\n|-damage|p2a: Oricorio|115/263\n|-supereffective|p2a: Oricorio\n|-damage|p2a: Oricorio|41/263\n|-supereffective|p2a: Oricorio\n|-damage|p2a: Oricorio|0 fnt\n|faint|p2a: Oricorio\n|-hitcount|p2: Oricorio|4\n|\n|win|balotellibro\n|raw|balotellibro's rating: 1891 &rarr; <strong>1915</strong><br />(+24 for winning)\n|raw|suchalongnam's rating: 1970 &rarr; <strong>1946</strong><br />(-24 for losing)\n", "uploadtime": 1781411342, "views": 4, "formatid": "gen9randombattle", "rating": 1915, "private": 0, "password": null}