{"id": "gen9randombattle-2631879474", "format": "[Gen 9] Random Battle", "players": ["Scarf bonsley", "barretjd"], "log": "|j|\u2606Scarf bonsley\n|j|\u2606barretjd\n|t:|1781451309\n|gametype|singles\n|player|p1|Scarf bonsley|marlon|2220\n|player|p2|barretjd|101|2239\n|gen|9\n|tier|[Gen 9] Random Battle\n|rated|\n|rule|Species Clause: Limit one of each Pok\u00e9mon\n|rule|HP Percentage Mod: HP is shown in percentages\n|rule|Sleep Clause Mod: Limit one foe put to sleep\n|rule|Illusion Level Mod: Illusion disguises the Pok\u00e9mon's true level\n|\n|t:|1781451309\n|teamsize|p1|6\n|teamsize|p2|6\n|start\n|switch|p1a: Copperajah|Copperajah, L86, F|350/350\n|switch|p2a: Dragalge|Dragalge, L88, M|258/258\n|turn|1\n|\n|t:|1781451326\n|move|p2a: Dragalge|Flip Turn|p1a: Copperajah\n|-damage|p1a: Copperajah|304/350\n|inactive|Battle timer is ON: inactive players will automatically lose when time's up. (requested by Scarf bonsley)\n|\n|t:|1781451329\n|switch|p2a: Metagross|Metagross, L79|256/256|[from] Flip Turn\n|move|p1a: Copperajah|Iron Head|p2a: Metagross\n|-resisted|p2a: Metagross\n|-damage|p2a: Metagross|188/256\n|\n|upkeep\n|turn|2\n|\n|t:|1781451357\n|switch|p1a: Kricketune|Kricketune, L99, F|312/312\n|move|p2a: Metagross|Earthquake|p1a: Kricketune\n|-resisted|p1a: Kricketune\n|-damage|p1a: Kricketune|266/312\n|\n|upkeep\n|turn|3\n|\n|t:|1781451366\n|move|p1a: Kricketune|Sticky Web|p2a: Metagross\n|-sidestart|p2: barretjd|move: Sticky Web\n|move|p2a: Metagross|Agility|p2a: Metagross\n|-boost|p2a: Metagross|spe|2\n|\n|upkeep\n|turn|4\n|\n|t:|1781451373\n|move|p2a: Metagross|Psychic Fangs|p1a: Kricketune\n|-damage|p1a: Kricketune|140/312\n|move|p1a: Kricketune|Pounce|p2a: Metagross\n|-crit|p2a: Metagross\n|-damage|p2a: Metagross|62/256\n|\n|upkeep\n|turn|5\n|\n|t:|1781451381\n|switch|p1a: Copperajah|Copperajah, L86, F|304/350\n|move|p2a: Metagross|Heavy Slam|p1a: Copperajah\n|-resisted|p1a: Copperajah\n|-damage|p1a: Copperajah|277/350\n|\n|upkeep\n|turn|6\n|\n|t:|1781451386\n|move|p2a: Metagross|Earthquake|p1a: Copperajah\n|-supereffective|p1a: Copperajah\n|-damage|p1a: Copperajah|81/350\n|move|p1a: Copperajah|Superpower|p2a: Metagross\n|-crit|p2a: Metagross\n|-damage|p2a: Metagross|0 fnt\n|-unboost|p1a: Copperajah|atk|1\n|-unboost|p1a: Copperajah|def|1\n|faint|p2a: Metagross\n|-damage|p1a: Copperajah|46/350|[from] item: Life Orb\n|\n|upkeep\n|\n|t:|1781451403\n|switch|p2a: Fezandipiti|Fezandipiti, L82, M|278/278\n|-activate|p2a: Fezandipiti|move: Sticky Web\n|-unboost|p2a: Fezandipiti|spe|1\n|turn|7\n|\n|t:|1781451406\n|move|p2a: Fezandipiti|Beat Up|p1a: Copperajah\n|-damage|p1a: Copperajah|31/350\n|-damage|p1a: Copperajah|20/350\n|-damage|p1a: Copperajah|5/350\n|-damage|p1a: Copperajah|0 fnt\n|faint|p1a: Copperajah\n|-hitcount|p1: Copperajah|4\n|\n|upkeep\n|\n|t:|1781451410\n|switch|p1a: Mamoswine|Mamoswine, L81, F|311/311\n|turn|8\n|j| matilda1\n|\n|t:|1781451430\n|switch|p2a: Illumise|Illumise, L91, F|266/266\n|move|p1a: Mamoswine|Earthquake|p2a: Illumise\n|-resisted|p2a: Illumise\n|-damage|p2a: Illumise|170/266\n|\n|upkeep\n|turn|9\n|\n|t:|1781451438\n|switch|p1a: Magcargo|Magcargo, L95, M|268/268\n|move|p2a: Illumise|Bug Buzz|p1a: Magcargo\n|-resisted|p1a: Magcargo\n|-damage|p1a: Magcargo|223/268\n|\n|upkeep\n|turn|10\n|\n|t:|1781451453\n|switch|p2a: Dragalge|Dragalge, L88, M|258/258\n|-activate|p2a: Dragalge|move: Sticky Web\n|-unboost|p2a: Dragalge|spe|1\n|switch|p1a: Mamoswine|Mamoswine, L81, F|311/311\n|\n|upkeep\n|turn|11\n|\n|t:|1781451459\n|switch|p2a: Illumise|Illumise, L91, F|170/266\n|move|p1a: Mamoswine|Earthquake|p2a: Illumise\n|-resisted|p2a: Illumise\n|-damage|p2a: Illumise|65/266\n|\n|upkeep\n|turn|12\n|\n|t:|1781451464\n|switch|p1a: Magcargo|Magcargo, L95, M|223/268\n|move|p2a: Illumise|Roost|p2a: Illumise\n|-heal|p2a: Illumise|198/266\n|-singleturn|p2a: Illumise|move: Roost\n|\n|upkeep\n|turn|13\n|\n|t:|1781451467\n|switch|p2a: Dragalge|Dragalge, L88, M|258/258\n|-activate|p2a: Dragalge|move: Sticky Web\n|-unboost|p2a: Dragalge|spe|1\n|move|p1a: Magcargo|Lava Plume|p2a: Dragalge\n|-resisted|p2a: Dragalge\n|-damage|p2a: Dragalge|219/258\n|-status|p2a: Dragalge|brn\n|\n|-damage|p2a: Dragalge|203/258 brn|[from] brn\n|upkeep\n|turn|14\n|\n|t:|1781451475\n|move|p1a: Magcargo|Power Gem|p2a: Dragalge\n|-damage|p2a: Dragalge|133/258 brn\n|move|p2a: Dragalge|Focus Blast|p1a: Magcargo\n|-supereffective|p1a: Magcargo\n|-damage|p1a: Magcargo|0 fnt\n|faint|p1a: Magcargo\n|\n|-damage|p2a: Dragalge|117/258 brn|[from] brn\n|upkeep\n|\n|t:|1781451480\n|switch|p1a: Mamoswine|Mamoswine, L81, F|311/311\n|turn|15\n|\n|t:|1781451486\n|switch|p2a: Illumise|Illumise, L91, F|198/266\n|move|p1a: Mamoswine|Earthquake|p2a: Illumise\n|-resisted|p2a: Illumise\n|-damage|p2a: Illumise|99/266\n|\n|upkeep\n|turn|16\n|\n|t:|1781451489\n|move|p2a: Illumise|Roost|p2a: Illumise\n|-heal|p2a: Illumise|232/266\n|-singleturn|p2a: Illumise|move: Roost\n|move|p1a: Mamoswine|Earthquake|p2a: Illumise\n|-resisted|p2a: Illumise\n|-damage|p2a: Illumise|130/266\n|\n|upkeep\n|turn|17\n|\n|t:|1781451492\n|move|p2a: Illumise|Roost|p2a: Illumise\n|-heal|p2a: Illumise|263/266\n|-singleturn|p2a: Illumise|move: Roost\n|move|p1a: Mamoswine|Earthquake|p2a: Illumise\n|-resisted|p2a: Illumise\n|-damage|p2a: Illumise|164/266\n|\n|upkeep\n|turn|18\n|\n|t:|1781451495\n|switch|p1a: Kricketune|Kricketune, L99, F|140/312\n|move|p2a: Illumise|Bug Buzz|p1a: Kricketune\n|-damage|p1a: Kricketune|25/312\n|-unboost|p1a: Kricketune|spd|1\n|\n|upkeep\n|turn|19\n|\n|t:|1781451499\n|move|p2a: Illumise|Bug Buzz|p1a: Kricketune\n|-damage|p1a: Kricketune|0 fnt\n|faint|p1a: Kricketune\n|\n|upkeep\n|\n|t:|1781451500\n|switch|p1a: Blaziken|Blaziken, L76, F|247/247\n|turn|20\n|\n|t:|1781451503\n|move|p2a: Illumise|Thunder Wave|p1a: Blaziken\n|-status|p1a: Blaziken|par\n|move|p1a: Blaziken|Flare Blitz|p2a: Illumise\n|-supereffective|p2a: Illumise\n|-damage|p2a: Illumise|0 fnt\n|faint|p2a: Illumise\n|-damage|p1a: Blaziken|193/247 par|[from] Recoil\n|-damage|p1a: Blaziken|169/247 par|[from] item: Life Orb\n|\n|-ability|p1a: Blaziken|Speed Boost|boost\n|-boost|p1a: Blaziken|spe|1\n|upkeep\n|\n|t:|1781451510\n|switch|p2a: Espathra|Espathra, L80, M|283/283\n|-activate|p2a: Espathra|move: Sticky Web\n|-unboost|p2a: Espathra|spe|1\n|turn|21\n|\n|t:|1781451513\n|move|p2a: Espathra|Substitute|p2a: Espathra\n|-start|p2a: Espathra|Substitute\n|-damage|p2a: Espathra|213/283\n|move|p1a: Blaziken|Flare Blitz|p2a: Espathra\n|-end|p2a: Espathra|Substitute\n|-damage|p1a: Blaziken|146/247 par|[from] Recoil|[of] p2a: Espathra\n|-damage|p1a: Blaziken|122/247 par|[from] item: Life Orb\n|\n|-heal|p2a: Espathra|230/283|[from] item: Leftovers\n|-ability|p2a: Espathra|Speed Boost|boost\n|-boost|p2a: Espathra|spe|1\n|-ability|p1a: Blaziken|Speed Boost|boost\n|-boost|p1a: Blaziken|spe|1\n|upkeep\n|turn|22\n|\n|t:|1781451536\n|move|p2a: Espathra|Substitute|p2a: Espathra\n|-start|p2a: Espathra|Substitute\n|-damage|p2a: Espathra|160/283\n|move|p1a: Blaziken|Flare Blitz|p2a: Espathra\n|-end|p2a: Espathra|Substitute\n|-damage|p1a: Blaziken|99/247 par|[from] Recoil|[of] p2a: Espathra\n|-damage|p1a: Blaziken|75/247 par|[from] item: Life Orb\n|\n|-heal|p2a: Espathra|177/283|[from] item: Leftovers\n|-ability|p2a: Espathra|Speed Boost|boost\n|-boost|p2a: Espathra|spe|1\n|-ability|p1a: Blaziken|Speed Boost|boost\n|-boost|p1a: Blaziken|spe|1\n|upkeep\n|turn|23\n|\n|t:|1781451548\n|move|p2a: Espathra|Substitute|p2a: Espathra\n|-start|p2a: Espathra|Substitute\n|-damage|p2a: Espathra|107/283\n|move|p1a: Blaziken|Flare Blitz|p2a: Espathra\n|-end|p2a: Espathra|Substitute\n|-damage|p1a: Blaziken|52/247 par|[from] Recoil|[of] p2a: Espathra\n|-damage|p1a: Blaziken|28/247 par|[from] item: Life Orb\n|\n|-heal|p2a: Espathra|124/283|[from] item: Leftovers\n|-ability|p2a: Espathra|Speed Boost|boost\n|-boost|p2a: Espathra|spe|1\n|-ability|p1a: Blaziken|Speed Boost|boost\n|-boost|p1a: Blaziken|spe|1\n|upkeep\n|turn|24\n|\n|t:|1781451556\n|move|p2a: Espathra|Dazzling Gleam|p1a: Blaziken\n|-damage|p1a: Blaziken|0 fnt\n|faint|p1a: Blaziken\n|\n|-heal|p2a: Espathra|141/283|[from] item: Leftovers\n|-ability|p2a: Espathra|Speed Boost|boost\n|-boost|p2a: Espathra|spe|1\n|upkeep\n|\n|t:|1781451561\n|switch|p1a: Mamoswine|Mamoswine, L81, F|311/311\n|turn|25\n|\n|t:|1781451577\n|move|p2a: Espathra|Substitute|p2a: Espathra\n|-start|p2a: Espathra|Substitute\n|-damage|p2a: Espathra|71/283\n|move|p1a: Mamoswine|Earthquake|p2a: Espathra\n|-crit|p2a: Espathra\n|-end|p2a: Espathra|Substitute\n|\n|-heal|p2a: Espathra|88/283|[from] item: Leftovers\n|-ability|p2a: Espathra|Speed Boost|boost\n|-boost|p2a: Espathra|spe|1\n|upkeep\n|turn|26\n|l| matilda1\n|\n|t:|1781451585\n|move|p2a: Espathra|Substitute|p2a: Espathra\n|-start|p2a: Espathra|Substitute\n|-damage|p2a: Espathra|18/283\n|move|p1a: Mamoswine|Earthquake|p2a: Espathra\n|-end|p2a: Espathra|Substitute\n|\n|-heal|p2a: Espathra|35/283|[from] item: Leftovers\n|-ability|p2a: Espathra|Speed Boost|boost\n|-boost|p2a: Espathra|spe|1\n|upkeep\n|turn|27\n|\n|t:|1781451590\n|move|p2a: Espathra|Stored Power|p1a: Mamoswine\n|-damage|p1a: Mamoswine|133/311\n|move|p1a: Mamoswine|Earthquake|p2a: Espathra\n|-damage|p2a: Espathra|0 fnt\n|faint|p2a: Espathra\n|\n|upkeep\n|\n|t:|1781451598\n|switch|p2a: Dunsparce|Dunsparce, L86, F|312/312\n|-activate|p2a: Dunsparce|move: Sticky Web\n|-unboost|p2a: Dunsparce|spe|1\n|turn|28\n|\n|t:|1781451603\n|switch|p1a: Deoxys|Deoxys-Attack, L72|191/191\n|-ability|p1a: Deoxys|Pressure\n|move|p2a: Dunsparce|Body Slam|p1a: Deoxys\n|-damage|p1a: Deoxys|0 fnt\n|faint|p1a: Deoxys\n|\n|upkeep\n|-message|Scarf bonsley forfeited.\n|\n|win|barretjd\n", "uploadtime": 1781451310, "views": 3, "formatid": "gen9randombattle", "rating": null, "private": 0, "password": null}