{"id": "gen9randombattle-2631399305", "format": "[Gen 9] Random Battle", "players": ["symbionic", "dmeisterino"], "log": "|j|\u2606symbionic\n|j|\u2606dmeisterino\n|t:|1781380008\n|gametype|singles\n|player|p1|symbionic|101|1968\n|player|p2|dmeisterino|265|1992\n|gen|9\n|tier|[Gen 9] Random Battle\n|rated|\n|rule|Species Clause: Limit one of each Pok\u00e9mon\n|rule|HP Percentage Mod: HP is shown in percentages\n|rule|Sleep Clause Mod: Limit one foe put to sleep\n|rule|Illusion Level Mod: Illusion disguises the Pok\u00e9mon's true level\n|\n|t:|1781380008\n|teamsize|p1|6\n|teamsize|p2|6\n|start\n|switch|p1a: Ludicolo|Ludicolo, L90, F|290/290\n|switch|p2a: Noivern|Noivern, L82, F|274/274\n|turn|1\n|inactive|Battle timer is ON: inactive players will automatically lose when time's up. (requested by dmeisterino)\n|\n|t:|1781380018\n|move|p2a: Noivern|Hurricane|p1a: Ludicolo\n|-supereffective|p1a: Ludicolo\n|-damage|p1a: Ludicolo|114/290\n|move|p1a: Ludicolo|Ice Beam|p2a: Noivern\n|-supereffective|p2a: Noivern\n|-damage|p2a: Noivern|0 fnt\n|faint|p2a: Noivern\n|-damage|p1a: Ludicolo|85/290|[from] item: Life Orb\n|\n|upkeep\n|\n|t:|1781380025\n|switch|p2a: Sneasler|Sneasler, L74, M|240/240\n|turn|2\n|\n|t:|1781380035\n|switch|p1a: Dragalge|Dragalge, L88, F|258/258\n|move|p2a: Sneasler|Close Combat|p1a: Dragalge\n|-resisted|p1a: Dragalge\n|-damage|p1a: Dragalge|204/258\n|-unboost|p2a: Sneasler|def|1\n|-unboost|p2a: Sneasler|spd|1\n|-enditem|p2a: Sneasler|White Herb\n|-clearnegativeboost|p2a: Sneasler|[silent]\n|\n|upkeep\n|turn|3\n|\n|t:|1781380045\n|move|p2a: Sneasler|Acrobatics|p1a: Dragalge\n|-damage|p1a: Dragalge|138/258\n|move|p1a: Dragalge|Flip Turn|p2a: Sneasler\n|-damage|p2a: Sneasler|184/240\n|\n|t:|1781380052\n|switch|p1a: Dodrio|Dodrio, L85, M|241/241|[from] Flip Turn\n|\n|upkeep\n|turn|4\n|\n|t:|1781380056\n|move|p2a: Sneasler|Gunk Shot|p1a: Dodrio\n|-damage|p1a: Dodrio|90/241\n|-status|p1a: Dodrio|psn\n|move|p1a: Dodrio|Brave Bird|p2a: Sneasler\n|-supereffective|p2a: Sneasler\n|-damage|p2a: Sneasler|0 fnt\n|faint|p2a: Sneasler\n|-damage|p1a: Dodrio|29/241 psn|[from] Recoil\n|\n|-damage|p1a: Dodrio|0 fnt|[from] psn\n|faint|p1a: Dodrio\n|upkeep\n|\n|t:|1781380069\n|switch|p1a: Goodra|Goodra, L85, F|292/292\n|switch|p2a: Girafarig|Girafarig, L89, F|269/269\n|turn|5\n|\n|t:|1781380085\n|move|p2a: Girafarig|Nasty Plot|p2a: Girafarig\n|-boost|p2a: Girafarig|spa|2\n|move|p1a: Goodra|Knock Off|p2a: Girafarig\n|-supereffective|p2a: Girafarig\n|-crit|p2a: Girafarig\n|-damage|p2a: Girafarig|97/269\n|-enditem|p2a: Girafarig|Eviolite|[from] move: Knock Off|[of] p1a: Goodra\n|\n|upkeep\n|turn|6\n|\n|t:|1781380100\n|move|p2a: Girafarig|Psyshock|p1a: Goodra\n|-damage|p1a: Goodra|81/292\n|move|p1a: Goodra|Knock Off|p2a: Girafarig\n|-supereffective|p2a: Girafarig\n|-damage|p2a: Girafarig|0 fnt\n|faint|p2a: Girafarig\n|\n|upkeep\n|\n|t:|1781380111\n|switch|p2a: Uxie|Uxie, L83|260/260\n|turn|7\n|\n|t:|1781380115\n|move|p2a: Uxie|Knock Off|p1a: Goodra\n|-damage|p1a: Goodra|15/292\n|-enditem|p1a: Goodra|Assault Vest|[from] move: Knock Off|[of] p2a: Uxie\n|move|p1a: Goodra|Knock Off|p2a: Uxie\n|-supereffective|p2a: Uxie\n|-damage|p2a: Uxie|150/260\n|-enditem|p2a: Uxie|Leftovers|[from] move: Knock Off|[of] p1a: Goodra\n|\n|upkeep\n|turn|8\n|\n|t:|1781380122\n|move|p2a: Uxie|Psychic Noise|p1a: Goodra\n|-damage|p1a: Goodra|0 fnt\n|faint|p1a: Goodra\n|\n|upkeep\n|\n|t:|1781380128\n|switch|p1a: Blaziken|Blaziken, L76, F|247/247\n|turn|9\n|\n|t:|1781380132\n|-terastallize|p1a: Blaziken|Dark\n|move|p2a: Uxie|Psychic Noise|p1a: Blaziken\n|-immune|p1a: Blaziken\n|move|p1a: Blaziken|Swords Dance|p1a: Blaziken\n|-boost|p1a: Blaziken|atk|2\n|\n|-ability|p1a: Blaziken|Speed Boost|boost\n|-boost|p1a: Blaziken|spe|1\n|upkeep\n|turn|10\n|\n|t:|1781380152\n|move|p1a: Blaziken|Flare Blitz|p2a: Uxie\n|-crit|p2a: Uxie\n|-damage|p2a: Uxie|0 fnt\n|faint|p2a: Uxie\n|-damage|p1a: Blaziken|197/247|[from] Recoil\n|-damage|p1a: Blaziken|173/247|[from] item: Life Orb\n|\n|-ability|p1a: Blaziken|Speed Boost|boost\n|-boost|p1a: Blaziken|spe|1\n|upkeep\n|\n|t:|1781380154\n|switch|p2a: Koraidon|Koraidon, L64|235/235\n|-weather|SunnyDay|[from] ability: Orichalcum Pulse|[of] p2a: Koraidon\n|-activate|p2a: Koraidon|Orichalcum Pulse|[source]\n|turn|11\n|\n|t:|1781380165\n|move|p1a: Blaziken|Close Combat|p2a: Koraidon\n|-damage|p2a: Koraidon|0 fnt\n|-unboost|p1a: Blaziken|def|1\n|-unboost|p1a: Blaziken|spd|1\n|faint|p2a: Koraidon\n|-damage|p1a: Blaziken|149/247|[from] item: Life Orb\n|\n|-weather|SunnyDay|[upkeep]\n|-ability|p1a: Blaziken|Speed Boost|boost\n|-boost|p1a: Blaziken|spe|1\n|upkeep\n|-message|dmeisterino forfeited.\n|\n|win|symbionic\n", "uploadtime": 1781380009, "views": 7, "formatid": "gen9randombattle", "rating": null, "private": 0, "password": null}