{"id": "gen9randombattle-2631941492", "format": "[Gen 9] Random Battle", "players": ["good pork", "marper8"], "log": "|j|\u2606good pork\n|j|\u2606marper8\n|t:|1781458082\n|gametype|singles\n|player|p1|good pork|ghetsis-gen5bw|2059\n|player|p2|marper8|265|2070\n|gen|9\n|tier|[Gen 9] Random Battle\n|rated|\n|rule|Species Clause: Limit one of each Pok\u00e9mon\n|rule|HP Percentage Mod: HP is shown in percentages\n|rule|Sleep Clause Mod: Limit one foe put to sleep\n|rule|Illusion Level Mod: Illusion disguises the Pok\u00e9mon's true level\n|\n|t:|1781458082\n|teamsize|p1|6\n|teamsize|p2|6\n|start\n|switch|p1a: Mandibuzz|Mandibuzz, L85, F|326/326\n|switch|p2a: Regieleki|Regieleki, L79|256/256\n|turn|1\n|inactive|Battle timer is ON: inactive players will automatically lose when time's up. (requested by marper8)\n|\n|t:|1781458097\n|switch|p1a: Trevenant|Trevenant, L89, F|296/296\n|move|p2a: Regieleki|Thunderbolt|p1a: Trevenant\n|-resisted|p1a: Trevenant\n|-damage|p1a: Trevenant|232/296\n|\n|upkeep\n|turn|2\n|\n|t:|1781458104\n|move|p2a: Regieleki|Volt Switch|p1a: Trevenant\n|-resisted|p1a: Trevenant\n|-damage|p1a: Trevenant|181/296\n|\n|t:|1781458106\n|switch|p2a: Ursaring|Ursaring, L84, F|288/288|[from] Volt Switch\n|move|p1a: Trevenant|Poltergeist|p2a: Ursaring\n|-immune|p2a: Ursaring\n|\n|-status|p2a: Ursaring|tox|[from] item: Toxic Orb\n|upkeep\n|turn|3\n|\n|t:|1781458113\n|move|p2a: Ursaring|Throat Chop|p1a: Trevenant\n|-supereffective|p1a: Trevenant\n|-damage|p1a: Trevenant|27/296\n|-start|p1a: Trevenant|Throat Chop|[silent]\n|-enditem|p1a: Trevenant|Sitrus Berry|[eat]\n|-heal|p1a: Trevenant|101/296|[from] item: Sitrus Berry\n|move|p1a: Trevenant|Drain Punch|p2a: Ursaring\n|-supereffective|p2a: Ursaring\n|-damage|p2a: Ursaring|142/288 tox\n|-heal|p1a: Trevenant|174/296|[from] drain|[of] p2a: Ursaring\n|\n|-damage|p2a: Ursaring|124/288 tox|[from] psn\n|-item|p1a: Trevenant|Sitrus Berry|[from] ability: Harvest\n|upkeep\n|turn|4\n|\n|t:|1781458132\n|switch|p2a: Articuno|Articuno, L86|295/295\n|-ability|p2a: Articuno|Pressure\n|switch|p1a: Glimmora|Glimmora, L75, M|248/248\n|\n|upkeep\n|turn|5\n|\n|t:|1781458144\n|switch|p2a: Ursaring|Ursaring, L84, F|124/288 tox\n|move|p1a: Glimmora|Meteor Beam||[still]\n|-prepare|p1a: Glimmora|Meteor Beam\n|-boost|p1a: Glimmora|spa|1\n|-enditem|p1a: Glimmora|Power Herb\n|-anim|p1a: Glimmora|Meteor Beam|p2a: Ursaring\n|-damage|p2a: Ursaring|0 fnt\n|faint|p2a: Ursaring\n|\n|upkeep\n|\n|t:|1781458146\n|switch|p2a: Iron Leaves|Iron Leaves, L80|275/275\n|turn|6\n|\n|t:|1781458157\n|switch|p1a: Mandibuzz|Mandibuzz, L85, F|326/326\n|move|p2a: Iron Leaves|Psyblade|p1a: Mandibuzz\n|-immune|p1a: Mandibuzz\n|\n|upkeep\n|turn|7\n|\n|t:|1781458161\n|-end|p2a: Iron Leaves|Quark Drive|[silent]\n|switch|p2a: Regieleki|Regieleki, L79|256/256\n|move|p1a: Mandibuzz|Toxic|p2a: Regieleki\n|-status|p2a: Regieleki|tox\n|\n|-damage|p2a: Regieleki|240/256 tox|[from] psn\n|upkeep\n|turn|8\n|\n|t:|1781458165\n|switch|p1a: Trevenant|Trevenant, L89, F|174/296\n|move|p2a: Regieleki|Volt Switch|p1a: Trevenant\n|-resisted|p1a: Trevenant\n|-damage|p1a: Trevenant|125/296\n|-enditem|p1a: Trevenant|Sitrus Berry|[eat]\n|-heal|p1a: Trevenant|199/296|[from] item: Sitrus Berry\n|\n|t:|1781458170\n|switch|p2a: Articuno|Articuno, L86|295/295|[from] Volt Switch\n|-ability|p2a: Articuno|Pressure\n|\n|-item|p1a: Trevenant|Sitrus Berry|[from] ability: Harvest\n|upkeep\n|turn|9\n|\n|t:|1781458177\n|switch|p1a: Duraludon|Duraludon, L82, F|249/249\n|move|p2a: Articuno|Freeze-Dry|p1a: Duraludon\n|-damage|p1a: Duraludon|168/249\n|\n|upkeep\n|turn|10\n|\n|t:|1781458182\n|move|p2a: Articuno|Freeze-Dry|p1a: Duraludon\n|-damage|p1a: Duraludon|92/249\n|move|p1a: Duraludon|Flash Cannon|p2a: Articuno\n|-supereffective|p2a: Articuno\n|-damage|p2a: Articuno|139/295\n|\n|upkeep\n|turn|11\n|\n|t:|1781458187\n|move|p2a: Articuno|U-turn|p1a: Duraludon\n|-resisted|p1a: Duraludon\n|-damage|p1a: Duraludon|78/249\n|\n|t:|1781458189\n|switch|p2a: Jolteon|Jolteon, L84, F|246/246|[from] U-turn\n|move|p1a: Duraludon|Flash Cannon|p2a: Jolteon\n|-resisted|p2a: Jolteon\n|-damage|p2a: Jolteon|203/246\n|\n|upkeep\n|turn|12\n|\n|t:|1781458198\n|switch|p1a: Trevenant|Trevenant, L89, F|199/296\n|move|p2a: Jolteon|Shadow Ball|p1a: Trevenant\n|-supereffective|p1a: Trevenant\n|-damage|p1a: Trevenant|33/296\n|-enditem|p1a: Trevenant|Sitrus Berry|[eat]\n|-heal|p1a: Trevenant|107/296|[from] item: Sitrus Berry\n|-damage|p2a: Jolteon|179/246|[from] item: Life Orb\n|\n|-item|p1a: Trevenant|Sitrus Berry|[from] ability: Harvest\n|upkeep\n|-enditem|p1a: Trevenant|Sitrus Berry|[eat]\n|-heal|p1a: Trevenant|181/296|[from] item: Sitrus Berry\n|turn|13\n|\n|t:|1781458208\n|switch|p1a: Cinccino|Cinccino, L83, F|260/260\n|move|p2a: Jolteon|Calm Mind|p2a: Jolteon\n|-boost|p2a: Jolteon|spa|1\n|-boost|p2a: Jolteon|spd|1\n|\n|upkeep\n|turn|14\n|\n|t:|1781458215\n|-terastallize|p2a: Jolteon|Electric\n|move|p2a: Jolteon|Thunderbolt|p1a: Cinccino\n|-damage|p1a: Cinccino|0 fnt\n|faint|p1a: Cinccino\n|-damage|p2a: Jolteon|155/246|[from] item: Life Orb\n|\n|upkeep\n|\n|t:|1781458228\n|switch|p1a: Deoxys|Deoxys-Defense, L84|221/221\n|-ability|p1a: Deoxys|Pressure\n|turn|15\n|\n|t:|1781458234\n|move|p2a: Jolteon|Thunderbolt|p1a: Deoxys\n|-damage|p1a: Deoxys|47/221\n|-damage|p2a: Jolteon|131/246|[from] item: Life Orb\n|move|p1a: Deoxys|Knock Off|p2a: Jolteon\n|-damage|p2a: Jolteon|58/246\n|-enditem|p2a: Jolteon|Life Orb|[from] move: Knock Off|[of] p1a: Deoxys\n|\n|upkeep\n|turn|16\n|\n|t:|1781458257\n|move|p2a: Jolteon|Shadow Ball|p1a: Deoxys\n|-supereffective|p1a: Deoxys\n|-damage|p1a: Deoxys|0 fnt\n|faint|p1a: Deoxys\n|\n|upkeep\n|\n|t:|1781458262\n|switch|p1a: Glimmora|Glimmora, L75, M|248/248\n|turn|17\n|\n|t:|1781458271\n|-terastallize|p1a: Glimmora|Grass\n|move|p2a: Jolteon|Thunderbolt|p1a: Glimmora\n|-resisted|p1a: Glimmora\n|-damage|p1a: Glimmora|127/248\n|move|p1a: Glimmora|Earth Power|p2a: Jolteon\n|-supereffective|p2a: Jolteon\n|-damage|p2a: Jolteon|0 fnt\n|faint|p2a: Jolteon\n|\n|upkeep\n|\n|t:|1781458274\n|switch|p2a: Articuno|Articuno, L86|139/295\n|-ability|p2a: Articuno|Pressure\n|turn|18\n|\n|t:|1781458287\n|move|p2a: Articuno|Freeze-Dry|p1a: Glimmora\n|-supereffective|p1a: Glimmora\n|-damage|p1a: Glimmora|0 fnt\n|faint|p1a: Glimmora\n|\n|upkeep\n|\n|t:|1781458292\n|switch|p1a: Duraludon|Duraludon, L82, F|78/249\n|turn|19\n|\n|t:|1781458296\n|move|p2a: Articuno|Freeze-Dry|p1a: Duraludon\n|-damage|p1a: Duraludon|5/249\n|move|p1a: Duraludon|Flash Cannon|p2a: Articuno\n|-supereffective|p2a: Articuno\n|-damage|p2a: Articuno|5/295\n|\n|upkeep\n|turn|20\n|\n|t:|1781458302\n|move|p2a: Articuno|Freeze-Dry|p1a: Duraludon\n|-damage|p1a: Duraludon|0 fnt\n|faint|p1a: Duraludon\n|\n|upkeep\n|\n|t:|1781458308\n|switch|p1a: Mandibuzz|Mandibuzz, L85, F|326/326\n|turn|21\n|\n|t:|1781458313\n|move|p2a: Articuno|Roost|p2a: Articuno\n|-heal|p2a: Articuno|153/295\n|-singleturn|p2a: Articuno|move: Roost\n|move|p1a: Mandibuzz|Brave Bird|p2a: Articuno\n|-crit|p2a: Articuno\n|-damage|p2a: Articuno|20/295\n|-damage|p1a: Mandibuzz|282/326|[from] Recoil\n|\n|upkeep\n|turn|22\n|\n|t:|1781458320\n|move|p2a: Articuno|Freeze-Dry|p1a: Mandibuzz\n|-supereffective|p1a: Mandibuzz\n|-damage|p1a: Mandibuzz|138/326\n|move|p1a: Mandibuzz|Toxic|p2a: Articuno\n|-status|p2a: Articuno|tox\n|\n|-damage|p2a: Articuno|2/295 tox|[from] psn\n|upkeep\n|turn|23\n|\n|t:|1781458325\n|move|p2a: Articuno|Freeze-Dry|p1a: Mandibuzz\n|-supereffective|p1a: Mandibuzz\n|-damage|p1a: Mandibuzz|4/326\n|move|p1a: Mandibuzz|Roost|p1a: Mandibuzz\n|-heal|p1a: Mandibuzz|167/326\n|-singleturn|p1a: Mandibuzz|move: Roost\n|\n|-damage|p2a: Articuno|0 fnt|[from] psn\n|faint|p2a: Articuno\n|upkeep\n|\n|t:|1781458327\n|switch|p2a: Regieleki|Regieleki, L79|240/256 tox\n|turn|24\n|\n|t:|1781458331\n|switch|p1a: Trevenant|Trevenant, L89, F|181/296\n|move|p2a: Regieleki|Volt Switch|p1a: Trevenant\n|-resisted|p1a: Trevenant\n|-damage|p1a: Trevenant|127/296\n|\n|t:|1781458336\n|switch|p2a: Iron Leaves|Iron Leaves, L80|275/275|[from] Volt Switch\n|\n|upkeep\n|turn|25\n|\n|t:|1781458339\n|move|p2a: Iron Leaves|Psyblade|p1a: Trevenant\n|-damage|p1a: Trevenant|0 fnt\n|faint|p1a: Trevenant\n|-damage|p2a: Iron Leaves|248/275|[from] item: Life Orb\n|\n|upkeep\n|\n|t:|1781458342\n|switch|p1a: Mandibuzz|Mandibuzz, L85, F|167/326\n|turn|26\n|\n|t:|1781458346\n|move|p2a: Iron Leaves|Swords Dance|p2a: Iron Leaves\n|-boost|p2a: Iron Leaves|atk|2\n|move|p1a: Mandibuzz|Roost|p1a: Mandibuzz\n|-heal|p1a: Mandibuzz|326/326\n|-singleturn|p1a: Mandibuzz|move: Roost\n|\n|upkeep\n|turn|27\n|\n|t:|1781458349\n|move|p2a: Iron Leaves|Close Combat|p1a: Mandibuzz\n|-damage|p1a: Mandibuzz|109/326\n|-unboost|p2a: Iron Leaves|def|1\n|-unboost|p2a: Iron Leaves|spd|1\n|-damage|p2a: Iron Leaves|221/275|[from] item: Life Orb\n|move|p1a: Mandibuzz|Foul Play|p2a: Iron Leaves\n|-supereffective|p2a: Iron Leaves\n|-damage|p2a: Iron Leaves|0 fnt\n|faint|p2a: Iron Leaves\n|-end|p2a: Iron Leaves|Quark Drive|[silent]\n|\n|upkeep\n|\n|t:|1781458351\n|switch|p2a: Regieleki|Regieleki, L79|240/256 tox\n|turn|28\n|c|\u2606good pork|Gg\n|-message|good pork forfeited.\n|\n|win|marper8\n", "uploadtime": 1781458084, "views": 3, "formatid": "gen9randombattle", "rating": null, "private": 0, "password": null}