{"id": "gen9randombattle-2631776068", "format": "[Gen 9] Random Battle", "players": ["Crinjal", "regu2"], "log": "|j|\u2606Crinjal\n|j|\u2606regu2\n|t:|1781437878\n|gametype|singles\n|player|p1|Crinjal|veteran|2033\n|player|p2|regu2|2|1992\n|gen|9\n|tier|[Gen 9] Random Battle\n|rated|\n|rule|Species Clause: Limit one of each Pok\u00e9mon\n|rule|HP Percentage Mod: HP is shown in percentages\n|rule|Sleep Clause Mod: Limit one foe put to sleep\n|rule|Illusion Level Mod: Illusion disguises the Pok\u00e9mon's true level\n|\n|t:|1781437878\n|teamsize|p1|6\n|teamsize|p2|6\n|start\n|switch|p1a: Haxorus|Haxorus, L77, F|244/244\n|switch|p2a: Walking Wake|Walking Wake, L79|286/286\n|-ability|p1a: Haxorus|Mold Breaker\n|turn|1\n|inactive|Battle timer is ON: inactive players will automatically lose when time's up. (requested by regu2)\n|\n|t:|1781437895\n|switch|p1a: Bronzong|Bronzong, L88|261/261\n|move|p2a: Walking Wake|Draco Meteor|p1a: Bronzong\n|-resisted|p1a: Bronzong\n|-damage|p1a: Bronzong|172/261\n|-unboost|p2a: Walking Wake|spa|2\n|\n|-heal|p1a: Bronzong|188/261|[from] item: Leftovers\n|upkeep\n|turn|2\n|\n|t:|1781437903\n|-end|p2a: Walking Wake|Protosynthesis|[silent]\n|switch|p2a: Magcargo|Magcargo, L95, F|268/268\n|move|p1a: Bronzong|Hypnosis|p2a: Magcargo|[miss]\n|-miss|p1a: Bronzong|p2a: Magcargo\n|\n|-heal|p1a: Bronzong|204/261|[from] item: Leftovers\n|upkeep\n|turn|3\n|\n|t:|1781437910\n|move|p2a: Magcargo|Fire Blast|p1a: Bronzong\n|-supereffective|p1a: Bronzong\n|-damage|p1a: Bronzong|0 fnt\n|faint|p1a: Bronzong\n|\n|upkeep\n|\n|t:|1781437918\n|switch|p1a: Luvdisc|Luvdisc, M|247/247\n|turn|4\n|\n|t:|1781437924\n|switch|p2a: Yanmega|Yanmega, L82, F|275/275\n|move|p1a: Luvdisc|Substitute|p1a: Luvdisc\n|-start|p1a: Luvdisc|Substitute\n|-damage|p1a: Luvdisc|186/247\n|\n|upkeep\n|turn|5\n|\n|t:|1781437932\n|move|p1a: Luvdisc|Surf|p2a: Yanmega\n|-damage|p2a: Yanmega|164/275\n|move|p2a: Yanmega|Bug Buzz|p1a: Luvdisc\n|-damage|p1a: Luvdisc|15/247\n|\n|upkeep\n|turn|6\n|\n|t:|1781437942\n|move|p1a: Luvdisc|Endeavor|p2a: Yanmega\n|-damage|p2a: Yanmega|15/275\n|move|p2a: Yanmega|Bug Buzz|p1a: Luvdisc\n|-damage|p1a: Luvdisc|0 fnt\n|faint|p1a: Luvdisc\n|\n|upkeep\n|\n|t:|1781437952\n|switch|p1a: Banette|Banette, L93, F|270/270\n|turn|7\n|\n|t:|1781437957\n|move|p1a: Banette|Shadow Sneak|p2a: Yanmega\n|-damage|p2a: Yanmega|0 fnt\n|faint|p2a: Yanmega\n|-damage|p1a: Banette|243/270|[from] item: Life Orb\n|\n|upkeep\n|\n|t:|1781437960\n|switch|p2a: Ninetales|Ninetales-Alola, L78, F|242/242\n|-weather|Snowscape|[from] ability: Snow Warning|[of] p2a: Ninetales\n|turn|8\n|\n|t:|1781437968\n|move|p2a: Ninetales|Aurora Veil|p2a: Ninetales\n|-sidestart|p2: regu2|move: Aurora Veil\n|move|p1a: Banette|Swords Dance|p1a: Banette\n|-boost|p1a: Banette|atk|2\n|\n|-weather|Snowscape|[upkeep]\n|upkeep\n|turn|9\n|\n|t:|1781437972\n|move|p2a: Ninetales|Blizzard|p1a: Banette\n|-damage|p1a: Banette|140/270\n|move|p1a: Banette|Gunk Shot|p2a: Ninetales\n|-supereffective|p2a: Ninetales\n|-damage|p2a: Ninetales|11/242\n|-damage|p1a: Banette|113/270|[from] item: Life Orb\n|\n|-weather|Snowscape|[upkeep]\n|upkeep\n|turn|10\n|\n|t:|1781437978\n|move|p1a: Banette|Shadow Sneak|p2a: Ninetales\n|-damage|p2a: Ninetales|0 fnt\n|faint|p2a: Ninetales\n|-damage|p1a: Banette|86/270|[from] item: Life Orb\n|\n|-weather|Snowscape|[upkeep]\n|upkeep\n|\n|t:|1781437980\n|switch|p2a: Shiftry|Shiftry, L89, F|305/305\n|turn|11\n|\n|t:|1781437989\n|move|p2a: Shiftry|Knock Off|p1a: Banette\n|-supereffective|p1a: Banette\n|-damage|p1a: Banette|0 fnt\n|-enditem|p1a: Banette|Life Orb|[from] move: Knock Off|[of] p2a: Shiftry\n|faint|p1a: Banette\n|\n|-weather|Snowscape|[upkeep]\n|upkeep\n|\n|t:|1781438014\n|switch|p1a: Salamence|Salamence, L77, F|273/273\n|-ability|p1a: Salamence|Intimidate|boost\n|-unboost|p2a: Shiftry|atk|1\n|turn|12\n|\n|t:|1781438022\n|switch|p1a: Skeledirge|Skeledirge, L79, F|294/294\n|move|p2a: Shiftry|Will-O-Wisp|p1a: Skeledirge\n|-immune|p1a: Skeledirge\n|\n|-weather|none\n|upkeep\n|turn|13\n|\n|t:|1781438029\n|switch|p1a: Salamence|Salamence, L77, F|273/273\n|-ability|p1a: Salamence|Intimidate|boost\n|-unboost|p2a: Shiftry|atk|1\n|move|p2a: Shiftry|Knock Off|p1a: Salamence\n|-damage|p1a: Salamence|207/273\n|-enditem|p1a: Salamence|Heavy-Duty Boots|[from] move: Knock Off|[of] p2a: Shiftry\n|\n|upkeep\n|turn|14\n|\n|t:|1781438037\n|switch|p1a: Skeledirge|Skeledirge, L79, F|294/294\n|move|p2a: Shiftry|Knock Off|p1a: Skeledirge\n|-supereffective|p1a: Skeledirge\n|-damage|p1a: Skeledirge|78/294\n|-enditem|p1a: Skeledirge|Heavy-Duty Boots|[from] move: Knock Off|[of] p2a: Shiftry\n|\n|upkeep\n|turn|15\n|\n|t:|1781438044\n|move|p2a: Shiftry|Will-O-Wisp|p1a: Skeledirge\n|-immune|p1a: Skeledirge\n|move|p1a: Skeledirge|Flame Charge|p2a: Shiftry\n|-supereffective|p2a: Shiftry\n|-damage|p2a: Shiftry|256/305\n|-boost|p1a: Skeledirge|spe|1\n|\n|-sideend|p2: regu2|move: Aurora Veil\n|upkeep\n|turn|16\n|\n|t:|1781438056\n|move|p1a: Skeledirge|Slack Off|p1a: Skeledirge\n|-heal|p1a: Skeledirge|225/294\n|move|p2a: Shiftry|Knock Off|p1a: Skeledirge\n|-supereffective|p1a: Skeledirge\n|-damage|p1a: Skeledirge|73/294\n|\n|upkeep\n|turn|17\n|\n|t:|1781438062\n|move|p1a: Skeledirge|Torch Song|p2a: Shiftry\n|-supereffective|p2a: Shiftry\n|-damage|p2a: Shiftry|58/305\n|-boost|p1a: Skeledirge|spa|1\n|move|p2a: Shiftry|Knock Off|p1a: Skeledirge\n|-supereffective|p1a: Skeledirge\n|-damage|p1a: Skeledirge|0 fnt\n|faint|p1a: Skeledirge\n|\n|upkeep\n|\n|t:|1781438070\n|switch|p1a: Salamence|Salamence, L77, F|207/273\n|-ability|p1a: Salamence|Intimidate|boost\n|-unboost|p2a: Shiftry|atk|1\n|turn|18\n|\n|t:|1781438076\n|switch|p2a: Magcargo|Magcargo, L95, F|268/268\n|move|p1a: Salamence|Dragon Dance|p1a: Salamence\n|-boost|p1a: Salamence|atk|1\n|-boost|p1a: Salamence|spe|1\n|\n|upkeep\n|turn|19\n|\n|t:|1781438084\n|-terastallize|p2a: Magcargo|Dragon\n|move|p1a: Salamence|Earthquake|p2a: Magcargo\n|-damage|p2a: Magcargo|195/268\n|-ability|p2a: Magcargo|Weak Armor|boost\n|-unboost|p2a: Magcargo|def|1\n|-boost|p2a: Magcargo|spe|2\n|move|p2a: Magcargo|Shell Smash|p2a: Magcargo\n|-unboost|p2a: Magcargo|def|1\n|-unboost|p2a: Magcargo|spd|1\n|-boost|p2a: Magcargo|atk|2\n|-boost|p2a: Magcargo|spa|2\n|-boost|p2a: Magcargo|spe|2\n|\n|upkeep\n|turn|20\n|\n|t:|1781438092\n|move|p2a: Magcargo|Fire Blast|p1a: Salamence\n|-resisted|p1a: Salamence\n|-damage|p1a: Salamence|46/273\n|-status|p1a: Salamence|brn\n|move|p1a: Salamence|Outrage|p2a: Magcargo\n|-supereffective|p2a: Magcargo\n|-damage|p2a: Magcargo|0 fnt\n|faint|p2a: Magcargo\n|\n|-damage|p1a: Salamence|29/273 brn|[from] brn\n|upkeep\n|\n|t:|1781438097\n|switch|p2a: Shiftry|Shiftry, L89, F|58/305\n|turn|21\n|\n|t:|1781438100\n|move|p1a: Salamence|Outrage|p2a: Shiftry|[from] lockedmove\n|-damage|p2a: Shiftry|0 fnt\n|faint|p2a: Shiftry\n|\n|-damage|p1a: Salamence|12/273 brn|[from] brn\n|upkeep\n|\n|t:|1781438106\n|switch|p2a: Clawitzer|Clawitzer, L87, M|265/265\n|turn|22\n|\n|t:|1781438109\n|move|p1a: Salamence|Outrage|p2a: Clawitzer|[from] lockedmove\n|-damage|p2a: Clawitzer|168/265\n|-start|p1a: Salamence|confusion|[fatigue]\n|move|p2a: Clawitzer|U-turn|p1a: Salamence\n|-resisted|p1a: Salamence\n|-damage|p1a: Salamence|0 fnt\n|faint|p1a: Salamence\n|\n|t:|1781438114\n|switch|p2a: Walking Wake|Walking Wake, L79|286/286|[from] U-turn\n|\n|upkeep\n|\n|t:|1781438120\n|switch|p1a: Haxorus|Haxorus, L77, F|244/244\n|-ability|p1a: Haxorus|Mold Breaker\n|turn|23\n|\n|t:|1781438130\n|-terastallize|p1a: Haxorus|Steel\n|move|p2a: Walking Wake|Flamethrower|p1a: Haxorus\n|-supereffective|p1a: Haxorus\n|-damage|p1a: Haxorus|0 fnt\n|faint|p1a: Haxorus\n|\n|win|regu2\n", "uploadtime": 1781437880, "views": 9, "formatid": "gen9randombattle", "rating": null, "private": 0, "password": null}