{"id": "gen9randombattle-2631715712", "format": "[Gen 9] Random Battle", "players": ["pagenfranskane", "KoffeeArchive"], "log": "|j|\u2606pagenfranskane\n|j|\u2606KoffeeArchive\n|t:|1781427351\n|gametype|singles\n|player|p1|pagenfranskane|battlegirl|1954\n|player|p2|KoffeeArchive|clair|1986\n|gen|9\n|tier|[Gen 9] Random Battle\n|rated|\n|rule|Species Clause: Limit one of each Pok\u00e9mon\n|rule|HP Percentage Mod: HP is shown in percentages\n|rule|Sleep Clause Mod: Limit one foe put to sleep\n|rule|Illusion Level Mod: Illusion disguises the Pok\u00e9mon's true level\n|\n|t:|1781427351\n|teamsize|p1|6\n|teamsize|p2|6\n|start\n|switch|p1a: Mewtwo|Mewtwo, L72|272/272\n|switch|p2a: Sudowoodo|Sudowoodo, L94, F|284/284\n|-ability|p1a: Mewtwo|Pressure\n|turn|1\n|inactive|Battle timer is ON: inactive players will automatically lose when time's up. (requested by KoffeeArchive)\n|\n|t:|1781427357\n|switch|p1a: Scrafty|Scrafty, L83, F|244/244\n|-ability|p1a: Scrafty|Intimidate|boost\n|-unboost|p2a: Sudowoodo|atk|1\n|move|p2a: Sudowoodo|Head Smash|p1a: Scrafty\n|-resisted|p1a: Scrafty\n|-crit|p1a: Scrafty\n|-damage|p1a: Scrafty|121/244\n|\n|-heal|p1a: Scrafty|136/244|[from] item: Leftovers\n|upkeep\n|turn|2\n|\n|t:|1781427367\n|move|p1a: Scrafty|Knock Off|p2a: Sudowoodo\n|-damage|p2a: Sudowoodo|211/284\n|-enditem|p2a: Sudowoodo|Leftovers|[from] move: Knock Off|[of] p1a: Scrafty\n|move|p2a: Sudowoodo|Stealth Rock|p1a: Scrafty\n|-sidestart|p1: pagenfranskane|move: Stealth Rock\n|\n|-heal|p1a: Scrafty|151/244|[from] item: Leftovers\n|upkeep\n|turn|3\n|\n|t:|1781427372\n|switch|p2a: Florges|Florges, L85, F|271/271\n|move|p1a: Scrafty|Dragon Dance|p1a: Scrafty\n|-boost|p1a: Scrafty|atk|1\n|-boost|p1a: Scrafty|spe|1\n|\n|-heal|p1a: Scrafty|166/244|[from] item: Leftovers\n|upkeep\n|turn|4\n|\n|t:|1781427376\n|move|p1a: Scrafty|Poison Jab|p2a: Florges\n|-supereffective|p2a: Florges\n|-damage|p2a: Florges|97/271\n|move|p2a: Florges|Moonblast|p1a: Scrafty\n|-supereffective|p1a: Scrafty\n|-damage|p1a: Scrafty|0 fnt\n|faint|p1a: Scrafty\n|\n|-heal|p2a: Florges|113/271|[from] item: Leftovers\n|upkeep\n|\n|t:|1781427380\n|switch|p1a: Goodra|Goodra-Hisui, L82, F|265/265\n|-damage|p1a: Goodra|249/265|[from] Stealth Rock\n|turn|5\n|\n|t:|1781427386\n|switch|p2a: Cinderace|Cinderace, L77, M|250/250\n|move|p1a: Goodra|Heavy Slam|p2a: Cinderace\n|-resisted|p2a: Cinderace\n|-damage|p2a: Cinderace|170/250\n|\n|upkeep\n|turn|6\n|inactive|pagenfranskane has 120 seconds left.\n|\n|t:|1781427440\n|switch|p1a: Mewtwo|Mewtwo, L72|272/272\n|-damage|p1a: Mewtwo|238/272|[from] Stealth Rock\n|-ability|p1a: Mewtwo|Pressure\n|move|p2a: Cinderace|Will-O-Wisp|p1a: Mewtwo|[miss]\n|-miss|p2a: Cinderace|p1a: Mewtwo\n|\n|upkeep\n|turn|7\n|\n|t:|1781427447\n|move|p1a: Mewtwo|Nasty Plot|p1a: Mewtwo\n|-boost|p1a: Mewtwo|spa|2\n|move|p2a: Cinderace|U-turn|p1a: Mewtwo\n|-start|p2a: Cinderace|typechange|Bug|[from] ability: Libero\n|-supereffective|p1a: Mewtwo\n|-damage|p1a: Mewtwo|64/272\n|\n|t:|1781427458\n|switch|p2a: Iron Bundle|Iron Bundle, L78|215/215|[from] U-turn\n|\n|upkeep\n|turn|8\n|\n|t:|1781427462\n|move|p2a: Iron Bundle|Ice Beam|p1a: Mewtwo\n|-damage|p1a: Mewtwo|0 fnt\n|faint|p1a: Mewtwo\n|\n|upkeep\n|\n|t:|1781427465\n|switch|p1a: Goodra|Goodra-Hisui, L82, F|249/265\n|-damage|p1a: Goodra|233/265|[from] Stealth Rock\n|turn|9\n|\n|t:|1781427477\n|-end|p2a: Iron Bundle|Quark Drive|[silent]\n|switch|p2a: Cinderace|Cinderace, L77, M|170/250\n|move|p1a: Goodra|Heavy Slam|p2a: Cinderace\n|-resisted|p2a: Cinderace\n|-damage|p2a: Cinderace|97/250\n|\n|upkeep\n|turn|10\n|\n|t:|1781427482\n|move|p2a: Cinderace|Will-O-Wisp|p1a: Goodra|[miss]\n|-miss|p2a: Cinderace|p1a: Goodra\n|move|p1a: Goodra|Earthquake|p2a: Cinderace\n|-supereffective|p2a: Cinderace\n|-damage|p2a: Cinderace|0 fnt\n|faint|p2a: Cinderace\n|\n|upkeep\n|\n|t:|1781427486\n|switch|p2a: Sudowoodo|Sudowoodo, L94, F|211/284\n|turn|11\n|\n|t:|1781427497\n|move|p1a: Goodra|Draco Meteor|p2a: Sudowoodo|[miss]\n|-miss|p1a: Goodra|p2a: Sudowoodo\n|move|p2a: Sudowoodo|Earthquake|p1a: Goodra\n|-supereffective|p1a: Goodra\n|-damage|p1a: Goodra|69/265\n|\n|upkeep\n|turn|12\n|\n|t:|1781427500\n|move|p2a: Sudowoodo|Sucker Punch|p1a: Goodra\n|-damage|p1a: Goodra|9/265\n|move|p1a: Goodra|Draco Meteor|p2a: Sudowoodo\n|-damage|p2a: Sudowoodo|64/284\n|-unboost|p1a: Goodra|spa|2\n|\n|upkeep\n|turn|13\n|\n|t:|1781427506\n|move|p2a: Sudowoodo|Sucker Punch|p1a: Goodra\n|-damage|p1a: Goodra|0 fnt\n|faint|p1a: Goodra\n|\n|upkeep\n|\n|t:|1781427514\n|switch|p1a: Wigglytuff|Wigglytuff, L96, M|424/424\n|-damage|p1a: Wigglytuff|371/424|[from] Stealth Rock\n|turn|14\n|\n|t:|1781427519\n|move|p1a: Wigglytuff|Alluring Voice|p2a: Sudowoodo\n|-damage|p2a: Sudowoodo|0 fnt\n|faint|p2a: Sudowoodo\n|\n|-heal|p1a: Wigglytuff|397/424|[from] item: Leftovers\n|upkeep\n|\n|t:|1781427527\n|switch|p2a: Florges|Florges, L85, F|113/271\n|turn|15\n|\n|t:|1781427542\n|move|p2a: Florges|Wish|p2a: Florges\n|move|p1a: Wigglytuff|Thunder Wave|p2a: Florges\n|-status|p2a: Florges|par\n|\n|-heal|p1a: Wigglytuff|423/424|[from] item: Leftovers\n|-heal|p2a: Florges|129/271 par|[from] item: Leftovers\n|upkeep\n|turn|16\n|\n|t:|1781427550\n|switch|p1a: Hatterene|Hatterene, L85, F|236/236\n|-damage|p1a: Hatterene|207/236|[from] Stealth Rock\n|move|p2a: Florges|Calm Mind|p2a: Florges\n|-boost|p2a: Florges|spa|1\n|-boost|p2a: Florges|spd|1\n|\n|-heal|p2a: Florges|264/271 par|[from] move: Wish|[wisher] Florges\n|-heal|p1a: Hatterene|221/236|[from] item: Leftovers\n|-heal|p2a: Florges|271/271 par|[from] item: Leftovers\n|upkeep\n|turn|17\n|\n|t:|1781427555\n|move|p1a: Hatterene|Calm Mind|p1a: Hatterene\n|-boost|p1a: Hatterene|spa|1\n|-boost|p1a: Hatterene|spd|1\n|move|p2a: Florges|Moonblast|p1a: Hatterene\n|-damage|p1a: Hatterene|127/236\n|\n|-heal|p1a: Hatterene|141/236|[from] item: Leftovers\n|upkeep\n|turn|18\n|\n|t:|1781427562\n|switch|p2a: Iron Bundle|Iron Bundle, L78|215/215\n|move|p1a: Hatterene|Calm Mind|p1a: Hatterene\n|-boost|p1a: Hatterene|spa|1\n|-boost|p1a: Hatterene|spd|1\n|\n|-heal|p1a: Hatterene|155/236|[from] item: Leftovers\n|upkeep\n|turn|19\n|\n|t:|1781427566\n|move|p2a: Iron Bundle|Encore|p1a: Hatterene\n|move|p1a: Hatterene|Encore||[from] ability: Magic Bounce|[still]\n|-fail|p1a: Hatterene\n|move|p1a: Hatterene|Draining Kiss|p2a: Iron Bundle\n|-damage|p2a: Iron Bundle|4/215\n|-heal|p1a: Hatterene|236/236|[from] drain|[of] p2a: Iron Bundle\n|\n|upkeep\n|turn|20\n|\n|t:|1781427572\n|move|p2a: Iron Bundle|Ice Beam|p1a: Hatterene\n|-damage|p1a: Hatterene|193/236\n|-status|p1a: Hatterene|frz\n|-curestatus|p1a: Hatterene|frz|[msg]\n|move|p1a: Hatterene|Draining Kiss|p2a: Iron Bundle\n|-damage|p2a: Iron Bundle|0 fnt\n|-heal|p1a: Hatterene|196/236|[from] drain|[of] p2a: Iron Bundle\n|faint|p2a: Iron Bundle\n|-end|p2a: Iron Bundle|Quark Drive|[silent]\n|\n|-heal|p1a: Hatterene|210/236|[from] item: Leftovers\n|upkeep\n|\n|t:|1781427573\n|switch|p2a: Florges|Florges, L85, F|235/235\n|turn|21\n|c|\u2606pagenfranskane|zoroark?\n|c|\u2606KoffeeArchive|Yes\n|inactive|pagenfranskane has 120 seconds left.\n|\n|t:|1781427610\n|-terastallize|p2a: Florges|Poison\n|move|p2a: Florges|Nasty Plot|p2a: Florges\n|-boost|p2a: Florges|spa|2\n|move|p1a: Hatterene|Draining Kiss|p2a: Florges\n|-resisted|p2a: Florges\n|-damage|p2a: Florges|138/235\n|-heal|p1a: Hatterene|236/236|[from] drain|[of] p2a: Florges\n|replace|p2a: Zoroark|Zoroark, L83, M\n|-end|p2a: Zoroark|Illusion\n|-hint|Illusion Level Mod is active, so this Pok\u00e9mon's true level was hidden.\n|\n|upkeep\n|turn|22\n|inactive|pagenfranskane has 120 seconds left.\n|\n|t:|1781427622\n|move|p2a: Zoroark|Sludge Bomb|p1a: Hatterene\n|-supereffective|p1a: Hatterene\n|-damage|p1a: Hatterene|0 fnt\n|faint|p1a: Hatterene\n|-damage|p2a: Zoroark|115/235|[from] item: Life Orb\n|\n|upkeep\n|\n|t:|1781427630\n|switch|p1a: Wigglytuff|Wigglytuff, L96, M|423/424\n|-damage|p1a: Wigglytuff|370/424|[from] Stealth Rock\n|turn|23\n|inactive|pagenfranskane has 120 seconds left.\n|\n|t:|1781427639\n|move|p2a: Zoroark|Sludge Bomb|p1a: Wigglytuff\n|-supereffective|p1a: Wigglytuff\n|-damage|p1a: Wigglytuff|0 fnt\n|faint|p1a: Wigglytuff\n|-damage|p2a: Zoroark|92/235|[from] item: Life Orb\n|\n|upkeep\n|\n|t:|1781427642\n|switch|p1a: Zangoose|Zangoose, L85, F|263/263\n|-damage|p1a: Zangoose|231/263|[from] Stealth Rock\n|turn|24\n|\n|t:|1781427646\n|-terastallize|p1a: Zangoose|Normal\n|move|p1a: Zangoose|Quick Attack|p2a: Zoroark\n|-damage|p2a: Zoroark|0 fnt\n|faint|p2a: Zoroark\n|\n|-status|p1a: Zangoose|tox|[from] item: Toxic Orb\n|upkeep\n|\n|t:|1781427649\n|switch|p2a: Dondozo|Dondozo, L78, M|362/362\n|turn|25\n|\n|t:|1781427654\n|move|p1a: Zangoose|Facade|p2a: Dondozo\n|-damage|p2a: Dondozo|30/362\n|move|p2a: Dondozo|Wave Crash|p1a: Zangoose\n|-damage|p1a: Zangoose|86/263 tox\n|-damage|p2a: Dondozo|0 fnt|[from] Recoil\n|faint|p2a: Dondozo\n|\n|-damage|p1a: Zangoose|70/263 tox|[from] psn\n|upkeep\n|\n|t:|1781427658\n|switch|p2a: Florges|Florges, L85, F|271/271 par\n|turn|26\n|\n|t:|1781427660\n|move|p2a: Florges|Protect|p2a: Florges\n|-singleturn|p2a: Florges|Protect\n|move|p1a: Zangoose|Facade|p2a: Florges\n|-activate|p2a: Florges|move: Protect\n|\n|-damage|p1a: Zangoose|38/263 tox|[from] psn\n|upkeep\n|turn|27\n|\n|t:|1781427663\n|move|p2a: Florges|Protect|p2a: Florges\n|-singleturn|p2a: Florges|Protect\n|move|p1a: Zangoose|Facade|p2a: Florges\n|-activate|p2a: Florges|move: Protect\n|\n|-damage|p1a: Zangoose|0 fnt|[from] psn\n|faint|p1a: Zangoose\n|\n|win|KoffeeArchive\n", "uploadtime": 1781427358, "views": 3, "formatid": "gen9randombattle", "rating": null, "private": 0, "password": null}