{"id": "gen9randombattle-2631669448", "format": "[Gen 9] Random Battle", "players": ["iiSilverkx", "Druidad"], "log": "|j|\u2606iiSilverkx\n|j|\u2606Druidad\n|t:|1781418432\n|gametype|singles\n|player|p1|iiSilverkx|miku-ground|1314\n|player|p2|Druidad|brawly|1339\n|gen|9\n|tier|[Gen 9] Random Battle\n|rated|\n|rule|Species Clause: Limit one of each Pok\u00e9mon\n|rule|HP Percentage Mod: HP is shown in percentages\n|rule|Sleep Clause Mod: Limit one foe put to sleep\n|rule|Illusion Level Mod: Illusion disguises the Pok\u00e9mon's true level\n|\n|t:|1781418432\n|teamsize|p1|6\n|teamsize|p2|6\n|start\n|switch|p1a: Porygon-Z|Porygon-Z, L83|277/277\n|switch|p2a: Urshifu|Urshifu, L74, F|270/270\n|turn|1\n|inactive|Battle timer is ON: inactive players will automatically lose when time's up. (requested by Druidad)\n|inactive|iiSilverkx also wants the timer to be on.\n|\n|t:|1781418444\n|move|p1a: Porygon-Z|Tri Attack|p2a: Urshifu\n|-damage|p2a: Urshifu|68/270\n|move|p2a: Urshifu|Wicked Blow|p1a: Porygon-Z\n|-crit|p1a: Porygon-Z\n|-damage|p1a: Porygon-Z|54/277\n|\n|upkeep\n|turn|2\n|\n|t:|1781418462\n|switch|p2a: Drednaw|Drednaw, L81, M|278/278\n|move|p1a: Porygon-Z|Tri Attack|p2a: Drednaw\n|-resisted|p2a: Drednaw\n|-damage|p2a: Drednaw|182/278\n|\n|upkeep\n|turn|3\n|\n|t:|1781418473\n|move|p1a: Porygon-Z|Tri Attack|p2a: Drednaw\n|-resisted|p2a: Drednaw\n|-damage|p2a: Drednaw|86/278\n|move|p2a: Drednaw|Shell Smash|p2a: Drednaw\n|-unboost|p2a: Drednaw|def|1\n|-unboost|p2a: Drednaw|spd|1\n|-boost|p2a: Drednaw|atk|2\n|-boost|p2a: Drednaw|spa|2\n|-boost|p2a: Drednaw|spe|2\n|-enditem|p2a: Drednaw|White Herb\n|-clearnegativeboost|p2a: Drednaw|[silent]\n|\n|upkeep\n|turn|4\n|\n|t:|1781418481\n|move|p2a: Drednaw|Liquidation|p1a: Porygon-Z\n|-damage|p1a: Porygon-Z|0 fnt\n|faint|p1a: Porygon-Z\n|\n|upkeep\n|\n|t:|1781418488\n|switch|p1a: Sceptile|Sceptile, L87, M|264/264\n|turn|5\n|\n|t:|1781418496\n|move|p2a: Drednaw|Crunch|p1a: Sceptile\n|-damage|p1a: Sceptile|60/264\n|move|p1a: Sceptile|Earthquake|p2a: Drednaw\n|-supereffective|p2a: Drednaw\n|-damage|p2a: Drednaw|0 fnt\n|faint|p2a: Drednaw\n|-damage|p1a: Sceptile|34/264|[from] item: Life Orb\n|\n|upkeep\n|\n|t:|1781418510\n|switch|p2a: Volbeat|Volbeat, L90, M|263/263\n|turn|6\n|\n|t:|1781418522\n|switch|p1a: Eternatus|Eternatus, L69|308/308\n|-ability|p1a: Eternatus|Pressure\n|move|p2a: Volbeat|Lunge|p1a: Eternatus\n|-resisted|p1a: Eternatus\n|-damage|p1a: Eternatus|266/308\n|-unboost|p1a: Eternatus|atk|1\n|\n|-heal|p1a: Eternatus|285/308|[from] item: Leftovers\n|upkeep\n|turn|7\n|\n|t:|1781418538\n|move|p2a: Volbeat|Thunder Wave|p1a: Eternatus\n|-status|p1a: Eternatus|par\n|move|p1a: Eternatus|Toxic Spikes|p2a: Volbeat\n|-sidestart|p2: Druidad|move: Toxic Spikes\n|\n|-heal|p1a: Eternatus|304/308 par|[from] item: Leftovers\n|upkeep\n|turn|8\n|\n|t:|1781418563\n|move|p2a: Volbeat|Encore|p1a: Eternatus\n|-start|p1a: Eternatus|Encore\n|move|p1a: Eternatus|Toxic Spikes|p2a: Volbeat\n|-sidestart|p2: Druidad|move: Toxic Spikes\n|\n|-heal|p1a: Eternatus|308/308 par|[from] item: Leftovers\n|upkeep\n|turn|9\n|\n|t:|1781418572\n|switch|p2a: Lunala|Lunala, L70|308/308\n|-status|p2a: Lunala|tox\n|switch|p1a: Sceptile|Sceptile, L87, M|34/264\n|\n|-damage|p2a: Lunala|289/308 tox|[from] psn\n|upkeep\n|turn|10\n|\n|t:|1781418580\n|move|p1a: Sceptile|Leaf Blade|p2a: Lunala\n|-damage|p2a: Lunala|77/308 tox\n|-damage|p1a: Sceptile|8/264|[from] item: Life Orb\n|move|p2a: Lunala|Psyshock|p1a: Sceptile\n|-damage|p1a: Sceptile|0 fnt\n|faint|p1a: Sceptile\n|\n|-heal|p2a: Lunala|96/308 tox|[from] item: Leftovers\n|-damage|p2a: Lunala|58/308 tox|[from] psn\n|upkeep\n|\n|t:|1781418585\n|switch|p1a: Gumshoos|Gumshoos, L95, F|321/321\n|turn|11\n|\n|t:|1781418596\n|move|p2a: Lunala|Psyshock|p1a: Gumshoos\n|-crit|p1a: Gumshoos\n|-damage|p1a: Gumshoos|168/321\n|move|p1a: Gumshoos|Knock Off|p2a: Lunala\n|-supereffective|p2a: Lunala\n|-damage|p2a: Lunala|0 fnt\n|-enditem|p2a: Lunala|Leftovers|[from] move: Knock Off|[of] p1a: Gumshoos\n|faint|p2a: Lunala\n|\n|upkeep\n|\n|t:|1781418605\n|switch|p2a: Urshifu|Urshifu, L74, F|68/270\n|-status|p2a: Urshifu|tox\n|turn|12\n|\n|t:|1781418612\n|switch|p1a: Sinistcha|Sinistcha, L83|254/254\n|move|p2a: Urshifu|Close Combat|p1a: Sinistcha\n|-immune|p1a: Sinistcha\n|\n|-damage|p2a: Urshifu|52/270 tox|[from] psn\n|upkeep\n|turn|13\n|\n|t:|1781418623\n|switch|p2a: Bisharp|Bisharp, L79, M|232/232\n|move|p1a: Sinistcha|Strength Sap|p2a: Bisharp\n|-unboost|p2a: Bisharp|atk|1\n|-ability|p2a: Bisharp|Defiant|boost\n|-boost|p2a: Bisharp|atk|2\n|\n|upkeep\n|turn|14\n|\n|t:|1781418650\n|-terastallize|p1a: Sinistcha|Steel\n|move|p1a: Sinistcha|Matcha Gotcha|p2a: Bisharp\n|-resisted|p2a: Bisharp\n|-damage|p2a: Bisharp|188/232\n|move|p2a: Bisharp|Throat Chop|p1a: Sinistcha\n|-damage|p1a: Sinistcha|137/254\n|-start|p1a: Sinistcha|Throat Chop|[silent]\n|\n|-heal|p1a: Sinistcha|152/254|[from] item: Leftovers\n|upkeep\n|turn|15\n|\n|t:|1781418664\n|move|p1a: Sinistcha|Matcha Gotcha|p2a: Bisharp\n|-resisted|p2a: Bisharp\n|-damage|p2a: Bisharp|149/232\n|-heal|p1a: Sinistcha|172/254|[from] drain|[of] p2a: Bisharp\n|-status|p2a: Bisharp|brn\n|move|p2a: Bisharp|Swords Dance|p2a: Bisharp\n|-boost|p2a: Bisharp|atk|2\n|\n|-heal|p1a: Sinistcha|187/254|[from] item: Leftovers\n|-damage|p2a: Bisharp|135/232 brn|[from] brn\n|-end|p1a: Sinistcha|Throat Chop|[silent]\n|upkeep\n|turn|16\n|\n|t:|1781418680\n|switch|p1a: Gumshoos|Gumshoos, L95, F|168/321\n|move|p2a: Bisharp|Throat Chop|p1a: Gumshoos\n|-damage|p1a: Gumshoos|30/321\n|-start|p1a: Gumshoos|Throat Chop|[silent]\n|\n|-damage|p2a: Bisharp|121/232 brn|[from] brn\n|upkeep\n|turn|17\n|\n|t:|1781418688\n|move|p2a: Bisharp|Throat Chop|p1a: Gumshoos\n|-damage|p1a: Gumshoos|0 fnt\n|faint|p1a: Gumshoos\n|\n|-damage|p2a: Bisharp|107/232 brn|[from] brn\n|upkeep\n|\n|t:|1781418696\n|switch|p1a: Eternatus|Eternatus, L69|308/308 par\n|-ability|p1a: Eternatus|Pressure\n|turn|18\n|\n|t:|1781418712\n|move|p2a: Bisharp|Throat Chop|p1a: Eternatus\n|-damage|p1a: Eternatus|182/308 par\n|-start|p1a: Eternatus|Throat Chop|[silent]\n|cant|p1a: Eternatus|par\n|\n|-heal|p1a: Eternatus|201/308 par|[from] item: Leftovers\n|-damage|p2a: Bisharp|93/232 brn|[from] brn\n|upkeep\n|turn|19\n|\n|t:|1781418723\n|move|p2a: Bisharp|Iron Head|p1a: Eternatus\n|-damage|p1a: Eternatus|60/308 par\n|cant|p1a: Eternatus|flinch\n|\n|-heal|p1a: Eternatus|79/308 par|[from] item: Leftovers\n|-damage|p2a: Bisharp|79/232 brn|[from] brn\n|-end|p1a: Eternatus|Throat Chop|[silent]\n|upkeep\n|turn|20\n|\n|t:|1781418729\n|move|p2a: Bisharp|Iron Head|p1a: Eternatus\n|-damage|p1a: Eternatus|0 fnt\n|faint|p1a: Eternatus\n|\n|-damage|p2a: Bisharp|65/232 brn|[from] brn\n|upkeep\n|\n|t:|1781418733\n|switch|p1a: Sinistcha|Sinistcha, L83, tera:Steel|187/254\n|turn|21\n|\n|t:|1781418742\n|move|p1a: Sinistcha|Matcha Gotcha|p2a: Bisharp\n|-resisted|p2a: Bisharp\n|-damage|p2a: Bisharp|21/232 brn\n|-heal|p1a: Sinistcha|209/254|[from] drain|[of] p2a: Bisharp\n|move|p2a: Bisharp|Throat Chop|p1a: Sinistcha\n|-damage|p1a: Sinistcha|103/254\n|-start|p1a: Sinistcha|Throat Chop|[silent]\n|\n|-heal|p1a: Sinistcha|118/254|[from] item: Leftovers\n|-damage|p2a: Bisharp|7/232 brn|[from] brn\n|upkeep\n|turn|22\n|\n|t:|1781418754\n|move|p2a: Bisharp|Sucker Punch||[still]\n|-fail|p2a: Bisharp\n|move|p1a: Sinistcha|Strength Sap|p2a: Bisharp\n|-unboost|p2a: Bisharp|atk|1\n|-ability|p2a: Bisharp|Defiant|boost\n|-boost|p2a: Bisharp|atk|2\n|-heal|p1a: Sinistcha|254/254\n|\n|-damage|p2a: Bisharp|0 fnt|[from] brn\n|faint|p2a: Bisharp\n|-end|p1a: Sinistcha|Throat Chop|[silent]\n|upkeep\n|\n|t:|1781418768\n|switch|p2a: Urshifu|Urshifu, L74, F|52/270 tox\n|turn|23\n|\n|t:|1781418772\n|switch|p1a: Lunala|Lunala, L70|308/308\n|move|p2a: Urshifu|Close Combat|p1a: Lunala\n|-immune|p1a: Lunala\n|\n|-damage|p2a: Urshifu|36/270 tox|[from] psn\n|upkeep\n|turn|24\n|\n|t:|1781418777\n|switch|p2a: Vespiquen|Vespiquen, L99, F|299/299\n|-ability|p2a: Vespiquen|Pressure\n|move|p1a: Lunala|Moongeist Beam|p2a: Vespiquen\n|-damage|p2a: Vespiquen|227/299\n|\n|upkeep\n|turn|25\n|\n|t:|1781418794\n|move|p1a: Lunala|Calm Mind|p1a: Lunala\n|-boost|p1a: Lunala|spa|1\n|-boost|p1a: Lunala|spd|1\n|move|p2a: Vespiquen|Spikes|p1a: Lunala\n|-sidestart|p1: iiSilverkx|Spikes\n|\n|upkeep\n|turn|26\n|\n|t:|1781418806\n|move|p1a: Lunala|Moongeist Beam|p2a: Vespiquen\n|-damage|p2a: Vespiquen|122/299\n|move|p2a: Vespiquen|Hurricane|p1a: Lunala\n|-damage|p1a: Lunala|263/308\n|\n|-heal|p1a: Lunala|282/308|[from] item: Leftovers\n|upkeep\n|turn|27\n|\n|t:|1781418822\n|move|p1a: Lunala|Moongeist Beam|p2a: Vespiquen\n|-damage|p2a: Vespiquen|2/299\n|move|p2a: Vespiquen|Hurricane|p1a: Lunala\n|-damage|p1a: Lunala|189/308\n|\n|-heal|p1a: Lunala|208/308|[from] item: Leftovers\n|upkeep\n|turn|28\n|\n|t:|1781418832\n|move|p1a: Lunala|Moonlight|p1a: Lunala\n|-heal|p1a: Lunala|308/308\n|move|p2a: Vespiquen|Spikes|p1a: Lunala\n|-sidestart|p1: iiSilverkx|Spikes\n|\n|upkeep\n|turn|29\n|\n|t:|1781418836\n|move|p1a: Lunala|Moongeist Beam|p2a: Vespiquen\n|-damage|p2a: Vespiquen|0 fnt\n|faint|p2a: Vespiquen\n|\n|upkeep\n|\n|t:|1781418837\n|switch|p2a: Volbeat|Volbeat, L90, M|263/263\n|turn|30\n|\n|t:|1781418865\n|move|p2a: Volbeat|Thunder Wave|p1a: Lunala|[miss]\n|-miss|p2a: Volbeat|p1a: Lunala\n|move|p1a: Lunala|Psyshock|p2a: Volbeat\n|-damage|p2a: Volbeat|137/263\n|\n|upkeep\n|turn|31\n|\n|t:|1781418880\n|move|p2a: Volbeat|Lunge|p1a: Lunala\n|-damage|p1a: Lunala|262/308\n|-unboost|p1a: Lunala|atk|1\n|move|p1a: Lunala|Psyshock|p2a: Volbeat\n|-damage|p2a: Volbeat|13/263\n|\n|-heal|p1a: Lunala|281/308|[from] item: Leftovers\n|upkeep\n|turn|32\n|\n|t:|1781418890\n|move|p2a: Volbeat|Thunder Wave|p1a: Lunala\n|-status|p1a: Lunala|par\n|move|p1a: Lunala|Psyshock|p2a: Volbeat\n|-damage|p2a: Volbeat|0 fnt\n|faint|p2a: Volbeat\n|\n|-heal|p1a: Lunala|300/308 par|[from] item: Leftovers\n|upkeep\n|\n|t:|1781418896\n|switch|p2a: Urshifu|Urshifu, L74, F|36/270 tox\n|turn|33\n|\n|t:|1781418907\n|move|p2a: Urshifu|Wicked Blow|p1a: Lunala\n|-supereffective|p1a: Lunala\n|-crit|p1a: Lunala\n|-damage|p1a: Lunala|0 fnt\n|faint|p1a: Lunala\n|\n|-damage|p2a: Urshifu|20/270 tox|[from] psn\n|upkeep\n|\n|t:|1781418909\n|switch|p1a: Sinistcha|Sinistcha, L83, tera:Steel|254/254\n|-damage|p1a: Sinistcha|212/254|[from] Spikes\n|turn|34\n|\n|t:|1781418914\n|move|p2a: Urshifu|Wicked Blow|p1a: Sinistcha\n|-crit|p1a: Sinistcha\n|-damage|p1a: Sinistcha|56/254\n|move|p1a: Sinistcha|Strength Sap|p2a: Urshifu\n|-unboost|p2a: Urshifu|atk|1\n|-heal|p1a: Sinistcha|254/254\n|\n|-damage|p2a: Urshifu|0 fnt|[from] psn\n|faint|p2a: Urshifu\n|\n|win|iiSilverkx\n|raw|iiSilverkx's rating: 1314 &rarr; <strong>1335</strong><br />(+21 for winning)\n|raw|Druidad's rating: 1339 &rarr; <strong>1318</strong><br />(-21 for losing)\n", "uploadtime": 1781418918, "views": 4, "formatid": "gen9randombattle", "rating": 1318, "private": 0, "password": null}