{"id": "gen9randombattle-2631795159", "format": "[Gen 9] Random Battle", "players": ["roaringnether0", "nhlist"], "log": "|j|\u2606roaringnether0\n|j|\u2606nhlist\n|t:|1781440794\n|gametype|singles\n|player|p1|roaringnether0|cynthia-gen4|2045\n|player|p2|nhlist|266|2201\n|gen|9\n|tier|[Gen 9] Random Battle\n|rated|\n|rule|Species Clause: Limit one of each Pok\u00e9mon\n|rule|HP Percentage Mod: HP is shown in percentages\n|rule|Sleep Clause Mod: Limit one foe put to sleep\n|rule|Illusion Level Mod: Illusion disguises the Pok\u00e9mon's true level\n|\n|t:|1781440794\n|teamsize|p1|6\n|teamsize|p2|6\n|start\n|switch|p1a: Duraludon|Duraludon, L82, M|249/249\n|switch|p2a: Bronzong|Bronzong, L88|261/261\n|turn|1\n|inactive|Battle timer is ON: inactive players will automatically lose when time's up. (requested by roaringnether0)\n|inactive|nhlist has 120 seconds left.\n|\n|t:|1781440827\n|move|p2a: Bronzong|Stealth Rock|p1a: Duraludon\n|-sidestart|p1: roaringnether0|move: Stealth Rock\n|move|p1a: Duraludon|Dragon Tail|p2a: Bronzong\n|-resisted|p2a: Bronzong\n|-damage|p2a: Bronzong|237/261\n|drag|p2a: Rotom|Rotom-Mow, L87|229/229\n|\n|upkeep\n|turn|2\n|\n|t:|1781440837\n|move|p2a: Rotom|Will-O-Wisp|p1a: Duraludon\n|-status|p1a: Duraludon|brn\n|move|p1a: Duraludon|Body Press|p2a: Rotom\n|-damage|p2a: Rotom|203/229\n|\n|-heal|p2a: Rotom|217/229|[from] item: Leftovers\n|-damage|p1a: Duraludon|234/249 brn|[from] brn\n|upkeep\n|turn|3\n|\n|t:|1781440847\n|switch|p2a: Bronzong|Bronzong, L88|237/261\n|move|p1a: Duraludon|Draco Meteor|p2a: Bronzong\n|-resisted|p2a: Bronzong\n|-damage|p2a: Bronzong|183/261\n|-unboost|p1a: Duraludon|spa|2\n|\n|-heal|p2a: Bronzong|199/261|[from] item: Leftovers\n|-damage|p1a: Duraludon|219/249 brn|[from] brn\n|upkeep\n|turn|4\n|\n|t:|1781440866\n|switch|p1a: Houndstone|Houndstone, L86, F|264/264\n|-damage|p1a: Houndstone|231/264|[from] Stealth Rock\n|switch|p2a: Sandy Shocks|Sandy Shocks, L80|267/267\n|\n|-heal|p1a: Houndstone|247/264|[from] item: Leftovers\n|upkeep\n|turn|5\n|\n|t:|1781440870\n|move|p2a: Sandy Shocks|Thunder Wave|p1a: Houndstone|[miss]\n|-miss|p2a: Sandy Shocks|p1a: Houndstone\n|move|p1a: Houndstone|Poltergeist|p2a: Sandy Shocks\n|-activate|p2a: Sandy Shocks|move: Poltergeist|Leftovers\n|-damage|p2a: Sandy Shocks|141/267\n|\n|-heal|p2a: Sandy Shocks|157/267|[from] item: Leftovers\n|-heal|p1a: Houndstone|263/264|[from] item: Leftovers\n|upkeep\n|turn|6\n|\n|t:|1781440886\n|move|p2a: Sandy Shocks|Spikes|p1a: Houndstone\n|-sidestart|p1: roaringnether0|Spikes\n|move|p1a: Houndstone|Poltergeist|p2a: Sandy Shocks\n|-activate|p2a: Sandy Shocks|move: Poltergeist|Leftovers\n|-damage|p2a: Sandy Shocks|25/267\n|\n|-heal|p2a: Sandy Shocks|41/267|[from] item: Leftovers\n|-heal|p1a: Houndstone|264/264|[from] item: Leftovers\n|upkeep\n|turn|7\n|\n|t:|1781440893\n|-end|p2a: Sandy Shocks|Protosynthesis|[silent]\n|switch|p2a: Rotom|Rotom-Mow, L87|217/229\n|move|p1a: Houndstone|Poltergeist|p2a: Rotom\n|-activate|p2a: Rotom|move: Poltergeist|Leftovers\n|-damage|p2a: Rotom|106/229\n|\n|-heal|p2a: Rotom|120/229|[from] item: Leftovers\n|upkeep\n|turn|8\n|\n|t:|1781440913\n|move|p2a: Rotom|Will-O-Wisp|p1a: Houndstone\n|-status|p1a: Houndstone|brn\n|move|p1a: Houndstone|Poltergeist|p2a: Rotom\n|-activate|p2a: Rotom|move: Poltergeist|Leftovers\n|-damage|p2a: Rotom|68/229\n|\n|-heal|p2a: Rotom|82/229|[from] item: Leftovers\n|-damage|p1a: Houndstone|248/264 brn|[from] brn\n|upkeep\n|turn|9\n|\n|t:|1781440926\n|switch|p2a: Glalie|Glalie, L96, M|309/309\n|move|p1a: Houndstone|Poltergeist|p2a: Glalie\n|-activate|p2a: Glalie|move: Poltergeist|Heavy-Duty Boots\n|-damage|p2a: Glalie|247/309\n|\n|-heal|p1a: Houndstone|264/264 brn|[from] item: Leftovers\n|-damage|p1a: Houndstone|248/264 brn|[from] brn\n|upkeep\n|turn|10\n|inactive|roaringnether0 has 120 seconds left.\n|inactive|roaringnether0 has 90 seconds left.\n|inactive|roaringnether0 has 60 seconds left.\n|\n|t:|1781441041\n|move|p2a: Glalie|Spikes|p1a: Houndstone\n|-sidestart|p1: roaringnether0|Spikes\n|move|p1a: Houndstone|Poltergeist|p2a: Glalie\n|-activate|p2a: Glalie|move: Poltergeist|Heavy-Duty Boots\n|-damage|p2a: Glalie|190/309\n|\n|-heal|p1a: Houndstone|264/264 brn|[from] item: Leftovers\n|-damage|p1a: Houndstone|248/264 brn|[from] brn\n|upkeep\n|turn|11\n|\n|t:|1781441045\n|move|p2a: Glalie|Spikes|p1a: Houndstone\n|-sidestart|p1: roaringnether0|Spikes\n|move|p1a: Houndstone|Body Press|p2a: Glalie\n|-supereffective|p2a: Glalie\n|-damage|p2a: Glalie|134/309\n|\n|-heal|p1a: Houndstone|264/264 brn|[from] item: Leftovers\n|-damage|p1a: Houndstone|248/264 brn|[from] brn\n|upkeep\n|turn|12\n|\n|t:|1781441053\n|move|p2a: Glalie|Freeze-Dry|p1a: Houndstone\n|-damage|p1a: Houndstone|172/264 brn\n|move|p1a: Houndstone|Poltergeist|p2a: Glalie\n|-activate|p2a: Glalie|move: Poltergeist|Heavy-Duty Boots\n|-damage|p2a: Glalie|80/309\n|\n|-heal|p1a: Houndstone|188/264 brn|[from] item: Leftovers\n|-damage|p1a: Houndstone|172/264 brn|[from] brn\n|upkeep\n|turn|13\n|\n|t:|1781441058\n|switch|p2a: Bronzong|Bronzong, L88|199/261\n|move|p1a: Houndstone|Poltergeist|p2a: Bronzong\n|-activate|p2a: Bronzong|move: Poltergeist|Leftovers\n|-supereffective|p2a: Bronzong\n|-damage|p2a: Bronzong|106/261\n|\n|-heal|p1a: Houndstone|188/264 brn|[from] item: Leftovers\n|-heal|p2a: Bronzong|122/261|[from] item: Leftovers\n|-damage|p1a: Houndstone|172/264 brn|[from] brn\n|upkeep\n|turn|14\n|\n|t:|1781441064\n|move|p1a: Houndstone|Rest|p1a: Houndstone\n|-status|p1a: Houndstone|slp|[from] move: Rest\n|-heal|p1a: Houndstone|264/264 slp|[silent]\n|move|p2a: Bronzong|Psychic Noise|p1a: Houndstone\n|-damage|p1a: Houndstone|191/264 slp\n|-start|p1a: Houndstone|move: Heal Block\n|\n|-heal|p2a: Bronzong|138/261|[from] item: Leftovers\n|upkeep\n|turn|15\n|\n|t:|1781441078\n|switch|p2a: Rotom|Rotom-Mow, L87|82/229\n|cant|p1a: Houndstone|slp\n|move|p1a: Houndstone|Sleep Talk|p1a: Houndstone\n|move|p1a: Houndstone|Poltergeist|p2a: Rotom|[from] move: Sleep Talk\n|-activate|p2a: Rotom|move: Poltergeist|Leftovers\n|-damage|p2a: Rotom|0 fnt\n|faint|p2a: Rotom\n|\n|-end|p1a: Houndstone|move: Heal Block\n|upkeep\n|\n|t:|1781441085\n|switch|p2a: Bronzong|Bronzong, L88|138/261\n|turn|16\n|\n|t:|1781441088\n|cant|p1a: Houndstone|slp\n|move|p1a: Houndstone|Sleep Talk|p1a: Houndstone\n|move|p1a: Houndstone|Body Press|p2a: Bronzong|[from] move: Sleep Talk\n|-damage|p2a: Bronzong|87/261\n|move|p2a: Bronzong|Psychic Noise|p1a: Houndstone\n|-damage|p1a: Houndstone|118/264 slp\n|-start|p1a: Houndstone|move: Heal Block\n|\n|-heal|p2a: Bronzong|103/261|[from] item: Leftovers\n|upkeep\n|turn|17\n|\n|t:|1781441099\n|-curestatus|p1a: Houndstone|slp|[msg]\n|move|p1a: Houndstone|Body Press|p2a: Bronzong\n|-damage|p2a: Bronzong|58/261\n|move|p2a: Bronzong|Psychic Noise|p1a: Houndstone\n|-damage|p1a: Houndstone|54/264\n|\n|-heal|p2a: Bronzong|74/261|[from] item: Leftovers\n|-end|p1a: Houndstone|move: Heal Block\n|upkeep\n|turn|18\n|\n|t:|1781441106\n|move|p1a: Houndstone|Rest|p1a: Houndstone\n|-status|p1a: Houndstone|slp|[from] move: Rest\n|-heal|p1a: Houndstone|264/264 slp|[silent]\n|move|p2a: Bronzong|Psychic Noise|p1a: Houndstone\n|-damage|p1a: Houndstone|189/264 slp\n|-start|p1a: Houndstone|move: Heal Block\n|\n|-heal|p2a: Bronzong|90/261|[from] item: Leftovers\n|upkeep\n|turn|19\n|\n|t:|1781441116\n|switch|p2a: Gallade|Gallade, L80, M|240/240\n|cant|p1a: Houndstone|slp\n|move|p1a: Houndstone|Sleep Talk|p1a: Houndstone\n|move|p1a: Houndstone|Body Press|p2a: Gallade|[from] move: Sleep Talk\n|-resisted|p2a: Gallade\n|-damage|p2a: Gallade|202/240\n|\n|-end|p1a: Houndstone|move: Heal Block\n|upkeep\n|turn|20\n|\n|t:|1781441123\n|move|p2a: Gallade|Agility|p2a: Gallade\n|-boost|p2a: Gallade|spe|2\n|cant|p1a: Houndstone|slp\n|move|p1a: Houndstone|Sleep Talk|p1a: Houndstone\n|move|p1a: Houndstone|Rest||[from] move: Sleep Talk|[still]\n|-fail|p1a: Houndstone\n|\n|-heal|p1a: Houndstone|205/264 slp|[from] item: Leftovers\n|upkeep\n|turn|21\n|\n|t:|1781441131\n|move|p2a: Gallade|Night Slash|p1a: Houndstone\n|-supereffective|p1a: Houndstone\n|-damage|p1a: Houndstone|108/264 slp\n|-damage|p2a: Gallade|178/240|[from] item: Life Orb\n|-curestatus|p1a: Houndstone|slp|[msg]\n|move|p1a: Houndstone|Body Press|p2a: Gallade\n|-resisted|p2a: Gallade\n|-damage|p2a: Gallade|139/240\n|\n|-heal|p1a: Houndstone|124/264|[from] item: Leftovers\n|upkeep\n|turn|22\n|\n|t:|1781441145\n|move|p2a: Gallade|Night Slash|p1a: Houndstone\n|-supereffective|p1a: Houndstone\n|-damage|p1a: Houndstone|36/264\n|-damage|p2a: Gallade|115/240|[from] item: Life Orb\n|move|p1a: Houndstone|Body Press|p2a: Gallade\n|-resisted|p2a: Gallade\n|-damage|p2a: Gallade|73/240\n|\n|-heal|p1a: Houndstone|52/264|[from] item: Leftovers\n|upkeep\n|turn|23\n|\n|t:|1781441159\n|move|p2a: Gallade|Night Slash|p1a: Houndstone\n|-supereffective|p1a: Houndstone\n|-damage|p1a: Houndstone|0 fnt\n|faint|p1a: Houndstone\n|-damage|p2a: Gallade|49/240|[from] item: Life Orb\n|\n|upkeep\n|\n|t:|1781441171\n|switch|p1a: Staraptor|Staraptor, L79, M|263/263\n|-damage|p1a: Staraptor|198/263|[from] Stealth Rock\n|turn|24\n|\n|t:|1781441197\n|move|p1a: Staraptor|Quick Attack|p2a: Gallade\n|-damage|p2a: Gallade|0 fnt\n|faint|p2a: Gallade\n|\n|upkeep\n|inactive|nhlist has 120 seconds left.\n|\n|t:|1781441209\n|switch|p2a: Bronzong|Bronzong, L88|90/261\n|turn|25\n|\n|t:|1781441221\n|switch|p1a: Oricorio|Oricorio-Pom-Pom, L82, F|257/257\n|switch|p2a: Sandy Shocks|Sandy Shocks, L80|41/267\n|\n|-heal|p2a: Sandy Shocks|57/267|[from] item: Leftovers\n|upkeep\n|turn|26\n|inactive|nhlist has 120 seconds left.\n|\n|t:|1781441255\n|-end|p2a: Sandy Shocks|Protosynthesis|[silent]\n|switch|p2a: Bronzong|Bronzong, L88|90/261\n|move|p1a: Oricorio|Quiver Dance|p1a: Oricorio\n|-boost|p1a: Oricorio|spa|1\n|-boost|p1a: Oricorio|spd|1\n|-boost|p1a: Oricorio|spe|1\n|\n|-heal|p2a: Bronzong|106/261|[from] item: Leftovers\n|upkeep\n|turn|27\n|\n|t:|1781441262\n|move|p1a: Oricorio|Revelation Dance|p2a: Bronzong\n|-damage|p2a: Bronzong|0 fnt\n|faint|p2a: Bronzong\n|\n|upkeep\n|\n|t:|1781441283\n|switch|p2a: Swanna|Swanna, L89, M|278/278\n|turn|28\n|inactive|roaringnether0 has 120 seconds left.\n|\n|t:|1781441320\n|move|p1a: Oricorio|Hurricane|p2a: Swanna|[miss]\n|-miss|p1a: Oricorio|p2a: Swanna\n|move|p2a: Swanna|Hydro Pump|p1a: Oricorio\n|-damage|p1a: Oricorio|161/257\n|\n|upkeep\n|turn|29\n|\n|t:|1781441327\n|-terastallize|p2a: Swanna|Ground\n|move|p1a: Oricorio|Hurricane|p2a: Swanna\n|-damage|p2a: Swanna|74/278\n|-start|p2a: Swanna|confusion\n|-activate|p2a: Swanna|confusion\n|move|p2a: Swanna|Hydro Pump|p1a: Oricorio\n|-damage|p1a: Oricorio|71/257\n|\n|upkeep\n|turn|30\n|\n|t:|1781441336\n|move|p1a: Oricorio|Hurricane|p2a: Swanna|[miss]\n|-miss|p1a: Oricorio|p2a: Swanna\n|-end|p2a: Swanna|confusion\n|move|p2a: Swanna|Roost|p2a: Swanna\n|-heal|p2a: Swanna|213/278\n|\n|upkeep\n|turn|31\n|inactive|nhlist has 120 seconds left.\n|inactive|roaringnether0 has 120 seconds left.\n|inactive|roaringnether0 has 90 seconds left.\n|inactive|roaringnether0 has 60 seconds left.\n|inactive|roaringnether0 has 30 seconds left.\n|inactive|roaringnether0 has 20 seconds left.\n|inactive|roaringnether0 has 15 seconds left.\n|inactive|roaringnether0 has 10 seconds left.\n|inactive|roaringnether0 has 5 seconds left.\n|-message|roaringnether0 lost due to inactivity.\n|\n|win|nhlist\n", "uploadtime": 1781440796, "views": 4, "formatid": "gen9randombattle", "rating": null, "private": 0, "password": null}