{"id": "gen9randombattle-2631862458", "format": "[Gen 9] Random Battle", "players": ["WhatEver2102", "EduArdo1516"], "log": "|j|\u2606WhatEver2102\n|j|\u2606EduArdo1516\n|t:|1781449399\n|gametype|singles\n|player|p1|WhatEver2102|juan|2011\n|player|p2|EduArdo1516|169|2022\n|gen|9\n|tier|[Gen 9] Random Battle\n|rated|\n|rule|Species Clause: Limit one of each Pok\u00e9mon\n|rule|HP Percentage Mod: HP is shown in percentages\n|rule|Sleep Clause Mod: Limit one foe put to sleep\n|rule|Illusion Level Mod: Illusion disguises the Pok\u00e9mon's true level\n|\n|t:|1781449399\n|teamsize|p1|6\n|teamsize|p2|6\n|start\n|switch|p1a: Gardevoir|Gardevoir, L83, M|249/249\n|switch|p2a: Uxie|Uxie, L83|260/260\n|-ability|p1a: Gardevoir|Levitate|Trace|[from] ability: Trace|[of] p2a: Uxie\n|turn|1\n|inactive|Battle timer is ON: inactive players will automatically lose when time's up. (requested by EduArdo1516)\n|\n|t:|1781449423\n|switch|p1a: Lurantis|Lurantis, L87, M|264/264\n|move|p2a: Uxie|Thunder Wave|p1a: Lurantis\n|-status|p1a: Lurantis|par\n|\n|upkeep\n|turn|2\n|\n|t:|1781449428\n|move|p2a: Uxie|U-turn|p1a: Lurantis\n|-supereffective|p1a: Lurantis\n|-damage|p1a: Lurantis|186/264 par\n|\n|t:|1781449438\n|switch|p2a: Yanmega|Yanmega, L82, M|275/275|[from] U-turn\n|move|p1a: Lurantis|Knock Off|p2a: Yanmega\n|-damage|p2a: Yanmega|191/275\n|-enditem|p2a: Yanmega|Choice Specs|[from] move: Knock Off|[of] p1a: Lurantis\n|\n|-heal|p1a: Lurantis|202/264 par|[from] item: Leftovers\n|upkeep\n|turn|3\n|inactive|WhatEver2102 has 120 seconds left.\n|\n|t:|1781449483\n|switch|p1a: Gardevoir|Gardevoir, L83, M|249/249\n|-ability|p1a: Gardevoir|Tinted Lens|Trace|[from] ability: Trace|[of] p2a: Yanmega\n|move|p2a: Yanmega|Bug Buzz|p1a: Gardevoir\n|-damage|p1a: Gardevoir|156/249\n|\n|upkeep\n|turn|4\n|\n|t:|1781449499\n|switch|p2a: Arbok|Arbok, L87, M|246/246\n|-ability|p2a: Arbok|Intimidate|boost\n|-unboost|p1a: Gardevoir|atk|1\n|move|p1a: Gardevoir|Moonblast|p2a: Arbok\n|-resisted|p2a: Arbok\n|-damage|p2a: Arbok|114/246\n|\n|upkeep\n|turn|5\n|\n|t:|1781449513\n|move|p1a: Gardevoir|Moonblast|p2a: Arbok\n|-resisted|p2a: Arbok\n|-damage|p2a: Arbok|0 fnt\n|faint|p2a: Arbok\n|\n|upkeep\n|\n|t:|1781449520\n|switch|p2a: Gholdengo|Gholdengo, L77|261/261\n|turn|6\n|\n|t:|1781449526\n|switch|p1a: Raikou|Raikou, L81|278/278\n|-ability|p1a: Raikou|Pressure\n|move|p2a: Gholdengo|Make It Rain|p1a: Raikou\n|-resisted|p1a: Raikou\n|-damage|p1a: Raikou|215/278\n|-unboost|p2a: Gholdengo|spa|1\n|\n|-heal|p1a: Raikou|232/278|[from] item: Leftovers\n|upkeep\n|turn|7\n|\n|t:|1781449533\n|switch|p2a: Uxie|Uxie, L83|260/260\n|move|p1a: Raikou|Calm Mind|p1a: Raikou\n|-boost|p1a: Raikou|spa|1\n|-boost|p1a: Raikou|spd|1\n|\n|-heal|p1a: Raikou|249/278|[from] item: Leftovers\n|upkeep\n|turn|8\n|\n|t:|1781449538\n|move|p1a: Raikou|Substitute|p1a: Raikou\n|-start|p1a: Raikou|Substitute\n|-damage|p1a: Raikou|180/278\n|move|p2a: Uxie|Encore|p1a: Raikou\n|-start|p1a: Raikou|Encore\n|\n|-heal|p1a: Raikou|197/278|[from] item: Leftovers\n|upkeep\n|turn|9\n|\n|t:|1781449541\n|switch|p1a: Gardevoir|Gardevoir, L83, M|156/249\n|-ability|p1a: Gardevoir|Levitate|Trace|[from] ability: Trace|[of] p2a: Uxie\n|move|p2a: Uxie|Psychic Noise|p1a: Gardevoir\n|-resisted|p1a: Gardevoir\n|-damage|p1a: Gardevoir|129/249\n|-start|p1a: Gardevoir|move: Heal Block\n|\n|upkeep\n|turn|10\n|\n|t:|1781449548\n|move|p1a: Gardevoir|Mystical Fire|p2a: Uxie\n|-damage|p2a: Uxie|211/260\n|-unboost|p2a: Uxie|spa|1\n|move|p2a: Uxie|Psychic Noise|p1a: Gardevoir\n|-resisted|p1a: Gardevoir\n|-damage|p1a: Gardevoir|111/249\n|\n|-heal|p2a: Uxie|227/260|[from] item: Leftovers\n|-end|p1a: Gardevoir|move: Heal Block\n|upkeep\n|turn|11\n|\n|t:|1781449551\n|move|p1a: Gardevoir|Mystical Fire|p2a: Uxie\n|-damage|p2a: Uxie|178/260\n|-unboost|p2a: Uxie|spa|1\n|move|p2a: Uxie|Thunder Wave|p1a: Gardevoir\n|-status|p1a: Gardevoir|par\n|\n|-heal|p2a: Uxie|194/260|[from] item: Leftovers\n|upkeep\n|turn|12\n|\n|t:|1781449554\n|move|p2a: Uxie|U-turn|p1a: Gardevoir\n|-damage|p1a: Gardevoir|58/249 par\n|\n|t:|1781449558\n|switch|p2a: Giratina|Giratina-Origin, L72|335/335|[from] U-turn\n|move|p1a: Gardevoir|Mystical Fire|p2a: Giratina\n|-resisted|p2a: Giratina\n|-damage|p2a: Giratina|302/335\n|-unboost|p2a: Giratina|spa|1\n|\n|upkeep\n|turn|13\n|\n|t:|1781449562\n|switch|p1a: Lurantis|Lurantis, L87, M|202/264 par\n|move|p2a: Giratina|Poltergeist|p1a: Lurantis\n|-activate|p1a: Lurantis|move: Poltergeist|Leftovers\n|-damage|p1a: Lurantis|90/264 par\n|\n|-heal|p1a: Lurantis|106/264 par|[from] item: Leftovers\n|upkeep\n|turn|14\n|\n|t:|1781449570\n|move|p2a: Giratina|Poltergeist|p1a: Lurantis\n|-activate|p1a: Lurantis|move: Poltergeist|Leftovers\n|-damage|p1a: Lurantis|0 fnt\n|faint|p1a: Lurantis\n|\n|upkeep\n|\n|t:|1781449581\n|switch|p1a: Weavile|Weavile, L79, F|240/240\n|turn|15\n|\n|t:|1781449602\n|switch|p1a: Gardevoir|Gardevoir, L83, M|58/249 par\n|-ability|p1a: Gardevoir|Levitate|Trace|[from] ability: Trace|[of] p2a: Giratina\n|switch|p2a: Yanmega|Yanmega, L82, M|191/275\n|\n|upkeep\n|turn|16\n|\n|t:|1781449612\n|move|p2a: Yanmega|Bug Buzz|p1a: Gardevoir\n|-damage|p1a: Gardevoir|0 fnt\n|faint|p1a: Gardevoir\n|\n|upkeep\n|\n|t:|1781449614\n|switch|p1a: Weavile|Weavile, L79, F|240/240\n|turn|17\n|\n|t:|1781449618\n|move|p1a: Weavile|Triple Axel|p2a: Yanmega\n|-supereffective|p2a: Yanmega\n|-damage|p2a: Yanmega|141/275\n|-supereffective|p2a: Yanmega\n|-damage|p2a: Yanmega|45/275\n|-supereffective|p2a: Yanmega\n|-damage|p2a: Yanmega|0 fnt\n|faint|p2a: Yanmega\n|-hitcount|p2: Yanmega|3\n|\n|upkeep\n|\n|t:|1781449623\n|switch|p2a: Gholdengo|Gholdengo, L77|261/261\n|turn|18\n|\n|t:|1781449629\n|-terastallize|p1a: Weavile|Fighting\n|move|p2a: Gholdengo|Focus Blast|p1a: Weavile\n|-crit|p1a: Weavile\n|-damage|p1a: Weavile|87/240\n|move|p1a: Weavile|Swords Dance|p1a: Weavile\n|-boost|p1a: Weavile|atk|2\n|\n|upkeep\n|turn|19\n|\n|t:|1781449640\n|move|p2a: Gholdengo|Focus Blast|p1a: Weavile\n|-damage|p1a: Weavile|0 fnt\n|faint|p1a: Weavile\n|\n|upkeep\n|\n|t:|1781449645\n|switch|p1a: Salazzle|Salazzle, L83, F|249/249\n|turn|20\n|\n|t:|1781449658\n|switch|p2a: Giratina|Giratina-Origin, L72|302/335\n|move|p1a: Salazzle|Toxic|p2a: Giratina\n|-status|p2a: Giratina|tox\n|\n|-damage|p2a: Giratina|282/335 tox|[from] psn\n|upkeep\n|turn|21\n|\n|t:|1781449663\n|move|p1a: Salazzle|Protect|p1a: Salazzle\n|-singleturn|p1a: Salazzle|Protect\n|move|p2a: Giratina|Poltergeist|p1a: Salazzle\n|-activate|p1a: Salazzle|move: Protect\n|\n|-damage|p2a: Giratina|242/335 tox|[from] psn\n|upkeep\n|turn|22\n|\n|t:|1781449668\n|switch|p2a: Whimsicott|Whimsicott, L84, F|238/238\n|move|p1a: Salazzle|Substitute|p1a: Salazzle\n|-start|p1a: Salazzle|Substitute\n|-damage|p1a: Salazzle|187/249\n|\n|-heal|p1a: Salazzle|202/249|[from] item: Leftovers\n|upkeep\n|turn|23\n|\n|t:|1781449679\n|switch|p1a: Gengar|Gengar, L81, M|230/230\n|move|p2a: Whimsicott|U-turn|p1a: Gengar\n|-resisted|p1a: Gengar\n|-damage|p1a: Gengar|217/230\n|\n|t:|1781449686\n|switch|p2a: Gholdengo|Gholdengo, L77|261/261|[from] U-turn\n|\n|upkeep\n|turn|24\n|\n|t:|1781449692\n|move|p2a: Gholdengo|Shadow Ball|p1a: Gengar\n|-supereffective|p1a: Gengar\n|-damage|p1a: Gengar|5/230\n|-unboost|p1a: Gengar|spd|1\n|move|p1a: Gengar|Shadow Ball|p2a: Gholdengo\n|-supereffective|p2a: Gholdengo\n|-damage|p2a: Gholdengo|0 fnt\n|faint|p2a: Gholdengo\n|-damage|p1a: Gengar|0 fnt|[from] item: Life Orb\n|faint|p1a: Gengar\n|\n|upkeep\n|\n|t:|1781449704\n|switch|p1a: Raikou|Raikou, L81|197/278\n|switch|p2a: Uxie|Uxie, L83|194/260\n|-ability|p1a: Raikou|Pressure\n|turn|25\n|\n|t:|1781449711\n|switch|p2a: Giratina|Giratina-Origin, L72|242/335 tox\n|move|p1a: Raikou|Thunderbolt|p2a: Giratina\n|-resisted|p2a: Giratina\n|-damage|p2a: Giratina|186/335 tox\n|\n|-heal|p1a: Raikou|214/278|[from] item: Leftovers\n|-damage|p2a: Giratina|166/335 tox|[from] psn\n|upkeep\n|turn|26\n|\n|t:|1781449719\n|move|p1a: Raikou|Substitute|p1a: Raikou\n|-start|p1a: Raikou|Substitute\n|-damage|p1a: Raikou|145/278\n|move|p2a: Giratina|Poltergeist|p1a: Raikou\n|-activate|p1a: Raikou|move: Poltergeist|Leftovers\n|-crit|p1a: Raikou\n|-end|p1a: Raikou|Substitute\n|\n|-heal|p1a: Raikou|162/278|[from] item: Leftovers\n|-damage|p2a: Giratina|126/335 tox|[from] psn\n|upkeep\n|turn|27\n|\n|t:|1781449725\n|move|p1a: Raikou|Substitute|p1a: Raikou\n|-start|p1a: Raikou|Substitute\n|-damage|p1a: Raikou|93/278\n|move|p2a: Giratina|Poltergeist|p1a: Raikou\n|-activate|p1a: Raikou|move: Poltergeist|Leftovers\n|-end|p1a: Raikou|Substitute\n|\n|-heal|p1a: Raikou|110/278|[from] item: Leftovers\n|-damage|p2a: Giratina|66/335 tox|[from] psn\n|upkeep\n|turn|28\n|\n|t:|1781449739\n|move|p1a: Raikou|Thunderbolt|p2a: Giratina\n|-resisted|p2a: Giratina\n|-crit|p2a: Giratina\n|-damage|p2a: Giratina|0 fnt\n|faint|p2a: Giratina\n|\n|-heal|p1a: Raikou|127/278|[from] item: Leftovers\n|upkeep\n|\n|t:|1781449745\n|switch|p2a: Whimsicott|Whimsicott, L84, F|238/238\n|turn|29\n|\n|t:|1781449753\n|switch|p1a: Salazzle|Salazzle, L83, F|202/249\n|move|p2a: Whimsicott|Moonblast|p1a: Salazzle\n|-resisted|p1a: Salazzle\n|-damage|p1a: Salazzle|176/249\n|\n|-heal|p1a: Salazzle|191/249|[from] item: Leftovers\n|upkeep\n|turn|30\n|\n|t:|1781449759\n|move|p2a: Whimsicott|Stun Spore|p1a: Salazzle\n|-status|p1a: Salazzle|par\n|move|p1a: Salazzle|Flamethrower|p2a: Whimsicott\n|-supereffective|p2a: Whimsicott\n|-damage|p2a: Whimsicott|2/238\n|\n|-heal|p1a: Salazzle|206/249 par|[from] item: Leftovers\n|upkeep\n|turn|31\n|\n|t:|1781449768\n|move|p2a: Whimsicott|Moonblast|p1a: Salazzle\n|-resisted|p1a: Salazzle\n|-damage|p1a: Salazzle|176/249 par\n|move|p1a: Salazzle|Toxic|p2a: Whimsicott\n|-status|p2a: Whimsicott|tox\n|\n|-heal|p1a: Salazzle|191/249 par|[from] item: Leftovers\n|-damage|p2a: Whimsicott|0 fnt|[from] psn\n|faint|p2a: Whimsicott\n|upkeep\n|\n|t:|1781449773\n|switch|p2a: Uxie|Uxie, L83|194/260\n|turn|32\n|\n|t:|1781449778\n|move|p2a: Uxie|Psychic Noise|p1a: Salazzle\n|-supereffective|p1a: Salazzle\n|-damage|p1a: Salazzle|29/249 par\n|-start|p1a: Salazzle|move: Heal Block\n|cant|p1a: Salazzle|par\n|\n|-heal|p2a: Uxie|210/260|[from] item: Leftovers\n|upkeep\n|turn|33\n|\n|t:|1781449784\n|move|p1a: Salazzle|Protect|p1a: Salazzle\n|-singleturn|p1a: Salazzle|Protect\n|move|p2a: Uxie|Psychic Noise|p1a: Salazzle\n|-activate|p1a: Salazzle|move: Protect\n|\n|-heal|p2a: Uxie|226/260|[from] item: Leftovers\n|-end|p1a: Salazzle|move: Heal Block\n|upkeep\n|turn|34\n|\n|t:|1781449788\n|move|p2a: Uxie|Psychic Noise|p1a: Salazzle\n|-supereffective|p1a: Salazzle\n|-crit|p1a: Salazzle\n|-damage|p1a: Salazzle|0 fnt\n|faint|p1a: Salazzle\n|\n|-heal|p2a: Uxie|242/260|[from] item: Leftovers\n|upkeep\n|\n|t:|1781449790\n|switch|p1a: Raikou|Raikou, L81|127/278\n|-ability|p1a: Raikou|Pressure\n|turn|35\n|\n|t:|1781449795\n|-terastallize|p2a: Uxie|Electric\n|move|p1a: Raikou|Thunderbolt|p2a: Uxie\n|-resisted|p2a: Uxie\n|-damage|p2a: Uxie|201/260\n|move|p2a: Uxie|Encore|p1a: Raikou\n|-start|p1a: Raikou|Encore\n|\n|-heal|p1a: Raikou|144/278|[from] item: Leftovers\n|-heal|p2a: Uxie|217/260|[from] item: Leftovers\n|upkeep\n|turn|36\n|\n|t:|1781449798\n|move|p1a: Raikou|Thunderbolt|p2a: Uxie\n|-resisted|p2a: Uxie\n|-damage|p2a: Uxie|181/260\n|move|p2a: Uxie|Psychic Noise|p1a: Raikou\n|-damage|p1a: Raikou|80/278\n|-start|p1a: Raikou|move: Heal Block\n|\n|-heal|p2a: Uxie|197/260|[from] item: Leftovers\n|upkeep\n|turn|37\n|\n|t:|1781449801\n|move|p1a: Raikou|Thunderbolt|p2a: Uxie\n|-resisted|p2a: Uxie\n|-damage|p2a: Uxie|157/260\n|move|p2a: Uxie|Psychic Noise|p1a: Raikou\n|-damage|p1a: Raikou|19/278\n|\n|-heal|p2a: Uxie|173/260|[from] item: Leftovers\n|-end|p1a: Raikou|move: Heal Block\n|upkeep\n|turn|38\n|\n|t:|1781449804\n|move|p1a: Raikou|Thunderbolt|p2a: Uxie\n|-resisted|p2a: Uxie\n|-damage|p2a: Uxie|134/260\n|move|p2a: Uxie|Psychic Noise|p1a: Raikou\n|-damage|p1a: Raikou|0 fnt\n|faint|p1a: Raikou\n|\n|win|EduArdo1516\n", "uploadtime": 1781449401, "views": 3, "formatid": "gen9randombattle", "rating": null, "private": 0, "password": null}