{"id": "gen9randombattle-2631935101", "format": "[Gen 9] Random Battle", "players": ["pagenfranskane", "mishaji.denji"], "log": "|j|\u2606pagenfranskane\n|j|\u2606mishaji.denji\n|t:|1781457378\n|gametype|singles\n|player|p1|pagenfranskane|battlegirl|2026\n|player|p2|mishaji.denji|n|2006\n|gen|9\n|tier|[Gen 9] Random Battle\n|rated|\n|rule|Species Clause: Limit one of each Pok\u00e9mon\n|rule|HP Percentage Mod: HP is shown in percentages\n|rule|Sleep Clause Mod: Limit one foe put to sleep\n|rule|Illusion Level Mod: Illusion disguises the Pok\u00e9mon's true level\n|\n|t:|1781457378\n|teamsize|p1|6\n|teamsize|p2|6\n|start\n|switch|p1a: Shiftry|Shiftry, L89, M|305/305\n|switch|p2a: Phione|Phione, L91|293/293\n|turn|1\n|\n|t:|1781457392\n|move|p2a: Phione|Scald|p1a: Shiftry\n|-resisted|p1a: Shiftry\n|-damage|p1a: Shiftry|248/305\n|move|p1a: Shiftry|Knock Off|p2a: Phione\n|-damage|p2a: Phione|167/293\n|-enditem|p2a: Phione|Leftovers|[from] move: Knock Off|[of] p1a: Shiftry\n|\n|upkeep\n|turn|2\n|\n|t:|1781457400\n|move|p2a: Phione|Scald|p1a: Shiftry\n|-resisted|p1a: Shiftry\n|-damage|p1a: Shiftry|195/305\n|move|p1a: Shiftry|Leaf Storm|p2a: Phione|[miss]\n|-miss|p1a: Shiftry|p2a: Phione\n|\n|upkeep\n|turn|3\n|\n|t:|1781457413\n|move|p2a: Phione|Rest|p2a: Phione\n|-status|p2a: Phione|slp|[from] move: Rest\n|-heal|p2a: Phione|293/293 slp|[silent]\n|move|p1a: Shiftry|Leaf Storm|p2a: Phione\n|-supereffective|p2a: Phione\n|-damage|p2a: Phione|0 fnt\n|-unboost|p1a: Shiftry|spa|2\n|faint|p2a: Phione\n|\n|upkeep\n|\n|t:|1781457423\n|switch|p2a: Magnezone|Magnezone, L85|258/258\n|turn|4\n|\n|t:|1781457435\n|move|p1a: Shiftry|Will-O-Wisp|p2a: Magnezone|[miss]\n|-miss|p1a: Shiftry|p2a: Magnezone\n|move|p2a: Magnezone|Iron Defense|p2a: Magnezone\n|-boost|p2a: Magnezone|def|2\n|\n|upkeep\n|turn|5\n|\n|t:|1781457441\n|move|p1a: Shiftry|Will-O-Wisp|p2a: Magnezone\n|-status|p2a: Magnezone|brn\n|move|p2a: Magnezone|Body Press|p1a: Shiftry\n|-supereffective|p1a: Shiftry\n|-damage|p1a: Shiftry|29/305\n|\n|-damage|p2a: Magnezone|242/258 brn|[from] brn\n|upkeep\n|turn|6\n|\n|t:|1781457456\n|switch|p1a: Porygon-Z|Porygon-Z, L83|277/277\n|-ability|p1a: Porygon-Z|Download|boost\n|-boost|p1a: Porygon-Z|spa|1\n|move|p2a: Magnezone|Discharge|p1a: Porygon-Z\n|-crit|p1a: Porygon-Z\n|-damage|p1a: Porygon-Z|90/277\n|\n|-heal|p2a: Magnezone|258/258 brn|[from] item: Leftovers\n|-damage|p2a: Magnezone|242/258 brn|[from] brn\n|upkeep\n|turn|7\n|\n|t:|1781457461\n|move|p1a: Porygon-Z|Shadow Ball|p2a: Magnezone\n|-damage|p2a: Magnezone|138/258 brn\n|move|p2a: Magnezone|Body Press|p1a: Porygon-Z\n|-supereffective|p1a: Porygon-Z\n|-damage|p1a: Porygon-Z|0 fnt\n|faint|p1a: Porygon-Z\n|\n|-heal|p2a: Magnezone|154/258 brn|[from] item: Leftovers\n|-damage|p2a: Magnezone|138/258 brn|[from] brn\n|upkeep\n|\n|t:|1781457468\n|switch|p1a: Shiftry|Shiftry, L89, M|29/305\n|turn|8\n|\n|t:|1781457471\n|move|p1a: Shiftry|Leaf Storm|p2a: Magnezone\n|-resisted|p2a: Magnezone\n|-damage|p2a: Magnezone|72/258 brn\n|-unboost|p1a: Shiftry|spa|2\n|move|p2a: Magnezone|Discharge|p1a: Shiftry\n|-resisted|p1a: Shiftry\n|-damage|p1a: Shiftry|0 fnt\n|faint|p1a: Shiftry\n|\n|-heal|p2a: Magnezone|88/258 brn|[from] item: Leftovers\n|-damage|p2a: Magnezone|72/258 brn|[from] brn\n|upkeep\n|inactive|Battle timer is ON: inactive players will automatically lose when time's up. (requested by pagenfranskane)\n|\n|t:|1781457479\n|switch|p1a: Klefki|Klefki, L84, F|233/233\n|turn|9\n|\n|t:|1781457482\n|move|p1a: Klefki|Spikes|p2a: Magnezone\n|-sidestart|p2: mishaji.denji|Spikes\n|move|p2a: Magnezone|Discharge|p1a: Klefki\n|-damage|p1a: Klefki|122/233\n|-status|p1a: Klefki|par\n|\n|-heal|p2a: Magnezone|88/258 brn|[from] item: Leftovers\n|-heal|p1a: Klefki|136/233 par|[from] item: Leftovers\n|-damage|p2a: Magnezone|72/258 brn|[from] brn\n|upkeep\n|turn|10\n|\n|t:|1781457485\n|move|p1a: Klefki|Spikes|p2a: Magnezone\n|-sidestart|p2: mishaji.denji|Spikes\n|move|p2a: Magnezone|Flash Cannon|p1a: Klefki\n|-damage|p1a: Klefki|15/233 par\n|\n|-heal|p2a: Magnezone|88/258 brn|[from] item: Leftovers\n|-heal|p1a: Klefki|29/233 par|[from] item: Leftovers\n|-damage|p2a: Magnezone|72/258 brn|[from] brn\n|upkeep\n|turn|11\n|\n|t:|1781457488\n|move|p1a: Klefki|Spikes|p2a: Magnezone\n|-sidestart|p2: mishaji.denji|Spikes\n|move|p2a: Magnezone|Flash Cannon|p1a: Klefki\n|-damage|p1a: Klefki|0 fnt\n|faint|p1a: Klefki\n|\n|-heal|p2a: Magnezone|88/258 brn|[from] item: Leftovers\n|-damage|p2a: Magnezone|72/258 brn|[from] brn\n|upkeep\n|\n|t:|1781457496\n|switch|p1a: Kingdra|Kingdra, L84, F|263/263\n|turn|12\n|\n|t:|1781457499\n|move|p1a: Kingdra|Rain Dance|p1a: Kingdra\n|-weather|RainDance\n|move|p2a: Magnezone|Discharge|p1a: Kingdra\n|-damage|p1a: Kingdra|151/263\n|\n|-weather|RainDance|[upkeep]\n|-heal|p2a: Magnezone|88/258 brn|[from] item: Leftovers\n|-damage|p2a: Magnezone|72/258 brn|[from] brn\n|upkeep\n|turn|13\n|\n|t:|1781457502\n|move|p1a: Kingdra|Wave Crash|p2a: Magnezone\n|-damage|p2a: Magnezone|0 fnt\n|faint|p2a: Magnezone\n|-damage|p1a: Kingdra|127/263|[from] Recoil\n|-damage|p1a: Kingdra|101/263|[from] item: Life Orb\n|\n|-weather|RainDance|[upkeep]\n|upkeep\n|\n|t:|1781457508\n|switch|p2a: Houndstone|Houndstone, L86, M|264/264\n|-damage|p2a: Houndstone|198/264|[from] Spikes\n|turn|14\n|\n|t:|1781457512\n|move|p1a: Kingdra|Wave Crash|p2a: Houndstone\n|-damage|p2a: Houndstone|80/264\n|-damage|p1a: Kingdra|62/263|[from] Recoil\n|-damage|p1a: Kingdra|36/263|[from] item: Life Orb\n|move|p2a: Houndstone|Poltergeist|p1a: Kingdra\n|-activate|p1a: Kingdra|move: Poltergeist|Life Orb\n|-damage|p1a: Kingdra|0 fnt\n|faint|p1a: Kingdra\n|\n|-weather|RainDance|[upkeep]\n|-heal|p2a: Houndstone|96/264|[from] item: Leftovers\n|upkeep\n|\n|t:|1781457517\n|switch|p1a: Espathra|Espathra, L80, M|283/283\n|turn|15\n|\n|t:|1781457523\n|move|p1a: Espathra|Lumina Crash|p2a: Houndstone\n|-damage|p2a: Houndstone|0 fnt\n|faint|p2a: Houndstone\n|\n|-weather|RainDance|[upkeep]\n|-ability|p1a: Espathra|Speed Boost|boost\n|-boost|p1a: Espathra|spe|1\n|upkeep\n|\n|t:|1781457527\n|switch|p2a: Chi-Yu|Chi-Yu, L77|211/211\n|-ability|p2a: Chi-Yu|Beads of Ruin\n|turn|16\n|\n|t:|1781457531\n|switch|p1a: Victreebel|Victreebel, L90, F|290/290\n|move|p2a: Chi-Yu|Nasty Plot|p2a: Chi-Yu\n|-boost|p2a: Chi-Yu|spa|2\n|\n|-weather|none\n|upkeep\n|turn|17\n|\n|t:|1781457536\n|move|p2a: Chi-Yu|Psychic|p1a: Victreebel\n|-supereffective|p1a: Victreebel\n|-damage|p1a: Victreebel|0 fnt\n|faint|p1a: Victreebel\n|\n|upkeep\n|\n|t:|1781457538\n|switch|p1a: Espathra|Espathra, L80, M|283/283\n|turn|18\n|\n|t:|1781457542\n|move|p1a: Espathra|Dazzling Gleam|p2a: Chi-Yu\n|-damage|p2a: Chi-Yu|139/211\n|move|p2a: Chi-Yu|Fire Blast|p1a: Espathra\n|-damage|p1a: Espathra|0 fnt\n|faint|p1a: Espathra\n|\n|win|mishaji.denji\n", "uploadtime": 1781457380, "views": 3, "formatid": "gen9randombattle", "rating": null, "private": 0, "password": null}