{"id": "gen9randombattle-2631733937", "format": "[Gen 9] Random Battle", "players": ["sylwalker", "Ennetty"], "log": "|j|\u2606sylwalker\n|j|\u2606Ennetty\n|t:|1781430697\n|gametype|singles\n|player|p1|sylwalker|170|1371\n|player|p2|Ennetty|265|1406\n|gen|9\n|tier|[Gen 9] Random Battle\n|rated|\n|rule|Species Clause: Limit one of each Pok\u00e9mon\n|rule|HP Percentage Mod: HP is shown in percentages\n|rule|Sleep Clause Mod: Limit one foe put to sleep\n|rule|Illusion Level Mod: Illusion disguises the Pok\u00e9mon's true level\n|\n|t:|1781430697\n|teamsize|p1|6\n|teamsize|p2|6\n|start\n|switch|p1a: Barraskewda|Barraskewda, L81, F|231/231\n|switch|p2a: Gumshoos|Gumshoos, L95, M|321/321\n|turn|1\n|inactive|Battle timer is ON: inactive players will automatically lose when time's up. (requested by Ennetty)\n|\n|t:|1781430705\n|move|p1a: Barraskewda|Close Combat|p2a: Gumshoos\n|-supereffective|p2a: Gumshoos\n|-damage|p2a: Gumshoos|0 fnt\n|-unboost|p1a: Barraskewda|def|1\n|-unboost|p1a: Barraskewda|spd|1\n|faint|p2a: Gumshoos\n|\n|upkeep\n|\n|t:|1781430722\n|switch|p2a: Meganium|Meganium, L90, M|290/290\n|turn|2\n|\n|t:|1781430736\n|move|p1a: Barraskewda|Close Combat|p2a: Meganium\n|-damage|p2a: Meganium|166/290\n|-unboost|p1a: Barraskewda|def|1\n|-unboost|p1a: Barraskewda|spd|1\n|move|p2a: Meganium|Knock Off|p1a: Barraskewda\n|-damage|p1a: Barraskewda|49/231\n|-enditem|p1a: Barraskewda|Choice Band|[from] move: Knock Off|[of] p2a: Meganium\n|\n|-heal|p2a: Meganium|184/290|[from] item: Leftovers\n|upkeep\n|turn|3\n|\n|t:|1781430753\n|move|p1a: Barraskewda|Flip Turn|p2a: Meganium\n|-resisted|p2a: Meganium\n|-damage|p2a: Meganium|151/290\n|\n|t:|1781430762\n|switch|p1a: Clefable|Clefable, L83, M|293/293|[from] Flip Turn\n|move|p2a: Meganium|Petal Blizzard|p1a: Clefable\n|-damage|p1a: Clefable|175/293\n|\n|-heal|p2a: Meganium|169/290|[from] item: Leftovers\n|-heal|p1a: Clefable|193/293|[from] item: Leftovers\n|upkeep\n|turn|4\n|\n|t:|1781430776\n|move|p2a: Meganium|Knock Off|p1a: Clefable\n|-resisted|p1a: Clefable\n|-damage|p1a: Clefable|154/293\n|-enditem|p1a: Clefable|Leftovers|[from] move: Knock Off|[of] p2a: Meganium\n|move|p1a: Clefable|Thunder Wave|p2a: Meganium\n|-status|p2a: Meganium|par\n|\n|-heal|p2a: Meganium|187/290 par|[from] item: Leftovers\n|upkeep\n|turn|5\n|\n|t:|1781430784\n|move|p1a: Clefable|Fire Blast|p2a: Meganium\n|-supereffective|p2a: Meganium\n|-damage|p2a: Meganium|67/290 par\n|cant|p2a: Meganium|par\n|\n|-heal|p2a: Meganium|85/290 par|[from] item: Leftovers\n|upkeep\n|turn|6\n|\n|t:|1781430791\n|switch|p2a: Golduck|Golduck, L90, F|290/290\n|-ability|p2a: Golduck|Cloud Nine\n|move|p1a: Clefable|Fire Blast|p2a: Golduck\n|-resisted|p2a: Golduck\n|-damage|p2a: Golduck|255/290\n|\n|-heal|p2a: Golduck|273/290|[from] item: Leftovers\n|upkeep\n|turn|7\n|\n|t:|1781430796\n|move|p2a: Golduck|Nasty Plot|p2a: Golduck\n|-boost|p2a: Golduck|spa|2\n|move|p1a: Clefable|Thunder Wave|p2a: Golduck\n|-status|p2a: Golduck|par\n|\n|-heal|p2a: Golduck|290/290 par|[from] item: Leftovers\n|upkeep\n|turn|8\n|\n|t:|1781430800\n|move|p1a: Clefable|Moonblast|p2a: Golduck\n|-damage|p2a: Golduck|191/290 par\n|-unboost|p2a: Golduck|spa|1\n|cant|p2a: Golduck|par\n|\n|-heal|p2a: Golduck|209/290 par|[from] item: Leftovers\n|upkeep\n|turn|9\n|\n|t:|1781430805\n|move|p1a: Clefable|Moonblast|p2a: Golduck\n|-damage|p2a: Golduck|107/290 par\n|-unboost|p2a: Golduck|spa|1\n|move|p2a: Golduck|Hydro Pump|p1a: Clefable\n|-damage|p1a: Clefable|33/293\n|\n|-heal|p2a: Golduck|125/290 par|[from] item: Leftovers\n|upkeep\n|turn|10\n|\n|t:|1781430817\n|move|p1a: Clefable|Moonlight|p1a: Clefable\n|-heal|p1a: Clefable|179/293\n|move|p2a: Golduck|Grass Knot|p1a: Clefable\n|-damage|p1a: Clefable|134/293\n|\n|-heal|p2a: Golduck|143/290 par|[from] item: Leftovers\n|upkeep\n|turn|11\n|\n|t:|1781430825\n|move|p1a: Clefable|Moonblast|p2a: Golduck\n|-damage|p2a: Golduck|49/290 par\n|cant|p2a: Golduck|par\n|\n|-heal|p2a: Golduck|67/290 par|[from] item: Leftovers\n|upkeep\n|turn|12\n|\n|t:|1781430843\n|switch|p2a: Froslass|Froslass, L87, F|263/263\n|move|p1a: Clefable|Moonblast|p2a: Froslass\n|-damage|p2a: Froslass|151/263\n|\n|upkeep\n|turn|13\n|\n|t:|1781430865\n|move|p2a: Froslass|Taunt|p1a: Clefable\n|-start|p1a: Clefable|move: Taunt\n|cant|p1a: Clefable|move: Taunt|Thunder Wave\n|\n|upkeep\n|turn|14\n|\n|t:|1781430871\n|move|p2a: Froslass|Poltergeist||[still]\n|-fail|p2a: Froslass\n|move|p1a: Clefable|Fire Blast|p2a: Froslass\n|-supereffective|p2a: Froslass\n|-crit|p2a: Froslass\n|-damage|p2a: Froslass|0 fnt\n|faint|p2a: Froslass\n|\n|upkeep\n|\n|t:|1781430877\n|switch|p2a: Greedent|Greedent, L86, F|347/347\n|turn|15\n|\n|t:|1781430881\n|move|p1a: Clefable|Moonblast|p2a: Greedent\n|-damage|p2a: Greedent|244/347\n|move|p2a: Greedent|Swords Dance|p2a: Greedent\n|-boost|p2a: Greedent|atk|2\n|\n|-end|p1a: Clefable|move: Taunt\n|upkeep\n|turn|16\n|\n|t:|1781430888\n|move|p1a: Clefable|Thunder Wave|p2a: Greedent\n|-status|p2a: Greedent|par\n|move|p2a: Greedent|Earthquake|p1a: Clefable\n|-damage|p1a: Clefable|56/293\n|\n|upkeep\n|turn|17\n|\n|t:|1781430894\n|move|p1a: Clefable|Moonlight|p1a: Clefable\n|-heal|p1a: Clefable|202/293\n|move|p2a: Greedent|Swords Dance|p2a: Greedent\n|-boost|p2a: Greedent|atk|2\n|\n|upkeep\n|turn|18\n|\n|t:|1781430902\n|move|p1a: Clefable|Moonblast|p2a: Greedent\n|-damage|p2a: Greedent|135/347 par\n|-enditem|p2a: Greedent|Sitrus Berry|[eat]\n|-heal|p2a: Greedent|221/347 par|[from] item: Sitrus Berry\n|-heal|p2a: Greedent|336/347 par|[from] ability: Cheek Pouch\n|move|p2a: Greedent|Body Slam|p1a: Clefable\n|-damage|p1a: Clefable|90/293\n|-status|p1a: Clefable|par\n|\n|upkeep\n|turn|19\n|\n|t:|1781430917\n|move|p1a: Clefable|Moonblast|p2a: Greedent\n|-damage|p2a: Greedent|227/347 par\n|move|p2a: Greedent|Body Slam|p1a: Clefable\n|-damage|p1a: Clefable|0 fnt\n|faint|p1a: Clefable\n|\n|upkeep\n|\n|t:|1781430931\n|switch|p1a: Medicham|Medicham, L86, F|243/243\n|turn|20\n|\n|t:|1781430940\n|-terastallize|p2a: Greedent|Ghost\n|move|p1a: Medicham|Close Combat|p2a: Greedent\n|-immune|p2a: Greedent\n|move|p2a: Greedent|Knock Off|p1a: Medicham\n|-damage|p1a: Medicham|12/243\n|-enditem|p1a: Medicham|Choice Scarf|[from] move: Knock Off|[of] p2a: Greedent\n|\n|upkeep\n|turn|21\n|\n|t:|1781430951\n|move|p1a: Medicham|Zen Headbutt|p2a: Greedent\n|-damage|p2a: Greedent|110/347 par\n|cant|p2a: Greedent|par\n|\n|upkeep\n|turn|22\n|\n|t:|1781430959\n|move|p1a: Medicham|Zen Headbutt|p2a: Greedent\n|-damage|p2a: Greedent|0 fnt\n|faint|p2a: Greedent\n|\n|upkeep\n|\n|t:|1781430964\n|switch|p2a: Golduck|Golduck, L90, F|67/290 par\n|-ability|p2a: Golduck|Cloud Nine\n|turn|23\n|\n|t:|1781430968\n|move|p1a: Medicham|Zen Headbutt|p2a: Golduck\n|-damage|p2a: Golduck|0 fnt\n|faint|p2a: Golduck\n|\n|upkeep\n|\n|t:|1781430971\n|switch|p2a: Pincurchin|Pincurchin, F|258/258\n|-fieldstart|move: Electric Terrain|[from] ability: Electric Surge|[of] p2a: Pincurchin\n|turn|24\n|\n|t:|1781430976\n|move|p1a: Medicham|Trick|p2a: Pincurchin\n|-activate|p1a: Medicham|move: Trick|[of] p2a: Pincurchin\n|-enditem|p2a: Pincurchin|Leftovers|[silent]|[from] move: Trick\n|-item|p1a: Medicham|Leftovers|[from] move: Trick\n|move|p2a: Pincurchin|Scald|p1a: Medicham\n|-damage|p1a: Medicham|0 fnt\n|faint|p1a: Medicham\n|\n|upkeep\n|\n|t:|1781430989\n|switch|p1a: Barraskewda|Barraskewda, L81, F|49/231\n|turn|25\n|\n|t:|1781430992\n|move|p1a: Barraskewda|Waterfall|p2a: Pincurchin\n|-damage|p2a: Pincurchin|185/258\n|cant|p2a: Pincurchin|flinch\n|\n|upkeep\n|turn|26\n|\n|t:|1781430997\n|move|p1a: Barraskewda|Waterfall|p2a: Pincurchin\n|-damage|p2a: Pincurchin|107/258\n|move|p2a: Pincurchin|Thunderbolt|p1a: Barraskewda\n|-supereffective|p1a: Barraskewda\n|-damage|p1a: Barraskewda|0 fnt\n|faint|p1a: Barraskewda\n|\n|upkeep\n|\n|t:|1781431005\n|switch|p1a: Pincurchin|Pincurchin, M|258/258\n|turn|27\n|\n|t:|1781431008\n|move|p2a: Pincurchin|Scald|p1a: Pincurchin\n|-damage|p1a: Pincurchin|190/258\n|move|p1a: Pincurchin|Spikes|p2a: Pincurchin\n|-sidestart|p2: Ennetty|Spikes\n|\n|-heal|p1a: Pincurchin|206/258|[from] item: Leftovers\n|upkeep\n|turn|28\n|\n|t:|1781431013\n|move|p2a: Pincurchin|Scald|p1a: Pincurchin\n|-damage|p1a: Pincurchin|142/258\n|move|p1a: Pincurchin|Spikes|p2a: Pincurchin\n|-sidestart|p2: Ennetty|Spikes\n|\n|-heal|p1a: Pincurchin|158/258|[from] item: Leftovers\n|-fieldend|move: Electric Terrain\n|upkeep\n|turn|29\n|\n|t:|1781431019\n|move|p1a: Pincurchin|Spikes|p2a: Pincurchin\n|-sidestart|p2: Ennetty|Spikes\n|move|p2a: Pincurchin|Toxic Spikes|p1a: Pincurchin\n|-sidestart|p1: sylwalker|move: Toxic Spikes\n|\n|-heal|p1a: Pincurchin|174/258|[from] item: Leftovers\n|upkeep\n|turn|30\n|\n|t:|1781431023\n|move|p2a: Pincurchin|Toxic Spikes|p1a: Pincurchin\n|-sidestart|p1: sylwalker|move: Toxic Spikes\n|move|p1a: Pincurchin|Recover|p1a: Pincurchin\n|-heal|p1a: Pincurchin|258/258\n|\n|upkeep\n|turn|31\n|\n|t:|1781431026\n|move|p2a: Pincurchin|Scald|p1a: Pincurchin\n|-damage|p1a: Pincurchin|186/258\n|-status|p1a: Pincurchin|brn\n|move|p1a: Pincurchin|Scald|p2a: Pincurchin\n|-damage|p2a: Pincurchin|41/258\n|\n|-heal|p1a: Pincurchin|202/258 brn|[from] item: Leftovers\n|-damage|p1a: Pincurchin|186/258 brn|[from] brn\n|upkeep\n|turn|32\n|\n|t:|1781431031\n|move|p1a: Pincurchin|Scald|p2a: Pincurchin\n|-damage|p2a: Pincurchin|0 fnt\n|faint|p2a: Pincurchin\n|\n|-heal|p1a: Pincurchin|202/258 brn|[from] item: Leftovers\n|-damage|p1a: Pincurchin|186/258 brn|[from] brn\n|upkeep\n|\n|t:|1781431035\n|switch|p2a: Meganium|Meganium, L90, M|85/290 par\n|-damage|p2a: Meganium|13/290 par|[from] Spikes\n|turn|33\n|\n|t:|1781431042\n|cant|p2a: Meganium|par\n|move|p1a: Pincurchin|Discharge|p2a: Meganium\n|-resisted|p2a: Meganium\n|-damage|p2a: Meganium|0 fnt\n|faint|p2a: Meganium\n|\n|win|sylwalker\n|raw|sylwalker's rating: 1371 &rarr; <strong>1393</strong><br />(+22 for winning)\n|raw|Ennetty's rating: 1406 &rarr; <strong>1384</strong><br />(-22 for losing)\n|l|\u2606Ennetty\n|player|p2|\n", "uploadtime": 1781431048, "views": 5, "formatid": "gen9randombattle", "rating": 1384, "private": 0, "password": null}