{"id": "gen9randombattle-2631437478", "format": "[Gen 9] Random Battle", "players": ["Raging-Kaiju", "thegoldenoreo"], "log": "|j|\u2606Raging-Kaiju\n|j|\u2606thegoldenoreo\n|t:|1781384587\n|gametype|singles\n|player|p1|Raging-Kaiju|265|1612\n|player|p2|thegoldenoreo|101|1623\n|gen|9\n|tier|[Gen 9] Random Battle\n|rated|\n|rule|Species Clause: Limit one of each Pok\u00e9mon\n|rule|HP Percentage Mod: HP is shown in percentages\n|rule|Sleep Clause Mod: Limit one foe put to sleep\n|rule|Illusion Level Mod: Illusion disguises the Pok\u00e9mon's true level\n|\n|t:|1781384587\n|teamsize|p1|6\n|teamsize|p2|6\n|start\n|switch|p1a: Eelektross|Eelektross, L87, F|290/290\n|switch|p2a: Bronzong|Bronzong, L88|261/261\n|turn|1\n|\n|t:|1781384604\n|move|p1a: Eelektross|Flamethrower|p2a: Bronzong\n|-supereffective|p2a: Bronzong\n|-damage|p2a: Bronzong|155/261\n|move|p2a: Bronzong|Iron Defense|p2a: Bronzong\n|-boost|p2a: Bronzong|def|2\n|\n|upkeep\n|turn|2\n|\n|t:|1781384633\n|move|p1a: Eelektross|Flamethrower|p2a: Bronzong\n|-supereffective|p2a: Bronzong\n|-damage|p2a: Bronzong|41/261\n|move|p2a: Bronzong|Rest|p2a: Bronzong\n|-status|p2a: Bronzong|slp|[from] move: Rest\n|-heal|p2a: Bronzong|261/261 slp|[silent]\n|-enditem|p2a: Bronzong|Chesto Berry|[eat]\n|-curestatus|p2a: Bronzong|slp|[msg]\n|\n|upkeep\n|turn|3\n|\n|t:|1781384663\n|move|p1a: Eelektross|Flamethrower|p2a: Bronzong\n|-supereffective|p2a: Bronzong\n|-damage|p2a: Bronzong|157/261\n|move|p2a: Bronzong|Body Press|p1a: Eelektross\n|-crit|p1a: Eelektross\n|-damage|p1a: Eelektross|54/290\n|\n|upkeep\n|turn|4\n|\n|t:|1781384680\n|move|p1a: Eelektross|Flamethrower|p2a: Bronzong\n|-supereffective|p2a: Bronzong\n|-damage|p2a: Bronzong|53/261\n|move|p2a: Bronzong|Body Press|p1a: Eelektross\n|-damage|p1a: Eelektross|0 fnt\n|faint|p1a: Eelektross\n|\n|upkeep\n|\n|t:|1781384692\n|switch|p1a: Porygon2|Porygon2, L81|270/270\n|-ability|p1a: Porygon2|Download|boost\n|-boost|p1a: Porygon2|spa|1\n|turn|5\n|\n|t:|1781384702\n|move|p1a: Porygon2|Shadow Ball|p2a: Bronzong\n|-supereffective|p2a: Bronzong\n|-damage|p2a: Bronzong|0 fnt\n|faint|p2a: Bronzong\n|\n|upkeep\n|\n|t:|1781384713\n|switch|p2a: Carbink|Carbink, L90|236/236\n|turn|6\n|\n|t:|1781384719\n|move|p1a: Porygon2|Thunder Wave|p2a: Carbink|[miss]\n|-miss|p1a: Porygon2|p2a: Carbink\n|move|p2a: Carbink|Rock Polish|p2a: Carbink\n|-boost|p2a: Carbink|spe|2\n|\n|upkeep\n|turn|7\n|\n|t:|1781384734\n|move|p2a: Carbink|Body Press|p1a: Porygon2\n|-supereffective|p1a: Porygon2\n|-damage|p1a: Porygon2|132/270\n|move|p1a: Porygon2|Thunder Wave|p2a: Carbink\n|-status|p2a: Carbink|par\n|\n|upkeep\n|turn|8\n|\n|t:|1781384754\n|move|p1a: Porygon2|Recover|p1a: Porygon2\n|-heal|p1a: Porygon2|267/270\n|move|p2a: Carbink|Rock Polish|p2a: Carbink\n|-boost|p2a: Carbink|spe|2\n|\n|upkeep\n|turn|9\n|\n|t:|1781384761\n|move|p2a: Carbink|Iron Defense|p2a: Carbink\n|-boost|p2a: Carbink|def|2\n|move|p1a: Porygon2|Shadow Ball|p2a: Carbink\n|-damage|p2a: Carbink|181/236 par\n|-unboost|p2a: Carbink|spd|1\n|\n|-heal|p2a: Carbink|195/236 par|[from] item: Leftovers\n|upkeep\n|turn|10\n|\n|t:|1781384773\n|move|p2a: Carbink|Body Press|p1a: Porygon2\n|-supereffective|p1a: Porygon2\n|-damage|p1a: Porygon2|3/270\n|move|p1a: Porygon2|Shadow Ball|p2a: Carbink\n|-damage|p2a: Carbink|121/236 par\n|\n|-heal|p2a: Carbink|135/236 par|[from] item: Leftovers\n|upkeep\n|turn|11\n|\n|t:|1781384784\n|cant|p2a: Carbink|par\n|move|p1a: Porygon2|Shadow Ball|p2a: Carbink\n|-damage|p2a: Carbink|62/236 par\n|-unboost|p2a: Carbink|spd|1\n|\n|-heal|p2a: Carbink|76/236 par|[from] item: Leftovers\n|upkeep\n|turn|12\n|\n|t:|1781384798\n|move|p2a: Carbink|Body Press|p1a: Porygon2\n|-supereffective|p1a: Porygon2\n|-damage|p1a: Porygon2|0 fnt\n|faint|p1a: Porygon2\n|\n|-heal|p2a: Carbink|90/236 par|[from] item: Leftovers\n|upkeep\n|\n|t:|1781384800\n|switch|p1a: Tauros|Tauros-Paldea-Blaze, L81, M|254/254\n|-ability|p1a: Tauros|Intimidate|boost\n|-unboost|p2a: Carbink|atk|1\n|turn|13\n|\n|t:|1781384811\n|cant|p2a: Carbink|par\n|move|p1a: Tauros|Close Combat|p2a: Carbink\n|-damage|p2a: Carbink|26/236 par\n|-unboost|p1a: Tauros|def|1\n|-unboost|p1a: Tauros|spd|1\n|\n|-heal|p2a: Carbink|40/236 par|[from] item: Leftovers\n|upkeep\n|turn|14\n|\n|t:|1781384820\n|cant|p2a: Carbink|par\n|move|p1a: Tauros|Close Combat|p2a: Carbink\n|-damage|p2a: Carbink|0 fnt\n|-unboost|p1a: Tauros|def|1\n|-unboost|p1a: Tauros|spd|1\n|faint|p2a: Carbink\n|\n|upkeep\n|\n|t:|1781384833\n|switch|p2a: Walking Wake|Walking Wake, L79|286/286\n|turn|15\n|\n|t:|1781384842\n|switch|p1a: Indeedee|Indeedee-F, L90, F|272/272\n|-fieldstart|move: Psychic Terrain|[from] ability: Psychic Surge|[of] p1a: Indeedee\n|move|p2a: Walking Wake|Flip Turn|p1a: Indeedee\n|-damage|p1a: Indeedee|214/272\n|\n|t:|1781384850\n|-end|p2a: Walking Wake|Protosynthesis|[silent]\n|switch|p2a: Appletun|Appletun, L92, F|352/352|[from] Flip Turn\n|\n|upkeep\n|turn|16\n|\n|t:|1781384863\n|move|p1a: Indeedee|Dazzling Gleam|p2a: Appletun\n|-supereffective|p2a: Appletun\n|-damage|p2a: Appletun|201/352\n|-damage|p1a: Indeedee|187/272|[from] item: Life Orb\n|move|p2a: Appletun|Leech Seed|p1a: Indeedee\n|-start|p1a: Indeedee|move: Leech Seed\n|\n|-heal|p2a: Appletun|223/352|[from] item: Leftovers\n|-damage|p1a: Indeedee|153/272|[from] Leech Seed|[of] p2a: Appletun\n|-heal|p2a: Appletun|257/352|[silent]\n|upkeep\n|turn|17\n|inactive|Battle timer is ON: inactive players will automatically lose when time's up. (requested by thegoldenoreo)\n|\n|t:|1781384876\n|switch|p1a: Meowscarada|Meowscarada, L78, M|247/247\n|move|p2a: Appletun|Apple Acid|p1a: Meowscarada\n|-resisted|p1a: Meowscarada\n|-damage|p1a: Meowscarada|183/247\n|-unboost|p1a: Meowscarada|spd|1\n|\n|-heal|p2a: Appletun|279/352|[from] item: Leftovers\n|upkeep\n|turn|18\n|\n|t:|1781384890\n|move|p1a: Meowscarada|Triple Axel|p2a: Appletun\n|-start|p1a: Meowscarada|typechange|Ice|[from] ability: Protean\n|-supereffective|p2a: Appletun\n|-damage|p2a: Appletun|217/352\n|-supereffective|p2a: Appletun\n|-damage|p2a: Appletun|103/352\n|-supereffective|p2a: Appletun\n|-damage|p2a: Appletun|0 fnt\n|faint|p2a: Appletun\n|-hitcount|p2: Appletun|3\n|-damage|p1a: Meowscarada|159/247|[from] item: Life Orb\n|\n|upkeep\n|\n|t:|1781384898\n|switch|p2a: Granbull|Granbull, L88, F|302/302\n|-ability|p2a: Granbull|Intimidate|boost\n|-unboost|p1a: Meowscarada|atk|1\n|turn|19\n|\n|t:|1781384909\n|switch|p1a: Tauros|Tauros-Paldea-Blaze, L81, M|254/254\n|-ability|p1a: Tauros|Intimidate|boost\n|-unboost|p2a: Granbull|atk|1\n|move|p2a: Granbull|Thunder Wave|p1a: Tauros\n|-status|p1a: Tauros|par\n|\n|-fieldend|move: Psychic Terrain\n|upkeep\n|turn|20\n|\n|t:|1781384937\n|switch|p2a: Walking Wake|Walking Wake, L79|286/286\n|move|p1a: Tauros|Wild Charge|p2a: Walking Wake\n|-damage|p2a: Walking Wake|183/286\n|-damage|p1a: Tauros|228/254 par|[from] Recoil\n|\n|upkeep\n|turn|21\n|\n|t:|1781384953\n|move|p2a: Walking Wake|Flip Turn|p1a: Tauros\n|-supereffective|p1a: Tauros\n|-damage|p1a: Tauros|142/254 par\n|\n|t:|1781384958\n|-end|p2a: Walking Wake|Protosynthesis|[silent]\n|switch|p2a: Sandy Shocks|Sandy Shocks, L80|267/267|[from] Flip Turn\n|move|p1a: Tauros|Wild Charge|p2a: Sandy Shocks\n|-immune|p2a: Sandy Shocks\n|\n|upkeep\n|turn|22\n|\n|t:|1781384967\n|switch|p1a: Indeedee|Indeedee-F, L90, F|153/272\n|-fieldstart|move: Psychic Terrain|[from] ability: Psychic Surge|[of] p1a: Indeedee\n|move|p2a: Sandy Shocks|Spikes|p1a: Indeedee\n|-sidestart|p1: Raging-Kaiju|Spikes\n|\n|upkeep\n|turn|23\n|\n|t:|1781384982\n|move|p2a: Sandy Shocks|Spikes|p1a: Indeedee\n|-sidestart|p1: Raging-Kaiju|Spikes\n|move|p1a: Indeedee|Psyshock|p2a: Sandy Shocks\n|-damage|p2a: Sandy Shocks|98/267\n|-damage|p1a: Indeedee|126/272|[from] item: Life Orb\n|\n|-heal|p2a: Sandy Shocks|114/267|[from] item: Leftovers\n|upkeep\n|turn|24\n|\n|t:|1781384993\n|move|p2a: Sandy Shocks|Thunderbolt|p1a: Indeedee\n|-damage|p1a: Indeedee|44/272\n|move|p1a: Indeedee|Psyshock|p2a: Sandy Shocks\n|-damage|p2a: Sandy Shocks|0 fnt\n|faint|p2a: Sandy Shocks\n|-end|p2a: Sandy Shocks|Protosynthesis|[silent]\n|-damage|p1a: Indeedee|17/272|[from] item: Life Orb\n|\n|upkeep\n|\n|t:|1781385004\n|switch|p2a: Walking Wake|Walking Wake, L79|183/286\n|turn|25\n|\n|t:|1781385015\n|move|p2a: Walking Wake|Flip Turn|p1a: Indeedee\n|-damage|p1a: Indeedee|0 fnt\n|faint|p1a: Indeedee\n|\n|t:|1781385019\n|-end|p2a: Walking Wake|Protosynthesis|[silent]\n|switch|p2a: Granbull|Granbull, L88, F|302/302|[from] Flip Turn\n|\n|upkeep\n|\n|t:|1781385029\n|switch|p1a: Tauros|Tauros-Paldea-Blaze, L81, M|142/254 par\n|-damage|p1a: Tauros|100/254 par|[from] Spikes\n|-ability|p1a: Tauros|Intimidate|boost\n|-unboost|p2a: Granbull|atk|1\n|turn|26\n|\n|t:|1781385053\n|move|p2a: Granbull|Earthquake|p1a: Tauros\n|-supereffective|p1a: Tauros\n|-damage|p1a: Tauros|0 fnt\n|faint|p1a: Tauros\n|\n|-fieldend|move: Psychic Terrain\n|upkeep\n|\n|t:|1781385067\n|switch|p1a: Kleavor|Kleavor, L78, F|237/237\n|-damage|p1a: Kleavor|198/237|[from] Spikes\n|turn|27\n|inactive|thegoldenoreo has 120 seconds left.\n|\n|t:|1781385122\n|-terastallize|p1a: Kleavor|Rock\n|move|p1a: Kleavor|Stone Axe|p2a: Granbull\n|-damage|p2a: Granbull|54/302\n|-sidestart|p2: thegoldenoreo|move: Stealth Rock\n|move|p2a: Granbull|Thunder Wave|p1a: Kleavor\n|-status|p1a: Kleavor|par\n|\n|-heal|p2a: Granbull|72/302|[from] item: Leftovers\n|upkeep\n|turn|28\n|inactive|thegoldenoreo has 90 seconds left.\n|\n|t:|1781385138\n|move|p2a: Granbull|Earthquake|p1a: Kleavor\n|-supereffective|p1a: Kleavor\n|-damage|p1a: Kleavor|80/237 par\n|move|p1a: Kleavor|Stone Axe|p2a: Granbull\n|-damage|p2a: Granbull|0 fnt\n|faint|p2a: Granbull\n|\n|upkeep\n|inactive|thegoldenoreo has 90 seconds left.\n|\n|t:|1781385147\n|switch|p2a: Walking Wake|Walking Wake, L79|183/286\n|-damage|p2a: Walking Wake|148/286|[from] Stealth Rock\n|turn|29\n|inactive|thegoldenoreo has 90 seconds left.\n|\n|t:|1781385159\n|-terastallize|p2a: Walking Wake|Fire\n|move|p2a: Walking Wake|Flamethrower|p1a: Kleavor\n|-resisted|p1a: Kleavor\n|-damage|p1a: Kleavor|0 fnt\n|faint|p1a: Kleavor\n|\n|upkeep\n|\n|t:|1781385166\n|switch|p1a: Meowscarada|Meowscarada, L78, M|159/247\n|-damage|p1a: Meowscarada|118/247|[from] Spikes\n|turn|30\n|inactive|thegoldenoreo has 90 seconds left.\n|\n|t:|1781385195\n|move|p1a: Meowscarada|Knock Off|p2a: Walking Wake\n|-start|p1a: Meowscarada|typechange|Dark|[from] ability: Protean\n|-damage|p2a: Walking Wake|2/286\n|-enditem|p2a: Walking Wake|Choice Specs|[from] move: Knock Off|[of] p1a: Meowscarada\n|-damage|p1a: Meowscarada|94/247|[from] item: Life Orb\n|move|p2a: Walking Wake|Flamethrower|p1a: Meowscarada\n|-damage|p1a: Meowscarada|0 fnt\n|faint|p1a: Meowscarada\n|\n|win|thegoldenoreo\n|raw|Raging-Kaiju's rating: 1612 &rarr; <strong>1593</strong><br />(-19 for losing)\n|raw|thegoldenoreo's rating: 1623 &rarr; <strong>1642</strong><br />(+19 for winning)\n|l|\u2606Raging-Kaiju\n|player|p1|\n|c|\u2606thegoldenoreo|gg\n|c|\u2606thegoldenoreo|damn\n", "uploadtime": 1781385211, "views": 6, "formatid": "gen9randombattle", "rating": 1593, "private": 0, "password": null}