{"id": "gen9randombattle-2631821196", "format": "[Gen 9] Random Battle", "players": ["devamm", "kainotaguy"], "log": "|j|\u2606devamm\n|j|\u203dkainotaguy\n|t:|1781444410\n|gametype|singles\n|player|p1|devamm|169|1080\n|player|p2|kainotaguy|iris-gen5bw2|1130\n|gen|9\n|tier|[Gen 9] Random Battle\n|rated|\n|rule|Species Clause: Limit one of each Pok\u00e9mon\n|rule|HP Percentage Mod: HP is shown in percentages\n|rule|Sleep Clause Mod: Limit one foe put to sleep\n|rule|Illusion Level Mod: Illusion disguises the Pok\u00e9mon's true level\n|\n|t:|1781444410\n|teamsize|p1|6\n|teamsize|p2|6\n|start\n|switch|p1a: Hatterene|Hatterene, L85, F|236/236\n|switch|p2a: Bellossom|Bellossom, L84, M|263/263\n|turn|1\n|inactive|Battle timer is ON: inactive players will automatically lose when time's up. (requested by kainotaguy)\n|\n|t:|1781444426\n|switch|p2a: Drifblim|Drifblim, L86, M|398/398\n|move|p1a: Hatterene|Mystical Fire|p2a: Drifblim\n|-damage|p2a: Drifblim|305/398\n|-unboost|p2a: Drifblim|spa|1\n|\n|upkeep\n|turn|2\n|\n|t:|1781444444\n|-terastallize|p1a: Hatterene|Fairy\n|move|p2a: Drifblim|Shadow Ball|p1a: Hatterene\n|-damage|p1a: Hatterene|191/236\n|move|p1a: Hatterene|Draining Kiss|p2a: Drifblim\n|-damage|p2a: Drifblim|137/398\n|-heal|p1a: Hatterene|236/236|[from] drain|[of] p2a: Drifblim\n|\n|upkeep\n|turn|3\n|\n|t:|1781444463\n|move|p2a: Drifblim|Shadow Ball|p1a: Hatterene\n|-damage|p1a: Hatterene|185/236\n|-unboost|p1a: Hatterene|spd|1\n|move|p1a: Hatterene|Draining Kiss|p2a: Drifblim\n|-damage|p2a: Drifblim|0 fnt\n|-heal|p1a: Hatterene|236/236|[from] drain|[of] p2a: Drifblim\n|-damage|p1a: Hatterene|177/236|[from] ability: Aftermath|[of] p2a: Drifblim\n|faint|p2a: Drifblim\n|\n|-heal|p1a: Hatterene|191/236|[from] item: Leftovers\n|upkeep\n|\n|t:|1781444472\n|switch|p2a: Reuniclus|Reuniclus, L88, F|337/337\n|turn|4\n|\n|t:|1781444486\n|move|p2a: Reuniclus|Calm Mind|p2a: Reuniclus\n|-boost|p2a: Reuniclus|spa|1\n|-boost|p2a: Reuniclus|spd|1\n|move|p1a: Hatterene|Draining Kiss|p2a: Reuniclus\n|-damage|p2a: Reuniclus|265/337\n|-heal|p1a: Hatterene|236/236|[from] drain|[of] p2a: Reuniclus\n|\n|upkeep\n|turn|5\n|\n|t:|1781444493\n|move|p2a: Reuniclus|Calm Mind|p2a: Reuniclus\n|-boost|p2a: Reuniclus|spa|1\n|-boost|p2a: Reuniclus|spd|1\n|move|p1a: Hatterene|Psychic|p2a: Reuniclus\n|-resisted|p2a: Reuniclus\n|-damage|p2a: Reuniclus|232/337\n|\n|upkeep\n|turn|6\n|\n|t:|1781444502\n|move|p2a: Reuniclus|Calm Mind|p2a: Reuniclus\n|-boost|p2a: Reuniclus|spa|1\n|-boost|p2a: Reuniclus|spd|1\n|move|p1a: Hatterene|Calm Mind|p1a: Hatterene\n|-boost|p1a: Hatterene|spa|1\n|-boost|p1a: Hatterene|spd|1\n|\n|upkeep\n|turn|7\n|\n|t:|1781444510\n|move|p2a: Reuniclus|Psychic|p1a: Hatterene\n|-damage|p1a: Hatterene|0 fnt\n|faint|p1a: Hatterene\n|\n|upkeep\n|\n|t:|1781444521\n|switch|p1a: Iron Jugulis|Iron Jugulis, L77|271/271\n|turn|8\n|\n|t:|1781444530\n|-terastallize|p2a: Reuniclus|Steel\n|move|p1a: Iron Jugulis|Dark Pulse|p2a: Reuniclus\n|-damage|p2a: Reuniclus|178/337\n|move|p2a: Reuniclus|Recover|p2a: Reuniclus\n|-heal|p2a: Reuniclus|337/337\n|\n|upkeep\n|turn|9\n|\n|t:|1781444537\n|move|p1a: Iron Jugulis|Dark Pulse|p2a: Reuniclus\n|-damage|p2a: Reuniclus|289/337\n|move|p2a: Reuniclus|Focus Blast|p1a: Iron Jugulis|[miss]\n|-miss|p2a: Reuniclus|p1a: Iron Jugulis\n|\n|upkeep\n|turn|10\n|\n|t:|1781444557\n|move|p1a: Iron Jugulis|Dark Pulse|p2a: Reuniclus\n|-damage|p2a: Reuniclus|237/337\n|move|p2a: Reuniclus|Calm Mind|p2a: Reuniclus\n|-boost|p2a: Reuniclus|spa|1\n|-boost|p2a: Reuniclus|spd|1\n|\n|upkeep\n|turn|11\n|\n|t:|1781444565\n|-end|p1a: Iron Jugulis|Quark Drive|[silent]\n|switch|p1a: Kommo-o|Kommo-o, L78, F|245/245\n|move|p2a: Reuniclus|Focus Blast|p1a: Kommo-o\n|-damage|p1a: Kommo-o|0 fnt\n|faint|p1a: Kommo-o\n|\n|upkeep\n|\n|t:|1781444574\n|switch|p1a: Iron Jugulis|Iron Jugulis, L77|271/271\n|turn|12\n|\n|t:|1781444587\n|move|p1a: Iron Jugulis|Fire Blast|p2a: Reuniclus|[miss]\n|-miss|p1a: Iron Jugulis|p2a: Reuniclus\n|move|p2a: Reuniclus|Focus Blast|p1a: Iron Jugulis\n|-damage|p1a: Iron Jugulis|0 fnt\n|faint|p1a: Iron Jugulis\n|-end|p1a: Iron Jugulis|Quark Drive|[silent]\n|\n|upkeep\n|\n|t:|1781444597\n|switch|p1a: Iron Thorns|Iron Thorns, L83|302/302\n|-item|p1a: Iron Thorns|Air Balloon\n|turn|13\n|\n|t:|1781444602\n|move|p1a: Iron Thorns|Wild Charge|p2a: Reuniclus\n|-damage|p2a: Reuniclus|104/337\n|-damage|p1a: Iron Thorns|269/302|[from] Recoil\n|move|p2a: Reuniclus|Focus Blast|p1a: Iron Thorns|[miss]\n|-miss|p2a: Reuniclus|p1a: Iron Thorns\n|\n|upkeep\n|turn|14\n|\n|t:|1781444609\n|move|p1a: Iron Thorns|Wild Charge|p2a: Reuniclus\n|-damage|p2a: Reuniclus|0 fnt\n|faint|p2a: Reuniclus\n|-damage|p1a: Iron Thorns|243/302|[from] Recoil\n|\n|upkeep\n|\n|t:|1781444616\n|switch|p2a: Bellossom|Bellossom, L84, M|263/263\n|turn|15\n|\n|t:|1781444628\n|move|p1a: Iron Thorns|Earthquake|p2a: Bellossom\n|-resisted|p2a: Bellossom\n|-damage|p2a: Bellossom|223/263\n|move|p2a: Bellossom|Quiver Dance|p2a: Bellossom\n|-boost|p2a: Bellossom|spa|1\n|-boost|p2a: Bellossom|spd|1\n|-boost|p2a: Bellossom|spe|1\n|\n|-heal|p2a: Bellossom|239/263|[from] item: Leftovers\n|upkeep\n|turn|16\n|\n|t:|1781444640\n|move|p2a: Bellossom|Quiver Dance|p2a: Bellossom\n|-boost|p2a: Bellossom|spa|1\n|-boost|p2a: Bellossom|spd|1\n|-boost|p2a: Bellossom|spe|1\n|move|p1a: Iron Thorns|Wild Charge|p2a: Bellossom\n|-resisted|p2a: Bellossom\n|-damage|p2a: Bellossom|185/263\n|-damage|p1a: Iron Thorns|229/302|[from] Recoil\n|\n|-heal|p2a: Bellossom|201/263|[from] item: Leftovers\n|upkeep\n|turn|17\n|\n|t:|1781444651\n|move|p2a: Bellossom|Quiver Dance|p2a: Bellossom\n|-boost|p2a: Bellossom|spa|1\n|-boost|p2a: Bellossom|spd|1\n|-boost|p2a: Bellossom|spe|1\n|move|p1a: Iron Thorns|Stealth Rock|p2a: Bellossom\n|-sidestart|p2: kainotaguy|move: Stealth Rock\n|\n|-heal|p2a: Bellossom|217/263|[from] item: Leftovers\n|upkeep\n|turn|18\n|\n|t:|1781444659\n|move|p2a: Bellossom|Quiver Dance|p2a: Bellossom\n|-boost|p2a: Bellossom|spa|1\n|-boost|p2a: Bellossom|spd|1\n|-boost|p2a: Bellossom|spe|1\n|move|p1a: Iron Thorns|Stone Edge|p2a: Bellossom\n|-damage|p2a: Bellossom|99/263\n|\n|-heal|p2a: Bellossom|115/263|[from] item: Leftovers\n|upkeep\n|turn|19\n|\n|t:|1781444667\n|move|p2a: Bellossom|Giga Drain|p1a: Iron Thorns\n|-supereffective|p1a: Iron Thorns\n|-damage|p1a: Iron Thorns|0 fnt\n|-heal|p2a: Bellossom|230/263|[from] drain|[of] p1a: Iron Thorns\n|-enditem|p1a: Iron Thorns|Air Balloon\n|faint|p1a: Iron Thorns\n|-end|p1a: Iron Thorns|Quark Drive|[silent]\n|\n|-heal|p2a: Bellossom|246/263|[from] item: Leftovers\n|upkeep\n|\n|t:|1781444677\n|switch|p1a: Clawitzer|Clawitzer, L87, F|265/265\n|turn|20\n|\n|t:|1781444681\n|move|p2a: Bellossom|Giga Drain|p1a: Clawitzer\n|-supereffective|p1a: Clawitzer\n|-damage|p1a: Clawitzer|0 fnt\n|-heal|p2a: Bellossom|263/263|[from] drain|[of] p1a: Clawitzer\n|faint|p1a: Clawitzer\n|\n|upkeep\n|\n|t:|1781444694\n|switch|p1a: Azumarill|Azumarill, L82, F|298/298\n|turn|21\n|\n|t:|1781444699\n|move|p2a: Bellossom|Giga Drain|p1a: Azumarill\n|-supereffective|p1a: Azumarill\n|-damage|p1a: Azumarill|0 fnt\n|faint|p1a: Azumarill\n|\n|win|kainotaguy\n|raw|devamm's rating: 1080 &rarr; <strong>1061</strong><br />(-19 for losing)\n|raw|kainotaguy's rating: 1130 &rarr; <strong>1151</strong><br />(+21 for winning)\n", "uploadtime": 1781444701, "views": 5, "formatid": "gen9randombattle", "rating": 1061, "private": 0, "password": null}