{"id": "gen9randombattle-2631492333", "format": "[Gen 9] Random Battle", "players": ["boxhero147", "Woelolo"], "log": "|j|\u2606boxhero147\n|j|\u2606Woelolo\n|t:|1781391907\n|gametype|singles\n|player|p1|boxhero147|169|2047\n|player|p2|Woelolo|backpacker|2084\n|gen|9\n|tier|[Gen 9] Random Battle\n|rated|\n|rule|Species Clause: Limit one of each Pok\u00e9mon\n|rule|HP Percentage Mod: HP is shown in percentages\n|rule|Sleep Clause Mod: Limit one foe put to sleep\n|rule|Illusion Level Mod: Illusion disguises the Pok\u00e9mon's true level\n|\n|t:|1781391907\n|teamsize|p1|6\n|teamsize|p2|6\n|start\n|switch|p1a: Decidueye|Decidueye-Hisui, L87, M|295/295\n|switch|p2a: Jumpluff|Jumpluff, L87, M|271/271\n|turn|1\n|inactive|Battle timer is ON: inactive players will automatically lose when time's up. (requested by Woelolo)\n|\n|t:|1781391923\n|move|p2a: Jumpluff|Acrobatics|p1a: Decidueye\n|-supereffective|p1a: Decidueye\n|-damage|p1a: Decidueye|0 fnt\n|faint|p1a: Decidueye\n|\n|upkeep\n|\n|t:|1781391937\n|switch|p1a: Arceus|Arceus-Fire, L72|291/291\n|turn|2\n|\n|t:|1781391944\n|move|p2a: Jumpluff|Sleep Powder|p1a: Arceus\n|-status|p1a: Arceus|slp|[from] move: Sleep Powder\n|cant|p1a: Arceus|slp\n|\n|upkeep\n|turn|3\n|\n|t:|1781391949\n|move|p2a: Jumpluff|U-turn|p1a: Arceus\n|-resisted|p1a: Arceus\n|-damage|p1a: Arceus|275/291 slp\n|\n|t:|1781391956\n|switch|p2a: Toxapex|Toxapex, L82, M|216/216|[from] U-turn\n|cant|p1a: Arceus|slp\n|\n|upkeep\n|turn|4\n|\n|t:|1781391961\n|-curestatus|p1a: Arceus|slp|[msg]\n|move|p1a: Arceus|Earth Power|p2a: Toxapex\n|-supereffective|p2a: Toxapex\n|-damage|p2a: Toxapex|134/216\n|move|p2a: Toxapex|Toxic Spikes|p1a: Arceus\n|-sidestart|p1: boxhero147|move: Toxic Spikes\n|\n|upkeep\n|turn|5\n|\n|t:|1781391966\n|move|p1a: Arceus|Earth Power|p2a: Toxapex\n|-supereffective|p2a: Toxapex\n|-damage|p2a: Toxapex|62/216\n|move|p2a: Toxapex|Recover|p2a: Toxapex\n|-heal|p2a: Toxapex|170/216\n|\n|upkeep\n|turn|6\n|\n|t:|1781391974\n|switch|p1a: Luvdisc|Luvdisc, M|247/247\n|move|p2a: Toxapex|Toxic Spikes|p1a: Luvdisc\n|-sidestart|p1: boxhero147|move: Toxic Spikes\n|\n|upkeep\n|turn|7\n|\n|t:|1781391983\n|switch|p2a: Jumpluff|Jumpluff, L87, M|271/271\n|move|p1a: Luvdisc|Substitute|p1a: Luvdisc\n|-start|p1a: Luvdisc|Substitute\n|-damage|p1a: Luvdisc|186/247\n|\n|upkeep\n|turn|8\n|\n|t:|1781391990\n|move|p1a: Luvdisc|Whirlpool|p2a: Jumpluff\n|-resisted|p2a: Jumpluff\n|-damage|p2a: Jumpluff|256/271\n|-activate|p2a: Jumpluff|move: Whirlpool|[of] p1a: Luvdisc\n|move|p2a: Jumpluff|Acrobatics|p1a: Luvdisc\n|-damage|p1a: Luvdisc|83/247\n|\n|-damage|p2a: Jumpluff|223/271|[from] move: Whirlpool|[partiallytrapped]\n|upkeep\n|turn|9\n|\n|t:|1781391998\n|move|p1a: Luvdisc|Endeavor|p2a: Jumpluff\n|-damage|p2a: Jumpluff|83/271\n|move|p2a: Jumpluff|Acrobatics|p1a: Luvdisc\n|-damage|p1a: Luvdisc|0 fnt\n|faint|p1a: Luvdisc\n|\n|-end|p2a: Jumpluff|Whirlpool|[partiallytrapped]|[silent]\n|upkeep\n|\n|t:|1781392007\n|switch|p1a: Morpeko|Morpeko, L88, F|245/245\n|-status|p1a: Morpeko|tox\n|turn|10\n|\n|t:|1781392014\n|move|p2a: Jumpluff|Strength Sap|p1a: Morpeko\n|-unboost|p1a: Morpeko|atk|1\n|-heal|p2a: Jumpluff|271/271\n|move|p1a: Morpeko|Rapid Spin|p2a: Jumpluff\n|-damage|p2a: Jumpluff|244/271\n|-boost|p1a: Morpeko|spe|1\n|-sideend|p1: boxhero147|Toxic Spikes|[from] move: Rapid Spin|[of] p1a: Morpeko\n|\n|-damage|p1a: Morpeko|230/245 tox|[from] psn\n|-formechange|p1a: Morpeko|Morpeko-Hangry||[from] ability: Hunger Switch\n|upkeep\n|turn|11\n|\n|t:|1781392028\n|move|p1a: Morpeko|Aura Wheel|p2a: Jumpluff\n|-damage|p2a: Jumpluff|150/271\n|-boost|p1a: Morpeko|spe|1\n|move|p2a: Jumpluff|U-turn|p1a: Morpeko\n|-supereffective|p1a: Morpeko\n|-damage|p1a: Morpeko|130/245 tox\n|\n|t:|1781392047\n|switch|p2a: Umbreon|Umbreon, L84, M|297/297|[from] U-turn\n|\n|-heal|p1a: Morpeko|145/245 tox|[from] item: Leftovers\n|-damage|p1a: Morpeko|115/245 tox|[from] psn\n|-formechange|p1a: Morpeko|Morpeko||[from] ability: Hunger Switch\n|upkeep\n|turn|12\n|c|\u2606boxhero147|gg\n|c|\u2606boxhero147|my team dont got it\n|c|\u2606Woelolo|gg\n|c|\u2606Woelolo|happens\n|-message|boxhero147 forfeited.\n|\n|win|Woelolo\n", "uploadtime": 1781391908, "views": 3, "formatid": "gen9randombattle", "rating": null, "private": 0, "password": null}