{"id": "gen9randombattle-2631539555", "format": "[Gen 9] Random Battle", "players": ["cyb", "duskwolf64"], "log": "|j|\u2606cyb\n|j|\u2606duskwolf64\n|t:|1781398523\n|gametype|singles\n|player|p1|cyb|erika|2062\n|player|p2|duskwolf64|hilbert|2042\n|gen|9\n|tier|[Gen 9] Random Battle\n|rated|\n|rule|Species Clause: Limit one of each Pok\u00e9mon\n|rule|HP Percentage Mod: HP is shown in percentages\n|rule|Sleep Clause Mod: Limit one foe put to sleep\n|rule|Illusion Level Mod: Illusion disguises the Pok\u00e9mon's true level\n|\n|t:|1781398523\n|teamsize|p1|6\n|teamsize|p2|6\n|start\n|switch|p1a: Iron Bundle|Iron Bundle, L78|215/215\n|switch|p2a: Typhlosion|Typhlosion-Hisui, L83, M|257/257\n|turn|1\n|\n|t:|1781398536\n|-terastallize|p2a: Typhlosion|Fire\n|move|p2a: Typhlosion|Eruption|p1a: Iron Bundle\n|-damage|p1a: Iron Bundle|0 fnt\n|faint|p1a: Iron Bundle\n|-end|p1a: Iron Bundle|Quark Drive|[silent]\n|\n|upkeep\n|\n|t:|1781398549\n|switch|p1a: Hitmontop|Hitmontop, L88, M|231/231\n|-ability|p1a: Hitmontop|Intimidate|boost\n|-unboost|p2a: Typhlosion|atk|1\n|turn|2\n|\n|t:|1781398565\n|move|p2a: Typhlosion|Eruption|p1a: Hitmontop\n|-damage|p1a: Hitmontop|97/231\n|move|p1a: Hitmontop|Close Combat|p2a: Typhlosion\n|-damage|p2a: Typhlosion|100/257\n|-unboost|p1a: Hitmontop|def|1\n|-unboost|p1a: Hitmontop|spd|1\n|\n|upkeep\n|turn|3\n|\n|t:|1781398574\n|switch|p1a: Garchomp|Garchomp, L74, F|282/282\n|move|p2a: Typhlosion|Eruption|p1a: Garchomp\n|-resisted|p1a: Garchomp\n|-damage|p1a: Garchomp|225/282\n|\n|upkeep\n|turn|4\n|\n|t:|1781398579\n|switch|p2a: Skarmory|Skarmory, L80, F|235/235\n|move|p1a: Garchomp|Stealth Rock|p2a: Skarmory\n|-sidestart|p2: duskwolf64|move: Stealth Rock\n|\n|upkeep\n|turn|5\n|\n|t:|1781398585\n|move|p2a: Skarmory|Stealth Rock|p1a: Garchomp\n|-sidestart|p1: cyb|move: Stealth Rock\n|move|p1a: Garchomp|Dragon Tail|p2a: Skarmory\n|-resisted|p2a: Skarmory\n|-damage|p2a: Skarmory|211/235\n|drag|p2a: Lunala|Lunala, L70|308/308\n|-damage|p2a: Lunala|270/308|[from] Stealth Rock\n|\n|-heal|p2a: Lunala|289/308|[from] item: Leftovers\n|upkeep\n|turn|6\n|\n|t:|1781398594\n|move|p1a: Garchomp|Earthquake|p2a: Lunala\n|-damage|p2a: Lunala|177/308\n|move|p2a: Lunala|Moonblast|p1a: Garchomp\n|-supereffective|p1a: Garchomp\n|-damage|p1a: Garchomp|89/282\n|-unboost|p1a: Garchomp|spa|1\n|\n|-heal|p2a: Lunala|196/308|[from] item: Leftovers\n|upkeep\n|turn|7\n|\n|t:|1781398606\n|move|p2a: Lunala|Moonlight|p2a: Lunala\n|-heal|p2a: Lunala|308/308\n|move|p1a: Garchomp|Dragon Tail|p2a: Lunala\n|-damage|p2a: Lunala|270/308\n|drag|p2a: Gyarados|Gyarados, L79, F|280/280\n|\n|upkeep\n|turn|8\n|\n|t:|1781398613\n|move|p2a: Gyarados|Waterfall|p1a: Garchomp\n|-damage|p1a: Garchomp|0 fnt\n|-damage|p2a: Gyarados|245/280|[from] ability: Rough Skin|[of] p1a: Garchomp\n|-damage|p2a: Gyarados|199/280|[from] item: Rocky Helmet|[of] p1a: Garchomp\n|faint|p1a: Garchomp\n|-ability|p2a: Gyarados|Moxie|boost\n|-boost|p2a: Gyarados|atk|1\n|\n|upkeep\n|\n|t:|1781398640\n|switch|p1a: Ditto|Ditto, L87|225/225\n|-damage|p1a: Ditto|197/225|[from] Stealth Rock\n|-transform|p1a: Ditto|p2a: Gyarados|[from] ability: Imposter\n|turn|9\n|\n|t:|1781398667\n|move|p1a: Ditto|Waterfall|p2a: Gyarados\n|-resisted|p2a: Gyarados\n|-damage|p2a: Gyarados|112/280\n|cant|p2a: Gyarados|flinch\n|\n|upkeep\n|turn|10\n|\n|t:|1781398672\n|move|p1a: Ditto|Waterfall|p2a: Gyarados\n|-resisted|p2a: Gyarados\n|-damage|p2a: Gyarados|29/280\n|move|p2a: Gyarados|Waterfall|p1a: Ditto\n|-resisted|p1a: Ditto\n|-damage|p1a: Ditto|124/225\n|\n|upkeep\n|turn|11\n|\n|t:|1781398677\n|move|p1a: Ditto|Waterfall|p2a: Gyarados\n|-resisted|p2a: Gyarados\n|-damage|p2a: Gyarados|0 fnt\n|faint|p2a: Gyarados\n|-ability|p1a: Ditto|Moxie|boost\n|-boost|p1a: Ditto|atk|1\n|\n|upkeep\n|\n|t:|1781398680\n|switch|p2a: Grimmsnarl|Grimmsnarl, L83, M|293/293\n|-damage|p2a: Grimmsnarl|257/293|[from] Stealth Rock\n|turn|12\n|\n|t:|1781398685\n|move|p2a: Grimmsnarl|Reflect|p2a: Grimmsnarl\n|-sidestart|p2: duskwolf64|Reflect\n|move|p1a: Ditto|Waterfall|p2a: Grimmsnarl\n|-damage|p2a: Grimmsnarl|123/293\n|\n|upkeep\n|turn|13\n|\n|t:|1781398692\n|move|p2a: Grimmsnarl|Light Screen|p2a: Grimmsnarl\n|-sidestart|p2: duskwolf64|move: Light Screen\n|move|p1a: Ditto|Waterfall|p2a: Grimmsnarl\n|-damage|p2a: Grimmsnarl|4/293\n|\n|upkeep\n|turn|14\n|\n|t:|1781398701\n|switch|p1a: Hitmontop|Hitmontop, L88, M|97/231\n|-damage|p1a: Hitmontop|83/231|[from] Stealth Rock\n|-ability|p1a: Hitmontop|Intimidate|boost\n|-unboost|p2a: Grimmsnarl|atk|1\n|move|p2a: Grimmsnarl|Spirit Break|p1a: Hitmontop\n|-supereffective|p1a: Hitmontop\n|-damage|p1a: Hitmontop|0 fnt\n|faint|p1a: Hitmontop\n|\n|upkeep\n|\n|t:|1781398715\n|switch|p1a: Barraskewda|Barraskewda, L81, F|231/231\n|-damage|p1a: Barraskewda|203/231|[from] Stealth Rock\n|turn|15\n|\n|t:|1781398751\n|move|p1a: Barraskewda|Waterfall|p2a: Grimmsnarl\n|-damage|p2a: Grimmsnarl|0 fnt\n|faint|p2a: Grimmsnarl\n|\n|upkeep\n|\n|t:|1781398756\n|switch|p2a: Skarmory|Skarmory, L80, F|211/235\n|-damage|p2a: Skarmory|182/235|[from] Stealth Rock\n|turn|16\n|\n|t:|1781398766\n|move|p1a: Barraskewda|Waterfall|p2a: Skarmory\n|-damage|p2a: Skarmory|126/235\n|move|p2a: Skarmory|Body Press|p1a: Barraskewda\n|-damage|p1a: Barraskewda|101/231\n|\n|-heal|p2a: Skarmory|140/235|[from] item: Leftovers\n|upkeep\n|turn|17\n|\n|t:|1781398772\n|move|p1a: Barraskewda|Waterfall|p2a: Skarmory\n|-damage|p2a: Skarmory|89/235\n|move|p2a: Skarmory|Roost|p2a: Skarmory\n|-heal|p2a: Skarmory|207/235\n|-singleturn|p2a: Skarmory|move: Roost\n|\n|-heal|p2a: Skarmory|221/235|[from] item: Leftovers\n|upkeep\n|turn|18\n|\n|t:|1781398788\n|switch|p1a: Ditto|Ditto, L87|124/225\n|-damage|p1a: Ditto|96/225|[from] Stealth Rock\n|-transform|p1a: Ditto|p2a: Skarmory|[from] ability: Imposter\n|move|p2a: Skarmory|Brave Bird|p1a: Ditto\n|-resisted|p1a: Ditto\n|-damage|p1a: Ditto|56/225\n|-damage|p2a: Skarmory|208/235|[from] Recoil\n|\n|-heal|p2a: Skarmory|222/235|[from] item: Leftovers\n|upkeep\n|turn|19\n|\n|t:|1781398792\n|move|p1a: Ditto|Roost|p1a: Ditto\n|-heal|p1a: Ditto|169/225\n|-singleturn|p1a: Ditto|move: Roost\n|move|p2a: Skarmory|Body Press|p1a: Ditto\n|-supereffective|p1a: Ditto\n|-damage|p1a: Ditto|73/225\n|\n|-heal|p2a: Skarmory|235/235|[from] item: Leftovers\n|-sideend|p2: duskwolf64|Reflect\n|upkeep\n|turn|20\n|\n|t:|1781398796\n|move|p1a: Ditto|Roost|p1a: Ditto\n|-heal|p1a: Ditto|186/225\n|-singleturn|p1a: Ditto|move: Roost\n|move|p2a: Skarmory|Body Press|p1a: Ditto\n|-supereffective|p1a: Ditto\n|-damage|p1a: Ditto|74/225\n|\n|-sideend|p2: duskwolf64|move: Light Screen\n|upkeep\n|turn|21\n|\n|t:|1781398799\n|move|p1a: Ditto|Roost|p1a: Ditto\n|-heal|p1a: Ditto|187/225\n|-singleturn|p1a: Ditto|move: Roost\n|move|p2a: Skarmory|Body Press|p1a: Ditto\n|-supereffective|p1a: Ditto\n|-damage|p1a: Ditto|89/225\n|\n|upkeep\n|turn|22\n|\n|t:|1781398802\n|switch|p1a: Barraskewda|Barraskewda, L81, F|101/231\n|-damage|p1a: Barraskewda|73/231|[from] Stealth Rock\n|move|p2a: Skarmory|Body Press|p1a: Barraskewda\n|-damage|p1a: Barraskewda|0 fnt\n|faint|p1a: Barraskewda\n|\n|upkeep\n|\n|t:|1781398805\n|switch|p1a: Venomoth|Venomoth, L84, F|255/255\n|turn|23\n|\n|t:|1781398814\n|switch|p2a: Lunala|Lunala, L70|270/308\n|-damage|p2a: Lunala|232/308|[from] Stealth Rock\n|-terastallize|p1a: Venomoth|Water\n|move|p1a: Venomoth|Sleep Powder|p2a: Lunala\n|-status|p2a: Lunala|slp|[from] move: Sleep Powder\n|\n|-heal|p2a: Lunala|251/308 slp|[from] item: Leftovers\n|upkeep\n|turn|24\n|\n|t:|1781398823\n|switch|p2a: Skarmory|Skarmory, L80, F|235/235\n|-damage|p2a: Skarmory|206/235|[from] Stealth Rock\n|move|p1a: Venomoth|Quiver Dance|p1a: Venomoth\n|-boost|p1a: Venomoth|spa|1\n|-boost|p1a: Venomoth|spd|1\n|-boost|p1a: Venomoth|spe|1\n|\n|-heal|p2a: Skarmory|220/235|[from] item: Leftovers\n|upkeep\n|turn|25\n|\n|t:|1781398829\n|move|p1a: Venomoth|Bug Buzz|p2a: Skarmory\n|-resisted|p2a: Skarmory\n|-damage|p2a: Skarmory|138/235\n|move|p2a: Skarmory|Body Press|p1a: Venomoth\n|-damage|p1a: Venomoth|160/255\n|\n|-heal|p2a: Skarmory|152/235|[from] item: Leftovers\n|upkeep\n|turn|26\n|\n|t:|1781398836\n|move|p1a: Venomoth|Quiver Dance|p1a: Venomoth\n|-boost|p1a: Venomoth|spa|1\n|-boost|p1a: Venomoth|spd|1\n|-boost|p1a: Venomoth|spe|1\n|move|p2a: Skarmory|Roost|p2a: Skarmory\n|-heal|p2a: Skarmory|235/235\n|-singleturn|p2a: Skarmory|move: Roost\n|\n|upkeep\n|turn|27\n|\n|t:|1781398841\n|move|p1a: Venomoth|Bug Buzz|p2a: Skarmory\n|-resisted|p2a: Skarmory\n|-damage|p2a: Skarmory|133/235\n|move|p2a: Skarmory|Brave Bird|p1a: Venomoth\n|-damage|p1a: Venomoth|24/255\n|-damage|p2a: Skarmory|88/235|[from] Recoil\n|\n|-heal|p2a: Skarmory|102/235|[from] item: Leftovers\n|upkeep\n|turn|28\n|\n|t:|1781398851\n|move|p1a: Venomoth|Bug Buzz|p2a: Skarmory\n|-resisted|p2a: Skarmory\n|-damage|p2a: Skarmory|0 fnt\n|faint|p2a: Skarmory\n|\n|upkeep\n|\n|t:|1781398857\n|switch|p2a: Flapple|Flapple, L88, F|266/266\n|-damage|p2a: Flapple|233/266|[from] Stealth Rock\n|turn|29\n|\n|t:|1781398911\n|move|p2a: Flapple|Sucker Punch||[still]\n|-fail|p2a: Flapple\n|move|p1a: Venomoth|Quiver Dance|p1a: Venomoth\n|-boost|p1a: Venomoth|spa|1\n|-boost|p1a: Venomoth|spd|1\n|-boost|p1a: Venomoth|spe|1\n|\n|upkeep\n|turn|30\n|\n|t:|1781398917\n|move|p2a: Flapple|Sucker Punch||[still]\n|-fail|p2a: Flapple\n|move|p1a: Venomoth|Quiver Dance|p1a: Venomoth\n|-boost|p1a: Venomoth|spa|1\n|-boost|p1a: Venomoth|spd|1\n|-boost|p1a: Venomoth|spe|1\n|\n|upkeep\n|turn|31\n|\n|t:|1781398933\n|move|p2a: Flapple|Sucker Punch||[still]\n|-fail|p2a: Flapple\n|move|p1a: Venomoth|Quiver Dance|p1a: Venomoth\n|-boost|p1a: Venomoth|spa|1\n|-boost|p1a: Venomoth|spd|1\n|-boost|p1a: Venomoth|spe|1\n|\n|upkeep\n|turn|32\n|\n|t:|1781398937\n|move|p2a: Flapple|Sucker Punch||[still]\n|-fail|p2a: Flapple\n|move|p1a: Venomoth|Quiver Dance|p1a: Venomoth\n|-boost|p1a: Venomoth|spa|1\n|-boost|p1a: Venomoth|spd|1\n|-boost|p1a: Venomoth|spe|1\n|\n|upkeep\n|turn|33\n|\n|t:|1781398939\n|move|p2a: Flapple|Sucker Punch||[still]\n|-fail|p2a: Flapple\n|move|p1a: Venomoth|Quiver Dance|p1a: Venomoth\n|-boost|p1a: Venomoth|spa|0\n|-boost|p1a: Venomoth|spd|0\n|-boost|p1a: Venomoth|spe|0\n|\n|upkeep\n|turn|34\n|\n|t:|1781398942\n|move|p2a: Flapple|Sucker Punch||[still]\n|-fail|p2a: Flapple\n|move|p1a: Venomoth|Quiver Dance|p1a: Venomoth\n|-boost|p1a: Venomoth|spa|0\n|-boost|p1a: Venomoth|spd|0\n|-boost|p1a: Venomoth|spe|0\n|\n|upkeep\n|turn|35\n|\n|t:|1781398944\n|move|p1a: Venomoth|Quiver Dance|p1a: Venomoth\n|-boost|p1a: Venomoth|spa|0\n|-boost|p1a: Venomoth|spd|0\n|-boost|p1a: Venomoth|spe|0\n|move|p2a: Flapple|Grav Apple|p1a: Venomoth\n|-supereffective|p1a: Venomoth\n|-damage|p1a: Venomoth|0 fnt\n|faint|p1a: Venomoth\n|\n|upkeep\n|\n|t:|1781398948\n|switch|p1a: Ditto|Ditto, L87|89/225\n|-damage|p1a: Ditto|61/225|[from] Stealth Rock\n|-transform|p1a: Ditto|p2a: Flapple|[from] ability: Imposter\n|turn|36\n|\n|t:|1781398954\n|move|p2a: Flapple|Sucker Punch||[still]\n|-fail|p2a: Flapple\n|move|p1a: Ditto|Dragon Dance|p1a: Ditto\n|-boost|p1a: Ditto|atk|1\n|-boost|p1a: Ditto|spe|1\n|\n|upkeep\n|turn|37\n|c|\u2606cyb|gg\n|\n|t:|1781398961\n|move|p1a: Ditto|Dragon Dance|p1a: Ditto\n|-boost|p1a: Ditto|atk|1\n|-boost|p1a: Ditto|spe|1\n|move|p2a: Flapple|Dragon Dance|p2a: Flapple\n|-boost|p2a: Flapple|atk|1\n|-boost|p2a: Flapple|spe|1\n|\n|upkeep\n|turn|38\n|\n|t:|1781398965\n|move|p1a: Ditto|Dragon Dance|p1a: Ditto\n|-boost|p1a: Ditto|atk|1\n|-boost|p1a: Ditto|spe|1\n|move|p2a: Flapple|Dragon Dance|p2a: Flapple\n|-boost|p2a: Flapple|atk|1\n|-boost|p2a: Flapple|spe|1\n|\n|upkeep\n|turn|39\n|\n|t:|1781398968\n|move|p1a: Ditto|Dragon Dance|p1a: Ditto\n|-boost|p1a: Ditto|atk|1\n|-boost|p1a: Ditto|spe|1\n|move|p2a: Flapple|Dragon Dance|p2a: Flapple\n|-boost|p2a: Flapple|atk|1\n|-boost|p2a: Flapple|spe|1\n|\n|upkeep\n|turn|40\n|\n|t:|1781398976\n|move|p1a: Ditto|Dragon Dance|p1a: Ditto\n|-boost|p1a: Ditto|atk|1\n|-boost|p1a: Ditto|spe|1\n|move|p2a: Flapple|Grav Apple|p1a: Ditto|[miss]\n|-miss|p2a: Flapple|p1a: Ditto\n|\n|upkeep\n|turn|41\n|\n|t:|1781398982\n|move|p2a: Flapple|Sucker Punch|p1a: Ditto\n|-damage|p1a: Ditto|0 fnt\n|faint|p1a: Ditto\n|\n|win|duskwolf64\n", "uploadtime": 1781398525, "views": 5, "formatid": "gen9randombattle", "rating": null, "private": 0, "password": null}