{"id": "gen9randombattle-2631561859", "format": "[Gen 9] Random Battle", "players": ["gatonet_gnr", "schleeby"], "log": "|j|\u2606gatonet_gnr\n|j|\u2606schleeby\n|t:|1781401624\n|gametype|singles\n|player|p1|gatonet_gnr|jacinthe|2017\n|player|p2|schleeby|rosa|2019\n|gen|9\n|tier|[Gen 9] Random Battle\n|rated|\n|rule|Species Clause: Limit one of each Pok\u00e9mon\n|rule|HP Percentage Mod: HP is shown in percentages\n|rule|Sleep Clause Mod: Limit one foe put to sleep\n|rule|Illusion Level Mod: Illusion disguises the Pok\u00e9mon's true level\n|\n|t:|1781401624\n|teamsize|p1|6\n|teamsize|p2|6\n|start\n|switch|p1a: Ditto|Ditto, L87|225/225\n|switch|p2a: Abomasnow|Abomasnow, L84, F|287/287\n|-transform|p1a: Ditto|p2a: Abomasnow|[from] ability: Imposter\n|-weather|Snowscape|[from] ability: Snow Warning|[of] p1a: Ditto\n|turn|1\n|inactive|Battle timer is ON: inactive players will automatically lose when time's up. (requested by gatonet_gnr)\n|\n|t:|1781401634\n|move|p1a: Ditto|Aurora Veil|p1a: Ditto\n|-sidestart|p1: gatonet_gnr|move: Aurora Veil\n|move|p2a: Abomasnow|Blizzard|p1a: Ditto\n|-damage|p1a: Ditto|171/225\n|\n|-weather|Snowscape|[upkeep]\n|upkeep\n|turn|2\n|\n|t:|1781401640\n|switch|p1a: Snorlax|Snorlax, L82, F|397/397\n|move|p2a: Abomasnow|Aurora Veil|p2a: Abomasnow\n|-sidestart|p2: schleeby|move: Aurora Veil\n|\n|-weather|Snowscape|[upkeep]\n|upkeep\n|turn|3\n|\n|t:|1781401655\n|switch|p2a: Appletun|Appletun, L92, M|352/352\n|move|p1a: Snorlax|Curse|p1a: Snorlax\n|-unboost|p1a: Snorlax|spe|1\n|-boost|p1a: Snorlax|atk|1\n|-boost|p1a: Snorlax|def|1\n|\n|-weather|Snowscape|[upkeep]\n|upkeep\n|turn|4\n|\n|t:|1781401660\n|move|p2a: Appletun|Apple Acid|p1a: Snorlax\n|-crit|p1a: Snorlax\n|-damage|p1a: Snorlax|264/397\n|-unboost|p1a: Snorlax|spd|1\n|move|p1a: Snorlax|Curse|p1a: Snorlax\n|-unboost|p1a: Snorlax|spe|1\n|-boost|p1a: Snorlax|atk|1\n|-boost|p1a: Snorlax|def|1\n|\n|-weather|Snowscape|[upkeep]\n|-heal|p1a: Snorlax|288/397|[from] item: Leftovers\n|upkeep\n|turn|5\n|\n|t:|1781401663\n|move|p2a: Appletun|Apple Acid|p1a: Snorlax\n|-damage|p1a: Snorlax|225/397\n|-unboost|p1a: Snorlax|spd|1\n|move|p1a: Snorlax|Body Slam|p2a: Appletun\n|-damage|p2a: Appletun|253/352\n|\n|-weather|none\n|-heal|p2a: Appletun|275/352|[from] item: Leftovers\n|-heal|p1a: Snorlax|249/397|[from] item: Leftovers\n|-sideend|p1: gatonet_gnr|move: Aurora Veil\n|upkeep\n|turn|6\n|\n|t:|1781401671\n|move|p2a: Appletun|Apple Acid|p1a: Snorlax\n|-damage|p1a: Snorlax|86/397\n|-unboost|p1a: Snorlax|spd|1\n|move|p1a: Snorlax|Body Slam|p2a: Appletun\n|-crit|p2a: Appletun\n|-damage|p2a: Appletun|0 fnt\n|faint|p2a: Appletun\n|\n|-heal|p1a: Snorlax|110/397|[from] item: Leftovers\n|upkeep\n|\n|t:|1781401680\n|switch|p2a: Glimmora|Glimmora, L75, M|248/248\n|turn|7\n|\n|t:|1781401685\n|move|p2a: Glimmora|Earth Power|p1a: Snorlax\n|-damage|p1a: Snorlax|0 fnt\n|faint|p1a: Snorlax\n|\n|upkeep\n|\n|t:|1781401692\n|switch|p1a: Weezing|Weezing-Galar, L86, F|252/252\n|turn|8\n|\n|t:|1781401699\n|move|p2a: Glimmora|Sludge Wave|p1a: Weezing\n|-damage|p1a: Weezing|143/252\n|move|p1a: Weezing|Will-O-Wisp|p2a: Glimmora\n|-status|p2a: Glimmora|brn\n|\n|-heal|p1a: Weezing|158/252|[from] item: Leftovers\n|-damage|p2a: Glimmora|233/248 brn|[from] brn\n|upkeep\n|turn|9\n|\n|t:|1781401728\n|switch|p1a: Golurk|Golurk, L87|297/297\n|move|p2a: Glimmora|Sludge Wave|p1a: Golurk\n|-resisted|p1a: Golurk\n|-damage|p1a: Golurk|271/297\n|\n|-damage|p2a: Glimmora|218/248 brn|[from] brn\n|-sideend|p2: schleeby|move: Aurora Veil\n|upkeep\n|turn|10\n|\n|t:|1781401735\n|switch|p2a: Mightyena|Mightyena, L96, F|290/290\n|-ability|p2a: Mightyena|Intimidate|boost\n|-unboost|p1a: Golurk|atk|1\n|move|p1a: Golurk|Stealth Rock|p2a: Mightyena\n|-sidestart|p2: schleeby|move: Stealth Rock\n|\n|upkeep\n|turn|11\n|\n|t:|1781401746\n|switch|p1a: Weezing|Weezing-Galar, L86, F|158/252\n|move|p2a: Mightyena|Crunch|p1a: Weezing\n|-resisted|p1a: Weezing\n|-damage|p1a: Weezing|115/252\n|\n|-heal|p1a: Weezing|130/252|[from] item: Leftovers\n|upkeep\n|turn|12\n|\n|t:|1781401751\n|switch|p2a: Glimmora|Glimmora, L75, M|218/248 brn\n|move|p1a: Weezing|Strange Steam|p2a: Glimmora\n|-resisted|p2a: Glimmora\n|-damage|p2a: Glimmora|167/248 brn\n|\n|-heal|p1a: Weezing|145/252|[from] item: Leftovers\n|-damage|p2a: Glimmora|152/248 brn|[from] brn\n|upkeep\n|turn|13\n|\n|t:|1781401764\n|move|p2a: Glimmora|Stealth Rock|p1a: Weezing\n|-sidestart|p1: gatonet_gnr|move: Stealth Rock\n|move|p1a: Weezing|Strange Steam|p2a: Glimmora\n|-resisted|p2a: Glimmora\n|-crit|p2a: Glimmora\n|-damage|p2a: Glimmora|65/248 brn\n|-start|p2a: Glimmora|confusion\n|\n|-heal|p1a: Weezing|160/252|[from] item: Leftovers\n|-damage|p2a: Glimmora|50/248 brn|[from] brn\n|upkeep\n|turn|14\n|\n|t:|1781401775\n|-activate|p2a: Glimmora|confusion\n|move|p2a: Glimmora|Sludge Wave|p1a: Weezing\n|-damage|p1a: Weezing|43/252\n|move|p1a: Weezing|Strange Steam|p2a: Glimmora\n|-resisted|p2a: Glimmora\n|-damage|p2a: Glimmora|0 fnt\n|faint|p2a: Glimmora\n|\n|-heal|p1a: Weezing|58/252|[from] item: Leftovers\n|upkeep\n|\n|t:|1781401792\n|switch|p2a: Abomasnow|Abomasnow, L84, F|287/287\n|-damage|p2a: Abomasnow|216/287|[from] Stealth Rock\n|-weather|Snowscape|[from] ability: Snow Warning|[of] p2a: Abomasnow\n|turn|15\n|\n|t:|1781401801\n|move|p1a: Weezing|Fire Blast|p2a: Abomasnow\n|-supereffective|p2a: Abomasnow\n|-crit|p2a: Abomasnow\n|-damage|p2a: Abomasnow|0 fnt\n|faint|p2a: Abomasnow\n|\n|-weather|Snowscape|[upkeep]\n|-heal|p1a: Weezing|73/252|[from] item: Leftovers\n|upkeep\n|\n|t:|1781401808\n|switch|p2a: Sylveon|Sylveon, L85, M|300/300\n|-damage|p2a: Sylveon|263/300|[from] Stealth Rock\n|turn|16\n|\n|t:|1781401813\n|move|p1a: Weezing|Gunk Shot|p2a: Sylveon\n|-supereffective|p2a: Sylveon\n|-damage|p2a: Sylveon|0 fnt\n|faint|p2a: Sylveon\n|\n|-weather|Snowscape|[upkeep]\n|-heal|p1a: Weezing|88/252|[from] item: Leftovers\n|upkeep\n|-message|schleeby forfeited.\n|\n|win|gatonet_gnr\n|raw|gatonet_gnr's rating: 2017 &rarr; <strong>2037</strong><br />(+20 for winning)\n|raw|schleeby's rating: 2019 &rarr; <strong>1999</strong><br />(-20 for losing)\n", "uploadtime": 1781401627, "views": 3, "formatid": "gen9randombattle", "rating": 1999, "private": 0, "password": null}