{"id": "gen9randombattle-2631553592", "format": "[Gen 9] Random Battle", "players": ["samuelayers", "Magikarpitalism"], "log": "|j|\u2606samuelayers\n|j|\u2606Magikarpitalism\n|t:|1781400454\n|gametype|singles\n|player|p1|samuelayers|gentleman-gen4dp|2166\n|player|p2|Magikarpitalism|steven|2216\n|gen|9\n|tier|[Gen 9] Random Battle\n|rated|\n|rule|Species Clause: Limit one of each Pok\u00e9mon\n|rule|HP Percentage Mod: HP is shown in percentages\n|rule|Sleep Clause Mod: Limit one foe put to sleep\n|rule|Illusion Level Mod: Illusion disguises the Pok\u00e9mon's true level\n|\n|t:|1781400454\n|teamsize|p1|6\n|teamsize|p2|6\n|start\n|switch|p1a: Roaring Moon|Roaring Moon, L72|270/270\n|switch|p2a: Milotic|Milotic, L83, M|293/293\n|turn|1\n|inactive|Battle timer is ON: inactive players will automatically lose when time's up. (requested by samuelayers)\n|\n|t:|1781400464\n|move|p1a: Roaring Moon|Knock Off|p2a: Milotic\n|-damage|p2a: Milotic|128/293\n|-enditem|p2a: Milotic|Leftovers|[from] move: Knock Off|[of] p1a: Roaring Moon\n|move|p2a: Milotic|Ice Beam|p1a: Roaring Moon\n|-supereffective|p1a: Roaring Moon\n|-damage|p1a: Roaring Moon|136/270\n|\n|upkeep\n|turn|2\n|\n|t:|1781400472\n|-end|p1a: Roaring Moon|Protosynthesis|[silent]\n|switch|p1a: Heracross|Heracross, L80, M|259/259\n|move|p2a: Milotic|Recover|p2a: Milotic\n|-heal|p2a: Milotic|275/293\n|\n|-status|p1a: Heracross|brn|[from] item: Flame Orb\n|upkeep\n|turn|3\n|\n|t:|1781400477\n|move|p1a: Heracross|Trailblaze|p2a: Milotic\n|-supereffective|p2a: Milotic\n|-damage|p2a: Milotic|133/293\n|-boost|p1a: Heracross|spe|1\n|move|p2a: Milotic|Dragon Tail|p1a: Heracross\n|-damage|p1a: Heracross|225/259 brn\n|drag|p1a: Roaring Moon|Roaring Moon, L72|136/270\n|\n|upkeep\n|turn|4\n|\n|t:|1781400492\n|switch|p2a: Diancie|Diancie, L82|216/216\n|move|p1a: Roaring Moon|Outrage|p2a: Diancie\n|-immune|p2a: Diancie\n|\n|upkeep\n|turn|5\n|\n|t:|1781400509\n|move|p1a: Roaring Moon|Outrage|p2a: Diancie\n|-immune|p2a: Diancie\n|move|p2a: Diancie|Diamond Storm|p1a: Roaring Moon\n|-damage|p1a: Roaring Moon|7/270\n|-boost|p2a: Diancie|def|2\n|\n|upkeep\n|turn|6\n|\n|t:|1781400521\n|-end|p1a: Roaring Moon|Protosynthesis|[silent]\n|switch|p1a: Magearna|Magearna-Original, L77|250/250\n|move|p2a: Diancie|Rock Polish|p2a: Diancie\n|-boost|p2a: Diancie|spe|2\n|\n|upkeep\n|turn|7\n|\n|t:|1781400526\n|-terastallize|p2a: Diancie|Fighting\n|move|p2a: Diancie|Body Press|p1a: Magearna\n|-damage|p1a: Magearna|46/250\n|move|p1a: Magearna|Shift Gear|p1a: Magearna\n|-boost|p1a: Magearna|spe|2\n|-boost|p1a: Magearna|atk|1\n|\n|-heal|p1a: Magearna|61/250|[from] item: Leftovers\n|upkeep\n|turn|8\n|\n|t:|1781400532\n|move|p1a: Magearna|Fleur Cannon|p2a: Diancie\n|-supereffective|p2a: Diancie\n|-damage|p2a: Diancie|22/216\n|-unboost|p1a: Magearna|spa|2\n|move|p2a: Diancie|Rock Polish|p2a: Diancie\n|-boost|p2a: Diancie|spe|2\n|\n|-heal|p2a: Diancie|35/216|[from] item: Leftovers\n|-heal|p1a: Magearna|76/250|[from] item: Leftovers\n|upkeep\n|turn|9\n|\n|t:|1781400541\n|move|p2a: Diancie|Body Press|p1a: Magearna\n|-crit|p1a: Magearna\n|-damage|p1a: Magearna|0 fnt\n|faint|p1a: Magearna\n|\n|-heal|p2a: Diancie|48/216|[from] item: Leftovers\n|upkeep\n|\n|t:|1781400544\n|switch|p1a: Skarmory|Skarmory, L80, F|235/235\n|turn|10\n|\n|t:|1781400552\n|move|p2a: Diancie|Diamond Storm|p1a: Skarmory\n|-damage|p1a: Skarmory|154/235\n|-boost|p2a: Diancie|def|2\n|move|p1a: Skarmory|Brave Bird|p2a: Diancie\n|-supereffective|p2a: Diancie\n|-damage|p2a: Diancie|0 fnt\n|faint|p2a: Diancie\n|-damage|p1a: Skarmory|138/235|[from] Recoil\n|\n|upkeep\n|\n|t:|1781400561\n|switch|p2a: Thundurus|Thundurus, L80, M|258/258\n|turn|11\n|\n|t:|1781400568\n|switch|p1a: Roaring Moon|Roaring Moon, L72|7/270\n|move|p2a: Thundurus|Thunderbolt|p1a: Roaring Moon\n|-resisted|p1a: Roaring Moon\n|-damage|p1a: Roaring Moon|0 fnt\n|faint|p1a: Roaring Moon\n|-end|p1a: Roaring Moon|Protosynthesis|[silent]\n|\n|upkeep\n|\n|t:|1781400575\n|switch|p1a: Meloetta|Meloetta, L82|298/298\n|turn|12\n|\n|t:|1781400583\n|move|p2a: Thundurus|Acrobatics|p1a: Meloetta\n|-damage|p1a: Meloetta|163/298\n|move|p1a: Meloetta|Relic Song|p2a: Thundurus\n|-damage|p2a: Thundurus|122/258\n|-formechange|p1a: Meloetta|Meloetta-Pirouette|[msg]\n|-damage|p1a: Meloetta|134/298|[from] item: Life Orb\n|\n|upkeep\n|turn|13\n|\n|t:|1781400591\n|switch|p2a: Milotic|Milotic, L83, M|133/293\n|move|p1a: Meloetta|Triple Axel|p2a: Milotic|[miss]\n|-miss|p1a: Meloetta|p2a: Milotic\n|\n|upkeep\n|turn|14\n|\n|t:|1781400594\n|move|p1a: Meloetta|Close Combat|p2a: Milotic\n|-damage|p2a: Milotic|0 fnt\n|-unboost|p1a: Meloetta|def|1\n|-unboost|p1a: Meloetta|spd|1\n|faint|p2a: Milotic\n|-damage|p1a: Meloetta|105/298|[from] item: Life Orb\n|\n|upkeep\n|\n|t:|1781400597\n|switch|p2a: Tentacruel|Tentacruel, L84, M|272/272\n|turn|15\n|\n|t:|1781400607\n|move|p1a: Meloetta|Knock Off|p2a: Tentacruel\n|-damage|p2a: Tentacruel|142/272\n|-enditem|p2a: Tentacruel|Assault Vest|[from] move: Knock Off|[of] p1a: Meloetta\n|-damage|p1a: Meloetta|76/298|[from] item: Life Orb\n|move|p2a: Tentacruel|Rapid Spin|p1a: Meloetta\n|-crit|p1a: Meloetta\n|-damage|p1a: Meloetta|15/298\n|-boost|p2a: Tentacruel|spe|1\n|\n|upkeep\n|turn|16\n|\n|t:|1781400615\n|move|p2a: Tentacruel|Surf|p1a: Meloetta\n|-damage|p1a: Meloetta|0 fnt\n|faint|p1a: Meloetta\n|\n|upkeep\n|\n|t:|1781400619\n|switch|p1a: Heracross|Heracross, L80, M|225/259 brn\n|turn|17\n|\n|t:|1781400621\n|move|p2a: Tentacruel|Sludge Bomb|p1a: Heracross\n|-damage|p1a: Heracross|147/259 brn\n|move|p1a: Heracross|Trailblaze|p2a: Tentacruel\n|-damage|p2a: Tentacruel|67/272\n|-boost|p1a: Heracross|spe|1\n|\n|-damage|p1a: Heracross|131/259 brn|[from] brn\n|upkeep\n|turn|18\n|\n|t:|1781400630\n|move|p2a: Tentacruel|Surf|p1a: Heracross\n|-damage|p1a: Heracross|46/259 brn\n|move|p1a: Heracross|Trailblaze|p2a: Tentacruel\n|-damage|p2a: Tentacruel|0 fnt\n|-boost|p1a: Heracross|spe|1\n|faint|p2a: Tentacruel\n|\n|-damage|p1a: Heracross|30/259 brn|[from] brn\n|upkeep\n|\n|t:|1781400636\n|switch|p2a: Lunala|Lunala, L70|308/308\n|turn|19\n|\n|t:|1781400641\n|move|p1a: Heracross|Knock Off|p2a: Lunala\n|-supereffective|p2a: Lunala\n|-damage|p2a: Lunala|58/308\n|-enditem|p2a: Lunala|Leftovers|[from] move: Knock Off|[of] p1a: Heracross\n|move|p2a: Lunala|Moongeist Beam|p1a: Heracross\n|-damage|p1a: Heracross|0 fnt\n|faint|p1a: Heracross\n|\n|upkeep\n|\n|t:|1781400652\n|switch|p1a: Tornadus|Tornadus, L82, M|263/263\n|turn|20\n|\n|t:|1781400660\n|move|p1a: Tornadus|U-turn|p2a: Lunala\n|-crit|p2a: Lunala\n|-damage|p2a: Lunala|0 fnt\n|faint|p2a: Lunala\n|\n|t:|1781400662\n|switch|p1a: Skarmory|Skarmory, L80, F|138/235|[from] U-turn\n|\n|upkeep\n|\n|t:|1781400666\n|switch|p2a: Thundurus|Thundurus, L80, M|122/258\n|turn|21\n|\n|t:|1781400673\n|-terastallize|p1a: Skarmory|Dragon\n|move|p2a: Thundurus|Thunderbolt|p1a: Skarmory\n|-resisted|p1a: Skarmory\n|-damage|p1a: Skarmory|76/235\n|move|p1a: Skarmory|Roost|p1a: Skarmory\n|-heal|p1a: Skarmory|194/235\n|\n|upkeep\n|turn|22\n|\n|t:|1781400681\n|move|p2a: Thundurus|Taunt|p1a: Skarmory\n|-start|p1a: Skarmory|move: Taunt\n|cant|p1a: Skarmory|move: Taunt|Stealth Rock\n|\n|upkeep\n|turn|23\n|\n|t:|1781400689\n|move|p2a: Thundurus|Acrobatics|p1a: Skarmory\n|-damage|p1a: Skarmory|98/235\n|-damage|p2a: Thundurus|79/258|[from] item: Rocky Helmet|[of] p1a: Skarmory\n|move|p1a: Skarmory|Body Press|p2a: Thundurus\n|-resisted|p2a: Thundurus\n|-damage|p2a: Thundurus|34/258\n|\n|upkeep\n|turn|24\n|\n|t:|1781400697\n|move|p2a: Thundurus|Focus Blast|p1a: Skarmory|[miss]\n|-miss|p2a: Thundurus|p1a: Skarmory\n|move|p1a: Skarmory|Body Press|p2a: Thundurus\n|-resisted|p2a: Thundurus\n|-crit|p2a: Thundurus\n|-damage|p2a: Thundurus|0 fnt\n|faint|p2a: Thundurus\n|\n|-end|p1a: Skarmory|move: Taunt\n|upkeep\n|\n|t:|1781400699\n|switch|p2a: Lilligant|Lilligant, L86, F|261/261\n|turn|25\n|\n|t:|1781400702\n|move|p2a: Lilligant|Quiver Dance|p2a: Lilligant\n|-boost|p2a: Lilligant|spa|1\n|-boost|p2a: Lilligant|spd|1\n|-boost|p2a: Lilligant|spe|1\n|move|p1a: Skarmory|Brave Bird|p2a: Lilligant\n|-supereffective|p2a: Lilligant\n|-damage|p2a: Lilligant|39/261\n|-damage|p1a: Skarmory|25/235|[from] Recoil\n|\n|upkeep\n|turn|26\n|\n|t:|1781400708\n|switch|p1a: Tornadus|Tornadus, L82, M|263/263\n|move|p2a: Lilligant|Alluring Voice|p1a: Tornadus\n|-damage|p1a: Tornadus|125/263\n|-damage|p2a: Lilligant|13/261|[from] item: Life Orb\n|\n|upkeep\n|turn|27\n|\n|t:|1781400714\n|switch|p1a: Skarmory|Skarmory, L80, F, tera:Dragon|25/235\n|move|p2a: Lilligant|Sleep Powder|p1a: Skarmory\n|-status|p1a: Skarmory|slp|[from] move: Sleep Powder\n|\n|upkeep\n|turn|28\n|\n|t:|1781400718\n|move|p2a: Lilligant|Quiver Dance|p2a: Lilligant\n|-boost|p2a: Lilligant|spa|1\n|-boost|p2a: Lilligant|spd|1\n|-boost|p2a: Lilligant|spe|1\n|cant|p1a: Skarmory|slp\n|\n|upkeep\n|turn|29\n|\n|t:|1781400721\n|move|p2a: Lilligant|Quiver Dance|p2a: Lilligant\n|-boost|p2a: Lilligant|spa|1\n|-boost|p2a: Lilligant|spd|1\n|-boost|p2a: Lilligant|spe|1\n|cant|p1a: Skarmory|slp\n|\n|upkeep\n|turn|30\n|\n|t:|1781400723\n|move|p2a: Lilligant|Alluring Voice|p1a: Skarmory\n|-supereffective|p1a: Skarmory\n|-crit|p1a: Skarmory\n|-damage|p1a: Skarmory|0 fnt\n|faint|p1a: Skarmory\n|-damage|p2a: Lilligant|0 fnt|[from] item: Life Orb\n|faint|p2a: Lilligant\n|\n|win|samuelayers\n", "uploadtime": 1781400456, "views": 3, "formatid": "gen9randombattle", "rating": null, "private": 0, "password": null}