{"id": "gen9randombattle-2631932510", "format": "[Gen 9] Random Battle", "players": ["PlizComeToBrazil", "marper8"], "log": "|j|\u2606PlizComeToBrazil\n|j|\u2606marper8\n|t:|1781457083\n|gametype|singles\n|player|p1|PlizComeToBrazil|1|2152\n|player|p2|marper8|265|2120\n|gen|9\n|tier|[Gen 9] Random Battle\n|rated|\n|rule|Species Clause: Limit one of each Pok\u00e9mon\n|rule|HP Percentage Mod: HP is shown in percentages\n|rule|Sleep Clause Mod: Limit one foe put to sleep\n|rule|Illusion Level Mod: Illusion disguises the Pok\u00e9mon's true level\n|\n|t:|1781457083\n|teamsize|p1|6\n|teamsize|p2|6\n|start\n|switch|p1a: Okidogi|Okidogi, L77, M|262/262\n|switch|p2a: Mightyena|Mightyena, L96, F|290/290\n|-ability|p2a: Mightyena|Intimidate|boost\n|-unboost|p1a: Okidogi|atk|1\n|turn|1\n|inactive|Battle timer is ON: inactive players will automatically lose when time's up. (requested by marper8)\n|\n|t:|1781457122\n|switch|p2a: Houndstone|Houndstone, L86, M|264/264\n|move|p1a: Okidogi|Knock Off|p2a: Houndstone\n|-supereffective|p2a: Houndstone\n|-damage|p2a: Houndstone|222/264\n|-enditem|p2a: Houndstone|Assault Vest|[from] move: Knock Off|[of] p1a: Okidogi\n|\n|upkeep\n|turn|2\n|\n|t:|1781457135\n|switch|p1a: Cacturne|Cacturne, L92, M|278/278\n|move|p2a: Houndstone|Poltergeist|p1a: Cacturne\n|-activate|p1a: Cacturne|move: Poltergeist|Life Orb\n|-resisted|p1a: Cacturne\n|-damage|p1a: Cacturne|202/278\n|\n|upkeep\n|turn|3\n|j| Rabiesdfsdf\n|\n|t:|1781457154\n|move|p2a: Houndstone|Body Press|p1a: Cacturne\n|-supereffective|p1a: Cacturne\n|-damage|p1a: Cacturne|64/278\n|move|p1a: Cacturne|Seed Bomb|p2a: Houndstone\n|-damage|p2a: Houndstone|101/264\n|-damage|p1a: Cacturne|37/278|[from] item: Life Orb\n|\n|upkeep\n|turn|4\n|\n|t:|1781457164\n|move|p2a: Houndstone|Shadow Sneak|p1a: Cacturne\n|-resisted|p1a: Cacturne\n|-damage|p1a: Cacturne|11/278\n|move|p1a: Cacturne|Sucker Punch||[still]\n|-fail|p1a: Cacturne\n|\n|upkeep\n|turn|5\n|\n|t:|1781457175\n|switch|p1a: Altaria|Altaria, L89, M|278/278\n|move|p2a: Houndstone|Shadow Sneak|p1a: Altaria\n|-damage|p1a: Altaria|235/278\n|\n|upkeep\n|turn|6\n|\n|t:|1781457183\n|move|p1a: Altaria|Dragon Dance|p1a: Altaria\n|-boost|p1a: Altaria|atk|1\n|-boost|p1a: Altaria|spe|1\n|move|p2a: Houndstone|Play Rough|p1a: Altaria\n|-supereffective|p1a: Altaria\n|-damage|p1a: Altaria|115/278\n|\n|upkeep\n|turn|7\n|\n|t:|1781457191\n|move|p1a: Altaria|Roost|p1a: Altaria\n|-heal|p1a: Altaria|254/278\n|-singleturn|p1a: Altaria|move: Roost\n|move|p2a: Houndstone|Play Rough|p1a: Altaria\n|-supereffective|p1a: Altaria\n|-damage|p1a: Altaria|118/278\n|\n|upkeep\n|turn|8\n|\n|t:|1781457206\n|move|p1a: Altaria|Roost|p1a: Altaria\n|-heal|p1a: Altaria|257/278\n|-singleturn|p1a: Altaria|move: Roost\n|move|p2a: Houndstone|Play Rough|p1a: Altaria\n|-supereffective|p1a: Altaria\n|-damage|p1a: Altaria|125/278\n|\n|upkeep\n|turn|9\n|\n|t:|1781457214\n|move|p1a: Altaria|Roost|p1a: Altaria\n|-heal|p1a: Altaria|264/278\n|-singleturn|p1a: Altaria|move: Roost\n|move|p2a: Houndstone|Play Rough|p1a: Altaria\n|-supereffective|p1a: Altaria\n|-damage|p1a: Altaria|126/278\n|\n|upkeep\n|turn|10\n|\n|t:|1781457223\n|move|p1a: Altaria|Roost|p1a: Altaria\n|-heal|p1a: Altaria|265/278\n|-singleturn|p1a: Altaria|move: Roost\n|move|p2a: Houndstone|Play Rough|p1a: Altaria\n|-supereffective|p1a: Altaria\n|-damage|p1a: Altaria|129/278\n|-unboost|p1a: Altaria|atk|1\n|\n|upkeep\n|turn|11\n|\n|t:|1781457233\n|switch|p1a: Delphox|Delphox, L84, F|263/263\n|move|p2a: Houndstone|Play Rough|p1a: Delphox\n|-resisted|p1a: Delphox\n|-damage|p1a: Delphox|220/263\n|\n|upkeep\n|turn|12\n|\n|t:|1781457241\n|switch|p2a: Mightyena|Mightyena, L96, F|290/290\n|-ability|p2a: Mightyena|Intimidate|boost\n|-unboost|p1a: Delphox|atk|1\n|move|p1a: Delphox|Fire Blast|p2a: Mightyena|[miss]\n|-miss|p1a: Delphox|p2a: Mightyena\n|\n|upkeep\n|turn|13\n|inactive|PlizComeToBrazil has 120 seconds left.\n|\n|t:|1781457290\n|switch|p1a: Cacturne|Cacturne, L92, M|11/278\n|move|p2a: Mightyena|Throat Chop|p1a: Cacturne\n|-resisted|p1a: Cacturne\n|-damage|p1a: Cacturne|0 fnt\n|faint|p1a: Cacturne\n|\n|upkeep\n|\n|t:|1781457308\n|switch|p1a: Okidogi|Okidogi, L77, M|262/262\n|turn|14\n|\n|t:|1781457316\n|switch|p2a: Houndstone|Houndstone, L86, M|101/264\n|move|p1a: Okidogi|Gunk Shot|p2a: Houndstone\n|-resisted|p2a: Houndstone\n|-damage|p2a: Houndstone|40/264\n|\n|upkeep\n|turn|15\n|\n|t:|1781457324\n|move|p2a: Houndstone|Shadow Sneak|p1a: Okidogi\n|-damage|p1a: Okidogi|223/262\n|move|p1a: Okidogi|Knock Off|p2a: Houndstone\n|-supereffective|p2a: Houndstone\n|-damage|p2a: Houndstone|0 fnt\n|faint|p2a: Houndstone\n|\n|upkeep\n|\n|t:|1781457328\n|switch|p2a: Zekrom|Zekrom, L71|259/259\n|-ability|p2a: Zekrom|Teravolt\n|turn|16\n|inactive|PlizComeToBrazil has 90 seconds left.\n|\n|t:|1781457365\n|move|p2a: Zekrom|Dragon Dance|p2a: Zekrom\n|-boost|p2a: Zekrom|atk|1\n|-boost|p2a: Zekrom|spe|1\n|move|p1a: Okidogi|Knock Off|p2a: Zekrom\n|-damage|p2a: Zekrom|198/259\n|-enditem|p2a: Zekrom|Leftovers|[from] move: Knock Off|[of] p1a: Okidogi\n|\n|upkeep\n|turn|17\n|inactive|PlizComeToBrazil has 90 seconds left.\n|\n|t:|1781457378\n|move|p2a: Zekrom|Bolt Strike|p1a: Okidogi|[miss]\n|-miss|p2a: Zekrom|p1a: Okidogi\n|move|p1a: Okidogi|Drain Punch|p2a: Zekrom\n|-damage|p2a: Zekrom|126/259\n|-heal|p1a: Okidogi|259/262|[from] drain|[of] p2a: Zekrom\n|-status|p2a: Zekrom|tox|[from] ability: Toxic Chain|[of] p1a: Okidogi\n|\n|-damage|p2a: Zekrom|110/259 tox|[from] psn\n|upkeep\n|turn|18\n|inactive|PlizComeToBrazil has 90 seconds left.\n|\n|t:|1781457391\n|move|p2a: Zekrom|Bolt Strike|p1a: Okidogi\n|-damage|p1a: Okidogi|72/262\n|move|p1a: Okidogi|Drain Punch|p2a: Zekrom\n|-damage|p2a: Zekrom|38/259 tox\n|-heal|p1a: Okidogi|108/262|[from] drain|[of] p2a: Zekrom\n|\n|-damage|p2a: Zekrom|6/259 tox|[from] psn\n|upkeep\n|turn|19\n|inactive|PlizComeToBrazil has 90 seconds left.\n|\n|t:|1781457404\n|move|p2a: Zekrom|Outrage|p1a: Okidogi\n|-damage|p1a: Okidogi|0 fnt\n|faint|p1a: Okidogi\n|\n|-damage|p2a: Zekrom|0 fnt|[from] psn\n|faint|p2a: Zekrom\n|upkeep\n|\n|t:|1781457418\n|switch|p2a: Mightyena|Mightyena, L96, F|290/290\n|switch|p1a: Slither Wing|Slither Wing, L81|270/270\n|-ability|p2a: Mightyena|Intimidate|boost\n|-unboost|p1a: Slither Wing|atk|1\n|turn|20\n|\n|t:|1781457427\n|move|p2a: Mightyena|Play Rough|p1a: Slither Wing\n|-supereffective|p1a: Slither Wing\n|-damage|p1a: Slither Wing|94/270\n|move|p1a: Slither Wing|Will-O-Wisp|p2a: Mightyena\n|-status|p2a: Mightyena|brn\n|\n|-damage|p2a: Mightyena|272/290 brn|[from] brn\n|upkeep\n|turn|21\n|inactive|PlizComeToBrazil has 90 seconds left.\n|\n|t:|1781457437\n|move|p2a: Mightyena|Play Rough|p1a: Slither Wing|[miss]\n|-miss|p2a: Mightyena|p1a: Slither Wing\n|move|p1a: Slither Wing|Morning Sun|p1a: Slither Wing\n|-heal|p1a: Slither Wing|229/270\n|\n|-damage|p2a: Mightyena|254/290 brn|[from] brn\n|upkeep\n|turn|22\n|inactive|PlizComeToBrazil has 90 seconds left.\n|\n|t:|1781457447\n|move|p2a: Mightyena|Poison Fang|p1a: Slither Wing\n|-damage|p1a: Slither Wing|206/270\n|move|p1a: Slither Wing|U-turn|p2a: Mightyena\n|-supereffective|p2a: Mightyena\n|-damage|p2a: Mightyena|116/290 brn\n|inactive|PlizComeToBrazil has 90 seconds left.\n|\n|t:|1781457453\n|-end|p1a: Slither Wing|Protosynthesis|[silent]\n|switch|p1a: Altaria|Altaria, L89, M|129/278|[from] U-turn\n|\n|-damage|p2a: Mightyena|98/290 brn|[from] brn\n|upkeep\n|turn|23\n|\n|t:|1781457460\n|switch|p2a: Piloswine|Piloswine, L85, M|309/309\n|move|p1a: Altaria|Roost|p1a: Altaria\n|-heal|p1a: Altaria|268/278\n|-singleturn|p1a: Altaria|move: Roost\n|\n|upkeep\n|turn|24\n|inactive|PlizComeToBrazil has 90 seconds left.\n|\n|t:|1781457482\n|switch|p1a: Slither Wing|Slither Wing, L81|206/270\n|move|p2a: Piloswine|Stealth Rock|p1a: Slither Wing\n|-sidestart|p1: PlizComeToBrazil|move: Stealth Rock\n|\n|upkeep\n|turn|25\n|inactive|PlizComeToBrazil has 90 seconds left.\n|\n|t:|1781457499\n|switch|p2a: Mightyena|Mightyena, L96, F|98/290 brn\n|-ability|p2a: Mightyena|Intimidate|boost\n|-unboost|p1a: Slither Wing|atk|1\n|move|p1a: Slither Wing|Will-O-Wisp|p2a: Mightyena\n|-fail|p2a: Mightyena|brn\n|\n|-damage|p2a: Mightyena|80/290 brn|[from] brn\n|upkeep\n|turn|26\n|\n|t:|1781457508\n|-end|p1a: Slither Wing|Protosynthesis|[silent]\n|switch|p1a: Altaria|Altaria, L89, M|268/278\n|move|p2a: Mightyena|Poison Fang|p1a: Altaria\n|-crit|p1a: Altaria\n|-damage|p1a: Altaria|237/278\n|\n|-damage|p2a: Mightyena|62/290 brn|[from] brn\n|upkeep\n|turn|27\n|inactive|PlizComeToBrazil has 90 seconds left.\n|\n|t:|1781457520\n|switch|p2a: Piloswine|Piloswine, L85, M|309/309\n|move|p1a: Altaria|Brave Bird|p2a: Piloswine\n|-damage|p2a: Piloswine|227/309\n|-damage|p1a: Altaria|210/278|[from] Recoil\n|\n|upkeep\n|turn|28\n|inactive|PlizComeToBrazil has 90 seconds left.\n|\n|t:|1781457529\n|switch|p1a: Slither Wing|Slither Wing, L81|206/270\n|move|p2a: Piloswine|Icicle Crash|p1a: Slither Wing\n|-damage|p1a: Slither Wing|98/270\n|\n|upkeep\n|turn|29\n|\n|t:|1781457536\n|switch|p2a: Mightyena|Mightyena, L96, F|62/290 brn\n|-ability|p2a: Mightyena|Intimidate|boost\n|-unboost|p1a: Slither Wing|atk|1\n|move|p1a: Slither Wing|Morning Sun|p1a: Slither Wing\n|-heal|p1a: Slither Wing|233/270\n|\n|-damage|p2a: Mightyena|44/290 brn|[from] brn\n|upkeep\n|turn|30\n|\n|t:|1781457546\n|-end|p1a: Slither Wing|Protosynthesis|[silent]\n|switch|p1a: Altaria|Altaria, L89, M|210/278\n|move|p2a: Mightyena|Poison Fang|p1a: Altaria\n|-damage|p1a: Altaria|191/278\n|\n|-damage|p2a: Mightyena|26/290 brn|[from] brn\n|upkeep\n|turn|31\n|\n|t:|1781457554\n|switch|p2a: Piloswine|Piloswine, L85, M|227/309\n|move|p1a: Altaria|Brave Bird|p2a: Piloswine\n|-damage|p2a: Piloswine|148/309\n|-damage|p1a: Altaria|165/278|[from] Recoil\n|\n|upkeep\n|turn|32\n|\n|t:|1781457563\n|switch|p1a: Slither Wing|Slither Wing, L81|233/270\n|move|p2a: Piloswine|Icicle Crash|p1a: Slither Wing\n|-damage|p1a: Slither Wing|128/270\n|\n|upkeep\n|turn|33\n|\n|t:|1781457572\n|switch|p2a: Mightyena|Mightyena, L96, F|26/290 brn\n|-ability|p2a: Mightyena|Intimidate|boost\n|-unboost|p1a: Slither Wing|atk|1\n|move|p1a: Slither Wing|Morning Sun|p1a: Slither Wing\n|-heal|p1a: Slither Wing|263/270\n|\n|-damage|p2a: Mightyena|8/290 brn|[from] brn\n|upkeep\n|turn|34\n|inactive|PlizComeToBrazil has 120 seconds left.\n|\n|t:|1781457583\n|-end|p1a: Slither Wing|Protosynthesis|[silent]\n|switch|p1a: Altaria|Altaria, L89, M|165/278\n|move|p2a: Mightyena|Poison Fang|p1a: Altaria\n|-damage|p1a: Altaria|145/278\n|\n|-damage|p2a: Mightyena|0 fnt|[from] brn\n|faint|p2a: Mightyena\n|upkeep\n|\n|t:|1781457586\n|switch|p2a: Walking Wake|Walking Wake, L79|286/286\n|turn|35\n|inactive|PlizComeToBrazil has 120 seconds left.\n|\n|t:|1781457599\n|switch|p1a: Regice|Regice, L88|284/284\n|move|p2a: Walking Wake|Draco Meteor|p1a: Regice\n|-crit|p1a: Regice\n|-damage|p1a: Regice|122/284\n|-unboost|p2a: Walking Wake|spa|2\n|\n|upkeep\n|turn|36\n|inactive|PlizComeToBrazil has 120 seconds left.\n|\n|t:|1781457614\n|-end|p2a: Walking Wake|Protosynthesis|[silent]\n|switch|p2a: Piloswine|Piloswine, L85, M|148/309\n|move|p1a: Regice|Rest|p1a: Regice\n|-status|p1a: Regice|slp|[from] move: Rest\n|-heal|p1a: Regice|284/284 slp|[silent]\n|\n|upkeep\n|turn|37\n|inactive|PlizComeToBrazil has 120 seconds left.\n|\n|t:|1781457623\n|switch|p1a: Slither Wing|Slither Wing, L81|263/270\n|move|p2a: Piloswine|Roar|p1a: Slither Wing\n|-end|p1a: Slither Wing|Protosynthesis|[silent]\n|drag|p1a: Delphox|Delphox, L84, F|220/263\n|-damage|p1a: Delphox|155/263|[from] Stealth Rock\n|\n|upkeep\n|turn|38\n|inactive|PlizComeToBrazil has 120 seconds left.\n|\n|t:|1781457638\n|move|p1a: Delphox|Fire Blast|p2a: Piloswine\n|-supereffective|p2a: Piloswine\n|-crit|p2a: Piloswine\n|-damage|p2a: Piloswine|0 fnt\n|faint|p2a: Piloswine\n|\n|upkeep\n|\n|t:|1781457641\n|switch|p2a: Walking Wake|Walking Wake, L79|286/286\n|turn|39\n|inactive|PlizComeToBrazil has 120 seconds left.\n|\n|t:|1781457657\n|switch|p1a: Regice|Regice, L88|284/284 slp\n|move|p2a: Walking Wake|Hydro Pump|p1a: Regice\n|-damage|p1a: Regice|185/284 slp\n|\n|upkeep\n|turn|40\n|\n|t:|1781457665\n|move|p2a: Walking Wake|Hydro Pump|p1a: Regice\n|-damage|p1a: Regice|92/284 slp\n|cant|p1a: Regice|slp\n|move|p1a: Regice|Sleep Talk|p1a: Regice\n|move|p1a: Regice|Thunderbolt|p2a: Walking Wake|[from] move: Sleep Talk\n|-damage|p2a: Walking Wake|207/286\n|\n|upkeep\n|turn|41\n|inactive|PlizComeToBrazil has 120 seconds left.\n|\n|t:|1781457682\n|move|p2a: Walking Wake|Hydro Pump|p1a: Regice\n|-damage|p1a: Regice|0 fnt\n|faint|p1a: Regice\n|\n|upkeep\n|inactive|PlizComeToBrazil has 120 seconds left.\n|\n|t:|1781457695\n|switch|p1a: Altaria|Altaria, L89, M|145/278\n|turn|42\n|inactive|PlizComeToBrazil has 120 seconds left.\n|\n|t:|1781457702\n|-end|p2a: Walking Wake|Protosynthesis|[silent]\n|switch|p2a: Serperior|Serperior, L79, F|248/248\n|move|p1a: Altaria|Dragon Dance|p1a: Altaria\n|-boost|p1a: Altaria|atk|1\n|-boost|p1a: Altaria|spe|1\n|\n|upkeep\n|turn|43\n|\n|t:|1781457711\n|move|p1a: Altaria|Brave Bird|p2a: Serperior\n|-supereffective|p2a: Serperior\n|-damage|p2a: Serperior|0 fnt\n|faint|p2a: Serperior\n|-damage|p1a: Altaria|63/278|[from] Recoil\n|\n|upkeep\n|-message|marper8 forfeited.\n|\n|win|PlizComeToBrazil\n", "uploadtime": 1781457086, "views": 3, "formatid": "gen9randombattle", "rating": null, "private": 0, "password": null}