{"id": "gen9randombattle-2631901807", "format": "[Gen 9] Random Battle", "players": ["UziBoii", "procionedellanike"], "log": "|j|\u2606UziBoii\n|j|\u2606procionedellanike\n|t:|1781453744\n|gametype|singles\n|player|p1|UziBoii|steven|1453\n|player|p2|procionedellanike|pokemaniac|1446\n|gen|9\n|tier|[Gen 9] Random Battle\n|rated|\n|rule|Species Clause: Limit one of each Pok\u00e9mon\n|rule|HP Percentage Mod: HP is shown in percentages\n|rule|Sleep Clause Mod: Limit one foe put to sleep\n|rule|Illusion Level Mod: Illusion disguises the Pok\u00e9mon's true level\n|\n|t:|1781453744\n|teamsize|p1|6\n|teamsize|p2|6\n|start\n|switch|p1a: Kilowattrel|Kilowattrel, L83, M|252/252\n|switch|p2a: Heatran|Heatran, L79, F|273/273\n|-item|p2a: Heatran|Air Balloon\n|turn|1\n|inactive|Battle timer is ON: inactive players will automatically lose when time's up. (requested by UziBoii)\n|\n|t:|1781453751\n|move|p1a: Kilowattrel|U-turn|p2a: Heatran\n|-resisted|p2a: Heatran\n|-damage|p2a: Heatran|265/273\n|-enditem|p2a: Heatran|Air Balloon\n|\n|t:|1781453757\n|switch|p1a: Mienshao|Mienshao, L83, F|244/244|[from] U-turn\n|move|p2a: Heatran|Stealth Rock|p1a: Mienshao\n|-sidestart|p1: UziBoii|move: Stealth Rock\n|\n|upkeep\n|turn|2\n|\n|t:|1781453775\n|move|p1a: Mienshao|Close Combat|p2a: Heatran\n|-supereffective|p2a: Heatran\n|-damage|p2a: Heatran|0 fnt\n|-unboost|p1a: Mienshao|def|1\n|-unboost|p1a: Mienshao|spd|1\n|faint|p2a: Heatran\n|\n|upkeep\n|\n|t:|1781453783\n|switch|p2a: Espeon|Espeon, L84, F|246/246\n|turn|3\n|\n|t:|1781453788\n|switch|p1a: Bisharp|Bisharp, L79, F|232/232\n|-damage|p1a: Bisharp|218/232|[from] Stealth Rock\n|move|p2a: Espeon|Alluring Voice|p1a: Bisharp\n|-damage|p1a: Bisharp|144/232\n|-damage|p2a: Espeon|222/246|[from] item: Life Orb\n|\n|upkeep\n|turn|4\n|\n|t:|1781453808\n|switch|p2a: Typhlosion|Typhlosion, L84, M|267/267\n|move|p1a: Bisharp|Throat Chop|p2a: Typhlosion\n|-damage|p2a: Typhlosion|174/267\n|-start|p2a: Typhlosion|Throat Chop|[silent]\n|\n|upkeep\n|turn|5\n|\n|t:|1781453813\n|move|p1a: Bisharp|Sucker Punch|p2a: Typhlosion\n|-damage|p2a: Typhlosion|78/267\n|move|p2a: Typhlosion|Fire Blast|p1a: Bisharp|[miss]\n|-miss|p2a: Typhlosion|p1a: Bisharp\n|\n|-end|p2a: Typhlosion|Throat Chop|[silent]\n|upkeep\n|turn|6\n|\n|t:|1781453817\n|move|p1a: Bisharp|Sucker Punch|p2a: Typhlosion\n|-damage|p2a: Typhlosion|0 fnt\n|faint|p2a: Typhlosion\n|\n|upkeep\n|\n|t:|1781453826\n|switch|p2a: Landorus|Landorus, L75, M|257/257\n|turn|7\n|\n|t:|1781453831\n|switch|p1a: Mienshao|Mienshao, L83, F|244/244\n|-damage|p1a: Mienshao|229/244|[from] Stealth Rock\n|move|p2a: Landorus|Earth Power|p1a: Mienshao\n|-damage|p1a: Mienshao|87/244\n|\n|upkeep\n|turn|8\n|\n|t:|1781453835\n|move|p1a: Mienshao|Fake Out|p2a: Landorus\n|-damage|p2a: Landorus|222/257\n|cant|p2a: Landorus|flinch\n|\n|upkeep\n|turn|9\n|\n|t:|1781453838\n|move|p1a: Mienshao|Knock Off|p2a: Landorus\n|-damage|p2a: Landorus|132/257\n|-enditem|p2a: Landorus|Life Orb|[from] move: Knock Off|[of] p1a: Mienshao\n|move|p2a: Landorus|Earth Power|p1a: Mienshao\n|-damage|p1a: Mienshao|0 fnt\n|faint|p1a: Mienshao\n|\n|upkeep\n|\n|t:|1781453846\n|switch|p1a: Kilowattrel|Kilowattrel, L83, M|252/252\n|turn|10\n|\n|t:|1781453850\n|move|p1a: Kilowattrel|Hurricane|p2a: Landorus\n|-damage|p2a: Landorus|0 fnt\n|faint|p2a: Landorus\n|\n|upkeep\n|\n|t:|1781453858\n|switch|p2a: Glastrier|Glastrier, L86|312/312\n|turn|11\n|\n|t:|1781453861\n|move|p1a: Kilowattrel|U-turn|p2a: Glastrier\n|-damage|p2a: Glastrier|285/312\n|\n|t:|1781453863\n|switch|p1a: Bisharp|Bisharp, L79, F|144/232|[from] U-turn\n|-damage|p1a: Bisharp|130/232|[from] Stealth Rock\n|move|p2a: Glastrier|Icicle Crash|p1a: Bisharp\n|-resisted|p1a: Bisharp\n|-damage|p1a: Bisharp|91/232\n|\n|upkeep\n|turn|12\n|\n|t:|1781453872\n|move|p1a: Bisharp|Swords Dance|p1a: Bisharp\n|-boost|p1a: Bisharp|atk|2\n|move|p2a: Glastrier|Close Combat|p1a: Bisharp\n|-supereffective|p1a: Bisharp\n|-damage|p1a: Bisharp|0 fnt\n|-unboost|p2a: Glastrier|def|1\n|-unboost|p2a: Glastrier|spd|1\n|faint|p1a: Bisharp\n|-ability|p2a: Glastrier|Chilling Neigh|boost\n|-boost|p2a: Glastrier|atk|1\n|\n|upkeep\n|\n|t:|1781453879\n|switch|p1a: Kilowattrel|Kilowattrel, L83, M|252/252\n|turn|13\n|\n|t:|1781453882\n|move|p1a: Kilowattrel|Thunderbolt|p2a: Glastrier\n|-damage|p2a: Glastrier|165/312\n|move|p2a: Glastrier|Icicle Crash|p1a: Kilowattrel\n|-supereffective|p1a: Kilowattrel\n|-damage|p1a: Kilowattrel|0 fnt\n|faint|p1a: Kilowattrel\n|-ability|p2a: Glastrier|Chilling Neigh|boost\n|-boost|p2a: Glastrier|atk|1\n|\n|upkeep\n|\n|t:|1781453890\n|switch|p1a: Maushold|Maushold, L76|238/238\n|-damage|p1a: Maushold|209/238|[from] Stealth Rock\n|turn|14\n|\n|t:|1781453896\n|move|p1a: Maushold|Population Bomb|p2a: Glastrier\n|-crit|p2a: Glastrier\n|-damage|p2a: Glastrier|125/312\n|-damage|p2a: Glastrier|101/312\n|-damage|p2a: Glastrier|77/312\n|-damage|p2a: Glastrier|53/312\n|-damage|p2a: Glastrier|31/312\n|-damage|p2a: Glastrier|6/312\n|-damage|p2a: Glastrier|0 fnt\n|faint|p2a: Glastrier\n|-hitcount|p2: Glastrier|7\n|\n|upkeep\n|\n|t:|1781453904\n|switch|p2a: Tauros|Tauros, L82, M|257/257\n|turn|15\n|\n|t:|1781453915\n|switch|p1a: Archaludon|Archaludon, L78, M|268/268\n|-damage|p1a: Archaludon|252/268|[from] Stealth Rock\n|move|p2a: Tauros|Throat Chop|p1a: Archaludon\n|-damage|p1a: Archaludon|171/268\n|-ability|p1a: Archaludon|Stamina|boost\n|-boost|p1a: Archaludon|def|1\n|\n|upkeep\n|turn|16\n|\n|t:|1781453922\n|move|p2a: Tauros|Close Combat|p1a: Archaludon\n|-supereffective|p1a: Archaludon\n|-damage|p1a: Archaludon|59/268\n|-unboost|p2a: Tauros|def|1\n|-unboost|p2a: Tauros|spd|1\n|-ability|p1a: Archaludon|Stamina|boost\n|-boost|p1a: Archaludon|def|1\n|-damage|p2a: Tauros|232/257|[from] item: Life Orb\n|move|p1a: Archaludon|Iron Head|p2a: Tauros\n|-damage|p2a: Tauros|117/257\n|\n|upkeep\n|turn|17\n|\n|t:|1781453927\n|move|p2a: Tauros|Close Combat|p1a: Archaludon\n|-supereffective|p1a: Archaludon\n|-damage|p1a: Archaludon|0 fnt\n|-unboost|p2a: Tauros|def|1\n|-unboost|p2a: Tauros|spd|1\n|faint|p1a: Archaludon\n|-damage|p2a: Tauros|92/257|[from] item: Life Orb\n|\n|upkeep\n|\n|t:|1781453929\n|switch|p1a: Garchomp|Garchomp, L74, F|282/282\n|-damage|p1a: Garchomp|265/282|[from] Stealth Rock\n|turn|18\n|\n|t:|1781453933\n|move|p2a: Tauros|Body Slam|p1a: Garchomp\n|-damage|p1a: Garchomp|93/282\n|-damage|p2a: Tauros|60/257|[from] ability: Rough Skin|[of] p1a: Garchomp\n|move|p1a: Garchomp|Scale Shot|p2a: Tauros\n|-damage|p2a: Tauros|9/257\n|-damage|p2a: Tauros|0 fnt\n|faint|p2a: Tauros\n|-hitcount|p2: Tauros|2\n|-unboost|p1a: Garchomp|def|1\n|-boost|p1a: Garchomp|spe|1\n|\n|upkeep\n|\n|t:|1781453939\n|switch|p2a: Espeon|Espeon, L84, F|222/246\n|turn|19\n|\n|t:|1781453944\n|move|p1a: Garchomp|Earthquake|p2a: Espeon\n|-damage|p2a: Espeon|74/246\n|move|p2a: Espeon|Alluring Voice|p1a: Garchomp\n|-supereffective|p1a: Garchomp\n|-damage|p1a: Garchomp|0 fnt\n|faint|p1a: Garchomp\n|-damage|p2a: Espeon|50/246|[from] item: Life Orb\n|\n|upkeep\n|\n|t:|1781453947\n|switch|p1a: Maushold|Maushold, L76|209/238\n|-damage|p1a: Maushold|180/238|[from] Stealth Rock\n|turn|20\n|\n|t:|1781453951\n|-terastallize|p2a: Espeon|Psychic\n|move|p2a: Espeon|Psyshock|p1a: Maushold\n|-damage|p1a: Maushold|0 fnt\n|faint|p1a: Maushold\n|-damage|p2a: Espeon|26/246|[from] item: Life Orb\n|\n|win|procionedellanike\n|raw|UziBoii's rating: 1453 &rarr; <strong>1433</strong><br />(-20 for losing)\n|raw|procionedellanike's rating: 1446 &rarr; <strong>1466</strong><br />(+20 for winning)\n", "uploadtime": 1781453953, "views": 2, "formatid": "gen9randombattle", "rating": 1433, "private": 0, "password": null}