{"id": "gen9randombattle-2631807036", "format": "[Gen 9] Random Battle", "players": ["Dunkin_Smeargle", "Barniekiller42064"], "log": "|j|\u2606Dunkin_Smeargle\n|j|\u2606Barniekiller42064\n|t:|1781442489\n|gametype|singles\n|player|p1|Dunkin_Smeargle|artist-gen4|1967\n|player|p2|Barniekiller42064|crasherwake|2037\n|gen|9\n|tier|[Gen 9] Random Battle\n|rated|\n|rule|Species Clause: Limit one of each Pok\u00e9mon\n|rule|HP Percentage Mod: HP is shown in percentages\n|rule|Sleep Clause Mod: Limit one foe put to sleep\n|rule|Illusion Level Mod: Illusion disguises the Pok\u00e9mon's true level\n|\n|t:|1781442489\n|teamsize|p1|6\n|teamsize|p2|6\n|start\n|switch|p1a: Luxray|Luxray, L88, F|283/283\n|switch|p2a: Tinkaton|Tinkaton, L82, F|274/274\n|-ability|p2a: Tinkaton|Mold Breaker\n|turn|1\n|inactive|Battle timer is ON: inactive players will automatically lose when time's up. (requested by Barniekiller42064)\n|\n|t:|1781442506\n|switch|p1a: Hippowdon|Hippowdon, L82, F|311/311\n|-weather|Sandstorm|[from] ability: Sand Stream|[of] p1a: Hippowdon\n|move|p2a: Tinkaton|Stealth Rock|p1a: Hippowdon\n|-sidestart|p1: Dunkin_Smeargle|move: Stealth Rock\n|\n|-weather|Sandstorm|[upkeep]\n|upkeep\n|turn|2\n|\n|t:|1781442514\n|switch|p2a: Dudunsparce|Dudunsparce, L83, M|343/343\n|move|p1a: Hippowdon|Stealth Rock|p2a: Dudunsparce\n|-sidestart|p2: Barniekiller42064|move: Stealth Rock\n|\n|-weather|Sandstorm|[upkeep]\n|-damage|p2a: Dudunsparce|322/343|[from] Sandstorm\n|-heal|p2a: Dudunsparce|343/343|[from] item: Leftovers\n|upkeep\n|turn|3\n|\n|t:|1781442528\n|move|p2a: Dudunsparce|Toxic|p1a: Hippowdon\n|-status|p1a: Hippowdon|tox\n|move|p1a: Hippowdon|Stone Edge|p2a: Dudunsparce\n|-damage|p2a: Dudunsparce|256/343\n|\n|-weather|Sandstorm|[upkeep]\n|-damage|p2a: Dudunsparce|235/343|[from] Sandstorm\n|-heal|p2a: Dudunsparce|256/343|[from] item: Leftovers\n|-damage|p1a: Hippowdon|292/311 tox|[from] psn\n|upkeep\n|turn|4\n|\n|t:|1781442542\n|switch|p1a: Luxray|Luxray, L88, F|283/283\n|-damage|p1a: Luxray|248/283|[from] Stealth Rock\n|move|p2a: Dudunsparce|Boomburst|p1a: Luxray\n|-damage|p1a: Luxray|112/283\n|\n|-weather|Sandstorm|[upkeep]\n|-damage|p1a: Luxray|95/283|[from] Sandstorm\n|-damage|p2a: Dudunsparce|235/343|[from] Sandstorm\n|-heal|p2a: Dudunsparce|256/343|[from] item: Leftovers\n|-status|p1a: Luxray|brn|[from] item: Flame Orb\n|upkeep\n|turn|5\n|\n|t:|1781442553\n|switch|p2a: Camerupt|Camerupt, L91, F|275/275\n|-damage|p2a: Camerupt|241/275|[from] Stealth Rock\n|move|p1a: Luxray|Supercell Slam|p2a: Camerupt\n|-immune|p2a: Camerupt\n|-damage|p1a: Luxray|0 fnt|[from] supercellslam\n|faint|p1a: Luxray\n|\n|-weather|none\n|-heal|p2a: Camerupt|258/275|[from] item: Leftovers\n|upkeep\n|\n|t:|1781442575\n|switch|p1a: Hippowdon|Hippowdon, L82, F|292/311 tox\n|-damage|p1a: Hippowdon|273/311 tox|[from] Stealth Rock\n|-weather|Sandstorm|[from] ability: Sand Stream|[of] p1a: Hippowdon\n|turn|6\n|\n|t:|1781442581\n|switch|p2a: Dudunsparce|Dudunsparce, L83, M|256/343\n|-damage|p2a: Dudunsparce|214/343|[from] Stealth Rock\n|move|p1a: Hippowdon|Earthquake|p2a: Dudunsparce\n|-crit|p2a: Dudunsparce\n|-damage|p2a: Dudunsparce|27/343\n|\n|-weather|Sandstorm|[upkeep]\n|-damage|p2a: Dudunsparce|6/343|[from] Sandstorm\n|-heal|p2a: Dudunsparce|27/343|[from] item: Leftovers\n|-damage|p1a: Hippowdon|254/311 tox|[from] psn\n|upkeep\n|turn|7\n|\n|t:|1781442592\n|move|p2a: Dudunsparce|Roost|p2a: Dudunsparce\n|-heal|p2a: Dudunsparce|199/343\n|-singleturn|p2a: Dudunsparce|move: Roost\n|move|p1a: Hippowdon|Earthquake|p2a: Dudunsparce\n|-damage|p2a: Dudunsparce|76/343\n|\n|-weather|Sandstorm|[upkeep]\n|-damage|p2a: Dudunsparce|55/343|[from] Sandstorm\n|-heal|p2a: Dudunsparce|76/343|[from] item: Leftovers\n|-damage|p1a: Hippowdon|216/311 tox|[from] psn\n|upkeep\n|turn|8\n|\n|t:|1781442603\n|switch|p1a: Koraidon|Koraidon, L64|235/235\n|-damage|p1a: Koraidon|221/235|[from] Stealth Rock\n|-weather|SunnyDay|[from] ability: Orichalcum Pulse|[of] p1a: Koraidon\n|-activate|p1a: Koraidon|Orichalcum Pulse|[source]\n|move|p2a: Dudunsparce|Roost|p2a: Dudunsparce\n|-heal|p2a: Dudunsparce|248/343\n|-singleturn|p2a: Dudunsparce|move: Roost\n|\n|-weather|SunnyDay|[upkeep]\n|-heal|p2a: Dudunsparce|269/343|[from] item: Leftovers\n|upkeep\n|turn|9\n|\n|t:|1781442618\n|move|p1a: Koraidon|Collision Course|p2a: Dudunsparce\n|-supereffective|p2a: Dudunsparce\n|-damage|p2a: Dudunsparce|0 fnt\n|faint|p2a: Dudunsparce\n|\n|-weather|SunnyDay|[upkeep]\n|upkeep\n|\n|t:|1781442631\n|switch|p2a: Camerupt|Camerupt, L91, F|258/275\n|-damage|p2a: Camerupt|224/275|[from] Stealth Rock\n|turn|10\n|\n|t:|1781442646\n|switch|p1a: Hippowdon|Hippowdon, L82, F|216/311 tox\n|-damage|p1a: Hippowdon|197/311 tox|[from] Stealth Rock\n|-weather|Sandstorm|[from] ability: Sand Stream|[of] p1a: Hippowdon\n|move|p2a: Camerupt|Will-O-Wisp||[still]\n|-fail|p2a: Camerupt\n|\n|-weather|Sandstorm|[upkeep]\n|-heal|p2a: Camerupt|241/275|[from] item: Leftovers\n|-damage|p1a: Hippowdon|178/311 tox|[from] psn\n|upkeep\n|turn|11\n|\n|t:|1781442657\n|move|p2a: Camerupt|Overheat|p1a: Hippowdon\n|-damage|p1a: Hippowdon|0 fnt\n|-unboost|p2a: Camerupt|spa|2\n|faint|p1a: Hippowdon\n|\n|-weather|Sandstorm|[upkeep]\n|-heal|p2a: Camerupt|258/275|[from] item: Leftovers\n|upkeep\n|\n|t:|1781442669\n|switch|p1a: Heracross|Heracross, L80, F|259/259\n|-damage|p1a: Heracross|227/259|[from] Stealth Rock\n|turn|12\n|\n|t:|1781442675\n|switch|p2a: Bronzong|Bronzong, L88|261/261\n|-damage|p2a: Bronzong|245/261|[from] Stealth Rock\n|move|p1a: Heracross|Earthquake|p2a: Bronzong\n|-immune|p2a: Bronzong|[from] ability: Levitate\n|\n|-weather|Sandstorm|[upkeep]\n|-damage|p1a: Heracross|211/259|[from] Sandstorm\n|-heal|p2a: Bronzong|261/261|[from] item: Leftovers\n|upkeep\n|turn|13\n|\n|t:|1781442687\n|switch|p1a: Iron Crown|Iron Crown, L78|268/268\n|-damage|p1a: Iron Crown|252/268|[from] Stealth Rock\n|move|p2a: Bronzong|Psychic|p1a: Iron Crown\n|-resisted|p1a: Iron Crown\n|-damage|p1a: Iron Crown|232/268\n|\n|-weather|Sandstorm|[upkeep]\n|upkeep\n|turn|14\n|\n|t:|1781442699\n|move|p1a: Iron Crown|Volt Switch|p2a: Bronzong\n|-damage|p2a: Bronzong|199/261\n|\n|t:|1781442705\n|-end|p1a: Iron Crown|Quark Drive|[silent]\n|switch|p1a: Koraidon|Koraidon, L64|221/235|[from] Volt Switch\n|-damage|p1a: Koraidon|207/235|[from] Stealth Rock\n|-weather|SunnyDay|[from] ability: Orichalcum Pulse|[of] p1a: Koraidon\n|-activate|p1a: Koraidon|Orichalcum Pulse|[source]\n|move|p2a: Bronzong|Earthquake|p1a: Koraidon\n|-damage|p1a: Koraidon|135/235\n|\n|-weather|SunnyDay|[upkeep]\n|-heal|p2a: Bronzong|215/261|[from] item: Leftovers\n|upkeep\n|turn|15\n|\n|t:|1781442718\n|-terastallize|p2a: Bronzong|Water\n|move|p1a: Koraidon|Swords Dance|p1a: Koraidon\n|-boost|p1a: Koraidon|atk|2\n|move|p2a: Bronzong|Psychic|p1a: Koraidon\n|-supereffective|p1a: Koraidon\n|-damage|p1a: Koraidon|0 fnt\n|faint|p1a: Koraidon\n|\n|-weather|SunnyDay|[upkeep]\n|-heal|p2a: Bronzong|231/261|[from] item: Leftovers\n|upkeep\n|\n|t:|1781442732\n|switch|p1a: Iron Crown|Iron Crown, L78|232/268\n|-damage|p1a: Iron Crown|216/268|[from] Stealth Rock\n|turn|16\n|\n|t:|1781442739\n|switch|p2a: Camerupt|Camerupt, L91, F|258/275\n|-damage|p2a: Camerupt|224/275|[from] Stealth Rock\n|move|p1a: Iron Crown|Psyshock|p2a: Camerupt\n|-damage|p2a: Camerupt|80/275\n|\n|-weather|SunnyDay|[upkeep]\n|-heal|p2a: Camerupt|97/275|[from] item: Leftovers\n|upkeep\n|turn|17\n|\n|t:|1781442747\n|switch|p2a: Tinkaton|Tinkaton, L82, F|274/274\n|-damage|p2a: Tinkaton|257/274|[from] Stealth Rock\n|-ability|p2a: Tinkaton|Mold Breaker\n|move|p1a: Iron Crown|Psyshock|p2a: Tinkaton\n|-resisted|p2a: Tinkaton\n|-damage|p2a: Tinkaton|182/274\n|\n|-weather|SunnyDay|[upkeep]\n|-heal|p2a: Tinkaton|199/274|[from] item: Leftovers\n|upkeep\n|turn|18\n|\n|t:|1781442758\n|-end|p1a: Iron Crown|Quark Drive|[silent]\n|switch|p1a: Heracross|Heracross, L80, F|211/259\n|-damage|p1a: Heracross|179/259|[from] Stealth Rock\n|move|p2a: Tinkaton|Thunder Wave|p1a: Heracross\n|-status|p1a: Heracross|par\n|\n|-weather|none\n|-heal|p2a: Tinkaton|216/274|[from] item: Leftovers\n|upkeep\n|turn|19\n|\n|t:|1781442767\n|move|p2a: Tinkaton|Play Rough|p1a: Heracross\n|-supereffective|p1a: Heracross\n|-damage|p1a: Heracross|0 fnt\n|faint|p1a: Heracross\n|\n|-heal|p2a: Tinkaton|233/274|[from] item: Leftovers\n|upkeep\n|\n|t:|1781442786\n|switch|p1a: Iron Crown|Iron Crown, L78|216/268\n|-damage|p1a: Iron Crown|200/268|[from] Stealth Rock\n|turn|20\n|\n|t:|1781442791\n|switch|p2a: Camerupt|Camerupt, L91, F|97/275\n|-damage|p2a: Camerupt|63/275|[from] Stealth Rock\n|move|p1a: Iron Crown|Tachyon Cutter|p2a: Camerupt\n|-resisted|p2a: Camerupt\n|-damage|p2a: Camerupt|17/275\n|-resisted|p2a: Camerupt\n|-damage|p2a: Camerupt|0 fnt\n|faint|p2a: Camerupt\n|-hitcount|p2: Camerupt|2\n|\n|upkeep\n|\n|t:|1781442795\n|switch|p2a: Bronzong|Bronzong, L88, tera:Water|231/261\n|-damage|p2a: Bronzong|199/261|[from] Stealth Rock\n|turn|21\n|\n|t:|1781442809\n|-end|p1a: Iron Crown|Quark Drive|[silent]\n|switch|p1a: Mewtwo|Mewtwo, L72|272/272\n|-damage|p1a: Mewtwo|238/272|[from] Stealth Rock\n|-ability|p1a: Mewtwo|Pressure\n|move|p2a: Bronzong|Earthquake|p1a: Mewtwo\n|-damage|p1a: Mewtwo|148/272\n|\n|-heal|p2a: Bronzong|215/261|[from] item: Leftovers\n|upkeep\n|turn|22\n|\n|t:|1781442822\n|move|p1a: Mewtwo|Nasty Plot|p1a: Mewtwo\n|-boost|p1a: Mewtwo|spa|2\n|move|p2a: Bronzong|Iron Head|p1a: Mewtwo\n|-damage|p1a: Mewtwo|51/272\n|\n|-heal|p2a: Bronzong|231/261|[from] item: Leftovers\n|upkeep\n|turn|23\n|\n|t:|1781442832\n|move|p1a: Mewtwo|Psystrike|p2a: Bronzong\n|-damage|p2a: Bronzong|23/261\n|-damage|p1a: Mewtwo|24/272|[from] item: Life Orb\n|move|p2a: Bronzong|Iron Head|p1a: Mewtwo\n|-damage|p1a: Mewtwo|0 fnt\n|faint|p1a: Mewtwo\n|\n|-heal|p2a: Bronzong|39/261|[from] item: Leftovers\n|upkeep\n|\n|t:|1781442841\n|switch|p1a: Iron Crown|Iron Crown, L78|200/268\n|-damage|p1a: Iron Crown|184/268|[from] Stealth Rock\n|turn|24\n|\n|t:|1781442845\n|move|p1a: Iron Crown|Tachyon Cutter|p2a: Bronzong\n|-resisted|p2a: Bronzong\n|-damage|p2a: Bronzong|6/261\n|-resisted|p2a: Bronzong\n|-crit|p2a: Bronzong\n|-damage|p2a: Bronzong|0 fnt\n|faint|p2a: Bronzong\n|-hitcount|p2: Bronzong|2\n|\n|upkeep\n|\n|t:|1781442849\n|switch|p2a: Chansey|Chansey, L85, F|564/564\n|-damage|p2a: Chansey|494/564|[from] Stealth Rock\n|turn|25\n|\n|t:|1781442856\n|-terastallize|p1a: Iron Crown|Steel\n|move|p1a: Iron Crown|Tachyon Cutter|p2a: Chansey\n|-damage|p2a: Chansey|424/564\n|-crit|p2a: Chansey\n|-damage|p2a: Chansey|322/564\n|-hitcount|p2a: Chansey|2\n|move|p2a: Chansey|Thunder Wave|p1a: Iron Crown\n|-status|p1a: Iron Crown|par\n|\n|upkeep\n|turn|26\n|-message|Dunkin_Smeargle forfeited.\n|\n|win|Barniekiller42064\n", "uploadtime": 1781442491, "views": 3, "formatid": "gen9randombattle", "rating": null, "private": 0, "password": null}