{"id": "gen9randombattle-2631798370", "format": "[Gen 9] Random Battle", "players": ["revanii", "JustHaxRelax"], "log": "|j|\u2606revanii\n|j|\u2606JustHaxRelax\n|t:|1781441257\n|gametype|singles\n|player|p1|revanii|169|2115\n|player|p2|JustHaxRelax|1|2300\n|gen|9\n|tier|[Gen 9] Random Battle\n|rated|\n|rule|Species Clause: Limit one of each Pok\u00e9mon\n|rule|HP Percentage Mod: HP is shown in percentages\n|rule|Sleep Clause Mod: Limit one foe put to sleep\n|rule|Illusion Level Mod: Illusion disguises the Pok\u00e9mon's true level\n|\n|t:|1781441257\n|teamsize|p1|6\n|teamsize|p2|6\n|start\n|switch|p1a: Froslass|Froslass, L87, F|263/263\n|switch|p2a: Basculin|Basculin, L86, M|261/261\n|turn|1\n|inactive|Battle timer is ON: inactive players will automatically lose when time's up. (requested by revanii)\n|\n|t:|1781441287\n|switch|p1a: Brute Bonnet|Brute Bonnet, L80|309/309\n|move|p2a: Basculin|Wave Crash|p1a: Brute Bonnet\n|-resisted|p1a: Brute Bonnet\n|-damage|p1a: Brute Bonnet|197/309\n|-damage|p2a: Basculin|224/261|[from] Recoil\n|\n|-heal|p1a: Brute Bonnet|216/309|[from] item: Leftovers\n|upkeep\n|turn|2\n|\n|t:|1781441298\n|switch|p2a: Magcargo|Magcargo, L95, M|268/268\n|move|p1a: Brute Bonnet|Spore|p2a: Magcargo\n|-status|p2a: Magcargo|slp|[from] move: Spore\n|\n|-heal|p1a: Brute Bonnet|235/309|[from] item: Leftovers\n|upkeep\n|turn|3\n|\n|t:|1781441312\n|move|p1a: Brute Bonnet|Close Combat|p2a: Magcargo\n|-supereffective|p2a: Magcargo\n|-damage|p2a: Magcargo|124/268 slp\n|-unboost|p1a: Brute Bonnet|def|1\n|-unboost|p1a: Brute Bonnet|spd|1\n|cant|p2a: Magcargo|slp\n|\n|-heal|p1a: Brute Bonnet|254/309|[from] item: Leftovers\n|upkeep\n|turn|4\n|\n|t:|1781441319\n|switch|p2a: Noctowl|Noctowl, L95, F|344/344\n|move|p1a: Brute Bonnet|Close Combat|p2a: Noctowl\n|-damage|p2a: Noctowl|206/344\n|-unboost|p1a: Brute Bonnet|def|1\n|-unboost|p1a: Brute Bonnet|spd|1\n|\n|-heal|p1a: Brute Bonnet|273/309|[from] item: Leftovers\n|upkeep\n|turn|5\n|\n|t:|1781441327\n|-end|p1a: Brute Bonnet|Protosynthesis|[silent]\n|switch|p1a: Froslass|Froslass, L87, F|263/263\n|move|p2a: Noctowl|Roost|p2a: Noctowl\n|-heal|p2a: Noctowl|344/344\n|-singleturn|p2a: Noctowl|move: Roost\n|\n|upkeep\n|turn|6\n|-message|JustHaxRelax forfeited.\n|\n|win|revanii\n|raw|revanii's rating: 2115 &rarr; <strong>2145</strong><br />(+30 for winning)\n|raw|JustHaxRelax's rating: 2300 &rarr; <strong>2270</strong><br />(-30 for losing)\n", "uploadtime": 1781441259, "views": 4, "formatid": "gen9randombattle", "rating": 2145, "private": 0, "password": null}