{"id": "gen9randombattle-2631809484", "format": "[Gen 9] Random Battle", "players": ["EmeraldKell", "centrallimittheory"], "log": "|j|\u2606EmeraldKell\n|j|\u2606centrallimittheory\n|t:|1781442844\n|gametype|singles\n|player|p1|EmeraldKell|alder|1945\n|player|p2|centrallimittheory|crasherwake|2001\n|gen|9\n|tier|[Gen 9] Random Battle\n|rated|\n|rule|Species Clause: Limit one of each Pok\u00e9mon\n|rule|HP Percentage Mod: HP is shown in percentages\n|rule|Sleep Clause Mod: Limit one foe put to sleep\n|rule|Illusion Level Mod: Illusion disguises the Pok\u00e9mon's true level\n|\n|t:|1781442844\n|teamsize|p1|6\n|teamsize|p2|6\n|start\n|switch|p1a: Overqwil|Overqwil, L82, F|274/274\n|switch|p2a: Tornadus|Tornadus, L82, M|263/263\n|-ability|p1a: Overqwil|Intimidate|boost\n|-unboost|p2a: Tornadus|atk|1\n|-ability|p2a: Tornadus|Defiant|boost\n|-boost|p2a: Tornadus|atk|2\n|turn|1\n|inactive|Battle timer is ON: inactive players will automatically lose when time's up. (requested by centrallimittheory)\n|c|\u2606EmeraldKell|gl hf!\n|c|\u2606centrallimittheory|u 2\n|\n|t:|1781442867\n|move|p2a: Tornadus|U-turn|p1a: Overqwil\n|-damage|p1a: Overqwil|190/274\n|c|\u2606centrallimittheory|we literally haven't even had 1 turn and you're at a disadvantage lol\n|\n|t:|1781442894\n|switch|p2a: Iron Crown|Iron Crown, L78|268/268|[from] U-turn\n|move|p1a: Overqwil|Gunk Shot|p2a: Iron Crown\n|-immune|p2a: Iron Crown\n|\n|upkeep\n|turn|2\n|\n|t:|1781442905\n|switch|p1a: Bombirdier|Bombirdier, L85, F|258/258\n|move|p2a: Iron Crown|Volt Switch|p1a: Bombirdier\n|-supereffective|p1a: Bombirdier\n|-damage|p1a: Bombirdier|92/258\n|\n|t:|1781442925\n|-end|p2a: Iron Crown|Quark Drive|[silent]\n|switch|p2a: Dodrio|Dodrio, L85, F|241/241|[from] Volt Switch\n|\n|upkeep\n|turn|3\n|\n|t:|1781442931\n|move|p1a: Bombirdier|Stone Edge|p2a: Dodrio\n|-supereffective|p2a: Dodrio\n|-damage|p2a: Dodrio|0 fnt\n|faint|p2a: Dodrio\n|\n|upkeep\n|c|\u2606centrallimittheory|god damn it\n|\n|t:|1781442941\n|switch|p2a: Iron Crown|Iron Crown, L78|268/268\n|turn|4\n|c|\u2606EmeraldKell|nah bro I got that dawg in me\n|\n|t:|1781442966\n|switch|p1a: Probopass|Probopass, L91, F|257/257\n|move|p2a: Iron Crown|Volt Switch|p1a: Probopass\n|-damage|p1a: Probopass|207/257\n|\n|t:|1781442976\n|-end|p2a: Iron Crown|Quark Drive|[silent]\n|switch|p2a: Toxicroak|Toxicroak, L84, F|277/277|[from] Volt Switch\n|\n|-heal|p1a: Probopass|223/257|[from] item: Leftovers\n|upkeep\n|turn|5\n|inactive|EmeraldKell has 120 seconds left.\n|\n|t:|1781443004\n|switch|p1a: Overqwil|Overqwil, L82, F|190/274\n|-ability|p1a: Overqwil|Intimidate|boost\n|-unboost|p2a: Toxicroak|atk|1\n|move|p2a: Toxicroak|Close Combat|p1a: Overqwil\n|-crit|p1a: Overqwil\n|-damage|p1a: Overqwil|0 fnt\n|-unboost|p2a: Toxicroak|def|1\n|-unboost|p2a: Toxicroak|spd|1\n|faint|p1a: Overqwil\n|-damage|p2a: Toxicroak|250/277|[from] item: Life Orb\n|\n|upkeep\n|c|\u2606centrallimittheory|you got that scarf in you\n|inactive|EmeraldKell has 120 seconds left.\n|c|\u2606EmeraldKell|trueeeee\n|\n|t:|1781443021\n|switch|p1a: Electrode|Electrode, L92|260/260\n|turn|6\n|\n|t:|1781443029\n|switch|p2a: Dragalge|Dragalge, L88, F|258/258\n|move|p1a: Electrode|Volt Switch|p2a: Dragalge\n|-resisted|p2a: Dragalge\n|-damage|p2a: Dragalge|223/258\n|-damage|p1a: Electrode|234/260|[from] item: Life Orb\n|\n|t:|1781443044\n|switch|p1a: Probopass|Probopass, L91, F|223/257|[from] Volt Switch\n|\n|-heal|p2a: Dragalge|239/258|[from] item: Leftovers\n|-heal|p1a: Probopass|239/257|[from] item: Leftovers\n|upkeep\n|turn|7\n|\n|t:|1781443049\n|move|p2a: Dragalge|Focus Blast|p1a: Probopass\n|-supereffective|p1a: Probopass\n|-damage|p1a: Probopass|19/257\n|move|p1a: Probopass|Thunder Wave|p2a: Dragalge\n|-status|p2a: Dragalge|par\n|\n|-heal|p1a: Probopass|35/257|[from] item: Leftovers\n|-heal|p2a: Dragalge|255/258 par|[from] item: Leftovers\n|upkeep\n|turn|8\n|inactive|EmeraldKell has 120 seconds left.\n|\n|t:|1781443059\n|move|p1a: Probopass|Flash Cannon|p2a: Dragalge\n|-damage|p2a: Dragalge|195/258 par\n|move|p2a: Dragalge|Toxic Spikes|p1a: Probopass\n|-sidestart|p1: EmeraldKell|move: Toxic Spikes\n|\n|-heal|p1a: Probopass|51/257|[from] item: Leftovers\n|-heal|p2a: Dragalge|211/258 par|[from] item: Leftovers\n|upkeep\n|turn|9\n|inactive|EmeraldKell has 120 seconds left.\n|\n|t:|1781443079\n|move|p1a: Probopass|Flash Cannon|p2a: Dragalge\n|-damage|p2a: Dragalge|150/258 par\n|cant|p2a: Dragalge|par\n|\n|-heal|p1a: Probopass|67/257|[from] item: Leftovers\n|-heal|p2a: Dragalge|166/258 par|[from] item: Leftovers\n|upkeep\n|turn|10\n|inactive|EmeraldKell has 120 seconds left.\n|\n|t:|1781443088\n|move|p1a: Probopass|Flash Cannon|p2a: Dragalge\n|-damage|p2a: Dragalge|102/258 par\n|cant|p2a: Dragalge|par\n|\n|-heal|p1a: Probopass|83/257|[from] item: Leftovers\n|-heal|p2a: Dragalge|118/258 par|[from] item: Leftovers\n|upkeep\n|turn|11\n|c|\u2606centrallimittheory|dragalage\n|\n|t:|1781443095\n|move|p1a: Probopass|Flash Cannon|p2a: Dragalge\n|-damage|p2a: Dragalge|55/258 par\n|move|p2a: Dragalge|Toxic Spikes|p1a: Probopass\n|-sidestart|p1: EmeraldKell|move: Toxic Spikes\n|\n|-heal|p1a: Probopass|99/257|[from] item: Leftovers\n|-heal|p2a: Dragalge|71/258 par|[from] item: Leftovers\n|upkeep\n|turn|12\n|c|\u2606centrallimittheory|move your ass\n|c|\u2606centrallimittheory|thank you\n|\n|t:|1781443102\n|move|p1a: Probopass|Flash Cannon|p2a: Dragalge\n|-damage|p2a: Dragalge|10/258 par\n|cant|p2a: Dragalge|par\n|\n|-heal|p1a: Probopass|115/257|[from] item: Leftovers\n|-heal|p2a: Dragalge|26/258 par|[from] item: Leftovers\n|upkeep\n|turn|13\n|c|\u2606EmeraldKell|ayyyy\n|c|\u2606centrallimittheory|ok i spoke too soon\n|c|\u2606centrallimittheory|:(\n|c|\u2606EmeraldKell|bro is top 1 player for my team\n|\n|t:|1781443121\n|switch|p2a: Iron Crown|Iron Crown, L78|268/268\n|move|p1a: Probopass|Flash Cannon|p2a: Iron Crown\n|-resisted|p2a: Iron Crown\n|-damage|p2a: Iron Crown|229/268\n|\n|-heal|p1a: Probopass|131/257|[from] item: Leftovers\n|upkeep\n|turn|14\n|c|\u2606centrallimittheory|fr\n|\n|t:|1781443129\n|move|p2a: Iron Crown|Volt Switch|p1a: Probopass\n|-damage|p1a: Probopass|79/257\n|c|\u2606centrallimittheory|5 vs 7 for me\n|\n|t:|1781443136\n|-end|p2a: Iron Crown|Quark Drive|[silent]\n|switch|p2a: Dragalge|Dragalge, L88, F|26/258 par|[from] Volt Switch\n|move|p1a: Probopass|Thunder Wave|p2a: Dragalge\n|-fail|p2a: Dragalge|par\n|\n|-heal|p1a: Probopass|95/257|[from] item: Leftovers\n|-heal|p2a: Dragalge|42/258 par|[from] item: Leftovers\n|upkeep\n|turn|15\n|\n|t:|1781443144\n|move|p1a: Probopass|Flash Cannon|p2a: Dragalge\n|-damage|p2a: Dragalge|0 fnt\n|faint|p2a: Dragalge\n|\n|-heal|p1a: Probopass|111/257|[from] item: Leftovers\n|upkeep\n|\n|t:|1781443149\n|switch|p2a: Iron Crown|Iron Crown, L78|229/268\n|turn|16\n|\n|t:|1781443153\n|move|p2a: Iron Crown|Tachyon Cutter|p1a: Probopass\n|-damage|p1a: Probopass|59/257\n|-damage|p1a: Probopass|11/257\n|-hitcount|p1a: Probopass|2\n|move|p1a: Probopass|Thunder Wave|p2a: Iron Crown\n|-status|p2a: Iron Crown|par\n|\n|-heal|p1a: Probopass|27/257|[from] item: Leftovers\n|upkeep\n|turn|17\n|\n|t:|1781443162\n|move|p1a: Probopass|Body Press|p2a: Iron Crown\n|-damage|p2a: Iron Crown|142/268 par\n|cant|p2a: Iron Crown|par\n|\n|-heal|p1a: Probopass|43/257|[from] item: Leftovers\n|upkeep\n|turn|18\n|c|\u2606EmeraldKell|oh no now I'm sad actually\n|\n|t:|1781443182\n|move|p1a: Probopass|Iron Defense|p1a: Probopass\n|-boost|p1a: Probopass|def|2\n|move|p2a: Iron Crown|Tachyon Cutter|p1a: Probopass\n|-damage|p1a: Probopass|0 fnt\n|faint|p1a: Probopass\n|-hitcount|p1: Probopass|1\n|\n|upkeep\n|c|\u2606centrallimittheory|why\n|c|\u2606EmeraldKell|there we go\n|c|\u2606EmeraldKell|that was 1 para too many\n|inactive|EmeraldKell has 120 seconds left.\n|c|\u2606centrallimittheory|hmm maybe\n|c|\u2606EmeraldKell|we up here i the 1900's bro we gotta have a good time\n|c|\u2606centrallimittheory|i had the luckiest game last game\n|c|\u2606centrallimittheory|true\n|c|\u2606centrallimittheory|i can't complain about my luck\n|c|\u2606centrallimittheory|i haxed this guy so hard\n|\n|t:|1781443227\n|switch|p1a: Bombirdier|Bombirdier, L85, F|92/258\n|turn|19\n|\n|t:|1781443231\n|move|p1a: Bombirdier|Knock Off|p2a: Iron Crown\n|-supereffective|p2a: Iron Crown\n|-damage|p2a: Iron Crown|0 fnt\n|-enditem|p2a: Iron Crown|Choice Specs|[from] move: Knock Off|[of] p1a: Bombirdier\n|faint|p2a: Iron Crown\n|-end|p2a: Iron Crown|Quark Drive|[silent]\n|\n|upkeep\n|c|\u2606centrallimittheory|he had about the same number of para's as me\n|c|\u2606centrallimittheory|but i had about 5 crits also\n|\n|t:|1781443247\n|switch|p2a: Toxicroak|Toxicroak, L84, F|250/277\n|turn|20\n|c|\u2606EmeraldKell|sometimes I just get the most counter filled team I feel so bad\n|c|\u2606centrallimittheory|true but then it happens to me and i get countered\n|inactive|EmeraldKell has 90 seconds left.\n|\n|t:|1781443279\n|switch|p1a: Falinks|Falinks, L84|246/246\n|-status|p1a: Falinks|tox\n|move|p2a: Toxicroak|Close Combat|p1a: Falinks\n|-damage|p1a: Falinks|97/246 tox\n|-unboost|p2a: Toxicroak|def|1\n|-unboost|p2a: Toxicroak|spd|1\n|-damage|p2a: Toxicroak|223/277|[from] item: Life Orb\n|\n|-damage|p1a: Falinks|82/246 tox|[from] psn\n|upkeep\n|turn|21\n|c|\u2606centrallimittheory|sometimes maybe good sometimes maybe shit\n|inactive|EmeraldKell has 90 seconds left.\n|\n|t:|1781443292\n|move|p2a: Toxicroak|Close Combat|p1a: Falinks\n|-damage|p1a: Falinks|0 fnt\n|-unboost|p2a: Toxicroak|def|1\n|-unboost|p2a: Toxicroak|spd|1\n|faint|p1a: Falinks\n|-damage|p2a: Toxicroak|196/277|[from] item: Life Orb\n|\n|upkeep\n|inactive|EmeraldKell has 90 seconds left.\n|\n|t:|1781443300\n|switch|p1a: Electrode|Electrode, L92|234/260\n|-status|p1a: Electrode|tox\n|turn|22\n|\n|t:|1781443310\n|move|p1a: Electrode|Thunderbolt|p2a: Toxicroak\n|-damage|p2a: Toxicroak|0 fnt\n|faint|p2a: Toxicroak\n|-damage|p1a: Electrode|208/260 tox|[from] item: Life Orb\n|\n|-damage|p1a: Electrode|192/260 tox|[from] psn\n|upkeep\n|\n|t:|1781443315\n|switch|p2a: Wyrdeer|Wyrdeer, L87, F|321/321\n|-ability|p2a: Wyrdeer|Intimidate|boost\n|-unboost|p1a: Electrode|atk|1\n|turn|23\n|\n|t:|1781443322\n|move|p1a: Electrode|Thunderbolt|p2a: Wyrdeer\n|-damage|p2a: Wyrdeer|231/321\n|-damage|p1a: Electrode|166/260 tox|[from] item: Life Orb\n|move|p2a: Wyrdeer|Body Slam|p1a: Electrode\n|-damage|p1a: Electrode|48/260 tox\n|\n|-damage|p1a: Electrode|16/260 tox|[from] psn\n|upkeep\n|turn|24\n|\n|t:|1781443330\n|move|p1a: Electrode|Thunderbolt|p2a: Wyrdeer\n|-damage|p2a: Wyrdeer|134/321\n|-damage|p1a: Electrode|0 fnt|[from] item: Life Orb\n|faint|p1a: Electrode\n|move|p2a: Wyrdeer|Body Slam|p1: Electrode|[notarget]\n|-fail|p2a: Wyrdeer\n|\n|upkeep\n|\n|t:|1781443348\n|switch|p1a: Bombirdier|Bombirdier, L85, F|92/258\n|turn|25\n|\n|t:|1781443352\n|move|p1a: Bombirdier|U-turn|p2a: Wyrdeer\n|-supereffective|p2a: Wyrdeer\n|-damage|p2a: Wyrdeer|6/321\n|\n|t:|1781443355\n|switch|p1a: Sylveon|Sylveon, L85, F|300/300|[from] U-turn\n|-status|p1a: Sylveon|tox\n|move|p2a: Wyrdeer|Body Slam|p1a: Sylveon\n|-crit|p1a: Sylveon\n|-damage|p1a: Sylveon|123/300 tox\n|\n|-heal|p1a: Sylveon|141/300 tox|[from] item: Leftovers\n|-damage|p1a: Sylveon|123/300 tox|[from] psn\n|upkeep\n|turn|26\n|inactive|EmeraldKell has 120 seconds left.\n|\n|t:|1781443377\n|move|p2a: Wyrdeer|Psychic Noise|p1a: Sylveon\n|-damage|p1a: Sylveon|60/300 tox\n|-start|p1a: Sylveon|move: Heal Block\n|cant|p1a: Sylveon|move: Heal Block|Wish\n|\n|-damage|p1a: Sylveon|24/300 tox|[from] psn\n|upkeep\n|turn|27\n|\n|t:|1781443388\n|switch|p2a: Tornadus|Tornadus, L82, M|263/263\n|move|p1a: Sylveon|Hyper Voice|p2a: Tornadus\n|-damage|p2a: Tornadus|130/263\n|\n|-damage|p1a: Sylveon|0 fnt|[from] psn\n|faint|p1a: Sylveon\n|upkeep\n|c|\u2606centrallimittheory|hmm\n|c|\u2606centrallimittheory|not sure that was the best switch\n|\n|t:|1781443396\n|switch|p1a: Bombirdier|Bombirdier, L85, F|92/258\n|turn|28\n|inactive|EmeraldKell has 120 seconds left.\n|c|\u2606EmeraldKell|now\n|c|\u2606EmeraldKell|I ust gotta work out your tera\n|c|\u2606centrallimittheory|maybe it was actually\n|c|\u2606EmeraldKell|let me consult my crystal ball\n|c|\u2606centrallimittheory|but i get to scout + intimidate\n|inactive|EmeraldKell has 90 seconds left.\n|c|\u2606centrallimittheory|i'll give you a clue\n|c|\u2606centrallimittheory|my tera type begins with f\n|\n|t:|1781443447\n|switch|p2a: Wyrdeer|Wyrdeer, L87, F|6/321\n|-ability|p2a: Wyrdeer|Intimidate|boost\n|-unboost|p1a: Bombirdier|atk|1\n|-terastallize|p1a: Bombirdier|Rock\n|move|p1a: Bombirdier|Brave Bird|p2a: Wyrdeer\n|-damage|p2a: Wyrdeer|0 fnt\n|faint|p2a: Wyrdeer\n|-damage|p1a: Bombirdier|90/258|[from] Recoil\n|\n|upkeep\n|c|\u2606centrallimittheory|!randbats tornadus\n\n|c| centrallimittheory|/raw <div class=\"infobox\"><span class=\"gray\">Moves for Tornadus in [Gen 9] Random Battle:</span><br/><b>Level</b>: 82<details class=\"details\"><summary>Fast Attacker</summary><b>Tera Types</b>: Fighting, Fire, Flying<br/><b>Moves</b>: <a href=\"https://dex.pokemonshowdown.com/moves/bleakwindstorm\" target=\"_blank\" class=\"subtle\" style=\"white-space:nowrap\">Bleakwind Storm</a>, <a href=\"https://dex.pokemonshowdown.com/moves/focusblast\" target=\"_blank\" class=\"subtle\" style=\"white-space:nowrap\">Focus Blast</a>, <a href=\"https://dex.pokemonshowdown.com/moves/grassknot\" target=\"_blank\" class=\"subtle\" style=\"white-space:nowrap\">Grass Knot</a>, <a href=\"https://dex.pokemonshowdown.com/moves/heatwave\" target=\"_blank\" class=\"subtle\" style=\"white-space:nowrap\">Heat Wave</a>, <a href=\"https://dex.pokemonshowdown.com/moves/nastyplot\" target=\"_blank\" class=\"subtle\" style=\"white-space:nowrap\">Nasty Plot</a>, <a href=\"https://dex.pokemonshowdown.com/moves/uturn\" target=\"_blank\" class=\"subtle\" style=\"white-space:nowrap\">U-turn</a><br/><b>Abilities</b>: Defiant, Prankster</details><hr/><span class=\"gray\">Moves for Tornadus-Therian in [Gen 9] Random Battle:</span><br/><b>Level</b>: 79<details class=\"details\"><summary>Fast Attacker</summary><b>Tera Types</b>: Fighting, Fire, Flying<br/><b>Moves</b>: <a href=\"https://dex.pokemonshowdown.com/moves/bleakwindstorm\" target=\"_blank\" class=\"subtle\" style=\"white-space:nowrap\">Bleakwind Storm</a>, <a href=\"https://dex.pokemonshowdown.com/moves/focusblast\" target=\"_blank\" class=\"subtle\" style=\"white-space:nowrap\">Focus Blast</a>, <a href=\"https://dex.pokemonshowdown.com/moves/grassknot\" target=\"_blank\" class=\"subtle\" style=\"white-space:nowrap\">Grass Knot</a>, <a href=\"https://dex.pokemonshowdown.com/moves/heatwave\" target=\"_blank\" class=\"subtle\" style=\"white-space:nowrap\">Heat Wave</a>, <a href=\"https://dex.pokemonshowdown.com/moves/nastyplot\" target=\"_blank\" class=\"subtle\" style=\"white-space:nowrap\">Nasty Plot</a>, <a href=\"https://dex.pokemonshowdown.com/moves/uturn\" target=\"_blank\" class=\"subtle\" style=\"white-space:nowrap\">U-turn</a><br/><b>Ability</b>: Regenerator</details><details class=\"details\"><summary>AV Pivot</summary><b>Tera Types</b>: Dark, Steel<br/><b>Moves</b>: <a href=\"https://dex.pokemonshowdown.com/moves/bleakwindstorm\" target=\"_blank\" class=\"subtle\" style=\"white-space:nowrap\">Bleakwind Storm</a>, <a href=\"https://dex.pokemonshowdown.com/moves/heatwave\" target=\"_blank\" class=\"subtle\" style=\"white-space:nowrap\">Heat Wave</a>, <a href=\"https://dex.pokemonshowdown.com/moves/knockoff\" target=\"_blank\" class=\"subtle\" style=\"white-space:nowrap\">Knock Off</a>, <a href=\"https://dex.pokemonshowdown.com/moves/uturn\" target=\"_blank\" class=\"subtle\" style=\"white-space:nowrap\">U-turn</a><br/><b>Ability</b>: Regenerator</details></div>\n|\n|t:|1781443457\n|switch|p2a: Tornadus|Tornadus, L82, M|130/263\n|turn|29\n|c|\u2606EmeraldKell|no way it's the fabulous type :0\n|c|\u2606centrallimittheory|it was fighiting\n|\n|t:|1781443472\n|move|p1a: Bombirdier|Brave Bird|p2a: Tornadus\n|-damage|p2a: Tornadus|27/263\n|-damage|p1a: Bombirdier|56/258|[from] Recoil\n|move|p2a: Tornadus|Focus Blast|p1a: Bombirdier\n|-supereffective|p1a: Bombirdier\n|-damage|p1a: Bombirdier|0 fnt\n|faint|p1a: Bombirdier\n|\n|win|centrallimittheory\n", "uploadtime": 1781442846, "views": 3, "formatid": "gen9randombattle", "rating": null, "private": 0, "password": null}