{"id": "gen9randombattle-2631631705", "format": "[Gen 9] Random Battle", "players": ["Best Kittel", "Siaughter"], "log": "|j|\u2606Best Kittel\n|j|\u2606Siaughter\n|t:|1781411807\n|gametype|singles\n|player|p1|Best Kittel|volkner|1674\n|player|p2|Siaughter|170|1681\n|gen|9\n|tier|[Gen 9] Random Battle\n|rated|\n|rule|Species Clause: Limit one of each Pok\u00e9mon\n|rule|HP Percentage Mod: HP is shown in percentages\n|rule|Sleep Clause Mod: Limit one foe put to sleep\n|rule|Illusion Level Mod: Illusion disguises the Pok\u00e9mon's true level\n|\n|t:|1781411807\n|teamsize|p1|6\n|teamsize|p2|6\n|start\n|switch|p1a: Glimmora|Glimmora, L75, M|248/248\n|switch|p2a: Espathra|Espathra, L80, F|283/283\n|turn|1\n|inactive|Battle timer is ON: inactive players will automatically lose when time's up. (requested by Siaughter)\n|\n|t:|1781411842\n|switch|p1a: Chien-Pao|Chien-Pao, L72|234/234\n|-ability|p1a: Chien-Pao|Sword of Ruin\n|move|p2a: Espathra|Lumina Crash|p1a: Chien-Pao\n|-immune|p1a: Chien-Pao\n|\n|-ability|p2a: Espathra|Speed Boost|boost\n|-boost|p2a: Espathra|spe|1\n|upkeep\n|turn|2\n|\n|t:|1781411856\n|switch|p2a: Tinkaton|Tinkaton, L82, F|274/274\n|-ability|p2a: Tinkaton|Mold Breaker\n|move|p1a: Chien-Pao|Crunch|p2a: Tinkaton\n|-resisted|p2a: Tinkaton\n|-damage|p2a: Tinkaton|195/274\n|-unboost|p2a: Tinkaton|def|1\n|\n|-heal|p2a: Tinkaton|212/274|[from] item: Leftovers\n|upkeep\n|turn|3\n|\n|t:|1781411880\n|switch|p1a: Zebstrika|Zebstrika, L87, F|272/272\n|move|p2a: Tinkaton|Gigaton Hammer|p1a: Zebstrika\n|-resisted|p1a: Zebstrika\n|-damage|p1a: Zebstrika|188/272\n|\n|-heal|p2a: Tinkaton|229/274|[from] item: Leftovers\n|upkeep\n|turn|4\n|\n|t:|1781411898\n|switch|p2a: Swampert|Swampert, L83, F|302/302\n|move|p1a: Zebstrika|Overheat|p2a: Swampert\n|-resisted|p2a: Swampert\n|-damage|p2a: Swampert|251/302\n|-unboost|p1a: Zebstrika|spa|2\n|-damage|p1a: Zebstrika|161/272|[from] item: Life Orb\n|\n|-heal|p2a: Swampert|269/302|[from] item: Leftovers\n|upkeep\n|turn|5\n|inactive|Siaughter has 120 seconds left.\n|\n|t:|1781411914\n|switch|p1a: Gogoat|Gogoat, L88, M|360/360\n|move|p2a: Swampert|Earthquake|p1a: Gogoat\n|-resisted|p1a: Gogoat\n|-damage|p1a: Gogoat|285/360\n|\n|-heal|p1a: Gogoat|307/360|[from] item: Leftovers\n|-heal|p2a: Swampert|287/302|[from] item: Leftovers\n|upkeep\n|turn|6\n|inactive|Siaughter has 120 seconds left.\n|\n|t:|1781411933\n|switch|p2a: Ho-Oh|Ho-Oh, L71|268/268\n|move|p1a: Gogoat|Earthquake|p2a: Ho-Oh\n|-immune|p2a: Ho-Oh\n|\n|-heal|p1a: Gogoat|329/360|[from] item: Leftovers\n|upkeep\n|turn|7\n|inactive|Siaughter has 120 seconds left.\n|inactive|Best Kittel has 120 seconds left.\n|\n|t:|1781411964\n|switch|p1a: Gothitelle|Gothitelle, L90, M|272/272\n|move|p2a: Ho-Oh|Earthquake|p1a: Gothitelle\n|-damage|p1a: Gothitelle|211/272\n|\n|-heal|p1a: Gothitelle|228/272|[from] item: Leftovers\n|upkeep\n|turn|8\n|inactive|Best Kittel has 120 seconds left.\n|inactive|Siaughter has 120 seconds left.\n|\n|t:|1781411992\n|move|p2a: Ho-Oh|Sacred Fire|p1a: Gothitelle\n|-damage|p1a: Gothitelle|147/272\n|move|p1a: Gothitelle|Calm Mind|p1a: Gothitelle\n|-boost|p1a: Gothitelle|spa|1\n|-boost|p1a: Gothitelle|spd|1\n|\n|-heal|p1a: Gothitelle|164/272|[from] item: Leftovers\n|upkeep\n|turn|9\n|\n|t:|1781412002\n|move|p2a: Ho-Oh|Brave Bird|p1a: Gothitelle\n|-damage|p1a: Gothitelle|59/272\n|-damage|p2a: Ho-Oh|233/268|[from] Recoil\n|move|p1a: Gothitelle|Psychic Noise|p2a: Ho-Oh\n|-damage|p2a: Ho-Oh|121/268\n|-start|p2a: Ho-Oh|move: Heal Block\n|\n|-heal|p1a: Gothitelle|76/272|[from] item: Leftovers\n|upkeep\n|turn|10\n|\n|t:|1781412014\n|move|p2a: Ho-Oh|Brave Bird|p1a: Gothitelle\n|-damage|p1a: Gothitelle|0 fnt\n|faint|p1a: Gothitelle\n|-damage|p2a: Ho-Oh|96/268|[from] Recoil\n|\n|-end|p2a: Ho-Oh|move: Heal Block\n|upkeep\n|\n|t:|1781412018\n|switch|p1a: Chien-Pao|Chien-Pao, L72|234/234\n|-ability|p1a: Chien-Pao|Sword of Ruin\n|turn|11\n|inactive|Siaughter has 120 seconds left.\n|\n|t:|1781412047\n|switch|p2a: Tinkaton|Tinkaton, L82, F|229/274\n|-ability|p2a: Tinkaton|Mold Breaker\n|move|p1a: Chien-Pao|Icicle Crash|p2a: Tinkaton|[miss]\n|-miss|p1a: Chien-Pao|p2a: Tinkaton\n|\n|-heal|p2a: Tinkaton|246/274|[from] item: Leftovers\n|upkeep\n|turn|12\n|\n|t:|1781412060\n|switch|p1a: Gogoat|Gogoat, L88, M|329/360\n|move|p2a: Tinkaton|Gigaton Hammer|p1a: Gogoat\n|-damage|p1a: Gogoat|164/360\n|\n|-heal|p2a: Tinkaton|263/274|[from] item: Leftovers\n|-heal|p1a: Gogoat|186/360|[from] item: Leftovers\n|upkeep\n|turn|13\n|\n|t:|1781412068\n|switch|p2a: Ho-Oh|Ho-Oh, L71|185/268\n|switch|p1a: Zebstrika|Zebstrika, L87, F|161/272\n|\n|upkeep\n|turn|14\n|\n|t:|1781412077\n|switch|p1a: Gogoat|Gogoat, L88, M|186/360\n|switch|p2a: Swampert|Swampert, L83, F|287/302\n|\n|-heal|p1a: Gogoat|208/360|[from] item: Leftovers\n|-heal|p2a: Swampert|302/302|[from] item: Leftovers\n|upkeep\n|turn|15\n|\n|t:|1781412084\n|switch|p1a: Zebstrika|Zebstrika, L87, F|161/272\n|switch|p2a: Ho-Oh|Ho-Oh, L71|268/268\n|\n|upkeep\n|turn|16\n|c|\u2606Best Kittel|this is too ez\n|c|\u2606Best Kittel|this team just ain't it\n|\n|t:|1781412101\n|switch|p2a: Swampert|Swampert, L83, F|302/302\n|move|p1a: Zebstrika|Overheat|p2a: Swampert\n|-resisted|p2a: Swampert\n|-damage|p2a: Swampert|246/302\n|-unboost|p1a: Zebstrika|spa|2\n|-damage|p1a: Zebstrika|134/272|[from] item: Life Orb\n|\n|-heal|p2a: Swampert|264/302|[from] item: Leftovers\n|upkeep\n|turn|17\n|\n|t:|1781412109\n|switch|p1a: Gogoat|Gogoat, L88, M|208/360\n|move|p2a: Swampert|Knock Off|p1a: Gogoat\n|-damage|p1a: Gogoat|122/360\n|-enditem|p1a: Gogoat|Leftovers|[from] move: Knock Off|[of] p2a: Swampert\n|\n|-heal|p2a: Swampert|282/302|[from] item: Leftovers\n|upkeep\n|turn|18\n|\n|t:|1781412113\n|switch|p2a: Ho-Oh|Ho-Oh, L71|268/268\n|move|p1a: Gogoat|Milk Drink|p1a: Gogoat\n|-heal|p1a: Gogoat|302/360\n|\n|upkeep\n|turn|19\n|\n|t:|1781412121\n|switch|p1a: Glimmora|Glimmora, L75, M|248/248\n|move|p2a: Ho-Oh|Sacred Fire|p1a: Glimmora\n|-resisted|p1a: Glimmora\n|-damage|p1a: Glimmora|191/248\n|-activate|p1a: Glimmora|ability: Toxic Debris\n|-sidestart|p2: Siaughter|move: Toxic Spikes\n|\n|upkeep\n|turn|20\n|\n|t:|1781412133\n|move|p1a: Glimmora|Meteor Beam||[still]\n|-prepare|p1a: Glimmora|Meteor Beam\n|-boost|p1a: Glimmora|spa|1\n|-enditem|p1a: Glimmora|Power Herb\n|-anim|p1a: Glimmora|Meteor Beam|p2a: Ho-Oh|[miss]\n|-miss|p1a: Glimmora|p2a: Ho-Oh\n|move|p2a: Ho-Oh|Earthquake|p1a: Glimmora\n|-supereffective|p1a: Glimmora\n|-damage|p1a: Glimmora|0 fnt\n|-activate|p1a: Glimmora|ability: Toxic Debris\n|-sidestart|p2: Siaughter|move: Toxic Spikes\n|faint|p1a: Glimmora\n|\n|upkeep\n|c|\u2606Best Kittel|lmfao\n|\n|t:|1781412149\n|switch|p1a: Chien-Pao|Chien-Pao, L72|234/234\n|-ability|p1a: Chien-Pao|Sword of Ruin\n|turn|21\n|\n|t:|1781412166\n|move|p1a: Chien-Pao|Sacred Sword|p2a: Ho-Oh\n|-resisted|p2a: Ho-Oh\n|-damage|p2a: Ho-Oh|200/268\n|move|p2a: Ho-Oh|Sacred Fire|p1a: Chien-Pao\n|-supereffective|p1a: Chien-Pao\n|-damage|p1a: Chien-Pao|4/234\n|-status|p1a: Chien-Pao|brn\n|\n|-damage|p1a: Chien-Pao|0 fnt|[from] brn\n|faint|p1a: Chien-Pao\n|upkeep\n|\n|t:|1781412170\n|switch|p1a: Zebstrika|Zebstrika, L87, F|134/272\n|turn|22\n|\n|t:|1781412182\n|switch|p2a: Swampert|Swampert, L83, F|282/302\n|-status|p2a: Swampert|tox\n|move|p1a: Zebstrika|Overheat|p2a: Swampert|[miss]\n|-miss|p1a: Zebstrika|p2a: Swampert\n|\n|-heal|p2a: Swampert|300/302 tox|[from] item: Leftovers\n|-damage|p2a: Swampert|282/302 tox|[from] psn\n|upkeep\n|turn|23\n|\n|t:|1781412187\n|switch|p1a: Gogoat|Gogoat, L88, M|302/360\n|move|p2a: Swampert|Earthquake|p1a: Gogoat\n|-resisted|p1a: Gogoat\n|-damage|p1a: Gogoat|227/360\n|\n|-heal|p2a: Swampert|300/302 tox|[from] item: Leftovers\n|-damage|p2a: Swampert|264/302 tox|[from] psn\n|upkeep\n|turn|24\n|\n|t:|1781412193\n|switch|p2a: Ho-Oh|Ho-Oh, L71|268/268\n|move|p1a: Gogoat|Milk Drink|p1a: Gogoat\n|-heal|p1a: Gogoat|360/360\n|\n|upkeep\n|turn|25\n|\n|t:|1781412204\n|-terastallize|p1a: Gogoat|Ground\n|move|p1a: Gogoat|Bulk Up|p1a: Gogoat\n|-boost|p1a: Gogoat|atk|1\n|-boost|p1a: Gogoat|def|1\n|move|p2a: Ho-Oh|Sacred Fire|p1a: Gogoat\n|-damage|p1a: Gogoat|281/360\n|-status|p1a: Gogoat|brn\n|\n|-damage|p1a: Gogoat|259/360 brn|[from] brn\n|upkeep\n|turn|26\n|\n|t:|1781412226\n|move|p1a: Gogoat|Bulk Up|p1a: Gogoat\n|-boost|p1a: Gogoat|atk|1\n|-boost|p1a: Gogoat|def|1\n|move|p2a: Ho-Oh|Sacred Fire|p1a: Gogoat\n|-damage|p1a: Gogoat|199/360 brn\n|\n|-damage|p1a: Gogoat|177/360 brn|[from] brn\n|upkeep\n|turn|27\n|inactive|Siaughter has 120 seconds left.\n|\n|t:|1781412254\n|switch|p2a: Espathra|Espathra, L80, F|283/283\n|-status|p2a: Espathra|tox\n|move|p1a: Gogoat|Milk Drink|p1a: Gogoat\n|-heal|p1a: Gogoat|357/360 brn\n|\n|-damage|p2a: Espathra|266/283 tox|[from] psn\n|-damage|p1a: Gogoat|335/360 brn|[from] brn\n|upkeep\n|turn|28\n|inactive|Siaughter has 120 seconds left.\n|\n|t:|1781412286\n|move|p2a: Espathra|Lumina Crash|p1a: Gogoat\n|-damage|p1a: Gogoat|203/360 brn\n|-unboost|p1a: Gogoat|spd|2\n|move|p1a: Gogoat|Horn Leech|p2a: Espathra\n|-damage|p2a: Espathra|140/283 tox\n|-heal|p1a: Gogoat|266/360 brn|[from] drain|[of] p2a: Espathra\n|\n|-damage|p2a: Espathra|106/283 tox|[from] psn\n|-damage|p1a: Gogoat|244/360 brn|[from] brn\n|-ability|p2a: Espathra|Speed Boost|boost\n|-boost|p2a: Espathra|spe|1\n|upkeep\n|turn|29\n|\n|t:|1781412294\n|switch|p1a: Zacian|Zacian-Crowned, L64|225/225\n|-ability|p1a: Zacian|Intrepid Sword|boost\n|-boost|p1a: Zacian|atk|1\n|-terastallize|p2a: Espathra|Psychic\n|move|p2a: Espathra|Lumina Crash|p1a: Zacian\n|-resisted|p1a: Zacian\n|-damage|p1a: Zacian|145/225\n|-unboost|p1a: Zacian|spd|2\n|\n|-damage|p2a: Espathra|55/283 tox|[from] psn\n|-ability|p2a: Espathra|Speed Boost|boost\n|-boost|p2a: Espathra|spe|1\n|upkeep\n|turn|30\n|\n|t:|1781412300\n|switch|p1a: Gogoat|Gogoat, L88, M, tera:Ground|244/360 brn\n|move|p2a: Espathra|Lumina Crash|p1a: Gogoat\n|-damage|p1a: Gogoat|70/360 brn\n|-unboost|p1a: Gogoat|spd|2\n|\n|-damage|p2a: Espathra|0 fnt|[from] psn\n|faint|p2a: Espathra\n|-damage|p1a: Gogoat|48/360 brn|[from] brn\n|upkeep\n|c|\u2606Best Kittel|good job tho, lil homie\n|\n|t:|1781412306\n|switch|p2a: Ho-Oh|Ho-Oh, L71|268/268\n|turn|31\n|\n|t:|1781412314\n|move|p1a: Gogoat|Milk Drink|p1a: Gogoat\n|-heal|p1a: Gogoat|228/360 brn\n|move|p2a: Ho-Oh|Brave Bird|p1a: Gogoat\n|-damage|p1a: Gogoat|92/360 brn\n|-damage|p2a: Ho-Oh|223/268|[from] Recoil\n|\n|-damage|p1a: Gogoat|70/360 brn|[from] brn\n|upkeep\n|turn|32\n|\n|t:|1781412318\n|move|p1a: Gogoat|Milk Drink|p1a: Gogoat\n|-heal|p1a: Gogoat|250/360 brn\n|move|p2a: Ho-Oh|Brave Bird|p1a: Gogoat\n|-damage|p1a: Gogoat|111/360 brn\n|-damage|p2a: Ho-Oh|177/268|[from] Recoil\n|\n|-damage|p1a: Gogoat|89/360 brn|[from] brn\n|upkeep\n|turn|33\n|\n|t:|1781412321\n|move|p1a: Gogoat|Milk Drink|p1a: Gogoat\n|-heal|p1a: Gogoat|269/360 brn\n|move|p2a: Ho-Oh|Brave Bird|p1a: Gogoat\n|-damage|p1a: Gogoat|130/360 brn\n|-damage|p2a: Ho-Oh|131/268|[from] Recoil\n|\n|-damage|p1a: Gogoat|108/360 brn|[from] brn\n|upkeep\n|turn|34\n|\n|t:|1781412325\n|move|p1a: Gogoat|Milk Drink|p1a: Gogoat\n|-heal|p1a: Gogoat|288/360 brn\n|move|p2a: Ho-Oh|Brave Bird|p1a: Gogoat\n|-damage|p1a: Gogoat|152/360 brn\n|-damage|p2a: Ho-Oh|86/268|[from] Recoil\n|\n|-damage|p1a: Gogoat|130/360 brn|[from] brn\n|upkeep\n|turn|35\n|inactive|Best Kittel has 120 seconds left.\n|\n|t:|1781412363\n|switch|p2a: Flapple|Flapple, L88, F|266/266\n|-status|p2a: Flapple|tox\n|move|p1a: Gogoat|Milk Drink|p1a: Gogoat\n|-heal|p1a: Gogoat|310/360 brn\n|\n|-damage|p2a: Flapple|250/266 tox|[from] psn\n|-damage|p1a: Gogoat|288/360 brn|[from] brn\n|upkeep\n|turn|36\n|inactive|Best Kittel has 120 seconds left.\n|inactive|Best Kittel has 90 seconds left.\n|\n|t:|1781412404\n|move|p2a: Flapple|Grav Apple|p1a: Gogoat\n|-ability|p1a: Gogoat|Sap Sipper|boost\n|-boost|p1a: Gogoat|atk|1\n|move|p1a: Gogoat|Bulk Up|p1a: Gogoat\n|-boost|p1a: Gogoat|atk|1\n|-boost|p1a: Gogoat|def|1\n|\n|-damage|p2a: Flapple|218/266 tox|[from] psn\n|-damage|p1a: Gogoat|266/360 brn|[from] brn\n|upkeep\n|turn|37\n|inactive|Best Kittel has 90 seconds left.\n|c|\u2606Best Kittel|this is what luck does\n|inactive|Best Kittel has 60 seconds left.\n|\n|t:|1781412449\n|switch|p2a: Swampert|Swampert, L83, F|264/302 tox\n|move|p1a: Gogoat|Bulk Up|p1a: Gogoat\n|-boost|p1a: Gogoat|atk|1\n|-boost|p1a: Gogoat|def|1\n|\n|-heal|p2a: Swampert|282/302 tox|[from] item: Leftovers\n|-damage|p2a: Swampert|264/302 tox|[from] psn\n|-damage|p1a: Gogoat|244/360 brn|[from] brn\n|upkeep\n|turn|38\n|inactive|Siaughter has 120 seconds left.\n|\n|t:|1781412476\n|switch|p2a: Ho-Oh|Ho-Oh, L71|175/268\n|move|p1a: Gogoat|Horn Leech|p2a: Ho-Oh\n|-resisted|p2a: Ho-Oh\n|-damage|p2a: Ho-Oh|145/268\n|-heal|p1a: Gogoat|259/360 brn|[from] drain|[of] p2a: Ho-Oh\n|\n|-damage|p1a: Gogoat|237/360 brn|[from] brn\n|upkeep\n|turn|39\n|inactive|Siaughter has 120 seconds left.\n|inactive|Best Kittel has 60 seconds left.\n|inactive|Best Kittel has 30 seconds left.\n|inactive|Best Kittel has 20 seconds left.\n|inactive|Best Kittel has 15 seconds left.\n|\n|t:|1781412537\n|move|p1a: Gogoat|Horn Leech|p2a: Ho-Oh\n|-resisted|p2a: Ho-Oh\n|-damage|p2a: Ho-Oh|112/268\n|-heal|p1a: Gogoat|254/360 brn|[from] drain|[of] p2a: Ho-Oh\n|move|p2a: Ho-Oh|Sacred Fire|p1a: Gogoat\n|-damage|p1a: Gogoat|196/360 brn\n|\n|-damage|p1a: Gogoat|174/360 brn|[from] brn\n|upkeep\n|turn|40\n|inactive|Best Kittel has 25 seconds left this turn.\n|inactive|Best Kittel has 20 seconds left.\n|\n|t:|1781412545\n|switch|p1a: Zebstrika|Zebstrika, L87, F|134/272\n|move|p2a: Ho-Oh|Recover|p2a: Ho-Oh\n|-heal|p2a: Ho-Oh|246/268\n|\n|upkeep\n|turn|41\n|inactive|Best Kittel has 30 seconds left this turn.\n|inactive|Best Kittel has 20 seconds left.\n|\n|t:|1781412562\n|switch|p2a: Swampert|Swampert, L83, F|264/302 tox\n|move|p1a: Zebstrika|Volt Switch|p2a: Swampert\n|-immune|p2a: Swampert\n|\n|-heal|p2a: Swampert|282/302 tox|[from] item: Leftovers\n|-damage|p2a: Swampert|264/302 tox|[from] psn\n|upkeep\n|turn|42\n|inactive|Best Kittel has 30 seconds left this turn.\n|\n|t:|1781412568\n|switch|p1a: Gogoat|Gogoat, L88, M, tera:Ground|174/360 brn\n|move|p2a: Swampert|Ice Beam|p1a: Gogoat\n|-supereffective|p1a: Gogoat\n|-damage|p1a: Gogoat|52/360 brn\n|\n|-heal|p2a: Swampert|282/302 tox|[from] item: Leftovers\n|-damage|p2a: Swampert|246/302 tox|[from] psn\n|-damage|p1a: Gogoat|30/360 brn|[from] brn\n|upkeep\n|turn|43\n|\n|t:|1781412574\n|switch|p2a: Ho-Oh|Ho-Oh, L71|268/268\n|move|p1a: Gogoat|Horn Leech|p2a: Ho-Oh\n|-resisted|p2a: Ho-Oh\n|-damage|p2a: Ho-Oh|256/268\n|-heal|p1a: Gogoat|36/360 brn|[from] drain|[of] p2a: Ho-Oh\n|\n|-damage|p1a: Gogoat|14/360 brn|[from] brn\n|upkeep\n|turn|44\n|inactive|Best Kittel has 30 seconds left.\n|c|\u2606Best Kittel|no skills needed\n|\n|t:|1781412594\n|move|p1a: Gogoat|Horn Leech|p2a: Ho-Oh\n|-resisted|p2a: Ho-Oh\n|-damage|p2a: Ho-Oh|243/268\n|-heal|p1a: Gogoat|21/360 brn|[from] drain|[of] p2a: Ho-Oh\n|move|p2a: Ho-Oh|Earthquake|p1a: Gogoat\n|-damage|p1a: Gogoat|0 fnt\n|faint|p1a: Gogoat\n|\n|upkeep\n|inactive|Best Kittel has 30 seconds left this turn.\n|\n|t:|1781412597\n|switch|p1a: Zebstrika|Zebstrika, L87, F|134/272\n|turn|45\n|\n|t:|1781412608\n|switch|p2a: Swampert|Swampert, L83, F|246/302 tox\n|move|p1a: Zebstrika|Supercell Slam|p2a: Swampert\n|-immune|p2a: Swampert\n|-damage|p1a: Zebstrika|0 fnt|[from] supercellslam\n|faint|p1a: Zebstrika\n|\n|-heal|p2a: Swampert|264/302 tox|[from] item: Leftovers\n|-damage|p2a: Swampert|246/302 tox|[from] psn\n|upkeep\n|\n|t:|1781412610\n|switch|p1a: Zacian|Zacian-Crowned, L64|145/225\n|turn|46\n|\n|t:|1781412613\n|move|p1a: Zacian|Behemoth Blade|p2a: Swampert\n|-resisted|p2a: Swampert\n|-damage|p2a: Swampert|202/302 tox\n|move|p2a: Swampert|Earthquake|p1a: Zacian\n|-supereffective|p1a: Zacian\n|-damage|p1a: Zacian|0 fnt\n|faint|p1a: Zacian\n|\n|win|Siaughter\n|raw|Best Kittel's rating: 1674 &rarr; <strong>1654</strong><br />(-20 for losing)\n|raw|Siaughter's rating: 1681 &rarr; <strong>1701</strong><br />(+20 for winning)\n|c|\u2606Best Kittel|good job lil homie\n", "uploadtime": 1781412619, "views": 3, "formatid": "gen9randombattle", "rating": 1654, "private": 0, "password": null}