{"id": "gen9randombattle-2631873337", "format": "[Gen 9] Random Battle", "players": ["Nikodoesntknow", "grvcool"], "log": "|j|\u2606Nikodoesntknow\n|j|\u2606grvcool\n|t:|1781450621\n|gametype|singles\n|player|p1|Nikodoesntknow|265|1113\n|player|p2|grvcool|266|1146\n|gen|9\n|tier|[Gen 9] Random Battle\n|rated|\n|rule|Species Clause: Limit one of each Pok\u00e9mon\n|rule|HP Percentage Mod: HP is shown in percentages\n|rule|Sleep Clause Mod: Limit one foe put to sleep\n|rule|Illusion Level Mod: Illusion disguises the Pok\u00e9mon's true level\n|\n|t:|1781450621\n|teamsize|p1|6\n|teamsize|p2|6\n|start\n|switch|p1a: Mamoswine|Mamoswine, L81, M|311/311\n|switch|p2a: Dunsparce|Dunsparce, L86, F|312/312\n|turn|1\n|inactive|Battle timer is ON: inactive players will automatically lose when time's up. (requested by grvcool)\n|\n|t:|1781450666\n|move|p1a: Mamoswine|Icicle Crash|p2a: Dunsparce\n|-damage|p2a: Dunsparce|186/312\n|move|p2a: Dunsparce|Coil|p2a: Dunsparce\n|-boost|p2a: Dunsparce|atk|1\n|-boost|p2a: Dunsparce|def|1\n|-boost|p2a: Dunsparce|accuracy|1\n|\n|upkeep\n|turn|2\n|\n|t:|1781450675\n|move|p1a: Mamoswine|Icicle Crash|p2a: Dunsparce\n|-damage|p2a: Dunsparce|99/312\n|move|p2a: Dunsparce|Coil|p2a: Dunsparce\n|-boost|p2a: Dunsparce|atk|1\n|-boost|p2a: Dunsparce|def|1\n|-boost|p2a: Dunsparce|accuracy|1\n|\n|upkeep\n|turn|3\n|\n|t:|1781450682\n|move|p1a: Mamoswine|Icicle Crash|p2a: Dunsparce\n|-damage|p2a: Dunsparce|41/312\n|cant|p2a: Dunsparce|flinch\n|\n|upkeep\n|turn|4\n|c|\u2606Nikodoesntknow|welp\n|c|\u2606grvcool|omg you are lucky\n|\n|t:|1781450702\n|move|p1a: Mamoswine|Icicle Crash|p2a: Dunsparce\n|-damage|p2a: Dunsparce|0 fnt\n|faint|p2a: Dunsparce\n|\n|upkeep\n|c|\u2606grvcool|arghh\n|c|\u2606Nikodoesntknow|i was gonna say i had my fingers crossed the whole time\n|inactive|grvcool has 120 seconds left.\n|c|\u2606Nikodoesntknow|if ur a cute girl hmu\n|\n|t:|1781450720\n|switch|p2a: Galvantula|Galvantula, L82, M|249/249\n|turn|5\n|c|\u2606grvcool|creep\n|inactive|grvcool has 120 seconds left.\n|c|\u2606Nikodoesntknow|if ur a boy i forfeit\n|\n|t:|1781450734\n|move|p2a: Galvantula|Sticky Web|p1a: Mamoswine\n|-sidestart|p1: Nikodoesntknow|move: Sticky Web\n|move|p1a: Mamoswine|Icicle Crash|p2a: Galvantula\n|-damage|p2a: Galvantula|26/249\n|\n|upkeep\n|turn|6\n|\n|t:|1781450740\n|move|p2a: Galvantula|Energy Ball|p1a: Mamoswine\n|-supereffective|p1a: Mamoswine\n|-damage|p1a: Mamoswine|137/311\n|move|p1a: Mamoswine|Icicle Crash|p2a: Galvantula\n|-damage|p2a: Galvantula|0 fnt\n|faint|p2a: Galvantula\n|\n|upkeep\n|inactive|grvcool has 120 seconds left.\n|\n|t:|1781450754\n|switch|p2a: Chesnaught|Chesnaught, L84, M|285/285\n|turn|7\n|c|\u2606Nikodoesntknow|im not a creep! i am nice\n|\n|t:|1781450771\n|move|p1a: Mamoswine|Icicle Crash|p2a: Chesnaught\n|-supereffective|p2a: Chesnaught\n|-damage|p2a: Chesnaught|25/285\n|move|p2a: Chesnaught|Trailblaze|p1a: Mamoswine\n|-supereffective|p1a: Mamoswine\n|-damage|p1a: Mamoswine|17/311\n|-boost|p2a: Chesnaught|spe|1\n|\n|-heal|p2a: Chesnaught|42/285|[from] item: Leftovers\n|upkeep\n|turn|8\n|c|\u2606Nikodoesntknow|mamoswine meta\n|\n|t:|1781450789\n|move|p2a: Chesnaught|Trailblaze|p1a: Mamoswine\n|-supereffective|p1a: Mamoswine\n|-damage|p1a: Mamoswine|0 fnt\n|-boost|p2a: Chesnaught|spe|1\n|faint|p1a: Mamoswine\n|\n|-heal|p2a: Chesnaught|59/285|[from] item: Leftovers\n|upkeep\n|c|\u2606grvcool|ok idek what the fuck im doing now\n|inactive|Nikodoesntknow has 120 seconds left.\n|\n|t:|1781450809\n|switch|p1a: Forretress|Forretress, L84, F|263/263\n|-activate|p1a: Forretress|move: Sticky Web\n|-unboost|p1a: Forretress|spe|1\n|turn|9\n|c|\u2606grvcool|almost 3 mons down\n|inactive|Nikodoesntknow has 120 seconds left.\n|c|\u2606Nikodoesntknow|im at my desk job, crushing u with mamoswine\n|\n|t:|1781450838\n|move|p2a: Chesnaught|Synthesis|p2a: Chesnaught\n|-heal|p2a: Chesnaught|201/285\n|move|p1a: Forretress|Thunder Wave|p2a: Chesnaught\n|-status|p2a: Chesnaught|par\n|\n|-heal|p2a: Chesnaught|218/285 par|[from] item: Leftovers\n|upkeep\n|turn|10\n|c|\u2606grvcool|lol\n|\n|t:|1781450852\n|move|p2a: Chesnaught|Iron Defense|p2a: Chesnaught\n|-boost|p2a: Chesnaught|def|2\n|move|p1a: Forretress|Iron Head|p2a: Chesnaught\n|-damage|p2a: Chesnaught|185/285 par\n|\n|-heal|p2a: Chesnaught|202/285 par|[from] item: Leftovers\n|upkeep\n|turn|11\n|c|\u2606grvcool|omg i hate you\n|\n|t:|1781450870\n|move|p2a: Chesnaught|Iron Defense|p2a: Chesnaught\n|-boost|p2a: Chesnaught|def|2\n|move|p1a: Forretress|Iron Head|p2a: Chesnaught\n|-damage|p2a: Chesnaught|183/285 par\n|\n|-heal|p2a: Chesnaught|200/285 par|[from] item: Leftovers\n|upkeep\n|turn|12\n|c|\u2606Nikodoesntknow|noone ever types back\n|c|\u2606Nikodoesntknow|ur cool\n|c|\u2606grvcool|yea we're low elo\n|\n|t:|1781450889\n|move|p2a: Chesnaught|Trailblaze|p1a: Forretress\n|-resisted|p1a: Forretress\n|-damage|p1a: Forretress|254/263\n|-boost|p2a: Chesnaught|spe|1\n|move|p1a: Forretress|Spikes|p2a: Chesnaught\n|-sidestart|p2: grvcool|Spikes\n|\n|-heal|p2a: Chesnaught|217/285 par|[from] item: Leftovers\n|-heal|p1a: Forretress|263/263|[from] item: Leftovers\n|upkeep\n|turn|13\n|c|\u2606Nikodoesntknow|3% is crazzy\n|c|\u2606Nikodoesntknow|i can never win more than 2 in a row\n|c|\u2606grvcool|same tbh\n|inactive|grvcool has 120 seconds left.\n|\n|t:|1781450920\n|move|p2a: Chesnaught|Trailblaze|p1a: Forretress\n|-resisted|p1a: Forretress\n|-damage|p1a: Forretress|253/263\n|-boost|p2a: Chesnaught|spe|1\n|move|p1a: Forretress|Spikes|p2a: Chesnaught\n|-sidestart|p2: grvcool|Spikes\n|\n|-heal|p2a: Chesnaught|234/285 par|[from] item: Leftovers\n|-heal|p1a: Forretress|263/263|[from] item: Leftovers\n|upkeep\n|turn|14\n|c|\u2606Nikodoesntknow|wait are you actually a girl or boy\n|inactive|grvcool has 120 seconds left.\n|c|\u2606Nikodoesntknow|cause ur a boy sprite and im a girl sprite but im a man\n|c|\u2606grvcool|a boy\n|inactive|Nikodoesntknow has 90 seconds left.\n|\n|t:|1781450941\n|move|p2a: Chesnaught|Synthesis|p2a: Chesnaught\n|-heal|p2a: Chesnaught|285/285 par\n|move|p1a: Forretress|Spikes|p2a: Chesnaught\n|-sidestart|p2: grvcool|Spikes\n|\n|upkeep\n|turn|15\n|inactive|Nikodoesntknow has 90 seconds left.\n|\n|t:|1781450952\n|cant|p2a: Chesnaught|par\n|move|p1a: Forretress|Spikes||[still]\n|-fail|p1a: Forretress\n|\n|upkeep\n|turn|16\n|c|\u2606grvcool|the sprites are random ig\n|inactive|Nikodoesntknow has 90 seconds left.\n|\n|t:|1781450964\n|move|p2a: Chesnaught|Body Press|p1a: Forretress\n|-crit|p1a: Forretress\n|-ability|p1a: Forretress|Sturdy\n|-damage|p1a: Forretress|1/263\n|move|p1a: Forretress|Rapid Spin|p2a: Chesnaught\n|-damage|p2a: Chesnaught|275/285 par\n|-boost|p1a: Forretress|spe|1\n|-sideend|p1: Nikodoesntknow|Sticky Web|[from] move: Rapid Spin|[of] p1a: Forretress\n|\n|-heal|p2a: Chesnaught|285/285 par|[from] item: Leftovers\n|-heal|p1a: Forretress|17/263|[from] item: Leftovers\n|upkeep\n|turn|17\n|n|!Nikodoesntknow|nikodoesntknow\n|inactive|Nikodoesntknow has 90 seconds left.\n|\n|t:|1781450988\n|move|p2a: Chesnaught|Body Press|p1a: Forretress\n|-damage|p1a: Forretress|0 fnt\n|faint|p1a: Forretress\n|\n|upkeep\n|\n|t:|1781450995\n|switch|p1a: Cinccino|Cinccino, L83, F|260/260\n|turn|18\n|\n|t:|1781451004\n|-terastallize|p1a: Cinccino|Ice\n|move|p1a: Cinccino|Triple Axel|p2a: Chesnaught\n|-supereffective|p2a: Chesnaught\n|-damage|p2a: Chesnaught|267/285 par\n|-supereffective|p2a: Chesnaught\n|-damage|p2a: Chesnaught|235/285 par\n|-supereffective|p2a: Chesnaught\n|-damage|p2a: Chesnaught|187/285 par\n|-hitcount|p2a: Chesnaught|3\n|move|p2a: Chesnaught|Body Press|p1a: Cinccino\n|-supereffective|p1a: Cinccino\n|-damage|p1a: Cinccino|0 fnt\n|faint|p1a: Cinccino\n|\n|-heal|p2a: Chesnaught|204/285 par|[from] item: Leftovers\n|upkeep\n|\n|t:|1781451018\n|switch|p1a: Inteleon|Inteleon, L81, F|246/246\n|turn|19\n|\n|t:|1781451026\n|move|p1a: Inteleon|Ice Beam|p2a: Chesnaught\n|-supereffective|p2a: Chesnaught\n|-damage|p2a: Chesnaught|0 fnt\n|faint|p2a: Chesnaught\n|\n|upkeep\n|c|\u2606grvcool|finally got it huh\n|\n|t:|1781451054\n|switch|p2a: Whimsicott|Whimsicott, L84, F|238/238\n|-damage|p2a: Whimsicott|179/238|[from] Spikes\n|turn|20\n|\n|t:|1781451065\n|move|p2a: Whimsicott|Substitute|p2a: Whimsicott\n|-start|p2a: Whimsicott|Substitute\n|-damage|p2a: Whimsicott|120/238\n|move|p1a: Inteleon|Ice Beam|p2a: Whimsicott\n|-supereffective|p2a: Whimsicott\n|-end|p2a: Whimsicott|Substitute\n|\n|-heal|p2a: Whimsicott|134/238|[from] item: Leftovers\n|upkeep\n|turn|21\n|\n|t:|1781451079\n|-terastallize|p2a: Whimsicott|Poison\n|move|p2a: Whimsicott|Leech Seed|p1a: Inteleon|[miss]\n|-miss|p2a: Whimsicott|p1a: Inteleon\n|move|p1a: Inteleon|Ice Beam|p2a: Whimsicott\n|-crit|p2a: Whimsicott\n|-damage|p2a: Whimsicott|0 fnt\n|faint|p2a: Whimsicott\n|\n|upkeep\n|c|\u2606grvcool|BRUHHHHHHHH\n|inactive|grvcool has 120 seconds left.\n|\n|t:|1781451091\n|switch|p2a: Indeedee|Indeedee, L84, M|238/238\n|-damage|p2a: Indeedee|179/238|[from] Spikes\n|-fieldstart|move: Psychic Terrain|[from] ability: Psychic Surge|[of] p2a: Indeedee\n|turn|22\n|inactive|grvcool has 120 seconds left.\n|\n|t:|1781451118\n|switch|p1a: Granbull|Granbull, L88, M|302/302\n|-ability|p1a: Granbull|Intimidate|boost\n|-unboost|p2a: Indeedee|atk|1\n|move|p2a: Indeedee|Expanding Force|p1a: Granbull\n|-damage|p1a: Granbull|83/302\n|\n|-heal|p1a: Granbull|101/302|[from] item: Leftovers\n|upkeep\n|turn|23\n|\n|t:|1781451129\n|move|p2a: Indeedee|Expanding Force|p1a: Granbull\n|-damage|p1a: Granbull|0 fnt\n|faint|p1a: Granbull\n|\n|upkeep\n|\n|t:|1781451133\n|switch|p1a: Illumise|Illumise, L91, F|266/266\n|turn|24\n|\n|t:|1781451139\n|move|p2a: Indeedee|Expanding Force|p1a: Illumise\n|-damage|p1a: Illumise|103/266\n|move|p1a: Illumise|Bug Buzz|p2a: Indeedee\n|-supereffective|p2a: Indeedee\n|-damage|p2a: Indeedee|0 fnt\n|faint|p2a: Indeedee\n|\n|upkeep\n|\n|t:|1781451146\n|switch|p2a: Garchomp|Garchomp, L74, M|282/282\n|-damage|p2a: Garchomp|212/282|[from] Spikes\n|turn|25\n|inactive|grvcool has 120 seconds left.\n|\n|t:|1781451158\n|move|p1a: Illumise|Encore|p2a: Garchomp\n|-activate|p2a: Garchomp|move: Psychic Terrain\n|move|p2a: Garchomp|Swords Dance|p2a: Garchomp\n|-boost|p2a: Garchomp|atk|2\n|\n|upkeep\n|turn|26\n|inactive|grvcool has 120 seconds left.\n|\n|t:|1781451176\n|move|p1a: Illumise|Bug Buzz|p2a: Garchomp\n|-damage|p2a: Garchomp|116/282\n|move|p2a: Garchomp|Scale Shot|p1a: Illumise\n|-damage|p1a: Illumise|51/266\n|-damage|p1a: Illumise|0 fnt\n|faint|p1a: Illumise\n|-hitcount|p1: Illumise|2\n|-unboost|p2a: Garchomp|def|1\n|-boost|p2a: Garchomp|spe|1\n|\n|-fieldend|move: Psychic Terrain\n|upkeep\n|c|\u2606grvcool|k i lose\n|\n|t:|1781451186\n|switch|p1a: Inteleon|Inteleon, L81, F|246/246\n|turn|27\n|\n|t:|1781451190\n|move|p2a: Garchomp|Scale Shot|p1a: Inteleon\n|-damage|p1a: Inteleon|177/246\n|-damage|p1a: Inteleon|110/246\n|-damage|p1a: Inteleon|43/246\n|-damage|p1a: Inteleon|0 fnt\n|faint|p1a: Inteleon\n|-hitcount|p1: Inteleon|4\n|\n|win|grvcool\n", "uploadtime": 1781450974, "views": 3, "formatid": "gen9randombattle", "rating": null, "private": 0, "password": null}