{"id": "gen9randombattle-2631395154", "format": "[Gen 9] Random Battle", "players": ["Benbougami", "femhur"], "log": "|j|\u2606Benbougami\n|j|\u2606femhur\n|t:|1781379532\n|gametype|singles\n|player|p1|Benbougami|roughneck|1496\n|player|p2|femhur|170|1534\n|gen|9\n|tier|[Gen 9] Random Battle\n|rated|\n|rule|Species Clause: Limit one of each Pok\u00e9mon\n|rule|HP Percentage Mod: HP is shown in percentages\n|rule|Sleep Clause Mod: Limit one foe put to sleep\n|rule|Illusion Level Mod: Illusion disguises the Pok\u00e9mon's true level\n|\n|t:|1781379532\n|teamsize|p1|6\n|teamsize|p2|6\n|start\n|switch|p1a: Pincurchin|Pincurchin, F|258/258\n|switch|p2a: Iron Treads|Iron Treads, L77|265/265\n|-fieldstart|move: Electric Terrain|[from] ability: Electric Surge|[of] p1a: Pincurchin\n|-activate|p2a: Iron Treads|ability: Quark Drive\n|-start|p2a: Iron Treads|quarkdrivedef\n|turn|1\n|inactive|Battle timer is ON: inactive players will automatically lose when time's up. (requested by Benbougami)\n|\n|t:|1781379555\n|switch|p1a: Rotom|Rotom, L88|231/231\n|move|p2a: Iron Treads|Rapid Spin|p1a: Rotom\n|-immune|p1a: Rotom\n|\n|upkeep\n|turn|2\n|\n|t:|1781379561\n|move|p1a: Rotom|Will-O-Wisp|p2a: Iron Treads\n|-status|p2a: Iron Treads|brn\n|move|p2a: Iron Treads|Stealth Rock|p1a: Rotom\n|-sidestart|p1: Benbougami|move: Stealth Rock\n|\n|-damage|p2a: Iron Treads|249/265 brn|[from] brn\n|upkeep\n|turn|3\n|\n|t:|1781379580\n|-end|p2a: Iron Treads|Quark Drive|[silent]\n|switch|p2a: Dunsparce|Dunsparce, L86, M|312/312\n|move|p1a: Rotom|Nasty Plot|p1a: Rotom\n|-boost|p1a: Rotom|spa|2\n|\n|upkeep\n|turn|4\n|\n|t:|1781379596\n|switch|p2a: Rhydon|Rhydon, L85, F|317/317\n|move|p1a: Rotom|Thunderbolt|p2a: Rhydon\n|-ability|p2a: Rhydon|Lightning Rod|boost\n|-boost|p2a: Rhydon|spa|1\n|\n|upkeep\n|turn|5\n|\n|t:|1781379604\n|move|p1a: Rotom|Will-O-Wisp|p2a: Rhydon\n|-status|p2a: Rhydon|brn\n|move|p2a: Rhydon|Swords Dance|p2a: Rhydon\n|-boost|p2a: Rhydon|atk|2\n|\n|-damage|p2a: Rhydon|298/317 brn|[from] brn\n|-fieldend|move: Electric Terrain\n|upkeep\n|turn|6\n|\n|t:|1781379610\n|move|p1a: Rotom|Shadow Ball|p2a: Rhydon\n|-damage|p2a: Rhydon|32/317 brn\n|-unboost|p2a: Rhydon|spd|1\n|-damage|p1a: Rotom|208/231|[from] item: Life Orb\n|move|p2a: Rhydon|Swords Dance|p2a: Rhydon\n|-boost|p2a: Rhydon|atk|2\n|\n|-damage|p2a: Rhydon|13/317 brn|[from] brn\n|upkeep\n|turn|7\n|\n|t:|1781379619\n|move|p1a: Rotom|Shadow Ball|p2a: Rhydon\n|-damage|p2a: Rhydon|0 fnt\n|faint|p2a: Rhydon\n|-damage|p1a: Rotom|185/231|[from] item: Life Orb\n|\n|upkeep\n|\n|t:|1781379621\n|switch|p2a: Mimikyu|Mimikyu, L79, F|216/216\n|turn|8\n|\n|t:|1781379641\n|move|p2a: Mimikyu|Shadow Sneak|p1a: Rotom\n|-supereffective|p1a: Rotom\n|-damage|p1a: Rotom|81/231\n|-damage|p2a: Mimikyu|195/216|[from] item: Life Orb\n|move|p1a: Rotom|Will-O-Wisp|p2a: Mimikyu\n|-status|p2a: Mimikyu|brn\n|\n|-damage|p2a: Mimikyu|182/216 brn|[from] brn\n|upkeep\n|turn|9\n|\n|t:|1781379666\n|switch|p1a: Gumshoos|Gumshoos, L95, M|321/321\n|-damage|p1a: Gumshoos|281/321|[from] Stealth Rock\n|move|p2a: Mimikyu|Swords Dance|p2a: Mimikyu\n|-boost|p2a: Mimikyu|atk|2\n|\n|-damage|p2a: Mimikyu|169/216 brn|[from] brn\n|upkeep\n|turn|10\n|\n|t:|1781379680\n|move|p2a: Mimikyu|Swords Dance|p2a: Mimikyu\n|-boost|p2a: Mimikyu|atk|2\n|move|p1a: Gumshoos|Knock Off|p2a: Mimikyu\n|-activate|p2a: Mimikyu|ability: Disguise\n|-damage|p2a: Mimikyu|169/216 brn\n|-enditem|p2a: Mimikyu|Life Orb|[from] move: Knock Off|[of] p1a: Gumshoos\n|detailschange|p2a: Mimikyu|Mimikyu-Busted, L79, F\n|-damage|p2a: Mimikyu|142/216 brn|[from] pokemon: Mimikyu-Busted\n|\n|-damage|p2a: Mimikyu|129/216 brn|[from] brn\n|upkeep\n|turn|11\n|inactive|Benbougami has 120 seconds left.\n|\n|t:|1781379697\n|switch|p1a: Pincurchin|Pincurchin, F|258/258\n|-damage|p1a: Pincurchin|226/258|[from] Stealth Rock\n|-fieldstart|move: Electric Terrain|[from] ability: Electric Surge|[of] p1a: Pincurchin\n|move|p2a: Mimikyu|Drain Punch|p1a: Pincurchin\n|-damage|p1a: Pincurchin|177/258\n|-heal|p2a: Mimikyu|154/216 brn|[from] drain|[of] p1a: Pincurchin\n|\n|-heal|p1a: Pincurchin|193/258|[from] item: Leftovers\n|-damage|p2a: Mimikyu|141/216 brn|[from] brn\n|upkeep\n|turn|12\n|\n|t:|1781379706\n|move|p2a: Mimikyu|Play Rough|p1a: Pincurchin\n|-damage|p1a: Pincurchin|92/258\n|move|p1a: Pincurchin|Zing Zap|p2a: Mimikyu\n|-damage|p2a: Mimikyu|0 fnt\n|faint|p2a: Mimikyu\n|\n|-heal|p1a: Pincurchin|108/258|[from] item: Leftovers\n|upkeep\n|\n|t:|1781379724\n|switch|p2a: Dunsparce|Dunsparce, L86, M|312/312\n|turn|13\n|inactive|Benbougami has 120 seconds left.\n|\n|t:|1781379751\n|switch|p2a: Sinistcha|Sinistcha, L83|254/254\n|move|p1a: Pincurchin|Recover|p1a: Pincurchin\n|-heal|p1a: Pincurchin|237/258\n|\n|-heal|p1a: Pincurchin|253/258|[from] item: Leftovers\n|upkeep\n|turn|14\n|inactive|Benbougami has 120 seconds left.\n|\n|t:|1781379761\n|switch|p1a: Abomasnow|Abomasnow, L84, F|287/287\n|-damage|p1a: Abomasnow|216/287|[from] Stealth Rock\n|-weather|Snowscape|[from] ability: Snow Warning|[of] p1a: Abomasnow\n|move|p2a: Sinistcha|Calm Mind|p2a: Sinistcha\n|-boost|p2a: Sinistcha|spa|1\n|-boost|p2a: Sinistcha|spd|1\n|\n|-weather|Snowscape|[upkeep]\n|upkeep\n|turn|15\n|inactive|Benbougami has 120 seconds left.\n|\n|t:|1781379772\n|-terastallize|p2a: Sinistcha|Steel\n|move|p2a: Sinistcha|Shadow Ball|p1a: Abomasnow\n|-damage|p1a: Abomasnow|69/287\n|move|p1a: Abomasnow|Aurora Veil|p1a: Abomasnow\n|-sidestart|p1: Benbougami|move: Aurora Veil\n|\n|-weather|Snowscape|[upkeep]\n|-fieldend|move: Electric Terrain\n|upkeep\n|turn|16\n|\n|t:|1781379782\n|move|p2a: Sinistcha|Shadow Ball|p1a: Abomasnow\n|-damage|p1a: Abomasnow|0 fnt\n|faint|p1a: Abomasnow\n|\n|-weather|Snowscape|[upkeep]\n|upkeep\n|inactive|Benbougami has 120 seconds left.\n|\n|t:|1781379802\n|switch|p1a: Gumshoos|Gumshoos, L95, M|281/321\n|-damage|p1a: Gumshoos|241/321|[from] Stealth Rock\n|turn|17\n|inactive|Benbougami has 120 seconds left.\n|\n|t:|1781379807\n|move|p2a: Sinistcha|Strength Sap|p1a: Gumshoos\n|-unboost|p1a: Gumshoos|atk|1\n|move|p1a: Gumshoos|Earthquake|p2a: Sinistcha\n|-supereffective|p2a: Sinistcha\n|-damage|p2a: Sinistcha|88/254\n|\n|-weather|Snowscape|[upkeep]\n|-heal|p2a: Sinistcha|103/254|[from] item: Leftovers\n|upkeep\n|turn|18\n|\n|t:|1781379816\n|switch|p1a: Volbeat|Volbeat, L90, M|263/263\n|move|p2a: Sinistcha|Strength Sap|p1a: Volbeat\n|-unboost|p1a: Volbeat|atk|1\n|-heal|p2a: Sinistcha|254/254\n|\n|-weather|none\n|upkeep\n|turn|19\n|\n|t:|1781379825\n|switch|p2a: Iron Treads|Iron Treads, L77|249/265 brn\n|move|p1a: Volbeat|Encore||[still]\n|-fail|p1a: Volbeat\n|\n|-heal|p2a: Iron Treads|265/265 brn|[from] item: Leftovers\n|-damage|p2a: Iron Treads|249/265 brn|[from] brn\n|upkeep\n|turn|20\n|\n|t:|1781379837\n|move|p2a: Iron Treads|Iron Head|p1a: Volbeat\n|-damage|p1a: Volbeat|242/263\n|move|p1a: Volbeat|Lunge|p2a: Iron Treads\n|-resisted|p2a: Iron Treads\n|-damage|p2a: Iron Treads|225/265 brn\n|-unboost|p2a: Iron Treads|atk|1\n|\n|-heal|p2a: Iron Treads|241/265 brn|[from] item: Leftovers\n|-damage|p2a: Iron Treads|225/265 brn|[from] brn\n|upkeep\n|turn|21\n|\n|t:|1781379843\n|move|p2a: Iron Treads|Rapid Spin|p1a: Volbeat\n|-damage|p1a: Volbeat|236/263\n|-boost|p2a: Iron Treads|spe|1\n|move|p1a: Volbeat|Lunge|p2a: Iron Treads\n|-resisted|p2a: Iron Treads\n|-damage|p2a: Iron Treads|204/265 brn\n|-unboost|p2a: Iron Treads|atk|1\n|\n|-heal|p2a: Iron Treads|220/265 brn|[from] item: Leftovers\n|-damage|p2a: Iron Treads|204/265 brn|[from] brn\n|upkeep\n|turn|22\n|\n|t:|1781379862\n|move|p2a: Iron Treads|Rapid Spin|p1a: Volbeat\n|-damage|p1a: Volbeat|232/263\n|-boost|p2a: Iron Treads|spe|1\n|move|p1a: Volbeat|Lunge|p2a: Iron Treads\n|-resisted|p2a: Iron Treads\n|-damage|p2a: Iron Treads|183/265 brn\n|-unboost|p2a: Iron Treads|atk|1\n|\n|-heal|p2a: Iron Treads|199/265 brn|[from] item: Leftovers\n|-damage|p2a: Iron Treads|183/265 brn|[from] brn\n|-sideend|p1: Benbougami|move: Aurora Veil\n|upkeep\n|turn|23\n|\n|t:|1781379873\n|-end|p2a: Iron Treads|Quark Drive|[silent]\n|switch|p2a: Sinistcha|Sinistcha, L83, tera:Steel|254/254\n|move|p1a: Volbeat|Lunge|p2a: Sinistcha\n|-resisted|p2a: Sinistcha\n|-damage|p2a: Sinistcha|230/254\n|-unboost|p2a: Sinistcha|atk|1\n|\n|-heal|p2a: Sinistcha|245/254|[from] item: Leftovers\n|upkeep\n|turn|24\n|\n|t:|1781379882\n|move|p1a: Volbeat|Thunder Wave|p2a: Sinistcha\n|-status|p2a: Sinistcha|par\n|move|p2a: Sinistcha|Shadow Ball|p1a: Volbeat\n|-damage|p1a: Volbeat|133/263\n|\n|-heal|p2a: Sinistcha|254/254 par|[from] item: Leftovers\n|upkeep\n|turn|25\n|\n|t:|1781379890\n|move|p1a: Volbeat|Roost|p1a: Volbeat\n|-heal|p1a: Volbeat|263/263\n|-singleturn|p1a: Volbeat|move: Roost\n|move|p2a: Sinistcha|Shadow Ball|p1a: Volbeat\n|-damage|p1a: Volbeat|173/263\n|\n|upkeep\n|turn|26\n|\n|t:|1781379907\n|move|p1a: Volbeat|Encore|p2a: Sinistcha\n|-start|p2a: Sinistcha|Encore\n|move|p2a: Sinistcha|Shadow Ball|p1a: Volbeat\n|-crit|p1a: Volbeat\n|-damage|p1a: Volbeat|34/263\n|\n|upkeep\n|turn|27\n|\n|t:|1781379915\n|switch|p2a: Dunsparce|Dunsparce, L86, M|312/312\n|move|p1a: Volbeat|Roost|p1a: Volbeat\n|-heal|p1a: Volbeat|166/263\n|-singleturn|p1a: Volbeat|move: Roost\n|\n|upkeep\n|turn|28\n|\n|t:|1781379925\n|switch|p1a: Rotom|Rotom, L88|81/231\n|-damage|p1a: Rotom|53/231|[from] Stealth Rock\n|switch|p2a: Iron Treads|Iron Treads, L77|183/265 brn\n|\n|-heal|p2a: Iron Treads|199/265 brn|[from] item: Leftovers\n|-damage|p2a: Iron Treads|183/265 brn|[from] brn\n|upkeep\n|turn|29\n|\n|t:|1781379938\n|move|p1a: Rotom|Shadow Ball|p2a: Iron Treads\n|-damage|p2a: Iron Treads|23/265 brn\n|-unboost|p2a: Iron Treads|spd|1\n|-damage|p1a: Rotom|30/231|[from] item: Life Orb\n|move|p2a: Iron Treads|Iron Head|p1a: Rotom\n|-resisted|p1a: Rotom\n|-damage|p1a: Rotom|8/231\n|\n|-heal|p2a: Iron Treads|39/265 brn|[from] item: Leftovers\n|-damage|p2a: Iron Treads|23/265 brn|[from] brn\n|upkeep\n|turn|30\n|\n|t:|1781379951\n|move|p1a: Rotom|Shadow Ball|p2a: Iron Treads\n|-damage|p2a: Iron Treads|0 fnt\n|faint|p2a: Iron Treads\n|-end|p2a: Iron Treads|Quark Drive|[silent]\n|-damage|p1a: Rotom|0 fnt|[from] item: Life Orb\n|faint|p1a: Rotom\n|\n|upkeep\n|\n|t:|1781379960\n|switch|p1a: Pincurchin|Pincurchin, F|253/258\n|switch|p2a: Dunsparce|Dunsparce, L86, M|312/312\n|-damage|p1a: Pincurchin|221/258|[from] Stealth Rock\n|-fieldstart|move: Electric Terrain|[from] ability: Electric Surge|[of] p1a: Pincurchin\n|turn|31\n|\n|t:|1781379969\n|move|p2a: Dunsparce|Coil|p2a: Dunsparce\n|-boost|p2a: Dunsparce|atk|1\n|-boost|p2a: Dunsparce|def|1\n|-boost|p2a: Dunsparce|accuracy|1\n|move|p1a: Pincurchin|Zing Zap|p2a: Dunsparce\n|-damage|p2a: Dunsparce|228/312\n|\n|-heal|p1a: Pincurchin|237/258|[from] item: Leftovers\n|upkeep\n|turn|32\n|\n|t:|1781379980\n|move|p2a: Dunsparce|Coil|p2a: Dunsparce\n|-boost|p2a: Dunsparce|atk|1\n|-boost|p2a: Dunsparce|def|1\n|-boost|p2a: Dunsparce|accuracy|1\n|move|p1a: Pincurchin|Curse|p1a: Pincurchin\n|-unboost|p1a: Pincurchin|spe|1\n|-boost|p1a: Pincurchin|atk|1\n|-boost|p1a: Pincurchin|def|1\n|\n|-heal|p1a: Pincurchin|253/258|[from] item: Leftovers\n|upkeep\n|turn|33\n|\n|t:|1781379987\n|move|p2a: Dunsparce|Body Slam|p1a: Pincurchin\n|-damage|p1a: Pincurchin|169/258\n|move|p1a: Pincurchin|Curse|p1a: Pincurchin\n|-unboost|p1a: Pincurchin|spe|1\n|-boost|p1a: Pincurchin|atk|1\n|-boost|p1a: Pincurchin|def|1\n|\n|-heal|p1a: Pincurchin|185/258|[from] item: Leftovers\n|upkeep\n|turn|34\n|\n|t:|1781379991\n|move|p2a: Dunsparce|Body Slam|p1a: Pincurchin\n|-crit|p1a: Pincurchin\n|-damage|p1a: Pincurchin|14/258\n|move|p1a: Pincurchin|Curse|p1a: Pincurchin\n|-unboost|p1a: Pincurchin|spe|1\n|-boost|p1a: Pincurchin|atk|1\n|-boost|p1a: Pincurchin|def|1\n|\n|-heal|p1a: Pincurchin|30/258|[from] item: Leftovers\n|upkeep\n|turn|35\n|\n|t:|1781379997\n|move|p2a: Dunsparce|Body Slam|p1a: Pincurchin\n|-crit|p1a: Pincurchin\n|-damage|p1a: Pincurchin|0 fnt\n|faint|p1a: Pincurchin\n|\n|-fieldend|move: Electric Terrain\n|upkeep\n|\n|t:|1781380000\n|switch|p1a: Tornadus|Tornadus, L82, M|264/264\n|turn|36\n|\n|t:|1781380007\n|move|p1a: Tornadus|Focus Blast|p2a: Dunsparce\n|-supereffective|p2a: Dunsparce\n|-damage|p2a: Dunsparce|64/312\n|move|p2a: Dunsparce|Body Slam|p1a: Tornadus\n|-damage|p1a: Tornadus|98/264\n|\n|upkeep\n|turn|37\n|\n|t:|1781380021\n|move|p1a: Tornadus|Bleakwind Storm|p2a: Dunsparce\n|-damage|p2a: Dunsparce|0 fnt\n|faint|p2a: Dunsparce\n|\n|upkeep\n|\n|t:|1781380032\n|switch|p2a: Tauros|Tauros-Paldea-Aqua, L81, M|254/254\n|-ability|p2a: Tauros|Intimidate|boost\n|-unboost|p1a: Tornadus|atk|1\n|turn|38\n|\n|t:|1781380038\n|move|p2a: Tauros|Aqua Jet|p1a: Tornadus\n|-damage|p1a: Tornadus|13/264\n|move|p1a: Tornadus|Bleakwind Storm|p2a: Tauros\n|-supereffective|p2a: Tauros\n|-damage|p2a: Tauros|0 fnt\n|faint|p2a: Tauros\n|\n|upkeep\n|\n|t:|1781380044\n|switch|p2a: Sinistcha|Sinistcha, L83, tera:Steel|254/254 par\n|turn|39\n|\n|t:|1781380052\n|switch|p1a: Volbeat|Volbeat, L90, M|166/263\n|move|p2a: Sinistcha|Shadow Ball|p1a: Volbeat\n|-damage|p1a: Volbeat|66/263\n|-unboost|p1a: Volbeat|spd|1\n|\n|upkeep\n|turn|40\n|\n|t:|1781380060\n|move|p1a: Volbeat|Encore|p2a: Sinistcha\n|-start|p2a: Sinistcha|Encore\n|move|p2a: Sinistcha|Shadow Ball|p1a: Volbeat\n|-damage|p1a: Volbeat|0 fnt\n|faint|p1a: Volbeat\n|\n|upkeep\n|\n|t:|1781380065\n|switch|p1a: Gumshoos|Gumshoos, L95, M|241/321\n|-damage|p1a: Gumshoos|201/321|[from] Stealth Rock\n|turn|41\n|\n|t:|1781380069\n|move|p1a: Gumshoos|Earthquake|p2a: Sinistcha\n|-supereffective|p2a: Sinistcha\n|-damage|p2a: Sinistcha|0 fnt\n|faint|p2a: Sinistcha\n|\n|win|Benbougami\n|raw|Benbougami's rating: 1496 &rarr; <strong>1518</strong><br />(+22 for winning)\n|raw|femhur's rating: 1534 &rarr; <strong>1512</strong><br />(-22 for losing)\n|l|\u2606femhur\n|player|p2|\n", "uploadtime": 1781380075, "views": 5, "formatid": "gen9randombattle", "rating": 1512, "private": 0, "password": null}