{"id": "gen9randombattle-2631464420", "format": "[Gen 9] Random Battle", "players": ["WeldZmen", "kuhgjkxfg"], "log": "|j|\u2606WeldZmen\n|j|\u2606kuhgjkxfg\n|t:|1781387941\n|gametype|singles\n|player|p1|WeldZmen|170|1060\n|player|p2|kuhgjkxfg|266|1076\n|gen|9\n|tier|[Gen 9] Random Battle\n|rated|\n|rule|Species Clause: Limit one of each Pok\u00e9mon\n|rule|HP Percentage Mod: HP is shown in percentages\n|rule|Sleep Clause Mod: Limit one foe put to sleep\n|rule|Illusion Level Mod: Illusion disguises the Pok\u00e9mon's true level\n|\n|t:|1781387941\n|teamsize|p1|6\n|teamsize|p2|6\n|start\n|switch|p1a: Mesprit|Mesprit, L85|275/275\n|switch|p2a: Deoxys|Deoxys-Attack, L72|191/191\n|-ability|p2a: Deoxys|Pressure\n|turn|1\n|inactive|Battle timer is ON: inactive players will automatically lose when time's up. (requested by WeldZmen)\n|\n|t:|1781387954\n|-terastallize|p2a: Deoxys|Normal\n|move|p2a: Deoxys|Knock Off|p1a: Mesprit\n|-supereffective|p1a: Mesprit\n|-damage|p1a: Mesprit|80/275\n|-enditem|p1a: Mesprit|Assault Vest|[from] move: Knock Off|[of] p2a: Deoxys\n|-damage|p2a: Deoxys|172/191|[from] item: Life Orb\n|move|p1a: Mesprit|Knock Off|p2a: Deoxys\n|-damage|p2a: Deoxys|0 fnt\n|-enditem|p2a: Deoxys|Life Orb|[from] move: Knock Off|[of] p1a: Mesprit\n|faint|p2a: Deoxys\n|\n|upkeep\n|\n|t:|1781387965\n|switch|p2a: Arceus|Arceus, L68|276/276\n|turn|2\n|\n|t:|1781387972\n|move|p2a: Arceus|Swords Dance|p2a: Arceus\n|-boost|p2a: Arceus|atk|2\n|move|p1a: Mesprit|Drain Punch|p2a: Arceus\n|-supereffective|p2a: Arceus\n|-damage|p2a: Arceus|162/276\n|-heal|p1a: Mesprit|137/275|[from] drain|[of] p2a: Arceus\n|\n|-heal|p2a: Arceus|179/276|[from] item: Leftovers\n|upkeep\n|turn|3\n|\n|t:|1781387981\n|switch|p1a: Arcanine|Arcanine-Hisui, L79, F|280/280\n|move|p2a: Arceus|Shadow Claw|p1a: Arcanine\n|-damage|p1a: Arcanine|184/280\n|\n|-heal|p2a: Arceus|196/276|[from] item: Leftovers\n|upkeep\n|turn|4\n|\n|t:|1781387994\n|switch|p1a: Masquerain|Masquerain, L87, M|264/264\n|-ability|p1a: Masquerain|Intimidate|boost\n|-unboost|p2a: Arceus|atk|1\n|move|p2a: Arceus|Shadow Claw|p1a: Masquerain\n|-damage|p1a: Masquerain|185/264\n|\n|-heal|p2a: Arceus|213/276|[from] item: Leftovers\n|upkeep\n|turn|5\n|\n|t:|1781388002\n|move|p2a: Arceus|Swords Dance|p2a: Arceus\n|-boost|p2a: Arceus|atk|2\n|move|p1a: Masquerain|Stun Spore|p2a: Arceus\n|-status|p2a: Arceus|par\n|\n|-heal|p2a: Arceus|230/276 par|[from] item: Leftovers\n|upkeep\n|turn|6\n|\n|t:|1781388009\n|move|p1a: Masquerain|Sticky Web|p2a: Arceus\n|-sidestart|p2: kuhgjkxfg|move: Sticky Web\n|move|p2a: Arceus|Swords Dance|p2a: Arceus\n|-boost|p2a: Arceus|atk|2\n|\n|-heal|p2a: Arceus|247/276 par|[from] item: Leftovers\n|upkeep\n|turn|7\n|\n|t:|1781388022\n|move|p1a: Masquerain|Hurricane|p2a: Arceus|[miss]\n|-miss|p1a: Masquerain|p2a: Arceus\n|move|p2a: Arceus|Swords Dance|p2a: Arceus\n|-boost|p2a: Arceus|atk|1\n|\n|-heal|p2a: Arceus|264/276 par|[from] item: Leftovers\n|upkeep\n|turn|8\n|\n|t:|1781388031\n|switch|p1a: Mesprit|Mesprit, L85|137/275\n|move|p2a: Arceus|Extreme Speed|p1a: Mesprit\n|-damage|p1a: Mesprit|0 fnt\n|faint|p1a: Mesprit\n|\n|-heal|p2a: Arceus|276/276 par|[from] item: Leftovers\n|upkeep\n|\n|t:|1781388034\n|switch|p1a: Pikachu|Pikachu-Partner, L93, M|216/216\n|turn|9\n|\n|t:|1781388040\n|move|p1a: Pikachu|Fake Out|p2a: Arceus\n|-damage|p2a: Arceus|234/276 par\n|cant|p2a: Arceus|flinch\n|\n|-heal|p2a: Arceus|251/276 par|[from] item: Leftovers\n|upkeep\n|turn|10\n|\n|t:|1781388046\n|switch|p1a: Masquerain|Masquerain, L87, M|185/264\n|-ability|p1a: Masquerain|Intimidate|boost\n|-unboost|p2a: Arceus|atk|1\n|cant|p2a: Arceus|par\n|\n|-heal|p2a: Arceus|268/276 par|[from] item: Leftovers\n|upkeep\n|turn|11\n|\n|t:|1781388053\n|move|p2a: Arceus|Extreme Speed|p1a: Masquerain\n|-damage|p1a: Masquerain|0 fnt\n|faint|p1a: Masquerain\n|\n|-heal|p2a: Arceus|276/276 par|[from] item: Leftovers\n|upkeep\n|\n|t:|1781388056\n|switch|p1a: Arcanine|Arcanine-Hisui, L79, F|184/280\n|turn|12\n|\n|t:|1781388062\n|move|p2a: Arceus|Extreme Speed|p1a: Arcanine\n|-resisted|p1a: Arcanine\n|-damage|p1a: Arcanine|61/280\n|move|p1a: Arcanine|Morning Sun|p1a: Arcanine\n|-heal|p1a: Arcanine|201/280\n|\n|upkeep\n|turn|13\n|\n|t:|1781388069\n|move|p1a: Arcanine|Head Smash|p2a: Arceus\n|-damage|p2a: Arceus|119/276 par\n|move|p2a: Arceus|Swords Dance|p2a: Arceus\n|-boost|p2a: Arceus|atk|1\n|\n|-heal|p2a: Arceus|136/276 par|[from] item: Leftovers\n|upkeep\n|turn|14\n|\n|t:|1781388082\n|cant|p2a: Arceus|par\n|move|p1a: Arcanine|Head Smash|p2a: Arceus\n|-damage|p2a: Arceus|0 fnt\n|faint|p2a: Arceus\n|\n|upkeep\n|\n|t:|1781388094\n|switch|p2a: Emboar|Emboar, L84, F|322/322\n|-activate|p2a: Emboar|move: Sticky Web\n|-unboost|p2a: Emboar|spe|1\n|turn|15\n|\n|t:|1781388101\n|move|p1a: Arcanine|Head Smash|p2a: Emboar\n|-damage|p2a: Emboar|132/322\n|move|p2a: Emboar|Drain Punch|p1a: Arcanine\n|-supereffective|p1a: Arcanine\n|-damage|p1a: Arcanine|1/280\n|-heal|p2a: Emboar|232/322|[from] drain|[of] p1a: Arcanine\n|\n|-heal|p2a: Emboar|252/322|[from] item: Leftovers\n|upkeep\n|turn|16\n|\n|t:|1781388114\n|move|p1a: Arcanine|Head Smash|p2a: Emboar\n|-damage|p2a: Emboar|63/322\n|move|p2a: Emboar|Trailblaze|p1a: Arcanine\n|-damage|p1a: Arcanine|0 fnt\n|-boost|p2a: Emboar|spe|1\n|faint|p1a: Arcanine\n|\n|-heal|p2a: Emboar|83/322|[from] item: Leftovers\n|upkeep\n|\n|t:|1781388119\n|switch|p1a: Pikachu|Pikachu-Partner, L93, M|216/216\n|turn|17\n|\n|t:|1781388129\n|switch|p2a: Hydrapple|Hydrapple, L83, M|312/312\n|-activate|p2a: Hydrapple|move: Sticky Web\n|-unboost|p2a: Hydrapple|spe|1\n|move|p1a: Pikachu|Surf|p2a: Hydrapple\n|-resisted|p2a: Hydrapple\n|-damage|p2a: Hydrapple|287/312\n|\n|-heal|p2a: Hydrapple|306/312|[from] item: Leftovers\n|upkeep\n|turn|18\n|\n|t:|1781388142\n|switch|p1a: Meganium|Meganium, L90, M|290/290\n|move|p2a: Hydrapple|Nasty Plot|p2a: Hydrapple\n|-boost|p2a: Hydrapple|spa|2\n|\n|-heal|p2a: Hydrapple|312/312|[from] item: Leftovers\n|upkeep\n|turn|19\n|\n|t:|1781388153\n|move|p1a: Meganium|Swords Dance|p1a: Meganium\n|-boost|p1a: Meganium|atk|2\n|move|p2a: Hydrapple|Nasty Plot|p2a: Hydrapple\n|-boost|p2a: Hydrapple|spa|2\n|\n|upkeep\n|turn|20\n|\n|t:|1781388158\n|move|p1a: Meganium|Knock Off|p2a: Hydrapple\n|-damage|p2a: Hydrapple|199/312\n|-enditem|p2a: Hydrapple|Leftovers|[from] move: Knock Off|[of] p1a: Meganium\n|move|p2a: Hydrapple|Nasty Plot|p2a: Hydrapple\n|-boost|p2a: Hydrapple|spa|2\n|\n|upkeep\n|turn|21\n|\n|t:|1781388165\n|move|p1a: Meganium|Knock Off|p2a: Hydrapple\n|-damage|p2a: Hydrapple|121/312\n|move|p2a: Hydrapple|Fickle Beam|p1a: Meganium\n|-damage|p1a: Meganium|0 fnt\n|faint|p1a: Meganium\n|\n|upkeep\n|\n|t:|1781388171\n|switch|p1a: Pikachu|Pikachu-Partner, L93, M|216/216\n|turn|22\n|\n|t:|1781388174\n|move|p1a: Pikachu|Fake Out|p2a: Hydrapple\n|-damage|p2a: Hydrapple|79/312\n|cant|p2a: Hydrapple|flinch\n|\n|upkeep\n|turn|23\n|\n|t:|1781388178\n|move|p1a: Pikachu|Play Rough|p2a: Hydrapple\n|-supereffective|p2a: Hydrapple\n|-damage|p2a: Hydrapple|0 fnt\n|faint|p2a: Hydrapple\n|\n|upkeep\n|\n|t:|1781388185\n|switch|p2a: Raichu|Raichu-Alola, L87, M|246/246\n|-activate|p2a: Raichu|move: Sticky Web\n|-unboost|p2a: Raichu|spe|1\n|turn|24\n|\n|t:|1781388191\n|move|p1a: Pikachu|Surf|p2a: Raichu\n|-damage|p2a: Raichu|154/246\n|move|p2a: Raichu|Alluring Voice|p1a: Pikachu\n|-damage|p1a: Pikachu|104/216\n|-damage|p2a: Raichu|130/246|[from] item: Life Orb\n|\n|upkeep\n|turn|25\n|\n|t:|1781388200\n|move|p1a: Pikachu|Volt Tackle|p2a: Raichu\n|-resisted|p2a: Raichu\n|-damage|p2a: Raichu|0 fnt\n|faint|p2a: Raichu\n|-damage|p1a: Pikachu|61/216|[from] Recoil\n|\n|upkeep\n|\n|t:|1781388205\n|switch|p2a: Emboar|Emboar, L84, F|83/322\n|-activate|p2a: Emboar|move: Sticky Web\n|-unboost|p2a: Emboar|spe|1\n|turn|26\n|\n|t:|1781388211\n|move|p1a: Pikachu|Surf|p2a: Emboar\n|-supereffective|p2a: Emboar\n|-damage|p2a: Emboar|0 fnt\n|faint|p2a: Emboar\n|\n|upkeep\n|\n|t:|1781388215\n|switch|p2a: Corviknight|Corviknight, L80, F|288/288\n|turn|27\n|\n|t:|1781388221\n|move|p1a: Pikachu|Volt Tackle|p2a: Corviknight\n|-supereffective|p2a: Corviknight\n|-damage|p2a: Corviknight|0 fnt\n|faint|p2a: Corviknight\n|-damage|p1a: Pikachu|0 fnt|[from] Recoil\n|faint|p1a: Pikachu\n|\n|win|WeldZmen\n|raw|WeldZmen's rating: 1060 &rarr; <strong>1092</strong><br />(+32 for winning)\n|raw|kuhgjkxfg's rating: 1076 &rarr; <strong>1054</strong><br />(-22 for losing)\n", "uploadtime": 1781388227, "views": 6, "formatid": "gen9randombattle", "rating": 1054, "private": 0, "password": null}