{"id": "gen9randombattle-2631479908", "format": "[Gen 9] Random Battle", "players": ["623623p", "jazenq"], "log": "|j|\u2606623623p\n|j|\u2606jazenq\n|t:|1781390166\n|gametype|singles\n|player|p1|623623p|iris|2018\n|player|p2|jazenq|1|2073\n|gen|9\n|tier|[Gen 9] Random Battle\n|rated|\n|rule|Species Clause: Limit one of each Pok\u00e9mon\n|rule|HP Percentage Mod: HP is shown in percentages\n|rule|Sleep Clause Mod: Limit one foe put to sleep\n|rule|Illusion Level Mod: Illusion disguises the Pok\u00e9mon's true level\n|\n|t:|1781390166\n|teamsize|p1|6\n|teamsize|p2|6\n|start\n|switch|p1a: Pecharunt|Pecharunt, L77|219/219\n|switch|p2a: Gallade|Gallade, L80, M|240/240\n|turn|1\n|inactive|Battle timer is ON: inactive players will automatically lose when time's up. (requested by jazenq)\n|\n|t:|1781390194\n|move|p1a: Pecharunt|Bitter Malice|p2a: Gallade\n|-supereffective|p2a: Gallade\n|-damage|p2a: Gallade|50/240\n|-unboost|p2a: Gallade|atk|1\n|-damage|p1a: Pecharunt|198/219|[from] item: Life Orb\n|move|p2a: Gallade|Psycho Cut|p1a: Pecharunt\n|-damage|p1a: Pecharunt|33/219\n|replace|p1a: Zoroark|Zoroark-Hisui, L80, M\n|-end|p1a: Zoroark|Illusion\n|-hint|Illusion Level Mod is active, so this Pok\u00e9mon's true level was hidden.\n|\n|upkeep\n|turn|2\n|\n|t:|1781390216\n|switch|p2a: Blissey|Blissey, L85, F|572/572\n|move|p1a: Zoroark|Bitter Malice|p2a: Blissey\n|-immune|p2a: Blissey\n|\n|upkeep\n|turn|3\n|\n|t:|1781390222\n|switch|p1a: Magmortar|Magmortar, L88, F|275/275\n|move|p2a: Blissey|Stealth Rock|p1a: Magmortar\n|-sidestart|p1: 623623p|move: Stealth Rock\n|\n|upkeep\n|turn|4\n|\n|t:|1781390227\n|move|p1a: Magmortar|Knock Off|p2a: Blissey\n|-damage|p2a: Blissey|356/572\n|-enditem|p2a: Blissey|Leftovers|[from] move: Knock Off|[of] p1a: Magmortar\n|move|p2a: Blissey|Thunder Wave|p1a: Magmortar\n|-status|p1a: Magmortar|par\n|\n|upkeep\n|turn|5\n|\n|t:|1781390250\n|move|p2a: Blissey|Soft-Boiled|p2a: Blissey\n|-heal|p2a: Blissey|572/572\n|move|p1a: Magmortar|Knock Off|p2a: Blissey\n|-damage|p2a: Blissey|435/572\n|\n|upkeep\n|turn|6\n|\n|t:|1781390258\n|move|p2a: Blissey|Thunder Wave|p1a: Magmortar\n|-fail|p1a: Magmortar|par\n|move|p1a: Magmortar|Fire Blast|p2a: Blissey\n|-damage|p2a: Blissey|315/572\n|\n|upkeep\n|turn|7\n|\n|t:|1781390263\n|move|p2a: Blissey|Soft-Boiled|p2a: Blissey\n|-heal|p2a: Blissey|572/572\n|move|p1a: Magmortar|Knock Off|p2a: Blissey\n|-damage|p2a: Blissey|417/572\n|\n|upkeep\n|turn|8\n|\n|t:|1781390265\n|move|p2a: Blissey|Seismic Toss|p1a: Magmortar\n|-damage|p1a: Magmortar|190/275 par\n|move|p1a: Magmortar|Knock Off|p2a: Blissey\n|-damage|p2a: Blissey|259/572\n|\n|upkeep\n|turn|9\n|\n|t:|1781390269\n|move|p2a: Blissey|Soft-Boiled|p2a: Blissey\n|-heal|p2a: Blissey|545/572\n|move|p1a: Magmortar|Knock Off|p2a: Blissey\n|-damage|p2a: Blissey|395/572\n|\n|upkeep\n|turn|10\n|\n|t:|1781390270\n|move|p2a: Blissey|Seismic Toss|p1a: Magmortar\n|-damage|p1a: Magmortar|105/275 par\n|move|p1a: Magmortar|Knock Off|p2a: Blissey\n|-damage|p2a: Blissey|235/572\n|\n|upkeep\n|turn|11\n|\n|t:|1781390273\n|move|p2a: Blissey|Soft-Boiled|p2a: Blissey\n|-heal|p2a: Blissey|521/572\n|move|p1a: Magmortar|Knock Off|p2a: Blissey\n|-damage|p2a: Blissey|363/572\n|\n|upkeep\n|turn|12\n|\n|t:|1781390275\n|move|p2a: Blissey|Seismic Toss|p1a: Magmortar\n|-damage|p1a: Magmortar|20/275 par\n|-status|p2a: Blissey|brn|[from] ability: Flame Body|[of] p1a: Magmortar\n|move|p1a: Magmortar|Knock Off|p2a: Blissey\n|-damage|p2a: Blissey|207/572 brn\n|\n|-damage|p2a: Blissey|172/572 brn|[from] brn\n|upkeep\n|turn|13\n|\n|t:|1781390287\n|move|p2a: Blissey|Soft-Boiled|p2a: Blissey\n|-heal|p2a: Blissey|458/572 brn\n|move|p1a: Magmortar|Knock Off|p2a: Blissey\n|-damage|p2a: Blissey|310/572 brn\n|\n|-damage|p2a: Blissey|275/572 brn|[from] brn\n|upkeep\n|turn|14\n|\n|t:|1781390293\n|move|p2a: Blissey|Soft-Boiled|p2a: Blissey\n|-heal|p2a: Blissey|561/572 brn\n|move|p1a: Magmortar|Knock Off|p2a: Blissey\n|-damage|p2a: Blissey|417/572 brn\n|\n|-damage|p2a: Blissey|382/572 brn|[from] brn\n|upkeep\n|turn|15\n|\n|t:|1781390297\n|move|p2a: Blissey|Soft-Boiled|p2a: Blissey\n|-heal|p2a: Blissey|572/572 brn\n|move|p1a: Magmortar|Knock Off|p2a: Blissey\n|-damage|p2a: Blissey|433/572 brn\n|\n|-damage|p2a: Blissey|398/572 brn|[from] brn\n|upkeep\n|turn|16\n|\n|t:|1781390301\n|move|p2a: Blissey|Seismic Toss|p1a: Magmortar\n|-damage|p1a: Magmortar|0 fnt\n|faint|p1a: Magmortar\n|\n|-damage|p2a: Blissey|363/572 brn|[from] brn\n|upkeep\n|\n|t:|1781390324\n|switch|p1a: Pecharunt|Pecharunt, L77|262/262\n|-damage|p1a: Pecharunt|230/262|[from] Stealth Rock\n|turn|17\n|\n|t:|1781390332\n|move|p1a: Pecharunt|Nasty Plot|p1a: Pecharunt\n|-boost|p1a: Pecharunt|spa|2\n|move|p2a: Blissey|Thunder Wave|p1a: Pecharunt\n|-status|p1a: Pecharunt|par\n|\n|-heal|p1a: Pecharunt|246/262 par|[from] item: Leftovers\n|-damage|p2a: Blissey|328/572 brn|[from] brn\n|upkeep\n|turn|18\n|\n|t:|1781390346\n|-curestatus|p2a: Blissey|brn|[from] ability: Natural Cure|[silent]\n|switch|p2a: Vespiquen|Vespiquen, L99, F|299/299\n|-ability|p2a: Vespiquen|Pressure\n|move|p1a: Pecharunt|Shadow Ball|p2a: Vespiquen\n|-damage|p2a: Vespiquen|194/299\n|\n|-heal|p1a: Pecharunt|262/262 par|[from] item: Leftovers\n|upkeep\n|turn|19\n|\n|t:|1781390351\n|move|p2a: Vespiquen|Spikes|p1a: Pecharunt\n|-sidestart|p1: 623623p|Spikes\n|move|p1a: Pecharunt|Malignant Chain|p2a: Vespiquen\n|-damage|p2a: Vespiquen|74/299\n|\n|upkeep\n|turn|20\n|\n|t:|1781390366\n|move|p2a: Vespiquen|Roost|p2a: Vespiquen\n|-heal|p2a: Vespiquen|224/299\n|-singleturn|p2a: Vespiquen|move: Roost\n|cant|p1a: Pecharunt|par\n|\n|upkeep\n|turn|21\n|\n|t:|1781390369\n|move|p2a: Vespiquen|Spikes|p1a: Pecharunt\n|-sidestart|p1: 623623p|Spikes\n|move|p1a: Pecharunt|Malignant Chain|p2a: Vespiquen\n|-damage|p2a: Vespiquen|92/299\n|-status|p2a: Vespiquen|tox\n|-start|p2a: Vespiquen|confusion|[from] ability: Poison Puppeteer|[of] p1a: Pecharunt\n|\n|-damage|p2a: Vespiquen|74/299 tox|[from] psn\n|upkeep\n|turn|22\n|\n|t:|1781390375\n|-activate|p2a: Vespiquen|confusion\n|-damage|p2a: Vespiquen|55/299 tox|[from] confusion\n|cant|p1a: Pecharunt|par\n|\n|-damage|p2a: Vespiquen|19/299 tox|[from] psn\n|upkeep\n|turn|23\n|\n|t:|1781390380\n|switch|p1a: Cryogonal|Cryogonal, L89|287/287\n|-end|p2a: Vespiquen|confusion\n|move|p2a: Vespiquen|Air Slash|p1a: Cryogonal\n|-damage|p1a: Cryogonal|226/287\n|\n|-damage|p2a: Vespiquen|0 fnt|[from] psn\n|faint|p2a: Vespiquen\n|upkeep\n|\n|t:|1781390402\n|switch|p2a: Sableye|Sableye, L88, F|231/231\n|turn|24\n|\n|t:|1781390431\n|switch|p1a: Pecharunt|Pecharunt, L77|262/262 par\n|-damage|p1a: Pecharunt|230/262 par|[from] Stealth Rock\n|-damage|p1a: Pecharunt|187/262 par|[from] Spikes\n|move|p2a: Sableye|Knock Off|p1a: Pecharunt\n|-supereffective|p1a: Pecharunt\n|-damage|p1a: Pecharunt|61/262 par\n|-enditem|p1a: Pecharunt|Leftovers|[from] move: Knock Off|[of] p2a: Sableye\n|\n|upkeep\n|turn|25\n|\n|t:|1781390442\n|move|p2a: Sableye|Knock Off|p1a: Pecharunt\n|-supereffective|p1a: Pecharunt\n|-crit|p1a: Pecharunt\n|-damage|p1a: Pecharunt|0 fnt\n|faint|p1a: Pecharunt\n|\n|upkeep\n|\n|t:|1781390444\n|switch|p1a: Yanmega|Yanmega, L82, F|275/275\n|-damage|p1a: Yanmega|138/275|[from] Stealth Rock\n|turn|26\n|inactive|jazenq has 120 seconds left.\n|\n|t:|1781390482\n|switch|p2a: Blissey|Blissey, L85, F|328/572\n|-terastallize|p1a: Yanmega|Bug\n|move|p1a: Yanmega|Bug Buzz|p2a: Blissey\n|-crit|p2a: Blissey\n|-damage|p2a: Blissey|110/572\n|\n|upkeep\n|turn|27\n|inactive|jazenq has 120 seconds left.\n|\n|t:|1781390491\n|move|p1a: Yanmega|Bug Buzz|p2a: Blissey\n|-damage|p2a: Blissey|0 fnt\n|faint|p2a: Blissey\n|\n|upkeep\n|inactive|jazenq has 120 seconds left.\n|\n|t:|1781390499\n|switch|p2a: Muk|Muk, L86, M|321/321\n|turn|28\n|\n|t:|1781390508\n|move|p1a: Yanmega|Bug Buzz|p2a: Muk\n|-resisted|p2a: Muk\n|-damage|p2a: Muk|131/321\n|move|p2a: Muk|Poison Jab|p1a: Yanmega\n|-damage|p1a: Yanmega|42/275\n|\n|-heal|p2a: Muk|151/321|[from] item: Leftovers\n|upkeep\n|turn|29\n|\n|t:|1781390519\n|move|p2a: Muk|Shadow Sneak|p1a: Yanmega\n|-damage|p1a: Yanmega|5/275\n|-status|p1a: Yanmega|psn|[from] ability: Poison Touch|[of] p2a: Muk\n|move|p1a: Yanmega|Bug Buzz|p2a: Muk\n|-resisted|p2a: Muk\n|-damage|p2a: Muk|0 fnt\n|faint|p2a: Muk\n|\n|-damage|p1a: Yanmega|0 fnt|[from] psn\n|faint|p1a: Yanmega\n|upkeep\n|\n|t:|1781390527\n|switch|p1a: Cryogonal|Cryogonal, L89|226/287\n|switch|p2a: Sableye|Sableye, L88, F|231/231\n|turn|30\n|\n|t:|1781390534\n|move|p1a: Cryogonal|Freeze-Dry|p2a: Sableye\n|-damage|p2a: Sableye|129/231\n|move|p2a: Sableye|Knock Off|p1a: Cryogonal\n|-damage|p1a: Cryogonal|97/287\n|-enditem|p1a: Cryogonal|Heavy-Duty Boots|[from] move: Knock Off|[of] p2a: Sableye\n|\n|-heal|p2a: Sableye|143/231|[from] item: Leftovers\n|upkeep\n|turn|31\n|\n|t:|1781390551\n|move|p2a: Sableye|Will-O-Wisp|p1a: Cryogonal\n|-status|p1a: Cryogonal|brn\n|move|p1a: Cryogonal|Freeze-Dry|p2a: Sableye\n|-damage|p2a: Sableye|46/231\n|\n|-heal|p2a: Sableye|60/231|[from] item: Leftovers\n|-damage|p1a: Cryogonal|80/287 brn|[from] brn\n|upkeep\n|turn|32\n|\n|t:|1781390559\n|move|p2a: Sableye|Recover|p2a: Sableye\n|-heal|p2a: Sableye|176/231\n|move|p1a: Cryogonal|Freeze-Dry|p2a: Sableye\n|-damage|p2a: Sableye|85/231\n|\n|-heal|p2a: Sableye|99/231|[from] item: Leftovers\n|-damage|p1a: Cryogonal|63/287 brn|[from] brn\n|upkeep\n|turn|33\n|\n|t:|1781390568\n|move|p2a: Sableye|Recover|p2a: Sableye\n|-heal|p2a: Sableye|215/231\n|move|p1a: Cryogonal|Freeze-Dry|p2a: Sableye\n|-damage|p2a: Sableye|121/231\n|-status|p2a: Sableye|frz\n|\n|-heal|p2a: Sableye|135/231 frz|[from] item: Leftovers\n|-damage|p1a: Cryogonal|46/287 brn|[from] brn\n|upkeep\n|turn|34\n|\n|t:|1781390574\n|cant|p2a: Sableye|frz\n|move|p1a: Cryogonal|Recover|p1a: Cryogonal\n|-heal|p1a: Cryogonal|190/287 brn\n|\n|-heal|p2a: Sableye|149/231 frz|[from] item: Leftovers\n|-damage|p1a: Cryogonal|173/287 brn|[from] brn\n|upkeep\n|turn|35\n|\n|t:|1781390576\n|cant|p2a: Sableye|frz\n|move|p1a: Cryogonal|Freeze-Dry|p2a: Sableye\n|-damage|p2a: Sableye|50/231 frz\n|\n|-heal|p2a: Sableye|64/231 frz|[from] item: Leftovers\n|-damage|p1a: Cryogonal|156/287 brn|[from] brn\n|upkeep\n|turn|36\n|\n|t:|1781390578\n|cant|p2a: Sableye|frz\n|move|p1a: Cryogonal|Freeze-Dry|p2a: Sableye\n|-damage|p2a: Sableye|0 fnt\n|faint|p2a: Sableye\n|\n|-damage|p1a: Cryogonal|139/287 brn|[from] brn\n|upkeep\n|\n|t:|1781390584\n|switch|p2a: Kingdra|Kingdra, L84, F|263/263\n|turn|37\n|\n|t:|1781390592\n|-terastallize|p2a: Kingdra|Steel\n|move|p1a: Cryogonal|Rapid Spin|p2a: Kingdra\n|-resisted|p2a: Kingdra\n|-damage|p2a: Kingdra|258/263\n|-boost|p1a: Cryogonal|spe|1\n|-sideend|p1: 623623p|Spikes|[from] move: Rapid Spin|[of] p1a: Cryogonal\n|-sideend|p1: 623623p|Stealth Rock|[from] move: Rapid Spin|[of] p1a: Cryogonal\n|move|p2a: Kingdra|Dragon Dance|p2a: Kingdra\n|-boost|p2a: Kingdra|atk|1\n|-boost|p2a: Kingdra|spe|1\n|\n|-damage|p1a: Cryogonal|122/287 brn|[from] brn\n|upkeep\n|turn|38\n|\n|t:|1781390603\n|move|p1a: Cryogonal|Haze|p1a: Cryogonal\n|-clearallboost\n|move|p2a: Kingdra|Dragon Dance|p2a: Kingdra\n|-boost|p2a: Kingdra|atk|1\n|-boost|p2a: Kingdra|spe|1\n|\n|-damage|p1a: Cryogonal|105/287 brn|[from] brn\n|upkeep\n|turn|39\n|\n|t:|1781390610\n|move|p2a: Kingdra|Dragon Dance|p2a: Kingdra\n|-boost|p2a: Kingdra|atk|1\n|-boost|p2a: Kingdra|spe|1\n|move|p1a: Cryogonal|Haze|p1a: Cryogonal\n|-clearallboost\n|\n|-damage|p1a: Cryogonal|88/287 brn|[from] brn\n|upkeep\n|turn|40\n|\n|t:|1781390613\n|move|p1a: Cryogonal|Haze|p1a: Cryogonal\n|-clearallboost\n|move|p2a: Kingdra|Dragon Dance|p2a: Kingdra\n|-boost|p2a: Kingdra|atk|1\n|-boost|p2a: Kingdra|spe|1\n|\n|-damage|p1a: Cryogonal|71/287 brn|[from] brn\n|upkeep\n|turn|41\n|\n|t:|1781390619\n|move|p2a: Kingdra|Iron Head|p1a: Cryogonal\n|-supereffective|p1a: Cryogonal\n|-damage|p1a: Cryogonal|0 fnt\n|faint|p1a: Cryogonal\n|\n|upkeep\n|\n|t:|1781390626\n|switch|p1a: Sneasler|Sneasler, L74, F|240/240\n|turn|42\n|\n|t:|1781390640\n|move|p2a: Kingdra|Wave Crash|p1a: Sneasler\n|-damage|p1a: Sneasler|0 fnt\n|faint|p1a: Sneasler\n|-damage|p2a: Kingdra|179/263|[from] Recoil\n|\n|upkeep\n|\n|t:|1781390642\n|switch|p1a: Zoroark|Zoroark-Hisui, L80, M|33/219\n|turn|43\n|\n|t:|1781390647\n|move|p2a: Kingdra|Iron Head|p1a: Zoroark\n|-crit|p1a: Zoroark\n|-damage|p1a: Zoroark|0 fnt\n|faint|p1a: Zoroark\n|\n|win|jazenq\n", "uploadtime": 1781390168, "views": 5, "formatid": "gen9randombattle", "rating": null, "private": 0, "password": null}