{"id": "gen9randombattle-2631771501", "format": "[Gen 9] Random Battle", "players": ["Surifineshyt", "dagadg23tgadsg"], "log": "|j|\u2606Surifineshyt\n|j|\u2606dagadg23tgadsg\n|t:|1781437141\n|gametype|singles\n|player|p1|Surifineshyt|n|1125\n|player|p2|dagadg23tgadsg|102|1144\n|gen|9\n|tier|[Gen 9] Random Battle\n|rated|\n|rule|Species Clause: Limit one of each Pok\u00e9mon\n|rule|HP Percentage Mod: HP is shown in percentages\n|rule|Sleep Clause Mod: Limit one foe put to sleep\n|rule|Illusion Level Mod: Illusion disguises the Pok\u00e9mon's true level\n|\n|t:|1781437141\n|teamsize|p1|6\n|teamsize|p2|6\n|start\n|switch|p1a: Gumshoos|Gumshoos, L95, F|321/321\n|switch|p2a: Mightyena|Mightyena, L96, M|290/290\n|-ability|p2a: Mightyena|Intimidate|boost\n|-unboost|p1a: Gumshoos|atk|1\n|turn|1\n|inactive|Battle timer is ON: inactive players will automatically lose when time's up. (requested by Surifineshyt)\n|\n|t:|1781437153\n|move|p2a: Mightyena|Throat Chop|p1a: Gumshoos\n|-damage|p1a: Gumshoos|200/321\n|-start|p1a: Gumshoos|Throat Chop|[silent]\n|move|p1a: Gumshoos|Double-Edge|p2a: Mightyena\n|-damage|p2a: Mightyena|107/290\n|-damage|p1a: Gumshoos|140/321|[from] Recoil\n|\n|upkeep\n|turn|2\n|\n|t:|1781437163\n|switch|p2a: Drifblim|Drifblim, L86, F|396/396\n|move|p1a: Gumshoos|Double-Edge|p2a: Drifblim\n|-immune|p2a: Drifblim\n|\n|-end|p1a: Gumshoos|Throat Chop|[silent]\n|upkeep\n|turn|3\n|\n|t:|1781437171\n|switch|p1a: Perrserker|Perrserker, L89, M|269/269\n|move|p2a: Drifblim|Calm Mind|p2a: Drifblim\n|-boost|p2a: Drifblim|spa|1\n|-boost|p2a: Drifblim|spd|1\n|\n|upkeep\n|turn|4\n|\n|t:|1781437182\n|move|p2a: Drifblim|Strength Sap|p1a: Perrserker\n|-unboost|p1a: Perrserker|atk|1\n|move|p1a: Perrserker|Knock Off|p2a: Drifblim\n|-supereffective|p2a: Drifblim\n|-damage|p2a: Drifblim|81/396\n|-enditem|p2a: Drifblim|Sitrus Berry|[from] move: Knock Off|[of] p1a: Perrserker\n|-damage|p1a: Perrserker|243/269|[from] item: Life Orb\n|\n|upkeep\n|turn|5\n|\n|t:|1781437193\n|move|p2a: Drifblim|Strength Sap|p1a: Perrserker\n|-unboost|p1a: Perrserker|atk|1\n|-heal|p2a: Drifblim|245/396\n|move|p1a: Perrserker|Knock Off|p2a: Drifblim\n|-supereffective|p2a: Drifblim\n|-damage|p2a: Drifblim|99/396\n|-damage|p1a: Perrserker|217/269|[from] item: Life Orb\n|\n|upkeep\n|turn|6\n|\n|t:|1781437204\n|move|p2a: Drifblim|Strength Sap|p1a: Perrserker\n|-unboost|p1a: Perrserker|atk|1\n|-heal|p2a: Drifblim|222/396\n|move|p1a: Perrserker|Knock Off|p2a: Drifblim\n|-supereffective|p2a: Drifblim\n|-damage|p2a: Drifblim|100/396\n|-damage|p1a: Perrserker|191/269|[from] item: Life Orb\n|\n|upkeep\n|turn|7\n|\n|t:|1781437218\n|switch|p1a: Gumshoos|Gumshoos, L95, F|140/321\n|move|p2a: Drifblim|Strength Sap|p1a: Gumshoos\n|-unboost|p1a: Gumshoos|atk|1\n|-heal|p2a: Drifblim|363/396\n|\n|upkeep\n|turn|8\n|\n|t:|1781437228\n|move|p2a: Drifblim|Calm Mind|p2a: Drifblim\n|-boost|p2a: Drifblim|spa|1\n|-boost|p2a: Drifblim|spd|1\n|move|p1a: Gumshoos|Knock Off|p2a: Drifblim\n|-supereffective|p2a: Drifblim\n|-damage|p2a: Drifblim|143/396\n|\n|upkeep\n|turn|9\n|\n|t:|1781437238\n|move|p2a: Drifblim|Strength Sap|p1a: Gumshoos\n|-unboost|p1a: Gumshoos|atk|1\n|-heal|p2a: Drifblim|318/396\n|move|p1a: Gumshoos|Knock Off|p2a: Drifblim\n|-supereffective|p2a: Drifblim\n|-damage|p2a: Drifblim|160/396\n|\n|upkeep\n|turn|10\n|\n|t:|1781437258\n|switch|p1a: Komala|Komala, L88, F|258/258\n|-ability|p1a: Komala|Comatose\n|move|p2a: Drifblim|Air Slash|p1a: Komala\n|-damage|p1a: Komala|167/258\n|\n|upkeep\n|turn|11\n|\n|t:|1781437263\n|move|p2a: Drifblim|Strength Sap|p1a: Komala\n|-unboost|p1a: Komala|atk|1\n|-heal|p2a: Drifblim|396/396\n|move|p1a: Komala|Knock Off|p2a: Drifblim\n|-supereffective|p2a: Drifblim\n|-damage|p2a: Drifblim|264/396\n|\n|upkeep\n|turn|12\n|\n|t:|1781437272\n|move|p2a: Drifblim|Calm Mind|p2a: Drifblim\n|-boost|p2a: Drifblim|spa|1\n|-boost|p2a: Drifblim|spd|1\n|move|p1a: Komala|U-turn|p2a: Drifblim\n|-resisted|p2a: Drifblim\n|-damage|p2a: Drifblim|247/396\n|\n|t:|1781437291\n|switch|p1a: Perrserker|Perrserker, L89, M|191/269|[from] U-turn\n|\n|upkeep\n|turn|13\n|\n|t:|1781437299\n|move|p2a: Drifblim|Shadow Ball|p1a: Perrserker\n|-damage|p1a: Perrserker|0 fnt\n|faint|p1a: Perrserker\n|\n|upkeep\n|\n|t:|1781437314\n|switch|p1a: Haxorus|Haxorus, L77, F|244/244\n|-ability|p1a: Haxorus|Mold Breaker\n|turn|14\n|\n|t:|1781437319\n|move|p2a: Drifblim|Shadow Ball|p1a: Haxorus\n|-damage|p1a: Haxorus|0 fnt\n|faint|p1a: Haxorus\n|\n|upkeep\n|\n|t:|1781437345\n|switch|p1a: Komala|Komala, L88, F|167/258\n|-ability|p1a: Komala|Comatose\n|turn|15\n|\n|t:|1781437354\n|move|p2a: Drifblim|Air Slash|p1a: Komala\n|-damage|p1a: Komala|40/258\n|move|p1a: Komala|Knock Off|p2a: Drifblim\n|-supereffective|p2a: Drifblim\n|-damage|p2a: Drifblim|59/396\n|\n|upkeep\n|turn|16\n|\n|t:|1781437360\n|move|p2a: Drifblim|Strength Sap|p1a: Komala\n|-unboost|p1a: Komala|atk|1\n|-heal|p2a: Drifblim|312/396\n|move|p1a: Komala|Knock Off|p2a: Drifblim\n|-supereffective|p2a: Drifblim\n|-damage|p2a: Drifblim|190/396\n|\n|upkeep\n|turn|17\n|\n|t:|1781437367\n|move|p2a: Drifblim|Air Slash|p1a: Komala\n|-damage|p1a: Komala|0 fnt\n|faint|p1a: Komala\n|\n|upkeep\n|\n|t:|1781437379\n|switch|p1a: Miraidon|Miraidon, L65|238/238\n|-fieldstart|move: Electric Terrain|[from] ability: Hadron Engine|[of] p1a: Miraidon\n|turn|18\n|\n|t:|1781437391\n|-terastallize|p2a: Drifblim|Dark\n|move|p2a: Drifblim|Calm Mind|p2a: Drifblim\n|-boost|p2a: Drifblim|spa|1\n|-boost|p2a: Drifblim|spd|1\n|move|p1a: Miraidon|Electro Drift|p2a: Drifblim\n|-damage|p2a: Drifblim|96/396\n|-damage|p1a: Miraidon|215/238|[from] item: Life Orb\n|\n|upkeep\n|turn|19\n|\n|t:|1781437410\n|move|p2a: Drifblim|Strength Sap|p1a: Miraidon\n|-unboost|p1a: Miraidon|atk|1\n|-heal|p2a: Drifblim|211/396\n|move|p1a: Miraidon|Dragon Pulse|p2a: Drifblim\n|-damage|p2a: Drifblim|156/396\n|-damage|p1a: Miraidon|192/238|[from] item: Life Orb\n|\n|upkeep\n|turn|20\n|l|\u2606Surifineshyt\n|inactive|Surifineshyt disconnected and has a minute to reconnect!\n|player|p1|\n|inactive|Surifineshyt has 30 seconds to reconnect!\n|inactive|Surifineshyt has 20 seconds to reconnect!\n|inactive|Surifineshyt has 15 seconds to reconnect!\n|inactive|Surifineshyt has 10 seconds to reconnect!\n|inactive|Surifineshyt has 5 seconds to reconnect!\n|-message|Surifineshyt lost due to inactivity.\n|\n|win|dagadg23tgadsg\n|raw|Surifineshyt's rating: 1125 &rarr; <strong>1101</strong><br />(-24 for losing)\n|raw|dagadg23tgadsg's rating: 1144 &rarr; <strong>1168</strong><br />(+24 for winning)\n", "uploadtime": 1781437473, "views": 5, "formatid": "gen9randombattle", "rating": 1101, "private": 0, "password": null}