{"id": "gen9randombattle-2631715704", "format": "[Gen 9] Random Battle", "players": ["kakaorobbot", "darkdemonesp"], "log": "|j|\u2606kakaorobbot\n|j|\u2606darkdemonesp\n|t:|1781427349\n|gametype|singles\n|player|p1|kakaorobbot|170|1040\n|player|p2|darkdemonesp|265|1000\n|gen|9\n|tier|[Gen 9] Random Battle\n|rated|\n|rule|Species Clause: Limit one of each Pok\u00e9mon\n|rule|HP Percentage Mod: HP is shown in percentages\n|rule|Sleep Clause Mod: Limit one foe put to sleep\n|rule|Illusion Level Mod: Illusion disguises the Pok\u00e9mon's true level\n|\n|t:|1781427349\n|teamsize|p1|6\n|teamsize|p2|6\n|start\n|switch|p1a: Bellibolt|Bellibolt, L84, M|320/320\n|switch|p2a: Crabominable|Crabominable, L90, M|321/321\n|turn|1\n|\n|t:|1781427371\n|switch|p2a: Camerupt|Camerupt, L91, M|275/275\n|move|p1a: Bellibolt|Muddy Water|p2a: Camerupt\n|-supereffective|p2a: Camerupt\n|-damage|p2a: Camerupt|68/275\n|\n|-heal|p2a: Camerupt|85/275|[from] item: Leftovers\n|upkeep\n|turn|2\n|\n|t:|1781427390\n|move|p2a: Camerupt|Overheat|p1a: Bellibolt\n|-damage|p1a: Bellibolt|137/320\n|-unboost|p2a: Camerupt|spa|2\n|-start|p1a: Bellibolt|Charge|Overheat|[from] ability: Electromorphosis\n|move|p1a: Bellibolt|Muddy Water|p2a: Camerupt|[miss]\n|-miss|p1a: Bellibolt|p2a: Camerupt\n|\n|-heal|p2a: Camerupt|102/275|[from] item: Leftovers\n|-heal|p1a: Bellibolt|157/320|[from] item: Leftovers\n|upkeep\n|turn|3\n|\n|t:|1781427400\n|move|p2a: Camerupt|Overheat|p1a: Bellibolt\n|-damage|p1a: Bellibolt|70/320\n|-unboost|p2a: Camerupt|spa|2\n|-start|p1a: Bellibolt|Charge|Overheat|[from] ability: Electromorphosis\n|move|p1a: Bellibolt|Muddy Water|p2a: Camerupt\n|-supereffective|p2a: Camerupt\n|-damage|p2a: Camerupt|0 fnt\n|faint|p2a: Camerupt\n|\n|-heal|p1a: Bellibolt|90/320|[from] item: Leftovers\n|upkeep\n|\n|t:|1781427411\n|switch|p2a: Infernape|Infernape, L82, M|259/259\n|turn|4\n|\n|t:|1781427417\n|move|p2a: Infernape|Flare Blitz|p1a: Bellibolt\n|-damage|p1a: Bellibolt|0 fnt\n|faint|p1a: Bellibolt\n|-damage|p2a: Infernape|229/259|[from] Recoil\n|-damage|p2a: Infernape|204/259|[from] item: Life Orb\n|\n|upkeep\n|\n|t:|1781427428\n|switch|p1a: Ludicolo|Ludicolo, L90, F|290/290\n|turn|5\n|\n|t:|1781427438\n|move|p2a: Infernape|Swords Dance|p2a: Infernape\n|-boost|p2a: Infernape|atk|2\n|move|p1a: Ludicolo|Rain Dance|p1a: Ludicolo\n|-weather|RainDance\n|\n|-weather|RainDance|[upkeep]\n|upkeep\n|turn|6\n|\n|t:|1781427445\n|move|p1a: Ludicolo|Hydro Pump|p2a: Infernape\n|-supereffective|p2a: Infernape\n|-damage|p2a: Infernape|0 fnt\n|faint|p2a: Infernape\n|-damage|p1a: Ludicolo|261/290|[from] item: Life Orb\n|\n|-weather|RainDance|[upkeep]\n|upkeep\n|\n|t:|1781427459\n|switch|p2a: Crabominable|Crabominable, L90, M|321/321\n|turn|7\n|\n|t:|1781427466\n|move|p1a: Ludicolo|Giga Drain|p2a: Crabominable\n|-damage|p2a: Crabominable|196/321\n|-heal|p1a: Ludicolo|290/290|[from] drain|[of] p2a: Crabominable\n|-damage|p1a: Ludicolo|261/290|[from] item: Life Orb\n|move|p2a: Crabominable|Earthquake|p1a: Ludicolo\n|-resisted|p1a: Ludicolo\n|-damage|p1a: Ludicolo|168/290\n|\n|-weather|RainDance|[upkeep]\n|upkeep\n|turn|8\n|j| JG hi in\n|\n|t:|1781427478\n|switch|p2a: Slowbro|Slowbro-Galar, L87, M|307/307\n|move|p1a: Ludicolo|Ice Beam|p2a: Slowbro\n|-damage|p2a: Slowbro|202/307\n|-damage|p1a: Ludicolo|139/290|[from] item: Life Orb\n|\n|-weather|RainDance|[upkeep]\n|upkeep\n|turn|9\n|\n|t:|1781427493\n|move|p1a: Ludicolo|Giga Drain|p2a: Slowbro\n|-resisted|p2a: Slowbro\n|-damage|p2a: Slowbro|140/307\n|-heal|p1a: Ludicolo|170/290|[from] drain|[of] p2a: Slowbro\n|-damage|p1a: Ludicolo|141/290|[from] item: Life Orb\n|move|p2a: Slowbro|Psychic|p1a: Ludicolo\n|-damage|p1a: Ludicolo|24/290\n|-damage|p2a: Slowbro|110/307|[from] item: Life Orb\n|\n|-weather|none\n|upkeep\n|turn|10\n|l| JG hi in\n|\n|t:|1781427514\n|move|p1a: Ludicolo|Hydro Pump|p2a: Slowbro\n|-damage|p2a: Slowbro|0 fnt\n|faint|p2a: Slowbro\n|-damage|p1a: Ludicolo|0 fnt|[from] item: Life Orb\n|faint|p1a: Ludicolo\n|\n|upkeep\n|\n|t:|1781427528\n|switch|p1a: Ho-Oh|Ho-Oh, L71|268/268\n|switch|p2a: Crabominable|Crabominable, L90, M|196/321\n|turn|11\n|\n|t:|1781427537\n|move|p1a: Ho-Oh|Sacred Fire|p2a: Crabominable\n|-supereffective|p2a: Crabominable\n|-damage|p2a: Crabominable|0 fnt\n|faint|p2a: Crabominable\n|\n|upkeep\n|\n|t:|1781427544\n|switch|p2a: Chimecho|Chimecho, L93, M|290/290\n|turn|12\n|\n|t:|1781427554\n|move|p2a: Chimecho|Dazzling Gleam|p1a: Ho-Oh\n|-resisted|p1a: Ho-Oh\n|-damage|p1a: Ho-Oh|242/268\n|move|p1a: Ho-Oh|Brave Bird|p2a: Chimecho\n|-damage|p2a: Chimecho|182/290\n|-damage|p1a: Ho-Oh|206/268|[from] Recoil\n|\n|-heal|p2a: Chimecho|200/290|[from] item: Leftovers\n|upkeep\n|turn|13\n|\n|t:|1781427563\n|move|p2a: Chimecho|Stored Power|p1a: Ho-Oh\n|-damage|p1a: Ho-Oh|187/268\n|move|p1a: Ho-Oh|Sacred Fire|p2a: Chimecho\n|-damage|p2a: Chimecho|101/290\n|-status|p2a: Chimecho|brn\n|\n|-heal|p2a: Chimecho|119/290 brn|[from] item: Leftovers\n|-damage|p2a: Chimecho|101/290 brn|[from] brn\n|upkeep\n|turn|14\n|\n|t:|1781427574\n|-terastallize|p2a: Chimecho|Steel\n|move|p2a: Chimecho|Stored Power|p1a: Ho-Oh\n|-damage|p1a: Ho-Oh|168/268\n|move|p1a: Ho-Oh|Sacred Fire|p2a: Chimecho\n|-supereffective|p2a: Chimecho\n|-damage|p2a: Chimecho|0 fnt\n|faint|p2a: Chimecho\n|\n|upkeep\n|\n|t:|1781427582\n|switch|p2a: Persian|Persian-Alola, L86, F|252/252\n|turn|15\n|\n|t:|1781427590\n|move|p2a: Persian|Thunder Wave|p1a: Ho-Oh\n|-status|p1a: Ho-Oh|par\n|move|p1a: Ho-Oh|Earthquake|p2a: Persian\n|-damage|p2a: Persian|207/252\n|\n|upkeep\n|turn|16\n|\n|t:|1781427599\n|move|p2a: Persian|Foul Play|p1a: Ho-Oh\n|-damage|p1a: Ho-Oh|30/268 par\n|move|p1a: Ho-Oh|Sacred Fire|p2a: Persian\n|-damage|p2a: Persian|144/252\n|-status|p2a: Persian|brn\n|\n|-damage|p2a: Persian|129/252 brn|[from] brn\n|upkeep\n|turn|17\n|\n|t:|1781427609\n|move|p2a: Persian|Foul Play|p1a: Ho-Oh\n|-damage|p1a: Ho-Oh|0 fnt\n|faint|p1a: Ho-Oh\n|\n|-damage|p2a: Persian|114/252 brn|[from] brn\n|upkeep\n|\n|t:|1781427618\n|switch|p1a: Deoxys|Deoxys, L74|196/196\n|-ability|p1a: Deoxys|Pressure\n|turn|18\n|\n|t:|1781427628\n|move|p1a: Deoxys|Psycho Boost|p2a: Persian\n|-immune|p2a: Persian\n|move|p2a: Persian|Foul Play|p1a: Deoxys\n|-supereffective|p1a: Deoxys\n|-damage|p1a: Deoxys|0 fnt\n|faint|p1a: Deoxys\n|\n|-damage|p2a: Persian|99/252 brn|[from] brn\n|upkeep\n|\n|t:|1781427639\n|switch|p1a: Brute Bonnet|Brute Bonnet, L80|309/309\n|turn|19\n|\n|t:|1781427652\n|move|p2a: Persian|Foul Play|p1a: Brute Bonnet\n|-resisted|p1a: Brute Bonnet\n|-damage|p1a: Brute Bonnet|278/309\n|move|p1a: Brute Bonnet|Spore||[still]\n|-fail|p1a: Brute Bonnet\n|\n|-heal|p1a: Brute Bonnet|297/309|[from] item: Leftovers\n|-damage|p2a: Persian|84/252 brn|[from] brn\n|upkeep\n|turn|20\n|\n|t:|1781427668\n|move|p2a: Persian|Foul Play|p1a: Brute Bonnet\n|-resisted|p1a: Brute Bonnet\n|-damage|p1a: Brute Bonnet|270/309\n|move|p1a: Brute Bonnet|Seed Bomb|p2a: Persian\n|-damage|p2a: Persian|17/252 brn\n|\n|-heal|p1a: Brute Bonnet|289/309|[from] item: Leftovers\n|-damage|p2a: Persian|2/252 brn|[from] brn\n|upkeep\n|turn|21\n|\n|t:|1781427679\n|-end|p1a: Brute Bonnet|Protosynthesis|[silent]\n|switch|p1a: Ampharos|Ampharos, L88, M|302/302\n|move|p2a: Persian|Thunder Wave|p1a: Ampharos\n|-immune|p1a: Ampharos\n|\n|-damage|p2a: Persian|0 fnt|[from] brn\n|faint|p2a: Persian\n|\n|win|kakaorobbot\n|raw|kakaorobbot's rating: 1040 &rarr; <strong>1070</strong><br />(+30 for winning)\n|raw|darkdemonesp's rating: 1000 &rarr; <strong>1000</strong><br />(+0 for losing)\n", "uploadtime": 1781427686, "views": 2, "formatid": "gen9randombattle", "rating": 1000, "private": 0, "password": null}