{"id": "gen9randombattle-2631765552", "format": "[Gen 9] Random Battle", "players": ["ohno12344321", "moitorito"], "log": "|j|\u2606ohno12344321\n|j|\u2606moitorito\n|t:|1781436179\n|gametype|singles\n|player|p1|ohno12344321|101|1547\n|player|p2|moitorito|n|1552\n|gen|9\n|tier|[Gen 9] Random Battle\n|rated|\n|rule|Species Clause: Limit one of each Pok\u00e9mon\n|rule|HP Percentage Mod: HP is shown in percentages\n|rule|Sleep Clause Mod: Limit one foe put to sleep\n|rule|Illusion Level Mod: Illusion disguises the Pok\u00e9mon's true level\n|\n|t:|1781436179\n|teamsize|p1|6\n|teamsize|p2|6\n|start\n|switch|p1a: Weavile|Weavile, L79, M|239/239\n|switch|p2a: Slither Wing|Slither Wing, L81|270/270\n|turn|1\n|inactive|Battle timer is ON: inactive players will automatically lose when time's up. (requested by ohno12344321)\n|\n|t:|1781436192\n|switch|p1a: Mimikyu|Mimikyu, L79, F|216/216\n|move|p2a: Slither Wing|Flare Blitz|p1a: Mimikyu\n|-activate|p1a: Mimikyu|ability: Disguise\n|-damage|p1a: Mimikyu|216/216\n|detailschange|p1a: Mimikyu|Mimikyu-Busted, L79, F\n|-damage|p1a: Mimikyu|189/216|[from] pokemon: Mimikyu-Busted\n|\n|upkeep\n|turn|2\n|\n|t:|1781436200\n|-end|p2a: Slither Wing|Protosynthesis|[silent]\n|switch|p2a: Phione|Phione, L91|293/293\n|move|p1a: Mimikyu|Play Rough|p2a: Phione\n|-damage|p2a: Phione|192/293\n|-damage|p1a: Mimikyu|168/216|[from] item: Life Orb\n|\n|-heal|p2a: Phione|210/293|[from] item: Leftovers\n|upkeep\n|turn|3\n|\n|t:|1781436213\n|move|p2a: Phione|Scald|p1a: Mimikyu\n|-damage|p1a: Mimikyu|92/216\n|move|p1a: Mimikyu|Shadow Claw|p2a: Phione\n|-damage|p2a: Phione|123/293\n|-damage|p1a: Mimikyu|71/216|[from] item: Life Orb\n|\n|-heal|p2a: Phione|141/293|[from] item: Leftovers\n|upkeep\n|turn|4\n|\n|t:|1781436218\n|switch|p1a: Meganium|Meganium, L90, M|290/290\n|move|p2a: Phione|Take Heart|p2a: Phione\n|-boost|p2a: Phione|spa|1\n|-boost|p2a: Phione|spd|1\n|\n|-heal|p2a: Phione|159/293|[from] item: Leftovers\n|upkeep\n|turn|5\n|\n|t:|1781436222\n|move|p2a: Phione|Ice Beam|p1a: Meganium\n|-supereffective|p1a: Meganium\n|-damage|p1a: Meganium|114/290\n|move|p1a: Meganium|Knock Off|p2a: Phione\n|-damage|p2a: Phione|95/293\n|-enditem|p2a: Phione|Leftovers|[from] move: Knock Off|[of] p1a: Meganium\n|\n|-heal|p1a: Meganium|132/290|[from] item: Leftovers\n|upkeep\n|turn|6\n|\n|t:|1781436230\n|switch|p1a: Weavile|Weavile, L79, M|239/239\n|move|p2a: Phione|Ice Beam|p1a: Weavile\n|-resisted|p1a: Weavile\n|-damage|p1a: Weavile|188/239\n|\n|upkeep\n|turn|7\n|\n|t:|1781436237\n|switch|p2a: Kingambit|Kingambit, L74, M|270/270\n|move|p1a: Weavile|Knock Off|p2a: Kingambit\n|-resisted|p2a: Kingambit\n|-damage|p2a: Kingambit|199/270\n|-enditem|p2a: Kingambit|Leftovers|[from] move: Knock Off|[of] p1a: Weavile\n|\n|upkeep\n|turn|8\n|\n|t:|1781436243\n|switch|p1a: Meganium|Meganium, L90, M|132/290\n|move|p2a: Kingambit|Swords Dance|p2a: Kingambit\n|-boost|p2a: Kingambit|atk|2\n|\n|-heal|p1a: Meganium|150/290|[from] item: Leftovers\n|upkeep\n|turn|9\n|inactive|ohno12344321 has 120 seconds left.\n|l|\u2606ohno12344321\n|inactive|ohno12344321 disconnected and has a minute to reconnect!\n|player|p1|\n|c|\u2606moitorito|OHNO\n|inactive|ohno12344321 has 30 seconds to reconnect!\n|inactive|ohno12344321 has 20 seconds to reconnect!\n|inactive|ohno12344321 has 15 seconds to reconnect!\n|inactive|ohno12344321 has 10 seconds to reconnect!\n|inactive|ohno12344321 has 5 seconds to reconnect!\n|-message|ohno12344321 lost due to inactivity.\n|\n|win|moitorito\n|raw|ohno12344321's rating: 1547 &rarr; <strong>1527</strong><br />(-20 for losing)\n|raw|moitorito's rating: 1552 &rarr; <strong>1572</strong><br />(+20 for winning)\n", "uploadtime": 1781436341, "views": 4, "formatid": "gen9randombattle", "rating": 1527, "private": 0, "password": null}