{"id": "gen9randombattle-2631595226", "format": "[Gen 9] Random Battle", "players": ["Boogey", "RoLi404"], "log": "|j|\u2606Boogey\n|j|\u2606RoLi404\n|t:|1781406194\n|gametype|singles\n|player|p1|Boogey|265|2024\n|player|p2|RoLi404|jacinthe|1983\n|gen|9\n|tier|[Gen 9] Random Battle\n|rated|\n|rule|Species Clause: Limit one of each Pok\u00e9mon\n|rule|HP Percentage Mod: HP is shown in percentages\n|rule|Sleep Clause Mod: Limit one foe put to sleep\n|rule|Illusion Level Mod: Illusion disguises the Pok\u00e9mon's true level\n|\n|t:|1781406194\n|teamsize|p1|6\n|teamsize|p2|6\n|start\n|switch|p1a: Ursaring|Ursaring, L84, F|288/288\n|switch|p2a: Blissey|Blissey, L85, F|572/572\n|turn|1\n|inactive|Battle timer is ON: inactive players will automatically lose when time's up. (requested by RoLi404)\n|l|\u2606Boogey\n|inactive|Boogey disconnected and has a minute to reconnect!\n|player|p1|\n|\n|t:|1781406208\n|switch|p2a: Dusknoir|Dusknoir, L89, M|225/225\n|-item|p1a: Ursaring|Eviolite|[from] ability: Frisk|[of] p2a: Dusknoir\n|move|p1a: Ursaring|Body Slam|p2a: Dusknoir\n|-immune|p2a: Dusknoir\n|\n|upkeep\n|turn|2\n|j|\u2606Boogey\n|inactive|Boogey reconnected and has 140 seconds left.\n|player|p1|Boogey|265|\n|\n|t:|1781406227\n|move|p1a: Ursaring|Throat Chop|p2a: Dusknoir\n|-supereffective|p2a: Dusknoir\n|-damage|p2a: Dusknoir|127/225\n|-start|p2a: Dusknoir|Throat Chop|[silent]\n|move|p2a: Dusknoir|Pain Split|p1a: Ursaring\n|-sethp|p1a: Ursaring|207/288|[from] move: Pain Split|[silent]\n|-sethp|p2a: Dusknoir|207/225|[from] move: Pain Split\n|\n|-heal|p2a: Dusknoir|221/225|[from] item: Leftovers\n|upkeep\n|turn|3\n|\n|t:|1781406238\n|switch|p2a: Toxapex|Toxapex, L82, M|216/216\n|move|p1a: Ursaring|Throat Chop|p2a: Toxapex\n|-damage|p2a: Toxapex|172/216\n|-start|p2a: Toxapex|Throat Chop|[silent]\n|-damage|p1a: Ursaring|159/288|[from] item: Rocky Helmet|[of] p2a: Toxapex\n|\n|upkeep\n|turn|4\n|\n|t:|1781406253\n|switch|p1a: Chimecho|Chimecho, L93, F|290/290\n|move|p2a: Toxapex|Toxic Spikes|p1a: Chimecho\n|-sidestart|p1: Boogey|move: Toxic Spikes\n|\n|-end|p2a: Toxapex|Throat Chop|[silent]\n|upkeep\n|turn|5\n|\n|t:|1781406261\n|switch|p2a: Blissey|Blissey, L85, F|572/572\n|move|p1a: Chimecho|Calm Mind|p1a: Chimecho\n|-boost|p1a: Chimecho|spa|1\n|-boost|p1a: Chimecho|spd|1\n|\n|upkeep\n|turn|6\n|\n|t:|1781406273\n|move|p1a: Chimecho|Psyshock|p2a: Blissey\n|-damage|p2a: Blissey|145/572\n|move|p2a: Blissey|Thunder Wave|p1a: Chimecho|[miss]\n|-miss|p2a: Blissey|p1a: Chimecho\n|\n|-heal|p2a: Blissey|180/572|[from] item: Leftovers\n|upkeep\n|turn|7\n|\n|t:|1781406276\n|switch|p2a: Dusknoir|Dusknoir, L89, M|221/225\n|-item|p1a: Chimecho|Leftovers|[from] ability: Frisk|[of] p2a: Dusknoir\n|move|p1a: Chimecho|Psyshock|p2a: Dusknoir\n|-damage|p2a: Dusknoir|124/225\n|\n|-heal|p2a: Dusknoir|138/225|[from] item: Leftovers\n|upkeep\n|turn|8\n|\n|t:|1781406281\n|move|p1a: Chimecho|Psyshock|p2a: Dusknoir\n|-damage|p2a: Dusknoir|41/225\n|move|p2a: Dusknoir|Pain Split|p1a: Chimecho\n|-sethp|p1a: Chimecho|165/290|[from] move: Pain Split|[silent]\n|-sethp|p2a: Dusknoir|165/225|[from] move: Pain Split\n|\n|-heal|p1a: Chimecho|183/290|[from] item: Leftovers\n|-heal|p2a: Dusknoir|179/225|[from] item: Leftovers\n|upkeep\n|turn|9\n|\n|t:|1781406284\n|move|p1a: Chimecho|Psyshock|p2a: Dusknoir\n|-damage|p2a: Dusknoir|76/225\n|move|p2a: Dusknoir|Poltergeist|p1a: Chimecho\n|-activate|p1a: Chimecho|move: Poltergeist|Leftovers\n|-supereffective|p1a: Chimecho\n|-damage|p1a: Chimecho|0 fnt\n|faint|p1a: Chimecho\n|\n|-heal|p2a: Dusknoir|90/225|[from] item: Leftovers\n|upkeep\n|\n|t:|1781406296\n|switch|p1a: Hitmonlee|Hitmonlee, L85, M|224/224\n|-status|p1a: Hitmonlee|psn\n|turn|10\n|\n|t:|1781406301\n|switch|p2a: Toxapex|Toxapex, L82, M|216/216\n|move|p1a: Hitmonlee|Knock Off|p2a: Toxapex\n|-damage|p2a: Toxapex|163/216\n|-damage|p1a: Hitmonlee|187/224 psn|[from] item: Rocky Helmet|[of] p2a: Toxapex\n|-enditem|p2a: Toxapex|Rocky Helmet|[from] move: Knock Off|[of] p1a: Hitmonlee\n|\n|-damage|p1a: Hitmonlee|159/224 psn|[from] psn\n|upkeep\n|turn|11\n|\n|t:|1781406307\n|switch|p1a: Ursaring|Ursaring, L84, F|159/288\n|-status|p1a: Ursaring|psn\n|move|p2a: Toxapex|Liquidation|p1a: Ursaring\n|-damage|p1a: Ursaring|110/288 psn\n|\n|-damage|p1a: Ursaring|74/288 psn|[from] psn\n|upkeep\n|turn|12\n|\n|t:|1781406317\n|move|p1a: Ursaring|Throat Chop|p2a: Toxapex\n|-damage|p2a: Toxapex|93/216\n|-start|p2a: Toxapex|Throat Chop|[silent]\n|move|p2a: Toxapex|Recover|p2a: Toxapex\n|-heal|p2a: Toxapex|201/216\n|\n|-damage|p1a: Ursaring|38/288 psn|[from] psn\n|upkeep\n|turn|13\n|\n|t:|1781406320\n|move|p1a: Ursaring|Rest|p1a: Ursaring\n|-status|p1a: Ursaring|slp|[from] move: Rest\n|-heal|p1a: Ursaring|288/288 slp|[silent]\n|move|p2a: Toxapex|Toxic Spikes|p1a: Ursaring\n|-sidestart|p1: Boogey|move: Toxic Spikes\n|\n|-end|p2a: Toxapex|Throat Chop|[silent]\n|upkeep\n|turn|14\n|\n|t:|1781406326\n|cant|p1a: Ursaring|slp\n|move|p1a: Ursaring|Sleep Talk|p1a: Ursaring\n|move|p1a: Ursaring|Rest||[from] move: Sleep Talk|[still]\n|-fail|p1a: Ursaring\n|move|p2a: Toxapex|Liquidation|p1a: Ursaring\n|-damage|p1a: Ursaring|240/288 slp\n|\n|upkeep\n|turn|15\n|\n|t:|1781406332\n|cant|p1a: Ursaring|slp\n|move|p1a: Ursaring|Sleep Talk|p1a: Ursaring\n|move|p1a: Ursaring|Rest||[from] move: Sleep Talk|[still]\n|-fail|p1a: Ursaring\n|move|p2a: Toxapex|Liquidation|p1a: Ursaring\n|-damage|p1a: Ursaring|195/288 slp\n|\n|upkeep\n|turn|16\n|\n|t:|1781406334\n|-curestatus|p1a: Ursaring|slp|[msg]\n|move|p1a: Ursaring|Body Slam|p2a: Toxapex\n|-damage|p2a: Toxapex|132/216\n|move|p2a: Toxapex|Liquidation|p1a: Ursaring\n|-damage|p1a: Ursaring|152/288\n|\n|upkeep\n|turn|17\n|\n|t:|1781406337\n|move|p1a: Ursaring|Body Slam|p2a: Toxapex\n|-damage|p2a: Toxapex|57/216\n|move|p2a: Toxapex|Recover|p2a: Toxapex\n|-heal|p2a: Toxapex|165/216\n|\n|upkeep\n|turn|18\n|\n|t:|1781406348\n|move|p1a: Ursaring|Body Slam|p2a: Toxapex\n|-damage|p2a: Toxapex|86/216\n|-status|p2a: Toxapex|par\n|cant|p2a: Toxapex|par\n|\n|upkeep\n|turn|19\n|\n|t:|1781406350\n|move|p1a: Ursaring|Body Slam|p2a: Toxapex\n|-damage|p2a: Toxapex|16/216 par\n|move|p2a: Toxapex|Recover|p2a: Toxapex\n|-heal|p2a: Toxapex|124/216 par\n|\n|upkeep\n|turn|20\n|\n|t:|1781406353\n|move|p1a: Ursaring|Body Slam|p2a: Toxapex\n|-damage|p2a: Toxapex|49/216 par\n|cant|p2a: Toxapex|par\n|\n|upkeep\n|turn|21\n|\n|t:|1781406356\n|switch|p2a: Dusknoir|Dusknoir, L89, M|90/225\n|-item|p1a: Ursaring|Eviolite|[from] ability: Frisk|[of] p2a: Dusknoir\n|move|p1a: Ursaring|Body Slam|p2a: Dusknoir\n|-immune|p2a: Dusknoir\n|\n|-heal|p2a: Dusknoir|104/225|[from] item: Leftovers\n|upkeep\n|turn|22\n|\n|t:|1781406366\n|move|p1a: Ursaring|Throat Chop|p2a: Dusknoir\n|-supereffective|p2a: Dusknoir\n|-damage|p2a: Dusknoir|10/225\n|-start|p2a: Dusknoir|Throat Chop|[silent]\n|move|p2a: Dusknoir|Pain Split|p1a: Ursaring\n|-sethp|p1a: Ursaring|81/288|[from] move: Pain Split|[silent]\n|-sethp|p2a: Dusknoir|81/225|[from] move: Pain Split\n|\n|-heal|p2a: Dusknoir|95/225|[from] item: Leftovers\n|upkeep\n|turn|23\n|\n|t:|1781406370\n|switch|p2a: Toxapex|Toxapex, L82, M|121/216 par\n|move|p1a: Ursaring|Throat Chop|p2a: Toxapex\n|-damage|p2a: Toxapex|74/216 par\n|-start|p2a: Toxapex|Throat Chop|[silent]\n|\n|upkeep\n|turn|24\n|\n|t:|1781406374\n|switch|p2a: Dusknoir|Dusknoir, L89, M|95/225\n|-item|p1a: Ursaring|Eviolite|[from] ability: Frisk|[of] p2a: Dusknoir\n|move|p1a: Ursaring|Body Slam|p2a: Dusknoir\n|-immune|p2a: Dusknoir\n|\n|-heal|p2a: Dusknoir|109/225|[from] item: Leftovers\n|upkeep\n|turn|25\n|\n|t:|1781406384\n|switch|p2a: Toxapex|Toxapex, L82, M|146/216 par\n|move|p1a: Ursaring|Throat Chop|p2a: Toxapex\n|-crit|p2a: Toxapex\n|-damage|p2a: Toxapex|79/216 par\n|-start|p2a: Toxapex|Throat Chop|[silent]\n|\n|upkeep\n|turn|26\n|\n|t:|1781406390\n|switch|p2a: Dusknoir|Dusknoir, L89, M|109/225\n|-item|p1a: Ursaring|Eviolite|[from] ability: Frisk|[of] p2a: Dusknoir\n|move|p1a: Ursaring|Body Slam|p2a: Dusknoir\n|-immune|p2a: Dusknoir\n|\n|-heal|p2a: Dusknoir|123/225|[from] item: Leftovers\n|upkeep\n|turn|27\n|\n|t:|1781406393\n|switch|p2a: Toxapex|Toxapex, L82, M|151/216 par\n|move|p1a: Ursaring|Throat Chop|p2a: Toxapex\n|-damage|p2a: Toxapex|101/216 par\n|-start|p2a: Toxapex|Throat Chop|[silent]\n|\n|upkeep\n|turn|28\n|\n|t:|1781406399\n|move|p1a: Ursaring|Rest|p1a: Ursaring\n|-status|p1a: Ursaring|slp|[from] move: Rest\n|-heal|p1a: Ursaring|288/288 slp|[silent]\n|move|p2a: Toxapex|Recover|p2a: Toxapex\n|-heal|p2a: Toxapex|209/216 par\n|\n|-end|p2a: Toxapex|Throat Chop|[silent]\n|upkeep\n|turn|29\n|\n|t:|1781406405\n|cant|p1a: Ursaring|slp\n|move|p1a: Ursaring|Sleep Talk|p1a: Ursaring\n|move|p1a: Ursaring|Throat Chop|p2a: Toxapex|[from] move: Sleep Talk\n|-damage|p2a: Toxapex|134/216 par\n|-start|p2a: Toxapex|Throat Chop|[silent]\n|move|p2a: Toxapex|Liquidation|p1a: Ursaring\n|-damage|p1a: Ursaring|240/288 slp\n|-unboost|p1a: Ursaring|def|1\n|\n|upkeep\n|turn|30\n|\n|t:|1781406412\n|cant|p1a: Ursaring|slp\n|move|p1a: Ursaring|Sleep Talk|p1a: Ursaring\n|move|p1a: Ursaring|Throat Chop|p2a: Toxapex|[from] move: Sleep Talk\n|-damage|p2a: Toxapex|61/216 par\n|move|p2a: Toxapex|Recover|p2a: Toxapex\n|-heal|p2a: Toxapex|169/216 par\n|\n|-end|p2a: Toxapex|Throat Chop|[silent]\n|upkeep\n|turn|31\n|\n|t:|1781406417\n|-curestatus|p1a: Ursaring|slp|[msg]\n|move|p1a: Ursaring|Body Slam|p2a: Toxapex\n|-damage|p2a: Toxapex|97/216 par\n|cant|p2a: Toxapex|par\n|\n|upkeep\n|turn|32\n|\n|t:|1781406423\n|move|p1a: Ursaring|Body Slam|p2a: Toxapex\n|-damage|p2a: Toxapex|21/216 par\n|cant|p2a: Toxapex|par\n|\n|upkeep\n|turn|33\n|\n|t:|1781406426\n|switch|p2a: Hitmonchan|Hitmonchan, L87, M|229/229\n|move|p1a: Ursaring|Throat Chop|p2a: Hitmonchan\n|-resisted|p2a: Hitmonchan\n|-damage|p2a: Hitmonchan|193/229\n|-start|p2a: Hitmonchan|Throat Chop|[silent]\n|\n|-heal|p2a: Hitmonchan|207/229|[from] item: Leftovers\n|upkeep\n|turn|34\n|\n|t:|1781406432\n|-terastallize|p1a: Ursaring|Ghost\n|move|p2a: Hitmonchan|Knock Off|p1a: Ursaring\n|-supereffective|p1a: Ursaring\n|-damage|p1a: Ursaring|50/288\n|-enditem|p1a: Ursaring|Eviolite|[from] move: Knock Off|[of] p2a: Hitmonchan\n|move|p1a: Ursaring|Body Slam|p2a: Hitmonchan\n|-damage|p2a: Hitmonchan|83/229\n|\n|-heal|p2a: Hitmonchan|97/229|[from] item: Leftovers\n|-end|p2a: Hitmonchan|Throat Chop|[silent]\n|upkeep\n|turn|35\n|\n|t:|1781406439\n|switch|p1a: Hitmonlee|Hitmonlee, L85, M|159/224 psn\n|move|p2a: Hitmonchan|Knock Off|p1a: Hitmonlee\n|-resisted|p1a: Hitmonlee\n|-damage|p1a: Hitmonlee|105/224 psn\n|-enditem|p1a: Hitmonlee|White Herb|[from] move: Knock Off|[of] p2a: Hitmonchan\n|\n|-heal|p2a: Hitmonchan|111/229|[from] item: Leftovers\n|-damage|p1a: Hitmonlee|77/224 psn|[from] psn\n|upkeep\n|turn|36\n|\n|t:|1781406457\n|switch|p2a: Dusknoir|Dusknoir, L89, M|123/225\n|move|p1a: Hitmonlee|Close Combat|p2a: Dusknoir\n|-immune|p2a: Dusknoir\n|\n|-heal|p2a: Dusknoir|137/225|[from] item: Leftovers\n|-damage|p1a: Hitmonlee|49/224 psn|[from] psn\n|upkeep\n|turn|37\n|\n|t:|1781406460\n|move|p2a: Dusknoir|Shadow Sneak|p1a: Hitmonlee\n|-damage|p1a: Hitmonlee|0 fnt\n|faint|p1a: Hitmonlee\n|\n|-heal|p2a: Dusknoir|151/225|[from] item: Leftovers\n|upkeep\n|\n|t:|1781406466\n|switch|p1a: Duraludon|Duraludon, L82, F|249/249\n|turn|38\n|\n|t:|1781406472\n|move|p1a: Duraludon|Thunder Wave|p2a: Dusknoir\n|-status|p2a: Dusknoir|par\n|cant|p2a: Dusknoir|par\n|\n|-heal|p2a: Dusknoir|165/225 par|[from] item: Leftovers\n|upkeep\n|turn|39\n|\n|t:|1781406475\n|move|p1a: Duraludon|Flash Cannon|p2a: Dusknoir\n|-damage|p2a: Dusknoir|99/225 par\n|move|p2a: Dusknoir|Will-O-Wisp|p1a: Duraludon\n|-status|p1a: Duraludon|brn\n|\n|-heal|p2a: Dusknoir|113/225 par|[from] item: Leftovers\n|-damage|p1a: Duraludon|234/249 brn|[from] brn\n|upkeep\n|turn|40\n|\n|t:|1781406478\n|move|p1a: Duraludon|Flash Cannon|p2a: Dusknoir\n|-damage|p2a: Dusknoir|46/225 par\n|move|p2a: Dusknoir|Pain Split|p1a: Duraludon\n|-sethp|p1a: Duraludon|140/249 brn|[from] move: Pain Split|[silent]\n|-sethp|p2a: Dusknoir|140/225 par|[from] move: Pain Split\n|\n|-heal|p2a: Dusknoir|154/225 par|[from] item: Leftovers\n|-damage|p1a: Duraludon|125/249 brn|[from] brn\n|upkeep\n|turn|41\n|\n|t:|1781406484\n|move|p1a: Duraludon|Flash Cannon|p2a: Dusknoir\n|-damage|p2a: Dusknoir|85/225 par\n|move|p2a: Dusknoir|Poltergeist|p1a: Duraludon\n|-activate|p1a: Duraludon|move: Poltergeist|Eviolite\n|-damage|p1a: Duraludon|53/249 brn\n|\n|-heal|p2a: Dusknoir|99/225 par|[from] item: Leftovers\n|-damage|p1a: Duraludon|38/249 brn|[from] brn\n|upkeep\n|turn|42\n|\n|t:|1781406488\n|move|p1a: Duraludon|Draco Meteor|p2a: Dusknoir\n|-crit|p2a: Dusknoir\n|-damage|p2a: Dusknoir|0 fnt\n|-unboost|p1a: Duraludon|spa|2\n|faint|p2a: Dusknoir\n|\n|-damage|p1a: Duraludon|23/249 brn|[from] brn\n|upkeep\n|\n|t:|1781406500\n|switch|p2a: Toxapex|Toxapex, L82, M|93/216 par\n|turn|43\n|\n|t:|1781406503\n|move|p1a: Duraludon|Draco Meteor|p2a: Toxapex\n|-damage|p2a: Toxapex|36/216 par\n|-unboost|p1a: Duraludon|spa|2\n|move|p2a: Toxapex|Recover|p2a: Toxapex\n|-heal|p2a: Toxapex|144/216 par\n|\n|-damage|p1a: Duraludon|8/249 brn|[from] brn\n|upkeep\n|turn|44\n|\n|t:|1781406509\n|switch|p2a: Hitmonchan|Hitmonchan, L87, M|111/229\n|move|p1a: Duraludon|Draco Meteor|p2a: Hitmonchan\n|-damage|p2a: Hitmonchan|71/229\n|-unboost|p1a: Duraludon|spa|2\n|\n|-heal|p2a: Hitmonchan|85/229|[from] item: Leftovers\n|-damage|p1a: Duraludon|0 fnt|[from] brn\n|faint|p1a: Duraludon\n|upkeep\n|\n|t:|1781406514\n|switch|p1a: Barraskewda|Barraskewda, L81, F|231/231\n|-status|p1a: Barraskewda|tox\n|turn|45\n|\n|t:|1781406519\n|switch|p2a: Blissey|Blissey, L85, F|180/572\n|move|p1a: Barraskewda|Psychic Fangs|p2a: Blissey\n|-damage|p2a: Blissey|0 fnt\n|faint|p2a: Blissey\n|\n|-damage|p1a: Barraskewda|217/231 tox|[from] psn\n|upkeep\n|\n|t:|1781406534\n|switch|p2a: Noctowl|Noctowl, L95, F|344/344\n|turn|46\n|\n|t:|1781406538\n|move|p1a: Barraskewda|Psychic Fangs|p2a: Noctowl\n|-crit|p2a: Noctowl\n|-damage|p2a: Noctowl|136/344\n|move|p2a: Noctowl|Hyper Voice|p1a: Barraskewda\n|-damage|p1a: Barraskewda|58/231 tox\n|\n|-damage|p1a: Barraskewda|30/231 tox|[from] psn\n|upkeep\n|turn|47\n|\n|t:|1781406545\n|move|p1a: Barraskewda|Psychic Fangs|p2a: Noctowl\n|-damage|p2a: Noctowl|0 fnt\n|faint|p2a: Noctowl\n|\n|-damage|p1a: Barraskewda|0 fnt|[from] psn\n|faint|p1a: Barraskewda\n|upkeep\n|\n|t:|1781406552\n|switch|p1a: Iron Bundle|Iron Bundle, L78|215/215\n|switch|p2a: Toxtricity|Toxtricity, L82, M|257/257\n|-status|p1a: Iron Bundle|tox\n|turn|48\n|\n|t:|1781406559\n|move|p1a: Iron Bundle|Flip Turn|p2a: Toxtricity\n|-damage|p2a: Toxtricity|199/257\n|\n|t:|1781406562\n|-end|p1a: Iron Bundle|Quark Drive|[silent]\n|switch|p1a: Ursaring|Ursaring, L84, F, tera:Ghost|50/288|[from] Flip Turn\n|-status|p1a: Ursaring|tox\n|move|p2a: Toxtricity|Overdrive|p1a: Ursaring\n|-damage|p1a: Ursaring|0 fnt\n|faint|p1a: Ursaring\n|\n|upkeep\n|\n|t:|1781406563\n|switch|p1a: Iron Bundle|Iron Bundle, L78|215/215 tox\n|turn|49\n|\n|t:|1781406572\n|move|p1a: Iron Bundle|Hydro Pump|p2a: Toxtricity|[miss]\n|-miss|p1a: Iron Bundle|p2a: Toxtricity\n|move|p2a: Toxtricity|Overdrive|p1a: Iron Bundle\n|-supereffective|p1a: Iron Bundle\n|-damage|p1a: Iron Bundle|0 fnt\n|faint|p1a: Iron Bundle\n|-end|p1a: Iron Bundle|Quark Drive|[silent]\n|\n|win|RoLi404\n", "uploadtime": 1781406195, "views": 3, "formatid": "gen9randombattle", "rating": null, "private": 0, "password": null}