{"id": "gen9randombattle-2631771771", "format": "[Gen 9] Random Battle", "players": ["Mamut<33", "boulette de veau"], "log": "|j|\u2606Mamut<33\n|j|\u203dboulette de veau\n|t:|1781437183\n|gametype|singles\n|player|p1|Mamut<33|giovanni|1939\n|player|p2|boulette de veau|265|1947\n|gen|9\n|tier|[Gen 9] Random Battle\n|rated|\n|rule|Species Clause: Limit one of each Pok\u00e9mon\n|rule|HP Percentage Mod: HP is shown in percentages\n|rule|Sleep Clause Mod: Limit one foe put to sleep\n|rule|Illusion Level Mod: Illusion disguises the Pok\u00e9mon's true level\n|\n|t:|1781437183\n|teamsize|p1|6\n|teamsize|p2|6\n|start\n|switch|p1a: Swampert|Swampert, L83, F|302/302\n|switch|p2a: Bronzong|Bronzong, L88|261/261\n|turn|1\n|inactive|Battle timer is ON: inactive players will automatically lose when time's up. (requested by Mamut<33)\n|\n|t:|1781437199\n|move|p1a: Swampert|Stealth Rock|p2a: Bronzong\n|-sidestart|p2: boulette de veau|move: Stealth Rock\n|move|p2a: Bronzong|Hypnosis|p1a: Swampert|[miss]\n|-miss|p2a: Bronzong|p1a: Swampert\n|\n|upkeep\n|turn|2\n|\n|t:|1781437209\n|move|p2a: Bronzong|Psychic Noise|p1a: Swampert\n|-damage|p1a: Swampert|232/302\n|-start|p1a: Swampert|move: Heal Block\n|move|p1a: Swampert|Roar|p2a: Bronzong\n|drag|p2a: Great Tusk|Great Tusk, L77|304/304\n|-damage|p2a: Great Tusk|295/304|[from] Stealth Rock\n|\n|upkeep\n|turn|3\n|\n|t:|1781437219\n|-end|p2a: Great Tusk|Protosynthesis|[silent]\n|switch|p2a: Bronzong|Bronzong, L88|261/261\n|-damage|p2a: Bronzong|245/261|[from] Stealth Rock\n|move|p1a: Swampert|Flip Turn|p2a: Bronzong\n|-damage|p2a: Bronzong|188/261\n|\n|t:|1781437224\n|switch|p1a: Ampharos|Ampharos, L88, M|302/302|[from] Flip Turn\n|\n|-heal|p2a: Bronzong|204/261|[from] item: Leftovers\n|upkeep\n|turn|4\n|\n|t:|1781437232\n|move|p1a: Ampharos|Thunderbolt|p2a: Bronzong\n|-damage|p2a: Bronzong|69/261\n|move|p2a: Bronzong|Earthquake|p1a: Ampharos\n|-supereffective|p1a: Ampharos\n|-damage|p1a: Ampharos|162/302\n|\n|-heal|p2a: Bronzong|85/261|[from] item: Leftovers\n|upkeep\n|turn|5\n|\n|t:|1781437246\n|switch|p1a: Swampert|Swampert, L83, F|232/302\n|switch|p2a: Great Tusk|Great Tusk, L77|295/304\n|-damage|p2a: Great Tusk|286/304|[from] Stealth Rock\n|\n|-heal|p1a: Swampert|250/302|[from] item: Leftovers\n|upkeep\n|turn|6\n|\n|t:|1781437249\n|move|p2a: Great Tusk|Rapid Spin|p1a: Swampert\n|-damage|p1a: Swampert|216/302\n|-boost|p2a: Great Tusk|spe|1\n|-sideend|p2: boulette de veau|Stealth Rock|[from] move: Rapid Spin|[of] p2a: Great Tusk\n|move|p1a: Swampert|Flip Turn|p2a: Great Tusk\n|-supereffective|p2a: Great Tusk\n|-damage|p2a: Great Tusk|178/304\n|\n|t:|1781437253\n|switch|p1a: Cresselia|Cresselia, L80, F|323/323|[from] Flip Turn\n|\n|upkeep\n|turn|7\n|\n|t:|1781437262\n|-end|p2a: Great Tusk|Protosynthesis|[silent]\n|switch|p2a: Dachsbun|Dachsbun, L92, F|254/254\n|move|p1a: Cresselia|Calm Mind|p1a: Cresselia\n|-boost|p1a: Cresselia|spa|1\n|-boost|p1a: Cresselia|spd|1\n|\n|upkeep\n|turn|8\n|\n|t:|1781437267\n|move|p2a: Dachsbun|Wish|p2a: Dachsbun\n|move|p1a: Cresselia|Calm Mind|p1a: Cresselia\n|-boost|p1a: Cresselia|spa|1\n|-boost|p1a: Cresselia|spd|1\n|\n|upkeep\n|turn|9\n|\n|t:|1781437272\n|switch|p2a: Salazzle|Salazzle, L83, F|249/249\n|move|p1a: Cresselia|Thunderbolt|p2a: Salazzle\n|-crit|p2a: Salazzle\n|-damage|p2a: Salazzle|60/249\n|\n|-heal|p2a: Salazzle|187/249|[from] move: Wish|[wisher] Dachsbun\n|-heal|p2a: Salazzle|202/249|[from] item: Leftovers\n|upkeep\n|turn|10\n|\n|t:|1781437278\n|move|p2a: Salazzle|Toxic|p1a: Cresselia\n|-status|p1a: Cresselia|tox\n|move|p1a: Cresselia|Psyshock|p2a: Salazzle\n|-supereffective|p2a: Salazzle\n|-damage|p2a: Salazzle|0 fnt\n|faint|p2a: Salazzle\n|\n|-damage|p1a: Cresselia|303/323 tox|[from] psn\n|upkeep\n|\n|t:|1781437285\n|switch|p2a: Dachsbun|Dachsbun, L92, F|254/254\n|turn|11\n|\n|t:|1781437288\n|move|p2a: Dachsbun|Wish|p2a: Dachsbun\n|move|p1a: Cresselia|Psyshock|p2a: Dachsbun\n|-damage|p2a: Dachsbun|163/254\n|\n|-heal|p2a: Dachsbun|178/254|[from] item: Leftovers\n|-heal|p1a: Cresselia|323/323 tox|[from] item: Leftovers\n|-damage|p1a: Cresselia|283/323 tox|[from] psn\n|upkeep\n|turn|12\n|\n|t:|1781437292\n|move|p2a: Dachsbun|Play Rough|p1a: Cresselia\n|-damage|p1a: Cresselia|199/323 tox\n|move|p1a: Cresselia|Psyshock|p2a: Dachsbun\n|-damage|p2a: Dachsbun|76/254\n|\n|-heal|p2a: Dachsbun|203/254|[from] move: Wish|[wisher] Dachsbun\n|-heal|p2a: Dachsbun|218/254|[from] item: Leftovers\n|-heal|p1a: Cresselia|219/323 tox|[from] item: Leftovers\n|-damage|p1a: Cresselia|159/323 tox|[from] psn\n|upkeep\n|turn|13\n|\n|t:|1781437302\n|move|p2a: Dachsbun|Play Rough|p1a: Cresselia\n|-damage|p1a: Cresselia|69/323 tox\n|-unboost|p1a: Cresselia|atk|1\n|move|p1a: Cresselia|Moonlight|p1a: Cresselia\n|-heal|p1a: Cresselia|230/323 tox\n|\n|-heal|p2a: Dachsbun|233/254|[from] item: Leftovers\n|-heal|p1a: Cresselia|250/323 tox|[from] item: Leftovers\n|-damage|p1a: Cresselia|170/323 tox|[from] psn\n|upkeep\n|turn|14\n|\n|t:|1781437310\n|move|p2a: Dachsbun|Wish|p2a: Dachsbun\n|move|p1a: Cresselia|Thunderbolt|p2a: Dachsbun\n|-damage|p2a: Dachsbun|139/254\n|\n|-heal|p2a: Dachsbun|154/254|[from] item: Leftovers\n|-heal|p1a: Cresselia|190/323 tox|[from] item: Leftovers\n|-damage|p1a: Cresselia|90/323 tox|[from] psn\n|upkeep\n|turn|15\n|\n|t:|1781437316\n|move|p2a: Dachsbun|Play Rough|p1a: Cresselia\n|-crit|p1a: Cresselia\n|-damage|p1a: Cresselia|0 fnt\n|faint|p1a: Cresselia\n|\n|-heal|p2a: Dachsbun|254/254|[from] move: Wish|[wisher] Dachsbun\n|upkeep\n|\n|t:|1781437325\n|switch|p1a: Swampert|Swampert, L83, F|216/302\n|turn|16\n|\n|t:|1781437330\n|switch|p2a: Ogerpon|Ogerpon-Hearthflame, L74, F|239/239\n|-ability|p2a: Ogerpon|Mold Breaker\n|move|p1a: Swampert|Earthquake|p2a: Ogerpon\n|-crit|p2a: Ogerpon\n|-damage|p2a: Ogerpon|26/239\n|\n|-heal|p1a: Swampert|234/302|[from] item: Leftovers\n|upkeep\n|turn|17\n|\n|t:|1781437340\n|move|p2a: Ogerpon|Power Whip|p1a: Swampert\n|-supereffective|p1a: Swampert\n|-damage|p1a: Swampert|0 fnt\n|faint|p1a: Swampert\n|\n|upkeep\n|\n|t:|1781437350\n|switch|p1a: Arceus|Arceus-Flying, L69|279/279\n|turn|18\n|\n|t:|1781437354\n|switch|p2a: Klawf|Klawf, L90, F|272/272\n|move|p1a: Arceus|Judgment|p2a: Klawf\n|-resisted|p2a: Klawf\n|-damage|p2a: Klawf|208/272\n|\n|upkeep\n|turn|19\n|\n|t:|1781437363\n|switch|p1a: Ampharos|Ampharos, L88, M|162/302\n|move|p2a: Klawf|Stone Edge|p1a: Ampharos\n|-damage|p1a: Ampharos|6/302\n|-damage|p2a: Klawf|181/272|[from] item: Life Orb\n|\n|upkeep\n|turn|20\n|\n|t:|1781437368\n|move|p2a: Klawf|Stone Edge|p1a: Ampharos\n|-damage|p1a: Ampharos|0 fnt\n|faint|p1a: Ampharos\n|-damage|p2a: Klawf|154/272|[from] item: Life Orb\n|\n|upkeep\n|\n|t:|1781437371\n|switch|p1a: Quaquaval|Quaquaval, L79, F|264/264\n|turn|21\n|\n|t:|1781437376\n|switch|p2a: Dachsbun|Dachsbun, L92, F|254/254\n|move|p1a: Quaquaval|Aqua Step|p2a: Dachsbun\n|-damage|p2a: Dachsbun|149/254\n|-boost|p1a: Quaquaval|spe|1\n|\n|-heal|p2a: Dachsbun|164/254|[from] item: Leftovers\n|upkeep\n|turn|22\n|\n|t:|1781437389\n|move|p1a: Quaquaval|Aqua Step|p2a: Dachsbun\n|-damage|p2a: Dachsbun|68/254\n|-boost|p1a: Quaquaval|spe|1\n|move|p2a: Dachsbun|Play Rough|p1a: Quaquaval\n|-supereffective|p1a: Quaquaval\n|-damage|p1a: Quaquaval|60/264\n|\n|-heal|p2a: Dachsbun|83/254|[from] item: Leftovers\n|upkeep\n|turn|23\n|\n|t:|1781437407\n|move|p2a: Dachsbun|Protect|p2a: Dachsbun\n|-singleturn|p2a: Dachsbun|Protect\n|move|p1a: Quaquaval|Aqua Step|p2a: Dachsbun\n|-activate|p2a: Dachsbun|move: Protect\n|\n|-heal|p2a: Dachsbun|98/254|[from] item: Leftovers\n|upkeep\n|turn|24\n|\n|t:|1781437416\n|-terastallize|p1a: Quaquaval|Water\n|move|p1a: Quaquaval|Aqua Step|p2a: Dachsbun\n|-damage|p2a: Dachsbun|0 fnt\n|-boost|p1a: Quaquaval|spe|1\n|faint|p2a: Dachsbun\n|-ability|p1a: Quaquaval|Moxie|boost\n|-boost|p1a: Quaquaval|atk|1\n|\n|upkeep\n|\n|t:|1781437423\n|switch|p2a: Klawf|Klawf, L90, F|244/272\n|turn|25\n|\n|t:|1781437427\n|-terastallize|p2a: Klawf|Dark\n|move|p1a: Quaquaval|Aqua Step|p2a: Klawf\n|-damage|p2a: Klawf|58/272\n|-boost|p1a: Quaquaval|spe|1\n|move|p2a: Klawf|Knock Off|p1a: Quaquaval\n|-damage|p1a: Quaquaval|0 fnt\n|-enditem|p1a: Quaquaval|Choice Band|[from] move: Knock Off|[of] p2a: Klawf\n|faint|p1a: Quaquaval\n|-damage|p2a: Klawf|31/272|[from] item: Life Orb\n|\n|upkeep\n|\n|t:|1781437433\n|switch|p1a: Arceus|Arceus-Flying, L69|279/279\n|turn|26\n|\n|t:|1781437444\n|switch|p2a: Bronzong|Bronzong, L88|85/261\n|move|p1a: Arceus|Judgment|p2a: Bronzong\n|-resisted|p2a: Bronzong\n|-damage|p2a: Bronzong|47/261\n|\n|-heal|p2a: Bronzong|63/261|[from] item: Leftovers\n|upkeep\n|turn|27\n|\n|t:|1781437455\n|switch|p1a: Tropius|Tropius, L91, F|328/328\n|move|p2a: Bronzong|Hypnosis|p1a: Tropius|[miss]\n|-miss|p2a: Bronzong|p1a: Tropius\n|\n|-heal|p2a: Bronzong|79/261|[from] item: Leftovers\n|upkeep\n|turn|28\n|\n|t:|1781437461\n|move|p1a: Tropius|Air Slash|p2a: Bronzong\n|-resisted|p2a: Bronzong\n|-damage|p2a: Bronzong|49/261\n|move|p2a: Bronzong|Psychic Noise|p1a: Tropius\n|-damage|p1a: Tropius|255/328\n|-start|p1a: Tropius|move: Heal Block\n|\n|-heal|p2a: Bronzong|65/261|[from] item: Leftovers\n|upkeep\n|turn|29\n|\n|t:|1781437472\n|move|p1a: Tropius|Leech Seed|p2a: Bronzong\n|-start|p2a: Bronzong|move: Leech Seed\n|move|p2a: Bronzong|Iron Head|p1a: Tropius\n|-damage|p1a: Tropius|170/328\n|\n|-heal|p2a: Bronzong|81/261|[from] item: Leftovers\n|-damage|p2a: Bronzong|49/261|[from] Leech Seed|[of] p1a: Tropius\n|-end|p1a: Tropius|move: Heal Block\n|upkeep\n|turn|30\n|n|\u203dboulette de veau|boulettedeveau\n|n|\u203dboulette de veau|boulettedeveau\n|\n|t:|1781437490\n|switch|p2a: Great Tusk|Great Tusk, L77|178/304\n|move|p1a: Tropius|Air Slash|p2a: Great Tusk\n|-supereffective|p2a: Great Tusk\n|-damage|p2a: Great Tusk|22/304\n|\n|upkeep\n|turn|31\n|\n|t:|1781437499\n|move|p2a: Great Tusk|Stone Edge|p1a: Tropius\n|-supereffective|p1a: Tropius\n|-crit|p1a: Tropius\n|-damage|p1a: Tropius|0 fnt\n|faint|p1a: Tropius\n|\n|upkeep\n|\n|t:|1781437501\n|switch|p1a: Arceus|Arceus-Flying, L69|279/279\n|turn|32\n|\n|t:|1781437505\n|move|p1a: Arceus|Judgment|p2a: Great Tusk\n|-supereffective|p2a: Great Tusk\n|-damage|p2a: Great Tusk|0 fnt\n|faint|p2a: Great Tusk\n|-end|p2a: Great Tusk|Protosynthesis|[silent]\n|\n|upkeep\n|\n|t:|1781437510\n|switch|p2a: Bronzong|Bronzong, L88|49/261\n|turn|33\n|\n|t:|1781437517\n|move|p1a: Arceus|Calm Mind|p1a: Arceus\n|-boost|p1a: Arceus|spa|1\n|-boost|p1a: Arceus|spd|1\n|move|p2a: Bronzong|Hypnosis|p1a: Arceus\n|-status|p1a: Arceus|slp|[from] move: Hypnosis\n|\n|-heal|p2a: Bronzong|65/261|[from] item: Leftovers\n|upkeep\n|turn|34\n|\n|t:|1781437522\n|switch|p2a: Klawf|Klawf, L90, F, tera:Dark|121/272\n|cant|p1a: Arceus|slp\n|\n|upkeep\n|turn|35\n|\n|t:|1781437525\n|-curestatus|p1a: Arceus|slp|[msg]\n|move|p1a: Arceus|Judgment|p2a: Klawf\n|-damage|p2a: Klawf|0 fnt\n|faint|p2a: Klawf\n|\n|upkeep\n|l|\u203dboulette de veau\n|inactive|boulette de veau disconnected and has a minute to reconnect!\n|player|p2|\n|inactive|boulette de veau has 30 seconds to reconnect!\n|inactive|boulette de veau has 20 seconds to reconnect!\n|inactive|boulette de veau has 15 seconds to reconnect!\n|inactive|boulette de veau has 10 seconds to reconnect!\n|inactive|boulette de veau has 5 seconds to reconnect!\n|-message|boulette de veau lost due to inactivity.\n|\n|win|Mamut<33\n", "uploadtime": 1781437185, "views": 3, "formatid": "gen9randombattle", "rating": null, "private": 0, "password": null}