{"id": "gen9randombattle-2631896729", "format": "[Gen 9] Random Battle", "players": ["Profschnitzel", "huijokp"], "log": "|j|\u2606Profschnitzel\n|j|\u2606huijokp\n|t:|1781453197\n|gametype|singles\n|player|p1|Profschnitzel|steven|2005\n|player|p2|huijokp|266|1980\n|gen|9\n|tier|[Gen 9] Random Battle\n|rated|\n|rule|Species Clause: Limit one of each Pok\u00e9mon\n|rule|HP Percentage Mod: HP is shown in percentages\n|rule|Sleep Clause Mod: Limit one foe put to sleep\n|rule|Illusion Level Mod: Illusion disguises the Pok\u00e9mon's true level\n|\n|t:|1781453197\n|teamsize|p1|6\n|teamsize|p2|6\n|start\n|switch|p1a: Jirachi|Jirachi, L80|291/291\n|switch|p2a: Moltres|Moltres-Galar, L79|271/271\n|turn|1\n|inactive|Battle timer is ON: inactive players will automatically lose when time's up. (requested by Profschnitzel)\n|\n|t:|1781453208\n|move|p1a: Jirachi|Iron Head|p2a: Moltres\n|-damage|p2a: Moltres|184/271\n|cant|p2a: Moltres|flinch\n|\n|upkeep\n|turn|2\n|\n|t:|1781453215\n|move|p1a: Jirachi|Stealth Rock|p2a: Moltres\n|-sidestart|p2: huijokp|move: Stealth Rock\n|move|p2a: Moltres|Agility|p2a: Moltres\n|-boost|p2a: Moltres|spe|2\n|\n|upkeep\n|turn|3\n|\n|t:|1781453221\n|switch|p1a: Sylveon|Sylveon, L85, M|300/300\n|move|p2a: Moltres|Nasty Plot|p2a: Moltres\n|-boost|p2a: Moltres|spa|2\n|\n|upkeep\n|turn|4\n|\n|t:|1781453236\n|switch|p2a: Muk|Muk-Alola, L82, F|306/306\n|-damage|p2a: Muk|268/306|[from] Stealth Rock\n|move|p1a: Sylveon|Calm Mind|p1a: Sylveon\n|-boost|p1a: Sylveon|spa|1\n|-boost|p1a: Sylveon|spd|1\n|\n|upkeep\n|turn|5\n|\n|t:|1781453246\n|move|p1a: Sylveon|Hyper Voice|p2a: Muk\n|-damage|p2a: Muk|150/306\n|move|p2a: Muk|Poison Jab|p1a: Sylveon\n|-supereffective|p1a: Sylveon\n|-damage|p1a: Sylveon|90/300\n|\n|-heal|p1a: Sylveon|108/300|[from] item: Leftovers\n|upkeep\n|turn|6\n|\n|t:|1781453256\n|-terastallize|p1a: Sylveon|Steel\n|move|p1a: Sylveon|Wish|p1a: Sylveon\n|move|p2a: Muk|Poison Jab|p1a: Sylveon\n|-immune|p1a: Sylveon\n|\n|-heal|p1a: Sylveon|126/300|[from] item: Leftovers\n|upkeep\n|turn|7\n|\n|t:|1781453260\n|move|p1a: Sylveon|Hyper Voice|p2a: Muk\n|-damage|p2a: Muk|35/306\n|move|p2a: Muk|Knock Off|p1a: Sylveon\n|-damage|p1a: Sylveon|2/300\n|-enditem|p1a: Sylveon|Leftovers|[from] move: Knock Off|[of] p2a: Muk\n|\n|-heal|p1a: Sylveon|152/300|[from] move: Wish|[wisher] Sylveon\n|upkeep\n|turn|8\n|\n|t:|1781453269\n|move|p1a: Sylveon|Hyper Voice|p2a: Muk\n|-damage|p2a: Muk|0 fnt\n|faint|p2a: Muk\n|\n|upkeep\n|\n|t:|1781453273\n|switch|p2a: Mamoswine|Mamoswine, L81, M|311/311\n|-damage|p2a: Mamoswine|273/311|[from] Stealth Rock\n|turn|9\n|\n|t:|1781453277\n|switch|p1a: Exeggutor|Exeggutor-Alola, L89, M|314/314\n|-item|p2a: Mamoswine|Life Orb|[from] ability: Frisk|[of] p1a: Exeggutor\n|move|p2a: Mamoswine|Earthquake|p1a: Exeggutor\n|-resisted|p1a: Exeggutor\n|-damage|p1a: Exeggutor|240/314\n|-damage|p2a: Mamoswine|242/311|[from] item: Life Orb\n|\n|upkeep\n|turn|10\n|\n|t:|1781453284\n|move|p2a: Mamoswine|Icicle Crash|p1a: Exeggutor\n|-supereffective|p1a: Exeggutor\n|-damage|p1a: Exeggutor|0 fnt\n|faint|p1a: Exeggutor\n|-damage|p2a: Mamoswine|211/311|[from] item: Life Orb\n|\n|upkeep\n|\n|t:|1781453287\n|switch|p1a: Klawf|Klawf, L90, M|272/272\n|turn|11\n|\n|t:|1781453304\n|switch|p2a: Comfey|Comfey, L85, F|225/225\n|-damage|p2a: Comfey|197/225|[from] Stealth Rock\n|move|p1a: Klawf|Crabhammer|p2a: Comfey\n|-damage|p2a: Comfey|114/225\n|\n|-heal|p2a: Comfey|128/225|[from] item: Leftovers\n|upkeep\n|turn|12\n|\n|t:|1781453311\n|switch|p1a: Jirachi|Jirachi, L80|291/291\n|move|p2a: Comfey|Giga Drain|p1a: Jirachi\n|-resisted|p1a: Jirachi\n|-damage|p1a: Jirachi|269/291\n|-heal|p2a: Comfey|139/225|[from] drain|[of] p1a: Jirachi\n|\n|-heal|p2a: Comfey|153/225|[from] item: Leftovers\n|-heal|p1a: Jirachi|287/291|[from] item: Leftovers\n|upkeep\n|turn|13\n|\n|t:|1781453319\n|switch|p2a: Dragalge|Dragalge, L88, M|258/258\n|-damage|p2a: Dragalge|226/258|[from] Stealth Rock\n|move|p1a: Jirachi|Iron Head|p2a: Dragalge\n|-damage|p2a: Dragalge|144/258\n|\n|-heal|p1a: Jirachi|291/291|[from] item: Leftovers\n|-heal|p2a: Dragalge|160/258|[from] item: Leftovers\n|upkeep\n|turn|14\n|\n|t:|1781453323\n|move|p1a: Jirachi|Iron Head|p2a: Dragalge\n|-damage|p2a: Dragalge|88/258\n|cant|p2a: Dragalge|flinch\n|\n|-heal|p2a: Dragalge|104/258|[from] item: Leftovers\n|upkeep\n|turn|15\n|\n|t:|1781453327\n|move|p1a: Jirachi|Iron Head|p2a: Dragalge\n|-damage|p2a: Dragalge|26/258\n|cant|p2a: Dragalge|flinch\n|\n|-heal|p2a: Dragalge|42/258|[from] item: Leftovers\n|upkeep\n|turn|16\n|\n|t:|1781453331\n|move|p1a: Jirachi|Iron Head|p2a: Dragalge\n|-damage|p2a: Dragalge|0 fnt\n|faint|p2a: Dragalge\n|\n|upkeep\n|\n|t:|1781453332\n|switch|p2a: Zebstrika|Zebstrika, L87, F|272/272\n|-damage|p2a: Zebstrika|238/272|[from] Stealth Rock\n|turn|17\n|\n|t:|1781453347\n|switch|p1a: Zebstrika|Zebstrika, L87, F|272/272\n|move|p2a: Zebstrika|Overheat|p1a: Zebstrika\n|-damage|p1a: Zebstrika|130/272\n|-unboost|p2a: Zebstrika|spa|2\n|-damage|p2a: Zebstrika|211/272|[from] item: Life Orb\n|\n|upkeep\n|turn|18\n|\n|t:|1781453360\n|switch|p2a: Comfey|Comfey, L85, F|153/225\n|-damage|p2a: Comfey|125/225|[from] Stealth Rock\n|move|p1a: Zebstrika|High Horsepower|p2a: Comfey\n|-damage|p2a: Comfey|30/225\n|-damage|p1a: Zebstrika|103/272|[from] item: Life Orb\n|\n|-heal|p2a: Comfey|44/225|[from] item: Leftovers\n|upkeep\n|turn|19\n|\n|t:|1781453366\n|move|p2a: Comfey|Draining Kiss|p1a: Zebstrika\n|-damage|p1a: Zebstrika|48/272\n|-heal|p2a: Comfey|85/225|[from] drain|[of] p1a: Zebstrika\n|move|p1a: Zebstrika|Volt Switch|p2a: Comfey\n|-crit|p2a: Comfey\n|-damage|p2a: Comfey|0 fnt\n|faint|p2a: Comfey\n|-damage|p1a: Zebstrika|21/272|[from] item: Life Orb\n|\n|t:|1781453377\n|switch|p1a: Klawf|Klawf, L90, M|272/272|[from] Volt Switch\n|\n|upkeep\n|\n|t:|1781453382\n|switch|p2a: Moltres|Moltres-Galar, L79|184/271\n|-damage|p2a: Moltres|117/271|[from] Stealth Rock\n|turn|20\n|\n|t:|1781453387\n|move|p1a: Klawf|Stone Edge|p2a: Moltres|[miss]\n|-miss|p1a: Klawf|p2a: Moltres\n|move|p2a: Moltres|Fiery Wrath|p1a: Klawf\n|-damage|p1a: Klawf|163/272\n|\n|upkeep\n|turn|21\n|\n|t:|1781453394\n|move|p1a: Klawf|Stone Edge|p2a: Moltres\n|-supereffective|p2a: Moltres\n|-damage|p2a: Moltres|0 fnt\n|faint|p2a: Moltres\n|\n|upkeep\n|\n|t:|1781453397\n|switch|p2a: Mamoswine|Mamoswine, L81, M|211/311\n|-damage|p2a: Mamoswine|173/311|[from] Stealth Rock\n|turn|22\n|\n|t:|1781453405\n|switch|p1a: Sylveon|Sylveon, L85, M, tera:Steel|152/300\n|move|p2a: Mamoswine|Earthquake|p1a: Sylveon\n|-supereffective|p1a: Sylveon\n|-damage|p1a: Sylveon|0 fnt\n|faint|p1a: Sylveon\n|-damage|p2a: Mamoswine|142/311|[from] item: Life Orb\n|\n|upkeep\n|\n|t:|1781453408\n|switch|p1a: Tatsugiri|Tatsugiri, L87, M|260/260\n|turn|23\n|\n|t:|1781453414\n|move|p1a: Tatsugiri|Draco Meteor|p2a: Mamoswine\n|-damage|p2a: Mamoswine|0 fnt\n|-unboost|p1a: Tatsugiri|spa|2\n|faint|p2a: Mamoswine\n|\n|upkeep\n|\n|t:|1781453417\n|switch|p2a: Zebstrika|Zebstrika, L87, F|211/272\n|-damage|p2a: Zebstrika|177/272|[from] Stealth Rock\n|turn|24\n|c|\u2606Profschnitzel|gg\n|c|\u2606huijokp|gg\n|\n|t:|1781453427\n|move|p2a: Zebstrika|High Horsepower|p1a: Tatsugiri\n|-damage|p1a: Tatsugiri|133/260\n|-damage|p2a: Zebstrika|150/272|[from] item: Life Orb\n|move|p1a: Tatsugiri|Rapid Spin|p2a: Zebstrika\n|-damage|p2a: Zebstrika|119/272\n|-boost|p1a: Tatsugiri|spe|1\n|\n|upkeep\n|turn|25\n|\n|t:|1781453437\n|move|p1a: Tatsugiri|Draco Meteor|p2a: Zebstrika\n|-damage|p2a: Zebstrika|10/272\n|-unboost|p1a: Tatsugiri|spa|2\n|move|p2a: Zebstrika|Supercell Slam|p1a: Tatsugiri\n|-damage|p1a: Tatsugiri|0 fnt\n|faint|p1a: Tatsugiri\n|-damage|p2a: Zebstrika|0 fnt|[from] item: Life Orb\n|faint|p2a: Zebstrika\n|\n|win|Profschnitzel\n", "uploadtime": 1781453200, "views": 4, "formatid": "gen9randombattle", "rating": null, "private": 0, "password": null}