{"id": "gen9randombattle-2631382928", "format": "[Gen 9] Random Battle", "players": ["Where is the hax", "Meloeita!"], "log": "|j|\u2606Where is the hax\n|j|\u2606Meloeita!\n|t:|1781378133\n|gametype|singles\n|player|p1|Where is the hax|101|2021\n|player|p2|Meloeita!|170|1956\n|gen|9\n|tier|[Gen 9] Random Battle\n|rated|\n|rule|Species Clause: Limit one of each Pok\u00e9mon\n|rule|HP Percentage Mod: HP is shown in percentages\n|rule|Sleep Clause Mod: Limit one foe put to sleep\n|rule|Illusion Level Mod: Illusion disguises the Pok\u00e9mon's true level\n|\n|t:|1781378133\n|teamsize|p1|6\n|teamsize|p2|6\n|start\n|switch|p1a: Salazzle|Salazzle, L83, F|249/249\n|switch|p2a: Pawmot|Pawmot, L80, M|243/243\n|turn|1\n|\n|t:|1781378146\n|move|p1a: Salazzle|Nasty Plot|p1a: Salazzle\n|-boost|p1a: Salazzle|spa|2\n|move|p2a: Pawmot|Double Shock|p1a: Salazzle\n|-damage|p1a: Salazzle|2/249\n|-start|p2a: Pawmot|typechange|???/Fighting|[from] move: Double Shock\n|-damage|p2a: Pawmot|219/243|[from] item: Life Orb\n|\n|upkeep\n|turn|2\n|\n|t:|1781378166\n|switch|p2a: Rhyperior|Rhyperior, L82, M|323/323\n|move|p1a: Salazzle|Fire Blast|p2a: Rhyperior\n|-resisted|p2a: Rhyperior\n|-damage|p2a: Rhyperior|137/323\n|\n|upkeep\n|turn|3\n|\n|t:|1781378178\n|move|p1a: Salazzle|Fire Blast|p2a: Rhyperior\n|-resisted|p2a: Rhyperior\n|-damage|p2a: Rhyperior|0 fnt\n|faint|p2a: Rhyperior\n|\n|upkeep\n|\n|t:|1781378186\n|switch|p2a: Sableye|Sableye, L88, M|231/231\n|turn|4\n|\n|t:|1781378194\n|move|p2a: Sableye|Thunder Wave|p1a: Salazzle\n|-status|p1a: Salazzle|par\n|move|p1a: Salazzle|Fire Blast|p2a: Sableye\n|-damage|p2a: Sableye|0 fnt\n|faint|p2a: Sableye\n|\n|upkeep\n|\n|t:|1781378210\n|switch|p2a: Leafeon|Leafeon, L88, F|258/258\n|turn|5\n|\n|t:|1781378215\n|move|p2a: Leafeon|Leaf Blade|p1a: Salazzle\n|-resisted|p1a: Salazzle\n|-damage|p1a: Salazzle|0 fnt\n|faint|p1a: Salazzle\n|-damage|p2a: Leafeon|233/258|[from] item: Life Orb\n|\n|upkeep\n|\n|t:|1781378232\n|switch|p1a: Ceruledge|Ceruledge, L78, M|245/245\n|turn|6\n|\n|t:|1781378237\n|move|p2a: Leafeon|Swords Dance|p2a: Leafeon\n|-boost|p2a: Leafeon|atk|2\n|move|p1a: Ceruledge|Swords Dance|p1a: Ceruledge\n|-boost|p1a: Ceruledge|atk|2\n|\n|upkeep\n|turn|7\n|\n|t:|1781378250\n|-terastallize|p2a: Leafeon|Dark\n|move|p2a: Leafeon|Knock Off|p1a: Ceruledge\n|-supereffective|p1a: Ceruledge\n|-damage|p1a: Ceruledge|0 fnt\n|-enditem|p1a: Ceruledge|Heavy-Duty Boots|[from] move: Knock Off|[of] p2a: Leafeon\n|faint|p1a: Ceruledge\n|-damage|p2a: Leafeon|208/258|[from] item: Life Orb\n|\n|upkeep\n|\n|t:|1781378260\n|switch|p1a: Hariyama|Hariyama, L87, F|392/392\n|turn|8\n|\n|t:|1781378265\n|move|p2a: Leafeon|Leaf Blade|p1a: Hariyama\n|-crit|p1a: Hariyama\n|-damage|p1a: Hariyama|0 fnt\n|faint|p1a: Hariyama\n|-damage|p2a: Leafeon|183/258|[from] item: Life Orb\n|\n|upkeep\n|\n|t:|1781378283\n|switch|p1a: Vileplume|Vileplume, L85, M|266/266\n|turn|9\n|\n|t:|1781378294\n|move|p2a: Leafeon|Swords Dance|p2a: Leafeon\n|-boost|p2a: Leafeon|atk|2\n|move|p1a: Vileplume|Strength Sap|p2a: Leafeon\n|-unboost|p2a: Leafeon|atk|1\n|\n|upkeep\n|turn|10\n|\n|t:|1781378301\n|move|p2a: Leafeon|Knock Off|p1a: Vileplume\n|-damage|p1a: Vileplume|0 fnt\n|-status|p2a: Leafeon|par|[from] ability: Effect Spore|[of] p1a: Vileplume\n|-enditem|p1a: Vileplume|Leftovers|[from] move: Knock Off|[of] p2a: Leafeon\n|faint|p1a: Vileplume\n|-damage|p2a: Leafeon|158/258 par|[from] item: Life Orb\n|\n|upkeep\n|\n|t:|1781378305\n|switch|p1a: Lucario|Lucario, L84, M|255/255\n|turn|11\n|\n|t:|1781378311\n|move|p1a: Lucario|Aura Sphere|p2a: Leafeon\n|-supereffective|p2a: Leafeon\n|-damage|p2a: Leafeon|0 fnt\n|faint|p2a: Leafeon\n|-damage|p1a: Lucario|230/255|[from] item: Life Orb\n|\n|upkeep\n|\n|t:|1781378320\n|switch|p2a: Pawmot|Pawmot, L80, M|219/243\n|turn|12\n|\n|t:|1781378328\n|switch|p1a: Vigoroth|Vigoroth, L85, F|275/275\n|move|p2a: Pawmot|Close Combat|p1a: Vigoroth\n|-supereffective|p1a: Vigoroth\n|-damage|p1a: Vigoroth|23/275\n|-unboost|p2a: Pawmot|def|1\n|-unboost|p2a: Pawmot|spd|1\n|-damage|p2a: Pawmot|195/243|[from] item: Life Orb\n|\n|upkeep\n|turn|13\n|\n|t:|1781378338\n|move|p2a: Pawmot|Ice Punch|p1a: Vigoroth\n|-damage|p1a: Vigoroth|0 fnt\n|faint|p1a: Vigoroth\n|-damage|p2a: Pawmot|171/243|[from] item: Life Orb\n|\n|upkeep\n|\n|t:|1781378343\n|switch|p1a: Lucario|Lucario, L84, M|230/255\n|turn|14\n|\n|t:|1781378348\n|switch|p2a: Drifblim|Drifblim, L86, F|398/398\n|-terastallize|p1a: Lucario|Fighting\n|move|p1a: Lucario|Vacuum Wave|p2a: Drifblim\n|-immune|p2a: Drifblim\n|\n|upkeep\n|turn|15\n|\n|t:|1781378354\n|move|p1a: Lucario|Nasty Plot|p1a: Lucario\n|-boost|p1a: Lucario|spa|2\n|move|p2a: Drifblim|Air Slash|p1a: Lucario\n|-supereffective|p1a: Lucario\n|-damage|p1a: Lucario|26/255\n|\n|upkeep\n|turn|16\n|\n|t:|1781378362\n|move|p1a: Lucario|Flash Cannon|p2a: Drifblim\n|-damage|p2a: Drifblim|67/398\n|-damage|p1a: Lucario|1/255|[from] item: Life Orb\n|move|p2a: Drifblim|Air Slash|p1a: Lucario\n|-supereffective|p1a: Lucario\n|-damage|p1a: Lucario|0 fnt\n|faint|p1a: Lucario\n|\n|win|Meloeita!\n", "uploadtime": 1781378135, "views": 9, "formatid": "gen9randombattle", "rating": null, "private": 0, "password": null}