{"id": "gen9randombattle-2631723768", "format": "[Gen 9] Random Battle", "players": ["Valentina17", "bilabong"], "log": "|j|\u2606Valentina17\n|j|\u2606bilabong\n|t:|1781428864\n|gametype|singles\n|player|p1|Valentina17|parasollady|1952\n|player|p2|bilabong|265|2001\n|gen|9\n|tier|[Gen 9] Random Battle\n|rated|\n|rule|Species Clause: Limit one of each Pok\u00e9mon\n|rule|HP Percentage Mod: HP is shown in percentages\n|rule|Sleep Clause Mod: Limit one foe put to sleep\n|rule|Illusion Level Mod: Illusion disguises the Pok\u00e9mon's true level\n|\n|t:|1781428864\n|teamsize|p1|6\n|teamsize|p2|6\n|start\n|switch|p1a: Bellossom|Bellossom, L84, F|263/263\n|switch|p2a: Iron Moth|Iron Moth, L78|253/253\n|turn|1\n|inactive|Battle timer is ON: inactive players will automatically lose when time's up. (requested by Valentina17)\n|\n|t:|1781428882\n|switch|p1a: Camerupt|Camerupt, L91, M|275/275\n|move|p2a: Iron Moth|U-turn|p1a: Camerupt\n|-resisted|p1a: Camerupt\n|-damage|p1a: Camerupt|256/275\n|\n|t:|1781428893\n|-end|p2a: Iron Moth|Quark Drive|[silent]\n|switch|p2a: Dusknoir|Dusknoir, L89, F|235/235|[from] U-turn\n|\n|-heal|p1a: Camerupt|273/275|[from] item: Leftovers\n|upkeep\n|turn|2\n|\n|t:|1781428906\n|move|p2a: Dusknoir|Nasty Plot|p2a: Dusknoir\n|-boost|p2a: Dusknoir|spa|2\n|move|p1a: Camerupt|Stealth Rock|p2a: Dusknoir\n|-sidestart|p2: bilabong|move: Stealth Rock\n|\n|-heal|p1a: Camerupt|275/275|[from] item: Leftovers\n|upkeep\n|turn|3\n|\n|t:|1781428913\n|move|p2a: Dusknoir|Dark Pulse|p1a: Camerupt\n|-damage|p1a: Camerupt|14/275\n|-damage|p2a: Dusknoir|212/235|[from] item: Life Orb\n|move|p1a: Camerupt|Earthquake|p2a: Dusknoir\n|-damage|p2a: Dusknoir|53/235\n|replace|p2a: Zoroark|Zoroark, L83, M\n|-end|p2a: Zoroark|Illusion\n|-hint|Illusion Level Mod is active, so this Pok\u00e9mon's true level was hidden.\n|\n|-heal|p1a: Camerupt|31/275|[from] item: Leftovers\n|upkeep\n|turn|4\n|\n|t:|1781428919\n|move|p2a: Zoroark|Psychic|p1a: Camerupt\n|-damage|p1a: Camerupt|0 fnt\n|faint|p1a: Camerupt\n|-damage|p2a: Zoroark|30/235|[from] item: Life Orb\n|\n|upkeep\n|\n|t:|1781428924\n|switch|p1a: Spectrier|Spectrier, L75|274/274\n|turn|5\n|\n|t:|1781428936\n|move|p1a: Spectrier|Shadow Ball|p2a: Zoroark\n|-resisted|p2a: Zoroark\n|-damage|p2a: Zoroark|0 fnt\n|faint|p2a: Zoroark\n|-ability|p1a: Spectrier|Grim Neigh|boost\n|-boost|p1a: Spectrier|spa|1\n|-damage|p1a: Spectrier|247/274|[from] item: Life Orb\n|\n|upkeep\n|\n|t:|1781428941\n|switch|p2a: Froslass|Froslass, L87, F|263/263\n|-damage|p2a: Froslass|198/263|[from] Stealth Rock\n|turn|6\n|\n|t:|1781428948\n|move|p2a: Froslass|Destiny Bond|p2a: Froslass\n|-singlemove|p2a: Froslass|Destiny Bond\n|move|p1a: Spectrier|Nasty Plot|p1a: Spectrier\n|-boost|p1a: Spectrier|spa|2\n|\n|upkeep\n|turn|7\n|\n|t:|1781428954\n|-terastallize|p1a: Spectrier|Fairy\n|move|p2a: Froslass|Poltergeist|p1a: Spectrier\n|-activate|p1a: Spectrier|move: Poltergeist|Life Orb\n|-damage|p1a: Spectrier|90/274\n|move|p1a: Spectrier|Will-O-Wisp|p2a: Froslass|[miss]\n|-miss|p1a: Spectrier|p2a: Froslass\n|\n|upkeep\n|turn|8\n|\n|t:|1781428962\n|move|p2a: Froslass|Poltergeist|p1a: Spectrier\n|-activate|p1a: Spectrier|move: Poltergeist|Life Orb\n|-damage|p1a: Spectrier|0 fnt\n|faint|p1a: Spectrier\n|\n|upkeep\n|\n|t:|1781428966\n|switch|p1a: Bellossom|Bellossom, L84, F|263/263\n|turn|9\n|\n|t:|1781428971\n|move|p2a: Froslass|Triple Axel|p1a: Bellossom\n|-supereffective|p1a: Bellossom\n|-damage|p1a: Bellossom|225/263\n|-supereffective|p1a: Bellossom\n|-damage|p1a: Bellossom|147/263\n|-supereffective|p1a: Bellossom\n|-damage|p1a: Bellossom|39/263\n|-hitcount|p1a: Bellossom|3\n|move|p1a: Bellossom|Quiver Dance|p1a: Bellossom\n|-boost|p1a: Bellossom|spa|1\n|-boost|p1a: Bellossom|spd|1\n|-boost|p1a: Bellossom|spe|1\n|\n|-heal|p1a: Bellossom|55/263|[from] item: Leftovers\n|upkeep\n|turn|10\n|\n|t:|1781428984\n|move|p2a: Froslass|Poltergeist|p1a: Bellossom\n|-activate|p1a: Bellossom|move: Poltergeist|Leftovers\n|-damage|p1a: Bellossom|0 fnt\n|faint|p1a: Bellossom\n|\n|upkeep\n|\n|t:|1781428989\n|switch|p1a: Flareon|Flareon, L90, M|263/263\n|turn|11\n|\n|t:|1781428999\n|move|p2a: Froslass|Poltergeist|p1a: Flareon\n|-activate|p1a: Flareon|move: Poltergeist|Toxic Orb\n|-damage|p1a: Flareon|134/263\n|move|p1a: Flareon|Trailblaze|p2a: Froslass\n|-damage|p2a: Froslass|139/263\n|-boost|p1a: Flareon|spe|1\n|\n|-status|p1a: Flareon|tox|[from] item: Toxic Orb\n|upkeep\n|turn|12\n|\n|t:|1781429006\n|move|p1a: Flareon|Flare Blitz|p2a: Froslass\n|-supereffective|p2a: Froslass\n|-damage|p2a: Froslass|0 fnt\n|faint|p2a: Froslass\n|-damage|p1a: Flareon|88/263 tox|[from] Recoil\n|\n|-damage|p1a: Flareon|72/263 tox|[from] psn\n|upkeep\n|\n|t:|1781429018\n|switch|p2a: Dusknoir|Dusknoir, L89, F|225/225\n|-damage|p2a: Dusknoir|197/225|[from] Stealth Rock\n|-item|p1a: Flareon|Toxic Orb|[from] ability: Frisk|[of] p2a: Dusknoir\n|turn|13\n|\n|t:|1781429025\n|switch|p1a: Arceus|Arceus-Electric, L70|284/284\n|move|p2a: Dusknoir|Shadow Sneak|p1a: Arceus\n|-damage|p1a: Arceus|236/284\n|\n|-heal|p2a: Dusknoir|211/225|[from] item: Leftovers\n|upkeep\n|turn|14\n|\n|t:|1781429029\n|move|p1a: Arceus|Calm Mind|p1a: Arceus\n|-boost|p1a: Arceus|spa|1\n|-boost|p1a: Arceus|spd|1\n|move|p2a: Dusknoir|Will-O-Wisp|p1a: Arceus\n|-status|p1a: Arceus|brn\n|\n|-heal|p2a: Dusknoir|225/225|[from] item: Leftovers\n|-damage|p1a: Arceus|219/284 brn|[from] brn\n|upkeep\n|turn|15\n|\n|t:|1781429033\n|move|p1a: Arceus|Calm Mind|p1a: Arceus\n|-boost|p1a: Arceus|spa|1\n|-boost|p1a: Arceus|spd|1\n|move|p2a: Dusknoir|Poltergeist|p1a: Arceus\n|-activate|p1a: Arceus|move: Poltergeist|Zap Plate\n|-damage|p1a: Arceus|87/284 brn\n|\n|-damage|p1a: Arceus|70/284 brn|[from] brn\n|upkeep\n|turn|16\n|\n|t:|1781429037\n|move|p1a: Arceus|Recover|p1a: Arceus\n|-heal|p1a: Arceus|212/284 brn\n|move|p2a: Dusknoir|Poltergeist|p1a: Arceus\n|-activate|p1a: Arceus|move: Poltergeist|Zap Plate\n|-damage|p1a: Arceus|88/284 brn\n|\n|-damage|p1a: Arceus|71/284 brn|[from] brn\n|upkeep\n|turn|17\n|\n|t:|1781429043\n|move|p1a: Arceus|Judgment|p2a: Dusknoir\n|-damage|p2a: Dusknoir|74/225\n|move|p2a: Dusknoir|Poltergeist|p1a: Arceus\n|-activate|p1a: Arceus|move: Poltergeist|Zap Plate\n|-damage|p1a: Arceus|0 fnt\n|faint|p1a: Arceus\n|\n|-heal|p2a: Dusknoir|88/225|[from] item: Leftovers\n|upkeep\n|\n|t:|1781429046\n|switch|p1a: Brambleghast|Brambleghast, L88, M|240/240\n|turn|18\n|\n|t:|1781429054\n|move|p2a: Dusknoir|Shadow Sneak|p1a: Brambleghast\n|-supereffective|p1a: Brambleghast\n|-damage|p1a: Brambleghast|126/240\n|move|p1a: Brambleghast|Poltergeist|p2a: Dusknoir|[miss]\n|-miss|p1a: Brambleghast|p2a: Dusknoir\n|\n|-heal|p2a: Dusknoir|102/225|[from] item: Leftovers\n|upkeep\n|turn|19\n|\n|t:|1781429057\n|move|p2a: Dusknoir|Shadow Sneak|p1a: Brambleghast\n|-supereffective|p1a: Brambleghast\n|-damage|p1a: Brambleghast|18/240\n|move|p1a: Brambleghast|Poltergeist|p2a: Dusknoir\n|-activate|p2a: Dusknoir|move: Poltergeist|Leftovers\n|-supereffective|p2a: Dusknoir\n|-damage|p2a: Dusknoir|0 fnt\n|faint|p2a: Dusknoir\n|\n|upkeep\n|\n|t:|1781429063\n|switch|p2a: Iron Moth|Iron Moth, L78|253/253\n|-damage|p2a: Iron Moth|190/253|[from] Stealth Rock\n|turn|20\n|\n|t:|1781429070\n|move|p2a: Iron Moth|Sludge Wave|p1a: Brambleghast\n|-damage|p1a: Brambleghast|0 fnt\n|faint|p1a: Brambleghast\n|\n|upkeep\n|\n|t:|1781429072\n|switch|p1a: Flareon|Flareon, L90, M|72/263 tox\n|turn|21\n|\n|t:|1781429074\n|move|p2a: Iron Moth|Sludge Wave|p1a: Flareon\n|-damage|p1a: Flareon|0 fnt\n|faint|p1a: Flareon\n|\n|win|bilabong\n|raw|Valentina17's rating: 1952 &rarr; <strong>1935</strong><br />(-17 for losing)\n|raw|bilabong's rating: 2001 &rarr; <strong>2018</strong><br />(+17 for winning)\n", "uploadtime": 1781428866, "views": 4, "formatid": "gen9randombattle", "rating": 1935, "private": 0, "password": null}