{"id": "gen9randombattle-2631416886", "format": "[Gen 9] Random Battle", "players": ["I_Hate_You_1503", "Pokekekeke"], "log": "|j|\u2606I_Hate_You_1503\n|j|\u2606Pokekekeke\n|t:|1781382088\n|gametype|singles\n|player|p1|I_Hate_You_1503|liko|1302\n|player|p2|Pokekekeke|265|1348\n|gen|9\n|tier|[Gen 9] Random Battle\n|rated|\n|rule|Species Clause: Limit one of each Pok\u00e9mon\n|rule|HP Percentage Mod: HP is shown in percentages\n|rule|Sleep Clause Mod: Limit one foe put to sleep\n|rule|Illusion Level Mod: Illusion disguises the Pok\u00e9mon's true level\n|\n|t:|1781382088\n|teamsize|p1|6\n|teamsize|p2|6\n|start\n|switch|p1a: Scream Tail|Scream Tail, L84|330/330\n|switch|p2a: Lilligant|Lilligant, L86, F|261/261\n|turn|1\n|inactive|Battle timer is ON: inactive players will automatically lose when time's up. (requested by I_Hate_You_1503)\n|inactive|Pokekekeke has 120 seconds left.\n|\n|t:|1781382135\n|move|p1a: Scream Tail|Dazzling Gleam|p2a: Lilligant\n|-damage|p2a: Lilligant|185/261\n|move|p2a: Lilligant|Quiver Dance|p2a: Lilligant\n|-boost|p2a: Lilligant|spa|1\n|-boost|p2a: Lilligant|spd|1\n|-boost|p2a: Lilligant|spe|1\n|\n|upkeep\n|turn|2\n|\n|t:|1781382144\n|-end|p1a: Scream Tail|Protosynthesis|[silent]\n|switch|p1a: Serperior|Serperior, L79, M|248/248\n|move|p2a: Lilligant|Quiver Dance|p2a: Lilligant\n|-boost|p2a: Lilligant|spa|1\n|-boost|p2a: Lilligant|spd|1\n|-boost|p2a: Lilligant|spe|1\n|\n|upkeep\n|turn|3\n|\n|t:|1781382158\n|-terastallize|p2a: Lilligant|Fire\n|-terastallize|p1a: Serperior|Dragon\n|move|p2a: Lilligant|Tera Blast|p1a: Serperior|[anim] Tera Blast Fire\n|-resisted|p1a: Serperior\n|-damage|p1a: Serperior|113/248\n|-damage|p2a: Lilligant|159/261|[from] item: Life Orb\n|move|p1a: Serperior|Glare|p2a: Lilligant\n|-status|p2a: Lilligant|par\n|\n|upkeep\n|turn|4\n|\n|t:|1781382186\n|move|p1a: Serperior|Synthesis|p1a: Serperior\n|-heal|p1a: Serperior|237/248\n|move|p2a: Lilligant|Sleep Powder|p1a: Serperior\n|-status|p1a: Serperior|slp|[from] move: Sleep Powder\n|\n|upkeep\n|turn|5\n|\n|t:|1781382200\n|switch|p1a: Dragonite|Dragonite, L74, M|257/257\n|move|p2a: Lilligant|Quiver Dance|p2a: Lilligant\n|-boost|p2a: Lilligant|spa|1\n|-boost|p2a: Lilligant|spd|1\n|-boost|p2a: Lilligant|spe|1\n|\n|upkeep\n|turn|6\n|inactive|Pokekekeke has 120 seconds left.\n|\n|t:|1781382235\n|move|p2a: Lilligant|Sleep Powder|p1a: Dragonite\n|-message|Sleep Clause Mod activated.\n|-hint|Sleep Clause Mod prevents players from putting more than one of their opponent's Pok\u00e9mon to sleep at a time\n|move|p1a: Dragonite|Dragon Dance|p1a: Dragonite\n|-boost|p1a: Dragonite|atk|1\n|-boost|p1a: Dragonite|spe|1\n|\n|upkeep\n|turn|7\n|\n|t:|1781382250\n|move|p2a: Lilligant|Tera Blast|p1a: Dragonite|[anim] Tera Blast Fire\n|-resisted|p1a: Dragonite\n|-damage|p1a: Dragonite|169/257\n|-damage|p2a: Lilligant|133/261 par|[from] item: Life Orb\n|move|p1a: Dragonite|Dragon Dance|p1a: Dragonite\n|-boost|p1a: Dragonite|atk|1\n|-boost|p1a: Dragonite|spe|1\n|\n|upkeep\n|turn|8\n|\n|t:|1781382260\n|switch|p2a: Noivern|Noivern, L82, F|274/274\n|move|p1a: Dragonite|Dragon Dance|p1a: Dragonite\n|-boost|p1a: Dragonite|atk|1\n|-boost|p1a: Dragonite|spe|1\n|\n|upkeep\n|turn|9\n|inactive|Pokekekeke has 120 seconds left.\n|\n|t:|1781382277\n|move|p1a: Dragonite|Outrage|p2a: Noivern\n|-supereffective|p2a: Noivern\n|-damage|p2a: Noivern|0 fnt\n|faint|p2a: Noivern\n|\n|upkeep\n|\n|t:|1781382282\n|switch|p2a: Persian|Persian, L92, M|269/269\n|turn|10\n|\n|t:|1781382285\n|move|p2a: Persian|Fake Out|p1a: Dragonite\n|-crit|p1a: Dragonite\n|-damage|p1a: Dragonite|55/257\n|cant|p1a: Dragonite|flinch\n|\n|-start|p1a: Dragonite|confusion|[fatigue]\n|upkeep\n|turn|11\n|\n|t:|1781382293\n|-activate|p1a: Dragonite|confusion\n|-damage|p1a: Dragonite|0 fnt|[from] confusion\n|faint|p1a: Dragonite\n|move|p2a: Persian|Knock Off|p1: Dragonite|[notarget]\n|-fail|p2a: Persian\n|\n|upkeep\n|\n|t:|1781382301\n|switch|p1a: Scream Tail|Scream Tail, L84|330/330\n|turn|12\n|inactive|Pokekekeke has 120 seconds left.\n|\n|t:|1781382331\n|switch|p2a: Lilligant|Lilligant, L86, F, tera:Fire|133/261 par\n|move|p1a: Scream Tail|Dazzling Gleam|p2a: Lilligant\n|-resisted|p2a: Lilligant\n|-damage|p2a: Lilligant|97/261 par\n|\n|upkeep\n|turn|13\n|\n|t:|1781382355\n|-end|p1a: Scream Tail|Protosynthesis|[silent]\n|switch|p1a: Serperior|Serperior, L79, M, tera:Dragon|237/248 slp\n|cant|p2a: Lilligant|par\n|\n|upkeep\n|turn|14\n|inactive|Pokekekeke has 120 seconds left.\n|\n|t:|1781382395\n|switch|p2a: Houndstone|Houndstone, L86, F|264/264\n|cant|p1a: Serperior|slp\n|\n|upkeep\n|turn|15\n|\n|t:|1781382411\n|switch|p1a: Garganacl|Garganacl, L80, M|291/291\n|move|p2a: Houndstone|Poltergeist|p1a: Garganacl\n|-activate|p1a: Garganacl|move: Poltergeist|Leftovers\n|-damage|p1a: Garganacl|242/291\n|\n|-heal|p1a: Garganacl|260/291|[from] item: Leftovers\n|upkeep\n|turn|16\n|\n|t:|1781382421\n|move|p1a: Garganacl|Salt Cure|p2a: Houndstone\n|-damage|p2a: Houndstone|228/264\n|-start|p2a: Houndstone|Salt Cure\n|move|p2a: Houndstone|Roar|p1a: Garganacl\n|drag|p1a: Scream Tail|Scream Tail, L84|330/330\n|\n|-heal|p2a: Houndstone|244/264|[from] item: Leftovers\n|-damage|p2a: Houndstone|211/264|[from] Salt Cure\n|upkeep\n|turn|17\n|\n|t:|1781382430\n|switch|p2a: Lilligant|Lilligant, L86, F, tera:Fire|97/261 par\n|move|p1a: Scream Tail|Dazzling Gleam|p2a: Lilligant\n|-resisted|p2a: Lilligant\n|-damage|p2a: Lilligant|62/261 par\n|\n|upkeep\n|turn|18\n|inactive|Pokekekeke has 120 seconds left.\n|inactive|Pokekekeke has 90 seconds left.\n|\n|t:|1781382475\n|move|p1a: Scream Tail|Dazzling Gleam|p2a: Lilligant\n|-resisted|p2a: Lilligant\n|-damage|p2a: Lilligant|26/261 par\n|move|p2a: Lilligant|Giga Drain|p1a: Scream Tail\n|-damage|p1a: Scream Tail|233/330\n|-heal|p2a: Lilligant|75/261 par|[from] drain|[of] p1a: Scream Tail\n|-damage|p2a: Lilligant|49/261 par|[from] item: Life Orb\n|\n|-heal|p1a: Scream Tail|253/330|[from] item: Leftovers\n|upkeep\n|turn|19\n|\n|t:|1781382486\n|move|p1a: Scream Tail|Dazzling Gleam|p2a: Lilligant\n|-resisted|p2a: Lilligant\n|-damage|p2a: Lilligant|16/261 par\n|move|p2a: Lilligant|Sleep Powder|p1a: Scream Tail\n|-message|Sleep Clause Mod activated.\n|-hint|Sleep Clause Mod prevents players from putting more than one of their opponent's Pok\u00e9mon to sleep at a time\n|\n|-heal|p1a: Scream Tail|273/330|[from] item: Leftovers\n|upkeep\n|turn|20\n|inactive|Pokekekeke has 90 seconds left.\n|c|\u2606I_Hate_You_1503|Sleep Clause Mod activated.\n|\n|t:|1781382510\n|move|p1a: Scream Tail|Dazzling Gleam|p2a: Lilligant\n|-resisted|p2a: Lilligant\n|-crit|p2a: Lilligant\n|-damage|p2a: Lilligant|0 fnt\n|faint|p2a: Lilligant\n|\n|-heal|p1a: Scream Tail|293/330|[from] item: Leftovers\n|upkeep\n|c|\u2606I_Hate_You_1503|>:)\n|\n|t:|1781382514\n|switch|p2a: Persian|Persian, L92, M|269/269\n|turn|21\n|\n|t:|1781382520\n|-end|p1a: Scream Tail|Protosynthesis|[silent]\n|switch|p1a: Golurk|Golurk, L87|297/297\n|move|p2a: Persian|Fake Out|p1a: Golurk\n|-immune|p1a: Golurk\n|\n|upkeep\n|turn|22\n|inactive|Pokekekeke has 90 seconds left.\n|\n|t:|1781382562\n|move|p2a: Persian|Knock Off|p1a: Golurk\n|-supereffective|p1a: Golurk\n|-damage|p1a: Golurk|169/297\n|-enditem|p1a: Golurk|Life Orb|[from] move: Knock Off|[of] p2a: Persian\n|move|p1a: Golurk|Dynamic Punch|p2a: Persian\n|-supereffective|p2a: Persian\n|-crit|p2a: Persian\n|-damage|p2a: Persian|0 fnt\n|faint|p2a: Persian\n|\n|upkeep\n|\n|t:|1781382569\n|switch|p2a: Cramorant|Cramorant, L86, F|261/261\n|turn|23\n|\n|t:|1781382586\n|switch|p1a: Serperior|Serperior, L79, M, tera:Dragon|237/248 slp\n|move|p2a: Cramorant|Surf|p1a: Serperior\n|-formechange|p2a: Cramorant|Cramorant-Gulping|\n|-resisted|p1a: Serperior\n|-damage|p1a: Serperior|192/248 slp\n|\n|upkeep\n|turn|24\n|inactive|Pokekekeke has 60 seconds left.\n|\n|t:|1781382629\n|cant|p1a: Serperior|slp\n|move|p2a: Cramorant|Brave Bird|p1a: Serperior\n|-damage|p1a: Serperior|63/248 slp\n|-damage|p2a: Cramorant|218/261|[from] Recoil\n|\n|upkeep\n|turn|25\n|\n|t:|1781382639\n|cant|p1a: Serperior|slp\n|move|p2a: Cramorant|Surf|p1a: Serperior\n|-resisted|p1a: Serperior\n|-damage|p1a: Serperior|21/248 slp\n|\n|upkeep\n|turn|26\n|\n|t:|1781382645\n|-curestatus|p1a: Serperior|slp|[msg]\n|move|p1a: Serperior|Synthesis|p1a: Serperior\n|-heal|p1a: Serperior|145/248\n|move|p2a: Cramorant|Brave Bird|p1a: Serperior\n|-damage|p1a: Serperior|28/248\n|-damage|p2a: Cramorant|179/261|[from] Recoil\n|\n|upkeep\n|turn|27\n|inactive|Pokekekeke has 60 seconds left.\n|\n|t:|1781382653\n|move|p1a: Serperior|Synthesis|p1a: Serperior\n|-heal|p1a: Serperior|152/248\n|move|p2a: Cramorant|Roost|p2a: Cramorant\n|-heal|p2a: Cramorant|261/261\n|-singleturn|p2a: Cramorant|move: Roost\n|\n|upkeep\n|turn|28\n|\n|t:|1781382663\n|move|p1a: Serperior|Glare|p2a: Cramorant\n|-status|p2a: Cramorant|par\n|cant|p2a: Cramorant|par\n|\n|upkeep\n|turn|29\n|\n|t:|1781382677\n|move|p1a: Serperior|Leaf Storm|p2a: Cramorant\n|-damage|p2a: Cramorant|135/261 par\n|-boost|p1a: Serperior|spa|2\n|-damage|p1a: Serperior|90/248|[from] ability: Gulp Missile|[of] p2a: Cramorant\n|-boost|p1a: Serperior|def|1\n|-formechange|p2a: Cramorant|Cramorant|\n|-damage|p1a: Serperior|66/248|[from] item: Life Orb\n|move|p2a: Cramorant|Brave Bird|p1a: Serperior\n|-damage|p1a: Serperior|0 fnt\n|faint|p1a: Serperior\n|-damage|p2a: Cramorant|113/261 par|[from] Recoil\n|\n|upkeep\n|\n|t:|1781382694\n|switch|p1a: Arbok|Arbok, L87, M|246/246\n|-ability|p1a: Arbok|Intimidate|boost\n|-unboost|p2a: Cramorant|atk|1\n|turn|30\n|inactive|Pokekekeke has 60 seconds left.\n|\n|t:|1781382725\n|switch|p2a: Amoonguss|Amoonguss, L82, M|321/321\n|move|p1a: Arbok|Gunk Shot|p2a: Amoonguss\n|-crit|p2a: Amoonguss\n|-damage|p2a: Amoonguss|87/321\n|\n|upkeep\n|turn|31\n|\n|t:|1781382734\n|move|p1a: Arbok|Gunk Shot|p2a: Amoonguss\n|-damage|p2a: Amoonguss|0 fnt\n|faint|p2a: Amoonguss\n|\n|upkeep\n|inactive|Pokekekeke has 60 seconds left.\n|inactive|Pokekekeke has 30 seconds left.\n|\n|t:|1781382782\n|switch|p2a: Houndstone|Houndstone, L86, F|211/264\n|turn|32\n|inactive|Pokekekeke has 30 seconds left.\n|\n|t:|1781382797\n|move|p1a: Arbok|Earthquake|p2a: Houndstone\n|-damage|p2a: Houndstone|150/264\n|move|p2a: Houndstone|Poltergeist|p1a: Arbok\n|-activate|p1a: Arbok|move: Poltergeist|Leftovers\n|-damage|p1a: Arbok|95/246\n|\n|-heal|p1a: Arbok|110/246|[from] item: Leftovers\n|-heal|p2a: Houndstone|166/264|[from] item: Leftovers\n|upkeep\n|turn|33\n|inactive|Pokekekeke has 30 seconds left.\n|inactive|Pokekekeke has 20 seconds left.\n|inactive|Pokekekeke has 15 seconds left.\n|inactive|Pokekekeke has 10 seconds left.\n|inactive|Pokekekeke has 5 seconds left.\n|\n|t:|1781382831\n|move|p1a: Arbok|Gunk Shot|p2a: Houndstone|[miss]\n|-miss|p1a: Arbok|p2a: Houndstone\n|move|p2a: Houndstone|Poltergeist|p1a: Arbok\n|-activate|p1a: Arbok|move: Poltergeist|Leftovers\n|-damage|p1a: Arbok|0 fnt\n|faint|p1a: Arbok\n|\n|-heal|p2a: Houndstone|182/264|[from] item: Leftovers\n|upkeep\n|\n|t:|1781382841\n|switch|p1a: Garganacl|Garganacl, L80, M|260/291\n|turn|34\n|inactive|Pokekekeke has 20 seconds left this turn.\n|\n|t:|1781382844\n|move|p2a: Houndstone|Body Press|p1a: Garganacl\n|-supereffective|p1a: Garganacl\n|-crit|p1a: Garganacl\n|-damage|p1a: Garganacl|106/291\n|move|p1a: Garganacl|Salt Cure|p2a: Houndstone\n|-damage|p2a: Houndstone|145/264\n|-start|p2a: Houndstone|Salt Cure\n|\n|-heal|p2a: Houndstone|161/264|[from] item: Leftovers\n|-heal|p1a: Garganacl|124/291|[from] item: Leftovers\n|-damage|p2a: Houndstone|128/264|[from] Salt Cure\n|upkeep\n|turn|35\n|inactive|Pokekekeke has 30 seconds left this turn.\n|\n|t:|1781382858\n|switch|p2a: Cramorant|Cramorant, L86, F|113/261 par\n|move|p1a: Garganacl|Recover|p1a: Garganacl\n|-heal|p1a: Garganacl|270/291\n|\n|-heal|p1a: Garganacl|288/291|[from] item: Leftovers\n|upkeep\n|turn|36\n|inactive|Pokekekeke has 30 seconds left.\n|\n|t:|1781382866\n|switch|p1a: Scream Tail|Scream Tail, L84|293/330\n|cant|p2a: Cramorant|par\n|\n|-heal|p1a: Scream Tail|313/330|[from] item: Leftovers\n|upkeep\n|turn|37\n|\n|t:|1781382873\n|move|p1a: Scream Tail|Dazzling Gleam|p2a: Cramorant\n|-damage|p2a: Cramorant|59/261 par\n|move|p2a: Cramorant|Roost|p2a: Cramorant\n|-heal|p2a: Cramorant|190/261 par\n|-singleturn|p2a: Cramorant|move: Roost\n|\n|-heal|p1a: Scream Tail|330/330|[from] item: Leftovers\n|upkeep\n|turn|38\n|\n|t:|1781382885\n|move|p1a: Scream Tail|Dazzling Gleam|p2a: Cramorant\n|-damage|p2a: Cramorant|127/261 par\n|move|p2a: Cramorant|Surf|p1a: Scream Tail\n|-formechange|p2a: Cramorant|Cramorant-Gorging|\n|-damage|p1a: Scream Tail|255/330\n|\n|-heal|p1a: Scream Tail|275/330|[from] item: Leftovers\n|upkeep\n|turn|39\n|\n|t:|1781382904\n|move|p1a: Scream Tail|Dazzling Gleam|p2a: Cramorant\n|-damage|p2a: Cramorant|67/261 par\n|-damage|p1a: Scream Tail|193/330|[from] ability: Gulp Missile|[of] p2a: Cramorant\n|-status|p1a: Scream Tail|par\n|-formechange|p2a: Cramorant|Cramorant|\n|move|p2a: Cramorant|Roost|p2a: Cramorant\n|-heal|p2a: Cramorant|198/261 par\n|-singleturn|p2a: Cramorant|move: Roost\n|\n|-heal|p1a: Scream Tail|213/330 par|[from] item: Leftovers\n|upkeep\n|turn|40\n|\n|t:|1781382917\n|move|p1a: Scream Tail|Wish|p1a: Scream Tail\n|move|p2a: Cramorant|Surf|p1a: Scream Tail\n|-formechange|p2a: Cramorant|Cramorant-Gulping|\n|-damage|p1a: Scream Tail|140/330 par\n|\n|-heal|p1a: Scream Tail|160/330 par|[from] item: Leftovers\n|upkeep\n|turn|41\n|\n|t:|1781382929\n|move|p1a: Scream Tail|Dazzling Gleam|p2a: Cramorant\n|-damage|p2a: Cramorant|141/261 par\n|-damage|p1a: Scream Tail|78/330 par|[from] ability: Gulp Missile|[of] p2a: Cramorant\n|-unboost|p1a: Scream Tail|def|1\n|-formechange|p2a: Cramorant|Cramorant|\n|move|p2a: Cramorant|Roost|p2a: Cramorant\n|-heal|p2a: Cramorant|261/261 par\n|-singleturn|p2a: Cramorant|move: Roost\n|\n|-heal|p1a: Scream Tail|243/330 par|[from] move: Wish|[wisher] Scream Tail\n|-heal|p1a: Scream Tail|263/330 par|[from] item: Leftovers\n|upkeep\n|turn|42\n|\n|t:|1781382951\n|move|p1a: Scream Tail|Encore|p2a: Cramorant\n|-start|p2a: Cramorant|Encore\n|move|p2a: Cramorant|Roost||[still]\n|-fail|p2a: Cramorant|heal\n|\n|-heal|p1a: Scream Tail|283/330 par|[from] item: Leftovers\n|upkeep\n|turn|43\n|\n|t:|1781382960\n|-end|p1a: Scream Tail|Protosynthesis|[silent]\n|switch|p1a: Garganacl|Garganacl, L80, M|288/291\n|move|p2a: Cramorant|Roost||[still]\n|-fail|p2a: Cramorant|heal\n|\n|-heal|p1a: Garganacl|291/291|[from] item: Leftovers\n|upkeep\n|turn|44\n|\n|t:|1781382966\n|switch|p2a: Houndstone|Houndstone, L86, F|128/264\n|move|p1a: Garganacl|Salt Cure|p2a: Houndstone\n|-damage|p2a: Houndstone|89/264\n|-start|p2a: Houndstone|Salt Cure\n|\n|-heal|p2a: Houndstone|105/264|[from] item: Leftovers\n|-damage|p2a: Houndstone|72/264|[from] Salt Cure\n|upkeep\n|turn|45\n|\n|t:|1781382979\n|move|p1a: Garganacl|Protect|p1a: Garganacl\n|-singleturn|p1a: Garganacl|Protect\n|move|p2a: Houndstone|Body Press|p1a: Garganacl\n|-activate|p1a: Garganacl|move: Protect\n|\n|-heal|p2a: Houndstone|88/264|[from] item: Leftovers\n|-damage|p2a: Houndstone|55/264|[from] Salt Cure\n|upkeep\n|turn|46\n|\n|t:|1781382990\n|switch|p1a: Scream Tail|Scream Tail, L84|283/330 par\n|move|p2a: Houndstone|Poltergeist|p1a: Scream Tail\n|-activate|p1a: Scream Tail|move: Poltergeist|Leftovers\n|-supereffective|p1a: Scream Tail\n|-damage|p1a: Scream Tail|49/330 par\n|\n|-heal|p2a: Houndstone|71/264|[from] item: Leftovers\n|-heal|p1a: Scream Tail|69/330 par|[from] item: Leftovers\n|-damage|p2a: Houndstone|38/264|[from] Salt Cure\n|upkeep\n|turn|47\n|inactive|Pokekekeke has 90 seconds left.\n|\n|t:|1781383010\n|move|p1a: Scream Tail|Protect|p1a: Scream Tail\n|-singleturn|p1a: Scream Tail|Protect\n|move|p2a: Houndstone|Shadow Sneak|p1a: Scream Tail\n|-activate|p1a: Scream Tail|move: Protect\n|\n|-heal|p2a: Houndstone|54/264|[from] item: Leftovers\n|-heal|p1a: Scream Tail|89/330 par|[from] item: Leftovers\n|-damage|p2a: Houndstone|21/264|[from] Salt Cure\n|upkeep\n|turn|48\n|\n|t:|1781383021\n|-end|p1a: Scream Tail|Protosynthesis|[silent]\n|switch|p1a: Garganacl|Garganacl, L80, M|291/291\n|move|p2a: Houndstone|Poltergeist|p1a: Garganacl\n|-activate|p1a: Garganacl|move: Poltergeist|Leftovers\n|-damage|p1a: Garganacl|237/291\n|\n|-heal|p2a: Houndstone|37/264|[from] item: Leftovers\n|-heal|p1a: Garganacl|255/291|[from] item: Leftovers\n|-damage|p2a: Houndstone|4/264|[from] Salt Cure\n|upkeep\n|turn|49\n|inactive|Pokekekeke has 90 seconds left.\n|\n|t:|1781383032\n|switch|p2a: Cramorant|Cramorant, L86, F|261/261 par\n|move|p1a: Garganacl|Protect||[still]\n|-fail|p1a: Garganacl\n|\n|-heal|p1a: Garganacl|273/291|[from] item: Leftovers\n|upkeep\n|turn|50\n|\n|t:|1781383041\n|move|p1a: Garganacl|Salt Cure|p2a: Cramorant\n|-supereffective|p2a: Cramorant\n|-damage|p2a: Cramorant|159/261 par\n|-start|p2a: Cramorant|Salt Cure\n|move|p2a: Cramorant|Surf|p1a: Garganacl\n|-formechange|p2a: Cramorant|Cramorant-Gulping|\n|-supereffective|p1a: Garganacl\n|-damage|p1a: Garganacl|103/291\n|\n|-heal|p1a: Garganacl|121/291|[from] item: Leftovers\n|-damage|p2a: Cramorant|94/261 par|[from] Salt Cure\n|upkeep\n|turn|51\n|\n|t:|1781383051\n|move|p1a: Garganacl|Recover|p1a: Garganacl\n|-heal|p1a: Garganacl|267/291\n|move|p2a: Cramorant|Roost|p2a: Cramorant\n|-heal|p2a: Cramorant|225/261 par\n|-singleturn|p2a: Cramorant|move: Roost\n|\n|-heal|p1a: Garganacl|285/291|[from] item: Leftovers\n|-damage|p2a: Cramorant|160/261 par|[from] Salt Cure\n|upkeep\n|turn|52\n|\n|t:|1781383060\n|switch|p2a: Houndstone|Houndstone, L86, F|4/264\n|move|p1a: Garganacl|Salt Cure|p2a: Houndstone\n|-damage|p2a: Houndstone|0 fnt\n|faint|p2a: Houndstone\n|\n|-heal|p1a: Garganacl|291/291|[from] item: Leftovers\n|upkeep\n|\n|t:|1781383072\n|switch|p2a: Cramorant|Cramorant, L86, F|160/261 par\n|turn|53\n|\n|t:|1781383075\n|move|p1a: Garganacl|Salt Cure|p2a: Cramorant\n|-supereffective|p2a: Cramorant\n|-damage|p2a: Cramorant|40/261 par\n|-start|p2a: Cramorant|Salt Cure\n|cant|p2a: Cramorant|par\n|\n|-damage|p2a: Cramorant|0 fnt|[from] Salt Cure\n|faint|p2a: Cramorant\n|\n|win|I_Hate_You_1503\n|raw|I_Hate_You_1503's rating: 1302 &rarr; <strong>1325</strong><br />(+23 for winning)\n|raw|Pokekekeke's rating: 1351 &rarr; <strong>1328</strong><br />(-23 for losing)\n|l|\u2606Pokekekeke\n|player|p2|\n|c|\u2606I_Hate_You_1503|xa\n", "uploadtime": 1781383097, "views": 10, "formatid": "gen9randombattle", "rating": 1325, "private": 0, "password": null}