{"id": "gen9randombattle-2631931809", "format": "[Gen 9] Random Battle", "players": ["rockyeridu", "crowboy16"], "log": "|j|\u2606rockyeridu\n|j|\u2606crowboy16\n|t:|1781457008\n|gametype|singles\n|player|p1|rockyeridu|acetrainerf-gen4dp|1604\n|player|p2|crowboy16|blue|1558\n|gen|9\n|tier|[Gen 9] Random Battle\n|rated|\n|rule|Species Clause: Limit one of each Pok\u00e9mon\n|rule|HP Percentage Mod: HP is shown in percentages\n|rule|Sleep Clause Mod: Limit one foe put to sleep\n|rule|Illusion Level Mod: Illusion disguises the Pok\u00e9mon's true level\n|\n|t:|1781457008\n|teamsize|p1|6\n|teamsize|p2|6\n|start\n|switch|p1a: Sandy Shocks|Sandy Shocks, L80|267/267\n|switch|p2a: Walking Wake|Walking Wake, L79|286/286\n|turn|1\n|c|\u2606rockyeridu|gl hf\n|\n|t:|1781457030\n|-end|p1a: Sandy Shocks|Protosynthesis|[silent]\n|switch|p1a: Poliwrath|Poliwrath, L88, M|302/302\n|move|p2a: Walking Wake|Hydro Pump|p1a: Poliwrath\n|-immune|p1a: Poliwrath|[from] ability: Water Absorb\n|\n|upkeep\n|turn|2\n|\n|t:|1781457049\n|-end|p2a: Walking Wake|Protosynthesis|[silent]\n|switch|p2a: Scyther|Scyther, L82, F|249/249\n|move|p1a: Poliwrath|Knock Off|p2a: Scyther\n|-damage|p2a: Scyther|162/249\n|-enditem|p2a: Scyther|Heavy-Duty Boots|[from] move: Knock Off|[of] p1a: Poliwrath\n|\n|upkeep\n|turn|3\n|\n|t:|1781457076\n|switch|p1a: Regice|Regice, L88|284/284\n|move|p2a: Scyther|Dual Wingbeat|p1a: Regice\n|-damage|p1a: Regice|229/284\n|-damage|p1a: Regice|165/284\n|-hitcount|p1a: Regice|2\n|\n|upkeep\n|turn|4\n|\n|t:|1781457091\n|move|p2a: Scyther|Close Combat|p1a: Regice\n|-supereffective|p1a: Regice\n|-damage|p1a: Regice|13/284\n|-unboost|p2a: Scyther|def|1\n|-unboost|p2a: Scyther|spd|1\n|move|p1a: Regice|Ice Beam|p2a: Scyther\n|-supereffective|p2a: Scyther\n|-damage|p2a: Scyther|0 fnt\n|faint|p2a: Scyther\n|\n|upkeep\n|\n|t:|1781457113\n|switch|p2a: Wyrdeer|Wyrdeer, L87, F|321/321\n|-ability|p2a: Wyrdeer|Intimidate|boost\n|-fail|p1a: Regice|unboost|[from] ability: Clear Body|[of] p1a: Regice\n|turn|5\n|\n|t:|1781457119\n|move|p2a: Wyrdeer|Psychic Noise|p1a: Regice\n|-damage|p1a: Regice|0 fnt\n|faint|p1a: Regice\n|\n|upkeep\n|\n|t:|1781457160\n|switch|p1a: Squawkabilly|Squawkabilly-Blue, L85, M|278/278\n|turn|6\n|\n|t:|1781457174\n|move|p1a: Squawkabilly|U-turn|p2a: Wyrdeer\n|-supereffective|p2a: Wyrdeer\n|-damage|p2a: Wyrdeer|199/321\n|\n|t:|1781457178\n|switch|p1a: Girafarig|Girafarig, L89, F|269/269|[from] U-turn\n|move|p2a: Wyrdeer|Thunder Wave|p1a: Girafarig\n|-status|p1a: Girafarig|par\n|\n|-heal|p2a: Wyrdeer|219/321|[from] item: Leftovers\n|upkeep\n|turn|7\n|\n|t:|1781457197\n|switch|p1a: Oricorio|Oricorio, L84, M|263/263\n|move|p2a: Wyrdeer|Megahorn|p1a: Oricorio\n|-resisted|p1a: Oricorio\n|-damage|p1a: Oricorio|235/263\n|\n|-heal|p2a: Wyrdeer|239/321|[from] item: Leftovers\n|upkeep\n|turn|8\n|\n|t:|1781457208\n|switch|p1a: Sandy Shocks|Sandy Shocks, L80|267/267\n|move|p2a: Wyrdeer|Thunder Wave|p1a: Sandy Shocks\n|-immune|p1a: Sandy Shocks\n|\n|-heal|p2a: Wyrdeer|259/321|[from] item: Leftovers\n|upkeep\n|turn|9\n|\n|t:|1781457219\n|move|p1a: Sandy Shocks|Volt Switch|p2a: Wyrdeer\n|-damage|p2a: Wyrdeer|177/321\n|\n|t:|1781457223\n|-end|p1a: Sandy Shocks|Protosynthesis|[silent]\n|switch|p1a: Squawkabilly|Squawkabilly-Blue, L85, M|278/278|[from] Volt Switch\n|move|p2a: Wyrdeer|Earthquake|p1a: Squawkabilly\n|-immune|p1a: Squawkabilly\n|\n|-heal|p2a: Wyrdeer|197/321|[from] item: Leftovers\n|-status|p1a: Squawkabilly|brn|[from] item: Flame Orb\n|upkeep\n|turn|10\n|\n|t:|1781457243\n|move|p1a: Squawkabilly|Facade|p2a: Wyrdeer\n|-damage|p2a: Wyrdeer|0 fnt\n|faint|p2a: Wyrdeer\n|\n|-damage|p1a: Squawkabilly|261/278 brn|[from] brn\n|upkeep\n|\n|t:|1781457269\n|switch|p2a: Walking Wake|Walking Wake, L79|286/286\n|turn|11\n|inactive|Battle timer is ON: inactive players will automatically lose when time's up. (requested by crowboy16)\n|\n|t:|1781457284\n|move|p2a: Walking Wake|Draco Meteor|p1a: Squawkabilly\n|-damage|p1a: Squawkabilly|0 fnt\n|-unboost|p2a: Walking Wake|spa|2\n|faint|p1a: Squawkabilly\n|\n|upkeep\n|\n|t:|1781457301\n|switch|p1a: Poliwrath|Poliwrath, L88, M|302/302\n|turn|12\n|\n|t:|1781457308\n|-end|p2a: Walking Wake|Protosynthesis|[silent]\n|switch|p2a: Haxorus|Haxorus, L77, F|244/244\n|-ability|p2a: Haxorus|Mold Breaker\n|move|p1a: Poliwrath|Bulk Up|p1a: Poliwrath\n|-boost|p1a: Poliwrath|atk|1\n|-boost|p1a: Poliwrath|def|1\n|\n|upkeep\n|turn|13\n|\n|t:|1781457320\n|move|p2a: Haxorus|Scale Shot|p1a: Poliwrath\n|-damage|p1a: Poliwrath|284/302\n|-damage|p1a: Poliwrath|263/302\n|-damage|p1a: Poliwrath|244/302\n|-crit|p1a: Poliwrath\n|-damage|p1a: Poliwrath|205/302\n|-hitcount|p1a: Poliwrath|4\n|-unboost|p2a: Haxorus|def|1\n|-boost|p2a: Haxorus|spe|1\n|move|p1a: Poliwrath|Drain Punch|p2a: Haxorus\n|-damage|p2a: Haxorus|28/244\n|-heal|p1a: Poliwrath|302/302|[from] drain|[of] p2a: Haxorus\n|\n|upkeep\n|turn|14\n|\n|t:|1781457338\n|move|p2a: Haxorus|Earthquake|p1a: Poliwrath\n|-damage|p1a: Poliwrath|250/302\n|move|p1a: Poliwrath|Knock Off|p2a: Haxorus\n|-damage|p2a: Haxorus|0 fnt\n|-enditem|p2a: Haxorus|Loaded Dice|[from] move: Knock Off|[of] p1a: Poliwrath\n|faint|p2a: Haxorus\n|\n|-heal|p1a: Poliwrath|268/302|[from] item: Leftovers\n|upkeep\n|\n|t:|1781457348\n|switch|p2a: Walking Wake|Walking Wake, L79|286/286\n|turn|15\n|\n|t:|1781457357\n|move|p2a: Walking Wake|Draco Meteor|p1a: Poliwrath\n|-damage|p1a: Poliwrath|70/302\n|-unboost|p2a: Walking Wake|spa|2\n|move|p1a: Poliwrath|Drain Punch|p2a: Walking Wake\n|-damage|p2a: Walking Wake|147/286\n|-heal|p1a: Poliwrath|140/302|[from] drain|[of] p2a: Walking Wake\n|\n|-heal|p1a: Poliwrath|158/302|[from] item: Leftovers\n|upkeep\n|turn|16\n|\n|t:|1781457378\n|move|p2a: Walking Wake|Draco Meteor|p1a: Poliwrath\n|-damage|p1a: Poliwrath|47/302\n|-unboost|p2a: Walking Wake|spa|2\n|move|p1a: Poliwrath|Drain Punch|p2a: Walking Wake\n|-damage|p2a: Walking Wake|8/286\n|-heal|p1a: Poliwrath|117/302|[from] drain|[of] p2a: Walking Wake\n|\n|-heal|p1a: Poliwrath|135/302|[from] item: Leftovers\n|upkeep\n|turn|17\n|\n|t:|1781457398\n|move|p2a: Walking Wake|Draco Meteor|p1a: Poliwrath\n|-damage|p1a: Poliwrath|63/302\n|-unboost|p2a: Walking Wake|spa|2\n|move|p1a: Poliwrath|Knock Off|p2a: Walking Wake\n|-damage|p2a: Walking Wake|0 fnt\n|-enditem|p2a: Walking Wake|Choice Specs|[from] move: Knock Off|[of] p1a: Poliwrath\n|faint|p2a: Walking Wake\n|-end|p2a: Walking Wake|Protosynthesis|[silent]\n|\n|-heal|p1a: Poliwrath|81/302|[from] item: Leftovers\n|upkeep\n|\n|t:|1781457410\n|switch|p2a: Cryogonal|Cryogonal, L89|287/287\n|turn|18\n|\n|t:|1781457440\n|switch|p1a: Girafarig|Girafarig, L89, F|269/269 par\n|move|p2a: Cryogonal|Freeze-Dry|p1a: Girafarig\n|-damage|p1a: Girafarig|205/269 par\n|\n|upkeep\n|turn|19\n|inactive|crowboy16 has 120 seconds left.\n|\n|t:|1781457479\n|move|p2a: Cryogonal|Flash Cannon|p1a: Girafarig\n|-damage|p1a: Girafarig|154/269 par\n|move|p1a: Girafarig|Nasty Plot|p1a: Girafarig\n|-boost|p1a: Girafarig|spa|2\n|\n|upkeep\n|turn|20\n|\n|t:|1781457486\n|move|p2a: Cryogonal|Flash Cannon|p1a: Girafarig\n|-damage|p1a: Girafarig|104/269 par\n|move|p1a: Girafarig|Psychic|p2a: Cryogonal\n|-damage|p2a: Cryogonal|152/287\n|\n|upkeep\n|turn|21\n|inactive|crowboy16 has 120 seconds left.\n|\n|t:|1781457497\n|move|p2a: Cryogonal|Rapid Spin|p1a: Girafarig\n|-damage|p1a: Girafarig|84/269 par\n|-boost|p2a: Cryogonal|spe|1\n|move|p1a: Girafarig|Psychic|p2a: Cryogonal\n|-damage|p2a: Cryogonal|16/287\n|\n|upkeep\n|turn|22\n|\n|t:|1781457503\n|move|p2a: Cryogonal|Flash Cannon|p1a: Girafarig\n|-damage|p1a: Girafarig|36/269 par\n|move|p1a: Girafarig|Psychic|p2a: Cryogonal\n|-damage|p2a: Cryogonal|0 fnt\n|faint|p2a: Cryogonal\n|\n|upkeep\n|\n|t:|1781457508\n|switch|p2a: Great Tusk|Great Tusk, L77|304/304\n|turn|23\n|\n|t:|1781457524\n|move|p2a: Great Tusk|Ice Spinner|p1a: Girafarig\n|-damage|p1a: Girafarig|0 fnt\n|faint|p1a: Girafarig\n|\n|upkeep\n|\n|t:|1781457535\n|switch|p1a: Poliwrath|Poliwrath, L88, M|81/302\n|turn|24\n|inactive|crowboy16 has 120 seconds left.\n|\n|t:|1781457560\n|move|p2a: Great Tusk|Ice Spinner|p1a: Poliwrath\n|-resisted|p1a: Poliwrath\n|-damage|p1a: Poliwrath|52/302\n|move|p1a: Poliwrath|Liquidation|p2a: Great Tusk\n|-supereffective|p2a: Great Tusk\n|-damage|p2a: Great Tusk|160/304\n|\n|-heal|p2a: Great Tusk|179/304|[from] item: Leftovers\n|-heal|p1a: Poliwrath|70/302|[from] item: Leftovers\n|upkeep\n|turn|25\n|\n|t:|1781457566\n|move|p2a: Great Tusk|Headlong Rush|p1a: Poliwrath\n|-damage|p1a: Poliwrath|0 fnt\n|-unboost|p2a: Great Tusk|def|1\n|-unboost|p2a: Great Tusk|spd|1\n|faint|p1a: Poliwrath\n|\n|-heal|p2a: Great Tusk|198/304|[from] item: Leftovers\n|upkeep\n|\n|t:|1781457587\n|switch|p1a: Sandy Shocks|Sandy Shocks, L80|267/267\n|turn|26\n|\n|t:|1781457591\n|-terastallize|p2a: Great Tusk|Ground\n|move|p1a: Sandy Shocks|Earth Power|p2a: Great Tusk\n|-damage|p2a: Great Tusk|0 fnt\n|faint|p2a: Great Tusk\n|-end|p2a: Great Tusk|Protosynthesis|[silent]\n|\n|win|rockyeridu\n|raw|rockyeridu's rating: 1604 &rarr; <strong>1621</strong><br />(+17 for winning)\n|raw|crowboy16's rating: 1558 &rarr; <strong>1541</strong><br />(-17 for losing)\n|l|\u2606crowboy16\n|player|p2|\n|c|\u2606rockyeridu|gg\n", "uploadtime": 1781457602, "views": 2, "formatid": "gen9randombattle", "rating": 1541, "private": 0, "password": null}