{"id": "gen9randombattle-2631510683", "format": "[Gen 9] Random Battle", "players": ["iipaibai", "fwmedi"], "log": "|j|\u2606iipaibai\n|j|\u2606fwmedi\n|t:|1781394444\n|gametype|singles\n|player|p1|iipaibai|beauty-gen4dp|\n|player|p2|fwmedi|hilbert|\n|gen|9\n|tier|[Gen 9] Random Battle\n|rule|Species Clause: Limit one of each Pok\u00e9mon\n|rule|HP Percentage Mod: HP is shown in percentages\n|rule|Sleep Clause Mod: Limit one foe put to sleep\n|rule|Illusion Level Mod: Illusion disguises the Pok\u00e9mon's true level\n|\n|t:|1781394444\n|teamsize|p1|6\n|teamsize|p2|6\n|start\n|switch|p1a: Clefable|Clefable, L83, M|293/293\n|switch|p2a: Electrode|Electrode-Hisui, L87|246/246\n|turn|1\n|inactive|Battle timer is ON: inactive players will automatically lose when time's up. (requested by fwmedi)\n|\n|t:|1781394473\n|move|p2a: Electrode|Taunt|p1a: Clefable\n|-start|p1a: Clefable|move: Taunt\n|cant|p1a: Clefable|move: Taunt|Moonlight\n|\n|upkeep\n|turn|2\n|\n|t:|1781394478\n|move|p2a: Electrode|Thunder Wave|p1a: Clefable\n|-status|p1a: Clefable|par\n|move|p1a: Clefable|Knock Off|p2a: Electrode\n|-damage|p2a: Electrode|164/246\n|-enditem|p2a: Electrode|Life Orb|[from] move: Knock Off|[of] p1a: Clefable\n|\n|upkeep\n|turn|3\n|\n|t:|1781394500\n|switch|p2a: Kommo-o|Kommo-o, L78, M|245/245\n|move|p1a: Clefable|Moonblast|p2a: Kommo-o\n|-supereffective|p2a: Kommo-o\n|-damage|p2a: Kommo-o|0 fnt\n|faint|p2a: Kommo-o\n|\n|-end|p1a: Clefable|move: Taunt\n|upkeep\n|\n|t:|1781394514\n|switch|p2a: Malamar|Malamar, L82, M|275/275\n|turn|4\n|\n|t:|1781394521\n|-terastallize|p2a: Malamar|Steel\n|move|p2a: Malamar|Superpower|p1a: Clefable\n|-resisted|p1a: Clefable\n|-damage|p1a: Clefable|247/293 par\n|-boost|p2a: Malamar|atk|1\n|-boost|p2a: Malamar|def|1\n|move|p1a: Clefable|Moonblast|p2a: Malamar\n|-resisted|p2a: Malamar\n|-damage|p2a: Malamar|205/275\n|-boost|p2a: Malamar|spa|1\n|\n|-heal|p2a: Malamar|222/275|[from] item: Leftovers\n|upkeep\n|turn|5\n|\n|t:|1781394536\n|move|p2a: Malamar|Superpower|p1a: Clefable\n|-resisted|p1a: Clefable\n|-damage|p1a: Clefable|184/293 par\n|-boost|p2a: Malamar|atk|1\n|-boost|p2a: Malamar|def|1\n|move|p1a: Clefable|Thunder Wave|p2a: Malamar\n|-status|p2a: Malamar|par\n|\n|-heal|p2a: Malamar|239/275 par|[from] item: Leftovers\n|upkeep\n|turn|6\n|\n|t:|1781394546\n|move|p2a: Malamar|Superpower|p1a: Clefable\n|-resisted|p1a: Clefable\n|-damage|p1a: Clefable|99/293 par\n|-boost|p2a: Malamar|atk|1\n|-boost|p2a: Malamar|def|1\n|move|p1a: Clefable|Knock Off|p2a: Malamar\n|-damage|p2a: Malamar|209/275 par\n|-enditem|p2a: Malamar|Leftovers|[from] move: Knock Off|[of] p1a: Clefable\n|\n|upkeep\n|turn|7\n|\n|t:|1781394556\n|cant|p2a: Malamar|par\n|move|p1a: Clefable|Moonlight|p1a: Clefable\n|-heal|p1a: Clefable|245/293 par\n|\n|upkeep\n|turn|8\n|\n|t:|1781394561\n|move|p2a: Malamar|Superpower|p1a: Clefable\n|-resisted|p1a: Clefable\n|-damage|p1a: Clefable|127/293 par\n|-boost|p2a: Malamar|atk|1\n|-boost|p2a: Malamar|def|1\n|move|p1a: Clefable|Moonblast|p2a: Malamar\n|-resisted|p2a: Malamar\n|-damage|p2a: Malamar|138/275 par\n|\n|upkeep\n|turn|9\n|\n|t:|1781394569\n|cant|p2a: Malamar|par\n|move|p1a: Clefable|Knock Off|p2a: Malamar\n|-damage|p2a: Malamar|119/275 par\n|\n|upkeep\n|turn|10\n|\n|t:|1781394575\n|move|p2a: Malamar|Superpower|p1a: Clefable\n|-resisted|p1a: Clefable\n|-damage|p1a: Clefable|2/293 par\n|-boost|p2a: Malamar|atk|1\n|-boost|p2a: Malamar|def|1\n|cant|p1a: Clefable|par\n|\n|upkeep\n|turn|11\n|\n|t:|1781394589\n|move|p2a: Malamar|Rest|p2a: Malamar\n|-status|p2a: Malamar|slp|[from] move: Rest\n|-heal|p2a: Malamar|275/275 slp|[silent]\n|cant|p1a: Clefable|par\n|\n|upkeep\n|turn|12\n|\n|t:|1781394595\n|cant|p2a: Malamar|slp\n|move|p2a: Malamar|Sleep Talk|p2a: Malamar\n|move|p2a: Malamar|Superpower|p1a: Clefable|[from] move: Sleep Talk\n|-resisted|p1a: Clefable\n|-damage|p1a: Clefable|0 fnt\n|-boost|p2a: Malamar|atk|1\n|-boost|p2a: Malamar|def|1\n|faint|p1a: Clefable\n|\n|upkeep\n|inactive|iipaibai has 270 seconds left.\n|\n|t:|1781394633\n|switch|p1a: Pawmot|Pawmot, L80, M|243/243\n|turn|13\n|\n|t:|1781394638\n|move|p1a: Pawmot|Close Combat|p2a: Malamar\n|-supereffective|p2a: Malamar\n|-crit|p2a: Malamar\n|-damage|p2a: Malamar|0 fnt\n|-unboost|p1a: Pawmot|def|1\n|-unboost|p1a: Pawmot|spd|1\n|faint|p2a: Malamar\n|-damage|p1a: Pawmot|219/243|[from] item: Life Orb\n|\n|upkeep\n|inactive|fwmedi has 270 seconds left.\n|\n|t:|1781394695\n|switch|p2a: Deoxys|Deoxys-Attack, L72|191/191\n|-ability|p2a: Deoxys|Pressure\n|turn|14\n|inactive|iipaibai has 270 seconds left.\n|\n|t:|1781394735\n|move|p2a: Deoxys|Psycho Boost|p1a: Pawmot\n|-supereffective|p1a: Pawmot\n|-damage|p1a: Pawmot|0 fnt\n|-unboost|p2a: Deoxys|spa|2\n|faint|p1a: Pawmot\n|-damage|p2a: Deoxys|172/191|[from] item: Life Orb\n|\n|upkeep\n|\n|t:|1781394742\n|switch|p1a: Muk|Muk-Alola, L82, F|306/306\n|turn|15\n|\n|t:|1781394746\n|switch|p2a: Electrode|Electrode-Hisui, L87|164/246\n|move|p1a: Muk|Knock Off|p2a: Electrode\n|-damage|p2a: Electrode|83/246\n|\n|upkeep\n|turn|16\n|\n|t:|1781394754\n|move|p2a: Electrode|Taunt|p1a: Muk\n|-start|p1a: Muk|move: Taunt\n|move|p1a: Muk|Ice Punch|p2a: Electrode\n|-supereffective|p2a: Electrode\n|-damage|p2a: Electrode|0 fnt\n|faint|p2a: Electrode\n|\n|upkeep\n|inactive|fwmedi has 270 seconds left.\n|\n|t:|1781394780\n|switch|p2a: Flareon|Flareon, L90, F|263/263\n|turn|17\n|inactive|iipaibai has 270 seconds left.\n|\n|t:|1781394794\n|move|p2a: Flareon|Will-O-Wisp|p1a: Muk\n|-status|p1a: Muk|brn\n|move|p1a: Muk|Gunk Shot|p2a: Flareon\n|-crit|p2a: Flareon\n|-damage|p2a: Flareon|151/263\n|\n|-damage|p1a: Muk|287/306 brn|[from] brn\n|-status|p2a: Flareon|tox|[from] item: Toxic Orb\n|upkeep\n|turn|18\n|inactive|iipaibai has 270 seconds left.\n|\n|t:|1781394809\n|move|p2a: Flareon|Facade|p1a: Muk\n|-damage|p1a: Muk|35/306 brn\n|move|p1a: Muk|Knock Off|p2a: Flareon\n|-damage|p2a: Flareon|86/263 tox\n|-enditem|p2a: Flareon|Toxic Orb|[from] move: Knock Off|[of] p1a: Muk\n|\n|-damage|p2a: Flareon|70/263 tox|[from] psn\n|-damage|p1a: Muk|16/306 brn|[from] brn\n|-end|p1a: Muk|move: Taunt\n|upkeep\n|turn|19\n|inactive|iipaibai has 270 seconds left.\n|\n|t:|1781394827\n|move|p2a: Flareon|Trailblaze|p1a: Muk\n|-resisted|p1a: Muk\n|-damage|p1a: Muk|0 fnt\n|-boost|p2a: Flareon|spe|1\n|faint|p1a: Muk\n|\n|-damage|p2a: Flareon|38/263 tox|[from] psn\n|upkeep\n|\n|t:|1781394846\n|switch|p1a: Glimmora|Glimmora, L75, M|248/248\n|turn|20\n|inactive|fwmedi has 270 seconds left.\n|inactive|fwmedi has 240 seconds left.\n|\n|t:|1781394881\n|move|p2a: Flareon|Flare Blitz|p1a: Glimmora\n|-resisted|p1a: Glimmora\n|-damage|p1a: Glimmora|96/248\n|-activate|p1a: Glimmora|ability: Toxic Debris\n|-sidestart|p2: fwmedi|move: Toxic Spikes\n|-damage|p2a: Flareon|0 fnt|[from] Recoil\n|faint|p2a: Flareon\n|move|p1a: Glimmora|Earth Power|p2: Flareon|[notarget]\n|-fail|p1a: Glimmora\n|\n|upkeep\n|inactive|fwmedi has 240 seconds left.\n|\n|t:|1781394914\n|switch|p2a: Skuntank|Skuntank, L84, F|310/310\n|-sideend|p2: fwmedi|move: Toxic Spikes|[of] p2a: Skuntank\n|turn|21\n|inactive|iipaibai has 270 seconds left.\n|\n|t:|1781394926\n|move|p2a: Skuntank|Knock Off|p1a: Glimmora\n|-damage|p1a: Glimmora|0 fnt\n|-activate|p1a: Glimmora|ability: Toxic Debris\n|-sidestart|p2: fwmedi|move: Toxic Spikes\n|-enditem|p1a: Glimmora|Power Herb|[from] move: Knock Off|[of] p2a: Skuntank\n|faint|p1a: Glimmora\n|-damage|p2a: Skuntank|279/310|[from] item: Life Orb\n|\n|upkeep\n|\n|t:|1781394937\n|switch|p1a: Tatsugiri|Tatsugiri, L87, M|260/260\n|turn|22\n|\n|t:|1781394947\n|move|p1a: Tatsugiri|Surf|p2a: Skuntank\n|-damage|p2a: Skuntank|132/310\n|move|p2a: Skuntank|Gunk Shot|p1a: Tatsugiri\n|-damage|p1a: Tatsugiri|69/260\n|-damage|p2a: Skuntank|101/310|[from] item: Life Orb\n|\n|upkeep\n|turn|23\n|inactive|iipaibai has 270 seconds left.\n|inactive|fwmedi has 240 seconds left.\n|\n|t:|1781394954\n|move|p1a: Tatsugiri|Draco Meteor|p2a: Skuntank|[miss]\n|-miss|p1a: Tatsugiri|p2a: Skuntank\n|move|p2a: Skuntank|Knock Off|p1a: Tatsugiri\n|-damage|p1a: Tatsugiri|0 fnt\n|-enditem|p1a: Tatsugiri|Heavy-Duty Boots|[from] move: Knock Off|[of] p2a: Skuntank\n|faint|p1a: Tatsugiri\n|-damage|p2a: Skuntank|70/310|[from] item: Life Orb\n|\n|upkeep\n|inactive|iipaibai has 270 seconds left.\n|\n|t:|1781394962\n|switch|p1a: Snorlax|Snorlax, L82, F|397/397\n|turn|24\n|\n|t:|1781394972\n|move|p2a: Skuntank|Gunk Shot|p1a: Snorlax\n|-damage|p1a: Snorlax|177/397\n|-status|p1a: Snorlax|psn\n|-damage|p2a: Skuntank|39/310|[from] item: Life Orb\n|move|p1a: Snorlax|Body Slam|p2a: Skuntank\n|-damage|p2a: Skuntank|0 fnt\n|-damage|p1a: Snorlax|78/397 psn|[from] ability: Aftermath|[of] p2a: Skuntank\n|faint|p2a: Skuntank\n|\n|-heal|p1a: Snorlax|102/397 psn|[from] item: Leftovers\n|-damage|p1a: Snorlax|53/397 psn|[from] psn\n|upkeep\n|\n|t:|1781394983\n|switch|p2a: Deoxys|Deoxys-Attack, L72|172/191\n|-status|p2a: Deoxys|psn\n|-ability|p2a: Deoxys|Pressure\n|turn|25\n|\n|t:|1781394994\n|-terastallize|p1a: Snorlax|Poison\n|move|p2a: Deoxys|Superpower|p1a: Snorlax\n|-resisted|p1a: Snorlax\n|-damage|p1a: Snorlax|0 fnt\n|-unboost|p2a: Deoxys|atk|1\n|-unboost|p2a: Deoxys|def|1\n|faint|p1a: Snorlax\n|-damage|p2a: Deoxys|153/191 psn|[from] item: Life Orb\n|\n|win|fwmedi\n", "uploadtime": 1781395002, "views": 3, "formatid": "gen9randombattle", "rating": null, "private": 0, "password": null}