{"id": "gen9randombattle-2631877912", "format": "[Gen 9] Random Battle", "players": ["Naide7", "antibeato"], "log": "|j|\u2606Naide7\n|j|\u2606antibeato\n|t:|1781451133\n|gametype|singles\n|player|p1|Naide7|iris|1980\n|player|p2|antibeato|266|1960\n|gen|9\n|tier|[Gen 9] Random Battle\n|rated|\n|rule|Species Clause: Limit one of each Pok\u00e9mon\n|rule|HP Percentage Mod: HP is shown in percentages\n|rule|Sleep Clause Mod: Limit one foe put to sleep\n|rule|Illusion Level Mod: Illusion disguises the Pok\u00e9mon's true level\n|\n|t:|1781451133\n|teamsize|p1|6\n|teamsize|p2|6\n|start\n|switch|p1a: Bombirdier|Bombirdier, L85, F|258/258\n|switch|p2a: Decidueye|Decidueye, L88, F|281/281\n|turn|1\n|inactive|Battle timer is ON: inactive players will automatically lose when time's up. (requested by antibeato)\n|\n|t:|1781451149\n|switch|p2a: Dewgong|Dewgong, L94, M|322/322\n|move|p1a: Bombirdier|Knock Off|p2a: Dewgong\n|-crit|p2a: Dewgong\n|-damage|p2a: Dewgong|150/322\n|-enditem|p2a: Dewgong|Heavy-Duty Boots|[from] move: Knock Off|[of] p1a: Bombirdier\n|\n|upkeep\n|turn|2\n|\n|t:|1781451158\n|switch|p1a: Snorlax|Snorlax, L82, F|397/397\n|move|p2a: Dewgong|Knock Off|p1a: Snorlax\n|-damage|p1a: Snorlax|310/397\n|-enditem|p1a: Snorlax|Leftovers|[from] move: Knock Off|[of] p2a: Dewgong\n|\n|upkeep\n|turn|3\n|\n|t:|1781451165\n|move|p2a: Dewgong|Triple Axel|p1a: Snorlax\n|-damage|p1a: Snorlax|295/397\n|-damage|p1a: Snorlax|268/397\n|-damage|p1a: Snorlax|228/397\n|-hitcount|p1a: Snorlax|3\n|move|p1a: Snorlax|Body Slam|p2a: Dewgong\n|-damage|p2a: Dewgong|53/322\n|\n|upkeep\n|turn|4\n|\n|t:|1781451172\n|move|p2a: Dewgong|Encore|p1a: Snorlax\n|-start|p1a: Snorlax|Encore\n|move|p1a: Snorlax|Body Slam|p2a: Dewgong\n|-damage|p2a: Dewgong|0 fnt\n|faint|p2a: Dewgong\n|\n|upkeep\n|\n|t:|1781451174\n|switch|p2a: Golem|Golem-Alola, L93, F|300/300\n|turn|5\n|\n|t:|1781451178\n|switch|p1a: Vileplume|Vileplume, L85, M|266/266\n|move|p2a: Golem|Rock Polish|p2a: Golem\n|-boost|p2a: Golem|spe|2\n|\n|upkeep\n|turn|6\n|\n|t:|1781451189\n|move|p2a: Golem|Stone Edge|p1a: Vileplume\n|-damage|p1a: Vileplume|52/266\n|-damage|p2a: Golem|270/300|[from] item: Life Orb\n|move|p1a: Vileplume|Sleep Powder|p2a: Golem\n|-status|p2a: Golem|slp|[from] move: Sleep Powder\n|\n|-heal|p1a: Vileplume|68/266|[from] item: Leftovers\n|upkeep\n|turn|7\n|\n|t:|1781451194\n|cant|p2a: Golem|slp\n|move|p1a: Vileplume|Strength Sap|p2a: Golem\n|-unboost|p2a: Golem|atk|1\n|-heal|p1a: Vileplume|266/266\n|\n|upkeep\n|turn|8\n|l|\u2606Naide7\n|inactive|Naide7 disconnected and has a minute to reconnect!\n|player|p1|\n|j|\u2606Naide7\n|inactive|Naide7 reconnected and has 115 seconds left.\n|player|p1|Naide7|iris|\n|\n|t:|1781451245\n|switch|p2a: Flareon|Flareon, L90, M|263/263\n|move|p1a: Vileplume|Giga Drain|p2a: Flareon\n|-resisted|p2a: Flareon\n|-damage|p2a: Flareon|228/263\n|\n|-status|p2a: Flareon|tox|[from] item: Toxic Orb\n|upkeep\n|turn|9\n|\n|t:|1781451257\n|switch|p1a: Snorlax|Snorlax, L82, F|228/397\n|move|p2a: Flareon|Trailblaze|p1a: Snorlax\n|-damage|p1a: Snorlax|135/397\n|-boost|p2a: Flareon|spe|1\n|\n|-damage|p2a: Flareon|212/263 tox|[from] psn\n|upkeep\n|turn|10\n|l|\u2606Naide7\n|inactive|Naide7 disconnected and has a minute to reconnect!\n|player|p1|\n|inactive|Naide7 has 30 seconds to reconnect!\n|inactive|Naide7 has 20 seconds to reconnect!\n|inactive|Naide7 has 15 seconds to reconnect!\n|inactive|Naide7 has 10 seconds to reconnect!\n|inactive|Naide7 has 5 seconds to reconnect!\n|-message|Naide7 lost due to inactivity.\n|\n|win|antibeato\n|raw|Naide7's rating: 1980 &rarr; <strong>1959</strong><br />(-21 for losing)\n|raw|antibeato's rating: 1960 &rarr; <strong>1981</strong><br />(+21 for winning)\n", "uploadtime": 1781451135, "views": 4, "formatid": "gen9randombattle", "rating": 1959, "private": 0, "password": null}