{"id": "gen9randombattle-2631900674", "format": "[Gen 9] Random Battle", "players": ["gdsagdas3tgasdg", "azasaex"], "log": "|j|\u2606gdsagdas3tgasdg\n|j|\u2606azasaex\n|t:|1781453619\n|gametype|singles\n|player|p1|gdsagdas3tgasdg|101|1000\n|player|p2|azasaex|266|1000\n|gen|9\n|tier|[Gen 9] Random Battle\n|rated|\n|rule|Species Clause: Limit one of each Pok\u00e9mon\n|rule|HP Percentage Mod: HP is shown in percentages\n|rule|Sleep Clause Mod: Limit one foe put to sleep\n|rule|Illusion Level Mod: Illusion disguises the Pok\u00e9mon's true level\n|\n|t:|1781453619\n|teamsize|p1|6\n|teamsize|p2|6\n|start\n|switch|p1a: Kyogre|Kyogre, L71|259/259\n|switch|p2a: Lilligant|Lilligant, L86, F|261/261\n|-weather|RainDance|[from] ability: Drizzle|[of] p1a: Kyogre\n|turn|1\n|\n|t:|1781453640\n|switch|p1a: Iron Leaves|Iron Leaves, L80|275/275\n|move|p2a: Lilligant|Quiver Dance|p2a: Lilligant\n|-boost|p2a: Lilligant|spa|1\n|-boost|p2a: Lilligant|spd|1\n|-boost|p2a: Lilligant|spe|1\n|\n|-weather|RainDance|[upkeep]\n|upkeep\n|turn|2\n|\n|t:|1781453654\n|move|p2a: Lilligant|Alluring Voice|p1a: Iron Leaves\n|-damage|p1a: Iron Leaves|165/275\n|-damage|p2a: Lilligant|235/261|[from] item: Life Orb\n|move|p1a: Iron Leaves|Swords Dance|p1a: Iron Leaves\n|-boost|p1a: Iron Leaves|atk|2\n|\n|-weather|RainDance|[upkeep]\n|upkeep\n|turn|3\n|\n|t:|1781453662\n|move|p2a: Lilligant|Alluring Voice|p1a: Iron Leaves\n|-damage|p1a: Iron Leaves|55/275\n|-damage|p2a: Lilligant|209/261|[from] item: Life Orb\n|move|p1a: Iron Leaves|Psyblade|p2a: Lilligant\n|-damage|p2a: Lilligant|0 fnt\n|faint|p2a: Lilligant\n|-damage|p1a: Iron Leaves|28/275|[from] item: Life Orb\n|\n|-weather|RainDance|[upkeep]\n|upkeep\n|\n|t:|1781453674\n|switch|p2a: Forretress|Forretress, L84, F|263/263\n|turn|4\n|\n|t:|1781453685\n|move|p1a: Iron Leaves|Close Combat|p2a: Forretress\n|-damage|p2a: Forretress|94/263\n|-unboost|p1a: Iron Leaves|def|1\n|-unboost|p1a: Iron Leaves|spd|1\n|-damage|p1a: Iron Leaves|1/275|[from] item: Life Orb\n|move|p2a: Forretress|Iron Head|p1a: Iron Leaves\n|-damage|p1a: Iron Leaves|0 fnt\n|faint|p1a: Iron Leaves\n|-end|p1a: Iron Leaves|Quark Drive|[silent]\n|\n|-weather|RainDance|[upkeep]\n|-heal|p2a: Forretress|110/263|[from] item: Leftovers\n|upkeep\n|\n|t:|1781453703\n|switch|p1a: Kyogre|Kyogre, L71|259/259\n|turn|5\n|inactive|Battle timer is ON: inactive players will automatically lose when time's up. (requested by gdsagdas3tgasdg)\n|\n|t:|1781453725\n|move|p1a: Kyogre|Origin Pulse|p2a: Forretress\n|-damage|p2a: Forretress|0 fnt\n|faint|p2a: Forretress\n|\n|-weather|none\n|upkeep\n|\n|t:|1781453740\n|switch|p2a: Arceus|Arceus, L68|276/276\n|turn|6\n|\n|t:|1781453750\n|switch|p1a: Orthworm|Orthworm, L88, M|266/266\n|move|p2a: Arceus|Earthquake|p1a: Orthworm\n|-immune|p1a: Orthworm|[from] ability: Earth Eater\n|\n|upkeep\n|turn|7\n|\n|t:|1781453760\n|move|p2a: Arceus|Shadow Claw|p1a: Orthworm\n|-damage|p1a: Orthworm|232/266\n|-damage|p2a: Arceus|249/276|[from] item: Life Orb\n|move|p1a: Orthworm|Stealth Rock|p2a: Arceus\n|-sidestart|p2: azasaex|move: Stealth Rock\n|\n|-heal|p1a: Orthworm|248/266|[from] item: Leftovers\n|upkeep\n|turn|8\n|\n|t:|1781453771\n|-terastallize|p2a: Arceus|Ghost\n|move|p2a: Arceus|Shadow Claw|p1a: Orthworm\n|-damage|p1a: Orthworm|196/266\n|-damage|p2a: Arceus|222/276|[from] item: Life Orb\n|move|p1a: Orthworm|Spikes|p2a: Arceus\n|-sidestart|p2: azasaex|Spikes\n|\n|-heal|p1a: Orthworm|212/266|[from] item: Leftovers\n|upkeep\n|turn|9\n|\n|t:|1781453780\n|move|p2a: Arceus|Shadow Claw|p1a: Orthworm\n|-damage|p1a: Orthworm|160/266\n|-damage|p2a: Arceus|195/276|[from] item: Life Orb\n|move|p1a: Orthworm|Spikes|p2a: Arceus\n|-sidestart|p2: azasaex|Spikes\n|\n|-heal|p1a: Orthworm|176/266|[from] item: Leftovers\n|upkeep\n|turn|10\n|\n|t:|1781453790\n|move|p2a: Arceus|Swords Dance|p2a: Arceus\n|-boost|p2a: Arceus|atk|2\n|move|p1a: Orthworm|Spikes|p2a: Arceus\n|-sidestart|p2: azasaex|Spikes\n|\n|-heal|p1a: Orthworm|192/266|[from] item: Leftovers\n|upkeep\n|turn|11\n|\n|t:|1781453797\n|move|p2a: Arceus|Swords Dance|p2a: Arceus\n|-boost|p2a: Arceus|atk|2\n|move|p1a: Orthworm|Heavy Slam|p2a: Arceus\n|-damage|p2a: Arceus|150/276\n|\n|-heal|p1a: Orthworm|208/266|[from] item: Leftovers\n|upkeep\n|turn|12\n|\n|t:|1781453804\n|move|p2a: Arceus|Shadow Claw|p1a: Orthworm\n|-damage|p1a: Orthworm|56/266\n|-damage|p2a: Arceus|123/276|[from] item: Life Orb\n|move|p1a: Orthworm|Heavy Slam|p2a: Arceus\n|-damage|p2a: Arceus|78/276\n|\n|-heal|p1a: Orthworm|72/266|[from] item: Leftovers\n|upkeep\n|turn|13\n|\n|t:|1781453812\n|move|p2a: Arceus|Shadow Claw|p1a: Orthworm\n|-damage|p1a: Orthworm|0 fnt\n|faint|p1a: Orthworm\n|-damage|p2a: Arceus|51/276|[from] item: Life Orb\n|\n|upkeep\n|\n|t:|1781453827\n|switch|p1a: Mightyena|Mightyena, L96, M|290/290\n|-ability|p1a: Mightyena|Intimidate|boost\n|-unboost|p2a: Arceus|atk|1\n|turn|14\n|\n|t:|1781453835\n|move|p2a: Arceus|Extreme Speed|p1a: Mightyena\n|-damage|p1a: Mightyena|60/290\n|-damage|p2a: Arceus|24/276|[from] item: Life Orb\n|move|p1a: Mightyena|Crunch|p2a: Arceus\n|-supereffective|p2a: Arceus\n|-damage|p2a: Arceus|0 fnt\n|faint|p2a: Arceus\n|\n|upkeep\n|\n|t:|1781453849\n|switch|p2a: Honchkrow|Honchkrow, L86, M|312/312\n|turn|15\n|\n|t:|1781453855\n|switch|p1a: Regirock|Regirock, L83|268/268\n|move|p2a: Honchkrow|U-turn|p1a: Regirock\n|-damage|p1a: Regirock|233/268\n|\n|t:|1781453862\n|switch|p2a: Walking Wake|Walking Wake, L79|286/286|[from] U-turn\n|-damage|p2a: Walking Wake|251/286|[from] Stealth Rock\n|-damage|p2a: Walking Wake|180/286|[from] Spikes\n|\n|-heal|p1a: Regirock|249/268|[from] item: Leftovers\n|upkeep\n|turn|16\n|\n|t:|1781453877\n|switch|p1a: Mightyena|Mightyena, L96, M|60/290\n|-ability|p1a: Mightyena|Intimidate|boost\n|-unboost|p2a: Walking Wake|atk|1\n|move|p2a: Walking Wake|Hydro Pump|p1a: Mightyena\n|-damage|p1a: Mightyena|0 fnt\n|faint|p1a: Mightyena\n|\n|upkeep\n|\n|t:|1781453884\n|switch|p1a: Kingdra|Kingdra, L84, F|263/263\n|turn|17\n|\n|t:|1781453893\n|-end|p2a: Walking Wake|Protosynthesis|[silent]\n|switch|p2a: Hatterene|Hatterene, L85, F|236/236\n|-damage|p2a: Hatterene|207/236|[from] Stealth Rock\n|-damage|p2a: Hatterene|148/236|[from] Spikes\n|move|p1a: Kingdra|Dragon Dance|p1a: Kingdra\n|-boost|p1a: Kingdra|atk|1\n|-boost|p1a: Kingdra|spe|1\n|\n|-heal|p2a: Hatterene|162/236|[from] item: Leftovers\n|upkeep\n|turn|18\n|\n|t:|1781453904\n|move|p1a: Kingdra|Wave Crash|p2a: Hatterene\n|-damage|p2a: Hatterene|0 fnt\n|faint|p2a: Hatterene\n|-damage|p1a: Kingdra|210/263|[from] Recoil\n|\n|upkeep\n|\n|t:|1781453910\n|switch|p2a: Honchkrow|Honchkrow, L86, M|312/312\n|turn|19\n|\n|t:|1781453916\n|-terastallize|p1a: Kingdra|Water\n|move|p1a: Kingdra|Wave Crash|p2a: Honchkrow\n|-damage|p2a: Honchkrow|0 fnt\n|faint|p2a: Honchkrow\n|-damage|p1a: Kingdra|107/263|[from] Recoil\n|\n|upkeep\n|\n|t:|1781453923\n|switch|p2a: Walking Wake|Walking Wake, L79|180/286\n|-damage|p2a: Walking Wake|145/286|[from] Stealth Rock\n|-damage|p2a: Walking Wake|74/286|[from] Spikes\n|turn|20\n|\n|t:|1781453930\n|move|p1a: Kingdra|Outrage|p2a: Walking Wake\n|-supereffective|p2a: Walking Wake\n|-damage|p2a: Walking Wake|0 fnt\n|faint|p2a: Walking Wake\n|-end|p2a: Walking Wake|Protosynthesis|[silent]\n|\n|win|gdsagdas3tgasdg\n|raw|gdsagdas3tgasdg's rating: 1000 &rarr; <strong>1040</strong><br />(+40 for winning)\n|raw|azasaex's rating: 1000 &rarr; <strong>1000</strong><br />(+0 for losing)\n|l|\u2606azasaex\n|player|p2|\n", "uploadtime": 1781453947, "views": 2, "formatid": "gen9randombattle", "rating": 1000, "private": 0, "password": null}