{"id": "gen9randombattle-2631753238", "format": "[Gen 9] Random Battle", "players": ["PTSree", "huh blue"], "log": "|j|\u2606PTSree\n|j|\u2606huh blue\n|t:|1781434093\n|gametype|singles\n|player|p1|PTSree|266|1984\n|player|p2|huh blue|steven|1991\n|gen|9\n|tier|[Gen 9] Random Battle\n|rated|\n|rule|Species Clause: Limit one of each Pok\u00e9mon\n|rule|HP Percentage Mod: HP is shown in percentages\n|rule|Sleep Clause Mod: Limit one foe put to sleep\n|rule|Illusion Level Mod: Illusion disguises the Pok\u00e9mon's true level\n|\n|t:|1781434093\n|teamsize|p1|6\n|teamsize|p2|6\n|start\n|switch|p1a: Lumineon|Lumineon, L93, F|279/279\n|switch|p2a: Abomasnow|Abomasnow, L84, F|287/287\n|-weather|Snowscape|[from] ability: Snow Warning|[of] p2a: Abomasnow\n|turn|1\n|inactive|Battle timer is ON: inactive players will automatically lose when time's up. (requested by huh blue)\n|\n|t:|1781434111\n|move|p1a: Lumineon|U-turn|p2a: Abomasnow\n|-supereffective|p2a: Abomasnow\n|-damage|p2a: Abomasnow|209/287\n|\n|t:|1781434117\n|switch|p1a: Iron Crown|Iron Crown, L78|268/268|[from] U-turn\n|move|p2a: Abomasnow|Aurora Veil|p2a: Abomasnow\n|-sidestart|p2: huh blue|move: Aurora Veil\n|\n|-weather|Snowscape|[upkeep]\n|upkeep\n|turn|2\n|\n|t:|1781434127\n|switch|p2a: Moltres|Moltres, L81|278/278\n|move|p1a: Iron Crown|Calm Mind|p1a: Iron Crown\n|-boost|p1a: Iron Crown|spa|1\n|-boost|p1a: Iron Crown|spd|1\n|\n|-weather|Snowscape|[upkeep]\n|upkeep\n|turn|3\n|\n|t:|1781434139\n|-end|p1a: Iron Crown|Quark Drive|[silent]\n|switch|p1a: Garganacl|Garganacl, L80, F|291/291\n|move|p2a: Moltres|U-turn|p1a: Garganacl\n|-damage|p1a: Garganacl|256/291\n|\n|t:|1781434157\n|switch|p2a: Leafeon|Leafeon, L88, M|258/258|[from] U-turn\n|\n|-weather|Snowscape|[upkeep]\n|-heal|p1a: Garganacl|274/291|[from] item: Leftovers\n|upkeep\n|turn|4\n|\n|t:|1781434171\n|switch|p1a: Lumineon|Lumineon, L93, F|279/279\n|move|p2a: Leafeon|Substitute|p2a: Leafeon\n|-start|p2a: Leafeon|Substitute\n|-damage|p2a: Leafeon|194/258\n|\n|-weather|Snowscape|[upkeep]\n|-heal|p2a: Leafeon|210/258|[from] item: Leftovers\n|upkeep\n|turn|5\n|inactive|PTSree has 120 seconds left.\n|\n|t:|1781434206\n|move|p1a: Lumineon|Encore|p2a: Leafeon\n|-start|p2a: Leafeon|Encore\n|move|p2a: Leafeon|Substitute|p2a: Leafeon\n|-fail|p2a: Leafeon|move: Substitute\n|\n|-weather|none\n|-heal|p2a: Leafeon|226/258|[from] item: Leftovers\n|upkeep\n|turn|6\n|\n|t:|1781434212\n|switch|p2a: Abomasnow|Abomasnow, L84, F|209/287\n|-weather|Snowscape|[from] ability: Snow Warning|[of] p2a: Abomasnow\n|move|p1a: Lumineon|Ice Beam|p2a: Abomasnow\n|-damage|p2a: Abomasnow|175/287\n|\n|-weather|Snowscape|[upkeep]\n|upkeep\n|turn|7\n|\n|t:|1781434217\n|move|p1a: Lumineon|U-turn|p2a: Abomasnow\n|-supereffective|p2a: Abomasnow\n|-damage|p2a: Abomasnow|142/287\n|inactive|PTSree has 120 seconds left.\n|\n|t:|1781434248\n|switch|p1a: Leavanny|Leavanny, L86, M|269/269|[from] U-turn\n|move|p2a: Abomasnow|Wood Hammer|p1a: Leavanny\n|-resisted|p1a: Leavanny\n|-damage|p1a: Leavanny|240/269\n|-damage|p2a: Abomasnow|132/287|[from] Recoil\n|\n|-weather|Snowscape|[upkeep]\n|upkeep\n|turn|8\n|\n|t:|1781434255\n|move|p1a: Leavanny|Sticky Web|p2a: Abomasnow\n|-sidestart|p2: huh blue|move: Sticky Web\n|move|p2a: Abomasnow|Blizzard|p1a: Leavanny\n|-supereffective|p1a: Leavanny\n|-damage|p1a: Leavanny|0 fnt\n|faint|p1a: Leavanny\n|\n|-weather|Snowscape|[upkeep]\n|-sideend|p2: huh blue|move: Aurora Veil\n|upkeep\n|\n|t:|1781434276\n|switch|p1a: Iron Crown|Iron Crown, L78|268/268\n|turn|9\n|\n|t:|1781434282\n|switch|p2a: Moltres|Moltres, L81|278/278\n|move|p1a: Iron Crown|Tachyon Cutter|p2a: Moltres\n|-resisted|p2a: Moltres\n|-damage|p2a: Moltres|248/278\n|-resisted|p2a: Moltres\n|-damage|p2a: Moltres|217/278\n|-hitcount|p2a: Moltres|2\n|\n|-weather|Snowscape|[upkeep]\n|upkeep\n|turn|10\n|\n|t:|1781434294\n|move|p1a: Iron Crown|Calm Mind|p1a: Iron Crown\n|-boost|p1a: Iron Crown|spa|1\n|-boost|p1a: Iron Crown|spd|1\n|move|p2a: Moltres|U-turn|p1a: Iron Crown\n|-damage|p1a: Iron Crown|220/268\n|\n|t:|1781434308\n|switch|p2a: Quagsire|Quagsire, L84, F|297/297|[from] U-turn\n|-activate|p2a: Quagsire|move: Sticky Web\n|-unboost|p2a: Quagsire|spe|1\n|\n|-weather|none\n|-heal|p1a: Iron Crown|236/268|[from] item: Leftovers\n|upkeep\n|turn|11\n|inactive|PTSree has 120 seconds left.\n|\n|t:|1781434322\n|-end|p1a: Iron Crown|Quark Drive|[silent]\n|switch|p1a: Mesprit|Mesprit, L85|275/275\n|move|p2a: Quagsire|Earthquake|p1a: Mesprit\n|-immune|p1a: Mesprit|[from] ability: Levitate\n|\n|upkeep\n|turn|12\n|\n|t:|1781434334\n|switch|p2a: Moltres|Moltres, L81|217/278\n|move|p1a: Mesprit|Psychic|p2a: Moltres\n|-damage|p2a: Moltres|39/278\n|\n|upkeep\n|turn|13\n|\n|t:|1781434340\n|move|p2a: Moltres|Roost|p2a: Moltres\n|-heal|p2a: Moltres|178/278\n|-singleturn|p2a: Moltres|move: Roost\n|move|p1a: Mesprit|Psychic|p2a: Moltres\n|-damage|p2a: Moltres|0 fnt\n|faint|p2a: Moltres\n|\n|upkeep\n|\n|t:|1781434346\n|switch|p2a: Kilowattrel|Kilowattrel, L83, F|252/252\n|turn|14\n|\n|t:|1781434360\n|switch|p1a: Garganacl|Garganacl, L80, F|274/291\n|move|p2a: Kilowattrel|Thunderbolt|p1a: Garganacl\n|-damage|p1a: Garganacl|166/291\n|\n|-heal|p1a: Garganacl|184/291|[from] item: Leftovers\n|upkeep\n|turn|15\n|\n|t:|1781434369\n|move|p2a: Kilowattrel|Thunderbolt|p1a: Garganacl\n|-damage|p1a: Garganacl|78/291\n|move|p1a: Garganacl|Recover|p1a: Garganacl\n|-heal|p1a: Garganacl|224/291\n|\n|-heal|p1a: Garganacl|242/291|[from] item: Leftovers\n|upkeep\n|turn|16\n|\n|t:|1781434375\n|move|p2a: Kilowattrel|Thunderbolt|p1a: Garganacl\n|-damage|p1a: Garganacl|139/291\n|move|p1a: Garganacl|Stealth Rock|p2a: Kilowattrel\n|-sidestart|p2: huh blue|move: Stealth Rock\n|\n|-heal|p1a: Garganacl|157/291|[from] item: Leftovers\n|upkeep\n|turn|17\n|\n|t:|1781434380\n|move|p2a: Kilowattrel|U-turn|p1a: Garganacl\n|-damage|p1a: Garganacl|129/291\n|\n|t:|1781434382\n|switch|p2a: Abomasnow|Abomasnow, L84, F|132/287|[from] U-turn\n|-activate|p2a: Abomasnow|move: Sticky Web\n|-unboost|p2a: Abomasnow|spe|1\n|-damage|p2a: Abomasnow|61/287|[from] Stealth Rock\n|-weather|Snowscape|[from] ability: Snow Warning|[of] p2a: Abomasnow\n|move|p1a: Garganacl|Recover|p1a: Garganacl\n|-heal|p1a: Garganacl|275/291\n|\n|-weather|Snowscape|[upkeep]\n|-heal|p1a: Garganacl|291/291|[from] item: Leftovers\n|upkeep\n|turn|18\n|\n|t:|1781434391\n|move|p1a: Garganacl|Salt Cure|p2a: Abomasnow\n|-supereffective|p2a: Abomasnow\n|-damage|p2a: Abomasnow|0 fnt\n|faint|p2a: Abomasnow\n|\n|-weather|Snowscape|[upkeep]\n|upkeep\n|\n|t:|1781434397\n|switch|p2a: Pawmot|Pawmot, L80, M|243/243\n|-activate|p2a: Pawmot|move: Sticky Web\n|-unboost|p2a: Pawmot|spe|1\n|-damage|p2a: Pawmot|228/243|[from] Stealth Rock\n|turn|19\n|\n|t:|1781434408\n|switch|p1a: Florges|Florges, L85, F|271/271\n|move|p2a: Pawmot|Revival Blessing|p2a: Pawmot\n|\n|t:|1781434413\n|-heal|p2: Abomasnow|143/287|[from] move: Revival Blessing\n|\n|-weather|Snowscape|[upkeep]\n|upkeep\n|turn|20\n|\n|t:|1781434419\n|-terastallize|p2a: Pawmot|Electric\n|move|p1a: Florges|Moonblast|p2a: Pawmot\n|-crit|p2a: Pawmot\n|-damage|p2a: Pawmot|0 fnt\n|faint|p2a: Pawmot\n|\n|-weather|Snowscape|[upkeep]\n|upkeep\n|-message|huh blue forfeited.\n|\n|win|PTSree\n", "uploadtime": 1781434096, "views": 3, "formatid": "gen9randombattle", "rating": null, "private": 0, "password": null}