{"id": "gen9randombattle-2631905365", "format": "[Gen 9] Random Battle", "players": ["King 11111111111", "degentew"], "log": "|j|\u2606King 11111111111\n|j|\u2606degentew\n|t:|1781454129\n|gametype|singles\n|player|p1|King 11111111111|lucas|1966\n|player|p2|degentew|miku-flying|1952\n|gen|9\n|tier|[Gen 9] Random Battle\n|rated|\n|rule|Species Clause: Limit one of each Pok\u00e9mon\n|rule|HP Percentage Mod: HP is shown in percentages\n|rule|Sleep Clause Mod: Limit one foe put to sleep\n|rule|Illusion Level Mod: Illusion disguises the Pok\u00e9mon's true level\n|\n|t:|1781454129\n|teamsize|p1|6\n|teamsize|p2|6\n|start\n|switch|p1a: Haxorus|Haxorus, L77, F|244/244\n|switch|p2a: Rampardos|Rampardos, L90, F|321/321\n|-ability|p1a: Haxorus|Mold Breaker\n|turn|1\n|inactive|Battle timer is ON: inactive players will automatically lose when time's up. (requested by degentew)\n|inactive|King 11111111111 also wants the timer to be on.\n|\n|t:|1781454137\n|move|p1a: Haxorus|Dragon Dance|p1a: Haxorus\n|-boost|p1a: Haxorus|atk|1\n|-boost|p1a: Haxorus|spe|1\n|move|p2a: Rampardos|Rock Slide|p1a: Haxorus\n|-damage|p1a: Haxorus|0 fnt\n|faint|p1a: Haxorus\n|\n|upkeep\n|\n|t:|1781454155\n|switch|p1a: Inteleon|Inteleon, L81, M|246/246\n|turn|2\n|\n|t:|1781454159\n|switch|p2a: Vaporeon|Vaporeon, L86, F|364/364\n|move|p1a: Inteleon|Hydro Pump|p2a: Vaporeon\n|-immune|p2a: Vaporeon|[from] ability: Water Absorb\n|\n|upkeep\n|turn|3\n|\n|t:|1781454179\n|switch|p1a: Serperior|Serperior, L79, M|248/248\n|move|p2a: Vaporeon|Scald|p1a: Serperior\n|-resisted|p1a: Serperior\n|-damage|p1a: Serperior|200/248\n|-status|p1a: Serperior|brn\n|\n|-damage|p1a: Serperior|185/248 brn|[from] brn\n|upkeep\n|turn|4\n|inactive|degentew has 120 seconds left.\n|\n|t:|1781454228\n|switch|p2a: Overqwil|Overqwil, L82, M|274/274\n|-ability|p2a: Overqwil|Intimidate|boost\n|-boost|p1a: Serperior|atk|1\n|move|p1a: Serperior|Leaf Storm|p2a: Overqwil\n|-resisted|p2a: Overqwil\n|-damage|p2a: Overqwil|188/274\n|-boost|p1a: Serperior|spa|2\n|-damage|p1a: Serperior|161/248 brn|[from] item: Life Orb\n|\n|-damage|p1a: Serperior|146/248 brn|[from] brn\n|upkeep\n|turn|5\n|\n|t:|1781454236\n|move|p1a: Serperior|Glare|p2a: Overqwil\n|-status|p2a: Overqwil|par\n|move|p2a: Overqwil|Crunch|p1a: Serperior\n|-damage|p1a: Serperior|13/248 brn\n|\n|-damage|p1a: Serperior|0 fnt|[from] brn\n|faint|p1a: Serperior\n|upkeep\n|\n|t:|1781454241\n|switch|p1a: Persian|Persian-Alola, L86, F|252/252\n|turn|6\n|\n|t:|1781454247\n|switch|p2a: Vaporeon|Vaporeon, L86, F|364/364\n|move|p1a: Persian|Nasty Plot|p1a: Persian\n|-boost|p1a: Persian|spa|2\n|\n|upkeep\n|turn|7\n|\n|t:|1781454251\n|move|p1a: Persian|Thunderbolt|p2a: Vaporeon\n|-supereffective|p2a: Vaporeon\n|-crit|p2a: Vaporeon\n|-damage|p2a: Vaporeon|0 fnt\n|faint|p2a: Vaporeon\n|-damage|p1a: Persian|227/252|[from] item: Life Orb\n|\n|upkeep\n|\n|t:|1781454260\n|switch|p2a: Overqwil|Overqwil, L82, M|188/274 par\n|-ability|p2a: Overqwil|Intimidate|boost\n|-unboost|p1a: Persian|atk|1\n|turn|8\n|\n|t:|1781454270\n|move|p1a: Persian|Thunderbolt|p2a: Overqwil\n|-damage|p2a: Overqwil|10/274 par\n|-damage|p1a: Persian|202/252|[from] item: Life Orb\n|move|p2a: Overqwil|Gunk Shot|p1a: Persian|[miss]\n|-miss|p2a: Overqwil|p1a: Persian\n|\n|upkeep\n|turn|9\n|\n|t:|1781454280\n|move|p1a: Persian|Dark Pulse|p2a: Overqwil\n|-resisted|p2a: Overqwil\n|-damage|p2a: Overqwil|0 fnt\n|faint|p2a: Overqwil\n|-damage|p1a: Persian|177/252|[from] item: Life Orb\n|\n|upkeep\n|\n|t:|1781454283\n|switch|p2a: Dugtrio|Dugtrio-Alola, L84, F|196/196\n|turn|10\n|\n|t:|1781454289\n|move|p1a: Persian|Dark Pulse|p2a: Dugtrio\n|-damage|p2a: Dugtrio|0 fnt\n|faint|p2a: Dugtrio\n|-damage|p1a: Persian|152/252|[from] item: Life Orb\n|\n|upkeep\n|\n|t:|1781454304\n|switch|p2a: Lunala|Lunala, L70|308/308\n|turn|11\n|\n|t:|1781454308\n|-terastallize|p2a: Lunala|Fairy\n|move|p1a: Persian|Dark Pulse|p2a: Lunala\n|-resisted|p2a: Lunala\n|-damage|p2a: Lunala|255/308\n|-damage|p1a: Persian|127/252|[from] item: Life Orb\n|move|p2a: Lunala|Calm Mind|p2a: Lunala\n|-boost|p2a: Lunala|spa|1\n|-boost|p2a: Lunala|spd|1\n|\n|-heal|p2a: Lunala|274/308|[from] item: Leftovers\n|upkeep\n|turn|12\n|\n|t:|1781454314\n|move|p1a: Persian|Thunderbolt|p2a: Lunala\n|-damage|p2a: Lunala|178/308\n|-damage|p1a: Persian|102/252|[from] item: Life Orb\n|move|p2a: Lunala|Calm Mind|p2a: Lunala\n|-boost|p2a: Lunala|spa|1\n|-boost|p2a: Lunala|spd|1\n|\n|-heal|p2a: Lunala|197/308|[from] item: Leftovers\n|upkeep\n|turn|13\n|\n|t:|1781454317\n|move|p1a: Persian|Thunderbolt|p2a: Lunala\n|-damage|p2a: Lunala|128/308\n|-damage|p1a: Persian|77/252|[from] item: Life Orb\n|move|p2a: Lunala|Moonlight|p2a: Lunala\n|-heal|p2a: Lunala|282/308\n|\n|-heal|p2a: Lunala|301/308|[from] item: Leftovers\n|upkeep\n|turn|14\n|\n|t:|1781454322\n|move|p1a: Persian|Burning Jealousy|p2a: Lunala\n|-damage|p2a: Lunala|249/308\n|-damage|p1a: Persian|52/252|[from] item: Life Orb\n|move|p2a: Lunala|Calm Mind|p2a: Lunala\n|-boost|p2a: Lunala|spa|1\n|-boost|p2a: Lunala|spd|1\n|\n|-heal|p2a: Lunala|268/308|[from] item: Leftovers\n|upkeep\n|turn|15\n|\n|t:|1781454325\n|move|p1a: Persian|Burning Jealousy|p2a: Lunala\n|-damage|p2a: Lunala|224/308\n|-damage|p1a: Persian|27/252|[from] item: Life Orb\n|move|p2a: Lunala|Calm Mind|p2a: Lunala\n|-boost|p2a: Lunala|spa|1\n|-boost|p2a: Lunala|spd|1\n|\n|-heal|p2a: Lunala|243/308|[from] item: Leftovers\n|upkeep\n|turn|16\n|\n|t:|1781454329\n|move|p1a: Persian|Burning Jealousy|p2a: Lunala\n|-damage|p2a: Lunala|201/308\n|-damage|p1a: Persian|2/252|[from] item: Life Orb\n|move|p2a: Lunala|Calm Mind|p2a: Lunala\n|-boost|p2a: Lunala|spa|1\n|-boost|p2a: Lunala|spd|1\n|\n|-heal|p2a: Lunala|220/308|[from] item: Leftovers\n|upkeep\n|turn|17\n|\n|t:|1781454333\n|move|p1a: Persian|Thunderbolt|p2a: Lunala\n|-damage|p2a: Lunala|178/308\n|-damage|p1a: Persian|0 fnt|[from] item: Life Orb\n|faint|p1a: Persian\n|move|p2a: Lunala|Moonlight|p2a: Lunala\n|-heal|p2a: Lunala|308/308\n|\n|upkeep\n|\n|t:|1781454338\n|switch|p1a: Komala|Komala, L88, M|258/258\n|-ability|p1a: Komala|Comatose\n|turn|18\n|\n|t:|1781454341\n|move|p2a: Lunala|Psyshock|p1a: Komala\n|-damage|p1a: Komala|0 fnt\n|faint|p1a: Komala\n|\n|upkeep\n|inactive|King 11111111111 has 120 seconds left.\n|inactive|King 11111111111 has 90 seconds left.\n|inactive|King 11111111111 has 60 seconds left.\n|inactive|King 11111111111 has 30 seconds left.\n|inactive|King 11111111111 has 20 seconds left.\n|inactive|King 11111111111 has 15 seconds left.\n|inactive|King 11111111111 has 10 seconds left.\n|inactive|King 11111111111 has 5 seconds left.\n|-message|King 11111111111 lost due to inactivity.\n|\n|win|degentew\n", "uploadtime": 1781454131, "views": 3, "formatid": "gen9randombattle", "rating": null, "private": 0, "password": null}