{"id": "gen9randombattle-2631402971", "format": "[Gen 9] Random Battle", "players": ["Ggstarmie", "APHELIODIOMYCOTA"], "log": "|j|\u2606Ggstarmie\n|j|\u2606APHELIODIOMYCOTA\n|t:|1781380433\n|gametype|singles\n|player|p1|Ggstarmie|266|2009\n|player|p2|APHELIODIOMYCOTA|brock|1998\n|gen|9\n|tier|[Gen 9] Random Battle\n|rated|\n|rule|Species Clause: Limit one of each Pok\u00e9mon\n|rule|HP Percentage Mod: HP is shown in percentages\n|rule|Sleep Clause Mod: Limit one foe put to sleep\n|rule|Illusion Level Mod: Illusion disguises the Pok\u00e9mon's true level\n|\n|t:|1781380433\n|teamsize|p1|6\n|teamsize|p2|6\n|start\n|switch|p1a: Farigiraf|Farigiraf, L90, M|362/362\n|switch|p2a: Alcremie|Alcremie-Salted-Cream, L90, F|263/263\n|turn|1\n|inactive|Battle timer is ON: inactive players will automatically lose when time's up. (requested by APHELIODIOMYCOTA)\n|\n|t:|1781380464\n|move|p2a: Alcremie|Calm Mind|p2a: Alcremie\n|-boost|p2a: Alcremie|spa|1\n|-boost|p2a: Alcremie|spd|1\n|move|p1a: Farigiraf|Body Slam|p2a: Alcremie\n|-damage|p2a: Alcremie|164/263\n|\n|-heal|p2a: Alcremie|180/263|[from] item: Leftovers\n|upkeep\n|turn|2\n|\n|t:|1781380470\n|move|p2a: Alcremie|Alluring Voice|p1a: Farigiraf\n|-damage|p1a: Farigiraf|176/362\n|move|p1a: Farigiraf|Body Slam|p2a: Alcremie\n|-damage|p2a: Alcremie|77/263\n|\n|-heal|p2a: Alcremie|93/263|[from] item: Leftovers\n|-heal|p1a: Farigiraf|198/362|[from] item: Leftovers\n|upkeep\n|turn|3\n|\n|t:|1781380474\n|move|p2a: Alcremie|Recover|p2a: Alcremie\n|-heal|p2a: Alcremie|225/263\n|move|p1a: Farigiraf|Psychic Noise|p2a: Alcremie\n|-damage|p2a: Alcremie|171/263\n|-block|p2a: Alcremie|ability: Aroma Veil|[of] p2a: Alcremie\n|\n|-heal|p2a: Alcremie|187/263|[from] item: Leftovers\n|-heal|p1a: Farigiraf|220/362|[from] item: Leftovers\n|upkeep\n|turn|4\n|\n|t:|1781380476\n|move|p2a: Alcremie|Alluring Voice|p1a: Farigiraf\n|-damage|p1a: Farigiraf|43/362\n|move|p1a: Farigiraf|Body Slam|p2a: Alcremie\n|-damage|p2a: Alcremie|78/263\n|\n|-heal|p2a: Alcremie|94/263|[from] item: Leftovers\n|-heal|p1a: Farigiraf|65/362|[from] item: Leftovers\n|upkeep\n|turn|5\n|\n|t:|1781380479\n|move|p2a: Alcremie|Recover|p2a: Alcremie\n|-heal|p2a: Alcremie|226/263\n|move|p1a: Farigiraf|Body Slam|p2a: Alcremie\n|-damage|p2a: Alcremie|114/263\n|\n|-heal|p2a: Alcremie|130/263|[from] item: Leftovers\n|-heal|p1a: Farigiraf|87/362|[from] item: Leftovers\n|upkeep\n|turn|6\n|\n|t:|1781380482\n|move|p1a: Farigiraf|Protect|p1a: Farigiraf\n|-singleturn|p1a: Farigiraf|Protect\n|move|p2a: Alcremie|Alluring Voice|p1a: Farigiraf\n|-activate|p1a: Farigiraf|move: Protect\n|\n|-heal|p2a: Alcremie|146/263|[from] item: Leftovers\n|-heal|p1a: Farigiraf|109/362|[from] item: Leftovers\n|upkeep\n|turn|7\n|\n|t:|1781380484\n|move|p2a: Alcremie|Alluring Voice|p1a: Farigiraf\n|-damage|p1a: Farigiraf|0 fnt\n|faint|p1a: Farigiraf\n|\n|-heal|p2a: Alcremie|162/263|[from] item: Leftovers\n|upkeep\n|\n|t:|1781380507\n|switch|p1a: Meloetta|Meloetta, L82|298/298\n|turn|8\n|\n|t:|1781380509\n|move|p1a: Meloetta|Relic Song|p2a: Alcremie\n|-damage|p2a: Alcremie|102/263\n|-status|p2a: Alcremie|slp|[from] move: Relic Song\n|-formechange|p1a: Meloetta|Meloetta-Pirouette|[msg]\n|-damage|p1a: Meloetta|269/298|[from] item: Life Orb\n|cant|p2a: Alcremie|slp\n|\n|-heal|p2a: Alcremie|118/263 slp|[from] item: Leftovers\n|upkeep\n|turn|9\n|c|\u2606APHELIODIOMYCOTA|no no no of course\n|\n|t:|1781380523\n|move|p1a: Meloetta|Close Combat|p2a: Alcremie\n|-resisted|p2a: Alcremie\n|-damage|p2a: Alcremie|13/263 slp\n|-unboost|p1a: Meloetta|def|1\n|-unboost|p1a: Meloetta|spd|1\n|-damage|p1a: Meloetta|240/298|[from] item: Life Orb\n|-curestatus|p2a: Alcremie|slp|[msg]\n|move|p2a: Alcremie|Psyshock|p1a: Meloetta\n|-supereffective|p1a: Meloetta\n|-damage|p1a: Meloetta|0 fnt\n|faint|p1a: Meloetta\n|\n|-heal|p2a: Alcremie|29/263|[from] item: Leftovers\n|upkeep\n|\n|t:|1781380527\n|switch|p1a: Passimian|Passimian, L83, F|302/302\n|turn|10\n|\n|t:|1781380529\n|move|p1a: Passimian|Close Combat|p2a: Alcremie\n|-resisted|p2a: Alcremie\n|-damage|p2a: Alcremie|0 fnt\n|-unboost|p1a: Passimian|def|1\n|-unboost|p1a: Passimian|spd|1\n|faint|p2a: Alcremie\n|\n|upkeep\n|\n|t:|1781380534\n|switch|p2a: Indeedee|Indeedee-F, L90, F|272/272\n|-fieldstart|move: Psychic Terrain|[from] ability: Psychic Surge|[of] p2a: Indeedee\n|turn|11\n|\n|t:|1781380537\n|switch|p1a: Goodra|Goodra, L85, F|292/292\n|move|p2a: Indeedee|Psyshock|p1a: Goodra\n|-damage|p1a: Goodra|66/292\n|\n|upkeep\n|turn|12\n|\n|t:|1781380548\n|switch|p1a: Avalugg|Avalugg-Hisui, L90, M|317/317\n|move|p2a: Indeedee|Psyshock|p1a: Avalugg\n|-damage|p1a: Avalugg|215/317\n|\n|upkeep\n|turn|13\n|\n|t:|1781380558\n|switch|p2a: Slowking|Slowking, L88, F|310/310\n|move|p1a: Avalugg|Recover|p1a: Avalugg\n|-heal|p1a: Avalugg|317/317\n|\n|upkeep\n|turn|14\n|\n|t:|1781380561\n|move|p1a: Avalugg|Stone Edge|p2a: Slowking\n|-damage|p2a: Slowking|160/310\n|move|p2a: Slowking|Scald|p1a: Avalugg\n|-supereffective|p1a: Avalugg\n|-ability|p1a: Avalugg|Sturdy\n|-damage|p1a: Avalugg|1/317\n|\n|-heal|p2a: Slowking|179/310|[from] item: Leftovers\n|upkeep\n|turn|15\n|\n|t:|1781380565\n|move|p1a: Avalugg|Stone Edge|p2a: Slowking\n|-damage|p2a: Slowking|17/310\n|move|p2a: Slowking|Psyshock|p1a: Avalugg\n|-damage|p1a: Avalugg|0 fnt\n|faint|p1a: Avalugg\n|\n|-heal|p2a: Slowking|36/310|[from] item: Leftovers\n|-fieldend|move: Psychic Terrain\n|upkeep\n|\n|t:|1781380574\n|switch|p1a: Passimian|Passimian, L83, F|302/302\n|turn|16\n|\n|t:|1781380576\n|switch|p2a: Amoonguss|Amoonguss, L82, F|321/321\n|move|p1a: Passimian|Knock Off|p2a: Amoonguss\n|-damage|p2a: Amoonguss|224/321\n|-damage|p1a: Passimian|252/302|[from] item: Rocky Helmet|[of] p2a: Amoonguss\n|-enditem|p2a: Amoonguss|Rocky Helmet|[from] move: Knock Off|[of] p1a: Passimian\n|\n|upkeep\n|turn|17\n|\n|t:|1781380579\n|switch|p1a: Goodra|Goodra, L85, F|66/292\n|move|p2a: Amoonguss|Sludge Bomb|p1a: Goodra\n|-damage|p1a: Goodra|29/292\n|\n|upkeep\n|turn|18\n|\n|t:|1781380582\n|move|p1a: Goodra|Draco Meteor|p2a: Amoonguss\n|-damage|p2a: Amoonguss|55/321\n|-unboost|p1a: Goodra|spa|2\n|move|p2a: Amoonguss|Sludge Bomb|p1a: Goodra\n|-damage|p1a: Goodra|0 fnt\n|faint|p1a: Goodra\n|\n|upkeep\n|\n|t:|1781380589\n|switch|p1a: Passimian|Passimian, L83, F|252/302\n|turn|19\n|\n|t:|1781380592\n|switch|p2a: Slowking|Slowking, L88, F|139/310\n|move|p1a: Passimian|Knock Off|p2a: Slowking\n|-supereffective|p2a: Slowking\n|-damage|p2a: Slowking|0 fnt\n|-enditem|p2a: Slowking|Leftovers|[from] move: Knock Off|[of] p1a: Passimian\n|faint|p2a: Slowking\n|\n|upkeep\n|\n|t:|1781380594\n|switch|p2a: Indeedee|Indeedee-F, L90, F|272/272\n|-fieldstart|move: Psychic Terrain|[from] ability: Psychic Surge|[of] p2a: Indeedee\n|turn|20\n|\n|t:|1781380597\n|-terastallize|p1a: Passimian|Dark\n|move|p1a: Passimian|Knock Off|p2a: Indeedee\n|-supereffective|p2a: Indeedee\n|-damage|p2a: Indeedee|0 fnt\n|-enditem|p2a: Indeedee|Choice Specs|[from] move: Knock Off|[of] p1a: Passimian\n|faint|p2a: Indeedee\n|\n|upkeep\n|\n|t:|1781380602\n|switch|p2a: Revavroom|Revavroom, L79, M|256/256\n|turn|21\n|\n|t:|1781380604\n|move|p1a: Passimian|Knock Off|p2a: Revavroom\n|-damage|p2a: Revavroom|130/256\n|-enditem|p2a: Revavroom|Life Orb|[from] move: Knock Off|[of] p1a: Passimian\n|move|p2a: Revavroom|Shift Gear|p2a: Revavroom\n|-boost|p2a: Revavroom|spe|2\n|-boost|p2a: Revavroom|atk|1\n|\n|upkeep\n|turn|22\n|\n|t:|1781380609\n|move|p2a: Revavroom|Gunk Shot|p1a: Passimian|[miss]\n|-miss|p2a: Revavroom|p1a: Passimian\n|move|p1a: Passimian|Knock Off|p2a: Revavroom\n|-damage|p2a: Revavroom|51/256\n|\n|upkeep\n|turn|23\n|\n|t:|1781380612\n|move|p2a: Revavroom|Gunk Shot|p1a: Passimian|[miss]\n|-miss|p2a: Revavroom|p1a: Passimian\n|move|p1a: Passimian|Knock Off|p2a: Revavroom\n|-damage|p2a: Revavroom|0 fnt\n|faint|p2a: Revavroom\n|\n|upkeep\n|\n|t:|1781380614\n|switch|p2a: Amoonguss|Amoonguss, L82, F|162/321\n|turn|24\n|\n|t:|1781380620\n|move|p1a: Passimian|Knock Off|p2a: Amoonguss\n|-damage|p2a: Amoonguss|66/321\n|move|p2a: Amoonguss|Giga Drain|p1a: Passimian\n|-damage|p1a: Passimian|158/302\n|-heal|p2a: Amoonguss|113/321|[from] drain|[of] p1a: Passimian\n|\n|-fieldend|move: Psychic Terrain\n|upkeep\n|turn|25\n|\n|t:|1781380623\n|move|p1a: Passimian|Knock Off|p2a: Amoonguss\n|-damage|p2a: Amoonguss|14/321\n|move|p2a: Amoonguss|Spore|p1a: Passimian\n|-status|p1a: Passimian|slp|[from] move: Spore\n|\n|upkeep\n|turn|26\n|\n|t:|1781380625\n|switch|p2a: Conkeldurr|Conkeldurr, L80, M|299/299\n|cant|p1a: Passimian|slp\n|\n|-status|p2a: Conkeldurr|brn|[from] item: Flame Orb\n|upkeep\n|turn|27\n|\n|t:|1781380627\n|move|p2a: Conkeldurr|Mach Punch|p1a: Passimian\n|-supereffective|p1a: Passimian\n|-damage|p1a: Passimian|0 fnt\n|faint|p1a: Passimian\n|\n|-damage|p2a: Conkeldurr|281/299 brn|[from] brn\n|upkeep\n|\n|t:|1781380629\n|switch|p1a: Plusle|Plusle, L95, F|268/268\n|turn|28\n|\n|t:|1781380632\n|switch|p2a: Amoonguss|Amoonguss, L82, F|121/321\n|move|p1a: Plusle|Alluring Voice|p2a: Amoonguss\n|-resisted|p2a: Amoonguss\n|-damage|p2a: Amoonguss|72/321\n|-damage|p1a: Plusle|242/268|[from] item: Life Orb\n|\n|upkeep\n|turn|29\n|\n|t:|1781380635\n|move|p1a: Plusle|Thunderbolt|p2a: Amoonguss\n|-resisted|p2a: Amoonguss\n|-damage|p2a: Amoonguss|1/321\n|-damage|p1a: Plusle|216/268|[from] item: Life Orb\n|move|p2a: Amoonguss|Giga Drain|p1a: Plusle\n|-damage|p1a: Plusle|143/268\n|-heal|p2a: Amoonguss|38/321|[from] drain|[of] p1a: Plusle\n|\n|upkeep\n|turn|30\n|\n|t:|1781380637\n|move|p1a: Plusle|Thunderbolt|p2a: Amoonguss\n|-resisted|p2a: Amoonguss\n|-damage|p2a: Amoonguss|0 fnt\n|faint|p2a: Amoonguss\n|-damage|p1a: Plusle|117/268|[from] item: Life Orb\n|\n|upkeep\n|\n|t:|1781380638\n|switch|p2a: Conkeldurr|Conkeldurr, L80, M|281/299 brn\n|turn|31\n|\n|t:|1781380640\n|-terastallize|p2a: Conkeldurr|Normal\n|move|p1a: Plusle|Alluring Voice|p2a: Conkeldurr\n|-damage|p2a: Conkeldurr|172/299 brn\n|-damage|p1a: Plusle|91/268|[from] item: Life Orb\n|move|p2a: Conkeldurr|Facade|p1a: Plusle\n|-damage|p1a: Plusle|0 fnt\n|faint|p1a: Plusle\n|\n|win|APHELIODIOMYCOTA\n", "uploadtime": 1781380437, "views": 7, "formatid": "gen9randombattle", "rating": null, "private": 0, "password": null}