{"id": "gen9randombattle-2631797150", "format": "[Gen 9] Random Battle", "players": ["johnjuiceadams", "On my watch"], "log": "|j|\u2606johnjuiceadams\n|j|\u2606On my watch\n|t:|1781441082\n|gametype|singles\n|player|p1|johnjuiceadams|266|1902\n|player|p2|On my watch|caitlin|1949\n|gen|9\n|tier|[Gen 9] Random Battle\n|rated|\n|rule|Species Clause: Limit one of each Pok\u00e9mon\n|rule|HP Percentage Mod: HP is shown in percentages\n|rule|Sleep Clause Mod: Limit one foe put to sleep\n|rule|Illusion Level Mod: Illusion disguises the Pok\u00e9mon's true level\n|\n|t:|1781441082\n|teamsize|p1|6\n|teamsize|p2|6\n|start\n|switch|p1a: Moltres|Moltres-Galar, L79|271/271\n|switch|p2a: Sudowoodo|Sudowoodo, L94, M|284/284\n|turn|1\n|inactive|Battle timer is ON: inactive players will automatically lose when time's up. (requested by johnjuiceadams)\n|\n|t:|1781441091\n|move|p1a: Moltres|Nasty Plot|p1a: Moltres\n|-boost|p1a: Moltres|spa|2\n|move|p2a: Sudowoodo|Stealth Rock|p1a: Moltres\n|-sidestart|p1: johnjuiceadams|move: Stealth Rock\n|\n|upkeep\n|turn|2\n|\n|t:|1781441100\n|move|p1a: Moltres|Fiery Wrath|p2a: Sudowoodo\n|-damage|p2a: Sudowoodo|89/284\n|move|p2a: Sudowoodo|Head Smash|p1a: Moltres\n|-supereffective|p1a: Moltres\n|-damage|p1a: Moltres|0 fnt\n|faint|p1a: Moltres\n|\n|-heal|p2a: Sudowoodo|106/284|[from] item: Leftovers\n|upkeep\n|\n|t:|1781441116\n|switch|p1a: Golduck|Golduck, L90, M|290/290\n|-damage|p1a: Golduck|254/290|[from] Stealth Rock\n|-ability|p1a: Golduck|Cloud Nine\n|turn|3\n|\n|t:|1781441128\n|switch|p2a: Volbeat|Volbeat, L90, M|263/263\n|move|p1a: Golduck|Grass Knot|p2a: Volbeat\n|-resisted|p2a: Volbeat\n|-damage|p2a: Volbeat|241/263\n|\n|upkeep\n|turn|4\n|\n|t:|1781441133\n|switch|p1a: Dedenne|Dedenne, L88, M|261/261\n|-damage|p1a: Dedenne|229/261|[from] Stealth Rock\n|move|p2a: Volbeat|Thunder Wave|p1a: Dedenne\n|-immune|p1a: Dedenne\n|\n|upkeep\n|turn|5\n|\n|t:|1781441137\n|move|p1a: Dedenne|Nuzzle|p2a: Volbeat\n|-damage|p2a: Volbeat|223/263\n|-status|p2a: Volbeat|par\n|move|p2a: Volbeat|U-turn|p1a: Dedenne\n|-resisted|p1a: Dedenne\n|-damage|p1a: Dedenne|181/261\n|\n|t:|1781441141\n|switch|p2a: Palossand|Palossand, L89, F|296/296|[from] U-turn\n|\n|upkeep\n|turn|6\n|\n|t:|1781441143\n|move|p1a: Dedenne|U-turn|p2a: Palossand\n|-resisted|p2a: Palossand\n|-damage|p2a: Palossand|282/296\n|\n|t:|1781441149\n|switch|p1a: Sawsbuck|Sawsbuck, L88, M|284/284|[from] U-turn\n|-damage|p1a: Sawsbuck|249/284|[from] Stealth Rock\n|move|p2a: Palossand|Earth Power|p1a: Sawsbuck\n|-resisted|p1a: Sawsbuck\n|-damage|p1a: Sawsbuck|184/284\n|\n|-heal|p2a: Palossand|296/296|[from] item: Leftovers\n|upkeep\n|turn|7\n|\n|t:|1781441155\n|switch|p2a: Sudowoodo|Sudowoodo, L94, M|106/284\n|move|p1a: Sawsbuck|Horn Leech|p2a: Sudowoodo\n|-supereffective|p2a: Sudowoodo\n|-damage|p2a: Sudowoodo|0 fnt\n|-heal|p1a: Sawsbuck|237/284|[from] drain|[of] p2a: Sudowoodo\n|faint|p2a: Sudowoodo\n|-damage|p1a: Sawsbuck|209/284|[from] item: Life Orb\n|\n|upkeep\n|\n|t:|1781441166\n|switch|p2a: Volbeat|Volbeat, L90, M|223/263 par\n|turn|8\n|\n|t:|1781441172\n|switch|p1a: Dedenne|Dedenne, L88, M|181/261\n|-damage|p1a: Dedenne|149/261|[from] Stealth Rock\n|move|p2a: Volbeat|U-turn|p1a: Dedenne\n|-resisted|p1a: Dedenne\n|-damage|p1a: Dedenne|107/261\n|-enditem|p1a: Dedenne|Sitrus Berry|[eat]\n|-heal|p1a: Dedenne|172/261|[from] item: Sitrus Berry\n|-heal|p1a: Dedenne|259/261|[from] ability: Cheek Pouch\n|\n|t:|1781441175\n|switch|p2a: Palossand|Palossand, L89, F|296/296|[from] U-turn\n|\n|upkeep\n|turn|9\n|\n|t:|1781441178\n|move|p1a: Dedenne|U-turn|p2a: Palossand\n|-resisted|p2a: Palossand\n|-damage|p2a: Palossand|282/296\n|\n|t:|1781441185\n|switch|p1a: Vespiquen|Vespiquen, L99, F|299/299|[from] U-turn\n|-ability|p1a: Vespiquen|Pressure\n|move|p2a: Palossand|Sludge Bomb|p1a: Vespiquen\n|-crit|p1a: Vespiquen\n|-damage|p1a: Vespiquen|222/299\n|\n|-heal|p2a: Palossand|296/296|[from] item: Leftovers\n|upkeep\n|turn|10\n|\n|t:|1781441203\n|switch|p2a: Electivire|Electivire, L84, M|263/263\n|move|p1a: Vespiquen|Spikes|p2a: Electivire\n|-sidestart|p2: On my watch|Spikes\n|\n|upkeep\n|turn|11\n|\n|t:|1781441208\n|switch|p1a: Dedenne|Dedenne, L88, M|259/261\n|-damage|p1a: Dedenne|227/261|[from] Stealth Rock\n|move|p2a: Electivire|Supercell Slam|p1a: Dedenne\n|-resisted|p1a: Dedenne\n|-crit|p1a: Dedenne\n|-damage|p1a: Dedenne|67/261\n|-damage|p2a: Electivire|237/263|[from] item: Life Orb\n|\n|upkeep\n|turn|12\n|\n|t:|1781441213\n|move|p1a: Dedenne|Dazzling Gleam|p2a: Electivire\n|-damage|p2a: Electivire|147/263\n|move|p2a: Electivire|Flamethrower|p1a: Dedenne\n|-damage|p1a: Dedenne|0 fnt\n|faint|p1a: Dedenne\n|-damage|p2a: Electivire|121/263|[from] item: Life Orb\n|\n|upkeep\n|\n|t:|1781441223\n|switch|p1a: Sawsbuck|Sawsbuck, L88, M|209/284\n|-damage|p1a: Sawsbuck|174/284|[from] Stealth Rock\n|turn|13\n|\n|t:|1781441226\n|move|p1a: Sawsbuck|Double-Edge|p2a: Electivire\n|-damage|p2a: Electivire|0 fnt\n|faint|p2a: Electivire\n|-damage|p1a: Sawsbuck|134/284|[from] Recoil\n|-damage|p1a: Sawsbuck|106/284|[from] item: Life Orb\n|\n|upkeep\n|\n|t:|1781441231\n|switch|p2a: Volbeat|Volbeat, L90, M|223/263 par\n|turn|14\n|\n|t:|1781441237\n|move|p1a: Sawsbuck|Double-Edge|p2a: Volbeat\n|-damage|p2a: Volbeat|23/263 par\n|-damage|p1a: Sawsbuck|40/284|[from] Recoil\n|-damage|p1a: Sawsbuck|12/284|[from] item: Life Orb\n|move|p2a: Volbeat|U-turn|p1a: Sawsbuck\n|-supereffective|p1a: Sawsbuck\n|-damage|p1a: Sawsbuck|0 fnt\n|faint|p1a: Sawsbuck\n|\n|t:|1781441241\n|switch|p2a: Regieleki|Regieleki, L79|256/256|[from] U-turn\n|-damage|p2a: Regieleki|224/256|[from] Spikes\n|\n|upkeep\n|\n|t:|1781441245\n|switch|p1a: Hatterene|Hatterene, L85, F|236/236\n|-damage|p1a: Hatterene|207/236|[from] Stealth Rock\n|turn|15\n|\n|t:|1781441254\n|move|p2a: Regieleki|Volt Switch|p1a: Hatterene\n|-damage|p1a: Hatterene|144/236\n|\n|t:|1781441257\n|switch|p2a: Volbeat|Volbeat, L90, M|23/263 par|[from] Volt Switch\n|move|p1a: Hatterene|Draining Kiss|p2a: Volbeat\n|-damage|p2a: Volbeat|0 fnt\n|-heal|p1a: Hatterene|161/236|[from] drain|[of] p2a: Volbeat\n|faint|p2a: Volbeat\n|\n|upkeep\n|\n|t:|1781441263\n|switch|p2a: Palossand|Palossand, L89, F|296/296\n|-damage|p2a: Palossand|259/296|[from] Spikes\n|turn|16\n|\n|t:|1781441277\n|move|p2a: Palossand|Sludge Bomb|p1a: Hatterene\n|-supereffective|p1a: Hatterene\n|-damage|p1a: Hatterene|67/236\n|-status|p1a: Hatterene|psn\n|move|p1a: Hatterene|Mystical Fire|p2a: Palossand\n|-damage|p2a: Palossand|179/296\n|-unboost|p2a: Palossand|spa|1\n|\n|-heal|p2a: Palossand|197/296|[from] item: Leftovers\n|-damage|p1a: Hatterene|38/236 psn|[from] psn\n|upkeep\n|turn|17\n|\n|t:|1781441287\n|move|p2a: Palossand|Sludge Bomb|p1a: Hatterene\n|-supereffective|p1a: Hatterene\n|-damage|p1a: Hatterene|0 fnt\n|faint|p1a: Hatterene\n|\n|-heal|p2a: Palossand|215/296|[from] item: Leftovers\n|upkeep\n|\n|t:|1781441289\n|switch|p1a: Vespiquen|Vespiquen, L99, F|222/299\n|-ability|p1a: Vespiquen|Pressure\n|turn|18\n|\n|t:|1781441305\n|switch|p2a: Regieleki|Regieleki, L79|224/256\n|-damage|p2a: Regieleki|192/256|[from] Spikes\n|move|p1a: Vespiquen|Toxic|p2a: Regieleki|[miss]\n|-miss|p1a: Vespiquen|p2a: Regieleki\n|\n|upkeep\n|turn|19\n|\n|t:|1781441310\n|-terastallize|p1a: Vespiquen|Steel\n|move|p2a: Regieleki|Thunderbolt|p1a: Vespiquen\n|-damage|p1a: Vespiquen|119/299\n|move|p1a: Vespiquen|Roost|p1a: Vespiquen\n|-heal|p1a: Vespiquen|269/299\n|\n|upkeep\n|turn|20\n|\n|t:|1781441318\n|move|p2a: Regieleki|Rapid Spin|p1a: Vespiquen\n|-resisted|p1a: Vespiquen\n|-damage|p1a: Vespiquen|256/299\n|-boost|p2a: Regieleki|spe|1\n|-sideend|p2: On my watch|Spikes|[from] move: Rapid Spin|[of] p2a: Regieleki\n|move|p1a: Vespiquen|Toxic|p2a: Regieleki|[miss]\n|-miss|p1a: Vespiquen|p2a: Regieleki\n|\n|upkeep\n|turn|21\n|\n|t:|1781441325\n|move|p2a: Regieleki|Volt Switch|p1a: Vespiquen\n|-damage|p1a: Vespiquen|169/299\n|\n|t:|1781441327\n|switch|p2a: Palossand|Palossand, L89, F|215/296|[from] Volt Switch\n|move|p1a: Vespiquen|Toxic|p2a: Palossand\n|-status|p2a: Palossand|tox\n|\n|-heal|p2a: Palossand|233/296 tox|[from] item: Leftovers\n|-damage|p2a: Palossand|215/296 tox|[from] psn\n|upkeep\n|turn|22\n|\n|t:|1781441332\n|switch|p1a: Golduck|Golduck, L90, M|254/290\n|-damage|p1a: Golduck|218/290|[from] Stealth Rock\n|-ability|p1a: Golduck|Cloud Nine\n|move|p2a: Palossand|Earth Power|p1a: Golduck\n|-damage|p1a: Golduck|106/290\n|\n|-heal|p2a: Palossand|233/296 tox|[from] item: Leftovers\n|-damage|p2a: Palossand|197/296 tox|[from] psn\n|upkeep\n|turn|23\n|\n|t:|1781441338\n|move|p1a: Golduck|Ice Beam|p2a: Palossand\n|-supereffective|p2a: Palossand\n|-damage|p2a: Palossand|0 fnt\n|faint|p2a: Palossand\n|\n|upkeep\n|\n|t:|1781441340\n|switch|p2a: Regieleki|Regieleki, L79|192/256\n|turn|24\n|\n|t:|1781441345\n|move|p2a: Regieleki|Thunderbolt|p1a: Golduck\n|-supereffective|p1a: Golduck\n|-damage|p1a: Golduck|0 fnt\n|faint|p1a: Golduck\n|\n|upkeep\n|\n|t:|1781441347\n|switch|p1a: Vespiquen|Vespiquen, L99, F, tera:Steel|169/299\n|-ability|p1a: Vespiquen|Pressure\n|turn|25\n|c|\u2606On my watch|gg\n|\n|t:|1781441354\n|move|p2a: Regieleki|Thunderbolt|p1a: Vespiquen\n|-damage|p1a: Vespiquen|61/299\n|move|p1a: Vespiquen|Roost|p1a: Vespiquen\n|-heal|p1a: Vespiquen|211/299\n|\n|upkeep\n|turn|26\n|\n|t:|1781441358\n|move|p2a: Regieleki|Thunderbolt|p1a: Vespiquen\n|-damage|p1a: Vespiquen|117/299\n|-status|p1a: Vespiquen|par\n|cant|p1a: Vespiquen|par\n|\n|upkeep\n|turn|27\n|\n|t:|1781441363\n|move|p2a: Regieleki|Thunderbolt|p1a: Vespiquen\n|-damage|p1a: Vespiquen|18/299 par\n|move|p1a: Vespiquen|Roost|p1a: Vespiquen\n|-heal|p1a: Vespiquen|168/299 par\n|\n|upkeep\n|turn|28\n|\n|t:|1781441366\n|move|p2a: Regieleki|Thunderbolt|p1a: Vespiquen\n|-damage|p1a: Vespiquen|57/299 par\n|move|p1a: Vespiquen|Roost|p1a: Vespiquen\n|-heal|p1a: Vespiquen|207/299 par\n|\n|upkeep\n|turn|29\n|\n|t:|1781441375\n|-terastallize|p2a: Regieleki|Electric\n|move|p2a: Regieleki|Thunderbolt|p1a: Vespiquen\n|-damage|p1a: Vespiquen|69/299 par\n|cant|p1a: Vespiquen|par\n|\n|upkeep\n|turn|30\n|\n|t:|1781441380\n|move|p2a: Regieleki|Thunderbolt|p1a: Vespiquen\n|-damage|p1a: Vespiquen|0 fnt\n|faint|p1a: Vespiquen\n|\n|win|On my watch\n", "uploadtime": 1781441084, "views": 3, "formatid": "gen9randombattle", "rating": null, "private": 0, "password": null}