{"id": "gen9randombattle-2631736671", "format": "[Gen 9] Random Battle", "players": ["Noidea1992", "zhuoshuai"], "log": "|j|\u2606Noidea1992\n|j|\u2606zhuoshuai\n|t:|1781431203\n|gametype|singles\n|player|p1|Noidea1992|170|2061\n|player|p2|zhuoshuai|dawn|2108\n|gen|9\n|tier|[Gen 9] Random Battle\n|rated|\n|rule|Species Clause: Limit one of each Pok\u00e9mon\n|rule|HP Percentage Mod: HP is shown in percentages\n|rule|Sleep Clause Mod: Limit one foe put to sleep\n|rule|Illusion Level Mod: Illusion disguises the Pok\u00e9mon's true level\n|\n|t:|1781431203\n|teamsize|p1|6\n|teamsize|p2|6\n|start\n|switch|p1a: Arbok|Arbok, L87, M|246/246\n|switch|p2a: Wugtrio|Wugtrio, L91, F|212/212\n|-ability|p1a: Arbok|Intimidate|boost\n|-unboost|p2a: Wugtrio|atk|1\n|turn|1\n|\n|t:|1781431235\n|switch|p2a: Copperajah|Copperajah, L86, F|350/350\n|move|p1a: Arbok|Toxic Spikes|p2a: Copperajah\n|-sidestart|p2: zhuoshuai|move: Toxic Spikes\n|\n|upkeep\n|turn|2\n|\n|t:|1781431247\n|move|p1a: Arbok|Knock Off|p2a: Copperajah\n|-damage|p2a: Copperajah|264/350\n|-enditem|p2a: Copperajah|Choice Band|[from] move: Knock Off|[of] p1a: Arbok\n|move|p2a: Copperajah|Heavy Slam|p1a: Arbok\n|-damage|p1a: Arbok|56/246\n|\n|upkeep\n|turn|3\n|\n|t:|1781431254\n|move|p1a: Arbok|Earthquake|p2a: Copperajah\n|-supereffective|p2a: Copperajah\n|-damage|p2a: Copperajah|88/350\n|move|p2a: Copperajah|Heat Crash|p1a: Arbok\n|-damage|p1a: Arbok|0 fnt\n|faint|p1a: Arbok\n|\n|upkeep\n|\n|t:|1781431284\n|switch|p1a: Gengar|Gengar, L81, M|230/230\n|turn|4\n|inactive|Battle timer is ON: inactive players will automatically lose when time's up. (requested by Noidea1992)\n|\n|t:|1781431315\n|move|p1a: Gengar|Shadow Ball|p2a: Copperajah\n|-damage|p2a: Copperajah|0 fnt\n|faint|p2a: Copperajah\n|-damage|p1a: Gengar|207/230|[from] item: Life Orb\n|\n|upkeep\n|\n|t:|1781431320\n|switch|p2a: Wugtrio|Wugtrio, L91, F|212/212\n|-status|p2a: Wugtrio|psn\n|turn|5\n|\n|t:|1781431326\n|switch|p1a: Shiftry|Shiftry, L89, M|305/305\n|move|p2a: Wugtrio|Liquidation|p1a: Shiftry\n|-resisted|p1a: Shiftry\n|-damage|p1a: Shiftry|207/305\n|\n|-damage|p2a: Wugtrio|186/212 psn|[from] psn\n|upkeep\n|turn|6\n|\n|t:|1781431344\n|move|p2a: Wugtrio|Liquidation|p1a: Shiftry\n|-resisted|p1a: Shiftry\n|-damage|p1a: Shiftry|102/305\n|move|p1a: Shiftry|Knock Off|p2a: Wugtrio\n|-damage|p2a: Wugtrio|15/212 psn\n|-ability|p2a: Wugtrio|Gooey\n|-unboost|p1a: Shiftry|spe|1\n|-enditem|p2a: Wugtrio|Choice Band|[from] move: Knock Off|[of] p1a: Shiftry\n|\n|-damage|p2a: Wugtrio|0 fnt|[from] psn\n|faint|p2a: Wugtrio\n|upkeep\n|\n|t:|1781431354\n|switch|p2a: Minun|Minun, L95, M|268/268\n|-status|p2a: Minun|psn\n|turn|7\n|\n|t:|1781431363\n|move|p2a: Minun|Alluring Voice|p1a: Shiftry\n|-supereffective|p1a: Shiftry\n|-damage|p1a: Shiftry|0 fnt\n|faint|p1a: Shiftry\n|-damage|p2a: Minun|242/268 psn|[from] item: Life Orb\n|\n|-damage|p2a: Minun|209/268 psn|[from] psn\n|upkeep\n|\n|t:|1781431371\n|switch|p1a: Flutter Mane|Flutter Mane, L74|203/203\n|turn|8\n|\n|t:|1781431385\n|move|p1a: Flutter Mane|Moonblast|p2a: Minun\n|-damage|p2a: Minun|65/268 psn\n|move|p2a: Minun|Thunderbolt|p1a: Flutter Mane\n|-damage|p1a: Flutter Mane|90/203\n|-damage|p2a: Minun|39/268 psn|[from] item: Life Orb\n|\n|-damage|p2a: Minun|6/268 psn|[from] psn\n|upkeep\n|turn|9\n|\n|t:|1781431392\n|move|p1a: Flutter Mane|Moonblast|p2a: Minun\n|-damage|p2a: Minun|0 fnt\n|faint|p2a: Minun\n|\n|upkeep\n|\n|t:|1781431407\n|switch|p2a: Dusknoir|Dusknoir, L89, F|225/225\n|-status|p2a: Dusknoir|psn\n|-item|p1a: Flutter Mane|Choice Specs|[from] ability: Frisk|[of] p2a: Dusknoir\n|turn|10\n|\n|t:|1781431413\n|-end|p1a: Flutter Mane|Protosynthesis|[silent]\n|switch|p1a: Wigglytuff|Wigglytuff, L96, F|424/424\n|move|p2a: Dusknoir|Poltergeist|p1a: Wigglytuff\n|-immune|p1a: Wigglytuff\n|\n|-damage|p2a: Dusknoir|197/225 psn|[from] psn\n|upkeep\n|turn|11\n|\n|t:|1781431418\n|move|p1a: Wigglytuff|Dazzling Gleam|p2a: Dusknoir\n|-damage|p2a: Dusknoir|134/225 psn\n|move|p2a: Dusknoir|Substitute|p2a: Dusknoir\n|-start|p2a: Dusknoir|Substitute\n|-damage|p2a: Dusknoir|78/225 psn\n|\n|-heal|p2a: Dusknoir|92/225 psn|[from] item: Leftovers\n|-damage|p2a: Dusknoir|64/225 psn|[from] psn\n|upkeep\n|turn|12\n|\n|t:|1781431429\n|move|p1a: Wigglytuff|Protect|p1a: Wigglytuff\n|-singleturn|p1a: Wigglytuff|Protect\n|move|p2a: Dusknoir|Pain Split|p1a: Wigglytuff\n|-activate|p1a: Wigglytuff|move: Protect\n|\n|-heal|p2a: Dusknoir|78/225 psn|[from] item: Leftovers\n|-damage|p2a: Dusknoir|50/225 psn|[from] psn\n|upkeep\n|turn|13\n|\n|t:|1781431440\n|move|p1a: Wigglytuff|Dazzling Gleam|p2a: Dusknoir\n|-end|p2a: Dusknoir|Substitute\n|move|p2a: Dusknoir|Pain Split|p1a: Wigglytuff\n|-sethp|p1a: Wigglytuff|237/424|[from] move: Pain Split|[silent]\n|-sethp|p2a: Dusknoir|225/225 psn|[from] move: Pain Split\n|\n|-heal|p1a: Wigglytuff|263/424|[from] item: Leftovers\n|-damage|p2a: Dusknoir|197/225 psn|[from] psn\n|upkeep\n|turn|14\n|\n|t:|1781431447\n|move|p1a: Wigglytuff|Wish|p1a: Wigglytuff\n|move|p2a: Dusknoir|Substitute|p2a: Dusknoir\n|-start|p2a: Dusknoir|Substitute\n|-damage|p2a: Dusknoir|141/225 psn\n|\n|-heal|p1a: Wigglytuff|289/424|[from] item: Leftovers\n|-heal|p2a: Dusknoir|155/225 psn|[from] item: Leftovers\n|-damage|p2a: Dusknoir|127/225 psn|[from] psn\n|upkeep\n|turn|15\n|\n|t:|1781431453\n|-singleturn|p2a: Dusknoir|move: Focus Punch\n|move|p1a: Wigglytuff|Dazzling Gleam|p2a: Dusknoir\n|-end|p2a: Dusknoir|Substitute\n|move|p2a: Dusknoir|Focus Punch|p1a: Wigglytuff\n|-damage|p1a: Wigglytuff|115/424\n|\n|-heal|p1a: Wigglytuff|327/424|[from] move: Wish|[wisher] Wigglytuff\n|-heal|p1a: Wigglytuff|353/424|[from] item: Leftovers\n|-heal|p2a: Dusknoir|141/225 psn|[from] item: Leftovers\n|-damage|p2a: Dusknoir|113/225 psn|[from] psn\n|upkeep\n|turn|16\n|\n|t:|1781431462\n|move|p1a: Wigglytuff|Dazzling Gleam|p2a: Dusknoir\n|-damage|p2a: Dusknoir|44/225 psn\n|move|p2a: Dusknoir|Pain Split|p1a: Wigglytuff\n|-sethp|p1a: Wigglytuff|198/424|[from] move: Pain Split|[silent]\n|-sethp|p2a: Dusknoir|198/225 psn|[from] move: Pain Split\n|\n|-heal|p1a: Wigglytuff|224/424|[from] item: Leftovers\n|-heal|p2a: Dusknoir|212/225 psn|[from] item: Leftovers\n|-damage|p2a: Dusknoir|184/225 psn|[from] psn\n|upkeep\n|turn|17\n|\n|t:|1781431465\n|move|p1a: Wigglytuff|Dazzling Gleam|p2a: Dusknoir\n|-damage|p2a: Dusknoir|112/225 psn\n|move|p2a: Dusknoir|Substitute|p2a: Dusknoir\n|-start|p2a: Dusknoir|Substitute\n|-damage|p2a: Dusknoir|56/225 psn\n|\n|-heal|p1a: Wigglytuff|250/424|[from] item: Leftovers\n|-heal|p2a: Dusknoir|70/225 psn|[from] item: Leftovers\n|-damage|p2a: Dusknoir|42/225 psn|[from] psn\n|upkeep\n|turn|18\n|\n|t:|1781431471\n|move|p1a: Wigglytuff|Protect|p1a: Wigglytuff\n|-singleturn|p1a: Wigglytuff|Protect\n|move|p2a: Dusknoir|Pain Split|p1a: Wigglytuff\n|-activate|p1a: Wigglytuff|move: Protect\n|\n|-heal|p1a: Wigglytuff|276/424|[from] item: Leftovers\n|-heal|p2a: Dusknoir|56/225 psn|[from] item: Leftovers\n|-damage|p2a: Dusknoir|28/225 psn|[from] psn\n|upkeep\n|turn|19\n|\n|t:|1781431480\n|move|p1a: Wigglytuff|Dazzling Gleam|p2a: Dusknoir\n|-end|p2a: Dusknoir|Substitute\n|move|p2a: Dusknoir|Pain Split|p1a: Wigglytuff\n|-sethp|p1a: Wigglytuff|152/424|[from] move: Pain Split|[silent]\n|-sethp|p2a: Dusknoir|152/225 psn|[from] move: Pain Split\n|\n|-heal|p1a: Wigglytuff|178/424|[from] item: Leftovers\n|-heal|p2a: Dusknoir|166/225 psn|[from] item: Leftovers\n|-damage|p2a: Dusknoir|138/225 psn|[from] psn\n|upkeep\n|turn|20\n|\n|t:|1781431497\n|-terastallize|p2a: Dusknoir|Fighting\n|-singleturn|p2a: Dusknoir|move: Focus Punch\n|move|p1a: Wigglytuff|Dazzling Gleam|p2a: Dusknoir\n|-supereffective|p2a: Dusknoir\n|-damage|p2a: Dusknoir|0 fnt\n|faint|p2a: Dusknoir\n|\n|-heal|p1a: Wigglytuff|204/424|[from] item: Leftovers\n|upkeep\n|-message|zhuoshuai forfeited.\n|\n|win|Noidea1992\n|raw|Noidea1992's rating: 2061 &rarr; <strong>2084</strong><br />(+23 for winning)\n|raw|zhuoshuai's rating: 2108 &rarr; <strong>2085</strong><br />(-23 for losing)\n", "uploadtime": 1781431205, "views": 6, "formatid": "gen9randombattle", "rating": 2084, "private": 0, "password": null}