{"id": "gen9randombattle-2631510099", "format": "[Gen 9] Random Battle", "players": ["elcharmik", "Itsadam2"], "log": "|j|\u2606elcharmik\n|j|\u2606Itsadam2\n|t:|1781394357\n|gametype|singles\n|player|p1|elcharmik|leaf-gen3|1145\n|player|p2|Itsadam2|ghetsis-gen5bw|1196\n|gen|9\n|tier|[Gen 9] Random Battle\n|rated|\n|rule|Species Clause: Limit one of each Pok\u00e9mon\n|rule|HP Percentage Mod: HP is shown in percentages\n|rule|Sleep Clause Mod: Limit one foe put to sleep\n|rule|Illusion Level Mod: Illusion disguises the Pok\u00e9mon's true level\n|\n|t:|1781394357\n|teamsize|p1|6\n|teamsize|p2|6\n|start\n|switch|p1a: Froslass|Froslass, L87, F|263/263\n|switch|p2a: Gastrodon|Gastrodon-East, L86, F|331/331\n|turn|1\n|inactive|Battle timer is ON: inactive players will automatically lose when time's up. (requested by elcharmik)\n|inactive|Itsadam2 also wants the timer to be on.\n|\n|t:|1781394364\n|move|p1a: Froslass|Triple Axel|p2a: Gastrodon\n|-damage|p2a: Gastrodon|307/331\n|-damage|p2a: Gastrodon|261/331\n|-damage|p2a: Gastrodon|197/331\n|-hitcount|p2a: Gastrodon|3\n|move|p2a: Gastrodon|Stealth Rock|p1a: Froslass\n|-sidestart|p1: elcharmik|move: Stealth Rock\n|\n|-heal|p2a: Gastrodon|217/331|[from] item: Leftovers\n|upkeep\n|turn|2\n|\n|t:|1781394376\n|move|p1a: Froslass|Taunt|p2a: Gastrodon\n|-start|p2a: Gastrodon|move: Taunt\n|move|p2a: Gastrodon|Sludge Bomb|p1a: Froslass\n|-resisted|p1a: Froslass\n|-damage|p1a: Froslass|230/263\n|\n|-heal|p2a: Gastrodon|237/331|[from] item: Leftovers\n|upkeep\n|turn|3\n|\n|t:|1781394386\n|move|p1a: Froslass|Will-O-Wisp|p2a: Gastrodon\n|-status|p2a: Gastrodon|brn\n|move|p2a: Gastrodon|Earthquake|p1a: Froslass\n|-damage|p1a: Froslass|173/263\n|\n|-heal|p2a: Gastrodon|257/331 brn|[from] item: Leftovers\n|-damage|p2a: Gastrodon|237/331 brn|[from] brn\n|upkeep\n|turn|4\n|\n|t:|1781394397\n|switch|p2a: Spiritomb|Spiritomb, L89, F|234/234\n|move|p1a: Froslass|Poltergeist|p2a: Spiritomb\n|-activate|p2a: Spiritomb|move: Poltergeist|Leftovers\n|-damage|p2a: Spiritomb|140/234\n|\n|-heal|p2a: Spiritomb|154/234|[from] item: Leftovers\n|upkeep\n|turn|5\n|l|\u2606Itsadam2\n|inactive|Itsadam2 disconnected and has a minute to reconnect!\n|player|p2|\n|j|\u2606Itsadam2\n|inactive|Itsadam2 reconnected and has 115 seconds left.\n|player|p2|Itsadam2|ghetsis-gen5bw|\n|\n|t:|1781394436\n|move|p1a: Froslass|Will-O-Wisp|p2a: Spiritomb\n|-status|p2a: Spiritomb|brn\n|move|p2a: Spiritomb|Poltergeist|p1a: Froslass\n|-activate|p1a: Froslass|move: Poltergeist|Wide Lens\n|-supereffective|p1a: Froslass\n|-damage|p1a: Froslass|29/263\n|\n|-heal|p2a: Spiritomb|168/234 brn|[from] item: Leftovers\n|-damage|p2a: Spiritomb|154/234 brn|[from] brn\n|upkeep\n|turn|6\n|\n|t:|1781394448\n|move|p2a: Spiritomb|Sucker Punch|p1a: Froslass\n|-supereffective|p1a: Froslass\n|-damage|p1a: Froslass|0 fnt\n|faint|p1a: Froslass\n|\n|-heal|p2a: Spiritomb|168/234 brn|[from] item: Leftovers\n|-damage|p2a: Spiritomb|154/234 brn|[from] brn\n|upkeep\n|\n|t:|1781394464\n|switch|p1a: Illumise|Illumise, L91, F|266/266\n|turn|7\n|\n|t:|1781394476\n|move|p1a: Illumise|Encore|p2a: Spiritomb\n|-hint|Since gen 7, Dark is immune to Prankster moves.\n|-immune|p2a: Spiritomb\n|move|p2a: Spiritomb|Poltergeist|p1a: Illumise\n|-activate|p1a: Illumise|move: Poltergeist|Heavy-Duty Boots\n|-damage|p1a: Illumise|202/266\n|\n|-heal|p2a: Spiritomb|168/234 brn|[from] item: Leftovers\n|-damage|p2a: Spiritomb|154/234 brn|[from] brn\n|upkeep\n|turn|8\n|\n|t:|1781394487\n|move|p1a: Illumise|Bug Buzz|p2a: Spiritomb\n|-damage|p2a: Spiritomb|76/234 brn\n|-unboost|p2a: Spiritomb|spd|1\n|move|p2a: Spiritomb|Pain Split|p1a: Illumise\n|-sethp|p1a: Illumise|139/266|[from] move: Pain Split|[silent]\n|-sethp|p2a: Spiritomb|139/234 brn|[from] move: Pain Split\n|\n|-heal|p2a: Spiritomb|153/234 brn|[from] item: Leftovers\n|-damage|p2a: Spiritomb|139/234 brn|[from] brn\n|upkeep\n|turn|9\n|\n|t:|1781394498\n|move|p1a: Illumise|Roost|p1a: Illumise\n|-heal|p1a: Illumise|266/266\n|-singleturn|p1a: Illumise|move: Roost\n|move|p2a: Spiritomb|Foul Play|p1a: Illumise\n|-damage|p1a: Illumise|242/266\n|\n|-heal|p2a: Spiritomb|153/234 brn|[from] item: Leftovers\n|-damage|p2a: Spiritomb|139/234 brn|[from] brn\n|upkeep\n|turn|10\n|\n|t:|1781394505\n|switch|p2a: Gastrodon|Gastrodon-East, L86, F|237/331 brn\n|move|p1a: Illumise|Bug Buzz|p2a: Gastrodon\n|-damage|p2a: Gastrodon|144/331 brn\n|\n|-heal|p2a: Gastrodon|164/331 brn|[from] item: Leftovers\n|-damage|p2a: Gastrodon|144/331 brn|[from] brn\n|upkeep\n|turn|11\n|\n|t:|1781394516\n|move|p1a: Illumise|Bug Buzz|p2a: Gastrodon\n|-damage|p2a: Gastrodon|56/331 brn\n|move|p2a: Gastrodon|Recover|p2a: Gastrodon\n|-heal|p2a: Gastrodon|222/331 brn\n|\n|-heal|p2a: Gastrodon|242/331 brn|[from] item: Leftovers\n|-damage|p2a: Gastrodon|222/331 brn|[from] brn\n|upkeep\n|turn|12\n|\n|t:|1781394524\n|move|p1a: Illumise|Encore|p2a: Gastrodon\n|-start|p2a: Gastrodon|Encore\n|move|p2a: Gastrodon|Recover|p2a: Gastrodon\n|-heal|p2a: Gastrodon|331/331 brn\n|\n|-damage|p2a: Gastrodon|311/331 brn|[from] brn\n|upkeep\n|turn|13\n|\n|t:|1781394529\n|switch|p2a: Inteleon|Inteleon, L81, F|246/246\n|move|p1a: Illumise|Bug Buzz|p2a: Inteleon\n|-damage|p2a: Inteleon|129/246\n|\n|upkeep\n|turn|14\n|\n|t:|1781394540\n|move|p1a: Illumise|Thunder Wave|p2a: Inteleon\n|-status|p2a: Inteleon|par\n|cant|p2a: Inteleon|par\n|\n|upkeep\n|turn|15\n|\n|t:|1781394553\n|move|p1a: Illumise|Bug Buzz|p2a: Inteleon\n|-damage|p2a: Inteleon|5/246 par\n|cant|p2a: Inteleon|par\n|\n|upkeep\n|turn|16\n|\n|t:|1781394558\n|move|p1a: Illumise|Bug Buzz|p2a: Inteleon\n|-damage|p2a: Inteleon|0 fnt\n|faint|p2a: Inteleon\n|\n|upkeep\n|\n|t:|1781394563\n|switch|p2a: Toxicroak|Toxicroak, L84, F|277/277\n|turn|17\n|\n|t:|1781394567\n|move|p1a: Illumise|Thunder Wave|p2a: Toxicroak\n|-status|p2a: Toxicroak|par\n|cant|p2a: Toxicroak|par\n|\n|upkeep\n|turn|18\n|-message|Itsadam2 forfeited.\n|\n|win|elcharmik\n|raw|elcharmik's rating: 1145 &rarr; <strong>1174</strong><br />(+29 for winning)\n|raw|Itsadam2's rating: 1196 &rarr; <strong>1167</strong><br />(-29 for losing)\n|l|\u2606Itsadam2\n|player|p2|\n", "uploadtime": 1781394578, "views": 3, "formatid": "gen9randombattle", "rating": 1167, "private": 0, "password": null}