{"id": "gen9randombattle-2631898446", "format": "[Gen 9] Random Battle", "players": ["Kabzoul", "Aewow"], "log": "|j|\u2606Kabzoul\n|j|\u2606Aewow\n|t:|1781453377\n|gametype|singles\n|player|p1|Kabzoul|lady|1154\n|player|p2|Aewow|1|1175\n|gen|9\n|tier|[Gen 9] Random Battle\n|rated|\n|rule|Species Clause: Limit one of each Pok\u00e9mon\n|rule|HP Percentage Mod: HP is shown in percentages\n|rule|Sleep Clause Mod: Limit one foe put to sleep\n|rule|Illusion Level Mod: Illusion disguises the Pok\u00e9mon's true level\n|\n|t:|1781453377\n|teamsize|p1|6\n|teamsize|p2|6\n|start\n|switch|p1a: Noivern|Noivern, L82, M|274/274\n|switch|p2a: Oricorio|Oricorio, L84, F|263/263\n|turn|1\n|\n|t:|1781453400\n|switch|p2a: Rhydon|Rhydon, L85, M|317/317\n|-terastallize|p1a: Noivern|Normal\n|move|p1a: Noivern|Boomburst|p2a: Rhydon\n|-resisted|p2a: Rhydon\n|-damage|p2a: Rhydon|212/317\n|\n|upkeep\n|turn|2\n|\n|t:|1781453415\n|move|p1a: Noivern|Boomburst|p2a: Rhydon\n|-resisted|p2a: Rhydon\n|-damage|p2a: Rhydon|96/317\n|move|p2a: Rhydon|Stone Edge|p1a: Noivern\n|-damage|p1a: Noivern|115/274\n|\n|upkeep\n|turn|3\n|\n|t:|1781453435\n|switch|p1a: Tauros|Tauros-Paldea-Combat, L82, M|257/257\n|-ability|p1a: Tauros|Intimidate|boost\n|-unboost|p2a: Rhydon|atk|1\n|move|p2a: Rhydon|Stone Edge|p1a: Tauros|[miss]\n|-miss|p2a: Rhydon|p1a: Tauros\n|\n|upkeep\n|turn|4\n|\n|t:|1781453450\n|-terastallize|p2a: Rhydon|Fairy\n|move|p1a: Tauros|Iron Head|p2a: Rhydon\n|-supereffective|p2a: Rhydon\n|-damage|p2a: Rhydon|0 fnt\n|faint|p2a: Rhydon\n|\n|upkeep\n|\n|t:|1781453461\n|switch|p2a: Shaymin|Shaymin-Sky, L73|266/266\n|turn|5\n|inactive|Battle timer is ON: inactive players will automatically lose when time's up. (requested by Aewow)\n|\n|t:|1781453487\n|switch|p1a: Crabominable|Crabominable, L90, F|321/321\n|move|p2a: Shaymin|Substitute|p2a: Shaymin\n|-start|p2a: Shaymin|Substitute\n|-damage|p2a: Shaymin|200/266\n|\n|-heal|p2a: Shaymin|216/266|[from] item: Leftovers\n|upkeep\n|turn|6\n|\n|t:|1781453497\n|move|p2a: Shaymin|Leech Seed|p1a: Crabominable\n|-start|p1a: Crabominable|move: Leech Seed\n|move|p1a: Crabominable|Ice Hammer|p2a: Shaymin\n|-supereffective|p2a: Shaymin\n|-crit|p2a: Shaymin\n|-end|p2a: Shaymin|Substitute\n|-unboost|p1a: Crabominable|spe|1\n|\n|-heal|p2a: Shaymin|232/266|[from] item: Leftovers\n|-damage|p1a: Crabominable|281/321|[from] Leech Seed|[of] p2a: Shaymin\n|-heal|p2a: Shaymin|266/266|[silent]\n|upkeep\n|turn|7\n|\n|t:|1781453509\n|move|p2a: Shaymin|Substitute|p2a: Shaymin\n|-start|p2a: Shaymin|Substitute\n|-damage|p2a: Shaymin|200/266\n|move|p1a: Crabominable|Ice Hammer|p2a: Shaymin\n|-supereffective|p2a: Shaymin\n|-end|p2a: Shaymin|Substitute\n|-unboost|p1a: Crabominable|spe|1\n|\n|-heal|p2a: Shaymin|216/266|[from] item: Leftovers\n|-damage|p1a: Crabominable|241/321|[from] Leech Seed|[of] p2a: Shaymin\n|-heal|p2a: Shaymin|256/266|[silent]\n|upkeep\n|turn|8\n|\n|t:|1781453519\n|move|p2a: Shaymin|Substitute|p2a: Shaymin\n|-start|p2a: Shaymin|Substitute\n|-damage|p2a: Shaymin|190/266\n|move|p1a: Crabominable|Ice Hammer|p2a: Shaymin\n|-supereffective|p2a: Shaymin\n|-end|p2a: Shaymin|Substitute\n|-unboost|p1a: Crabominable|spe|1\n|\n|-heal|p2a: Shaymin|206/266|[from] item: Leftovers\n|-damage|p1a: Crabominable|201/321|[from] Leech Seed|[of] p2a: Shaymin\n|-heal|p2a: Shaymin|246/266|[silent]\n|upkeep\n|turn|9\n|\n|t:|1781453543\n|switch|p1a: Reuniclus|Reuniclus, L88, F|337/337\n|move|p2a: Shaymin|Substitute|p2a: Shaymin\n|-start|p2a: Shaymin|Substitute\n|-damage|p2a: Shaymin|180/266\n|\n|-heal|p2a: Shaymin|196/266|[from] item: Leftovers\n|upkeep\n|turn|10\n|\n|t:|1781453553\n|move|p2a: Shaymin|Seed Flare|p1a: Reuniclus\n|-damage|p1a: Reuniclus|225/337\n|-unboost|p1a: Reuniclus|spd|2\n|move|p1a: Reuniclus|Calm Mind|p1a: Reuniclus\n|-boost|p1a: Reuniclus|spa|1\n|-boost|p1a: Reuniclus|spd|1\n|\n|-heal|p2a: Shaymin|212/266|[from] item: Leftovers\n|upkeep\n|turn|11\n|\n|t:|1781453563\n|move|p2a: Shaymin|Air Slash|p1a: Reuniclus\n|-damage|p1a: Reuniclus|120/337\n|cant|p1a: Reuniclus|flinch\n|\n|-heal|p2a: Shaymin|228/266|[from] item: Leftovers\n|upkeep\n|turn|12\n|\n|t:|1781453580\n|move|p2a: Shaymin|Leech Seed|p1a: Reuniclus\n|-start|p1a: Reuniclus|move: Leech Seed\n|move|p1a: Reuniclus|Recover|p1a: Reuniclus\n|-heal|p1a: Reuniclus|289/337\n|\n|-heal|p2a: Shaymin|244/266|[from] item: Leftovers\n|upkeep\n|turn|13\n|\n|t:|1781453586\n|move|p2a: Shaymin|Air Slash|p1a: Reuniclus\n|-damage|p1a: Reuniclus|189/337\n|cant|p1a: Reuniclus|flinch\n|\n|-heal|p2a: Shaymin|260/266|[from] item: Leftovers\n|upkeep\n|turn|14\n|\n|t:|1781453614\n|move|p2a: Shaymin|Air Slash|p1a: Reuniclus\n|-damage|p1a: Reuniclus|87/337\n|move|p1a: Reuniclus|Calm Mind|p1a: Reuniclus\n|-boost|p1a: Reuniclus|spa|1\n|-boost|p1a: Reuniclus|spd|1\n|\n|-heal|p2a: Shaymin|266/266|[from] item: Leftovers\n|upkeep\n|turn|15\n|\n|t:|1781453623\n|move|p2a: Shaymin|Air Slash|p1a: Reuniclus\n|-damage|p1a: Reuniclus|18/337\n|move|p1a: Reuniclus|Recover|p1a: Reuniclus\n|-heal|p1a: Reuniclus|187/337\n|\n|upkeep\n|turn|16\n|\n|t:|1781453636\n|move|p2a: Shaymin|Seed Flare|p1a: Reuniclus\n|-damage|p1a: Reuniclus|81/337\n|-unboost|p1a: Reuniclus|spd|2\n|move|p1a: Reuniclus|Recover|p1a: Reuniclus\n|-heal|p1a: Reuniclus|250/337\n|\n|upkeep\n|turn|17\n|\n|t:|1781453643\n|move|p2a: Shaymin|Seed Flare|p1a: Reuniclus\n|-damage|p1a: Reuniclus|22/337\n|move|p1a: Reuniclus|Calm Mind|p1a: Reuniclus\n|-boost|p1a: Reuniclus|spa|1\n|-boost|p1a: Reuniclus|spd|1\n|\n|upkeep\n|turn|18\n|\n|t:|1781453653\n|move|p2a: Shaymin|Air Slash|p1a: Reuniclus\n|-damage|p1a: Reuniclus|0 fnt\n|faint|p1a: Reuniclus\n|\n|upkeep\n|\n|t:|1781453659\n|switch|p1a: Noivern|Noivern, L82, M, tera:Normal|115/274\n|turn|19\n|\n|t:|1781453672\n|move|p1a: Noivern|Hurricane|p2a: Shaymin\n|-supereffective|p2a: Shaymin\n|-damage|p2a: Shaymin|0 fnt\n|faint|p2a: Shaymin\n|\n|upkeep\n|\n|t:|1781453688\n|switch|p2a: Groudon|Groudon, L72|263/263\n|-weather|SunnyDay|[from] ability: Drought|[of] p2a: Groudon\n|turn|20\n|\n|t:|1781453706\n|switch|p1a: Crabominable|Crabominable, L90, F|201/321\n|move|p2a: Groudon|Stone Edge|p1a: Crabominable|[miss]\n|-miss|p2a: Groudon|p1a: Crabominable\n|\n|-weather|SunnyDay|[upkeep]\n|upkeep\n|turn|21\n|\n|t:|1781453716\n|move|p2a: Groudon|Heat Crash|p1a: Crabominable\n|-supereffective|p1a: Crabominable\n|-damage|p1a: Crabominable|0 fnt\n|faint|p1a: Crabominable\n|\n|-weather|SunnyDay|[upkeep]\n|upkeep\n|\n|t:|1781453732\n|switch|p1a: Tauros|Tauros-Paldea-Combat, L82, M|257/257\n|-ability|p1a: Tauros|Intimidate|boost\n|-unboost|p2a: Groudon|atk|1\n|turn|22\n|\n|t:|1781453744\n|move|p1a: Tauros|Iron Head|p2a: Groudon\n|-damage|p2a: Groudon|189/263\n|move|p2a: Groudon|Roar|p1a: Tauros\n|drag|p1a: Noivern|Noivern, L82, M, tera:Normal|115/274\n|\n|-weather|SunnyDay|[upkeep]\n|-heal|p2a: Groudon|205/263|[from] item: Leftovers\n|upkeep\n|turn|23\n|\n|t:|1781453756\n|move|p1a: Noivern|Boomburst|p2a: Groudon\n|-damage|p2a: Groudon|0 fnt\n|faint|p2a: Groudon\n|\n|-weather|SunnyDay|[upkeep]\n|upkeep\n|\n|t:|1781453778\n|switch|p2a: Bronzong|Bronzong, L88|261/261\n|turn|24\n|\n|t:|1781453786\n|switch|p1a: Skeledirge|Skeledirge, L79, F|294/294\n|move|p2a: Bronzong|Stealth Rock|p1a: Skeledirge\n|-sidestart|p1: Kabzoul|move: Stealth Rock\n|\n|-weather|none\n|upkeep\n|turn|25\n|\n|t:|1781453794\n|move|p1a: Skeledirge|Torch Song|p2a: Bronzong\n|-supereffective|p2a: Bronzong\n|-damage|p2a: Bronzong|141/261\n|-boost|p1a: Skeledirge|spa|1\n|move|p2a: Bronzong|Earthquake|p1a: Skeledirge\n|-supereffective|p1a: Skeledirge\n|-damage|p1a: Skeledirge|158/294\n|\n|-heal|p2a: Bronzong|157/261|[from] item: Leftovers\n|upkeep\n|turn|26\n|\n|t:|1781453805\n|switch|p2a: Oricorio|Oricorio, L84, F|263/263\n|move|p1a: Skeledirge|Torch Song|p2a: Oricorio\n|-resisted|p2a: Oricorio\n|-damage|p2a: Oricorio|188/263\n|-boost|p1a: Skeledirge|spa|1\n|\n|upkeep\n|turn|27\n|\n|t:|1781453821\n|move|p2a: Oricorio|Quiver Dance|p2a: Oricorio\n|-boost|p2a: Oricorio|spa|1\n|-boost|p2a: Oricorio|spd|1\n|-boost|p2a: Oricorio|spe|1\n|move|p1a: Skeledirge|Slack Off|p1a: Skeledirge\n|-heal|p1a: Skeledirge|294/294\n|\n|upkeep\n|turn|28\n|\n|t:|1781453842\n|move|p2a: Oricorio|Roost|p2a: Oricorio\n|-heal|p2a: Oricorio|263/263\n|-singleturn|p2a: Oricorio|move: Roost\n|move|p1a: Skeledirge|Torch Song|p2a: Oricorio\n|-resisted|p2a: Oricorio\n|-damage|p2a: Oricorio|160/263\n|-boost|p1a: Skeledirge|spa|1\n|\n|upkeep\n|turn|29\n|\n|t:|1781453861\n|move|p2a: Oricorio|Quiver Dance|p2a: Oricorio\n|-boost|p2a: Oricorio|spa|1\n|-boost|p2a: Oricorio|spd|1\n|-boost|p2a: Oricorio|spe|1\n|move|p1a: Skeledirge|Torch Song|p2a: Oricorio\n|-resisted|p2a: Oricorio\n|-damage|p2a: Oricorio|40/263\n|-boost|p1a: Skeledirge|spa|1\n|\n|upkeep\n|turn|30\n|\n|t:|1781453870\n|move|p2a: Oricorio|Roost|p2a: Oricorio\n|-heal|p2a: Oricorio|172/263\n|-singleturn|p2a: Oricorio|move: Roost\n|move|p1a: Skeledirge|Torch Song|p2a: Oricorio\n|-resisted|p2a: Oricorio\n|-damage|p2a: Oricorio|28/263\n|-boost|p1a: Skeledirge|spa|1\n|\n|upkeep\n|turn|31\n|inactive|Aewow has 120 seconds left.\n|inactive|Aewow has 90 seconds left.\n|\n|t:|1781453930\n|move|p2a: Oricorio|Hurricane|p1a: Skeledirge\n|-damage|p1a: Skeledirge|150/294\n|-start|p1a: Skeledirge|confusion\n|-activate|p1a: Skeledirge|confusion\n|-damage|p1a: Skeledirge|136/294|[from] confusion\n|\n|upkeep\n|turn|32\n|\n|t:|1781453938\n|move|p2a: Oricorio|Hurricane|p1a: Skeledirge|[miss]\n|-miss|p2a: Oricorio|p1a: Skeledirge\n|-activate|p1a: Skeledirge|confusion\n|move|p1a: Skeledirge|Torch Song|p2a: Oricorio\n|-resisted|p2a: Oricorio\n|-damage|p2a: Oricorio|0 fnt\n|-boost|p1a: Skeledirge|spa|1\n|faint|p2a: Oricorio\n|\n|upkeep\n|\n|t:|1781453941\n|switch|p2a: Bronzong|Bronzong, L88|157/261\n|turn|33\n|\n|t:|1781453951\n|-end|p1a: Skeledirge|confusion\n|move|p1a: Skeledirge|Torch Song|p2a: Bronzong\n|-supereffective|p2a: Bronzong\n|-damage|p2a: Bronzong|0 fnt\n|faint|p2a: Bronzong\n|\n|upkeep\n|inactive|Aewow has 90 seconds left.\n|\n|t:|1781453973\n|switch|p2a: Glastrier|Glastrier, L86|311/311\n|turn|34\n|inactive|Aewow has 90 seconds left.\n|\n|t:|1781453986\n|move|p1a: Skeledirge|Torch Song|p2a: Glastrier\n|-supereffective|p2a: Glastrier\n|-damage|p2a: Glastrier|0 fnt\n|faint|p2a: Glastrier\n|\n|win|Kabzoul\n|raw|Kabzoul's rating: 1154 &rarr; <strong>1181</strong><br />(+27 for winning)\n|raw|Aewow's rating: 1175 &rarr; <strong>1148</strong><br />(-27 for losing)\n|l|\u2606Aewow\n|player|p2|\n", "uploadtime": 1781453993, "views": 5, "formatid": "gen9randombattle", "rating": 1148, "private": 0, "password": null}