{"id": "gen9randombattle-2631967268", "format": "[Gen 9] Random Battle", "players": ["mahomesthegoat", "prajkundi"], "log": "|badge|p1|bronze|gen9randombattle|100-9\n|uhtml|medal-msg|<div class=\"broadcast-blue\">Curious what those medals under the avatar are? PS now has Ladder Seasons! For more information, check out the <a href=\"https://www.smogon.com/forums/threads/3740067/\">thread on Smogon.</a></div>\n|badge|p2|silver|gen9randombattle|30-9\n|uhtml|medal-msg|<div class=\"broadcast-blue\">Curious what those medals under the avatar are? PS now has Ladder Seasons! For more information, check out the <a href=\"https://www.smogon.com/forums/threads/3740067/\">thread on Smogon.</a></div>\n|j|\u2606mahomesthegoat\n|j|\u2606prajkundi\n|t:|1781460879\n|gametype|singles\n|player|p1|mahomesthegoat|101|2309\n|player|p2|prajkundi|red|2389\n|gen|9\n|tier|[Gen 9] Random Battle\n|rated|\n|rule|Species Clause: Limit one of each Pok\u00e9mon\n|rule|HP Percentage Mod: HP is shown in percentages\n|rule|Sleep Clause Mod: Limit one foe put to sleep\n|rule|Illusion Level Mod: Illusion disguises the Pok\u00e9mon's true level\n|\n|t:|1781460879\n|teamsize|p1|6\n|teamsize|p2|6\n|start\n|switch|p1a: Annihilape|Annihilape, L76, F|292/292\n|switch|p2a: Passimian|Passimian, L83, F|302/302\n|turn|1\n|inactive|Battle timer is ON: inactive players will automatically lose when time's up. (requested by prajkundi)\n|\n|t:|1781460917\n|switch|p2a: Florges|Florges-White, L85, F|271/271\n|move|p1a: Annihilape|Bulk Up|p1a: Annihilape\n|-boost|p1a: Annihilape|atk|1\n|-boost|p1a: Annihilape|def|1\n|\n|upkeep\n|turn|2\n|inactive|mahomesthegoat has 120 seconds left.\n|inactive|prajkundi has 120 seconds left.\n|\n|t:|1781460981\n|move|p1a: Annihilape|Gunk Shot|p2a: Florges\n|-supereffective|p2a: Florges\n|-damage|p2a: Florges|0 fnt\n|faint|p2a: Florges\n|\n|upkeep\n|inactive|prajkundi has 120 seconds left.\n|\n|t:|1781460990\n|switch|p2a: Abomasnow|Abomasnow, L84, M|287/287\n|-weather|Snowscape|[from] ability: Snow Warning|[of] p2a: Abomasnow\n|turn|3\n|\n|t:|1781461004\n|move|p1a: Annihilape|Gunk Shot|p2a: Abomasnow\n|-supereffective|p2a: Abomasnow\n|-damage|p2a: Abomasnow|93/287\n|move|p2a: Abomasnow|Aurora Veil|p2a: Abomasnow\n|-sidestart|p2: prajkundi|move: Aurora Veil\n|\n|-weather|Snowscape|[upkeep]\n|upkeep\n|turn|4\n|\n|t:|1781461017\n|move|p1a: Annihilape|Drain Punch|p2a: Abomasnow\n|-supereffective|p2a: Abomasnow\n|-damage|p2a: Abomasnow|0 fnt\n|faint|p2a: Abomasnow\n|\n|-weather|Snowscape|[upkeep]\n|upkeep\n|\n|t:|1781461031\n|switch|p2a: Blaziken|Blaziken, L76, F|247/247\n|turn|5\n|inactive|mahomesthegoat has 90 seconds left.\n|\n|t:|1781461079\n|move|p1a: Annihilape|Bulk Up|p1a: Annihilape\n|-boost|p1a: Annihilape|atk|1\n|-boost|p1a: Annihilape|def|1\n|move|p2a: Blaziken|Swords Dance|p2a: Blaziken\n|-boost|p2a: Blaziken|atk|2\n|\n|-weather|Snowscape|[upkeep]\n|-ability|p2a: Blaziken|Speed Boost|boost\n|-boost|p2a: Blaziken|spe|1\n|upkeep\n|turn|6\n|\n|t:|1781461089\n|move|p2a: Blaziken|Swords Dance|p2a: Blaziken\n|-boost|p2a: Blaziken|atk|2\n|move|p1a: Annihilape|Bulk Up|p1a: Annihilape\n|-boost|p1a: Annihilape|atk|1\n|-boost|p1a: Annihilape|def|1\n|\n|-weather|Snowscape|[upkeep]\n|-ability|p2a: Blaziken|Speed Boost|boost\n|-boost|p2a: Blaziken|spe|1\n|upkeep\n|turn|7\n|\n|t:|1781461103\n|move|p2a: Blaziken|Flare Blitz|p1a: Annihilape\n|-damage|p1a: Annihilape|84/292\n|-damage|p2a: Blaziken|178/247|[from] Recoil\n|-damage|p2a: Blaziken|154/247|[from] item: Life Orb\n|move|p1a: Annihilape|Drain Punch|p2a: Blaziken\n|-damage|p2a: Blaziken|37/247\n|-heal|p1a: Annihilape|143/292|[from] drain|[of] p2a: Blaziken\n|\n|-weather|none\n|-heal|p1a: Annihilape|161/292|[from] item: Leftovers\n|-ability|p2a: Blaziken|Speed Boost|boost\n|-boost|p2a: Blaziken|spe|1\n|upkeep\n|turn|8\n|\n|t:|1781461123\n|-terastallize|p2a: Blaziken|Dark\n|move|p2a: Blaziken|Knock Off|p1a: Annihilape\n|-damage|p1a: Annihilape|0 fnt\n|-enditem|p1a: Annihilape|Leftovers|[from] move: Knock Off|[of] p2a: Blaziken\n|faint|p1a: Annihilape\n|-damage|p2a: Blaziken|13/247|[from] item: Life Orb\n|\n|-ability|p2a: Blaziken|Speed Boost|boost\n|-boost|p2a: Blaziken|spe|1\n|upkeep\n|inactive|mahomesthegoat has 60 seconds left.\n|\n|t:|1781461147\n|switch|p1a: Avalugg|Avalugg-Hisui, L90, F|317/317\n|turn|9\n|\n|t:|1781461153\n|move|p2a: Blaziken|Close Combat|p1a: Avalugg\n|-supereffective|p1a: Avalugg\n|-ability|p1a: Avalugg|Sturdy\n|-damage|p1a: Avalugg|1/317\n|-unboost|p2a: Blaziken|def|1\n|-unboost|p2a: Blaziken|spd|1\n|-damage|p2a: Blaziken|0 fnt|[from] item: Life Orb\n|faint|p2a: Blaziken\n|move|p1a: Avalugg|Recover|p1a: Avalugg\n|-heal|p1a: Avalugg|160/317\n|\n|upkeep\n|\n|t:|1781461162\n|switch|p2a: Azumarill|Azumarill, L82, M|298/298\n|turn|10\n|inactive|mahomesthegoat has 60 seconds left.\n|\n|t:|1781461193\n|move|p2a: Azumarill|Belly Drum|p2a: Azumarill\n|-damage|p2a: Azumarill|149/298\n|-setboost|p2a: Azumarill|atk|6|[from] move: Belly Drum\n|-enditem|p2a: Azumarill|Sitrus Berry|[eat]\n|-heal|p2a: Azumarill|223/298|[from] item: Sitrus Berry\n|move|p1a: Avalugg|Recover|p1a: Avalugg\n|-heal|p1a: Avalugg|317/317\n|\n|-sideend|p2: prajkundi|move: Aurora Veil\n|upkeep\n|turn|11\n|\n|t:|1781461206\n|move|p2a: Azumarill|Liquidation|p1a: Avalugg\n|-supereffective|p1a: Avalugg\n|-ability|p1a: Avalugg|Sturdy\n|-damage|p1a: Avalugg|1/317\n|-unboost|p1a: Avalugg|def|1\n|move|p1a: Avalugg|Stone Edge|p2a: Azumarill\n|-damage|p2a: Azumarill|61/298\n|\n|upkeep\n|turn|12\n|\n|t:|1781461219\n|move|p2a: Azumarill|Liquidation|p1a: Avalugg\n|-supereffective|p1a: Avalugg\n|-damage|p1a: Avalugg|0 fnt\n|faint|p1a: Avalugg\n|\n|upkeep\n|inactive|mahomesthegoat has 30 seconds left.\n|\n|t:|1781461248\n|switch|p1a: Cloyster|Cloyster, L80, F|211/211\n|turn|13\n|\n|t:|1781461257\n|move|p2a: Azumarill|Aqua Jet|p1a: Cloyster\n|-resisted|p1a: Cloyster\n|-damage|p1a: Cloyster|151/211\n|move|p1a: Cloyster|Rock Blast|p2a: Azumarill\n|-damage|p2a: Azumarill|43/298\n|-damage|p2a: Azumarill|26/298\n|-damage|p2a: Azumarill|8/298\n|-damage|p2a: Azumarill|0 fnt\n|faint|p2a: Azumarill\n|-hitcount|p2: Azumarill|4\n|\n|upkeep\n|\n|t:|1781461272\n|switch|p2a: Gholdengo|Gholdengo, L77|261/261\n|turn|14\n|inactive|mahomesthegoat has 30 seconds left.\n|\n|t:|1781461298\n|move|p2a: Gholdengo|Make It Rain|p1a: Cloyster\n|-damage|p1a: Cloyster|0 fnt\n|-unboost|p2a: Gholdengo|spa|1\n|faint|p1a: Cloyster\n|\n|upkeep\n|inactive|mahomesthegoat has 30 seconds left this turn.\n|inactive|mahomesthegoat has 20 seconds left.\n|inactive|mahomesthegoat has 15 seconds left.\n|\n|t:|1781461317\n|switch|p1a: Salazzle|Salazzle, L83, F|249/249\n|turn|15\n|inactive|mahomesthegoat has 25 seconds left this turn.\n|\n|t:|1781461325\n|switch|p2a: Passimian|Passimian, L83, F|302/302\n|move|p1a: Salazzle|Fire Blast|p2a: Passimian\n|-damage|p2a: Passimian|139/302\n|-status|p2a: Passimian|brn\n|\n|-damage|p2a: Passimian|121/302 brn|[from] brn\n|upkeep\n|turn|16\n|inactive|mahomesthegoat has 30 seconds left.\n|\n|t:|1781461334\n|move|p1a: Salazzle|Fire Blast|p2a: Passimian\n|-damage|p2a: Passimian|0 fnt\n|faint|p2a: Passimian\n|\n|upkeep\n|\n|t:|1781461336\n|switch|p2a: Gholdengo|Gholdengo, L77|261/261\n|turn|17\n|\n|t:|1781461339\n|move|p1a: Salazzle|Fire Blast|p2a: Gholdengo\n|-supereffective|p2a: Gholdengo\n|-damage|p2a: Gholdengo|9/261\n|move|p2a: Gholdengo|Shadow Ball|p1a: Salazzle\n|-damage|p1a: Salazzle|131/249\n|\n|-heal|p2a: Gholdengo|25/261|[from] item: Leftovers\n|upkeep\n|turn|18\n|\n|t:|1781461348\n|move|p1a: Salazzle|Fire Blast|p2a: Gholdengo|[miss]\n|-miss|p1a: Salazzle|p2a: Gholdengo\n|move|p2a: Gholdengo|Shadow Ball|p1a: Salazzle\n|-damage|p1a: Salazzle|10/249\n|\n|-heal|p2a: Gholdengo|41/261|[from] item: Leftovers\n|upkeep\n|turn|19\n|\n|t:|1781461351\n|move|p1a: Salazzle|Fire Blast|p2a: Gholdengo\n|-supereffective|p2a: Gholdengo\n|-damage|p2a: Gholdengo|0 fnt\n|faint|p2a: Gholdengo\n|\n|win|mahomesthegoat\n", "uploadtime": 1781460882, "views": 3, "formatid": "gen9randombattle", "rating": null, "private": 0, "password": null}