{"id": "gen9randombattle-2631388202", "format": "[Gen 9] Random Battle", "players": ["baba_baba_whiteman", "zoz973"], "log": "|j|\u2606baba_baba_whiteman\n|j|\u2606zoz973\n|t:|1781378739\n|gametype|singles\n|player|p1|baba_baba_whiteman|2|1395\n|player|p2|zoz973|2|1355\n|gen|9\n|tier|[Gen 9] Random Battle\n|rated|\n|rule|Species Clause: Limit one of each Pok\u00e9mon\n|rule|HP Percentage Mod: HP is shown in percentages\n|rule|Sleep Clause Mod: Limit one foe put to sleep\n|rule|Illusion Level Mod: Illusion disguises the Pok\u00e9mon's true level\n|\n|t:|1781378739\n|teamsize|p1|6\n|teamsize|p2|6\n|start\n|switch|p1a: Dedenne|Dedenne, L88, F|261/261\n|switch|p2a: Toxtricity|Toxtricity, L82, F|257/257\n|turn|1\n|inactive|Battle timer is ON: inactive players will automatically lose when time's up. (requested by zoz973)\n|\n|t:|1781378755\n|move|p2a: Toxtricity|Sludge Wave|p1a: Dedenne\n|-supereffective|p1a: Dedenne\n|-damage|p1a: Dedenne|13/261\n|-status|p1a: Dedenne|psn\n|-enditem|p1a: Dedenne|Sitrus Berry|[eat]\n|-heal|p1a: Dedenne|78/261 psn|[from] item: Sitrus Berry\n|-heal|p1a: Dedenne|165/261 psn|[from] ability: Cheek Pouch\n|move|p1a: Dedenne|U-turn|p2a: Toxtricity\n|-resisted|p2a: Toxtricity\n|-crit|p2a: Toxtricity\n|-damage|p2a: Toxtricity|226/257\n|inactive|baba_baba_whiteman has 120 seconds left.\n|\n|t:|1781378792\n|switch|p1a: Copperajah|Copperajah, L86, F|349/349|[from] U-turn\n|\n|upkeep\n|turn|2\n|\n|t:|1781378806\n|switch|p2a: Iron Treads|Iron Treads, L77|265/265\n|move|p1a: Copperajah|Knock Off|p2a: Iron Treads\n|-damage|p2a: Iron Treads|157/265\n|-enditem|p2a: Iron Treads|Assault Vest|[from] move: Knock Off|[of] p1a: Copperajah\n|\n|upkeep\n|turn|3\n|inactive|baba_baba_whiteman has 120 seconds left.\n|\n|t:|1781378840\n|switch|p1a: Milotic|Milotic, L83, M|293/293\n|move|p2a: Iron Treads|Earthquake|p1a: Milotic\n|-damage|p1a: Milotic|184/293\n|\n|-heal|p1a: Milotic|202/293|[from] item: Leftovers\n|upkeep\n|turn|4\n|inactive|baba_baba_whiteman has 120 seconds left.\n|\n|t:|1781378851\n|move|p2a: Iron Treads|Volt Switch|p1a: Milotic\n|-supereffective|p1a: Milotic\n|-damage|p1a: Milotic|146/293\n|\n|t:|1781378859\n|-end|p2a: Iron Treads|Quark Drive|[silent]\n|switch|p2a: Toxtricity|Toxtricity, L82, F|226/257|[from] Volt Switch\n|move|p1a: Milotic|Scald|p2a: Toxtricity\n|-damage|p2a: Toxtricity|127/257\n|\n|-heal|p1a: Milotic|164/293|[from] item: Leftovers\n|upkeep\n|turn|5\n|inactive|baba_baba_whiteman has 120 seconds left.\n|\n|t:|1781378888\n|-terastallize|p1a: Milotic|Steel\n|move|p2a: Toxtricity|Volt Switch|p1a: Milotic\n|-damage|p1a: Milotic|106/293\n|\n|t:|1781378894\n|switch|p2a: Iron Treads|Iron Treads, L77|157/265|[from] Volt Switch\n|move|p1a: Milotic|Scald|p2a: Iron Treads\n|-supereffective|p2a: Iron Treads\n|-damage|p2a: Iron Treads|0 fnt\n|faint|p2a: Iron Treads\n|-end|p2a: Iron Treads|Quark Drive|[silent]\n|\n|-heal|p1a: Milotic|124/293|[from] item: Leftovers\n|upkeep\n|\n|t:|1781378906\n|switch|p2a: Glaceon|Glaceon, L94, F|275/275\n|turn|6\n|inactive|baba_baba_whiteman has 120 seconds left.\n|\n|t:|1781378922\n|-terastallize|p2a: Glaceon|Ground\n|move|p1a: Milotic|Recover|p1a: Milotic\n|-heal|p1a: Milotic|271/293\n|move|p2a: Glaceon|Mud Shot|p1a: Milotic\n|-supereffective|p1a: Milotic\n|-damage|p1a: Milotic|109/293\n|-unboost|p1a: Milotic|spe|1\n|-ability|p1a: Milotic|Competitive|boost\n|-boost|p1a: Milotic|spa|2\n|\n|-heal|p1a: Milotic|127/293|[from] item: Leftovers\n|upkeep\n|turn|7\n|inactive|baba_baba_whiteman has 120 seconds left.\n|\n|t:|1781378934\n|move|p2a: Glaceon|Mud Shot|p1a: Milotic\n|-supereffective|p1a: Milotic\n|-damage|p1a: Milotic|0 fnt\n|faint|p1a: Milotic\n|\n|upkeep\n|\n|t:|1781378947\n|switch|p1a: Dedenne|Dedenne, L88, F|165/261 psn\n|turn|8\n|\n|t:|1781378952\n|move|p1a: Dedenne|Dazzling Gleam|p2a: Glaceon\n|-damage|p2a: Glaceon|206/275\n|move|p2a: Glaceon|Mud Shot|p1a: Dedenne\n|-supereffective|p1a: Dedenne\n|-damage|p1a: Dedenne|0 fnt\n|faint|p1a: Dedenne\n|\n|upkeep\n|inactive|baba_baba_whiteman has 120 seconds left.\n|\n|t:|1781378961\n|switch|p1a: Baxcalibur|Baxcalibur, L75, M|295/295\n|turn|9\n|\n|t:|1781378968\n|switch|p2a: Okidogi|Okidogi, L77, M|262/262\n|move|p1a: Baxcalibur|Swords Dance|p1a: Baxcalibur\n|-boost|p1a: Baxcalibur|atk|2\n|\n|upkeep\n|turn|10\n|\n|t:|1781378981\n|move|p1a: Baxcalibur|Earthquake|p2a: Okidogi\n|-supereffective|p2a: Okidogi\n|-damage|p2a: Okidogi|0 fnt\n|faint|p2a: Okidogi\n|\n|upkeep\n|\n|t:|1781378990\n|switch|p2a: Ogerpon|Ogerpon, L80, F|259/259\n|turn|11\n|\n|t:|1781378999\n|move|p2a: Ogerpon|Encore|p1a: Baxcalibur\n|-start|p1a: Baxcalibur|Encore\n|move|p1a: Baxcalibur|Earthquake|p2a: Ogerpon\n|-resisted|p2a: Ogerpon\n|-damage|p2a: Ogerpon|172/259\n|\n|-heal|p2a: Ogerpon|188/259|[from] item: Leftovers\n|upkeep\n|turn|12\n|\n|t:|1781379012\n|switch|p1a: Dragonite|Dragonite, L74, F|257/257\n|move|p2a: Ogerpon|Knock Off|p1a: Dragonite\n|-damage|p1a: Dragonite|218/257\n|-enditem|p1a: Dragonite|Heavy-Duty Boots|[from] move: Knock Off|[of] p2a: Ogerpon\n|\n|-heal|p2a: Ogerpon|204/259|[from] item: Leftovers\n|upkeep\n|turn|13\n|\n|t:|1781379027\n|switch|p2a: Glaceon|Glaceon, L94, F, tera:Ground|206/275\n|move|p1a: Dragonite|Outrage|p2a: Glaceon\n|-damage|p2a: Glaceon|115/275\n|\n|upkeep\n|turn|14\n|\n|t:|1781379034\n|move|p2a: Glaceon|Freeze-Dry|p1a: Dragonite\n|-supereffective|p1a: Dragonite\n|-damage|p1a: Dragonite|0 fnt\n|faint|p1a: Dragonite\n|\n|upkeep\n|\n|t:|1781379039\n|switch|p1a: Baxcalibur|Baxcalibur, L75, M|295/295\n|turn|15\n|\n|t:|1781379048\n|move|p2a: Glaceon|Mud Shot|p1a: Baxcalibur\n|-damage|p1a: Baxcalibur|181/295\n|-unboost|p1a: Baxcalibur|spe|1\n|move|p1a: Baxcalibur|Scale Shot|p2a: Glaceon\n|-crit|p2a: Glaceon\n|-damage|p2a: Glaceon|78/275\n|-damage|p2a: Glaceon|56/275\n|-damage|p2a: Glaceon|31/275\n|-damage|p2a: Glaceon|6/275\n|-hitcount|p2a: Glaceon|4\n|-unboost|p1a: Baxcalibur|def|1\n|-boost|p1a: Baxcalibur|spe|1\n|\n|upkeep\n|turn|16\n|\n|t:|1781379064\n|move|p2a: Glaceon|Mud Shot|p1a: Baxcalibur\n|-damage|p1a: Baxcalibur|72/295\n|-unboost|p1a: Baxcalibur|spe|1\n|move|p1a: Baxcalibur|Scale Shot|p2a: Glaceon\n|-damage|p2a: Glaceon|0 fnt\n|faint|p2a: Glaceon\n|-hitcount|p2: Glaceon|1\n|-unboost|p1a: Baxcalibur|def|1\n|-boost|p1a: Baxcalibur|spe|1\n|\n|upkeep\n|\n|t:|1781379077\n|switch|p2a: Toxtricity|Toxtricity, L82, F|127/257\n|turn|17\n|\n|t:|1781379084\n|switch|p1a: Copperajah|Copperajah, L86, F|349/349\n|move|p2a: Toxtricity|Boomburst|p1a: Copperajah\n|-resisted|p1a: Copperajah\n|-damage|p1a: Copperajah|269/349\n|\n|upkeep\n|turn|18\n|\n|t:|1781379097\n|switch|p2a: Ogerpon|Ogerpon, L80, F|204/259\n|move|p1a: Copperajah|Heat Crash|p2a: Ogerpon\n|-supereffective|p2a: Ogerpon\n|-damage|p2a: Ogerpon|0 fnt\n|faint|p2a: Ogerpon\n|\n|upkeep\n|\n|t:|1781379103\n|switch|p2a: Chansey|Chansey, L85, F|564/564\n|turn|19\n|\n|t:|1781379108\n|move|p2a: Chansey|Seismic Toss|p1a: Copperajah\n|-damage|p1a: Copperajah|184/349\n|move|p1a: Copperajah|Heat Crash|p2a: Chansey\n|-damage|p2a: Chansey|185/564\n|\n|upkeep\n|turn|20\n|\n|t:|1781379115\n|move|p2a: Chansey|Seismic Toss|p1a: Copperajah\n|-damage|p1a: Copperajah|99/349\n|move|p1a: Copperajah|Heat Crash|p2a: Chansey\n|-damage|p2a: Chansey|0 fnt\n|faint|p2a: Chansey\n|\n|upkeep\n|\n|t:|1781379121\n|switch|p2a: Toxtricity|Toxtricity, L82, F|127/257\n|turn|21\n|\n|t:|1781379125\n|move|p2a: Toxtricity|Overdrive|p1a: Copperajah\n|-damage|p1a: Copperajah|0 fnt\n|faint|p1a: Copperajah\n|\n|upkeep\n|\n|t:|1781379137\n|switch|p1a: Baxcalibur|Baxcalibur, L75, M|72/295\n|turn|22\n|\n|t:|1781379144\n|move|p2a: Toxtricity|Overdrive|p1a: Baxcalibur\n|-resisted|p1a: Baxcalibur\n|-damage|p1a: Baxcalibur|6/295\n|move|p1a: Baxcalibur|Scale Shot|p2a: Toxtricity|[miss]\n|-miss|p1a: Baxcalibur|p2a: Toxtricity\n|\n|upkeep\n|turn|23\n|c|\u2606baba_baba_whiteman|haha\n|\n|t:|1781379159\n|move|p2a: Toxtricity|Overdrive|p1a: Baxcalibur\n|-resisted|p1a: Baxcalibur\n|-damage|p1a: Baxcalibur|0 fnt\n|faint|p1a: Baxcalibur\n|\n|upkeep\n|\n|t:|1781379161\n|switch|p1a: Sneasler|Sneasler, L74, M|240/240\n|turn|24\n|\n|t:|1781379174\n|move|p2a: Toxtricity|Overdrive|p1a: Sneasler\n|-damage|p1a: Sneasler|108/240\n|move|p1a: Sneasler|Throat Chop|p2a: Toxtricity\n|-damage|p2a: Toxtricity|22/257\n|-start|p2a: Toxtricity|Throat Chop|[silent]\n|\n|upkeep\n|turn|25\n|\n|t:|1781379180\n|-activate|p2a: Toxtricity|move: Struggle\n|move|p2a: Toxtricity|Struggle|p1a: Sneasler\n|-damage|p1a: Sneasler|69/240\n|-damage|p2a: Toxtricity|0 fnt|[from] recoil\n|faint|p2a: Toxtricity\n|\n|win|baba_baba_whiteman\n|raw|baba_baba_whiteman's rating: 1395 &rarr; <strong>1413</strong><br />(+18 for winning)\n|raw|zoz973's rating: 1355 &rarr; <strong>1337</strong><br />(-18 for losing)\n|l|\u2606zoz973\n|player|p2|\n|c|\u2606baba_baba_whiteman|ggs\n", "uploadtime": 1781379216, "views": 7, "formatid": "gen9randombattle", "rating": 1337, "private": 0, "password": null}