{"id": "gen9randombattle-2631455586", "format": "[Gen 9] Random Battle", "players": ["Solaris(X)Eclipse", "TRedden"], "log": "|j|\u2606Solaris(X)Eclipse\n|j|\u2606TRedden\n|t:|1781386806\n|gametype|singles\n|player|p1|Solaris(X)Eclipse|richboy|1818\n|player|p2|TRedden|blue|1757\n|gen|9\n|tier|[Gen 9] Random Battle\n|rated|\n|rule|Species Clause: Limit one of each Pok\u00e9mon\n|rule|HP Percentage Mod: HP is shown in percentages\n|rule|Sleep Clause Mod: Limit one foe put to sleep\n|rule|Illusion Level Mod: Illusion disguises the Pok\u00e9mon's true level\n|\n|t:|1781386806\n|teamsize|p1|6\n|teamsize|p2|6\n|start\n|switch|p1a: Inteleon|Inteleon, L81, M|246/246\n|switch|p2a: Meowscarada|Meowscarada, L78, M|247/247\n|turn|1\n|\n|t:|1781386822\n|switch|p2a: Orthworm|Orthworm, L88, F|266/266\n|move|p1a: Inteleon|U-turn|p2a: Orthworm\n|-resisted|p2a: Orthworm\n|-damage|p2a: Orthworm|253/266\n|\n|t:|1781386836\n|switch|p1a: Metagross|Metagross, L79|256/256|[from] U-turn\n|\n|-heal|p2a: Orthworm|266/266|[from] item: Leftovers\n|upkeep\n|turn|2\n|\n|t:|1781386841\n|move|p2a: Orthworm|Shed Tail|p2a: Orthworm\n|-start|p2a: Orthworm|Substitute|[from] move: Shed Tail\n|-damage|p2a: Orthworm|133/266\n|\n|t:|1781386848\n|switch|p2a: Meowscarada|Meowscarada, L78, M|247/247|[from] Shed Tail\n|move|p1a: Metagross|Stealth Rock|p2a: Meowscarada\n|-sidestart|p2: TRedden|move: Stealth Rock\n|\n|upkeep\n|turn|3\n|\n|t:|1781386876\n|switch|p1a: Slither Wing|Slither Wing, L81|270/270\n|move|p2a: Meowscarada|Knock Off|p1a: Slither Wing\n|-start|p2a: Meowscarada|typechange|Dark|[from] ability: Protean\n|-resisted|p1a: Slither Wing\n|-damage|p1a: Slither Wing|180/270\n|-enditem|p1a: Slither Wing|Life Orb|[from] move: Knock Off|[of] p2a: Meowscarada\n|\n|upkeep\n|turn|4\n|\n|t:|1781386900\n|move|p1a: Slither Wing|First Impression|p2a: Meowscarada\n|-supereffective|p2a: Meowscarada\n|-end|p2a: Meowscarada|Substitute\n|move|p2a: Meowscarada|Knock Off|p1a: Slither Wing\n|-resisted|p1a: Slither Wing\n|-crit|p1a: Slither Wing\n|-damage|p1a: Slither Wing|90/270\n|\n|upkeep\n|turn|5\n|\n|t:|1781386913\n|switch|p2a: Oricorio|Oricorio-Sensu, L85, M|266/266\n|move|p1a: Slither Wing|Close Combat|p2a: Oricorio\n|-immune|p2a: Oricorio\n|\n|upkeep\n|turn|6\n|\n|t:|1781386920\n|-end|p1a: Slither Wing|Protosynthesis|[silent]\n|switch|p1a: Cryogonal|Cryogonal, L89|287/287\n|move|p2a: Oricorio|Quiver Dance|p2a: Oricorio\n|-boost|p2a: Oricorio|spa|1\n|-boost|p2a: Oricorio|spd|1\n|-boost|p2a: Oricorio|spe|1\n|\n|upkeep\n|turn|7\n|l|\u2606TRedden\n|player|p2|\n|j|\u2606TRedden\n|player|p2|TRedden|blue|\n|inactive|Battle timer is ON: inactive players will automatically lose when time's up. (requested by TRedden)\n|inactive|Solaris(X)Eclipse has 120 seconds left.\n|inactive|Solaris(X)Eclipse has 90 seconds left.\n|inactive|Solaris(X)Eclipse has 60 seconds left.\n|inactive|Solaris(X)Eclipse has 30 seconds left.\n|inactive|Solaris(X)Eclipse has 20 seconds left.\n|inactive|Solaris(X)Eclipse has 15 seconds left.\n|inactive|Solaris(X)Eclipse has 10 seconds left.\n|inactive|Solaris(X)Eclipse has 5 seconds left.\n|-message|Solaris(X)Eclipse lost due to inactivity.\n|\n|win|TRedden\n|raw|Solaris(X)Eclipse's rating: 1818 &rarr; <strong>1795</strong><br />(-23 for losing)\n|raw|TRedden's rating: 1757 &rarr; <strong>1780</strong><br />(+23 for winning)\n", "uploadtime": 1781387221, "views": 8, "formatid": "gen9randombattle", "rating": 1780, "private": 0, "password": null}