{"id": "gen9randombattle-2631855446", "format": "[Gen 9] Random Battle", "players": ["ChanceUser", "JohnaP"], "log": "|j|\u2606ChanceUser\n|j|\u2606JohnaP\n|t:|1781448589\n|gametype|singles\n|player|p1|ChanceUser|1|1901\n|player|p2|JohnaP|acetrainerf|1911\n|gen|9\n|tier|[Gen 9] Random Battle\n|rated|\n|rule|Species Clause: Limit one of each Pok\u00e9mon\n|rule|HP Percentage Mod: HP is shown in percentages\n|rule|Sleep Clause Mod: Limit one foe put to sleep\n|rule|Illusion Level Mod: Illusion disguises the Pok\u00e9mon's true level\n|\n|t:|1781448589\n|teamsize|p1|6\n|teamsize|p2|6\n|start\n|switch|p1a: Dondozo|Dondozo, L78, M|362/362\n|switch|p2a: Sneasler|Sneasler, L74, M|240/240\n|turn|1\n|inactive|Battle timer is ON: inactive players will automatically lose when time's up. (requested by JohnaP)\n|\n|t:|1781448603\n|move|p2a: Sneasler|U-turn|p1a: Dondozo\n|-damage|p1a: Dondozo|292/362\n|\n|t:|1781448607\n|switch|p2a: Noivern|Noivern, L82, M|274/274|[from] U-turn\n|move|p1a: Dondozo|Wave Crash|p2a: Noivern\n|-resisted|p2a: Noivern\n|-damage|p2a: Noivern|214/274\n|-damage|p1a: Dondozo|272/362|[from] Recoil\n|\n|-heal|p1a: Dondozo|294/362|[from] item: Leftovers\n|upkeep\n|turn|2\n|\n|t:|1781448627\n|switch|p1a: Rhydon|Rhydon, L85, M|317/317\n|move|p2a: Noivern|Hurricane|p1a: Rhydon\n|-resisted|p1a: Rhydon\n|-damage|p1a: Rhydon|261/317\n|\n|upkeep\n|turn|3\n|inactive|JohnaP has 120 seconds left.\n|\n|t:|1781448663\n|switch|p2a: Victreebel|Victreebel, L90, M|290/290\n|move|p1a: Rhydon|Stone Edge|p2a: Victreebel\n|-damage|p2a: Victreebel|142/290\n|\n|upkeep\n|turn|4\n|\n|t:|1781448671\n|switch|p1a: Delibird|Delibird, F|252/252\n|move|p2a: Victreebel|Sleep Powder|p1a: Delibird|[miss]\n|-miss|p2a: Victreebel|p1a: Delibird\n|\n|upkeep\n|turn|5\n|inactive|JohnaP has 120 seconds left.\n|\n|t:|1781448697\n|move|p2a: Victreebel|Sucker Punch|p1a: Delibird\n|-damage|p1a: Delibird|143/252\n|-damage|p2a: Victreebel|113/290|[from] item: Life Orb\n|move|p1a: Delibird|Ice Spinner|p2a: Victreebel\n|-supereffective|p2a: Victreebel\n|-damage|p2a: Victreebel|0 fnt\n|faint|p2a: Victreebel\n|\n|upkeep\n|\n|t:|1781448705\n|switch|p2a: Scizor|Scizor, L79, F|240/240\n|turn|6\n|\n|t:|1781448713\n|switch|p1a: Dondozo|Dondozo, L78, M|294/362\n|move|p2a: Scizor|U-turn|p1a: Dondozo\n|-damage|p1a: Dondozo|194/362\n|inactive|JohnaP has 90 seconds left.\n|\n|t:|1781448742\n|switch|p2a: Noivern|Noivern, L82, M|214/274|[from] U-turn\n|\n|-heal|p1a: Dondozo|216/362|[from] item: Leftovers\n|upkeep\n|turn|7\n|inactive|JohnaP has 90 seconds left.\n|\n|t:|1781448756\n|move|p2a: Noivern|Draco Meteor|p1a: Dondozo\n|-damage|p1a: Dondozo|45/362\n|-unboost|p2a: Noivern|spa|2\n|move|p1a: Dondozo|Wave Crash|p2a: Noivern\n|-resisted|p2a: Noivern\n|-damage|p2a: Noivern|157/274\n|-damage|p1a: Dondozo|26/362|[from] Recoil\n|\n|-heal|p1a: Dondozo|48/362|[from] item: Leftovers\n|upkeep\n|turn|8\n|\n|t:|1781448763\n|switch|p1a: Rhydon|Rhydon, L85, M|261/317\n|move|p2a: Noivern|Draco Meteor|p1a: Rhydon\n|-damage|p1a: Rhydon|188/317\n|-unboost|p2a: Noivern|spa|2\n|\n|upkeep\n|turn|9\n|\n|t:|1781448774\n|switch|p2a: Scizor|Scizor, L79, F|240/240\n|move|p1a: Rhydon|Stone Edge|p2a: Scizor|[miss]\n|-miss|p1a: Rhydon|p2a: Scizor\n|\n|upkeep\n|turn|10\n|\n|t:|1781448785\n|switch|p1a: Dondozo|Dondozo, L78, M|48/362\n|move|p2a: Scizor|Bullet Punch|p1a: Dondozo\n|-resisted|p1a: Dondozo\n|-crit|p1a: Dondozo\n|-damage|p1a: Dondozo|0 fnt\n|faint|p1a: Dondozo\n|\n|upkeep\n|\n|t:|1781448788\n|switch|p1a: Slaking|Slaking, L84, M|389/389\n|turn|11\n|\n|t:|1781448801\n|move|p2a: Scizor|Bullet Punch|p1a: Slaking\n|-damage|p1a: Slaking|295/389\n|move|p1a: Slaking|Knock Off|p2a: Scizor\n|-damage|p2a: Scizor|84/240\n|-enditem|p2a: Scizor|Choice Band|[from] move: Knock Off|[of] p1a: Slaking\n|\n|upkeep\n|turn|12\n|\n|t:|1781448811\n|switch|p1a: Cacturne|Cacturne, L92, F|278/278\n|switch|p2a: Sneasler|Sneasler, L74, M|240/240\n|\n|upkeep\n|turn|13\n|inactive|JohnaP has 120 seconds left.\n|\n|t:|1781448833\n|-terastallize|p1a: Cacturne|Poison\n|move|p2a: Sneasler|U-turn|p1a: Cacturne\n|-resisted|p1a: Cacturne\n|-damage|p1a: Cacturne|235/278\n|inactive|JohnaP has 90 seconds left.\n|\n|t:|1781448860\n|switch|p2a: Camerupt|Camerupt, L91, M|275/275|[from] U-turn\n|move|p1a: Cacturne|Swords Dance|p1a: Cacturne\n|-boost|p1a: Cacturne|atk|2\n|\n|upkeep\n|turn|14\n|inactive|JohnaP has 90 seconds left.\n|\n|t:|1781448876\n|move|p1a: Cacturne|Knock Off|p2a: Camerupt\n|-damage|p2a: Camerupt|0 fnt\n|-enditem|p2a: Camerupt|Leftovers|[from] move: Knock Off|[of] p1a: Cacturne\n|faint|p2a: Camerupt\n|-damage|p1a: Cacturne|208/278|[from] item: Life Orb\n|\n|upkeep\n|inactive|JohnaP has 90 seconds left.\n|\n|t:|1781448895\n|switch|p2a: Sneasler|Sneasler, L74, M|240/240\n|turn|15\n|\n|t:|1781448918\n|move|p2a: Sneasler|U-turn|p1a: Cacturne\n|-resisted|p1a: Cacturne\n|-damage|p1a: Cacturne|163/278\n|\n|t:|1781448919\n|switch|p2a: Noivern|Noivern, L82, M|157/274|[from] U-turn\n|move|p1a: Cacturne|Knock Off|p2a: Noivern\n|-damage|p2a: Noivern|0 fnt\n|-enditem|p2a: Noivern|Heavy-Duty Boots|[from] move: Knock Off|[of] p1a: Cacturne\n|faint|p2a: Noivern\n|-damage|p1a: Cacturne|136/278|[from] item: Life Orb\n|\n|upkeep\n|\n|t:|1781448921\n|switch|p2a: Sneasler|Sneasler, L74, M|240/240\n|turn|16\n|\n|t:|1781448935\n|move|p2a: Sneasler|Throat Chop|p1a: Cacturne\n|-damage|p1a: Cacturne|39/278\n|-start|p1a: Cacturne|Throat Chop|[silent]\n|move|p1a: Cacturne|Knock Off|p2a: Sneasler\n|-resisted|p2a: Sneasler\n|-damage|p2a: Sneasler|0 fnt\n|-enditem|p2a: Sneasler|Choice Band|[from] move: Knock Off|[of] p1a: Cacturne\n|faint|p2a: Sneasler\n|-damage|p1a: Cacturne|12/278|[from] item: Life Orb\n|\n|upkeep\n|\n|t:|1781448939\n|switch|p2a: Scizor|Scizor, L79, F|84/240\n|turn|17\n|\n|t:|1781448948\n|move|p1a: Cacturne|Sucker Punch|p2a: Scizor\n|-damage|p2a: Scizor|0 fnt\n|faint|p2a: Scizor\n|-damage|p1a: Cacturne|0 fnt|[from] item: Life Orb\n|faint|p1a: Cacturne\n|\n|upkeep\n|\n|t:|1781448955\n|switch|p1a: Rhydon|Rhydon, L85, M|188/317\n|switch|p2a: Polteageist|Polteageist-Antique, L78|222/222\n|turn|18\n|\n|t:|1781448964\n|move|p2a: Polteageist|Shell Smash|p2a: Polteageist\n|-unboost|p2a: Polteageist|def|1\n|-unboost|p2a: Polteageist|spd|1\n|-boost|p2a: Polteageist|atk|2\n|-boost|p2a: Polteageist|spa|2\n|-boost|p2a: Polteageist|spe|2\n|-enditem|p2a: Polteageist|White Herb\n|-clearnegativeboost|p2a: Polteageist|[silent]\n|move|p1a: Rhydon|Stone Edge|p2a: Polteageist\n|-damage|p2a: Polteageist|30/222\n|\n|upkeep\n|turn|19\n|\n|t:|1781448973\n|move|p2a: Polteageist|Strength Sap|p1a: Rhydon\n|-unboost|p1a: Rhydon|atk|1\n|-heal|p2a: Polteageist|222/222\n|move|p1a: Rhydon|Earthquake|p2a: Polteageist\n|-damage|p2a: Polteageist|104/222\n|-start|p1a: Rhydon|Disable|Earthquake|[from] ability: Cursed Body|[of] p2a: Polteageist\n|\n|upkeep\n|turn|20\n|inactive|JohnaP has 120 seconds left.\n|\n|t:|1781448982\n|move|p2a: Polteageist|Strength Sap|p1a: Rhydon\n|-unboost|p1a: Rhydon|atk|1\n|-heal|p2a: Polteageist|222/222\n|move|p1a: Rhydon|Stone Edge|p2a: Polteageist\n|-damage|p2a: Polteageist|132/222\n|\n|upkeep\n|turn|21\n|\n|t:|1781448990\n|move|p2a: Polteageist|Shell Smash|p2a: Polteageist\n|-unboost|p2a: Polteageist|def|1\n|-unboost|p2a: Polteageist|spd|1\n|-boost|p2a: Polteageist|atk|2\n|-boost|p2a: Polteageist|spa|2\n|-boost|p2a: Polteageist|spe|2\n|move|p1a: Rhydon|Stone Edge|p2a: Polteageist\n|-damage|p2a: Polteageist|0 fnt\n|faint|p2a: Polteageist\n|\n|win|ChanceUser\n", "uploadtime": 1781448592, "views": 4, "formatid": "gen9randombattle", "rating": null, "private": 0, "password": null}