{"id": "gen9randombattle-2631571064", "format": "[Gen 9] Random Battle", "players": ["schleeby", "Arsenal0394"], "log": "|j|\u2606schleeby\n|j|\u203dArsenal0394\n|t:|1781402849\n|gametype|singles\n|player|p1|schleeby|rosa|2037\n|player|p2|Arsenal0394|2|1992\n|gen|9\n|tier|[Gen 9] Random Battle\n|rated|\n|rule|Species Clause: Limit one of each Pok\u00e9mon\n|rule|HP Percentage Mod: HP is shown in percentages\n|rule|Sleep Clause Mod: Limit one foe put to sleep\n|rule|Illusion Level Mod: Illusion disguises the Pok\u00e9mon's true level\n|\n|t:|1781402849\n|teamsize|p1|6\n|teamsize|p2|6\n|start\n|switch|p1a: Araquanid|Araquanid, L82, F|246/246\n|switch|p2a: Glimmora|Glimmora, L75, M|248/248\n|turn|1\n|inactive|Battle timer is ON: inactive players will automatically lose when time's up. (requested by schleeby)\n|\n|t:|1781402888\n|switch|p1a: Espeon|Espeon, L84, M|246/246\n|move|p2a: Glimmora|Meteor Beam||[still]\n|-prepare|p2a: Glimmora|Meteor Beam\n|-boost|p2a: Glimmora|spa|1\n|-enditem|p2a: Glimmora|Power Herb\n|-anim|p2a: Glimmora|Meteor Beam|p1a: Espeon\n|-damage|p1a: Espeon|62/246\n|\n|upkeep\n|turn|2\n|\n|t:|1781402896\n|switch|p2a: Flygon|Flygon, L82, F|265/265\n|move|p1a: Espeon|Psychic|p2a: Flygon\n|-damage|p2a: Flygon|84/265\n|-damage|p1a: Espeon|38/246|[from] item: Life Orb\n|\n|upkeep\n|turn|3\n|\n|t:|1781402907\n|switch|p1a: Altaria|Altaria, L89, M|278/278\n|move|p2a: Flygon|U-turn|p1a: Altaria\n|-resisted|p1a: Altaria\n|-crit|p1a: Altaria\n|-damage|p1a: Altaria|243/278\n|\n|t:|1781402917\n|switch|p2a: Dudunsparce|Dudunsparce-Three-Segment, L83, F|343/343|[from] U-turn\n|\n|upkeep\n|turn|4\n|\n|t:|1781402929\n|move|p1a: Altaria|Brave Bird|p2a: Dudunsparce\n|-damage|p2a: Dudunsparce|229/343\n|-damage|p1a: Altaria|205/278|[from] Recoil\n|move|p2a: Dudunsparce|Glare|p1a: Altaria\n|-status|p1a: Altaria|par\n|\n|-heal|p2a: Dudunsparce|250/343|[from] item: Leftovers\n|upkeep\n|turn|5\n|\n|t:|1781402933\n|-curestatus|p1a: Altaria|par|[from] ability: Natural Cure|[silent]\n|switch|p1a: Malamar|Malamar, L82, F|275/275\n|move|p2a: Dudunsparce|Headbutt|p1a: Malamar\n|-damage|p1a: Malamar|196/275\n|\n|-heal|p2a: Dudunsparce|271/343|[from] item: Leftovers\n|upkeep\n|turn|6\n|\n|t:|1781402939\n|move|p1a: Malamar|Superpower|p2a: Dudunsparce\n|-supereffective|p2a: Dudunsparce\n|-damage|p2a: Dudunsparce|99/343\n|-boost|p1a: Malamar|atk|1\n|-boost|p1a: Malamar|def|1\n|move|p2a: Dudunsparce|Glare|p1a: Malamar\n|-status|p1a: Malamar|par\n|\n|-heal|p2a: Dudunsparce|120/343|[from] item: Leftovers\n|upkeep\n|turn|7\n|\n|t:|1781402945\n|move|p2a: Dudunsparce|Headbutt|p1a: Malamar\n|-damage|p1a: Malamar|148/275 par\n|move|p1a: Malamar|Superpower|p2a: Dudunsparce\n|-supereffective|p2a: Dudunsparce\n|-damage|p2a: Dudunsparce|0 fnt\n|-boost|p1a: Malamar|atk|1\n|-boost|p1a: Malamar|def|1\n|faint|p2a: Dudunsparce\n|\n|upkeep\n|\n|t:|1781402958\n|switch|p2a: Flygon|Flygon, L82, F|84/265\n|turn|8\n|\n|t:|1781402965\n|switch|p1a: Altaria|Altaria, L89, M|205/278\n|move|p2a: Flygon|U-turn|p1a: Altaria\n|-resisted|p1a: Altaria\n|-damage|p1a: Altaria|181/278\n|\n|t:|1781402977\n|switch|p2a: Conkeldurr|Conkeldurr, L80, M|299/299|[from] U-turn\n|\n|-status|p2a: Conkeldurr|brn|[from] item: Flame Orb\n|upkeep\n|turn|9\n|\n|t:|1781402984\n|switch|p1a: Malamar|Malamar, L82, F|148/275 par\n|-terastallize|p2a: Conkeldurr|Normal\n|move|p2a: Conkeldurr|Facade|p1a: Malamar\n|-damage|p1a: Malamar|0 fnt\n|faint|p1a: Malamar\n|\n|-damage|p2a: Conkeldurr|281/299 brn|[from] brn\n|upkeep\n|\n|t:|1781402999\n|switch|p1a: Espeon|Espeon, L84, M|38/246\n|turn|10\n|\n|t:|1781403003\n|move|p2a: Conkeldurr|Mach Punch|p1a: Espeon\n|-resisted|p1a: Espeon\n|-damage|p1a: Espeon|0 fnt\n|faint|p1a: Espeon\n|\n|-damage|p2a: Conkeldurr|263/299 brn|[from] brn\n|upkeep\n|\n|t:|1781403007\n|switch|p1a: Kommo-o|Kommo-o, L78, M|245/245\n|turn|11\n|\n|t:|1781403013\n|switch|p2a: Exeggutor|Exeggutor, L89, M|312/312\n|move|p1a: Kommo-o|Close Combat|p2a: Exeggutor\n|-resisted|p2a: Exeggutor\n|-damage|p2a: Exeggutor|257/312\n|-unboost|p1a: Kommo-o|def|1\n|-unboost|p1a: Kommo-o|spd|1\n|\n|upkeep\n|turn|12\n|\n|t:|1781403021\n|switch|p1a: Araquanid|Araquanid, L82, F|246/246\n|switch|p2a: Conkeldurr|Conkeldurr, L80, M, tera:Normal|263/299 brn\n|\n|-damage|p2a: Conkeldurr|245/299 brn|[from] brn\n|upkeep\n|turn|13\n|\n|t:|1781403026\n|move|p2a: Conkeldurr|Facade|p1a: Araquanid\n|-damage|p1a: Araquanid|0 fnt\n|faint|p1a: Araquanid\n|\n|-damage|p2a: Conkeldurr|227/299 brn|[from] brn\n|upkeep\n|\n|t:|1781403028\n|switch|p1a: Kommo-o|Kommo-o, L78, M|245/245\n|turn|14\n|\n|t:|1781403036\n|switch|p2a: Exeggutor|Exeggutor, L89, M|257/312\n|move|p1a: Kommo-o|Close Combat|p2a: Exeggutor\n|-resisted|p2a: Exeggutor\n|-damage|p2a: Exeggutor|202/312\n|-unboost|p1a: Kommo-o|def|1\n|-unboost|p1a: Kommo-o|spd|1\n|\n|upkeep\n|turn|15\n|\n|t:|1781403045\n|switch|p1a: Altaria|Altaria, L89, M|181/278\n|move|p2a: Exeggutor|Psychic|p1a: Altaria\n|-damage|p1a: Altaria|76/278\n|\n|upkeep\n|turn|16\n|\n|t:|1781403052\n|switch|p2a: Conkeldurr|Conkeldurr, L80, M, tera:Normal|227/299 brn\n|move|p1a: Altaria|Roost|p1a: Altaria\n|-heal|p1a: Altaria|215/278\n|-singleturn|p1a: Altaria|move: Roost\n|\n|-damage|p2a: Conkeldurr|209/299 brn|[from] brn\n|upkeep\n|turn|17\n|\n|t:|1781403057\n|switch|p1a: Clefable|Clefable, L83, F|293/293\n|move|p2a: Conkeldurr|Facade|p1a: Clefable\n|-damage|p1a: Clefable|1/293\n|\n|-heal|p1a: Clefable|19/293|[from] item: Leftovers\n|-damage|p2a: Conkeldurr|191/299 brn|[from] brn\n|upkeep\n|turn|18\n|\n|t:|1781403064\n|move|p2a: Conkeldurr|Mach Punch|p1a: Clefable\n|-resisted|p1a: Clefable\n|-damage|p1a: Clefable|0 fnt\n|faint|p1a: Clefable\n|\n|-damage|p2a: Conkeldurr|173/299 brn|[from] brn\n|upkeep\n|\n|t:|1781403065\n|switch|p1a: Kommo-o|Kommo-o, L78, M|245/245\n|turn|19\n|\n|t:|1781403072\n|switch|p2a: Exeggutor|Exeggutor, L89, M|202/312\n|move|p1a: Kommo-o|Swords Dance|p1a: Kommo-o\n|-boost|p1a: Kommo-o|atk|2\n|\n|upkeep\n|turn|20\n|\n|t:|1781403080\n|move|p1a: Kommo-o|Scale Shot|p2a: Exeggutor\n|-damage|p2a: Exeggutor|153/312\n|-enditem|p2a: Exeggutor|Sitrus Berry|[eat]\n|-heal|p2a: Exeggutor|231/312|[from] item: Sitrus Berry\n|-damage|p2a: Exeggutor|180/312\n|-damage|p2a: Exeggutor|132/312\n|-damage|p2a: Exeggutor|80/312\n|-hitcount|p2a: Exeggutor|4\n|-unboost|p1a: Kommo-o|def|1\n|-boost|p1a: Kommo-o|spe|1\n|move|p2a: Exeggutor|Psychic|p1a: Kommo-o\n|-supereffective|p1a: Kommo-o\n|-damage|p1a: Kommo-o|17/245\n|\n|-item|p2a: Exeggutor|Sitrus Berry|[from] ability: Harvest\n|upkeep\n|-enditem|p2a: Exeggutor|Sitrus Berry|[eat]\n|-heal|p2a: Exeggutor|158/312|[from] item: Sitrus Berry\n|turn|21\n|\n|t:|1781403090\n|move|p1a: Kommo-o|Scale Shot|p2a: Exeggutor\n|-damage|p2a: Exeggutor|106/312\n|-damage|p2a: Exeggutor|55/312\n|-damage|p2a: Exeggutor|0 fnt\n|faint|p2a: Exeggutor\n|-hitcount|p2: Exeggutor|3\n|-unboost|p1a: Kommo-o|def|1\n|-boost|p1a: Kommo-o|spe|1\n|\n|upkeep\n|\n|t:|1781403096\n|switch|p2a: Conkeldurr|Conkeldurr, L80, M, tera:Normal|173/299 brn\n|turn|22\n|\n|t:|1781403101\n|move|p2a: Conkeldurr|Mach Punch|p1a: Kommo-o\n|-damage|p1a: Kommo-o|0 fnt\n|faint|p1a: Kommo-o\n|\n|-damage|p2a: Conkeldurr|155/299 brn|[from] brn\n|upkeep\n|\n|t:|1781403102\n|switch|p1a: Altaria|Altaria, L89, M|215/278\n|turn|23\n|\n|t:|1781403105\n|move|p1a: Altaria|Brave Bird|p2a: Conkeldurr\n|-damage|p2a: Conkeldurr|52/299 brn\n|-damage|p1a: Altaria|181/278|[from] Recoil\n|move|p2a: Conkeldurr|Facade|p1a: Altaria\n|-damage|p1a: Altaria|0 fnt\n|faint|p1a: Altaria\n|\n|win|Arsenal0394\n|raw|schleeby's rating: 2037 &rarr; <strong>2014</strong><br />(-23 for losing)\n|raw|Arsenal0394's rating: 1992 &rarr; <strong>2015</strong><br />(+23 for winning)\n", "uploadtime": 1781402851, "views": 4, "formatid": "gen9randombattle", "rating": 2014, "private": 0, "password": null}