{"id": "gen9randombattle-2631404316", "format": "[Gen 9] Random Battle", "players": ["Okidoyuuki", "UBHCA"], "log": "|j|\u2606Okidoyuuki\n|j|\u2606UBHCA\n|t:|1781380587\n|gametype|singles\n|player|p1|Okidoyuuki|101|1906\n|player|p2|UBHCA|102|2016\n|gen|9\n|tier|[Gen 9] Random Battle\n|rated|\n|rule|Species Clause: Limit one of each Pok\u00e9mon\n|rule|HP Percentage Mod: HP is shown in percentages\n|rule|Sleep Clause Mod: Limit one foe put to sleep\n|rule|Illusion Level Mod: Illusion disguises the Pok\u00e9mon's true level\n|\n|t:|1781380587\n|teamsize|p1|6\n|teamsize|p2|6\n|start\n|switch|p1a: Walking Wake|Walking Wake, L79|286/286\n|switch|p2a: Bronzong|Bronzong, L88|261/261\n|turn|1\n|inactive|Battle timer is ON: inactive players will automatically lose when time's up. (requested by UBHCA)\n|\n|t:|1781380616\n|switch|p2a: Alomomola|Alomomola, L87, F|429/429\n|move|p1a: Walking Wake|Flip Turn|p2a: Alomomola\n|-resisted|p2a: Alomomola\n|-damage|p2a: Alomomola|405/429\n|\n|t:|1781380628\n|-end|p1a: Walking Wake|Protosynthesis|[silent]\n|switch|p1a: Mismagius|Mismagius, L86, M|243/243|[from] Flip Turn\n|\n|-heal|p2a: Alomomola|429/429|[from] item: Leftovers\n|upkeep\n|turn|2\n|\n|t:|1781380634\n|move|p1a: Mismagius|Nasty Plot|p1a: Mismagius\n|-boost|p1a: Mismagius|spa|2\n|move|p2a: Alomomola|Flip Turn|p1a: Mismagius\n|-damage|p1a: Mismagius|167/243\n|\n|t:|1781380640\n|switch|p2a: Wigglytuff|Wigglytuff, L96, M|424/424|[from] Flip Turn\n|\n|upkeep\n|turn|3\n|\n|t:|1781380653\n|move|p1a: Mismagius|Dazzling Gleam|p2a: Wigglytuff\n|-damage|p2a: Wigglytuff|219/424\n|-damage|p1a: Mismagius|143/243|[from] item: Life Orb\n|move|p2a: Wigglytuff|Knock Off|p1a: Mismagius\n|-supereffective|p1a: Mismagius\n|-damage|p1a: Mismagius|0 fnt\n|-enditem|p1a: Mismagius|Life Orb|[from] move: Knock Off|[of] p2a: Wigglytuff\n|faint|p1a: Mismagius\n|\n|-heal|p2a: Wigglytuff|245/424|[from] item: Leftovers\n|upkeep\n|\n|t:|1781380665\n|switch|p1a: Salazzle|Salazzle, L83, F|249/249\n|turn|4\n|inactive|UBHCA has 120 seconds left.\n|\n|t:|1781380707\n|move|p1a: Salazzle|Nasty Plot|p1a: Salazzle\n|-boost|p1a: Salazzle|spa|2\n|move|p2a: Wigglytuff|Thunder Wave|p1a: Salazzle\n|-status|p1a: Salazzle|par\n|\n|-heal|p2a: Wigglytuff|271/424|[from] item: Leftovers\n|upkeep\n|turn|5\n|\n|t:|1781380722\n|switch|p2a: Kleavor|Kleavor, L78, F|237/237\n|cant|p1a: Salazzle|par\n|\n|upkeep\n|turn|6\n|-message|Okidoyuuki forfeited.\n|\n|win|UBHCA\n", "uploadtime": 1781380589, "views": 7, "formatid": "gen9randombattle", "rating": null, "private": 0, "password": null}