{"id": "gen9randombattle-2631500126", "format": "[Gen 9] Random Battle", "players": ["FrotniteBattlepass", "ASDJdASJ"], "log": "|j|\u2606FrotniteBattlepass\n|j|\u203dASDJdASJ\n|t:|1781392967\n|gametype|singles\n|player|p1|FrotniteBattlepass|ltsurge|1476\n|player|p2|ASDJdASJ|101|1489\n|gen|9\n|tier|[Gen 9] Random Battle\n|rated|\n|rule|Species Clause: Limit one of each Pok\u00e9mon\n|rule|HP Percentage Mod: HP is shown in percentages\n|rule|Sleep Clause Mod: Limit one foe put to sleep\n|rule|Illusion Level Mod: Illusion disguises the Pok\u00e9mon's true level\n|\n|t:|1781392967\n|teamsize|p1|6\n|teamsize|p2|6\n|start\n|switch|p1a: Piloswine|Piloswine, L85, F|309/309\n|switch|p2a: Banette|Banette, L93, F|270/270\n|turn|1\n|\n|t:|1781392982\n|switch|p2a: Gastrodon|Gastrodon, L86, M|331/331\n|move|p1a: Piloswine|Stealth Rock|p2a: Gastrodon\n|-sidestart|p2: ASDJdASJ|move: Stealth Rock\n|\n|upkeep\n|turn|2\n|\n|t:|1781392990\n|switch|p1a: Alomomola|Alomomola, L87, F|429/429\n|move|p2a: Gastrodon|Surf|p1a: Alomomola\n|-resisted|p1a: Alomomola\n|-damage|p1a: Alomomola|354/429\n|\n|upkeep\n|turn|3\n|\n|t:|1781392997\n|move|p1a: Alomomola|Wish|p1a: Alomomola\n|move|p2a: Gastrodon|Sludge Bomb|p1a: Alomomola\n|-damage|p1a: Alomomola|263/429\n|-status|p1a: Alomomola|psn\n|\n|-damage|p1a: Alomomola|210/429 psn|[from] psn\n|upkeep\n|turn|4\n|\n|t:|1781393019\n|switch|p1a: Dialga|Dialga-Origin, L73|266/266\n|-ability|p1a: Dialga|Pressure\n|move|p2a: Gastrodon|Earthquake|p1a: Dialga\n|-supereffective|p1a: Dialga\n|-damage|p1a: Dialga|102/266\n|\n|-heal|p1a: Dialga|266/266|[from] move: Wish|[wisher] Alomomola\n|upkeep\n|turn|5\n|\n|t:|1781393028\n|move|p1a: Dialga|Draco Meteor|p2a: Gastrodon\n|-damage|p2a: Gastrodon|156/331\n|-unboost|p1a: Dialga|spa|2\n|move|p2a: Gastrodon|Earthquake|p1a: Dialga\n|-supereffective|p1a: Dialga\n|-damage|p1a: Dialga|86/266\n|\n|-heal|p2a: Gastrodon|176/331|[from] item: Leftovers\n|upkeep\n|turn|6\n|c|\u2606FrotniteBattlepass|yeah unlosable mu\n|-message|FrotniteBattlepass forfeited.\n|\n|win|ASDJdASJ\n|raw|FrotniteBattlepass's rating: 1476 &rarr; <strong>1457</strong><br />(-19 for losing)\n|raw|ASDJdASJ's rating: 1489 &rarr; <strong>1508</strong><br />(+19 for winning)\n|l|\u2606FrotniteBattlepass\n|player|p1|\n", "uploadtime": 1781393417, "views": 3, "formatid": "gen9randombattle", "rating": 1457, "private": 0, "password": null}