{"id": "gen9randombattle-2631913636", "format": "[Gen 9] Random Battle", "players": ["Xcro", "Maximoffx"], "log": "|j|\u2606Xcro\n|j|\u2606Maximoffx\n|t:|1781455017\n|gametype|singles\n|player|p1|Xcro|doubleteam|1191\n|player|p2|Maximoffx|benga|1167\n|gen|9\n|tier|[Gen 9] Random Battle\n|rated|\n|rule|Species Clause: Limit one of each Pok\u00e9mon\n|rule|HP Percentage Mod: HP is shown in percentages\n|rule|Sleep Clause Mod: Limit one foe put to sleep\n|rule|Illusion Level Mod: Illusion disguises the Pok\u00e9mon's true level\n|\n|t:|1781455017\n|teamsize|p1|6\n|teamsize|p2|6\n|start\n|switch|p1a: Hoopa|Hoopa-Unbound, L80|259/259\n|switch|p2a: Komala|Komala, L88, F|258/258\n|-ability|p2a: Komala|Comatose\n|turn|1\n|inactive|Battle timer is ON: inactive players will automatically lose when time's up. (requested by Maximoffx)\n|\n|t:|1781455045\n|move|p1a: Hoopa|Drain Punch|p2a: Komala\n|-supereffective|p2a: Komala\n|-damage|p2a: Komala|6/258\n|move|p2a: Komala|U-turn|p1a: Hoopa\n|-supereffective|p1a: Hoopa\n|-damage|p1a: Hoopa|0 fnt\n|faint|p1a: Hoopa\n|\n|t:|1781455060\n|switch|p2a: Sunflora|Sunflora, M|312/312|[from] U-turn\n|\n|upkeep\n|\n|t:|1781455079\n|switch|p1a: Morpeko|Morpeko, L88, M|245/245\n|turn|2\n|\n|t:|1781455090\n|move|p1a: Morpeko|Parting Shot|p2a: Sunflora\n|-unboost|p2a: Sunflora|atk|1\n|-unboost|p2a: Sunflora|spa|1\n|\n|t:|1781455093\n|switch|p1a: Victreebel|Victreebel, L90, M|290/290|[from] Parting Shot\n|move|p2a: Sunflora|Earth Power|p1a: Victreebel\n|-damage|p1a: Victreebel|194/290\n|-damage|p2a: Sunflora|281/312|[from] item: Life Orb\n|\n|upkeep\n|turn|3\n|\n|t:|1781455105\n|switch|p2a: Komala|Komala, L88, F|6/258\n|-ability|p2a: Komala|Comatose\n|move|p1a: Victreebel|Poison Jab|p2a: Komala\n|-damage|p2a: Komala|0 fnt\n|faint|p2a: Komala\n|-damage|p1a: Victreebel|165/290|[from] item: Life Orb\n|\n|upkeep\n|\n|t:|1781455118\n|switch|p2a: Glalie|Glalie, L96, F|309/309\n|turn|4\n|\n|t:|1781455126\n|switch|p1a: Iron Moth|Iron Moth, L78|253/253\n|move|p2a: Glalie|Freeze-Dry|p1a: Iron Moth\n|-resisted|p1a: Iron Moth\n|-damage|p1a: Iron Moth|215/253\n|\n|upkeep\n|turn|5\n|\n|t:|1781455142\n|switch|p2a: Medicham|Medicham, L86, F|243/243\n|move|p1a: Iron Moth|Fiery Dance|p2a: Medicham\n|-damage|p2a: Medicham|66/243\n|\n|upkeep\n|turn|6\n|\n|t:|1781455152\n|move|p1a: Iron Moth|Fiery Dance|p2a: Medicham\n|-damage|p2a: Medicham|0 fnt\n|faint|p2a: Medicham\n|\n|upkeep\n|\n|t:|1781455162\n|switch|p2a: Honchkrow|Honchkrow, L86, M|312/312\n|turn|7\n|\n|t:|1781455172\n|-end|p1a: Iron Moth|Quark Drive|[silent]\n|switch|p1a: Morpeko|Morpeko, L88, M|245/245\n|move|p2a: Honchkrow|Sucker Punch||[still]\n|-fail|p2a: Honchkrow\n|\n|-formechange|p1a: Morpeko|Morpeko-Hangry||[from] ability: Hunger Switch\n|upkeep\n|turn|8\n|\n|t:|1781455183\n|switch|p2a: Sunflora|Sunflora, M|281/312\n|move|p1a: Morpeko|Protect||[still]\n|-fail|p1a: Morpeko\n|\n|-formechange|p1a: Morpeko|Morpeko||[from] ability: Hunger Switch\n|upkeep\n|turn|9\n|\n|t:|1781455194\n|move|p1a: Morpeko|Parting Shot|p2a: Sunflora\n|-unboost|p2a: Sunflora|atk|1\n|-unboost|p2a: Sunflora|spa|1\n|\n|t:|1781455198\n|switch|p1a: Victreebel|Victreebel, L90, M|165/290|[from] Parting Shot\n|move|p2a: Sunflora|Sunny Day|p2a: Sunflora\n|-weather|SunnyDay\n|\n|-weather|SunnyDay|[upkeep]\n|upkeep\n|turn|10\n|\n|t:|1781455209\n|move|p1a: Victreebel|Poison Jab|p2a: Sunflora\n|-supereffective|p2a: Sunflora\n|-damage|p2a: Sunflora|0 fnt\n|faint|p2a: Sunflora\n|-damage|p1a: Victreebel|136/290|[from] item: Life Orb\n|\n|-weather|SunnyDay|[upkeep]\n|upkeep\n|\n|t:|1781455217\n|switch|p2a: Honchkrow|Honchkrow, L86, M|312/312\n|turn|11\n|\n|t:|1781455226\n|move|p1a: Victreebel|Swords Dance|p1a: Victreebel\n|-boost|p1a: Victreebel|atk|2\n|move|p2a: Honchkrow|Heat Wave|p1a: Victreebel\n|-supereffective|p1a: Victreebel\n|-damage|p1a: Victreebel|0 fnt\n|faint|p1a: Victreebel\n|-ability|p2a: Honchkrow|Moxie|boost\n|-boost|p2a: Honchkrow|atk|1\n|\n|-weather|SunnyDay|[upkeep]\n|upkeep\n|\n|t:|1781455230\n|switch|p1a: Morpeko|Morpeko, L88, M|245/245\n|turn|12\n|\n|t:|1781455247\n|move|p1a: Morpeko|Aura Wheel|p2a: Honchkrow\n|-supereffective|p2a: Honchkrow\n|-crit|p2a: Honchkrow\n|-damage|p2a: Honchkrow|0 fnt\n|-boost|p1a: Morpeko|spe|1\n|faint|p2a: Honchkrow\n|\n|-weather|SunnyDay|[upkeep]\n|-formechange|p1a: Morpeko|Morpeko-Hangry||[from] ability: Hunger Switch\n|upkeep\n|\n|t:|1781455259\n|switch|p2a: Glalie|Glalie, L96, F|309/309\n|turn|13\n|\n|t:|1781455265\n|move|p1a: Morpeko|Parting Shot|p2a: Glalie\n|-unboost|p2a: Glalie|atk|1\n|-unboost|p2a: Glalie|spa|1\n|\n|t:|1781455266\n|switch|p1a: Iron Moth|Iron Moth, L78|215/253|[from] Parting Shot\n|move|p2a: Glalie|Earthquake|p1a: Iron Moth\n|-supereffective|p1a: Iron Moth\n|-damage|p1a: Iron Moth|0 fnt\n|faint|p1a: Iron Moth\n|-end|p1a: Iron Moth|Quark Drive|[silent]\n|\n|-weather|none\n|upkeep\n|\n|t:|1781455272\n|switch|p1a: Baxcalibur|Baxcalibur, L75, F|296/296\n|turn|14\n|\n|t:|1781455286\n|move|p2a: Glalie|Freeze-Dry|p1a: Baxcalibur\n|-damage|p1a: Baxcalibur|233/296\n|move|p1a: Baxcalibur|Dragon Dance|p1a: Baxcalibur\n|-boost|p1a: Baxcalibur|atk|1\n|-boost|p1a: Baxcalibur|spe|1\n|\n|upkeep\n|turn|15\n|\n|t:|1781455296\n|move|p1a: Baxcalibur|Glaive Rush|p2a: Glalie\n|-damage|p2a: Glalie|104/309\n|-singlemove|p1a: Baxcalibur|Glaive Rush|[silent]\n|move|p2a: Glalie|Earthquake|p1a: Baxcalibur\n|-damage|p1a: Baxcalibur|121/296\n|\n|upkeep\n|turn|16\n|\n|t:|1781455303\n|move|p1a: Baxcalibur|Earthquake|p2a: Glalie\n|-damage|p2a: Glalie|0 fnt\n|faint|p2a: Glalie\n|\n|upkeep\n|\n|t:|1781455308\n|switch|p2a: Arceus|Arceus-Steel, L70|284/284\n|turn|17\n|\n|t:|1781455321\n|move|p1a: Baxcalibur|Earthquake|p2a: Arceus\n|-supereffective|p2a: Arceus\n|-damage|p2a: Arceus|72/284\n|move|p2a: Arceus|Judgment|p1a: Baxcalibur\n|-supereffective|p1a: Baxcalibur\n|-damage|p1a: Baxcalibur|0 fnt\n|faint|p1a: Baxcalibur\n|\n|upkeep\n|\n|t:|1781455324\n|switch|p1a: Morpeko|Morpeko, L88, M|245/245\n|turn|18\n|\n|t:|1781455333\n|move|p1a: Morpeko|Parting Shot|p2a: Arceus\n|-unboost|p2a: Arceus|atk|1\n|-unboost|p2a: Arceus|spa|1\n|\n|t:|1781455334\n|switch|p1a: Porygon2|Porygon2, L81|270/270|[from] Parting Shot\n|-ability|p1a: Porygon2|Download|boost\n|-boost|p1a: Porygon2|spa|1\n|move|p2a: Arceus|Recover|p2a: Arceus\n|-heal|p2a: Arceus|214/284\n|\n|upkeep\n|turn|19\n|\n|t:|1781455345\n|move|p2a: Arceus|Will-O-Wisp|p1a: Porygon2\n|-status|p1a: Porygon2|brn\n|move|p1a: Porygon2|Discharge|p2a: Arceus\n|-damage|p2a: Arceus|139/284\n|\n|-damage|p1a: Porygon2|254/270 brn|[from] brn\n|upkeep\n|turn|20\n|\n|t:|1781455354\n|move|p2a: Arceus|Recover|p2a: Arceus\n|-heal|p2a: Arceus|281/284\n|move|p1a: Porygon2|Discharge|p2a: Arceus\n|-damage|p2a: Arceus|204/284\n|\n|-damage|p1a: Porygon2|238/270 brn|[from] brn\n|upkeep\n|turn|21\n|\n|t:|1781455363\n|move|p2a: Arceus|Judgment|p1a: Porygon2\n|-damage|p1a: Porygon2|190/270 brn\n|move|p1a: Porygon2|Discharge|p2a: Arceus\n|-damage|p2a: Arceus|129/284\n|\n|-damage|p1a: Porygon2|174/270 brn|[from] brn\n|upkeep\n|turn|22\n|\n|t:|1781455380\n|switch|p1a: Morpeko|Morpeko, L88, M|245/245\n|move|p2a: Arceus|Recover|p2a: Arceus\n|-heal|p2a: Arceus|271/284\n|\n|-formechange|p1a: Morpeko|Morpeko-Hangry||[from] ability: Hunger Switch\n|upkeep\n|turn|23\n|\n|t:|1781455388\n|move|p1a: Morpeko|Parting Shot|p2a: Arceus\n|-unboost|p2a: Arceus|atk|1\n|-unboost|p2a: Arceus|spa|1\n|\n|t:|1781455391\n|switch|p1a: Porygon2|Porygon2, L81|174/270 brn|[from] Parting Shot\n|-ability|p1a: Porygon2|Download|boost\n|-boost|p1a: Porygon2|spa|1\n|move|p2a: Arceus|Earthquake|p1a: Porygon2\n|-damage|p1a: Porygon2|151/270 brn\n|\n|-damage|p1a: Porygon2|135/270 brn|[from] brn\n|upkeep\n|turn|24\n|\n|t:|1781455404\n|move|p2a: Arceus|Judgment|p1a: Porygon2\n|-damage|p1a: Porygon2|102/270 brn\n|move|p1a: Porygon2|Recover|p1a: Porygon2\n|-heal|p1a: Porygon2|237/270 brn\n|\n|-damage|p1a: Porygon2|221/270 brn|[from] brn\n|upkeep\n|turn|25\n|\n|t:|1781455414\n|move|p2a: Arceus|Judgment|p1a: Porygon2\n|-damage|p1a: Porygon2|188/270 brn\n|move|p1a: Porygon2|Discharge|p2a: Arceus\n|-damage|p2a: Arceus|186/284\n|\n|-damage|p1a: Porygon2|172/270 brn|[from] brn\n|upkeep\n|turn|26\n|\n|t:|1781455423\n|move|p2a: Arceus|Judgment|p1a: Porygon2\n|-crit|p1a: Porygon2\n|-damage|p1a: Porygon2|66/270 brn\n|move|p1a: Porygon2|Discharge|p2a: Arceus\n|-damage|p2a: Arceus|111/284\n|-status|p2a: Arceus|par\n|\n|-damage|p1a: Porygon2|50/270 brn|[from] brn\n|upkeep\n|turn|27\n|\n|t:|1781455434\n|move|p1a: Porygon2|Recover|p1a: Porygon2\n|-heal|p1a: Porygon2|185/270 brn\n|move|p2a: Arceus|Recover|p2a: Arceus\n|-heal|p2a: Arceus|253/284 par\n|\n|-damage|p1a: Porygon2|169/270 brn|[from] brn\n|upkeep\n|turn|28\n|\n|t:|1781455448\n|move|p1a: Porygon2|Discharge|p2a: Arceus\n|-damage|p2a: Arceus|168/284 par\n|move|p2a: Arceus|Judgment|p1a: Porygon2\n|-damage|p1a: Porygon2|136/270 brn\n|\n|-damage|p1a: Porygon2|120/270 brn|[from] brn\n|upkeep\n|turn|29\n|\n|t:|1781455457\n|move|p1a: Porygon2|Discharge|p2a: Arceus\n|-damage|p2a: Arceus|85/284 par\n|cant|p2a: Arceus|par\n|\n|-damage|p1a: Porygon2|104/270 brn|[from] brn\n|upkeep\n|turn|30\n|\n|t:|1781455465\n|move|p1a: Porygon2|Discharge|p2a: Arceus\n|-damage|p2a: Arceus|4/284 par\n|cant|p2a: Arceus|par\n|\n|-damage|p1a: Porygon2|88/270 brn|[from] brn\n|upkeep\n|turn|31\n|c|\u2606Xcro|gg\n|\n|t:|1781455473\n|move|p1a: Porygon2|Discharge|p2a: Arceus\n|-damage|p2a: Arceus|0 fnt\n|faint|p2a: Arceus\n|\n|win|Xcro\n|raw|Xcro's rating: 1191 &rarr; <strong>1214</strong><br />(+23 for winning)\n|raw|Maximoffx's rating: 1167 &rarr; <strong>1144</strong><br />(-23 for losing)\n", "uploadtime": 1781455478, "views": 11, "formatid": "gen9randombattle", "rating": 1144, "private": 0, "password": null}