{"id": "gen9randombattle-2631643571", "format": "[Gen 9] Random Battle", "players": ["Gmailcom1345", "bellenguer2"], "log": "|j|\u2606Gmailcom1345\n|j|\u2606bellenguer2\n|t:|1781413770\n|gametype|singles\n|player|p1|Gmailcom1345|102|1532\n|player|p2|bellenguer2|dawn|1509\n|gen|9\n|tier|[Gen 9] Random Battle\n|rated|\n|rule|Species Clause: Limit one of each Pok\u00e9mon\n|rule|HP Percentage Mod: HP is shown in percentages\n|rule|Sleep Clause Mod: Limit one foe put to sleep\n|rule|Illusion Level Mod: Illusion disguises the Pok\u00e9mon's true level\n|\n|t:|1781413770\n|teamsize|p1|6\n|teamsize|p2|6\n|start\n|switch|p1a: Greedent|Greedent, L86, M|347/347\n|switch|p2a: Regidrago|Regidrago, L77|435/435\n|turn|1\n|inactive|Battle timer is ON: inactive players will automatically lose when time's up. (requested by Gmailcom1345)\n|\n|t:|1781413822\n|switch|p2a: Zarude|Zarude, L77|288/288\n|switch|p1a: Jirachi|Jirachi, L80|291/291\n|\n|upkeep\n|turn|2\n|\n|t:|1781413834\n|move|p1a: Jirachi|Protect|p1a: Jirachi\n|-singleturn|p1a: Jirachi|Protect\n|move|p2a: Zarude|Knock Off|p1a: Jirachi\n|-activate|p1a: Jirachi|move: Protect\n|\n|upkeep\n|turn|3\n|\n|t:|1781413841\n|move|p1a: Jirachi|U-turn|p2a: Zarude\n|-supereffective|p2a: Zarude\n|-damage|p2a: Zarude|108/288\n|\n|t:|1781413847\n|switch|p1a: Skuntank|Skuntank, L84, F|310/310|[from] U-turn\n|move|p2a: Zarude|Knock Off|p1a: Skuntank\n|-resisted|p1a: Skuntank\n|-damage|p1a: Skuntank|232/310\n|-enditem|p1a: Skuntank|Life Orb|[from] move: Knock Off|[of] p2a: Zarude\n|-damage|p2a: Zarude|80/288|[from] item: Life Orb\n|\n|upkeep\n|turn|4\n|\n|t:|1781413864\n|move|p2a: Zarude|Close Combat|p1a: Skuntank\n|-damage|p1a: Skuntank|106/310\n|-unboost|p2a: Zarude|def|1\n|-unboost|p2a: Zarude|spd|1\n|-damage|p2a: Zarude|52/288|[from] item: Life Orb\n|move|p1a: Skuntank|Knock Off|p2a: Zarude\n|-resisted|p2a: Zarude\n|-damage|p2a: Zarude|0 fnt\n|-enditem|p2a: Zarude|Life Orb|[from] move: Knock Off|[of] p1a: Skuntank\n|faint|p2a: Zarude\n|\n|upkeep\n|\n|t:|1781413876\n|switch|p2a: Regidrago|Regidrago, L77|435/435\n|turn|5\n|\n|t:|1781413883\n|move|p2a: Regidrago|Dragon Energy|p1a: Skuntank\n|-damage|p1a: Skuntank|0 fnt\n|faint|p1a: Skuntank\n|\n|upkeep\n|\n|t:|1781413887\n|switch|p1a: Jirachi|Jirachi, L80|291/291\n|turn|6\n|\n|t:|1781413905\n|switch|p2a: Sandslash|Sandslash-Alola, L88, F|275/275\n|move|p1a: Jirachi|Wish|p1a: Jirachi\n|\n|upkeep\n|turn|7\n|\n|t:|1781413918\n|move|p1a: Jirachi|Iron Head|p2a: Sandslash\n|-damage|p2a: Sandslash|214/275\n|move|p2a: Sandslash|Earthquake|p1a: Jirachi\n|-supereffective|p1a: Jirachi\n|-damage|p1a: Jirachi|96/291\n|-damage|p2a: Sandslash|187/275|[from] item: Life Orb\n|\n|-heal|p1a: Jirachi|241/291|[from] move: Wish|[wisher] Jirachi\n|-heal|p1a: Jirachi|259/291|[from] item: Leftovers\n|upkeep\n|turn|8\n|\n|t:|1781413948\n|move|p1a: Jirachi|Wish|p1a: Jirachi\n|move|p2a: Sandslash|Earthquake|p1a: Jirachi\n|-supereffective|p1a: Jirachi\n|-damage|p1a: Jirachi|67/291\n|-damage|p2a: Sandslash|160/275|[from] item: Life Orb\n|\n|-heal|p1a: Jirachi|85/291|[from] item: Leftovers\n|upkeep\n|turn|9\n|inactive|bellenguer2 has 120 seconds left.\n|inactive|bellenguer2 has 90 seconds left.\n|\n|t:|1781414037\n|move|p1a: Jirachi|Protect|p1a: Jirachi\n|-singleturn|p1a: Jirachi|Protect\n|move|p2a: Sandslash|Earthquake|p1a: Jirachi\n|-activate|p1a: Jirachi|move: Protect\n|\n|-heal|p1a: Jirachi|230/291|[from] move: Wish|[wisher] Jirachi\n|-heal|p1a: Jirachi|248/291|[from] item: Leftovers\n|upkeep\n|turn|10\n|\n|t:|1781414046\n|move|p1a: Jirachi|Iron Head|p2a: Sandslash\n|-damage|p2a: Sandslash|102/275\n|cant|p2a: Sandslash|flinch\n|\n|-heal|p1a: Jirachi|266/291|[from] item: Leftovers\n|upkeep\n|turn|11\n|\n|t:|1781414056\n|move|p1a: Jirachi|Iron Head|p2a: Sandslash\n|-damage|p2a: Sandslash|47/275\n|move|p2a: Sandslash|Earthquake|p1a: Jirachi\n|-supereffective|p1a: Jirachi\n|-damage|p1a: Jirachi|74/291\n|-damage|p2a: Sandslash|20/275|[from] item: Life Orb\n|\n|-heal|p1a: Jirachi|92/291|[from] item: Leftovers\n|upkeep\n|turn|12\n|\n|t:|1781414065\n|move|p1a: Jirachi|Iron Head|p2a: Sandslash\n|-damage|p2a: Sandslash|0 fnt\n|faint|p2a: Sandslash\n|\n|-heal|p1a: Jirachi|110/291|[from] item: Leftovers\n|upkeep\n|\n|t:|1781414074\n|switch|p2a: Regidrago|Regidrago, L77|435/435\n|turn|13\n|\n|t:|1781414078\n|move|p1a: Jirachi|Protect|p1a: Jirachi\n|-singleturn|p1a: Jirachi|Protect\n|move|p2a: Regidrago|Earthquake|p1a: Jirachi\n|-activate|p1a: Jirachi|move: Protect\n|\n|-heal|p1a: Jirachi|128/291|[from] item: Leftovers\n|upkeep\n|turn|14\n|inactive|bellenguer2 has 90 seconds left.\n|\n|t:|1781414089\n|switch|p1a: Meowscarada|Meowscarada, L78, F|247/247\n|move|p2a: Regidrago|Earthquake|p1a: Meowscarada\n|-resisted|p1a: Meowscarada\n|-damage|p1a: Meowscarada|211/247\n|\n|upkeep\n|turn|15\n|inactive|bellenguer2 has 90 seconds left.\n|\n|t:|1781414099\n|switch|p2a: Empoleon|Empoleon, L84, F|278/278\n|move|p1a: Meowscarada|Triple Axel|p2a: Empoleon|[miss]\n|-start|p1a: Meowscarada|typechange|Ice|[from] ability: Protean\n|-miss|p1a: Meowscarada|p2a: Empoleon\n|\n|upkeep\n|turn|16\n|inactive|bellenguer2 has 90 seconds left.\n|inactive|bellenguer2 has 60 seconds left.\n|inactive|bellenguer2 has 30 seconds left.\n|inactive|bellenguer2 has 20 seconds left.\n|inactive|bellenguer2 has 15 seconds left.\n|inactive|bellenguer2 has 10 seconds left.\n|inactive|bellenguer2 has 5 seconds left.\n|\n|t:|1781414197\n|switch|p1a: Jirachi|Jirachi, L80|128/291\n|move|p2a: Empoleon|Flip Turn|p1a: Jirachi\n|-damage|p1a: Jirachi|71/291\n|inactive|bellenguer2 has 10 seconds left this turn.\n|\n|t:|1781414201\n|switch|p2a: Regidrago|Regidrago, L77|435/435|[from] Flip Turn\n|\n|-heal|p1a: Jirachi|89/291|[from] item: Leftovers\n|upkeep\n|turn|17\n|inactive|bellenguer2 has 20 seconds left this turn.\n|\n|t:|1781414219\n|move|p1a: Jirachi|Protect|p1a: Jirachi\n|-singleturn|p1a: Jirachi|Protect\n|move|p2a: Regidrago|Earthquake|p1a: Jirachi\n|-activate|p1a: Jirachi|move: Protect\n|\n|-heal|p1a: Jirachi|107/291|[from] item: Leftovers\n|upkeep\n|turn|18\n|inactive|bellenguer2 has 30 seconds left this turn.\n|inactive|bellenguer2 has 20 seconds left.\n|inactive|Gmailcom1345 has 120 seconds left.\n|inactive|bellenguer2 has 15 seconds left.\n|inactive|bellenguer2 has 10 seconds left.\n|inactive|bellenguer2 has 5 seconds left.\n|-message|bellenguer2 lost due to inactivity.\n|\n|win|Gmailcom1345\n|raw|Gmailcom1345's rating: 1532 &rarr; <strong>1551</strong><br />(+19 for winning)\n|raw|bellenguer2's rating: 1509 &rarr; <strong>1490</strong><br />(-19 for losing)\n", "uploadtime": 1781414253, "views": 2, "formatid": "gen9randombattle", "rating": 1490, "private": 0, "password": null}