{"id": "gen9randombattle-2631404179", "format": "[Gen 9] Random Battle", "players": ["Drewisonline", "Izancinho"], "log": "|j|\u2606Drewisonline\n|j|\u2606Izancinho\n|t:|1781380573\n|gametype|singles\n|player|p1|Drewisonline|aaron|1559\n|player|p2|Izancinho|roughneck-gen4|1518\n|gen|9\n|tier|[Gen 9] Random Battle\n|rated|\n|rule|Species Clause: Limit one of each Pok\u00e9mon\n|rule|HP Percentage Mod: HP is shown in percentages\n|rule|Sleep Clause Mod: Limit one foe put to sleep\n|rule|Illusion Level Mod: Illusion disguises the Pok\u00e9mon's true level\n|\n|t:|1781380573\n|teamsize|p1|6\n|teamsize|p2|6\n|start\n|switch|p1a: Magnezone|Magnezone, L85|258/258\n|switch|p2a: Torkoal|Torkoal, L88, F|266/266\n|-weather|SunnyDay|[from] ability: Drought|[of] p2a: Torkoal\n|turn|1\n|inactive|Battle timer is ON: inactive players will automatically lose when time's up. (requested by Drewisonline)\n|inactive|Izancinho also wants the timer to be on.\n|\n|t:|1781380590\n|move|p1a: Magnezone|Volt Switch|p2a: Torkoal\n|-damage|p2a: Torkoal|160/266\n|\n|t:|1781380607\n|switch|p1a: Crawdaunt|Crawdaunt, L84, M|243/243|[from] Volt Switch\n|move|p2a: Torkoal|Rapid Spin|p1a: Crawdaunt\n|-damage|p1a: Crawdaunt|207/243\n|-boost|p2a: Torkoal|spe|1\n|\n|-weather|SunnyDay|[upkeep]\n|upkeep\n|turn|2\n|\n|t:|1781380620\n|-terastallize|p2a: Torkoal|Grass\n|move|p1a: Crawdaunt|Knock Off|p2a: Torkoal\n|-damage|p2a: Torkoal|10/266\n|-enditem|p2a: Torkoal|Heavy-Duty Boots|[from] move: Knock Off|[of] p1a: Crawdaunt\n|move|p2a: Torkoal|Solar Beam||[still]\n|-prepare|p2a: Torkoal|Solar Beam\n|-anim|p2a: Torkoal|Solar Beam|p1a: Crawdaunt\n|-supereffective|p1a: Crawdaunt\n|-damage|p1a: Crawdaunt|0 fnt\n|faint|p1a: Crawdaunt\n|\n|-weather|SunnyDay|[upkeep]\n|upkeep\n|inactive|Drewisonline has 120 seconds left.\n|\n|t:|1781380649\n|switch|p1a: Espathra|Espathra, L80, M|283/283\n|turn|3\n|\n|t:|1781380659\n|move|p1a: Espathra|Dazzling Gleam|p2a: Torkoal\n|-damage|p2a: Torkoal|0 fnt\n|faint|p2a: Torkoal\n|\n|-weather|SunnyDay|[upkeep]\n|-ability|p1a: Espathra|Speed Boost|boost\n|-boost|p1a: Espathra|spe|1\n|upkeep\n|\n|t:|1781380685\n|switch|p2a: Serperior|Serperior, L79, F|248/248\n|turn|4\n|\n|t:|1781380695\n|move|p1a: Espathra|Calm Mind|p1a: Espathra\n|-boost|p1a: Espathra|spa|1\n|-boost|p1a: Espathra|spd|1\n|move|p2a: Serperior|Leech Seed|p1a: Espathra\n|-start|p1a: Espathra|move: Leech Seed\n|\n|-weather|SunnyDay|[upkeep]\n|-damage|p1a: Espathra|248/283|[from] Leech Seed|[of] p2a: Serperior\n|-ability|p1a: Espathra|Speed Boost|boost\n|-boost|p1a: Espathra|spe|1\n|upkeep\n|turn|5\n|\n|t:|1781380710\n|move|p1a: Espathra|Stored Power|p2a: Serperior\n|-damage|p2a: Serperior|89/248\n|move|p2a: Serperior|Substitute|p2a: Serperior\n|-start|p2a: Serperior|Substitute\n|-damage|p2a: Serperior|27/248\n|\n|-weather|none\n|-heal|p1a: Espathra|265/283|[from] item: Leftovers\n|-heal|p2a: Serperior|42/248|[from] item: Leftovers\n|-damage|p1a: Espathra|230/283|[from] Leech Seed|[of] p2a: Serperior\n|-heal|p2a: Serperior|77/248|[silent]\n|-ability|p1a: Espathra|Speed Boost|boost\n|-boost|p1a: Espathra|spe|1\n|upkeep\n|turn|6\n|\n|t:|1781380725\n|switch|p1a: Magnezone|Magnezone, L85|258/258\n|move|p2a: Serperior|Leaf Storm|p1a: Magnezone\n|-resisted|p1a: Magnezone\n|-damage|p1a: Magnezone|210/258\n|-boost|p2a: Serperior|spa|2\n|\n|-heal|p2a: Serperior|92/248|[from] item: Leftovers\n|upkeep\n|turn|7\n|\n|t:|1781380736\n|move|p1a: Magnezone|Volt Switch|p2a: Serperior\n|-resisted|p2a: Serperior\n|-activate|p2a: Serperior|move: Substitute|[damage]\n|\n|t:|1781380743\n|switch|p1a: Scizor|Scizor, L79, M|240/240|[from] Volt Switch\n|move|p2a: Serperior|Leech Seed|p1a: Scizor\n|-start|p1a: Scizor|move: Leech Seed\n|\n|-heal|p2a: Serperior|107/248|[from] item: Leftovers\n|-damage|p1a: Scizor|210/240|[from] Leech Seed|[of] p2a: Serperior\n|-heal|p2a: Serperior|137/248|[silent]\n|upkeep\n|turn|8\n|\n|t:|1781380758\n|move|p2a: Serperior|Leaf Storm|p1a: Scizor\n|-resisted|p1a: Scizor\n|-damage|p1a: Scizor|154/240\n|-boost|p2a: Serperior|spa|2\n|move|p1a: Scizor|U-turn|p2a: Serperior\n|-supereffective|p2a: Serperior\n|-end|p2a: Serperior|Substitute\n|\n|t:|1781380765\n|switch|p1a: Magnezone|Magnezone, L85|210/258|[from] U-turn\n|\n|-heal|p2a: Serperior|152/248|[from] item: Leftovers\n|upkeep\n|turn|9\n|\n|t:|1781380772\n|move|p1a: Magnezone|Flash Cannon|p2a: Serperior\n|-damage|p2a: Serperior|31/248\n|move|p2a: Serperior|Substitute|p2a: Serperior\n|-fail|p2a: Serperior|move: Substitute|[weak]\n|\n|-heal|p2a: Serperior|46/248|[from] item: Leftovers\n|upkeep\n|turn|10\n|\n|t:|1781380780\n|move|p1a: Magnezone|Flash Cannon|p2a: Serperior\n|-damage|p2a: Serperior|0 fnt\n|faint|p2a: Serperior\n|\n|upkeep\n|\n|t:|1781380799\n|switch|p2a: Roaring Moon|Roaring Moon, L72|270/270\n|-enditem|p2a: Roaring Moon|Booster Energy\n|-activate|p2a: Roaring Moon|ability: Protosynthesis|[fromitem]\n|-start|p2a: Roaring Moon|protosynthesisatk\n|turn|11\n|\n|t:|1781380808\n|switch|p1a: Grimmsnarl|Grimmsnarl, L83, M|293/293\n|move|p2a: Roaring Moon|Dragon Dance|p2a: Roaring Moon\n|-boost|p2a: Roaring Moon|atk|1\n|-boost|p2a: Roaring Moon|spe|1\n|\n|upkeep\n|turn|12\n|\n|t:|1781380818\n|move|p1a: Grimmsnarl|Reflect|p1a: Grimmsnarl\n|-sidestart|p1: Drewisonline|Reflect\n|move|p2a: Roaring Moon|Iron Head|p1a: Grimmsnarl\n|-supereffective|p1a: Grimmsnarl\n|-damage|p1a: Grimmsnarl|167/293\n|\n|upkeep\n|turn|13\n|\n|t:|1781380825\n|move|p2a: Roaring Moon|Iron Head|p1a: Grimmsnarl\n|-supereffective|p1a: Grimmsnarl\n|-damage|p1a: Grimmsnarl|40/293\n|move|p1a: Grimmsnarl|Spirit Break|p2a: Roaring Moon\n|-supereffective|p2a: Roaring Moon\n|-damage|p2a: Roaring Moon|0 fnt\n|faint|p2a: Roaring Moon\n|-end|p2a: Roaring Moon|Protosynthesis|[silent]\n|\n|upkeep\n|\n|t:|1781380836\n|switch|p2a: Sylveon|Sylveon, L85, M|300/300\n|turn|14\n|\n|t:|1781380846\n|move|p1a: Grimmsnarl|Light Screen|p1a: Grimmsnarl\n|-sidestart|p1: Drewisonline|move: Light Screen\n|move|p2a: Sylveon|Calm Mind|p2a: Sylveon\n|-boost|p2a: Sylveon|spa|1\n|-boost|p2a: Sylveon|spd|1\n|\n|upkeep\n|turn|15\n|\n|t:|1781380852\n|move|p1a: Grimmsnarl|Thunder Wave|p2a: Sylveon\n|-status|p2a: Sylveon|par\n|move|p2a: Sylveon|Calm Mind|p2a: Sylveon\n|-boost|p2a: Sylveon|spa|1\n|-boost|p2a: Sylveon|spd|1\n|\n|upkeep\n|turn|16\n|\n|t:|1781380861\n|move|p1a: Grimmsnarl|Spirit Break|p2a: Sylveon\n|-damage|p2a: Sylveon|191/300 par\n|-unboost|p2a: Sylveon|spa|1\n|move|p2a: Sylveon|Calm Mind|p2a: Sylveon\n|-boost|p2a: Sylveon|spa|1\n|-boost|p2a: Sylveon|spd|1\n|\n|-heal|p2a: Sylveon|209/300 par|[from] item: Leftovers\n|upkeep\n|turn|17\n|\n|t:|1781380878\n|move|p2a: Sylveon|Protect|p2a: Sylveon\n|-singleturn|p2a: Sylveon|Protect\n|move|p1a: Grimmsnarl|Spirit Break|p2a: Sylveon\n|-activate|p2a: Sylveon|move: Protect\n|\n|-heal|p2a: Sylveon|227/300 par|[from] item: Leftovers\n|upkeep\n|turn|18\n|\n|t:|1781380888\n|move|p1a: Grimmsnarl|Spirit Break|p2a: Sylveon\n|-damage|p2a: Sylveon|110/300 par\n|-unboost|p2a: Sylveon|spa|1\n|move|p2a: Sylveon|Hyper Voice|p1a: Grimmsnarl\n|-supereffective|p1a: Grimmsnarl\n|-damage|p1a: Grimmsnarl|0 fnt\n|faint|p1a: Grimmsnarl\n|\n|-heal|p2a: Sylveon|128/300 par|[from] item: Leftovers\n|upkeep\n|\n|t:|1781380906\n|switch|p1a: Scizor|Scizor, L79, M|154/240\n|turn|19\n|\n|t:|1781380914\n|move|p1a: Scizor|Bullet Punch|p2a: Sylveon\n|-supereffective|p2a: Sylveon\n|-damage|p2a: Sylveon|0 fnt\n|faint|p2a: Sylveon\n|\n|-sideend|p1: Drewisonline|Reflect\n|upkeep\n|\n|t:|1781380928\n|switch|p2a: Brute Bonnet|Brute Bonnet, L80|309/309\n|turn|20\n|\n|t:|1781380947\n|switch|p1a: Magnezone|Magnezone, L85|210/258\n|move|p2a: Brute Bonnet|Spore|p1a: Magnezone\n|-status|p1a: Magnezone|slp|[from] move: Spore\n|\n|upkeep\n|turn|21\n|\n|t:|1781380958\n|switch|p1a: Scizor|Scizor, L79, M|154/240\n|move|p2a: Brute Bonnet|Crunch|p1a: Scizor\n|-damage|p1a: Scizor|63/240\n|\n|-sideend|p1: Drewisonline|move: Light Screen\n|upkeep\n|turn|22\n|\n|t:|1781380970\n|move|p2a: Brute Bonnet|Sucker Punch|p1a: Scizor\n|-damage|p1a: Scizor|0 fnt\n|faint|p1a: Scizor\n|\n|upkeep\n|\n|t:|1781380989\n|switch|p1a: Sylveon|Sylveon, L85, F|300/300\n|turn|23\n|\n|t:|1781380998\n|-end|p2a: Brute Bonnet|Protosynthesis|[silent]\n|switch|p2a: Grafaiai|Grafaiai, L86, M|249/249\n|move|p1a: Sylveon|Hyper Voice|p2a: Grafaiai\n|-resisted|p2a: Grafaiai\n|-damage|p2a: Grafaiai|180/249\n|\n|upkeep\n|turn|24\n|\n|t:|1781381007\n|switch|p1a: Magnezone|Magnezone, L85|210/258 slp\n|move|p2a: Grafaiai|Knock Off|p1a: Magnezone\n|-damage|p1a: Magnezone|152/258 slp\n|-enditem|p1a: Magnezone|Choice Scarf|[from] move: Knock Off|[of] p2a: Grafaiai\n|\n|upkeep\n|turn|25\n|\n|t:|1781381024\n|move|p2a: Grafaiai|Parting Shot|p1a: Magnezone\n|-unboost|p1a: Magnezone|atk|1\n|-unboost|p1a: Magnezone|spa|1\n|\n|t:|1781381027\n|switch|p2a: Brute Bonnet|Brute Bonnet, L80|309/309|[from] Parting Shot\n|cant|p1a: Magnezone|slp\n|\n|upkeep\n|turn|26\n|\n|t:|1781381037\n|-curestatus|p1a: Magnezone|slp|[msg]\n|move|p1a: Magnezone|Body Press|p2a: Brute Bonnet\n|-supereffective|p2a: Brute Bonnet\n|-damage|p2a: Brute Bonnet|175/309\n|move|p2a: Brute Bonnet|Seed Bomb|p1a: Magnezone\n|-resisted|p1a: Magnezone\n|-damage|p1a: Magnezone|114/258\n|\n|-heal|p2a: Brute Bonnet|194/309|[from] item: Leftovers\n|upkeep\n|turn|27\n|\n|t:|1781381048\n|move|p1a: Magnezone|Body Press|p2a: Brute Bonnet\n|-supereffective|p2a: Brute Bonnet\n|-damage|p2a: Brute Bonnet|74/309\n|move|p2a: Brute Bonnet|Crunch|p1a: Magnezone\n|-damage|p1a: Magnezone|39/258\n|\n|-heal|p2a: Brute Bonnet|93/309|[from] item: Leftovers\n|upkeep\n|turn|28\n|\n|t:|1781381059\n|move|p2a: Brute Bonnet|Sucker Punch|p1a: Magnezone\n|-damage|p1a: Magnezone|0 fnt\n|faint|p1a: Magnezone\n|\n|-heal|p2a: Brute Bonnet|112/309|[from] item: Leftovers\n|upkeep\n|\n|t:|1781381072\n|switch|p1a: Espathra|Espathra, L80, M|230/283\n|turn|29\n|\n|t:|1781381079\n|move|p2a: Brute Bonnet|Sucker Punch|p1a: Espathra\n|-supereffective|p1a: Espathra\n|-damage|p1a: Espathra|12/283\n|move|p1a: Espathra|Dazzling Gleam|p2a: Brute Bonnet\n|-supereffective|p2a: Brute Bonnet\n|-damage|p2a: Brute Bonnet|16/309\n|\n|-heal|p1a: Espathra|29/283|[from] item: Leftovers\n|-heal|p2a: Brute Bonnet|35/309|[from] item: Leftovers\n|-ability|p1a: Espathra|Speed Boost|boost\n|-boost|p1a: Espathra|spe|1\n|upkeep\n|turn|30\n|\n|t:|1781381093\n|move|p1a: Espathra|Protect|p1a: Espathra\n|-singleturn|p1a: Espathra|Protect\n|move|p2a: Brute Bonnet|Sucker Punch||[still]\n|-fail|p2a: Brute Bonnet\n|\n|-heal|p1a: Espathra|46/283|[from] item: Leftovers\n|-heal|p2a: Brute Bonnet|54/309|[from] item: Leftovers\n|-ability|p1a: Espathra|Speed Boost|boost\n|-boost|p1a: Espathra|spe|1\n|upkeep\n|turn|31\n|\n|t:|1781381118\n|move|p2a: Brute Bonnet|Sucker Punch||[still]\n|-fail|p2a: Brute Bonnet\n|move|p1a: Espathra|Calm Mind|p1a: Espathra\n|-boost|p1a: Espathra|spa|1\n|-boost|p1a: Espathra|spd|1\n|\n|-heal|p1a: Espathra|63/283|[from] item: Leftovers\n|-heal|p2a: Brute Bonnet|73/309|[from] item: Leftovers\n|-ability|p1a: Espathra|Speed Boost|boost\n|-boost|p1a: Espathra|spe|1\n|upkeep\n|turn|32\n|\n|t:|1781381128\n|move|p1a: Espathra|Protect|p1a: Espathra\n|-singleturn|p1a: Espathra|Protect\n|move|p2a: Brute Bonnet|Sucker Punch||[still]\n|-fail|p2a: Brute Bonnet\n|\n|-heal|p1a: Espathra|80/283|[from] item: Leftovers\n|-heal|p2a: Brute Bonnet|92/309|[from] item: Leftovers\n|-ability|p1a: Espathra|Speed Boost|boost\n|-boost|p1a: Espathra|spe|1\n|upkeep\n|turn|33\n|\n|t:|1781381145\n|move|p2a: Brute Bonnet|Sucker Punch||[still]\n|-fail|p2a: Brute Bonnet\n|move|p1a: Espathra|Calm Mind|p1a: Espathra\n|-boost|p1a: Espathra|spa|1\n|-boost|p1a: Espathra|spd|1\n|\n|-heal|p1a: Espathra|97/283|[from] item: Leftovers\n|-heal|p2a: Brute Bonnet|111/309|[from] item: Leftovers\n|-ability|p1a: Espathra|Speed Boost|boost\n|-boost|p1a: Espathra|spe|1\n|upkeep\n|turn|34\n|\n|t:|1781381156\n|move|p1a: Espathra|Protect|p1a: Espathra\n|-singleturn|p1a: Espathra|Protect\n|move|p2a: Brute Bonnet|Crunch|p1a: Espathra\n|-activate|p1a: Espathra|move: Protect\n|\n|-heal|p1a: Espathra|114/283|[from] item: Leftovers\n|-heal|p2a: Brute Bonnet|130/309|[from] item: Leftovers\n|-ability|p1a: Espathra|Speed Boost|boost\n|-boost|p1a: Espathra|spe|1\n|upkeep\n|turn|35\n|\n|t:|1781381166\n|-terastallize|p1a: Espathra|Fairy\n|move|p1a: Espathra|Dazzling Gleam|p2a: Brute Bonnet\n|-supereffective|p2a: Brute Bonnet\n|-damage|p2a: Brute Bonnet|0 fnt\n|faint|p2a: Brute Bonnet\n|-end|p2a: Brute Bonnet|Protosynthesis|[silent]\n|\n|-heal|p1a: Espathra|131/283|[from] item: Leftovers\n|upkeep\n|\n|t:|1781381175\n|switch|p2a: Grafaiai|Grafaiai, L86, M|180/249\n|turn|36\n|\n|t:|1781381185\n|move|p1a: Espathra|Stored Power|p2a: Grafaiai\n|-supereffective|p2a: Grafaiai\n|-damage|p2a: Grafaiai|0 fnt\n|faint|p2a: Grafaiai\n|\n|win|Drewisonline\n|raw|Drewisonline's rating: 1559 &rarr; <strong>1577</strong><br />(+18 for winning)\n|raw|Izancinho's rating: 1518 &rarr; <strong>1500</strong><br />(-18 for losing)\n", "uploadtime": 1781381197, "views": 10, "formatid": "gen9randombattle", "rating": 1500, "private": 0, "password": null}