{"id": "gen9randombattle-2631651626", "format": "[Gen 9] Random Battle", "players": ["lalo's pollos", "SelectronHiPower"], "log": "|j|\u2606lalo's pollos\n|j|\u2606SelectronHiPower\n|t:|1781415170\n|gametype|singles\n|player|p1|lalo's pollos|1|1981\n|player|p2|SelectronHiPower|bellelba|1938\n|gen|9\n|tier|[Gen 9] Random Battle\n|rated|\n|rule|Species Clause: Limit one of each Pok\u00e9mon\n|rule|HP Percentage Mod: HP is shown in percentages\n|rule|Sleep Clause Mod: Limit one foe put to sleep\n|rule|Illusion Level Mod: Illusion disguises the Pok\u00e9mon's true level\n|\n|t:|1781415170\n|teamsize|p1|6\n|teamsize|p2|6\n|start\n|switch|p1a: Dondozo|Dondozo, L78, F|362/362\n|switch|p2a: Quaquaval|Quaquaval, L79, F|264/264\n|turn|1\n|c|\u2606SelectronHiPower|glhf\n|inactive|Battle timer is ON: inactive players will automatically lose when time's up. (requested by SelectronHiPower)\n|c|\u2606lalo's pollos|thx u2\n|inactive|SelectronHiPower has 120 seconds left.\n|\n|t:|1781415207\n|move|p2a: Quaquaval|Swords Dance|p2a: Quaquaval\n|-boost|p2a: Quaquaval|atk|2\n|move|p1a: Dondozo|Curse|p1a: Dondozo\n|-unboost|p1a: Dondozo|spe|1\n|-boost|p1a: Dondozo|atk|1\n|-boost|p1a: Dondozo|def|1\n|\n|upkeep\n|turn|2\n|\n|t:|1781415215\n|move|p2a: Quaquaval|Encore|p1a: Dondozo\n|-start|p1a: Dondozo|Encore\n|move|p1a: Dondozo|Curse|p1a: Dondozo\n|-unboost|p1a: Dondozo|spe|1\n|-boost|p1a: Dondozo|atk|1\n|-boost|p1a: Dondozo|def|1\n|\n|upkeep\n|turn|3\n|\n|t:|1781415228\n|switch|p2a: Braviary|Braviary-Hisui, L85, M|326/326\n|move|p1a: Dondozo|Curse|p1a: Dondozo\n|-unboost|p1a: Dondozo|spe|1\n|-boost|p1a: Dondozo|atk|1\n|-boost|p1a: Dondozo|def|1\n|\n|upkeep\n|turn|4\n|\n|t:|1781415237\n|switch|p1a: Blissey|Blissey, L85, F|572/572\n|move|p2a: Braviary|Psychic|p1a: Blissey\n|-damage|p1a: Blissey|442/572\n|\n|-heal|p1a: Blissey|477/572|[from] item: Leftovers\n|upkeep\n|turn|5\n|\n|t:|1781415249\n|switch|p2a: Flygon|Flygon, L82, M|265/265\n|move|p1a: Blissey|Thunder Wave|p2a: Flygon\n|-immune|p2a: Flygon\n|\n|-heal|p1a: Blissey|512/572|[from] item: Leftovers\n|upkeep\n|turn|6\n|\n|t:|1781415264\n|switch|p1a: Gogoat|Gogoat, L88, M|360/360\n|move|p2a: Flygon|Dragon Dance|p2a: Flygon\n|-boost|p2a: Flygon|atk|1\n|-boost|p2a: Flygon|spe|1\n|\n|upkeep\n|turn|7\n|\n|t:|1781415283\n|switch|p2a: Scizor|Scizor, L79, M|240/240\n|move|p1a: Gogoat|Bulk Up|p1a: Gogoat\n|-boost|p1a: Gogoat|atk|1\n|-boost|p1a: Gogoat|def|1\n|\n|upkeep\n|turn|8\n|\n|t:|1781415289\n|move|p1a: Gogoat|Bulk Up|p1a: Gogoat\n|-boost|p1a: Gogoat|atk|1\n|-boost|p1a: Gogoat|def|1\n|move|p2a: Scizor|U-turn|p1a: Gogoat\n|-supereffective|p1a: Gogoat\n|-damage|p1a: Gogoat|210/360\n|\n|t:|1781415304\n|switch|p2a: Braviary|Braviary-Hisui, L85, M|326/326|[from] U-turn\n|\n|-heal|p1a: Gogoat|232/360|[from] item: Leftovers\n|upkeep\n|turn|9\n|\n|t:|1781415313\n|move|p1a: Gogoat|Horn Leech|p2a: Braviary\n|-resisted|p2a: Braviary\n|-damage|p2a: Braviary|226/326\n|-heal|p1a: Gogoat|282/360|[from] drain|[of] p2a: Braviary\n|move|p2a: Braviary|Agility|p2a: Braviary\n|-boost|p2a: Braviary|spe|2\n|\n|-heal|p1a: Gogoat|304/360|[from] item: Leftovers\n|upkeep\n|turn|10\n|\n|t:|1781415322\n|switch|p1a: Blissey|Blissey, L85, F|512/572\n|move|p2a: Braviary|Hurricane|p1a: Blissey\n|-damage|p1a: Blissey|340/572\n|\n|-heal|p1a: Blissey|375/572|[from] item: Leftovers\n|upkeep\n|turn|11\n|\n|t:|1781415331\n|switch|p2a: Flygon|Flygon, L82, M|265/265\n|move|p1a: Blissey|Stealth Rock|p2a: Flygon\n|-sidestart|p2: SelectronHiPower|move: Stealth Rock\n|\n|-heal|p1a: Blissey|410/572|[from] item: Leftovers\n|upkeep\n|turn|12\n|\n|t:|1781415343\n|switch|p1a: Floatzel|Floatzel, L86, M|286/286\n|move|p2a: Flygon|Dragon Dance|p2a: Flygon\n|-boost|p2a: Flygon|atk|1\n|-boost|p2a: Flygon|spe|1\n|\n|upkeep\n|turn|13\n|\n|t:|1781415352\n|move|p2a: Flygon|Outrage|p1a: Floatzel\n|-damage|p1a: Floatzel|15/286\n|move|p1a: Floatzel|Ice Spinner|p2a: Flygon\n|-supereffective|p2a: Flygon\n|-damage|p2a: Flygon|5/265\n|\n|-heal|p1a: Floatzel|32/286|[from] item: Leftovers\n|upkeep\n|turn|14\n|\n|t:|1781415364\n|switch|p1a: Dondozo|Dondozo, L78, F|362/362\n|move|p2a: Flygon|Outrage|p1a: Dondozo|[from] lockedmove\n|-damage|p1a: Dondozo|259/362\n|-start|p2a: Flygon|confusion|[fatigue]\n|-enditem|p2a: Flygon|Lum Berry|[eat]\n|-end|p2a: Flygon|confusion\n|\n|-heal|p1a: Dondozo|281/362|[from] item: Leftovers\n|upkeep\n|turn|15\n|\n|t:|1781415378\n|move|p2a: Flygon|Dragon Dance|p2a: Flygon\n|-boost|p2a: Flygon|atk|1\n|-boost|p2a: Flygon|spe|1\n|move|p1a: Dondozo|Curse|p1a: Dondozo\n|-unboost|p1a: Dondozo|spe|1\n|-boost|p1a: Dondozo|atk|1\n|-boost|p1a: Dondozo|def|1\n|\n|-heal|p1a: Dondozo|303/362|[from] item: Leftovers\n|upkeep\n|turn|16\n|\n|t:|1781415387\n|move|p2a: Flygon|Dragon Dance|p2a: Flygon\n|-boost|p2a: Flygon|atk|1\n|-boost|p2a: Flygon|spe|1\n|move|p1a: Dondozo|Wave Crash|p2a: Flygon\n|-damage|p2a: Flygon|0 fnt\n|faint|p2a: Flygon\n|-damage|p1a: Dondozo|301/362|[from] Recoil\n|\n|-heal|p1a: Dondozo|323/362|[from] item: Leftovers\n|upkeep\n|inactive|SelectronHiPower has 120 seconds left.\n|-message|SelectronHiPower forfeited.\n|\n|win|lalo's pollos\n", "uploadtime": 1781415172, "views": 4, "formatid": "gen9randombattle", "rating": null, "private": 0, "password": null}