{"id": "gen9randombattle-2631382716", "format": "[Gen 9] Random Battle", "players": ["3kzzzzzzzz", "grabschaender"], "log": "|j|\u26063kzzzzzzzz\n|j|\u2606grabschaender\n|t:|1781378106\n|gametype|singles\n|player|p1|3kzzzzzzzz|janitor|2210\n|player|p2|grabschaender|candice|2281\n|gen|9\n|tier|[Gen 9] Random Battle\n|rated|\n|rule|Species Clause: Limit one of each Pok\u00e9mon\n|rule|HP Percentage Mod: HP is shown in percentages\n|rule|Sleep Clause Mod: Limit one foe put to sleep\n|rule|Illusion Level Mod: Illusion disguises the Pok\u00e9mon's true level\n|\n|t:|1781378106\n|teamsize|p1|6\n|teamsize|p2|6\n|start\n|switch|p1a: Serperior|Serperior, L79, F|248/248\n|switch|p2a: Keldeo|Keldeo-Resolute, L79|273/273\n|turn|1\n|\n|t:|1781378119\n|switch|p2a: Glalie|Glalie, L96, M|309/309\n|move|p1a: Serperior|Leaf Storm|p2a: Glalie\n|-damage|p2a: Glalie|206/309\n|-boost|p1a: Serperior|spa|2\n|\n|upkeep\n|turn|2\n|\n|t:|1781378123\n|move|p1a: Serperior|Substitute|p1a: Serperior\n|-start|p1a: Serperior|Substitute\n|-damage|p1a: Serperior|186/248\n|move|p2a: Glalie|Freeze-Dry|p1a: Serperior\n|-supereffective|p1a: Serperior\n|-end|p1a: Serperior|Substitute\n|\n|-heal|p1a: Serperior|201/248|[from] item: Leftovers\n|upkeep\n|turn|3\n|\n|t:|1781378129\n|-terastallize|p1a: Serperior|Fire\n|move|p1a: Serperior|Substitute|p1a: Serperior\n|-start|p1a: Serperior|Substitute\n|-damage|p1a: Serperior|139/248\n|move|p2a: Glalie|Freeze-Dry|p1a: Serperior\n|-resisted|p1a: Serperior\n|-activate|p1a: Serperior|move: Substitute|[damage]\n|\n|-heal|p1a: Serperior|154/248|[from] item: Leftovers\n|upkeep\n|turn|4\n|\n|t:|1781378139\n|move|p1a: Serperior|Tera Blast|p2a: Glalie|[anim] Tera Blast Fire\n|-supereffective|p2a: Glalie\n|-damage|p2a: Glalie|0 fnt\n|faint|p2a: Glalie\n|\n|-heal|p1a: Serperior|169/248|[from] item: Leftovers\n|upkeep\n|\n|t:|1781378141\n|switch|p2a: Meloetta|Meloetta, L82|298/298\n|turn|5\n|inactive|Battle timer is ON: inactive players will automatically lose when time's up. (requested by 3kzzzzzzzz)\n|\n|t:|1781378147\n|move|p1a: Serperior|Leaf Storm|p2a: Meloetta\n|-damage|p2a: Meloetta|150/298\n|-boost|p1a: Serperior|spa|2\n|move|p2a: Meloetta|Hyper Voice|p1a: Serperior\n|-damage|p1a: Serperior|6/248\n|\n|-heal|p1a: Serperior|21/248|[from] item: Leftovers\n|upkeep\n|turn|6\n|j| rufoush\n|\n|t:|1781378163\n|move|p1a: Serperior|Leaf Storm|p2a: Meloetta\n|-damage|p2a: Meloetta|0 fnt\n|-boost|p1a: Serperior|spa|2\n|faint|p2a: Meloetta\n|\n|-heal|p1a: Serperior|36/248|[from] item: Leftovers\n|upkeep\n|-message|grabschaender forfeited.\n|\n|win|3kzzzzzzzz\n", "uploadtime": 1781378108, "views": 8, "formatid": "gen9randombattle", "rating": null, "private": 0, "password": null}