{"id": "gen9randombattle-2631591881", "format": "[Gen 9] Random Battle", "players": ["Cesar A Bedoya", "Blendedcats"], "log": "|j|\u2606Cesar A Bedoya\n|j|\u2606Blendedcats\n|t:|1781405719\n|gametype|singles\n|player|p1|Cesar A Bedoya|shadowtriad|1936\n|player|p2|Blendedcats|picnicker|1907\n|gen|9\n|tier|[Gen 9] Random Battle\n|rated|\n|rule|Species Clause: Limit one of each Pok\u00e9mon\n|rule|HP Percentage Mod: HP is shown in percentages\n|rule|Sleep Clause Mod: Limit one foe put to sleep\n|rule|Illusion Level Mod: Illusion disguises the Pok\u00e9mon's true level\n|\n|t:|1781405719\n|teamsize|p1|6\n|teamsize|p2|6\n|start\n|switch|p1a: Dugtrio|Dugtrio, L84, M|196/196\n|switch|p2a: Meowscarada|Meowscarada, L78, M|247/247\n|turn|1\n|inactive|Battle timer is ON: inactive players will automatically lose when time's up. (requested by Blendedcats)\n|\n|t:|1781405738\n|switch|p1a: Tropius|Tropius, L91, F|328/328\n|move|p2a: Meowscarada|Flower Trick|p1a: Tropius\n|-start|p2a: Meowscarada|typechange|Grass|[from] ability: Protean\n|-resisted|p1a: Tropius\n|-crit|p1a: Tropius\n|-damage|p1a: Tropius|304/328\n|\n|upkeep\n|turn|2\n|\n|t:|1781405742\n|move|p2a: Meowscarada|Knock Off|p1a: Tropius\n|-damage|p1a: Tropius|242/328\n|-enditem|p1a: Tropius|Sitrus Berry|[from] move: Knock Off|[of] p2a: Meowscarada\n|move|p1a: Tropius|Dragon Dance|p1a: Tropius\n|-boost|p1a: Tropius|atk|1\n|-boost|p1a: Tropius|spe|1\n|\n|upkeep\n|turn|3\n|\n|t:|1781405749\n|switch|p2a: Wigglytuff|Wigglytuff, L96, M|424/424\n|move|p1a: Tropius|Dragon Dance|p1a: Tropius\n|-boost|p1a: Tropius|atk|1\n|-boost|p1a: Tropius|spe|1\n|\n|upkeep\n|turn|4\n|\n|t:|1781405756\n|move|p1a: Tropius|Leaf Blade|p2a: Wigglytuff\n|-damage|p2a: Wigglytuff|190/424\n|move|p2a: Wigglytuff|Alluring Voice|p1a: Tropius\n|-damage|p1a: Tropius|143/328\n|\n|-heal|p2a: Wigglytuff|216/424|[from] item: Leftovers\n|upkeep\n|turn|5\n|\n|t:|1781405762\n|move|p2a: Wigglytuff|Protect|p2a: Wigglytuff\n|-singleturn|p2a: Wigglytuff|Protect\n|move|p1a: Tropius|Leaf Blade|p2a: Wigglytuff\n|-activate|p2a: Wigglytuff|move: Protect\n|\n|-heal|p2a: Wigglytuff|242/424|[from] item: Leftovers\n|upkeep\n|turn|6\n|\n|t:|1781405766\n|move|p1a: Tropius|Leaf Blade|p2a: Wigglytuff\n|-damage|p2a: Wigglytuff|0 fnt\n|faint|p2a: Wigglytuff\n|\n|upkeep\n|\n|t:|1781405770\n|switch|p2a: Swanna|Swanna, L89, F|278/278\n|turn|7\n|\n|t:|1781405778\n|move|p1a: Tropius|Leaf Blade|p2a: Swanna\n|-damage|p2a: Swanna|85/278\n|move|p2a: Swanna|Brave Bird|p1a: Tropius\n|-supereffective|p1a: Tropius\n|-damage|p1a: Tropius|0 fnt\n|faint|p1a: Tropius\n|-damage|p2a: Swanna|38/278|[from] Recoil\n|\n|upkeep\n|\n|t:|1781405792\n|switch|p1a: Beartic|Beartic, L91, F|321/321\n|turn|8\n|\n|t:|1781405797\n|move|p2a: Swanna|Hydro Pump|p1a: Beartic\n|-damage|p1a: Beartic|206/321\n|move|p1a: Beartic|Swords Dance|p1a: Beartic\n|-boost|p1a: Beartic|atk|2\n|\n|upkeep\n|turn|9\n|\n|t:|1781405808\n|move|p1a: Beartic|Aqua Jet|p2a: Swanna\n|-resisted|p2a: Swanna\n|-damage|p2a: Swanna|0 fnt\n|faint|p2a: Swanna\n|\n|upkeep\n|\n|t:|1781405813\n|switch|p2a: Galvantula|Galvantula, L82, M|249/249\n|turn|10\n|\n|t:|1781405822\n|move|p2a: Galvantula|Thunder|p1a: Beartic\n|-damage|p1a: Beartic|92/321\n|-status|p1a: Beartic|par\n|move|p1a: Beartic|Icicle Crash|p2a: Galvantula\n|-damage|p2a: Galvantula|0 fnt\n|faint|p2a: Galvantula\n|\n|upkeep\n|\n|t:|1781405827\n|switch|p2a: Manaphy|Manaphy, L78|284/284\n|turn|11\n|\n|t:|1781405829\n|move|p2a: Manaphy|Tail Glow|p2a: Manaphy\n|-boost|p2a: Manaphy|spa|3\n|move|p1a: Beartic|Close Combat|p2a: Manaphy\n|-damage|p2a: Manaphy|27/284\n|-unboost|p1a: Beartic|def|1\n|-unboost|p1a: Beartic|spd|1\n|\n|-heal|p2a: Manaphy|44/284|[from] item: Leftovers\n|upkeep\n|turn|12\n|-message|Blendedcats forfeited.\n|\n|win|Cesar A Bedoya\n", "uploadtime": 1781405720, "views": 4, "formatid": "gen9randombattle", "rating": null, "private": 0, "password": null}