{"id": "gen9randombattle-2631581456", "format": "[Gen 9] Random Battle", "players": ["jmyj", "100425DJ"], "log": "|j|\u2606jmyj\n|j|\u2606100425DJ\n|t:|1781404294\n|gametype|singles\n|player|p1|jmyj|ingo|\n|player|p2|100425DJ|emmet|\n|gen|9\n|tier|[Gen 9] Random Battle\n|rule|Species Clause: Limit one of each Pok\u00e9mon\n|rule|HP Percentage Mod: HP is shown in percentages\n|rule|Sleep Clause Mod: Limit one foe put to sleep\n|rule|Illusion Level Mod: Illusion disguises the Pok\u00e9mon's true level\n|\n|t:|1781404295\n|teamsize|p1|6\n|teamsize|p2|6\n|start\n|switch|p1a: Okidogi|Okidogi, L77, M|262/262\n|switch|p2a: Calyrex|Calyrex, L93|337/337\n|-ability|p2a: Calyrex|Unnerve\n|turn|1\n|inactive|Battle timer is ON: inactive players will automatically lose when time's up. (requested by jmyj)\n|\n|t:|1781404320\n|-terastallize|p1a: Okidogi|Dark\n|move|p2a: Calyrex|Psyshock|p1a: Okidogi\n|-immune|p1a: Okidogi\n|move|p1a: Okidogi|Bulk Up|p1a: Okidogi\n|-boost|p1a: Okidogi|atk|1\n|-boost|p1a: Okidogi|def|1\n|\n|upkeep\n|turn|2\n|\n|t:|1781404348\n|switch|p2a: Munkidori|Munkidori, L79, M|269/269\n|move|p1a: Okidogi|Knock Off|p2a: Munkidori\n|-supereffective|p2a: Munkidori\n|-damage|p2a: Munkidori|0 fnt\n|-enditem|p2a: Munkidori|Choice Specs|[from] move: Knock Off|[of] p1a: Okidogi\n|faint|p2a: Munkidori\n|\n|upkeep\n|inactive|100425DJ has 270 seconds left.\n|\n|t:|1781404370\n|switch|p2a: Perrserker|Perrserker, L89, M|269/269\n|turn|3\n|\n|t:|1781404381\n|-terastallize|p2a: Perrserker|Fighting\n|move|p1a: Okidogi|Drain Punch|p2a: Perrserker\n|-damage|p2a: Perrserker|155/269\n|move|p2a: Perrserker|Close Combat|p1a: Okidogi\n|-supereffective|p1a: Okidogi\n|-damage|p1a: Okidogi|0 fnt\n|-unboost|p2a: Perrserker|def|1\n|-unboost|p2a: Perrserker|spd|1\n|faint|p1a: Okidogi\n|\n|upkeep\n|inactive|jmyj has 270 seconds left.\n|\n|t:|1781404410\n|switch|p1a: Meowstic|Meowstic-F, L89, F|277/277\n|turn|4\n|inactive|100425DJ has 270 seconds left.\n|\n|t:|1781404421\n|switch|p2a: Mudsdale|Mudsdale, L83, F|302/302\n|move|p1a: Meowstic|Psyshock|p2a: Mudsdale\n|-damage|p2a: Mudsdale|207/302\n|-ability|p2a: Mudsdale|Stamina|boost\n|-boost|p2a: Mudsdale|def|1\n|-damage|p1a: Meowstic|250/277|[from] item: Life Orb\n|\n|-heal|p2a: Mudsdale|225/302|[from] item: Leftovers\n|upkeep\n|turn|5\n|inactive|100425DJ has 270 seconds left.\n|\n|t:|1781404439\n|switch|p1a: Dewgong|Dewgong, L94, M|322/322\n|move|p2a: Mudsdale|Stealth Rock|p1a: Dewgong\n|-sidestart|p1: jmyj|move: Stealth Rock\n|\n|-heal|p2a: Mudsdale|243/302|[from] item: Leftovers\n|upkeep\n|turn|6\n|\n|t:|1781404450\n|switch|p2a: Calyrex|Calyrex, L93|337/337\n|-ability|p2a: Calyrex|Unnerve\n|move|p1a: Dewgong|Ice Beam|p2a: Calyrex\n|-supereffective|p2a: Calyrex\n|-damage|p2a: Calyrex|163/337\n|\n|-heal|p2a: Calyrex|184/337|[from] item: Leftovers\n|upkeep\n|turn|7\n|\n|t:|1781404463\n|switch|p1a: Arcanine|Arcanine, L84, F|288/288\n|-ability|p1a: Arcanine|Intimidate|boost\n|-unboost|p2a: Calyrex|atk|1\n|move|p2a: Calyrex|Giga Drain|p1a: Arcanine\n|-resisted|p1a: Arcanine\n|-damage|p1a: Arcanine|241/288\n|-heal|p2a: Calyrex|208/337|[from] drain|[of] p1a: Arcanine\n|\n|-heal|p2a: Calyrex|229/337|[from] item: Leftovers\n|upkeep\n|turn|8\n|\n|t:|1781404475\n|switch|p2a: Salazzle|Salazzle, L83, F|249/249\n|move|p1a: Arcanine|Flare Blitz|p2a: Salazzle\n|-resisted|p2a: Salazzle\n|-damage|p2a: Salazzle|150/249\n|-damage|p1a: Arcanine|208/288|[from] Recoil\n|\n|upkeep\n|turn|9\n|\n|t:|1781404492\n|switch|p1a: Porygon-Z|Porygon-Z, L83|277/277\n|-damage|p1a: Porygon-Z|243/277|[from] Stealth Rock\n|-ability|p1a: Porygon-Z|Download|boost\n|-boost|p1a: Porygon-Z|spa|1\n|move|p2a: Salazzle|Nasty Plot|p2a: Salazzle\n|-boost|p2a: Salazzle|spa|2\n|\n|upkeep\n|turn|10\n|\n|t:|1781404505\n|move|p2a: Salazzle|Fire Blast|p1a: Porygon-Z\n|-damage|p1a: Porygon-Z|0 fnt\n|faint|p1a: Porygon-Z\n|\n|upkeep\n|\n|t:|1781404514\n|switch|p1a: Meowstic|Meowstic-F, L89, F|250/277\n|-damage|p1a: Meowstic|216/277|[from] Stealth Rock\n|turn|11\n|inactive|100425DJ has 270 seconds left.\n|\n|t:|1781404519\n|move|p2a: Salazzle|Sludge Wave|p1a: Meowstic\n|-damage|p1a: Meowstic|0 fnt\n|faint|p1a: Meowstic\n|\n|upkeep\n|\n|t:|1781404526\n|switch|p1a: Zekrom|Zekrom, L71|259/259\n|-damage|p1a: Zekrom|227/259|[from] Stealth Rock\n|-ability|p1a: Zekrom|Teravolt\n|turn|12\n|\n|t:|1781404535\n|move|p2a: Salazzle|Sludge Wave|p1a: Zekrom\n|-damage|p1a: Zekrom|0 fnt\n|faint|p1a: Zekrom\n|\n|upkeep\n|\n|t:|1781404541\n|switch|p1a: Dewgong|Dewgong, L94, M|322/322\n|turn|13\n|\n|t:|1781404552\n|move|p2a: Salazzle|Fire Blast|p1a: Dewgong\n|-damage|p1a: Dewgong|208/322\n|-status|p1a: Dewgong|brn\n|move|p1a: Dewgong|Hydro Pump|p2a: Salazzle\n|-supereffective|p2a: Salazzle\n|-damage|p2a: Salazzle|0 fnt\n|faint|p2a: Salazzle\n|\n|-damage|p1a: Dewgong|188/322 brn|[from] brn\n|upkeep\n|\n|t:|1781404567\n|switch|p2a: Wugtrio|Wugtrio, L91, F|212/212\n|turn|14\n|\n|t:|1781404579\n|move|p2a: Wugtrio|Stomping Tantrum|p1a: Dewgong\n|-damage|p1a: Dewgong|93/322 brn\n|move|p1a: Dewgong|Hydro Pump|p2a: Wugtrio\n|-resisted|p2a: Wugtrio\n|-damage|p2a: Wugtrio|152/212\n|\n|-damage|p1a: Dewgong|73/322 brn|[from] brn\n|upkeep\n|turn|15\n|\n|t:|1781404595\n|move|p2a: Wugtrio|Stomping Tantrum|p1a: Dewgong\n|-damage|p1a: Dewgong|0 fnt\n|faint|p1a: Dewgong\n|\n|upkeep\n|\n|t:|1781404601\n|switch|p1a: Arcanine|Arcanine, L84, F|208/288\n|-ability|p1a: Arcanine|Intimidate|boost\n|-unboost|p2a: Wugtrio|atk|1\n|turn|16\n|\n|t:|1781404607\n|move|p2a: Wugtrio|Stomping Tantrum|p1a: Arcanine\n|-supereffective|p1a: Arcanine\n|-damage|p1a: Arcanine|82/288\n|move|p1a: Arcanine|Close Combat|p2a: Wugtrio\n|-damage|p2a: Wugtrio|19/212\n|-unboost|p1a: Arcanine|def|1\n|-unboost|p1a: Arcanine|spd|1\n|-ability|p2a: Wugtrio|Gooey\n|-unboost|p1a: Arcanine|spe|1\n|\n|upkeep\n|turn|17\n|-message|jmyj forfeited.\n|\n|win|100425DJ\n|l|\u2606jmyj\n|player|p1|\n", "uploadtime": 1781404621, "views": 6, "formatid": "gen9randombattle", "rating": null, "private": 0, "password": null}