{"id": "gen9randombattle-2631831508", "format": "[Gen 9] Random Battle", "players": ["cuerodeolancho", "duusijfig"], "log": "|badge|p2|bronze|gen9randombattle|100-9\n|uhtml|medal-msg|<div class=\"broadcast-blue\">Curious what those medals under the avatar are? PS now has Ladder Seasons! For more information, check out the <a href=\"https://www.smogon.com/forums/threads/3740067/\">thread on Smogon.</a></div>\n|j|\u2606cuerodeolancho\n|j|\u2606duusijfig\n|t:|1781445722\n|gametype|singles\n|player|p1|cuerodeolancho|janitor|2126\n|player|p2|duusijfig|1|2350\n|gen|9\n|tier|[Gen 9] Random Battle\n|rated|\n|rule|Species Clause: Limit one of each Pok\u00e9mon\n|rule|HP Percentage Mod: HP is shown in percentages\n|rule|Sleep Clause Mod: Limit one foe put to sleep\n|rule|Illusion Level Mod: Illusion disguises the Pok\u00e9mon's true level\n|\n|t:|1781445722\n|teamsize|p1|6\n|teamsize|p2|6\n|start\n|switch|p1a: Wo-Chien|Wo-Chien, L83|277/277\n|switch|p2a: Dachsbun|Dachsbun, L92, F|254/254\n|-ability|p1a: Wo-Chien|Tablets of Ruin\n|turn|1\n|inactive|Battle timer is ON: inactive players will automatically lose when time's up. (requested by duusijfig)\n|inactive|cuerodeolancho also wants the timer to be on.\n|\n|t:|1781445731\n|move|p2a: Dachsbun|Play Rough|p1a: Wo-Chien\n|-supereffective|p1a: Wo-Chien\n|-damage|p1a: Wo-Chien|145/277\n|move|p1a: Wo-Chien|Leech Seed|p2a: Dachsbun\n|-start|p2a: Dachsbun|move: Leech Seed\n|\n|-heal|p1a: Wo-Chien|162/277|[from] item: Leftovers\n|-damage|p2a: Dachsbun|223/254|[from] Leech Seed|[of] p1a: Wo-Chien\n|-heal|p1a: Wo-Chien|193/277|[silent]\n|upkeep\n|turn|2\n|\n|t:|1781445744\n|switch|p2a: Noctowl|Noctowl, L95, F|344/344\n|move|p1a: Wo-Chien|Knock Off|p2a: Noctowl\n|-damage|p2a: Noctowl|220/344\n|-enditem|p2a: Noctowl|Heavy-Duty Boots|[from] move: Knock Off|[of] p1a: Wo-Chien\n|\n|-heal|p1a: Wo-Chien|210/277|[from] item: Leftovers\n|upkeep\n|turn|3\n|\n|t:|1781445759\n|switch|p1a: Lumineon|Lumineon, L93, M|279/279\n|move|p2a: Noctowl|Nasty Plot|p2a: Noctowl\n|-boost|p2a: Noctowl|spa|2\n|\n|upkeep\n|turn|4\n|\n|t:|1781445762\n|switch|p2a: Rillaboom|Rillaboom, L79, M|288/288\n|-fieldstart|move: Grassy Terrain|[from] ability: Grassy Surge|[of] p2a: Rillaboom\n|move|p1a: Lumineon|Encore||[still]\n|-fail|p1a: Lumineon\n|\n|upkeep\n|turn|5\n|\n|t:|1781445766\n|switch|p1a: Tauros|Tauros-Paldea-Blaze, L81, M|252/252\n|move|p2a: Rillaboom|Wood Hammer|p1a: Tauros\n|-resisted|p1a: Tauros\n|-damage|p1a: Tauros|140/252\n|-damage|p2a: Rillaboom|251/288|[from] Recoil\n|-damage|p2a: Rillaboom|223/288|[from] item: Life Orb\n|\n|-heal|p1a: Tauros|155/252|[from] Grassy Terrain\n|-heal|p2a: Rillaboom|241/288|[from] Grassy Terrain\n|upkeep\n|turn|6\n|\n|t:|1781445775\n|switch|p2a: Dachsbun|Dachsbun, L92, F|223/254\n|move|p1a: Tauros|Substitute|p1a: Tauros\n|-start|p1a: Tauros|Substitute\n|-damage|p1a: Tauros|92/252\n|-enditem|p1a: Tauros|Sitrus Berry|[eat]\n|-heal|p1a: Tauros|155/252|[from] item: Sitrus Berry\n|\n|-heal|p2a: Dachsbun|238/254|[from] Grassy Terrain\n|-heal|p2a: Dachsbun|253/254|[from] item: Leftovers\n|-heal|p1a: Tauros|170/252|[from] Grassy Terrain\n|upkeep\n|turn|7\n|\n|t:|1781445779\n|move|p2a: Dachsbun|Play Rough|p1a: Tauros\n|-end|p1a: Tauros|Substitute\n|move|p1a: Tauros|Bulk Up|p1a: Tauros\n|-boost|p1a: Tauros|atk|1\n|-boost|p1a: Tauros|def|1\n|\n|-heal|p2a: Dachsbun|254/254|[from] Grassy Terrain\n|-heal|p1a: Tauros|185/252|[from] Grassy Terrain\n|-activate|p1a: Tauros|ability: Cud Chew\n|-enditem|p1a: Tauros|Sitrus Berry|[eat]\n|-heal|p1a: Tauros|248/252|[from] item: Sitrus Berry\n|upkeep\n|turn|8\n|\n|t:|1781445783\n|move|p2a: Dachsbun|Yawn|p1a: Tauros\n|-start|p1a: Tauros|move: Yawn|[of] p2a: Dachsbun\n|move|p1a: Tauros|Bulk Up|p1a: Tauros\n|-boost|p1a: Tauros|atk|1\n|-boost|p1a: Tauros|def|1\n|\n|-heal|p1a: Tauros|252/252|[from] Grassy Terrain\n|-fieldend|move: Grassy Terrain\n|upkeep\n|turn|9\n|\n|t:|1781445788\n|move|p2a: Dachsbun|Protect|p2a: Dachsbun\n|-singleturn|p2a: Dachsbun|Protect\n|move|p1a: Tauros|Bulk Up|p1a: Tauros\n|-boost|p1a: Tauros|atk|1\n|-boost|p1a: Tauros|def|1\n|\n|-end|p1a: Tauros|move: Yawn|[silent]\n|-status|p1a: Tauros|slp\n|upkeep\n|turn|10\n|\n|t:|1781445797\n|switch|p2a: Gardevoir|Gardevoir, L83, F|249/249\n|-ability|p2a: Gardevoir|Cud Chew|Trace|[from] ability: Trace|[of] p1a: Tauros\n|cant|p1a: Tauros|slp\n|\n|upkeep\n|turn|11\n|\n|t:|1781445801\n|move|p2a: Gardevoir|Psychic|p1a: Tauros\n|-supereffective|p1a: Tauros\n|-damage|p1a: Tauros|0 fnt\n|faint|p1a: Tauros\n|\n|upkeep\n|\n|t:|1781445817\n|switch|p1a: Wo-Chien|Wo-Chien, L83|210/277\n|-ability|p1a: Wo-Chien|Tablets of Ruin\n|turn|12\n|\n|t:|1781445821\n|switch|p2a: Noctowl|Noctowl, L95, F|220/344\n|move|p1a: Wo-Chien|Knock Off|p2a: Noctowl\n|-damage|p2a: Noctowl|144/344\n|\n|-heal|p1a: Wo-Chien|227/277|[from] item: Leftovers\n|upkeep\n|turn|13\n|inactive|cuerodeolancho has 120 seconds left.\n|\n|t:|1781445861\n|switch|p1a: Sandslash|Sandslash, L89, F|278/278\n|move|p2a: Noctowl|Roost|p2a: Noctowl\n|-heal|p2a: Noctowl|316/344\n|-singleturn|p2a: Noctowl|move: Roost\n|\n|upkeep\n|turn|14\n|\n|t:|1781445869\n|switch|p2a: Rillaboom|Rillaboom, L79, M|241/288\n|-fieldstart|move: Grassy Terrain|[from] ability: Grassy Surge|[of] p2a: Rillaboom\n|move|p1a: Sandslash|Spikes|p2a: Rillaboom\n|-sidestart|p2: duusijfig|Spikes\n|\n|-heal|p2a: Rillaboom|259/288|[from] Grassy Terrain\n|upkeep\n|turn|15\n|inactive|cuerodeolancho has 120 seconds left.\n|\n|t:|1781445884\n|move|p2a: Rillaboom|Wood Hammer|p1a: Sandslash\n|-supereffective|p1a: Sandslash\n|-damage|p1a: Sandslash|0 fnt\n|faint|p1a: Sandslash\n|-damage|p2a: Rillaboom|167/288|[from] Recoil\n|-damage|p2a: Rillaboom|139/288|[from] item: Life Orb\n|\n|-heal|p2a: Rillaboom|157/288|[from] Grassy Terrain\n|upkeep\n|inactive|cuerodeolancho has 120 seconds left.\n|\n|t:|1781445893\n|switch|p1a: Hitmonlee|Hitmonlee, L85, M|223/223\n|turn|16\n|\n|t:|1781445904\n|move|p2a: Rillaboom|Grassy Glide|p1a: Hitmonlee\n|-damage|p1a: Hitmonlee|74/223\n|-damage|p2a: Rillaboom|129/288|[from] item: Life Orb\n|move|p1a: Hitmonlee|Stone Edge|p2a: Rillaboom\n|-damage|p2a: Rillaboom|0 fnt\n|faint|p2a: Rillaboom\n|\n|-heal|p1a: Hitmonlee|87/223|[from] Grassy Terrain\n|upkeep\n|\n|t:|1781445910\n|switch|p2a: Gardevoir|Gardevoir, L83, F|249/249\n|-damage|p2a: Gardevoir|218/249|[from] Spikes\n|-ability|p2a: Gardevoir|Reckless|Trace|[from] ability: Trace|[of] p1a: Hitmonlee\n|turn|17\n|\n|t:|1781445915\n|move|p2a: Gardevoir|Moonblast|p1a: Hitmonlee\n|-supereffective|p1a: Hitmonlee\n|-damage|p1a: Hitmonlee|0 fnt\n|faint|p1a: Hitmonlee\n|\n|-heal|p2a: Gardevoir|233/249|[from] Grassy Terrain\n|upkeep\n|\n|t:|1781445916\n|switch|p1a: Salazzle|Salazzle, L83, F|249/249\n|turn|18\n|\n|t:|1781445919\n|switch|p2a: Arceus|Arceus-Poison, L70|284/284\n|-damage|p2a: Arceus|249/284|[from] Spikes\n|move|p1a: Salazzle|Nasty Plot|p1a: Salazzle\n|-boost|p1a: Salazzle|spa|2\n|\n|-heal|p2a: Arceus|266/284|[from] Grassy Terrain\n|-fieldend|move: Grassy Terrain\n|upkeep\n|turn|19\n|\n|t:|1781445924\n|-terastallize|p1a: Salazzle|Grass\n|move|p1a: Salazzle|Nasty Plot|p1a: Salazzle\n|-boost|p1a: Salazzle|spa|2\n|move|p2a: Arceus|Dragon Dance|p2a: Arceus\n|-boost|p2a: Arceus|atk|1\n|-boost|p2a: Arceus|spe|1\n|\n|upkeep\n|turn|20\n|\n|t:|1781445926\n|move|p2a: Arceus|Gunk Shot|p1a: Salazzle\n|-supereffective|p1a: Salazzle\n|-damage|p1a: Salazzle|0 fnt\n|faint|p1a: Salazzle\n|\n|upkeep\n|c|\u2606cuerodeolancho|gg\n|c|\u2606duusijfig|gg\n|-message|cuerodeolancho forfeited.\n|\n|win|duusijfig\n", "uploadtime": 1781445725, "views": 3, "formatid": "gen9randombattle", "rating": null, "private": 0, "password": null}