{"id": "gen9randombattle-2631737397", "format": "[Gen 9] Random Battle", "players": ["shyyak", "sh4u"], "log": "|j|\u2606shyyak\n|j|\u2606sh4u\n|t:|1781431335\n|gametype|singles\n|player|p1|shyyak|265|1931\n|player|p2|sh4u|pokefan|1902\n|gen|9\n|tier|[Gen 9] Random Battle\n|rated|\n|rule|Species Clause: Limit one of each Pok\u00e9mon\n|rule|HP Percentage Mod: HP is shown in percentages\n|rule|Sleep Clause Mod: Limit one foe put to sleep\n|rule|Illusion Level Mod: Illusion disguises the Pok\u00e9mon's true level\n|\n|t:|1781431335\n|teamsize|p1|6\n|teamsize|p2|6\n|start\n|switch|p1a: Minior|Minior-Blue, L79|224/224\n|switch|p2a: Pelipper|Pelipper, L86, F|243/243\n|-weather|RainDance|[from] ability: Drizzle|[of] p2a: Pelipper\n|-formechange|p1a: Minior|Minior-Meteor||[from] ability: Shields Down\n|turn|1\n|inactive|Battle timer is ON: inactive players will automatically lose when time's up. (requested by shyyak)\n|\n|t:|1781431347\n|switch|p1a: Sylveon|Sylveon, L85, F|300/300\n|move|p2a: Pelipper|Hydro Pump|p1a: Sylveon\n|-damage|p1a: Sylveon|179/300\n|\n|-weather|RainDance|[upkeep]\n|-heal|p1a: Sylveon|197/300|[from] item: Leftovers\n|upkeep\n|turn|2\n|\n|t:|1781431357\n|move|p1a: Sylveon|Protect|p1a: Sylveon\n|-singleturn|p1a: Sylveon|Protect\n|move|p2a: Pelipper|Knock Off|p1a: Sylveon\n|-activate|p1a: Sylveon|move: Protect\n|\n|-weather|RainDance|[upkeep]\n|-heal|p1a: Sylveon|215/300|[from] item: Leftovers\n|upkeep\n|turn|3\n|\n|t:|1781431366\n|move|p2a: Pelipper|Knock Off|p1a: Sylveon\n|-resisted|p1a: Sylveon\n|-damage|p1a: Sylveon|188/300\n|-enditem|p1a: Sylveon|Leftovers|[from] move: Knock Off|[of] p2a: Pelipper\n|move|p1a: Sylveon|Wish|p1a: Sylveon\n|\n|-weather|RainDance|[upkeep]\n|upkeep\n|turn|4\n|\n|t:|1781431382\n|switch|p2a: Cobalion|Cobalion, L80|277/277\n|move|p1a: Sylveon|Hyper Voice|p2a: Cobalion\n|-damage|p2a: Cobalion|123/277\n|\n|-weather|RainDance|[upkeep]\n|-heal|p1a: Sylveon|300/300|[from] move: Wish|[wisher] Sylveon\n|-heal|p2a: Cobalion|140/277|[from] item: Leftovers\n|upkeep\n|turn|5\n|\n|t:|1781431397\n|move|p2a: Cobalion|Iron Head|p1a: Sylveon\n|-supereffective|p1a: Sylveon\n|-crit|p1a: Sylveon\n|-damage|p1a: Sylveon|46/300\n|move|p1a: Sylveon|Hyper Voice|p2a: Cobalion\n|-damage|p2a: Cobalion|0 fnt\n|faint|p2a: Cobalion\n|\n|-weather|none\n|upkeep\n|\n|t:|1781431408\n|switch|p2a: Mewtwo|Mewtwo, L72|272/272\n|-ability|p2a: Mewtwo|Pressure\n|turn|6\n|\n|t:|1781431416\n|switch|p1a: Muk|Muk-Alola, L82, F|306/306\n|move|p2a: Mewtwo|Psystrike|p1a: Muk\n|-immune|p1a: Muk\n|\n|upkeep\n|turn|7\n|\n|t:|1781431436\n|switch|p2a: Pincurchin|Pincurchin, M|258/258\n|-fieldstart|move: Electric Terrain|[from] ability: Electric Surge|[of] p2a: Pincurchin\n|move|p1a: Muk|Knock Off|p2a: Pincurchin\n|-damage|p2a: Pincurchin|171/258\n|-enditem|p2a: Pincurchin|Leftovers|[from] move: Knock Off|[of] p1a: Muk\n|\n|upkeep\n|turn|8\n|\n|t:|1781431445\n|move|p1a: Muk|Poison Jab|p2a: Pincurchin\n|-damage|p2a: Pincurchin|105/258\n|move|p2a: Pincurchin|Curse|p2a: Pincurchin\n|-unboost|p2a: Pincurchin|spe|1\n|-boost|p2a: Pincurchin|atk|1\n|-boost|p2a: Pincurchin|def|1\n|\n|upkeep\n|turn|9\n|\n|t:|1781431454\n|switch|p1a: Armarouge|Armarouge, L80, F|267/267\n|move|p2a: Pincurchin|Recover|p2a: Pincurchin\n|-heal|p2a: Pincurchin|234/258\n|\n|upkeep\n|turn|10\n|\n|t:|1781431470\n|move|p1a: Armarouge|Energy Ball|p2a: Pincurchin\n|-damage|p2a: Pincurchin|136/258\n|move|p2a: Pincurchin|Liquidation|p1a: Armarouge\n|-supereffective|p1a: Armarouge\n|-damage|p1a: Armarouge|5/267\n|-unboost|p1a: Armarouge|def|1\n|-ability|p1a: Armarouge|Weak Armor|boost\n|-unboost|p1a: Armarouge|def|1\n|-boost|p1a: Armarouge|spe|2\n|\n|upkeep\n|turn|11\n|\n|t:|1781431481\n|move|p1a: Armarouge|Energy Ball|p2a: Pincurchin\n|-damage|p2a: Pincurchin|46/258\n|move|p2a: Pincurchin|Recover|p2a: Pincurchin\n|-heal|p2a: Pincurchin|175/258\n|\n|-fieldend|move: Electric Terrain\n|upkeep\n|turn|12\n|\n|t:|1781431492\n|move|p1a: Armarouge|Energy Ball|p2a: Pincurchin\n|-damage|p2a: Pincurchin|74/258\n|move|p2a: Pincurchin|Recover|p2a: Pincurchin\n|-heal|p2a: Pincurchin|203/258\n|\n|upkeep\n|turn|13\n|\n|t:|1781431500\n|move|p1a: Armarouge|Energy Ball|p2a: Pincurchin\n|-damage|p2a: Pincurchin|113/258\n|move|p2a: Pincurchin|Zing Zap|p1a: Armarouge\n|-damage|p1a: Armarouge|0 fnt\n|faint|p1a: Armarouge\n|\n|upkeep\n|\n|t:|1781431508\n|switch|p1a: Minior|Minior-Blue, L79|224/224\n|-formechange|p1a: Minior|Minior-Meteor||[from] ability: Shields Down\n|turn|14\n|\n|t:|1781431514\n|move|p1a: Minior|Earthquake|p2a: Pincurchin\n|-supereffective|p2a: Pincurchin\n|-damage|p2a: Pincurchin|65/258\n|move|p2a: Pincurchin|Zing Zap|p1a: Minior\n|-supereffective|p1a: Minior\n|-damage|p1a: Minior|0 fnt\n|faint|p1a: Minior\n|\n|upkeep\n|\n|t:|1781431518\n|switch|p1a: Kyogre|Kyogre, L71|259/259\n|-weather|RainDance|[from] ability: Drizzle|[of] p1a: Kyogre\n|turn|15\n|\n|t:|1781431527\n|move|p1a: Kyogre|Water Spout|p2a: Pincurchin\n|-damage|p2a: Pincurchin|0 fnt\n|faint|p2a: Pincurchin\n|\n|-weather|RainDance|[upkeep]\n|upkeep\n|\n|t:|1781431536\n|switch|p2a: Hydrapple|Hydrapple, L83, M|312/312\n|turn|16\n|\n|t:|1781431546\n|switch|p1a: Muk|Muk-Alola, L82, F|306/306\n|move|p2a: Hydrapple|Earth Power|p1a: Muk\n|-supereffective|p1a: Muk\n|-damage|p1a: Muk|204/306\n|\n|-weather|RainDance|[upkeep]\n|upkeep\n|turn|17\n|\n|t:|1781431557\n|-terastallize|p2a: Hydrapple|Steel\n|move|p1a: Muk|Ice Punch|p2a: Hydrapple\n|-resisted|p2a: Hydrapple\n|-damage|p2a: Hydrapple|289/312\n|move|p2a: Hydrapple|Earth Power|p1a: Muk\n|-supereffective|p1a: Muk\n|-damage|p1a: Muk|116/306\n|-unboost|p1a: Muk|spd|1\n|\n|-weather|RainDance|[upkeep]\n|upkeep\n|turn|18\n|\n|t:|1781431568\n|switch|p1a: Jumpluff|Jumpluff, L87, F|271/271\n|move|p2a: Hydrapple|Earth Power|p1a: Jumpluff\n|-immune|p1a: Jumpluff\n|\n|-weather|RainDance|[upkeep]\n|upkeep\n|turn|19\n|\n|t:|1781431577\n|move|p1a: Jumpluff|Leech Seed|p2a: Hydrapple\n|-start|p2a: Hydrapple|move: Leech Seed\n|move|p2a: Hydrapple|Dragon Tail|p1a: Jumpluff|[miss]\n|-miss|p2a: Hydrapple|p1a: Jumpluff\n|\n|-weather|none\n|-damage|p2a: Hydrapple|250/312|[from] Leech Seed|[of] p1a: Jumpluff\n|upkeep\n|turn|20\n|\n|t:|1781431586\n|switch|p2a: Pelipper|Pelipper, L86, F|243/243\n|-weather|RainDance|[from] ability: Drizzle|[of] p2a: Pelipper\n|move|p1a: Jumpluff|Substitute|p1a: Jumpluff\n|-start|p1a: Jumpluff|Substitute\n|-damage|p1a: Jumpluff|204/271\n|\n|-weather|RainDance|[upkeep]\n|upkeep\n|turn|21\n|\n|t:|1781431596\n|move|p1a: Jumpluff|Leech Seed|p2a: Pelipper\n|-start|p2a: Pelipper|move: Leech Seed\n|move|p2a: Pelipper|Hurricane|p1a: Jumpluff\n|-supereffective|p1a: Jumpluff\n|-end|p1a: Jumpluff|Substitute\n|\n|-weather|RainDance|[upkeep]\n|-damage|p2a: Pelipper|213/243|[from] Leech Seed|[of] p1a: Jumpluff\n|-heal|p1a: Jumpluff|234/271|[silent]\n|upkeep\n|turn|22\n|\n|t:|1781431606\n|move|p1a: Jumpluff|Substitute|p1a: Jumpluff\n|-start|p1a: Jumpluff|Substitute\n|-damage|p1a: Jumpluff|167/271\n|move|p2a: Pelipper|Hurricane|p1a: Jumpluff\n|-supereffective|p1a: Jumpluff\n|-end|p1a: Jumpluff|Substitute\n|\n|-weather|RainDance|[upkeep]\n|-damage|p2a: Pelipper|183/243|[from] Leech Seed|[of] p1a: Jumpluff\n|-heal|p1a: Jumpluff|197/271|[silent]\n|upkeep\n|turn|23\n|\n|t:|1781431621\n|switch|p2a: Hydrapple|Hydrapple, L83, M, tera:Steel|312/312\n|move|p1a: Jumpluff|Substitute|p1a: Jumpluff\n|-start|p1a: Jumpluff|Substitute\n|-damage|p1a: Jumpluff|130/271\n|\n|-weather|RainDance|[upkeep]\n|upkeep\n|turn|24\n|\n|t:|1781431631\n|move|p1a: Jumpluff|Leech Seed|p2a: Hydrapple\n|-start|p2a: Hydrapple|move: Leech Seed\n|move|p2a: Hydrapple|Fickle Beam|p1a: Jumpluff\n|-end|p1a: Jumpluff|Substitute\n|\n|-weather|none\n|-damage|p2a: Hydrapple|273/312|[from] Leech Seed|[of] p1a: Jumpluff\n|-heal|p1a: Jumpluff|169/271|[silent]\n|upkeep\n|turn|25\n|\n|t:|1781431641\n|move|p1a: Jumpluff|Strength Sap|p2a: Hydrapple\n|-unboost|p2a: Hydrapple|atk|1\n|-heal|p1a: Jumpluff|271/271\n|move|p2a: Hydrapple|Fickle Beam|p1a: Jumpluff|[anim] Fickle Beam All Out\n|-activate|p2a: Hydrapple|move: Fickle Beam\n|-damage|p1a: Jumpluff|106/271\n|\n|-damage|p2a: Hydrapple|234/312|[from] Leech Seed|[of] p1a: Jumpluff\n|-heal|p1a: Jumpluff|145/271|[silent]\n|upkeep\n|turn|26\n|\n|t:|1781431653\n|switch|p1a: Sylveon|Sylveon, L85, F|46/300\n|move|p2a: Hydrapple|Dragon Tail|p1a: Sylveon\n|-immune|p1a: Sylveon\n|\n|-damage|p2a: Hydrapple|195/312|[from] Leech Seed|[of] p1a: Sylveon\n|-heal|p1a: Sylveon|85/300|[silent]\n|upkeep\n|turn|27\n|\n|t:|1781431661\n|move|p1a: Sylveon|Wish|p1a: Sylveon\n|move|p2a: Hydrapple|Leaf Storm|p1a: Sylveon\n|-damage|p1a: Sylveon|0 fnt\n|-unboost|p2a: Hydrapple|spa|2\n|faint|p1a: Sylveon\n|\n|upkeep\n|\n|t:|1781431664\n|switch|p1a: Muk|Muk-Alola, L82, F|116/306\n|turn|28\n|\n|t:|1781431678\n|switch|p2a: Pelipper|Pelipper, L86, F|183/243\n|-weather|RainDance|[from] ability: Drizzle|[of] p2a: Pelipper\n|move|p1a: Muk|Knock Off|p2a: Pelipper\n|-damage|p2a: Pelipper|90/243\n|-enditem|p2a: Pelipper|Heavy-Duty Boots|[from] move: Knock Off|[of] p1a: Muk\n|\n|-weather|RainDance|[upkeep]\n|-heal|p1a: Muk|266/306|[from] move: Wish|[wisher] Sylveon\n|upkeep\n|turn|29\n|\n|t:|1781431691\n|switch|p2a: Araquanid|Araquanid, L82, F|246/246\n|move|p1a: Muk|Poison Jab|p2a: Araquanid\n|-damage|p2a: Araquanid|165/246\n|\n|-weather|RainDance|[upkeep]\n|upkeep\n|turn|30\n|\n|t:|1781431703\n|move|p1a: Muk|Poison Jab|p2a: Araquanid\n|-crit|p2a: Araquanid\n|-damage|p2a: Araquanid|44/246\n|move|p2a: Araquanid|Liquidation|p1a: Muk\n|-damage|p1a: Muk|14/306\n|\n|-weather|RainDance|[upkeep]\n|upkeep\n|turn|31\n|\n|t:|1781431712\n|move|p1a: Muk|Poison Jab|p2a: Araquanid\n|-damage|p2a: Araquanid|0 fnt\n|faint|p2a: Araquanid\n|\n|-weather|RainDance|[upkeep]\n|upkeep\n|\n|t:|1781431729\n|switch|p2a: Mewtwo|Mewtwo, L72|272/272\n|-ability|p2a: Mewtwo|Pressure\n|turn|32\n|\n|t:|1781431735\n|move|p2a: Mewtwo|Aura Sphere|p1a: Muk\n|-crit|p1a: Muk\n|-damage|p1a: Muk|0 fnt\n|faint|p1a: Muk\n|-damage|p2a: Mewtwo|245/272|[from] item: Life Orb\n|\n|-weather|none\n|upkeep\n|\n|t:|1781431757\n|switch|p1a: Kyogre|Kyogre, L71|259/259\n|-weather|RainDance|[from] ability: Drizzle|[of] p1a: Kyogre\n|turn|33\n|\n|t:|1781431767\n|move|p1a: Kyogre|Water Spout|p2a: Mewtwo\n|-damage|p2a: Mewtwo|0 fnt\n|faint|p2a: Mewtwo\n|\n|-weather|RainDance|[upkeep]\n|upkeep\n|\n|t:|1781431778\n|switch|p2a: Pelipper|Pelipper, L86, F|90/243\n|turn|34\n|\n|t:|1781431787\n|move|p1a: Kyogre|Water Spout|p2a: Pelipper\n|-resisted|p2a: Pelipper\n|-damage|p2a: Pelipper|0 fnt\n|faint|p2a: Pelipper\n|\n|-weather|RainDance|[upkeep]\n|upkeep\n|\n|t:|1781431796\n|switch|p2a: Hydrapple|Hydrapple, L83, M, tera:Steel|299/312\n|turn|35\n|\n|t:|1781431810\n|-terastallize|p1a: Kyogre|Water\n|move|p1a: Kyogre|Water Spout|p2a: Hydrapple\n|-damage|p2a: Hydrapple|65/312\n|move|p2a: Hydrapple|Fickle Beam|p1a: Kyogre|[anim] Fickle Beam All Out\n|-activate|p2a: Hydrapple|move: Fickle Beam\n|-damage|p1a: Kyogre|84/259\n|\n|-weather|RainDance|[upkeep]\n|upkeep\n|turn|36\n|\n|t:|1781431825\n|move|p1a: Kyogre|Water Spout|p2a: Hydrapple\n|-damage|p2a: Hydrapple|0 fnt\n|faint|p2a: Hydrapple\n|\n|win|shyyak\n", "uploadtime": 1781431337, "views": 4, "formatid": "gen9randombattle", "rating": null, "private": 0, "password": null}