{"id": "gen9randombattle-2631968111", "format": "[Gen 9] Random Battle", "players": ["SirFenix", "adri4n10"], "log": "|j|\u2606SirFenix\n|j|\u2606adri4n10\n|t:|1781460971\n|gametype|singles\n|player|p1|SirFenix|blackbelt-gen4|\n|player|p2|adri4n10|volkner|\n|gen|9\n|tier|[Gen 9] Random Battle\n|rule|Species Clause: Limit one of each Pok\u00e9mon\n|rule|HP Percentage Mod: HP is shown in percentages\n|rule|Sleep Clause Mod: Limit one foe put to sleep\n|rule|Illusion Level Mod: Illusion disguises the Pok\u00e9mon's true level\n|\n|t:|1781460971\n|teamsize|p1|6\n|teamsize|p2|6\n|start\n|switch|p1a: Archaludon|Archaludon, L78, M|268/268\n|switch|p2a: Flareon|Flareon, L90, F|263/263\n|turn|1\n|\n|t:|1781460994\n|move|p1a: Archaludon|Swords Dance|p1a: Archaludon\n|-boost|p1a: Archaludon|atk|2\n|move|p2a: Flareon|Trailblaze|p1a: Archaludon\n|-resisted|p1a: Archaludon\n|-damage|p1a: Archaludon|257/268\n|-boost|p2a: Flareon|spe|1\n|-ability|p1a: Archaludon|Stamina|boost\n|-boost|p1a: Archaludon|def|1\n|\n|-status|p2a: Flareon|tox|[from] item: Toxic Orb\n|upkeep\n|turn|2\n|\n|t:|1781461006\n|move|p2a: Flareon|Flare Blitz|p1a: Archaludon\n|-damage|p1a: Archaludon|110/268\n|-status|p1a: Archaludon|brn\n|-enditem|p1a: Archaludon|Lum Berry|[eat]\n|-curestatus|p1a: Archaludon|brn|[msg]\n|-ability|p1a: Archaludon|Stamina|boost\n|-boost|p1a: Archaludon|def|1\n|-damage|p2a: Flareon|214/263 tox|[from] Recoil\n|move|p1a: Archaludon|Earthquake|p2a: Flareon\n|-supereffective|p2a: Flareon\n|-damage|p2a: Flareon|0 fnt\n|faint|p2a: Flareon\n|\n|upkeep\n|\n|t:|1781461032\n|switch|p2a: Reshiram|Reshiram, L76|277/277\n|-ability|p2a: Reshiram|Turboblaze\n|turn|3\n|\n|t:|1781461049\n|move|p2a: Reshiram|Blue Flare|p1a: Archaludon\n|-damage|p1a: Archaludon|0 fnt\n|faint|p1a: Archaludon\n|\n|upkeep\n|\n|t:|1781461079\n|switch|p1a: Swampert|Swampert, L83, M|302/302\n|turn|4\n|\n|t:|1781461095\n|move|p2a: Reshiram|Will-O-Wisp|p1a: Swampert\n|-status|p1a: Swampert|brn\n|move|p1a: Swampert|Earthquake|p2a: Reshiram\n|-supereffective|p2a: Reshiram\n|-damage|p2a: Reshiram|159/277\n|\n|-damage|p1a: Swampert|284/302 brn|[from] brn\n|upkeep\n|turn|5\n|\n|t:|1781461104\n|switch|p2a: Drifblim|Drifblim, L86, F|398/398\n|move|p1a: Swampert|Stealth Rock|p2a: Drifblim\n|-sidestart|p2: adri4n10|move: Stealth Rock\n|\n|-heal|p1a: Swampert|302/302 brn|[from] item: Leftovers\n|-damage|p1a: Swampert|284/302 brn|[from] brn\n|upkeep\n|turn|6\n|\n|t:|1781461112\n|move|p2a: Drifblim|Defog|p1a: Swampert\n|-unboost|p1a: Swampert|evasion|1\n|-sideend|p2: adri4n10|Stealth Rock|[from] move: Defog|[of] p2a: Drifblim\n|move|p1a: Swampert|Knock Off|p2a: Drifblim\n|-supereffective|p2a: Drifblim\n|-damage|p2a: Drifblim|286/398\n|-enditem|p2a: Drifblim|Heavy-Duty Boots|[from] move: Knock Off|[of] p1a: Swampert\n|\n|-heal|p1a: Swampert|302/302 brn|[from] item: Leftovers\n|-damage|p1a: Swampert|284/302 brn|[from] brn\n|upkeep\n|turn|7\n|\n|t:|1781461138\n|switch|p1a: Regice|Regice, L88|284/284\n|move|p2a: Drifblim|Strength Sap|p1a: Regice\n|-fail|p1a: Regice|unboost|[from] ability: Clear Body|[of] p1a: Regice\n|-heal|p2a: Drifblim|379/398\n|\n|upkeep\n|turn|8\n|\n|t:|1781461149\n|switch|p2a: Chansey|Chansey, L85, F|564/564\n|move|p1a: Regice|Thunder Wave|p2a: Chansey\n|-status|p2a: Chansey|par\n|\n|upkeep\n|turn|9\n|\n|t:|1781461156\n|move|p1a: Regice|Body Press|p2a: Chansey\n|-supereffective|p2a: Chansey\n|-damage|p2a: Chansey|272/564 par\n|move|p2a: Chansey|Stealth Rock|p1a: Regice\n|-sidestart|p1: SirFenix|move: Stealth Rock\n|\n|upkeep\n|turn|10\n|\n|t:|1781461163\n|-curestatus|p2a: Chansey|par|[from] ability: Natural Cure|[silent]\n|switch|p2a: Dusknoir|Dusknoir, L89, F|225/225\n|-item|p1a: Regice|Heavy-Duty Boots|[from] ability: Frisk|[of] p2a: Dusknoir\n|move|p1a: Regice|Body Press|p2a: Dusknoir\n|-immune|p2a: Dusknoir\n|\n|upkeep\n|turn|11\n|\n|t:|1781461173\n|move|p1a: Regice|Thunder Wave|p2a: Dusknoir\n|-status|p2a: Dusknoir|par\n|move|p2a: Dusknoir|Poltergeist|p1a: Regice\n|-activate|p1a: Regice|move: Poltergeist|Heavy-Duty Boots\n|-damage|p1a: Regice|124/284\n|\n|upkeep\n|turn|12\n|\n|t:|1781461200\n|switch|p1a: Swampert|Swampert, L83, M|284/302 brn\n|-damage|p1a: Swampert|266/302 brn|[from] Stealth Rock\n|move|p2a: Dusknoir|Poltergeist|p1a: Swampert\n|-activate|p1a: Swampert|move: Poltergeist|Leftovers\n|-damage|p1a: Swampert|79/302 brn\n|\n|-heal|p1a: Swampert|97/302 brn|[from] item: Leftovers\n|-damage|p1a: Swampert|79/302 brn|[from] brn\n|upkeep\n|turn|13\n|\n|t:|1781461216\n|switch|p2a: Drifblim|Drifblim, L86, F|379/398\n|move|p1a: Swampert|Knock Off|p2a: Drifblim\n|-supereffective|p2a: Drifblim\n|-damage|p2a: Drifblim|302/398\n|\n|-heal|p1a: Swampert|97/302 brn|[from] item: Leftovers\n|-damage|p1a: Swampert|79/302 brn|[from] brn\n|upkeep\n|turn|14\n|\n|t:|1781461223\n|move|p2a: Drifblim|Shadow Ball|p1a: Swampert\n|-damage|p1a: Swampert|0 fnt\n|faint|p1a: Swampert\n|\n|upkeep\n|\n|t:|1781461241\n|switch|p1a: Regice|Regice, L88|124/284\n|turn|15\n|\n|t:|1781461245\n|move|p2a: Drifblim|Shadow Ball|p1a: Regice\n|-damage|p1a: Regice|79/284\n|move|p1a: Regice|Thunderbolt|p2a: Drifblim\n|-supereffective|p2a: Drifblim\n|-damage|p2a: Drifblim|110/398\n|\n|upkeep\n|turn|16\n|\n|t:|1781461253\n|move|p2a: Drifblim|Shadow Ball|p1a: Regice\n|-damage|p1a: Regice|36/284\n|move|p1a: Regice|Thunderbolt|p2a: Drifblim\n|-supereffective|p2a: Drifblim\n|-damage|p2a: Drifblim|0 fnt\n|faint|p2a: Drifblim\n|\n|upkeep\n|\n|t:|1781461263\n|switch|p2a: Reshiram|Reshiram, L76|159/277\n|-ability|p2a: Reshiram|Turboblaze\n|turn|17\n|\n|t:|1781461269\n|move|p2a: Reshiram|Draco Meteor|p1a: Regice\n|-crit|p1a: Regice\n|-damage|p1a: Regice|0 fnt\n|-unboost|p2a: Reshiram|spa|2\n|faint|p1a: Regice\n|\n|upkeep\n|\n|t:|1781461294\n|switch|p1a: Lycanroc|Lycanroc-Dusk, L81, F|254/254\n|-damage|p1a: Lycanroc|223/254|[from] Stealth Rock\n|turn|18\n|\n|t:|1781461304\n|move|p1a: Lycanroc|Stone Edge|p2a: Reshiram\n|-supereffective|p2a: Reshiram\n|-damage|p2a: Reshiram|0 fnt\n|faint|p2a: Reshiram\n|-damage|p1a: Lycanroc|198/254|[from] item: Life Orb\n|\n|upkeep\n|\n|t:|1781461320\n|switch|p2a: Dusknoir|Dusknoir, L89, F|225/225 par\n|-item|p1a: Lycanroc|Life Orb|[from] ability: Frisk|[of] p2a: Dusknoir\n|turn|19\n|\n|t:|1781461346\n|switch|p1a: Emboar|Emboar, L84, M|322/322\n|-damage|p1a: Emboar|282/322|[from] Stealth Rock\n|move|p2a: Dusknoir|Poltergeist|p1a: Emboar\n|-activate|p1a: Emboar|move: Poltergeist|Assault Vest\n|-damage|p1a: Emboar|50/322\n|\n|upkeep\n|turn|20\n|\n|t:|1781461358\n|switch|p2a: Chansey|Chansey, L85, F|272/564\n|move|p1a: Emboar|Sucker Punch||[still]\n|-fail|p1a: Emboar\n|\n|upkeep\n|turn|21\n|\n|t:|1781461365\n|-terastallize|p2a: Chansey|Ghost\n|move|p1a: Emboar|Close Combat|p2a: Chansey\n|-immune|p2a: Chansey\n|move|p2a: Chansey|Thunder Wave|p1a: Emboar|[miss]\n|-miss|p2a: Chansey|p1a: Emboar\n|\n|upkeep\n|turn|22\n|\n|t:|1781461374\n|move|p1a: Emboar|Flare Blitz|p2a: Chansey\n|-damage|p2a: Chansey|0 fnt\n|faint|p2a: Chansey\n|-damage|p1a: Emboar|0 fnt|[from] Recoil\n|faint|p1a: Emboar\n|\n|upkeep\n|\n|t:|1781461382\n|switch|p1a: Grumpig|Grumpig, L92, M|297/297\n|switch|p2a: Dusknoir|Dusknoir, L89, F|225/225 par\n|-damage|p1a: Grumpig|260/297|[from] Stealth Rock\n|-item|p1a: Grumpig|Leftovers|[from] ability: Frisk|[of] p2a: Dusknoir\n|turn|23\n|\n|t:|1781461396\n|-terastallize|p1a: Grumpig|Ground\n|move|p1a: Grumpig|Nasty Plot|p1a: Grumpig\n|-boost|p1a: Grumpig|spa|2\n|move|p2a: Dusknoir|Leech Life|p1a: Grumpig\n|-crit|p1a: Grumpig\n|-damage|p1a: Grumpig|80/297\n|\n|-heal|p1a: Grumpig|98/297|[from] item: Leftovers\n|upkeep\n|turn|24\n|\n|t:|1781461406\n|move|p1a: Grumpig|Shadow Ball|p2a: Dusknoir\n|-supereffective|p2a: Dusknoir\n|-damage|p2a: Dusknoir|67/225 par\n|move|p2a: Dusknoir|Leech Life|p1a: Grumpig\n|-damage|p1a: Grumpig|0 fnt\n|-heal|p2a: Dusknoir|116/225 par|[from] drain|[of] p1a: Grumpig\n|faint|p1a: Grumpig\n|\n|upkeep\n|\n|t:|1781461414\n|switch|p1a: Lycanroc|Lycanroc-Dusk, L81, F|198/254\n|-damage|p1a: Lycanroc|167/254|[from] Stealth Rock\n|turn|25\n|\n|t:|1781461419\n|move|p1a: Lycanroc|Stone Edge|p2a: Dusknoir\n|-damage|p2a: Dusknoir|9/225 par\n|-damage|p1a: Lycanroc|142/254|[from] item: Life Orb\n|cant|p2a: Dusknoir|par\n|\n|upkeep\n|turn|26\n|\n|t:|1781461426\n|move|p1a: Lycanroc|Psychic Fangs|p2a: Dusknoir\n|-damage|p2a: Dusknoir|0 fnt\n|faint|p2a: Dusknoir\n|-damage|p1a: Lycanroc|117/254|[from] item: Life Orb\n|\n|upkeep\n|\n|t:|1781461429\n|switch|p2a: Dudunsparce|Dudunsparce, L83, M|343/343\n|turn|27\n|\n|t:|1781461434\n|move|p1a: Lycanroc|Close Combat|p2a: Dudunsparce\n|-supereffective|p2a: Dudunsparce\n|-damage|p2a: Dudunsparce|0 fnt\n|-unboost|p1a: Lycanroc|def|1\n|-unboost|p1a: Lycanroc|spd|1\n|faint|p2a: Dudunsparce\n|-damage|p1a: Lycanroc|92/254|[from] item: Life Orb\n|\n|win|SirFenix\n", "uploadtime": 1781461442, "views": 10, "formatid": "gen9randombattle", "rating": null, "private": 0, "password": null}