{"id": "gen9randombattle-2631571276", "format": "[Gen 9] Random Battle", "players": ["flaviodssts", "Addddlleyy"], "log": "|j|\u2606flaviodssts\n|j|\u2606Addddlleyy\n|t:|1781402880\n|gametype|singles\n|player|p1|flaviodssts|burglar|2008\n|player|p2|Addddlleyy|swimmer|1983\n|gen|9\n|tier|[Gen 9] Random Battle\n|rated|\n|rule|Species Clause: Limit one of each Pok\u00e9mon\n|rule|HP Percentage Mod: HP is shown in percentages\n|rule|Sleep Clause Mod: Limit one foe put to sleep\n|rule|Illusion Level Mod: Illusion disguises the Pok\u00e9mon's true level\n|\n|t:|1781402880\n|teamsize|p1|6\n|teamsize|p2|6\n|start\n|switch|p1a: Cryogonal|Cryogonal, L89|287/287\n|switch|p2a: Overqwil|Overqwil, L82, M|274/274\n|-ability|p2a: Overqwil|Intimidate|boost\n|-unboost|p1a: Cryogonal|atk|1\n|turn|1\n|inactive|Battle timer is ON: inactive players will automatically lose when time's up. (requested by Addddlleyy)\n|inactive|flaviodssts also wants the timer to be on.\n|inactive|flaviodssts has 120 seconds left.\n|\n|t:|1781402917\n|move|p1a: Cryogonal|Freeze-Dry|p2a: Overqwil\n|-damage|p2a: Overqwil|175/274\n|move|p2a: Overqwil|Crunch|p1a: Cryogonal\n|-damage|p1a: Cryogonal|169/287\n|-unboost|p1a: Cryogonal|def|1\n|\n|upkeep\n|turn|2\n|\n|t:|1781402924\n|switch|p1a: Blaziken|Blaziken, L76, M|247/247\n|move|p2a: Overqwil|Scale Shot|p1a: Blaziken\n|-damage|p1a: Blaziken|224/247\n|-damage|p1a: Blaziken|196/247\n|-damage|p1a: Blaziken|173/247\n|-damage|p1a: Blaziken|149/247\n|-crit|p1a: Blaziken\n|-damage|p1a: Blaziken|109/247\n|-hitcount|p1a: Blaziken|5\n|-unboost|p2a: Overqwil|def|1\n|-boost|p2a: Overqwil|spe|1\n|\n|upkeep\n|turn|3\n|\n|t:|1781402937\n|move|p2a: Overqwil|Gunk Shot|p1a: Blaziken\n|-damage|p1a: Blaziken|0 fnt\n|faint|p1a: Blaziken\n|\n|upkeep\n|\n|t:|1781402943\n|switch|p1a: Squawkabilly|Squawkabilly-Yellow, L89, M|291/291\n|turn|4\n|\n|t:|1781402949\n|move|p2a: Overqwil|Gunk Shot|p1a: Squawkabilly\n|-damage|p1a: Squawkabilly|95/291\n|move|p1a: Squawkabilly|Brave Bird|p2a: Overqwil\n|-damage|p2a: Overqwil|0 fnt\n|faint|p2a: Overqwil\n|-damage|p1a: Squawkabilly|37/291|[from] Recoil\n|\n|upkeep\n|\n|t:|1781402964\n|switch|p2a: Comfey|Comfey, L85, M|225/225\n|turn|5\n|\n|t:|1781402968\n|switch|p1a: Cryogonal|Cryogonal, L89|169/287\n|move|p2a: Comfey|Draining Kiss|p1a: Cryogonal\n|-damage|p1a: Cryogonal|136/287\n|\n|upkeep\n|turn|6\n|\n|t:|1781402984\n|switch|p2a: Solgaleo|Solgaleo, L74|325/325\n|move|p1a: Cryogonal|Recover|p1a: Cryogonal\n|-heal|p1a: Cryogonal|280/287\n|\n|upkeep\n|turn|7\n|\n|t:|1781402990\n|switch|p1a: Politoed|Politoed, L88, M|302/302\n|-weather|RainDance|[from] ability: Drizzle|[of] p1a: Politoed\n|move|p2a: Solgaleo|Flame Charge|p1a: Politoed\n|-resisted|p1a: Politoed\n|-damage|p1a: Politoed|294/302\n|-boost|p2a: Solgaleo|spe|1\n|\n|-weather|RainDance|[upkeep]\n|upkeep\n|turn|8\n|\n|t:|1781402996\n|move|p2a: Solgaleo|Knock Off|p1a: Politoed\n|-damage|p1a: Politoed|222/302\n|-enditem|p1a: Politoed|Choice Specs|[from] move: Knock Off|[of] p2a: Solgaleo\n|move|p1a: Politoed|Weather Ball|p2a: Solgaleo\n|-damage|p2a: Solgaleo|145/325\n|\n|-weather|RainDance|[upkeep]\n|upkeep\n|turn|9\n|\n|t:|1781403007\n|switch|p2a: Sinistcha|Sinistcha, L83|254/254\n|move|p1a: Politoed|Weather Ball|p2a: Sinistcha\n|-resisted|p2a: Sinistcha\n|-damage|p2a: Sinistcha|159/254\n|\n|-weather|RainDance|[upkeep]\n|-heal|p2a: Sinistcha|174/254|[from] item: Leftovers\n|upkeep\n|turn|10\n|\n|t:|1781403011\n|switch|p1a: Sawsbuck|Sawsbuck-Autumn, L88, M|284/284\n|move|p2a: Sinistcha|Matcha Gotcha|p1a: Sawsbuck|[miss]\n|-miss|p2a: Sinistcha|p1a: Sawsbuck\n|\n|-weather|RainDance|[upkeep]\n|-heal|p2a: Sinistcha|189/254|[from] item: Leftovers\n|upkeep\n|turn|11\n|\n|t:|1781403022\n|switch|p2a: Iron Valiant|Iron Valiant, L78|244/244\n|move|p1a: Sawsbuck|Swords Dance|p1a: Sawsbuck\n|-boost|p1a: Sawsbuck|atk|2\n|\n|-weather|none\n|upkeep\n|turn|12\n|\n|t:|1781403027\n|move|p2a: Iron Valiant|Close Combat|p1a: Sawsbuck\n|-supereffective|p1a: Sawsbuck\n|-damage|p1a: Sawsbuck|0 fnt\n|-unboost|p2a: Iron Valiant|def|1\n|-unboost|p2a: Iron Valiant|spd|1\n|faint|p1a: Sawsbuck\n|-damage|p2a: Iron Valiant|220/244|[from] item: Life Orb\n|\n|upkeep\n|\n|t:|1781403037\n|switch|p1a: Mismagius|Mismagius, L86, M|243/243\n|turn|13\n|\n|t:|1781403044\n|-end|p2a: Iron Valiant|Quark Drive|[silent]\n|switch|p2a: Ampharos|Ampharos, L88, M|302/302\n|move|p1a: Mismagius|Shadow Ball|p2a: Ampharos\n|-damage|p2a: Ampharos|170/302\n|\n|upkeep\n|turn|14\n|\n|t:|1781403055\n|-terastallize|p1a: Mismagius|Ghost\n|move|p1a: Mismagius|Shadow Ball|p2a: Ampharos\n|-damage|p2a: Ampharos|0 fnt\n|faint|p2a: Ampharos\n|\n|upkeep\n|\n|t:|1781403068\n|switch|p2a: Solgaleo|Solgaleo, L74|145/325\n|turn|15\n|\n|t:|1781403074\n|-terastallize|p2a: Solgaleo|Dark\n|move|p1a: Mismagius|Shadow Ball|p2a: Solgaleo\n|-resisted|p2a: Solgaleo\n|-damage|p2a: Solgaleo|41/325\n|move|p2a: Solgaleo|Knock Off|p1a: Mismagius\n|-supereffective|p1a: Mismagius\n|-damage|p1a: Mismagius|0 fnt\n|-enditem|p1a: Mismagius|Choice Specs|[from] move: Knock Off|[of] p2a: Solgaleo\n|faint|p1a: Mismagius\n|\n|upkeep\n|\n|t:|1781403080\n|switch|p1a: Cryogonal|Cryogonal, L89|280/287\n|turn|16\n|\n|t:|1781403086\n|move|p1a: Cryogonal|Freeze-Dry|p2a: Solgaleo\n|-damage|p2a: Solgaleo|0 fnt\n|faint|p2a: Solgaleo\n|\n|upkeep\n|\n|t:|1781403089\n|switch|p2a: Comfey|Comfey, L85, M|225/225\n|turn|17\n|\n|t:|1781403095\n|move|p1a: Cryogonal|Freeze-Dry|p2a: Comfey\n|-damage|p2a: Comfey|159/225\n|move|p2a: Comfey|Calm Mind|p2a: Comfey\n|-boost|p2a: Comfey|spa|1\n|-boost|p2a: Comfey|spd|1\n|\n|-heal|p2a: Comfey|173/225|[from] item: Leftovers\n|upkeep\n|turn|18\n|\n|t:|1781403099\n|move|p1a: Cryogonal|Haze|p1a: Cryogonal\n|-clearallboost\n|move|p2a: Comfey|Calm Mind|p2a: Comfey\n|-boost|p2a: Comfey|spa|1\n|-boost|p2a: Comfey|spd|1\n|\n|-heal|p2a: Comfey|187/225|[from] item: Leftovers\n|upkeep\n|turn|19\n|\n|t:|1781403104\n|move|p2a: Comfey|Draining Kiss|p1a: Cryogonal\n|-damage|p1a: Cryogonal|226/287\n|-heal|p2a: Comfey|225/225|[from] drain|[of] p1a: Cryogonal\n|move|p1a: Cryogonal|Freeze-Dry|p2a: Comfey\n|-damage|p2a: Comfey|177/225\n|\n|-heal|p2a: Comfey|191/225|[from] item: Leftovers\n|upkeep\n|turn|20\n|\n|t:|1781403110\n|move|p2a: Comfey|Draining Kiss|p1a: Cryogonal\n|-damage|p1a: Cryogonal|180/287\n|-heal|p2a: Comfey|225/225|[from] drain|[of] p1a: Cryogonal\n|move|p1a: Cryogonal|Haze|p1a: Cryogonal\n|-clearallboost\n|\n|upkeep\n|turn|21\n|\n|t:|1781403113\n|move|p1a: Cryogonal|Freeze-Dry|p2a: Comfey\n|-damage|p2a: Comfey|152/225\n|move|p2a: Comfey|Calm Mind|p2a: Comfey\n|-boost|p2a: Comfey|spa|1\n|-boost|p2a: Comfey|spd|1\n|\n|-heal|p2a: Comfey|166/225|[from] item: Leftovers\n|upkeep\n|turn|22\n|\n|t:|1781403120\n|switch|p2a: Iron Valiant|Iron Valiant, L78|220/244\n|move|p1a: Cryogonal|Freeze-Dry|p2a: Iron Valiant\n|-damage|p2a: Iron Valiant|114/244\n|\n|upkeep\n|turn|23\n|\n|t:|1781403127\n|switch|p1a: Squawkabilly|Squawkabilly-Yellow, L89, M|37/291\n|move|p2a: Iron Valiant|Close Combat|p1a: Squawkabilly\n|-damage|p1a: Squawkabilly|0 fnt\n|-unboost|p2a: Iron Valiant|def|1\n|-unboost|p2a: Iron Valiant|spd|1\n|faint|p1a: Squawkabilly\n|-damage|p2a: Iron Valiant|90/244|[from] item: Life Orb\n|\n|upkeep\n|\n|t:|1781403137\n|switch|p1a: Cryogonal|Cryogonal, L89|180/287\n|turn|24\n|\n|t:|1781403146\n|move|p1a: Cryogonal|Freeze-Dry|p2a: Iron Valiant\n|-damage|p2a: Iron Valiant|0 fnt\n|faint|p2a: Iron Valiant\n|-end|p2a: Iron Valiant|Quark Drive|[silent]\n|\n|upkeep\n|\n|t:|1781403148\n|switch|p2a: Sinistcha|Sinistcha, L83|189/254\n|turn|25\n|\n|t:|1781403153\n|move|p1a: Cryogonal|Freeze-Dry|p2a: Sinistcha\n|-supereffective|p2a: Sinistcha\n|-damage|p2a: Sinistcha|1/254\n|-status|p2a: Sinistcha|frz\n|-curestatus|p2a: Sinistcha|frz|[from] move: Matcha Gotcha\n|move|p2a: Sinistcha|Matcha Gotcha|p1a: Cryogonal\n|-damage|p1a: Cryogonal|117/287\n|-heal|p2a: Sinistcha|33/254|[from] drain|[of] p1a: Cryogonal\n|\n|-heal|p2a: Sinistcha|48/254|[from] item: Leftovers\n|upkeep\n|turn|26\n|\n|t:|1781403156\n|move|p1a: Cryogonal|Freeze-Dry|p2a: Sinistcha\n|-supereffective|p2a: Sinistcha\n|-crit|p2a: Sinistcha\n|-damage|p2a: Sinistcha|0 fnt\n|faint|p2a: Sinistcha\n|\n|upkeep\n|\n|t:|1781403157\n|switch|p2a: Comfey|Comfey, L85, M|166/225\n|turn|27\n|\n|t:|1781403160\n|move|p1a: Cryogonal|Recover|p1a: Cryogonal\n|-heal|p1a: Cryogonal|261/287\n|move|p2a: Comfey|Calm Mind|p2a: Comfey\n|-boost|p2a: Comfey|spa|1\n|-boost|p2a: Comfey|spd|1\n|\n|-heal|p2a: Comfey|180/225|[from] item: Leftovers\n|upkeep\n|turn|28\n|\n|t:|1781403169\n|move|p2a: Comfey|Draining Kiss|p1a: Cryogonal\n|-damage|p1a: Cryogonal|212/287\n|-heal|p2a: Comfey|217/225|[from] drain|[of] p1a: Cryogonal\n|move|p1a: Cryogonal|Freeze-Dry|p2a: Comfey\n|-damage|p2a: Comfey|169/225\n|\n|-heal|p2a: Comfey|183/225|[from] item: Leftovers\n|upkeep\n|turn|29\n|\n|t:|1781403176\n|move|p1a: Cryogonal|Haze|p1a: Cryogonal\n|-clearallboost\n|move|p2a: Comfey|Calm Mind|p2a: Comfey\n|-boost|p2a: Comfey|spa|1\n|-boost|p2a: Comfey|spd|1\n|\n|-heal|p2a: Comfey|197/225|[from] item: Leftovers\n|upkeep\n|turn|30\n|\n|t:|1781403180\n|move|p1a: Cryogonal|Freeze-Dry|p2a: Comfey\n|-damage|p2a: Comfey|149/225\n|move|p2a: Comfey|Calm Mind|p2a: Comfey\n|-boost|p2a: Comfey|spa|1\n|-boost|p2a: Comfey|spd|1\n|\n|-heal|p2a: Comfey|163/225|[from] item: Leftovers\n|upkeep\n|turn|31\n|\n|t:|1781403186\n|move|p2a: Comfey|Draining Kiss|p1a: Cryogonal\n|-damage|p1a: Cryogonal|142/287\n|-heal|p2a: Comfey|216/225|[from] drain|[of] p1a: Cryogonal\n|move|p1a: Cryogonal|Haze|p1a: Cryogonal\n|-clearallboost\n|\n|-heal|p2a: Comfey|225/225|[from] item: Leftovers\n|upkeep\n|turn|32\n|\n|t:|1781403189\n|move|p1a: Cryogonal|Recover|p1a: Cryogonal\n|-heal|p1a: Cryogonal|286/287\n|move|p2a: Comfey|Calm Mind|p2a: Comfey\n|-boost|p2a: Comfey|spa|1\n|-boost|p2a: Comfey|spd|1\n|\n|upkeep\n|turn|33\n|\n|t:|1781403194\n|move|p1a: Cryogonal|Freeze-Dry|p2a: Comfey\n|-damage|p2a: Comfey|182/225\n|move|p2a: Comfey|Calm Mind|p2a: Comfey\n|-boost|p2a: Comfey|spa|1\n|-boost|p2a: Comfey|spd|1\n|\n|-heal|p2a: Comfey|196/225|[from] item: Leftovers\n|upkeep\n|turn|34\n|\n|t:|1781403198\n|move|p1a: Cryogonal|Haze|p1a: Cryogonal\n|-clearallboost\n|move|p2a: Comfey|Calm Mind|p2a: Comfey\n|-boost|p2a: Comfey|spa|1\n|-boost|p2a: Comfey|spd|1\n|\n|-heal|p2a: Comfey|210/225|[from] item: Leftovers\n|upkeep\n|turn|35\n|\n|t:|1781403202\n|move|p1a: Cryogonal|Freeze-Dry|p2a: Comfey\n|-damage|p2a: Comfey|161/225\n|move|p2a: Comfey|Calm Mind|p2a: Comfey\n|-boost|p2a: Comfey|spa|1\n|-boost|p2a: Comfey|spd|1\n|\n|-heal|p2a: Comfey|175/225|[from] item: Leftovers\n|upkeep\n|turn|36\n|\n|t:|1781403206\n|move|p1a: Cryogonal|Haze|p1a: Cryogonal\n|-clearallboost\n|move|p2a: Comfey|Calm Mind|p2a: Comfey\n|-boost|p2a: Comfey|spa|1\n|-boost|p2a: Comfey|spd|1\n|\n|-heal|p2a: Comfey|189/225|[from] item: Leftovers\n|upkeep\n|turn|37\n|\n|t:|1781403209\n|move|p1a: Cryogonal|Freeze-Dry|p2a: Comfey\n|-damage|p2a: Comfey|146/225\n|move|p2a: Comfey|Calm Mind|p2a: Comfey\n|-boost|p2a: Comfey|spa|1\n|-boost|p2a: Comfey|spd|1\n|\n|-heal|p2a: Comfey|160/225|[from] item: Leftovers\n|upkeep\n|turn|38\n|\n|t:|1781403213\n|move|p2a: Comfey|Draining Kiss|p1a: Cryogonal\n|-damage|p1a: Cryogonal|223/287\n|-heal|p2a: Comfey|207/225|[from] drain|[of] p1a: Cryogonal\n|move|p1a: Cryogonal|Haze|p1a: Cryogonal\n|-clearallboost\n|\n|-heal|p2a: Comfey|221/225|[from] item: Leftovers\n|upkeep\n|turn|39\n|-message|Addddlleyy forfeited.\n|\n|win|flaviodssts\n", "uploadtime": 1781402883, "views": 4, "formatid": "gen9randombattle", "rating": null, "private": 0, "password": null}