{"id": "gen9randombattle-2631527215", "format": "[Gen 9] Random Battle", "players": ["MarshadX", "Iphone player"], "log": "|j|\u2606MarshadX\n|j|\u2606Iphone player\n|t:|1781396811\n|gametype|singles\n|player|p1|MarshadX|cyrus|1459\n|player|p2|Iphone player|2|1522\n|gen|9\n|tier|[Gen 9] Random Battle\n|rated|\n|rule|Species Clause: Limit one of each Pok\u00e9mon\n|rule|HP Percentage Mod: HP is shown in percentages\n|rule|Sleep Clause Mod: Limit one foe put to sleep\n|rule|Illusion Level Mod: Illusion disguises the Pok\u00e9mon's true level\n|\n|t:|1781396811\n|teamsize|p1|6\n|teamsize|p2|6\n|start\n|switch|p1a: Electrode|Electrode-Hisui, L87|246/246\n|switch|p2a: Walking Wake|Walking Wake, L79|286/286\n|turn|1\n|inactive|Battle timer is ON: inactive players will automatically lose when time's up. (requested by MarshadX)\n|\n|t:|1781396839\n|switch|p1a: Snorlax|Snorlax, L82, M|397/397\n|move|p2a: Walking Wake|Sunny Day|p2a: Walking Wake\n|-weather|SunnyDay\n|-activate|p2a: Walking Wake|ability: Protosynthesis\n|-start|p2a: Walking Wake|protosynthesisspa\n|\n|-weather|SunnyDay|[upkeep]\n|upkeep\n|turn|2\n|inactive|Iphone player has 120 seconds left.\n|\n|t:|1781396869\n|-end|p2a: Walking Wake|Protosynthesis|[silent]\n|switch|p2a: Gogoat|Gogoat, L88, M|360/360\n|move|p1a: Snorlax|Body Slam|p2a: Gogoat\n|-damage|p2a: Gogoat|248/360\n|-status|p2a: Gogoat|par\n|\n|-weather|SunnyDay|[upkeep]\n|-heal|p2a: Gogoat|270/360 par|[from] item: Leftovers\n|upkeep\n|turn|3\n|\n|t:|1781396880\n|move|p1a: Snorlax|Curse|p1a: Snorlax\n|-unboost|p1a: Snorlax|spe|1\n|-boost|p1a: Snorlax|atk|1\n|-boost|p1a: Snorlax|def|1\n|move|p2a: Gogoat|Bulk Up|p2a: Gogoat\n|-boost|p2a: Gogoat|atk|1\n|-boost|p2a: Gogoat|def|1\n|\n|-weather|SunnyDay|[upkeep]\n|-heal|p2a: Gogoat|292/360 par|[from] item: Leftovers\n|upkeep\n|turn|4\n|\n|t:|1781396891\n|move|p2a: Gogoat|Horn Leech|p1a: Snorlax\n|-damage|p1a: Snorlax|283/397\n|-heal|p2a: Gogoat|349/360 par|[from] drain|[of] p1a: Snorlax\n|move|p1a: Snorlax|Curse|p1a: Snorlax\n|-unboost|p1a: Snorlax|spe|1\n|-boost|p1a: Snorlax|atk|1\n|-boost|p1a: Snorlax|def|1\n|\n|-weather|SunnyDay|[upkeep]\n|-heal|p2a: Gogoat|360/360 par|[from] item: Leftovers\n|-heal|p1a: Snorlax|307/397|[from] item: Leftovers\n|upkeep\n|turn|5\n|\n|t:|1781396902\n|switch|p2a: Polteageist|Polteageist, L78|222/222\n|move|p1a: Snorlax|Curse|p1a: Snorlax\n|-unboost|p1a: Snorlax|spe|1\n|-boost|p1a: Snorlax|atk|1\n|-boost|p1a: Snorlax|def|1\n|\n|-weather|none\n|-heal|p1a: Snorlax|331/397|[from] item: Leftovers\n|upkeep\n|turn|6\n|\n|t:|1781396913\n|move|p2a: Polteageist|Strength Sap|p1a: Snorlax\n|-unboost|p1a: Snorlax|atk|1\n|move|p1a: Snorlax|Crunch|p2a: Polteageist\n|-supereffective|p2a: Polteageist\n|-damage|p2a: Polteageist|0 fnt\n|faint|p2a: Polteageist\n|\n|-heal|p1a: Snorlax|355/397|[from] item: Leftovers\n|upkeep\n|\n|t:|1781396918\n|switch|p2a: Magcargo|Magcargo, L95, M|268/268\n|turn|7\n|\n|t:|1781396928\n|move|p2a: Magcargo|Shell Smash|p2a: Magcargo\n|-unboost|p2a: Magcargo|def|1\n|-unboost|p2a: Magcargo|spd|1\n|-boost|p2a: Magcargo|atk|2\n|-boost|p2a: Magcargo|spa|2\n|-boost|p2a: Magcargo|spe|2\n|move|p1a: Snorlax|Earthquake|p2a: Magcargo\n|-supereffective|p2a: Magcargo\n|-damage|p2a: Magcargo|0 fnt\n|faint|p2a: Magcargo\n|\n|-heal|p1a: Snorlax|379/397|[from] item: Leftovers\n|upkeep\n|\n|t:|1781396930\n|switch|p2a: Veluza|Veluza, L85, F|292/292\n|turn|8\n|\n|t:|1781396948\n|move|p2a: Veluza|Psycho Cut|p1a: Snorlax\n|-damage|p1a: Snorlax|289/397\n|move|p1a: Snorlax|Crunch|p2a: Veluza\n|-supereffective|p2a: Veluza\n|-damage|p2a: Veluza|2/292\n|-unboost|p2a: Veluza|def|1\n|\n|-heal|p1a: Snorlax|313/397|[from] item: Leftovers\n|upkeep\n|turn|9\n|\n|t:|1781396959\n|move|p2a: Veluza|Psycho Cut|p1a: Snorlax\n|-damage|p1a: Snorlax|228/397\n|move|p1a: Snorlax|Crunch|p2a: Veluza\n|-supereffective|p2a: Veluza\n|-damage|p2a: Veluza|0 fnt\n|faint|p2a: Veluza\n|\n|-heal|p1a: Snorlax|252/397|[from] item: Leftovers\n|upkeep\n|\n|t:|1781396962\n|switch|p2a: Gogoat|Gogoat, L88, M|360/360 par\n|turn|10\n|\n|t:|1781396975\n|move|p2a: Gogoat|Bulk Up|p2a: Gogoat\n|-boost|p2a: Gogoat|atk|1\n|-boost|p2a: Gogoat|def|1\n|move|p1a: Snorlax|Body Slam|p2a: Gogoat\n|-damage|p2a: Gogoat|216/360 par\n|\n|-heal|p2a: Gogoat|238/360 par|[from] item: Leftovers\n|-heal|p1a: Snorlax|276/397|[from] item: Leftovers\n|upkeep\n|turn|11\n|\n|t:|1781396993\n|move|p2a: Gogoat|Bulk Up|p2a: Gogoat\n|-boost|p2a: Gogoat|atk|1\n|-boost|p2a: Gogoat|def|1\n|move|p1a: Snorlax|Curse|p1a: Snorlax\n|-unboost|p1a: Snorlax|spe|1\n|-boost|p1a: Snorlax|atk|1\n|-boost|p1a: Snorlax|def|1\n|\n|-heal|p2a: Gogoat|260/360 par|[from] item: Leftovers\n|-heal|p1a: Snorlax|300/397|[from] item: Leftovers\n|upkeep\n|turn|12\n|\n|t:|1781397003\n|cant|p2a: Gogoat|par\n|move|p1a: Snorlax|Curse|p1a: Snorlax\n|-unboost|p1a: Snorlax|spe|1\n|-boost|p1a: Snorlax|atk|1\n|-boost|p1a: Snorlax|def|1\n|\n|-heal|p2a: Gogoat|282/360 par|[from] item: Leftovers\n|-heal|p1a: Snorlax|324/397|[from] item: Leftovers\n|upkeep\n|turn|13\n|\n|t:|1781397012\n|cant|p2a: Gogoat|par\n|move|p1a: Snorlax|Curse|p1a: Snorlax\n|-unboost|p1a: Snorlax|spe|1\n|-boost|p1a: Snorlax|atk|1\n|-boost|p1a: Snorlax|def|1\n|\n|-heal|p2a: Gogoat|304/360 par|[from] item: Leftovers\n|-heal|p1a: Snorlax|348/397|[from] item: Leftovers\n|upkeep\n|turn|14\n|\n|t:|1781397022\n|move|p2a: Gogoat|Horn Leech|p1a: Snorlax\n|-damage|p1a: Snorlax|287/397\n|-heal|p2a: Gogoat|335/360 par|[from] drain|[of] p1a: Snorlax\n|move|p1a: Snorlax|Body Slam|p2a: Gogoat\n|-damage|p2a: Gogoat|149/360 par\n|\n|-heal|p2a: Gogoat|171/360 par|[from] item: Leftovers\n|-heal|p1a: Snorlax|311/397|[from] item: Leftovers\n|upkeep\n|turn|15\n|\n|t:|1781397040\n|move|p2a: Gogoat|Horn Leech|p1a: Snorlax\n|-damage|p1a: Snorlax|253/397\n|-heal|p2a: Gogoat|200/360 par|[from] drain|[of] p1a: Snorlax\n|move|p1a: Snorlax|Body Slam|p2a: Gogoat\n|-damage|p2a: Gogoat|5/360 par\n|\n|-heal|p2a: Gogoat|27/360 par|[from] item: Leftovers\n|-heal|p1a: Snorlax|277/397|[from] item: Leftovers\n|upkeep\n|turn|16\n|\n|t:|1781397051\n|move|p2a: Gogoat|Horn Leech|p1a: Snorlax\n|-damage|p1a: Snorlax|219/397\n|-heal|p2a: Gogoat|56/360 par|[from] drain|[of] p1a: Snorlax\n|move|p1a: Snorlax|Body Slam|p2a: Gogoat\n|-damage|p2a: Gogoat|0 fnt\n|faint|p2a: Gogoat\n|\n|-heal|p1a: Snorlax|243/397|[from] item: Leftovers\n|upkeep\n|\n|t:|1781397058\n|switch|p2a: Walking Wake|Walking Wake, L79|286/286\n|turn|17\n|\n|t:|1781397066\n|move|p2a: Walking Wake|Flamethrower|p1a: Snorlax\n|-damage|p1a: Snorlax|207/397\n|-damage|p2a: Walking Wake|258/286|[from] item: Life Orb\n|move|p1a: Snorlax|Body Slam|p2a: Walking Wake\n|-damage|p2a: Walking Wake|0 fnt\n|faint|p2a: Walking Wake\n|-end|p2a: Walking Wake|Protosynthesis|[silent]\n|\n|-heal|p1a: Snorlax|231/397|[from] item: Leftovers\n|upkeep\n|\n|t:|1781397069\n|switch|p2a: Moltres|Moltres, L81|278/278\n|turn|18\n|\n|t:|1781397079\n|move|p2a: Moltres|Fire Blast|p1a: Snorlax|[miss]\n|-miss|p2a: Moltres|p1a: Snorlax\n|move|p1a: Snorlax|Body Slam|p2a: Moltres\n|-damage|p2a: Moltres|0 fnt\n|-status|p1a: Snorlax|brn|[from] ability: Flame Body|[of] p2a: Moltres\n|faint|p2a: Moltres\n|\n|win|MarshadX\n|raw|MarshadX's rating: 1459 &rarr; <strong>1483</strong><br />(+24 for winning)\n|raw|Iphone player's rating: 1522 &rarr; <strong>1498</strong><br />(-24 for losing)\n|l|\u2606Iphone player\n|player|p2|\n", "uploadtime": 1781397089, "views": 4, "formatid": "gen9randombattle", "rating": 1483, "private": 0, "password": null}