{"id": "gen9randombattle-2631405114", "format": "[Gen 9] Random Battle", "players": ["philschmil", "BartSimpleton"], "log": "|j|\u2606philschmil\n|j|\u2606BartSimpleton\n|t:|1781380675\n|gametype|singles\n|player|p1|philschmil|alder|1960\n|player|p2|BartSimpleton|170|1907\n|gen|9\n|tier|[Gen 9] Random Battle\n|rated|\n|rule|Species Clause: Limit one of each Pok\u00e9mon\n|rule|HP Percentage Mod: HP is shown in percentages\n|rule|Sleep Clause Mod: Limit one foe put to sleep\n|rule|Illusion Level Mod: Illusion disguises the Pok\u00e9mon's true level\n|\n|t:|1781380675\n|teamsize|p1|6\n|teamsize|p2|6\n|start\n|switch|p1a: Samurott|Samurott-Hisui, L77, F|265/265\n|switch|p2a: Dugtrio|Dugtrio-Alola, L84, F|196/196\n|turn|1\n|inactive|Battle timer is ON: inactive players will automatically lose when time's up. (requested by philschmil)\n|\n|t:|1781380689\n|move|p2a: Dugtrio|Earthquake|p1a: Samurott\n|-damage|p1a: Samurott|101/265\n|-damage|p2a: Dugtrio|177/196|[from] item: Life Orb\n|move|p1a: Samurott|Razor Shell|p2a: Dugtrio\n|-supereffective|p2a: Dugtrio\n|-damage|p2a: Dugtrio|0 fnt\n|-ability|p2a: Dugtrio|Tangling Hair\n|-unboost|p1a: Samurott|spe|1\n|faint|p2a: Dugtrio\n|\n|upkeep\n|\n|t:|1781380697\n|switch|p2a: Heracross|Heracross, L80, F|259/259\n|turn|2\n|\n|t:|1781380712\n|switch|p1a: Gardevoir|Gardevoir, L83, M|249/249\n|-ability|p1a: Gardevoir|Moxie|Trace|[from] ability: Trace|[of] p2a: Heracross\n|move|p2a: Heracross|Megahorn|p1a: Gardevoir\n|-damage|p1a: Gardevoir|71/249\n|\n|upkeep\n|turn|3\n|\n|t:|1781380720\n|move|p2a: Heracross|Megahorn|p1a: Gardevoir\n|-damage|p1a: Gardevoir|0 fnt\n|faint|p1a: Gardevoir\n|-ability|p2a: Heracross|Moxie|boost\n|-boost|p2a: Heracross|atk|1\n|\n|upkeep\n|l|\u2606philschmil\n|inactive|philschmil disconnected and has a minute to reconnect!\n|player|p1|\n|j|\u2606philschmil\n|inactive|philschmil reconnected and has 140 seconds left.\n|player|p1|philschmil|alder|\n|\n|t:|1781380739\n|switch|p1a: Gouging Fire|Gouging Fire, L74|277/277\n|turn|4\n|\n|t:|1781380749\n|move|p2a: Heracross|Megahorn|p1a: Gouging Fire\n|-resisted|p1a: Gouging Fire\n|-damage|p1a: Gouging Fire|190/277\n|move|p1a: Gouging Fire|Heat Crash|p2a: Heracross\n|-supereffective|p2a: Heracross\n|-damage|p2a: Heracross|7/259\n|\n|upkeep\n|turn|5\n|\n|t:|1781380762\n|switch|p2a: Regirock|Regirock, L83|268/268\n|move|p1a: Gouging Fire|Heat Crash|p2a: Regirock\n|-resisted|p2a: Regirock\n|-damage|p2a: Regirock|253/268\n|\n|upkeep\n|turn|6\n|\n|t:|1781380783\n|move|p1a: Gouging Fire|Dragon Dance|p1a: Gouging Fire\n|-boost|p1a: Gouging Fire|atk|1\n|-boost|p1a: Gouging Fire|spe|1\n|move|p2a: Regirock|Iron Defense|p2a: Regirock\n|-boost|p2a: Regirock|def|2\n|\n|upkeep\n|turn|7\n|\n|t:|1781380808\n|-end|p1a: Gouging Fire|Protosynthesis|[silent]\n|switch|p1a: Maushold|Maushold, L76|238/238\n|move|p2a: Regirock|Iron Defense|p2a: Regirock\n|-boost|p2a: Regirock|def|2\n|\n|upkeep\n|turn|8\n|\n|t:|1781380814\n|switch|p2a: Heracross|Heracross, L80, F|7/259\n|move|p1a: Maushold|Encore||[still]\n|-fail|p1a: Maushold\n|\n|upkeep\n|turn|9\n|\n|t:|1781380822\n|switch|p1a: Gouging Fire|Gouging Fire, L74|190/277\n|move|p2a: Heracross|Megahorn|p1a: Gouging Fire\n|-resisted|p1a: Gouging Fire\n|-damage|p1a: Gouging Fire|132/277\n|\n|upkeep\n|turn|10\n|\n|t:|1781380828\n|switch|p2a: Regirock|Regirock, L83|253/268\n|move|p1a: Gouging Fire|Dragon Dance|p1a: Gouging Fire\n|-boost|p1a: Gouging Fire|atk|1\n|-boost|p1a: Gouging Fire|spe|1\n|\n|upkeep\n|turn|11\n|\n|t:|1781380834\n|move|p1a: Gouging Fire|Earthquake|p2a: Regirock\n|-supereffective|p2a: Regirock\n|-damage|p2a: Regirock|155/268\n|move|p2a: Regirock|Iron Defense|p2a: Regirock\n|-boost|p2a: Regirock|def|2\n|\n|upkeep\n|turn|12\n|\n|t:|1781380839\n|move|p1a: Gouging Fire|Earthquake|p2a: Regirock\n|-supereffective|p2a: Regirock\n|-damage|p2a: Regirock|101/268\n|move|p2a: Regirock|Body Press|p1a: Gouging Fire\n|-damage|p1a: Gouging Fire|0 fnt\n|faint|p1a: Gouging Fire\n|-end|p1a: Gouging Fire|Protosynthesis|[silent]\n|\n|upkeep\n|\n|t:|1781380843\n|switch|p1a: Samurott|Samurott-Hisui, L77, F|101/265\n|turn|13\n|\n|t:|1781380846\n|move|p1a: Samurott|Sacred Sword|p2a: Regirock\n|-supereffective|p2a: Regirock\n|-damage|p2a: Regirock|0 fnt\n|faint|p2a: Regirock\n|\n|upkeep\n|\n|t:|1781380855\n|switch|p2a: Altaria|Altaria, L89, M|278/278\n|turn|14\n|\n|t:|1781380864\n|switch|p1a: Minior|Minior-Violet, L79|224/224\n|-formechange|p1a: Minior|Minior-Meteor||[from] ability: Shields Down\n|move|p2a: Altaria|Brave Bird|p1a: Minior\n|-resisted|p1a: Minior\n|-damage|p1a: Minior|172/224\n|-damage|p2a: Altaria|261/278|[from] Recoil\n|\n|upkeep\n|turn|15\n|\n|t:|1781380873\n|switch|p2a: Raikou|Raikou, L81|278/278\n|-ability|p2a: Raikou|Pressure\n|move|p1a: Minior|Shell Smash|p1a: Minior\n|-unboost|p1a: Minior|def|1\n|-unboost|p1a: Minior|spd|1\n|-boost|p1a: Minior|atk|2\n|-boost|p1a: Minior|spa|2\n|-boost|p1a: Minior|spe|2\n|-enditem|p1a: Minior|White Herb\n|-clearnegativeboost|p1a: Minior|[silent]\n|\n|upkeep\n|turn|16\n|\n|t:|1781380881\n|-terastallize|p2a: Raikou|Grass\n|move|p1a: Minior|Earthquake|p2a: Raikou\n|-resisted|p2a: Raikou\n|-damage|p2a: Raikou|225/278\n|move|p2a: Raikou|Thunderbolt|p1a: Minior\n|-supereffective|p1a: Minior\n|-damage|p1a: Minior|0 fnt\n|faint|p1a: Minior\n|\n|-heal|p2a: Raikou|242/278|[from] item: Leftovers\n|upkeep\n|\n|t:|1781380892\n|switch|p1a: Regirock|Regirock, L83|268/268\n|turn|17\n|\n|t:|1781380898\n|move|p2a: Raikou|Calm Mind|p2a: Raikou\n|-boost|p2a: Raikou|spa|1\n|-boost|p2a: Raikou|spd|1\n|move|p1a: Regirock|Curse|p1a: Regirock\n|-unboost|p1a: Regirock|spe|1\n|-boost|p1a: Regirock|atk|1\n|-boost|p1a: Regirock|def|1\n|\n|-heal|p2a: Raikou|259/278|[from] item: Leftovers\n|upkeep\n|turn|18\n|\n|t:|1781380901\n|move|p2a: Raikou|Scald|p1a: Regirock\n|-supereffective|p1a: Regirock\n|-damage|p1a: Regirock|116/268\n|move|p1a: Regirock|Body Press|p2a: Raikou\n|-damage|p2a: Raikou|87/278\n|\n|-heal|p2a: Raikou|104/278|[from] item: Leftovers\n|upkeep\n|turn|19\n|\n|t:|1781380913\n|move|p2a: Raikou|Scald|p1a: Regirock\n|-supereffective|p1a: Regirock\n|-damage|p1a: Regirock|0 fnt\n|faint|p1a: Regirock\n|\n|-heal|p2a: Raikou|121/278|[from] item: Leftovers\n|upkeep\n|\n|t:|1781380915\n|switch|p1a: Maushold|Maushold, L76|238/238\n|turn|20\n|\n|t:|1781380923\n|move|p2a: Raikou|Scald|p1a: Maushold\n|-damage|p1a: Maushold|119/238\n|move|p1a: Maushold|Tidy Up|p1a: Maushold\n|-boost|p1a: Maushold|atk|1\n|-boost|p1a: Maushold|spe|1\n|\n|-heal|p2a: Raikou|138/278|[from] item: Leftovers\n|upkeep\n|turn|21\n|\n|t:|1781380927\n|move|p1a: Maushold|Population Bomb|p2a: Raikou\n|-damage|p2a: Raikou|102/278\n|-damage|p2a: Raikou|62/278\n|-damage|p2a: Raikou|25/278\n|-damage|p2a: Raikou|0 fnt\n|faint|p2a: Raikou\n|-hitcount|p2: Raikou|4\n|\n|upkeep\n|\n|t:|1781380933\n|switch|p2a: Altaria|Altaria, L89, M|261/278\n|turn|22\n|\n|t:|1781380936\n|move|p1a: Maushold|Population Bomb|p2a: Altaria\n|-damage|p2a: Altaria|228/278\n|-damage|p2a: Altaria|195/278\n|-damage|p2a: Altaria|165/278\n|-damage|p2a: Altaria|134/278\n|-damage|p2a: Altaria|101/278\n|-damage|p2a: Altaria|67/278\n|-damage|p2a: Altaria|36/278\n|-damage|p2a: Altaria|3/278\n|-damage|p2a: Altaria|0 fnt\n|faint|p2a: Altaria\n|-hitcount|p2: Altaria|9\n|\n|upkeep\n|\n|t:|1781380942\n|switch|p2a: Blastoise|Blastoise, L80, F|258/258\n|turn|23\n|\n|t:|1781380950\n|-terastallize|p1a: Maushold|Normal\n|move|p1a: Maushold|Population Bomb|p2a: Blastoise\n|-damage|p2a: Blastoise|216/258\n|-damage|p2a: Blastoise|174/258\n|-damage|p2a: Blastoise|126/258\n|-damage|p2a: Blastoise|80/258\n|-damage|p2a: Blastoise|32/258\n|-damage|p2a: Blastoise|0 fnt\n|faint|p2a: Blastoise\n|-hitcount|p2: Blastoise|6\n|\n|upkeep\n|\n|t:|1781380952\n|switch|p2a: Heracross|Heracross, L80, F|7/259\n|turn|24\n|\n|t:|1781380954\n|move|p1a: Maushold|Bite|p2a: Heracross\n|-resisted|p2a: Heracross\n|-crit|p2a: Heracross\n|-damage|p2a: Heracross|0 fnt\n|faint|p2a: Heracross\n|\n|win|philschmil\n", "uploadtime": 1781380677, "views": 6, "formatid": "gen9randombattle", "rating": null, "private": 0, "password": null}