{"id": "gen9randombattle-2631751851", "format": "[Gen 9] Random Battle", "players": ["1v1saregood", "Flappell Roan"], "log": "|j|\u26061v1saregood\n|j|\u2606Flappell Roan\n|t:|1781433856\n|gametype|singles\n|player|p1|1v1saregood|preschooler|1960\n|player|p2|Flappell Roan|skyla|1967\n|gen|9\n|tier|[Gen 9] Random Battle\n|rated|\n|rule|Species Clause: Limit one of each Pok\u00e9mon\n|rule|HP Percentage Mod: HP is shown in percentages\n|rule|Sleep Clause Mod: Limit one foe put to sleep\n|rule|Illusion Level Mod: Illusion disguises the Pok\u00e9mon's true level\n|\n|t:|1781433856\n|teamsize|p1|6\n|teamsize|p2|6\n|start\n|switch|p1a: Pincurchin|Pincurchin, M|258/258\n|switch|p2a: Cinccino|Cinccino, L83, F|260/260\n|-fieldstart|move: Electric Terrain|[from] ability: Electric Surge|[of] p1a: Pincurchin\n|turn|1\n|inactive|Battle timer is ON: inactive players will automatically lose when time's up. (requested by 1v1saregood)\n|\n|t:|1781433870\n|move|p2a: Cinccino|U-turn|p1a: Pincurchin\n|-damage|p1a: Pincurchin|216/258\n|\n|t:|1781433872\n|switch|p2a: Dragalge|Dragalge, L88, F|258/258|[from] U-turn\n|move|p1a: Pincurchin|Thunderbolt|p2a: Dragalge\n|-resisted|p2a: Dragalge\n|-damage|p2a: Dragalge|196/258\n|\n|-heal|p1a: Pincurchin|232/258|[from] item: Leftovers\n|upkeep\n|turn|2\n|\n|t:|1781433883\n|switch|p1a: Blissey|Blissey, L85, F|572/572\n|move|p2a: Dragalge|Draco Meteor|p1a: Blissey\n|-damage|p1a: Blissey|372/572\n|-unboost|p2a: Dragalge|spa|2\n|\n|-heal|p1a: Blissey|407/572|[from] item: Leftovers\n|upkeep\n|turn|3\n|\n|t:|1781433896\n|switch|p2a: Oranguru|Oranguru, L92, F|315/315\n|move|p1a: Blissey|Thunder Wave|p2a: Oranguru\n|-status|p2a: Oranguru|par\n|\n|-heal|p1a: Blissey|442/572|[from] item: Leftovers\n|upkeep\n|turn|4\n|\n|t:|1781433908\n|switch|p1a: Kleavor|Kleavor, L78, F|237/237\n|move|p2a: Oranguru|Psyshock|p1a: Kleavor\n|-damage|p1a: Kleavor|104/237\n|\n|upkeep\n|turn|5\n|\n|t:|1781433918\n|move|p1a: Kleavor|Stone Axe|p2a: Oranguru\n|-damage|p2a: Oranguru|195/315 par\n|-sidestart|p2: Flappell Roan|move: Stealth Rock\n|move|p2a: Oranguru|Psyshock|p1a: Kleavor\n|-damage|p1a: Kleavor|0 fnt\n|faint|p1a: Kleavor\n|\n|-fieldend|move: Electric Terrain\n|upkeep\n|\n|t:|1781433948\n|switch|p1a: Dunsparce|Dunsparce, L86, F|312/312\n|turn|6\n|\n|t:|1781433961\n|switch|p2a: Vileplume|Vileplume, L85, F|266/266\n|-damage|p2a: Vileplume|233/266|[from] Stealth Rock\n|move|p1a: Dunsparce|Coil|p1a: Dunsparce\n|-boost|p1a: Dunsparce|atk|1\n|-boost|p1a: Dunsparce|def|1\n|-boost|p1a: Dunsparce|accuracy|1\n|\n|-heal|p2a: Vileplume|249/266|[from] item: Leftovers\n|upkeep\n|turn|7\n|\n|t:|1781433971\n|move|p2a: Vileplume|Sleep Powder|p1a: Dunsparce\n|-status|p1a: Dunsparce|slp|[from] move: Sleep Powder\n|cant|p1a: Dunsparce|slp\n|\n|-heal|p2a: Vileplume|265/266|[from] item: Leftovers\n|upkeep\n|turn|8\n|\n|t:|1781433979\n|move|p2a: Vileplume|Sludge Bomb|p1a: Dunsparce\n|-damage|p1a: Dunsparce|218/312 slp\n|cant|p1a: Dunsparce|slp\n|\n|-heal|p2a: Vileplume|266/266|[from] item: Leftovers\n|upkeep\n|turn|9\n|\n|t:|1781433999\n|switch|p1a: Blissey|Blissey, L85, F|442/572\n|move|p2a: Vileplume|Strength Sap|p1a: Blissey\n|-unboost|p1a: Blissey|atk|1\n|\n|-heal|p1a: Blissey|477/572|[from] item: Leftovers\n|upkeep\n|turn|10\n|\n|t:|1781434010\n|switch|p2a: Oranguru|Oranguru, L92, F|195/315 par\n|-damage|p2a: Oranguru|156/315 par|[from] Stealth Rock\n|move|p1a: Blissey|Seismic Toss|p2a: Oranguru\n|-damage|p2a: Oranguru|71/315 par\n|\n|-heal|p1a: Blissey|512/572|[from] item: Leftovers\n|upkeep\n|turn|11\n|\n|t:|1781434020\n|move|p1a: Blissey|Seismic Toss|p2a: Oranguru\n|-damage|p2a: Oranguru|0 fnt\n|faint|p2a: Oranguru\n|\n|-heal|p1a: Blissey|547/572|[from] item: Leftovers\n|upkeep\n|\n|t:|1781434029\n|switch|p2a: Solgaleo|Solgaleo, L74|325/325\n|-damage|p2a: Solgaleo|305/325|[from] Stealth Rock\n|turn|12\n|\n|t:|1781434042\n|move|p2a: Solgaleo|Knock Off|p1a: Blissey\n|-damage|p1a: Blissey|349/572\n|-enditem|p1a: Blissey|Leftovers|[from] move: Knock Off|[of] p2a: Solgaleo\n|move|p1a: Blissey|Thunder Wave|p2a: Solgaleo\n|-status|p2a: Solgaleo|par\n|\n|upkeep\n|turn|13\n|\n|t:|1781434054\n|move|p1a: Blissey|Soft-Boiled|p1a: Blissey\n|-heal|p1a: Blissey|572/572\n|move|p2a: Solgaleo|Sunsteel Strike|p1a: Blissey\n|-damage|p1a: Blissey|241/572\n|\n|upkeep\n|turn|14\n|\n|t:|1781434061\n|switch|p1a: Pincurchin|Pincurchin, M|232/258\n|-fieldstart|move: Electric Terrain|[from] ability: Electric Surge|[of] p1a: Pincurchin\n|move|p2a: Solgaleo|Flame Charge|p1a: Pincurchin\n|-damage|p1a: Pincurchin|203/258\n|-boost|p2a: Solgaleo|spe|1\n|\n|-heal|p1a: Pincurchin|219/258|[from] item: Leftovers\n|upkeep\n|turn|15\n|\n|t:|1781434074\n|move|p2a: Solgaleo|Knock Off|p1a: Pincurchin\n|-damage|p1a: Pincurchin|167/258\n|-enditem|p1a: Pincurchin|Leftovers|[from] move: Knock Off|[of] p2a: Solgaleo\n|move|p1a: Pincurchin|Thunderbolt|p2a: Solgaleo\n|-damage|p2a: Solgaleo|124/325 par\n|\n|upkeep\n|turn|16\n|\n|t:|1781434082\n|move|p2a: Solgaleo|Psychic|p1a: Pincurchin\n|-damage|p1a: Pincurchin|88/258\n|move|p1a: Pincurchin|Thunderbolt|p2a: Solgaleo\n|-damage|p2a: Solgaleo|0 fnt\n|faint|p2a: Solgaleo\n|\n|upkeep\n|\n|t:|1781434094\n|switch|p2a: Ogerpon|Ogerpon-Cornerstone, L76, F|247/247\n|-damage|p2a: Ogerpon|217/247|[from] Stealth Rock\n|turn|17\n|\n|t:|1781434102\n|move|p2a: Ogerpon|Swords Dance|p2a: Ogerpon\n|-boost|p2a: Ogerpon|atk|2\n|move|p1a: Pincurchin|Thunderbolt|p2a: Ogerpon\n|-resisted|p2a: Ogerpon\n|-damage|p2a: Ogerpon|133/247\n|\n|upkeep\n|turn|18\n|\n|t:|1781434109\n|move|p2a: Ogerpon|Horn Leech|p1a: Pincurchin\n|-damage|p1a: Pincurchin|0 fnt\n|-heal|p2a: Ogerpon|177/247|[from] drain|[of] p1a: Pincurchin\n|faint|p1a: Pincurchin\n|\n|-fieldend|move: Electric Terrain\n|upkeep\n|inactive|1v1saregood has 120 seconds left.\n|\n|t:|1781434141\n|switch|p1a: Quaquaval|Quaquaval, L79, F|264/264\n|turn|19\n|\n|t:|1781434152\n|-terastallize|p1a: Quaquaval|Steel\n|move|p2a: Ogerpon|Superpower|p1a: Quaquaval\n|-supereffective|p1a: Quaquaval\n|-damage|p1a: Quaquaval|0 fnt\n|-unboost|p2a: Ogerpon|atk|1\n|-unboost|p2a: Ogerpon|def|1\n|faint|p1a: Quaquaval\n|\n|upkeep\n|inactive|1v1saregood has 120 seconds left.\n|\n|t:|1781434194\n|switch|p1a: Dunsparce|Dunsparce, L86, F|218/312 slp\n|turn|20\n|\n|t:|1781434201\n|move|p2a: Ogerpon|Superpower|p1a: Dunsparce\n|-supereffective|p1a: Dunsparce\n|-damage|p1a: Dunsparce|0 fnt\n|-unboost|p2a: Ogerpon|atk|1\n|-unboost|p2a: Ogerpon|def|1\n|faint|p1a: Dunsparce\n|\n|upkeep\n|\n|t:|1781434203\n|switch|p1a: Blaziken|Blaziken, L76, M|247/247\n|turn|21\n|\n|t:|1781434213\n|move|p2a: Ogerpon|Ivy Cudgel|p1a: Blaziken|[anim] Ivy Cudgel Rock\n|-damage|p1a: Blaziken|88/247\n|move|p1a: Blaziken|Close Combat|p2a: Ogerpon\n|-supereffective|p2a: Ogerpon\n|-damage|p2a: Ogerpon|0 fnt\n|-unboost|p1a: Blaziken|def|1\n|-unboost|p1a: Blaziken|spd|1\n|faint|p2a: Ogerpon\n|-damage|p1a: Blaziken|64/247|[from] item: Life Orb\n|\n|-ability|p1a: Blaziken|Speed Boost|boost\n|-boost|p1a: Blaziken|spe|1\n|upkeep\n|\n|t:|1781434226\n|switch|p2a: Dragalge|Dragalge, L88, F|196/258\n|-damage|p2a: Dragalge|164/258|[from] Stealth Rock\n|turn|22\n|inactive|1v1saregood has 120 seconds left.\n|\n|t:|1781434237\n|switch|p1a: Blissey|Blissey, L85, F|241/572\n|move|p2a: Dragalge|Flip Turn|p1a: Blissey\n|-damage|p1a: Blissey|131/572\n|\n|t:|1781434249\n|switch|p2a: Cinccino|Cinccino, L83, F|260/260|[from] Flip Turn\n|-damage|p2a: Cinccino|228/260|[from] Stealth Rock\n|\n|upkeep\n|turn|23\n|\n|t:|1781434260\n|move|p2a: Cinccino|Bullet Seed|p1a: Blissey\n|-damage|p1a: Blissey|61/572\n|-damage|p1a: Blissey|0 fnt\n|faint|p1a: Blissey\n|-hitcount|p1: Blissey|2\n|\n|upkeep\n|\n|t:|1781434262\n|switch|p1a: Blaziken|Blaziken, L76, M|64/247\n|turn|24\n|\n|t:|1781434270\n|move|p2a: Cinccino|Triple Axel|p1a: Blaziken\n|-resisted|p1a: Blaziken\n|-damage|p1a: Blaziken|50/247\n|-resisted|p1a: Blaziken\n|-damage|p1a: Blaziken|24/247\n|-resisted|p1a: Blaziken\n|-damage|p1a: Blaziken|0 fnt\n|faint|p1a: Blaziken\n|-hitcount|p1: Blaziken|3\n|\n|win|Flappell Roan\n", "uploadtime": 1781433859, "views": 4, "formatid": "gen9randombattle", "rating": null, "private": 0, "password": null}