{"id": "gen9randombattle-2631925318", "format": "[Gen 9] Random Battle", "players": ["pagenfranskane", "fortnitekid1212"], "log": "|j|\u2606pagenfranskane\n|j|\u2606fortnitekid1212\n|t:|1781456277\n|gametype|singles\n|player|p1|pagenfranskane|battlegirl|2014\n|player|p2|fortnitekid1212|101|1989\n|gen|9\n|tier|[Gen 9] Random Battle\n|rated|\n|rule|Species Clause: Limit one of each Pok\u00e9mon\n|rule|HP Percentage Mod: HP is shown in percentages\n|rule|Sleep Clause Mod: Limit one foe put to sleep\n|rule|Illusion Level Mod: Illusion disguises the Pok\u00e9mon's true level\n|\n|t:|1781456277\n|teamsize|p1|6\n|teamsize|p2|6\n|start\n|switch|p1a: Farigiraf|Farigiraf, L90, F|362/362\n|switch|p2a: Gallade|Gallade, L80, M|240/240\n|turn|1\n|inactive|Battle timer is ON: inactive players will automatically lose when time's up. (requested by fortnitekid1212)\n|\n|t:|1781456286\n|move|p2a: Gallade|Night Slash|p1a: Farigiraf\n|-supereffective|p1a: Farigiraf\n|-damage|p1a: Farigiraf|178/362\n|move|p1a: Farigiraf|Body Slam|p2a: Gallade\n|-damage|p2a: Gallade|101/240\n|\n|-heal|p1a: Farigiraf|200/362|[from] item: Leftovers\n|upkeep\n|turn|2\n|\n|t:|1781456302\n|move|p2a: Gallade|Night Slash|p1a: Farigiraf\n|-supereffective|p1a: Farigiraf\n|-damage|p1a: Farigiraf|8/362\n|move|p1a: Farigiraf|Wish|p1a: Farigiraf\n|\n|-heal|p1a: Farigiraf|30/362|[from] item: Leftovers\n|upkeep\n|turn|3\n|inactive|fortnitekid1212 has 120 seconds left.\n|l|\u2606fortnitekid1212\n|inactive|fortnitekid1212 disconnected and has a minute to reconnect!\n|player|p2|\n|j|\u2606fortnitekid1212\n|inactive|fortnitekid1212 reconnected and has 95 seconds left.\n|player|p2|fortnitekid1212|101|\n|inactive|fortnitekid1212 has 90 seconds left.\n|\n|t:|1781456379\n|move|p1a: Farigiraf|Protect|p1a: Farigiraf\n|-singleturn|p1a: Farigiraf|Protect\n|move|p2a: Gallade|Night Slash|p1a: Farigiraf\n|-activate|p1a: Farigiraf|move: Protect\n|\n|-heal|p1a: Farigiraf|211/362|[from] move: Wish|[wisher] Farigiraf\n|-heal|p1a: Farigiraf|233/362|[from] item: Leftovers\n|upkeep\n|turn|4\n|\n|t:|1781456398\n|move|p2a: Gallade|Night Slash|p1a: Farigiraf\n|-supereffective|p1a: Farigiraf\n|-damage|p1a: Farigiraf|53/362\n|move|p1a: Farigiraf|Wish|p1a: Farigiraf\n|\n|-heal|p1a: Farigiraf|75/362|[from] item: Leftovers\n|upkeep\n|turn|5\n|\n|t:|1781456410\n|move|p1a: Farigiraf|Protect|p1a: Farigiraf\n|-singleturn|p1a: Farigiraf|Protect\n|move|p2a: Gallade|Night Slash|p1a: Farigiraf\n|-activate|p1a: Farigiraf|move: Protect\n|\n|-heal|p1a: Farigiraf|256/362|[from] move: Wish|[wisher] Farigiraf\n|-heal|p1a: Farigiraf|278/362|[from] item: Leftovers\n|upkeep\n|turn|6\n|\n|t:|1781456415\n|move|p2a: Gallade|Night Slash|p1a: Farigiraf\n|-supereffective|p1a: Farigiraf\n|-damage|p1a: Farigiraf|104/362\n|move|p1a: Farigiraf|Wish|p1a: Farigiraf\n|\n|-heal|p1a: Farigiraf|126/362|[from] item: Leftovers\n|upkeep\n|turn|7\n|\n|t:|1781456418\n|move|p1a: Farigiraf|Protect|p1a: Farigiraf\n|-singleturn|p1a: Farigiraf|Protect\n|move|p2a: Gallade|Night Slash|p1a: Farigiraf\n|-activate|p1a: Farigiraf|move: Protect\n|\n|-heal|p1a: Farigiraf|307/362|[from] move: Wish|[wisher] Farigiraf\n|-heal|p1a: Farigiraf|329/362|[from] item: Leftovers\n|upkeep\n|turn|8\n|\n|t:|1781456422\n|move|p2a: Gallade|Night Slash|p1a: Farigiraf\n|-supereffective|p1a: Farigiraf\n|-damage|p1a: Farigiraf|141/362\n|move|p1a: Farigiraf|Body Slam|p2a: Gallade\n|-damage|p2a: Gallade|0 fnt\n|faint|p2a: Gallade\n|\n|-heal|p1a: Farigiraf|163/362|[from] item: Leftovers\n|upkeep\n|\n|t:|1781456428\n|switch|p2a: Iron Leaves|Iron Leaves, L80|275/275\n|turn|9\n|\n|t:|1781456445\n|move|p2a: Iron Leaves|Megahorn|p1a: Farigiraf\n|-supereffective|p1a: Farigiraf\n|-damage|p1a: Farigiraf|0 fnt\n|faint|p1a: Farigiraf\n|\n|upkeep\n|\n|t:|1781456449\n|switch|p1a: Hawlucha|Hawlucha, L80, M|256/256\n|turn|10\n|inactive|fortnitekid1212 has 120 seconds left.\n|\n|t:|1781456471\n|-end|p2a: Iron Leaves|Quark Drive|[silent]\n|switch|p2a: Archaludon|Archaludon, L78, F|268/268\n|move|p1a: Hawlucha|Swords Dance|p1a: Hawlucha\n|-boost|p1a: Hawlucha|atk|2\n|\n|upkeep\n|turn|11\n|inactive|fortnitekid1212 has 120 seconds left.\n|\n|t:|1781456479\n|-terastallize|p2a: Archaludon|Ground\n|move|p1a: Hawlucha|Close Combat|p2a: Archaludon\n|-damage|p2a: Archaludon|78/268\n|-unboost|p1a: Hawlucha|def|1\n|-unboost|p1a: Hawlucha|spd|1\n|-ability|p2a: Archaludon|Stamina|boost\n|-boost|p2a: Archaludon|def|1\n|-enditem|p1a: Hawlucha|White Herb\n|-clearnegativeboost|p1a: Hawlucha|[silent]\n|move|p2a: Archaludon|Outrage|p1a: Hawlucha\n|-damage|p1a: Hawlucha|105/256\n|\n|upkeep\n|turn|12\n|inactive|fortnitekid1212 has 120 seconds left.\n|\n|t:|1781456496\n|move|p1a: Hawlucha|Brave Bird|p2a: Archaludon\n|-damage|p2a: Archaludon|0 fnt\n|faint|p2a: Archaludon\n|-damage|p1a: Hawlucha|79/256|[from] Recoil\n|\n|upkeep\n|\n|t:|1781456504\n|switch|p2a: Comfey|Comfey, L85, F|225/225\n|turn|13\n|\n|t:|1781456527\n|move|p2a: Comfey|Draining Kiss|p1a: Hawlucha\n|-supereffective|p1a: Hawlucha\n|-damage|p1a: Hawlucha|0 fnt\n|faint|p1a: Hawlucha\n|\n|upkeep\n|\n|t:|1781456532\n|switch|p1a: Dialga|Dialga, L73|266/266\n|-ability|p1a: Dialga|Pressure\n|turn|14\n|\n|t:|1781456537\n|switch|p2a: Iron Leaves|Iron Leaves, L80|275/275\n|move|p1a: Dialga|Thunder Wave|p2a: Iron Leaves\n|-status|p2a: Iron Leaves|par\n|\n|upkeep\n|turn|15\n|\n|t:|1781456545\n|switch|p1a: Donphan|Donphan, L84, M|288/288\n|cant|p2a: Iron Leaves|par\n|\n|upkeep\n|turn|16\n|\n|t:|1781456560\n|move|p1a: Donphan|Ice Spinner|p2a: Iron Leaves\n|-supereffective|p2a: Iron Leaves\n|-damage|p2a: Iron Leaves|133/275 par\n|cant|p2a: Iron Leaves|par\n|\n|upkeep\n|turn|17\n|\n|t:|1781456582\n|move|p1a: Donphan|Ice Spinner|p2a: Iron Leaves\n|-supereffective|p2a: Iron Leaves\n|-damage|p2a: Iron Leaves|0 fnt\n|faint|p2a: Iron Leaves\n|-end|p2a: Iron Leaves|Quark Drive|[silent]\n|\n|upkeep\n|\n|t:|1781456588\n|switch|p2a: Comfey|Comfey, L85, F|225/225\n|turn|18\n|\n|t:|1781456591\n|switch|p1a: Dialga|Dialga, L73|266/266\n|-ability|p1a: Dialga|Pressure\n|move|p2a: Comfey|Calm Mind|p2a: Comfey\n|-boost|p2a: Comfey|spa|1\n|-boost|p2a: Comfey|spd|1\n|\n|upkeep\n|turn|19\n|\n|t:|1781456599\n|move|p2a: Comfey|Taunt|p1a: Dialga\n|-start|p1a: Dialga|move: Taunt\n|cant|p1a: Dialga|move: Taunt|Thunder Wave\n|\n|upkeep\n|turn|20\n|\n|t:|1781456601\n|move|p2a: Comfey|Calm Mind|p2a: Comfey\n|-boost|p2a: Comfey|spa|1\n|-boost|p2a: Comfey|spd|1\n|move|p1a: Dialga|Heavy Slam|p2a: Comfey\n|-supereffective|p2a: Comfey\n|-damage|p2a: Comfey|13/225\n|\n|-heal|p2a: Comfey|27/225|[from] item: Leftovers\n|upkeep\n|turn|21\n|\n|t:|1781456604\n|move|p2a: Comfey|Draining Kiss|p1a: Dialga\n|-damage|p1a: Dialga|160/266\n|-heal|p2a: Comfey|107/225|[from] drain|[of] p1a: Dialga\n|move|p1a: Dialga|Heavy Slam|p2a: Comfey\n|-supereffective|p2a: Comfey\n|-damage|p2a: Comfey|0 fnt\n|faint|p2a: Comfey\n|\n|-heal|p1a: Dialga|176/266|[from] item: Leftovers\n|-end|p1a: Dialga|move: Taunt\n|upkeep\n|\n|t:|1781456608\n|switch|p2a: Lycanroc|Lycanroc-Midnight, L89, M|296/296\n|turn|22\n|\n|t:|1781456615\n|move|p2a: Lycanroc|Close Combat|p1a: Dialga\n|-supereffective|p1a: Dialga\n|-damage|p1a: Dialga|0 fnt\n|-unboost|p2a: Lycanroc|def|1\n|-unboost|p2a: Lycanroc|spd|1\n|faint|p1a: Dialga\n|-damage|p2a: Lycanroc|267/296|[from] item: Life Orb\n|\n|upkeep\n|\n|t:|1781456618\n|switch|p1a: Donphan|Donphan, L84, M|288/288\n|turn|23\n|\n|t:|1781456631\n|move|p2a: Lycanroc|Close Combat|p1a: Donphan\n|-damage|p1a: Donphan|170/288\n|-unboost|p2a: Lycanroc|def|1\n|-unboost|p2a: Lycanroc|spd|1\n|-damage|p2a: Lycanroc|238/296|[from] item: Life Orb\n|move|p1a: Donphan|Earthquake|p2a: Lycanroc\n|-supereffective|p2a: Lycanroc\n|-damage|p2a: Lycanroc|0 fnt\n|faint|p2a: Lycanroc\n|\n|upkeep\n|\n|t:|1781456632\n|switch|p2a: Dragonite|Dragonite, L74, F|257/257\n|turn|24\n|\n|t:|1781456641\n|move|p2a: Dragonite|Outrage|p1a: Donphan\n|-damage|p1a: Donphan|74/288\n|move|p1a: Donphan|Ice Spinner|p2a: Dragonite\n|-supereffective|p2a: Dragonite\n|-crit|p2a: Dragonite\n|-damage|p2a: Dragonite|53/257\n|\n|upkeep\n|turn|25\n|\n|t:|1781456644\n|move|p1a: Donphan|Ice Shard|p2a: Dragonite\n|-supereffective|p2a: Dragonite\n|-damage|p2a: Dragonite|0 fnt\n|faint|p2a: Dragonite\n|\n|win|pagenfranskane\n", "uploadtime": 1781456279, "views": 3, "formatid": "gen9randombattle", "rating": null, "private": 0, "password": null}