{"id": "gen9randombattle-2631504249", "format": "[Gen 9] Random Battle", "players": ["f91swdg", "fingerfonger"], "log": "|j|\u2606f91swdg\n|j|\u2606fingerfonger\n|t:|1781393556\n|gametype|singles\n|player|p1|f91swdg|biker-gen4|2189\n|player|p2|fingerfonger|clerkf|2076\n|gen|9\n|tier|[Gen 9] Random Battle\n|rated|\n|rule|Species Clause: Limit one of each Pok\u00e9mon\n|rule|HP Percentage Mod: HP is shown in percentages\n|rule|Sleep Clause Mod: Limit one foe put to sleep\n|rule|Illusion Level Mod: Illusion disguises the Pok\u00e9mon's true level\n|\n|t:|1781393556\n|teamsize|p1|6\n|teamsize|p2|6\n|start\n|switch|p1a: Lunala|Lunala, L70|308/308\n|switch|p2a: Articuno|Articuno-Galar, L84|288/288\n|turn|1\n|inactive|Battle timer is ON: inactive players will automatically lose when time's up. (requested by f91swdg)\n|inactive|fingerfonger has 120 seconds left.\n|\n|t:|1781393587\n|switch|p2a: Ogerpon|Ogerpon, L80, F|259/259\n|move|p1a: Lunala|Calm Mind|p1a: Lunala\n|-boost|p1a: Lunala|spa|1\n|-boost|p1a: Lunala|spd|1\n|\n|upkeep\n|turn|2\n|\n|t:|1781393595\n|move|p2a: Ogerpon|Ivy Cudgel|p1a: Lunala\n|-damage|p1a: Lunala|244/308\n|move|p1a: Lunala|Moongeist Beam|p2a: Ogerpon\n|-damage|p2a: Ogerpon|115/259\n|\n|-heal|p1a: Lunala|263/308|[from] item: Leftovers\n|upkeep\n|turn|3\n|\n|t:|1781393610\n|move|p2a: Ogerpon|U-turn|p1a: Lunala\n|-damage|p1a: Lunala|195/308\n|\n|t:|1781393612\n|switch|p2a: Toxapex|Toxapex, L82, M|216/216|[from] U-turn\n|move|p1a: Lunala|Moongeist Beam|p2a: Toxapex\n|-damage|p2a: Toxapex|117/216\n|\n|-heal|p1a: Lunala|214/308|[from] item: Leftovers\n|upkeep\n|turn|4\n|\n|t:|1781393623\n|move|p1a: Lunala|Moongeist Beam|p2a: Toxapex\n|-crit|p2a: Toxapex\n|-damage|p2a: Toxapex|0 fnt\n|faint|p2a: Toxapex\n|\n|-heal|p1a: Lunala|233/308|[from] item: Leftovers\n|upkeep\n|\n|t:|1781393631\n|switch|p2a: Pecharunt|Pecharunt, L77|262/262\n|turn|5\n|\n|t:|1781393636\n|move|p2a: Pecharunt|Malignant Chain|p1a: Lunala\n|-resisted|p1a: Lunala\n|-damage|p1a: Lunala|206/308\n|move|p1a: Lunala|Moongeist Beam|p2a: Pecharunt\n|-supereffective|p2a: Pecharunt\n|-damage|p2a: Pecharunt|0 fnt\n|faint|p2a: Pecharunt\n|\n|-heal|p1a: Lunala|225/308|[from] item: Leftovers\n|upkeep\n|-message|fingerfonger forfeited.\n|\n|win|f91swdg\n|raw|f91swdg's rating: 2189 &rarr; <strong>2203</strong><br />(+14 for winning)\n|raw|fingerfonger's rating: 2076 &rarr; <strong>2062</strong><br />(-14 for losing)\n", "uploadtime": 1781393558, "views": 3, "formatid": "gen9randombattle", "rating": 2062, "private": 0, "password": null}