{"id": "gen9randombattle-2631404079", "format": "[Gen 9] Random Battle", "players": ["NickPlayeZ", "marper8"], "log": "|j|\u2606NickPlayeZ\n|j|\u2606marper8\n|t:|1781380560\n|gametype|singles\n|player|p1|NickPlayeZ|emmet|2130\n|player|p2|marper8|102|2231\n|gen|9\n|tier|[Gen 9] Random Battle\n|rated|\n|rule|Species Clause: Limit one of each Pok\u00e9mon\n|rule|HP Percentage Mod: HP is shown in percentages\n|rule|Sleep Clause Mod: Limit one foe put to sleep\n|rule|Illusion Level Mod: Illusion disguises the Pok\u00e9mon's true level\n|\n|t:|1781380560\n|teamsize|p1|6\n|teamsize|p2|6\n|start\n|switch|p1a: Gardevoir|Gardevoir, L83, F|249/249\n|switch|p2a: Gyarados|Gyarados, L79, F|280/280\n|-ability|p1a: Gardevoir|Moxie|Trace|[from] ability: Trace|[of] p2a: Gyarados\n|turn|1\n|inactive|Battle timer is ON: inactive players will automatically lose when time's up. (requested by NickPlayeZ)\n|\n|t:|1781380572\n|move|p1a: Gardevoir|Moonblast|p2a: Gyarados\n|-damage|p2a: Gyarados|169/280\n|-unboost|p2a: Gyarados|spa|1\n|move|p2a: Gyarados|Dragon Dance|p2a: Gyarados\n|-boost|p2a: Gyarados|atk|1\n|-boost|p2a: Gyarados|spe|1\n|\n|upkeep\n|turn|2\n|\n|t:|1781380578\n|move|p1a: Gardevoir|Moonblast|p2a: Gyarados\n|-damage|p2a: Gyarados|52/280\n|move|p2a: Gyarados|Waterfall|p1a: Gardevoir\n|-crit|p1a: Gardevoir\n|-damage|p1a: Gardevoir|9/249\n|\n|upkeep\n|turn|3\n|\n|t:|1781380582\n|switch|p2a: Banette|Banette, L93, M|270/270\n|move|p1a: Gardevoir|Moonblast|p2a: Banette\n|-damage|p2a: Banette|134/270\n|-unboost|p2a: Banette|spa|1\n|\n|upkeep\n|turn|4\n|inactive|NickPlayeZ has 120 seconds left.\n|\n|t:|1781380622\n|switch|p1a: Staraptor|Staraptor, L79, F|263/263\n|move|p2a: Banette|Shadow Sneak|p1a: Staraptor\n|-immune|p1a: Staraptor\n|\n|upkeep\n|turn|5\n|\n|t:|1781380628\n|switch|p2a: Gyarados|Gyarados, L79, F|52/280\n|move|p1a: Staraptor|Brave Bird|p2a: Gyarados\n|-damage|p2a: Gyarados|0 fnt\n|faint|p2a: Gyarados\n|-damage|p1a: Staraptor|246/263|[from] Recoil\n|\n|upkeep\n|\n|t:|1781380631\n|switch|p2a: Glastrier|Glastrier, L86|311/311\n|turn|6\n|inactive|NickPlayeZ has 120 seconds left.\n|\n|t:|1781380662\n|switch|p1a: Weezing|Weezing, L88, M|258/258\n|move|p2a: Glastrier|Icicle Crash|p1a: Weezing\n|-damage|p1a: Weezing|114/258\n|\n|-heal|p1a: Weezing|130/258|[from] item: Leftovers\n|upkeep\n|turn|7\n|\n|t:|1781380668\n|switch|p2a: Banette|Banette, L93, M|134/270\n|move|p1a: Weezing|Fire Blast|p2a: Banette\n|-damage|p2a: Banette|52/270\n|-status|p2a: Banette|brn\n|\n|-heal|p1a: Weezing|146/258|[from] item: Leftovers\n|-damage|p2a: Banette|36/270 brn|[from] brn\n|upkeep\n|turn|8\n|\n|t:|1781380674\n|move|p2a: Banette|Gunk Shot|p1a: Weezing\n|-resisted|p1a: Weezing\n|-damage|p1a: Weezing|120/258\n|-damage|p2a: Banette|9/270 brn|[from] item: Life Orb\n|move|p1a: Weezing|Fire Blast|p2a: Banette\n|-damage|p2a: Banette|0 fnt\n|faint|p2a: Banette\n|\n|-heal|p1a: Weezing|136/258|[from] item: Leftovers\n|upkeep\n|\n|t:|1781380677\n|switch|p2a: Barraskewda|Barraskewda, L81, F|231/231\n|turn|9\n|\n|t:|1781380679\n|switch|p1a: Chesnaught|Chesnaught, L84, M|285/285\n|move|p2a: Barraskewda|Psychic Fangs|p1a: Chesnaught\n|-supereffective|p1a: Chesnaught\n|-damage|p1a: Chesnaught|117/285\n|-damage|p2a: Barraskewda|193/231|[from] item: Rocky Helmet|[of] p1a: Chesnaught\n|\n|upkeep\n|turn|10\n|\n|t:|1781380686\n|switch|p1a: Staraptor|Staraptor, L79, F|246/263\n|move|p2a: Barraskewda|Psychic Fangs|p1a: Staraptor\n|-damage|p1a: Staraptor|118/263\n|\n|upkeep\n|turn|11\n|\n|t:|1781380705\n|switch|p1a: Chesnaught|Chesnaught, L84, M|117/285\n|move|p2a: Barraskewda|Psychic Fangs|p1a: Chesnaught\n|-supereffective|p1a: Chesnaught\n|-damage|p1a: Chesnaught|0 fnt\n|-damage|p2a: Barraskewda|155/231|[from] item: Rocky Helmet|[of] p1a: Chesnaught\n|faint|p1a: Chesnaught\n|\n|upkeep\n|\n|t:|1781380711\n|switch|p1a: Gardevoir|Gardevoir, L83, F|9/249\n|-ability|p1a: Gardevoir|Swift Swim|Trace|[from] ability: Trace|[of] p2a: Barraskewda\n|turn|12\n|\n|t:|1781380715\n|switch|p2a: Glastrier|Glastrier, L86|311/311\n|move|p1a: Gardevoir|Moonblast|p2a: Glastrier\n|-damage|p2a: Glastrier|206/311\n|\n|upkeep\n|turn|13\n|\n|t:|1781380724\n|move|p1a: Gardevoir|Moonblast|p2a: Glastrier\n|-damage|p2a: Glastrier|104/311\n|-unboost|p2a: Glastrier|spa|1\n|move|p2a: Glastrier|Heavy Slam|p1a: Gardevoir\n|-supereffective|p1a: Gardevoir\n|-damage|p1a: Gardevoir|0 fnt\n|faint|p1a: Gardevoir\n|-ability|p2a: Glastrier|Chilling Neigh|boost\n|-boost|p2a: Glastrier|atk|1\n|\n|upkeep\n|\n|t:|1781380729\n|switch|p1a: Staraptor|Staraptor, L79, F|118/263\n|turn|14\n|\n|t:|1781380733\n|switch|p2a: Eiscue|Eiscue, L88, M|274/274\n|move|p1a: Staraptor|Brave Bird|p2a: Eiscue\n|-activate|p2a: Eiscue|ability: Ice Face\n|-damage|p2a: Eiscue|274/274\n|detailschange|p2a: Eiscue|Eiscue-Noice, L88, M\n|\n|upkeep\n|turn|15\n|c|\u2606NickPlayeZ|thank you for that dogshit website\n|inactive|NickPlayeZ has 120 seconds left.\n|c|\u2606NickPlayeZ|give my opponent 2 ice tpes when i got 0 switch ins\n|\n|t:|1781380770\n|move|p2a: Eiscue|Belly Drum|p2a: Eiscue\n|-damage|p2a: Eiscue|137/274\n|-setboost|p2a: Eiscue|atk|6|[from] move: Belly Drum\n|-enditem|p2a: Eiscue|Sitrus Berry|[eat]\n|-heal|p2a: Eiscue|205/274|[from] item: Sitrus Berry\n|move|p1a: Staraptor|Brave Bird|p2a: Eiscue\n|-damage|p2a: Eiscue|0 fnt\n|faint|p2a: Eiscue\n|-damage|p1a: Staraptor|50/263|[from] Recoil\n|\n|upkeep\n|c|\u2606NickPlayeZ|?\n|\n|t:|1781380772\n|switch|p2a: Barraskewda|Barraskewda, L81, F|155/231\n|turn|16\n|\n|t:|1781380776\n|move|p2a: Barraskewda|Psychic Fangs|p1a: Staraptor\n|-damage|p1a: Staraptor|0 fnt\n|faint|p1a: Staraptor\n|\n|upkeep\n|\n|t:|1781380783\n|switch|p1a: Palkia|Palkia-Origin, L72|249/249\n|-ability|p1a: Palkia|Pressure\n|turn|17\n|\n|t:|1781380785\n|move|p2a: Barraskewda|Psychic Fangs|p1a: Palkia\n|-damage|p1a: Palkia|138/249\n|move|p1a: Palkia|Thunder Wave|p2a: Barraskewda\n|-status|p2a: Barraskewda|par\n|\n|upkeep\n|turn|18\n|\n|t:|1781380797\n|switch|p2a: Glastrier|Glastrier, L86|104/311\n|move|p1a: Palkia|Draco Meteor|p2a: Glastrier\n|-damage|p2a: Glastrier|0 fnt\n|-unboost|p1a: Palkia|spa|2\n|faint|p2a: Glastrier\n|\n|upkeep\n|\n|t:|1781380802\n|switch|p2a: Meowscarada|Meowscarada, L78, F|247/247\n|turn|19\n|\n|t:|1781380819\n|move|p2a: Meowscarada|Flower Trick|p1a: Palkia\n|-start|p2a: Meowscarada|typechange|Grass|[from] ability: Protean\n|-crit|p1a: Palkia\n|-damage|p1a: Palkia|35/249\n|move|p1a: Palkia|Draco Meteor|p2a: Meowscarada\n|-damage|p2a: Meowscarada|138/247\n|-unboost|p1a: Palkia|spa|2\n|\n|upkeep\n|turn|20\n|\n|t:|1781380828\n|move|p2a: Meowscarada|Knock Off|p1a: Palkia\n|-damage|p1a: Palkia|0 fnt\n|faint|p1a: Palkia\n|\n|upkeep\n|\n|t:|1781380849\n|switch|p1a: Mienshao|Mienshao, L83, F|243/243\n|turn|21\n|\n|t:|1781380856\n|-terastallize|p2a: Meowscarada|Grass\n|move|p2a: Meowscarada|Flower Trick|p1a: Mienshao\n|-crit|p1a: Mienshao\n|-damage|p1a: Mienshao|37/243\n|move|p1a: Mienshao|U-turn|p2a: Meowscarada\n|-supereffective|p2a: Meowscarada\n|-damage|p2a: Meowscarada|0 fnt\n|faint|p2a: Meowscarada\n|\n|t:|1781380858\n|switch|p1a: Weezing|Weezing, L88, M|136/258|[from] U-turn\n|\n|-heal|p1a: Weezing|152/258|[from] item: Leftovers\n|upkeep\n|\n|t:|1781380863\n|switch|p2a: Barraskewda|Barraskewda, L81, F|155/231 par\n|turn|22\n|\n|t:|1781380872\n|move|p1a: Weezing|Fire Blast|p2a: Barraskewda|[miss]\n|-miss|p1a: Weezing|p2a: Barraskewda\n|cant|p2a: Barraskewda|par\n|\n|-heal|p1a: Weezing|168/258|[from] item: Leftovers\n|upkeep\n|turn|23\n|\n|t:|1781380874\n|move|p1a: Weezing|Fire Blast|p2a: Barraskewda\n|-resisted|p2a: Barraskewda\n|-damage|p2a: Barraskewda|97/231 par\n|move|p2a: Barraskewda|Psychic Fangs|p1a: Weezing\n|-supereffective|p1a: Weezing\n|-crit|p1a: Weezing\n|-damage|p1a: Weezing|0 fnt\n|faint|p1a: Weezing\n|\n|upkeep\n|\n|t:|1781380876\n|switch|p1a: Mienshao|Mienshao, L83, F|37/243\n|turn|24\n|\n|t:|1781380885\n|move|p1a: Mienshao|Knock Off|p2a: Barraskewda\n|-damage|p2a: Barraskewda|0 fnt\n|-enditem|p2a: Barraskewda|Choice Band|[from] move: Knock Off|[of] p1a: Mienshao\n|faint|p2a: Barraskewda\n|\n|win|NickPlayeZ\n", "uploadtime": 1781380562, "views": 8, "formatid": "gen9randombattle", "rating": null, "private": 0, "password": null}