{"id": "gen9randombattle-2631460374", "format": "[Gen 9] Random Battle", "players": ["Yakobo", "abrahamwer"], "log": "|j|\u2606Yakobo\n|j|\u2606abrahamwer\n|t:|1781387419\n|gametype|singles\n|player|p1|Yakobo|blackbelt-gen4|1164\n|player|p2|abrahamwer|pokemaniac|1135\n|gen|9\n|tier|[Gen 9] Random Battle\n|rated|\n|rule|Species Clause: Limit one of each Pok\u00e9mon\n|rule|HP Percentage Mod: HP is shown in percentages\n|rule|Sleep Clause Mod: Limit one foe put to sleep\n|rule|Illusion Level Mod: Illusion disguises the Pok\u00e9mon's true level\n|\n|t:|1781387419\n|teamsize|p1|6\n|teamsize|p2|6\n|start\n|switch|p1a: Masquerain|Masquerain, L87, M|264/264\n|switch|p2a: Rillaboom|Rillaboom, L79, M|288/288\n|-ability|p1a: Masquerain|Intimidate|boost\n|-unboost|p2a: Rillaboom|atk|1\n|-fieldstart|move: Grassy Terrain|[from] ability: Grassy Surge|[of] p2a: Rillaboom\n|turn|1\n|\n|t:|1781387443\n|switch|p2a: Volcanion|Volcanion, L79|255/255\n|move|p1a: Masquerain|Hurricane|p2a: Volcanion|[miss]\n|-miss|p1a: Masquerain|p2a: Volcanion\n|\n|upkeep\n|turn|2\n|\n|t:|1781387453\n|move|p1a: Masquerain|Sticky Web|p2a: Volcanion\n|-sidestart|p2: abrahamwer|move: Sticky Web\n|move|p2a: Volcanion|Flame Charge|p1a: Masquerain\n|-supereffective|p1a: Masquerain\n|-crit|p1a: Masquerain\n|-damage|p1a: Masquerain|60/264\n|-boost|p2a: Volcanion|spe|1\n|\n|upkeep\n|turn|3\n|\n|t:|1781387466\n|move|p2a: Volcanion|Flame Charge|p1a: Masquerain\n|-supereffective|p1a: Masquerain\n|-damage|p1a: Masquerain|0 fnt\n|-boost|p2a: Volcanion|spe|1\n|faint|p1a: Masquerain\n|\n|upkeep\n|\n|t:|1781387479\n|switch|p1a: Ampharos|Ampharos, L88, M|302/302\n|turn|4\n|\n|t:|1781387491\n|move|p2a: Volcanion|Earth Power|p1a: Ampharos\n|-supereffective|p1a: Ampharos\n|-damage|p1a: Ampharos|218/302\n|move|p1a: Ampharos|Discharge|p2a: Volcanion\n|-supereffective|p2a: Volcanion\n|-damage|p2a: Volcanion|109/255\n|\n|-heal|p2a: Volcanion|124/255|[from] Grassy Terrain\n|-heal|p1a: Ampharos|236/302|[from] Grassy Terrain\n|upkeep\n|turn|5\n|\n|t:|1781387526\n|switch|p2a: Appletun|Appletun, L92, M|352/352\n|-activate|p2a: Appletun|move: Sticky Web\n|-unboost|p2a: Appletun|spe|1\n|move|p1a: Ampharos|Volt Switch|p2a: Appletun\n|-resisted|p2a: Appletun\n|-damage|p2a: Appletun|331/352\n|\n|t:|1781387545\n|switch|p1a: Medicham|Medicham, L86, M|243/243|[from] Volt Switch\n|\n|-heal|p2a: Appletun|352/352|[from] Grassy Terrain\n|-fieldend|move: Grassy Terrain\n|upkeep\n|turn|6\n|\n|t:|1781387557\n|move|p1a: Medicham|Poison Jab|p2a: Appletun\n|-supereffective|p2a: Appletun\n|-damage|p2a: Appletun|186/352\n|move|p2a: Appletun|Leech Seed|p1a: Medicham\n|-start|p1a: Medicham|move: Leech Seed\n|\n|-heal|p2a: Appletun|208/352|[from] item: Leftovers\n|-damage|p1a: Medicham|213/243|[from] Leech Seed|[of] p2a: Appletun\n|-heal|p2a: Appletun|238/352|[silent]\n|upkeep\n|turn|7\n|\n|t:|1781387566\n|move|p1a: Medicham|Poison Jab|p2a: Appletun\n|-supereffective|p2a: Appletun\n|-damage|p2a: Appletun|70/352\n|move|p2a: Appletun|Draco Meteor|p1a: Medicham|[miss]\n|-miss|p2a: Appletun|p1a: Medicham\n|\n|-heal|p2a: Appletun|92/352|[from] item: Leftovers\n|-damage|p1a: Medicham|183/243|[from] Leech Seed|[of] p2a: Appletun\n|-heal|p2a: Appletun|122/352|[silent]\n|upkeep\n|turn|8\n|\n|t:|1781387585\n|-terastallize|p2a: Appletun|Steel\n|move|p1a: Medicham|Poison Jab|p2a: Appletun\n|-immune|p2a: Appletun\n|move|p2a: Appletun|Draco Meteor|p1a: Medicham\n|-damage|p1a: Medicham|0 fnt\n|-unboost|p2a: Appletun|spa|2\n|faint|p1a: Medicham\n|\n|-heal|p2a: Appletun|144/352|[from] item: Leftovers\n|upkeep\n|\n|t:|1781387620\n|switch|p1a: Weavile|Weavile, L79, M|239/239\n|turn|9\n|\n|t:|1781387632\n|switch|p2a: Salazzle|Salazzle, L83, F|249/249\n|move|p1a: Weavile|Triple Axel|p2a: Salazzle\n|-resisted|p2a: Salazzle\n|-damage|p2a: Salazzle|228/249\n|-hitcount|p2a: Salazzle|1\n|\n|upkeep\n|turn|10\n|\n|t:|1781387646\n|switch|p1a: Chansey|Chansey, L85, F|564/564\n|move|p2a: Salazzle|Nasty Plot|p2a: Salazzle\n|-boost|p2a: Salazzle|spa|2\n|\n|upkeep\n|turn|11\n|\n|t:|1781387658\n|-terastallize|p1a: Chansey|Ghost\n|move|p2a: Salazzle|Sludge Wave|p1a: Chansey\n|-resisted|p1a: Chansey\n|-damage|p1a: Chansey|500/564\n|move|p1a: Chansey|Thunder Wave|p2a: Salazzle\n|-status|p2a: Salazzle|par\n|\n|upkeep\n|turn|12\n|\n|t:|1781387672\n|move|p1a: Chansey|Seismic Toss|p2a: Salazzle\n|-damage|p2a: Salazzle|143/249 par\n|move|p2a: Salazzle|Fire Blast|p1a: Chansey\n|-damage|p1a: Chansey|365/564\n|\n|upkeep\n|turn|13\n|\n|t:|1781387705\n|switch|p2a: Cyclizar|Cyclizar, L83, M|252/252\n|move|p1a: Chansey|Seismic Toss|p2a: Cyclizar\n|-damage|p2a: Cyclizar|167/252\n|\n|upkeep\n|turn|14\n|\n|t:|1781387731\n|move|p2a: Cyclizar|Rapid Spin|p1a: Chansey\n|-immune|p1a: Chansey\n|move|p1a: Chansey|Seismic Toss|p2a: Cyclizar\n|-damage|p2a: Cyclizar|82/252\n|\n|upkeep\n|turn|15\n|c|\u2606abrahamwer|Bruh\n|\n|t:|1781387743\n|move|p2a: Cyclizar|Knock Off|p1a: Chansey\n|-supereffective|p1a: Chansey\n|-damage|p1a: Chansey|75/564\n|-enditem|p1a: Chansey|Eviolite|[from] move: Knock Off|[of] p2a: Cyclizar\n|move|p1a: Chansey|Seismic Toss|p2a: Cyclizar\n|-damage|p2a: Cyclizar|0 fnt\n|faint|p2a: Cyclizar\n|\n|upkeep\n|\n|t:|1781387762\n|switch|p2a: Salazzle|Salazzle, L83, F|143/249 par\n|turn|16\n|\n|t:|1781387774\n|move|p1a: Chansey|Soft-Boiled|p1a: Chansey\n|-heal|p1a: Chansey|357/564\n|move|p2a: Salazzle|Fire Blast|p1a: Chansey\n|-damage|p1a: Chansey|255/564\n|\n|upkeep\n|turn|17\n|\n|t:|1781387787\n|switch|p2a: Mismagius|Mismagius, L86, M|243/243\n|move|p1a: Chansey|Soft-Boiled|p1a: Chansey\n|-heal|p1a: Chansey|537/564\n|\n|upkeep\n|turn|18\n|\n|t:|1781387804\n|switch|p1a: Ampharos|Ampharos, L88, M|236/302\n|move|p2a: Mismagius|Nasty Plot|p2a: Mismagius\n|-boost|p2a: Mismagius|spa|2\n|\n|upkeep\n|turn|19\n|\n|t:|1781387816\n|move|p2a: Mismagius|Shadow Ball|p1a: Ampharos\n|-damage|p1a: Ampharos|71/302\n|-damage|p2a: Mismagius|219/243|[from] item: Life Orb\n|move|p1a: Ampharos|Discharge|p2a: Mismagius\n|-crit|p2a: Mismagius\n|-damage|p2a: Mismagius|90/243\n|\n|upkeep\n|turn|20\n|\n|t:|1781387826\n|move|p2a: Mismagius|Shadow Ball|p1a: Ampharos\n|-damage|p1a: Ampharos|0 fnt\n|faint|p1a: Ampharos\n|-damage|p2a: Mismagius|66/243|[from] item: Life Orb\n|\n|upkeep\n|\n|t:|1781387838\n|switch|p1a: Weavile|Weavile, L79, M|239/239\n|turn|21\n|\n|t:|1781387847\n|switch|p2a: Volcanion|Volcanion, L79|124/255\n|-activate|p2a: Volcanion|move: Sticky Web\n|-unboost|p2a: Volcanion|spe|1\n|move|p1a: Weavile|Knock Off|p2a: Volcanion\n|-damage|p2a: Volcanion|0 fnt\n|-enditem|p2a: Volcanion|Assault Vest|[from] move: Knock Off|[of] p1a: Weavile\n|faint|p2a: Volcanion\n|\n|upkeep\n|\n|t:|1781387856\n|switch|p2a: Appletun|Appletun, L92, M, tera:Steel|144/352\n|-activate|p2a: Appletun|move: Sticky Web\n|-unboost|p2a: Appletun|spe|1\n|turn|22\n|\n|t:|1781387864\n|switch|p1a: Chansey|Chansey, L85, F, tera:Ghost|537/564\n|move|p2a: Appletun|Recover|p2a: Appletun\n|-heal|p2a: Appletun|320/352\n|\n|-heal|p2a: Appletun|342/352|[from] item: Leftovers\n|upkeep\n|turn|23\n|\n|t:|1781387873\n|move|p1a: Chansey|Seismic Toss|p2a: Appletun\n|-damage|p2a: Appletun|257/352\n|move|p2a: Appletun|Leech Seed|p1a: Chansey\n|-start|p1a: Chansey|move: Leech Seed\n|\n|-heal|p2a: Appletun|279/352|[from] item: Leftovers\n|-damage|p1a: Chansey|467/564|[from] Leech Seed|[of] p2a: Appletun\n|-heal|p2a: Appletun|349/352|[silent]\n|upkeep\n|turn|24\n|\n|t:|1781387886\n|move|p1a: Chansey|Seismic Toss|p2a: Appletun\n|-damage|p2a: Appletun|264/352\n|move|p2a: Appletun|Apple Acid|p1a: Chansey\n|-damage|p1a: Chansey|379/564\n|-unboost|p1a: Chansey|spd|1\n|\n|-heal|p2a: Appletun|286/352|[from] item: Leftovers\n|-damage|p1a: Chansey|309/564|[from] Leech Seed|[of] p2a: Appletun\n|-heal|p2a: Appletun|352/352|[silent]\n|upkeep\n|turn|25\n|\n|t:|1781387910\n|switch|p1a: Trevenant|Trevenant, L89, F|296/296\n|move|p2a: Appletun|Leech Seed|p1a: Trevenant\n|-immune|p1a: Trevenant\n|\n|upkeep\n|turn|26\n|c|\u2606abrahamwer|Lucky\n|\n|t:|1781387929\n|move|p1a: Trevenant|Drain Punch|p2a: Appletun\n|-supereffective|p2a: Appletun\n|-damage|p2a: Appletun|170/352\n|-damage|p1a: Trevenant|267/296|[from] item: Life Orb\n|move|p2a: Appletun|Draco Meteor|p1a: Trevenant|[miss]\n|-miss|p2a: Appletun|p1a: Trevenant\n|\n|-heal|p2a: Appletun|192/352|[from] item: Leftovers\n|upkeep\n|turn|27\n|\n|t:|1781387939\n|move|p1a: Trevenant|Drain Punch|p2a: Appletun\n|-supereffective|p2a: Appletun\n|-damage|p2a: Appletun|36/352\n|-heal|p1a: Trevenant|296/296|[from] drain|[of] p2a: Appletun\n|-damage|p1a: Trevenant|267/296|[from] item: Life Orb\n|move|p2a: Appletun|Draco Meteor|p1a: Trevenant\n|-damage|p1a: Trevenant|93/296\n|-unboost|p2a: Appletun|spa|2\n|\n|-heal|p2a: Appletun|58/352|[from] item: Leftovers\n|upkeep\n|turn|28\n|\n|t:|1781387951\n|switch|p2a: Mismagius|Mismagius, L86, M|66/243\n|move|p1a: Trevenant|Drain Punch|p2a: Mismagius\n|-immune|p2a: Mismagius\n|\n|upkeep\n|turn|29\n|\n|t:|1781387962\n|switch|p1a: Chansey|Chansey, L85, F, tera:Ghost|309/564\n|move|p2a: Mismagius|Dazzling Gleam|p1a: Chansey\n|-damage|p1a: Chansey|241/564\n|-damage|p2a: Mismagius|42/243|[from] item: Life Orb\n|\n|upkeep\n|turn|30\n|\n|t:|1781387973\n|move|p2a: Mismagius|Shadow Ball|p1a: Chansey\n|-supereffective|p1a: Chansey\n|-damage|p1a: Chansey|38/564\n|-damage|p2a: Mismagius|18/243|[from] item: Life Orb\n|move|p1a: Chansey|Soft-Boiled|p1a: Chansey\n|-heal|p1a: Chansey|320/564\n|\n|upkeep\n|turn|31\n|\n|t:|1781387995\n|move|p2a: Mismagius|Shadow Ball|p1a: Chansey\n|-supereffective|p1a: Chansey\n|-damage|p1a: Chansey|99/564\n|-damage|p2a: Mismagius|0 fnt|[from] item: Life Orb\n|faint|p2a: Mismagius\n|move|p1a: Chansey|Soft-Boiled|p1a: Chansey\n|-heal|p1a: Chansey|381/564\n|\n|upkeep\n|\n|t:|1781388002\n|switch|p2a: Rillaboom|Rillaboom, L79, M|288/288\n|-activate|p2a: Rillaboom|move: Sticky Web\n|-unboost|p2a: Rillaboom|spe|1\n|-fieldstart|move: Grassy Terrain|[from] ability: Grassy Surge|[of] p2a: Rillaboom\n|turn|32\n|\n|t:|1781388012\n|move|p1a: Chansey|Thunder Wave|p2a: Rillaboom\n|-status|p2a: Rillaboom|par\n|move|p2a: Rillaboom|Swords Dance|p2a: Rillaboom\n|-boost|p2a: Rillaboom|atk|2\n|\n|-heal|p1a: Chansey|416/564|[from] Grassy Terrain\n|upkeep\n|turn|33\n|\n|t:|1781388020\n|move|p1a: Chansey|Seismic Toss|p2a: Rillaboom\n|-damage|p2a: Rillaboom|203/288 par\n|move|p2a: Rillaboom|Wood Hammer|p1a: Chansey\n|-damage|p1a: Chansey|0 fnt\n|faint|p1a: Chansey\n|-damage|p2a: Rillaboom|66/288 par|[from] Recoil\n|-damage|p2a: Rillaboom|38/288 par|[from] item: Life Orb\n|\n|-heal|p2a: Rillaboom|56/288 par|[from] Grassy Terrain\n|upkeep\n|\n|t:|1781388031\n|switch|p1a: Weavile|Weavile, L79, M|239/239\n|turn|34\n|\n|t:|1781388040\n|move|p1a: Weavile|Ice Shard|p2a: Rillaboom\n|-supereffective|p2a: Rillaboom\n|-damage|p2a: Rillaboom|0 fnt\n|faint|p2a: Rillaboom\n|\n|upkeep\n|\n|t:|1781388052\n|switch|p2a: Salazzle|Salazzle, L83, F|143/249 par\n|turn|35\n|\n|t:|1781388065\n|switch|p1a: Trevenant|Trevenant, L89, F|93/296\n|cant|p2a: Salazzle|par\n|\n|-heal|p1a: Trevenant|111/296|[from] Grassy Terrain\n|-heal|p2a: Salazzle|158/249 par|[from] Grassy Terrain\n|upkeep\n|turn|36\n|\n|t:|1781388095\n|move|p1a: Trevenant|Poltergeist|p2a: Salazzle\n|-activate|p2a: Salazzle|move: Poltergeist|Heavy-Duty Boots\n|-damage|p2a: Salazzle|0 fnt\n|faint|p2a: Salazzle\n|-damage|p1a: Trevenant|82/296|[from] item: Life Orb\n|\n|-heal|p1a: Trevenant|100/296|[from] Grassy Terrain\n|-fieldend|move: Grassy Terrain\n|upkeep\n|\n|t:|1781388099\n|switch|p2a: Appletun|Appletun, L92, M, tera:Steel|58/352\n|-activate|p2a: Appletun|move: Sticky Web\n|-unboost|p2a: Appletun|spe|1\n|turn|37\n|\n|t:|1781388107\n|move|p1a: Trevenant|Drain Punch|p2a: Appletun\n|-supereffective|p2a: Appletun\n|-damage|p2a: Appletun|0 fnt\n|-heal|p1a: Trevenant|129/296|[from] drain|[of] p2a: Appletun\n|faint|p2a: Appletun\n|-damage|p1a: Trevenant|100/296|[from] item: Life Orb\n|\n|win|Yakobo\n|raw|Yakobo's rating: 1164 &rarr; <strong>1187</strong><br />(+23 for winning)\n|raw|abrahamwer's rating: 1135 &rarr; <strong>1112</strong><br />(-23 for losing)\n", "uploadtime": 1781388116, "views": 10, "formatid": "gen9randombattle", "rating": 1112, "private": 0, "password": null}