{"id": "gen9randombattle-2631679863", "format": "[Gen 9] Random Battle", "players": ["Wengweng33", "akumaavgc"], "log": "|j|\u2606Wengweng33\n|j|\u2606akumaavgc\n|t:|1781420382\n|gametype|singles\n|player|p1|Wengweng33|ethan|1187\n|player|p2|akumaavgc|gladion-stance|1220\n|gen|9\n|tier|[Gen 9] Random Battle\n|rated|\n|rule|Species Clause: Limit one of each Pok\u00e9mon\n|rule|HP Percentage Mod: HP is shown in percentages\n|rule|Sleep Clause Mod: Limit one foe put to sleep\n|rule|Illusion Level Mod: Illusion disguises the Pok\u00e9mon's true level\n|\n|t:|1781420382\n|teamsize|p1|6\n|teamsize|p2|6\n|start\n|switch|p1a: Manaphy|Manaphy, L78|284/284\n|switch|p2a: Drifblim|Drifblim, L86, M|398/398\n|turn|1\n|inactive|Battle timer is ON: inactive players will automatically lose when time's up. (requested by akumaavgc)\n|j| LOKIGIANDOI\n|\n|t:|1781420397\n|move|p1a: Manaphy|Ice Beam|p2a: Drifblim\n|-supereffective|p2a: Drifblim\n|-damage|p2a: Drifblim|238/398\n|move|p2a: Drifblim|Shadow Ball|p1a: Manaphy\n|-damage|p1a: Manaphy|199/284\n|\n|-heal|p1a: Manaphy|216/284|[from] item: Leftovers\n|upkeep\n|turn|2\n|\n|t:|1781420404\n|switch|p2a: Slowbro|Slowbro-Galar, L87, M|307/307\n|move|p1a: Manaphy|Ice Beam|p2a: Slowbro\n|-damage|p2a: Slowbro|241/307\n|\n|-heal|p1a: Manaphy|233/284|[from] item: Leftovers\n|upkeep\n|turn|3\n|\n|t:|1781420419\n|switch|p1a: Deoxys|Deoxys-Defense, L84|221/221\n|-ability|p1a: Deoxys|Pressure\n|move|p2a: Slowbro|Shell Side Arm|p1a: Deoxys|[anim] Shell Side Arm Physical\n|-crit|p1a: Deoxys\n|-damage|p1a: Deoxys|95/221\n|-hint|Physical Shell Side Arm\n|-damage|p2a: Slowbro|211/307|[from] item: Life Orb\n|\n|-heal|p1a: Deoxys|108/221|[from] item: Leftovers\n|upkeep\n|turn|4\n|\n|t:|1781420441\n|switch|p2a: Volbeat|Volbeat, L90, M|263/263\n|-terastallize|p1a: Deoxys|Steel\n|move|p1a: Deoxys|Night Shade|p2a: Volbeat\n|-damage|p2a: Volbeat|179/263\n|\n|-heal|p1a: Deoxys|121/221|[from] item: Leftovers\n|upkeep\n|turn|5\n|\n|t:|1781420455\n|move|p2a: Volbeat|Encore|p1a: Deoxys\n|-start|p1a: Deoxys|Encore\n|move|p1a: Deoxys|Night Shade|p2a: Volbeat\n|-damage|p2a: Volbeat|95/263\n|\n|-heal|p1a: Deoxys|134/221|[from] item: Leftovers\n|upkeep\n|turn|6\n|\n|t:|1781420462\n|switch|p2a: Komala|Komala, L88, M|258/258\n|-ability|p2a: Komala|Comatose\n|move|p1a: Deoxys|Night Shade|p2a: Komala\n|-immune|p2a: Komala\n|\n|-heal|p1a: Deoxys|147/221|[from] item: Leftovers\n|upkeep\n|turn|7\n|\n|t:|1781420473\n|switch|p1a: Pawmot|Pawmot, L80, M|243/243\n|move|p2a: Komala|Knock Off|p1a: Pawmot\n|-resisted|p1a: Pawmot\n|-damage|p1a: Pawmot|192/243\n|-enditem|p1a: Pawmot|Life Orb|[from] move: Knock Off|[of] p2a: Komala\n|\n|upkeep\n|turn|8\n|\n|t:|1781420479\n|switch|p2a: Clodsire|Clodsire, L81, M|343/343\n|move|p1a: Pawmot|Double Shock|p2a: Clodsire\n|-immune|p2a: Clodsire\n|\n|upkeep\n|turn|9\n|\n|t:|1781420492\n|switch|p1a: Regice|Regice, L88|284/284\n|move|p2a: Clodsire|Earthquake|p1a: Regice\n|-damage|p1a: Regice|215/284\n|\n|upkeep\n|turn|10\n|\n|t:|1781420510\n|-terastallize|p2a: Clodsire|Steel\n|move|p1a: Regice|Ice Beam|p2a: Clodsire\n|-resisted|p2a: Clodsire\n|-damage|p2a: Clodsire|290/343\n|move|p2a: Clodsire|Gunk Shot|p1a: Regice\n|-damage|p1a: Regice|137/284\n|-status|p1a: Regice|psn\n|\n|-heal|p2a: Clodsire|311/343|[from] item: Leftovers\n|-damage|p1a: Regice|102/284 psn|[from] psn\n|upkeep\n|turn|11\n|\n|t:|1781420519\n|move|p1a: Regice|Rest|p1a: Regice\n|-status|p1a: Regice|slp|[from] move: Rest\n|-heal|p1a: Regice|284/284 slp|[silent]\n|move|p2a: Clodsire|Gunk Shot|p1a: Regice\n|-crit|p1a: Regice\n|-damage|p1a: Regice|155/284 slp\n|\n|-heal|p2a: Clodsire|332/343|[from] item: Leftovers\n|upkeep\n|turn|12\n|\n|t:|1781420528\n|switch|p1a: Pawmot|Pawmot, L80, M|192/243\n|move|p2a: Clodsire|Gunk Shot|p1a: Pawmot\n|-damage|p1a: Pawmot|65/243\n|-status|p1a: Pawmot|psn\n|\n|-heal|p2a: Clodsire|343/343|[from] item: Leftovers\n|-damage|p1a: Pawmot|35/243 psn|[from] psn\n|upkeep\n|turn|13\n|\n|t:|1781420539\n|switch|p2a: Drifblim|Drifblim, L86, M|238/398\n|move|p1a: Pawmot|Close Combat|p2a: Drifblim\n|-immune|p2a: Drifblim\n|\n|-damage|p1a: Pawmot|5/243 psn|[from] psn\n|upkeep\n|turn|14\n|\n|t:|1781420544\n|switch|p2a: Whiscash|Whiscash, L88, M|337/337\n|move|p1a: Pawmot|Double Shock|p2a: Whiscash\n|-immune|p2a: Whiscash\n|\n|-damage|p1a: Pawmot|0 fnt|[from] psn\n|faint|p1a: Pawmot\n|upkeep\n|\n|t:|1781420557\n|switch|p1a: Glaceon|Glaceon, L94, F|275/275\n|turn|15\n|\n|t:|1781420563\n|switch|p2a: Clodsire|Clodsire, L81, M, tera:Steel|343/343\n|move|p1a: Glaceon|Freeze-Dry|p2a: Clodsire\n|-resisted|p2a: Clodsire\n|-damage|p2a: Clodsire|291/343\n|\n|-heal|p2a: Clodsire|312/343|[from] item: Leftovers\n|upkeep\n|turn|16\n|\n|t:|1781420580\n|move|p1a: Glaceon|Mud Shot|p2a: Clodsire\n|-supereffective|p2a: Clodsire\n|-damage|p2a: Clodsire|198/343\n|-unboost|p2a: Clodsire|spe|1\n|move|p2a: Clodsire|Toxic|p1a: Glaceon\n|-status|p1a: Glaceon|tox\n|\n|-heal|p2a: Clodsire|219/343|[from] item: Leftovers\n|-damage|p1a: Glaceon|258/275 tox|[from] psn\n|upkeep\n|turn|17\n|\n|t:|1781420588\n|switch|p2a: Volbeat|Volbeat, L90, M|95/263\n|move|p1a: Glaceon|Mud Shot|p2a: Volbeat\n|-resisted|p2a: Volbeat\n|-damage|p2a: Volbeat|67/263\n|-unboost|p2a: Volbeat|spe|1\n|\n|-damage|p1a: Glaceon|224/275 tox|[from] psn\n|upkeep\n|turn|18\n|\n|t:|1781420593\n|move|p2a: Volbeat|Encore|p1a: Glaceon\n|-start|p1a: Glaceon|Encore\n|move|p1a: Glaceon|Mud Shot|p2a: Volbeat\n|-resisted|p2a: Volbeat\n|-damage|p2a: Volbeat|39/263\n|-unboost|p2a: Volbeat|spe|1\n|\n|-damage|p1a: Glaceon|173/275 tox|[from] psn\n|upkeep\n|turn|19\n|\n|t:|1781420595\n|move|p2a: Volbeat|Roost|p2a: Volbeat\n|-heal|p2a: Volbeat|171/263\n|-singleturn|p2a: Volbeat|move: Roost\n|move|p1a: Glaceon|Mud Shot|p2a: Volbeat\n|-resisted|p2a: Volbeat\n|-damage|p2a: Volbeat|140/263\n|-unboost|p2a: Volbeat|spe|1\n|\n|-damage|p1a: Glaceon|105/275 tox|[from] psn\n|upkeep\n|turn|20\n|\n|t:|1781420603\n|switch|p1a: Deoxys|Deoxys-Defense, L84, tera:Steel|147/221\n|-ability|p1a: Deoxys|Pressure\n|move|p2a: Volbeat|Roost|p2a: Volbeat\n|-heal|p2a: Volbeat|263/263\n|-singleturn|p2a: Volbeat|move: Roost\n|\n|-heal|p1a: Deoxys|160/221|[from] item: Leftovers\n|upkeep\n|turn|21\n|\n|t:|1781420610\n|move|p2a: Volbeat|Thunder Wave|p1a: Deoxys\n|-status|p1a: Deoxys|par\n|cant|p1a: Deoxys|par\n|\n|-heal|p1a: Deoxys|173/221 par|[from] item: Leftovers\n|upkeep\n|turn|22\n|\n|t:|1781420617\n|switch|p2a: Whiscash|Whiscash, L88, M|337/337\n|cant|p1a: Deoxys|par\n|\n|-heal|p1a: Deoxys|186/221 par|[from] item: Leftovers\n|upkeep\n|turn|23\n|\n|t:|1781420623\n|move|p2a: Whiscash|Stealth Rock|p1a: Deoxys\n|-sidestart|p1: Wengweng33|move: Stealth Rock\n|cant|p1a: Deoxys|par\n|\n|-heal|p1a: Deoxys|199/221 par|[from] item: Leftovers\n|upkeep\n|turn|24\n|\n|t:|1781420628\n|move|p2a: Whiscash|Earthquake|p1a: Deoxys\n|-supereffective|p1a: Deoxys\n|-damage|p1a: Deoxys|79/221 par\n|move|p1a: Deoxys|Cosmic Power|p1a: Deoxys\n|-boost|p1a: Deoxys|def|1\n|-boost|p1a: Deoxys|spd|1\n|\n|-heal|p1a: Deoxys|92/221 par|[from] item: Leftovers\n|upkeep\n|turn|25\n|\n|t:|1781420635\n|move|p2a: Whiscash|Earthquake|p1a: Deoxys\n|-supereffective|p1a: Deoxys\n|-damage|p1a: Deoxys|0 fnt\n|faint|p1a: Deoxys\n|\n|upkeep\n|\n|t:|1781420639\n|switch|p1a: Regice|Regice, L88|155/284 slp\n|turn|26\n|\n|t:|1781420647\n|switch|p2a: Komala|Komala, L88, M|258/258\n|-ability|p2a: Komala|Comatose\n|cant|p1a: Regice|slp\n|\n|upkeep\n|turn|27\n|inactive|Wengweng33 has 120 seconds left.\n|\n|t:|1781420697\n|move|p2a: Komala|Body Slam|p1a: Regice\n|-damage|p1a: Regice|50/284 slp\n|cant|p1a: Regice|slp\n|\n|upkeep\n|turn|28\n|\n|t:|1781420702\n|move|p2a: Komala|Body Slam|p1a: Regice\n|-damage|p1a: Regice|0 fnt\n|faint|p1a: Regice\n|\n|upkeep\n|\n|t:|1781420709\n|switch|p1a: Forretress|Forretress, L84, F|263/263\n|-damage|p1a: Forretress|231/263|[from] Stealth Rock\n|turn|29\n|\n|t:|1781420715\n|switch|p2a: Drifblim|Drifblim, L86, M|238/398\n|move|p1a: Forretress|Rapid Spin|p2a: Drifblim\n|-immune|p2a: Drifblim\n|\n|-heal|p1a: Forretress|247/263|[from] item: Leftovers\n|upkeep\n|turn|30\n|inactive|Wengweng33 has 120 seconds left.\n|\n|t:|1781420725\n|move|p2a: Drifblim|Air Slash|p1a: Forretress\n|-damage|p1a: Forretress|139/263\n|move|p1a: Forretress|Thunder Wave|p2a: Drifblim\n|-status|p2a: Drifblim|par\n|\n|-heal|p1a: Forretress|155/263|[from] item: Leftovers\n|upkeep\n|turn|31\n|\n|t:|1781420732\n|move|p1a: Forretress|Iron Head|p2a: Drifblim\n|-damage|p2a: Drifblim|118/398 par\n|move|p2a: Drifblim|Strength Sap|p1a: Forretress\n|-unboost|p1a: Forretress|atk|1\n|-heal|p2a: Drifblim|317/398 par\n|\n|-heal|p1a: Forretress|171/263|[from] item: Leftovers\n|upkeep\n|turn|32\n|\n|t:|1781420738\n|switch|p1a: Glaceon|Glaceon, L94, F|105/275 tox\n|cant|p2a: Drifblim|par\n|\n|-damage|p1a: Glaceon|88/275 tox|[from] psn\n|upkeep\n|turn|33\n|\n|t:|1781420743\n|switch|p2a: Volbeat|Volbeat, L90, M|263/263\n|move|p1a: Glaceon|Freeze-Dry|p2a: Volbeat\n|-damage|p2a: Volbeat|145/263\n|\n|-damage|p1a: Glaceon|54/275 tox|[from] psn\n|upkeep\n|turn|34\n|\n|t:|1781420753\n|move|p2a: Volbeat|Roost|p2a: Volbeat\n|-heal|p2a: Volbeat|263/263\n|-singleturn|p2a: Volbeat|move: Roost\n|move|p1a: Glaceon|Freeze-Dry|p2a: Volbeat\n|-damage|p2a: Volbeat|160/263\n|\n|-damage|p1a: Glaceon|3/275 tox|[from] psn\n|upkeep\n|turn|35\n|\n|t:|1781420759\n|move|p2a: Volbeat|Lunge|p1a: Glaceon\n|-damage|p1a: Glaceon|0 fnt\n|faint|p1a: Glaceon\n|\n|upkeep\n|\n|t:|1781420768\n|switch|p1a: Manaphy|Manaphy, L78|233/284\n|-damage|p1a: Manaphy|198/284|[from] Stealth Rock\n|turn|36\n|\n|t:|1781420773\n|move|p2a: Volbeat|Thunder Wave|p1a: Manaphy|[miss]\n|-miss|p2a: Volbeat|p1a: Manaphy\n|move|p1a: Manaphy|Hydro Pump|p2a: Volbeat\n|-damage|p2a: Volbeat|54/263\n|\n|-heal|p1a: Manaphy|215/284|[from] item: Leftovers\n|upkeep\n|turn|37\n|\n|t:|1781420782\n|switch|p2a: Clodsire|Clodsire, L81, M, tera:Steel|219/343\n|move|p1a: Manaphy|Hydro Pump|p2a: Clodsire\n|-heal|p2a: Clodsire|304/343|[from] ability: Water Absorb|[of] p1a: Manaphy\n|\n|-heal|p1a: Manaphy|232/284|[from] item: Leftovers\n|-heal|p2a: Clodsire|325/343|[from] item: Leftovers\n|upkeep\n|turn|38\n|\n|t:|1781420790\n|move|p1a: Manaphy|Tail Glow|p1a: Manaphy\n|-boost|p1a: Manaphy|spa|3\n|move|p2a: Clodsire|Earthquake|p1a: Manaphy\n|-damage|p1a: Manaphy|159/284\n|\n|-heal|p1a: Manaphy|176/284|[from] item: Leftovers\n|-heal|p2a: Clodsire|343/343|[from] item: Leftovers\n|upkeep\n|turn|39\n|\n|t:|1781420800\n|move|p1a: Manaphy|Ice Beam|p2a: Clodsire\n|-resisted|p2a: Clodsire\n|-damage|p2a: Clodsire|278/343\n|move|p2a: Clodsire|Toxic|p1a: Manaphy|[miss]\n|-miss|p2a: Clodsire|p1a: Manaphy\n|\n|-heal|p1a: Manaphy|193/284|[from] item: Leftovers\n|-heal|p2a: Clodsire|299/343|[from] item: Leftovers\n|upkeep\n|turn|40\n|\n|t:|1781420805\n|move|p1a: Manaphy|Tail Glow|p1a: Manaphy\n|-boost|p1a: Manaphy|spa|3\n|move|p2a: Clodsire|Toxic|p1a: Manaphy\n|-status|p1a: Manaphy|tox\n|\n|-heal|p1a: Manaphy|210/284 tox|[from] item: Leftovers\n|-heal|p2a: Clodsire|320/343|[from] item: Leftovers\n|-damage|p1a: Manaphy|193/284 tox|[from] psn\n|upkeep\n|turn|41\n|\n|t:|1781420812\n|move|p1a: Manaphy|Energy Ball|p2a: Clodsire\n|-resisted|p2a: Clodsire\n|-damage|p2a: Clodsire|208/343\n|move|p2a: Clodsire|Recover|p2a: Clodsire\n|-heal|p2a: Clodsire|343/343\n|\n|-heal|p1a: Manaphy|210/284 tox|[from] item: Leftovers\n|-damage|p1a: Manaphy|176/284 tox|[from] psn\n|upkeep\n|turn|42\n|\n|t:|1781420816\n|move|p1a: Manaphy|Ice Beam|p2a: Clodsire\n|-resisted|p2a: Clodsire\n|-damage|p2a: Clodsire|235/343\n|move|p2a: Clodsire|Recover|p2a: Clodsire\n|-heal|p2a: Clodsire|343/343\n|\n|-heal|p1a: Manaphy|193/284 tox|[from] item: Leftovers\n|-damage|p1a: Manaphy|142/284 tox|[from] psn\n|upkeep\n|turn|43\n|\n|t:|1781420822\n|move|p1a: Manaphy|Ice Beam|p2a: Clodsire\n|-resisted|p2a: Clodsire\n|-damage|p2a: Clodsire|234/343\n|move|p2a: Clodsire|Recover|p2a: Clodsire\n|-heal|p2a: Clodsire|343/343\n|\n|-heal|p1a: Manaphy|159/284 tox|[from] item: Leftovers\n|-damage|p1a: Manaphy|91/284 tox|[from] psn\n|upkeep\n|turn|44\n|\n|t:|1781420826\n|move|p1a: Manaphy|Ice Beam|p2a: Clodsire\n|-resisted|p2a: Clodsire\n|-damage|p2a: Clodsire|245/343\n|move|p2a: Clodsire|Gunk Shot|p1a: Manaphy\n|-damage|p1a: Manaphy|0 fnt\n|faint|p1a: Manaphy\n|\n|-heal|p2a: Clodsire|266/343|[from] item: Leftovers\n|upkeep\n|\n|t:|1781420829\n|switch|p1a: Forretress|Forretress, L84, F|171/263\n|-damage|p1a: Forretress|139/263|[from] Stealth Rock\n|turn|45\n|\n|t:|1781420833\n|move|p1a: Forretress|Thunder Wave|p2a: Clodsire|[miss]\n|-miss|p1a: Forretress|p2a: Clodsire\n|move|p2a: Clodsire|Earthquake|p1a: Forretress\n|-damage|p1a: Forretress|79/263\n|\n|-heal|p1a: Forretress|95/263|[from] item: Leftovers\n|-heal|p2a: Clodsire|287/343|[from] item: Leftovers\n|upkeep\n|turn|46\n|\n|t:|1781420836\n|move|p1a: Forretress|Thunder Wave|p2a: Clodsire\n|-status|p2a: Clodsire|par\n|move|p2a: Clodsire|Earthquake|p1a: Forretress\n|-damage|p1a: Forretress|37/263\n|\n|-heal|p1a: Forretress|53/263|[from] item: Leftovers\n|-heal|p2a: Clodsire|308/343 par|[from] item: Leftovers\n|upkeep\n|turn|47\n|\n|t:|1781420841\n|switch|p2a: Slowbro|Slowbro-Galar, L87, M|307/307\n|move|p1a: Forretress|Iron Head|p2a: Slowbro\n|-damage|p2a: Slowbro|235/307\n|\n|-heal|p1a: Forretress|69/263|[from] item: Leftovers\n|upkeep\n|turn|48\n|\n|t:|1781420848\n|move|p1a: Forretress|Thunder Wave|p2a: Slowbro\n|-status|p2a: Slowbro|par\n|cant|p2a: Slowbro|par\n|\n|-heal|p1a: Forretress|85/263|[from] item: Leftovers\n|upkeep\n|turn|49\n|\n|t:|1781420853\n|move|p1a: Forretress|Rapid Spin|p2a: Slowbro\n|-damage|p2a: Slowbro|205/307 par\n|-boost|p1a: Forretress|spe|1\n|-sideend|p1: Wengweng33|Stealth Rock|[from] move: Rapid Spin|[of] p1a: Forretress\n|move|p2a: Slowbro|Fire Blast|p1a: Forretress\n|-supereffective|p1a: Forretress\n|-damage|p1a: Forretress|0 fnt\n|faint|p1a: Forretress\n|-damage|p2a: Slowbro|175/307 par|[from] item: Life Orb\n|\n|win|akumaavgc\n|raw|Wengweng33's rating: 1187 &rarr; <strong>1164</strong><br />(-23 for losing)\n|raw|akumaavgc's rating: 1220 &rarr; <strong>1243</strong><br />(+23 for winning)\n|l|\u2606Wengweng33\n|player|p1|\n", "uploadtime": 1781420858, "views": 4, "formatid": "gen9randombattle", "rating": 1164, "private": 0, "password": null}