{"id": "gen9randombattle-2631486782", "format": "[Gen 9] Random Battle", "players": ["f91swdg", "Dooopsdiiips"], "log": "|j|\u2606f91swdg\n|j|\u2606Dooopsdiiips\n|t:|1781391196\n|gametype|singles\n|player|p1|f91swdg|biker-gen4|2117\n|player|p2|Dooopsdiiips|102|2154\n|gen|9\n|tier|[Gen 9] Random Battle\n|rated|\n|rule|Species Clause: Limit one of each Pok\u00e9mon\n|rule|HP Percentage Mod: HP is shown in percentages\n|rule|Sleep Clause Mod: Limit one foe put to sleep\n|rule|Illusion Level Mod: Illusion disguises the Pok\u00e9mon's true level\n|\n|t:|1781391196\n|teamsize|p1|6\n|teamsize|p2|6\n|start\n|switch|p1a: Mienshao|Mienshao, L83, M|243/243\n|switch|p2a: Delibird|Delibird, M|252/252\n|turn|1\n|inactive|Battle timer is ON: inactive players will automatically lose when time's up. (requested by f91swdg)\n|inactive|Dooopsdiiips has 120 seconds left.\n|\n|t:|1781391244\n|move|p1a: Mienshao|High Jump Kick|p2a: Delibird\n|-damage|p2a: Delibird|0 fnt\n|faint|p2a: Delibird\n|\n|upkeep\n|inactive|Dooopsdiiips has 120 seconds left.\n|\n|t:|1781391285\n|switch|p2a: Terrakion|Terrakion, L79|273/273\n|turn|2\n|\n|t:|1781391297\n|switch|p2a: Dragapult|Dragapult, L77, M|262/262\n|move|p1a: Mienshao|High Jump Kick|p2a: Dragapult\n|-immune|p2a: Dragapult\n|-damage|p1a: Mienshao|122/243|[from] highjumpkick\n|\n|upkeep\n|turn|3\n|\n|t:|1781391325\n|switch|p1a: Dunsparce|Dunsparce, L86, M|312/312\n|move|p2a: Dragapult|U-turn|p1a: Dunsparce\n|-damage|p1a: Dunsparce|271/312\n|\n|t:|1781391333\n|switch|p2a: Terrakion|Terrakion, L79|273/273|[from] U-turn\n|\n|upkeep\n|turn|4\n|\n|t:|1781391350\n|move|p2a: Terrakion|Close Combat|p1a: Dunsparce\n|-supereffective|p1a: Dunsparce\n|-damage|p1a: Dunsparce|6/312\n|-unboost|p2a: Terrakion|def|1\n|-unboost|p2a: Terrakion|spd|1\n|-damage|p2a: Terrakion|246/273|[from] item: Life Orb\n|move|p1a: Dunsparce|Body Slam|p2a: Terrakion\n|-resisted|p2a: Terrakion\n|-damage|p2a: Terrakion|183/273\n|-status|p2a: Terrakion|par\n|\n|upkeep\n|turn|5\n|\n|t:|1781391358\n|move|p1a: Dunsparce|Earthquake|p2a: Terrakion\n|-supereffective|p2a: Terrakion\n|-damage|p2a: Terrakion|0 fnt\n|faint|p2a: Terrakion\n|\n|upkeep\n|\n|t:|1781391372\n|switch|p2a: Dragapult|Dragapult, L77, M|262/262\n|turn|6\n|\n|t:|1781391377\n|move|p2a: Dragapult|U-turn|p1a: Dunsparce\n|-damage|p1a: Dunsparce|0 fnt\n|faint|p1a: Dunsparce\n|\n|t:|1781391385\n|switch|p2a: Beartic|Beartic, L91, F|321/321|[from] U-turn\n|\n|upkeep\n|\n|t:|1781391393\n|switch|p1a: Mienshao|Mienshao, L83, M|122/243\n|turn|7\n|\n|t:|1781391403\n|move|p1a: Mienshao|High Jump Kick|p2a: Beartic\n|-supereffective|p2a: Beartic\n|-damage|p2a: Beartic|0 fnt\n|faint|p2a: Beartic\n|\n|upkeep\n|\n|t:|1781391406\n|switch|p2a: Dragapult|Dragapult, L77, M|262/262\n|turn|8\n|\n|t:|1781391413\n|switch|p1a: Cacturne|Cacturne, L92, M|278/278\n|move|p2a: Dragapult|Shadow Ball|p1a: Cacturne\n|-resisted|p1a: Cacturne\n|-damage|p1a: Cacturne|209/278\n|\n|upkeep\n|turn|9\n|\n|t:|1781391421\n|switch|p2a: Kingambit|Kingambit, L74, M|270/270\n|-activate|p2a: Kingambit|ability: Supreme Overlord\n|-start|p2a: Kingambit|fallen3|[silent]\n|move|p1a: Cacturne|Knock Off|p2a: Kingambit\n|-resisted|p2a: Kingambit\n|-damage|p2a: Kingambit|196/270\n|-enditem|p2a: Kingambit|Leftovers|[from] move: Knock Off|[of] p1a: Cacturne\n|-damage|p1a: Cacturne|182/278|[from] item: Life Orb\n|\n|upkeep\n|turn|10\n|\n|t:|1781391437\n|move|p1a: Cacturne|Leaf Storm|p2a: Kingambit\n|-resisted|p2a: Kingambit\n|-damage|p2a: Kingambit|60/270\n|-unboost|p1a: Cacturne|spa|2\n|-damage|p1a: Cacturne|155/278|[from] item: Life Orb\n|move|p2a: Kingambit|Iron Head|p1a: Cacturne\n|-damage|p1a: Cacturne|16/278\n|\n|upkeep\n|turn|11\n|\n|t:|1781391441\n|move|p2a: Kingambit|Sucker Punch|p1a: Cacturne\n|-resisted|p1a: Cacturne\n|-damage|p1a: Cacturne|0 fnt\n|faint|p1a: Cacturne\n|\n|upkeep\n|\n|t:|1781391454\n|switch|p1a: Terapagos|Terapagos, L77, F|265/265\n|-activate|p1a: Terapagos|ability: Tera Shift\n|detailschange|p1a: Terapagos|Terapagos-Terastal, L77, F\n|-heal|p1a: Terapagos|273/273|[silent]\n|turn|12\n|\n|t:|1781391469\n|move|p1a: Terapagos|Calm Mind|p1a: Terapagos\n|-boost|p1a: Terapagos|spa|1\n|-boost|p1a: Terapagos|spd|1\n|move|p2a: Kingambit|Kowtow Cleave|p1a: Terapagos\n|-activate|p1a: Terapagos|ability: Tera Shell\n|-resisted|p1a: Terapagos\n|-damage|p1a: Terapagos|221/273\n|\n|upkeep\n|turn|13\n|\n|t:|1781391478\n|move|p2a: Kingambit|Sucker Punch|p1a: Terapagos\n|-damage|p1a: Terapagos|136/273\n|move|p1a: Terapagos|Tera Starstorm|p2a: Kingambit\n|-resisted|p2a: Kingambit\n|-damage|p2a: Kingambit|0 fnt\n|faint|p2a: Kingambit\n|-end|p2a: Kingambit|fallen3|[silent]\n|\n|upkeep\n|\n|t:|1781391488\n|switch|p2a: Dragapult|Dragapult, L77, M|262/262\n|turn|14\n|\n|t:|1781391491\n|-terastallize|p2a: Dragapult|Dragon\n|move|p2a: Dragapult|Draco Meteor|p1a: Terapagos\n|-damage|p1a: Terapagos|0 fnt\n|-unboost|p2a: Dragapult|spa|2\n|faint|p1a: Terapagos\n|\n|upkeep\n|\n|t:|1781391499\n|switch|p1a: Bruxish|Bruxish, L85, F|254/254\n|turn|15\n|\n|t:|1781391514\n|move|p1a: Bruxish|Psychic Fangs|p2a: Dragapult\n|-damage|p2a: Dragapult|70/262\n|move|p2a: Dragapult|Draco Meteor|p1a: Bruxish\n|-damage|p1a: Bruxish|118/254\n|-unboost|p2a: Dragapult|spa|2\n|\n|upkeep\n|turn|16\n|\n|t:|1781391521\n|move|p1a: Bruxish|Psychic Fangs|p2a: Dragapult\n|-damage|p2a: Dragapult|0 fnt\n|faint|p2a: Dragapult\n|\n|upkeep\n|\n|t:|1781391524\n|switch|p2a: Chandelure|Chandelure, L83, F|235/235\n|turn|17\n|\n|t:|1781391528\n|switch|p1a: Slowbro|Slowbro, L85, M|300/300\n|move|p2a: Chandelure|Shadow Ball|p1a: Slowbro\n|-supereffective|p1a: Slowbro\n|-damage|p1a: Slowbro|34/300\n|\n|-heal|p1a: Slowbro|52/300|[from] item: Leftovers\n|upkeep\n|turn|18\n|\n|t:|1781391530\n|move|p2a: Chandelure|Shadow Ball|p1a: Slowbro\n|-supereffective|p1a: Slowbro\n|-damage|p1a: Slowbro|0 fnt\n|faint|p1a: Slowbro\n|\n|upkeep\n|\n|t:|1781391532\n|switch|p1a: Bruxish|Bruxish, L85, F|118/254\n|turn|19\n|\n|t:|1781391535\n|move|p1a: Bruxish|Wave Crash|p2a: Chandelure\n|-supereffective|p2a: Chandelure\n|-damage|p2a: Chandelure|0 fnt\n|faint|p2a: Chandelure\n|-damage|p1a: Bruxish|40/254|[from] Recoil\n|\n|win|f91swdg\n", "uploadtime": 1781391198, "views": 3, "formatid": "gen9randombattle", "rating": null, "private": 0, "password": null}