{"id": "gen9randombattle-2631447917", "format": "[Gen 9] Random Battle", "players": ["Diabetes1", "wrongwayright"], "log": "|j|\u2606Diabetes1\n|j|\u2606wrongwayright\n|t:|1781385857\n|gametype|singles\n|player|p1|Diabetes1|266|2084\n|player|p2|wrongwayright|pokemonrangerf-gen4|2020\n|gen|9\n|tier|[Gen 9] Random Battle\n|rated|\n|rule|Species Clause: Limit one of each Pok\u00e9mon\n|rule|HP Percentage Mod: HP is shown in percentages\n|rule|Sleep Clause Mod: Limit one foe put to sleep\n|rule|Illusion Level Mod: Illusion disguises the Pok\u00e9mon's true level\n|\n|t:|1781385857\n|teamsize|p1|6\n|teamsize|p2|6\n|start\n|switch|p1a: Torkoal|Torkoal, L88, M|266/266\n|switch|p2a: Emboar|Emboar, L84, M|322/322\n|-weather|SunnyDay|[from] ability: Drought|[of] p1a: Torkoal\n|turn|1\n|inactive|Battle timer is ON: inactive players will automatically lose when time's up. (requested by Diabetes1)\n|inactive|wrongwayright also wants the timer to be on.\n|\n|t:|1781385873\n|move|p2a: Emboar|Head Smash|p1a: Torkoal\n|-supereffective|p1a: Torkoal\n|-damage|p1a: Torkoal|68/266\n|-damage|p2a: Emboar|223/322|[from] Recoil\n|move|p1a: Torkoal|Yawn|p2a: Emboar\n|-start|p2a: Emboar|move: Yawn|[of] p1a: Torkoal\n|\n|-weather|SunnyDay|[upkeep]\n|upkeep\n|turn|2\n|\n|t:|1781385892\n|move|p2a: Emboar|Head Smash|p1a: Torkoal\n|-supereffective|p1a: Torkoal\n|-damage|p1a: Torkoal|0 fnt\n|faint|p1a: Torkoal\n|-damage|p2a: Emboar|189/322|[from] Recoil\n|\n|-weather|SunnyDay|[upkeep]\n|-end|p2a: Emboar|move: Yawn|[silent]\n|-status|p2a: Emboar|slp\n|upkeep\n|\n|t:|1781385900\n|switch|p1a: Snorlax|Snorlax, L82, M|397/397\n|turn|3\n|\n|t:|1781385917\n|switch|p2a: Dondozo|Dondozo, L78, F|362/362\n|move|p1a: Snorlax|Curse|p1a: Snorlax\n|-unboost|p1a: Snorlax|spe|1\n|-boost|p1a: Snorlax|atk|1\n|-boost|p1a: Snorlax|def|1\n|\n|-weather|SunnyDay|[upkeep]\n|upkeep\n|turn|4\n|\n|t:|1781385940\n|switch|p2a: Chimecho|Chimecho, L93, M|290/290\n|move|p1a: Snorlax|Body Slam|p2a: Chimecho\n|-damage|p2a: Chimecho|145/290\n|-status|p2a: Chimecho|par\n|\n|-weather|SunnyDay|[upkeep]\n|-heal|p2a: Chimecho|163/290 par|[from] item: Leftovers\n|upkeep\n|turn|5\n|\n|t:|1781385949\n|switch|p2a: Dondozo|Dondozo, L78, F|362/362\n|move|p1a: Snorlax|Crunch|p2a: Dondozo\n|-damage|p2a: Dondozo|313/362\n|\n|-weather|none\n|-heal|p2a: Dondozo|335/362|[from] item: Leftovers\n|upkeep\n|turn|6\n|\n|t:|1781385971\n|switch|p1a: Komala|Komala, L88, F|258/258\n|-ability|p1a: Komala|Comatose\n|move|p2a: Dondozo|Curse|p2a: Dondozo\n|-unboost|p2a: Dondozo|spe|1\n|-boost|p2a: Dondozo|atk|1\n|-boost|p2a: Dondozo|def|1\n|\n|-heal|p2a: Dondozo|357/362|[from] item: Leftovers\n|upkeep\n|turn|7\n|\n|t:|1781385988\n|move|p1a: Komala|Knock Off|p2a: Dondozo\n|-damage|p2a: Dondozo|276/362\n|-enditem|p2a: Dondozo|Leftovers|[from] move: Knock Off|[of] p1a: Komala\n|move|p2a: Dondozo|Curse|p2a: Dondozo\n|-unboost|p2a: Dondozo|spe|1\n|-boost|p2a: Dondozo|atk|1\n|-boost|p2a: Dondozo|def|1\n|\n|upkeep\n|turn|8\n|\n|t:|1781385996\n|switch|p1a: Dialga|Dialga-Origin, L73|266/266\n|-ability|p1a: Dialga|Pressure\n|move|p2a: Dondozo|Wave Crash|p1a: Dialga\n|-resisted|p1a: Dialga\n|-damage|p1a: Dialga|162/266\n|-damage|p2a: Dondozo|242/362|[from] Recoil\n|\n|upkeep\n|turn|9\n|\n|t:|1781386005\n|move|p1a: Dialga|Draco Meteor|p2a: Dondozo\n|-damage|p2a: Dondozo|11/362\n|-unboost|p1a: Dialga|spa|2\n|move|p2a: Dondozo|Wave Crash|p1a: Dialga\n|-resisted|p1a: Dialga\n|-damage|p1a: Dialga|53/266\n|-damage|p2a: Dondozo|0 fnt|[from] Recoil\n|faint|p2a: Dondozo\n|\n|upkeep\n|\n|t:|1781386015\n|switch|p2a: Chimecho|Chimecho, L93, M|163/290 par\n|turn|10\n|\n|t:|1781386026\n|switch|p1a: Komala|Komala, L88, F|258/258\n|-ability|p1a: Komala|Comatose\n|move|p2a: Chimecho|Heal Bell|p2a: Chimecho\n|-activate|p2a: Chimecho|move: Heal Bell\n|-curestatus|p2a: Chimecho|par|[msg]\n|-curestatus|p2: Emboar|slp|[msg]\n|\n|-heal|p2a: Chimecho|181/290|[from] item: Leftovers\n|upkeep\n|turn|11\n|\n|t:|1781386054\n|switch|p2a: Staraptor|Staraptor, L79, F|263/263\n|move|p1a: Komala|Knock Off|p2a: Staraptor\n|-damage|p2a: Staraptor|89/263\n|-enditem|p2a: Staraptor|Choice Band|[from] move: Knock Off|[of] p1a: Komala\n|\n|upkeep\n|turn|12\n|\n|t:|1781386071\n|move|p2a: Staraptor|Close Combat|p1a: Komala\n|-supereffective|p1a: Komala\n|-damage|p1a: Komala|30/258\n|-unboost|p2a: Staraptor|def|1\n|-unboost|p2a: Staraptor|spd|1\n|move|p1a: Komala|Knock Off|p2a: Staraptor\n|-damage|p2a: Staraptor|0 fnt\n|faint|p2a: Staraptor\n|\n|upkeep\n|inactive|wrongwayright has 120 seconds left.\n|\n|t:|1781386085\n|switch|p2a: Crawdaunt|Crawdaunt, L84, F|243/243\n|turn|13\n|\n|t:|1781386095\n|switch|p1a: Hitmonlee|Hitmonlee, L85, M|223/223\n|move|p2a: Crawdaunt|Dragon Dance|p2a: Crawdaunt\n|-boost|p2a: Crawdaunt|atk|1\n|-boost|p2a: Crawdaunt|spe|1\n|\n|upkeep\n|turn|14\n|\n|t:|1781386109\n|move|p1a: Hitmonlee|Mach Punch|p2a: Crawdaunt\n|-supereffective|p2a: Crawdaunt\n|-damage|p2a: Crawdaunt|79/243\n|move|p2a: Crawdaunt|Crabhammer|p1a: Hitmonlee\n|-damage|p1a: Hitmonlee|0 fnt\n|faint|p1a: Hitmonlee\n|-damage|p2a: Crawdaunt|55/243|[from] item: Life Orb\n|\n|upkeep\n|\n|t:|1781386125\n|switch|p1a: Azumarill|Azumarill, L82, F|298/298\n|turn|15\n|\n|t:|1781386139\n|move|p2a: Crawdaunt|Knock Off|p1a: Azumarill\n|-resisted|p1a: Azumarill\n|-damage|p1a: Azumarill|117/298\n|-enditem|p1a: Azumarill|Choice Band|[from] move: Knock Off|[of] p2a: Crawdaunt\n|-damage|p2a: Crawdaunt|31/243|[from] item: Life Orb\n|move|p1a: Azumarill|Liquidation|p2a: Crawdaunt\n|-resisted|p2a: Crawdaunt\n|-damage|p2a: Crawdaunt|0 fnt\n|faint|p2a: Crawdaunt\n|\n|upkeep\n|\n|t:|1781386156\n|switch|p2a: Clefable|Clefable, L83, F|293/293\n|turn|16\n|\n|t:|1781386168\n|move|p2a: Clefable|Moonblast|p1a: Azumarill\n|-damage|p1a: Azumarill|0 fnt\n|faint|p1a: Azumarill\n|\n|upkeep\n|\n|t:|1781386182\n|switch|p1a: Komala|Komala, L88, F|30/258\n|-ability|p1a: Komala|Comatose\n|turn|17\n|\n|t:|1781386187\n|move|p1a: Komala|Body Slam|p2a: Clefable\n|-crit|p2a: Clefable\n|-damage|p2a: Clefable|11/293\n|move|p2a: Clefable|Moonblast|p1a: Komala\n|-damage|p1a: Komala|0 fnt\n|faint|p1a: Komala\n|\n|upkeep\n|\n|t:|1781386193\n|switch|p1a: Dialga|Dialga-Origin, L73|53/266\n|-ability|p1a: Dialga|Pressure\n|turn|18\n|\n|t:|1781386199\n|move|p1a: Dialga|Flash Cannon|p2a: Clefable\n|-supereffective|p2a: Clefable\n|-damage|p2a: Clefable|0 fnt\n|faint|p2a: Clefable\n|\n|upkeep\n|\n|t:|1781386206\n|switch|p2a: Chimecho|Chimecho, L93, M|181/290\n|turn|19\n|\n|t:|1781386213\n|move|p1a: Dialga|Thunder Wave|p2a: Chimecho\n|-status|p2a: Chimecho|par\n|move|p2a: Chimecho|Recover|p2a: Chimecho\n|-heal|p2a: Chimecho|290/290 par\n|\n|upkeep\n|turn|20\n|\n|t:|1781386221\n|move|p1a: Dialga|Flash Cannon|p2a: Chimecho\n|-damage|p2a: Chimecho|184/290 par\n|move|p2a: Chimecho|Thunder Wave|p1a: Dialga\n|-status|p1a: Dialga|par\n|\n|-heal|p2a: Chimecho|202/290 par|[from] item: Leftovers\n|upkeep\n|turn|21\n|\n|t:|1781386231\n|move|p1a: Dialga|Flash Cannon|p2a: Chimecho\n|-damage|p2a: Chimecho|103/290 par\n|cant|p2a: Chimecho|par\n|\n|-heal|p2a: Chimecho|121/290 par|[from] item: Leftovers\n|upkeep\n|turn|22\n|\n|t:|1781386238\n|switch|p2a: Emboar|Emboar, L84, M|189/322\n|cant|p1a: Dialga|par\n|\n|upkeep\n|turn|23\n|\n|t:|1781386245\n|move|p2a: Emboar|Close Combat|p1a: Dialga\n|-supereffective|p1a: Dialga\n|-damage|p1a: Dialga|0 fnt\n|-unboost|p2a: Emboar|def|1\n|-unboost|p2a: Emboar|spd|1\n|faint|p1a: Dialga\n|\n|upkeep\n|\n|t:|1781386247\n|switch|p1a: Snorlax|Snorlax, L82, M|397/397\n|turn|24\n|\n|t:|1781386256\n|switch|p2a: Chimecho|Chimecho, L93, M|121/290 par\n|-terastallize|p1a: Snorlax|Ground\n|move|p1a: Snorlax|Body Slam|p2a: Chimecho\n|-damage|p2a: Chimecho|37/290 par\n|\n|-heal|p2a: Chimecho|55/290 par|[from] item: Leftovers\n|upkeep\n|turn|25\n|\n|t:|1781386266\n|move|p1a: Snorlax|Body Slam|p2a: Chimecho\n|-damage|p2a: Chimecho|0 fnt\n|faint|p2a: Chimecho\n|\n|upkeep\n|\n|t:|1781386271\n|switch|p2a: Emboar|Emboar, L84, M|189/322\n|turn|26\n|c|\u2606Diabetes1|gg\n|\n|t:|1781386275\n|-terastallize|p2a: Emboar|Fire\n|move|p2a: Emboar|Flare Blitz|p1a: Snorlax\n|-damage|p1a: Snorlax|243/397\n|-damage|p2a: Emboar|138/322|[from] Recoil\n|move|p1a: Snorlax|Earthquake|p2a: Emboar\n|-supereffective|p2a: Emboar\n|-damage|p2a: Emboar|0 fnt\n|faint|p2a: Emboar\n|\n|win|Diabetes1\n", "uploadtime": 1781385859, "views": 4, "formatid": "gen9randombattle", "rating": null, "private": 0, "password": null}