{"id": "gen9randombattle-2631531414", "format": "[Gen 9] Random Battle", "players": ["C32shark", "Best Kittel"], "log": "|j|\u2606C32shark\n|j|\u2606Best Kittel\n|t:|1781397395\n|gametype|singles\n|player|p1|C32shark|roxie|1630\n|player|p2|Best Kittel|volkner|1678\n|gen|9\n|tier|[Gen 9] Random Battle\n|rated|\n|rule|Species Clause: Limit one of each Pok\u00e9mon\n|rule|HP Percentage Mod: HP is shown in percentages\n|rule|Sleep Clause Mod: Limit one foe put to sleep\n|rule|Illusion Level Mod: Illusion disguises the Pok\u00e9mon's true level\n|\n|t:|1781397395\n|teamsize|p1|6\n|teamsize|p2|6\n|start\n|switch|p1a: Mimikyu|Mimikyu, L79, M|216/216\n|switch|p2a: Roaring Moon|Roaring Moon, L72|270/270\n|turn|1\n|inactive|Battle timer is ON: inactive players will automatically lose when time's up. (requested by C32shark)\n|\n|t:|1781397407\n|move|p2a: Roaring Moon|U-turn|p1a: Mimikyu\n|-activate|p1a: Mimikyu|ability: Disguise\n|-damage|p1a: Mimikyu|216/216\n|detailschange|p1a: Mimikyu|Mimikyu-Busted, L79, M\n|-damage|p1a: Mimikyu|189/216|[from] pokemon: Mimikyu-Busted\n|\n|t:|1781397414\n|-end|p2a: Roaring Moon|Protosynthesis|[silent]\n|switch|p2a: Jirachi|Jirachi, L80|291/291|[from] U-turn\n|move|p1a: Mimikyu|Play Rough|p2a: Jirachi\n|-resisted|p2a: Jirachi\n|-damage|p2a: Jirachi|246/291\n|-damage|p1a: Mimikyu|168/216|[from] item: Life Orb\n|\n|-heal|p2a: Jirachi|264/291|[from] item: Leftovers\n|upkeep\n|turn|2\n|\n|t:|1781397426\n|switch|p1a: Empoleon|Empoleon, L84, F|278/278\n|move|p2a: Jirachi|Iron Head|p1a: Empoleon\n|-resisted|p1a: Empoleon\n|-damage|p1a: Empoleon|257/278\n|\n|-heal|p2a: Jirachi|282/291|[from] item: Leftovers\n|-heal|p1a: Empoleon|274/278|[from] item: Leftovers\n|upkeep\n|turn|3\n|\n|t:|1781397435\n|move|p2a: Jirachi|Body Slam|p1a: Empoleon\n|-resisted|p1a: Empoleon\n|-damage|p1a: Empoleon|247/278\n|move|p1a: Empoleon|Surf|p2a: Jirachi\n|-crit|p2a: Jirachi\n|-damage|p2a: Jirachi|125/291\n|\n|-heal|p2a: Jirachi|143/291|[from] item: Leftovers\n|-heal|p1a: Empoleon|264/278|[from] item: Leftovers\n|upkeep\n|turn|4\n|\n|t:|1781397443\n|move|p2a: Jirachi|Body Slam|p1a: Empoleon\n|-resisted|p1a: Empoleon\n|-damage|p1a: Empoleon|238/278\n|-status|p1a: Empoleon|par\n|move|p1a: Empoleon|Surf|p2a: Jirachi\n|-damage|p2a: Jirachi|40/291\n|\n|-heal|p2a: Jirachi|58/291|[from] item: Leftovers\n|-heal|p1a: Empoleon|255/278 par|[from] item: Leftovers\n|upkeep\n|turn|5\n|\n|t:|1781397451\n|move|p2a: Jirachi|Protect|p2a: Jirachi\n|-singleturn|p2a: Jirachi|Protect\n|move|p1a: Empoleon|Surf|p2a: Jirachi\n|-activate|p2a: Jirachi|move: Protect\n|\n|-heal|p2a: Jirachi|76/291|[from] item: Leftovers\n|-heal|p1a: Empoleon|272/278 par|[from] item: Leftovers\n|upkeep\n|turn|6\n|\n|t:|1781397458\n|move|p2a: Jirachi|Iron Head|p1a: Empoleon\n|-resisted|p1a: Empoleon\n|-damage|p1a: Empoleon|252/278 par\n|cant|p1a: Empoleon|flinch\n|\n|-heal|p2a: Jirachi|94/291|[from] item: Leftovers\n|-heal|p1a: Empoleon|269/278 par|[from] item: Leftovers\n|upkeep\n|turn|7\n|\n|t:|1781397466\n|move|p2a: Jirachi|Iron Head|p1a: Empoleon\n|-resisted|p1a: Empoleon\n|-damage|p1a: Empoleon|251/278 par\n|move|p1a: Empoleon|Surf|p2a: Jirachi\n|-damage|p2a: Jirachi|0 fnt\n|faint|p2a: Jirachi\n|\n|-heal|p1a: Empoleon|268/278 par|[from] item: Leftovers\n|upkeep\n|\n|t:|1781397472\n|switch|p2a: Lurantis|Lurantis, L87, F|264/264\n|turn|8\n|\n|t:|1781397479\n|move|p2a: Lurantis|Leaf Storm|p1a: Empoleon\n|-damage|p1a: Empoleon|151/278 par\n|-boost|p2a: Lurantis|spa|2\n|move|p1a: Empoleon|Flip Turn|p2a: Lurantis\n|-resisted|p2a: Lurantis\n|-damage|p2a: Lurantis|237/264\n|\n|t:|1781397491\n|switch|p1a: Pyroar|Pyroar, L88, F|295/295|[from] Flip Turn\n|-ability|p1a: Pyroar|Unnerve\n|\n|-heal|p2a: Lurantis|253/264|[from] item: Leftovers\n|upkeep\n|turn|9\n|\n|t:|1781397502\n|switch|p2a: Tauros|Tauros-Paldea-Blaze, L81, M|252/252\n|move|p1a: Pyroar|Fire Blast|p2a: Tauros\n|-resisted|p2a: Tauros\n|-damage|p2a: Tauros|159/252\n|\n|upkeep\n|turn|10\n|\n|t:|1781397517\n|switch|p1a: Mimikyu|Mimikyu-Busted, L79, M|168/216\n|move|p2a: Tauros|Close Combat|p1a: Mimikyu\n|-immune|p1a: Mimikyu\n|\n|upkeep\n|turn|11\n|\n|t:|1781397523\n|move|p2a: Tauros|Bulk Up|p2a: Tauros\n|-boost|p2a: Tauros|atk|1\n|-boost|p2a: Tauros|def|1\n|move|p1a: Mimikyu|Swords Dance|p1a: Mimikyu\n|-boost|p1a: Mimikyu|atk|2\n|\n|upkeep\n|turn|12\n|\n|t:|1781397542\n|move|p2a: Tauros|Raging Bull|p1a: Mimikyu\n|-damage|p1a: Mimikyu|6/216\n|move|p1a: Mimikyu|Drain Punch|p2a: Tauros\n|-damage|p2a: Tauros|82/252\n|-heal|p1a: Mimikyu|45/216|[from] drain|[of] p2a: Tauros\n|-enditem|p2a: Tauros|Sitrus Berry|[eat]\n|-heal|p2a: Tauros|145/252|[from] item: Sitrus Berry\n|-damage|p1a: Mimikyu|24/216|[from] item: Life Orb\n|\n|upkeep\n|turn|13\n|\n|t:|1781397552\n|move|p1a: Mimikyu|Shadow Sneak|p2a: Tauros\n|-damage|p2a: Tauros|89/252\n|-damage|p1a: Mimikyu|3/216|[from] item: Life Orb\n|move|p2a: Tauros|Raging Bull|p1a: Mimikyu\n|-damage|p1a: Mimikyu|0 fnt\n|faint|p1a: Mimikyu\n|\n|-activate|p2a: Tauros|ability: Cud Chew\n|-enditem|p2a: Tauros|Sitrus Berry|[eat]\n|-heal|p2a: Tauros|152/252|[from] item: Sitrus Berry\n|upkeep\n|\n|t:|1781397568\n|switch|p1a: Ogerpon|Ogerpon-Wellspring, L76, F|247/247\n|turn|14\n|\n|t:|1781397579\n|switch|p2a: Slaking|Slaking, L84, F|389/389\n|-terastallize|p1a: Ogerpon|Water\n|detailschange|p1a: Ogerpon|Ogerpon-Wellspring-Tera, L76, F, tera:Water\n|-ability|p1a: Ogerpon|Embody Aspect (Wellspring)|boost\n|-boost|p1a: Ogerpon|spd|1\n|move|p1a: Ogerpon|Ivy Cudgel|p2a: Slaking|[anim] Ivy Cudgel Water\n|-damage|p2a: Slaking|235/389\n|\n|upkeep\n|turn|15\n|\n|t:|1781397592\n|switch|p1a: Empoleon|Empoleon, L84, F|151/278 par\n|move|p2a: Slaking|Knock Off|p1a: Empoleon\n|-damage|p1a: Empoleon|0 fnt\n|-enditem|p1a: Empoleon|Leftovers|[from] move: Knock Off|[of] p2a: Slaking\n|faint|p1a: Empoleon\n|\n|upkeep\n|\n|t:|1781397600\n|switch|p1a: Ogerpon|Ogerpon-Wellspring-Tera, L76, F, tera:Water|247/247\n|-ability|p1a: Ogerpon|Embody Aspect (Wellspring)|boost\n|-boost|p1a: Ogerpon|spd|1\n|turn|16\n|\n|t:|1781397614\n|switch|p2a: Lurantis|Lurantis, L87, F|253/264\n|move|p1a: Ogerpon|Wood Hammer|p2a: Lurantis\n|-resisted|p2a: Lurantis\n|-crit|p2a: Lurantis\n|-damage|p2a: Lurantis|151/264\n|-damage|p1a: Ogerpon|213/247|[from] Recoil\n|\n|-heal|p2a: Lurantis|167/264|[from] item: Leftovers\n|upkeep\n|turn|17\n|\n|t:|1781397634\n|switch|p1a: Pyroar|Pyroar, L88, F|295/295\n|-ability|p1a: Pyroar|Unnerve\n|move|p2a: Lurantis|Superpower|p1a: Pyroar\n|-supereffective|p1a: Pyroar\n|-damage|p1a: Pyroar|73/295\n|-boost|p2a: Lurantis|atk|1\n|-boost|p2a: Lurantis|def|1\n|\n|-heal|p2a: Lurantis|183/264|[from] item: Leftovers\n|upkeep\n|turn|18\n|\n|t:|1781397647\n|move|p1a: Pyroar|Fire Blast|p2a: Lurantis\n|-supereffective|p2a: Lurantis\n|-damage|p2a: Lurantis|0 fnt\n|faint|p2a: Lurantis\n|\n|upkeep\n|\n|t:|1781397657\n|switch|p2a: Tauros|Tauros-Paldea-Blaze, L81, M|152/252\n|turn|19\n|\n|t:|1781397662\n|move|p1a: Pyroar|Hyper Voice|p2a: Tauros\n|-crit|p2a: Tauros\n|-damage|p2a: Tauros|0 fnt\n|faint|p2a: Tauros\n|\n|upkeep\n|\n|t:|1781397671\n|switch|p2a: Roaring Moon|Roaring Moon, L72|270/270\n|turn|20\n|\n|t:|1781397677\n|move|p1a: Pyroar|Hyper Voice|p2a: Roaring Moon\n|-damage|p2a: Roaring Moon|158/270\n|move|p2a: Roaring Moon|Knock Off|p1a: Pyroar\n|-damage|p1a: Pyroar|0 fnt\n|-enditem|p1a: Pyroar|Heavy-Duty Boots|[from] move: Knock Off|[of] p2a: Roaring Moon\n|faint|p1a: Pyroar\n|\n|upkeep\n|\n|t:|1781397687\n|switch|p1a: Ogerpon|Ogerpon-Wellspring-Tera, L76, F, tera:Water|213/247\n|-ability|p1a: Ogerpon|Embody Aspect (Wellspring)|boost\n|-boost|p1a: Ogerpon|spd|1\n|turn|21\n|\n|t:|1781397695\n|move|p2a: Roaring Moon|Knock Off|p1a: Ogerpon\n|-damage|p1a: Ogerpon|99/247\n|move|p1a: Ogerpon|Ivy Cudgel|p2a: Roaring Moon|[anim] Ivy Cudgel Water\n|-resisted|p2a: Roaring Moon\n|-damage|p2a: Roaring Moon|43/270\n|\n|upkeep\n|turn|22\n|\n|t:|1781397715\n|move|p2a: Roaring Moon|Knock Off|p1a: Ogerpon\n|-damage|p1a: Ogerpon|0 fnt\n|faint|p1a: Ogerpon\n|detailschange|p1: Ogerpon|Ogerpon-Wellspring, L76, F|[silent]\n|\n|upkeep\n|\n|t:|1781397721\n|switch|p1a: Shaymin|Shaymin, L82|298/298\n|turn|23\n|\n|t:|1781397727\n|move|p2a: Roaring Moon|Knock Off|p1a: Shaymin\n|-damage|p1a: Shaymin|148/298\n|-enditem|p1a: Shaymin|Leftovers|[from] move: Knock Off|[of] p2a: Roaring Moon\n|move|p1a: Shaymin|Earth Power|p2a: Roaring Moon\n|-damage|p2a: Roaring Moon|0 fnt\n|faint|p2a: Roaring Moon\n|-end|p2a: Roaring Moon|Protosynthesis|[silent]\n|\n|upkeep\n|\n|t:|1781397733\n|switch|p2a: Slaking|Slaking, L84, F|235/389\n|turn|24\n|\n|t:|1781397748\n|move|p2a: Slaking|Double-Edge|p1a: Shaymin\n|-damage|p1a: Shaymin|0 fnt\n|faint|p1a: Shaymin\n|-damage|p2a: Slaking|186/389|[from] Recoil\n|\n|upkeep\n|\n|t:|1781397752\n|switch|p1a: Gholdengo|Gholdengo, L77|261/261\n|turn|25\n|\n|t:|1781397761\n|switch|p2a: Stonjourner|Stonjourner, L91, M|330/330\n|move|p1a: Gholdengo|Thunder Wave|p2a: Stonjourner\n|-status|p2a: Stonjourner|par\n|\n|upkeep\n|turn|26\n|\n|t:|1781397768\n|-terastallize|p2a: Stonjourner|Fire\n|move|p1a: Gholdengo|Shadow Ball|p2a: Stonjourner\n|-damage|p2a: Stonjourner|125/330 par\n|-unboost|p2a: Stonjourner|spd|1\n|move|p2a: Stonjourner|Heat Crash|p1a: Gholdengo\n|-supereffective|p1a: Gholdengo\n|-damage|p1a: Gholdengo|0 fnt\n|faint|p1a: Gholdengo\n|-damage|p2a: Stonjourner|92/330 par|[from] item: Life Orb\n|\n|win|Best Kittel\n|raw|C32shark's rating: 1630 &rarr; <strong>1613</strong><br />(-17 for losing)\n|raw|Best Kittel's rating: 1678 &rarr; <strong>1695</strong><br />(+17 for winning)\n|l|\u2606C32shark\n|player|p1|\n", "uploadtime": 1781397780, "views": 3, "formatid": "gen9randombattle", "rating": 1613, "private": 0, "password": null}