{"id": "gen9randombattle-2631435595", "format": "[Gen 9] Random Battle", "players": ["Fortre", "Zekromkicker"], "log": "|j|\u2606Fortre\n|j|\u2606Zekromkicker\n|t:|1781384354\n|gametype|singles\n|player|p1|Fortre|1|1966\n|player|p2|Zekromkicker|rosa-masters|2028\n|gen|9\n|tier|[Gen 9] Random Battle\n|rated|\n|rule|Species Clause: Limit one of each Pok\u00e9mon\n|rule|HP Percentage Mod: HP is shown in percentages\n|rule|Sleep Clause Mod: Limit one foe put to sleep\n|rule|Illusion Level Mod: Illusion disguises the Pok\u00e9mon's true level\n|\n|t:|1781384354\n|teamsize|p1|6\n|teamsize|p2|6\n|start\n|switch|p1a: Klefki|Klefki, L84, F|233/233\n|switch|p2a: Hariyama|Hariyama, L87, F|392/392\n|turn|1\n|\n|t:|1781384359\n|move|p1a: Klefki|Thunder Wave|p2a: Hariyama\n|-status|p2a: Hariyama|par\n|cant|p2a: Hariyama|par\n|\n|upkeep\n|turn|2\n|\n|t:|1781384361\n|move|p1a: Klefki|Dazzling Gleam|p2a: Hariyama\n|-supereffective|p2a: Hariyama\n|-damage|p2a: Hariyama|260/392 par\n|move|p2a: Hariyama|Close Combat|p1a: Klefki\n|-damage|p1a: Klefki|70/233\n|-unboost|p2a: Hariyama|def|1\n|-unboost|p2a: Hariyama|spd|1\n|\n|-heal|p1a: Klefki|84/233|[from] item: Leftovers\n|upkeep\n|turn|3\n|\n|t:|1781384366\n|switch|p1a: Masquerain|Masquerain, L87, M|264/264\n|-ability|p1a: Masquerain|Intimidate|boost\n|-unboost|p2a: Hariyama|atk|1\n|cant|p2a: Hariyama|par\n|\n|upkeep\n|turn|4\n|\n|t:|1781384371\n|move|p1a: Masquerain|Sticky Web|p2a: Hariyama\n|-sidestart|p2: Zekromkicker|move: Sticky Web\n|move|p2a: Hariyama|Stone Edge|p1a: Masquerain\n|-supereffective|p1a: Masquerain\n|-damage|p1a: Masquerain|0 fnt\n|faint|p1a: Masquerain\n|\n|upkeep\n|inactive|Battle timer is ON: inactive players will automatically lose when time's up. (requested by Zekromkicker)\n|l|\u2606Zekromkicker\n|inactive|Zekromkicker disconnected and has a minute to reconnect!\n|player|p2|\n|j|\u2606Zekromkicker\n|inactive|Zekromkicker reconnected.\n|player|p2|Zekromkicker|rosa-masters|\n|\n|t:|1781384422\n|switch|p1a: Salamence|Salamence, L77, F|273/273\n|turn|5\n|\n|t:|1781384427\n|switch|p2a: Azumarill|Azumarill, L82, F|298/298\n|-activate|p2a: Azumarill|move: Sticky Web\n|-unboost|p2a: Azumarill|spe|1\n|move|p1a: Salamence|Dual Wingbeat|p2a: Azumarill\n|-damage|p2a: Azumarill|250/298\n|-damage|p2a: Azumarill|201/298\n|-hitcount|p2a: Azumarill|2\n|\n|upkeep\n|turn|6\n|\n|t:|1781384434\n|switch|p1a: Metagross|Metagross, L79|256/256\n|move|p2a: Azumarill|Liquidation|p1a: Metagross\n|-damage|p1a: Metagross|133/256\n|\n|-heal|p1a: Metagross|149/256|[from] item: Leftovers\n|upkeep\n|turn|7\n|\n|t:|1781384457\n|switch|p2a: Luxray|Luxray, L88, F|283/283\n|-activate|p2a: Luxray|move: Sticky Web\n|-unboost|p2a: Luxray|spe|1\n|move|p1a: Metagross|Heavy Slam|p2a: Luxray\n|-resisted|p2a: Luxray\n|-damage|p2a: Luxray|204/283\n|\n|-heal|p1a: Metagross|165/256|[from] item: Leftovers\n|-status|p2a: Luxray|brn|[from] item: Flame Orb\n|upkeep\n|turn|8\n|\n|t:|1781384466\n|move|p1a: Metagross|Psychic Fangs|p2a: Luxray\n|-damage|p2a: Luxray|101/283 brn\n|move|p2a: Luxray|Supercell Slam|p1a: Metagross\n|-damage|p1a: Metagross|14/256\n|\n|-heal|p1a: Metagross|30/256|[from] item: Leftovers\n|-damage|p2a: Luxray|84/283 brn|[from] brn\n|upkeep\n|turn|9\n|\n|t:|1781384472\n|move|p1a: Metagross|Psychic Fangs|p2a: Luxray\n|-damage|p2a: Luxray|0 fnt\n|faint|p2a: Luxray\n|\n|-heal|p1a: Metagross|46/256|[from] item: Leftovers\n|upkeep\n|\n|t:|1781384488\n|switch|p2a: Swampert|Swampert, L83, F|302/302\n|-activate|p2a: Swampert|move: Sticky Web\n|-unboost|p2a: Swampert|spe|1\n|turn|10\n|\n|t:|1781384497\n|move|p1a: Metagross|Stealth Rock|p2a: Swampert\n|-sidestart|p2: Zekromkicker|move: Stealth Rock\n|move|p2a: Swampert|Earthquake|p1a: Metagross\n|-supereffective|p1a: Metagross\n|-damage|p1a: Metagross|0 fnt\n|faint|p1a: Metagross\n|\n|upkeep\n|\n|t:|1781384508\n|switch|p1a: Wugtrio|Wugtrio, L91, F|212/212\n|turn|11\n|\n|t:|1781384514\n|move|p1a: Wugtrio|Liquidation|p2a: Swampert\n|-damage|p2a: Swampert|139/302\n|move|p2a: Swampert|Earthquake|p1a: Wugtrio\n|-damage|p1a: Wugtrio|47/212\n|\n|-heal|p2a: Swampert|157/302|[from] item: Leftovers\n|upkeep\n|turn|12\n|\n|t:|1781384534\n|move|p1a: Wugtrio|Liquidation|p2a: Swampert\n|-damage|p2a: Swampert|0 fnt\n|faint|p2a: Swampert\n|\n|upkeep\n|\n|t:|1781384536\n|switch|p2a: Azumarill|Azumarill, L82, F|201/298\n|-activate|p2a: Azumarill|move: Sticky Web\n|-unboost|p2a: Azumarill|spe|1\n|-damage|p2a: Azumarill|164/298|[from] Stealth Rock\n|turn|13\n|\n|t:|1781384545\n|switch|p1a: Klefki|Klefki, L84, F|84/233\n|move|p2a: Azumarill|Play Rough|p1a: Klefki\n|-resisted|p1a: Klefki\n|-damage|p1a: Klefki|0 fnt\n|faint|p1a: Klefki\n|\n|upkeep\n|\n|t:|1781384550\n|switch|p1a: Swampert|Swampert, L83, F|302/302\n|turn|14\n|\n|t:|1781384557\n|move|p1a: Swampert|Knock Off|p2a: Azumarill\n|-resisted|p2a: Azumarill\n|-damage|p2a: Azumarill|125/298\n|-enditem|p2a: Azumarill|Choice Band|[from] move: Knock Off|[of] p1a: Swampert\n|move|p2a: Azumarill|Play Rough|p1a: Swampert\n|-damage|p1a: Swampert|185/302\n|\n|-heal|p1a: Swampert|203/302|[from] item: Leftovers\n|upkeep\n|turn|15\n|\n|t:|1781384567\n|move|p1a: Swampert|Earthquake|p2a: Azumarill\n|-damage|p2a: Azumarill|0 fnt\n|faint|p2a: Azumarill\n|\n|-heal|p1a: Swampert|221/302|[from] item: Leftovers\n|upkeep\n|\n|t:|1781384571\n|switch|p2a: Hariyama|Hariyama, L87, F|260/392 par\n|-activate|p2a: Hariyama|move: Sticky Web\n|-unboost|p2a: Hariyama|spe|1\n|-damage|p2a: Hariyama|236/392 par|[from] Stealth Rock\n|turn|16\n|\n|t:|1781384574\n|move|p1a: Swampert|Earthquake|p2a: Hariyama\n|-damage|p2a: Hariyama|94/392 par\n|move|p2a: Hariyama|Close Combat|p1a: Swampert\n|-damage|p1a: Swampert|68/302\n|-unboost|p2a: Hariyama|def|1\n|-unboost|p2a: Hariyama|spd|1\n|\n|-heal|p1a: Swampert|86/302|[from] item: Leftovers\n|upkeep\n|turn|17\n|\n|t:|1781384577\n|move|p1a: Swampert|Earthquake|p2a: Hariyama\n|-damage|p2a: Hariyama|0 fnt\n|faint|p2a: Hariyama\n|\n|-heal|p1a: Swampert|104/302|[from] item: Leftovers\n|upkeep\n|\n|t:|1781384580\n|switch|p2a: Oranguru|Oranguru, L92, M|315/315\n|-activate|p2a: Oranguru|move: Sticky Web\n|-unboost|p2a: Oranguru|spe|1\n|-damage|p2a: Oranguru|276/315|[from] Stealth Rock\n|turn|18\n|\n|t:|1781384582\n|move|p1a: Swampert|Knock Off|p2a: Oranguru\n|-supereffective|p2a: Oranguru\n|-damage|p2a: Oranguru|140/315\n|-enditem|p2a: Oranguru|Leftovers|[from] move: Knock Off|[of] p1a: Swampert\n|move|p2a: Oranguru|Psyshock|p1a: Swampert\n|-damage|p1a: Swampert|4/302\n|\n|-heal|p1a: Swampert|22/302|[from] item: Leftovers\n|upkeep\n|turn|19\n|\n|t:|1781384586\n|move|p1a: Swampert|Earthquake|p2a: Oranguru\n|-damage|p2a: Oranguru|17/315\n|move|p2a: Oranguru|Psyshock|p1a: Swampert\n|-damage|p1a: Swampert|0 fnt\n|faint|p1a: Swampert\n|\n|upkeep\n|\n|t:|1781384590\n|switch|p1a: Salamence|Salamence, L77, F|273/273\n|turn|20\n|\n|t:|1781384597\n|move|p1a: Salamence|Earthquake|p2a: Oranguru\n|-damage|p2a: Oranguru|0 fnt\n|faint|p2a: Oranguru\n|-ability|p1a: Salamence|Moxie|boost\n|-boost|p1a: Salamence|atk|1\n|\n|upkeep\n|\n|t:|1781384599\n|switch|p2a: Sudowoodo|Sudowoodo, L94, F|284/284\n|-activate|p2a: Sudowoodo|move: Sticky Web\n|-unboost|p2a: Sudowoodo|spe|1\n|-damage|p2a: Sudowoodo|249/284|[from] Stealth Rock\n|turn|21\n|\n|t:|1781384629\n|switch|p1a: Wugtrio|Wugtrio, L91, F|47/212\n|move|p2a: Sudowoodo|Head Smash|p1a: Wugtrio\n|-damage|p1a: Wugtrio|0 fnt\n|-ability|p1a: Wugtrio|Gooey\n|-unboost|p2a: Sudowoodo|spe|1\n|faint|p1a: Wugtrio\n|\n|upkeep\n|\n|t:|1781384631\n|switch|p1a: Salamence|Salamence, L77, F|273/273\n|turn|22\n|\n|t:|1781384638\n|-terastallize|p1a: Salamence|Ground\n|-terastallize|p2a: Sudowoodo|Grass\n|move|p1a: Salamence|Earthquake|p2a: Sudowoodo\n|-resisted|p2a: Sudowoodo\n|-damage|p2a: Sudowoodo|210/284\n|move|p2a: Sudowoodo|Head Smash|p1a: Salamence\n|-resisted|p1a: Salamence\n|-damage|p1a: Salamence|93/273\n|\n|upkeep\n|turn|23\n|\n|t:|1781384644\n|move|p1a: Salamence|Dual Wingbeat|p2a: Sudowoodo\n|-supereffective|p2a: Sudowoodo\n|-damage|p2a: Sudowoodo|138/284\n|-supereffective|p2a: Sudowoodo\n|-damage|p2a: Sudowoodo|70/284\n|-hitcount|p2a: Sudowoodo|2\n|move|p2a: Sudowoodo|Head Smash|p1a: Salamence|[miss]\n|-miss|p2a: Sudowoodo|p1a: Salamence\n|\n|upkeep\n|turn|24\n|\n|t:|1781384651\n|move|p1a: Salamence|Outrage|p2a: Sudowoodo\n|-damage|p2a: Sudowoodo|0 fnt\n|faint|p2a: Sudowoodo\n|\n|win|Fortre\n", "uploadtime": 1781384356, "views": 10, "formatid": "gen9randombattle", "rating": null, "private": 0, "password": null}