{"id": "gen9randombattle-2631616600", "format": "[Gen 9] Random Battle", "players": ["bigred1812", "ape-trebuchet"], "log": "|j|\u2606bigred1812\n|j|\u2606ape-trebuchet\n|t:|1781409421\n|gametype|singles\n|player|p1|bigred1812|101|1907\n|player|p2|ape-trebuchet|swimmer-gen4dp|1919\n|gen|9\n|tier|[Gen 9] Random Battle\n|rated|\n|rule|Species Clause: Limit one of each Pok\u00e9mon\n|rule|HP Percentage Mod: HP is shown in percentages\n|rule|Sleep Clause Mod: Limit one foe put to sleep\n|rule|Illusion Level Mod: Illusion disguises the Pok\u00e9mon's true level\n|\n|t:|1781409421\n|teamsize|p1|6\n|teamsize|p2|6\n|start\n|switch|p1a: Ursaluna|Ursaluna-Bloodmoon, L79, M|308/308\n|switch|p2a: Seviper|Seviper, L93, M|287/287\n|turn|1\n|inactive|Battle timer is ON: inactive players will automatically lose when time's up. (requested by ape-trebuchet)\n|\n|t:|1781409431\n|switch|p2a: Passimian|Passimian, L83, F|302/302\n|move|p1a: Ursaluna|Calm Mind|p1a: Ursaluna\n|-boost|p1a: Ursaluna|spa|1\n|-boost|p1a: Ursaluna|spd|1\n|\n|upkeep\n|turn|2\n|\n|t:|1781409442\n|-terastallize|p1a: Ursaluna|Poison\n|move|p2a: Passimian|Knock Off|p1a: Ursaluna\n|-damage|p1a: Ursaluna|243/308\n|-enditem|p1a: Ursaluna|Leftovers|[from] move: Knock Off|[of] p2a: Passimian\n|move|p1a: Ursaluna|Calm Mind|p1a: Ursaluna\n|-boost|p1a: Ursaluna|spa|1\n|-boost|p1a: Ursaluna|spd|1\n|\n|upkeep\n|turn|3\n|\n|t:|1781409456\n|switch|p2a: Girafarig|Girafarig, L89, M|269/269\n|move|p1a: Ursaluna|Calm Mind|p1a: Ursaluna\n|-boost|p1a: Ursaluna|spa|1\n|-boost|p1a: Ursaluna|spd|1\n|\n|upkeep\n|turn|4\n|\n|t:|1781409461\n|move|p2a: Girafarig|Psyshock|p1a: Ursaluna\n|-supereffective|p1a: Ursaluna\n|-damage|p1a: Ursaluna|97/308\n|move|p1a: Ursaluna|Blood Moon|p2a: Girafarig\n|-damage|p2a: Girafarig|0 fnt\n|faint|p2a: Girafarig\n|\n|upkeep\n|\n|t:|1781409467\n|switch|p2a: Ho-Oh|Ho-Oh, L71|268/268\n|turn|5\n|\n|t:|1781409471\n|move|p2a: Ho-Oh|Earthquake|p1a: Ursaluna\n|-supereffective|p1a: Ursaluna\n|-damage|p1a: Ursaluna|0 fnt\n|faint|p1a: Ursaluna\n|\n|upkeep\n|\n|t:|1781409480\n|switch|p1a: Minior|Minior-Green, L79|224/224\n|-formechange|p1a: Minior|Minior-Meteor||[from] ability: Shields Down\n|turn|6\n|\n|t:|1781409499\n|move|p2a: Ho-Oh|Sacred Fire|p1a: Minior\n|-resisted|p1a: Minior\n|-damage|p1a: Minior|179/224\n|move|p1a: Minior|Shell Smash|p1a: Minior\n|-unboost|p1a: Minior|def|1\n|-unboost|p1a: Minior|spd|1\n|-boost|p1a: Minior|atk|2\n|-boost|p1a: Minior|spa|2\n|-boost|p1a: Minior|spe|2\n|-enditem|p1a: Minior|White Herb\n|-clearnegativeboost|p1a: Minior|[silent]\n|\n|upkeep\n|turn|7\n|\n|t:|1781409504\n|move|p1a: Minior|Power Gem|p2a: Ho-Oh\n|-supereffective|p2a: Ho-Oh\n|-damage|p2a: Ho-Oh|0 fnt\n|faint|p2a: Ho-Oh\n|\n|upkeep\n|\n|t:|1781409510\n|switch|p2a: Magnezone|Magnezone, L85|258/258\n|turn|8\n|\n|t:|1781409517\n|-terastallize|p2a: Magnezone|Flying\n|move|p1a: Minior|Earthquake|p2a: Magnezone\n|-immune|p2a: Magnezone\n|move|p2a: Magnezone|Discharge|p1a: Minior\n|-supereffective|p1a: Minior\n|-crit|p1a: Minior\n|-damage|p1a: Minior|0 fnt\n|faint|p1a: Minior\n|\n|upkeep\n|\n|t:|1781409527\n|switch|p1a: Glalie|Glalie, L96, F|309/309\n|turn|9\n|\n|t:|1781409542\n|switch|p2a: Passimian|Passimian, L83, F|302/302\n|move|p1a: Glalie|Spikes|p2a: Passimian\n|-sidestart|p2: ape-trebuchet|Spikes\n|\n|upkeep\n|turn|10\n|\n|t:|1781409548\n|switch|p1a: Vileplume|Vileplume, L85, M|266/266\n|move|p2a: Passimian|Bulk Up|p2a: Passimian\n|-boost|p2a: Passimian|atk|1\n|-boost|p2a: Passimian|def|1\n|\n|upkeep\n|turn|11\n|\n|t:|1781409554\n|move|p2a: Passimian|Knock Off|p1a: Vileplume\n|-damage|p1a: Vileplume|152/266\n|-status|p2a: Passimian|psn|[from] ability: Effect Spore|[of] p1a: Vileplume\n|-enditem|p1a: Vileplume|Leftovers|[from] move: Knock Off|[of] p2a: Passimian\n|move|p1a: Vileplume|Sleep Powder||[still]\n|-fail|p1a: Vileplume\n|\n|-damage|p2a: Passimian|265/302 psn|[from] psn\n|upkeep\n|turn|12\n|\n|t:|1781409563\n|move|p2a: Passimian|Gunk Shot|p1a: Vileplume\n|-damage|p1a: Vileplume|0 fnt\n|faint|p1a: Vileplume\n|\n|-heal|p2a: Passimian|283/302 psn|[from] item: Leftovers\n|-damage|p2a: Passimian|246/302 psn|[from] psn\n|upkeep\n|\n|t:|1781409586\n|switch|p1a: Glalie|Glalie, L96, F|309/309\n|turn|13\n|\n|t:|1781409592\n|move|p1a: Glalie|Freeze-Dry|p2a: Passimian\n|-damage|p2a: Passimian|131/302 psn\n|move|p2a: Passimian|Drain Punch|p1a: Glalie\n|-supereffective|p1a: Glalie\n|-damage|p1a: Glalie|45/309\n|-heal|p2a: Passimian|263/302 psn|[from] drain|[of] p1a: Glalie\n|\n|-heal|p2a: Passimian|281/302 psn|[from] item: Leftovers\n|-damage|p2a: Passimian|244/302 psn|[from] psn\n|upkeep\n|turn|14\n|\n|t:|1781409598\n|move|p1a: Glalie|Freeze-Dry|p2a: Passimian\n|-damage|p2a: Passimian|130/302 psn\n|move|p2a: Passimian|Drain Punch|p1a: Glalie\n|-supereffective|p1a: Glalie\n|-damage|p1a: Glalie|0 fnt\n|-heal|p2a: Passimian|153/302 psn|[from] drain|[of] p1a: Glalie\n|faint|p1a: Glalie\n|\n|-heal|p2a: Passimian|171/302 psn|[from] item: Leftovers\n|-damage|p2a: Passimian|134/302 psn|[from] psn\n|upkeep\n|\n|t:|1781409604\n|switch|p1a: Espathra|Espathra, L80, M|283/283\n|turn|15\n|inactive|ape-trebuchet has 120 seconds left.\n|\n|t:|1781409649\n|move|p1a: Espathra|Dazzling Gleam|p2a: Passimian\n|-supereffective|p2a: Passimian\n|-damage|p2a: Passimian|0 fnt\n|faint|p2a: Passimian\n|\n|-ability|p1a: Espathra|Speed Boost|boost\n|-boost|p1a: Espathra|spe|1\n|upkeep\n|\n|t:|1781409652\n|switch|p2a: Magnezone|Magnezone, L85, tera:Flying|258/258\n|turn|16\n|\n|t:|1781409655\n|move|p1a: Espathra|Calm Mind|p1a: Espathra\n|-boost|p1a: Espathra|spa|1\n|-boost|p1a: Espathra|spd|1\n|move|p2a: Magnezone|Discharge|p1a: Espathra\n|-damage|p1a: Espathra|172/283\n|\n|-heal|p1a: Espathra|189/283|[from] item: Leftovers\n|-ability|p1a: Espathra|Speed Boost|boost\n|-boost|p1a: Espathra|spe|1\n|upkeep\n|turn|17\n|\n|t:|1781409660\n|move|p1a: Espathra|Calm Mind|p1a: Espathra\n|-boost|p1a: Espathra|spa|1\n|-boost|p1a: Espathra|spd|1\n|move|p2a: Magnezone|Discharge|p1a: Espathra\n|-damage|p1a: Espathra|110/283\n|-status|p1a: Espathra|par\n|\n|-heal|p1a: Espathra|127/283 par|[from] item: Leftovers\n|-ability|p1a: Espathra|Speed Boost|boost\n|-boost|p1a: Espathra|spe|1\n|upkeep\n|turn|18\n|\n|t:|1781409666\n|move|p1a: Espathra|Roost|p1a: Espathra\n|-heal|p1a: Espathra|269/283 par\n|-singleturn|p1a: Espathra|move: Roost\n|move|p2a: Magnezone|Discharge|p1a: Espathra\n|-damage|p1a: Espathra|194/283 par\n|\n|-heal|p1a: Espathra|211/283 par|[from] item: Leftovers\n|-ability|p1a: Espathra|Speed Boost|boost\n|-boost|p1a: Espathra|spe|1\n|upkeep\n|turn|19\n|\n|t:|1781409670\n|cant|p1a: Espathra|par\n|move|p2a: Magnezone|Volt Switch|p1a: Espathra\n|-damage|p1a: Espathra|145/283 par\n|\n|t:|1781409674\n|switch|p2a: Seviper|Seviper, L93, M|287/287|[from] Volt Switch\n|-damage|p2a: Seviper|252/287|[from] Spikes\n|\n|-heal|p1a: Espathra|162/283 par|[from] item: Leftovers\n|-heal|p2a: Seviper|269/287|[from] item: Leftovers\n|-ability|p1a: Espathra|Speed Boost|boost\n|-boost|p1a: Espathra|spe|1\n|upkeep\n|turn|20\n|\n|t:|1781409679\n|move|p1a: Espathra|Stored Power|p2a: Seviper\n|-supereffective|p2a: Seviper\n|-damage|p2a: Seviper|0 fnt\n|faint|p2a: Seviper\n|\n|-heal|p1a: Espathra|179/283 par|[from] item: Leftovers\n|-ability|p1a: Espathra|Speed Boost|boost\n|-boost|p1a: Espathra|spe|1\n|upkeep\n|\n|t:|1781409683\n|switch|p2a: Gardevoir|Gardevoir, L83, F|249/249\n|-damage|p2a: Gardevoir|218/249|[from] Spikes\n|-ability|p2a: Gardevoir|Speed Boost|Trace|[from] ability: Trace|[of] p1a: Espathra\n|turn|21\n|\n|t:|1781409694\n|move|p1a: Espathra|Dazzling Gleam|p2a: Gardevoir\n|-damage|p2a: Gardevoir|132/249\n|move|p2a: Gardevoir|Mystical Fire|p1a: Espathra\n|-damage|p1a: Espathra|123/283 par\n|-unboost|p1a: Espathra|spa|1\n|-damage|p2a: Gardevoir|108/249|[from] item: Life Orb\n|\n|-heal|p1a: Espathra|140/283 par|[from] item: Leftovers\n|-ability|p2a: Gardevoir|Speed Boost|boost\n|-boost|p2a: Gardevoir|spe|1\n|upkeep\n|turn|22\n|\n|t:|1781409704\n|cant|p1a: Espathra|par\n|move|p2a: Gardevoir|Mystical Fire|p1a: Espathra\n|-damage|p1a: Espathra|85/283 par\n|-unboost|p1a: Espathra|spa|1\n|-damage|p2a: Gardevoir|84/249|[from] item: Life Orb\n|\n|-heal|p1a: Espathra|102/283 par|[from] item: Leftovers\n|-ability|p2a: Gardevoir|Speed Boost|boost\n|-boost|p2a: Gardevoir|spe|1\n|upkeep\n|turn|23\n|\n|t:|1781409709\n|cant|p1a: Espathra|par\n|move|p2a: Gardevoir|Moonblast|p1a: Espathra\n|-damage|p1a: Espathra|0 fnt\n|faint|p1a: Espathra\n|-damage|p2a: Gardevoir|60/249|[from] item: Life Orb\n|\n|-ability|p2a: Gardevoir|Speed Boost|boost\n|-boost|p2a: Gardevoir|spe|1\n|upkeep\n|\n|t:|1781409722\n|switch|p1a: Maushold|Maushold, L76|238/238\n|turn|24\n|\n|t:|1781409728\n|move|p2a: Gardevoir|Moonblast|p1a: Maushold\n|-damage|p1a: Maushold|35/238\n|-damage|p2a: Gardevoir|36/249|[from] item: Life Orb\n|move|p1a: Maushold|Tidy Up|p1a: Maushold\n|-sideend|p2: ape-trebuchet|Spikes\n|-activate|p1a: Maushold|move: Tidy Up\n|-boost|p1a: Maushold|atk|1\n|-boost|p1a: Maushold|spe|1\n|\n|-ability|p2a: Gardevoir|Speed Boost|boost\n|-boost|p2a: Gardevoir|spe|1\n|upkeep\n|turn|25\n|\n|t:|1781409737\n|move|p2a: Gardevoir|Moonblast|p1a: Maushold\n|-damage|p1a: Maushold|0 fnt\n|faint|p1a: Maushold\n|-damage|p2a: Gardevoir|12/249|[from] item: Life Orb\n|\n|win|ape-trebuchet\n", "uploadtime": 1781409423, "views": 4, "formatid": "gen9randombattle", "rating": null, "private": 0, "password": null}