{"id": "gen9randombattle-2631525384", "format": "[Gen 9] Random Battle", "players": ["Harvester", "sondaw"], "log": "|j|\u2606Harvester\n|j|\u2606sondaw\n|t:|1781396560\n|gametype|singles\n|player|p1|Harvester|170|2048\n|player|p2|sondaw|1|2156\n|gen|9\n|tier|[Gen 9] Random Battle\n|rated|\n|rule|Species Clause: Limit one of each Pok\u00e9mon\n|rule|HP Percentage Mod: HP is shown in percentages\n|rule|Sleep Clause Mod: Limit one foe put to sleep\n|rule|Illusion Level Mod: Illusion disguises the Pok\u00e9mon's true level\n|\n|t:|1781396560\n|teamsize|p1|6\n|teamsize|p2|6\n|start\n|switch|p1a: Dewgong|Dewgong, L94, F|322/322\n|switch|p2a: Archaludon|Archaludon, L78, M|268/268\n|turn|1\n|\n|t:|1781396583\n|move|p1a: Dewgong|Flip Turn|p2a: Archaludon\n|-resisted|p2a: Archaludon\n|-damage|p2a: Archaludon|245/268\n|-ability|p2a: Archaludon|Stamina|boost\n|-boost|p2a: Archaludon|def|1\n|inactive|Battle timer is ON: inactive players will automatically lose when time's up. (requested by sondaw)\n|\n|t:|1781396588\n|switch|p1a: Mudsdale|Mudsdale, L83, M|302/302|[from] Flip Turn\n|move|p2a: Archaludon|Swords Dance|p2a: Archaludon\n|-boost|p2a: Archaludon|atk|2\n|\n|upkeep\n|turn|2\n|\n|t:|1781396597\n|move|p2a: Archaludon|Swords Dance|p2a: Archaludon\n|-boost|p2a: Archaludon|atk|2\n|move|p1a: Mudsdale|Roar|p2a: Archaludon\n|drag|p2a: Sableye|Sableye, L88, F|231/231\n|\n|upkeep\n|turn|3\n|l|\u2606sondaw\n|inactive|sondaw disconnected and has a minute to reconnect!\n|player|p2|\n|j|\u2606sondaw\n|inactive|sondaw reconnected and has 140 seconds left.\n|player|p2|sondaw|1|\n|\n|t:|1781396617\n|move|p2a: Sableye|Encore|p1a: Mudsdale\n|-start|p1a: Mudsdale|Encore\n|move|p1a: Mudsdale|Roar|p2a: Sableye\n|drag|p2a: Archaludon|Archaludon, L78, M|245/268\n|\n|upkeep\n|turn|4\n|\n|t:|1781396626\n|move|p2a: Archaludon|Outrage|p1a: Mudsdale\n|-damage|p1a: Mudsdale|190/302\n|-ability|p1a: Mudsdale|Stamina|boost\n|-boost|p1a: Mudsdale|def|1\n|move|p1a: Mudsdale|Roar|p2a: Archaludon\n|drag|p2a: Feraligatr|Feraligatr, L79, M|264/264\n|\n|-heal|p1a: Mudsdale|208/302|[from] item: Leftovers\n|upkeep\n|turn|5\n|\n|t:|1781396644\n|move|p2a: Feraligatr|Liquidation|p1a: Mudsdale\n|-supereffective|p1a: Mudsdale\n|-damage|p1a: Mudsdale|42/302\n|-ability|p1a: Mudsdale|Stamina|boost\n|-boost|p1a: Mudsdale|def|1\n|move|p1a: Mudsdale|Roar|p2a: Feraligatr\n|drag|p2a: Ambipom|Ambipom, L84, M|263/263\n|\n|-heal|p1a: Mudsdale|60/302|[from] item: Leftovers\n|-end|p1a: Mudsdale|Encore\n|upkeep\n|turn|6\n|\n|t:|1781396655\n|move|p2a: Ambipom|Fake Out|p1a: Mudsdale\n|-damage|p1a: Mudsdale|23/302\n|-ability|p1a: Mudsdale|Stamina|boost\n|-boost|p1a: Mudsdale|def|1\n|cant|p1a: Mudsdale|flinch\n|\n|-heal|p1a: Mudsdale|41/302|[from] item: Leftovers\n|upkeep\n|turn|7\n|\n|t:|1781396665\n|move|p2a: Ambipom|Double-Edge|p1a: Mudsdale\n|-damage|p1a: Mudsdale|0 fnt\n|faint|p1a: Mudsdale\n|-damage|p2a: Ambipom|249/263|[from] Recoil\n|\n|upkeep\n|\n|t:|1781396681\n|switch|p1a: Cobalion|Cobalion, L80|277/277\n|turn|8\n|\n|t:|1781396687\n|move|p2a: Ambipom|U-turn|p1a: Cobalion\n|-resisted|p1a: Cobalion\n|-damage|p1a: Cobalion|268/277\n|\n|t:|1781396690\n|switch|p2a: Sableye|Sableye, L88, F|231/231|[from] U-turn\n|move|p1a: Cobalion|Swords Dance|p1a: Cobalion\n|-boost|p1a: Cobalion|atk|2\n|\n|-heal|p1a: Cobalion|277/277|[from] item: Leftovers\n|upkeep\n|turn|9\n|\n|t:|1781396699\n|switch|p1a: Dewgong|Dewgong, L94, F|322/322\n|move|p2a: Sableye|Encore||[still]\n|-fail|p2a: Sableye\n|\n|upkeep\n|turn|10\n|\n|t:|1781396708\n|move|p2a: Sableye|Thunder Wave|p1a: Dewgong\n|-status|p1a: Dewgong|par\n|cant|p1a: Dewgong|par\n|\n|upkeep\n|turn|11\n|-message|Harvester forfeited.\n|\n|win|sondaw\n", "uploadtime": 1781396563, "views": 4, "formatid": "gen9randombattle", "rating": null, "private": 0, "password": null}