{"id": "gen9randombattle-2631544318", "format": "[Gen 9] Random Battle", "players": ["iamlitmomo", "Addddlleyy"], "log": "|j|\u2606iamlitmomo\n|j|\u2606Addddlleyy\n|t:|1781399191\n|gametype|singles\n|player|p1|iamlitmomo|hoopster|2073\n|player|p2|Addddlleyy|swimmer|2038\n|gen|9\n|tier|[Gen 9] Random Battle\n|rated|\n|rule|Species Clause: Limit one of each Pok\u00e9mon\n|rule|HP Percentage Mod: HP is shown in percentages\n|rule|Sleep Clause Mod: Limit one foe put to sleep\n|rule|Illusion Level Mod: Illusion disguises the Pok\u00e9mon's true level\n|\n|t:|1781399191\n|teamsize|p1|6\n|teamsize|p2|6\n|start\n|switch|p1a: Tyranitar|Tyranitar, L78, M|284/284\n|switch|p2a: Alomomola|Alomomola, L87, F|429/429\n|-weather|Sandstorm|[from] ability: Sand Stream|[of] p1a: Tyranitar\n|turn|1\n|inactive|Battle timer is ON: inactive players will automatically lose when time's up. (requested by iamlitmomo)\n|inactive|Addddlleyy also wants the timer to be on.\n|\n|t:|1781399215\n|switch|p2a: Cacturne|Cacturne, L92, F|278/278\n|switch|p1a: Primarina|Primarina, L83, F|268/268\n|\n|-weather|Sandstorm|[upkeep]\n|-damage|p2a: Cacturne|261/278|[from] Sandstorm\n|-damage|p1a: Primarina|252/268|[from] Sandstorm\n|upkeep\n|turn|2\n|\n|t:|1781399225\n|switch|p1a: Masquerain|Masquerain, L87, F|264/264\n|-ability|p1a: Masquerain|Intimidate|boost\n|-unboost|p2a: Cacturne|atk|1\n|move|p2a: Cacturne|Seed Bomb|p1a: Masquerain\n|-resisted|p1a: Masquerain\n|-damage|p1a: Masquerain|233/264\n|-damage|p2a: Cacturne|234/278|[from] item: Life Orb\n|\n|-weather|Sandstorm|[upkeep]\n|-damage|p1a: Masquerain|217/264|[from] Sandstorm\n|-damage|p2a: Cacturne|217/278|[from] Sandstorm\n|upkeep\n|turn|3\n|\n|t:|1781399240\n|switch|p2a: Swanna|Swanna, L89, M|278/278\n|move|p1a: Masquerain|Hurricane|p2a: Swanna\n|-damage|p2a: Swanna|118/278\n|\n|-weather|Sandstorm|[upkeep]\n|-damage|p2a: Swanna|101/278|[from] Sandstorm\n|-damage|p1a: Masquerain|201/264|[from] Sandstorm\n|upkeep\n|turn|4\n|\n|t:|1781399250\n|switch|p1a: Bellibolt|Bellibolt, L84, F|320/320\n|move|p2a: Swanna|Roost|p2a: Swanna\n|-heal|p2a: Swanna|240/278\n|-singleturn|p2a: Swanna|move: Roost\n|\n|-weather|Sandstorm|[upkeep]\n|-damage|p2a: Swanna|223/278|[from] Sandstorm\n|-damage|p1a: Bellibolt|300/320|[from] Sandstorm\n|-heal|p1a: Bellibolt|320/320|[from] item: Leftovers\n|upkeep\n|turn|5\n|\n|t:|1781399258\n|switch|p2a: Flapple|Flapple, L88, M|266/266\n|move|p1a: Bellibolt|Volt Switch|p2a: Flapple\n|-resisted|p2a: Flapple\n|-damage|p2a: Flapple|241/266\n|\n|t:|1781399271\n|switch|p1a: Masquerain|Masquerain, L87, F|201/264|[from] Volt Switch\n|-ability|p1a: Masquerain|Intimidate|boost\n|-unboost|p2a: Flapple|atk|1\n|\n|-weather|none\n|upkeep\n|turn|6\n|\n|t:|1781399297\n|switch|p2a: Swanna|Swanna, L89, M|223/278\n|move|p1a: Masquerain|Quiver Dance|p1a: Masquerain\n|-boost|p1a: Masquerain|spa|1\n|-boost|p1a: Masquerain|spd|1\n|-boost|p1a: Masquerain|spe|1\n|\n|upkeep\n|turn|7\n|\n|t:|1781399301\n|move|p1a: Masquerain|Hurricane|p2a: Swanna\n|-damage|p2a: Swanna|9/278\n|move|p2a: Swanna|Brave Bird|p1a: Masquerain\n|-supereffective|p1a: Masquerain\n|-damage|p1a: Masquerain|0 fnt\n|faint|p1a: Masquerain\n|-damage|p2a: Swanna|0 fnt|[from] Recoil\n|faint|p2a: Swanna\n|\n|upkeep\n|\n|t:|1781399318\n|switch|p2a: Flapple|Flapple, L88, M|241/266\n|switch|p1a: Persian|Persian-Alola, L86, F|252/252\n|turn|8\n|\n|t:|1781399331\n|move|p1a: Persian|Nasty Plot|p1a: Persian\n|-boost|p1a: Persian|spa|2\n|move|p2a: Flapple|Dragon Dance|p2a: Flapple\n|-boost|p2a: Flapple|atk|1\n|-boost|p2a: Flapple|spe|1\n|\n|upkeep\n|turn|9\n|\n|t:|1781399343\n|move|p2a: Flapple|Grav Apple|p1a: Persian\n|-damage|p1a: Persian|105/252\n|-unboost|p1a: Persian|def|1\n|move|p1a: Persian|Dark Pulse|p2a: Flapple\n|-damage|p2a: Flapple|0 fnt\n|faint|p2a: Flapple\n|-damage|p1a: Persian|80/252|[from] item: Life Orb\n|\n|upkeep\n|\n|t:|1781399350\n|switch|p2a: Ribombee|Ribombee, L83, M|235/235\n|turn|10\n|\n|t:|1781399369\n|-terastallize|p1a: Persian|Poison\n|move|p2a: Ribombee|Moonblast|p1a: Persian\n|-resisted|p1a: Persian\n|-damage|p1a: Persian|26/252\n|move|p1a: Persian|Tera Blast|p2a: Ribombee|[anim] Tera Blast Poison\n|-supereffective|p2a: Ribombee\n|-damage|p2a: Ribombee|0 fnt\n|faint|p2a: Ribombee\n|-damage|p1a: Persian|1/252|[from] item: Life Orb\n|\n|upkeep\n|\n|t:|1781399380\n|switch|p2a: Cacturne|Cacturne, L92, F|217/278\n|turn|11\n|\n|t:|1781399383\n|move|p2a: Cacturne|Sucker Punch||[still]\n|-fail|p2a: Cacturne\n|move|p1a: Persian|Nasty Plot|p1a: Persian\n|-boost|p1a: Persian|spa|2\n|\n|upkeep\n|turn|12\n|\n|t:|1781399386\n|move|p2a: Cacturne|Sucker Punch||[still]\n|-fail|p2a: Cacturne\n|move|p1a: Persian|Nasty Plot|p1a: Persian\n|-boost|p1a: Persian|spa|2\n|\n|upkeep\n|turn|13\n|\n|t:|1781399389\n|move|p2a: Cacturne|Sucker Punch||[still]\n|-fail|p2a: Cacturne\n|move|p1a: Persian|Nasty Plot|p1a: Persian\n|-boost|p1a: Persian|spa|0\n|\n|upkeep\n|turn|14\n|\n|t:|1781399392\n|move|p2a: Cacturne|Sucker Punch||[still]\n|-fail|p2a: Cacturne\n|move|p1a: Persian|Nasty Plot|p1a: Persian\n|-boost|p1a: Persian|spa|0\n|\n|upkeep\n|turn|15\n|\n|t:|1781399394\n|move|p1a: Persian|Tera Blast|p2a: Cacturne|[anim] Tera Blast Poison\n|-supereffective|p2a: Cacturne\n|-damage|p2a: Cacturne|0 fnt\n|faint|p2a: Cacturne\n|-damage|p1a: Persian|0 fnt|[from] item: Life Orb\n|faint|p1a: Persian\n|\n|upkeep\n|\n|t:|1781399400\n|switch|p1a: Bellibolt|Bellibolt, L84, F|320/320\n|switch|p2a: Alomomola|Alomomola, L87, F|429/429\n|turn|16\n|-message|Addddlleyy forfeited.\n|\n|win|iamlitmomo\n", "uploadtime": 1781399194, "views": 3, "formatid": "gen9randombattle", "rating": null, "private": 0, "password": null}