{"id": "gen9randombattle-2631642374", "format": "[Gen 9] Random Battle", "players": ["Fam2440", "Bndzxbjj"], "log": "|j|\u2606Fam2440\n|j|\u2606Bndzxbjj\n|t:|1781413563\n|gametype|singles\n|player|p1|Fam2440|pokemaniac|\n|player|p2|Bndzxbjj|101|\n|gen|9\n|tier|[Gen 9] Random Battle\n|rule|Species Clause: Limit one of each Pok\u00e9mon\n|rule|HP Percentage Mod: HP is shown in percentages\n|rule|Sleep Clause Mod: Limit one foe put to sleep\n|rule|Illusion Level Mod: Illusion disguises the Pok\u00e9mon's true level\n|\n|t:|1781413563\n|teamsize|p1|6\n|teamsize|p2|6\n|start\n|switch|p1a: Persian|Persian-Alola, L86, F|252/252\n|switch|p2a: Infernape|Infernape, L82, F|259/259\n|turn|1\n|\n|t:|1781413580\n|-terastallize|p1a: Persian|Fairy\n|move|p2a: Infernape|Close Combat|p1a: Persian\n|-resisted|p1a: Persian\n|-damage|p1a: Persian|213/252\n|-unboost|p2a: Infernape|def|1\n|-unboost|p2a: Infernape|spd|1\n|move|p1a: Persian|Thunder Wave|p2a: Infernape\n|-status|p2a: Infernape|par\n|\n|upkeep\n|turn|2\n|inactive|Battle timer is ON: inactive players will automatically lose when time's up. (requested by Fam2440)\n|\n|t:|1781413631\n|switch|p2a: Clawitzer|Clawitzer, L87, F|265/265\n|move|p1a: Persian|Parting Shot|p2a: Clawitzer\n|-unboost|p2a: Clawitzer|atk|1\n|-unboost|p2a: Clawitzer|spa|1\n|\n|t:|1781413658\n|switch|p1a: Pikachu|Pikachu-Kalos, L93, F|216/216|[from] Parting Shot\n|\n|upkeep\n|turn|3\n|\n|t:|1781413668\n|-terastallize|p2a: Clawitzer|Fighting\n|move|p1a: Pikachu|Volt Tackle|p2a: Clawitzer\n|-damage|p2a: Clawitzer|49/265\n|-damage|p1a: Pikachu|145/216|[from] Recoil\n|move|p2a: Clawitzer|Water Pulse|p1a: Pikachu\n|-damage|p1a: Pikachu|0 fnt\n|faint|p1a: Pikachu\n|\n|upkeep\n|\n|t:|1781413688\n|switch|p1a: Krookodile|Krookodile, L79, M|280/280\n|-ability|p1a: Krookodile|Intimidate|boost\n|-unboost|p2a: Clawitzer|atk|1\n|turn|4\n|\n|t:|1781413701\n|move|p1a: Krookodile|Earthquake|p2a: Clawitzer\n|-damage|p2a: Clawitzer|0 fnt\n|faint|p2a: Clawitzer\n|\n|upkeep\n|inactive|Bndzxbjj has 270 seconds left.\n|\n|t:|1781413735\n|switch|p2a: Veluza|Veluza, L85, F|292/292\n|turn|5\n|\n|t:|1781413750\n|switch|p1a: Skarmory|Skarmory, L80, F|235/235\n|move|p2a: Veluza|Aqua Cutter|p1a: Skarmory\n|-damage|p1a: Skarmory|97/235\n|\n|upkeep\n|turn|6\n|\n|t:|1781413757\n|move|p2a: Veluza|Aqua Cutter|p1a: Skarmory\n|-damage|p1a: Skarmory|0 fnt\n|faint|p1a: Skarmory\n|\n|upkeep\n|\n|t:|1781413763\n|switch|p1a: Persian|Persian-Alola, L86, F, tera:Fairy|213/252\n|turn|7\n|\n|t:|1781413772\n|move|p1a: Persian|Thunder Wave|p2a: Veluza\n|-status|p2a: Veluza|par\n|cant|p2a: Veluza|par\n|\n|upkeep\n|turn|8\n|\n|t:|1781413779\n|move|p1a: Persian|Foul Play|p2a: Veluza\n|-supereffective|p2a: Veluza\n|-damage|p2a: Veluza|44/292 par\n|move|p2a: Veluza|Aqua Cutter|p1a: Persian\n|-crit|p1a: Persian\n|-damage|p1a: Persian|53/252\n|\n|upkeep\n|turn|9\n|\n|t:|1781413786\n|move|p1a: Persian|Foul Play|p2a: Veluza\n|-supereffective|p2a: Veluza\n|-damage|p2a: Veluza|0 fnt\n|faint|p2a: Veluza\n|\n|upkeep\n|\n|t:|1781413810\n|switch|p2a: Infernape|Infernape, L82, F|259/259 par\n|turn|10\n|\n|t:|1781413825\n|move|p1a: Persian|Parting Shot|p2a: Infernape\n|-unboost|p2a: Infernape|atk|1\n|-unboost|p2a: Infernape|spa|1\n|\n|t:|1781413845\n|switch|p1a: Krookodile|Krookodile, L79, M|280/280|[from] Parting Shot\n|-ability|p1a: Krookodile|Intimidate|boost\n|-unboost|p2a: Infernape|atk|1\n|move|p2a: Infernape|Flare Blitz|p1a: Krookodile\n|-damage|p1a: Krookodile|208/280\n|-status|p1a: Krookodile|brn\n|-damage|p2a: Infernape|235/259 par|[from] Recoil\n|\n|-damage|p1a: Krookodile|191/280 brn|[from] brn\n|upkeep\n|turn|11\n|\n|t:|1781413863\n|move|p1a: Krookodile|Earthquake|p2a: Infernape\n|-supereffective|p2a: Infernape\n|-damage|p2a: Infernape|57/259 par\n|move|p2a: Infernape|Flare Blitz|p1a: Krookodile\n|-damage|p1a: Krookodile|88/280 brn\n|-damage|p2a: Infernape|23/259 par|[from] Recoil\n|\n|-damage|p1a: Krookodile|71/280 brn|[from] brn\n|upkeep\n|turn|12\n|inactive|Bndzxbjj has 270 seconds left.\n|\n|t:|1781413888\n|move|p1a: Krookodile|Earthquake|p2a: Infernape\n|-supereffective|p2a: Infernape\n|-damage|p2a: Infernape|0 fnt\n|faint|p2a: Infernape\n|\n|-damage|p1a: Krookodile|54/280 brn|[from] brn\n|upkeep\n|\n|t:|1781413898\n|switch|p2a: Minun|Minun, L95, M|268/268\n|turn|13\n|\n|t:|1781413906\n|move|p2a: Minun|Alluring Voice|p1a: Krookodile\n|-supereffective|p1a: Krookodile\n|-damage|p1a: Krookodile|0 fnt\n|faint|p1a: Krookodile\n|-damage|p2a: Minun|242/268|[from] item: Life Orb\n|\n|upkeep\n|\n|t:|1781413920\n|switch|p1a: Persian|Persian-Alola, L86, F, tera:Fairy|53/252\n|turn|14\n|inactive|Bndzxbjj has 270 seconds left.\n|\n|t:|1781413930\n|move|p1a: Persian|Parting Shot|p2a: Minun\n|-unboost|p2a: Minun|atk|1\n|-unboost|p2a: Minun|spa|1\n|inactive|Fam2440 has 270 seconds left.\n|\n|t:|1781413974\n|switch|p1a: Piloswine|Piloswine, L85, F|309/309|[from] Parting Shot\n|move|p2a: Minun|Thunderbolt|p1a: Piloswine\n|-immune|p1a: Piloswine\n|\n|upkeep\n|turn|15\n|inactive|Bndzxbjj has 270 seconds left.\n|\n|t:|1781413990\n|move|p2a: Minun|Grass Knot|p1a: Piloswine\n|-supereffective|p1a: Piloswine\n|-damage|p1a: Piloswine|215/309\n|-damage|p2a: Minun|216/268|[from] item: Life Orb\n|move|p1a: Piloswine|Earthquake|p2a: Minun\n|-supereffective|p2a: Minun\n|-damage|p2a: Minun|0 fnt\n|faint|p2a: Minun\n|\n|upkeep\n|inactive|Bndzxbjj has 270 seconds left.\n|\n|t:|1781414004\n|switch|p2a: Stonjourner|Stonjourner, L91, F|330/330\n|turn|16\n|inactive|Bndzxbjj has 270 seconds left.\n|inactive|Fam2440 has 270 seconds left.\n|\n|t:|1781414022\n|move|p2a: Stonjourner|Stone Edge|p1a: Piloswine\n|-damage|p1a: Piloswine|81/309\n|-damage|p2a: Stonjourner|297/330|[from] item: Life Orb\n|move|p1a: Piloswine|Roar|p2a: Stonjourner\n|drag|p2a: Polteageist|Polteageist, L78|222/222\n|\n|upkeep\n|turn|17\n|inactive|Fam2440 has 270 seconds left.\n|inactive|Bndzxbjj has 270 seconds left.\n|\n|t:|1781414031\n|move|p2a: Polteageist|Shadow Ball|p1a: Piloswine\n|-damage|p1a: Piloswine|0 fnt\n|faint|p1a: Piloswine\n|\n|upkeep\n|inactive|Fam2440 has 270 seconds left.\n|\n|t:|1781414039\n|switch|p1a: Persian|Persian-Alola, L86, F, tera:Fairy|53/252\n|turn|18\n|inactive|Bndzxbjj has 270 seconds left.\n|\n|t:|1781414055\n|move|p1a: Persian|Foul Play|p2a: Polteageist\n|-supereffective|p2a: Polteageist\n|-damage|p2a: Polteageist|82/222\n|move|p2a: Polteageist|Shadow Ball|p1a: Persian\n|-damage|p1a: Persian|0 fnt\n|faint|p1a: Persian\n|\n|upkeep\n|inactive|Fam2440 has 270 seconds left.\n|\n|t:|1781414087\n|switch|p1a: Tornadus|Tornadus, L82, M|263/263\n|turn|19\n|inactive|Bndzxbjj has 270 seconds left.\n|\n|t:|1781414119\n|move|p1a: Tornadus|Bleakwind Storm|p2a: Polteageist\n|-damage|p2a: Polteageist|0 fnt\n|faint|p2a: Polteageist\n|\n|upkeep\n|j| Umbreon's Guardian\n|\n|t:|1781414124\n|switch|p2a: Stonjourner|Stonjourner, L91, F|297/330\n|turn|20\n|inactive|Fam2440 has 270 seconds left.\n|\n|t:|1781414140\n|move|p1a: Tornadus|Bleakwind Storm|p2a: Stonjourner\n|-resisted|p2a: Stonjourner\n|-damage|p2a: Stonjourner|77/330\n|move|p2a: Stonjourner|Stone Edge|p1a: Tornadus|[miss]\n|-miss|p2a: Stonjourner|p1a: Tornadus\n|\n|upkeep\n|turn|21\n|\n|t:|1781414147\n|move|p1a: Tornadus|Bleakwind Storm|p2a: Stonjourner|[miss]\n|-miss|p1a: Tornadus|p2a: Stonjourner\n|move|p2a: Stonjourner|Stone Edge|p1a: Tornadus\n|-supereffective|p1a: Tornadus\n|-damage|p1a: Tornadus|0 fnt\n|faint|p1a: Tornadus\n|-damage|p2a: Stonjourner|44/330|[from] item: Life Orb\n|\n|win|Bndzxbjj\n", "uploadtime": 1781414147, "views": 2, "formatid": "gen9randombattle", "rating": null, "private": 0, "password": null}