{"id": "gen9randombattle-2631561849", "format": "[Gen 9] Random Battle", "players": ["nutbustas", "Tarunda"], "log": "|j|\u203dnutbustas\n|j|\u2606Tarunda\n|t:|1781401623\n|gametype|singles\n|player|p1|nutbustas|plumeria|2051\n|player|p2|Tarunda|wallace|2095\n|gen|9\n|tier|[Gen 9] Random Battle\n|rated|\n|rule|Species Clause: Limit one of each Pok\u00e9mon\n|rule|HP Percentage Mod: HP is shown in percentages\n|rule|Sleep Clause Mod: Limit one foe put to sleep\n|rule|Illusion Level Mod: Illusion disguises the Pok\u00e9mon's true level\n|\n|t:|1781401623\n|teamsize|p1|6\n|teamsize|p2|6\n|start\n|switch|p1a: Weavile|Weavile, L79, M|240/240\n|switch|p2a: Gouging Fire|Gouging Fire, L74|277/277\n|turn|1\n|inactive|Battle timer is ON: inactive players will automatically lose when time's up. (requested by Tarunda)\n|l|\u203dnutbustas\n|inactive|nutbustas disconnected and has a minute to reconnect!\n|player|p1|\n|j|\u203dnutbustas\n|inactive|nutbustas reconnected and has 135 seconds left.\n|player|p1|nutbustas|plumeria|\n|n|\u203dnutbustas|nutbustas\n|n|\u203dnutbustas|nutbustas\n|\n|t:|1781401651\n|switch|p1a: Swalot|Swalot, L90, F|326/326\n|move|p2a: Gouging Fire|Dragon Dance|p2a: Gouging Fire\n|-boost|p2a: Gouging Fire|atk|1\n|-boost|p2a: Gouging Fire|spe|1\n|\n|upkeep\n|turn|2\n|\n|t:|1781401660\n|move|p2a: Gouging Fire|Earthquake|p1a: Swalot\n|-supereffective|p1a: Swalot\n|-damage|p1a: Swalot|152/326\n|move|p1a: Swalot|Earthquake|p2a: Gouging Fire\n|-supereffective|p2a: Gouging Fire\n|-damage|p2a: Gouging Fire|149/277\n|\n|-heal|p1a: Swalot|172/326|[from] item: Leftovers\n|upkeep\n|turn|3\n|\n|t:|1781401669\n|move|p2a: Gouging Fire|Earthquake|p1a: Swalot\n|-supereffective|p1a: Swalot\n|-damage|p1a: Swalot|0 fnt\n|faint|p1a: Swalot\n|\n|upkeep\n|\n|t:|1781401676\n|switch|p1a: Mew|Mew, L82|298/298\n|turn|4\n|\n|t:|1781401685\n|-terastallize|p2a: Gouging Fire|Ground\n|move|p2a: Gouging Fire|Heat Crash|p1a: Mew\n|-damage|p1a: Mew|144/298\n|move|p1a: Mew|Psychic Fangs|p2a: Gouging Fire\n|-damage|p2a: Gouging Fire|44/277\n|-damage|p1a: Mew|115/298|[from] item: Life Orb\n|\n|upkeep\n|turn|5\n|\n|t:|1781401694\n|move|p2a: Gouging Fire|Heat Crash|p1a: Mew\n|-damage|p1a: Mew|0 fnt\n|faint|p1a: Mew\n|\n|upkeep\n|\n|t:|1781401696\n|switch|p1a: Cloyster|Cloyster, L80, M|211/211\n|turn|6\n|\n|t:|1781401720\n|move|p2a: Gouging Fire|Dragon Dance|p2a: Gouging Fire\n|-boost|p2a: Gouging Fire|atk|1\n|-boost|p2a: Gouging Fire|spe|1\n|move|p1a: Cloyster|Shell Smash|p1a: Cloyster\n|-unboost|p1a: Cloyster|def|1\n|-unboost|p1a: Cloyster|spd|1\n|-boost|p1a: Cloyster|atk|2\n|-boost|p1a: Cloyster|spa|2\n|-boost|p1a: Cloyster|spe|2\n|-enditem|p1a: Cloyster|White Herb\n|-clearnegativeboost|p1a: Cloyster|[silent]\n|\n|upkeep\n|turn|7\n|\n|t:|1781401729\n|move|p2a: Gouging Fire|Outrage|p1a: Cloyster\n|-damage|p1a: Cloyster|78/211\n|move|p1a: Cloyster|Shell Smash|p1a: Cloyster\n|-unboost|p1a: Cloyster|def|1\n|-unboost|p1a: Cloyster|spd|1\n|-boost|p1a: Cloyster|atk|2\n|-boost|p1a: Cloyster|spa|2\n|-boost|p1a: Cloyster|spe|2\n|\n|upkeep\n|turn|8\n|\n|t:|1781401738\n|move|p1a: Cloyster|Icicle Spear|p2a: Gouging Fire\n|-supereffective|p2a: Gouging Fire\n|-crit|p2a: Gouging Fire\n|-damage|p2a: Gouging Fire|0 fnt\n|faint|p2a: Gouging Fire\n|-end|p2a: Gouging Fire|Protosynthesis|[silent]\n|-hitcount|p2: Gouging Fire|1\n|\n|upkeep\n|\n|t:|1781401743\n|switch|p2a: Sudowoodo|Sudowoodo, L94, M|284/284\n|turn|9\n|\n|t:|1781401747\n|move|p2a: Sudowoodo|Sucker Punch|p1a: Cloyster\n|-damage|p1a: Cloyster|0 fnt\n|faint|p1a: Cloyster\n|\n|upkeep\n|\n|t:|1781401752\n|switch|p1a: Breloom|Breloom, L83, M|235/235\n|turn|10\n|\n|t:|1781401756\n|switch|p2a: Meganium|Meganium, L90, M|290/290\n|move|p1a: Breloom|Spore|p2a: Meganium\n|-immune|p2a: Meganium\n|\n|upkeep\n|turn|11\n|\n|t:|1781401763\n|switch|p1a: Clodsire|Clodsire, L81, M|343/343\n|move|p2a: Meganium|Knock Off|p1a: Clodsire\n|-damage|p1a: Clodsire|245/343\n|-enditem|p1a: Clodsire|Leftovers|[from] move: Knock Off|[of] p2a: Meganium\n|\n|upkeep\n|turn|12\n|\n|t:|1781401776\n|switch|p2a: Sudowoodo|Sudowoodo, L94, M|284/284\n|move|p1a: Clodsire|Toxic|p2a: Sudowoodo\n|-status|p2a: Sudowoodo|tox\n|\n|-damage|p2a: Sudowoodo|267/284 tox|[from] psn\n|upkeep\n|turn|13\n|\n|t:|1781401783\n|move|p2a: Sudowoodo|Head Smash|p1a: Clodsire\n|-resisted|p1a: Clodsire\n|-damage|p1a: Clodsire|24/343\n|move|p1a: Clodsire|Recover|p1a: Clodsire\n|-heal|p1a: Clodsire|196/343\n|\n|-damage|p2a: Sudowoodo|233/284 tox|[from] psn\n|upkeep\n|turn|14\n|\n|t:|1781401792\n|move|p2a: Sudowoodo|Head Smash|p1a: Clodsire\n|-resisted|p1a: Clodsire\n|-damage|p1a: Clodsire|7/343\n|move|p1a: Clodsire|Recover|p1a: Clodsire\n|-heal|p1a: Clodsire|179/343\n|\n|-damage|p2a: Sudowoodo|182/284 tox|[from] psn\n|upkeep\n|turn|15\n|\n|t:|1781401800\n|move|p2a: Sudowoodo|Head Smash|p1a: Clodsire|[miss]\n|-miss|p2a: Sudowoodo|p1a: Clodsire\n|move|p1a: Clodsire|Recover|p1a: Clodsire\n|-heal|p1a: Clodsire|343/343\n|\n|-damage|p2a: Sudowoodo|114/284 tox|[from] psn\n|upkeep\n|turn|16\n|\n|t:|1781401807\n|move|p2a: Sudowoodo|Head Smash|p1a: Clodsire\n|-resisted|p1a: Clodsire\n|-damage|p1a: Clodsire|145/343\n|move|p1a: Clodsire|Recover|p1a: Clodsire\n|-heal|p1a: Clodsire|317/343\n|\n|-damage|p2a: Sudowoodo|29/284 tox|[from] psn\n|upkeep\n|turn|17\n|\n|t:|1781401818\n|switch|p2a: Iron Boulder|Iron Boulder, L77|265/265\n|move|p1a: Clodsire|Recover|p1a: Clodsire\n|-heal|p1a: Clodsire|343/343\n|\n|upkeep\n|turn|18\n|\n|t:|1781401834\n|-terastallize|p1a: Clodsire|Steel\n|move|p2a: Iron Boulder|Zen Headbutt|p1a: Clodsire\n|-resisted|p1a: Clodsire\n|-damage|p1a: Clodsire|269/343\n|-damage|p2a: Iron Boulder|239/265|[from] item: Life Orb\n|move|p1a: Clodsire|Earthquake|p2a: Iron Boulder\n|-supereffective|p2a: Iron Boulder\n|-damage|p2a: Iron Boulder|35/265\n|\n|upkeep\n|turn|19\n|\n|t:|1781401843\n|move|p2a: Iron Boulder|Close Combat|p1a: Clodsire\n|-supereffective|p1a: Clodsire\n|-damage|p1a: Clodsire|0 fnt\n|-unboost|p2a: Iron Boulder|def|1\n|-unboost|p2a: Iron Boulder|spd|1\n|faint|p1a: Clodsire\n|-damage|p2a: Iron Boulder|9/265|[from] item: Life Orb\n|\n|upkeep\n|\n|t:|1781401850\n|switch|p1a: Breloom|Breloom, L83, M|235/235\n|turn|20\n|\n|t:|1781401876\n|move|p1a: Breloom|Mach Punch|p2a: Iron Boulder\n|-damage|p2a: Iron Boulder|0 fnt\n|faint|p2a: Iron Boulder\n|-end|p2a: Iron Boulder|Quark Drive|[silent]\n|-damage|p1a: Breloom|212/235|[from] item: Life Orb\n|\n|upkeep\n|\n|t:|1781401885\n|switch|p2a: Iron Jugulis|Iron Jugulis, L77|271/271\n|turn|21\n|\n|t:|1781401894\n|move|p2a: Iron Jugulis|Fire Blast|p1a: Breloom\n|-supereffective|p1a: Breloom\n|-damage|p1a: Breloom|0 fnt\n|faint|p1a: Breloom\n|\n|upkeep\n|\n|t:|1781401896\n|switch|p1a: Weavile|Weavile, L79, M|240/240\n|turn|22\n|\n|t:|1781401901\n|move|p1a: Weavile|Triple Axel|p2a: Iron Jugulis\n|-supereffective|p2a: Iron Jugulis\n|-damage|p2a: Iron Jugulis|221/271\n|-supereffective|p2a: Iron Jugulis\n|-damage|p2a: Iron Jugulis|125/271\n|-hitcount|p2a: Iron Jugulis|2\n|move|p2a: Iron Jugulis|Fire Blast|p1a: Weavile\n|-supereffective|p1a: Weavile\n|-damage|p1a: Weavile|0 fnt\n|faint|p1a: Weavile\n|\n|win|Tarunda\n", "uploadtime": 1781401625, "views": 3, "formatid": "gen9randombattle", "rating": null, "private": 0, "password": null}