{"id": "gen9randombattle-2631815628", "format": "[Gen 9] Random Battle", "players": ["centrallimittheory", "pagenfranskane"], "log": "|j|\u2606centrallimittheory\n|j|\u2606pagenfranskane\n|t:|1781443685\n|gametype|singles\n|player|p1|centrallimittheory|crasherwake|2039\n|player|p2|pagenfranskane|battlegirl|2004\n|gen|9\n|tier|[Gen 9] Random Battle\n|rated|\n|rule|Species Clause: Limit one of each Pok\u00e9mon\n|rule|HP Percentage Mod: HP is shown in percentages\n|rule|Sleep Clause Mod: Limit one foe put to sleep\n|rule|Illusion Level Mod: Illusion disguises the Pok\u00e9mon's true level\n|\n|t:|1781443685\n|teamsize|p1|6\n|teamsize|p2|6\n|start\n|switch|p1a: Noivern|Noivern, L82, F|274/274\n|switch|p2a: Palkia|Palkia-Origin, L72|249/249\n|-ability|p2a: Palkia|Pressure\n|turn|1\n|inactive|Battle timer is ON: inactive players will automatically lose when time's up. (requested by centrallimittheory)\n|\n|t:|1781443697\n|move|p1a: Noivern|U-turn|p2a: Palkia\n|-damage|p2a: Palkia|211/249\n|\n|t:|1781443702\n|switch|p1a: Chesnaught|Chesnaught, L84, F|285/285|[from] U-turn\n|move|p2a: Palkia|Thunder Wave|p1a: Chesnaught\n|-status|p1a: Chesnaught|par\n|\n|upkeep\n|turn|2\n|\n|t:|1781443707\n|move|p2a: Palkia|Fire Blast|p1a: Chesnaught\n|-supereffective|p1a: Chesnaught\n|-damage|p1a: Chesnaught|91/285 par\n|move|p1a: Chesnaught|Spikes|p2a: Palkia\n|-sidestart|p2: pagenfranskane|Spikes\n|\n|-heal|p1a: Chesnaught|108/285 par|[from] item: Leftovers\n|upkeep\n|turn|3\n|\n|t:|1781443712\n|switch|p1a: Bellibolt|Bellibolt, L84, F|320/320\n|move|p2a: Palkia|Spacial Rend|p1a: Bellibolt\n|-damage|p1a: Bellibolt|170/320\n|-start|p1a: Bellibolt|Charge|Spacial Rend|[from] ability: Electromorphosis\n|\n|-heal|p1a: Bellibolt|190/320|[from] item: Leftovers\n|upkeep\n|turn|4\n|\n|t:|1781443721\n|switch|p2a: Electivire|Electivire, L84, F|263/263\n|-damage|p2a: Electivire|231/263|[from] Spikes\n|move|p1a: Bellibolt|Slack Off|p1a: Bellibolt\n|-heal|p1a: Bellibolt|320/320\n|\n|upkeep\n|turn|5\n|\n|t:|1781443731\n|move|p2a: Electivire|Bulk Up|p2a: Electivire\n|-boost|p2a: Electivire|atk|1\n|-boost|p2a: Electivire|def|1\n|move|p1a: Bellibolt|Toxic|p2a: Electivire\n|-status|p2a: Electivire|tox\n|\n|-damage|p2a: Electivire|215/263 tox|[from] psn\n|upkeep\n|turn|6\n|\n|t:|1781443735\n|switch|p1a: Noivern|Noivern, L82, F|274/274\n|move|p2a: Electivire|Earthquake|p1a: Noivern\n|-immune|p1a: Noivern\n|\n|-damage|p2a: Electivire|183/263 tox|[from] psn\n|upkeep\n|turn|7\n|\n|t:|1781443738\n|move|p1a: Noivern|U-turn|p2a: Electivire\n|-damage|p2a: Electivire|152/263 tox\n|\n|t:|1781443740\n|switch|p1a: Chesnaught|Chesnaught, L84, F|108/285 par|[from] U-turn\n|move|p2a: Electivire|Ice Punch|p1a: Chesnaught\n|-supereffective|p1a: Chesnaught\n|-damage|p1a: Chesnaught|0 fnt\n|faint|p1a: Chesnaught\n|-damage|p2a: Electivire|126/263 tox|[from] item: Life Orb\n|\n|-damage|p2a: Electivire|78/263 tox|[from] psn\n|upkeep\n|\n|t:|1781443744\n|switch|p1a: Noivern|Noivern, L82, F|274/274\n|turn|8\n|\n|t:|1781443747\n|move|p1a: Noivern|Boomburst|p2a: Electivire\n|-damage|p2a: Electivire|0 fnt\n|faint|p2a: Electivire\n|\n|upkeep\n|\n|t:|1781443756\n|switch|p2a: Palkia|Palkia-Origin, L72|211/249\n|-damage|p2a: Palkia|180/249|[from] Spikes\n|-ability|p2a: Palkia|Pressure\n|turn|9\n|\n|t:|1781443760\n|switch|p1a: Bellibolt|Bellibolt, L84, F|320/320\n|move|p2a: Palkia|Spacial Rend|p1a: Bellibolt|[miss]\n|-miss|p2a: Palkia|p1a: Bellibolt\n|\n|upkeep\n|turn|10\n|\n|t:|1781443764\n|move|p2a: Palkia|Spacial Rend|p1a: Bellibolt\n|-damage|p1a: Bellibolt|187/320\n|-start|p1a: Bellibolt|Charge|Spacial Rend|[from] ability: Electromorphosis\n|move|p1a: Bellibolt|Thunderbolt|p2a: Palkia\n|-damage|p2a: Palkia|5/249\n|-end|p1a: Bellibolt|Charge|[silent]\n|\n|-heal|p1a: Bellibolt|207/320|[from] item: Leftovers\n|upkeep\n|turn|11\n|\n|t:|1781443767\n|move|p2a: Palkia|Spacial Rend|p1a: Bellibolt\n|-damage|p1a: Bellibolt|77/320\n|-start|p1a: Bellibolt|Charge|Spacial Rend|[from] ability: Electromorphosis\n|move|p1a: Bellibolt|Slack Off|p1a: Bellibolt\n|-heal|p1a: Bellibolt|237/320\n|\n|-heal|p1a: Bellibolt|257/320|[from] item: Leftovers\n|upkeep\n|turn|12\n|\n|t:|1781443770\n|move|p2a: Palkia|Spacial Rend|p1a: Bellibolt\n|-damage|p1a: Bellibolt|109/320\n|-start|p1a: Bellibolt|Charge|Spacial Rend|[from] ability: Electromorphosis\n|move|p1a: Bellibolt|Muddy Water|p2a: Palkia\n|-resisted|p2a: Palkia\n|-crit|p2a: Palkia\n|-damage|p2a: Palkia|0 fnt\n|faint|p2a: Palkia\n|\n|-heal|p1a: Bellibolt|129/320|[from] item: Leftovers\n|upkeep\n|\n|t:|1781443777\n|switch|p2a: Cetitan|Cetitan, L82, M|412/412\n|-damage|p2a: Cetitan|361/412|[from] Spikes\n|turn|13\n|\n|t:|1781443782\n|switch|p1a: Arbok|Arbok, L87, M|246/246\n|-ability|p1a: Arbok|Intimidate|boost\n|-unboost|p2a: Cetitan|atk|1\n|move|p2a: Cetitan|Belly Drum|p2a: Cetitan\n|-damage|p2a: Cetitan|155/412\n|-setboost|p2a: Cetitan|atk|6|[from] move: Belly Drum\n|-enditem|p2a: Cetitan|Sitrus Berry|[eat]\n|-heal|p2a: Cetitan|258/412|[from] item: Sitrus Berry\n|\n|upkeep\n|turn|14\n|\n|t:|1781443809\n|move|p1a: Arbok|Gunk Shot|p2a: Cetitan\n|-damage|p2a: Cetitan|34/412\n|-damage|p1a: Arbok|222/246|[from] item: Life Orb\n|move|p2a: Cetitan|Earthquake|p1a: Arbok\n|-supereffective|p1a: Arbok\n|-damage|p1a: Arbok|0 fnt\n|faint|p1a: Arbok\n|\n|upkeep\n|\n|t:|1781443817\n|switch|p1a: Kyogre|Kyogre, L71|259/259\n|-weather|RainDance|[from] ability: Drizzle|[of] p1a: Kyogre\n|turn|15\n|\n|t:|1781443821\n|move|p2a: Cetitan|Ice Shard|p1a: Kyogre\n|-resisted|p1a: Kyogre\n|-damage|p1a: Kyogre|154/259\n|move|p1a: Kyogre|Origin Pulse|p2a: Cetitan\n|-damage|p2a: Cetitan|0 fnt\n|faint|p2a: Cetitan\n|\n|-weather|RainDance|[upkeep]\n|upkeep\n|\n|t:|1781443825\n|switch|p2a: Arboliva|Arboliva, L91, M|288/288\n|-damage|p2a: Arboliva|252/288|[from] Spikes\n|turn|16\n|\n|t:|1781443831\n|switch|p1a: Noivern|Noivern, L82, F|274/274\n|move|p2a: Arboliva|Substitute|p2a: Arboliva\n|-start|p2a: Arboliva|Substitute\n|-damage|p2a: Arboliva|180/288\n|\n|-weather|RainDance|[upkeep]\n|upkeep\n|turn|17\n|\n|t:|1781443837\n|move|p2a: Arboliva|Protect|p2a: Arboliva\n|-singleturn|p2a: Arboliva|Protect\n|move|p1a: Noivern|Boomburst|p2a: Arboliva\n|-activate|p2a: Arboliva|move: Protect\n|\n|-weather|RainDance|[upkeep]\n|upkeep\n|turn|18\n|\n|t:|1781443840\n|move|p1a: Noivern|Boomburst|p2a: Arboliva\n|-damage|p2a: Arboliva|73/288\n|-enditem|p2a: Arboliva|Sitrus Berry|[eat]\n|-heal|p2a: Arboliva|145/288|[from] item: Sitrus Berry\n|move|p2a: Arboliva|Leech Seed|p1a: Noivern\n|-start|p1a: Noivern|move: Leech Seed\n|\n|-weather|RainDance|[upkeep]\n|-damage|p1a: Noivern|240/274|[from] Leech Seed|[of] p2a: Arboliva\n|-heal|p2a: Arboliva|179/288|[silent]\n|upkeep\n|turn|19\n|\n|t:|1781443845\n|switch|p1a: Shaymin|Shaymin, L82|298/298\n|move|p2a: Arboliva|Protect||[still]\n|-fail|p2a: Arboliva\n|\n|-weather|none\n|-item|p2a: Arboliva|Sitrus Berry|[from] ability: Harvest\n|upkeep\n|turn|20\n|\n|t:|1781443849\n|move|p1a: Shaymin|Air Slash|p2a: Arboliva\n|-supereffective|p2a: Arboliva\n|-crit|p2a: Arboliva\n|-end|p2a: Arboliva|Substitute\n|move|p2a: Arboliva|Hyper Voice|p1a: Shaymin\n|-damage|p1a: Shaymin|174/298\n|\n|-heal|p1a: Shaymin|192/298|[from] item: Leftovers\n|upkeep\n|turn|21\n|\n|t:|1781443855\n|move|p2a: Arboliva|Protect|p2a: Arboliva\n|-singleturn|p2a: Arboliva|Protect\n|move|p1a: Shaymin|Synthesis|p1a: Shaymin\n|-heal|p1a: Shaymin|298/298\n|\n|upkeep\n|turn|22\n|\n|t:|1781443861\n|move|p1a: Shaymin|Air Slash|p2a: Arboliva\n|-supereffective|p2a: Arboliva\n|-damage|p2a: Arboliva|95/288\n|-enditem|p2a: Arboliva|Sitrus Berry|[eat]\n|-heal|p2a: Arboliva|167/288|[from] item: Sitrus Berry\n|move|p2a: Arboliva|Hyper Voice|p1a: Shaymin\n|-damage|p1a: Shaymin|172/298\n|\n|-heal|p1a: Shaymin|190/298|[from] item: Leftovers\n|-item|p2a: Arboliva|Sitrus Berry|[from] ability: Harvest\n|upkeep\n|turn|23\n|\n|t:|1781443867\n|switch|p1a: Noivern|Noivern, L82, F|240/274\n|move|p2a: Arboliva|Protect||[still]\n|-fail|p2a: Arboliva\n|\n|upkeep\n|turn|24\n|\n|t:|1781443873\n|switch|p1a: Bellibolt|Bellibolt, L84, F|129/320\n|move|p2a: Arboliva|Leech Seed|p1a: Bellibolt\n|-start|p1a: Bellibolt|move: Leech Seed\n|\n|-heal|p1a: Bellibolt|149/320|[from] item: Leftovers\n|-damage|p1a: Bellibolt|109/320|[from] Leech Seed|[of] p2a: Arboliva\n|-heal|p2a: Arboliva|207/288|[silent]\n|upkeep\n|turn|25\n|\n|t:|1781443878\n|move|p1a: Bellibolt|Slack Off|p1a: Bellibolt\n|-heal|p1a: Bellibolt|269/320\n|move|p2a: Arboliva|Substitute|p2a: Arboliva\n|-start|p2a: Arboliva|Substitute\n|-damage|p2a: Arboliva|135/288\n|-enditem|p2a: Arboliva|Sitrus Berry|[eat]\n|-heal|p2a: Arboliva|207/288|[from] item: Sitrus Berry\n|\n|-heal|p1a: Bellibolt|289/320|[from] item: Leftovers\n|-damage|p1a: Bellibolt|249/320|[from] Leech Seed|[of] p2a: Arboliva\n|-heal|p2a: Arboliva|247/288|[silent]\n|upkeep\n|turn|26\n|\n|t:|1781443882\n|switch|p1a: Noivern|Noivern, L82, F|240/274\n|move|p2a: Arboliva|Hyper Voice|p1a: Noivern\n|-damage|p1a: Noivern|87/274\n|\n|-item|p2a: Arboliva|Sitrus Berry|[from] ability: Harvest\n|upkeep\n|turn|27\n|\n|t:|1781443886\n|move|p1a: Noivern|U-turn|p2a: Arboliva\n|-supereffective|p2a: Arboliva\n|-damage|p2a: Arboliva|179/288\n|\n|t:|1781443893\n|switch|p1a: Shaymin|Shaymin, L82|190/298|[from] U-turn\n|move|p2a: Arboliva|Hyper Voice|p1a: Shaymin\n|-damage|p1a: Shaymin|54/298\n|\n|-heal|p1a: Shaymin|72/298|[from] item: Leftovers\n|upkeep\n|turn|28\n|\n|t:|1781443897\n|move|p1a: Shaymin|Synthesis|p1a: Shaymin\n|-heal|p1a: Shaymin|221/298\n|move|p2a: Arboliva|Hyper Voice|p1a: Shaymin\n|-damage|p1a: Shaymin|97/298\n|\n|-heal|p1a: Shaymin|115/298|[from] item: Leftovers\n|upkeep\n|turn|29\n|\n|t:|1781443900\n|move|p1a: Shaymin|Synthesis|p1a: Shaymin\n|-heal|p1a: Shaymin|264/298\n|move|p2a: Arboliva|Hyper Voice|p1a: Shaymin\n|-crit|p1a: Shaymin\n|-damage|p1a: Shaymin|62/298\n|\n|-heal|p1a: Shaymin|80/298|[from] item: Leftovers\n|upkeep\n|turn|30\n|\n|t:|1781443903\n|move|p1a: Shaymin|Synthesis|p1a: Shaymin\n|-heal|p1a: Shaymin|229/298\n|move|p2a: Arboliva|Hyper Voice|p1a: Shaymin\n|-damage|p1a: Shaymin|100/298\n|\n|-heal|p1a: Shaymin|118/298|[from] item: Leftovers\n|upkeep\n|turn|31\n|\n|t:|1781443904\n|move|p1a: Shaymin|Synthesis|p1a: Shaymin\n|-heal|p1a: Shaymin|267/298\n|move|p2a: Arboliva|Hyper Voice|p1a: Shaymin\n|-damage|p1a: Shaymin|149/298\n|\n|-heal|p1a: Shaymin|167/298|[from] item: Leftovers\n|upkeep\n|turn|32\n|\n|t:|1781443906\n|move|p1a: Shaymin|Synthesis|p1a: Shaymin\n|-heal|p1a: Shaymin|298/298\n|move|p2a: Arboliva|Hyper Voice|p1a: Shaymin\n|-damage|p1a: Shaymin|174/298\n|\n|-heal|p1a: Shaymin|192/298|[from] item: Leftovers\n|upkeep\n|turn|33\n|\n|t:|1781443908\n|move|p1a: Shaymin|Seed Flare|p2a: Arboliva\n|-resisted|p2a: Arboliva\n|-activate|p2a: Arboliva|move: Substitute|[damage]\n|move|p2a: Arboliva|Hyper Voice|p1a: Shaymin\n|-damage|p1a: Shaymin|59/298\n|\n|-heal|p1a: Shaymin|77/298|[from] item: Leftovers\n|upkeep\n|turn|34\n|\n|t:|1781443910\n|move|p1a: Shaymin|Air Slash|p2a: Arboliva\n|-supereffective|p2a: Arboliva\n|-end|p2a: Arboliva|Substitute\n|move|p2a: Arboliva|Hyper Voice|p1a: Shaymin\n|-damage|p1a: Shaymin|0 fnt\n|faint|p1a: Shaymin\n|\n|upkeep\n|\n|t:|1781443914\n|switch|p1a: Noivern|Noivern, L82, F|87/274\n|turn|35\n|\n|t:|1781443916\n|move|p2a: Arboliva|Protect|p2a: Arboliva\n|-singleturn|p2a: Arboliva|Protect\n|move|p1a: Noivern|Draco Meteor|p2a: Arboliva\n|-activate|p2a: Arboliva|move: Protect\n|\n|upkeep\n|turn|36\n|\n|t:|1781443919\n|move|p1a: Noivern|Draco Meteor|p2a: Arboliva\n|-damage|p2a: Arboliva|17/288\n|-unboost|p1a: Noivern|spa|2\n|-enditem|p2a: Arboliva|Sitrus Berry|[eat]\n|-heal|p2a: Arboliva|89/288|[from] item: Sitrus Berry\n|move|p2a: Arboliva|Hyper Voice|p1a: Noivern\n|-damage|p1a: Noivern|0 fnt\n|faint|p1a: Noivern\n|\n|-item|p2a: Arboliva|Sitrus Berry|[from] ability: Harvest\n|upkeep\n|-enditem|p2a: Arboliva|Sitrus Berry|[eat]\n|-heal|p2a: Arboliva|161/288|[from] item: Sitrus Berry\n|-message|centrallimittheory forfeited.\n|\n|win|pagenfranskane\n", "uploadtime": 1781443687, "views": 3, "formatid": "gen9randombattle", "rating": null, "private": 0, "password": null}