{"id": "gen9randombattle-2631440310", "format": "[Gen 9] Random Battle", "players": ["carlsaidcroissant", "Negrata-kun"], "log": "|j|\u2606carlsaidcroissant\n|j|\u2606Negrata-kun\n|t:|1781384927\n|gametype|singles\n|player|p1|carlsaidcroissant|clair|1051\n|player|p2|Negrata-kun|2|1000\n|gen|9\n|tier|[Gen 9] Random Battle\n|rated|\n|rule|Species Clause: Limit one of each Pok\u00e9mon\n|rule|HP Percentage Mod: HP is shown in percentages\n|rule|Sleep Clause Mod: Limit one foe put to sleep\n|rule|Illusion Level Mod: Illusion disguises the Pok\u00e9mon's true level\n|\n|t:|1781384927\n|teamsize|p1|6\n|teamsize|p2|6\n|start\n|switch|p1a: Hitmonchan|Hitmonchan, L87, M|229/229\n|switch|p2a: Lycanroc|Lycanroc, L86, F|269/269\n|turn|1\n|inactive|Battle timer is ON: inactive players will automatically lose when time's up. (requested by carlsaidcroissant)\n|inactive|Negrata-kun has 120 seconds left.\n|\n|t:|1781384976\n|move|p2a: Lycanroc|Stealth Rock|p1a: Hitmonchan\n|-sidestart|p1: carlsaidcroissant|move: Stealth Rock\n|move|p1a: Hitmonchan|Drain Punch|p2a: Lycanroc\n|-supereffective|p2a: Lycanroc\n|-damage|p2a: Lycanroc|0 fnt\n|faint|p2a: Lycanroc\n|\n|upkeep\n|\n|t:|1781384987\n|switch|p2a: Sableye|Sableye, L88, F|231/231\n|turn|2\n|\n|t:|1781384996\n|switch|p1a: Mabosstiff|Mabosstiff, L86, M|278/278\n|-damage|p1a: Mabosstiff|244/278|[from] Stealth Rock\n|move|p2a: Sableye|Thunder Wave|p1a: Mabosstiff\n|-hint|Since gen 7, Dark is immune to Prankster moves.\n|-immune|p1a: Mabosstiff\n|\n|upkeep\n|turn|3\n|\n|t:|1781385020\n|-terastallize|p2a: Sableye|Steel\n|move|p1a: Mabosstiff|Play Rough|p2a: Sableye\n|-resisted|p2a: Sableye\n|-damage|p2a: Sableye|190/231\n|move|p2a: Sableye|Knock Off|p1a: Mabosstiff\n|-resisted|p1a: Mabosstiff\n|-damage|p1a: Mabosstiff|201/278\n|-enditem|p1a: Mabosstiff|Choice Scarf|[from] move: Knock Off|[of] p2a: Sableye\n|\n|-heal|p2a: Sableye|204/231|[from] item: Leftovers\n|upkeep\n|turn|4\n|\n|t:|1781385034\n|move|p1a: Mabosstiff|Crunch|p2a: Sableye\n|-damage|p2a: Sableye|99/231\n|move|p2a: Sableye|Knock Off|p1a: Mabosstiff\n|-resisted|p1a: Mabosstiff\n|-damage|p1a: Mabosstiff|174/278\n|\n|-heal|p2a: Sableye|113/231|[from] item: Leftovers\n|upkeep\n|turn|5\n|\n|t:|1781385042\n|move|p2a: Sableye|Recover|p2a: Sableye\n|-heal|p2a: Sableye|229/231\n|move|p1a: Mabosstiff|Wild Charge|p2a: Sableye\n|-damage|p2a: Sableye|150/231\n|-damage|p1a: Mabosstiff|154/278|[from] Recoil\n|\n|-heal|p2a: Sableye|164/231|[from] item: Leftovers\n|upkeep\n|turn|6\n|\n|t:|1781385051\n|move|p2a: Sableye|Recover|p2a: Sableye\n|-heal|p2a: Sableye|231/231\n|move|p1a: Mabosstiff|Crunch|p2a: Sableye\n|-damage|p2a: Sableye|125/231\n|\n|-heal|p2a: Sableye|139/231|[from] item: Leftovers\n|upkeep\n|turn|7\n|-message|carlsaidcroissant forfeited.\n|\n|win|Negrata-kun\n|raw|carlsaidcroissant's rating: 1051 &rarr; <strong>1031</strong><br />(-20 for losing)\n|raw|Negrata-kun's rating: 1000 &rarr; <strong>1046</strong><br />(+46 for winning)\n|l|\u2606carlsaidcroissant\n|player|p1|\n", "uploadtime": 1781385062, "views": 6, "formatid": "gen9randombattle", "rating": 1031, "private": 0, "password": null}