{"id": "gen9randombattle-2631606737", "format": "[Gen 9] Random Battle", "players": ["cewki", "angsi"], "log": "|j|\u2606cewki\n|j|\u2606angsi\n|t:|1781407927\n|gametype|singles\n|player|p1|cewki|iono|1908\n|player|p2|angsi|1|1910\n|gen|9\n|tier|[Gen 9] Random Battle\n|rated|\n|rule|Species Clause: Limit one of each Pok\u00e9mon\n|rule|HP Percentage Mod: HP is shown in percentages\n|rule|Sleep Clause Mod: Limit one foe put to sleep\n|rule|Illusion Level Mod: Illusion disguises the Pok\u00e9mon's true level\n|\n|t:|1781407927\n|teamsize|p1|6\n|teamsize|p2|6\n|start\n|switch|p1a: Floatzel|Floatzel, L86, F|286/286\n|switch|p2a: Hitmonlee|Hitmonlee, L85, M|224/224\n|turn|1\n|\n|t:|1781407941\n|move|p1a: Floatzel|Wave Crash|p2a: Hitmonlee\n|-damage|p2a: Hitmonlee|0 fnt\n|faint|p2a: Hitmonlee\n|-damage|p1a: Floatzel|212/286|[from] Recoil\n|\n|upkeep\n|\n|t:|1781407946\n|switch|p2a: Golduck|Golduck, L90, F|290/290\n|turn|2\n|inactive|Battle timer is ON: inactive players will automatically lose when time's up. (requested by angsi)\n|\n|t:|1781407979\n|switch|p1a: Baxcalibur|Baxcalibur, L75, F|295/295\n|move|p2a: Golduck|Nasty Plot|p2a: Golduck\n|-boost|p2a: Golduck|spa|2\n|\n|upkeep\n|turn|3\n|\n|t:|1781407992\n|move|p2a: Golduck|Ice Beam|p1a: Baxcalibur\n|-damage|p1a: Baxcalibur|84/295\n|-damage|p2a: Golduck|261/290|[from] item: Life Orb\n|move|p1a: Baxcalibur|Earthquake|p2a: Golduck\n|-damage|p2a: Golduck|144/290\n|\n|upkeep\n|turn|4\n|\n|t:|1781408010\n|move|p2a: Golduck|Ice Beam|p1a: Baxcalibur\n|-damage|p1a: Baxcalibur|0 fnt\n|faint|p1a: Baxcalibur\n|-damage|p2a: Golduck|115/290|[from] item: Life Orb\n|\n|upkeep\n|\n|t:|1781408019\n|switch|p1a: Floatzel|Floatzel, L86, F|212/286\n|turn|5\n|\n|t:|1781408023\n|move|p1a: Floatzel|Wave Crash|p2a: Golduck\n|-resisted|p2a: Golduck\n|-damage|p2a: Golduck|0 fnt\n|faint|p2a: Golduck\n|-damage|p1a: Floatzel|174/286|[from] Recoil\n|\n|upkeep\n|\n|t:|1781408026\n|switch|p2a: Poliwrath|Poliwrath, L88, M|302/302\n|turn|6\n|\n|t:|1781408035\n|switch|p1a: Sableye|Sableye, L88, M|231/231\n|move|p2a: Poliwrath|Rain Dance|p2a: Poliwrath\n|-weather|RainDance\n|\n|-weather|RainDance|[upkeep]\n|upkeep\n|turn|7\n|\n|t:|1781408041\n|switch|p2a: Gholdengo|Gholdengo, L77|261/261\n|move|p1a: Sableye|Encore|p2a: Gholdengo\n|-immune|p2a: Gholdengo|[from] ability: Good as Gold\n|\n|-weather|RainDance|[upkeep]\n|upkeep\n|turn|8\n|\n|t:|1781408045\n|switch|p2a: Poliwrath|Poliwrath, L88, M|302/302\n|move|p1a: Sableye|Knock Off|p2a: Poliwrath\n|-resisted|p2a: Poliwrath\n|-damage|p2a: Poliwrath|256/302\n|-enditem|p2a: Poliwrath|Life Orb|[from] move: Knock Off|[of] p1a: Sableye\n|\n|-weather|RainDance|[upkeep]\n|upkeep\n|turn|9\n|\n|t:|1781408050\n|move|p1a: Sableye|Thunder Wave|p2a: Poliwrath\n|-status|p2a: Poliwrath|par\n|move|p2a: Poliwrath|Liquidation|p1a: Sableye\n|-damage|p1a: Sableye|65/231\n|\n|-weather|RainDance|[upkeep]\n|-heal|p1a: Sableye|79/231|[from] item: Leftovers\n|upkeep\n|turn|10\n|\n|t:|1781408056\n|move|p1a: Sableye|Recover|p1a: Sableye\n|-heal|p1a: Sableye|195/231\n|move|p2a: Poliwrath|Liquidation|p1a: Sableye\n|-damage|p1a: Sableye|27/231\n|\n|-weather|none\n|-heal|p1a: Sableye|41/231|[from] item: Leftovers\n|upkeep\n|turn|11\n|\n|t:|1781408059\n|move|p1a: Sableye|Recover|p1a: Sableye\n|-heal|p1a: Sableye|157/231\n|move|p2a: Poliwrath|Liquidation|p1a: Sableye\n|-damage|p1a: Sableye|61/231\n|\n|-heal|p1a: Sableye|75/231|[from] item: Leftovers\n|upkeep\n|turn|12\n|\n|t:|1781408061\n|move|p1a: Sableye|Recover|p1a: Sableye\n|-heal|p1a: Sableye|191/231\n|move|p2a: Poliwrath|Knock Off|p1a: Sableye\n|-damage|p1a: Sableye|115/231\n|-enditem|p1a: Sableye|Leftovers|[from] move: Knock Off|[of] p2a: Poliwrath\n|\n|upkeep\n|turn|13\n|\n|t:|1781408064\n|move|p1a: Sableye|Recover|p1a: Sableye\n|-heal|p1a: Sableye|231/231\n|cant|p2a: Poliwrath|par\n|\n|upkeep\n|turn|14\n|\n|t:|1781408075\n|switch|p1a: Feraligatr|Feraligatr, L79, F|264/264\n|move|p2a: Poliwrath|Liquidation|p1a: Feraligatr\n|-resisted|p1a: Feraligatr\n|-damage|p1a: Feraligatr|216/264\n|\n|upkeep\n|turn|15\n|\n|t:|1781408082\n|move|p1a: Feraligatr|Trailblaze|p2a: Poliwrath\n|-supereffective|p2a: Poliwrath\n|-damage|p2a: Poliwrath|157/302 par\n|cant|p2a: Poliwrath|par\n|\n|upkeep\n|turn|16\n|\n|t:|1781408087\n|move|p1a: Feraligatr|Dragon Dance|p1a: Feraligatr\n|-boost|p1a: Feraligatr|atk|1\n|-boost|p1a: Feraligatr|spe|1\n|move|p2a: Poliwrath|Close Combat|p1a: Feraligatr\n|-damage|p1a: Feraligatr|95/264\n|-unboost|p2a: Poliwrath|def|1\n|-unboost|p2a: Poliwrath|spd|1\n|\n|upkeep\n|turn|17\n|\n|t:|1781408093\n|move|p1a: Feraligatr|Trailblaze|p2a: Poliwrath\n|-supereffective|p2a: Poliwrath\n|-damage|p2a: Poliwrath|0 fnt\n|faint|p2a: Poliwrath\n|\n|upkeep\n|\n|t:|1781408097\n|switch|p2a: Staraptor|Staraptor, L79, M|263/263\n|turn|18\n|\n|t:|1781408100\n|move|p2a: Staraptor|Quick Attack|p1a: Feraligatr\n|-damage|p1a: Feraligatr|28/264\n|move|p1a: Feraligatr|Ice Punch|p2a: Staraptor\n|-supereffective|p2a: Staraptor\n|-damage|p2a: Staraptor|0 fnt\n|faint|p2a: Staraptor\n|\n|upkeep\n|\n|t:|1781408102\n|switch|p2a: Carbink|Carbink, L90|236/236\n|turn|19\n|\n|t:|1781408105\n|-terastallize|p2a: Carbink|Fighting\n|move|p1a: Feraligatr|Liquidation|p2a: Carbink\n|-damage|p2a: Carbink|110/236\n|move|p2a: Carbink|Iron Defense|p2a: Carbink\n|-boost|p2a: Carbink|def|2\n|\n|-heal|p2a: Carbink|124/236|[from] item: Leftovers\n|upkeep\n|turn|20\n|\n|t:|1781408114\n|move|p1a: Feraligatr|Liquidation|p2a: Carbink\n|-damage|p2a: Carbink|60/236\n|move|p2a: Carbink|Rock Polish|p2a: Carbink\n|-boost|p2a: Carbink|spe|2\n|\n|-heal|p2a: Carbink|74/236|[from] item: Leftovers\n|upkeep\n|turn|21\n|\n|t:|1781408120\n|move|p2a: Carbink|Moonblast|p1a: Feraligatr\n|-damage|p1a: Feraligatr|0 fnt\n|faint|p1a: Feraligatr\n|\n|-heal|p2a: Carbink|88/236|[from] item: Leftovers\n|upkeep\n|\n|t:|1781408125\n|switch|p1a: Sableye|Sableye, L88, M|231/231\n|turn|22\n|\n|t:|1781408130\n|move|p1a: Sableye|Thunder Wave|p2a: Carbink\n|-status|p2a: Carbink|par\n|move|p2a: Carbink|Moonblast|p1a: Sableye\n|-supereffective|p1a: Sableye\n|-damage|p1a: Sableye|45/231\n|\n|-heal|p2a: Carbink|102/236 par|[from] item: Leftovers\n|upkeep\n|turn|23\n|\n|t:|1781408139\n|move|p2a: Carbink|Moonblast|p1a: Sableye\n|-supereffective|p1a: Sableye\n|-damage|p1a: Sableye|0 fnt\n|faint|p1a: Sableye\n|\n|-heal|p2a: Carbink|116/236 par|[from] item: Leftovers\n|upkeep\n|\n|t:|1781408151\n|switch|p1a: Floatzel|Floatzel, L86, F|174/286\n|turn|24\n|\n|t:|1781408155\n|-terastallize|p1a: Floatzel|Water\n|move|p1a: Floatzel|Wave Crash|p2a: Carbink\n|-damage|p2a: Carbink|30/236 par\n|-damage|p1a: Floatzel|146/286|[from] Recoil\n|move|p2a: Carbink|Body Press|p1a: Floatzel\n|-damage|p1a: Floatzel|0 fnt\n|faint|p1a: Floatzel\n|\n|-heal|p2a: Carbink|44/236 par|[from] item: Leftovers\n|upkeep\n|\n|t:|1781408168\n|switch|p1a: Conkeldurr|Conkeldurr, L80, M|299/299\n|turn|25\n|\n|t:|1781408178\n|move|p2a: Carbink|Iron Defense|p2a: Carbink\n|-boost|p2a: Carbink|def|2\n|move|p1a: Conkeldurr|Close Combat|p2a: Carbink\n|-damage|p2a: Carbink|13/236 par\n|-unboost|p1a: Conkeldurr|def|1\n|-unboost|p1a: Conkeldurr|spd|1\n|\n|-heal|p2a: Carbink|27/236 par|[from] item: Leftovers\n|-status|p1a: Conkeldurr|brn|[from] item: Flame Orb\n|upkeep\n|turn|26\n|\n|t:|1781408191\n|switch|p1a: Klawf|Klawf, L90, F|272/272\n|move|p2a: Carbink|Body Press|p1a: Klawf\n|-supereffective|p1a: Klawf\n|-damage|p1a: Klawf|0 fnt\n|faint|p1a: Klawf\n|\n|-heal|p2a: Carbink|41/236 par|[from] item: Leftovers\n|upkeep\n|\n|t:|1781408195\n|switch|p1a: Conkeldurr|Conkeldurr, L80, M|299/299 brn\n|turn|27\n|\n|t:|1781408201\n|move|p2a: Carbink|Body Press|p1a: Conkeldurr\n|-crit|p1a: Conkeldurr\n|-damage|p1a: Conkeldurr|0 fnt\n|faint|p1a: Conkeldurr\n|\n|win|angsi\n", "uploadtime": 1781407928, "views": 3, "formatid": "gen9randombattle", "rating": null, "private": 0, "password": null}