{"id": "gen9randombattle-2631833949", "format": "[Gen 9] Random Battle", "players": ["Highster5", "eliasmo"], "log": "|j|\u2606Highster5\n|j|\u2606eliasmo\n|t:|1781446014\n|gametype|singles\n|player|p1|Highster5|nemona-masters|2081\n|player|p2|eliasmo|2|2031\n|gen|9\n|tier|[Gen 9] Random Battle\n|rated|\n|rule|Species Clause: Limit one of each Pok\u00e9mon\n|rule|HP Percentage Mod: HP is shown in percentages\n|rule|Sleep Clause Mod: Limit one foe put to sleep\n|rule|Illusion Level Mod: Illusion disguises the Pok\u00e9mon's true level\n|\n|t:|1781446014\n|teamsize|p1|6\n|teamsize|p2|6\n|start\n|switch|p1a: Magearna|Magearna, L77|250/250\n|switch|p2a: Arcanine|Arcanine, L84, F|288/288\n|-ability|p2a: Arcanine|Intimidate|boost\n|-unboost|p1a: Magearna|atk|1\n|turn|1\n|inactive|Battle timer is ON: inactive players will automatically lose when time's up. (requested by Highster5)\n|\n|t:|1781446024\n|switch|p1a: Eternatus|Eternatus, L69|308/308\n|-ability|p1a: Eternatus|Pressure\n|move|p2a: Arcanine|Will-O-Wisp|p1a: Eternatus|[miss]\n|-miss|p2a: Arcanine|p1a: Eternatus\n|\n|upkeep\n|turn|2\n|\n|t:|1781446037\n|switch|p2a: Krookodile|Krookodile, L79, M|280/280\n|-ability|p2a: Krookodile|Intimidate|boost\n|-unboost|p1a: Eternatus|atk|1\n|move|p1a: Eternatus|Toxic|p2a: Krookodile\n|-status|p2a: Krookodile|tox\n|\n|-damage|p2a: Krookodile|263/280 tox|[from] psn\n|upkeep\n|turn|3\n|\n|t:|1781446048\n|switch|p1a: Flygon|Flygon, L82, F|265/265\n|move|p2a: Krookodile|Earthquake|p1a: Flygon\n|-immune|p1a: Flygon|[from] ability: Levitate\n|\n|-damage|p2a: Krookodile|229/280 tox|[from] psn\n|upkeep\n|turn|4\n|\n|t:|1781446067\n|switch|p2a: Ariados|Ariados, L95, F|287/287\n|move|p1a: Flygon|U-turn|p2a: Ariados\n|-resisted|p2a: Ariados\n|-damage|p2a: Ariados|264/287\n|\n|t:|1781446086\n|switch|p1a: Magearna|Magearna, L77|250/250|[from] U-turn\n|\n|upkeep\n|turn|5\n|inactive|eliasmo has 120 seconds left.\n|\n|t:|1781446132\n|move|p1a: Magearna|Shift Gear|p1a: Magearna\n|-boost|p1a: Magearna|spe|2\n|-boost|p1a: Magearna|atk|1\n|move|p2a: Ariados|Sticky Web|p1a: Magearna\n|-sidestart|p1: Highster5|move: Sticky Web\n|\n|upkeep\n|turn|6\n|\n|t:|1781446137\n|switch|p2a: Krookodile|Krookodile, L79, M|229/280 tox\n|-ability|p2a: Krookodile|Intimidate|boost\n|-unboost|p1a: Magearna|atk|1\n|move|p1a: Magearna|Calm Mind|p1a: Magearna\n|-boost|p1a: Magearna|spa|1\n|-boost|p1a: Magearna|spd|1\n|\n|-damage|p2a: Krookodile|212/280 tox|[from] psn\n|upkeep\n|turn|7\n|inactive|eliasmo has 120 seconds left.\n|\n|t:|1781446142\n|move|p1a: Magearna|Fleur Cannon|p2a: Krookodile\n|-supereffective|p2a: Krookodile\n|-damage|p2a: Krookodile|0 fnt\n|-unboost|p1a: Magearna|spa|2\n|faint|p2a: Krookodile\n|-ability|p1a: Magearna|Soul-Heart|boost\n|-boost|p1a: Magearna|spa|1\n|\n|upkeep\n|\n|t:|1781446146\n|switch|p2a: Arcanine|Arcanine, L84, F|288/288\n|-ability|p2a: Arcanine|Intimidate|boost\n|-unboost|p1a: Magearna|atk|1\n|turn|8\n|\n|t:|1781446152\n|switch|p1a: Eternatus|Eternatus, L69|308/308\n|-activate|p1a: Eternatus|move: Sticky Web\n|-unboost|p1a: Eternatus|spe|1\n|-ability|p1a: Eternatus|Pressure\n|move|p2a: Arcanine|Flare Blitz|p1a: Eternatus\n|-resisted|p1a: Eternatus\n|-damage|p1a: Eternatus|233/308\n|-damage|p2a: Arcanine|240/288|[from] item: Rocky Helmet|[of] p1a: Eternatus\n|-damage|p2a: Arcanine|215/288|[from] Recoil\n|\n|upkeep\n|turn|9\n|\n|t:|1781446167\n|switch|p2a: Clawitzer|Clawitzer, L87, M|265/265\n|move|p1a: Eternatus|Dynamax Cannon|p2a: Clawitzer\n|-damage|p2a: Clawitzer|177/265\n|\n|upkeep\n|turn|10\n|\n|t:|1781446176\n|switch|p1a: Magearna|Magearna, L77|250/250\n|-activate|p1a: Magearna|move: Sticky Web\n|-unboost|p1a: Magearna|spe|1\n|move|p2a: Clawitzer|Ice Beam|p1a: Magearna\n|-resisted|p1a: Magearna\n|-damage|p1a: Magearna|200/250\n|\n|-heal|p1a: Magearna|215/250|[from] item: Leftovers\n|upkeep\n|turn|11\n|\n|t:|1781446184\n|switch|p2a: Arcanine|Arcanine, L84, F|215/288\n|-ability|p2a: Arcanine|Intimidate|boost\n|-unboost|p1a: Magearna|atk|1\n|move|p1a: Magearna|Fleur Cannon|p2a: Arcanine\n|-resisted|p2a: Arcanine\n|-crit|p2a: Arcanine\n|-damage|p2a: Arcanine|97/288\n|-unboost|p1a: Magearna|spa|2\n|\n|-heal|p1a: Magearna|230/250|[from] item: Leftovers\n|upkeep\n|turn|12\n|\n|t:|1781446189\n|switch|p1a: Eternatus|Eternatus, L69|233/308\n|-activate|p1a: Eternatus|move: Sticky Web\n|-unboost|p1a: Eternatus|spe|1\n|-ability|p1a: Eternatus|Pressure\n|move|p2a: Arcanine|Morning Sun|p2a: Arcanine\n|-heal|p2a: Arcanine|241/288\n|\n|upkeep\n|turn|13\n|\n|t:|1781446206\n|move|p2a: Arcanine|Will-O-Wisp|p1a: Eternatus\n|-status|p1a: Eternatus|brn\n|move|p1a: Eternatus|Dynamax Cannon|p2a: Arcanine\n|-damage|p2a: Arcanine|129/288\n|\n|-damage|p1a: Eternatus|214/308 brn|[from] brn\n|upkeep\n|turn|14\n|\n|t:|1781446217\n|move|p2a: Arcanine|Morning Sun|p2a: Arcanine\n|-heal|p2a: Arcanine|273/288\n|move|p1a: Eternatus|Toxic|p2a: Arcanine\n|-status|p2a: Arcanine|tox\n|\n|-damage|p2a: Arcanine|255/288 tox|[from] psn\n|-damage|p1a: Eternatus|195/308 brn|[from] brn\n|upkeep\n|turn|15\n|\n|t:|1781446243\n|switch|p2a: Drednaw|Drednaw, L81, F|278/278\n|move|p1a: Eternatus|Recover|p1a: Eternatus\n|-heal|p1a: Eternatus|308/308 brn\n|\n|-damage|p1a: Eternatus|289/308 brn|[from] brn\n|upkeep\n|turn|16\n|\n|t:|1781446266\n|move|p2a: Drednaw|Shell Smash|p2a: Drednaw\n|-unboost|p2a: Drednaw|def|1\n|-unboost|p2a: Drednaw|spd|1\n|-boost|p2a: Drednaw|atk|2\n|-boost|p2a: Drednaw|spa|2\n|-boost|p2a: Drednaw|spe|2\n|-enditem|p2a: Drednaw|White Herb\n|-clearnegativeboost|p2a: Drednaw|[silent]\n|move|p1a: Eternatus|Toxic|p2a: Drednaw\n|-status|p2a: Drednaw|tox\n|\n|-damage|p2a: Drednaw|261/278 tox|[from] psn\n|-damage|p1a: Eternatus|270/308 brn|[from] brn\n|upkeep\n|turn|17\n|\n|t:|1781446287\n|move|p2a: Drednaw|Earthquake|p1a: Eternatus\n|-supereffective|p1a: Eternatus\n|-damage|p1a: Eternatus|0 fnt\n|faint|p1a: Eternatus\n|\n|-damage|p2a: Drednaw|227/278 tox|[from] psn\n|upkeep\n|\n|t:|1781446298\n|switch|p1a: Flygon|Flygon, L82, F|265/265\n|turn|18\n|\n|t:|1781446310\n|move|p2a: Drednaw|Liquidation|p1a: Flygon\n|-damage|p1a: Flygon|48/265\n|move|p1a: Flygon|Earthquake|p2a: Drednaw\n|-supereffective|p2a: Drednaw\n|-damage|p2a: Drednaw|33/278 tox\n|\n|-damage|p2a: Drednaw|0 fnt|[from] psn\n|faint|p2a: Drednaw\n|upkeep\n|inactive|eliasmo has 120 seconds left.\n|\n|t:|1781446355\n|switch|p2a: Clawitzer|Clawitzer, L87, M|177/265\n|turn|19\n|\n|t:|1781446361\n|move|p1a: Flygon|Earthquake|p2a: Clawitzer\n|-damage|p2a: Clawitzer|78/265\n|move|p2a: Clawitzer|Water Pulse|p1a: Flygon\n|-damage|p1a: Flygon|0 fnt\n|faint|p1a: Flygon\n|\n|upkeep\n|\n|t:|1781446387\n|switch|p1a: Morpeko|Morpeko, L88, F|245/245\n|turn|20\n|inactive|eliasmo has 120 seconds left.\n|\n|t:|1781446393\n|switch|p2a: Arcanine|Arcanine, L84, F|255/288 tox\n|-ability|p2a: Arcanine|Intimidate|boost\n|-unboost|p1a: Morpeko|atk|1\n|move|p1a: Morpeko|Aura Wheel|p2a: Arcanine\n|-damage|p2a: Arcanine|165/288 tox\n|-boost|p1a: Morpeko|spe|1\n|\n|-damage|p2a: Arcanine|147/288 tox|[from] psn\n|-formechange|p1a: Morpeko|Morpeko-Hangry||[from] ability: Hunger Switch\n|upkeep\n|turn|21\n|\n|t:|1781446417\n|move|p1a: Morpeko|Rapid Spin|p2a: Arcanine\n|-damage|p2a: Arcanine|116/288 tox\n|-boost|p1a: Morpeko|spe|1\n|-sideend|p1: Highster5|Sticky Web|[from] move: Rapid Spin|[of] p1a: Morpeko\n|move|p2a: Arcanine|Morning Sun|p2a: Arcanine\n|-heal|p2a: Arcanine|260/288 tox\n|\n|-damage|p2a: Arcanine|224/288 tox|[from] psn\n|-formechange|p1a: Morpeko|Morpeko||[from] ability: Hunger Switch\n|upkeep\n|turn|22\n|\n|t:|1781446424\n|move|p1a: Morpeko|Parting Shot|p2a: Arcanine\n|-unboost|p2a: Arcanine|atk|1\n|-unboost|p2a: Arcanine|spa|1\n|\n|t:|1781446432\n|switch|p1a: Floatzel|Floatzel, L86, M|286/286|[from] Parting Shot\n|move|p2a: Arcanine|Close Combat|p1a: Floatzel\n|-damage|p1a: Floatzel|206/286\n|-unboost|p2a: Arcanine|def|1\n|-unboost|p2a: Arcanine|spd|1\n|\n|-heal|p1a: Floatzel|223/286|[from] item: Leftovers\n|-damage|p2a: Arcanine|170/288 tox|[from] psn\n|upkeep\n|turn|23\n|\n|t:|1781446438\n|switch|p2a: Dragalge|Dragalge, L88, F|258/258\n|move|p1a: Floatzel|Bulk Up|p1a: Floatzel\n|-boost|p1a: Floatzel|atk|1\n|-boost|p1a: Floatzel|def|1\n|\n|-heal|p1a: Floatzel|240/286|[from] item: Leftovers\n|upkeep\n|turn|24\n|\n|t:|1781446443\n|switch|p1a: Magearna|Magearna, L77|230/250\n|move|p2a: Dragalge|Draco Meteor|p1a: Magearna\n|-immune|p1a: Magearna\n|\n|-heal|p1a: Magearna|245/250|[from] item: Leftovers\n|upkeep\n|turn|25\n|\n|t:|1781446450\n|move|p1a: Magearna|Shift Gear|p1a: Magearna\n|-boost|p1a: Magearna|spe|2\n|-boost|p1a: Magearna|atk|1\n|move|p2a: Dragalge|Focus Blast|p1a: Magearna|[miss]\n|-miss|p2a: Dragalge|p1a: Magearna\n|\n|-heal|p1a: Magearna|250/250|[from] item: Leftovers\n|upkeep\n|turn|26\n|\n|t:|1781446458\n|move|p1a: Magearna|Calm Mind|p1a: Magearna\n|-boost|p1a: Magearna|spa|1\n|-boost|p1a: Magearna|spd|1\n|move|p2a: Dragalge|Focus Blast|p1a: Magearna\n|-damage|p1a: Magearna|196/250\n|\n|-heal|p1a: Magearna|211/250|[from] item: Leftovers\n|upkeep\n|turn|27\n|-message|eliasmo forfeited.\n|\n|win|Highster5\n", "uploadtime": 1781446016, "views": 3, "formatid": "gen9randombattle", "rating": null, "private": 0, "password": null}