{"id": "gen9randombattle-2631464662", "format": "[Gen 9] Random Battle", "players": ["Robin blue 43", "fortnitekid1212"], "log": "|j|\u2606Robin blue 43\n|j|\u2606fortnitekid1212\n|t:|1781387975\n|gametype|singles\n|player|p1|Robin blue 43|1|1946\n|player|p2|fortnitekid1212|169|1984\n|gen|9\n|tier|[Gen 9] Random Battle\n|rated|\n|rule|Species Clause: Limit one of each Pok\u00e9mon\n|rule|HP Percentage Mod: HP is shown in percentages\n|rule|Sleep Clause Mod: Limit one foe put to sleep\n|rule|Illusion Level Mod: Illusion disguises the Pok\u00e9mon's true level\n|\n|t:|1781387975\n|teamsize|p1|6\n|teamsize|p2|6\n|start\n|switch|p1a: Cetitan|Cetitan, L82, M|412/412\n|switch|p2a: Gyarados|Gyarados, L79, M|280/280\n|turn|1\n|inactive|Battle timer is ON: inactive players will automatically lose when time's up. (requested by fortnitekid1212)\n|\n|t:|1781387984\n|move|p2a: Gyarados|Stone Edge|p1a: Cetitan\n|-supereffective|p1a: Cetitan\n|-damage|p1a: Cetitan|220/412\n|move|p1a: Cetitan|Ice Spinner|p2a: Gyarados\n|-damage|p2a: Gyarados|177/280\n|\n|upkeep\n|turn|2\n|\n|t:|1781387993\n|move|p2a: Gyarados|Dragon Dance|p2a: Gyarados\n|-boost|p2a: Gyarados|atk|1\n|-boost|p2a: Gyarados|spe|1\n|move|p1a: Cetitan|Ice Spinner|p2a: Gyarados\n|-damage|p2a: Gyarados|72/280\n|\n|upkeep\n|turn|3\n|\n|t:|1781388002\n|move|p1a: Cetitan|Ice Shard|p2a: Gyarados\n|-damage|p2a: Gyarados|17/280\n|move|p2a: Gyarados|Stone Edge|p1a: Cetitan\n|-supereffective|p1a: Cetitan\n|-damage|p1a: Cetitan|0 fnt\n|faint|p1a: Cetitan\n|-ability|p2a: Gyarados|Moxie|boost\n|-boost|p2a: Gyarados|atk|1\n|\n|upkeep\n|\n|t:|1781388007\n|switch|p1a: Koraidon|Koraidon, L64|235/235\n|-weather|SunnyDay|[from] ability: Orichalcum Pulse|[of] p1a: Koraidon\n|-activate|p1a: Koraidon|Orichalcum Pulse|[source]\n|turn|4\n|\n|t:|1781388014\n|move|p2a: Gyarados|Earthquake|p1a: Koraidon\n|-damage|p1a: Koraidon|62/235\n|move|p1a: Koraidon|Flare Blitz|p2a: Gyarados\n|-resisted|p2a: Gyarados\n|-damage|p2a: Gyarados|0 fnt\n|faint|p2a: Gyarados\n|-damage|p1a: Koraidon|56/235|[from] Recoil\n|\n|-weather|SunnyDay|[upkeep]\n|upkeep\n|\n|t:|1781388018\n|switch|p2a: Victreebel|Victreebel, L90, F|290/290\n|turn|5\n|\n|t:|1781388024\n|move|p2a: Victreebel|Sludge Wave|p1a: Koraidon\n|-damage|p1a: Koraidon|0 fnt\n|faint|p1a: Koraidon\n|-damage|p2a: Victreebel|261/290|[from] item: Life Orb\n|\n|-weather|SunnyDay|[upkeep]\n|upkeep\n|\n|t:|1781388039\n|switch|p1a: Sandslash|Sandslash-Alola, L88, F|275/275\n|turn|6\n|inactive|fortnitekid1212 has 120 seconds left.\n|inactive|fortnitekid1212 has 90 seconds left.\n|\n|t:|1781388110\n|-terastallize|p1a: Sandslash|Ground\n|move|p2a: Victreebel|Sleep Powder|p1a: Sandslash\n|-status|p1a: Sandslash|slp|[from] move: Sleep Powder\n|cant|p1a: Sandslash|slp\n|\n|-weather|SunnyDay|[upkeep]\n|upkeep\n|turn|7\n|\n|t:|1781388120\n|move|p2a: Victreebel|Power Whip|p1a: Sandslash|[miss]\n|-miss|p2a: Victreebel|p1a: Sandslash\n|cant|p1a: Sandslash|slp\n|\n|-weather|SunnyDay|[upkeep]\n|upkeep\n|turn|8\n|inactive|fortnitekid1212 has 90 seconds left.\n|inactive|fortnitekid1212 has 60 seconds left.\n|\n|t:|1781388182\n|move|p2a: Victreebel|Power Whip|p1a: Sandslash\n|-supereffective|p1a: Sandslash\n|-damage|p1a: Sandslash|0 fnt\n|faint|p1a: Sandslash\n|-damage|p2a: Victreebel|232/290|[from] item: Life Orb\n|\n|-weather|none\n|upkeep\n|\n|t:|1781388187\n|switch|p1a: Arceus|Arceus-Fighting, L70|284/284\n|turn|9\n|\n|t:|1781388199\n|move|p1a: Arceus|Iron Defense|p1a: Arceus\n|-boost|p1a: Arceus|def|2\n|move|p2a: Victreebel|Sleep Powder|p1a: Arceus|[miss]\n|-miss|p2a: Victreebel|p1a: Arceus\n|\n|upkeep\n|turn|10\n|\n|t:|1781388204\n|move|p1a: Arceus|Shadow Ball|p2a: Victreebel\n|-damage|p2a: Victreebel|181/290\n|-unboost|p2a: Victreebel|spd|1\n|move|p2a: Victreebel|Sleep Powder|p1a: Arceus\n|-status|p1a: Arceus|slp|[from] move: Sleep Powder\n|\n|upkeep\n|turn|11\n|inactive|fortnitekid1212 has 60 seconds left.\n|\n|t:|1781388209\n|cant|p1a: Arceus|slp\n|move|p2a: Victreebel|Sludge Wave|p1a: Arceus\n|-damage|p1a: Arceus|151/284 slp\n|-damage|p2a: Victreebel|152/290|[from] item: Life Orb\n|\n|upkeep\n|turn|12\n|\n|t:|1781388212\n|-curestatus|p1a: Arceus|slp|[msg]\n|move|p1a: Arceus|Recover|p1a: Arceus\n|-heal|p1a: Arceus|284/284\n|move|p2a: Victreebel|Sludge Wave|p1a: Arceus\n|-damage|p1a: Arceus|136/284\n|-damage|p2a: Victreebel|123/290|[from] item: Life Orb\n|\n|upkeep\n|turn|13\n|\n|t:|1781388216\n|move|p1a: Arceus|Recover|p1a: Arceus\n|-heal|p1a: Arceus|278/284\n|move|p2a: Victreebel|Sludge Wave|p1a: Arceus\n|-damage|p1a: Arceus|142/284\n|-damage|p2a: Victreebel|94/290|[from] item: Life Orb\n|\n|upkeep\n|turn|14\n|\n|t:|1781388229\n|move|p1a: Arceus|Body Press|p2a: Victreebel\n|-resisted|p2a: Victreebel\n|-damage|p2a: Victreebel|0 fnt\n|faint|p2a: Victreebel\n|\n|upkeep\n|inactive|fortnitekid1212 has 90 seconds left.\n|\n|t:|1781388245\n|switch|p2a: Klefki|Klefki, L84, M|233/233\n|turn|15\n|\n|t:|1781388250\n|move|p2a: Klefki|Thunder Wave|p1a: Arceus\n|-status|p1a: Arceus|par\n|cant|p1a: Arceus|par\n|\n|upkeep\n|turn|16\n|\n|t:|1781388254\n|move|p2a: Klefki|Dazzling Gleam|p1a: Arceus\n|-supereffective|p1a: Arceus\n|-damage|p1a: Arceus|14/284 par\n|move|p1a: Arceus|Body Press|p2a: Klefki\n|-damage|p2a: Klefki|62/233\n|\n|-heal|p2a: Klefki|76/233|[from] item: Leftovers\n|upkeep\n|turn|17\n|\n|t:|1781388257\n|move|p2a: Klefki|Dazzling Gleam|p1a: Arceus\n|-supereffective|p1a: Arceus\n|-damage|p1a: Arceus|0 fnt\n|faint|p1a: Arceus\n|\n|-heal|p2a: Klefki|90/233|[from] item: Leftovers\n|upkeep\n|\n|t:|1781388259\n|switch|p1a: Golurk|Golurk, L87|297/297\n|turn|18\n|\n|t:|1781388263\n|move|p2a: Klefki|Foul Play|p1a: Golurk\n|-supereffective|p1a: Golurk\n|-crit|p1a: Golurk\n|-damage|p1a: Golurk|31/297\n|move|p1a: Golurk|Poltergeist|p2a: Klefki\n|-activate|p2a: Klefki|move: Poltergeist|Leftovers\n|-damage|p2a: Klefki|0 fnt\n|faint|p2a: Klefki\n|-damage|p1a: Golurk|2/297|[from] item: Life Orb\n|\n|upkeep\n|\n|t:|1781388266\n|switch|p2a: Glaceon|Glaceon, L94, F|275/275\n|turn|19\n|\n|t:|1781388270\n|move|p2a: Glaceon|Freeze-Dry|p1a: Golurk\n|-supereffective|p1a: Golurk\n|-damage|p1a: Golurk|0 fnt\n|faint|p1a: Golurk\n|\n|upkeep\n|\n|t:|1781388271\n|switch|p1a: Groudon|Groudon, L72|263/263\n|-weather|SunnyDay|[from] ability: Drought|[of] p1a: Groudon\n|turn|20\n|c|\u2606Robin blue 43|Gg\n|inactive|fortnitekid1212 has 120 seconds left.\n|\n|t:|1781388316\n|move|p2a: Glaceon|Freeze-Dry|p1a: Groudon\n|-supereffective|p1a: Groudon\n|-damage|p1a: Groudon|0 fnt\n|faint|p1a: Groudon\n|\n|win|fortnitekid1212\n", "uploadtime": 1781387977, "views": 6, "formatid": "gen9randombattle", "rating": null, "private": 0, "password": null}