{"id": "gen9randombattle-2631716488", "format": "[Gen 9] Random Battle", "players": ["BoboTheBobo", "bilabong"], "log": "|j|\u2606BoboTheBobo\n|j|\u2606bilabong\n|t:|1781427502\n|gametype|singles\n|player|p1|BoboTheBobo|fantina|2095\n|player|p2|bilabong|265|2014\n|gen|9\n|tier|[Gen 9] Random Battle\n|rated|\n|rule|Species Clause: Limit one of each Pok\u00e9mon\n|rule|HP Percentage Mod: HP is shown in percentages\n|rule|Sleep Clause Mod: Limit one foe put to sleep\n|rule|Illusion Level Mod: Illusion disguises the Pok\u00e9mon's true level\n|\n|t:|1781427502\n|teamsize|p1|6\n|teamsize|p2|6\n|start\n|switch|p1a: Cyclizar|Cyclizar, L83, M|252/252\n|switch|p2a: Ogerpon|Ogerpon, L80, F|259/259\n|turn|1\n|\n|t:|1781427511\n|switch|p2a: Ribombee|Ribombee, L83, M|235/235\n|move|p1a: Cyclizar|Shed Tail|p1a: Cyclizar\n|-start|p1a: Cyclizar|Substitute|[from] move: Shed Tail\n|-damage|p1a: Cyclizar|126/252\n|\n|t:|1781427521\n|switch|p1a: Squawkabilly|Squawkabilly, L85, M|278/278|[from] Shed Tail\n|\n|-status|p1a: Squawkabilly|brn|[from] item: Flame Orb\n|upkeep\n|turn|2\n|\n|t:|1781427533\n|move|p2a: Ribombee|Sticky Web|p1a: Squawkabilly\n|-sidestart|p1: BoboTheBobo|move: Sticky Web\n|move|p1a: Squawkabilly|Brave Bird|p2a: Ribombee\n|-supereffective|p2a: Ribombee\n|-damage|p2a: Ribombee|0 fnt\n|faint|p2a: Ribombee\n|-damage|p1a: Squawkabilly|200/278 brn|[from] Recoil\n|\n|-damage|p1a: Squawkabilly|183/278 brn|[from] brn\n|upkeep\n|\n|t:|1781427540\n|switch|p2a: Swampert|Swampert, L83, F|302/302\n|turn|3\n|\n|t:|1781427545\n|move|p1a: Squawkabilly|Facade|p2a: Swampert\n|-damage|p2a: Swampert|62/302\n|move|p2a: Swampert|Roar|p1a: Squawkabilly\n|drag|p1a: Swampert|Swampert, L83, F|302/302\n|-activate|p1a: Swampert|move: Sticky Web\n|-unboost|p1a: Swampert|spe|1\n|\n|-heal|p2a: Swampert|80/302|[from] item: Leftovers\n|upkeep\n|turn|4\n|\n|t:|1781427555\n|move|p2a: Swampert|Stealth Rock|p1a: Swampert\n|-sidestart|p1: BoboTheBobo|move: Stealth Rock\n|move|p1a: Swampert|Stealth Rock|p2a: Swampert\n|-sidestart|p2: bilabong|move: Stealth Rock\n|\n|-heal|p2a: Swampert|98/302|[from] item: Leftovers\n|upkeep\n|turn|5\n|\n|t:|1781427559\n|move|p2a: Swampert|Knock Off|p1a: Swampert\n|-damage|p1a: Swampert|230/302\n|-enditem|p1a: Swampert|Leftovers|[from] move: Knock Off|[of] p2a: Swampert\n|move|p1a: Swampert|Roar|p2a: Swampert\n|drag|p2a: Gyarados|Gyarados, L79, F|280/280\n|\n|upkeep\n|turn|6\n|\n|t:|1781427571\n|move|p2a: Gyarados|Waterfall|p1a: Swampert\n|-damage|p1a: Swampert|134/302\n|move|p1a: Swampert|Knock Off|p2a: Gyarados\n|-damage|p2a: Gyarados|201/280\n|-enditem|p2a: Gyarados|Heavy-Duty Boots|[from] move: Knock Off|[of] p1a: Swampert\n|\n|upkeep\n|turn|7\n|\n|t:|1781427574\n|move|p2a: Gyarados|Waterfall|p1a: Swampert\n|-crit|p1a: Swampert\n|-damage|p1a: Swampert|5/302\n|move|p1a: Swampert|Roar|p2a: Gyarados\n|drag|p2a: Trevenant|Trevenant, L89, M|296/296\n|-damage|p2a: Trevenant|259/296|[from] Stealth Rock\n|\n|upkeep\n|turn|8\n|\n|t:|1781427582\n|move|p2a: Trevenant|Horn Leech|p1a: Swampert\n|-supereffective|p1a: Swampert\n|-damage|p1a: Swampert|0 fnt\n|-heal|p2a: Trevenant|262/296|[from] drain|[of] p1a: Swampert\n|faint|p1a: Swampert\n|-damage|p2a: Trevenant|233/296|[from] item: Life Orb\n|\n|upkeep\n|\n|t:|1781427593\n|switch|p1a: Squawkabilly|Squawkabilly, L85, M|183/278 brn\n|-damage|p1a: Squawkabilly|114/278 brn|[from] Stealth Rock\n|turn|9\n|\n|t:|1781427600\n|switch|p2a: Swampert|Swampert, L83, F|98/302\n|-damage|p2a: Swampert|80/302|[from] Stealth Rock\n|move|p1a: Squawkabilly|Brave Bird|p2a: Swampert\n|-damage|p2a: Swampert|0 fnt\n|faint|p2a: Swampert\n|-damage|p1a: Squawkabilly|88/278 brn|[from] Recoil\n|\n|-damage|p1a: Squawkabilly|71/278 brn|[from] brn\n|upkeep\n|\n|t:|1781427612\n|switch|p2a: Ogerpon|Ogerpon, L80, F|259/259\n|-damage|p2a: Ogerpon|227/259|[from] Stealth Rock\n|turn|10\n|\n|t:|1781427618\n|switch|p1a: Cyclizar|Cyclizar, L83, M|210/252\n|move|p2a: Ogerpon|Knock Off|p1a: Cyclizar\n|-damage|p1a: Cyclizar|117/252\n|-enditem|p1a: Cyclizar|Heavy-Duty Boots|[from] move: Knock Off|[of] p2a: Ogerpon\n|\n|-heal|p2a: Ogerpon|243/259|[from] item: Leftovers\n|upkeep\n|turn|11\n|\n|t:|1781427629\n|switch|p2a: Trevenant|Trevenant, L89, M|233/296\n|-damage|p2a: Trevenant|196/296|[from] Stealth Rock\n|move|p1a: Cyclizar|Knock Off|p2a: Trevenant\n|-supereffective|p2a: Trevenant\n|-damage|p2a: Trevenant|64/296\n|-enditem|p2a: Trevenant|Life Orb|[from] move: Knock Off|[of] p1a: Cyclizar\n|\n|upkeep\n|turn|12\n|\n|t:|1781427634\n|move|p1a: Cyclizar|Knock Off|p2a: Trevenant\n|-supereffective|p2a: Trevenant\n|-damage|p2a: Trevenant|0 fnt\n|faint|p2a: Trevenant\n|\n|upkeep\n|\n|t:|1781427655\n|switch|p2a: Darkrai|Darkrai, L77|234/234\n|-damage|p2a: Darkrai|205/234|[from] Stealth Rock\n|turn|13\n|\n|t:|1781427659\n|move|p1a: Cyclizar|Rapid Spin|p2a: Darkrai\n|-damage|p2a: Darkrai|151/234\n|-boost|p1a: Cyclizar|spe|1\n|-sideend|p1: BoboTheBobo|Stealth Rock|[from] move: Rapid Spin|[of] p1a: Cyclizar\n|-sideend|p1: BoboTheBobo|Sticky Web|[from] move: Rapid Spin|[of] p1a: Cyclizar\n|move|p2a: Darkrai|Dark Pulse|p1a: Cyclizar\n|-damage|p1a: Cyclizar|0 fnt\n|faint|p1a: Cyclizar\n|\n|-heal|p2a: Darkrai|165/234|[from] item: Leftovers\n|upkeep\n|\n|t:|1781427666\n|switch|p1a: Dugtrio|Dugtrio, L84, M|196/196\n|turn|14\n|\n|t:|1781427671\n|move|p1a: Dugtrio|Earthquake|p2a: Darkrai\n|-damage|p2a: Darkrai|0 fnt\n|faint|p2a: Darkrai\n|\n|upkeep\n|\n|t:|1781427675\n|switch|p2a: Gyarados|Gyarados, L79, F|201/280\n|-damage|p2a: Gyarados|131/280|[from] Stealth Rock\n|turn|15\n|\n|t:|1781427689\n|switch|p1a: Archaludon|Archaludon, L78, F|268/268\n|move|p2a: Gyarados|Dragon Dance|p2a: Gyarados\n|-boost|p2a: Gyarados|atk|1\n|-boost|p2a: Gyarados|spe|1\n|\n|upkeep\n|turn|16\n|\n|t:|1781427694\n|move|p2a: Gyarados|Earthquake|p1a: Archaludon\n|-supereffective|p1a: Archaludon\n|-damage|p1a: Archaludon|96/268\n|-ability|p1a: Archaludon|Stamina|boost\n|-boost|p1a: Archaludon|def|1\n|move|p1a: Archaludon|Outrage|p2a: Gyarados\n|-damage|p2a: Gyarados|0 fnt\n|faint|p2a: Gyarados\n|\n|upkeep\n|\n|t:|1781427699\n|switch|p2a: Ogerpon|Ogerpon, L80, F|243/259\n|-damage|p2a: Ogerpon|211/259|[from] Stealth Rock\n|turn|17\n|\n|t:|1781427714\n|move|p2a: Ogerpon|Knock Off|p1a: Archaludon\n|-damage|p1a: Archaludon|57/268\n|-ability|p1a: Archaludon|Stamina|boost\n|-boost|p1a: Archaludon|def|1\n|-enditem|p1a: Archaludon|Lum Berry|[from] move: Knock Off|[of] p2a: Ogerpon\n|move|p1a: Archaludon|Outrage|p2a: Ogerpon|[from] lockedmove\n|-damage|p2a: Ogerpon|91/259\n|\n|-heal|p2a: Ogerpon|107/259|[from] item: Leftovers\n|upkeep\n|turn|18\n|\n|t:|1781427724\n|move|p2a: Ogerpon|Knock Off|p1a: Archaludon\n|-damage|p1a: Archaludon|37/268\n|-ability|p1a: Archaludon|Stamina|boost\n|-boost|p1a: Archaludon|def|1\n|move|p1a: Archaludon|Outrage|p2a: Ogerpon|[from] lockedmove\n|-damage|p2a: Ogerpon|0 fnt\n|faint|p2a: Ogerpon\n|-start|p1a: Archaludon|confusion|[fatigue]\n|\n|win|BoboTheBobo\n", "uploadtime": 1781427503, "views": 3, "formatid": "gen9randombattle", "rating": null, "private": 0, "password": null}