{"id": "gen9randombattle-2631487420", "format": "[Gen 9] Random Battle", "players": ["Fortre", "Ggstarmie"], "log": "|j|\u2606Fortre\n|j|\u2606Ggstarmie\n|t:|1781391280\n|gametype|singles\n|player|p1|Fortre|1|2069\n|player|p2|Ggstarmie|2|2081\n|gen|9\n|tier|[Gen 9] Random Battle\n|rated|\n|rule|Species Clause: Limit one of each Pok\u00e9mon\n|rule|HP Percentage Mod: HP is shown in percentages\n|rule|Sleep Clause Mod: Limit one foe put to sleep\n|rule|Illusion Level Mod: Illusion disguises the Pok\u00e9mon's true level\n|\n|t:|1781391280\n|teamsize|p1|6\n|teamsize|p2|6\n|start\n|switch|p1a: Hydreigon|Hydreigon, L79, M|275/275\n|switch|p2a: Raikou|Raikou, L81|278/278\n|-ability|p2a: Raikou|Pressure\n|turn|1\n|\n|t:|1781391299\n|switch|p1a: Minun|Minun, L95, F|268/268\n|move|p2a: Raikou|Substitute|p2a: Raikou\n|-start|p2a: Raikou|Substitute\n|-damage|p2a: Raikou|209/278\n|\n|-heal|p2a: Raikou|226/278|[from] item: Leftovers\n|upkeep\n|turn|2\n|inactive|Battle timer is ON: inactive players will automatically lose when time's up. (requested by Ggstarmie)\n|inactive|Fortre has 120 seconds left.\n|inactive|Fortre has 90 seconds left.\n|\n|t:|1781391410\n|move|p1a: Minun|Nasty Plot|p1a: Minun\n|-boost|p1a: Minun|spa|2\n|move|p2a: Raikou|Calm Mind|p2a: Raikou\n|-boost|p2a: Raikou|spa|1\n|-boost|p2a: Raikou|spd|1\n|\n|-heal|p2a: Raikou|243/278|[from] item: Leftovers\n|upkeep\n|turn|3\n|\n|t:|1781391417\n|move|p1a: Minun|Nasty Plot|p1a: Minun\n|-boost|p1a: Minun|spa|2\n|move|p2a: Raikou|Calm Mind|p2a: Raikou\n|-boost|p2a: Raikou|spa|1\n|-boost|p2a: Raikou|spd|1\n|\n|-heal|p2a: Raikou|260/278|[from] item: Leftovers\n|upkeep\n|turn|4\n|inactive|Fortre has 120 seconds left.\n|\n|t:|1781391468\n|move|p1a: Minun|Alluring Voice|p2a: Raikou\n|-damage|p2a: Raikou|142/278\n|-damage|p1a: Minun|242/268|[from] item: Life Orb\n|move|p2a: Raikou|Scald|p1a: Minun\n|-damage|p1a: Minun|129/268\n|\n|-heal|p2a: Raikou|159/278|[from] item: Leftovers\n|upkeep\n|turn|5\n|inactive|Fortre has 90 seconds left.\n|\n|t:|1781391487\n|move|p1a: Minun|Grass Knot|p2a: Raikou\n|-crit|p2a: Raikou\n|-end|p2a: Raikou|Substitute\n|-damage|p1a: Minun|103/268|[from] item: Life Orb\n|move|p2a: Raikou|Scald|p1a: Minun\n|-damage|p1a: Minun|0 fnt\n|faint|p1a: Minun\n|\n|-heal|p2a: Raikou|176/278|[from] item: Leftovers\n|upkeep\n|inactive|Fortre has 90 seconds left.\n|\n|t:|1781391497\n|switch|p1a: Seviper|Seviper, L93, F|287/287\n|turn|6\n|\n|t:|1781391500\n|move|p2a: Raikou|Thunderbolt|p1a: Seviper\n|-damage|p1a: Seviper|41/287\n|move|p1a: Seviper|Gunk Shot|p2a: Raikou\n|-damage|p2a: Raikou|0 fnt\n|faint|p2a: Raikou\n|-damage|p1a: Seviper|13/287|[from] item: Life Orb\n|\n|upkeep\n|inactive|Ggstarmie has 120 seconds left.\n|\n|t:|1781391535\n|switch|p2a: Oricorio|Oricorio, L84, M|263/263\n|turn|7\n|\n|t:|1781391545\n|move|p2a: Oricorio|Revelation Dance|p1a: Seviper\n|-damage|p1a: Seviper|0 fnt\n|faint|p1a: Seviper\n|\n|upkeep\n|\n|t:|1781391550\n|switch|p1a: Hydreigon|Hydreigon, L79, M|275/275\n|turn|8\n|\n|t:|1781391553\n|move|p2a: Oricorio|Quiver Dance|p2a: Oricorio\n|-boost|p2a: Oricorio|spa|1\n|-boost|p2a: Oricorio|spd|1\n|-boost|p2a: Oricorio|spe|1\n|move|p1a: Hydreigon|Nasty Plot|p1a: Hydreigon\n|-boost|p1a: Hydreigon|spa|2\n|\n|upkeep\n|turn|9\n|inactive|Fortre has 120 seconds left.\n|\n|t:|1781391563\n|move|p2a: Oricorio|Hurricane|p1a: Hydreigon|[miss]\n|-miss|p2a: Oricorio|p1a: Hydreigon\n|move|p1a: Hydreigon|Dark Pulse|p2a: Oricorio\n|-damage|p2a: Oricorio|86/263\n|-damage|p1a: Hydreigon|248/275|[from] item: Life Orb\n|\n|upkeep\n|turn|10\n|\n|t:|1781391567\n|move|p2a: Oricorio|Hurricane|p1a: Hydreigon\n|-damage|p1a: Hydreigon|53/275\n|move|p1a: Hydreigon|Dark Pulse|p2a: Oricorio\n|-damage|p2a: Oricorio|0 fnt\n|faint|p2a: Oricorio\n|-damage|p1a: Hydreigon|26/275|[from] item: Life Orb\n|\n|upkeep\n|\n|t:|1781391577\n|switch|p2a: Maushold|Maushold, L76|238/238\n|turn|11\n|\n|t:|1781391594\n|move|p2a: Maushold|Population Bomb|p1a: Hydreigon\n|-damage|p1a: Hydreigon|1/275\n|-damage|p1a: Hydreigon|0 fnt\n|faint|p1a: Hydreigon\n|-hitcount|p1: Hydreigon|2\n|\n|upkeep\n|\n|t:|1781391597\n|switch|p1a: Cresselia|Cresselia, L80, F|323/323\n|turn|12\n|\n|t:|1781391606\n|move|p2a: Maushold|Tidy Up|p2a: Maushold\n|-boost|p2a: Maushold|atk|1\n|-boost|p2a: Maushold|spe|1\n|move|p1a: Cresselia|Psyshock|p2a: Maushold\n|-damage|p2a: Maushold|159/238\n|\n|upkeep\n|turn|13\n|\n|t:|1781391622\n|move|p2a: Maushold|Population Bomb|p1a: Cresselia\n|-damage|p1a: Cresselia|295/323\n|-damage|p1a: Cresselia|268/323\n|-damage|p1a: Cresselia|238/323\n|-damage|p1a: Cresselia|207/323\n|-damage|p1a: Cresselia|174/323\n|-damage|p1a: Cresselia|147/323\n|-crit|p1a: Cresselia\n|-damage|p1a: Cresselia|104/323\n|-damage|p1a: Cresselia|74/323\n|-damage|p1a: Cresselia|46/323\n|-damage|p1a: Cresselia|16/323\n|-hitcount|p1a: Cresselia|10\n|move|p1a: Cresselia|Psyshock|p2a: Maushold\n|-damage|p2a: Maushold|66/238\n|\n|-heal|p1a: Cresselia|36/323|[from] item: Leftovers\n|upkeep\n|turn|14\n|\n|t:|1781391629\n|move|p2a: Maushold|Bite|p1a: Cresselia\n|-supereffective|p1a: Cresselia\n|-damage|p1a: Cresselia|0 fnt\n|faint|p1a: Cresselia\n|\n|upkeep\n|\n|t:|1781391649\n|switch|p1a: Urshifu|Urshifu-Rapid-Strike, L75, M|274/274\n|turn|15\n|\n|t:|1781391660\n|move|p2a: Maushold|Population Bomb|p1a: Urshifu\n|-damage|p1a: Urshifu|238/274\n|-damage|p1a: Urshifu|207/274\n|-damage|p1a: Urshifu|171/274\n|-damage|p1a: Urshifu|140/274\n|-damage|p1a: Urshifu|104/274\n|-damage|p1a: Urshifu|73/274\n|-damage|p1a: Urshifu|39/274\n|-damage|p1a: Urshifu|8/274\n|-damage|p1a: Urshifu|0 fnt\n|faint|p1a: Urshifu\n|-hitcount|p1: Urshifu|9\n|\n|upkeep\n|-message|Fortre forfeited.\n|\n|win|Ggstarmie\n", "uploadtime": 1781391282, "views": 3, "formatid": "gen9randombattle", "rating": null, "private": 0, "password": null}