{"id": "gen9randombattle-2631576834", "format": "[Gen 9] Random Battle", "players": ["Jefejenaro", "sphealinalright"], "log": "|j|\u2606Jefejenaro\n|j|\u2606sphealinalright\n|t:|1781403642\n|gametype|singles\n|player|p1|Jefejenaro|wallace|1958\n|player|p2|sphealinalright|backers|1944\n|gen|9\n|tier|[Gen 9] Random Battle\n|rated|\n|rule|Species Clause: Limit one of each Pok\u00e9mon\n|rule|HP Percentage Mod: HP is shown in percentages\n|rule|Sleep Clause Mod: Limit one foe put to sleep\n|rule|Illusion Level Mod: Illusion disguises the Pok\u00e9mon's true level\n|\n|t:|1781403642\n|teamsize|p1|6\n|teamsize|p2|6\n|start\n|switch|p1a: Goodra|Goodra, L85, F|292/292\n|switch|p2a: Sudowoodo|Sudowoodo, L94, F|284/284\n|turn|1\n|j| Grdy9\n|l| Grdy9\n|\n|t:|1781403658\n|switch|p1a: Tinkaton|Tinkaton, L82, F|274/274\n|-ability|p1a: Tinkaton|Mold Breaker\n|move|p2a: Sudowoodo|Head Smash|p1a: Tinkaton|[miss]\n|-miss|p2a: Sudowoodo|p1a: Tinkaton\n|\n|upkeep\n|turn|2\n|inactive|Battle timer is ON: inactive players will automatically lose when time's up. (requested by Jefejenaro)\n|\n|t:|1781403664\n|switch|p2a: Krookodile|Krookodile, L79, F|280/280\n|-ability|p2a: Krookodile|Intimidate|boost\n|-unboost|p1a: Tinkaton|atk|1\n|move|p1a: Tinkaton|Gigaton Hammer|p2a: Krookodile\n|-damage|p2a: Krookodile|172/280\n|\n|-heal|p2a: Krookodile|189/280|[from] item: Leftovers\n|upkeep\n|turn|3\n|\n|t:|1781403683\n|move|p1a: Tinkaton|Play Rough|p2a: Krookodile\n|-supereffective|p2a: Krookodile\n|-damage|p2a: Krookodile|79/280\n|move|p2a: Krookodile|Earthquake|p1a: Tinkaton\n|-supereffective|p1a: Tinkaton\n|-damage|p1a: Tinkaton|32/274\n|\n|-heal|p1a: Tinkaton|49/274|[from] item: Leftovers\n|-heal|p2a: Krookodile|96/280|[from] item: Leftovers\n|upkeep\n|turn|4\n|\n|t:|1781403710\n|move|p1a: Tinkaton|Gigaton Hammer|p2a: Krookodile\n|-damage|p2a: Krookodile|0 fnt\n|faint|p2a: Krookodile\n|\n|-heal|p1a: Tinkaton|66/274|[from] item: Leftovers\n|upkeep\n|inactive|sphealinalright has 120 seconds left.\n|\n|t:|1781403724\n|switch|p2a: Banette|Banette, L93, M|270/270\n|turn|5\n|\n|t:|1781403730\n|switch|p1a: Ursaring|Ursaring, L84, F|288/288\n|move|p2a: Banette|Thunder Wave|p1a: Ursaring\n|-status|p1a: Ursaring|par\n|\n|upkeep\n|turn|6\n|\n|t:|1781403738\n|move|p1a: Ursaring|Crunch|p2a: Banette\n|-supereffective|p2a: Banette\n|-damage|p2a: Banette|96/270\n|move|p2a: Banette|Gunk Shot|p1a: Ursaring\n|-damage|p1a: Ursaring|119/288 par\n|-damage|p2a: Banette|69/270|[from] item: Life Orb\n|\n|upkeep\n|turn|7\n|\n|t:|1781403748\n|move|p1a: Ursaring|Crunch|p2a: Banette\n|-supereffective|p2a: Banette\n|-damage|p2a: Banette|0 fnt\n|faint|p2a: Banette\n|\n|upkeep\n|\n|t:|1781403754\n|switch|p2a: Sudowoodo|Sudowoodo, L94, F|284/284\n|turn|8\n|\n|t:|1781403767\n|move|p1a: Ursaring|Close Combat|p2a: Sudowoodo\n|-supereffective|p2a: Sudowoodo\n|-damage|p2a: Sudowoodo|134/284\n|-unboost|p1a: Ursaring|def|1\n|-unboost|p1a: Ursaring|spd|1\n|move|p2a: Sudowoodo|Head Smash|p1a: Ursaring\n|-damage|p1a: Ursaring|0 fnt\n|faint|p1a: Ursaring\n|\n|upkeep\n|\n|t:|1781403770\n|switch|p1a: Tinkaton|Tinkaton, L82, F|66/274\n|-ability|p1a: Tinkaton|Mold Breaker\n|turn|9\n|\n|t:|1781403774\n|move|p1a: Tinkaton|Gigaton Hammer|p2a: Sudowoodo\n|-supereffective|p2a: Sudowoodo\n|-damage|p2a: Sudowoodo|0 fnt\n|faint|p2a: Sudowoodo\n|\n|-heal|p1a: Tinkaton|83/274|[from] item: Leftovers\n|upkeep\n|\n|t:|1781403785\n|switch|p2a: Gumshoos|Gumshoos, L95, M|321/321\n|turn|10\n|\n|t:|1781403792\n|move|p1a: Tinkaton|Knock Off|p2a: Gumshoos\n|-damage|p2a: Gumshoos|258/321\n|-enditem|p2a: Gumshoos|Choice Band|[from] move: Knock Off|[of] p1a: Tinkaton\n|move|p2a: Gumshoos|Earthquake|p1a: Tinkaton\n|-supereffective|p1a: Tinkaton\n|-damage|p1a: Tinkaton|0 fnt\n|faint|p1a: Tinkaton\n|\n|upkeep\n|\n|t:|1781403799\n|switch|p1a: Barraskewda|Barraskewda, L81, F|231/231\n|turn|11\n|\n|t:|1781403806\n|move|p1a: Barraskewda|Close Combat|p2a: Gumshoos\n|-supereffective|p2a: Gumshoos\n|-damage|p2a: Gumshoos|0 fnt\n|-unboost|p1a: Barraskewda|def|1\n|-unboost|p1a: Barraskewda|spd|1\n|faint|p2a: Gumshoos\n|\n|upkeep\n|\n|t:|1781403812\n|switch|p2a: Lugia|Lugia, L73|275/275\n|turn|12\n|\n|t:|1781403823\n|switch|p1a: Goodra|Goodra, L85, F|292/292\n|move|p2a: Lugia|Calm Mind|p2a: Lugia\n|-boost|p2a: Lugia|spa|1\n|-boost|p2a: Lugia|spd|1\n|\n|upkeep\n|turn|13\n|\n|t:|1781403830\n|move|p2a: Lugia|Aeroblast|p1a: Goodra\n|-damage|p1a: Goodra|246/292\n|move|p1a: Goodra|Sludge Bomb|p2a: Lugia\n|-damage|p2a: Lugia|257/275\n|\n|upkeep\n|turn|14\n|\n|t:|1781403837\n|-terastallize|p2a: Lugia|Steel\n|move|p2a: Lugia|Calm Mind|p2a: Lugia\n|-boost|p2a: Lugia|spa|1\n|-boost|p2a: Lugia|spd|1\n|move|p1a: Goodra|Sludge Bomb|p2a: Lugia\n|-immune|p2a: Lugia\n|\n|upkeep\n|turn|15\n|\n|t:|1781403843\n|move|p2a: Lugia|Psychic Noise|p1a: Goodra\n|-damage|p1a: Goodra|194/292\n|-start|p1a: Goodra|move: Heal Block\n|move|p1a: Goodra|Earthquake|p2a: Lugia\n|-supereffective|p2a: Lugia\n|-damage|p2a: Lugia|125/275\n|\n|upkeep\n|turn|16\n|\n|t:|1781403854\n|move|p2a: Lugia|Aeroblast|p1a: Goodra\n|-damage|p1a: Goodra|127/292\n|move|p1a: Goodra|Earthquake|p2a: Lugia\n|-supereffective|p2a: Lugia\n|-damage|p2a: Lugia|1/275\n|\n|-end|p1a: Goodra|move: Heal Block\n|upkeep\n|turn|17\n|\n|t:|1781403858\n|move|p2a: Lugia|Aeroblast|p1a: Goodra\n|-damage|p1a: Goodra|58/292\n|move|p1a: Goodra|Earthquake|p2a: Lugia\n|-supereffective|p2a: Lugia\n|-damage|p2a: Lugia|0 fnt\n|faint|p2a: Lugia\n|\n|upkeep\n|\n|t:|1781403862\n|switch|p2a: Noivern|Noivern, L82, M|274/274\n|turn|18\n|-message|sphealinalright forfeited.\n|\n|win|Jefejenaro\n", "uploadtime": 1781403644, "views": 3, "formatid": "gen9randombattle", "rating": null, "private": 0, "password": null}