{"id": "gen9randombattle-2631877181", "format": "[Gen 9] Random Battle", "players": ["Kieskauer", "azztheddicaff"], "log": "|j|\u2606Kieskauer\n|j|\u2606azztheddicaff\n|t:|1781451049\n|gametype|singles\n|player|p1|Kieskauer|265|2039\n|player|p2|azztheddicaff|265|2074\n|gen|9\n|tier|[Gen 9] Random Battle\n|rated|\n|rule|Species Clause: Limit one of each Pok\u00e9mon\n|rule|HP Percentage Mod: HP is shown in percentages\n|rule|Sleep Clause Mod: Limit one foe put to sleep\n|rule|Illusion Level Mod: Illusion disguises the Pok\u00e9mon's true level\n|\n|t:|1781451049\n|teamsize|p1|6\n|teamsize|p2|6\n|start\n|switch|p1a: Meloetta|Meloetta, L82|298/298\n|switch|p2a: Lugia|Lugia, L73|275/275\n|turn|1\n|inactive|Battle timer is ON: inactive players will automatically lose when time's up. (requested by azztheddicaff)\n|\n|t:|1781451071\n|switch|p2a: Bellibolt|Bellibolt, L84, F|320/320\n|move|p1a: Meloetta|Hyper Voice|p2a: Bellibolt\n|-damage|p2a: Bellibolt|196/320\n|-start|p2a: Bellibolt|Charge|Hyper Voice|[from] ability: Electromorphosis\n|\n|-heal|p2a: Bellibolt|216/320|[from] item: Leftovers\n|upkeep\n|turn|2\n|\n|t:|1781451081\n|move|p1a: Meloetta|Calm Mind|p1a: Meloetta\n|-boost|p1a: Meloetta|spa|1\n|-boost|p1a: Meloetta|spd|1\n|move|p2a: Bellibolt|Slack Off|p2a: Bellibolt\n|-heal|p2a: Bellibolt|320/320\n|\n|upkeep\n|turn|3\n|\n|t:|1781451091\n|move|p1a: Meloetta|Calm Mind|p1a: Meloetta\n|-boost|p1a: Meloetta|spa|1\n|-boost|p1a: Meloetta|spd|1\n|move|p2a: Bellibolt|Toxic|p1a: Meloetta|[miss]\n|-miss|p2a: Bellibolt|p1a: Meloetta\n|\n|upkeep\n|turn|4\n|\n|t:|1781451097\n|move|p1a: Meloetta|Psyshock|p2a: Bellibolt\n|-damage|p2a: Bellibolt|121/320\n|-start|p2a: Bellibolt|Charge|Psyshock|[from] ability: Electromorphosis\n|move|p2a: Bellibolt|Toxic|p1a: Meloetta\n|-status|p1a: Meloetta|tox\n|\n|-heal|p2a: Bellibolt|141/320|[from] item: Leftovers\n|-damage|p1a: Meloetta|280/298 tox|[from] psn\n|upkeep\n|turn|5\n|\n|t:|1781451101\n|switch|p2a: Lugia|Lugia, L73|275/275\n|move|p1a: Meloetta|Hyper Voice|p2a: Lugia\n|-damage|p2a: Lugia|197/275\n|\n|-heal|p1a: Meloetta|298/298 tox|[from] item: Leftovers\n|-damage|p1a: Meloetta|262/298 tox|[from] psn\n|upkeep\n|turn|6\n|\n|t:|1781451108\n|move|p2a: Lugia|Recover|p2a: Lugia\n|-heal|p2a: Lugia|275/275\n|move|p1a: Meloetta|Hyper Voice|p2a: Lugia\n|-damage|p2a: Lugia|195/275\n|\n|-heal|p1a: Meloetta|280/298 tox|[from] item: Leftovers\n|-damage|p1a: Meloetta|226/298 tox|[from] psn\n|upkeep\n|turn|7\n|\n|t:|1781451118\n|switch|p1a: Zekrom|Zekrom, L71|259/259\n|-ability|p1a: Zekrom|Teravolt\n|move|p2a: Lugia|Calm Mind|p2a: Lugia\n|-boost|p2a: Lugia|spa|1\n|-boost|p2a: Lugia|spd|1\n|\n|upkeep\n|turn|8\n|\n|t:|1781451128\n|move|p2a: Lugia|Earth Power|p1a: Zekrom\n|-supereffective|p1a: Zekrom\n|-damage|p1a: Zekrom|101/259\n|move|p1a: Zekrom|Dragon Dance|p1a: Zekrom\n|-boost|p1a: Zekrom|atk|1\n|-boost|p1a: Zekrom|spe|1\n|\n|-heal|p1a: Zekrom|117/259|[from] item: Leftovers\n|upkeep\n|turn|9\n|\n|t:|1781451138\n|switch|p2a: Avalugg|Avalugg-Hisui, L90, M|317/317\n|move|p1a: Zekrom|Bolt Strike|p2a: Avalugg\n|-damage|p2a: Avalugg|202/317\n|\n|-heal|p1a: Zekrom|133/259|[from] item: Leftovers\n|upkeep\n|turn|10\n|\n|t:|1781451151\n|switch|p1a: Meloetta|Meloetta, L82|226/298 tox\n|move|p2a: Avalugg|Avalanche|p1a: Meloetta\n|-damage|p1a: Meloetta|127/298 tox\n|\n|-heal|p1a: Meloetta|145/298 tox|[from] item: Leftovers\n|-damage|p1a: Meloetta|127/298 tox|[from] psn\n|upkeep\n|turn|11\n|\n|t:|1781451155\n|switch|p2a: Lugia|Lugia, L73|195/275\n|move|p1a: Meloetta|Focus Blast|p2a: Lugia\n|-resisted|p2a: Lugia\n|-crit|p2a: Lugia\n|-damage|p2a: Lugia|166/275\n|-unboost|p2a: Lugia|spd|1\n|\n|-heal|p1a: Meloetta|145/298 tox|[from] item: Leftovers\n|-damage|p1a: Meloetta|109/298 tox|[from] psn\n|upkeep\n|turn|12\n|\n|t:|1781451164\n|switch|p1a: Zekrom|Zekrom, L71|133/259\n|-ability|p1a: Zekrom|Teravolt\n|move|p2a: Lugia|Recover|p2a: Lugia\n|-heal|p2a: Lugia|275/275\n|\n|-heal|p1a: Zekrom|149/259|[from] item: Leftovers\n|upkeep\n|turn|13\n|\n|t:|1781451169\n|move|p2a: Lugia|Earth Power|p1a: Zekrom\n|-supereffective|p1a: Zekrom\n|-damage|p1a: Zekrom|41/259\n|-unboost|p1a: Zekrom|spd|1\n|move|p1a: Zekrom|Dragon Dance|p1a: Zekrom\n|-boost|p1a: Zekrom|atk|1\n|-boost|p1a: Zekrom|spe|1\n|\n|-heal|p1a: Zekrom|57/259|[from] item: Leftovers\n|upkeep\n|turn|14\n|\n|t:|1781451176\n|switch|p2a: Hitmontop|Hitmontop, L88, M|231/231\n|-ability|p2a: Hitmontop|Intimidate|boost\n|-unboost|p1a: Zekrom|atk|1\n|move|p1a: Zekrom|Bolt Strike|p2a: Hitmontop|[miss]\n|-miss|p1a: Zekrom|p2a: Hitmontop\n|\n|-heal|p1a: Zekrom|73/259|[from] item: Leftovers\n|upkeep\n|turn|15\n|\n|t:|1781451189\n|switch|p1a: Meloetta|Meloetta, L82|109/298 tox\n|move|p2a: Hitmontop|Earthquake|p1a: Meloetta\n|-damage|p1a: Meloetta|0 fnt\n|faint|p1a: Meloetta\n|\n|upkeep\n|\n|t:|1781451207\n|switch|p1a: Porygon2|Porygon2, L81|270/270\n|-ability|p1a: Porygon2|Download|boost\n|-boost|p1a: Porygon2|atk|1\n|turn|16\n|\n|t:|1781451226\n|switch|p2a: Lugia|Lugia, L73|275/275\n|move|p1a: Porygon2|Tri Attack|p2a: Lugia\n|-damage|p2a: Lugia|245/275\n|\n|upkeep\n|turn|17\n|\n|t:|1781451233\n|move|p2a: Lugia|Calm Mind|p2a: Lugia\n|-boost|p2a: Lugia|spa|1\n|-boost|p2a: Lugia|spd|1\n|move|p1a: Porygon2|Discharge|p2a: Lugia\n|-supereffective|p2a: Lugia\n|-damage|p2a: Lugia|187/275\n|\n|upkeep\n|turn|18\n|\n|t:|1781451237\n|move|p2a: Lugia|Aeroblast|p1a: Porygon2\n|-damage|p1a: Porygon2|200/270\n|move|p1a: Porygon2|Discharge|p2a: Lugia\n|-supereffective|p2a: Lugia\n|-damage|p2a: Lugia|127/275\n|-status|p2a: Lugia|par\n|\n|upkeep\n|turn|19\n|\n|t:|1781451243\n|switch|p1a: Zekrom|Zekrom, L71|73/259\n|-ability|p1a: Zekrom|Teravolt\n|move|p2a: Lugia|Recover|p2a: Lugia\n|-heal|p2a: Lugia|265/275 par\n|\n|-heal|p1a: Zekrom|89/259|[from] item: Leftovers\n|upkeep\n|turn|20\n|\n|t:|1781451251\n|move|p1a: Zekrom|Substitute|p1a: Zekrom\n|-start|p1a: Zekrom|Substitute\n|-damage|p1a: Zekrom|25/259\n|move|p2a: Lugia|Earth Power|p1a: Zekrom\n|-supereffective|p1a: Zekrom\n|-end|p1a: Zekrom|Substitute\n|\n|-heal|p1a: Zekrom|41/259|[from] item: Leftovers\n|upkeep\n|turn|21\n|\n|t:|1781451257\n|move|p1a: Zekrom|Bolt Strike|p2a: Lugia|[miss]\n|-miss|p1a: Zekrom|p2a: Lugia\n|cant|p2a: Lugia|par\n|\n|-heal|p1a: Zekrom|57/259|[from] item: Leftovers\n|upkeep\n|turn|22\n|\n|t:|1781451264\n|move|p1a: Zekrom|Bolt Strike|p2a: Lugia\n|-supereffective|p2a: Lugia\n|-damage|p2a: Lugia|43/275 par\n|move|p2a: Lugia|Earth Power|p1a: Zekrom\n|-supereffective|p1a: Zekrom\n|-damage|p1a: Zekrom|0 fnt\n|faint|p1a: Zekrom\n|\n|upkeep\n|c|\u2606Kieskauer|!dt lugia\n|c|\u2606Kieskauer|/raw <div class=\"message\"><ul class=\"utilichart\"><li class=\"result\"><span class=\"col numcol\">Uber</span> <span class=\"col iconcol\"><psicon pokemon=\"lugia\"/></span> <span class=\"col pokemonnamecol\" style=\"white-space:nowrap\"><a href=\"https://dex.pokemonshowdown.com/pokemon/lugia\" target=\"_blank\">Lugia</a></span> <span class=\"col typecol\"><img src=\"https://play.pokemonshowdown.com/sprites/types/Psychic.png\" alt=\"Psychic\" height=\"14\" width=\"32\"><img src=\"https://play.pokemonshowdown.com/sprites/types/Flying.png\" alt=\"Flying\" height=\"14\" width=\"32\"></span> <span style=\"float:left;min-height:26px\"><span class=\"col abilitycol\">Pressure</span><span class=\"col abilitycol\"><em>Multiscale</em></span></span><span style=\"float:left;min-height:26px\"><span class=\"col statcol\"><em>HP</em><br />106</span> <span class=\"col statcol\"><em>Atk</em><br />90</span> <span class=\"col statcol\"><em>Def</em><br />130</span> <span class=\"col statcol\"><em>SpA</em><br />90</span> <span class=\"col statcol\"><em>SpD</em><br />154</span> <span class=\"col statcol\"><em>Spe</em><br />110</span> <span class=\"col bstcol\"><em>BST<br />680</em></span> </span></li><li style=\"clear:both\"></li></ul></div>\n|c|\u2606Kieskauer|/raw <font size=\"1\"><font color=\"#686868\">Dex#:</font> 249&nbsp;|&ThickSpace;<font color=\"#686868\">Gen:</font> 2&nbsp;|&ThickSpace;<font color=\"#686868\">Height:</font> 5.2 m&nbsp;|&ThickSpace;<font color=\"#686868\">Weight:</font> 216 kg <em>(120 BP)</em>&nbsp;|&ThickSpace;<font color=\"#686868\">Dex Colour:</font> White&nbsp;|&ThickSpace;<font color=\"#686868\">Egg Group(s):</font> Undiscovered&nbsp;|&ThickSpace;<font color=\"#686868\">Does Not Evolve</font></font>\n\n|inactive|Kieskauer has 120 seconds left.\n|\n|t:|1781451294\n|switch|p1a: Arceus|Arceus-Electric, L70|284/284\n|turn|23\n|\n|t:|1781451301\n|move|p1a: Arceus|Judgment|p2a: Lugia\n|-supereffective|p2a: Lugia\n|-damage|p2a: Lugia|0 fnt\n|faint|p2a: Lugia\n|\n|upkeep\n|\n|t:|1781451305\n|switch|p2a: Bellibolt|Bellibolt, L84, F|141/320\n|turn|24\n|\n|t:|1781451311\n|switch|p1a: Dragalge|Dragalge, L88, M|258/258\n|move|p2a: Bellibolt|Slack Off|p2a: Bellibolt\n|-heal|p2a: Bellibolt|301/320\n|\n|-heal|p2a: Bellibolt|320/320|[from] item: Leftovers\n|upkeep\n|turn|25\n|\n|t:|1781451316\n|switch|p2a: Hypno|Hypno, L95, F|315/315\n|move|p1a: Dragalge|Dragon Tail|p2a: Hypno\n|-damage|p2a: Hypno|235/315\n|drag|p2a: Bellibolt|Bellibolt, L84, F|320/320\n|\n|upkeep\n|turn|26\n|\n|t:|1781451324\n|switch|p2a: Hypno|Hypno, L95, F|235/315\n|move|p1a: Dragalge|Dragon Tail|p2a: Hypno|[miss]\n|-miss|p1a: Dragalge|p2a: Hypno\n|\n|-heal|p2a: Hypno|254/315|[from] item: Leftovers\n|upkeep\n|turn|27\n|\n|t:|1781451335\n|switch|p1a: Arceus|Arceus-Electric, L70|284/284\n|move|p2a: Hypno|Psychic Noise|p1a: Arceus\n|-damage|p1a: Arceus|209/284\n|-start|p1a: Arceus|move: Heal Block\n|\n|-heal|p2a: Hypno|273/315|[from] item: Leftovers\n|upkeep\n|turn|28\n|\n|t:|1781451340\n|move|p1a: Arceus|Ice Beam|p2a: Hypno\n|-damage|p2a: Hypno|236/315\n|-status|p2a: Hypno|frz\n|-curestatus|p2a: Hypno|frz|[msg]\n|move|p2a: Hypno|Psychic Noise|p1a: Arceus\n|-damage|p1a: Arceus|133/284\n|\n|-heal|p2a: Hypno|255/315|[from] item: Leftovers\n|-end|p1a: Arceus|move: Heal Block\n|upkeep\n|turn|29\n|\n|t:|1781451345\n|move|p1a: Arceus|Judgment|p2a: Hypno\n|-damage|p2a: Hypno|183/315\n|move|p2a: Hypno|Toxic|p1a: Arceus\n|-status|p1a: Arceus|tox\n|\n|-heal|p2a: Hypno|202/315|[from] item: Leftovers\n|-damage|p1a: Arceus|116/284 tox|[from] psn\n|upkeep\n|turn|30\n|\n|t:|1781451351\n|move|p1a: Arceus|Recover|p1a: Arceus\n|-heal|p1a: Arceus|258/284 tox\n|move|p2a: Hypno|Psychic Noise|p1a: Arceus\n|-damage|p1a: Arceus|183/284 tox\n|-start|p1a: Arceus|move: Heal Block\n|\n|-heal|p2a: Hypno|221/315|[from] item: Leftovers\n|-damage|p1a: Arceus|149/284 tox|[from] psn\n|upkeep\n|turn|31\n|\n|t:|1781451355\n|move|p2a: Hypno|Protect|p2a: Hypno\n|-singleturn|p2a: Hypno|Protect\n|move|p1a: Arceus|Judgment|p2a: Hypno\n|-activate|p2a: Hypno|move: Protect\n|\n|-heal|p2a: Hypno|240/315|[from] item: Leftovers\n|-damage|p1a: Arceus|98/284 tox|[from] psn\n|-end|p1a: Arceus|move: Heal Block\n|upkeep\n|turn|32\n|\n|t:|1781451360\n|move|p1a: Arceus|Judgment|p2a: Hypno\n|-damage|p2a: Hypno|165/315\n|move|p2a: Hypno|Psychic Noise|p1a: Arceus\n|-damage|p1a: Arceus|22/284 tox\n|-start|p1a: Arceus|move: Heal Block\n|\n|-heal|p2a: Hypno|184/315|[from] item: Leftovers\n|-damage|p1a: Arceus|0 fnt|[from] psn\n|faint|p1a: Arceus\n|upkeep\n|\n|t:|1781451382\n|switch|p1a: Dragalge|Dragalge, L88, M|258/258\n|turn|33\n|\n|t:|1781451386\n|move|p2a: Hypno|Protect|p2a: Hypno\n|-singleturn|p2a: Hypno|Protect\n|move|p1a: Dragalge|Dragon Tail|p2a: Hypno\n|-activate|p2a: Hypno|move: Protect\n|\n|-heal|p2a: Hypno|203/315|[from] item: Leftovers\n|upkeep\n|turn|34\n|\n|t:|1781451390\n|move|p2a: Hypno|Psychic Noise|p1a: Dragalge\n|-supereffective|p1a: Dragalge\n|-damage|p1a: Dragalge|180/258\n|-start|p1a: Dragalge|move: Heal Block\n|move|p1a: Dragalge|Dragon Tail|p2a: Hypno\n|-damage|p2a: Hypno|115/315\n|drag|p2a: Hitmontop|Hitmontop, L88, M|231/231\n|-ability|p2a: Hitmontop|Intimidate|boost\n|-unboost|p1a: Dragalge|atk|1\n|\n|upkeep\n|turn|35\n|\n|t:|1781451398\n|move|p2a: Hitmontop|Earthquake|p1a: Dragalge\n|-supereffective|p1a: Dragalge\n|-damage|p1a: Dragalge|0 fnt\n|faint|p1a: Dragalge\n|\n|upkeep\n|\n|t:|1781451402\n|switch|p1a: Bellossom|Bellossom, L84, F|263/263\n|turn|36\n|\n|t:|1781451415\n|switch|p2a: Bellibolt|Bellibolt, L84, F|320/320\n|switch|p1a: Porygon2|Porygon2, L81|200/270\n|-ability|p1a: Porygon2|Download|boost\n|-boost|p1a: Porygon2|spa|1\n|\n|upkeep\n|turn|37\n|\n|t:|1781451422\n|-terastallize|p1a: Porygon2|Poison\n|move|p1a: Porygon2|Tri Attack|p2a: Bellibolt\n|-damage|p2a: Bellibolt|187/320\n|-start|p2a: Bellibolt|Charge|Tri Attack|[from] ability: Electromorphosis\n|move|p2a: Bellibolt|Toxic|p1a: Porygon2\n|-immune|p1a: Porygon2\n|\n|-heal|p2a: Bellibolt|207/320|[from] item: Leftovers\n|upkeep\n|turn|38\n|\n|t:|1781451431\n|move|p1a: Porygon2|Tri Attack|p2a: Bellibolt\n|-damage|p2a: Bellibolt|74/320\n|-status|p2a: Bellibolt|frz\n|-start|p2a: Bellibolt|Charge|Tri Attack|[from] ability: Electromorphosis\n|cant|p2a: Bellibolt|frz\n|\n|-heal|p2a: Bellibolt|94/320 frz|[from] item: Leftovers\n|upkeep\n|turn|39\n|\n|t:|1781451438\n|move|p1a: Porygon2|Tri Attack|p2a: Bellibolt\n|-damage|p2a: Bellibolt|0 fnt\n|faint|p2a: Bellibolt\n|\n|upkeep\n|\n|t:|1781451443\n|switch|p2a: Hypno|Hypno, L95, F|115/315\n|turn|40\n|\n|t:|1781451446\n|move|p2a: Hypno|Psychic Noise|p1a: Porygon2\n|-supereffective|p1a: Porygon2\n|-damage|p1a: Porygon2|90/270\n|-start|p1a: Porygon2|move: Heal Block\n|move|p1a: Porygon2|Tri Attack|p2a: Hypno\n|-damage|p2a: Hypno|31/315\n|\n|-heal|p2a: Hypno|50/315|[from] item: Leftovers\n|upkeep\n|turn|41\n|\n|t:|1781451465\n|move|p2a: Hypno|Focus Blast|p1a: Porygon2\n|-resisted|p1a: Porygon2\n|-damage|p1a: Porygon2|60/270\n|move|p1a: Porygon2|Tri Attack|p2a: Hypno\n|-damage|p2a: Hypno|0 fnt\n|faint|p2a: Hypno\n|\n|-end|p1a: Porygon2|move: Heal Block\n|upkeep\n|\n|t:|1781451468\n|switch|p2a: Dodrio|Dodrio, L85, F|241/241\n|turn|42\n|\n|t:|1781451477\n|move|p2a: Dodrio|Brave Bird|p1a: Porygon2\n|-damage|p1a: Porygon2|0 fnt\n|faint|p1a: Porygon2\n|-damage|p2a: Dodrio|221/241|[from] Recoil\n|\n|upkeep\n|\n|t:|1781451479\n|switch|p1a: Bellossom|Bellossom, L84, F|263/263\n|turn|43\n|\n|t:|1781451482\n|-terastallize|p2a: Dodrio|Flying\n|move|p2a: Dodrio|Brave Bird|p1a: Bellossom\n|-supereffective|p1a: Bellossom\n|-damage|p1a: Bellossom|0 fnt\n|faint|p1a: Bellossom\n|-damage|p2a: Dodrio|134/241|[from] Recoil\n|\n|win|azztheddicaff\n", "uploadtime": 1781451052, "views": 6, "formatid": "gen9randombattle", "rating": null, "private": 0, "password": null}