{"id": "gen9randombattle-2631925801", "format": "[Gen 9] Random Battle", "players": ["WumboMumboJumbo", "napoliones"], "log": "|j|\u2606WumboMumboJumbo\n|j|\u2606napoliones\n|t:|1781456331\n|gametype|singles\n|player|p1|WumboMumboJumbo|265|1999\n|player|p2|napoliones|265|2043\n|gen|9\n|tier|[Gen 9] Random Battle\n|rated|\n|rule|Species Clause: Limit one of each Pok\u00e9mon\n|rule|HP Percentage Mod: HP is shown in percentages\n|rule|Sleep Clause Mod: Limit one foe put to sleep\n|rule|Illusion Level Mod: Illusion disguises the Pok\u00e9mon's true level\n|\n|t:|1781456331\n|teamsize|p1|6\n|teamsize|p2|6\n|start\n|switch|p1a: Volcarona|Volcarona, L77, M|257/257\n|switch|p2a: Mew|Mew, L82|298/298\n|turn|1\n|inactive|Battle timer is ON: inactive players will automatically lose when time's up. (requested by napoliones)\n|c|\u2606napoliones|gl hf :)\n|\n|t:|1781456349\n|move|p2a: Mew|Toxic Spikes|p1a: Volcarona\n|-sidestart|p1: WumboMumboJumbo|move: Toxic Spikes\n|move|p1a: Volcarona|Quiver Dance|p1a: Volcarona\n|-boost|p1a: Volcarona|spa|1\n|-boost|p1a: Volcarona|spd|1\n|-boost|p1a: Volcarona|spe|1\n|\n|upkeep\n|turn|2\n|\n|t:|1781456358\n|switch|p2a: Ho-Oh|Ho-Oh, L71|268/268\n|move|p1a: Volcarona|Bug Buzz|p2a: Ho-Oh\n|-resisted|p2a: Ho-Oh\n|-damage|p2a: Ho-Oh|240/268\n|\n|upkeep\n|turn|3\n|\n|t:|1781456366\n|switch|p1a: Probopass|Probopass, L91, F|257/257\n|move|p2a: Ho-Oh|Earthquake|p1a: Probopass\n|-supereffective|p1a: Probopass\n|-damage|p1a: Probopass|105/257\n|\n|-heal|p1a: Probopass|121/257|[from] item: Leftovers\n|upkeep\n|turn|4\n|\n|t:|1781456374\n|switch|p1a: Salamence|Salamence, L77, F|273/273\n|move|p2a: Ho-Oh|Earthquake|p1a: Salamence\n|-immune|p1a: Salamence\n|\n|upkeep\n|turn|5\n|\n|t:|1781456378\n|switch|p2a: Mudsdale|Mudsdale, L83, F|302/302\n|move|p1a: Salamence|Dragon Dance|p1a: Salamence\n|-boost|p1a: Salamence|atk|1\n|-boost|p1a: Salamence|spe|1\n|\n|upkeep\n|turn|6\n|\n|t:|1781456398\n|-terastallize|p1a: Salamence|Ground\n|move|p1a: Salamence|Dragon Dance|p1a: Salamence\n|-boost|p1a: Salamence|atk|1\n|-boost|p1a: Salamence|spe|1\n|move|p2a: Mudsdale|Stone Edge|p1a: Salamence|[miss]\n|-miss|p2a: Mudsdale|p1a: Salamence\n|\n|upkeep\n|turn|7\n|\n|t:|1781456403\n|move|p1a: Salamence|Earthquake|p2a: Mudsdale\n|-damage|p2a: Mudsdale|107/302\n|-ability|p2a: Mudsdale|Stamina|boost\n|-boost|p2a: Mudsdale|def|1\n|move|p2a: Mudsdale|Roar|p1a: Salamence\n|drag|p1a: Zebstrika|Zebstrika, L87, F|272/272\n|-status|p1a: Zebstrika|psn\n|\n|-heal|p2a: Mudsdale|125/302|[from] item: Leftovers\n|-damage|p1a: Zebstrika|238/272 psn|[from] psn\n|upkeep\n|turn|8\n|\n|t:|1781456415\n|switch|p2a: Girafarig|Girafarig, L89, F|269/269\n|move|p1a: Zebstrika|Overheat|p2a: Girafarig\n|-damage|p2a: Girafarig|187/269\n|-unboost|p1a: Zebstrika|spa|2\n|-damage|p1a: Zebstrika|211/272 psn|[from] item: Life Orb\n|\n|-damage|p1a: Zebstrika|177/272 psn|[from] psn\n|upkeep\n|turn|9\n|\n|t:|1781456421\n|switch|p2a: Mudsdale|Mudsdale, L83, F|125/302\n|move|p1a: Zebstrika|Volt Switch|p2a: Mudsdale\n|-immune|p2a: Mudsdale\n|\n|-heal|p2a: Mudsdale|143/302|[from] item: Leftovers\n|-damage|p1a: Zebstrika|143/272 psn|[from] psn\n|upkeep\n|turn|10\n|\n|t:|1781456432\n|switch|p1a: Probopass|Probopass, L91, F|121/257\n|move|p2a: Mudsdale|Stone Edge|p1a: Probopass\n|-resisted|p1a: Probopass\n|-damage|p1a: Probopass|93/257\n|\n|-heal|p1a: Probopass|109/257|[from] item: Leftovers\n|-heal|p2a: Mudsdale|161/302|[from] item: Leftovers\n|upkeep\n|turn|11\n|\n|t:|1781456442\n|move|p1a: Probopass|Flash Cannon|p2a: Mudsdale\n|-damage|p2a: Mudsdale|76/302\n|-ability|p2a: Mudsdale|Stamina|boost\n|-boost|p2a: Mudsdale|def|1\n|move|p2a: Mudsdale|Earthquake|p1a: Probopass\n|-supereffective|p1a: Probopass\n|-damage|p1a: Probopass|0 fnt\n|faint|p1a: Probopass\n|\n|-heal|p2a: Mudsdale|94/302|[from] item: Leftovers\n|upkeep\n|\n|t:|1781456453\n|switch|p1a: Palkia|Palkia, L75|259/259\n|-status|p1a: Palkia|psn\n|-ability|p1a: Palkia|Pressure\n|turn|12\n|\n|t:|1781456456\n|switch|p2a: Girafarig|Girafarig, L89, F|187/269\n|move|p1a: Palkia|Hydro Pump|p2a: Girafarig\n|-damage|p2a: Girafarig|64/269\n|\n|-damage|p1a: Palkia|227/259 psn|[from] psn\n|upkeep\n|turn|13\n|\n|t:|1781456481\n|move|p2a: Girafarig|Dazzling Gleam|p1a: Palkia\n|-supereffective|p1a: Palkia\n|-damage|p1a: Palkia|113/259 psn\n|move|p1a: Palkia|Hydro Pump|p2a: Girafarig\n|-damage|p2a: Girafarig|0 fnt\n|faint|p2a: Girafarig\n|\n|-damage|p1a: Palkia|81/259 psn|[from] psn\n|upkeep\n|\n|t:|1781456501\n|switch|p2a: Mew|Mew, L82|298/298\n|turn|14\n|\n|t:|1781456511\n|move|p2a: Mew|Psychic|p1a: Palkia\n|-damage|p1a: Palkia|6/259 psn\n|move|p1a: Palkia|Thunder Wave||[still]\n|-status|p2a: Mew|par\n|-activate|p2a: Mew|ability: Synchronize\n|-fail|p2a: Mew\n|\n|-damage|p1a: Palkia|0 fnt|[from] psn\n|faint|p1a: Palkia\n|upkeep\n|\n|t:|1781456521\n|switch|p1a: Salamence|Salamence, L77, F, tera:Ground|273/273\n|turn|15\n|\n|t:|1781456526\n|move|p1a: Salamence|Dragon Dance|p1a: Salamence\n|-boost|p1a: Salamence|atk|1\n|-boost|p1a: Salamence|spe|1\n|cant|p2a: Mew|par\n|\n|upkeep\n|turn|16\n|\n|t:|1781456550\n|move|p1a: Salamence|Earthquake|p2a: Mew\n|-damage|p2a: Mew|151/298 par\n|cant|p2a: Mew|par\n|\n|-heal|p2a: Mew|169/298 par|[from] item: Leftovers\n|upkeep\n|turn|17\n|\n|t:|1781456554\n|move|p1a: Salamence|Dragon Dance|p1a: Salamence\n|-boost|p1a: Salamence|atk|1\n|-boost|p1a: Salamence|spe|1\n|move|p2a: Mew|Encore|p1a: Salamence\n|-start|p1a: Salamence|Encore\n|\n|-heal|p2a: Mew|187/298 par|[from] item: Leftovers\n|upkeep\n|turn|18\n|\n|t:|1781456559\n|move|p1a: Salamence|Dragon Dance|p1a: Salamence\n|-boost|p1a: Salamence|atk|1\n|-boost|p1a: Salamence|spe|1\n|move|p2a: Mew|U-turn|p1a: Salamence\n|-damage|p1a: Salamence|221/273\n|\n|t:|1781456564\n|switch|p2a: Mudsdale|Mudsdale, L83, F|94/302|[from] U-turn\n|\n|-heal|p2a: Mudsdale|112/302|[from] item: Leftovers\n|upkeep\n|turn|19\n|\n|t:|1781456569\n|move|p1a: Salamence|Dragon Dance|p1a: Salamence\n|-boost|p1a: Salamence|atk|1\n|-boost|p1a: Salamence|spe|1\n|move|p2a: Mudsdale|Earthquake|p1a: Salamence\n|-damage|p1a: Salamence|59/273\n|\n|-heal|p2a: Mudsdale|130/302|[from] item: Leftovers\n|upkeep\n|turn|20\n|\n|t:|1781456574\n|move|p1a: Salamence|Dragon Dance|p1a: Salamence\n|-boost|p1a: Salamence|atk|1\n|-boost|p1a: Salamence|spe|1\n|move|p2a: Mudsdale|Earthquake|p1a: Salamence\n|-damage|p1a: Salamence|0 fnt\n|faint|p1a: Salamence\n|\n|-heal|p2a: Mudsdale|148/302|[from] item: Leftovers\n|upkeep\n|\n|t:|1781456579\n|switch|p1a: Piloswine|Piloswine, L85, M|309/309\n|-status|p1a: Piloswine|psn\n|turn|21\n|\n|t:|1781456587\n|switch|p2a: Mew|Mew, L82|187/298 par\n|move|p1a: Piloswine|Icicle Crash|p2a: Mew\n|-damage|p2a: Mew|102/298 par\n|\n|-heal|p2a: Mew|120/298 par|[from] item: Leftovers\n|-damage|p1a: Piloswine|271/309 psn|[from] psn\n|upkeep\n|turn|22\n|\n|t:|1781456606\n|move|p1a: Piloswine|Earthquake|p2a: Mew\n|-damage|p2a: Mew|6/298 par\n|move|p2a: Mew|Psychic|p1a: Piloswine\n|-damage|p1a: Piloswine|186/309 psn\n|\n|-heal|p2a: Mew|24/298 par|[from] item: Leftovers\n|-damage|p1a: Piloswine|148/309 psn|[from] psn\n|upkeep\n|turn|23\n|\n|t:|1781456612\n|move|p1a: Piloswine|Earthquake|p2a: Mew\n|-damage|p2a: Mew|0 fnt\n|faint|p2a: Mew\n|\n|-damage|p1a: Piloswine|110/309 psn|[from] psn\n|upkeep\n|\n|t:|1781456622\n|switch|p2a: Mudsdale|Mudsdale, L83, F|148/302\n|turn|24\n|\n|t:|1781456634\n|move|p1a: Piloswine|Icicle Crash|p2a: Mudsdale\n|-supereffective|p2a: Mudsdale\n|-damage|p2a: Mudsdale|0 fnt\n|faint|p2a: Mudsdale\n|\n|-damage|p1a: Piloswine|72/309 psn|[from] psn\n|upkeep\n|\n|t:|1781456647\n|switch|p2a: Vigoroth|Vigoroth, L85, F|275/275\n|turn|25\n|\n|t:|1781456657\n|move|p2a: Vigoroth|Bulk Up|p2a: Vigoroth\n|-boost|p2a: Vigoroth|atk|1\n|-boost|p2a: Vigoroth|def|1\n|move|p1a: Piloswine|Roar|p2a: Vigoroth\n|drag|p2a: Cobalion|Cobalion, L80|277/277\n|\n|-damage|p1a: Piloswine|34/309 psn|[from] psn\n|upkeep\n|turn|26\n|\n|t:|1781456671\n|switch|p2a: Vigoroth|Vigoroth, L85, F|275/275\n|move|p1a: Piloswine|Earthquake|p2a: Vigoroth\n|-damage|p2a: Vigoroth|194/275\n|\n|-damage|p1a: Piloswine|0 fnt|[from] psn\n|faint|p1a: Piloswine\n|upkeep\n|\n|t:|1781456682\n|switch|p1a: Volcarona|Volcarona, L77, M|257/257\n|turn|27\n|\n|t:|1781456692\n|move|p2a: Vigoroth|Body Slam|p1a: Volcarona\n|-damage|p1a: Volcarona|155/257\n|-status|p1a: Volcarona|par\n|-status|p2a: Vigoroth|brn|[from] ability: Flame Body|[of] p1a: Volcarona\n|move|p1a: Volcarona|Quiver Dance|p1a: Volcarona\n|-boost|p1a: Volcarona|spa|1\n|-boost|p1a: Volcarona|spd|1\n|-boost|p1a: Volcarona|spe|1\n|\n|-damage|p2a: Vigoroth|177/275 brn|[from] brn\n|upkeep\n|turn|28\n|\n|t:|1781456700\n|switch|p2a: Ho-Oh|Ho-Oh, L71|268/268\n|move|p1a: Volcarona|Fire Blast|p2a: Ho-Oh|[miss]\n|-miss|p1a: Volcarona|p2a: Ho-Oh\n|\n|upkeep\n|turn|29\n|\n|t:|1781456704\n|move|p2a: Ho-Oh|Brave Bird|p1a: Volcarona\n|-supereffective|p1a: Volcarona\n|-damage|p1a: Volcarona|0 fnt\n|faint|p1a: Volcarona\n|-damage|p2a: Ho-Oh|217/268|[from] Recoil\n|\n|upkeep\n|\n|t:|1781456707\n|switch|p1a: Zebstrika|Zebstrika, L87, F|143/272 psn\n|turn|30\n|c|\u2606napoliones|gg\n|\n|t:|1781456713\n|switch|p2a: Cobalion|Cobalion, L80|277/277\n|move|p1a: Zebstrika|Supercell Slam|p2a: Cobalion\n|-damage|p2a: Cobalion|164/277\n|-damage|p1a: Zebstrika|116/272 psn|[from] item: Life Orb\n|\n|-heal|p2a: Cobalion|181/277|[from] item: Leftovers\n|-damage|p1a: Zebstrika|82/272 psn|[from] psn\n|upkeep\n|turn|31\n|\n|t:|1781456718\n|move|p2a: Cobalion|Vacuum Wave|p1a: Zebstrika\n|-damage|p1a: Zebstrika|40/272 psn\n|move|p1a: Zebstrika|Supercell Slam|p2a: Cobalion\n|-damage|p2a: Cobalion|64/277\n|-damage|p1a: Zebstrika|13/272 psn|[from] item: Life Orb\n|\n|-heal|p2a: Cobalion|81/277|[from] item: Leftovers\n|-damage|p1a: Zebstrika|0 fnt|[from] psn\n|faint|p1a: Zebstrika\n|\n|win|napoliones\n", "uploadtime": 1781456334, "views": 3, "formatid": "gen9randombattle", "rating": null, "private": 0, "password": null}