{"id": "gen9randombattle-2631622861", "format": "[Gen 9] Random Battle", "players": ["itsbaloney", "euphoricpoptarts"], "log": "|j|\u2606itsbaloney\n|j|\u2606euphoricpoptarts\n|t:|1781410400\n|gametype|singles\n|player|p1|itsbaloney|giovanni|2047\n|player|p2|euphoricpoptarts|unknown|2071\n|gen|9\n|tier|[Gen 9] Random Battle\n|rated|\n|rule|Species Clause: Limit one of each Pok\u00e9mon\n|rule|HP Percentage Mod: HP is shown in percentages\n|rule|Sleep Clause Mod: Limit one foe put to sleep\n|rule|Illusion Level Mod: Illusion disguises the Pok\u00e9mon's true level\n|\n|t:|1781410400\n|teamsize|p1|6\n|teamsize|p2|6\n|start\n|switch|p1a: Polteageist|Polteageist-Antique, L78|222/222\n|switch|p2a: Charizard|Charizard, L85, M|271/271\n|turn|1\n|inactive|Battle timer is ON: inactive players will automatically lose when time's up. (requested by euphoricpoptarts)\n|j| Sanatan Dharma\n|\n|t:|1781410414\n|switch|p2a: Volbeat|Volbeat, L90, M|263/263\n|switch|p1a: Phione|Phione, L91|293/293\n|\n|upkeep\n|turn|2\n|\n|t:|1781410427\n|move|p2a: Volbeat|Lunge|p1a: Phione\n|-damage|p1a: Phione|211/293\n|-unboost|p1a: Phione|atk|1\n|move|p1a: Phione|Scald|p2a: Volbeat\n|-damage|p2a: Volbeat|175/263\n|\n|-heal|p1a: Phione|229/293|[from] item: Leftovers\n|upkeep\n|turn|3\n|\n|t:|1781410438\n|switch|p2a: Munkidori|Munkidori, L79, M|269/269\n|move|p1a: Phione|Scald|p2a: Munkidori\n|-damage|p2a: Munkidori|209/269\n|-status|p2a: Munkidori|brn\n|\n|-heal|p1a: Phione|247/293|[from] item: Leftovers\n|-damage|p2a: Munkidori|193/269 brn|[from] brn\n|upkeep\n|turn|4\n|\n|t:|1781410451\n|move|p2a: Munkidori|Psychic Noise|p1a: Phione\n|-damage|p1a: Phione|156/293\n|-start|p1a: Phione|move: Heal Block\n|move|p1a: Phione|Take Heart|p1a: Phione\n|-boost|p1a: Phione|spa|1\n|-boost|p1a: Phione|spd|1\n|\n|-damage|p2a: Munkidori|177/269 brn|[from] brn\n|upkeep\n|turn|5\n|\n|t:|1781410463\n|move|p2a: Munkidori|Sludge Wave|p1a: Phione\n|-damage|p1a: Phione|74/293\n|move|p1a: Phione|Scald|p2a: Munkidori\n|-damage|p2a: Munkidori|83/269 brn\n|\n|-damage|p2a: Munkidori|67/269 brn|[from] brn\n|-end|p1a: Phione|move: Heal Block\n|upkeep\n|turn|6\n|\n|t:|1781410477\n|switch|p1a: Groudon|Groudon, L72|263/263\n|-weather|SunnyDay|[from] ability: Drought|[of] p1a: Groudon\n|move|p2a: Munkidori|Sludge Wave|p1a: Groudon\n|-resisted|p1a: Groudon\n|-damage|p1a: Groudon|198/263\n|\n|-weather|SunnyDay|[upkeep]\n|-heal|p1a: Groudon|214/263|[from] item: Leftovers\n|-damage|p2a: Munkidori|51/269 brn|[from] brn\n|upkeep\n|turn|7\n|\n|t:|1781410482\n|move|p2a: Munkidori|U-turn|p1a: Groudon\n|-damage|p1a: Groudon|199/263\n|-status|p1a: Groudon|tox|[from] ability: Toxic Chain|[of] p2a: Munkidori\n|\n|t:|1781410487\n|switch|p2a: Charizard|Charizard, L85, M|271/271|[from] U-turn\n|move|p1a: Groudon|Stealth Rock|p2a: Charizard\n|-sidestart|p2: euphoricpoptarts|move: Stealth Rock\n|\n|-weather|SunnyDay|[upkeep]\n|-heal|p1a: Groudon|215/263 tox|[from] item: Leftovers\n|-damage|p1a: Groudon|199/263 tox|[from] psn\n|upkeep\n|turn|8\n|\n|t:|1781410495\n|move|p2a: Charizard|Flamethrower|p1a: Groudon\n|-damage|p1a: Groudon|12/263 tox\n|move|p1a: Groudon|Spikes|p2a: Charizard\n|-sidestart|p2: euphoricpoptarts|Spikes\n|\n|-weather|SunnyDay|[upkeep]\n|-heal|p1a: Groudon|28/263 tox|[from] item: Leftovers\n|-damage|p1a: Groudon|0 fnt|[from] psn\n|faint|p1a: Groudon\n|upkeep\n|\n|t:|1781410514\n|switch|p1a: Polteageist|Polteageist-Antique, L78|222/222\n|turn|9\n|\n|t:|1781410519\n|move|p2a: Charizard|Flamethrower|p1a: Polteageist\n|-damage|p1a: Polteageist|81/222\n|-start|p2a: Charizard|Disable|Flamethrower|[from] ability: Cursed Body|[of] p1a: Polteageist\n|move|p1a: Polteageist|Shadow Ball|p2a: Charizard\n|-damage|p2a: Charizard|174/271\n|\n|-weather|SunnyDay|[upkeep]\n|upkeep\n|turn|10\n|\n|t:|1781410525\n|move|p2a: Charizard|Earthquake|p1a: Polteageist\n|-damage|p1a: Polteageist|0 fnt\n|faint|p1a: Polteageist\n|\n|-weather|none\n|upkeep\n|\n|t:|1781410535\n|switch|p1a: Urshifu|Urshifu, L74, F|270/270\n|turn|11\n|\n|t:|1781410541\n|move|p2a: Charizard|Focus Blast|p1a: Urshifu\n|-supereffective|p1a: Urshifu\n|-damage|p1a: Urshifu|2/270\n|move|p1a: Urshifu|Wicked Blow|p2a: Charizard\n|-crit|p2a: Charizard\n|-damage|p2a: Charizard|10/271\n|-damage|p1a: Urshifu|0 fnt|[from] item: Life Orb\n|faint|p1a: Urshifu\n|\n|upkeep\n|-message|itsbaloney forfeited.\n|\n|win|euphoricpoptarts\n", "uploadtime": 1781410402, "views": 3, "formatid": "gen9randombattle", "rating": null, "private": 0, "password": null}