{"id": "gen9randombattle-2631831243", "format": "[Gen 9] Random Battle", "players": ["Smemona", "z3v"], "log": "|j|\u2606Smemona\n|j|\u2606z3v\n|t:|1781445689\n|gametype|singles\n|player|p1|Smemona|169|\n|player|p2|z3v|n|\n|gen|9\n|tier|[Gen 9] Random Battle\n|rule|Species Clause: Limit one of each Pok\u00e9mon\n|rule|HP Percentage Mod: HP is shown in percentages\n|rule|Sleep Clause Mod: Limit one foe put to sleep\n|rule|Illusion Level Mod: Illusion disguises the Pok\u00e9mon's true level\n|\n|t:|1781445689\n|teamsize|p1|6\n|teamsize|p2|6\n|start\n|switch|p1a: Gliscor|Gliscor, L76, F|239/239\n|switch|p2a: Braviary|Braviary-Hisui, L85, M|326/326\n|turn|1\n|\n|t:|1781445700\n|move|p1a: Gliscor|Toxic|p2a: Braviary\n|-status|p2a: Braviary|tox\n|move|p2a: Braviary|Psychic|p1a: Gliscor\n|-damage|p1a: Gliscor|0 fnt\n|faint|p1a: Gliscor\n|\n|-damage|p2a: Braviary|306/326 tox|[from] psn\n|upkeep\n|\n|t:|1781445711\n|switch|p1a: Brambleghast|Brambleghast, L88, F|240/240\n|turn|2\n|\n|t:|1781445722\n|move|p1a: Brambleghast|Poltergeist|p2a: Braviary\n|-activate|p2a: Braviary|move: Poltergeist|Life Orb\n|-supereffective|p2a: Braviary\n|-damage|p2a: Braviary|0 fnt\n|faint|p2a: Braviary\n|\n|upkeep\n|\n|t:|1781445733\n|switch|p2a: Slowking|Slowking-Galar, L85, M|300/300\n|turn|3\n|\n|t:|1781445737\n|move|p1a: Brambleghast|Spikes|p2a: Slowking\n|-sidestart|p2: z3v|Spikes\n|move|p2a: Slowking|Fire Blast|p1a: Brambleghast|[miss]\n|-miss|p2a: Slowking|p1a: Brambleghast\n|\n|upkeep\n|turn|4\n|\n|t:|1781445745\n|move|p1a: Brambleghast|Poltergeist|p2a: Slowking|[miss]\n|-miss|p1a: Brambleghast|p2a: Slowking\n|move|p2a: Slowking|Fire Blast|p1a: Brambleghast\n|-supereffective|p1a: Brambleghast\n|-damage|p1a: Brambleghast|34/240\n|\n|-heal|p1a: Brambleghast|49/240|[from] item: Leftovers\n|upkeep\n|turn|5\n|\n|t:|1781445759\n|move|p1a: Brambleghast|Poltergeist|p2a: Slowking\n|-activate|p2a: Slowking|move: Poltergeist|Leftovers\n|-supereffective|p2a: Slowking\n|-damage|p2a: Slowking|0 fnt\n|faint|p2a: Slowking\n|\n|-heal|p1a: Brambleghast|64/240|[from] item: Leftovers\n|upkeep\n|\n|t:|1781445772\n|switch|p2a: Grafaiai|Grafaiai, L86, F|249/249\n|-damage|p2a: Grafaiai|218/249|[from] Spikes\n|turn|6\n|\n|t:|1781445783\n|move|p2a: Grafaiai|Gunk Shot|p1a: Brambleghast|[miss]\n|-miss|p2a: Grafaiai|p1a: Brambleghast\n|move|p1a: Brambleghast|Strength Sap|p2a: Grafaiai\n|-unboost|p2a: Grafaiai|atk|1\n|-heal|p1a: Brambleghast|240/240\n|\n|upkeep\n|turn|7\n|\n|t:|1781445792\n|move|p2a: Grafaiai|Gunk Shot|p1a: Brambleghast\n|-damage|p1a: Brambleghast|110/240\n|-status|p1a: Brambleghast|psn\n|-damage|p2a: Grafaiai|194/249|[from] item: Life Orb\n|move|p1a: Brambleghast|Poltergeist|p2a: Grafaiai\n|-immune|p2a: Grafaiai\n|\n|-heal|p1a: Brambleghast|125/240 psn|[from] item: Leftovers\n|-damage|p1a: Brambleghast|95/240 psn|[from] psn\n|upkeep\n|turn|8\n|\n|t:|1781445808\n|move|p2a: Grafaiai|Swords Dance|p2a: Grafaiai\n|-boost|p2a: Grafaiai|atk|2\n|move|p1a: Brambleghast|Strength Sap|p2a: Grafaiai\n|-unboost|p2a: Grafaiai|atk|1\n|-heal|p1a: Brambleghast|240/240 psn\n|\n|-damage|p1a: Brambleghast|210/240 psn|[from] psn\n|upkeep\n|turn|9\n|\n|t:|1781445820\n|move|p2a: Grafaiai|Gunk Shot|p1a: Brambleghast\n|-damage|p1a: Brambleghast|6/240 psn\n|-damage|p2a: Grafaiai|170/249|[from] item: Life Orb\n|move|p1a: Brambleghast|Power Whip|p2a: Grafaiai\n|-resisted|p2a: Grafaiai\n|-damage|p2a: Grafaiai|72/249\n|\n|-heal|p1a: Brambleghast|21/240 psn|[from] item: Leftovers\n|-damage|p1a: Brambleghast|0 fnt|[from] psn\n|faint|p1a: Brambleghast\n|upkeep\n|\n|t:|1781445836\n|switch|p1a: Piloswine|Piloswine, L85, M|309/309\n|turn|10\n|\n|t:|1781445842\n|move|p2a: Grafaiai|Low Kick|p1a: Piloswine\n|-supereffective|p1a: Piloswine\n|-damage|p1a: Piloswine|195/309\n|-damage|p2a: Grafaiai|48/249|[from] item: Life Orb\n|move|p1a: Piloswine|Earthquake|p2a: Grafaiai\n|-supereffective|p2a: Grafaiai\n|-damage|p2a: Grafaiai|0 fnt\n|faint|p2a: Grafaiai\n|\n|upkeep\n|\n|t:|1781445851\n|switch|p2a: Chansey|Chansey, L85, F|564/564\n|-damage|p2a: Chansey|494/564|[from] Spikes\n|turn|11\n|\n|t:|1781445861\n|move|p1a: Piloswine|Icicle Crash|p2a: Chansey\n|-damage|p2a: Chansey|266/564\n|move|p2a: Chansey|Seismic Toss|p1a: Piloswine\n|-damage|p1a: Piloswine|110/309\n|\n|upkeep\n|turn|12\n|\n|t:|1781445870\n|move|p1a: Piloswine|Earthquake|p2a: Chansey\n|-damage|p2a: Chansey|4/564\n|move|p2a: Chansey|Soft-Boiled|p2a: Chansey\n|-heal|p2a: Chansey|286/564\n|\n|upkeep\n|turn|13\n|\n|t:|1781445875\n|move|p2a: Chansey|Soft-Boiled|p2a: Chansey\n|-heal|p2a: Chansey|564/564\n|move|p1a: Piloswine|Earthquake|p2a: Chansey\n|-damage|p2a: Chansey|321/564\n|\n|upkeep\n|turn|14\n|\n|t:|1781445886\n|move|p1a: Piloswine|Earthquake|p2a: Chansey\n|-damage|p2a: Chansey|56/564\n|move|p2a: Chansey|Stealth Rock|p1a: Piloswine\n|-sidestart|p1: Smemona|move: Stealth Rock\n|\n|upkeep\n|turn|15\n|\n|t:|1781445892\n|move|p2a: Chansey|Soft-Boiled|p2a: Chansey\n|-heal|p2a: Chansey|338/564\n|move|p1a: Piloswine|Earthquake|p2a: Chansey\n|-damage|p2a: Chansey|79/564\n|\n|upkeep\n|turn|16\n|\n|t:|1781445898\n|move|p1a: Piloswine|Ice Shard|p2a: Chansey\n|-damage|p2a: Chansey|0 fnt\n|faint|p2a: Chansey\n|\n|upkeep\n|\n|t:|1781445910\n|switch|p2a: Galvantula|Galvantula, L82, F|249/249\n|turn|17\n|\n|t:|1781445919\n|move|p2a: Galvantula|Bug Buzz|p1a: Piloswine\n|-damage|p1a: Piloswine|31/309\n|move|p1a: Piloswine|Earthquake|p2a: Galvantula\n|-damage|p2a: Galvantula|107/249\n|\n|upkeep\n|turn|18\n|\n|t:|1781445928\n|move|p1a: Piloswine|Ice Shard|p2a: Galvantula\n|-crit|p2a: Galvantula\n|-damage|p2a: Galvantula|16/249\n|move|p2a: Galvantula|Bug Buzz|p1a: Piloswine\n|-damage|p1a: Piloswine|0 fnt\n|faint|p1a: Piloswine\n|\n|upkeep\n|\n|t:|1781445940\n|switch|p1a: Porygon-Z|Porygon-Z, L83|277/277\n|-damage|p1a: Porygon-Z|243/277|[from] Stealth Rock\n|turn|19\n|\n|t:|1781445949\n|move|p2a: Galvantula|Thunder|p1a: Porygon-Z\n|-damage|p1a: Porygon-Z|128/277\n|move|p1a: Porygon-Z|Shadow Ball|p2a: Galvantula\n|-damage|p2a: Galvantula|0 fnt\n|faint|p2a: Galvantula\n|-damage|p1a: Porygon-Z|101/277|[from] item: Life Orb\n|\n|upkeep\n|\n|t:|1781445955\n|switch|p2a: Ampharos|Ampharos, L88, M|302/302\n|-damage|p2a: Ampharos|265/302|[from] Spikes\n|turn|20\n|\n|t:|1781445967\n|-terastallize|p1a: Porygon-Z|Fighting\n|move|p1a: Porygon-Z|Tera Blast|p2a: Ampharos|[anim] Tera Blast Fighting\n|-damage|p2a: Ampharos|153/302\n|-damage|p1a: Porygon-Z|74/277|[from] item: Life Orb\n|move|p2a: Ampharos|Dazzling Gleam|p1a: Porygon-Z\n|-supereffective|p1a: Porygon-Z\n|-damage|p1a: Porygon-Z|0 fnt\n|faint|p1a: Porygon-Z\n|\n|upkeep\n|\n|t:|1781445976\n|switch|p1a: Rabsca|Rabsca, L91, M|284/284\n|turn|21\n|\n|t:|1781445983\n|move|p2a: Ampharos|Dazzling Gleam|p1a: Rabsca\n|-damage|p1a: Rabsca|220/284\n|move|p1a: Rabsca|Psychic|p2a: Ampharos\n|-damage|p2a: Ampharos|69/302\n|\n|upkeep\n|turn|22\n|\n|t:|1781446001\n|-terastallize|p2a: Ampharos|Fairy\n|move|p2a: Ampharos|Dazzling Gleam|p1a: Rabsca\n|-damage|p1a: Rabsca|132/284\n|move|p1a: Rabsca|Bug Buzz|p2a: Ampharos\n|-resisted|p2a: Ampharos\n|-damage|p2a: Ampharos|27/302\n|\n|upkeep\n|turn|23\n|\n|t:|1781446015\n|move|p2a: Ampharos|Dazzling Gleam|p1a: Rabsca\n|-damage|p1a: Rabsca|35/284\n|move|p1a: Rabsca|Recover|p1a: Rabsca\n|-heal|p1a: Rabsca|177/284\n|\n|upkeep\n|turn|24\n|\n|t:|1781446022\n|move|p2a: Ampharos|Dazzling Gleam|p1a: Rabsca\n|-damage|p1a: Rabsca|81/284\n|move|p1a: Rabsca|Psychic|p2a: Ampharos\n|-damage|p2a: Ampharos|0 fnt\n|faint|p2a: Ampharos\n|\n|win|Smemona\n|l|\u2606z3v\n|player|p2|\n", "uploadtime": 1781446029, "views": 2, "formatid": "gen9randombattle", "rating": null, "private": 0, "password": null}