{"id": "gen9randombattle-2631377278", "format": "[Gen 9] Random Battle", "players": ["myriadrivers", "misty's magic"], "log": "|j|\u2606myriadrivers\n|j|\u2606misty's magic\n|t:|1781377464\n|gametype|singles\n|player|p1|myriadrivers|miku-ice|1902\n|player|p2|misty's magic|169|1969\n|gen|9\n|tier|[Gen 9] Random Battle\n|rated|\n|rule|Species Clause: Limit one of each Pok\u00e9mon\n|rule|HP Percentage Mod: HP is shown in percentages\n|rule|Sleep Clause Mod: Limit one foe put to sleep\n|rule|Illusion Level Mod: Illusion disguises the Pok\u00e9mon's true level\n|\n|t:|1781377464\n|teamsize|p1|6\n|teamsize|p2|6\n|start\n|switch|p1a: Passimian|Passimian, L83, M|302/302\n|switch|p2a: Minun|Minun, L95, M|268/268\n|turn|1\n|\n|t:|1781377474\n|move|p1a: Passimian|Close Combat|p2a: Minun\n|-damage|p2a: Minun|85/268\n|-unboost|p1a: Passimian|def|1\n|-unboost|p1a: Passimian|spd|1\n|move|p2a: Minun|Nasty Plot|p2a: Minun\n|-boost|p2a: Minun|spa|2\n|\n|upkeep\n|turn|2\n|inactive|Battle timer is ON: inactive players will automatically lose when time's up. (requested by myriadrivers)\n|\n|t:|1781377481\n|switch|p2a: Clodsire|Clodsire, L81, M|343/343\n|move|p1a: Passimian|Close Combat|p2a: Clodsire\n|-resisted|p2a: Clodsire\n|-damage|p2a: Clodsire|236/343\n|-unboost|p1a: Passimian|def|1\n|-unboost|p1a: Passimian|spd|1\n|\n|-heal|p2a: Clodsire|257/343|[from] item: Leftovers\n|upkeep\n|turn|3\n|\n|t:|1781377509\n|switch|p1a: Cresselia|Cresselia, L80, F|323/323\n|move|p2a: Clodsire|Stealth Rock|p1a: Cresselia\n|-sidestart|p1: myriadrivers|move: Stealth Rock\n|\n|-heal|p2a: Clodsire|278/343|[from] item: Leftovers\n|upkeep\n|turn|4\n|\n|t:|1781377520\n|switch|p2a: Minun|Minun, L95, M|85/268\n|-terastallize|p1a: Cresselia|Steel\n|move|p1a: Cresselia|Calm Mind|p1a: Cresselia\n|-boost|p1a: Cresselia|spa|1\n|-boost|p1a: Cresselia|spd|1\n|\n|upkeep\n|turn|5\n|\n|t:|1781377530\n|switch|p1a: Passimian|Passimian, L83, M|302/302\n|-damage|p1a: Passimian|284/302|[from] Stealth Rock\n|move|p2a: Minun|Encore||[still]\n|-fail|p2a: Minun\n|\n|upkeep\n|turn|6\n|\n|t:|1781377538\n|switch|p2a: Clodsire|Clodsire, L81, M|278/343\n|move|p1a: Passimian|Knock Off|p2a: Clodsire\n|-damage|p2a: Clodsire|178/343\n|-enditem|p2a: Clodsire|Leftovers|[from] move: Knock Off|[of] p1a: Passimian\n|\n|upkeep\n|turn|7\n|\n|t:|1781377549\n|switch|p1a: Cresselia|Cresselia, L80, F, tera:Steel|323/323\n|-damage|p1a: Cresselia|303/323|[from] Stealth Rock\n|switch|p2a: Poliwrath|Poliwrath, L88, M|302/302\n|\n|-heal|p1a: Cresselia|323/323|[from] item: Leftovers\n|upkeep\n|turn|8\n|\n|t:|1781377562\n|switch|p1a: Florges|Florges, L85, F|271/271\n|-damage|p1a: Florges|238/271|[from] Stealth Rock\n|move|p2a: Poliwrath|Bulk Up|p2a: Poliwrath\n|-boost|p2a: Poliwrath|atk|1\n|-boost|p2a: Poliwrath|def|1\n|\n|-heal|p1a: Florges|254/271|[from] item: Leftovers\n|upkeep\n|turn|9\n|\n|t:|1781377572\n|switch|p2a: Clodsire|Clodsire, L81, M|178/343\n|move|p1a: Florges|Moonblast|p2a: Clodsire\n|-resisted|p2a: Clodsire\n|-damage|p2a: Clodsire|127/343\n|\n|-heal|p1a: Florges|270/271|[from] item: Leftovers\n|upkeep\n|turn|10\n|\n|t:|1781377584\n|switch|p1a: Cresselia|Cresselia, L80, F, tera:Steel|323/323\n|-damage|p1a: Cresselia|303/323|[from] Stealth Rock\n|move|p2a: Clodsire|Recover|p2a: Clodsire\n|-heal|p2a: Clodsire|299/343\n|\n|-heal|p1a: Cresselia|323/323|[from] item: Leftovers\n|upkeep\n|turn|11\n|\n|t:|1781377599\n|switch|p2a: Persian|Persian, L92, M|269/269\n|move|p1a: Cresselia|Calm Mind|p1a: Cresselia\n|-boost|p1a: Cresselia|spa|1\n|-boost|p1a: Cresselia|spd|1\n|\n|upkeep\n|turn|12\n|\n|t:|1781377605\n|move|p2a: Persian|Fake Out|p1a: Cresselia\n|-resisted|p1a: Cresselia\n|-damage|p1a: Cresselia|290/323\n|cant|p1a: Cresselia|flinch\n|\n|-heal|p1a: Cresselia|310/323|[from] item: Leftovers\n|upkeep\n|turn|13\n|\n|t:|1781377611\n|move|p2a: Persian|Knock Off|p1a: Cresselia\n|-damage|p1a: Cresselia|256/323\n|-enditem|p1a: Cresselia|Leftovers|[from] move: Knock Off|[of] p2a: Persian\n|move|p1a: Cresselia|Psyshock|p2a: Persian\n|-damage|p2a: Persian|145/269\n|\n|upkeep\n|turn|14\n|\n|t:|1781377621\n|move|p2a: Persian|U-turn|p1a: Cresselia\n|-resisted|p1a: Cresselia\n|-damage|p1a: Cresselia|235/323\n|\n|t:|1781377623\n|switch|p2a: Minun|Minun, L95, M|85/268|[from] U-turn\n|move|p1a: Cresselia|Psyshock|p2a: Minun\n|-damage|p2a: Minun|0 fnt\n|faint|p2a: Minun\n|\n|upkeep\n|\n|t:|1781377624\n|switch|p2a: Poliwrath|Poliwrath, L88, M|302/302\n|turn|15\n|\n|t:|1781377632\n|switch|p1a: Florges|Florges, L85, F|270/271\n|-damage|p1a: Florges|237/271|[from] Stealth Rock\n|move|p2a: Poliwrath|Drain Punch|p1a: Florges\n|-resisted|p1a: Florges\n|-damage|p1a: Florges|189/271\n|\n|-heal|p1a: Florges|205/271|[from] item: Leftovers\n|upkeep\n|turn|16\n|\n|t:|1781377640\n|switch|p1a: Cresselia|Cresselia, L80, F, tera:Steel|235/323\n|-damage|p1a: Cresselia|215/323|[from] Stealth Rock\n|switch|p2a: Clodsire|Clodsire, L81, M|299/343\n|\n|upkeep\n|turn|17\n|\n|t:|1781377648\n|switch|p2a: Poliwrath|Poliwrath, L88, M|302/302\n|move|p1a: Cresselia|Psyshock|p2a: Poliwrath\n|-supereffective|p2a: Poliwrath\n|-damage|p2a: Poliwrath|186/302\n|\n|-heal|p2a: Poliwrath|204/302|[from] item: Leftovers\n|upkeep\n|turn|18\n|\n|t:|1781377655\n|switch|p1a: Florges|Florges, L85, F|205/271\n|-damage|p1a: Florges|172/271|[from] Stealth Rock\n|move|p2a: Poliwrath|Liquidation|p1a: Florges\n|-damage|p1a: Florges|54/271\n|\n|-heal|p1a: Florges|70/271|[from] item: Leftovers\n|-heal|p2a: Poliwrath|222/302|[from] item: Leftovers\n|upkeep\n|turn|19\n|\n|t:|1781377663\n|switch|p1a: Cresselia|Cresselia, L80, F, tera:Steel|215/323\n|-damage|p1a: Cresselia|195/323|[from] Stealth Rock\n|switch|p2a: Clodsire|Clodsire, L81, M|299/343\n|\n|upkeep\n|turn|20\n|\n|t:|1781377670\n|switch|p2a: Poliwrath|Poliwrath, L88, M|222/302\n|move|p1a: Cresselia|Psyshock|p2a: Poliwrath\n|-supereffective|p2a: Poliwrath\n|-damage|p2a: Poliwrath|96/302\n|\n|-heal|p2a: Poliwrath|114/302|[from] item: Leftovers\n|upkeep\n|turn|21\n|\n|t:|1781377677\n|move|p1a: Cresselia|Psyshock|p2a: Poliwrath\n|-supereffective|p2a: Poliwrath\n|-damage|p2a: Poliwrath|4/302\n|move|p2a: Poliwrath|Drain Punch|p1a: Cresselia\n|-supereffective|p1a: Cresselia\n|-damage|p1a: Cresselia|27/323\n|-heal|p2a: Poliwrath|88/302|[from] drain|[of] p1a: Cresselia\n|\n|-heal|p2a: Poliwrath|106/302|[from] item: Leftovers\n|upkeep\n|turn|22\n|\n|t:|1781377686\n|move|p1a: Cresselia|Psyshock|p2a: Poliwrath\n|-supereffective|p2a: Poliwrath\n|-damage|p2a: Poliwrath|0 fnt\n|faint|p2a: Poliwrath\n|\n|upkeep\n|\n|t:|1781377689\n|switch|p2a: Persian|Persian, L92, M|145/269\n|turn|23\n|\n|t:|1781377700\n|switch|p1a: Coalossal|Coalossal, L89, F|341/341\n|move|p2a: Persian|Double-Edge|p1a: Coalossal\n|-resisted|p1a: Coalossal\n|-damage|p1a: Coalossal|292/341\n|-damage|p2a: Persian|129/269|[from] Recoil\n|\n|upkeep\n|turn|24\n|\n|t:|1781377723\n|move|p2a: Persian|U-turn|p1a: Coalossal\n|-resisted|p1a: Coalossal\n|-damage|p1a: Coalossal|276/341\n|\n|t:|1781377725\n|switch|p2a: Clodsire|Clodsire, L81, M|299/343|[from] U-turn\n|move|p1a: Coalossal|Rapid Spin|p2a: Clodsire\n|-damage|p2a: Clodsire|254/343\n|-boost|p1a: Coalossal|spe|1\n|-sideend|p1: myriadrivers|Stealth Rock|[from] move: Rapid Spin|[of] p1a: Coalossal\n|\n|upkeep\n|turn|25\n|\n|t:|1781377733\n|switch|p1a: Cresselia|Cresselia, L80, F, tera:Steel|27/323\n|switch|p2a: Palkia|Palkia-Origin, L72|249/249\n|-ability|p2a: Palkia|Pressure\n|\n|upkeep\n|turn|26\n|\n|t:|1781377740\n|switch|p1a: Florges|Florges, L85, F|70/271\n|move|p2a: Palkia|Fire Blast|p1a: Florges\n|-damage|p1a: Florges|17/271\n|\n|-heal|p1a: Florges|33/271|[from] item: Leftovers\n|upkeep\n|turn|27\n|\n|t:|1781377749\n|move|p2a: Palkia|Hydro Pump|p1a: Florges\n|-damage|p1a: Florges|0 fnt\n|faint|p1a: Florges\n|\n|upkeep\n|\n|t:|1781377757\n|switch|p1a: Ludicolo|Ludicolo, L90, F|290/290\n|turn|28\n|\n|t:|1781377763\n|move|p2a: Palkia|Thunder Wave|p1a: Ludicolo\n|-status|p1a: Ludicolo|par\n|move|p1a: Ludicolo|Giga Drain|p2a: Palkia\n|-damage|p2a: Palkia|125/249\n|\n|upkeep\n|turn|29\n|\n|t:|1781377768\n|switch|p2a: Clodsire|Clodsire, L81, M|254/343\n|move|p1a: Ludicolo|Giga Drain|p2a: Clodsire\n|-damage|p2a: Clodsire|134/343\n|\n|upkeep\n|turn|30\n|\n|t:|1781377774\n|switch|p2a: Palkia|Palkia-Origin, L72|125/249\n|-ability|p2a: Palkia|Pressure\n|move|p1a: Ludicolo|Giga Drain|p2a: Palkia\n|-damage|p2a: Palkia|14/249\n|\n|upkeep\n|turn|31\n|\n|t:|1781377780\n|move|p2a: Palkia|Draco Meteor|p1a: Ludicolo\n|-damage|p1a: Ludicolo|136/290 par\n|-unboost|p2a: Palkia|spa|2\n|move|p1a: Ludicolo|Giga Drain|p2a: Palkia\n|-damage|p2a: Palkia|0 fnt\n|-heal|p1a: Ludicolo|143/290 par|[from] drain|[of] p2a: Palkia\n|faint|p2a: Palkia\n|\n|upkeep\n|\n|t:|1781377784\n|switch|p2a: Persian|Persian, L92, M|129/269\n|turn|32\n|\n|t:|1781377790\n|switch|p1a: Coalossal|Coalossal, L89, F|276/341\n|move|p2a: Persian|U-turn|p1a: Coalossal\n|-resisted|p1a: Coalossal\n|-damage|p1a: Coalossal|260/341\n|\n|t:|1781377792\n|switch|p2a: Golem|Golem-Alola, L93, F|300/300|[from] U-turn\n|\n|upkeep\n|turn|33\n|\n|t:|1781377817\n|switch|p1a: Ludicolo|Ludicolo, L90, F|143/290 par\n|move|p2a: Golem|Stone Edge|p1a: Ludicolo\n|-damage|p1a: Ludicolo|0 fnt\n|faint|p1a: Ludicolo\n|\n|upkeep\n|\n|t:|1781377824\n|switch|p1a: Passimian|Passimian, L83, M|284/302\n|turn|34\n|-message|misty's magic forfeited.\n|\n|win|myriadrivers\n|raw|myriadrivers's rating: 1902 &rarr; <strong>1926</strong><br />(+24 for winning)\n|raw|misty&apos;s magic's rating: 1969 &rarr; <strong>1945</strong><br />(-24 for losing)\n|l|\u2606misty's magic\n|player|p2|\n", "uploadtime": 1781377465, "views": 7, "formatid": "gen9randombattle", "rating": 1926, "private": 0, "password": null}