{"id": "gen9randombattle-2631794406", "format": "[Gen 9] Random Battle", "players": ["paradixx", "sev04"], "log": "|j|\u2606paradixx\n|j|\u2606sev04\n|t:|1781440680\n|gametype|singles\n|player|p1|paradixx|2|1670\n|player|p2|sev04|265|1700\n|gen|9\n|tier|[Gen 9] Random Battle\n|rated|\n|rule|Species Clause: Limit one of each Pok\u00e9mon\n|rule|HP Percentage Mod: HP is shown in percentages\n|rule|Sleep Clause Mod: Limit one foe put to sleep\n|rule|Illusion Level Mod: Illusion disguises the Pok\u00e9mon's true level\n|\n|t:|1781440680\n|teamsize|p1|6\n|teamsize|p2|6\n|start\n|switch|p1a: Ting-Lu|Ting-Lu, L78|370/370\n|switch|p2a: Carbink|Carbink, L90|236/236\n|-ability|p1a: Ting-Lu|Vessel of Ruin\n|turn|1\n|inactive|Battle timer is ON: inactive players will automatically lose when time's up. (requested by paradixx)\n|\n|t:|1781440693\n|move|p2a: Carbink|Iron Defense|p2a: Carbink\n|-boost|p2a: Carbink|def|2\n|move|p1a: Ting-Lu|Spikes|p2a: Carbink\n|-sidestart|p2: sev04|Spikes\n|\n|upkeep\n|turn|2\n|\n|t:|1781440702\n|switch|p1a: Vaporeon|Vaporeon, L86, F|364/364\n|move|p2a: Carbink|Body Press|p1a: Vaporeon\n|-damage|p1a: Vaporeon|125/364\n|\n|-heal|p1a: Vaporeon|147/364|[from] item: Leftovers\n|upkeep\n|turn|3\n|\n|t:|1781440710\n|move|p1a: Vaporeon|Protect|p1a: Vaporeon\n|-singleturn|p1a: Vaporeon|Protect\n|move|p2a: Carbink|Body Press|p1a: Vaporeon\n|-activate|p1a: Vaporeon|move: Protect\n|\n|-heal|p1a: Vaporeon|169/364|[from] item: Leftovers\n|upkeep\n|turn|4\n|\n|t:|1781440715\n|-terastallize|p1a: Vaporeon|Poison\n|move|p1a: Vaporeon|Scald|p2a: Carbink\n|-supereffective|p2a: Carbink\n|-damage|p2a: Carbink|114/236\n|move|p2a: Carbink|Body Press|p1a: Vaporeon\n|-resisted|p1a: Vaporeon\n|-damage|p1a: Vaporeon|47/364\n|\n|-heal|p1a: Vaporeon|69/364|[from] item: Leftovers\n|upkeep\n|turn|5\n|\n|t:|1781440730\n|-terastallize|p2a: Carbink|Fighting\n|move|p1a: Vaporeon|Protect|p1a: Vaporeon\n|-singleturn|p1a: Vaporeon|Protect\n|move|p2a: Carbink|Rest|p2a: Carbink\n|-status|p2a: Carbink|slp|[from] move: Rest\n|-heal|p2a: Carbink|236/236 slp|[silent]\n|-enditem|p2a: Carbink|Chesto Berry|[eat]\n|-curestatus|p2a: Carbink|slp|[msg]\n|\n|-heal|p1a: Vaporeon|91/364|[from] item: Leftovers\n|upkeep\n|turn|6\n|\n|t:|1781440740\n|switch|p1a: Ting-Lu|Ting-Lu, L78|370/370\n|-ability|p1a: Ting-Lu|Vessel of Ruin\n|move|p2a: Carbink|Iron Defense|p2a: Carbink\n|-boost|p2a: Carbink|def|2\n|\n|upkeep\n|turn|7\n|\n|t:|1781440746\n|switch|p1a: Minun|Minun, L95, M|268/268\n|move|p2a: Carbink|Body Press|p1a: Minun\n|-damage|p1a: Minun|0 fnt\n|faint|p1a: Minun\n|\n|upkeep\n|\n|t:|1781440748\n|switch|p1a: Vaporeon|Vaporeon, L86, F, tera:Poison|91/364\n|turn|8\n|\n|t:|1781440752\n|move|p1a: Vaporeon|Scald|p2a: Carbink\n|-damage|p2a: Carbink|181/236\n|move|p2a: Carbink|Body Press|p1a: Vaporeon\n|-resisted|p1a: Vaporeon\n|-damage|p1a: Vaporeon|0 fnt\n|faint|p1a: Vaporeon\n|\n|upkeep\n|\n|t:|1781440758\n|switch|p1a: Chimecho|Chimecho, L93, M|290/290\n|turn|9\n|\n|t:|1781440766\n|move|p1a: Chimecho|Calm Mind|p1a: Chimecho\n|-boost|p1a: Chimecho|spa|1\n|-boost|p1a: Chimecho|spd|1\n|move|p2a: Carbink|Body Press|p1a: Chimecho\n|-resisted|p1a: Chimecho\n|-damage|p1a: Chimecho|74/290\n|\n|-heal|p1a: Chimecho|92/290|[from] item: Leftovers\n|upkeep\n|turn|10\n|\n|t:|1781440769\n|move|p1a: Chimecho|Recover|p1a: Chimecho\n|-heal|p1a: Chimecho|237/290\n|move|p2a: Carbink|Body Press|p1a: Chimecho\n|-resisted|p1a: Chimecho\n|-damage|p1a: Chimecho|30/290\n|\n|-heal|p1a: Chimecho|48/290|[from] item: Leftovers\n|upkeep\n|turn|11\n|\n|t:|1781440774\n|move|p1a: Chimecho|Dazzling Gleam|p2a: Carbink\n|-supereffective|p2a: Carbink\n|-damage|p2a: Carbink|57/236\n|move|p2a: Carbink|Body Press|p1a: Chimecho\n|-resisted|p1a: Chimecho\n|-damage|p1a: Chimecho|0 fnt\n|faint|p1a: Chimecho\n|\n|upkeep\n|-message|paradixx forfeited.\n|\n|win|sev04\n|raw|paradixx's rating: 1670 &rarr; <strong>1652</strong><br />(-18 for losing)\n|raw|sev04's rating: 1700 &rarr; <strong>1718</strong><br />(+18 for winning)\n|l|\u2606paradixx\n|player|p1|\n", "uploadtime": 1781440821, "views": 3, "formatid": "gen9randombattle", "rating": 1652, "private": 0, "password": null}