{"id": "gen9randombattle-2631556981", "format": "[Gen 9] Random Battle", "players": ["TheFineMantine", "Bigoleg"], "log": "|j|\u2606TheFineMantine\n|j|\u2606Bigoleg\n|t:|1781400940\n|gametype|singles\n|player|p1|TheFineMantine|sordward|2243\n|player|p2|Bigoleg|169|2150\n|gen|9\n|tier|[Gen 9] Random Battle\n|rated|\n|rule|Species Clause: Limit one of each Pok\u00e9mon\n|rule|HP Percentage Mod: HP is shown in percentages\n|rule|Sleep Clause Mod: Limit one foe put to sleep\n|rule|Illusion Level Mod: Illusion disguises the Pok\u00e9mon's true level\n|\n|t:|1781400940\n|teamsize|p1|6\n|teamsize|p2|6\n|start\n|switch|p1a: Vileplume|Vileplume, L85, F|266/266\n|switch|p2a: Palkia|Palkia-Origin, L72|249/249\n|-ability|p2a: Palkia|Pressure\n|turn|1\n|inactive|Battle timer is ON: inactive players will automatically lose when time's up. (requested by Bigoleg)\n|\n|t:|1781400971\n|move|p2a: Palkia|Thunder Wave|p1a: Vileplume\n|-status|p1a: Vileplume|par\n|move|p1a: Vileplume|Sleep Powder|p2a: Palkia\n|-status|p2a: Palkia|slp|[from] move: Sleep Powder\n|\n|upkeep\n|turn|2\n|\n|t:|1781400977\n|cant|p2a: Palkia|slp\n|move|p1a: Vileplume|Sludge Bomb|p2a: Palkia\n|-damage|p2a: Palkia|143/249 slp\n|\n|upkeep\n|turn|3\n|\n|t:|1781400982\n|cant|p2a: Palkia|slp\n|cant|p1a: Vileplume|par\n|\n|upkeep\n|turn|4\n|\n|t:|1781400987\n|cant|p2a: Palkia|slp\n|cant|p1a: Vileplume|par\n|\n|upkeep\n|turn|5\n|\n|t:|1781400989\n|-curestatus|p2a: Palkia|slp|[msg]\n|move|p2a: Palkia|Fire Blast|p1a: Vileplume\n|-supereffective|p1a: Vileplume\n|-damage|p1a: Vileplume|94/266 par\n|move|p1a: Vileplume|Sleep Powder|p2a: Palkia|[miss]\n|-miss|p1a: Vileplume|p2a: Palkia\n|\n|-heal|p1a: Vileplume|110/266 par|[from] item: Leftovers\n|upkeep\n|turn|6\n|\n|t:|1781400996\n|move|p2a: Palkia|Fire Blast|p1a: Vileplume|[miss]\n|-miss|p2a: Palkia|p1a: Vileplume\n|move|p1a: Vileplume|Sleep Powder|p2a: Palkia|[miss]\n|-miss|p1a: Vileplume|p2a: Palkia\n|\n|-heal|p1a: Vileplume|126/266 par|[from] item: Leftovers\n|upkeep\n|turn|7\n|\n|t:|1781401007\n|switch|p1a: Luxray|Luxray, L88, M|284/284\n|-ability|p1a: Luxray|Intimidate|boost\n|-unboost|p2a: Palkia|atk|1\n|move|p2a: Palkia|Fire Blast|p1a: Luxray|[miss]\n|-miss|p2a: Palkia|p1a: Luxray\n|\n|upkeep\n|turn|8\n|\n|t:|1781401015\n|move|p2a: Palkia|Hydro Pump|p1a: Luxray\n|-damage|p1a: Luxray|191/284\n|move|p1a: Luxray|Volt Switch|p2a: Palkia\n|-damage|p2a: Palkia|71/249\n|\n|t:|1781401020\n|switch|p1a: Vileplume|Vileplume, L85, F|126/266 par|[from] Volt Switch\n|\n|-heal|p1a: Vileplume|142/266 par|[from] item: Leftovers\n|upkeep\n|turn|9\n|\n|t:|1781401022\n|switch|p1a: Luxray|Luxray, L88, M|191/284\n|-ability|p1a: Luxray|Intimidate|boost\n|-unboost|p2a: Palkia|atk|1\n|move|p2a: Palkia|Fire Blast|p1a: Luxray\n|-damage|p1a: Luxray|130/284\n|\n|upkeep\n|turn|10\n|\n|t:|1781401025\n|move|p2a: Palkia|Hydro Pump|p1a: Luxray\n|-damage|p1a: Luxray|28/284\n|move|p1a: Luxray|Volt Switch|p2a: Palkia\n|-damage|p2a: Palkia|0 fnt\n|faint|p2a: Palkia\n|\n|t:|1781401028\n|switch|p1a: Vileplume|Vileplume, L85, F|142/266 par|[from] Volt Switch\n|\n|-heal|p1a: Vileplume|158/266 par|[from] item: Leftovers\n|upkeep\n|\n|t:|1781401031\n|switch|p2a: Chandelure|Chandelure, L83, F|235/235\n|turn|11\n|\n|t:|1781401035\n|switch|p1a: Luxray|Luxray, L88, M|28/284\n|-ability|p1a: Luxray|Intimidate|boost\n|-unboost|p2a: Chandelure|atk|1\n|move|p2a: Chandelure|Fire Blast|p1a: Luxray|[miss]\n|-miss|p2a: Chandelure|p1a: Luxray\n|\n|upkeep\n|turn|12\n|\n|t:|1781401040\n|move|p2a: Chandelure|Fire Blast|p1a: Luxray\n|-damage|p1a: Luxray|0 fnt\n|faint|p1a: Luxray\n|\n|upkeep\n|\n|t:|1781401042\n|switch|p1a: Chien-Pao|Chien-Pao, L72|234/234\n|-ability|p1a: Chien-Pao|Sword of Ruin\n|turn|13\n|\n|t:|1781401046\n|move|p2a: Chandelure|Fire Blast|p1a: Chien-Pao\n|-supereffective|p1a: Chien-Pao\n|-damage|p1a: Chien-Pao|0 fnt\n|faint|p1a: Chien-Pao\n|\n|upkeep\n|\n|t:|1781401049\n|switch|p1a: Lapras|Lapras, L87, M|367/367\n|turn|14\n|\n|t:|1781401053\n|move|p2a: Chandelure|Fire Blast|p1a: Lapras\n|-damage|p1a: Lapras|213/367\n|-status|p1a: Lapras|brn\n|move|p1a: Lapras|Dragon Dance|p1a: Lapras\n|-boost|p1a: Lapras|atk|1\n|-boost|p1a: Lapras|spe|1\n|\n|-damage|p1a: Lapras|191/367 brn|[from] brn\n|upkeep\n|turn|15\n|\n|t:|1781401061\n|move|p2a: Chandelure|Fire Blast|p1a: Lapras|[miss]\n|-miss|p2a: Chandelure|p1a: Lapras\n|move|p1a: Lapras|Dragon Dance|p1a: Lapras\n|-boost|p1a: Lapras|atk|1\n|-boost|p1a: Lapras|spe|1\n|\n|-damage|p1a: Lapras|169/367 brn|[from] brn\n|upkeep\n|turn|16\n|\n|t:|1781401066\n|move|p1a: Lapras|Waterfall|p2a: Chandelure\n|-supereffective|p2a: Chandelure\n|-damage|p2a: Chandelure|76/235\n|move|p2a: Chandelure|Fire Blast|p1a: Lapras|[miss]\n|-miss|p2a: Chandelure|p1a: Lapras\n|\n|-damage|p1a: Lapras|147/367 brn|[from] brn\n|upkeep\n|turn|17\n|\n|t:|1781401072\n|move|p1a: Lapras|Earthquake|p2a: Chandelure\n|-supereffective|p2a: Chandelure\n|-damage|p2a: Chandelure|0 fnt\n|faint|p2a: Chandelure\n|\n|-damage|p1a: Lapras|125/367 brn|[from] brn\n|upkeep\n|c|\u2606TheFineMantine|what a weird game dude\n|\n|t:|1781401083\n|switch|p2a: Raikou|Raikou, L81|278/278\n|-ability|p2a: Raikou|Pressure\n|turn|18\n|\n|t:|1781401088\n|switch|p2a: Staraptor|Staraptor, L79, M|263/263\n|move|p1a: Lapras|Earthquake|p2a: Staraptor\n|-immune|p2a: Staraptor\n|\n|-damage|p1a: Lapras|103/367 brn|[from] brn\n|upkeep\n|turn|19\n|c|\u2606Bigoleg|Testify l\n|\n|t:|1781401097\n|move|p2a: Staraptor|Quick Attack|p1a: Lapras\n|-damage|p1a: Lapras|27/367 brn\n|move|p1a: Lapras|Icicle Spear|p2a: Staraptor\n|-supereffective|p2a: Staraptor\n|-damage|p2a: Staraptor|202/263\n|-supereffective|p2a: Staraptor\n|-damage|p2a: Staraptor|142/263\n|-supereffective|p2a: Staraptor\n|-damage|p2a: Staraptor|84/263\n|-supereffective|p2a: Staraptor\n|-damage|p2a: Staraptor|23/263\n|-hitcount|p2a: Staraptor|4\n|\n|-damage|p1a: Lapras|5/367 brn|[from] brn\n|upkeep\n|turn|20\n|\n|t:|1781401108\n|switch|p1a: Vileplume|Vileplume, L85, F|158/266 par\n|move|p2a: Staraptor|Quick Attack|p1a: Vileplume\n|-damage|p1a: Vileplume|94/266 par\n|\n|-heal|p1a: Vileplume|110/266 par|[from] item: Leftovers\n|upkeep\n|turn|21\n|\n|t:|1781401117\n|switch|p2a: Furret|Furret, L94, F|312/312\n|-item|p1a: Vileplume|Leftovers|[from] ability: Frisk|[of] p2a: Furret\n|cant|p1a: Vileplume|par\n|\n|-heal|p1a: Vileplume|126/266 par|[from] item: Leftovers\n|upkeep\n|turn|22\n|c|\u2606TheFineMantine|if it has less than a 30% chance to happen this game its gonna happen\n|\n|t:|1781401146\n|move|p2a: Furret|Double-Edge|p1a: Vileplume\n|-damage|p1a: Vileplume|0 fnt\n|-status|p2a: Furret|psn|[from] ability: Effect Spore|[of] p1a: Vileplume\n|faint|p1a: Vileplume\n|-damage|p2a: Furret|270/312 psn|[from] Recoil\n|\n|-damage|p2a: Furret|231/312 psn|[from] psn\n|upkeep\n|inactive|TheFineMantine has 120 seconds left.\n|c|\u2606TheFineMantine|thanks for the timing effect spore\n|\n|t:|1781401158\n|switch|p1a: Lapras|Lapras, L87, M|5/367 brn\n|turn|23\n|\n|t:|1781401162\n|move|p2a: Furret|Double-Edge|p1a: Lapras\n|-damage|p1a: Lapras|0 fnt\n|faint|p1a: Lapras\n|-damage|p2a: Furret|229/312 psn|[from] Recoil\n|\n|-damage|p2a: Furret|190/312 psn|[from] psn\n|upkeep\n|\n|t:|1781401166\n|switch|p1a: Hippowdon|Hippowdon, L82, F|311/311\n|-weather|Sandstorm|[from] ability: Sand Stream|[of] p1a: Hippowdon\n|turn|24\n|\n|t:|1781401168\n|move|p2a: Furret|Double-Edge|p1a: Hippowdon\n|-damage|p1a: Hippowdon|163/311\n|-damage|p2a: Furret|141/312 psn|[from] Recoil\n|move|p1a: Hippowdon|Stealth Rock|p2a: Furret\n|-sidestart|p2: Bigoleg|move: Stealth Rock\n|\n|-weather|Sandstorm|[upkeep]\n|-damage|p2a: Furret|122/312 psn|[from] Sandstorm\n|-heal|p1a: Hippowdon|182/311|[from] item: Leftovers\n|-damage|p2a: Furret|83/312 psn|[from] psn\n|upkeep\n|turn|25\n|\n|t:|1781401172\n|move|p2a: Furret|Double-Edge|p1a: Hippowdon\n|-damage|p1a: Hippowdon|16/311\n|-damage|p2a: Furret|28/312 psn|[from] Recoil\n|move|p1a: Hippowdon|Slack Off|p1a: Hippowdon\n|-heal|p1a: Hippowdon|172/311\n|\n|-weather|Sandstorm|[upkeep]\n|-damage|p2a: Furret|9/312 psn|[from] Sandstorm\n|-heal|p1a: Hippowdon|191/311|[from] item: Leftovers\n|-damage|p2a: Furret|0 fnt|[from] psn\n|faint|p2a: Furret\n|upkeep\n|\n|t:|1781401183\n|switch|p2a: Sandaconda|Sandaconda, L84, M|258/258\n|-damage|p2a: Sandaconda|242/258|[from] Stealth Rock\n|turn|26\n|\n|t:|1781401188\n|move|p2a: Sandaconda|Coil|p2a: Sandaconda\n|-boost|p2a: Sandaconda|atk|1\n|-boost|p2a: Sandaconda|def|1\n|-boost|p2a: Sandaconda|accuracy|1\n|move|p1a: Hippowdon|Whirlwind|p2a: Sandaconda\n|drag|p2a: Staraptor|Staraptor, L79, M|23/263\n|-damage|p2a: Staraptor|0 fnt|[from] Stealth Rock\n|faint|p2a: Staraptor\n|\n|-weather|Sandstorm|[upkeep]\n|-heal|p1a: Hippowdon|210/311|[from] item: Leftovers\n|upkeep\n|\n|t:|1781401193\n|switch|p2a: Raikou|Raikou, L81|278/278\n|-damage|p2a: Raikou|244/278|[from] Stealth Rock\n|-ability|p2a: Raikou|Pressure\n|turn|27\n|\n|t:|1781401197\n|switch|p1a: Venusaur|Venusaur, L84, F|272/272\n|move|p2a: Raikou|Calm Mind|p2a: Raikou\n|-boost|p2a: Raikou|spa|1\n|-boost|p2a: Raikou|spd|1\n|\n|-weather|Sandstorm|[upkeep]\n|-damage|p2a: Raikou|227/278|[from] Sandstorm\n|-damage|p1a: Venusaur|255/272|[from] Sandstorm\n|-heal|p2a: Raikou|244/278|[from] item: Leftovers\n|-heal|p1a: Venusaur|272/272|[from] item: Leftovers\n|upkeep\n|turn|28\n|\n|t:|1781401202\n|move|p2a: Raikou|Substitute|p2a: Raikou\n|-start|p2a: Raikou|Substitute\n|-damage|p2a: Raikou|175/278\n|move|p1a: Venusaur|Earth Power|p2a: Raikou\n|-supereffective|p2a: Raikou\n|-end|p2a: Raikou|Substitute\n|\n|-weather|none\n|-heal|p2a: Raikou|192/278|[from] item: Leftovers\n|upkeep\n|turn|29\n|\n|t:|1781401209\n|move|p2a: Raikou|Thunderbolt|p1a: Venusaur\n|-resisted|p1a: Venusaur\n|-damage|p1a: Venusaur|203/272\n|move|p1a: Venusaur|Earth Power|p2a: Raikou\n|-supereffective|p2a: Raikou\n|-damage|p2a: Raikou|116/278\n|\n|-heal|p2a: Raikou|133/278|[from] item: Leftovers\n|-heal|p1a: Venusaur|220/272|[from] item: Leftovers\n|upkeep\n|turn|30\n|\n|t:|1781401211\n|move|p2a: Raikou|Thunderbolt|p1a: Venusaur\n|-resisted|p1a: Venusaur\n|-damage|p1a: Venusaur|148/272\n|move|p1a: Venusaur|Earth Power|p2a: Raikou\n|-supereffective|p2a: Raikou\n|-damage|p2a: Raikou|51/278\n|\n|-heal|p2a: Raikou|68/278|[from] item: Leftovers\n|-heal|p1a: Venusaur|165/272|[from] item: Leftovers\n|upkeep\n|turn|31\n|\n|t:|1781401224\n|move|p2a: Raikou|Thunderbolt|p1a: Venusaur\n|-resisted|p1a: Venusaur\n|-damage|p1a: Venusaur|96/272\n|move|p1a: Venusaur|Earth Power|p2a: Raikou\n|-supereffective|p2a: Raikou\n|-damage|p2a: Raikou|0 fnt\n|faint|p2a: Raikou\n|\n|-heal|p1a: Venusaur|113/272|[from] item: Leftovers\n|upkeep\n|\n|t:|1781401226\n|switch|p2a: Sandaconda|Sandaconda, L84, M|242/258\n|-damage|p2a: Sandaconda|226/258|[from] Stealth Rock\n|turn|32\n|\n|t:|1781401231\n|move|p1a: Venusaur|Sleep Powder|p2a: Sandaconda\n|-status|p2a: Sandaconda|slp|[from] move: Sleep Powder\n|cant|p2a: Sandaconda|slp\n|\n|-heal|p1a: Venusaur|130/272|[from] item: Leftovers\n|-activate|p2a: Sandaconda|ability: Shed Skin\n|-curestatus|p2a: Sandaconda|slp|[msg]\n|-heal|p2a: Sandaconda|242/258|[from] item: Leftovers\n|upkeep\n|turn|33\n|\n|t:|1781401236\n|move|p1a: Venusaur|Sleep Powder|p2a: Sandaconda\n|-status|p2a: Sandaconda|slp|[from] move: Sleep Powder\n|cant|p2a: Sandaconda|slp\n|\n|-heal|p1a: Venusaur|147/272|[from] item: Leftovers\n|-heal|p2a: Sandaconda|258/258 slp|[from] item: Leftovers\n|upkeep\n|turn|34\n|\n|t:|1781401243\n|move|p1a: Venusaur|Earth Power|p2a: Sandaconda\n|-damage|p2a: Sandaconda|183/258 slp\n|cant|p2a: Sandaconda|slp\n|\n|-heal|p1a: Venusaur|164/272|[from] item: Leftovers\n|-heal|p2a: Sandaconda|199/258 slp|[from] item: Leftovers\n|upkeep\n|turn|35\n|\n|t:|1781401250\n|move|p1a: Venusaur|Earth Power|p2a: Sandaconda\n|-damage|p2a: Sandaconda|125/258 slp\n|cant|p2a: Sandaconda|slp\n|\n|-heal|p1a: Venusaur|181/272|[from] item: Leftovers\n|-activate|p2a: Sandaconda|ability: Shed Skin\n|-curestatus|p2a: Sandaconda|slp|[msg]\n|-heal|p2a: Sandaconda|141/258|[from] item: Leftovers\n|upkeep\n|turn|36\n|\n|t:|1781401257\n|move|p1a: Venusaur|Sleep Powder|p2a: Sandaconda\n|-status|p2a: Sandaconda|slp|[from] move: Sleep Powder\n|cant|p2a: Sandaconda|slp\n|\n|-heal|p1a: Venusaur|198/272|[from] item: Leftovers\n|-heal|p2a: Sandaconda|157/258 slp|[from] item: Leftovers\n|upkeep\n|turn|37\n|c|\u2606Bigoleg|I got hooked\n|\n|t:|1781401273\n|move|p1a: Venusaur|Earth Power|p2a: Sandaconda\n|-damage|p2a: Sandaconda|77/258 slp\n|-curestatus|p2a: Sandaconda|slp|[msg]\n|move|p2a: Sandaconda|Coil|p2a: Sandaconda\n|-boost|p2a: Sandaconda|atk|1\n|-boost|p2a: Sandaconda|def|1\n|-boost|p2a: Sandaconda|accuracy|1\n|\n|-heal|p1a: Venusaur|215/272|[from] item: Leftovers\n|-heal|p2a: Sandaconda|93/258|[from] item: Leftovers\n|upkeep\n|turn|38\n|c|\u2606TheFineMantine|shed skin sabotage\n|\n|t:|1781401279\n|move|p1a: Venusaur|Sleep Powder|p2a: Sandaconda\n|-status|p2a: Sandaconda|slp|[from] move: Sleep Powder\n|cant|p2a: Sandaconda|slp\n|\n|-heal|p1a: Venusaur|232/272|[from] item: Leftovers\n|-heal|p2a: Sandaconda|109/258 slp|[from] item: Leftovers\n|upkeep\n|turn|39\n|\n|t:|1781401282\n|move|p1a: Venusaur|Earth Power|p2a: Sandaconda\n|-crit|p2a: Sandaconda\n|-damage|p2a: Sandaconda|0 fnt\n|faint|p2a: Sandaconda\n|\n|win|TheFineMantine\n", "uploadtime": 1781400942, "views": 3, "formatid": "gen9randombattle", "rating": null, "private": 0, "password": null}