{"id": "gen9randombattle-2631783582", "format": "[Gen 9] Random Battle", "players": ["junghoking", "nitro crate"], "log": "|j|\u2606junghoking\n|j|\u2606nitro crate\n|t:|1781439046\n|gametype|singles\n|player|p1|junghoking|nate|1941\n|player|p2|nitro crate|169|1967\n|gen|9\n|tier|[Gen 9] Random Battle\n|rated|\n|rule|Species Clause: Limit one of each Pok\u00e9mon\n|rule|HP Percentage Mod: HP is shown in percentages\n|rule|Sleep Clause Mod: Limit one foe put to sleep\n|rule|Illusion Level Mod: Illusion disguises the Pok\u00e9mon's true level\n|\n|t:|1781439046\n|teamsize|p1|6\n|teamsize|p2|6\n|start\n|switch|p1a: Hydrapple|Hydrapple, L83, F|312/312\n|switch|p2a: Archaludon|Archaludon, L78, F|268/268\n|turn|1\n|inactive|Battle timer is ON: inactive players will automatically lose when time's up. (requested by nitro crate)\n|inactive|junghoking also wants the timer to be on.\n|\n|t:|1781439063\n|move|p2a: Archaludon|Draco Meteor|p1a: Hydrapple\n|-supereffective|p1a: Hydrapple\n|-damage|p1a: Hydrapple|0 fnt\n|-unboost|p2a: Archaludon|spa|2\n|faint|p1a: Hydrapple\n|\n|upkeep\n|\n|t:|1781439067\n|switch|p1a: Ting-Lu|Ting-Lu, L78|370/370\n|-ability|p1a: Ting-Lu|Vessel of Ruin\n|turn|2\n|\n|t:|1781439070\n|move|p2a: Archaludon|Stealth Rock|p1a: Ting-Lu\n|-sidestart|p1: junghoking|move: Stealth Rock\n|move|p1a: Ting-Lu|Spikes|p2a: Archaludon\n|-sidestart|p2: nitro crate|Spikes\n|\n|upkeep\n|turn|3\n|\n|t:|1781439074\n|move|p2a: Archaludon|Body Press|p1a: Ting-Lu\n|-supereffective|p1a: Ting-Lu\n|-damage|p1a: Ting-Lu|270/370\n|move|p1a: Ting-Lu|Spikes|p2a: Archaludon\n|-sidestart|p2: nitro crate|Spikes\n|\n|-heal|p1a: Ting-Lu|293/370|[from] item: Leftovers\n|upkeep\n|turn|4\n|\n|t:|1781439084\n|switch|p2a: Glastrier|Glastrier, L86|312/312\n|move|p1a: Ting-Lu|Spikes|p2a: Glastrier\n|-sidestart|p2: nitro crate|Spikes\n|\n|-heal|p1a: Ting-Lu|316/370|[from] item: Leftovers\n|upkeep\n|turn|5\n|\n|t:|1781439098\n|move|p1a: Ting-Lu|Payback|p2a: Glastrier\n|-damage|p2a: Glastrier|273/312\n|move|p2a: Glastrier|Icicle Crash|p1a: Ting-Lu\n|-supereffective|p1a: Ting-Lu\n|-crit|p1a: Ting-Lu\n|-damage|p1a: Ting-Lu|0 fnt\n|faint|p1a: Ting-Lu\n|-ability|p2a: Glastrier|Chilling Neigh|boost\n|-boost|p2a: Glastrier|atk|1\n|\n|upkeep\n|\n|t:|1781439117\n|switch|p1a: Palafin|Palafin, L77, F|281/281\n|-damage|p1a: Palafin|246/281|[from] Stealth Rock\n|turn|6\n|\n|t:|1781439121\n|move|p1a: Palafin|Bulk Up|p1a: Palafin\n|-boost|p1a: Palafin|atk|1\n|-boost|p1a: Palafin|def|1\n|move|p2a: Glastrier|Icicle Crash|p1a: Palafin\n|-resisted|p1a: Palafin\n|-damage|p1a: Palafin|158/281\n|\n|-heal|p1a: Palafin|175/281|[from] item: Leftovers\n|upkeep\n|turn|7\n|\n|t:|1781439126\n|move|p1a: Palafin|Bulk Up|p1a: Palafin\n|-boost|p1a: Palafin|atk|1\n|-boost|p1a: Palafin|def|1\n|move|p2a: Glastrier|Close Combat|p1a: Palafin\n|-damage|p1a: Palafin|61/281\n|-unboost|p2a: Glastrier|def|1\n|-unboost|p2a: Glastrier|spd|1\n|\n|-heal|p1a: Palafin|78/281|[from] item: Leftovers\n|upkeep\n|turn|8\n|\n|t:|1781439133\n|switch|p2a: Clodsire|Clodsire, L81, F|343/343\n|-damage|p2a: Clodsire|258/343|[from] Spikes\n|move|p1a: Palafin|Drain Punch|p2a: Clodsire\n|-resisted|p2a: Clodsire\n|-damage|p2a: Clodsire|236/343\n|-heal|p1a: Palafin|89/281|[from] drain|[of] p2a: Clodsire\n|\n|-heal|p1a: Palafin|106/281|[from] item: Leftovers\n|-heal|p2a: Clodsire|257/343|[from] item: Leftovers\n|upkeep\n|turn|9\n|\n|t:|1781439143\n|detailschange|p1a: Palafin|Palafin-Hero, L77, F\n|switch|p1a: Cramorant|Cramorant, L86, F|261/261\n|move|p2a: Clodsire|Poison Jab|p1a: Cramorant\n|-damage|p1a: Cramorant|167/261\n|\n|-heal|p2a: Clodsire|278/343|[from] item: Leftovers\n|upkeep\n|turn|10\n|\n|t:|1781439150\n|move|p1a: Cramorant|Brave Bird|p2a: Clodsire\n|-damage|p2a: Clodsire|107/343\n|-damage|p1a: Cramorant|111/261|[from] Recoil\n|move|p2a: Clodsire|Toxic Spikes|p1a: Cramorant\n|-sidestart|p1: junghoking|move: Toxic Spikes\n|\n|-heal|p2a: Clodsire|128/343|[from] item: Leftovers\n|upkeep\n|turn|11\n|\n|t:|1781439156\n|move|p1a: Cramorant|Brave Bird|p2a: Clodsire\n|-damage|p2a: Clodsire|0 fnt\n|faint|p2a: Clodsire\n|-damage|p1a: Cramorant|69/261|[from] Recoil\n|\n|upkeep\n|\n|t:|1781439167\n|switch|p2a: Electivire|Electivire, L84, F|263/263\n|-damage|p2a: Electivire|198/263|[from] Spikes\n|turn|12\n|\n|t:|1781439178\n|move|p2a: Electivire|Knock Off|p1a: Cramorant\n|-damage|p1a: Cramorant|0 fnt\n|-enditem|p1a: Cramorant|Heavy-Duty Boots|[from] move: Knock Off|[of] p2a: Electivire\n|faint|p1a: Cramorant\n|-damage|p2a: Electivire|172/263|[from] item: Life Orb\n|\n|upkeep\n|\n|t:|1781439187\n|switch|p1a: Gumshoos|Gumshoos, L95, M|321/321\n|-damage|p1a: Gumshoos|281/321|[from] Stealth Rock\n|-status|p1a: Gumshoos|psn\n|turn|13\n|\n|t:|1781439190\n|move|p2a: Electivire|Supercell Slam|p1a: Gumshoos\n|-crit|p1a: Gumshoos\n|-damage|p1a: Gumshoos|0 fnt\n|faint|p1a: Gumshoos\n|-damage|p2a: Electivire|146/263|[from] item: Life Orb\n|\n|upkeep\n|\n|t:|1781439193\n|switch|p1a: Alcremie|Alcremie-Ruby-Cream, L90, F|263/263\n|-damage|p1a: Alcremie|231/263|[from] Stealth Rock\n|-status|p1a: Alcremie|psn\n|turn|14\n|\n|t:|1781439198\n|move|p2a: Electivire|Knock Off|p1a: Alcremie\n|-resisted|p1a: Alcremie\n|-damage|p1a: Alcremie|175/263 psn\n|-enditem|p1a: Alcremie|Leftovers|[from] move: Knock Off|[of] p2a: Electivire\n|-damage|p2a: Electivire|120/263|[from] item: Life Orb\n|move|p1a: Alcremie|Alluring Voice|p2a: Electivire\n|-damage|p2a: Electivire|5/263\n|\n|-damage|p1a: Alcremie|143/263 psn|[from] psn\n|upkeep\n|turn|15\n|\n|t:|1781439203\n|move|p2a: Electivire|Supercell Slam|p1a: Alcremie\n|-damage|p1a: Alcremie|0 fnt\n|faint|p1a: Alcremie\n|-damage|p2a: Electivire|0 fnt|[from] item: Life Orb\n|faint|p2a: Electivire\n|\n|upkeep\n|\n|t:|1781439218\n|switch|p2a: Terapagos|Terapagos, L77, M|265/265\n|switch|p1a: Palafin|Palafin-Hero, L77, F|106/281\n|-activate|p2a: Terapagos|ability: Tera Shift\n|detailschange|p2a: Terapagos|Terapagos-Terastal, L77, M\n|-heal|p2a: Terapagos|273/273|[silent]\n|-damage|p1a: Palafin|71/281|[from] Stealth Rock\n|-status|p1a: Palafin|psn\n|-activate|p1a: Palafin|ability: Zero to Hero\n|turn|16\n|\n|t:|1781439223\n|move|p1a: Palafin|Drain Punch|p2a: Terapagos\n|-activate|p2a: Terapagos|ability: Tera Shell\n|-resisted|p2a: Terapagos\n|-damage|p2a: Terapagos|243/273\n|-heal|p1a: Palafin|86/281 psn|[from] drain|[of] p2a: Terapagos\n|move|p2a: Terapagos|Rapid Spin|p1a: Palafin\n|-damage|p1a: Palafin|40/281 psn\n|-boost|p2a: Terapagos|spe|1\n|-sideend|p2: nitro crate|Spikes|[from] move: Rapid Spin|[of] p2a: Terapagos\n|\n|-heal|p1a: Palafin|57/281 psn|[from] item: Leftovers\n|-damage|p1a: Palafin|22/281 psn|[from] psn\n|upkeep\n|turn|17\n|\n|t:|1781439228\n|move|p2a: Terapagos|Tera Starstorm|p1a: Palafin\n|-damage|p1a: Palafin|0 fnt\n|faint|p1a: Palafin\n|\n|win|nitro crate\n", "uploadtime": 1781439049, "views": 3, "formatid": "gen9randombattle", "rating": null, "private": 0, "password": null}