{"id": "gen9randombattle-2631644824", "format": "[Gen 9] Random Battle", "players": ["nardodick", "tj131"], "log": "|badge|p1|bronze|gen9randombattle|100-9\n|uhtml|medal-msg|<div class=\"broadcast-blue\">Curious what those medals under the avatar are? PS now has Ladder Seasons! For more information, check out the <a href=\"https://www.smogon.com/forums/threads/3740067/\">thread on Smogon.</a></div>\n|j|\u2606nardodick\n|j|\u203dtj131\n|t:|1781413978\n|gametype|singles\n|player|p1|nardodick|102|2357\n|player|p2|tj131|unknown|2280\n|gen|9\n|tier|[Gen 9] Random Battle\n|rated|\n|rule|Species Clause: Limit one of each Pok\u00e9mon\n|rule|HP Percentage Mod: HP is shown in percentages\n|rule|Sleep Clause Mod: Limit one foe put to sleep\n|rule|Illusion Level Mod: Illusion disguises the Pok\u00e9mon's true level\n|\n|t:|1781413978\n|teamsize|p1|6\n|teamsize|p2|6\n|start\n|switch|p1a: Hitmonlee|Hitmonlee, L85, M|223/223\n|switch|p2a: Manaphy|Manaphy, L78|284/284\n|turn|1\n|inactive|Battle timer is ON: inactive players will automatically lose when time's up. (requested by nardodick)\n|\n|t:|1781413997\n|switch|p2a: Swalot|Swalot, L90, M|326/326\n|move|p1a: Hitmonlee|High Jump Kick|p2a: Swalot\n|-resisted|p2a: Swalot\n|-damage|p2a: Swalot|175/326\n|\n|-heal|p2a: Swalot|195/326|[from] item: Leftovers\n|upkeep\n|turn|2\n|\n|t:|1781414008\n|switch|p1a: Lucario|Lucario, L84, F|255/255\n|move|p2a: Swalot|Gunk Shot|p1a: Lucario\n|-immune|p1a: Lucario\n|\n|-heal|p2a: Swalot|215/326|[from] item: Leftovers\n|upkeep\n|turn|3\n|\n|t:|1781414014\n|move|p1a: Lucario|Nasty Plot|p1a: Lucario\n|-boost|p1a: Lucario|spa|2\n|move|p2a: Swalot|Earthquake|p1a: Lucario\n|-supereffective|p1a: Lucario\n|-damage|p1a: Lucario|97/255\n|\n|-heal|p2a: Swalot|235/326|[from] item: Leftovers\n|upkeep\n|turn|4\n|\n|t:|1781414032\n|switch|p2a: Manaphy|Manaphy, L78|284/284\n|move|p1a: Lucario|Flash Cannon|p2a: Manaphy\n|-resisted|p2a: Manaphy\n|-damage|p2a: Manaphy|158/284\n|-damage|p1a: Lucario|72/255|[from] item: Life Orb\n|\n|-heal|p2a: Manaphy|175/284|[from] item: Leftovers\n|upkeep\n|turn|5\n|\n|t:|1781414039\n|move|p1a: Lucario|Vacuum Wave|p2a: Manaphy\n|-damage|p2a: Manaphy|54/284\n|-damage|p1a: Lucario|47/255|[from] item: Life Orb\n|move|p2a: Manaphy|Hydro Pump|p1a: Lucario\n|-damage|p1a: Lucario|0 fnt\n|faint|p1a: Lucario\n|\n|-heal|p2a: Manaphy|71/284|[from] item: Leftovers\n|upkeep\n|inactive|nardodick has 120 seconds left.\n|\n|t:|1781414079\n|switch|p1a: Hitmonlee|Hitmonlee, L85, M|223/223\n|turn|6\n|\n|t:|1781414090\n|move|p1a: Hitmonlee|Mach Punch|p2a: Manaphy\n|-damage|p2a: Manaphy|0 fnt\n|faint|p2a: Manaphy\n|\n|upkeep\n|\n|t:|1781414097\n|switch|p2a: Eternatus|Eternatus, L69|308/308\n|-ability|p2a: Eternatus|Pressure\n|turn|7\n|inactive|nardodick has 120 seconds left.\n|\n|t:|1781414137\n|switch|p1a: Florges|Florges-Blue, L85, F|271/271\n|move|p2a: Eternatus|Meteor Beam||[still]\n|-prepare|p2a: Eternatus|Meteor Beam\n|-boost|p2a: Eternatus|spa|1\n|-enditem|p2a: Eternatus|Power Herb\n|-anim|p2a: Eternatus|Meteor Beam|p1a: Florges|[miss]\n|-miss|p2a: Eternatus|p1a: Florges\n|\n|upkeep\n|turn|8\n|\n|t:|1781414158\n|move|p2a: Eternatus|Sludge Bomb|p1a: Florges\n|-supereffective|p1a: Florges\n|-damage|p1a: Florges|95/271\n|move|p1a: Florges|Moonblast|p2a: Eternatus\n|-crit|p2a: Eternatus\n|-damage|p2a: Eternatus|118/308\n|\n|-heal|p1a: Florges|111/271|[from] item: Leftovers\n|upkeep\n|turn|9\n|inactive|nardodick has 90 seconds left.\n|\n|t:|1781414183\n|switch|p1a: Hitmonlee|Hitmonlee, L85, M|223/223\n|move|p2a: Eternatus|Sludge Bomb|p1a: Hitmonlee\n|-damage|p1a: Hitmonlee|115/223\n|\n|upkeep\n|turn|10\n|inactive|nardodick has 90 seconds left.\n|\n|t:|1781414208\n|switch|p1a: Florges|Florges-Blue, L85, F|111/271\n|move|p2a: Eternatus|Dynamax Cannon|p1a: Florges\n|-immune|p1a: Florges\n|\n|-heal|p1a: Florges|127/271|[from] item: Leftovers\n|upkeep\n|turn|11\n|\n|t:|1781414213\n|move|p2a: Eternatus|Sludge Bomb|p1a: Florges\n|-supereffective|p1a: Florges\n|-damage|p1a: Florges|0 fnt\n|faint|p1a: Florges\n|\n|upkeep\n|\n|t:|1781414221\n|switch|p1a: Glastrier|Glastrier, L86|312/312\n|turn|12\n|inactive|tj131 has 120 seconds left.\n|inactive|tj131 has 90 seconds left.\n|\n|t:|1781414284\n|move|p2a: Eternatus|Fire Blast|p1a: Glastrier\n|-supereffective|p1a: Glastrier\n|-damage|p1a: Glastrier|118/312\n|move|p1a: Glastrier|Icicle Crash|p2a: Eternatus\n|-supereffective|p2a: Eternatus\n|-damage|p2a: Eternatus|0 fnt\n|faint|p2a: Eternatus\n|-ability|p1a: Glastrier|Chilling Neigh|boost\n|-boost|p1a: Glastrier|atk|1\n|\n|upkeep\n|inactive|tj131 has 90 seconds left.\n|\n|t:|1781414298\n|switch|p2a: Zamazenta|Zamazenta, L71|248/248\n|-ability|p2a: Zamazenta|Dauntless Shield|boost\n|-boost|p2a: Zamazenta|def|1\n|turn|13\n|inactive|tj131 has 90 seconds left.\n|\n|t:|1781414311\n|switch|p1a: Banette|Banette, L93, M|270/270\n|move|p2a: Zamazenta|Iron Defense|p2a: Zamazenta\n|-boost|p2a: Zamazenta|def|2\n|\n|upkeep\n|turn|14\n|\n|t:|1781414316\n|move|p2a: Zamazenta|Crunch|p1a: Banette\n|-supereffective|p1a: Banette\n|-damage|p1a: Banette|168/270\n|move|p1a: Banette|Thunder Wave|p2a: Zamazenta\n|-status|p2a: Zamazenta|par\n|\n|upkeep\n|turn|15\n|inactive|nardodick has 120 seconds left.\n|\n|t:|1781414326\n|move|p1a: Banette|Poltergeist|p2a: Zamazenta\n|-activate|p2a: Zamazenta|move: Poltergeist|Leftovers\n|-damage|p2a: Zamazenta|170/248 par\n|-damage|p1a: Banette|141/270|[from] item: Life Orb\n|cant|p2a: Zamazenta|par\n|\n|-heal|p2a: Zamazenta|185/248 par|[from] item: Leftovers\n|upkeep\n|turn|16\n|inactive|tj131 has 90 seconds left.\n|\n|t:|1781414369\n|move|p1a: Banette|Poltergeist|p2a: Zamazenta\n|-activate|p2a: Zamazenta|move: Poltergeist|Leftovers\n|-damage|p2a: Zamazenta|102/248 par\n|-damage|p1a: Banette|114/270|[from] item: Life Orb\n|move|p2a: Zamazenta|Crunch|p1a: Banette\n|-supereffective|p1a: Banette\n|-damage|p1a: Banette|10/270\n|\n|-heal|p2a: Zamazenta|117/248 par|[from] item: Leftovers\n|upkeep\n|turn|17\n|\n|t:|1781414376\n|move|p1a: Banette|Poltergeist|p2a: Zamazenta\n|-activate|p2a: Zamazenta|move: Poltergeist|Leftovers\n|-damage|p2a: Zamazenta|34/248 par\n|-damage|p1a: Banette|0 fnt|[from] item: Life Orb\n|faint|p1a: Banette\n|move|p2a: Zamazenta|Iron Defense|p2a: Zamazenta\n|-boost|p2a: Zamazenta|def|2\n|\n|-heal|p2a: Zamazenta|49/248 par|[from] item: Leftovers\n|upkeep\n|\n|t:|1781414381\n|switch|p1a: Glastrier|Glastrier, L86|118/312\n|turn|18\n|\n|t:|1781414385\n|move|p2a: Zamazenta|Body Press|p1a: Glastrier\n|-supereffective|p1a: Glastrier\n|-damage|p1a: Glastrier|0 fnt\n|faint|p1a: Glastrier\n|\n|-heal|p2a: Zamazenta|64/248 par|[from] item: Leftovers\n|upkeep\n|\n|t:|1781414398\n|switch|p1a: Hitmonlee|Hitmonlee, L85, M|115/223\n|turn|19\n|\n|t:|1781414423\n|move|p1a: Hitmonlee|High Jump Kick|p2a: Zamazenta\n|-damage|p2a: Zamazenta|0 fnt\n|faint|p2a: Zamazenta\n|\n|upkeep\n|\n|t:|1781414429\n|switch|p2a: Swalot|Swalot, L90, M|235/326\n|turn|20\n|inactive|nardodick has 120 seconds left.\n|inactive|nardodick has 90 seconds left.\n|inactive|nardodick has 60 seconds left.\n|inactive|nardodick has 30 seconds left.\n|inactive|nardodick has 20 seconds left.\n|inactive|nardodick has 15 seconds left.\n|inactive|nardodick has 10 seconds left.\n|inactive|nardodick has 5 seconds left.\n|-message|nardodick lost due to inactivity.\n|\n|win|tj131\n", "uploadtime": 1781413980, "views": 5, "formatid": "gen9randombattle", "rating": null, "private": 0, "password": null}