{"id": "gen9randombattle-2631839027", "format": "[Gen 9] Random Battle", "players": ["NEMOASUKA", "packSmoker27"], "log": "|j|\u203dNEMOASUKA\n|j|\u2606packSmoker27\n|t:|1781446633\n|gametype|singles\n|player|p1|NEMOASUKA|lucas|2022\n|player|p2|packSmoker27|psychicf-gen4|2012\n|gen|9\n|tier|[Gen 9] Random Battle\n|rated|\n|rule|Species Clause: Limit one of each Pok\u00e9mon\n|rule|HP Percentage Mod: HP is shown in percentages\n|rule|Sleep Clause Mod: Limit one foe put to sleep\n|rule|Illusion Level Mod: Illusion disguises the Pok\u00e9mon's true level\n|\n|t:|1781446633\n|teamsize|p1|6\n|teamsize|p2|6\n|start\n|switch|p1a: Giratina|Giratina, L75|349/349\n|switch|p2a: Necrozma|Necrozma, L80|286/286\n|-ability|p1a: Giratina|Pressure\n|turn|1\n|inactive|Battle timer is ON: inactive players will automatically lose when time's up. (requested by packSmoker27)\n|inactive|NEMOASUKA has 120 seconds left.\n|\n|t:|1781446665\n|switch|p2a: Wigglytuff|Wigglytuff, L96, F|424/424\n|move|p1a: Giratina|Calm Mind|p1a: Giratina\n|-boost|p1a: Giratina|spa|1\n|-boost|p1a: Giratina|spd|1\n|\n|upkeep\n|turn|2\n|\n|t:|1781446674\n|switch|p1a: Raichu|Raichu-Alola, L87, M|246/246\n|move|p2a: Wigglytuff|Alluring Voice|p1a: Raichu\n|-damage|p1a: Raichu|143/246\n|\n|upkeep\n|turn|3\n|\n|t:|1781446681\n|move|p2a: Wigglytuff|Protect|p2a: Wigglytuff\n|-singleturn|p2a: Wigglytuff|Protect\n|move|p1a: Raichu|Thunderbolt|p2a: Wigglytuff\n|-activate|p2a: Wigglytuff|move: Protect\n|\n|upkeep\n|turn|4\n|\n|t:|1781446683\n|switch|p2a: Piloswine|Piloswine, L85, M|309/309\n|move|p1a: Raichu|Thunderbolt|p2a: Piloswine\n|-immune|p2a: Piloswine\n|\n|upkeep\n|turn|5\n|\n|t:|1781446689\n|switch|p1a: Alomomola|Alomomola, L87, M|429/429\n|move|p2a: Piloswine|Icicle Crash|p1a: Alomomola\n|-resisted|p1a: Alomomola\n|-damage|p1a: Alomomola|377/429\n|\n|-heal|p1a: Alomomola|403/429|[from] item: Leftovers\n|upkeep\n|turn|6\n|\n|t:|1781446702\n|move|p1a: Alomomola|Flip Turn|p2a: Piloswine\n|-supereffective|p2a: Piloswine\n|-damage|p2a: Piloswine|225/309\n|\n|t:|1781446706\n|switch|p1a: Basculegion|Basculegion, L80, M|323/323|[from] Flip Turn\n|move|p2a: Piloswine|Roar|p1a: Basculegion\n|drag|p1a: Electrode|Electrode, L92|260/260\n|\n|upkeep\n|turn|7\n|\n|t:|1781446714\n|switch|p1a: Alomomola|Alomomola, L87, M|429/429\n|move|p2a: Piloswine|Earthquake|p1a: Alomomola\n|-damage|p1a: Alomomola|303/429\n|\n|-heal|p1a: Alomomola|329/429|[from] item: Leftovers\n|upkeep\n|turn|8\n|\n|t:|1781446727\n|switch|p2a: Wigglytuff|Wigglytuff, L96, F|424/424\n|move|p1a: Alomomola|Flip Turn|p2a: Wigglytuff\n|-damage|p2a: Wigglytuff|340/424\n|\n|t:|1781446748\n|switch|p1a: Dragalge|Dragalge, L88, F|258/258|[from] Flip Turn\n|\n|-heal|p2a: Wigglytuff|366/424|[from] item: Leftovers\n|upkeep\n|turn|9\n|\n|t:|1781446755\n|move|p2a: Wigglytuff|Protect|p2a: Wigglytuff\n|-singleturn|p2a: Wigglytuff|Protect\n|move|p1a: Dragalge|Toxic Spikes|p2a: Wigglytuff\n|-sidestart|p2: packSmoker27|move: Toxic Spikes\n|\n|-heal|p2a: Wigglytuff|392/424|[from] item: Leftovers\n|upkeep\n|turn|10\n|\n|t:|1781446784\n|switch|p2a: Glimmora|Glimmora, L75, F|248/248\n|-sideend|p2: packSmoker27|move: Toxic Spikes|[of] p2a: Glimmora\n|move|p1a: Dragalge|Toxic Spikes|p2a: Glimmora\n|-sidestart|p2: packSmoker27|move: Toxic Spikes\n|\n|upkeep\n|turn|11\n|inactive|NEMOASUKA has 120 seconds left.\n|\n|t:|1781446801\n|move|p2a: Glimmora|Meteor Beam||[still]\n|-prepare|p2a: Glimmora|Meteor Beam\n|-boost|p2a: Glimmora|spa|1\n|-enditem|p2a: Glimmora|Power Herb\n|-anim|p2a: Glimmora|Meteor Beam|p1a: Dragalge\n|-damage|p1a: Dragalge|111/258\n|move|p1a: Dragalge|Draco Meteor|p2a: Glimmora\n|-damage|p2a: Glimmora|26/248\n|-unboost|p1a: Dragalge|spa|2\n|\n|-heal|p1a: Dragalge|127/258|[from] item: Leftovers\n|upkeep\n|turn|12\n|inactive|NEMOASUKA has 120 seconds left.\n|\n|t:|1781446816\n|switch|p1a: Basculegion|Basculegion, L80, M|323/323\n|move|p2a: Glimmora|Earth Power|p1a: Basculegion\n|-damage|p1a: Basculegion|245/323\n|\n|upkeep\n|turn|13\n|\n|t:|1781446828\n|switch|p2a: Brute Bonnet|Brute Bonnet, L80|309/309\n|-status|p2a: Brute Bonnet|psn\n|move|p1a: Basculegion|Flip Turn|p2a: Brute Bonnet\n|-resisted|p2a: Brute Bonnet\n|-damage|p2a: Brute Bonnet|266/309 psn\n|inactive|NEMOASUKA has 120 seconds left.\n|\n|t:|1781446851\n|switch|p1a: Dragalge|Dragalge, L88, F|127/258|[from] Flip Turn\n|\n|-heal|p2a: Brute Bonnet|285/309 psn|[from] item: Leftovers\n|-heal|p1a: Dragalge|143/258|[from] item: Leftovers\n|-damage|p2a: Brute Bonnet|247/309 psn|[from] psn\n|upkeep\n|turn|14\n|\n|t:|1781446862\n|switch|p1a: Giratina|Giratina, L75|349/349\n|-ability|p1a: Giratina|Pressure\n|move|p2a: Brute Bonnet|Spore|p1a: Giratina\n|-status|p1a: Giratina|slp|[from] move: Spore\n|\n|-heal|p2a: Brute Bonnet|266/309 psn|[from] item: Leftovers\n|-damage|p2a: Brute Bonnet|228/309 psn|[from] psn\n|upkeep\n|turn|15\n|\n|t:|1781446874\n|-end|p2a: Brute Bonnet|Protosynthesis|[silent]\n|switch|p2a: Glimmora|Glimmora, L75, F|26/248\n|-sideend|p2: packSmoker27|move: Toxic Spikes|[of] p2a: Glimmora\n|cant|p1a: Giratina|slp\n|move|p1a: Giratina|Sleep Talk|p1a: Giratina\n|move|p1a: Giratina|Dragon Pulse|p2a: Glimmora|[from] move: Sleep Talk\n|-damage|p2a: Glimmora|0 fnt\n|faint|p2a: Glimmora\n|\n|upkeep\n|\n|t:|1781446879\n|switch|p2a: Necrozma|Necrozma, L80|286/286\n|turn|16\n|inactive|NEMOASUKA has 120 seconds left.\n|\n|t:|1781446886\n|switch|p1a: Alomomola|Alomomola, L87, M|429/429\n|move|p2a: Necrozma|Calm Mind|p2a: Necrozma\n|-boost|p2a: Necrozma|spa|1\n|-boost|p2a: Necrozma|spd|1\n|\n|upkeep\n|turn|17\n|\n|t:|1781446895\n|-terastallize|p2a: Necrozma|Steel\n|move|p2a: Necrozma|Calm Mind|p2a: Necrozma\n|-boost|p2a: Necrozma|spa|1\n|-boost|p2a: Necrozma|spd|1\n|move|p1a: Alomomola|Flip Turn|p2a: Necrozma\n|-damage|p2a: Necrozma|229/286\n|inactive|NEMOASUKA has 120 seconds left.\n|\n|t:|1781446913\n|switch|p1a: Basculegion|Basculegion, L80, M|245/323|[from] Flip Turn\n|\n|-heal|p2a: Necrozma|246/286|[from] item: Leftovers\n|upkeep\n|turn|18\n|\n|t:|1781446917\n|-terastallize|p1a: Basculegion|Water\n|move|p2a: Necrozma|Photon Geyser|p1a: Basculegion\n|-damage|p1a: Basculegion|47/323\n|move|p1a: Basculegion|Wave Crash|p2a: Necrozma\n|-crit|p2a: Necrozma\n|-damage|p2a: Necrozma|0 fnt\n|faint|p2a: Necrozma\n|-damage|p1a: Basculegion|0 fnt|[from] Recoil\n|faint|p1a: Basculegion\n|\n|upkeep\n|inactive|NEMOASUKA has 120 seconds left.\n|\n|t:|1781446937\n|switch|p2a: Piloswine|Piloswine, L85, M|225/309\n|switch|p1a: Dragalge|Dragalge, L88, F|143/258\n|turn|19\n|\n|t:|1781446942\n|switch|p1a: Alomomola|Alomomola, L87, M|429/429\n|move|p2a: Piloswine|Earthquake|p1a: Alomomola\n|-damage|p1a: Alomomola|308/429\n|\n|-heal|p1a: Alomomola|334/429|[from] item: Leftovers\n|upkeep\n|turn|20\n|\n|t:|1781446948\n|switch|p2a: Brute Bonnet|Brute Bonnet, L80|228/309 psn\n|move|p1a: Alomomola|Flip Turn|p2a: Brute Bonnet\n|-resisted|p2a: Brute Bonnet\n|-damage|p2a: Brute Bonnet|201/309 psn\n|\n|t:|1781446953\n|switch|p1a: Dragalge|Dragalge, L88, F|143/258|[from] Flip Turn\n|\n|-heal|p2a: Brute Bonnet|220/309 psn|[from] item: Leftovers\n|-heal|p1a: Dragalge|159/258|[from] item: Leftovers\n|-damage|p2a: Brute Bonnet|182/309 psn|[from] psn\n|upkeep\n|turn|21\n|\n|t:|1781446957\n|move|p2a: Brute Bonnet|Crunch|p1a: Dragalge\n|-damage|p1a: Dragalge|75/258\n|move|p1a: Dragalge|Focus Blast|p2a: Brute Bonnet\n|-supereffective|p2a: Brute Bonnet\n|-damage|p2a: Brute Bonnet|16/309 psn\n|\n|-heal|p2a: Brute Bonnet|35/309 psn|[from] item: Leftovers\n|-heal|p1a: Dragalge|91/258|[from] item: Leftovers\n|-damage|p2a: Brute Bonnet|0 fnt|[from] psn\n|faint|p2a: Brute Bonnet\n|-end|p2a: Brute Bonnet|Protosynthesis|[silent]\n|upkeep\n|\n|t:|1781446965\n|switch|p2a: Oricorio|Oricorio-Sensu, L85, F|266/266\n|turn|22\n|\n|t:|1781446974\n|switch|p1a: Electrode|Electrode, L92|260/260\n|move|p2a: Oricorio|Quiver Dance|p2a: Oricorio\n|-boost|p2a: Oricorio|spa|1\n|-boost|p2a: Oricorio|spd|1\n|-boost|p2a: Oricorio|spe|1\n|\n|upkeep\n|turn|23\n|\n|t:|1781446981\n|move|p1a: Electrode|Taunt|p2a: Oricorio\n|-start|p2a: Oricorio|move: Taunt\n|cant|p2a: Oricorio|move: Taunt|Quiver Dance\n|\n|upkeep\n|turn|24\n|\n|t:|1781446993\n|switch|p2a: Piloswine|Piloswine, L85, M|225/309\n|move|p1a: Electrode|Thunderbolt|p2a: Piloswine\n|-immune|p2a: Piloswine\n|\n|upkeep\n|turn|25\n|\n|t:|1781447000\n|switch|p1a: Alomomola|Alomomola, L87, M|429/429\n|switch|p2a: Oricorio|Oricorio-Sensu, L85, F|266/266\n|\n|upkeep\n|turn|26\n|\n|t:|1781447005\n|move|p2a: Oricorio|Quiver Dance|p2a: Oricorio\n|-boost|p2a: Oricorio|spa|1\n|-boost|p2a: Oricorio|spd|1\n|-boost|p2a: Oricorio|spe|1\n|move|p1a: Alomomola|Flip Turn|p2a: Oricorio\n|-damage|p2a: Oricorio|205/266\n|\n|t:|1781447008\n|switch|p1a: Electrode|Electrode, L92|260/260|[from] Flip Turn\n|\n|upkeep\n|turn|27\n|\n|t:|1781447010\n|move|p1a: Electrode|Volt Switch|p2a: Oricorio\n|-supereffective|p2a: Oricorio\n|-damage|p2a: Oricorio|57/266\n|-damage|p1a: Electrode|234/260|[from] item: Life Orb\n|\n|t:|1781447020\n|switch|p1a: Raichu|Raichu-Alola, L87, M|143/246|[from] Volt Switch\n|move|p2a: Oricorio|Revelation Dance|p1a: Raichu\n|-supereffective|p1a: Raichu\n|-damage|p1a: Raichu|0 fnt\n|faint|p1a: Raichu\n|\n|upkeep\n|\n|t:|1781447021\n|switch|p1a: Electrode|Electrode, L92|234/260\n|turn|28\n|\n|t:|1781447026\n|switch|p2a: Piloswine|Piloswine, L85, M|225/309\n|move|p1a: Electrode|Volt Switch|p2a: Piloswine\n|-immune|p2a: Piloswine\n|\n|upkeep\n|turn|29\n|\n|t:|1781447033\n|switch|p1a: Alomomola|Alomomola, L87, M|429/429\n|move|p2a: Piloswine|Earthquake|p1a: Alomomola\n|-damage|p1a: Alomomola|303/429\n|\n|-heal|p1a: Alomomola|329/429|[from] item: Leftovers\n|upkeep\n|turn|30\n|\n|t:|1781447044\n|move|p1a: Alomomola|Scald|p2a: Piloswine\n|-supereffective|p2a: Piloswine\n|-damage|p2a: Piloswine|141/309\n|move|p2a: Piloswine|Earthquake|p1a: Alomomola\n|-damage|p1a: Alomomola|221/429\n|\n|-heal|p1a: Alomomola|247/429|[from] item: Leftovers\n|upkeep\n|turn|31\n|\n|t:|1781447052\n|switch|p2a: Wigglytuff|Wigglytuff, L96, F|392/424\n|move|p1a: Alomomola|Wish|p1a: Alomomola\n|\n|-heal|p1a: Alomomola|273/429|[from] item: Leftovers\n|-heal|p2a: Wigglytuff|418/424|[from] item: Leftovers\n|upkeep\n|turn|32\n|\n|t:|1781447057\n|move|p1a: Alomomola|Flip Turn|p2a: Wigglytuff\n|-damage|p2a: Wigglytuff|339/424\n|\n|t:|1781447060\n|switch|p1a: Dragalge|Dragalge, L88, F|91/258|[from] Flip Turn\n|move|p2a: Wigglytuff|Thunder Wave|p1a: Dragalge\n|-status|p1a: Dragalge|par\n|\n|-heal|p1a: Dragalge|258/258 par|[from] move: Wish|[wisher] Alomomola\n|-heal|p2a: Wigglytuff|365/424|[from] item: Leftovers\n|upkeep\n|turn|33\n|\n|t:|1781447072\n|switch|p2a: Piloswine|Piloswine, L85, M|141/309\n|move|p1a: Dragalge|Sludge Wave|p2a: Piloswine\n|-resisted|p2a: Piloswine\n|-damage|p2a: Piloswine|71/309\n|\n|upkeep\n|turn|34\n|\n|t:|1781447084\n|switch|p2a: Wigglytuff|Wigglytuff, L96, F|365/424\n|switch|p1a: Alomomola|Alomomola, L87, M|416/429\n|\n|-heal|p1a: Alomomola|429/429|[from] item: Leftovers\n|-heal|p2a: Wigglytuff|391/424|[from] item: Leftovers\n|upkeep\n|turn|35\n|\n|t:|1781447093\n|move|p1a: Alomomola|Flip Turn|p2a: Wigglytuff\n|-damage|p2a: Wigglytuff|318/424\n|\n|t:|1781447106\n|switch|p1a: Giratina|Giratina, L75|349/349 slp|[from] Flip Turn\n|-ability|p1a: Giratina|Pressure\n|move|p2a: Wigglytuff|Wish|p2a: Wigglytuff\n|\n|-heal|p2a: Wigglytuff|344/424|[from] item: Leftovers\n|upkeep\n|turn|36\n|\n|t:|1781447113\n|switch|p1a: Electrode|Electrode, L92|234/260\n|switch|p2a: Oricorio|Oricorio-Sensu, L85, F|57/266\n|\n|-heal|p2a: Oricorio|266/266|[from] move: Wish|[wisher] Wigglytuff\n|upkeep\n|turn|37\n|\n|t:|1781447120\n|switch|p2a: Piloswine|Piloswine, L85, M|71/309\n|move|p1a: Electrode|Volt Switch|p2a: Piloswine\n|-immune|p2a: Piloswine\n|\n|upkeep\n|turn|38\n|\n|t:|1781447124\n|switch|p1a: Alomomola|Alomomola, L87, M|429/429\n|move|p2a: Piloswine|Earthquake|p1a: Alomomola\n|-damage|p1a: Alomomola|303/429\n|\n|-heal|p1a: Alomomola|329/429|[from] item: Leftovers\n|upkeep\n|turn|39\n|\n|t:|1781447128\n|switch|p2a: Wigglytuff|Wigglytuff, L96, F|344/424\n|move|p1a: Alomomola|Flip Turn|p2a: Wigglytuff\n|-damage|p2a: Wigglytuff|272/424\n|\n|t:|1781447132\n|switch|p1a: Dragalge|Dragalge, L88, F|258/258 par|[from] Flip Turn\n|\n|-heal|p2a: Wigglytuff|298/424|[from] item: Leftovers\n|upkeep\n|turn|40\n|\n|t:|1781447143\n|switch|p2a: Oricorio|Oricorio-Sensu, L85, F|266/266\n|move|p1a: Dragalge|Draco Meteor|p2a: Oricorio\n|-damage|p2a: Oricorio|18/266\n|-unboost|p1a: Dragalge|spa|2\n|\n|upkeep\n|turn|41\n|\n|t:|1781447150\n|switch|p1a: Electrode|Electrode, L92|234/260\n|move|p2a: Oricorio|Roost|p2a: Oricorio\n|-heal|p2a: Oricorio|151/266\n|-singleturn|p2a: Oricorio|move: Roost\n|\n|upkeep\n|turn|42\n|\n|t:|1781447159\n|move|p1a: Electrode|Taunt|p2a: Oricorio\n|-start|p2a: Oricorio|move: Taunt\n|move|p2a: Oricorio|Revelation Dance|p1a: Electrode\n|-damage|p1a: Electrode|128/260\n|\n|upkeep\n|turn|43\n|\n|t:|1781447166\n|switch|p1a: Alomomola|Alomomola, L87, M|429/429\n|switch|p2a: Piloswine|Piloswine, L85, M|71/309\n|\n|upkeep\n|turn|44\n|\n|t:|1781447172\n|switch|p2a: Wigglytuff|Wigglytuff, L96, F|298/424\n|move|p1a: Alomomola|Wish|p1a: Alomomola\n|\n|-heal|p2a: Wigglytuff|324/424|[from] item: Leftovers\n|upkeep\n|turn|45\n|\n|t:|1781447185\n|switch|p1a: Dragalge|Dragalge, L88, F|258/258 par\n|move|p2a: Wigglytuff|Wish|p2a: Wigglytuff\n|\n|-heal|p2a: Wigglytuff|350/424|[from] item: Leftovers\n|upkeep\n|turn|46\n|\n|t:|1781447191\n|switch|p2a: Piloswine|Piloswine, L85, M|71/309\n|move|p1a: Dragalge|Toxic Spikes|p2a: Piloswine\n|-sidestart|p2: packSmoker27|move: Toxic Spikes\n|\n|-heal|p2a: Piloswine|283/309|[from] move: Wish|[wisher] Wigglytuff\n|upkeep\n|turn|47\n|\n|t:|1781447198\n|switch|p2a: Oricorio|Oricorio-Sensu, L85, F|151/266\n|switch|p1a: Alomomola|Alomomola, L87, M|429/429\n|\n|upkeep\n|turn|48\n|\n|t:|1781447208\n|move|p2a: Oricorio|Hurricane|p1a: Alomomola|[miss]\n|-miss|p2a: Oricorio|p1a: Alomomola\n|move|p1a: Alomomola|Flip Turn|p2a: Oricorio\n|-damage|p2a: Oricorio|84/266\n|\n|t:|1781447213\n|switch|p1a: Electrode|Electrode, L92|128/260|[from] Flip Turn\n|\n|upkeep\n|turn|49\n|\n|t:|1781447218\n|switch|p2a: Piloswine|Piloswine, L85, M|283/309\n|-status|p2a: Piloswine|psn\n|move|p1a: Electrode|Volt Switch|p2a: Piloswine\n|-immune|p2a: Piloswine\n|\n|-damage|p2a: Piloswine|245/309 psn|[from] psn\n|upkeep\n|turn|50\n|\n|t:|1781447222\n|switch|p1a: Alomomola|Alomomola, L87, M|429/429\n|switch|p2a: Oricorio|Oricorio-Sensu, L85, F|84/266\n|\n|upkeep\n|turn|51\n|\n|t:|1781447227\n|move|p2a: Oricorio|Roost|p2a: Oricorio\n|-heal|p2a: Oricorio|217/266\n|-singleturn|p2a: Oricorio|move: Roost\n|move|p1a: Alomomola|Flip Turn|p2a: Oricorio\n|-damage|p2a: Oricorio|148/266\n|\n|t:|1781447229\n|switch|p1a: Electrode|Electrode, L92|128/260|[from] Flip Turn\n|\n|upkeep\n|turn|52\n|\n|t:|1781447231\n|switch|p2a: Piloswine|Piloswine, L85, M|245/309 psn\n|move|p1a: Electrode|Volt Switch|p2a: Piloswine\n|-immune|p2a: Piloswine\n|\n|-damage|p2a: Piloswine|207/309 psn|[from] psn\n|upkeep\n|turn|53\n|\n|t:|1781447235\n|switch|p1a: Alomomola|Alomomola, L87, M|429/429\n|move|p2a: Piloswine|Earthquake|p1a: Alomomola\n|-damage|p1a: Alomomola|305/429\n|\n|-heal|p1a: Alomomola|331/429|[from] item: Leftovers\n|-damage|p2a: Piloswine|169/309 psn|[from] psn\n|upkeep\n|turn|54\n|\n|t:|1781447239\n|switch|p2a: Wigglytuff|Wigglytuff, L96, F|350/424\n|-status|p2a: Wigglytuff|psn\n|move|p1a: Alomomola|Flip Turn|p2a: Wigglytuff\n|-damage|p2a: Wigglytuff|269/424 psn\n|\n|t:|1781447256\n|switch|p1a: Electrode|Electrode, L92|128/260|[from] Flip Turn\n|\n|-heal|p2a: Wigglytuff|295/424 psn|[from] item: Leftovers\n|-damage|p2a: Wigglytuff|242/424 psn|[from] psn\n|upkeep\n|turn|55\n|\n|t:|1781447263\n|move|p1a: Electrode|Volt Switch|p2a: Wigglytuff\n|-damage|p2a: Wigglytuff|120/424 psn\n|-damage|p1a: Electrode|102/260|[from] item: Life Orb\n|\n|t:|1781447268\n|switch|p1a: Alomomola|Alomomola, L87, M|429/429|[from] Volt Switch\n|move|p2a: Wigglytuff|Wish|p2a: Wigglytuff\n|\n|-heal|p2a: Wigglytuff|146/424 psn|[from] item: Leftovers\n|-damage|p2a: Wigglytuff|93/424 psn|[from] psn\n|upkeep\n|turn|56\n|\n|t:|1781447275\n|move|p1a: Alomomola|Wish|p1a: Alomomola\n|move|p2a: Wigglytuff|Alluring Voice|p1a: Alomomola\n|-damage|p1a: Alomomola|276/429\n|\n|-heal|p2a: Wigglytuff|305/424 psn|[from] move: Wish|[wisher] Wigglytuff\n|-heal|p1a: Alomomola|302/429|[from] item: Leftovers\n|-heal|p2a: Wigglytuff|331/424 psn|[from] item: Leftovers\n|-damage|p2a: Wigglytuff|278/424 psn|[from] psn\n|upkeep\n|turn|57\n|\n|t:|1781447278\n|move|p1a: Alomomola|Flip Turn|p2a: Wigglytuff\n|-damage|p2a: Wigglytuff|202/424 psn\n|\n|t:|1781447282\n|switch|p1a: Dragalge|Dragalge, L88, F|258/258 par|[from] Flip Turn\n|move|p2a: Wigglytuff|Wish|p2a: Wigglytuff\n|\n|-heal|p2a: Wigglytuff|228/424 psn|[from] item: Leftovers\n|-damage|p2a: Wigglytuff|175/424 psn|[from] psn\n|upkeep\n|turn|58\n|\n|t:|1781447292\n|move|p2a: Wigglytuff|Protect|p2a: Wigglytuff\n|-singleturn|p2a: Wigglytuff|Protect\n|move|p1a: Dragalge|Sludge Wave|p2a: Wigglytuff\n|-activate|p2a: Wigglytuff|move: Protect\n|\n|-heal|p2a: Wigglytuff|387/424 psn|[from] move: Wish|[wisher] Wigglytuff\n|-heal|p2a: Wigglytuff|413/424 psn|[from] item: Leftovers\n|-damage|p2a: Wigglytuff|360/424 psn|[from] psn\n|upkeep\n|turn|59\n|\n|t:|1781447303\n|move|p2a: Wigglytuff|Wish|p2a: Wigglytuff\n|move|p1a: Dragalge|Sludge Wave|p2a: Wigglytuff\n|-supereffective|p2a: Wigglytuff\n|-damage|p2a: Wigglytuff|0 fnt\n|faint|p2a: Wigglytuff\n|\n|upkeep\n|\n|t:|1781447306\n|switch|p2a: Oricorio|Oricorio-Sensu, L85, F|148/266\n|turn|60\n|\n|t:|1781447310\n|move|p2a: Oricorio|Quiver Dance|p2a: Oricorio\n|-boost|p2a: Oricorio|spa|1\n|-boost|p2a: Oricorio|spd|1\n|-boost|p2a: Oricorio|spe|1\n|cant|p1a: Dragalge|par\n|\n|-heal|p2a: Oricorio|266/266|[from] move: Wish|[wisher] Wigglytuff\n|upkeep\n|turn|61\n|\n|t:|1781447320\n|move|p2a: Oricorio|Revelation Dance|p1a: Dragalge\n|-damage|p1a: Dragalge|155/258 par\n|move|p1a: Dragalge|Draco Meteor|p2a: Oricorio\n|-damage|p2a: Oricorio|114/266\n|-unboost|p1a: Dragalge|spa|2\n|\n|-heal|p1a: Dragalge|171/258 par|[from] item: Leftovers\n|upkeep\n|turn|62\n|\n|t:|1781447336\n|switch|p1a: Electrode|Electrode, L92|102/260\n|move|p2a: Oricorio|Quiver Dance|p2a: Oricorio\n|-boost|p2a: Oricorio|spa|1\n|-boost|p2a: Oricorio|spd|1\n|-boost|p2a: Oricorio|spe|1\n|\n|upkeep\n|turn|63\n|\n|t:|1781447347\n|switch|p1a: Alomomola|Alomomola, L87, M|429/429\n|move|p2a: Oricorio|Revelation Dance|p1a: Alomomola\n|-damage|p1a: Alomomola|131/429\n|\n|-heal|p1a: Alomomola|157/429|[from] item: Leftovers\n|upkeep\n|turn|64\n|\n|t:|1781447351\n|move|p2a: Oricorio|Revelation Dance|p1a: Alomomola\n|-damage|p1a: Alomomola|0 fnt\n|faint|p1a: Alomomola\n|\n|upkeep\n|\n|t:|1781447357\n|switch|p1a: Giratina|Giratina, L75|349/349 slp\n|-ability|p1a: Giratina|Pressure\n|turn|65\n|\n|t:|1781447365\n|move|p2a: Oricorio|Revelation Dance|p1a: Giratina\n|-supereffective|p1a: Giratina\n|-damage|p1a: Giratina|5/349 slp\n|cant|p1a: Giratina|slp\n|move|p1a: Giratina|Sleep Talk|p1a: Giratina\n|move|p1a: Giratina|Rest||[from] move: Sleep Talk|[still]\n|-fail|p1a: Giratina\n|\n|-heal|p1a: Giratina|26/349 slp|[from] item: Leftovers\n|upkeep\n|turn|66\n|-message|NEMOASUKA forfeited.\n|\n|win|packSmoker27\n|raw|NEMOASUKA's rating: 2022 &rarr; <strong>2001</strong><br />(-21 for losing)\n|raw|packSmoker27's rating: 2012 &rarr; <strong>2033</strong><br />(+21 for winning)\n|l|\u203dNEMOASUKA\n|player|p1|\n", "uploadtime": 1781446634, "views": 7, "formatid": "gen9randombattle", "rating": 2001, "private": 0, "password": null}