{"id": "gen9randombattle-2631600572", "format": "[Gen 9] Random Battle", "players": ["Kool Kiddo", "Cesar A Bedoya"], "log": "|j|\u2606Kool Kiddo\n|j|\u2606Cesar A Bedoya\n|t:|1781406976\n|gametype|singles\n|player|p1|Kool Kiddo|hilbert|2015\n|player|p2|Cesar A Bedoya|shadowtriad|1934\n|gen|9\n|tier|[Gen 9] Random Battle\n|rated|\n|rule|Species Clause: Limit one of each Pok\u00e9mon\n|rule|HP Percentage Mod: HP is shown in percentages\n|rule|Sleep Clause Mod: Limit one foe put to sleep\n|rule|Illusion Level Mod: Illusion disguises the Pok\u00e9mon's true level\n|\n|t:|1781406976\n|teamsize|p1|6\n|teamsize|p2|6\n|start\n|switch|p1a: Jolteon|Jolteon, L84, M|246/246\n|switch|p2a: Cobalion|Cobalion, L80|277/277\n|turn|1\n|inactive|Battle timer is ON: inactive players will automatically lose when time's up. (requested by Kool Kiddo)\n|\n|t:|1781406989\n|switch|p1a: Moltres|Moltres, L81|278/278\n|switch|p2a: Rillaboom|Rillaboom, L79, M|288/288\n|-fieldstart|move: Grassy Terrain|[from] ability: Grassy Surge|[of] p2a: Rillaboom\n|\n|upkeep\n|turn|2\n|\n|t:|1781407001\n|switch|p2a: Veluza|Veluza, L85, M|292/292\n|move|p1a: Moltres|Fire Blast|p2a: Veluza\n|-resisted|p2a: Veluza\n|-damage|p2a: Veluza|209/292\n|\n|-heal|p2a: Veluza|227/292|[from] Grassy Terrain\n|upkeep\n|turn|3\n|\n|t:|1781407006\n|move|p1a: Moltres|U-turn|p2a: Veluza\n|-supereffective|p2a: Veluza\n|-damage|p2a: Veluza|117/292\n|-enditem|p2a: Veluza|Sitrus Berry|[eat]\n|-heal|p2a: Veluza|190/292|[from] item: Sitrus Berry\n|\n|t:|1781407009\n|switch|p1a: Zarude|Zarude-Dada, L77|288/288|[from] U-turn\n|move|p2a: Veluza|Fillet Away|p2a: Veluza\n|-boost|p2a: Veluza|atk|2\n|-boost|p2a: Veluza|spa|2\n|-boost|p2a: Veluza|spe|2\n|-damage|p2a: Veluza|44/292\n|\n|-heal|p2a: Veluza|62/292|[from] Grassy Terrain\n|upkeep\n|turn|4\n|\n|t:|1781407016\n|move|p2a: Veluza|Aqua Cutter|p1a: Zarude\n|-resisted|p1a: Zarude\n|-damage|p1a: Zarude|165/288\n|move|p1a: Zarude|U-turn|p2a: Veluza\n|-supereffective|p2a: Veluza\n|-damage|p2a: Veluza|0 fnt\n|faint|p2a: Veluza\n|\n|t:|1781407021\n|switch|p1a: Moltres|Moltres, L81|278/278|[from] U-turn\n|\n|upkeep\n|\n|t:|1781407032\n|switch|p2a: Barraskewda|Barraskewda, L81, M|231/231\n|turn|5\n|\n|t:|1781407052\n|switch|p1a: Zarude|Zarude-Dada, L77|165/288\n|move|p2a: Barraskewda|Waterfall|p1a: Zarude\n|-resisted|p1a: Zarude\n|-damage|p1a: Zarude|92/288\n|\n|-heal|p1a: Zarude|110/288|[from] Grassy Terrain\n|-fieldend|move: Grassy Terrain\n|upkeep\n|turn|6\n|\n|t:|1781407075\n|switch|p2a: Rillaboom|Rillaboom, L79, M|288/288\n|-fieldstart|move: Grassy Terrain|[from] ability: Grassy Surge|[of] p2a: Rillaboom\n|move|p1a: Zarude|U-turn|p2a: Rillaboom\n|-supereffective|p2a: Rillaboom\n|-damage|p2a: Rillaboom|190/288\n|\n|t:|1781407078\n|switch|p1a: Moltres|Moltres, L81|278/278|[from] U-turn\n|\n|-heal|p2a: Rillaboom|208/288|[from] Grassy Terrain\n|upkeep\n|turn|7\n|\n|t:|1781407098\n|switch|p2a: Ursaring|Ursaring, L84, F|288/288\n|move|p1a: Moltres|Brave Bird|p2a: Ursaring\n|-damage|p2a: Ursaring|150/288\n|-damage|p1a: Moltres|232/278|[from] Recoil\n|\n|-heal|p2a: Ursaring|168/288|[from] Grassy Terrain\n|-status|p2a: Ursaring|tox|[from] item: Toxic Orb\n|upkeep\n|turn|8\n|\n|t:|1781407108\n|move|p2a: Ursaring|Facade|p1a: Moltres\n|-damage|p1a: Moltres|51/278\n|move|p1a: Moltres|Roost|p1a: Moltres\n|-heal|p1a: Moltres|190/278\n|-singleturn|p1a: Moltres|move: Roost\n|\n|-heal|p2a: Ursaring|186/288 tox|[from] Grassy Terrain\n|-heal|p1a: Moltres|207/278|[from] Grassy Terrain\n|-damage|p2a: Ursaring|168/288 tox|[from] psn\n|upkeep\n|turn|9\n|inactive|Cesar A Bedoya has 120 seconds left.\n|\n|t:|1781407162\n|move|p2a: Ursaring|Swords Dance|p2a: Ursaring\n|-boost|p2a: Ursaring|atk|2\n|move|p1a: Moltres|Fire Blast|p2a: Ursaring\n|-damage|p2a: Ursaring|30/288 tox\n|\n|-heal|p2a: Ursaring|48/288 tox|[from] Grassy Terrain\n|-damage|p2a: Ursaring|12/288 tox|[from] psn\n|upkeep\n|turn|10\n|\n|t:|1781407169\n|move|p2a: Ursaring|Facade|p1a: Moltres\n|-damage|p1a: Moltres|0 fnt\n|faint|p1a: Moltres\n|\n|-heal|p2a: Ursaring|30/288 tox|[from] Grassy Terrain\n|-damage|p2a: Ursaring|0 fnt|[from] psn\n|faint|p2a: Ursaring\n|-fieldend|move: Grassy Terrain\n|upkeep\n|\n|t:|1781407181\n|switch|p1a: Zarude|Zarude-Dada, L77|110/288\n|switch|p2a: Avalugg|Avalugg-Hisui, L90, F|317/317\n|turn|11\n|\n|t:|1781407186\n|move|p1a: Zarude|U-turn|p2a: Avalugg\n|-damage|p2a: Avalugg|291/317\n|\n|t:|1781407187\n|switch|p1a: Groudon|Groudon, L72|263/263|[from] U-turn\n|-weather|SunnyDay|[from] ability: Drought|[of] p1a: Groudon\n|move|p2a: Avalugg|Avalanche|p1a: Groudon\n|-supereffective|p1a: Groudon\n|-damage|p1a: Groudon|119/263\n|\n|-weather|SunnyDay|[upkeep]\n|-heal|p1a: Groudon|135/263|[from] item: Leftovers\n|upkeep\n|turn|12\n|inactive|Cesar A Bedoya has 120 seconds left.\n|\n|t:|1781407208\n|move|p2a: Avalugg|Avalanche|p1a: Groudon\n|-supereffective|p1a: Groudon\n|-damage|p1a: Groudon|0 fnt\n|faint|p1a: Groudon\n|\n|-weather|SunnyDay|[upkeep]\n|upkeep\n|\n|t:|1781407211\n|switch|p1a: Victreebel|Victreebel, L90, M|290/290\n|turn|13\n|\n|t:|1781407216\n|-terastallize|p1a: Victreebel|Fire\n|move|p1a: Victreebel|Weather Ball|p2a: Avalugg\n|-damage|p2a: Avalugg|0 fnt\n|faint|p2a: Avalugg\n|-damage|p1a: Victreebel|261/290|[from] item: Life Orb\n|\n|-weather|SunnyDay|[upkeep]\n|upkeep\n|\n|t:|1781407223\n|switch|p2a: Rillaboom|Rillaboom, L79, M|208/288\n|-fieldstart|move: Grassy Terrain|[from] ability: Grassy Surge|[of] p2a: Rillaboom\n|turn|14\n|\n|t:|1781407228\n|move|p2a: Rillaboom|Grassy Glide|p1a: Victreebel\n|-resisted|p1a: Victreebel\n|-damage|p1a: Victreebel|196/290\n|-damage|p2a: Rillaboom|180/288|[from] item: Life Orb\n|move|p1a: Victreebel|Sludge Wave|p2a: Rillaboom\n|-supereffective|p2a: Rillaboom\n|-damage|p2a: Rillaboom|0 fnt\n|faint|p2a: Rillaboom\n|-damage|p1a: Victreebel|167/290|[from] item: Life Orb\n|\n|-weather|SunnyDay|[upkeep]\n|-heal|p1a: Victreebel|185/290|[from] Grassy Terrain\n|upkeep\n|inactive|Cesar A Bedoya has 120 seconds left.\n|\n|t:|1781407240\n|switch|p2a: Barraskewda|Barraskewda, L81, M|231/231\n|turn|15\n|\n|t:|1781407243\n|switch|p2a: Cobalion|Cobalion, L80|277/277\n|move|p1a: Victreebel|Power Whip|p2a: Cobalion\n|-resisted|p2a: Cobalion\n|-damage|p2a: Cobalion|170/277\n|-damage|p1a: Victreebel|156/290|[from] item: Life Orb\n|\n|-weather|none\n|-heal|p1a: Victreebel|174/290|[from] Grassy Terrain\n|-heal|p2a: Cobalion|187/277|[from] Grassy Terrain\n|-heal|p2a: Cobalion|204/277|[from] item: Leftovers\n|upkeep\n|turn|16\n|\n|t:|1781407254\n|move|p2a: Cobalion|Iron Head|p1a: Victreebel\n|-resisted|p1a: Victreebel\n|-damage|p1a: Victreebel|129/290\n|move|p1a: Victreebel|Sunny Day|p1a: Victreebel\n|-weather|SunnyDay\n|\n|-weather|SunnyDay|[upkeep]\n|-heal|p1a: Victreebel|147/290|[from] Grassy Terrain\n|-heal|p2a: Cobalion|221/277|[from] Grassy Terrain\n|-heal|p2a: Cobalion|238/277|[from] item: Leftovers\n|upkeep\n|turn|17\n|\n|t:|1781407257\n|move|p1a: Victreebel|Weather Ball|p2a: Cobalion\n|-supereffective|p2a: Cobalion\n|-damage|p2a: Cobalion|0 fnt\n|faint|p2a: Cobalion\n|-damage|p1a: Victreebel|118/290|[from] item: Life Orb\n|\n|-weather|SunnyDay|[upkeep]\n|-heal|p1a: Victreebel|136/290|[from] Grassy Terrain\n|upkeep\n|-message|Cesar A Bedoya forfeited.\n|\n|win|Kool Kiddo\n", "uploadtime": 1781406977, "views": 3, "formatid": "gen9randombattle", "rating": null, "private": 0, "password": null}