{"id": "gen9randombattle-2631658070", "format": "[Gen 9] Random Battle", "players": ["Elysia_773", "Aoi531"], "log": "|j|\u2606Elysia_773\n|j|\u2606Aoi531\n|t:|1781416324\n|gametype|singles\n|player|p1|Elysia_773|miku-flying|2130\n|player|p2|Aoi531|lady|2129\n|gen|9\n|tier|[Gen 9] Random Battle\n|rated|\n|rule|Species Clause: Limit one of each Pok\u00e9mon\n|rule|HP Percentage Mod: HP is shown in percentages\n|rule|Sleep Clause Mod: Limit one foe put to sleep\n|rule|Illusion Level Mod: Illusion disguises the Pok\u00e9mon's true level\n|\n|t:|1781416324\n|teamsize|p1|6\n|teamsize|p2|6\n|start\n|switch|p1a: Gouging Fire|Gouging Fire, L74|277/277\n|switch|p2a: Galvantula|Galvantula, L82, M|249/249\n|turn|1\n|inactive|Battle timer is ON: inactive players will automatically lose when time's up. (requested by Elysia_773)\n|\n|t:|1781416355\n|move|p2a: Galvantula|Thunder|p1a: Gouging Fire\n|-resisted|p1a: Gouging Fire\n|-damage|p1a: Gouging Fire|216/277\n|move|p1a: Gouging Fire|Dragon Dance|p1a: Gouging Fire\n|-boost|p1a: Gouging Fire|atk|1\n|-boost|p1a: Gouging Fire|spe|1\n|\n|upkeep\n|turn|2\n|\n|t:|1781416372\n|move|p1a: Gouging Fire|Heat Crash|p2a: Galvantula\n|-supereffective|p2a: Galvantula\n|-enditem|p2a: Galvantula|Focus Sash\n|-damage|p2a: Galvantula|1/249\n|move|p2a: Galvantula|Thunder|p1a: Gouging Fire\n|-resisted|p1a: Gouging Fire\n|-damage|p1a: Gouging Fire|153/277\n|\n|upkeep\n|turn|3\n|\n|t:|1781416387\n|move|p1a: Gouging Fire|Heat Crash|p2a: Galvantula\n|-supereffective|p2a: Galvantula\n|-damage|p2a: Galvantula|0 fnt\n|faint|p2a: Galvantula\n|\n|upkeep\n|\n|t:|1781416393\n|switch|p2a: Pecharunt|Pecharunt, L77|262/262\n|turn|4\n|\n|t:|1781416399\n|move|p1a: Gouging Fire|Earthquake|p2a: Pecharunt\n|-supereffective|p2a: Pecharunt\n|-damage|p2a: Pecharunt|134/262\n|move|p2a: Pecharunt|Malignant Chain|p1a: Gouging Fire\n|-damage|p1a: Gouging Fire|68/277\n|-status|p1a: Gouging Fire|tox\n|-start|p1a: Gouging Fire|confusion|[from] ability: Poison Puppeteer|[of] p2a: Pecharunt\n|\n|-damage|p1a: Gouging Fire|51/277 tox|[from] psn\n|upkeep\n|turn|5\n|\n|t:|1781416408\n|-activate|p1a: Gouging Fire|confusion\n|-damage|p1a: Gouging Fire|18/277 tox|[from] confusion\n|move|p2a: Pecharunt|Recover|p2a: Pecharunt\n|-heal|p2a: Pecharunt|262/262\n|\n|-damage|p1a: Gouging Fire|0 fnt|[from] psn\n|faint|p1a: Gouging Fire\n|-end|p1a: Gouging Fire|Protosynthesis|[silent]\n|upkeep\n|\n|t:|1781416411\n|switch|p1a: Basculegion|Basculegion-F, L83, F|335/335\n|turn|6\n|\n|t:|1781416420\n|move|p2a: Pecharunt|Parting Shot|p1a: Basculegion\n|-unboost|p1a: Basculegion|atk|1\n|-unboost|p1a: Basculegion|spa|1\n|\n|t:|1781416430\n|switch|p2a: Tinkaton|Tinkaton, L82, F|274/274|[from] Parting Shot\n|-ability|p2a: Tinkaton|Mold Breaker\n|move|p1a: Basculegion|Shadow Ball|p2a: Tinkaton\n|-damage|p2a: Tinkaton|164/274\n|\n|-heal|p2a: Tinkaton|181/274|[from] item: Leftovers\n|upkeep\n|turn|7\n|\n|t:|1781416444\n|move|p2a: Tinkaton|Knock Off|p1a: Basculegion\n|-supereffective|p1a: Basculegion\n|-damage|p1a: Basculegion|197/335\n|-enditem|p1a: Basculegion|Choice Specs|[from] move: Knock Off|[of] p2a: Tinkaton\n|move|p1a: Basculegion|Shadow Ball|p2a: Tinkaton\n|-damage|p2a: Tinkaton|117/274\n|\n|-heal|p2a: Tinkaton|134/274|[from] item: Leftovers\n|upkeep\n|turn|8\n|\n|t:|1781416452\n|move|p2a: Tinkaton|Swords Dance|p2a: Tinkaton\n|-boost|p2a: Tinkaton|atk|2\n|move|p1a: Basculegion|Flip Turn|p2a: Tinkaton\n|-damage|p2a: Tinkaton|74/274\n|\n|t:|1781416465\n|switch|p1a: Vigoroth|Vigoroth, L85, F|275/275|[from] Flip Turn\n|\n|-heal|p2a: Tinkaton|91/274|[from] item: Leftovers\n|upkeep\n|turn|9\n|\n|t:|1781416473\n|move|p1a: Vigoroth|Knock Off|p2a: Tinkaton\n|-resisted|p2a: Tinkaton\n|-damage|p2a: Tinkaton|58/274\n|-enditem|p2a: Tinkaton|Leftovers|[from] move: Knock Off|[of] p1a: Vigoroth\n|move|p2a: Tinkaton|Knock Off|p1a: Vigoroth\n|-damage|p1a: Vigoroth|200/275\n|-enditem|p1a: Vigoroth|Eviolite|[from] move: Knock Off|[of] p2a: Tinkaton\n|\n|upkeep\n|turn|10\n|\n|t:|1781416486\n|move|p1a: Vigoroth|Bulk Up|p1a: Vigoroth\n|-boost|p1a: Vigoroth|atk|1\n|-boost|p1a: Vigoroth|def|1\n|move|p2a: Tinkaton|Gigaton Hammer|p1a: Vigoroth\n|-damage|p1a: Vigoroth|7/275\n|\n|upkeep\n|turn|11\n|\n|t:|1781416496\n|switch|p2a: Espathra|Espathra, L80, F|283/283\n|move|p1a: Vigoroth|Slack Off|p1a: Vigoroth\n|-heal|p1a: Vigoroth|145/275\n|\n|upkeep\n|turn|12\n|\n|t:|1781416504\n|move|p2a: Espathra|Lumina Crash|p1a: Vigoroth\n|-damage|p1a: Vigoroth|0 fnt\n|faint|p1a: Vigoroth\n|\n|-ability|p2a: Espathra|Speed Boost|boost\n|-boost|p2a: Espathra|spe|1\n|upkeep\n|\n|t:|1781416510\n|switch|p1a: Basculegion|Basculegion-F, L83, F|197/335\n|turn|13\n|\n|t:|1781416524\n|switch|p2a: Tinkaton|Tinkaton, L82, F|58/274\n|-ability|p2a: Tinkaton|Mold Breaker\n|move|p1a: Basculegion|Shadow Ball|p2a: Tinkaton\n|-damage|p2a: Tinkaton|0 fnt\n|faint|p2a: Tinkaton\n|\n|upkeep\n|\n|t:|1781416529\n|switch|p2a: Pecharunt|Pecharunt, L77|262/262\n|turn|14\n|\n|t:|1781416533\n|move|p2a: Pecharunt|Shadow Ball|p1a: Basculegion\n|-supereffective|p1a: Basculegion\n|-damage|p1a: Basculegion|35/335\n|move|p1a: Basculegion|Shadow Ball|p2a: Pecharunt\n|-supereffective|p2a: Pecharunt\n|-damage|p2a: Pecharunt|10/262\n|-unboost|p2a: Pecharunt|spd|1\n|\n|upkeep\n|turn|15\n|\n|t:|1781416536\n|move|p2a: Pecharunt|Shadow Ball|p1a: Basculegion\n|-supereffective|p1a: Basculegion\n|-damage|p1a: Basculegion|0 fnt\n|faint|p1a: Basculegion\n|\n|upkeep\n|\n|t:|1781416540\n|switch|p1a: Venomoth|Venomoth, L84, M|255/255\n|turn|16\n|\n|t:|1781416545\n|move|p1a: Venomoth|Quiver Dance|p1a: Venomoth\n|-boost|p1a: Venomoth|spa|1\n|-boost|p1a: Venomoth|spd|1\n|-boost|p1a: Venomoth|spe|1\n|move|p2a: Pecharunt|Parting Shot|p1a: Venomoth\n|-unboost|p1a: Venomoth|atk|1\n|-unboost|p1a: Venomoth|spa|1\n|\n|t:|1781416550\n|switch|p2a: Sableye|Sableye, L88, F|231/231|[from] Parting Shot\n|\n|upkeep\n|turn|17\n|\n|t:|1781416555\n|switch|p1a: Granbull|Granbull, L88, F|302/302\n|-ability|p1a: Granbull|Intimidate|boost\n|-unboost|p2a: Sableye|atk|1\n|move|p2a: Sableye|Encore||[still]\n|-fail|p2a: Sableye\n|\n|upkeep\n|turn|18\n|\n|t:|1781416557\n|move|p2a: Sableye|Will-O-Wisp|p1a: Granbull\n|-status|p1a: Granbull|brn\n|move|p1a: Granbull|Thunder Wave|p2a: Sableye\n|-status|p2a: Sableye|par\n|\n|-damage|p1a: Granbull|284/302 brn|[from] brn\n|upkeep\n|turn|19\n|inactive|Aoi531 has 120 seconds left.\n|inactive|Aoi531 has 90 seconds left.\n|\n|t:|1781416620\n|move|p1a: Granbull|Play Rough|p2a: Sableye\n|-supereffective|p2a: Sableye\n|-crit|p2a: Sableye\n|-damage|p2a: Sableye|30/231 par\n|move|p2a: Sableye|Knock Off|p1a: Granbull\n|-resisted|p1a: Granbull\n|-damage|p1a: Granbull|249/302 brn\n|-enditem|p1a: Granbull|Leftovers|[from] move: Knock Off|[of] p2a: Sableye\n|\n|-heal|p2a: Sableye|44/231 par|[from] item: Leftovers\n|-damage|p1a: Granbull|231/302 brn|[from] brn\n|upkeep\n|turn|20\n|inactive|Aoi531 has 90 seconds left.\n|\n|t:|1781416635\n|move|p2a: Sableye|Recover|p2a: Sableye\n|-heal|p2a: Sableye|160/231 par\n|move|p1a: Granbull|Play Rough|p2a: Sableye\n|-supereffective|p2a: Sableye\n|-damage|p2a: Sableye|24/231 par\n|\n|-heal|p2a: Sableye|38/231 par|[from] item: Leftovers\n|-damage|p1a: Granbull|213/302 brn|[from] brn\n|upkeep\n|turn|21\n|inactive|Aoi531 has 90 seconds left.\n|\n|t:|1781416642\n|switch|p2a: Amoonguss|Amoonguss, L82, F|321/321\n|move|p1a: Granbull|Play Rough|p2a: Amoonguss\n|-resisted|p2a: Amoonguss\n|-damage|p2a: Amoonguss|285/321\n|-damage|p1a: Granbull|163/302 brn|[from] item: Rocky Helmet|[of] p2a: Amoonguss\n|\n|-damage|p1a: Granbull|145/302 brn|[from] brn\n|upkeep\n|turn|22\n|inactive|Aoi531 has 90 seconds left.\n|\n|t:|1781416661\n|switch|p2a: Espathra|Espathra, L80, F|283/283\n|move|p1a: Granbull|Thunder Wave|p2a: Espathra\n|-status|p2a: Espathra|par\n|\n|-damage|p1a: Granbull|127/302 brn|[from] brn\n|upkeep\n|turn|23\n|inactive|Aoi531 has 90 seconds left.\n|\n|t:|1781416672\n|move|p2a: Espathra|Lumina Crash|p1a: Granbull\n|-damage|p1a: Granbull|0 fnt\n|faint|p1a: Granbull\n|\n|-ability|p2a: Espathra|Speed Boost|boost\n|-boost|p2a: Espathra|spe|1\n|upkeep\n|\n|t:|1781416683\n|switch|p1a: Avalugg|Avalugg, L88, F|310/310\n|turn|24\n|\n|t:|1781416686\n|move|p2a: Espathra|Lumina Crash|p1a: Avalugg\n|-damage|p1a: Avalugg|126/310\n|-unboost|p1a: Avalugg|spd|2\n|move|p1a: Avalugg|Avalanche|p2a: Espathra\n|-crit|p2a: Espathra\n|-damage|p2a: Espathra|0 fnt\n|faint|p2a: Espathra\n|\n|upkeep\n|\n|t:|1781416698\n|switch|p2a: Amoonguss|Amoonguss, L82, F|321/321\n|turn|25\n|\n|t:|1781416705\n|move|p2a: Amoonguss|Sludge Bomb|p1a: Avalugg\n|-damage|p1a: Avalugg|0 fnt\n|faint|p1a: Avalugg\n|\n|upkeep\n|\n|t:|1781416708\n|switch|p1a: Venomoth|Venomoth, L84, M|255/255\n|turn|26\n|\n|t:|1781416721\n|switch|p2a: Sableye|Sableye, L88, F|38/231 par\n|move|p1a: Venomoth|Quiver Dance|p1a: Venomoth\n|-boost|p1a: Venomoth|spa|1\n|-boost|p1a: Venomoth|spd|1\n|-boost|p1a: Venomoth|spe|1\n|\n|-heal|p2a: Sableye|52/231 par|[from] item: Leftovers\n|upkeep\n|turn|27\n|inactive|Aoi531 has 120 seconds left.\n|\n|t:|1781416726\n|cant|p2a: Sableye|par\n|move|p1a: Venomoth|Bug Buzz|p2a: Sableye\n|-damage|p2a: Sableye|0 fnt\n|faint|p2a: Sableye\n|\n|upkeep\n|inactive|Aoi531 has 120 seconds left.\n|-message|Aoi531 forfeited.\n|\n|win|Elysia_773\n", "uploadtime": 1781416326, "views": 4, "formatid": "gen9randombattle", "rating": null, "private": 0, "password": null}