{"id": "gen9randombattle-2631542682", "format": "[Gen 9] Random Battle", "players": ["TS7878", "Node"], "log": "|j|\u2606TS7878\n|j|\u2606Node\n|t:|1781398957\n|gametype|singles\n|player|p1|TS7878|fantina|2217\n|player|p2|Node|#rbtt9phantoms2|2292\n|gen|9\n|tier|[Gen 9] Random Battle\n|rated|\n|rule|Species Clause: Limit one of each Pok\u00e9mon\n|rule|HP Percentage Mod: HP is shown in percentages\n|rule|Sleep Clause Mod: Limit one foe put to sleep\n|rule|Illusion Level Mod: Illusion disguises the Pok\u00e9mon's true level\n|\n|t:|1781398957\n|teamsize|p1|6\n|teamsize|p2|6\n|start\n|switch|p1a: Typhlosion|Typhlosion-Hisui, L83, M|257/257\n|switch|p2a: Articuno|Articuno-Galar, L84|288/288\n|turn|1\n|inactive|Battle timer is ON: inactive players will automatically lose when time's up. (requested by TS7878)\n|\n|t:|1781398971\n|switch|p2a: Hitmontop|Hitmontop, L88, M|231/231\n|-ability|p2a: Hitmontop|Intimidate|boost\n|-unboost|p1a: Typhlosion|atk|1\n|move|p1a: Typhlosion|Shadow Ball|p2a: Hitmontop\n|-damage|p2a: Hitmontop|180/231\n|\n|upkeep\n|turn|2\n|\n|t:|1781398982\n|switch|p1a: Carbink|Carbink, L90|236/236\n|move|p2a: Hitmontop|Close Combat|p1a: Carbink\n|-damage|p1a: Carbink|148/236\n|-unboost|p2a: Hitmontop|def|1\n|-unboost|p2a: Hitmontop|spd|1\n|\n|upkeep\n|turn|3\n|inactive|Node has 120 seconds left.\n|inactive|Node has 90 seconds left.\n|\n|t:|1781399065\n|move|p2a: Hitmontop|Earthquake|p1a: Carbink\n|-supereffective|p1a: Carbink\n|-damage|p1a: Carbink|60/236\n|move|p1a: Carbink|Moonblast|p2a: Hitmontop\n|-supereffective|p2a: Hitmontop\n|-damage|p2a: Hitmontop|54/231\n|\n|upkeep\n|turn|4\n|\n|t:|1781399075\n|switch|p1a: Conkeldurr|Conkeldurr, L80, M|299/299\n|move|p2a: Hitmontop|Earthquake|p1a: Conkeldurr\n|-damage|p1a: Conkeldurr|221/299\n|\n|-status|p1a: Conkeldurr|brn|[from] item: Flame Orb\n|upkeep\n|turn|5\n|\n|t:|1781399081\n|move|p1a: Conkeldurr|Mach Punch|p2a: Hitmontop\n|-damage|p2a: Hitmontop|0 fnt\n|faint|p2a: Hitmontop\n|\n|-damage|p1a: Conkeldurr|203/299 brn|[from] brn\n|upkeep\n|\n|t:|1781399090\n|switch|p2a: Articuno|Articuno-Galar, L84|288/288\n|turn|6\n|\n|t:|1781399098\n|switch|p1a: Beartic|Beartic, L91, M|321/321\n|move|p2a: Articuno|Freezing Glare|p1a: Beartic\n|-damage|p1a: Beartic|213/321\n|\n|upkeep\n|turn|7\n|inactive|Node has 90 seconds left.\n|\n|t:|1781399126\n|switch|p2a: Flareon|Flareon, L90, M|263/263\n|move|p1a: Beartic|Snowscape|p1a: Beartic\n|-weather|Snowscape\n|\n|-weather|Snowscape|[upkeep]\n|-status|p2a: Flareon|tox|[from] item: Toxic Orb\n|upkeep\n|turn|8\n|inactive|TS7878 has 120 seconds left.\n|inactive|Node has 60 seconds left.\n|\n|t:|1781399173\n|-terastallize|p2a: Flareon|Normal\n|move|p1a: Beartic|Earthquake|p2a: Flareon\n|-damage|p2a: Flareon|127/263 tox\n|move|p2a: Flareon|Flare Blitz|p1a: Beartic\n|-supereffective|p1a: Beartic\n|-damage|p1a: Beartic|0 fnt\n|faint|p1a: Beartic\n|-damage|p2a: Flareon|57/263 tox|[from] Recoil\n|\n|-weather|Snowscape|[upkeep]\n|-damage|p2a: Flareon|41/263 tox|[from] psn\n|upkeep\n|\n|t:|1781399190\n|switch|p1a: Conkeldurr|Conkeldurr, L80, M|203/299 brn\n|turn|9\n|\n|t:|1781399194\n|move|p2a: Flareon|Quick Attack|p1a: Conkeldurr\n|-damage|p1a: Conkeldurr|109/299 brn\n|move|p1a: Conkeldurr|Mach Punch|p2a: Flareon\n|-supereffective|p2a: Flareon\n|-damage|p2a: Flareon|0 fnt\n|faint|p2a: Flareon\n|\n|-weather|Snowscape|[upkeep]\n|-damage|p1a: Conkeldurr|91/299 brn|[from] brn\n|upkeep\n|\n|t:|1781399204\n|switch|p2a: Articuno|Articuno-Galar, L84|288/288\n|turn|10\n|\n|t:|1781399208\n|switch|p1a: Carbink|Carbink, L90|60/236\n|move|p2a: Articuno|Freezing Glare|p1a: Carbink\n|-damage|p1a: Carbink|0 fnt\n|faint|p1a: Carbink\n|\n|-weather|Snowscape|[upkeep]\n|upkeep\n|inactive|TS7878 has 120 seconds left.\n|\n|t:|1781399239\n|switch|p1a: Haxorus|Haxorus, L77, M|244/244\n|-ability|p1a: Haxorus|Mold Breaker\n|turn|11\n|inactive|Node has 90 seconds left.\n|\n|t:|1781399253\n|move|p2a: Articuno|Hurricane|p1a: Haxorus\n|-damage|p1a: Haxorus|55/244\n|move|p1a: Haxorus|Dragon Dance|p1a: Haxorus\n|-boost|p1a: Haxorus|atk|1\n|-boost|p1a: Haxorus|spe|1\n|\n|-weather|none\n|upkeep\n|turn|12\n|inactive|Node has 90 seconds left.\n|\n|t:|1781399260\n|switch|p2a: Toedscruel|Toedscruel, L87, M|281/281\n|move|p1a: Haxorus|Outrage|p2a: Toedscruel\n|-damage|p2a: Toedscruel|0 fnt\n|faint|p2a: Toedscruel\n|\n|upkeep\n|\n|t:|1781399262\n|switch|p2a: Urshifu|Urshifu, L74, F|270/270\n|turn|13\n|\n|t:|1781399271\n|move|p1a: Haxorus|Outrage|p2a: Urshifu|[from] lockedmove\n|-damage|p2a: Urshifu|41/270\n|-start|p1a: Haxorus|confusion|[fatigue]\n|-enditem|p1a: Haxorus|Lum Berry|[eat]\n|-end|p1a: Haxorus|confusion\n|move|p2a: Urshifu|U-turn|p1a: Haxorus\n|-damage|p1a: Haxorus|0 fnt\n|faint|p1a: Haxorus\n|\n|t:|1781399280\n|switch|p2a: Articuno|Articuno-Galar, L84|288/288|[from] U-turn\n|\n|upkeep\n|\n|t:|1781399283\n|switch|p1a: Gastrodon|Gastrodon, L86, M|331/331\n|turn|14\n|\n|t:|1781399289\n|move|p2a: Articuno|Calm Mind|p2a: Articuno\n|-boost|p2a: Articuno|spa|1\n|-boost|p2a: Articuno|spd|1\n|move|p1a: Gastrodon|Sludge Bomb|p2a: Articuno\n|-damage|p2a: Articuno|252/288\n|-status|p2a: Articuno|psn\n|\n|-damage|p2a: Articuno|216/288 psn|[from] psn\n|upkeep\n|turn|15\n|\n|t:|1781399299\n|switch|p1a: Conkeldurr|Conkeldurr, L80, M|91/299 brn\n|move|p2a: Articuno|Calm Mind|p2a: Articuno\n|-boost|p2a: Articuno|spa|1\n|-boost|p2a: Articuno|spd|1\n|\n|-damage|p2a: Articuno|180/288 psn|[from] psn\n|-damage|p1a: Conkeldurr|73/299 brn|[from] brn\n|upkeep\n|turn|16\n|\n|t:|1781399305\n|move|p1a: Conkeldurr|Mach Punch|p2a: Articuno\n|-resisted|p2a: Articuno\n|-damage|p2a: Articuno|159/288 psn\n|move|p2a: Articuno|Freezing Glare|p1a: Conkeldurr\n|-supereffective|p1a: Conkeldurr\n|-damage|p1a: Conkeldurr|0 fnt\n|faint|p1a: Conkeldurr\n|\n|-damage|p2a: Articuno|123/288 psn|[from] psn\n|upkeep\n|inactive|TS7878 has 120 seconds left.\n|\n|t:|1781399337\n|switch|p1a: Typhlosion|Typhlosion-Hisui, L83, M|257/257\n|turn|17\n|\n|t:|1781399343\n|-terastallize|p1a: Typhlosion|Fire\n|move|p1a: Typhlosion|Eruption|p2a: Articuno\n|-damage|p2a: Articuno|7/288 psn\n|move|p2a: Articuno|Recover|p2a: Articuno\n|-heal|p2a: Articuno|151/288 psn\n|\n|-damage|p2a: Articuno|115/288 psn|[from] psn\n|upkeep\n|turn|18\n|\n|t:|1781399349\n|move|p1a: Typhlosion|Eruption|p2a: Articuno\n|-damage|p2a: Articuno|3/288 psn\n|move|p2a: Articuno|Freezing Glare|p1a: Typhlosion\n|-damage|p1a: Typhlosion|16/257\n|\n|-damage|p2a: Articuno|0 fnt|[from] psn\n|faint|p2a: Articuno\n|upkeep\n|\n|t:|1781399354\n|switch|p2a: Oricorio|Oricorio-Pa'u, L87, M|272/272\n|turn|19\n|\n|t:|1781399357\n|switch|p1a: Gastrodon|Gastrodon, L86, M|331/331\n|move|p2a: Oricorio|Quiver Dance|p2a: Oricorio\n|-boost|p2a: Oricorio|spa|1\n|-boost|p2a: Oricorio|spd|1\n|-boost|p2a: Oricorio|spe|1\n|\n|upkeep\n|turn|20\n|\n|t:|1781399374\n|move|p2a: Oricorio|Quiver Dance|p2a: Oricorio\n|-boost|p2a: Oricorio|spa|1\n|-boost|p2a: Oricorio|spd|1\n|-boost|p2a: Oricorio|spe|1\n|move|p1a: Gastrodon|Sludge Bomb|p2a: Oricorio\n|-damage|p2a: Oricorio|236/272\n|\n|upkeep\n|turn|21\n|\n|t:|1781399380\n|move|p2a: Oricorio|Revelation Dance|p1a: Gastrodon\n|-damage|p1a: Gastrodon|103/331\n|move|p1a: Gastrodon|Sludge Bomb|p2a: Oricorio\n|-damage|p2a: Oricorio|197/272\n|-status|p2a: Oricorio|psn\n|\n|-heal|p1a: Gastrodon|123/331|[from] item: Leftovers\n|-damage|p2a: Oricorio|163/272 psn|[from] psn\n|upkeep\n|turn|22\n|\n|t:|1781399384\n|move|p2a: Oricorio|Revelation Dance|p1a: Gastrodon\n|-damage|p1a: Gastrodon|0 fnt\n|faint|p1a: Gastrodon\n|\n|-damage|p2a: Oricorio|129/272 psn|[from] psn\n|upkeep\n|\n|t:|1781399386\n|switch|p1a: Typhlosion|Typhlosion-Hisui, L83, M, tera:Fire|16/257\n|turn|23\n|\n|t:|1781399408\n|move|p2a: Oricorio|Revelation Dance|p1a: Typhlosion\n|-damage|p1a: Typhlosion|0 fnt\n|faint|p1a: Typhlosion\n|\n|win|Node\n", "uploadtime": 1781398959, "views": 5, "formatid": "gen9randombattle", "rating": null, "private": 0, "password": null}