{"id": "gen9randombattle-2631906139", "format": "[Gen 9] Random Battle", "players": ["cyn89", "Soul Gem"], "log": "|j|\u2606cyn89\n|j|\u2606Soul Gem\n|t:|1781454213\n|gametype|singles\n|player|p1|cyn89|266|1833\n|player|p2|Soul Gem|misty|1890\n|gen|9\n|tier|[Gen 9] Random Battle\n|rated|\n|rule|Species Clause: Limit one of each Pok\u00e9mon\n|rule|HP Percentage Mod: HP is shown in percentages\n|rule|Sleep Clause Mod: Limit one foe put to sleep\n|rule|Illusion Level Mod: Illusion disguises the Pok\u00e9mon's true level\n|\n|t:|1781454213\n|teamsize|p1|6\n|teamsize|p2|6\n|start\n|switch|p1a: Lunala|Lunala, L70|308/308\n|switch|p2a: Misdreavus|Misdreavus, L90, M|254/254\n|turn|1\n|inactive|Battle timer is ON: inactive players will automatically lose when time's up. (requested by cyn89)\n|\n|t:|1781454243\n|switch|p2a: Greninja|Greninja, L80, M|246/246\n|switch|p1a: Wigglytuff|Wigglytuff, L96, F|424/424\n|\n|upkeep\n|turn|2\n|\n|t:|1781454268\n|switch|p2a: Amoonguss|Amoonguss, L82, F|321/321\n|-terastallize|p1a: Wigglytuff|Steel\n|move|p1a: Wigglytuff|Thunder Wave|p2a: Amoonguss\n|-status|p2a: Amoonguss|par\n|\n|upkeep\n|turn|3\n|\n|t:|1781454280\n|move|p1a: Wigglytuff|Knock Off|p2a: Amoonguss\n|-damage|p2a: Amoonguss|237/321 par\n|-enditem|p2a: Amoonguss|Leftovers|[from] move: Knock Off|[of] p1a: Wigglytuff\n|cant|p2a: Amoonguss|par\n|\n|upkeep\n|turn|4\n|\n|t:|1781454286\n|move|p1a: Wigglytuff|Fire Blast|p2a: Amoonguss\n|-supereffective|p2a: Amoonguss\n|-damage|p2a: Amoonguss|49/321 par\n|move|p2a: Amoonguss|Spore|p1a: Wigglytuff\n|-status|p1a: Wigglytuff|slp|[from] move: Spore\n|\n|upkeep\n|turn|5\n|\n|t:|1781454302\n|switch|p2a: Flareon|Flareon, L90, M|263/263\n|cant|p1a: Wigglytuff|slp\n|\n|-status|p2a: Flareon|tox|[from] item: Toxic Orb\n|upkeep\n|turn|6\n|\n|t:|1781454315\n|switch|p1a: Lunala|Lunala, L70|308/308\n|move|p2a: Flareon|Flare Blitz|p1a: Lunala\n|-damage|p1a: Lunala|140/308\n|-damage|p2a: Flareon|208/263 tox|[from] Recoil\n|\n|-heal|p1a: Lunala|159/308|[from] item: Leftovers\n|-damage|p2a: Flareon|192/263 tox|[from] psn\n|upkeep\n|turn|7\n|\n|t:|1781454327\n|move|p1a: Lunala|Moonlight|p1a: Lunala\n|-heal|p1a: Lunala|308/308\n|move|p2a: Flareon|Flare Blitz|p1a: Lunala\n|-damage|p1a: Lunala|158/308\n|-status|p1a: Lunala|brn\n|-damage|p2a: Flareon|142/263 tox|[from] Recoil\n|\n|-heal|p1a: Lunala|177/308 brn|[from] item: Leftovers\n|-damage|p2a: Flareon|110/263 tox|[from] psn\n|-damage|p1a: Lunala|158/308 brn|[from] brn\n|upkeep\n|turn|8\n|\n|t:|1781454342\n|switch|p2a: Chansey|Chansey, L85, F|564/564\n|move|p1a: Lunala|Moongeist Beam|p2a: Chansey\n|-immune|p2a: Chansey\n|\n|-heal|p1a: Lunala|177/308 brn|[from] item: Leftovers\n|-damage|p1a: Lunala|158/308 brn|[from] brn\n|upkeep\n|turn|9\n|\n|t:|1781454352\n|switch|p1a: Wigglytuff|Wigglytuff, L96, F, tera:Steel|424/424 slp\n|move|p2a: Chansey|Stealth Rock|p1a: Wigglytuff\n|-sidestart|p1: cyn89|move: Stealth Rock\n|\n|upkeep\n|turn|10\n|\n|t:|1781454363\n|switch|p2a: Flareon|Flareon, L90, M|110/263 tox\n|cant|p1a: Wigglytuff|slp\n|\n|-damage|p2a: Flareon|94/263 tox|[from] psn\n|upkeep\n|turn|11\n|\n|t:|1781454377\n|switch|p1a: Kingdra|Kingdra, L84, F|263/263\n|-damage|p1a: Kingdra|231/263|[from] Stealth Rock\n|move|p2a: Flareon|Flare Blitz|p1a: Kingdra\n|-resisted|p1a: Kingdra\n|-damage|p1a: Kingdra|168/263\n|-damage|p2a: Flareon|73/263 tox|[from] Recoil\n|\n|-damage|p2a: Flareon|41/263 tox|[from] psn\n|upkeep\n|turn|12\n|\n|t:|1781454392\n|switch|p2a: Misdreavus|Misdreavus, L90, M|254/254\n|move|p1a: Kingdra|Wave Crash|p2a: Misdreavus\n|-damage|p2a: Misdreavus|108/254\n|-damage|p1a: Kingdra|120/263|[from] Recoil\n|-damage|p1a: Kingdra|94/263|[from] item: Life Orb\n|\n|upkeep\n|turn|13\n|\n|t:|1781454412\n|switch|p1a: Wigglytuff|Wigglytuff, L96, F, tera:Steel|424/424 slp\n|-damage|p1a: Wigglytuff|398/424 slp|[from] Stealth Rock\n|move|p2a: Misdreavus|Draining Kiss|p1a: Wigglytuff\n|-resisted|p1a: Wigglytuff\n|-damage|p1a: Wigglytuff|374/424 slp\n|-heal|p2a: Misdreavus|126/254|[from] drain|[of] p1a: Wigglytuff\n|\n|-heal|p1a: Wigglytuff|400/424 slp|[from] item: Leftovers\n|upkeep\n|turn|14\n|\n|t:|1781454421\n|switch|p2a: Flareon|Flareon, L90, M|41/263 tox\n|cant|p1a: Wigglytuff|slp\n|\n|-heal|p1a: Wigglytuff|424/424 slp|[from] item: Leftovers\n|-damage|p2a: Flareon|25/263 tox|[from] psn\n|upkeep\n|turn|15\n|\n|t:|1781454433\n|switch|p1a: Lunala|Lunala, L70|158/308 brn\n|-damage|p1a: Lunala|120/308 brn|[from] Stealth Rock\n|move|p2a: Flareon|Flare Blitz|p1a: Lunala\n|-damage|p1a: Lunala|0 fnt\n|faint|p1a: Lunala\n|-damage|p2a: Flareon|0 fnt|[from] Recoil\n|faint|p2a: Flareon\n|\n|upkeep\n|\n|t:|1781454442\n|switch|p1a: Wigglytuff|Wigglytuff, L96, F, tera:Steel|424/424 slp\n|switch|p2a: Greninja|Greninja, L80, M|246/246\n|-damage|p1a: Wigglytuff|398/424 slp|[from] Stealth Rock\n|turn|16\n|inactive|Soul Gem has 120 seconds left.\n|\n|t:|1781454473\n|switch|p2a: Chansey|Chansey, L85, F|564/564\n|-curestatus|p1a: Wigglytuff|slp|[msg]\n|move|p1a: Wigglytuff|Knock Off|p2a: Chansey\n|-damage|p2a: Chansey|390/564\n|-enditem|p2a: Chansey|Eviolite|[from] move: Knock Off|[of] p1a: Wigglytuff\n|\n|-heal|p1a: Wigglytuff|424/424|[from] item: Leftovers\n|upkeep\n|turn|17\n|\n|t:|1781454483\n|switch|p1a: Kingdra|Kingdra, L84, F|94/263\n|-damage|p1a: Kingdra|62/263|[from] Stealth Rock\n|move|p2a: Chansey|Thunder Wave|p1a: Kingdra\n|-status|p1a: Kingdra|par\n|\n|upkeep\n|turn|18\n|\n|t:|1781454492\n|move|p2a: Chansey|Seismic Toss|p1a: Kingdra\n|-damage|p1a: Kingdra|0 fnt\n|faint|p1a: Kingdra\n|\n|upkeep\n|\n|t:|1781454505\n|switch|p1a: Pikachu|Pikachu-Hoenn, L93, F|216/216\n|-damage|p1a: Pikachu|189/216|[from] Stealth Rock\n|turn|19\n|\n|t:|1781454518\n|switch|p2a: Amoonguss|Amoonguss, L82, F|156/321 par\n|move|p1a: Pikachu|Volt Switch|p2a: Amoonguss\n|-resisted|p2a: Amoonguss\n|-damage|p2a: Amoonguss|91/321 par\n|\n|t:|1781454529\n|switch|p1a: Wigglytuff|Wigglytuff, L96, F, tera:Steel|424/424|[from] Volt Switch\n|-damage|p1a: Wigglytuff|398/424|[from] Stealth Rock\n|\n|-heal|p1a: Wigglytuff|424/424|[from] item: Leftovers\n|upkeep\n|turn|20\n|inactive|Soul Gem has 120 seconds left.\n|\n|t:|1781454581\n|switch|p2a: Chansey|Chansey, L85, F|390/564\n|move|p1a: Wigglytuff|Knock Off|p2a: Chansey\n|-damage|p2a: Chansey|239/564\n|\n|upkeep\n|turn|21\n|\n|t:|1781454588\n|switch|p1a: Pikachu|Pikachu-Hoenn, L93, F|189/216\n|-damage|p1a: Pikachu|162/216|[from] Stealth Rock\n|move|p2a: Chansey|Soft-Boiled|p2a: Chansey\n|-heal|p2a: Chansey|521/564\n|\n|upkeep\n|turn|22\n|\n|t:|1781454596\n|switch|p2a: Amoonguss|Amoonguss, L82, F|198/321 par\n|move|p1a: Pikachu|Volt Tackle|p2a: Amoonguss\n|-resisted|p2a: Amoonguss\n|-damage|p2a: Amoonguss|81/321 par\n|-damage|p1a: Pikachu|123/216|[from] Recoil\n|\n|upkeep\n|turn|23\n|\n|t:|1781454605\n|switch|p2a: Misdreavus|Misdreavus, L90, M|126/254\n|move|p1a: Pikachu|Volt Tackle|p2a: Misdreavus\n|-damage|p2a: Misdreavus|0 fnt\n|faint|p2a: Misdreavus\n|-damage|p1a: Pikachu|81/216|[from] Recoil\n|\n|upkeep\n|\n|t:|1781454613\n|switch|p2a: Greninja|Greninja, L80, M|246/246\n|turn|24\n|\n|t:|1781454617\n|switch|p1a: Wigglytuff|Wigglytuff, L96, F, tera:Steel|424/424\n|-damage|p1a: Wigglytuff|398/424|[from] Stealth Rock\n|move|p2a: Greninja|Dark Pulse|p1a: Wigglytuff\n|-damage|p1a: Wigglytuff|254/424\n|-damage|p2a: Greninja|222/246|[from] item: Life Orb\n|\n|-heal|p1a: Wigglytuff|280/424|[from] item: Leftovers\n|upkeep\n|turn|25\n|\n|t:|1781454633\n|switch|p2a: Chansey|Chansey, L85, F|521/564\n|switch|p1a: Pikachu|Pikachu-Hoenn, L93, F|81/216\n|-damage|p1a: Pikachu|54/216|[from] Stealth Rock\n|\n|upkeep\n|turn|26\n|\n|t:|1781454641\n|switch|p2a: Amoonguss|Amoonguss, L82, F|188/321 par\n|move|p1a: Pikachu|Volt Tackle|p2a: Amoonguss\n|-resisted|p2a: Amoonguss\n|-damage|p2a: Amoonguss|65/321 par\n|-damage|p1a: Pikachu|13/216|[from] Recoil\n|\n|upkeep\n|turn|27\n|\n|t:|1781454649\n|move|p1a: Pikachu|Volt Tackle|p2a: Amoonguss\n|-resisted|p2a: Amoonguss\n|-damage|p2a: Amoonguss|0 fnt\n|faint|p2a: Amoonguss\n|-damage|p1a: Pikachu|0 fnt|[from] Recoil\n|faint|p1a: Pikachu\n|\n|upkeep\n|\n|t:|1781454668\n|switch|p1a: Wigglytuff|Wigglytuff, L96, F, tera:Steel|280/424\n|switch|p2a: Chansey|Chansey, L85, F|521/564\n|-damage|p1a: Wigglytuff|254/424|[from] Stealth Rock\n|turn|28\n|\n|t:|1781454674\n|move|p1a: Wigglytuff|Thunder Wave|p2a: Chansey\n|-status|p2a: Chansey|par\n|move|p2a: Chansey|Thunder Wave|p1a: Wigglytuff\n|-status|p1a: Wigglytuff|par\n|\n|-heal|p1a: Wigglytuff|280/424 par|[from] item: Leftovers\n|upkeep\n|turn|29\n|\n|t:|1781454682\n|move|p1a: Wigglytuff|Dazzling Gleam|p2a: Chansey\n|-damage|p2a: Chansey|433/564 par\n|move|p2a: Chansey|Seismic Toss|p1a: Wigglytuff\n|-damage|p1a: Wigglytuff|195/424 par\n|\n|-heal|p1a: Wigglytuff|221/424 par|[from] item: Leftovers\n|upkeep\n|turn|30\n|\n|t:|1781454689\n|move|p1a: Wigglytuff|Dazzling Gleam|p2a: Chansey\n|-damage|p2a: Chansey|354/564 par\n|move|p2a: Chansey|Seismic Toss|p1a: Wigglytuff\n|-damage|p1a: Wigglytuff|136/424 par\n|\n|-heal|p1a: Wigglytuff|162/424 par|[from] item: Leftovers\n|upkeep\n|turn|31\n|\n|t:|1781454695\n|move|p1a: Wigglytuff|Dazzling Gleam|p2a: Chansey\n|-damage|p2a: Chansey|263/564 par\n|cant|p2a: Chansey|par\n|\n|-heal|p1a: Wigglytuff|188/424 par|[from] item: Leftovers\n|upkeep\n|turn|32\n|\n|t:|1781454702\n|switch|p1a: Hydreigon|Hydreigon, L79, F|275/275\n|-damage|p1a: Hydreigon|241/275|[from] Stealth Rock\n|move|p2a: Chansey|Soft-Boiled|p2a: Chansey\n|-heal|p2a: Chansey|545/564 par\n|\n|upkeep\n|turn|33\n|\n|t:|1781454713\n|-curestatus|p2a: Chansey|par|[from] ability: Natural Cure|[silent]\n|switch|p2a: Dragonite|Dragonite, L74, F|257/257\n|move|p1a: Hydreigon|Dark Pulse|p2a: Dragonite\n|-damage|p2a: Dragonite|191/257\n|\n|upkeep\n|turn|34\n|\n|t:|1781454721\n|move|p1a: Hydreigon|Dark Pulse|p2a: Dragonite\n|-damage|p2a: Dragonite|46/257\n|cant|p2a: Dragonite|flinch\n|\n|upkeep\n|turn|35\n|\n|t:|1781454726\n|switch|p2a: Chansey|Chansey, L85, F|545/564\n|move|p1a: Hydreigon|Dark Pulse|p2a: Chansey\n|-damage|p2a: Chansey|421/564\n|\n|upkeep\n|turn|36\n|\n|t:|1781454733\n|switch|p1a: Wigglytuff|Wigglytuff, L96, F, tera:Steel|188/424 par\n|-damage|p1a: Wigglytuff|162/424 par|[from] Stealth Rock\n|move|p2a: Chansey|Seismic Toss|p1a: Wigglytuff\n|-damage|p1a: Wigglytuff|77/424 par\n|\n|-heal|p1a: Wigglytuff|103/424 par|[from] item: Leftovers\n|upkeep\n|turn|37\n|\n|t:|1781454742\n|move|p2a: Chansey|Seismic Toss|p1a: Wigglytuff\n|-damage|p1a: Wigglytuff|18/424 par\n|move|p1a: Wigglytuff|Knock Off|p2a: Chansey\n|-damage|p2a: Chansey|263/564\n|\n|-heal|p1a: Wigglytuff|44/424 par|[from] item: Leftovers\n|upkeep\n|turn|38\n|\n|t:|1781454755\n|switch|p1a: Iron Bundle|Iron Bundle, L78|215/215\n|move|p2a: Chansey|Seismic Toss|p1a: Iron Bundle\n|-damage|p1a: Iron Bundle|130/215\n|\n|upkeep\n|turn|39\n|\n|t:|1781454762\n|move|p1a: Iron Bundle|Encore|p2a: Chansey\n|-start|p2a: Chansey|Encore\n|move|p2a: Chansey|Seismic Toss|p1a: Iron Bundle\n|-damage|p1a: Iron Bundle|45/215\n|\n|upkeep\n|turn|40\n|\n|t:|1781454776\n|move|p1a: Iron Bundle|Ice Beam|p2a: Chansey\n|-crit|p2a: Chansey\n|-damage|p2a: Chansey|140/564\n|move|p2a: Chansey|Seismic Toss|p1a: Iron Bundle\n|-damage|p1a: Iron Bundle|0 fnt\n|faint|p1a: Iron Bundle\n|-end|p1a: Iron Bundle|Quark Drive|[silent]\n|\n|upkeep\n|\n|t:|1781454783\n|switch|p1a: Hydreigon|Hydreigon, L79, F|241/275\n|-damage|p1a: Hydreigon|207/275|[from] Stealth Rock\n|turn|41\n|\n|t:|1781454789\n|move|p1a: Hydreigon|Dark Pulse|p2a: Chansey\n|-damage|p2a: Chansey|31/564\n|move|p2a: Chansey|Seismic Toss|p1a: Hydreigon\n|-damage|p1a: Hydreigon|122/275\n|\n|-end|p2a: Chansey|Encore\n|upkeep\n|turn|42\n|\n|t:|1781454796\n|move|p1a: Hydreigon|Dark Pulse|p2a: Chansey\n|-crit|p2a: Chansey\n|-damage|p2a: Chansey|0 fnt\n|faint|p2a: Chansey\n|\n|upkeep\n|\n|t:|1781454798\n|switch|p2a: Greninja|Greninja, L80, M|222/246\n|turn|43\n|\n|t:|1781454806\n|switch|p1a: Wigglytuff|Wigglytuff, L96, F, tera:Steel|44/424 par\n|-damage|p1a: Wigglytuff|18/424 par|[from] Stealth Rock\n|move|p2a: Greninja|Ice Beam|p1a: Wigglytuff\n|-resisted|p1a: Wigglytuff\n|-damage|p1a: Wigglytuff|0 fnt\n|faint|p1a: Wigglytuff\n|-ability|p2a: Greninja|Battle Bond|boost\n|-boost|p2a: Greninja|atk|1\n|-boost|p2a: Greninja|spa|1\n|-boost|p2a: Greninja|spe|1\n|-activate|p2a: Greninja|ability: Battle Bond\n|-damage|p2a: Greninja|198/246|[from] item: Life Orb\n|\n|upkeep\n|-message|cyn89 forfeited.\n|\n|win|Soul Gem\n|raw|cyn89's rating: 1833 &rarr; <strong>1816</strong><br />(-17 for losing)\n|raw|Soul Gem's rating: 1890 &rarr; <strong>1907</strong><br />(+17 for winning)\n|l|\u2606cyn89\n|player|p1|\n", "uploadtime": 1781454820, "views": 2, "formatid": "gen9randombattle", "rating": 1816, "private": 0, "password": null}