{"id": "gen9randombattle-2631434898", "format": "[Gen 9] Random Battle", "players": ["danrdx", "sanos"], "log": "|j|\u2606danrdx\n|j|\u2606sanos\n|t:|1781384267\n|gametype|singles\n|player|p1|danrdx|blue|1918\n|player|p2|sanos|nate|1903\n|gen|9\n|tier|[Gen 9] Random Battle\n|rated|\n|rule|Species Clause: Limit one of each Pok\u00e9mon\n|rule|HP Percentage Mod: HP is shown in percentages\n|rule|Sleep Clause Mod: Limit one foe put to sleep\n|rule|Illusion Level Mod: Illusion disguises the Pok\u00e9mon's true level\n|\n|t:|1781384267\n|teamsize|p1|6\n|teamsize|p2|6\n|start\n|switch|p1a: Sableye|Sableye, L88, F|231/231\n|switch|p2a: Wigglytuff|Wigglytuff, L96, F|424/424\n|turn|1\n|\n|t:|1781384278\n|switch|p1a: Gengar|Gengar, L81, F|230/230\n|move|p2a: Wigglytuff|Alluring Voice|p1a: Gengar\n|-resisted|p1a: Gengar\n|-damage|p1a: Gengar|175/230\n|\n|upkeep\n|turn|2\n|\n|t:|1781384301\n|switch|p2a: Meloetta|Meloetta, L82|298/298\n|move|p1a: Gengar|Focus Blast|p2a: Meloetta\n|-damage|p2a: Meloetta|206/298\n|-damage|p1a: Gengar|152/230|[from] item: Life Orb\n|\n|upkeep\n|turn|3\n|\n|t:|1781384317\n|switch|p1a: Sableye|Sableye, L88, F|231/231\n|move|p2a: Meloetta|Knock Off|p1a: Sableye\n|-damage|p1a: Sableye|156/231\n|-enditem|p1a: Sableye|Leftovers|[from] move: Knock Off|[of] p2a: Meloetta\n|-damage|p2a: Meloetta|177/298|[from] item: Life Orb\n|\n|upkeep\n|turn|4\n|\n|t:|1781384327\n|switch|p2a: Wigglytuff|Wigglytuff, L96, F|424/424\n|move|p1a: Sableye|Will-O-Wisp|p2a: Wigglytuff\n|-status|p2a: Wigglytuff|brn\n|\n|-damage|p2a: Wigglytuff|398/424 brn|[from] brn\n|upkeep\n|turn|5\n|\n|t:|1781384337\n|switch|p1a: Gengar|Gengar, L81, F|152/230\n|move|p2a: Wigglytuff|Wish|p2a: Wigglytuff\n|\n|-heal|p2a: Wigglytuff|424/424 brn|[from] item: Leftovers\n|-damage|p2a: Wigglytuff|398/424 brn|[from] brn\n|upkeep\n|turn|6\n|\n|t:|1781384353\n|switch|p2a: Tornadus|Tornadus, L82, M|263/263\n|move|p1a: Gengar|Sludge Wave|p2a: Tornadus\n|-damage|p2a: Tornadus|90/263\n|-damage|p1a: Gengar|129/230|[from] item: Life Orb\n|\n|-heal|p2a: Tornadus|263/263|[from] move: Wish|[wisher] Wigglytuff\n|upkeep\n|turn|7\n|\n|t:|1781384362\n|switch|p1a: Sudowoodo|Sudowoodo, L94, F|284/284\n|move|p2a: Tornadus|Bleakwind Storm|p1a: Sudowoodo\n|-resisted|p1a: Sudowoodo\n|-damage|p1a: Sudowoodo|177/284\n|-unboost|p1a: Sudowoodo|spe|1\n|\n|upkeep\n|turn|8\n|\n|t:|1781384370\n|switch|p2a: Wigglytuff|Wigglytuff, L96, F|398/424 brn\n|move|p1a: Sudowoodo|Head Smash|p2a: Wigglytuff\n|-damage|p2a: Wigglytuff|0 fnt\n|faint|p2a: Wigglytuff\n|\n|upkeep\n|\n|t:|1781384376\n|switch|p2a: Wugtrio|Wugtrio, L91, M|212/212\n|turn|9\n|\n|t:|1781384383\n|-terastallize|p1a: Sudowoodo|Grass\n|move|p2a: Wugtrio|Liquidation|p1a: Sudowoodo\n|-resisted|p1a: Sudowoodo\n|-damage|p1a: Sudowoodo|121/284\n|move|p1a: Sudowoodo|Head Smash|p2a: Wugtrio\n|-damage|p2a: Wugtrio|0 fnt\n|-ability|p2a: Wugtrio|Gooey\n|-unboost|p1a: Sudowoodo|spe|1\n|faint|p2a: Wugtrio\n|\n|upkeep\n|\n|t:|1781384396\n|switch|p2a: Entei|Entei, L78|307/307\n|turn|10\n|\n|t:|1781384399\n|switch|p1a: Garchomp|Garchomp, L74, M|282/282\n|move|p2a: Entei|Sacred Fire|p1a: Garchomp\n|-resisted|p1a: Garchomp\n|-damage|p1a: Garchomp|201/282\n|-status|p1a: Garchomp|brn\n|\n|-damage|p1a: Garchomp|184/282 brn|[from] brn\n|upkeep\n|turn|11\n|\n|t:|1781384413\n|switch|p2a: Meloetta|Meloetta, L82|177/298\n|move|p1a: Garchomp|Scale Shot|p2a: Meloetta|[miss]\n|-miss|p1a: Garchomp|p2a: Meloetta\n|\n|-damage|p1a: Garchomp|167/282 brn|[from] brn\n|upkeep\n|turn|12\n|\n|t:|1781384420\n|switch|p1a: Sableye|Sableye, L88, F|156/231\n|move|p2a: Meloetta|Triple Axel|p1a: Sableye\n|-damage|p1a: Sableye|140/231\n|-damage|p1a: Sableye|109/231\n|-damage|p1a: Sableye|57/231\n|-hitcount|p1a: Sableye|3\n|-damage|p2a: Meloetta|148/298|[from] item: Life Orb\n|\n|upkeep\n|turn|13\n|\n|t:|1781384428\n|switch|p2a: Tornadus|Tornadus, L82, M|263/263\n|move|p1a: Sableye|Recover|p1a: Sableye\n|-heal|p1a: Sableye|173/231\n|\n|upkeep\n|turn|14\n|\n|t:|1781384437\n|switch|p1a: Garchomp|Garchomp, L74, M|167/282 brn\n|move|p2a: Tornadus|Bleakwind Storm|p1a: Garchomp\n|-damage|p1a: Garchomp|0 fnt\n|faint|p1a: Garchomp\n|\n|upkeep\n|\n|t:|1781384447\n|switch|p1a: Gumshoos|Gumshoos, L95, F|321/321\n|turn|15\n|\n|t:|1781384460\n|switch|p2a: Meloetta|Meloetta, L82|148/298\n|move|p1a: Gumshoos|Double-Edge|p2a: Meloetta\n|-damage|p2a: Meloetta|0 fnt\n|faint|p2a: Meloetta\n|-damage|p1a: Gumshoos|272/321|[from] Recoil\n|\n|upkeep\n|\n|t:|1781384463\n|switch|p2a: Entei|Entei, L78|307/307\n|turn|16\n|\n|t:|1781384470\n|switch|p1a: Eternatus|Eternatus, L69|308/308\n|-ability|p1a: Eternatus|Pressure\n|move|p2a: Entei|Sacred Fire|p1a: Eternatus|[miss]\n|-miss|p2a: Entei|p1a: Eternatus\n|\n|upkeep\n|turn|17\n|\n|t:|1781384488\n|switch|p2a: Tornadus|Tornadus, L82, M|263/263\n|move|p1a: Eternatus|Toxic|p2a: Tornadus\n|-status|p2a: Tornadus|tox\n|\n|-damage|p2a: Tornadus|247/263 tox|[from] psn\n|upkeep\n|turn|18\n|\n|t:|1781384497\n|move|p2a: Tornadus|Bleakwind Storm|p1a: Eternatus\n|-damage|p1a: Eternatus|104/308\n|move|p1a: Eternatus|Dynamax Cannon|p2a: Tornadus\n|-damage|p2a: Tornadus|132/263 tox\n|\n|-heal|p1a: Eternatus|123/308|[from] item: Leftovers\n|-damage|p2a: Tornadus|100/263 tox|[from] psn\n|upkeep\n|turn|19\n|\n|t:|1781384513\n|move|p2a: Tornadus|Bleakwind Storm|p1a: Eternatus\n|-damage|p1a: Eternatus|0 fnt\n|faint|p1a: Eternatus\n|\n|-damage|p2a: Tornadus|52/263 tox|[from] psn\n|upkeep\n|\n|t:|1781384517\n|switch|p1a: Sableye|Sableye, L88, F|173/231\n|turn|20\n|\n|t:|1781384524\n|switch|p2a: Entei|Entei, L78|307/307\n|move|p1a: Sableye|Recover|p1a: Sableye\n|-heal|p1a: Sableye|231/231\n|\n|upkeep\n|turn|21\n|\n|t:|1781384530\n|move|p2a: Entei|Flare Blitz|p1a: Sableye\n|-damage|p1a: Sableye|14/231\n|-status|p1a: Sableye|brn\n|-damage|p2a: Entei|235/307|[from] Recoil\n|move|p1a: Sableye|Knock Off|p2a: Entei\n|-damage|p2a: Entei|186/307\n|-enditem|p2a: Entei|Choice Band|[from] move: Knock Off|[of] p1a: Sableye\n|\n|-damage|p1a: Sableye|0 fnt|[from] brn\n|faint|p1a: Sableye\n|upkeep\n|\n|t:|1781384544\n|switch|p1a: Gengar|Gengar, L81, F|129/230\n|turn|22\n|\n|t:|1781384553\n|move|p1a: Gengar|Sludge Wave|p2a: Entei\n|-damage|p2a: Entei|7/307\n|-damage|p1a: Gengar|106/230|[from] item: Life Orb\n|move|p2a: Entei|Stomping Tantrum|p1a: Gengar\n|-supereffective|p1a: Gengar\n|-damage|p1a: Gengar|0 fnt\n|faint|p1a: Gengar\n|\n|upkeep\n|\n|t:|1781384558\n|switch|p1a: Sudowoodo|Sudowoodo, L94, F, tera:Grass|121/284\n|turn|23\n|\n|t:|1781384568\n|move|p2a: Entei|Extreme Speed|p1a: Sudowoodo\n|-crit|p1a: Sudowoodo\n|-damage|p1a: Sudowoodo|57/284\n|move|p1a: Sudowoodo|Sucker Punch||[still]\n|-fail|p1a: Sudowoodo\n|\n|upkeep\n|turn|24\n|\n|t:|1781384572\n|move|p2a: Entei|Extreme Speed|p1a: Sudowoodo\n|-crit|p1a: Sudowoodo\n|-damage|p1a: Sudowoodo|0 fnt\n|faint|p1a: Sudowoodo\n|\n|upkeep\n|\n|t:|1781384576\n|switch|p1a: Gumshoos|Gumshoos, L95, F|272/321\n|turn|25\n|\n|t:|1781384579\n|move|p2a: Entei|Flare Blitz|p1a: Gumshoos\n|-damage|p1a: Gumshoos|134/321\n|-damage|p2a: Entei|0 fnt|[from] Recoil\n|faint|p2a: Entei\n|move|p1a: Gumshoos|Double-Edge|p2: Entei|[notarget]\n|-fail|p1a: Gumshoos\n|\n|upkeep\n|\n|t:|1781384586\n|switch|p2a: Tornadus|Tornadus, L82, M|52/263 tox\n|turn|26\n|\n|t:|1781384593\n|move|p2a: Tornadus|Heat Wave|p1a: Gumshoos\n|-crit|p1a: Gumshoos\n|-damage|p1a: Gumshoos|0 fnt\n|faint|p1a: Gumshoos\n|\n|win|sanos\n", "uploadtime": 1781384270, "views": 9, "formatid": "gen9randombattle", "rating": null, "private": 0, "password": null}