{"id": "gen9randombattle-2631788117", "format": "[Gen 9] Random Battle", "players": ["firsttimebattler14", "Yllhhffjhkhk"], "log": "|j|\u2606firsttimebattler14\n|j|\u2606Yllhhffjhkhk\n|t:|1781439746\n|gametype|singles\n|player|p1|firsttimebattler14|101|1025\n|player|p2|Yllhhffjhkhk|2|1000\n|gen|9\n|tier|[Gen 9] Random Battle\n|rated|\n|rule|Species Clause: Limit one of each Pok\u00e9mon\n|rule|HP Percentage Mod: HP is shown in percentages\n|rule|Sleep Clause Mod: Limit one foe put to sleep\n|rule|Illusion Level Mod: Illusion disguises the Pok\u00e9mon's true level\n|\n|t:|1781439746\n|teamsize|p1|6\n|teamsize|p2|6\n|start\n|switch|p1a: Snorlax|Snorlax, L82, F|397/397\n|switch|p2a: Spiritomb|Spiritomb, L89, M|234/234\n|turn|1\n|inactive|Battle timer is ON: inactive players will automatically lose when time's up. (requested by firsttimebattler14)\n|\n|t:|1781439758\n|switch|p1a: Gothitelle|Gothitelle, L90, F|272/272\n|move|p2a: Spiritomb|Foul Play|p1a: Gothitelle\n|-supereffective|p1a: Gothitelle\n|-damage|p1a: Gothitelle|120/272\n|\n|upkeep\n|turn|2\n|\n|t:|1781439763\n|move|p1a: Gothitelle|Trick|p2a: Spiritomb\n|-activate|p1a: Gothitelle|move: Trick|[of] p2a: Spiritomb\n|-item|p2a: Spiritomb|Choice Scarf|[from] move: Trick\n|-item|p1a: Gothitelle|Choice Band|[from] move: Trick\n|move|p2a: Spiritomb|Foul Play|p1a: Gothitelle\n|-supereffective|p1a: Gothitelle\n|-damage|p1a: Gothitelle|24/272\n|\n|upkeep\n|turn|3\n|\n|t:|1781439771\n|switch|p1a: Magearna|Magearna, L77|250/250\n|move|p2a: Spiritomb|Foul Play|p1a: Magearna\n|-resisted|p1a: Magearna\n|-damage|p1a: Magearna|214/250\n|\n|-heal|p1a: Magearna|229/250|[from] item: Leftovers\n|upkeep\n|turn|4\n|\n|t:|1781439792\n|switch|p2a: Slowbro|Slowbro-Galar, L87, M|307/307\n|switch|p1a: Gothitelle|Gothitelle, L90, F|24/272\n|\n|upkeep\n|turn|5\n|\n|t:|1781439798\n|move|p1a: Gothitelle|Trick|p2a: Slowbro\n|-activate|p1a: Gothitelle|move: Trick|[of] p2a: Slowbro\n|-item|p2a: Slowbro|Choice Band|[from] move: Trick\n|-item|p1a: Gothitelle|Assault Vest|[from] move: Trick\n|move|p2a: Slowbro|Surf|p1a: Gothitelle\n|-damage|p1a: Gothitelle|0 fnt\n|faint|p1a: Gothitelle\n|\n|upkeep\n|\n|t:|1781439806\n|switch|p1a: Tsareena|Tsareena, L87, F|267/267\n|turn|6\n|\n|t:|1781439822\n|switch|p2a: Deoxys|Deoxys-Defense, L84|221/221\n|-ability|p2a: Deoxys|Pressure\n|move|p1a: Tsareena|Power Whip|p2a: Deoxys\n|-damage|p2a: Deoxys|122/221\n|\n|-heal|p2a: Deoxys|135/221|[from] item: Leftovers\n|upkeep\n|turn|7\n|\n|t:|1781439837\n|move|p2a: Deoxys|Cosmic Power|p2a: Deoxys\n|-boost|p2a: Deoxys|def|1\n|-boost|p2a: Deoxys|spd|1\n|move|p1a: Tsareena|Power Whip|p2a: Deoxys\n|-damage|p2a: Deoxys|62/221\n|\n|-heal|p2a: Deoxys|75/221|[from] item: Leftovers\n|upkeep\n|turn|8\n|c|\u2606firsttimebattler14|Lick my cosmic ass\n|-message|firsttimebattler14 forfeited.\n|\n|win|Yllhhffjhkhk\n", "uploadtime": 1781439857, "views": 2, "formatid": "gen9randombattle", "rating": null, "private": 0, "password": null}