{"id": "gen9randombattle-2631794913", "format": "[Gen 9] Random Battle", "players": ["Teehee777", "DubistgutgenugD"], "log": "|j|\u2606Teehee777\n|j|\u2606DubistgutgenugD\n|t:|1781440759\n|gametype|singles\n|player|p1|Teehee777|clown|1157\n|player|p2|DubistgutgenugD|2|1132\n|gen|9\n|tier|[Gen 9] Random Battle\n|rated|\n|rule|Species Clause: Limit one of each Pok\u00e9mon\n|rule|HP Percentage Mod: HP is shown in percentages\n|rule|Sleep Clause Mod: Limit one foe put to sleep\n|rule|Illusion Level Mod: Illusion disguises the Pok\u00e9mon's true level\n|\n|t:|1781440759\n|teamsize|p1|6\n|teamsize|p2|6\n|start\n|switch|p1a: Ogerpon|Ogerpon-Wellspring, L76, F|247/247\n|switch|p2a: Raikou|Raikou, L81|278/278\n|-ability|p2a: Raikou|Pressure\n|turn|1\n|inactive|Battle timer is ON: inactive players will automatically lose when time's up. (requested by Teehee777)\n|\n|t:|1781440773\n|switch|p1a: Plusle|Plusle, L95, M|268/268\n|move|p2a: Raikou|Thunderbolt|p1a: Plusle\n|-ability|p1a: Plusle|Lightning Rod|boost\n|-boost|p1a: Plusle|spa|1\n|\n|upkeep\n|turn|2\n|\n|t:|1781440802\n|switch|p2a: Snorlax|Snorlax, L82, F|397/397\n|move|p1a: Plusle|Nasty Plot|p1a: Plusle\n|-boost|p1a: Plusle|spa|2\n|\n|upkeep\n|turn|3\n|\n|t:|1781440810\n|move|p1a: Plusle|Thunderbolt|p2a: Snorlax\n|-damage|p2a: Snorlax|95/397\n|-damage|p1a: Plusle|242/268|[from] item: Life Orb\n|move|p2a: Snorlax|Earthquake|p1a: Plusle\n|-supereffective|p1a: Plusle\n|-damage|p1a: Plusle|6/268\n|\n|upkeep\n|turn|4\n|\n|t:|1781440820\n|move|p1a: Plusle|Grass Knot|p2a: Snorlax\n|-damage|p2a: Snorlax|0 fnt\n|faint|p2a: Snorlax\n|-damage|p1a: Plusle|0 fnt|[from] item: Life Orb\n|faint|p1a: Plusle\n|\n|upkeep\n|\n|t:|1781440829\n|switch|p1a: Leavanny|Leavanny, L86, M|269/269\n|switch|p2a: Gumshoos|Gumshoos, L95, M|321/321\n|turn|5\n|\n|t:|1781440838\n|move|p1a: Leavanny|Knock Off|p2a: Gumshoos\n|-damage|p2a: Gumshoos|233/321\n|-enditem|p2a: Gumshoos|Choice Band|[from] move: Knock Off|[of] p1a: Leavanny\n|move|p2a: Gumshoos|U-turn|p1a: Leavanny\n|-supereffective|p1a: Leavanny\n|-damage|p1a: Leavanny|113/269\n|\n|t:|1781440845\n|switch|p2a: Houndoom|Houndoom, L87, F|272/272|[from] U-turn\n|\n|upkeep\n|turn|6\n|\n|t:|1781440856\n|move|p2a: Houndoom|Fire Blast|p1a: Leavanny\n|-supereffective|p1a: Leavanny\n|-damage|p1a: Leavanny|0 fnt\n|faint|p1a: Leavanny\n|\n|upkeep\n|\n|t:|1781440863\n|switch|p1a: Ogerpon|Ogerpon-Wellspring, L76, F|247/247\n|turn|7\n|\n|t:|1781440872\n|switch|p2a: Raikou|Raikou, L81|278/278\n|-ability|p2a: Raikou|Pressure\n|move|p1a: Ogerpon|Ivy Cudgel|p2a: Raikou|[anim] Ivy Cudgel Water\n|-damage|p2a: Raikou|134/278\n|\n|upkeep\n|turn|8\n|\n|t:|1781440889\n|move|p2a: Raikou|Thunderbolt|p1a: Ogerpon\n|-damage|p1a: Ogerpon|87/247\n|move|p1a: Ogerpon|Ivy Cudgel|p2a: Raikou|[anim] Ivy Cudgel Water\n|-damage|p2a: Raikou|0 fnt\n|faint|p2a: Raikou\n|\n|upkeep\n|\n|t:|1781440897\n|switch|p2a: Gumshoos|Gumshoos, L95, M|233/321\n|turn|9\n|\n|t:|1781440902\n|move|p1a: Ogerpon|U-turn|p2a: Gumshoos\n|-damage|p2a: Gumshoos|161/321\n|\n|t:|1781440906\n|switch|p1a: Skarmory|Skarmory, L80, F|235/235|[from] U-turn\n|move|p2a: Gumshoos|U-turn|p1a: Skarmory\n|-resisted|p1a: Skarmory\n|-damage|p1a: Skarmory|223/235\n|-damage|p2a: Gumshoos|108/321|[from] item: Rocky Helmet|[of] p1a: Skarmory\n|\n|t:|1781440912\n|switch|p2a: Houndoom|Houndoom, L87, F|272/272|[from] U-turn\n|\n|upkeep\n|turn|10\n|\n|t:|1781440919\n|switch|p1a: Slowbro|Slowbro, L85, M|300/300\n|move|p2a: Houndoom|Fire Blast|p1a: Slowbro\n|-resisted|p1a: Slowbro\n|-damage|p1a: Slowbro|256/300\n|\n|upkeep\n|turn|11\n|\n|t:|1781440932\n|move|p2a: Houndoom|Sucker Punch|p1a: Slowbro\n|-supereffective|p1a: Slowbro\n|-damage|p1a: Slowbro|136/300\n|move|p1a: Slowbro|Scald|p2a: Houndoom\n|-supereffective|p2a: Houndoom\n|-damage|p2a: Houndoom|86/272\n|\n|upkeep\n|turn|12\n|\n|t:|1781440943\n|switch|p1a: Skarmory|Skarmory, L80, F|223/235\n|move|p2a: Houndoom|Dark Pulse|p1a: Skarmory\n|-damage|p1a: Skarmory|103/235\n|\n|upkeep\n|turn|13\n|\n|t:|1781440952\n|switch|p1a: Slowbro|Slowbro, L85, M|236/300\n|move|p2a: Houndoom|Fire Blast|p1a: Slowbro|[miss]\n|-miss|p2a: Houndoom|p1a: Slowbro\n|\n|upkeep\n|turn|14\n|\n|t:|1781440959\n|move|p2a: Houndoom|Dark Pulse|p1a: Slowbro\n|-supereffective|p1a: Slowbro\n|-damage|p1a: Slowbro|104/300\n|move|p1a: Slowbro|Scald|p2a: Houndoom\n|-supereffective|p2a: Houndoom\n|-damage|p2a: Houndoom|0 fnt\n|faint|p2a: Houndoom\n|\n|upkeep\n|\n|t:|1781440967\n|switch|p2a: Gumshoos|Gumshoos, L95, M|108/321\n|turn|15\n|\n|t:|1781440974\n|switch|p1a: Skarmory|Skarmory, L80, F|103/235\n|move|p2a: Gumshoos|Knock Off|p1a: Skarmory\n|-damage|p1a: Skarmory|36/235\n|-damage|p2a: Gumshoos|55/321|[from] item: Rocky Helmet|[of] p1a: Skarmory\n|-enditem|p1a: Skarmory|Rocky Helmet|[from] move: Knock Off|[of] p2a: Gumshoos\n|\n|upkeep\n|turn|16\n|\n|t:|1781440981\n|move|p1a: Skarmory|Roost|p1a: Skarmory\n|-heal|p1a: Skarmory|154/235\n|-singleturn|p1a: Skarmory|move: Roost\n|move|p2a: Gumshoos|Knock Off|p1a: Skarmory\n|-damage|p1a: Skarmory|106/235\n|\n|upkeep\n|turn|17\n|\n|t:|1781440992\n|move|p1a: Skarmory|Roost|p1a: Skarmory\n|-heal|p1a: Skarmory|224/235\n|-singleturn|p1a: Skarmory|move: Roost\n|move|p2a: Gumshoos|Knock Off|p1a: Skarmory\n|-damage|p1a: Skarmory|175/235\n|\n|upkeep\n|turn|18\n|\n|t:|1781441010\n|move|p1a: Skarmory|Spikes|p2a: Gumshoos\n|-sidestart|p2: DubistgutgenugD|Spikes\n|move|p2a: Gumshoos|Knock Off|p1a: Skarmory\n|-damage|p1a: Skarmory|124/235\n|\n|upkeep\n|turn|19\n|\n|t:|1781441015\n|move|p1a: Skarmory|Spikes|p2a: Gumshoos\n|-sidestart|p2: DubistgutgenugD|Spikes\n|move|p2a: Gumshoos|Knock Off|p1a: Skarmory\n|-damage|p1a: Skarmory|74/235\n|\n|upkeep\n|turn|20\n|\n|t:|1781441019\n|move|p1a: Skarmory|Roost|p1a: Skarmory\n|-heal|p1a: Skarmory|192/235\n|-singleturn|p1a: Skarmory|move: Roost\n|move|p2a: Gumshoos|Knock Off|p1a: Skarmory\n|-damage|p1a: Skarmory|145/235\n|\n|upkeep\n|turn|21\n|\n|t:|1781441029\n|move|p1a: Skarmory|Spikes|p2a: Gumshoos\n|-sidestart|p2: DubistgutgenugD|Spikes\n|move|p2a: Gumshoos|U-turn|p1a: Skarmory\n|-resisted|p1a: Skarmory\n|-damage|p1a: Skarmory|133/235\n|\n|t:|1781441035\n|switch|p2a: Miraidon|Miraidon, L65|238/238|[from] U-turn\n|-damage|p2a: Miraidon|179/238|[from] Spikes\n|-fieldstart|move: Electric Terrain|[from] ability: Hadron Engine|[of] p2a: Miraidon\n|\n|upkeep\n|turn|22\n|\n|t:|1781441054\n|move|p2a: Miraidon|Electro Drift|p1a: Skarmory\n|-supereffective|p1a: Skarmory\n|-damage|p1a: Skarmory|0 fnt\n|faint|p1a: Skarmory\n|-damage|p2a: Miraidon|156/238|[from] item: Life Orb\n|\n|upkeep\n|\n|t:|1781441063\n|switch|p1a: Electrode|Electrode, L92|260/260\n|turn|23\n|\n|t:|1781441094\n|switch|p2a: Gumshoos|Gumshoos, L95, M|55/321\n|-damage|p2a: Gumshoos|0 fnt|[from] Spikes\n|faint|p2a: Gumshoos\n|move|p1a: Electrode|Taunt|p2: Gumshoos|[notarget]\n|-fail|p1a: Electrode\n|\n|upkeep\n|inactive|DubistgutgenugD has 120 seconds left.\n|\n|t:|1781441104\n|switch|p2a: Miraidon|Miraidon, L65|156/238\n|-damage|p2a: Miraidon|97/238|[from] Spikes\n|-activate|p2a: Miraidon|ability: Hadron Engine\n|turn|24\n|inactive|DubistgutgenugD has 120 seconds left.\n|\n|t:|1781441122\n|move|p1a: Electrode|Volt Switch|p2a: Miraidon\n|-resisted|p2a: Miraidon\n|-damage|p2a: Miraidon|65/238\n|-damage|p1a: Electrode|234/260|[from] item: Life Orb\n|\n|t:|1781441126\n|switch|p1a: Ogerpon|Ogerpon-Wellspring, L76, F|87/247|[from] Volt Switch\n|move|p2a: Miraidon|Draco Meteor|p1a: Ogerpon\n|-damage|p1a: Ogerpon|0 fnt\n|-unboost|p2a: Miraidon|spa|2\n|faint|p1a: Ogerpon\n|-damage|p2a: Miraidon|42/238|[from] item: Life Orb\n|\n|upkeep\n|\n|t:|1781441136\n|switch|p1a: Electrode|Electrode, L92|234/260\n|turn|25\n|\n|t:|1781441141\n|move|p1a: Electrode|Thunderbolt|p2a: Miraidon\n|-resisted|p2a: Miraidon\n|-damage|p2a: Miraidon|2/238\n|-damage|p1a: Electrode|208/260|[from] item: Life Orb\n|move|p2a: Miraidon|Draco Meteor|p1a: Electrode\n|-damage|p1a: Electrode|111/260\n|-unboost|p2a: Miraidon|spa|2\n|-damage|p2a: Miraidon|0 fnt|[from] item: Life Orb\n|faint|p2a: Miraidon\n|\n|-fieldend|move: Electric Terrain\n|upkeep\n|\n|t:|1781441151\n|switch|p2a: Manaphy|Manaphy, L78|284/284\n|-damage|p2a: Manaphy|213/284|[from] Spikes\n|turn|26\n|\n|t:|1781441164\n|-terastallize|p2a: Manaphy|Grass\n|move|p1a: Electrode|Taunt|p2a: Manaphy\n|-start|p2a: Manaphy|move: Taunt\n|move|p2a: Manaphy|Ice Beam|p1a: Electrode\n|-damage|p1a: Electrode|55/260\n|\n|-heal|p2a: Manaphy|230/284|[from] item: Leftovers\n|upkeep\n|turn|27\n|\n|t:|1781441173\n|-terastallize|p1a: Electrode|Ice\n|move|p1a: Electrode|Tera Blast|p2a: Manaphy|[anim] Tera Blast Ice\n|-supereffective|p2a: Manaphy\n|-damage|p2a: Manaphy|17/284\n|-damage|p1a: Electrode|29/260|[from] item: Life Orb\n|move|p2a: Manaphy|Ice Beam|p1a: Electrode\n|-resisted|p1a: Electrode\n|-damage|p1a: Electrode|1/260\n|\n|-heal|p2a: Manaphy|34/284|[from] item: Leftovers\n|upkeep\n|turn|28\n|\n|t:|1781441190\n|move|p1a: Electrode|Tera Blast|p2a: Manaphy|[anim] Tera Blast Ice\n|-supereffective|p2a: Manaphy\n|-damage|p2a: Manaphy|0 fnt\n|faint|p2a: Manaphy\n|-damage|p1a: Electrode|0 fnt|[from] item: Life Orb\n|faint|p1a: Electrode\n|\n|win|Teehee777\n|raw|Teehee777's rating: 1157 &rarr; <strong>1180</strong><br />(+23 for winning)\n|raw|DubistgutgenugD's rating: 1132 &rarr; <strong>1109</strong><br />(-23 for losing)\n|l|\u2606DubistgutgenugD\n|player|p2|\n", "uploadtime": 1781441199, "views": 3, "formatid": "gen9randombattle", "rating": 1109, "private": 0, "password": null}