{"id": "gen9randombattle-2631645668", "format": "[Gen 9] Random Battle", "players": ["hardva", "letsLARPJaneJuliet"], "log": "|j|\u203dhardva\n|j|\u2606letsLARPJaneJuliet\n|t:|1781414123\n|gametype|singles\n|player|p1|hardva|266|1312\n|player|p2|letsLARPJaneJuliet|parasollady|1274\n|gen|9\n|tier|[Gen 9] Random Battle\n|rated|\n|rule|Species Clause: Limit one of each Pok\u00e9mon\n|rule|HP Percentage Mod: HP is shown in percentages\n|rule|Sleep Clause Mod: Limit one foe put to sleep\n|rule|Illusion Level Mod: Illusion disguises the Pok\u00e9mon's true level\n|\n|t:|1781414123\n|teamsize|p1|6\n|teamsize|p2|6\n|start\n|switch|p1a: Cinderace|Cinderace, L77, F|249/249\n|switch|p2a: Gurdurr|Gurdurr, L85, M|283/283\n|turn|1\n|\n|t:|1781414142\n|move|p1a: Cinderace|High Jump Kick|p2a: Gurdurr\n|-start|p1a: Cinderace|typechange|Fighting|[from] ability: Libero\n|-damage|p2a: Gurdurr|192/283\n|move|p2a: Gurdurr|Drain Punch|p1a: Cinderace\n|-damage|p1a: Cinderace|149/249\n|-heal|p2a: Gurdurr|242/283|[from] drain|[of] p1a: Cinderace\n|\n|upkeep\n|turn|2\n|\n|t:|1781414150\n|move|p1a: Cinderace|Gunk Shot|p2a: Gurdurr|[miss]\n|-miss|p1a: Cinderace|p2a: Gurdurr\n|move|p2a: Gurdurr|Drain Punch|p1a: Cinderace\n|-damage|p1a: Cinderace|34/249\n|-heal|p2a: Gurdurr|283/283|[from] drain|[of] p1a: Cinderace\n|\n|upkeep\n|turn|3\n|\n|t:|1781414156\n|switch|p1a: Giratina|Giratina, L75|349/349\n|-ability|p1a: Giratina|Pressure\n|move|p2a: Gurdurr|Mach Punch|p1a: Giratina\n|-immune|p1a: Giratina\n|\n|upkeep\n|turn|4\n|\n|t:|1781414165\n|move|p1a: Giratina|Shadow Ball|p2a: Gurdurr\n|-damage|p2a: Gurdurr|216/283\n|move|p2a: Gurdurr|Knock Off|p1a: Giratina\n|-supereffective|p1a: Giratina\n|-damage|p1a: Giratina|209/349\n|-enditem|p1a: Giratina|Leftovers|[from] move: Knock Off|[of] p2a: Gurdurr\n|\n|upkeep\n|turn|5\n|\n|t:|1781414175\n|move|p1a: Giratina|Shadow Ball|p2a: Gurdurr\n|-damage|p2a: Gurdurr|147/283\n|move|p2a: Gurdurr|Knock Off|p1a: Giratina\n|-supereffective|p1a: Giratina\n|-damage|p1a: Giratina|113/349\n|\n|upkeep\n|turn|6\n|\n|t:|1781414185\n|switch|p1a: Muk|Muk-Alola, L82, M|306/306\n|move|p2a: Gurdurr|Knock Off|p1a: Muk\n|-resisted|p1a: Muk\n|-damage|p1a: Muk|263/306\n|-enditem|p1a: Muk|Assault Vest|[from] move: Knock Off|[of] p2a: Gurdurr\n|\n|upkeep\n|turn|7\n|\n|t:|1781414191\n|move|p1a: Muk|Poison Jab|p2a: Gurdurr\n|-damage|p2a: Gurdurr|83/283\n|move|p2a: Gurdurr|Drain Punch|p1a: Muk\n|-damage|p1a: Muk|161/306\n|-heal|p2a: Gurdurr|134/283|[from] drain|[of] p1a: Muk\n|\n|upkeep\n|turn|8\n|\n|t:|1781414199\n|move|p1a: Muk|Poison Jab|p2a: Gurdurr\n|-damage|p2a: Gurdurr|76/283\n|move|p2a: Gurdurr|Drain Punch|p1a: Muk\n|-damage|p1a: Muk|58/306\n|-heal|p2a: Gurdurr|128/283|[from] drain|[of] p1a: Muk\n|\n|upkeep\n|turn|9\n|\n|t:|1781414205\n|switch|p1a: Hoopa|Hoopa, L85|275/275\n|move|p2a: Gurdurr|Drain Punch|p1a: Hoopa\n|-immune|p1a: Hoopa\n|\n|upkeep\n|turn|10\n|\n|t:|1781414214\n|switch|p2a: Meowstic|Meowstic-F, L89, F|277/277\n|move|p1a: Hoopa|Psyshock|p2a: Meowstic\n|-resisted|p2a: Meowstic\n|-damage|p2a: Meowstic|214/277\n|\n|upkeep\n|turn|11\n|\n|t:|1781414223\n|switch|p1a: Muk|Muk-Alola, L82, M|58/306\n|move|p2a: Meowstic|Thunderbolt|p1a: Muk\n|-damage|p1a: Muk|0 fnt\n|faint|p1a: Muk\n|-damage|p2a: Meowstic|187/277|[from] item: Life Orb\n|\n|upkeep\n|\n|t:|1781414229\n|switch|p1a: Hoopa|Hoopa, L85|275/275\n|turn|12\n|\n|t:|1781414236\n|switch|p2a: Kricketune|Kricketune, L99, F|312/312\n|move|p1a: Hoopa|Shadow Ball|p2a: Kricketune\n|-damage|p2a: Kricketune|155/312\n|\n|upkeep\n|turn|13\n|\n|t:|1781414243\n|move|p1a: Hoopa|Shadow Ball|p2a: Kricketune\n|-damage|p2a: Kricketune|0 fnt\n|faint|p2a: Kricketune\n|\n|upkeep\n|\n|t:|1781414256\n|switch|p2a: Flamigo|Flamigo, L82, F|269/269\n|turn|14\n|\n|t:|1781414262\n|switch|p1a: Cinderace|Cinderace, L77, F|34/249\n|move|p2a: Flamigo|Throat Chop|p1a: Cinderace\n|-damage|p1a: Cinderace|0 fnt\n|faint|p1a: Cinderace\n|\n|upkeep\n|\n|t:|1781414269\n|switch|p1a: Hoopa|Hoopa, L85|275/275\n|turn|15\n|\n|t:|1781414287\n|switch|p2a: Meowstic|Meowstic-F, L89, F|187/277\n|move|p1a: Hoopa|Psyshock|p2a: Meowstic\n|-resisted|p2a: Meowstic\n|-damage|p2a: Meowstic|120/277\n|\n|upkeep\n|turn|16\n|\n|t:|1781414294\n|switch|p1a: Giratina|Giratina, L75|113/349\n|-ability|p1a: Giratina|Pressure\n|move|p2a: Meowstic|Thunderbolt|p1a: Giratina\n|-resisted|p1a: Giratina\n|-damage|p1a: Giratina|74/349\n|-damage|p2a: Meowstic|93/277|[from] item: Life Orb\n|\n|upkeep\n|turn|17\n|\n|t:|1781414301\n|move|p2a: Meowstic|Alluring Voice|p1a: Giratina\n|-supereffective|p1a: Giratina\n|-damage|p1a: Giratina|0 fnt\n|faint|p1a: Giratina\n|-damage|p2a: Meowstic|66/277|[from] item: Life Orb\n|\n|upkeep\n|\n|t:|1781414305\n|switch|p1a: Hoopa|Hoopa, L85|275/275\n|turn|18\n|\n|t:|1781414312\n|move|p1a: Hoopa|Shadow Ball|p2a: Meowstic\n|-supereffective|p2a: Meowstic\n|-damage|p2a: Meowstic|0 fnt\n|faint|p2a: Meowstic\n|\n|upkeep\n|\n|t:|1781414319\n|switch|p2a: Flamigo|Flamigo, L82, F|269/269\n|turn|19\n|\n|t:|1781414324\n|switch|p1a: Hawlucha|Hawlucha, L80, F|256/256\n|move|p2a: Flamigo|Throat Chop|p1a: Hawlucha\n|-resisted|p1a: Hawlucha\n|-damage|p1a: Hawlucha|223/256\n|-start|p1a: Hawlucha|Throat Chop|[silent]\n|\n|upkeep\n|turn|20\n|\n|t:|1781414332\n|switch|p2a: Baxcalibur|Baxcalibur, L75, M|295/295\n|move|p1a: Hawlucha|Swords Dance|p1a: Hawlucha\n|-boost|p1a: Hawlucha|atk|2\n|\n|-end|p1a: Hawlucha|Throat Chop|[silent]\n|upkeep\n|turn|21\n|\n|t:|1781414343\n|-terastallize|p2a: Baxcalibur|Ground\n|move|p1a: Hawlucha|Stone Edge|p2a: Baxcalibur\n|-resisted|p2a: Baxcalibur\n|-damage|p2a: Baxcalibur|228/295\n|move|p2a: Baxcalibur|Icicle Crash|p1a: Hawlucha\n|-supereffective|p1a: Hawlucha\n|-damage|p1a: Hawlucha|0 fnt\n|faint|p1a: Hawlucha\n|\n|upkeep\n|\n|t:|1781414352\n|switch|p1a: Iron Crown|Iron Crown, L78|268/268\n|turn|22\n|\n|t:|1781414364\n|switch|p2a: Palossand|Palossand, L89, M|296/296\n|move|p1a: Iron Crown|Psyshock|p2a: Palossand\n|-damage|p2a: Palossand|187/296\n|\n|-heal|p2a: Palossand|205/296|[from] item: Leftovers\n|upkeep\n|turn|23\n|\n|t:|1781414371\n|move|p1a: Iron Crown|Psyshock|p2a: Palossand\n|-damage|p2a: Palossand|99/296\n|move|p2a: Palossand|Shadow Ball|p1a: Iron Crown\n|-supereffective|p1a: Iron Crown\n|-damage|p1a: Iron Crown|98/268\n|\n|-heal|p2a: Palossand|117/296|[from] item: Leftovers\n|upkeep\n|turn|24\n|\n|t:|1781414377\n|move|p1a: Iron Crown|Psyshock|p2a: Palossand\n|-damage|p2a: Palossand|12/296\n|move|p2a: Palossand|Shadow Ball|p1a: Iron Crown\n|-supereffective|p1a: Iron Crown\n|-damage|p1a: Iron Crown|0 fnt\n|faint|p1a: Iron Crown\n|-end|p1a: Iron Crown|Quark Drive|[silent]\n|\n|-heal|p2a: Palossand|30/296|[from] item: Leftovers\n|upkeep\n|\n|t:|1781414381\n|switch|p1a: Hoopa|Hoopa, L85|275/275\n|turn|25\n|l|\u203dhardva\n|player|p1|\n|j|\u203dhardva\n|player|p1|hardva|266|\n|n|\u203dhardva|hardva\n|\n|t:|1781414431\n|move|p1a: Hoopa|Psyshock|p2a: Palossand\n|-damage|p2a: Palossand|0 fnt\n|faint|p2a: Palossand\n|\n|upkeep\n|\n|t:|1781414443\n|switch|p2a: Flamigo|Flamigo, L82, F|269/269\n|turn|26\n|\n|t:|1781414448\n|move|p2a: Flamigo|Throat Chop|p1a: Hoopa\n|-supereffective|p1a: Hoopa\n|-damage|p1a: Hoopa|0 fnt\n|faint|p1a: Hoopa\n|\n|win|letsLARPJaneJuliet\n|raw|hardva's rating: 1312 &rarr; <strong>1290</strong><br />(-22 for losing)\n|raw|letsLARPJaneJuliet's rating: 1274 &rarr; <strong>1302</strong><br />(+28 for winning)\n|c|\u2606letsLARPJaneJuliet|gg\n", "uploadtime": 1781414455, "views": 2, "formatid": "gen9randombattle", "rating": 1290, "private": 0, "password": null}