{"id": "gen9randombattle-2631709745", "format": "[Gen 9] Random Battle", "players": ["whatisnexthuh", "metalhydra273"], "log": "|j|\u2606whatisnexthuh\n|j|\u2606metalhydra273\n|t:|1781426218\n|gametype|singles\n|player|p1|whatisnexthuh|aromalady|2185\n|player|p2|metalhydra273|kris-masters|2092\n|gen|9\n|tier|[Gen 9] Random Battle\n|rated|\n|rule|Species Clause: Limit one of each Pok\u00e9mon\n|rule|HP Percentage Mod: HP is shown in percentages\n|rule|Sleep Clause Mod: Limit one foe put to sleep\n|rule|Illusion Level Mod: Illusion disguises the Pok\u00e9mon's true level\n|\n|t:|1781426218\n|teamsize|p1|6\n|teamsize|p2|6\n|start\n|switch|p1a: Zarude|Zarude-Dada, L77|288/288\n|switch|p2a: Sandaconda|Sandaconda, L84, M|258/258\n|turn|1\n|inactive|Battle timer is ON: inactive players will automatically lose when time's up. (requested by metalhydra273)\n|\n|t:|1781426226\n|switch|p2a: Virizion|Virizion, L82|283/283\n|move|p1a: Zarude|Power Whip|p2a: Virizion\n|-resisted|p2a: Virizion\n|-damage|p2a: Virizion|184/283\n|-damage|p1a: Zarude|260/288|[from] item: Life Orb\n|\n|upkeep\n|turn|2\n|\n|t:|1781426231\n|switch|p1a: Dragapult|Dragapult, L77, M|262/262\n|move|p2a: Virizion|Swords Dance|p2a: Virizion\n|-boost|p2a: Virizion|atk|2\n|\n|upkeep\n|turn|3\n|\n|t:|1781426241\n|switch|p2a: Manaphy|Manaphy, L78|284/284\n|move|p1a: Dragapult|Fire Blast|p2a: Manaphy\n|-resisted|p2a: Manaphy\n|-damage|p2a: Manaphy|238/284\n|\n|-heal|p2a: Manaphy|255/284|[from] item: Leftovers\n|upkeep\n|turn|4\n|\n|t:|1781426249\n|switch|p1a: Zarude|Zarude-Dada, L77|260/288\n|move|p2a: Manaphy|Ice Beam|p1a: Zarude\n|-supereffective|p1a: Zarude\n|-damage|p1a: Zarude|148/288\n|\n|-heal|p2a: Manaphy|272/284|[from] item: Leftovers\n|upkeep\n|turn|5\n|\n|t:|1781426258\n|switch|p2a: Virizion|Virizion, L82|184/283\n|move|p1a: Zarude|Close Combat|p2a: Virizion\n|-damage|p2a: Virizion|58/283\n|-unboost|p1a: Zarude|def|1\n|-unboost|p1a: Zarude|spd|1\n|-damage|p1a: Zarude|120/288|[from] item: Life Orb\n|\n|upkeep\n|turn|6\n|\n|t:|1781426260\n|switch|p1a: Dragapult|Dragapult, L77, M|262/262\n|move|p2a: Virizion|Stone Edge|p1a: Dragapult\n|-damage|p1a: Dragapult|162/262\n|-damage|p2a: Virizion|30/283|[from] item: Life Orb\n|\n|upkeep\n|turn|7\n|\n|t:|1781426265\n|move|p1a: Dragapult|U-turn|p2a: Virizion\n|-damage|p2a: Virizion|0 fnt\n|faint|p2a: Virizion\n|\n|t:|1781426267\n|switch|p1a: Zarude|Zarude-Dada, L77|120/288|[from] U-turn\n|\n|upkeep\n|\n|t:|1781426276\n|switch|p2a: Thundurus|Thundurus-Therian, L80, M|258/258\n|turn|8\n|\n|t:|1781426289\n|switch|p1a: Dragapult|Dragapult, L77, M|162/262\n|move|p2a: Thundurus|Sludge Wave|p1a: Dragapult\n|-resisted|p1a: Dragapult\n|-damage|p1a: Dragapult|81/262\n|\n|upkeep\n|turn|9\n|\n|t:|1781426302\n|move|p1a: Dragapult|Draco Meteor|p2a: Thundurus\n|-damage|p2a: Thundurus|50/258\n|-unboost|p1a: Dragapult|spa|2\n|move|p2a: Thundurus|Sludge Wave|p1a: Dragapult\n|-resisted|p1a: Dragapult\n|-damage|p1a: Dragapult|8/262\n|-status|p1a: Dragapult|psn\n|\n|-damage|p1a: Dragapult|0 fnt|[from] psn\n|faint|p1a: Dragapult\n|upkeep\n|\n|t:|1781426321\n|switch|p1a: Hitmontop|Hitmontop, L88, M|231/231\n|turn|10\n|\n|t:|1781426328\n|switch|p2a: Solgaleo|Solgaleo, L74|325/325\n|move|p1a: Hitmontop|Rapid Spin|p2a: Solgaleo\n|-resisted|p2a: Solgaleo\n|-damage|p2a: Solgaleo|300/325\n|-boost|p1a: Hitmontop|spe|1\n|-damage|p1a: Hitmontop|193/231|[from] item: Rocky Helmet|[of] p2a: Solgaleo\n|\n|-heal|p1a: Hitmontop|207/231|[from] item: Leftovers\n|upkeep\n|turn|11\n|\n|t:|1781426335\n|move|p1a: Hitmontop|Bulk Up|p1a: Hitmontop\n|-boost|p1a: Hitmontop|atk|1\n|-boost|p1a: Hitmontop|def|1\n|move|p2a: Solgaleo|Sunsteel Strike|p1a: Hitmontop\n|-damage|p1a: Hitmontop|144/231\n|\n|-heal|p1a: Hitmontop|158/231|[from] item: Leftovers\n|upkeep\n|turn|12\n|\n|t:|1781426348\n|switch|p2a: Thundurus|Thundurus-Therian, L80, M|50/258\n|move|p1a: Hitmontop|Bulk Up|p1a: Hitmontop\n|-boost|p1a: Hitmontop|atk|1\n|-boost|p1a: Hitmontop|def|1\n|\n|-heal|p1a: Hitmontop|172/231|[from] item: Leftovers\n|upkeep\n|turn|13\n|\n|t:|1781426353\n|move|p1a: Hitmontop|Rapid Spin|p2a: Thundurus\n|-damage|p2a: Thundurus|0 fnt\n|-boost|p1a: Hitmontop|spe|1\n|faint|p2a: Thundurus\n|\n|-heal|p1a: Hitmontop|186/231|[from] item: Leftovers\n|upkeep\n|\n|t:|1781426354\n|switch|p2a: Sandaconda|Sandaconda, L84, M|258/258\n|turn|14\n|\n|t:|1781426362\n|move|p1a: Hitmontop|Triple Axel|p2a: Sandaconda\n|-supereffective|p2a: Sandaconda\n|-damage|p2a: Sandaconda|188/258\n|-supereffective|p2a: Sandaconda\n|-damage|p2a: Sandaconda|50/258\n|-supereffective|p2a: Sandaconda\n|-crit|p2a: Sandaconda\n|-damage|p2a: Sandaconda|0 fnt\n|faint|p2a: Sandaconda\n|-hitcount|p2: Sandaconda|3\n|\n|-heal|p1a: Hitmontop|200/231|[from] item: Leftovers\n|upkeep\n|\n|t:|1781426370\n|switch|p2a: Raichu|Raichu-Alola, L87, F|246/246\n|turn|15\n|\n|t:|1781426382\n|move|p1a: Hitmontop|Triple Axel|p2a: Raichu\n|-damage|p2a: Raichu|175/246\n|-hitcount|p2a: Raichu|1\n|move|p2a: Raichu|Psyshock|p1a: Hitmontop\n|-supereffective|p1a: Hitmontop\n|-damage|p1a: Hitmontop|86/231\n|\n|-heal|p1a: Hitmontop|100/231|[from] item: Leftovers\n|upkeep\n|turn|16\n|\n|t:|1781426385\n|switch|p2a: Solgaleo|Solgaleo, L74|300/325\n|move|p1a: Hitmontop|Close Combat|p2a: Solgaleo\n|-damage|p2a: Solgaleo|23/325\n|-unboost|p1a: Hitmontop|def|1\n|-unboost|p1a: Hitmontop|spd|1\n|-damage|p1a: Hitmontop|62/231|[from] item: Rocky Helmet|[of] p2a: Solgaleo\n|\n|-heal|p1a: Hitmontop|76/231|[from] item: Leftovers\n|upkeep\n|turn|17\n|-message|metalhydra273 forfeited.\n|\n|win|whatisnexthuh\n", "uploadtime": 1781426220, "views": 3, "formatid": "gen9randombattle", "rating": null, "private": 0, "password": null}