{"id": "gen9randombattle-2631497549", "format": "[Gen 9] Random Battle", "players": ["TandemUnicycle", "fildrongofficial"], "log": "|j|\u2606TandemUnicycle\n|j|\u2606fildrongofficial\n|t:|1781392600\n|gametype|singles\n|player|p1|TandemUnicycle|grimsley|1871\n|player|p2|fildrongofficial|101|1917\n|gen|9\n|tier|[Gen 9] Random Battle\n|rated|\n|rule|Species Clause: Limit one of each Pok\u00e9mon\n|rule|HP Percentage Mod: HP is shown in percentages\n|rule|Sleep Clause Mod: Limit one foe put to sleep\n|rule|Illusion Level Mod: Illusion disguises the Pok\u00e9mon's true level\n|\n|t:|1781392600\n|teamsize|p1|6\n|teamsize|p2|6\n|start\n|switch|p1a: Dachsbun|Dachsbun, L92, M|254/254\n|switch|p2a: Vespiquen|Vespiquen, L99, F|299/299\n|-ability|p2a: Vespiquen|Pressure\n|turn|1\n|\n|t:|1781392614\n|switch|p1a: Zamazenta|Zamazenta-Crowned, L68|238/238\n|-ability|p1a: Zamazenta|Dauntless Shield|boost\n|-boost|p1a: Zamazenta|def|1\n|move|p2a: Vespiquen|Toxic|p1a: Zamazenta\n|-immune|p1a: Zamazenta\n|\n|upkeep\n|turn|2\n|\n|t:|1781392626\n|move|p1a: Zamazenta|Iron Defense|p1a: Zamazenta\n|-boost|p1a: Zamazenta|def|2\n|move|p2a: Vespiquen|Hurricane|p1a: Zamazenta|[miss]\n|-miss|p2a: Vespiquen|p1a: Zamazenta\n|\n|upkeep\n|turn|3\n|\n|t:|1781392632\n|switch|p2a: Rhydon|Rhydon, L85, M|317/317\n|move|p1a: Zamazenta|Stone Edge|p2a: Rhydon\n|-resisted|p2a: Rhydon\n|-damage|p2a: Rhydon|303/317\n|\n|upkeep\n|turn|4\n|\n|t:|1781392642\n|switch|p2a: Mismagius|Mismagius, L86, M|243/243\n|move|p1a: Zamazenta|Body Press|p2a: Mismagius\n|-immune|p2a: Mismagius\n|\n|upkeep\n|turn|5\n|\n|t:|1781392652\n|move|p2a: Mismagius|Mystical Fire|p1a: Zamazenta\n|-supereffective|p1a: Zamazenta\n|-damage|p1a: Zamazenta|84/238\n|-unboost|p1a: Zamazenta|spa|1\n|move|p1a: Zamazenta|Heavy Slam|p2a: Mismagius\n|-damage|p2a: Mismagius|123/243\n|\n|upkeep\n|turn|6\n|\n|t:|1781392660\n|switch|p1a: Grimmsnarl|Grimmsnarl, L83, M|293/293\n|move|p2a: Mismagius|Mystical Fire|p1a: Grimmsnarl\n|-damage|p1a: Grimmsnarl|196/293\n|-unboost|p1a: Grimmsnarl|spa|1\n|\n|-heal|p1a: Grimmsnarl|214/293|[from] item: Leftovers\n|upkeep\n|turn|7\n|\n|t:|1781392668\n|switch|p2a: Rhydon|Rhydon, L85, M|303/317\n|move|p1a: Grimmsnarl|Parting Shot|p2a: Rhydon\n|-unboost|p2a: Rhydon|atk|1\n|-unboost|p2a: Rhydon|spa|1\n|\n|t:|1781392677\n|switch|p1a: Iron Treads|Iron Treads, L77|265/265|[from] Parting Shot\n|\n|upkeep\n|turn|8\n|\n|t:|1781392686\n|switch|p2a: Vespiquen|Vespiquen, L99, F|299/299\n|-ability|p2a: Vespiquen|Pressure\n|move|p1a: Iron Treads|Stealth Rock|p2a: Vespiquen\n|-sidestart|p2: fildrongofficial|move: Stealth Rock\n|\n|upkeep\n|turn|9\n|\n|t:|1781392695\n|move|p1a: Iron Treads|Iron Head|p2a: Vespiquen\n|-damage|p2a: Vespiquen|233/299\n|move|p2a: Vespiquen|Spikes|p1a: Iron Treads\n|-sidestart|p1: TandemUnicycle|Spikes\n|\n|upkeep\n|turn|10\n|\n|t:|1781392701\n|move|p1a: Iron Treads|Iron Head|p2a: Vespiquen\n|-damage|p2a: Vespiquen|176/299\n|move|p2a: Vespiquen|Spikes|p1a: Iron Treads\n|-sidestart|p1: TandemUnicycle|Spikes\n|\n|upkeep\n|turn|11\n|\n|t:|1781392710\n|switch|p2a: Tauros|Tauros-Paldea-Blaze, L81, M|252/252\n|-damage|p2a: Tauros|221/252|[from] Stealth Rock\n|move|p1a: Iron Treads|Rapid Spin|p2a: Tauros\n|-damage|p2a: Tauros|191/252\n|-boost|p1a: Iron Treads|spe|1\n|-sideend|p1: TandemUnicycle|Spikes|[from] move: Rapid Spin|[of] p1a: Iron Treads\n|\n|upkeep\n|turn|12\n|\n|t:|1781392718\n|move|p1a: Iron Treads|Earthquake|p2a: Tauros\n|-supereffective|p2a: Tauros\n|-damage|p2a: Tauros|11/252\n|-enditem|p2a: Tauros|Sitrus Berry|[eat]\n|-heal|p2a: Tauros|74/252|[from] item: Sitrus Berry\n|move|p2a: Tauros|Raging Bull|p1a: Iron Treads\n|-supereffective|p1a: Iron Treads\n|-damage|p1a: Iron Treads|107/265\n|\n|-heal|p1a: Iron Treads|123/265|[from] item: Leftovers\n|upkeep\n|turn|13\n|\n|t:|1781392732\n|switch|p2a: Mismagius|Mismagius, L86, M|123/243\n|-damage|p2a: Mismagius|93/243|[from] Stealth Rock\n|move|p1a: Iron Treads|Earthquake|p2a: Mismagius\n|-immune|p2a: Mismagius|[from] ability: Levitate\n|\n|-heal|p1a: Iron Treads|139/265|[from] item: Leftovers\n|upkeep\n|turn|14\n|\n|t:|1781392741\n|switch|p2a: Vespiquen|Vespiquen, L99, F|176/299\n|-ability|p2a: Vespiquen|Pressure\n|move|p1a: Iron Treads|Iron Head|p2a: Vespiquen\n|-damage|p2a: Vespiquen|112/299\n|\n|-heal|p1a: Iron Treads|155/265|[from] item: Leftovers\n|upkeep\n|turn|15\n|\n|t:|1781392749\n|move|p1a: Iron Treads|Iron Head|p2a: Vespiquen\n|-damage|p2a: Vespiquen|52/299\n|move|p2a: Vespiquen|Roost|p2a: Vespiquen\n|-heal|p2a: Vespiquen|202/299\n|-singleturn|p2a: Vespiquen|move: Roost\n|\n|-heal|p1a: Iron Treads|171/265|[from] item: Leftovers\n|upkeep\n|turn|16\n|\n|t:|1781392754\n|move|p1a: Iron Treads|Iron Head|p2a: Vespiquen\n|-damage|p2a: Vespiquen|142/299\n|move|p2a: Vespiquen|Hurricane|p1a: Iron Treads\n|-resisted|p1a: Iron Treads\n|-damage|p1a: Iron Treads|84/265\n|\n|-heal|p1a: Iron Treads|100/265|[from] item: Leftovers\n|upkeep\n|turn|17\n|\n|t:|1781392763\n|move|p1a: Iron Treads|Iron Head|p2a: Vespiquen\n|-damage|p2a: Vespiquen|81/299\n|cant|p2a: Vespiquen|flinch\n|\n|-heal|p1a: Iron Treads|116/265|[from] item: Leftovers\n|upkeep\n|turn|18\n|\n|t:|1781392768\n|move|p1a: Iron Treads|Iron Head|p2a: Vespiquen\n|-damage|p2a: Vespiquen|23/299\n|move|p2a: Vespiquen|Roost|p2a: Vespiquen\n|-heal|p2a: Vespiquen|173/299\n|-singleturn|p2a: Vespiquen|move: Roost\n|\n|-heal|p1a: Iron Treads|132/265|[from] item: Leftovers\n|upkeep\n|turn|19\n|\n|t:|1781392772\n|move|p1a: Iron Treads|Iron Head|p2a: Vespiquen\n|-damage|p2a: Vespiquen|112/299\n|move|p2a: Vespiquen|Hurricane|p1a: Iron Treads\n|-resisted|p1a: Iron Treads\n|-damage|p1a: Iron Treads|36/265\n|\n|-heal|p1a: Iron Treads|52/265|[from] item: Leftovers\n|upkeep\n|turn|20\n|\n|t:|1781392778\n|move|p1a: Iron Treads|Iron Head|p2a: Vespiquen\n|-damage|p2a: Vespiquen|55/299\n|move|p2a: Vespiquen|Roost|p2a: Vespiquen\n|-heal|p2a: Vespiquen|205/299\n|-singleturn|p2a: Vespiquen|move: Roost\n|\n|-heal|p1a: Iron Treads|68/265|[from] item: Leftovers\n|upkeep\n|turn|21\n|\n|t:|1781392785\n|move|p1a: Iron Treads|Iron Head|p2a: Vespiquen\n|-damage|p2a: Vespiquen|142/299\n|move|p2a: Vespiquen|Hurricane|p1a: Iron Treads\n|-resisted|p1a: Iron Treads\n|-damage|p1a: Iron Treads|0 fnt\n|faint|p1a: Iron Treads\n|-end|p1a: Iron Treads|Quark Drive|[silent]\n|\n|upkeep\n|\n|t:|1781392791\n|switch|p1a: Talonflame|Talonflame, L83, F|265/265\n|turn|22\n|\n|t:|1781392795\n|switch|p2a: Rhydon|Rhydon, L85, M|303/317\n|-damage|p2a: Rhydon|284/317|[from] Stealth Rock\n|move|p1a: Talonflame|Will-O-Wisp|p2a: Rhydon\n|-status|p2a: Rhydon|brn\n|\n|-damage|p2a: Rhydon|265/317 brn|[from] brn\n|upkeep\n|turn|23\n|\n|t:|1781392803\n|switch|p1a: Dachsbun|Dachsbun, L92, M|254/254\n|move|p2a: Rhydon|Earthquake|p1a: Dachsbun\n|-damage|p1a: Dachsbun|200/254\n|\n|-heal|p1a: Dachsbun|215/254|[from] item: Leftovers\n|-damage|p2a: Rhydon|246/317 brn|[from] brn\n|upkeep\n|turn|24\n|\n|t:|1781392814\n|switch|p2a: Vespiquen|Vespiquen, L99, F|142/299\n|-ability|p2a: Vespiquen|Pressure\n|move|p1a: Dachsbun|Wish|p1a: Dachsbun\n|\n|-heal|p1a: Dachsbun|230/254|[from] item: Leftovers\n|upkeep\n|turn|25\n|\n|t:|1781392821\n|switch|p1a: Zamazenta|Zamazenta-Crowned, L68|84/238\n|move|p2a: Vespiquen|Spikes|p1a: Zamazenta\n|-sidestart|p1: TandemUnicycle|Spikes\n|\n|-heal|p1a: Zamazenta|211/238|[from] move: Wish|[wisher] Dachsbun\n|upkeep\n|turn|26\n|\n|t:|1781392829\n|move|p1a: Zamazenta|Stone Edge|p2a: Vespiquen\n|-supereffective|p2a: Vespiquen\n|-damage|p2a: Vespiquen|0 fnt\n|faint|p2a: Vespiquen\n|\n|upkeep\n|\n|t:|1781392833\n|switch|p2a: Mismagius|Mismagius, L86, M|93/243\n|-damage|p2a: Mismagius|63/243|[from] Stealth Rock\n|turn|27\n|\n|t:|1781392838\n|move|p2a: Mismagius|Mystical Fire|p1a: Zamazenta\n|-supereffective|p1a: Zamazenta\n|-damage|p1a: Zamazenta|53/238\n|-unboost|p1a: Zamazenta|spa|1\n|move|p1a: Zamazenta|Heavy Slam|p2a: Mismagius\n|-damage|p2a: Mismagius|0 fnt\n|faint|p2a: Mismagius\n|\n|upkeep\n|\n|t:|1781392859\n|switch|p2a: Minior|Minior-Green, L79|224/224\n|-damage|p2a: Minior|168/224|[from] Stealth Rock\n|-formechange|p2a: Minior|Minior-Meteor||[from] ability: Shields Down\n|turn|28\n|\n|t:|1781392865\n|-terastallize|p2a: Minior|Water\n|move|p1a: Zamazenta|Heavy Slam|p2a: Minior\n|-resisted|p2a: Minior\n|-damage|p2a: Minior|122/224\n|move|p2a: Minior|Shell Smash|p2a: Minior\n|-unboost|p2a: Minior|def|1\n|-unboost|p2a: Minior|spd|1\n|-boost|p2a: Minior|atk|2\n|-boost|p2a: Minior|spa|2\n|-boost|p2a: Minior|spe|2\n|-enditem|p2a: Minior|White Herb\n|-clearnegativeboost|p2a: Minior|[silent]\n|\n|upkeep\n|turn|29\n|\n|t:|1781392877\n|move|p2a: Minior|Acrobatics|p1a: Zamazenta\n|-damage|p1a: Zamazenta|0 fnt\n|faint|p1a: Zamazenta\n|\n|upkeep\n|\n|t:|1781392883\n|switch|p1a: Dachsbun|Dachsbun, L92, M|230/254\n|-damage|p1a: Dachsbun|199/254|[from] Spikes\n|turn|30\n|\n|t:|1781392893\n|move|p2a: Minior|Acrobatics|p1a: Dachsbun\n|-damage|p1a: Dachsbun|97/254\n|move|p1a: Dachsbun|Play Rough|p2a: Minior\n|-damage|p2a: Minior|23/224\n|\n|-heal|p1a: Dachsbun|112/254|[from] item: Leftovers\n|-formechange|p2a: Minior|Minior-Green||[from] ability: Shields Down\n|upkeep\n|turn|31\n|\n|t:|1781392914\n|move|p2a: Minior|Acrobatics|p1a: Dachsbun\n|-damage|p1a: Dachsbun|0 fnt\n|faint|p1a: Dachsbun\n|\n|upkeep\n|\n|t:|1781392918\n|switch|p1a: Grimmsnarl|Grimmsnarl, L83, M|214/293\n|-damage|p1a: Grimmsnarl|178/293|[from] Spikes\n|turn|32\n|\n|t:|1781392924\n|move|p1a: Grimmsnarl|Sucker Punch|p2a: Minior\n|-damage|p2a: Minior|0 fnt\n|faint|p2a: Minior\n|\n|-heal|p1a: Grimmsnarl|196/293|[from] item: Leftovers\n|upkeep\n|\n|t:|1781392931\n|switch|p2a: Tauros|Tauros-Paldea-Blaze, L81, M|74/252\n|-damage|p2a: Tauros|43/252|[from] Stealth Rock\n|turn|33\n|\n|t:|1781392940\n|move|p1a: Grimmsnarl|Parting Shot|p2a: Tauros\n|-unboost|p2a: Tauros|atk|1\n|-unboost|p2a: Tauros|spa|1\n|\n|t:|1781392943\n|switch|p1a: Talonflame|Talonflame, L83, F|265/265|[from] Parting Shot\n|move|p2a: Tauros|Close Combat|p1a: Talonflame\n|-resisted|p1a: Talonflame\n|-damage|p1a: Talonflame|211/265\n|-unboost|p2a: Tauros|def|1\n|-unboost|p2a: Tauros|spd|1\n|\n|upkeep\n|turn|34\n|\n|t:|1781392950\n|switch|p2a: Rhydon|Rhydon, L85, M|246/317 brn\n|-damage|p2a: Rhydon|227/317 brn|[from] Stealth Rock\n|move|p1a: Talonflame|Brave Bird|p2a: Rhydon\n|-resisted|p2a: Rhydon\n|-damage|p2a: Rhydon|200/317 brn\n|-damage|p1a: Talonflame|202/265|[from] Recoil\n|\n|-damage|p2a: Rhydon|181/317 brn|[from] brn\n|upkeep\n|turn|35\n|\n|t:|1781392960\n|switch|p1a: Walking Wake|Walking Wake, L79|286/286\n|-damage|p1a: Walking Wake|251/286|[from] Spikes\n|move|p2a: Rhydon|Stone Edge|p1a: Walking Wake|[miss]\n|-miss|p2a: Rhydon|p1a: Walking Wake\n|\n|-damage|p2a: Rhydon|162/317 brn|[from] brn\n|upkeep\n|turn|36\n|\n|t:|1781392971\n|switch|p2a: Tauros|Tauros-Paldea-Blaze, L81, M|43/252\n|-damage|p2a: Tauros|12/252|[from] Stealth Rock\n|move|p1a: Walking Wake|Hydro Steam|p2a: Tauros\n|-supereffective|p2a: Tauros\n|-damage|p2a: Tauros|0 fnt\n|faint|p2a: Tauros\n|-damage|p1a: Walking Wake|223/286|[from] item: Life Orb\n|\n|upkeep\n|\n|t:|1781392975\n|switch|p2a: Mimikyu|Mimikyu, L79, M|216/216\n|-damage|p2a: Mimikyu|189/216|[from] Stealth Rock\n|turn|37\n|\n|t:|1781392982\n|move|p1a: Walking Wake|Flamethrower|p2a: Mimikyu\n|-activate|p2a: Mimikyu|ability: Disguise\n|-damage|p2a: Mimikyu|189/216\n|detailschange|p2a: Mimikyu|Mimikyu-Busted, L79, M\n|-damage|p2a: Mimikyu|162/216|[from] pokemon: Mimikyu-Busted\n|-damage|p1a: Walking Wake|195/286|[from] item: Life Orb\n|move|p2a: Mimikyu|Play Rough|p1a: Walking Wake\n|-supereffective|p1a: Walking Wake\n|-damage|p1a: Walking Wake|0 fnt\n|faint|p1a: Walking Wake\n|-end|p1a: Walking Wake|Protosynthesis|[silent]\n|-damage|p2a: Mimikyu|141/216|[from] item: Life Orb\n|\n|upkeep\n|\n|t:|1781392995\n|switch|p1a: Talonflame|Talonflame, L83, F|202/265\n|turn|38\n|\n|t:|1781392999\n|switch|p2a: Rhydon|Rhydon, L85, M|162/317 brn\n|-damage|p2a: Rhydon|143/317 brn|[from] Stealth Rock\n|move|p1a: Talonflame|Brave Bird|p2a: Rhydon\n|-resisted|p2a: Rhydon\n|-damage|p2a: Rhydon|117/317 brn\n|-damage|p1a: Talonflame|193/265|[from] Recoil\n|\n|-damage|p2a: Rhydon|98/317 brn|[from] brn\n|upkeep\n|turn|39\n|\n|t:|1781393009\n|-terastallize|p1a: Talonflame|Ground\n|move|p1a: Talonflame|Overheat|p2a: Rhydon\n|-resisted|p2a: Rhydon\n|-damage|p2a: Rhydon|43/317 brn\n|-unboost|p1a: Talonflame|spa|2\n|move|p2a: Rhydon|Stone Edge|p1a: Talonflame\n|-resisted|p1a: Talonflame\n|-crit|p1a: Talonflame\n|-damage|p1a: Talonflame|130/265\n|\n|-damage|p2a: Rhydon|24/317 brn|[from] brn\n|upkeep\n|turn|40\n|\n|t:|1781393021\n|move|p1a: Talonflame|Brave Bird|p2a: Rhydon\n|-resisted|p2a: Rhydon\n|-damage|p2a: Rhydon|0 fnt\n|faint|p2a: Rhydon\n|-damage|p1a: Talonflame|122/265|[from] Recoil\n|\n|upkeep\n|\n|t:|1781393024\n|switch|p2a: Mimikyu|Mimikyu-Busted, L79, M|141/216\n|-damage|p2a: Mimikyu|114/216|[from] Stealth Rock\n|turn|41\n|\n|t:|1781393030\n|move|p2a: Mimikyu|Shadow Sneak|p1a: Talonflame\n|-damage|p1a: Talonflame|71/265\n|-damage|p2a: Mimikyu|93/216|[from] item: Life Orb\n|move|p1a: Talonflame|Brave Bird|p2a: Mimikyu\n|-damage|p2a: Mimikyu|0 fnt\n|faint|p2a: Mimikyu\n|-damage|p1a: Talonflame|40/265|[from] Recoil\n|\n|win|TandemUnicycle\n|raw|TandemUnicycle's rating: 1871 &rarr; <strong>1894</strong><br />(+23 for winning)\n|raw|fildrongofficial's rating: 1917 &rarr; <strong>1894</strong><br />(-23 for losing)\n", "uploadtime": 1781393030, "views": 2, "formatid": "gen9randombattle", "rating": 1894, "private": 0, "password": null}