{"id": "gen9randombattle-2631543524", "format": "[Gen 9] Random Battle", "players": ["Datfunkycoldmedina", "cabrilla"], "log": "|j|\u2606Datfunkycoldmedina\n|j|\u2606cabrilla\n|t:|1781399079\n|gametype|singles\n|player|p1|Datfunkycoldmedina|marlon|1252\n|player|p2|cabrilla|waiter-gen4dp|1251\n|gen|9\n|tier|[Gen 9] Random Battle\n|rated|\n|rule|Species Clause: Limit one of each Pok\u00e9mon\n|rule|HP Percentage Mod: HP is shown in percentages\n|rule|Sleep Clause Mod: Limit one foe put to sleep\n|rule|Illusion Level Mod: Illusion disguises the Pok\u00e9mon's true level\n|\n|t:|1781399079\n|teamsize|p1|6\n|teamsize|p2|6\n|start\n|switch|p1a: Flapple|Flapple, L88, M|266/266\n|switch|p2a: Glalie|Glalie, L96, M|309/309\n|turn|1\n|inactive|Battle timer is ON: inactive players will automatically lose when time's up. (requested by cabrilla)\n|\n|t:|1781399090\n|move|p2a: Glalie|Freeze-Dry|p1a: Flapple\n|-supereffective|p1a: Flapple\n|-crit|p1a: Flapple\n|-damage|p1a: Flapple|0 fnt\n|faint|p1a: Flapple\n|\n|upkeep\n|\n|t:|1781399094\n|switch|p1a: Duraludon|Duraludon, L82, F|249/249\n|turn|2\n|\n|t:|1781399102\n|move|p2a: Glalie|Earthquake|p1a: Duraludon\n|-supereffective|p1a: Duraludon\n|-damage|p1a: Duraludon|161/249\n|move|p1a: Duraludon|Iron Defense|p1a: Duraludon\n|-boost|p1a: Duraludon|def|2\n|\n|upkeep\n|turn|3\n|\n|t:|1781399111\n|switch|p2a: Flareon|Flareon, L90, M|263/263\n|move|p1a: Duraludon|Body Press|p2a: Flareon\n|-damage|p2a: Flareon|112/263\n|\n|-status|p2a: Flareon|tox|[from] item: Toxic Orb\n|upkeep\n|turn|4\n|\n|t:|1781399121\n|move|p1a: Duraludon|Body Press|p2a: Flareon\n|-damage|p2a: Flareon|0 fnt\n|faint|p2a: Flareon\n|\n|upkeep\n|\n|t:|1781399129\n|switch|p2a: Kommo-o|Kommo-o, L78, F|245/245\n|turn|5\n|inactive|Datfunkycoldmedina has 120 seconds left.\n|\n|t:|1781399184\n|move|p1a: Duraludon|Draco Meteor|p2a: Kommo-o|[miss]\n|-miss|p1a: Duraludon|p2a: Kommo-o\n|move|p2a: Kommo-o|Drain Punch|p1a: Duraludon\n|-supereffective|p1a: Duraludon\n|-damage|p1a: Duraludon|113/249\n|\n|upkeep\n|turn|6\n|c|\u2606Datfunkycoldmedina|Of course\n|\n|t:|1781399204\n|move|p1a: Duraludon|Body Press|p2a: Kommo-o\n|-damage|p2a: Kommo-o|140/245\n|move|p2a: Kommo-o|Clanging Scales|p1a: Duraludon\n|-damage|p1a: Duraludon|10/249\n|-unboost|p2a: Kommo-o|def|1\n|-enditem|p2a: Kommo-o|Throat Spray\n|-boost|p2a: Kommo-o|spa|1|[from] item: Throat Spray\n|\n|upkeep\n|turn|7\n|\n|t:|1781399214\n|move|p1a: Duraludon|Draco Meteor|p2a: Kommo-o|[miss]\n|-miss|p1a: Duraludon|p2a: Kommo-o\n|move|p2a: Kommo-o|Drain Punch|p1a: Duraludon\n|-supereffective|p1a: Duraludon\n|-damage|p1a: Duraludon|0 fnt\n|-heal|p2a: Kommo-o|145/245|[from] drain|[of] p1a: Duraludon\n|faint|p1a: Duraludon\n|\n|upkeep\n|c|\u2606Datfunkycoldmedina|Fucking bullshit\n|-message|Datfunkycoldmedina forfeited.\n|\n|win|cabrilla\n", "uploadtime": 1781399223, "views": 2, "formatid": "gen9randombattle", "rating": null, "private": 0, "password": null}