{"id": "gen9randombattle-2631754193", "format": "[Gen 9] Random Battle", "players": ["ShadyTEST", "americandadroger"], "log": "|j|\u2606ShadyTEST\n|j|\u2606americandadroger\n|t:|1781434253\n|gametype|singles\n|player|p1|ShadyTEST|unknown|1442\n|player|p2|americandadroger|265|1441\n|gen|9\n|tier|[Gen 9] Random Battle\n|rated|\n|rule|Species Clause: Limit one of each Pok\u00e9mon\n|rule|HP Percentage Mod: HP is shown in percentages\n|rule|Sleep Clause Mod: Limit one foe put to sleep\n|rule|Illusion Level Mod: Illusion disguises the Pok\u00e9mon's true level\n|\n|t:|1781434253\n|teamsize|p1|6\n|teamsize|p2|6\n|start\n|switch|p1a: Lunala|Lunala, L70|308/308\n|switch|p2a: Florges|Florges-Yellow, L85, F|219/219\n|turn|1\n|inactive|Battle timer is ON: inactive players will automatically lose when time's up. (requested by ShadyTEST)\n|\n|t:|1781434268\n|switch|p1a: Scream Tail|Scream Tail, L84|330/330\n|move|p2a: Florges|Poltergeist|p1a: Scream Tail\n|-activate|p1a: Scream Tail|move: Poltergeist|Leftovers\n|-supereffective|p1a: Scream Tail\n|-damage|p1a: Scream Tail|88/330\n|-damage|p2a: Florges|198/219|[from] item: Life Orb\n|\n|-heal|p1a: Scream Tail|108/330|[from] item: Leftovers\n|upkeep\n|turn|2\n|\n|t:|1781434280\n|move|p1a: Scream Tail|Thunder Wave|p2a: Florges\n|-status|p2a: Florges|par\n|move|p2a: Florges|Hyper Voice|p1a: Scream Tail\n|-damage|p1a: Scream Tail|0 fnt\n|faint|p1a: Scream Tail\n|-end|p1a: Scream Tail|Protosynthesis|[silent]\n|-damage|p2a: Florges|177/219 par|[from] item: Life Orb\n|\n|upkeep\n|\n|t:|1781434301\n|switch|p1a: Piloswine|Piloswine, L85, F|309/309\n|turn|3\n|\n|t:|1781434319\n|cant|p2a: Florges|par\n|move|p1a: Piloswine|Roar|p2a: Florges\n|drag|p2a: Thundurus|Thundurus-Therian, L80, M|258/258\n|\n|upkeep\n|turn|4\n|\n|t:|1781434343\n|switch|p2a: Florges|Florges-Yellow, L85, F|177/219 par\n|move|p1a: Piloswine|Icicle Crash|p2a: Florges\n|-damage|p2a: Florges|50/219 par\n|replace|p2a: Zoroark|Zoroark-Hisui, L80, F\n|-end|p2a: Zoroark|Illusion\n|-hint|Illusion Level Mod is active, so this Pok\u00e9mon's true level was hidden.\n|\n|upkeep\n|turn|5\n|\n|t:|1781434354\n|cant|p2a: Zoroark|par\n|move|p1a: Piloswine|Roar|p2a: Zoroark\n|drag|p2a: Shiftry|Shiftry, L89, F|305/305\n|\n|upkeep\n|turn|6\n|\n|t:|1781434363\n|-terastallize|p2a: Shiftry|Poison\n|move|p2a: Shiftry|Knock Off|p1a: Piloswine\n|-damage|p1a: Piloswine|202/309\n|-enditem|p1a: Piloswine|Eviolite|[from] move: Knock Off|[of] p2a: Shiftry\n|-damage|p2a: Shiftry|275/305|[from] item: Life Orb\n|move|p1a: Piloswine|Icicle Crash|p2a: Shiftry\n|-damage|p2a: Shiftry|166/305\n|\n|upkeep\n|turn|7\n|\n|t:|1781434375\n|move|p2a: Shiftry|Leaf Blade|p1a: Piloswine\n|-supereffective|p1a: Piloswine\n|-damage|p1a: Piloswine|0 fnt\n|faint|p1a: Piloswine\n|-damage|p2a: Shiftry|136/305|[from] item: Life Orb\n|\n|upkeep\n|inactive|ShadyTEST has 120 seconds left.\n|\n|t:|1781434398\n|switch|p1a: Tauros|Tauros-Paldea-Aqua, L81, M|254/254\n|-ability|p1a: Tauros|Intimidate|boost\n|-unboost|p2a: Shiftry|atk|1\n|turn|8\n|inactive|ShadyTEST has 120 seconds left.\n|inactive|americandadroger has 120 seconds left.\n|inactive|americandadroger has 90 seconds left.\n|\n|t:|1781434480\n|switch|p2a: Florges|Florges-Yellow, L85, F|50/219 par\n|move|p1a: Tauros|Liquidation|p2a: Florges\n|-damage|p2a: Florges|0 fnt\n|replace|p2a: Zoroark|Zoroark-Hisui, L80, F\n|-end|p2a: Zoroark|Illusion\n|faint|p2a: Zoroark\n|-damage|p1a: Tauros|229/254|[from] item: Life Orb\n|\n|upkeep\n|\n|t:|1781434489\n|switch|p2a: Thundurus|Thundurus-Therian, L80, M|258/258\n|turn|9\n|inactive|ShadyTEST has 120 seconds left.\n|\n|t:|1781434503\n|switch|p1a: Giratina|Giratina, L75|349/349\n|-ability|p1a: Giratina|Pressure\n|move|p2a: Thundurus|Thunderbolt|p1a: Giratina\n|-resisted|p1a: Giratina\n|-damage|p1a: Giratina|294/349\n|\n|-heal|p1a: Giratina|315/349|[from] item: Leftovers\n|upkeep\n|turn|10\n|inactive|ShadyTEST has 120 seconds left.\n|\n|t:|1781434520\n|switch|p2a: Florges|Florges-Yellow, L85, F|271/271\n|move|p1a: Giratina|Shadow Ball|p2a: Florges\n|-damage|p2a: Florges|225/271\n|\n|-heal|p1a: Giratina|336/349|[from] item: Leftovers\n|-heal|p2a: Florges|241/271|[from] item: Leftovers\n|upkeep\n|turn|11\n|inactive|ShadyTEST has 120 seconds left.\n|\n|t:|1781434534\n|move|p1a: Giratina|Shadow Ball|p2a: Florges\n|-damage|p2a: Florges|198/271\n|-unboost|p2a: Florges|spd|1\n|move|p2a: Florges|Calm Mind|p2a: Florges\n|-boost|p2a: Florges|spa|1\n|-boost|p2a: Florges|spd|1\n|\n|-heal|p1a: Giratina|349/349|[from] item: Leftovers\n|-heal|p2a: Florges|214/271|[from] item: Leftovers\n|upkeep\n|turn|12\n|inactive|ShadyTEST has 120 seconds left.\n|\n|t:|1781434544\n|switch|p1a: Tauros|Tauros-Paldea-Aqua, L81, M|229/254\n|-ability|p1a: Tauros|Intimidate|boost\n|-unboost|p2a: Florges|atk|1\n|move|p2a: Florges|Moonblast|p1a: Tauros\n|-supereffective|p1a: Tauros\n|-damage|p1a: Tauros|0 fnt\n|faint|p1a: Tauros\n|\n|-heal|p2a: Florges|230/271|[from] item: Leftovers\n|upkeep\n|inactive|ShadyTEST has 120 seconds left.\n|\n|t:|1781434550\n|switch|p1a: Haxorus|Haxorus, L77, F|244/244\n|-ability|p1a: Haxorus|Mold Breaker\n|turn|13\n|inactive|americandadroger has 90 seconds left.\n|\n|t:|1781434562\n|switch|p2a: Mew|Mew, L82|298/298\n|-terastallize|p1a: Haxorus|Steel\n|move|p1a: Haxorus|Swords Dance|p1a: Haxorus\n|-boost|p1a: Haxorus|atk|2\n|\n|upkeep\n|turn|14\n|\n|t:|1781434572\n|move|p2a: Mew|Encore|p1a: Haxorus\n|-start|p1a: Haxorus|Encore\n|move|p1a: Haxorus|Swords Dance|p1a: Haxorus\n|-boost|p1a: Haxorus|atk|2\n|\n|upkeep\n|turn|15\n|\n|t:|1781434578\n|switch|p1a: Giratina|Giratina, L75|349/349\n|-ability|p1a: Giratina|Pressure\n|move|p2a: Mew|Knock Off|p1a: Giratina\n|-supereffective|p1a: Giratina\n|-damage|p1a: Giratina|239/349\n|-enditem|p1a: Giratina|Leftovers|[from] move: Knock Off|[of] p2a: Mew\n|\n|upkeep\n|turn|16\n|\n|t:|1781434592\n|switch|p2a: Florges|Florges-Yellow, L85, F|230/271\n|move|p1a: Giratina|Shadow Ball|p2a: Florges\n|-damage|p2a: Florges|185/271\n|\n|-heal|p2a: Florges|201/271|[from] item: Leftovers\n|upkeep\n|turn|17\n|\n|t:|1781434600\n|move|p1a: Giratina|Shadow Ball|p2a: Florges\n|-damage|p2a: Florges|156/271\n|move|p2a: Florges|Moonblast|p1a: Giratina\n|-supereffective|p1a: Giratina\n|-damage|p1a: Giratina|41/349\n|-unboost|p1a: Giratina|spa|1\n|\n|-heal|p2a: Florges|172/271|[from] item: Leftovers\n|upkeep\n|turn|18\n|\n|t:|1781434609\n|move|p1a: Giratina|Shadow Ball|p2a: Florges\n|-damage|p2a: Florges|144/271\n|move|p2a: Florges|Wish|p2a: Florges\n|\n|-heal|p2a: Florges|160/271|[from] item: Leftovers\n|upkeep\n|turn|19\n|inactive|americandadroger has 90 seconds left.\n|\n|t:|1781434648\n|switch|p1a: Haxorus|Haxorus, L77, F, tera:Steel|244/244\n|-ability|p1a: Haxorus|Mold Breaker\n|move|p2a: Florges|Moonblast|p1a: Haxorus\n|-resisted|p1a: Haxorus\n|-damage|p1a: Haxorus|163/244\n|\n|-heal|p2a: Florges|271/271|[from] move: Wish|[wisher] Florges\n|upkeep\n|turn|20\n|inactive|americandadroger has 90 seconds left.\n|inactive|ShadyTEST has 120 seconds left.\n|\n|t:|1781434685\n|switch|p2a: Mew|Mew, L82|298/298\n|move|p1a: Haxorus|Iron Head|p2a: Mew\n|-damage|p2a: Mew|201/298\n|\n|-heal|p2a: Mew|219/298|[from] item: Leftovers\n|upkeep\n|turn|21\n|inactive|ShadyTEST has 120 seconds left.\n|\n|t:|1781434695\n|move|p2a: Mew|Knock Off|p1a: Haxorus\n|-damage|p1a: Haxorus|86/244\n|-enditem|p1a: Haxorus|Loaded Dice|[from] move: Knock Off|[of] p2a: Mew\n|move|p1a: Haxorus|Scale Shot|p2a: Mew|[miss]\n|-miss|p1a: Haxorus|p2a: Mew\n|\n|-heal|p2a: Mew|237/298|[from] item: Leftovers\n|upkeep\n|turn|22\n|\n|t:|1781434710\n|move|p2a: Mew|Encore|p1a: Haxorus\n|-start|p1a: Haxorus|Encore\n|move|p1a: Haxorus|Scale Shot|p2a: Mew\n|-damage|p2a: Mew|206/298\n|-damage|p2a: Mew|178/298\n|-damage|p2a: Mew|147/298\n|-hitcount|p2a: Mew|3\n|-unboost|p1a: Haxorus|def|1\n|-boost|p1a: Haxorus|spe|1\n|\n|-heal|p2a: Mew|165/298|[from] item: Leftovers\n|upkeep\n|turn|23\n|\n|t:|1781434722\n|switch|p1a: Giratina|Giratina, L75|41/349\n|-ability|p1a: Giratina|Pressure\n|move|p2a: Mew|Knock Off|p1a: Giratina\n|-supereffective|p1a: Giratina\n|-damage|p1a: Giratina|0 fnt\n|faint|p1a: Giratina\n|\n|-heal|p2a: Mew|183/298|[from] item: Leftovers\n|upkeep\n|c|\u2606americandadroger|bye bye\n|inactive|ShadyTEST has 120 seconds left.\n|\n|t:|1781434751\n|switch|p1a: Haxorus|Haxorus, L77, F, tera:Steel|86/244\n|-ability|p1a: Haxorus|Mold Breaker\n|turn|24\n|c|\u2606americandadroger|I'm too smart for you\n|\n|t:|1781434764\n|move|p2a: Mew|Psychic Noise|p1a: Haxorus\n|-resisted|p1a: Haxorus\n|-damage|p1a: Haxorus|36/244\n|-start|p1a: Haxorus|move: Heal Block\n|move|p1a: Haxorus|Iron Head|p2a: Mew\n|-damage|p2a: Mew|93/298\n|\n|-heal|p2a: Mew|111/298|[from] item: Leftovers\n|upkeep\n|turn|25\n|\n|t:|1781434775\n|move|p2a: Mew|Psychic Noise|p1a: Haxorus\n|-resisted|p1a: Haxorus\n|-damage|p1a: Haxorus|0 fnt\n|faint|p1a: Haxorus\n|\n|-heal|p2a: Mew|129/298|[from] item: Leftovers\n|upkeep\n|\n|t:|1781434780\n|switch|p1a: Lunala|Lunala, L70|308/308\n|turn|26\n|c|\u2606americandadroger|LMAO !!!!!!!!!!!!!!!!!\n|inactive|ShadyTEST has 120 seconds left.\n|c|\u2606americandadroger|ONE SHOT\n|c|\u2606americandadroger|1 attack look\n|c|\u2606ShadyTEST|Bet?\n|inactive|ShadyTEST has 90 seconds left.\n|c|\u2606americandadroger|go forfeitt\n|c|\u2606americandadroger|you lose\n|c|\u2606americandadroger|ahahaha\n|\n|t:|1781434841\n|move|p2a: Mew|Knock Off|p1a: Lunala\n|-supereffective|p1a: Lunala\n|-damage|p1a: Lunala|152/308\n|-enditem|p1a: Lunala|Leftovers|[from] move: Knock Off|[of] p2a: Mew\n|move|p1a: Lunala|Moongeist Beam|p2a: Mew\n|-supereffective|p2a: Mew\n|-damage|p2a: Mew|0 fnt\n|faint|p2a: Mew\n|\n|upkeep\n|inactive|americandadroger has 90 seconds left.\n|\n|t:|1781434871\n|switch|p2a: Shiftry|Shiftry, L89, F, tera:Poison|136/305\n|turn|27\n|c|\u2606ShadyTEST|What happened to one shot@\n|\n|t:|1781434891\n|move|p2a: Shiftry|Sucker Punch||[still]\n|-fail|p2a: Shiftry\n|move|p1a: Lunala|Moonlight|p1a: Lunala\n|-heal|p1a: Lunala|306/308\n|\n|upkeep\n|turn|28\n|\n|t:|1781434899\n|move|p2a: Shiftry|Knock Off|p1a: Lunala\n|-supereffective|p1a: Lunala\n|-damage|p1a: Lunala|0 fnt\n|faint|p1a: Lunala\n|-damage|p2a: Shiftry|106/305|[from] item: Life Orb\n|\n|win|americandadroger\n|raw|ShadyTEST's rating: 1442 &rarr; <strong>1422</strong><br />(-20 for losing)\n|raw|americandadroger's rating: 1441 &rarr; <strong>1461</strong><br />(+20 for winning)\n|l|\u2606ShadyTEST\n|player|p1|\n|c|\u2606americandadroger|ONE SHOT\n", "uploadtime": 1781435443, "views": 4, "formatid": "gen9randombattle", "rating": 1422, "private": 0, "password": null}