{"id": "gen9randombattle-2631470859", "format": "[Gen 9] Random Battle", "players": ["Mikayel", "marigoldreal"], "log": "|j|\u2606Mikayel\n|j|\u2606marigoldreal\n|t:|1781388843\n|gametype|singles\n|player|p1|Mikayel|ash|1905\n|player|p2|marigoldreal|gardenia|1871\n|gen|9\n|tier|[Gen 9] Random Battle\n|rated|\n|rule|Species Clause: Limit one of each Pok\u00e9mon\n|rule|HP Percentage Mod: HP is shown in percentages\n|rule|Sleep Clause Mod: Limit one foe put to sleep\n|rule|Illusion Level Mod: Illusion disguises the Pok\u00e9mon's true level\n|\n|t:|1781388843\n|teamsize|p1|6\n|teamsize|p2|6\n|start\n|switch|p1a: Reshiram|Reshiram, L76|277/277\n|switch|p2a: Gogoat|Gogoat, L88, M|360/360\n|-ability|p1a: Reshiram|Turboblaze\n|turn|1\n|inactive|Battle timer is ON: inactive players will automatically lose when time's up. (requested by Mikayel)\n|inactive|marigoldreal also wants the timer to be on.\n|\n|t:|1781388855\n|switch|p2a: Barraskewda|Barraskewda, L81, F|231/231\n|move|p1a: Reshiram|Blue Flare|p2a: Barraskewda\n|-resisted|p2a: Barraskewda\n|-damage|p2a: Barraskewda|109/231\n|\n|upkeep\n|turn|2\n|\n|t:|1781388868\n|switch|p1a: Gastrodon|Gastrodon-East, L86, F|331/331\n|move|p2a: Barraskewda|Flip Turn|p1a: Gastrodon\n|-ability|p1a: Gastrodon|Storm Drain|boost\n|-boost|p1a: Gastrodon|spa|1\n|\n|upkeep\n|turn|3\n|\n|t:|1781388875\n|switch|p2a: Gogoat|Gogoat, L88, M|360/360\n|move|p1a: Gastrodon|Ice Beam|p2a: Gogoat\n|-supereffective|p2a: Gogoat\n|-damage|p2a: Gogoat|160/360\n|\n|-heal|p2a: Gogoat|182/360|[from] item: Leftovers\n|upkeep\n|turn|4\n|\n|t:|1781388882\n|move|p2a: Gogoat|Milk Drink|p2a: Gogoat\n|-heal|p2a: Gogoat|360/360\n|move|p1a: Gastrodon|Ice Beam|p2a: Gogoat\n|-supereffective|p2a: Gogoat\n|-damage|p2a: Gogoat|172/360\n|-status|p2a: Gogoat|frz\n|\n|-heal|p2a: Gogoat|194/360 frz|[from] item: Leftovers\n|upkeep\n|turn|5\n|\n|t:|1781388886\n|cant|p2a: Gogoat|frz\n|move|p1a: Gastrodon|Ice Beam|p2a: Gogoat\n|-supereffective|p2a: Gogoat\n|-damage|p2a: Gogoat|0 fnt\n|faint|p2a: Gogoat\n|\n|upkeep\n|\n|t:|1781388892\n|switch|p2a: Hydreigon|Hydreigon, L79, M|275/275\n|turn|6\n|\n|t:|1781388896\n|move|p2a: Hydreigon|Dark Pulse|p1a: Gastrodon\n|-damage|p1a: Gastrodon|237/331\n|move|p1a: Gastrodon|Ice Beam|p2a: Hydreigon\n|-supereffective|p2a: Hydreigon\n|-damage|p2a: Hydreigon|77/275\n|\n|-heal|p1a: Gastrodon|257/331|[from] item: Leftovers\n|upkeep\n|turn|7\n|\n|t:|1781388900\n|move|p2a: Hydreigon|Dark Pulse|p1a: Gastrodon\n|-damage|p1a: Gastrodon|167/331\n|move|p1a: Gastrodon|Recover|p1a: Gastrodon\n|-heal|p1a: Gastrodon|331/331\n|\n|upkeep\n|turn|8\n|\n|t:|1781388904\n|move|p2a: Hydreigon|Dark Pulse|p1a: Gastrodon\n|-damage|p1a: Gastrodon|237/331\n|move|p1a: Gastrodon|Ice Beam|p2a: Hydreigon\n|-supereffective|p2a: Hydreigon\n|-damage|p2a: Hydreigon|0 fnt\n|faint|p2a: Hydreigon\n|\n|-heal|p1a: Gastrodon|257/331|[from] item: Leftovers\n|upkeep\n|\n|t:|1781388910\n|switch|p2a: Archaludon|Archaludon, L78, F|268/268\n|turn|9\n|\n|t:|1781388912\n|move|p1a: Gastrodon|Earthquake|p2a: Archaludon\n|-supereffective|p2a: Archaludon\n|-damage|p2a: Archaludon|104/268\n|-ability|p2a: Archaludon|Stamina|boost\n|-boost|p2a: Archaludon|def|1\n|move|p2a: Archaludon|Dragon Tail|p1a: Gastrodon\n|-damage|p1a: Gastrodon|185/331\n|drag|p1a: Quaquaval|Quaquaval, L79, F|264/264\n|\n|upkeep\n|turn|10\n|\n|t:|1781388921\n|-terastallize|p2a: Archaludon|Fighting\n|move|p1a: Quaquaval|Close Combat|p2a: Archaludon\n|-damage|p2a: Archaludon|29/268\n|-unboost|p1a: Quaquaval|def|1\n|-unboost|p1a: Quaquaval|spd|1\n|-ability|p2a: Archaludon|Stamina|boost\n|-boost|p2a: Archaludon|def|1\n|move|p2a: Archaludon|Body Press|p1a: Quaquaval\n|-damage|p1a: Quaquaval|0 fnt\n|faint|p1a: Quaquaval\n|\n|upkeep\n|\n|t:|1781388936\n|switch|p1a: Reshiram|Reshiram, L76|277/277\n|-ability|p1a: Reshiram|Turboblaze\n|turn|11\n|\n|t:|1781388948\n|move|p1a: Reshiram|Earth Power|p2a: Archaludon\n|-damage|p2a: Archaludon|0 fnt\n|faint|p2a: Archaludon\n|\n|upkeep\n|\n|t:|1781388952\n|switch|p2a: Ceruledge|Ceruledge, L78, F|245/245\n|turn|12\n|\n|t:|1781388966\n|-terastallize|p1a: Reshiram|Ground\n|move|p1a: Reshiram|Earth Power|p2a: Ceruledge\n|-supereffective|p2a: Ceruledge\n|-damage|p2a: Ceruledge|27/245\n|move|p2a: Ceruledge|Poltergeist|p1a: Reshiram\n|-activate|p1a: Reshiram|move: Poltergeist|Heavy-Duty Boots\n|-damage|p1a: Reshiram|162/277\n|\n|upkeep\n|turn|13\n|\n|t:|1781388985\n|move|p2a: Ceruledge|Shadow Sneak|p1a: Reshiram\n|-damage|p1a: Reshiram|119/277\n|move|p1a: Reshiram|Earth Power|p2a: Ceruledge\n|-supereffective|p2a: Ceruledge\n|-damage|p2a: Ceruledge|0 fnt\n|faint|p2a: Ceruledge\n|\n|upkeep\n|\n|t:|1781388989\n|switch|p2a: Barraskewda|Barraskewda, L81, F|109/231\n|turn|14\n|\n|t:|1781388992\n|move|p2a: Barraskewda|Close Combat|p1a: Reshiram\n|-damage|p1a: Reshiram|0 fnt\n|-unboost|p2a: Barraskewda|def|1\n|-unboost|p2a: Barraskewda|spd|1\n|faint|p1a: Reshiram\n|\n|upkeep\n|\n|t:|1781388996\n|switch|p1a: Hatterene|Hatterene, L85, F|236/236\n|turn|15\n|\n|t:|1781389000\n|switch|p2a: Inteleon|Inteleon, L81, M|246/246\n|move|p1a: Hatterene|Nuzzle|p2a: Inteleon\n|-supereffective|p2a: Inteleon\n|-damage|p2a: Inteleon|212/246\n|-status|p2a: Inteleon|par\n|\n|upkeep\n|turn|16\n|\n|t:|1781389004\n|move|p2a: Inteleon|U-turn|p1a: Hatterene\n|-damage|p1a: Hatterene|196/236\n|\n|t:|1781389005\n|switch|p2a: Barraskewda|Barraskewda, L81, F|109/231|[from] U-turn\n|move|p1a: Hatterene|Psychic|p2a: Barraskewda\n|-crit|p2a: Barraskewda\n|-damage|p2a: Barraskewda|0 fnt\n|faint|p2a: Barraskewda\n|\n|upkeep\n|\n|t:|1781389006\n|switch|p2a: Inteleon|Inteleon, L81, M|212/246 par\n|turn|17\n|\n|t:|1781389009\n|move|p2a: Inteleon|U-turn|p1a: Hatterene\n|-damage|p1a: Hatterene|155/236\n|move|p1a: Hatterene|Psychic|p2a: Inteleon\n|-damage|p2a: Inteleon|31/246 par\n|\n|upkeep\n|turn|18\n|-message|marigoldreal forfeited.\n|\n|win|Mikayel\n|raw|Mikayel's rating: 1905 &rarr; <strong>1923</strong><br />(+18 for winning)\n|raw|marigoldreal's rating: 1871 &rarr; <strong>1853</strong><br />(-18 for losing)\n", "uploadtime": 1781389010, "views": 4, "formatid": "gen9randombattle", "rating": 1853, "private": 0, "password": null}