{"id": "gen9randombattle-2631620444", "format": "[Gen 9] Random Battle", "players": ["angerybee", "ladymissgay"], "log": "|j|\u2606angerybee\n|j|\u2606ladymissgay\n|t:|1781410017\n|gametype|singles\n|player|p1|angerybee|fisherman-gen4|1501\n|player|p2|ladymissgay|bellelba|1534\n|gen|9\n|tier|[Gen 9] Random Battle\n|rated|\n|rule|Species Clause: Limit one of each Pok\u00e9mon\n|rule|HP Percentage Mod: HP is shown in percentages\n|rule|Sleep Clause Mod: Limit one foe put to sleep\n|rule|Illusion Level Mod: Illusion disguises the Pok\u00e9mon's true level\n|\n|t:|1781410017\n|teamsize|p1|6\n|teamsize|p2|6\n|start\n|switch|p1a: Baxcalibur|Baxcalibur, L75, M|296/296\n|switch|p2a: Tinkaton|Tinkaton, L82, F|274/274\n|-ability|p2a: Tinkaton|Mold Breaker\n|turn|1\n|\n|t:|1781410022\n|switch|p1a: Clodsire|Clodsire, L81, F|343/343\n|move|p2a: Tinkaton|Gigaton Hammer|p1a: Clodsire\n|-damage|p1a: Clodsire|151/343\n|\n|-heal|p1a: Clodsire|172/343|[from] item: Leftovers\n|upkeep\n|turn|2\n|\n|t:|1781410030\n|switch|p2a: Chien-Pao|Chien-Pao, L72|234/234\n|-ability|p2a: Chien-Pao|Sword of Ruin\n|move|p1a: Clodsire|Recover|p1a: Clodsire\n|-heal|p1a: Clodsire|343/343\n|\n|upkeep\n|turn|3\n|\n|t:|1781410035\n|switch|p1a: Baxcalibur|Baxcalibur, L75, M|296/296\n|move|p2a: Chien-Pao|Icicle Crash|p1a: Baxcalibur\n|-damage|p1a: Baxcalibur|190/296\n|\n|upkeep\n|turn|4\n|\n|t:|1781410038\n|move|p2a: Chien-Pao|Sacred Sword|p1a: Baxcalibur\n|-supereffective|p1a: Baxcalibur\n|-damage|p1a: Baxcalibur|38/296\n|move|p1a: Baxcalibur|Dragon Dance|p1a: Baxcalibur\n|-boost|p1a: Baxcalibur|atk|1\n|-boost|p1a: Baxcalibur|spe|1\n|\n|upkeep\n|turn|5\n|\n|t:|1781410043\n|move|p1a: Baxcalibur|Glaive Rush|p2a: Chien-Pao\n|-damage|p2a: Chien-Pao|0 fnt\n|-singlemove|p1a: Baxcalibur|Glaive Rush|[silent]\n|faint|p2a: Chien-Pao\n|\n|upkeep\n|\n|t:|1781410050\n|switch|p2a: Tinkaton|Tinkaton, L82, F|274/274\n|-ability|p2a: Tinkaton|Mold Breaker\n|turn|6\n|\n|t:|1781410053\n|move|p1a: Baxcalibur|Earthquake|p2a: Tinkaton\n|-supereffective|p2a: Tinkaton\n|-damage|p2a: Tinkaton|0 fnt\n|faint|p2a: Tinkaton\n|\n|upkeep\n|\n|t:|1781410057\n|switch|p2a: Annihilape|Annihilape, L76, F|292/292\n|turn|7\n|\n|t:|1781410060\n|move|p1a: Baxcalibur|Glaive Rush|p2a: Annihilape\n|-damage|p2a: Annihilape|55/292\n|-singlemove|p1a: Baxcalibur|Glaive Rush|[silent]\n|move|p2a: Annihilape|Drain Punch|p1a: Baxcalibur\n|-supereffective|p1a: Baxcalibur\n|-damage|p1a: Baxcalibur|0 fnt\n|-heal|p2a: Annihilape|74/292|[from] drain|[of] p1a: Baxcalibur\n|faint|p1a: Baxcalibur\n|\n|upkeep\n|\n|t:|1781410064\n|switch|p1a: Inteleon|Inteleon, L81, M|246/246\n|turn|8\n|\n|t:|1781410068\n|switch|p2a: Blissey|Blissey, L85, F|572/572\n|move|p1a: Inteleon|Scald|p2a: Blissey\n|-damage|p2a: Blissey|469/572\n|\n|-heal|p2a: Blissey|504/572|[from] item: Leftovers\n|upkeep\n|turn|9\n|\n|t:|1781410072\n|switch|p1a: Clodsire|Clodsire, L81, F|343/343\n|move|p2a: Blissey|Seismic Toss|p1a: Clodsire\n|-damage|p1a: Clodsire|258/343\n|\n|-heal|p2a: Blissey|539/572|[from] item: Leftovers\n|-heal|p1a: Clodsire|279/343|[from] item: Leftovers\n|upkeep\n|turn|10\n|\n|t:|1781410077\n|switch|p2a: Greninja|Greninja, L80, M|246/246\n|move|p1a: Clodsire|Earthquake|p2a: Greninja\n|-damage|p2a: Greninja|134/246\n|\n|-heal|p1a: Clodsire|300/343|[from] item: Leftovers\n|upkeep\n|turn|11\n|\n|t:|1781410080\n|move|p2a: Greninja|Hydro Pump|p1a: Clodsire\n|-start|p2a: Greninja|typechange|Water|[from] ability: Protean\n|-heal|p1a: Clodsire|343/343|[from] ability: Water Absorb|[of] p2a: Greninja\n|move|p1a: Clodsire|Earthquake|p2a: Greninja\n|-damage|p2a: Greninja|32/246\n|\n|upkeep\n|turn|12\n|\n|t:|1781410086\n|move|p2a: Greninja|Dark Pulse|p1a: Clodsire\n|-damage|p1a: Clodsire|281/343\n|-damage|p2a: Greninja|8/246|[from] item: Life Orb\n|cant|p1a: Clodsire|flinch\n|\n|-heal|p1a: Clodsire|302/343|[from] item: Leftovers\n|upkeep\n|turn|13\n|\n|t:|1781410095\n|move|p2a: Greninja|Dark Pulse|p1a: Clodsire\n|-damage|p1a: Clodsire|240/343\n|-damage|p2a: Greninja|0 fnt|[from] item: Life Orb\n|faint|p2a: Greninja\n|move|p1a: Clodsire|Earthquake|p2: Greninja|[notarget]\n|-fail|p1a: Clodsire\n|\n|-heal|p1a: Clodsire|261/343|[from] item: Leftovers\n|upkeep\n|l|\u2606ladymissgay\n|player|p2|\n|inactive|Battle timer is ON: inactive players will automatically lose when time's up. (requested by angerybee)\n|j|\u2606ladymissgay\n|inactive|ladymissgay reconnected and has 140 seconds left.\n|player|p2|ladymissgay|bellelba|\n|\n|t:|1781410133\n|switch|p2a: Annihilape|Annihilape, L76, F|74/292\n|turn|14\n|\n|t:|1781410149\n|switch|p1a: Inteleon|Inteleon, L81, M|246/246\n|move|p2a: Annihilape|Rest|p2a: Annihilape\n|-status|p2a: Annihilape|slp|[from] move: Rest\n|-heal|p2a: Annihilape|292/292 slp|[silent]\n|-enditem|p2a: Annihilape|Chesto Berry|[eat]\n|-curestatus|p2a: Annihilape|slp|[msg]\n|\n|upkeep\n|turn|15\n|\n|t:|1781410157\n|move|p1a: Inteleon|Scald|p2a: Annihilape\n|-damage|p2a: Annihilape|141/292\n|-status|p2a: Annihilape|brn\n|move|p2a: Annihilape|Rage Fist|p1a: Inteleon\n|-damage|p1a: Inteleon|151/246\n|\n|-damage|p2a: Annihilape|123/292 brn|[from] brn\n|upkeep\n|turn|16\n|-message|ladymissgay forfeited.\n|\n|win|angerybee\n|raw|angerybee's rating: 1501 &rarr; <strong>1523</strong><br />(+22 for winning)\n|raw|ladymissgay's rating: 1534 &rarr; <strong>1512</strong><br />(-22 for losing)\n", "uploadtime": 1781410166, "views": 2, "formatid": "gen9randombattle", "rating": 1512, "private": 0, "password": null}