{"id": "gen9randombattle-2631652041", "format": "[Gen 9] Random Battle", "players": ["lianfan", "vickty"], "log": "|j|\u2606lianfan\n|j|\u2606vickty\n|t:|1781415246\n|gametype|singles\n|player|p1|lianfan|170|1980\n|player|p2|vickty|170|2049\n|gen|9\n|tier|[Gen 9] Random Battle\n|rated|\n|rule|Species Clause: Limit one of each Pok\u00e9mon\n|rule|HP Percentage Mod: HP is shown in percentages\n|rule|Sleep Clause Mod: Limit one foe put to sleep\n|rule|Illusion Level Mod: Illusion disguises the Pok\u00e9mon's true level\n|\n|t:|1781415246\n|teamsize|p1|6\n|teamsize|p2|6\n|start\n|switch|p1a: Dudunsparce|Dudunsparce, L83, F|343/343\n|switch|p2a: Pawmot|Pawmot, L80, M|243/243\n|turn|1\n|inactive|Battle timer is ON: inactive players will automatically lose when time's up. (requested by lianfan)\n|\n|t:|1781415259\n|switch|p1a: Vileplume|Vileplume, L85, M|266/266\n|move|p2a: Pawmot|Nuzzle|p1a: Vileplume\n|-resisted|p1a: Vileplume\n|-damage|p1a: Vileplume|254/266\n|-status|p1a: Vileplume|par\n|-status|p2a: Pawmot|slp|[from] ability: Effect Spore|[of] p1a: Vileplume\n|\n|-heal|p1a: Vileplume|266/266 par|[from] item: Leftovers\n|upkeep\n|turn|2\n|inactive|vickty has 120 seconds left.\n|\n|t:|1781415297\n|switch|p2a: Qwilfish|Qwilfish-Hisui, L83, M|244/244\n|-ability|p2a: Qwilfish|Intimidate|boost\n|-unboost|p1a: Vileplume|atk|1\n|switch|p1a: Ogerpon|Ogerpon-Hearthflame, L74, F|239/239\n|-ability|p1a: Ogerpon|Mold Breaker\n|\n|upkeep\n|turn|3\n|\n|t:|1781415305\n|switch|p1a: Latios|Latios, L78, M|253/253\n|move|p2a: Qwilfish|Gunk Shot|p1a: Latios\n|-damage|p1a: Latios|118/253\n|\n|upkeep\n|turn|4\n|\n|t:|1781415318\n|move|p1a: Latios|Draco Meteor|p2a: Qwilfish\n|-damage|p2a: Qwilfish|72/244\n|-unboost|p1a: Latios|spa|2\n|move|p2a: Qwilfish|Crunch|p1a: Latios\n|-supereffective|p1a: Latios\n|-damage|p1a: Latios|0 fnt\n|faint|p1a: Latios\n|\n|upkeep\n|\n|t:|1781415327\n|switch|p1a: Ogerpon|Ogerpon-Hearthflame, L74, F|239/239\n|-ability|p1a: Ogerpon|Mold Breaker\n|turn|5\n|\n|t:|1781415333\n|move|p1a: Ogerpon|Ivy Cudgel|p2a: Qwilfish|[anim] Ivy Cudgel Fire\n|-damage|p2a: Qwilfish|0 fnt\n|faint|p2a: Qwilfish\n|\n|upkeep\n|\n|t:|1781415336\n|switch|p2a: Rampardos|Rampardos, L90, M|321/321\n|turn|6\n|\n|t:|1781415347\n|switch|p1a: Urshifu|Urshifu, L74, F|270/270\n|move|p2a: Rampardos|Head Smash|p1a: Urshifu|[miss]\n|-miss|p2a: Rampardos|p1a: Urshifu\n|\n|upkeep\n|turn|7\n|\n|t:|1781415359\n|switch|p2a: Ribombee|Ribombee, L83, M|235/235\n|move|p1a: Urshifu|Close Combat|p2a: Ribombee\n|-resisted|p2a: Ribombee\n|-damage|p2a: Ribombee|171/235\n|-unboost|p1a: Urshifu|def|1\n|-unboost|p1a: Urshifu|spd|1\n|\n|upkeep\n|turn|8\n|\n|t:|1781415368\n|switch|p1a: Vileplume|Vileplume, L85, M|266/266 par\n|move|p2a: Ribombee|Sticky Web|p1a: Vileplume\n|-sidestart|p1: lianfan|move: Sticky Web\n|\n|upkeep\n|turn|9\n|\n|t:|1781415381\n|switch|p2a: Slaking|Slaking, L84, M|389/389\n|move|p1a: Vileplume|Giga Drain|p2a: Slaking\n|-damage|p2a: Slaking|272/389\n|\n|upkeep\n|turn|10\n|\n|t:|1781415388\n|move|p2a: Slaking|Double-Edge|p1a: Vileplume\n|-damage|p1a: Vileplume|0 fnt\n|-message|Sleep Clause Mod activated.\n|-hint|Sleep Clause Mod prevents players from putting more than one of their opponent's Pok\u00e9mon to sleep at a time\n|faint|p1a: Vileplume\n|-damage|p2a: Slaking|184/389|[from] Recoil\n|\n|upkeep\n|\n|t:|1781415396\n|switch|p1a: Ogerpon|Ogerpon-Hearthflame, L74, F|239/239\n|-activate|p1a: Ogerpon|move: Sticky Web\n|-unboost|p1a: Ogerpon|spe|1\n|-ability|p1a: Ogerpon|Mold Breaker\n|turn|11\n|\n|t:|1781415414\n|switch|p2a: Pawmot|Pawmot, L80, M|243/243 slp\n|move|p1a: Ogerpon|Trailblaze|p2a: Pawmot\n|-damage|p2a: Pawmot|164/243 slp\n|-boost|p1a: Ogerpon|spe|1\n|\n|upkeep\n|turn|12\n|\n|t:|1781415418\n|cant|p2a: Pawmot|slp\n|move|p1a: Ogerpon|Swords Dance|p1a: Ogerpon\n|-boost|p1a: Ogerpon|atk|2\n|\n|upkeep\n|turn|13\n|\n|t:|1781415430\n|-curestatus|p2a: Pawmot|slp|[msg]\n|move|p2a: Pawmot|Close Combat|p1a: Ogerpon\n|-damage|p1a: Ogerpon|74/239\n|-unboost|p2a: Pawmot|def|1\n|-unboost|p2a: Pawmot|spd|1\n|move|p1a: Ogerpon|Trailblaze|p2a: Pawmot\n|-damage|p2a: Pawmot|0 fnt\n|-boost|p1a: Ogerpon|spe|1\n|faint|p2a: Pawmot\n|\n|upkeep\n|\n|t:|1781415439\n|switch|p2a: Rampardos|Rampardos, L90, M|321/321\n|turn|14\n|\n|t:|1781415443\n|-terastallize|p2a: Rampardos|Fire\n|move|p1a: Ogerpon|Power Whip|p2a: Rampardos\n|-resisted|p2a: Rampardos\n|-damage|p2a: Rampardos|141/321\n|move|p2a: Rampardos|Fire Punch|p1a: Ogerpon\n|-damage|p1a: Ogerpon|0 fnt\n|faint|p1a: Ogerpon\n|\n|upkeep\n|\n|t:|1781415447\n|switch|p1a: Luvdisc|Luvdisc, M|247/247\n|turn|15\n|\n|t:|1781415450\n|switch|p2a: Florges|Florges-White, L85, F|271/271\n|move|p1a: Luvdisc|Substitute|p1a: Luvdisc\n|-start|p1a: Luvdisc|Substitute\n|-damage|p1a: Luvdisc|186/247\n|\n|upkeep\n|turn|16\n|\n|t:|1781415456\n|move|p1a: Luvdisc|Surf|p2a: Florges\n|-damage|p2a: Florges|220/271\n|move|p2a: Florges|Calm Mind|p2a: Florges\n|-boost|p2a: Florges|spa|1\n|-boost|p2a: Florges|spd|1\n|\n|-heal|p2a: Florges|236/271|[from] item: Leftovers\n|upkeep\n|turn|17\n|\n|t:|1781415470\n|move|p1a: Luvdisc|Surf|p2a: Florges\n|-damage|p2a: Florges|206/271\n|move|p2a: Florges|Calm Mind|p2a: Florges\n|-boost|p2a: Florges|spa|1\n|-boost|p2a: Florges|spd|1\n|\n|-heal|p2a: Florges|222/271|[from] item: Leftovers\n|upkeep\n|turn|18\n|\n|t:|1781415473\n|move|p1a: Luvdisc|Surf|p2a: Florges\n|-damage|p2a: Florges|197/271\n|move|p2a: Florges|Calm Mind|p2a: Florges\n|-boost|p2a: Florges|spa|1\n|-boost|p2a: Florges|spd|1\n|\n|-heal|p2a: Florges|213/271|[from] item: Leftovers\n|upkeep\n|turn|19\n|\n|t:|1781415483\n|move|p1a: Luvdisc|Surf|p2a: Florges\n|-damage|p2a: Florges|192/271\n|move|p2a: Florges|Calm Mind|p2a: Florges\n|-boost|p2a: Florges|spa|1\n|-boost|p2a: Florges|spd|1\n|\n|-heal|p2a: Florges|208/271|[from] item: Leftovers\n|upkeep\n|turn|20\n|\n|t:|1781415489\n|move|p1a: Luvdisc|Surf|p2a: Florges\n|-damage|p2a: Florges|190/271\n|move|p2a: Florges|Calm Mind|p2a: Florges\n|-boost|p2a: Florges|spa|1\n|-boost|p2a: Florges|spd|1\n|\n|-heal|p2a: Florges|206/271|[from] item: Leftovers\n|upkeep\n|turn|21\n|\n|t:|1781415494\n|move|p1a: Luvdisc|Surf|p2a: Florges\n|-damage|p2a: Florges|193/271\n|move|p2a: Florges|Calm Mind|p2a: Florges\n|-boost|p2a: Florges|spa|1\n|-boost|p2a: Florges|spd|1\n|\n|-heal|p2a: Florges|209/271|[from] item: Leftovers\n|upkeep\n|turn|22\n|\n|t:|1781415502\n|move|p1a: Luvdisc|Surf|p2a: Florges\n|-damage|p2a: Florges|197/271\n|move|p2a: Florges|Wish|p2a: Florges\n|\n|-heal|p2a: Florges|213/271|[from] item: Leftovers\n|upkeep\n|turn|23\n|\n|t:|1781415532\n|move|p1a: Luvdisc|Substitute|p1a: Luvdisc\n|-fail|p1a: Luvdisc|move: Substitute\n|move|p2a: Florges|Calm Mind|p2a: Florges\n|-boost|p2a: Florges|spa|0\n|-boost|p2a: Florges|spd|0\n|\n|-heal|p2a: Florges|271/271|[from] move: Wish|[wisher] Florges\n|upkeep\n|turn|24\n|\n|t:|1781415535\n|move|p1a: Luvdisc|Endeavor|p2a: Florges\n|-damage|p2a: Florges|186/271\n|move|p2a: Florges|Calm Mind|p2a: Florges\n|-boost|p2a: Florges|spa|0\n|-boost|p2a: Florges|spd|0\n|\n|-heal|p2a: Florges|202/271|[from] item: Leftovers\n|upkeep\n|turn|25\n|\n|t:|1781415540\n|move|p1a: Luvdisc|Substitute|p1a: Luvdisc\n|-fail|p1a: Luvdisc|move: Substitute\n|move|p2a: Florges|Calm Mind|p2a: Florges\n|-boost|p2a: Florges|spa|0\n|-boost|p2a: Florges|spd|0\n|\n|-heal|p2a: Florges|218/271|[from] item: Leftovers\n|upkeep\n|turn|26\n|\n|t:|1781415547\n|move|p1a: Luvdisc|Surf|p2a: Florges\n|-damage|p2a: Florges|205/271\n|move|p2a: Florges|Calm Mind|p2a: Florges\n|-boost|p2a: Florges|spa|0\n|-boost|p2a: Florges|spd|0\n|\n|-heal|p2a: Florges|221/271|[from] item: Leftovers\n|upkeep\n|turn|27\n|\n|t:|1781415551\n|move|p1a: Luvdisc|Substitute|p1a: Luvdisc\n|-fail|p1a: Luvdisc|move: Substitute\n|move|p2a: Florges|Calm Mind|p2a: Florges\n|-boost|p2a: Florges|spa|0\n|-boost|p2a: Florges|spd|0\n|\n|-heal|p2a: Florges|237/271|[from] item: Leftovers\n|upkeep\n|turn|28\n|\n|t:|1781415556\n|move|p1a: Luvdisc|Surf|p2a: Florges\n|-damage|p2a: Florges|225/271\n|move|p2a: Florges|Calm Mind|p2a: Florges\n|-boost|p2a: Florges|spa|0\n|-boost|p2a: Florges|spd|0\n|\n|-heal|p2a: Florges|241/271|[from] item: Leftovers\n|upkeep\n|turn|29\n|\n|t:|1781415561\n|move|p1a: Luvdisc|Substitute|p1a: Luvdisc\n|-fail|p1a: Luvdisc|move: Substitute\n|move|p2a: Florges|Calm Mind|p2a: Florges\n|-boost|p2a: Florges|spa|0\n|-boost|p2a: Florges|spd|0\n|\n|-heal|p2a: Florges|257/271|[from] item: Leftovers\n|upkeep\n|turn|30\n|\n|t:|1781415564\n|move|p1a: Luvdisc|Substitute|p1a: Luvdisc\n|-fail|p1a: Luvdisc|move: Substitute\n|move|p2a: Florges|Calm Mind|p2a: Florges\n|-boost|p2a: Florges|spa|0\n|-boost|p2a: Florges|spd|0\n|\n|-heal|p2a: Florges|271/271|[from] item: Leftovers\n|upkeep\n|turn|31\n|inactive|vickty has 120 seconds left.\n|\n|t:|1781415610\n|move|p1a: Luvdisc|Surf|p2a: Florges\n|-damage|p2a: Florges|258/271\n|move|p2a: Florges|Moonblast|p1a: Luvdisc\n|-end|p1a: Luvdisc|Substitute\n|\n|-heal|p2a: Florges|271/271|[from] item: Leftovers\n|upkeep\n|turn|32\n|\n|t:|1781415619\n|move|p1a: Luvdisc|Substitute|p1a: Luvdisc\n|-start|p1a: Luvdisc|Substitute\n|-damage|p1a: Luvdisc|125/247\n|move|p2a: Florges|Moonblast|p1a: Luvdisc\n|-end|p1a: Luvdisc|Substitute\n|\n|upkeep\n|turn|33\n|inactive|vickty has 120 seconds left.\n|\n|t:|1781415650\n|move|p1a: Luvdisc|Substitute|p1a: Luvdisc\n|-start|p1a: Luvdisc|Substitute\n|-damage|p1a: Luvdisc|64/247\n|move|p2a: Florges|Moonblast|p1a: Luvdisc\n|-end|p1a: Luvdisc|Substitute\n|\n|upkeep\n|turn|34\n|\n|t:|1781415654\n|move|p1a: Luvdisc|Substitute|p1a: Luvdisc\n|-start|p1a: Luvdisc|Substitute\n|-damage|p1a: Luvdisc|3/247\n|move|p2a: Florges|Wish|p2a: Florges\n|\n|upkeep\n|turn|35\n|\n|t:|1781415667\n|switch|p1a: Dudunsparce|Dudunsparce, L83, F|343/343\n|-activate|p1a: Dudunsparce|move: Sticky Web\n|-unboost|p1a: Dudunsparce|spe|1\n|move|p2a: Florges|Moonblast|p1a: Dudunsparce\n|-damage|p1a: Dudunsparce|0 fnt\n|faint|p1a: Dudunsparce\n|\n|upkeep\n|\n|t:|1781415669\n|switch|p1a: Luvdisc|Luvdisc, M|3/247\n|turn|36\n|\n|t:|1781415674\n|move|p1a: Luvdisc|Endeavor|p2a: Florges\n|-damage|p2a: Florges|3/271\n|move|p2a: Florges|Wish|p2a: Florges\n|\n|-heal|p2a: Florges|19/271|[from] item: Leftovers\n|upkeep\n|turn|37\n|\n|t:|1781415684\n|move|p2a: Florges|Protect|p2a: Florges\n|-singleturn|p2a: Florges|Protect\n|move|p1a: Luvdisc|Flip Turn|p2a: Florges\n|-activate|p2a: Florges|move: Protect\n|\n|-heal|p2a: Florges|154/271|[from] move: Wish|[wisher] Florges\n|-heal|p2a: Florges|170/271|[from] item: Leftovers\n|upkeep\n|turn|38\n|inactive|vickty has 120 seconds left.\n|\n|t:|1781415729\n|move|p1a: Luvdisc|Endeavor|p2a: Florges\n|-damage|p2a: Florges|3/271\n|move|p2a: Florges|Wish|p2a: Florges\n|\n|-heal|p2a: Florges|19/271|[from] item: Leftovers\n|upkeep\n|turn|39\n|\n|t:|1781415737\n|move|p2a: Florges|Protect|p2a: Florges\n|-singleturn|p2a: Florges|Protect\n|move|p1a: Luvdisc|Flip Turn|p2a: Florges\n|-activate|p2a: Florges|move: Protect\n|\n|-heal|p2a: Florges|154/271|[from] move: Wish|[wisher] Florges\n|-heal|p2a: Florges|170/271|[from] item: Leftovers\n|upkeep\n|turn|40\n|\n|t:|1781415742\n|move|p1a: Luvdisc|Endeavor|p2a: Florges\n|-damage|p2a: Florges|3/271\n|move|p2a: Florges|Wish|p2a: Florges\n|\n|-heal|p2a: Florges|19/271|[from] item: Leftovers\n|upkeep\n|turn|41\n|\n|t:|1781415753\n|move|p2a: Florges|Protect|p2a: Florges\n|-singleturn|p2a: Florges|Protect\n|move|p1a: Luvdisc|Flip Turn|p2a: Florges\n|-activate|p2a: Florges|move: Protect\n|\n|-heal|p2a: Florges|154/271|[from] move: Wish|[wisher] Florges\n|-heal|p2a: Florges|170/271|[from] item: Leftovers\n|upkeep\n|turn|42\n|\n|t:|1781415755\n|move|p1a: Luvdisc|Endeavor|p2a: Florges\n|-damage|p2a: Florges|3/271\n|move|p2a: Florges|Wish|p2a: Florges\n|\n|-heal|p2a: Florges|19/271|[from] item: Leftovers\n|upkeep\n|turn|43\n|\n|t:|1781415758\n|move|p2a: Florges|Protect|p2a: Florges\n|-singleturn|p2a: Florges|Protect\n|move|p1a: Luvdisc|Flip Turn|p2a: Florges\n|-activate|p2a: Florges|move: Protect\n|\n|-heal|p2a: Florges|154/271|[from] move: Wish|[wisher] Florges\n|-heal|p2a: Florges|170/271|[from] item: Leftovers\n|upkeep\n|turn|44\n|\n|t:|1781415780\n|move|p1a: Luvdisc|Endeavor|p2a: Florges\n|-damage|p2a: Florges|3/271\n|move|p2a: Florges|Wish|p2a: Florges\n|\n|-heal|p2a: Florges|19/271|[from] item: Leftovers\n|upkeep\n|turn|45\n|\n|t:|1781415789\n|move|p2a: Florges|Protect|p2a: Florges\n|-singleturn|p2a: Florges|Protect\n|move|p1a: Luvdisc|Substitute|p1a: Luvdisc\n|-fail|p1a: Luvdisc|move: Substitute|[weak]\n|\n|-heal|p2a: Florges|154/271|[from] move: Wish|[wisher] Florges\n|-heal|p2a: Florges|170/271|[from] item: Leftovers\n|upkeep\n|turn|46\n|\n|t:|1781415801\n|move|p1a: Luvdisc|Endeavor|p2a: Florges\n|-damage|p2a: Florges|3/271\n|move|p2a: Florges|Wish|p2a: Florges\n|\n|-heal|p2a: Florges|19/271|[from] item: Leftovers\n|upkeep\n|turn|47\n|\n|t:|1781415809\n|move|p2a: Florges|Protect|p2a: Florges\n|-singleturn|p2a: Florges|Protect\n|move|p1a: Luvdisc|Flip Turn|p2a: Florges\n|-activate|p2a: Florges|move: Protect\n|\n|-heal|p2a: Florges|154/271|[from] move: Wish|[wisher] Florges\n|-heal|p2a: Florges|170/271|[from] item: Leftovers\n|upkeep\n|turn|48\n|inactive|vickty has 120 seconds left.\n|\n|t:|1781415848\n|move|p1a: Luvdisc|Endeavor|p2a: Florges\n|-damage|p2a: Florges|3/271\n|move|p2a: Florges|Wish|p2a: Florges\n|\n|-heal|p2a: Florges|19/271|[from] item: Leftovers\n|upkeep\n|turn|49\n|\n|t:|1781415858\n|move|p2a: Florges|Protect|p2a: Florges\n|-singleturn|p2a: Florges|Protect\n|move|p1a: Luvdisc|Flip Turn|p2a: Florges\n|-activate|p2a: Florges|move: Protect\n|\n|-heal|p2a: Florges|154/271|[from] move: Wish|[wisher] Florges\n|-heal|p2a: Florges|170/271|[from] item: Leftovers\n|upkeep\n|turn|50\n|\n|t:|1781415864\n|switch|p1a: Urshifu|Urshifu, L74, F|270/270\n|-activate|p1a: Urshifu|move: Sticky Web\n|-unboost|p1a: Urshifu|spe|1\n|move|p2a: Florges|Moonblast|p1a: Urshifu\n|-supereffective|p1a: Urshifu\n|-damage|p1a: Urshifu|0 fnt\n|faint|p1a: Urshifu\n|\n|-heal|p2a: Florges|186/271|[from] item: Leftovers\n|upkeep\n|\n|t:|1781415866\n|switch|p1a: Luvdisc|Luvdisc, M|3/247\n|turn|51\n|inactive|lianfan has 120 seconds left.\n|inactive|lianfan has 90 seconds left.\n|inactive|lianfan has 60 seconds left.\n|inactive|lianfan has 30 seconds left.\n|inactive|lianfan has 20 seconds left.\n|inactive|lianfan has 15 seconds left.\n|inactive|lianfan has 10 seconds left.\n|inactive|lianfan has 5 seconds left.\n|-message|lianfan lost due to inactivity.\n|\n|win|vickty\n", "uploadtime": 1781415248, "views": 4, "formatid": "gen9randombattle", "rating": null, "private": 0, "password": null}