{"id": "gen9randombattle-2631500392", "format": "[Gen 9] Random Battle", "players": ["PizzaPenguin1208", "MagikarpMax96"], "log": "|j|\u2606PizzaPenguin1208\n|j|\u2606MagikarpMax96\n|t:|1781393005\n|gametype|singles\n|player|p1|PizzaPenguin1208|tuber|\n|player|p2|MagikarpMax96|biker|\n|gen|9\n|tier|[Gen 9] Random Battle\n|rule|Species Clause: Limit one of each Pok\u00e9mon\n|rule|HP Percentage Mod: HP is shown in percentages\n|rule|Sleep Clause Mod: Limit one foe put to sleep\n|rule|Illusion Level Mod: Illusion disguises the Pok\u00e9mon's true level\n|\n|t:|1781393005\n|teamsize|p1|6\n|teamsize|p2|6\n|start\n|switch|p1a: Volbeat|Volbeat, L90, M|263/263\n|switch|p2a: Koraidon|Koraidon, L64|235/235\n|-weather|SunnyDay|[from] ability: Orichalcum Pulse|[of] p2a: Koraidon\n|-activate|p2a: Koraidon|Orichalcum Pulse|[source]\n|turn|1\n|j| Noobieshadow\n|\n|t:|1781393047\n|move|p1a: Volbeat|Thunder Wave|p2a: Koraidon\n|-status|p2a: Koraidon|par\n|move|p2a: Koraidon|Swords Dance|p2a: Koraidon\n|-boost|p2a: Koraidon|atk|2\n|\n|-weather|SunnyDay|[upkeep]\n|upkeep\n|turn|2\n|inactive|Battle timer is ON: inactive players will automatically lose when time's up. (requested by MagikarpMax96)\n|\n|t:|1781393098\n|move|p1a: Volbeat|Lunge|p2a: Koraidon\n|-resisted|p2a: Koraidon\n|-damage|p2a: Koraidon|191/235 par\n|-unboost|p2a: Koraidon|atk|1\n|move|p2a: Koraidon|Flare Blitz|p1a: Volbeat\n|-supereffective|p1a: Volbeat\n|-damage|p1a: Volbeat|0 fnt\n|faint|p1a: Volbeat\n|-damage|p2a: Koraidon|104/235 par|[from] Recoil\n|\n|-weather|SunnyDay|[upkeep]\n|upkeep\n|\n|t:|1781393117\n|switch|p1a: Malamar|Malamar, L82, F|275/275\n|turn|3\n|\n|t:|1781393123\n|move|p1a: Malamar|Psycho Cut|p2a: Koraidon\n|-supereffective|p2a: Koraidon\n|-damage|p2a: Koraidon|0 fnt\n|faint|p2a: Koraidon\n|\n|-weather|SunnyDay|[upkeep]\n|upkeep\n|\n|t:|1781393133\n|switch|p2a: Registeel|Registeel, L81|262/262\n|turn|4\n|\n|t:|1781393139\n|move|p1a: Malamar|Superpower|p2a: Registeel\n|-supereffective|p2a: Registeel\n|-damage|p2a: Registeel|164/262\n|-boost|p1a: Malamar|atk|1\n|-boost|p1a: Malamar|def|1\n|move|p2a: Registeel|Thunder Wave|p1a: Malamar\n|-status|p1a: Malamar|par\n|\n|-weather|SunnyDay|[upkeep]\n|-heal|p2a: Registeel|180/262|[from] item: Leftovers\n|upkeep\n|turn|5\n|\n|t:|1781393163\n|-terastallize|p2a: Registeel|Fighting\n|move|p2a: Registeel|Body Press|p1a: Malamar\n|-damage|p1a: Malamar|200/275 par\n|cant|p1a: Malamar|par\n|\n|-weather|none\n|-heal|p2a: Registeel|196/262|[from] item: Leftovers\n|upkeep\n|turn|6\n|\n|t:|1781393173\n|move|p2a: Registeel|Iron Head|p1a: Malamar\n|-damage|p1a: Malamar|152/275 par\n|cant|p1a: Malamar|flinch\n|\n|-heal|p2a: Registeel|212/262|[from] item: Leftovers\n|upkeep\n|turn|7\n|\n|t:|1781393179\n|move|p2a: Registeel|Iron Head|p1a: Malamar\n|-damage|p1a: Malamar|106/275 par\n|cant|p1a: Malamar|flinch\n|\n|-heal|p2a: Registeel|228/262|[from] item: Leftovers\n|upkeep\n|turn|8\n|\n|t:|1781393185\n|move|p2a: Registeel|Iron Head|p1a: Malamar\n|-damage|p1a: Malamar|58/275 par\n|cant|p1a: Malamar|flinch\n|\n|-heal|p2a: Registeel|244/262|[from] item: Leftovers\n|upkeep\n|turn|9\n|\n|t:|1781393192\n|move|p2a: Registeel|Iron Head|p1a: Malamar\n|-crit|p1a: Malamar\n|-damage|p1a: Malamar|0 fnt\n|faint|p1a: Malamar\n|\n|-heal|p2a: Registeel|260/262|[from] item: Leftovers\n|upkeep\n|\n|t:|1781393203\n|switch|p1a: Bellossom|Bellossom, L84, F|263/263\n|turn|10\n|inactive|PizzaPenguin1208 has 270 seconds left.\n|\n|t:|1781393242\n|move|p1a: Bellossom|Tera Blast|p2a: Registeel\n|-damage|p2a: Registeel|223/262\n|move|p2a: Registeel|Thunder Wave|p1a: Bellossom\n|-status|p1a: Bellossom|par\n|\n|-heal|p2a: Registeel|239/262|[from] item: Leftovers\n|upkeep\n|turn|11\n|inactive|PizzaPenguin1208 has 270 seconds left.\n|\n|t:|1781393250\n|move|p2a: Registeel|Iron Head|p1a: Bellossom\n|-damage|p1a: Bellossom|200/263 par\n|move|p1a: Bellossom|Strength Sap|p2a: Registeel\n|-fail|p2a: Registeel|unboost|[from] ability: Clear Body|[of] p2a: Registeel\n|-heal|p1a: Bellossom|263/263 par\n|\n|-heal|p2a: Registeel|255/262|[from] item: Leftovers\n|upkeep\n|turn|12\n|inactive|PizzaPenguin1208 has 270 seconds left.\n|\n|t:|1781393263\n|move|p2a: Registeel|Iron Head|p1a: Bellossom\n|-damage|p1a: Bellossom|197/263 par\n|move|p1a: Bellossom|Quiver Dance|p1a: Bellossom\n|-boost|p1a: Bellossom|spa|1\n|-boost|p1a: Bellossom|spd|1\n|-boost|p1a: Bellossom|spe|1\n|\n|-heal|p2a: Registeel|262/262|[from] item: Leftovers\n|-heal|p1a: Bellossom|213/263 par|[from] item: Leftovers\n|upkeep\n|turn|13\n|\n|t:|1781393273\n|move|p2a: Registeel|Iron Head|p1a: Bellossom\n|-damage|p1a: Bellossom|150/263 par\n|cant|p1a: Bellossom|par\n|\n|-heal|p1a: Bellossom|166/263 par|[from] item: Leftovers\n|upkeep\n|turn|14\n|\n|t:|1781393279\n|move|p2a: Registeel|Iron Head|p1a: Bellossom\n|-damage|p1a: Bellossom|102/263 par\n|cant|p1a: Bellossom|flinch\n|\n|-heal|p1a: Bellossom|118/263 par|[from] item: Leftovers\n|upkeep\n|turn|15\n|\n|t:|1781393285\n|move|p2a: Registeel|Iron Head|p1a: Bellossom\n|-damage|p1a: Bellossom|60/263 par\n|move|p1a: Bellossom|Giga Drain|p2a: Registeel\n|-damage|p2a: Registeel|189/262\n|-heal|p1a: Bellossom|97/263 par|[from] drain|[of] p2a: Registeel\n|\n|-heal|p2a: Registeel|205/262|[from] item: Leftovers\n|-heal|p1a: Bellossom|113/263 par|[from] item: Leftovers\n|upkeep\n|turn|16\n|\n|t:|1781393293\n|move|p2a: Registeel|Iron Head|p1a: Bellossom\n|-damage|p1a: Bellossom|47/263 par\n|move|p1a: Bellossom|Quiver Dance|p1a: Bellossom\n|-boost|p1a: Bellossom|spa|1\n|-boost|p1a: Bellossom|spd|1\n|-boost|p1a: Bellossom|spe|1\n|\n|-heal|p1a: Bellossom|63/263 par|[from] item: Leftovers\n|-heal|p2a: Registeel|221/262|[from] item: Leftovers\n|upkeep\n|turn|17\n|\n|t:|1781393301\n|cant|p1a: Bellossom|par\n|move|p2a: Registeel|Iron Head|p1a: Bellossom\n|-damage|p1a: Bellossom|3/263 par\n|\n|-heal|p1a: Bellossom|19/263 par|[from] item: Leftovers\n|-heal|p2a: Registeel|237/262|[from] item: Leftovers\n|upkeep\n|turn|18\n|\n|t:|1781393308\n|move|p1a: Bellossom|Giga Drain|p2a: Registeel\n|-damage|p2a: Registeel|132/262\n|-heal|p1a: Bellossom|72/263 par|[from] drain|[of] p2a: Registeel\n|move|p2a: Registeel|Iron Head|p1a: Bellossom\n|-damage|p1a: Bellossom|6/263 par\n|\n|-heal|p1a: Bellossom|22/263 par|[from] item: Leftovers\n|-heal|p2a: Registeel|148/262|[from] item: Leftovers\n|upkeep\n|turn|19\n|\n|t:|1781393316\n|move|p1a: Bellossom|Giga Drain|p2a: Registeel\n|-damage|p2a: Registeel|52/262\n|-heal|p1a: Bellossom|70/263 par|[from] drain|[of] p2a: Registeel\n|move|p2a: Registeel|Iron Head|p1a: Bellossom\n|-damage|p1a: Bellossom|10/263 par\n|\n|-heal|p1a: Bellossom|26/263 par|[from] item: Leftovers\n|-heal|p2a: Registeel|68/262|[from] item: Leftovers\n|upkeep\n|turn|20\n|\n|t:|1781393327\n|move|p1a: Bellossom|Giga Drain|p2a: Registeel\n|-crit|p2a: Registeel\n|-damage|p2a: Registeel|0 fnt\n|-heal|p1a: Bellossom|60/263 par|[from] drain|[of] p2a: Registeel\n|faint|p2a: Registeel\n|\n|-heal|p1a: Bellossom|76/263 par|[from] item: Leftovers\n|upkeep\n|\n|t:|1781393336\n|switch|p2a: Pecharunt|Pecharunt, L77|262/262\n|turn|21\n|\n|t:|1781393350\n|move|p2a: Pecharunt|Malignant Chain|p1a: Bellossom\n|-supereffective|p1a: Bellossom\n|-damage|p1a: Bellossom|0 fnt\n|faint|p1a: Bellossom\n|\n|upkeep\n|\n|t:|1781393360\n|switch|p1a: Cetitan|Cetitan, L82, M|412/412\n|turn|22\n|\n|t:|1781393366\n|move|p2a: Pecharunt|Nasty Plot|p2a: Pecharunt\n|-boost|p2a: Pecharunt|spa|2\n|move|p1a: Cetitan|Earthquake|p2a: Pecharunt\n|-supereffective|p2a: Pecharunt\n|-damage|p2a: Pecharunt|150/262\n|\n|-heal|p2a: Pecharunt|166/262|[from] item: Leftovers\n|upkeep\n|turn|23\n|\n|t:|1781393375\n|move|p2a: Pecharunt|Malignant Chain|p1a: Cetitan\n|-damage|p1a: Cetitan|189/412\n|-status|p1a: Cetitan|tox\n|-start|p1a: Cetitan|confusion|[from] ability: Poison Puppeteer|[of] p2a: Pecharunt\n|-enditem|p1a: Cetitan|Sitrus Berry|[eat]\n|-heal|p1a: Cetitan|292/412 tox|[from] item: Sitrus Berry\n|-activate|p1a: Cetitan|confusion\n|move|p1a: Cetitan|Earthquake|p2a: Pecharunt\n|-supereffective|p2a: Pecharunt\n|-damage|p2a: Pecharunt|64/262\n|\n|-heal|p2a: Pecharunt|80/262|[from] item: Leftovers\n|-damage|p1a: Cetitan|267/412 tox|[from] psn\n|upkeep\n|turn|24\n|\n|t:|1781393390\n|-activate|p1a: Cetitan|confusion\n|move|p1a: Cetitan|Ice Shard|p2a: Pecharunt\n|-damage|p2a: Pecharunt|47/262\n|move|p2a: Pecharunt|Malignant Chain|p1a: Cetitan\n|-damage|p1a: Cetitan|41/412 tox\n|\n|-heal|p2a: Pecharunt|63/262|[from] item: Leftovers\n|-damage|p1a: Cetitan|0 fnt|[from] psn\n|faint|p1a: Cetitan\n|upkeep\n|\n|t:|1781393400\n|switch|p1a: Clodsire|Clodsire, L81, F|343/343\n|turn|25\n|\n|t:|1781393407\n|move|p2a: Pecharunt|Recover|p2a: Pecharunt\n|-heal|p2a: Pecharunt|194/262\n|move|p1a: Clodsire|Earthquake|p2a: Pecharunt\n|-supereffective|p2a: Pecharunt\n|-damage|p2a: Pecharunt|80/262\n|\n|-heal|p2a: Pecharunt|96/262|[from] item: Leftovers\n|upkeep\n|turn|26\n|\n|t:|1781393414\n|move|p2a: Pecharunt|Recover|p2a: Pecharunt\n|-heal|p2a: Pecharunt|227/262\n|move|p1a: Clodsire|Earthquake|p2a: Pecharunt\n|-supereffective|p2a: Pecharunt\n|-damage|p2a: Pecharunt|119/262\n|\n|-heal|p2a: Pecharunt|135/262|[from] item: Leftovers\n|upkeep\n|turn|27\n|\n|t:|1781393421\n|move|p2a: Pecharunt|Recover|p2a: Pecharunt\n|-heal|p2a: Pecharunt|262/262\n|move|p1a: Clodsire|Earthquake|p2a: Pecharunt\n|-supereffective|p2a: Pecharunt\n|-damage|p2a: Pecharunt|154/262\n|\n|-heal|p2a: Pecharunt|170/262|[from] item: Leftovers\n|upkeep\n|turn|28\n|\n|t:|1781393430\n|move|p2a: Pecharunt|Nasty Plot|p2a: Pecharunt\n|-boost|p2a: Pecharunt|spa|2\n|move|p1a: Clodsire|Earthquake|p2a: Pecharunt\n|-supereffective|p2a: Pecharunt\n|-damage|p2a: Pecharunt|48/262\n|\n|-heal|p2a: Pecharunt|64/262|[from] item: Leftovers\n|upkeep\n|turn|29\n|\n|t:|1781393440\n|switch|p2a: Slaking|Slaking, L84, M|389/389\n|move|p1a: Clodsire|Earthquake|p2a: Slaking\n|-damage|p2a: Slaking|322/389\n|\n|upkeep\n|turn|30\n|\n|t:|1781393466\n|move|p2a: Slaking|Earthquake|p1a: Clodsire\n|-supereffective|p1a: Clodsire\n|-damage|p1a: Clodsire|0 fnt\n|faint|p1a: Clodsire\n|\n|upkeep\n|inactive|PizzaPenguin1208 has 270 seconds left.\n|\n|t:|1781393478\n|switch|p1a: Slowking|Slowking, L88, M|310/310\n|turn|31\n|\n|t:|1781393483\n|cant|p2a: Slaking|ability: Truant\n|move|p1a: Slowking|Scald|p2a: Slaking\n|-damage|p2a: Slaking|196/389\n|\n|upkeep\n|turn|32\n|\n|t:|1781393491\n|move|p2a: Slaking|Earthquake|p1a: Slowking\n|-damage|p1a: Slowking|154/310\n|move|p1a: Slowking|Thunder Wave|p2a: Slaking\n|-status|p2a: Slaking|par\n|\n|-heal|p1a: Slowking|173/310|[from] item: Leftovers\n|upkeep\n|turn|33\n|\n|t:|1781393502\n|switch|p2a: Brute Bonnet|Brute Bonnet, L80|309/309\n|move|p1a: Slowking|Slack Off|p1a: Slowking\n|-heal|p1a: Slowking|310/310\n|\n|upkeep\n|turn|34\n|\n|t:|1781393516\n|-terastallize|p1a: Slowking|Dragon\n|move|p2a: Brute Bonnet|Spore|p1a: Slowking\n|-status|p1a: Slowking|slp|[from] move: Spore\n|cant|p1a: Slowking|slp\n|\n|upkeep\n|turn|35\n|\n|t:|1781393524\n|move|p2a: Brute Bonnet|Crunch|p1a: Slowking\n|-damage|p1a: Slowking|219/310 slp\n|-curestatus|p1a: Slowking|slp|[msg]\n|move|p1a: Slowking|Thunder Wave|p2a: Brute Bonnet\n|-status|p2a: Brute Bonnet|par\n|\n|-heal|p1a: Slowking|238/310|[from] item: Leftovers\n|upkeep\n|turn|36\n|\n|t:|1781393535\n|move|p1a: Slowking|Scald|p2a: Brute Bonnet\n|-resisted|p2a: Brute Bonnet\n|-damage|p2a: Brute Bonnet|267/309 par\n|move|p2a: Brute Bonnet|Spore|p1a: Slowking\n|-status|p1a: Slowking|slp|[from] move: Spore\n|\n|-heal|p1a: Slowking|257/310 slp|[from] item: Leftovers\n|-heal|p2a: Brute Bonnet|286/309 par|[from] item: Leftovers\n|upkeep\n|turn|37\n|\n|t:|1781393548\n|cant|p1a: Slowking|slp\n|move|p2a: Brute Bonnet|Crunch|p1a: Slowking\n|-damage|p1a: Slowking|164/310 slp\n|\n|-heal|p1a: Slowking|183/310 slp|[from] item: Leftovers\n|-heal|p2a: Brute Bonnet|305/309 par|[from] item: Leftovers\n|upkeep\n|turn|38\n|\n|t:|1781393555\n|-curestatus|p1a: Slowking|slp|[msg]\n|move|p1a: Slowking|Slack Off|p1a: Slowking\n|-heal|p1a: Slowking|310/310\n|move|p2a: Brute Bonnet|Crunch|p1a: Slowking\n|-damage|p1a: Slowking|213/310\n|\n|-heal|p1a: Slowking|232/310|[from] item: Leftovers\n|-heal|p2a: Brute Bonnet|309/309 par|[from] item: Leftovers\n|upkeep\n|turn|39\n|\n|t:|1781393566\n|move|p1a: Slowking|Scald|p2a: Brute Bonnet\n|-resisted|p2a: Brute Bonnet\n|-damage|p2a: Brute Bonnet|263/309 par\n|cant|p2a: Brute Bonnet|par\n|\n|-heal|p1a: Slowking|251/310|[from] item: Leftovers\n|-heal|p2a: Brute Bonnet|282/309 par|[from] item: Leftovers\n|upkeep\n|turn|40\n|\n|t:|1781393573\n|move|p1a: Slowking|Scald|p2a: Brute Bonnet\n|-resisted|p2a: Brute Bonnet\n|-damage|p2a: Brute Bonnet|236/309 par\n|move|p2a: Brute Bonnet|Spore|p1a: Slowking\n|-status|p1a: Slowking|slp|[from] move: Spore\n|\n|-heal|p1a: Slowking|270/310 slp|[from] item: Leftovers\n|-heal|p2a: Brute Bonnet|255/309 par|[from] item: Leftovers\n|upkeep\n|turn|41\n|\n|t:|1781393585\n|-end|p2a: Brute Bonnet|Protosynthesis|[silent]\n|switch|p2a: Slaking|Slaking, L84, M|196/389 par\n|cant|p1a: Slowking|slp\n|\n|-heal|p1a: Slowking|289/310 slp|[from] item: Leftovers\n|upkeep\n|turn|42\n|\n|t:|1781393593\n|move|p2a: Slaking|Giga Impact|p1a: Slowking\n|-damage|p1a: Slowking|0 fnt\n|-mustrecharge|p2a: Slaking\n|faint|p1a: Slowking\n|\n|win|MagikarpMax96\n|l|\u2606PizzaPenguin1208\n|player|p1|\n", "uploadtime": 1781393601, "views": 2, "formatid": "gen9randombattle", "rating": null, "private": 0, "password": null}