{"id": "gen9randombattle-2631484795", "format": "[Gen 9] Random Battle", "players": ["Profschnitzel", "mikoster"], "log": "|j|\u2606Profschnitzel\n|j|\u2606mikoster\n|t:|1781390897\n|gametype|singles\n|player|p1|Profschnitzel|steven|1923\n|player|p2|mikoster|169|1940\n|gen|9\n|tier|[Gen 9] Random Battle\n|rated|\n|rule|Species Clause: Limit one of each Pok\u00e9mon\n|rule|HP Percentage Mod: HP is shown in percentages\n|rule|Sleep Clause Mod: Limit one foe put to sleep\n|rule|Illusion Level Mod: Illusion disguises the Pok\u00e9mon's true level\n|\n|t:|1781390897\n|teamsize|p1|6\n|teamsize|p2|6\n|start\n|switch|p1a: Oranguru|Oranguru, L92, F|315/315\n|switch|p2a: Polteageist|Polteageist-Antique, L78|222/222\n|turn|1\n|inactive|Battle timer is ON: inactive players will automatically lose when time's up. (requested by Profschnitzel)\n|\n|t:|1781390910\n|switch|p2a: Dusknoir|Dusknoir, L89, F|225/225\n|-item|p1a: Oranguru|Leftovers|[from] ability: Frisk|[of] p2a: Dusknoir\n|move|p1a: Oranguru|Nasty Plot|p1a: Oranguru\n|-boost|p1a: Oranguru|spa|2\n|\n|upkeep\n|turn|2\n|\n|t:|1781390916\n|move|p1a: Oranguru|Psyshock|p2a: Dusknoir\n|-damage|p2a: Dusknoir|90/225\n|move|p2a: Dusknoir|Leech Life|p1a: Oranguru\n|-supereffective|p1a: Oranguru\n|-damage|p1a: Oranguru|113/315\n|-heal|p2a: Dusknoir|191/225|[from] drain|[of] p1a: Oranguru\n|\n|-heal|p1a: Oranguru|132/315|[from] item: Leftovers\n|upkeep\n|turn|3\n|\n|t:|1781390927\n|move|p1a: Oranguru|Psyshock|p2a: Dusknoir\n|-damage|p2a: Dusknoir|56/225\n|move|p2a: Dusknoir|Leech Life|p1a: Oranguru\n|-supereffective|p1a: Oranguru\n|-damage|p1a: Oranguru|0 fnt\n|-heal|p2a: Dusknoir|122/225|[from] drain|[of] p1a: Oranguru\n|faint|p1a: Oranguru\n|\n|upkeep\n|\n|t:|1781390931\n|switch|p1a: Arbok|Arbok, L87, F|246/246\n|-ability|p1a: Arbok|Intimidate|boost\n|-unboost|p2a: Dusknoir|atk|1\n|turn|4\n|\n|t:|1781390938\n|switch|p2a: Manaphy|Manaphy, L78|284/284\n|move|p1a: Arbok|Coil|p1a: Arbok\n|-boost|p1a: Arbok|atk|1\n|-boost|p1a: Arbok|def|1\n|-boost|p1a: Arbok|accuracy|1\n|\n|upkeep\n|turn|5\n|\n|t:|1781390944\n|move|p2a: Manaphy|Hydro Pump|p1a: Arbok\n|-damage|p1a: Arbok|137/246\n|move|p1a: Arbok|Trailblaze|p2a: Manaphy\n|-supereffective|p2a: Manaphy\n|-damage|p2a: Manaphy|172/284\n|-boost|p1a: Arbok|spe|1\n|\n|-heal|p1a: Arbok|152/246|[from] item: Leftovers\n|-heal|p2a: Manaphy|189/284|[from] item: Leftovers\n|upkeep\n|turn|6\n|\n|t:|1781390953\n|move|p1a: Arbok|Coil|p1a: Arbok\n|-boost|p1a: Arbok|atk|1\n|-boost|p1a: Arbok|def|1\n|-boost|p1a: Arbok|accuracy|1\n|move|p2a: Manaphy|Hydro Pump|p1a: Arbok\n|-damage|p1a: Arbok|49/246\n|\n|-heal|p1a: Arbok|64/246|[from] item: Leftovers\n|-heal|p2a: Manaphy|206/284|[from] item: Leftovers\n|upkeep\n|turn|7\n|\n|t:|1781390957\n|move|p1a: Arbok|Gunk Shot|p2a: Manaphy\n|-damage|p2a: Manaphy|0 fnt\n|faint|p2a: Manaphy\n|\n|-heal|p1a: Arbok|79/246|[from] item: Leftovers\n|upkeep\n|\n|t:|1781390960\n|switch|p2a: Ditto|Ditto, L87|225/225\n|-transform|p2a: Ditto|p1a: Arbok|[from] ability: Imposter\n|-ability|p2a: Ditto|Intimidate|boost\n|-unboost|p1a: Arbok|atk|1\n|turn|8\n|\n|t:|1781390965\n|-terastallize|p1a: Arbok|Ground\n|move|p2a: Ditto|Earthquake|p1a: Arbok\n|-damage|p1a: Arbok|0 fnt\n|faint|p1a: Arbok\n|\n|upkeep\n|\n|t:|1781390970\n|switch|p1a: Zapdos|Zapdos, L78|268/268\n|turn|9\n|\n|t:|1781390974\n|switch|p2a: Dusknoir|Dusknoir, L89, F|122/225\n|-item|p1a: Zapdos|Heavy-Duty Boots|[from] ability: Frisk|[of] p2a: Dusknoir\n|move|p1a: Zapdos|Discharge|p2a: Dusknoir\n|-damage|p2a: Dusknoir|64/225\n|-status|p2a: Dusknoir|par\n|\n|upkeep\n|turn|10\n|\n|t:|1781390978\n|move|p2a: Dusknoir|Shadow Sneak|p1a: Zapdos\n|-damage|p1a: Zapdos|180/268\n|move|p1a: Zapdos|Hurricane|p2a: Dusknoir\n|-damage|p2a: Dusknoir|0 fnt\n|faint|p2a: Dusknoir\n|\n|upkeep\n|\n|t:|1781390990\n|switch|p2a: Metagross|Metagross, L79|256/256\n|turn|11\n|\n|t:|1781390998\n|-terastallize|p2a: Metagross|Ground\n|move|p1a: Zapdos|Discharge|p2a: Metagross\n|-immune|p2a: Metagross\n|move|p2a: Metagross|Agility|p2a: Metagross\n|-boost|p2a: Metagross|spe|2\n|\n|upkeep\n|turn|12\n|\n|t:|1781391001\n|move|p2a: Metagross|Knock Off|p1a: Zapdos\n|-damage|p1a: Zapdos|87/268\n|-enditem|p1a: Zapdos|Heavy-Duty Boots|[from] move: Knock Off|[of] p2a: Metagross\n|move|p1a: Zapdos|Hurricane|p2a: Metagross\n|-damage|p2a: Metagross|124/256\n|-start|p2a: Metagross|confusion\n|\n|upkeep\n|turn|13\n|\n|t:|1781391007\n|-activate|p2a: Metagross|confusion\n|-damage|p2a: Metagross|96/256|[from] confusion\n|move|p1a: Zapdos|Roost|p1a: Zapdos\n|-heal|p1a: Zapdos|221/268\n|-singleturn|p1a: Zapdos|move: Roost\n|\n|upkeep\n|turn|14\n|\n|t:|1781391010\n|-end|p2a: Metagross|confusion\n|move|p2a: Metagross|Heavy Slam|p1a: Zapdos\n|-resisted|p1a: Zapdos\n|-damage|p1a: Zapdos|146/268\n|move|p1a: Zapdos|Hurricane|p2a: Metagross|[miss]\n|-miss|p1a: Zapdos|p2a: Metagross\n|\n|upkeep\n|turn|15\n|\n|t:|1781391015\n|move|p2a: Metagross|Knock Off|p1a: Zapdos\n|-damage|p1a: Zapdos|88/268\n|move|p1a: Zapdos|Roost|p1a: Zapdos\n|-heal|p1a: Zapdos|222/268\n|-singleturn|p1a: Zapdos|move: Roost\n|\n|upkeep\n|turn|16\n|\n|t:|1781391018\n|move|p2a: Metagross|Heavy Slam|p1a: Zapdos\n|-resisted|p1a: Zapdos\n|-damage|p1a: Zapdos|136/268\n|move|p1a: Zapdos|Roost|p1a: Zapdos\n|-heal|p1a: Zapdos|268/268\n|-singleturn|p1a: Zapdos|move: Roost\n|\n|upkeep\n|turn|17\n|\n|t:|1781391022\n|move|p2a: Metagross|Heavy Slam|p1a: Zapdos\n|-resisted|p1a: Zapdos\n|-damage|p1a: Zapdos|193/268\n|move|p1a: Zapdos|Roost|p1a: Zapdos\n|-heal|p1a: Zapdos|268/268\n|-singleturn|p1a: Zapdos|move: Roost\n|\n|upkeep\n|turn|18\n|\n|t:|1781391025\n|move|p2a: Metagross|Heavy Slam|p1a: Zapdos\n|-resisted|p1a: Zapdos\n|-damage|p1a: Zapdos|184/268\n|-status|p2a: Metagross|par|[from] ability: Static|[of] p1a: Zapdos\n|move|p1a: Zapdos|Hurricane|p2a: Metagross\n|-damage|p2a: Metagross|0 fnt\n|faint|p2a: Metagross\n|\n|upkeep\n|\n|t:|1781391028\n|switch|p2a: Polteageist|Polteageist-Antique, L78|222/222\n|turn|19\n|\n|t:|1781391036\n|move|p1a: Zapdos|Discharge|p2a: Polteageist\n|-damage|p2a: Polteageist|146/222\n|-status|p2a: Polteageist|par\n|cant|p2a: Polteageist|par\n|\n|upkeep\n|turn|20\n|\n|t:|1781391042\n|move|p1a: Zapdos|Discharge|p2a: Polteageist\n|-damage|p2a: Polteageist|67/222 par\n|move|p2a: Polteageist|Shell Smash|p2a: Polteageist\n|-unboost|p2a: Polteageist|def|1\n|-unboost|p2a: Polteageist|spd|1\n|-boost|p2a: Polteageist|atk|2\n|-boost|p2a: Polteageist|spa|2\n|-boost|p2a: Polteageist|spe|2\n|-enditem|p2a: Polteageist|White Herb\n|-clearnegativeboost|p2a: Polteageist|[silent]\n|\n|upkeep\n|turn|21\n|\n|t:|1781391046\n|move|p1a: Zapdos|Discharge|p2a: Polteageist\n|-damage|p2a: Polteageist|0 fnt\n|-start|p1a: Zapdos|Disable|Discharge|[from] ability: Cursed Body|[of] p2a: Polteageist\n|faint|p2a: Polteageist\n|\n|upkeep\n|l|\u2606mikoster\n|inactive|mikoster disconnected and has a minute to reconnect!\n|player|p2|\n|inactive|mikoster has 30 seconds to reconnect!\n|inactive|mikoster has 20 seconds to reconnect!\n|inactive|mikoster has 15 seconds to reconnect!\n|inactive|mikoster has 10 seconds to reconnect!\n|inactive|mikoster has 5 seconds to reconnect!\n|-message|mikoster lost due to inactivity.\n|\n|win|Profschnitzel\n", "uploadtime": 1781390899, "views": 3, "formatid": "gen9randombattle", "rating": null, "private": 0, "password": null}