{"id": "gen9randombattle-2631644322", "format": "[Gen 9] Random Battle", "players": ["dggg", "Jadasteel"], "log": "|j|\u2606dggg\n|j|\u2606Jadasteel\n|t:|1781413894\n|gametype|singles\n|player|p1|dggg|102|2110\n|player|p2|Jadasteel|fantina|2017\n|gen|9\n|tier|[Gen 9] Random Battle\n|rated|\n|rule|Species Clause: Limit one of each Pok\u00e9mon\n|rule|HP Percentage Mod: HP is shown in percentages\n|rule|Sleep Clause Mod: Limit one foe put to sleep\n|rule|Illusion Level Mod: Illusion disguises the Pok\u00e9mon's true level\n|\n|t:|1781413894\n|teamsize|p1|6\n|teamsize|p2|6\n|start\n|switch|p1a: Chansey|Chansey, L85, F|564/564\n|switch|p2a: Arceus|Arceus-Fairy, L69|280/280\n|turn|1\n|\n|t:|1781413912\n|switch|p2a: Groudon|Groudon, L72|263/263\n|-weather|SunnyDay|[from] ability: Drought|[of] p2a: Groudon\n|move|p1a: Chansey|Thunder Wave|p2a: Groudon\n|-immune|p2a: Groudon\n|\n|-weather|SunnyDay|[upkeep]\n|upkeep\n|turn|2\n|inactive|Battle timer is ON: inactive players will automatically lose when time's up. (requested by Jadasteel)\n|\n|t:|1781413938\n|move|p2a: Groudon|Swords Dance|p2a: Groudon\n|-boost|p2a: Groudon|atk|2\n|move|p1a: Chansey|Seismic Toss|p2a: Groudon\n|-damage|p2a: Groudon|178/263\n|\n|-weather|SunnyDay|[upkeep]\n|-heal|p2a: Groudon|194/263|[from] item: Leftovers\n|upkeep\n|turn|3\n|\n|t:|1781413943\n|move|p2a: Groudon|Heat Crash|p1a: Chansey\n|-damage|p1a: Chansey|0 fnt\n|faint|p1a: Chansey\n|\n|-weather|SunnyDay|[upkeep]\n|-heal|p2a: Groudon|210/263|[from] item: Leftovers\n|upkeep\n|\n|t:|1781413956\n|switch|p1a: Scyther|Scyther, L82, F|249/249\n|turn|4\n|\n|t:|1781413964\n|move|p1a: Scyther|Dual Wingbeat|p2a: Groudon\n|-crit|p2a: Groudon\n|-damage|p2a: Groudon|129/263\n|-damage|p2a: Groudon|75/263\n|-hitcount|p2a: Groudon|2\n|move|p2a: Groudon|Heat Crash|p1a: Scyther\n|-supereffective|p1a: Scyther\n|-crit|p1a: Scyther\n|-damage|p1a: Scyther|0 fnt\n|faint|p1a: Scyther\n|\n|-weather|SunnyDay|[upkeep]\n|-heal|p2a: Groudon|91/263|[from] item: Leftovers\n|upkeep\n|\n|t:|1781413981\n|switch|p1a: Ribombee|Ribombee, L83, M|235/235\n|turn|5\n|\n|t:|1781413988\n|move|p1a: Ribombee|Moonblast|p2a: Groudon\n|-damage|p2a: Groudon|0 fnt\n|faint|p2a: Groudon\n|\n|-weather|none\n|upkeep\n|\n|t:|1781414000\n|switch|p2a: Copperajah|Copperajah, L86, F|350/350\n|turn|6\n|\n|t:|1781414018\n|-terastallize|p1a: Ribombee|Ground\n|move|p1a: Ribombee|Tera Blast|p2a: Copperajah|[anim] Tera Blast Ground\n|-supereffective|p2a: Copperajah\n|-damage|p2a: Copperajah|146/350\n|move|p2a: Copperajah|Heavy Slam|p1a: Ribombee\n|-damage|p1a: Ribombee|0 fnt\n|faint|p1a: Ribombee\n|\n|upkeep\n|\n|t:|1781414021\n|switch|p1a: Metagross|Metagross, L79|256/256\n|turn|7\n|\n|t:|1781414028\n|switch|p2a: Iron Jugulis|Iron Jugulis, L77|271/271\n|move|p1a: Metagross|Agility|p1a: Metagross\n|-boost|p1a: Metagross|spe|2\n|\n|upkeep\n|turn|8\n|\n|t:|1781414042\n|move|p1a: Metagross|Heavy Slam|p2a: Iron Jugulis\n|-damage|p2a: Iron Jugulis|142/271\n|move|p2a: Iron Jugulis|Meteor Beam||[still]\n|-prepare|p2a: Iron Jugulis|Meteor Beam\n|-boost|p2a: Iron Jugulis|spa|1\n|-enditem|p2a: Iron Jugulis|Power Herb\n|-anim|p2a: Iron Jugulis|Meteor Beam|p1a: Metagross|[miss]\n|-miss|p2a: Iron Jugulis|p1a: Metagross\n|\n|upkeep\n|turn|9\n|\n|t:|1781414053\n|-terastallize|p2a: Iron Jugulis|Ground\n|move|p1a: Metagross|Heavy Slam|p2a: Iron Jugulis\n|-damage|p2a: Iron Jugulis|3/271\n|move|p2a: Iron Jugulis|Earth Power|p1a: Metagross\n|-supereffective|p1a: Metagross\n|-damage|p1a: Metagross|0 fnt\n|faint|p1a: Metagross\n|\n|upkeep\n|\n|t:|1781414059\n|switch|p1a: Garganacl|Garganacl, L80, M|291/291\n|turn|10\n|\n|t:|1781414069\n|move|p2a: Iron Jugulis|Earth Power|p1a: Garganacl\n|-supereffective|p1a: Garganacl\n|-damage|p1a: Garganacl|0 fnt\n|faint|p1a: Garganacl\n|\n|upkeep\n|\n|t:|1781414070\n|switch|p1a: Diancie|Diancie, L82|216/216\n|turn|11\n|-message|dggg forfeited.\n|\n|win|Jadasteel\n|raw|dggg's rating: 2110 &rarr; <strong>2085</strong><br />(-25 for losing)\n|raw|Jadasteel's rating: 2017 &rarr; <strong>2042</strong><br />(+25 for winning)\n", "uploadtime": 1781413896, "views": 3, "formatid": "gen9randombattle", "rating": 2042, "private": 0, "password": null}