{"id": "gen9randombattle-2631455206", "format": "[Gen 9] Random Battle", "players": ["SuperSonicX3", "Rjgv"], "log": "|j|\u2606SuperSonicX3\n|j|\u2606Rjgv\n|t:|1781386759\n|gametype|singles\n|player|p1|SuperSonicX3|red|1306\n|player|p2|Rjgv|lucas-gen4pt|1307\n|gen|9\n|tier|[Gen 9] Random Battle\n|rated|\n|rule|Species Clause: Limit one of each Pok\u00e9mon\n|rule|HP Percentage Mod: HP is shown in percentages\n|rule|Sleep Clause Mod: Limit one foe put to sleep\n|rule|Illusion Level Mod: Illusion disguises the Pok\u00e9mon's true level\n|\n|t:|1781386759\n|teamsize|p1|6\n|teamsize|p2|6\n|start\n|switch|p1a: Toxapex|Toxapex, L82, M|216/216\n|switch|p2a: Gardevoir|Gardevoir, L83, M|249/249\n|-ability|p2a: Gardevoir|Regenerator|Trace|[from] ability: Trace|[of] p1a: Toxapex\n|turn|1\n|inactive|Battle timer is ON: inactive players will automatically lose when time's up. (requested by Rjgv)\n|inactive|SuperSonicX3 also wants the timer to be on.\n|\n|t:|1781386777\n|move|p2a: Gardevoir|Trick|p1a: Toxapex\n|-activate|p2a: Gardevoir|move: Trick|[of] p1a: Toxapex\n|-item|p1a: Toxapex|Choice Scarf|[from] move: Trick\n|-item|p2a: Gardevoir|Rocky Helmet|[from] move: Trick\n|move|p1a: Toxapex|Toxic|p2a: Gardevoir\n|-status|p2a: Gardevoir|tox\n|\n|-damage|p2a: Gardevoir|234/249 tox|[from] psn\n|upkeep\n|turn|2\n|\n|t:|1781386801\n|switch|p2a: Metagross|Metagross, L79|256/256\n|move|p1a: Toxapex|Toxic|p2a: Metagross\n|-immune|p2a: Metagross\n|\n|upkeep\n|turn|3\n|\n|t:|1781386820\n|switch|p1a: Azelf|Azelf, L82|257/257\n|move|p2a: Metagross|Stealth Rock|p1a: Azelf\n|-sidestart|p1: SuperSonicX3|move: Stealth Rock\n|\n|upkeep\n|turn|4\n|\n|t:|1781386834\n|move|p1a: Azelf|Fire Blast|p2a: Metagross|[miss]\n|-miss|p1a: Azelf|p2a: Metagross\n|move|p2a: Metagross|Knock Off|p1a: Azelf\n|-supereffective|p1a: Azelf\n|-damage|p1a: Azelf|73/257\n|-enditem|p1a: Azelf|Choice Specs|[from] move: Knock Off|[of] p2a: Metagross\n|\n|upkeep\n|turn|5\n|\n|t:|1781386841\n|move|p2a: Metagross|Bullet Punch|p1a: Azelf\n|-damage|p1a: Azelf|12/257\n|move|p1a: Azelf|U-turn|p2a: Metagross\n|-damage|p2a: Metagross|211/256\n|\n|t:|1781386857\n|switch|p1a: Stonjourner|Stonjourner, L91, M|330/330|[from] U-turn\n|-damage|p1a: Stonjourner|289/330|[from] Stealth Rock\n|\n|-heal|p2a: Metagross|227/256|[from] item: Leftovers\n|upkeep\n|turn|6\n|\n|t:|1781386873\n|switch|p2a: Toedscruel|Toedscruel, L87, F|281/281\n|move|p1a: Stonjourner|Stealth Rock|p2a: Toedscruel\n|-sidestart|p2: Rjgv|move: Stealth Rock\n|\n|upkeep\n|turn|7\n|\n|t:|1781386881\n|move|p2a: Toedscruel|Giga Drain|p1a: Stonjourner\n|-supereffective|p1a: Stonjourner\n|-damage|p1a: Stonjourner|0 fnt\n|faint|p1a: Stonjourner\n|\n|upkeep\n|\n|t:|1781386886\n|switch|p1a: Delibird|Delibird, M|252/252\n|turn|8\n|\n|t:|1781386909\n|switch|p2a: Sudowoodo|Sudowoodo, L94, F|284/284\n|-damage|p2a: Sudowoodo|249/284|[from] Stealth Rock\n|move|p1a: Delibird|Rapid Spin|p2a: Sudowoodo\n|-resisted|p2a: Sudowoodo\n|-damage|p2a: Sudowoodo|237/284\n|-boost|p1a: Delibird|spe|1\n|-sideend|p1: SuperSonicX3|Stealth Rock|[from] move: Rapid Spin|[of] p1a: Delibird\n|\n|upkeep\n|turn|9\n|inactive|SuperSonicX3 has 120 seconds left.\n|\n|t:|1781386940\n|switch|p1a: Chesnaught|Chesnaught, L84, F|285/285\n|move|p2a: Sudowoodo|Head Smash|p1a: Chesnaught\n|-resisted|p1a: Chesnaught\n|-damage|p1a: Chesnaught|172/285\n|\n|-heal|p1a: Chesnaught|189/285|[from] item: Leftovers\n|upkeep\n|turn|10\n|inactive|SuperSonicX3 has 120 seconds left.\n|\n|t:|1781386952\n|switch|p2a: Toedscruel|Toedscruel, L87, F|281/281\n|-damage|p2a: Toedscruel|264/281|[from] Stealth Rock\n|move|p1a: Chesnaught|Knock Off|p2a: Toedscruel\n|-damage|p2a: Toedscruel|169/281\n|-enditem|p2a: Toedscruel|Assault Vest|[from] move: Knock Off|[of] p1a: Chesnaught\n|\n|-heal|p1a: Chesnaught|206/285|[from] item: Leftovers\n|upkeep\n|turn|11\n|inactive|SuperSonicX3 has 120 seconds left.\n|\n|t:|1781386968\n|move|p2a: Toedscruel|Rapid Spin|p1a: Chesnaught\n|-damage|p1a: Chesnaught|181/285\n|-boost|p2a: Toedscruel|spe|1\n|-sideend|p2: Rjgv|Stealth Rock|[from] move: Rapid Spin|[of] p2a: Toedscruel\n|move|p1a: Chesnaught|Body Press|p2a: Toedscruel\n|-crit|p2a: Toedscruel\n|-damage|p2a: Toedscruel|0 fnt\n|faint|p2a: Toedscruel\n|\n|-heal|p1a: Chesnaught|198/285|[from] item: Leftovers\n|upkeep\n|\n|t:|1781386979\n|switch|p2a: Metagross|Metagross, L79|227/256\n|turn|12\n|\n|t:|1781386989\n|move|p1a: Chesnaught|Knock Off|p2a: Metagross\n|-supereffective|p2a: Metagross\n|-damage|p2a: Metagross|111/256\n|-enditem|p2a: Metagross|Leftovers|[from] move: Knock Off|[of] p1a: Chesnaught\n|move|p2a: Metagross|Heavy Slam|p1a: Chesnaught\n|-damage|p1a: Chesnaught|81/285\n|\n|-heal|p1a: Chesnaught|98/285|[from] item: Leftovers\n|upkeep\n|turn|13\n|\n|t:|1781387002\n|switch|p2a: Gardevoir|Gardevoir, L83, M|249/249 tox\n|-ability|p2a: Gardevoir|Bulletproof|Trace|[from] ability: Trace|[of] p1a: Chesnaught\n|move|p1a: Chesnaught|Synthesis|p1a: Chesnaught\n|-heal|p1a: Chesnaught|240/285\n|\n|-heal|p1a: Chesnaught|257/285|[from] item: Leftovers\n|-damage|p2a: Gardevoir|234/249 tox|[from] psn\n|upkeep\n|turn|14\n|\n|t:|1781387017\n|move|p2a: Gardevoir|Moonblast|p1a: Chesnaught\n|-supereffective|p1a: Chesnaught\n|-damage|p1a: Chesnaught|0 fnt\n|faint|p1a: Chesnaught\n|\n|-damage|p2a: Gardevoir|204/249 tox|[from] psn\n|upkeep\n|\n|t:|1781387028\n|switch|p1a: Azelf|Azelf, L82|12/257\n|turn|15\n|\n|t:|1781387034\n|switch|p2a: Sudowoodo|Sudowoodo, L94, F|237/284\n|move|p1a: Azelf|U-turn|p2a: Sudowoodo\n|-crit|p2a: Sudowoodo\n|-damage|p2a: Sudowoodo|177/284\n|\n|t:|1781387040\n|switch|p1a: Toxapex|Toxapex, L82, M|216/216|[from] U-turn\n|\n|upkeep\n|turn|16\n|\n|t:|1781387050\n|move|p1a: Toxapex|Liquidation|p2a: Sudowoodo\n|-supereffective|p2a: Sudowoodo\n|-damage|p2a: Sudowoodo|91/284\n|move|p2a: Sudowoodo|Head Smash|p1a: Toxapex\n|-damage|p1a: Toxapex|24/216\n|\n|upkeep\n|turn|17\n|\n|t:|1781387061\n|move|p1a: Toxapex|Liquidation|p2a: Sudowoodo\n|-supereffective|p2a: Sudowoodo\n|-damage|p2a: Sudowoodo|0 fnt\n|faint|p2a: Sudowoodo\n|\n|upkeep\n|\n|t:|1781387070\n|switch|p2a: Pawmot|Pawmot, L80, F|243/243\n|turn|18\n|\n|t:|1781387074\n|move|p2a: Pawmot|Double Shock|p1a: Toxapex\n|-supereffective|p1a: Toxapex\n|-damage|p1a: Toxapex|0 fnt\n|-start|p2a: Pawmot|typechange|???/Fighting|[from] move: Double Shock\n|faint|p1a: Toxapex\n|-damage|p2a: Pawmot|219/243|[from] item: Life Orb\n|\n|upkeep\n|\n|t:|1781387081\n|switch|p1a: Azelf|Azelf, L82|12/257\n|turn|19\n|\n|t:|1781387091\n|move|p1a: Azelf|Psyshock|p2a: Pawmot\n|-supereffective|p2a: Pawmot\n|-damage|p2a: Pawmot|0 fnt\n|faint|p2a: Pawmot\n|\n|upkeep\n|\n|t:|1781387094\n|switch|p2a: Ursaluna|Ursaluna, L79, F|335/335\n|turn|20\n|\n|t:|1781387100\n|move|p1a: Azelf|Psyshock|p2a: Ursaluna\n|-damage|p2a: Ursaluna|247/335\n|move|p2a: Ursaluna|Swords Dance|p2a: Ursaluna\n|-boost|p2a: Ursaluna|atk|2\n|\n|-status|p2a: Ursaluna|brn|[from] item: Flame Orb\n|upkeep\n|turn|21\n|\n|t:|1781387112\n|move|p1a: Azelf|Psyshock|p2a: Ursaluna\n|-damage|p2a: Ursaluna|157/335 brn\n|move|p2a: Ursaluna|Trailblaze|p1a: Azelf\n|-damage|p1a: Azelf|0 fnt\n|-boost|p2a: Ursaluna|spe|1\n|faint|p1a: Azelf\n|\n|-damage|p2a: Ursaluna|137/335 brn|[from] brn\n|upkeep\n|\n|t:|1781387124\n|switch|p1a: Delibird|Delibird, M|252/252\n|turn|22\n|\n|t:|1781387132\n|-terastallize|p2a: Ursaluna|Normal\n|move|p1a: Delibird|Freeze-Dry|p2a: Ursaluna\n|-damage|p2a: Ursaluna|43/335 brn\n|move|p2a: Ursaluna|Facade|p1a: Delibird\n|-damage|p1a: Delibird|0 fnt\n|faint|p1a: Delibird\n|\n|-damage|p2a: Ursaluna|23/335 brn|[from] brn\n|upkeep\n|\n|t:|1781387144\n|switch|p1a: Articuno|Articuno-Galar, L84|288/288\n|turn|23\n|\n|t:|1781387152\n|move|p1a: Articuno|Freezing Glare|p2a: Ursaluna\n|-damage|p2a: Ursaluna|0 fnt\n|faint|p2a: Ursaluna\n|\n|upkeep\n|\n|t:|1781387156\n|switch|p2a: Metagross|Metagross, L79|111/256\n|turn|24\n|\n|t:|1781387163\n|-terastallize|p1a: Articuno|Steel\n|move|p1a: Articuno|Calm Mind|p1a: Articuno\n|-boost|p1a: Articuno|spa|1\n|-boost|p1a: Articuno|spd|1\n|move|p2a: Metagross|Knock Off|p1a: Articuno\n|-damage|p1a: Articuno|208/288\n|-enditem|p1a: Articuno|Heavy-Duty Boots|[from] move: Knock Off|[of] p2a: Metagross\n|\n|upkeep\n|turn|25\n|\n|t:|1781387172\n|move|p1a: Articuno|Calm Mind|p1a: Articuno\n|-boost|p1a: Articuno|spa|1\n|-boost|p1a: Articuno|spd|1\n|move|p2a: Metagross|Heavy Slam|p1a: Articuno\n|-resisted|p1a: Articuno\n|-damage|p1a: Articuno|130/288\n|\n|upkeep\n|turn|26\n|\n|t:|1781387180\n|move|p1a: Articuno|Recover|p1a: Articuno\n|-heal|p1a: Articuno|274/288\n|move|p2a: Metagross|Knock Off|p1a: Articuno\n|-damage|p1a: Articuno|222/288\n|\n|upkeep\n|turn|27\n|\n|t:|1781387190\n|move|p1a: Articuno|Hurricane|p2a: Metagross\n|-resisted|p2a: Metagross\n|-crit|p2a: Metagross\n|-damage|p2a: Metagross|0 fnt\n|faint|p2a: Metagross\n|\n|upkeep\n|\n|t:|1781387195\n|switch|p2a: Gardevoir|Gardevoir, L83, M|204/249 tox\n|-ability|p2a: Gardevoir|Competitive|Trace|[from] ability: Trace|[of] p1a: Articuno\n|turn|28\n|\n|t:|1781387201\n|move|p1a: Articuno|Hurricane|p2a: Gardevoir\n|-damage|p2a: Gardevoir|0 fnt\n|faint|p2a: Gardevoir\n|\n|win|SuperSonicX3\n|raw|SuperSonicX3's rating: 1306 &rarr; <strong>1326</strong><br />(+20 for winning)\n|raw|Rjgv's rating: 1307 &rarr; <strong>1287</strong><br />(-20 for losing)\n|l|\u2606Rjgv\n|player|p2|\n", "uploadtime": 1781387431, "views": 11, "formatid": "gen9randombattle", "rating": 1287, "private": 0, "password": null}