{"id": "gen9randombattle-2631663725", "format": "[Gen 9] Random Battle", "players": ["uyttjjkka", "apenasumpolar"], "log": "|j|\u2606uyttjjkka\n|j|\u2606apenasumpolar\n|t:|1781417361\n|gametype|singles\n|player|p1|uyttjjkka|lucas|1000\n|player|p2|apenasumpolar|102|1009\n|gen|9\n|tier|[Gen 9] Random Battle\n|rated|\n|rule|Species Clause: Limit one of each Pok\u00e9mon\n|rule|HP Percentage Mod: HP is shown in percentages\n|rule|Sleep Clause Mod: Limit one foe put to sleep\n|rule|Illusion Level Mod: Illusion disguises the Pok\u00e9mon's true level\n|\n|t:|1781417361\n|teamsize|p1|6\n|teamsize|p2|6\n|start\n|switch|p1a: Noctowl|Noctowl, L95, F|344/344\n|switch|p2a: Gogoat|Gogoat, L88, F|360/360\n|turn|1\n|\n|t:|1781417374\n|move|p1a: Noctowl|Calm Mind|p1a: Noctowl\n|-boost|p1a: Noctowl|spa|1\n|-boost|p1a: Noctowl|spd|1\n|move|p2a: Gogoat|Rock Slide|p1a: Noctowl\n|-supereffective|p1a: Noctowl\n|-damage|p1a: Noctowl|186/344\n|\n|upkeep\n|turn|2\n|\n|t:|1781417383\n|move|p1a: Noctowl|Calm Mind|p1a: Noctowl\n|-boost|p1a: Noctowl|spa|1\n|-boost|p1a: Noctowl|spd|1\n|move|p2a: Gogoat|Rock Slide|p1a: Noctowl\n|-supereffective|p1a: Noctowl\n|-damage|p1a: Noctowl|32/344\n|\n|upkeep\n|turn|3\n|\n|t:|1781417400\n|move|p1a: Noctowl|Roost|p1a: Noctowl\n|-heal|p1a: Noctowl|204/344\n|-singleturn|p1a: Noctowl|move: Roost\n|move|p2a: Gogoat|Rock Slide|p1a: Noctowl\n|-damage|p1a: Noctowl|122/344\n|\n|upkeep\n|turn|4\n|\n|t:|1781417408\n|move|p1a: Noctowl|Hurricane|p2a: Gogoat|[miss]\n|-miss|p1a: Noctowl|p2a: Gogoat\n|move|p2a: Gogoat|Rock Slide|p1a: Noctowl\n|-supereffective|p1a: Noctowl\n|-damage|p1a: Noctowl|0 fnt\n|faint|p1a: Noctowl\n|\n|upkeep\n|\n|t:|1781417420\n|switch|p1a: Wigglytuff|Wigglytuff, L96, M|424/424\n|turn|5\n|\n|t:|1781417437\n|move|p2a: Gogoat|Rock Slide|p1a: Wigglytuff\n|-damage|p1a: Wigglytuff|335/424\n|move|p1a: Wigglytuff|Dazzling Gleam|p2a: Gogoat\n|-damage|p2a: Gogoat|258/360\n|\n|-heal|p2a: Gogoat|280/360|[from] item: Leftovers\n|-heal|p1a: Wigglytuff|361/424|[from] item: Leftovers\n|upkeep\n|turn|6\n|\n|t:|1781417448\n|move|p2a: Gogoat|Rock Slide|p1a: Wigglytuff\n|-damage|p1a: Wigglytuff|283/424\n|move|p1a: Wigglytuff|Knock Off|p2a: Gogoat\n|-damage|p2a: Gogoat|187/360\n|-enditem|p2a: Gogoat|Leftovers|[from] move: Knock Off|[of] p1a: Wigglytuff\n|\n|-heal|p1a: Wigglytuff|309/424|[from] item: Leftovers\n|upkeep\n|turn|7\n|\n|t:|1781417460\n|move|p2a: Gogoat|Horn Leech|p1a: Wigglytuff\n|-damage|p1a: Wigglytuff|192/424\n|-heal|p2a: Gogoat|246/360|[from] drain|[of] p1a: Wigglytuff\n|move|p1a: Wigglytuff|Knock Off|p2a: Gogoat\n|-damage|p2a: Gogoat|189/360\n|\n|-heal|p1a: Wigglytuff|218/424|[from] item: Leftovers\n|upkeep\n|turn|8\n|\n|t:|1781417471\n|move|p1a: Wigglytuff|Protect|p1a: Wigglytuff\n|-singleturn|p1a: Wigglytuff|Protect\n|move|p2a: Gogoat|Horn Leech|p1a: Wigglytuff\n|-activate|p1a: Wigglytuff|move: Protect\n|\n|-heal|p1a: Wigglytuff|244/424|[from] item: Leftovers\n|upkeep\n|turn|9\n|\n|t:|1781417482\n|move|p2a: Gogoat|Horn Leech|p1a: Wigglytuff\n|-damage|p1a: Wigglytuff|117/424\n|-heal|p2a: Gogoat|253/360|[from] drain|[of] p1a: Wigglytuff\n|move|p1a: Wigglytuff|Dazzling Gleam|p2a: Gogoat\n|-damage|p2a: Gogoat|157/360\n|\n|-heal|p1a: Wigglytuff|143/424|[from] item: Leftovers\n|upkeep\n|turn|10\n|\n|t:|1781417492\n|move|p1a: Wigglytuff|Protect|p1a: Wigglytuff\n|-singleturn|p1a: Wigglytuff|Protect\n|move|p2a: Gogoat|Horn Leech|p1a: Wigglytuff\n|-activate|p1a: Wigglytuff|move: Protect\n|\n|-heal|p1a: Wigglytuff|169/424|[from] item: Leftovers\n|upkeep\n|turn|11\n|\n|t:|1781417503\n|move|p2a: Gogoat|Rock Slide|p1a: Wigglytuff\n|-damage|p1a: Wigglytuff|81/424\n|move|p1a: Wigglytuff|Dazzling Gleam|p2a: Gogoat\n|-crit|p2a: Gogoat\n|-damage|p2a: Gogoat|13/360\n|\n|-heal|p1a: Wigglytuff|107/424|[from] item: Leftovers\n|upkeep\n|turn|12\n|\n|t:|1781417514\n|move|p1a: Wigglytuff|Protect|p1a: Wigglytuff\n|-singleturn|p1a: Wigglytuff|Protect\n|move|p2a: Gogoat|Horn Leech|p1a: Wigglytuff\n|-activate|p1a: Wigglytuff|move: Protect\n|\n|-heal|p1a: Wigglytuff|133/424|[from] item: Leftovers\n|upkeep\n|turn|13\n|\n|t:|1781417523\n|move|p2a: Gogoat|Milk Drink|p2a: Gogoat\n|-heal|p2a: Gogoat|193/360\n|move|p1a: Wigglytuff|Knock Off|p2a: Gogoat\n|-damage|p2a: Gogoat|139/360\n|\n|-heal|p1a: Wigglytuff|159/424|[from] item: Leftovers\n|upkeep\n|turn|14\n|\n|t:|1781417531\n|move|p2a: Gogoat|Horn Leech|p1a: Wigglytuff\n|-damage|p1a: Wigglytuff|36/424\n|-heal|p2a: Gogoat|201/360|[from] drain|[of] p1a: Wigglytuff\n|move|p1a: Wigglytuff|Dazzling Gleam|p2a: Gogoat\n|-crit|p2a: Gogoat\n|-damage|p2a: Gogoat|57/360\n|\n|-heal|p1a: Wigglytuff|62/424|[from] item: Leftovers\n|upkeep\n|turn|15\n|\n|t:|1781417543\n|move|p1a: Wigglytuff|Protect|p1a: Wigglytuff\n|-singleturn|p1a: Wigglytuff|Protect\n|move|p2a: Gogoat|Milk Drink|p2a: Gogoat\n|-heal|p2a: Gogoat|237/360\n|\n|-heal|p1a: Wigglytuff|88/424|[from] item: Leftovers\n|upkeep\n|turn|16\n|\n|t:|1781417551\n|move|p1a: Wigglytuff|Protect||[still]\n|-fail|p1a: Wigglytuff\n|move|p2a: Gogoat|Horn Leech|p1a: Wigglytuff\n|-damage|p1a: Wigglytuff|0 fnt\n|-heal|p2a: Gogoat|281/360|[from] drain|[of] p1a: Wigglytuff\n|faint|p1a: Wigglytuff\n|\n|upkeep\n|\n|t:|1781417561\n|switch|p1a: Slowking|Slowking, L88, F|310/310\n|turn|17\n|\n|t:|1781417570\n|move|p2a: Gogoat|Horn Leech|p1a: Slowking\n|-supereffective|p1a: Slowking\n|-damage|p1a: Slowking|140/310\n|-heal|p2a: Gogoat|360/360|[from] drain|[of] p1a: Slowking\n|move|p1a: Slowking|Scald|p2a: Gogoat\n|-resisted|p2a: Gogoat\n|-damage|p2a: Gogoat|310/360\n|\n|upkeep\n|turn|18\n|\n|t:|1781417581\n|move|p2a: Gogoat|Horn Leech|p1a: Slowking\n|-supereffective|p1a: Slowking\n|-damage|p1a: Slowking|0 fnt\n|-heal|p2a: Gogoat|360/360|[from] drain|[of] p1a: Slowking\n|faint|p1a: Slowking\n|\n|upkeep\n|\n|t:|1781417588\n|switch|p1a: Urshifu|Urshifu-Rapid-Strike, L75, M|274/274\n|turn|19\n|\n|t:|1781417592\n|move|p1a: Urshifu|Close Combat|p2a: Gogoat\n|-damage|p2a: Gogoat|156/360\n|-unboost|p1a: Urshifu|def|1\n|-unboost|p1a: Urshifu|spd|1\n|-damage|p1a: Urshifu|247/274|[from] item: Life Orb\n|move|p2a: Gogoat|Horn Leech|p1a: Urshifu\n|-supereffective|p1a: Urshifu\n|-damage|p1a: Urshifu|0 fnt\n|-heal|p2a: Gogoat|280/360|[from] drain|[of] p1a: Urshifu\n|faint|p1a: Urshifu\n|\n|upkeep\n|\n|t:|1781417605\n|switch|p1a: Sneasler|Sneasler, L74, M|240/240\n|turn|20\n|\n|t:|1781417613\n|move|p1a: Sneasler|Dire Claw|p2a: Gogoat\n|-supereffective|p2a: Gogoat\n|-damage|p2a: Gogoat|0 fnt\n|faint|p2a: Gogoat\n|\n|upkeep\n|\n|t:|1781417644\n|switch|p2a: Cinccino|Cinccino, L83, M|260/260\n|turn|21\n|\n|t:|1781417650\n|move|p2a: Cinccino|U-turn|p1a: Sneasler\n|-resisted|p1a: Sneasler\n|-damage|p1a: Sneasler|222/240\n|\n|t:|1781417653\n|switch|p2a: Dusknoir|Dusknoir, L89, M|225/225|[from] U-turn\n|-item|p1a: Sneasler|Choice Band|[from] ability: Frisk|[of] p2a: Dusknoir\n|move|p1a: Sneasler|Dire Claw|p2a: Dusknoir\n|-resisted|p2a: Dusknoir\n|-damage|p2a: Dusknoir|187/225\n|\n|-heal|p2a: Dusknoir|201/225|[from] item: Leftovers\n|upkeep\n|turn|22\n|\n|t:|1781417666\n|switch|p1a: Venusaur|Venusaur, L84, M|272/272\n|move|p2a: Dusknoir|Shadow Sneak|p1a: Venusaur\n|-damage|p1a: Venusaur|215/272\n|\n|-heal|p1a: Venusaur|232/272|[from] item: Leftovers\n|-heal|p2a: Dusknoir|215/225|[from] item: Leftovers\n|upkeep\n|turn|23\n|\n|t:|1781417675\n|move|p1a: Venusaur|Sludge Bomb|p2a: Dusknoir\n|-resisted|p2a: Dusknoir\n|-damage|p2a: Dusknoir|184/225\n|move|p2a: Dusknoir|Will-O-Wisp|p1a: Venusaur|[miss]\n|-miss|p2a: Dusknoir|p1a: Venusaur\n|\n|-heal|p1a: Venusaur|249/272|[from] item: Leftovers\n|-heal|p2a: Dusknoir|198/225|[from] item: Leftovers\n|upkeep\n|turn|24\n|\n|t:|1781417684\n|move|p1a: Venusaur|Earth Power|p2a: Dusknoir\n|-damage|p2a: Dusknoir|158/225\n|move|p2a: Dusknoir|Poltergeist|p1a: Venusaur\n|-activate|p1a: Venusaur|move: Poltergeist|Leftovers\n|-damage|p1a: Venusaur|105/272\n|\n|-heal|p1a: Venusaur|122/272|[from] item: Leftovers\n|-heal|p2a: Dusknoir|172/225|[from] item: Leftovers\n|upkeep\n|turn|25\n|\n|t:|1781417696\n|move|p1a: Venusaur|Earth Power|p2a: Dusknoir\n|-damage|p2a: Dusknoir|130/225\n|move|p2a: Dusknoir|Poltergeist|p1a: Venusaur\n|-activate|p1a: Venusaur|move: Poltergeist|Leftovers\n|-damage|p1a: Venusaur|0 fnt\n|faint|p1a: Venusaur\n|\n|-heal|p2a: Dusknoir|144/225|[from] item: Leftovers\n|upkeep\n|\n|t:|1781417708\n|switch|p1a: Sneasler|Sneasler, L74, M|222/240\n|turn|26\n|\n|t:|1781417713\n|move|p1a: Sneasler|Close Combat|p2a: Dusknoir\n|-immune|p2a: Dusknoir\n|move|p2a: Dusknoir|Poltergeist|p1a: Sneasler\n|-activate|p1a: Sneasler|move: Poltergeist|Choice Band\n|-damage|p1a: Sneasler|35/240\n|\n|-heal|p2a: Dusknoir|158/225|[from] item: Leftovers\n|upkeep\n|turn|27\n|\n|t:|1781417724\n|move|p1a: Sneasler|Close Combat|p2a: Dusknoir\n|-immune|p2a: Dusknoir\n|move|p2a: Dusknoir|Poltergeist|p1a: Sneasler\n|-activate|p1a: Sneasler|move: Poltergeist|Choice Band\n|-damage|p1a: Sneasler|0 fnt\n|faint|p1a: Sneasler\n|\n|win|apenasumpolar\n|raw|uyttjjkka's rating: 1000 &rarr; <strong>1000</strong><br />(+0 for losing)\n|raw|apenasumpolar's rating: 1009 &rarr; <strong>1047</strong><br />(+38 for winning)\n", "uploadtime": 1781417751, "views": 15, "formatid": "gen9randombattle", "rating": 1000, "private": 0, "password": null}