{"id": "gen9randombattle-2631760531", "format": "[Gen 9] Random Battle", "players": ["harryamerican", "kingcaspy"], "log": "|j|\u2606harryamerican\n|j|\u2606kingcaspy\n|t:|1781435328\n|gametype|singles\n|player|p1|harryamerican|101|1751\n|player|p2|kingcaspy|proton|1745\n|gen|9\n|tier|[Gen 9] Random Battle\n|rated|\n|rule|Species Clause: Limit one of each Pok\u00e9mon\n|rule|HP Percentage Mod: HP is shown in percentages\n|rule|Sleep Clause Mod: Limit one foe put to sleep\n|rule|Illusion Level Mod: Illusion disguises the Pok\u00e9mon's true level\n|\n|t:|1781435328\n|teamsize|p1|6\n|teamsize|p2|6\n|start\n|switch|p1a: Jumpluff|Jumpluff, L87, M|271/271\n|switch|p2a: Tyranitar|Tyranitar, L78, M|284/284\n|-weather|Sandstorm|[from] ability: Sand Stream|[of] p2a: Tyranitar\n|turn|1\n|inactive|Battle timer is ON: inactive players will automatically lose when time's up. (requested by kingcaspy)\n|inactive|harryamerican also wants the timer to be on.\n|\n|t:|1781435344\n|move|p1a: Jumpluff|Substitute|p1a: Jumpluff\n|-start|p1a: Jumpluff|Substitute\n|-damage|p1a: Jumpluff|204/271\n|move|p2a: Tyranitar|Dragon Dance|p2a: Tyranitar\n|-boost|p2a: Tyranitar|atk|1\n|-boost|p2a: Tyranitar|spe|1\n|\n|-weather|Sandstorm|[upkeep]\n|-damage|p1a: Jumpluff|188/271|[from] Sandstorm\n|upkeep\n|turn|2\n|\n|t:|1781435355\n|move|p1a: Jumpluff|Leech Seed|p2a: Tyranitar\n|-start|p2a: Tyranitar|move: Leech Seed\n|move|p2a: Tyranitar|Knock Off|p1a: Jumpluff\n|-end|p1a: Jumpluff|Substitute\n|\n|-weather|Sandstorm|[upkeep]\n|-damage|p1a: Jumpluff|172/271|[from] Sandstorm\n|-damage|p2a: Tyranitar|249/284|[from] Leech Seed|[of] p1a: Jumpluff\n|-heal|p1a: Jumpluff|207/271|[silent]\n|upkeep\n|turn|3\n|\n|t:|1781435374\n|move|p1a: Jumpluff|Strength Sap|p2a: Tyranitar\n|-unboost|p2a: Tyranitar|atk|1\n|-heal|p1a: Jumpluff|271/271\n|move|p2a: Tyranitar|Stone Edge|p1a: Jumpluff\n|-supereffective|p1a: Jumpluff\n|-crit|p1a: Jumpluff\n|-damage|p1a: Jumpluff|0 fnt\n|faint|p1a: Jumpluff\n|\n|-weather|Sandstorm|[upkeep]\n|upkeep\n|\n|t:|1781435385\n|switch|p1a: Piloswine|Piloswine, L85, M|309/309\n|turn|4\n|\n|t:|1781435405\n|move|p2a: Tyranitar|Dragon Dance|p2a: Tyranitar\n|-boost|p2a: Tyranitar|atk|1\n|-boost|p2a: Tyranitar|spe|1\n|move|p1a: Piloswine|Stealth Rock|p2a: Tyranitar\n|-sidestart|p2: kingcaspy|move: Stealth Rock\n|\n|-weather|Sandstorm|[upkeep]\n|-damage|p2a: Tyranitar|214/284|[from] Leech Seed|[of] p1a: Piloswine\n|upkeep\n|turn|5\n|\n|t:|1781435419\n|move|p2a: Tyranitar|Dragon Dance|p2a: Tyranitar\n|-boost|p2a: Tyranitar|atk|1\n|-boost|p2a: Tyranitar|spe|1\n|move|p1a: Piloswine|Earthquake|p2a: Tyranitar\n|-supereffective|p2a: Tyranitar\n|-damage|p2a: Tyranitar|4/284\n|-enditem|p2a: Tyranitar|Weakness Policy\n|-boost|p2a: Tyranitar|atk|2|[from] item: Weakness Policy\n|-boost|p2a: Tyranitar|spa|2|[from] item: Weakness Policy\n|\n|-weather|none\n|-damage|p2a: Tyranitar|0 fnt|[from] Leech Seed|[of] p1a: Piloswine\n|faint|p2a: Tyranitar\n|upkeep\n|\n|t:|1781435429\n|switch|p2a: Hitmonlee|Hitmonlee, L85, M|223/223\n|-damage|p2a: Hitmonlee|210/223|[from] Stealth Rock\n|turn|6\n|\n|t:|1781435435\n|switch|p1a: Vivillon|Vivillon-Modern, L83, F|268/268\n|move|p2a: Hitmonlee|High Jump Kick|p1a: Vivillon\n|-resisted|p1a: Vivillon\n|-crit|p1a: Vivillon\n|-damage|p1a: Vivillon|87/268\n|\n|upkeep\n|turn|7\n|\n|t:|1781435444\n|move|p2a: Hitmonlee|High Jump Kick|p1a: Vivillon\n|-resisted|p1a: Vivillon\n|-damage|p1a: Vivillon|0 fnt\n|faint|p1a: Vivillon\n|\n|upkeep\n|\n|t:|1781435448\n|switch|p1a: Comfey|Comfey, L85, F|225/225\n|turn|8\n|\n|t:|1781435453\n|move|p1a: Comfey|Calm Mind|p1a: Comfey\n|-boost|p1a: Comfey|spa|1\n|-boost|p1a: Comfey|spd|1\n|move|p2a: Hitmonlee|High Jump Kick|p1a: Comfey\n|-resisted|p1a: Comfey\n|-crit|p1a: Comfey\n|-damage|p1a: Comfey|23/225\n|\n|-heal|p1a: Comfey|37/225|[from] item: Leftovers\n|upkeep\n|turn|9\n|\n|t:|1781435463\n|move|p1a: Comfey|Draining Kiss|p2a: Hitmonlee\n|-supereffective|p2a: Hitmonlee\n|-damage|p2a: Hitmonlee|90/223\n|-heal|p1a: Comfey|127/225|[from] drain|[of] p2a: Hitmonlee\n|move|p2a: Hitmonlee|High Jump Kick|p1a: Comfey\n|-resisted|p1a: Comfey\n|-damage|p1a: Comfey|0 fnt\n|faint|p1a: Comfey\n|\n|upkeep\n|\n|t:|1781435471\n|switch|p1a: Piloswine|Piloswine, L85, M|309/309\n|turn|10\n|\n|t:|1781435475\n|move|p1a: Piloswine|Ice Shard|p2a: Hitmonlee\n|-damage|p2a: Hitmonlee|29/223\n|move|p2a: Hitmonlee|High Jump Kick|p1a: Piloswine\n|-supereffective|p1a: Piloswine\n|-damage|p1a: Piloswine|0 fnt\n|faint|p1a: Piloswine\n|\n|upkeep\n|\n|t:|1781435483\n|switch|p1a: Malamar|Malamar, L82, M|275/275\n|turn|11\n|\n|t:|1781435487\n|move|p2a: Hitmonlee|High Jump Kick|p1a: Malamar\n|-damage|p1a: Malamar|0 fnt\n|faint|p1a: Malamar\n|\n|upkeep\n|\n|t:|1781435489\n|switch|p1a: Eelektross|Eelektross, L87, F|290/290\n|turn|12\n|\n|t:|1781435495\n|move|p2a: Hitmonlee|High Jump Kick|p1a: Eelektross\n|-damage|p1a: Eelektross|0 fnt\n|faint|p1a: Eelektross\n|\n|win|kingcaspy\n|raw|harryamerican's rating: 1768 &rarr; <strong>1747</strong><br />(-21 for losing)\n|raw|kingcaspy's rating: 1745 &rarr; <strong>1766</strong><br />(+21 for winning)\n|l|\u2606harryamerican\n|player|p1|\n|c|\u2606kingcaspy|no way\n", "uploadtime": 1781435504, "views": 6, "formatid": "gen9randombattle", "rating": 1747, "private": 0, "password": null}