{"id": "gen9randombattle-2631955303", "format": "[Gen 9] Random Battle", "players": ["SEFUELALUZ_33", "Ascend and Forget"], "log": "|j|\u2606SEFUELALUZ_33\n|j|\u2606Ascend and Forget\n|t:|1781459605\n|gametype|singles\n|player|p1|SEFUELALUZ_33|sada|1336\n|player|p2|Ascend and Forget|steven|1374\n|gen|9\n|tier|[Gen 9] Random Battle\n|rated|\n|rule|Species Clause: Limit one of each Pok\u00e9mon\n|rule|HP Percentage Mod: HP is shown in percentages\n|rule|Sleep Clause Mod: Limit one foe put to sleep\n|rule|Illusion Level Mod: Illusion disguises the Pok\u00e9mon's true level\n|\n|t:|1781459605\n|teamsize|p1|6\n|teamsize|p2|6\n|start\n|switch|p1a: Piloswine|Piloswine, L85, M|309/309\n|switch|p2a: Mew|Mew, L82|298/298\n|turn|1\n|\n|t:|1781459627\n|switch|p1a: Charizard|Charizard, L85, M|271/271\n|move|p2a: Mew|Knock Off|p1a: Charizard\n|-damage|p1a: Charizard|193/271\n|-enditem|p1a: Charizard|Heavy-Duty Boots|[from] move: Knock Off|[of] p2a: Mew\n|\n|upkeep\n|turn|2\n|inactive|Battle timer is ON: inactive players will automatically lose when time's up. (requested by Ascend and Forget)\n|\n|t:|1781459635\n|move|p1a: Charizard|Swords Dance|p1a: Charizard\n|-boost|p1a: Charizard|atk|2\n|move|p2a: Mew|Psychic Noise|p1a: Charizard\n|-damage|p1a: Charizard|111/271\n|-start|p1a: Charizard|move: Heal Block\n|\n|upkeep\n|turn|3\n|\n|t:|1781459646\n|move|p1a: Charizard|Flare Blitz|p2a: Mew\n|-damage|p2a: Mew|75/298\n|-damage|p1a: Charizard|37/271|[from] Recoil\n|move|p2a: Mew|Psychic Noise|p1a: Charizard\n|-damage|p1a: Charizard|0 fnt\n|faint|p1a: Charizard\n|\n|-heal|p2a: Mew|93/298|[from] item: Leftovers\n|upkeep\n|\n|t:|1781459651\n|switch|p1a: Piloswine|Piloswine, L85, M|309/309\n|turn|4\n|\n|t:|1781459655\n|move|p2a: Mew|Knock Off|p1a: Piloswine\n|-damage|p1a: Piloswine|261/309\n|-enditem|p1a: Piloswine|Eviolite|[from] move: Knock Off|[of] p2a: Mew\n|move|p1a: Piloswine|Stealth Rock|p2a: Mew\n|-sidestart|p2: Ascend and Forget|move: Stealth Rock\n|\n|-heal|p2a: Mew|111/298|[from] item: Leftovers\n|upkeep\n|turn|5\n|\n|t:|1781459667\n|move|p2a: Mew|U-turn|p1a: Piloswine\n|-damage|p1a: Piloswine|205/309\n|\n|t:|1781459684\n|switch|p2a: Vaporeon|Vaporeon, L86, F|364/364|[from] U-turn\n|-damage|p2a: Vaporeon|319/364|[from] Stealth Rock\n|move|p1a: Piloswine|Earthquake|p2a: Vaporeon\n|-damage|p2a: Vaporeon|169/364\n|\n|-heal|p2a: Vaporeon|191/364|[from] item: Leftovers\n|upkeep\n|turn|6\n|\n|t:|1781459697\n|move|p2a: Vaporeon|Wish|p2a: Vaporeon\n|move|p1a: Piloswine|Roar|p2a: Vaporeon\n|drag|p2a: Iron Treads|Iron Treads, L77|265/265\n|-damage|p2a: Iron Treads|257/265|[from] Stealth Rock\n|\n|upkeep\n|turn|7\n|\n|t:|1781459706\n|-end|p2a: Iron Treads|Quark Drive|[silent]\n|switch|p2a: Vaporeon|Vaporeon, L86, F|191/364\n|-damage|p2a: Vaporeon|146/364|[from] Stealth Rock\n|move|p1a: Piloswine|Earthquake|p2a: Vaporeon\n|-damage|p2a: Vaporeon|5/364\n|\n|-heal|p2a: Vaporeon|187/364|[from] move: Wish|[wisher] Vaporeon\n|-heal|p2a: Vaporeon|209/364|[from] item: Leftovers\n|upkeep\n|turn|8\n|\n|t:|1781459715\n|move|p2a: Vaporeon|Scald|p1a: Piloswine\n|-supereffective|p1a: Piloswine\n|-damage|p1a: Piloswine|0 fnt\n|faint|p1a: Piloswine\n|\n|-heal|p2a: Vaporeon|231/364|[from] item: Leftovers\n|upkeep\n|\n|t:|1781459734\n|switch|p1a: Rillaboom|Rillaboom, L79, M|288/288\n|-fieldstart|move: Grassy Terrain|[from] ability: Grassy Surge|[of] p1a: Rillaboom\n|turn|9\n|\n|t:|1781459751\n|switch|p2a: Glaceon|Glaceon, L94, M|275/275\n|move|p1a: Rillaboom|Wood Hammer|p2a: Glaceon\n|-damage|p2a: Glaceon|89/275\n|-damage|p1a: Rillaboom|227/288|[from] Recoil\n|\n|-heal|p1a: Rillaboom|245/288|[from] Grassy Terrain\n|-heal|p2a: Glaceon|106/275|[from] Grassy Terrain\n|upkeep\n|turn|10\n|\n|t:|1781459769\n|switch|p2a: Drifblim|Drifblim, L86, F|396/396\n|-damage|p2a: Drifblim|297/396|[from] Stealth Rock\n|move|p1a: Rillaboom|Wood Hammer|p2a: Drifblim\n|-resisted|p2a: Drifblim\n|-damage|p2a: Drifblim|75/396\n|-enditem|p2a: Drifblim|Sitrus Berry|[eat]\n|-heal|p2a: Drifblim|174/396|[from] item: Sitrus Berry\n|-damage|p1a: Rillaboom|172/288|[from] Recoil\n|\n|-heal|p1a: Rillaboom|190/288|[from] Grassy Terrain\n|upkeep\n|turn|11\n|\n|t:|1781459782\n|move|p2a: Drifblim|Strength Sap|p1a: Rillaboom\n|-unboost|p1a: Rillaboom|atk|1\n|-heal|p2a: Drifblim|396/396\n|move|p1a: Rillaboom|Wood Hammer|p2a: Drifblim\n|-resisted|p2a: Drifblim\n|-damage|p2a: Drifblim|255/396\n|-damage|p1a: Rillaboom|143/288|[from] Recoil\n|\n|-heal|p1a: Rillaboom|161/288|[from] Grassy Terrain\n|upkeep\n|turn|12\n|\n|t:|1781459791\n|switch|p1a: Rampardos|Rampardos, L90, M|321/321\n|move|p2a: Drifblim|Air Slash|p1a: Rampardos\n|-resisted|p1a: Rampardos\n|-damage|p1a: Rampardos|264/321\n|\n|-heal|p1a: Rampardos|284/321|[from] Grassy Terrain\n|upkeep\n|turn|13\n|\n|t:|1781459806\n|switch|p2a: Vaporeon|Vaporeon, L86, F|231/364\n|-damage|p2a: Vaporeon|186/364|[from] Stealth Rock\n|move|p1a: Rampardos|Head Smash|p2a: Vaporeon\n|-damage|p2a: Vaporeon|0 fnt\n|faint|p2a: Vaporeon\n|-damage|p1a: Rampardos|191/321|[from] Recoil\n|\n|-heal|p1a: Rampardos|211/321|[from] Grassy Terrain\n|-fieldend|move: Grassy Terrain\n|upkeep\n|\n|t:|1781459810\n|switch|p2a: Iron Treads|Iron Treads, L77|257/265\n|-damage|p2a: Iron Treads|249/265|[from] Stealth Rock\n|turn|14\n|\n|t:|1781459824\n|switch|p1a: Rillaboom|Rillaboom, L79, M|161/288\n|-fieldstart|move: Grassy Terrain|[from] ability: Grassy Surge|[of] p1a: Rillaboom\n|move|p2a: Iron Treads|Rapid Spin|p1a: Rillaboom\n|-damage|p1a: Rillaboom|127/288\n|-boost|p2a: Iron Treads|spe|1\n|-sideend|p2: Ascend and Forget|Stealth Rock|[from] move: Rapid Spin|[of] p2a: Iron Treads\n|\n|-heal|p2a: Iron Treads|265/265|[from] Grassy Terrain\n|-heal|p1a: Rillaboom|145/288|[from] Grassy Terrain\n|upkeep\n|turn|15\n|\n|t:|1781459842\n|move|p2a: Iron Treads|Iron Head|p1a: Rillaboom\n|-damage|p1a: Rillaboom|61/288\n|move|p1a: Rillaboom|Knock Off|p2a: Iron Treads\n|-damage|p2a: Iron Treads|172/265\n|-enditem|p2a: Iron Treads|Assault Vest|[from] move: Knock Off|[of] p1a: Rillaboom\n|\n|-heal|p2a: Iron Treads|188/265|[from] Grassy Terrain\n|-heal|p1a: Rillaboom|79/288|[from] Grassy Terrain\n|upkeep\n|turn|16\n|\n|t:|1781459855\n|move|p2a: Iron Treads|Iron Head|p1a: Rillaboom\n|-damage|p1a: Rillaboom|0 fnt\n|faint|p1a: Rillaboom\n|\n|-heal|p2a: Iron Treads|204/265|[from] Grassy Terrain\n|upkeep\n|\n|t:|1781459857\n|switch|p1a: Eiscue|Eiscue, L88, M|274/274\n|turn|17\n|\n|t:|1781459871\n|-terastallize|p1a: Eiscue|Ground\n|move|p2a: Iron Treads|Rapid Spin|p1a: Eiscue\n|-activate|p1a: Eiscue|ability: Ice Face\n|-damage|p1a: Eiscue|274/274\n|-boost|p2a: Iron Treads|spe|1\n|detailschange|p1a: Eiscue|Eiscue-Noice, L88, M, tera:Ground\n|move|p1a: Eiscue|Belly Drum|p1a: Eiscue\n|-damage|p1a: Eiscue|137/274\n|-setboost|p1a: Eiscue|atk|6|[from] move: Belly Drum\n|-enditem|p1a: Eiscue|Sitrus Berry|[eat]\n|-heal|p1a: Eiscue|205/274|[from] item: Sitrus Berry\n|\n|-heal|p2a: Iron Treads|220/265|[from] Grassy Terrain\n|-heal|p1a: Eiscue|222/274|[from] Grassy Terrain\n|upkeep\n|turn|18\n|\n|t:|1781459887\n|move|p2a: Iron Treads|Iron Head|p1a: Eiscue\n|-damage|p1a: Eiscue|126/274\n|cant|p1a: Eiscue|flinch\n|\n|-heal|p2a: Iron Treads|236/265|[from] Grassy Terrain\n|-heal|p1a: Eiscue|143/274|[from] Grassy Terrain\n|-fieldend|move: Grassy Terrain\n|upkeep\n|turn|19\n|\n|t:|1781459896\n|move|p2a: Iron Treads|Iron Head|p1a: Eiscue\n|-damage|p1a: Eiscue|50/274\n|move|p1a: Eiscue|Tera Blast|p2a: Iron Treads|[anim] Tera Blast Ground\n|-supereffective|p2a: Iron Treads\n|-damage|p2a: Iron Treads|0 fnt\n|faint|p2a: Iron Treads\n|-end|p2a: Iron Treads|Quark Drive|[silent]\n|\n|upkeep\n|\n|t:|1781459913\n|switch|p2a: Drifblim|Drifblim, L86, F|255/396\n|turn|20\n|\n|t:|1781459921\n|move|p1a: Eiscue|Ice Spinner|p2a: Drifblim\n|-supereffective|p2a: Drifblim\n|-damage|p2a: Drifblim|0 fnt\n|faint|p2a: Drifblim\n|\n|upkeep\n|\n|t:|1781459927\n|switch|p2a: Glaceon|Glaceon, L94, M|106/275\n|turn|21\n|\n|t:|1781459932\n|move|p2a: Glaceon|Protect|p2a: Glaceon\n|-singleturn|p2a: Glaceon|Protect\n|move|p1a: Eiscue|Tera Blast|p2a: Glaceon|[anim] Tera Blast Ground\n|-activate|p2a: Glaceon|move: Protect\n|\n|upkeep\n|turn|22\n|\n|t:|1781459936\n|move|p1a: Eiscue|Tera Blast|p2a: Glaceon|[anim] Tera Blast Ground\n|-damage|p2a: Glaceon|0 fnt\n|faint|p2a: Glaceon\n|\n|upkeep\n|\n|t:|1781459938\n|switch|p2a: Toedscruel|Toedscruel, L87, F|281/281\n|turn|23\n|\n|t:|1781459946\n|move|p1a: Eiscue|Ice Spinner|p2a: Toedscruel\n|-supereffective|p2a: Toedscruel\n|-damage|p2a: Toedscruel|0 fnt\n|faint|p2a: Toedscruel\n|\n|upkeep\n|\n|t:|1781459948\n|switch|p2a: Mew|Mew, L82|111/298\n|turn|24\n|\n|t:|1781459954\n|move|p1a: Eiscue|Liquidation|p2a: Mew\n|-damage|p2a: Mew|0 fnt\n|faint|p2a: Mew\n|\n|win|SEFUELALUZ_33\n|raw|SEFUELALUZ_33's rating: 1336 &rarr; <strong>1358</strong><br />(+22 for winning)\n|raw|Ascend and Forget's rating: 1374 &rarr; <strong>1352</strong><br />(-22 for losing)\n|c|\u2606SEFUELALUZ_33|Holy comeback\n", "uploadtime": 1781459983, "views": 7, "formatid": "gen9randombattle", "rating": 1352, "private": 0, "password": null}