{"id": "gen9randombattle-2631616091", "format": "[Gen 9] Random Battle", "players": ["mayqueen nyannyan", "rosymo"], "log": "|j|\u2606mayqueen nyannyan\n|j|\u2606rosymo\n|t:|1781409346\n|gametype|singles\n|player|p1|mayqueen nyannyan|169|2284\n|player|p2|rosymo|dawn|2250\n|gen|9\n|tier|[Gen 9] Random Battle\n|rated|\n|rule|Species Clause: Limit one of each Pok\u00e9mon\n|rule|HP Percentage Mod: HP is shown in percentages\n|rule|Sleep Clause Mod: Limit one foe put to sleep\n|rule|Illusion Level Mod: Illusion disguises the Pok\u00e9mon's true level\n|\n|t:|1781409346\n|teamsize|p1|6\n|teamsize|p2|6\n|start\n|switch|p1a: Rotom|Rotom-Mow, L87|229/229\n|switch|p2a: Victreebel|Victreebel, L90, M|290/290\n|turn|1\n|\n|t:|1781409359\n|switch|p2a: Slowking|Slowking-Galar, L85, M|300/300\n|move|p1a: Rotom|Will-O-Wisp|p2a: Slowking|[miss]\n|-miss|p1a: Rotom|p2a: Slowking\n|\n|upkeep\n|turn|2\n|inactive|Battle timer is ON: inactive players will automatically lose when time's up. (requested by mayqueen nyannyan)\n|\n|t:|1781409368\n|move|p1a: Rotom|Volt Switch|p2a: Slowking\n|-damage|p2a: Slowking|233/300\n|\n|t:|1781409373\n|switch|p1a: Oinkologne|Oinkologne-F, L92, F|361/361|[from] Volt Switch\n|-prepare|p2a: Slowking|Chilly Reception|[premajor]\n|move|p2a: Slowking|Chilly Reception|p2a: Slowking\n|-weather|Snowscape\n|\n|t:|1781409382\n|switch|p2a: Rillaboom|Rillaboom, L79, F|288/288|[from] Chilly Reception\n|-fieldstart|move: Grassy Terrain|[from] ability: Grassy Surge|[of] p2a: Rillaboom\n|\n|-weather|Snowscape|[upkeep]\n|upkeep\n|turn|3\n|\n|t:|1781409390\n|move|p2a: Rillaboom|Wood Hammer|p1a: Oinkologne\n|-damage|p1a: Oinkologne|96/361\n|-damage|p2a: Rillaboom|201/288|[from] Recoil\n|move|p1a: Oinkologne|Body Slam|p2a: Rillaboom\n|-damage|p2a: Rillaboom|98/288\n|\n|-weather|Snowscape|[upkeep]\n|-heal|p2a: Rillaboom|116/288|[from] Grassy Terrain\n|-heal|p1a: Oinkologne|118/361|[from] Grassy Terrain\n|-heal|p1a: Oinkologne|140/361|[from] item: Leftovers\n|upkeep\n|turn|4\n|\n|t:|1781409400\n|switch|p1a: Rotom|Rotom-Mow, L87|229/229\n|move|p2a: Rillaboom|Wood Hammer|p1a: Rotom\n|-resisted|p1a: Rotom\n|-damage|p1a: Rotom|111/229\n|-damage|p2a: Rillaboom|77/288|[from] Recoil\n|\n|-weather|Snowscape|[upkeep]\n|-heal|p1a: Rotom|125/229|[from] item: Leftovers\n|-heal|p2a: Rillaboom|95/288|[from] Grassy Terrain\n|upkeep\n|turn|5\n|\n|t:|1781409403\n|switch|p2a: Slowking|Slowking-Galar, L85, M|300/300\n|move|p1a: Rotom|Volt Switch|p2a: Slowking\n|-damage|p2a: Slowking|234/300\n|\n|t:|1781409409\n|switch|p1a: Oinkologne|Oinkologne-F, L92, F|140/361|[from] Volt Switch\n|\n|-weather|Snowscape|[upkeep]\n|-heal|p1a: Oinkologne|162/361|[from] Grassy Terrain\n|-heal|p1a: Oinkologne|184/361|[from] item: Leftovers\n|-heal|p2a: Slowking|252/300|[from] Grassy Terrain\n|upkeep\n|turn|6\n|\n|t:|1781409412\n|move|p1a: Oinkologne|Sleep Talk||[still]\n|-fail|p1a: Oinkologne\n|move|p2a: Slowking|Psychic Noise|p1a: Oinkologne\n|-damage|p1a: Oinkologne|97/361\n|-start|p1a: Oinkologne|move: Heal Block\n|\n|-weather|none\n|-heal|p2a: Slowking|270/300|[from] Grassy Terrain\n|-fieldend|move: Grassy Terrain\n|upkeep\n|turn|7\n|\n|t:|1781409417\n|move|p1a: Oinkologne|Body Slam|p2a: Slowking\n|-damage|p2a: Slowking|159/300\n|move|p2a: Slowking|Sludge Bomb|p1a: Oinkologne\n|-damage|p1a: Oinkologne|0 fnt\n|faint|p1a: Oinkologne\n|\n|upkeep\n|\n|t:|1781409429\n|switch|p1a: Dragapult|Dragapult, L77, M|262/262\n|turn|8\n|\n|t:|1781409434\n|switch|p2a: Bellibolt|Bellibolt, L84, M|320/320\n|move|p1a: Dragapult|Shadow Ball|p2a: Bellibolt\n|-damage|p2a: Bellibolt|199/320\n|-start|p2a: Bellibolt|Charge|Shadow Ball|[from] ability: Electromorphosis\n|\n|-heal|p2a: Bellibolt|219/320|[from] item: Leftovers\n|upkeep\n|turn|9\n|\n|t:|1781409442\n|move|p1a: Dragapult|Shadow Ball|p2a: Bellibolt\n|-damage|p2a: Bellibolt|110/320\n|-start|p2a: Bellibolt|Charge|Shadow Ball|[from] ability: Electromorphosis\n|move|p2a: Bellibolt|Slack Off|p2a: Bellibolt\n|-heal|p2a: Bellibolt|270/320\n|\n|-heal|p2a: Bellibolt|290/320|[from] item: Leftovers\n|upkeep\n|turn|10\n|\n|t:|1781409446\n|switch|p1a: Rotom|Rotom-Mow, L87|125/229\n|move|p2a: Bellibolt|Toxic|p1a: Rotom\n|-status|p1a: Rotom|tox\n|\n|-heal|p1a: Rotom|139/229 tox|[from] item: Leftovers\n|-heal|p2a: Bellibolt|310/320|[from] item: Leftovers\n|-damage|p1a: Rotom|125/229 tox|[from] psn\n|upkeep\n|turn|11\n|\n|t:|1781409454\n|move|p1a: Rotom|Will-O-Wisp|p2a: Bellibolt|[miss]\n|-miss|p1a: Rotom|p2a: Bellibolt\n|move|p2a: Bellibolt|Muddy Water|p1a: Rotom\n|-resisted|p1a: Rotom\n|-damage|p1a: Rotom|95/229 tox\n|\n|-heal|p1a: Rotom|109/229 tox|[from] item: Leftovers\n|-heal|p2a: Bellibolt|320/320|[from] item: Leftovers\n|-damage|p1a: Rotom|81/229 tox|[from] psn\n|upkeep\n|turn|12\n|\n|t:|1781409463\n|move|p1a: Rotom|Will-O-Wisp|p2a: Bellibolt\n|-status|p2a: Bellibolt|brn\n|move|p2a: Bellibolt|Muddy Water|p1a: Rotom\n|-resisted|p1a: Rotom\n|-damage|p1a: Rotom|56/229 tox\n|\n|-heal|p1a: Rotom|70/229 tox|[from] item: Leftovers\n|-damage|p1a: Rotom|28/229 tox|[from] psn\n|-damage|p2a: Bellibolt|300/320 brn|[from] brn\n|upkeep\n|turn|13\n|\n|t:|1781409465\n|move|p1a: Rotom|Leaf Storm|p2a: Bellibolt\n|-damage|p2a: Bellibolt|144/320 brn\n|-unboost|p1a: Rotom|spa|2\n|-start|p2a: Bellibolt|Charge|Leaf Storm|[from] ability: Electromorphosis\n|move|p2a: Bellibolt|Toxic|p1a: Rotom|[miss]\n|-miss|p2a: Bellibolt|p1a: Rotom\n|\n|-heal|p1a: Rotom|42/229 tox|[from] item: Leftovers\n|-heal|p2a: Bellibolt|164/320 brn|[from] item: Leftovers\n|-damage|p1a: Rotom|0 fnt|[from] psn\n|faint|p1a: Rotom\n|-damage|p2a: Bellibolt|144/320 brn|[from] brn\n|upkeep\n|\n|t:|1781409475\n|switch|p1a: Dragapult|Dragapult, L77, M|262/262\n|turn|14\n|\n|t:|1781409478\n|switch|p2a: Slowking|Slowking-Galar, L85, M|259/300\n|move|p1a: Dragapult|Shadow Ball|p2a: Slowking\n|-supereffective|p2a: Slowking\n|-damage|p2a: Slowking|73/300\n|\n|upkeep\n|turn|15\n|\n|t:|1781409486\n|switch|p2a: Rillaboom|Rillaboom, L79, F|95/288\n|-fieldstart|move: Grassy Terrain|[from] ability: Grassy Surge|[of] p2a: Rillaboom\n|move|p1a: Dragapult|Shadow Ball|p2a: Rillaboom\n|-damage|p2a: Rillaboom|0 fnt\n|faint|p2a: Rillaboom\n|\n|upkeep\n|\n|t:|1781409489\n|switch|p2a: Arceus|Arceus-Water, L71|288/288\n|turn|16\n|\n|t:|1781409493\n|switch|p1a: Ampharos|Ampharos, L88, M|302/302\n|move|p2a: Arceus|Calm Mind|p2a: Arceus\n|-boost|p2a: Arceus|spa|1\n|-boost|p2a: Arceus|spd|1\n|\n|upkeep\n|turn|17\n|\n|t:|1781409498\n|-terastallize|p2a: Arceus|Steel\n|move|p2a: Arceus|Calm Mind|p2a: Arceus\n|-boost|p2a: Arceus|spa|1\n|-boost|p2a: Arceus|spd|1\n|move|p1a: Ampharos|Discharge|p2a: Arceus\n|-damage|p2a: Arceus|237/288\n|\n|-heal|p2a: Arceus|255/288|[from] Grassy Terrain\n|upkeep\n|turn|18\n|\n|t:|1781409503\n|move|p2a: Arceus|Judgment|p1a: Ampharos\n|-damage|p1a: Ampharos|167/302\n|move|p1a: Ampharos|Discharge|p2a: Arceus\n|-damage|p2a: Arceus|201/288\n|-status|p2a: Arceus|par\n|\n|-heal|p1a: Ampharos|185/302|[from] Grassy Terrain\n|-heal|p2a: Arceus|219/288 par|[from] Grassy Terrain\n|upkeep\n|turn|19\n|\n|t:|1781409508\n|cant|p2a: Arceus|par\n|move|p1a: Ampharos|Dragon Tail|p2a: Arceus\n|-resisted|p2a: Arceus\n|-damage|p2a: Arceus|201/288 par\n|drag|p2a: Slowking|Slowking-Galar, L85, M|173/300\n|\n|-heal|p1a: Ampharos|203/302|[from] Grassy Terrain\n|-heal|p2a: Slowking|191/300|[from] Grassy Terrain\n|-fieldend|move: Grassy Terrain\n|upkeep\n|turn|20\n|\n|t:|1781409513\n|move|p1a: Ampharos|Discharge|p2a: Slowking\n|-damage|p2a: Slowking|109/300\n|move|p2a: Slowking|Sludge Bomb|p1a: Ampharos\n|-damage|p1a: Ampharos|131/302\n|\n|upkeep\n|turn|21\n|\n|t:|1781409517\n|move|p1a: Ampharos|Discharge|p2a: Slowking\n|-damage|p2a: Slowking|27/300\n|move|p2a: Slowking|Slack Off|p2a: Slowking\n|-heal|p2a: Slowking|177/300\n|\n|upkeep\n|turn|22\n|\n|t:|1781409520\n|move|p1a: Ampharos|Discharge|p2a: Slowking\n|-damage|p2a: Slowking|92/300\n|-status|p2a: Slowking|par\n|cant|p2a: Slowking|par\n|\n|upkeep\n|turn|23\n|\n|t:|1781409525\n|switch|p2a: Bellibolt|Bellibolt, L84, M|144/320 brn\n|move|p1a: Ampharos|Discharge|p2a: Bellibolt\n|-resisted|p2a: Bellibolt\n|-damage|p2a: Bellibolt|92/320 brn\n|-start|p2a: Bellibolt|Charge|Discharge|[from] ability: Electromorphosis\n|\n|-heal|p2a: Bellibolt|112/320 brn|[from] item: Leftovers\n|-damage|p2a: Bellibolt|92/320 brn|[from] brn\n|upkeep\n|turn|24\n|\n|t:|1781409529\n|move|p1a: Ampharos|Dazzling Gleam|p2a: Bellibolt\n|-damage|p2a: Bellibolt|14/320 brn\n|-start|p2a: Bellibolt|Charge|Dazzling Gleam|[from] ability: Electromorphosis\n|move|p2a: Bellibolt|Slack Off|p2a: Bellibolt\n|-heal|p2a: Bellibolt|174/320 brn\n|\n|-heal|p2a: Bellibolt|194/320 brn|[from] item: Leftovers\n|-damage|p2a: Bellibolt|174/320 brn|[from] brn\n|upkeep\n|turn|25\n|\n|t:|1781409531\n|move|p1a: Ampharos|Dazzling Gleam|p2a: Bellibolt\n|-damage|p2a: Bellibolt|98/320 brn\n|-start|p2a: Bellibolt|Charge|Dazzling Gleam|[from] ability: Electromorphosis\n|move|p2a: Bellibolt|Slack Off|p2a: Bellibolt\n|-heal|p2a: Bellibolt|258/320 brn\n|\n|-heal|p2a: Bellibolt|278/320 brn|[from] item: Leftovers\n|-damage|p2a: Bellibolt|258/320 brn|[from] brn\n|upkeep\n|turn|26\n|\n|t:|1781409534\n|move|p1a: Ampharos|Dazzling Gleam|p2a: Bellibolt\n|-damage|p2a: Bellibolt|184/320 brn\n|-start|p2a: Bellibolt|Charge|Dazzling Gleam|[from] ability: Electromorphosis\n|move|p2a: Bellibolt|Toxic|p1a: Ampharos\n|-status|p1a: Ampharos|tox\n|\n|-heal|p2a: Bellibolt|204/320 brn|[from] item: Leftovers\n|-damage|p1a: Ampharos|113/302 tox|[from] psn\n|-damage|p2a: Bellibolt|184/320 brn|[from] brn\n|upkeep\n|turn|27\n|\n|t:|1781409536\n|move|p1a: Ampharos|Dazzling Gleam|p2a: Bellibolt\n|-damage|p2a: Bellibolt|105/320 brn\n|-start|p2a: Bellibolt|Charge|Dazzling Gleam|[from] ability: Electromorphosis\n|move|p2a: Bellibolt|Slack Off|p2a: Bellibolt\n|-heal|p2a: Bellibolt|265/320 brn\n|\n|-heal|p2a: Bellibolt|285/320 brn|[from] item: Leftovers\n|-damage|p1a: Ampharos|77/302 tox|[from] psn\n|-damage|p2a: Bellibolt|265/320 brn|[from] brn\n|upkeep\n|turn|28\n|\n|t:|1781409540\n|switch|p2a: Slowking|Slowking-Galar, L85, M|192/300 par\n|move|p1a: Ampharos|Dragon Tail|p2a: Slowking\n|-damage|p2a: Slowking|150/300 par\n|drag|p2a: Bellibolt|Bellibolt, L84, M|265/320 brn\n|\n|-heal|p2a: Bellibolt|285/320 brn|[from] item: Leftovers\n|-damage|p1a: Ampharos|23/302 tox|[from] psn\n|-damage|p2a: Bellibolt|265/320 brn|[from] brn\n|upkeep\n|turn|29\n|\n|t:|1781409545\n|switch|p2a: Slowking|Slowking-Galar, L85, M|250/300 par\n|move|p1a: Ampharos|Dragon Tail|p2a: Slowking\n|-damage|p2a: Slowking|209/300 par\n|drag|p2a: Great Tusk|Great Tusk, L77|304/304\n|\n|-damage|p1a: Ampharos|0 fnt|[from] psn\n|faint|p1a: Ampharos\n|upkeep\n|\n|t:|1781409550\n|switch|p1a: Dragapult|Dragapult, L77, M|262/262\n|turn|30\n|\n|t:|1781409554\n|move|p1a: Dragapult|Shadow Ball|p2a: Great Tusk\n|-damage|p2a: Great Tusk|196/304\n|-unboost|p2a: Great Tusk|spd|1\n|move|p2a: Great Tusk|Headlong Rush|p1a: Dragapult\n|-damage|p1a: Dragapult|88/262\n|-unboost|p2a: Great Tusk|def|1\n|-unboost|p2a: Great Tusk|spd|1\n|\n|upkeep\n|turn|31\n|\n|t:|1781409559\n|move|p1a: Dragapult|Shadow Ball|p2a: Great Tusk\n|-damage|p2a: Great Tusk|0 fnt\n|faint|p2a: Great Tusk\n|-end|p2a: Great Tusk|Protosynthesis|[silent]\n|\n|upkeep\n|\n|t:|1781409574\n|switch|p2a: Slowking|Slowking-Galar, L85, M|300/300 par\n|turn|32\n|\n|t:|1781409576\n|move|p1a: Dragapult|Shadow Ball|p2a: Slowking\n|-supereffective|p2a: Slowking\n|-damage|p2a: Slowking|126/300 par\n|cant|p2a: Slowking|par\n|\n|upkeep\n|turn|33\n|\n|t:|1781409581\n|switch|p2a: Bellibolt|Bellibolt, L84, M|265/320 brn\n|move|p1a: Dragapult|Shadow Ball|p2a: Bellibolt\n|-crit|p2a: Bellibolt\n|-damage|p2a: Bellibolt|106/320 brn\n|-start|p2a: Bellibolt|Charge|Shadow Ball|[from] ability: Electromorphosis\n|\n|-heal|p2a: Bellibolt|126/320 brn|[from] item: Leftovers\n|-damage|p2a: Bellibolt|106/320 brn|[from] brn\n|upkeep\n|turn|34\n|\n|t:|1781409584\n|move|p1a: Dragapult|Shadow Ball|p2a: Bellibolt\n|-damage|p2a: Bellibolt|0 fnt\n|faint|p2a: Bellibolt\n|\n|upkeep\n|\n|t:|1781409587\n|switch|p2a: Victreebel|Victreebel, L90, M|290/290\n|turn|35\n|\n|t:|1781409589\n|move|p1a: Dragapult|Shadow Ball|p2a: Victreebel\n|-crit|p2a: Victreebel\n|-damage|p2a: Victreebel|95/290\n|move|p2a: Victreebel|Weather Ball|p1a: Dragapult\n|-immune|p1a: Dragapult\n|\n|upkeep\n|turn|36\n|-message|rosymo forfeited.\n|\n|win|mayqueen nyannyan\n", "uploadtime": 1781409348, "views": 4, "formatid": "gen9randombattle", "rating": null, "private": 0, "password": null}