{"id": "gen9randombattle-2631533502", "format": "[Gen 9] Random Battle", "players": ["AyoIsThatMvdnvght", "SoraBlairheart"], "log": "|j|\u2606AyoIsThatMvdnvght\n|j|\u2606SoraBlairheart\n|t:|1781397685\n|gametype|singles\n|player|p1|AyoIsThatMvdnvght|corbeau|\n|player|p2|SoraBlairheart|101|\n|gen|9\n|tier|[Gen 9] Random Battle\n|rule|Species Clause: Limit one of each Pok\u00e9mon\n|rule|HP Percentage Mod: HP is shown in percentages\n|rule|Sleep Clause Mod: Limit one foe put to sleep\n|rule|Illusion Level Mod: Illusion disguises the Pok\u00e9mon's true level\n|\n|t:|1781397685\n|teamsize|p1|6\n|teamsize|p2|6\n|start\n|switch|p1a: Coalossal|Coalossal, L89, F|341/341\n|switch|p2a: Vigoroth|Vigoroth, L85, M|275/275\n|turn|1\n|inactive|Battle timer is ON: inactive players will automatically lose when time's up. (requested by AyoIsThatMvdnvght)\n|\n|t:|1781397719\n|switch|p2a: Skarmory|Skarmory, L80, F|235/235\n|move|p1a: Coalossal|Will-O-Wisp|p2a: Skarmory\n|-status|p2a: Skarmory|brn\n|\n|-damage|p2a: Skarmory|221/235 brn|[from] brn\n|upkeep\n|turn|2\n|inactive|SoraBlairheart has 270 seconds left.\n|\n|t:|1781397750\n|move|p2a: Skarmory|Brave Bird|p1a: Coalossal\n|-resisted|p1a: Coalossal\n|-damage|p1a: Coalossal|321/341\n|-damage|p2a: Skarmory|214/235 brn|[from] Recoil\n|move|p1a: Coalossal|Flamethrower|p2a: Skarmory\n|-supereffective|p2a: Skarmory\n|-damage|p2a: Skarmory|0 fnt\n|faint|p2a: Skarmory\n|\n|upkeep\n|inactive|SoraBlairheart has 270 seconds left.\n|inactive|SoraBlairheart has 240 seconds left.\n|\n|t:|1781397804\n|switch|p2a: Hippowdon|Hippowdon, L82, F|311/311\n|-weather|Sandstorm|[from] ability: Sand Stream|[of] p2a: Hippowdon\n|turn|3\n|\n|t:|1781397809\n|move|p2a: Hippowdon|Earthquake|p1a: Coalossal\n|-supereffective|p1a: Coalossal\n|-damage|p1a: Coalossal|5/341\n|move|p1a: Coalossal|Will-O-Wisp|p2a: Hippowdon|[miss]\n|-miss|p1a: Coalossal|p2a: Hippowdon\n|\n|-weather|Sandstorm|[upkeep]\n|upkeep\n|turn|4\n|inactive|SoraBlairheart has 240 seconds left.\n|\n|t:|1781397816\n|move|p2a: Hippowdon|Earthquake|p1a: Coalossal\n|-supereffective|p1a: Coalossal\n|-damage|p1a: Coalossal|0 fnt\n|faint|p1a: Coalossal\n|\n|-weather|Sandstorm|[upkeep]\n|upkeep\n|\n|t:|1781397826\n|switch|p1a: Polteageist|Polteageist, L78|222/222\n|turn|5\n|inactive|SoraBlairheart has 240 seconds left.\n|\n|t:|1781397861\n|switch|p2a: Rabsca|Rabsca, L91, M|284/284\n|move|p1a: Polteageist|Shell Smash|p1a: Polteageist\n|-unboost|p1a: Polteageist|def|1\n|-unboost|p1a: Polteageist|spd|1\n|-boost|p1a: Polteageist|atk|2\n|-boost|p1a: Polteageist|spa|2\n|-boost|p1a: Polteageist|spe|2\n|-enditem|p1a: Polteageist|White Herb\n|-clearnegativeboost|p1a: Polteageist|[silent]\n|\n|-weather|Sandstorm|[upkeep]\n|-damage|p1a: Polteageist|209/222|[from] Sandstorm\n|-damage|p2a: Rabsca|267/284|[from] Sandstorm\n|upkeep\n|turn|6\n|\n|t:|1781397878\n|move|p1a: Polteageist|Shell Smash|p1a: Polteageist\n|-unboost|p1a: Polteageist|def|1\n|-unboost|p1a: Polteageist|spd|1\n|-boost|p1a: Polteageist|atk|2\n|-boost|p1a: Polteageist|spa|2\n|-boost|p1a: Polteageist|spe|2\n|move|p2a: Rabsca|Psychic|p1a: Polteageist\n|-damage|p1a: Polteageist|40/222\n|\n|-weather|Sandstorm|[upkeep]\n|-damage|p1a: Polteageist|27/222|[from] Sandstorm\n|-damage|p2a: Rabsca|250/284|[from] Sandstorm\n|upkeep\n|turn|7\n|\n|t:|1781397897\n|move|p1a: Polteageist|Shadow Ball|p2a: Rabsca\n|-supereffective|p2a: Rabsca\n|-damage|p2a: Rabsca|0 fnt\n|faint|p2a: Rabsca\n|\n|-weather|none\n|upkeep\n|inactive|SoraBlairheart has 210 seconds left.\n|\n|t:|1781397908\n|switch|p2a: Vigoroth|Vigoroth, L85, M|275/275\n|turn|8\n|\n|t:|1781397913\n|move|p1a: Polteageist|Stored Power|p2a: Vigoroth\n|-damage|p2a: Vigoroth|0 fnt\n|faint|p2a: Vigoroth\n|\n|upkeep\n|inactive|SoraBlairheart has 210 seconds left.\n|\n|t:|1781397937\n|switch|p2a: Ogerpon|Ogerpon-Hearthflame, L74, F|239/239\n|-ability|p2a: Ogerpon|Mold Breaker\n|turn|9\n|inactive|SoraBlairheart has 210 seconds left.\n|\n|t:|1781397957\n|move|p1a: Polteageist|Stored Power|p2a: Ogerpon\n|-damage|p2a: Ogerpon|0 fnt\n|faint|p2a: Ogerpon\n|\n|upkeep\n|\n|t:|1781397969\n|switch|p2a: Hippowdon|Hippowdon, L82, F|311/311\n|-weather|Sandstorm|[from] ability: Sand Stream|[of] p2a: Hippowdon\n|turn|10\n|\n|t:|1781397980\n|move|p1a: Polteageist|Stored Power|p2a: Hippowdon\n|-damage|p2a: Hippowdon|0 fnt\n|faint|p2a: Hippowdon\n|\n|-weather|Sandstorm|[upkeep]\n|-damage|p1a: Polteageist|14/222|[from] Sandstorm\n|upkeep\n|\n|t:|1781397986\n|switch|p2a: Amoonguss|Amoonguss, L82, F|321/321\n|turn|11\n|\n|t:|1781397993\n|move|p1a: Polteageist|Stored Power|p2a: Amoonguss\n|-supereffective|p2a: Amoonguss\n|-damage|p2a: Amoonguss|0 fnt\n|faint|p2a: Amoonguss\n|\n|win|AyoIsThatMvdnvght\n", "uploadtime": 1781397999, "views": 3, "formatid": "gen9randombattle", "rating": null, "private": 0, "password": null}