{"id": "gen9randombattle-2631601045", "format": "[Gen 9] Random Battle", "players": ["smasher04", "EmeraldKell"], "log": "|j|\u2606smasher04\n|j|\u2606EmeraldKell\n|t:|1781407044\n|gametype|singles\n|player|p1|smasher04|twins-gen4|1952\n|player|p2|EmeraldKell|alder|1947\n|gen|9\n|tier|[Gen 9] Random Battle\n|rated|\n|rule|Species Clause: Limit one of each Pok\u00e9mon\n|rule|HP Percentage Mod: HP is shown in percentages\n|rule|Sleep Clause Mod: Limit one foe put to sleep\n|rule|Illusion Level Mod: Illusion disguises the Pok\u00e9mon's true level\n|\n|t:|1781407044\n|teamsize|p1|6\n|teamsize|p2|6\n|start\n|switch|p1a: Furret|Furret, L94, F|312/312\n|switch|p2a: Alcremie|Alcremie-Mint-Cream, L90, F|263/263\n|-item|p2a: Alcremie|Leftovers|[from] ability: Frisk|[of] p1a: Furret\n|turn|1\n|c|\u2606EmeraldKell|gl hf!\n|\n|t:|1781407053\n|switch|p1a: Gholdengo|Gholdengo, L77|261/261\n|move|p2a: Alcremie|Alluring Voice|p1a: Gholdengo\n|-resisted|p1a: Gholdengo\n|-damage|p1a: Gholdengo|206/261\n|\n|-heal|p1a: Gholdengo|222/261|[from] item: Leftovers\n|upkeep\n|turn|2\n|\n|t:|1781407066\n|switch|p2a: Electivire|Electivire, L84, F|263/263\n|move|p1a: Gholdengo|Make It Rain|p2a: Electivire\n|-resisted|p2a: Electivire\n|-damage|p2a: Electivire|188/263\n|-unboost|p1a: Gholdengo|spa|1\n|\n|-heal|p1a: Gholdengo|238/261|[from] item: Leftovers\n|upkeep\n|turn|3\n|\n|t:|1781407079\n|switch|p1a: Toedscruel|Toedscruel, L87, M|281/281\n|move|p2a: Electivire|Earthquake|p1a: Toedscruel\n|-resisted|p1a: Toedscruel\n|-damage|p1a: Toedscruel|213/281\n|-damage|p2a: Electivire|162/263|[from] item: Life Orb\n|\n|upkeep\n|turn|4\n|\n|t:|1781407092\n|switch|p2a: Lurantis|Lurantis, L87, M|264/264\n|move|p1a: Toedscruel|Knock Off|p2a: Lurantis\n|-crit|p2a: Lurantis\n|-damage|p2a: Lurantis|188/264\n|-enditem|p2a: Lurantis|Assault Vest|[from] move: Knock Off|[of] p1a: Toedscruel\n|\n|upkeep\n|turn|5\n|\n|t:|1781407100\n|switch|p1a: Torkoal|Torkoal, L88, F|266/266\n|-weather|SunnyDay|[from] ability: Drought|[of] p1a: Torkoal\n|move|p2a: Lurantis|Knock Off|p1a: Torkoal\n|-damage|p1a: Torkoal|214/266\n|-enditem|p1a: Torkoal|Heavy-Duty Boots|[from] move: Knock Off|[of] p2a: Lurantis\n|\n|-weather|SunnyDay|[upkeep]\n|upkeep\n|turn|6\n|\n|t:|1781407112\n|switch|p2a: Alcremie|Alcremie-Mint-Cream, L90, F|263/263\n|move|p1a: Torkoal|Stealth Rock|p2a: Alcremie\n|-sidestart|p2: EmeraldKell|move: Stealth Rock\n|\n|-weather|SunnyDay|[upkeep]\n|upkeep\n|turn|7\n|\n|t:|1781407122\n|move|p2a: Alcremie|Psyshock|p1a: Torkoal\n|-damage|p1a: Torkoal|169/266\n|move|p1a: Torkoal|Yawn|p2a: Alcremie\n|-start|p2a: Alcremie|move: Yawn|[of] p1a: Torkoal\n|\n|-weather|SunnyDay|[upkeep]\n|upkeep\n|turn|8\n|\n|t:|1781407129\n|move|p2a: Alcremie|Alluring Voice|p1a: Torkoal\n|-resisted|p1a: Torkoal\n|-damage|p1a: Torkoal|111/266\n|move|p1a: Torkoal|Fire Blast|p2a: Alcremie\n|-damage|p2a: Alcremie|127/263\n|-status|p2a: Alcremie|brn\n|\n|-weather|SunnyDay|[upkeep]\n|-heal|p2a: Alcremie|143/263 brn|[from] item: Leftovers\n|-damage|p2a: Alcremie|127/263 brn|[from] brn\n|-end|p2a: Alcremie|move: Yawn|[silent]\n|upkeep\n|turn|9\n|\n|t:|1781407141\n|switch|p1a: Gholdengo|Gholdengo, L77|238/261\n|move|p2a: Alcremie|Recover|p2a: Alcremie\n|-heal|p2a: Alcremie|259/263 brn\n|\n|-weather|none\n|-heal|p1a: Gholdengo|254/261|[from] item: Leftovers\n|-heal|p2a: Alcremie|263/263 brn|[from] item: Leftovers\n|-damage|p2a: Alcremie|247/263 brn|[from] brn\n|upkeep\n|turn|10\n|\n|t:|1781407154\n|move|p1a: Gholdengo|Make It Rain|p2a: Alcremie\n|-supereffective|p2a: Alcremie\n|-damage|p2a: Alcremie|47/263 brn\n|-unboost|p1a: Gholdengo|spa|1\n|move|p2a: Alcremie|Alluring Voice|p1a: Gholdengo\n|-resisted|p1a: Gholdengo\n|-damage|p1a: Gholdengo|197/261\n|\n|-heal|p1a: Gholdengo|213/261|[from] item: Leftovers\n|-heal|p2a: Alcremie|63/263 brn|[from] item: Leftovers\n|-damage|p2a: Alcremie|47/263 brn|[from] brn\n|upkeep\n|turn|11\n|\n|t:|1781407166\n|switch|p2a: Electivire|Electivire, L84, F|162/263\n|-damage|p2a: Electivire|130/263|[from] Stealth Rock\n|move|p1a: Gholdengo|Shadow Ball|p2a: Electivire\n|-damage|p2a: Electivire|70/263\n|\n|-heal|p1a: Gholdengo|229/261|[from] item: Leftovers\n|upkeep\n|turn|12\n|\n|t:|1781407177\n|switch|p1a: Torkoal|Torkoal, L88, F|111/266\n|-weather|SunnyDay|[from] ability: Drought|[of] p1a: Torkoal\n|move|p2a: Electivire|Ice Punch|p1a: Torkoal\n|-resisted|p1a: Torkoal\n|-damage|p1a: Torkoal|81/266\n|-damage|p2a: Electivire|44/263|[from] item: Life Orb\n|\n|-weather|SunnyDay|[upkeep]\n|upkeep\n|turn|13\n|\n|t:|1781407186\n|switch|p1a: Toedscruel|Toedscruel, L87, M|213/281\n|move|p2a: Electivire|Earthquake|p1a: Toedscruel\n|-resisted|p1a: Toedscruel\n|-damage|p1a: Toedscruel|144/281\n|-damage|p2a: Electivire|18/263|[from] item: Life Orb\n|\n|-weather|SunnyDay|[upkeep]\n|upkeep\n|turn|14\n|\n|t:|1781407194\n|move|p1a: Toedscruel|Giga Drain|p2a: Electivire\n|-damage|p2a: Electivire|0 fnt\n|-heal|p1a: Toedscruel|153/281|[from] drain|[of] p2a: Electivire\n|faint|p2a: Electivire\n|\n|-weather|SunnyDay|[upkeep]\n|upkeep\n|\n|t:|1781407202\n|switch|p2a: Lurantis|Lurantis, L87, M|188/264\n|-damage|p2a: Lurantis|155/264|[from] Stealth Rock\n|turn|15\n|\n|t:|1781407208\n|switch|p1a: Glalie|Glalie, L96, F|309/309\n|move|p2a: Lurantis|Leaf Storm|p1a: Glalie\n|-damage|p1a: Glalie|185/309\n|-boost|p2a: Lurantis|spa|2\n|\n|-weather|SunnyDay|[upkeep]\n|upkeep\n|turn|16\n|\n|t:|1781407220\n|switch|p2a: Alcremie|Alcremie-Mint-Cream, L90, F|47/263 brn\n|-damage|p2a: Alcremie|15/263 brn|[from] Stealth Rock\n|move|p1a: Glalie|Freeze-Dry|p2a: Alcremie\n|-damage|p2a: Alcremie|0 fnt\n|faint|p2a: Alcremie\n|\n|-weather|none\n|upkeep\n|\n|t:|1781407234\n|switch|p2a: Basculin|Basculin-Blue-Striped, L86, F|261/261\n|-damage|p2a: Basculin|229/261|[from] Stealth Rock\n|turn|17\n|\n|t:|1781407239\n|switch|p1a: Torkoal|Torkoal, L88, F|81/266\n|-weather|SunnyDay|[from] ability: Drought|[of] p1a: Torkoal\n|move|p2a: Basculin|Wave Crash|p1a: Torkoal\n|-supereffective|p1a: Torkoal\n|-damage|p1a: Torkoal|0 fnt\n|faint|p1a: Torkoal\n|-damage|p2a: Basculin|202/261|[from] Recoil\n|\n|-weather|SunnyDay|[upkeep]\n|upkeep\n|\n|t:|1781407245\n|switch|p1a: Wigglytuff|Wigglytuff, L96, F|424/424\n|turn|18\n|\n|t:|1781407255\n|switch|p2a: Dewgong|Dewgong, L94, F|322/322\n|move|p1a: Wigglytuff|Thunder Wave|p2a: Dewgong\n|-status|p2a: Dewgong|par\n|\n|-weather|SunnyDay|[upkeep]\n|upkeep\n|turn|19\n|\n|t:|1781407264\n|move|p1a: Wigglytuff|Knock Off|p2a: Dewgong\n|-damage|p2a: Dewgong|253/322 par\n|-enditem|p2a: Dewgong|Heavy-Duty Boots|[from] move: Knock Off|[of] p1a: Wigglytuff\n|move|p2a: Dewgong|Flip Turn|p1a: Wigglytuff\n|-damage|p1a: Wigglytuff|382/424\n|\n|t:|1781407273\n|switch|p2a: Scream Tail|Scream Tail, L84|330/330|[from] Flip Turn\n|-damage|p2a: Scream Tail|289/330|[from] Stealth Rock\n|-activate|p2a: Scream Tail|ability: Protosynthesis\n|-start|p2a: Scream Tail|protosynthesisspd\n|\n|-weather|SunnyDay|[upkeep]\n|-heal|p2a: Scream Tail|309/330|[from] item: Leftovers\n|-heal|p1a: Wigglytuff|408/424|[from] item: Leftovers\n|upkeep\n|turn|20\n|\n|t:|1781407283\n|move|p2a: Scream Tail|Encore|p1a: Wigglytuff\n|-start|p1a: Wigglytuff|Encore\n|move|p1a: Wigglytuff|Knock Off|p2a: Scream Tail\n|-damage|p2a: Scream Tail|239/330\n|-enditem|p2a: Scream Tail|Leftovers|[from] move: Knock Off|[of] p1a: Wigglytuff\n|\n|-weather|SunnyDay|[upkeep]\n|-heal|p1a: Wigglytuff|424/424|[from] item: Leftovers\n|upkeep\n|turn|21\n|\n|t:|1781407291\n|switch|p1a: Gholdengo|Gholdengo, L77|229/261\n|move|p2a: Scream Tail|Wish|p2a: Scream Tail\n|\n|-weather|none\n|-end|p2a: Scream Tail|Protosynthesis\n|-heal|p1a: Gholdengo|245/261|[from] item: Leftovers\n|upkeep\n|turn|22\n|\n|t:|1781407299\n|-end|p2a: Scream Tail|Protosynthesis|[silent]\n|switch|p2a: Lurantis|Lurantis, L87, M|155/264\n|-damage|p2a: Lurantis|122/264|[from] Stealth Rock\n|move|p1a: Gholdengo|Thunder Wave|p2a: Lurantis\n|-status|p2a: Lurantis|par\n|\n|-heal|p2a: Lurantis|264/264 par|[from] move: Wish|[wisher] Scream Tail\n|-heal|p1a: Gholdengo|261/261|[from] item: Leftovers\n|upkeep\n|turn|23\n|\n|t:|1781407313\n|switch|p1a: Glalie|Glalie, L96, F|185/309\n|move|p2a: Lurantis|Leaf Storm|p1a: Glalie\n|-crit|p1a: Glalie\n|-damage|p1a: Glalie|5/309\n|-boost|p2a: Lurantis|spa|2\n|\n|upkeep\n|turn|24\n|\n|t:|1781407329\n|switch|p2a: Scream Tail|Scream Tail, L84|239/330\n|-damage|p2a: Scream Tail|198/330|[from] Stealth Rock\n|move|p1a: Glalie|Spikes|p2a: Scream Tail\n|-sidestart|p2: EmeraldKell|Spikes\n|\n|upkeep\n|turn|25\n|\n|t:|1781407335\n|switch|p1a: Gholdengo|Gholdengo, L77|261/261\n|move|p2a: Scream Tail|Wish|p2a: Scream Tail\n|\n|upkeep\n|turn|26\n|\n|t:|1781407344\n|move|p2a: Scream Tail|Protect|p2a: Scream Tail\n|-singleturn|p2a: Scream Tail|Protect\n|move|p1a: Gholdengo|Shadow Ball|p2a: Scream Tail\n|-activate|p2a: Scream Tail|move: Protect\n|\n|-heal|p2a: Scream Tail|330/330|[from] move: Wish|[wisher] Scream Tail\n|upkeep\n|turn|27\n|\n|t:|1781407356\n|-end|p2a: Scream Tail|Protosynthesis|[silent]\n|switch|p2a: Lurantis|Lurantis, L87, M|264/264 par\n|-damage|p2a: Lurantis|231/264 par|[from] Stealth Rock\n|-damage|p2a: Lurantis|198/264 par|[from] Spikes\n|move|p1a: Gholdengo|Shadow Ball|p2a: Lurantis\n|-damage|p2a: Lurantis|114/264 par\n|\n|upkeep\n|turn|28\n|\n|t:|1781407368\n|move|p1a: Gholdengo|Make It Rain|p2a: Lurantis\n|-damage|p2a: Lurantis|0 fnt\n|-unboost|p1a: Gholdengo|spa|1\n|faint|p2a: Lurantis\n|\n|upkeep\n|\n|t:|1781407382\n|switch|p2a: Dewgong|Dewgong, L94, F|253/322 par\n|-damage|p2a: Dewgong|173/322 par|[from] Stealth Rock\n|-damage|p2a: Dewgong|133/322 par|[from] Spikes\n|turn|29\n|\n|t:|1781407390\n|switch|p1a: Wigglytuff|Wigglytuff, L96, F|424/424\n|move|p2a: Dewgong|Surf|p1a: Wigglytuff\n|-damage|p1a: Wigglytuff|295/424\n|\n|-heal|p1a: Wigglytuff|321/424|[from] item: Leftovers\n|upkeep\n|turn|30\n|\n|t:|1781407398\n|move|p1a: Wigglytuff|Alluring Voice|p2a: Dewgong\n|-damage|p2a: Dewgong|51/322 par\n|move|p2a: Dewgong|Surf|p1a: Wigglytuff\n|-damage|p1a: Wigglytuff|209/424\n|\n|-heal|p1a: Wigglytuff|235/424|[from] item: Leftovers\n|upkeep\n|turn|31\n|\n|t:|1781407405\n|move|p1a: Wigglytuff|Alluring Voice|p2a: Dewgong\n|-damage|p2a: Dewgong|0 fnt\n|faint|p2a: Dewgong\n|\n|-heal|p1a: Wigglytuff|261/424|[from] item: Leftovers\n|upkeep\n|\n|t:|1781407410\n|switch|p2a: Basculin|Basculin-Blue-Striped, L86, F|202/261\n|-damage|p2a: Basculin|170/261|[from] Stealth Rock\n|-damage|p2a: Basculin|138/261|[from] Spikes\n|turn|32\n|\n|t:|1781407419\n|switch|p1a: Glalie|Glalie, L96, F|5/309\n|move|p2a: Basculin|Flip Turn|p1a: Glalie\n|-damage|p1a: Glalie|0 fnt\n|faint|p1a: Glalie\n|\n|t:|1781407425\n|switch|p2a: Scream Tail|Scream Tail, L84|330/330|[from] Flip Turn\n|-damage|p2a: Scream Tail|289/330|[from] Stealth Rock\n|-damage|p2a: Scream Tail|248/330|[from] Spikes\n|\n|upkeep\n|\n|t:|1781407430\n|switch|p1a: Wigglytuff|Wigglytuff, L96, F|261/424\n|turn|33\n|\n|t:|1781407437\n|-terastallize|p2a: Scream Tail|Poison\n|move|p2a: Scream Tail|Wish|p2a: Scream Tail\n|move|p1a: Wigglytuff|Thunder Wave|p2a: Scream Tail\n|-status|p2a: Scream Tail|par\n|\n|-heal|p1a: Wigglytuff|287/424|[from] item: Leftovers\n|upkeep\n|turn|34\n|\n|t:|1781407448\n|move|p1a: Wigglytuff|Knock Off|p2a: Scream Tail\n|-damage|p2a: Scream Tail|209/330 par\n|cant|p2a: Scream Tail|par\n|\n|-heal|p2a: Scream Tail|330/330 par|[from] move: Wish|[wisher] Scream Tail\n|-heal|p1a: Wigglytuff|313/424|[from] item: Leftovers\n|upkeep\n|turn|35\n|\n|t:|1781407456\n|switch|p1a: Gholdengo|Gholdengo, L77|261/261\n|move|p2a: Scream Tail|Dazzling Gleam|p1a: Gholdengo\n|-resisted|p1a: Gholdengo\n|-damage|p1a: Gholdengo|228/261\n|\n|-heal|p1a: Gholdengo|244/261|[from] item: Leftovers\n|upkeep\n|turn|36\n|\n|t:|1781407464\n|move|p1a: Gholdengo|Shadow Ball|p2a: Scream Tail\n|-damage|p2a: Scream Tail|254/330 par\n|-unboost|p2a: Scream Tail|spd|1\n|move|p2a: Scream Tail|Wish|p2a: Scream Tail\n|\n|-heal|p1a: Gholdengo|260/261|[from] item: Leftovers\n|upkeep\n|turn|37\n|\n|t:|1781407473\n|-end|p2a: Scream Tail|Protosynthesis|[silent]\n|switch|p2a: Basculin|Basculin-Blue-Striped, L86, F|138/261\n|-damage|p2a: Basculin|106/261|[from] Stealth Rock\n|-damage|p2a: Basculin|74/261|[from] Spikes\n|move|p1a: Gholdengo|Shadow Ball|p2a: Basculin\n|-damage|p2a: Basculin|0 fnt\n|faint|p2a: Basculin\n|\n|-heal|p1a: Gholdengo|261/261|[from] item: Leftovers\n|upkeep\n|c|\u2606smasher04|Gg\n|c|\u2606EmeraldKell|gg!\n|\n|t:|1781407486\n|switch|p2a: Scream Tail|Scream Tail, L84, tera:Poison|254/330 par\n|-damage|p2a: Scream Tail|213/330 par|[from] Stealth Rock\n|-damage|p2a: Scream Tail|172/330 par|[from] Spikes\n|turn|38\n|-message|EmeraldKell forfeited.\n|\n|win|smasher04\n", "uploadtime": 1781407046, "views": 4, "formatid": "gen9randombattle", "rating": null, "private": 0, "password": null}