{"id": "gen9randombattle-2631805249", "format": "[Gen 9] Random Battle", "players": ["joebidenfan1245", "dr necrotizer"], "log": "|j|\u203djoebidenfan1245\n|j|\u2606dr necrotizer\n|t:|1781442234\n|gametype|singles\n|player|p1|joebidenfan1245|265|2006\n|player|p2|dr necrotizer|102|2016\n|gen|9\n|tier|[Gen 9] Random Battle\n|rated|\n|rule|Species Clause: Limit one of each Pok\u00e9mon\n|rule|HP Percentage Mod: HP is shown in percentages\n|rule|Sleep Clause Mod: Limit one foe put to sleep\n|rule|Illusion Level Mod: Illusion disguises the Pok\u00e9mon's true level\n|\n|t:|1781442234\n|teamsize|p1|6\n|teamsize|p2|6\n|start\n|switch|p1a: Weavile|Weavile, L79, F|240/240\n|switch|p2a: Ursaring|Ursaring, L84, F|288/288\n|turn|1\n|\n|t:|1781442250\n|switch|p2a: Sudowoodo|Sudowoodo, L94, M|284/284\n|move|p1a: Weavile|Swords Dance|p1a: Weavile\n|-boost|p1a: Weavile|atk|2\n|\n|upkeep\n|turn|2\n|\n|t:|1781442275\n|switch|p1a: Orthworm|Orthworm, L88, F|266/266\n|move|p2a: Sudowoodo|Head Smash|p1a: Orthworm|[miss]\n|-miss|p2a: Sudowoodo|p1a: Orthworm\n|\n|upkeep\n|turn|3\n|\n|t:|1781442281\n|switch|p2a: Iron Hands|Iron Hands, L79|373/373\n|move|p1a: Orthworm|Heavy Slam|p2a: Iron Hands\n|-resisted|p2a: Iron Hands\n|-damage|p2a: Iron Hands|353/373\n|\n|-heal|p2a: Iron Hands|373/373|[from] item: Leftovers\n|upkeep\n|turn|4\n|\n|t:|1781442293\n|move|p1a: Orthworm|Shed Tail|p1a: Orthworm\n|-start|p1a: Orthworm|Substitute|[from] move: Shed Tail\n|-damage|p1a: Orthworm|133/266\n|\n|t:|1781442296\n|switch|p1a: Polteageist|Polteageist, L78|222/222|[from] Shed Tail\n|move|p2a: Iron Hands|Wild Charge|p1a: Polteageist\n|-end|p1a: Polteageist|Substitute\n|-damage|p2a: Iron Hands|356/373|[from] Recoil|[of] p1a: Polteageist\n|\n|-heal|p2a: Iron Hands|373/373|[from] item: Leftovers\n|upkeep\n|turn|5\n|\n|t:|1781442321\n|-end|p2a: Iron Hands|Quark Drive|[silent]\n|switch|p2a: Ting-Lu|Ting-Lu, L78|370/370\n|-ability|p2a: Ting-Lu|Vessel of Ruin\n|move|p1a: Polteageist|Strength Sap|p2a: Ting-Lu\n|-unboost|p2a: Ting-Lu|atk|1\n|\n|upkeep\n|turn|6\n|\n|t:|1781442357\n|switch|p1a: Weavile|Weavile, L79, F|240/240\n|move|p2a: Ting-Lu|Payback|p1a: Weavile\n|-resisted|p1a: Weavile\n|-damage|p1a: Weavile|216/240\n|\n|upkeep\n|turn|7\n|\n|t:|1781442365\n|switch|p2a: Sudowoodo|Sudowoodo, L94, M|284/284\n|move|p1a: Weavile|Knock Off|p2a: Sudowoodo\n|-damage|p2a: Sudowoodo|199/284\n|-enditem|p2a: Sudowoodo|Choice Band|[from] move: Knock Off|[of] p1a: Weavile\n|\n|upkeep\n|turn|8\n|\n|t:|1781442376\n|switch|p1a: Orthworm|Orthworm, L88, F|133/266\n|move|p2a: Sudowoodo|Head Smash|p1a: Orthworm\n|-resisted|p1a: Orthworm\n|-damage|p1a: Orthworm|63/266\n|\n|-heal|p1a: Orthworm|79/266|[from] item: Leftovers\n|upkeep\n|turn|9\n|inactive|Battle timer is ON: inactive players will automatically lose when time's up. (requested by dr necrotizer)\n|\n|t:|1781442394\n|switch|p1a: Venusaur|Venusaur, L84, M|272/272\n|switch|p2a: Iron Hands|Iron Hands, L79|373/373\n|\n|upkeep\n|turn|10\n|\n|t:|1781442405\n|-end|p2a: Iron Hands|Quark Drive|[silent]\n|switch|p2a: Jirachi|Jirachi, L80|291/291\n|move|p1a: Venusaur|Leech Seed|p2a: Jirachi\n|-start|p2a: Jirachi|move: Leech Seed\n|\n|-damage|p2a: Jirachi|255/291|[from] Leech Seed|[of] p1a: Venusaur\n|upkeep\n|turn|11\n|\n|t:|1781442416\n|switch|p1a: Orthworm|Orthworm, L88, F|79/266\n|move|p2a: Jirachi|Iron Head|p1a: Orthworm\n|-resisted|p1a: Orthworm\n|-damage|p1a: Orthworm|52/266\n|\n|-heal|p2a: Jirachi|273/291|[from] item: Leftovers\n|-heal|p1a: Orthworm|68/266|[from] item: Leftovers\n|-damage|p2a: Jirachi|237/291|[from] Leech Seed|[of] p1a: Orthworm\n|-heal|p1a: Orthworm|104/266|[silent]\n|upkeep\n|turn|12\n|\n|t:|1781442429\n|switch|p2a: Iron Hands|Iron Hands, L79|373/373\n|move|p1a: Orthworm|Spikes|p2a: Iron Hands\n|-sidestart|p2: dr necrotizer|Spikes\n|\n|-heal|p1a: Orthworm|120/266|[from] item: Leftovers\n|upkeep\n|turn|13\n|\n|t:|1781442437\n|move|p1a: Orthworm|Body Press|p2a: Iron Hands\n|-damage|p2a: Iron Hands|293/373\n|move|p2a: Iron Hands|Ice Punch|p1a: Orthworm\n|-resisted|p1a: Orthworm\n|-damage|p1a: Orthworm|101/266\n|\n|-heal|p1a: Orthworm|117/266|[from] item: Leftovers\n|-heal|p2a: Iron Hands|316/373|[from] item: Leftovers\n|upkeep\n|turn|14\n|\n|t:|1781442449\n|switch|p1a: Venusaur|Venusaur, L84, M|272/272\n|move|p2a: Iron Hands|Ice Punch|p1a: Venusaur\n|-supereffective|p1a: Venusaur\n|-damage|p1a: Venusaur|128/272\n|\n|-heal|p1a: Venusaur|145/272|[from] item: Leftovers\n|-heal|p2a: Iron Hands|339/373|[from] item: Leftovers\n|upkeep\n|turn|15\n|\n|t:|1781442457\n|-end|p2a: Iron Hands|Quark Drive|[silent]\n|switch|p2a: Jirachi|Jirachi, L80|237/291\n|-damage|p2a: Jirachi|201/291|[from] Spikes\n|move|p1a: Venusaur|Giga Drain|p2a: Jirachi\n|-resisted|p2a: Jirachi\n|-damage|p2a: Jirachi|164/291\n|-heal|p1a: Venusaur|164/272|[from] drain|[of] p2a: Jirachi\n|\n|-heal|p2a: Jirachi|182/291|[from] item: Leftovers\n|-heal|p1a: Venusaur|181/272|[from] item: Leftovers\n|upkeep\n|turn|16\n|\n|t:|1781442465\n|move|p2a: Jirachi|Iron Head|p1a: Venusaur\n|-damage|p1a: Venusaur|96/272\n|cant|p1a: Venusaur|flinch\n|\n|-heal|p2a: Jirachi|200/291|[from] item: Leftovers\n|-heal|p1a: Venusaur|113/272|[from] item: Leftovers\n|upkeep\n|turn|17\n|\n|t:|1781442472\n|move|p2a: Jirachi|Psychic|p1a: Venusaur\n|-supereffective|p1a: Venusaur\n|-damage|p1a: Venusaur|0 fnt\n|faint|p1a: Venusaur\n|\n|-heal|p2a: Jirachi|218/291|[from] item: Leftovers\n|upkeep\n|\n|t:|1781442494\n|switch|p1a: Weavile|Weavile, L79, F|216/240\n|turn|18\n|\n|t:|1781442519\n|move|p1a: Weavile|Low Kick|p2a: Jirachi\n|-damage|p2a: Jirachi|204/291\n|move|p2a: Jirachi|Iron Head|p1a: Weavile\n|-supereffective|p1a: Weavile\n|-damage|p1a: Weavile|0 fnt\n|faint|p1a: Weavile\n|\n|-heal|p2a: Jirachi|222/291|[from] item: Leftovers\n|upkeep\n|\n|t:|1781442525\n|switch|p1a: Scovillain|Scovillain, L91, M|266/266\n|turn|19\n|\n|t:|1781442545\n|move|p1a: Scovillain|Flamethrower|p2a: Jirachi\n|-supereffective|p2a: Jirachi\n|-damage|p2a: Jirachi|0 fnt\n|faint|p2a: Jirachi\n|\n|upkeep\n|\n|t:|1781442553\n|switch|p2a: Ursaring|Ursaring, L84, F|288/288\n|-damage|p2a: Ursaring|252/288|[from] Spikes\n|turn|20\n|\n|t:|1781442565\n|move|p1a: Scovillain|Flamethrower|p2a: Ursaring\n|-damage|p2a: Ursaring|159/288\n|-status|p2a: Ursaring|brn\n|move|p2a: Ursaring|Earthquake|p1a: Scovillain\n|-damage|p1a: Scovillain|120/266\n|\n|-damage|p2a: Ursaring|141/288 brn|[from] brn\n|upkeep\n|turn|21\n|\n|t:|1781442574\n|move|p1a: Scovillain|Flamethrower|p2a: Ursaring\n|-damage|p2a: Ursaring|53/288 brn\n|move|p2a: Ursaring|Body Slam|p1a: Scovillain\n|-damage|p1a: Scovillain|0 fnt\n|faint|p1a: Scovillain\n|\n|-damage|p2a: Ursaring|35/288 brn|[from] brn\n|upkeep\n|\n|t:|1781442581\n|switch|p1a: Ambipom|Ambipom, L84, M|263/263\n|turn|22\n|\n|t:|1781442585\n|move|p1a: Ambipom|Fake Out|p2a: Ursaring\n|-damage|p2a: Ursaring|0 fnt\n|faint|p2a: Ursaring\n|\n|upkeep\n|\n|t:|1781442592\n|switch|p2a: Iron Hands|Iron Hands, L79|339/373\n|-damage|p2a: Iron Hands|293/373|[from] Spikes\n|turn|23\n|\n|t:|1781442599\n|move|p1a: Ambipom|U-turn|p2a: Iron Hands\n|-resisted|p2a: Iron Hands\n|-damage|p2a: Iron Hands|268/373\n|\n|t:|1781442602\n|switch|p1a: Polteageist|Polteageist, L78|222/222|[from] U-turn\n|move|p2a: Iron Hands|Drain Punch|p1a: Polteageist\n|-immune|p1a: Polteageist\n|\n|-heal|p2a: Iron Hands|291/373|[from] item: Leftovers\n|upkeep\n|turn|24\n|\n|t:|1781442616\n|move|p1a: Polteageist|Shell Smash|p1a: Polteageist\n|-unboost|p1a: Polteageist|def|1\n|-unboost|p1a: Polteageist|spd|1\n|-boost|p1a: Polteageist|atk|2\n|-boost|p1a: Polteageist|spa|2\n|-boost|p1a: Polteageist|spe|2\n|-enditem|p1a: Polteageist|White Herb\n|-clearnegativeboost|p1a: Polteageist|[silent]\n|move|p2a: Iron Hands|Swords Dance|p2a: Iron Hands\n|-boost|p2a: Iron Hands|atk|2\n|\n|-heal|p2a: Iron Hands|314/373|[from] item: Leftovers\n|upkeep\n|turn|25\n|\n|t:|1781442620\n|move|p1a: Polteageist|Stored Power|p2a: Iron Hands\n|-supereffective|p2a: Iron Hands\n|-damage|p2a: Iron Hands|0 fnt\n|faint|p2a: Iron Hands\n|-end|p2a: Iron Hands|Quark Drive|[silent]\n|\n|upkeep\n|\n|t:|1781442626\n|switch|p2a: Ting-Lu|Ting-Lu, L78|370/370\n|-damage|p2a: Ting-Lu|324/370|[from] Spikes\n|-ability|p2a: Ting-Lu|Vessel of Ruin\n|turn|26\n|\n|t:|1781442641\n|-terastallize|p1a: Polteageist|Dark\n|move|p1a: Polteageist|Shadow Ball|p2a: Ting-Lu\n|-resisted|p2a: Ting-Lu\n|-damage|p2a: Ting-Lu|243/370\n|move|p2a: Ting-Lu|Payback|p1a: Polteageist\n|-resisted|p1a: Polteageist\n|-crit|p1a: Polteageist\n|-damage|p1a: Polteageist|118/222\n|-start|p2a: Ting-Lu|Disable|Payback|[from] ability: Cursed Body|[of] p1a: Polteageist\n|\n|-heal|p2a: Ting-Lu|266/370|[from] item: Leftovers\n|upkeep\n|turn|27\n|\n|t:|1781442650\n|move|p1a: Polteageist|Strength Sap|p2a: Ting-Lu\n|-unboost|p2a: Ting-Lu|atk|1\n|-heal|p1a: Polteageist|222/222\n|move|p2a: Ting-Lu|Earthquake|p1a: Polteageist\n|-damage|p1a: Polteageist|132/222\n|\n|-heal|p2a: Ting-Lu|289/370|[from] item: Leftovers\n|upkeep\n|turn|28\n|\n|t:|1781442665\n|switch|p2a: Sudowoodo|Sudowoodo, L94, M|199/284\n|-damage|p2a: Sudowoodo|164/284|[from] Spikes\n|move|p1a: Polteageist|Strength Sap|p2a: Sudowoodo\n|-unboost|p2a: Sudowoodo|atk|1\n|-heal|p1a: Polteageist|222/222\n|\n|upkeep\n|turn|29\n|\n|t:|1781442674\n|move|p1a: Polteageist|Stored Power|p2a: Sudowoodo\n|-damage|p2a: Sudowoodo|0 fnt\n|faint|p2a: Sudowoodo\n|\n|upkeep\n|\n|t:|1781442676\n|switch|p2a: Decidueye|Decidueye-Hisui, L87, M|295/295\n|-damage|p2a: Decidueye|259/295|[from] Spikes\n|turn|30\n|\n|t:|1781442681\n|-terastallize|p2a: Decidueye|Steel\n|move|p1a: Polteageist|Shadow Ball|p2a: Decidueye\n|-damage|p2a: Decidueye|94/295\n|move|p2a: Decidueye|Triple Arrows|p1a: Polteageist\n|-supereffective|p1a: Polteageist\n|-damage|p1a: Polteageist|0 fnt\n|-start|p2a: Decidueye|Disable|Triple Arrows|[from] ability: Cursed Body|[of] p1a: Polteageist\n|faint|p1a: Polteageist\n|\n|-heal|p2a: Decidueye|112/295|[from] item: Leftovers\n|upkeep\n|\n|t:|1781442697\n|switch|p1a: Orthworm|Orthworm, L88, F|117/266\n|turn|31\n|\n|t:|1781442701\n|move|p1a: Orthworm|Body Press|p2a: Decidueye\n|-supereffective|p2a: Decidueye\n|-damage|p2a: Decidueye|0 fnt\n|faint|p2a: Decidueye\n|\n|-heal|p1a: Orthworm|133/266|[from] item: Leftovers\n|upkeep\n|\n|t:|1781442706\n|switch|p2a: Ting-Lu|Ting-Lu, L78|289/370\n|-damage|p2a: Ting-Lu|243/370|[from] Spikes\n|-ability|p2a: Ting-Lu|Vessel of Ruin\n|turn|32\n|\n|t:|1781442711\n|move|p1a: Orthworm|Body Press|p2a: Ting-Lu\n|-supereffective|p2a: Ting-Lu\n|-damage|p2a: Ting-Lu|95/370\n|move|p2a: Ting-Lu|Payback|p1a: Orthworm\n|-damage|p1a: Orthworm|69/266\n|\n|-heal|p1a: Orthworm|85/266|[from] item: Leftovers\n|-heal|p2a: Ting-Lu|118/370|[from] item: Leftovers\n|upkeep\n|turn|33\n|\n|t:|1781442716\n|move|p1a: Orthworm|Body Press|p2a: Ting-Lu\n|-supereffective|p2a: Ting-Lu\n|-damage|p2a: Ting-Lu|0 fnt\n|faint|p2a: Ting-Lu\n|\n|win|joebidenfan1245\n", "uploadtime": 1781442237, "views": 3, "formatid": "gen9randombattle", "rating": null, "private": 0, "password": null}