{"id": "gen9randombattle-2631981684", "format": "[Gen 9] Random Battle", "players": ["MasterSlash001", "lkj47"], "log": "|j|\u2606MasterSlash001\n|j|\u2606lkj47\n|t:|1781462467\n|gametype|singles\n|player|p1|MasterSlash001|volkner|2014\n|player|p2|lkj47|hilbert|1960\n|gen|9\n|tier|[Gen 9] Random Battle\n|rated|\n|rule|Species Clause: Limit one of each Pok\u00e9mon\n|rule|HP Percentage Mod: HP is shown in percentages\n|rule|Sleep Clause Mod: Limit one foe put to sleep\n|rule|Illusion Level Mod: Illusion disguises the Pok\u00e9mon's true level\n|\n|t:|1781462467\n|teamsize|p1|6\n|teamsize|p2|6\n|start\n|switch|p1a: Deoxys|Deoxys-Defense, L84|221/221\n|switch|p2a: Duraludon|Duraludon, L82, F|249/249\n|-ability|p1a: Deoxys|Pressure\n|turn|1\n|inactive|Battle timer is ON: inactive players will automatically lose when time's up. (requested by MasterSlash001)\n|\n|t:|1781462482\n|switch|p1a: Groudon|Groudon, L72|263/263\n|-weather|SunnyDay|[from] ability: Drought|[of] p1a: Groudon\n|move|p2a: Duraludon|Thunder Wave|p1a: Groudon\n|-immune|p1a: Groudon\n|\n|-weather|SunnyDay|[upkeep]\n|upkeep\n|turn|2\n|\n|t:|1781462492\n|move|p2a: Duraludon|Flash Cannon|p1a: Groudon\n|-damage|p1a: Groudon|154/263\n|move|p1a: Groudon|Precipice Blades|p2a: Duraludon\n|-supereffective|p2a: Duraludon\n|-crit|p2a: Duraludon\n|-damage|p2a: Duraludon|21/249\n|\n|-weather|SunnyDay|[upkeep]\n|-heal|p1a: Groudon|170/263|[from] item: Leftovers\n|upkeep\n|turn|3\n|\n|t:|1781462501\n|switch|p1a: Deoxys|Deoxys-Defense, L84|221/221\n|-ability|p1a: Deoxys|Pressure\n|move|p2a: Duraludon|Draco Meteor|p1a: Deoxys\n|-damage|p1a: Deoxys|119/221\n|-unboost|p2a: Duraludon|spa|2\n|\n|-weather|SunnyDay|[upkeep]\n|-heal|p1a: Deoxys|132/221|[from] item: Leftovers\n|upkeep\n|turn|4\n|\n|t:|1781462511\n|move|p1a: Deoxys|Night Shade|p2a: Duraludon\n|-damage|p2a: Duraludon|0 fnt\n|faint|p2a: Duraludon\n|\n|-weather|SunnyDay|[upkeep]\n|-heal|p1a: Deoxys|145/221|[from] item: Leftovers\n|upkeep\n|\n|t:|1781462531\n|switch|p2a: Dialga|Dialga-Origin, L73|266/266\n|-ability|p2a: Dialga|Pressure\n|turn|5\n|\n|t:|1781462546\n|move|p1a: Deoxys|Night Shade|p2a: Dialga\n|-damage|p2a: Dialga|182/266\n|move|p2a: Dialga|Stealth Rock|p1a: Deoxys\n|-sidestart|p1: MasterSlash001|move: Stealth Rock\n|\n|-weather|none\n|-heal|p1a: Deoxys|158/221|[from] item: Leftovers\n|upkeep\n|turn|6\n|\n|t:|1781462552\n|move|p1a: Deoxys|Night Shade|p2a: Dialga\n|-damage|p2a: Dialga|98/266\n|move|p2a: Dialga|Heavy Slam|p1a: Deoxys\n|-damage|p1a: Deoxys|91/221\n|\n|-heal|p1a: Deoxys|104/221|[from] item: Leftovers\n|upkeep\n|turn|7\n|\n|t:|1781462560\n|move|p1a: Deoxys|Night Shade|p2a: Dialga\n|-damage|p2a: Dialga|14/266\n|move|p2a: Dialga|Heavy Slam|p1a: Deoxys\n|-damage|p1a: Deoxys|31/221\n|\n|-heal|p1a: Deoxys|44/221|[from] item: Leftovers\n|upkeep\n|turn|8\n|\n|t:|1781462567\n|move|p1a: Deoxys|Night Shade|p2a: Dialga\n|-damage|p2a: Dialga|0 fnt\n|faint|p2a: Dialga\n|\n|-heal|p1a: Deoxys|57/221|[from] item: Leftovers\n|upkeep\n|\n|t:|1781462570\n|switch|p2a: Delphox|Delphox, L84, F|263/263\n|turn|9\n|\n|t:|1781462578\n|move|p2a: Delphox|Fire Blast|p1a: Deoxys\n|-damage|p1a: Deoxys|0 fnt\n|faint|p1a: Deoxys\n|\n|upkeep\n|\n|t:|1781462588\n|switch|p1a: Rampardos|Rampardos, L90, M|321/321\n|-damage|p1a: Rampardos|281/321|[from] Stealth Rock\n|turn|10\n|\n|t:|1781462594\n|move|p2a: Delphox|Fire Blast|p1a: Rampardos\n|-resisted|p1a: Rampardos\n|-damage|p1a: Rampardos|183/321\n|move|p1a: Rampardos|Rock Slide|p2a: Delphox\n|-supereffective|p2a: Delphox\n|-damage|p2a: Delphox|0 fnt\n|faint|p2a: Delphox\n|\n|upkeep\n|\n|t:|1781462598\n|switch|p2a: Palafin|Palafin, L77, M|281/281\n|turn|11\n|inactive|MasterSlash001 has 120 seconds left.\n|\n|t:|1781462639\n|switch|p1a: Qwilfish|Qwilfish, L86, M|252/252\n|-damage|p1a: Qwilfish|221/252|[from] Stealth Rock\n|-ability|p1a: Qwilfish|Intimidate|boost\n|-unboost|p2a: Palafin|atk|1\n|move|p2a: Palafin|Flip Turn|p1a: Qwilfish\n|-resisted|p1a: Qwilfish\n|-crit|p1a: Qwilfish\n|-damage|p1a: Qwilfish|178/252\n|\n|t:|1781462646\n|detailschange|p2a: Palafin|Palafin-Hero, L77, M\n|switch|p2a: Whiscash|Whiscash, L88, F|337/337|[from] Flip Turn\n|\n|-heal|p1a: Qwilfish|193/252|[from] item: Leftovers\n|upkeep\n|turn|12\n|inactive|MasterSlash001 has 120 seconds left.\n|\n|t:|1781462661\n|move|p1a: Qwilfish|Toxic Spikes|p2a: Whiscash\n|-sidestart|p2: lkj47|move: Toxic Spikes\n|move|p2a: Whiscash|Earthquake|p1a: Qwilfish\n|-supereffective|p1a: Qwilfish\n|-crit|p1a: Qwilfish\n|-damage|p1a: Qwilfish|0 fnt\n|faint|p1a: Qwilfish\n|\n|upkeep\n|\n|t:|1781462670\n|switch|p1a: Groudon|Groudon, L72|170/263\n|-damage|p1a: Groudon|154/263|[from] Stealth Rock\n|-weather|SunnyDay|[from] ability: Drought|[of] p1a: Groudon\n|turn|13\n|inactive|MasterSlash001 has 120 seconds left.\n|\n|t:|1781462676\n|move|p1a: Groudon|Will-O-Wisp|p2a: Whiscash\n|-status|p2a: Whiscash|brn\n|move|p2a: Whiscash|Ice Beam|p1a: Groudon\n|-supereffective|p1a: Groudon\n|-damage|p1a: Groudon|20/263\n|\n|-weather|SunnyDay|[upkeep]\n|-heal|p1a: Groudon|36/263|[from] item: Leftovers\n|-damage|p2a: Whiscash|316/337 brn|[from] brn\n|upkeep\n|turn|14\n|\n|t:|1781462685\n|move|p1a: Groudon|Precipice Blades|p2a: Whiscash\n|-damage|p2a: Whiscash|168/337 brn\n|move|p2a: Whiscash|Ice Beam|p1a: Groudon\n|-supereffective|p1a: Groudon\n|-damage|p1a: Groudon|0 fnt\n|faint|p1a: Groudon\n|\n|-weather|SunnyDay|[upkeep]\n|-heal|p2a: Whiscash|189/337 brn|[from] item: Leftovers\n|-damage|p2a: Whiscash|168/337 brn|[from] brn\n|upkeep\n|\n|t:|1781462695\n|switch|p1a: Rampardos|Rampardos, L90, M|183/321\n|-damage|p1a: Rampardos|143/321|[from] Stealth Rock\n|turn|15\n|\n|t:|1781462699\n|move|p2a: Whiscash|Hydro Pump|p1a: Rampardos\n|-supereffective|p1a: Rampardos\n|-damage|p1a: Rampardos|0 fnt\n|faint|p1a: Rampardos\n|\n|-weather|SunnyDay|[upkeep]\n|-heal|p2a: Whiscash|189/337 brn|[from] item: Leftovers\n|-damage|p2a: Whiscash|168/337 brn|[from] brn\n|upkeep\n|\n|t:|1781462707\n|switch|p1a: Terrakion|Terrakion, L79|273/273\n|-damage|p1a: Terrakion|256/273|[from] Stealth Rock\n|turn|16\n|\n|t:|1781462711\n|move|p1a: Terrakion|Close Combat|p2a: Whiscash\n|-damage|p2a: Whiscash|0 fnt\n|-unboost|p1a: Terrakion|def|1\n|-unboost|p1a: Terrakion|spd|1\n|faint|p2a: Whiscash\n|\n|-weather|SunnyDay|[upkeep]\n|upkeep\n|\n|t:|1781462716\n|switch|p2a: Palafin|Palafin-Hero, L77, M|281/281\n|-status|p2a: Palafin|psn\n|-activate|p2a: Palafin|ability: Zero to Hero\n|turn|17\n|\n|t:|1781462721\n|move|p1a: Terrakion|Close Combat|p2a: Palafin\n|-damage|p2a: Palafin|79/281 psn\n|-unboost|p1a: Terrakion|def|1\n|-unboost|p1a: Terrakion|spd|1\n|move|p2a: Palafin|Wave Crash|p1a: Terrakion\n|-supereffective|p1a: Terrakion\n|-damage|p1a: Terrakion|0 fnt\n|faint|p1a: Terrakion\n|-damage|p2a: Palafin|0 fnt|[from] Recoil\n|faint|p2a: Palafin\n|\n|-weather|none\n|upkeep\n|\n|t:|1781462732\n|switch|p1a: Mewtwo|Mewtwo, L72|272/272\n|switch|p2a: Cetitan|Cetitan, L82, F|412/412\n|-ability|p1a: Mewtwo|Unnerve\n|-damage|p1a: Mewtwo|238/272|[from] Stealth Rock\n|-status|p2a: Cetitan|psn\n|turn|18\n|\n|t:|1781462741\n|-terastallize|p1a: Mewtwo|Fighting\n|-terastallize|p2a: Cetitan|Ice\n|move|p1a: Mewtwo|Aura Sphere|p2a: Cetitan\n|-supereffective|p2a: Cetitan\n|-damage|p2a: Cetitan|53/412 psn\n|-damage|p1a: Mewtwo|211/272|[from] item: Life Orb\n|move|p2a: Cetitan|Belly Drum||[still]\n|-fail|p2a: Cetitan\n|\n|-damage|p2a: Cetitan|2/412 psn|[from] psn\n|upkeep\n|turn|19\n|-message|lkj47 forfeited.\n|\n|win|MasterSlash001\n", "uploadtime": 1781462469, "views": 4, "formatid": "gen9randombattle", "rating": null, "private": 0, "password": null}