{"id": "gen9randombattle-2631673133", "format": "[Gen 9] Random Battle", "players": ["tablebroth", "TRedden"], "log": "|j|\u2606tablebroth\n|j|\u2606TRedden\n|t:|1781419113\n|gametype|singles\n|player|p1|tablebroth|sage|1735\n|player|p2|TRedden|blue|1671\n|gen|9\n|tier|[Gen 9] Random Battle\n|rated|\n|rule|Species Clause: Limit one of each Pok\u00e9mon\n|rule|HP Percentage Mod: HP is shown in percentages\n|rule|Sleep Clause Mod: Limit one foe put to sleep\n|rule|Illusion Level Mod: Illusion disguises the Pok\u00e9mon's true level\n|\n|t:|1781419113\n|teamsize|p1|6\n|teamsize|p2|6\n|start\n|switch|p1a: Samurott|Samurott, L88, M|310/310\n|switch|p2a: Flamigo|Flamigo, L82, M|269/269\n|turn|1\n|inactive|Battle timer is ON: inactive players will automatically lose when time's up. (requested by tablebroth)\n|\n|t:|1781419122\n|move|p2a: Flamigo|Swords Dance|p2a: Flamigo\n|-boost|p2a: Flamigo|atk|2\n|move|p1a: Samurott|Liquidation|p2a: Flamigo\n|-damage|p2a: Flamigo|116/269\n|-damage|p1a: Samurott|279/310|[from] item: Life Orb\n|\n|upkeep\n|turn|2\n|\n|t:|1781419135\n|move|p2a: Flamigo|Close Combat|p1a: Samurott\n|-damage|p1a: Samurott|0 fnt\n|-unboost|p2a: Flamigo|def|1\n|-unboost|p2a: Flamigo|spd|1\n|faint|p1a: Samurott\n|-damage|p2a: Flamigo|90/269|[from] item: Life Orb\n|\n|upkeep\n|\n|t:|1781419151\n|switch|p1a: Cryogonal|Cryogonal, L89|287/287\n|turn|3\n|\n|t:|1781419162\n|switch|p2a: Reshiram|Reshiram, L76|277/277\n|-ability|p2a: Reshiram|Turboblaze\n|move|p1a: Cryogonal|Ice Beam|p2a: Reshiram\n|-damage|p2a: Reshiram|190/277\n|\n|upkeep\n|turn|4\n|\n|t:|1781419171\n|switch|p1a: Ho-Oh|Ho-Oh, L71|268/268\n|move|p2a: Reshiram|Blue Flare|p1a: Ho-Oh\n|-resisted|p1a: Ho-Oh\n|-damage|p1a: Ho-Oh|210/268\n|\n|upkeep\n|turn|5\n|\n|t:|1781419176\n|move|p1a: Ho-Oh|Earthquake|p2a: Reshiram\n|-supereffective|p2a: Reshiram\n|-crit|p2a: Reshiram\n|-damage|p2a: Reshiram|0 fnt\n|faint|p2a: Reshiram\n|\n|upkeep\n|\n|t:|1781419192\n|switch|p2a: Flamigo|Flamigo, L82, M|90/269\n|turn|6\n|inactive|tablebroth has 120 seconds left.\n|\n|t:|1781419238\n|move|p2a: Flamigo|Brave Bird|p1a: Ho-Oh\n|-damage|p1a: Ho-Oh|7/268\n|-damage|p2a: Flamigo|23/269|[from] Recoil\n|-damage|p2a: Flamigo|0 fnt|[from] item: Life Orb\n|faint|p2a: Flamigo\n|move|p1a: Ho-Oh|Sacred Fire|p2: Flamigo|[notarget]\n|-fail|p1a: Ho-Oh\n|\n|upkeep\n|\n|t:|1781419258\n|switch|p2a: Azelf|Azelf, L82|257/257\n|turn|7\n|\n|t:|1781419263\n|switch|p1a: Forretress|Forretress, L84, F|263/263\n|move|p2a: Azelf|Psychic|p1a: Forretress\n|-resisted|p1a: Forretress\n|-damage|p1a: Forretress|154/263\n|\n|-heal|p1a: Forretress|170/263|[from] item: Leftovers\n|upkeep\n|turn|8\n|\n|t:|1781419273\n|switch|p2a: Falinks|Falinks, L84|246/246\n|move|p1a: Forretress|Stealth Rock|p2a: Falinks\n|-sidestart|p2: TRedden|move: Stealth Rock\n|\n|-heal|p1a: Forretress|186/263|[from] item: Leftovers\n|upkeep\n|turn|9\n|\n|t:|1781419283\n|switch|p1a: Ho-Oh|Ho-Oh, L71|96/268\n|move|p2a: Falinks|No Retreat|p2a: Falinks\n|-boost|p2a: Falinks|atk|1\n|-boost|p2a: Falinks|def|1\n|-boost|p2a: Falinks|spa|1\n|-boost|p2a: Falinks|spd|1\n|-boost|p2a: Falinks|spe|1\n|-start|p2a: Falinks|move: No Retreat\n|\n|upkeep\n|turn|10\n|\n|t:|1781419286\n|-terastallize|p2a: Falinks|Dark\n|move|p2a: Falinks|Knock Off|p1a: Ho-Oh\n|-damage|p1a: Ho-Oh|0 fnt\n|-enditem|p1a: Ho-Oh|Heavy-Duty Boots|[from] move: Knock Off|[of] p2a: Falinks\n|faint|p1a: Ho-Oh\n|-damage|p2a: Falinks|222/246|[from] item: Life Orb\n|\n|upkeep\n|\n|t:|1781419293\n|switch|p1a: Blaziken|Blaziken, L76, F|247/247\n|turn|11\n|\n|t:|1781419298\n|move|p2a: Falinks|Close Combat|p1a: Blaziken\n|-damage|p1a: Blaziken|0 fnt\n|-unboost|p2a: Falinks|def|1\n|-unboost|p2a: Falinks|spd|1\n|faint|p1a: Blaziken\n|-damage|p2a: Falinks|198/246|[from] item: Life Orb\n|\n|upkeep\n|\n|t:|1781419319\n|switch|p1a: Vigoroth|Vigoroth, L85, M|275/275\n|turn|12\n|\n|t:|1781419323\n|-terastallize|p1a: Vigoroth|Ground\n|move|p2a: Falinks|Knock Off|p1a: Vigoroth\n|-damage|p1a: Vigoroth|141/275\n|-enditem|p1a: Vigoroth|Eviolite|[from] move: Knock Off|[of] p2a: Falinks\n|-damage|p2a: Falinks|174/246|[from] item: Life Orb\n|move|p1a: Vigoroth|Body Slam|p2a: Falinks\n|-damage|p2a: Falinks|98/246\n|\n|upkeep\n|turn|13\n|\n|t:|1781419331\n|move|p2a: Falinks|Close Combat|p1a: Vigoroth\n|-damage|p1a: Vigoroth|0 fnt\n|-unboost|p2a: Falinks|def|1\n|-unboost|p2a: Falinks|spd|1\n|faint|p1a: Vigoroth\n|-damage|p2a: Falinks|74/246|[from] item: Life Orb\n|\n|upkeep\n|\n|t:|1781419333\n|switch|p1a: Forretress|Forretress, L84, F|186/263\n|turn|14\n|\n|t:|1781419335\n|move|p2a: Falinks|Close Combat|p1a: Forretress\n|-damage|p1a: Forretress|25/263\n|-unboost|p2a: Falinks|def|1\n|-unboost|p2a: Falinks|spd|1\n|-damage|p2a: Falinks|50/246|[from] item: Life Orb\n|move|p1a: Forretress|Body Press|p2a: Falinks\n|-supereffective|p2a: Falinks\n|-damage|p2a: Falinks|0 fnt\n|faint|p2a: Falinks\n|\n|-heal|p1a: Forretress|41/263|[from] item: Leftovers\n|upkeep\n|\n|t:|1781419339\n|switch|p2a: Azelf|Azelf, L82|257/257\n|-damage|p2a: Azelf|225/257|[from] Stealth Rock\n|turn|15\n|\n|t:|1781419342\n|move|p2a: Azelf|Fire Blast|p1a: Forretress\n|-supereffective|p1a: Forretress\n|-damage|p1a: Forretress|0 fnt\n|faint|p1a: Forretress\n|\n|upkeep\n|\n|t:|1781419343\n|switch|p1a: Cryogonal|Cryogonal, L89|287/287\n|turn|16\n|\n|t:|1781419348\n|move|p1a: Cryogonal|Ice Beam|p2a: Azelf\n|-damage|p2a: Azelf|92/257\n|move|p2a: Azelf|Fire Blast|p1a: Cryogonal\n|-supereffective|p1a: Cryogonal\n|-damage|p1a: Cryogonal|97/287\n|\n|upkeep\n|turn|17\n|\n|t:|1781419354\n|move|p1a: Cryogonal|Recover|p1a: Cryogonal\n|-heal|p1a: Cryogonal|241/287\n|move|p2a: Azelf|Fire Blast|p1a: Cryogonal|[miss]\n|-miss|p2a: Azelf|p1a: Cryogonal\n|\n|upkeep\n|turn|18\n|\n|t:|1781419358\n|move|p1a: Cryogonal|Ice Beam|p2a: Azelf\n|-damage|p2a: Azelf|0 fnt\n|faint|p2a: Azelf\n|\n|upkeep\n|\n|t:|1781419362\n|switch|p2a: Haxorus|Haxorus, L77, F|244/244\n|-damage|p2a: Haxorus|214/244|[from] Stealth Rock\n|-ability|p2a: Haxorus|Mold Breaker\n|turn|19\n|\n|t:|1781419363\n|move|p1a: Cryogonal|Ice Beam|p2a: Haxorus\n|-supereffective|p2a: Haxorus\n|-damage|p2a: Haxorus|0 fnt\n|faint|p2a: Haxorus\n|\n|upkeep\n|\n|t:|1781419366\n|switch|p2a: Dondozo|Dondozo, L78, F|362/362\n|-damage|p2a: Dondozo|317/362|[from] Stealth Rock\n|turn|20\n|\n|t:|1781419371\n|move|p1a: Cryogonal|Tera Blast|p2a: Dondozo\n|-crit|p2a: Dondozo\n|-damage|p2a: Dondozo|198/362\n|move|p2a: Dondozo|Curse|p2a: Dondozo\n|-unboost|p2a: Dondozo|spe|1\n|-boost|p2a: Dondozo|atk|1\n|-boost|p2a: Dondozo|def|1\n|\n|-heal|p2a: Dondozo|220/362|[from] item: Leftovers\n|upkeep\n|turn|21\n|\n|t:|1781419375\n|move|p1a: Cryogonal|Tera Blast|p2a: Dondozo\n|-damage|p2a: Dondozo|129/362\n|move|p2a: Dondozo|Sleep Talk||[still]\n|-fail|p2a: Dondozo\n|\n|-heal|p2a: Dondozo|151/362|[from] item: Leftovers\n|upkeep\n|turn|22\n|\n|t:|1781419377\n|move|p1a: Cryogonal|Tera Blast|p2a: Dondozo\n|-damage|p2a: Dondozo|74/362\n|move|p2a: Dondozo|Rest|p2a: Dondozo\n|-status|p2a: Dondozo|slp|[from] move: Rest\n|-heal|p2a: Dondozo|362/362 slp|[silent]\n|\n|upkeep\n|turn|23\n|\n|t:|1781419379\n|move|p1a: Cryogonal|Tera Blast|p2a: Dondozo\n|-damage|p2a: Dondozo|282/362 slp\n|cant|p2a: Dondozo|slp\n|move|p2a: Dondozo|Sleep Talk|p2a: Dondozo\n|move|p2a: Dondozo|Wave Crash|p1a: Cryogonal|[from] move: Sleep Talk\n|-damage|p1a: Cryogonal|0 fnt\n|faint|p1a: Cryogonal\n|-damage|p2a: Dondozo|202/362 slp|[from] Recoil\n|\n|win|TRedden\n|raw|tablebroth's rating: 1735 &rarr; <strong>1711</strong><br />(-24 for losing)\n|raw|TRedden's rating: 1671 &rarr; <strong>1695</strong><br />(+24 for winning)\n|c|\u2606tablebroth|GG\n|l|\u2606tablebroth\n|player|p1|\n", "uploadtime": 1781419392, "views": 2, "formatid": "gen9randombattle", "rating": 1695, "private": 0, "password": null}