{"id": "gen9randombattle-2631960517", "format": "[Gen 9] Random Battle", "players": ["Tuabuelo06", "shhhdonttellmyboss"], "log": "|j|\u2606Tuabuelo06\n|j|\u2606shhhdonttellmyboss\n|t:|1781460153\n|gametype|singles\n|player|p1|Tuabuelo06|gentleman|1911\n|player|p2|shhhdonttellmyboss|101|1911\n|gen|9\n|tier|[Gen 9] Random Battle\n|rated|\n|rule|Species Clause: Limit one of each Pok\u00e9mon\n|rule|HP Percentage Mod: HP is shown in percentages\n|rule|Sleep Clause Mod: Limit one foe put to sleep\n|rule|Illusion Level Mod: Illusion disguises the Pok\u00e9mon's true level\n|\n|t:|1781460153\n|teamsize|p1|6\n|teamsize|p2|6\n|start\n|switch|p1a: Cetitan|Cetitan, L82, M|413/413\n|switch|p2a: Regirock|Regirock, L83|268/268\n|turn|1\n|inactive|Battle timer is ON: inactive players will automatically lose when time's up. (requested by shhhdonttellmyboss)\n|\n|t:|1781460183\n|switch|p1a: Conkeldurr|Conkeldurr, L80, F|299/299\n|move|p2a: Regirock|Thunder Wave|p1a: Conkeldurr\n|-status|p1a: Conkeldurr|par\n|\n|upkeep\n|turn|2\n|\n|t:|1781460191\n|switch|p2a: Gardevoir|Gardevoir, L83, F|249/249\n|-ability|p2a: Gardevoir|Guts|Trace|[from] ability: Trace|[of] p1a: Conkeldurr\n|move|p1a: Conkeldurr|Knock Off|p2a: Gardevoir\n|-damage|p2a: Gardevoir|97/249\n|-enditem|p2a: Gardevoir|Life Orb|[from] move: Knock Off|[of] p1a: Conkeldurr\n|\n|upkeep\n|turn|3\n|\n|t:|1781460208\n|switch|p1a: Mesprit|Mesprit, L85|275/275\n|move|p2a: Gardevoir|Moonblast|p1a: Mesprit\n|-crit|p1a: Mesprit\n|-damage|p1a: Mesprit|107/275\n|\n|upkeep\n|turn|4\n|inactive|shhhdonttellmyboss has 120 seconds left.\n|\n|t:|1781460239\n|switch|p2a: Lumineon|Lumineon, L93, F|279/279\n|move|p1a: Mesprit|Shadow Ball|p2a: Lumineon\n|-damage|p2a: Lumineon|200/279\n|\n|upkeep\n|turn|5\n|\n|t:|1781460257\n|move|p2a: Lumineon|Hydro Pump|p1a: Mesprit\n|-damage|p1a: Mesprit|17/275\n|move|p1a: Mesprit|Shadow Ball|p2a: Lumineon\n|-damage|p2a: Lumineon|110/279\n|-unboost|p2a: Lumineon|spd|1\n|\n|upkeep\n|turn|6\n|\n|t:|1781460272\n|move|p2a: Lumineon|U-turn|p1a: Mesprit\n|-supereffective|p1a: Mesprit\n|-damage|p1a: Mesprit|0 fnt\n|faint|p1a: Mesprit\n|\n|t:|1781460280\n|switch|p2a: Gardevoir|Gardevoir, L83, F|97/249|[from] U-turn\n|\n|upkeep\n|\n|t:|1781460291\n|switch|p1a: Dunsparce|Dunsparce, L86, F|312/312\n|-ability|p2a: Gardevoir|Serene Grace|Trace|[from] ability: Trace|[of] p1a: Dunsparce\n|turn|7\n|\n|t:|1781460299\n|move|p2a: Gardevoir|Focus Blast|p1a: Dunsparce|[miss]\n|-miss|p2a: Gardevoir|p1a: Dunsparce\n|move|p1a: Dunsparce|Body Slam|p2a: Gardevoir\n|-crit|p2a: Gardevoir\n|-damage|p2a: Gardevoir|0 fnt\n|faint|p2a: Gardevoir\n|\n|upkeep\n|\n|t:|1781460302\n|switch|p2a: Regirock|Regirock, L83|268/268\n|turn|8\n|\n|t:|1781460312\n|switch|p1a: Conkeldurr|Conkeldurr, L80, F|299/299 par\n|move|p2a: Regirock|Thunder Wave|p1a: Conkeldurr\n|-fail|p1a: Conkeldurr|par\n|\n|upkeep\n|turn|9\n|\n|t:|1781460318\n|move|p2a: Regirock|Stealth Rock|p1a: Conkeldurr\n|-sidestart|p1: Tuabuelo06|move: Stealth Rock\n|cant|p1a: Conkeldurr|par\n|\n|upkeep\n|turn|10\n|\n|t:|1781460324\n|switch|p2a: Decidueye|Decidueye, L88, M|281/281\n|cant|p1a: Conkeldurr|par\n|\n|upkeep\n|turn|11\n|\n|t:|1781460332\n|move|p2a: Decidueye|Leaf Storm|p1a: Conkeldurr\n|-damage|p1a: Conkeldurr|98/299 par\n|-unboost|p2a: Decidueye|spa|2\n|move|p1a: Conkeldurr|Knock Off|p2a: Decidueye\n|-supereffective|p2a: Decidueye\n|-damage|p2a: Decidueye|15/281\n|-enditem|p2a: Decidueye|Assault Vest|[from] move: Knock Off|[of] p1a: Conkeldurr\n|\n|upkeep\n|turn|12\n|\n|t:|1781460347\n|switch|p1a: Dunsparce|Dunsparce, L86, F|312/312\n|-damage|p1a: Dunsparce|273/312|[from] Stealth Rock\n|move|p2a: Decidueye|Leaf Storm|p1a: Dunsparce\n|-damage|p1a: Dunsparce|180/312\n|-unboost|p2a: Decidueye|spa|2\n|\n|upkeep\n|turn|13\n|\n|t:|1781460365\n|move|p2a: Decidueye|Knock Off|p1a: Dunsparce\n|-damage|p1a: Dunsparce|119/312\n|-enditem|p1a: Dunsparce|Eviolite|[from] move: Knock Off|[of] p2a: Decidueye\n|move|p1a: Dunsparce|Roost|p1a: Dunsparce\n|-heal|p1a: Dunsparce|275/312\n|-singleturn|p1a: Dunsparce|move: Roost\n|\n|upkeep\n|turn|14\n|\n|t:|1781460372\n|move|p2a: Decidueye|U-turn|p1a: Dunsparce\n|-damage|p1a: Dunsparce|203/312\n|\n|t:|1781460380\n|switch|p2a: Skarmory|Skarmory, L80, M|235/235|[from] U-turn\n|move|p1a: Dunsparce|Roost|p1a: Dunsparce\n|-heal|p1a: Dunsparce|312/312\n|-singleturn|p1a: Dunsparce|move: Roost\n|\n|upkeep\n|turn|15\n|\n|t:|1781460391\n|switch|p1a: Camerupt|Camerupt, L91, F|275/275\n|-damage|p1a: Camerupt|241/275|[from] Stealth Rock\n|move|p2a: Skarmory|Spikes|p1a: Camerupt\n|-sidestart|p1: Tuabuelo06|Spikes\n|\n|-heal|p1a: Camerupt|258/275|[from] item: Leftovers\n|upkeep\n|turn|16\n|\n|t:|1781460404\n|switch|p2a: Decidueye|Decidueye, L88, M|15/281\n|move|p1a: Camerupt|Earthquake|p2a: Decidueye\n|-resisted|p2a: Decidueye\n|-damage|p2a: Decidueye|0 fnt\n|faint|p2a: Decidueye\n|\n|-heal|p1a: Camerupt|275/275|[from] item: Leftovers\n|upkeep\n|\n|t:|1781460405\n|switch|p2a: Lumineon|Lumineon, L93, F|110/279\n|turn|17\n|\n|t:|1781460418\n|switch|p1a: Dunsparce|Dunsparce, L86, F|312/312\n|-damage|p1a: Dunsparce|273/312|[from] Stealth Rock\n|-damage|p1a: Dunsparce|234/312|[from] Spikes\n|move|p2a: Lumineon|Hydro Pump|p1a: Dunsparce\n|-damage|p1a: Dunsparce|92/312\n|\n|upkeep\n|turn|18\n|\n|t:|1781460427\n|move|p2a: Lumineon|Hydro Pump|p1a: Dunsparce\n|-damage|p1a: Dunsparce|0 fnt\n|faint|p1a: Dunsparce\n|\n|upkeep\n|\n|t:|1781460433\n|switch|p1a: Quagsire|Quagsire, L84, F|297/297\n|-damage|p1a: Quagsire|279/297|[from] Stealth Rock\n|-damage|p1a: Quagsire|242/297|[from] Spikes\n|turn|19\n|\n|t:|1781460456\n|move|p2a: Lumineon|Hydro Pump|p1a: Quagsire\n|-damage|p1a: Quagsire|104/297\n|move|p1a: Quagsire|Recover|p1a: Quagsire\n|-heal|p1a: Quagsire|253/297\n|\n|-heal|p1a: Quagsire|271/297|[from] item: Leftovers\n|upkeep\n|turn|20\n|\n|t:|1781460464\n|move|p2a: Lumineon|Encore|p1a: Quagsire\n|-start|p1a: Quagsire|Encore\n|move|p1a: Quagsire|Recover|p1a: Quagsire\n|-heal|p1a: Quagsire|297/297\n|\n|upkeep\n|turn|21\n|\n|t:|1781460471\n|switch|p2a: Iron Moth|Iron Moth, L78|253/253\n|switch|p1a: Conkeldurr|Conkeldurr, L80, F|98/299 par\n|-damage|p1a: Conkeldurr|80/299 par|[from] Stealth Rock\n|-damage|p1a: Conkeldurr|43/299 par|[from] Spikes\n|\n|upkeep\n|turn|22\n|\n|t:|1781460478\n|move|p2a: Iron Moth|Sludge Wave|p1a: Conkeldurr\n|-damage|p1a: Conkeldurr|0 fnt\n|faint|p1a: Conkeldurr\n|\n|upkeep\n|\n|t:|1781460482\n|switch|p1a: Camerupt|Camerupt, L91, F|275/275\n|-damage|p1a: Camerupt|241/275|[from] Stealth Rock\n|-damage|p1a: Camerupt|207/275|[from] Spikes\n|turn|23\n|\n|t:|1781460491\n|-end|p2a: Iron Moth|Quark Drive|[silent]\n|switch|p2a: Lumineon|Lumineon, L93, F|110/279\n|move|p1a: Camerupt|Earthquake|p2a: Lumineon\n|-damage|p2a: Lumineon|0 fnt\n|faint|p2a: Lumineon\n|\n|-heal|p1a: Camerupt|224/275|[from] item: Leftovers\n|upkeep\n|\n|t:|1781460496\n|switch|p2a: Regirock|Regirock, L83|268/268\n|turn|24\n|\n|t:|1781460501\n|move|p2a: Regirock|Body Press|p1a: Camerupt\n|-damage|p1a: Camerupt|104/275\n|move|p1a: Camerupt|Earthquake|p2a: Regirock\n|-supereffective|p2a: Regirock\n|-damage|p2a: Regirock|134/268\n|\n|-heal|p2a: Regirock|150/268|[from] item: Leftovers\n|-heal|p1a: Camerupt|121/275|[from] item: Leftovers\n|upkeep\n|turn|25\n|\n|t:|1781460514\n|switch|p1a: Quagsire|Quagsire, L84, F|297/297\n|-damage|p1a: Quagsire|279/297|[from] Stealth Rock\n|-damage|p1a: Quagsire|242/297|[from] Spikes\n|move|p2a: Regirock|Stone Edge|p1a: Quagsire\n|-resisted|p1a: Quagsire\n|-damage|p1a: Quagsire|185/297\n|\n|-heal|p2a: Regirock|166/268|[from] item: Leftovers\n|-heal|p1a: Quagsire|203/297|[from] item: Leftovers\n|upkeep\n|turn|26\n|\n|t:|1781460526\n|switch|p2a: Skarmory|Skarmory, L80, M|235/235\n|move|p1a: Quagsire|Spikes|p2a: Skarmory\n|-sidestart|p2: shhhdonttellmyboss|Spikes\n|\n|-heal|p1a: Quagsire|221/297|[from] item: Leftovers\n|upkeep\n|turn|27\n|\n|t:|1781460531\n|move|p2a: Skarmory|Spikes|p1a: Quagsire\n|-sidestart|p1: Tuabuelo06|Spikes\n|move|p1a: Quagsire|Spikes|p2a: Skarmory\n|-sidestart|p2: shhhdonttellmyboss|Spikes\n|\n|-heal|p1a: Quagsire|239/297|[from] item: Leftovers\n|upkeep\n|turn|28\n|\n|t:|1781460536\n|move|p2a: Skarmory|Spikes|p1a: Quagsire\n|-sidestart|p1: Tuabuelo06|Spikes\n|move|p1a: Quagsire|Spikes|p2a: Skarmory\n|-sidestart|p2: shhhdonttellmyboss|Spikes\n|\n|-heal|p1a: Quagsire|257/297|[from] item: Leftovers\n|upkeep\n|turn|29\n|\n|t:|1781460542\n|switch|p1a: Camerupt|Camerupt, L91, F|121/275\n|-damage|p1a: Camerupt|87/275|[from] Stealth Rock\n|-damage|p1a: Camerupt|19/275|[from] Spikes\n|move|p2a: Skarmory|Whirlwind|p1a: Camerupt\n|drag|p1a: Quagsire|Quagsire, L84, F|257/297\n|-damage|p1a: Quagsire|239/297|[from] Stealth Rock\n|-damage|p1a: Quagsire|165/297|[from] Spikes\n|\n|-heal|p1a: Quagsire|183/297|[from] item: Leftovers\n|upkeep\n|turn|30\n|\n|t:|1781460554\n|move|p1a: Quagsire|Recover|p1a: Quagsire\n|-heal|p1a: Quagsire|297/297\n|move|p2a: Skarmory|Whirlwind|p1a: Quagsire\n|drag|p1a: Cetitan|Cetitan, L82, M|413/413\n|-damage|p1a: Cetitan|310/413|[from] Stealth Rock\n|-damage|p1a: Cetitan|207/413|[from] Spikes\n|\n|upkeep\n|turn|31\n|\n|t:|1781460565\n|move|p1a: Cetitan|Icicle Crash|p2a: Skarmory\n|-crit|p2a: Skarmory\n|-damage|p2a: Skarmory|54/235\n|move|p2a: Skarmory|Whirlwind|p1a: Cetitan\n|drag|p1a: Camerupt|Camerupt, L91, F|19/275\n|-damage|p1a: Camerupt|0 fnt|[from] Stealth Rock\n|faint|p1a: Camerupt\n|\n|-heal|p2a: Skarmory|68/235|[from] item: Leftovers\n|upkeep\n|\n|t:|1781460573\n|switch|p1a: Cetitan|Cetitan, L82, M|207/413\n|-damage|p1a: Cetitan|104/413|[from] Stealth Rock\n|-damage|p1a: Cetitan|1/413|[from] Spikes\n|turn|32\n|\n|t:|1781460580\n|move|p1a: Cetitan|Icicle Crash|p2a: Skarmory\n|-damage|p2a: Skarmory|0 fnt\n|faint|p2a: Skarmory\n|\n|upkeep\n|\n|t:|1781460583\n|switch|p2a: Iron Moth|Iron Moth, L78|253/253\n|turn|33\n|\n|t:|1781460586\n|move|p2a: Iron Moth|Sludge Wave|p1a: Cetitan\n|-damage|p1a: Cetitan|0 fnt\n|faint|p1a: Cetitan\n|\n|upkeep\n|\n|t:|1781460590\n|switch|p1a: Quagsire|Quagsire, L84, F|297/297\n|-damage|p1a: Quagsire|279/297|[from] Stealth Rock\n|-damage|p1a: Quagsire|205/297|[from] Spikes\n|turn|34\n|\n|t:|1781460597\n|-terastallize|p2a: Iron Moth|Grass\n|move|p2a: Iron Moth|Energy Ball|p1a: Quagsire\n|-supereffective|p1a: Quagsire\n|-damage|p1a: Quagsire|0 fnt\n|faint|p1a: Quagsire\n|\n|win|shhhdonttellmyboss\n", "uploadtime": 1781460156, "views": 3, "formatid": "gen9randombattle", "rating": null, "private": 0, "password": null}