{"id": "gen9randombattle-2631911757", "format": "[Gen 9] Random Battle", "players": ["shifty1234", "popinatzsu"], "log": "|j|\u2606shifty1234\n|j|\u2606popinatzsu\n|t:|1781454814\n|gametype|singles\n|player|p1|shifty1234|n|1884\n|player|p2|popinatzsu|nessa|1965\n|gen|9\n|tier|[Gen 9] Random Battle\n|rated|\n|rule|Species Clause: Limit one of each Pok\u00e9mon\n|rule|HP Percentage Mod: HP is shown in percentages\n|rule|Sleep Clause Mod: Limit one foe put to sleep\n|rule|Illusion Level Mod: Illusion disguises the Pok\u00e9mon's true level\n|\n|t:|1781454814\n|teamsize|p1|6\n|teamsize|p2|6\n|start\n|switch|p1a: Cramorant|Cramorant, L86, M|261/261\n|switch|p2a: Indeedee|Indeedee-F, L90, F|272/272\n|-fieldstart|move: Psychic Terrain|[from] ability: Psychic Surge|[of] p2a: Indeedee\n|turn|1\n|inactive|Battle timer is ON: inactive players will automatically lose when time's up. (requested by popinatzsu)\n|inactive|popinatzsu has 120 seconds left.\n|\n|t:|1781454851\n|move|p2a: Indeedee|Psyshock|p1a: Cramorant\n|-damage|p1a: Cramorant|41/261\n|-damage|p2a: Indeedee|245/272|[from] item: Life Orb\n|move|p1a: Cramorant|Surf|p2a: Indeedee\n|-formechange|p1a: Cramorant|Cramorant-Gorging|\n|-damage|p2a: Indeedee|167/272\n|\n|upkeep\n|turn|2\n|\n|t:|1781454874\n|move|p2a: Indeedee|Hyper Voice|p1a: Cramorant\n|-damage|p1a: Cramorant|0 fnt\n|-damage|p2a: Indeedee|99/272|[from] ability: Gulp Missile|[of] p1a: Cramorant\n|-status|p2a: Indeedee|par\n|-formechange|p1a: Cramorant|Cramorant|\n|faint|p1a: Cramorant\n|-damage|p2a: Indeedee|72/272 par|[from] item: Life Orb\n|\n|upkeep\n|\n|t:|1781454880\n|switch|p1a: Morpeko|Morpeko, L88, M|245/245\n|turn|3\n|\n|t:|1781454888\n|move|p1a: Morpeko|Knock Off|p2a: Indeedee\n|-supereffective|p2a: Indeedee\n|-damage|p2a: Indeedee|0 fnt\n|-enditem|p2a: Indeedee|Life Orb|[from] move: Knock Off|[of] p1a: Morpeko\n|faint|p2a: Indeedee\n|\n|-formechange|p1a: Morpeko|Morpeko-Hangry||[from] ability: Hunger Switch\n|upkeep\n|\n|t:|1781454894\n|switch|p2a: Crabominable|Crabominable, L90, F|321/321\n|turn|4\n|\n|t:|1781454901\n|move|p1a: Morpeko|Protect|p1a: Morpeko\n|-singleturn|p1a: Morpeko|Protect\n|move|p2a: Crabominable|Ice Hammer|p1a: Morpeko\n|-activate|p1a: Morpeko|move: Protect\n|\n|-formechange|p1a: Morpeko|Morpeko||[from] ability: Hunger Switch\n|upkeep\n|turn|5\n|\n|t:|1781454907\n|switch|p1a: Floatzel|Floatzel, L86, M|286/286\n|move|p2a: Crabominable|Ice Hammer|p1a: Floatzel\n|-resisted|p1a: Floatzel\n|-damage|p1a: Floatzel|86/286\n|-unboost|p2a: Crabominable|spe|1\n|\n|-fieldend|move: Psychic Terrain\n|upkeep\n|turn|6\n|c|\u2606popinatzsu|holy\n|\n|t:|1781454922\n|move|p1a: Floatzel|Wave Crash|p2a: Crabominable\n|-damage|p2a: Crabominable|99/321\n|-damage|p1a: Floatzel|13/286|[from] Recoil\n|move|p2a: Crabominable|Ice Hammer|p1a: Floatzel\n|-resisted|p1a: Floatzel\n|-damage|p1a: Floatzel|0 fnt\n|-unboost|p2a: Crabominable|spe|1\n|faint|p1a: Floatzel\n|\n|upkeep\n|\n|t:|1781454928\n|switch|p1a: Morpeko|Morpeko, L88, M|245/245\n|turn|7\n|\n|t:|1781454939\n|switch|p2a: Pecharunt|Pecharunt, L77|262/262\n|move|p1a: Morpeko|Aura Wheel|p2a: Pecharunt\n|-damage|p2a: Pecharunt|174/262\n|-boost|p1a: Morpeko|spe|1\n|\n|-formechange|p1a: Morpeko|Morpeko-Hangry||[from] ability: Hunger Switch\n|upkeep\n|turn|8\n|\n|t:|1781454949\n|move|p1a: Morpeko|Aura Wheel|p2a: Pecharunt\n|-supereffective|p2a: Pecharunt\n|-damage|p2a: Pecharunt|4/262\n|-boost|p1a: Morpeko|spe|1\n|move|p2a: Pecharunt|Recover|p2a: Pecharunt\n|-heal|p2a: Pecharunt|135/262\n|\n|-formechange|p1a: Morpeko|Morpeko||[from] ability: Hunger Switch\n|upkeep\n|turn|9\n|\n|t:|1781454958\n|switch|p2a: Crabominable|Crabominable, L90, F|99/321\n|move|p1a: Morpeko|Knock Off|p2a: Crabominable\n|-resisted|p2a: Crabominable\n|-damage|p2a: Crabominable|44/321\n|-enditem|p2a: Crabominable|Choice Band|[from] move: Knock Off|[of] p1a: Morpeko\n|\n|-formechange|p1a: Morpeko|Morpeko-Hangry||[from] ability: Hunger Switch\n|upkeep\n|turn|10\n|\n|t:|1781454964\n|move|p1a: Morpeko|Aura Wheel|p2a: Crabominable\n|-resisted|p2a: Crabominable\n|-damage|p2a: Crabominable|0 fnt\n|-boost|p1a: Morpeko|spe|1\n|faint|p2a: Crabominable\n|\n|-formechange|p1a: Morpeko|Morpeko||[from] ability: Hunger Switch\n|upkeep\n|\n|t:|1781454967\n|switch|p2a: Arcanine|Arcanine-Hisui, L79, F|280/280\n|turn|11\n|\n|t:|1781454973\n|move|p1a: Morpeko|Protect|p1a: Morpeko\n|-singleturn|p1a: Morpeko|Protect\n|move|p2a: Arcanine|Head Smash|p1a: Morpeko\n|-activate|p1a: Morpeko|move: Protect\n|\n|-formechange|p1a: Morpeko|Morpeko-Hangry||[from] ability: Hunger Switch\n|upkeep\n|turn|12\n|\n|t:|1781454981\n|move|p1a: Morpeko|Aura Wheel|p2a: Arcanine\n|-damage|p2a: Arcanine|129/280\n|-boost|p1a: Morpeko|spe|1\n|move|p2a: Arcanine|Head Smash|p1a: Morpeko\n|-damage|p1a: Morpeko|40/245\n|\n|-heal|p1a: Morpeko|55/245|[from] item: Leftovers\n|-formechange|p1a: Morpeko|Morpeko||[from] ability: Hunger Switch\n|upkeep\n|turn|13\n|\n|t:|1781454991\n|move|p1a: Morpeko|Aura Wheel|p2a: Arcanine\n|-damage|p2a: Arcanine|0 fnt\n|-boost|p1a: Morpeko|spe|1\n|faint|p2a: Arcanine\n|\n|-heal|p1a: Morpeko|70/245|[from] item: Leftovers\n|-formechange|p1a: Morpeko|Morpeko-Hangry||[from] ability: Hunger Switch\n|upkeep\n|\n|t:|1781454997\n|switch|p2a: Uxie|Uxie, L83|260/260\n|turn|14\n|\n|t:|1781455011\n|move|p1a: Morpeko|Knock Off|p2a: Uxie\n|-supereffective|p2a: Uxie\n|-damage|p2a: Uxie|80/260\n|-enditem|p2a: Uxie|Leftovers|[from] move: Knock Off|[of] p1a: Morpeko\n|move|p2a: Uxie|Yawn|p1a: Morpeko\n|-start|p1a: Morpeko|move: Yawn|[of] p2a: Uxie\n|\n|-heal|p1a: Morpeko|85/245|[from] item: Leftovers\n|-formechange|p1a: Morpeko|Morpeko||[from] ability: Hunger Switch\n|upkeep\n|turn|15\n|\n|t:|1781455022\n|switch|p1a: Dudunsparce|Dudunsparce-Three-Segment, L83, M|343/343\n|move|p2a: Uxie|Stealth Rock|p1a: Dudunsparce\n|-sidestart|p1: shifty1234|move: Stealth Rock\n|\n|upkeep\n|turn|16\n|\n|t:|1781455027\n|move|p2a: Uxie|Psychic Noise|p1a: Dudunsparce\n|-damage|p1a: Dudunsparce|271/343\n|-start|p1a: Dudunsparce|move: Heal Block\n|move|p1a: Dudunsparce|Calm Mind|p1a: Dudunsparce\n|-boost|p1a: Dudunsparce|spa|1\n|-boost|p1a: Dudunsparce|spd|1\n|\n|upkeep\n|turn|17\n|\n|t:|1781455031\n|move|p2a: Uxie|Encore|p1a: Dudunsparce\n|-start|p1a: Dudunsparce|Encore\n|move|p1a: Dudunsparce|Calm Mind|p1a: Dudunsparce\n|-boost|p1a: Dudunsparce|spa|1\n|-boost|p1a: Dudunsparce|spd|1\n|\n|-end|p1a: Dudunsparce|move: Heal Block\n|upkeep\n|turn|18\n|\n|t:|1781455035\n|switch|p2a: Samurott|Samurott-Hisui, L77, M|265/265\n|switch|p1a: Rotom|Rotom, L88|231/231\n|-damage|p1a: Rotom|203/231|[from] Stealth Rock\n|\n|upkeep\n|turn|19\n|\n|t:|1781455040\n|-terastallize|p2a: Samurott|Dark\n|move|p1a: Rotom|Will-O-Wisp|p2a: Samurott\n|-status|p2a: Samurott|brn\n|move|p2a: Samurott|Ceaseless Edge|p1a: Rotom\n|-supereffective|p1a: Rotom\n|-damage|p1a: Rotom|0 fnt\n|-sidestart|p1: shifty1234|Spikes\n|faint|p1a: Rotom\n|\n|-damage|p2a: Samurott|249/265 brn|[from] brn\n|upkeep\n|\n|t:|1781455057\n|switch|p1a: Dudunsparce|Dudunsparce-Three-Segment, L83, M|271/343\n|-damage|p1a: Dudunsparce|229/343|[from] Stealth Rock\n|-damage|p1a: Dudunsparce|187/343|[from] Spikes\n|turn|20\n|\n|t:|1781455063\n|switch|p2a: Uxie|Uxie, L83|80/260\n|move|p1a: Dudunsparce|Roost|p1a: Dudunsparce\n|-heal|p1a: Dudunsparce|343/343\n|-singleturn|p1a: Dudunsparce|move: Roost\n|\n|upkeep\n|turn|21\n|\n|t:|1781455069\n|switch|p1a: Morpeko|Morpeko, L88, M|85/245\n|-damage|p1a: Morpeko|55/245|[from] Stealth Rock\n|-damage|p1a: Morpeko|25/245|[from] Spikes\n|move|p2a: Uxie|Yawn|p1a: Morpeko\n|-start|p1a: Morpeko|move: Yawn|[of] p2a: Uxie\n|\n|-heal|p1a: Morpeko|40/245|[from] item: Leftovers\n|-formechange|p1a: Morpeko|Morpeko-Hangry||[from] ability: Hunger Switch\n|upkeep\n|turn|22\n|\n|t:|1781455076\n|switch|p2a: Samurott|Samurott-Hisui, L77, M, tera:Dark|249/265 brn\n|move|p1a: Morpeko|Rapid Spin|p2a: Samurott\n|-damage|p2a: Samurott|201/265 brn\n|-boost|p1a: Morpeko|spe|1\n|-sideend|p1: shifty1234|Spikes|[from] move: Rapid Spin|[of] p1a: Morpeko\n|-sideend|p1: shifty1234|Stealth Rock|[from] move: Rapid Spin|[of] p1a: Morpeko\n|\n|-heal|p1a: Morpeko|55/245|[from] item: Leftovers\n|-damage|p2a: Samurott|185/265 brn|[from] brn\n|-end|p1a: Morpeko|move: Yawn|[silent]\n|-status|p1a: Morpeko|slp\n|-formechange|p1a: Morpeko|Morpeko||[from] ability: Hunger Switch\n|upkeep\n|turn|23\n|\n|t:|1781455082\n|switch|p1a: Dudunsparce|Dudunsparce-Three-Segment, L83, M|343/343\n|move|p2a: Samurott|Ceaseless Edge|p1a: Dudunsparce\n|-damage|p1a: Dudunsparce|250/343\n|-ability|p1a: Dudunsparce|Rattled|boost\n|-boost|p1a: Dudunsparce|spe|1\n|-sidestart|p1: shifty1234|Spikes\n|\n|-heal|p1a: Dudunsparce|271/343|[from] item: Leftovers\n|-damage|p2a: Samurott|169/265 brn|[from] brn\n|upkeep\n|turn|24\n|\n|t:|1781455091\n|switch|p2a: Uxie|Uxie, L83|80/260\n|move|p1a: Dudunsparce|Calm Mind|p1a: Dudunsparce\n|-boost|p1a: Dudunsparce|spa|1\n|-boost|p1a: Dudunsparce|spd|1\n|\n|-heal|p1a: Dudunsparce|292/343|[from] item: Leftovers\n|upkeep\n|turn|25\n|\n|t:|1781455100\n|move|p1a: Dudunsparce|Boomburst|p2a: Uxie\n|-damage|p2a: Uxie|0 fnt\n|faint|p2a: Uxie\n|\n|-heal|p1a: Dudunsparce|313/343|[from] item: Leftovers\n|upkeep\n|-message|popinatzsu forfeited.\n|\n|win|shifty1234\n|raw|shifty1234's rating: 1884 &rarr; <strong>1909</strong><br />(+25 for winning)\n|raw|popinatzsu's rating: 1965 &rarr; <strong>1940</strong><br />(-25 for losing)\n", "uploadtime": 1781455106, "views": 2, "formatid": "gen9randombattle", "rating": 1909, "private": 0, "password": null}