{"id": "gen9randombattle-2631416518", "format": "[Gen 9] Random Battle", "players": ["thegoldengoomy", "THSupernova"], "log": "|j|\u2606thegoldengoomy\n|j|\u2606THSupernova\n|t:|1781382044\n|gametype|singles\n|player|p1|thegoldengoomy|2|2230\n|player|p2|THSupernova|bellelba|2155\n|gen|9\n|tier|[Gen 9] Random Battle\n|rated|\n|rule|Species Clause: Limit one of each Pok\u00e9mon\n|rule|HP Percentage Mod: HP is shown in percentages\n|rule|Sleep Clause Mod: Limit one foe put to sleep\n|rule|Illusion Level Mod: Illusion disguises the Pok\u00e9mon's true level\n|\n|t:|1781382044\n|teamsize|p1|6\n|teamsize|p2|6\n|start\n|switch|p1a: Roaring Moon|Roaring Moon, L72|270/270\n|switch|p2a: Gumshoos|Gumshoos, L95, M|321/321\n|turn|1\n|\n|t:|1781382067\n|move|p1a: Roaring Moon|Knock Off|p2a: Gumshoos\n|-damage|p2a: Gumshoos|198/321\n|-enditem|p2a: Gumshoos|Choice Band|[from] move: Knock Off|[of] p1a: Roaring Moon\n|move|p2a: Gumshoos|U-turn|p1a: Roaring Moon\n|-supereffective|p1a: Roaring Moon\n|-damage|p1a: Roaring Moon|68/270\n|\n|t:|1781382072\n|switch|p2a: Breloom|Breloom, L83, F|235/235|[from] U-turn\n|\n|upkeep\n|turn|2\n|\n|t:|1781382078\n|-end|p1a: Roaring Moon|Protosynthesis|[silent]\n|switch|p1a: Mimikyu|Mimikyu, L79, M|216/216\n|move|p2a: Breloom|Mach Punch|p1a: Mimikyu\n|-immune|p1a: Mimikyu\n|\n|upkeep\n|turn|3\n|\n|t:|1781382085\n|switch|p2a: Gliscor|Gliscor, L76, M|239/239\n|move|p1a: Mimikyu|Play Rough|p2a: Gliscor\n|-damage|p2a: Gliscor|156/239\n|-damage|p1a: Mimikyu|195/216|[from] item: Life Orb\n|\n|-status|p2a: Gliscor|tox|[from] item: Toxic Orb\n|upkeep\n|turn|4\n|\n|t:|1781382101\n|switch|p1a: Roaring Moon|Roaring Moon, L72|68/270\n|move|p2a: Gliscor|Toxic|p1a: Roaring Moon|[miss]\n|-miss|p2a: Gliscor|p1a: Roaring Moon\n|\n|-heal|p2a: Gliscor|185/239 tox|[from] ability: Poison Heal\n|upkeep\n|turn|5\n|\n|t:|1781382110\n|move|p1a: Roaring Moon|Outrage|p2a: Gliscor\n|-damage|p2a: Gliscor|80/239 tox\n|move|p2a: Gliscor|Earthquake|p1a: Roaring Moon\n|-damage|p1a: Roaring Moon|0 fnt\n|faint|p1a: Roaring Moon\n|-end|p1a: Roaring Moon|Protosynthesis|[silent]\n|\n|-heal|p2a: Gliscor|109/239 tox|[from] ability: Poison Heal\n|upkeep\n|\n|t:|1781382114\n|switch|p1a: Houndoom|Houndoom, L87, M|272/272\n|turn|6\n|\n|t:|1781382121\n|switch|p2a: Samurott|Samurott, L88, M|310/310\n|move|p1a: Houndoom|Fire Blast|p2a: Samurott\n|-resisted|p2a: Samurott\n|-damage|p2a: Samurott|226/310\n|\n|upkeep\n|turn|7\n|inactive|Battle timer is ON: inactive players will automatically lose when time's up. (requested by THSupernova)\n|\n|t:|1781382136\n|switch|p1a: Mewtwo|Mewtwo, L72|272/272\n|-ability|p1a: Mewtwo|Pressure\n|move|p2a: Samurott|Liquidation|p1a: Mewtwo\n|-damage|p1a: Mewtwo|108/272\n|-damage|p2a: Samurott|195/310|[from] item: Life Orb\n|\n|upkeep\n|turn|8\n|\n|t:|1781382144\n|move|p1a: Mewtwo|Psystrike|p2a: Samurott\n|-damage|p2a: Samurott|55/310\n|-damage|p1a: Mewtwo|81/272|[from] item: Life Orb\n|move|p2a: Samurott|Knock Off|p1a: Mewtwo\n|-supereffective|p1a: Mewtwo\n|-damage|p1a: Mewtwo|0 fnt\n|-enditem|p1a: Mewtwo|Life Orb|[from] move: Knock Off|[of] p2a: Samurott\n|faint|p1a: Mewtwo\n|-damage|p2a: Samurott|24/310|[from] item: Life Orb\n|\n|upkeep\n|\n|t:|1781382148\n|switch|p1a: Mimikyu|Mimikyu, L79, M|195/216\n|turn|9\n|\n|t:|1781382159\n|move|p1a: Mimikyu|Shadow Sneak|p2a: Samurott\n|-damage|p2a: Samurott|0 fnt\n|faint|p2a: Samurott\n|-damage|p1a: Mimikyu|174/216|[from] item: Life Orb\n|\n|upkeep\n|\n|t:|1781382162\n|switch|p2a: Gliscor|Gliscor, L76, M|109/239 tox\n|turn|10\n|\n|t:|1781382169\n|switch|p1a: Bastiodon|Bastiodon, L89, M|252/252\n|move|p2a: Gliscor|Toxic|p1a: Bastiodon\n|-immune|p1a: Bastiodon\n|\n|-heal|p2a: Gliscor|138/239 tox|[from] ability: Poison Heal\n|upkeep\n|turn|11\n|\n|t:|1781382173\n|switch|p1a: Charizard|Charizard, L85, F|271/271\n|move|p2a: Gliscor|Knock Off|p1a: Charizard\n|-damage|p1a: Charizard|214/271\n|-enditem|p1a: Charizard|Heavy-Duty Boots|[from] move: Knock Off|[of] p2a: Gliscor\n|\n|-heal|p2a: Gliscor|167/239 tox|[from] ability: Poison Heal\n|upkeep\n|turn|12\n|\n|t:|1781382179\n|move|p2a: Gliscor|Protect|p2a: Gliscor\n|-singleturn|p2a: Gliscor|Protect\n|move|p1a: Charizard|Swords Dance|p1a: Charizard\n|-boost|p1a: Charizard|atk|2\n|\n|-heal|p2a: Gliscor|196/239 tox|[from] ability: Poison Heal\n|upkeep\n|turn|13\n|\n|t:|1781382184\n|move|p1a: Charizard|Flare Blitz|p2a: Gliscor\n|-damage|p2a: Gliscor|9/239 tox\n|-damage|p1a: Charizard|152/271|[from] Recoil\n|move|p2a: Gliscor|Toxic|p1a: Charizard\n|-status|p1a: Charizard|tox\n|\n|-damage|p1a: Charizard|136/271 tox|[from] psn\n|-heal|p2a: Gliscor|38/239 tox|[from] ability: Poison Heal\n|upkeep\n|turn|14\n|\n|t:|1781382194\n|switch|p2a: Gumshoos|Gumshoos, L95, M|198/321\n|move|p1a: Charizard|Flare Blitz|p2a: Gumshoos\n|-damage|p2a: Gumshoos|0 fnt\n|faint|p2a: Gumshoos\n|-damage|p1a: Charizard|71/271 tox|[from] Recoil\n|\n|-damage|p1a: Charizard|39/271 tox|[from] psn\n|upkeep\n|\n|t:|1781382198\n|switch|p2a: Breloom|Breloom, L83, F|235/235\n|turn|15\n|\n|t:|1781382200\n|move|p2a: Breloom|Mach Punch|p1a: Charizard\n|-resisted|p1a: Charizard\n|-damage|p1a: Charizard|0 fnt\n|faint|p1a: Charizard\n|-damage|p2a: Breloom|212/235|[from] item: Life Orb\n|\n|upkeep\n|\n|t:|1781382206\n|switch|p1a: Mimikyu|Mimikyu, L79, M|174/216\n|turn|16\n|\n|t:|1781382210\n|switch|p2a: Archaludon|Archaludon, L78, M|268/268\n|move|p1a: Mimikyu|Play Rough|p2a: Archaludon\n|-damage|p2a: Archaludon|186/268\n|-ability|p2a: Archaludon|Stamina|boost\n|-boost|p2a: Archaludon|def|1\n|-damage|p1a: Mimikyu|153/216|[from] item: Life Orb\n|\n|upkeep\n|turn|17\n|\n|t:|1781382219\n|switch|p1a: Houndoom|Houndoom, L87, M|272/272\n|move|p2a: Archaludon|Iron Head|p1a: Houndoom\n|-resisted|p1a: Houndoom\n|-damage|p1a: Houndoom|218/272\n|\n|upkeep\n|turn|18\n|\n|t:|1781382225\n|switch|p2a: Gliscor|Gliscor, L76, M|38/239 tox\n|move|p1a: Houndoom|Fire Blast|p2a: Gliscor|[miss]\n|-miss|p1a: Houndoom|p2a: Gliscor\n|\n|-heal|p2a: Gliscor|67/239 tox|[from] ability: Poison Heal\n|upkeep\n|turn|19\n|\n|t:|1781382229\n|move|p2a: Gliscor|Protect|p2a: Gliscor\n|-singleturn|p2a: Gliscor|Protect\n|move|p1a: Houndoom|Dark Pulse|p2a: Gliscor\n|-activate|p2a: Gliscor|move: Protect\n|\n|-heal|p2a: Gliscor|96/239 tox|[from] ability: Poison Heal\n|upkeep\n|turn|20\n|\n|t:|1781382233\n|move|p1a: Houndoom|Dark Pulse|p2a: Gliscor\n|-damage|p2a: Gliscor|0 fnt\n|faint|p2a: Gliscor\n|\n|upkeep\n|\n|t:|1781382235\n|switch|p2a: Breloom|Breloom, L83, F|212/235\n|turn|21\n|\n|t:|1781382239\n|-terastallize|p1a: Houndoom|Fire\n|move|p1a: Houndoom|Fire Blast|p2a: Breloom\n|-supereffective|p2a: Breloom\n|-damage|p2a: Breloom|0 fnt\n|faint|p2a: Breloom\n|\n|upkeep\n|\n|t:|1781382242\n|switch|p2a: Gouging Fire|Gouging Fire, L74|277/277\n|turn|22\n|\n|t:|1781382250\n|move|p1a: Houndoom|Sludge Bomb|p2a: Gouging Fire\n|-damage|p2a: Gouging Fire|195/277\n|move|p2a: Gouging Fire|Dragon Dance|p2a: Gouging Fire\n|-boost|p2a: Gouging Fire|atk|1\n|-boost|p2a: Gouging Fire|spe|1\n|\n|upkeep\n|turn|23\n|\n|t:|1781382253\n|move|p2a: Gouging Fire|Earthquake|p1a: Houndoom\n|-supereffective|p1a: Houndoom\n|-damage|p1a: Houndoom|0 fnt\n|faint|p1a: Houndoom\n|\n|upkeep\n|\n|t:|1781382258\n|switch|p1a: Mimikyu|Mimikyu, L79, M|153/216\n|turn|24\n|\n|t:|1781382261\n|move|p2a: Gouging Fire|Heat Crash|p1a: Mimikyu\n|-activate|p1a: Mimikyu|ability: Disguise\n|-damage|p1a: Mimikyu|153/216\n|detailschange|p1a: Mimikyu|Mimikyu-Busted, L79, M\n|-damage|p1a: Mimikyu|126/216|[from] pokemon: Mimikyu-Busted\n|move|p1a: Mimikyu|Play Rough|p2a: Gouging Fire\n|-damage|p2a: Gouging Fire|104/277\n|-damage|p1a: Mimikyu|105/216|[from] item: Life Orb\n|\n|upkeep\n|turn|25\n|\n|t:|1781382271\n|move|p1a: Mimikyu|Shadow Sneak|p2a: Gouging Fire\n|-damage|p2a: Gouging Fire|61/277\n|-damage|p1a: Mimikyu|84/216|[from] item: Life Orb\n|move|p2a: Gouging Fire|Heat Crash|p1a: Mimikyu\n|-damage|p1a: Mimikyu|0 fnt\n|faint|p1a: Mimikyu\n|\n|upkeep\n|inactive|thegoldengoomy has 120 seconds left.\n|inactive|thegoldengoomy has 90 seconds left.\n|inactive|thegoldengoomy has 60 seconds left.\n|c|\u2606THSupernova|Hard choice I get it\n|inactive|thegoldengoomy has 30 seconds left.\n|inactive|thegoldengoomy has 20 seconds left.\n|inactive|thegoldengoomy has 15 seconds left.\n|inactive|thegoldengoomy has 10 seconds left.\n|inactive|thegoldengoomy has 5 seconds left.\n|-message|thegoldengoomy lost due to inactivity.\n|\n|win|THSupernova\n", "uploadtime": 1781382045, "views": 8, "formatid": "gen9randombattle", "rating": null, "private": 0, "password": null}