{"id": "gen9randombattle-2631947893", "format": "[Gen 9] Random Battle", "players": ["hello779", "eyy can you don't"], "log": "|j|\u2606hello779\n|j|\u2606eyy can you don't\n|t:|1781458798\n|gametype|singles\n|player|p1|hello779|170|1998\n|player|p2|eyy can you don't|backpacker|2046\n|gen|9\n|tier|[Gen 9] Random Battle\n|rated|\n|rule|Species Clause: Limit one of each Pok\u00e9mon\n|rule|HP Percentage Mod: HP is shown in percentages\n|rule|Sleep Clause Mod: Limit one foe put to sleep\n|rule|Illusion Level Mod: Illusion disguises the Pok\u00e9mon's true level\n|\n|t:|1781458798\n|teamsize|p1|6\n|teamsize|p2|6\n|start\n|switch|p1a: Mightyena|Mightyena, L96, F|290/290\n|switch|p2a: Morpeko|Morpeko, L88, F|245/245\n|-ability|p1a: Mightyena|Intimidate|boost\n|-unboost|p2a: Morpeko|atk|1\n|turn|1\n|inactive|Battle timer is ON: inactive players will automatically lose when time's up. (requested by hello779)\n|\n|t:|1781458805\n|move|p2a: Morpeko|Protect|p2a: Morpeko\n|-singleturn|p2a: Morpeko|Protect\n|move|p1a: Mightyena|Poison Fang|p2a: Morpeko\n|-activate|p2a: Morpeko|move: Protect\n|\n|-formechange|p2a: Morpeko|Morpeko-Hangry||[from] ability: Hunger Switch\n|upkeep\n|turn|2\n|\n|t:|1781458817\n|switch|p2a: Hydreigon|Hydreigon, L79, M|275/275\n|move|p1a: Mightyena|Poison Fang|p2a: Hydreigon\n|-damage|p2a: Hydreigon|228/275\n|\n|upkeep\n|turn|3\n|\n|t:|1781458844\n|move|p2a: Hydreigon|U-turn|p1a: Mightyena\n|-supereffective|p1a: Mightyena\n|-damage|p1a: Mightyena|186/290\n|\n|t:|1781458850\n|switch|p2a: Vigoroth|Vigoroth, L85, F|275/275|[from] U-turn\n|move|p1a: Mightyena|Poison Fang|p2a: Vigoroth\n|-damage|p2a: Vigoroth|244/275\n|\n|-heal|p1a: Mightyena|204/290|[from] item: Leftovers\n|upkeep\n|turn|4\n|\n|t:|1781458862\n|move|p2a: Vigoroth|Bulk Up|p2a: Vigoroth\n|-boost|p2a: Vigoroth|atk|1\n|-boost|p2a: Vigoroth|def|1\n|move|p1a: Mightyena|Poison Fang|p2a: Vigoroth\n|-damage|p2a: Vigoroth|224/275\n|\n|-heal|p1a: Mightyena|222/290|[from] item: Leftovers\n|upkeep\n|turn|5\n|\n|t:|1781458876\n|move|p2a: Vigoroth|Body Slam|p1a: Mightyena\n|-damage|p1a: Mightyena|89/290\n|-status|p1a: Mightyena|par\n|move|p1a: Mightyena|Poison Fang|p2a: Vigoroth\n|-damage|p2a: Vigoroth|203/275\n|\n|-heal|p1a: Mightyena|107/290 par|[from] item: Leftovers\n|upkeep\n|turn|6\n|c|\u2606hello779|Wtf\n|\n|t:|1781458890\n|switch|p1a: Rotom|Rotom, L88|231/231\n|move|p2a: Vigoroth|Body Slam|p1a: Rotom\n|-immune|p1a: Rotom\n|\n|upkeep\n|turn|7\n|\n|t:|1781458895\n|switch|p2a: Hydreigon|Hydreigon, L79, M|228/275\n|move|p1a: Rotom|Thunderbolt|p2a: Hydreigon\n|-resisted|p2a: Hydreigon\n|-damage|p2a: Hydreigon|174/275\n|-status|p2a: Hydreigon|par\n|\n|upkeep\n|turn|8\n|\n|t:|1781458912\n|switch|p1a: Mightyena|Mightyena, L96, F|107/290 par\n|-ability|p1a: Mightyena|Intimidate|boost\n|-unboost|p2a: Hydreigon|atk|1\n|move|p2a: Hydreigon|U-turn|p1a: Mightyena\n|-supereffective|p1a: Mightyena\n|-damage|p1a: Mightyena|39/290 par\n|\n|t:|1781458915\n|switch|p2a: Morpeko|Morpeko, L88, F|245/245|[from] U-turn\n|\n|-heal|p1a: Mightyena|57/290 par|[from] item: Leftovers\n|-formechange|p2a: Morpeko|Morpeko-Hangry||[from] ability: Hunger Switch\n|upkeep\n|turn|9\n|\n|t:|1781458919\n|move|p2a: Morpeko|Protect|p2a: Morpeko\n|-singleturn|p2a: Morpeko|Protect\n|move|p1a: Mightyena|Sucker Punch||[still]\n|-fail|p1a: Mightyena\n|\n|-heal|p1a: Mightyena|75/290 par|[from] item: Leftovers\n|-formechange|p2a: Morpeko|Morpeko||[from] ability: Hunger Switch\n|upkeep\n|turn|10\n|\n|t:|1781458922\n|move|p2a: Morpeko|Aura Wheel|p1a: Mightyena\n|-damage|p1a: Mightyena|0 fnt\n|-boost|p2a: Morpeko|spe|1\n|faint|p1a: Mightyena\n|\n|-formechange|p2a: Morpeko|Morpeko-Hangry||[from] ability: Hunger Switch\n|upkeep\n|\n|t:|1781458927\n|switch|p1a: Hitmontop|Hitmontop, L88, M|231/231\n|turn|11\n|\n|t:|1781458931\n|switch|p2a: Mewtwo|Mewtwo, L72|272/272\n|-ability|p2a: Mewtwo|Pressure\n|move|p1a: Hitmontop|Rapid Spin|p2a: Mewtwo\n|-damage|p2a: Mewtwo|203/272\n|-boost|p1a: Hitmontop|spe|1\n|\n|upkeep\n|turn|12\n|\n|t:|1781458952\n|move|p1a: Hitmontop|Bulk Up|p1a: Hitmontop\n|-boost|p1a: Hitmontop|atk|1\n|-boost|p1a: Hitmontop|def|1\n|move|p2a: Mewtwo|Psystrike|p1a: Hitmontop\n|-supereffective|p1a: Hitmontop\n|-damage|p1a: Hitmontop|49/231\n|-damage|p2a: Mewtwo|176/272|[from] item: Life Orb\n|\n|-heal|p1a: Hitmontop|63/231|[from] item: Leftovers\n|upkeep\n|turn|13\n|inactive|eyy can you don't has 120 seconds left.\n|\n|t:|1781458978\n|move|p1a: Hitmontop|Triple Axel|p2a: Mewtwo|[miss]\n|-miss|p1a: Hitmontop|p2a: Mewtwo\n|move|p2a: Mewtwo|Psystrike|p1a: Hitmontop\n|-supereffective|p1a: Hitmontop\n|-damage|p1a: Hitmontop|0 fnt\n|faint|p1a: Hitmontop\n|-damage|p2a: Mewtwo|149/272|[from] item: Life Orb\n|\n|upkeep\n|c|\u2606hello779|That's some sick rng\n|\n|t:|1781458992\n|switch|p1a: Lilligant|Lilligant, L86, F|261/261\n|turn|14\n|inactive|eyy can you don't has 120 seconds left.\n|\n|t:|1781459009\n|move|p2a: Mewtwo|Fire Blast|p1a: Lilligant\n|-supereffective|p1a: Lilligant\n|-damage|p1a: Lilligant|35/261\n|-damage|p2a: Mewtwo|122/272|[from] item: Life Orb\n|move|p1a: Lilligant|Quiver Dance|p1a: Lilligant\n|-boost|p1a: Lilligant|spa|1\n|-boost|p1a: Lilligant|spd|1\n|-boost|p1a: Lilligant|spe|1\n|\n|upkeep\n|turn|15\n|\n|t:|1781459014\n|move|p1a: Lilligant|Giga Drain|p2a: Mewtwo\n|-damage|p2a: Mewtwo|0 fnt\n|-heal|p1a: Lilligant|96/261|[from] drain|[of] p2a: Mewtwo\n|faint|p2a: Mewtwo\n|-damage|p1a: Lilligant|70/261|[from] item: Life Orb\n|\n|upkeep\n|inactive|eyy can you don't has 120 seconds left.\n|\n|t:|1781459041\n|switch|p2a: Vigoroth|Vigoroth, L85, F|203/275\n|turn|16\n|\n|t:|1781459052\n|move|p1a: Lilligant|Sleep Powder|p2a: Vigoroth\n|-immune|p2a: Vigoroth|[from] ability: Vital Spirit\n|move|p2a: Vigoroth|Body Slam|p1a: Lilligant\n|-damage|p1a: Lilligant|0 fnt\n|faint|p1a: Lilligant\n|\n|upkeep\n|\n|t:|1781459055\n|switch|p1a: Rotom|Rotom, L88|231/231\n|turn|17\n|\n|t:|1781459059\n|switch|p2a: Hydreigon|Hydreigon, L79, M|174/275 par\n|move|p1a: Rotom|Thunderbolt|p2a: Hydreigon\n|-resisted|p2a: Hydreigon\n|-damage|p2a: Hydreigon|125/275 par\n|\n|upkeep\n|turn|18\n|\n|t:|1781459062\n|switch|p1a: Luvdisc|Luvdisc, M|247/247\n|cant|p2a: Hydreigon|par\n|\n|upkeep\n|turn|19\n|\n|t:|1781459067\n|move|p1a: Luvdisc|Substitute|p1a: Luvdisc\n|-start|p1a: Luvdisc|Substitute\n|-damage|p1a: Luvdisc|186/247\n|move|p2a: Hydreigon|U-turn|p1a: Luvdisc\n|-activate|p1a: Luvdisc|move: Substitute|[damage]\n|\n|t:|1781459070\n|switch|p2a: Morpeko|Morpeko, L88, F|245/245|[from] U-turn\n|\n|-formechange|p2a: Morpeko|Morpeko-Hangry||[from] ability: Hunger Switch\n|upkeep\n|turn|20\n|\n|t:|1781459080\n|move|p1a: Luvdisc|Surf|p2a: Morpeko\n|-damage|p2a: Morpeko|148/245\n|move|p2a: Morpeko|Aura Wheel|p1a: Luvdisc\n|-end|p1a: Luvdisc|Substitute\n|-boost|p2a: Morpeko|spe|1\n|\n|-heal|p2a: Morpeko|163/245|[from] item: Leftovers\n|-formechange|p2a: Morpeko|Morpeko||[from] ability: Hunger Switch\n|upkeep\n|turn|21\n|\n|t:|1781459084\n|-terastallize|p1a: Luvdisc|Ground\n|move|p2a: Morpeko|Aura Wheel|p1a: Luvdisc\n|-immune|p1a: Luvdisc\n|move|p1a: Luvdisc|Substitute|p1a: Luvdisc\n|-start|p1a: Luvdisc|Substitute\n|-damage|p1a: Luvdisc|125/247\n|\n|-heal|p2a: Morpeko|178/245|[from] item: Leftovers\n|-formechange|p2a: Morpeko|Morpeko-Hangry||[from] ability: Hunger Switch\n|upkeep\n|turn|22\n|\n|t:|1781459088\n|move|p2a: Morpeko|Aura Wheel|p1a: Luvdisc\n|-end|p1a: Luvdisc|Substitute\n|-boost|p2a: Morpeko|spe|1\n|move|p1a: Luvdisc|Substitute|p1a: Luvdisc\n|-start|p1a: Luvdisc|Substitute\n|-damage|p1a: Luvdisc|64/247\n|\n|-heal|p2a: Morpeko|193/245|[from] item: Leftovers\n|-formechange|p2a: Morpeko|Morpeko||[from] ability: Hunger Switch\n|upkeep\n|turn|23\n|\n|t:|1781459091\n|move|p2a: Morpeko|Knock Off|p1a: Luvdisc\n|-end|p1a: Luvdisc|Substitute\n|move|p1a: Luvdisc|Substitute|p1a: Luvdisc\n|-start|p1a: Luvdisc|Substitute\n|-damage|p1a: Luvdisc|3/247\n|\n|-heal|p2a: Morpeko|208/245|[from] item: Leftovers\n|-formechange|p2a: Morpeko|Morpeko-Hangry||[from] ability: Hunger Switch\n|upkeep\n|turn|24\n|\n|t:|1781459093\n|move|p2a: Morpeko|Knock Off|p1a: Luvdisc\n|-crit|p1a: Luvdisc\n|-end|p1a: Luvdisc|Substitute\n|move|p1a: Luvdisc|Endeavor|p2a: Morpeko\n|-damage|p2a: Morpeko|3/245\n|\n|-heal|p2a: Morpeko|18/245|[from] item: Leftovers\n|-formechange|p2a: Morpeko|Morpeko||[from] ability: Hunger Switch\n|upkeep\n|turn|25\n|\n|t:|1781459096\n|move|p2a: Morpeko|Knock Off|p1a: Luvdisc\n|-damage|p1a: Luvdisc|0 fnt\n|-enditem|p1a: Luvdisc|Heavy-Duty Boots|[from] move: Knock Off|[of] p2a: Morpeko\n|faint|p1a: Luvdisc\n|\n|-heal|p2a: Morpeko|33/245|[from] item: Leftovers\n|-formechange|p2a: Morpeko|Morpeko-Hangry||[from] ability: Hunger Switch\n|upkeep\n|\n|t:|1781459102\n|switch|p1a: Torterra|Torterra, L78, F|276/276\n|turn|26\n|\n|t:|1781459105\n|move|p2a: Morpeko|Knock Off|p1a: Torterra\n|-damage|p1a: Torterra|179/276\n|-enditem|p1a: Torterra|Loaded Dice|[from] move: Knock Off|[of] p2a: Morpeko\n|move|p1a: Torterra|Bullet Seed|p2a: Morpeko\n|-damage|p2a: Morpeko|0 fnt\n|faint|p2a: Morpeko\n|-hitcount|p2: Morpeko|1\n|\n|upkeep\n|\n|t:|1781459111\n|switch|p2a: Scovillain|Scovillain, L91, M|266/266\n|turn|27\n|\n|t:|1781459118\n|-terastallize|p2a: Scovillain|Fire\n|move|p2a: Scovillain|Flamethrower|p1a: Torterra\n|-supereffective|p1a: Torterra\n|-damage|p1a: Torterra|0 fnt\n|faint|p1a: Torterra\n|\n|upkeep\n|\n|t:|1781459119\n|switch|p1a: Rotom|Rotom, L88|231/231\n|turn|28\n|\n|t:|1781459126\n|move|p1a: Rotom|Thunderbolt|p2a: Scovillain\n|-damage|p2a: Scovillain|154/266\n|-status|p2a: Scovillain|par\n|move|p2a: Scovillain|Flamethrower|p1a: Rotom\n|-damage|p1a: Rotom|69/231\n|\n|upkeep\n|turn|29\n|\n|t:|1781459130\n|move|p1a: Rotom|Thunderbolt|p2a: Scovillain\n|-damage|p2a: Scovillain|43/266 par\n|move|p2a: Scovillain|Flamethrower|p1a: Rotom\n|-crit|p1a: Rotom\n|-damage|p1a: Rotom|0 fnt\n|faint|p1a: Rotom\n|\n|win|eyy can you don't\n", "uploadtime": 1781458800, "views": 3, "formatid": "gen9randombattle", "rating": null, "private": 0, "password": null}