{"id": "gen9randombattle-2631375287", "format": "[Gen 9] Random Battle", "players": ["bulrug", "cee09"], "log": "|j|\u203dbulrug\n|j|\u2606cee09\n|t:|1781377235\n|gametype|singles\n|player|p1|bulrug|burglar|2002\n|player|p2|cee09|rocket-gen1rb|1988\n|gen|9\n|tier|[Gen 9] Random Battle\n|rated|\n|rule|Species Clause: Limit one of each Pok\u00e9mon\n|rule|HP Percentage Mod: HP is shown in percentages\n|rule|Sleep Clause Mod: Limit one foe put to sleep\n|rule|Illusion Level Mod: Illusion disguises the Pok\u00e9mon's true level\n|\n|t:|1781377235\n|teamsize|p1|6\n|teamsize|p2|6\n|start\n|switch|p1a: Golem|Golem, L87, F|281/281\n|switch|p2a: Hoopa|Hoopa-Unbound, L80|259/259\n|turn|1\n|inactive|Battle timer is ON: inactive players will automatically lose when time's up. (requested by cee09)\n|\n|t:|1781377260\n|move|p2a: Hoopa|Trick|p1a: Golem\n|-activate|p2a: Hoopa|move: Trick|[of] p1a: Golem\n|-item|p1a: Golem|Choice Scarf|[from] move: Trick\n|-item|p2a: Hoopa|Custap Berry|[from] move: Trick\n|move|p1a: Golem|Earthquake|p2a: Hoopa\n|-damage|p2a: Hoopa|81/259\n|\n|upkeep\n|turn|2\n|\n|t:|1781377286\n|move|p1a: Golem|Earthquake|p2a: Hoopa\n|-damage|p2a: Hoopa|0 fnt\n|faint|p2a: Hoopa\n|\n|upkeep\n|\n|t:|1781377291\n|switch|p2a: Blastoise|Blastoise, L80, M|258/258\n|turn|3\n|\n|t:|1781377294\n|move|p1a: Golem|Earthquake|p2a: Blastoise\n|-damage|p2a: Blastoise|126/258\n|move|p2a: Blastoise|Hydro Pump|p1a: Golem\n|-supereffective|p1a: Golem\n|-ability|p1a: Golem|Sturdy\n|-damage|p1a: Golem|1/281\n|\n|upkeep\n|turn|4\n|\n|t:|1781377298\n|move|p1a: Golem|Earthquake|p2a: Blastoise\n|-damage|p2a: Blastoise|9/258\n|move|p2a: Blastoise|Ice Beam|p1a: Golem\n|-supereffective|p1a: Golem\n|-damage|p1a: Golem|0 fnt\n|faint|p1a: Golem\n|\n|upkeep\n|\n|t:|1781377302\n|switch|p1a: Baxcalibur|Baxcalibur, L75, M|296/296\n|turn|5\n|\n|t:|1781377305\n|move|p1a: Baxcalibur|Earthquake|p2a: Blastoise\n|-damage|p2a: Blastoise|0 fnt\n|faint|p2a: Blastoise\n|\n|upkeep\n|\n|t:|1781377307\n|switch|p2a: Hitmonlee|Hitmonlee, L85, M|224/224\n|turn|6\n|\n|t:|1781377309\n|switch|p1a: Trevenant|Trevenant, L89, F|296/296\n|move|p2a: Hitmonlee|Close Combat|p1a: Trevenant\n|-immune|p1a: Trevenant\n|\n|upkeep\n|turn|7\n|\n|t:|1781377312\n|move|p2a: Hitmonlee|Swords Dance|p2a: Hitmonlee\n|-boost|p2a: Hitmonlee|atk|2\n|move|p1a: Trevenant|Toxic|p2a: Hitmonlee\n|-status|p2a: Hitmonlee|tox\n|\n|-damage|p2a: Hitmonlee|210/224 tox|[from] psn\n|upkeep\n|turn|8\n|\n|t:|1781377314\n|move|p1a: Trevenant|Protect|p1a: Trevenant\n|-singleturn|p1a: Trevenant|Protect\n|move|p2a: Hitmonlee|Knock Off|p1a: Trevenant\n|-activate|p1a: Trevenant|move: Protect\n|\n|-damage|p2a: Hitmonlee|182/224 tox|[from] psn\n|upkeep\n|turn|9\n|\n|t:|1781377319\n|switch|p1a: Luxray|Luxray, L88, F|283/283\n|move|p2a: Hitmonlee|Knock Off|p1a: Luxray\n|-damage|p1a: Luxray|118/283\n|-enditem|p1a: Luxray|Flame Orb|[from] move: Knock Off|[of] p2a: Hitmonlee\n|\n|-damage|p2a: Hitmonlee|140/224 tox|[from] psn\n|upkeep\n|turn|10\n|\n|t:|1781377323\n|move|p2a: Hitmonlee|Knock Off|p1a: Luxray\n|-damage|p1a: Luxray|0 fnt\n|faint|p1a: Luxray\n|\n|-damage|p2a: Hitmonlee|84/224 tox|[from] psn\n|upkeep\n|\n|t:|1781377327\n|switch|p1a: Mienshao|Mienshao, L83, F|243/243\n|turn|11\n|\n|t:|1781377332\n|switch|p2a: Garchomp|Garchomp, L74, F|282/282\n|move|p1a: Mienshao|High Jump Kick|p2a: Garchomp\n|-damage|p2a: Garchomp|0 fnt\n|-damage|p1a: Mienshao|213/243|[from] ability: Rough Skin|[of] p2a: Garchomp\n|-damage|p1a: Mienshao|173/243|[from] item: Rocky Helmet|[of] p2a: Garchomp\n|faint|p2a: Garchomp\n|\n|upkeep\n|\n|t:|1781377336\n|switch|p2a: Solgaleo|Solgaleo, L74|325/325\n|turn|12\n|\n|t:|1781377339\n|move|p1a: Mienshao|High Jump Kick|p2a: Solgaleo\n|-damage|p2a: Solgaleo|25/325\n|move|p2a: Solgaleo|Flame Charge|p1a: Mienshao\n|-damage|p1a: Mienshao|126/243\n|-boost|p2a: Solgaleo|spe|1\n|\n|upkeep\n|turn|13\n|\n|t:|1781377345\n|switch|p1a: Trevenant|Trevenant, L89, F|296/296\n|move|p2a: Solgaleo|Sunsteel Strike|p1a: Trevenant\n|-damage|p1a: Trevenant|190/296\n|\n|upkeep\n|turn|14\n|\n|t:|1781377347\n|-terastallize|p2a: Solgaleo|Dark\n|move|p1a: Trevenant|Protect|p1a: Trevenant\n|-singleturn|p1a: Trevenant|Protect\n|move|p2a: Solgaleo|Knock Off|p1a: Trevenant\n|-activate|p1a: Trevenant|move: Protect\n|\n|upkeep\n|turn|15\n|\n|t:|1781377350\n|-terastallize|p1a: Trevenant|Fighting\n|move|p2a: Solgaleo|Knock Off|p1a: Trevenant\n|-resisted|p1a: Trevenant\n|-damage|p1a: Trevenant|134/296\n|-enditem|p1a: Trevenant|Sitrus Berry|[from] move: Knock Off|[of] p2a: Solgaleo\n|move|p1a: Trevenant|Drain Punch|p2a: Solgaleo\n|-supereffective|p2a: Solgaleo\n|-damage|p2a: Solgaleo|0 fnt\n|-heal|p1a: Trevenant|147/296|[from] drain|[of] p2a: Solgaleo\n|faint|p2a: Solgaleo\n|\n|upkeep\n|\n|t:|1781377352\n|switch|p2a: Hitmonlee|Hitmonlee, L85, M|84/224 tox\n|turn|16\n|\n|t:|1781377354\n|move|p2a: Hitmonlee|Close Combat|p1a: Trevenant\n|-damage|p1a: Trevenant|0 fnt\n|-unboost|p2a: Hitmonlee|def|1\n|-unboost|p2a: Hitmonlee|spd|1\n|faint|p1a: Trevenant\n|-enditem|p2a: Hitmonlee|White Herb\n|-clearnegativeboost|p2a: Hitmonlee|[silent]\n|\n|-damage|p2a: Hitmonlee|70/224 tox|[from] psn\n|upkeep\n|\n|t:|1781377357\n|switch|p1a: Kingdra|Kingdra, L84, F|263/263\n|turn|17\n|\n|t:|1781377359\n|move|p2a: Hitmonlee|Close Combat|p1a: Kingdra\n|-damage|p1a: Kingdra|118/263\n|-unboost|p2a: Hitmonlee|def|1\n|-unboost|p2a: Hitmonlee|spd|1\n|move|p1a: Kingdra|Wave Crash|p2a: Hitmonlee\n|-damage|p2a: Hitmonlee|0 fnt\n|faint|p2a: Hitmonlee\n|-damage|p1a: Kingdra|95/263|[from] Recoil\n|\n|upkeep\n|\n|t:|1781377362\n|switch|p2a: Grafaiai|Grafaiai, L86, M|249/249\n|turn|18\n|\n|t:|1781377365\n|move|p2a: Grafaiai|Gunk Shot|p1a: Kingdra\n|-damage|p1a: Kingdra|0 fnt\n|faint|p1a: Kingdra\n|-damage|p2a: Grafaiai|225/249|[from] item: Life Orb\n|\n|upkeep\n|\n|t:|1781377370\n|switch|p1a: Mienshao|Mienshao, L83, F|126/243\n|turn|19\n|\n|t:|1781377372\n|move|p2a: Grafaiai|Gunk Shot|p1a: Mienshao|[miss]\n|-miss|p2a: Grafaiai|p1a: Mienshao\n|move|p1a: Mienshao|High Jump Kick|p2a: Grafaiai\n|-damage|p2a: Grafaiai|0 fnt\n|faint|p2a: Grafaiai\n|\n|win|bulrug\n", "uploadtime": 1781377236, "views": 6, "formatid": "gen9randombattle", "rating": null, "private": 0, "password": null}