{"id": "gen9randombattle-2631489786", "format": "[Gen 9] Random Battle", "players": ["Morijo", "Sherek Joestar"], "log": "|j|\u2606Morijo\n|j|\u2606Sherek Joestar\n|t:|1781391577\n|gametype|singles\n|player|p1|Morijo|n|\n|player|p2|Sherek Joestar|101|\n|gen|9\n|tier|[Gen 9] Random Battle\n|rule|Species Clause: Limit one of each Pok\u00e9mon\n|rule|HP Percentage Mod: HP is shown in percentages\n|rule|Sleep Clause Mod: Limit one foe put to sleep\n|rule|Illusion Level Mod: Illusion disguises the Pok\u00e9mon's true level\n|\n|t:|1781391578\n|teamsize|p1|6\n|teamsize|p2|6\n|start\n|switch|p1a: Bisharp|Bisharp, L79, M|232/232\n|switch|p2a: Gurdurr|Gurdurr, L85, F|283/283\n|turn|1\n|\n|t:|1781391587\n|switch|p1a: Tropius|Tropius, L91, F|328/328\n|move|p2a: Gurdurr|Mach Punch|p1a: Tropius\n|-resisted|p1a: Tropius\n|-damage|p1a: Tropius|306/328\n|\n|upkeep\n|turn|2\n|\n|t:|1781391613\n|switch|p2a: Hypno|Hypno, L95, M|315/315\n|move|p1a: Tropius|Dragon Dance|p1a: Tropius\n|-boost|p1a: Tropius|atk|1\n|-boost|p1a: Tropius|spe|1\n|\n|upkeep\n|turn|3\n|\n|t:|1781391617\n|move|p1a: Tropius|Dual Wingbeat|p2a: Hypno\n|-damage|p2a: Hypno|260/315\n|-damage|p2a: Hypno|200/315\n|-hitcount|p2a: Hypno|2\n|move|p2a: Hypno|Toxic|p1a: Tropius|[miss]\n|-miss|p2a: Hypno|p1a: Tropius\n|\n|-heal|p2a: Hypno|219/315|[from] item: Leftovers\n|upkeep\n|turn|4\n|\n|t:|1781391624\n|switch|p1a: Bisharp|Bisharp, L79, M|232/232\n|move|p2a: Hypno|Toxic|p1a: Bisharp\n|-immune|p1a: Bisharp\n|\n|-heal|p2a: Hypno|238/315|[from] item: Leftovers\n|upkeep\n|turn|5\n|\n|t:|1781391630\n|move|p2a: Hypno|Knock Off|p1a: Bisharp\n|-resisted|p1a: Bisharp\n|-damage|p1a: Bisharp|209/232\n|-enditem|p1a: Bisharp|Eviolite|[from] move: Knock Off|[of] p2a: Hypno\n|move|p1a: Bisharp|Iron Head|p2a: Hypno\n|-damage|p2a: Hypno|141/315\n|\n|-heal|p2a: Hypno|160/315|[from] item: Leftovers\n|upkeep\n|turn|6\n|\n|t:|1781391648\n|move|p2a: Hypno|Encore|p1a: Bisharp\n|-start|p1a: Bisharp|Encore\n|move|p1a: Bisharp|Iron Head|p2a: Hypno\n|-damage|p2a: Hypno|57/315\n|\n|-heal|p2a: Hypno|76/315|[from] item: Leftovers\n|upkeep\n|turn|7\n|\n|t:|1781391655\n|switch|p2a: Gurdurr|Gurdurr, L85, F|283/283\n|move|p1a: Bisharp|Iron Head|p2a: Gurdurr\n|-damage|p2a: Gurdurr|222/283\n|\n|upkeep\n|turn|8\n|\n|t:|1781391658\n|switch|p1a: Tropius|Tropius, L91, F|306/328\n|move|p2a: Gurdurr|Drain Punch|p1a: Tropius\n|-resisted|p1a: Tropius\n|-damage|p1a: Tropius|266/328\n|-heal|p2a: Gurdurr|242/283|[from] drain|[of] p1a: Tropius\n|\n|upkeep\n|turn|9\n|\n|t:|1781391668\n|move|p1a: Tropius|Dragon Dance|p1a: Tropius\n|-boost|p1a: Tropius|atk|1\n|-boost|p1a: Tropius|spe|1\n|move|p2a: Gurdurr|Knock Off|p1a: Tropius\n|-damage|p1a: Tropius|190/328\n|-enditem|p1a: Tropius|Sitrus Berry|[from] move: Knock Off|[of] p2a: Gurdurr\n|\n|upkeep\n|turn|10\n|\n|t:|1781391680\n|switch|p2a: Zekrom|Zekrom, L71|259/259\n|-ability|p2a: Zekrom|Teravolt\n|move|p1a: Tropius|Dual Wingbeat|p2a: Zekrom\n|-resisted|p2a: Zekrom\n|-damage|p2a: Zekrom|234/259\n|-resisted|p2a: Zekrom\n|-damage|p2a: Zekrom|207/259\n|-hitcount|p2a: Zekrom|2\n|\n|-heal|p2a: Zekrom|223/259|[from] item: Leftovers\n|upkeep\n|turn|11\n|\n|t:|1781391683\n|-terastallize|p1a: Tropius|Ground\n|move|p1a: Tropius|Earthquake|p2a: Zekrom\n|-supereffective|p2a: Zekrom\n|-damage|p2a: Zekrom|0 fnt\n|faint|p2a: Zekrom\n|\n|upkeep\n|\n|t:|1781391691\n|switch|p2a: Goodra|Goodra, L85, F|292/292\n|turn|12\n|\n|t:|1781391694\n|move|p1a: Tropius|Earthquake|p2a: Goodra\n|-damage|p2a: Goodra|126/292\n|move|p2a: Goodra|Power Whip|p1a: Tropius\n|-supereffective|p1a: Tropius\n|-damage|p1a: Tropius|20/328\n|\n|upkeep\n|turn|13\n|\n|t:|1781391705\n|switch|p2a: Toucannon|Toucannon, L88, M|284/284\n|move|p1a: Tropius|Earthquake|p2a: Toucannon\n|-immune|p2a: Toucannon\n|\n|upkeep\n|turn|14\n|\n|t:|1781391713\n|move|p1a: Tropius|Leaf Blade|p2a: Toucannon\n|-resisted|p2a: Toucannon\n|-damage|p2a: Toucannon|214/284\n|move|p2a: Toucannon|Bullet Seed|p1a: Tropius\n|-supereffective|p1a: Tropius\n|-damage|p1a: Tropius|0 fnt\n|faint|p1a: Tropius\n|-hitcount|p1: Tropius|1\n|\n|upkeep\n|\n|t:|1781391721\n|switch|p1a: Jolteon|Jolteon, L84, F|246/246\n|turn|15\n|\n|t:|1781391730\n|switch|p2a: Goodra|Goodra, L85, F|126/292\n|move|p1a: Jolteon|Substitute|p1a: Jolteon\n|-start|p1a: Jolteon|Substitute\n|-damage|p1a: Jolteon|185/246\n|\n|-heal|p1a: Jolteon|200/246|[from] item: Leftovers\n|upkeep\n|turn|16\n|\n|t:|1781391738\n|move|p1a: Jolteon|Calm Mind|p1a: Jolteon\n|-boost|p1a: Jolteon|spa|1\n|-boost|p1a: Jolteon|spd|1\n|move|p2a: Goodra|Earthquake|p1a: Jolteon\n|-supereffective|p1a: Jolteon\n|-end|p1a: Jolteon|Substitute\n|\n|-heal|p1a: Jolteon|215/246|[from] item: Leftovers\n|upkeep\n|turn|17\n|\n|t:|1781391745\n|move|p1a: Jolteon|Tera Blast|p2a: Goodra\n|-damage|p2a: Goodra|85/292\n|move|p2a: Goodra|Earthquake|p1a: Jolteon\n|-supereffective|p1a: Jolteon\n|-damage|p1a: Jolteon|15/246\n|\n|-heal|p1a: Jolteon|30/246|[from] item: Leftovers\n|upkeep\n|turn|18\n|\n|t:|1781391751\n|move|p1a: Jolteon|Thunderbolt|p2a: Goodra\n|-resisted|p2a: Goodra\n|-damage|p2a: Goodra|51/292\n|-status|p2a: Goodra|par\n|move|p2a: Goodra|Earthquake|p1a: Jolteon\n|-supereffective|p1a: Jolteon\n|-damage|p1a: Jolteon|0 fnt\n|faint|p1a: Jolteon\n|\n|upkeep\n|\n|t:|1781391756\n|switch|p1a: Bisharp|Bisharp, L79, M|209/232\n|turn|19\n|\n|t:|1781391764\n|move|p1a: Bisharp|Throat Chop|p2a: Goodra\n|-damage|p2a: Goodra|0 fnt\n|faint|p2a: Goodra\n|\n|upkeep\n|\n|t:|1781391767\n|switch|p2a: Gurdurr|Gurdurr, L85, F|242/283\n|turn|20\n|\n|t:|1781391774\n|switch|p1a: Pincurchin|Pincurchin, F|258/258\n|-fieldstart|move: Electric Terrain|[from] ability: Electric Surge|[of] p1a: Pincurchin\n|move|p2a: Gurdurr|Drain Punch|p1a: Pincurchin\n|-crit|p1a: Pincurchin\n|-damage|p1a: Pincurchin|153/258\n|-heal|p2a: Gurdurr|283/283|[from] drain|[of] p1a: Pincurchin\n|\n|-heal|p1a: Pincurchin|169/258|[from] item: Leftovers\n|upkeep\n|turn|21\n|\n|t:|1781391787\n|move|p2a: Gurdurr|Knock Off|p1a: Pincurchin\n|-damage|p1a: Pincurchin|110/258\n|-enditem|p1a: Pincurchin|Leftovers|[from] move: Knock Off|[of] p2a: Gurdurr\n|move|p1a: Pincurchin|Recover|p1a: Pincurchin\n|-heal|p1a: Pincurchin|239/258\n|\n|upkeep\n|turn|22\n|\n|t:|1781391792\n|move|p2a: Gurdurr|Drain Punch|p1a: Pincurchin\n|-damage|p1a: Pincurchin|173/258\n|move|p1a: Pincurchin|Thunderbolt|p2a: Gurdurr\n|-damage|p2a: Gurdurr|123/283\n|\n|upkeep\n|turn|23\n|\n|t:|1781391800\n|switch|p2a: Hypno|Hypno, L95, M|76/315\n|move|p1a: Pincurchin|Thunderbolt|p2a: Hypno\n|-damage|p2a: Hypno|0 fnt\n|faint|p2a: Hypno\n|\n|upkeep\n|\n|t:|1781391802\n|switch|p2a: Gurdurr|Gurdurr, L85, F|123/283\n|turn|24\n|\n|t:|1781391809\n|move|p2a: Gurdurr|Defog|p1a: Pincurchin\n|-unboost|p1a: Pincurchin|evasion|1\n|-fieldend|move: Electric Terrain\n|move|p1a: Pincurchin|Thunderbolt|p2a: Gurdurr\n|-damage|p2a: Gurdurr|3/283\n|\n|upkeep\n|turn|25\n|\n|t:|1781391814\n|move|p2a: Gurdurr|Drain Punch|p1a: Pincurchin\n|-damage|p1a: Pincurchin|101/258\n|-heal|p2a: Gurdurr|39/283|[from] drain|[of] p1a: Pincurchin\n|move|p1a: Pincurchin|Recover|p1a: Pincurchin\n|-heal|p1a: Pincurchin|230/258\n|\n|upkeep\n|turn|26\n|\n|t:|1781391817\n|move|p2a: Gurdurr|Drain Punch|p1a: Pincurchin\n|-damage|p1a: Pincurchin|155/258\n|-heal|p2a: Gurdurr|77/283|[from] drain|[of] p1a: Pincurchin\n|move|p1a: Pincurchin|Thunderbolt|p2a: Gurdurr\n|-damage|p2a: Gurdurr|0 fnt\n|faint|p2a: Gurdurr\n|\n|upkeep\n|\n|t:|1781391819\n|switch|p2a: Toucannon|Toucannon, L88, M|214/284\n|turn|27\n|\n|t:|1781391829\n|-terastallize|p2a: Toucannon|Steel\n|move|p2a: Toucannon|Boomburst|p1a: Pincurchin\n|-damage|p1a: Pincurchin|28/258\n|move|p1a: Pincurchin|Thunderbolt|p2a: Toucannon\n|-damage|p2a: Toucannon|78/284\n|\n|upkeep\n|turn|28\n|\n|t:|1781391836\n|move|p2a: Toucannon|Boomburst|p1a: Pincurchin\n|-damage|p1a: Pincurchin|0 fnt\n|faint|p1a: Pincurchin\n|\n|upkeep\n|\n|t:|1781391839\n|switch|p1a: Forretress|Forretress, L84, F|263/263\n|turn|29\n|\n|t:|1781391847\n|move|p2a: Toucannon|Roost|p2a: Toucannon\n|-heal|p2a: Toucannon|220/284\n|move|p1a: Forretress|Body Press|p2a: Toucannon\n|-supereffective|p2a: Toucannon\n|-damage|p2a: Toucannon|50/284\n|\n|upkeep\n|turn|30\n|\n|t:|1781391853\n|move|p2a: Toucannon|Bullet Seed|p1a: Forretress\n|-resisted|p1a: Forretress\n|-damage|p1a: Forretress|259/263\n|-resisted|p1a: Forretress\n|-damage|p1a: Forretress|255/263\n|-resisted|p1a: Forretress\n|-damage|p1a: Forretress|251/263\n|-resisted|p1a: Forretress\n|-damage|p1a: Forretress|247/263\n|-resisted|p1a: Forretress\n|-damage|p1a: Forretress|243/263\n|-hitcount|p1a: Forretress|5\n|move|p1a: Forretress|Body Press|p2a: Toucannon\n|-supereffective|p2a: Toucannon\n|-damage|p2a: Toucannon|0 fnt\n|faint|p2a: Toucannon\n|\n|-heal|p1a: Forretress|259/263|[from] item: Leftovers\n|upkeep\n|\n|t:|1781391858\n|switch|p2a: Metagross|Metagross, L79|256/256\n|turn|31\n|\n|t:|1781391871\n|move|p2a: Metagross|Bullet Punch|p1a: Forretress\n|-resisted|p1a: Forretress\n|-damage|p1a: Forretress|241/263\n|move|p1a: Forretress|Body Press|p2a: Metagross\n|-damage|p2a: Metagross|197/256\n|\n|-heal|p2a: Metagross|213/256|[from] item: Leftovers\n|-heal|p1a: Forretress|257/263|[from] item: Leftovers\n|upkeep\n|turn|32\n|\n|t:|1781391874\n|move|p2a: Metagross|Knock Off|p1a: Forretress\n|-damage|p1a: Forretress|203/263\n|-enditem|p1a: Forretress|Leftovers|[from] move: Knock Off|[of] p2a: Metagross\n|move|p1a: Forretress|Body Press|p2a: Metagross\n|-damage|p2a: Metagross|154/256\n|\n|-heal|p2a: Metagross|170/256|[from] item: Leftovers\n|upkeep\n|turn|33\n|\n|t:|1781391877\n|move|p2a: Metagross|Heavy Slam|p1a: Forretress\n|-resisted|p1a: Forretress\n|-damage|p1a: Forretress|159/263\n|move|p1a: Forretress|Body Press|p2a: Metagross\n|-damage|p2a: Metagross|111/256\n|\n|-heal|p2a: Metagross|127/256|[from] item: Leftovers\n|upkeep\n|turn|34\n|\n|t:|1781391882\n|move|p2a: Metagross|Stealth Rock|p1a: Forretress\n|-sidestart|p1: Morijo|move: Stealth Rock\n|move|p1a: Forretress|Body Press|p2a: Metagross\n|-damage|p2a: Metagross|71/256\n|\n|-heal|p2a: Metagross|87/256|[from] item: Leftovers\n|upkeep\n|turn|35\n|-message|Sherek Joestar forfeited.\n|\n|win|Morijo\n|l|\u2606Sherek Joestar\n|player|p2|\n", "uploadtime": 1781391892, "views": 2, "formatid": "gen9randombattle", "rating": null, "private": 0, "password": null}