{"id": "gen9randombattle-2631368715", "format": "[Gen 9] Random Battle", "players": ["LeandroBed2008", "MEvolveDeath"], "log": "|j|\u2606LeandroBed2008\n|j|\u2606MEvolveDeath\n|t:|1781376485\n|gametype|singles\n|player|p1|LeandroBed2008|169|2009\n|player|p2|MEvolveDeath|riley|1946\n|gen|9\n|tier|[Gen 9] Random Battle\n|rated|\n|rule|Species Clause: Limit one of each Pok\u00e9mon\n|rule|HP Percentage Mod: HP is shown in percentages\n|rule|Sleep Clause Mod: Limit one foe put to sleep\n|rule|Illusion Level Mod: Illusion disguises the Pok\u00e9mon's true level\n|\n|t:|1781376485\n|teamsize|p1|6\n|teamsize|p2|6\n|start\n|switch|p1a: Banette|Banette, L93, F|270/270\n|switch|p2a: Carbink|Carbink, L90|236/236\n|turn|1\n|\n|t:|1781376514\n|move|p1a: Banette|Swords Dance|p1a: Banette\n|-boost|p1a: Banette|atk|2\n|move|p2a: Carbink|Rock Polish|p2a: Carbink\n|-boost|p2a: Carbink|spe|2\n|\n|upkeep\n|turn|2\n|\n|t:|1781376519\n|move|p2a: Carbink|Iron Defense|p2a: Carbink\n|-boost|p2a: Carbink|def|2\n|move|p1a: Banette|Poltergeist|p2a: Carbink\n|-activate|p2a: Carbink|move: Poltergeist|Leftovers\n|-damage|p2a: Carbink|111/236\n|-damage|p1a: Banette|243/270|[from] item: Life Orb\n|\n|-heal|p2a: Carbink|125/236|[from] item: Leftovers\n|upkeep\n|turn|3\n|\n|t:|1781376528\n|move|p2a: Carbink|Iron Defense|p2a: Carbink\n|-boost|p2a: Carbink|def|2\n|move|p1a: Banette|Swords Dance|p1a: Banette\n|-boost|p1a: Banette|atk|2\n|\n|-heal|p2a: Carbink|139/236|[from] item: Leftovers\n|upkeep\n|turn|4\n|\n|t:|1781376533\n|move|p2a: Carbink|Iron Defense|p2a: Carbink\n|-boost|p2a: Carbink|def|2\n|move|p1a: Banette|Swords Dance|p1a: Banette\n|-boost|p1a: Banette|atk|2\n|\n|-heal|p2a: Carbink|153/236|[from] item: Leftovers\n|upkeep\n|turn|5\n|\n|t:|1781376536\n|move|p2a: Carbink|Moonblast|p1a: Banette\n|-damage|p1a: Banette|165/270\n|-unboost|p1a: Banette|spa|1\n|-start|p2a: Carbink|Disable|Moonblast|[from] ability: Cursed Body|[of] p1a: Banette\n|move|p1a: Banette|Poltergeist|p2a: Carbink\n|-activate|p2a: Carbink|move: Poltergeist|Leftovers\n|-damage|p2a: Carbink|11/236\n|-damage|p1a: Banette|138/270|[from] item: Life Orb\n|\n|-heal|p2a: Carbink|25/236|[from] item: Leftovers\n|upkeep\n|turn|6\n|\n|t:|1781376556\n|move|p2a: Carbink|Rock Polish|p2a: Carbink\n|-boost|p2a: Carbink|spe|2\n|move|p1a: Banette|Poltergeist|p2a: Carbink\n|-activate|p2a: Carbink|move: Poltergeist|Leftovers\n|-damage|p2a: Carbink|0 fnt\n|faint|p2a: Carbink\n|-damage|p1a: Banette|111/270|[from] item: Life Orb\n|\n|upkeep\n|\n|t:|1781376577\n|switch|p2a: Swalot|Swalot, L90, M|326/326\n|turn|7\n|\n|t:|1781376586\n|move|p1a: Banette|Poltergeist|p2a: Swalot\n|-activate|p2a: Swalot|move: Poltergeist|Leftovers\n|-damage|p2a: Swalot|0 fnt\n|faint|p2a: Swalot\n|-damage|p1a: Banette|84/270|[from] item: Life Orb\n|\n|upkeep\n|\n|t:|1781376599\n|switch|p2a: Iron Valiant|Iron Valiant, L78|244/244\n|turn|8\n|\n|t:|1781376603\n|-terastallize|p2a: Iron Valiant|Dark\n|move|p1a: Banette|Shadow Sneak|p2a: Iron Valiant\n|-resisted|p2a: Iron Valiant\n|-damage|p2a: Iron Valiant|92/244\n|-damage|p1a: Banette|57/270|[from] item: Life Orb\n|move|p2a: Iron Valiant|Knock Off|p1a: Banette\n|-supereffective|p1a: Banette\n|-damage|p1a: Banette|0 fnt\n|-start|p2a: Iron Valiant|Disable|Knock Off|[from] ability: Cursed Body|[of] p1a: Banette\n|-enditem|p1a: Banette|Life Orb|[from] move: Knock Off|[of] p2a: Iron Valiant\n|faint|p1a: Banette\n|-damage|p2a: Iron Valiant|68/244|[from] item: Life Orb\n|\n|upkeep\n|\n|t:|1781376613\n|switch|p1a: Darkrai|Darkrai, L77|234/234\n|turn|9\n|\n|t:|1781376616\n|move|p1a: Darkrai|Sludge Bomb|p2a: Iron Valiant\n|-damage|p2a: Iron Valiant|0 fnt\n|faint|p2a: Iron Valiant\n|-end|p2a: Iron Valiant|Quark Drive|[silent]\n|\n|upkeep\n|\n|t:|1781376620\n|switch|p2a: Tentacruel|Tentacruel, L84, F|272/272\n|turn|10\n|\n|t:|1781376626\n|move|p1a: Darkrai|Nasty Plot|p1a: Darkrai\n|-boost|p1a: Darkrai|spa|2\n|move|p2a: Tentacruel|Sludge Bomb|p1a: Darkrai\n|-damage|p1a: Darkrai|149/234\n|-status|p1a: Darkrai|psn\n|\n|-heal|p1a: Darkrai|163/234 psn|[from] item: Leftovers\n|-damage|p1a: Darkrai|134/234 psn|[from] psn\n|upkeep\n|turn|11\n|\n|t:|1781376634\n|move|p1a: Darkrai|Dark Pulse|p2a: Tentacruel\n|-damage|p2a: Tentacruel|137/272\n|move|p2a: Tentacruel|Rapid Spin|p1a: Darkrai\n|-damage|p1a: Darkrai|102/234 psn\n|-boost|p2a: Tentacruel|spe|1\n|\n|-heal|p2a: Tentacruel|154/272|[from] item: Leftovers\n|-heal|p1a: Darkrai|116/234 psn|[from] item: Leftovers\n|-damage|p1a: Darkrai|87/234 psn|[from] psn\n|upkeep\n|turn|12\n|\n|t:|1781376643\n|move|p2a: Tentacruel|Sludge Bomb|p1a: Darkrai\n|-damage|p1a: Darkrai|0 fnt\n|faint|p1a: Darkrai\n|\n|-heal|p2a: Tentacruel|171/272|[from] item: Leftovers\n|upkeep\n|\n|t:|1781376647\n|switch|p1a: Donphan|Donphan, L84, M|288/288\n|turn|13\n|\n|t:|1781376669\n|switch|p2a: Lapras|Lapras, L87, M|367/367\n|move|p1a: Donphan|Earthquake|p2a: Lapras\n|-damage|p2a: Lapras|229/367\n|\n|upkeep\n|turn|14\n|\n|t:|1781376681\n|switch|p1a: Mimikyu|Mimikyu, L79, M|216/216\n|move|p2a: Lapras|Dragon Dance|p2a: Lapras\n|-boost|p2a: Lapras|atk|1\n|-boost|p2a: Lapras|spe|1\n|\n|upkeep\n|turn|15\n|\n|t:|1781376687\n|move|p2a: Lapras|Icicle Spear|p1a: Mimikyu\n|-activate|p1a: Mimikyu|ability: Disguise\n|-damage|p1a: Mimikyu|216/216\n|detailschange|p1a: Mimikyu|Mimikyu-Busted, L79, M\n|-damage|p1a: Mimikyu|189/216|[from] pokemon: Mimikyu-Busted\n|-damage|p1a: Mimikyu|144/216\n|-damage|p1a: Mimikyu|101/216\n|-damage|p1a: Mimikyu|56/216\n|-hitcount|p1a: Mimikyu|4\n|move|p1a: Mimikyu|Play Rough|p2a: Lapras|[miss]\n|-miss|p1a: Mimikyu|p2a: Lapras\n|\n|upkeep\n|turn|16\n|\n|t:|1781376697\n|move|p2a: Lapras|Icicle Spear|p1a: Mimikyu\n|-damage|p1a: Mimikyu|7/216\n|-crit|p1a: Mimikyu\n|-damage|p1a: Mimikyu|0 fnt\n|faint|p1a: Mimikyu\n|-hitcount|p1: Mimikyu|2\n|\n|upkeep\n|\n|t:|1781376700\n|switch|p1a: Breloom|Breloom, L83, M|235/235\n|turn|17\n|\n|t:|1781376702\n|move|p1a: Breloom|Mach Punch|p2a: Lapras\n|-supereffective|p2a: Lapras\n|-damage|p2a: Lapras|0 fnt\n|faint|p2a: Lapras\n|-damage|p1a: Breloom|212/235|[from] item: Life Orb\n|\n|upkeep\n|\n|t:|1781376709\n|switch|p2a: Tentacruel|Tentacruel, L84, F|171/272\n|turn|18\n|\n|t:|1781376719\n|-terastallize|p1a: Breloom|Rock\n|move|p2a: Tentacruel|Sludge Bomb|p1a: Breloom\n|-resisted|p1a: Breloom\n|-damage|p1a: Breloom|161/235\n|move|p1a: Breloom|Bullet Seed|p2a: Tentacruel\n|-damage|p2a: Tentacruel|96/272\n|-damage|p2a: Tentacruel|14/272\n|-hitcount|p2a: Tentacruel|2\n|-damage|p1a: Breloom|138/235|[from] item: Life Orb\n|\n|-heal|p2a: Tentacruel|31/272|[from] item: Leftovers\n|upkeep\n|turn|19\n|\n|t:|1781376726\n|move|p1a: Breloom|Mach Punch|p2a: Tentacruel\n|-resisted|p2a: Tentacruel\n|-damage|p2a: Tentacruel|0 fnt\n|faint|p2a: Tentacruel\n|-damage|p1a: Breloom|115/235|[from] item: Life Orb\n|\n|upkeep\n|\n|t:|1781376728\n|switch|p2a: Gothitelle|Gothitelle, L90, F|272/272\n|turn|20\n|\n|t:|1781376732\n|move|p2a: Gothitelle|Psychic|p1a: Breloom\n|-damage|p1a: Breloom|0 fnt\n|faint|p1a: Breloom\n|\n|upkeep\n|\n|t:|1781376736\n|switch|p1a: Flapple|Flapple, L88, F|266/266\n|turn|21\n|\n|t:|1781376739\n|move|p2a: Gothitelle|Psychic|p1a: Flapple\n|-crit|p1a: Flapple\n|-damage|p1a: Flapple|53/266\n|move|p1a: Flapple|Grav Apple|p2a: Gothitelle\n|-damage|p2a: Gothitelle|133/272\n|-unboost|p2a: Gothitelle|def|1\n|\n|upkeep\n|turn|22\n|\n|t:|1781376743\n|move|p2a: Gothitelle|Psychic|p1a: Flapple\n|-damage|p1a: Flapple|0 fnt\n|faint|p1a: Flapple\n|\n|upkeep\n|\n|t:|1781376744\n|switch|p1a: Donphan|Donphan, L84, M|288/288\n|turn|23\n|\n|t:|1781376746\n|move|p2a: Gothitelle|Psychic|p1a: Donphan\n|-damage|p1a: Donphan|191/288\n|move|p1a: Donphan|Earthquake|p2a: Gothitelle\n|-damage|p2a: Gothitelle|0 fnt\n|faint|p2a: Gothitelle\n|\n|win|LeandroBed2008\n", "uploadtime": 1781376488, "views": 6, "formatid": "gen9randombattle", "rating": null, "private": 0, "password": null}