{"id": "gen9randombattle-2631641955", "format": "[Gen 9] Random Battle", "players": ["Devious_birb", "baddieiscue"], "log": "|j|\u2606Devious_birb\n|j|\u2606baddieiscue\n|t:|1781413491\n|gametype|singles\n|player|p1|Devious_birb|lucas|1022\n|player|p2|baddieiscue|266|1000\n|gen|9\n|tier|[Gen 9] Random Battle\n|rated|\n|rule|Species Clause: Limit one of each Pok\u00e9mon\n|rule|HP Percentage Mod: HP is shown in percentages\n|rule|Sleep Clause Mod: Limit one foe put to sleep\n|rule|Illusion Level Mod: Illusion disguises the Pok\u00e9mon's true level\n|\n|t:|1781413491\n|teamsize|p1|6\n|teamsize|p2|6\n|start\n|switch|p1a: Ho-Oh|Ho-Oh, L71|268/268\n|switch|p2a: Galvantula|Galvantula, L82, F|249/249\n|turn|1\n|inactive|Battle timer is ON: inactive players will automatically lose when time's up. (requested by baddieiscue)\n|\n|t:|1781413503\n|move|p2a: Galvantula|Thunder|p1a: Ho-Oh\n|-supereffective|p1a: Ho-Oh\n|-damage|p1a: Ho-Oh|116/268\n|move|p1a: Ho-Oh|Sacred Fire|p2a: Galvantula\n|-supereffective|p2a: Galvantula\n|-enditem|p2a: Galvantula|Focus Sash\n|-damage|p2a: Galvantula|1/249\n|\n|upkeep\n|turn|2\n|inactive|Devious_birb has 120 seconds left.\n|\n|t:|1781413537\n|-terastallize|p1a: Ho-Oh|Ground\n|move|p2a: Galvantula|Sticky Web|p1a: Ho-Oh\n|-sidestart|p1: Devious_birb|move: Sticky Web\n|move|p1a: Ho-Oh|Sacred Fire|p2a: Galvantula\n|-supereffective|p2a: Galvantula\n|-damage|p2a: Galvantula|0 fnt\n|faint|p2a: Galvantula\n|\n|upkeep\n|\n|t:|1781413554\n|switch|p2a: Victreebel|Victreebel, L90, F|290/290\n|turn|3\n|\n|t:|1781413562\n|move|p2a: Victreebel|Sleep Powder|p1a: Ho-Oh\n|-status|p1a: Ho-Oh|slp|[from] move: Sleep Powder\n|cant|p1a: Ho-Oh|slp\n|\n|upkeep\n|turn|4\n|\n|t:|1781413577\n|move|p2a: Victreebel|Power Whip|p1a: Ho-Oh\n|-supereffective|p1a: Ho-Oh\n|-damage|p1a: Ho-Oh|0 fnt\n|faint|p1a: Ho-Oh\n|-damage|p2a: Victreebel|261/290|[from] item: Life Orb\n|\n|upkeep\n|inactive|Devious_birb has 120 seconds left.\n|\n|t:|1781413599\n|switch|p1a: Iron Thorns|Iron Thorns, L83|302/302\n|-activate|p1a: Iron Thorns|move: Sticky Web\n|-unboost|p1a: Iron Thorns|spe|1\n|-enditem|p1a: Iron Thorns|Booster Energy\n|-activate|p1a: Iron Thorns|ability: Quark Drive|[fromitem]\n|-start|p1a: Iron Thorns|quarkdriveatk\n|turn|5\n|inactive|Devious_birb has 120 seconds left.\n|\n|t:|1781413607\n|move|p2a: Victreebel|Sleep Powder|p1a: Iron Thorns\n|-status|p1a: Iron Thorns|slp|[from] move: Sleep Powder\n|cant|p1a: Iron Thorns|slp\n|\n|upkeep\n|turn|6\n|\n|t:|1781413614\n|move|p2a: Victreebel|Power Whip|p1a: Iron Thorns\n|-supereffective|p1a: Iron Thorns\n|-damage|p1a: Iron Thorns|0 fnt\n|faint|p1a: Iron Thorns\n|-end|p1a: Iron Thorns|Quark Drive|[silent]\n|-damage|p2a: Victreebel|232/290|[from] item: Life Orb\n|\n|upkeep\n|\n|t:|1781413621\n|switch|p1a: Dialga|Dialga, L73|266/266\n|-activate|p1a: Dialga|move: Sticky Web\n|-unboost|p1a: Dialga|spe|1\n|-ability|p1a: Dialga|Pressure\n|turn|7\n|\n|t:|1781413628\n|move|p2a: Victreebel|Sleep Powder|p1a: Dialga\n|-status|p1a: Dialga|slp|[from] move: Sleep Powder\n|cant|p1a: Dialga|slp\n|\n|upkeep\n|turn|8\n|\n|t:|1781413648\n|switch|p2a: Rampardos|Rampardos, L90, F|321/321\n|cant|p1a: Dialga|slp\n|\n|upkeep\n|turn|9\n|\n|t:|1781413659\n|move|p2a: Rampardos|Earthquake|p1a: Dialga\n|-supereffective|p1a: Dialga\n|-damage|p1a: Dialga|44/266 slp\n|-curestatus|p1a: Dialga|slp|[msg]\n|move|p1a: Dialga|Draco Meteor|p2a: Rampardos\n|-damage|p2a: Rampardos|102/321\n|-unboost|p1a: Dialga|spa|2\n|\n|-heal|p1a: Dialga|60/266|[from] item: Leftovers\n|upkeep\n|turn|10\n|-message|Devious_birb forfeited.\n|\n|win|baddieiscue\n|raw|Devious_birb's rating: 1022 &rarr; <strong>1008</strong><br />(-14 for losing)\n|raw|baddieiscue's rating: 1000 &rarr; <strong>1043</strong><br />(+43 for winning)\n|l|\u2606Devious_birb\n|player|p1|\n", "uploadtime": 1781413677, "views": 2, "formatid": "gen9randombattle", "rating": 1008, "private": 0, "password": null}