{"id": "gen9randombattle-2631877000", "format": "[Gen 9] Random Battle", "players": ["i love wo chien", "shaggy_god_lv99"], "log": "|j|\u2606i love wo chien\n|j|\u2606shaggy_god_lv99\n|t:|1781451028\n|gametype|singles\n|player|p1|i love wo chien|chase|1928\n|player|p2|shaggy_god_lv99|101|1878\n|gen|9\n|tier|[Gen 9] Random Battle\n|rated|\n|rule|Species Clause: Limit one of each Pok\u00e9mon\n|rule|HP Percentage Mod: HP is shown in percentages\n|rule|Sleep Clause Mod: Limit one foe put to sleep\n|rule|Illusion Level Mod: Illusion disguises the Pok\u00e9mon's true level\n|\n|t:|1781451028\n|teamsize|p1|6\n|teamsize|p2|6\n|start\n|switch|p1a: Delphox|Delphox, L84, M|263/263\n|switch|p2a: Gholdengo|Gholdengo, L77|261/261\n|turn|1\n|inactive|Battle timer is ON: inactive players will automatically lose when time's up. (requested by i love wo chien)\n|c|\u2606i love wo chien|glhf\n|\n|t:|1781451042\n|switch|p2a: Veluza|Veluza, L85, F|292/292\n|move|p1a: Delphox|Fire Blast|p2a: Veluza\n|-resisted|p2a: Veluza\n|-damage|p2a: Veluza|217/292\n|\n|upkeep\n|turn|2\n|\n|t:|1781451060\n|switch|p1a: Ditto|Ditto, L87|225/225\n|-transform|p1a: Ditto|p2a: Veluza|[from] ability: Imposter\n|move|p2a: Veluza|Fillet Away|p2a: Veluza\n|-boost|p2a: Veluza|atk|2\n|-boost|p2a: Veluza|spa|2\n|-boost|p2a: Veluza|spe|2\n|-damage|p2a: Veluza|71/292\n|-enditem|p2a: Veluza|Sitrus Berry|[eat]\n|-heal|p2a: Veluza|144/292|[from] item: Sitrus Berry\n|\n|upkeep\n|turn|3\n|\n|t:|1781451073\n|switch|p1a: Ampharos|Ampharos, L88, F|302/302\n|move|p2a: Veluza|Night Slash|p1a: Ampharos\n|-damage|p1a: Ampharos|157/302\n|\n|upkeep\n|turn|4\n|\n|t:|1781451079\n|switch|p1a: Ditto|Ditto, L87|225/225\n|-transform|p1a: Ditto|p2a: Veluza|[from] ability: Imposter\n|move|p2a: Veluza|Aqua Cutter|p1a: Ditto\n|-resisted|p1a: Ditto\n|-damage|p1a: Ditto|98/225\n|\n|upkeep\n|turn|5\n|\n|t:|1781451101\n|-terastallize|p2a: Veluza|Dark\n|move|p1a: Ditto|Night Slash|p2a: Veluza\n|-resisted|p2a: Veluza\n|-damage|p2a: Veluza|50/292\n|move|p2a: Veluza|Aqua Cutter|p1a: Ditto\n|-resisted|p1a: Ditto\n|-damage|p1a: Ditto|0 fnt\n|faint|p1a: Ditto\n|\n|upkeep\n|inactive|i love wo chien has 120 seconds left.\n|\n|t:|1781451139\n|switch|p1a: Donphan|Donphan, L84, M|288/288\n|turn|6\n|\n|t:|1781451152\n|switch|p2a: Maushold|Maushold, L76|238/238\n|move|p1a: Donphan|Earthquake|p2a: Maushold\n|-damage|p2a: Maushold|79/238\n|\n|upkeep\n|turn|7\n|\n|t:|1781451160\n|move|p2a: Maushold|Encore|p1a: Donphan\n|-start|p1a: Donphan|Encore\n|move|p1a: Donphan|Earthquake|p2a: Maushold\n|-damage|p2a: Maushold|0 fnt\n|faint|p2a: Maushold\n|\n|upkeep\n|\n|t:|1781451166\n|switch|p2a: Bellossom|Bellossom, L84, F|263/263\n|turn|8\n|\n|t:|1781451171\n|switch|p1a: Delphox|Delphox, L84, M|263/263\n|move|p2a: Bellossom|Quiver Dance|p2a: Bellossom\n|-boost|p2a: Bellossom|spa|1\n|-boost|p2a: Bellossom|spd|1\n|-boost|p2a: Bellossom|spe|1\n|\n|upkeep\n|turn|9\n|inactive|i love wo chien has 120 seconds left.\n|\n|t:|1781451201\n|move|p1a: Delphox|Fire Blast|p2a: Bellossom|[miss]\n|-miss|p1a: Delphox|p2a: Bellossom\n|move|p2a: Bellossom|Quiver Dance|p2a: Bellossom\n|-boost|p2a: Bellossom|spa|1\n|-boost|p2a: Bellossom|spd|1\n|-boost|p2a: Bellossom|spe|1\n|\n|upkeep\n|turn|10\n|\n|t:|1781451207\n|move|p2a: Bellossom|Quiver Dance|p2a: Bellossom\n|-boost|p2a: Bellossom|spa|1\n|-boost|p2a: Bellossom|spd|1\n|-boost|p2a: Bellossom|spe|1\n|move|p1a: Delphox|Fire Blast|p2a: Bellossom\n|-supereffective|p2a: Bellossom\n|-damage|p2a: Bellossom|171/263\n|\n|-heal|p2a: Bellossom|187/263|[from] item: Leftovers\n|upkeep\n|turn|11\n|\n|t:|1781451222\n|move|p2a: Bellossom|Quiver Dance|p2a: Bellossom\n|-boost|p2a: Bellossom|spa|1\n|-boost|p2a: Bellossom|spd|1\n|-boost|p2a: Bellossom|spe|1\n|move|p1a: Delphox|Psyshock|p2a: Bellossom\n|-damage|p2a: Bellossom|103/263\n|\n|-heal|p2a: Bellossom|119/263|[from] item: Leftovers\n|upkeep\n|turn|12\n|\n|t:|1781451230\n|move|p2a: Bellossom|Giga Drain|p1a: Delphox\n|-resisted|p1a: Delphox\n|-damage|p1a: Delphox|168/263\n|-heal|p2a: Bellossom|167/263|[from] drain|[of] p1a: Delphox\n|move|p1a: Delphox|Psyshock|p2a: Bellossom\n|-damage|p2a: Bellossom|80/263\n|\n|-heal|p2a: Bellossom|96/263|[from] item: Leftovers\n|upkeep\n|turn|13\n|\n|t:|1781451238\n|move|p2a: Bellossom|Giga Drain|p1a: Delphox\n|-resisted|p1a: Delphox\n|-crit|p1a: Delphox\n|-damage|p1a: Delphox|3/263\n|-heal|p2a: Bellossom|179/263|[from] drain|[of] p1a: Delphox\n|move|p1a: Delphox|Psyshock|p2a: Bellossom\n|-damage|p2a: Bellossom|89/263\n|\n|-heal|p2a: Bellossom|105/263|[from] item: Leftovers\n|upkeep\n|turn|14\n|\n|t:|1781451246\n|move|p2a: Bellossom|Strength Sap|p1a: Delphox\n|-unboost|p1a: Delphox|atk|1\n|-heal|p2a: Bellossom|225/263\n|move|p1a: Delphox|Psyshock|p2a: Bellossom\n|-damage|p2a: Bellossom|138/263\n|\n|-heal|p2a: Bellossom|154/263|[from] item: Leftovers\n|upkeep\n|turn|15\n|\n|t:|1781451254\n|move|p2a: Bellossom|Giga Drain|p1a: Delphox\n|-resisted|p1a: Delphox\n|-damage|p1a: Delphox|0 fnt\n|-heal|p2a: Bellossom|156/263|[from] drain|[of] p1a: Delphox\n|faint|p1a: Delphox\n|\n|-heal|p2a: Bellossom|172/263|[from] item: Leftovers\n|upkeep\n|inactive|i love wo chien has 120 seconds left.\n|inactive|i love wo chien has 90 seconds left.\n|\n|t:|1781451339\n|switch|p1a: Donphan|Donphan, L84, M|288/288\n|turn|16\n|\n|t:|1781451344\n|-terastallize|p1a: Donphan|Steel\n|move|p2a: Bellossom|Giga Drain|p1a: Donphan\n|-resisted|p1a: Donphan\n|-damage|p1a: Donphan|153/288\n|-heal|p2a: Bellossom|240/263|[from] drain|[of] p1a: Donphan\n|move|p1a: Donphan|Ice Spinner|p2a: Bellossom\n|-supereffective|p2a: Bellossom\n|-damage|p2a: Bellossom|124/263\n|\n|-heal|p2a: Bellossom|140/263|[from] item: Leftovers\n|-heal|p1a: Donphan|171/288|[from] item: Leftovers\n|upkeep\n|turn|17\n|c|\u2606i love wo chien|gg\n|-message|i love wo chien forfeited.\n|\n|win|shaggy_god_lv99\n|raw|i love wo chien's rating: 1928 &rarr; <strong>1905</strong><br />(-23 for losing)\n|raw|shaggy_god_lv99's rating: 1878 &rarr; <strong>1901</strong><br />(+23 for winning)\n", "uploadtime": 1781451357, "views": 2, "formatid": "gen9randombattle", "rating": 1901, "private": 0, "password": null}