{"id": "gen9randombattle-2631465874", "format": "[Gen 9] Random Battle", "players": ["Impeetee", "goooze"], "log": "|j|\u203dImpeetee\n|j|\u2606goooze\n|t:|1781388134\n|gametype|singles\n|player|p1|Impeetee|2|2229\n|player|p2|goooze|li|2275\n|gen|9\n|tier|[Gen 9] Random Battle\n|rated|\n|rule|Species Clause: Limit one of each Pok\u00e9mon\n|rule|HP Percentage Mod: HP is shown in percentages\n|rule|Sleep Clause Mod: Limit one foe put to sleep\n|rule|Illusion Level Mod: Illusion disguises the Pok\u00e9mon's true level\n|\n|t:|1781388134\n|teamsize|p1|6\n|teamsize|p2|6\n|start\n|switch|p1a: Zekrom|Zekrom, L71|259/259\n|switch|p2a: Stonjourner|Stonjourner, L91, M|330/330\n|-ability|p1a: Zekrom|Teravolt\n|turn|1\n|inactive|Battle timer is ON: inactive players will automatically lose when time's up. (requested by goooze)\n|\n|t:|1781388147\n|switch|p1a: Palossand|Palossand, L89, F|296/296\n|move|p2a: Stonjourner|Earthquake|p1a: Palossand\n|-damage|p1a: Palossand|199/296\n|-damage|p2a: Stonjourner|297/330|[from] item: Life Orb\n|\n|-heal|p1a: Palossand|217/296|[from] item: Leftovers\n|upkeep\n|turn|2\n|\n|t:|1781388160\n|switch|p2a: Vespiquen|Vespiquen, L99, F|299/299\n|-ability|p2a: Vespiquen|Pressure\n|move|p1a: Palossand|Sludge Bomb|p2a: Vespiquen\n|-damage|p2a: Vespiquen|238/299\n|-status|p2a: Vespiquen|psn\n|\n|-heal|p1a: Palossand|235/296|[from] item: Leftovers\n|-damage|p2a: Vespiquen|201/299 psn|[from] psn\n|upkeep\n|turn|3\n|\n|t:|1781388176\n|move|p2a: Vespiquen|Spikes|p1a: Palossand\n|-sidestart|p1: Impeetee|Spikes\n|move|p1a: Palossand|Shadow Ball|p2a: Vespiquen\n|-damage|p2a: Vespiquen|128/299 psn\n|\n|-heal|p1a: Palossand|253/296|[from] item: Leftovers\n|-damage|p2a: Vespiquen|91/299 psn|[from] psn\n|upkeep\n|turn|4\n|j| rufoush\n|\n|t:|1781388189\n|move|p2a: Vespiquen|Roost|p2a: Vespiquen\n|-heal|p2a: Vespiquen|241/299 psn\n|-singleturn|p2a: Vespiquen|move: Roost\n|move|p1a: Palossand|Shadow Ball|p2a: Vespiquen\n|-damage|p2a: Vespiquen|174/299 psn\n|\n|-heal|p1a: Palossand|271/296|[from] item: Leftovers\n|-damage|p2a: Vespiquen|137/299 psn|[from] psn\n|upkeep\n|turn|5\n|\n|t:|1781388194\n|move|p2a: Vespiquen|Roost|p2a: Vespiquen\n|-heal|p2a: Vespiquen|287/299 psn\n|-singleturn|p2a: Vespiquen|move: Roost\n|move|p1a: Palossand|Shadow Ball|p2a: Vespiquen\n|-damage|p2a: Vespiquen|206/299 psn\n|-unboost|p2a: Vespiquen|spd|1\n|\n|-heal|p1a: Palossand|289/296|[from] item: Leftovers\n|-damage|p2a: Vespiquen|169/299 psn|[from] psn\n|upkeep\n|turn|6\n|\n|t:|1781388202\n|move|p2a: Vespiquen|U-turn|p1a: Palossand\n|-resisted|p1a: Palossand\n|-crit|p1a: Palossand\n|-damage|p1a: Palossand|235/296\n|\n|t:|1781388214\n|switch|p2a: Victreebel|Victreebel, L90, M|290/290|[from] U-turn\n|move|p1a: Palossand|Shadow Ball|p2a: Victreebel\n|-damage|p2a: Victreebel|185/290\n|\n|-heal|p1a: Palossand|253/296|[from] item: Leftovers\n|upkeep\n|turn|7\n|\n|t:|1781388225\n|switch|p1a: Venomoth|Venomoth, L84, M|255/255\n|move|p2a: Victreebel|Power Whip|p1a: Venomoth\n|-resisted|p1a: Venomoth\n|-damage|p1a: Venomoth|185/255\n|-damage|p2a: Victreebel|156/290|[from] item: Life Orb\n|\n|upkeep\n|turn|8\n|\n|t:|1781388249\n|move|p1a: Venomoth|Quiver Dance|p1a: Venomoth\n|-boost|p1a: Venomoth|spa|1\n|-boost|p1a: Venomoth|spd|1\n|-boost|p1a: Venomoth|spe|1\n|move|p2a: Victreebel|Sunny Day|p2a: Victreebel\n|-weather|SunnyDay\n|\n|-weather|SunnyDay|[upkeep]\n|upkeep\n|turn|9\n|inactive|Impeetee has 120 seconds left.\n|\n|t:|1781388281\n|switch|p1a: Luvdisc|Luvdisc, M|247/247\n|move|p2a: Victreebel|Weather Ball|p1a: Luvdisc\n|-resisted|p1a: Luvdisc\n|-damage|p1a: Luvdisc|159/247\n|-damage|p2a: Victreebel|127/290|[from] item: Life Orb\n|\n|-weather|SunnyDay|[upkeep]\n|upkeep\n|turn|10\n|inactive|Impeetee has 120 seconds left.\n|l| rufoush\n|inactive|goooze has 120 seconds left.\n|\n|t:|1781388323\n|switch|p2a: Vespiquen|Vespiquen, L99, F|169/299 psn\n|-ability|p2a: Vespiquen|Pressure\n|switch|p1a: Venomoth|Venomoth, L84, M|185/255\n|\n|-weather|SunnyDay|[upkeep]\n|-damage|p2a: Vespiquen|132/299 psn|[from] psn\n|upkeep\n|turn|11\n|\n|t:|1781388335\n|move|p1a: Venomoth|Sludge Wave|p2a: Vespiquen\n|-damage|p2a: Vespiquen|62/299 psn\n|move|p2a: Vespiquen|U-turn|p1a: Venomoth\n|-resisted|p1a: Venomoth\n|-damage|p1a: Venomoth|128/255\n|inactive|goooze has 90 seconds left.\n|\n|t:|1781388364\n|switch|p2a: Girafarig|Girafarig, L89, M|269/269|[from] U-turn\n|\n|-weather|SunnyDay|[upkeep]\n|upkeep\n|turn|12\n|inactive|Impeetee has 120 seconds left.\n|\n|t:|1781388381\n|switch|p1a: Luvdisc|Luvdisc, M|159/247\n|move|p2a: Girafarig|Psychic|p1a: Luvdisc\n|-damage|p1a: Luvdisc|50/247\n|\n|-weather|none\n|upkeep\n|turn|13\n|inactive|goooze has 90 seconds left.\n|\n|t:|1781388402\n|move|p1a: Luvdisc|Endeavor|p2a: Girafarig\n|-damage|p2a: Girafarig|50/269\n|move|p2a: Girafarig|Psychic|p1a: Luvdisc\n|-damage|p1a: Luvdisc|0 fnt\n|faint|p1a: Luvdisc\n|\n|upkeep\n|inactive|Impeetee has 120 seconds left.\n|\n|t:|1781388412\n|switch|p1a: Palossand|Palossand, L89, F|219/219\n|-damage|p1a: Palossand|192/219|[from] Spikes\n|turn|14\n|inactive|goooze has 90 seconds left.\n|\n|t:|1781388429\n|switch|p2a: Victreebel|Victreebel, L90, M|127/290\n|move|p1a: Palossand|Hyper Voice|p2a: Victreebel\n|-damage|p2a: Victreebel|0 fnt\n|faint|p2a: Victreebel\n|-damage|p1a: Palossand|171/219|[from] item: Life Orb\n|\n|upkeep\n|inactive|goooze has 90 seconds left.\n|\n|t:|1781388442\n|switch|p2a: Persian|Persian-Alola, L86, M|252/252\n|turn|15\n|\n|t:|1781388452\n|-terastallize|p1a: Palossand|Fighting\n|move|p2a: Persian|Knock Off|p1a: Palossand\n|-resisted|p1a: Palossand\n|-damage|p1a: Palossand|114/219\n|replace|p1a: Zoroark|Zoroark-Hisui, L80, M\n|-end|p1a: Zoroark|Illusion\n|-hint|Illusion Level Mod is active, so this Pok\u00e9mon's true level was hidden.\n|-enditem|p1a: Zoroark|Life Orb|[from] move: Knock Off|[of] p2a: Persian\n|move|p1a: Zoroark|Focus Blast|p2a: Persian\n|-supereffective|p2a: Persian\n|-damage|p2a: Persian|0 fnt\n|faint|p2a: Persian\n|\n|upkeep\n|inactive|goooze has 90 seconds left.\n|inactive|goooze has 60 seconds left.\n|\n|t:|1781388494\n|switch|p2a: Iron Treads|Iron Treads, L77|265/265\n|turn|16\n|\n|t:|1781388502\n|move|p1a: Zoroark|Will-O-Wisp|p2a: Iron Treads\n|-status|p2a: Iron Treads|brn\n|move|p2a: Iron Treads|Earthquake|p1a: Zoroark\n|-damage|p1a: Zoroark|47/219\n|\n|-damage|p2a: Iron Treads|249/265 brn|[from] brn\n|upkeep\n|turn|17\n|\n|t:|1781388509\n|switch|p1a: Palossand|Palossand, L89, F|253/296\n|-damage|p1a: Palossand|216/296|[from] Spikes\n|move|p2a: Iron Treads|Earthquake|p1a: Palossand\n|-damage|p1a: Palossand|177/296\n|\n|-heal|p1a: Palossand|195/296|[from] item: Leftovers\n|-damage|p2a: Iron Treads|233/265 brn|[from] brn\n|upkeep\n|turn|18\n|\n|t:|1781388516\n|move|p2a: Iron Treads|Knock Off|p1a: Palossand\n|-supereffective|p1a: Palossand\n|-crit|p1a: Palossand\n|-damage|p1a: Palossand|118/296\n|-enditem|p1a: Palossand|Leftovers|[from] move: Knock Off|[of] p2a: Iron Treads\n|move|p1a: Palossand|Sludge Bomb|p2a: Iron Treads\n|-immune|p2a: Iron Treads\n|\n|-damage|p2a: Iron Treads|217/265 brn|[from] brn\n|upkeep\n|turn|19\n|\n|t:|1781388525\n|-end|p2a: Iron Treads|Quark Drive|[silent]\n|switch|p2a: Vespiquen|Vespiquen, L99, F|62/299 psn\n|-ability|p2a: Vespiquen|Pressure\n|move|p1a: Palossand|Shore Up|p1a: Palossand\n|-heal|p1a: Palossand|266/296\n|\n|-damage|p2a: Vespiquen|25/299 psn|[from] psn\n|upkeep\n|turn|20\n|inactive|goooze has 90 seconds left.\n|\n|t:|1781388537\n|move|p2a: Vespiquen|Roost|p2a: Vespiquen\n|-heal|p2a: Vespiquen|175/299 psn\n|-singleturn|p2a: Vespiquen|move: Roost\n|move|p1a: Palossand|Sludge Bomb|p2a: Vespiquen\n|-damage|p2a: Vespiquen|119/299 psn\n|\n|-damage|p2a: Vespiquen|82/299 psn|[from] psn\n|upkeep\n|turn|21\n|\n|t:|1781388557\n|move|p2a: Vespiquen|U-turn|p1a: Palossand\n|-resisted|p1a: Palossand\n|-damage|p1a: Palossand|231/296\n|\n|t:|1781388561\n|switch|p2a: Iron Treads|Iron Treads, L77|217/265 brn|[from] U-turn\n|move|p1a: Palossand|Shadow Ball|p2a: Iron Treads\n|-damage|p2a: Iron Treads|133/265 brn\n|\n|-damage|p2a: Iron Treads|117/265 brn|[from] brn\n|upkeep\n|turn|22\n|\n|t:|1781388579\n|move|p2a: Iron Treads|Knock Off|p1a: Palossand\n|-supereffective|p1a: Palossand\n|-damage|p1a: Palossand|198/296\n|move|p1a: Palossand|Shore Up|p1a: Palossand\n|-heal|p1a: Palossand|296/296\n|\n|-damage|p2a: Iron Treads|101/265 brn|[from] brn\n|upkeep\n|turn|23\n|\n|t:|1781388589\n|move|p2a: Iron Treads|Knock Off|p1a: Palossand\n|-supereffective|p1a: Palossand\n|-damage|p1a: Palossand|264/296\n|move|p1a: Palossand|Earth Power|p2a: Iron Treads\n|-supereffective|p2a: Iron Treads\n|-damage|p2a: Iron Treads|0 fnt\n|faint|p2a: Iron Treads\n|-end|p2a: Iron Treads|Quark Drive|[silent]\n|\n|upkeep\n|\n|t:|1781388594\n|switch|p2a: Vespiquen|Vespiquen, L99, F|82/299 psn\n|-ability|p2a: Vespiquen|Pressure\n|turn|24\n|\n|t:|1781388600\n|move|p2a: Vespiquen|Spikes|p1a: Palossand\n|-sidestart|p1: Impeetee|Spikes\n|move|p1a: Palossand|Shadow Ball|p2a: Vespiquen\n|-damage|p2a: Vespiquen|3/299 psn\n|\n|-damage|p2a: Vespiquen|0 fnt|[from] psn\n|faint|p2a: Vespiquen\n|upkeep\n|\n|t:|1781388611\n|switch|p2a: Girafarig|Girafarig, L89, M|50/269\n|turn|25\n|\n|t:|1781388623\n|switch|p1a: Venomoth|Venomoth, L84, M|128/255\n|move|p2a: Girafarig|Psychic|p1a: Venomoth\n|-supereffective|p1a: Venomoth\n|-damage|p1a: Venomoth|0 fnt\n|faint|p1a: Venomoth\n|\n|upkeep\n|\n|t:|1781388625\n|switch|p1a: Zekrom|Zekrom, L71, tera:Fighting|47/219\n|-damage|p1a: Zekrom|11/219|[from] Spikes\n|turn|26\n|inactive|goooze has 120 seconds left.\n|\n|t:|1781388636\n|move|p1a: Zekrom|Hyper Voice|p2a: Girafarig\n|-damage|p2a: Girafarig|0 fnt\n|faint|p2a: Girafarig\n|\n|upkeep\n|\n|t:|1781388637\n|switch|p2a: Stonjourner|Stonjourner, L91, M|297/330\n|turn|27\n|\n|t:|1781388644\n|-terastallize|p2a: Stonjourner|Fire\n|move|p1a: Zekrom|Will-O-Wisp|p2a: Stonjourner\n|-immune|p2a: Stonjourner\n|move|p2a: Stonjourner|Rock Polish|p2a: Stonjourner\n|-boost|p2a: Stonjourner|spe|2\n|\n|upkeep\n|turn|28\n|\n|t:|1781388648\n|move|p2a: Stonjourner|Earthquake|p1a: Zekrom\n|-damage|p1a: Zekrom|0 fnt\n|replace|p1a: Zoroark|Zoroark-Hisui, L80, M\n|-end|p1a: Zoroark|Illusion\n|faint|p1a: Zoroark\n|-damage|p2a: Stonjourner|264/330|[from] item: Life Orb\n|\n|upkeep\n|\n|t:|1781388658\n|switch|p1a: Zekrom|Zekrom, L71|259/259\n|-damage|p1a: Zekrom|216/259|[from] Spikes\n|-ability|p1a: Zekrom|Teravolt\n|turn|29\n|\n|t:|1781388663\n|move|p2a: Stonjourner|Earthquake|p1a: Zekrom\n|-supereffective|p1a: Zekrom\n|-damage|p1a: Zekrom|0 fnt\n|faint|p1a: Zekrom\n|-damage|p2a: Stonjourner|231/330|[from] item: Life Orb\n|\n|upkeep\n|\n|t:|1781388667\n|switch|p1a: Ludicolo|Ludicolo, L90, F|290/290\n|-damage|p1a: Ludicolo|242/290|[from] Spikes\n|turn|30\n|\n|t:|1781388678\n|move|p2a: Stonjourner|Heat Crash|p1a: Ludicolo\n|-damage|p1a: Ludicolo|0 fnt\n|faint|p1a: Ludicolo\n|-damage|p2a: Stonjourner|198/330|[from] item: Life Orb\n|\n|upkeep\n|\n|t:|1781388681\n|switch|p1a: Palossand|Palossand, L89, F|264/296\n|-damage|p1a: Palossand|215/296|[from] Spikes\n|turn|31\n|\n|t:|1781388686\n|move|p2a: Stonjourner|Earthquake|p1a: Palossand\n|-damage|p1a: Palossand|103/296\n|-damage|p2a: Stonjourner|165/330|[from] item: Life Orb\n|move|p1a: Palossand|Earth Power|p2a: Stonjourner\n|-supereffective|p2a: Stonjourner\n|-damage|p2a: Stonjourner|0 fnt\n|faint|p2a: Stonjourner\n|\n|win|Impeetee\n", "uploadtime": 1781388137, "views": 9, "formatid": "gen9randombattle", "rating": null, "private": 0, "password": null}