{"id": "gen9randombattle-2631745814", "format": "[Gen 9] Random Battle", "players": ["NateMemeGod", "nahahnsw"], "log": "|j|\u2606NateMemeGod\n|j|\u2606nahahnsw\n|t:|1781432806\n|gametype|singles\n|player|p1|NateMemeGod|265|1318\n|player|p2|nahahnsw|170|1284\n|gen|9\n|tier|[Gen 9] Random Battle\n|rated|\n|rule|Species Clause: Limit one of each Pok\u00e9mon\n|rule|HP Percentage Mod: HP is shown in percentages\n|rule|Sleep Clause Mod: Limit one foe put to sleep\n|rule|Illusion Level Mod: Illusion disguises the Pok\u00e9mon's true level\n|\n|t:|1781432806\n|teamsize|p1|6\n|teamsize|p2|6\n|start\n|switch|p1a: Spidops|Spidops, L96, M|271/271\n|switch|p2a: Gastrodon|Gastrodon-East, L86, M|331/331\n|turn|1\n|inactive|Battle timer is ON: inactive players will automatically lose when time's up. (requested by nahahnsw)\n|\n|t:|1781432830\n|move|p1a: Spidops|Sticky Web|p2a: Gastrodon\n|-sidestart|p2: nahahnsw|move: Sticky Web\n|move|p2a: Gastrodon|Spikes|p1a: Spidops\n|-sidestart|p1: NateMemeGod|Spikes\n|\n|upkeep\n|turn|2\n|\n|t:|1781432836\n|move|p1a: Spidops|Knock Off|p2a: Gastrodon\n|-crit|p2a: Gastrodon\n|-damage|p2a: Gastrodon|190/331\n|-enditem|p2a: Gastrodon|Leftovers|[from] move: Knock Off|[of] p1a: Spidops\n|move|p2a: Gastrodon|Spikes|p1a: Spidops\n|-sidestart|p1: NateMemeGod|Spikes\n|\n|upkeep\n|turn|3\n|\n|t:|1781432845\n|move|p2a: Gastrodon|Recover|p2a: Gastrodon\n|-heal|p2a: Gastrodon|331/331\n|move|p1a: Spidops|Circle Throw|p2a: Gastrodon\n|-damage|p2a: Gastrodon|277/331\n|drag|p2a: Carbink|Carbink, L90|236/236\n|-activate|p2a: Carbink|move: Sticky Web\n|-fail|p2a: Carbink|unboost|[from] ability: Clear Body|[of] p2a: Carbink\n|\n|upkeep\n|turn|4\n|\n|t:|1781432866\n|-terastallize|p1a: Spidops|Ghost\n|move|p2a: Carbink|Moonblast|p1a: Spidops\n|-damage|p1a: Spidops|208/271\n|-unboost|p1a: Spidops|spa|1\n|move|p1a: Spidops|Knock Off|p2a: Carbink\n|-resisted|p2a: Carbink\n|-damage|p2a: Carbink|212/236\n|-enditem|p2a: Carbink|Leftovers|[from] move: Knock Off|[of] p1a: Spidops\n|\n|upkeep\n|turn|5\n|\n|t:|1781432878\n|move|p2a: Carbink|Iron Defense|p2a: Carbink\n|-boost|p2a: Carbink|def|2\n|move|p1a: Spidops|Circle Throw|p2a: Carbink\n|-damage|p2a: Carbink|196/236\n|drag|p2a: Necrozma|Necrozma, L80|286/286\n|-activate|p2a: Necrozma|move: Sticky Web\n|-unboost|p2a: Necrozma|spe|1\n|\n|upkeep\n|turn|6\n|\n|t:|1781432891\n|move|p1a: Spidops|Knock Off|p2a: Necrozma\n|-supereffective|p2a: Necrozma\n|-damage|p2a: Necrozma|177/286\n|-enditem|p2a: Necrozma|Life Orb|[from] move: Knock Off|[of] p1a: Spidops\n|move|p2a: Necrozma|Knock Off|p1a: Spidops\n|-supereffective|p1a: Spidops\n|-damage|p1a: Spidops|90/271\n|-enditem|p1a: Spidops|Heavy-Duty Boots|[from] move: Knock Off|[of] p2a: Necrozma\n|\n|upkeep\n|turn|7\n|\n|t:|1781432906\n|move|p1a: Spidops|U-turn|p2a: Necrozma\n|-supereffective|p2a: Necrozma\n|-damage|p2a: Necrozma|54/286\n|\n|t:|1781432920\n|switch|p1a: Heracross|Heracross, L80, M|259/259|[from] U-turn\n|-damage|p1a: Heracross|216/259|[from] Spikes\n|move|p2a: Necrozma|Earthquake|p1a: Heracross\n|-resisted|p1a: Heracross\n|-damage|p1a: Heracross|176/259\n|\n|upkeep\n|turn|8\n|\n|t:|1781432940\n|move|p1a: Heracross|Close Combat|p2a: Necrozma\n|-resisted|p2a: Necrozma\n|-damage|p2a: Necrozma|0 fnt\n|-unboost|p1a: Heracross|def|1\n|-unboost|p1a: Heracross|spd|1\n|faint|p2a: Necrozma\n|-ability|p1a: Heracross|Moxie|boost\n|-boost|p1a: Heracross|atk|1\n|\n|upkeep\n|\n|t:|1781432949\n|switch|p2a: Carbink|Carbink, L90|196/236\n|-activate|p2a: Carbink|move: Sticky Web\n|-fail|p2a: Carbink|unboost|[from] ability: Clear Body|[of] p2a: Carbink\n|turn|9\n|\n|t:|1781432958\n|move|p1a: Heracross|Close Combat|p2a: Carbink\n|-damage|p2a: Carbink|63/236\n|-unboost|p1a: Heracross|def|1\n|-unboost|p1a: Heracross|spd|1\n|move|p2a: Carbink|Iron Defense|p2a: Carbink\n|-boost|p2a: Carbink|def|2\n|\n|upkeep\n|turn|10\n|\n|t:|1781432967\n|move|p1a: Heracross|Close Combat|p2a: Carbink\n|-damage|p2a: Carbink|2/236\n|-unboost|p1a: Heracross|def|1\n|-unboost|p1a: Heracross|spd|1\n|move|p2a: Carbink|Moonblast|p1a: Heracross\n|-supereffective|p1a: Heracross\n|-damage|p1a: Heracross|0 fnt\n|faint|p1a: Heracross\n|\n|upkeep\n|\n|t:|1781432975\n|switch|p1a: Spidops|Spidops, L96, M, tera:Ghost|90/271\n|-damage|p1a: Spidops|45/271|[from] Spikes\n|turn|11\n|\n|t:|1781432982\n|move|p2a: Carbink|Moonblast|p1a: Spidops\n|-damage|p1a: Spidops|0 fnt\n|faint|p1a: Spidops\n|\n|upkeep\n|\n|t:|1781433001\n|switch|p1a: Flamigo|Flamigo, L82, M|269/269\n|turn|12\n|\n|t:|1781433009\n|move|p1a: Flamigo|Brave Bird|p2a: Carbink\n|-resisted|p2a: Carbink\n|-damage|p2a: Carbink|0 fnt\n|faint|p2a: Carbink\n|-damage|p1a: Flamigo|268/269|[from] Recoil\n|-damage|p1a: Flamigo|242/269|[from] item: Life Orb\n|\n|upkeep\n|\n|t:|1781433017\n|switch|p2a: Minun|Minun, L95, F|268/268\n|-activate|p2a: Minun|move: Sticky Web\n|-unboost|p2a: Minun|spe|1\n|turn|13\n|\n|t:|1781433026\n|move|p1a: Flamigo|Close Combat|p2a: Minun\n|-damage|p2a: Minun|50/268\n|-unboost|p1a: Flamigo|def|1\n|-unboost|p1a: Flamigo|spd|1\n|-damage|p1a: Flamigo|216/269|[from] item: Life Orb\n|move|p2a: Minun|Thunderbolt|p1a: Flamigo\n|-supereffective|p1a: Flamigo\n|-damage|p1a: Flamigo|0 fnt\n|faint|p1a: Flamigo\n|-damage|p2a: Minun|24/268|[from] item: Life Orb\n|\n|upkeep\n|\n|t:|1781433042\n|switch|p1a: Tatsugiri|Tatsugiri, L87, M|260/260\n|turn|14\n|\n|t:|1781433048\n|move|p1a: Tatsugiri|Rapid Spin|p2a: Minun\n|-damage|p2a: Minun|0 fnt\n|-boost|p1a: Tatsugiri|spe|1\n|-sideend|p1: NateMemeGod|Spikes|[from] move: Rapid Spin|[of] p1a: Tatsugiri\n|faint|p2a: Minun\n|\n|upkeep\n|\n|t:|1781433058\n|switch|p2a: Rillaboom|Rillaboom, L79, F|288/288\n|-activate|p2a: Rillaboom|move: Sticky Web\n|-unboost|p2a: Rillaboom|spe|1\n|-fieldstart|move: Grassy Terrain|[from] ability: Grassy Surge|[of] p2a: Rillaboom\n|turn|15\n|\n|t:|1781433065\n|move|p2a: Rillaboom|Grassy Glide|p1a: Tatsugiri\n|-damage|p1a: Tatsugiri|95/260\n|move|p1a: Tatsugiri|Nasty Plot|p1a: Tatsugiri\n|-boost|p1a: Tatsugiri|spa|2\n|\n|-heal|p1a: Tatsugiri|111/260|[from] Grassy Terrain\n|upkeep\n|turn|16\n|\n|t:|1781433078\n|move|p2a: Rillaboom|Grassy Glide|p1a: Tatsugiri\n|-damage|p1a: Tatsugiri|0 fnt\n|faint|p1a: Tatsugiri\n|\n|upkeep\n|\n|t:|1781433081\n|switch|p1a: Banette|Banette, L93, M|270/270\n|turn|17\n|\n|t:|1781433086\n|switch|p2a: Gastrodon|Gastrodon-East, L86, M|277/331\n|-activate|p2a: Gastrodon|move: Sticky Web\n|-unboost|p2a: Gastrodon|spe|1\n|move|p1a: Banette|Thunder Wave|p2a: Gastrodon\n|-immune|p2a: Gastrodon\n|\n|-heal|p2a: Gastrodon|297/331|[from] Grassy Terrain\n|upkeep\n|turn|18\n|\n|t:|1781433100\n|move|p1a: Banette|Poltergeist||[still]\n|-fail|p1a: Banette\n|move|p2a: Gastrodon|Spikes|p1a: Banette\n|-sidestart|p1: NateMemeGod|Spikes\n|\n|-heal|p2a: Gastrodon|317/331|[from] Grassy Terrain\n|upkeep\n|turn|19\n|inactive|NateMemeGod has 120 seconds left.\n|\n|t:|1781433150\n|move|p1a: Banette|Poltergeist||[still]\n|-fail|p1a: Banette\n|move|p2a: Gastrodon|Spikes|p1a: Banette\n|-sidestart|p1: NateMemeGod|Spikes\n|\n|-heal|p2a: Gastrodon|331/331|[from] Grassy Terrain\n|-fieldend|move: Grassy Terrain\n|upkeep\n|turn|20\n|-message|NateMemeGod forfeited.\n|\n|win|nahahnsw\n|raw|NateMemeGod's rating: 1318 &rarr; <strong>1296</strong><br />(-22 for losing)\n|raw|nahahnsw's rating: 1284 &rarr; <strong>1311</strong><br />(+27 for winning)\n|l|\u2606NateMemeGod\n|player|p1|\n", "uploadtime": 1781433159, "views": 2, "formatid": "gen9randombattle", "rating": 1296, "private": 0, "password": null}