{"id": "gen9randombattle-2631536695", "format": "[Gen 9] Random Battle", "players": ["Petilil37", "DaMoistAvocado"], "log": "|j|\u203dPetilil37\n|j|\u2606DaMoistAvocado\n|t:|1781398122\n|gametype|singles\n|player|p1|Petilil37|266|2000\n|player|p2|DaMoistAvocado|steven|1976\n|gen|9\n|tier|[Gen 9] Random Battle\n|rated|\n|rule|Species Clause: Limit one of each Pok\u00e9mon\n|rule|HP Percentage Mod: HP is shown in percentages\n|rule|Sleep Clause Mod: Limit one foe put to sleep\n|rule|Illusion Level Mod: Illusion disguises the Pok\u00e9mon's true level\n|\n|t:|1781398122\n|teamsize|p1|6\n|teamsize|p2|6\n|start\n|switch|p1a: Ambipom|Ambipom, L84, F|263/263\n|switch|p2a: Arceus|Arceus-Dragon, L71|288/288\n|turn|1\n|\n|t:|1781398152\n|switch|p2a: Klawf|Klawf, L90, F|272/272\n|move|p1a: Ambipom|Fake Out|p2a: Klawf\n|-resisted|p2a: Klawf\n|-damage|p2a: Klawf|243/272\n|\n|upkeep\n|turn|2\n|\n|t:|1781398159\n|switch|p1a: Great Tusk|Great Tusk, L77|304/304\n|-enditem|p1a: Great Tusk|Booster Energy\n|-activate|p1a: Great Tusk|ability: Protosynthesis|[fromitem]\n|-start|p1a: Great Tusk|protosynthesisatk\n|move|p2a: Klawf|Swords Dance|p2a: Klawf\n|-boost|p2a: Klawf|atk|2\n|\n|upkeep\n|turn|3\n|\n|t:|1781398179\n|move|p2a: Klawf|Crabhammer|p1a: Great Tusk\n|-supereffective|p1a: Great Tusk\n|-damage|p1a: Great Tusk|0 fnt\n|faint|p1a: Great Tusk\n|-end|p1a: Great Tusk|Protosynthesis|[silent]\n|\n|upkeep\n|\n|t:|1781398210\n|switch|p1a: Ampharos|Ampharos, L88, F|302/302\n|turn|4\n|\n|t:|1781398216\n|-terastallize|p1a: Ampharos|Fairy\n|move|p2a: Klawf|High Horsepower|p1a: Ampharos\n|-damage|p1a: Ampharos|143/302\n|move|p1a: Ampharos|Focus Blast|p2a: Klawf\n|-supereffective|p2a: Klawf\n|-damage|p2a: Klawf|0 fnt\n|faint|p2a: Klawf\n|\n|upkeep\n|\n|t:|1781398234\n|switch|p2a: Cresselia|Cresselia, L80, F|323/323\n|turn|5\n|\n|t:|1781398241\n|move|p2a: Cresselia|Calm Mind|p2a: Cresselia\n|-boost|p2a: Cresselia|spa|1\n|-boost|p2a: Cresselia|spd|1\n|move|p1a: Ampharos|Volt Switch|p2a: Cresselia\n|-damage|p2a: Cresselia|271/323\n|\n|t:|1781398248\n|switch|p1a: Chien-Pao|Chien-Pao, L72|234/234|[from] Volt Switch\n|-ability|p1a: Chien-Pao|Sword of Ruin\n|\n|-heal|p2a: Cresselia|291/323|[from] item: Leftovers\n|upkeep\n|turn|6\n|\n|t:|1781398256\n|-terastallize|p2a: Cresselia|Poison\n|move|p1a: Chien-Pao|Icicle Crash|p2a: Cresselia\n|-damage|p2a: Cresselia|159/323\n|move|p2a: Cresselia|Thunderbolt|p1a: Chien-Pao\n|-damage|p1a: Chien-Pao|134/234\n|\n|-heal|p2a: Cresselia|179/323|[from] item: Leftovers\n|upkeep\n|turn|7\n|\n|t:|1781398262\n|move|p1a: Chien-Pao|Icicle Crash|p2a: Cresselia\n|-damage|p2a: Cresselia|35/323\n|cant|p2a: Cresselia|flinch\n|\n|-heal|p2a: Cresselia|55/323|[from] item: Leftovers\n|upkeep\n|turn|8\n|\n|t:|1781398271\n|switch|p2a: Alomomola|Alomomola, L87, F|429/429\n|move|p1a: Chien-Pao|Icicle Crash|p2a: Alomomola\n|-resisted|p2a: Alomomola\n|-damage|p2a: Alomomola|344/429\n|\n|upkeep\n|turn|9\n|\n|t:|1781398276\n|switch|p1a: Ampharos|Ampharos, L88, F, tera:Fairy|143/302\n|move|p2a: Alomomola|Scald|p1a: Ampharos\n|-damage|p1a: Ampharos|110/302\n|\n|upkeep\n|turn|10\n|\n|t:|1781398284\n|move|p2a: Alomomola|Flip Turn|p1a: Ampharos\n|-damage|p1a: Ampharos|56/302\n|\n|t:|1781398290\n|switch|p2a: Sunflora|Sunflora, F|312/312|[from] Flip Turn\n|move|p1a: Ampharos|Thunderbolt|p2a: Sunflora\n|-resisted|p2a: Sunflora\n|-crit|p2a: Sunflora\n|-damage|p2a: Sunflora|238/312\n|\n|upkeep\n|turn|11\n|\n|t:|1781398301\n|move|p1a: Ampharos|Volt Switch|p2a: Sunflora\n|-resisted|p2a: Sunflora\n|-damage|p2a: Sunflora|196/312\n|\n|t:|1781398304\n|switch|p1a: Cryogonal|Cryogonal, L89|287/287|[from] Volt Switch\n|move|p2a: Sunflora|Earth Power|p1a: Cryogonal\n|-immune|p1a: Cryogonal|[from] ability: Levitate\n|\n|upkeep\n|turn|12\n|\n|t:|1781398318\n|switch|p2a: Alomomola|Alomomola, L87, F|429/429\n|move|p1a: Cryogonal|Ice Beam|p2a: Alomomola\n|-resisted|p2a: Alomomola\n|-damage|p2a: Alomomola|346/429\n|-status|p2a: Alomomola|frz\n|\n|upkeep\n|turn|13\n|\n|t:|1781398326\n|switch|p1a: Hatterene|Hatterene, L85, F|236/236\n|-curestatus|p2a: Alomomola|frz|[from] move: Scald\n|move|p2a: Alomomola|Scald|p1a: Hatterene\n|-damage|p1a: Hatterene|208/236\n|\n|upkeep\n|turn|14\n|\n|t:|1781398337\n|move|p2a: Alomomola|Flip Turn|p1a: Hatterene\n|-damage|p1a: Hatterene|159/236\n|\n|t:|1781398345\n|switch|p2a: Sunflora|Sunflora, F|196/312|[from] Flip Turn\n|move|p1a: Hatterene|Psychic|p2a: Sunflora\n|-crit|p2a: Sunflora\n|-damage|p2a: Sunflora|40/312\n|\n|upkeep\n|turn|15\n|\n|t:|1781398353\n|switch|p1a: Ampharos|Ampharos, L88, F, tera:Fairy|56/302\n|move|p2a: Sunflora|Earth Power|p1a: Ampharos\n|-damage|p1a: Ampharos|0 fnt\n|faint|p1a: Ampharos\n|-damage|p2a: Sunflora|9/312|[from] item: Life Orb\n|\n|upkeep\n|\n|t:|1781398364\n|switch|p1a: Chien-Pao|Chien-Pao, L72|134/234\n|-ability|p1a: Chien-Pao|Sword of Ruin\n|turn|16\n|\n|t:|1781398368\n|move|p1a: Chien-Pao|Throat Chop|p2a: Sunflora\n|-damage|p2a: Sunflora|0 fnt\n|faint|p2a: Sunflora\n|\n|upkeep\n|\n|t:|1781398374\n|switch|p2a: Dipplin|Dipplin, L88, F|284/284\n|turn|17\n|\n|t:|1781398383\n|switch|p1a: Hatterene|Hatterene, L85, F|159/236\n|move|p2a: Dipplin|Giga Drain|p1a: Hatterene\n|-damage|p1a: Hatterene|110/236\n|\n|upkeep\n|turn|18\n|\n|t:|1781398394\n|switch|p2a: Alomomola|Alomomola, L87, F|429/429\n|move|p1a: Hatterene|Draining Kiss|p2a: Alomomola\n|-damage|p2a: Alomomola|323/429\n|-heal|p1a: Hatterene|190/236|[from] drain|[of] p2a: Alomomola\n|\n|upkeep\n|turn|19\n|\n|t:|1781398398\n|move|p2a: Alomomola|Scald|p1a: Hatterene\n|-damage|p1a: Hatterene|159/236\n|-status|p1a: Hatterene|brn\n|move|p1a: Hatterene|Draining Kiss|p2a: Alomomola\n|-damage|p2a: Alomomola|203/429\n|-heal|p1a: Hatterene|236/236 brn|[from] drain|[of] p2a: Alomomola\n|\n|-damage|p1a: Hatterene|222/236 brn|[from] brn\n|upkeep\n|turn|20\n|\n|t:|1781398406\n|move|p2a: Alomomola|Wish|p2a: Alomomola\n|move|p1a: Hatterene|Psychic|p2a: Alomomola\n|-damage|p2a: Alomomola|16/429\n|\n|-damage|p1a: Hatterene|208/236 brn|[from] brn\n|upkeep\n|turn|21\n|\n|t:|1781398413\n|move|p2a: Alomomola|Protect|p2a: Alomomola\n|-singleturn|p2a: Alomomola|Protect\n|move|p1a: Hatterene|Draining Kiss|p2a: Alomomola\n|-activate|p2a: Alomomola|move: Protect\n|\n|-heal|p2a: Alomomola|230/429|[from] move: Wish|[wisher] Alomomola\n|-damage|p1a: Hatterene|194/236 brn|[from] brn\n|upkeep\n|turn|22\n|\n|t:|1781398419\n|move|p2a: Alomomola|Wish|p2a: Alomomola\n|move|p1a: Hatterene|Nuzzle|p2a: Alomomola\n|-supereffective|p2a: Alomomola\n|-damage|p2a: Alomomola|214/429\n|-status|p2a: Alomomola|par\n|\n|-damage|p1a: Hatterene|180/236 brn|[from] brn\n|upkeep\n|turn|23\n|\n|t:|1781398423\n|switch|p2a: Cresselia|Cresselia, L80, F, tera:Poison|55/323\n|move|p1a: Hatterene|Draining Kiss|p2a: Cresselia\n|-resisted|p2a: Cresselia\n|-damage|p2a: Cresselia|25/323\n|-heal|p1a: Hatterene|203/236 brn|[from] drain|[of] p2a: Cresselia\n|\n|-heal|p2a: Cresselia|239/323|[from] move: Wish|[wisher] Alomomola\n|-heal|p2a: Cresselia|259/323|[from] item: Leftovers\n|-damage|p1a: Hatterene|189/236 brn|[from] brn\n|upkeep\n|turn|24\n|\n|t:|1781398435\n|move|p2a: Cresselia|Calm Mind|p2a: Cresselia\n|-boost|p2a: Cresselia|spa|1\n|-boost|p2a: Cresselia|spd|1\n|move|p1a: Hatterene|Psychic|p2a: Cresselia\n|-supereffective|p2a: Cresselia\n|-crit|p2a: Cresselia\n|-damage|p2a: Cresselia|0 fnt\n|faint|p2a: Cresselia\n|\n|-damage|p1a: Hatterene|175/236 brn|[from] brn\n|upkeep\n|\n|t:|1781398438\n|switch|p2a: Arceus|Arceus-Dragon, L71|288/288\n|turn|25\n|\n|t:|1781398443\n|move|p2a: Arceus|Sludge Bomb|p1a: Hatterene\n|-supereffective|p1a: Hatterene\n|-damage|p1a: Hatterene|109/236 brn\n|move|p1a: Hatterene|Draining Kiss|p2a: Arceus\n|-supereffective|p2a: Arceus\n|-damage|p2a: Arceus|160/288\n|-heal|p1a: Hatterene|205/236 brn|[from] drain|[of] p2a: Arceus\n|\n|-damage|p1a: Hatterene|191/236 brn|[from] brn\n|upkeep\n|turn|26\n|-message|DaMoistAvocado forfeited.\n|\n|win|Petilil37\n", "uploadtime": 1781398124, "views": 3, "formatid": "gen9randombattle", "rating": null, "private": 0, "password": null}