{"id": "gen9randombattle-2631931119", "format": "[Gen 9] Random Battle", "players": ["rktkm", "Glinteighty"], "log": "|j|\u2606rktkm\n|j|\u2606Glinteighty\n|t:|1781456933\n|gametype|singles\n|player|p1|rktkm|juan|1945\n|player|p2|Glinteighty|101|2007\n|gen|9\n|tier|[Gen 9] Random Battle\n|rated|\n|rule|Species Clause: Limit one of each Pok\u00e9mon\n|rule|HP Percentage Mod: HP is shown in percentages\n|rule|Sleep Clause Mod: Limit one foe put to sleep\n|rule|Illusion Level Mod: Illusion disguises the Pok\u00e9mon's true level\n|\n|t:|1781456933\n|teamsize|p1|6\n|teamsize|p2|6\n|start\n|switch|p1a: Wugtrio|Wugtrio, L91, F|212/212\n|switch|p2a: Leavanny|Leavanny, L86, M|269/269\n|turn|1\n|inactive|Battle timer is ON: inactive players will automatically lose when time's up. (requested by rktkm)\n|inactive|rktkm has 120 seconds left.\n|\n|t:|1781456964\n|switch|p1a: Camerupt|Camerupt, L91, M|275/275\n|move|p2a: Leavanny|Sticky Web|p1a: Camerupt\n|-sidestart|p1: rktkm|move: Sticky Web\n|\n|upkeep\n|turn|2\n|\n|t:|1781456975\n|switch|p2a: Lapras|Lapras, L87, F|368/368\n|move|p1a: Camerupt|Stealth Rock|p2a: Lapras\n|-sidestart|p2: Glinteighty|move: Stealth Rock\n|\n|upkeep\n|turn|3\n|\n|t:|1781456998\n|move|p2a: Lapras|Sparkling Aria|p1a: Camerupt\n|-supereffective|p1a: Camerupt\n|-damage|p1a: Camerupt|0 fnt\n|faint|p1a: Camerupt\n|\n|upkeep\n|\n|t:|1781457004\n|switch|p1a: Falinks|Falinks, L84|246/246\n|-activate|p1a: Falinks|move: Sticky Web\n|-unboost|p1a: Falinks|spe|1\n|-ability|p1a: Falinks|Defiant|boost\n|-boost|p1a: Falinks|atk|2\n|turn|4\n|inactive|Glinteighty has 120 seconds left.\n|\n|t:|1781457035\n|move|p2a: Lapras|Sparkling Aria|p1a: Falinks\n|-damage|p1a: Falinks|114/246\n|move|p1a: Falinks|No Retreat|p1a: Falinks\n|-boost|p1a: Falinks|atk|1\n|-boost|p1a: Falinks|def|1\n|-boost|p1a: Falinks|spa|1\n|-boost|p1a: Falinks|spd|1\n|-boost|p1a: Falinks|spe|1\n|-start|p1a: Falinks|move: No Retreat\n|\n|upkeep\n|turn|5\n|\n|t:|1781457046\n|move|p1a: Falinks|Close Combat|p2a: Lapras\n|-supereffective|p2a: Lapras\n|-damage|p2a: Lapras|0 fnt\n|-unboost|p1a: Falinks|def|1\n|-unboost|p1a: Falinks|spd|1\n|faint|p2a: Lapras\n|-damage|p1a: Falinks|90/246|[from] item: Life Orb\n|\n|upkeep\n|\n|t:|1781457054\n|switch|p2a: Manaphy|Manaphy, L78|284/284\n|-damage|p2a: Manaphy|249/284|[from] Stealth Rock\n|turn|6\n|\n|t:|1781457061\n|move|p2a: Manaphy|Surf|p1a: Falinks\n|-damage|p1a: Falinks|0 fnt\n|faint|p1a: Falinks\n|\n|-heal|p2a: Manaphy|266/284|[from] item: Leftovers\n|upkeep\n|\n|t:|1781457069\n|switch|p1a: Tsareena|Tsareena, L87, F|267/267\n|-activate|p1a: Tsareena|move: Sticky Web\n|-unboost|p1a: Tsareena|spe|1\n|turn|7\n|\n|t:|1781457076\n|switch|p2a: Leavanny|Leavanny, L86, M|269/269\n|-damage|p2a: Leavanny|202/269|[from] Stealth Rock\n|move|p1a: Tsareena|Rapid Spin|p2a: Leavanny\n|-damage|p2a: Leavanny|156/269\n|-boost|p1a: Tsareena|spe|1\n|-sideend|p1: rktkm|Sticky Web|[from] move: Rapid Spin|[of] p1a: Tsareena\n|\n|upkeep\n|turn|8\n|\n|t:|1781457086\n|move|p2a: Leavanny|Lunge|p1a: Tsareena\n|-supereffective|p1a: Tsareena\n|-damage|p1a: Tsareena|97/267\n|-unboost|p1a: Tsareena|atk|1\n|move|p1a: Tsareena|U-turn|p2a: Leavanny\n|-supereffective|p2a: Leavanny\n|-damage|p2a: Leavanny|68/269\n|\n|t:|1781457105\n|switch|p1a: Terrakion|Terrakion, L79|273/273|[from] U-turn\n|\n|upkeep\n|turn|9\n|\n|t:|1781457113\n|move|p1a: Terrakion|Close Combat|p2a: Leavanny\n|-resisted|p2a: Leavanny\n|-damage|p2a: Leavanny|0 fnt\n|-unboost|p1a: Terrakion|def|1\n|-unboost|p1a: Terrakion|spd|1\n|faint|p2a: Leavanny\n|\n|upkeep\n|\n|t:|1781457140\n|switch|p2a: Enamorus|Enamorus-Therian, L83, F|259/259\n|-damage|p2a: Enamorus|195/259|[from] Stealth Rock\n|turn|10\n|\n|t:|1781457150\n|switch|p1a: Wugtrio|Wugtrio, L91, F|212/212\n|move|p2a: Enamorus|Moonblast|p1a: Wugtrio\n|-damage|p1a: Wugtrio|62/212\n|\n|upkeep\n|turn|11\n|\n|t:|1781457158\n|move|p1a: Wugtrio|Liquidation|p2a: Enamorus\n|-damage|p2a: Enamorus|50/259\n|-unboost|p2a: Enamorus|def|1\n|move|p2a: Enamorus|Moonblast|p1a: Wugtrio\n|-damage|p1a: Wugtrio|0 fnt\n|faint|p1a: Wugtrio\n|\n|upkeep\n|\n|t:|1781457173\n|switch|p1a: Tsareena|Tsareena, L87, F|97/267\n|turn|12\n|\n|t:|1781457178\n|move|p1a: Tsareena|Rapid Spin|p2a: Enamorus\n|-damage|p2a: Enamorus|0 fnt\n|-boost|p1a: Tsareena|spe|1\n|faint|p2a: Enamorus\n|\n|upkeep\n|\n|t:|1781457181\n|switch|p2a: Flapple|Flapple, L88, M|266/266\n|-damage|p2a: Flapple|233/266|[from] Stealth Rock\n|turn|13\n|\n|t:|1781457201\n|-terastallize|p2a: Flapple|Fire\n|move|p1a: Tsareena|U-turn|p2a: Flapple\n|-resisted|p2a: Flapple\n|-crit|p2a: Flapple\n|-damage|p2a: Flapple|186/266\n|\n|t:|1781457207\n|switch|p1a: Krookodile|Krookodile, L79, M|280/280|[from] U-turn\n|-ability|p1a: Krookodile|Intimidate|boost\n|-unboost|p2a: Flapple|atk|1\n|move|p2a: Flapple|Dragon Dance|p2a: Flapple\n|-boost|p2a: Flapple|atk|1\n|-boost|p2a: Flapple|spe|1\n|\n|upkeep\n|turn|14\n|\n|t:|1781457217\n|move|p1a: Krookodile|Earthquake|p2a: Flapple\n|-supereffective|p2a: Flapple\n|-damage|p2a: Flapple|0 fnt\n|faint|p2a: Flapple\n|\n|upkeep\n|\n|t:|1781457227\n|switch|p2a: Piloswine|Piloswine, L85, F|309/309\n|-damage|p2a: Piloswine|271/309|[from] Stealth Rock\n|turn|15\n|\n|t:|1781457236\n|move|p1a: Krookodile|Earthquake|p2a: Piloswine\n|-damage|p2a: Piloswine|190/309\n|move|p2a: Piloswine|Icicle Crash|p1a: Krookodile\n|-supereffective|p1a: Krookodile\n|-damage|p1a: Krookodile|56/280\n|\n|upkeep\n|turn|16\n|inactive|Glinteighty has 120 seconds left.\n|l|\u2606Glinteighty\n|inactive|Glinteighty disconnected and has a minute to reconnect!\n|player|p2|\n|j|\u2606Glinteighty\n|inactive|Glinteighty reconnected and has 105 seconds left.\n|player|p2|Glinteighty|101|\n|\n|t:|1781457288\n|switch|p1a: Tsareena|Tsareena, L87, F|97/267\n|move|p2a: Piloswine|Ice Shard||[still]\n|cant|p1a: Tsareena|ability: Queenly Majesty|Ice Shard|[of] p2a: Piloswine\n|\n|upkeep\n|turn|17\n|\n|t:|1781457294\n|move|p1a: Tsareena|Power Whip|p2a: Piloswine\n|-supereffective|p2a: Piloswine\n|-damage|p2a: Piloswine|0 fnt\n|faint|p2a: Piloswine\n|\n|upkeep\n|\n|t:|1781457298\n|switch|p2a: Manaphy|Manaphy, L78|266/284\n|-damage|p2a: Manaphy|231/284|[from] Stealth Rock\n|turn|18\n|\n|t:|1781457305\n|move|p2a: Manaphy|Ice Beam|p1a: Tsareena\n|-supereffective|p1a: Tsareena\n|-damage|p1a: Tsareena|31/267\n|move|p1a: Tsareena|Rapid Spin|p2a: Manaphy\n|-damage|p2a: Manaphy|184/284\n|-boost|p1a: Tsareena|spe|1\n|\n|-heal|p2a: Manaphy|201/284|[from] item: Leftovers\n|upkeep\n|turn|19\n|\n|t:|1781457315\n|move|p1a: Tsareena|Power Whip|p2a: Manaphy|[miss]\n|-miss|p1a: Tsareena|p2a: Manaphy\n|move|p2a: Manaphy|Ice Beam|p1a: Tsareena\n|-supereffective|p1a: Tsareena\n|-damage|p1a: Tsareena|0 fnt\n|faint|p1a: Tsareena\n|\n|-heal|p2a: Manaphy|218/284|[from] item: Leftovers\n|upkeep\n|\n|t:|1781457330\n|switch|p1a: Terrakion|Terrakion, L79|273/273\n|turn|20\n|\n|t:|1781457335\n|move|p1a: Terrakion|Close Combat|p2a: Manaphy\n|-damage|p2a: Manaphy|4/284\n|-unboost|p1a: Terrakion|def|1\n|-unboost|p1a: Terrakion|spd|1\n|move|p2a: Manaphy|Surf|p1a: Terrakion\n|-supereffective|p1a: Terrakion\n|-damage|p1a: Terrakion|3/273\n|\n|-heal|p2a: Manaphy|21/284|[from] item: Leftovers\n|upkeep\n|turn|21\n|\n|t:|1781457345\n|move|p1a: Terrakion|Close Combat|p2a: Manaphy\n|-damage|p2a: Manaphy|0 fnt\n|-unboost|p1a: Terrakion|def|1\n|-unboost|p1a: Terrakion|spd|1\n|faint|p2a: Manaphy\n|\n|win|rktkm\n", "uploadtime": 1781456935, "views": 3, "formatid": "gen9randombattle", "rating": null, "private": 0, "password": null}