{"id": "gen9randombattle-2631585962", "format": "[Gen 9] Random Battle", "players": ["sfjjffhnm", "IVANXLR8"], "log": "|j|\u2606sfjjffhnm\n|j|\u2606IVANXLR8\n|t:|1781404904\n|gametype|singles\n|player|p1|sfjjffhnm|102|1000\n|player|p2|IVANXLR8|benga|1035\n|gen|9\n|tier|[Gen 9] Random Battle\n|rated|\n|rule|Species Clause: Limit one of each Pok\u00e9mon\n|rule|HP Percentage Mod: HP is shown in percentages\n|rule|Sleep Clause Mod: Limit one foe put to sleep\n|rule|Illusion Level Mod: Illusion disguises the Pok\u00e9mon's true level\n|\n|t:|1781404904\n|teamsize|p1|6\n|teamsize|p2|6\n|start\n|switch|p1a: Arceus|Arceus-Grass, L73|296/296\n|switch|p2a: Iron Valiant|Iron Valiant, L78|244/244\n|turn|1\n|\n|t:|1781404928\n|move|p2a: Iron Valiant|Close Combat|p1a: Arceus\n|-damage|p1a: Arceus|131/296\n|-unboost|p2a: Iron Valiant|def|1\n|-unboost|p2a: Iron Valiant|spd|1\n|-damage|p2a: Iron Valiant|220/244|[from] item: Life Orb\n|move|p1a: Arceus|Fire Blast|p2a: Iron Valiant\n|-damage|p2a: Iron Valiant|69/244\n|\n|upkeep\n|turn|2\n|\n|t:|1781404946\n|switch|p1a: Moltres|Moltres, L81|278/278\n|move|p2a: Iron Valiant|Close Combat|p1a: Moltres\n|-resisted|p1a: Moltres\n|-damage|p1a: Moltres|184/278\n|-unboost|p2a: Iron Valiant|def|1\n|-unboost|p2a: Iron Valiant|spd|1\n|-damage|p2a: Iron Valiant|45/244|[from] item: Life Orb\n|\n|upkeep\n|turn|3\n|\n|t:|1781404977\n|-end|p2a: Iron Valiant|Quark Drive|[silent]\n|switch|p2a: Flapple|Flapple, L88, M|266/266\n|move|p1a: Moltres|Roost|p1a: Moltres\n|-heal|p1a: Moltres|278/278\n|-singleturn|p1a: Moltres|move: Roost\n|\n|upkeep\n|turn|4\n|\n|t:|1781404999\n|move|p1a: Moltres|Brave Bird|p2a: Flapple\n|-supereffective|p2a: Flapple\n|-damage|p2a: Flapple|0 fnt\n|faint|p2a: Flapple\n|-damage|p1a: Moltres|190/278|[from] Recoil\n|\n|upkeep\n|\n|t:|1781405018\n|switch|p2a: Pelipper|Pelipper, L86, F|243/243\n|-weather|RainDance|[from] ability: Drizzle|[of] p2a: Pelipper\n|turn|5\n|\n|t:|1781405040\n|switch|p1a: Arceus|Arceus-Grass, L73|131/296\n|move|p2a: Pelipper|Weather Ball|p1a: Arceus\n|-resisted|p1a: Arceus\n|-damage|p1a: Arceus|23/296\n|\n|-weather|RainDance|[upkeep]\n|upkeep\n|turn|6\n|\n|t:|1781405055\n|move|p1a: Arceus|Recover|p1a: Arceus\n|-heal|p1a: Arceus|171/296\n|move|p2a: Pelipper|Weather Ball|p1a: Arceus\n|-resisted|p1a: Arceus\n|-damage|p1a: Arceus|51/296\n|\n|-weather|RainDance|[upkeep]\n|upkeep\n|turn|7\n|\n|t:|1781405073\n|switch|p2a: Iron Valiant|Iron Valiant, L78|45/244\n|move|p1a: Arceus|Recover|p1a: Arceus\n|-heal|p1a: Arceus|199/296\n|\n|-weather|RainDance|[upkeep]\n|upkeep\n|turn|8\n|\n|t:|1781405089\n|switch|p1a: Moltres|Moltres, L81|190/278\n|move|p2a: Iron Valiant|Close Combat|p1a: Moltres\n|-resisted|p1a: Moltres\n|-damage|p1a: Moltres|95/278\n|-unboost|p2a: Iron Valiant|def|1\n|-unboost|p2a: Iron Valiant|spd|1\n|-damage|p2a: Iron Valiant|21/244|[from] item: Life Orb\n|\n|-weather|RainDance|[upkeep]\n|upkeep\n|turn|9\n|\n|t:|1781405108\n|-end|p2a: Iron Valiant|Quark Drive|[silent]\n|switch|p2a: Pelipper|Pelipper, L86, F|243/243\n|switch|p1a: Slowking|Slowking, L88, F|310/310\n|\n|-weather|none\n|upkeep\n|turn|10\n|\n|t:|1781405130\n|move|p2a: Pelipper|U-turn|p1a: Slowking\n|-supereffective|p1a: Slowking\n|-damage|p1a: Slowking|242/310\n|\n|t:|1781405137\n|switch|p2a: Porygon-Z|Porygon-Z, L83|277/277|[from] U-turn\n|move|p1a: Slowking|Scald|p2a: Porygon-Z\n|-damage|p2a: Porygon-Z|172/277\n|\n|upkeep\n|turn|11\n|\n|t:|1781405166\n|switch|p1a: Lycanroc|Lycanroc, L86, F|269/269\n|move|p2a: Porygon-Z|Thunderbolt|p1a: Lycanroc\n|-damage|p1a: Lycanroc|167/269\n|\n|upkeep\n|turn|12\n|\n|t:|1781405179\n|move|p2a: Porygon-Z|Thunderbolt|p1a: Lycanroc\n|-damage|p1a: Lycanroc|72/269\n|move|p1a: Lycanroc|Close Combat|p2a: Porygon-Z\n|-supereffective|p2a: Porygon-Z\n|-damage|p2a: Porygon-Z|0 fnt\n|-unboost|p1a: Lycanroc|def|1\n|-unboost|p1a: Lycanroc|spd|1\n|faint|p2a: Porygon-Z\n|\n|upkeep\n|\n|t:|1781405193\n|switch|p2a: Iron Valiant|Iron Valiant, L78|21/244\n|turn|13\n|\n|t:|1781405201\n|move|p1a: Lycanroc|Close Combat|p2a: Iron Valiant\n|-resisted|p2a: Iron Valiant\n|-damage|p2a: Iron Valiant|0 fnt\n|-unboost|p1a: Lycanroc|def|1\n|-unboost|p1a: Lycanroc|spd|1\n|faint|p2a: Iron Valiant\n|-end|p2a: Iron Valiant|Quark Drive|[silent]\n|\n|upkeep\n|\n|t:|1781405227\n|switch|p2a: Glalie|Glalie, L96, F|309/309\n|turn|14\n|\n|t:|1781405235\n|move|p1a: Lycanroc|Close Combat|p2a: Glalie\n|-supereffective|p2a: Glalie\n|-crit|p2a: Glalie\n|-damage|p2a: Glalie|0 fnt\n|-unboost|p1a: Lycanroc|def|1\n|-unboost|p1a: Lycanroc|spd|1\n|faint|p2a: Glalie\n|\n|upkeep\n|\n|t:|1781405243\n|switch|p2a: Meganium|Meganium, L90, F|290/290\n|turn|15\n|\n|t:|1781405254\n|switch|p1a: Arceus|Arceus-Grass, L73|199/296\n|move|p2a: Meganium|Earthquake|p1a: Arceus\n|-resisted|p1a: Arceus\n|-damage|p1a: Arceus|164/296\n|\n|upkeep\n|turn|16\n|\n|t:|1781405264\n|switch|p2a: Pelipper|Pelipper, L86, F|243/243\n|-weather|RainDance|[from] ability: Drizzle|[of] p2a: Pelipper\n|move|p1a: Arceus|Recover|p1a: Arceus\n|-heal|p1a: Arceus|296/296\n|\n|-weather|RainDance|[upkeep]\n|upkeep\n|turn|17\n|\n|t:|1781405281\n|move|p1a: Arceus|Calm Mind|p1a: Arceus\n|-boost|p1a: Arceus|spa|1\n|-boost|p1a: Arceus|spd|1\n|move|p2a: Pelipper|Hurricane|p1a: Arceus\n|-supereffective|p1a: Arceus\n|-damage|p1a: Arceus|80/296\n|-start|p1a: Arceus|confusion\n|\n|-weather|RainDance|[upkeep]\n|upkeep\n|turn|18\n|\n|t:|1781405293\n|-activate|p1a: Arceus|confusion\n|-damage|p1a: Arceus|60/296|[from] confusion\n|move|p2a: Pelipper|Hurricane|p1a: Arceus\n|-supereffective|p1a: Arceus\n|-damage|p1a: Arceus|0 fnt\n|faint|p1a: Arceus\n|\n|-weather|RainDance|[upkeep]\n|upkeep\n|\n|t:|1781405298\n|switch|p1a: Mabosstiff|Mabosstiff, L86, M|278/278\n|turn|19\n|\n|t:|1781405310\n|move|p1a: Mabosstiff|Wild Charge|p2a: Pelipper\n|-supereffective|p2a: Pelipper\n|-damage|p2a: Pelipper|0 fnt\n|faint|p2a: Pelipper\n|-damage|p1a: Mabosstiff|217/278|[from] Recoil\n|\n|-weather|RainDance|[upkeep]\n|upkeep\n|\n|t:|1781405317\n|switch|p2a: Meganium|Meganium, L90, F|290/290\n|turn|20\n|\n|t:|1781405330\n|switch|p1a: Moltres|Moltres, L81|95/278\n|move|p2a: Meganium|Earthquake|p1a: Moltres\n|-immune|p1a: Moltres\n|\n|-weather|none\n|upkeep\n|turn|21\n|\n|t:|1781405345\n|-terastallize|p2a: Meganium|Steel\n|move|p2a: Meganium|Knock Off|p1a: Moltres\n|-damage|p1a: Moltres|28/278\n|-enditem|p1a: Moltres|Heavy-Duty Boots|[from] move: Knock Off|[of] p2a: Meganium\n|move|p1a: Moltres|Roost|p1a: Moltres\n|-heal|p1a: Moltres|167/278\n|-singleturn|p1a: Moltres|move: Roost\n|\n|upkeep\n|turn|22\n|\n|t:|1781405363\n|move|p2a: Meganium|Knock Off|p1a: Moltres\n|-crit|p1a: Moltres\n|-damage|p1a: Moltres|100/278\n|-status|p2a: Meganium|brn|[from] ability: Flame Body|[of] p1a: Moltres\n|move|p1a: Moltres|Fire Blast|p2a: Meganium\n|-supereffective|p2a: Meganium\n|-damage|p2a: Meganium|72/290 brn\n|\n|-heal|p2a: Meganium|90/290 brn|[from] item: Leftovers\n|-damage|p2a: Meganium|72/290 brn|[from] brn\n|upkeep\n|turn|23\n|\n|t:|1781405382\n|switch|p1a: Houndoom|Houndoom, L87, F|272/272\n|move|p2a: Meganium|Knock Off|p1a: Houndoom\n|-resisted|p1a: Houndoom\n|-damage|p1a: Houndoom|248/272\n|-enditem|p1a: Houndoom|Heavy-Duty Boots|[from] move: Knock Off|[of] p2a: Meganium\n|\n|-heal|p2a: Meganium|90/290 brn|[from] item: Leftovers\n|-damage|p2a: Meganium|72/290 brn|[from] brn\n|upkeep\n|turn|24\n|\n|t:|1781405395\n|move|p1a: Houndoom|Fire Blast|p2a: Meganium\n|-supereffective|p2a: Meganium\n|-damage|p2a: Meganium|0 fnt\n|faint|p2a: Meganium\n|\n|win|sfjjffhnm\n|raw|sfjjffhnm's rating: 1000 &rarr; <strong>1044</strong><br />(+44 for winning)\n|raw|IVANXLR8's rating: 1035 &rarr; <strong>1018</strong><br />(-17 for losing)\n", "uploadtime": 1781405403, "views": 4, "formatid": "gen9randombattle", "rating": 1018, "private": 0, "password": null}