{"id": "gen9randombattle-2631852199", "format": "[Gen 9] Random Battle", "players": ["miss a-d2", "Pilotrainbow312"], "log": "|j|\u2606miss a-d2\n|j|\u2606Pilotrainbow312\n|t:|1781448211\n|gametype|singles\n|player|p1|miss a-d2|clerkf|1579\n|player|p2|Pilotrainbow312|101|1602\n|gen|9\n|tier|[Gen 9] Random Battle\n|rated|\n|rule|Species Clause: Limit one of each Pok\u00e9mon\n|rule|HP Percentage Mod: HP is shown in percentages\n|rule|Sleep Clause Mod: Limit one foe put to sleep\n|rule|Illusion Level Mod: Illusion disguises the Pok\u00e9mon's true level\n|\n|t:|1781448211\n|teamsize|p1|6\n|teamsize|p2|6\n|start\n|switch|p1a: Dachsbun|Dachsbun, L92, M|254/254\n|switch|p2a: Vespiquen|Vespiquen, L99, F|235/235\n|turn|1\n|inactive|Battle timer is ON: inactive players will automatically lose when time's up. (requested by miss a-d2)\n|inactive|miss a-d2 has 120 seconds left.\n|\n|t:|1781448245\n|switch|p1a: Archaludon|Archaludon, L78, F|268/268\n|move|p2a: Vespiquen|Sludge Bomb|p1a: Archaludon\n|-immune|p1a: Archaludon\n|\n|upkeep\n|turn|2\n|\n|t:|1781448257\n|switch|p2a: Keldeo|Keldeo-Resolute, L79|273/273\n|move|p1a: Archaludon|Iron Head|p2a: Keldeo\n|-resisted|p2a: Keldeo\n|-damage|p2a: Keldeo|234/273\n|\n|upkeep\n|turn|3\n|\n|t:|1781448282\n|switch|p1a: Brambleghast|Brambleghast, L88, F|240/240\n|move|p2a: Keldeo|Secret Sword|p1a: Brambleghast\n|-immune|p1a: Brambleghast\n|\n|upkeep\n|turn|4\n|inactive|Pilotrainbow312 has 120 seconds left.\n|\n|t:|1781448319\n|switch|p2a: Vespiquen|Vespiquen, L99, F|235/235\n|move|p1a: Brambleghast|Spikes|p2a: Vespiquen\n|-sidestart|p2: Pilotrainbow312|Spikes\n|\n|upkeep\n|turn|5\n|inactive|Pilotrainbow312 has 120 seconds left.\n|\n|t:|1781448333\n|switch|p1a: Archaludon|Archaludon, L78, F|268/268\n|move|p2a: Vespiquen|Dark Pulse|p1a: Archaludon\n|-damage|p1a: Archaludon|72/268\n|-ability|p1a: Archaludon|Stamina|boost\n|-boost|p1a: Archaludon|def|1\n|\n|upkeep\n|turn|6\n|\n|t:|1781448352\n|switch|p1a: Dachsbun|Dachsbun, L92, M|254/254\n|move|p2a: Vespiquen|Dark Pulse|p1a: Dachsbun\n|-resisted|p1a: Dachsbun\n|-damage|p1a: Dachsbun|185/254\n|\n|-heal|p1a: Dachsbun|200/254|[from] item: Leftovers\n|upkeep\n|turn|7\n|\n|t:|1781448362\n|switch|p2a: Slowking|Slowking-Galar, L85, F|300/300\n|-damage|p2a: Slowking|263/300|[from] Spikes\n|move|p1a: Dachsbun|Wish|p1a: Dachsbun\n|\n|-heal|p1a: Dachsbun|215/254|[from] item: Leftovers\n|-heal|p2a: Slowking|281/300|[from] item: Leftovers\n|upkeep\n|turn|8\n|\n|t:|1781448370\n|switch|p1a: Archaludon|Archaludon, L78, F|72/268\n|move|p2a: Slowking|Toxic Spikes|p1a: Archaludon\n|-sidestart|p1: miss a-d2|move: Toxic Spikes\n|\n|-heal|p1a: Archaludon|199/268|[from] move: Wish|[wisher] Dachsbun\n|-heal|p2a: Slowking|299/300|[from] item: Leftovers\n|upkeep\n|turn|9\n|\n|t:|1781448381\n|move|p1a: Archaludon|Earthquake|p2a: Slowking\n|-supereffective|p2a: Slowking\n|-damage|p2a: Slowking|169/300\n|move|p2a: Slowking|Toxic Spikes|p1a: Archaludon\n|-sidestart|p1: miss a-d2|move: Toxic Spikes\n|\n|-heal|p2a: Slowking|187/300|[from] item: Leftovers\n|upkeep\n|turn|10\n|\n|t:|1781448400\n|switch|p2a: Vespiquen|Vespiquen, L99, F|299/299\n|-ability|p2a: Vespiquen|Pressure\n|move|p1a: Archaludon|Earthquake|p2a: Vespiquen\n|-immune|p2a: Vespiquen\n|\n|upkeep\n|turn|11\n|inactive|miss a-d2 has 120 seconds left.\n|\n|t:|1781448455\n|switch|p1a: Koraidon|Koraidon, L64|235/235\n|-status|p1a: Koraidon|tox\n|-weather|SunnyDay|[from] ability: Orichalcum Pulse|[of] p1a: Koraidon\n|-activate|p1a: Koraidon|Orichalcum Pulse|[source]\n|move|p2a: Vespiquen|Spikes|p1a: Koraidon\n|-sidestart|p1: miss a-d2|Spikes\n|\n|-weather|SunnyDay|[upkeep]\n|-damage|p1a: Koraidon|221/235 tox|[from] psn\n|upkeep\n|turn|12\n|\n|t:|1781448469\n|switch|p2a: Keldeo|Keldeo-Resolute, L79|234/273\n|-damage|p2a: Keldeo|200/273|[from] Spikes\n|move|p1a: Koraidon|Scale Shot|p2a: Keldeo\n|-damage|p2a: Keldeo|172/273\n|-damage|p2a: Keldeo|142/273\n|-damage|p2a: Keldeo|112/273\n|-damage|p2a: Keldeo|85/273\n|-hitcount|p2a: Keldeo|4\n|-unboost|p1a: Koraidon|def|1\n|-boost|p1a: Koraidon|spe|1\n|\n|-weather|SunnyDay|[upkeep]\n|-damage|p1a: Koraidon|193/235 tox|[from] psn\n|upkeep\n|turn|13\n|\n|t:|1781448488\n|move|p2a: Keldeo|Vacuum Wave|p1a: Koraidon\n|-damage|p1a: Koraidon|117/235 tox\n|move|p1a: Koraidon|Collision Course|p2a: Keldeo\n|-damage|p2a: Keldeo|0 fnt\n|faint|p2a: Keldeo\n|\n|-weather|SunnyDay|[upkeep]\n|-damage|p1a: Koraidon|75/235 tox|[from] psn\n|upkeep\n|\n|t:|1781448507\n|switch|p2a: Polteageist|Polteageist, L78|222/222\n|-damage|p2a: Polteageist|195/222|[from] Spikes\n|turn|14\n|\n|t:|1781448514\n|move|p1a: Koraidon|Flare Blitz|p2a: Polteageist\n|-damage|p2a: Polteageist|10/222\n|-damage|p1a: Koraidon|14/235 tox|[from] Recoil\n|move|p2a: Polteageist|Shell Smash|p2a: Polteageist\n|-unboost|p2a: Polteageist|def|1\n|-unboost|p2a: Polteageist|spd|1\n|-boost|p2a: Polteageist|atk|2\n|-boost|p2a: Polteageist|spa|2\n|-boost|p2a: Polteageist|spe|2\n|-enditem|p2a: Polteageist|White Herb\n|-clearnegativeboost|p2a: Polteageist|[silent]\n|\n|-weather|SunnyDay|[upkeep]\n|-damage|p1a: Koraidon|0 fnt|[from] psn\n|faint|p1a: Koraidon\n|upkeep\n|\n|t:|1781448527\n|switch|p1a: Scizor|Scizor, L79, M|240/240\n|-damage|p1a: Scizor|210/240|[from] Spikes\n|turn|15\n|\n|t:|1781448538\n|move|p1a: Scizor|Bullet Punch|p2a: Polteageist\n|-damage|p2a: Polteageist|0 fnt\n|-start|p1a: Scizor|Disable|Bullet Punch|[from] ability: Cursed Body|[of] p2a: Polteageist\n|faint|p2a: Polteageist\n|\n|-weather|none\n|-heal|p1a: Scizor|225/240|[from] item: Leftovers\n|upkeep\n|\n|t:|1781448553\n|switch|p2a: Slowking|Slowking-Galar, L85, F|287/300\n|-damage|p2a: Slowking|250/300|[from] Spikes\n|turn|16\n|\n|t:|1781448560\n|switch|p2a: Medicham|Medicham, L86, F|235/235\n|-damage|p2a: Medicham|206/235|[from] Spikes\n|move|p1a: Scizor|Knock Off|p2a: Medicham\n|-resisted|p2a: Medicham\n|-damage|p2a: Medicham|157/235\n|replace|p2a: Zoroark|Zoroark, L83, F\n|-end|p2a: Zoroark|Illusion\n|-hint|Illusion Level Mod is active, so this Pok\u00e9mon's true level was hidden.\n|-enditem|p2a: Zoroark|Choice Specs|[from] move: Knock Off|[of] p1a: Scizor\n|\n|-heal|p1a: Scizor|240/240|[from] item: Leftovers\n|upkeep\n|turn|17\n|inactive|miss a-d2 has 120 seconds left.\n|\n|t:|1781448575\n|move|p2a: Zoroark|Flamethrower|p1a: Scizor\n|-supereffective|p1a: Scizor\n|-damage|p1a: Scizor|0 fnt\n|faint|p1a: Scizor\n|\n|upkeep\n|\n|t:|1781448585\n|switch|p1a: Dachsbun|Dachsbun, L92, M|215/254\n|-status|p1a: Dachsbun|tox\n|-damage|p1a: Dachsbun|184/254 tox|[from] Spikes\n|turn|18\n|\n|t:|1781448595\n|move|p1a: Dachsbun|Wish|p1a: Dachsbun\n|move|p2a: Zoroark|Sludge Bomb|p1a: Dachsbun\n|-supereffective|p1a: Dachsbun\n|-damage|p1a: Dachsbun|36/254 tox\n|\n|-heal|p1a: Dachsbun|51/254 tox|[from] item: Leftovers\n|-damage|p1a: Dachsbun|36/254 tox|[from] psn\n|upkeep\n|turn|19\n|\n|t:|1781448603\n|move|p1a: Dachsbun|Play Rough|p2a: Zoroark\n|-supereffective|p2a: Zoroark\n|-damage|p2a: Zoroark|0 fnt\n|faint|p2a: Zoroark\n|\n|-heal|p1a: Dachsbun|163/254 tox|[from] move: Wish|[wisher] Dachsbun\n|-heal|p1a: Dachsbun|178/254 tox|[from] item: Leftovers\n|-damage|p1a: Dachsbun|148/254 tox|[from] psn\n|upkeep\n|\n|t:|1781448620\n|switch|p2a: Vespiquen|Vespiquen, L99, F|299/299\n|-ability|p2a: Vespiquen|Pressure\n|turn|20\n|\n|t:|1781448627\n|move|p1a: Dachsbun|Wish|p1a: Dachsbun\n|move|p2a: Vespiquen|Spikes|p1a: Dachsbun\n|-sidestart|p1: miss a-d2|Spikes\n|\n|-heal|p1a: Dachsbun|163/254 tox|[from] item: Leftovers\n|-damage|p1a: Dachsbun|118/254 tox|[from] psn\n|upkeep\n|turn|21\n|\n|t:|1781448631\n|switch|p1a: Archaludon|Archaludon, L78, F|199/268\n|-damage|p1a: Archaludon|155/268|[from] Spikes\n|move|p2a: Vespiquen|Spikes|p1a: Archaludon\n|-sidestart|p1: miss a-d2|Spikes\n|\n|-heal|p1a: Archaludon|268/268|[from] move: Wish|[wisher] Dachsbun\n|upkeep\n|turn|22\n|\n|t:|1781448649\n|move|p1a: Archaludon|Swords Dance|p1a: Archaludon\n|-boost|p1a: Archaludon|atk|2\n|move|p2a: Vespiquen|U-turn|p1a: Archaludon\n|-resisted|p1a: Archaludon\n|-damage|p1a: Archaludon|234/268\n|-ability|p1a: Archaludon|Stamina|boost\n|-boost|p1a: Archaludon|def|1\n|\n|t:|1781448652\n|switch|p2a: Medicham|Medicham, L86, F|243/243|[from] U-turn\n|-damage|p2a: Medicham|213/243|[from] Spikes\n|\n|upkeep\n|turn|23\n|\n|t:|1781448677\n|-terastallize|p1a: Archaludon|Ground\n|move|p2a: Medicham|Trick|p1a: Archaludon\n|-activate|p2a: Medicham|move: Trick|[of] p1a: Archaludon\n|-item|p1a: Archaludon|Choice Scarf|[from] move: Trick\n|-item|p2a: Medicham|Lum Berry|[from] move: Trick\n|move|p1a: Archaludon|Earthquake|p2a: Medicham\n|-damage|p2a: Medicham|11/243\n|\n|upkeep\n|turn|24\n|-message|Pilotrainbow312 forfeited.\n|\n|win|miss a-d2\n|raw|miss a-d2's rating: 1579 &rarr; <strong>1600</strong><br />(+21 for winning)\n|raw|Pilotrainbow312's rating: 1602 &rarr; <strong>1581</strong><br />(-21 for losing)\n|l|\u2606Pilotrainbow312\n|player|p2|\n", "uploadtime": 1781448692, "views": 2, "formatid": "gen9randombattle", "rating": 1581, "private": 0, "password": null}