{"id": "gen9randombattle-2631957824", "format": "[Gen 9] Random Battle", "players": ["Aminator3000", "Soul Gem"], "log": "|j|\u2606Aminator3000\n|j|\u2606Soul Gem\n|t:|1781459871\n|gametype|singles\n|player|p1|Aminator3000|veteran|1913\n|player|p2|Soul Gem|misty|1973\n|gen|9\n|tier|[Gen 9] Random Battle\n|rated|\n|rule|Species Clause: Limit one of each Pok\u00e9mon\n|rule|HP Percentage Mod: HP is shown in percentages\n|rule|Sleep Clause Mod: Limit one foe put to sleep\n|rule|Illusion Level Mod: Illusion disguises the Pok\u00e9mon's true level\n|\n|t:|1781459871\n|teamsize|p1|6\n|teamsize|p2|6\n|start\n|switch|p1a: Tyranitar|Tyranitar, L78, F|284/284\n|switch|p2a: Comfey|Comfey, L85, M|225/225\n|-weather|Sandstorm|[from] ability: Sand Stream|[of] p1a: Tyranitar\n|turn|1\n|inactive|Battle timer is ON: inactive players will automatically lose when time's up. (requested by Aminator3000)\n|inactive|Soul Gem has 120 seconds left.\n|\n|t:|1781459917\n|switch|p2a: Whiscash|Whiscash, L88, M|337/337\n|switch|p1a: Klefki|Klefki, L84, M|233/233\n|\n|-weather|Sandstorm|[upkeep]\n|upkeep\n|turn|2\n|\n|t:|1781459930\n|switch|p1a: Scream Tail|Scream Tail, L84|330/330\n|move|p2a: Whiscash|Stealth Rock|p1a: Scream Tail\n|-sidestart|p1: Aminator3000|move: Stealth Rock\n|\n|-weather|Sandstorm|[upkeep]\n|-damage|p1a: Scream Tail|310/330|[from] Sandstorm\n|-heal|p1a: Scream Tail|330/330|[from] item: Leftovers\n|upkeep\n|turn|3\n|inactive|Soul Gem has 120 seconds left.\n|\n|t:|1781459971\n|switch|p2a: Klefki|Klefki, L84, F|233/233\n|move|p1a: Scream Tail|Encore||[still]\n|-fail|p1a: Scream Tail\n|\n|-weather|Sandstorm|[upkeep]\n|-damage|p1a: Scream Tail|310/330|[from] Sandstorm\n|-heal|p1a: Scream Tail|330/330|[from] item: Leftovers\n|upkeep\n|turn|4\n|\n|t:|1781459985\n|-end|p1a: Scream Tail|Protosynthesis|[silent]\n|switch|p1a: Tyranitar|Tyranitar, L78, F|284/284\n|-damage|p1a: Tyranitar|249/284|[from] Stealth Rock\n|move|p2a: Klefki|Thunder Wave|p1a: Tyranitar\n|-hint|Since gen 7, Dark is immune to Prankster moves.\n|-immune|p1a: Tyranitar\n|\n|-weather|Sandstorm|[upkeep]\n|-heal|p1a: Tyranitar|266/284|[from] item: Leftovers\n|upkeep\n|turn|5\n|inactive|Soul Gem has 120 seconds left.\n|\n|t:|1781459995\n|switch|p2a: Whiscash|Whiscash, L88, M|337/337\n|move|p1a: Tyranitar|Knock Off|p2a: Whiscash\n|-damage|p2a: Whiscash|211/337\n|-enditem|p2a: Whiscash|Leftovers|[from] move: Knock Off|[of] p1a: Tyranitar\n|\n|-weather|none\n|-heal|p1a: Tyranitar|283/284|[from] item: Leftovers\n|upkeep\n|turn|6\n|\n|t:|1781460014\n|switch|p1a: Kingdra|Kingdra, L84, F|263/263\n|-damage|p1a: Kingdra|231/263|[from] Stealth Rock\n|move|p2a: Whiscash|Spikes|p1a: Kingdra\n|-sidestart|p1: Aminator3000|Spikes\n|\n|upkeep\n|turn|7\n|\n|t:|1781460023\n|switch|p2a: Klefki|Klefki, L84, F|233/233\n|move|p1a: Kingdra|Dragon Dance|p1a: Kingdra\n|-boost|p1a: Kingdra|atk|1\n|-boost|p1a: Kingdra|spe|1\n|\n|upkeep\n|turn|8\n|\n|t:|1781460034\n|move|p1a: Kingdra|Wave Crash|p2a: Klefki\n|-damage|p2a: Klefki|35/233\n|-damage|p1a: Kingdra|166/263|[from] Recoil\n|move|p2a: Klefki|Dazzling Gleam|p1a: Kingdra\n|-supereffective|p1a: Kingdra\n|-damage|p1a: Kingdra|22/263\n|\n|-heal|p2a: Klefki|49/233|[from] item: Leftovers\n|upkeep\n|turn|9\n|\n|t:|1781460045\n|move|p2a: Klefki|Spikes|p1a: Kingdra\n|-sidestart|p1: Aminator3000|Spikes\n|move|p1a: Kingdra|Waterfall|p2a: Klefki\n|-damage|p2a: Klefki|0 fnt\n|faint|p2a: Klefki\n|\n|upkeep\n|\n|t:|1781460049\n|switch|p2a: Comfey|Comfey, L85, M|225/225\n|turn|10\n|\n|t:|1781460063\n|move|p2a: Comfey|Draining Kiss|p1a: Kingdra\n|-supereffective|p1a: Kingdra\n|-damage|p1a: Kingdra|0 fnt\n|faint|p1a: Kingdra\n|\n|upkeep\n|\n|t:|1781460069\n|switch|p1a: Klefki|Klefki, L84, M|233/233\n|-damage|p1a: Klefki|219/233|[from] Stealth Rock\n|-damage|p1a: Klefki|181/233|[from] Spikes\n|turn|11\n|inactive|Soul Gem has 120 seconds left.\n|inactive|Soul Gem has 90 seconds left.\n|inactive|Soul Gem has 60 seconds left.\n|\n|t:|1781460162\n|switch|p2a: Landorus|Landorus, L75, M|257/257\n|move|p1a: Klefki|Spikes|p2a: Landorus\n|-sidestart|p2: Soul Gem|Spikes\n|\n|-heal|p1a: Klefki|195/233|[from] item: Leftovers\n|upkeep\n|turn|12\n|\n|t:|1781460185\n|move|p1a: Klefki|Spikes|p2a: Landorus\n|-sidestart|p2: Soul Gem|Spikes\n|move|p2a: Landorus|Earth Power|p1a: Klefki\n|-supereffective|p1a: Klefki\n|-damage|p1a: Klefki|0 fnt\n|faint|p1a: Klefki\n|\n|upkeep\n|\n|t:|1781460197\n|switch|p1a: Palkia|Palkia, L75|259/259\n|-damage|p1a: Palkia|227/259|[from] Stealth Rock\n|-damage|p1a: Palkia|184/259|[from] Spikes\n|-ability|p1a: Palkia|Pressure\n|turn|13\n|\n|t:|1781460206\n|switch|p2a: Indeedee|Indeedee-F, L90, F|272/272\n|-damage|p2a: Indeedee|227/272|[from] Spikes\n|-fieldstart|move: Psychic Terrain|[from] ability: Psychic Surge|[of] p2a: Indeedee\n|move|p1a: Palkia|Hydro Pump|p2a: Indeedee\n|-damage|p2a: Indeedee|74/272\n|\n|upkeep\n|turn|14\n|\n|t:|1781460221\n|switch|p1a: Scream Tail|Scream Tail, L84|330/330\n|-damage|p1a: Scream Tail|289/330|[from] Stealth Rock\n|-damage|p1a: Scream Tail|234/330|[from] Spikes\n|move|p2a: Indeedee|Psychic|p1a: Scream Tail\n|-resisted|p1a: Scream Tail\n|-damage|p1a: Scream Tail|178/330\n|\n|-heal|p1a: Scream Tail|198/330|[from] item: Leftovers\n|upkeep\n|turn|15\n|\n|t:|1781460234\n|switch|p2a: Landorus|Landorus, L75, M|257/257\n|move|p1a: Scream Tail|Wish|p1a: Scream Tail\n|\n|-heal|p1a: Scream Tail|218/330|[from] item: Leftovers\n|upkeep\n|turn|16\n|\n|t:|1781460242\n|move|p1a: Scream Tail|Protect|p1a: Scream Tail\n|-singleturn|p1a: Scream Tail|Protect\n|move|p2a: Landorus|Earth Power|p1a: Scream Tail\n|-activate|p1a: Scream Tail|move: Protect\n|\n|-heal|p1a: Scream Tail|330/330|[from] move: Wish|[wisher] Scream Tail\n|upkeep\n|turn|17\n|inactive|Soul Gem has 90 seconds left.\n|\n|t:|1781460252\n|move|p1a: Scream Tail|Play Rough|p2a: Landorus\n|-damage|p2a: Landorus|178/257\n|move|p2a: Landorus|Sludge Wave|p1a: Scream Tail\n|-supereffective|p1a: Scream Tail\n|-damage|p1a: Scream Tail|153/330\n|\n|-heal|p1a: Scream Tail|173/330|[from] item: Leftovers\n|-fieldend|move: Psychic Terrain\n|upkeep\n|turn|18\n|inactive|Soul Gem has 90 seconds left.\n|\n|t:|1781460263\n|move|p1a: Scream Tail|Play Rough|p2a: Landorus\n|-damage|p2a: Landorus|97/257\n|move|p2a: Landorus|Sludge Wave|p1a: Scream Tail\n|-supereffective|p1a: Scream Tail\n|-damage|p1a: Scream Tail|7/330\n|\n|-heal|p1a: Scream Tail|27/330|[from] item: Leftovers\n|upkeep\n|turn|19\n|\n|t:|1781460272\n|move|p1a: Scream Tail|Play Rough|p2a: Landorus\n|-damage|p2a: Landorus|16/257\n|move|p2a: Landorus|Sludge Wave|p1a: Scream Tail\n|-supereffective|p1a: Scream Tail\n|-crit|p1a: Scream Tail\n|-damage|p1a: Scream Tail|0 fnt\n|faint|p1a: Scream Tail\n|-end|p1a: Scream Tail|Protosynthesis|[silent]\n|\n|upkeep\n|\n|t:|1781460281\n|switch|p1a: Palkia|Palkia, L75|184/259\n|-damage|p1a: Palkia|152/259|[from] Stealth Rock\n|-damage|p1a: Palkia|109/259|[from] Spikes\n|-ability|p1a: Palkia|Pressure\n|turn|20\n|\n|t:|1781460297\n|move|p2a: Landorus|Earth Power|p1a: Palkia\n|-damage|p1a: Palkia|0 fnt\n|faint|p1a: Palkia\n|\n|upkeep\n|\n|t:|1781460303\n|switch|p1a: Chi-Yu|Chi-Yu, L77|211/211\n|-ability|p1a: Chi-Yu|Beads of Ruin\n|turn|21\n|\n|t:|1781460319\n|move|p1a: Chi-Yu|Psychic|p2a: Landorus\n|-damage|p2a: Landorus|0 fnt\n|faint|p2a: Landorus\n|\n|upkeep\n|inactive|Soul Gem has 90 seconds left.\n|\n|t:|1781460335\n|switch|p2a: Comfey|Comfey, L85, M|225/225\n|-damage|p2a: Comfey|188/225|[from] Spikes\n|turn|22\n|\n|t:|1781460341\n|move|p2a: Comfey|Calm Mind|p2a: Comfey\n|-boost|p2a: Comfey|spa|1\n|-boost|p2a: Comfey|spd|1\n|move|p1a: Chi-Yu|Nasty Plot|p1a: Chi-Yu\n|-boost|p1a: Chi-Yu|spa|2\n|\n|-heal|p2a: Comfey|202/225|[from] item: Leftovers\n|upkeep\n|turn|23\n|\n|t:|1781460350\n|move|p2a: Comfey|Calm Mind|p2a: Comfey\n|-boost|p2a: Comfey|spa|1\n|-boost|p2a: Comfey|spd|1\n|move|p1a: Chi-Yu|Fire Blast|p2a: Comfey|[miss]\n|-miss|p1a: Chi-Yu|p2a: Comfey\n|\n|-heal|p2a: Comfey|216/225|[from] item: Leftovers\n|upkeep\n|turn|24\n|\n|t:|1781460359\n|move|p2a: Comfey|Calm Mind|p2a: Comfey\n|-boost|p2a: Comfey|spa|1\n|-boost|p2a: Comfey|spd|1\n|move|p1a: Chi-Yu|Fire Blast|p2a: Comfey\n|-damage|p2a: Comfey|101/225\n|\n|-heal|p2a: Comfey|115/225|[from] item: Leftovers\n|upkeep\n|turn|25\n|\n|t:|1781460368\n|-terastallize|p2a: Comfey|Fairy\n|move|p2a: Comfey|Draining Kiss|p1a: Chi-Yu\n|-damage|p1a: Chi-Yu|51/211\n|-heal|p2a: Comfey|225/225|[from] drain|[of] p1a: Chi-Yu\n|move|p1a: Chi-Yu|Fire Blast|p2a: Comfey\n|-crit|p2a: Comfey\n|-damage|p2a: Comfey|0 fnt\n|faint|p2a: Comfey\n|\n|upkeep\n|inactive|Soul Gem has 120 seconds left.\n|\n|t:|1781460384\n|switch|p2a: Indeedee|Indeedee-F, L90, F|74/272\n|-damage|p2a: Indeedee|29/272|[from] Spikes\n|-fieldstart|move: Psychic Terrain|[from] ability: Psychic Surge|[of] p2a: Indeedee\n|turn|26\n|\n|t:|1781460394\n|move|p2a: Indeedee|Hyper Voice|p1a: Chi-Yu\n|-damage|p1a: Chi-Yu|0 fnt\n|faint|p1a: Chi-Yu\n|\n|upkeep\n|\n|t:|1781460399\n|switch|p1a: Tyranitar|Tyranitar, L78, F|283/284\n|-damage|p1a: Tyranitar|248/284|[from] Stealth Rock\n|-damage|p1a: Tyranitar|201/284|[from] Spikes\n|-weather|Sandstorm|[from] ability: Sand Stream|[of] p1a: Tyranitar\n|turn|27\n|\n|t:|1781460407\n|switch|p2a: Whiscash|Whiscash, L88, M|211/337\n|-damage|p2a: Whiscash|155/337|[from] Spikes\n|move|p1a: Tyranitar|Knock Off|p2a: Whiscash\n|-damage|p2a: Whiscash|73/337\n|\n|-weather|Sandstorm|[upkeep]\n|-heal|p1a: Tyranitar|218/284|[from] item: Leftovers\n|upkeep\n|turn|28\n|\n|t:|1781460419\n|move|p2a: Whiscash|Earthquake|p1a: Tyranitar\n|-supereffective|p1a: Tyranitar\n|-damage|p1a: Tyranitar|26/284\n|move|p1a: Tyranitar|Ice Beam|p2a: Whiscash\n|-damage|p2a: Whiscash|11/337\n|-status|p2a: Whiscash|frz\n|\n|-weather|Sandstorm|[upkeep]\n|-heal|p1a: Tyranitar|43/284|[from] item: Leftovers\n|upkeep\n|turn|29\n|\n|t:|1781460429\n|cant|p2a: Whiscash|frz\n|move|p1a: Tyranitar|Knock Off|p2a: Whiscash\n|-damage|p2a: Whiscash|0 fnt\n|faint|p2a: Whiscash\n|\n|-weather|Sandstorm|[upkeep]\n|-heal|p1a: Tyranitar|60/284|[from] item: Leftovers\n|upkeep\n|\n|t:|1781460431\n|switch|p2a: Heracross|Heracross, L80, F|259/259\n|-damage|p2a: Heracross|216/259|[from] Spikes\n|turn|30\n|\n|t:|1781460442\n|move|p2a: Heracross|Trailblaze|p1a: Tyranitar\n|-supereffective|p1a: Tyranitar\n|-damage|p1a: Tyranitar|0 fnt\n|-boost|p2a: Heracross|spe|1\n|faint|p1a: Tyranitar\n|\n|win|Soul Gem\n", "uploadtime": 1781459873, "views": 6, "formatid": "gen9randombattle", "rating": null, "private": 0, "password": null}