{"id": "gen9randombattle-2631800532", "format": "[Gen 9] Random Battle", "players": ["Isitshine11", "kormorano"], "log": "|j|\u2606Isitshine11\n|j|\u2606kormorano\n|t:|1781441569\n|gametype|singles\n|player|p1|Isitshine11|medium|2021\n|player|p2|kormorano|102|2086\n|gen|9\n|tier|[Gen 9] Random Battle\n|rated|\n|rule|Species Clause: Limit one of each Pok\u00e9mon\n|rule|HP Percentage Mod: HP is shown in percentages\n|rule|Sleep Clause Mod: Limit one foe put to sleep\n|rule|Illusion Level Mod: Illusion disguises the Pok\u00e9mon's true level\n|\n|t:|1781441569\n|teamsize|p1|6\n|teamsize|p2|6\n|start\n|switch|p1a: Cinderace|Cinderace, L77, M|249/249\n|switch|p2a: Inteleon|Inteleon, L81, M|246/246\n|turn|1\n|inactive|Battle timer is ON: inactive players will automatically lose when time's up. (requested by kormorano)\n|inactive|Isitshine11 also wants the timer to be on.\n|\n|t:|1781441580\n|switch|p1a: Ursaring|Ursaring, L84, F|288/288\n|move|p2a: Inteleon|Scald|p1a: Ursaring\n|-damage|p1a: Ursaring|125/288\n|-status|p1a: Ursaring|brn\n|\n|-damage|p1a: Ursaring|107/288 brn|[from] brn\n|upkeep\n|turn|2\n|\n|t:|1781441584\n|move|p2a: Inteleon|Scald|p1a: Ursaring\n|-damage|p1a: Ursaring|0 fnt\n|faint|p1a: Ursaring\n|\n|upkeep\n|\n|t:|1781441587\n|switch|p1a: Gumshoos|Gumshoos, L95, M|321/321\n|turn|3\n|\n|t:|1781441591\n|switch|p2a: Magcargo|Magcargo, L95, F|268/268\n|move|p1a: Gumshoos|Double-Edge|p2a: Magcargo\n|-resisted|p2a: Magcargo\n|-crit|p2a: Magcargo\n|-damage|p2a: Magcargo|0 fnt\n|faint|p2a: Magcargo\n|-damage|p1a: Gumshoos|233/321|[from] Recoil\n|\n|upkeep\n|\n|t:|1781441608\n|switch|p2a: Glalie|Glalie, L96, F|309/309\n|turn|4\n|\n|t:|1781441614\n|move|p2a: Glalie|Spikes|p1a: Gumshoos\n|-sidestart|p1: Isitshine11|Spikes\n|move|p1a: Gumshoos|Double-Edge|p2a: Glalie\n|-damage|p2a: Glalie|41/309\n|-damage|p1a: Gumshoos|145/321|[from] Recoil\n|\n|upkeep\n|turn|5\n|\n|t:|1781441620\n|move|p2a: Glalie|Freeze-Dry|p1a: Gumshoos\n|-damage|p1a: Gumshoos|42/321\n|move|p1a: Gumshoos|Double-Edge|p2a: Glalie\n|-damage|p2a: Glalie|0 fnt\n|faint|p2a: Glalie\n|-damage|p1a: Gumshoos|28/321|[from] Recoil\n|\n|upkeep\n|\n|t:|1781441621\n|switch|p2a: Inteleon|Inteleon, L81, M|246/246\n|turn|6\n|\n|t:|1781441623\n|move|p2a: Inteleon|Scald|p1a: Gumshoos\n|-damage|p1a: Gumshoos|0 fnt\n|faint|p1a: Gumshoos\n|\n|upkeep\n|\n|t:|1781441626\n|switch|p1a: Palafin|Palafin, L77, M|281/281\n|-damage|p1a: Palafin|246/281|[from] Spikes\n|turn|7\n|\n|t:|1781441628\n|move|p2a: Inteleon|Scald|p1a: Palafin\n|-resisted|p1a: Palafin\n|-damage|p1a: Palafin|138/281\n|-status|p1a: Palafin|brn\n|move|p1a: Palafin|Flip Turn|p2a: Inteleon\n|-resisted|p2a: Inteleon\n|-damage|p2a: Inteleon|224/246\n|\n|t:|1781441631\n|detailschange|p1a: Palafin|Palafin-Hero, L77, M\n|switch|p1a: Oricorio|Oricorio-Pa'u, L87, F|272/272|[from] Flip Turn\n|\n|upkeep\n|turn|8\n|\n|t:|1781441635\n|switch|p2a: Illumise|Illumise, L91, F|266/266\n|move|p1a: Oricorio|Quiver Dance|p1a: Oricorio\n|-boost|p1a: Oricorio|spa|1\n|-boost|p1a: Oricorio|spd|1\n|-boost|p1a: Oricorio|spe|1\n|\n|upkeep\n|turn|9\n|\n|t:|1781441640\n|switch|p1a: Golurk|Golurk, L87|297/297\n|-damage|p1a: Golurk|260/297|[from] Spikes\n|move|p2a: Illumise|Encore||[still]\n|-fail|p2a: Illumise\n|\n|upkeep\n|turn|10\n|\n|t:|1781441645\n|switch|p2a: Cacturne|Cacturne, L92, F|278/278\n|move|p1a: Golurk|Poltergeist|p2a: Cacturne\n|-activate|p2a: Cacturne|move: Poltergeist|Life Orb\n|-resisted|p2a: Cacturne\n|-crit|p2a: Cacturne\n|-damage|p2a: Cacturne|90/278\n|-damage|p1a: Golurk|231/297|[from] item: Life Orb\n|\n|upkeep\n|turn|11\n|\n|t:|1781441652\n|switch|p1a: Palafin|Palafin-Hero, L77, M|138/281 brn\n|-damage|p1a: Palafin|103/281 brn|[from] Spikes\n|-activate|p1a: Palafin|ability: Zero to Hero\n|move|p2a: Cacturne|Knock Off|p1a: Palafin\n|-damage|p1a: Palafin|0 fnt\n|-enditem|p1a: Palafin|Choice Band|[from] move: Knock Off|[of] p2a: Cacturne\n|faint|p1a: Palafin\n|-damage|p2a: Cacturne|63/278|[from] item: Life Orb\n|\n|upkeep\n|\n|t:|1781441654\n|switch|p1a: Cinderace|Cinderace, L77, M|249/249\n|-damage|p1a: Cinderace|218/249|[from] Spikes\n|turn|12\n|\n|t:|1781441662\n|move|p2a: Cacturne|Sucker Punch|p1a: Cinderace\n|-damage|p1a: Cinderace|53/249\n|-damage|p2a: Cacturne|36/278|[from] item: Life Orb\n|move|p1a: Cinderace|U-turn|p2a: Cacturne\n|-start|p1a: Cinderace|typechange|Bug|[from] ability: Libero\n|-supereffective|p2a: Cacturne\n|-damage|p2a: Cacturne|0 fnt\n|faint|p2a: Cacturne\n|\n|t:|1781441671\n|switch|p1a: Oricorio|Oricorio-Pa'u, L87, F|272/272|[from] U-turn\n|\n|upkeep\n|\n|t:|1781441675\n|switch|p2a: Hariyama|Hariyama, L87, M|392/392\n|turn|13\n|\n|t:|1781441677\n|move|p2a: Hariyama|Fake Out|p1a: Oricorio\n|-damage|p1a: Oricorio|229/272\n|cant|p1a: Oricorio|flinch\n|\n|-status|p2a: Hariyama|brn|[from] item: Flame Orb\n|upkeep\n|turn|14\n|\n|t:|1781441681\n|move|p1a: Oricorio|Hurricane|p2a: Hariyama\n|-supereffective|p2a: Hariyama\n|-damage|p2a: Hariyama|54/392 brn\n|move|p2a: Hariyama|Knock Off|p1a: Oricorio\n|-supereffective|p1a: Oricorio\n|-damage|p1a: Oricorio|0 fnt\n|-enditem|p1a: Oricorio|Heavy-Duty Boots|[from] move: Knock Off|[of] p2a: Hariyama\n|faint|p1a: Oricorio\n|\n|-damage|p2a: Hariyama|30/392 brn|[from] brn\n|upkeep\n|\n|t:|1781441688\n|switch|p1a: Golurk|Golurk, L87|231/297\n|-damage|p1a: Golurk|194/297|[from] Spikes\n|turn|15\n|\n|t:|1781441696\n|move|p1a: Golurk|Stone Edge|p2a: Hariyama\n|-resisted|p2a: Hariyama\n|-damage|p2a: Hariyama|0 fnt\n|faint|p2a: Hariyama\n|-damage|p1a: Golurk|165/297|[from] item: Life Orb\n|\n|upkeep\n|\n|t:|1781441718\n|switch|p2a: Inteleon|Inteleon, L81, M|224/246\n|turn|16\n|\n|t:|1781441722\n|-terastallize|p1a: Golurk|Ghost\n|move|p2a: Inteleon|Hydro Pump|p1a: Golurk\n|-damage|p1a: Golurk|0 fnt\n|faint|p1a: Golurk\n|\n|upkeep\n|-message|Isitshine11 forfeited.\n|\n|win|kormorano\n", "uploadtime": 1781441571, "views": 6, "formatid": "gen9randombattle", "rating": null, "private": 0, "password": null}