{"id": "gen9randombattle-2631873497", "format": "[Gen 9] Random Battle", "players": ["cee09", "SaberTB"], "log": "|j|\u2606cee09\n|j|\u2606SaberTB\n|t:|1781450640\n|gametype|singles\n|player|p1|cee09|rocket-gen1rb|1987\n|player|p2|SaberTB|102|2071\n|gen|9\n|tier|[Gen 9] Random Battle\n|rated|\n|rule|Species Clause: Limit one of each Pok\u00e9mon\n|rule|HP Percentage Mod: HP is shown in percentages\n|rule|Sleep Clause Mod: Limit one foe put to sleep\n|rule|Illusion Level Mod: Illusion disguises the Pok\u00e9mon's true level\n|\n|t:|1781450640\n|teamsize|p1|6\n|teamsize|p2|6\n|start\n|switch|p1a: Sceptile|Sceptile, L87, M|264/264\n|switch|p2a: Landorus|Landorus, L75, M|257/257\n|turn|1\n|inactive|Battle timer is ON: inactive players will automatically lose when time's up. (requested by cee09)\n|\n|t:|1781450650\n|switch|p1a: Oranguru|Oranguru, L92, F|315/315\n|move|p2a: Landorus|Sludge Wave|p1a: Oranguru\n|-damage|p1a: Oranguru|236/315\n|\n|upkeep\n|turn|2\n|\n|t:|1781450659\n|switch|p2a: Hoopa|Hoopa-Unbound, L80|259/259\n|move|p1a: Oranguru|Hyper Voice|p2a: Hoopa\n|-damage|p2a: Hoopa|132/259\n|\n|upkeep\n|turn|3\n|\n|t:|1781450667\n|switch|p1a: Honchkrow|Honchkrow, L86, F|312/312\n|move|p2a: Hoopa|Hyperspace Fury|p1a: Honchkrow\n|-resisted|p1a: Honchkrow\n|-damage|p1a: Honchkrow|154/312\n|-unboost|p2a: Hoopa|def|1\n|\n|upkeep\n|turn|4\n|\n|t:|1781450674\n|move|p2a: Hoopa|Hyperspace Fury|p1a: Honchkrow\n|-resisted|p1a: Honchkrow\n|-damage|p1a: Honchkrow|0 fnt\n|-unboost|p2a: Hoopa|def|1\n|faint|p1a: Honchkrow\n|\n|upkeep\n|\n|t:|1781450678\n|switch|p1a: Gyarados|Gyarados, L79, F|280/280\n|turn|5\n|\n|t:|1781450685\n|switch|p2a: Cramorant|Cramorant, L86, M|261/261\n|move|p1a: Gyarados|Dragon Dance|p1a: Gyarados\n|-boost|p1a: Gyarados|atk|1\n|-boost|p1a: Gyarados|spe|1\n|\n|upkeep\n|turn|6\n|\n|t:|1781450689\n|move|p1a: Gyarados|Waterfall|p2a: Cramorant\n|-resisted|p2a: Cramorant\n|-damage|p2a: Cramorant|162/261\n|move|p2a: Cramorant|Surf|p1a: Gyarados\n|-formechange|p2a: Cramorant|Cramorant-Gulping|\n|-resisted|p1a: Gyarados\n|-damage|p1a: Gyarados|240/280\n|\n|upkeep\n|turn|7\n|\n|t:|1781450696\n|move|p1a: Gyarados|Dragon Dance|p1a: Gyarados\n|-boost|p1a: Gyarados|atk|1\n|-boost|p1a: Gyarados|spe|1\n|move|p2a: Cramorant|Surf|p1a: Gyarados\n|-resisted|p1a: Gyarados\n|-damage|p1a: Gyarados|198/280\n|\n|upkeep\n|turn|8\n|\n|t:|1781450700\n|move|p1a: Gyarados|Dragon Dance|p1a: Gyarados\n|-boost|p1a: Gyarados|atk|1\n|-boost|p1a: Gyarados|spe|1\n|move|p2a: Cramorant|Brave Bird|p1a: Gyarados\n|-damage|p1a: Gyarados|60/280\n|-damage|p2a: Cramorant|116/261|[from] Recoil\n|\n|upkeep\n|turn|9\n|\n|t:|1781450705\n|move|p1a: Gyarados|Waterfall|p2a: Cramorant\n|-resisted|p2a: Cramorant\n|-damage|p2a: Cramorant|0 fnt\n|-damage|p1a: Gyarados|0 fnt|[from] ability: Gulp Missile|[of] p2a: Cramorant\n|-formechange|p2a: Cramorant|Cramorant|\n|faint|p2a: Cramorant\n|faint|p1a: Gyarados\n|\n|upkeep\n|\n|t:|1781450725\n|switch|p2a: Brambleghast|Brambleghast, L88, M|240/240\n|switch|p1a: Primarina|Primarina, L83, F|268/268\n|turn|10\n|-message|cee09 forfeited.\n|\n|win|SaberTB\n", "uploadtime": 1781450642, "views": 3, "formatid": "gen9randombattle", "rating": null, "private": 0, "password": null}