{"id": "gen9randombattle-2631778724", "format": "[Gen 9] Random Battle", "players": ["Zabalilla", "misty's magic"], "log": "|j|\u2606Zabalilla\n|j|\u2606misty's magic\n|t:|1781438298\n|gametype|singles\n|player|p1|Zabalilla|2|1958\n|player|p2|misty's magic|169|1926\n|gen|9\n|tier|[Gen 9] Random Battle\n|rated|\n|rule|Species Clause: Limit one of each Pok\u00e9mon\n|rule|HP Percentage Mod: HP is shown in percentages\n|rule|Sleep Clause Mod: Limit one foe put to sleep\n|rule|Illusion Level Mod: Illusion disguises the Pok\u00e9mon's true level\n|\n|t:|1781438298\n|teamsize|p1|6\n|teamsize|p2|6\n|start\n|switch|p1a: Bombirdier|Bombirdier, L85, M|258/258\n|switch|p2a: Ludicolo|Ludicolo, L90, M|290/290\n|turn|1\n|inactive|Battle timer is ON: inactive players will automatically lose when time's up. (requested by Zabalilla)\n|\n|t:|1781438322\n|switch|p2a: Regirock|Regirock, L83|268/268\n|move|p1a: Bombirdier|Brave Bird|p2a: Regirock\n|-resisted|p2a: Regirock\n|-damage|p2a: Regirock|232/268\n|-damage|p1a: Bombirdier|246/258|[from] Recoil\n|\n|-heal|p2a: Regirock|248/268|[from] item: Leftovers\n|upkeep\n|turn|2\n|\n|t:|1781438334\n|move|p1a: Bombirdier|Knock Off|p2a: Regirock\n|-damage|p2a: Regirock|187/268\n|-enditem|p2a: Regirock|Leftovers|[from] move: Knock Off|[of] p1a: Bombirdier\n|move|p2a: Regirock|Stealth Rock|p1a: Bombirdier\n|-sidestart|p1: Zabalilla|move: Stealth Rock\n|\n|upkeep\n|turn|3\n|\n|t:|1781438339\n|move|p1a: Bombirdier|Stealth Rock|p2a: Regirock\n|-sidestart|p2: misty's magic|move: Stealth Rock\n|move|p2a: Regirock|Thunder Wave|p1a: Bombirdier\n|-status|p1a: Bombirdier|par\n|\n|upkeep\n|turn|4\n|\n|t:|1781438344\n|switch|p1a: Gardevoir|Gardevoir, L83, F|249/249\n|-damage|p1a: Gardevoir|218/249|[from] Stealth Rock\n|-ability|p1a: Gardevoir|Clear Body|Trace|[from] ability: Trace|[of] p2a: Regirock\n|move|p2a: Regirock|Stone Edge|p1a: Gardevoir\n|-damage|p1a: Gardevoir|82/249\n|\n|upkeep\n|turn|5\n|\n|t:|1781438352\n|move|p1a: Gardevoir|Focus Blast|p2a: Regirock\n|-supereffective|p2a: Regirock\n|-damage|p2a: Regirock|1/268\n|move|p2a: Regirock|Stone Edge|p1a: Gardevoir\n|-crit|p1a: Gardevoir\n|-damage|p1a: Gardevoir|0 fnt\n|faint|p1a: Gardevoir\n|\n|upkeep\n|\n|t:|1781438355\n|switch|p1a: Jumpluff|Jumpluff, L87, F|271/271\n|-damage|p1a: Jumpluff|204/271|[from] Stealth Rock\n|turn|6\n|\n|t:|1781438361\n|move|p1a: Jumpluff|Acrobatics|p2a: Regirock\n|-resisted|p2a: Regirock\n|-damage|p2a: Regirock|0 fnt\n|faint|p2a: Regirock\n|\n|upkeep\n|\n|t:|1781438367\n|switch|p2a: Granbull|Granbull, L88, F|302/302\n|-damage|p2a: Granbull|265/302|[from] Stealth Rock\n|-ability|p2a: Granbull|Intimidate|boost\n|-unboost|p1a: Jumpluff|atk|1\n|turn|7\n|\n|t:|1781438372\n|move|p1a: Jumpluff|Sleep Powder|p2a: Granbull|[miss]\n|-miss|p1a: Jumpluff|p2a: Granbull\n|move|p2a: Granbull|Thunder Wave|p1a: Jumpluff\n|-status|p1a: Jumpluff|par\n|\n|-heal|p2a: Granbull|283/302|[from] item: Leftovers\n|upkeep\n|turn|8\n|\n|t:|1781438376\n|move|p2a: Granbull|Play Rough|p1a: Jumpluff\n|-damage|p1a: Jumpluff|53/271 par\n|move|p1a: Jumpluff|Strength Sap|p2a: Granbull\n|-unboost|p2a: Granbull|atk|1\n|-heal|p1a: Jumpluff|271/271 par\n|\n|-heal|p2a: Granbull|301/302|[from] item: Leftovers\n|upkeep\n|turn|9\n|\n|t:|1781438385\n|move|p2a: Granbull|Encore|p1a: Jumpluff\n|-start|p1a: Jumpluff|Encore\n|move|p1a: Jumpluff|Strength Sap|p2a: Granbull\n|-unboost|p2a: Granbull|atk|1\n|\n|-heal|p2a: Granbull|302/302|[from] item: Leftovers\n|upkeep\n|turn|10\n|\n|t:|1781438395\n|switch|p1a: Bombirdier|Bombirdier, L85, M|246/258 par\n|move|p2a: Granbull|Thunder Wave|p1a: Bombirdier\n|-fail|p1a: Bombirdier|par\n|\n|upkeep\n|turn|11\n|\n|t:|1781438400\n|move|p2a: Granbull|Play Rough|p1a: Bombirdier\n|-supereffective|p1a: Bombirdier\n|-damage|p1a: Bombirdier|124/258 par\n|move|p1a: Bombirdier|Brave Bird|p2a: Granbull\n|-damage|p2a: Granbull|146/302\n|-damage|p1a: Bombirdier|73/258 par|[from] Recoil\n|\n|-heal|p2a: Granbull|164/302|[from] item: Leftovers\n|upkeep\n|turn|12\n|\n|t:|1781438404\n|move|p2a: Granbull|Play Rough|p1a: Bombirdier\n|-supereffective|p1a: Bombirdier\n|-damage|p1a: Bombirdier|0 fnt\n|faint|p1a: Bombirdier\n|\n|-heal|p2a: Granbull|182/302|[from] item: Leftovers\n|upkeep\n|\n|t:|1781438411\n|switch|p1a: Jumpluff|Jumpluff, L87, F|271/271 par\n|-damage|p1a: Jumpluff|204/271 par|[from] Stealth Rock\n|turn|13\n|\n|t:|1781438420\n|move|p2a: Granbull|Play Rough|p1a: Jumpluff\n|-damage|p1a: Jumpluff|129/271 par\n|cant|p1a: Jumpluff|par\n|\n|-heal|p2a: Granbull|200/302|[from] item: Leftovers\n|upkeep\n|turn|14\n|\n|t:|1781438423\n|move|p2a: Granbull|Play Rough|p1a: Jumpluff\n|-damage|p1a: Jumpluff|63/271 par\n|-unboost|p1a: Jumpluff|atk|1\n|move|p1a: Jumpluff|Sleep Powder|p2a: Granbull\n|-status|p2a: Granbull|slp|[from] move: Sleep Powder\n|\n|-heal|p2a: Granbull|218/302 slp|[from] item: Leftovers\n|upkeep\n|turn|15\n|\n|t:|1781438427\n|cant|p2a: Granbull|slp\n|move|p1a: Jumpluff|Strength Sap|p2a: Granbull\n|-unboost|p2a: Granbull|atk|1\n|-heal|p1a: Jumpluff|193/271 par\n|\n|-heal|p2a: Granbull|236/302 slp|[from] item: Leftovers\n|upkeep\n|turn|16\n|\n|t:|1781438432\n|cant|p2a: Granbull|slp\n|move|p1a: Jumpluff|Acrobatics|p2a: Granbull\n|-damage|p2a: Granbull|181/302 slp\n|\n|-heal|p2a: Granbull|199/302 slp|[from] item: Leftovers\n|upkeep\n|turn|17\n|\n|t:|1781438441\n|-curestatus|p2a: Granbull|slp|[msg]\n|move|p2a: Granbull|Play Rough|p1a: Jumpluff|[miss]\n|-miss|p2a: Granbull|p1a: Jumpluff\n|move|p1a: Jumpluff|Sleep Powder|p2a: Granbull\n|-status|p2a: Granbull|slp|[from] move: Sleep Powder\n|\n|-heal|p2a: Granbull|217/302 slp|[from] item: Leftovers\n|upkeep\n|turn|18\n|\n|t:|1781438446\n|cant|p2a: Granbull|slp\n|cant|p1a: Jumpluff|par\n|\n|-heal|p2a: Granbull|235/302 slp|[from] item: Leftovers\n|upkeep\n|turn|19\n|\n|t:|1781438452\n|switch|p1a: Bellossom|Bellossom, L84, F|263/263\n|-damage|p1a: Bellossom|231/263|[from] Stealth Rock\n|-curestatus|p2a: Granbull|slp|[msg]\n|move|p2a: Granbull|Encore||[still]\n|-fail|p2a: Granbull\n|\n|-heal|p1a: Bellossom|247/263|[from] item: Leftovers\n|-heal|p2a: Granbull|253/302|[from] item: Leftovers\n|upkeep\n|turn|20\n|\n|t:|1781438456\n|move|p1a: Bellossom|Quiver Dance|p1a: Bellossom\n|-boost|p1a: Bellossom|spa|1\n|-boost|p1a: Bellossom|spd|1\n|-boost|p1a: Bellossom|spe|1\n|move|p2a: Granbull|Thunder Wave|p1a: Bellossom\n|-status|p1a: Bellossom|par\n|\n|-heal|p2a: Granbull|271/302|[from] item: Leftovers\n|-heal|p1a: Bellossom|263/263 par|[from] item: Leftovers\n|upkeep\n|turn|21\n|\n|t:|1781438459\n|move|p2a: Granbull|Encore|p1a: Bellossom\n|-start|p1a: Bellossom|Encore\n|move|p1a: Bellossom|Quiver Dance|p1a: Bellossom\n|-boost|p1a: Bellossom|spa|1\n|-boost|p1a: Bellossom|spd|1\n|-boost|p1a: Bellossom|spe|1\n|\n|-heal|p2a: Granbull|289/302|[from] item: Leftovers\n|upkeep\n|turn|22\n|\n|t:|1781438464\n|switch|p2a: Zangoose|Zangoose, L85, M|263/263\n|-damage|p2a: Zangoose|231/263|[from] Stealth Rock\n|cant|p1a: Bellossom|par\n|\n|-status|p2a: Zangoose|tox|[from] item: Toxic Orb\n|upkeep\n|turn|23\n|\n|t:|1781438469\n|move|p2a: Zangoose|Facade|p1a: Bellossom\n|-damage|p1a: Bellossom|11/263 par\n|move|p1a: Bellossom|Quiver Dance|p1a: Bellossom\n|-boost|p1a: Bellossom|spa|1\n|-boost|p1a: Bellossom|spd|1\n|-boost|p1a: Bellossom|spe|1\n|\n|-heal|p1a: Bellossom|27/263 par|[from] item: Leftovers\n|-damage|p2a: Zangoose|215/263 tox|[from] psn\n|-end|p1a: Bellossom|Encore\n|upkeep\n|turn|24\n|\n|t:|1781438473\n|move|p2a: Zangoose|Quick Attack|p1a: Bellossom\n|-damage|p1a: Bellossom|0 fnt\n|faint|p1a: Bellossom\n|\n|-damage|p2a: Zangoose|183/263 tox|[from] psn\n|upkeep\n|\n|t:|1781438477\n|switch|p1a: Porygon2|Porygon2, L81|270/270\n|-damage|p1a: Porygon2|237/270|[from] Stealth Rock\n|-ability|p1a: Porygon2|Download|boost\n|-boost|p1a: Porygon2|spa|1\n|turn|25\n|\n|t:|1781438483\n|move|p2a: Zangoose|Close Combat|p1a: Porygon2\n|-supereffective|p1a: Porygon2\n|-crit|p1a: Porygon2\n|-damage|p1a: Porygon2|0 fnt\n|-unboost|p2a: Zangoose|def|1\n|-unboost|p2a: Zangoose|spd|1\n|faint|p1a: Porygon2\n|\n|-damage|p2a: Zangoose|135/263 tox|[from] psn\n|upkeep\n|c|\u2606misty's magic|Gg\n|inactive|Zabalilla has 120 seconds left.\n|-message|Zabalilla forfeited.\n|\n|win|misty's magic\n", "uploadtime": 1781438301, "views": 8, "formatid": "gen9randombattle", "rating": null, "private": 0, "password": null}