{"id": "gen9randombattle-2631821991", "format": "[Gen 9] Random Battle", "players": ["Treelo-Queest", "peter vin"], "log": "|j|\u2606Treelo-Queest\n|j|\u2606peter vin\n|t:|1781444512\n|gametype|singles\n|player|p1|Treelo-Queest|101|1157\n|player|p2|peter vin|benga|1129\n|gen|9\n|tier|[Gen 9] Random Battle\n|rated|\n|rule|Species Clause: Limit one of each Pok\u00e9mon\n|rule|HP Percentage Mod: HP is shown in percentages\n|rule|Sleep Clause Mod: Limit one foe put to sleep\n|rule|Illusion Level Mod: Illusion disguises the Pok\u00e9mon's true level\n|\n|t:|1781444512\n|teamsize|p1|6\n|teamsize|p2|6\n|start\n|switch|p1a: Froslass|Froslass, L87, F|263/263\n|switch|p2a: Cyclizar|Cyclizar, L83, M|252/252\n|turn|1\n|inactive|Battle timer is ON: inactive players will automatically lose when time's up. (requested by Treelo-Queest)\n|\n|t:|1781444541\n|switch|p2a: Banette|Banette, L93, M|270/270\n|move|p1a: Froslass|Triple Axel|p2a: Banette\n|-damage|p2a: Banette|246/270\n|-crit|p2a: Banette\n|-damage|p2a: Banette|176/270\n|-damage|p2a: Banette|109/270\n|-hitcount|p2a: Banette|3\n|\n|upkeep\n|turn|2\n|\n|t:|1781444569\n|move|p2a: Banette|Shadow Sneak|p1a: Froslass\n|-supereffective|p1a: Froslass\n|-damage|p1a: Froslass|89/263\n|-damage|p2a: Banette|82/270|[from] item: Life Orb\n|move|p1a: Froslass|Triple Axel|p2a: Banette\n|-damage|p2a: Banette|61/270\n|-damage|p2a: Banette|16/270\n|-damage|p2a: Banette|0 fnt\n|faint|p2a: Banette\n|-hitcount|p2: Banette|3\n|\n|upkeep\n|\n|t:|1781444582\n|switch|p2a: Cyclizar|Cyclizar, L83, M|252/252\n|turn|3\n|\n|t:|1781444595\n|move|p2a: Cyclizar|Knock Off|p1a: Froslass\n|-supereffective|p1a: Froslass\n|-damage|p1a: Froslass|0 fnt\n|-enditem|p1a: Froslass|Wide Lens|[from] move: Knock Off|[of] p2a: Cyclizar\n|faint|p1a: Froslass\n|\n|upkeep\n|\n|t:|1781444606\n|switch|p1a: Klefki|Klefki, L84, M|233/233\n|turn|4\n|inactive|peter vin has 120 seconds left.\n|\n|t:|1781444649\n|switch|p2a: Glaceon|Glaceon, L94, M|275/275\n|move|p1a: Klefki|Thunder Wave|p2a: Glaceon\n|-status|p2a: Glaceon|par\n|\n|upkeep\n|turn|5\n|l|\u2606Treelo-Queest\n|inactive|Treelo-Queest disconnected and has a minute to reconnect!\n|player|p1|\n|j|\u2606Treelo-Queest\n|inactive|Treelo-Queest reconnected and has 115 seconds left.\n|player|p1|Treelo-Queest|101|\n|\n|t:|1781444690\n|-terastallize|p2a: Glaceon|Ground\n|move|p1a: Klefki|Spikes|p2a: Glaceon\n|-sidestart|p2: peter vin|Spikes\n|cant|p2a: Glaceon|par\n|\n|upkeep\n|turn|6\n|\n|t:|1781444698\n|move|p1a: Klefki|Spikes|p2a: Glaceon\n|-sidestart|p2: peter vin|Spikes\n|move|p2a: Glaceon|Mud Shot|p1a: Klefki|[miss]\n|-miss|p2a: Glaceon|p1a: Klefki\n|\n|upkeep\n|turn|7\n|\n|t:|1781444704\n|move|p1a: Klefki|Spikes|p2a: Glaceon\n|-sidestart|p2: peter vin|Spikes\n|move|p2a: Glaceon|Mud Shot|p1a: Klefki\n|-supereffective|p1a: Klefki\n|-damage|p1a: Klefki|21/233\n|-unboost|p1a: Klefki|spe|1\n|\n|-heal|p1a: Klefki|35/233|[from] item: Leftovers\n|upkeep\n|turn|8\n|inactive|peter vin has 120 seconds left.\n|\n|t:|1781444717\n|switch|p1a: Amoonguss|Amoonguss, L82, M|321/321\n|move|p2a: Glaceon|Mud Shot|p1a: Amoonguss\n|-damage|p1a: Amoonguss|219/321\n|-unboost|p1a: Amoonguss|spe|1\n|\n|-heal|p1a: Amoonguss|239/321|[from] item: Leftovers\n|upkeep\n|turn|9\n|inactive|peter vin has 120 seconds left.\n|inactive|peter vin has 90 seconds left.\n|\n|t:|1781444754\n|move|p2a: Glaceon|Freeze-Dry|p1a: Amoonguss\n|-supereffective|p1a: Amoonguss\n|-damage|p1a: Amoonguss|3/321\n|move|p1a: Amoonguss|Giga Drain|p2a: Glaceon\n|-supereffective|p2a: Glaceon\n|-damage|p2a: Glaceon|167/275 par\n|-heal|p1a: Amoonguss|57/321|[from] drain|[of] p2a: Glaceon\n|\n|-heal|p1a: Amoonguss|77/321|[from] item: Leftovers\n|upkeep\n|turn|10\n|inactive|peter vin has 90 seconds left.\n|\n|t:|1781444770\n|move|p2a: Glaceon|Freeze-Dry|p1a: Amoonguss\n|-supereffective|p1a: Amoonguss\n|-crit|p1a: Amoonguss\n|-damage|p1a: Amoonguss|0 fnt\n|faint|p1a: Amoonguss\n|\n|upkeep\n|inactive|Treelo-Queest has 120 seconds left.\n|inactive|Treelo-Queest has 90 seconds left.\n|\n|t:|1781444833\n|switch|p1a: Exeggutor|Exeggutor-Alola, L89, M|314/314\n|turn|11\n|inactive|peter vin has 90 seconds left.\n|\n|t:|1781444860\n|-terastallize|p1a: Exeggutor|Fire\n|move|p1a: Exeggutor|Wood Hammer|p2a: Glaceon\n|-supereffective|p2a: Glaceon\n|-damage|p2a: Glaceon|0 fnt\n|faint|p2a: Glaceon\n|-damage|p1a: Exeggutor|259/314|[from] Recoil\n|\n|upkeep\n|inactive|peter vin has 60 seconds left.\n|inactive|peter vin has 30 seconds left.\n|inactive|peter vin has 20 seconds left.\n|\n|t:|1781444925\n|switch|p2a: Cresselia|Cresselia, L80, F|323/323\n|turn|12\n|inactive|peter vin has 30 seconds left this turn.\n|inactive|peter vin has 20 seconds left.\n|\n|t:|1781444936\n|move|p2a: Cresselia|Calm Mind|p2a: Cresselia\n|-boost|p2a: Cresselia|spa|1\n|-boost|p2a: Cresselia|spd|1\n|move|p1a: Exeggutor|Sleep Powder|p2a: Cresselia|[miss]\n|-miss|p1a: Exeggutor|p2a: Cresselia\n|\n|upkeep\n|turn|13\n|inactive|peter vin has 30 seconds left this turn.\n|inactive|peter vin has 20 seconds left.\n|inactive|peter vin has 15 seconds left.\n|\n|t:|1781444956\n|move|p2a: Cresselia|Psyshock|p1a: Exeggutor\n|-damage|p1a: Exeggutor|168/314\n|move|p1a: Exeggutor|Sleep Powder|p2a: Cresselia\n|-status|p2a: Cresselia|slp|[from] move: Sleep Powder\n|\n|upkeep\n|turn|14\n|inactive|peter vin has 25 seconds left this turn.\n|inactive|peter vin has 20 seconds left.\n|\n|t:|1781444973\n|switch|p1a: Giratina|Giratina, L75|349/349\n|-ability|p1a: Giratina|Pressure\n|cant|p2a: Cresselia|slp\n|\n|upkeep\n|turn|15\n|inactive|peter vin has 30 seconds left this turn.\n|inactive|peter vin has 20 seconds left.\n|\n|t:|1781444984\n|cant|p2a: Cresselia|slp\n|move|p1a: Giratina|Dragon Tail|p2a: Cresselia\n|-damage|p2a: Cresselia|272/323 slp\n|drag|p2a: Cinccino|Cinccino, L83, M|260/260\n|-damage|p2a: Cinccino|195/260|[from] Spikes\n|\n|upkeep\n|turn|16\n|inactive|peter vin has 30 seconds left this turn.\n|inactive|peter vin has 20 seconds left.\n|\n|t:|1781444995\n|move|p2a: Cinccino|Triple Axel|p1a: Giratina\n|-supereffective|p1a: Giratina\n|-damage|p1a: Giratina|313/349\n|-supereffective|p1a: Giratina\n|-damage|p1a: Giratina|241/349\n|-supereffective|p1a: Giratina\n|-damage|p1a: Giratina|141/349\n|-hitcount|p1a: Giratina|3\n|move|p1a: Giratina|Dragon Tail|p2a: Cinccino\n|-damage|p2a: Cinccino|128/260\n|drag|p2a: Cyclizar|Cyclizar, L83, M|252/252\n|\n|-heal|p1a: Giratina|162/349|[from] item: Leftovers\n|upkeep\n|turn|17\n|inactive|peter vin has 30 seconds left this turn.\n|inactive|peter vin has 20 seconds left.\n|inactive|peter vin has 15 seconds left.\n|\n|t:|1781445010\n|move|p2a: Cyclizar|Draco Meteor|p1a: Giratina\n|-supereffective|p1a: Giratina\n|-damage|p1a: Giratina|0 fnt\n|-unboost|p2a: Cyclizar|spa|2\n|faint|p1a: Giratina\n|\n|upkeep\n|inactive|Treelo-Queest has 120 seconds left.\n|\n|t:|1781445021\n|switch|p1a: Dunsparce|Dunsparce, L86, F|312/312\n|turn|18\n|inactive|peter vin has 30 seconds left this turn.\n|-message|Treelo-Queest forfeited.\n|\n|win|peter vin\n|raw|Treelo-Queest's rating: 1157 &rarr; <strong>1130</strong><br />(-27 for losing)\n|raw|peter vin's rating: 1129 &rarr; <strong>1156</strong><br />(+27 for winning)\n|l|\u2606Treelo-Queest\n|player|p1|\n", "uploadtime": 1781445037, "views": 3, "formatid": "gen9randombattle", "rating": 1130, "private": 0, "password": null}