{"id": "gen9randombattle-2631886071", "format": "[Gen 9] Random Battle", "players": ["j4jnejeke", "heyueumejeh"], "log": "|j|\u2606j4jnejeke\n|j|\u2606heyueumejeh\n|t:|1781452045\n|gametype|singles\n|player|p1|j4jnejeke|1|1000\n|player|p2|heyueumejeh|101|1000\n|gen|9\n|tier|[Gen 9] Random Battle\n|rated|\n|rule|Species Clause: Limit one of each Pok\u00e9mon\n|rule|HP Percentage Mod: HP is shown in percentages\n|rule|Sleep Clause Mod: Limit one foe put to sleep\n|rule|Illusion Level Mod: Illusion disguises the Pok\u00e9mon's true level\n|\n|t:|1781452045\n|teamsize|p1|6\n|teamsize|p2|6\n|start\n|switch|p1a: Walking Wake|Walking Wake, L79|286/286\n|switch|p2a: Heracross|Heracross, L80, F|259/259\n|turn|1\n|inactive|Battle timer is ON: inactive players will automatically lose when time's up. (requested by j4jnejeke)\n|\n|t:|1781452076\n|move|p1a: Walking Wake|Flamethrower|p2a: Heracross\n|-supereffective|p2a: Heracross\n|-damage|p2a: Heracross|47/259\n|move|p2a: Heracross|Knock Off|p1a: Walking Wake\n|-damage|p1a: Walking Wake|206/286\n|-enditem|p1a: Walking Wake|Choice Specs|[from] move: Knock Off|[of] p2a: Heracross\n|\n|-status|p2a: Heracross|brn|[from] item: Flame Orb\n|upkeep\n|turn|2\n|\n|t:|1781452100\n|switch|p2a: Tentacruel|Tentacruel, L84, F|272/272\n|move|p1a: Walking Wake|Flamethrower|p2a: Tentacruel\n|-resisted|p2a: Tentacruel\n|-damage|p2a: Tentacruel|244/272\n|\n|-heal|p2a: Tentacruel|261/272|[from] item: Leftovers\n|upkeep\n|turn|3\n|\n|t:|1781452114\n|move|p1a: Walking Wake|Flip Turn|p2a: Tentacruel\n|-resisted|p2a: Tentacruel\n|-damage|p2a: Tentacruel|228/272\n|\n|t:|1781452128\n|-end|p1a: Walking Wake|Protosynthesis|[silent]\n|switch|p1a: Hitmontop|Hitmontop, L88, M|231/231|[from] Flip Turn\n|-ability|p1a: Hitmontop|Intimidate|boost\n|-unboost|p2a: Tentacruel|atk|1\n|move|p2a: Tentacruel|Sludge Bomb|p1a: Hitmontop\n|-damage|p1a: Hitmontop|182/231\n|\n|-heal|p2a: Tentacruel|245/272|[from] item: Leftovers\n|upkeep\n|turn|4\n|inactive|heyueumejeh has 120 seconds left.\n|\n|t:|1781452156\n|switch|p2a: Espathra|Espathra, L80, F|283/283\n|move|p1a: Hitmontop|Rapid Spin|p2a: Espathra\n|-damage|p2a: Espathra|233/283\n|-boost|p1a: Hitmontop|spe|1\n|\n|upkeep\n|turn|5\n|inactive|heyueumejeh has 120 seconds left.\n|\n|t:|1781452174\n|-terastallize|p1a: Hitmontop|Steel\n|move|p1a: Hitmontop|Earthquake|p2a: Espathra\n|-damage|p2a: Espathra|120/283\n|move|p2a: Espathra|Lumina Crash|p1a: Hitmontop\n|-resisted|p1a: Hitmontop\n|-damage|p1a: Hitmontop|152/231\n|-unboost|p1a: Hitmontop|spd|2\n|\n|-ability|p2a: Espathra|Speed Boost|boost\n|-boost|p2a: Espathra|spe|1\n|upkeep\n|turn|6\n|inactive|heyueumejeh has 120 seconds left.\n|\n|t:|1781452199\n|switch|p2a: Deoxys|Deoxys, L74|196/196\n|-ability|p2a: Deoxys|Pressure\n|move|p1a: Hitmontop|Earthquake|p2a: Deoxys\n|-damage|p2a: Deoxys|66/196\n|\n|upkeep\n|turn|7\n|\n|t:|1781452212\n|move|p2a: Deoxys|Superpower|p1a: Hitmontop\n|-supereffective|p1a: Hitmontop\n|-damage|p1a: Hitmontop|0 fnt\n|-unboost|p2a: Deoxys|atk|1\n|-unboost|p2a: Deoxys|def|1\n|faint|p1a: Hitmontop\n|-damage|p2a: Deoxys|47/196|[from] item: Life Orb\n|\n|upkeep\n|\n|t:|1781452223\n|switch|p1a: Leavanny|Leavanny, L86, M|269/269\n|turn|8\n|\n|t:|1781452241\n|switch|p2a: Typhlosion|Typhlosion-Hisui, L83, F|257/257\n|move|p1a: Leavanny|Sticky Web|p2a: Typhlosion\n|-sidestart|p2: heyueumejeh|move: Sticky Web\n|\n|upkeep\n|turn|9\n|\n|t:|1781452257\n|switch|p1a: Walking Wake|Walking Wake, L79|206/286\n|move|p2a: Typhlosion|Focus Blast|p1a: Walking Wake\n|-damage|p1a: Walking Wake|48/286\n|\n|upkeep\n|turn|10\n|\n|t:|1781452264\n|move|p1a: Walking Wake|Hydro Pump|p2a: Typhlosion|[miss]\n|-miss|p1a: Walking Wake|p2a: Typhlosion\n|move|p2a: Typhlosion|Focus Blast|p1a: Walking Wake|[miss]\n|-miss|p2a: Typhlosion|p1a: Walking Wake\n|\n|upkeep\n|turn|11\n|\n|t:|1781452271\n|move|p1a: Walking Wake|Hydro Pump|p2a: Typhlosion\n|-supereffective|p2a: Typhlosion\n|-damage|p2a: Typhlosion|0 fnt\n|faint|p2a: Typhlosion\n|\n|upkeep\n|\n|t:|1781452278\n|switch|p2a: Deoxys|Deoxys, L74|47/196\n|-activate|p2a: Deoxys|move: Sticky Web\n|-unboost|p2a: Deoxys|spe|1\n|-ability|p2a: Deoxys|Pressure\n|turn|12\n|\n|t:|1781452286\n|move|p2a: Deoxys|Extreme Speed|p1a: Walking Wake\n|-damage|p1a: Walking Wake|0 fnt\n|faint|p1a: Walking Wake\n|-end|p1a: Walking Wake|Protosynthesis|[silent]\n|-damage|p2a: Deoxys|28/196|[from] item: Life Orb\n|\n|upkeep\n|\n|t:|1781452290\n|switch|p1a: Leavanny|Leavanny, L86, M|269/269\n|turn|13\n|inactive|heyueumejeh has 120 seconds left.\n|\n|t:|1781452300\n|move|p1a: Leavanny|Bullet Seed|p2a: Deoxys\n|-damage|p2a: Deoxys|0 fnt\n|faint|p2a: Deoxys\n|-hitcount|p2: Deoxys|1\n|\n|upkeep\n|inactive|heyueumejeh has 120 seconds left.\n|\n|t:|1781452315\n|switch|p2a: Tauros|Tauros-Paldea-Blaze, L81, M|254/254\n|-activate|p2a: Tauros|move: Sticky Web\n|-unboost|p2a: Tauros|spe|1\n|-ability|p2a: Tauros|Intimidate|boost\n|-unboost|p1a: Leavanny|atk|1\n|turn|14\n|\n|t:|1781452334\n|switch|p1a: Politoed|Politoed, L88, F|302/302\n|-weather|RainDance|[from] ability: Drizzle|[of] p1a: Politoed\n|move|p2a: Tauros|Stone Edge|p1a: Politoed\n|-damage|p1a: Politoed|183/302\n|\n|-weather|RainDance|[upkeep]\n|-heal|p1a: Politoed|201/302|[from] item: Leftovers\n|upkeep\n|turn|15\n|\n|t:|1781452353\n|switch|p2a: Tentacruel|Tentacruel, L84, F|245/272\n|-activate|p2a: Tentacruel|move: Sticky Web\n|-unboost|p2a: Tentacruel|spe|1\n|move|p1a: Politoed|Surf|p2a: Tentacruel\n|-resisted|p2a: Tentacruel\n|-damage|p2a: Tentacruel|184/272\n|\n|-weather|RainDance|[upkeep]\n|-heal|p1a: Politoed|219/302|[from] item: Leftovers\n|-heal|p2a: Tentacruel|201/272|[from] item: Leftovers\n|upkeep\n|turn|16\n|\n|t:|1781452371\n|switch|p1a: Leavanny|Leavanny, L86, M|269/269\n|move|p2a: Tentacruel|Sludge Bomb|p1a: Leavanny\n|-supereffective|p1a: Leavanny\n|-damage|p1a: Leavanny|93/269\n|\n|-weather|RainDance|[upkeep]\n|-heal|p2a: Tentacruel|218/272|[from] item: Leftovers\n|upkeep\n|turn|17\n|inactive|heyueumejeh has 90 seconds left.\n|\n|t:|1781452392\n|move|p1a: Leavanny|Bullet Seed|p2a: Tentacruel\n|-damage|p2a: Tentacruel|179/272\n|-damage|p2a: Tentacruel|140/272\n|-damage|p2a: Tentacruel|103/272\n|-damage|p2a: Tentacruel|69/272\n|-hitcount|p2a: Tentacruel|4\n|move|p2a: Tentacruel|Sludge Bomb|p1a: Leavanny\n|-supereffective|p1a: Leavanny\n|-damage|p1a: Leavanny|0 fnt\n|faint|p1a: Leavanny\n|\n|-weather|RainDance|[upkeep]\n|-heal|p2a: Tentacruel|86/272|[from] item: Leftovers\n|upkeep\n|\n|t:|1781452402\n|switch|p1a: Alcremie|Alcremie-Mint-Cream, L90, F|263/263\n|turn|18\n|inactive|heyueumejeh has 90 seconds left.\n|\n|t:|1781452415\n|move|p1a: Alcremie|Psyshock|p2a: Tentacruel\n|-supereffective|p2a: Tentacruel\n|-damage|p2a: Tentacruel|0 fnt\n|faint|p2a: Tentacruel\n|\n|-weather|none\n|upkeep\n|inactive|heyueumejeh has 90 seconds left.\n|\n|t:|1781452433\n|switch|p2a: Tauros|Tauros-Paldea-Blaze, L81, M|254/254\n|-activate|p2a: Tauros|move: Sticky Web\n|-unboost|p2a: Tauros|spe|1\n|-ability|p2a: Tauros|Intimidate|boost\n|-unboost|p1a: Alcremie|atk|1\n|turn|19\n|\n|t:|1781452439\n|move|p1a: Alcremie|Alluring Voice|p2a: Tauros\n|-damage|p2a: Tauros|121/254\n|move|p2a: Tauros|Wild Charge|p1a: Alcremie\n|-damage|p1a: Alcremie|163/263\n|-damage|p2a: Tauros|96/254|[from] Recoil\n|\n|-heal|p1a: Alcremie|179/263|[from] item: Leftovers\n|upkeep\n|turn|20\n|inactive|heyueumejeh has 90 seconds left.\n|\n|t:|1781452469\n|move|p1a: Alcremie|Alluring Voice|p2a: Tauros\n|-damage|p2a: Tauros|0 fnt\n|faint|p2a: Tauros\n|\n|-heal|p1a: Alcremie|195/263|[from] item: Leftovers\n|upkeep\n|\n|t:|1781452478\n|switch|p2a: Heracross|Heracross, L80, F|47/259 brn\n|-activate|p2a: Heracross|move: Sticky Web\n|-unboost|p2a: Heracross|spe|1\n|turn|21\n|\n|t:|1781452487\n|move|p1a: Alcremie|Alluring Voice|p2a: Heracross\n|-supereffective|p2a: Heracross\n|-damage|p2a: Heracross|0 fnt\n|faint|p2a: Heracross\n|\n|-heal|p1a: Alcremie|211/263|[from] item: Leftovers\n|upkeep\n|\n|t:|1781452498\n|switch|p2a: Espathra|Espathra, L80, F|120/283\n|-activate|p2a: Espathra|move: Sticky Web\n|-unboost|p2a: Espathra|spe|1\n|turn|22\n|\n|t:|1781452510\n|-terastallize|p2a: Espathra|Fairy\n|move|p1a: Alcremie|Calm Mind|p1a: Alcremie\n|-boost|p1a: Alcremie|spa|1\n|-boost|p1a: Alcremie|spd|1\n|move|p2a: Espathra|Dazzling Gleam|p1a: Alcremie\n|-damage|p1a: Alcremie|153/263\n|\n|-heal|p1a: Alcremie|169/263|[from] item: Leftovers\n|-ability|p2a: Espathra|Speed Boost|boost\n|-boost|p2a: Espathra|spe|1\n|upkeep\n|turn|23\n|\n|t:|1781452522\n|move|p2a: Espathra|Dazzling Gleam|p1a: Alcremie\n|-damage|p1a: Alcremie|109/263\n|move|p1a: Alcremie|Psyshock|p2a: Espathra\n|-damage|p2a: Espathra|0 fnt\n|faint|p2a: Espathra\n|\n|win|j4jnejeke\n|raw|j4jnejeke's rating: 1000 &rarr; <strong>1040</strong><br />(+40 for winning)\n|raw|heyueumejeh's rating: 1000 &rarr; <strong>1000</strong><br />(+0 for losing)\n|l|\u2606heyueumejeh\n|player|p2|\n", "uploadtime": 1781452532, "views": 5, "formatid": "gen9randombattle", "rating": 1000, "private": 0, "password": null}