{"id": "gen9randombattle-2631997499", "format": "[Gen 9] Random Battle", "players": ["Cheezrat", "Shomsnack"], "log": "|j|\u2606Cheezrat\n|j|\u203dShomsnack\n|t:|1781464215\n|gametype|singles\n|player|p1|Cheezrat|170|2083\n|player|p2|Shomsnack|2|2082\n|gen|9\n|tier|[Gen 9] Random Battle\n|rated|\n|rule|Species Clause: Limit one of each Pok\u00e9mon\n|rule|HP Percentage Mod: HP is shown in percentages\n|rule|Sleep Clause Mod: Limit one foe put to sleep\n|rule|Illusion Level Mod: Illusion disguises the Pok\u00e9mon's true level\n|\n|t:|1781464215\n|teamsize|p1|6\n|teamsize|p2|6\n|start\n|switch|p1a: Roaring Moon|Roaring Moon, L72|270/270\n|switch|p2a: Florges|Florges-White, L85, F|271/271\n|turn|1\n|inactive|Battle timer is ON: inactive players will automatically lose when time's up. (requested by Shomsnack)\n|\n|t:|1781464224\n|move|p1a: Roaring Moon|Iron Head|p2a: Florges\n|-supereffective|p2a: Florges\n|-damage|p2a: Florges|77/271\n|move|p2a: Florges|Moonblast|p1a: Roaring Moon\n|-supereffective|p1a: Roaring Moon\n|-damage|p1a: Roaring Moon|0 fnt\n|faint|p1a: Roaring Moon\n|-end|p1a: Roaring Moon|Protosynthesis|[silent]\n|\n|-heal|p2a: Florges|93/271|[from] item: Leftovers\n|upkeep\n|\n|t:|1781464238\n|switch|p1a: Medicham|Medicham, L86, F|243/243\n|turn|2\n|\n|t:|1781464245\n|switch|p2a: Golduck|Golduck, L90, M|290/290\n|-ability|p2a: Golduck|Cloud Nine\n|move|p1a: Medicham|Close Combat|p2a: Golduck\n|-damage|p2a: Golduck|0 fnt\n|-unboost|p1a: Medicham|def|1\n|-unboost|p1a: Medicham|spd|1\n|faint|p2a: Golduck\n|\n|upkeep\n|\n|t:|1781464253\n|switch|p2a: Salamence|Salamence, L77, M|273/273\n|-ability|p2a: Salamence|Intimidate|boost\n|-unboost|p1a: Medicham|atk|1\n|turn|3\n|\n|t:|1781464260\n|switch|p1a: Quagsire|Quagsire, L84, F|297/297\n|move|p2a: Salamence|Dragon Dance|p2a: Salamence\n|-boost|p2a: Salamence|atk|1\n|-boost|p2a: Salamence|spe|1\n|\n|upkeep\n|turn|4\n|\n|t:|1781464265\n|switch|p2a: Frosmoth|Frosmoth, L82, F|249/249\n|move|p1a: Quagsire|Toxic|p2a: Frosmoth\n|-status|p2a: Frosmoth|tox\n|\n|-damage|p2a: Frosmoth|234/249 tox|[from] psn\n|upkeep\n|turn|5\n|\n|t:|1781464269\n|switch|p1a: Regice|Regice, L88|284/284\n|move|p2a: Frosmoth|Giga Drain|p1a: Regice\n|-damage|p1a: Regice|255/284\n|-heal|p2a: Frosmoth|249/249 tox|[from] drain|[of] p1a: Regice\n|\n|-damage|p2a: Frosmoth|219/249 tox|[from] psn\n|upkeep\n|turn|6\n|\n|t:|1781464274\n|switch|p2a: Florges|Florges-White, L85, F|93/271\n|move|p1a: Regice|Ice Beam|p2a: Florges\n|-damage|p2a: Florges|26/271\n|-status|p2a: Florges|frz\n|\n|-heal|p2a: Florges|42/271 frz|[from] item: Leftovers\n|upkeep\n|turn|7\n|\n|t:|1781464281\n|switch|p1a: Rayquaza|Rayquaza, L72|270/270\n|-ability|p1a: Rayquaza|Air Lock\n|cant|p2a: Florges|frz\n|\n|-heal|p2a: Florges|58/271 frz|[from] item: Leftovers\n|upkeep\n|turn|8\n|\n|t:|1781464282\n|move|p1a: Rayquaza|Swords Dance|p1a: Rayquaza\n|-boost|p1a: Rayquaza|atk|2\n|cant|p2a: Florges|frz\n|\n|-heal|p2a: Florges|74/271 frz|[from] item: Leftovers\n|upkeep\n|turn|9\n|\n|t:|1781464285\n|switch|p2a: Volbeat|Volbeat, L90, M|263/263\n|move|p1a: Rayquaza|Swords Dance|p1a: Rayquaza\n|-boost|p1a: Rayquaza|atk|2\n|\n|upkeep\n|turn|10\n|\n|t:|1781464295\n|switch|p1a: Quagsire|Quagsire, L84, F|297/297\n|move|p2a: Volbeat|Encore||[still]\n|-fail|p2a: Volbeat\n|\n|upkeep\n|turn|11\n|\n|t:|1781464298\n|move|p2a: Volbeat|Lunge|p1a: Quagsire\n|-damage|p1a: Quagsire|213/297\n|-unboost|p1a: Quagsire|atk|1\n|move|p1a: Quagsire|Spikes|p2a: Volbeat\n|-sidestart|p2: Shomsnack|Spikes\n|\n|-heal|p1a: Quagsire|231/297|[from] item: Leftovers\n|upkeep\n|turn|12\n|\n|t:|1781464312\n|switch|p2a: Frosmoth|Frosmoth, L82, F|219/249 tox\n|move|p1a: Quagsire|Toxic|p2a: Frosmoth\n|-fail|p2a: Frosmoth|tox\n|\n|-heal|p1a: Quagsire|249/297|[from] item: Leftovers\n|-damage|p2a: Frosmoth|204/249 tox|[from] psn\n|upkeep\n|turn|13\n|\n|t:|1781464315\n|switch|p1a: Regice|Regice, L88|255/284\n|move|p2a: Frosmoth|Ice Beam|p1a: Regice\n|-resisted|p1a: Regice\n|-damage|p1a: Regice|227/284\n|\n|-damage|p2a: Frosmoth|174/249 tox|[from] psn\n|upkeep\n|turn|14\n|\n|t:|1781464319\n|switch|p2a: Iron Thorns|Iron Thorns, L83|302/302\n|-damage|p2a: Iron Thorns|265/302|[from] Spikes\n|-enditem|p2a: Iron Thorns|Booster Energy\n|-activate|p2a: Iron Thorns|ability: Quark Drive|[fromitem]\n|-start|p2a: Iron Thorns|quarkdriveatk\n|move|p1a: Regice|Ice Beam|p2a: Iron Thorns\n|-damage|p2a: Iron Thorns|144/302\n|\n|upkeep\n|turn|15\n|\n|t:|1781464324\n|switch|p1a: Hippowdon|Hippowdon, L82, F|311/311\n|-weather|Sandstorm|[from] ability: Sand Stream|[of] p1a: Hippowdon\n|move|p2a: Iron Thorns|Stone Edge|p1a: Hippowdon|[miss]\n|-miss|p2a: Iron Thorns|p1a: Hippowdon\n|\n|-weather|Sandstorm|[upkeep]\n|upkeep\n|turn|16\n|-message|Shomsnack forfeited.\n|\n|win|Cheezrat\n", "uploadtime": 1781464217, "views": 3, "formatid": "gen9randombattle", "rating": null, "private": 0, "password": null}