{"id": "gen9randombattle-2631630248", "format": "[Gen 9] Random Battle", "players": ["AshJogos43", "VenusWarrior"], "log": "|j|\u2606AshJogos43\n|j|\u2606VenusWarrior\n|t:|1781411569\n|gametype|singles\n|player|p1|AshJogos43|korrina-masters|1497\n|player|p2|VenusWarrior|proton|1545\n|gen|9\n|tier|[Gen 9] Random Battle\n|rated|\n|rule|Species Clause: Limit one of each Pok\u00e9mon\n|rule|HP Percentage Mod: HP is shown in percentages\n|rule|Sleep Clause Mod: Limit one foe put to sleep\n|rule|Illusion Level Mod: Illusion disguises the Pok\u00e9mon's true level\n|\n|t:|1781411569\n|teamsize|p1|6\n|teamsize|p2|6\n|start\n|switch|p1a: Regigigas|Regigigas, L84|322/322\n|switch|p2a: Reshiram|Reshiram, L76|277/277\n|-start|p1a: Regigigas|ability: Slow Start\n|-ability|p2a: Reshiram|Turboblaze\n|turn|1\n|inactive|Battle timer is ON: inactive players will automatically lose when time's up. (requested by VenusWarrior)\n|\n|t:|1781411577\n|move|p2a: Reshiram|Dragon Dance|p2a: Reshiram\n|-boost|p2a: Reshiram|atk|1\n|-boost|p2a: Reshiram|spe|1\n|move|p1a: Regigigas|Substitute|p1a: Regigigas\n|-start|p1a: Regigigas|Substitute\n|-damage|p1a: Regigigas|242/322\n|\n|-heal|p1a: Regigigas|262/322|[from] item: Leftovers\n|upkeep\n|turn|2\n|\n|t:|1781411585\n|move|p1a: Regigigas|Protect|p1a: Regigigas\n|-singleturn|p1a: Regigigas|Protect\n|move|p2a: Reshiram|Flare Blitz|p1a: Regigigas\n|-activate|p1a: Regigigas|move: Protect\n|\n|-heal|p1a: Regigigas|282/322|[from] item: Leftovers\n|upkeep\n|turn|3\n|\n|t:|1781411595\n|move|p2a: Reshiram|Flare Blitz|p1a: Regigigas\n|-end|p1a: Regigigas|Substitute\n|-damage|p2a: Reshiram|251/277|[from] Recoil|[of] p1a: Regigigas\n|move|p1a: Regigigas|Knock Off|p2a: Reshiram\n|-damage|p2a: Reshiram|203/277\n|-enditem|p2a: Reshiram|Heavy-Duty Boots|[from] move: Knock Off|[of] p1a: Regigigas\n|\n|-heal|p1a: Regigigas|302/322|[from] item: Leftovers\n|upkeep\n|turn|4\n|\n|t:|1781411604\n|move|p1a: Regigigas|Protect|p1a: Regigigas\n|-singleturn|p1a: Regigigas|Protect\n|move|p2a: Reshiram|Dragon Dance|p2a: Reshiram\n|-boost|p2a: Reshiram|atk|1\n|-boost|p2a: Reshiram|spe|1\n|\n|-heal|p1a: Regigigas|322/322|[from] item: Leftovers\n|upkeep\n|turn|5\n|\n|t:|1781411609\n|move|p2a: Reshiram|Flare Blitz|p1a: Regigigas\n|-damage|p1a: Regigigas|118/322\n|-damage|p2a: Reshiram|136/277|[from] Recoil\n|move|p1a: Regigigas|Body Slam|p2a: Reshiram\n|-damage|p2a: Reshiram|69/277\n|\n|-heal|p1a: Regigigas|138/322|[from] item: Leftovers\n|-end|p1a: Regigigas|Slow Start\n|upkeep\n|turn|6\n|\n|t:|1781411623\n|move|p2a: Reshiram|Flare Blitz|p1a: Regigigas\n|-damage|p1a: Regigigas|0 fnt\n|faint|p1a: Regigigas\n|-end|p1a: Regigigas|Slow Start|[silent]\n|-damage|p2a: Reshiram|23/277|[from] Recoil\n|\n|upkeep\n|\n|t:|1781411635\n|switch|p1a: Honchkrow|Honchkrow, L86, M|312/312\n|turn|7\n|\n|t:|1781411639\n|move|p1a: Honchkrow|Sucker Punch||[still]\n|-fail|p1a: Honchkrow\n|move|p2a: Reshiram|Dragon Dance|p2a: Reshiram\n|-boost|p2a: Reshiram|atk|1\n|-boost|p2a: Reshiram|spe|1\n|\n|upkeep\n|turn|8\n|\n|t:|1781411644\n|move|p1a: Honchkrow|Sucker Punch||[still]\n|-fail|p1a: Honchkrow\n|move|p2a: Reshiram|Dragon Dance|p2a: Reshiram\n|-boost|p2a: Reshiram|atk|1\n|-boost|p2a: Reshiram|spe|1\n|\n|upkeep\n|turn|9\n|\n|t:|1781411652\n|move|p1a: Honchkrow|Sucker Punch|p2a: Reshiram\n|-damage|p2a: Reshiram|0 fnt\n|faint|p2a: Reshiram\n|-ability|p1a: Honchkrow|Moxie|boost\n|-boost|p1a: Honchkrow|atk|1\n|\n|upkeep\n|\n|t:|1781411668\n|switch|p2a: Zangoose|Zangoose, L85, M|263/263\n|turn|10\n|\n|t:|1781411677\n|move|p2a: Zangoose|Swords Dance|p2a: Zangoose\n|-boost|p2a: Zangoose|atk|2\n|move|p1a: Honchkrow|Thunder Wave|p2a: Zangoose\n|-status|p2a: Zangoose|par\n|\n|upkeep\n|turn|11\n|\n|t:|1781411688\n|move|p1a: Honchkrow|Brave Bird|p2a: Zangoose\n|-crit|p2a: Zangoose\n|-damage|p2a: Zangoose|0 fnt\n|faint|p2a: Zangoose\n|-ability|p1a: Honchkrow|Moxie|boost\n|-boost|p1a: Honchkrow|atk|1\n|-damage|p1a: Honchkrow|225/312|[from] Recoil\n|\n|upkeep\n|\n|t:|1781411692\n|switch|p2a: Donphan|Donphan, L84, M|288/288\n|turn|12\n|\n|t:|1781411699\n|move|p1a: Honchkrow|Brave Bird|p2a: Donphan\n|-damage|p2a: Donphan|41/288\n|-damage|p1a: Honchkrow|143/312|[from] Recoil\n|move|p2a: Donphan|Ice Spinner|p1a: Honchkrow\n|-supereffective|p1a: Honchkrow\n|-damage|p1a: Honchkrow|0 fnt\n|faint|p1a: Honchkrow\n|\n|upkeep\n|\n|t:|1781411716\n|switch|p1a: Stonjourner|Stonjourner, L91, F|330/330\n|turn|13\n|\n|t:|1781411720\n|move|p1a: Stonjourner|Rock Polish|p1a: Stonjourner\n|-boost|p1a: Stonjourner|spe|2\n|move|p2a: Donphan|Earthquake|p1a: Stonjourner\n|-supereffective|p1a: Stonjourner\n|-damage|p1a: Stonjourner|156/330\n|\n|upkeep\n|turn|14\n|\n|t:|1781411728\n|move|p1a: Stonjourner|Earthquake|p2a: Donphan\n|-damage|p2a: Donphan|0 fnt\n|faint|p2a: Donphan\n|-damage|p1a: Stonjourner|123/330|[from] item: Life Orb\n|\n|upkeep\n|\n|t:|1781411733\n|switch|p2a: Qwilfish|Qwilfish, L86, M|252/252\n|-ability|p2a: Qwilfish|Intimidate|boost\n|-unboost|p1a: Stonjourner|atk|1\n|turn|15\n|\n|t:|1781411751\n|move|p1a: Stonjourner|Earthquake|p2a: Qwilfish\n|-supereffective|p2a: Qwilfish\n|-damage|p2a: Qwilfish|88/252\n|-damage|p1a: Stonjourner|90/330|[from] item: Life Orb\n|move|p2a: Qwilfish|Waterfall|p1a: Stonjourner\n|-supereffective|p1a: Stonjourner\n|-damage|p1a: Stonjourner|0 fnt\n|faint|p1a: Stonjourner\n|\n|-heal|p2a: Qwilfish|103/252|[from] item: Leftovers\n|upkeep\n|\n|t:|1781411761\n|switch|p1a: Araquanid|Araquanid, L82, F|246/246\n|turn|16\n|\n|t:|1781411769\n|move|p2a: Qwilfish|Destiny Bond|p2a: Qwilfish\n|-singlemove|p2a: Qwilfish|Destiny Bond\n|move|p1a: Araquanid|Liquidation|p2a: Qwilfish\n|-resisted|p2a: Qwilfish\n|-damage|p2a: Qwilfish|33/252\n|\n|-heal|p2a: Qwilfish|48/252|[from] item: Leftovers\n|upkeep\n|turn|17\n|\n|t:|1781411778\n|move|p2a: Qwilfish|Destiny Bond||[still]\n|-fail|p2a: Qwilfish\n|move|p1a: Araquanid|Sticky Web|p2a: Qwilfish\n|-sidestart|p2: VenusWarrior|move: Sticky Web\n|\n|-heal|p2a: Qwilfish|63/252|[from] item: Leftovers\n|upkeep\n|turn|18\n|\n|t:|1781411791\n|move|p2a: Qwilfish|Gunk Shot|p1a: Araquanid\n|-damage|p1a: Araquanid|125/246\n|-status|p1a: Araquanid|psn\n|move|p1a: Araquanid|Mirror Coat||[still]\n|-fail|p1a: Araquanid\n|\n|-heal|p2a: Qwilfish|78/252|[from] item: Leftovers\n|-damage|p1a: Araquanid|95/246 psn|[from] psn\n|upkeep\n|turn|19\n|\n|t:|1781411796\n|move|p2a: Qwilfish|Destiny Bond|p2a: Qwilfish\n|-singlemove|p2a: Qwilfish|Destiny Bond\n|move|p1a: Araquanid|Liquidation|p2a: Qwilfish\n|-resisted|p2a: Qwilfish\n|-damage|p2a: Qwilfish|11/252\n|\n|-heal|p2a: Qwilfish|26/252|[from] item: Leftovers\n|-damage|p1a: Araquanid|65/246 psn|[from] psn\n|upkeep\n|turn|20\n|\n|t:|1781411810\n|move|p2a: Qwilfish|Gunk Shot|p1a: Araquanid\n|-damage|p1a: Araquanid|0 fnt\n|faint|p1a: Araquanid\n|\n|-heal|p2a: Qwilfish|41/252|[from] item: Leftovers\n|upkeep\n|\n|t:|1781411814\n|switch|p1a: Piloswine|Piloswine, L85, F|309/309\n|turn|21\n|\n|t:|1781411818\n|move|p2a: Qwilfish|Destiny Bond|p2a: Qwilfish\n|-singlemove|p2a: Qwilfish|Destiny Bond\n|move|p1a: Piloswine|Roar|p2a: Qwilfish\n|drag|p2a: Mesprit|Mesprit, L85|275/275\n|\n|upkeep\n|turn|22\n|\n|t:|1781411831\n|move|p2a: Mesprit|Knock Off|p1a: Piloswine\n|-damage|p1a: Piloswine|257/309\n|-enditem|p1a: Piloswine|Eviolite|[from] move: Knock Off|[of] p2a: Mesprit\n|move|p1a: Piloswine|Stealth Rock|p2a: Mesprit\n|-sidestart|p2: VenusWarrior|move: Stealth Rock\n|\n|upkeep\n|turn|23\n|\n|t:|1781411840\n|move|p2a: Mesprit|Encore|p1a: Piloswine\n|-start|p1a: Piloswine|Encore\n|move|p1a: Piloswine|Stealth Rock||[still]\n|-fail|p1a: Piloswine\n|\n|upkeep\n|turn|24\n|\n|t:|1781411846\n|switch|p1a: Volcarona|Volcarona, L77, M|257/257\n|move|p2a: Mesprit|Psychic Noise|p1a: Volcarona\n|-damage|p1a: Volcarona|176/257\n|-start|p1a: Volcarona|move: Heal Block\n|\n|upkeep\n|turn|25\n|\n|t:|1781411858\n|move|p1a: Volcarona|Bug Buzz|p2a: Mesprit\n|-supereffective|p2a: Mesprit\n|-damage|p2a: Mesprit|93/275\n|move|p2a: Mesprit|Thunder Wave|p1a: Volcarona\n|-status|p1a: Volcarona|par\n|\n|-heal|p2a: Mesprit|110/275|[from] item: Leftovers\n|-end|p1a: Volcarona|move: Heal Block\n|upkeep\n|turn|26\n|\n|t:|1781411866\n|move|p2a: Mesprit|Knock Off|p1a: Volcarona\n|-damage|p1a: Volcarona|74/257 par\n|-enditem|p1a: Volcarona|Heavy-Duty Boots|[from] move: Knock Off|[of] p2a: Mesprit\n|move|p1a: Volcarona|Bug Buzz|p2a: Mesprit\n|-supereffective|p2a: Mesprit\n|-damage|p2a: Mesprit|0 fnt\n|faint|p2a: Mesprit\n|\n|upkeep\n|\n|t:|1781411873\n|switch|p2a: Raging Bolt|Raging Bolt, L78|323/323\n|-activate|p2a: Raging Bolt|move: Sticky Web\n|-unboost|p2a: Raging Bolt|spe|1\n|-damage|p2a: Raging Bolt|283/323|[from] Stealth Rock\n|turn|27\n|\n|t:|1781411879\n|move|p2a: Raging Bolt|Thunderclap||[still]\n|-fail|p2a: Raging Bolt\n|move|p1a: Volcarona|Quiver Dance|p1a: Volcarona\n|-boost|p1a: Volcarona|spa|1\n|-boost|p1a: Volcarona|spd|1\n|-boost|p1a: Volcarona|spe|1\n|\n|-heal|p2a: Raging Bolt|303/323|[from] item: Leftovers\n|upkeep\n|turn|28\n|\n|t:|1781411882\n|move|p2a: Raging Bolt|Thunderclap||[still]\n|-fail|p2a: Raging Bolt\n|move|p1a: Volcarona|Quiver Dance|p1a: Volcarona\n|-boost|p1a: Volcarona|spa|1\n|-boost|p1a: Volcarona|spd|1\n|-boost|p1a: Volcarona|spe|1\n|\n|-heal|p2a: Raging Bolt|323/323|[from] item: Leftovers\n|upkeep\n|turn|29\n|\n|t:|1781411884\n|move|p1a: Volcarona|Quiver Dance|p1a: Volcarona\n|-boost|p1a: Volcarona|spa|1\n|-boost|p1a: Volcarona|spd|1\n|-boost|p1a: Volcarona|spe|1\n|move|p2a: Raging Bolt|Draco Meteor|p1a: Volcarona\n|-damage|p1a: Volcarona|10/257 par\n|-unboost|p2a: Raging Bolt|spa|2\n|\n|upkeep\n|turn|30\n|\n|t:|1781411890\n|move|p2a: Raging Bolt|Thunderclap||[still]\n|-fail|p2a: Raging Bolt\n|move|p1a: Volcarona|Quiver Dance|p1a: Volcarona\n|-boost|p1a: Volcarona|spa|1\n|-boost|p1a: Volcarona|spd|1\n|-boost|p1a: Volcarona|spe|1\n|\n|upkeep\n|turn|31\n|\n|t:|1781411893\n|-terastallize|p2a: Raging Bolt|Electric\n|move|p2a: Raging Bolt|Thunderclap|p1a: Volcarona\n|-damage|p1a: Volcarona|0 fnt\n|faint|p1a: Volcarona\n|\n|upkeep\n|\n|t:|1781411896\n|switch|p1a: Piloswine|Piloswine, L85, F|257/309\n|turn|32\n|\n|t:|1781411905\n|-end|p2a: Raging Bolt|Protosynthesis|[silent]\n|switch|p2a: Qwilfish|Qwilfish, L86, M|41/252\n|-activate|p2a: Qwilfish|move: Sticky Web\n|-unboost|p2a: Qwilfish|spe|1\n|-damage|p2a: Qwilfish|10/252|[from] Stealth Rock\n|-ability|p2a: Qwilfish|Intimidate|boost\n|-unboost|p1a: Piloswine|atk|1\n|move|p1a: Piloswine|Earthquake|p2a: Qwilfish\n|-supereffective|p2a: Qwilfish\n|-damage|p2a: Qwilfish|0 fnt\n|faint|p2a: Qwilfish\n|\n|upkeep\n|\n|t:|1781411918\n|switch|p2a: Raging Bolt|Raging Bolt, L78, tera:Electric|323/323\n|-activate|p2a: Raging Bolt|move: Sticky Web\n|-unboost|p2a: Raging Bolt|spe|1\n|-damage|p2a: Raging Bolt|283/323|[from] Stealth Rock\n|turn|33\n|\n|t:|1781411926\n|move|p1a: Piloswine|Earthquake|p2a: Raging Bolt\n|-supereffective|p2a: Raging Bolt\n|-damage|p2a: Raging Bolt|133/323\n|move|p2a: Raging Bolt|Calm Mind|p2a: Raging Bolt\n|-boost|p2a: Raging Bolt|spa|1\n|-boost|p2a: Raging Bolt|spd|1\n|\n|-heal|p2a: Raging Bolt|153/323|[from] item: Leftovers\n|upkeep\n|turn|34\n|\n|t:|1781411937\n|move|p1a: Piloswine|Earthquake|p2a: Raging Bolt\n|-supereffective|p2a: Raging Bolt\n|-damage|p2a: Raging Bolt|0 fnt\n|faint|p2a: Raging Bolt\n|-end|p2a: Raging Bolt|Protosynthesis|[silent]\n|\n|win|AshJogos43\n|raw|AshJogos43's rating: 1497 &rarr; <strong>1520</strong><br />(+23 for winning)\n|raw|VenusWarrior's rating: 1545 &rarr; <strong>1522</strong><br />(-23 for losing)\n|l|\u2606VenusWarrior\n|player|p2|\n", "uploadtime": 1781411942, "views": 5, "formatid": "gen9randombattle", "rating": 1520, "private": 0, "password": null}