{"id": "gen9randombattle-2631458601", "format": "[Gen 9] Random Battle", "players": ["flamingtiger56", "luxio249"], "log": "|j|\u2606flamingtiger56\n|j|\u2606luxio249\n|t:|1781387189\n|gametype|singles\n|player|p1|flamingtiger56|169|1956\n|player|p2|luxio249|rocketgruntf|1952\n|gen|9\n|tier|[Gen 9] Random Battle\n|rated|\n|rule|Species Clause: Limit one of each Pok\u00e9mon\n|rule|HP Percentage Mod: HP is shown in percentages\n|rule|Sleep Clause Mod: Limit one foe put to sleep\n|rule|Illusion Level Mod: Illusion disguises the Pok\u00e9mon's true level\n|\n|t:|1781387189\n|teamsize|p1|6\n|teamsize|p2|6\n|start\n|switch|p1a: Rampardos|Rampardos, L90, F|321/321\n|switch|p2a: Mightyena|Mightyena, L96, F|290/290\n|-ability|p2a: Mightyena|Intimidate|boost\n|-unboost|p1a: Rampardos|atk|1\n|turn|1\n|inactive|Battle timer is ON: inactive players will automatically lose when time's up. (requested by flamingtiger56)\n|inactive|luxio249 has 120 seconds left.\n|\n|t:|1781387224\n|switch|p2a: Kingambit|Kingambit, L74, M|270/270\n|switch|p1a: Leavanny|Leavanny, L86, M|269/269\n|\n|upkeep\n|turn|2\n|\n|t:|1781387236\n|move|p1a: Leavanny|Sticky Web|p2a: Kingambit\n|-sidestart|p2: luxio249|move: Sticky Web\n|move|p2a: Kingambit|Swords Dance|p2a: Kingambit\n|-boost|p2a: Kingambit|atk|2\n|\n|upkeep\n|turn|3\n|\n|t:|1781387256\n|switch|p1a: Swalot|Swalot, L90, M|326/326\n|move|p2a: Kingambit|Iron Head|p1a: Swalot\n|-damage|p1a: Swalot|166/326\n|\n|-heal|p1a: Swalot|186/326|[from] item: Leftovers\n|upkeep\n|turn|4\n|\n|t:|1781387265\n|move|p2a: Kingambit|Sucker Punch|p1a: Swalot\n|-damage|p1a: Swalot|36/326\n|move|p1a: Swalot|Earthquake|p2a: Kingambit\n|-supereffective|p2a: Kingambit\n|-damage|p2a: Kingambit|144/270\n|\n|-heal|p1a: Swalot|56/326|[from] item: Leftovers\n|-heal|p2a: Kingambit|160/270|[from] item: Leftovers\n|upkeep\n|turn|5\n|\n|t:|1781387275\n|move|p1a: Swalot|Earthquake|p2a: Kingambit\n|-supereffective|p2a: Kingambit\n|-damage|p2a: Kingambit|46/270\n|move|p2a: Kingambit|Iron Head|p1a: Swalot\n|-damage|p1a: Swalot|0 fnt\n|faint|p1a: Swalot\n|\n|-heal|p2a: Kingambit|62/270|[from] item: Leftovers\n|upkeep\n|\n|t:|1781387278\n|switch|p1a: Samurott|Samurott-Hisui, L77, M|265/265\n|turn|6\n|\n|t:|1781387290\n|-end|p2a: Kingambit|fallenundefined|[silent]\n|switch|p2a: Mightyena|Mightyena, L96, F|290/290\n|-activate|p2a: Mightyena|move: Sticky Web\n|-unboost|p2a: Mightyena|spe|1\n|-ability|p2a: Mightyena|Intimidate|boost\n|-unboost|p1a: Samurott|atk|1\n|move|p1a: Samurott|Razor Shell|p2a: Mightyena\n|-damage|p2a: Mightyena|185/290\n|-unboost|p2a: Mightyena|def|1\n|-damage|p1a: Samurott|239/265|[from] item: Life Orb\n|\n|upkeep\n|turn|7\n|\n|t:|1781387305\n|switch|p1a: Leavanny|Leavanny, L86, M|269/269\n|switch|p2a: Meganium|Meganium, L90, F|290/290\n|-activate|p2a: Meganium|move: Sticky Web\n|-unboost|p2a: Meganium|spe|1\n|\n|upkeep\n|turn|8\n|inactive|flamingtiger56 has 120 seconds left.\n|inactive|flamingtiger56 has 90 seconds left.\n|\n|t:|1781387366\n|switch|p2a: Mightyena|Mightyena, L96, F|185/290\n|-activate|p2a: Mightyena|move: Sticky Web\n|-unboost|p2a: Mightyena|spe|1\n|-ability|p2a: Mightyena|Intimidate|boost\n|-unboost|p1a: Leavanny|atk|1\n|move|p1a: Leavanny|Knock Off|p2a: Mightyena\n|-resisted|p2a: Mightyena\n|-damage|p2a: Mightyena|160/290\n|-enditem|p2a: Mightyena|Assault Vest|[from] move: Knock Off|[of] p1a: Leavanny\n|\n|upkeep\n|turn|9\n|inactive|flamingtiger56 has 90 seconds left.\n|\n|t:|1781387386\n|switch|p1a: Rampardos|Rampardos, L90, F|321/321\n|move|p2a: Mightyena|Poison Fang|p1a: Rampardos\n|-resisted|p1a: Rampardos\n|-damage|p1a: Rampardos|296/321\n|-status|p1a: Rampardos|tox\n|\n|-damage|p1a: Rampardos|276/321 tox|[from] psn\n|upkeep\n|turn|10\n|inactive|flamingtiger56 has 90 seconds left.\n|inactive|luxio249 has 120 seconds left.\n|\n|t:|1781387412\n|move|p2a: Mightyena|Sucker Punch|p1a: Rampardos\n|-crit|p1a: Rampardos\n|-damage|p1a: Rampardos|119/321 tox\n|move|p1a: Rampardos|Rock Slide|p2a: Mightyena\n|-damage|p2a: Mightyena|0 fnt\n|faint|p2a: Mightyena\n|\n|-damage|p1a: Rampardos|79/321 tox|[from] psn\n|upkeep\n|inactive|luxio249 has 120 seconds left.\n|\n|t:|1781387422\n|switch|p2a: Mesprit|Mesprit, L85|275/275\n|turn|11\n|inactive|luxio249 has 120 seconds left.\n|\n|t:|1781387428\n|switch|p1a: Samurott|Samurott-Hisui, L77, M|239/265\n|move|p2a: Mesprit|Thunderbolt|p1a: Samurott\n|-supereffective|p1a: Samurott\n|-damage|p1a: Samurott|39/265\n|\n|upkeep\n|turn|12\n|\n|t:|1781387437\n|move|p1a: Samurott|Sucker Punch|p2a: Mesprit\n|-supereffective|p2a: Mesprit\n|-damage|p2a: Mesprit|127/275\n|-damage|p1a: Samurott|13/265|[from] item: Life Orb\n|move|p2a: Mesprit|Thunderbolt|p1a: Samurott\n|-supereffective|p1a: Samurott\n|-damage|p1a: Samurott|0 fnt\n|faint|p1a: Samurott\n|\n|-heal|p2a: Mesprit|144/275|[from] item: Leftovers\n|upkeep\n|\n|t:|1781387442\n|switch|p1a: Leavanny|Leavanny, L86, M|269/269\n|turn|13\n|\n|t:|1781387452\n|switch|p2a: Kingambit|Kingambit, L74, M|62/270\n|-activate|p2a: Kingambit|move: Sticky Web\n|-unboost|p2a: Kingambit|spe|1\n|-activate|p2a: Kingambit|ability: Supreme Overlord\n|-start|p2a: Kingambit|fallen1|[silent]\n|move|p1a: Leavanny|Knock Off|p2a: Kingambit\n|-resisted|p2a: Kingambit\n|-damage|p2a: Kingambit|26/270\n|-enditem|p2a: Kingambit|Leftovers|[from] move: Knock Off|[of] p1a: Leavanny\n|\n|upkeep\n|turn|14\n|\n|t:|1781387464\n|move|p2a: Kingambit|Sucker Punch|p1a: Leavanny\n|-damage|p1a: Leavanny|184/269\n|move|p1a: Leavanny|Bullet Seed|p2a: Kingambit\n|-resisted|p2a: Kingambit\n|-damage|p2a: Kingambit|13/270\n|-resisted|p2a: Kingambit\n|-damage|p2a: Kingambit|0 fnt\n|faint|p2a: Kingambit\n|-end|p2a: Kingambit|fallen1|[silent]\n|-hitcount|p2: Kingambit|2\n|\n|upkeep\n|\n|t:|1781387475\n|switch|p2a: Charizard|Charizard, L85, F|271/271\n|turn|15\n|\n|t:|1781387488\n|move|p2a: Charizard|Flamethrower|p1a: Leavanny\n|-supereffective|p1a: Leavanny\n|-damage|p1a: Leavanny|0 fnt\n|faint|p1a: Leavanny\n|\n|upkeep\n|\n|t:|1781387492\n|switch|p1a: Dusknoir|Dusknoir, L89, M|225/225\n|-item|p2a: Charizard|Heavy-Duty Boots|[from] ability: Frisk|[of] p1a: Dusknoir\n|turn|16\n|\n|t:|1781387501\n|switch|p2a: Meganium|Meganium, L90, F|290/290\n|-activate|p2a: Meganium|move: Sticky Web\n|-unboost|p2a: Meganium|spe|1\n|move|p1a: Dusknoir|Poltergeist|p2a: Meganium\n|-activate|p2a: Meganium|move: Poltergeist|Leftovers\n|-damage|p2a: Meganium|182/290\n|\n|-heal|p2a: Meganium|200/290|[from] item: Leftovers\n|upkeep\n|turn|17\n|\n|t:|1781387513\n|move|p1a: Dusknoir|Poltergeist|p2a: Meganium\n|-activate|p2a: Meganium|move: Poltergeist|Leftovers\n|-damage|p2a: Meganium|77/290\n|move|p2a: Meganium|Knock Off|p1a: Dusknoir\n|-supereffective|p1a: Dusknoir\n|-damage|p1a: Dusknoir|127/225\n|-enditem|p1a: Dusknoir|Leftovers|[from] move: Knock Off|[of] p2a: Meganium\n|\n|-heal|p2a: Meganium|95/290|[from] item: Leftovers\n|upkeep\n|turn|18\n|\n|t:|1781387527\n|move|p1a: Dusknoir|Poltergeist|p2a: Meganium\n|-activate|p2a: Meganium|move: Poltergeist|Leftovers\n|-damage|p2a: Meganium|0 fnt\n|faint|p2a: Meganium\n|\n|upkeep\n|\n|t:|1781387536\n|switch|p2a: Mesprit|Mesprit, L85|144/275\n|turn|19\n|\n|t:|1781387550\n|-terastallize|p2a: Mesprit|Dark\n|move|p2a: Mesprit|Knock Off|p1a: Dusknoir\n|-supereffective|p1a: Dusknoir\n|-damage|p1a: Dusknoir|13/225\n|move|p1a: Dusknoir|Poltergeist|p2a: Mesprit\n|-activate|p2a: Mesprit|move: Poltergeist|Leftovers\n|-resisted|p2a: Mesprit\n|-damage|p2a: Mesprit|90/275\n|\n|-heal|p2a: Mesprit|107/275|[from] item: Leftovers\n|upkeep\n|turn|20\n|\n|t:|1781387561\n|move|p2a: Mesprit|Knock Off|p1a: Dusknoir\n|-supereffective|p1a: Dusknoir\n|-damage|p1a: Dusknoir|0 fnt\n|faint|p1a: Dusknoir\n|\n|-heal|p2a: Mesprit|124/275|[from] item: Leftovers\n|upkeep\n|\n|t:|1781387565\n|switch|p1a: Ludicolo|Ludicolo, L90, M|290/290\n|turn|21\n|\n|t:|1781387574\n|move|p2a: Mesprit|Thunder Wave|p1a: Ludicolo|[miss]\n|-miss|p2a: Mesprit|p1a: Ludicolo\n|move|p1a: Ludicolo|Giga Drain|p2a: Mesprit\n|-damage|p2a: Mesprit|6/275\n|\n|-heal|p2a: Mesprit|23/275|[from] item: Leftovers\n|upkeep\n|turn|22\n|\n|t:|1781387583\n|move|p2a: Mesprit|Thunder Wave|p1a: Ludicolo\n|-status|p1a: Ludicolo|par\n|move|p1a: Ludicolo|Giga Drain|p2a: Mesprit\n|-damage|p2a: Mesprit|0 fnt\n|faint|p2a: Mesprit\n|\n|upkeep\n|\n|t:|1781387598\n|switch|p2a: Charizard|Charizard, L85, F|271/271\n|turn|23\n|\n|t:|1781387604\n|switch|p1a: Rampardos|Rampardos, L90, F|79/321 tox\n|move|p2a: Charizard|Hurricane|p1a: Rampardos\n|-resisted|p1a: Rampardos\n|-damage|p1a: Rampardos|0 fnt\n|faint|p1a: Rampardos\n|\n|upkeep\n|\n|t:|1781387608\n|switch|p1a: Ludicolo|Ludicolo, L90, M|290/290 par\n|turn|24\n|\n|t:|1781387617\n|move|p2a: Charizard|Hurricane|p1a: Ludicolo\n|-supereffective|p1a: Ludicolo\n|-damage|p1a: Ludicolo|72/290 par\n|cant|p1a: Ludicolo|par\n|\n|upkeep\n|turn|25\n|\n|t:|1781387624\n|move|p2a: Charizard|Flamethrower|p1a: Ludicolo\n|-crit|p1a: Ludicolo\n|-damage|p1a: Ludicolo|0 fnt\n|faint|p1a: Ludicolo\n|\n|win|luxio249\n", "uploadtime": 1781387191, "views": 6, "formatid": "gen9randombattle", "rating": null, "private": 0, "password": null}