{"id": "gen9randombattle-2631937221", "format": "[Gen 9] Random Battle", "players": ["SR-Cue", "nanofan_lad"], "log": "|j|\u2606SR-Cue\n|j|\u2606nanofan_lad\n|t:|1781457609\n|gametype|singles\n|player|p1|SR-Cue|170|1921\n|player|p2|nanofan_lad|1|1943\n|gen|9\n|tier|[Gen 9] Random Battle\n|rated|\n|rule|Species Clause: Limit one of each Pok\u00e9mon\n|rule|HP Percentage Mod: HP is shown in percentages\n|rule|Sleep Clause Mod: Limit one foe put to sleep\n|rule|Illusion Level Mod: Illusion disguises the Pok\u00e9mon's true level\n|\n|t:|1781457609\n|teamsize|p1|6\n|teamsize|p2|6\n|start\n|switch|p1a: Pelipper|Pelipper, L86, M|243/243\n|switch|p2a: Deoxys|Deoxys-Defense, L84|221/221\n|-ability|p2a: Deoxys|Pressure\n|-weather|RainDance|[from] ability: Drizzle|[of] p1a: Pelipper\n|turn|1\n|inactive|Battle timer is ON: inactive players will automatically lose when time's up. (requested by nanofan_lad)\n|\n|t:|1781457623\n|move|p2a: Deoxys|Cosmic Power|p2a: Deoxys\n|-boost|p2a: Deoxys|def|1\n|-boost|p2a: Deoxys|spd|1\n|move|p1a: Pelipper|Weather Ball|p2a: Deoxys\n|-damage|p2a: Deoxys|127/221\n|\n|-weather|RainDance|[upkeep]\n|-heal|p2a: Deoxys|140/221|[from] item: Leftovers\n|upkeep\n|turn|2\n|\n|t:|1781457636\n|switch|p1a: Salazzle|Salazzle, L83, F|249/249\n|move|p2a: Deoxys|Recover|p2a: Deoxys\n|-heal|p2a: Deoxys|221/221\n|\n|-weather|RainDance|[upkeep]\n|upkeep\n|turn|3\n|\n|t:|1781457660\n|move|p1a: Salazzle|Toxic|p2a: Deoxys\n|-status|p2a: Deoxys|tox\n|move|p2a: Deoxys|Stored Power|p1a: Salazzle\n|-supereffective|p1a: Salazzle\n|-damage|p1a: Salazzle|121/249\n|\n|-weather|RainDance|[upkeep]\n|-heal|p1a: Salazzle|136/249|[from] item: Leftovers\n|-damage|p2a: Deoxys|208/221 tox|[from] psn\n|upkeep\n|turn|4\n|\n|t:|1781457669\n|move|p1a: Salazzle|Protect|p1a: Salazzle\n|-singleturn|p1a: Salazzle|Protect\n|move|p2a: Deoxys|Cosmic Power|p2a: Deoxys\n|-boost|p2a: Deoxys|def|1\n|-boost|p2a: Deoxys|spd|1\n|\n|-weather|RainDance|[upkeep]\n|-heal|p1a: Salazzle|151/249|[from] item: Leftovers\n|-heal|p2a: Deoxys|221/221 tox|[from] item: Leftovers\n|-damage|p2a: Deoxys|195/221 tox|[from] psn\n|upkeep\n|turn|5\n|\n|t:|1781457678\n|move|p1a: Salazzle|Substitute|p1a: Salazzle\n|-start|p1a: Salazzle|Substitute\n|-damage|p1a: Salazzle|89/249\n|move|p2a: Deoxys|Stored Power|p1a: Salazzle\n|-supereffective|p1a: Salazzle\n|-end|p1a: Salazzle|Substitute\n|\n|-weather|none\n|-heal|p1a: Salazzle|104/249|[from] item: Leftovers\n|-heal|p2a: Deoxys|208/221 tox|[from] item: Leftovers\n|-damage|p2a: Deoxys|169/221 tox|[from] psn\n|upkeep\n|turn|6\n|\n|t:|1781457692\n|switch|p2a: Toedscruel|Toedscruel, L87, M|281/281\n|move|p1a: Salazzle|Protect||[still]\n|-fail|p1a: Salazzle\n|\n|-heal|p1a: Salazzle|119/249|[from] item: Leftovers\n|upkeep\n|turn|7\n|\n|t:|1781457705\n|switch|p1a: Pelipper|Pelipper, L86, M|243/243\n|-weather|RainDance|[from] ability: Drizzle|[of] p1a: Pelipper\n|move|p2a: Toedscruel|Knock Off|p1a: Pelipper\n|-damage|p1a: Pelipper|189/243\n|-enditem|p1a: Pelipper|Choice Specs|[from] move: Knock Off|[of] p2a: Toedscruel\n|\n|-weather|RainDance|[upkeep]\n|upkeep\n|turn|8\n|\n|t:|1781457713\n|switch|p2a: Deoxys|Deoxys-Defense, L84|169/221 tox\n|-ability|p2a: Deoxys|Pressure\n|move|p1a: Pelipper|U-turn|p2a: Deoxys\n|-supereffective|p2a: Deoxys\n|-damage|p2a: Deoxys|131/221 tox\n|\n|t:|1781457723\n|switch|p1a: Salazzle|Salazzle, L83, F|119/249|[from] U-turn\n|\n|-weather|RainDance|[upkeep]\n|-heal|p1a: Salazzle|134/249|[from] item: Leftovers\n|-heal|p2a: Deoxys|144/221 tox|[from] item: Leftovers\n|-damage|p2a: Deoxys|131/221 tox|[from] psn\n|upkeep\n|turn|9\n|\n|t:|1781457732\n|move|p1a: Salazzle|Toxic|p2a: Deoxys\n|-fail|p2a: Deoxys|tox\n|move|p2a: Deoxys|Stored Power|p1a: Salazzle\n|-supereffective|p1a: Salazzle\n|-damage|p1a: Salazzle|90/249\n|\n|-weather|RainDance|[upkeep]\n|-heal|p1a: Salazzle|105/249|[from] item: Leftovers\n|-heal|p2a: Deoxys|144/221 tox|[from] item: Leftovers\n|-damage|p2a: Deoxys|118/221 tox|[from] psn\n|upkeep\n|turn|10\n|\n|t:|1781457742\n|move|p1a: Salazzle|Protect|p1a: Salazzle\n|-singleturn|p1a: Salazzle|Protect\n|move|p2a: Deoxys|Cosmic Power|p2a: Deoxys\n|-boost|p2a: Deoxys|def|1\n|-boost|p2a: Deoxys|spd|1\n|\n|-weather|RainDance|[upkeep]\n|-heal|p1a: Salazzle|120/249|[from] item: Leftovers\n|-heal|p2a: Deoxys|131/221 tox|[from] item: Leftovers\n|-damage|p2a: Deoxys|92/221 tox|[from] psn\n|upkeep\n|turn|11\n|\n|t:|1781457751\n|move|p1a: Salazzle|Substitute|p1a: Salazzle\n|-start|p1a: Salazzle|Substitute\n|-damage|p1a: Salazzle|58/249\n|move|p2a: Deoxys|Stored Power|p1a: Salazzle\n|-supereffective|p1a: Salazzle\n|-end|p1a: Salazzle|Substitute\n|\n|-weather|none\n|-heal|p1a: Salazzle|73/249|[from] item: Leftovers\n|-heal|p2a: Deoxys|105/221 tox|[from] item: Leftovers\n|-damage|p2a: Deoxys|53/221 tox|[from] psn\n|upkeep\n|turn|12\n|\n|t:|1781457761\n|move|p1a: Salazzle|Protect|p1a: Salazzle\n|-singleturn|p1a: Salazzle|Protect\n|move|p2a: Deoxys|Recover|p2a: Deoxys\n|-heal|p2a: Deoxys|164/221 tox\n|\n|-heal|p1a: Salazzle|88/249|[from] item: Leftovers\n|-heal|p2a: Deoxys|177/221 tox|[from] item: Leftovers\n|-damage|p2a: Deoxys|112/221 tox|[from] psn\n|upkeep\n|turn|13\n|\n|t:|1781457769\n|move|p1a: Salazzle|Substitute|p1a: Salazzle\n|-start|p1a: Salazzle|Substitute\n|-damage|p1a: Salazzle|26/249\n|move|p2a: Deoxys|Stored Power|p1a: Salazzle\n|-supereffective|p1a: Salazzle\n|-end|p1a: Salazzle|Substitute\n|\n|-heal|p1a: Salazzle|41/249|[from] item: Leftovers\n|-heal|p2a: Deoxys|125/221 tox|[from] item: Leftovers\n|-damage|p2a: Deoxys|47/221 tox|[from] psn\n|upkeep\n|turn|14\n|\n|t:|1781457779\n|move|p1a: Salazzle|Protect|p1a: Salazzle\n|-singleturn|p1a: Salazzle|Protect\n|move|p2a: Deoxys|Recover|p2a: Deoxys\n|-heal|p2a: Deoxys|158/221 tox\n|\n|-heal|p1a: Salazzle|56/249|[from] item: Leftovers\n|-heal|p2a: Deoxys|171/221 tox|[from] item: Leftovers\n|-damage|p2a: Deoxys|80/221 tox|[from] psn\n|upkeep\n|turn|15\n|\n|t:|1781457788\n|switch|p1a: Skuntank|Skuntank, L84, F|310/310\n|move|p2a: Deoxys|Stored Power|p1a: Skuntank\n|-immune|p1a: Skuntank\n|\n|-heal|p2a: Deoxys|93/221 tox|[from] item: Leftovers\n|-damage|p2a: Deoxys|0 fnt|[from] psn\n|faint|p2a: Deoxys\n|upkeep\n|\n|t:|1781457798\n|switch|p2a: Toedscruel|Toedscruel, L87, M|281/281\n|turn|16\n|\n|t:|1781457805\n|switch|p1a: Pelipper|Pelipper, L86, M|189/243\n|-weather|RainDance|[from] ability: Drizzle|[of] p1a: Pelipper\n|move|p2a: Toedscruel|Earth Power|p1a: Pelipper\n|-immune|p1a: Pelipper\n|\n|-weather|RainDance|[upkeep]\n|upkeep\n|turn|17\n|\n|t:|1781457813\n|move|p2a: Toedscruel|Leaf Storm|p1a: Pelipper\n|-damage|p1a: Pelipper|42/243\n|-unboost|p2a: Toedscruel|spa|2\n|move|p1a: Pelipper|Hurricane|p2a: Toedscruel\n|-supereffective|p2a: Toedscruel\n|-damage|p2a: Toedscruel|161/281\n|\n|-weather|RainDance|[upkeep]\n|upkeep\n|turn|18\n|\n|t:|1781457824\n|switch|p2a: Pachirisu|Pachirisu, L96, F|271/271\n|switch|p1a: Skuntank|Skuntank, L84, F|310/310\n|\n|-weather|RainDance|[upkeep]\n|upkeep\n|turn|19\n|\n|t:|1781457835\n|move|p2a: Pachirisu|U-turn|p1a: Skuntank\n|-damage|p1a: Skuntank|267/310\n|\n|t:|1781457841\n|switch|p2a: Houndstone|Houndstone, L86, M|264/264|[from] U-turn\n|move|p1a: Skuntank|Toxic Spikes|p2a: Houndstone\n|-sidestart|p2: nanofan_lad|move: Toxic Spikes\n|\n|-weather|RainDance|[upkeep]\n|upkeep\n|turn|20\n|\n|t:|1781457852\n|move|p1a: Skuntank|Toxic Spikes|p2a: Houndstone\n|-sidestart|p2: nanofan_lad|move: Toxic Spikes\n|move|p2a: Houndstone|Roar|p1a: Skuntank\n|drag|p1a: Pelipper|Pelipper, L86, M|42/243\n|\n|-weather|none\n|upkeep\n|turn|21\n|\n|t:|1781457858\n|move|p2a: Houndstone|Shadow Sneak|p1a: Pelipper\n|-damage|p1a: Pelipper|0 fnt\n|faint|p1a: Pelipper\n|\n|upkeep\n|\n|t:|1781457863\n|switch|p1a: Skuntank|Skuntank, L84, F|267/310\n|turn|22\n|\n|t:|1781457869\n|move|p1a: Skuntank|Knock Off|p2a: Houndstone\n|-supereffective|p2a: Houndstone\n|-damage|p2a: Houndstone|150/264\n|-enditem|p2a: Houndstone|Leftovers|[from] move: Knock Off|[of] p1a: Skuntank\n|-damage|p1a: Skuntank|236/310|[from] item: Life Orb\n|move|p2a: Houndstone|Roar|p1a: Skuntank\n|drag|p1a: Hippowdon|Hippowdon, L82, F|311/311\n|-weather|Sandstorm|[from] ability: Sand Stream|[of] p1a: Hippowdon\n|\n|-weather|Sandstorm|[upkeep]\n|-damage|p2a: Houndstone|134/264|[from] Sandstorm\n|upkeep\n|turn|23\n|\n|t:|1781457884\n|move|p2a: Houndstone|Poltergeist|p1a: Hippowdon\n|-activate|p1a: Hippowdon|move: Poltergeist|Rocky Helmet\n|-damage|p1a: Hippowdon|211/311\n|move|p1a: Hippowdon|Stealth Rock|p2a: Houndstone\n|-sidestart|p2: nanofan_lad|move: Stealth Rock\n|\n|-weather|Sandstorm|[upkeep]\n|-damage|p2a: Houndstone|118/264|[from] Sandstorm\n|upkeep\n|turn|24\n|\n|t:|1781457903\n|move|p2a: Houndstone|Poltergeist|p1a: Hippowdon\n|-activate|p1a: Hippowdon|move: Poltergeist|Rocky Helmet\n|-damage|p1a: Hippowdon|112/311\n|move|p1a: Hippowdon|Whirlwind|p2a: Houndstone\n|drag|p2a: Pachirisu|Pachirisu, L96, F|271/271\n|\n|-weather|Sandstorm|[upkeep]\n|-damage|p2a: Pachirisu|255/271|[from] Sandstorm\n|upkeep\n|turn|25\n|\n|t:|1781457915\n|move|p2a: Pachirisu|Encore|p1a: Hippowdon\n|-start|p1a: Hippowdon|Encore\n|move|p1a: Hippowdon|Whirlwind|p2a: Pachirisu\n|drag|p2a: Raikou|Raikou, L81|278/278\n|-status|p2a: Raikou|tox\n|-damage|p2a: Raikou|244/278 tox|[from] Stealth Rock\n|-ability|p2a: Raikou|Pressure\n|\n|-weather|Sandstorm|[upkeep]\n|-damage|p2a: Raikou|227/278 tox|[from] Sandstorm\n|-heal|p2a: Raikou|244/278 tox|[from] item: Leftovers\n|-damage|p2a: Raikou|227/278 tox|[from] psn\n|upkeep\n|turn|26\n|\n|t:|1781457927\n|move|p2a: Raikou|Scald|p1a: Hippowdon\n|-supereffective|p1a: Hippowdon\n|-damage|p1a: Hippowdon|0 fnt\n|faint|p1a: Hippowdon\n|\n|-weather|none\n|-heal|p2a: Raikou|244/278 tox|[from] item: Leftovers\n|-damage|p2a: Raikou|210/278 tox|[from] psn\n|upkeep\n|\n|t:|1781457939\n|switch|p1a: Salazzle|Salazzle, L83, F|56/249\n|turn|27\n|\n|t:|1781457943\n|move|p1a: Salazzle|Protect|p1a: Salazzle\n|-singleturn|p1a: Salazzle|Protect\n|move|p2a: Raikou|Thunderbolt|p1a: Salazzle\n|-activate|p1a: Salazzle|move: Protect\n|\n|-heal|p1a: Salazzle|71/249|[from] item: Leftovers\n|-heal|p2a: Raikou|227/278 tox|[from] item: Leftovers\n|-damage|p2a: Raikou|176/278 tox|[from] psn\n|upkeep\n|turn|28\n|\n|t:|1781457951\n|move|p1a: Salazzle|Substitute|p1a: Salazzle\n|-start|p1a: Salazzle|Substitute\n|-damage|p1a: Salazzle|9/249\n|move|p2a: Raikou|Thunderbolt|p1a: Salazzle\n|-end|p1a: Salazzle|Substitute\n|\n|-heal|p1a: Salazzle|24/249|[from] item: Leftovers\n|-heal|p2a: Raikou|193/278 tox|[from] item: Leftovers\n|-damage|p2a: Raikou|125/278 tox|[from] psn\n|upkeep\n|turn|29\n|\n|t:|1781457961\n|move|p1a: Salazzle|Protect|p1a: Salazzle\n|-singleturn|p1a: Salazzle|Protect\n|move|p2a: Raikou|Calm Mind|p2a: Raikou\n|-boost|p2a: Raikou|spa|1\n|-boost|p2a: Raikou|spd|1\n|\n|-heal|p1a: Salazzle|39/249|[from] item: Leftovers\n|-heal|p2a: Raikou|142/278 tox|[from] item: Leftovers\n|-damage|p2a: Raikou|57/278 tox|[from] psn\n|upkeep\n|turn|30\n|\n|t:|1781457971\n|move|p1a: Salazzle|Flamethrower|p2a: Raikou\n|-damage|p2a: Raikou|0 fnt\n|faint|p2a: Raikou\n|\n|-heal|p1a: Salazzle|54/249|[from] item: Leftovers\n|upkeep\n|\n|t:|1781457979\n|switch|p2a: Toedscruel|Toedscruel, L87, M|161/281\n|-status|p2a: Toedscruel|tox\n|-damage|p2a: Toedscruel|144/281 tox|[from] Stealth Rock\n|turn|31\n|\n|t:|1781457987\n|move|p1a: Salazzle|Protect|p1a: Salazzle\n|-singleturn|p1a: Salazzle|Protect\n|move|p2a: Toedscruel|Rapid Spin|p1a: Salazzle\n|-activate|p1a: Salazzle|move: Protect\n|\n|-heal|p1a: Salazzle|69/249|[from] item: Leftovers\n|-damage|p2a: Toedscruel|127/281 tox|[from] psn\n|upkeep\n|turn|32\n|\n|t:|1781457995\n|move|p1a: Salazzle|Flamethrower|p2a: Toedscruel\n|-supereffective|p2a: Toedscruel\n|-damage|p2a: Toedscruel|19/281 tox\n|move|p2a: Toedscruel|Rapid Spin|p1a: Salazzle\n|-damage|p1a: Salazzle|32/249\n|-boost|p2a: Toedscruel|spe|1\n|-sideend|p2: nanofan_lad|Toxic Spikes|[from] move: Rapid Spin|[of] p2a: Toedscruel\n|-sideend|p2: nanofan_lad|Stealth Rock|[from] move: Rapid Spin|[of] p2a: Toedscruel\n|\n|-heal|p1a: Salazzle|47/249|[from] item: Leftovers\n|-damage|p2a: Toedscruel|0 fnt|[from] psn\n|faint|p2a: Toedscruel\n|upkeep\n|\n|t:|1781458008\n|switch|p2a: Houndstone|Houndstone, L86, M|118/264\n|turn|33\n|\n|t:|1781458013\n|move|p1a: Salazzle|Protect|p1a: Salazzle\n|-singleturn|p1a: Salazzle|Protect\n|move|p2a: Houndstone|Shadow Sneak|p1a: Salazzle\n|-activate|p1a: Salazzle|move: Protect\n|\n|-heal|p1a: Salazzle|62/249|[from] item: Leftovers\n|upkeep\n|turn|34\n|\n|t:|1781458019\n|switch|p1a: Skuntank|Skuntank, L84, F|236/310\n|move|p2a: Houndstone|Shadow Sneak|p1a: Skuntank\n|-resisted|p1a: Skuntank\n|-damage|p1a: Skuntank|208/310\n|\n|upkeep\n|turn|35\n|\n|t:|1781458026\n|switch|p2a: Pachirisu|Pachirisu, L96, F|255/271\n|move|p1a: Skuntank|Toxic Spikes|p2a: Pachirisu\n|-sidestart|p2: nanofan_lad|move: Toxic Spikes\n|\n|upkeep\n|turn|36\n|\n|t:|1781458032\n|move|p2a: Pachirisu|Super Fang|p1a: Skuntank|[miss]\n|-miss|p2a: Pachirisu|p1a: Skuntank\n|move|p1a: Skuntank|Toxic Spikes|p2a: Pachirisu\n|-sidestart|p2: nanofan_lad|move: Toxic Spikes\n|\n|upkeep\n|turn|37\n|\n|t:|1781458037\n|move|p2a: Pachirisu|Super Fang|p1a: Skuntank\n|-damage|p1a: Skuntank|104/310\n|move|p1a: Skuntank|Knock Off|p2a: Pachirisu\n|-damage|p2a: Pachirisu|130/271\n|-enditem|p2a: Pachirisu|Heavy-Duty Boots|[from] move: Knock Off|[of] p1a: Skuntank\n|-damage|p1a: Skuntank|73/310|[from] item: Life Orb\n|\n|upkeep\n|turn|38\n|\n|t:|1781458044\n|move|p1a: Skuntank|Sucker Punch|p2a: Pachirisu\n|-damage|p2a: Pachirisu|33/271\n|-damage|p1a: Skuntank|42/310|[from] item: Life Orb\n|move|p2a: Pachirisu|Discharge|p1a: Skuntank\n|-damage|p1a: Skuntank|0 fnt\n|faint|p1a: Skuntank\n|\n|upkeep\n|\n|t:|1781458053\n|switch|p1a: Salazzle|Salazzle, L83, F|62/249\n|turn|39\n|\n|t:|1781458059\n|move|p1a: Salazzle|Flamethrower|p2a: Pachirisu\n|-damage|p2a: Pachirisu|0 fnt\n|faint|p2a: Pachirisu\n|\n|-heal|p1a: Salazzle|77/249|[from] item: Leftovers\n|upkeep\n|\n|t:|1781458063\n|switch|p2a: Houndstone|Houndstone, L86, M|118/264\n|-status|p2a: Houndstone|tox\n|turn|40\n|\n|t:|1781458068\n|move|p1a: Salazzle|Protect|p1a: Salazzle\n|-singleturn|p1a: Salazzle|Protect\n|move|p2a: Houndstone|Shadow Sneak|p1a: Salazzle\n|-activate|p1a: Salazzle|move: Protect\n|\n|-heal|p1a: Salazzle|92/249|[from] item: Leftovers\n|-damage|p2a: Houndstone|102/264 tox|[from] psn\n|upkeep\n|turn|41\n|\n|t:|1781458078\n|switch|p1a: Indeedee|Indeedee, L84, M|238/238\n|-fieldstart|move: Psychic Terrain|[from] ability: Psychic Surge|[of] p1a: Indeedee\n|move|p2a: Houndstone|Shadow Sneak|p1a: Indeedee\n|-activate|p1a: Indeedee|move: Psychic Terrain\n|\n|-damage|p2a: Houndstone|70/264 tox|[from] psn\n|upkeep\n|turn|42\n|\n|t:|1781458086\n|move|p1a: Indeedee|Expanding Force|p2a: Houndstone\n|-damage|p2a: Houndstone|0 fnt\n|faint|p2a: Houndstone\n|\n|upkeep\n|\n|t:|1781458090\n|switch|p2a: Arceus|Arceus-Ghost, L69|280/280\n|-status|p2a: Arceus|tox\n|turn|43\n|\n|t:|1781458095\n|move|p1a: Indeedee|Expanding Force|p2a: Arceus\n|-damage|p2a: Arceus|121/280 tox\n|move|p2a: Arceus|Calm Mind|p2a: Arceus\n|-boost|p2a: Arceus|spa|1\n|-boost|p2a: Arceus|spd|1\n|\n|-damage|p2a: Arceus|104/280 tox|[from] psn\n|upkeep\n|turn|44\n|\n|t:|1781458102\n|move|p1a: Indeedee|Expanding Force|p2a: Arceus\n|-damage|p2a: Arceus|0 fnt\n|faint|p2a: Arceus\n|\n|win|SR-Cue\n", "uploadtime": 1781457611, "views": 3, "formatid": "gen9randombattle", "rating": null, "private": 0, "password": null}