{"id": "gen9randombattle-2631641523", "format": "[Gen 9] Random Battle", "players": ["mztmztmzt123", "MakotoV7"], "log": "|j|\u2606mztmztmzt123\n|j|\u2606MakotoV7\n|t:|1781413420\n|gametype|singles\n|player|p1|mztmztmzt123|102|2173\n|player|p2|MakotoV7|steven|2153\n|gen|9\n|tier|[Gen 9] Random Battle\n|rated|\n|rule|Species Clause: Limit one of each Pok\u00e9mon\n|rule|HP Percentage Mod: HP is shown in percentages\n|rule|Sleep Clause Mod: Limit one foe put to sleep\n|rule|Illusion Level Mod: Illusion disguises the Pok\u00e9mon's true level\n|\n|t:|1781413420\n|teamsize|p1|6\n|teamsize|p2|6\n|start\n|switch|p1a: Toxicroak|Toxicroak, L84, M|277/277\n|switch|p2a: Reshiram|Reshiram, L76|277/277\n|-ability|p2a: Reshiram|Turboblaze\n|turn|1\n|inactive|Battle timer is ON: inactive players will automatically lose when time's up. (requested by MakotoV7)\n|j| nocomment3\n|\n|t:|1781413439\n|move|p1a: Toxicroak|Gunk Shot|p2a: Reshiram\n|-damage|p2a: Reshiram|90/277\n|-status|p2a: Reshiram|psn\n|-damage|p1a: Toxicroak|250/277|[from] item: Life Orb\n|move|p2a: Reshiram|Blue Flare|p1a: Toxicroak\n|-damage|p1a: Toxicroak|58/277\n|\n|-damage|p2a: Reshiram|56/277 psn|[from] psn\n|upkeep\n|turn|2\n|\n|t:|1781413450\n|switch|p2a: Brambleghast|Brambleghast, L88, F|240/240\n|move|p1a: Toxicroak|Knock Off|p2a: Brambleghast\n|-supereffective|p2a: Brambleghast\n|-damage|p2a: Brambleghast|32/240\n|-enditem|p2a: Brambleghast|Leftovers|[from] move: Knock Off|[of] p1a: Toxicroak\n|-damage|p1a: Toxicroak|31/277|[from] item: Life Orb\n|\n|upkeep\n|turn|3\n|inactive|mztmztmzt123 has 120 seconds left.\n|\n|t:|1781413503\n|move|p2a: Brambleghast|Poltergeist|p1a: Toxicroak\n|-activate|p1a: Toxicroak|move: Poltergeist|Life Orb\n|-crit|p1a: Toxicroak\n|-damage|p1a: Toxicroak|0 fnt\n|faint|p1a: Toxicroak\n|\n|upkeep\n|\n|t:|1781413506\n|switch|p1a: Mabosstiff|Mabosstiff, L86, M|278/278\n|turn|4\n|\n|t:|1781413508\n|move|p2a: Brambleghast|Power Whip|p1a: Mabosstiff\n|-damage|p1a: Mabosstiff|130/278\n|move|p1a: Mabosstiff|Crunch|p2a: Brambleghast\n|-supereffective|p2a: Brambleghast\n|-damage|p2a: Brambleghast|0 fnt\n|faint|p2a: Brambleghast\n|\n|upkeep\n|\n|t:|1781413513\n|switch|p2a: Bisharp|Bisharp, L79, M|232/232\n|turn|5\n|\n|t:|1781413519\n|switch|p1a: Pikachu|Pikachu-Hoenn, L93, M|216/216\n|move|p2a: Bisharp|Stealth Rock|p1a: Pikachu\n|-sidestart|p1: mztmztmzt123|move: Stealth Rock\n|\n|upkeep\n|turn|6\n|\n|t:|1781413527\n|move|p1a: Pikachu|Knock Off|p2a: Bisharp\n|-resisted|p2a: Bisharp\n|-damage|p2a: Bisharp|196/232\n|-enditem|p2a: Bisharp|Eviolite|[from] move: Knock Off|[of] p1a: Pikachu\n|move|p2a: Bisharp|Iron Head|p1a: Pikachu\n|-resisted|p1a: Pikachu\n|-damage|p1a: Pikachu|143/216\n|\n|upkeep\n|turn|7\n|\n|t:|1781413532\n|move|p2a: Bisharp|Sucker Punch|p1a: Pikachu\n|-damage|p1a: Pikachu|22/216\n|move|p1a: Pikachu|Volt Tackle|p2a: Bisharp\n|-damage|p2a: Bisharp|7/232\n|-damage|p1a: Pikachu|0 fnt|[from] Recoil\n|faint|p1a: Pikachu\n|\n|upkeep\n|\n|t:|1781413539\n|switch|p1a: Mabosstiff|Mabosstiff, L86, M|130/278\n|-damage|p1a: Mabosstiff|96/278|[from] Stealth Rock\n|turn|8\n|\n|t:|1781413559\n|move|p2a: Bisharp|Sucker Punch|p1a: Mabosstiff\n|-resisted|p1a: Mabosstiff\n|-damage|p1a: Mabosstiff|57/278\n|move|p1a: Mabosstiff|Crunch|p2a: Bisharp\n|-resisted|p2a: Bisharp\n|-damage|p2a: Bisharp|0 fnt\n|faint|p2a: Bisharp\n|\n|upkeep\n|\n|t:|1781413564\n|switch|p2a: Keldeo|Keldeo-Resolute, L79|273/273\n|turn|9\n|inactive|mztmztmzt123 has 120 seconds left.\n|\n|t:|1781413604\n|switch|p1a: Polteageist|Polteageist-Antique, L78|222/222\n|-damage|p1a: Polteageist|195/222|[from] Stealth Rock\n|move|p2a: Keldeo|Substitute|p2a: Keldeo\n|-start|p2a: Keldeo|Substitute\n|-damage|p2a: Keldeo|205/273\n|\n|-heal|p2a: Keldeo|222/273|[from] item: Leftovers\n|upkeep\n|turn|10\n|\n|t:|1781413611\n|move|p2a: Keldeo|Calm Mind|p2a: Keldeo\n|-boost|p2a: Keldeo|spa|1\n|-boost|p2a: Keldeo|spd|1\n|move|p1a: Polteageist|Shell Smash|p1a: Polteageist\n|-unboost|p1a: Polteageist|def|1\n|-unboost|p1a: Polteageist|spd|1\n|-boost|p1a: Polteageist|atk|2\n|-boost|p1a: Polteageist|spa|2\n|-boost|p1a: Polteageist|spe|2\n|-enditem|p1a: Polteageist|White Herb\n|-clearnegativeboost|p1a: Polteageist|[silent]\n|\n|-heal|p2a: Keldeo|239/273|[from] item: Leftovers\n|upkeep\n|turn|11\n|inactive|mztmztmzt123 has 120 seconds left.\n|\n|t:|1781413616\n|move|p1a: Polteageist|Shadow Ball|p2a: Keldeo\n|-end|p2a: Keldeo|Substitute\n|move|p2a: Keldeo|Calm Mind|p2a: Keldeo\n|-boost|p2a: Keldeo|spa|1\n|-boost|p2a: Keldeo|spd|1\n|\n|-heal|p2a: Keldeo|256/273|[from] item: Leftovers\n|upkeep\n|turn|12\n|\n|t:|1781413620\n|-terastallize|p2a: Keldeo|Steel\n|move|p1a: Polteageist|Stored Power|p2a: Keldeo\n|-resisted|p2a: Keldeo\n|-damage|p2a: Keldeo|195/273\n|move|p2a: Keldeo|Surf|p1a: Polteageist\n|-damage|p1a: Polteageist|15/222\n|-start|p2a: Keldeo|Disable|Surf|[from] ability: Cursed Body|[of] p1a: Polteageist\n|\n|-heal|p2a: Keldeo|212/273|[from] item: Leftovers\n|upkeep\n|turn|13\n|\n|t:|1781413630\n|switch|p2a: Reshiram|Reshiram, L76|56/277 psn\n|-ability|p2a: Reshiram|Turboblaze\n|move|p1a: Polteageist|Strength Sap|p2a: Reshiram\n|-unboost|p2a: Reshiram|atk|1\n|-heal|p1a: Polteageist|222/222\n|\n|-damage|p2a: Reshiram|22/277 psn|[from] psn\n|upkeep\n|turn|14\n|\n|t:|1781413656\n|move|p1a: Polteageist|Shadow Ball|p2a: Reshiram\n|-damage|p2a: Reshiram|0 fnt\n|faint|p2a: Reshiram\n|\n|upkeep\n|\n|t:|1781413659\n|switch|p2a: Vivillon|Vivillon-River, L83, M|268/268\n|turn|15\n|inactive|mztmztmzt123 has 120 seconds left.\n|\n|t:|1781413691\n|move|p1a: Polteageist|Stored Power|p2a: Vivillon\n|-damage|p2a: Vivillon|0 fnt\n|faint|p2a: Vivillon\n|\n|upkeep\n|\n|t:|1781413696\n|switch|p2a: Dusknoir|Dusknoir, L89, F|225/225\n|turn|16\n|\n|t:|1781413702\n|move|p2a: Dusknoir|Shadow Sneak|p1a: Polteageist\n|-supereffective|p1a: Polteageist\n|-damage|p1a: Polteageist|36/222\n|move|p1a: Polteageist|Shadow Ball|p2a: Dusknoir\n|-supereffective|p2a: Dusknoir\n|-damage|p2a: Dusknoir|0 fnt\n|faint|p2a: Dusknoir\n|\n|upkeep\n|\n|t:|1781413704\n|switch|p2a: Keldeo|Keldeo-Resolute, L79, tera:Steel|212/273\n|turn|17\n|\n|t:|1781413707\n|move|p1a: Polteageist|Shadow Ball|p2a: Keldeo\n|-damage|p2a: Keldeo|4/273\n|-unboost|p2a: Keldeo|spd|1\n|move|p2a: Keldeo|Surf|p1a: Polteageist\n|-damage|p1a: Polteageist|0 fnt\n|faint|p1a: Polteageist\n|\n|-heal|p2a: Keldeo|21/273|[from] item: Leftovers\n|upkeep\n|\n|t:|1781413715\n|switch|p1a: Gengar|Gengar, L81, M|230/230\n|-damage|p1a: Gengar|202/230|[from] Stealth Rock\n|turn|18\n|\n|t:|1781413724\n|move|p1a: Gengar|Shadow Ball|p2a: Keldeo\n|-damage|p2a: Keldeo|0 fnt\n|faint|p2a: Keldeo\n|-damage|p1a: Gengar|179/230|[from] item: Life Orb\n|\n|win|mztmztmzt123\n", "uploadtime": 1781413422, "views": 3, "formatid": "gen9randombattle", "rating": null, "private": 0, "password": null}