{"id": "gen9randombattle-2631391528", "format": "[Gen 9] Random Battle", "players": ["SeveralDoots", "Weeeeeeeeen"], "log": "|j|\u2606SeveralDoots\n|j|\u2606Weeeeeeeeen\n|t:|1781379126\n|gametype|singles\n|player|p1|SeveralDoots|1|1092\n|player|p2|Weeeeeeeeen|170|1096\n|gen|9\n|tier|[Gen 9] Random Battle\n|rated|\n|rule|Species Clause: Limit one of each Pok\u00e9mon\n|rule|HP Percentage Mod: HP is shown in percentages\n|rule|Sleep Clause Mod: Limit one foe put to sleep\n|rule|Illusion Level Mod: Illusion disguises the Pok\u00e9mon's true level\n|\n|t:|1781379126\n|teamsize|p1|6\n|teamsize|p2|6\n|start\n|switch|p1a: Smeargle|Smeargle, L95, M|258/258\n|switch|p2a: Iron Thorns|Iron Thorns, L83|302/302\n|-item|p2a: Iron Thorns|Air Balloon\n|turn|1\n|\n|t:|1781379139\n|-end|p2a: Iron Thorns|Quark Drive|[silent]\n|switch|p2a: Gogoat|Gogoat, L88, M|360/360\n|move|p1a: Smeargle|Sticky Web|p2a: Gogoat\n|-sidestart|p2: Weeeeeeeeen|move: Sticky Web\n|\n|upkeep\n|turn|2\n|inactive|Battle timer is ON: inactive players will automatically lose when time's up. (requested by SeveralDoots)\n|\n|t:|1781379147\n|move|p1a: Smeargle|Stealth Rock|p2a: Gogoat\n|-sidestart|p2: Weeeeeeeeen|move: Stealth Rock\n|move|p2a: Gogoat|Bulk Up|p2a: Gogoat\n|-boost|p2a: Gogoat|atk|1\n|-boost|p2a: Gogoat|def|1\n|\n|upkeep\n|turn|3\n|\n|t:|1781379153\n|move|p1a: Smeargle|Ceaseless Edge|p2a: Gogoat\n|-damage|p2a: Gogoat|341/360\n|-sidestart|p2: Weeeeeeeeen|Spikes\n|move|p2a: Gogoat|Bulk Up|p2a: Gogoat\n|-boost|p2a: Gogoat|atk|1\n|-boost|p2a: Gogoat|def|1\n|\n|-heal|p2a: Gogoat|360/360|[from] item: Leftovers\n|upkeep\n|turn|4\n|\n|t:|1781379162\n|move|p1a: Smeargle|Ceaseless Edge|p2a: Gogoat\n|-damage|p2a: Gogoat|346/360\n|-sidestart|p2: Weeeeeeeeen|Spikes\n|move|p2a: Gogoat|Bulk Up|p2a: Gogoat\n|-boost|p2a: Gogoat|atk|1\n|-boost|p2a: Gogoat|def|1\n|\n|-heal|p2a: Gogoat|360/360|[from] item: Leftovers\n|upkeep\n|turn|5\n|\n|t:|1781379172\n|move|p1a: Smeargle|Ceaseless Edge|p2a: Gogoat\n|-damage|p2a: Gogoat|347/360\n|-sidestart|p2: Weeeeeeeeen|Spikes\n|move|p2a: Gogoat|Bulk Up|p2a: Gogoat\n|-boost|p2a: Gogoat|atk|1\n|-boost|p2a: Gogoat|def|1\n|\n|-heal|p2a: Gogoat|360/360|[from] item: Leftovers\n|upkeep\n|turn|6\n|\n|t:|1781379190\n|switch|p1a: Eternatus|Eternatus, L69|308/308\n|-ability|p1a: Eternatus|Pressure\n|move|p2a: Gogoat|Bulk Up|p2a: Gogoat\n|-boost|p2a: Gogoat|atk|1\n|-boost|p2a: Gogoat|def|1\n|\n|upkeep\n|turn|7\n|\n|t:|1781379210\n|-terastallize|p2a: Gogoat|Water\n|move|p1a: Eternatus|Sludge Bomb|p2a: Gogoat\n|-damage|p2a: Gogoat|263/360\n|move|p2a: Gogoat|Rock Slide|p1a: Eternatus\n|-damage|p1a: Eternatus|79/308\n|\n|-heal|p2a: Gogoat|285/360|[from] item: Leftovers\n|upkeep\n|turn|8\n|\n|t:|1781379225\n|move|p1a: Eternatus|Sludge Bomb|p2a: Gogoat\n|-damage|p2a: Gogoat|201/360\n|move|p2a: Gogoat|Rock Slide|p1a: Eternatus\n|-damage|p1a: Eternatus|0 fnt\n|faint|p1a: Eternatus\n|\n|-heal|p2a: Gogoat|223/360|[from] item: Leftovers\n|upkeep\n|inactive|SeveralDoots has 120 seconds left.\n|\n|t:|1781379237\n|switch|p1a: Kilowattrel|Kilowattrel, L83, F|252/252\n|turn|9\n|\n|t:|1781379242\n|move|p1a: Kilowattrel|Discharge|p2a: Gogoat\n|-supereffective|p2a: Gogoat\n|-damage|p2a: Gogoat|55/360\n|move|p2a: Gogoat|Rock Slide|p1a: Kilowattrel\n|-supereffective|p1a: Kilowattrel\n|-damage|p1a: Kilowattrel|0 fnt\n|faint|p1a: Kilowattrel\n|\n|-heal|p2a: Gogoat|77/360|[from] item: Leftovers\n|upkeep\n|inactive|SeveralDoots has 120 seconds left.\n|\n|t:|1781379256\n|switch|p1a: Jumpluff|Jumpluff, L87, F|271/271\n|turn|10\n|\n|t:|1781379261\n|move|p1a: Jumpluff|Acrobatics|p2a: Gogoat\n|-damage|p2a: Gogoat|50/360\n|move|p2a: Gogoat|Milk Drink|p2a: Gogoat\n|-heal|p2a: Gogoat|230/360\n|\n|-heal|p2a: Gogoat|252/360|[from] item: Leftovers\n|upkeep\n|turn|11\n|\n|t:|1781379269\n|move|p1a: Jumpluff|Sleep Powder|p2a: Gogoat\n|-ability|p2a: Gogoat|Sap Sipper|boost\n|-boost|p2a: Gogoat|atk|1\n|move|p2a: Gogoat|Bulk Up|p2a: Gogoat\n|-boost|p2a: Gogoat|atk|0\n|-boost|p2a: Gogoat|def|1\n|\n|-heal|p2a: Gogoat|274/360|[from] item: Leftovers\n|upkeep\n|turn|12\n|\n|t:|1781379281\n|move|p1a: Jumpluff|U-turn|p2a: Gogoat\n|-damage|p2a: Gogoat|263/360\n|\n|t:|1781379284\n|switch|p1a: Cetitan|Cetitan, L82, F|412/412|[from] U-turn\n|move|p2a: Gogoat|Rock Slide|p1a: Cetitan\n|-supereffective|p1a: Cetitan\n|-damage|p1a: Cetitan|0 fnt\n|faint|p1a: Cetitan\n|\n|-heal|p2a: Gogoat|285/360|[from] item: Leftovers\n|upkeep\n|\n|t:|1781379293\n|switch|p1a: Chansey|Chansey, L85, F|564/564\n|turn|13\n|\n|t:|1781379298\n|move|p2a: Gogoat|Horn Leech|p1a: Chansey\n|-damage|p1a: Chansey|0 fnt\n|-heal|p2a: Gogoat|360/360|[from] drain|[of] p1a: Chansey\n|faint|p1a: Chansey\n|\n|upkeep\n|\n|t:|1781379304\n|switch|p1a: Smeargle|Smeargle, L95, M|258/258\n|turn|14\n|-message|SeveralDoots forfeited.\n|\n|win|Weeeeeeeeen\n|raw|SeveralDoots's rating: 1092 &rarr; <strong>1068</strong><br />(-24 for losing)\n|raw|Weeeeeeeeen's rating: 1096 &rarr; <strong>1121</strong><br />(+25 for winning)\n|l|\u2606SeveralDoots\n|player|p1|\n", "uploadtime": 1781379313, "views": 16, "formatid": "gen9randombattle", "rating": 1068, "private": 0, "password": null}