{"id": "gen9randombattle-2632009959", "format": "[Gen 9] Random Battle", "players": ["mundigsters", "boulette de veau"], "log": "|j|\u2606mundigsters\n|j|\u203dboulette de veau\n|t:|1781465576\n|gametype|singles\n|player|p1|mundigsters|2|1934\n|player|p2|boulette de veau|101|1934\n|gen|9\n|tier|[Gen 9] Random Battle\n|rated|\n|rule|Species Clause: Limit one of each Pok\u00e9mon\n|rule|HP Percentage Mod: HP is shown in percentages\n|rule|Sleep Clause Mod: Limit one foe put to sleep\n|rule|Illusion Level Mod: Illusion disguises the Pok\u00e9mon's true level\n|\n|t:|1781465576\n|teamsize|p1|6\n|teamsize|p2|6\n|start\n|switch|p1a: Meowstic|Meowstic, L89, M|277/277\n|switch|p2a: Electrode|Electrode, L92|260/260\n|turn|1\n|inactive|Battle timer is ON: inactive players will automatically lose when time's up. (requested by mundigsters)\n|\n|t:|1781465598\n|switch|p1a: Donphan|Donphan, L84, M|288/288\n|move|p2a: Electrode|Thunder Wave|p1a: Donphan\n|-immune|p1a: Donphan\n|\n|upkeep\n|turn|2\n|\n|t:|1781465609\n|switch|p2a: Alomomola|Alomomola, L87, M|429/429\n|move|p1a: Donphan|Stealth Rock|p2a: Alomomola\n|-sidestart|p2: boulette de veau|move: Stealth Rock\n|\n|upkeep\n|turn|3\n|\n|t:|1781465616\n|move|p2a: Alomomola|Scald|p1a: Donphan\n|-supereffective|p1a: Donphan\n|-damage|p1a: Donphan|166/288\n|move|p1a: Donphan|Knock Off|p2a: Alomomola\n|-damage|p2a: Alomomola|343/429\n|-enditem|p2a: Alomomola|Heavy-Duty Boots|[from] move: Knock Off|[of] p1a: Donphan\n|\n|-heal|p1a: Donphan|184/288|[from] item: Leftovers\n|upkeep\n|turn|4\n|\n|t:|1781465641\n|switch|p1a: Meowstic|Meowstic, L89, M|277/277\n|move|p2a: Alomomola|Scald|p1a: Meowstic\n|-damage|p1a: Meowstic|229/277\n|\n|-heal|p1a: Meowstic|246/277|[from] item: Leftovers\n|upkeep\n|turn|5\n|\n|t:|1781465648\n|move|p1a: Meowstic|Thunder Wave|p2a: Alomomola\n|-status|p2a: Alomomola|par\n|move|p2a: Alomomola|Flip Turn|p1a: Meowstic\n|-damage|p1a: Meowstic|183/277\n|\n|t:|1781465658\n|switch|p2a: Dugtrio|Dugtrio-Alola, L84, F|196/196|[from] Flip Turn\n|-damage|p2a: Dugtrio|190/196|[from] Stealth Rock\n|\n|-heal|p1a: Meowstic|200/277|[from] item: Leftovers\n|upkeep\n|turn|6\n|\n|t:|1781465664\n|switch|p1a: Salamence|Salamence, L77, M|273/273\n|move|p2a: Dugtrio|Swords Dance|p2a: Dugtrio\n|-boost|p2a: Dugtrio|atk|2\n|\n|upkeep\n|turn|7\n|\n|t:|1781465672\n|move|p2a: Dugtrio|Iron Head|p1a: Salamence\n|-damage|p1a: Salamence|4/273\n|-damage|p2a: Dugtrio|171/196|[from] item: Life Orb\n|move|p1a: Salamence|Dragon Dance|p1a: Salamence\n|-boost|p1a: Salamence|atk|1\n|-boost|p1a: Salamence|spe|1\n|\n|upkeep\n|turn|8\n|\n|t:|1781465675\n|move|p2a: Dugtrio|Sucker Punch|p1a: Salamence\n|-damage|p1a: Salamence|0 fnt\n|faint|p1a: Salamence\n|-damage|p2a: Dugtrio|152/196|[from] item: Life Orb\n|\n|upkeep\n|\n|t:|1781465682\n|switch|p1a: Donphan|Donphan, L84, M|184/288\n|turn|9\n|\n|t:|1781465685\n|move|p2a: Dugtrio|Earthquake|p1a: Donphan\n|-damage|p1a: Donphan|0 fnt\n|faint|p1a: Donphan\n|-damage|p2a: Dugtrio|133/196|[from] item: Life Orb\n|\n|upkeep\n|\n|t:|1781465691\n|switch|p1a: Carbink|Carbink, L90|236/236\n|turn|10\n|\n|t:|1781465697\n|-terastallize|p1a: Carbink|Fighting\n|move|p2a: Dugtrio|Iron Head|p1a: Carbink\n|-damage|p1a: Carbink|90/236\n|-damage|p2a: Dugtrio|114/196|[from] item: Life Orb\n|move|p1a: Carbink|Rock Polish|p1a: Carbink\n|-boost|p1a: Carbink|spe|2\n|\n|-heal|p1a: Carbink|104/236|[from] item: Leftovers\n|upkeep\n|turn|11\n|\n|t:|1781465713\n|switch|p2a: Alomomola|Alomomola, L87, M|429/429 par\n|-damage|p2a: Alomomola|376/429 par|[from] Stealth Rock\n|move|p1a: Carbink|Iron Defense|p1a: Carbink\n|-boost|p1a: Carbink|def|2\n|\n|-heal|p1a: Carbink|118/236|[from] item: Leftovers\n|upkeep\n|turn|12\n|\n|t:|1781465720\n|move|p1a: Carbink|Body Press|p2a: Alomomola\n|-damage|p2a: Alomomola|96/429 par\n|move|p2a: Alomomola|Scald|p1a: Carbink\n|-damage|p1a: Carbink|87/236\n|-status|p1a: Carbink|brn\n|\n|-heal|p1a: Carbink|101/236 brn|[from] item: Leftovers\n|-damage|p1a: Carbink|87/236 brn|[from] brn\n|upkeep\n|turn|13\n|\n|t:|1781465725\n|switch|p2a: Scream Tail|Scream Tail, L84|330/330\n|-damage|p2a: Scream Tail|289/330|[from] Stealth Rock\n|move|p1a: Carbink|Body Press|p2a: Scream Tail\n|-resisted|p2a: Scream Tail\n|-damage|p2a: Scream Tail|256/330\n|\n|-heal|p1a: Carbink|101/236 brn|[from] item: Leftovers\n|-heal|p2a: Scream Tail|276/330|[from] item: Leftovers\n|-damage|p1a: Carbink|87/236 brn|[from] brn\n|upkeep\n|turn|14\n|\n|t:|1781465731\n|move|p1a: Carbink|Moonblast|p2a: Scream Tail\n|-damage|p2a: Scream Tail|215/330\n|move|p2a: Scream Tail|Wish|p2a: Scream Tail\n|\n|-heal|p1a: Carbink|101/236 brn|[from] item: Leftovers\n|-heal|p2a: Scream Tail|235/330|[from] item: Leftovers\n|-damage|p1a: Carbink|87/236 brn|[from] brn\n|upkeep\n|turn|15\n|\n|t:|1781465742\n|switch|p1a: Meowstic|Meowstic, L89, M|200/277\n|move|p2a: Scream Tail|Encore||[still]\n|-fail|p2a: Scream Tail\n|\n|-heal|p2a: Scream Tail|330/330|[from] move: Wish|[wisher] Scream Tail\n|-heal|p1a: Meowstic|217/277|[from] item: Leftovers\n|upkeep\n|turn|16\n|\n|t:|1781465748\n|-end|p2a: Scream Tail|Protosynthesis|[silent]\n|switch|p2a: Kilowattrel|Kilowattrel, L83, M|252/252\n|move|p1a: Meowstic|Psychic Noise|p2a: Kilowattrel\n|-damage|p2a: Kilowattrel|143/252\n|-start|p2a: Kilowattrel|move: Heal Block\n|\n|-heal|p1a: Meowstic|234/277|[from] item: Leftovers\n|upkeep\n|turn|17\n|\n|t:|1781465759\n|switch|p1a: Carbink|Carbink, L90, tera:Fighting|87/236 brn\n|move|p2a: Kilowattrel|U-turn|p1a: Carbink\n|-resisted|p1a: Carbink\n|-damage|p1a: Carbink|75/236 brn\n|\n|t:|1781465764\n|switch|p2a: Scream Tail|Scream Tail, L84|330/330|[from] U-turn\n|-damage|p2a: Scream Tail|289/330|[from] Stealth Rock\n|\n|-heal|p2a: Scream Tail|309/330|[from] item: Leftovers\n|-heal|p1a: Carbink|89/236 brn|[from] item: Leftovers\n|-damage|p1a: Carbink|75/236 brn|[from] brn\n|upkeep\n|turn|18\n|\n|t:|1781465771\n|move|p2a: Scream Tail|Wish|p2a: Scream Tail\n|move|p1a: Carbink|Moonblast|p2a: Scream Tail\n|-damage|p2a: Scream Tail|248/330\n|\n|-heal|p2a: Scream Tail|268/330|[from] item: Leftovers\n|-heal|p1a: Carbink|89/236 brn|[from] item: Leftovers\n|-damage|p1a: Carbink|75/236 brn|[from] brn\n|upkeep\n|turn|19\n|\n|t:|1781465780\n|-end|p2a: Scream Tail|Protosynthesis|[silent]\n|switch|p2a: Alomomola|Alomomola, L87, M|239/429 par\n|-damage|p2a: Alomomola|186/429 par|[from] Stealth Rock\n|move|p1a: Carbink|Moonblast|p2a: Alomomola\n|-damage|p2a: Alomomola|83/429 par\n|-unboost|p2a: Alomomola|spa|1\n|\n|-heal|p2a: Alomomola|248/429 par|[from] move: Wish|[wisher] Scream Tail\n|-heal|p1a: Carbink|89/236 brn|[from] item: Leftovers\n|-damage|p1a: Carbink|75/236 brn|[from] brn\n|upkeep\n|turn|20\n|\n|t:|1781465791\n|move|p1a: Carbink|Moonblast|p2a: Alomomola\n|-damage|p2a: Alomomola|140/429 par\n|-unboost|p2a: Alomomola|spa|1\n|cant|p2a: Alomomola|par\n|\n|-heal|p1a: Carbink|89/236 brn|[from] item: Leftovers\n|-damage|p1a: Carbink|75/236 brn|[from] brn\n|upkeep\n|turn|21\n|\n|t:|1781465797\n|switch|p2a: Scream Tail|Scream Tail, L84|268/330\n|-damage|p2a: Scream Tail|227/330|[from] Stealth Rock\n|move|p1a: Carbink|Moonblast|p2a: Scream Tail\n|-damage|p2a: Scream Tail|167/330\n|\n|-heal|p2a: Scream Tail|187/330|[from] item: Leftovers\n|-heal|p1a: Carbink|89/236 brn|[from] item: Leftovers\n|-damage|p1a: Carbink|75/236 brn|[from] brn\n|upkeep\n|turn|22\n|\n|t:|1781465803\n|move|p2a: Scream Tail|Wish|p2a: Scream Tail\n|move|p1a: Carbink|Moonblast|p2a: Scream Tail\n|-crit|p2a: Scream Tail\n|-damage|p2a: Scream Tail|96/330\n|\n|-heal|p2a: Scream Tail|116/330|[from] item: Leftovers\n|-heal|p1a: Carbink|89/236 brn|[from] item: Leftovers\n|-damage|p1a: Carbink|75/236 brn|[from] brn\n|upkeep\n|turn|23\n|\n|t:|1781465807\n|move|p2a: Scream Tail|Protect|p2a: Scream Tail\n|-singleturn|p2a: Scream Tail|Protect\n|move|p1a: Carbink|Moonblast|p2a: Scream Tail\n|-activate|p2a: Scream Tail|move: Protect\n|\n|-heal|p2a: Scream Tail|281/330|[from] move: Wish|[wisher] Scream Tail\n|-heal|p2a: Scream Tail|301/330|[from] item: Leftovers\n|-heal|p1a: Carbink|89/236 brn|[from] item: Leftovers\n|-damage|p1a: Carbink|75/236 brn|[from] brn\n|upkeep\n|turn|24\n|\n|t:|1781465810\n|switch|p1a: Zebstrika|Zebstrika, L87, M|272/272\n|move|p2a: Scream Tail|Wish|p2a: Scream Tail\n|\n|-heal|p2a: Scream Tail|321/330|[from] item: Leftovers\n|upkeep\n|turn|25\n|\n|t:|1781465817\n|move|p1a: Zebstrika|High Horsepower|p2a: Scream Tail\n|-damage|p2a: Scream Tail|226/330\n|-damage|p1a: Zebstrika|245/272|[from] item: Life Orb\n|move|p2a: Scream Tail|Dazzling Gleam|p1a: Zebstrika\n|-damage|p1a: Zebstrika|170/272\n|\n|-heal|p2a: Scream Tail|330/330|[from] move: Wish|[wisher] Scream Tail\n|upkeep\n|turn|26\n|\n|t:|1781465822\n|switch|p1a: Morpeko|Morpeko, L88, F|245/245\n|move|p2a: Scream Tail|Wish|p2a: Scream Tail\n|\n|-formechange|p1a: Morpeko|Morpeko-Hangry||[from] ability: Hunger Switch\n|upkeep\n|turn|27\n|\n|t:|1781465827\n|move|p2a: Scream Tail|Dazzling Gleam|p1a: Morpeko\n|-supereffective|p1a: Morpeko\n|-damage|p1a: Morpeko|87/245\n|move|p1a: Morpeko|Aura Wheel|p2a: Scream Tail\n|-damage|p2a: Scream Tail|218/330\n|-boost|p1a: Morpeko|spe|1\n|\n|-heal|p2a: Scream Tail|330/330|[from] move: Wish|[wisher] Scream Tail\n|-formechange|p1a: Morpeko|Morpeko||[from] ability: Hunger Switch\n|upkeep\n|turn|28\n|\n|t:|1781465836\n|move|p1a: Morpeko|Aura Wheel|p2a: Scream Tail\n|-damage|p2a: Scream Tail|222/330\n|-boost|p1a: Morpeko|spe|1\n|move|p2a: Scream Tail|Wish|p2a: Scream Tail\n|\n|-heal|p2a: Scream Tail|242/330|[from] item: Leftovers\n|-formechange|p1a: Morpeko|Morpeko-Hangry||[from] ability: Hunger Switch\n|upkeep\n|turn|29\n|\n|t:|1781465842\n|move|p1a: Morpeko|Aura Wheel|p2a: Scream Tail\n|-damage|p2a: Scream Tail|128/330\n|-boost|p1a: Morpeko|spe|1\n|move|p2a: Scream Tail|Dazzling Gleam|p1a: Morpeko\n|-supereffective|p1a: Morpeko\n|-damage|p1a: Morpeko|0 fnt\n|faint|p1a: Morpeko\n|\n|-heal|p2a: Scream Tail|293/330|[from] move: Wish|[wisher] Scream Tail\n|-heal|p2a: Scream Tail|313/330|[from] item: Leftovers\n|upkeep\n|-message|mundigsters forfeited.\n|\n|win|boulette de veau\n", "uploadtime": 1781465578, "views": 6, "formatid": "gen9randombattle", "rating": null, "private": 0, "password": null}