{"id": "gen9randombattle-2631520813", "format": "[Gen 9] Random Battle", "players": ["renz3554", "Z10101"], "log": "|j|\u2606renz3554\n|j|\u2606Z10101\n|t:|1781395918\n|gametype|singles\n|player|p1|renz3554|169|2037\n|player|p2|Z10101|266|2084\n|gen|9\n|tier|[Gen 9] Random Battle\n|rated|\n|rule|Species Clause: Limit one of each Pok\u00e9mon\n|rule|HP Percentage Mod: HP is shown in percentages\n|rule|Sleep Clause Mod: Limit one foe put to sleep\n|rule|Illusion Level Mod: Illusion disguises the Pok\u00e9mon's true level\n|\n|t:|1781395918\n|teamsize|p1|6\n|teamsize|p2|6\n|start\n|switch|p1a: Terapagos|Terapagos, L77, M|265/265\n|switch|p2a: Morpeko|Morpeko, L88, M|245/245\n|-activate|p1a: Terapagos|ability: Tera Shift\n|detailschange|p1a: Terapagos|Terapagos-Terastal, L77, M\n|-heal|p1a: Terapagos|273/273|[silent]\n|turn|1\n|inactive|Battle timer is ON: inactive players will automatically lose when time's up. (requested by renz3554)\n|\n|t:|1781395931\n|move|p2a: Morpeko|Rapid Spin|p1a: Terapagos\n|-activate|p1a: Terapagos|ability: Tera Shell\n|-resisted|p1a: Terapagos\n|-damage|p1a: Terapagos|257/273\n|-boost|p2a: Morpeko|spe|1\n|move|p1a: Terapagos|Calm Mind|p1a: Terapagos\n|-boost|p1a: Terapagos|spa|1\n|-boost|p1a: Terapagos|spd|1\n|\n|-formechange|p2a: Morpeko|Morpeko-Hangry||[from] ability: Hunger Switch\n|upkeep\n|turn|2\n|\n|t:|1781395934\n|move|p2a: Morpeko|Parting Shot|p1a: Terapagos\n|-unboost|p1a: Terapagos|atk|1\n|-unboost|p1a: Terapagos|spa|1\n|\n|t:|1781395939\n|switch|p2a: Gurdurr|Gurdurr, L85, M|283/283|[from] Parting Shot\n|move|p1a: Terapagos|Calm Mind|p1a: Terapagos\n|-boost|p1a: Terapagos|spa|1\n|-boost|p1a: Terapagos|spd|1\n|\n|upkeep\n|turn|3\n|\n|t:|1781395946\n|move|p1a: Terapagos|Tera Starstorm|p2a: Gurdurr\n|-crit|p2a: Gurdurr\n|-damage|p2a: Gurdurr|52/283\n|move|p2a: Gurdurr|Drain Punch|p1a: Terapagos\n|-supereffective|p1a: Terapagos\n|-damage|p1a: Terapagos|93/273\n|-heal|p2a: Gurdurr|134/283|[from] drain|[of] p1a: Terapagos\n|\n|upkeep\n|turn|4\n|\n|t:|1781395953\n|move|p2a: Gurdurr|Mach Punch|p1a: Terapagos\n|-supereffective|p1a: Terapagos\n|-damage|p1a: Terapagos|3/273\n|move|p1a: Terapagos|Rest|p1a: Terapagos\n|-status|p1a: Terapagos|slp|[from] move: Rest\n|-heal|p1a: Terapagos|273/273 slp|[silent]\n|-enditem|p1a: Terapagos|Chesto Berry|[eat]\n|-curestatus|p1a: Terapagos|slp|[msg]\n|\n|upkeep\n|turn|5\n|\n|t:|1781395962\n|move|p2a: Gurdurr|Mach Punch|p1a: Terapagos\n|-activate|p1a: Terapagos|ability: Tera Shell\n|-resisted|p1a: Terapagos\n|-damage|p1a: Terapagos|250/273\n|move|p1a: Terapagos|Tera Starstorm|p2a: Gurdurr\n|-damage|p2a: Gurdurr|0 fnt\n|faint|p2a: Gurdurr\n|\n|upkeep\n|\n|t:|1781395965\n|switch|p2a: Chesnaught|Chesnaught, L84, M|285/285\n|turn|6\n|\n|t:|1781395970\n|move|p1a: Terapagos|Calm Mind|p1a: Terapagos\n|-boost|p1a: Terapagos|spa|1\n|-boost|p1a: Terapagos|spd|1\n|move|p2a: Chesnaught|Body Press|p1a: Terapagos\n|-supereffective|p1a: Terapagos\n|-damage|p1a: Terapagos|74/273\n|\n|upkeep\n|turn|7\n|\n|t:|1781395978\n|move|p1a: Terapagos|Tera Starstorm|p2a: Chesnaught\n|-damage|p2a: Chesnaught|44/285\n|move|p2a: Chesnaught|Body Press|p1a: Terapagos\n|-supereffective|p1a: Terapagos\n|-damage|p1a: Terapagos|0 fnt\n|faint|p1a: Terapagos\n|\n|-heal|p2a: Chesnaught|61/285|[from] item: Leftovers\n|upkeep\n|\n|t:|1781395986\n|switch|p1a: Glaceon|Glaceon, L94, F|275/275\n|turn|8\n|\n|t:|1781396011\n|switch|p2a: Morpeko|Morpeko, L88, M|245/245\n|move|p1a: Glaceon|Freeze-Dry|p2a: Morpeko\n|-damage|p2a: Morpeko|103/245\n|\n|-formechange|p2a: Morpeko|Morpeko-Hangry||[from] ability: Hunger Switch\n|upkeep\n|turn|9\n|\n|t:|1781396018\n|move|p1a: Glaceon|Protect|p1a: Glaceon\n|-singleturn|p1a: Glaceon|Protect\n|move|p2a: Morpeko|Parting Shot|p1a: Glaceon\n|-activate|p1a: Glaceon|move: Protect\n|\n|-formechange|p2a: Morpeko|Morpeko||[from] ability: Hunger Switch\n|upkeep\n|turn|10\n|\n|t:|1781396022\n|move|p2a: Morpeko|Parting Shot|p1a: Glaceon\n|-unboost|p1a: Glaceon|atk|1\n|-unboost|p1a: Glaceon|spa|1\n|\n|t:|1781396025\n|switch|p2a: Glimmora|Glimmora, L75, F|248/248|[from] Parting Shot\n|move|p1a: Glaceon|Mud Shot|p2a: Glimmora\n|-supereffective|p2a: Glimmora\n|-crit|p2a: Glimmora\n|-damage|p2a: Glimmora|0 fnt\n|faint|p2a: Glimmora\n|\n|upkeep\n|\n|t:|1781396032\n|switch|p2a: Delibird|Delibird, M|252/252\n|turn|11\n|\n|t:|1781396037\n|switch|p1a: Rhydon|Rhydon, L85, M|317/317\n|move|p2a: Delibird|Brave Bird|p1a: Rhydon\n|-resisted|p1a: Rhydon\n|-damage|p1a: Rhydon|285/317\n|-damage|p2a: Delibird|241/252|[from] Recoil\n|\n|upkeep\n|turn|12\n|\n|t:|1781396042\n|switch|p2a: Chesnaught|Chesnaught, L84, M|61/285\n|move|p1a: Rhydon|Stone Edge|p2a: Chesnaught\n|-resisted|p2a: Chesnaught\n|-damage|p2a: Chesnaught|7/285\n|\n|-heal|p2a: Chesnaught|24/285|[from] item: Leftovers\n|upkeep\n|turn|13\n|\n|t:|1781396047\n|switch|p1a: Glaceon|Glaceon, L94, F|275/275\n|move|p2a: Chesnaught|Synthesis|p2a: Chesnaught\n|-heal|p2a: Chesnaught|166/285\n|\n|-heal|p2a: Chesnaught|183/285|[from] item: Leftovers\n|upkeep\n|turn|14\n|\n|t:|1781396055\n|switch|p2a: Delibird|Delibird, M|241/252\n|move|p1a: Glaceon|Freeze-Dry|p2a: Delibird\n|-damage|p2a: Delibird|79/252\n|\n|upkeep\n|turn|15\n|\n|t:|1781396059\n|move|p2a: Delibird|Brave Bird|p1a: Glaceon\n|-damage|p1a: Glaceon|179/275\n|-damage|p2a: Delibird|47/252|[from] Recoil\n|move|p1a: Glaceon|Freeze-Dry|p2a: Delibird\n|-damage|p2a: Delibird|0 fnt\n|faint|p2a: Delibird\n|\n|upkeep\n|\n|t:|1781396062\n|switch|p2a: Morpeko|Morpeko, L88, M|103/245\n|turn|16\n|\n|t:|1781396065\n|move|p2a: Morpeko|Aura Wheel|p1a: Glaceon\n|-damage|p1a: Glaceon|77/275\n|-boost|p2a: Morpeko|spe|1\n|move|p1a: Glaceon|Wish|p1a: Glaceon\n|\n|-formechange|p2a: Morpeko|Morpeko-Hangry||[from] ability: Hunger Switch\n|upkeep\n|turn|17\n|\n|t:|1781396074\n|move|p1a: Glaceon|Protect|p1a: Glaceon\n|-singleturn|p1a: Glaceon|Protect\n|move|p2a: Morpeko|Aura Wheel|p1a: Glaceon\n|-activate|p1a: Glaceon|move: Protect\n|\n|-heal|p1a: Glaceon|214/275|[from] move: Wish|[wisher] Glaceon\n|-formechange|p2a: Morpeko|Morpeko||[from] ability: Hunger Switch\n|upkeep\n|turn|18\n|\n|t:|1781396080\n|move|p2a: Morpeko|Aura Wheel|p1a: Glaceon\n|-damage|p1a: Glaceon|114/275\n|-boost|p2a: Morpeko|spe|1\n|move|p1a: Glaceon|Wish|p1a: Glaceon\n|\n|-formechange|p2a: Morpeko|Morpeko-Hangry||[from] ability: Hunger Switch\n|upkeep\n|turn|19\n|\n|t:|1781396103\n|move|p1a: Glaceon|Protect|p1a: Glaceon\n|-singleturn|p1a: Glaceon|Protect\n|move|p2a: Morpeko|Aura Wheel|p1a: Glaceon\n|-activate|p1a: Glaceon|move: Protect\n|\n|-heal|p1a: Glaceon|251/275|[from] move: Wish|[wisher] Glaceon\n|-formechange|p2a: Morpeko|Morpeko||[from] ability: Hunger Switch\n|upkeep\n|turn|20\n|\n|t:|1781396114\n|move|p2a: Morpeko|Aura Wheel|p1a: Glaceon\n|-damage|p1a: Glaceon|158/275\n|-boost|p2a: Morpeko|spe|1\n|move|p1a: Glaceon|Wish|p1a: Glaceon\n|\n|-formechange|p2a: Morpeko|Morpeko-Hangry||[from] ability: Hunger Switch\n|upkeep\n|turn|21\n|\n|t:|1781396121\n|move|p2a: Morpeko|Aura Wheel|p1a: Glaceon\n|-damage|p1a: Glaceon|55/275\n|-boost|p2a: Morpeko|spe|1\n|move|p1a: Glaceon|Freeze-Dry|p2a: Morpeko\n|-damage|p2a: Morpeko|0 fnt\n|faint|p2a: Morpeko\n|\n|-heal|p1a: Glaceon|192/275|[from] move: Wish|[wisher] Glaceon\n|upkeep\n|\n|t:|1781396136\n|switch|p2a: Toucannon|Toucannon, L88, M|284/284\n|turn|22\n|\n|t:|1781396143\n|move|p1a: Glaceon|Protect|p1a: Glaceon\n|-singleturn|p1a: Glaceon|Protect\n|move|p2a: Toucannon|Boomburst|p1a: Glaceon\n|-activate|p1a: Glaceon|move: Protect\n|\n|upkeep\n|turn|23\n|\n|t:|1781396156\n|move|p1a: Glaceon|Wish|p1a: Glaceon\n|move|p2a: Toucannon|Boomburst|p1a: Glaceon\n|-damage|p1a: Glaceon|81/275\n|\n|upkeep\n|turn|24\n|\n|t:|1781396160\n|-singleturn|p2a: Toucannon|move: Beak Blast\n|move|p1a: Glaceon|Protect|p1a: Glaceon\n|-singleturn|p1a: Glaceon|Protect\n|move|p2a: Toucannon|Beak Blast|p1a: Glaceon\n|-activate|p1a: Glaceon|move: Protect\n|\n|-heal|p1a: Glaceon|218/275|[from] move: Wish|[wisher] Glaceon\n|upkeep\n|turn|25\n|\n|t:|1781396164\n|-singleturn|p2a: Toucannon|move: Beak Blast\n|move|p1a: Glaceon|Freeze-Dry|p2a: Toucannon\n|-supereffective|p2a: Toucannon\n|-damage|p2a: Toucannon|48/284\n|-status|p2a: Toucannon|frz\n|cant|p2a: Toucannon|frz\n|\n|upkeep\n|turn|26\n|-message|Z10101 forfeited.\n|\n|win|renz3554\n", "uploadtime": 1781395919, "views": 3, "formatid": "gen9randombattle", "rating": null, "private": 0, "password": null}