{"id": "gen9randombattle-2631405152", "format": "[Gen 9] Random Battle", "players": ["ludiyolo swaggins", "Coopman35"], "log": "|j|\u2606ludiyolo swaggins\n|j|\u2606Coopman35\n|t:|1781380681\n|gametype|singles\n|player|p1|ludiyolo swaggins|clair|1961\n|player|p2|Coopman35|bruno|1946\n|gen|9\n|tier|[Gen 9] Random Battle\n|rated|\n|rule|Species Clause: Limit one of each Pok\u00e9mon\n|rule|HP Percentage Mod: HP is shown in percentages\n|rule|Sleep Clause Mod: Limit one foe put to sleep\n|rule|Illusion Level Mod: Illusion disguises the Pok\u00e9mon's true level\n|\n|t:|1781380681\n|teamsize|p1|6\n|teamsize|p2|6\n|start\n|switch|p1a: Morpeko|Morpeko, L88, F|245/245\n|switch|p2a: Krookodile|Krookodile, L79, M|280/280\n|-ability|p2a: Krookodile|Intimidate|boost\n|-unboost|p1a: Morpeko|atk|1\n|turn|1\n|\n|t:|1781380701\n|switch|p1a: Keldeo|Keldeo-Resolute, L79|273/273\n|move|p2a: Krookodile|Stealth Rock|p1a: Keldeo\n|-sidestart|p1: ludiyolo swaggins|move: Stealth Rock\n|\n|upkeep\n|turn|2\n|\n|t:|1781380710\n|switch|p2a: Vikavolt|Vikavolt, L83, M|263/263\n|move|p1a: Keldeo|Secret Sword|p2a: Vikavolt\n|-resisted|p2a: Vikavolt\n|-damage|p2a: Vikavolt|205/263\n|-damage|p1a: Keldeo|246/273|[from] item: Life Orb\n|\n|upkeep\n|turn|3\n|\n|t:|1781380725\n|switch|p1a: Eternatus|Eternatus, L69|308/308\n|-damage|p1a: Eternatus|270/308|[from] Stealth Rock\n|-ability|p1a: Eternatus|Pressure\n|move|p2a: Vikavolt|Thunderbolt|p1a: Eternatus\n|-resisted|p1a: Eternatus\n|-damage|p1a: Eternatus|194/308\n|\n|-heal|p1a: Eternatus|213/308|[from] item: Leftovers\n|upkeep\n|turn|4\n|\n|t:|1781380732\n|switch|p2a: Chandelure|Chandelure, L83, M|235/235\n|move|p1a: Eternatus|Toxic|p2a: Chandelure\n|-status|p2a: Chandelure|tox\n|\n|-heal|p1a: Eternatus|232/308|[from] item: Leftovers\n|-damage|p2a: Chandelure|221/235 tox|[from] psn\n|upkeep\n|turn|5\n|\n|t:|1781380741\n|switch|p1a: Cyclizar|Cyclizar, L83, M|252/252\n|move|p2a: Chandelure|Trick|p1a: Cyclizar\n|-activate|p2a: Chandelure|move: Trick|[of] p1a: Cyclizar\n|-item|p1a: Cyclizar|Choice Scarf|[from] move: Trick\n|-item|p2a: Chandelure|Heavy-Duty Boots|[from] move: Trick\n|\n|-damage|p2a: Chandelure|193/235 tox|[from] psn\n|upkeep\n|turn|6\n|\n|t:|1781380750\n|move|p1a: Cyclizar|Shed Tail|p1a: Cyclizar\n|-start|p1a: Cyclizar|Substitute|[from] move: Shed Tail\n|-damage|p1a: Cyclizar|126/252\n|\n|t:|1781380753\n|switch|p1a: Morpeko|Morpeko, L88, F|245/245|[from] Shed Tail\n|-damage|p1a: Morpeko|215/245|[from] Stealth Rock\n|move|p2a: Chandelure|Fire Blast|p1a: Morpeko\n|-end|p1a: Morpeko|Substitute\n|\n|-heal|p1a: Morpeko|230/245|[from] item: Leftovers\n|-damage|p2a: Chandelure|151/235 tox|[from] psn\n|-formechange|p1a: Morpeko|Morpeko-Hangry||[from] ability: Hunger Switch\n|upkeep\n|turn|7\n|\n|t:|1781380758\n|move|p1a: Morpeko|Knock Off|p2a: Chandelure\n|-supereffective|p2a: Chandelure\n|-damage|p2a: Chandelure|0 fnt\n|-enditem|p2a: Chandelure|Heavy-Duty Boots|[from] move: Knock Off|[of] p1a: Morpeko\n|faint|p2a: Chandelure\n|\n|-heal|p1a: Morpeko|245/245|[from] item: Leftovers\n|-formechange|p1a: Morpeko|Morpeko||[from] ability: Hunger Switch\n|upkeep\n|\n|t:|1781380761\n|switch|p2a: Krookodile|Krookodile, L79, M|280/280\n|-ability|p2a: Krookodile|Intimidate|boost\n|-unboost|p1a: Morpeko|atk|1\n|turn|8\n|\n|t:|1781380773\n|switch|p1a: Talonflame|Talonflame, L83, F|265/265\n|move|p2a: Krookodile|Earthquake|p1a: Talonflame\n|-immune|p1a: Talonflame\n|\n|upkeep\n|turn|9\n|\n|t:|1781380781\n|move|p1a: Talonflame|Flare Blitz|p2a: Krookodile\n|-damage|p2a: Krookodile|148/280\n|-damage|p1a: Talonflame|221/265|[from] Recoil\n|move|p2a: Krookodile|Knock Off|p1a: Talonflame\n|-damage|p1a: Talonflame|65/265\n|-enditem|p1a: Talonflame|Heavy-Duty Boots|[from] move: Knock Off|[of] p2a: Krookodile\n|-damage|p2a: Krookodile|120/280|[from] item: Life Orb\n|\n|upkeep\n|turn|10\n|\n|t:|1781380785\n|move|p1a: Talonflame|Flare Blitz|p2a: Krookodile\n|-damage|p2a: Krookodile|0 fnt\n|faint|p2a: Krookodile\n|-damage|p1a: Talonflame|25/265|[from] Recoil\n|\n|upkeep\n|\n|t:|1781380791\n|switch|p2a: Carbink|Carbink, L90|236/236\n|turn|11\n|\n|t:|1781380816\n|switch|p1a: Keldeo|Keldeo-Resolute, L79|246/273\n|-damage|p1a: Keldeo|229/273|[from] Stealth Rock\n|move|p2a: Carbink|Rock Polish|p2a: Carbink\n|-boost|p2a: Carbink|spe|2\n|\n|upkeep\n|turn|12\n|\n|t:|1781380822\n|-terastallize|p2a: Carbink|Fighting\n|move|p2a: Carbink|Iron Defense|p2a: Carbink\n|-boost|p2a: Carbink|def|2\n|move|p1a: Keldeo|Hydro Pump|p2a: Carbink\n|-damage|p2a: Carbink|141/236\n|-damage|p1a: Keldeo|202/273|[from] item: Life Orb\n|\n|-heal|p2a: Carbink|155/236|[from] item: Leftovers\n|upkeep\n|turn|13\n|\n|t:|1781380829\n|switch|p1a: Talonflame|Talonflame, L83, F|25/265\n|-damage|p1a: Talonflame|0 fnt|[from] Stealth Rock\n|faint|p1a: Talonflame\n|move|p2a: Carbink|Body Press|p1: Talonflame|[notarget]\n|-fail|p2a: Carbink\n|\n|-heal|p2a: Carbink|169/236|[from] item: Leftovers\n|upkeep\n|\n|t:|1781380838\n|switch|p1a: Eternatus|Eternatus, L69|232/308\n|-damage|p1a: Eternatus|194/308|[from] Stealth Rock\n|-ability|p1a: Eternatus|Pressure\n|turn|14\n|\n|t:|1781380840\n|move|p2a: Carbink|Moonblast|p1a: Eternatus\n|-damage|p1a: Eternatus|103/308\n|move|p1a: Eternatus|Toxic|p2a: Carbink\n|-status|p2a: Carbink|tox\n|\n|-heal|p2a: Carbink|183/236 tox|[from] item: Leftovers\n|-heal|p1a: Eternatus|122/308|[from] item: Leftovers\n|-damage|p2a: Carbink|169/236 tox|[from] psn\n|upkeep\n|turn|15\n|\n|t:|1781380846\n|move|p2a: Carbink|Body Press|p1a: Eternatus\n|-resisted|p1a: Eternatus\n|-damage|p1a: Eternatus|0 fnt\n|faint|p1a: Eternatus\n|\n|-heal|p2a: Carbink|183/236 tox|[from] item: Leftovers\n|-damage|p2a: Carbink|155/236 tox|[from] psn\n|upkeep\n|\n|t:|1781380852\n|switch|p1a: Cyclizar|Cyclizar, L83, M|210/252\n|-damage|p1a: Cyclizar|179/252|[from] Stealth Rock\n|turn|16\n|\n|t:|1781380861\n|move|p1a: Cyclizar|Shed Tail|p1a: Cyclizar\n|-start|p1a: Cyclizar|Substitute|[from] move: Shed Tail\n|-damage|p1a: Cyclizar|53/252\n|\n|t:|1781380864\n|switch|p1a: Reuniclus|Reuniclus, L88, F|337/337|[from] Shed Tail\n|move|p2a: Carbink|Body Press|p1a: Reuniclus\n|-resisted|p1a: Reuniclus\n|-end|p1a: Reuniclus|Substitute\n|\n|-heal|p2a: Carbink|169/236 tox|[from] item: Leftovers\n|-damage|p2a: Carbink|127/236 tox|[from] psn\n|upkeep\n|turn|17\n|\n|t:|1781380873\n|move|p2a: Carbink|Body Press|p1a: Reuniclus\n|-resisted|p1a: Reuniclus\n|-damage|p1a: Reuniclus|195/337\n|move|p1a: Reuniclus|Focus Blast|p2a: Carbink|[miss]\n|-miss|p1a: Reuniclus|p2a: Carbink\n|\n|-heal|p2a: Carbink|141/236 tox|[from] item: Leftovers\n|-damage|p2a: Carbink|85/236 tox|[from] psn\n|upkeep\n|turn|18\n|\n|t:|1781380880\n|move|p2a: Carbink|Body Press|p1a: Reuniclus\n|-resisted|p1a: Reuniclus\n|-damage|p1a: Reuniclus|48/337\n|move|p1a: Reuniclus|Recover|p1a: Reuniclus\n|-heal|p1a: Reuniclus|217/337\n|\n|-heal|p2a: Carbink|99/236 tox|[from] item: Leftovers\n|-damage|p2a: Carbink|29/236 tox|[from] psn\n|upkeep\n|turn|19\n|\n|t:|1781380883\n|move|p2a: Carbink|Moonblast|p1a: Reuniclus\n|-damage|p1a: Reuniclus|150/337\n|move|p1a: Reuniclus|Recover|p1a: Reuniclus\n|-heal|p1a: Reuniclus|319/337\n|\n|-heal|p2a: Carbink|43/236 tox|[from] item: Leftovers\n|-damage|p2a: Carbink|0 fnt|[from] psn\n|faint|p2a: Carbink\n|upkeep\n|\n|t:|1781380886\n|switch|p2a: Malamar|Malamar, L82, F|275/275\n|turn|20\n|\n|t:|1781380895\n|switch|p1a: Keldeo|Keldeo-Resolute, L79|202/273\n|-damage|p1a: Keldeo|185/273|[from] Stealth Rock\n|move|p2a: Malamar|Superpower|p1a: Keldeo\n|-damage|p1a: Keldeo|110/273\n|-boost|p2a: Malamar|atk|1\n|-boost|p2a: Malamar|def|1\n|\n|upkeep\n|turn|21\n|\n|t:|1781380901\n|move|p1a: Keldeo|Hydro Pump|p2a: Malamar\n|-damage|p2a: Malamar|64/275\n|-damage|p1a: Keldeo|83/273|[from] item: Life Orb\n|move|p2a: Malamar|Superpower|p1a: Keldeo\n|-crit|p1a: Keldeo\n|-damage|p1a: Keldeo|0 fnt\n|-boost|p2a: Malamar|atk|1\n|-boost|p2a: Malamar|def|1\n|faint|p1a: Keldeo\n|\n|upkeep\n|\n|t:|1781380907\n|switch|p1a: Cyclizar|Cyclizar, L83, M|137/252\n|-damage|p1a: Cyclizar|106/252|[from] Stealth Rock\n|turn|22\n|\n|t:|1781380913\n|move|p1a: Cyclizar|Draco Meteor|p2a: Malamar\n|-damage|p2a: Malamar|0 fnt\n|-unboost|p1a: Cyclizar|spa|2\n|faint|p2a: Malamar\n|\n|upkeep\n|\n|t:|1781380915\n|switch|p2a: Hitmonchan|Hitmonchan, L87, M|229/229\n|turn|23\n|\n|t:|1781380919\n|switch|p1a: Reuniclus|Reuniclus, L88, F|319/337\n|move|p2a: Hitmonchan|Rapid Spin|p1a: Reuniclus\n|-damage|p1a: Reuniclus|280/337\n|-boost|p2a: Hitmonchan|spe|1\n|\n|upkeep\n|turn|24\n|\n|t:|1781380927\n|-terastallize|p1a: Reuniclus|Steel\n|move|p2a: Hitmonchan|Knock Off|p1a: Reuniclus\n|-damage|p1a: Reuniclus|195/337\n|-enditem|p1a: Reuniclus|Life Orb|[from] move: Knock Off|[of] p2a: Hitmonchan\n|move|p1a: Reuniclus|Psyshock|p2a: Hitmonchan\n|-supereffective|p2a: Hitmonchan\n|-damage|p2a: Hitmonchan|1/229\n|\n|-heal|p2a: Hitmonchan|15/229|[from] item: Leftovers\n|upkeep\n|turn|25\n|\n|t:|1781380934\n|move|p2a: Hitmonchan|Drain Punch|p1a: Reuniclus\n|-supereffective|p1a: Reuniclus\n|-damage|p1a: Reuniclus|0 fnt\n|-heal|p2a: Hitmonchan|113/229|[from] drain|[of] p1a: Reuniclus\n|faint|p1a: Reuniclus\n|\n|-heal|p2a: Hitmonchan|127/229|[from] item: Leftovers\n|upkeep\n|\n|t:|1781380936\n|switch|p1a: Cyclizar|Cyclizar, L83, M|190/252\n|-damage|p1a: Cyclizar|159/252|[from] Stealth Rock\n|turn|26\n|\n|t:|1781380940\n|move|p1a: Cyclizar|Draco Meteor|p2a: Hitmonchan\n|-damage|p2a: Hitmonchan|34/229\n|-unboost|p1a: Cyclizar|spa|2\n|move|p2a: Hitmonchan|Drain Punch|p1a: Cyclizar\n|-supereffective|p1a: Cyclizar\n|-damage|p1a: Cyclizar|0 fnt\n|-heal|p2a: Hitmonchan|114/229|[from] drain|[of] p1a: Cyclizar\n|faint|p1a: Cyclizar\n|\n|-heal|p2a: Hitmonchan|128/229|[from] item: Leftovers\n|upkeep\n|\n|t:|1781380943\n|switch|p1a: Morpeko|Morpeko, L88, F|245/245\n|-damage|p1a: Morpeko|215/245|[from] Stealth Rock\n|turn|27\n|\n|t:|1781380946\n|move|p2a: Hitmonchan|Drain Punch|p1a: Morpeko\n|-supereffective|p1a: Morpeko\n|-damage|p1a: Morpeko|0 fnt\n|-heal|p2a: Hitmonchan|229/229|[from] drain|[of] p1a: Morpeko\n|faint|p1a: Morpeko\n|\n|win|Coopman35\n", "uploadtime": 1781380682, "views": 6, "formatid": "gen9randombattle", "rating": null, "private": 0, "password": null}