{"id": "gen9randombattle-2631437447", "format": "[Gen 9] Random Battle", "players": ["Z10101", "OGKUSHONDECK"], "log": "|j|\u2606Z10101\n|j|\u2606OGKUSHONDECK\n|t:|1781384583\n|gametype|singles\n|player|p1|Z10101|266|2109\n|player|p2|OGKUSHONDECK|biker-gen1rb|2021\n|gen|9\n|tier|[Gen 9] Random Battle\n|rated|\n|rule|Species Clause: Limit one of each Pok\u00e9mon\n|rule|HP Percentage Mod: HP is shown in percentages\n|rule|Sleep Clause Mod: Limit one foe put to sleep\n|rule|Illusion Level Mod: Illusion disguises the Pok\u00e9mon's true level\n|\n|t:|1781384583\n|teamsize|p1|6\n|teamsize|p2|6\n|start\n|switch|p1a: Quaquaval|Quaquaval, L79, M|264/264\n|switch|p2a: Torkoal|Torkoal, L88, M|266/266\n|-weather|SunnyDay|[from] ability: Drought|[of] p2a: Torkoal\n|turn|1\n|inactive|Battle timer is ON: inactive players will automatically lose when time's up. (requested by Z10101)\n|\n|t:|1781384617\n|switch|p1a: Komala|Komala, L88, M|258/258\n|-ability|p1a: Komala|Comatose\n|move|p2a: Torkoal|Solar Beam||[still]\n|-prepare|p2a: Torkoal|Solar Beam\n|-anim|p2a: Torkoal|Solar Beam|p1a: Komala\n|-damage|p1a: Komala|204/258\n|\n|-weather|SunnyDay|[upkeep]\n|upkeep\n|turn|2\n|\n|t:|1781384625\n|move|p1a: Komala|Knock Off|p2a: Torkoal\n|-damage|p2a: Torkoal|210/266\n|-enditem|p2a: Torkoal|Heavy-Duty Boots|[from] move: Knock Off|[of] p1a: Komala\n|move|p2a: Torkoal|Lava Plume|p1a: Komala\n|-crit|p1a: Komala\n|-damage|p1a: Komala|81/258\n|\n|-weather|SunnyDay|[upkeep]\n|upkeep\n|turn|3\n|\n|t:|1781384628\n|move|p1a: Komala|Body Slam|p2a: Torkoal\n|-damage|p2a: Torkoal|131/266\n|move|p2a: Torkoal|Lava Plume|p1a: Komala\n|-damage|p1a: Komala|0 fnt\n|faint|p1a: Komala\n|\n|-weather|SunnyDay|[upkeep]\n|upkeep\n|\n|t:|1781384640\n|switch|p1a: Barraskewda|Barraskewda, L81, F|235/235\n|turn|4\n|\n|t:|1781384646\n|move|p1a: Barraskewda|U-turn|p2a: Torkoal\n|-resisted|p2a: Torkoal\n|-damage|p2a: Torkoal|114/266\n|\n|t:|1781384648\n|switch|p1a: Gurdurr|Gurdurr, L85, F|283/283|[from] U-turn\n|move|p2a: Torkoal|Solar Beam||[still]\n|-prepare|p2a: Torkoal|Solar Beam\n|-anim|p2a: Torkoal|Solar Beam|p1a: Gurdurr\n|-damage|p1a: Gurdurr|199/283\n|\n|-weather|SunnyDay|[upkeep]\n|upkeep\n|turn|5\n|\n|t:|1781384658\n|move|p1a: Gurdurr|Drain Punch|p2a: Torkoal\n|-damage|p2a: Torkoal|59/266\n|-heal|p1a: Gurdurr|227/283|[from] drain|[of] p2a: Torkoal\n|move|p2a: Torkoal|Stealth Rock|p1a: Gurdurr\n|-sidestart|p1: Z10101|move: Stealth Rock\n|\n|-weather|none\n|upkeep\n|turn|6\n|\n|t:|1781384668\n|switch|p2a: Venomoth|Venomoth, L84, F|255/255\n|move|p1a: Gurdurr|Bulk Up|p1a: Gurdurr\n|-boost|p1a: Gurdurr|atk|1\n|-boost|p1a: Gurdurr|def|1\n|\n|upkeep\n|turn|7\n|\n|t:|1781384679\n|move|p2a: Venomoth|Sleep Powder|p1a: Gurdurr\n|-status|p1a: Gurdurr|slp|[from] move: Sleep Powder\n|cant|p1a: Gurdurr|slp\n|\n|upkeep\n|turn|8\n|\n|t:|1781384693\n|switch|p1a: Quaquaval|Quaquaval, L79, M|264/264\n|-damage|p1a: Quaquaval|248/264|[from] Stealth Rock\n|move|p2a: Venomoth|Quiver Dance|p2a: Venomoth\n|-boost|p2a: Venomoth|spa|1\n|-boost|p2a: Venomoth|spd|1\n|-boost|p2a: Venomoth|spe|1\n|\n|upkeep\n|turn|9\n|\n|t:|1781384707\n|move|p2a: Venomoth|Sludge Wave|p1a: Quaquaval\n|-damage|p1a: Quaquaval|77/264\n|move|p1a: Quaquaval|Aqua Step|p2a: Venomoth\n|-damage|p2a: Venomoth|113/255\n|-boost|p1a: Quaquaval|spe|1\n|-damage|p1a: Quaquaval|51/264|[from] item: Life Orb\n|\n|upkeep\n|turn|10\n|\n|t:|1781384721\n|move|p2a: Venomoth|Bug Buzz|p1a: Quaquaval\n|-resisted|p1a: Quaquaval\n|-damage|p1a: Quaquaval|0 fnt\n|faint|p1a: Quaquaval\n|\n|upkeep\n|\n|t:|1781384726\n|switch|p1a: Exeggutor|Exeggutor, L89, M|312/312\n|-damage|p1a: Exeggutor|273/312|[from] Stealth Rock\n|turn|11\n|\n|t:|1781384736\n|-terastallize|p1a: Exeggutor|Steel\n|move|p2a: Venomoth|Bug Buzz|p1a: Exeggutor\n|-resisted|p1a: Exeggutor\n|-damage|p1a: Exeggutor|125/312\n|-unboost|p1a: Exeggutor|spd|1\n|-enditem|p1a: Exeggutor|Sitrus Berry|[eat]\n|-heal|p1a: Exeggutor|203/312|[from] item: Sitrus Berry\n|move|p1a: Exeggutor|Leech Seed|p2a: Venomoth\n|-start|p2a: Venomoth|move: Leech Seed\n|\n|-damage|p2a: Venomoth|82/255|[from] Leech Seed|[of] p1a: Exeggutor\n|-heal|p1a: Exeggutor|234/312|[silent]\n|upkeep\n|turn|12\n|\n|t:|1781384749\n|move|p2a: Venomoth|Bug Buzz|p1a: Exeggutor\n|-resisted|p1a: Exeggutor\n|-damage|p1a: Exeggutor|26/312\n|move|p1a: Exeggutor|Psychic Noise|p2a: Venomoth\n|-supereffective|p2a: Venomoth\n|-damage|p2a: Venomoth|0 fnt\n|faint|p2a: Venomoth\n|\n|upkeep\n|\n|t:|1781384772\n|switch|p2a: Miraidon|Miraidon, L65|238/238\n|-fieldstart|move: Electric Terrain|[from] ability: Hadron Engine|[of] p2a: Miraidon\n|turn|13\n|\n|t:|1781384781\n|move|p1a: Exeggutor|Protect|p1a: Exeggutor\n|-singleturn|p1a: Exeggutor|Protect\n|move|p2a: Miraidon|Electro Drift|p1a: Exeggutor\n|-activate|p1a: Exeggutor|move: Protect\n|\n|-item|p1a: Exeggutor|Sitrus Berry|[from] ability: Harvest\n|upkeep\n|-enditem|p1a: Exeggutor|Sitrus Berry|[eat]\n|-heal|p1a: Exeggutor|104/312|[from] item: Sitrus Berry\n|turn|14\n|\n|t:|1781384801\n|switch|p1a: Gurdurr|Gurdurr, L85, F|227/283 slp\n|-damage|p1a: Gurdurr|210/283 slp|[from] Stealth Rock\n|move|p2a: Miraidon|Electro Drift|p1a: Gurdurr\n|-crit|p1a: Gurdurr\n|-damage|p1a: Gurdurr|0 fnt\n|faint|p1a: Gurdurr\n|\n|upkeep\n|\n|t:|1781384816\n|switch|p1a: Barraskewda|Barraskewda, L81, F|235/235\n|-damage|p1a: Barraskewda|206/235|[from] Stealth Rock\n|turn|15\n|\n|t:|1781384828\n|switch|p2a: Munkidori|Munkidori, L79, M|269/269\n|move|p1a: Barraskewda|Dark Pulse|p2a: Munkidori\n|-supereffective|p2a: Munkidori\n|-damage|p2a: Munkidori|75/269\n|\n|upkeep\n|turn|16\n|\n|t:|1781384832\n|move|p2a: Munkidori|Fake Out|p1a: Barraskewda\n|-damage|p1a: Barraskewda|178/235\n|replace|p1a: Zoroark|Zoroark, L83, F\n|-end|p1a: Zoroark|Illusion\n|-hint|Illusion Level Mod is active, so this Pok\u00e9mon's true level was hidden.\n|-status|p1a: Zoroark|tox|[from] ability: Toxic Chain|[of] p2a: Munkidori\n|cant|p1a: Zoroark|flinch\n|\n|-damage|p1a: Zoroark|164/235 tox|[from] psn\n|upkeep\n|turn|17\n|\n|t:|1781384838\n|switch|p2a: Crawdaunt|Crawdaunt, L84, F|243/243\n|move|p1a: Zoroark|Dark Pulse|p2a: Crawdaunt\n|-resisted|p2a: Crawdaunt\n|-damage|p2a: Crawdaunt|146/243\n|\n|-damage|p1a: Zoroark|136/235 tox|[from] psn\n|-fieldend|move: Electric Terrain\n|upkeep\n|turn|18\n|\n|t:|1781384846\n|switch|p1a: Exeggutor|Exeggutor, L89, M, tera:Steel|104/312\n|-damage|p1a: Exeggutor|85/312|[from] Stealth Rock\n|move|p2a: Crawdaunt|Aqua Jet|p1a: Exeggutor\n|-damage|p1a: Exeggutor|0 fnt\n|faint|p1a: Exeggutor\n|\n|upkeep\n|\n|t:|1781384855\n|switch|p1a: Barraskewda|Barraskewda, L81, F|231/231\n|-damage|p1a: Barraskewda|203/231|[from] Stealth Rock\n|turn|19\n|\n|t:|1781384863\n|move|p2a: Crawdaunt|Aqua Jet|p1a: Barraskewda\n|-resisted|p1a: Barraskewda\n|-damage|p1a: Barraskewda|140/231\n|move|p1a: Barraskewda|Close Combat|p2a: Crawdaunt\n|-supereffective|p2a: Crawdaunt\n|-damage|p2a: Crawdaunt|0 fnt\n|-unboost|p1a: Barraskewda|def|1\n|-unboost|p1a: Barraskewda|spd|1\n|faint|p2a: Crawdaunt\n|\n|upkeep\n|\n|t:|1781384868\n|switch|p2a: Miraidon|Miraidon, L65|238/238\n|-fieldstart|move: Electric Terrain|[from] ability: Hadron Engine|[of] p2a: Miraidon\n|turn|20\n|\n|t:|1781384878\n|move|p1a: Barraskewda|Close Combat|p2a: Miraidon\n|-damage|p2a: Miraidon|79/238\n|-unboost|p1a: Barraskewda|def|1\n|-unboost|p1a: Barraskewda|spd|1\n|move|p2a: Miraidon|Volt Switch|p1a: Barraskewda\n|-supereffective|p1a: Barraskewda\n|-damage|p1a: Barraskewda|0 fnt\n|faint|p1a: Barraskewda\n|\n|t:|1781384888\n|switch|p2a: Munkidori|Munkidori, L79, M|75/269|[from] Volt Switch\n|\n|upkeep\n|\n|t:|1781384890\n|switch|p1a: Zoroark|Zoroark, L83, F|136/235 tox\n|-damage|p1a: Zoroark|107/235 tox|[from] Stealth Rock\n|turn|21\n|\n|t:|1781384893\n|move|p2a: Munkidori|Fake Out|p1a: Zoroark\n|-damage|p1a: Zoroark|81/235 tox\n|cant|p1a: Zoroark|flinch\n|\n|-damage|p1a: Zoroark|67/235 tox|[from] psn\n|upkeep\n|turn|22\n|\n|t:|1781384895\n|switch|p2a: Torkoal|Torkoal, L88, M|59/266\n|-weather|SunnyDay|[from] ability: Drought|[of] p2a: Torkoal\n|move|p1a: Zoroark|Dark Pulse|p2a: Torkoal\n|-damage|p2a: Torkoal|0 fnt\n|faint|p2a: Torkoal\n|\n|-weather|SunnyDay|[upkeep]\n|-damage|p1a: Zoroark|39/235 tox|[from] psn\n|upkeep\n|\n|t:|1781384897\n|switch|p2a: Munkidori|Munkidori, L79, M|75/269\n|turn|23\n|\n|t:|1781384898\n|move|p2a: Munkidori|Fake Out|p1a: Zoroark\n|-damage|p1a: Zoroark|13/235 tox\n|cant|p1a: Zoroark|flinch\n|\n|-weather|SunnyDay|[upkeep]\n|-damage|p1a: Zoroark|0 fnt|[from] psn\n|faint|p1a: Zoroark\n|\n|win|OGKUSHONDECK\n", "uploadtime": 1781384585, "views": 8, "formatid": "gen9randombattle", "rating": null, "private": 0, "password": null}