{"id": "gen9randombattle-2631548483", "format": "[Gen 9] Random Battle", "players": ["JayCroc", "Petilil37"], "log": "|j|\u2606JayCroc\n|j|\u203dPetilil37\n|t:|1781399753\n|gametype|singles\n|player|p1|JayCroc|ivor|2028\n|player|p2|Petilil37|266|2068\n|gen|9\n|tier|[Gen 9] Random Battle\n|rated|\n|rule|Species Clause: Limit one of each Pok\u00e9mon\n|rule|HP Percentage Mod: HP is shown in percentages\n|rule|Sleep Clause Mod: Limit one foe put to sleep\n|rule|Illusion Level Mod: Illusion disguises the Pok\u00e9mon's true level\n|\n|t:|1781399754\n|teamsize|p1|6\n|teamsize|p2|6\n|start\n|switch|p1a: Slither Wing|Slither Wing, L81|270/270\n|switch|p2a: Tornadus|Tornadus, L82, M|263/263\n|turn|1\n|\n|t:|1781399762\n|-end|p1a: Slither Wing|Protosynthesis|[silent]\n|switch|p1a: Regice|Regice, L88|284/284\n|move|p2a: Tornadus|U-turn|p1a: Regice\n|-damage|p1a: Regice|239/284\n|\n|t:|1781399764\n|switch|p2a: Heracross|Heracross, L80, F|259/259|[from] U-turn\n|\n|upkeep\n|turn|2\n|\n|t:|1781399771\n|switch|p1a: Ariados|Ariados, L95, F|287/287\n|move|p2a: Heracross|Close Combat|p1a: Ariados\n|-resisted|p1a: Ariados\n|-damage|p1a: Ariados|227/287\n|-unboost|p2a: Heracross|def|1\n|-unboost|p2a: Heracross|spd|1\n|\n|upkeep\n|turn|3\n|\n|t:|1781399794\n|switch|p2a: Tornadus|Tornadus, L82, M|263/263\n|move|p1a: Ariados|Sticky Web|p2a: Tornadus\n|-sidestart|p2: Petilil37|move: Sticky Web\n|\n|upkeep\n|turn|4\n|\n|t:|1781399799\n|move|p2a: Tornadus|Bleakwind Storm|p1a: Ariados\n|-supereffective|p1a: Ariados\n|-damage|p1a: Ariados|0 fnt\n|faint|p1a: Ariados\n|\n|upkeep\n|\n|t:|1781399804\n|switch|p1a: Bellibolt|Bellibolt, L84, F|320/320\n|turn|5\n|\n|t:|1781399831\n|switch|p2a: Donphan|Donphan, L84, M|288/288\n|-activate|p2a: Donphan|move: Sticky Web\n|-unboost|p2a: Donphan|spe|1\n|move|p1a: Bellibolt|Toxic|p2a: Donphan|[miss]\n|-miss|p1a: Bellibolt|p2a: Donphan\n|\n|upkeep\n|turn|6\n|\n|t:|1781399856\n|move|p1a: Bellibolt|Muddy Water|p2a: Donphan|[miss]\n|-miss|p1a: Bellibolt|p2a: Donphan\n|move|p2a: Donphan|Rapid Spin|p1a: Bellibolt\n|-damage|p1a: Bellibolt|279/320\n|-boost|p2a: Donphan|spe|1\n|-start|p1a: Bellibolt|Charge|Rapid Spin|[from] ability: Electromorphosis\n|-sideend|p2: Petilil37|Sticky Web|[from] move: Rapid Spin|[of] p2a: Donphan\n|\n|-heal|p1a: Bellibolt|299/320|[from] item: Leftovers\n|upkeep\n|turn|7\n|inactive|Battle timer is ON: inactive players will automatically lose when time's up. (requested by JayCroc)\n|inactive|Petilil37 has 120 seconds left.\n|\n|t:|1781399917\n|switch|p1a: Regice|Regice, L88|239/284\n|move|p2a: Donphan|Earthquake|p1a: Regice\n|-damage|p1a: Regice|137/284\n|\n|upkeep\n|turn|8\n|\n|t:|1781399927\n|switch|p2a: Heracross|Heracross, L80, F|259/259\n|move|p1a: Regice|Ice Beam|p2a: Heracross\n|-crit|p2a: Heracross\n|-damage|p2a: Heracross|88/259\n|\n|upkeep\n|turn|9\n|\n|t:|1781399935\n|move|p2a: Heracross|Close Combat|p1a: Regice\n|-supereffective|p1a: Regice\n|-damage|p1a: Regice|0 fnt\n|-unboost|p2a: Heracross|def|1\n|-unboost|p2a: Heracross|spd|1\n|faint|p1a: Regice\n|-ability|p2a: Heracross|Moxie|boost\n|-boost|p2a: Heracross|atk|1\n|\n|upkeep\n|\n|t:|1781399942\n|switch|p1a: Slither Wing|Slither Wing, L81|270/270\n|turn|10\n|\n|t:|1781399955\n|switch|p2a: Tornadus|Tornadus, L82, M|263/263\n|move|p1a: Slither Wing|First Impression|p2a: Tornadus\n|-resisted|p2a: Tornadus\n|-damage|p2a: Tornadus|180/263\n|-damage|p1a: Slither Wing|243/270|[from] item: Life Orb\n|\n|upkeep\n|turn|11\n|\n|t:|1781399962\n|-end|p1a: Slither Wing|Protosynthesis|[silent]\n|switch|p1a: Bellibolt|Bellibolt, L84, F|299/320\n|move|p2a: Tornadus|U-turn|p1a: Bellibolt\n|-damage|p1a: Bellibolt|250/320\n|-start|p1a: Bellibolt|Charge|U-turn|[from] ability: Electromorphosis\n|\n|t:|1781399971\n|switch|p2a: Grumpig|Grumpig, L92, M|297/297|[from] U-turn\n|\n|-heal|p1a: Bellibolt|270/320|[from] item: Leftovers\n|upkeep\n|turn|12\n|\n|t:|1781399977\n|move|p2a: Grumpig|Trick|p1a: Bellibolt\n|-activate|p2a: Grumpig|move: Trick|[of] p1a: Bellibolt\n|-item|p1a: Bellibolt|Choice Scarf|[from] move: Trick\n|-item|p2a: Grumpig|Leftovers|[from] move: Trick\n|move|p1a: Bellibolt|Toxic|p2a: Grumpig\n|-status|p2a: Grumpig|tox\n|\n|-damage|p2a: Grumpig|279/297 tox|[from] psn\n|upkeep\n|turn|13\n|\n|t:|1781399990\n|switch|p1a: Squawkabilly|Squawkabilly, L85, F|278/278\n|move|p2a: Grumpig|Psychic|p1a: Squawkabilly\n|-damage|p1a: Squawkabilly|127/278\n|\n|-heal|p2a: Grumpig|297/297 tox|[from] item: Leftovers\n|-damage|p2a: Grumpig|261/297 tox|[from] psn\n|-status|p1a: Squawkabilly|brn|[from] item: Flame Orb\n|upkeep\n|turn|14\n|\n|t:|1781400004\n|switch|p2a: Heracross|Heracross, L80, F|88/259\n|move|p1a: Squawkabilly|Facade|p2a: Heracross\n|-damage|p2a: Heracross|0 fnt\n|faint|p2a: Heracross\n|\n|-damage|p1a: Squawkabilly|110/278 brn|[from] brn\n|upkeep\n|\n|t:|1781400009\n|switch|p2a: Tornadus|Tornadus, L82, M|180/263\n|turn|15\n|\n|t:|1781400013\n|switch|p1a: Bellibolt|Bellibolt, L84, F|270/320\n|move|p2a: Tornadus|Heat Wave|p1a: Bellibolt\n|-damage|p1a: Bellibolt|146/320\n|-start|p1a: Bellibolt|Charge|Heat Wave|[from] ability: Electromorphosis\n|\n|upkeep\n|turn|16\n|\n|t:|1781400020\n|switch|p2a: Dragalge|Dragalge, L88, F|258/258\n|move|p1a: Bellibolt|Muddy Water|p2a: Dragalge|[miss]\n|-miss|p1a: Bellibolt|p2a: Dragalge\n|\n|upkeep\n|turn|17\n|\n|t:|1781400025\n|move|p1a: Bellibolt|Muddy Water|p2a: Dragalge\n|-resisted|p2a: Dragalge\n|-damage|p2a: Dragalge|242/258\n|-unboost|p2a: Dragalge|accuracy|1\n|move|p2a: Dragalge|Sludge Wave|p1a: Bellibolt\n|-damage|p1a: Bellibolt|4/320\n|-start|p1a: Bellibolt|Charge|Sludge Wave|[from] ability: Electromorphosis\n|\n|upkeep\n|turn|18\n|inactive|Petilil37 has 120 seconds left.\n|\n|t:|1781400067\n|move|p1a: Bellibolt|Muddy Water|p2a: Dragalge\n|-resisted|p2a: Dragalge\n|-damage|p2a: Dragalge|227/258\n|-unboost|p2a: Dragalge|accuracy|1\n|move|p2a: Dragalge|Sludge Wave|p1a: Bellibolt|[miss]\n|-miss|p2a: Dragalge|p1a: Bellibolt\n|\n|upkeep\n|turn|19\n|\n|t:|1781400074\n|switch|p1a: Squawkabilly|Squawkabilly, L85, F|110/278 brn\n|move|p2a: Dragalge|Sludge Wave|p1a: Squawkabilly|[miss]\n|-miss|p2a: Dragalge|p1a: Squawkabilly\n|\n|-damage|p1a: Squawkabilly|93/278 brn|[from] brn\n|upkeep\n|turn|20\n|inactive|Petilil37 has 120 seconds left.\n|\n|t:|1781400086\n|switch|p2a: Slaking|Slaking, L84, F|389/389\n|move|p1a: Squawkabilly|Facade|p2a: Slaking\n|-damage|p2a: Slaking|173/389\n|\n|-damage|p1a: Squawkabilly|76/278 brn|[from] brn\n|upkeep\n|turn|21\n|\n|t:|1781400093\n|switch|p1a: Bellibolt|Bellibolt, L84, F|4/320\n|move|p2a: Slaking|Double-Edge|p1a: Bellibolt\n|-damage|p1a: Bellibolt|0 fnt\n|faint|p1a: Bellibolt\n|-damage|p2a: Slaking|172/389|[from] Recoil\n|\n|upkeep\n|\n|t:|1781400099\n|switch|p1a: Feraligatr|Feraligatr, L79, M|264/264\n|turn|22\n|\n|t:|1781400107\n|switch|p2a: Dragalge|Dragalge, L88, F|227/258\n|move|p1a: Feraligatr|Dragon Dance|p1a: Feraligatr\n|-boost|p1a: Feraligatr|atk|1\n|-boost|p1a: Feraligatr|spe|1\n|\n|upkeep\n|turn|23\n|\n|t:|1781400124\n|-terastallize|p2a: Dragalge|Fighting\n|move|p1a: Feraligatr|Ice Punch|p2a: Dragalge\n|-damage|p2a: Dragalge|107/258\n|move|p2a: Dragalge|Dragon Tail|p1a: Feraligatr\n|-damage|p1a: Feraligatr|207/264\n|drag|p1a: Slither Wing|Slither Wing, L81|243/270\n|\n|upkeep\n|turn|24\n|\n|t:|1781400133\n|move|p1a: Slither Wing|First Impression|p2a: Dragalge\n|-resisted|p2a: Dragalge\n|-damage|p2a: Dragalge|38/258\n|-damage|p1a: Slither Wing|216/270|[from] item: Life Orb\n|move|p2a: Dragalge|Draco Meteor|p1a: Slither Wing\n|-damage|p1a: Slither Wing|84/270\n|-unboost|p2a: Dragalge|spa|2\n|\n|upkeep\n|turn|25\n|\n|t:|1781400141\n|move|p1a: Slither Wing|U-turn|p2a: Dragalge\n|-resisted|p2a: Dragalge\n|-damage|p2a: Dragalge|0 fnt\n|faint|p2a: Dragalge\n|-damage|p1a: Slither Wing|57/270|[from] item: Life Orb\n|\n|t:|1781400146\n|-end|p1a: Slither Wing|Protosynthesis|[silent]\n|switch|p1a: Squawkabilly|Squawkabilly, L85, F|76/278 brn|[from] U-turn\n|\n|-damage|p1a: Squawkabilly|59/278 brn|[from] brn\n|upkeep\n|\n|t:|1781400155\n|switch|p2a: Tornadus|Tornadus, L82, M|180/263\n|turn|26\n|\n|t:|1781400163\n|move|p1a: Squawkabilly|Quick Attack|p2a: Tornadus\n|-damage|p2a: Tornadus|99/263\n|move|p2a: Tornadus|U-turn|p1a: Squawkabilly\n|-resisted|p1a: Squawkabilly\n|-damage|p1a: Squawkabilly|22/278 brn\n|\n|t:|1781400173\n|switch|p2a: Grumpig|Grumpig, L92, M|261/297 tox|[from] U-turn\n|\n|-heal|p2a: Grumpig|279/297 tox|[from] item: Leftovers\n|-damage|p2a: Grumpig|261/297 tox|[from] psn\n|-damage|p1a: Squawkabilly|5/278 brn|[from] brn\n|upkeep\n|turn|27\n|\n|t:|1781400180\n|switch|p2a: Slaking|Slaking, L84, F|172/389\n|move|p1a: Squawkabilly|Facade|p2a: Slaking\n|-damage|p2a: Slaking|0 fnt\n|faint|p2a: Slaking\n|\n|-damage|p1a: Squawkabilly|0 fnt|[from] brn\n|faint|p1a: Squawkabilly\n|upkeep\n|\n|t:|1781400189\n|switch|p2a: Tornadus|Tornadus, L82, M|99/263\n|switch|p1a: Slither Wing|Slither Wing, L81|57/270\n|turn|28\n|\n|t:|1781400204\n|-terastallize|p1a: Slither Wing|Bug\n|move|p1a: Slither Wing|First Impression|p2a: Tornadus\n|-resisted|p2a: Tornadus\n|-damage|p2a: Tornadus|0 fnt\n|faint|p2a: Tornadus\n|-damage|p1a: Slither Wing|30/270|[from] item: Life Orb\n|\n|upkeep\n|\n|t:|1781400210\n|switch|p2a: Grumpig|Grumpig, L92, M|261/297 tox\n|turn|29\n|\n|t:|1781400213\n|move|p2a: Grumpig|Psychic|p1a: Slither Wing\n|-damage|p1a: Slither Wing|0 fnt\n|faint|p1a: Slither Wing\n|-end|p1a: Slither Wing|Protosynthesis|[silent]\n|\n|-heal|p2a: Grumpig|279/297 tox|[from] item: Leftovers\n|-damage|p2a: Grumpig|261/297 tox|[from] psn\n|upkeep\n|\n|t:|1781400219\n|switch|p1a: Feraligatr|Feraligatr, L79, M|207/264\n|turn|30\n|\n|t:|1781400222\n|move|p2a: Grumpig|Psychic|p1a: Feraligatr\n|-damage|p1a: Feraligatr|86/264\n|move|p1a: Feraligatr|Dragon Dance|p1a: Feraligatr\n|-boost|p1a: Feraligatr|atk|1\n|-boost|p1a: Feraligatr|spe|1\n|\n|-heal|p2a: Grumpig|279/297 tox|[from] item: Leftovers\n|-damage|p2a: Grumpig|243/297 tox|[from] psn\n|upkeep\n|turn|31\n|\n|t:|1781400230\n|move|p1a: Feraligatr|Crunch|p2a: Grumpig\n|-supereffective|p2a: Grumpig\n|-damage|p2a: Grumpig|0 fnt\n|faint|p2a: Grumpig\n|\n|upkeep\n|\n|t:|1781400232\n|switch|p2a: Donphan|Donphan, L84, M|288/288\n|turn|32\n|\n|t:|1781400236\n|move|p1a: Feraligatr|Liquidation|p2a: Donphan\n|-supereffective|p2a: Donphan\n|-ability|p2a: Donphan|Sturdy\n|-damage|p2a: Donphan|1/288\n|move|p2a: Donphan|Earthquake|p1a: Feraligatr\n|-damage|p1a: Feraligatr|0 fnt\n|faint|p1a: Feraligatr\n|\n|win|Petilil37\n", "uploadtime": 1781399755, "views": 3, "formatid": "gen9randombattle", "rating": null, "private": 0, "password": null}