{"id": "gen9randombattle-2631688796", "format": "[Gen 9] Random Battle", "players": ["who's jellies?", "pan1535"], "log": "|j|\u2606who's jellies?\n|j|\u2606pan1535\n|t:|1781422156\n|gametype|singles\n|player|p1|who's jellies?|swimmer|1376\n|player|p2|pan1535|pokefan-gen4|1391\n|gen|9\n|tier|[Gen 9] Random Battle\n|rated|\n|rule|Species Clause: Limit one of each Pok\u00e9mon\n|rule|HP Percentage Mod: HP is shown in percentages\n|rule|Sleep Clause Mod: Limit one foe put to sleep\n|rule|Illusion Level Mod: Illusion disguises the Pok\u00e9mon's true level\n|\n|t:|1781422156\n|teamsize|p1|6\n|teamsize|p2|6\n|start\n|switch|p1a: Koraidon|Koraidon, L64|235/235\n|switch|p2a: Dewgong|Dewgong, L94, M|322/322\n|-weather|SunnyDay|[from] ability: Orichalcum Pulse|[of] p1a: Koraidon\n|-activate|p1a: Koraidon|Orichalcum Pulse|[source]\n|turn|1\n|inactive|Battle timer is ON: inactive players will automatically lose when time's up. (requested by pan1535)\n|\n|t:|1781422176\n|switch|p2a: Delphox|Delphox, L84, F|263/263\n|move|p1a: Koraidon|U-turn|p2a: Delphox\n|-damage|p2a: Delphox|169/263\n|\n|t:|1781422187\n|switch|p1a: Dondozo|Dondozo, L78, F|362/362|[from] U-turn\n|\n|-weather|SunnyDay|[upkeep]\n|upkeep\n|turn|2\n|\n|t:|1781422208\n|switch|p2a: Dewgong|Dewgong, L94, M|322/322\n|move|p1a: Dondozo|Wave Crash|p2a: Dewgong\n|-resisted|p2a: Dewgong\n|-damage|p2a: Dewgong|292/322\n|-damage|p1a: Dondozo|352/362|[from] Recoil\n|\n|-weather|SunnyDay|[upkeep]\n|-heal|p1a: Dondozo|362/362|[from] item: Leftovers\n|upkeep\n|turn|3\n|\n|t:|1781422227\n|switch|p1a: Meloetta|Meloetta, L82|298/298\n|move|p2a: Dewgong|Encore||[still]\n|-fail|p2a: Dewgong\n|\n|-weather|SunnyDay|[upkeep]\n|upkeep\n|turn|4\n|\n|t:|1781422236\n|move|p1a: Meloetta|Knock Off|p2a: Dewgong\n|-damage|p2a: Dewgong|221/322\n|-enditem|p2a: Dewgong|Heavy-Duty Boots|[from] move: Knock Off|[of] p1a: Meloetta\n|-damage|p1a: Meloetta|269/298|[from] item: Life Orb\n|move|p2a: Dewgong|Hydro Pump|p1a: Meloetta\n|-damage|p1a: Meloetta|224/298\n|\n|-weather|SunnyDay|[upkeep]\n|upkeep\n|turn|5\n|\n|t:|1781422250\n|move|p1a: Meloetta|Close Combat|p2a: Dewgong\n|-supereffective|p2a: Dewgong\n|-damage|p2a: Dewgong|49/322\n|-unboost|p1a: Meloetta|def|1\n|-unboost|p1a: Meloetta|spd|1\n|-damage|p1a: Meloetta|195/298|[from] item: Life Orb\n|move|p2a: Dewgong|Encore|p1a: Meloetta\n|-start|p1a: Meloetta|Encore\n|\n|-weather|none\n|upkeep\n|turn|6\n|\n|t:|1781422268\n|switch|p1a: Dondozo|Dondozo, L78, F|362/362\n|switch|p2a: Delphox|Delphox, L84, F|169/263\n|\n|upkeep\n|turn|7\n|\n|t:|1781422284\n|move|p2a: Delphox|Nasty Plot|p2a: Delphox\n|-boost|p2a: Delphox|spa|2\n|move|p1a: Dondozo|Wave Crash|p2a: Delphox\n|-supereffective|p2a: Delphox\n|-damage|p2a: Delphox|0 fnt\n|faint|p2a: Delphox\n|-damage|p1a: Dondozo|306/362|[from] Recoil\n|\n|-heal|p1a: Dondozo|328/362|[from] item: Leftovers\n|upkeep\n|\n|t:|1781422291\n|switch|p2a: Qwilfish|Qwilfish-Hisui, L83, M|244/244\n|-ability|p2a: Qwilfish|Intimidate|boost\n|-unboost|p1a: Dondozo|atk|1\n|turn|8\n|\n|t:|1781422299\n|switch|p1a: Vespiquen|Vespiquen, L99, F|299/299\n|-ability|p1a: Vespiquen|Pressure\n|move|p2a: Qwilfish|Spikes|p1a: Vespiquen\n|-sidestart|p1: who's jellies?|Spikes\n|\n|upkeep\n|turn|9\n|\n|t:|1781422314\n|move|p2a: Qwilfish|Spikes|p1a: Vespiquen\n|-sidestart|p1: who's jellies?|Spikes\n|move|p1a: Vespiquen|Spikes|p2a: Qwilfish\n|-sidestart|p2: pan1535|Spikes\n|\n|upkeep\n|turn|10\n|\n|t:|1781422327\n|move|p2a: Qwilfish|Spikes|p1a: Vespiquen\n|-sidestart|p1: who's jellies?|Spikes\n|move|p1a: Vespiquen|Spikes|p2a: Qwilfish\n|-sidestart|p2: pan1535|Spikes\n|\n|upkeep\n|turn|11\n|\n|t:|1781422332\n|move|p2a: Qwilfish|Taunt|p1a: Vespiquen\n|-start|p1a: Vespiquen|move: Taunt\n|cant|p1a: Vespiquen|move: Taunt|Spikes\n|\n|upkeep\n|turn|12\n|\n|t:|1781422338\n|move|p2a: Qwilfish|Gunk Shot|p1a: Vespiquen|[miss]\n|-miss|p2a: Qwilfish|p1a: Vespiquen\n|move|p1a: Vespiquen|Hurricane|p2a: Qwilfish\n|-damage|p2a: Qwilfish|123/244\n|-start|p2a: Qwilfish|confusion\n|\n|upkeep\n|turn|13\n|\n|t:|1781422365\n|-activate|p2a: Qwilfish|confusion\n|move|p2a: Qwilfish|Gunk Shot|p1a: Vespiquen\n|-damage|p1a: Vespiquen|200/299\n|-status|p1a: Vespiquen|psn\n|move|p1a: Vespiquen|Hurricane|p2a: Qwilfish|[miss]\n|-miss|p1a: Vespiquen|p2a: Qwilfish\n|\n|-damage|p1a: Vespiquen|163/299 psn|[from] psn\n|-end|p1a: Vespiquen|move: Taunt\n|upkeep\n|turn|14\n|inactive|who's jellies? has 120 seconds left.\n|\n|t:|1781422388\n|-activate|p2a: Qwilfish|confusion\n|-damage|p2a: Qwilfish|93/244|[from] confusion\n|move|p1a: Vespiquen|Hurricane|p2a: Qwilfish\n|-damage|p2a: Qwilfish|0 fnt\n|faint|p2a: Qwilfish\n|\n|-damage|p1a: Vespiquen|126/299 psn|[from] psn\n|upkeep\n|\n|t:|1781422392\n|switch|p2a: Dewgong|Dewgong, L94, M|49/322\n|-damage|p2a: Dewgong|0 fnt|[from] Spikes\n|faint|p2a: Dewgong\n|\n|t:|1781422401\n|switch|p2a: Gothitelle|Gothitelle, L90, F|272/272\n|-damage|p2a: Gothitelle|227/272|[from] Spikes\n|turn|15\n|\n|t:|1781422408\n|move|p2a: Gothitelle|Calm Mind|p2a: Gothitelle\n|-boost|p2a: Gothitelle|spa|1\n|-boost|p2a: Gothitelle|spd|1\n|move|p1a: Vespiquen|Toxic Spikes|p2a: Gothitelle\n|-sidestart|p2: pan1535|move: Toxic Spikes\n|\n|-heal|p2a: Gothitelle|244/272|[from] item: Leftovers\n|-damage|p1a: Vespiquen|89/299 psn|[from] psn\n|upkeep\n|turn|16\n|\n|t:|1781422417\n|move|p2a: Gothitelle|Calm Mind|p2a: Gothitelle\n|-boost|p2a: Gothitelle|spa|1\n|-boost|p2a: Gothitelle|spd|1\n|move|p1a: Vespiquen|Hurricane|p2a: Gothitelle\n|-damage|p2a: Gothitelle|184/272\n|-start|p2a: Gothitelle|confusion\n|\n|-heal|p2a: Gothitelle|201/272|[from] item: Leftovers\n|-damage|p1a: Vespiquen|52/299 psn|[from] psn\n|upkeep\n|turn|17\n|\n|t:|1781422428\n|-activate|p2a: Gothitelle|confusion\n|move|p2a: Gothitelle|Calm Mind|p2a: Gothitelle\n|-boost|p2a: Gothitelle|spa|1\n|-boost|p2a: Gothitelle|spd|1\n|move|p1a: Vespiquen|Hurricane|p2a: Gothitelle\n|-damage|p2a: Gothitelle|153/272\n|\n|-heal|p2a: Gothitelle|170/272|[from] item: Leftovers\n|-damage|p1a: Vespiquen|15/299 psn|[from] psn\n|upkeep\n|turn|18\n|\n|t:|1781422439\n|-end|p2a: Gothitelle|confusion\n|move|p2a: Gothitelle|Calm Mind|p2a: Gothitelle\n|-boost|p2a: Gothitelle|spa|1\n|-boost|p2a: Gothitelle|spd|1\n|move|p1a: Vespiquen|Hurricane|p2a: Gothitelle\n|-damage|p2a: Gothitelle|133/272\n|\n|-heal|p2a: Gothitelle|150/272|[from] item: Leftovers\n|-damage|p1a: Vespiquen|0 fnt|[from] psn\n|faint|p1a: Vespiquen\n|upkeep\n|\n|t:|1781422452\n|switch|p1a: Dondozo|Dondozo, L78, F|328/362\n|-damage|p1a: Dondozo|238/362|[from] Spikes\n|turn|19\n|\n|t:|1781422460\n|-terastallize|p2a: Gothitelle|Fighting\n|move|p2a: Gothitelle|Focus Blast|p1a: Dondozo\n|-damage|p1a: Dondozo|28/362\n|move|p1a: Dondozo|Wave Crash|p2a: Gothitelle\n|-damage|p2a: Gothitelle|57/272\n|-damage|p1a: Dondozo|0 fnt|[from] Recoil\n|faint|p1a: Dondozo\n|\n|-heal|p2a: Gothitelle|74/272|[from] item: Leftovers\n|upkeep\n|\n|t:|1781422473\n|switch|p1a: Ditto|Ditto, L87|225/225\n|-damage|p1a: Ditto|169/225|[from] Spikes\n|-transform|p1a: Ditto|p2a: Gothitelle|[from] ability: Imposter\n|-start|p1a: Ditto|typechange|Psychic|[silent]\n|turn|20\n|\n|t:|1781422480\n|move|p1a: Ditto|Psychic Noise|p2a: Gothitelle\n|-supereffective|p2a: Gothitelle\n|-damage|p2a: Gothitelle|0 fnt\n|faint|p2a: Gothitelle\n|\n|upkeep\n|\n|t:|1781422485\n|switch|p2a: Whiscash|Whiscash, L88, M|337/337\n|-damage|p2a: Whiscash|281/337|[from] Spikes\n|-status|p2a: Whiscash|psn\n|turn|21\n|\n|t:|1781422496\n|move|p1a: Ditto|Psychic Noise|p2a: Whiscash\n|-damage|p2a: Whiscash|0 fnt\n|faint|p2a: Whiscash\n|\n|upkeep\n|\n|t:|1781422500\n|switch|p2a: Sandslash|Sandslash-Alola, L88, F|275/275\n|-damage|p2a: Sandslash|230/275|[from] Spikes\n|turn|22\n|\n|t:|1781422513\n|move|p1a: Ditto|Psychic Noise|p2a: Sandslash\n|-resisted|p2a: Sandslash\n|-damage|p2a: Sandslash|68/275\n|-start|p2a: Sandslash|move: Heal Block\n|move|p2a: Sandslash|Rapid Spin|p1a: Ditto\n|-damage|p1a: Ditto|132/225\n|-boost|p2a: Sandslash|spe|1\n|-sideend|p2: pan1535|Spikes|[from] move: Rapid Spin|[of] p2a: Sandslash\n|-sideend|p2: pan1535|Toxic Spikes|[from] move: Rapid Spin|[of] p2a: Sandslash\n|\n|upkeep\n|turn|23\n|\n|t:|1781422526\n|move|p1a: Ditto|Psychic Noise|p2a: Sandslash\n|-resisted|p2a: Sandslash\n|-damage|p2a: Sandslash|0 fnt\n|faint|p2a: Sandslash\n|\n|win|who's jellies?\n|raw|who&apos;s jellies?'s rating: 1376 &rarr; <strong>1397</strong><br />(+21 for winning)\n|raw|pan1535's rating: 1391 &rarr; <strong>1370</strong><br />(-21 for losing)\n", "uploadtime": 1781422533, "views": 2, "formatid": "gen9randombattle", "rating": 1370, "private": 0, "password": null}