{"id": "gen9randombattle-2631923871", "format": "[Gen 9] Random Battle", "players": ["Greedy Rapooh", "noKlew"], "log": "|j|\u2606Greedy Rapooh\n|j|\u2606noKlew\n|t:|1781456117\n|gametype|singles\n|player|p1|Greedy Rapooh|acerola-masters|2096\n|player|p2|noKlew|265|2099\n|gen|9\n|tier|[Gen 9] Random Battle\n|rated|\n|rule|Species Clause: Limit one of each Pok\u00e9mon\n|rule|HP Percentage Mod: HP is shown in percentages\n|rule|Sleep Clause Mod: Limit one foe put to sleep\n|rule|Illusion Level Mod: Illusion disguises the Pok\u00e9mon's true level\n|\n|t:|1781456117\n|teamsize|p1|6\n|teamsize|p2|6\n|start\n|switch|p1a: Scyther|Scyther, L82, M|249/249\n|switch|p2a: Infernape|Infernape, L82, M|259/259\n|turn|1\n|inactive|Battle timer is ON: inactive players will automatically lose when time's up. (requested by noKlew)\n|\n|t:|1781456129\n|switch|p1a: Flygon|Flygon, L82, M|265/265\n|move|p2a: Infernape|Flare Blitz|p1a: Flygon\n|-resisted|p1a: Flygon\n|-damage|p1a: Flygon|169/265\n|-damage|p2a: Infernape|227/259|[from] Recoil\n|\n|upkeep\n|turn|2\n|\n|t:|1781456151\n|switch|p2a: Azelf|Azelf, L82|257/257\n|move|p1a: Flygon|Earthquake|p2a: Azelf\n|-immune|p2a: Azelf|[from] ability: Levitate\n|\n|upkeep\n|turn|3\n|\n|t:|1781456159\n|switch|p1a: Houndoom|Houndoom, L87, F|272/272\n|move|p2a: Azelf|Knock Off|p1a: Houndoom\n|-resisted|p1a: Houndoom\n|-damage|p1a: Houndoom|218/272\n|-enditem|p1a: Houndoom|Heavy-Duty Boots|[from] move: Knock Off|[of] p2a: Azelf\n|\n|upkeep\n|turn|4\n|\n|t:|1781456165\n|move|p2a: Azelf|U-turn|p1a: Houndoom\n|-damage|p1a: Houndoom|139/272\n|\n|t:|1781456176\n|switch|p2a: Infernape|Infernape, L82, M|227/259|[from] U-turn\n|move|p1a: Houndoom|Sludge Bomb|p2a: Infernape\n|-damage|p2a: Infernape|133/259\n|\n|upkeep\n|turn|5\n|\n|t:|1781456184\n|move|p2a: Infernape|Close Combat|p1a: Houndoom\n|-supereffective|p1a: Houndoom\n|-damage|p1a: Houndoom|0 fnt\n|-unboost|p2a: Infernape|def|1\n|-unboost|p2a: Infernape|spd|1\n|faint|p1a: Houndoom\n|\n|upkeep\n|\n|t:|1781456186\n|switch|p1a: Annihilape|Annihilape, L76, M|292/292\n|turn|6\n|\n|t:|1781456193\n|switch|p2a: Magearna|Magearna, L77|250/250\n|move|p1a: Annihilape|Rage Fist|p2a: Magearna\n|-damage|p2a: Magearna|205/250\n|\n|-heal|p2a: Magearna|220/250|[from] item: Leftovers\n|upkeep\n|turn|7\n|\n|t:|1781456199\n|switch|p1a: Flygon|Flygon, L82, M|169/265\n|move|p2a: Magearna|Shift Gear|p2a: Magearna\n|-boost|p2a: Magearna|spe|2\n|-boost|p2a: Magearna|atk|1\n|\n|-heal|p2a: Magearna|235/250|[from] item: Leftovers\n|upkeep\n|turn|8\n|\n|t:|1781456205\n|move|p1a: Flygon|Earthquake|p2a: Magearna\n|-supereffective|p2a: Magearna\n|-damage|p2a: Magearna|43/250\n|move|p2a: Magearna|Fleur Cannon|p1a: Flygon\n|-supereffective|p1a: Flygon\n|-damage|p1a: Flygon|0 fnt\n|-unboost|p2a: Magearna|spa|2\n|faint|p1a: Flygon\n|-ability|p2a: Magearna|Soul-Heart|boost\n|-boost|p2a: Magearna|spa|1\n|\n|-heal|p2a: Magearna|58/250|[from] item: Leftovers\n|upkeep\n|\n|t:|1781456211\n|switch|p1a: Oricorio|Oricorio-Sensu, L85, F|266/266\n|turn|9\n|\n|t:|1781456231\n|move|p2a: Magearna|Fleur Cannon|p1a: Oricorio\n|-damage|p1a: Oricorio|158/266\n|-unboost|p2a: Magearna|spa|2\n|move|p1a: Oricorio|Quiver Dance|p1a: Oricorio\n|-boost|p1a: Oricorio|spa|1\n|-boost|p1a: Oricorio|spd|1\n|-boost|p1a: Oricorio|spe|1\n|\n|-heal|p2a: Magearna|73/250|[from] item: Leftovers\n|upkeep\n|turn|10\n|\n|t:|1781456240\n|switch|p2a: Magcargo|Magcargo, L95, M|268/268\n|move|p1a: Oricorio|Roost|p1a: Oricorio\n|-heal|p1a: Oricorio|266/266\n|-singleturn|p1a: Oricorio|move: Roost\n|\n|upkeep\n|turn|11\n|\n|t:|1781456246\n|move|p1a: Oricorio|Quiver Dance|p1a: Oricorio\n|-boost|p1a: Oricorio|spa|1\n|-boost|p1a: Oricorio|spd|1\n|-boost|p1a: Oricorio|spe|1\n|move|p2a: Magcargo|Power Gem|p1a: Oricorio\n|-supereffective|p1a: Oricorio\n|-damage|p1a: Oricorio|150/266\n|\n|upkeep\n|turn|12\n|\n|t:|1781456251\n|move|p1a: Oricorio|Quiver Dance|p1a: Oricorio\n|-boost|p1a: Oricorio|spa|1\n|-boost|p1a: Oricorio|spd|1\n|-boost|p1a: Oricorio|spe|1\n|move|p2a: Magcargo|Power Gem|p1a: Oricorio\n|-supereffective|p1a: Oricorio\n|-damage|p1a: Oricorio|54/266\n|\n|upkeep\n|turn|13\n|\n|t:|1781456258\n|move|p1a: Oricorio|Roost|p1a: Oricorio\n|-heal|p1a: Oricorio|187/266\n|-singleturn|p1a: Oricorio|move: Roost\n|move|p2a: Magcargo|Power Gem|p1a: Oricorio\n|-damage|p1a: Oricorio|135/266\n|\n|upkeep\n|turn|14\n|\n|t:|1781456264\n|move|p1a: Oricorio|Roost|p1a: Oricorio\n|-heal|p1a: Oricorio|266/266\n|-singleturn|p1a: Oricorio|move: Roost\n|move|p2a: Magcargo|Power Gem|p1a: Oricorio\n|-damage|p1a: Oricorio|217/266\n|\n|upkeep\n|turn|15\n|\n|t:|1781456266\n|move|p1a: Oricorio|Quiver Dance|p1a: Oricorio\n|-boost|p1a: Oricorio|spa|1\n|-boost|p1a: Oricorio|spd|1\n|-boost|p1a: Oricorio|spe|1\n|move|p2a: Magcargo|Power Gem|p1a: Oricorio\n|-supereffective|p1a: Oricorio\n|-damage|p1a: Oricorio|139/266\n|\n|upkeep\n|turn|16\n|\n|t:|1781456269\n|move|p1a: Oricorio|Quiver Dance|p1a: Oricorio\n|-boost|p1a: Oricorio|spa|1\n|-boost|p1a: Oricorio|spd|1\n|-boost|p1a: Oricorio|spe|1\n|move|p2a: Magcargo|Power Gem|p1a: Oricorio\n|-supereffective|p1a: Oricorio\n|-damage|p1a: Oricorio|67/266\n|\n|upkeep\n|turn|17\n|\n|t:|1781456272\n|move|p1a: Oricorio|Roost|p1a: Oricorio\n|-heal|p1a: Oricorio|200/266\n|-singleturn|p1a: Oricorio|move: Roost\n|move|p2a: Magcargo|Power Gem|p1a: Oricorio\n|-damage|p1a: Oricorio|164/266\n|\n|upkeep\n|turn|18\n|\n|t:|1781456274\n|move|p1a: Oricorio|Roost|p1a: Oricorio\n|-heal|p1a: Oricorio|266/266\n|-singleturn|p1a: Oricorio|move: Roost\n|move|p2a: Magcargo|Lava Plume|p1a: Oricorio\n|-damage|p1a: Oricorio|230/266\n|\n|upkeep\n|turn|19\n|\n|t:|1781456278\n|move|p1a: Oricorio|Revelation Dance|p2a: Magcargo\n|-damage|p2a: Magcargo|0 fnt\n|faint|p2a: Magcargo\n|\n|upkeep\n|\n|t:|1781456293\n|switch|p2a: Maushold|Maushold-Four, L76|238/238\n|turn|20\n|\n|t:|1781456300\n|-terastallize|p2a: Maushold|Ghost\n|move|p1a: Oricorio|Hurricane|p2a: Maushold\n|-damage|p2a: Maushold|0 fnt\n|faint|p2a: Maushold\n|\n|upkeep\n|-message|noKlew forfeited.\n|\n|win|Greedy Rapooh\n", "uploadtime": 1781456119, "views": 4, "formatid": "gen9randombattle", "rating": null, "private": 0, "password": null}