{"id": "gen9randombattle-2631577141", "format": "[Gen 9] Random Battle", "players": ["CastroCola", "lighting speed"], "log": "|j|\u2606CastroCola\n|j|\u2606lighting speed\n|t:|1781403686\n|gametype|singles\n|player|p1|CastroCola|caitlin|1091\n|player|p2|lighting speed|102|1043\n|gen|9\n|tier|[Gen 9] Random Battle\n|rated|\n|rule|Species Clause: Limit one of each Pok\u00e9mon\n|rule|HP Percentage Mod: HP is shown in percentages\n|rule|Sleep Clause Mod: Limit one foe put to sleep\n|rule|Illusion Level Mod: Illusion disguises the Pok\u00e9mon's true level\n|\n|t:|1781403686\n|teamsize|p1|6\n|teamsize|p2|6\n|start\n|switch|p1a: Reuniclus|Reuniclus, L88, F|337/337\n|switch|p2a: Passimian|Passimian, L83, F|302/302\n|turn|1\n|l|\u2606CastroCola\n|player|p1|\n|j|\u2606CastroCola\n|player|p1|CastroCola|caitlin|\n|\n|t:|1781403709\n|switch|p2a: Altaria|Altaria, L89, F|278/278\n|move|p1a: Reuniclus|Calm Mind|p1a: Reuniclus\n|-boost|p1a: Reuniclus|spa|1\n|-boost|p1a: Reuniclus|spd|1\n|\n|upkeep\n|turn|2\n|\n|t:|1781403719\n|move|p2a: Altaria|Brave Bird|p1a: Reuniclus\n|-damage|p1a: Reuniclus|211/337\n|-damage|p2a: Altaria|236/278|[from] Recoil\n|move|p1a: Reuniclus|Calm Mind|p1a: Reuniclus\n|-boost|p1a: Reuniclus|spa|1\n|-boost|p1a: Reuniclus|spd|1\n|\n|upkeep\n|turn|3\n|inactive|Battle timer is ON: inactive players will automatically lose when time's up. (requested by CastroCola)\n|\n|t:|1781403726\n|move|p2a: Altaria|Brave Bird|p1a: Reuniclus\n|-crit|p1a: Reuniclus\n|-damage|p1a: Reuniclus|39/337\n|-damage|p2a: Altaria|179/278|[from] Recoil\n|move|p1a: Reuniclus|Psyshock|p2a: Altaria\n|-damage|p2a: Altaria|0 fnt\n|faint|p2a: Altaria\n|\n|upkeep\n|\n|t:|1781403737\n|switch|p2a: Oricorio|Oricorio, L84, F|263/263\n|turn|4\n|\n|t:|1781403749\n|move|p2a: Oricorio|Revelation Dance|p1a: Reuniclus\n|-damage|p1a: Reuniclus|0 fnt\n|faint|p1a: Reuniclus\n|\n|upkeep\n|\n|t:|1781403765\n|switch|p1a: Electivire|Electivire, L84, M|263/263\n|turn|5\n|\n|t:|1781403781\n|switch|p2a: Passimian|Passimian, L83, F|302/302\n|move|p1a: Electivire|Bulk Up|p1a: Electivire\n|-boost|p1a: Electivire|atk|1\n|-boost|p1a: Electivire|def|1\n|\n|upkeep\n|turn|6\n|\n|t:|1781403793\n|move|p2a: Passimian|Close Combat|p1a: Electivire\n|-damage|p1a: Electivire|143/263\n|-unboost|p2a: Passimian|def|1\n|-unboost|p2a: Passimian|spd|1\n|move|p1a: Electivire|Bulk Up|p1a: Electivire\n|-boost|p1a: Electivire|atk|1\n|-boost|p1a: Electivire|def|1\n|\n|upkeep\n|turn|7\n|\n|t:|1781403803\n|move|p2a: Passimian|Close Combat|p1a: Electivire\n|-damage|p1a: Electivire|56/263\n|-unboost|p2a: Passimian|def|1\n|-unboost|p2a: Passimian|spd|1\n|move|p1a: Electivire|Supercell Slam|p2a: Passimian\n|-damage|p2a: Passimian|0 fnt\n|faint|p2a: Passimian\n|-damage|p1a: Electivire|30/263|[from] item: Life Orb\n|\n|upkeep\n|\n|t:|1781403816\n|switch|p2a: Copperajah|Copperajah, L86, M|350/350\n|turn|8\n|\n|t:|1781403823\n|move|p1a: Electivire|Earthquake|p2a: Copperajah\n|-supereffective|p2a: Copperajah\n|-damage|p2a: Copperajah|0 fnt\n|faint|p2a: Copperajah\n|-damage|p1a: Electivire|4/263|[from] item: Life Orb\n|\n|upkeep\n|\n|t:|1781403830\n|switch|p2a: Muk|Muk, L86, M|321/321\n|turn|9\n|\n|t:|1781403837\n|move|p1a: Electivire|Earthquake|p2a: Muk\n|-supereffective|p2a: Muk\n|-damage|p2a: Muk|0 fnt\n|faint|p2a: Muk\n|-damage|p1a: Electivire|0 fnt|[from] item: Life Orb\n|faint|p1a: Electivire\n|\n|upkeep\n|\n|t:|1781403854\n|switch|p1a: Cinderace|Cinderace, L77, F|249/249\n|switch|p2a: Oricorio|Oricorio, L84, F|263/263\n|turn|10\n|\n|t:|1781403868\n|move|p1a: Cinderace|Gunk Shot|p2a: Oricorio\n|-start|p1a: Cinderace|typechange|Poison|[from] ability: Libero\n|-damage|p2a: Oricorio|58/263\n|-status|p2a: Oricorio|psn\n|move|p2a: Oricorio|Hurricane|p1a: Cinderace\n|-damage|p1a: Cinderace|101/249\n|\n|-damage|p2a: Oricorio|26/263 psn|[from] psn\n|upkeep\n|turn|11\n|\n|t:|1781403881\n|move|p1a: Cinderace|Gunk Shot|p2a: Oricorio\n|-damage|p2a: Oricorio|0 fnt\n|faint|p2a: Oricorio\n|\n|upkeep\n|\n|t:|1781403885\n|switch|p2a: Slither Wing|Slither Wing, L81|270/270\n|turn|12\n|\n|t:|1781403898\n|-terastallize|p2a: Slither Wing|Fire\n|move|p1a: Cinderace|Gunk Shot|p2a: Slither Wing\n|-crit|p2a: Slither Wing\n|-damage|p2a: Slither Wing|0 fnt\n|faint|p2a: Slither Wing\n|-end|p2a: Slither Wing|Protosynthesis|[silent]\n|\n|win|CastroCola\n|raw|CastroCola's rating: 1091 &rarr; <strong>1114</strong><br />(+23 for winning)\n|raw|lighting speed's rating: 1043 &rarr; <strong>1029</strong><br />(-14 for losing)\n|l|\u2606CastroCola\n|player|p1|\n", "uploadtime": 1781403908, "views": 2, "formatid": "gen9randombattle", "rating": 1029, "private": 0, "password": null}