{"id": "gen9randombattle-2631518770", "format": "[Gen 9] Random Battle", "players": ["Fortre", "pastorulipal"], "log": "|j|\u2606Fortre\n|j|\u2606pastorulipal\n|t:|1781395627\n|gametype|singles\n|player|p1|Fortre|1|1962\n|player|p2|pastorulipal|acetrainer-gen4dp|2050\n|gen|9\n|tier|[Gen 9] Random Battle\n|rated|\n|rule|Species Clause: Limit one of each Pok\u00e9mon\n|rule|HP Percentage Mod: HP is shown in percentages\n|rule|Sleep Clause Mod: Limit one foe put to sleep\n|rule|Illusion Level Mod: Illusion disguises the Pok\u00e9mon's true level\n|\n|t:|1781395627\n|teamsize|p1|6\n|teamsize|p2|6\n|start\n|switch|p1a: Grafaiai|Grafaiai, L86, M|249/249\n|switch|p2a: Sylveon|Sylveon, L85, F|300/300\n|turn|1\n|\n|t:|1781395643\n|move|p2a: Sylveon|Protect|p2a: Sylveon\n|-singleturn|p2a: Sylveon|Protect\n|move|p1a: Grafaiai|Gunk Shot|p2a: Sylveon\n|-activate|p2a: Sylveon|move: Protect\n|\n|upkeep\n|turn|2\n|\n|t:|1781395659\n|switch|p2a: Tinkaton|Tinkaton, L82, F|274/274\n|-ability|p2a: Tinkaton|Mold Breaker\n|move|p1a: Grafaiai|Gunk Shot|p2a: Tinkaton\n|-immune|p2a: Tinkaton\n|\n|upkeep\n|turn|3\n|inactive|Battle timer is ON: inactive players will automatically lose when time's up. (requested by pastorulipal)\n|\n|t:|1781395684\n|move|p1a: Grafaiai|Parting Shot|p2a: Tinkaton\n|-unboost|p2a: Tinkaton|atk|1\n|-unboost|p2a: Tinkaton|spa|1\n|\n|t:|1781395689\n|switch|p1a: Hippowdon|Hippowdon, L82, F|311/311|[from] Parting Shot\n|-weather|Sandstorm|[from] ability: Sand Stream|[of] p1a: Hippowdon\n|move|p2a: Tinkaton|Stealth Rock|p1a: Hippowdon\n|-sidestart|p1: Fortre|move: Stealth Rock\n|\n|-weather|Sandstorm|[upkeep]\n|upkeep\n|turn|4\n|\n|t:|1781395712\n|switch|p2a: Gurdurr|Gurdurr, L85, F|283/283\n|move|p1a: Hippowdon|Stealth Rock|p2a: Gurdurr\n|-sidestart|p2: pastorulipal|move: Stealth Rock\n|\n|-weather|Sandstorm|[upkeep]\n|-damage|p2a: Gurdurr|266/283|[from] Sandstorm\n|upkeep\n|turn|5\n|l|\u2606Fortre\n|inactive|Fortre disconnected and has a minute to reconnect!\n|player|p1|\n|j|\u2606Fortre\n|inactive|Fortre reconnected and has 120 seconds left.\n|player|p1|Fortre|1|\n|\n|t:|1781395761\n|switch|p1a: Rayquaza|Rayquaza, L72|270/270\n|-ability|p1a: Rayquaza|Air Lock\n|move|p2a: Gurdurr|Knock Off|p1a: Rayquaza\n|-damage|p1a: Rayquaza|178/270\n|-enditem|p1a: Rayquaza|Heavy-Duty Boots|[from] move: Knock Off|[of] p2a: Gurdurr\n|\n|-weather|Sandstorm|[upkeep]\n|upkeep\n|turn|6\n|inactive|pastorulipal has 120 seconds left.\n|\n|t:|1781395804\n|switch|p2a: Tinkaton|Tinkaton, L82, F|274/274\n|-damage|p2a: Tinkaton|257/274|[from] Stealth Rock\n|-ability|p2a: Tinkaton|Mold Breaker\n|move|p1a: Rayquaza|Dragon Dance|p1a: Rayquaza\n|-boost|p1a: Rayquaza|atk|1\n|-boost|p1a: Rayquaza|spe|1\n|\n|-weather|Sandstorm|[upkeep]\n|-heal|p2a: Tinkaton|274/274|[from] item: Leftovers\n|upkeep\n|turn|7\n|inactive|Fortre has 90 seconds left.\n|inactive|pastorulipal has 90 seconds left.\n|l|\u2606Fortre\n|inactive|Fortre disconnected and has a minute to reconnect!\n|player|p1|\n|inactive|Fortre has 30 seconds to reconnect!\n|j|\u2606Fortre\n|inactive|Fortre reconnected and has 30 seconds left.\n|player|p1|Fortre|1|\n|inactive|Fortre has 20 seconds left.\n|inactive|Fortre has 15 seconds left.\n|inactive|Fortre has 10 seconds left.\n|inactive|Fortre has 5 seconds left.\n|-message|Fortre lost due to inactivity.\n|\n|win|pastorulipal\n", "uploadtime": 1781395629, "views": 4, "formatid": "gen9randombattle", "rating": null, "private": 0, "password": null}