{"id": "gen9randombattle-2631598981", "format": "[Gen 9] Random Battle", "players": ["Budgers", "personanongrattata"], "log": "|j|\u2606Budgers\n|j|\u2606personanongrattata\n|t:|1781406730\n|gametype|singles\n|player|p1|Budgers|169|1966\n|player|p2|personanongrattata|youngster-gen4dp|1963\n|gen|9\n|tier|[Gen 9] Random Battle\n|rated|\n|rule|Species Clause: Limit one of each Pok\u00e9mon\n|rule|HP Percentage Mod: HP is shown in percentages\n|rule|Sleep Clause Mod: Limit one foe put to sleep\n|rule|Illusion Level Mod: Illusion disguises the Pok\u00e9mon's true level\n|\n|t:|1781406730\n|teamsize|p1|6\n|teamsize|p2|6\n|start\n|switch|p1a: Swanna|Swanna, L89, F|278/278\n|switch|p2a: Chesnaught|Chesnaught, L84, F|285/285\n|turn|1\n|inactive|Battle timer is ON: inactive players will automatically lose when time's up. (requested by personanongrattata)\n|\n|t:|1781406743\n|switch|p1a: Rhyperior|Rhyperior, L82, F|323/323\n|switch|p2a: Giratina|Giratina-Origin, L72|335/335\n|\n|upkeep\n|turn|2\n|\n|t:|1781406751\n|switch|p2a: Chesnaught|Chesnaught, L84, F|285/285\n|switch|p1a: Scream Tail|Scream Tail, L84|330/330\n|\n|upkeep\n|turn|3\n|\n|t:|1781406754\n|move|p1a: Scream Tail|Dazzling Gleam|p2a: Chesnaught\n|-supereffective|p2a: Chesnaught\n|-damage|p2a: Chesnaught|153/285\n|move|p2a: Chesnaught|Knock Off|p1a: Scream Tail\n|-damage|p1a: Scream Tail|258/330\n|-enditem|p1a: Scream Tail|Leftovers|[from] move: Knock Off|[of] p2a: Chesnaught\n|\n|-heal|p2a: Chesnaught|170/285|[from] item: Leftovers\n|upkeep\n|turn|4\n|\n|t:|1781406771\n|move|p1a: Scream Tail|Dazzling Gleam|p2a: Chesnaught\n|-supereffective|p2a: Chesnaught\n|-damage|p2a: Chesnaught|30/285\n|move|p2a: Chesnaught|Synthesis|p2a: Chesnaught\n|-heal|p2a: Chesnaught|172/285\n|\n|-heal|p2a: Chesnaught|189/285|[from] item: Leftovers\n|upkeep\n|turn|5\n|\n|t:|1781406774\n|switch|p2a: Vespiquen|Vespiquen, L99, F|299/299\n|-ability|p2a: Vespiquen|Pressure\n|move|p1a: Scream Tail|Encore||[still]\n|-fail|p1a: Scream Tail\n|\n|upkeep\n|turn|6\n|\n|t:|1781406779\n|-end|p1a: Scream Tail|Protosynthesis|[silent]\n|switch|p1a: Rhyperior|Rhyperior, L82, F|323/323\n|move|p2a: Vespiquen|Spikes|p1a: Rhyperior\n|-sidestart|p1: Budgers|Spikes\n|\n|upkeep\n|turn|7\n|\n|t:|1781406783\n|move|p2a: Vespiquen|U-turn|p1a: Rhyperior\n|-damage|p1a: Rhyperior|262/323\n|\n|t:|1781406786\n|switch|p2a: Chesnaught|Chesnaught, L84, F|189/285|[from] U-turn\n|move|p1a: Rhyperior|Stone Edge|p2a: Chesnaught\n|-resisted|p2a: Chesnaught\n|-crit|p2a: Chesnaught\n|-damage|p2a: Chesnaught|112/285\n|\n|-heal|p2a: Chesnaught|129/285|[from] item: Leftovers\n|upkeep\n|turn|8\n|\n|t:|1781406789\n|move|p2a: Chesnaught|Synthesis|p2a: Chesnaught\n|-heal|p2a: Chesnaught|271/285\n|move|p1a: Rhyperior|Rock Polish|p1a: Rhyperior\n|-boost|p1a: Rhyperior|spe|2\n|\n|-heal|p2a: Chesnaught|285/285|[from] item: Leftovers\n|upkeep\n|turn|9\n|\n|t:|1781406795\n|move|p1a: Rhyperior|Megahorn|p2a: Chesnaught\n|-damage|p2a: Chesnaught|207/285\n|move|p2a: Chesnaught|Knock Off|p1a: Rhyperior\n|-damage|p1a: Rhyperior|209/323\n|-enditem|p1a: Rhyperior|Weakness Policy|[from] move: Knock Off|[of] p2a: Chesnaught\n|\n|-heal|p2a: Chesnaught|224/285|[from] item: Leftovers\n|upkeep\n|turn|10\n|\n|t:|1781406801\n|switch|p1a: Swanna|Swanna, L89, F|278/278\n|move|p2a: Chesnaught|Knock Off|p1a: Swanna\n|-damage|p1a: Swanna|197/278\n|-enditem|p1a: Swanna|Heavy-Duty Boots|[from] move: Knock Off|[of] p2a: Chesnaught\n|\n|-heal|p2a: Chesnaught|241/285|[from] item: Leftovers\n|upkeep\n|turn|11\n|\n|t:|1781406809\n|switch|p2a: Giratina|Giratina-Origin, L72|335/335\n|move|p1a: Swanna|Defog|p2a: Giratina\n|-unboost|p2a: Giratina|evasion|1\n|-sideend|p1: Budgers|Spikes|[from] move: Defog|[of] p1a: Swanna\n|\n|upkeep\n|turn|12\n|\n|t:|1781406817\n|switch|p1a: Chien-Pao|Chien-Pao, L72|234/234\n|-ability|p1a: Chien-Pao|Sword of Ruin\n|move|p2a: Giratina|Poltergeist|p1a: Chien-Pao\n|-activate|p1a: Chien-Pao|move: Poltergeist|Heavy-Duty Boots\n|-resisted|p1a: Chien-Pao\n|-damage|p1a: Chien-Pao|152/234\n|\n|upkeep\n|turn|13\n|\n|t:|1781406822\n|switch|p2a: Regirock|Regirock, L83|268/268\n|move|p1a: Chien-Pao|Swords Dance|p1a: Chien-Pao\n|-boost|p1a: Chien-Pao|atk|2\n|\n|upkeep\n|turn|14\n|\n|t:|1781406829\n|-terastallize|p1a: Chien-Pao|Fighting\n|move|p1a: Chien-Pao|Sacred Sword|p2a: Regirock\n|-supereffective|p2a: Regirock\n|-damage|p2a: Regirock|28/268\n|move|p2a: Regirock|Body Press|p1a: Chien-Pao\n|-damage|p1a: Chien-Pao|21/234\n|\n|-heal|p2a: Regirock|44/268|[from] item: Leftovers\n|upkeep\n|turn|15\n|\n|t:|1781406843\n|move|p1a: Chien-Pao|Throat Chop|p2a: Regirock\n|-damage|p2a: Regirock|0 fnt\n|faint|p2a: Regirock\n|\n|upkeep\n|\n|t:|1781406845\n|switch|p2a: Giratina|Giratina-Origin, L72|335/335\n|turn|16\n|\n|t:|1781406852\n|switch|p1a: Rhyperior|Rhyperior, L82, F|209/323\n|move|p2a: Giratina|Shadow Sneak|p1a: Rhyperior\n|-damage|p1a: Rhyperior|176/323\n|\n|upkeep\n|turn|17\n|\n|t:|1781406866\n|switch|p1a: Swanna|Swanna, L89, F|197/278\n|move|p2a: Giratina|Draco Meteor|p1a: Swanna\n|-damage|p1a: Swanna|17/278\n|-unboost|p2a: Giratina|spa|2\n|\n|upkeep\n|turn|18\n|\n|t:|1781406869\n|move|p2a: Giratina|Shadow Sneak|p1a: Swanna\n|-damage|p1a: Swanna|0 fnt\n|faint|p1a: Swanna\n|\n|upkeep\n|\n|t:|1781406874\n|switch|p1a: Lucario|Lucario, L84, M|255/255\n|turn|19\n|\n|t:|1781406883\n|move|p1a: Lucario|Nasty Plot|p1a: Lucario\n|-boost|p1a: Lucario|spa|2\n|move|p2a: Giratina|Poltergeist|p1a: Lucario\n|-activate|p1a: Lucario|move: Poltergeist|Life Orb\n|-damage|p1a: Lucario|104/255\n|\n|upkeep\n|turn|20\n|\n|t:|1781406886\n|switch|p2a: Vespiquen|Vespiquen, L99, F|299/299\n|-ability|p2a: Vespiquen|Pressure\n|move|p1a: Lucario|Flash Cannon|p2a: Vespiquen\n|-damage|p2a: Vespiquen|114/299\n|-damage|p1a: Lucario|79/255|[from] item: Life Orb\n|\n|upkeep\n|turn|21\n|\n|t:|1781406894\n|switch|p2a: Chesnaught|Chesnaught, L84, F|241/285\n|move|p1a: Lucario|Flash Cannon|p2a: Chesnaught\n|-damage|p2a: Chesnaught|0 fnt\n|faint|p2a: Chesnaught\n|-damage|p1a: Lucario|54/255|[from] item: Life Orb\n|\n|upkeep\n|\n|t:|1781406905\n|switch|p2a: Giratina|Giratina-Origin, L72|335/335\n|turn|22\n|\n|t:|1781406906\n|move|p2a: Giratina|Shadow Sneak|p1a: Lucario\n|-damage|p1a: Lucario|3/255\n|move|p1a: Lucario|Flash Cannon|p2a: Giratina\n|-damage|p2a: Giratina|93/335\n|-damage|p1a: Lucario|0 fnt|[from] item: Life Orb\n|faint|p1a: Lucario\n|\n|upkeep\n|\n|t:|1781406909\n|switch|p1a: Scream Tail|Scream Tail, L84|258/330\n|turn|23\n|\n|t:|1781406934\n|switch|p2a: Terapagos|Terapagos, L77, M|265/265\n|-activate|p2a: Terapagos|ability: Tera Shift\n|detailschange|p2a: Terapagos|Terapagos-Terastal, L77, M\n|-heal|p2a: Terapagos|273/273|[silent]\n|move|p1a: Scream Tail|Dazzling Gleam|p2a: Terapagos\n|-activate|p2a: Terapagos|ability: Tera Shell\n|-resisted|p2a: Terapagos\n|-damage|p2a: Terapagos|246/273\n|\n|upkeep\n|turn|24\n|\n|t:|1781406939\n|move|p1a: Scream Tail|Wish|p1a: Scream Tail\n|move|p2a: Terapagos|Tera Starstorm|p1a: Scream Tail\n|-damage|p1a: Scream Tail|158/330\n|\n|upkeep\n|turn|25\n|\n|t:|1781406945\n|move|p1a: Scream Tail|Encore|p2a: Terapagos\n|-start|p2a: Terapagos|Encore\n|move|p2a: Terapagos|Tera Starstorm|p1a: Scream Tail\n|-damage|p1a: Scream Tail|61/330\n|\n|-heal|p1a: Scream Tail|226/330|[from] move: Wish|[wisher] Scream Tail\n|upkeep\n|turn|26\n|\n|t:|1781406967\n|move|p1a: Scream Tail|Wish|p1a: Scream Tail\n|move|p2a: Terapagos|Tera Starstorm|p1a: Scream Tail\n|-damage|p1a: Scream Tail|130/330\n|\n|upkeep\n|turn|27\n|\n|t:|1781406970\n|switch|p2a: Vespiquen|Vespiquen, L99, F|114/299\n|-ability|p2a: Vespiquen|Pressure\n|move|p1a: Scream Tail|Protect||[still]\n|-fail|p1a: Scream Tail\n|\n|-heal|p1a: Scream Tail|295/330|[from] move: Wish|[wisher] Scream Tail\n|upkeep\n|turn|28\n|\n|t:|1781406974\n|-end|p1a: Scream Tail|Protosynthesis|[silent]\n|switch|p1a: Chien-Pao|Chien-Pao, L72, tera:Fighting|21/234\n|-ability|p1a: Chien-Pao|Sword of Ruin\n|move|p2a: Vespiquen|Roost|p2a: Vespiquen\n|-heal|p2a: Vespiquen|264/299\n|-singleturn|p2a: Vespiquen|move: Roost\n|\n|upkeep\n|turn|29\n|\n|t:|1781406990\n|move|p1a: Chien-Pao|Icicle Crash|p2a: Vespiquen\n|-supereffective|p2a: Vespiquen\n|-damage|p2a: Vespiquen|108/299\n|move|p2a: Vespiquen|U-turn|p1a: Chien-Pao\n|-resisted|p1a: Chien-Pao\n|-damage|p1a: Chien-Pao|0 fnt\n|faint|p1a: Chien-Pao\n|\n|t:|1781406996\n|switch|p2a: Terapagos|Terapagos-Terastal, L77, M|246/273|[from] U-turn\n|\n|upkeep\n|\n|t:|1781407009\n|switch|p1a: Scream Tail|Scream Tail, L84|295/330\n|turn|30\n|\n|t:|1781407026\n|switch|p2a: Solgaleo|Solgaleo, L74|325/325\n|move|p1a: Scream Tail|Dazzling Gleam|p2a: Solgaleo\n|-resisted|p2a: Solgaleo\n|-damage|p2a: Solgaleo|288/325\n|\n|upkeep\n|turn|31\n|\n|t:|1781407031\n|move|p1a: Scream Tail|Wish|p1a: Scream Tail\n|move|p2a: Solgaleo|Sunsteel Strike|p1a: Scream Tail\n|-supereffective|p1a: Scream Tail\n|-crit|p1a: Scream Tail\n|-damage|p1a: Scream Tail|0 fnt\n|faint|p1a: Scream Tail\n|-end|p1a: Scream Tail|Protosynthesis|[silent]\n|\n|upkeep\n|\n|t:|1781407033\n|switch|p1a: Delphox|Delphox, L84, F|263/263\n|turn|32\n|\n|t:|1781407050\n|-terastallize|p2a: Solgaleo|Dark\n|move|p1a: Delphox|Nasty Plot|p1a: Delphox\n|-boost|p1a: Delphox|spa|2\n|move|p2a: Solgaleo|Flame Charge|p1a: Delphox\n|-resisted|p1a: Delphox\n|-damage|p1a: Delphox|243/263\n|-boost|p2a: Solgaleo|spe|1\n|\n|-heal|p1a: Delphox|263/263|[from] move: Wish|[wisher] Scream Tail\n|upkeep\n|turn|33\n|\n|t:|1781407054\n|move|p2a: Solgaleo|Knock Off|p1a: Delphox\n|-supereffective|p1a: Delphox\n|-damage|p1a: Delphox|33/263\n|-enditem|p1a: Delphox|Heavy-Duty Boots|[from] move: Knock Off|[of] p2a: Solgaleo\n|move|p1a: Delphox|Fire Blast|p2a: Solgaleo\n|-damage|p2a: Solgaleo|0 fnt\n|faint|p2a: Solgaleo\n|\n|upkeep\n|\n|t:|1781407058\n|switch|p2a: Giratina|Giratina-Origin, L72|93/335\n|turn|34\n|\n|t:|1781407059\n|switch|p1a: Rhyperior|Rhyperior, L82, F|176/323\n|move|p2a: Giratina|Shadow Sneak|p1a: Rhyperior\n|-damage|p1a: Rhyperior|142/323\n|\n|upkeep\n|turn|35\n|\n|t:|1781407065\n|move|p2a: Giratina|Draco Meteor|p1a: Rhyperior\n|-damage|p1a: Rhyperior|0 fnt\n|-unboost|p2a: Giratina|spa|2\n|faint|p1a: Rhyperior\n|\n|upkeep\n|-message|Budgers forfeited.\n|\n|win|personanongrattata\n", "uploadtime": 1781406732, "views": 3, "formatid": "gen9randombattle", "rating": null, "private": 0, "password": null}