{"id": "gen9randombattle-2631485110", "format": "[Gen 9] Random Battle", "players": ["Ggstarmie", "Diabetes1"], "log": "|j|\u2606Ggstarmie\n|j|\u2606Diabetes1\n|t:|1781390944\n|gametype|singles\n|player|p1|Ggstarmie|2|2059\n|player|p2|Diabetes1|266|2100\n|gen|9\n|tier|[Gen 9] Random Battle\n|rated|\n|rule|Species Clause: Limit one of each Pok\u00e9mon\n|rule|HP Percentage Mod: HP is shown in percentages\n|rule|Sleep Clause Mod: Limit one foe put to sleep\n|rule|Illusion Level Mod: Illusion disguises the Pok\u00e9mon's true level\n|\n|t:|1781390944\n|teamsize|p1|6\n|teamsize|p2|6\n|start\n|switch|p1a: Ampharos|Ampharos, L88, M|302/302\n|switch|p2a: Kommo-o|Kommo-o, L78, M|245/245\n|turn|1\n|inactive|Battle timer is ON: inactive players will automatically lose when time's up. (requested by Diabetes1)\n|\n|t:|1781390963\n|switch|p2a: Oranguru|Oranguru, L92, F|315/315\n|move|p1a: Ampharos|Dazzling Gleam|p2a: Oranguru\n|-damage|p2a: Oranguru|261/315\n|\n|-heal|p2a: Oranguru|280/315|[from] item: Leftovers\n|upkeep\n|turn|2\n|\n|t:|1781390972\n|move|p2a: Oranguru|Nasty Plot|p2a: Oranguru\n|-boost|p2a: Oranguru|spa|2\n|move|p1a: Ampharos|Volt Switch|p2a: Oranguru\n|-damage|p2a: Oranguru|207/315\n|\n|t:|1781390974\n|switch|p1a: Iron Jugulis|Iron Jugulis, L77|271/271|[from] Volt Switch\n|\n|-heal|p2a: Oranguru|226/315|[from] item: Leftovers\n|upkeep\n|turn|3\n|\n|t:|1781390978\n|move|p1a: Iron Jugulis|Dark Pulse|p2a: Oranguru\n|-supereffective|p2a: Oranguru\n|-damage|p2a: Oranguru|38/315\n|move|p2a: Oranguru|Thunderbolt|p1a: Iron Jugulis\n|-supereffective|p1a: Iron Jugulis\n|-damage|p1a: Iron Jugulis|0 fnt\n|faint|p1a: Iron Jugulis\n|-end|p1a: Iron Jugulis|Quark Drive|[silent]\n|\n|-heal|p2a: Oranguru|57/315|[from] item: Leftovers\n|upkeep\n|inactive|Ggstarmie has 120 seconds left.\n|\n|t:|1781391008\n|switch|p1a: Excadrill|Excadrill, L79, M|303/303\n|-ability|p1a: Excadrill|Mold Breaker\n|turn|4\n|\n|t:|1781391013\n|move|p1a: Excadrill|Earthquake|p2a: Oranguru\n|-damage|p2a: Oranguru|0 fnt\n|faint|p2a: Oranguru\n|\n|upkeep\n|\n|t:|1781391028\n|switch|p2a: Kommo-o|Kommo-o, L78, M|245/245\n|turn|5\n|\n|t:|1781391040\n|move|p1a: Excadrill|Earthquake|p2a: Kommo-o\n|-damage|p2a: Kommo-o|149/245\n|move|p2a: Kommo-o|Clangorous Soul|p2a: Kommo-o\n|-boost|p2a: Kommo-o|atk|1\n|-boost|p2a: Kommo-o|def|1\n|-boost|p2a: Kommo-o|spa|1\n|-boost|p2a: Kommo-o|spd|1\n|-boost|p2a: Kommo-o|spe|1\n|-damage|p2a: Kommo-o|69/245\n|-enditem|p2a: Kommo-o|Throat Spray\n|-boost|p2a: Kommo-o|spa|1|[from] item: Throat Spray\n|\n|upkeep\n|turn|6\n|\n|t:|1781391054\n|switch|p1a: Swampert|Swampert, L83, M|302/302\n|move|p2a: Kommo-o|Drain Punch|p1a: Swampert\n|-damage|p1a: Swampert|193/302\n|-heal|p2a: Kommo-o|124/245|[from] drain|[of] p1a: Swampert\n|\n|-heal|p1a: Swampert|211/302|[from] item: Leftovers\n|upkeep\n|turn|7\n|\n|t:|1781391064\n|-terastallize|p2a: Kommo-o|Normal\n|move|p2a: Kommo-o|Boomburst|p1a: Swampert\n|-damage|p1a: Swampert|0 fnt\n|faint|p1a: Swampert\n|\n|upkeep\n|\n|t:|1781391071\n|switch|p1a: Ampharos|Ampharos, L88, M|302/302\n|turn|8\n|\n|t:|1781391082\n|move|p2a: Kommo-o|Boomburst|p1a: Ampharos\n|-damage|p1a: Ampharos|143/302\n|move|p1a: Ampharos|Focus Blast|p2a: Kommo-o\n|-supereffective|p2a: Kommo-o\n|-damage|p2a: Kommo-o|0 fnt\n|faint|p2a: Kommo-o\n|\n|upkeep\n|\n|t:|1781391102\n|switch|p2a: Delibird|Delibird, F|252/252\n|turn|9\n|\n|t:|1781391109\n|move|p2a: Delibird|Drill Run|p1a: Ampharos|[miss]\n|-miss|p2a: Delibird|p1a: Ampharos\n|move|p1a: Ampharos|Discharge|p2a: Delibird\n|-supereffective|p2a: Delibird\n|-damage|p2a: Delibird|0 fnt\n|faint|p2a: Delibird\n|\n|upkeep\n|\n|t:|1781391117\n|switch|p2a: Dudunsparce|Dudunsparce, L83, F|343/343\n|turn|10\n|\n|t:|1781391133\n|move|p1a: Ampharos|Focus Blast|p2a: Dudunsparce\n|-supereffective|p2a: Dudunsparce\n|-damage|p2a: Dudunsparce|93/343\n|move|p2a: Dudunsparce|Earthquake|p1a: Ampharos\n|-supereffective|p1a: Ampharos\n|-damage|p1a: Ampharos|0 fnt\n|faint|p1a: Ampharos\n|\n|-heal|p2a: Dudunsparce|114/343|[from] item: Leftovers\n|upkeep\n|\n|t:|1781391140\n|switch|p1a: Excadrill|Excadrill, L79, M|303/303\n|-ability|p1a: Excadrill|Mold Breaker\n|turn|11\n|\n|t:|1781391147\n|move|p1a: Excadrill|Earthquake|p2a: Dudunsparce\n|-damage|p2a: Dudunsparce|0 fnt\n|faint|p2a: Dudunsparce\n|\n|upkeep\n|\n|t:|1781391151\n|switch|p2a: Volcanion|Volcanion, L79|255/255\n|turn|12\n|\n|t:|1781391156\n|move|p1a: Excadrill|Earthquake|p2a: Volcanion\n|-supereffective|p2a: Volcanion\n|-damage|p2a: Volcanion|69/255\n|move|p2a: Volcanion|Flame Charge|p1a: Excadrill\n|-supereffective|p1a: Excadrill\n|-damage|p1a: Excadrill|153/303\n|-boost|p2a: Volcanion|spe|1\n|\n|upkeep\n|turn|13\n|\n|t:|1781391174\n|move|p2a: Volcanion|Flamethrower|p1a: Excadrill\n|-supereffective|p1a: Excadrill\n|-damage|p1a: Excadrill|0 fnt\n|faint|p1a: Excadrill\n|\n|upkeep\n|\n|t:|1781391182\n|switch|p1a: Abomasnow|Abomasnow, L84, F|287/287\n|-weather|Snowscape|[from] ability: Snow Warning|[of] p1a: Abomasnow\n|turn|14\n|\n|t:|1781391206\n|-terastallize|p1a: Abomasnow|Water\n|move|p2a: Volcanion|Flamethrower|p1a: Abomasnow\n|-resisted|p1a: Abomasnow\n|-damage|p1a: Abomasnow|227/287\n|move|p1a: Abomasnow|Earthquake|p2a: Volcanion\n|-supereffective|p2a: Volcanion\n|-damage|p2a: Volcanion|0 fnt\n|faint|p2a: Volcanion\n|\n|-weather|Snowscape|[upkeep]\n|upkeep\n|\n|t:|1781391212\n|switch|p2a: Lokix|Lokix, L82, F|251/251\n|turn|15\n|\n|t:|1781391219\n|move|p2a: Lokix|Knock Off|p1a: Abomasnow\n|-damage|p1a: Abomasnow|74/287\n|-enditem|p1a: Abomasnow|Light Clay|[from] move: Knock Off|[of] p2a: Lokix\n|-damage|p2a: Lokix|226/251|[from] item: Life Orb\n|move|p1a: Abomasnow|Aurora Veil|p1a: Abomasnow\n|-sidestart|p1: Ggstarmie|move: Aurora Veil\n|\n|-weather|Snowscape|[upkeep]\n|upkeep\n|turn|16\n|\n|t:|1781391226\n|move|p1a: Abomasnow|Ice Shard|p2a: Lokix\n|-damage|p2a: Lokix|183/251\n|move|p2a: Lokix|Leech Life|p1a: Abomasnow\n|-damage|p1a: Abomasnow|15/287\n|-heal|p2a: Lokix|213/251|[from] drain|[of] p1a: Abomasnow\n|-damage|p2a: Lokix|188/251|[from] item: Life Orb\n|\n|-weather|Snowscape|[upkeep]\n|upkeep\n|turn|17\n|\n|t:|1781391233\n|move|p2a: Lokix|Sucker Punch|p1a: Abomasnow\n|-damage|p1a: Abomasnow|0 fnt\n|faint|p1a: Abomasnow\n|-damage|p2a: Lokix|163/251|[from] item: Life Orb\n|\n|-weather|Snowscape|[upkeep]\n|upkeep\n|\n|t:|1781391235\n|switch|p1a: Seviper|Seviper, L93, F|287/287\n|turn|18\n|\n|t:|1781391243\n|move|p2a: Lokix|Knock Off|p1a: Seviper\n|-damage|p1a: Seviper|209/287\n|-enditem|p1a: Seviper|Leftovers|[from] move: Knock Off|[of] p2a: Lokix\n|-damage|p2a: Lokix|138/251|[from] item: Life Orb\n|move|p1a: Seviper|Gunk Shot|p2a: Lokix\n|-damage|p2a: Lokix|0 fnt\n|faint|p2a: Lokix\n|\n|win|Ggstarmie\n", "uploadtime": 1781390946, "views": 3, "formatid": "gen9randombattle", "rating": null, "private": 0, "password": null}