{"id": "gen9randombattle-2631813938", "format": "[Gen 9] Random Battle", "players": ["Sthibo", "exploziff"], "log": "|j|\u2606Sthibo\n|j|\u2606exploziff\n|t:|1781443456\n|gametype|singles\n|player|p1|Sthibo|hilbert-wonderlauncher|1940\n|player|p2|exploziff|169|1976\n|gen|9\n|tier|[Gen 9] Random Battle\n|rated|\n|rule|Species Clause: Limit one of each Pok\u00e9mon\n|rule|HP Percentage Mod: HP is shown in percentages\n|rule|Sleep Clause Mod: Limit one foe put to sleep\n|rule|Illusion Level Mod: Illusion disguises the Pok\u00e9mon's true level\n|\n|t:|1781443456\n|teamsize|p1|6\n|teamsize|p2|6\n|start\n|switch|p1a: Cryogonal|Cryogonal, L89|287/287\n|switch|p2a: Golduck|Golduck, L90, F|290/290\n|-ability|p2a: Golduck|Cloud Nine\n|turn|1\n|inactive|Battle timer is ON: inactive players will automatically lose when time's up. (requested by Sthibo)\n|\n|t:|1781443470\n|switch|p2a: Blaziken|Blaziken, L76, M|247/247\n|move|p1a: Cryogonal|Freeze-Dry|p2a: Blaziken\n|-resisted|p2a: Blaziken\n|-damage|p2a: Blaziken|192/247\n|\n|upkeep\n|turn|2\n|\n|t:|1781443478\n|switch|p1a: Salamence|Salamence, L77, M|273/273\n|-ability|p1a: Salamence|Intimidate|boost\n|-unboost|p2a: Blaziken|atk|1\n|move|p2a: Blaziken|Knock Off|p1a: Salamence\n|-damage|p1a: Salamence|204/273\n|-enditem|p1a: Salamence|Heavy-Duty Boots|[from] move: Knock Off|[of] p2a: Blaziken\n|-damage|p2a: Blaziken|168/247|[from] item: Life Orb\n|\n|-ability|p2a: Blaziken|Speed Boost|boost\n|-boost|p2a: Blaziken|spe|1\n|upkeep\n|turn|3\n|\n|t:|1781443486\n|switch|p2a: Donphan|Donphan, L84, F|288/288\n|move|p1a: Salamence|Dual Wingbeat|p2a: Donphan\n|-damage|p2a: Donphan|254/288\n|-damage|p2a: Donphan|215/288\n|-hitcount|p2a: Donphan|2\n|\n|upkeep\n|turn|4\n|\n|t:|1781443497\n|switch|p1a: Cryogonal|Cryogonal, L89|287/287\n|move|p2a: Donphan|Knock Off|p1a: Cryogonal\n|-damage|p1a: Cryogonal|178/287\n|-enditem|p1a: Cryogonal|Heavy-Duty Boots|[from] move: Knock Off|[of] p2a: Donphan\n|\n|upkeep\n|turn|5\n|\n|t:|1781443505\n|switch|p2a: Delphox|Delphox, L84, F|263/263\n|move|p1a: Cryogonal|Freeze-Dry|p2a: Delphox\n|-resisted|p2a: Delphox\n|-damage|p2a: Delphox|229/263\n|\n|upkeep\n|turn|6\n|\n|t:|1781443516\n|switch|p1a: Empoleon|Empoleon, L84, M|278/278\n|move|p2a: Delphox|Psyshock|p1a: Empoleon\n|-resisted|p1a: Empoleon\n|-damage|p1a: Empoleon|209/278\n|\n|-heal|p1a: Empoleon|226/278|[from] item: Leftovers\n|upkeep\n|turn|7\n|\n|t:|1781443526\n|switch|p2a: Golduck|Golduck, L90, F|290/290\n|-ability|p2a: Golduck|Cloud Nine\n|move|p1a: Empoleon|Stealth Rock|p2a: Golduck\n|-sidestart|p2: exploziff|move: Stealth Rock\n|\n|-heal|p1a: Empoleon|243/278|[from] item: Leftovers\n|upkeep\n|turn|8\n|\n|t:|1781443529\n|move|p2a: Golduck|Nasty Plot|p2a: Golduck\n|-boost|p2a: Golduck|spa|2\n|move|p1a: Empoleon|Yawn|p2a: Golduck\n|-start|p2a: Golduck|move: Yawn|[of] p1a: Empoleon\n|\n|-heal|p1a: Empoleon|260/278|[from] item: Leftovers\n|upkeep\n|turn|9\n|\n|t:|1781443535\n|switch|p1a: Cryogonal|Cryogonal, L89|178/287\n|move|p2a: Golduck|Grass Knot|p1a: Cryogonal\n|-damage|p1a: Cryogonal|47/287\n|-damage|p2a: Golduck|261/290|[from] item: Life Orb\n|\n|-end|p2a: Golduck|move: Yawn|[silent]\n|-status|p2a: Golduck|slp\n|upkeep\n|turn|10\n|\n|t:|1781443542\n|move|p1a: Cryogonal|Recover|p1a: Cryogonal\n|-heal|p1a: Cryogonal|191/287\n|cant|p2a: Golduck|slp\n|\n|upkeep\n|turn|11\n|\n|t:|1781443545\n|move|p1a: Cryogonal|Freeze-Dry|p2a: Golduck\n|-supereffective|p2a: Golduck\n|-crit|p2a: Golduck\n|-damage|p2a: Golduck|0 fnt\n|faint|p2a: Golduck\n|\n|upkeep\n|\n|t:|1781443548\n|switch|p2a: Blaziken|Blaziken, L76, M|168/247\n|-damage|p2a: Blaziken|138/247|[from] Stealth Rock\n|turn|12\n|\n|t:|1781443552\n|switch|p1a: Salamence|Salamence, L77, M|204/273\n|-ability|p1a: Salamence|Intimidate|boost\n|-unboost|p2a: Blaziken|atk|1\n|move|p2a: Blaziken|Close Combat|p1a: Salamence\n|-resisted|p1a: Salamence\n|-damage|p1a: Salamence|144/273\n|-unboost|p2a: Blaziken|def|1\n|-unboost|p2a: Blaziken|spd|1\n|-damage|p2a: Blaziken|114/247|[from] item: Life Orb\n|\n|-ability|p2a: Blaziken|Speed Boost|boost\n|-boost|p2a: Blaziken|spe|1\n|upkeep\n|turn|13\n|\n|t:|1781443558\n|switch|p2a: Donphan|Donphan, L84, F|215/288\n|-damage|p2a: Donphan|197/288|[from] Stealth Rock\n|move|p1a: Salamence|Dragon Dance|p1a: Salamence\n|-boost|p1a: Salamence|atk|1\n|-boost|p1a: Salamence|spe|1\n|\n|upkeep\n|turn|14\n|\n|t:|1781443562\n|move|p1a: Salamence|Outrage|p2a: Donphan\n|-damage|p2a: Donphan|37/288\n|move|p2a: Donphan|Ice Spinner|p1a: Salamence\n|-supereffective|p1a: Salamence\n|-damage|p1a: Salamence|0 fnt\n|faint|p1a: Salamence\n|\n|upkeep\n|\n|t:|1781443570\n|switch|p1a: Cryogonal|Cryogonal, L89|191/287\n|turn|15\n|\n|t:|1781443573\n|move|p1a: Cryogonal|Freeze-Dry|p2a: Donphan\n|-supereffective|p2a: Donphan\n|-damage|p2a: Donphan|0 fnt\n|faint|p2a: Donphan\n|\n|upkeep\n|\n|t:|1781443575\n|switch|p2a: Blaziken|Blaziken, L76, M|114/247\n|-damage|p2a: Blaziken|84/247|[from] Stealth Rock\n|turn|16\n|\n|t:|1781443584\n|switch|p1a: Entei|Entei, L78|307/307\n|move|p2a: Blaziken|Swords Dance|p2a: Blaziken\n|-boost|p2a: Blaziken|atk|2\n|\n|-ability|p2a: Blaziken|Speed Boost|boost\n|-boost|p2a: Blaziken|spe|1\n|upkeep\n|turn|17\n|\n|t:|1781443589\n|move|p1a: Entei|Extreme Speed|p2a: Blaziken\n|-damage|p2a: Blaziken|0 fnt\n|faint|p2a: Blaziken\n|\n|upkeep\n|\n|t:|1781443592\n|switch|p2a: Uxie|Uxie, L83|260/260\n|-damage|p2a: Uxie|228/260|[from] Stealth Rock\n|turn|18\n|\n|t:|1781443597\n|switch|p1a: Empoleon|Empoleon, L84, M|260/278\n|move|p2a: Uxie|Stealth Rock|p1a: Empoleon\n|-sidestart|p1: Sthibo|move: Stealth Rock\n|\n|-heal|p2a: Uxie|244/260|[from] item: Leftovers\n|-heal|p1a: Empoleon|277/278|[from] item: Leftovers\n|upkeep\n|turn|19\n|\n|t:|1781443600\n|move|p2a: Uxie|Psychic Noise|p1a: Empoleon\n|-resisted|p1a: Empoleon\n|-damage|p1a: Empoleon|249/278\n|-start|p1a: Empoleon|move: Heal Block\n|move|p1a: Empoleon|Yawn|p2a: Uxie\n|-start|p2a: Uxie|move: Yawn|[of] p1a: Empoleon\n|\n|-heal|p2a: Uxie|260/260|[from] item: Leftovers\n|upkeep\n|turn|20\n|\n|t:|1781443607\n|move|p2a: Uxie|U-turn|p1a: Empoleon\n|-resisted|p1a: Empoleon\n|-damage|p1a: Empoleon|230/278\n|\n|t:|1781443610\n|switch|p2a: Thundurus|Thundurus, L80, M|258/258|[from] U-turn\n|move|p1a: Empoleon|Yawn|p2a: Thundurus\n|-start|p2a: Thundurus|move: Yawn|[of] p1a: Empoleon\n|\n|-end|p1a: Empoleon|move: Heal Block\n|upkeep\n|turn|21\n|\n|t:|1781443616\n|switch|p2a: Uxie|Uxie, L83|260/260\n|-damage|p2a: Uxie|228/260|[from] Stealth Rock\n|move|p1a: Empoleon|Yawn|p2a: Uxie\n|-start|p2a: Uxie|move: Yawn|[of] p1a: Empoleon\n|\n|-heal|p2a: Uxie|244/260|[from] item: Leftovers\n|-heal|p1a: Empoleon|247/278|[from] item: Leftovers\n|upkeep\n|turn|22\n|\n|t:|1781443620\n|move|p2a: Uxie|Encore|p1a: Empoleon\n|-start|p1a: Empoleon|Encore\n|move|p1a: Empoleon|Yawn||[still]\n|-fail|p1a: Empoleon\n|\n|-heal|p2a: Uxie|260/260|[from] item: Leftovers\n|-heal|p1a: Empoleon|264/278|[from] item: Leftovers\n|-end|p2a: Uxie|move: Yawn|[silent]\n|-status|p2a: Uxie|slp\n|upkeep\n|turn|23\n|\n|t:|1781443629\n|switch|p2a: Delphox|Delphox, L84, F|229/263\n|-damage|p2a: Delphox|164/263|[from] Stealth Rock\n|switch|p1a: Bellossom|Bellossom, L84, F|263/263\n|-damage|p1a: Bellossom|231/263|[from] Stealth Rock\n|\n|-heal|p1a: Bellossom|247/263|[from] item: Leftovers\n|upkeep\n|turn|24\n|\n|t:|1781443634\n|move|p2a: Delphox|Fire Blast|p1a: Bellossom\n|-supereffective|p1a: Bellossom\n|-damage|p1a: Bellossom|0 fnt\n|faint|p1a: Bellossom\n|\n|upkeep\n|\n|t:|1781443637\n|switch|p1a: Entei|Entei, L78|307/307\n|-damage|p1a: Entei|231/307|[from] Stealth Rock\n|turn|25\n|\n|t:|1781443642\n|switch|p2a: Uxie|Uxie, L83|260/260 slp\n|-damage|p2a: Uxie|228/260 slp|[from] Stealth Rock\n|move|p1a: Entei|Sacred Fire|p2a: Uxie\n|-damage|p2a: Uxie|110/260 slp\n|\n|-heal|p2a: Uxie|126/260 slp|[from] item: Leftovers\n|upkeep\n|turn|26\n|\n|t:|1781443645\n|cant|p2a: Uxie|slp\n|move|p1a: Entei|Sacred Fire|p2a: Uxie|[miss]\n|-miss|p1a: Entei|p2a: Uxie\n|\n|-heal|p2a: Uxie|142/260 slp|[from] item: Leftovers\n|upkeep\n|turn|27\n|\n|t:|1781443648\n|-curestatus|p2a: Uxie|slp|[msg]\n|move|p2a: Uxie|Psychic Noise|p1a: Entei\n|-damage|p1a: Entei|152/307\n|-start|p1a: Entei|move: Heal Block\n|move|p1a: Entei|Sacred Fire|p2a: Uxie\n|-damage|p2a: Uxie|24/260\n|\n|-heal|p2a: Uxie|40/260|[from] item: Leftovers\n|upkeep\n|turn|28\n|\n|t:|1781443653\n|move|p2a: Uxie|Psychic Noise|p1a: Entei\n|-damage|p1a: Entei|68/307\n|move|p1a: Entei|Sacred Fire|p2a: Uxie\n|-damage|p2a: Uxie|0 fnt\n|faint|p2a: Uxie\n|\n|-end|p1a: Entei|move: Heal Block\n|upkeep\n|\n|t:|1781443665\n|switch|p2a: Delphox|Delphox, L84, F|164/263\n|-damage|p2a: Delphox|99/263|[from] Stealth Rock\n|turn|29\n|\n|t:|1781443671\n|switch|p1a: Cryogonal|Cryogonal, L89|191/287\n|-damage|p1a: Cryogonal|120/287|[from] Stealth Rock\n|move|p2a: Delphox|Fire Blast|p1a: Cryogonal\n|-supereffective|p1a: Cryogonal\n|-damage|p1a: Cryogonal|0 fnt\n|faint|p1a: Cryogonal\n|\n|upkeep\n|\n|t:|1781443674\n|switch|p1a: Latias|Latias, L79, F|256/256\n|-damage|p1a: Latias|224/256|[from] Stealth Rock\n|turn|30\n|\n|t:|1781443678\n|move|p2a: Delphox|Fire Blast|p1a: Latias|[miss]\n|-miss|p2a: Delphox|p1a: Latias\n|move|p1a: Latias|Calm Mind|p1a: Latias\n|-boost|p1a: Latias|spa|1\n|-boost|p1a: Latias|spd|1\n|\n|upkeep\n|turn|31\n|-message|exploziff forfeited.\n|\n|win|Sthibo\n|raw|Sthibo's rating: 1940 &rarr; <strong>1962</strong><br />(+22 for winning)\n|raw|exploziff's rating: 1976 &rarr; <strong>1954</strong><br />(-22 for losing)\n", "uploadtime": 1781443458, "views": 4, "formatid": "gen9randombattle", "rating": 1954, "private": 0, "password": null}