{"id": "gen9randombattle-2631960027", "format": "[Gen 9] Random Battle", "players": ["angelsc_2004", "AutoEgg"], "log": "|j|\u2606angelsc_2004\n|j|\u2606AutoEgg\n|t:|1781460101\n|gametype|singles\n|player|p1|angelsc_2004|gambler|1380\n|player|p2|AutoEgg|plasmagruntf-gen5bw|1372\n|gen|9\n|tier|[Gen 9] Random Battle\n|rated|\n|rule|Species Clause: Limit one of each Pok\u00e9mon\n|rule|HP Percentage Mod: HP is shown in percentages\n|rule|Sleep Clause Mod: Limit one foe put to sleep\n|rule|Illusion Level Mod: Illusion disguises the Pok\u00e9mon's true level\n|\n|t:|1781460101\n|teamsize|p1|6\n|teamsize|p2|6\n|start\n|switch|p1a: Basculegion|Basculegion-F, L83, F|335/335\n|switch|p2a: Sableye|Sableye, L88, M|231/231\n|turn|1\n|inactive|Battle timer is ON: inactive players will automatically lose when time's up. (requested by angelsc_2004)\n|\n|t:|1781460130\n|switch|p1a: Zacian|Zacian-Crowned, L64|225/225\n|-ability|p1a: Zacian|Intrepid Sword|boost\n|-boost|p1a: Zacian|atk|1\n|move|p2a: Sableye|Knock Off|p1a: Zacian\n|-resisted|p1a: Zacian\n|-damage|p1a: Zacian|193/225\n|\n|upkeep\n|turn|2\n|\n|t:|1781460145\n|move|p2a: Sableye|Will-O-Wisp|p1a: Zacian\n|-status|p1a: Zacian|brn\n|move|p1a: Zacian|Swords Dance|p1a: Zacian\n|-boost|p1a: Zacian|atk|2\n|\n|-damage|p1a: Zacian|179/225 brn|[from] brn\n|upkeep\n|turn|3\n|\n|t:|1781460154\n|move|p2a: Sableye|Encore|p1a: Zacian\n|-start|p1a: Zacian|Encore\n|move|p1a: Zacian|Swords Dance|p1a: Zacian\n|-boost|p1a: Zacian|atk|2\n|\n|-damage|p1a: Zacian|165/225 brn|[from] brn\n|upkeep\n|turn|4\n|\n|t:|1781460159\n|move|p1a: Zacian|Swords Dance|p1a: Zacian\n|-boost|p1a: Zacian|atk|1\n|move|p2a: Sableye|Knock Off|p1a: Zacian\n|-resisted|p1a: Zacian\n|-damage|p1a: Zacian|129/225 brn\n|\n|-damage|p1a: Zacian|115/225 brn|[from] brn\n|upkeep\n|turn|5\n|\n|t:|1781460169\n|move|p1a: Zacian|Swords Dance|p1a: Zacian\n|-boost|p1a: Zacian|atk|0\n|move|p2a: Sableye|Knock Off|p1a: Zacian\n|-resisted|p1a: Zacian\n|-damage|p1a: Zacian|82/225 brn\n|\n|-damage|p1a: Zacian|68/225 brn|[from] brn\n|-end|p1a: Zacian|Encore\n|upkeep\n|turn|6\n|\n|t:|1781460183\n|move|p2a: Sableye|Encore|p1a: Zacian\n|-start|p1a: Zacian|Encore\n|move|p1a: Zacian|Swords Dance|p1a: Zacian\n|-boost|p1a: Zacian|atk|0\n|\n|-damage|p1a: Zacian|54/225 brn|[from] brn\n|upkeep\n|turn|7\n|\n|t:|1781460191\n|move|p1a: Zacian|Swords Dance|p1a: Zacian\n|-boost|p1a: Zacian|atk|0\n|move|p2a: Sableye|Knock Off|p1a: Zacian\n|-resisted|p1a: Zacian\n|-damage|p1a: Zacian|21/225 brn\n|\n|-damage|p1a: Zacian|7/225 brn|[from] brn\n|upkeep\n|turn|8\n|\n|t:|1781460205\n|switch|p2a: Munkidori|Munkidori, L79, M|269/269\n|move|p1a: Zacian|Swords Dance|p1a: Zacian\n|-boost|p1a: Zacian|atk|0\n|\n|-damage|p1a: Zacian|0 fnt|[from] brn\n|faint|p1a: Zacian\n|upkeep\n|\n|t:|1781460228\n|switch|p1a: Basculegion|Basculegion-F, L83, F|335/335\n|turn|9\n|\n|t:|1781460238\n|move|p2a: Munkidori|U-turn|p1a: Basculegion\n|-resisted|p1a: Basculegion\n|-damage|p1a: Basculegion|312/335\n|\n|t:|1781460242\n|switch|p2a: Scovillain|Scovillain, L91, F|266/266|[from] U-turn\n|move|p1a: Basculegion|Shadow Ball|p2a: Scovillain\n|-damage|p2a: Scovillain|58/266\n|\n|-heal|p2a: Scovillain|74/266|[from] item: Leftovers\n|upkeep\n|turn|10\n|\n|t:|1781460257\n|switch|p1a: Skarmory|Skarmory, L80, M|235/235\n|move|p2a: Scovillain|Leech Seed|p1a: Skarmory\n|-start|p1a: Skarmory|move: Leech Seed\n|\n|-heal|p2a: Scovillain|90/266|[from] item: Leftovers\n|-damage|p1a: Skarmory|206/235|[from] Leech Seed|[of] p2a: Scovillain\n|-heal|p2a: Scovillain|119/266|[silent]\n|upkeep\n|turn|11\n|\n|t:|1781460278\n|switch|p1a: Sandy Shocks|Sandy Shocks, L80|267/267\n|move|p2a: Scovillain|Substitute|p2a: Scovillain\n|-start|p2a: Scovillain|Substitute\n|-damage|p2a: Scovillain|53/266\n|\n|-heal|p2a: Scovillain|69/266|[from] item: Leftovers\n|upkeep\n|turn|12\n|\n|t:|1781460297\n|move|p1a: Sandy Shocks|Earth Power|p2a: Scovillain\n|-end|p2a: Scovillain|Substitute\n|move|p2a: Scovillain|Leech Seed|p1a: Sandy Shocks\n|-start|p1a: Sandy Shocks|move: Leech Seed\n|\n|-heal|p2a: Scovillain|85/266|[from] item: Leftovers\n|-damage|p1a: Sandy Shocks|234/267|[from] Leech Seed|[of] p2a: Scovillain\n|-heal|p2a: Scovillain|118/266|[silent]\n|upkeep\n|turn|13\n|\n|t:|1781460307\n|move|p2a: Scovillain|Protect|p2a: Scovillain\n|-singleturn|p2a: Scovillain|Protect\n|move|p1a: Sandy Shocks|Earth Power|p2a: Scovillain\n|-activate|p2a: Scovillain|move: Protect\n|\n|-heal|p2a: Scovillain|134/266|[from] item: Leftovers\n|-damage|p1a: Sandy Shocks|201/267|[from] Leech Seed|[of] p2a: Scovillain\n|-heal|p2a: Scovillain|167/266|[silent]\n|upkeep\n|turn|14\n|\n|t:|1781460320\n|move|p1a: Sandy Shocks|Earth Power|p2a: Scovillain\n|-damage|p2a: Scovillain|38/266\n|move|p2a: Scovillain|Substitute|p2a: Scovillain\n|-fail|p2a: Scovillain|move: Substitute|[weak]\n|\n|-heal|p2a: Scovillain|54/266|[from] item: Leftovers\n|-damage|p1a: Sandy Shocks|168/267|[from] Leech Seed|[of] p2a: Scovillain\n|-heal|p2a: Scovillain|87/266|[silent]\n|upkeep\n|turn|15\n|\n|t:|1781460330\n|move|p2a: Scovillain|Protect|p2a: Scovillain\n|-singleturn|p2a: Scovillain|Protect\n|move|p1a: Sandy Shocks|Earth Power|p2a: Scovillain\n|-activate|p2a: Scovillain|move: Protect\n|\n|-heal|p2a: Scovillain|103/266|[from] item: Leftovers\n|-damage|p1a: Sandy Shocks|135/267|[from] Leech Seed|[of] p2a: Scovillain\n|-heal|p2a: Scovillain|136/266|[silent]\n|upkeep\n|turn|16\n|\n|t:|1781460339\n|move|p1a: Sandy Shocks|Volt Switch|p2a: Scovillain\n|-resisted|p2a: Scovillain\n|-damage|p2a: Scovillain|91/266\n|\n|t:|1781460342\n|-end|p1a: Sandy Shocks|Protosynthesis|[silent]\n|switch|p1a: Inteleon|Inteleon, L81, F|246/246|[from] Volt Switch\n|move|p2a: Scovillain|Flamethrower|p1a: Inteleon\n|-resisted|p1a: Inteleon\n|-damage|p1a: Inteleon|162/246\n|\n|-heal|p2a: Scovillain|107/266|[from] item: Leftovers\n|upkeep\n|turn|17\n|\n|t:|1781460358\n|switch|p2a: Sableye|Sableye, L88, M|231/231\n|move|p1a: Inteleon|Scald|p2a: Sableye\n|-damage|p2a: Sableye|51/231\n|\n|-heal|p2a: Sableye|65/231|[from] item: Leftovers\n|upkeep\n|turn|18\n|\n|t:|1781460368\n|switch|p2a: Empoleon|Empoleon, L84, F|278/278\n|move|p1a: Inteleon|Scald|p2a: Empoleon\n|-resisted|p2a: Empoleon\n|-damage|p2a: Empoleon|212/278\n|-status|p2a: Empoleon|brn\n|\n|-heal|p2a: Empoleon|229/278 brn|[from] item: Leftovers\n|-damage|p2a: Empoleon|212/278 brn|[from] brn\n|upkeep\n|turn|19\n|\n|t:|1781460384\n|move|p1a: Inteleon|Scald|p2a: Empoleon\n|-resisted|p2a: Empoleon\n|-damage|p2a: Empoleon|143/278 brn\n|move|p2a: Empoleon|Stealth Rock|p1a: Inteleon\n|-sidestart|p1: angelsc_2004|move: Stealth Rock\n|\n|-heal|p2a: Empoleon|160/278 brn|[from] item: Leftovers\n|-damage|p2a: Empoleon|143/278 brn|[from] brn\n|upkeep\n|turn|20\n|\n|t:|1781460395\n|switch|p1a: Breloom|Breloom, L83, F|235/235\n|-damage|p1a: Breloom|221/235|[from] Stealth Rock\n|move|p2a: Empoleon|Roost|p2a: Empoleon\n|-heal|p2a: Empoleon|278/278 brn\n|-singleturn|p2a: Empoleon|move: Roost\n|\n|-damage|p2a: Empoleon|261/278 brn|[from] brn\n|upkeep\n|turn|21\n|\n|t:|1781460414\n|move|p1a: Breloom|Swords Dance|p1a: Breloom\n|-boost|p1a: Breloom|atk|2\n|move|p2a: Empoleon|Ice Beam|p1a: Breloom\n|-supereffective|p1a: Breloom\n|-damage|p1a: Breloom|31/235\n|\n|-heal|p2a: Empoleon|278/278 brn|[from] item: Leftovers\n|-damage|p2a: Empoleon|261/278 brn|[from] brn\n|upkeep\n|turn|22\n|\n|t:|1781460425\n|switch|p2a: Sableye|Sableye, L88, M|65/231\n|move|p1a: Breloom|Mach Punch|p2a: Sableye\n|-immune|p2a: Sableye\n|\n|-heal|p2a: Sableye|79/231|[from] item: Leftovers\n|upkeep\n|turn|23\n|\n|t:|1781460432\n|move|p2a: Sableye|Encore|p1a: Breloom\n|-start|p1a: Breloom|Encore\n|move|p1a: Breloom|Mach Punch|p2a: Sableye\n|-immune|p2a: Sableye\n|\n|-heal|p2a: Sableye|93/231|[from] item: Leftovers\n|upkeep\n|turn|24\n|\n|t:|1781460439\n|switch|p1a: Inteleon|Inteleon, L81, F|162/246\n|-damage|p1a: Inteleon|132/246|[from] Stealth Rock\n|move|p2a: Sableye|Recover|p2a: Sableye\n|-heal|p2a: Sableye|209/231\n|\n|-heal|p2a: Sableye|223/231|[from] item: Leftovers\n|upkeep\n|turn|25\n|\n|t:|1781460451\n|switch|p2a: Empoleon|Empoleon, L84, F|261/278 brn\n|move|p1a: Inteleon|Hydro Pump|p2a: Empoleon\n|-resisted|p2a: Empoleon\n|-damage|p2a: Empoleon|166/278 brn\n|\n|-heal|p2a: Empoleon|183/278 brn|[from] item: Leftovers\n|-damage|p2a: Empoleon|166/278 brn|[from] brn\n|upkeep\n|turn|26\n|\n|t:|1781460469\n|switch|p1a: Sandy Shocks|Sandy Shocks, L80|135/267\n|move|p2a: Empoleon|Ice Beam|p1a: Sandy Shocks\n|-supereffective|p1a: Sandy Shocks\n|-damage|p1a: Sandy Shocks|0 fnt\n|faint|p1a: Sandy Shocks\n|-end|p1a: Sandy Shocks|Protosynthesis|[silent]\n|\n|-heal|p2a: Empoleon|183/278 brn|[from] item: Leftovers\n|-damage|p2a: Empoleon|166/278 brn|[from] brn\n|upkeep\n|\n|t:|1781460483\n|switch|p1a: Skarmory|Skarmory, L80, M|206/235\n|-damage|p1a: Skarmory|177/235|[from] Stealth Rock\n|turn|27\n|\n|t:|1781460494\n|move|p1a: Skarmory|Iron Defense|p1a: Skarmory\n|-boost|p1a: Skarmory|def|2\n|move|p2a: Empoleon|Surf|p1a: Skarmory\n|-damage|p1a: Skarmory|57/235\n|\n|-heal|p1a: Skarmory|71/235|[from] item: Leftovers\n|-heal|p2a: Empoleon|183/278 brn|[from] item: Leftovers\n|-damage|p2a: Empoleon|166/278 brn|[from] brn\n|upkeep\n|turn|28\n|\n|t:|1781460507\n|switch|p2a: Sableye|Sableye, L88, M|223/231\n|move|p1a: Skarmory|Body Press|p2a: Sableye\n|-immune|p2a: Sableye\n|\n|-heal|p1a: Skarmory|85/235|[from] item: Leftovers\n|-heal|p2a: Sableye|231/231|[from] item: Leftovers\n|upkeep\n|turn|29\n|-message|angelsc_2004 forfeited.\n|\n|win|AutoEgg\n|raw|angelsc_2004's rating: 1380 &rarr; <strong>1360</strong><br />(-20 for losing)\n|raw|AutoEgg's rating: 1372 &rarr; <strong>1392</strong><br />(+20 for winning)\n|l|\u2606angelsc_2004\n|player|p1|\n", "uploadtime": 1781460658, "views": 7, "formatid": "gen9randombattle", "rating": 1360, "private": 0, "password": null}