{"id": "gen9randombattle-2631463088", "format": "[Gen 9] Random Battle", "players": ["rafael_louco3", "EntomoLady"], "log": "|j|\u2606rafael_louco3\n|j|\u2606EntomoLady\n|t:|1781387763\n|gametype|singles\n|player|p1|rafael_louco3|roxie|1313\n|player|p2|EntomoLady|cheryl|1303\n|gen|9\n|tier|[Gen 9] Random Battle\n|rated|\n|rule|Species Clause: Limit one of each Pok\u00e9mon\n|rule|HP Percentage Mod: HP is shown in percentages\n|rule|Sleep Clause Mod: Limit one foe put to sleep\n|rule|Illusion Level Mod: Illusion disguises the Pok\u00e9mon's true level\n|\n|t:|1781387763\n|teamsize|p1|6\n|teamsize|p2|6\n|start\n|switch|p1a: Palafin|Palafin, L77, M|281/281\n|switch|p2a: Hypno|Hypno, L95, M|315/315\n|turn|1\n|inactive|Battle timer is ON: inactive players will automatically lose when time's up. (requested by rafael_louco3)\n|\n|t:|1781387769\n|move|p1a: Palafin|Flip Turn|p2a: Hypno\n|-damage|p2a: Hypno|246/315\n|\n|t:|1781387779\n|detailschange|p1a: Palafin|Palafin-Hero, L77, M\n|switch|p1a: Girafarig|Girafarig, L89, M|269/269|[from] Flip Turn\n|move|p2a: Hypno|Thunder Wave|p1a: Girafarig\n|-status|p1a: Girafarig|par\n|\n|-heal|p2a: Hypno|265/315|[from] item: Leftovers\n|upkeep\n|turn|2\n|\n|t:|1781387796\n|move|p2a: Hypno|Knock Off|p1a: Girafarig\n|-supereffective|p1a: Girafarig\n|-damage|p1a: Girafarig|149/269 par\n|-enditem|p1a: Girafarig|Eviolite|[from] move: Knock Off|[of] p2a: Hypno\n|move|p1a: Girafarig|Nasty Plot|p1a: Girafarig\n|-boost|p1a: Girafarig|spa|2\n|\n|-heal|p2a: Hypno|284/315|[from] item: Leftovers\n|upkeep\n|turn|3\n|\n|t:|1781387812\n|move|p2a: Hypno|Knock Off|p1a: Girafarig\n|-supereffective|p1a: Girafarig\n|-damage|p1a: Girafarig|37/269 par\n|move|p1a: Girafarig|Thunderbolt|p2a: Hypno\n|-damage|p2a: Hypno|186/315\n|-status|p2a: Hypno|par\n|\n|-heal|p2a: Hypno|205/315 par|[from] item: Leftovers\n|upkeep\n|turn|4\n|\n|t:|1781387820\n|move|p1a: Girafarig|Thunderbolt|p2a: Hypno\n|-damage|p2a: Hypno|112/315 par\n|move|p2a: Hypno|Knock Off|p1a: Girafarig\n|-supereffective|p1a: Girafarig\n|-damage|p1a: Girafarig|0 fnt\n|faint|p1a: Girafarig\n|\n|-heal|p2a: Hypno|131/315 par|[from] item: Leftovers\n|upkeep\n|\n|t:|1781387832\n|switch|p1a: Palafin|Palafin-Hero, L77, M|281/281\n|-activate|p1a: Palafin|ability: Zero to Hero\n|turn|5\n|\n|t:|1781387841\n|-terastallize|p1a: Palafin|Water\n|move|p1a: Palafin|Jet Punch|p2a: Hypno\n|-damage|p2a: Hypno|0 fnt\n|faint|p2a: Hypno\n|\n|upkeep\n|\n|t:|1781387848\n|switch|p2a: Tsareena|Tsareena, L87, F|267/267\n|turn|6\n|\n|t:|1781387855\n|switch|p1a: Glimmora|Glimmora, L75, F|248/248\n|move|p2a: Tsareena|Power Whip|p1a: Glimmora\n|-damage|p1a: Glimmora|58/248\n|-activate|p1a: Glimmora|ability: Toxic Debris\n|-sidestart|p2: EntomoLady|move: Toxic Spikes\n|\n|upkeep\n|turn|7\n|\n|t:|1781387865\n|move|p2a: Tsareena|Triple Axel|p1a: Glimmora\n|-damage|p1a: Glimmora|37/248\n|-activate|p1a: Glimmora|ability: Toxic Debris\n|-sidestart|p2: EntomoLady|move: Toxic Spikes\n|-damage|p1a: Glimmora|1/248\n|-damage|p1a: Glimmora|0 fnt\n|faint|p1a: Glimmora\n|-hitcount|p1: Glimmora|3\n|\n|upkeep\n|\n|t:|1781387882\n|switch|p1a: Infernape|Infernape, L82, M|259/259\n|turn|8\n|\n|t:|1781387889\n|switch|p2a: Minun|Minun, L95, M|268/268\n|-status|p2a: Minun|tox\n|move|p1a: Infernape|Overheat|p2a: Minun\n|-damage|p2a: Minun|111/268 tox\n|-unboost|p1a: Infernape|spa|2\n|-damage|p1a: Infernape|234/259|[from] item: Life Orb\n|\n|-damage|p2a: Minun|95/268 tox|[from] psn\n|upkeep\n|turn|9\n|inactive|rafael_louco3 has 120 seconds left.\n|\n|t:|1781387936\n|move|p2a: Minun|Thunderbolt|p1a: Infernape\n|-damage|p1a: Infernape|81/259\n|-damage|p2a: Minun|69/268 tox|[from] item: Life Orb\n|move|p1a: Infernape|Knock Off|p2a: Minun\n|-damage|p2a: Minun|0 fnt\n|-enditem|p2a: Minun|Life Orb|[from] move: Knock Off|[of] p1a: Infernape\n|faint|p2a: Minun\n|-damage|p1a: Infernape|56/259|[from] item: Life Orb\n|\n|upkeep\n|\n|t:|1781387952\n|switch|p2a: Noivern|Noivern, L82, F|274/274\n|turn|10\n|\n|t:|1781387964\n|switch|p1a: Lycanroc|Lycanroc-Dusk, L81, F|254/254\n|move|p2a: Noivern|Hurricane|p1a: Lycanroc|[miss]\n|-miss|p2a: Noivern|p1a: Lycanroc\n|\n|upkeep\n|turn|11\n|\n|t:|1781387973\n|move|p1a: Lycanroc|Accelerock|p2a: Noivern\n|-supereffective|p2a: Noivern\n|-damage|p2a: Noivern|86/274\n|move|p2a: Noivern|Hurricane|p1a: Lycanroc|[miss]\n|-miss|p2a: Noivern|p1a: Lycanroc\n|\n|upkeep\n|turn|12\n|inactive|rafael_louco3 has 120 seconds left.\n|\n|t:|1781387983\n|move|p1a: Lycanroc|Accelerock|p2a: Noivern\n|-supereffective|p2a: Noivern\n|-damage|p2a: Noivern|0 fnt\n|faint|p2a: Noivern\n|\n|upkeep\n|\n|t:|1781388004\n|switch|p2a: Tsareena|Tsareena, L87, F|267/267\n|-status|p2a: Tsareena|tox\n|turn|13\n|inactive|rafael_louco3 has 120 seconds left.\n|\n|t:|1781388020\n|switch|p1a: Infernape|Infernape, L82, M|56/259\n|move|p2a: Tsareena|Rapid Spin|p1a: Infernape\n|-damage|p1a: Infernape|0 fnt\n|-boost|p2a: Tsareena|spe|1\n|-sideend|p2: EntomoLady|Toxic Spikes|[from] move: Rapid Spin|[of] p2a: Tsareena\n|faint|p1a: Infernape\n|\n|-damage|p2a: Tsareena|251/267 tox|[from] psn\n|upkeep\n|inactive|rafael_louco3 has 120 seconds left.\n|\n|t:|1781388025\n|switch|p1a: Meloetta|Meloetta, L82|298/298\n|turn|14\n|\n|t:|1781388032\n|move|p2a: Tsareena|Power Whip|p1a: Meloetta\n|-damage|p1a: Meloetta|123/298\n|move|p1a: Meloetta|Hyper Voice|p2a: Tsareena\n|-damage|p2a: Tsareena|179/267 tox\n|\n|-heal|p1a: Meloetta|141/298|[from] item: Leftovers\n|-damage|p2a: Tsareena|147/267 tox|[from] psn\n|upkeep\n|turn|15\n|\n|t:|1781388036\n|move|p2a: Tsareena|Power Whip|p1a: Meloetta\n|-damage|p1a: Meloetta|0 fnt\n|faint|p1a: Meloetta\n|\n|-damage|p2a: Tsareena|99/267 tox|[from] psn\n|upkeep\n|\n|t:|1781388042\n|switch|p1a: Lycanroc|Lycanroc-Dusk, L81, F|254/254\n|turn|16\n|\n|t:|1781388045\n|move|p1a: Lycanroc|Accelerock||[still]\n|cant|p2a: Tsareena|ability: Queenly Majesty|Accelerock|[of] p1a: Lycanroc\n|move|p2a: Tsareena|High Jump Kick|p1a: Lycanroc\n|-supereffective|p1a: Lycanroc\n|-damage|p1a: Lycanroc|0 fnt\n|faint|p1a: Lycanroc\n|\n|-damage|p2a: Tsareena|35/267 tox|[from] psn\n|upkeep\n|\n|t:|1781388048\n|switch|p1a: Palafin|Palafin-Hero, L77, M, tera:Water|281/281\n|turn|17\n|\n|t:|1781388052\n|move|p2a: Tsareena|Power Whip|p1a: Palafin\n|-supereffective|p1a: Palafin\n|-crit|p1a: Palafin\n|-damage|p1a: Palafin|0 fnt\n|faint|p1a: Palafin\n|\n|win|EntomoLady\n|raw|rafael_louco3's rating: 1313 &rarr; <strong>1292</strong><br />(-21 for losing)\n|raw|EntomoLady's rating: 1303 &rarr; <strong>1324</strong><br />(+21 for winning)\n|l|\u2606rafael_louco3\n|player|p1|\n", "uploadtime": 1781388068, "views": 7, "formatid": "gen9randombattle", "rating": 1292, "private": 0, "password": null}