{"id": "gen9randombattle-2631826075", "format": "[Gen 9] Random Battle", "players": ["xxzfn", "pagenfranskane"], "log": "|j|\u2606xxzfn\n|j|\u2606pagenfranskane\n|t:|1781445044\n|gametype|singles\n|player|p1|xxzfn|102|2245\n|player|p2|pagenfranskane|battlegirl|2026\n|gen|9\n|tier|[Gen 9] Random Battle\n|rated|\n|rule|Species Clause: Limit one of each Pok\u00e9mon\n|rule|HP Percentage Mod: HP is shown in percentages\n|rule|Sleep Clause Mod: Limit one foe put to sleep\n|rule|Illusion Level Mod: Illusion disguises the Pok\u00e9mon's true level\n|\n|t:|1781445044\n|teamsize|p1|6\n|teamsize|p2|6\n|start\n|switch|p1a: Munkidori|Munkidori, L79, M|269/269\n|switch|p2a: Kleavor|Kleavor, L78, F|237/237\n|turn|1\n|inactive|Battle timer is ON: inactive players will automatically lose when time's up. (requested by xxzfn)\n|\n|t:|1781445059\n|move|p1a: Munkidori|Fake Out|p2a: Kleavor\n|-resisted|p2a: Kleavor\n|-crit|p2a: Kleavor\n|-damage|p2a: Kleavor|221/237\n|-status|p2a: Kleavor|tox|[from] ability: Toxic Chain|[of] p1a: Munkidori\n|cant|p2a: Kleavor|flinch\n|\n|-damage|p2a: Kleavor|207/237 tox|[from] psn\n|upkeep\n|turn|2\n|\n|t:|1781445062\n|move|p1a: Munkidori|U-turn|p2a: Kleavor\n|-damage|p2a: Kleavor|171/237 tox\n|\n|t:|1781445066\n|switch|p1a: Corviknight|Corviknight, L80, M|288/288|[from] U-turn\n|-ability|p1a: Corviknight|Pressure\n|move|p2a: Kleavor|Stone Axe|p1a: Corviknight\n|-damage|p1a: Corviknight|174/288\n|-sidestart|p1: xxzfn|move: Stealth Rock\n|\n|-heal|p1a: Corviknight|192/288|[from] item: Leftovers\n|-damage|p2a: Kleavor|143/237 tox|[from] psn\n|upkeep\n|turn|3\n|\n|t:|1781445071\n|switch|p2a: Entei|Entei, L78|307/307\n|move|p1a: Corviknight|Roost|p1a: Corviknight\n|-heal|p1a: Corviknight|288/288\n|-singleturn|p1a: Corviknight|move: Roost\n|\n|upkeep\n|turn|4\n|\n|t:|1781445080\n|switch|p1a: Hydreigon|Hydreigon, L79, F|275/275\n|-damage|p1a: Hydreigon|241/275|[from] Stealth Rock\n|move|p2a: Entei|Sacred Fire|p1a: Hydreigon\n|-resisted|p1a: Hydreigon\n|-damage|p1a: Hydreigon|165/275\n|-status|p1a: Hydreigon|brn\n|\n|-damage|p1a: Hydreigon|148/275 brn|[from] brn\n|upkeep\n|turn|5\n|\n|t:|1781445089\n|switch|p2a: Greedent|Greedent, L86, M|347/347\n|move|p1a: Hydreigon|Draco Meteor|p2a: Greedent\n|-damage|p2a: Greedent|120/347\n|-unboost|p1a: Hydreigon|spa|2\n|-enditem|p2a: Greedent|Sitrus Berry|[eat]\n|-heal|p2a: Greedent|206/347|[from] item: Sitrus Berry\n|-heal|p2a: Greedent|321/347|[from] ability: Cheek Pouch\n|-damage|p1a: Hydreigon|121/275 brn|[from] item: Life Orb\n|\n|-damage|p1a: Hydreigon|104/275 brn|[from] brn\n|upkeep\n|turn|6\n|\n|t:|1781445094\n|switch|p1a: Corviknight|Corviknight, L80, M|288/288\n|-damage|p1a: Corviknight|252/288|[from] Stealth Rock\n|-ability|p1a: Corviknight|Pressure\n|move|p2a: Greedent|Swords Dance|p2a: Greedent\n|-boost|p2a: Greedent|atk|2\n|\n|-heal|p1a: Corviknight|270/288|[from] item: Leftovers\n|upkeep\n|turn|7\n|\n|t:|1781445097\n|move|p1a: Corviknight|Defog|p2a: Greedent\n|-unboost|p2a: Greedent|evasion|1\n|-sideend|p1: xxzfn|Stealth Rock|[from] move: Defog|[of] p1a: Corviknight\n|move|p2a: Greedent|Knock Off|p1a: Corviknight\n|-damage|p1a: Corviknight|146/288\n|-enditem|p1a: Corviknight|Leftovers|[from] move: Knock Off|[of] p2a: Greedent\n|\n|upkeep\n|turn|8\n|\n|t:|1781445102\n|move|p1a: Corviknight|Brave Bird|p2a: Greedent\n|-damage|p2a: Greedent|222/347\n|-damage|p1a: Corviknight|113/288|[from] Recoil\n|move|p2a: Greedent|Earthquake|p1a: Corviknight\n|-immune|p1a: Corviknight\n|\n|upkeep\n|turn|9\n|\n|t:|1781445105\n|move|p1a: Corviknight|Roost|p1a: Corviknight\n|-heal|p1a: Corviknight|257/288\n|-singleturn|p1a: Corviknight|move: Roost\n|move|p2a: Greedent|Double-Edge|p1a: Corviknight\n|-resisted|p1a: Corviknight\n|-damage|p1a: Corviknight|140/288\n|-damage|p2a: Greedent|183/347|[from] Recoil\n|\n|upkeep\n|turn|10\n|\n|t:|1781445111\n|move|p1a: Corviknight|Brave Bird|p2a: Greedent\n|-damage|p2a: Greedent|90/347\n|-damage|p1a: Corviknight|109/288|[from] Recoil\n|move|p2a: Greedent|Swords Dance|p2a: Greedent\n|-boost|p2a: Greedent|atk|2\n|\n|upkeep\n|turn|11\n|\n|t:|1781445113\n|move|p1a: Corviknight|Brave Bird|p2a: Greedent\n|-damage|p2a: Greedent|0 fnt\n|faint|p2a: Greedent\n|-damage|p1a: Corviknight|79/288|[from] Recoil\n|\n|upkeep\n|\n|t:|1781445118\n|switch|p2a: Entei|Entei, L78|307/307\n|turn|12\n|\n|t:|1781445124\n|move|p2a: Entei|Sacred Fire|p1a: Corviknight\n|-supereffective|p1a: Corviknight\n|-damage|p1a: Corviknight|0 fnt\n|faint|p1a: Corviknight\n|\n|upkeep\n|\n|t:|1781445126\n|switch|p1a: Dugtrio|Dugtrio, L84, F|196/196\n|turn|13\n|\n|t:|1781445129\n|move|p1a: Dugtrio|Earthquake|p2a: Entei\n|-supereffective|p2a: Entei\n|-damage|p2a: Entei|0 fnt\n|faint|p2a: Entei\n|-damage|p1a: Dugtrio|177/196|[from] item: Life Orb\n|\n|upkeep\n|\n|t:|1781445133\n|switch|p2a: Eiscue|Eiscue, L88, M|274/274\n|turn|14\n|\n|t:|1781445138\n|switch|p1a: Munkidori|Munkidori, L79, M|269/269\n|move|p2a: Eiscue|Belly Drum|p2a: Eiscue\n|-damage|p2a: Eiscue|137/274\n|-setboost|p2a: Eiscue|atk|6|[from] move: Belly Drum\n|-enditem|p2a: Eiscue|Sitrus Berry|[eat]\n|-heal|p2a: Eiscue|205/274|[from] item: Sitrus Berry\n|\n|upkeep\n|turn|15\n|\n|t:|1781445143\n|move|p1a: Munkidori|Sludge Wave|p2a: Eiscue\n|-damage|p2a: Eiscue|100/274\n|move|p2a: Eiscue|Ice Spinner|p1a: Munkidori\n|-damage|p1a: Munkidori|0 fnt\n|faint|p1a: Munkidori\n|\n|upkeep\n|\n|t:|1781445149\n|switch|p1a: Hydreigon|Hydreigon, L79, F|104/275 brn\n|turn|16\n|\n|t:|1781445152\n|move|p1a: Hydreigon|Draco Meteor|p2a: Eiscue\n|-damage|p2a: Eiscue|0 fnt\n|-unboost|p1a: Hydreigon|spa|2\n|faint|p2a: Eiscue\n|-damage|p1a: Hydreigon|77/275 brn|[from] item: Life Orb\n|\n|-damage|p1a: Hydreigon|60/275 brn|[from] brn\n|upkeep\n|\n|t:|1781445159\n|switch|p2a: Gurdurr|Gurdurr, L85, F|283/283\n|turn|17\n|\n|t:|1781445163\n|switch|p1a: Bellossom|Bellossom, L84, M|263/263\n|move|p2a: Gurdurr|Bulk Up|p2a: Gurdurr\n|-boost|p2a: Gurdurr|atk|1\n|-boost|p2a: Gurdurr|def|1\n|\n|upkeep\n|turn|18\n|\n|t:|1781445168\n|move|p1a: Bellossom|Quiver Dance|p1a: Bellossom\n|-boost|p1a: Bellossom|spa|1\n|-boost|p1a: Bellossom|spd|1\n|-boost|p1a: Bellossom|spe|1\n|move|p2a: Gurdurr|Bulk Up|p2a: Gurdurr\n|-boost|p2a: Gurdurr|atk|1\n|-boost|p2a: Gurdurr|def|1\n|\n|upkeep\n|turn|19\n|\n|t:|1781445172\n|move|p1a: Bellossom|Moonblast|p2a: Gurdurr\n|-supereffective|p2a: Gurdurr\n|-damage|p2a: Gurdurr|85/283\n|move|p2a: Gurdurr|Knock Off|p1a: Bellossom\n|-damage|p1a: Bellossom|120/263\n|-enditem|p1a: Bellossom|Leftovers|[from] move: Knock Off|[of] p2a: Gurdurr\n|\n|upkeep\n|turn|20\n|\n|t:|1781445176\n|move|p2a: Gurdurr|Mach Punch|p1a: Bellossom\n|-damage|p1a: Bellossom|35/263\n|move|p1a: Bellossom|Strength Sap|p2a: Gurdurr\n|-unboost|p2a: Gurdurr|atk|1\n|-heal|p1a: Bellossom|263/263\n|\n|upkeep\n|turn|21\n|\n|t:|1781445179\n|move|p1a: Bellossom|Quiver Dance|p1a: Bellossom\n|-boost|p1a: Bellossom|spa|1\n|-boost|p1a: Bellossom|spd|1\n|-boost|p1a: Bellossom|spe|1\n|move|p2a: Gurdurr|Drain Punch|p1a: Bellossom\n|-damage|p1a: Bellossom|143/263\n|-heal|p2a: Gurdurr|145/283|[from] drain|[of] p1a: Bellossom\n|\n|upkeep\n|turn|22\n|\n|t:|1781445185\n|move|p1a: Bellossom|Strength Sap|p2a: Gurdurr\n|-unboost|p2a: Gurdurr|atk|1\n|-heal|p1a: Bellossom|263/263\n|move|p2a: Gurdurr|Bulk Up|p2a: Gurdurr\n|-boost|p2a: Gurdurr|atk|1\n|-boost|p2a: Gurdurr|def|1\n|\n|upkeep\n|turn|23\n|\n|t:|1781445188\n|move|p1a: Bellossom|Quiver Dance|p1a: Bellossom\n|-boost|p1a: Bellossom|spa|1\n|-boost|p1a: Bellossom|spd|1\n|-boost|p1a: Bellossom|spe|1\n|move|p2a: Gurdurr|Drain Punch|p1a: Bellossom\n|-damage|p1a: Bellossom|137/263\n|-heal|p2a: Gurdurr|208/283|[from] drain|[of] p1a: Bellossom\n|\n|upkeep\n|turn|24\n|\n|t:|1781445198\n|-terastallize|p2a: Gurdurr|Steel\n|move|p1a: Bellossom|Strength Sap|p2a: Gurdurr\n|-unboost|p2a: Gurdurr|atk|1\n|-heal|p1a: Bellossom|263/263\n|move|p2a: Gurdurr|Drain Punch|p1a: Bellossom\n|-damage|p1a: Bellossom|187/263\n|-heal|p2a: Gurdurr|246/283|[from] drain|[of] p1a: Bellossom\n|\n|upkeep\n|turn|25\n|\n|t:|1781445203\n|move|p1a: Bellossom|Giga Drain|p2a: Gurdurr\n|-resisted|p2a: Gurdurr\n|-damage|p2a: Gurdurr|163/283\n|-heal|p1a: Bellossom|229/263|[from] drain|[of] p2a: Gurdurr\n|move|p2a: Gurdurr|Bulk Up|p2a: Gurdurr\n|-boost|p2a: Gurdurr|atk|1\n|-boost|p2a: Gurdurr|def|1\n|\n|upkeep\n|turn|26\n|\n|t:|1781445209\n|move|p1a: Bellossom|Quiver Dance|p1a: Bellossom\n|-boost|p1a: Bellossom|spa|1\n|-boost|p1a: Bellossom|spd|1\n|-boost|p1a: Bellossom|spe|1\n|move|p2a: Gurdurr|Drain Punch|p1a: Bellossom\n|-damage|p1a: Bellossom|108/263\n|-heal|p2a: Gurdurr|224/283|[from] drain|[of] p1a: Bellossom\n|\n|upkeep\n|turn|27\n|\n|t:|1781445214\n|-terastallize|p1a: Bellossom|Fairy\n|move|p1a: Bellossom|Strength Sap|p2a: Gurdurr\n|-unboost|p2a: Gurdurr|atk|1\n|-heal|p1a: Bellossom|263/263\n|move|p2a: Gurdurr|Bulk Up|p2a: Gurdurr\n|-boost|p2a: Gurdurr|atk|1\n|-boost|p2a: Gurdurr|def|1\n|\n|upkeep\n|turn|28\n|\n|t:|1781445222\n|move|p1a: Bellossom|Quiver Dance|p1a: Bellossom\n|-boost|p1a: Bellossom|spa|1\n|-boost|p1a: Bellossom|spd|1\n|-boost|p1a: Bellossom|spe|1\n|move|p2a: Gurdurr|Bulk Up|p2a: Gurdurr\n|-boost|p2a: Gurdurr|atk|1\n|-boost|p2a: Gurdurr|def|1\n|\n|upkeep\n|turn|29\n|\n|t:|1781445226\n|move|p1a: Bellossom|Giga Drain|p2a: Gurdurr\n|-resisted|p2a: Gurdurr\n|-damage|p2a: Gurdurr|95/283\n|move|p2a: Gurdurr|Drain Punch|p1a: Bellossom\n|-resisted|p1a: Bellossom\n|-damage|p1a: Bellossom|181/263\n|-heal|p2a: Gurdurr|136/283|[from] drain|[of] p1a: Bellossom\n|\n|upkeep\n|turn|30\n|\n|t:|1781445228\n|move|p1a: Bellossom|Strength Sap|p2a: Gurdurr\n|-unboost|p2a: Gurdurr|atk|1\n|-heal|p1a: Bellossom|263/263\n|move|p2a: Gurdurr|Drain Punch|p1a: Bellossom\n|-resisted|p1a: Bellossom\n|-damage|p1a: Bellossom|199/263\n|-heal|p2a: Gurdurr|168/283|[from] drain|[of] p1a: Bellossom\n|\n|upkeep\n|turn|31\n|-message|pagenfranskane forfeited.\n|\n|win|xxzfn\n", "uploadtime": 1781445046, "views": 3, "formatid": "gen9randombattle", "rating": null, "private": 0, "password": null}