{"id": "gen9randombattle-2631372660", "format": "[Gen 9] Random Battle", "players": ["nano jump", "Teres bahji"], "log": "|badge|p2|bronze|gen9randombattle|100-9\n|uhtml|medal-msg|<div class=\"broadcast-blue\">Curious what those medals under the avatar are? PS now has Ladder Seasons! For more information, check out the <a href=\"https://www.smogon.com/forums/threads/3740067/\">thread on Smogon.</a></div>\n|j|\u2606nano jump\n|j|\u2606Teres bahji\n|t:|1781376929\n|gametype|singles\n|player|p1|nano jump|steven-masters|2297\n|player|p2|Teres bahji|#rbtt6teamzarudef|2379\n|gen|9\n|tier|[Gen 9] Random Battle\n|rated|\n|rule|Species Clause: Limit one of each Pok\u00e9mon\n|rule|HP Percentage Mod: HP is shown in percentages\n|rule|Sleep Clause Mod: Limit one foe put to sleep\n|rule|Illusion Level Mod: Illusion disguises the Pok\u00e9mon's true level\n|\n|t:|1781376929\n|teamsize|p1|6\n|teamsize|p2|6\n|start\n|switch|p1a: Mamoswine|Mamoswine, L81, M|311/311\n|switch|p2a: Golem|Golem-Alola, L93, M|300/300\n|turn|1\n|inactive|Battle timer is ON: inactive players will automatically lose when time's up. (requested by nano jump)\n|inactive|Teres bahji also wants the timer to be on.\n|c|\u2606nano jump|hi\n|\n|t:|1781376943\n|move|p1a: Mamoswine|Knock Off|p2a: Golem\n|-damage|p2a: Golem|220/300\n|-enditem|p2a: Golem|Choice Band|[from] move: Knock Off|[of] p1a: Mamoswine\n|move|p2a: Golem|Earthquake|p1a: Mamoswine\n|-damage|p1a: Mamoswine|199/311\n|\n|upkeep\n|turn|2\n|\n|t:|1781376955\n|switch|p1a: Lurantis|Lurantis, L87, M|264/264\n|move|p2a: Golem|Double-Edge|p1a: Lurantis\n|-resisted|p1a: Lurantis\n|-damage|p1a: Lurantis|156/264\n|-damage|p2a: Golem|184/300|[from] Recoil\n|\n|upkeep\n|turn|3\n|\n|t:|1781376963\n|move|p2a: Golem|Explosion|p1a: Lurantis\n|-resisted|p1a: Lurantis\n|-damage|p1a: Lurantis|0 fnt\n|faint|p2a: Golem\n|faint|p1a: Lurantis\n|\n|upkeep\n|\n|t:|1781376971\n|switch|p2a: Overqwil|Overqwil, L82, M|274/274\n|switch|p1a: Mamoswine|Mamoswine, L81, M|199/311\n|-ability|p2a: Overqwil|Intimidate|boost\n|-unboost|p1a: Mamoswine|atk|1\n|turn|4\n|\n|t:|1781376979\n|switch|p2a: Swanna|Swanna, L89, M|278/278\n|move|p1a: Mamoswine|Earthquake|p2a: Swanna\n|-immune|p2a: Swanna\n|\n|upkeep\n|turn|5\n|\n|t:|1781376986\n|switch|p1a: Staraptor|Staraptor, L79, M|263/263\n|move|p2a: Swanna|Brave Bird|p1a: Staraptor\n|-damage|p1a: Staraptor|109/263\n|-damage|p2a: Swanna|227/278|[from] Recoil\n|\n|upkeep\n|turn|6\n|\n|t:|1781376996\n|switch|p1a: Sudowoodo|Sudowoodo, L94, F|284/284\n|move|p2a: Swanna|Brave Bird|p1a: Sudowoodo\n|-resisted|p1a: Sudowoodo\n|-damage|p1a: Sudowoodo|234/284\n|-damage|p2a: Swanna|210/278|[from] Recoil\n|\n|-heal|p1a: Sudowoodo|251/284|[from] item: Leftovers\n|upkeep\n|turn|7\n|\n|t:|1781377001\n|-terastallize|p1a: Sudowoodo|Grass\n|move|p2a: Swanna|Hydro Pump|p1a: Sudowoodo\n|-resisted|p1a: Sudowoodo\n|-damage|p1a: Sudowoodo|189/284\n|move|p1a: Sudowoodo|Head Smash|p2a: Swanna\n|-supereffective|p2a: Swanna\n|-damage|p2a: Swanna|0 fnt\n|faint|p2a: Swanna\n|\n|-heal|p1a: Sudowoodo|206/284|[from] item: Leftovers\n|upkeep\n|\n|t:|1781377009\n|switch|p2a: Scovillain|Scovillain, L91, M|266/266\n|turn|8\n|\n|t:|1781377017\n|switch|p1a: Staraptor|Staraptor, L79, M|109/263\n|move|p2a: Scovillain|Flamethrower|p1a: Staraptor\n|-damage|p1a: Staraptor|0 fnt\n|faint|p1a: Staraptor\n|\n|upkeep\n|\n|t:|1781377023\n|switch|p1a: Mamoswine|Mamoswine, L81, M|199/311\n|turn|9\n|\n|t:|1781377027\n|move|p2a: Scovillain|Protect|p2a: Scovillain\n|-singleturn|p2a: Scovillain|Protect\n|move|p1a: Mamoswine|Earthquake|p2a: Scovillain\n|-activate|p2a: Scovillain|move: Protect\n|\n|upkeep\n|turn|10\n|\n|t:|1781377033\n|move|p2a: Scovillain|Flamethrower|p1a: Mamoswine\n|-supereffective|p1a: Mamoswine\n|-damage|p1a: Mamoswine|31/311\n|move|p1a: Mamoswine|Earthquake|p2a: Scovillain\n|-damage|p2a: Scovillain|49/266\n|\n|-heal|p2a: Scovillain|65/266|[from] item: Leftovers\n|upkeep\n|turn|11\n|\n|t:|1781377038\n|move|p2a: Scovillain|Flamethrower|p1a: Mamoswine\n|-supereffective|p1a: Mamoswine\n|-damage|p1a: Mamoswine|0 fnt\n|faint|p1a: Mamoswine\n|\n|-heal|p2a: Scovillain|81/266|[from] item: Leftovers\n|upkeep\n|\n|t:|1781377044\n|switch|p1a: Iron Valiant|Iron Valiant, L78|244/244\n|turn|12\n|\n|t:|1781377059\n|move|p1a: Iron Valiant|Knock Off|p2a: Scovillain\n|-damage|p2a: Scovillain|0 fnt\n|-enditem|p2a: Scovillain|Leftovers|[from] move: Knock Off|[of] p1a: Iron Valiant\n|faint|p2a: Scovillain\n|-damage|p1a: Iron Valiant|220/244|[from] item: Life Orb\n|\n|upkeep\n|\n|t:|1781377068\n|switch|p2a: Overqwil|Overqwil, L82, M|274/274\n|-ability|p2a: Overqwil|Intimidate|boost\n|-unboost|p1a: Iron Valiant|atk|1\n|turn|13\n|\n|t:|1781377075\n|move|p1a: Iron Valiant|Moonblast|p2a: Overqwil\n|-damage|p2a: Overqwil|101/274\n|-damage|p1a: Iron Valiant|196/244|[from] item: Life Orb\n|move|p2a: Overqwil|Gunk Shot|p1a: Iron Valiant\n|-supereffective|p1a: Iron Valiant\n|-damage|p1a: Iron Valiant|0 fnt\n|faint|p1a: Iron Valiant\n|-end|p1a: Iron Valiant|Quark Drive|[silent]\n|\n|upkeep\n|\n|t:|1781377078\n|switch|p1a: Vileplume|Vileplume, L85, M|266/266\n|turn|14\n|\n|t:|1781377087\n|move|p2a: Overqwil|Swords Dance|p2a: Overqwil\n|-boost|p2a: Overqwil|atk|2\n|move|p1a: Vileplume|Strength Sap|p2a: Overqwil\n|-unboost|p2a: Overqwil|atk|1\n|\n|upkeep\n|turn|15\n|\n|t:|1781377102\n|move|p2a: Overqwil|Swords Dance|p2a: Overqwil\n|-boost|p2a: Overqwil|atk|2\n|move|p1a: Vileplume|Strength Sap|p2a: Overqwil\n|-unboost|p2a: Overqwil|atk|1\n|\n|upkeep\n|turn|16\n|\n|t:|1781377117\n|move|p2a: Overqwil|Swords Dance|p2a: Overqwil\n|-boost|p2a: Overqwil|atk|2\n|move|p1a: Vileplume|Leech Seed|p2a: Overqwil\n|-start|p2a: Overqwil|move: Leech Seed\n|\n|-damage|p2a: Overqwil|67/274|[from] Leech Seed|[of] p1a: Vileplume\n|upkeep\n|turn|17\n|\n|t:|1781377128\n|move|p2a: Overqwil|Gunk Shot|p1a: Vileplume\n|-damage|p1a: Vileplume|0 fnt\n|faint|p1a: Vileplume\n|\n|upkeep\n|\n|t:|1781377130\n|switch|p1a: Sudowoodo|Sudowoodo, L94, F, tera:Grass|206/284\n|turn|18\n|\n|t:|1781377159\n|move|p1a: Sudowoodo|Sucker Punch|p2a: Overqwil\n|-resisted|p2a: Overqwil\n|-damage|p2a: Overqwil|38/274\n|move|p2a: Overqwil|Gunk Shot|p1a: Sudowoodo|[miss]\n|-miss|p2a: Overqwil|p1a: Sudowoodo\n|\n|-heal|p1a: Sudowoodo|223/284|[from] item: Leftovers\n|-damage|p2a: Overqwil|4/274|[from] Leech Seed|[of] p1a: Sudowoodo\n|-heal|p1a: Sudowoodo|257/284|[silent]\n|upkeep\n|turn|19\n|\n|t:|1781377164\n|move|p1a: Sudowoodo|Sucker Punch|p2a: Overqwil\n|-resisted|p2a: Overqwil\n|-damage|p2a: Overqwil|0 fnt\n|faint|p2a: Overqwil\n|\n|-heal|p1a: Sudowoodo|274/284|[from] item: Leftovers\n|upkeep\n|\n|t:|1781377170\n|switch|p2a: Mamoswine|Mamoswine, L81, F|311/311\n|turn|20\n|\n|t:|1781377175\n|move|p2a: Mamoswine|Icicle Crash|p1a: Sudowoodo\n|-supereffective|p1a: Sudowoodo\n|-damage|p1a: Sudowoodo|53/284\n|-damage|p2a: Mamoswine|280/311|[from] item: Life Orb\n|move|p1a: Sudowoodo|Wood Hammer|p2a: Mamoswine\n|-supereffective|p2a: Mamoswine\n|-damage|p2a: Mamoswine|0 fnt\n|faint|p2a: Mamoswine\n|\n|-heal|p1a: Sudowoodo|70/284|[from] item: Leftovers\n|upkeep\n|\n|t:|1781377187\n|switch|p2a: Cetitan|Cetitan, L82, M|412/412\n|turn|21\n|\n|t:|1781377192\n|-terastallize|p2a: Cetitan|Ice\n|move|p2a: Cetitan|Ice Spinner|p1a: Sudowoodo\n|-supereffective|p1a: Sudowoodo\n|-damage|p1a: Sudowoodo|0 fnt\n|faint|p1a: Sudowoodo\n|\n|win|Teres bahji\n", "uploadtime": 1781376930, "views": 6, "formatid": "gen9randombattle", "rating": null, "private": 0, "password": null}