{"id": "gen9randombattle-2631979064", "format": "[Gen 9] Random Battle", "players": ["The Blue Doggo", "nickolassbomfim"], "log": "|j|\u2606The Blue Doggo\n|j|\u2606nickolassbomfim\n|t:|1781462181\n|gametype|singles\n|player|p1|The Blue Doggo|crasherwake|1922\n|player|p2|nickolassbomfim|red-masters|1961\n|gen|9\n|tier|[Gen 9] Random Battle\n|rated|\n|rule|Species Clause: Limit one of each Pok\u00e9mon\n|rule|HP Percentage Mod: HP is shown in percentages\n|rule|Sleep Clause Mod: Limit one foe put to sleep\n|rule|Illusion Level Mod: Illusion disguises the Pok\u00e9mon's true level\n|\n|t:|1781462181\n|teamsize|p1|6\n|teamsize|p2|6\n|start\n|switch|p1a: Cloyster|Cloyster, L80, F|211/211\n|switch|p2a: Sableye|Sableye, L88, M|231/231\n|turn|1\n|inactive|Battle timer is ON: inactive players will automatically lose when time's up. (requested by nickolassbomfim)\n|\n|t:|1781462194\n|switch|p1a: Luxray|Luxray, L88, M|283/283\n|move|p2a: Sableye|Knock Off|p1a: Luxray\n|-damage|p1a: Luxray|189/283\n|-enditem|p1a: Luxray|Flame Orb|[from] move: Knock Off|[of] p2a: Sableye\n|\n|upkeep\n|turn|2\n|\n|t:|1781462201\n|switch|p2a: Vikavolt|Vikavolt, L83, F|263/263\n|move|p1a: Luxray|Play Rough|p2a: Vikavolt|[miss]\n|-miss|p1a: Luxray|p2a: Vikavolt\n|\n|upkeep\n|turn|3\n|\n|t:|1781462211\n|move|p1a: Luxray|Play Rough|p2a: Vikavolt\n|-damage|p2a: Vikavolt|173/263\n|move|p2a: Vikavolt|Sticky Web|p1a: Luxray\n|-sidestart|p1: The Blue Doggo|move: Sticky Web\n|\n|upkeep\n|turn|4\n|\n|t:|1781462216\n|move|p1a: Luxray|Play Rough|p2a: Vikavolt\n|-damage|p2a: Vikavolt|83/263\n|move|p2a: Vikavolt|Bug Buzz|p1a: Luxray\n|-damage|p1a: Luxray|54/283\n|\n|upkeep\n|turn|5\n|\n|t:|1781462220\n|move|p1a: Luxray|Play Rough|p2a: Vikavolt\n|-damage|p2a: Vikavolt|6/263\n|move|p2a: Vikavolt|Bug Buzz|p1a: Luxray\n|-damage|p1a: Luxray|0 fnt\n|faint|p1a: Luxray\n|\n|upkeep\n|\n|t:|1781462223\n|switch|p1a: Toedscruel|Toedscruel, L87, F|281/281\n|-activate|p1a: Toedscruel|move: Sticky Web\n|-unboost|p1a: Toedscruel|spe|1\n|turn|6\n|\n|t:|1781462230\n|switch|p2a: Sableye|Sableye, L88, M|231/231\n|move|p1a: Toedscruel|Giga Drain|p2a: Sableye\n|-damage|p2a: Sableye|150/231\n|\n|-heal|p2a: Sableye|164/231|[from] item: Leftovers\n|upkeep\n|turn|7\n|\n|t:|1781462235\n|move|p2a: Sableye|Knock Off|p1a: Toedscruel\n|-damage|p1a: Toedscruel|166/281\n|-enditem|p1a: Toedscruel|Leftovers|[from] move: Knock Off|[of] p2a: Sableye\n|move|p1a: Toedscruel|Spore|p2a: Sableye\n|-status|p2a: Sableye|slp|[from] move: Spore\n|\n|-heal|p2a: Sableye|178/231 slp|[from] item: Leftovers\n|upkeep\n|turn|8\n|\n|t:|1781462238\n|move|p1a: Toedscruel|Giga Drain|p2a: Sableye\n|-damage|p2a: Sableye|99/231 slp\n|-heal|p1a: Toedscruel|206/281|[from] drain|[of] p2a: Sableye\n|cant|p2a: Sableye|slp\n|\n|-heal|p2a: Sableye|113/231 slp|[from] item: Leftovers\n|upkeep\n|turn|9\n|\n|t:|1781462243\n|cant|p2a: Sableye|slp\n|move|p1a: Toedscruel|Giga Drain|p2a: Sableye\n|-damage|p2a: Sableye|19/231 slp\n|-heal|p1a: Toedscruel|253/281|[from] drain|[of] p2a: Sableye\n|\n|-heal|p2a: Sableye|33/231 slp|[from] item: Leftovers\n|upkeep\n|turn|10\n|\n|t:|1781462245\n|-curestatus|p2a: Sableye|slp|[msg]\n|move|p2a: Sableye|Encore|p1a: Toedscruel\n|-start|p1a: Toedscruel|Encore\n|move|p1a: Toedscruel|Giga Drain|p2a: Sableye\n|-damage|p2a: Sableye|0 fnt\n|-heal|p1a: Toedscruel|270/281|[from] drain|[of] p2a: Sableye\n|faint|p2a: Sableye\n|\n|upkeep\n|\n|t:|1781462251\n|switch|p2a: Hawlucha|Hawlucha, L80, F|256/256\n|turn|11\n|\n|t:|1781462260\n|switch|p1a: Mimikyu|Mimikyu, L79, M|216/216\n|-activate|p1a: Mimikyu|move: Sticky Web\n|-unboost|p1a: Mimikyu|spe|1\n|move|p2a: Hawlucha|Swords Dance|p2a: Hawlucha\n|-boost|p2a: Hawlucha|atk|2\n|\n|upkeep\n|turn|12\n|\n|t:|1781462266\n|-terastallize|p2a: Hawlucha|Flying\n|move|p2a: Hawlucha|Throat Chop|p1a: Mimikyu\n|-activate|p1a: Mimikyu|ability: Disguise\n|-damage|p1a: Mimikyu|216/216\n|-start|p1a: Mimikyu|Throat Chop|[silent]\n|detailschange|p1a: Mimikyu|Mimikyu-Busted, L79, M\n|-damage|p1a: Mimikyu|189/216|[from] pokemon: Mimikyu-Busted\n|move|p1a: Mimikyu|Play Rough|p2a: Hawlucha\n|-crit|p2a: Hawlucha\n|-damage|p2a: Hawlucha|84/256\n|-damage|p1a: Mimikyu|168/216|[from] item: Life Orb\n|\n|upkeep\n|turn|13\n|\n|t:|1781462280\n|move|p1a: Mimikyu|Shadow Sneak|p2a: Hawlucha\n|-damage|p2a: Hawlucha|33/256\n|-damage|p1a: Mimikyu|147/216|[from] item: Life Orb\n|move|p2a: Hawlucha|Brave Bird|p1a: Mimikyu\n|-damage|p1a: Mimikyu|0 fnt\n|faint|p1a: Mimikyu\n|-damage|p2a: Hawlucha|0 fnt|[from] Recoil\n|faint|p2a: Hawlucha\n|\n|upkeep\n|\n|t:|1781462284\n|switch|p2a: Flamigo|Flamigo, L82, F|269/269\n|switch|p1a: Toedscruel|Toedscruel, L87, F|270/281\n|-activate|p1a: Toedscruel|move: Sticky Web\n|-unboost|p1a: Toedscruel|spe|1\n|turn|14\n|\n|t:|1781462296\n|switch|p1a: Raikou|Raikou, L81|278/278\n|-activate|p1a: Raikou|move: Sticky Web\n|-unboost|p1a: Raikou|spe|1\n|-ability|p1a: Raikou|Pressure\n|move|p2a: Flamigo|Brave Bird|p1a: Raikou\n|-resisted|p1a: Raikou\n|-damage|p1a: Raikou|158/278\n|-damage|p2a: Flamigo|229/269|[from] Recoil\n|\n|-heal|p1a: Raikou|175/278|[from] item: Leftovers\n|upkeep\n|turn|15\n|\n|t:|1781462299\n|switch|p2a: Snorlax|Snorlax, L82, F|397/397\n|move|p1a: Raikou|Thunderbolt|p2a: Snorlax\n|-damage|p2a: Snorlax|303/397\n|\n|-heal|p1a: Raikou|192/278|[from] item: Leftovers\n|-heal|p2a: Snorlax|327/397|[from] item: Leftovers\n|upkeep\n|turn|16\n|\n|t:|1781462306\n|move|p1a: Raikou|Substitute|p1a: Raikou\n|-start|p1a: Raikou|Substitute\n|-damage|p1a: Raikou|123/278\n|move|p2a: Snorlax|Body Slam|p1a: Raikou\n|-end|p1a: Raikou|Substitute\n|\n|-heal|p1a: Raikou|140/278|[from] item: Leftovers\n|-heal|p2a: Snorlax|351/397|[from] item: Leftovers\n|upkeep\n|turn|17\n|\n|t:|1781462309\n|switch|p1a: Toedscruel|Toedscruel, L87, F|270/281\n|-activate|p1a: Toedscruel|move: Sticky Web\n|-unboost|p1a: Toedscruel|spe|1\n|move|p2a: Snorlax|Body Slam|p1a: Toedscruel\n|-damage|p1a: Toedscruel|165/281\n|\n|-heal|p2a: Snorlax|375/397|[from] item: Leftovers\n|upkeep\n|turn|18\n|\n|t:|1781462311\n|switch|p2a: Calyrex|Calyrex-Shadow, L64|235/235\n|-ability|p2a: Calyrex|As One\n|-ability|p2a: Calyrex|Unnerve\n|move|p1a: Toedscruel|Rapid Spin|p2a: Calyrex\n|-immune|p2a: Calyrex\n|\n|upkeep\n|turn|19\n|\n|t:|1781462319\n|move|p2a: Calyrex|Nasty Plot|p2a: Calyrex\n|-boost|p2a: Calyrex|spa|2\n|move|p1a: Toedscruel|Spore|p2a: Calyrex\n|-status|p2a: Calyrex|slp|[from] move: Spore\n|\n|upkeep\n|turn|20\n|\n|t:|1781462325\n|cant|p2a: Calyrex|slp\n|move|p1a: Toedscruel|Giga Drain|p2a: Calyrex\n|-damage|p2a: Calyrex|156/235 slp\n|-heal|p1a: Toedscruel|205/281|[from] drain|[of] p2a: Calyrex\n|\n|upkeep\n|turn|21\n|\n|t:|1781462328\n|cant|p2a: Calyrex|slp\n|move|p1a: Toedscruel|Giga Drain|p2a: Calyrex\n|-damage|p2a: Calyrex|71/235 slp\n|-heal|p1a: Toedscruel|248/281|[from] drain|[of] p2a: Calyrex\n|\n|upkeep\n|turn|22\n|\n|t:|1781462330\n|-curestatus|p2a: Calyrex|slp|[msg]\n|move|p2a: Calyrex|Psyshock|p1a: Toedscruel\n|-damage|p1a: Toedscruel|0 fnt\n|faint|p1a: Toedscruel\n|-ability|p2a: Calyrex|Grim Neigh|boost\n|-boost|p2a: Calyrex|spa|1\n|-damage|p2a: Calyrex|48/235|[from] item: Life Orb\n|\n|upkeep\n|-message|The Blue Doggo forfeited.\n|\n|win|nickolassbomfim\n", "uploadtime": 1781462182, "views": 3, "formatid": "gen9randombattle", "rating": null, "private": 0, "password": null}