{"id": "gen9randombattle-2631908917", "format": "[Gen 9] Random Battle", "players": ["trevorstmcgoodbody", "Profschnitzel"], "log": "|j|\u2606trevorstmcgoodbody\n|j|\u2606Profschnitzel\n|t:|1781454511\n|gametype|singles\n|player|p1|trevorstmcgoodbody|265|2073\n|player|p2|Profschnitzel|steven|2028\n|gen|9\n|tier|[Gen 9] Random Battle\n|rated|\n|rule|Species Clause: Limit one of each Pok\u00e9mon\n|rule|HP Percentage Mod: HP is shown in percentages\n|rule|Sleep Clause Mod: Limit one foe put to sleep\n|rule|Illusion Level Mod: Illusion disguises the Pok\u00e9mon's true level\n|\n|t:|1781454511\n|teamsize|p1|6\n|teamsize|p2|6\n|start\n|switch|p1a: Garganacl|Garganacl, L80, M|291/291\n|switch|p2a: Phione|Phione, L91|293/293\n|turn|1\n|inactive|Battle timer is ON: inactive players will automatically lose when time's up. (requested by Profschnitzel)\n|inactive|trevorstmcgoodbody also wants the timer to be on.\n|\n|t:|1781454526\n|move|p2a: Phione|Scald|p1a: Garganacl\n|-supereffective|p1a: Garganacl\n|-damage|p1a: Garganacl|121/291\n|move|p1a: Garganacl|Salt Cure|p2a: Phione\n|-damage|p2a: Phione|251/293\n|-start|p2a: Phione|Salt Cure\n|\n|-heal|p2a: Phione|269/293|[from] item: Leftovers\n|-heal|p1a: Garganacl|139/291|[from] item: Leftovers\n|-damage|p2a: Phione|196/293|[from] Salt Cure\n|upkeep\n|turn|2\n|\n|t:|1781454532\n|switch|p2a: Donphan|Donphan, L84, F|288/288\n|switch|p1a: Dudunsparce|Dudunsparce-Three-Segment, L83, F|343/343\n|\n|upkeep\n|turn|3\n|\n|t:|1781454537\n|move|p1a: Dudunsparce|Toxic|p2a: Donphan\n|-status|p2a: Donphan|tox\n|move|p2a: Donphan|Stealth Rock|p1a: Dudunsparce\n|-sidestart|p1: trevorstmcgoodbody|move: Stealth Rock\n|\n|-damage|p2a: Donphan|270/288 tox|[from] psn\n|upkeep\n|turn|4\n|\n|t:|1781454548\n|move|p1a: Dudunsparce|Boomburst|p2a: Donphan\n|-damage|p2a: Donphan|98/288 tox\n|move|p2a: Donphan|Rapid Spin|p1a: Dudunsparce\n|-damage|p1a: Dudunsparce|296/343\n|-boost|p2a: Donphan|spe|1\n|\n|-heal|p2a: Donphan|116/288 tox|[from] item: Leftovers\n|-heal|p1a: Dudunsparce|317/343|[from] item: Leftovers\n|-damage|p2a: Donphan|80/288 tox|[from] psn\n|upkeep\n|turn|5\n|\n|t:|1781454559\n|switch|p1a: Dodrio|Dodrio, L85, M|241/241\n|-damage|p1a: Dodrio|181/241|[from] Stealth Rock\n|move|p2a: Donphan|Earthquake|p1a: Dodrio\n|-immune|p1a: Dodrio\n|\n|-heal|p2a: Donphan|98/288 tox|[from] item: Leftovers\n|-damage|p2a: Donphan|44/288 tox|[from] psn\n|upkeep\n|turn|6\n|\n|t:|1781454563\n|move|p2a: Donphan|Ice Shard|p1a: Dodrio\n|-supereffective|p1a: Dodrio\n|-damage|p1a: Dodrio|103/241\n|move|p1a: Dodrio|Brave Bird|p2a: Donphan\n|-damage|p2a: Donphan|0 fnt\n|faint|p2a: Donphan\n|-damage|p1a: Dodrio|88/241|[from] Recoil\n|\n|upkeep\n|\n|t:|1781454579\n|switch|p2a: Latias|Latias, L79, F|256/256\n|turn|7\n|\n|t:|1781454584\n|-terastallize|p2a: Latias|Steel\n|move|p1a: Dodrio|Brave Bird|p2a: Latias\n|-resisted|p2a: Latias\n|-damage|p2a: Latias|140/256\n|-damage|p1a: Dodrio|50/241|[from] Recoil\n|move|p2a: Latias|Calm Mind|p2a: Latias\n|-boost|p2a: Latias|spa|1\n|-boost|p2a: Latias|spd|1\n|\n|upkeep\n|turn|8\n|\n|t:|1781454593\n|switch|p1a: Dondozo|Dondozo, L78, F|362/362\n|-damage|p1a: Dondozo|317/362|[from] Stealth Rock\n|move|p2a: Latias|Recover|p2a: Latias\n|-heal|p2a: Latias|256/256\n|\n|-heal|p1a: Dondozo|339/362|[from] item: Leftovers\n|upkeep\n|turn|9\n|\n|t:|1781454599\n|move|p2a: Latias|Draco Meteor|p1a: Dondozo|[miss]\n|-miss|p2a: Latias|p1a: Dondozo\n|move|p1a: Dondozo|Wave Crash|p2a: Latias\n|-damage|p2a: Latias|127/256\n|-damage|p1a: Dondozo|296/362|[from] Recoil\n|\n|-heal|p1a: Dondozo|318/362|[from] item: Leftovers\n|upkeep\n|turn|10\n|\n|t:|1781454606\n|move|p2a: Latias|Recover|p2a: Latias\n|-heal|p2a: Latias|255/256\n|move|p1a: Dondozo|Wave Crash|p2a: Latias\n|-damage|p2a: Latias|137/256\n|-damage|p1a: Dondozo|279/362|[from] Recoil\n|\n|-heal|p1a: Dondozo|301/362|[from] item: Leftovers\n|upkeep\n|turn|11\n|\n|t:|1781454611\n|move|p2a: Latias|Draco Meteor|p1a: Dondozo\n|-damage|p1a: Dondozo|87/362\n|-unboost|p2a: Latias|spa|2\n|move|p1a: Dondozo|Wave Crash|p2a: Latias\n|-damage|p2a: Latias|20/256\n|-damage|p1a: Dondozo|48/362|[from] Recoil\n|\n|-heal|p1a: Dondozo|70/362|[from] item: Leftovers\n|upkeep\n|turn|12\n|\n|t:|1781454616\n|switch|p1a: Cobalion|Cobalion, L80|277/277\n|-damage|p1a: Cobalion|269/277|[from] Stealth Rock\n|move|p2a: Latias|Draco Meteor|p1a: Cobalion\n|-resisted|p1a: Cobalion\n|-damage|p1a: Cobalion|205/277\n|-unboost|p2a: Latias|spa|2\n|\n|-heal|p1a: Cobalion|222/277|[from] item: Leftovers\n|upkeep\n|turn|13\n|\n|t:|1781454625\n|switch|p2a: Scovillain|Scovillain, L91, M|266/266\n|move|p1a: Cobalion|Iron Defense|p1a: Cobalion\n|-boost|p1a: Cobalion|def|2\n|\n|-heal|p1a: Cobalion|239/277|[from] item: Leftovers\n|upkeep\n|turn|14\n|\n|t:|1781454634\n|switch|p1a: Dondozo|Dondozo, L78, F|70/362\n|-damage|p1a: Dondozo|25/362|[from] Stealth Rock\n|move|p2a: Scovillain|Sunny Day|p2a: Scovillain\n|-weather|SunnyDay\n|\n|-weather|SunnyDay|[upkeep]\n|-heal|p1a: Dondozo|47/362|[from] item: Leftovers\n|upkeep\n|turn|15\n|\n|t:|1781454639\n|move|p2a: Scovillain|Energy Ball|p1a: Dondozo\n|-supereffective|p1a: Dondozo\n|-damage|p1a: Dondozo|0 fnt\n|faint|p1a: Dondozo\n|\n|-weather|SunnyDay|[upkeep]\n|upkeep\n|\n|t:|1781454646\n|switch|p1a: Dudunsparce|Dudunsparce-Three-Segment, L83, F|317/343\n|-damage|p1a: Dudunsparce|275/343|[from] Stealth Rock\n|turn|16\n|\n|t:|1781454650\n|move|p2a: Scovillain|Fire Blast|p1a: Dudunsparce\n|-damage|p1a: Dudunsparce|34/343\n|move|p1a: Dudunsparce|Roost|p1a: Dudunsparce\n|-heal|p1a: Dudunsparce|206/343\n|-singleturn|p1a: Dudunsparce|move: Roost\n|\n|-weather|SunnyDay|[upkeep]\n|-heal|p1a: Dudunsparce|227/343|[from] item: Leftovers\n|upkeep\n|turn|17\n|\n|t:|1781454655\n|move|p2a: Scovillain|Fire Blast|p1a: Dudunsparce\n|-damage|p1a: Dudunsparce|0 fnt\n|faint|p1a: Dudunsparce\n|\n|-weather|SunnyDay|[upkeep]\n|upkeep\n|\n|t:|1781454661\n|switch|p1a: Salazzle|Salazzle, L83, F|249/249\n|-damage|p1a: Salazzle|187/249|[from] Stealth Rock\n|turn|18\n|\n|t:|1781454668\n|move|p1a: Salazzle|Protect|p1a: Salazzle\n|-singleturn|p1a: Salazzle|Protect\n|move|p2a: Scovillain|Stomping Tantrum|p1a: Salazzle\n|-activate|p1a: Salazzle|move: Protect\n|\n|-weather|none\n|-heal|p1a: Salazzle|202/249|[from] item: Leftovers\n|upkeep\n|turn|19\n|\n|t:|1781454673\n|move|p1a: Salazzle|Flamethrower|p2a: Scovillain\n|-damage|p2a: Scovillain|155/266\n|move|p2a: Scovillain|Sunny Day|p2a: Scovillain\n|-weather|SunnyDay\n|\n|-weather|SunnyDay|[upkeep]\n|-heal|p1a: Salazzle|217/249|[from] item: Leftovers\n|upkeep\n|turn|20\n|\n|t:|1781454677\n|move|p1a: Salazzle|Protect|p1a: Salazzle\n|-singleturn|p1a: Salazzle|Protect\n|move|p2a: Scovillain|Stomping Tantrum|p1a: Salazzle\n|-activate|p1a: Salazzle|move: Protect\n|\n|-weather|SunnyDay|[upkeep]\n|-heal|p1a: Salazzle|232/249|[from] item: Leftovers\n|upkeep\n|turn|21\n|\n|t:|1781454681\n|-terastallize|p1a: Salazzle|Grass\n|move|p2a: Scovillain|Fire Blast|p1a: Salazzle\n|-supereffective|p1a: Salazzle\n|-damage|p1a: Salazzle|0 fnt\n|faint|p1a: Salazzle\n|\n|-weather|SunnyDay|[upkeep]\n|upkeep\n|c|\u2606Profschnitzel|gg\n|\n|t:|1781454685\n|switch|p1a: Cobalion|Cobalion, L80|239/277\n|-damage|p1a: Cobalion|231/277|[from] Stealth Rock\n|turn|22\n|\n|t:|1781454688\n|move|p2a: Scovillain|Fire Blast|p1a: Cobalion\n|-supereffective|p1a: Cobalion\n|-damage|p1a: Cobalion|0 fnt\n|faint|p1a: Cobalion\n|\n|-weather|SunnyDay|[upkeep]\n|upkeep\n|\n|t:|1781454690\n|switch|p1a: Garganacl|Garganacl, L80, M|139/291\n|-damage|p1a: Garganacl|103/291|[from] Stealth Rock\n|turn|23\n|\n|t:|1781454692\n|move|p2a: Scovillain|Energy Ball|p1a: Garganacl\n|-supereffective|p1a: Garganacl\n|-damage|p1a: Garganacl|0 fnt\n|faint|p1a: Garganacl\n|\n|-weather|none\n|upkeep\n|c|\u2606Profschnitzel|not the rocks\n|-message|trevorstmcgoodbody forfeited.\n|\n|win|Profschnitzel\n", "uploadtime": 1781454514, "views": 8, "formatid": "gen9randombattle", "rating": null, "private": 0, "password": null}