{"id": "gen9randombattle-2631932376", "format": "[Gen 9] Random Battle", "players": ["NEMOASUKA", "haibaraa"], "log": "|j|\u2606NEMOASUKA\n|j|\u2606haibaraa\n|t:|1781457067\n|gametype|singles\n|player|p1|NEMOASUKA|lucas|1956\n|player|p2|haibaraa|unknownf|1998\n|gen|9\n|tier|[Gen 9] Random Battle\n|rated|\n|rule|Species Clause: Limit one of each Pok\u00e9mon\n|rule|HP Percentage Mod: HP is shown in percentages\n|rule|Sleep Clause Mod: Limit one foe put to sleep\n|rule|Illusion Level Mod: Illusion disguises the Pok\u00e9mon's true level\n|\n|t:|1781457067\n|teamsize|p1|6\n|teamsize|p2|6\n|start\n|switch|p1a: Basculin|Basculin, L86, F|261/261\n|switch|p2a: Weezing|Weezing-Galar, L86, F|252/252\n|turn|1\n|inactive|Battle timer is ON: inactive players will automatically lose when time's up. (requested by NEMOASUKA)\n|inactive|haibaraa has 120 seconds left.\n|\n|t:|1781457134\n|move|p1a: Basculin|Flip Turn|p2a: Weezing\n|-damage|p2a: Weezing|152/252\n|\n|t:|1781457141\n|switch|p1a: Sableye|Sableye, L88, M|231/231|[from] Flip Turn\n|move|p2a: Weezing|Will-O-Wisp|p1a: Sableye\n|-status|p1a: Sableye|brn\n|\n|-heal|p2a: Weezing|167/252|[from] item: Leftovers\n|-damage|p1a: Sableye|217/231 brn|[from] brn\n|upkeep\n|turn|2\n|\n|t:|1781457147\n|move|p2a: Weezing|Strange Steam|p1a: Sableye\n|-supereffective|p1a: Sableye\n|-damage|p1a: Sableye|0 fnt\n|faint|p1a: Sableye\n|\n|-heal|p2a: Weezing|182/252|[from] item: Leftovers\n|upkeep\n|\n|t:|1781457153\n|switch|p1a: Iron Treads|Iron Treads, L77|265/265\n|turn|3\n|\n|t:|1781457159\n|move|p1a: Iron Treads|Iron Head|p2a: Weezing\n|-supereffective|p2a: Weezing\n|-damage|p2a: Weezing|62/252\n|move|p2a: Weezing|Will-O-Wisp|p1a: Iron Treads|[miss]\n|-miss|p2a: Weezing|p1a: Iron Treads\n|\n|-heal|p2a: Weezing|77/252|[from] item: Leftovers\n|upkeep\n|turn|4\n|\n|t:|1781457168\n|switch|p2a: Grumpig|Grumpig, L92, M|297/297\n|move|p1a: Iron Treads|Iron Head|p2a: Grumpig\n|-damage|p2a: Grumpig|212/297\n|\n|upkeep\n|turn|5\n|\n|t:|1781457183\n|move|p2a: Grumpig|Trick|p1a: Iron Treads\n|-activate|p2a: Grumpig|move: Trick|[of] p1a: Iron Treads\n|-item|p1a: Iron Treads|Choice Scarf|[from] move: Trick\n|-item|p2a: Grumpig|Assault Vest|[from] move: Trick\n|move|p1a: Iron Treads|Volt Switch|p2a: Grumpig\n|-crit|p2a: Grumpig\n|-damage|p2a: Grumpig|183/297\n|\n|t:|1781457192\n|-end|p1a: Iron Treads|Quark Drive|[silent]\n|switch|p1a: Gyarados|Gyarados, L79, F|280/280|[from] Volt Switch\n|\n|upkeep\n|turn|6\n|\n|t:|1781457195\n|move|p2a: Grumpig|Psyshock|p1a: Gyarados\n|-damage|p1a: Gyarados|172/280\n|move|p1a: Gyarados|Dragon Dance|p1a: Gyarados\n|-boost|p1a: Gyarados|atk|1\n|-boost|p1a: Gyarados|spe|1\n|\n|upkeep\n|turn|7\n|\n|t:|1781457208\n|move|p1a: Gyarados|Waterfall|p2a: Grumpig\n|-damage|p2a: Grumpig|35/297\n|move|p2a: Grumpig|Psyshock|p1a: Gyarados\n|-damage|p1a: Gyarados|72/280\n|\n|upkeep\n|turn|8\n|\n|t:|1781457214\n|switch|p2a: Kingdra|Kingdra, L84, F|263/263\n|move|p1a: Gyarados|Waterfall|p2a: Kingdra\n|-resisted|p2a: Kingdra\n|-damage|p2a: Kingdra|232/263\n|\n|upkeep\n|turn|9\n|inactive|NEMOASUKA has 120 seconds left.\n|\n|t:|1781457255\n|move|p1a: Gyarados|Earthquake|p2a: Kingdra\n|-damage|p2a: Kingdra|128/263\n|move|p2a: Kingdra|Dragon Dance|p2a: Kingdra\n|-boost|p2a: Kingdra|atk|1\n|-boost|p2a: Kingdra|spe|1\n|\n|upkeep\n|turn|10\n|\n|t:|1781457267\n|switch|p1a: Masquerain|Masquerain, L87, F|264/264\n|-ability|p1a: Masquerain|Intimidate|boost\n|-unboost|p2a: Kingdra|atk|1\n|move|p2a: Kingdra|Wave Crash|p1a: Masquerain\n|-damage|p1a: Masquerain|96/264\n|-damage|p2a: Kingdra|73/263|[from] Recoil\n|\n|upkeep\n|turn|11\n|\n|t:|1781457289\n|move|p2a: Kingdra|Wave Crash|p1a: Masquerain\n|-damage|p1a: Masquerain|0 fnt\n|faint|p1a: Masquerain\n|-damage|p2a: Kingdra|41/263|[from] Recoil\n|\n|upkeep\n|\n|t:|1781457291\n|switch|p1a: Iron Treads|Iron Treads, L77|265/265\n|turn|12\n|\n|t:|1781457306\n|move|p1a: Iron Treads|Iron Head|p2a: Kingdra\n|-resisted|p2a: Kingdra\n|-damage|p2a: Kingdra|5/263\n|move|p2a: Kingdra|Wave Crash|p1a: Iron Treads\n|-supereffective|p1a: Iron Treads\n|-damage|p1a: Iron Treads|55/265\n|-damage|p2a: Kingdra|0 fnt|[from] Recoil\n|faint|p2a: Kingdra\n|\n|upkeep\n|\n|t:|1781457313\n|switch|p2a: Iron Moth|Iron Moth, L78|253/253\n|turn|13\n|inactive|NEMOASUKA has 120 seconds left.\n|\n|t:|1781457341\n|-end|p1a: Iron Treads|Quark Drive|[silent]\n|switch|p1a: Basculin|Basculin, L86, F|261/261\n|move|p2a: Iron Moth|Fiery Dance|p1a: Basculin\n|-resisted|p1a: Basculin\n|-damage|p1a: Basculin|197/261\n|\n|upkeep\n|turn|14\n|\n|t:|1781457351\n|-end|p2a: Iron Moth|Quark Drive|[silent]\n|switch|p2a: Grumpig|Grumpig, L92, M|35/297\n|move|p1a: Basculin|Flip Turn|p2a: Grumpig\n|-damage|p2a: Grumpig|0 fnt\n|faint|p2a: Grumpig\n|\n|t:|1781457355\n|switch|p1a: Iron Treads|Iron Treads, L77|55/265|[from] Flip Turn\n|\n|upkeep\n|\n|t:|1781457364\n|switch|p2a: Bisharp|Bisharp, L79, F|232/232\n|turn|15\n|inactive|NEMOASUKA has 120 seconds left.\n|\n|t:|1781457373\n|-end|p1a: Iron Treads|Quark Drive|[silent]\n|switch|p1a: Donphan|Donphan, L84, M|288/288\n|move|p2a: Bisharp|Sucker Punch||[still]\n|-fail|p2a: Bisharp\n|\n|upkeep\n|turn|16\n|\n|t:|1781457387\n|switch|p2a: Weezing|Weezing-Galar, L86, F|77/252\n|move|p1a: Donphan|Earthquake|p2a: Weezing\n|-immune|p2a: Weezing|[from] ability: Levitate\n|\n|-heal|p2a: Weezing|92/252|[from] item: Leftovers\n|upkeep\n|turn|17\n|\n|t:|1781457398\n|switch|p1a: Gyarados|Gyarados, L79, F|72/280\n|move|p2a: Weezing|Will-O-Wisp|p1a: Gyarados\n|-status|p1a: Gyarados|brn\n|\n|-heal|p2a: Weezing|107/252|[from] item: Leftovers\n|-damage|p1a: Gyarados|55/280 brn|[from] brn\n|upkeep\n|turn|18\n|\n|t:|1781457400\n|move|p1a: Gyarados|Waterfall|p2a: Weezing\n|-damage|p2a: Weezing|74/252\n|move|p2a: Weezing|Strange Steam|p1a: Gyarados\n|-damage|p1a: Gyarados|0 fnt\n|faint|p1a: Gyarados\n|\n|-heal|p2a: Weezing|89/252|[from] item: Leftovers\n|upkeep\n|inactive|NEMOASUKA has 120 seconds left.\n|inactive|NEMOASUKA has 90 seconds left.\n|inactive|NEMOASUKA has 60 seconds left.\n|\n|t:|1781457492\n|switch|p1a: Basculin|Basculin, L86, F|197/261\n|turn|19\n|\n|t:|1781457497\n|move|p1a: Basculin|Wave Crash|p2a: Weezing\n|-damage|p2a: Weezing|0 fnt\n|faint|p2a: Weezing\n|-damage|p1a: Basculin|168/261|[from] Recoil\n|\n|upkeep\n|\n|t:|1781457508\n|switch|p2a: Bisharp|Bisharp, L79, F|232/232\n|turn|20\n|\n|t:|1781457513\n|switch|p1a: Donphan|Donphan, L84, M|288/288\n|move|p2a: Bisharp|Swords Dance|p2a: Bisharp\n|-boost|p2a: Bisharp|atk|2\n|\n|upkeep\n|turn|21\n|\n|t:|1781457529\n|-terastallize|p2a: Bisharp|Ghost\n|move|p2a: Bisharp|Iron Head|p1a: Donphan\n|-damage|p1a: Donphan|143/288\n|move|p1a: Donphan|Earthquake|p2a: Bisharp\n|-damage|p2a: Bisharp|148/232\n|\n|-heal|p1a: Donphan|161/288|[from] item: Leftovers\n|upkeep\n|turn|22\n|inactive|NEMOASUKA has 90 seconds left.\n|\n|t:|1781457544\n|move|p2a: Bisharp|Throat Chop|p1a: Donphan\n|-damage|p1a: Donphan|29/288\n|-start|p1a: Donphan|Throat Chop|[silent]\n|move|p1a: Donphan|Earthquake|p2a: Bisharp\n|-damage|p2a: Bisharp|60/232\n|\n|-heal|p1a: Donphan|47/288|[from] item: Leftovers\n|upkeep\n|turn|23\n|\n|t:|1781457548\n|move|p2a: Bisharp|Iron Head|p1a: Donphan\n|-damage|p1a: Donphan|0 fnt\n|faint|p1a: Donphan\n|\n|upkeep\n|\n|t:|1781457550\n|switch|p1a: Basculin|Basculin, L86, F|168/261\n|turn|24\n|\n|t:|1781457552\n|move|p1a: Basculin|Aqua Jet|p2a: Bisharp\n|-damage|p2a: Bisharp|0 fnt\n|faint|p2a: Bisharp\n|\n|upkeep\n|\n|t:|1781457554\n|switch|p2a: Farigiraf|Farigiraf, L90, F|362/362\n|turn|25\n|\n|t:|1781457557\n|switch|p1a: Iron Treads|Iron Treads, L77|55/265\n|move|p2a: Farigiraf|Psychic Noise|p1a: Iron Treads\n|-resisted|p1a: Iron Treads\n|-damage|p1a: Iron Treads|0 fnt\n|faint|p1a: Iron Treads\n|-end|p1a: Iron Treads|Quark Drive|[silent]\n|\n|upkeep\n|\n|t:|1781457562\n|switch|p1a: Basculin|Basculin, L86, F|168/261\n|turn|26\n|\n|t:|1781457565\n|-terastallize|p1a: Basculin|Water\n|move|p2a: Farigiraf|Protect|p2a: Farigiraf\n|-singleturn|p2a: Farigiraf|Protect\n|move|p1a: Basculin|Wave Crash|p2a: Farigiraf\n|-activate|p2a: Farigiraf|move: Protect\n|\n|upkeep\n|turn|27\n|\n|t:|1781457570\n|move|p1a: Basculin|Wave Crash|p2a: Farigiraf\n|-crit|p2a: Farigiraf\n|-damage|p2a: Farigiraf|0 fnt\n|faint|p2a: Farigiraf\n|-damage|p1a: Basculin|49/261|[from] Recoil\n|\n|upkeep\n|\n|t:|1781457574\n|switch|p2a: Iron Moth|Iron Moth, L78|253/253\n|turn|28\n|\n|t:|1781457576\n|move|p1a: Basculin|Wave Crash|p2a: Iron Moth\n|-supereffective|p2a: Iron Moth\n|-damage|p2a: Iron Moth|0 fnt\n|faint|p2a: Iron Moth\n|-end|p2a: Iron Moth|Quark Drive|[silent]\n|-damage|p1a: Basculin|0 fnt|[from] Recoil\n|faint|p1a: Basculin\n|\n|win|NEMOASUKA\n", "uploadtime": 1781457069, "views": 7, "formatid": "gen9randombattle", "rating": null, "private": 0, "password": null}