{"id": "gen9randombattle-2632010030", "format": "[Gen 9] Random Battle", "players": ["sylvenharp", "Poussepousse"], "log": "|j|\u2606sylvenharp\n|j|\u2606Poussepousse\n|t:|1781465585\n|gametype|singles\n|player|p1|sylvenharp|101|1168\n|player|p2|Poussepousse|102|1165\n|gen|9\n|tier|[Gen 9] Random Battle\n|rated|\n|rule|Species Clause: Limit one of each Pok\u00e9mon\n|rule|HP Percentage Mod: HP is shown in percentages\n|rule|Sleep Clause Mod: Limit one foe put to sleep\n|rule|Illusion Level Mod: Illusion disguises the Pok\u00e9mon's true level\n|\n|t:|1781465585\n|teamsize|p1|6\n|teamsize|p2|6\n|start\n|switch|p1a: Oinkologne|Oinkologne-F, L92, F|361/361\n|switch|p2a: Corviknight|Corviknight, L80, F|288/288\n|-ability|p2a: Corviknight|Pressure\n|turn|1\n|\n|t:|1781465613\n|switch|p1a: Gouging Fire|Gouging Fire, L74|277/277\n|move|p2a: Corviknight|Brave Bird|p1a: Gouging Fire\n|-damage|p1a: Gouging Fire|178/277\n|-damage|p2a: Corviknight|255/288|[from] Recoil\n|\n|upkeep\n|turn|2\n|inactive|Battle timer is ON: inactive players will automatically lose when time's up. (requested by Poussepousse)\n|\n|t:|1781465630\n|switch|p2a: Incineroar|Incineroar, L82, F|290/290\n|-ability|p2a: Incineroar|Intimidate|boost\n|-unboost|p1a: Gouging Fire|atk|1\n|move|p1a: Gouging Fire|Dragon Dance|p1a: Gouging Fire\n|-boost|p1a: Gouging Fire|atk|1\n|-boost|p1a: Gouging Fire|spe|1\n|\n|upkeep\n|turn|3\n|\n|t:|1781465648\n|move|p1a: Gouging Fire|Outrage|p2a: Incineroar\n|-damage|p2a: Incineroar|181/290\n|move|p2a: Incineroar|Knock Off|p1a: Gouging Fire\n|-damage|p1a: Gouging Fire|79/277\n|-enditem|p1a: Gouging Fire|Heavy-Duty Boots|[from] move: Knock Off|[of] p2a: Incineroar\n|\n|upkeep\n|turn|4\n|\n|t:|1781465658\n|switch|p2a: Fezandipiti|Fezandipiti, L82, M|278/278\n|move|p1a: Gouging Fire|Outrage|p2a: Fezandipiti|[from] lockedmove\n|-immune|p2a: Fezandipiti\n|-start|p1a: Gouging Fire|confusion|[fatigue]\n|\n|upkeep\n|turn|5\n|\n|t:|1781465677\n|switch|p2a: Incineroar|Incineroar, L82, F|181/290\n|-ability|p2a: Incineroar|Intimidate|boost\n|-unboost|p1a: Gouging Fire|atk|1\n|-activate|p1a: Gouging Fire|confusion\n|move|p1a: Gouging Fire|Morning Sun|p1a: Gouging Fire\n|-heal|p1a: Gouging Fire|217/277\n|\n|upkeep\n|turn|6\n|inactive|sylvenharp has 120 seconds left.\n|\n|t:|1781465715\n|-end|p1a: Gouging Fire|Protosynthesis|[silent]\n|switch|p1a: Samurott|Samurott, L88, F|310/310\n|move|p2a: Incineroar|Knock Off|p1a: Samurott\n|-damage|p1a: Samurott|195/310\n|-enditem|p1a: Samurott|Life Orb|[from] move: Knock Off|[of] p2a: Incineroar\n|\n|upkeep\n|turn|7\n|\n|t:|1781465731\n|switch|p2a: Corviknight|Corviknight, L80, F|255/288\n|-ability|p2a: Corviknight|Pressure\n|move|p1a: Samurott|Swords Dance|p1a: Samurott\n|-boost|p1a: Samurott|atk|2\n|\n|upkeep\n|turn|8\n|\n|t:|1781465742\n|move|p1a: Samurott|Liquidation|p2a: Corviknight\n|-damage|p2a: Corviknight|63/288\n|-damage|p1a: Samurott|144/310|[from] item: Rocky Helmet|[of] p2a: Corviknight\n|move|p2a: Corviknight|Brave Bird|p1a: Samurott\n|-damage|p1a: Samurott|47/310\n|-damage|p2a: Corviknight|31/288|[from] Recoil\n|\n|upkeep\n|turn|9\n|\n|t:|1781465758\n|move|p1a: Samurott|Liquidation|p2a: Corviknight\n|-damage|p2a: Corviknight|0 fnt\n|-damage|p1a: Samurott|0 fnt|[from] item: Rocky Helmet|[of] p2a: Corviknight\n|faint|p2a: Corviknight\n|faint|p1a: Samurott\n|\n|upkeep\n|inactive|sylvenharp has 90 seconds left.\n|\n|t:|1781465788\n|switch|p1a: Bisharp|Bisharp, L79, F|232/232\n|switch|p2a: Incineroar|Incineroar, L82, F|181/290\n|-ability|p2a: Incineroar|Intimidate|boost\n|-unboost|p1a: Bisharp|atk|1\n|-ability|p1a: Bisharp|Defiant|boost\n|-boost|p1a: Bisharp|atk|2\n|turn|10\n|\n|t:|1781465801\n|-terastallize|p2a: Incineroar|Fighting\n|move|p1a: Bisharp|Stealth Rock|p2a: Incineroar\n|-sidestart|p2: Poussepousse|move: Stealth Rock\n|move|p2a: Incineroar|Close Combat|p1a: Bisharp\n|-supereffective|p1a: Bisharp\n|-damage|p1a: Bisharp|0 fnt\n|-unboost|p2a: Incineroar|def|1\n|-unboost|p2a: Incineroar|spd|1\n|faint|p1a: Bisharp\n|\n|upkeep\n|inactive|sylvenharp has 60 seconds left.\n|\n|t:|1781465823\n|switch|p1a: Gallade|Gallade, L80, M|240/240\n|turn|11\n|\n|t:|1781465836\n|switch|p2a: Alomomola|Alomomola, L87, F|429/429\n|move|p1a: Gallade|Psycho Cut|p2a: Alomomola\n|-damage|p2a: Alomomola|299/429\n|\n|upkeep\n|turn|12\n|inactive|sylvenharp has 60 seconds left.\n|\n|t:|1781465855\n|switch|p1a: Iron Leaves|Iron Leaves, L80|275/275\n|move|p2a: Alomomola|Wish|p2a: Alomomola\n|\n|upkeep\n|turn|13\n|inactive|sylvenharp has 60 seconds left.\n|\n|t:|1781465882\n|switch|p2a: Scovillain|Scovillain, L91, M|266/266\n|-damage|p2a: Scovillain|200/266|[from] Stealth Rock\n|move|p1a: Iron Leaves|Psyblade|p2a: Scovillain\n|-damage|p2a: Scovillain|40/266\n|\n|-heal|p2a: Scovillain|254/266|[from] move: Wish|[wisher] Alomomola\n|upkeep\n|turn|14\n|inactive|sylvenharp has 30 seconds left.\n|\n|t:|1781465910\n|-end|p1a: Iron Leaves|Quark Drive|[silent]\n|switch|p1a: Oinkologne|Oinkologne-F, L92, F|361/361\n|move|p2a: Scovillain|Overheat|p1a: Oinkologne\n|-damage|p1a: Oinkologne|211/361\n|-unboost|p2a: Scovillain|spa|2\n|\n|-heal|p1a: Oinkologne|233/361|[from] item: Leftovers\n|upkeep\n|turn|15\n|inactive|sylvenharp has 30 seconds left.\n|\n|t:|1781465925\n|switch|p2a: Alomomola|Alomomola, L87, F|429/429\n|move|p1a: Oinkologne|Curse|p1a: Oinkologne\n|-unboost|p1a: Oinkologne|spe|1\n|-boost|p1a: Oinkologne|atk|1\n|-boost|p1a: Oinkologne|def|1\n|\n|-heal|p1a: Oinkologne|255/361|[from] item: Leftovers\n|upkeep\n|turn|16\n|inactive|sylvenharp has 30 seconds left.\n|\n|t:|1781465937\n|move|p2a: Alomomola|Wish|p2a: Alomomola\n|move|p1a: Oinkologne|Curse|p1a: Oinkologne\n|-unboost|p1a: Oinkologne|spe|1\n|-boost|p1a: Oinkologne|atk|1\n|-boost|p1a: Oinkologne|def|1\n|\n|-heal|p1a: Oinkologne|277/361|[from] item: Leftovers\n|upkeep\n|turn|17\n|\n|t:|1781465945\n|move|p2a: Alomomola|Scald|p1a: Oinkologne\n|-damage|p1a: Oinkologne|235/361\n|move|p1a: Oinkologne|Curse|p1a: Oinkologne\n|-unboost|p1a: Oinkologne|spe|1\n|-boost|p1a: Oinkologne|atk|1\n|-boost|p1a: Oinkologne|def|1\n|\n|-heal|p1a: Oinkologne|257/361|[from] item: Leftovers\n|upkeep\n|turn|18\n|\n|t:|1781465958\n|move|p2a: Alomomola|Wish|p2a: Alomomola\n|move|p1a: Oinkologne|Body Slam|p2a: Alomomola\n|-damage|p2a: Alomomola|176/429\n|\n|-heal|p1a: Oinkologne|279/361|[from] item: Leftovers\n|upkeep\n|turn|19\n|\n|t:|1781465966\n|move|p2a: Alomomola|Protect|p2a: Alomomola\n|-singleturn|p2a: Alomomola|Protect\n|move|p1a: Oinkologne|Body Slam|p2a: Alomomola\n|-activate|p2a: Alomomola|move: Protect\n|\n|-heal|p2a: Alomomola|390/429|[from] move: Wish|[wisher] Alomomola\n|-heal|p1a: Oinkologne|301/361|[from] item: Leftovers\n|upkeep\n|turn|20\n|\n|t:|1781465978\n|move|p2a: Alomomola|Scald|p1a: Oinkologne\n|-damage|p1a: Oinkologne|258/361\n|move|p1a: Oinkologne|Curse|p1a: Oinkologne\n|-unboost|p1a: Oinkologne|spe|1\n|-boost|p1a: Oinkologne|atk|1\n|-boost|p1a: Oinkologne|def|1\n|\n|-heal|p1a: Oinkologne|280/361|[from] item: Leftovers\n|upkeep\n|turn|21\n|\n|t:|1781465989\n|move|p2a: Alomomola|Scald|p1a: Oinkologne\n|-damage|p1a: Oinkologne|238/361\n|-status|p1a: Oinkologne|brn\n|move|p1a: Oinkologne|Curse|p1a: Oinkologne\n|-unboost|p1a: Oinkologne|spe|1\n|-boost|p1a: Oinkologne|atk|1\n|-boost|p1a: Oinkologne|def|1\n|\n|-heal|p1a: Oinkologne|260/361 brn|[from] item: Leftovers\n|-damage|p1a: Oinkologne|238/361 brn|[from] brn\n|upkeep\n|turn|22\n|\n|t:|1781466011\n|move|p2a: Alomomola|Wish|p2a: Alomomola\n|move|p1a: Oinkologne|Rest|p1a: Oinkologne\n|-status|p1a: Oinkologne|slp|[from] move: Rest\n|-heal|p1a: Oinkologne|361/361 slp|[silent]\n|\n|upkeep\n|turn|23\n|\n|t:|1781466020\n|move|p2a: Alomomola|Flip Turn|p1a: Oinkologne\n|-damage|p1a: Oinkologne|343/361 slp\n|\n|t:|1781466023\n|switch|p2a: Lurantis|Lurantis, L87, M|264/264|[from] Flip Turn\n|-damage|p2a: Lurantis|231/264|[from] Stealth Rock\n|cant|p1a: Oinkologne|slp\n|move|p1a: Oinkologne|Sleep Talk|p1a: Oinkologne\n|move|p1a: Oinkologne|Body Slam|p2a: Lurantis|[from] move: Sleep Talk\n|-damage|p2a: Lurantis|0 fnt\n|faint|p2a: Lurantis\n|\n|-heal|p1a: Oinkologne|361/361 slp|[from] item: Leftovers\n|upkeep\n|\n|t:|1781466035\n|switch|p2a: Fezandipiti|Fezandipiti, L82, M|278/278\n|-damage|p2a: Fezandipiti|244/278|[from] Stealth Rock\n|turn|24\n|\n|t:|1781466042\n|move|p2a: Fezandipiti|Swords Dance|p2a: Fezandipiti\n|-boost|p2a: Fezandipiti|atk|2\n|cant|p1a: Oinkologne|slp\n|move|p1a: Oinkologne|Sleep Talk|p1a: Oinkologne\n|move|p1a: Oinkologne|Rest||[from] move: Sleep Talk|[still]\n|-fail|p1a: Oinkologne\n|\n|-heal|p2a: Fezandipiti|261/278|[from] item: Leftovers\n|upkeep\n|turn|25\n|inactive|sylvenharp has 60 seconds left.\n|\n|t:|1781466054\n|move|p2a: Fezandipiti|Play Rough|p1a: Oinkologne\n|-damage|p1a: Oinkologne|309/361 slp\n|-curestatus|p1a: Oinkologne|slp|[msg]\n|move|p1a: Oinkologne|Sleep Talk||[still]\n|-fail|p1a: Oinkologne\n|\n|-heal|p2a: Fezandipiti|278/278|[from] item: Leftovers\n|-heal|p1a: Oinkologne|331/361|[from] item: Leftovers\n|upkeep\n|turn|26\n|inactive|sylvenharp has 60 seconds left.\n|\n|t:|1781466064\n|move|p2a: Fezandipiti|Gunk Shot|p1a: Oinkologne\n|-damage|p1a: Oinkologne|261/361\n|move|p1a: Oinkologne|Body Slam|p2a: Fezandipiti\n|-damage|p2a: Fezandipiti|0 fnt\n|faint|p2a: Fezandipiti\n|\n|-heal|p1a: Oinkologne|283/361|[from] item: Leftovers\n|upkeep\n|\n|t:|1781466072\n|switch|p2a: Incineroar|Incineroar, L82, F, tera:Fighting|181/290\n|-damage|p2a: Incineroar|163/290|[from] Stealth Rock\n|-ability|p2a: Incineroar|Intimidate|boost\n|-unboost|p1a: Oinkologne|atk|1\n|turn|27\n|\n|t:|1781466080\n|move|p2a: Incineroar|Close Combat|p1a: Oinkologne\n|-supereffective|p1a: Oinkologne\n|-damage|p1a: Oinkologne|203/361\n|-unboost|p2a: Incineroar|def|1\n|-unboost|p2a: Incineroar|spd|1\n|move|p1a: Oinkologne|Body Slam|p2a: Incineroar\n|-damage|p2a: Incineroar|0 fnt\n|faint|p2a: Incineroar\n|\n|-heal|p1a: Oinkologne|225/361|[from] item: Leftovers\n|upkeep\n|\n|t:|1781466089\n|switch|p2a: Scovillain|Scovillain, L91, M|254/266\n|-damage|p2a: Scovillain|188/266|[from] Stealth Rock\n|turn|28\n|\n|t:|1781466095\n|move|p2a: Scovillain|Leaf Storm|p1a: Oinkologne\n|-damage|p1a: Oinkologne|62/361\n|-unboost|p2a: Scovillain|spa|2\n|move|p1a: Oinkologne|Body Slam|p2a: Scovillain\n|-crit|p2a: Scovillain\n|-damage|p2a: Scovillain|0 fnt\n|faint|p2a: Scovillain\n|\n|-heal|p1a: Oinkologne|84/361|[from] item: Leftovers\n|upkeep\n|-message|Poussepousse forfeited.\n|\n|win|sylvenharp\n|raw|sylvenharp's rating: 1168 &rarr; <strong>1193</strong><br />(+25 for winning)\n|raw|Poussepousse's rating: 1165 &rarr; <strong>1140</strong><br />(-25 for losing)\n|l|\u2606Poussepousse\n|player|p2|\n", "uploadtime": 1781466117, "views": 6, "formatid": "gen9randombattle", "rating": 1140, "private": 0, "password": null}