{"id": "gen9randombattle-2631376846", "format": "[Gen 9] Random Battle", "players": ["Usummega", "ViPa"], "log": "|badge|p2|bronze|gen9randombattle|100-9\n|uhtml|medal-msg|<div class=\"broadcast-blue\">Curious what those medals under the avatar are? PS now has Ladder Seasons! For more information, check out the <a href=\"https://www.smogon.com/forums/threads/3740067/\">thread on Smogon.</a></div>\n|j|\u2606Usummega\n|j|\u2606ViPa\n|t:|1781377416\n|gametype|singles\n|player|p1|Usummega|maxie-gen6|2267\n|player|p2|ViPa|guitarist|2361\n|gen|9\n|tier|[Gen 9] Random Battle\n|rated|\n|rule|Species Clause: Limit one of each Pok\u00e9mon\n|rule|HP Percentage Mod: HP is shown in percentages\n|rule|Sleep Clause Mod: Limit one foe put to sleep\n|rule|Illusion Level Mod: Illusion disguises the Pok\u00e9mon's true level\n|\n|t:|1781377416\n|teamsize|p1|6\n|teamsize|p2|6\n|start\n|switch|p1a: Alcremie|Alcremie-Salted-Cream, L90, F|263/263\n|switch|p2a: Sandaconda|Sandaconda, L84, M|258/258\n|turn|1\n|\n|t:|1781377442\n|switch|p1a: Torterra|Torterra, L78, M|276/276\n|move|p2a: Sandaconda|Coil|p2a: Sandaconda\n|-boost|p2a: Sandaconda|atk|1\n|-boost|p2a: Sandaconda|def|1\n|-boost|p2a: Sandaconda|accuracy|1\n|\n|upkeep\n|turn|2\n|\n|t:|1781377488\n|move|p2a: Sandaconda|Coil|p2a: Sandaconda\n|-boost|p2a: Sandaconda|atk|1\n|-boost|p2a: Sandaconda|def|1\n|-boost|p2a: Sandaconda|accuracy|1\n|move|p1a: Torterra|Shell Smash|p1a: Torterra\n|-unboost|p1a: Torterra|def|1\n|-unboost|p1a: Torterra|spd|1\n|-boost|p1a: Torterra|atk|2\n|-boost|p1a: Torterra|spa|2\n|-boost|p1a: Torterra|spe|2\n|\n|upkeep\n|turn|3\n|\n|t:|1781377518\n|-terastallize|p2a: Sandaconda|Steel\n|move|p1a: Torterra|Bullet Seed|p2a: Sandaconda\n|-resisted|p2a: Sandaconda\n|-damage|p2a: Sandaconda|248/258\n|-resisted|p2a: Sandaconda\n|-damage|p2a: Sandaconda|239/258\n|-resisted|p2a: Sandaconda\n|-damage|p2a: Sandaconda|229/258\n|-resisted|p2a: Sandaconda\n|-damage|p2a: Sandaconda|219/258\n|-hitcount|p2a: Sandaconda|4\n|move|p2a: Sandaconda|Earthquake|p1a: Torterra\n|-resisted|p1a: Torterra\n|-damage|p1a: Torterra|108/276\n|\n|-heal|p2a: Sandaconda|235/258|[from] item: Leftovers\n|upkeep\n|turn|4\n|\n|t:|1781377532\n|-terastallize|p1a: Torterra|Ground\n|move|p1a: Torterra|Headlong Rush|p2a: Sandaconda\n|-supereffective|p2a: Sandaconda\n|-damage|p2a: Sandaconda|0 fnt\n|-unboost|p1a: Torterra|def|1\n|-unboost|p1a: Torterra|spd|1\n|faint|p2a: Sandaconda\n|\n|upkeep\n|\n|t:|1781377554\n|switch|p2a: Meowscarada|Meowscarada, L78, M|247/247\n|turn|5\n|\n|t:|1781377591\n|move|p1a: Torterra|Rock Blast|p2a: Meowscarada\n|-damage|p2a: Meowscarada|202/247\n|-damage|p2a: Meowscarada|160/247\n|-damage|p2a: Meowscarada|116/247\n|-damage|p2a: Meowscarada|69/247\n|-damage|p2a: Meowscarada|28/247\n|-hitcount|p2a: Meowscarada|5\n|move|p2a: Meowscarada|Flower Trick|p1a: Torterra\n|-start|p2a: Meowscarada|typechange|Grass|[from] ability: Protean\n|-supereffective|p1a: Torterra\n|-crit|p1a: Torterra\n|-damage|p1a: Torterra|0 fnt\n|faint|p1a: Torterra\n|\n|upkeep\n|\n|t:|1781377606\n|switch|p1a: Wugtrio|Wugtrio, L91, M|212/212\n|turn|6\n|\n|t:|1781377629\n|move|p1a: Wugtrio|Liquidation|p2a: Meowscarada\n|-resisted|p2a: Meowscarada\n|-damage|p2a: Meowscarada|0 fnt\n|faint|p2a: Meowscarada\n|\n|upkeep\n|\n|t:|1781377641\n|switch|p2a: Politoed|Politoed, L88, F|302/302\n|-weather|RainDance|[from] ability: Drizzle|[of] p2a: Politoed\n|turn|7\n|\n|t:|1781377718\n|switch|p1a: Ninetales|Ninetales, L85, M|263/263\n|-weather|SunnyDay|[from] ability: Drought|[of] p1a: Ninetales\n|move|p2a: Politoed|Hypnosis|p1a: Ninetales|[miss]\n|-miss|p2a: Politoed|p1a: Ninetales\n|\n|-weather|SunnyDay|[upkeep]\n|upkeep\n|turn|8\n|\n|t:|1781377741\n|switch|p2a: Hatterene|Hatterene, L85, F|236/236\n|move|p1a: Ninetales|Solar Beam||[still]\n|-prepare|p1a: Ninetales|Solar Beam\n|-anim|p1a: Ninetales|Solar Beam|p2a: Hatterene\n|-damage|p2a: Hatterene|163/236\n|\n|-weather|SunnyDay|[upkeep]\n|-heal|p2a: Hatterene|177/236|[from] item: Leftovers\n|upkeep\n|turn|9\n|\n|t:|1781377798\n|switch|p1a: Heatran|Heatran, L79, F|273/273\n|-item|p1a: Heatran|Air Balloon\n|switch|p2a: Politoed|Politoed, L88, F|302/302\n|-weather|RainDance|[from] ability: Drizzle|[of] p2a: Politoed\n|\n|-weather|RainDance|[upkeep]\n|upkeep\n|turn|10\n|\n|t:|1781377804\n|switch|p1a: Ninetales|Ninetales, L85, M|263/263\n|-weather|SunnyDay|[from] ability: Drought|[of] p1a: Ninetales\n|move|p2a: Politoed|Surf|p1a: Ninetales\n|-supereffective|p1a: Ninetales\n|-damage|p1a: Ninetales|179/263\n|\n|-weather|SunnyDay|[upkeep]\n|upkeep\n|turn|11\n|\n|t:|1781377810\n|move|p1a: Ninetales|Solar Beam||[still]\n|-prepare|p1a: Ninetales|Solar Beam\n|-anim|p1a: Ninetales|Solar Beam|p2a: Politoed\n|-supereffective|p2a: Politoed\n|-damage|p2a: Politoed|172/302\n|move|p2a: Politoed|Hypnosis|p1a: Ninetales|[miss]\n|-miss|p2a: Politoed|p1a: Ninetales\n|\n|-weather|SunnyDay|[upkeep]\n|-heal|p2a: Politoed|190/302|[from] item: Leftovers\n|upkeep\n|turn|12\n|\n|t:|1781377822\n|switch|p2a: Hatterene|Hatterene, L85, F|177/236\n|move|p1a: Ninetales|Solar Beam||[still]\n|-prepare|p1a: Ninetales|Solar Beam\n|-anim|p1a: Ninetales|Solar Beam|p2a: Hatterene\n|-damage|p2a: Hatterene|107/236\n|\n|-weather|SunnyDay|[upkeep]\n|-heal|p2a: Hatterene|121/236|[from] item: Leftovers\n|upkeep\n|turn|13\n|\n|t:|1781377825\n|switch|p1a: Heatran|Heatran, L79, F|273/273\n|-item|p1a: Heatran|Air Balloon\n|switch|p2a: Politoed|Politoed, L88, F|190/302\n|-weather|RainDance|[from] ability: Drizzle|[of] p2a: Politoed\n|\n|-weather|RainDance|[upkeep]\n|-heal|p2a: Politoed|208/302|[from] item: Leftovers\n|upkeep\n|turn|14\n|\n|t:|1781377830\n|switch|p1a: Ninetales|Ninetales, L85, M|179/263\n|-weather|SunnyDay|[from] ability: Drought|[of] p1a: Ninetales\n|move|p2a: Politoed|Surf|p1a: Ninetales\n|-supereffective|p1a: Ninetales\n|-damage|p1a: Ninetales|87/263\n|\n|-weather|SunnyDay|[upkeep]\n|-heal|p2a: Politoed|226/302|[from] item: Leftovers\n|upkeep\n|turn|15\n|\n|t:|1781377839\n|move|p1a: Ninetales|Solar Beam||[still]\n|-prepare|p1a: Ninetales|Solar Beam\n|-anim|p1a: Ninetales|Solar Beam|p2a: Politoed\n|-supereffective|p2a: Politoed\n|-damage|p2a: Politoed|100/302\n|move|p2a: Politoed|Surf|p1a: Ninetales\n|-supereffective|p1a: Ninetales\n|-damage|p1a: Ninetales|0 fnt\n|faint|p1a: Ninetales\n|\n|-weather|SunnyDay|[upkeep]\n|-heal|p2a: Politoed|118/302|[from] item: Leftovers\n|upkeep\n|\n|t:|1781377845\n|switch|p1a: Klawf|Klawf, L90, F|272/272\n|turn|16\n|\n|t:|1781377850\n|switch|p2a: Donphan|Donphan, L84, M|288/288\n|move|p1a: Klawf|Stone Edge|p2a: Donphan\n|-resisted|p2a: Donphan\n|-damage|p2a: Donphan|240/288\n|\n|-weather|SunnyDay|[upkeep]\n|-heal|p2a: Donphan|258/288|[from] item: Leftovers\n|upkeep\n|turn|17\n|\n|t:|1781377858\n|move|p1a: Klawf|Swords Dance|p1a: Klawf\n|-boost|p1a: Klawf|atk|2\n|move|p2a: Donphan|Stealth Rock|p1a: Klawf\n|-sidestart|p1: Usummega|move: Stealth Rock\n|\n|-weather|SunnyDay|[upkeep]\n|-heal|p2a: Donphan|276/288|[from] item: Leftovers\n|upkeep\n|turn|18\n|\n|t:|1781377865\n|move|p1a: Klawf|High Horsepower|p2a: Donphan\n|-damage|p2a: Donphan|162/288\n|move|p2a: Donphan|Knock Off|p1a: Klawf\n|-crit|p1a: Klawf\n|-damage|p1a: Klawf|173/272\n|-enditem|p1a: Klawf|Sitrus Berry|[from] move: Knock Off|[of] p2a: Donphan\n|\n|-weather|none\n|-heal|p2a: Donphan|180/288|[from] item: Leftovers\n|upkeep\n|turn|19\n|\n|t:|1781377875\n|move|p1a: Klawf|Crabhammer|p2a: Donphan\n|-supereffective|p2a: Donphan\n|-damage|p2a: Donphan|0 fnt\n|faint|p2a: Donphan\n|\n|upkeep\n|\n|t:|1781377886\n|switch|p2a: Hatterene|Hatterene, L85, F|121/236\n|turn|20\n|\n|t:|1781377905\n|move|p1a: Klawf|High Horsepower|p2a: Hatterene\n|-damage|p2a: Hatterene|0 fnt\n|faint|p2a: Hatterene\n|\n|upkeep\n|\n|t:|1781377908\n|switch|p2a: Blaziken|Blaziken, L76, M|247/247\n|turn|21\n|\n|t:|1781377915\n|move|p2a: Blaziken|Protect|p2a: Blaziken\n|-singleturn|p2a: Blaziken|Protect\n|move|p1a: Klawf|Crabhammer|p2a: Blaziken\n|-activate|p2a: Blaziken|move: Protect\n|\n|-ability|p2a: Blaziken|Speed Boost|boost\n|-boost|p2a: Blaziken|spe|1\n|upkeep\n|turn|22\n|\n|t:|1781377922\n|move|p2a: Blaziken|Close Combat|p1a: Klawf\n|-supereffective|p1a: Klawf\n|-damage|p1a: Klawf|0 fnt\n|-unboost|p2a: Blaziken|def|1\n|-unboost|p2a: Blaziken|spd|1\n|faint|p1a: Klawf\n|-damage|p2a: Blaziken|223/247|[from] item: Life Orb\n|\n|-ability|p2a: Blaziken|Speed Boost|boost\n|-boost|p2a: Blaziken|spe|1\n|upkeep\n|\n|t:|1781377924\n|switch|p1a: Alcremie|Alcremie-Salted-Cream, L90, F|263/263\n|-damage|p1a: Alcremie|231/263|[from] Stealth Rock\n|turn|23\n|\n|t:|1781377934\n|switch|p2a: Politoed|Politoed, L88, F|118/302\n|-weather|RainDance|[from] ability: Drizzle|[of] p2a: Politoed\n|move|p1a: Alcremie|Alluring Voice|p2a: Politoed\n|-damage|p2a: Politoed|30/302\n|\n|-weather|RainDance|[upkeep]\n|-heal|p2a: Politoed|48/302|[from] item: Leftovers\n|-heal|p1a: Alcremie|247/263|[from] item: Leftovers\n|upkeep\n|turn|24\n|\n|t:|1781377947\n|move|p2a: Politoed|Hypnosis|p1a: Alcremie|[miss]\n|-miss|p2a: Politoed|p1a: Alcremie\n|move|p1a: Alcremie|Alluring Voice|p2a: Politoed\n|-damage|p2a: Politoed|0 fnt\n|faint|p2a: Politoed\n|\n|-weather|RainDance|[upkeep]\n|-heal|p1a: Alcremie|263/263|[from] item: Leftovers\n|upkeep\n|\n|t:|1781377949\n|switch|p2a: Blaziken|Blaziken, L76, M|223/247\n|turn|25\n|\n|t:|1781377956\n|move|p2a: Blaziken|Protect|p2a: Blaziken\n|-singleturn|p2a: Blaziken|Protect\n|move|p1a: Alcremie|Alluring Voice|p2a: Blaziken\n|-activate|p2a: Blaziken|move: Protect\n|\n|-weather|RainDance|[upkeep]\n|-ability|p2a: Blaziken|Speed Boost|boost\n|-boost|p2a: Blaziken|spe|1\n|upkeep\n|turn|26\n|\n|t:|1781377969\n|move|p2a: Blaziken|Swords Dance|p2a: Blaziken\n|-boost|p2a: Blaziken|atk|2\n|move|p1a: Alcremie|Alluring Voice|p2a: Blaziken\n|-damage|p2a: Blaziken|85/247\n|-start|p2a: Blaziken|confusion\n|\n|-weather|RainDance|[upkeep]\n|-ability|p2a: Blaziken|Speed Boost|boost\n|-boost|p2a: Blaziken|spe|1\n|upkeep\n|turn|27\n|\n|t:|1781377972\n|-activate|p2a: Blaziken|confusion\n|-damage|p2a: Blaziken|17/247|[from] confusion\n|move|p1a: Alcremie|Alluring Voice|p2a: Blaziken\n|-damage|p2a: Blaziken|0 fnt\n|faint|p2a: Blaziken\n|\n|win|Usummega\n", "uploadtime": 1781377418, "views": 6, "formatid": "gen9randombattle", "rating": null, "private": 0, "password": null}