{"id": "gen9randombattle-2631515696", "format": "[Gen 9] Random Battle", "players": ["Cheezrat", "Pokeoke"], "log": "|j|\u2606Cheezrat\n|j|\u2606Pokeoke\n|t:|1781395172\n|gametype|singles\n|player|p1|Cheezrat|101|2047\n|player|p2|Pokeoke|265|2036\n|gen|9\n|tier|[Gen 9] Random Battle\n|rated|\n|rule|Species Clause: Limit one of each Pok\u00e9mon\n|rule|HP Percentage Mod: HP is shown in percentages\n|rule|Sleep Clause Mod: Limit one foe put to sleep\n|rule|Illusion Level Mod: Illusion disguises the Pok\u00e9mon's true level\n|\n|t:|1781395172\n|teamsize|p1|6\n|teamsize|p2|6\n|start\n|switch|p1a: Corviknight|Corviknight, L80, M|288/288\n|switch|p2a: Ludicolo|Ludicolo, L90, M|290/290\n|-ability|p1a: Corviknight|Pressure\n|turn|1\n|\n|t:|1781395186\n|switch|p2a: Jolteon|Jolteon, L84, F|246/246\n|move|p1a: Corviknight|Brave Bird|p2a: Jolteon\n|-resisted|p2a: Jolteon\n|-damage|p2a: Jolteon|174/246\n|-damage|p1a: Corviknight|264/288|[from] Recoil\n|\n|upkeep\n|turn|2\n|\n|t:|1781395192\n|switch|p1a: Clodsire|Clodsire, L81, F|343/343\n|move|p2a: Jolteon|Calm Mind|p2a: Jolteon\n|-boost|p2a: Jolteon|spa|1\n|-boost|p2a: Jolteon|spd|1\n|\n|upkeep\n|turn|3\n|\n|t:|1781395197\n|switch|p2a: Groudon|Groudon, L72|263/263\n|-weather|SunnyDay|[from] ability: Drought|[of] p2a: Groudon\n|move|p1a: Clodsire|Spikes|p2a: Groudon\n|-sidestart|p2: Pokeoke|Spikes\n|\n|-weather|SunnyDay|[upkeep]\n|upkeep\n|turn|4\n|\n|t:|1781395213\n|switch|p1a: Volbeat|Volbeat, L90, M|263/263\n|move|p2a: Groudon|Swords Dance|p2a: Groudon\n|-boost|p2a: Groudon|atk|2\n|\n|-weather|SunnyDay|[upkeep]\n|upkeep\n|turn|5\n|\n|t:|1781395224\n|switch|p2a: Sunflora|Sunflora, M|312/312\n|-damage|p2a: Sunflora|273/312|[from] Spikes\n|move|p1a: Volbeat|U-turn|p2a: Sunflora\n|-supereffective|p2a: Sunflora\n|-damage|p2a: Sunflora|117/312\n|\n|t:|1781395235\n|switch|p1a: Indeedee|Indeedee-F, L90, F|272/272|[from] U-turn\n|-fieldstart|move: Psychic Terrain|[from] ability: Psychic Surge|[of] p1a: Indeedee\n|\n|-weather|SunnyDay|[upkeep]\n|upkeep\n|turn|6\n|\n|t:|1781395244\n|move|p1a: Indeedee|Psyshock|p2a: Sunflora\n|-damage|p2a: Sunflora|0 fnt\n|faint|p2a: Sunflora\n|\n|-weather|SunnyDay|[upkeep]\n|upkeep\n|\n|t:|1781395248\n|switch|p2a: Groudon|Groudon, L72|263/263\n|-damage|p2a: Groudon|231/263|[from] Spikes\n|turn|7\n|\n|t:|1781395262\n|move|p1a: Indeedee|Psyshock|p2a: Groudon\n|-damage|p2a: Groudon|131/263\n|move|p2a: Groudon|Thunder Wave|p1a: Indeedee\n|-status|p1a: Indeedee|par\n|\n|-weather|none\n|-heal|p2a: Groudon|147/263|[from] item: Leftovers\n|upkeep\n|turn|8\n|\n|t:|1781395267\n|move|p2a: Groudon|Precipice Blades|p1a: Indeedee\n|-damage|p1a: Indeedee|124/272 par\n|move|p1a: Indeedee|Psyshock|p2a: Groudon\n|-damage|p2a: Groudon|51/263\n|\n|-heal|p2a: Groudon|67/263|[from] item: Leftovers\n|upkeep\n|turn|9\n|\n|t:|1781395276\n|move|p2a: Groudon|Heat Crash|p1a: Indeedee\n|-damage|p1a: Indeedee|27/272 par\n|move|p1a: Indeedee|Psyshock|p2a: Groudon\n|-damage|p2a: Groudon|0 fnt\n|faint|p2a: Groudon\n|\n|-fieldend|move: Psychic Terrain\n|upkeep\n|\n|t:|1781395288\n|switch|p2a: Maushold|Maushold, L76|238/238\n|-damage|p2a: Maushold|209/238|[from] Spikes\n|turn|10\n|\n|t:|1781395291\n|move|p2a: Maushold|Tidy Up|p2a: Maushold\n|-sideend|p2: Pokeoke|Spikes\n|-activate|p2a: Maushold|move: Tidy Up\n|-boost|p2a: Maushold|atk|1\n|-boost|p2a: Maushold|spe|1\n|move|p1a: Indeedee|Psyshock|p2a: Maushold\n|-damage|p2a: Maushold|74/238\n|\n|upkeep\n|turn|11\n|\n|t:|1781395299\n|move|p2a: Maushold|Population Bomb|p1a: Indeedee\n|-damage|p1a: Indeedee|0 fnt\n|faint|p1a: Indeedee\n|-hitcount|p1: Indeedee|1\n|\n|upkeep\n|\n|t:|1781395301\n|switch|p1a: Stonjourner|Stonjourner, L91, M|330/330\n|turn|12\n|\n|t:|1781395308\n|switch|p2a: Ludicolo|Ludicolo, L90, M|290/290\n|move|p1a: Stonjourner|Heat Crash|p2a: Ludicolo\n|-damage|p2a: Ludicolo|102/290\n|-damage|p1a: Stonjourner|297/330|[from] item: Life Orb\n|\n|upkeep\n|turn|13\n|\n|t:|1781395315\n|move|p1a: Stonjourner|Heat Crash|p2a: Ludicolo\n|-damage|p2a: Ludicolo|0 fnt\n|faint|p2a: Ludicolo\n|-damage|p1a: Stonjourner|264/330|[from] item: Life Orb\n|\n|upkeep\n|-message|Pokeoke forfeited.\n|\n|win|Cheezrat\n", "uploadtime": 1781395173, "views": 5, "formatid": "gen9randombattle", "rating": null, "private": 0, "password": null}