{"id": "gen9randombattle-2631790696", "format": "[Gen 9] Random Battle", "players": ["kormorano", "grabschaender"], "log": "|j|\u2606kormorano\n|j|\u2606grabschaender\n|t:|1781440125\n|gametype|singles\n|player|p1|kormorano|102|2072\n|player|p2|grabschaender|candice|2260\n|gen|9\n|tier|[Gen 9] Random Battle\n|rated|\n|rule|Species Clause: Limit one of each Pok\u00e9mon\n|rule|HP Percentage Mod: HP is shown in percentages\n|rule|Sleep Clause Mod: Limit one foe put to sleep\n|rule|Illusion Level Mod: Illusion disguises the Pok\u00e9mon's true level\n|\n|t:|1781440125\n|teamsize|p1|6\n|teamsize|p2|6\n|start\n|switch|p1a: Tropius|Tropius, L91, M|328/328\n|switch|p2a: Scream Tail|Scream Tail, L84|330/330\n|turn|1\n|inactive|Battle timer is ON: inactive players will automatically lose when time's up. (requested by kormorano)\n|\n|t:|1781440139\n|switch|p1a: Groudon|Groudon, L72|263/263\n|-weather|SunnyDay|[from] ability: Drought|[of] p1a: Groudon\n|-activate|p2a: Scream Tail|ability: Protosynthesis\n|-start|p2a: Scream Tail|protosynthesisspd\n|move|p2a: Scream Tail|Thunder Wave|p1a: Groudon\n|-immune|p1a: Groudon\n|\n|-weather|SunnyDay|[upkeep]\n|upkeep\n|turn|2\n|\n|t:|1781440150\n|-end|p2a: Scream Tail|Protosynthesis|[silent]\n|switch|p2a: Cramorant|Cramorant, L86, M|261/261\n|move|p1a: Groudon|Thunder Wave|p2a: Cramorant\n|-status|p2a: Cramorant|par\n|\n|-weather|SunnyDay|[upkeep]\n|upkeep\n|turn|3\n|\n|t:|1781440167\n|switch|p1a: Sylveon|Sylveon, L85, M|300/300\n|cant|p2a: Cramorant|par\n|\n|-weather|SunnyDay|[upkeep]\n|upkeep\n|turn|4\n|\n|t:|1781440174\n|switch|p2a: Cryogonal|Cryogonal, L89|287/287\n|move|p1a: Sylveon|Calm Mind|p1a: Sylveon\n|-boost|p1a: Sylveon|spa|1\n|-boost|p1a: Sylveon|spd|1\n|\n|-weather|SunnyDay|[upkeep]\n|upkeep\n|turn|5\n|j| tuilamc\n|\n|t:|1781440185\n|move|p2a: Cryogonal|Haze|p2a: Cryogonal\n|-clearallboost\n|move|p1a: Sylveon|Hyper Voice|p2a: Cryogonal\n|-damage|p2a: Cryogonal|199/287\n|\n|-weather|none\n|upkeep\n|turn|6\n|\n|t:|1781440198\n|switch|p1a: Clefable|Clefable, L83, M|293/293\n|move|p2a: Cryogonal|Freeze-Dry|p1a: Clefable\n|-damage|p1a: Clefable|214/293\n|\n|-heal|p1a: Clefable|232/293|[from] item: Leftovers\n|upkeep\n|turn|7\n|\n|t:|1781440208\n|switch|p2a: Cramorant|Cramorant, L86, M|261/261 par\n|move|p1a: Clefable|Fire Blast|p2a: Cramorant\n|-resisted|p2a: Cramorant\n|-damage|p2a: Cramorant|223/261 par\n|\n|-heal|p1a: Clefable|250/293|[from] item: Leftovers\n|upkeep\n|turn|8\n|\n|t:|1781440216\n|move|p1a: Clefable|Calm Mind|p1a: Clefable\n|-boost|p1a: Clefable|spa|1\n|-boost|p1a: Clefable|spd|1\n|cant|p2a: Cramorant|par\n|\n|-heal|p1a: Clefable|268/293|[from] item: Leftovers\n|upkeep\n|turn|9\n|\n|t:|1781440222\n|move|p1a: Clefable|Moonblast|p2a: Cramorant\n|-damage|p2a: Cramorant|79/261 par\n|move|p2a: Cramorant|Brave Bird|p1a: Clefable\n|-damage|p1a: Clefable|135/293\n|-damage|p2a: Cramorant|35/261 par|[from] Recoil\n|\n|-heal|p1a: Clefable|153/293|[from] item: Leftovers\n|upkeep\n|turn|10\n|\n|t:|1781440229\n|move|p1a: Clefable|Moonlight|p1a: Clefable\n|-heal|p1a: Clefable|293/293\n|cant|p2a: Cramorant|par\n|\n|upkeep\n|turn|11\n|\n|t:|1781440232\n|move|p1a: Clefable|Moonblast|p2a: Cramorant\n|-damage|p2a: Cramorant|0 fnt\n|faint|p2a: Cramorant\n|\n|upkeep\n|\n|t:|1781440235\n|switch|p2a: Ambipom|Ambipom, L84, M|263/263\n|turn|12\n|\n|t:|1781440241\n|switch|p1a: Annihilape|Annihilape, L76, F|292/292\n|move|p2a: Ambipom|Fake Out|p1a: Annihilape\n|-immune|p1a: Annihilape\n|\n|upkeep\n|turn|13\n|-message|grabschaender forfeited.\n|\n|win|kormorano\n|raw|kormorano's rating: 2072 &rarr; <strong>2103</strong><br />(+31 for winning)\n|raw|grabschaender's rating: 2276 &rarr; <strong>2245</strong><br />(-31 for losing)\n", "uploadtime": 1781440127, "views": 5, "formatid": "gen9randombattle", "rating": 2103, "private": 0, "password": null}