{"id": "gen9randombattle-2632011904", "format": "[Gen 9] Random Battle", "players": ["randbatsto90gxe", "IchabodRb"], "log": "|j|\u2606randbatsto90gxe\n|j|\u2606IchabodRb\n|t:|1781465787\n|gametype|singles\n|player|p1|randbatsto90gxe|n|2017\n|player|p2|IchabodRb|2|2082\n|gen|9\n|tier|[Gen 9] Random Battle\n|rated|\n|rule|Species Clause: Limit one of each Pok\u00e9mon\n|rule|HP Percentage Mod: HP is shown in percentages\n|rule|Sleep Clause Mod: Limit one foe put to sleep\n|rule|Illusion Level Mod: Illusion disguises the Pok\u00e9mon's true level\n|\n|t:|1781465787\n|teamsize|p1|6\n|teamsize|p2|6\n|start\n|switch|p1a: Hitmonchan|Hitmonchan, L87, M|229/229\n|switch|p2a: Snorlax|Snorlax, L82, M|397/397\n|turn|1\n|inactive|Battle timer is ON: inactive players will automatically lose when time's up. (requested by randbatsto90gxe)\n|\n|t:|1781465803\n|switch|p2a: Venusaur|Venusaur, L84, M|272/272\n|move|p1a: Hitmonchan|Knock Off|p2a: Venusaur\n|-damage|p2a: Venusaur|190/272\n|-enditem|p2a: Venusaur|Leftovers|[from] move: Knock Off|[of] p1a: Hitmonchan\n|\n|upkeep\n|turn|2\n|\n|t:|1781465814\n|switch|p1a: Registeel|Registeel, L81|262/262\n|move|p2a: Venusaur|Sludge Bomb|p1a: Registeel\n|-immune|p1a: Registeel\n|\n|upkeep\n|turn|3\n|\n|t:|1781465821\n|move|p2a: Venusaur|Sleep Powder|p1a: Registeel|[miss]\n|-miss|p2a: Venusaur|p1a: Registeel\n|move|p1a: Registeel|Stealth Rock|p2a: Venusaur\n|-sidestart|p2: IchabodRb|move: Stealth Rock\n|\n|upkeep\n|turn|4\n|\n|t:|1781465830\n|move|p2a: Venusaur|Sleep Powder|p1a: Registeel\n|-status|p1a: Registeel|slp|[from] move: Sleep Powder\n|cant|p1a: Registeel|slp\n|\n|upkeep\n|turn|5\n|\n|t:|1781465836\n|move|p2a: Venusaur|Leech Seed|p1a: Registeel\n|-start|p1a: Registeel|move: Leech Seed\n|cant|p1a: Registeel|slp\n|\n|-damage|p1a: Registeel|230/262 slp|[from] Leech Seed|[of] p2a: Venusaur\n|-heal|p2a: Venusaur|222/272|[silent]\n|upkeep\n|turn|6\n|\n|t:|1781465843\n|move|p2a: Venusaur|Substitute|p2a: Venusaur\n|-start|p2a: Venusaur|Substitute\n|-damage|p2a: Venusaur|154/272\n|cant|p1a: Registeel|slp\n|\n|-heal|p1a: Registeel|246/262 slp|[from] item: Leftovers\n|-damage|p1a: Registeel|214/262 slp|[from] Leech Seed|[of] p2a: Venusaur\n|-heal|p2a: Venusaur|186/272|[silent]\n|upkeep\n|turn|7\n|\n|t:|1781465853\n|switch|p1a: Kingambit|Kingambit, L74, M|270/270\n|move|p2a: Venusaur|Sleep Powder|p1a: Kingambit\n|-message|Sleep Clause Mod activated.\n|-hint|Sleep Clause Mod prevents players from putting more than one of their opponent's Pok\u00e9mon to sleep at a time\n|\n|upkeep\n|turn|8\n|\n|t:|1781465859\n|move|p2a: Venusaur|Leech Seed|p1a: Kingambit\n|-start|p1a: Kingambit|move: Leech Seed\n|move|p1a: Kingambit|Kowtow Cleave|p2a: Venusaur\n|-end|p2a: Venusaur|Substitute\n|\n|-damage|p1a: Kingambit|237/270|[from] Leech Seed|[of] p2a: Venusaur\n|-heal|p2a: Venusaur|219/272|[silent]\n|upkeep\n|turn|9\n|\n|t:|1781465872\n|switch|p2a: Regieleki|Regieleki, L79|256/256\n|-damage|p2a: Regieleki|224/256|[from] Stealth Rock\n|-end|p1a: Kingambit|fallenundefined|[silent]\n|switch|p1a: Palafin|Palafin, L77, M|281/281\n|\n|upkeep\n|turn|10\n|\n|t:|1781465880\n|detailschange|p1a: Palafin|Palafin-Hero, L77, M\n|switch|p1a: Palossand|Palossand, L89, M|296/296\n|move|p2a: Regieleki|Rapid Spin|p1a: Palossand\n|-immune|p1a: Palossand\n|\n|upkeep\n|turn|11\n|\n|t:|1781465888\n|switch|p2a: Sceptile|Sceptile, L87, M|264/264\n|-damage|p2a: Sceptile|231/264|[from] Stealth Rock\n|switch|p1a: Hitmonchan|Hitmonchan, L87, M|229/229\n|\n|upkeep\n|turn|12\n|\n|t:|1781465903\n|move|p2a: Sceptile|Giga Drain|p1a: Hitmonchan\n|-damage|p1a: Hitmonchan|135/229\n|-heal|p2a: Sceptile|264/264|[from] drain|[of] p1a: Hitmonchan\n|-damage|p2a: Sceptile|238/264|[from] item: Life Orb\n|move|p1a: Hitmonchan|Bulk Up|p1a: Hitmonchan\n|-boost|p1a: Hitmonchan|atk|1\n|-boost|p1a: Hitmonchan|def|1\n|\n|-heal|p1a: Hitmonchan|149/229|[from] item: Leftovers\n|upkeep\n|turn|13\n|\n|t:|1781465914\n|move|p2a: Sceptile|Giga Drain|p1a: Hitmonchan\n|-damage|p1a: Hitmonchan|59/229\n|-heal|p2a: Sceptile|264/264|[from] drain|[of] p1a: Hitmonchan\n|-damage|p2a: Sceptile|238/264|[from] item: Life Orb\n|move|p1a: Hitmonchan|Drain Punch|p2a: Sceptile\n|-damage|p2a: Sceptile|52/264\n|-heal|p1a: Hitmonchan|152/229|[from] drain|[of] p2a: Sceptile\n|\n|-heal|p1a: Hitmonchan|166/229|[from] item: Leftovers\n|upkeep\n|turn|14\n|\n|t:|1781465928\n|move|p2a: Sceptile|Giga Drain|p1a: Hitmonchan\n|-damage|p1a: Hitmonchan|22/229\n|-heal|p2a: Sceptile|124/264|[from] drain|[of] p1a: Hitmonchan\n|-damage|p2a: Sceptile|98/264|[from] item: Life Orb\n|move|p1a: Hitmonchan|Drain Punch|p2a: Sceptile\n|-damage|p2a: Sceptile|0 fnt\n|-heal|p1a: Hitmonchan|71/229|[from] drain|[of] p2a: Sceptile\n|faint|p2a: Sceptile\n|\n|-heal|p1a: Hitmonchan|85/229|[from] item: Leftovers\n|upkeep\n|inactive|IchabodRb has 120 seconds left.\n|\n|t:|1781465953\n|switch|p2a: Regieleki|Regieleki, L79|224/256\n|-damage|p2a: Regieleki|192/256|[from] Stealth Rock\n|turn|15\n|\n|t:|1781465959\n|switch|p1a: Palossand|Palossand, L89, M|296/296\n|-terastallize|p2a: Regieleki|Ice\n|move|p2a: Regieleki|Tera Blast|p1a: Palossand|[anim] Tera Blast Ice\n|-supereffective|p1a: Palossand\n|-damage|p1a: Palossand|134/296\n|\n|-heal|p1a: Palossand|152/296|[from] item: Leftovers\n|upkeep\n|turn|16\n|\n|t:|1781465971\n|switch|p1a: Kingambit|Kingambit, L74, M|237/270\n|move|p2a: Regieleki|Tera Blast|p1a: Kingambit|[anim] Tera Blast Ice\n|-resisted|p1a: Kingambit\n|-crit|p1a: Kingambit\n|-damage|p1a: Kingambit|174/270\n|\n|-heal|p1a: Kingambit|190/270|[from] item: Leftovers\n|upkeep\n|turn|17\n|\n|t:|1781465980\n|move|p2a: Regieleki|Volt Switch|p1a: Kingambit\n|-damage|p1a: Kingambit|73/270\n|\n|t:|1781465984\n|switch|p2a: Venusaur|Venusaur, L84, M|219/272|[from] Volt Switch\n|-damage|p2a: Venusaur|185/272|[from] Stealth Rock\n|move|p1a: Kingambit|Swords Dance|p1a: Kingambit\n|-boost|p1a: Kingambit|atk|2\n|\n|-heal|p1a: Kingambit|89/270|[from] item: Leftovers\n|upkeep\n|turn|18\n|\n|t:|1781465994\n|move|p2a: Venusaur|Leech Seed|p1a: Kingambit\n|-start|p1a: Kingambit|move: Leech Seed\n|move|p1a: Kingambit|Kowtow Cleave|p2a: Venusaur\n|-damage|p2a: Venusaur|0 fnt\n|faint|p2a: Venusaur\n|\n|-heal|p1a: Kingambit|105/270|[from] item: Leftovers\n|upkeep\n|\n|t:|1781466005\n|switch|p2a: Snorlax|Snorlax, L82, M|397/397\n|-damage|p2a: Snorlax|348/397|[from] Stealth Rock\n|turn|19\n|\n|t:|1781466017\n|-end|p1a: Kingambit|fallenundefined|[silent]\n|switch|p1a: Hitmonchan|Hitmonchan, L87, M|85/229\n|move|p2a: Snorlax|Curse|p2a: Snorlax\n|-unboost|p2a: Snorlax|spe|1\n|-boost|p2a: Snorlax|atk|1\n|-boost|p2a: Snorlax|def|1\n|\n|-heal|p1a: Hitmonchan|99/229|[from] item: Leftovers\n|-heal|p2a: Snorlax|372/397|[from] item: Leftovers\n|upkeep\n|turn|20\n|\n|t:|1781466027\n|move|p1a: Hitmonchan|Knock Off|p2a: Snorlax\n|-damage|p2a: Snorlax|310/397\n|-enditem|p2a: Snorlax|Leftovers|[from] move: Knock Off|[of] p1a: Hitmonchan\n|move|p2a: Snorlax|Body Slam|p1a: Hitmonchan\n|-damage|p1a: Hitmonchan|0 fnt\n|faint|p1a: Hitmonchan\n|\n|upkeep\n|inactive|randbatsto90gxe has 120 seconds left.\n|\n|t:|1781466076\n|switch|p1a: Registeel|Registeel, L81|214/262 slp\n|turn|21\n|\n|t:|1781466083\n|-curestatus|p1a: Registeel|slp|[msg]\n|move|p1a: Registeel|Thunder Wave|p2a: Snorlax\n|-status|p2a: Snorlax|par\n|move|p2a: Snorlax|Earthquake|p1a: Registeel\n|-supereffective|p1a: Registeel\n|-damage|p1a: Registeel|56/262\n|\n|-heal|p1a: Registeel|72/262|[from] item: Leftovers\n|upkeep\n|turn|22\n|inactive|randbatsto90gxe has 120 seconds left.\n|\n|t:|1781466099\n|move|p1a: Registeel|Body Press|p2a: Snorlax\n|-supereffective|p2a: Snorlax\n|-damage|p2a: Snorlax|182/397 par\n|move|p2a: Snorlax|Earthquake|p1a: Registeel\n|-supereffective|p1a: Registeel\n|-damage|p1a: Registeel|0 fnt\n|faint|p1a: Registeel\n|\n|upkeep\n|\n|t:|1781466113\n|switch|p1a: Palafin|Palafin-Hero, L77, M|281/281\n|-activate|p1a: Palafin|ability: Zero to Hero\n|turn|23\n|\n|t:|1781466120\n|move|p1a: Palafin|Bulk Up|p1a: Palafin\n|-boost|p1a: Palafin|atk|1\n|-boost|p1a: Palafin|def|1\n|move|p2a: Snorlax|Body Slam|p1a: Palafin\n|-damage|p1a: Palafin|182/281\n|\n|-heal|p1a: Palafin|199/281|[from] item: Leftovers\n|upkeep\n|turn|24\n|inactive|randbatsto90gxe has 120 seconds left.\n|inactive|randbatsto90gxe has 90 seconds left.\n|\n|t:|1781466164\n|move|p1a: Palafin|Bulk Up|p1a: Palafin\n|-boost|p1a: Palafin|atk|1\n|-boost|p1a: Palafin|def|1\n|move|p2a: Snorlax|Body Slam|p1a: Palafin\n|-crit|p1a: Palafin\n|-damage|p1a: Palafin|0 fnt\n|faint|p1a: Palafin\n|\n|upkeep\n|inactive|randbatsto90gxe has 90 seconds left.\n|\n|t:|1781466175\n|switch|p1a: Palossand|Palossand, L89, M|152/296\n|turn|25\n|\n|t:|1781466179\n|move|p1a: Palossand|Earth Power|p2a: Snorlax\n|-damage|p2a: Snorlax|94/397 par\n|move|p2a: Snorlax|Crunch|p1a: Palossand\n|-supereffective|p1a: Palossand\n|-damage|p1a: Palossand|20/296\n|\n|-heal|p1a: Palossand|38/296|[from] item: Leftovers\n|upkeep\n|turn|26\n|\n|t:|1781466189\n|move|p1a: Palossand|Shore Up|p1a: Palossand\n|-heal|p1a: Palossand|186/296\n|move|p2a: Snorlax|Crunch|p1a: Palossand\n|-supereffective|p1a: Palossand\n|-damage|p1a: Palossand|44/296\n|\n|-heal|p1a: Palossand|62/296|[from] item: Leftovers\n|upkeep\n|turn|27\n|\n|t:|1781466198\n|switch|p2a: Kyogre|Kyogre, L71|259/259\n|-damage|p2a: Kyogre|227/259|[from] Stealth Rock\n|-weather|RainDance|[from] ability: Drizzle|[of] p2a: Kyogre\n|move|p1a: Palossand|Shore Up|p1a: Palossand\n|-heal|p1a: Palossand|210/296\n|\n|-weather|RainDance|[upkeep]\n|-heal|p2a: Kyogre|243/259|[from] item: Leftovers\n|-heal|p1a: Palossand|228/296|[from] item: Leftovers\n|upkeep\n|turn|28\n|\n|t:|1781466210\n|-terastallize|p1a: Palossand|Water\n|move|p2a: Kyogre|Origin Pulse|p1a: Palossand\n|-resisted|p1a: Palossand\n|-damage|p1a: Palossand|139/296\n|-ability|p1a: Palossand|Water Compaction|boost\n|-boost|p1a: Palossand|def|2\n|move|p1a: Palossand|Sludge Bomb|p2a: Kyogre\n|-damage|p2a: Kyogre|186/259\n|\n|-weather|RainDance|[upkeep]\n|-heal|p2a: Kyogre|202/259|[from] item: Leftovers\n|-heal|p1a: Palossand|157/296|[from] item: Leftovers\n|upkeep\n|turn|29\n|inactive|randbatsto90gxe has 120 seconds left.\n|\n|t:|1781466223\n|move|p2a: Kyogre|Thunder|p1a: Palossand\n|-supereffective|p1a: Palossand\n|-damage|p1a: Palossand|0 fnt\n|faint|p1a: Palossand\n|\n|-weather|RainDance|[upkeep]\n|-heal|p2a: Kyogre|218/259|[from] item: Leftovers\n|upkeep\n|inactive|randbatsto90gxe has 120 seconds left.\n|\n|t:|1781466229\n|switch|p1a: Ditto|Ditto, L87|225/225\n|-transform|p1a: Ditto|p2a: Kyogre|[from] ability: Imposter\n|turn|30\n|\n|t:|1781466251\n|switch|p2a: Snorlax|Snorlax, L82, M|94/397 par\n|-damage|p2a: Snorlax|45/397 par|[from] Stealth Rock\n|move|p1a: Ditto|Thunder|p2a: Snorlax\n|-damage|p2a: Snorlax|0 fnt\n|faint|p2a: Snorlax\n|\n|-weather|RainDance|[upkeep]\n|upkeep\n|\n|t:|1781466261\n|switch|p2a: Regieleki|Regieleki, L79, tera:Ice|192/256\n|-damage|p2a: Regieleki|128/256|[from] Stealth Rock\n|turn|31\n|\n|t:|1781466267\n|move|p2a: Regieleki|Thunderbolt|p1a: Ditto\n|-supereffective|p1a: Ditto\n|-damage|p1a: Ditto|0 fnt\n|faint|p1a: Ditto\n|\n|-weather|none\n|upkeep\n|\n|t:|1781466273\n|switch|p1a: Kingambit|Kingambit, L74, M|105/270\n|-activate|p1a: Kingambit|ability: Supreme Overlord\n|-start|p1a: Kingambit|fallen5|[silent]\n|turn|32\n|\n|t:|1781466278\n|move|p1a: Kingambit|Sucker Punch|p2a: Regieleki\n|-damage|p2a: Regieleki|0 fnt\n|faint|p2a: Regieleki\n|\n|-heal|p1a: Kingambit|121/270|[from] item: Leftovers\n|upkeep\n|\n|t:|1781466285\n|switch|p2a: Kyogre|Kyogre, L71|218/259\n|-damage|p2a: Kyogre|186/259|[from] Stealth Rock\n|-weather|RainDance|[from] ability: Drizzle|[of] p2a: Kyogre\n|turn|33\n|\n|t:|1781466317\n|move|p2a: Kyogre|Origin Pulse|p1a: Kingambit\n|-damage|p1a: Kingambit|0 fnt\n|faint|p1a: Kingambit\n|-end|p1a: Kingambit|fallen5|[silent]\n|\n|win|IchabodRb\n", "uploadtime": 1781465789, "views": 3, "formatid": "gen9randombattle", "rating": null, "private": 0, "password": null}