{"id": "gen9randombattle-2631920471", "format": "[Gen 9] Random Battle", "players": ["castiel123", "Anzaro5"], "log": "|j|\u2606castiel123\n|j|\u2606Anzaro5\n|t:|1781455747\n|gametype|singles\n|player|p1|castiel123|170|1987\n|player|p2|Anzaro5|lebanne|1987\n|gen|9\n|tier|[Gen 9] Random Battle\n|rated|\n|rule|Species Clause: Limit one of each Pok\u00e9mon\n|rule|HP Percentage Mod: HP is shown in percentages\n|rule|Sleep Clause Mod: Limit one foe put to sleep\n|rule|Illusion Level Mod: Illusion disguises the Pok\u00e9mon's true level\n|\n|t:|1781455747\n|teamsize|p1|6\n|teamsize|p2|6\n|start\n|switch|p1a: Volcarona|Volcarona, L77, M|257/257\n|switch|p2a: Meganium|Meganium, L90, M|290/290\n|turn|1\n|\n|t:|1781455763\n|switch|p2a: Terrakion|Terrakion, L79|273/273\n|move|p1a: Volcarona|Quiver Dance|p1a: Volcarona\n|-boost|p1a: Volcarona|spa|1\n|-boost|p1a: Volcarona|spd|1\n|-boost|p1a: Volcarona|spe|1\n|\n|upkeep\n|turn|2\n|\n|t:|1781455770\n|-terastallize|p1a: Volcarona|Grass\n|move|p1a: Volcarona|Quiver Dance|p1a: Volcarona\n|-boost|p1a: Volcarona|spa|1\n|-boost|p1a: Volcarona|spd|1\n|-boost|p1a: Volcarona|spe|1\n|move|p2a: Terrakion|Stone Edge|p1a: Volcarona\n|-damage|p1a: Volcarona|10/257\n|\n|upkeep\n|turn|3\n|\n|t:|1781455783\n|switch|p2a: Cacturne|Cacturne, L92, F|278/278\n|move|p1a: Volcarona|Giga Drain|p2a: Cacturne\n|-resisted|p2a: Cacturne\n|-damage|p2a: Cacturne|175/278\n|-heal|p1a: Volcarona|62/257|[from] drain|[of] p2a: Cacturne\n|\n|upkeep\n|turn|4\n|\n|t:|1781455788\n|move|p2a: Cacturne|Sucker Punch||[still]\n|-fail|p2a: Cacturne\n|move|p1a: Volcarona|Morning Sun|p1a: Volcarona\n|-heal|p1a: Volcarona|190/257\n|\n|upkeep\n|turn|5\n|\n|t:|1781455791\n|move|p1a: Volcarona|Fire Blast|p2a: Cacturne\n|-supereffective|p2a: Cacturne\n|-damage|p2a: Cacturne|0 fnt\n|faint|p2a: Cacturne\n|\n|upkeep\n|\n|t:|1781455803\n|switch|p2a: Terrakion|Terrakion, L79|273/273\n|turn|6\n|\n|t:|1781455806\n|-terastallize|p2a: Terrakion|Fighting\n|move|p1a: Volcarona|Giga Drain|p2a: Terrakion\n|-damage|p2a: Terrakion|78/273\n|-heal|p1a: Volcarona|257/257|[from] drain|[of] p2a: Terrakion\n|move|p2a: Terrakion|Close Combat|p1a: Volcarona\n|-crit|p1a: Volcarona\n|-damage|p1a: Volcarona|0 fnt\n|-unboost|p2a: Terrakion|def|1\n|-unboost|p2a: Terrakion|spd|1\n|faint|p1a: Volcarona\n|\n|upkeep\n|\n|t:|1781455817\n|switch|p1a: Gothitelle|Gothitelle, L90, M|272/272\n|turn|7\n|\n|t:|1781455821\n|move|p1a: Gothitelle|Psychic|p2a: Terrakion\n|-supereffective|p2a: Terrakion\n|-damage|p2a: Terrakion|0 fnt\n|faint|p2a: Terrakion\n|\n|upkeep\n|\n|t:|1781455835\n|switch|p2a: Solgaleo|Solgaleo, L74|325/325\n|turn|8\n|\n|t:|1781455838\n|switch|p1a: Vaporeon|Vaporeon, L86, F|364/364\n|move|p2a: Solgaleo|Knock Off|p1a: Vaporeon\n|-damage|p1a: Vaporeon|265/364\n|-enditem|p1a: Vaporeon|Leftovers|[from] move: Knock Off|[of] p2a: Solgaleo\n|\n|upkeep\n|turn|9\n|\n|t:|1781455846\n|switch|p2a: Meganium|Meganium, L90, M|290/290\n|move|p1a: Vaporeon|Scald|p2a: Meganium\n|-resisted|p2a: Meganium\n|-damage|p2a: Meganium|250/290\n|\n|-heal|p2a: Meganium|268/290|[from] item: Leftovers\n|upkeep\n|turn|10\n|\n|t:|1781455854\n|switch|p1a: Gothitelle|Gothitelle, L90, M|272/272\n|move|p2a: Meganium|Knock Off|p1a: Gothitelle\n|-supereffective|p1a: Gothitelle\n|-damage|p1a: Gothitelle|158/272\n|-enditem|p1a: Gothitelle|Choice Scarf|[from] move: Knock Off|[of] p2a: Meganium\n|\n|-heal|p2a: Meganium|286/290|[from] item: Leftovers\n|upkeep\n|turn|11\n|\n|t:|1781455864\n|move|p2a: Meganium|Knock Off|p1a: Gothitelle\n|-supereffective|p1a: Gothitelle\n|-damage|p1a: Gothitelle|78/272\n|move|p1a: Gothitelle|Trick|p2a: Meganium\n|-activate|p1a: Gothitelle|move: Trick|[of] p2a: Meganium\n|-enditem|p2a: Meganium|Leftovers|[silent]|[from] move: Trick\n|-item|p1a: Gothitelle|Leftovers|[from] move: Trick\n|\n|-heal|p1a: Gothitelle|95/272|[from] item: Leftovers\n|upkeep\n|turn|12\n|\n|t:|1781455872\n|move|p2a: Meganium|Knock Off|p1a: Gothitelle\n|-supereffective|p1a: Gothitelle\n|-damage|p1a: Gothitelle|0 fnt\n|-enditem|p1a: Gothitelle|Leftovers|[from] move: Knock Off|[of] p2a: Meganium\n|faint|p1a: Gothitelle\n|\n|upkeep\n|\n|t:|1781455875\n|switch|p1a: Arceus|Arceus-Dragon, L71|288/288\n|turn|13\n|\n|t:|1781455879\n|move|p1a: Arceus|Dragon Dance|p1a: Arceus\n|-boost|p1a: Arceus|atk|1\n|-boost|p1a: Arceus|spe|1\n|move|p2a: Meganium|Encore|p1a: Arceus\n|-start|p1a: Arceus|Encore\n|\n|upkeep\n|turn|14\n|inactive|Battle timer is ON: inactive players will automatically lose when time's up. (requested by castiel123)\n|\n|t:|1781455929\n|switch|p2a: Ursaring|Ursaring, L84, M|288/288\n|move|p1a: Arceus|Dragon Dance|p1a: Arceus\n|-boost|p1a: Arceus|atk|1\n|-boost|p1a: Arceus|spe|1\n|\n|-status|p2a: Ursaring|tox|[from] item: Toxic Orb\n|upkeep\n|turn|15\n|\n|t:|1781455934\n|switch|p1a: Houndstone|Houndstone, L86, F|264/264\n|move|p2a: Ursaring|Facade|p1a: Houndstone\n|-immune|p1a: Houndstone\n|\n|-damage|p2a: Ursaring|270/288 tox|[from] psn\n|upkeep\n|turn|16\n|\n|t:|1781455947\n|switch|p2a: Meganium|Meganium, L90, M|286/290\n|move|p1a: Houndstone|Body Press|p2a: Meganium\n|-damage|p2a: Meganium|231/290\n|\n|upkeep\n|turn|17\n|\n|t:|1781455951\n|switch|p1a: Arceus|Arceus-Dragon, L71|288/288\n|move|p2a: Meganium|Knock Off|p1a: Arceus\n|-damage|p1a: Arceus|246/288\n|\n|upkeep\n|turn|18\n|\n|t:|1781455957\n|switch|p2a: Medicham|Medicham, L86, M|243/243\n|move|p1a: Arceus|Flare Blitz|p2a: Medicham\n|-damage|p2a: Medicham|157/243\n|-damage|p1a: Arceus|218/288|[from] Recoil\n|\n|upkeep\n|turn|19\n|\n|t:|1781455961\n|switch|p1a: Vaporeon|Vaporeon, L86, F|265/364\n|move|p2a: Medicham|Trick|p1a: Vaporeon\n|-activate|p2a: Medicham|move: Trick|[of] p1a: Vaporeon\n|-item|p1a: Vaporeon|Choice Scarf|[from] move: Trick\n|-enditem|p2a: Medicham|Choice Scarf|[silent]|[from] move: Trick\n|\n|upkeep\n|turn|20\n|\n|t:|1781455968\n|switch|p2a: Meganium|Meganium, L90, M|231/290\n|move|p1a: Vaporeon|Scald|p2a: Meganium\n|-resisted|p2a: Meganium\n|-damage|p2a: Meganium|186/290\n|\n|upkeep\n|turn|21\n|\n|t:|1781455974\n|switch|p1a: Arceus|Arceus-Dragon, L71|218/288\n|move|p2a: Meganium|Synthesis|p2a: Meganium\n|-heal|p2a: Meganium|290/290\n|\n|upkeep\n|turn|22\n|\n|t:|1781455983\n|move|p1a: Arceus|Flare Blitz|p2a: Meganium\n|-supereffective|p2a: Meganium\n|-damage|p2a: Meganium|170/290\n|-damage|p1a: Arceus|178/288|[from] Recoil\n|move|p2a: Meganium|Encore|p1a: Arceus\n|-start|p1a: Arceus|Encore\n|\n|upkeep\n|turn|23\n|\n|t:|1781455996\n|move|p1a: Arceus|Flare Blitz|p2a: Meganium\n|-supereffective|p2a: Meganium\n|-damage|p2a: Meganium|52/290\n|-damage|p1a: Arceus|139/288|[from] Recoil\n|move|p2a: Meganium|Synthesis|p2a: Meganium\n|-heal|p2a: Meganium|197/290\n|\n|upkeep\n|turn|24\n|\n|t:|1781456001\n|move|p1a: Arceus|Flare Blitz|p2a: Meganium\n|-supereffective|p2a: Meganium\n|-damage|p2a: Meganium|81/290\n|-damage|p1a: Arceus|101/288|[from] Recoil\n|move|p2a: Meganium|Synthesis|p2a: Meganium\n|-heal|p2a: Meganium|226/290\n|\n|upkeep\n|turn|25\n|\n|t:|1781456009\n|switch|p1a: Pelipper|Pelipper, L86, F|243/243\n|-weather|RainDance|[from] ability: Drizzle|[of] p1a: Pelipper\n|move|p2a: Meganium|Synthesis|p2a: Meganium\n|-heal|p2a: Meganium|290/290\n|\n|-weather|RainDance|[upkeep]\n|upkeep\n|turn|26\n|\n|t:|1781456014\n|switch|p2a: Medicham|Medicham, L86, M|157/243\n|move|p1a: Pelipper|Hurricane|p2a: Medicham\n|-supereffective|p2a: Medicham\n|-damage|p2a: Medicham|0 fnt\n|faint|p2a: Medicham\n|\n|-weather|RainDance|[upkeep]\n|upkeep\n|\n|t:|1781456018\n|switch|p2a: Solgaleo|Solgaleo, L74|325/325\n|turn|27\n|\n|t:|1781456022\n|switch|p1a: Vaporeon|Vaporeon, L86, F|265/364\n|move|p2a: Solgaleo|Close Combat|p1a: Vaporeon\n|-damage|p1a: Vaporeon|151/364\n|-unboost|p2a: Solgaleo|def|1\n|-unboost|p2a: Solgaleo|spd|1\n|\n|-weather|RainDance|[upkeep]\n|upkeep\n|turn|28\n|\n|t:|1781456028\n|switch|p2a: Meganium|Meganium, L90, M|290/290\n|move|p1a: Vaporeon|Scald|p2a: Meganium\n|-resisted|p2a: Meganium\n|-damage|p2a: Meganium|225/290\n|\n|-weather|RainDance|[upkeep]\n|upkeep\n|turn|29\n|\n|t:|1781456034\n|switch|p1a: Pelipper|Pelipper, L86, F|243/243\n|move|p2a: Meganium|Energy Ball|p1a: Pelipper\n|-damage|p1a: Pelipper|132/243\n|\n|-weather|none\n|upkeep\n|turn|30\n|\n|t:|1781456040\n|switch|p2a: Solgaleo|Solgaleo, L74|325/325\n|switch|p1a: Houndstone|Houndstone, L86, F|264/264\n|\n|upkeep\n|turn|31\n|\n|t:|1781456051\n|switch|p2a: Meganium|Meganium, L90, M|225/290\n|move|p1a: Houndstone|Body Press|p2a: Meganium\n|-damage|p2a: Meganium|170/290\n|\n|upkeep\n|turn|32\n|\n|t:|1781456058\n|move|p2a: Meganium|Energy Ball|p1a: Houndstone\n|-damage|p1a: Houndstone|206/264\n|move|p1a: Houndstone|Play Rough|p2a: Meganium|[miss]\n|-miss|p1a: Houndstone|p2a: Meganium\n|\n|upkeep\n|turn|33\n|\n|t:|1781456065\n|switch|p1a: Arceus|Arceus-Dragon, L71|101/288\n|move|p2a: Meganium|Synthesis|p2a: Meganium\n|-heal|p2a: Meganium|290/290\n|\n|upkeep\n|turn|34\n|\n|t:|1781456067\n|move|p1a: Arceus|Dragon Dance|p1a: Arceus\n|-boost|p1a: Arceus|atk|1\n|-boost|p1a: Arceus|spe|1\n|move|p2a: Meganium|Encore|p1a: Arceus\n|-start|p1a: Arceus|Encore\n|\n|upkeep\n|turn|35\n|\n|t:|1781456072\n|move|p1a: Arceus|Dragon Dance|p1a: Arceus\n|-boost|p1a: Arceus|atk|1\n|-boost|p1a: Arceus|spe|1\n|move|p2a: Meganium|Knock Off|p1a: Arceus\n|-damage|p1a: Arceus|58/288\n|\n|upkeep\n|turn|36\n|\n|t:|1781456076\n|move|p1a: Arceus|Dragon Dance|p1a: Arceus\n|-boost|p1a: Arceus|atk|1\n|-boost|p1a: Arceus|spe|1\n|move|p2a: Meganium|Energy Ball|p1a: Arceus\n|-resisted|p1a: Arceus\n|-damage|p1a: Arceus|10/288\n|\n|upkeep\n|turn|37\n|\n|t:|1781456079\n|move|p1a: Arceus|Dragon Dance|p1a: Arceus\n|-boost|p1a: Arceus|atk|1\n|-boost|p1a: Arceus|spe|1\n|move|p2a: Meganium|Energy Ball|p1a: Arceus\n|-resisted|p1a: Arceus\n|-damage|p1a: Arceus|0 fnt\n|faint|p1a: Arceus\n|\n|upkeep\n|\n|t:|1781456083\n|switch|p1a: Pelipper|Pelipper, L86, F|132/243\n|-weather|RainDance|[from] ability: Drizzle|[of] p1a: Pelipper\n|turn|38\n|\n|t:|1781456092\n|switch|p2a: Solgaleo|Solgaleo, L74|325/325\n|move|p1a: Pelipper|Hurricane|p2a: Solgaleo\n|-resisted|p2a: Solgaleo\n|-damage|p2a: Solgaleo|229/325\n|\n|-weather|RainDance|[upkeep]\n|upkeep\n|turn|39\n|\n|t:|1781456102\n|switch|p1a: Vaporeon|Vaporeon, L86, F|151/364\n|move|p2a: Solgaleo|Close Combat|p1a: Vaporeon\n|-damage|p1a: Vaporeon|33/364\n|-unboost|p2a: Solgaleo|def|1\n|-unboost|p2a: Solgaleo|spd|1\n|\n|-weather|RainDance|[upkeep]\n|upkeep\n|turn|40\n|\n|t:|1781456106\n|switch|p2a: Meganium|Meganium, L90, M|290/290\n|move|p1a: Vaporeon|Scald|p2a: Meganium\n|-resisted|p2a: Meganium\n|-damage|p2a: Meganium|222/290\n|\n|-weather|RainDance|[upkeep]\n|upkeep\n|turn|41\n|\n|t:|1781456109\n|move|p1a: Vaporeon|Scald|p2a: Meganium\n|-resisted|p2a: Meganium\n|-damage|p2a: Meganium|165/290\n|-status|p2a: Meganium|brn\n|move|p2a: Meganium|Energy Ball|p1a: Vaporeon\n|-supereffective|p1a: Vaporeon\n|-damage|p1a: Vaporeon|0 fnt\n|faint|p1a: Vaporeon\n|\n|-weather|RainDance|[upkeep]\n|-damage|p2a: Meganium|147/290 brn|[from] brn\n|upkeep\n|-message|castiel123 forfeited.\n|\n|win|Anzaro5\n", "uploadtime": 1781455749, "views": 4, "formatid": "gen9randombattle", "rating": null, "private": 0, "password": null}