{"id": "gen9randombattle-2631800827", "format": "[Gen 9] Random Battle", "players": ["shooflie", "Alekii"], "log": "|j|\u2606shooflie\n|j|\u2606Alekii\n|t:|1781441612\n|gametype|singles\n|player|p1|shooflie|volkner|\n|player|p2|Alekii|101|\n|gen|9\n|tier|[Gen 9] Random Battle\n|rule|Species Clause: Limit one of each Pok\u00e9mon\n|rule|HP Percentage Mod: HP is shown in percentages\n|rule|Sleep Clause Mod: Limit one foe put to sleep\n|rule|Illusion Level Mod: Illusion disguises the Pok\u00e9mon's true level\n|\n|t:|1781441612\n|teamsize|p1|6\n|teamsize|p2|6\n|start\n|switch|p1a: Cramorant|Cramorant, L86, F|261/261\n|switch|p2a: Luvdisc|Luvdisc, F|247/247\n|turn|1\n|\n|t:|1781441619\n|switch|p1a: Galvantula|Galvantula, L82, F|249/249\n|move|p2a: Luvdisc|Whirlpool|p1a: Galvantula\n|-damage|p1a: Galvantula|213/249\n|-activate|p1a: Galvantula|move: Whirlpool|[of] p2a: Luvdisc\n|\n|-damage|p1a: Galvantula|182/249|[from] move: Whirlpool|[partiallytrapped]\n|upkeep\n|turn|2\n|\n|t:|1781441635\n|move|p2a: Luvdisc|Substitute|p2a: Luvdisc\n|-start|p2a: Luvdisc|Substitute\n|-damage|p2a: Luvdisc|186/247\n|move|p1a: Galvantula|Sticky Web|p2a: Luvdisc\n|-sidestart|p2: Alekii|move: Sticky Web\n|\n|-damage|p1a: Galvantula|151/249|[from] move: Whirlpool|[partiallytrapped]\n|upkeep\n|turn|3\n|\n|t:|1781441644\n|move|p2a: Luvdisc|Surf|p1a: Galvantula\n|-damage|p1a: Galvantula|45/249\n|move|p1a: Galvantula|Thunder|p2a: Luvdisc\n|-supereffective|p2a: Luvdisc\n|-end|p2a: Luvdisc|Substitute\n|\n|-damage|p1a: Galvantula|14/249|[from] move: Whirlpool|[partiallytrapped]\n|upkeep\n|turn|4\n|\n|t:|1781441650\n|move|p2a: Luvdisc|Substitute|p2a: Luvdisc\n|-start|p2a: Luvdisc|Substitute\n|-damage|p2a: Luvdisc|125/247\n|move|p1a: Galvantula|Thunder|p2a: Luvdisc\n|-supereffective|p2a: Luvdisc\n|-end|p2a: Luvdisc|Substitute\n|\n|-damage|p1a: Galvantula|0 fnt|[from] move: Whirlpool|[partiallytrapped]\n|faint|p1a: Galvantula\n|upkeep\n|\n|t:|1781441655\n|switch|p1a: Noivern|Noivern, L82, F|274/274\n|turn|5\n|\n|t:|1781441661\n|move|p2a: Luvdisc|Substitute|p2a: Luvdisc\n|-start|p2a: Luvdisc|Substitute\n|-damage|p2a: Luvdisc|64/247\n|move|p1a: Noivern|Boomburst|p2a: Luvdisc\n|-crit|p2a: Luvdisc\n|-damage|p2a: Luvdisc|0 fnt\n|faint|p2a: Luvdisc\n|\n|upkeep\n|c|\u2606Alekii|OH SHIUT\n|\n|t:|1781441680\n|switch|p2a: Sandslash|Sandslash-Alola, L88, M|275/275\n|-activate|p2a: Sandslash|move: Sticky Web\n|-unboost|p2a: Sandslash|spe|1\n|turn|6\n|\n|t:|1781441693\n|switch|p1a: Slowking|Slowking-Galar, L85, F|300/300\n|move|p2a: Sandslash|Rapid Spin|p1a: Slowking\n|-damage|p1a: Slowking|256/300\n|-boost|p2a: Sandslash|spe|1\n|-sideend|p2: Alekii|Sticky Web|[from] move: Rapid Spin|[of] p2a: Sandslash\n|\n|upkeep\n|turn|7\n|\n|t:|1781441704\n|move|p2a: Sandslash|Iron Head|p1a: Slowking\n|-damage|p1a: Slowking|147/300\n|cant|p1a: Slowking|flinch\n|\n|upkeep\n|turn|8\n|\n|t:|1781441712\n|move|p2a: Sandslash|Triple Axel|p1a: Slowking\n|-damage|p1a: Slowking|120/300\n|-damage|p1a: Slowking|69/300\n|-damage|p1a: Slowking|0 fnt\n|faint|p1a: Slowking\n|-hitcount|p1: Slowking|3\n|\n|upkeep\n|\n|t:|1781441726\n|switch|p1a: Golurk|Golurk, L87|297/297\n|turn|9\n|\n|t:|1781441732\n|move|p2a: Sandslash|Triple Axel|p1a: Golurk\n|-supereffective|p1a: Golurk\n|-damage|p1a: Golurk|247/297\n|-supereffective|p1a: Golurk\n|-damage|p1a: Golurk|137/297\n|-supereffective|p1a: Golurk\n|-damage|p1a: Golurk|0 fnt\n|faint|p1a: Golurk\n|-hitcount|p1: Golurk|3\n|\n|upkeep\n|\n|t:|1781441746\n|switch|p1a: Noivern|Noivern, L82, F|274/274\n|turn|10\n|\n|t:|1781441751\n|move|p1a: Noivern|Hurricane|p2a: Sandslash|[miss]\n|-miss|p1a: Noivern|p2a: Sandslash\n|move|p2a: Sandslash|Triple Axel|p1a: Noivern\n|-supereffective|p1a: Noivern\n|-damage|p1a: Noivern|166/274\n|-hitcount|p1a: Noivern|1\n|\n|upkeep\n|turn|11\n|\n|t:|1781441760\n|move|p1a: Noivern|Hurricane|p2a: Sandslash|[miss]\n|-miss|p1a: Noivern|p2a: Sandslash\n|move|p2a: Sandslash|Triple Axel|p1a: Noivern\n|-supereffective|p1a: Noivern\n|-damage|p1a: Noivern|46/274\n|-supereffective|p1a: Noivern\n|-damage|p1a: Noivern|0 fnt\n|faint|p1a: Noivern\n|-hitcount|p1: Noivern|2\n|\n|upkeep\n|c|\u2606Alekii|oh wow.\n|c|\u2606shooflie|#ok\n|\n|t:|1781441775\n|switch|p1a: Cramorant|Cramorant, L86, F|261/261\n|turn|12\n|\n|t:|1781441783\n|move|p1a: Cramorant|Surf|p2a: Sandslash\n|-formechange|p1a: Cramorant|Cramorant-Gulping|\n|-damage|p2a: Sandslash|166/275\n|move|p2a: Sandslash|Triple Axel|p1a: Cramorant\n|-damage|p1a: Cramorant|225/261\n|-damage|p2a: Sandslash|98/275|[from] ability: Gulp Missile|[of] p1a: Cramorant\n|-unboost|p2a: Sandslash|def|1\n|-formechange|p1a: Cramorant|Cramorant|\n|-damage|p1a: Cramorant|153/261\n|-damage|p1a: Cramorant|53/261\n|-hitcount|p1a: Cramorant|3\n|\n|-heal|p2a: Sandslash|115/275|[from] item: Leftovers\n|upkeep\n|turn|13\n|\n|t:|1781441797\n|move|p1a: Cramorant|Brave Bird|p2a: Sandslash\n|-resisted|p2a: Sandslash\n|-damage|p2a: Sandslash|46/275\n|-damage|p1a: Cramorant|30/261|[from] Recoil\n|move|p2a: Sandslash|Triple Axel|p1a: Cramorant\n|-damage|p1a: Cramorant|0 fnt\n|faint|p1a: Cramorant\n|-hitcount|p1: Cramorant|1\n|\n|-heal|p2a: Sandslash|63/275|[from] item: Leftovers\n|upkeep\n|\n|t:|1781441800\n|switch|p1a: Ogerpon|Ogerpon-Cornerstone, L76, F|247/247\n|turn|14\n|\n|t:|1781441806\n|move|p1a: Ogerpon|Power Whip|p2a: Sandslash\n|-resisted|p2a: Sandslash\n|-damage|p2a: Sandslash|0 fnt\n|faint|p2a: Sandslash\n|\n|upkeep\n|\n|t:|1781441822\n|switch|p2a: Duraludon|Duraludon, L82, F|249/249\n|turn|15\n|\n|t:|1781441832\n|move|p1a: Ogerpon|Ivy Cudgel|p2a: Duraludon|[anim] Ivy Cudgel Rock\n|-resisted|p2a: Duraludon\n|-crit|p2a: Duraludon\n|-damage|p2a: Duraludon|200/249\n|move|p2a: Duraludon|Body Press|p1a: Ogerpon\n|-supereffective|p1a: Ogerpon\n|-damage|p1a: Ogerpon|113/247\n|\n|upkeep\n|turn|16\n|\n|t:|1781441844\n|move|p1a: Ogerpon|Ivy Cudgel|p2a: Duraludon|[anim] Ivy Cudgel Rock\n|-resisted|p2a: Duraludon\n|-damage|p2a: Duraludon|165/249\n|move|p2a: Duraludon|Body Press|p1a: Ogerpon\n|-supereffective|p1a: Ogerpon\n|-damage|p1a: Ogerpon|0 fnt\n|faint|p1a: Ogerpon\n|\n|win|Alekii\n|c|\u2606shooflie|ur literally a freak\n|c|\u2606Alekii|gg...\n", "uploadtime": 1781441855, "views": 11, "formatid": "gen9randombattle", "rating": null, "private": 0, "password": null}