{"id": "gen9randombattle-2631754740", "format": "[Gen 9] Random Battle", "players": ["anto004", "slawada"], "log": "|j|\u2606anto004\n|j|\u2606slawada\n|t:|1781434348\n|gametype|singles\n|player|p1|anto004|2|1943\n|player|p2|slawada|harlequin|1914\n|gen|9\n|tier|[Gen 9] Random Battle\n|rated|\n|rule|Species Clause: Limit one of each Pok\u00e9mon\n|rule|HP Percentage Mod: HP is shown in percentages\n|rule|Sleep Clause Mod: Limit one foe put to sleep\n|rule|Illusion Level Mod: Illusion disguises the Pok\u00e9mon's true level\n|\n|t:|1781434348\n|teamsize|p1|6\n|teamsize|p2|6\n|start\n|switch|p1a: Blastoise|Blastoise, L80, F|258/258\n|switch|p2a: Crabominable|Crabominable, L90, F|321/321\n|turn|1\n|inactive|Battle timer is ON: inactive players will automatically lose when time's up. (requested by slawada)\n|\n|t:|1781434379\n|switch|p1a: Gholdengo|Gholdengo, L77|261/261\n|move|p2a: Crabominable|Close Combat|p1a: Gholdengo\n|-immune|p1a: Gholdengo\n|\n|upkeep\n|turn|2\n|\n|t:|1781434387\n|switch|p2a: Magnezone|Magnezone, L85|258/258\n|move|p1a: Gholdengo|Shadow Ball|p2a: Magnezone\n|-damage|p2a: Magnezone|192/258\n|\n|upkeep\n|turn|3\n|\n|t:|1781434397\n|move|p1a: Gholdengo|Shadow Ball|p2a: Magnezone\n|-damage|p2a: Magnezone|132/258\n|-unboost|p2a: Magnezone|spd|1\n|move|p2a: Magnezone|Volt Switch|p1a: Gholdengo\n|-damage|p1a: Gholdengo|117/261\n|\n|t:|1781434412\n|switch|p2a: Quaquaval|Quaquaval, L79, F|264/264|[from] Volt Switch\n|\n|upkeep\n|turn|4\n|\n|t:|1781434424\n|switch|p1a: Meowstic|Meowstic-F, L89, F|277/277\n|move|p2a: Quaquaval|Aqua Step|p1a: Meowstic\n|-damage|p1a: Meowstic|178/277\n|-boost|p2a: Quaquaval|spe|1\n|\n|upkeep\n|turn|5\n|\n|t:|1781434439\n|-terastallize|p2a: Quaquaval|Steel\n|move|p2a: Quaquaval|Aqua Step|p1a: Meowstic\n|-damage|p1a: Meowstic|84/277\n|-boost|p2a: Quaquaval|spe|1\n|move|p1a: Meowstic|Psyshock|p2a: Quaquaval\n|-resisted|p2a: Quaquaval\n|-damage|p2a: Quaquaval|196/264\n|-damage|p1a: Meowstic|57/277|[from] item: Life Orb\n|\n|-heal|p2a: Quaquaval|212/264|[from] item: Leftovers\n|upkeep\n|turn|6\n|\n|t:|1781434448\n|switch|p1a: Blastoise|Blastoise, L80, F|258/258\n|move|p2a: Quaquaval|Close Combat|p1a: Blastoise\n|-damage|p1a: Blastoise|137/258\n|-unboost|p2a: Quaquaval|def|1\n|-unboost|p2a: Quaquaval|spd|1\n|\n|-heal|p2a: Quaquaval|228/264|[from] item: Leftovers\n|upkeep\n|turn|7\n|\n|t:|1781434463\n|move|p2a: Quaquaval|Aqua Step|p1a: Blastoise\n|-resisted|p1a: Blastoise\n|-damage|p1a: Blastoise|92/258\n|-boost|p2a: Quaquaval|spe|1\n|move|p1a: Blastoise|Shell Smash|p1a: Blastoise\n|-unboost|p1a: Blastoise|def|1\n|-unboost|p1a: Blastoise|spd|1\n|-boost|p1a: Blastoise|atk|2\n|-boost|p1a: Blastoise|spa|2\n|-boost|p1a: Blastoise|spe|2\n|-enditem|p1a: Blastoise|White Herb\n|-clearnegativeboost|p1a: Blastoise|[silent]\n|\n|-heal|p2a: Quaquaval|244/264|[from] item: Leftovers\n|upkeep\n|turn|8\n|\n|t:|1781434472\n|switch|p1a: Flutter Mane|Flutter Mane, L74|203/203\n|move|p2a: Quaquaval|Close Combat|p1a: Flutter Mane\n|-immune|p1a: Flutter Mane\n|\n|-heal|p2a: Quaquaval|260/264|[from] item: Leftovers\n|upkeep\n|turn|9\n|\n|t:|1781434478\n|move|p2a: Quaquaval|Aqua Step|p1a: Flutter Mane\n|-damage|p1a: Flutter Mane|67/203\n|-boost|p2a: Quaquaval|spe|1\n|move|p1a: Flutter Mane|Shadow Ball|p2a: Quaquaval\n|-damage|p2a: Quaquaval|26/264\n|-unboost|p2a: Quaquaval|spd|1\n|\n|-heal|p2a: Quaquaval|42/264|[from] item: Leftovers\n|upkeep\n|turn|10\n|\n|t:|1781434486\n|-end|p1a: Flutter Mane|Protosynthesis|[silent]\n|switch|p1a: Blastoise|Blastoise, L80, F|92/258\n|move|p2a: Quaquaval|Aqua Step|p1a: Blastoise\n|-resisted|p1a: Blastoise\n|-damage|p1a: Blastoise|53/258\n|-boost|p2a: Quaquaval|spe|1\n|\n|-heal|p2a: Quaquaval|58/264|[from] item: Leftovers\n|upkeep\n|turn|11\n|\n|t:|1781434498\n|move|p2a: Quaquaval|Close Combat|p1a: Blastoise\n|-damage|p1a: Blastoise|0 fnt\n|-unboost|p2a: Quaquaval|def|1\n|-unboost|p2a: Quaquaval|spd|1\n|faint|p1a: Blastoise\n|-ability|p2a: Quaquaval|Moxie|boost\n|-boost|p2a: Quaquaval|atk|1\n|\n|-heal|p2a: Quaquaval|74/264|[from] item: Leftovers\n|upkeep\n|\n|t:|1781434502\n|switch|p1a: Lokix|Lokix, L82, M|251/251\n|turn|12\n|\n|t:|1781434519\n|switch|p2a: Crabominable|Crabominable, L90, F|321/321\n|move|p1a: Lokix|Sucker Punch||[still]\n|-fail|p1a: Lokix\n|\n|upkeep\n|turn|13\n|\n|t:|1781434532\n|switch|p1a: Meowstic|Meowstic-F, L89, F|57/277\n|move|p2a: Crabominable|Knock Off|p1a: Meowstic\n|-supereffective|p1a: Meowstic\n|-damage|p1a: Meowstic|0 fnt\n|-enditem|p1a: Meowstic|Life Orb|[from] move: Knock Off|[of] p2a: Crabominable\n|faint|p1a: Meowstic\n|\n|upkeep\n|\n|t:|1781434537\n|switch|p1a: Flutter Mane|Flutter Mane, L74|67/203\n|turn|14\n|\n|t:|1781434550\n|move|p1a: Flutter Mane|Moonblast|p2a: Crabominable\n|-supereffective|p2a: Crabominable\n|-damage|p2a: Crabominable|0 fnt\n|faint|p2a: Crabominable\n|\n|upkeep\n|\n|t:|1781434554\n|switch|p2a: Magnezone|Magnezone, L85|132/258\n|turn|15\n|\n|t:|1781434561\n|-end|p1a: Flutter Mane|Protosynthesis|[silent]\n|switch|p1a: Gholdengo|Gholdengo, L77|117/261\n|move|p2a: Magnezone|Volt Switch|p1a: Gholdengo\n|-crit|p1a: Gholdengo\n|-damage|p1a: Gholdengo|0 fnt\n|faint|p1a: Gholdengo\n|\n|t:|1781434573\n|switch|p2a: Groudon|Groudon, L72|263/263|[from] Volt Switch\n|-weather|SunnyDay|[from] ability: Drought|[of] p2a: Groudon\n|\n|-weather|SunnyDay|[upkeep]\n|upkeep\n|\n|t:|1781434590\n|switch|p1a: Flutter Mane|Flutter Mane, L74|67/203\n|-activate|p1a: Flutter Mane|ability: Protosynthesis\n|-start|p1a: Flutter Mane|protosynthesisspa\n|turn|16\n|\n|t:|1781434606\n|move|p1a: Flutter Mane|Moonblast|p2a: Groudon\n|-damage|p2a: Groudon|43/263\n|-unboost|p2a: Groudon|spa|1\n|move|p2a: Groudon|Heat Crash|p1a: Flutter Mane\n|-damage|p1a: Flutter Mane|0 fnt\n|faint|p1a: Flutter Mane\n|-end|p1a: Flutter Mane|Protosynthesis|[silent]\n|\n|-weather|SunnyDay|[upkeep]\n|-heal|p2a: Groudon|59/263|[from] item: Leftovers\n|upkeep\n|\n|t:|1781434612\n|switch|p1a: Lokix|Lokix, L82, M|251/251\n|turn|17\n|\n|t:|1781434615\n|move|p1a: Lokix|Knock Off|p2a: Groudon\n|-crit|p2a: Groudon\n|-damage|p2a: Groudon|0 fnt\n|-enditem|p2a: Groudon|Leftovers|[from] move: Knock Off|[of] p1a: Lokix\n|faint|p2a: Groudon\n|-damage|p1a: Lokix|226/251|[from] item: Life Orb\n|\n|-weather|SunnyDay|[upkeep]\n|upkeep\n|\n|t:|1781434621\n|switch|p2a: Magnezone|Magnezone, L85|132/258\n|turn|18\n|\n|t:|1781434635\n|-terastallize|p1a: Lokix|Dark\n|move|p1a: Lokix|Knock Off|p2a: Magnezone\n|-damage|p2a: Magnezone|0 fnt\n|-enditem|p2a: Magnezone|Assault Vest|[from] move: Knock Off|[of] p1a: Lokix\n|faint|p2a: Magnezone\n|-damage|p1a: Lokix|201/251|[from] item: Life Orb\n|\n|-weather|SunnyDay|[upkeep]\n|upkeep\n|\n|t:|1781434654\n|switch|p2a: Gyarados|Gyarados, L79, F|280/280\n|turn|19\n|\n|t:|1781434664\n|move|p1a: Lokix|Swords Dance|p1a: Lokix\n|-boost|p1a: Lokix|atk|2\n|move|p2a: Gyarados|Waterfall|p1a: Lokix\n|-damage|p1a: Lokix|155/251\n|\n|-weather|none\n|upkeep\n|turn|20\n|\n|t:|1781434671\n|move|p1a: Lokix|Knock Off|p2a: Gyarados\n|-damage|p2a: Gyarados|0 fnt\n|-enditem|p2a: Gyarados|Heavy-Duty Boots|[from] move: Knock Off|[of] p1a: Lokix\n|faint|p2a: Gyarados\n|-damage|p1a: Lokix|130/251|[from] item: Life Orb\n|\n|upkeep\n|-message|slawada forfeited.\n|\n|win|anto004\n", "uploadtime": 1781434349, "views": 3, "formatid": "gen9randombattle", "rating": null, "private": 0, "password": null}