{"id": "gen9randombattle-2631804312", "format": "[Gen 9] Random Battle", "players": ["Reconforce", "JustHaxRelax"], "log": "|j|\u2606Reconforce\n|j|\u2606JustHaxRelax\n|t:|1781442100\n|gametype|singles\n|player|p1|Reconforce|1|2240\n|player|p2|JustHaxRelax|1|2288\n|gen|9\n|tier|[Gen 9] Random Battle\n|rated|\n|rule|Species Clause: Limit one of each Pok\u00e9mon\n|rule|HP Percentage Mod: HP is shown in percentages\n|rule|Sleep Clause Mod: Limit one foe put to sleep\n|rule|Illusion Level Mod: Illusion disguises the Pok\u00e9mon's true level\n|\n|t:|1781442100\n|teamsize|p1|6\n|teamsize|p2|6\n|start\n|switch|p1a: Blaziken|Blaziken, L76, F|247/247\n|switch|p2a: Dragapult|Dragapult, L77, F|262/262\n|turn|1\n|j| keroconext1\n|\n|t:|1781442137\n|move|p2a: Dragapult|Dragon Darts|p1a: Blaziken\n|-crit|p1a: Blaziken\n|-damage|p1a: Blaziken|114/247\n|-anim|p2a: Dragapult|Dragon Darts|p1a: Blaziken\n|-damage|p1a: Blaziken|20/247\n|-damage|p2a: Dragapult|236/262|[from] item: Life Orb\n|move|p1a: Blaziken|Knock Off|p2a: Dragapult\n|-supereffective|p2a: Dragapult\n|-damage|p2a: Dragapult|28/262\n|-enditem|p2a: Dragapult|Life Orb|[from] move: Knock Off|[of] p1a: Blaziken\n|-damage|p1a: Blaziken|0 fnt|[from] item: Life Orb\n|faint|p1a: Blaziken\n|\n|upkeep\n|\n|t:|1781442145\n|switch|p1a: Honchkrow|Honchkrow, L86, M|312/312\n|turn|2\n|\n|t:|1781442158\n|move|p2a: Dragapult|Dragon Darts|p1a: Honchkrow\n|-damage|p1a: Honchkrow|237/312\n|-anim|p2a: Dragapult|Dragon Darts|p1a: Honchkrow\n|-damage|p1a: Honchkrow|156/312\n|move|p1a: Honchkrow|Brave Bird|p2a: Dragapult\n|-damage|p2a: Dragapult|0 fnt\n|faint|p2a: Dragapult\n|-ability|p1a: Honchkrow|Moxie|boost\n|-boost|p1a: Honchkrow|atk|1\n|-damage|p1a: Honchkrow|147/312|[from] Recoil\n|\n|upkeep\n|\n|t:|1781442170\n|switch|p2a: Scream Tail|Scream Tail, L84|330/330\n|turn|3\n|\n|t:|1781442177\n|switch|p1a: Tinkaton|Tinkaton, L82, F|274/274\n|-ability|p1a: Tinkaton|Mold Breaker\n|move|p2a: Scream Tail|Play Rough|p1a: Tinkaton|[miss]\n|-miss|p2a: Scream Tail|p1a: Tinkaton\n|\n|upkeep\n|turn|4\n|\n|t:|1781442207\n|-end|p2a: Scream Tail|Protosynthesis|[silent]\n|switch|p2a: Ampharos|Ampharos, L88, M|302/302\n|move|p1a: Tinkaton|Gigaton Hammer|p2a: Ampharos\n|-resisted|p2a: Ampharos\n|-damage|p2a: Ampharos|243/302\n|\n|upkeep\n|turn|5\n|\n|t:|1781442216\n|move|p1a: Tinkaton|Protect|p1a: Tinkaton\n|-singleturn|p1a: Tinkaton|Protect\n|move|p2a: Ampharos|Thunderbolt|p1a: Tinkaton\n|-activate|p1a: Tinkaton|move: Protect\n|\n|upkeep\n|turn|6\n|\n|t:|1781442219\n|switch|p1a: Ogerpon|Ogerpon, L80, F|259/259\n|move|p2a: Ampharos|Thunderbolt|p1a: Ogerpon\n|-resisted|p1a: Ogerpon\n|-damage|p1a: Ogerpon|182/259\n|-damage|p2a: Ampharos|213/302|[from] item: Life Orb\n|\n|-heal|p1a: Ogerpon|198/259|[from] item: Leftovers\n|upkeep\n|turn|7\n|\n|t:|1781442236\n|switch|p2a: Scream Tail|Scream Tail, L84|330/330\n|move|p1a: Ogerpon|Spikes|p2a: Scream Tail\n|-sidestart|p2: JustHaxRelax|Spikes\n|\n|-heal|p1a: Ogerpon|214/259|[from] item: Leftovers\n|upkeep\n|turn|8\n|\n|t:|1781442245\n|move|p2a: Scream Tail|Thunder Wave|p1a: Ogerpon\n|-status|p1a: Ogerpon|par\n|move|p1a: Ogerpon|Spikes|p2a: Scream Tail\n|-sidestart|p2: JustHaxRelax|Spikes\n|\n|-heal|p1a: Ogerpon|230/259 par|[from] item: Leftovers\n|upkeep\n|turn|9\n|\n|t:|1781442284\n|-end|p2a: Scream Tail|Protosynthesis|[silent]\n|switch|p2a: Flygon|Flygon, L82, F|265/265\n|move|p1a: Ogerpon|Spikes|p2a: Flygon\n|-sidestart|p2: JustHaxRelax|Spikes\n|\n|-heal|p1a: Ogerpon|246/259 par|[from] item: Leftovers\n|upkeep\n|turn|10\n|\n|t:|1781442288\n|move|p2a: Flygon|U-turn|p1a: Ogerpon\n|-supereffective|p1a: Ogerpon\n|-damage|p1a: Ogerpon|76/259 par\n|\n|t:|1781442300\n|switch|p2a: Ampharos|Ampharos, L88, M|213/302|[from] U-turn\n|-damage|p2a: Ampharos|138/302|[from] Spikes\n|move|p1a: Ogerpon|Encore||[still]\n|-fail|p1a: Ogerpon\n|\n|-heal|p1a: Ogerpon|92/259 par|[from] item: Leftovers\n|upkeep\n|turn|11\n|\n|t:|1781442312\n|move|p2a: Ampharos|Focus Blast|p1a: Ogerpon\n|-damage|p1a: Ogerpon|0 fnt\n|faint|p1a: Ogerpon\n|-damage|p2a: Ampharos|108/302|[from] item: Life Orb\n|\n|upkeep\n|\n|t:|1781442318\n|switch|p1a: Honchkrow|Honchkrow, L86, M|147/312\n|turn|12\n|\n|t:|1781442322\n|move|p1a: Honchkrow|Lash Out|p2a: Ampharos\n|-damage|p2a: Ampharos|12/302\n|move|p2a: Ampharos|Dazzling Gleam|p1a: Honchkrow\n|-supereffective|p1a: Honchkrow\n|-damage|p1a: Honchkrow|0 fnt\n|faint|p1a: Honchkrow\n|-damage|p2a: Ampharos|0 fnt|[from] item: Life Orb\n|faint|p2a: Ampharos\n|\n|upkeep\n|\n|t:|1781442332\n|switch|p1a: Clefable|Clefable, L83, M|293/293\n|switch|p2a: Flygon|Flygon, L82, F|265/265\n|turn|13\n|\n|t:|1781442344\n|-terastallize|p2a: Flygon|Steel\n|move|p2a: Flygon|Earthquake|p1a: Clefable\n|-damage|p1a: Clefable|125/293\n|move|p1a: Clefable|Moonblast|p2a: Flygon\n|-resisted|p2a: Flygon\n|-damage|p2a: Flygon|214/265\n|-unboost|p2a: Flygon|spa|1\n|\n|-heal|p1a: Clefable|143/293|[from] item: Leftovers\n|upkeep\n|turn|14\n|\n|t:|1781442350\n|move|p2a: Flygon|Earthquake|p1a: Clefable\n|-damage|p1a: Clefable|0 fnt\n|faint|p1a: Clefable\n|\n|upkeep\n|\n|t:|1781442351\n|switch|p1a: Gallade|Gallade, L80, M|240/240\n|turn|15\n|\n|t:|1781442387\n|move|p2a: Flygon|Earthquake|p1a: Gallade\n|-damage|p1a: Gallade|35/240\n|move|p1a: Gallade|Night Slash|p2a: Flygon\n|-damage|p2a: Flygon|78/265\n|\n|upkeep\n|turn|16\n|\n|t:|1781442395\n|move|p2a: Flygon|Earthquake|p1a: Gallade\n|-damage|p1a: Gallade|0 fnt\n|faint|p1a: Gallade\n|\n|upkeep\n|\n|t:|1781442397\n|switch|p1a: Tinkaton|Tinkaton, L82, F|274/274\n|-ability|p1a: Tinkaton|Mold Breaker\n|turn|17\n|\n|t:|1781442399\n|move|p2a: Flygon|Earthquake|p1a: Tinkaton\n|-supereffective|p1a: Tinkaton\n|-damage|p1a: Tinkaton|0 fnt\n|faint|p1a: Tinkaton\n|\n|win|JustHaxRelax\n", "uploadtime": 1781442102, "views": 3, "formatid": "gen9randombattle", "rating": null, "private": 0, "password": null}