{"id": "gen9randombattle-2631557555", "format": "[Gen 9] Random Battle", "players": ["ChiiMew151", "cha0sblow"], "log": "|j|\u2606ChiiMew151\n|j|\u2606cha0sblow\n|t:|1781401017\n|gametype|singles\n|player|p1|ChiiMew151|hilbert-wonderlauncher|1912\n|player|p2|cha0sblow|102|1954\n|gen|9\n|tier|[Gen 9] Random Battle\n|rated|\n|rule|Species Clause: Limit one of each Pok\u00e9mon\n|rule|HP Percentage Mod: HP is shown in percentages\n|rule|Sleep Clause Mod: Limit one foe put to sleep\n|rule|Illusion Level Mod: Illusion disguises the Pok\u00e9mon's true level\n|\n|t:|1781401017\n|teamsize|p1|6\n|teamsize|p2|6\n|start\n|switch|p1a: Enamorus|Enamorus, L79, F|247/247\n|switch|p2a: Amoonguss|Amoonguss, L82, F|321/321\n|turn|1\n|inactive|Battle timer is ON: inactive players will automatically lose when time's up. (requested by ChiiMew151)\n|\n|t:|1781401031\n|move|p1a: Enamorus|Taunt|p2a: Amoonguss\n|-start|p2a: Amoonguss|move: Taunt\n|cant|p2a: Amoonguss|move: Taunt|Spore\n|\n|upkeep\n|turn|2\n|\n|t:|1781401041\n|switch|p1a: Bombirdier|Bombirdier, L85, F|258/258\n|move|p2a: Amoonguss|Sludge Bomb|p1a: Bombirdier\n|-damage|p1a: Bombirdier|170/258\n|-status|p1a: Bombirdier|psn\n|\n|-damage|p1a: Bombirdier|138/258 psn|[from] psn\n|upkeep\n|turn|3\n|\n|t:|1781401059\n|switch|p2a: Krookodile|Krookodile, L79, F|280/280\n|-ability|p2a: Krookodile|Intimidate|boost\n|-unboost|p1a: Bombirdier|atk|1\n|move|p1a: Bombirdier|Brave Bird|p2a: Krookodile\n|-damage|p2a: Krookodile|171/280\n|-damage|p1a: Bombirdier|102/258 psn|[from] Recoil\n|\n|-heal|p2a: Krookodile|188/280|[from] item: Leftovers\n|-damage|p1a: Bombirdier|70/258 psn|[from] psn\n|upkeep\n|turn|4\n|inactive|ChiiMew151 has 120 seconds left.\n|\n|t:|1781401093\n|switch|p1a: Glalie|Glalie, L96, F|309/309\n|move|p2a: Krookodile|Gunk Shot|p1a: Glalie|[miss]\n|-miss|p2a: Krookodile|p1a: Glalie\n|\n|-heal|p2a: Krookodile|205/280|[from] item: Leftovers\n|upkeep\n|turn|5\n|\n|t:|1781401101\n|switch|p2a: Hypno|Hypno, L95, M|315/315\n|move|p1a: Glalie|Spikes|p2a: Hypno\n|-sidestart|p2: cha0sblow|Spikes\n|\n|upkeep\n|turn|6\n|\n|t:|1781401116\n|move|p1a: Glalie|Taunt|p2a: Hypno\n|-start|p2a: Hypno|move: Taunt\n|cant|p2a: Hypno|move: Taunt|Toxic\n|\n|upkeep\n|turn|7\n|\n|t:|1781401130\n|switch|p2a: Terrakion|Terrakion, L79|273/273\n|-damage|p2a: Terrakion|239/273|[from] Spikes\n|move|p1a: Glalie|Spikes|p2a: Terrakion\n|-sidestart|p2: cha0sblow|Spikes\n|\n|upkeep\n|turn|8\n|\n|t:|1781401140\n|move|p2a: Terrakion|Swords Dance|p2a: Terrakion\n|-boost|p2a: Terrakion|atk|2\n|move|p1a: Glalie|Earthquake|p2a: Terrakion\n|-supereffective|p2a: Terrakion\n|-damage|p2a: Terrakion|77/273\n|\n|upkeep\n|turn|9\n|\n|t:|1781401143\n|move|p2a: Terrakion|Stone Edge|p1a: Glalie|[miss]\n|-miss|p2a: Terrakion|p1a: Glalie\n|move|p1a: Glalie|Earthquake|p2a: Terrakion\n|-supereffective|p2a: Terrakion\n|-damage|p2a: Terrakion|0 fnt\n|faint|p2a: Terrakion\n|\n|upkeep\n|-message|cha0sblow forfeited.\n|\n|win|ChiiMew151\n|raw|ChiiMew151's rating: 1912 &rarr; <strong>1934</strong><br />(+22 for winning)\n|raw|cha0sblow's rating: 1954 &rarr; <strong>1932</strong><br />(-22 for losing)\n", "uploadtime": 1781401018, "views": 3, "formatid": "gen9randombattle", "rating": 1932, "private": 0, "password": null}