{"id": "gen9randombattle-2631842292", "format": "[Gen 9] Random Battle", "players": ["ccardinals5", "Mcnoodle"], "log": "|j|\u2606ccardinals5\n|j|\u2606Mcnoodle\n|t:|1781447031\n|gametype|singles\n|player|p1|ccardinals5|169|2020\n|player|p2|Mcnoodle|backpacker|2064\n|gen|9\n|tier|[Gen 9] Random Battle\n|rated|\n|rule|Species Clause: Limit one of each Pok\u00e9mon\n|rule|HP Percentage Mod: HP is shown in percentages\n|rule|Sleep Clause Mod: Limit one foe put to sleep\n|rule|Illusion Level Mod: Illusion disguises the Pok\u00e9mon's true level\n|\n|t:|1781447031\n|teamsize|p1|6\n|teamsize|p2|6\n|start\n|switch|p1a: Eiscue|Eiscue, L88, F|274/274\n|switch|p2a: Ogerpon|Ogerpon-Cornerstone, L76, F|247/247\n|turn|1\n|inactive|Battle timer is ON: inactive players will automatically lose when time's up. (requested by Mcnoodle)\n|\n|t:|1781447059\n|switch|p2a: Skeledirge|Skeledirge, L79, M|294/294\n|move|p1a: Eiscue|Ice Spinner|p2a: Skeledirge\n|-resisted|p2a: Skeledirge\n|-damage|p2a: Skeledirge|258/294\n|\n|upkeep\n|turn|2\n|\n|t:|1781447068\n|switch|p1a: Chimecho|Chimecho, L93, F|290/290\n|move|p2a: Skeledirge|Torch Song|p1a: Chimecho\n|-damage|p1a: Chimecho|218/290\n|-boost|p2a: Skeledirge|spa|1\n|\n|-heal|p1a: Chimecho|236/290|[from] item: Leftovers\n|upkeep\n|turn|3\n|\n|t:|1781447072\n|move|p1a: Chimecho|Thunder Wave|p2a: Skeledirge\n|-status|p2a: Skeledirge|par\n|cant|p2a: Skeledirge|par\n|\n|-heal|p1a: Chimecho|254/290|[from] item: Leftovers\n|upkeep\n|turn|4\n|\n|t:|1781447075\n|move|p1a: Chimecho|Psychic Noise|p2a: Skeledirge\n|-damage|p2a: Skeledirge|140/294 par\n|-start|p2a: Skeledirge|move: Heal Block\n|move|p2a: Skeledirge|Shadow Ball|p1a: Chimecho\n|-supereffective|p1a: Chimecho\n|-damage|p1a: Chimecho|48/290\n|\n|-heal|p1a: Chimecho|66/290|[from] item: Leftovers\n|upkeep\n|turn|5\n|\n|t:|1781447078\n|move|p1a: Chimecho|Psychic Noise|p2a: Skeledirge\n|-damage|p2a: Skeledirge|31/294 par\n|move|p2a: Skeledirge|Shadow Ball|p1a: Chimecho\n|-supereffective|p1a: Chimecho\n|-damage|p1a: Chimecho|0 fnt\n|faint|p1a: Chimecho\n|\n|-end|p2a: Skeledirge|move: Heal Block\n|upkeep\n|\n|t:|1781447083\n|switch|p1a: Ting-Lu|Ting-Lu, L78|370/370\n|-ability|p1a: Ting-Lu|Vessel of Ruin\n|turn|6\n|\n|t:|1781447088\n|move|p1a: Ting-Lu|Earthquake|p2a: Skeledirge\n|-supereffective|p2a: Skeledirge\n|-damage|p2a: Skeledirge|0 fnt\n|faint|p2a: Skeledirge\n|\n|upkeep\n|\n|t:|1781447107\n|switch|p2a: Keldeo|Keldeo-Resolute, L79|273/273\n|turn|7\n|\n|t:|1781447112\n|switch|p1a: Eternatus|Eternatus, L69|308/308\n|-ability|p1a: Eternatus|Pressure\n|move|p2a: Keldeo|Substitute|p2a: Keldeo\n|-start|p2a: Keldeo|Substitute\n|-damage|p2a: Keldeo|205/273\n|\n|-heal|p2a: Keldeo|222/273|[from] item: Leftovers\n|upkeep\n|turn|8\n|\n|t:|1781447115\n|move|p1a: Eternatus|Sludge Bomb|p2a: Keldeo\n|-end|p2a: Keldeo|Substitute\n|move|p2a: Keldeo|Calm Mind|p2a: Keldeo\n|-boost|p2a: Keldeo|spa|1\n|-boost|p2a: Keldeo|spd|1\n|\n|-heal|p2a: Keldeo|239/273|[from] item: Leftovers\n|upkeep\n|turn|9\n|\n|t:|1781447119\n|move|p1a: Eternatus|Sludge Bomb|p2a: Keldeo\n|-damage|p2a: Keldeo|175/273\n|move|p2a: Keldeo|Calm Mind|p2a: Keldeo\n|-boost|p2a: Keldeo|spa|1\n|-boost|p2a: Keldeo|spd|1\n|\n|-heal|p2a: Keldeo|192/273|[from] item: Leftovers\n|upkeep\n|turn|10\n|\n|t:|1781447127\n|-terastallize|p2a: Keldeo|Steel\n|move|p1a: Eternatus|Dynamax Cannon|p2a: Keldeo\n|-resisted|p2a: Keldeo\n|-damage|p2a: Keldeo|168/273\n|move|p2a: Keldeo|Substitute|p2a: Keldeo\n|-start|p2a: Keldeo|Substitute\n|-damage|p2a: Keldeo|100/273\n|\n|-heal|p2a: Keldeo|117/273|[from] item: Leftovers\n|upkeep\n|turn|11\n|\n|t:|1781447132\n|move|p1a: Eternatus|Fire Blast|p2a: Keldeo\n|-supereffective|p2a: Keldeo\n|-end|p2a: Keldeo|Substitute\n|move|p2a: Keldeo|Secret Sword|p1a: Eternatus\n|-resisted|p1a: Eternatus\n|-damage|p1a: Eternatus|190/308\n|\n|-heal|p1a: Eternatus|209/308|[from] item: Leftovers\n|-heal|p2a: Keldeo|134/273|[from] item: Leftovers\n|upkeep\n|turn|12\n|\n|t:|1781447136\n|move|p1a: Eternatus|Fire Blast|p2a: Keldeo\n|-supereffective|p2a: Keldeo\n|-damage|p2a: Keldeo|50/273\n|move|p2a: Keldeo|Secret Sword|p1a: Eternatus\n|-resisted|p1a: Eternatus\n|-damage|p1a: Eternatus|92/308\n|\n|-heal|p1a: Eternatus|111/308|[from] item: Leftovers\n|-heal|p2a: Keldeo|67/273|[from] item: Leftovers\n|upkeep\n|turn|13\n|\n|t:|1781447142\n|move|p1a: Eternatus|Fire Blast|p2a: Keldeo\n|-supereffective|p2a: Keldeo\n|-damage|p2a: Keldeo|0 fnt\n|faint|p2a: Keldeo\n|\n|-heal|p1a: Eternatus|130/308|[from] item: Leftovers\n|upkeep\n|\n|t:|1781447147\n|switch|p2a: Dragapult|Dragapult, L77, F|262/262\n|turn|14\n|\n|t:|1781447150\n|move|p2a: Dragapult|Dragon Darts|p1a: Eternatus\n|-supereffective|p1a: Eternatus\n|-crit|p1a: Eternatus\n|-damage|p1a: Eternatus|0 fnt\n|faint|p1a: Eternatus\n|\n|upkeep\n|\n|t:|1781447153\n|switch|p1a: Ting-Lu|Ting-Lu, L78|370/370\n|-ability|p1a: Ting-Lu|Vessel of Ruin\n|turn|15\n|\n|t:|1781447159\n|move|p2a: Dragapult|Will-O-Wisp|p1a: Ting-Lu\n|-status|p1a: Ting-Lu|brn\n|move|p1a: Ting-Lu|Throat Chop|p2a: Dragapult\n|-supereffective|p2a: Dragapult\n|-damage|p2a: Dragapult|166/262\n|-start|p2a: Dragapult|Throat Chop|[silent]\n|\n|-damage|p1a: Ting-Lu|347/370 brn|[from] brn\n|upkeep\n|turn|16\n|\n|t:|1781447163\n|move|p2a: Dragapult|U-turn|p1a: Ting-Lu\n|-supereffective|p1a: Ting-Lu\n|-damage|p1a: Ting-Lu|267/370 brn\n|\n|t:|1781447171\n|switch|p2a: Rotom|Rotom-Fan, L86|226/226|[from] U-turn\n|move|p1a: Ting-Lu|Stealth Rock|p2a: Rotom\n|-sidestart|p2: Mcnoodle|move: Stealth Rock\n|\n|-heal|p1a: Ting-Lu|290/370 brn|[from] item: Leftovers\n|-damage|p1a: Ting-Lu|267/370 brn|[from] brn\n|upkeep\n|turn|17\n|\n|t:|1781447176\n|switch|p1a: Weavile|Weavile, L79, M|240/240\n|move|p2a: Rotom|Nasty Plot|p2a: Rotom\n|-boost|p2a: Rotom|spa|2\n|\n|upkeep\n|turn|18\n|\n|t:|1781447183\n|move|p1a: Weavile|Triple Axel|p2a: Rotom\n|-supereffective|p2a: Rotom\n|-damage|p2a: Rotom|184/226\n|-supereffective|p2a: Rotom\n|-damage|p2a: Rotom|100/226\n|-supereffective|p2a: Rotom\n|-damage|p2a: Rotom|0 fnt\n|faint|p2a: Rotom\n|-hitcount|p2: Rotom|3\n|\n|upkeep\n|\n|t:|1781447193\n|switch|p2a: Dragapult|Dragapult, L77, F|166/262\n|turn|19\n|\n|t:|1781447197\n|switch|p1a: Ting-Lu|Ting-Lu, L78|267/370 brn\n|-ability|p1a: Ting-Lu|Vessel of Ruin\n|move|p2a: Dragapult|Dragon Darts|p1a: Ting-Lu\n|-damage|p1a: Ting-Lu|227/370 brn\n|-anim|p2a: Dragapult|Dragon Darts|p1a: Ting-Lu\n|-damage|p1a: Ting-Lu|181/370 brn\n|\n|-heal|p1a: Ting-Lu|204/370 brn|[from] item: Leftovers\n|-damage|p1a: Ting-Lu|181/370 brn|[from] brn\n|upkeep\n|turn|20\n|\n|t:|1781447200\n|move|p2a: Dragapult|Dragon Darts|p1a: Ting-Lu\n|-damage|p1a: Ting-Lu|139/370 brn\n|-anim|p2a: Dragapult|Dragon Darts|p1a: Ting-Lu\n|-damage|p1a: Ting-Lu|93/370 brn\n|move|p1a: Ting-Lu|Spikes|p2a: Dragapult\n|-sidestart|p2: Mcnoodle|Spikes\n|\n|-heal|p1a: Ting-Lu|116/370 brn|[from] item: Leftovers\n|-damage|p1a: Ting-Lu|93/370 brn|[from] brn\n|upkeep\n|turn|21\n|\n|t:|1781447203\n|move|p2a: Dragapult|Dragon Darts|p1a: Ting-Lu\n|-damage|p1a: Ting-Lu|50/370 brn\n|-anim|p2a: Dragapult|Dragon Darts|p1a: Ting-Lu\n|-damage|p1a: Ting-Lu|8/370 brn\n|move|p1a: Ting-Lu|Throat Chop|p2a: Dragapult\n|-supereffective|p2a: Dragapult\n|-damage|p2a: Dragapult|72/262\n|-start|p2a: Dragapult|Throat Chop|[silent]\n|\n|-heal|p1a: Ting-Lu|31/370 brn|[from] item: Leftovers\n|-damage|p1a: Ting-Lu|8/370 brn|[from] brn\n|upkeep\n|turn|22\n|\n|t:|1781447207\n|move|p2a: Dragapult|Dragon Darts|p1a: Ting-Lu\n|-damage|p1a: Ting-Lu|0 fnt\n|faint|p1a: Ting-Lu\n|\n|-end|p2a: Dragapult|Throat Chop|[silent]\n|upkeep\n|\n|t:|1781447211\n|switch|p1a: Weavile|Weavile, L79, M|240/240\n|turn|23\n|\n|t:|1781447213\n|move|p1a: Weavile|Ice Shard|p2a: Dragapult\n|-supereffective|p2a: Dragapult\n|-damage|p2a: Dragapult|0 fnt\n|-start|p1a: Weavile|Disable|Ice Shard|[from] ability: Cursed Body|[of] p2a: Dragapult\n|faint|p2a: Dragapult\n|\n|upkeep\n|\n|t:|1781447216\n|switch|p2a: Pawmot|Pawmot, L80, M|243/243\n|-damage|p2a: Pawmot|228/243|[from] Stealth Rock\n|-damage|p2a: Pawmot|198/243|[from] Spikes\n|turn|24\n|\n|t:|1781447239\n|move|p1a: Weavile|Triple Axel|p2a: Pawmot\n|-damage|p2a: Pawmot|171/243\n|-hitcount|p2a: Pawmot|1\n|move|p2a: Pawmot|Revival Blessing|p2a: Pawmot\n|inactive|Mcnoodle has 120 seconds left.\n|\n|t:|1781447256\n|-heal|p2: Skeledirge|147/294|[from] move: Revival Blessing\n|\n|upkeep\n|turn|25\n|\n|t:|1781447260\n|move|p1a: Weavile|Triple Axel|p2a: Pawmot\n|-damage|p2a: Pawmot|144/243\n|-damage|p2a: Pawmot|92/243\n|-hitcount|p2a: Pawmot|2\n|move|p2a: Pawmot|Close Combat|p1a: Weavile\n|-supereffective|p1a: Weavile\n|-damage|p1a: Weavile|0 fnt\n|-unboost|p2a: Pawmot|def|1\n|-unboost|p2a: Pawmot|spd|1\n|faint|p1a: Weavile\n|-damage|p2a: Pawmot|68/243|[from] item: Life Orb\n|\n|upkeep\n|\n|t:|1781447269\n|switch|p1a: Eiscue|Eiscue, L88, F|274/274\n|turn|26\n|\n|t:|1781447274\n|switch|p2a: Skeledirge|Skeledirge, L79, M|147/294\n|move|p1a: Eiscue|Liquidation|p2a: Skeledirge\n|-supereffective|p2a: Skeledirge\n|-damage|p2a: Skeledirge|37/294\n|\n|upkeep\n|turn|27\n|\n|t:|1781447285\n|-terastallize|p1a: Eiscue|Water\n|move|p2a: Skeledirge|Slack Off|p2a: Skeledirge\n|-heal|p2a: Skeledirge|184/294\n|move|p1a: Eiscue|Liquidation|p2a: Skeledirge\n|-supereffective|p2a: Skeledirge\n|-damage|p2a: Skeledirge|8/294\n|\n|upkeep\n|turn|28\n|\n|t:|1781447299\n|move|p2a: Skeledirge|Shadow Ball|p1a: Eiscue\n|-damage|p1a: Eiscue|201/274\n|move|p1a: Eiscue|Liquidation|p2a: Skeledirge\n|-supereffective|p2a: Skeledirge\n|-damage|p2a: Skeledirge|0 fnt\n|faint|p2a: Skeledirge\n|\n|upkeep\n|\n|t:|1781447307\n|switch|p2a: Ogerpon|Ogerpon-Cornerstone, L76, F|247/247\n|-damage|p2a: Ogerpon|217/247|[from] Stealth Rock\n|-damage|p2a: Ogerpon|187/247|[from] Spikes\n|turn|29\n|\n|t:|1781447312\n|move|p2a: Ogerpon|Horn Leech|p1a: Eiscue\n|-activate|p1a: Eiscue|ability: Ice Face\n|-damage|p1a: Eiscue|201/274\n|detailschange|p1a: Eiscue|Eiscue-Noice, L88, F, tera:Water\n|move|p1a: Eiscue|Belly Drum|p1a: Eiscue\n|-damage|p1a: Eiscue|64/274\n|-setboost|p1a: Eiscue|atk|6|[from] move: Belly Drum\n|-enditem|p1a: Eiscue|Sitrus Berry|[eat]\n|-heal|p1a: Eiscue|132/274|[from] item: Sitrus Berry\n|\n|upkeep\n|turn|30\n|\n|t:|1781447319\n|move|p1a: Eiscue|Ice Spinner|p2a: Ogerpon\n|-supereffective|p2a: Ogerpon\n|-damage|p2a: Ogerpon|0 fnt\n|faint|p2a: Ogerpon\n|\n|upkeep\n|-message|Mcnoodle forfeited.\n|\n|win|ccardinals5\n", "uploadtime": 1781447033, "views": 7, "formatid": "gen9randombattle", "rating": null, "private": 0, "password": null}