{"id": "gen9randombattle-2631646944", "format": "[Gen 9] Random Battle", "players": ["duuhhao", "mahomesthegoat"], "log": "|badge|p2|bronze|gen9randombattle|100-9\n|uhtml|medal-msg|<div class=\"broadcast-blue\">Curious what those medals under the avatar are? PS now has Ladder Seasons! For more information, check out the <a href=\"https://www.smogon.com/forums/threads/3740067/\">thread on Smogon.</a></div>\n|j|\u2606duuhhao\n|j|\u2606mahomesthegoat\n|t:|1781414347\n|gametype|singles\n|player|p1|duuhhao|clair|2200\n|player|p2|mahomesthegoat|266|2337\n|gen|9\n|tier|[Gen 9] Random Battle\n|rated|\n|rule|Species Clause: Limit one of each Pok\u00e9mon\n|rule|HP Percentage Mod: HP is shown in percentages\n|rule|Sleep Clause Mod: Limit one foe put to sleep\n|rule|Illusion Level Mod: Illusion disguises the Pok\u00e9mon's true level\n|\n|t:|1781414347\n|teamsize|p1|6\n|teamsize|p2|6\n|start\n|switch|p1a: Garganacl|Garganacl, L80, M|291/291\n|switch|p2a: Whimsicott|Whimsicott, L84, F|238/238\n|turn|1\n|\n|t:|1781414365\n|switch|p1a: Skarmory|Skarmory, L80, M|235/235\n|move|p2a: Whimsicott|Giga Drain|p1a: Skarmory\n|-resisted|p1a: Skarmory\n|-damage|p1a: Skarmory|214/235\n|\n|-heal|p1a: Skarmory|228/235|[from] item: Leftovers\n|upkeep\n|turn|2\n|\n|t:|1781414389\n|move|p2a: Whimsicott|U-turn|p1a: Skarmory\n|-resisted|p1a: Skarmory\n|-damage|p1a: Skarmory|221/235\n|\n|t:|1781414393\n|switch|p2a: Morpeko|Morpeko, L88, M|245/245|[from] U-turn\n|move|p1a: Skarmory|Spikes|p2a: Morpeko\n|-sidestart|p2: mahomesthegoat|Spikes\n|\n|-heal|p1a: Skarmory|235/235|[from] item: Leftovers\n|-formechange|p2a: Morpeko|Morpeko-Hangry||[from] ability: Hunger Switch\n|upkeep\n|turn|3\n|\n|t:|1781414405\n|switch|p1a: Iron Hands|Iron Hands, L79|373/373\n|move|p2a: Morpeko|Rapid Spin|p1a: Iron Hands\n|-damage|p1a: Iron Hands|340/373\n|-boost|p2a: Morpeko|spe|1\n|-sideend|p2: mahomesthegoat|Spikes|[from] move: Rapid Spin|[of] p2a: Morpeko\n|\n|-heal|p1a: Iron Hands|363/373|[from] item: Leftovers\n|-formechange|p2a: Morpeko|Morpeko||[from] ability: Hunger Switch\n|upkeep\n|turn|4\n|\n|t:|1781414415\n|move|p2a: Morpeko|Parting Shot|p1a: Iron Hands\n|-unboost|p1a: Iron Hands|atk|1\n|-unboost|p1a: Iron Hands|spa|1\n|\n|t:|1781414420\n|switch|p2a: Uxie|Uxie, L83|260/260|[from] Parting Shot\n|move|p1a: Iron Hands|Ice Punch|p2a: Uxie\n|-damage|p2a: Uxie|226/260\n|\n|-heal|p2a: Uxie|242/260|[from] item: Leftovers\n|-heal|p1a: Iron Hands|373/373|[from] item: Leftovers\n|upkeep\n|turn|5\n|\n|t:|1781414431\n|-end|p1a: Iron Hands|Quark Drive|[silent]\n|switch|p1a: Dunsparce|Dunsparce, L86, M|312/312\n|move|p2a: Uxie|Stealth Rock|p1a: Dunsparce\n|-sidestart|p1: duuhhao|move: Stealth Rock\n|\n|-heal|p2a: Uxie|258/260|[from] item: Leftovers\n|upkeep\n|turn|6\n|\n|t:|1781414453\n|move|p2a: Uxie|Thunder Wave|p1a: Dunsparce\n|-status|p1a: Dunsparce|par\n|move|p1a: Dunsparce|Body Slam|p2a: Uxie\n|-damage|p2a: Uxie|201/260\n|\n|-heal|p2a: Uxie|217/260|[from] item: Leftovers\n|upkeep\n|turn|7\n|\n|t:|1781414460\n|move|p2a: Uxie|Knock Off|p1a: Dunsparce\n|-damage|p1a: Dunsparce|268/312 par\n|-enditem|p1a: Dunsparce|Eviolite|[from] move: Knock Off|[of] p2a: Uxie\n|cant|p1a: Dunsparce|par\n|\n|-heal|p2a: Uxie|233/260|[from] item: Leftovers\n|upkeep\n|turn|8\n|\n|t:|1781414488\n|move|p2a: Uxie|Psychic Noise|p1a: Dunsparce\n|-damage|p1a: Dunsparce|195/312 par\n|-start|p1a: Dunsparce|move: Heal Block\n|cant|p1a: Dunsparce|par\n|\n|-heal|p2a: Uxie|249/260|[from] item: Leftovers\n|upkeep\n|turn|9\n|\n|t:|1781414498\n|switch|p2a: Morpeko|Morpeko, L88, M|245/245\n|cant|p1a: Dunsparce|par\n|\n|-end|p1a: Dunsparce|move: Heal Block\n|-formechange|p2a: Morpeko|Morpeko-Hangry||[from] ability: Hunger Switch\n|upkeep\n|turn|10\n|\n|t:|1781414510\n|move|p2a: Morpeko|Parting Shot|p1a: Dunsparce\n|-unboost|p1a: Dunsparce|atk|1\n|-unboost|p1a: Dunsparce|spa|1\n|\n|t:|1781414513\n|switch|p2a: Uxie|Uxie, L83|249/260|[from] Parting Shot\n|cant|p1a: Dunsparce|par\n|\n|-heal|p2a: Uxie|260/260|[from] item: Leftovers\n|upkeep\n|turn|11\n|c|\u2606duuhhao|bruh\n|\n|t:|1781414523\n|move|p2a: Uxie|Psychic Noise|p1a: Dunsparce\n|-damage|p1a: Dunsparce|111/312 par\n|-start|p1a: Dunsparce|move: Heal Block\n|cant|p1a: Dunsparce|par\n|\n|upkeep\n|turn|12\n|-message|duuhhao forfeited.\n|\n|win|mahomesthegoat\n", "uploadtime": 1781414349, "views": 3, "formatid": "gen9randombattle", "rating": null, "private": 0, "password": null}