{"id": "gen9randombattle-2631571203", "format": "[Gen 9] Random Battle", "players": ["bluesun000", "PJCDragon"], "log": "|j|\u2606bluesun000\n|j|\u2606PJCDragon\n|t:|1781402869\n|gametype|singles\n|player|p1|bluesun000|palmer|1937\n|player|p2|PJCDragon|scientist|1939\n|gen|9\n|tier|[Gen 9] Random Battle\n|rated|\n|rule|Species Clause: Limit one of each Pok\u00e9mon\n|rule|HP Percentage Mod: HP is shown in percentages\n|rule|Sleep Clause Mod: Limit one foe put to sleep\n|rule|Illusion Level Mod: Illusion disguises the Pok\u00e9mon's true level\n|\n|t:|1781402869\n|teamsize|p1|6\n|teamsize|p2|6\n|start\n|switch|p1a: Probopass|Probopass, L91, M|257/257\n|switch|p2a: Keldeo|Keldeo-Resolute, L79|273/273\n|turn|1\n|inactive|Battle timer is ON: inactive players will automatically lose when time's up. (requested by bluesun000)\n|inactive|bluesun000 has 120 seconds left.\n|\n|t:|1781402908\n|switch|p1a: Raichu|Raichu-Alola, L87, F|246/246\n|move|p2a: Keldeo|Substitute|p2a: Keldeo\n|-start|p2a: Keldeo|Substitute\n|-damage|p2a: Keldeo|205/273\n|\n|-heal|p2a: Keldeo|222/273|[from] item: Leftovers\n|upkeep\n|turn|2\n|\n|t:|1781402934\n|move|p1a: Raichu|Nasty Plot|p1a: Raichu\n|-boost|p1a: Raichu|spa|2\n|move|p2a: Keldeo|Surf|p1a: Raichu\n|-damage|p1a: Raichu|132/246\n|\n|-heal|p2a: Keldeo|239/273|[from] item: Leftovers\n|upkeep\n|turn|3\n|\n|t:|1781402941\n|move|p1a: Raichu|Alluring Voice|p2a: Keldeo\n|-supereffective|p2a: Keldeo\n|-damage|p2a: Keldeo|0 fnt\n|faint|p2a: Keldeo\n|-damage|p1a: Raichu|108/246|[from] item: Life Orb\n|\n|upkeep\n|\n|t:|1781402949\n|switch|p2a: Pachirisu|Pachirisu, L96, F|271/271\n|turn|4\n|inactive|bluesun000 has 120 seconds left.\n|\n|t:|1781402980\n|-terastallize|p1a: Raichu|Fairy\n|move|p1a: Raichu|Psyshock|p2a: Pachirisu\n|-damage|p2a: Pachirisu|24/271\n|-damage|p1a: Raichu|84/246|[from] item: Life Orb\n|move|p2a: Pachirisu|U-turn|p1a: Raichu\n|-resisted|p1a: Raichu\n|-damage|p1a: Raichu|55/246\n|\n|t:|1781402996\n|switch|p2a: Ludicolo|Ludicolo, L90, M|290/290|[from] U-turn\n|\n|upkeep\n|turn|5\n|inactive|bluesun000 has 120 seconds left.\n|\n|t:|1781403025\n|move|p1a: Raichu|Thunderbolt|p2a: Ludicolo\n|-damage|p2a: Ludicolo|52/290\n|-damage|p1a: Raichu|31/246|[from] item: Life Orb\n|move|p2a: Ludicolo|Rain Dance|p2a: Ludicolo\n|-weather|RainDance\n|\n|-weather|RainDance|[upkeep]\n|upkeep\n|turn|6\n|\n|t:|1781403037\n|switch|p1a: Chansey|Chansey, L85, F|564/564\n|move|p2a: Ludicolo|Giga Drain|p1a: Chansey\n|-damage|p1a: Chansey|500/564\n|-heal|p2a: Ludicolo|84/290|[from] drain|[of] p1a: Chansey\n|-damage|p2a: Ludicolo|55/290|[from] item: Life Orb\n|\n|-weather|RainDance|[upkeep]\n|upkeep\n|turn|7\n|\n|t:|1781403044\n|switch|p2a: Pachirisu|Pachirisu, L96, F|24/271\n|move|p1a: Chansey|Stealth Rock|p2a: Pachirisu\n|-sidestart|p2: PJCDragon|move: Stealth Rock\n|\n|-weather|RainDance|[upkeep]\n|upkeep\n|turn|8\n|\n|t:|1781403049\n|move|p2a: Pachirisu|Super Fang|p1a: Chansey\n|-damage|p1a: Chansey|250/564\n|move|p1a: Chansey|Seismic Toss|p2a: Pachirisu\n|-damage|p2a: Pachirisu|0 fnt\n|faint|p2a: Pachirisu\n|\n|-weather|RainDance|[upkeep]\n|upkeep\n|\n|t:|1781403052\n|switch|p2a: Maushold|Maushold, L76|238/238\n|-damage|p2a: Maushold|209/238|[from] Stealth Rock\n|turn|9\n|\n|t:|1781403061\n|-terastallize|p2a: Maushold|Ghost\n|move|p2a: Maushold|Encore|p1a: Chansey\n|-start|p1a: Chansey|Encore\n|move|p1a: Chansey|Seismic Toss|p2a: Maushold\n|-immune|p2a: Maushold\n|\n|-weather|none\n|upkeep\n|turn|10\n|inactive|bluesun000 has 120 seconds left.\n|\n|t:|1781403083\n|switch|p1a: Squawkabilly|Squawkabilly, L85, M|278/278\n|move|p2a: Maushold|Tidy Up|p2a: Maushold\n|-sideend|p2: PJCDragon|Stealth Rock\n|-activate|p2a: Maushold|move: Tidy Up\n|-boost|p2a: Maushold|atk|1\n|-boost|p2a: Maushold|spe|1\n|\n|-status|p1a: Squawkabilly|brn|[from] item: Flame Orb\n|upkeep\n|turn|11\n|inactive|bluesun000 has 120 seconds left.\n|inactive|bluesun000 has 90 seconds left.\n|\n|t:|1781403128\n|switch|p1a: Chansey|Chansey, L85, F|250/564\n|move|p2a: Maushold|Population Bomb|p1a: Chansey\n|-damage|p1a: Chansey|169/564\n|-damage|p1a: Chansey|94/564\n|-damage|p1a: Chansey|16/564\n|-damage|p1a: Chansey|0 fnt\n|faint|p1a: Chansey\n|-hitcount|p1: Chansey|4\n|\n|upkeep\n|\n|t:|1781403141\n|switch|p1a: Probopass|Probopass, L91, M|257/257\n|turn|12\n|\n|t:|1781403147\n|move|p2a: Maushold|Bite|p1a: Probopass\n|-damage|p1a: Probopass|217/257\n|move|p1a: Probopass|Thunder Wave|p2a: Maushold\n|-status|p2a: Maushold|par\n|\n|-heal|p1a: Probopass|233/257|[from] item: Leftovers\n|upkeep\n|turn|13\n|inactive|bluesun000 has 90 seconds left.\n|\n|t:|1781403157\n|move|p2a: Maushold|Tidy Up|p2a: Maushold\n|-boost|p2a: Maushold|atk|1\n|-boost|p2a: Maushold|spe|1\n|move|p1a: Probopass|Iron Defense|p1a: Probopass\n|-boost|p1a: Probopass|def|2\n|\n|-heal|p1a: Probopass|249/257|[from] item: Leftovers\n|upkeep\n|turn|14\n|\n|t:|1781403162\n|move|p2a: Maushold|Encore|p1a: Probopass\n|-start|p1a: Probopass|Encore\n|move|p1a: Probopass|Iron Defense|p1a: Probopass\n|-boost|p1a: Probopass|def|2\n|\n|-heal|p1a: Probopass|257/257|[from] item: Leftovers\n|upkeep\n|turn|15\n|\n|t:|1781403177\n|switch|p1a: Raichu|Raichu-Alola, L87, F, tera:Fairy|31/246\n|move|p2a: Maushold|Tidy Up|p2a: Maushold\n|-boost|p2a: Maushold|atk|1\n|-boost|p2a: Maushold|spe|1\n|\n|upkeep\n|turn|16\n|\n|t:|1781403186\n|move|p2a: Maushold|Bite|p1a: Raichu\n|-resisted|p1a: Raichu\n|-damage|p1a: Raichu|0 fnt\n|faint|p1a: Raichu\n|\n|upkeep\n|\n|t:|1781403199\n|switch|p1a: Probopass|Probopass, L91, M|257/257\n|turn|17\n|\n|t:|1781403208\n|move|p2a: Maushold|Bite|p1a: Probopass\n|-damage|p1a: Probopass|186/257\n|cant|p1a: Probopass|flinch\n|\n|-heal|p1a: Probopass|202/257|[from] item: Leftovers\n|upkeep\n|turn|18\n|\n|t:|1781403219\n|move|p2a: Maushold|Population Bomb|p1a: Probopass\n|-resisted|p1a: Probopass\n|-crit|p1a: Probopass\n|-damage|p1a: Probopass|188/257\n|-resisted|p1a: Probopass\n|-damage|p1a: Probopass|179/257\n|-resisted|p1a: Probopass\n|-damage|p1a: Probopass|170/257\n|-resisted|p1a: Probopass\n|-damage|p1a: Probopass|162/257\n|-resisted|p1a: Probopass\n|-damage|p1a: Probopass|153/257\n|-resisted|p1a: Probopass\n|-damage|p1a: Probopass|144/257\n|-resisted|p1a: Probopass\n|-damage|p1a: Probopass|135/257\n|-resisted|p1a: Probopass\n|-damage|p1a: Probopass|126/257\n|-resisted|p1a: Probopass\n|-damage|p1a: Probopass|117/257\n|-resisted|p1a: Probopass\n|-crit|p1a: Probopass\n|-damage|p1a: Probopass|105/257\n|-hitcount|p1a: Probopass|10\n|move|p1a: Probopass|Power Gem|p2a: Maushold\n|-damage|p2a: Maushold|106/238 par\n|\n|-heal|p1a: Probopass|121/257|[from] item: Leftovers\n|upkeep\n|turn|19\n|\n|t:|1781403230\n|move|p2a: Maushold|Bite|p1a: Probopass\n|-damage|p1a: Probopass|53/257\n|cant|p1a: Probopass|flinch\n|\n|-heal|p1a: Probopass|69/257|[from] item: Leftovers\n|upkeep\n|turn|20\n|\n|t:|1781403236\n|move|p2a: Maushold|Bite|p1a: Probopass\n|-damage|p1a: Probopass|0 fnt\n|faint|p1a: Probopass\n|\n|upkeep\n|\n|t:|1781403254\n|switch|p1a: Great Tusk|Great Tusk, L77|304/304\n|turn|21\n|\n|t:|1781403263\n|move|p2a: Maushold|Population Bomb|p1a: Great Tusk\n|-damage|p1a: Great Tusk|262/304\n|-damage|p1a: Great Tusk|217/304\n|-damage|p1a: Great Tusk|174/304\n|-damage|p1a: Great Tusk|131/304\n|-damage|p1a: Great Tusk|85/304\n|-damage|p1a: Great Tusk|45/304\n|-damage|p1a: Great Tusk|3/304\n|-damage|p1a: Great Tusk|0 fnt\n|faint|p1a: Great Tusk\n|-end|p1a: Great Tusk|Protosynthesis|[silent]\n|-hitcount|p1: Great Tusk|8\n|\n|upkeep\n|\n|t:|1781403266\n|switch|p1a: Squawkabilly|Squawkabilly, L85, M|278/278 brn\n|turn|22\n|\n|t:|1781403270\n|move|p2a: Maushold|Population Bomb|p1a: Squawkabilly\n|-damage|p1a: Squawkabilly|194/278 brn\n|-damage|p1a: Squawkabilly|113/278 brn\n|-damage|p1a: Squawkabilly|31/278 brn\n|-damage|p1a: Squawkabilly|0 fnt\n|faint|p1a: Squawkabilly\n|-hitcount|p1: Squawkabilly|4\n|\n|upkeep\n|\n|t:|1781403273\n|switch|p1a: Zebstrika|Zebstrika, L87, F|272/272\n|turn|23\n|\n|t:|1781403278\n|move|p2a: Maushold|Population Bomb|p1a: Zebstrika\n|-damage|p1a: Zebstrika|209/272\n|-damage|p1a: Zebstrika|139/272\n|-damage|p1a: Zebstrika|73/272\n|-damage|p1a: Zebstrika|9/272\n|-damage|p1a: Zebstrika|0 fnt\n|faint|p1a: Zebstrika\n|-hitcount|p1: Zebstrika|5\n|\n|win|PJCDragon\n", "uploadtime": 1781402872, "views": 5, "formatid": "gen9randombattle", "rating": null, "private": 0, "password": null}