{"id": "gen9randombattle-2631977754", "format": "[Gen 9] Random Battle", "players": ["NitroFire", "bros1021"], "log": "|j|\u2606NitroFire\n|j|\u2606bros1021\n|t:|1781462034\n|gametype|singles\n|player|p1|NitroFire|170|1967\n|player|p2|bros1021|169|1914\n|gen|9\n|tier|[Gen 9] Random Battle\n|rated|\n|rule|Species Clause: Limit one of each Pok\u00e9mon\n|rule|HP Percentage Mod: HP is shown in percentages\n|rule|Sleep Clause Mod: Limit one foe put to sleep\n|rule|Illusion Level Mod: Illusion disguises the Pok\u00e9mon's true level\n|\n|t:|1781462034\n|teamsize|p1|6\n|teamsize|p2|6\n|start\n|switch|p1a: Oranguru|Oranguru, L92, F|315/315\n|switch|p2a: Bronzong|Bronzong, L88|261/261\n|turn|1\n|inactive|Battle timer is ON: inactive players will automatically lose when time's up. (requested by bros1021)\n|\n|t:|1781462057\n|move|p1a: Oranguru|Nasty Plot|p1a: Oranguru\n|-boost|p1a: Oranguru|spa|2\n|move|p2a: Bronzong|Iron Defense|p2a: Bronzong\n|-boost|p2a: Bronzong|def|2\n|\n|upkeep\n|turn|2\n|\n|t:|1781462067\n|move|p1a: Oranguru|Thunderbolt|p2a: Bronzong\n|-damage|p2a: Bronzong|112/261\n|-damage|p1a: Oranguru|284/315|[from] item: Life Orb\n|move|p2a: Bronzong|Body Press|p1a: Oranguru\n|-damage|p1a: Oranguru|136/315\n|\n|-heal|p2a: Bronzong|128/261|[from] item: Leftovers\n|upkeep\n|turn|3\n|\n|t:|1781462074\n|switch|p2a: Landorus|Landorus-Therian, L76, M|260/260\n|-ability|p2a: Landorus|Intimidate|boost\n|-fail|p1a: Oranguru|unboost|Attack|[from] ability: Inner Focus|[of] p1a: Oranguru\n|move|p1a: Oranguru|Thunderbolt|p2a: Landorus\n|-immune|p2a: Landorus\n|\n|upkeep\n|turn|4\n|\n|t:|1781462087\n|move|p2a: Landorus|Earthquake|p1a: Oranguru\n|-damage|p1a: Oranguru|13/315\n|move|p1a: Oranguru|Hyper Voice|p2a: Landorus\n|-damage|p2a: Landorus|0 fnt\n|faint|p2a: Landorus\n|-damage|p1a: Oranguru|0 fnt|[from] item: Life Orb\n|faint|p1a: Oranguru\n|\n|upkeep\n|inactive|bros1021 has 120 seconds left.\n|\n|t:|1781462134\n|switch|p2a: Palafin|Palafin, L77, M|281/281\n|switch|p1a: Cyclizar|Cyclizar, L83, F|252/252\n|turn|5\n|\n|t:|1781462155\n|move|p1a: Cyclizar|Shed Tail|p1a: Cyclizar\n|-start|p1a: Cyclizar|Substitute|[from] move: Shed Tail\n|-damage|p1a: Cyclizar|126/252\n|\n|t:|1781462160\n|switch|p1a: Torterra|Torterra, L78, F|276/276|[from] Shed Tail\n|move|p2a: Palafin|Flip Turn|p1a: Torterra\n|-crit|p1a: Torterra\n|-end|p1a: Torterra|Substitute\n|\n|t:|1781462167\n|detailschange|p2a: Palafin|Palafin-Hero, L77, M\n|switch|p2a: Arcanine|Arcanine, L84, M|288/288|[from] Flip Turn\n|-ability|p2a: Arcanine|Intimidate|boost\n|-unboost|p1a: Torterra|atk|1\n|\n|upkeep\n|turn|6\n|c|\u2606NitroFire|Stupid fucking crit\n|\n|t:|1781462177\n|switch|p1a: Hippowdon|Hippowdon, L82, F|311/311\n|-weather|Sandstorm|[from] ability: Sand Stream|[of] p1a: Hippowdon\n|move|p2a: Arcanine|Flare Blitz|p1a: Hippowdon\n|-damage|p1a: Hippowdon|196/311\n|-damage|p2a: Arcanine|240/288|[from] item: Rocky Helmet|[of] p1a: Hippowdon\n|-damage|p2a: Arcanine|202/288|[from] Recoil\n|\n|-weather|Sandstorm|[upkeep]\n|-damage|p2a: Arcanine|184/288|[from] Sandstorm\n|upkeep\n|turn|7\n|\n|t:|1781462184\n|switch|p2a: Bronzong|Bronzong, L88|128/261\n|move|p1a: Hippowdon|Whirlwind|p2a: Bronzong\n|drag|p2a: Arcanine|Arcanine, L84, M|184/288\n|-ability|p2a: Arcanine|Intimidate|boost\n|-unboost|p1a: Hippowdon|atk|1\n|\n|-weather|Sandstorm|[upkeep]\n|-damage|p2a: Arcanine|166/288|[from] Sandstorm\n|upkeep\n|turn|8\n|\n|t:|1781462189\n|switch|p2a: Bronzong|Bronzong, L88|128/261\n|move|p1a: Hippowdon|Whirlwind|p2a: Bronzong\n|drag|p2a: Palafin|Palafin-Hero, L77, M|281/281\n|-activate|p2a: Palafin|ability: Zero to Hero\n|\n|-weather|Sandstorm|[upkeep]\n|-damage|p2a: Palafin|264/281|[from] Sandstorm\n|upkeep\n|turn|9\n|\n|t:|1781462199\n|switch|p1a: Bronzong|Bronzong, L88|261/261\n|move|p2a: Palafin|Flip Turn|p1a: Bronzong\n|-damage|p1a: Bronzong|164/261\n|\n|t:|1781462202\n|switch|p2a: Arcanine|Arcanine, L84, M|166/288|[from] Flip Turn\n|-ability|p2a: Arcanine|Intimidate|boost\n|-unboost|p1a: Bronzong|atk|1\n|\n|-weather|Sandstorm|[upkeep]\n|-damage|p2a: Arcanine|148/288|[from] Sandstorm\n|-heal|p1a: Bronzong|180/261|[from] item: Leftovers\n|upkeep\n|turn|10\n|\n|t:|1781462212\n|switch|p1a: Cyclizar|Cyclizar, L83, F|210/252\n|move|p2a: Arcanine|Will-O-Wisp|p1a: Cyclizar\n|-status|p1a: Cyclizar|brn\n|\n|-weather|none\n|-damage|p1a: Cyclizar|195/252 brn|[from] brn\n|upkeep\n|turn|11\n|\n|t:|1781462219\n|move|p1a: Cyclizar|Draco Meteor|p2a: Arcanine\n|-damage|p2a: Arcanine|13/288\n|-unboost|p1a: Cyclizar|spa|2\n|move|p2a: Arcanine|Morning Sun|p2a: Arcanine\n|-heal|p2a: Arcanine|157/288\n|\n|-damage|p1a: Cyclizar|180/252 brn|[from] brn\n|upkeep\n|turn|12\n|\n|t:|1781462226\n|move|p1a: Cyclizar|Shed Tail|p1a: Cyclizar\n|-start|p1a: Cyclizar|Substitute|[from] move: Shed Tail\n|-damage|p1a: Cyclizar|54/252 brn\n|\n|t:|1781462236\n|switch|p1a: Hippowdon|Hippowdon, L82, F|196/311|[from] Shed Tail\n|-weather|Sandstorm|[from] ability: Sand Stream|[of] p1a: Hippowdon\n|move|p2a: Arcanine|Flare Blitz|p1a: Hippowdon\n|-end|p1a: Hippowdon|Substitute\n|-damage|p2a: Arcanine|136/288|[from] Recoil|[of] p1a: Hippowdon\n|\n|-weather|Sandstorm|[upkeep]\n|-damage|p2a: Arcanine|118/288|[from] Sandstorm\n|upkeep\n|turn|13\n|\n|t:|1781462243\n|switch|p2a: Bronzong|Bronzong, L88|128/261\n|switch|p1a: Cyclizar|Cyclizar, L83, F|138/252 brn\n|\n|-weather|Sandstorm|[upkeep]\n|-damage|p1a: Cyclizar|123/252 brn|[from] Sandstorm\n|-heal|p2a: Bronzong|144/261|[from] item: Leftovers\n|-damage|p1a: Cyclizar|108/252 brn|[from] brn\n|upkeep\n|turn|14\n|\n|t:|1781462250\n|move|p1a: Cyclizar|Knock Off|p2a: Bronzong\n|-supereffective|p2a: Bronzong\n|-damage|p2a: Bronzong|93/261\n|-enditem|p2a: Bronzong|Leftovers|[from] move: Knock Off|[of] p1a: Cyclizar\n|move|p2a: Bronzong|Psychic Noise|p1a: Cyclizar\n|-damage|p1a: Cyclizar|15/252 brn\n|-start|p1a: Cyclizar|move: Heal Block\n|\n|-weather|Sandstorm|[upkeep]\n|-damage|p1a: Cyclizar|0 fnt|[from] Sandstorm\n|faint|p1a: Cyclizar\n|upkeep\n|\n|t:|1781462257\n|switch|p1a: Pikachu|Pikachu-Hoenn, L93, F|216/216\n|turn|15\n|\n|t:|1781462262\n|move|p1a: Pikachu|Knock Off|p2a: Bronzong\n|-supereffective|p2a: Bronzong\n|-damage|p2a: Bronzong|0 fnt\n|faint|p2a: Bronzong\n|\n|-weather|Sandstorm|[upkeep]\n|-damage|p1a: Pikachu|203/216|[from] Sandstorm\n|upkeep\n|\n|t:|1781462267\n|switch|p2a: Farigiraf|Farigiraf, L90, F|362/362\n|turn|16\n|\n|t:|1781462275\n|move|p1a: Pikachu|Volt Switch|p2a: Farigiraf\n|-damage|p2a: Farigiraf|244/362\n|\n|t:|1781462278\n|switch|p1a: Bronzong|Bronzong, L88|180/261|[from] Volt Switch\n|move|p2a: Farigiraf|Psychic Noise|p1a: Bronzong\n|-resisted|p1a: Bronzong\n|-damage|p1a: Bronzong|162/261\n|-start|p1a: Bronzong|move: Heal Block\n|\n|-weather|none\n|-heal|p2a: Farigiraf|266/362|[from] item: Leftovers\n|upkeep\n|turn|17\n|\n|t:|1781462284\n|switch|p2a: Arcanine|Arcanine, L84, M|118/288\n|-ability|p2a: Arcanine|Intimidate|boost\n|-unboost|p1a: Bronzong|atk|1\n|move|p1a: Bronzong|Stealth Rock|p2a: Arcanine\n|-sidestart|p2: bros1021|move: Stealth Rock\n|\n|-end|p1a: Bronzong|move: Heal Block\n|upkeep\n|turn|18\n|\n|t:|1781462290\n|switch|p1a: Hippowdon|Hippowdon, L82, F|196/311\n|-weather|Sandstorm|[from] ability: Sand Stream|[of] p1a: Hippowdon\n|move|p2a: Arcanine|Morning Sun|p2a: Arcanine\n|-heal|p2a: Arcanine|190/288\n|\n|-weather|Sandstorm|[upkeep]\n|-damage|p2a: Arcanine|172/288|[from] Sandstorm\n|upkeep\n|turn|19\n|\n|t:|1781462300\n|move|p2a: Arcanine|Will-O-Wisp|p1a: Hippowdon\n|-status|p1a: Hippowdon|brn\n|move|p1a: Hippowdon|Earthquake|p2a: Arcanine\n|-supereffective|p2a: Arcanine\n|-damage|p2a: Arcanine|58/288\n|\n|-weather|Sandstorm|[upkeep]\n|-damage|p2a: Arcanine|40/288|[from] Sandstorm\n|-damage|p1a: Hippowdon|177/311 brn|[from] brn\n|upkeep\n|turn|20\n|\n|t:|1781462305\n|move|p2a: Arcanine|Flare Blitz|p1a: Hippowdon\n|-damage|p1a: Hippowdon|71/311 brn\n|-damage|p2a: Arcanine|0 fnt|[from] item: Rocky Helmet|[of] p1a: Hippowdon\n|faint|p2a: Arcanine\n|move|p1a: Hippowdon|Earthquake|p2: Arcanine|[notarget]\n|-fail|p1a: Hippowdon\n|\n|-weather|Sandstorm|[upkeep]\n|-damage|p1a: Hippowdon|52/311 brn|[from] brn\n|upkeep\n|\n|t:|1781462310\n|switch|p2a: Palafin|Palafin-Hero, L77, M|264/281\n|-damage|p2a: Palafin|229/281|[from] Stealth Rock\n|turn|21\n|\n|t:|1781462315\n|move|p2a: Palafin|Flip Turn|p1a: Hippowdon\n|-supereffective|p1a: Hippowdon\n|-damage|p1a: Hippowdon|0 fnt\n|-damage|p2a: Palafin|183/281|[from] item: Rocky Helmet|[of] p1a: Hippowdon\n|faint|p1a: Hippowdon\n|\n|t:|1781462317\n|switch|p2a: Farigiraf|Farigiraf, L90, F|266/362|[from] Flip Turn\n|-damage|p2a: Farigiraf|221/362|[from] Stealth Rock\n|\n|-weather|Sandstorm|[upkeep]\n|-damage|p2a: Farigiraf|199/362|[from] Sandstorm\n|-heal|p2a: Farigiraf|221/362|[from] item: Leftovers\n|upkeep\n|\n|t:|1781462324\n|switch|p1a: Bronzong|Bronzong, L88|162/261\n|turn|22\n|\n|t:|1781462334\n|move|p2a: Farigiraf|Body Slam|p1a: Bronzong\n|-resisted|p1a: Bronzong\n|-damage|p1a: Bronzong|123/261\n|-status|p1a: Bronzong|par\n|move|p1a: Bronzong|Iron Head|p2a: Farigiraf\n|-damage|p2a: Farigiraf|118/362\n|\n|-weather|none\n|-heal|p2a: Farigiraf|140/362|[from] item: Leftovers\n|-heal|p1a: Bronzong|139/261 par|[from] item: Leftovers\n|upkeep\n|turn|23\n|\n|t:|1781462343\n|move|p2a: Farigiraf|Wish|p2a: Farigiraf\n|move|p1a: Bronzong|Psychic Noise|p2a: Farigiraf\n|-resisted|p2a: Farigiraf\n|-damage|p2a: Farigiraf|101/362\n|-start|p2a: Farigiraf|move: Heal Block\n|\n|-heal|p1a: Bronzong|155/261 par|[from] item: Leftovers\n|upkeep\n|turn|24\n|\n|t:|1781462354\n|move|p2a: Farigiraf|Psychic Noise|p1a: Bronzong\n|-resisted|p1a: Bronzong\n|-crit|p1a: Bronzong\n|-damage|p1a: Bronzong|124/261 par\n|-start|p1a: Bronzong|move: Heal Block\n|cant|p1a: Bronzong|par\n|\n|-end|p2a: Farigiraf|move: Heal Block\n|upkeep\n|turn|25\n|\n|t:|1781462366\n|move|p2a: Farigiraf|Wish|p2a: Farigiraf\n|move|p1a: Bronzong|Psychic Noise|p2a: Farigiraf\n|-resisted|p2a: Farigiraf\n|-damage|p2a: Farigiraf|59/362\n|-start|p2a: Farigiraf|move: Heal Block\n|\n|-end|p1a: Bronzong|move: Heal Block\n|upkeep\n|turn|26\n|\n|t:|1781462374\n|move|p2a: Farigiraf|Body Slam|p1a: Bronzong\n|-resisted|p1a: Bronzong\n|-damage|p1a: Bronzong|85/261 par\n|move|p1a: Bronzong|Iron Head|p2a: Farigiraf\n|-damage|p2a: Farigiraf|0 fnt\n|faint|p2a: Farigiraf\n|\n|-heal|p1a: Bronzong|101/261 par|[from] item: Leftovers\n|upkeep\n|\n|t:|1781462383\n|switch|p2a: Haxorus|Haxorus, L77, F|244/244\n|-damage|p2a: Haxorus|214/244|[from] Stealth Rock\n|-ability|p2a: Haxorus|Mold Breaker\n|turn|27\n|\n|t:|1781462388\n|move|p2a: Haxorus|Swords Dance|p2a: Haxorus\n|-boost|p2a: Haxorus|atk|2\n|move|p1a: Bronzong|Psychic Noise|p2a: Haxorus\n|-damage|p2a: Haxorus|112/244\n|-start|p2a: Haxorus|move: Heal Block\n|\n|-heal|p1a: Bronzong|117/261 par|[from] item: Leftovers\n|upkeep\n|turn|28\n|\n|t:|1781462391\n|move|p2a: Haxorus|Scale Shot|p1a: Bronzong\n|-resisted|p1a: Bronzong\n|-damage|p1a: Bronzong|93/261 par\n|-resisted|p1a: Bronzong\n|-crit|p1a: Bronzong\n|-damage|p1a: Bronzong|59/261 par\n|-resisted|p1a: Bronzong\n|-damage|p1a: Bronzong|36/261 par\n|-resisted|p1a: Bronzong\n|-damage|p1a: Bronzong|12/261 par\n|-resisted|p1a: Bronzong\n|-damage|p1a: Bronzong|0 fnt\n|faint|p1a: Bronzong\n|-hitcount|p1: Bronzong|5\n|-unboost|p2a: Haxorus|def|1\n|-boost|p2a: Haxorus|spe|1\n|\n|-end|p2a: Haxorus|move: Heal Block\n|upkeep\n|\n|t:|1781462394\n|switch|p1a: Torterra|Torterra, L78, F|276/276\n|turn|29\n|\n|t:|1781462406\n|move|p2a: Haxorus|Scale Shot|p1a: Torterra\n|-damage|p1a: Torterra|215/276\n|-damage|p1a: Torterra|160/276\n|-damage|p1a: Torterra|97/276\n|-damage|p1a: Torterra|42/276\n|-hitcount|p1a: Torterra|4\n|-unboost|p2a: Haxorus|def|1\n|-boost|p2a: Haxorus|spe|1\n|move|p1a: Torterra|Bullet Seed|p2a: Haxorus\n|-resisted|p2a: Haxorus\n|-damage|p2a: Haxorus|72/244\n|-resisted|p2a: Haxorus\n|-damage|p2a: Haxorus|32/244\n|-resisted|p2a: Haxorus\n|-damage|p2a: Haxorus|0 fnt\n|faint|p2a: Haxorus\n|-hitcount|p2: Haxorus|3\n|\n|upkeep\n|c|\u2606bros1021|fck\n|c|\u2606bros1021|5 hits and it was gg\n|\n|t:|1781462420\n|switch|p2a: Palafin|Palafin-Hero, L77, M|183/281\n|-damage|p2a: Palafin|148/281|[from] Stealth Rock\n|turn|30\n|\n|t:|1781462424\n|move|p2a: Palafin|Jet Punch|p1a: Torterra\n|-damage|p1a: Torterra|0 fnt\n|faint|p1a: Torterra\n|\n|upkeep\n|\n|t:|1781462427\n|switch|p1a: Pikachu|Pikachu-Hoenn, L93, F|203/216\n|turn|31\n|\n|t:|1781462433\n|-terastallize|p1a: Pikachu|Water\n|-terastallize|p2a: Palafin|Fighting\n|move|p2a: Palafin|Jet Punch|p1a: Pikachu\n|-resisted|p1a: Pikachu\n|-damage|p1a: Pikachu|106/216\n|move|p1a: Pikachu|Volt Tackle|p2a: Palafin\n|-damage|p2a: Palafin|0 fnt\n|faint|p2a: Palafin\n|-damage|p1a: Pikachu|57/216|[from] Recoil\n|\n|win|NitroFire\n", "uploadtime": 1781462036, "views": 4, "formatid": "gen9randombattle", "rating": null, "private": 0, "password": null}