{"id": "gen9randombattle-2631560672", "format": "[Gen 9] Random Battle", "players": ["who is to say", "mayqueen nyannyan"], "log": "|j|\u2606who is to say\n|j|\u2606mayqueen nyannyan\n|t:|1781401456\n|gametype|singles\n|player|p1|who is to say|170|2277\n|player|p2|mayqueen nyannyan|169|2282\n|gen|9\n|tier|[Gen 9] Random Battle\n|rated|\n|rule|Species Clause: Limit one of each Pok\u00e9mon\n|rule|HP Percentage Mod: HP is shown in percentages\n|rule|Sleep Clause Mod: Limit one foe put to sleep\n|rule|Illusion Level Mod: Illusion disguises the Pok\u00e9mon's true level\n|\n|t:|1781401456\n|teamsize|p1|6\n|teamsize|p2|6\n|start\n|switch|p1a: Kingambit|Kingambit, L74, F|270/270\n|switch|p2a: Florges|Florges-Blue, L85, F|271/271\n|turn|1\n|\n|t:|1781401467\n|switch|p2a: Coalossal|Coalossal, L89, F|341/341\n|move|p1a: Kingambit|Iron Head|p2a: Coalossal\n|-damage|p2a: Coalossal|281/341\n|-status|p1a: Kingambit|brn|[from] ability: Flame Body|[of] p2a: Coalossal\n|\n|-damage|p1a: Kingambit|254/270 brn|[from] brn\n|upkeep\n|turn|2\n|\n|t:|1781401479\n|-end|p1a: Kingambit|fallenundefined|[silent]\n|switch|p1a: Sinistcha|Sinistcha, L83|254/254\n|move|p2a: Coalossal|Flamethrower|p1a: Sinistcha\n|-supereffective|p1a: Sinistcha\n|-damage|p1a: Sinistcha|146/254\n|\n|-heal|p1a: Sinistcha|161/254|[from] item: Leftovers\n|upkeep\n|turn|3\n|\n|t:|1781401489\n|move|p1a: Sinistcha|Calm Mind|p1a: Sinistcha\n|-boost|p1a: Sinistcha|spa|1\n|-boost|p1a: Sinistcha|spd|1\n|move|p2a: Coalossal|Will-O-Wisp|p1a: Sinistcha\n|-status|p1a: Sinistcha|brn\n|\n|-heal|p1a: Sinistcha|176/254 brn|[from] item: Leftovers\n|-damage|p1a: Sinistcha|169/254 brn|[from] brn\n|upkeep\n|turn|4\n|\n|t:|1781401496\n|switch|p2a: Florges|Florges-Blue, L85, F|271/271\n|move|p1a: Sinistcha|Matcha Gotcha|p2a: Florges\n|-damage|p2a: Florges|168/271\n|-heal|p1a: Sinistcha|221/254 brn|[from] drain|[of] p2a: Florges\n|-status|p2a: Florges|brn\n|\n|-heal|p2a: Florges|184/271 brn|[from] item: Leftovers\n|-heal|p1a: Sinistcha|236/254 brn|[from] item: Leftovers\n|-damage|p2a: Florges|168/271 brn|[from] brn\n|-damage|p1a: Sinistcha|229/254 brn|[from] brn\n|upkeep\n|turn|5\n|\n|t:|1781401504\n|move|p2a: Florges|Wish|p2a: Florges\n|move|p1a: Sinistcha|Shadow Ball|p2a: Florges\n|-damage|p2a: Florges|66/271 brn\n|\n|-heal|p2a: Florges|82/271 brn|[from] item: Leftovers\n|-heal|p1a: Sinistcha|244/254 brn|[from] item: Leftovers\n|-damage|p2a: Florges|66/271 brn|[from] brn\n|-damage|p1a: Sinistcha|237/254 brn|[from] brn\n|upkeep\n|turn|6\n|\n|t:|1781401513\n|move|p2a: Florges|Protect|p2a: Florges\n|-singleturn|p2a: Florges|Protect\n|move|p1a: Sinistcha|Shadow Ball|p2a: Florges\n|-activate|p2a: Florges|move: Protect\n|\n|-heal|p2a: Florges|201/271 brn|[from] move: Wish|[wisher] Florges\n|-heal|p2a: Florges|217/271 brn|[from] item: Leftovers\n|-heal|p1a: Sinistcha|252/254 brn|[from] item: Leftovers\n|-damage|p2a: Florges|201/271 brn|[from] brn\n|-damage|p1a: Sinistcha|245/254 brn|[from] brn\n|upkeep\n|turn|7\n|\n|t:|1781401516\n|move|p2a: Florges|Calm Mind|p2a: Florges\n|-boost|p2a: Florges|spa|1\n|-boost|p2a: Florges|spd|1\n|move|p1a: Sinistcha|Shadow Ball|p2a: Florges\n|-damage|p2a: Florges|141/271 brn\n|\n|-heal|p2a: Florges|157/271 brn|[from] item: Leftovers\n|-heal|p1a: Sinistcha|254/254 brn|[from] item: Leftovers\n|-damage|p2a: Florges|141/271 brn|[from] brn\n|-damage|p1a: Sinistcha|247/254 brn|[from] brn\n|upkeep\n|turn|8\n|\n|t:|1781401524\n|switch|p1a: Chandelure|Chandelure, L83, F|235/235\n|move|p2a: Florges|Wish|p2a: Florges\n|\n|-heal|p2a: Florges|157/271 brn|[from] item: Leftovers\n|-damage|p2a: Florges|141/271 brn|[from] brn\n|upkeep\n|turn|9\n|\n|t:|1781401534\n|move|p2a: Florges|Protect|p2a: Florges\n|-singleturn|p2a: Florges|Protect\n|move|p1a: Chandelure|Calm Mind|p1a: Chandelure\n|-boost|p1a: Chandelure|spa|1\n|-boost|p1a: Chandelure|spd|1\n|\n|-heal|p2a: Florges|271/271 brn|[from] move: Wish|[wisher] Florges\n|-damage|p2a: Florges|255/271 brn|[from] brn\n|upkeep\n|turn|10\n|\n|t:|1781401541\n|move|p1a: Chandelure|Calm Mind|p1a: Chandelure\n|-boost|p1a: Chandelure|spa|1\n|-boost|p1a: Chandelure|spd|1\n|move|p2a: Florges|Calm Mind|p2a: Florges\n|-boost|p2a: Florges|spa|1\n|-boost|p2a: Florges|spd|1\n|\n|-heal|p2a: Florges|271/271 brn|[from] item: Leftovers\n|-damage|p2a: Florges|255/271 brn|[from] brn\n|upkeep\n|turn|11\n|\n|t:|1781401547\n|move|p1a: Chandelure|Calm Mind|p1a: Chandelure\n|-boost|p1a: Chandelure|spa|1\n|-boost|p1a: Chandelure|spd|1\n|move|p2a: Florges|Calm Mind|p2a: Florges\n|-boost|p2a: Florges|spa|1\n|-boost|p2a: Florges|spd|1\n|\n|-heal|p2a: Florges|271/271 brn|[from] item: Leftovers\n|-damage|p2a: Florges|255/271 brn|[from] brn\n|upkeep\n|turn|12\n|\n|t:|1781401550\n|move|p1a: Chandelure|Shadow Ball|p2a: Florges\n|-damage|p2a: Florges|177/271 brn\n|move|p2a: Florges|Calm Mind|p2a: Florges\n|-boost|p2a: Florges|spa|1\n|-boost|p2a: Florges|spd|1\n|\n|-heal|p2a: Florges|193/271 brn|[from] item: Leftovers\n|-damage|p2a: Florges|177/271 brn|[from] brn\n|upkeep\n|turn|13\n|\n|t:|1781401553\n|move|p1a: Chandelure|Calm Mind|p1a: Chandelure\n|-boost|p1a: Chandelure|spa|1\n|-boost|p1a: Chandelure|spd|1\n|move|p2a: Florges|Wish|p2a: Florges\n|\n|-heal|p2a: Florges|193/271 brn|[from] item: Leftovers\n|-damage|p2a: Florges|177/271 brn|[from] brn\n|upkeep\n|turn|14\n|\n|t:|1781401556\n|move|p1a: Chandelure|Calm Mind|p1a: Chandelure\n|-boost|p1a: Chandelure|spa|1\n|-boost|p1a: Chandelure|spd|1\n|move|p2a: Florges|Calm Mind|p2a: Florges\n|-boost|p2a: Florges|spa|1\n|-boost|p2a: Florges|spd|1\n|\n|-heal|p2a: Florges|271/271 brn|[from] move: Wish|[wisher] Florges\n|-damage|p2a: Florges|255/271 brn|[from] brn\n|upkeep\n|turn|15\n|\n|t:|1781401559\n|move|p1a: Chandelure|Calm Mind|p1a: Chandelure\n|-boost|p1a: Chandelure|spa|1\n|-boost|p1a: Chandelure|spd|1\n|move|p2a: Florges|Calm Mind|p2a: Florges\n|-boost|p2a: Florges|spa|1\n|-boost|p2a: Florges|spd|1\n|\n|-heal|p2a: Florges|271/271 brn|[from] item: Leftovers\n|-damage|p2a: Florges|255/271 brn|[from] brn\n|upkeep\n|turn|16\n|\n|t:|1781401564\n|move|p1a: Chandelure|Shadow Ball|p2a: Florges\n|-damage|p2a: Florges|176/271 brn\n|move|p2a: Florges|Wish|p2a: Florges\n|\n|-heal|p2a: Florges|192/271 brn|[from] item: Leftovers\n|-damage|p2a: Florges|176/271 brn|[from] brn\n|upkeep\n|turn|17\n|\n|t:|1781401569\n|move|p1a: Chandelure|Shadow Ball|p2a: Florges\n|-damage|p2a: Florges|104/271 brn\n|move|p2a: Florges|Moonblast|p1a: Chandelure\n|-resisted|p1a: Chandelure\n|-damage|p1a: Chandelure|179/235\n|\n|-heal|p2a: Florges|239/271 brn|[from] move: Wish|[wisher] Florges\n|-heal|p2a: Florges|255/271 brn|[from] item: Leftovers\n|-damage|p2a: Florges|239/271 brn|[from] brn\n|upkeep\n|turn|18\n|\n|t:|1781401573\n|move|p1a: Chandelure|Shadow Ball|p2a: Florges\n|-damage|p2a: Florges|164/271 brn\n|-unboost|p2a: Florges|spd|1\n|move|p2a: Florges|Wish|p2a: Florges\n|\n|-heal|p2a: Florges|180/271 brn|[from] item: Leftovers\n|-damage|p2a: Florges|164/271 brn|[from] brn\n|upkeep\n|turn|19\n|\n|t:|1781401578\n|move|p1a: Chandelure|Shadow Ball|p2a: Florges\n|-damage|p2a: Florges|80/271 brn\n|-unboost|p2a: Florges|spd|1\n|move|p2a: Florges|Calm Mind|p2a: Florges\n|-boost|p2a: Florges|spa|0\n|-boost|p2a: Florges|spd|1\n|\n|-heal|p2a: Florges|215/271 brn|[from] move: Wish|[wisher] Florges\n|-heal|p2a: Florges|231/271 brn|[from] item: Leftovers\n|-damage|p2a: Florges|215/271 brn|[from] brn\n|upkeep\n|turn|20\n|\n|t:|1781401583\n|move|p1a: Chandelure|Shadow Ball|p2a: Florges\n|-damage|p2a: Florges|134/271 brn\n|move|p2a: Florges|Wish|p2a: Florges\n|\n|-heal|p2a: Florges|150/271 brn|[from] item: Leftovers\n|-damage|p2a: Florges|134/271 brn|[from] brn\n|upkeep\n|turn|21\n|\n|t:|1781401597\n|move|p2a: Florges|Protect|p2a: Florges\n|-singleturn|p2a: Florges|Protect\n|move|p1a: Chandelure|Shadow Ball|p2a: Florges\n|-activate|p2a: Florges|move: Protect\n|\n|-heal|p2a: Florges|269/271 brn|[from] move: Wish|[wisher] Florges\n|-heal|p2a: Florges|271/271 brn|[from] item: Leftovers\n|-damage|p2a: Florges|255/271 brn|[from] brn\n|upkeep\n|turn|22\n|\n|t:|1781401606\n|move|p1a: Chandelure|Shadow Ball|p2a: Florges\n|-damage|p2a: Florges|179/271 brn\n|move|p2a: Florges|Calm Mind|p2a: Florges\n|-boost|p2a: Florges|spa|0\n|-boost|p2a: Florges|spd|1\n|\n|-heal|p2a: Florges|195/271 brn|[from] item: Leftovers\n|-damage|p2a: Florges|179/271 brn|[from] brn\n|upkeep\n|turn|23\n|\n|t:|1781401611\n|move|p1a: Chandelure|Fire Blast|p2a: Florges\n|-damage|p2a: Florges|85/271 brn\n|move|p2a: Florges|Wish|p2a: Florges\n|\n|-heal|p2a: Florges|101/271 brn|[from] item: Leftovers\n|-damage|p2a: Florges|85/271 brn|[from] brn\n|upkeep\n|turn|24\n|\n|t:|1781401617\n|move|p2a: Florges|Protect|p2a: Florges\n|-singleturn|p2a: Florges|Protect\n|move|p1a: Chandelure|Shadow Ball|p2a: Florges\n|-activate|p2a: Florges|move: Protect\n|\n|-heal|p2a: Florges|220/271 brn|[from] move: Wish|[wisher] Florges\n|-heal|p2a: Florges|236/271 brn|[from] item: Leftovers\n|-damage|p2a: Florges|220/271 brn|[from] brn\n|upkeep\n|turn|25\n|\n|t:|1781401622\n|move|p1a: Chandelure|Fire Blast|p2a: Florges|[miss]\n|-miss|p1a: Chandelure|p2a: Florges\n|move|p2a: Florges|Wish|p2a: Florges\n|\n|-heal|p2a: Florges|236/271 brn|[from] item: Leftovers\n|-damage|p2a: Florges|220/271 brn|[from] brn\n|upkeep\n|turn|26\n|\n|t:|1781401627\n|move|p1a: Chandelure|Shadow Ball|p2a: Florges\n|-damage|p2a: Florges|150/271 brn\n|move|p2a: Florges|Moonblast|p1a: Chandelure\n|-resisted|p1a: Chandelure\n|-damage|p1a: Chandelure|126/235\n|-unboost|p1a: Chandelure|spa|1\n|\n|-heal|p2a: Florges|271/271 brn|[from] move: Wish|[wisher] Florges\n|-damage|p2a: Florges|255/271 brn|[from] brn\n|upkeep\n|turn|27\n|-message|who is to say forfeited.\n|\n|win|mayqueen nyannyan\n", "uploadtime": 1781401457, "views": 3, "formatid": "gen9randombattle", "rating": null, "private": 0, "password": null}