{"id": "gen9randombattle-2631508282", "format": "[Gen 9] Random Battle", "players": ["SoCapable", "mztmztmzt123"], "log": "|j|\u2606SoCapable\n|j|\u2606mztmztmzt123\n|t:|1781394108\n|gametype|singles\n|player|p1|SoCapable|silver|2158\n|player|p2|mztmztmzt123|266|2235\n|gen|9\n|tier|[Gen 9] Random Battle\n|rated|\n|rule|Species Clause: Limit one of each Pok\u00e9mon\n|rule|HP Percentage Mod: HP is shown in percentages\n|rule|Sleep Clause Mod: Limit one foe put to sleep\n|rule|Illusion Level Mod: Illusion disguises the Pok\u00e9mon's true level\n|\n|t:|1781394108\n|teamsize|p1|6\n|teamsize|p2|6\n|start\n|switch|p1a: Meowstic|Meowstic-F, L89, F|277/277\n|switch|p2a: Regidrago|Regidrago, L77|435/435\n|turn|1\n|\n|t:|1781394135\n|switch|p2a: Ribombee|Ribombee, L83, M|235/235\n|move|p1a: Meowstic|Alluring Voice|p2a: Ribombee\n|-damage|p2a: Ribombee|141/235\n|-damage|p1a: Meowstic|250/277|[from] item: Life Orb\n|\n|upkeep\n|turn|2\n|inactive|Battle timer is ON: inactive players will automatically lose when time's up. (requested by mztmztmzt123)\n|\n|t:|1781394146\n|move|p2a: Ribombee|Sticky Web|p1a: Meowstic\n|-sidestart|p1: SoCapable|move: Sticky Web\n|move|p1a: Meowstic|Psychic|p2a: Ribombee\n|-damage|p2a: Ribombee|0 fnt\n|faint|p2a: Ribombee\n|-damage|p1a: Meowstic|223/277|[from] item: Life Orb\n|\n|upkeep\n|\n|t:|1781394153\n|switch|p2a: Meowscarada|Meowscarada, L78, M|247/247\n|turn|3\n|\n|t:|1781394161\n|switch|p1a: Masquerain|Masquerain, L87, F|264/264\n|-ability|p1a: Masquerain|Intimidate|boost\n|-unboost|p2a: Meowscarada|atk|1\n|move|p2a: Meowscarada|U-turn|p1a: Masquerain\n|-start|p2a: Meowscarada|typechange|Bug|[from] ability: Protean\n|-resisted|p1a: Masquerain\n|-damage|p1a: Masquerain|232/264\n|\n|t:|1781394170\n|switch|p2a: Braviary|Braviary, L85, M|309/309|[from] U-turn\n|\n|upkeep\n|turn|4\n|\n|t:|1781394181\n|switch|p1a: Rotom|Rotom-Fan, L86|226/226\n|move|p2a: Braviary|Brave Bird|p1a: Rotom\n|-resisted|p1a: Rotom\n|-damage|p1a: Rotom|155/226\n|-damage|p2a: Braviary|286/309|[from] Recoil\n|\n|upkeep\n|turn|5\n|\n|t:|1781394186\n|switch|p2a: Chansey|Chansey, L85, F|564/564\n|move|p1a: Rotom|Will-O-Wisp|p2a: Chansey\n|-status|p2a: Chansey|brn\n|\n|-damage|p2a: Chansey|529/564 brn|[from] brn\n|upkeep\n|turn|6\n|\n|t:|1781394210\n|move|p1a: Rotom|Volt Switch|p2a: Chansey\n|-damage|p2a: Chansey|483/564 brn\n|\n|t:|1781394212\n|switch|p1a: Wo-Chien|Wo-Chien, L83|277/277|[from] Volt Switch\n|-activate|p1a: Wo-Chien|move: Sticky Web\n|-unboost|p1a: Wo-Chien|spe|1\n|-ability|p1a: Wo-Chien|Tablets of Ruin\n|move|p2a: Chansey|Stealth Rock|p1a: Wo-Chien\n|-sidestart|p1: SoCapable|move: Stealth Rock\n|\n|-damage|p2a: Chansey|448/564 brn|[from] brn\n|upkeep\n|turn|7\n|\n|t:|1781394220\n|-curestatus|p2a: Chansey|brn|[from] ability: Natural Cure|[silent]\n|switch|p2a: Meowscarada|Meowscarada, L78, M|247/247\n|move|p1a: Wo-Chien|Knock Off|p2a: Meowscarada\n|-resisted|p2a: Meowscarada\n|-damage|p2a: Meowscarada|185/247\n|-enditem|p2a: Meowscarada|Heavy-Duty Boots|[from] move: Knock Off|[of] p1a: Wo-Chien\n|\n|upkeep\n|turn|8\n|\n|t:|1781394226\n|move|p1a: Wo-Chien|Protect|p1a: Wo-Chien\n|-singleturn|p1a: Wo-Chien|Protect\n|move|p2a: Meowscarada|U-turn|p1a: Wo-Chien\n|-start|p2a: Meowscarada|typechange|Bug|[from] ability: Protean\n|-activate|p1a: Wo-Chien|move: Protect\n|\n|upkeep\n|turn|9\n|\n|t:|1781394240\n|switch|p1a: Heatran|Heatran, L79, F|273/273\n|-damage|p1a: Heatran|239/273|[from] Stealth Rock\n|-item|p1a: Heatran|Air Balloon\n|move|p2a: Meowscarada|Knock Off|p1a: Heatran\n|-damage|p1a: Heatran|172/273\n|-enditem|p1a: Heatran|Air Balloon\n|\n|upkeep\n|turn|10\n|\n|t:|1781394246\n|move|p2a: Meowscarada|U-turn|p1a: Heatran\n|-resisted|p1a: Heatran\n|-damage|p1a: Heatran|157/273\n|\n|t:|1781394252\n|switch|p2a: Braviary|Braviary, L85, M|286/309|[from] U-turn\n|move|p1a: Heatran|Stealth Rock|p2a: Braviary\n|-sidestart|p2: mztmztmzt123|move: Stealth Rock\n|\n|upkeep\n|turn|11\n|\n|t:|1781394263\n|switch|p1a: Rotom|Rotom-Fan, L86|155/226\n|move|p2a: Braviary|Brave Bird|p1a: Rotom\n|-resisted|p1a: Rotom\n|-damage|p1a: Rotom|91/226\n|-damage|p2a: Braviary|265/309|[from] Recoil\n|\n|upkeep\n|turn|12\n|\n|t:|1781394273\n|switch|p2a: Chansey|Chansey, L85, F|448/564\n|-damage|p2a: Chansey|378/564|[from] Stealth Rock\n|move|p1a: Rotom|Volt Switch|p2a: Chansey\n|-damage|p2a: Chansey|333/564\n|\n|t:|1781394279\n|switch|p1a: Mabosstiff|Mabosstiff, L86, M|278/278|[from] Volt Switch\n|-activate|p1a: Mabosstiff|move: Sticky Web\n|-unboost|p1a: Mabosstiff|spe|1\n|-damage|p1a: Mabosstiff|244/278|[from] Stealth Rock\n|\n|upkeep\n|turn|13\n|\n|t:|1781394286\n|move|p1a: Mabosstiff|Crunch|p2a: Chansey\n|-damage|p2a: Chansey|95/564\n|move|p2a: Chansey|Thunder Wave|p1a: Mabosstiff|[miss]\n|-miss|p2a: Chansey|p1a: Mabosstiff\n|\n|upkeep\n|turn|14\n|\n|t:|1781394292\n|move|p1a: Mabosstiff|Crunch|p2a: Chansey\n|-crit|p2a: Chansey\n|-damage|p2a: Chansey|0 fnt\n|faint|p2a: Chansey\n|\n|upkeep\n|\n|t:|1781394295\n|switch|p2a: Braviary|Braviary, L85, M|265/309\n|turn|15\n|\n|t:|1781394307\n|move|p1a: Mabosstiff|Crunch|p2a: Braviary\n|-damage|p2a: Braviary|153/309\n|move|p2a: Braviary|Brave Bird|p1a: Mabosstiff\n|-crit|p1a: Mabosstiff\n|-damage|p1a: Mabosstiff|6/278\n|-damage|p2a: Braviary|74/309|[from] Recoil\n|\n|upkeep\n|turn|16\n|\n|t:|1781394313\n|move|p1a: Mabosstiff|Crunch|p2a: Braviary\n|-damage|p2a: Braviary|0 fnt\n|faint|p2a: Braviary\n|\n|upkeep\n|\n|t:|1781394328\n|switch|p2a: Regidrago|Regidrago, L77|435/435\n|-damage|p2a: Regidrago|381/435|[from] Stealth Rock\n|turn|17\n|\n|t:|1781394331\n|move|p1a: Mabosstiff|Crunch|p2a: Regidrago\n|-damage|p2a: Regidrago|209/435\n|move|p2a: Regidrago|Dragon Dance|p2a: Regidrago\n|-boost|p2a: Regidrago|atk|1\n|-boost|p2a: Regidrago|spe|1\n|\n|upkeep\n|turn|18\n|\n|t:|1781394340\n|move|p2a: Regidrago|Dragon Claw|p1a: Mabosstiff\n|-damage|p1a: Mabosstiff|0 fnt\n|faint|p1a: Mabosstiff\n|-damage|p2a: Regidrago|166/435|[from] item: Life Orb\n|\n|upkeep\n|\n|t:|1781394342\n|switch|p1a: Wo-Chien|Wo-Chien, L83|277/277\n|-activate|p1a: Wo-Chien|move: Sticky Web\n|-unboost|p1a: Wo-Chien|spe|1\n|-damage|p1a: Wo-Chien|243/277|[from] Stealth Rock\n|-ability|p1a: Wo-Chien|Tablets of Ruin\n|turn|19\n|\n|t:|1781394355\n|move|p2a: Regidrago|Dragon Claw|p1a: Wo-Chien\n|-damage|p1a: Wo-Chien|86/277\n|-damage|p2a: Regidrago|123/435|[from] item: Life Orb\n|move|p1a: Wo-Chien|Knock Off|p2a: Regidrago\n|-crit|p2a: Regidrago\n|-damage|p2a: Regidrago|0 fnt\n|-enditem|p2a: Regidrago|Life Orb|[from] move: Knock Off|[of] p1a: Wo-Chien\n|faint|p2a: Regidrago\n|\n|-heal|p1a: Wo-Chien|103/277|[from] item: Leftovers\n|upkeep\n|\n|t:|1781394363\n|switch|p2a: Meowscarada|Meowscarada, L78, M|185/247\n|-damage|p2a: Meowscarada|155/247|[from] Stealth Rock\n|turn|20\n|\n|t:|1781394374\n|move|p2a: Meowscarada|Toxic Spikes|p1a: Wo-Chien\n|-start|p2a: Meowscarada|typechange|Poison|[from] ability: Protean\n|-sidestart|p1: SoCapable|move: Toxic Spikes\n|move|p1a: Wo-Chien|Knock Off|p2a: Meowscarada\n|-damage|p2a: Meowscarada|70/247\n|\n|-heal|p1a: Wo-Chien|120/277|[from] item: Leftovers\n|upkeep\n|turn|21\n|\n|t:|1781394380\n|move|p1a: Wo-Chien|Protect|p1a: Wo-Chien\n|-singleturn|p1a: Wo-Chien|Protect\n|move|p2a: Meowscarada|U-turn|p1a: Wo-Chien\n|-activate|p1a: Wo-Chien|move: Protect\n|\n|-heal|p1a: Wo-Chien|137/277|[from] item: Leftovers\n|upkeep\n|turn|22\n|\n|t:|1781394386\n|switch|p1a: Heatran|Heatran, L79, F|157/273\n|-activate|p1a: Heatran|move: Sticky Web\n|-unboost|p1a: Heatran|spe|1\n|-damage|p1a: Heatran|123/273|[from] Stealth Rock\n|move|p2a: Meowscarada|U-turn|p1a: Heatran\n|-resisted|p1a: Heatran\n|-damage|p1a: Heatran|111/273\n|\n|t:|1781394390\n|switch|p2a: Ninetales|Ninetales, L85, M|263/263|[from] U-turn\n|-weather|SunnyDay|[from] ability: Drought|[of] p2a: Ninetales\n|\n|-weather|SunnyDay|[upkeep]\n|upkeep\n|turn|23\n|j| nuclear_cornflakes\n|\n|t:|1781394398\n|-terastallize|p1a: Heatran|Flying\n|move|p2a: Ninetales|Scorching Sands|p1a: Heatran\n|-immune|p1a: Heatran\n|move|p1a: Heatran|Earth Power|p2a: Ninetales\n|-supereffective|p2a: Ninetales\n|-damage|p2a: Ninetales|133/263\n|\n|-weather|SunnyDay|[upkeep]\n|upkeep\n|turn|24\n|\n|t:|1781394406\n|switch|p2a: Meowscarada|Meowscarada, L78, M|70/247\n|-damage|p2a: Meowscarada|40/247|[from] Stealth Rock\n|move|p1a: Heatran|Lava Plume|p2a: Meowscarada\n|-supereffective|p2a: Meowscarada\n|-damage|p2a: Meowscarada|0 fnt\n|faint|p2a: Meowscarada\n|\n|-weather|SunnyDay|[upkeep]\n|upkeep\n|-message|mztmztmzt123 forfeited.\n|\n|win|SoCapable\n", "uploadtime": 1781394111, "views": 3, "formatid": "gen9randombattle", "rating": null, "private": 0, "password": null}