{"id": "gen9randombattle-2631816699", "format": "[Gen 9] Random Battle", "players": ["jorn lande", "ColdWaterSteam"], "log": "|j|\u2606jorn lande\n|j|\u2606ColdWaterSteam\n|t:|1781443828\n|gametype|singles\n|player|p1|jorn lande|169|2002\n|player|p2|ColdWaterSteam|2|2083\n|gen|9\n|tier|[Gen 9] Random Battle\n|rated|\n|rule|Species Clause: Limit one of each Pok\u00e9mon\n|rule|HP Percentage Mod: HP is shown in percentages\n|rule|Sleep Clause Mod: Limit one foe put to sleep\n|rule|Illusion Level Mod: Illusion disguises the Pok\u00e9mon's true level\n|\n|t:|1781443828\n|teamsize|p1|6\n|teamsize|p2|6\n|start\n|switch|p1a: Bellossom|Bellossom, L84, F|263/263\n|switch|p2a: Great Tusk|Great Tusk, L77|304/304\n|turn|1\n|inactive|Battle timer is ON: inactive players will automatically lose when time's up. (requested by ColdWaterSteam)\n|\n|t:|1781443842\n|-end|p2a: Great Tusk|Protosynthesis|[silent]\n|switch|p2a: Illumise|Illumise, L91, F|266/266\n|move|p1a: Bellossom|Quiver Dance|p1a: Bellossom\n|-boost|p1a: Bellossom|spa|1\n|-boost|p1a: Bellossom|spd|1\n|-boost|p1a: Bellossom|spe|1\n|\n|upkeep\n|turn|2\n|\n|t:|1781443852\n|switch|p1a: Swampert|Swampert, L83, F|302/302\n|move|p2a: Illumise|Thunder Wave|p1a: Swampert\n|-immune|p1a: Swampert\n|\n|upkeep\n|turn|3\n|\n|t:|1781443859\n|move|p2a: Illumise|Bug Buzz|p1a: Swampert\n|-damage|p1a: Swampert|211/302\n|move|p1a: Swampert|Stealth Rock|p2a: Illumise\n|-sidestart|p2: ColdWaterSteam|move: Stealth Rock\n|\n|-heal|p1a: Swampert|229/302|[from] item: Leftovers\n|upkeep\n|turn|4\n|\n|t:|1781443867\n|move|p2a: Illumise|Bug Buzz|p1a: Swampert\n|-damage|p1a: Swampert|142/302\n|move|p1a: Swampert|Flip Turn|p2a: Illumise\n|-damage|p2a: Illumise|190/266\n|\n|t:|1781443876\n|switch|p1a: Komala|Komala, L88, F|258/258|[from] Flip Turn\n|-ability|p1a: Komala|Comatose\n|\n|upkeep\n|turn|5\n|\n|t:|1781443898\n|switch|p2a: Great Tusk|Great Tusk, L77|304/304\n|-damage|p2a: Great Tusk|295/304|[from] Stealth Rock\n|move|p1a: Komala|Knock Off|p2a: Great Tusk\n|-resisted|p2a: Great Tusk\n|-damage|p2a: Great Tusk|263/304\n|-enditem|p2a: Great Tusk|Assault Vest|[from] move: Knock Off|[of] p1a: Komala\n|\n|upkeep\n|turn|6\n|\n|t:|1781443910\n|switch|p1a: Bellossom|Bellossom, L84, F|263/263\n|move|p2a: Great Tusk|Rapid Spin|p1a: Bellossom\n|-damage|p1a: Bellossom|230/263\n|-boost|p2a: Great Tusk|spe|1\n|-sideend|p2: ColdWaterSteam|Stealth Rock|[from] move: Rapid Spin|[of] p2a: Great Tusk\n|\n|-heal|p1a: Bellossom|246/263|[from] item: Leftovers\n|upkeep\n|turn|7\n|\n|t:|1781443922\n|-end|p2a: Great Tusk|Protosynthesis|[silent]\n|switch|p2a: Illumise|Illumise, L91, F|190/266\n|switch|p1a: Swampert|Swampert, L83, F|142/302\n|\n|-heal|p1a: Swampert|160/302|[from] item: Leftovers\n|upkeep\n|turn|8\n|\n|t:|1781443930\n|move|p2a: Illumise|Bug Buzz|p1a: Swampert\n|-damage|p1a: Swampert|72/302\n|move|p1a: Swampert|Stealth Rock|p2a: Illumise\n|-sidestart|p2: ColdWaterSteam|move: Stealth Rock\n|\n|-heal|p1a: Swampert|90/302|[from] item: Leftovers\n|upkeep\n|turn|9\n|\n|t:|1781443941\n|switch|p1a: Komala|Komala, L88, F|258/258\n|-ability|p1a: Komala|Comatose\n|move|p2a: Illumise|Bug Buzz|p1a: Komala\n|-damage|p1a: Komala|204/258\n|\n|upkeep\n|turn|10\n|\n|t:|1781443952\n|switch|p2a: Great Tusk|Great Tusk, L77|263/304\n|-damage|p2a: Great Tusk|254/304|[from] Stealth Rock\n|move|p1a: Komala|Body Slam|p2a: Great Tusk\n|-damage|p2a: Great Tusk|158/304\n|\n|upkeep\n|turn|11\n|\n|t:|1781443960\n|-terastallize|p1a: Komala|Ghost\n|move|p2a: Great Tusk|Rapid Spin|p1a: Komala\n|-immune|p1a: Komala\n|move|p1a: Komala|Body Slam|p2a: Great Tusk\n|-damage|p2a: Great Tusk|74/304\n|\n|upkeep\n|turn|12\n|inactive|ColdWaterSteam has 120 seconds left.\n|\n|t:|1781443999\n|-end|p2a: Great Tusk|Protosynthesis|[silent]\n|switch|p2a: Roaring Moon|Roaring Moon, L72|270/270\n|-damage|p2a: Roaring Moon|237/270|[from] Stealth Rock\n|move|p1a: Komala|Body Slam|p2a: Roaring Moon\n|-damage|p2a: Roaring Moon|87/270\n|\n|upkeep\n|turn|13\n|\n|t:|1781444009\n|switch|p1a: Kingambit|Kingambit, L74, F|270/270\n|move|p2a: Roaring Moon|Knock Off|p1a: Kingambit\n|-resisted|p1a: Kingambit\n|-damage|p1a: Kingambit|199/270\n|-enditem|p1a: Kingambit|Leftovers|[from] move: Knock Off|[of] p2a: Roaring Moon\n|\n|upkeep\n|turn|14\n|inactive|ColdWaterSteam has 120 seconds left.\n|\n|t:|1781444024\n|-end|p2a: Roaring Moon|Protosynthesis|[silent]\n|switch|p2a: Zamazenta|Zamazenta, L71|248/248\n|-damage|p2a: Zamazenta|233/248|[from] Stealth Rock\n|-ability|p2a: Zamazenta|Dauntless Shield|boost\n|-boost|p2a: Zamazenta|def|1\n|move|p1a: Kingambit|Iron Head|p2a: Zamazenta\n|-damage|p2a: Zamazenta|172/248\n|\n|-heal|p2a: Zamazenta|187/248|[from] item: Leftovers\n|upkeep\n|turn|15\n|inactive|ColdWaterSteam has 120 seconds left.\n|\n|t:|1781444043\n|switch|p2a: Roaring Moon|Roaring Moon, L72|87/270\n|-damage|p2a: Roaring Moon|54/270|[from] Stealth Rock\n|-end|p1a: Kingambit|fallenundefined|[silent]\n|switch|p1a: Swampert|Swampert, L83, F|90/302\n|\n|-heal|p1a: Swampert|108/302|[from] item: Leftovers\n|upkeep\n|turn|16\n|inactive|ColdWaterSteam has 120 seconds left.\n|\n|t:|1781444062\n|move|p2a: Roaring Moon|U-turn|p1a: Swampert\n|-damage|p1a: Swampert|33/302\n|\n|t:|1781444065\n|-end|p2a: Roaring Moon|Protosynthesis|[silent]\n|switch|p2a: Illumise|Illumise, L91, F|190/266|[from] U-turn\n|move|p1a: Swampert|Flip Turn|p2a: Illumise\n|-damage|p2a: Illumise|87/266\n|\n|t:|1781444075\n|switch|p1a: Komala|Komala, L88, F, tera:Ghost|204/258|[from] Flip Turn\n|-ability|p1a: Komala|Comatose\n|\n|upkeep\n|turn|17\n|\n|t:|1781444082\n|move|p2a: Illumise|Roost|p2a: Illumise\n|-heal|p2a: Illumise|220/266\n|-singleturn|p2a: Illumise|move: Roost\n|move|p1a: Komala|Body Slam|p2a: Illumise\n|-damage|p2a: Illumise|111/266\n|\n|upkeep\n|turn|18\n|inactive|ColdWaterSteam has 120 seconds left.\n|\n|t:|1781444119\n|switch|p2a: Zamazenta|Zamazenta, L71|187/248\n|-damage|p2a: Zamazenta|172/248|[from] Stealth Rock\n|move|p1a: Komala|Body Slam|p2a: Zamazenta\n|-damage|p2a: Zamazenta|67/248\n|\n|-heal|p2a: Zamazenta|82/248|[from] item: Leftovers\n|upkeep\n|turn|19\n|\n|t:|1781444130\n|switch|p1a: Swampert|Swampert, L83, F|33/302\n|move|p2a: Zamazenta|Iron Defense|p2a: Zamazenta\n|-boost|p2a: Zamazenta|def|2\n|\n|-heal|p2a: Zamazenta|97/248|[from] item: Leftovers\n|-heal|p1a: Swampert|51/302|[from] item: Leftovers\n|upkeep\n|turn|20\n|\n|t:|1781444143\n|move|p2a: Zamazenta|Body Press|p1a: Swampert\n|-damage|p1a: Swampert|0 fnt\n|faint|p1a: Swampert\n|\n|-heal|p2a: Zamazenta|112/248|[from] item: Leftovers\n|upkeep\n|inactive|jorn lande has 120 seconds left.\n|\n|t:|1781444175\n|switch|p1a: Bellossom|Bellossom, L84, F|246/263\n|turn|21\n|\n|t:|1781444194\n|-terastallize|p2a: Zamazenta|Steel\n|move|p2a: Zamazenta|Iron Defense|p2a: Zamazenta\n|-boost|p2a: Zamazenta|def|2\n|move|p1a: Bellossom|Giga Drain|p2a: Zamazenta\n|-resisted|p2a: Zamazenta\n|-damage|p2a: Zamazenta|77/248\n|-heal|p1a: Bellossom|263/263|[from] drain|[of] p2a: Zamazenta\n|\n|-heal|p2a: Zamazenta|92/248|[from] item: Leftovers\n|upkeep\n|turn|22\n|\n|t:|1781444207\n|switch|p1a: Komala|Komala, L88, F, tera:Ghost|204/258\n|-ability|p1a: Komala|Comatose\n|move|p2a: Zamazenta|Body Press|p1a: Komala\n|-immune|p1a: Komala\n|\n|-heal|p2a: Zamazenta|107/248|[from] item: Leftovers\n|upkeep\n|turn|23\n|\n|t:|1781444217\n|move|p2a: Zamazenta|Iron Head|p1a: Komala\n|-damage|p1a: Komala|110/258\n|move|p1a: Komala|Rapid Spin|p2a: Zamazenta\n|-resisted|p2a: Zamazenta\n|-damage|p2a: Zamazenta|97/248\n|-boost|p1a: Komala|spe|1\n|\n|-heal|p2a: Zamazenta|112/248|[from] item: Leftovers\n|upkeep\n|turn|24\n|\n|t:|1781444227\n|move|p1a: Komala|Knock Off|p2a: Zamazenta\n|-damage|p2a: Zamazenta|81/248\n|-enditem|p2a: Zamazenta|Leftovers|[from] move: Knock Off|[of] p1a: Komala\n|move|p2a: Zamazenta|Iron Head|p1a: Komala\n|-damage|p1a: Komala|20/258\n|\n|upkeep\n|turn|25\n|\n|t:|1781444235\n|move|p1a: Komala|Earthquake|p2a: Zamazenta\n|-supereffective|p2a: Zamazenta\n|-damage|p2a: Zamazenta|21/248\n|move|p2a: Zamazenta|Iron Head|p1a: Komala\n|-damage|p1a: Komala|0 fnt\n|faint|p1a: Komala\n|\n|upkeep\n|\n|t:|1781444251\n|switch|p1a: Bellossom|Bellossom, L84, F|263/263\n|turn|26\n|\n|t:|1781444257\n|move|p2a: Zamazenta|Body Press|p1a: Bellossom\n|-damage|p1a: Bellossom|52/263\n|move|p1a: Bellossom|Giga Drain|p2a: Zamazenta\n|-resisted|p2a: Zamazenta\n|-damage|p2a: Zamazenta|0 fnt\n|-heal|p1a: Bellossom|63/263|[from] drain|[of] p2a: Zamazenta\n|faint|p2a: Zamazenta\n|\n|-heal|p1a: Bellossom|79/263|[from] item: Leftovers\n|upkeep\n|\n|t:|1781444268\n|switch|p2a: Illumise|Illumise, L91, F|111/266\n|turn|27\n|\n|t:|1781444280\n|switch|p1a: Koraidon|Koraidon, L64|235/235\n|-weather|SunnyDay|[from] ability: Orichalcum Pulse|[of] p1a: Koraidon\n|-activate|p1a: Koraidon|Orichalcum Pulse|[source]\n|move|p2a: Illumise|Bug Buzz|p1a: Koraidon\n|-resisted|p1a: Koraidon\n|-damage|p1a: Koraidon|182/235\n|\n|-weather|SunnyDay|[upkeep]\n|upkeep\n|turn|28\n|\n|t:|1781444302\n|switch|p2a: Great Tusk|Great Tusk, L77|74/304\n|-damage|p2a: Great Tusk|65/304|[from] Stealth Rock\n|-activate|p2a: Great Tusk|ability: Protosynthesis\n|-start|p2a: Great Tusk|protosynthesisatk\n|move|p1a: Koraidon|Flare Blitz|p2a: Great Tusk\n|-damage|p2a: Great Tusk|0 fnt\n|faint|p2a: Great Tusk\n|-end|p2a: Great Tusk|Protosynthesis|[silent]\n|-damage|p1a: Koraidon|161/235|[from] Recoil\n|\n|-weather|SunnyDay|[upkeep]\n|upkeep\n|inactive|ColdWaterSteam has 120 seconds left.\n|\n|t:|1781444322\n|switch|p2a: Roaring Moon|Roaring Moon, L72|54/270\n|-damage|p2a: Roaring Moon|21/270|[from] Stealth Rock\n|-activate|p2a: Roaring Moon|ability: Protosynthesis\n|-start|p2a: Roaring Moon|protosynthesisatk\n|turn|29\n|inactive|ColdWaterSteam has 120 seconds left.\n|\n|t:|1781444332\n|switch|p1a: Kingambit|Kingambit, L74, F|199/270\n|-activate|p1a: Kingambit|ability: Supreme Overlord\n|-start|p1a: Kingambit|fallen2|[silent]\n|move|p2a: Roaring Moon|Outrage|p1a: Kingambit\n|-resisted|p1a: Kingambit\n|-damage|p1a: Kingambit|83/270\n|\n|-weather|SunnyDay|[upkeep]\n|upkeep\n|turn|30\n|\n|t:|1781444347\n|move|p1a: Kingambit|Sucker Punch|p2a: Roaring Moon\n|-resisted|p2a: Roaring Moon\n|-damage|p2a: Roaring Moon|0 fnt\n|faint|p2a: Roaring Moon\n|-end|p2a: Roaring Moon|Protosynthesis|[silent]\n|\n|-weather|SunnyDay|[upkeep]\n|upkeep\n|inactive|ColdWaterSteam has 120 seconds left.\n|\n|t:|1781444357\n|switch|p2a: Illumise|Illumise, L91, F|111/266\n|turn|31\n|inactive|ColdWaterSteam has 120 seconds left.\n|\n|t:|1781444368\n|-end|p1a: Kingambit|fallen2|[silent]\n|switch|p1a: Koraidon|Koraidon, L64|161/235\n|-activate|p1a: Koraidon|ability: Orichalcum Pulse\n|move|p2a: Illumise|Roost|p2a: Illumise\n|-heal|p2a: Illumise|244/266\n|-singleturn|p2a: Illumise|move: Roost\n|\n|-weather|none\n|upkeep\n|turn|32\n|\n|t:|1781444383\n|move|p2a: Illumise|Thunder Wave|p1a: Koraidon\n|-status|p1a: Koraidon|par\n|cant|p1a: Koraidon|par\n|\n|upkeep\n|turn|33\n|inactive|ColdWaterSteam has 120 seconds left.\n|\n|t:|1781444411\n|switch|p2a: Dondozo|Dondozo, L78, M|362/362\n|-damage|p2a: Dondozo|317/362|[from] Stealth Rock\n|cant|p1a: Koraidon|par\n|\n|-heal|p2a: Dondozo|339/362|[from] item: Leftovers\n|upkeep\n|turn|34\n|\n|t:|1781444426\n|switch|p1a: Bellossom|Bellossom, L84, F|79/263\n|move|p2a: Dondozo|Wave Crash|p1a: Bellossom\n|-resisted|p1a: Bellossom\n|-damage|p1a: Bellossom|27/263\n|-damage|p2a: Dondozo|322/362|[from] Recoil\n|\n|-heal|p1a: Bellossom|43/263|[from] item: Leftovers\n|-heal|p2a: Dondozo|344/362|[from] item: Leftovers\n|upkeep\n|turn|35\n|-message|jorn lande forfeited.\n|\n|win|ColdWaterSteam\n", "uploadtime": 1781443830, "views": 3, "formatid": "gen9randombattle", "rating": null, "private": 0, "password": null}