{"id": "gen9randombattle-2631607199", "format": "[Gen 9] Random Battle", "players": ["bacontwin", "LokaReborn"], "log": "|j|\u2606bacontwin\n|j|\u2606LokaReborn\n|t:|1781407991\n|gametype|singles\n|player|p1|bacontwin|doctor|1242\n|player|p2|LokaReborn|alder|1203\n|gen|9\n|tier|[Gen 9] Random Battle\n|rated|\n|rule|Species Clause: Limit one of each Pok\u00e9mon\n|rule|HP Percentage Mod: HP is shown in percentages\n|rule|Sleep Clause Mod: Limit one foe put to sleep\n|rule|Illusion Level Mod: Illusion disguises the Pok\u00e9mon's true level\n|\n|t:|1781407991\n|teamsize|p1|6\n|teamsize|p2|6\n|start\n|switch|p1a: Vaporeon|Vaporeon, L86, F|364/364\n|switch|p2a: Dewgong|Dewgong, L94, M|322/322\n|turn|1\n|inactive|Battle timer is ON: inactive players will automatically lose when time's up. (requested by bacontwin)\n|inactive|LokaReborn also wants the timer to be on.\n|inactive|bacontwin has 120 seconds left.\n|inactive|LokaReborn has 120 seconds left.\n|inactive|LokaReborn has 90 seconds left.\n|inactive|LokaReborn has 60 seconds left.\n|\n|t:|1781408104\n|switch|p2a: Enamorus|Enamorus, L79, F|247/247\n|switch|p1a: Revavroom|Revavroom, L79, M|256/256\n|\n|upkeep\n|turn|2\n|\n|t:|1781408121\n|move|p2a: Enamorus|Substitute|p2a: Enamorus\n|-start|p2a: Enamorus|Substitute\n|-damage|p2a: Enamorus|186/247\n|move|p1a: Revavroom|Shift Gear|p1a: Revavroom\n|-boost|p1a: Revavroom|spe|2\n|-boost|p1a: Revavroom|atk|1\n|\n|-heal|p2a: Enamorus|201/247|[from] item: Leftovers\n|upkeep\n|turn|3\n|\n|t:|1781408127\n|move|p1a: Revavroom|Iron Head|p2a: Enamorus\n|-supereffective|p2a: Enamorus\n|-end|p2a: Enamorus|Substitute\n|-damage|p1a: Revavroom|231/256|[from] item: Life Orb\n|move|p2a: Enamorus|Earth Power|p1a: Revavroom\n|-supereffective|p1a: Revavroom\n|-damage|p1a: Revavroom|0 fnt\n|faint|p1a: Revavroom\n|\n|-heal|p2a: Enamorus|216/247|[from] item: Leftovers\n|upkeep\n|\n|t:|1781408151\n|switch|p1a: Vaporeon|Vaporeon, L86, F|364/364\n|turn|4\n|\n|t:|1781408158\n|move|p2a: Enamorus|Calm Mind|p2a: Enamorus\n|-boost|p2a: Enamorus|spa|1\n|-boost|p2a: Enamorus|spd|1\n|move|p1a: Vaporeon|Ice Beam|p2a: Enamorus\n|-supereffective|p2a: Enamorus\n|-damage|p2a: Enamorus|108/247\n|\n|-heal|p2a: Enamorus|123/247|[from] item: Leftovers\n|upkeep\n|turn|5\n|inactive|bacontwin has 120 seconds left.\n|\n|t:|1781408190\n|move|p2a: Enamorus|Moonblast|p1a: Vaporeon\n|-damage|p1a: Vaporeon|204/364\n|move|p1a: Vaporeon|Scald|p2a: Enamorus\n|-damage|p2a: Enamorus|44/247\n|\n|-heal|p2a: Enamorus|59/247|[from] item: Leftovers\n|-heal|p1a: Vaporeon|226/364|[from] item: Leftovers\n|upkeep\n|turn|6\n|inactive|LokaReborn has 120 seconds left.\n|\n|t:|1781408225\n|move|p2a: Enamorus|Moonblast|p1a: Vaporeon\n|-damage|p1a: Vaporeon|73/364\n|-unboost|p1a: Vaporeon|spa|1\n|move|p1a: Vaporeon|Scald|p2a: Enamorus\n|-damage|p2a: Enamorus|8/247\n|-status|p2a: Enamorus|brn\n|\n|-heal|p2a: Enamorus|23/247 brn|[from] item: Leftovers\n|-heal|p1a: Vaporeon|95/364|[from] item: Leftovers\n|-damage|p2a: Enamorus|8/247 brn|[from] brn\n|upkeep\n|turn|7\n|\n|t:|1781408237\n|move|p1a: Vaporeon|Protect|p1a: Vaporeon\n|-singleturn|p1a: Vaporeon|Protect\n|move|p2a: Enamorus|Moonblast|p1a: Vaporeon\n|-activate|p1a: Vaporeon|move: Protect\n|\n|-heal|p2a: Enamorus|23/247 brn|[from] item: Leftovers\n|-heal|p1a: Vaporeon|117/364|[from] item: Leftovers\n|-damage|p2a: Enamorus|8/247 brn|[from] brn\n|upkeep\n|turn|8\n|\n|t:|1781408261\n|move|p2a: Enamorus|Moonblast|p1a: Vaporeon\n|-damage|p1a: Vaporeon|0 fnt\n|faint|p1a: Vaporeon\n|\n|-heal|p2a: Enamorus|23/247 brn|[from] item: Leftovers\n|-damage|p2a: Enamorus|8/247 brn|[from] brn\n|upkeep\n|inactive|bacontwin has 90 seconds left.\n|\n|t:|1781408291\n|switch|p1a: Kyurem|Kyurem-White, L73|303/303\n|-ability|p1a: Kyurem|Turboblaze\n|turn|9\n|inactive|LokaReborn has 120 seconds left.\n|\n|t:|1781408299\n|move|p1a: Kyurem|Fusion Flare|p2a: Enamorus\n|-damage|p2a: Enamorus|0 fnt\n|faint|p2a: Enamorus\n|\n|upkeep\n|inactive|LokaReborn has 120 seconds left.\n|\n|t:|1781408311\n|switch|p2a: Arceus|Arceus-Fire, L72|291/291\n|turn|10\n|inactive|bacontwin has 90 seconds left.\n|\n|t:|1781408344\n|switch|p1a: Sandy Shocks|Sandy Shocks, L80|267/267\n|move|p2a: Arceus|Dragon Dance|p2a: Arceus\n|-boost|p2a: Arceus|atk|1\n|-boost|p2a: Arceus|spe|1\n|\n|upkeep\n|turn|11\n|inactive|LokaReborn has 120 seconds left.\n|\n|t:|1781408363\n|move|p2a: Arceus|Earthquake|p1a: Sandy Shocks\n|-supereffective|p1a: Sandy Shocks\n|-damage|p1a: Sandy Shocks|71/267\n|move|p1a: Sandy Shocks|Thunder Wave|p2a: Arceus|[miss]\n|-miss|p1a: Sandy Shocks|p2a: Arceus\n|\n|-heal|p1a: Sandy Shocks|87/267|[from] item: Leftovers\n|upkeep\n|turn|12\n|\n|t:|1781408375\n|move|p2a: Arceus|Flare Blitz|p1a: Sandy Shocks\n|-damage|p1a: Sandy Shocks|0 fnt\n|faint|p1a: Sandy Shocks\n|-end|p1a: Sandy Shocks|Protosynthesis|[silent]\n|-damage|p2a: Arceus|262/291|[from] Recoil\n|\n|upkeep\n|\n|t:|1781408382\n|switch|p1a: Rabsca|Rabsca, L91, F|284/284\n|turn|13\n|inactive|LokaReborn has 120 seconds left.\n|\n|t:|1781408419\n|move|p2a: Arceus|Flare Blitz|p1a: Rabsca\n|-supereffective|p1a: Rabsca\n|-damage|p1a: Rabsca|0 fnt\n|faint|p1a: Rabsca\n|-damage|p2a: Arceus|168/291|[from] Recoil\n|\n|upkeep\n|\n|t:|1781408424\n|switch|p1a: Kyurem|Kyurem-White, L73|303/303\n|-ability|p1a: Kyurem|Turboblaze\n|turn|14\n|\n|t:|1781408437\n|-terastallize|p2a: Arceus|Fire\n|-terastallize|p1a: Kyurem|Dragon\n|move|p2a: Arceus|Flare Blitz|p1a: Kyurem\n|-resisted|p1a: Kyurem\n|-damage|p1a: Kyurem|154/303\n|-damage|p2a: Arceus|119/291|[from] Recoil\n|move|p1a: Kyurem|Draco Meteor|p2a: Arceus\n|-damage|p2a: Arceus|0 fnt\n|-unboost|p1a: Kyurem|spa|2\n|faint|p2a: Arceus\n|\n|upkeep\n|\n|t:|1781408466\n|switch|p2a: Klefki|Klefki, L84, F|233/233\n|turn|15\n|\n|t:|1781408470\n|switch|p1a: Arceus|Arceus-Fairy, L69|280/280\n|move|p2a: Klefki|Thunder Wave|p1a: Arceus\n|-status|p1a: Arceus|par\n|\n|upkeep\n|turn|16\n|\n|t:|1781408483\n|move|p2a: Klefki|Spikes|p1a: Arceus\n|-sidestart|p1: bacontwin|Spikes\n|move|p1a: Arceus|Calm Mind|p1a: Arceus\n|-boost|p1a: Arceus|spa|1\n|-boost|p1a: Arceus|spd|1\n|\n|upkeep\n|turn|17\n|\n|t:|1781408486\n|move|p2a: Klefki|Play Rough|p1a: Arceus\n|-damage|p1a: Arceus|199/280 par\n|move|p1a: Arceus|Calm Mind|p1a: Arceus\n|-boost|p1a: Arceus|spa|1\n|-boost|p1a: Arceus|spd|1\n|\n|upkeep\n|turn|18\n|inactive|LokaReborn has 120 seconds left.\n|\n|t:|1781408494\n|move|p2a: Klefki|Spikes|p1a: Arceus\n|-sidestart|p1: bacontwin|Spikes\n|move|p1a: Arceus|Recover|p1a: Arceus\n|-heal|p1a: Arceus|280/280 par\n|\n|upkeep\n|turn|19\n|\n|t:|1781408497\n|move|p2a: Klefki|Spikes|p1a: Arceus\n|-sidestart|p1: bacontwin|Spikes\n|move|p1a: Arceus|Calm Mind|p1a: Arceus\n|-boost|p1a: Arceus|spa|1\n|-boost|p1a: Arceus|spd|1\n|\n|upkeep\n|turn|20\n|\n|t:|1781408504\n|move|p2a: Klefki|Play Rough|p1a: Arceus\n|-crit|p1a: Arceus\n|-damage|p1a: Arceus|162/280 par\n|move|p1a: Arceus|Earth Power|p2a: Klefki\n|-supereffective|p2a: Klefki\n|-damage|p2a: Klefki|0 fnt\n|faint|p2a: Klefki\n|\n|upkeep\n|\n|t:|1781408509\n|switch|p2a: Heracross|Heracross, L80, F|259/259\n|turn|21\n|\n|t:|1781408514\n|move|p2a: Heracross|Stone Edge|p1a: Arceus|[miss]\n|-miss|p2a: Heracross|p1a: Arceus\n|move|p1a: Arceus|Judgment|p2a: Heracross\n|-supereffective|p2a: Heracross\n|-damage|p2a: Heracross|0 fnt\n|faint|p2a: Heracross\n|\n|upkeep\n|\n|t:|1781408520\n|switch|p2a: Dewgong|Dewgong, L94, M|322/322\n|turn|22\n|\n|t:|1781408523\n|move|p2a: Dewgong|Triple Axel|p1a: Arceus\n|-damage|p1a: Arceus|140/280 par\n|-damage|p1a: Arceus|101/280 par\n|-damage|p1a: Arceus|40/280 par\n|-hitcount|p1a: Arceus|3\n|move|p1a: Arceus|Recover|p1a: Arceus\n|-heal|p1a: Arceus|180/280 par\n|\n|upkeep\n|turn|23\n|\n|t:|1781408535\n|move|p2a: Dewgong|Encore|p1a: Arceus\n|-start|p1a: Arceus|Encore\n|cant|p1a: Arceus|par\n|\n|upkeep\n|turn|24\n|\n|t:|1781408547\n|move|p2a: Dewgong|Triple Axel|p1a: Arceus\n|-damage|p1a: Arceus|159/280 par\n|-hitcount|p1a: Arceus|1\n|move|p1a: Arceus|Recover|p1a: Arceus\n|-heal|p1a: Arceus|280/280 par\n|\n|upkeep\n|turn|25\n|\n|t:|1781408553\n|move|p2a: Dewgong|Triple Axel|p1a: Arceus\n|-damage|p1a: Arceus|258/280 par\n|-damage|p1a: Arceus|215/280 par\n|-damage|p1a: Arceus|160/280 par\n|-hitcount|p1a: Arceus|3\n|move|p1a: Arceus|Recover|p1a: Arceus\n|-heal|p1a: Arceus|280/280 par\n|\n|-end|p1a: Arceus|Encore\n|upkeep\n|turn|26\n|\n|t:|1781408558\n|switch|p1a: Kyurem|Kyurem-White, L73, tera:Dragon|154/303\n|-damage|p1a: Kyurem|79/303|[from] Spikes\n|-ability|p1a: Kyurem|Turboblaze\n|move|p2a: Dewgong|Encore||[still]\n|-fail|p2a: Dewgong\n|\n|upkeep\n|turn|27\n|\n|t:|1781408567\n|move|p1a: Kyurem|Draco Meteor|p2a: Dewgong\n|-damage|p2a: Dewgong|136/322\n|-unboost|p1a: Kyurem|spa|2\n|move|p2a: Dewgong|Triple Axel|p1a: Kyurem|[miss]\n|-miss|p2a: Dewgong|p1a: Kyurem\n|\n|upkeep\n|turn|28\n|\n|t:|1781408573\n|move|p1a: Kyurem|Draco Meteor|p2a: Dewgong\n|-damage|p2a: Dewgong|32/322\n|-unboost|p1a: Kyurem|spa|2\n|move|p2a: Dewgong|Triple Axel|p1a: Kyurem\n|-supereffective|p1a: Kyurem\n|-damage|p1a: Kyurem|31/303\n|-hitcount|p1a: Kyurem|1\n|\n|upkeep\n|turn|29\n|\n|t:|1781408577\n|move|p1a: Kyurem|Draco Meteor|p2a: Dewgong|[miss]\n|-miss|p1a: Kyurem|p2a: Dewgong\n|move|p2a: Dewgong|Triple Axel|p1a: Kyurem\n|-supereffective|p1a: Kyurem\n|-damage|p1a: Kyurem|0 fnt\n|faint|p1a: Kyurem\n|-hitcount|p1: Kyurem|1\n|\n|upkeep\n|c|\u2606bacontwin|damn it was weak and inaccuate\n|c|\u2606bacontwin|shame on my family\n|c|\u2606bacontwin|my honor\n|c|\u2606bacontwin|and my cow\n|\n|t:|1781408599\n|switch|p1a: Arceus|Arceus-Fairy, L69|280/280 par\n|-damage|p1a: Arceus|210/280 par|[from] Spikes\n|turn|30\n|\n|t:|1781408608\n|move|p2a: Dewgong|Triple Axel|p1a: Arceus\n|-damage|p1a: Arceus|186/280 par\n|-damage|p1a: Arceus|146/280 par\n|-hitcount|p1a: Arceus|2\n|move|p1a: Arceus|Judgment|p2a: Dewgong\n|-damage|p2a: Dewgong|0 fnt\n|faint|p2a: Dewgong\n|\n|upkeep\n|\n|t:|1781408615\n|switch|p2a: Zekrom|Zekrom, L71|259/259\n|-ability|p2a: Zekrom|Teravolt\n|turn|31\n|\n|t:|1781408621\n|move|p2a: Zekrom|Bolt Strike|p1a: Arceus\n|-damage|p1a: Arceus|7/280 par\n|move|p1a: Arceus|Judgment|p2a: Zekrom\n|-supereffective|p2a: Zekrom\n|-damage|p2a: Zekrom|19/259\n|\n|-heal|p2a: Zekrom|35/259|[from] item: Leftovers\n|upkeep\n|turn|32\n|c|\u2606bacontwin|damn\n|c|\u2606bacontwin|gg\n|\n|t:|1781408634\n|move|p2a: Zekrom|Bolt Strike|p1a: Arceus|[miss]\n|-miss|p2a: Zekrom|p1a: Arceus\n|move|p1a: Arceus|Judgment|p2a: Zekrom\n|-supereffective|p2a: Zekrom\n|-damage|p2a: Zekrom|0 fnt\n|faint|p2a: Zekrom\n|\n|win|bacontwin\n|raw|bacontwin's rating: 1220 &rarr; <strong>1244</strong><br />(+24 for winning)\n|raw|LokaReborn's rating: 1203 &rarr; <strong>1179</strong><br />(-24 for losing)\n|c|\u2606LokaReborn|NOOO\n|c|\u2606LokaReborn|ggwp\n|c|\u2606bacontwin|LMAO\n|c|\u2606bacontwin|NOOOO\n|c|\u2606LokaReborn|LOL\n|c|\u2606bacontwin|gg\n|c|\u2606LokaReborn|what a finish\n", "uploadtime": 1781408651, "views": 10, "formatid": "gen9randombattle", "rating": 1179, "private": 0, "password": null}