{"id": "gen9randombattle-2631572414", "format": "[Gen 9] Random Battle", "players": ["Marioman2007", "angsi"], "log": "|j|\u2606Marioman2007\n|j|\u2606angsi\n|t:|1781403041\n|gametype|singles\n|player|p1|Marioman2007|riley|1913\n|player|p2|angsi|1|1908\n|gen|9\n|tier|[Gen 9] Random Battle\n|rated|\n|rule|Species Clause: Limit one of each Pok\u00e9mon\n|rule|HP Percentage Mod: HP is shown in percentages\n|rule|Sleep Clause Mod: Limit one foe put to sleep\n|rule|Illusion Level Mod: Illusion disguises the Pok\u00e9mon's true level\n|\n|t:|1781403041\n|teamsize|p1|6\n|teamsize|p2|6\n|start\n|switch|p1a: Sylveon|Sylveon, L85, M|300/300\n|switch|p2a: Ursaring|Ursaring, L84, M|288/288\n|turn|1\n|inactive|Battle timer is ON: inactive players will automatically lose when time's up. (requested by angsi)\n|\n|t:|1781403051\n|move|p1a: Sylveon|Hyper Voice|p2a: Ursaring\n|-damage|p2a: Ursaring|192/288\n|move|p2a: Ursaring|Body Slam|p1a: Sylveon\n|-damage|p1a: Sylveon|171/300\n|\n|-heal|p1a: Sylveon|189/300|[from] item: Leftovers\n|upkeep\n|turn|2\n|\n|t:|1781403056\n|switch|p1a: Grafaiai|Grafaiai, L86, F|249/249\n|move|p2a: Ursaring|Body Slam|p1a: Grafaiai\n|-damage|p1a: Grafaiai|111/249\n|\n|upkeep\n|turn|3\n|\n|t:|1781403061\n|move|p1a: Grafaiai|Knock Off|p2a: Ursaring\n|-damage|p2a: Ursaring|142/288\n|-enditem|p2a: Ursaring|Eviolite|[from] move: Knock Off|[of] p1a: Grafaiai\n|move|p2a: Ursaring|Body Slam|p1a: Grafaiai\n|-damage|p1a: Grafaiai|0 fnt\n|faint|p1a: Grafaiai\n|\n|upkeep\n|\n|t:|1781403077\n|switch|p1a: Sylveon|Sylveon, L85, M|189/300\n|turn|4\n|\n|t:|1781403085\n|switch|p2a: Charizard|Charizard, L85, F|271/271\n|move|p1a: Sylveon|Hyper Voice|p2a: Charizard\n|-resisted|p2a: Charizard\n|-damage|p2a: Charizard|203/271\n|\n|-heal|p1a: Sylveon|207/300|[from] item: Leftovers\n|upkeep\n|turn|5\n|\n|t:|1781403090\n|switch|p1a: Phione|Phione, L91|293/293\n|move|p2a: Charizard|Will-O-Wisp|p1a: Phione\n|-status|p1a: Phione|brn\n|\n|-damage|p1a: Phione|275/293 brn|[from] brn\n|upkeep\n|turn|6\n|\n|t:|1781403095\n|switch|p2a: Cacturne|Cacturne, L92, M|278/278\n|move|p1a: Phione|Take Heart|p1a: Phione\n|-boost|p1a: Phione|spa|1\n|-boost|p1a: Phione|spd|1\n|-curestatus|p1a: Phione|brn|[msg]\n|\n|-heal|p1a: Phione|293/293|[from] item: Leftovers\n|upkeep\n|turn|7\n|\n|t:|1781403101\n|switch|p1a: Hydreigon|Hydreigon, L79, F|275/275\n|move|p2a: Cacturne|Seed Bomb|p1a: Hydreigon\n|-resisted|p1a: Hydreigon\n|-damage|p1a: Hydreigon|192/275\n|-damage|p2a: Cacturne|251/278|[from] item: Life Orb\n|\n|upkeep\n|turn|8\n|\n|t:|1781403107\n|switch|p2a: Granbull|Granbull, L88, M|302/302\n|-ability|p2a: Granbull|Intimidate|boost\n|-unboost|p1a: Hydreigon|atk|1\n|move|p1a: Hydreigon|Fire Blast|p2a: Granbull\n|-damage|p2a: Granbull|138/302\n|\n|-heal|p2a: Granbull|156/302|[from] item: Leftovers\n|upkeep\n|turn|9\n|\n|t:|1781403114\n|move|p1a: Hydreigon|Fire Blast|p2a: Granbull\n|-damage|p2a: Granbull|0 fnt\n|faint|p2a: Granbull\n|\n|upkeep\n|\n|t:|1781403117\n|switch|p2a: Mabosstiff|Mabosstiff, L86, F|278/278\n|turn|10\n|\n|t:|1781403120\n|switch|p1a: Sylveon|Sylveon, L85, M|207/300\n|move|p2a: Mabosstiff|Play Rough|p1a: Sylveon\n|-damage|p1a: Sylveon|4/300\n|\n|-heal|p1a: Sylveon|22/300|[from] item: Leftovers\n|upkeep\n|turn|11\n|\n|t:|1781403125\n|move|p2a: Mabosstiff|Play Rough|p1a: Sylveon\n|-crit|p1a: Sylveon\n|-damage|p1a: Sylveon|0 fnt\n|faint|p1a: Sylveon\n|\n|upkeep\n|\n|t:|1781403128\n|switch|p1a: Gallade|Gallade, L80, M|240/240\n|turn|12\n|\n|t:|1781403139\n|-terastallize|p2a: Mabosstiff|Fairy\n|move|p2a: Mabosstiff|Play Rough|p1a: Gallade\n|-supereffective|p1a: Gallade\n|-damage|p1a: Gallade|0 fnt\n|faint|p1a: Gallade\n|\n|upkeep\n|\n|t:|1781403142\n|switch|p1a: Serperior|Serperior, L79, F|248/248\n|turn|13\n|\n|t:|1781403147\n|move|p2a: Mabosstiff|Play Rough|p1a: Serperior\n|-damage|p1a: Serperior|122/248\n|move|p1a: Serperior|Leaf Storm|p2a: Mabosstiff\n|-damage|p2a: Mabosstiff|152/278\n|-boost|p1a: Serperior|spa|2\n|\n|-heal|p1a: Serperior|137/248|[from] item: Leftovers\n|upkeep\n|turn|14\n|\n|t:|1781403162\n|switch|p2a: Charizard|Charizard, L85, F|203/271\n|move|p1a: Serperior|Leaf Storm|p2a: Charizard\n|-resisted|p2a: Charizard\n|-damage|p2a: Charizard|156/271\n|-boost|p1a: Serperior|spa|2\n|\n|-heal|p1a: Serperior|152/248|[from] item: Leftovers\n|upkeep\n|turn|15\n|\n|t:|1781403168\n|-terastallize|p1a: Serperior|Rock\n|move|p1a: Serperior|Tera Blast|p2a: Charizard|[anim] Tera Blast Rock\n|-supereffective|p2a: Charizard\n|-damage|p2a: Charizard|0 fnt\n|faint|p2a: Charizard\n|\n|-heal|p1a: Serperior|167/248|[from] item: Leftovers\n|upkeep\n|\n|t:|1781403173\n|switch|p2a: Cinderace|Cinderace, L77, M|249/249\n|turn|16\n|\n|t:|1781403177\n|move|p2a: Cinderace|High Jump Kick|p1a: Serperior\n|-start|p2a: Cinderace|typechange|Fighting|[from] ability: Libero\n|-supereffective|p1a: Serperior\n|-damage|p1a: Serperior|0 fnt\n|faint|p1a: Serperior\n|\n|upkeep\n|-message|Marioman2007 forfeited.\n|\n|win|angsi\n", "uploadtime": 1781403045, "views": 5, "formatid": "gen9randombattle", "rating": null, "private": 0, "password": null}