{"id": "gen9randombattle-2631856549", "format": "[Gen 9] Random Battle", "players": ["Conor3D", "Redstxnez"], "log": "|j|\u2606Conor3D\n|j|\u2606Redstxnez\n|t:|1781448722\n|gametype|singles\n|player|p1|Conor3D|dragontamer|\n|player|p2|Redstxnez|265|\n|gen|9\n|tier|[Gen 9] Random Battle\n|rule|Species Clause: Limit one of each Pok\u00e9mon\n|rule|HP Percentage Mod: HP is shown in percentages\n|rule|Sleep Clause Mod: Limit one foe put to sleep\n|rule|Illusion Level Mod: Illusion disguises the Pok\u00e9mon's true level\n|\n|t:|1781448722\n|teamsize|p1|6\n|teamsize|p2|6\n|start\n|switch|p1a: Mabosstiff|Mabosstiff, L86, F|278/278\n|switch|p2a: Delphox|Delphox, L84, F|263/263\n|turn|1\n|j| Swuppie\n|\n|t:|1781448733\n|move|p1a: Mabosstiff|Crunch|p2a: Delphox\n|-supereffective|p2a: Delphox\n|-damage|p2a: Delphox|5/263\n|move|p2a: Delphox|Fire Blast|p1a: Mabosstiff\n|-damage|p1a: Mabosstiff|0 fnt\n|faint|p1a: Mabosstiff\n|\n|upkeep\n|\n|t:|1781448745\n|switch|p1a: Magcargo|Magcargo, L95, F|268/268\n|turn|2\n|\n|t:|1781448748\n|move|p2a: Delphox|Fire Blast|p1a: Magcargo\n|-resisted|p1a: Magcargo\n|-crit|p1a: Magcargo\n|-damage|p1a: Magcargo|172/268\n|move|p1a: Magcargo|Shell Smash|p1a: Magcargo\n|-unboost|p1a: Magcargo|def|1\n|-unboost|p1a: Magcargo|spd|1\n|-boost|p1a: Magcargo|atk|2\n|-boost|p1a: Magcargo|spa|2\n|-boost|p1a: Magcargo|spe|2\n|\n|upkeep\n|turn|3\n|\n|t:|1781448768\n|move|p2a: Delphox|Fire Blast|p1a: Magcargo\n|-resisted|p1a: Magcargo\n|-damage|p1a: Magcargo|73/268\n|move|p1a: Magcargo|Shell Smash|p1a: Magcargo\n|-unboost|p1a: Magcargo|def|1\n|-unboost|p1a: Magcargo|spd|1\n|-boost|p1a: Magcargo|atk|2\n|-boost|p1a: Magcargo|spa|2\n|-boost|p1a: Magcargo|spe|2\n|\n|upkeep\n|turn|4\n|\n|t:|1781448778\n|move|p1a: Magcargo|Earth Power|p2a: Delphox\n|-supereffective|p2a: Delphox\n|-damage|p2a: Delphox|0 fnt\n|faint|p2a: Delphox\n|\n|upkeep\n|\n|t:|1781448785\n|switch|p2a: Dugtrio|Dugtrio-Alola, L84, M|196/196\n|turn|5\n|\n|t:|1781448790\n|move|p1a: Magcargo|Fire Blast|p2a: Dugtrio\n|-supereffective|p2a: Dugtrio\n|-damage|p2a: Dugtrio|0 fnt\n|faint|p2a: Dugtrio\n|\n|upkeep\n|\n|t:|1781448797\n|switch|p2a: Cyclizar|Cyclizar, L83, M|252/252\n|turn|6\n|\n|t:|1781448804\n|move|p1a: Magcargo|Power Gem|p2a: Cyclizar\n|-damage|p2a: Cyclizar|0 fnt\n|faint|p2a: Cyclizar\n|\n|upkeep\n|\n|t:|1781448809\n|switch|p2a: Oricorio|Oricorio-Sensu, L85, F|266/266\n|turn|7\n|\n|t:|1781448814\n|move|p1a: Magcargo|Power Gem|p2a: Oricorio\n|-supereffective|p2a: Oricorio\n|-damage|p2a: Oricorio|0 fnt\n|faint|p2a: Oricorio\n|\n|upkeep\n|\n|t:|1781448819\n|switch|p2a: Iron Crown|Iron Crown, L78|268/268\n|turn|8\n|\n|t:|1781448824\n|move|p1a: Magcargo|Earth Power|p2a: Iron Crown\n|-supereffective|p2a: Iron Crown\n|-damage|p2a: Iron Crown|0 fnt\n|faint|p2a: Iron Crown\n|-end|p2a: Iron Crown|Quark Drive|[silent]\n|\n|upkeep\n|\n|t:|1781448829\n|switch|p2a: Regice|Regice, L88|284/284\n|turn|9\n|\n|t:|1781448833\n|move|p1a: Magcargo|Power Gem|p2a: Regice\n|-supereffective|p2a: Regice\n|-damage|p2a: Regice|0 fnt\n|faint|p2a: Regice\n|\n|win|Conor3D\n", "uploadtime": 1781448840, "views": 20, "formatid": "gen9randombattle", "rating": null, "private": 0, "password": null}