{"id": "gen9randombattle-2631704314", "format": "[Gen 9] Random Battle", "players": ["Zelikgay", "gshshe"], "log": "|j|\u2606Zelikgay\n|j|\u2606gshshe\n|t:|1781425194\n|gametype|singles\n|player|p1|Zelikgay|1|1040\n|player|p2|gshshe|101|1022\n|gen|9\n|tier|[Gen 9] Random Battle\n|rated|\n|rule|Species Clause: Limit one of each Pok\u00e9mon\n|rule|HP Percentage Mod: HP is shown in percentages\n|rule|Sleep Clause Mod: Limit one foe put to sleep\n|rule|Illusion Level Mod: Illusion disguises the Pok\u00e9mon's true level\n|\n|t:|1781425194\n|teamsize|p1|6\n|teamsize|p2|6\n|start\n|switch|p1a: Coalossal|Coalossal, L89, F|341/341\n|switch|p2a: Ambipom|Ambipom, L84, M|263/263\n|turn|1\n|\n|t:|1781425211\n|move|p2a: Ambipom|Low Kick|p1a: Coalossal\n|-supereffective|p1a: Coalossal\n|-damage|p1a: Coalossal|221/341\n|move|p1a: Coalossal|Stone Edge|p2a: Ambipom\n|-damage|p2a: Ambipom|134/263\n|\n|upkeep\n|turn|2\n|\n|t:|1781425223\n|move|p2a: Ambipom|Knock Off|p1a: Coalossal\n|-damage|p1a: Coalossal|171/341\n|-enditem|p1a: Coalossal|Heavy-Duty Boots|[from] move: Knock Off|[of] p2a: Ambipom\n|move|p1a: Coalossal|Will-O-Wisp|p2a: Ambipom\n|-status|p2a: Ambipom|brn\n|\n|-damage|p2a: Ambipom|118/263 brn|[from] brn\n|upkeep\n|turn|3\n|\n|t:|1781425234\n|move|p2a: Ambipom|Low Kick|p1a: Coalossal\n|-supereffective|p1a: Coalossal\n|-damage|p1a: Coalossal|102/341\n|move|p1a: Coalossal|Flamethrower|p2a: Ambipom\n|-damage|p2a: Ambipom|10/263 brn\n|\n|-damage|p2a: Ambipom|0 fnt|[from] brn\n|faint|p2a: Ambipom\n|upkeep\n|\n|t:|1781425245\n|switch|p2a: Gyarados|Gyarados, L79, M|280/280\n|turn|4\n|\n|t:|1781425256\n|switch|p1a: Serperior|Serperior, L79, F|248/248\n|move|p2a: Gyarados|Waterfall|p1a: Serperior\n|-resisted|p1a: Serperior\n|-damage|p1a: Serperior|202/248\n|\n|upkeep\n|turn|5\n|\n|t:|1781425269\n|switch|p2a: Glalie|Glalie, L96, M|309/309\n|move|p1a: Serperior|Leaf Storm|p2a: Glalie\n|-damage|p2a: Glalie|175/309\n|-boost|p1a: Serperior|spa|2\n|-damage|p1a: Serperior|178/248|[from] item: Life Orb\n|\n|upkeep\n|turn|6\n|\n|t:|1781425282\n|move|p1a: Serperior|Synthesis|p1a: Serperior\n|-heal|p1a: Serperior|248/248\n|move|p2a: Glalie|Freeze-Dry|p1a: Serperior\n|-supereffective|p1a: Serperior\n|-damage|p1a: Serperior|78/248\n|\n|upkeep\n|turn|7\n|\n|t:|1781425296\n|move|p1a: Serperior|Leaf Storm|p2a: Glalie\n|-damage|p2a: Glalie|0 fnt\n|-boost|p1a: Serperior|spa|2\n|faint|p2a: Glalie\n|-damage|p1a: Serperior|54/248|[from] item: Life Orb\n|\n|upkeep\n|\n|t:|1781425304\n|switch|p2a: Indeedee|Indeedee-F, L90, F|272/272\n|-fieldstart|move: Psychic Terrain|[from] ability: Psychic Surge|[of] p2a: Indeedee\n|turn|8\n|\n|t:|1781425329\n|switch|p1a: Iron Jugulis|Iron Jugulis, L77|271/271\n|move|p2a: Indeedee|Psyshock|p1a: Iron Jugulis\n|-immune|p1a: Iron Jugulis\n|\n|upkeep\n|turn|9\n|\n|t:|1781425341\n|move|p1a: Iron Jugulis|Dark Pulse|p2a: Indeedee\n|-supereffective|p2a: Indeedee\n|-damage|p2a: Indeedee|74/272\n|cant|p2a: Indeedee|flinch\n|\n|upkeep\n|turn|10\n|\n|t:|1781425353\n|switch|p2a: Urshifu|Urshifu, L74, F|270/270\n|move|p1a: Iron Jugulis|Dark Pulse|p2a: Urshifu\n|-resisted|p2a: Urshifu\n|-damage|p2a: Urshifu|227/270\n|\n|upkeep\n|turn|11\n|\n|t:|1781425381\n|move|p1a: Iron Jugulis|Dark Pulse|p2a: Urshifu\n|-resisted|p2a: Urshifu\n|-damage|p2a: Urshifu|178/270\n|move|p2a: Urshifu|Swords Dance|p2a: Urshifu\n|-boost|p2a: Urshifu|atk|2\n|\n|upkeep\n|turn|12\n|\n|t:|1781425404\n|-end|p1a: Iron Jugulis|Quark Drive|[silent]\n|switch|p1a: Sylveon|Sylveon, L85, M|300/300\n|move|p2a: Urshifu|Close Combat|p1a: Sylveon\n|-resisted|p1a: Sylveon\n|-damage|p1a: Sylveon|97/300\n|-unboost|p2a: Urshifu|def|1\n|-unboost|p2a: Urshifu|spd|1\n|-damage|p2a: Urshifu|151/270|[from] item: Life Orb\n|\n|-heal|p1a: Sylveon|115/300|[from] item: Leftovers\n|-fieldend|move: Psychic Terrain\n|upkeep\n|turn|13\n|\n|t:|1781425420\n|move|p1a: Sylveon|Protect|p1a: Sylveon\n|-singleturn|p1a: Sylveon|Protect\n|move|p2a: Urshifu|Poison Jab|p1a: Sylveon\n|-supereffective|p1a: Sylveon\n|-damage|p1a: Sylveon|0 fnt\n|faint|p1a: Sylveon\n|-damage|p2a: Urshifu|124/270|[from] item: Life Orb\n|\n|upkeep\n|\n|t:|1781425449\n|switch|p1a: Iron Jugulis|Iron Jugulis, L77|271/271\n|turn|14\n|\n|t:|1781425463\n|move|p1a: Iron Jugulis|Dark Pulse|p2a: Urshifu\n|-resisted|p2a: Urshifu\n|-damage|p2a: Urshifu|49/270\n|move|p2a: Urshifu|Close Combat|p1a: Iron Jugulis\n|-damage|p1a: Iron Jugulis|0 fnt\n|-unboost|p2a: Urshifu|def|1\n|-unboost|p2a: Urshifu|spd|1\n|faint|p1a: Iron Jugulis\n|-end|p1a: Iron Jugulis|Quark Drive|[silent]\n|-damage|p2a: Urshifu|22/270|[from] item: Life Orb\n|\n|upkeep\n|\n|t:|1781425482\n|switch|p1a: Coalossal|Coalossal, L89, F|102/341\n|turn|15\n|\n|t:|1781425491\n|move|p2a: Urshifu|Close Combat|p1a: Coalossal\n|-supereffective|p1a: Coalossal\n|-damage|p1a: Coalossal|0 fnt\n|-unboost|p2a: Urshifu|def|1\n|-unboost|p2a: Urshifu|spd|1\n|faint|p1a: Coalossal\n|-damage|p2a: Urshifu|0 fnt|[from] item: Life Orb\n|faint|p2a: Urshifu\n|\n|upkeep\n|\n|t:|1781425517\n|switch|p2a: Indeedee|Indeedee-F, L90, F|74/272\n|switch|p1a: Floatzel|Floatzel, L86, M|286/286\n|-fieldstart|move: Psychic Terrain|[from] ability: Psychic Surge|[of] p2a: Indeedee\n|turn|16\n|\n|t:|1781425543\n|move|p1a: Floatzel|Crunch|p2a: Indeedee\n|-supereffective|p2a: Indeedee\n|-damage|p2a: Indeedee|0 fnt\n|faint|p2a: Indeedee\n|\n|upkeep\n|\n|t:|1781425550\n|switch|p2a: Luvdisc|Luvdisc, M|247/247\n|turn|17\n|\n|t:|1781425576\n|switch|p1a: Serperior|Serperior, L79, F|54/248\n|move|p2a: Luvdisc|Substitute|p2a: Luvdisc\n|-start|p2a: Luvdisc|Substitute\n|-damage|p2a: Luvdisc|186/247\n|\n|upkeep\n|turn|18\n|\n|t:|1781425597\n|move|p2a: Luvdisc|Whirlpool|p1a: Serperior\n|-resisted|p1a: Serperior\n|-damage|p1a: Serperior|39/248\n|-activate|p1a: Serperior|move: Whirlpool|[of] p2a: Luvdisc\n|move|p1a: Serperior|Synthesis|p1a: Serperior\n|-heal|p1a: Serperior|163/248\n|\n|-damage|p1a: Serperior|132/248|[from] move: Whirlpool|[partiallytrapped]\n|upkeep\n|turn|19\n|\n|t:|1781425607\n|move|p2a: Luvdisc|Surf|p1a: Serperior\n|-resisted|p1a: Serperior\n|-damage|p1a: Serperior|99/248\n|move|p1a: Serperior|Synthesis|p1a: Serperior\n|-heal|p1a: Serperior|223/248\n|\n|-damage|p1a: Serperior|192/248|[from] move: Whirlpool|[partiallytrapped]\n|upkeep\n|turn|20\n|\n|t:|1781425617\n|move|p2a: Luvdisc|Endeavor|p1a: Serperior\n|-damage|p1a: Serperior|186/248\n|move|p1a: Serperior|Leaf Storm|p2a: Luvdisc\n|-supereffective|p2a: Luvdisc\n|-end|p2a: Luvdisc|Substitute\n|-boost|p1a: Serperior|spa|2\n|-damage|p1a: Serperior|162/248|[from] item: Life Orb\n|\n|-damage|p1a: Serperior|131/248|[from] move: Whirlpool|[partiallytrapped]\n|-fieldend|move: Psychic Terrain\n|upkeep\n|turn|21\n|\n|t:|1781425631\n|move|p2a: Luvdisc|Substitute|p2a: Luvdisc\n|-start|p2a: Luvdisc|Substitute\n|-damage|p2a: Luvdisc|125/247\n|move|p1a: Serperior|Leaf Storm|p2a: Luvdisc\n|-supereffective|p2a: Luvdisc\n|-end|p2a: Luvdisc|Substitute\n|-boost|p1a: Serperior|spa|2\n|-damage|p1a: Serperior|107/248|[from] item: Life Orb\n|\n|-damage|p1a: Serperior|76/248|[from] move: Whirlpool|[partiallytrapped]\n|upkeep\n|turn|22\n|\n|t:|1781425643\n|move|p2a: Luvdisc|Substitute|p2a: Luvdisc\n|-start|p2a: Luvdisc|Substitute\n|-damage|p2a: Luvdisc|64/247\n|move|p1a: Serperior|Synthesis|p1a: Serperior\n|-heal|p1a: Serperior|200/248\n|\n|-damage|p1a: Serperior|169/248|[from] move: Whirlpool|[partiallytrapped]\n|upkeep\n|turn|23\n|\n|t:|1781425652\n|move|p2a: Luvdisc|Endeavor|p1a: Serperior\n|-damage|p1a: Serperior|64/248\n|move|p1a: Serperior|Synthesis|p1a: Serperior\n|-heal|p1a: Serperior|188/248\n|\n|-end|p1a: Serperior|Whirlpool|[partiallytrapped]\n|upkeep\n|turn|24\n|\n|t:|1781425662\n|move|p2a: Luvdisc|Endeavor|p1a: Serperior\n|-damage|p1a: Serperior|64/248\n|move|p1a: Serperior|Leaf Storm|p2a: Luvdisc\n|-supereffective|p2a: Luvdisc\n|-end|p2a: Luvdisc|Substitute\n|-boost|p1a: Serperior|spa|2\n|-damage|p1a: Serperior|40/248|[from] item: Life Orb\n|\n|upkeep\n|turn|25\n|\n|t:|1781425673\n|move|p2a: Luvdisc|Surf|p1a: Serperior\n|-resisted|p1a: Serperior\n|-damage|p1a: Serperior|4/248\n|move|p1a: Serperior|Synthesis|p1a: Serperior\n|-heal|p1a: Serperior|128/248\n|\n|upkeep\n|turn|26\n|\n|t:|1781425681\n|move|p2a: Luvdisc|Endeavor|p1a: Serperior\n|-damage|p1a: Serperior|64/248\n|move|p1a: Serperior|Synthesis|p1a: Serperior\n|-heal|p1a: Serperior|188/248\n|\n|upkeep\n|turn|27\n|\n|t:|1781425689\n|move|p2a: Luvdisc|Substitute|p2a: Luvdisc\n|-start|p2a: Luvdisc|Substitute\n|-damage|p2a: Luvdisc|3/247\n|move|p1a: Serperior|Leaf Storm|p2a: Luvdisc\n|-supereffective|p2a: Luvdisc\n|-end|p2a: Luvdisc|Substitute\n|-damage|p1a: Serperior|164/248|[from] item: Life Orb\n|\n|upkeep\n|turn|28\n|\n|t:|1781425698\n|move|p2a: Luvdisc|Endeavor|p1a: Serperior\n|-damage|p1a: Serperior|3/248\n|move|p1a: Serperior|Synthesis|p1a: Serperior\n|-heal|p1a: Serperior|127/248\n|\n|upkeep\n|turn|29\n|\n|t:|1781425707\n|move|p2a: Luvdisc|Endeavor|p1a: Serperior\n|-damage|p1a: Serperior|3/248\n|move|p1a: Serperior|Leaf Storm|p2a: Luvdisc\n|-supereffective|p2a: Luvdisc\n|-damage|p2a: Luvdisc|0 fnt\n|faint|p2a: Luvdisc\n|-damage|p1a: Serperior|0 fnt|[from] item: Life Orb\n|faint|p1a: Serperior\n|\n|upkeep\n|\n|t:|1781425724\n|switch|p2a: Gyarados|Gyarados, L79, M|280/280\n|switch|p1a: Lapras|Lapras, L87, M|367/367\n|turn|30\n|\n|t:|1781425734\n|move|p2a: Gyarados|Dragon Dance|p2a: Gyarados\n|-boost|p2a: Gyarados|atk|1\n|-boost|p2a: Gyarados|spe|1\n|move|p1a: Lapras|Icicle Spear|p2a: Gyarados\n|-damage|p2a: Gyarados|249/280\n|-damage|p2a: Gyarados|219/280\n|-damage|p2a: Gyarados|191/280\n|-crit|p2a: Gyarados\n|-damage|p2a: Gyarados|148/280\n|-crit|p2a: Gyarados\n|-damage|p2a: Gyarados|105/280\n|-hitcount|p2a: Gyarados|5\n|\n|upkeep\n|turn|31\n|\n|t:|1781425750\n|move|p2a: Gyarados|Tera Blast|p1a: Lapras\n|-damage|p1a: Lapras|334/367\n|move|p1a: Lapras|Icicle Spear|p2a: Gyarados\n|-damage|p2a: Gyarados|74/280\n|-damage|p2a: Gyarados|43/280\n|-damage|p2a: Gyarados|13/280\n|-crit|p2a: Gyarados\n|-damage|p2a: Gyarados|0 fnt\n|faint|p2a: Gyarados\n|-hitcount|p2: Gyarados|4\n|\n|win|Zelikgay\n|raw|Zelikgay's rating: 1040 &rarr; <strong>1072</strong><br />(+32 for winning)\n|raw|gshshe's rating: 1022 &rarr; <strong>1009</strong><br />(-13 for losing)\n|l|\u2606gshshe\n|player|p2|\n", "uploadtime": 1781425765, "views": 6, "formatid": "gen9randombattle", "rating": 1009, "private": 0, "password": null}