{"id": "gen9randombattle-2631939993", "format": "[Gen 9] Random Battle", "players": ["YUNGCORV", "pelele19"], "log": "|j|\u2606YUNGCORV\n|j|\u2606pelele19\n|t:|1781457912\n|gametype|singles\n|player|p1|YUNGCORV|1|2107\n|player|p2|pelele19|102|2165\n|gen|9\n|tier|[Gen 9] Random Battle\n|rated|\n|rule|Species Clause: Limit one of each Pok\u00e9mon\n|rule|HP Percentage Mod: HP is shown in percentages\n|rule|Sleep Clause Mod: Limit one foe put to sleep\n|rule|Illusion Level Mod: Illusion disguises the Pok\u00e9mon's true level\n|\n|t:|1781457912\n|teamsize|p1|6\n|teamsize|p2|6\n|start\n|switch|p1a: Weavile|Weavile, L79, M|240/240\n|switch|p2a: Mabosstiff|Mabosstiff, L86, M|278/278\n|turn|1\n|inactive|Battle timer is ON: inactive players will automatically lose when time's up. (requested by YUNGCORV)\n|\n|t:|1781457925\n|switch|p1a: Slowbro|Slowbro-Galar, L87, M|307/307\n|move|p2a: Mabosstiff|Play Rough|p1a: Slowbro|[miss]\n|-miss|p2a: Mabosstiff|p1a: Slowbro\n|\n|upkeep\n|turn|2\n|\n|t:|1781457935\n|switch|p2a: Kyogre|Kyogre, L71|259/259\n|-weather|RainDance|[from] ability: Drizzle|[of] p2a: Kyogre\n|move|p1a: Slowbro|Shell Side Arm|p2a: Kyogre|[anim] Shell Side Arm Physical\n|-damage|p2a: Kyogre|136/259\n|-hint|Physical Shell Side Arm\n|\n|-weather|RainDance|[upkeep]\n|-heal|p2a: Kyogre|152/259|[from] item: Leftovers\n|upkeep\n|turn|3\n|\n|t:|1781457954\n|switch|p1a: Fezandipiti|Fezandipiti, L82, M|278/278\n|move|p2a: Kyogre|Origin Pulse|p1a: Fezandipiti\n|-damage|p1a: Fezandipiti|145/278\n|\n|-weather|RainDance|[upkeep]\n|-heal|p1a: Fezandipiti|162/278|[from] item: Leftovers\n|-heal|p2a: Kyogre|168/259|[from] item: Leftovers\n|upkeep\n|turn|4\n|\n|t:|1781457963\n|move|p1a: Fezandipiti|Gunk Shot|p2a: Kyogre\n|-damage|p2a: Kyogre|33/259\n|-status|p2a: Kyogre|psn\n|move|p2a: Kyogre|Origin Pulse|p1a: Fezandipiti\n|-damage|p1a: Fezandipiti|30/278\n|\n|-weather|RainDance|[upkeep]\n|-heal|p1a: Fezandipiti|47/278|[from] item: Leftovers\n|-heal|p2a: Kyogre|49/259 psn|[from] item: Leftovers\n|-damage|p2a: Kyogre|17/259 psn|[from] psn\n|upkeep\n|turn|5\n|\n|t:|1781457975\n|move|p1a: Fezandipiti|Roost|p1a: Fezandipiti\n|-heal|p1a: Fezandipiti|186/278\n|-singleturn|p1a: Fezandipiti|move: Roost\n|move|p2a: Kyogre|Origin Pulse|p1a: Fezandipiti\n|-damage|p1a: Fezandipiti|36/278\n|\n|-weather|RainDance|[upkeep]\n|-heal|p1a: Fezandipiti|53/278|[from] item: Leftovers\n|-heal|p2a: Kyogre|33/259 psn|[from] item: Leftovers\n|-damage|p2a: Kyogre|1/259 psn|[from] psn\n|upkeep\n|turn|6\n|\n|t:|1781457996\n|move|p1a: Fezandipiti|Roost|p1a: Fezandipiti\n|-heal|p1a: Fezandipiti|192/278\n|-singleturn|p1a: Fezandipiti|move: Roost\n|move|p2a: Kyogre|Origin Pulse|p1a: Fezandipiti\n|-damage|p1a: Fezandipiti|48/278\n|\n|-weather|none\n|-heal|p1a: Fezandipiti|65/278|[from] item: Leftovers\n|-heal|p2a: Kyogre|17/259 psn|[from] item: Leftovers\n|-damage|p2a: Kyogre|0 fnt|[from] psn\n|faint|p2a: Kyogre\n|upkeep\n|\n|t:|1781458004\n|switch|p2a: Blastoise|Blastoise, L80, F|258/258\n|turn|7\n|\n|t:|1781458012\n|move|p1a: Fezandipiti|Beat Up|p2a: Blastoise\n|-damage|p2a: Blastoise|248/258\n|-damage|p2a: Blastoise|237/258\n|-damage|p2a: Blastoise|229/258\n|-damage|p2a: Blastoise|221/258\n|-status|p2a: Blastoise|tox|[from] ability: Toxic Chain|[of] p1a: Fezandipiti\n|-damage|p2a: Blastoise|209/258 tox\n|-damage|p2a: Blastoise|199/258 tox\n|-hitcount|p2a: Blastoise|6\n|move|p2a: Blastoise|Shell Smash|p2a: Blastoise\n|-unboost|p2a: Blastoise|def|1\n|-unboost|p2a: Blastoise|spd|1\n|-boost|p2a: Blastoise|atk|2\n|-boost|p2a: Blastoise|spa|2\n|-boost|p2a: Blastoise|spe|2\n|-enditem|p2a: Blastoise|White Herb\n|-clearnegativeboost|p2a: Blastoise|[silent]\n|\n|-heal|p1a: Fezandipiti|82/278|[from] item: Leftovers\n|-damage|p2a: Blastoise|183/258 tox|[from] psn\n|upkeep\n|turn|8\n|\n|t:|1781458033\n|move|p2a: Blastoise|Earthquake|p1a: Fezandipiti\n|-supereffective|p1a: Fezandipiti\n|-damage|p1a: Fezandipiti|0 fnt\n|faint|p1a: Fezandipiti\n|\n|-damage|p2a: Blastoise|151/258 tox|[from] psn\n|upkeep\n|\n|t:|1781458040\n|switch|p1a: Umbreon|Umbreon, L84, F|297/297\n|turn|9\n|\n|t:|1781458043\n|move|p2a: Blastoise|Hydro Pump|p1a: Umbreon\n|-crit|p1a: Umbreon\n|-damage|p1a: Umbreon|86/297\n|move|p1a: Umbreon|Foul Play|p2a: Blastoise\n|-damage|p2a: Blastoise|0 fnt\n|faint|p2a: Blastoise\n|\n|-heal|p1a: Umbreon|104/297|[from] item: Leftovers\n|upkeep\n|\n|t:|1781458060\n|switch|p2a: Rillaboom|Rillaboom, L79, F|288/288\n|-fieldstart|move: Grassy Terrain|[from] ability: Grassy Surge|[of] p2a: Rillaboom\n|turn|10\n|\n|t:|1781458065\n|switch|p1a: Scyther|Scyther, L82, M|249/249\n|move|p2a: Rillaboom|Swords Dance|p2a: Rillaboom\n|-boost|p2a: Rillaboom|atk|2\n|\n|upkeep\n|turn|11\n|-message|pelele19 forfeited.\n|\n|win|YUNGCORV\n", "uploadtime": 1781457914, "views": 8, "formatid": "gen9randombattle", "rating": null, "private": 0, "password": null}