{"id": "gen9randombattle-2631929249", "format": "[Gen 9] Random Battle", "players": ["jrcissus", "Betapokemontrainer"], "log": "|j|\u2606jrcissus\n|j|\u2606Betapokemontrainer\n|t:|1781456719\n|gametype|singles\n|player|p1|jrcissus|2|1195\n|player|p2|Betapokemontrainer|hoopster|1228\n|gen|9\n|tier|[Gen 9] Random Battle\n|rated|\n|rule|Species Clause: Limit one of each Pok\u00e9mon\n|rule|HP Percentage Mod: HP is shown in percentages\n|rule|Sleep Clause Mod: Limit one foe put to sleep\n|rule|Illusion Level Mod: Illusion disguises the Pok\u00e9mon's true level\n|\n|t:|1781456719\n|teamsize|p1|6\n|teamsize|p2|6\n|start\n|switch|p1a: Garchomp|Garchomp, L74, M|282/282\n|switch|p2a: Furret|Furret, L94, M|312/312\n|-item|p1a: Garchomp|Rocky Helmet|[from] ability: Frisk|[of] p2a: Furret\n|turn|1\n|\n|t:|1781456727\n|move|p2a: Furret|Trick|p1a: Garchomp\n|-activate|p2a: Furret|move: Trick|[of] p1a: Garchomp\n|-item|p1a: Garchomp|Choice Band|[from] move: Trick\n|-item|p2a: Furret|Rocky Helmet|[from] move: Trick\n|move|p1a: Garchomp|Stealth Rock|p2a: Furret\n|-sidestart|p2: Betapokemontrainer|move: Stealth Rock\n|\n|upkeep\n|turn|2\n|\n|t:|1781456749\n|switch|p1a: Ursaluna|Ursaluna, L79, F|335/335\n|move|p2a: Furret|U-turn|p1a: Ursaluna\n|-damage|p1a: Ursaluna|290/335\n|\n|t:|1781456759\n|switch|p2a: Cryogonal|Cryogonal, L89|287/287|[from] U-turn\n|\n|-status|p1a: Ursaluna|brn|[from] item: Flame Orb\n|upkeep\n|turn|3\n|\n|t:|1781456779\n|move|p2a: Cryogonal|Rapid Spin|p1a: Ursaluna\n|-damage|p1a: Ursaluna|266/335 brn\n|-boost|p2a: Cryogonal|spe|1\n|-sideend|p2: Betapokemontrainer|Stealth Rock|[from] move: Rapid Spin|[of] p2a: Cryogonal\n|move|p1a: Ursaluna|Headlong Rush|p2a: Cryogonal\n|-immune|p2a: Cryogonal|[from] ability: Levitate\n|\n|-damage|p1a: Ursaluna|246/335 brn|[from] brn\n|upkeep\n|turn|4\n|\n|t:|1781456791\n|move|p2a: Cryogonal|Ice Beam|p1a: Ursaluna\n|-supereffective|p1a: Ursaluna\n|-damage|p1a: Ursaluna|12/335 brn\n|move|p1a: Ursaluna|Trailblaze|p2a: Cryogonal\n|-damage|p2a: Cryogonal|204/287\n|-boost|p1a: Ursaluna|spe|1\n|\n|-damage|p1a: Ursaluna|0 fnt|[from] brn\n|faint|p1a: Ursaluna\n|upkeep\n|\n|t:|1781456802\n|switch|p1a: Malamar|Malamar, L82, M|275/275\n|turn|5\n|\n|t:|1781456808\n|move|p2a: Cryogonal|Ice Beam|p1a: Malamar\n|-damage|p1a: Malamar|149/275\n|move|p1a: Malamar|Knock Off|p2a: Cryogonal\n|-damage|p2a: Cryogonal|62/287\n|-enditem|p2a: Cryogonal|Heavy-Duty Boots|[from] move: Knock Off|[of] p1a: Malamar\n|\n|-heal|p1a: Malamar|166/275|[from] item: Leftovers\n|upkeep\n|turn|6\n|\n|t:|1781456820\n|switch|p1a: Weavile|Weavile, L79, F|239/239\n|move|p2a: Cryogonal|Ice Beam|p1a: Weavile\n|-resisted|p1a: Weavile\n|-damage|p1a: Weavile|178/239\n|\n|upkeep\n|turn|7\n|\n|t:|1781456842\n|move|p2a: Cryogonal|Ice Beam|p1a: Weavile\n|-resisted|p1a: Weavile\n|-damage|p1a: Weavile|125/239\n|move|p1a: Weavile|Knock Off|p2a: Cryogonal\n|-crit|p2a: Cryogonal\n|-damage|p2a: Cryogonal|0 fnt\n|faint|p2a: Cryogonal\n|\n|upkeep\n|\n|t:|1781456855\n|switch|p2a: Furret|Furret, L94, M|312/312\n|-item|p1a: Weavile|Choice Band|[from] ability: Frisk|[of] p2a: Furret\n|turn|8\n|\n|t:|1781456865\n|move|p1a: Weavile|Knock Off|p2a: Furret\n|-damage|p2a: Furret|144/312\n|-damage|p1a: Weavile|86/239|[from] item: Rocky Helmet|[of] p2a: Furret\n|-enditem|p2a: Furret|Rocky Helmet|[from] move: Knock Off|[of] p1a: Weavile\n|move|p2a: Furret|Double-Edge|p1a: Weavile\n|-damage|p1a: Weavile|0 fnt\n|faint|p1a: Weavile\n|-damage|p2a: Furret|116/312|[from] Recoil\n|\n|upkeep\n|\n|t:|1781456873\n|switch|p1a: Staraptor|Staraptor, L79, M|263/263\n|turn|9\n|\n|t:|1781456880\n|move|p2a: Furret|Double-Edge|p1a: Staraptor\n|-damage|p1a: Staraptor|101/263\n|-damage|p2a: Furret|63/312|[from] Recoil\n|move|p1a: Staraptor|Close Combat|p2a: Furret\n|-supereffective|p2a: Furret\n|-damage|p2a: Furret|0 fnt\n|-unboost|p1a: Staraptor|def|1\n|-unboost|p1a: Staraptor|spd|1\n|faint|p2a: Furret\n|\n|upkeep\n|\n|t:|1781456886\n|switch|p2a: Ambipom|Ambipom, L84, F|263/263\n|turn|10\n|\n|t:|1781456889\n|move|p2a: Ambipom|Knock Off|p1a: Staraptor\n|-damage|p1a: Staraptor|0 fnt\n|-enditem|p1a: Staraptor|Choice Band|[from] move: Knock Off|[of] p2a: Ambipom\n|faint|p1a: Staraptor\n|\n|upkeep\n|\n|t:|1781456894\n|switch|p1a: Garchomp|Garchomp, L74, M|282/282\n|turn|11\n|\n|t:|1781456902\n|switch|p2a: Golduck|Golduck, L90, F|290/290\n|-ability|p2a: Golduck|Cloud Nine\n|move|p1a: Garchomp|Dragon Tail|p2a: Golduck\n|-damage|p2a: Golduck|196/290\n|drag|p2a: Iron Moth|Iron Moth, L78|253/253\n|\n|upkeep\n|turn|12\n|\n|t:|1781456915\n|switch|p1a: Malamar|Malamar, L82, M|166/275\n|move|p2a: Iron Moth|Toxic Spikes|p1a: Malamar\n|-sidestart|p1: jrcissus|move: Toxic Spikes\n|\n|-heal|p1a: Malamar|183/275|[from] item: Leftovers\n|upkeep\n|turn|13\n|\n|t:|1781456924\n|move|p2a: Iron Moth|U-turn|p1a: Malamar\n|-supereffective|p1a: Malamar\n|-damage|p1a: Malamar|35/275\n|\n|t:|1781456929\n|-end|p2a: Iron Moth|Quark Drive|[silent]\n|switch|p2a: Golduck|Golduck, L90, F|196/290|[from] U-turn\n|-ability|p2a: Golduck|Cloud Nine\n|move|p1a: Malamar|Knock Off|p2a: Golduck\n|-damage|p2a: Golduck|100/290\n|-enditem|p2a: Golduck|Choice Specs|[from] move: Knock Off|[of] p1a: Malamar\n|\n|-heal|p1a: Malamar|52/275|[from] item: Leftovers\n|upkeep\n|turn|14\n|\n|t:|1781456940\n|move|p2a: Golduck|Flip Turn|p1a: Malamar\n|-damage|p1a: Malamar|0 fnt\n|faint|p1a: Malamar\n|\n|t:|1781456945\n|switch|p2a: Ambipom|Ambipom, L84, F|263/263|[from] Flip Turn\n|\n|upkeep\n|\n|t:|1781456950\n|switch|p1a: Garchomp|Garchomp, L74, M|282/282\n|-status|p1a: Garchomp|psn\n|turn|15\n|\n|t:|1781456961\n|move|p2a: Ambipom|Triple Axel|p1a: Garchomp\n|-supereffective|p1a: Garchomp\n|-damage|p1a: Garchomp|150/282 psn\n|-damage|p2a: Ambipom|231/263|[from] ability: Rough Skin|[of] p1a: Garchomp\n|-supereffective|p1a: Garchomp\n|-damage|p1a: Garchomp|0 fnt\n|-damage|p2a: Ambipom|199/263|[from] ability: Rough Skin|[of] p1a: Garchomp\n|faint|p1a: Garchomp\n|-hitcount|p1: Garchomp|2\n|\n|upkeep\n|\n|t:|1781456969\n|switch|p1a: Kleavor|Kleavor, L78, M|237/237\n|turn|16\n|\n|t:|1781456980\n|move|p2a: Ambipom|Triple Axel|p1a: Kleavor\n|-damage|p1a: Kleavor|202/237\n|-damage|p1a: Kleavor|134/237\n|-damage|p1a: Kleavor|27/237\n|-hitcount|p1a: Kleavor|3\n|move|p1a: Kleavor|Stone Axe|p2a: Ambipom\n|-damage|p2a: Ambipom|49/263\n|-sidestart|p2: Betapokemontrainer|move: Stealth Rock\n|\n|upkeep\n|turn|17\n|\n|t:|1781456994\n|move|p2a: Ambipom|Triple Axel|p1a: Kleavor\n|-damage|p1a: Kleavor|0 fnt\n|faint|p1a: Kleavor\n|-hitcount|p1: Kleavor|1\n|\n|win|Betapokemontrainer\n|raw|jrcissus's rating: 1195 &rarr; <strong>1172</strong><br />(-23 for losing)\n|raw|Betapokemontrainer's rating: 1228 &rarr; <strong>1251</strong><br />(+23 for winning)\n|l|\u2606Betapokemontrainer\n|player|p2|\n", "uploadtime": 1781456996, "views": 3, "formatid": "gen9randombattle", "rating": 1172, "private": 0, "password": null}