{"id": "gen9randombattle-2631488448", "format": "[Gen 9] Random Battle", "players": ["Kabzoul", "darm12345"], "log": "|j|\u2606Kabzoul\n|j|\u2606darm12345\n|t:|1781391411\n|gametype|singles\n|player|p1|Kabzoul|lady|1081\n|player|p2|darm12345|265|1045\n|gen|9\n|tier|[Gen 9] Random Battle\n|rated|\n|rule|Species Clause: Limit one of each Pok\u00e9mon\n|rule|HP Percentage Mod: HP is shown in percentages\n|rule|Sleep Clause Mod: Limit one foe put to sleep\n|rule|Illusion Level Mod: Illusion disguises the Pok\u00e9mon's true level\n|\n|t:|1781391411\n|teamsize|p1|6\n|teamsize|p2|6\n|start\n|switch|p1a: Oranguru|Oranguru, L92, M|315/315\n|switch|p2a: Iron Crown|Iron Crown, L78|268/268\n|turn|1\n|\n|t:|1781391440\n|move|p2a: Iron Crown|Volt Switch|p1a: Oranguru\n|-damage|p1a: Oranguru|250/315\n|\n|t:|1781391448\n|-end|p2a: Iron Crown|Quark Drive|[silent]\n|switch|p2a: Incineroar|Incineroar, L82, F|290/290|[from] Volt Switch\n|-ability|p2a: Incineroar|Intimidate|boost\n|-fail|p1a: Oranguru|unboost|Attack|[from] ability: Inner Focus|[of] p1a: Oranguru\n|move|p1a: Oranguru|Thunderbolt|p2a: Incineroar\n|-damage|p2a: Incineroar|194/290\n|-damage|p1a: Oranguru|219/315|[from] item: Life Orb\n|\n|upkeep\n|turn|2\n|\n|t:|1781391463\n|move|p1a: Oranguru|Thunderbolt|p2a: Incineroar\n|-damage|p2a: Incineroar|99/290\n|-status|p2a: Incineroar|par\n|-damage|p1a: Oranguru|188/315|[from] item: Life Orb\n|move|p2a: Incineroar|Swords Dance|p2a: Incineroar\n|-boost|p2a: Incineroar|atk|2\n|\n|upkeep\n|turn|3\n|\n|t:|1781391472\n|move|p1a: Oranguru|Thunderbolt|p2a: Incineroar\n|-damage|p2a: Incineroar|7/290 par\n|-damage|p1a: Oranguru|157/315|[from] item: Life Orb\n|move|p2a: Incineroar|Knock Off|p1a: Oranguru\n|-supereffective|p1a: Oranguru\n|-damage|p1a: Oranguru|0 fnt\n|-enditem|p1a: Oranguru|Life Orb|[from] move: Knock Off|[of] p2a: Incineroar\n|faint|p1a: Oranguru\n|\n|upkeep\n|\n|t:|1781391488\n|switch|p1a: Arceus|Arceus-Electric, L70|284/284\n|turn|4\n|\n|t:|1781391495\n|move|p1a: Arceus|Judgment|p2a: Incineroar\n|-damage|p2a: Incineroar|0 fnt\n|faint|p2a: Incineroar\n|\n|upkeep\n|\n|t:|1781391507\n|switch|p2a: Sandaconda|Sandaconda, L84, M|258/258\n|turn|5\n|\n|t:|1781391527\n|move|p1a: Arceus|Ice Beam|p2a: Sandaconda\n|-supereffective|p2a: Sandaconda\n|-damage|p2a: Sandaconda|136/258\n|move|p2a: Sandaconda|Coil|p2a: Sandaconda\n|-boost|p2a: Sandaconda|atk|1\n|-boost|p2a: Sandaconda|def|1\n|-boost|p2a: Sandaconda|accuracy|1\n|\n|upkeep\n|turn|6\n|\n|t:|1781391538\n|move|p1a: Arceus|Ice Beam|p2a: Sandaconda\n|-supereffective|p2a: Sandaconda\n|-damage|p2a: Sandaconda|16/258\n|move|p2a: Sandaconda|Earthquake|p1a: Arceus\n|-supereffective|p1a: Arceus\n|-damage|p1a: Arceus|0 fnt\n|faint|p1a: Arceus\n|\n|upkeep\n|\n|t:|1781391549\n|switch|p1a: Mightyena|Mightyena, L96, F|290/290\n|-ability|p1a: Mightyena|Intimidate|boost\n|-unboost|p2a: Sandaconda|atk|1\n|turn|7\n|\n|t:|1781391570\n|move|p1a: Mightyena|Play Rough|p2a: Sandaconda\n|-damage|p2a: Sandaconda|0 fnt\n|faint|p2a: Sandaconda\n|\n|upkeep\n|\n|t:|1781391585\n|switch|p2a: Iron Crown|Iron Crown, L78|268/268\n|turn|8\n|\n|t:|1781391603\n|switch|p1a: Grumpig|Grumpig, L92, M|297/297\n|move|p2a: Iron Crown|Focus Blast|p1a: Grumpig\n|-resisted|p1a: Grumpig\n|-damage|p1a: Grumpig|248/297\n|\n|-heal|p1a: Grumpig|266/297|[from] item: Leftovers\n|upkeep\n|turn|9\n|\n|t:|1781391629\n|-end|p2a: Iron Crown|Quark Drive|[silent]\n|switch|p2a: Yanmega|Yanmega, L82, M|275/275\n|move|p1a: Grumpig|Earth Power|p2a: Yanmega\n|-immune|p2a: Yanmega\n|\n|-heal|p1a: Grumpig|284/297|[from] item: Leftovers\n|upkeep\n|turn|10\n|\n|t:|1781391663\n|-terastallize|p1a: Grumpig|Ground\n|move|p2a: Yanmega|Bug Buzz|p1a: Grumpig\n|-damage|p1a: Grumpig|173/297\n|move|p1a: Grumpig|Dazzling Gleam|p2a: Yanmega\n|-damage|p2a: Yanmega|184/275\n|\n|-heal|p1a: Grumpig|191/297|[from] item: Leftovers\n|upkeep\n|turn|11\n|\n|t:|1781391682\n|move|p2a: Yanmega|Bug Buzz|p1a: Grumpig\n|-damage|p1a: Grumpig|79/297\n|move|p1a: Grumpig|Dazzling Gleam|p2a: Yanmega\n|-damage|p2a: Yanmega|91/275\n|\n|-heal|p1a: Grumpig|97/297|[from] item: Leftovers\n|upkeep\n|turn|12\n|\n|t:|1781391696\n|switch|p1a: Cramorant|Cramorant, L86, F|261/261\n|move|p2a: Yanmega|Bug Buzz|p1a: Cramorant\n|-resisted|p1a: Cramorant\n|-damage|p1a: Cramorant|115/261\n|\n|upkeep\n|turn|13\n|\n|t:|1781391723\n|switch|p1a: Glaceon|Glaceon, L94, F|275/275\n|move|p2a: Yanmega|Bug Buzz|p1a: Glaceon\n|-damage|p1a: Glaceon|152/275\n|\n|upkeep\n|turn|14\n|\n|t:|1781391737\n|move|p2a: Yanmega|Bug Buzz|p1a: Glaceon\n|-damage|p1a: Glaceon|28/275\n|move|p1a: Glaceon|Wish|p1a: Glaceon\n|\n|upkeep\n|turn|15\n|\n|t:|1781391741\n|move|p1a: Glaceon|Protect|p1a: Glaceon\n|-singleturn|p1a: Glaceon|Protect\n|move|p2a: Yanmega|Bug Buzz|p1a: Glaceon\n|-activate|p1a: Glaceon|move: Protect\n|\n|-heal|p1a: Glaceon|165/275|[from] move: Wish|[wisher] Glaceon\n|upkeep\n|turn|16\n|\n|t:|1781391749\n|move|p2a: Yanmega|Bug Buzz|p1a: Glaceon\n|-damage|p1a: Glaceon|41/275\n|move|p1a: Glaceon|Wish|p1a: Glaceon\n|\n|upkeep\n|turn|17\n|\n|t:|1781391761\n|move|p1a: Glaceon|Protect|p1a: Glaceon\n|-singleturn|p1a: Glaceon|Protect\n|move|p2a: Yanmega|Bug Buzz|p1a: Glaceon\n|-activate|p1a: Glaceon|move: Protect\n|\n|-heal|p1a: Glaceon|178/275|[from] move: Wish|[wisher] Glaceon\n|upkeep\n|turn|18\n|\n|t:|1781391770\n|move|p2a: Yanmega|Bug Buzz|p1a: Glaceon\n|-crit|p1a: Glaceon\n|-damage|p1a: Glaceon|0 fnt\n|faint|p1a: Glaceon\n|\n|upkeep\n|\n|t:|1781391781\n|switch|p1a: Mightyena|Mightyena, L96, F|290/290\n|-ability|p1a: Mightyena|Intimidate|boost\n|-unboost|p2a: Yanmega|atk|1\n|turn|19\n|\n|t:|1781391786\n|move|p1a: Mightyena|Sucker Punch|p2a: Yanmega\n|-damage|p2a: Yanmega|0 fnt\n|faint|p2a: Yanmega\n|\n|upkeep\n|\n|t:|1781391794\n|switch|p2a: Iron Crown|Iron Crown, L78|268/268\n|turn|20\n|\n|t:|1781391799\n|move|p1a: Mightyena|Sucker Punch|p2a: Iron Crown\n|-supereffective|p2a: Iron Crown\n|-damage|p2a: Iron Crown|0 fnt\n|faint|p2a: Iron Crown\n|-end|p2a: Iron Crown|Quark Drive|[silent]\n|\n|upkeep\n|\n|t:|1781391808\n|switch|p2a: Stonjourner|Stonjourner, L91, F|330/330\n|turn|21\n|\n|t:|1781391834\n|-terastallize|p2a: Stonjourner|Ground\n|move|p1a: Mightyena|Sucker Punch|p2a: Stonjourner\n|-damage|p2a: Stonjourner|234/330\n|move|p2a: Stonjourner|Earthquake|p1a: Mightyena\n|-damage|p1a: Mightyena|98/290\n|-damage|p2a: Stonjourner|201/330|[from] item: Life Orb\n|\n|upkeep\n|turn|22\n|\n|t:|1781391842\n|switch|p1a: Cramorant|Cramorant, L86, F|115/261\n|move|p2a: Stonjourner|Earthquake|p1a: Cramorant\n|-immune|p1a: Cramorant\n|\n|upkeep\n|turn|23\n|\n|t:|1781391850\n|move|p1a: Cramorant|Surf|p2a: Stonjourner\n|-formechange|p1a: Cramorant|Cramorant-Gorging|\n|-supereffective|p2a: Stonjourner\n|-damage|p2a: Stonjourner|0 fnt\n|faint|p2a: Stonjourner\n|\n|upkeep\n|\n|t:|1781391855\n|switch|p2a: Samurott|Samurott, L88, F|310/310\n|turn|24\n|\n|t:|1781391866\n|move|p1a: Cramorant|Roost|p1a: Cramorant\n|-heal|p1a: Cramorant|246/261\n|-singleturn|p1a: Cramorant|move: Roost\n|move|p2a: Samurott|Grass Knot|p1a: Cramorant\n|-supereffective|p1a: Cramorant\n|-damage|p1a: Cramorant|180/261\n|-damage|p2a: Samurott|233/310|[from] ability: Gulp Missile|[of] p1a: Cramorant\n|-status|p2a: Samurott|par\n|-formechange|p1a: Cramorant|Cramorant|\n|\n|upkeep\n|turn|25\n|\n|t:|1781391876\n|move|p1a: Cramorant|Brave Bird|p2a: Samurott\n|-damage|p2a: Samurott|112/310 par\n|-damage|p1a: Cramorant|140/261|[from] Recoil\n|move|p2a: Samurott|Grass Knot|p1a: Cramorant\n|-damage|p1a: Cramorant|106/261\n|\n|upkeep\n|turn|26\n|\n|t:|1781391885\n|move|p1a: Cramorant|Brave Bird|p2a: Samurott\n|-damage|p2a: Samurott|3/310 par\n|-damage|p1a: Cramorant|70/261|[from] Recoil\n|move|p2a: Samurott|Grass Knot|p1a: Cramorant\n|-damage|p1a: Cramorant|41/261\n|\n|upkeep\n|turn|27\n|\n|t:|1781391894\n|move|p1a: Cramorant|Surf|p2a: Samurott\n|-formechange|p1a: Cramorant|Cramorant-Gorging|\n|-resisted|p2a: Samurott\n|-damage|p2a: Samurott|0 fnt\n|faint|p2a: Samurott\n|\n|win|Kabzoul\n|raw|Kabzoul's rating: 1081 &rarr; <strong>1106</strong><br />(+25 for winning)\n|raw|darm12345's rating: 1045 &rarr; <strong>1030</strong><br />(-15 for losing)\n|l|\u2606darm12345\n|player|p2|\n", "uploadtime": 1781391904, "views": 3, "formatid": "gen9randombattle", "rating": 1030, "private": 0, "password": null}