{"id": "gen9randombattle-2631555602", "format": "[Gen 9] Random Battle", "players": ["Magikarpitalism", "SadisticSadiq"], "log": "|j|\u2606Magikarpitalism\n|j|\u2606SadisticSadiq\n|t:|1781400742\n|gametype|singles\n|player|p1|Magikarpitalism|steven|2193\n|player|p2|SadisticSadiq|n|2258\n|gen|9\n|tier|[Gen 9] Random Battle\n|rated|\n|rule|Species Clause: Limit one of each Pok\u00e9mon\n|rule|HP Percentage Mod: HP is shown in percentages\n|rule|Sleep Clause Mod: Limit one foe put to sleep\n|rule|Illusion Level Mod: Illusion disguises the Pok\u00e9mon's true level\n|\n|t:|1781400742\n|teamsize|p1|6\n|teamsize|p2|6\n|start\n|switch|p1a: Phione|Phione, L91|293/293\n|switch|p2a: Miraidon|Miraidon, L65|238/238\n|-fieldstart|move: Electric Terrain|[from] ability: Hadron Engine|[of] p2a: Miraidon\n|turn|1\n|inactive|Battle timer is ON: inactive players will automatically lose when time's up. (requested by SadisticSadiq)\n|\n|t:|1781400752\n|switch|p1a: Whimsicott|Whimsicott, L84, M|238/238\n|move|p2a: Miraidon|Volt Switch|p1a: Whimsicott\n|-resisted|p1a: Whimsicott\n|-damage|p1a: Whimsicott|149/238\n|\n|t:|1781400757\n|switch|p2a: Jumpluff|Jumpluff, L87, M|271/271|[from] Volt Switch\n|\n|-heal|p1a: Whimsicott|163/238|[from] item: Leftovers\n|upkeep\n|turn|2\n|inactive|Magikarpitalism has 120 seconds left.\n|\n|t:|1781400800\n|switch|p1a: Vespiquen|Vespiquen, L99, F|299/299\n|-ability|p1a: Vespiquen|Pressure\n|move|p2a: Jumpluff|Acrobatics|p1a: Vespiquen\n|-supereffective|p1a: Vespiquen\n|-damage|p1a: Vespiquen|173/299\n|\n|upkeep\n|turn|3\n|\n|t:|1781400820\n|move|p2a: Jumpluff|Substitute|p2a: Jumpluff\n|-start|p2a: Jumpluff|Substitute\n|-damage|p2a: Jumpluff|204/271\n|move|p1a: Vespiquen|Air Slash|p2a: Jumpluff\n|-supereffective|p2a: Jumpluff\n|-end|p2a: Jumpluff|Substitute\n|\n|upkeep\n|turn|4\n|inactive|Magikarpitalism has 120 seconds left.\n|\n|t:|1781400835\n|switch|p2a: Miraidon|Miraidon, L65|238/238\n|-activate|p2a: Miraidon|ability: Hadron Engine\n|move|p1a: Vespiquen|Air Slash|p2a: Miraidon\n|-resisted|p2a: Miraidon\n|-damage|p2a: Miraidon|193/238\n|\n|upkeep\n|turn|5\n|\n|t:|1781400845\n|move|p2a: Miraidon|Volt Switch|p1a: Vespiquen\n|-supereffective|p1a: Vespiquen\n|-damage|p1a: Vespiquen|0 fnt\n|faint|p1a: Vespiquen\n|\n|t:|1781400850\n|switch|p2a: Slaking|Slaking, L84, M|389/389|[from] Volt Switch\n|\n|-fieldend|move: Electric Terrain\n|upkeep\n|inactive|Magikarpitalism has 120 seconds left.\n|\n|t:|1781400879\n|switch|p1a: Breloom|Breloom, L83, M|235/235\n|turn|6\n|\n|t:|1781400890\n|move|p2a: Slaking|Giga Impact|p1a: Breloom\n|-damage|p1a: Breloom|0 fnt\n|-mustrecharge|p2a: Slaking\n|faint|p1a: Breloom\n|\n|upkeep\n|inactive|Magikarpitalism has 120 seconds left.\n|\n|t:|1781400907\n|switch|p1a: Salazzle|Salazzle, L83, F|249/249\n|turn|7\n|\n|t:|1781400910\n|move|p1a: Salazzle|Nasty Plot|p1a: Salazzle\n|-boost|p1a: Salazzle|spa|2\n|cant|p2a: Slaking|recharge\n|\n|upkeep\n|turn|8\n|\n|t:|1781400918\n|move|p1a: Salazzle|Fire Blast|p2a: Slaking|[miss]\n|-miss|p1a: Salazzle|p2a: Slaking\n|move|p2a: Slaking|Giga Impact|p1a: Salazzle\n|-damage|p1a: Salazzle|0 fnt\n|-mustrecharge|p2a: Slaking\n|faint|p1a: Salazzle\n|\n|upkeep\n|c|\u2606SadisticSadiq|loo\n|c|\u2606SadisticSadiq|Lol\n|inactive|Magikarpitalism has 120 seconds left.\n|inactive|Magikarpitalism has 90 seconds left.\n|inactive|Magikarpitalism has 60 seconds left.\n|inactive|Magikarpitalism has 30 seconds left.\n|inactive|Magikarpitalism has 20 seconds left.\n|inactive|Magikarpitalism has 15 seconds left.\n|inactive|Magikarpitalism has 10 seconds left.\n|inactive|Magikarpitalism has 5 seconds left.\n|-message|Magikarpitalism lost due to inactivity.\n|\n|win|SadisticSadiq\n", "uploadtime": 1781400743, "views": 3, "formatid": "gen9randombattle", "rating": null, "private": 0, "password": null}