{"id": "gen9randombattle-2631538516", "format": "[Gen 9] Random Battle", "players": ["dhdhdyududhfr", "Agni Kai King"], "log": "|j|\u2606dhdhdyududhfr\n|j|\u2606Agni Kai King\n|t:|1781398382\n|gametype|singles\n|player|p1|dhdhdyududhfr|2|1079\n|player|p2|Agni Kai King|adaman|1041\n|gen|9\n|tier|[Gen 9] Random Battle\n|rated|\n|rule|Species Clause: Limit one of each Pok\u00e9mon\n|rule|HP Percentage Mod: HP is shown in percentages\n|rule|Sleep Clause Mod: Limit one foe put to sleep\n|rule|Illusion Level Mod: Illusion disguises the Pok\u00e9mon's true level\n|\n|t:|1781398382\n|teamsize|p1|6\n|teamsize|p2|6\n|start\n|switch|p1a: Rotom|Rotom-Frost, L87|229/229\n|switch|p2a: Iron Boulder|Iron Boulder, L77|265/265\n|turn|1\n|inactive|Battle timer is ON: inactive players will automatically lose when time's up. (requested by Agni Kai King)\n|\n|t:|1781398389\n|move|p2a: Iron Boulder|Swords Dance|p2a: Iron Boulder\n|-boost|p2a: Iron Boulder|atk|2\n|move|p1a: Rotom|Will-O-Wisp|p2a: Iron Boulder\n|-status|p2a: Iron Boulder|brn\n|\n|-damage|p2a: Iron Boulder|249/265 brn|[from] brn\n|upkeep\n|turn|2\n|inactive|dhdhdyududhfr has 120 seconds left.\n|\n|t:|1781398425\n|move|p2a: Iron Boulder|Mighty Cleave|p1a: Rotom\n|-supereffective|p1a: Rotom\n|-damage|p1a: Rotom|25/229\n|-damage|p2a: Iron Boulder|223/265 brn|[from] item: Life Orb\n|move|p1a: Rotom|Thunderbolt|p2a: Iron Boulder\n|-damage|p2a: Iron Boulder|115/265 brn\n|\n|-damage|p2a: Iron Boulder|99/265 brn|[from] brn\n|upkeep\n|turn|3\n|inactive|dhdhdyududhfr has 120 seconds left.\n|\n|t:|1781398450\n|switch|p1a: Hippowdon|Hippowdon, L82, F|311/311\n|-weather|Sandstorm|[from] ability: Sand Stream|[of] p1a: Hippowdon\n|move|p2a: Iron Boulder|Mighty Cleave|p1a: Hippowdon\n|-resisted|p1a: Hippowdon\n|-damage|p1a: Hippowdon|262/311\n|-damage|p2a: Iron Boulder|73/265 brn|[from] item: Life Orb\n|\n|-weather|Sandstorm|[upkeep]\n|-heal|p1a: Hippowdon|281/311|[from] item: Leftovers\n|-damage|p2a: Iron Boulder|57/265 brn|[from] brn\n|upkeep\n|turn|4\n|\n|t:|1781398457\n|move|p2a: Iron Boulder|Close Combat|p1a: Hippowdon\n|-damage|p1a: Hippowdon|191/311\n|-unboost|p2a: Iron Boulder|def|1\n|-unboost|p2a: Iron Boulder|spd|1\n|-damage|p2a: Iron Boulder|31/265 brn|[from] item: Life Orb\n|move|p1a: Hippowdon|Stealth Rock|p2a: Iron Boulder\n|-sidestart|p2: Agni Kai King|move: Stealth Rock\n|\n|-weather|Sandstorm|[upkeep]\n|-heal|p1a: Hippowdon|210/311|[from] item: Leftovers\n|-damage|p2a: Iron Boulder|15/265 brn|[from] brn\n|upkeep\n|turn|5\n|\n|t:|1781398468\n|move|p2a: Iron Boulder|Zen Headbutt|p1a: Hippowdon\n|-damage|p1a: Hippowdon|116/311\n|-damage|p2a: Iron Boulder|0 fnt|[from] item: Life Orb\n|faint|p2a: Iron Boulder\n|-end|p2a: Iron Boulder|Quark Drive|[silent]\n|move|p1a: Hippowdon|Slack Off|p1a: Hippowdon\n|-heal|p1a: Hippowdon|272/311\n|\n|-weather|Sandstorm|[upkeep]\n|-heal|p1a: Hippowdon|291/311|[from] item: Leftovers\n|upkeep\n|-message|Agni Kai King forfeited.\n|\n|win|dhdhdyududhfr\n|raw|dhdhdyududhfr's rating: 1079 &rarr; <strong>1104</strong><br />(+25 for winning)\n|raw|Agni Kai King's rating: 1041 &rarr; <strong>1027</strong><br />(-14 for losing)\n|l|\u2606Agni Kai King\n|player|p2|\n", "uploadtime": 1781398481, "views": 3, "formatid": "gen9randombattle", "rating": 1027, "private": 0, "password": null}