{"id": "gen9randombattle-2631864814", "format": "[Gen 9] Random Battle", "players": ["goooze", "chichi732"], "log": "|j|\u2606goooze\n|j|\u2606chichi732\n|t:|1781449669\n|gametype|singles\n|player|p1|goooze|sage|2232\n|player|p2|chichi732|169|2128\n|gen|9\n|tier|[Gen 9] Random Battle\n|rated|\n|rule|Species Clause: Limit one of each Pok\u00e9mon\n|rule|HP Percentage Mod: HP is shown in percentages\n|rule|Sleep Clause Mod: Limit one foe put to sleep\n|rule|Illusion Level Mod: Illusion disguises the Pok\u00e9mon's true level\n|\n|t:|1781449669\n|teamsize|p1|6\n|teamsize|p2|6\n|start\n|switch|p1a: Chesnaught|Chesnaught, L84, M|285/285\n|switch|p2a: Chesnaught|Chesnaught, L84, F|285/285\n|turn|1\n|c|\u2606chichi732|twins\n|inactive|Battle timer is ON: inactive players will automatically lose when time's up. (requested by chichi732)\n|\n|t:|1781449702\n|switch|p1a: Fezandipiti|Fezandipiti, L82, M|278/278\n|move|p2a: Chesnaught|Iron Defense|p2a: Chesnaught\n|-boost|p2a: Chesnaught|def|2\n|\n|upkeep\n|turn|2\n|\n|t:|1781449711\n|switch|p2a: Toxtricity|Toxtricity, L82, M|257/257\n|move|p1a: Fezandipiti|Moonblast|p2a: Toxtricity\n|-resisted|p2a: Toxtricity\n|-damage|p2a: Toxtricity|208/257\n|\n|upkeep\n|turn|3\n|inactive|goooze has 120 seconds left.\n|inactive|goooze has 90 seconds left.\n|\n|t:|1781449783\n|switch|p1a: Kingdra|Kingdra, L84, F|263/263\n|move|p2a: Toxtricity|Volt Switch|p1a: Kingdra\n|-damage|p1a: Kingdra|194/263\n|\n|t:|1781449794\n|switch|p2a: Crabominable|Crabominable, L90, F|321/321|[from] Volt Switch\n|\n|upkeep\n|turn|4\n|inactive|goooze has 90 seconds left.\n|\n|t:|1781449817\n|move|p1a: Kingdra|Hurricane|p2a: Crabominable|[miss]\n|-miss|p1a: Kingdra|p2a: Crabominable\n|move|p2a: Crabominable|Ice Hammer|p1a: Kingdra|[miss]\n|-miss|p2a: Crabominable|p1a: Kingdra\n|\n|upkeep\n|turn|5\n|\n|t:|1781449839\n|switch|p2a: Toxtricity|Toxtricity, L82, M|208/257\n|move|p1a: Kingdra|Hurricane|p2a: Toxtricity|[miss]\n|-miss|p1a: Kingdra|p2a: Toxtricity\n|\n|upkeep\n|turn|6\n|\n|t:|1781449844\n|move|p2a: Toxtricity|Overdrive|p1a: Kingdra\n|-damage|p1a: Kingdra|92/263\n|move|p1a: Kingdra|Draco Meteor|p2a: Toxtricity\n|-damage|p2a: Toxtricity|9/257\n|-unboost|p1a: Kingdra|spa|2\n|-damage|p1a: Kingdra|66/263|[from] item: Life Orb\n|\n|upkeep\n|turn|7\n|\n|t:|1781449855\n|switch|p1a: Chesnaught|Chesnaught, L84, M|285/285\n|move|p2a: Toxtricity|Overdrive|p1a: Chesnaught\n|-resisted|p1a: Chesnaught\n|-damage|p1a: Chesnaught|217/285\n|\n|-heal|p1a: Chesnaught|234/285|[from] item: Leftovers\n|upkeep\n|turn|8\n|\n|t:|1781449868\n|switch|p2a: Dusknoir|Dusknoir, L89, F|225/225\n|-item|p1a: Chesnaught|Leftovers|[from] ability: Frisk|[of] p2a: Dusknoir\n|move|p1a: Chesnaught|Body Press|p2a: Dusknoir\n|-immune|p2a: Dusknoir\n|\n|-heal|p1a: Chesnaught|251/285|[from] item: Leftovers\n|upkeep\n|turn|9\n|\n|t:|1781449884\n|move|p1a: Chesnaught|Spikes|p2a: Dusknoir\n|-sidestart|p2: chichi732|Spikes\n|move|p2a: Dusknoir|Poltergeist|p1a: Chesnaught\n|-activate|p1a: Chesnaught|move: Poltergeist|Leftovers\n|-damage|p1a: Chesnaught|118/285\n|-damage|p2a: Dusknoir|203/225|[from] item: Life Orb\n|\n|-heal|p1a: Chesnaught|135/285|[from] item: Leftovers\n|upkeep\n|turn|10\n|inactive|goooze has 60 seconds left.\n|\n|t:|1781449907\n|switch|p1a: Kingdra|Kingdra, L84, F|66/263\n|move|p2a: Dusknoir|Poltergeist|p1a: Kingdra\n|-activate|p1a: Kingdra|move: Poltergeist|Life Orb\n|-damage|p1a: Kingdra|0 fnt\n|faint|p1a: Kingdra\n|-damage|p2a: Dusknoir|181/225|[from] item: Life Orb\n|\n|upkeep\n|\n|t:|1781449912\n|switch|p1a: Fezandipiti|Fezandipiti, L82, M|278/278\n|turn|11\n|\n|t:|1781449922\n|move|p1a: Fezandipiti|Beat Up|p2a: Dusknoir\n|-supereffective|p2a: Dusknoir\n|-damage|p2a: Dusknoir|167/225\n|-supereffective|p2a: Dusknoir\n|-damage|p2a: Dusknoir|153/225\n|-status|p2a: Dusknoir|tox|[from] ability: Toxic Chain|[of] p1a: Fezandipiti\n|-supereffective|p2a: Dusknoir\n|-damage|p2a: Dusknoir|143/225 tox\n|-supereffective|p2a: Dusknoir\n|-damage|p2a: Dusknoir|129/225 tox\n|-supereffective|p2a: Dusknoir\n|-damage|p2a: Dusknoir|117/225 tox\n|-hitcount|p2a: Dusknoir|5\n|move|p2a: Dusknoir|Earthquake|p1a: Fezandipiti\n|-supereffective|p1a: Fezandipiti\n|-damage|p1a: Fezandipiti|62/278\n|-damage|p2a: Dusknoir|95/225 tox|[from] item: Life Orb\n|\n|-heal|p1a: Fezandipiti|79/278|[from] item: Leftovers\n|-damage|p2a: Dusknoir|81/225 tox|[from] psn\n|upkeep\n|turn|12\n|inactive|goooze has 60 seconds left.\n|\n|t:|1781449950\n|switch|p1a: Chesnaught|Chesnaught, L84, M|135/285\n|move|p2a: Dusknoir|Poltergeist|p1a: Chesnaught\n|-activate|p1a: Chesnaught|move: Poltergeist|Leftovers\n|-damage|p1a: Chesnaught|6/285\n|-damage|p2a: Dusknoir|59/225 tox|[from] item: Life Orb\n|\n|-heal|p1a: Chesnaught|23/285|[from] item: Leftovers\n|-damage|p2a: Dusknoir|31/225 tox|[from] psn\n|upkeep\n|turn|13\n|inactive|goooze has 60 seconds left.\n|\n|t:|1781449967\n|move|p2a: Dusknoir|Shadow Sneak|p1a: Chesnaught\n|-damage|p1a: Chesnaught|0 fnt\n|faint|p1a: Chesnaught\n|-damage|p2a: Dusknoir|9/225 tox|[from] item: Life Orb\n|\n|-damage|p2a: Dusknoir|0 fnt|[from] psn\n|faint|p2a: Dusknoir\n|upkeep\n|inactive|goooze has 60 seconds left.\n|\n|t:|1781449995\n|switch|p1a: Fezandipiti|Fezandipiti, L82, M|79/278\n|switch|p2a: Cetitan|Cetitan, L82, M|413/413\n|-damage|p2a: Cetitan|362/413|[from] Spikes\n|turn|14\n|\n|t:|1781450010\n|move|p1a: Fezandipiti|Roost|p1a: Fezandipiti\n|-heal|p1a: Fezandipiti|218/278\n|-singleturn|p1a: Fezandipiti|move: Roost\n|move|p2a: Cetitan|Icicle Crash|p1a: Fezandipiti\n|-damage|p1a: Fezandipiti|53/278\n|\n|-heal|p1a: Fezandipiti|70/278|[from] item: Leftovers\n|upkeep\n|turn|15\n|\n|t:|1781450024\n|switch|p1a: Diancie|Diancie, L82|216/216\n|move|p2a: Cetitan|Icicle Crash|p1a: Diancie\n|-damage|p1a: Diancie|106/216\n|\n|-heal|p1a: Diancie|119/216|[from] item: Leftovers\n|upkeep\n|turn|16\n|\n|t:|1781450044\n|move|p2a: Cetitan|Liquidation|p1a: Diancie\n|-supereffective|p1a: Diancie\n|-damage|p1a: Diancie|0 fnt\n|faint|p1a: Diancie\n|\n|upkeep\n|\n|t:|1781450051\n|switch|p1a: Palafin|Palafin, L77, F|281/281\n|turn|17\n|inactive|chichi732 has 120 seconds left.\n|\n|t:|1781450085\n|detailschange|p1a: Palafin|Palafin-Hero, L77, F\n|switch|p1a: Regieleki|Regieleki, L79|256/256\n|switch|p2a: Toxtricity|Toxtricity, L82, M|9/257\n|-damage|p2a: Toxtricity|0 fnt|[from] Spikes\n|faint|p2a: Toxtricity\n|\n|upkeep\n|\n|t:|1781450104\n|switch|p2a: Chesnaught|Chesnaught, L84, F|285/285\n|-damage|p2a: Chesnaught|250/285|[from] Spikes\n|turn|18\n|\n|t:|1781450113\n|move|p1a: Regieleki|Volt Switch|p2a: Chesnaught\n|-resisted|p2a: Chesnaught\n|-damage|p2a: Chesnaught|190/285\n|\n|t:|1781450115\n|switch|p1a: Fezandipiti|Fezandipiti, L82, M|70/278|[from] Volt Switch\n|move|p2a: Chesnaught|Trailblaze|p1a: Fezandipiti\n|-resisted|p1a: Fezandipiti\n|-damage|p1a: Fezandipiti|37/278\n|-boost|p2a: Chesnaught|spe|1\n|\n|-heal|p2a: Chesnaught|207/285|[from] item: Leftovers\n|-heal|p1a: Fezandipiti|54/278|[from] item: Leftovers\n|upkeep\n|turn|19\n|inactive|chichi732 has 120 seconds left.\n|\n|t:|1781450127\n|-terastallize|p2a: Chesnaught|Steel\n|move|p2a: Chesnaught|Iron Defense|p2a: Chesnaught\n|-boost|p2a: Chesnaught|def|2\n|move|p1a: Fezandipiti|Roost|p1a: Fezandipiti\n|-heal|p1a: Fezandipiti|193/278\n|-singleturn|p1a: Fezandipiti|move: Roost\n|\n|-heal|p2a: Chesnaught|224/285|[from] item: Leftovers\n|-heal|p1a: Fezandipiti|210/278|[from] item: Leftovers\n|upkeep\n|turn|20\n|\n|t:|1781450147\n|switch|p1a: Palafin|Palafin-Hero, L77, F|281/281\n|-activate|p1a: Palafin|ability: Zero to Hero\n|move|p2a: Chesnaught|Trailblaze|p1a: Palafin\n|-supereffective|p1a: Palafin\n|-damage|p1a: Palafin|171/281\n|-boost|p2a: Chesnaught|spe|1\n|\n|-heal|p2a: Chesnaught|241/285|[from] item: Leftovers\n|-heal|p1a: Palafin|188/281|[from] item: Leftovers\n|upkeep\n|turn|21\n|\n|t:|1781450157\n|move|p2a: Chesnaught|Trailblaze|p1a: Palafin\n|-supereffective|p1a: Palafin\n|-damage|p1a: Palafin|74/281\n|-boost|p2a: Chesnaught|spe|1\n|move|p1a: Palafin|Wave Crash|p2a: Chesnaught\n|-damage|p2a: Chesnaught|180/285\n|-damage|p1a: Palafin|54/281|[from] Recoil\n|\n|-heal|p2a: Chesnaught|197/285|[from] item: Leftovers\n|-heal|p1a: Palafin|71/281|[from] item: Leftovers\n|upkeep\n|turn|22\n|\n|t:|1781450162\n|move|p2a: Chesnaught|Body Press|p1a: Palafin\n|-damage|p1a: Palafin|0 fnt\n|faint|p1a: Palafin\n|\n|-heal|p2a: Chesnaught|214/285|[from] item: Leftovers\n|upkeep\n|\n|t:|1781450169\n|switch|p1a: Regieleki|Regieleki, L79|256/256\n|turn|23\n|\n|t:|1781450171\n|move|p2a: Chesnaught|Body Press|p1a: Regieleki\n|-damage|p1a: Regieleki|0 fnt\n|faint|p1a: Regieleki\n|\n|-heal|p2a: Chesnaught|231/285|[from] item: Leftovers\n|upkeep\n|-message|goooze forfeited.\n|\n|win|chichi732\n|raw|goooze's rating: 2232 &rarr; <strong>2206</strong><br />(-26 for losing)\n|raw|chichi732's rating: 2128 &rarr; <strong>2154</strong><br />(+26 for winning)\n", "uploadtime": 1781449671, "views": 4, "formatid": "gen9randombattle", "rating": 2154, "private": 0, "password": null}