{"id": "gen9randombattle-2631421323", "format": "[Gen 9] Random Battle", "players": ["Copernicusthe54th", "trevorstmcgoodbody"], "log": "|j|\u2606Copernicusthe54th\n|j|\u2606trevorstmcgoodbody\n|t:|1781382616\n|gametype|singles\n|player|p1|Copernicusthe54th|266|1966\n|player|p2|trevorstmcgoodbody|170|2039\n|gen|9\n|tier|[Gen 9] Random Battle\n|rated|\n|rule|Species Clause: Limit one of each Pok\u00e9mon\n|rule|HP Percentage Mod: HP is shown in percentages\n|rule|Sleep Clause Mod: Limit one foe put to sleep\n|rule|Illusion Level Mod: Illusion disguises the Pok\u00e9mon's true level\n|\n|t:|1781382616\n|teamsize|p1|6\n|teamsize|p2|6\n|start\n|switch|p1a: Meganium|Meganium, L90, F|290/290\n|switch|p2a: Scream Tail|Scream Tail, L84|330/330\n|turn|1\n|inactive|Battle timer is ON: inactive players will automatically lose when time's up. (requested by trevorstmcgoodbody)\n|\n|t:|1781382630\n|move|p2a: Scream Tail|Thunder Wave|p1a: Meganium\n|-status|p1a: Meganium|par\n|move|p1a: Meganium|Leech Seed|p2a: Scream Tail\n|-start|p2a: Scream Tail|move: Leech Seed\n|\n|-damage|p2a: Scream Tail|289/330|[from] Leech Seed|[of] p1a: Meganium\n|upkeep\n|turn|2\n|\n|t:|1781382638\n|-end|p2a: Scream Tail|Protosynthesis|[silent]\n|switch|p2a: Toucannon|Toucannon, L88, F|284/284\n|cant|p1a: Meganium|par\n|\n|upkeep\n|turn|3\n|\n|t:|1781382650\n|switch|p1a: Swanna|Swanna, L89, F|278/278\n|-singleturn|p2a: Toucannon|move: Beak Blast\n|move|p2a: Toucannon|Beak Blast|p1a: Swanna\n|-damage|p1a: Swanna|110/278\n|\n|upkeep\n|turn|4\n|\n|t:|1781382665\n|-singleturn|p2a: Toucannon|move: Beak Blast\n|move|p1a: Swanna|Brave Bird|p2a: Toucannon\n|-damage|p2a: Toucannon|151/284\n|-status|p1a: Swanna|brn\n|-damage|p1a: Swanna|66/278 brn|[from] Recoil\n|move|p2a: Toucannon|Beak Blast|p1a: Swanna\n|-damage|p1a: Swanna|0 fnt\n|faint|p1a: Swanna\n|\n|upkeep\n|\n|t:|1781382675\n|switch|p1a: Conkeldurr|Conkeldurr, L80, F|299/299\n|turn|5\n|\n|t:|1781382683\n|-singleturn|p2a: Toucannon|move: Beak Blast\n|move|p1a: Conkeldurr|Close Combat|p2a: Toucannon\n|-damage|p2a: Toucannon|0 fnt\n|-status|p1a: Conkeldurr|brn\n|-unboost|p1a: Conkeldurr|def|1\n|-unboost|p1a: Conkeldurr|spd|1\n|faint|p2a: Toucannon\n|\n|-damage|p1a: Conkeldurr|281/299 brn|[from] brn\n|upkeep\n|\n|t:|1781382695\n|switch|p2a: Scream Tail|Scream Tail, L84|289/330\n|turn|6\n|\n|t:|1781382704\n|switch|p1a: Meganium|Meganium, L90, F|290/290 par\n|move|p2a: Scream Tail|Protect||[still]\n|-fail|p2a: Scream Tail\n|\n|-heal|p2a: Scream Tail|309/330|[from] item: Leftovers\n|upkeep\n|turn|7\n|\n|t:|1781382711\n|move|p2a: Scream Tail|Play Rough|p1a: Meganium\n|-damage|p1a: Meganium|226/290 par\n|cant|p1a: Meganium|par\n|\n|-heal|p2a: Scream Tail|329/330|[from] item: Leftovers\n|-heal|p1a: Meganium|244/290 par|[from] item: Leftovers\n|upkeep\n|turn|8\n|\n|t:|1781382718\n|move|p2a: Scream Tail|Wish|p2a: Scream Tail\n|cant|p1a: Meganium|par\n|\n|-heal|p2a: Scream Tail|330/330|[from] item: Leftovers\n|-heal|p1a: Meganium|262/290 par|[from] item: Leftovers\n|upkeep\n|turn|9\n|\n|t:|1781382726\n|-end|p2a: Scream Tail|Protosynthesis|[silent]\n|switch|p2a: Tauros|Tauros-Paldea-Blaze, L81, M|254/254\n|-ability|p2a: Tauros|Intimidate|boost\n|-unboost|p1a: Meganium|atk|1\n|move|p1a: Meganium|Knock Off|p2a: Tauros\n|-resisted|p2a: Tauros\n|-crit|p2a: Tauros\n|-damage|p2a: Tauros|209/254\n|-enditem|p2a: Tauros|Choice Band|[from] move: Knock Off|[of] p1a: Meganium\n|\n|-heal|p2a: Tauros|254/254|[from] move: Wish|[wisher] Scream Tail\n|-heal|p1a: Meganium|280/290 par|[from] item: Leftovers\n|upkeep\n|turn|10\n|\n|t:|1781382731\n|move|p2a: Tauros|Flare Blitz|p1a: Meganium\n|-supereffective|p1a: Meganium\n|-damage|p1a: Meganium|58/290 par\n|-damage|p2a: Tauros|181/254|[from] Recoil\n|cant|p1a: Meganium|par\n|\n|-heal|p1a: Meganium|76/290 par|[from] item: Leftovers\n|upkeep\n|turn|11\n|\n|t:|1781382735\n|switch|p1a: Palossand|Palossand, L89, M|296/296\n|move|p2a: Tauros|Flare Blitz|p1a: Palossand\n|-damage|p1a: Palossand|184/296\n|-damage|p2a: Tauros|144/254|[from] Recoil\n|\n|-heal|p1a: Palossand|202/296|[from] item: Leftovers\n|upkeep\n|turn|12\n|\n|t:|1781382744\n|switch|p2a: Sandslash|Sandslash-Alola, L88, M|275/275\n|move|p1a: Palossand|Shore Up|p1a: Palossand\n|-heal|p1a: Palossand|296/296\n|\n|upkeep\n|turn|13\n|\n|t:|1781382753\n|switch|p1a: Meganium|Meganium, L90, F|76/290 par\n|move|p2a: Sandslash|Triple Axel|p1a: Meganium\n|-supereffective|p1a: Meganium\n|-damage|p1a: Meganium|21/290 par\n|-supereffective|p1a: Meganium\n|-damage|p1a: Meganium|0 fnt\n|faint|p1a: Meganium\n|-hitcount|p1: Meganium|2\n|-damage|p2a: Sandslash|248/275|[from] item: Life Orb\n|\n|upkeep\n|\n|t:|1781382755\n|switch|p1a: Conkeldurr|Conkeldurr, L80, F|281/299 brn\n|turn|14\n|\n|t:|1781382758\n|switch|p2a: Scream Tail|Scream Tail, L84|330/330\n|move|p1a: Conkeldurr|Mach Punch|p2a: Scream Tail\n|-resisted|p2a: Scream Tail\n|-damage|p2a: Scream Tail|311/330\n|\n|-heal|p2a: Scream Tail|330/330|[from] item: Leftovers\n|-damage|p1a: Conkeldurr|263/299 brn|[from] brn\n|upkeep\n|turn|15\n|\n|t:|1781382765\n|move|p2a: Scream Tail|Play Rough|p1a: Conkeldurr\n|-supereffective|p1a: Conkeldurr\n|-crit|p1a: Conkeldurr\n|-damage|p1a: Conkeldurr|71/299 brn\n|move|p1a: Conkeldurr|Facade|p2a: Scream Tail\n|-damage|p2a: Scream Tail|159/330\n|\n|-heal|p2a: Scream Tail|179/330|[from] item: Leftovers\n|-damage|p1a: Conkeldurr|53/299 brn|[from] brn\n|upkeep\n|turn|16\n|\n|t:|1781382775\n|switch|p1a: Palossand|Palossand, L89, M|296/296\n|move|p2a: Scream Tail|Play Rough|p1a: Palossand\n|-damage|p1a: Palossand|235/296\n|\n|-heal|p2a: Scream Tail|199/330|[from] item: Leftovers\n|-heal|p1a: Palossand|253/296|[from] item: Leftovers\n|upkeep\n|turn|17\n|\n|t:|1781382779\n|-end|p2a: Scream Tail|Protosynthesis|[silent]\n|switch|p2a: Sandslash|Sandslash-Alola, L88, M|248/275\n|move|p1a: Palossand|Shadow Ball|p2a: Sandslash\n|-damage|p2a: Sandslash|131/275\n|-unboost|p2a: Sandslash|spd|1\n|\n|-heal|p1a: Palossand|271/296|[from] item: Leftovers\n|upkeep\n|turn|18\n|inactive|Copernicusthe54th has 120 seconds left.\n|\n|t:|1781382809\n|move|p2a: Sandslash|Triple Axel|p1a: Palossand\n|-supereffective|p1a: Palossand\n|-damage|p1a: Palossand|222/296\n|-supereffective|p1a: Palossand\n|-damage|p1a: Palossand|113/296\n|-hitcount|p1a: Palossand|2\n|-damage|p2a: Sandslash|104/275|[from] item: Life Orb\n|move|p1a: Palossand|Shadow Ball|p2a: Sandslash\n|-damage|p2a: Sandslash|0 fnt\n|faint|p2a: Sandslash\n|\n|-heal|p1a: Palossand|131/296|[from] item: Leftovers\n|upkeep\n|\n|t:|1781382833\n|switch|p2a: Spectrier|Spectrier, L75|274/274\n|turn|19\n|\n|t:|1781382838\n|switch|p1a: Chesnaught|Chesnaught, L84, F|285/285\n|move|p2a: Spectrier|Shadow Ball|p1a: Chesnaught\n|-immune|p1a: Chesnaught|[from] ability: Bulletproof\n|\n|upkeep\n|turn|20\n|\n|t:|1781382858\n|switch|p2a: Tauros|Tauros-Paldea-Blaze, L81, M|144/254\n|-ability|p2a: Tauros|Intimidate|boost\n|-unboost|p1a: Chesnaught|atk|1\n|move|p1a: Chesnaught|Trailblaze|p2a: Tauros\n|-resisted|p2a: Tauros\n|-damage|p2a: Tauros|126/254\n|-boost|p1a: Chesnaught|spe|1\n|\n|upkeep\n|turn|21\n|\n|t:|1781382864\n|move|p1a: Chesnaught|Iron Defense|p1a: Chesnaught\n|-boost|p1a: Chesnaught|def|2\n|move|p2a: Tauros|Flare Blitz|p1a: Chesnaught\n|-supereffective|p1a: Chesnaught\n|-damage|p1a: Chesnaught|177/285\n|-damage|p2a: Tauros|90/254|[from] Recoil\n|\n|-heal|p1a: Chesnaught|194/285|[from] item: Leftovers\n|upkeep\n|turn|22\n|\n|t:|1781382868\n|move|p1a: Chesnaught|Body Press|p2a: Tauros\n|-damage|p2a: Tauros|0 fnt\n|faint|p2a: Tauros\n|\n|-heal|p1a: Chesnaught|211/285|[from] item: Leftovers\n|upkeep\n|\n|t:|1781382876\n|switch|p2a: Spectrier|Spectrier, L75|274/274\n|turn|23\n|\n|t:|1781382880\n|switch|p1a: Palossand|Palossand, L89, M|131/296\n|move|p2a: Spectrier|Nasty Plot|p2a: Spectrier\n|-boost|p2a: Spectrier|spa|2\n|\n|-heal|p1a: Palossand|149/296|[from] item: Leftovers\n|upkeep\n|turn|24\n|inactive|Copernicusthe54th has 120 seconds left.\n|\n|t:|1781382911\n|switch|p1a: Chesnaught|Chesnaught, L84, F|211/285\n|move|p2a: Spectrier|Substitute|p2a: Spectrier\n|-start|p2a: Spectrier|Substitute\n|-damage|p2a: Spectrier|206/274\n|\n|-heal|p2a: Spectrier|223/274|[from] item: Leftovers\n|-heal|p1a: Chesnaught|228/285|[from] item: Leftovers\n|upkeep\n|turn|25\n|\n|t:|1781382915\n|move|p2a: Spectrier|Draining Kiss|p1a: Chesnaught\n|-supereffective|p1a: Chesnaught\n|-damage|p1a: Chesnaught|38/285\n|-heal|p2a: Spectrier|274/274|[from] drain|[of] p1a: Chesnaught\n|move|p1a: Chesnaught|Trailblaze|p2a: Spectrier\n|-end|p2a: Spectrier|Substitute\n|-boost|p1a: Chesnaught|spe|1\n|\n|-heal|p1a: Chesnaught|55/285|[from] item: Leftovers\n|upkeep\n|turn|26\n|\n|t:|1781382919\n|move|p2a: Spectrier|Draining Kiss|p1a: Chesnaught\n|-supereffective|p1a: Chesnaught\n|-damage|p1a: Chesnaught|0 fnt\n|faint|p1a: Chesnaught\n|-ability|p2a: Spectrier|Grim Neigh|boost\n|-boost|p2a: Spectrier|spa|1\n|\n|upkeep\n|\n|t:|1781382921\n|switch|p1a: Smeargle|Smeargle, L95, M|258/258\n|turn|27\n|\n|t:|1781382931\n|move|p2a: Spectrier|Substitute|p2a: Spectrier\n|-start|p2a: Spectrier|Substitute\n|-damage|p2a: Spectrier|206/274\n|move|p1a: Smeargle|Shell Smash|p1a: Smeargle\n|-unboost|p1a: Smeargle|def|1\n|-unboost|p1a: Smeargle|spd|1\n|-boost|p1a: Smeargle|atk|2\n|-boost|p1a: Smeargle|spa|2\n|-boost|p1a: Smeargle|spe|2\n|\n|-heal|p2a: Spectrier|223/274|[from] item: Leftovers\n|upkeep\n|turn|28\n|\n|t:|1781382946\n|-terastallize|p2a: Spectrier|Fairy\n|move|p1a: Smeargle|Power Trip|p2a: Spectrier\n|-resisted|p2a: Spectrier\n|-end|p2a: Spectrier|Substitute\n|move|p2a: Spectrier|Draining Kiss|p1a: Smeargle\n|-damage|p1a: Smeargle|0 fnt\n|-heal|p2a: Spectrier|274/274|[from] drain|[of] p1a: Smeargle\n|faint|p1a: Smeargle\n|-ability|p2a: Spectrier|Grim Neigh|boost\n|-boost|p2a: Spectrier|spa|1\n|\n|upkeep\n|-message|Copernicusthe54th forfeited.\n|\n|win|trevorstmcgoodbody\n", "uploadtime": 1781382619, "views": 9, "formatid": "gen9randombattle", "rating": null, "private": 0, "password": null}