{"id": "gen9randombattle-2631791562", "format": "[Gen 9] Random Battle", "players": ["kormorano", "Teres bahji"], "log": "|badge|p2|silver|gen9randombattle|30-9\n|uhtml|medal-msg|<div class=\"broadcast-blue\">Curious what those medals under the avatar are? PS now has Ladder Seasons! For more information, check out the <a href=\"https://www.smogon.com/forums/threads/3740067/\">thread on Smogon.</a></div>\n|j|\u2606kormorano\n|j|\u2606Teres bahji\n|t:|1781440254\n|gametype|singles\n|player|p1|kormorano|102|2103\n|player|p2|Teres bahji|#rbtt6teamzarudef|2353\n|gen|9\n|tier|[Gen 9] Random Battle\n|rated|\n|rule|Species Clause: Limit one of each Pok\u00e9mon\n|rule|HP Percentage Mod: HP is shown in percentages\n|rule|Sleep Clause Mod: Limit one foe put to sleep\n|rule|Illusion Level Mod: Illusion disguises the Pok\u00e9mon's true level\n|\n|t:|1781440254\n|teamsize|p1|6\n|teamsize|p2|6\n|start\n|switch|p1a: Bisharp|Bisharp, L79, M|232/232\n|switch|p2a: Meloetta|Meloetta, L82|298/298\n|turn|1\n|inactive|Battle timer is ON: inactive players will automatically lose when time's up. (requested by kormorano)\n|inactive|Teres bahji also wants the timer to be on.\n|\n|t:|1781440266\n|switch|p1a: Misdreavus|Misdreavus, L90, F|254/254\n|move|p2a: Meloetta|Close Combat|p1a: Misdreavus\n|-immune|p1a: Misdreavus\n|\n|upkeep\n|turn|2\n|\n|t:|1781440281\n|move|p1a: Misdreavus|Will-O-Wisp|p2a: Meloetta\n|-status|p2a: Meloetta|brn\n|move|p2a: Meloetta|Knock Off|p1a: Misdreavus\n|-supereffective|p1a: Misdreavus\n|-damage|p1a: Misdreavus|194/254\n|-enditem|p1a: Misdreavus|Eviolite|[from] move: Knock Off|[of] p2a: Meloetta\n|-damage|p2a: Meloetta|269/298 brn|[from] item: Life Orb\n|\n|-damage|p2a: Meloetta|251/298 brn|[from] brn\n|upkeep\n|turn|3\n|\n|t:|1781440287\n|switch|p2a: Empoleon|Empoleon, L84, F|278/278\n|move|p1a: Misdreavus|Draining Kiss|p2a: Empoleon\n|-resisted|p2a: Empoleon\n|-damage|p2a: Empoleon|261/278\n|-heal|p1a: Misdreavus|207/254|[from] drain|[of] p2a: Empoleon\n|\n|-heal|p2a: Empoleon|278/278|[from] item: Leftovers\n|upkeep\n|turn|4\n|\n|t:|1781440317\n|switch|p1a: Bisharp|Bisharp, L79, M|232/232\n|move|p2a: Empoleon|Surf|p1a: Bisharp\n|-damage|p1a: Bisharp|142/232\n|\n|upkeep\n|turn|5\n|\n|t:|1781440327\n|move|p1a: Bisharp|Stealth Rock|p2a: Empoleon\n|-sidestart|p2: Teres bahji|move: Stealth Rock\n|move|p2a: Empoleon|Flip Turn|p1a: Bisharp\n|-damage|p1a: Bisharp|105/232\n|\n|t:|1781440333\n|switch|p2a: Mienshao|Mienshao, L83, F|244/244|[from] Flip Turn\n|-damage|p2a: Mienshao|229/244|[from] Stealth Rock\n|\n|upkeep\n|turn|6\n|\n|t:|1781440345\n|move|p2a: Mienshao|Swords Dance|p2a: Mienshao\n|-boost|p2a: Mienshao|atk|2\n|move|p1a: Bisharp|Iron Head|p2a: Mienshao\n|-damage|p2a: Mienshao|106/244\n|\n|upkeep\n|turn|7\n|\n|t:|1781440353\n|move|p1a: Bisharp|Sucker Punch|p2a: Mienshao\n|-resisted|p2a: Mienshao\n|-damage|p2a: Mienshao|51/244\n|move|p2a: Mienshao|Close Combat|p1a: Bisharp\n|-supereffective|p1a: Bisharp\n|-crit|p1a: Bisharp\n|-damage|p1a: Bisharp|0 fnt\n|-unboost|p2a: Mienshao|def|1\n|-unboost|p2a: Mienshao|spd|1\n|faint|p1a: Bisharp\n|-damage|p2a: Mienshao|27/244|[from] item: Life Orb\n|\n|upkeep\n|\n|t:|1781440365\n|switch|p1a: Spectrier|Spectrier, L75|274/274\n|turn|8\n|\n|t:|1781440373\n|switch|p2a: Empoleon|Empoleon, L84, F|278/278\n|-damage|p2a: Empoleon|261/278|[from] Stealth Rock\n|move|p1a: Spectrier|Tera Blast|p2a: Empoleon\n|-resisted|p2a: Empoleon\n|-damage|p2a: Empoleon|221/278\n|-damage|p1a: Spectrier|247/274|[from] item: Life Orb\n|\n|-heal|p2a: Empoleon|238/278|[from] item: Leftovers\n|upkeep\n|turn|9\n|\n|t:|1781440381\n|switch|p1a: Clodsire|Clodsire, L81, F|343/343\n|move|p2a: Empoleon|Surf|p1a: Clodsire\n|-immune|p1a: Clodsire|[from] ability: Water Absorb\n|\n|-heal|p2a: Empoleon|255/278|[from] item: Leftovers\n|upkeep\n|turn|10\n|\n|t:|1781440389\n|switch|p2a: Meloetta|Meloetta, L82|251/298 brn\n|-damage|p2a: Meloetta|214/298 brn|[from] Stealth Rock\n|move|p1a: Clodsire|Earthquake|p2a: Meloetta\n|-damage|p2a: Meloetta|129/298 brn\n|\n|-damage|p2a: Meloetta|111/298 brn|[from] brn\n|upkeep\n|turn|11\n|\n|t:|1781440396\n|switch|p1a: Misdreavus|Misdreavus, L90, F|207/254\n|move|p2a: Meloetta|Relic Song|p1a: Misdreavus\n|-immune|p1a: Misdreavus\n|\n|-damage|p2a: Meloetta|93/298 brn|[from] brn\n|upkeep\n|turn|12\n|\n|t:|1781440402\n|move|p1a: Misdreavus|Calm Mind|p1a: Misdreavus\n|-boost|p1a: Misdreavus|spa|1\n|-boost|p1a: Misdreavus|spd|1\n|move|p2a: Meloetta|Knock Off|p1a: Misdreavus\n|-supereffective|p1a: Misdreavus\n|-damage|p1a: Misdreavus|147/254\n|-damage|p2a: Meloetta|64/298 brn|[from] item: Life Orb\n|\n|-damage|p2a: Meloetta|46/298 brn|[from] brn\n|upkeep\n|turn|13\n|\n|t:|1781440406\n|move|p1a: Misdreavus|Calm Mind|p1a: Misdreavus\n|-boost|p1a: Misdreavus|spa|1\n|-boost|p1a: Misdreavus|spd|1\n|move|p2a: Meloetta|Knock Off|p1a: Misdreavus\n|-supereffective|p1a: Misdreavus\n|-damage|p1a: Misdreavus|87/254\n|-damage|p2a: Meloetta|17/298 brn|[from] item: Life Orb\n|\n|-damage|p2a: Meloetta|0 fnt|[from] brn\n|faint|p2a: Meloetta\n|upkeep\n|\n|t:|1781440411\n|switch|p2a: Mienshao|Mienshao, L83, F|108/244\n|-damage|p2a: Mienshao|93/244|[from] Stealth Rock\n|turn|14\n|j| xmagic_77\n|\n|t:|1781440438\n|move|p2a: Mienshao|Knock Off|p1a: Misdreavus\n|-supereffective|p1a: Misdreavus\n|-damage|p1a: Misdreavus|0 fnt\n|faint|p1a: Misdreavus\n|-damage|p2a: Mienshao|69/244|[from] item: Life Orb\n|\n|upkeep\n|\n|t:|1781440441\n|switch|p1a: Spectrier|Spectrier, L75|247/274\n|turn|15\n|\n|t:|1781440445\n|switch|p2a: Empoleon|Empoleon, L84, F|255/278\n|-damage|p2a: Empoleon|238/278|[from] Stealth Rock\n|move|p1a: Spectrier|Shadow Ball|p2a: Empoleon\n|-damage|p2a: Empoleon|120/278\n|-damage|p1a: Spectrier|220/274|[from] item: Life Orb\n|\n|-heal|p2a: Empoleon|137/278|[from] item: Leftovers\n|upkeep\n|turn|16\n|\n|t:|1781440452\n|-terastallize|p1a: Spectrier|Fighting\n|move|p1a: Spectrier|Tera Blast|p2a: Empoleon|[anim] Tera Blast Fighting\n|-supereffective|p2a: Empoleon\n|-damage|p2a: Empoleon|0 fnt\n|faint|p2a: Empoleon\n|-ability|p1a: Spectrier|Grim Neigh|boost\n|-boost|p1a: Spectrier|spa|1\n|-damage|p1a: Spectrier|193/274|[from] item: Life Orb\n|\n|upkeep\n|\n|t:|1781440457\n|switch|p2a: Tatsugiri|Tatsugiri, L87, F|260/260\n|turn|17\n|\n|t:|1781440472\n|switch|p1a: Grimmsnarl|Grimmsnarl, L83, M|293/293\n|move|p2a: Tatsugiri|Rapid Spin|p1a: Grimmsnarl\n|-damage|p1a: Grimmsnarl|265/293\n|-boost|p2a: Tatsugiri|spe|1\n|-sideend|p2: Teres bahji|Stealth Rock|[from] move: Rapid Spin|[of] p2a: Tatsugiri\n|\n|-heal|p1a: Grimmsnarl|283/293|[from] item: Leftovers\n|upkeep\n|turn|18\n|\n|t:|1781440477\n|move|p2a: Tatsugiri|Surf|p1a: Grimmsnarl\n|-damage|p1a: Grimmsnarl|156/293\n|move|p1a: Grimmsnarl|Spirit Break|p2a: Tatsugiri\n|-supereffective|p2a: Tatsugiri\n|-damage|p2a: Tatsugiri|30/260\n|-unboost|p2a: Tatsugiri|spa|1\n|\n|-heal|p1a: Grimmsnarl|174/293|[from] item: Leftovers\n|upkeep\n|turn|19\n|\n|t:|1781440481\n|move|p2a: Tatsugiri|Surf|p1a: Grimmsnarl\n|-damage|p1a: Grimmsnarl|83/293\n|move|p1a: Grimmsnarl|Spirit Break|p2a: Tatsugiri\n|-supereffective|p2a: Tatsugiri\n|-crit|p2a: Tatsugiri\n|-damage|p2a: Tatsugiri|0 fnt\n|faint|p2a: Tatsugiri\n|\n|-heal|p1a: Grimmsnarl|101/293|[from] item: Leftovers\n|upkeep\n|\n|t:|1781440486\n|switch|p2a: Mienshao|Mienshao, L83, F|150/244\n|turn|20\n|\n|t:|1781440490\n|move|p1a: Grimmsnarl|Sucker Punch|p2a: Mienshao\n|-resisted|p2a: Mienshao\n|-damage|p2a: Mienshao|89/244\n|move|p2a: Mienshao|Poison Jab|p1a: Grimmsnarl\n|-supereffective|p1a: Grimmsnarl\n|-damage|p1a: Grimmsnarl|0 fnt\n|faint|p1a: Grimmsnarl\n|-damage|p2a: Mienshao|65/244|[from] item: Life Orb\n|\n|upkeep\n|\n|t:|1781440495\n|switch|p1a: Spectrier|Spectrier, L75, tera:Fighting|193/274\n|turn|21\n|\n|t:|1781440500\n|switch|p2a: Tropius|Tropius, L91, F|328/328\n|move|p1a: Spectrier|Shadow Ball|p2a: Tropius\n|-damage|p2a: Tropius|214/328\n|-damage|p1a: Spectrier|166/274|[from] item: Life Orb\n|\n|upkeep\n|turn|22\n|\n|t:|1781440515\n|switch|p1a: Clodsire|Clodsire, L81, F|343/343\n|move|p2a: Tropius|Substitute|p2a: Tropius\n|-start|p2a: Tropius|Substitute\n|-damage|p2a: Tropius|132/328\n|-enditem|p2a: Tropius|Sitrus Berry|[eat]\n|-heal|p2a: Tropius|214/328|[from] item: Sitrus Berry\n|\n|upkeep\n|turn|23\n|\n|t:|1781440526\n|switch|p1a: Spectrier|Spectrier, L75, tera:Fighting|166/274\n|move|p2a: Tropius|Leech Seed|p1a: Spectrier\n|-start|p1a: Spectrier|move: Leech Seed\n|\n|-damage|p1a: Spectrier|132/274|[from] Leech Seed|[of] p2a: Tropius\n|-heal|p2a: Tropius|248/328|[silent]\n|upkeep\n|turn|24\n|\n|t:|1781440533\n|move|p1a: Spectrier|Shadow Ball|p2a: Tropius\n|-end|p2a: Tropius|Substitute\n|-damage|p1a: Spectrier|105/274|[from] item: Life Orb\n|move|p2a: Tropius|Air Slash|p1a: Spectrier\n|-supereffective|p1a: Spectrier\n|-damage|p1a: Spectrier|0 fnt\n|faint|p1a: Spectrier\n|\n|upkeep\n|\n|t:|1781440538\n|switch|p1a: Noctowl|Noctowl, L95, F|344/344\n|turn|25\n|\n|t:|1781440543\n|move|p1a: Noctowl|Hurricane|p2a: Tropius|[miss]\n|-miss|p1a: Noctowl|p2a: Tropius\n|move|p2a: Tropius|Leech Seed|p1a: Noctowl\n|-start|p1a: Noctowl|move: Leech Seed\n|\n|-damage|p1a: Noctowl|301/344|[from] Leech Seed|[of] p2a: Tropius\n|-heal|p2a: Tropius|291/328|[silent]\n|upkeep\n|turn|26\n|\n|t:|1781440554\n|switch|p2a: Porygon-Z|Porygon-Z, L83|277/277\n|move|p1a: Noctowl|Nasty Plot|p1a: Noctowl\n|-boost|p1a: Noctowl|spa|2\n|\n|-damage|p1a: Noctowl|258/344|[from] Leech Seed|[of] p2a: Porygon-Z\n|upkeep\n|turn|27\n|\n|t:|1781440559\n|move|p2a: Porygon-Z|Tera Blast|p1a: Noctowl\n|-damage|p1a: Noctowl|102/344\n|-damage|p2a: Porygon-Z|250/277|[from] item: Life Orb\n|move|p1a: Noctowl|Hurricane|p2a: Porygon-Z|[miss]\n|-miss|p1a: Noctowl|p2a: Porygon-Z\n|\n|-damage|p1a: Noctowl|59/344|[from] Leech Seed|[of] p2a: Porygon-Z\n|-heal|p2a: Porygon-Z|277/277|[silent]\n|upkeep\n|turn|28\n|\n|t:|1781440562\n|move|p2a: Porygon-Z|Tera Blast|p1a: Noctowl\n|-damage|p1a: Noctowl|0 fnt\n|faint|p1a: Noctowl\n|-damage|p2a: Porygon-Z|250/277|[from] item: Life Orb\n|\n|upkeep\n|\n|t:|1781440564\n|switch|p1a: Clodsire|Clodsire, L81, F|343/343\n|turn|29\n|\n|t:|1781440574\n|move|p2a: Porygon-Z|Nasty Plot|p2a: Porygon-Z\n|-boost|p2a: Porygon-Z|spa|2\n|move|p1a: Clodsire|Curse|p1a: Clodsire\n|-unboost|p1a: Clodsire|spe|1\n|-boost|p1a: Clodsire|atk|1\n|-boost|p1a: Clodsire|def|1\n|\n|upkeep\n|turn|30\n|\n|t:|1781440578\n|move|p2a: Porygon-Z|Tera Blast|p1a: Clodsire\n|-damage|p1a: Clodsire|0 fnt\n|faint|p1a: Clodsire\n|-damage|p2a: Porygon-Z|223/277|[from] item: Life Orb\n|\n|win|Teres bahji\n", "uploadtime": 1781440256, "views": 6, "formatid": "gen9randombattle", "rating": null, "private": 0, "password": null}