{"id": "gen9randombattle-2631407321", "format": "[Gen 9] Random Battle", "players": ["Gon03", "BlondeSasukeUchiha"], "log": "|j|\u2606Gon03\n|j|\u2606BlondeSasukeUchiha\n|t:|1781380938\n|gametype|singles\n|player|p1|Gon03|102|1879\n|player|p2|BlondeSasukeUchiha|flannery|1905\n|gen|9\n|tier|[Gen 9] Random Battle\n|rated|\n|rule|Species Clause: Limit one of each Pok\u00e9mon\n|rule|HP Percentage Mod: HP is shown in percentages\n|rule|Sleep Clause Mod: Limit one foe put to sleep\n|rule|Illusion Level Mod: Illusion disguises the Pok\u00e9mon's true level\n|\n|t:|1781380938\n|teamsize|p1|6\n|teamsize|p2|6\n|start\n|switch|p1a: Walking Wake|Walking Wake, L79|286/286\n|switch|p2a: Chansey|Chansey, L85, F|564/564\n|turn|1\n|inactive|Battle timer is ON: inactive players will automatically lose when time's up. (requested by BlondeSasukeUchiha)\n|\n|t:|1781380948\n|-end|p1a: Walking Wake|Protosynthesis|[silent]\n|switch|p1a: Garganacl|Garganacl, L80, M|291/291\n|move|p2a: Chansey|Thunder Wave|p1a: Garganacl\n|-immune|p1a: Garganacl|[from] ability: Purifying Salt\n|\n|upkeep\n|turn|2\n|\n|t:|1781380952\n|move|p2a: Chansey|Stealth Rock|p1a: Garganacl\n|-sidestart|p1: Gon03|move: Stealth Rock\n|move|p1a: Garganacl|Salt Cure|p2a: Chansey\n|-damage|p2a: Chansey|468/564\n|-start|p2a: Chansey|Salt Cure\n|\n|-damage|p2a: Chansey|398/564|[from] Salt Cure\n|upkeep\n|turn|3\n|\n|t:|1781380960\n|switch|p2a: Pelipper|Pelipper, L86, M|243/243\n|-weather|RainDance|[from] ability: Drizzle|[of] p2a: Pelipper\n|move|p1a: Garganacl|Salt Cure|p2a: Pelipper\n|-supereffective|p2a: Pelipper\n|-damage|p2a: Pelipper|169/243\n|-start|p2a: Pelipper|Salt Cure\n|\n|-weather|RainDance|[upkeep]\n|-damage|p2a: Pelipper|109/243|[from] Salt Cure\n|upkeep\n|turn|4\n|\n|t:|1781380968\n|switch|p2a: Gallade|Gallade, L80, M|240/240\n|move|p1a: Garganacl|Protect||[still]\n|-fail|p1a: Garganacl\n|\n|-weather|RainDance|[upkeep]\n|upkeep\n|turn|5\n|\n|t:|1781380973\n|switch|p1a: Palossand|Palossand, L89, M|296/296\n|-damage|p1a: Palossand|278/296|[from] Stealth Rock\n|move|p2a: Gallade|Sacred Sword|p1a: Palossand\n|-immune|p1a: Palossand\n|\n|-weather|RainDance|[upkeep]\n|-heal|p1a: Palossand|296/296|[from] item: Leftovers\n|upkeep\n|turn|6\n|\n|t:|1781380981\n|switch|p2a: Pelipper|Pelipper, L86, M|109/243\n|move|p1a: Palossand|Stealth Rock|p2a: Pelipper\n|-sidestart|p2: BlondeSasukeUchiha|move: Stealth Rock\n|\n|-weather|RainDance|[upkeep]\n|upkeep\n|turn|7\n|\n|t:|1781380985\n|move|p2a: Pelipper|Hurricane|p1a: Palossand\n|-damage|p1a: Palossand|95/296\n|move|p1a: Palossand|Shadow Ball|p2a: Pelipper\n|-damage|p2a: Pelipper|0 fnt\n|faint|p2a: Pelipper\n|\n|-weather|none\n|-heal|p1a: Palossand|113/296|[from] item: Leftovers\n|upkeep\n|\n|t:|1781380997\n|switch|p2a: Iron Moth|Iron Moth, L78|253/253\n|turn|8\n|\n|t:|1781381002\n|move|p2a: Iron Moth|Energy Ball|p1a: Palossand\n|-supereffective|p1a: Palossand\n|-damage|p1a: Palossand|0 fnt\n|faint|p1a: Palossand\n|\n|upkeep\n|\n|t:|1781381023\n|switch|p1a: Farigiraf|Farigiraf, L90, F|362/362\n|-damage|p1a: Farigiraf|317/362|[from] Stealth Rock\n|turn|9\n|\n|t:|1781381030\n|-end|p2a: Iron Moth|Quark Drive|[silent]\n|switch|p2a: Abomasnow|Abomasnow, L84, F|287/287\n|-damage|p2a: Abomasnow|216/287|[from] Stealth Rock\n|-weather|Snowscape|[from] ability: Snow Warning|[of] p2a: Abomasnow\n|move|p1a: Farigiraf|Body Slam|p2a: Abomasnow\n|-damage|p2a: Abomasnow|138/287\n|\n|-weather|Snowscape|[upkeep]\n|-heal|p1a: Farigiraf|339/362|[from] item: Leftovers\n|upkeep\n|turn|10\n|\n|t:|1781381040\n|move|p1a: Farigiraf|Psychic Noise|p2a: Abomasnow\n|-damage|p2a: Abomasnow|30/287\n|-start|p2a: Abomasnow|move: Heal Block\n|move|p2a: Abomasnow|Aurora Veil|p2a: Abomasnow\n|-sidestart|p2: BlondeSasukeUchiha|move: Aurora Veil\n|\n|-weather|Snowscape|[upkeep]\n|-heal|p1a: Farigiraf|361/362|[from] item: Leftovers\n|upkeep\n|turn|11\n|\n|t:|1781381044\n|move|p1a: Farigiraf|Psychic Noise|p2a: Abomasnow\n|-damage|p2a: Abomasnow|0 fnt\n|faint|p2a: Abomasnow\n|\n|-weather|Snowscape|[upkeep]\n|-heal|p1a: Farigiraf|362/362|[from] item: Leftovers\n|upkeep\n|\n|t:|1781381048\n|switch|p2a: Zamazenta|Zamazenta, L71|248/248\n|-damage|p2a: Zamazenta|233/248|[from] Stealth Rock\n|-ability|p2a: Zamazenta|Dauntless Shield|boost\n|-boost|p2a: Zamazenta|def|1\n|turn|12\n|\n|t:|1781381052\n|move|p2a: Zamazenta|Crunch|p1a: Farigiraf\n|-supereffective|p1a: Farigiraf\n|-damage|p1a: Farigiraf|192/362\n|move|p1a: Farigiraf|Psychic Noise|p2a: Zamazenta\n|-supereffective|p2a: Zamazenta\n|-damage|p2a: Zamazenta|134/248\n|-start|p2a: Zamazenta|move: Heal Block\n|\n|-weather|Snowscape|[upkeep]\n|-heal|p1a: Farigiraf|214/362|[from] item: Leftovers\n|upkeep\n|turn|13\n|\n|t:|1781381055\n|move|p1a: Farigiraf|Protect|p1a: Farigiraf\n|-singleturn|p1a: Farigiraf|Protect\n|move|p2a: Zamazenta|Crunch|p1a: Farigiraf\n|-activate|p1a: Farigiraf|move: Protect\n|\n|-weather|none\n|-heal|p1a: Farigiraf|236/362|[from] item: Leftovers\n|-end|p2a: Zamazenta|move: Heal Block\n|upkeep\n|turn|14\n|-message|BlondeSasukeUchiha forfeited.\n|\n|win|Gon03\n|raw|Gon03's rating: 1879 &rarr; <strong>1900</strong><br />(+21 for winning)\n|raw|BlondeSasukeUchiha's rating: 1905 &rarr; <strong>1884</strong><br />(-21 for losing)\n", "uploadtime": 1781381061, "views": 8, "formatid": "gen9randombattle", "rating": 1884, "private": 0, "password": null}