{"id": "gen9randombattle-2631873957", "format": "[Gen 9] Random Battle", "players": ["davidpkf", "tezkanagwar2"], "log": "|j|\u2606davidpkf\n|j|\u2606tezkanagwar2\n|t:|1781450689\n|gametype|singles\n|player|p1|davidpkf|102|1820\n|player|p2|tezkanagwar2|2|1810\n|gen|9\n|tier|[Gen 9] Random Battle\n|rated|\n|rule|Species Clause: Limit one of each Pok\u00e9mon\n|rule|HP Percentage Mod: HP is shown in percentages\n|rule|Sleep Clause Mod: Limit one foe put to sleep\n|rule|Illusion Level Mod: Illusion disguises the Pok\u00e9mon's true level\n|\n|t:|1781450689\n|teamsize|p1|6\n|teamsize|p2|6\n|start\n|switch|p1a: Ursaring|Ursaring, L84, M|288/288\n|switch|p2a: Tyranitar|Tyranitar, L78, M|284/284\n|-weather|Sandstorm|[from] ability: Sand Stream|[of] p2a: Tyranitar\n|turn|1\n|inactive|Battle timer is ON: inactive players will automatically lose when time's up. (requested by davidpkf)\n|inactive|tezkanagwar2 has 120 seconds left.\n|\n|t:|1781450739\n|switch|p2a: Venusaur|Venusaur, L84, F|272/272\n|move|p1a: Ursaring|Earthquake|p2a: Venusaur\n|-damage|p2a: Venusaur|182/272\n|\n|-weather|Sandstorm|[upkeep]\n|-damage|p2a: Venusaur|165/272|[from] Sandstorm\n|-damage|p1a: Ursaring|270/288|[from] Sandstorm\n|-heal|p2a: Venusaur|182/272|[from] item: Leftovers\n|upkeep\n|turn|2\n|\n|t:|1781450749\n|move|p2a: Venusaur|Sleep Powder|p1a: Ursaring\n|-status|p1a: Ursaring|slp|[from] move: Sleep Powder\n|cant|p1a: Ursaring|slp\n|\n|-weather|Sandstorm|[upkeep]\n|-damage|p2a: Venusaur|165/272|[from] Sandstorm\n|-damage|p1a: Ursaring|252/288 slp|[from] Sandstorm\n|-heal|p2a: Venusaur|182/272|[from] item: Leftovers\n|upkeep\n|turn|3\n|\n|t:|1781450757\n|move|p2a: Venusaur|Leech Seed|p1a: Ursaring\n|-start|p1a: Ursaring|move: Leech Seed\n|-curestatus|p1a: Ursaring|slp|[msg]\n|move|p1a: Ursaring|Sleep Talk||[still]\n|-fail|p1a: Ursaring\n|\n|-weather|Sandstorm|[upkeep]\n|-damage|p2a: Venusaur|165/272|[from] Sandstorm\n|-damage|p1a: Ursaring|234/288|[from] Sandstorm\n|-heal|p2a: Venusaur|182/272|[from] item: Leftovers\n|-damage|p1a: Ursaring|198/288|[from] Leech Seed|[of] p2a: Venusaur\n|-heal|p2a: Venusaur|218/272|[silent]\n|upkeep\n|turn|4\n|\n|t:|1781450768\n|move|p2a: Venusaur|Sleep Powder|p1a: Ursaring\n|-status|p1a: Ursaring|slp|[from] move: Sleep Powder\n|cant|p1a: Ursaring|slp\n|\n|-weather|Sandstorm|[upkeep]\n|-damage|p2a: Venusaur|201/272|[from] Sandstorm\n|-damage|p1a: Ursaring|180/288 slp|[from] Sandstorm\n|-heal|p2a: Venusaur|218/272|[from] item: Leftovers\n|-damage|p1a: Ursaring|144/288 slp|[from] Leech Seed|[of] p2a: Venusaur\n|-heal|p2a: Venusaur|254/272|[silent]\n|upkeep\n|turn|5\n|\n|t:|1781450784\n|switch|p1a: Emboar|Emboar, L84, F|322/322\n|move|p2a: Venusaur|Substitute|p2a: Venusaur\n|-start|p2a: Venusaur|Substitute\n|-damage|p2a: Venusaur|186/272\n|\n|-weather|none\n|-heal|p2a: Venusaur|203/272|[from] item: Leftovers\n|upkeep\n|turn|6\n|\n|t:|1781450798\n|move|p2a: Venusaur|Sludge Bomb|p1a: Emboar\n|-damage|p1a: Emboar|202/322\n|move|p1a: Emboar|Trailblaze|p2a: Venusaur\n|-resisted|p2a: Venusaur\n|-activate|p2a: Venusaur|move: Substitute|[damage]\n|-boost|p1a: Emboar|spe|1\n|\n|-heal|p1a: Emboar|222/322|[from] item: Leftovers\n|-heal|p2a: Venusaur|220/272|[from] item: Leftovers\n|upkeep\n|turn|7\n|\n|t:|1781450816\n|move|p1a: Emboar|Flare Blitz|p2a: Venusaur\n|-supereffective|p2a: Venusaur\n|-end|p2a: Venusaur|Substitute\n|-damage|p1a: Emboar|203/322|[from] Recoil|[of] p2a: Venusaur\n|move|p2a: Venusaur|Sludge Bomb|p1a: Emboar\n|-damage|p1a: Emboar|71/322\n|-status|p1a: Emboar|psn\n|\n|-heal|p1a: Emboar|91/322 psn|[from] item: Leftovers\n|-heal|p2a: Venusaur|237/272|[from] item: Leftovers\n|-damage|p1a: Emboar|51/322 psn|[from] psn\n|upkeep\n|turn|8\n|\n|t:|1781450831\n|switch|p2a: Gothitelle|Gothitelle, L90, F|272/272\n|move|p1a: Emboar|Flare Blitz|p2a: Gothitelle\n|-damage|p2a: Gothitelle|110/272\n|-damage|p1a: Emboar|0 fnt|[from] Recoil\n|faint|p1a: Emboar\n|\n|upkeep\n|\n|t:|1781450845\n|switch|p1a: Meloetta|Meloetta, L82|298/298\n|turn|9\n|\n|t:|1781450853\n|move|p2a: Gothitelle|Dark Pulse|p1a: Meloetta\n|-supereffective|p1a: Meloetta\n|-damage|p1a: Meloetta|196/298\n|cant|p1a: Meloetta|flinch\n|\n|upkeep\n|turn|10\n|\n|t:|1781450858\n|move|p2a: Gothitelle|Dark Pulse|p1a: Meloetta\n|-supereffective|p1a: Meloetta\n|-damage|p1a: Meloetta|102/298\n|cant|p1a: Meloetta|flinch\n|\n|upkeep\n|turn|11\n|\n|t:|1781450863\n|move|p2a: Gothitelle|Dark Pulse|p1a: Meloetta\n|-supereffective|p1a: Meloetta\n|-damage|p1a: Meloetta|10/298\n|move|p1a: Meloetta|Relic Song|p2a: Gothitelle\n|-damage|p2a: Gothitelle|13/272\n|-status|p2a: Gothitelle|slp|[from] move: Relic Song\n|-formechange|p1a: Meloetta|Meloetta-Pirouette|[msg]\n|-damage|p1a: Meloetta|0 fnt|[from] item: Life Orb\n|faint|p1a: Meloetta\n|\n|upkeep\n|\n|t:|1781450876\n|switch|p1a: Quaquaval|Quaquaval, L79, M|264/264\n|turn|12\n|\n|t:|1781450887\n|switch|p2a: Venusaur|Venusaur, L84, F|237/272\n|move|p1a: Quaquaval|Knock Off|p2a: Venusaur\n|-damage|p2a: Venusaur|135/272\n|-enditem|p2a: Venusaur|Leftovers|[from] move: Knock Off|[of] p1a: Quaquaval\n|\n|upkeep\n|turn|13\n|\n|t:|1781450898\n|switch|p1a: Ursaring|Ursaring, L84, M|144/288 slp\n|move|p2a: Venusaur|Leech Seed|p1a: Ursaring\n|-start|p1a: Ursaring|move: Leech Seed\n|\n|-damage|p1a: Ursaring|108/288 slp|[from] Leech Seed|[of] p2a: Venusaur\n|-heal|p2a: Venusaur|171/272|[silent]\n|upkeep\n|turn|14\n|\n|t:|1781450905\n|move|p2a: Venusaur|Sludge Bomb|p1a: Ursaring\n|-damage|p1a: Ursaring|33/288 slp\n|-curestatus|p1a: Ursaring|slp|[msg]\n|move|p1a: Ursaring|Sleep Talk||[still]\n|-fail|p1a: Ursaring\n|\n|-damage|p1a: Ursaring|0 fnt|[from] Leech Seed|[of] p2a: Venusaur\n|-heal|p2a: Venusaur|204/272|[silent]\n|faint|p1a: Ursaring\n|upkeep\n|\n|t:|1781450913\n|switch|p1a: Hippowdon|Hippowdon, L82, F|311/311\n|-weather|Sandstorm|[from] ability: Sand Stream|[of] p1a: Hippowdon\n|turn|15\n|\n|t:|1781450926\n|move|p2a: Venusaur|Sleep Powder|p1a: Hippowdon|[miss]\n|-miss|p2a: Venusaur|p1a: Hippowdon\n|move|p1a: Hippowdon|Earthquake|p2a: Venusaur\n|-damage|p2a: Venusaur|89/272\n|\n|-weather|Sandstorm|[upkeep]\n|-damage|p2a: Venusaur|72/272|[from] Sandstorm\n|upkeep\n|turn|16\n|\n|t:|1781450935\n|move|p2a: Venusaur|Sleep Powder|p1a: Hippowdon\n|-status|p1a: Hippowdon|slp|[from] move: Sleep Powder\n|cant|p1a: Hippowdon|slp\n|\n|-weather|Sandstorm|[upkeep]\n|-damage|p2a: Venusaur|55/272|[from] Sandstorm\n|upkeep\n|turn|17\n|\n|t:|1781450946\n|switch|p2a: Dewgong|Dewgong, L94, F|322/322\n|switch|p1a: Quaquaval|Quaquaval, L79, M|264/264\n|\n|-weather|Sandstorm|[upkeep]\n|-damage|p2a: Dewgong|302/322|[from] Sandstorm\n|-damage|p1a: Quaquaval|248/264|[from] Sandstorm\n|upkeep\n|turn|18\n|\n|t:|1781450970\n|switch|p2a: Articuno|Articuno-Galar, L84|288/288\n|move|p1a: Quaquaval|Close Combat|p2a: Articuno\n|-resisted|p2a: Articuno\n|-damage|p2a: Articuno|237/288\n|-unboost|p1a: Quaquaval|def|1\n|-unboost|p1a: Quaquaval|spd|1\n|\n|-weather|Sandstorm|[upkeep]\n|-damage|p2a: Articuno|219/288|[from] Sandstorm\n|-damage|p1a: Quaquaval|232/264|[from] Sandstorm\n|upkeep\n|turn|19\n|\n|t:|1781450990\n|switch|p1a: Sudowoodo|Sudowoodo, L94, F|284/284\n|move|p2a: Articuno|Freezing Glare|p1a: Sudowoodo\n|-damage|p1a: Sudowoodo|200/284\n|\n|-weather|none\n|-heal|p1a: Sudowoodo|217/284|[from] item: Leftovers\n|upkeep\n|turn|20\n|\n|t:|1781451005\n|switch|p2a: Tyranitar|Tyranitar, L78, M|284/284\n|-weather|Sandstorm|[from] ability: Sand Stream|[of] p2a: Tyranitar\n|move|p1a: Sudowoodo|Head Smash|p2a: Tyranitar\n|-damage|p2a: Tyranitar|103/284\n|\n|-weather|Sandstorm|[upkeep]\n|-heal|p2a: Tyranitar|120/284|[from] item: Leftovers\n|-heal|p1a: Sudowoodo|234/284|[from] item: Leftovers\n|upkeep\n|turn|21\n|\n|t:|1781451024\n|move|p2a: Tyranitar|Knock Off|p1a: Sudowoodo\n|-damage|p1a: Sudowoodo|143/284\n|-enditem|p1a: Sudowoodo|Leftovers|[from] move: Knock Off|[of] p2a: Tyranitar\n|move|p1a: Sudowoodo|Head Smash|p2a: Tyranitar|[miss]\n|-miss|p1a: Sudowoodo|p2a: Tyranitar\n|\n|-weather|Sandstorm|[upkeep]\n|-heal|p2a: Tyranitar|137/284|[from] item: Leftovers\n|upkeep\n|turn|22\n|inactive|tezkanagwar2 has 120 seconds left.\n|\n|t:|1781451040\n|switch|p2a: Gothitelle|Gothitelle, L90, F|13/272 slp\n|move|p1a: Sudowoodo|Head Smash|p2a: Gothitelle\n|-damage|p2a: Gothitelle|0 fnt\n|faint|p2a: Gothitelle\n|\n|-weather|Sandstorm|[upkeep]\n|upkeep\n|inactive|tezkanagwar2 has 120 seconds left.\n|\n|t:|1781451048\n|switch|p2a: Dewgong|Dewgong, L94, F|302/322\n|turn|23\n|\n|t:|1781451052\n|switch|p2a: Articuno|Articuno-Galar, L84|219/288\n|move|p1a: Sudowoodo|Head Smash|p2a: Articuno\n|-supereffective|p2a: Articuno\n|-damage|p2a: Articuno|0 fnt\n|faint|p2a: Articuno\n|\n|-weather|Sandstorm|[upkeep]\n|upkeep\n|inactive|tezkanagwar2 has 120 seconds left.\n|\n|t:|1781451072\n|switch|p2a: Dewgong|Dewgong, L94, F|302/322\n|turn|24\n|\n|t:|1781451075\n|move|p2a: Dewgong|Flip Turn|p1a: Sudowoodo\n|-supereffective|p1a: Sudowoodo\n|-damage|p1a: Sudowoodo|57/284\n|\n|t:|1781451084\n|switch|p2a: Tyranitar|Tyranitar, L78, M|137/284|[from] Flip Turn\n|move|p1a: Sudowoodo|Head Smash|p2a: Tyranitar\n|-damage|p2a: Tyranitar|0 fnt\n|faint|p2a: Tyranitar\n|\n|-weather|none\n|upkeep\n|\n|t:|1781451094\n|switch|p2a: Dewgong|Dewgong, L94, F|302/322\n|turn|25\n|\n|t:|1781451097\n|move|p1a: Sudowoodo|Sucker Punch|p2a: Dewgong\n|-damage|p2a: Dewgong|236/322\n|move|p2a: Dewgong|Flip Turn|p1a: Sudowoodo\n|-supereffective|p1a: Sudowoodo\n|-damage|p1a: Sudowoodo|0 fnt\n|faint|p1a: Sudowoodo\n|\n|t:|1781451105\n|switch|p2a: Venusaur|Venusaur, L84, F|55/272|[from] Flip Turn\n|\n|upkeep\n|\n|t:|1781451108\n|switch|p1a: Quaquaval|Quaquaval, L79, M|232/264\n|turn|26\n|\n|t:|1781451119\n|move|p2a: Venusaur|Leech Seed|p1a: Quaquaval\n|-start|p1a: Quaquaval|move: Leech Seed\n|move|p1a: Quaquaval|U-turn|p2a: Venusaur\n|-damage|p2a: Venusaur|0 fnt\n|faint|p2a: Venusaur\n|-ability|p1a: Quaquaval|Moxie|boost\n|-boost|p1a: Quaquaval|atk|1\n|\n|t:|1781451122\n|switch|p1a: Hippowdon|Hippowdon, L82, F|311/311 slp|[from] U-turn\n|-weather|Sandstorm|[from] ability: Sand Stream|[of] p1a: Hippowdon\n|\n|-weather|Sandstorm|[upkeep]\n|upkeep\n|\n|t:|1781451133\n|switch|p2a: Dewgong|Dewgong, L94, F|236/322\n|turn|27\n|\n|t:|1781451138\n|move|p2a: Dewgong|Flip Turn|p1a: Hippowdon\n|-supereffective|p1a: Hippowdon\n|-damage|p1a: Hippowdon|203/311 slp\n|-damage|p2a: Dewgong|183/322|[from] item: Rocky Helmet|[of] p1a: Hippowdon\n|\n|t:|1781451143\n|switch|p2a: Roaring Moon|Roaring Moon, L72|270/270|[from] Flip Turn\n|-curestatus|p1a: Hippowdon|slp|[msg]\n|move|p1a: Hippowdon|Earthquake|p2a: Roaring Moon\n|-damage|p2a: Roaring Moon|125/270\n|\n|-weather|Sandstorm|[upkeep]\n|-damage|p2a: Roaring Moon|109/270|[from] Sandstorm\n|upkeep\n|turn|28\n|inactive|tezkanagwar2 has 120 seconds left.\n|\n|t:|1781451178\n|move|p2a: Roaring Moon|Roost|p2a: Roaring Moon\n|-heal|p2a: Roaring Moon|244/270\n|-singleturn|p2a: Roaring Moon|move: Roost\n|move|p1a: Hippowdon|Earthquake|p2a: Roaring Moon\n|-damage|p2a: Roaring Moon|87/270\n|\n|-weather|Sandstorm|[upkeep]\n|-damage|p2a: Roaring Moon|71/270|[from] Sandstorm\n|upkeep\n|turn|29\n|inactive|tezkanagwar2 has 120 seconds left.\n|inactive|tezkanagwar2 has 90 seconds left.\n|c|\u2606davidpkf|gg\n|\n|t:|1781451233\n|-end|p2a: Roaring Moon|Protosynthesis|[silent]\n|switch|p2a: Dewgong|Dewgong, L94, F|183/322\n|move|p1a: Hippowdon|Earthquake|p2a: Dewgong\n|-damage|p2a: Dewgong|68/322\n|\n|-weather|Sandstorm|[upkeep]\n|-damage|p2a: Dewgong|48/322|[from] Sandstorm\n|upkeep\n|turn|30\n|\n|t:|1781451242\n|move|p2a: Dewgong|Hydro Pump|p1a: Hippowdon|[miss]\n|-miss|p2a: Dewgong|p1a: Hippowdon\n|move|p1a: Hippowdon|Slack Off|p1a: Hippowdon\n|-heal|p1a: Hippowdon|311/311\n|\n|-weather|none\n|upkeep\n|turn|31\n|\n|t:|1781451252\n|switch|p1a: Quaquaval|Quaquaval, L79, M|232/264\n|move|p2a: Dewgong|Hydro Pump|p1a: Quaquaval\n|-resisted|p1a: Quaquaval\n|-damage|p1a: Quaquaval|166/264\n|\n|upkeep\n|turn|32\n|inactive|tezkanagwar2 has 90 seconds left.\n|\n|t:|1781451267\n|move|p2a: Dewgong|Ice Beam|p1a: Quaquaval\n|-resisted|p1a: Quaquaval\n|-damage|p1a: Quaquaval|108/264\n|-status|p1a: Quaquaval|frz\n|cant|p1a: Quaquaval|frz\n|\n|upkeep\n|turn|33\n|inactive|tezkanagwar2 has 90 seconds left.\n|\n|t:|1781451278\n|move|p2a: Dewgong|Ice Beam|p1a: Quaquaval\n|-resisted|p1a: Quaquaval\n|-damage|p1a: Quaquaval|49/264 frz\n|-curestatus|p1a: Quaquaval|frz|[msg]\n|move|p1a: Quaquaval|U-turn|p2a: Dewgong\n|-damage|p2a: Dewgong|0 fnt\n|faint|p2a: Dewgong\n|-ability|p1a: Quaquaval|Moxie|boost\n|-boost|p1a: Quaquaval|atk|1\n|\n|t:|1781451281\n|switch|p1a: Hippowdon|Hippowdon, L82, F|311/311|[from] U-turn\n|-weather|Sandstorm|[from] ability: Sand Stream|[of] p1a: Hippowdon\n|\n|-weather|Sandstorm|[upkeep]\n|upkeep\n|inactive|tezkanagwar2 has 90 seconds left.\n|\n|t:|1781451292\n|switch|p2a: Roaring Moon|Roaring Moon, L72|71/270\n|turn|34\n|inactive|tezkanagwar2 has 90 seconds left.\n|\n|t:|1781451305\n|move|p2a: Roaring Moon|Roost|p2a: Roaring Moon\n|-heal|p2a: Roaring Moon|206/270\n|-singleturn|p2a: Roaring Moon|move: Roost\n|move|p1a: Hippowdon|Earthquake|p2a: Roaring Moon\n|-damage|p2a: Roaring Moon|53/270\n|\n|-weather|Sandstorm|[upkeep]\n|-damage|p2a: Roaring Moon|37/270|[from] Sandstorm\n|upkeep\n|turn|35\n|inactive|tezkanagwar2 has 90 seconds left.\n|\n|t:|1781451312\n|move|p2a: Roaring Moon|Roost|p2a: Roaring Moon\n|-heal|p2a: Roaring Moon|172/270\n|-singleturn|p2a: Roaring Moon|move: Roost\n|move|p1a: Hippowdon|Earthquake|p2a: Roaring Moon\n|-damage|p2a: Roaring Moon|19/270\n|\n|-weather|Sandstorm|[upkeep]\n|-damage|p2a: Roaring Moon|3/270|[from] Sandstorm\n|upkeep\n|turn|36\n|inactive|tezkanagwar2 has 90 seconds left.\n|-message|tezkanagwar2 forfeited.\n|\n|win|davidpkf\n|raw|davidpkf's rating: 1820 &rarr; <strong>1839</strong><br />(+19 for winning)\n|raw|tezkanagwar2's rating: 1810 &rarr; <strong>1791</strong><br />(-19 for losing)\n|l|\u2606tezkanagwar2\n|player|p2|\n", "uploadtime": 1781451335, "views": 3, "formatid": "gen9randombattle", "rating": 1791, "private": 0, "password": null}