{"id": "gen9randombattle-2631757050", "format": "[Gen 9] Random Battle", "players": ["sirrna", "Etjx"], "log": "|j|\u203dsirrna\n|j|\u2606Etjx@!\n|t:|1781434740\n|gametype|singles\n|player|p1|sirrna|265|2087\n|player|p2|Etjx|policeman-gen4|2125\n|gen|9\n|tier|[Gen 9] Random Battle\n|rated|\n|rule|Species Clause: Limit one of each Pok\u00e9mon\n|rule|HP Percentage Mod: HP is shown in percentages\n|rule|Sleep Clause Mod: Limit one foe put to sleep\n|rule|Illusion Level Mod: Illusion disguises the Pok\u00e9mon's true level\n|\n|t:|1781434740\n|teamsize|p1|6\n|teamsize|p2|6\n|start\n|switch|p1a: Infernape|Infernape, L82, M|259/259\n|switch|p2a: Lilligant|Lilligant, L86, F|261/261\n|turn|1\n|inactive|Battle timer is ON: inactive players will automatically lose when time's up. (requested by Etjx)\n|\n|t:|1781434763\n|switch|p2a: Dachsbun|Dachsbun, L92, M|254/254\n|move|p1a: Infernape|Knock Off|p2a: Dachsbun\n|-resisted|p2a: Dachsbun\n|-damage|p2a: Dachsbun|227/254\n|-enditem|p2a: Dachsbun|Leftovers|[from] move: Knock Off|[of] p1a: Infernape\n|\n|upkeep\n|turn|2\n|\n|t:|1781434776\n|switch|p1a: Klefki|Klefki, L84, F|233/233\n|move|p2a: Dachsbun|Yawn|p1a: Klefki\n|-start|p1a: Klefki|move: Yawn|[of] p2a: Dachsbun\n|\n|upkeep\n|turn|3\n|\n|t:|1781434782\n|switch|p2a: Metagross|Metagross, L79|256/256\n|switch|p1a: Stonjourner|Stonjourner, L91, M|330/330\n|\n|upkeep\n|turn|4\n|\n|t:|1781434789\n|switch|p2a: Suicune|Suicune, L82|298/298\n|-ability|p2a: Suicune|Pressure\n|move|p1a: Stonjourner|Stealth Rock|p2a: Suicune\n|-sidestart|p2: Etjx|move: Stealth Rock\n|\n|upkeep\n|turn|5\n|\n|t:|1781434794\n|switch|p1a: Wo-Chien|Wo-Chien, L83|277/277\n|-ability|p1a: Wo-Chien|Tablets of Ruin\n|move|p2a: Suicune|Scald|p1a: Wo-Chien\n|-resisted|p1a: Wo-Chien\n|-damage|p1a: Wo-Chien|252/277\n|\n|-heal|p1a: Wo-Chien|269/277|[from] item: Leftovers\n|upkeep\n|turn|6\n|\n|t:|1781434802\n|switch|p2a: Dachsbun|Dachsbun, L92, M|227/254\n|-damage|p2a: Dachsbun|196/254|[from] Stealth Rock\n|move|p1a: Wo-Chien|Knock Off|p2a: Dachsbun\n|-resisted|p2a: Dachsbun\n|-damage|p2a: Dachsbun|173/254\n|\n|-heal|p1a: Wo-Chien|277/277|[from] item: Leftovers\n|upkeep\n|turn|7\n|\n|t:|1781434806\n|move|p2a: Dachsbun|Play Rough|p1a: Wo-Chien\n|-supereffective|p1a: Wo-Chien\n|-damage|p1a: Wo-Chien|151/277\n|move|p1a: Wo-Chien|Stun Spore|p2a: Dachsbun\n|-status|p2a: Dachsbun|par\n|\n|-heal|p1a: Wo-Chien|168/277|[from] item: Leftovers\n|upkeep\n|turn|8\n|\n|t:|1781434812\n|move|p1a: Wo-Chien|Giga Drain|p2a: Dachsbun\n|-damage|p2a: Dachsbun|95/254 par\n|-heal|p1a: Wo-Chien|207/277|[from] drain|[of] p2a: Dachsbun\n|move|p2a: Dachsbun|Yawn|p1a: Wo-Chien\n|-start|p1a: Wo-Chien|move: Yawn|[of] p2a: Dachsbun\n|\n|-heal|p1a: Wo-Chien|224/277|[from] item: Leftovers\n|upkeep\n|turn|9\n|\n|t:|1781434819\n|switch|p1a: Stonjourner|Stonjourner, L91, M|330/330\n|move|p2a: Dachsbun|Wish|p2a: Dachsbun\n|\n|upkeep\n|turn|10\n|\n|t:|1781434825\n|switch|p2a: Suicune|Suicune, L82|298/298\n|-damage|p2a: Suicune|261/298|[from] Stealth Rock\n|-ability|p2a: Suicune|Pressure\n|move|p1a: Stonjourner|Stone Edge|p2a: Suicune\n|-damage|p2a: Suicune|93/298\n|-damage|p1a: Stonjourner|297/330|[from] item: Life Orb\n|\n|-heal|p2a: Suicune|220/298|[from] move: Wish|[wisher] Dachsbun\n|-heal|p2a: Suicune|238/298|[from] item: Leftovers\n|upkeep\n|turn|11\n|\n|t:|1781434834\n|switch|p1a: Wo-Chien|Wo-Chien, L83|224/277\n|-ability|p1a: Wo-Chien|Tablets of Ruin\n|move|p2a: Suicune|Scald|p1a: Wo-Chien\n|-resisted|p1a: Wo-Chien\n|-damage|p1a: Wo-Chien|195/277\n|\n|-heal|p2a: Suicune|256/298|[from] item: Leftovers\n|-heal|p1a: Wo-Chien|212/277|[from] item: Leftovers\n|upkeep\n|turn|12\n|\n|t:|1781434838\n|switch|p2a: Dachsbun|Dachsbun, L92, M|95/254 par\n|-damage|p2a: Dachsbun|64/254 par|[from] Stealth Rock\n|move|p1a: Wo-Chien|Giga Drain|p2a: Dachsbun\n|-damage|p2a: Dachsbun|0 fnt\n|-heal|p1a: Wo-Chien|244/277|[from] drain|[of] p2a: Dachsbun\n|faint|p2a: Dachsbun\n|\n|-heal|p1a: Wo-Chien|261/277|[from] item: Leftovers\n|upkeep\n|\n|t:|1781434846\n|switch|p2a: Lilligant|Lilligant, L86, F|261/261\n|-damage|p2a: Lilligant|229/261|[from] Stealth Rock\n|turn|13\n|\n|t:|1781434860\n|-terastallize|p1a: Wo-Chien|Poison\n|move|p2a: Lilligant|Quiver Dance|p2a: Lilligant\n|-boost|p2a: Lilligant|spa|1\n|-boost|p2a: Lilligant|spd|1\n|-boost|p2a: Lilligant|spe|1\n|move|p1a: Wo-Chien|Knock Off|p2a: Lilligant\n|-damage|p2a: Lilligant|124/261\n|-enditem|p2a: Lilligant|Life Orb|[from] move: Knock Off|[of] p1a: Wo-Chien\n|\n|-heal|p1a: Wo-Chien|277/277|[from] item: Leftovers\n|upkeep\n|turn|14\n|\n|t:|1781434866\n|move|p2a: Lilligant|Sleep Powder|p1a: Wo-Chien\n|-status|p1a: Wo-Chien|slp|[from] move: Sleep Powder\n|cant|p1a: Wo-Chien|slp\n|\n|upkeep\n|turn|15\n|\n|t:|1781434870\n|switch|p1a: Klefki|Klefki, L84, F|233/233\n|move|p2a: Lilligant|Quiver Dance|p2a: Lilligant\n|-boost|p2a: Lilligant|spa|1\n|-boost|p2a: Lilligant|spd|1\n|-boost|p2a: Lilligant|spe|1\n|\n|upkeep\n|turn|16\n|\n|t:|1781434878\n|move|p1a: Klefki|Thunder Wave|p2a: Lilligant\n|-status|p2a: Lilligant|par\n|move|p2a: Lilligant|Quiver Dance|p2a: Lilligant\n|-boost|p2a: Lilligant|spa|1\n|-boost|p2a: Lilligant|spd|1\n|-boost|p2a: Lilligant|spe|1\n|\n|upkeep\n|turn|17\n|\n|t:|1781434883\n|-terastallize|p2a: Lilligant|Fire\n|move|p2a: Lilligant|Tera Blast|p1a: Klefki|[anim] Tera Blast Fire\n|-supereffective|p1a: Klefki\n|-damage|p1a: Klefki|0 fnt\n|faint|p1a: Klefki\n|\n|upkeep\n|\n|t:|1781434889\n|switch|p1a: Porygon2|Porygon2, L81|270/270\n|-ability|p1a: Porygon2|Download|boost\n|-boost|p1a: Porygon2|atk|1\n|turn|18\n|\n|t:|1781434893\n|move|p2a: Lilligant|Quiver Dance|p2a: Lilligant\n|-boost|p2a: Lilligant|spa|1\n|-boost|p2a: Lilligant|spd|1\n|-boost|p2a: Lilligant|spe|1\n|move|p1a: Porygon2|Tri Attack|p2a: Lilligant\n|-damage|p2a: Lilligant|90/261 par\n|\n|upkeep\n|turn|19\n|\n|t:|1781434896\n|move|p2a: Lilligant|Giga Drain|p1a: Porygon2\n|-damage|p1a: Porygon2|87/270\n|-heal|p2a: Lilligant|182/261 par|[from] drain|[of] p1a: Porygon2\n|move|p1a: Porygon2|Tri Attack|p2a: Lilligant\n|-damage|p2a: Lilligant|152/261 par\n|\n|upkeep\n|turn|20\n|\n|t:|1781434920\n|move|p2a: Lilligant|Giga Drain|p1a: Porygon2\n|-damage|p1a: Porygon2|0 fnt\n|-heal|p2a: Lilligant|196/261 par|[from] drain|[of] p1a: Porygon2\n|faint|p1a: Porygon2\n|\n|upkeep\n|\n|t:|1781434922\n|switch|p1a: Stonjourner|Stonjourner, L91, M|297/330\n|turn|21\n|\n|t:|1781434926\n|move|p2a: Lilligant|Giga Drain|p1a: Stonjourner\n|-supereffective|p1a: Stonjourner\n|-damage|p1a: Stonjourner|0 fnt\n|-heal|p2a: Lilligant|261/261 par|[from] drain|[of] p1a: Stonjourner\n|faint|p1a: Stonjourner\n|\n|upkeep\n|-message|sirrna forfeited.\n|\n|win|Etjx\n", "uploadtime": 1781434742, "views": 3, "formatid": "gen9randombattle", "rating": null, "private": 0, "password": null}