{"id": "gen9randombattle-2631975301", "format": "[Gen 9] Random Battle", "players": ["willyamss", "Loser#636"], "log": "|j|\u2606willyamss\n|j|\u2606Loser#636\n|t:|1781461767\n|gametype|singles\n|player|p1|willyamss|265|1282\n|player|p2|Loser#636|102|1274\n|gen|9\n|tier|[Gen 9] Random Battle\n|rated|\n|rule|Species Clause: Limit one of each Pok\u00e9mon\n|rule|HP Percentage Mod: HP is shown in percentages\n|rule|Sleep Clause Mod: Limit one foe put to sleep\n|rule|Illusion Level Mod: Illusion disguises the Pok\u00e9mon's true level\n|\n|t:|1781461767\n|teamsize|p1|6\n|teamsize|p2|6\n|start\n|switch|p1a: Volcarona|Volcarona, L77, M|257/257\n|switch|p2a: Beartic|Beartic, L91, F|321/321\n|turn|1\n|inactive|Battle timer is ON: inactive players will automatically lose when time's up. (requested by willyamss)\n|\n|t:|1781461795\n|move|p1a: Volcarona|Fiery Dance|p2a: Beartic\n|-supereffective|p2a: Beartic\n|-damage|p2a: Beartic|141/321\n|-boost|p1a: Volcarona|spa|1\n|move|p2a: Beartic|Earthquake|p1a: Volcarona\n|-damage|p1a: Volcarona|118/257\n|\n|upkeep\n|turn|2\n|\n|t:|1781461806\n|switch|p2a: Vaporeon|Vaporeon, L86, M|364/364\n|move|p1a: Volcarona|Fiery Dance|p2a: Vaporeon\n|-resisted|p2a: Vaporeon\n|-damage|p2a: Vaporeon|295/364\n|-boost|p1a: Volcarona|spa|1\n|\n|-heal|p2a: Vaporeon|317/364|[from] item: Leftovers\n|upkeep\n|turn|3\n|c|\u2606Loser#636|switch\n|c|\u2606Loser#636|Hello\n|c|\u2606Loser#636|\ud83d\ude0a\n|\n|t:|1781461830\n|move|p1a: Volcarona|Bug Buzz|p2a: Vaporeon\n|-damage|p2a: Vaporeon|125/364\n|-unboost|p2a: Vaporeon|spd|1\n|move|p2a: Vaporeon|Scald|p1a: Volcarona\n|-supereffective|p1a: Volcarona\n|-damage|p1a: Volcarona|0 fnt\n|faint|p1a: Volcarona\n|\n|-heal|p2a: Vaporeon|147/364|[from] item: Leftovers\n|upkeep\n|c|\u2606Loser#636|Oh no you didn't listen\n|inactive|willyamss has 120 seconds left.\n|\n|t:|1781461846\n|switch|p1a: Tropius|Tropius, L91, F|328/328\n|turn|4\n|c|\u2606Loser#636|Water beats fire type friend\n|inactive|willyamss has 120 seconds left.\n|\n|t:|1781461862\n|switch|p2a: Beartic|Beartic, L91, F|141/321\n|move|p1a: Tropius|Leaf Blade|p2a: Beartic\n|-damage|p2a: Beartic|62/321\n|\n|upkeep\n|turn|5\n|inactive|willyamss has 120 seconds left.\n|\n|t:|1781461869\n|move|p1a: Tropius|Dual Wingbeat|p2a: Beartic\n|-damage|p2a: Beartic|22/321\n|-damage|p2a: Beartic|0 fnt\n|faint|p2a: Beartic\n|-hitcount|p2: Beartic|2\n|\n|upkeep\n|c|\u2606Loser#636|Ah you got me\n|c|\u2606willyamss|calm down little boy\n|\n|t:|1781461882\n|switch|p2a: Goodra|Goodra-Hisui, L82, F|265/265\n|turn|6\n|c|\u2606Loser#636|That was very good\n|\n|t:|1781461894\n|switch|p1a: Excadrill|Excadrill, L79, F|303/303\n|-ability|p1a: Excadrill|Mold Breaker\n|move|p2a: Goodra|Thunderbolt|p1a: Excadrill\n|-immune|p1a: Excadrill\n|\n|upkeep\n|turn|7\n|c|\u2606Loser#636|Smart\n|\n|t:|1781461906\n|switch|p2a: Chimecho|Chimecho, L93, F|290/290\n|move|p1a: Excadrill|Earthquake|p2a: Chimecho\n|-damage|p2a: Chimecho|178/290\n|\n|-heal|p2a: Chimecho|196/290|[from] item: Leftovers\n|upkeep\n|turn|8\n|c|\u2606Loser#636|I guess you do know what you know what you are doing\n|\n|t:|1781461935\n|move|p1a: Excadrill|Iron Head|p2a: Chimecho\n|-damage|p2a: Chimecho|97/290\n|move|p2a: Chimecho|Cosmic Power|p2a: Chimecho\n|-boost|p2a: Chimecho|def|1\n|-boost|p2a: Chimecho|spd|1\n|\n|-heal|p2a: Chimecho|115/290|[from] item: Leftovers\n|upkeep\n|turn|9\n|\n|t:|1781461944\n|move|p1a: Excadrill|Iron Head|p2a: Chimecho\n|-damage|p2a: Chimecho|49/290\n|move|p2a: Chimecho|Recover|p2a: Chimecho\n|-heal|p2a: Chimecho|194/290\n|\n|-heal|p2a: Chimecho|212/290|[from] item: Leftovers\n|upkeep\n|turn|10\n|c|\u2606Loser#636|I just got a warning\n|c|\u2606Loser#636|can you believe that\n|\n|t:|1781461958\n|switch|p1a: Grimmsnarl|Grimmsnarl, L83, M|293/293\n|move|p2a: Chimecho|Recover|p2a: Chimecho\n|-heal|p2a: Chimecho|290/290\n|\n|upkeep\n|turn|11\n|c|\u2606willyamss|if you talk too much\n|c|\u2606Loser#636|ah\n|c|\u2606Loser#636|that doesn't make sense\n|inactive|willyamss has 120 seconds left.\n|c|\u2606willyamss|and disrespectful\n|c|\u2606Loser#636|oh no disrespect\n|\n|t:|1781462004\n|move|p2a: Chimecho|Dazzling Gleam|p1a: Grimmsnarl\n|-supereffective|p1a: Grimmsnarl\n|-damage|p1a: Grimmsnarl|123/293\n|move|p1a: Grimmsnarl|Spirit Break|p2a: Chimecho\n|-damage|p2a: Chimecho|235/290\n|-unboost|p2a: Chimecho|spa|1\n|\n|-heal|p2a: Chimecho|253/290|[from] item: Leftovers\n|upkeep\n|turn|12\n|\n|t:|1781462016\n|move|p1a: Grimmsnarl|Parting Shot|p2a: Chimecho\n|-unboost|p2a: Chimecho|atk|1\n|-unboost|p2a: Chimecho|spa|1\n|c|\u2606Loser#636|smart move\n|\n|t:|1781462026\n|switch|p1a: Kricketune|Kricketune, L99, F|312/312|[from] Parting Shot\n|move|p2a: Chimecho|Cosmic Power|p2a: Chimecho\n|-boost|p2a: Chimecho|def|1\n|-boost|p2a: Chimecho|spd|1\n|\n|-heal|p2a: Chimecho|271/290|[from] item: Leftovers\n|upkeep\n|turn|13\n|c|\u2606Loser#636|Oh noo\n|inactive|willyamss has 90 seconds left.\n|c|\u2606Loser#636|I can't beat this\n|\n|t:|1781462059\n|move|p1a: Kricketune|Knock Off|p2a: Chimecho\n|-supereffective|p2a: Chimecho\n|-damage|p2a: Chimecho|185/290\n|-enditem|p2a: Chimecho|Leftovers|[from] move: Knock Off|[of] p1a: Kricketune\n|move|p2a: Chimecho|Dazzling Gleam|p1a: Kricketune\n|-damage|p1a: Kricketune|273/312\n|\n|upkeep\n|turn|14\n|c|\u2606Loser#636|It has the most beautiful cry\n|\n|t:|1781462071\n|move|p1a: Kricketune|Taunt|p2a: Chimecho\n|-start|p2a: Chimecho|move: Taunt\n|move|p2a: Chimecho|Stored Power|p1a: Kricketune\n|-damage|p1a: Kricketune|195/312\n|\n|upkeep\n|turn|15\n|\n|t:|1781462077\n|move|p1a: Kricketune|Pounce|p2a: Chimecho\n|-supereffective|p2a: Chimecho\n|-damage|p2a: Chimecho|89/290\n|-unboost|p2a: Chimecho|spe|1\n|move|p2a: Chimecho|Stored Power|p1a: Kricketune\n|-damage|p1a: Kricketune|120/312\n|\n|upkeep\n|turn|16\n|c|\u2606Loser#636|I must switch\n|c|\u2606willyamss|switch boy\n|\n|t:|1781462102\n|switch|p2a: Goodra|Goodra-Hisui, L82, F|265/265\n|move|p1a: Kricketune|Pounce|p2a: Goodra\n|-resisted|p2a: Goodra\n|-damage|p2a: Goodra|220/265\n|-unboost|p2a: Goodra|spe|1\n|\n|upkeep\n|turn|17\n|\n|t:|1781462114\n|switch|p1a: Excadrill|Excadrill, L79, F|303/303\n|-ability|p1a: Excadrill|Mold Breaker\n|move|p2a: Goodra|Hydro Pump|p1a: Excadrill|[miss]\n|-miss|p2a: Goodra|p1a: Excadrill\n|\n|upkeep\n|turn|18\n|c|\u2606Loser#636|I knew you were gonna do that\n|c|\u2606willyamss|unlucky\n|\n|t:|1781462131\n|switch|p2a: Vaporeon|Vaporeon, L86, M|147/364\n|move|p1a: Excadrill|Earthquake|p2a: Vaporeon\n|-crit|p2a: Vaporeon\n|-damage|p2a: Vaporeon|0 fnt\n|faint|p2a: Vaporeon\n|\n|upkeep\n|c|\u2606Loser#636|Wowers\n|c|\u2606willyamss|jo jo jo jo\n|inactive|Loser#636 has 120 seconds left.\n|c|\u2606willyamss|unlucky again\n|\n|t:|1781462152\n|switch|p2a: Goodra|Goodra-Hisui, L82, F|220/265\n|turn|19\n|inactive|willyamss has 90 seconds left.\n|inactive|Loser#636 has 120 seconds left.\n|\n|t:|1781462161\n|move|p1a: Excadrill|Earthquake|p2a: Goodra\n|-supereffective|p2a: Goodra\n|-damage|p2a: Goodra|0 fnt\n|faint|p2a: Goodra\n|\n|upkeep\n|c|\u2606willyamss|?????\n|inactive|Loser#636 has 120 seconds left.\n|c|\u2606Loser#636|my word\n|\n|t:|1781462170\n|switch|p2a: Dodrio|Dodrio, L85, M|241/241\n|turn|20\n|\n|t:|1781462177\n|move|p2a: Dodrio|Swords Dance|p2a: Dodrio\n|-boost|p2a: Dodrio|atk|2\n|move|p1a: Excadrill|Rock Slide|p2a: Dodrio\n|-supereffective|p2a: Dodrio\n|-damage|p2a: Dodrio|101/241\n|\n|upkeep\n|turn|21\n|\n|t:|1781462189\n|move|p2a: Dodrio|Drill Run|p1a: Excadrill\n|-supereffective|p1a: Excadrill\n|-damage|p1a: Excadrill|0 fnt\n|faint|p1a: Excadrill\n|\n|upkeep\n|c|\u2606Loser#636|That's alot of damage\n|c|\u2606Loser#636|you are much better than I thought\n|inactive|willyamss has 90 seconds left.\n|c|\u2606Loser#636|You are certainly winning rn\n|\n|t:|1781462229\n|switch|p1a: Tropius|Tropius, L91, F|328/328\n|turn|22\n|c|\u2606Loser#636|Don't you believe so\n|c|\u2606Loser#636|Match out for my attack\n|c|\u2606Loser#636|Watch\n|inactive|willyamss has 60 seconds left.\n|inactive|Loser#636 has 120 seconds left.\n|c|\u2606Loser#636|unless you Terastallize\n|c|\u2606Loser#636|But this is my last move\n|inactive|willyamss has 30 seconds left.\n|c|\u2606Loser#636|So its hit or miss\n|inactive|willyamss has 20 seconds left.\n|c|\u2606Loser#636|you gotta be careful\n|inactive|willyamss has 15 seconds left.\n|c|\u2606Loser#636|I'm gonna use Brave Bird\n|inactive|willyamss has 10 seconds left.\n|\n|t:|1781462309\n|-terastallize|p1a: Tropius|Ground\n|move|p2a: Dodrio|Brave Bird|p1a: Tropius\n|-damage|p1a: Tropius|72/328\n|-enditem|p1a: Tropius|Sitrus Berry|[eat]\n|-heal|p1a: Tropius|154/328|[from] item: Sitrus Berry\n|-damage|p2a: Dodrio|17/241|[from] Recoil\n|move|p1a: Tropius|Dual Wingbeat|p2a: Dodrio\n|-crit|p2a: Dodrio\n|-damage|p2a: Dodrio|0 fnt\n|faint|p2a: Dodrio\n|-hitcount|p2: Dodrio|1\n|\n|-item|p1a: Tropius|Sitrus Berry|[from] ability: Harvest\n|upkeep\n|-enditem|p1a: Tropius|Sitrus Berry|[eat]\n|-heal|p1a: Tropius|236/328|[from] item: Sitrus Berry\n|c|\u2606Loser#636|becuase my bird is brave\n|inactive|Loser#636 has 90 seconds left.\n|c|\u2606Loser#636|Outstanding\n|\n|t:|1781462330\n|switch|p2a: Chimecho|Chimecho, L93, F|89/290\n|turn|23\n|inactive|willyamss has 25 seconds left this turn.\n|c|\u2606willyamss|life is good\n|inactive|willyamss has 20 seconds left.\n|c|\u2606Loser#636|I must say\n|c|\u2606Loser#636|I am cornered\n|\n|t:|1781462354\n|-terastallize|p2a: Chimecho|Steel\n|move|p2a: Chimecho|Recover|p2a: Chimecho\n|-heal|p2a: Chimecho|234/290\n|move|p1a: Tropius|Dual Wingbeat|p2a: Chimecho\n|-resisted|p2a: Chimecho\n|-damage|p2a: Chimecho|216/290\n|-resisted|p2a: Chimecho\n|-damage|p2a: Chimecho|197/290\n|-hitcount|p2a: Chimecho|2\n|\n|upkeep\n|turn|24\n|inactive|willyamss has 30 seconds left this turn.\n|inactive|willyamss has 20 seconds left.\n|inactive|Loser#636 has 60 seconds left.\n|c|\u2606Loser#636|Unless you got earthquake you can not get me\n|\n|t:|1781462385\n|move|p2a: Chimecho|Cosmic Power|p2a: Chimecho\n|-boost|p2a: Chimecho|def|1\n|-boost|p2a: Chimecho|spd|1\n|move|p1a: Tropius|Earthquake|p2a: Chimecho\n|-immune|p2a: Chimecho|[from] ability: Levitate\n|\n|-item|p1a: Tropius|Sitrus Berry|[from] ability: Harvest\n|upkeep\n|turn|25\n|inactive|willyamss has 30 seconds left this turn.\n|c|\u2606Loser#636|I forgot about that\n|inactive|willyamss has 20 seconds left.\n|inactive|willyamss has 15 seconds left.\n|\n|t:|1781462402\n|switch|p1a: Grimmsnarl|Grimmsnarl, L83, M|123/293\n|move|p2a: Chimecho|Cosmic Power|p2a: Chimecho\n|-boost|p2a: Chimecho|def|1\n|-boost|p2a: Chimecho|spd|1\n|\n|upkeep\n|turn|26\n|inactive|willyamss has 25 seconds left this turn.\n|c|\u2606Loser#636|My bad\n|inactive|willyamss has 20 seconds left.\n|inactive|willyamss has 15 seconds left.\n|\n|t:|1781462416\n|move|p1a: Grimmsnarl|Light Screen|p1a: Grimmsnarl\n|-sidestart|p1: willyamss|move: Light Screen\n|move|p2a: Chimecho|Dazzling Gleam|p1a: Grimmsnarl\n|-supereffective|p1a: Grimmsnarl\n|-damage|p1a: Grimmsnarl|46/293\n|\n|upkeep\n|turn|27\n|inactive|willyamss has 25 seconds left this turn.\n|inactive|willyamss has 20 seconds left.\n|inactive|Loser#636 has 60 seconds left.\n|\n|t:|1781462425\n|move|p1a: Grimmsnarl|Parting Shot|p2a: Chimecho\n|-unboost|p2a: Chimecho|atk|1\n|-unboost|p2a: Chimecho|spa|1\n|inactive|willyamss has 25 seconds left this turn.\n|inactive|willyamss has 20 seconds left.\n|inactive|willyamss has 15 seconds left.\n|c|\u2606Loser#636|it matters not\n|\n|t:|1781462437\n|switch|p1a: Kricketune|Kricketune, L99, F|120/312|[from] Parting Shot\n|move|p2a: Chimecho|Cosmic Power|p2a: Chimecho\n|-boost|p2a: Chimecho|def|1\n|-boost|p2a: Chimecho|spd|1\n|\n|upkeep\n|turn|28\n|inactive|willyamss has 25 seconds left this turn.\n|inactive|willyamss has 20 seconds left.\n|\n|t:|1781462446\n|move|p1a: Kricketune|Taunt|p2a: Chimecho\n|-start|p2a: Chimecho|move: Taunt\n|move|p2a: Chimecho|Dazzling Gleam|p1a: Kricketune\n|-damage|p1a: Kricketune|93/312\n|\n|upkeep\n|turn|29\n|inactive|willyamss has 30 seconds left this turn.\n|inactive|willyamss has 20 seconds left.\n|\n|t:|1781462458\n|switch|p1a: Tropius|Tropius, L91, F, tera:Ground|236/328\n|move|p2a: Chimecho|Dazzling Gleam|p1a: Tropius\n|-damage|p1a: Tropius|215/328\n|\n|upkeep\n|turn|30\n|inactive|willyamss has 30 seconds left this turn.\n|\n|t:|1781462463\n|move|p2a: Chimecho|Stored Power|p1a: Tropius\n|-damage|p1a: Tropius|156/328\n|-enditem|p1a: Tropius|Sitrus Berry|[eat]\n|-heal|p1a: Tropius|238/328|[from] item: Sitrus Berry\n|move|p1a: Tropius|Dragon Dance|p1a: Tropius\n|-boost|p1a: Tropius|atk|1\n|-boost|p1a: Tropius|spe|1\n|\n|-end|p2a: Chimecho|move: Taunt\n|-item|p1a: Tropius|Sitrus Berry|[from] ability: Harvest\n|upkeep\n|turn|31\n|inactive|willyamss has 30 seconds left.\n|inactive|Loser#636 has 90 seconds left.\n|inactive|willyamss has 20 seconds left.\n|\n|t:|1781462479\n|move|p1a: Tropius|Dragon Dance|p1a: Tropius\n|-boost|p1a: Tropius|atk|1\n|-boost|p1a: Tropius|spe|1\n|move|p2a: Chimecho|Cosmic Power|p2a: Chimecho\n|-boost|p2a: Chimecho|def|1\n|-boost|p2a: Chimecho|spd|1\n|\n|upkeep\n|turn|32\n|inactive|willyamss has 30 seconds left this turn.\n|inactive|Loser#636 has 90 seconds left.\n|\n|t:|1781462491\n|move|p1a: Tropius|Leaf Blade|p2a: Chimecho\n|-resisted|p2a: Chimecho\n|-damage|p2a: Chimecho|170/290\n|move|p2a: Chimecho|Cosmic Power|p2a: Chimecho\n|-boost|p2a: Chimecho|def|1\n|-boost|p2a: Chimecho|spd|1\n|\n|upkeep\n|turn|33\n|inactive|willyamss has 30 seconds left.\n|\n|t:|1781462499\n|switch|p1a: Grimmsnarl|Grimmsnarl, L83, M|46/293\n|move|p2a: Chimecho|Recover|p2a: Chimecho\n|-heal|p2a: Chimecho|290/290\n|\n|-sideend|p1: willyamss|move: Light Screen\n|upkeep\n|turn|34\n|\n|t:|1781462506\n|move|p1a: Grimmsnarl|Reflect|p1a: Grimmsnarl\n|-sidestart|p1: willyamss|Reflect\n|move|p2a: Chimecho|Dazzling Gleam|p1a: Grimmsnarl\n|-supereffective|p1a: Grimmsnarl\n|-damage|p1a: Grimmsnarl|0 fnt\n|faint|p1a: Grimmsnarl\n|\n|upkeep\n|\n|t:|1781462513\n|switch|p1a: Clawitzer|Clawitzer, L87, M|265/265\n|turn|35\n|\n|t:|1781462520\n|move|p2a: Chimecho|Stored Power|p1a: Clawitzer\n|-damage|p1a: Clawitzer|139/265\n|move|p1a: Clawitzer|Dark Pulse|p2a: Chimecho\n|-damage|p2a: Chimecho|263/290\n|\n|upkeep\n|turn|36\n|c|\u2606Loser#636|POh no\n|c|\u2606willyamss|hahahahahaha\n|c|\u2606willyamss|gg\n|c|\u2606Loser#636|I am steel friend\n|c|\u2606Loser#636|\ud83d\ude0a GG\n|inactive|willyamss has 30 seconds left.\n|\n|t:|1781462544\n|switch|p1a: Kricketune|Kricketune, L99, F|93/312\n|move|p2a: Chimecho|Stored Power|p1a: Kricketune\n|-damage|p1a: Kricketune|0 fnt\n|faint|p1a: Kricketune\n|\n|upkeep\n|c|\u2606Loser#636|Let's finish up\n|inactive|willyamss has 30 seconds left.\n|\n|t:|1781462551\n|switch|p1a: Clawitzer|Clawitzer, L87, M|139/265\n|turn|37\n|c|\u2606Loser#636|You could have won\n|inactive|willyamss has 30 seconds left.\n|c|\u2606willyamss|thts very zzzz\n|inactive|willyamss has 20 seconds left.\n|c|\u2606willyamss|but anyways\n|c|\u2606Loser#636|Tropius is for early game\n|inactive|willyamss has 15 seconds left.\n|inactive|willyamss has 10 seconds left.\n|inactive|willyamss has 5 seconds left.\n|c|\u2606willyamss|it is what it is\n|c|\u2606Loser#636|iT's also good in mid game\n|c|\u2606Loser#636|GG\n|-message|willyamss lost due to inactivity.\n|\n|win|Loser#636\n|raw|willyamss's rating: 1282 &rarr; <strong>1256</strong><br />(-26 for losing)\n|raw|Loser#636's rating: 1274 &rarr; <strong>1300</strong><br />(+26 for winning)\n|l|\u2606willyamss\n|player|p1|\n|c|\u2606Loser#636|Do take care friend\n", "uploadtime": 1781462600, "views": 7, "formatid": "gen9randombattle", "rating": 1256, "private": 0, "password": null}