{"id": "gen9randombattle-2631856932", "format": "[Gen 9] Random Battle", "players": ["Mr Tpen", "goooze"], "log": "|j|\u2606Mr Tpen\n|j|\u2606goooze\n|t:|1781448765\n|gametype|singles\n|player|p1|Mr Tpen|1|2115\n|player|p2|goooze|sage|2218\n|gen|9\n|tier|[Gen 9] Random Battle\n|rated|\n|rule|Species Clause: Limit one of each Pok\u00e9mon\n|rule|HP Percentage Mod: HP is shown in percentages\n|rule|Sleep Clause Mod: Limit one foe put to sleep\n|rule|Illusion Level Mod: Illusion disguises the Pok\u00e9mon's true level\n|\n|t:|1781448765\n|teamsize|p1|6\n|teamsize|p2|6\n|start\n|switch|p1a: Beartic|Beartic, L91, F|321/321\n|switch|p2a: Mimikyu|Mimikyu, L79, M|216/216\n|turn|1\n|j| Rabiesdfsdf\n|j| chenyiyiyiyiyi\n|inactive|Battle timer is ON: inactive players will automatically lose when time's up. (requested by Mr Tpen)\n|inactive|goooze has 120 seconds left.\n|\n|t:|1781448816\n|switch|p2a: Tauros|Tauros-Paldea-Aqua, L81, M|254/254\n|-ability|p2a: Tauros|Intimidate|boost\n|-unboost|p1a: Beartic|atk|1\n|move|p1a: Beartic|Icicle Crash|p2a: Tauros\n|-resisted|p2a: Tauros\n|-damage|p2a: Tauros|199/254\n|\n|upkeep\n|turn|2\n|\n|t:|1781448826\n|switch|p1a: Wugtrio|Wugtrio, L91, F|212/212\n|move|p2a: Tauros|Close Combat|p1a: Wugtrio\n|-damage|p1a: Wugtrio|0 fnt\n|-unboost|p2a: Tauros|def|1\n|-unboost|p2a: Tauros|spd|1\n|-ability|p1a: Wugtrio|Gooey\n|-unboost|p2a: Tauros|spe|1\n|faint|p1a: Wugtrio\n|\n|upkeep\n|\n|t:|1781448837\n|switch|p1a: Deoxys|Deoxys-Defense, L84|221/221\n|-ability|p1a: Deoxys|Pressure\n|turn|3\n|\n|t:|1781448849\n|switch|p2a: Dachsbun|Dachsbun, L92, F|254/254\n|move|p1a: Deoxys|Cosmic Power|p1a: Deoxys\n|-boost|p1a: Deoxys|def|1\n|-boost|p1a: Deoxys|spd|1\n|\n|upkeep\n|turn|4\n|\n|t:|1781448854\n|move|p2a: Dachsbun|Yawn|p1a: Deoxys\n|-start|p1a: Deoxys|move: Yawn|[of] p2a: Dachsbun\n|move|p1a: Deoxys|Cosmic Power|p1a: Deoxys\n|-boost|p1a: Deoxys|def|1\n|-boost|p1a: Deoxys|spd|1\n|\n|upkeep\n|turn|5\n|\n|t:|1781448880\n|switch|p2a: Polteageist|Polteageist, L78|222/222\n|move|p1a: Deoxys|Cosmic Power|p1a: Deoxys\n|-boost|p1a: Deoxys|def|1\n|-boost|p1a: Deoxys|spd|1\n|\n|-end|p1a: Deoxys|move: Yawn|[silent]\n|-status|p1a: Deoxys|slp\n|upkeep\n|turn|6\n|\n|t:|1781448884\n|cant|p1a: Deoxys|slp\n|move|p2a: Polteageist|Shell Smash|p2a: Polteageist\n|-unboost|p2a: Polteageist|def|1\n|-unboost|p2a: Polteageist|spd|1\n|-boost|p2a: Polteageist|atk|2\n|-boost|p2a: Polteageist|spa|2\n|-boost|p2a: Polteageist|spe|2\n|-enditem|p2a: Polteageist|White Herb\n|-clearnegativeboost|p2a: Polteageist|[silent]\n|\n|upkeep\n|turn|7\n|\n|t:|1781448888\n|switch|p1a: Goodra|Goodra-Hisui, L82, M|265/265\n|move|p2a: Polteageist|Shell Smash|p2a: Polteageist\n|-unboost|p2a: Polteageist|def|1\n|-unboost|p2a: Polteageist|spd|1\n|-boost|p2a: Polteageist|atk|2\n|-boost|p2a: Polteageist|spa|2\n|-boost|p2a: Polteageist|spe|2\n|\n|upkeep\n|turn|8\n|inactive|goooze has 120 seconds left.\n|\n|t:|1781448928\n|switch|p2a: Tauros|Tauros-Paldea-Aqua, L81, M|199/254\n|-ability|p2a: Tauros|Intimidate|boost\n|-unboost|p1a: Goodra|atk|1\n|move|p1a: Goodra|Heavy Slam|p2a: Tauros\n|-resisted|p2a: Tauros\n|-damage|p2a: Tauros|176/254\n|\n|upkeep\n|turn|9\n|inactive|goooze has 120 seconds left.\n|\n|t:|1781448937\n|move|p2a: Tauros|Wave Crash|p1a: Goodra\n|-resisted|p1a: Goodra\n|-damage|p1a: Goodra|171/265\n|-damage|p2a: Tauros|145/254|[from] Recoil\n|move|p1a: Goodra|Draco Meteor|p2a: Tauros\n|-damage|p2a: Tauros|0 fnt\n|-unboost|p1a: Goodra|spa|2\n|faint|p2a: Tauros\n|\n|upkeep\n|inactive|goooze has 120 seconds left.\n|\n|t:|1781448958\n|switch|p2a: Mimikyu|Mimikyu, L79, M|216/216\n|turn|10\n|\n|t:|1781448962\n|move|p2a: Mimikyu|Swords Dance|p2a: Mimikyu\n|-boost|p2a: Mimikyu|atk|2\n|move|p1a: Goodra|Heavy Slam|p2a: Mimikyu\n|-activate|p2a: Mimikyu|ability: Disguise\n|-damage|p2a: Mimikyu|216/216\n|detailschange|p2a: Mimikyu|Mimikyu-Busted, L79, M\n|-damage|p2a: Mimikyu|189/216|[from] pokemon: Mimikyu-Busted\n|\n|upkeep\n|turn|11\n|\n|t:|1781448968\n|move|p2a: Mimikyu|Play Rough|p1a: Goodra\n|-damage|p1a: Goodra|0 fnt\n|faint|p1a: Goodra\n|-damage|p2a: Mimikyu|168/216|[from] item: Life Orb\n|\n|upkeep\n|\n|t:|1781448972\n|switch|p1a: Beartic|Beartic, L91, F|321/321\n|turn|12\n|\n|t:|1781448978\n|move|p2a: Mimikyu|Play Rough|p1a: Beartic\n|-damage|p1a: Beartic|118/321\n|-damage|p2a: Mimikyu|147/216|[from] item: Life Orb\n|move|p1a: Beartic|Icicle Crash|p2a: Mimikyu|[miss]\n|-miss|p1a: Beartic|p2a: Mimikyu\n|\n|upkeep\n|turn|13\n|\n|t:|1781448984\n|move|p2a: Mimikyu|Shadow Claw|p1a: Beartic\n|-damage|p1a: Beartic|0 fnt\n|faint|p1a: Beartic\n|-damage|p2a: Mimikyu|126/216|[from] item: Life Orb\n|\n|upkeep\n|\n|t:|1781448987\n|switch|p1a: Skeledirge|Skeledirge, L79, F|294/294\n|turn|14\n|\n|t:|1781448994\n|-terastallize|p1a: Skeledirge|Water\n|move|p2a: Mimikyu|Shadow Claw|p1a: Skeledirge\n|-damage|p1a: Skeledirge|216/294\n|-damage|p2a: Mimikyu|105/216|[from] item: Life Orb\n|move|p1a: Skeledirge|Will-O-Wisp|p2a: Mimikyu\n|-status|p2a: Mimikyu|brn\n|\n|-damage|p2a: Mimikyu|92/216 brn|[from] brn\n|upkeep\n|turn|15\n|\n|t:|1781449003\n|switch|p2a: Dachsbun|Dachsbun, L92, F|254/254\n|move|p1a: Skeledirge|Torch Song|p2a: Dachsbun\n|-ability|p2a: Dachsbun|Well-Baked Body|boost\n|-boost|p2a: Dachsbun|def|2\n|\n|upkeep\n|turn|16\n|\n|t:|1781449010\n|move|p2a: Dachsbun|Yawn|p1a: Skeledirge\n|-start|p1a: Skeledirge|move: Yawn|[of] p2a: Dachsbun\n|move|p1a: Skeledirge|Hex|p2a: Dachsbun\n|-damage|p2a: Dachsbun|193/254\n|\n|-heal|p2a: Dachsbun|208/254|[from] item: Leftovers\n|upkeep\n|turn|17\n|l| chenyiyiyiyiyi\n|\n|t:|1781449018\n|move|p2a: Dachsbun|Wish|p2a: Dachsbun\n|move|p1a: Skeledirge|Hex|p2a: Dachsbun\n|-damage|p2a: Dachsbun|142/254\n|\n|-heal|p2a: Dachsbun|157/254|[from] item: Leftovers\n|-end|p1a: Skeledirge|move: Yawn|[silent]\n|-message|Sleep Clause Mod activated.\n|-hint|Sleep Clause Mod prevents players from putting more than one of their opponent's Pok\u00e9mon to sleep at a time\n|upkeep\n|turn|18\n|\n|t:|1781449022\n|move|p2a: Dachsbun|Play Rough|p1a: Skeledirge\n|-damage|p1a: Skeledirge|114/294\n|-unboost|p1a: Skeledirge|atk|1\n|move|p1a: Skeledirge|Hex|p2a: Dachsbun\n|-damage|p2a: Dachsbun|90/254\n|\n|-heal|p2a: Dachsbun|217/254|[from] move: Wish|[wisher] Dachsbun\n|-heal|p2a: Dachsbun|232/254|[from] item: Leftovers\n|upkeep\n|turn|19\n|\n|t:|1781449028\n|move|p2a: Dachsbun|Wish|p2a: Dachsbun\n|move|p1a: Skeledirge|Slack Off|p1a: Skeledirge\n|-heal|p1a: Skeledirge|261/294\n|\n|-heal|p2a: Dachsbun|247/254|[from] item: Leftovers\n|upkeep\n|turn|20\n|\n|t:|1781449031\n|switch|p1a: Deoxys|Deoxys-Defense, L84|221/221 slp\n|-ability|p1a: Deoxys|Pressure\n|move|p2a: Dachsbun|Play Rough|p1a: Deoxys\n|-damage|p1a: Deoxys|160/221 slp\n|\n|-heal|p2a: Dachsbun|254/254|[from] move: Wish|[wisher] Dachsbun\n|-heal|p1a: Deoxys|173/221 slp|[from] item: Leftovers\n|upkeep\n|turn|21\n|\n|t:|1781449041\n|switch|p2a: Polteageist|Polteageist, L78|222/222\n|-curestatus|p1a: Deoxys|slp|[msg]\n|move|p1a: Deoxys|Cosmic Power|p1a: Deoxys\n|-boost|p1a: Deoxys|def|1\n|-boost|p1a: Deoxys|spd|1\n|\n|-heal|p1a: Deoxys|186/221|[from] item: Leftovers\n|upkeep\n|turn|22\n|\n|t:|1781449053\n|switch|p2a: Dachsbun|Dachsbun, L92, F|254/254\n|move|p1a: Deoxys|Cosmic Power|p1a: Deoxys\n|-boost|p1a: Deoxys|def|1\n|-boost|p1a: Deoxys|spd|1\n|\n|-heal|p1a: Deoxys|199/221|[from] item: Leftovers\n|upkeep\n|turn|23\n|\n|t:|1781449056\n|move|p2a: Dachsbun|Yawn|p1a: Deoxys\n|-start|p1a: Deoxys|move: Yawn|[of] p2a: Dachsbun\n|move|p1a: Deoxys|Stored Power|p2a: Dachsbun\n|-damage|p2a: Dachsbun|178/254\n|\n|-heal|p2a: Dachsbun|193/254|[from] item: Leftovers\n|-heal|p1a: Deoxys|212/221|[from] item: Leftovers\n|upkeep\n|turn|24\n|\n|t:|1781449063\n|move|p2a: Dachsbun|Play Rough|p1a: Deoxys\n|-crit|p1a: Deoxys\n|-damage|p1a: Deoxys|115/221\n|move|p1a: Deoxys|Cosmic Power|p1a: Deoxys\n|-boost|p1a: Deoxys|def|1\n|-boost|p1a: Deoxys|spd|1\n|\n|-heal|p2a: Dachsbun|208/254|[from] item: Leftovers\n|-heal|p1a: Deoxys|128/221|[from] item: Leftovers\n|-end|p1a: Deoxys|move: Yawn|[silent]\n|-status|p1a: Deoxys|slp\n|upkeep\n|turn|25\n|\n|t:|1781449087\n|switch|p2a: Polteageist|Polteageist, L78|222/222\n|cant|p1a: Deoxys|slp\n|\n|-heal|p1a: Deoxys|141/221 slp|[from] item: Leftovers\n|upkeep\n|turn|26\n|\n|t:|1781449091\n|cant|p1a: Deoxys|slp\n|move|p2a: Polteageist|Shadow Ball|p1a: Deoxys\n|-supereffective|p1a: Deoxys\n|-damage|p1a: Deoxys|91/221 slp\n|\n|-heal|p1a: Deoxys|104/221 slp|[from] item: Leftovers\n|upkeep\n|turn|27\n|\n|t:|1781449097\n|cant|p1a: Deoxys|slp\n|move|p2a: Polteageist|Shell Smash|p2a: Polteageist\n|-unboost|p2a: Polteageist|def|1\n|-unboost|p2a: Polteageist|spd|1\n|-boost|p2a: Polteageist|atk|2\n|-boost|p2a: Polteageist|spa|2\n|-boost|p2a: Polteageist|spe|2\n|\n|-heal|p1a: Deoxys|117/221 slp|[from] item: Leftovers\n|upkeep\n|turn|28\n|\n|t:|1781449103\n|move|p2a: Polteageist|Shadow Ball|p1a: Deoxys\n|-supereffective|p1a: Deoxys\n|-damage|p1a: Deoxys|31/221 slp\n|-unboost|p1a: Deoxys|spd|1\n|-curestatus|p1a: Deoxys|slp|[msg]\n|move|p1a: Deoxys|Recover|p1a: Deoxys\n|-heal|p1a: Deoxys|142/221\n|\n|-heal|p1a: Deoxys|155/221|[from] item: Leftovers\n|upkeep\n|turn|29\n|\n|t:|1781449113\n|move|p2a: Polteageist|Shadow Ball|p1a: Deoxys\n|-supereffective|p1a: Deoxys\n|-damage|p1a: Deoxys|33/221\n|-unboost|p1a: Deoxys|spd|1\n|move|p1a: Deoxys|Cosmic Power|p1a: Deoxys\n|-boost|p1a: Deoxys|def|1\n|-boost|p1a: Deoxys|spd|1\n|\n|-heal|p1a: Deoxys|46/221|[from] item: Leftovers\n|upkeep\n|turn|30\n|\n|t:|1781449118\n|move|p2a: Polteageist|Shadow Ball|p1a: Deoxys\n|-supereffective|p1a: Deoxys\n|-damage|p1a: Deoxys|0 fnt\n|faint|p1a: Deoxys\n|\n|upkeep\n|\n|t:|1781449121\n|switch|p1a: Skeledirge|Skeledirge, L79, F, tera:Water|261/294\n|turn|31\n|\n|t:|1781449129\n|move|p2a: Polteageist|Stored Power|p1a: Skeledirge\n|-damage|p1a: Skeledirge|128/294\n|move|p1a: Skeledirge|Torch Song|p2a: Polteageist\n|-damage|p2a: Polteageist|147/222\n|-boost|p1a: Skeledirge|spa|1\n|-start|p1a: Skeledirge|Disable|Torch Song|[from] ability: Cursed Body|[of] p2a: Polteageist\n|\n|upkeep\n|turn|32\n|\n|t:|1781449147\n|move|p2a: Polteageist|Stored Power|p1a: Skeledirge\n|-damage|p1a: Skeledirge|0 fnt\n|faint|p1a: Skeledirge\n|\n|upkeep\n|l| Rabiesdfsdf\n|-message|Mr Tpen forfeited.\n|\n|win|goooze\n", "uploadtime": 1781448767, "views": 4, "formatid": "gen9randombattle", "rating": null, "private": 0, "password": null}