{"id": "gen9randombattle-2631416023", "format": "[Gen 9] Random Battle", "players": ["qiuescent", "lionbark"], "log": "|j|\u203dqiuescent\n|j|\u2606lionbark\n|t:|1781381982\n|gametype|singles\n|player|p1|qiuescent|265|2175\n|player|p2|lionbark|265|2051\n|gen|9\n|tier|[Gen 9] Random Battle\n|rated|\n|rule|Species Clause: Limit one of each Pok\u00e9mon\n|rule|HP Percentage Mod: HP is shown in percentages\n|rule|Sleep Clause Mod: Limit one foe put to sleep\n|rule|Illusion Level Mod: Illusion disguises the Pok\u00e9mon's true level\n|\n|t:|1781381982\n|teamsize|p1|6\n|teamsize|p2|6\n|start\n|switch|p1a: Krookodile|Krookodile, L79, F|280/280\n|switch|p2a: Keldeo|Keldeo-Resolute, L79|273/273\n|-ability|p1a: Krookodile|Intimidate|boost\n|-unboost|p2a: Keldeo|atk|1\n|turn|1\n|inactive|Battle timer is ON: inactive players will automatically lose when time's up. (requested by lionbark)\n|\n|t:|1781382002\n|switch|p1a: Flutter Mane|Flutter Mane, L74|203/203\n|move|p2a: Keldeo|Surf|p1a: Flutter Mane\n|-damage|p1a: Flutter Mane|118/203\n|\n|upkeep\n|turn|2\n|inactive|lionbark has 120 seconds left.\n|\n|t:|1781382037\n|switch|p2a: Toedscruel|Toedscruel, L87, M|281/281\n|move|p1a: Flutter Mane|Moonblast|p2a: Toedscruel\n|-damage|p2a: Toedscruel|172/281\n|\n|-heal|p2a: Toedscruel|189/281|[from] item: Leftovers\n|upkeep\n|turn|3\n|\n|t:|1781382044\n|move|p1a: Flutter Mane|Moonblast|p2a: Toedscruel\n|-damage|p2a: Toedscruel|69/281\n|move|p2a: Toedscruel|Toxic|p1a: Flutter Mane\n|-status|p1a: Flutter Mane|tox\n|\n|-heal|p2a: Toedscruel|86/281|[from] item: Leftovers\n|-damage|p1a: Flutter Mane|106/203 tox|[from] psn\n|upkeep\n|turn|4\n|inactive|lionbark has 120 seconds left.\n|\n|t:|1781382089\n|move|p1a: Flutter Mane|Moonblast|p2a: Toedscruel\n|-crit|p2a: Toedscruel\n|-damage|p2a: Toedscruel|0 fnt\n|faint|p2a: Toedscruel\n|\n|-damage|p1a: Flutter Mane|82/203 tox|[from] psn\n|upkeep\n|\n|t:|1781382094\n|switch|p2a: Regieleki|Regieleki, L79|256/256\n|turn|5\n|\n|t:|1781382111\n|switch|p2a: Keldeo|Keldeo-Resolute, L79|273/273\n|move|p1a: Flutter Mane|Moonblast|p2a: Keldeo\n|-supereffective|p2a: Keldeo\n|-damage|p2a: Keldeo|0 fnt\n|faint|p2a: Keldeo\n|\n|-damage|p1a: Flutter Mane|46/203 tox|[from] psn\n|upkeep\n|\n|t:|1781382119\n|switch|p2a: Decidueye|Decidueye, L88, M|281/281\n|turn|6\n|\n|t:|1781382123\n|-end|p1a: Flutter Mane|Protosynthesis|[silent]\n|switch|p1a: Rotom|Rotom-Heat, L83|219/219\n|move|p2a: Decidueye|Knock Off|p1a: Rotom\n|-damage|p1a: Rotom|132/219\n|-enditem|p1a: Rotom|Heavy-Duty Boots|[from] move: Knock Off|[of] p2a: Decidueye\n|-damage|p2a: Decidueye|253/281|[from] item: Life Orb\n|\n|upkeep\n|turn|7\n|\n|t:|1781382141\n|switch|p2a: Kyogre|Kyogre, L71|259/259\n|-weather|RainDance|[from] ability: Drizzle|[of] p2a: Kyogre\n|move|p1a: Rotom|Overheat|p2a: Kyogre|[miss]\n|-miss|p1a: Rotom|p2a: Kyogre\n|\n|-weather|RainDance|[upkeep]\n|upkeep\n|turn|8\n|\n|t:|1781382148\n|move|p2a: Kyogre|Water Spout|p1a: Rotom\n|-supereffective|p1a: Rotom\n|-damage|p1a: Rotom|0 fnt\n|faint|p1a: Rotom\n|\n|-weather|RainDance|[upkeep]\n|upkeep\n|\n|t:|1781382155\n|switch|p1a: Cobalion|Cobalion, L80|277/277\n|turn|9\n|\n|t:|1781382160\n|-terastallize|p1a: Cobalion|Water\n|move|p2a: Kyogre|Water Spout|p1a: Cobalion\n|-resisted|p1a: Cobalion\n|-damage|p1a: Cobalion|130/277\n|move|p1a: Cobalion|Stealth Rock|p2a: Kyogre\n|-sidestart|p2: lionbark|move: Stealth Rock\n|\n|-weather|RainDance|[upkeep]\n|-heal|p1a: Cobalion|147/277|[from] item: Leftovers\n|upkeep\n|turn|10\n|\n|t:|1781382167\n|-terastallize|p2a: Kyogre|Water\n|move|p2a: Kyogre|Water Spout|p1a: Cobalion\n|-resisted|p1a: Cobalion\n|-damage|p1a: Cobalion|0 fnt\n|faint|p1a: Cobalion\n|\n|-weather|RainDance|[upkeep]\n|upkeep\n|\n|t:|1781382168\n|switch|p1a: Ninetales|Ninetales-Alola, L78, F|242/242\n|-weather|Snowscape|[from] ability: Snow Warning|[of] p1a: Ninetales\n|turn|11\n|\n|t:|1781382178\n|move|p2a: Kyogre|Water Spout|p1a: Ninetales\n|-damage|p1a: Ninetales|24/242\n|move|p1a: Ninetales|Moonblast|p2a: Kyogre\n|-damage|p2a: Kyogre|192/259\n|\n|-weather|Snowscape|[upkeep]\n|upkeep\n|turn|12\n|\n|t:|1781382183\n|move|p2a: Kyogre|Water Spout|p1a: Ninetales\n|-damage|p1a: Ninetales|0 fnt\n|faint|p1a: Ninetales\n|\n|-weather|Snowscape|[upkeep]\n|upkeep\n|\n|t:|1781382190\n|switch|p1a: Krookodile|Krookodile, L79, F|280/280\n|-ability|p1a: Krookodile|Intimidate|boost\n|-unboost|p2a: Kyogre|atk|1\n|turn|13\n|\n|t:|1781382193\n|move|p2a: Kyogre|Water Spout|p1a: Krookodile\n|-supereffective|p1a: Krookodile\n|-damage|p1a: Krookodile|0 fnt\n|faint|p1a: Krookodile\n|\n|-weather|Snowscape|[upkeep]\n|upkeep\n|-message|qiuescent forfeited.\n|\n|win|lionbark\n", "uploadtime": 1781381984, "views": 8, "formatid": "gen9randombattle", "rating": null, "private": 0, "password": null}