{"id": "gen9randombattle-2631643328", "format": "[Gen 9] Random Battle", "players": ["Lujay7", "wuxianta"], "log": "|j|\u2606Lujay7\n|j|\u2606wuxianta\n|t:|1781413726\n|gametype|singles\n|player|p1|Lujay7|2|1957\n|player|p2|wuxianta|170|1919\n|gen|9\n|tier|[Gen 9] Random Battle\n|rated|\n|rule|Species Clause: Limit one of each Pok\u00e9mon\n|rule|HP Percentage Mod: HP is shown in percentages\n|rule|Sleep Clause Mod: Limit one foe put to sleep\n|rule|Illusion Level Mod: Illusion disguises the Pok\u00e9mon's true level\n|\n|t:|1781413726\n|teamsize|p1|6\n|teamsize|p2|6\n|start\n|switch|p1a: Spidops|Spidops, L96, M|271/271\n|switch|p2a: Sudowoodo|Sudowoodo, L94, F|284/284\n|turn|1\n|inactive|Battle timer is ON: inactive players will automatically lose when time's up. (requested by wuxianta)\n|\n|t:|1781413739\n|switch|p1a: Tauros|Tauros-Paldea-Combat, L82, M|257/257\n|-ability|p1a: Tauros|Intimidate|boost\n|-unboost|p2a: Sudowoodo|atk|1\n|move|p2a: Sudowoodo|Head Smash|p1a: Tauros|[miss]\n|-miss|p2a: Sudowoodo|p1a: Tauros\n|\n|upkeep\n|turn|2\n|j| xiaozenguu\n|\n|t:|1781413753\n|switch|p2a: Magcargo|Magcargo, L95, M|268/268\n|move|p1a: Tauros|Earthquake|p2a: Magcargo\n|-supereffective|p2a: Magcargo\n|-damage|p2a: Magcargo|0 fnt\n|faint|p2a: Magcargo\n|\n|upkeep\n|\n|t:|1781413768\n|switch|p2a: Azelf|Azelf, L82|257/257\n|turn|3\n|\n|t:|1781413790\n|switch|p1a: Spidops|Spidops, L96, M|271/271\n|move|p2a: Azelf|Fire Blast|p1a: Spidops\n|-supereffective|p1a: Spidops\n|-damage|p1a: Spidops|53/271\n|-damage|p2a: Azelf|232/257|[from] item: Life Orb\n|\n|upkeep\n|turn|4\n|\n|t:|1781413802\n|switch|p1a: Salamence|Salamence, L77, M|273/273\n|move|p2a: Azelf|Psychic|p1a: Salamence\n|-damage|p1a: Salamence|100/273\n|-damage|p2a: Azelf|207/257|[from] item: Life Orb\n|\n|upkeep\n|turn|5\n|inactive|Lujay7 has 120 seconds left.\n|\n|t:|1781413827\n|move|p2a: Azelf|Psychic|p1a: Salamence\n|-crit|p1a: Salamence\n|-damage|p1a: Salamence|0 fnt\n|faint|p1a: Salamence\n|-damage|p2a: Azelf|182/257|[from] item: Life Orb\n|\n|upkeep\n|\n|t:|1781413829\n|switch|p1a: Volcarona|Volcarona, L77, M|257/257\n|turn|6\n|\n|t:|1781413853\n|move|p2a: Azelf|Psychic|p1a: Volcarona\n|-damage|p1a: Volcarona|131/257\n|-damage|p2a: Azelf|157/257|[from] item: Life Orb\n|move|p1a: Volcarona|Bug Buzz|p2a: Azelf\n|-supereffective|p2a: Azelf\n|-damage|p2a: Azelf|0 fnt\n|faint|p2a: Azelf\n|\n|upkeep\n|inactive|wuxianta has 120 seconds left.\n|\n|t:|1781413885\n|switch|p2a: Froslass|Froslass, L87, F|263/263\n|turn|7\n|\n|t:|1781413902\n|switch|p1a: Toxapex|Toxapex, L82, M|216/216\n|move|p2a: Froslass|Poltergeist|p1a: Toxapex\n|-activate|p1a: Toxapex|move: Poltergeist|Rocky Helmet\n|-damage|p1a: Toxapex|147/216\n|\n|upkeep\n|turn|8\n|inactive|wuxianta has 120 seconds left.\n|\n|t:|1781413919\n|move|p2a: Froslass|Spikes|p1a: Toxapex\n|-sidestart|p1: Lujay7|Spikes\n|move|p1a: Toxapex|Toxic|p2a: Froslass\n|-status|p2a: Froslass|tox\n|\n|-damage|p2a: Froslass|247/263 tox|[from] psn\n|upkeep\n|turn|9\n|\n|t:|1781413927\n|move|p2a: Froslass|Spikes|p1a: Toxapex\n|-sidestart|p1: Lujay7|Spikes\n|move|p1a: Toxapex|Recover|p1a: Toxapex\n|-heal|p1a: Toxapex|216/216\n|\n|-damage|p2a: Froslass|215/263 tox|[from] psn\n|upkeep\n|turn|10\n|\n|t:|1781413932\n|move|p2a: Froslass|Spikes|p1a: Toxapex\n|-sidestart|p1: Lujay7|Spikes\n|move|p1a: Toxapex|Liquidation|p2a: Froslass\n|-damage|p2a: Froslass|149/263 tox\n|\n|-damage|p2a: Froslass|101/263 tox|[from] psn\n|upkeep\n|turn|11\n|\n|t:|1781413943\n|switch|p2a: Sylveon|Sylveon, L85, F|300/300\n|move|p1a: Toxapex|Liquidation|p2a: Sylveon\n|-damage|p2a: Sylveon|218/300\n|-unboost|p2a: Sylveon|def|1\n|\n|-heal|p2a: Sylveon|236/300|[from] item: Leftovers\n|upkeep\n|turn|12\n|\n|t:|1781413951\n|-terastallize|p2a: Sylveon|Steel\n|move|p2a: Sylveon|Protect|p2a: Sylveon\n|-singleturn|p2a: Sylveon|Protect\n|move|p1a: Toxapex|Liquidation|p2a: Sylveon\n|-activate|p2a: Sylveon|move: Protect\n|\n|-heal|p2a: Sylveon|254/300|[from] item: Leftovers\n|upkeep\n|turn|13\n|\n|t:|1781413974\n|switch|p2a: Froslass|Froslass, L87, F|101/263 tox\n|move|p1a: Toxapex|Liquidation|p2a: Froslass\n|-damage|p2a: Froslass|32/263 tox\n|\n|-damage|p2a: Froslass|16/263 tox|[from] psn\n|upkeep\n|turn|14\n|\n|t:|1781413982\n|move|p2a: Froslass|Destiny Bond|p2a: Froslass\n|-singlemove|p2a: Froslass|Destiny Bond\n|move|p1a: Toxapex|Recover||[still]\n|-fail|p1a: Toxapex|heal\n|\n|-damage|p2a: Froslass|0 fnt|[from] psn\n|faint|p2a: Froslass\n|upkeep\n|\n|t:|1781413986\n|switch|p2a: Sylveon|Sylveon, L85, F, tera:Steel|254/300\n|turn|15\n|\n|t:|1781413992\n|move|p2a: Sylveon|Protect|p2a: Sylveon\n|-singleturn|p2a: Sylveon|Protect\n|move|p1a: Toxapex|Liquidation|p2a: Sylveon\n|-activate|p2a: Sylveon|move: Protect\n|\n|-heal|p2a: Sylveon|272/300|[from] item: Leftovers\n|upkeep\n|turn|16\n|\n|t:|1781414001\n|move|p2a: Sylveon|Calm Mind|p2a: Sylveon\n|-boost|p2a: Sylveon|spa|1\n|-boost|p2a: Sylveon|spd|1\n|move|p1a: Toxapex|Liquidation|p2a: Sylveon\n|-damage|p2a: Sylveon|194/300\n|-unboost|p2a: Sylveon|def|1\n|\n|-heal|p2a: Sylveon|212/300|[from] item: Leftovers\n|upkeep\n|turn|17\n|\n|t:|1781414005\n|move|p2a: Sylveon|Protect|p2a: Sylveon\n|-singleturn|p2a: Sylveon|Protect\n|move|p1a: Toxapex|Liquidation|p2a: Sylveon\n|-activate|p2a: Sylveon|move: Protect\n|\n|-heal|p2a: Sylveon|230/300|[from] item: Leftovers\n|upkeep\n|turn|18\n|\n|t:|1781414015\n|switch|p2a: Gogoat|Gogoat, L88, F|360/360\n|move|p1a: Toxapex|Liquidation|p2a: Gogoat\n|-resisted|p2a: Gogoat\n|-damage|p2a: Gogoat|321/360\n|\n|-heal|p2a: Gogoat|343/360|[from] item: Leftovers\n|upkeep\n|turn|19\n|\n|t:|1781414031\n|switch|p2a: Sylveon|Sylveon, L85, F, tera:Steel|230/300\n|move|p1a: Toxapex|Toxic|p2a: Sylveon\n|-immune|p2a: Sylveon\n|\n|-heal|p2a: Sylveon|248/300|[from] item: Leftovers\n|upkeep\n|turn|20\n|\n|t:|1781414038\n|switch|p1a: Swalot|Swalot, L90, M|326/326\n|-damage|p1a: Swalot|245/326|[from] Spikes\n|move|p2a: Sylveon|Protect||[still]\n|-fail|p2a: Sylveon\n|\n|-heal|p2a: Sylveon|266/300|[from] item: Leftovers\n|-heal|p1a: Swalot|265/326|[from] item: Leftovers\n|upkeep\n|turn|21\n|\n|t:|1781414050\n|switch|p2a: Sudowoodo|Sudowoodo, L94, F|284/284\n|move|p1a: Swalot|Earthquake|p2a: Sudowoodo\n|-supereffective|p2a: Sudowoodo\n|-damage|p2a: Sudowoodo|182/284\n|\n|-heal|p1a: Swalot|285/326|[from] item: Leftovers\n|upkeep\n|turn|22\n|\n|t:|1781414056\n|move|p1a: Swalot|Protect|p1a: Swalot\n|-singleturn|p1a: Swalot|Protect\n|move|p2a: Sudowoodo|Earthquake|p1a: Swalot\n|-activate|p1a: Swalot|move: Protect\n|\n|-heal|p1a: Swalot|305/326|[from] item: Leftovers\n|upkeep\n|turn|23\n|\n|t:|1781414068\n|move|p1a: Swalot|Toxic|p2a: Sudowoodo\n|-status|p2a: Sudowoodo|tox\n|move|p2a: Sudowoodo|Earthquake|p1a: Swalot\n|-supereffective|p1a: Swalot\n|-damage|p1a: Swalot|47/326\n|\n|-heal|p1a: Swalot|67/326|[from] item: Leftovers\n|-damage|p2a: Sudowoodo|165/284 tox|[from] psn\n|upkeep\n|turn|24\n|\n|t:|1781414092\n|move|p1a: Swalot|Earthquake|p2a: Sudowoodo\n|-supereffective|p2a: Sudowoodo\n|-damage|p2a: Sudowoodo|75/284 tox\n|move|p2a: Sudowoodo|Earthquake|p1a: Swalot\n|-supereffective|p1a: Swalot\n|-damage|p1a: Swalot|0 fnt\n|faint|p1a: Swalot\n|\n|-damage|p2a: Sudowoodo|41/284 tox|[from] psn\n|upkeep\n|\n|t:|1781414096\n|switch|p1a: Spidops|Spidops, L96, M|53/271\n|turn|25\n|\n|t:|1781414105\n|switch|p2a: Sylveon|Sylveon, L85, F, tera:Steel|266/300\n|move|p1a: Spidops|Toxic Spikes|p2a: Sylveon\n|-sidestart|p2: wuxianta|move: Toxic Spikes\n|\n|-heal|p2a: Sylveon|284/300|[from] item: Leftovers\n|upkeep\n|turn|26\n|\n|t:|1781414115\n|move|p2a: Sylveon|Calm Mind|p2a: Sylveon\n|-boost|p2a: Sylveon|spa|1\n|-boost|p2a: Sylveon|spd|1\n|move|p1a: Spidops|Circle Throw|p2a: Sylveon\n|-supereffective|p2a: Sylveon\n|-damage|p2a: Sylveon|176/300\n|drag|p2a: Sudowoodo|Sudowoodo, L94, F|41/284 tox\n|\n|-damage|p2a: Sudowoodo|24/284 tox|[from] psn\n|upkeep\n|turn|27\n|\n|t:|1781414139\n|move|p1a: Spidops|Toxic Spikes|p2a: Sudowoodo\n|-sidestart|p2: wuxianta|move: Toxic Spikes\n|move|p2a: Sudowoodo|Earthquake|p1a: Spidops\n|-resisted|p1a: Spidops\n|-damage|p1a: Spidops|0 fnt\n|faint|p1a: Spidops\n|\n|-damage|p2a: Sudowoodo|0 fnt|[from] psn\n|faint|p2a: Sudowoodo\n|upkeep\n|\n|t:|1781414151\n|switch|p1a: Tauros|Tauros-Paldea-Combat, L82, M|257/257\n|switch|p2a: Gogoat|Gogoat, L88, F|343/360\n|-damage|p1a: Tauros|193/257|[from] Spikes\n|-ability|p1a: Tauros|Intimidate|boost\n|-unboost|p2a: Gogoat|atk|1\n|-status|p2a: Gogoat|tox\n|turn|28\n|\n|t:|1781414167\n|switch|p1a: Toxapex|Toxapex, L82, M|216/216\n|-damage|p1a: Toxapex|162/216|[from] Spikes\n|move|p2a: Gogoat|Bulk Up|p2a: Gogoat\n|-boost|p2a: Gogoat|atk|1\n|-boost|p2a: Gogoat|def|1\n|\n|-heal|p2a: Gogoat|360/360 tox|[from] item: Leftovers\n|-damage|p2a: Gogoat|338/360 tox|[from] psn\n|upkeep\n|turn|29\n|inactive|Lujay7 has 120 seconds left.\n|\n|t:|1781414185\n|move|p2a: Gogoat|Bulk Up|p2a: Gogoat\n|-boost|p2a: Gogoat|atk|1\n|-boost|p2a: Gogoat|def|1\n|move|p1a: Toxapex|Haze|p1a: Toxapex\n|-clearallboost\n|\n|-heal|p2a: Gogoat|360/360 tox|[from] item: Leftovers\n|-damage|p2a: Gogoat|316/360 tox|[from] psn\n|upkeep\n|turn|30\n|\n|t:|1781414189\n|switch|p2a: Sylveon|Sylveon, L85, F, tera:Steel|176/300\n|move|p1a: Toxapex|Liquidation|p2a: Sylveon\n|-damage|p2a: Sylveon|98/300\n|\n|-heal|p2a: Sylveon|116/300|[from] item: Leftovers\n|upkeep\n|turn|31\n|\n|t:|1781414192\n|switch|p1a: Volcarona|Volcarona, L77, M|131/257\n|move|p2a: Sylveon|Protect||[still]\n|-fail|p2a: Sylveon\n|\n|-heal|p2a: Sylveon|134/300|[from] item: Leftovers\n|upkeep\n|turn|32\n|\n|t:|1781414202\n|move|p1a: Volcarona|Fire Blast|p2a: Sylveon\n|-supereffective|p2a: Sylveon\n|-damage|p2a: Sylveon|0 fnt\n|faint|p2a: Sylveon\n|\n|upkeep\n|-message|wuxianta forfeited.\n|\n|win|Lujay7\n", "uploadtime": 1781413728, "views": 3, "formatid": "gen9randombattle", "rating": null, "private": 0, "password": null}