{"id": "gen9randombattle-2631593175", "format": "[Gen 9] Random Battle", "players": ["Cesar A Bedoya", "catlib"], "log": "|j|\u2606Cesar A Bedoya\n|j|\u2606catlib\n|t:|1781405898\n|gametype|singles\n|player|p1|Cesar A Bedoya|shadowtriad|1953\n|player|p2|catlib|birdkeeper|1904\n|gen|9\n|tier|[Gen 9] Random Battle\n|rated|\n|rule|Species Clause: Limit one of each Pok\u00e9mon\n|rule|HP Percentage Mod: HP is shown in percentages\n|rule|Sleep Clause Mod: Limit one foe put to sleep\n|rule|Illusion Level Mod: Illusion disguises the Pok\u00e9mon's true level\n|\n|t:|1781405898\n|teamsize|p1|6\n|teamsize|p2|6\n|start\n|switch|p1a: Floatzel|Floatzel, L86, F|286/286\n|switch|p2a: Arceus|Arceus-Dark, L71|288/288\n|turn|1\n|inactive|Battle timer is ON: inactive players will automatically lose when time's up. (requested by Cesar A Bedoya)\n|\n|t:|1781405916\n|move|p1a: Floatzel|Bulk Up|p1a: Floatzel\n|-boost|p1a: Floatzel|atk|1\n|-boost|p1a: Floatzel|def|1\n|move|p2a: Arceus|Judgment|p1a: Floatzel\n|-damage|p1a: Floatzel|141/286\n|\n|-heal|p1a: Floatzel|158/286|[from] item: Leftovers\n|upkeep\n|turn|2\n|\n|t:|1781405942\n|switch|p2a: Kyurem|Kyurem-White, L73|303/303\n|-ability|p2a: Kyurem|Turboblaze\n|move|p1a: Floatzel|Ice Spinner|p2a: Kyurem\n|-damage|p2a: Kyurem|191/303\n|\n|-heal|p1a: Floatzel|175/286|[from] item: Leftovers\n|upkeep\n|turn|3\n|\n|t:|1781405948\n|move|p1a: Floatzel|Wave Crash|p2a: Kyurem\n|-resisted|p2a: Kyurem\n|-damage|p2a: Kyurem|74/303\n|-damage|p1a: Floatzel|136/286|[from] Recoil\n|move|p2a: Kyurem|Freeze-Dry|p1a: Floatzel\n|-supereffective|p1a: Floatzel\n|-damage|p1a: Floatzel|0 fnt\n|faint|p1a: Floatzel\n|\n|upkeep\n|\n|t:|1781405966\n|switch|p1a: Eelektross|Eelektross, L87, F|290/290\n|turn|4\n|\n|t:|1781405976\n|switch|p2a: Electivire|Electivire, L84, M|263/263\n|move|p1a: Eelektross|Coil|p1a: Eelektross\n|-boost|p1a: Eelektross|atk|1\n|-boost|p1a: Eelektross|def|1\n|-boost|p1a: Eelektross|accuracy|1\n|\n|upkeep\n|turn|5\n|\n|t:|1781405992\n|move|p2a: Electivire|Knock Off|p1a: Eelektross\n|-damage|p1a: Eelektross|221/290\n|-enditem|p1a: Eelektross|Leftovers|[from] move: Knock Off|[of] p2a: Electivire\n|-damage|p2a: Electivire|237/263|[from] item: Life Orb\n|move|p1a: Eelektross|Coil|p1a: Eelektross\n|-boost|p1a: Eelektross|atk|1\n|-boost|p1a: Eelektross|def|1\n|-boost|p1a: Eelektross|accuracy|1\n|\n|upkeep\n|turn|6\n|\n|t:|1781405998\n|switch|p2a: Clodsire|Clodsire, L81, F|343/343\n|move|p1a: Eelektross|Drain Punch|p2a: Clodsire\n|-resisted|p2a: Clodsire\n|-crit|p2a: Clodsire\n|-damage|p2a: Clodsire|283/343\n|-heal|p1a: Eelektross|251/290|[from] drain|[of] p2a: Clodsire\n|\n|-heal|p2a: Clodsire|304/343|[from] item: Leftovers\n|upkeep\n|turn|7\n|\n|t:|1781406007\n|move|p1a: Eelektross|Fire Punch|p2a: Clodsire\n|-damage|p2a: Clodsire|212/343\n|move|p2a: Clodsire|Toxic Spikes|p1a: Eelektross\n|-sidestart|p1: Cesar A Bedoya|move: Toxic Spikes\n|\n|-heal|p2a: Clodsire|233/343|[from] item: Leftovers\n|upkeep\n|turn|8\n|\n|t:|1781406011\n|move|p1a: Eelektross|Fire Punch|p2a: Clodsire\n|-damage|p2a: Clodsire|138/343\n|move|p2a: Clodsire|Toxic Spikes|p1a: Eelektross\n|-sidestart|p1: Cesar A Bedoya|move: Toxic Spikes\n|\n|-heal|p2a: Clodsire|159/343|[from] item: Leftovers\n|upkeep\n|turn|9\n|\n|t:|1781406019\n|move|p1a: Eelektross|Fire Punch|p2a: Clodsire\n|-damage|p2a: Clodsire|78/343\n|move|p2a: Clodsire|Recover|p2a: Clodsire\n|-heal|p2a: Clodsire|250/343\n|\n|-heal|p2a: Clodsire|271/343|[from] item: Leftovers\n|upkeep\n|turn|10\n|\n|t:|1781406022\n|move|p1a: Eelektross|Coil|p1a: Eelektross\n|-boost|p1a: Eelektross|atk|1\n|-boost|p1a: Eelektross|def|1\n|-boost|p1a: Eelektross|accuracy|1\n|move|p2a: Clodsire|Gunk Shot|p1a: Eelektross\n|-damage|p1a: Eelektross|149/290\n|-status|p1a: Eelektross|psn\n|\n|-heal|p2a: Clodsire|292/343|[from] item: Leftovers\n|-damage|p1a: Eelektross|113/290 psn|[from] psn\n|upkeep\n|turn|11\n|\n|t:|1781406030\n|move|p1a: Eelektross|Fire Punch|p2a: Clodsire\n|-damage|p2a: Clodsire|199/343\n|move|p2a: Clodsire|Gunk Shot|p1a: Eelektross\n|-damage|p1a: Eelektross|4/290 psn\n|\n|-heal|p2a: Clodsire|220/343|[from] item: Leftovers\n|-damage|p1a: Eelektross|0 fnt|[from] psn\n|faint|p1a: Eelektross\n|upkeep\n|\n|t:|1781406039\n|switch|p1a: Whiscash|Whiscash, L88, F|337/337\n|-status|p1a: Whiscash|tox\n|turn|12\n|\n|t:|1781406044\n|switch|p2a: Kyurem|Kyurem-White, L73|74/303\n|-ability|p2a: Kyurem|Turboblaze\n|move|p1a: Whiscash|Earthquake|p2a: Kyurem\n|-damage|p2a: Kyurem|0 fnt\n|faint|p2a: Kyurem\n|\n|-damage|p1a: Whiscash|316/337 tox|[from] psn\n|upkeep\n|\n|t:|1781406053\n|switch|p2a: Toedscruel|Toedscruel, L87, F|281/281\n|turn|13\n|\n|t:|1781406069\n|move|p2a: Toedscruel|Giga Drain|p1a: Whiscash\n|-supereffective|p1a: Whiscash\n|-damage|p1a: Whiscash|4/337 tox\n|move|p1a: Whiscash|Ice Beam|p2a: Toedscruel\n|-supereffective|p2a: Toedscruel\n|-damage|p2a: Toedscruel|169/281\n|\n|-heal|p1a: Whiscash|25/337 tox|[from] item: Leftovers\n|-damage|p1a: Whiscash|0 fnt|[from] psn\n|faint|p1a: Whiscash\n|upkeep\n|-message|Cesar A Bedoya forfeited.\n|\n|win|catlib\n", "uploadtime": 1781405900, "views": 3, "formatid": "gen9randombattle", "rating": null, "private": 0, "password": null}