{"id": "gen9randombattle-2631634626", "format": "[Gen 9] Random Battle", "players": ["butterchicken786", "gr88nhood"], "log": "|j|\u2606butterchicken786\n|j|\u2606gr88nhood\n|t:|1781412279\n|gametype|singles\n|player|p1|butterchicken786|giovanni|1695\n|player|p2|gr88nhood|2|1666\n|gen|9\n|tier|[Gen 9] Random Battle\n|rated|\n|rule|Species Clause: Limit one of each Pok\u00e9mon\n|rule|HP Percentage Mod: HP is shown in percentages\n|rule|Sleep Clause Mod: Limit one foe put to sleep\n|rule|Illusion Level Mod: Illusion disguises the Pok\u00e9mon's true level\n|\n|t:|1781412279\n|teamsize|p1|6\n|teamsize|p2|6\n|start\n|switch|p1a: Manaphy|Manaphy, L78|284/284\n|switch|p2a: Regigigas|Regigigas, L84|322/322\n|-start|p2a: Regigigas|ability: Slow Start\n|turn|1\n|\n|t:|1781412304\n|move|p1a: Manaphy|Hydro Pump|p2a: Regigigas|[miss]\n|-miss|p1a: Manaphy|p2a: Regigigas\n|move|p2a: Regigigas|Substitute|p2a: Regigigas\n|-start|p2a: Regigigas|Substitute\n|-damage|p2a: Regigigas|242/322\n|\n|-heal|p2a: Regigigas|262/322|[from] item: Leftovers\n|upkeep\n|turn|2\n|\n|t:|1781412308\n|move|p1a: Manaphy|Ice Beam|p2a: Regigigas\n|-activate|p2a: Regigigas|move: Substitute|[damage]\n|move|p2a: Regigigas|Knock Off|p1a: Manaphy\n|-damage|p1a: Manaphy|233/284\n|-enditem|p1a: Manaphy|Leftovers|[from] move: Knock Off|[of] p2a: Regigigas\n|\n|-heal|p2a: Regigigas|282/322|[from] item: Leftovers\n|upkeep\n|turn|3\n|\n|t:|1781412317\n|move|p2a: Regigigas|Protect|p2a: Regigigas\n|-singleturn|p2a: Regigigas|Protect\n|move|p1a: Manaphy|Ice Beam|p2a: Regigigas\n|-activate|p2a: Regigigas|move: Protect\n|\n|-heal|p2a: Regigigas|302/322|[from] item: Leftovers\n|upkeep\n|turn|4\n|\n|t:|1781412319\n|move|p1a: Manaphy|Ice Beam|p2a: Regigigas\n|-end|p2a: Regigigas|Substitute\n|move|p2a: Regigigas|Body Slam|p1a: Manaphy\n|-damage|p1a: Manaphy|172/284\n|\n|-heal|p2a: Regigigas|322/322|[from] item: Leftovers\n|upkeep\n|turn|5\n|\n|t:|1781412323\n|move|p1a: Manaphy|Hydro Pump|p2a: Regigigas\n|-damage|p2a: Regigigas|240/322\n|move|p2a: Regigigas|Substitute|p2a: Regigigas\n|-start|p2a: Regigigas|Substitute\n|-damage|p2a: Regigigas|160/322\n|\n|-heal|p2a: Regigigas|180/322|[from] item: Leftovers\n|-end|p2a: Regigigas|Slow Start\n|upkeep\n|turn|6\n|\n|t:|1781412327\n|move|p2a: Regigigas|Body Slam|p1a: Manaphy\n|-damage|p1a: Manaphy|52/284\n|move|p1a: Manaphy|Hydro Pump|p2a: Regigigas\n|-end|p2a: Regigigas|Substitute\n|\n|-heal|p2a: Regigigas|200/322|[from] item: Leftovers\n|upkeep\n|turn|7\n|\n|t:|1781412331\n|move|p2a: Regigigas|Protect|p2a: Regigigas\n|-singleturn|p2a: Regigigas|Protect\n|move|p1a: Manaphy|Hydro Pump|p2a: Regigigas\n|-activate|p2a: Regigigas|move: Protect\n|\n|-heal|p2a: Regigigas|220/322|[from] item: Leftovers\n|upkeep\n|turn|8\n|\n|t:|1781412333\n|move|p2a: Regigigas|Body Slam|p1a: Manaphy\n|-damage|p1a: Manaphy|0 fnt\n|faint|p1a: Manaphy\n|\n|-heal|p2a: Regigigas|240/322|[from] item: Leftovers\n|upkeep\n|\n|t:|1781412336\n|switch|p1a: Torkoal|Torkoal, L88, F|266/266\n|-weather|SunnyDay|[from] ability: Drought|[of] p1a: Torkoal\n|turn|9\n|\n|t:|1781412342\n|move|p2a: Regigigas|Substitute|p2a: Regigigas\n|-start|p2a: Regigigas|Substitute\n|-damage|p2a: Regigigas|160/322\n|move|p1a: Torkoal|Yawn||[still]\n|-fail|p1a: Torkoal\n|\n|-weather|SunnyDay|[upkeep]\n|-heal|p2a: Regigigas|180/322|[from] item: Leftovers\n|upkeep\n|turn|10\n|\n|t:|1781412347\n|move|p2a: Regigigas|Knock Off|p1a: Torkoal\n|-damage|p1a: Torkoal|203/266\n|-enditem|p1a: Torkoal|Heavy-Duty Boots|[from] move: Knock Off|[of] p2a: Regigigas\n|move|p1a: Torkoal|Solar Beam||[still]\n|-prepare|p1a: Torkoal|Solar Beam\n|-anim|p1a: Torkoal|Solar Beam|p2a: Regigigas\n|-activate|p2a: Regigigas|move: Substitute|[damage]\n|\n|-weather|SunnyDay|[upkeep]\n|-heal|p2a: Regigigas|200/322|[from] item: Leftovers\n|upkeep\n|turn|11\n|-message|butterchicken786 forfeited.\n|\n|win|gr88nhood\n|raw|butterchicken786's rating: 1695 &rarr; <strong>1673</strong><br />(-22 for losing)\n|raw|gr88nhood's rating: 1666 &rarr; <strong>1688</strong><br />(+22 for winning)\n|l|\u2606butterchicken786\n|player|p1|\n", "uploadtime": 1781412365, "views": 3, "formatid": "gen9randombattle", "rating": 1673, "private": 0, "password": null}