{"id": "gen9randombattle-2631970171", "format": "[Gen 9] Random Battle", "players": ["Theregoeszay", "Plaan"], "log": "|j|\u2606Theregoeszay\n|j|\u2606Plaan\n|t:|1781461207\n|gametype|singles\n|player|p1|Theregoeszay|265|1913\n|player|p2|Plaan|waitress-gen4|1935\n|gen|9\n|tier|[Gen 9] Random Battle\n|rated|\n|rule|Species Clause: Limit one of each Pok\u00e9mon\n|rule|HP Percentage Mod: HP is shown in percentages\n|rule|Sleep Clause Mod: Limit one foe put to sleep\n|rule|Illusion Level Mod: Illusion disguises the Pok\u00e9mon's true level\n|\n|t:|1781461207\n|teamsize|p1|6\n|teamsize|p2|6\n|start\n|switch|p1a: Torkoal|Torkoal, L88, F|266/266\n|switch|p2a: Tropius|Tropius, L91, F|328/328\n|-weather|SunnyDay|[from] ability: Drought|[of] p1a: Torkoal\n|turn|1\n|inactive|Battle timer is ON: inactive players will automatically lose when time's up. (requested by Plaan)\n|\n|t:|1781461217\n|switch|p2a: Poliwrath|Poliwrath, L88, M|302/302\n|move|p1a: Torkoal|Lava Plume|p2a: Poliwrath\n|-resisted|p2a: Poliwrath\n|-damage|p2a: Poliwrath|240/302\n|\n|-weather|SunnyDay|[upkeep]\n|upkeep\n|turn|2\n|\n|t:|1781461223\n|move|p2a: Poliwrath|Rain Dance|p2a: Poliwrath\n|-weather|RainDance\n|move|p1a: Torkoal|Solar Beam||[still]\n|-prepare|p1a: Torkoal|Solar Beam\n|\n|-weather|RainDance|[upkeep]\n|upkeep\n|turn|3\n|\n|t:|1781461232\n|switch|p2a: Tropius|Tropius, L91, F|328/328\n|move|p1a: Torkoal|Solar Beam|p2a: Tropius|[from] lockedmove\n|-resisted|p2a: Tropius\n|-damage|p2a: Tropius|319/328\n|\n|-weather|RainDance|[upkeep]\n|upkeep\n|turn|4\n|\n|t:|1781461240\n|move|p2a: Tropius|Leech Seed|p1a: Torkoal\n|-start|p1a: Torkoal|move: Leech Seed\n|move|p1a: Torkoal|Yawn|p2a: Tropius\n|-start|p2a: Tropius|move: Yawn|[of] p1a: Torkoal\n|\n|-weather|RainDance|[upkeep]\n|-damage|p1a: Torkoal|233/266|[from] Leech Seed|[of] p2a: Tropius\n|-heal|p2a: Tropius|328/328|[silent]\n|upkeep\n|turn|5\n|\n|t:|1781461247\n|switch|p2a: Poliwrath|Poliwrath, L88, M|240/302\n|switch|p1a: Meowstic|Meowstic, L89, M|277/277\n|\n|-weather|RainDance|[upkeep]\n|upkeep\n|turn|6\n|\n|t:|1781461256\n|move|p1a: Meowstic|Thunder Wave|p2a: Poliwrath\n|-status|p2a: Poliwrath|par\n|move|p2a: Poliwrath|Knock Off|p1a: Meowstic\n|-supereffective|p1a: Meowstic\n|-damage|p1a: Meowstic|56/277\n|-enditem|p1a: Meowstic|Light Clay|[from] move: Knock Off|[of] p2a: Poliwrath\n|-damage|p2a: Poliwrath|210/302 par|[from] item: Life Orb\n|\n|-weather|none\n|upkeep\n|turn|7\n|\n|t:|1781461262\n|move|p1a: Meowstic|Reflect|p1a: Meowstic\n|-sidestart|p1: Theregoeszay|Reflect\n|move|p2a: Poliwrath|Liquidation|p1a: Meowstic\n|-damage|p1a: Meowstic|0 fnt\n|faint|p1a: Meowstic\n|-damage|p2a: Poliwrath|180/302 par|[from] item: Life Orb\n|\n|upkeep\n|\n|t:|1781461273\n|switch|p1a: Torkoal|Torkoal, L88, F|233/266\n|-weather|SunnyDay|[from] ability: Drought|[of] p1a: Torkoal\n|turn|8\n|\n|t:|1781461276\n|cant|p2a: Poliwrath|par\n|move|p1a: Torkoal|Solar Beam||[still]\n|-prepare|p1a: Torkoal|Solar Beam\n|-anim|p1a: Torkoal|Solar Beam|p2a: Poliwrath\n|-supereffective|p2a: Poliwrath\n|-damage|p2a: Poliwrath|14/302 par\n|\n|-weather|SunnyDay|[upkeep]\n|upkeep\n|turn|9\n|\n|t:|1781461285\n|cant|p2a: Poliwrath|par\n|move|p1a: Torkoal|Lava Plume|p2a: Poliwrath\n|-resisted|p2a: Poliwrath\n|-damage|p2a: Poliwrath|0 fnt\n|faint|p2a: Poliwrath\n|\n|-weather|SunnyDay|[upkeep]\n|upkeep\n|\n|t:|1781461290\n|switch|p2a: Tropius|Tropius, L91, F|328/328\n|turn|10\n|\n|t:|1781461293\n|move|p2a: Tropius|Protect|p2a: Tropius\n|-singleturn|p2a: Tropius|Protect\n|move|p1a: Torkoal|Lava Plume|p2a: Tropius\n|-activate|p2a: Tropius|move: Protect\n|\n|-weather|SunnyDay|[upkeep]\n|upkeep\n|turn|11\n|\n|t:|1781461299\n|move|p2a: Tropius|Substitute|p2a: Tropius\n|-start|p2a: Tropius|Substitute\n|-damage|p2a: Tropius|246/328\n|move|p1a: Torkoal|Solar Beam||[still]\n|-prepare|p1a: Torkoal|Solar Beam\n|-anim|p1a: Torkoal|Solar Beam|p2a: Tropius\n|-resisted|p2a: Tropius\n|-activate|p2a: Tropius|move: Substitute|[damage]\n|\n|-weather|SunnyDay|[upkeep]\n|-sideend|p1: Theregoeszay|Reflect\n|upkeep\n|turn|12\n|\n|t:|1781461304\n|move|p2a: Tropius|Leech Seed|p1a: Torkoal\n|-start|p1a: Torkoal|move: Leech Seed\n|move|p1a: Torkoal|Lava Plume|p2a: Tropius\n|-supereffective|p2a: Tropius\n|-end|p2a: Tropius|Substitute\n|\n|-weather|none\n|-damage|p1a: Torkoal|200/266|[from] Leech Seed|[of] p2a: Tropius\n|-heal|p2a: Tropius|279/328|[silent]\n|upkeep\n|turn|13\n|\n|t:|1781461308\n|switch|p1a: Volcarona|Volcarona, L77, F|257/257\n|move|p2a: Tropius|Substitute|p2a: Tropius\n|-start|p2a: Tropius|Substitute\n|-damage|p2a: Tropius|197/328\n|\n|upkeep\n|turn|14\n|\n|t:|1781461312\n|move|p1a: Volcarona|Quiver Dance|p1a: Volcarona\n|-boost|p1a: Volcarona|spa|1\n|-boost|p1a: Volcarona|spd|1\n|-boost|p1a: Volcarona|spe|1\n|move|p2a: Tropius|Leech Seed|p1a: Volcarona\n|-start|p1a: Volcarona|move: Leech Seed\n|\n|-damage|p1a: Volcarona|225/257|[from] Leech Seed|[of] p2a: Tropius\n|-heal|p2a: Tropius|229/328|[silent]\n|upkeep\n|turn|15\n|\n|t:|1781461319\n|move|p1a: Volcarona|Bug Buzz|p2a: Tropius\n|-damage|p2a: Tropius|79/328\n|-enditem|p2a: Tropius|Sitrus Berry|[eat]\n|-heal|p2a: Tropius|161/328|[from] item: Sitrus Berry\n|move|p2a: Tropius|Air Slash|p1a: Volcarona\n|-supereffective|p1a: Volcarona\n|-damage|p1a: Volcarona|135/257\n|\n|-damage|p1a: Volcarona|103/257|[from] Leech Seed|[of] p2a: Tropius\n|-heal|p2a: Tropius|193/328|[silent]\n|-item|p2a: Tropius|Sitrus Berry|[from] ability: Harvest\n|upkeep\n|turn|16\n|\n|t:|1781461332\n|move|p1a: Volcarona|Quiver Dance|p1a: Volcarona\n|-boost|p1a: Volcarona|spa|1\n|-boost|p1a: Volcarona|spd|1\n|-boost|p1a: Volcarona|spe|1\n|move|p2a: Tropius|Air Slash|p1a: Volcarona|[miss]\n|-miss|p2a: Tropius|p1a: Volcarona\n|\n|-damage|p1a: Volcarona|71/257|[from] Leech Seed|[of] p2a: Tropius\n|-heal|p2a: Tropius|225/328|[silent]\n|upkeep\n|turn|17\n|\n|t:|1781461337\n|move|p1a: Volcarona|Bug Buzz|p2a: Tropius\n|-damage|p2a: Tropius|20/328\n|-enditem|p2a: Tropius|Sitrus Berry|[eat]\n|-heal|p2a: Tropius|102/328|[from] item: Sitrus Berry\n|move|p2a: Tropius|Air Slash|p1a: Volcarona\n|-supereffective|p1a: Volcarona\n|-damage|p1a: Volcarona|0 fnt\n|faint|p1a: Volcarona\n|\n|upkeep\n|\n|t:|1781461343\n|switch|p1a: Alcremie|Alcremie-Caramel-Swirl, L90, F|263/263\n|turn|18\n|\n|t:|1781461350\n|move|p1a: Alcremie|Alluring Voice|p2a: Tropius\n|-damage|p2a: Tropius|8/328\n|move|p2a: Tropius|Leech Seed|p1a: Alcremie\n|-start|p1a: Alcremie|move: Leech Seed\n|\n|-damage|p1a: Alcremie|231/263|[from] Leech Seed|[of] p2a: Tropius\n|-heal|p2a: Tropius|40/328|[silent]\n|upkeep\n|turn|19\n|\n|t:|1781461356\n|move|p2a: Tropius|Protect|p2a: Tropius\n|-singleturn|p2a: Tropius|Protect\n|move|p1a: Alcremie|Calm Mind|p1a: Alcremie\n|-boost|p1a: Alcremie|spa|1\n|-boost|p1a: Alcremie|spd|1\n|\n|-heal|p1a: Alcremie|247/263|[from] item: Leftovers\n|-damage|p1a: Alcremie|215/263|[from] Leech Seed|[of] p2a: Tropius\n|-heal|p2a: Tropius|72/328|[silent]\n|upkeep\n|turn|20\n|\n|t:|1781461360\n|switch|p2a: Cryogonal|Cryogonal, L89|287/287\n|move|p1a: Alcremie|Alluring Voice|p2a: Cryogonal\n|-damage|p2a: Cryogonal|176/287\n|\n|-heal|p1a: Alcremie|231/263|[from] item: Leftovers\n|-damage|p1a: Alcremie|199/263|[from] Leech Seed|[of] p2a: Cryogonal\n|-heal|p2a: Cryogonal|208/287|[silent]\n|upkeep\n|turn|21\n|\n|t:|1781461365\n|switch|p1a: Torkoal|Torkoal, L88, F|200/266\n|-weather|SunnyDay|[from] ability: Drought|[of] p1a: Torkoal\n|move|p2a: Cryogonal|Flash Cannon|p1a: Torkoal\n|-resisted|p1a: Torkoal\n|-damage|p1a: Torkoal|163/266\n|-unboost|p1a: Torkoal|spd|1\n|\n|-weather|SunnyDay|[upkeep]\n|upkeep\n|turn|22\n|\n|t:|1781461373\n|switch|p2a: Tropius|Tropius, L91, F|72/328\n|move|p1a: Torkoal|Lava Plume|p2a: Tropius\n|-supereffective|p2a: Tropius\n|-damage|p2a: Tropius|0 fnt\n|faint|p2a: Tropius\n|\n|-weather|SunnyDay|[upkeep]\n|upkeep\n|\n|t:|1781461375\n|switch|p2a: Archaludon|Archaludon, L78, F|268/268\n|turn|23\n|\n|t:|1781461389\n|move|p2a: Archaludon|Stealth Rock|p1a: Torkoal\n|-sidestart|p1: Theregoeszay|move: Stealth Rock\n|move|p1a: Torkoal|Yawn|p2a: Archaludon\n|-start|p2a: Archaludon|move: Yawn|[of] p1a: Torkoal\n|\n|-weather|SunnyDay|[upkeep]\n|upkeep\n|turn|24\n|\n|t:|1781461397\n|move|p2a: Archaludon|Draco Meteor|p1a: Torkoal\n|-damage|p1a: Torkoal|0 fnt\n|-unboost|p2a: Archaludon|spa|2\n|faint|p1a: Torkoal\n|\n|-weather|SunnyDay|[upkeep]\n|-end|p2a: Archaludon|move: Yawn|[silent]\n|-status|p2a: Archaludon|slp\n|upkeep\n|\n|t:|1781461409\n|switch|p1a: Alcremie|Alcremie-Caramel-Swirl, L90, F|199/263\n|-damage|p1a: Alcremie|167/263|[from] Stealth Rock\n|turn|25\n|\n|t:|1781461416\n|switch|p2a: Cryogonal|Cryogonal, L89|208/287\n|move|p1a: Alcremie|Calm Mind|p1a: Alcremie\n|-boost|p1a: Alcremie|spa|1\n|-boost|p1a: Alcremie|spd|1\n|\n|-weather|none\n|-heal|p1a: Alcremie|183/263|[from] item: Leftovers\n|upkeep\n|turn|26\n|\n|t:|1781461422\n|move|p2a: Cryogonal|Flash Cannon|p1a: Alcremie\n|-supereffective|p1a: Alcremie\n|-damage|p1a: Alcremie|123/263\n|-unboost|p1a: Alcremie|spd|1\n|move|p1a: Alcremie|Calm Mind|p1a: Alcremie\n|-boost|p1a: Alcremie|spa|1\n|-boost|p1a: Alcremie|spd|1\n|\n|-heal|p1a: Alcremie|139/263|[from] item: Leftovers\n|upkeep\n|turn|27\n|\n|t:|1781461426\n|switch|p2a: Gholdengo|Gholdengo, L77|261/261\n|move|p1a: Alcremie|Recover|p1a: Alcremie\n|-heal|p1a: Alcremie|263/263\n|\n|upkeep\n|turn|28\n|\n|t:|1781461444\n|switch|p2a: Cryogonal|Cryogonal, L89|208/287\n|-terastallize|p1a: Alcremie|Ground\n|move|p1a: Alcremie|Calm Mind|p1a: Alcremie\n|-boost|p1a: Alcremie|spa|1\n|-boost|p1a: Alcremie|spd|1\n|\n|upkeep\n|turn|29\n|\n|t:|1781461449\n|move|p2a: Cryogonal|Freeze-Dry|p1a: Alcremie\n|-supereffective|p1a: Alcremie\n|-damage|p1a: Alcremie|195/263\n|move|p1a: Alcremie|Calm Mind|p1a: Alcremie\n|-boost|p1a: Alcremie|spa|1\n|-boost|p1a: Alcremie|spd|1\n|\n|-heal|p1a: Alcremie|211/263|[from] item: Leftovers\n|upkeep\n|turn|30\n|\n|t:|1781461453\n|move|p2a: Cryogonal|Freeze-Dry|p1a: Alcremie\n|-supereffective|p1a: Alcremie\n|-damage|p1a: Alcremie|161/263\n|move|p1a: Alcremie|Alluring Voice|p2a: Cryogonal\n|-damage|p2a: Cryogonal|0 fnt\n|faint|p2a: Cryogonal\n|\n|-heal|p1a: Alcremie|177/263|[from] item: Leftovers\n|upkeep\n|\n|t:|1781461458\n|switch|p2a: Gallade|Gallade, L80, M|240/240\n|turn|31\n|\n|t:|1781461462\n|move|p2a: Gallade|Sacred Sword|p1a: Alcremie\n|-damage|p1a: Alcremie|0 fnt\n|faint|p1a: Alcremie\n|-damage|p2a: Gallade|216/240|[from] item: Life Orb\n|\n|upkeep\n|\n|t:|1781461471\n|switch|p1a: Zacian|Zacian, L69|241/241\n|-damage|p1a: Zacian|211/241|[from] Stealth Rock\n|-ability|p1a: Zacian|Intrepid Sword|boost\n|-boost|p1a: Zacian|atk|1\n|turn|32\n|\n|t:|1781461479\n|switch|p2a: Gholdengo|Gholdengo, L77|261/261\n|move|p1a: Zacian|Crunch|p2a: Gholdengo\n|-supereffective|p2a: Gholdengo\n|-damage|p2a: Gholdengo|39/261\n|\n|-heal|p2a: Gholdengo|55/261|[from] item: Leftovers\n|upkeep\n|turn|33\n|\n|t:|1781461488\n|-terastallize|p2a: Gholdengo|Dark\n|move|p1a: Zacian|Crunch|p2a: Gholdengo\n|-resisted|p2a: Gholdengo\n|-damage|p2a: Gholdengo|4/261\n|move|p2a: Gholdengo|Make It Rain|p1a: Zacian\n|-supereffective|p1a: Zacian\n|-damage|p1a: Zacian|0 fnt\n|-unboost|p2a: Gholdengo|spa|1\n|faint|p1a: Zacian\n|\n|-heal|p2a: Gholdengo|20/261|[from] item: Leftovers\n|upkeep\n|\n|t:|1781461498\n|switch|p1a: Chesnaught|Chesnaught, L84, M|285/285\n|-damage|p1a: Chesnaught|268/285|[from] Stealth Rock\n|turn|34\n|\n|t:|1781461502\n|move|p2a: Gholdengo|Thunder Wave|p1a: Chesnaught|[miss]\n|-miss|p2a: Gholdengo|p1a: Chesnaught\n|move|p1a: Chesnaught|Body Press|p2a: Gholdengo\n|-supereffective|p2a: Gholdengo\n|-damage|p2a: Gholdengo|0 fnt\n|faint|p2a: Gholdengo\n|\n|upkeep\n|\n|t:|1781461504\n|switch|p2a: Gallade|Gallade, L80, M|216/240\n|turn|35\n|\n|t:|1781461513\n|move|p2a: Gallade|Psycho Cut|p1a: Chesnaught\n|-supereffective|p1a: Chesnaught\n|-damage|p1a: Chesnaught|0 fnt\n|faint|p1a: Chesnaught\n|-damage|p2a: Gallade|192/240|[from] item: Life Orb\n|\n|win|Plaan\n", "uploadtime": 1781461208, "views": 4, "formatid": "gen9randombattle", "rating": null, "private": 0, "password": null}