{"id": "gen9randombattle-2631494344", "format": "[Gen 9] Random Battle", "players": ["Adbbb", "Samslade"], "log": "|j|\u2606Adbbb\n|j|\u2606Samslade\n|t:|1781392155\n|gametype|singles\n|player|p1|Adbbb|dawn|\n|player|p2|Samslade|170|\n|gen|9\n|tier|[Gen 9] Random Battle\n|rule|Species Clause: Limit one of each Pok\u00e9mon\n|rule|HP Percentage Mod: HP is shown in percentages\n|rule|Sleep Clause Mod: Limit one foe put to sleep\n|rule|Illusion Level Mod: Illusion disguises the Pok\u00e9mon's true level\n|\n|t:|1781392155\n|teamsize|p1|6\n|teamsize|p2|6\n|start\n|switch|p1a: Gallade|Gallade, L80, M|240/240\n|switch|p2a: Espathra|Espathra, L80, F|283/283\n|turn|1\n|\n|t:|1781392179\n|move|p2a: Espathra|Stored Power|p1a: Gallade\n|-damage|p1a: Gallade|221/240\n|move|p1a: Gallade|Night Slash|p2a: Espathra\n|-supereffective|p2a: Espathra\n|-damage|p2a: Espathra|0 fnt\n|faint|p2a: Espathra\n|-damage|p1a: Gallade|197/240|[from] item: Life Orb\n|\n|upkeep\n|\n|t:|1781392190\n|switch|p2a: Lapras|Lapras, L87, M|368/368\n|turn|2\n|\n|t:|1781392199\n|move|p1a: Gallade|Sacred Sword|p2a: Lapras\n|-supereffective|p2a: Lapras\n|-damage|p2a: Lapras|0 fnt\n|faint|p2a: Lapras\n|-damage|p1a: Gallade|173/240|[from] item: Life Orb\n|\n|upkeep\n|\n|t:|1781392211\n|switch|p2a: Zamazenta|Zamazenta, L71|248/248\n|-ability|p2a: Zamazenta|Dauntless Shield|boost\n|-boost|p2a: Zamazenta|def|1\n|turn|3\n|\n|t:|1781392231\n|move|p2a: Zamazenta|Crunch|p1a: Gallade\n|-damage|p1a: Gallade|104/240\n|move|p1a: Gallade|Psycho Cut|p2a: Zamazenta\n|-supereffective|p2a: Zamazenta\n|-crit|p2a: Zamazenta\n|-damage|p2a: Zamazenta|0 fnt\n|faint|p2a: Zamazenta\n|-damage|p1a: Gallade|80/240|[from] item: Life Orb\n|\n|upkeep\n|\n|t:|1781392245\n|switch|p2a: Tinkaton|Tinkaton, L82, F|274/274\n|-ability|p2a: Tinkaton|Mold Breaker\n|turn|4\n|\n|t:|1781392259\n|move|p2a: Tinkaton|Play Rough|p1a: Gallade\n|-supereffective|p1a: Gallade\n|-damage|p1a: Gallade|0 fnt\n|faint|p1a: Gallade\n|\n|upkeep\n|\n|t:|1781392271\n|switch|p1a: Volcarona|Volcarona, L77, F|257/257\n|turn|5\n|\n|t:|1781392296\n|switch|p2a: Komala|Komala, L88, F|258/258\n|-ability|p2a: Komala|Comatose\n|move|p1a: Volcarona|Fire Blast|p2a: Komala\n|-damage|p2a: Komala|180/258\n|\n|upkeep\n|turn|6\n|\n|t:|1781392319\n|move|p1a: Volcarona|Quiver Dance|p1a: Volcarona\n|-boost|p1a: Volcarona|spa|1\n|-boost|p1a: Volcarona|spd|1\n|-boost|p1a: Volcarona|spe|1\n|move|p2a: Komala|Knock Off|p1a: Volcarona\n|-damage|p1a: Volcarona|133/257\n|-enditem|p1a: Volcarona|Heavy-Duty Boots|[from] move: Knock Off|[of] p2a: Komala\n|\n|upkeep\n|turn|7\n|\n|t:|1781392336\n|move|p1a: Volcarona|Giga Drain|p2a: Komala\n|-damage|p2a: Komala|126/258\n|-heal|p1a: Volcarona|160/257|[from] drain|[of] p2a: Komala\n|move|p2a: Komala|Knock Off|p1a: Volcarona\n|-damage|p1a: Volcarona|87/257\n|\n|upkeep\n|turn|8\n|\n|t:|1781392347\n|move|p1a: Volcarona|Fire Blast|p2a: Komala\n|-damage|p2a: Komala|5/258\n|move|p2a: Komala|Body Slam|p1a: Volcarona\n|-damage|p1a: Volcarona|0 fnt\n|faint|p1a: Volcarona\n|\n|upkeep\n|\n|t:|1781392358\n|switch|p1a: Electivire|Electivire, L84, M|263/263\n|turn|9\n|\n|t:|1781392392\n|switch|p2a: Tinkaton|Tinkaton, L82, F|274/274\n|-ability|p2a: Tinkaton|Mold Breaker\n|move|p1a: Electivire|Bulk Up|p1a: Electivire\n|-boost|p1a: Electivire|atk|1\n|-boost|p1a: Electivire|def|1\n|\n|upkeep\n|turn|10\n|\n|t:|1781392411\n|move|p1a: Electivire|Earthquake|p2a: Tinkaton\n|-supereffective|p2a: Tinkaton\n|-damage|p2a: Tinkaton|0 fnt\n|faint|p2a: Tinkaton\n|-damage|p1a: Electivire|237/263|[from] item: Life Orb\n|\n|upkeep\n|\n|t:|1781392421\n|switch|p2a: Swampert|Swampert, L83, M|302/302\n|turn|11\n|\n|t:|1781392427\n|move|p1a: Electivire|Bulk Up|p1a: Electivire\n|-boost|p1a: Electivire|atk|1\n|-boost|p1a: Electivire|def|1\n|move|p2a: Swampert|Earthquake|p1a: Electivire\n|-supereffective|p1a: Electivire\n|-damage|p1a: Electivire|91/263\n|\n|upkeep\n|turn|12\n|\n|t:|1781392444\n|-terastallize|p1a: Electivire|Ground\n|move|p1a: Electivire|Ice Punch|p2a: Swampert\n|-damage|p2a: Swampert|138/302\n|-damage|p1a: Electivire|65/263|[from] item: Life Orb\n|move|p2a: Swampert|Earthquake|p1a: Electivire\n|-damage|p1a: Electivire|0 fnt\n|faint|p1a: Electivire\n|\n|-heal|p2a: Swampert|156/302|[from] item: Leftovers\n|upkeep\n|\n|t:|1781392460\n|switch|p1a: Iron Moth|Iron Moth, L78|253/253\n|turn|13\n|\n|t:|1781392479\n|move|p1a: Iron Moth|Energy Ball|p2a: Swampert\n|-supereffective|p2a: Swampert\n|-damage|p2a: Swampert|0 fnt\n|faint|p2a: Swampert\n|\n|upkeep\n|\n|t:|1781392487\n|switch|p2a: Komala|Komala, L88, F|5/258\n|-ability|p2a: Komala|Comatose\n|turn|14\n|\n|t:|1781392496\n|move|p1a: Iron Moth|Sludge Wave|p2a: Komala\n|-damage|p2a: Komala|0 fnt\n|faint|p2a: Komala\n|\n|win|Adbbb\n", "uploadtime": 1781392503, "views": 2, "formatid": "gen9randombattle", "rating": null, "private": 0, "password": null}