{"id": "gen9randombattle-2631907801", "format": "[Gen 9] Random Battle", "players": ["up up go", "huyminhha"], "log": "|j|\u2606up up go\n|j|\u2606huyminhha\n|t:|1781454396\n|gametype|singles\n|player|p1|up up go|1|1472\n|player|p2|huyminhha|169|1472\n|gen|9\n|tier|[Gen 9] Random Battle\n|rated|\n|rule|Species Clause: Limit one of each Pok\u00e9mon\n|rule|HP Percentage Mod: HP is shown in percentages\n|rule|Sleep Clause Mod: Limit one foe put to sleep\n|rule|Illusion Level Mod: Illusion disguises the Pok\u00e9mon's true level\n|\n|t:|1781454396\n|teamsize|p1|6\n|teamsize|p2|6\n|start\n|switch|p1a: Arceus|Arceus-Water, L71|288/288\n|switch|p2a: Kingdra|Kingdra, L84, F|263/263\n|turn|1\n|inactive|Battle timer is ON: inactive players will automatically lose when time's up. (requested by up up go)\n|\n|t:|1781454421\n|switch|p2a: Whimsicott|Whimsicott, L84, F|238/238\n|move|p1a: Arceus|Will-O-Wisp|p2a: Whimsicott\n|-status|p2a: Whimsicott|brn\n|\n|-damage|p2a: Whimsicott|224/238 brn|[from] brn\n|upkeep\n|turn|2\n|\n|t:|1781454437\n|switch|p1a: Cryogonal|Cryogonal, L89|287/287\n|move|p2a: Whimsicott|Stun Spore|p1a: Cryogonal\n|-status|p1a: Cryogonal|par\n|\n|-damage|p2a: Whimsicott|210/238 brn|[from] brn\n|upkeep\n|turn|3\n|\n|t:|1781454448\n|move|p2a: Whimsicott|U-turn|p1a: Cryogonal\n|-damage|p1a: Cryogonal|260/287 par\n|\n|t:|1781454472\n|switch|p2a: Kingdra|Kingdra, L84, F|263/263|[from] U-turn\n|move|p1a: Cryogonal|Rapid Spin|p2a: Kingdra\n|-damage|p2a: Kingdra|239/263\n|-boost|p1a: Cryogonal|spe|1\n|\n|upkeep\n|turn|4\n|\n|t:|1781454485\n|move|p2a: Kingdra|Wave Crash|p1a: Cryogonal\n|-damage|p1a: Cryogonal|33/287 par\n|-damage|p2a: Kingdra|164/263|[from] Recoil\n|-damage|p2a: Kingdra|138/263|[from] item: Life Orb\n|move|p1a: Cryogonal|Freeze-Dry|p2a: Kingdra\n|-supereffective|p2a: Kingdra\n|-damage|p2a: Kingdra|0 fnt\n|faint|p2a: Kingdra\n|\n|upkeep\n|\n|t:|1781454502\n|switch|p2a: Whimsicott|Whimsicott, L84, F|210/238 brn\n|turn|5\n|\n|t:|1781454506\n|move|p2a: Whimsicott|Moonblast|p1a: Cryogonal\n|-damage|p1a: Cryogonal|0 fnt\n|faint|p1a: Cryogonal\n|\n|-damage|p2a: Whimsicott|196/238 brn|[from] brn\n|upkeep\n|\n|t:|1781454526\n|switch|p1a: Typhlosion|Typhlosion-Hisui, L83, M|257/257\n|turn|6\n|\n|t:|1781454540\n|switch|p2a: Blissey|Blissey, L85, F|572/572\n|move|p1a: Typhlosion|Fire Blast|p2a: Blissey\n|-crit|p2a: Blissey\n|-damage|p2a: Blissey|437/572\n|\n|-heal|p2a: Blissey|472/572|[from] item: Leftovers\n|upkeep\n|turn|7\n|\n|t:|1781454553\n|switch|p1a: Annihilape|Annihilape, L76, F|292/292\n|move|p2a: Blissey|Thunder Wave|p1a: Annihilape\n|-status|p1a: Annihilape|par\n|\n|-heal|p2a: Blissey|507/572|[from] item: Leftovers\n|upkeep\n|turn|8\n|\n|t:|1781454571\n|move|p2a: Blissey|Stealth Rock|p1a: Annihilape\n|-sidestart|p1: up up go|move: Stealth Rock\n|cant|p1a: Annihilape|par\n|\n|-heal|p2a: Blissey|542/572|[from] item: Leftovers\n|upkeep\n|turn|9\n|\n|t:|1781454580\n|switch|p2a: Whimsicott|Whimsicott, L84, F|196/238 brn\n|move|p1a: Annihilape|Drain Punch|p2a: Whimsicott\n|-resisted|p2a: Whimsicott\n|-damage|p2a: Whimsicott|155/238 brn\n|\n|-damage|p2a: Whimsicott|141/238 brn|[from] brn\n|upkeep\n|turn|10\n|\n|t:|1781454590\n|-terastallize|p1a: Annihilape|Steel\n|move|p2a: Whimsicott|Moonblast|p1a: Annihilape\n|-resisted|p1a: Annihilape\n|-damage|p1a: Annihilape|244/292 par\n|move|p1a: Annihilape|Gunk Shot|p2a: Whimsicott\n|-supereffective|p2a: Whimsicott\n|-damage|p2a: Whimsicott|0 fnt\n|faint|p2a: Whimsicott\n|\n|-heal|p1a: Annihilape|262/292 par|[from] item: Leftovers\n|upkeep\n|\n|t:|1781454612\n|switch|p2a: Oinkologne|Oinkologne-F, L92, F|361/361\n|turn|11\n|\n|t:|1781454627\n|switch|p1a: Exeggutor|Exeggutor-Alola, L89, M|314/314\n|-damage|p1a: Exeggutor|275/314|[from] Stealth Rock\n|-item|p2a: Oinkologne|Leftovers|[from] ability: Frisk|[of] p1a: Exeggutor\n|move|p2a: Oinkologne|Curse|p2a: Oinkologne\n|-unboost|p2a: Oinkologne|spe|1\n|-boost|p2a: Oinkologne|atk|1\n|-boost|p2a: Oinkologne|def|1\n|\n|upkeep\n|turn|12\n|\n|t:|1781454643\n|move|p1a: Exeggutor|Giga Drain|p2a: Oinkologne\n|-damage|p2a: Oinkologne|219/361\n|-heal|p1a: Exeggutor|314/314|[from] drain|[of] p2a: Oinkologne\n|move|p2a: Oinkologne|Curse|p2a: Oinkologne\n|-unboost|p2a: Oinkologne|spe|1\n|-boost|p2a: Oinkologne|atk|1\n|-boost|p2a: Oinkologne|def|1\n|\n|-heal|p2a: Oinkologne|241/361|[from] item: Leftovers\n|upkeep\n|turn|13\n|\n|t:|1781454656\n|move|p1a: Exeggutor|Giga Drain|p2a: Oinkologne\n|-damage|p2a: Oinkologne|88/361\n|move|p2a: Oinkologne|Lash Out|p1a: Exeggutor\n|-damage|p1a: Exeggutor|207/314\n|\n|-heal|p2a: Oinkologne|110/361|[from] item: Leftovers\n|upkeep\n|turn|14\n|\n|t:|1781454665\n|move|p1a: Exeggutor|Giga Drain|p2a: Oinkologne\n|-damage|p2a: Oinkologne|0 fnt\n|-heal|p1a: Exeggutor|262/314|[from] drain|[of] p2a: Oinkologne\n|faint|p2a: Oinkologne\n|\n|upkeep\n|\n|t:|1781454671\n|switch|p2a: Meowstic|Meowstic-F, L89, F|277/277\n|turn|15\n|\n|t:|1781454676\n|switch|p1a: Annihilape|Annihilape, L76, F, tera:Steel|262/292 par\n|-damage|p1a: Annihilape|244/292 par|[from] Stealth Rock\n|move|p2a: Meowstic|Alluring Voice|p1a: Annihilape\n|-resisted|p1a: Annihilape\n|-damage|p1a: Annihilape|201/292 par\n|-damage|p2a: Meowstic|250/277|[from] item: Life Orb\n|\n|-heal|p1a: Annihilape|219/292 par|[from] item: Leftovers\n|upkeep\n|turn|16\n|\n|t:|1781454688\n|-terastallize|p2a: Meowstic|Dark\n|move|p2a: Meowstic|Nasty Plot|p2a: Meowstic\n|-boost|p2a: Meowstic|spa|2\n|move|p1a: Annihilape|Rage Fist|p2a: Meowstic\n|-resisted|p2a: Meowstic\n|-damage|p2a: Meowstic|166/277\n|\n|-heal|p1a: Annihilape|237/292 par|[from] item: Leftovers\n|upkeep\n|turn|17\n|\n|t:|1781454702\n|move|p2a: Meowstic|Dark Pulse|p1a: Annihilape\n|-damage|p1a: Annihilape|0 fnt\n|faint|p1a: Annihilape\n|-damage|p2a: Meowstic|139/277|[from] item: Life Orb\n|\n|upkeep\n|inactive|up up go has 120 seconds left.\n|\n|t:|1781454737\n|switch|p1a: Exeggutor|Exeggutor-Alola, L89, M|262/314\n|-damage|p1a: Exeggutor|223/314|[from] Stealth Rock\n|-item|p2a: Meowstic|Life Orb|[from] ability: Frisk|[of] p1a: Exeggutor\n|turn|18\n|\n|t:|1781454761\n|move|p2a: Meowstic|Alluring Voice|p1a: Exeggutor\n|-supereffective|p1a: Exeggutor\n|-damage|p1a: Exeggutor|0 fnt\n|faint|p1a: Exeggutor\n|-damage|p2a: Meowstic|112/277|[from] item: Life Orb\n|\n|upkeep\n|\n|t:|1781454768\n|switch|p1a: Porygon-Z|Porygon-Z, L83|277/277\n|-damage|p1a: Porygon-Z|243/277|[from] Stealth Rock\n|turn|19\n|\n|t:|1781454777\n|switch|p2a: Blissey|Blissey, L85, F|542/572\n|move|p1a: Porygon-Z|Tri Attack|p2a: Blissey\n|-damage|p2a: Blissey|442/572\n|\n|-heal|p2a: Blissey|477/572|[from] item: Leftovers\n|upkeep\n|turn|20\n|\n|t:|1781454789\n|switch|p1a: Arceus|Arceus-Water, L71|288/288\n|-damage|p1a: Arceus|252/288|[from] Stealth Rock\n|move|p2a: Blissey|Thunder Wave|p1a: Arceus\n|-status|p1a: Arceus|par\n|\n|-heal|p2a: Blissey|512/572|[from] item: Leftovers\n|upkeep\n|turn|21\n|\n|t:|1781454813\n|move|p2a: Blissey|Seismic Toss|p1a: Arceus\n|-damage|p1a: Arceus|167/288 par\n|move|p1a: Arceus|Will-O-Wisp|p2a: Blissey\n|-status|p2a: Blissey|brn\n|\n|-heal|p2a: Blissey|547/572 brn|[from] item: Leftovers\n|-damage|p2a: Blissey|512/572 brn|[from] brn\n|upkeep\n|turn|22\n|\n|t:|1781454832\n|move|p2a: Blissey|Seismic Toss|p1a: Arceus\n|-damage|p1a: Arceus|82/288 par\n|move|p1a: Arceus|Recover|p1a: Arceus\n|-heal|p1a: Arceus|226/288 par\n|\n|-heal|p2a: Blissey|547/572 brn|[from] item: Leftovers\n|-damage|p2a: Blissey|512/572 brn|[from] brn\n|upkeep\n|turn|23\n|inactive|huyminhha has 120 seconds left.\n|\n|t:|1781454855\n|move|p2a: Blissey|Seismic Toss|p1a: Arceus\n|-damage|p1a: Arceus|141/288 par\n|move|p1a: Arceus|Judgment|p2a: Blissey\n|-damage|p2a: Blissey|437/572 brn\n|\n|-heal|p2a: Blissey|472/572 brn|[from] item: Leftovers\n|-damage|p2a: Blissey|437/572 brn|[from] brn\n|upkeep\n|turn|24\n|inactive|huyminhha has 120 seconds left.\n|\n|t:|1781454868\n|move|p2a: Blissey|Seismic Toss|p1a: Arceus\n|-damage|p1a: Arceus|56/288 par\n|cant|p1a: Arceus|par\n|\n|-heal|p2a: Blissey|472/572 brn|[from] item: Leftovers\n|-damage|p2a: Blissey|437/572 brn|[from] brn\n|upkeep\n|turn|25\n|\n|t:|1781454879\n|switch|p1a: Typhlosion|Typhlosion-Hisui, L83, M|257/257\n|-damage|p1a: Typhlosion|193/257|[from] Stealth Rock\n|move|p2a: Blissey|Seismic Toss|p1a: Typhlosion\n|-immune|p1a: Typhlosion\n|\n|-heal|p1a: Typhlosion|209/257|[from] item: Leftovers\n|-heal|p2a: Blissey|472/572 brn|[from] item: Leftovers\n|-damage|p2a: Blissey|437/572 brn|[from] brn\n|upkeep\n|turn|26\n|inactive|huyminhha has 120 seconds left.\n|\n|t:|1781454918\n|move|p1a: Typhlosion|Fire Blast|p2a: Blissey\n|-damage|p2a: Blissey|346/572 brn\n|move|p2a: Blissey|Thunder Wave|p1a: Typhlosion\n|-status|p1a: Typhlosion|par\n|\n|-heal|p2a: Blissey|381/572 brn|[from] item: Leftovers\n|-heal|p1a: Typhlosion|225/257 par|[from] item: Leftovers\n|-damage|p2a: Blissey|346/572 brn|[from] brn\n|upkeep\n|turn|27\n|\n|t:|1781454930\n|move|p2a: Blissey|Soft-Boiled|p2a: Blissey\n|-heal|p2a: Blissey|572/572 brn\n|move|p1a: Typhlosion|Calm Mind|p1a: Typhlosion\n|-boost|p1a: Typhlosion|spa|1\n|-boost|p1a: Typhlosion|spd|1\n|\n|-heal|p1a: Typhlosion|241/257 par|[from] item: Leftovers\n|-damage|p2a: Blissey|537/572 brn|[from] brn\n|upkeep\n|turn|28\n|\n|t:|1781454943\n|-curestatus|p2a: Blissey|brn|[from] ability: Natural Cure|[silent]\n|switch|p2a: Kyurem|Kyurem-White, L73|303/303\n|-ability|p2a: Kyurem|Turboblaze\n|move|p1a: Typhlosion|Calm Mind|p1a: Typhlosion\n|-boost|p1a: Typhlosion|spa|1\n|-boost|p1a: Typhlosion|spd|1\n|\n|-heal|p1a: Typhlosion|257/257 par|[from] item: Leftovers\n|upkeep\n|turn|29\n|\n|t:|1781454960\n|move|p2a: Kyurem|Earth Power|p1a: Typhlosion\n|-supereffective|p1a: Typhlosion\n|-damage|p1a: Typhlosion|179/257 par\n|move|p1a: Typhlosion|Fire Blast|p2a: Kyurem|[miss]\n|-miss|p1a: Typhlosion|p2a: Kyurem\n|\n|-heal|p1a: Typhlosion|195/257 par|[from] item: Leftovers\n|upkeep\n|turn|30\n|inactive|huyminhha has 120 seconds left.\n|\n|t:|1781454981\n|move|p2a: Kyurem|Earth Power|p1a: Typhlosion\n|-supereffective|p1a: Typhlosion\n|-damage|p1a: Typhlosion|117/257 par\n|move|p1a: Typhlosion|Fire Blast|p2a: Kyurem\n|-damage|p2a: Kyurem|11/303\n|\n|-heal|p1a: Typhlosion|133/257 par|[from] item: Leftovers\n|upkeep\n|turn|31\n|\n|t:|1781454992\n|move|p2a: Kyurem|Earth Power|p1a: Typhlosion\n|-supereffective|p1a: Typhlosion\n|-damage|p1a: Typhlosion|59/257 par\n|cant|p1a: Typhlosion|par\n|\n|-heal|p1a: Typhlosion|75/257 par|[from] item: Leftovers\n|upkeep\n|turn|32\n|\n|t:|1781455001\n|move|p2a: Kyurem|Earth Power|p1a: Typhlosion\n|-supereffective|p1a: Typhlosion\n|-damage|p1a: Typhlosion|0 fnt\n|faint|p1a: Typhlosion\n|\n|upkeep\n|\n|t:|1781455008\n|switch|p1a: Arceus|Arceus-Water, L71|56/288 par\n|-damage|p1a: Arceus|20/288 par|[from] Stealth Rock\n|turn|33\n|\n|t:|1781455013\n|move|p2a: Kyurem|Earth Power|p1a: Arceus\n|-damage|p1a: Arceus|0 fnt\n|faint|p1a: Arceus\n|\n|upkeep\n|\n|t:|1781455018\n|switch|p1a: Porygon-Z|Porygon-Z, L83|243/277\n|-damage|p1a: Porygon-Z|209/277|[from] Stealth Rock\n|turn|34\n|\n|t:|1781455031\n|switch|p2a: Blissey|Blissey, L85, F|537/572\n|move|p1a: Porygon-Z|Trick|p2a: Blissey\n|-activate|p1a: Porygon-Z|move: Trick|[of] p2a: Blissey\n|-item|p2a: Blissey|Choice Scarf|[from] move: Trick\n|-item|p1a: Porygon-Z|Leftovers|[from] move: Trick\n|\n|-heal|p1a: Porygon-Z|226/277|[from] item: Leftovers\n|upkeep\n|turn|35\n|\n|t:|1781455053\n|move|p2a: Blissey|Thunder Wave|p1a: Porygon-Z|[miss]\n|-miss|p2a: Blissey|p1a: Porygon-Z\n|move|p1a: Porygon-Z|Thunderbolt|p2a: Blissey\n|-damage|p2a: Blissey|475/572\n|\n|-heal|p1a: Porygon-Z|243/277|[from] item: Leftovers\n|upkeep\n|turn|36\n|\n|t:|1781455065\n|move|p2a: Blissey|Thunder Wave|p1a: Porygon-Z\n|-status|p1a: Porygon-Z|par\n|move|p1a: Porygon-Z|Tri Attack|p2a: Blissey\n|-damage|p2a: Blissey|371/572\n|\n|-heal|p1a: Porygon-Z|260/277 par|[from] item: Leftovers\n|upkeep\n|turn|37\n|\n|t:|1781455088\n|switch|p2a: Meowstic|Meowstic-F, L89, F, tera:Dark|112/277\n|move|p1a: Porygon-Z|Tri Attack|p2a: Meowstic\n|-damage|p2a: Meowstic|0 fnt\n|faint|p2a: Meowstic\n|\n|-heal|p1a: Porygon-Z|277/277 par|[from] item: Leftovers\n|upkeep\n|\n|t:|1781455092\n|switch|p2a: Kyurem|Kyurem-White, L73|11/303\n|-ability|p2a: Kyurem|Turboblaze\n|turn|38\n|inactive|up up go has 120 seconds left.\n|\n|t:|1781455102\n|move|p2a: Kyurem|Draco Meteor|p1a: Porygon-Z\n|-crit|p1a: Porygon-Z\n|-damage|p1a: Porygon-Z|0 fnt\n|-unboost|p2a: Kyurem|spa|2\n|faint|p1a: Porygon-Z\n|\n|win|huyminhha\n|raw|up up go's rating: 1472 &rarr; <strong>1452</strong><br />(-20 for losing)\n|raw|huyminhha's rating: 1472 &rarr; <strong>1492</strong><br />(+20 for winning)\n|c|\u2606up up go|GG\n", "uploadtime": 1781455141, "views": 2, "formatid": "gen9randombattle", "rating": 1452, "private": 0, "password": null}