{"id": "gen9randombattle-2631833365", "format": "[Gen 9] Random Battle", "players": ["porkynator", "SenjaNgento123"], "log": "|j|\u2606porkynator\n|j|\u2606SenjaNgento123\n|t:|1781445946\n|gametype|singles\n|player|p1|porkynator|266|1851\n|player|p2|SenjaNgento123|266|1906\n|gen|9\n|tier|[Gen 9] Random Battle\n|rated|\n|rule|Species Clause: Limit one of each Pok\u00e9mon\n|rule|HP Percentage Mod: HP is shown in percentages\n|rule|Sleep Clause Mod: Limit one foe put to sleep\n|rule|Illusion Level Mod: Illusion disguises the Pok\u00e9mon's true level\n|\n|t:|1781445946\n|teamsize|p1|6\n|teamsize|p2|6\n|start\n|switch|p1a: Torterra|Torterra, L78, F|276/276\n|switch|p2a: Torterra|Torterra, L78, F|276/276\n|turn|1\n|c|\u2606SenjaNgento123|uhmm okay?\n|inactive|Battle timer is ON: inactive players will automatically lose when time's up. (requested by SenjaNgento123)\n|\n|t:|1781445973\n|move|p1a: Torterra|Shell Smash|p1a: Torterra\n|-unboost|p1a: Torterra|def|1\n|-unboost|p1a: Torterra|spd|1\n|-boost|p1a: Torterra|atk|2\n|-boost|p1a: Torterra|spa|2\n|-boost|p1a: Torterra|spe|2\n|move|p2a: Torterra|Bullet Seed|p1a: Torterra\n|-damage|p1a: Torterra|237/276\n|-damage|p1a: Torterra|198/276\n|-damage|p1a: Torterra|159/276\n|-damage|p1a: Torterra|123/276\n|-damage|p1a: Torterra|87/276\n|-hitcount|p1a: Torterra|5\n|\n|upkeep\n|turn|2\n|\n|t:|1781445983\n|switch|p2a: Probopass|Probopass, L91, M|257/257\n|move|p1a: Torterra|Bullet Seed|p2a: Probopass\n|-damage|p2a: Probopass|214/257\n|-damage|p2a: Probopass|165/257\n|-crit|p2a: Probopass\n|-damage|p2a: Probopass|87/257\n|-damage|p2a: Probopass|38/257\n|-hitcount|p2a: Probopass|4\n|\n|-heal|p2a: Probopass|54/257|[from] item: Leftovers\n|upkeep\n|turn|3\n|\n|t:|1781445990\n|move|p1a: Torterra|Bullet Seed|p2a: Probopass\n|-damage|p2a: Probopass|9/257\n|-damage|p2a: Probopass|0 fnt\n|faint|p2a: Probopass\n|-hitcount|p2: Probopass|2\n|\n|upkeep\n|\n|t:|1781445994\n|switch|p2a: Deoxys|Deoxys-Speed, L82|216/216\n|-ability|p2a: Deoxys|Pressure\n|turn|4\n|\n|t:|1781446003\n|move|p2a: Deoxys|Dark Pulse|p1a: Torterra\n|-damage|p1a: Torterra|0 fnt\n|faint|p1a: Torterra\n|-damage|p2a: Deoxys|195/216|[from] item: Life Orb\n|\n|upkeep\n|\n|t:|1781446009\n|switch|p1a: Flareon|Flareon, L90, F|263/263\n|turn|5\n|\n|t:|1781446023\n|switch|p2a: Basculegion|Basculegion-F, L83, F|335/335\n|move|p1a: Flareon|Flare Blitz|p2a: Basculegion\n|-resisted|p2a: Basculegion\n|-damage|p2a: Basculegion|226/335\n|-damage|p1a: Flareon|227/263|[from] Recoil\n|\n|-status|p1a: Flareon|tox|[from] item: Toxic Orb\n|upkeep\n|turn|6\n|\n|t:|1781446034\n|-terastallize|p1a: Flareon|Normal\n|move|p2a: Basculegion|Flip Turn|p1a: Flareon\n|-damage|p1a: Flareon|125/263 tox\n|\n|t:|1781446045\n|switch|p2a: Cresselia|Cresselia, L80, F|323/323|[from] Flip Turn\n|move|p1a: Flareon|Trailblaze|p2a: Cresselia\n|-damage|p2a: Cresselia|251/323\n|-boost|p1a: Flareon|spe|1\n|\n|-heal|p2a: Cresselia|271/323|[from] item: Leftovers\n|-damage|p1a: Flareon|109/263 tox|[from] psn\n|upkeep\n|turn|7\n|\n|t:|1781446055\n|move|p1a: Flareon|Facade|p2a: Cresselia\n|-damage|p2a: Cresselia|0 fnt\n|faint|p2a: Cresselia\n|\n|-damage|p1a: Flareon|77/263 tox|[from] psn\n|upkeep\n|\n|t:|1781446063\n|switch|p2a: Deoxys|Deoxys-Speed, L82|195/216\n|-ability|p2a: Deoxys|Pressure\n|turn|8\n|\n|t:|1781446071\n|move|p2a: Deoxys|Psycho Boost|p1a: Flareon\n|-damage|p1a: Flareon|0 fnt\n|-unboost|p2a: Deoxys|spa|2\n|faint|p1a: Flareon\n|-damage|p2a: Deoxys|174/216|[from] item: Life Orb\n|\n|upkeep\n|\n|t:|1781446077\n|switch|p1a: Basculegion|Basculegion, L80, M|323/323\n|turn|9\n|\n|t:|1781446086\n|switch|p2a: Passimian|Passimian, L83, F|302/302\n|move|p1a: Basculegion|Shadow Ball|p2a: Passimian\n|-damage|p2a: Passimian|176/302\n|\n|-heal|p2a: Passimian|194/302|[from] item: Leftovers\n|upkeep\n|turn|10\n|\n|t:|1781446093\n|move|p2a: Passimian|Knock Off|p1a: Basculegion\n|-supereffective|p1a: Basculegion\n|-damage|p1a: Basculegion|105/323\n|-enditem|p1a: Basculegion|Assault Vest|[from] move: Knock Off|[of] p2a: Passimian\n|move|p1a: Basculegion|Wave Crash|p2a: Passimian\n|-damage|p2a: Passimian|6/302\n|-damage|p1a: Basculegion|43/323|[from] Recoil\n|\n|-heal|p2a: Passimian|24/302|[from] item: Leftovers\n|upkeep\n|turn|11\n|\n|t:|1781446098\n|move|p1a: Basculegion|Aqua Jet|p2a: Passimian\n|-damage|p2a: Passimian|0 fnt\n|faint|p2a: Passimian\n|\n|upkeep\n|\n|t:|1781446104\n|switch|p2a: Basculegion|Basculegion-F, L83, F|226/335\n|turn|12\n|\n|t:|1781446109\n|move|p2a: Basculegion|Shadow Ball|p1a: Basculegion\n|-supereffective|p1a: Basculegion\n|-damage|p1a: Basculegion|0 fnt\n|faint|p1a: Basculegion\n|\n|upkeep\n|\n|t:|1781446119\n|switch|p1a: Barraskewda|Barraskewda, L81, M|231/231\n|turn|13\n|\n|t:|1781446148\n|move|p1a: Barraskewda|Waterfall|p2a: Basculegion\n|-resisted|p2a: Basculegion\n|-damage|p2a: Basculegion|140/335\n|cant|p2a: Basculegion|flinch\n|\n|upkeep\n|turn|14\n|\n|t:|1781446153\n|switch|p2a: Torterra|Torterra, L78, F|276/276\n|move|p1a: Barraskewda|Waterfall|p2a: Torterra\n|-damage|p2a: Torterra|152/276\n|\n|upkeep\n|turn|15\n|\n|t:|1781446160\n|move|p1a: Barraskewda|Waterfall|p2a: Torterra\n|-damage|p2a: Torterra|22/276\n|cant|p2a: Torterra|flinch\n|\n|upkeep\n|turn|16\n|\n|t:|1781446165\n|move|p1a: Barraskewda|Waterfall|p2a: Torterra\n|-damage|p2a: Torterra|0 fnt\n|faint|p2a: Torterra\n|\n|upkeep\n|\n|t:|1781446168\n|switch|p2a: Deoxys|Deoxys-Speed, L82|174/216\n|-ability|p2a: Deoxys|Pressure\n|turn|17\n|\n|t:|1781446179\n|move|p2a: Deoxys|Psycho Boost|p1a: Barraskewda|[miss]\n|-miss|p2a: Deoxys|p1a: Barraskewda\n|move|p1a: Barraskewda|Waterfall|p2a: Deoxys\n|-damage|p2a: Deoxys|21/216\n|\n|upkeep\n|turn|18\n|\n|t:|1781446185\n|switch|p1a: Camerupt|Camerupt, L91, M|275/275\n|move|p2a: Deoxys|Psycho Boost|p1a: Camerupt\n|-damage|p1a: Camerupt|80/275\n|-unboost|p2a: Deoxys|spa|2\n|-damage|p2a: Deoxys|0 fnt|[from] item: Life Orb\n|faint|p2a: Deoxys\n|\n|-heal|p1a: Camerupt|97/275|[from] item: Leftovers\n|upkeep\n|\n|t:|1781446187\n|switch|p2a: Basculegion|Basculegion-F, L83, F|140/335\n|turn|19\n|\n|t:|1781446190\n|move|p2a: Basculegion|Hydro Pump|p1a: Camerupt\n|-supereffective|p1a: Camerupt\n|-damage|p1a: Camerupt|0 fnt\n|faint|p1a: Camerupt\n|\n|upkeep\n|\n|t:|1781446193\n|switch|p1a: Barraskewda|Barraskewda, L81, M|235/235\n|turn|20\n|\n|t:|1781446197\n|move|p1a: Barraskewda|Dark Pulse|p2a: Basculegion\n|-supereffective|p2a: Basculegion\n|-damage|p2a: Basculegion|0 fnt\n|faint|p2a: Basculegion\n|-damage|p1a: Barraskewda|212/235|[from] item: Life Orb\n|\n|win|porkynator\n|raw|porkynator's rating: 1851 &rarr; <strong>1874</strong><br />(+23 for winning)\n|raw|SenjaNgento123's rating: 1906 &rarr; <strong>1883</strong><br />(-23 for losing)\n", "uploadtime": 1781446197, "views": 2, "formatid": "gen9randombattle", "rating": 1874, "private": 0, "password": null}