{"id": "gen9randombattle-2631888456", "format": "[Gen 9] Random Battle", "players": ["Naide7", "randomdude8876"], "log": "|j|\u2606Naide7\n|j|\u2606randomdude8876\n|t:|1781452307\n|gametype|singles\n|player|p1|Naide7|iris|1959\n|player|p2|randomdude8876|hiker-gen4|1918\n|gen|9\n|tier|[Gen 9] Random Battle\n|rated|\n|rule|Species Clause: Limit one of each Pok\u00e9mon\n|rule|HP Percentage Mod: HP is shown in percentages\n|rule|Sleep Clause Mod: Limit one foe put to sleep\n|rule|Illusion Level Mod: Illusion disguises the Pok\u00e9mon's true level\n|\n|t:|1781452307\n|teamsize|p1|6\n|teamsize|p2|6\n|start\n|switch|p1a: Great Tusk|Great Tusk, L77|304/304\n|switch|p2a: Kyurem|Kyurem-Black, L71|219/219\n|turn|1\n|inactive|Battle timer is ON: inactive players will automatically lose when time's up. (requested by randomdude8876)\n|\n|t:|1781452322\n|-end|p1a: Great Tusk|Protosynthesis|[silent]\n|switch|p1a: Coalossal|Coalossal, L89, M|341/341\n|move|p2a: Kyurem|Will-O-Wisp|p1a: Coalossal\n|-immune|p1a: Coalossal\n|\n|upkeep\n|turn|2\n|\n|t:|1781452343\n|switch|p2a: Conkeldurr|Conkeldurr, L80, F|299/299\n|move|p1a: Coalossal|Stealth Rock|p2a: Conkeldurr\n|-sidestart|p2: randomdude8876|move: Stealth Rock\n|\n|-status|p2a: Conkeldurr|brn|[from] item: Flame Orb\n|upkeep\n|turn|3\n|\n|t:|1781452351\n|switch|p1a: Bruxish|Bruxish, L85, F|254/254\n|move|p2a: Conkeldurr|Close Combat|p1a: Bruxish\n|-resisted|p1a: Bruxish\n|-damage|p1a: Bruxish|106/254\n|-unboost|p2a: Conkeldurr|def|1\n|-unboost|p2a: Conkeldurr|spd|1\n|\n|-damage|p2a: Conkeldurr|281/299 brn|[from] brn\n|upkeep\n|turn|4\n|\n|t:|1781452362\n|switch|p2a: Corviknight|Corviknight, L80, M|288/288\n|-damage|p2a: Corviknight|252/288|[from] Stealth Rock\n|move|p1a: Bruxish|Psychic Fangs|p2a: Corviknight\n|-resisted|p2a: Corviknight\n|-damage|p2a: Corviknight|144/288\n|\n|-heal|p2a: Corviknight|162/288|[from] item: Leftovers\n|upkeep\n|turn|5\n|\n|t:|1781452380\n|switch|p1a: Coalossal|Coalossal, L89, M|341/341\n|move|p2a: Corviknight|Defog|p1a: Coalossal\n|-unboost|p1a: Coalossal|evasion|1\n|-sideend|p2: randomdude8876|Stealth Rock|[from] move: Defog|[of] p2a: Corviknight\n|\n|-heal|p2a: Corviknight|180/288|[from] item: Leftovers\n|upkeep\n|turn|6\n|\n|t:|1781452396\n|switch|p2a: Conkeldurr|Conkeldurr, L80, F|281/299 brn\n|move|p1a: Coalossal|Overheat|p2a: Conkeldurr\n|-damage|p2a: Conkeldurr|122/299 brn\n|-unboost|p1a: Coalossal|spa|2\n|\n|-damage|p2a: Conkeldurr|104/299 brn|[from] brn\n|upkeep\n|turn|7\n|\n|t:|1781452407\n|move|p2a: Conkeldurr|Close Combat|p1a: Coalossal\n|-supereffective|p1a: Coalossal\n|-damage|p1a: Coalossal|0 fnt\n|-unboost|p2a: Conkeldurr|def|1\n|-unboost|p2a: Conkeldurr|spd|1\n|faint|p1a: Coalossal\n|\n|-damage|p2a: Conkeldurr|86/299 brn|[from] brn\n|upkeep\n|\n|t:|1781452419\n|switch|p1a: Bruxish|Bruxish, L85, F|106/254\n|turn|8\n|\n|t:|1781452423\n|move|p2a: Conkeldurr|Mach Punch|p1a: Bruxish\n|-resisted|p1a: Bruxish\n|-damage|p1a: Bruxish|64/254\n|move|p1a: Bruxish|Wave Crash|p2a: Conkeldurr\n|-damage|p2a: Conkeldurr|0 fnt\n|faint|p2a: Conkeldurr\n|-damage|p1a: Bruxish|36/254|[from] Recoil\n|\n|upkeep\n|\n|t:|1781452431\n|switch|p2a: Kyurem|Kyurem-Black, L71|295/295\n|-ability|p2a: Kyurem|Teravolt\n|turn|9\n|\n|t:|1781452439\n|move|p1a: Bruxish|Wave Crash|p2a: Kyurem\n|-resisted|p2a: Kyurem\n|-damage|p2a: Kyurem|190/295\n|-damage|p1a: Bruxish|1/254|[from] Recoil\n|move|p2a: Kyurem|Dragon Dance|p2a: Kyurem\n|-boost|p2a: Kyurem|atk|1\n|-boost|p2a: Kyurem|spe|1\n|\n|upkeep\n|turn|10\n|\n|t:|1781452444\n|move|p2a: Kyurem|Dragon Dance|p2a: Kyurem\n|-boost|p2a: Kyurem|atk|1\n|-boost|p2a: Kyurem|spe|1\n|move|p1a: Bruxish|Wave Crash|p2a: Kyurem\n|-resisted|p2a: Kyurem\n|-damage|p2a: Kyurem|72/295\n|-damage|p1a: Bruxish|0 fnt|[from] Recoil\n|faint|p1a: Bruxish\n|\n|upkeep\n|-message|Naide7 forfeited.\n|\n|win|randomdude8876\n", "uploadtime": 1781452309, "views": 5, "formatid": "gen9randombattle", "rating": null, "private": 0, "password": null}