{"id": "gen9randombattle-2631420366", "format": "[Gen 9] Random Battle", "players": ["Petilil37", "MasterSlash001"], "log": "|j|\u203dPetilil37\n|j|\u2606MasterSlash001\n|t:|1781382499\n|gametype|singles\n|player|p1|Petilil37|2|1976\n|player|p2|MasterSlash001|volkner|2049\n|gen|9\n|tier|[Gen 9] Random Battle\n|rated|\n|rule|Species Clause: Limit one of each Pok\u00e9mon\n|rule|HP Percentage Mod: HP is shown in percentages\n|rule|Sleep Clause Mod: Limit one foe put to sleep\n|rule|Illusion Level Mod: Illusion disguises the Pok\u00e9mon's true level\n|\n|t:|1781382499\n|teamsize|p1|6\n|teamsize|p2|6\n|start\n|switch|p1a: Infernape|Infernape, L82, M|259/259\n|switch|p2a: Electivire|Electivire, L84, F|263/263\n|turn|1\n|inactive|Battle timer is ON: inactive players will automatically lose when time's up. (requested by MasterSlash001)\n|\n|t:|1781382508\n|switch|p1a: Deoxys|Deoxys-Defense, L84|221/221\n|-ability|p1a: Deoxys|Pressure\n|move|p2a: Electivire|Earthquake|p1a: Deoxys\n|-damage|p1a: Deoxys|156/221\n|-damage|p2a: Electivire|237/263|[from] item: Life Orb\n|\n|-heal|p1a: Deoxys|169/221|[from] item: Leftovers\n|upkeep\n|turn|2\n|\n|t:|1781382519\n|switch|p2a: Mabosstiff|Mabosstiff, L86, F|278/278\n|move|p1a: Deoxys|Recover|p1a: Deoxys\n|-heal|p1a: Deoxys|221/221\n|\n|upkeep\n|turn|3\n|\n|t:|1781382525\n|-terastallize|p1a: Deoxys|Dark\n|move|p1a: Deoxys|Stealth Rock|p2a: Mabosstiff\n|-sidestart|p2: MasterSlash001|move: Stealth Rock\n|move|p2a: Mabosstiff|Crunch|p1a: Deoxys\n|-resisted|p1a: Deoxys\n|-damage|p1a: Deoxys|169/221\n|\n|-heal|p1a: Deoxys|182/221|[from] item: Leftovers\n|upkeep\n|turn|4\n|\n|t:|1781382536\n|switch|p2a: Komala|Komala, L88, M|258/258\n|-damage|p2a: Komala|226/258|[from] Stealth Rock\n|-ability|p2a: Komala|Comatose\n|move|p1a: Deoxys|Teleport|p1a: Deoxys\n|\n|t:|1781382538\n|switch|p1a: Infernape|Infernape, L82, M|259/259|[from] Teleport\n|\n|upkeep\n|turn|5\n|\n|t:|1781382544\n|-terastallize|p2a: Komala|Ghost\n|move|p1a: Infernape|Knock Off|p2a: Komala\n|-supereffective|p2a: Komala\n|-damage|p2a: Komala|13/258\n|-enditem|p2a: Komala|Assault Vest|[from] move: Knock Off|[of] p1a: Infernape\n|-damage|p1a: Infernape|234/259|[from] item: Life Orb\n|move|p2a: Komala|Rapid Spin|p1a: Infernape\n|-damage|p1a: Infernape|155/259\n|-boost|p2a: Komala|spe|1\n|-sideend|p2: MasterSlash001|Stealth Rock|[from] move: Rapid Spin|[of] p2a: Komala\n|\n|upkeep\n|turn|6\n|\n|t:|1781382558\n|switch|p1a: Bruxish|Bruxish, L85, M|254/254\n|move|p2a: Komala|Body Slam|p1a: Bruxish\n|-damage|p1a: Bruxish|110/254\n|-status|p1a: Bruxish|par\n|\n|upkeep\n|turn|7\n|\n|t:|1781382565\n|move|p2a: Komala|Knock Off|p1a: Bruxish\n|-supereffective|p1a: Bruxish\n|-damage|p1a: Bruxish|0 fnt\n|-enditem|p1a: Bruxish|Choice Scarf|[from] move: Knock Off|[of] p2a: Komala\n|faint|p1a: Bruxish\n|\n|upkeep\n|\n|t:|1781382568\n|switch|p1a: Regieleki|Regieleki, L79|256/256\n|turn|8\n|\n|t:|1781382573\n|switch|p1a: Deoxys|Deoxys-Defense, L84, tera:Dark|182/221\n|-ability|p1a: Deoxys|Pressure\n|switch|p2a: Electivire|Electivire, L84, F|237/263\n|\n|-heal|p1a: Deoxys|195/221|[from] item: Leftovers\n|upkeep\n|turn|9\n|\n|t:|1781382583\n|switch|p2a: Yanmega|Yanmega, L82, M|275/275\n|move|p1a: Deoxys|Stealth Rock|p2a: Yanmega\n|-sidestart|p2: MasterSlash001|move: Stealth Rock\n|\n|-heal|p1a: Deoxys|208/221|[from] item: Leftovers\n|upkeep\n|turn|10\n|\n|t:|1781382590\n|switch|p1a: Regieleki|Regieleki, L79|256/256\n|move|p2a: Yanmega|U-turn|p1a: Regieleki\n|-damage|p1a: Regieleki|160/256\n|\n|t:|1781382598\n|switch|p2a: Banette|Banette, L93, F|270/270|[from] U-turn\n|-damage|p2a: Banette|237/270|[from] Stealth Rock\n|\n|upkeep\n|turn|11\n|\n|t:|1781382609\n|move|p1a: Regieleki|Volt Switch|p2a: Banette\n|-damage|p2a: Banette|122/270\n|\n|t:|1781382611\n|switch|p1a: Deoxys|Deoxys-Defense, L84, tera:Dark|208/221|[from] Volt Switch\n|-ability|p1a: Deoxys|Pressure\n|move|p2a: Banette|Gunk Shot|p1a: Deoxys\n|-crit|p1a: Deoxys\n|-damage|p1a: Deoxys|64/221\n|-damage|p2a: Banette|95/270|[from] item: Life Orb\n|\n|-heal|p1a: Deoxys|77/221|[from] item: Leftovers\n|upkeep\n|turn|12\n|\n|t:|1781382621\n|move|p1a: Deoxys|Recover|p1a: Deoxys\n|-heal|p1a: Deoxys|188/221\n|move|p2a: Banette|Thunder Wave|p1a: Deoxys\n|-status|p1a: Deoxys|par\n|\n|-heal|p1a: Deoxys|201/221 par|[from] item: Leftovers\n|upkeep\n|turn|13\n|\n|t:|1781382628\n|move|p2a: Banette|Gunk Shot|p1a: Deoxys\n|-damage|p1a: Deoxys|113/221 par\n|-damage|p2a: Banette|68/270|[from] item: Life Orb\n|move|p1a: Deoxys|Psychic Noise|p2a: Banette\n|-damage|p2a: Banette|1/270\n|-start|p2a: Banette|move: Heal Block\n|\n|-heal|p1a: Deoxys|126/221 par|[from] item: Leftovers\n|upkeep\n|turn|14\n|\n|t:|1781382637\n|move|p2a: Banette|Gunk Shot|p1a: Deoxys\n|-damage|p1a: Deoxys|27/221 par\n|-damage|p2a: Banette|0 fnt|[from] item: Life Orb\n|faint|p2a: Banette\n|move|p1a: Deoxys|Recover|p1a: Deoxys\n|-heal|p1a: Deoxys|138/221 par\n|\n|-heal|p1a: Deoxys|151/221 par|[from] item: Leftovers\n|upkeep\n|\n|t:|1781382651\n|switch|p2a: Yanmega|Yanmega, L82, M|275/275\n|-damage|p2a: Yanmega|138/275|[from] Stealth Rock\n|turn|15\n|\n|t:|1781382657\n|switch|p1a: Infernape|Infernape, L82, M|155/259\n|move|p2a: Yanmega|Bug Buzz|p1a: Infernape\n|-resisted|p1a: Infernape\n|-damage|p1a: Infernape|63/259\n|\n|upkeep\n|turn|16\n|-message|MasterSlash001 forfeited.\n|\n|win|Petilil37\n", "uploadtime": 1781382501, "views": 7, "formatid": "gen9randombattle", "rating": null, "private": 0, "password": null}