{"id": "gen9randombattle-2631836523", "format": "[Gen 9] Random Battle", "players": ["zeitwes", "mysteriondcrown"], "log": "|j|\u2606zeitwes\n|j|\u2606mysteriondcrown\n|t:|1781446324\n|gametype|singles\n|player|p1|zeitwes|169|1936\n|player|p2|mysteriondcrown|170|1923\n|gen|9\n|tier|[Gen 9] Random Battle\n|rated|\n|rule|Species Clause: Limit one of each Pok\u00e9mon\n|rule|HP Percentage Mod: HP is shown in percentages\n|rule|Sleep Clause Mod: Limit one foe put to sleep\n|rule|Illusion Level Mod: Illusion disguises the Pok\u00e9mon's true level\n|\n|t:|1781446324\n|teamsize|p1|6\n|teamsize|p2|6\n|start\n|switch|p1a: Yanmega|Yanmega, L82, M|275/275\n|switch|p2a: Tauros|Tauros, L82, M|257/257\n|turn|1\n|inactive|Battle timer is ON: inactive players will automatically lose when time's up. (requested by mysteriondcrown)\n|\n|t:|1781446337\n|switch|p1a: Rotom|Rotom, L88|231/231\n|move|p2a: Tauros|Body Slam|p1a: Rotom\n|-immune|p1a: Rotom\n|\n|upkeep\n|turn|2\n|\n|t:|1781446365\n|switch|p2a: Rotom|Rotom-Fan, L86|226/226\n|move|p1a: Rotom|Thunderbolt|p2a: Rotom\n|-damage|p2a: Rotom|136/226\n|\n|upkeep\n|turn|3\n|\n|t:|1781446370\n|move|p1a: Rotom|Thunderbolt|p2a: Rotom\n|-damage|p2a: Rotom|54/226\n|move|p2a: Rotom|Thunderbolt|p1a: Rotom\n|-resisted|p1a: Rotom\n|-damage|p1a: Rotom|174/231\n|\n|upkeep\n|turn|4\n|\n|t:|1781446384\n|move|p1a: Rotom|Thunderbolt|p2a: Rotom\n|-damage|p2a: Rotom|0 fnt\n|faint|p2a: Rotom\n|\n|upkeep\n|\n|t:|1781446395\n|switch|p2a: Tauros|Tauros, L82, M|257/257\n|turn|5\n|\n|t:|1781446401\n|move|p1a: Rotom|Thunderbolt|p2a: Tauros\n|-damage|p2a: Tauros|139/257\n|-status|p2a: Tauros|par\n|move|p2a: Tauros|Throat Chop|p1a: Rotom\n|-supereffective|p1a: Rotom\n|-damage|p1a: Rotom|0 fnt\n|faint|p1a: Rotom\n|\n|upkeep\n|\n|t:|1781446414\n|switch|p1a: Yanmega|Yanmega, L82, M|275/275\n|turn|6\n|\n|t:|1781446418\n|switch|p2a: Zamazenta|Zamazenta-Crowned, L68|238/238\n|-ability|p2a: Zamazenta|Dauntless Shield|boost\n|-boost|p2a: Zamazenta|def|1\n|move|p1a: Yanmega|Bug Buzz|p2a: Zamazenta\n|-resisted|p2a: Zamazenta\n|-damage|p2a: Zamazenta|174/238\n|\n|upkeep\n|turn|7\n|\n|t:|1781446425\n|switch|p1a: Regieleki|Regieleki, L79|256/256\n|move|p2a: Zamazenta|Heavy Slam|p1a: Regieleki\n|-resisted|p1a: Regieleki\n|-damage|p1a: Regieleki|170/256\n|\n|upkeep\n|turn|8\n|\n|t:|1781446434\n|move|p1a: Regieleki|Volt Switch|p2a: Zamazenta\n|-damage|p2a: Zamazenta|89/238\n|\n|t:|1781446437\n|switch|p1a: Yanmega|Yanmega, L82, M|275/275|[from] Volt Switch\n|move|p2a: Zamazenta|Body Press|p1a: Yanmega\n|-resisted|p1a: Yanmega\n|-damage|p1a: Yanmega|248/275\n|\n|upkeep\n|turn|9\n|\n|t:|1781446444\n|move|p2a: Zamazenta|Stone Edge|p1a: Yanmega\n|-supereffective|p1a: Yanmega\n|-damage|p1a: Yanmega|20/275\n|move|p1a: Yanmega|U-turn|p2a: Zamazenta\n|-resisted|p2a: Zamazenta\n|-damage|p2a: Zamazenta|73/238\n|\n|t:|1781446449\n|switch|p1a: Regieleki|Regieleki, L79|170/256|[from] U-turn\n|\n|upkeep\n|turn|10\n|\n|t:|1781446454\n|move|p1a: Regieleki|Thunderbolt|p2a: Zamazenta\n|-damage|p2a: Zamazenta|0 fnt\n|faint|p2a: Zamazenta\n|\n|upkeep\n|\n|t:|1781446458\n|switch|p2a: Houndstone|Houndstone, L86, F|264/264\n|turn|11\n|\n|t:|1781446475\n|move|p1a: Regieleki|Volt Switch|p2a: Houndstone\n|-damage|p2a: Houndstone|203/264\n|\n|t:|1781446476\n|switch|p1a: Yanmega|Yanmega, L82, M|20/275|[from] Volt Switch\n|move|p2a: Houndstone|Poltergeist|p1a: Yanmega\n|-activate|p1a: Yanmega|move: Poltergeist|Choice Specs\n|-damage|p1a: Yanmega|0 fnt\n|faint|p1a: Yanmega\n|\n|upkeep\n|\n|t:|1781446478\n|switch|p1a: Hydreigon|Hydreigon, L79, M|275/275\n|turn|12\n|inactive|mysteriondcrown has 120 seconds left.\n|inactive|mysteriondcrown has 90 seconds left.\n|\n|t:|1781446539\n|-terastallize|p2a: Houndstone|Fighting\n|move|p1a: Hydreigon|Dark Pulse|p2a: Houndstone\n|-resisted|p2a: Houndstone\n|-damage|p2a: Houndstone|171/264\n|-damage|p1a: Hydreigon|248/275|[from] item: Life Orb\n|move|p2a: Houndstone|Body Press|p1a: Hydreigon\n|-supereffective|p1a: Hydreigon\n|-damage|p1a: Hydreigon|74/275\n|\n|upkeep\n|turn|13\n|inactive|mysteriondcrown has 90 seconds left.\n|\n|t:|1781446551\n|switch|p2a: Tauros|Tauros, L82, M|139/257 par\n|move|p1a: Hydreigon|Draco Meteor|p2a: Tauros\n|-damage|p2a: Tauros|0 fnt\n|-unboost|p1a: Hydreigon|spa|2\n|faint|p2a: Tauros\n|-damage|p1a: Hydreigon|47/275|[from] item: Life Orb\n|\n|upkeep\n|inactive|mysteriondcrown has 90 seconds left.\n|\n|t:|1781446570\n|switch|p2a: Overqwil|Overqwil, L82, M|274/274\n|-ability|p2a: Overqwil|Intimidate|boost\n|-unboost|p1a: Hydreigon|atk|1\n|turn|14\n|\n|t:|1781446578\n|move|p1a: Hydreigon|Draco Meteor|p2a: Overqwil\n|-damage|p2a: Overqwil|157/274\n|-unboost|p1a: Hydreigon|spa|2\n|-damage|p1a: Hydreigon|20/275|[from] item: Life Orb\n|move|p2a: Overqwil|Swords Dance|p2a: Overqwil\n|-boost|p2a: Overqwil|atk|2\n|\n|upkeep\n|turn|15\n|\n|t:|1781446585\n|move|p1a: Hydreigon|Draco Meteor|p2a: Overqwil\n|-damage|p2a: Overqwil|79/274\n|-unboost|p1a: Hydreigon|spa|2\n|-damage|p1a: Hydreigon|0 fnt|[from] item: Life Orb\n|faint|p1a: Hydreigon\n|move|p2a: Overqwil|Swords Dance|p2a: Overqwil\n|-boost|p2a: Overqwil|atk|2\n|\n|upkeep\n|\n|t:|1781446592\n|switch|p1a: Regieleki|Regieleki, L79|170/256\n|turn|16\n|\n|t:|1781446596\n|move|p1a: Regieleki|Thunderbolt|p2a: Overqwil\n|-damage|p2a: Overqwil|0 fnt\n|faint|p2a: Overqwil\n|\n|upkeep\n|\n|t:|1781446597\n|switch|p2a: Houndstone|Houndstone, L86, F, tera:Fighting|171/264\n|turn|17\n|\n|t:|1781446609\n|move|p1a: Regieleki|Thunderbolt|p2a: Houndstone\n|-damage|p2a: Houndstone|90/264\n|move|p2a: Houndstone|Body Press|p1a: Regieleki\n|-damage|p1a: Regieleki|25/256\n|\n|upkeep\n|turn|18\n|\n|t:|1781446615\n|switch|p1a: Maushold|Maushold-Four, L76|238/238\n|move|p2a: Houndstone|Shadow Sneak|p1a: Maushold\n|-immune|p1a: Maushold\n|\n|upkeep\n|turn|19\n|\n|t:|1781446619\n|move|p1a: Maushold|Encore|p2a: Houndstone\n|-start|p2a: Houndstone|Encore\n|move|p2a: Houndstone|Shadow Sneak|p1a: Maushold\n|-immune|p1a: Maushold\n|\n|upkeep\n|turn|20\n|\n|t:|1781446623\n|switch|p2a: Hoopa|Hoopa-Unbound, L80|259/259\n|move|p1a: Maushold|Tidy Up|p1a: Maushold\n|-boost|p1a: Maushold|atk|1\n|-boost|p1a: Maushold|spe|1\n|\n|upkeep\n|turn|21\n|\n|t:|1781446627\n|-terastallize|p1a: Maushold|Normal\n|move|p1a: Maushold|Population Bomb|p2a: Hoopa\n|-damage|p2a: Hoopa|195/259\n|-damage|p2a: Hoopa|131/259\n|-damage|p2a: Hoopa|71/259\n|-damage|p2a: Hoopa|9/259\n|-damage|p2a: Hoopa|0 fnt\n|faint|p2a: Hoopa\n|-hitcount|p2: Hoopa|5\n|\n|upkeep\n|-message|mysteriondcrown forfeited.\n|\n|win|zeitwes\n", "uploadtime": 1781446326, "views": 3, "formatid": "gen9randombattle", "rating": null, "private": 0, "password": null}