{"id": "gen9randombattle-2631784959", "format": "[Gen 9] Random Battle", "players": ["sarodiya", "drowyna"], "log": "|j|\u2606sarodiya\n|j|\u2606drowyna\n|t:|1781439258\n|gametype|singles\n|player|p1|sarodiya|1|1656\n|player|p2|drowyna|lucas|1690\n|gen|9\n|tier|[Gen 9] Random Battle\n|rated|\n|rule|Species Clause: Limit one of each Pok\u00e9mon\n|rule|HP Percentage Mod: HP is shown in percentages\n|rule|Sleep Clause Mod: Limit one foe put to sleep\n|rule|Illusion Level Mod: Illusion disguises the Pok\u00e9mon's true level\n|\n|t:|1781439258\n|teamsize|p1|6\n|teamsize|p2|6\n|start\n|switch|p1a: Hariyama|Hariyama, L87, F|392/392\n|switch|p2a: Farigiraf|Farigiraf, L90, M|362/362\n|turn|1\n|inactive|Battle timer is ON: inactive players will automatically lose when time's up. (requested by sarodiya)\n|\n|t:|1781439271\n|switch|p1a: Tinkaton|Tinkaton, L82, F|274/274\n|-ability|p1a: Tinkaton|Mold Breaker\n|move|p2a: Farigiraf|Psychic Noise|p1a: Tinkaton\n|-resisted|p1a: Tinkaton\n|-damage|p1a: Tinkaton|232/274\n|-start|p1a: Tinkaton|move: Heal Block\n|\n|upkeep\n|turn|2\n|\n|t:|1781439281\n|move|p1a: Tinkaton|Knock Off|p2a: Farigiraf\n|-supereffective|p2a: Farigiraf\n|-damage|p2a: Farigiraf|246/362\n|-enditem|p2a: Farigiraf|Leftovers|[from] move: Knock Off|[of] p1a: Tinkaton\n|move|p2a: Farigiraf|Body Slam|p1a: Tinkaton\n|-resisted|p1a: Tinkaton\n|-damage|p1a: Tinkaton|179/274\n|\n|-end|p1a: Tinkaton|move: Heal Block\n|upkeep\n|turn|3\n|\n|t:|1781439287\n|move|p1a: Tinkaton|Gigaton Hammer|p2a: Farigiraf\n|-damage|p2a: Farigiraf|104/362\n|move|p2a: Farigiraf|Wish|p2a: Farigiraf\n|\n|-heal|p1a: Tinkaton|196/274|[from] item: Leftovers\n|upkeep\n|turn|4\n|\n|t:|1781439292\n|move|p2a: Farigiraf|Protect|p2a: Farigiraf\n|-singleturn|p2a: Farigiraf|Protect\n|move|p1a: Tinkaton|Knock Off|p2a: Farigiraf\n|-activate|p2a: Farigiraf|move: Protect\n|\n|-heal|p2a: Farigiraf|285/362|[from] move: Wish|[wisher] Farigiraf\n|-heal|p1a: Tinkaton|213/274|[from] item: Leftovers\n|upkeep\n|turn|5\n|\n|t:|1781439297\n|move|p1a: Tinkaton|Encore|p2a: Farigiraf\n|-start|p2a: Farigiraf|Encore\n|move|p2a: Farigiraf|Protect||[still]\n|-fail|p2a: Farigiraf\n|\n|-heal|p1a: Tinkaton|230/274|[from] item: Leftovers\n|upkeep\n|turn|6\n|\n|t:|1781439309\n|move|p2a: Farigiraf|Protect|p2a: Farigiraf\n|-singleturn|p2a: Farigiraf|Protect\n|move|p1a: Tinkaton|Knock Off|p2a: Farigiraf\n|-activate|p2a: Farigiraf|move: Protect\n|\n|-heal|p1a: Tinkaton|247/274|[from] item: Leftovers\n|upkeep\n|turn|7\n|\n|t:|1781439318\n|switch|p2a: Electivire|Electivire, L84, M|263/263\n|move|p1a: Tinkaton|Knock Off|p2a: Electivire\n|-damage|p2a: Electivire|198/263\n|-enditem|p2a: Electivire|Life Orb|[from] move: Knock Off|[of] p1a: Tinkaton\n|\n|-heal|p1a: Tinkaton|264/274|[from] item: Leftovers\n|upkeep\n|turn|8\n|\n|t:|1781439331\n|switch|p1a: Hariyama|Hariyama, L87, F|392/392\n|move|p2a: Electivire|Bulk Up|p2a: Electivire\n|-boost|p2a: Electivire|atk|1\n|-boost|p2a: Electivire|def|1\n|\n|-status|p1a: Hariyama|brn|[from] item: Flame Orb\n|upkeep\n|turn|9\n|\n|t:|1781439339\n|move|p2a: Electivire|Supercell Slam|p1a: Hariyama\n|-damage|p1a: Hariyama|167/392 brn\n|move|p1a: Hariyama|Headlong Rush|p2a: Electivire\n|-supereffective|p2a: Electivire\n|-damage|p2a: Electivire|0 fnt\n|-unboost|p1a: Hariyama|def|1\n|-unboost|p1a: Hariyama|spd|1\n|faint|p2a: Electivire\n|\n|-damage|p1a: Hariyama|143/392 brn|[from] brn\n|upkeep\n|\n|t:|1781439346\n|switch|p2a: Flapple|Flapple, L88, M|266/266\n|turn|10\n|\n|t:|1781439354\n|move|p2a: Flapple|Dragon Dance|p2a: Flapple\n|-boost|p2a: Flapple|atk|1\n|-boost|p2a: Flapple|spe|1\n|move|p1a: Hariyama|Close Combat|p2a: Flapple\n|-damage|p2a: Flapple|14/266\n|-unboost|p1a: Hariyama|def|1\n|-unboost|p1a: Hariyama|spd|1\n|\n|-damage|p1a: Hariyama|119/392 brn|[from] brn\n|upkeep\n|turn|11\n|\n|t:|1781439360\n|move|p2a: Flapple|Grav Apple|p1a: Hariyama\n|-damage|p1a: Hariyama|0 fnt\n|faint|p1a: Hariyama\n|\n|upkeep\n|\n|t:|1781439367\n|switch|p1a: Tinkaton|Tinkaton, L82, F|264/274\n|-ability|p1a: Tinkaton|Mold Breaker\n|turn|12\n|\n|t:|1781439376\n|-terastallize|p2a: Flapple|Fire\n|move|p2a: Flapple|Tera Blast|p1a: Tinkaton|[anim] Tera Blast Fire\n|-supereffective|p1a: Tinkaton\n|-damage|p1a: Tinkaton|0 fnt\n|faint|p1a: Tinkaton\n|\n|upkeep\n|\n|t:|1781439382\n|switch|p1a: Kingdra|Kingdra, L84, M|263/263\n|turn|13\n|\n|t:|1781439386\n|-terastallize|p1a: Kingdra|Steel\n|move|p2a: Flapple|Tera Blast|p1a: Kingdra|[anim] Tera Blast Fire\n|-supereffective|p1a: Kingdra\n|-damage|p1a: Kingdra|0 fnt\n|faint|p1a: Kingdra\n|\n|upkeep\n|\n|t:|1781439396\n|switch|p1a: Reuniclus|Reuniclus, L88, M|337/337\n|turn|14\n|\n|t:|1781439404\n|move|p2a: Flapple|Outrage|p1a: Reuniclus\n|-damage|p1a: Reuniclus|0 fnt\n|faint|p1a: Reuniclus\n|\n|upkeep\n|\n|t:|1781439409\n|switch|p1a: Espeon|Espeon, L84, F|246/246\n|turn|15\n|\n|t:|1781439428\n|move|p2a: Flapple|Outrage|p1a: Espeon|[from] lockedmove\n|-damage|p1a: Espeon|0 fnt\n|faint|p1a: Espeon\n|\n|upkeep\n|-message|sarodiya forfeited.\n|\n|win|drowyna\n|raw|sarodiya's rating: 1656 &rarr; <strong>1638</strong><br />(-18 for losing)\n|raw|drowyna's rating: 1690 &rarr; <strong>1708</strong><br />(+18 for winning)\n|l|\u2606sarodiya\n|player|p1|\n", "uploadtime": 1781439436, "views": 2, "formatid": "gen9randombattle", "rating": 1638, "private": 0, "password": null}