{"id": "gen9randombattle-2631707101", "format": "[Gen 9] Random Battle", "players": ["redemption48", "bugcatcher314"], "log": "|j|\u2606redemption48\n|j|\u2606bugcatcher314\n|t:|1781425725\n|gametype|singles\n|player|p1|redemption48|265|1995\n|player|p2|bugcatcher314|102|2033\n|gen|9\n|tier|[Gen 9] Random Battle\n|rated|\n|rule|Species Clause: Limit one of each Pok\u00e9mon\n|rule|HP Percentage Mod: HP is shown in percentages\n|rule|Sleep Clause Mod: Limit one foe put to sleep\n|rule|Illusion Level Mod: Illusion disguises the Pok\u00e9mon's true level\n|\n|t:|1781425725\n|teamsize|p1|6\n|teamsize|p2|6\n|start\n|switch|p1a: Scizor|Scizor, L79, F|240/240\n|switch|p2a: Spectrier|Spectrier, L75|274/274\n|turn|1\n|inactive|Battle timer is ON: inactive players will automatically lose when time's up. (requested by redemption48)\n|\n|t:|1781425732\n|move|p2a: Spectrier|Substitute|p2a: Spectrier\n|-start|p2a: Spectrier|Substitute\n|-damage|p2a: Spectrier|206/274\n|move|p1a: Scizor|Swords Dance|p1a: Scizor\n|-boost|p1a: Scizor|atk|2\n|\n|-heal|p2a: Spectrier|223/274|[from] item: Leftovers\n|upkeep\n|turn|2\n|\n|t:|1781425736\n|move|p1a: Scizor|Bullet Punch|p2a: Spectrier\n|-end|p2a: Spectrier|Substitute\n|-damage|p1a: Scizor|216/240|[from] item: Life Orb\n|move|p2a: Spectrier|Shadow Ball|p1a: Scizor\n|-damage|p1a: Scizor|116/240\n|\n|-heal|p2a: Spectrier|240/274|[from] item: Leftovers\n|upkeep\n|turn|3\n|\n|t:|1781425746\n|switch|p2a: Skeledirge|Skeledirge, L79, M|294/294\n|move|p1a: Scizor|Knock Off|p2a: Skeledirge\n|-supereffective|p2a: Skeledirge\n|-damage|p2a: Skeledirge|112/294\n|-enditem|p2a: Skeledirge|Heavy-Duty Boots|[from] move: Knock Off|[of] p1a: Scizor\n|-damage|p1a: Scizor|92/240|[from] item: Life Orb\n|\n|upkeep\n|turn|4\n|\n|t:|1781425755\n|move|p2a: Skeledirge|Slack Off|p2a: Skeledirge\n|-heal|p2a: Skeledirge|259/294\n|move|p1a: Scizor|Knock Off|p2a: Skeledirge\n|-supereffective|p2a: Skeledirge\n|-damage|p2a: Skeledirge|126/294\n|-damage|p1a: Scizor|68/240|[from] item: Life Orb\n|\n|upkeep\n|turn|5\n|\n|t:|1781425760\n|switch|p1a: Drifblim|Drifblim, L86, M|398/398\n|move|p2a: Skeledirge|Slack Off|p2a: Skeledirge\n|-heal|p2a: Skeledirge|273/294\n|\n|upkeep\n|turn|6\n|\n|t:|1781425765\n|move|p1a: Drifblim|Shadow Ball|p2a: Skeledirge\n|-supereffective|p2a: Skeledirge\n|-damage|p2a: Skeledirge|75/294\n|move|p2a: Skeledirge|Will-O-Wisp|p1a: Drifblim\n|-status|p1a: Drifblim|brn\n|\n|-damage|p1a: Drifblim|374/398 brn|[from] brn\n|upkeep\n|turn|7\n|\n|t:|1781425769\n|switch|p2a: Magnezone|Magnezone, L85|258/258\n|move|p1a: Drifblim|Shadow Ball|p2a: Magnezone\n|-damage|p2a: Magnezone|204/258\n|\n|-damage|p1a: Drifblim|350/398 brn|[from] brn\n|upkeep\n|turn|8\n|\n|t:|1781425776\n|switch|p1a: Sinistcha|Sinistcha-Masterpiece, L83|254/254\n|move|p2a: Magnezone|Volt Switch|p1a: Sinistcha\n|-resisted|p1a: Sinistcha\n|-damage|p1a: Sinistcha|179/254\n|\n|t:|1781425781\n|switch|p2a: Spectrier|Spectrier, L75|240/274|[from] Volt Switch\n|\n|-heal|p2a: Spectrier|257/274|[from] item: Leftovers\n|-heal|p1a: Sinistcha|194/254|[from] item: Leftovers\n|upkeep\n|turn|9\n|\n|t:|1781425807\n|switch|p1a: Floatzel|Floatzel, L86, M|286/286\n|move|p2a: Spectrier|Shadow Ball|p1a: Floatzel\n|-damage|p1a: Floatzel|141/286\n|\n|-heal|p1a: Floatzel|158/286|[from] item: Leftovers\n|-heal|p2a: Spectrier|274/274|[from] item: Leftovers\n|upkeep\n|turn|10\n|inactive|bugcatcher314 has 120 seconds left.\n|\n|t:|1781425845\n|move|p1a: Floatzel|Wave Crash|p2a: Spectrier\n|-damage|p2a: Spectrier|76/274\n|-damage|p1a: Floatzel|93/286|[from] Recoil\n|move|p2a: Spectrier|Shadow Ball|p1a: Floatzel\n|-damage|p1a: Floatzel|0 fnt\n|faint|p1a: Floatzel\n|-ability|p2a: Spectrier|Grim Neigh|boost\n|-boost|p2a: Spectrier|spa|1\n|\n|-heal|p2a: Spectrier|93/274|[from] item: Leftovers\n|upkeep\n|\n|t:|1781425854\n|switch|p1a: Scizor|Scizor, L79, F|68/240\n|turn|11\n|\n|t:|1781425861\n|switch|p2a: Magnezone|Magnezone, L85|204/258\n|move|p1a: Scizor|Bullet Punch|p2a: Magnezone\n|-resisted|p2a: Magnezone\n|-damage|p2a: Magnezone|187/258\n|-damage|p1a: Scizor|44/240|[from] item: Life Orb\n|\n|upkeep\n|turn|12\n|inactive|bugcatcher314 has 120 seconds left.\n|l|\u2606bugcatcher314\n|inactive|bugcatcher314 disconnected and has a minute to reconnect!\n|player|p2|\n|j|\u2606bugcatcher314\n|inactive|bugcatcher314 reconnected and has 105 seconds left.\n|player|p2|bugcatcher314|102|\n|\n|t:|1781425904\n|move|p1a: Scizor|Bullet Punch|p2a: Magnezone\n|-resisted|p2a: Magnezone\n|-damage|p2a: Magnezone|170/258\n|-damage|p1a: Scizor|20/240|[from] item: Life Orb\n|move|p2a: Magnezone|Volt Switch|p1a: Scizor\n|-damage|p1a: Scizor|0 fnt\n|faint|p1a: Scizor\n|\n|t:|1781425909\n|switch|p2a: Spectrier|Spectrier, L75|93/274|[from] Volt Switch\n|\n|-heal|p2a: Spectrier|110/274|[from] item: Leftovers\n|upkeep\n|\n|t:|1781425916\n|switch|p1a: Bellossom|Bellossom, L84, M|263/263\n|turn|13\n|\n|t:|1781425936\n|switch|p2a: Skeledirge|Skeledirge, L79, M|75/294\n|move|p1a: Bellossom|Quiver Dance|p1a: Bellossom\n|-boost|p1a: Bellossom|spa|1\n|-boost|p1a: Bellossom|spd|1\n|-boost|p1a: Bellossom|spe|1\n|\n|upkeep\n|turn|14\n|inactive|redemption48 has 120 seconds left.\n|\n|t:|1781425966\n|switch|p1a: Drifblim|Drifblim, L86, M|350/398 brn\n|move|p2a: Skeledirge|Slack Off|p2a: Skeledirge\n|-heal|p2a: Skeledirge|222/294\n|\n|-damage|p1a: Drifblim|326/398 brn|[from] brn\n|upkeep\n|turn|15\n|inactive|bugcatcher314 has 90 seconds left.\n|\n|t:|1781426003\n|move|p1a: Drifblim|Shadow Ball|p2a: Skeledirge\n|-supereffective|p2a: Skeledirge\n|-damage|p2a: Skeledirge|34/294\n|-unboost|p2a: Skeledirge|spd|1\n|move|p2a: Skeledirge|Hex|p1a: Drifblim\n|-supereffective|p1a: Drifblim\n|-damage|p1a: Drifblim|0 fnt\n|faint|p1a: Drifblim\n|\n|upkeep\n|\n|t:|1781426008\n|switch|p1a: Mesprit|Mesprit, L85|275/275\n|turn|16\n|\n|t:|1781426013\n|switch|p2a: Magnezone|Magnezone, L85|170/258\n|move|p1a: Mesprit|Psychic Noise|p2a: Magnezone\n|-resisted|p2a: Magnezone\n|-damage|p2a: Magnezone|141/258\n|-start|p2a: Magnezone|move: Heal Block\n|\n|upkeep\n|turn|17\n|\n|t:|1781426021\n|switch|p1a: Sinistcha|Sinistcha-Masterpiece, L83|194/254\n|move|p2a: Magnezone|Thunderbolt|p1a: Sinistcha\n|-resisted|p1a: Sinistcha\n|-damage|p1a: Sinistcha|108/254\n|\n|-heal|p1a: Sinistcha|123/254|[from] item: Leftovers\n|-end|p2a: Magnezone|move: Heal Block\n|upkeep\n|turn|18\n|\n|t:|1781426036\n|move|p1a: Sinistcha|Shadow Ball|p2a: Magnezone\n|-damage|p2a: Magnezone|71/258\n|move|p2a: Magnezone|Flash Cannon|p1a: Sinistcha\n|-damage|p1a: Sinistcha|0 fnt\n|faint|p1a: Sinistcha\n|\n|upkeep\n|\n|t:|1781426045\n|switch|p1a: Bellossom|Bellossom, L84, M|263/263\n|turn|19\n|\n|t:|1781426049\n|move|p2a: Magnezone|Volt Switch|p1a: Bellossom\n|-resisted|p1a: Bellossom\n|-damage|p1a: Bellossom|221/263\n|\n|t:|1781426059\n|switch|p2a: Minior|Minior-Indigo, L79|224/224|[from] Volt Switch\n|-formechange|p2a: Minior|Minior-Meteor||[from] ability: Shields Down\n|move|p1a: Bellossom|Quiver Dance|p1a: Bellossom\n|-boost|p1a: Bellossom|spa|1\n|-boost|p1a: Bellossom|spd|1\n|-boost|p1a: Bellossom|spe|1\n|\n|-heal|p1a: Bellossom|237/263|[from] item: Leftovers\n|upkeep\n|turn|20\n|\n|t:|1781426074\n|move|p1a: Bellossom|Quiver Dance|p1a: Bellossom\n|-boost|p1a: Bellossom|spa|1\n|-boost|p1a: Bellossom|spd|1\n|-boost|p1a: Bellossom|spe|1\n|move|p2a: Minior|Shell Smash|p2a: Minior\n|-unboost|p2a: Minior|def|1\n|-unboost|p2a: Minior|spd|1\n|-boost|p2a: Minior|atk|2\n|-boost|p2a: Minior|spa|2\n|-boost|p2a: Minior|spe|2\n|-enditem|p2a: Minior|White Herb\n|-clearnegativeboost|p2a: Minior|[silent]\n|\n|-heal|p1a: Bellossom|253/263|[from] item: Leftovers\n|upkeep\n|turn|21\n|\n|t:|1781426084\n|-terastallize|p2a: Minior|Flying\n|-terastallize|p1a: Bellossom|Rock\n|move|p2a: Minior|Acrobatics|p1a: Bellossom\n|-resisted|p1a: Bellossom\n|-damage|p1a: Bellossom|155/263\n|move|p1a: Bellossom|Tera Blast|p2a: Minior|[anim] Tera Blast Rock\n|-supereffective|p2a: Minior\n|-damage|p2a: Minior|0 fnt\n|faint|p2a: Minior\n|\n|-heal|p1a: Bellossom|171/263|[from] item: Leftovers\n|upkeep\n|\n|t:|1781426106\n|switch|p2a: Bruxish|Bruxish, L85, M|254/254\n|turn|22\n|\n|t:|1781426111\n|move|p2a: Bruxish|Wave Crash|p1a: Bellossom\n|-supereffective|p1a: Bellossom\n|-damage|p1a: Bellossom|0 fnt\n|faint|p1a: Bellossom\n|-damage|p2a: Bruxish|198/254|[from] Recoil\n|\n|upkeep\n|\n|t:|1781426115\n|switch|p1a: Mesprit|Mesprit, L85|275/275\n|turn|23\n|c|\u2606redemption48|Rofl\n|l|\u2606redemption48\n|inactive|redemption48 disconnected and has a minute to reconnect!\n|player|p1|\n|inactive|redemption48 has 30 seconds to reconnect!\n|c|\u2606bugcatcher314|?\n|inactive|redemption48 has 20 seconds to reconnect!\n|inactive|redemption48 has 15 seconds to reconnect!\n|inactive|redemption48 has 10 seconds to reconnect!\n|inactive|redemption48 has 5 seconds to reconnect!\n|-message|redemption48 lost due to inactivity.\n|\n|win|bugcatcher314\n", "uploadtime": 1781425727, "views": 3, "formatid": "gen9randombattle", "rating": null, "private": 0, "password": null}