{"id": "gen9randombattle-2631596960", "format": "[Gen 9] Random Battle", "players": ["thekingpinswalot", "leltrell"], "log": "|j|\u2606thekingpinswalot\n|j|\u2606leltrell\n|t:|1781406439\n|gametype|singles\n|player|p1|thekingpinswalot|1|1872\n|player|p2|leltrell|169|1907\n|gen|9\n|tier|[Gen 9] Random Battle\n|rated|\n|rule|Species Clause: Limit one of each Pok\u00e9mon\n|rule|HP Percentage Mod: HP is shown in percentages\n|rule|Sleep Clause Mod: Limit one foe put to sleep\n|rule|Illusion Level Mod: Illusion disguises the Pok\u00e9mon's true level\n|\n|t:|1781406439\n|teamsize|p1|6\n|teamsize|p2|6\n|start\n|switch|p1a: Breloom|Breloom, L83, F|235/235\n|switch|p2a: Latias|Latias, L79, F|256/256\n|turn|1\n|\n|t:|1781406447\n|switch|p1a: Araquanid|Araquanid, L82, F|246/246\n|move|p2a: Latias|Psyshock|p1a: Araquanid\n|-damage|p1a: Araquanid|152/246\n|\n|upkeep\n|turn|2\n|\n|t:|1781406454\n|move|p2a: Latias|Psyshock|p1a: Araquanid\n|-damage|p1a: Araquanid|46/246\n|move|p1a: Araquanid|Sticky Web|p2a: Latias\n|-sidestart|p2: leltrell|move: Sticky Web\n|\n|upkeep\n|turn|3\n|\n|t:|1781406457\n|move|p2a: Latias|Psyshock|p1a: Araquanid\n|-damage|p1a: Araquanid|0 fnt\n|faint|p1a: Araquanid\n|\n|upkeep\n|\n|t:|1781406466\n|switch|p1a: Zangoose|Zangoose, L85, F|263/263\n|turn|4\n|\n|t:|1781406475\n|move|p2a: Latias|Draco Meteor|p1a: Zangoose\n|-damage|p1a: Zangoose|58/263\n|-unboost|p2a: Latias|spa|2\n|move|p1a: Zangoose|Knock Off|p2a: Latias\n|-supereffective|p2a: Latias\n|-damage|p2a: Latias|82/256\n|-enditem|p2a: Latias|Soul Dew|[from] move: Knock Off|[of] p1a: Zangoose\n|\n|-status|p1a: Zangoose|tox|[from] item: Toxic Orb\n|upkeep\n|turn|5\n|inactive|Battle timer is ON: inactive players will automatically lose when time's up. (requested by leltrell)\n|\n|t:|1781406513\n|switch|p2a: Mimikyu|Mimikyu, L79, F|216/216\n|-activate|p2a: Mimikyu|move: Sticky Web\n|-unboost|p2a: Mimikyu|spe|1\n|move|p1a: Zangoose|Quick Attack|p2a: Mimikyu\n|-immune|p2a: Mimikyu\n|\n|-damage|p1a: Zangoose|42/263 tox|[from] psn\n|upkeep\n|turn|6\n|\n|t:|1781406527\n|move|p1a: Zangoose|Knock Off|p2a: Mimikyu\n|-activate|p2a: Mimikyu|ability: Disguise\n|-damage|p2a: Mimikyu|216/216\n|-enditem|p2a: Mimikyu|Life Orb|[from] move: Knock Off|[of] p1a: Zangoose\n|detailschange|p2a: Mimikyu|Mimikyu-Busted, L79, F\n|-damage|p2a: Mimikyu|189/216|[from] pokemon: Mimikyu-Busted\n|move|p2a: Mimikyu|Drain Punch|p1a: Zangoose\n|-supereffective|p1a: Zangoose\n|-damage|p1a: Zangoose|0 fnt\n|-heal|p2a: Mimikyu|210/216|[from] drain|[of] p1a: Zangoose\n|faint|p1a: Zangoose\n|\n|upkeep\n|inactive|thekingpinswalot has 120 seconds left.\n|\n|t:|1781406559\n|switch|p1a: Breloom|Breloom, L83, F|235/235\n|turn|7\n|\n|t:|1781406563\n|move|p1a: Breloom|Spore|p2a: Mimikyu\n|-status|p2a: Mimikyu|slp|[from] move: Spore\n|cant|p2a: Mimikyu|slp\n|\n|upkeep\n|turn|8\n|\n|t:|1781406579\n|switch|p2a: Latias|Latias, L79, F|82/256\n|move|p1a: Breloom|Bullet Seed|p2a: Latias\n|-resisted|p2a: Latias\n|-damage|p2a: Latias|50/256\n|-resisted|p2a: Latias\n|-crit|p2a: Latias\n|-damage|p2a: Latias|0 fnt\n|faint|p2a: Latias\n|-hitcount|p2: Latias|2\n|-damage|p1a: Breloom|212/235|[from] item: Life Orb\n|\n|upkeep\n|\n|t:|1781406587\n|switch|p2a: Sunflora|Sunflora, F|312/312\n|-activate|p2a: Sunflora|move: Sticky Web\n|-unboost|p2a: Sunflora|spe|1\n|turn|9\n|\n|t:|1781406596\n|switch|p1a: Magnezone|Magnezone, L85|258/258\n|move|p2a: Sunflora|Sunny Day|p2a: Sunflora\n|-weather|SunnyDay\n|\n|-weather|SunnyDay|[upkeep]\n|upkeep\n|turn|10\n|\n|t:|1781406602\n|switch|p1a: Miraidon|Miraidon, L65|238/238\n|-fieldstart|move: Electric Terrain|[from] ability: Hadron Engine|[of] p1a: Miraidon\n|move|p2a: Sunflora|Weather Ball|p1a: Miraidon\n|-resisted|p1a: Miraidon\n|-damage|p1a: Miraidon|130/238\n|-damage|p2a: Sunflora|281/312|[from] item: Life Orb\n|\n|-weather|SunnyDay|[upkeep]\n|upkeep\n|turn|11\n|\n|t:|1781406610\n|move|p1a: Miraidon|Draco Meteor|p2a: Sunflora\n|-damage|p2a: Sunflora|113/312\n|-unboost|p1a: Miraidon|spa|2\n|-damage|p1a: Miraidon|107/238|[from] item: Life Orb\n|move|p2a: Sunflora|Earth Power|p1a: Miraidon\n|-supereffective|p1a: Miraidon\n|-damage|p1a: Miraidon|0 fnt\n|faint|p1a: Miraidon\n|-damage|p2a: Sunflora|82/312|[from] item: Life Orb\n|\n|-weather|SunnyDay|[upkeep]\n|upkeep\n|\n|t:|1781406614\n|switch|p1a: Roaring Moon|Roaring Moon, L72|270/270\n|-activate|p1a: Roaring Moon|ability: Protosynthesis\n|-start|p1a: Roaring Moon|protosynthesisatk\n|turn|12\n|inactive|thekingpinswalot has 120 seconds left.\n|l|\u2606thekingpinswalot\n|inactive|thekingpinswalot disconnected and has a minute to reconnect!\n|player|p1|\n|j|\u2606thekingpinswalot\n|inactive|thekingpinswalot reconnected and has 105 seconds left.\n|player|p1|thekingpinswalot|1|\n|inactive|thekingpinswalot has 90 seconds left.\n|\n|t:|1781406676\n|move|p1a: Roaring Moon|Knock Off|p2a: Sunflora\n|-damage|p2a: Sunflora|0 fnt\n|-enditem|p2a: Sunflora|Life Orb|[from] move: Knock Off|[of] p1a: Roaring Moon\n|faint|p2a: Sunflora\n|\n|-weather|SunnyDay|[upkeep]\n|upkeep\n|\n|t:|1781406683\n|switch|p2a: Avalugg|Avalugg-Hisui, L90, F|317/317\n|turn|13\n|inactive|thekingpinswalot has 90 seconds left.\n|\n|t:|1781406715\n|-end|p1a: Roaring Moon|Protosynthesis|[silent]\n|switch|p1a: Magnezone|Magnezone, L85|258/258\n|move|p2a: Avalugg|Avalanche|p1a: Magnezone\n|-resisted|p1a: Magnezone\n|-damage|p1a: Magnezone|224/258\n|\n|-weather|none\n|upkeep\n|turn|14\n|\n|t:|1781406730\n|move|p1a: Magnezone|Volt Switch|p2a: Avalugg\n|-damage|p2a: Avalugg|112/317\n|\n|t:|1781406738\n|switch|p1a: Breloom|Breloom, L83, F|212/235|[from] Volt Switch\n|move|p2a: Avalugg|Rapid Spin|p1a: Breloom\n|-damage|p1a: Breloom|155/235\n|-boost|p2a: Avalugg|spe|1\n|-sideend|p2: leltrell|Sticky Web|[from] move: Rapid Spin|[of] p2a: Avalugg\n|\n|-fieldend|move: Electric Terrain\n|upkeep\n|turn|15\n|\n|t:|1781406748\n|move|p1a: Breloom|Mach Punch|p2a: Avalugg\n|-supereffective|p2a: Avalugg\n|-damage|p2a: Avalugg|0 fnt\n|faint|p2a: Avalugg\n|-damage|p1a: Breloom|132/235|[from] item: Life Orb\n|\n|upkeep\n|\n|t:|1781406757\n|switch|p2a: Lumineon|Lumineon, L93, F|279/279\n|turn|16\n|inactive|thekingpinswalot has 90 seconds left.\n|\n|t:|1781406787\n|switch|p1a: Magnezone|Magnezone, L85|224/258\n|move|p2a: Lumineon|Alluring Voice|p1a: Magnezone\n|-resisted|p1a: Magnezone\n|-damage|p1a: Magnezone|193/258\n|-damage|p2a: Lumineon|252/279|[from] item: Life Orb\n|\n|upkeep\n|turn|17\n|\n|t:|1781406791\n|switch|p2a: Mimikyu|Mimikyu-Busted, L79, F|210/216 slp\n|move|p1a: Magnezone|Volt Switch|p2a: Mimikyu\n|-damage|p2a: Mimikyu|120/216 slp\n|\n|t:|1781406801\n|switch|p1a: Roaring Moon|Roaring Moon, L72|270/270|[from] Volt Switch\n|\n|upkeep\n|turn|18\n|\n|t:|1781406805\n|move|p1a: Roaring Moon|Iron Head|p2a: Mimikyu\n|-supereffective|p2a: Mimikyu\n|-damage|p2a: Mimikyu|4/216 slp\n|cant|p2a: Mimikyu|slp\n|\n|upkeep\n|turn|19\n|\n|t:|1781406809\n|cant|p2a: Mimikyu|slp\n|move|p1a: Roaring Moon|Iron Head|p2a: Mimikyu\n|-supereffective|p2a: Mimikyu\n|-damage|p2a: Mimikyu|0 fnt\n|faint|p2a: Mimikyu\n|\n|upkeep\n|\n|t:|1781406813\n|switch|p2a: Lumineon|Lumineon, L93, F|252/279\n|turn|20\n|\n|t:|1781406815\n|move|p2a: Lumineon|Alluring Voice|p1a: Roaring Moon\n|-supereffective|p1a: Roaring Moon\n|-damage|p1a: Roaring Moon|0 fnt\n|faint|p1a: Roaring Moon\n|-end|p1a: Roaring Moon|Protosynthesis|[silent]\n|-damage|p2a: Lumineon|225/279|[from] item: Life Orb\n|\n|upkeep\n|\n|t:|1781406818\n|switch|p1a: Magnezone|Magnezone, L85|193/258\n|turn|21\n|\n|t:|1781406827\n|switch|p2a: Vaporeon|Vaporeon, L86, F|364/364\n|move|p1a: Magnezone|Volt Switch|p2a: Vaporeon\n|-supereffective|p2a: Vaporeon\n|-damage|p2a: Vaporeon|170/364\n|inactive|thekingpinswalot has 120 seconds left.\n|\n|t:|1781406846\n|switch|p1a: Breloom|Breloom, L83, F|132/235|[from] Volt Switch\n|\n|-heal|p2a: Vaporeon|192/364|[from] item: Leftovers\n|upkeep\n|turn|22\n|\n|t:|1781406853\n|move|p1a: Breloom|Bullet Seed|p2a: Vaporeon\n|-supereffective|p2a: Vaporeon\n|-damage|p2a: Vaporeon|26/364\n|-supereffective|p2a: Vaporeon\n|-damage|p2a: Vaporeon|0 fnt\n|faint|p2a: Vaporeon\n|-hitcount|p2: Vaporeon|2\n|-damage|p1a: Breloom|109/235|[from] item: Life Orb\n|\n|upkeep\n|\n|t:|1781406854\n|switch|p2a: Lumineon|Lumineon, L93, F|225/279\n|turn|23\n|\n|t:|1781406859\n|move|p1a: Breloom|Mach Punch|p2a: Lumineon\n|-damage|p2a: Lumineon|122/279\n|-damage|p1a: Breloom|86/235|[from] item: Life Orb\n|move|p2a: Lumineon|Alluring Voice|p1a: Breloom\n|-supereffective|p1a: Breloom\n|-damage|p1a: Breloom|0 fnt\n|faint|p1a: Breloom\n|-damage|p2a: Lumineon|95/279|[from] item: Life Orb\n|\n|upkeep\n|\n|t:|1781406861\n|switch|p1a: Magnezone|Magnezone, L85|193/258\n|turn|24\n|\n|t:|1781406865\n|move|p1a: Magnezone|Volt Switch|p2a: Lumineon\n|-supereffective|p2a: Lumineon\n|-damage|p2a: Lumineon|0 fnt\n|faint|p2a: Lumineon\n|\n|win|thekingpinswalot\n|raw|thekingpinswalot's rating: 1893 &rarr; <strong>1914</strong><br />(+21 for winning)\n|raw|leltrell's rating: 1907 &rarr; <strong>1886</strong><br />(-21 for losing)\n", "uploadtime": 1781406865, "views": 2, "formatid": "gen9randombattle", "rating": 1886, "private": 0, "password": null}