{"id": "gen9randombattle-2631414270", "format": "[Gen 9] Random Battle", "players": ["PineappleCats", "Pederden5"], "log": "|j|\u2606PineappleCats\n|j|\u2606Pederden5\n|t:|1781381767\n|gametype|singles\n|player|p1|PineappleCats|giovanni|1927\n|player|p2|Pederden5|265|1919\n|gen|9\n|tier|[Gen 9] Random Battle\n|rated|\n|rule|Species Clause: Limit one of each Pok\u00e9mon\n|rule|HP Percentage Mod: HP is shown in percentages\n|rule|Sleep Clause Mod: Limit one foe put to sleep\n|rule|Illusion Level Mod: Illusion disguises the Pok\u00e9mon's true level\n|\n|t:|1781381767\n|teamsize|p1|6\n|teamsize|p2|6\n|start\n|switch|p1a: Talonflame|Talonflame, L83, F|265/265\n|switch|p2a: Illumise|Illumise, L91, F|266/266\n|turn|1\n|inactive|Battle timer is ON: inactive players will automatically lose when time's up. (requested by PineappleCats)\n|\n|t:|1781381777\n|switch|p1a: Electivire|Electivire, L84, M|263/263\n|switch|p2a: Sandslash|Sandslash, L89, M|278/278\n|\n|upkeep\n|turn|2\n|j| Grubbraiin\n|\n|t:|1781381783\n|switch|p1a: Honchkrow|Honchkrow, L86, F|312/312\n|move|p2a: Sandslash|Spikes|p1a: Honchkrow\n|-sidestart|p1: PineappleCats|Spikes\n|\n|upkeep\n|turn|3\n|\n|t:|1781381786\n|move|p1a: Honchkrow|Brave Bird|p2a: Sandslash\n|-damage|p2a: Sandslash|148/278\n|-damage|p1a: Honchkrow|269/312|[from] Recoil\n|move|p2a: Sandslash|Stone Edge|p1a: Honchkrow|[miss]\n|-miss|p2a: Sandslash|p1a: Honchkrow\n|\n|-heal|p2a: Sandslash|165/278|[from] item: Leftovers\n|upkeep\n|turn|4\n|\n|t:|1781381792\n|-terastallize|p1a: Honchkrow|Flying\n|move|p1a: Honchkrow|Brave Bird|p2a: Sandslash\n|-damage|p2a: Sandslash|7/278\n|-damage|p1a: Honchkrow|217/312|[from] Recoil\n|move|p2a: Sandslash|Stone Edge|p1a: Honchkrow\n|-supereffective|p1a: Honchkrow\n|-crit|p1a: Honchkrow\n|-damage|p1a: Honchkrow|0 fnt\n|faint|p1a: Honchkrow\n|\n|-heal|p2a: Sandslash|24/278|[from] item: Leftovers\n|upkeep\n|c|\u2606PineappleCats|damn I super low rolled\n|\n|t:|1781381810\n|switch|p1a: Talonflame|Talonflame, L83, F|265/265\n|turn|5\n|c|\u2606Pederden5|or you high rolled on the first one\n|\n|t:|1781381825\n|move|p1a: Talonflame|Brave Bird|p2a: Sandslash\n|-crit|p2a: Sandslash\n|-damage|p2a: Sandslash|0 fnt\n|faint|p2a: Sandslash\n|-damage|p1a: Talonflame|257/265|[from] Recoil\n|\n|upkeep\n|\n|t:|1781381829\n|switch|p2a: Iron Thorns|Iron Thorns, L83|302/302\n|-enditem|p2a: Iron Thorns|Booster Energy\n|-activate|p2a: Iron Thorns|ability: Quark Drive|[fromitem]\n|-start|p2a: Iron Thorns|quarkdriveatk\n|turn|6\n|\n|t:|1781381836\n|move|p1a: Talonflame|U-turn|p2a: Iron Thorns\n|-damage|p2a: Iron Thorns|268/302\n|\n|t:|1781381838\n|switch|p1a: Bastiodon|Bastiodon, L89, F|252/252|[from] U-turn\n|-damage|p1a: Bastiodon|221/252|[from] Spikes\n|move|p2a: Iron Thorns|Stone Edge|p1a: Bastiodon\n|-resisted|p1a: Bastiodon\n|-damage|p1a: Bastiodon|172/252\n|\n|upkeep\n|turn|7\n|\n|t:|1781381843\n|-end|p2a: Iron Thorns|Quark Drive|[silent]\n|switch|p2a: Illumise|Illumise, L91, F|266/266\n|move|p1a: Bastiodon|Foul Play|p2a: Illumise\n|-damage|p2a: Illumise|235/266\n|\n|upkeep\n|turn|8\n|\n|t:|1781381845\n|switch|p1a: Electivire|Electivire, L84, M|263/263\n|-damage|p1a: Electivire|231/263|[from] Spikes\n|move|p2a: Illumise|Thunder Wave|p1a: Electivire\n|-ability|p1a: Electivire|Motor Drive|boost\n|-boost|p1a: Electivire|spe|1\n|\n|upkeep\n|turn|9\n|\n|t:|1781381861\n|switch|p2a: Iron Thorns|Iron Thorns, L83|268/302\n|move|p1a: Electivire|Flamethrower|p2a: Iron Thorns\n|-resisted|p2a: Iron Thorns\n|-damage|p2a: Iron Thorns|221/302\n|-damage|p1a: Electivire|205/263|[from] item: Life Orb\n|\n|upkeep\n|turn|10\n|\n|t:|1781381870\n|-terastallize|p2a: Iron Thorns|Grass\n|move|p1a: Electivire|Earthquake|p2a: Iron Thorns\n|-resisted|p2a: Iron Thorns\n|-damage|p2a: Iron Thorns|177/302\n|-damage|p1a: Electivire|179/263|[from] item: Life Orb\n|move|p2a: Iron Thorns|Stone Edge|p1a: Electivire\n|-damage|p1a: Electivire|16/263\n|\n|upkeep\n|turn|11\n|\n|t:|1781381881\n|-end|p2a: Iron Thorns|Quark Drive|[silent]\n|switch|p2a: Walking Wake|Walking Wake, L79|286/286\n|move|p1a: Electivire|Flamethrower|p2a: Walking Wake\n|-resisted|p2a: Walking Wake\n|-crit|p2a: Walking Wake\n|-damage|p2a: Walking Wake|254/286\n|-status|p2a: Walking Wake|brn\n|-damage|p1a: Electivire|0 fnt|[from] item: Life Orb\n|faint|p1a: Electivire\n|\n|-damage|p2a: Walking Wake|237/286 brn|[from] brn\n|upkeep\n|\n|t:|1781381885\n|switch|p1a: Comfey|Comfey, L85, F|225/225\n|-damage|p1a: Comfey|197/225|[from] Spikes\n|turn|12\n|\n|t:|1781381889\n|move|p1a: Comfey|Calm Mind|p1a: Comfey\n|-boost|p1a: Comfey|spa|1\n|-boost|p1a: Comfey|spd|1\n|move|p2a: Walking Wake|Flip Turn|p1a: Comfey\n|-damage|p1a: Comfey|175/225\n|\n|t:|1781381891\n|-end|p2a: Walking Wake|Protosynthesis|[silent]\n|switch|p2a: Illumise|Illumise, L91, F|235/266|[from] Flip Turn\n|\n|-heal|p1a: Comfey|189/225|[from] item: Leftovers\n|upkeep\n|turn|13\n|\n|t:|1781381893\n|move|p1a: Comfey|Draining Kiss|p2a: Illumise\n|-crit|p2a: Illumise\n|-damage|p2a: Illumise|138/266\n|-heal|p1a: Comfey|225/225|[from] drain|[of] p2a: Illumise\n|move|p2a: Illumise|Encore|p1a: Comfey\n|-start|p1a: Comfey|Encore\n|\n|upkeep\n|turn|14\n|\n|t:|1781381896\n|move|p1a: Comfey|Draining Kiss|p2a: Illumise\n|-damage|p2a: Illumise|68/266\n|move|p2a: Illumise|Thunder Wave|p1a: Comfey\n|-status|p1a: Comfey|par\n|\n|upkeep\n|turn|15\n|\n|t:|1781381901\n|switch|p2a: Iron Thorns|Iron Thorns, L83, tera:Grass|177/302\n|move|p1a: Comfey|Draining Kiss|p2a: Iron Thorns\n|-damage|p2a: Iron Thorns|107/302\n|\n|upkeep\n|turn|16\n|\n|t:|1781381904\n|move|p1a: Comfey|Draining Kiss|p2a: Iron Thorns\n|-damage|p2a: Iron Thorns|28/302\n|move|p2a: Iron Thorns|Wild Charge|p1a: Comfey\n|-damage|p1a: Comfey|99/225 par\n|-damage|p2a: Iron Thorns|0 fnt|[from] Recoil\n|faint|p2a: Iron Thorns\n|-end|p2a: Iron Thorns|Quark Drive|[silent]\n|\n|-heal|p1a: Comfey|113/225 par|[from] item: Leftovers\n|-end|p1a: Comfey|Encore\n|upkeep\n|\n|t:|1781381910\n|switch|p2a: Illumise|Illumise, L91, F|68/266\n|turn|17\n|\n|t:|1781381914\n|move|p2a: Illumise|Encore|p1a: Comfey\n|-start|p1a: Comfey|Encore\n|move|p1a: Comfey|Draining Kiss|p2a: Illumise\n|-damage|p2a: Illumise|4/266\n|-heal|p1a: Comfey|161/225 par|[from] drain|[of] p2a: Illumise\n|\n|-heal|p1a: Comfey|175/225 par|[from] item: Leftovers\n|upkeep\n|turn|18\n|\n|t:|1781381923\n|cant|p1a: Comfey|par\n|move|p2a: Illumise|Roost|p2a: Illumise\n|-heal|p2a: Illumise|137/266\n|-singleturn|p2a: Illumise|move: Roost\n|\n|-heal|p1a: Comfey|189/225 par|[from] item: Leftovers\n|upkeep\n|turn|19\n|\n|t:|1781381925\n|cant|p1a: Comfey|par\n|move|p2a: Illumise|Roost|p2a: Illumise\n|-heal|p2a: Illumise|266/266\n|-singleturn|p2a: Illumise|move: Roost\n|\n|-heal|p1a: Comfey|203/225 par|[from] item: Leftovers\n|-end|p1a: Comfey|Encore\n|upkeep\n|turn|20\n|\n|t:|1781381927\n|move|p2a: Illumise|Encore|p1a: Comfey\n|-start|p1a: Comfey|Encore\n|cant|p1a: Comfey|par\n|\n|-heal|p1a: Comfey|217/225 par|[from] item: Leftovers\n|upkeep\n|turn|21\n|\n|t:|1781381930\n|move|p1a: Comfey|Draining Kiss|p2a: Illumise\n|-damage|p2a: Illumise|194/266\n|-heal|p1a: Comfey|225/225 par|[from] drain|[of] p2a: Illumise\n|move|p2a: Illumise|Bug Buzz|p1a: Comfey\n|-resisted|p1a: Comfey\n|-damage|p1a: Comfey|202/225 par\n|-unboost|p1a: Comfey|spd|1\n|\n|-heal|p1a: Comfey|216/225 par|[from] item: Leftovers\n|upkeep\n|turn|22\n|\n|t:|1781381933\n|switch|p1a: Talonflame|Talonflame, L83, F|257/265\n|move|p2a: Illumise|Bug Buzz|p1a: Talonflame\n|-resisted|p1a: Talonflame\n|-damage|p1a: Talonflame|229/265\n|\n|upkeep\n|turn|23\n|\n|t:|1781381946\n|move|p2a: Illumise|Thunder Wave|p1a: Talonflame\n|-status|p1a: Talonflame|par\n|move|p1a: Talonflame|Brave Bird|p2a: Illumise\n|-supereffective|p2a: Illumise\n|-damage|p2a: Illumise|0 fnt\n|faint|p2a: Illumise\n|-damage|p1a: Talonflame|165/265 par|[from] Recoil\n|\n|upkeep\n|\n|t:|1781381952\n|switch|p2a: Walking Wake|Walking Wake, L79|237/286 brn\n|turn|24\n|\n|t:|1781381956\n|move|p2a: Walking Wake|Hydro Pump|p1a: Talonflame|[miss]\n|-miss|p2a: Walking Wake|p1a: Talonflame\n|move|p1a: Talonflame|Brave Bird|p2a: Walking Wake\n|-crit|p2a: Walking Wake\n|-damage|p2a: Walking Wake|53/286 brn\n|-damage|p1a: Talonflame|104/265 par|[from] Recoil\n|\n|-damage|p2a: Walking Wake|36/286 brn|[from] brn\n|upkeep\n|turn|25\n|\n|t:|1781381961\n|move|p2a: Walking Wake|Hydro Pump|p1a: Talonflame|[miss]\n|-miss|p2a: Walking Wake|p1a: Talonflame\n|move|p1a: Talonflame|Brave Bird|p2a: Walking Wake\n|-damage|p2a: Walking Wake|0 fnt\n|faint|p2a: Walking Wake\n|-end|p2a: Walking Wake|Protosynthesis|[silent]\n|-damage|p1a: Talonflame|92/265 par|[from] Recoil\n|\n|upkeep\n|\n|t:|1781381965\n|switch|p2a: Spectrier|Spectrier, L75|274/274\n|turn|26\n|\n|t:|1781381975\n|switch|p1a: Meloetta|Meloetta, L82|298/298\n|-damage|p1a: Meloetta|261/298|[from] Spikes\n|move|p2a: Spectrier|Shadow Ball|p1a: Meloetta\n|-immune|p1a: Meloetta\n|\n|-heal|p1a: Meloetta|279/298|[from] item: Leftovers\n|upkeep\n|turn|27\n|\n|t:|1781381979\n|move|p2a: Spectrier|Substitute|p2a: Spectrier\n|-start|p2a: Spectrier|Substitute\n|-damage|p2a: Spectrier|206/274\n|move|p1a: Meloetta|Psyshock|p2a: Spectrier\n|-end|p2a: Spectrier|Substitute\n|\n|-heal|p2a: Spectrier|223/274|[from] item: Leftovers\n|-heal|p1a: Meloetta|297/298|[from] item: Leftovers\n|upkeep\n|turn|28\n|\n|t:|1781381984\n|move|p2a: Spectrier|Nasty Plot|p2a: Spectrier\n|-boost|p2a: Spectrier|spa|2\n|move|p1a: Meloetta|Calm Mind|p1a: Meloetta\n|-boost|p1a: Meloetta|spa|1\n|-boost|p1a: Meloetta|spd|1\n|\n|-heal|p2a: Spectrier|240/274|[from] item: Leftovers\n|-heal|p1a: Meloetta|298/298|[from] item: Leftovers\n|upkeep\n|turn|29\n|\n|t:|1781381989\n|move|p2a: Spectrier|Draining Kiss|p1a: Meloetta\n|-damage|p1a: Meloetta|256/298\n|-heal|p2a: Spectrier|272/274|[from] drain|[of] p1a: Meloetta\n|move|p1a: Meloetta|Psyshock|p2a: Spectrier\n|-damage|p2a: Spectrier|58/274\n|\n|-heal|p2a: Spectrier|75/274|[from] item: Leftovers\n|-heal|p1a: Meloetta|274/298|[from] item: Leftovers\n|upkeep\n|turn|30\n|\n|t:|1781381993\n|move|p2a: Spectrier|Draining Kiss|p1a: Meloetta\n|-damage|p1a: Meloetta|233/298\n|-heal|p2a: Spectrier|106/274|[from] drain|[of] p1a: Meloetta\n|move|p1a: Meloetta|Psyshock|p2a: Spectrier\n|-damage|p2a: Spectrier|0 fnt\n|faint|p2a: Spectrier\n|\n|-heal|p1a: Meloetta|251/298|[from] item: Leftovers\n|upkeep\n|\n|t:|1781381994\n|switch|p2a: Deoxys|Deoxys-Attack, L72|191/191\n|-ability|p2a: Deoxys|Pressure\n|turn|31\n|\n|t:|1781381999\n|move|p2a: Deoxys|Knock Off|p1a: Meloetta\n|-supereffective|p1a: Meloetta\n|-damage|p1a: Meloetta|0 fnt\n|-enditem|p1a: Meloetta|Leftovers|[from] move: Knock Off|[of] p2a: Deoxys\n|faint|p1a: Meloetta\n|-damage|p2a: Deoxys|172/191|[from] item: Life Orb\n|\n|upkeep\n|\n|t:|1781382003\n|switch|p1a: Talonflame|Talonflame, L83, F|92/265 par\n|turn|32\n|\n|t:|1781382008\n|move|p2a: Deoxys|Ice Beam|p1a: Talonflame\n|-damage|p1a: Talonflame|0 fnt\n|faint|p1a: Talonflame\n|-damage|p2a: Deoxys|153/191|[from] item: Life Orb\n|\n|upkeep\n|\n|t:|1781382014\n|switch|p1a: Bastiodon|Bastiodon, L89, F|172/252\n|-damage|p1a: Bastiodon|141/252|[from] Spikes\n|turn|33\n|\n|t:|1781382017\n|move|p2a: Deoxys|Superpower|p1a: Bastiodon\n|-supereffective|p1a: Bastiodon\n|-damage|p1a: Bastiodon|0 fnt\n|-unboost|p2a: Deoxys|atk|1\n|-unboost|p2a: Deoxys|def|1\n|faint|p1a: Bastiodon\n|-damage|p2a: Deoxys|134/191|[from] item: Life Orb\n|\n|upkeep\n|\n|t:|1781382023\n|switch|p1a: Comfey|Comfey, L85, F|216/225 par\n|-damage|p1a: Comfey|188/225 par|[from] Spikes\n|turn|34\n|\n|t:|1781382026\n|move|p2a: Deoxys|Psycho Boost|p1a: Comfey\n|-crit|p1a: Comfey\n|-damage|p1a: Comfey|0 fnt\n|-unboost|p2a: Deoxys|spa|2\n|faint|p1a: Comfey\n|-damage|p2a: Deoxys|115/191|[from] item: Life Orb\n|\n|win|Pederden5\n", "uploadtime": 1781381770, "views": 8, "formatid": "gen9randombattle", "rating": null, "private": 0, "password": null}