{"id": "gen9randombattle-2631934116", "format": "[Gen 9] Random Battle", "players": ["ViPa", "LewisBavin"], "log": "|j|\u2606ViPa\n|j|\u2606LewisBavin\n|t:|1781457267\n|gametype|singles\n|player|p1|ViPa|guitarist|2277\n|player|p2|LewisBavin|266|2242\n|gen|9\n|tier|[Gen 9] Random Battle\n|rated|\n|rule|Species Clause: Limit one of each Pok\u00e9mon\n|rule|HP Percentage Mod: HP is shown in percentages\n|rule|Sleep Clause Mod: Limit one foe put to sleep\n|rule|Illusion Level Mod: Illusion disguises the Pok\u00e9mon's true level\n|\n|t:|1781457267\n|teamsize|p1|6\n|teamsize|p2|6\n|start\n|switch|p1a: Polteageist|Polteageist-Antique, L78|222/222\n|switch|p2a: Flareon|Flareon, L90, M|263/263\n|turn|1\n|inactive|Battle timer is ON: inactive players will automatically lose when time's up. (requested by LewisBavin)\n|\n|t:|1781457284\n|switch|p2a: Wyrdeer|Wyrdeer, L87, M|321/321\n|-ability|p2a: Wyrdeer|Intimidate|boost\n|-unboost|p1a: Polteageist|atk|1\n|-enditem|p1a: Polteageist|White Herb\n|-clearnegativeboost|p1a: Polteageist|[silent]\n|move|p1a: Polteageist|Shell Smash|p1a: Polteageist\n|-unboost|p1a: Polteageist|def|1\n|-unboost|p1a: Polteageist|spd|1\n|-boost|p1a: Polteageist|atk|2\n|-boost|p1a: Polteageist|spa|2\n|-boost|p1a: Polteageist|spe|2\n|\n|upkeep\n|turn|2\n|\n|t:|1781457295\n|move|p1a: Polteageist|Stored Power|p2a: Wyrdeer\n|-resisted|p2a: Wyrdeer\n|-damage|p2a: Wyrdeer|237/321\n|move|p2a: Wyrdeer|Psychic Noise|p1a: Polteageist\n|-damage|p1a: Polteageist|105/222\n|-start|p1a: Polteageist|move: Heal Block\n|\n|upkeep\n|turn|3\n|\n|t:|1781457303\n|move|p1a: Polteageist|Stored Power|p2a: Wyrdeer\n|-resisted|p2a: Wyrdeer\n|-damage|p2a: Wyrdeer|156/321\n|move|p2a: Wyrdeer|Earthquake|p1a: Polteageist\n|-damage|p1a: Polteageist|0 fnt\n|-start|p2a: Wyrdeer|Disable|Earthquake|[from] ability: Cursed Body|[of] p1a: Polteageist\n|faint|p1a: Polteageist\n|\n|upkeep\n|\n|t:|1781457317\n|switch|p1a: Leafeon|Leafeon, L88, M|258/258\n|turn|4\n|\n|t:|1781457338\n|switch|p2a: Qwilfish|Qwilfish, L86, F|252/252\n|-ability|p2a: Qwilfish|Intimidate|boost\n|-unboost|p1a: Leafeon|atk|1\n|move|p1a: Leafeon|Knock Off|p2a: Qwilfish\n|-damage|p2a: Qwilfish|195/252\n|-enditem|p2a: Qwilfish|Leftovers|[from] move: Knock Off|[of] p1a: Leafeon\n|\n|upkeep\n|turn|5\n|\n|t:|1781457346\n|move|p1a: Leafeon|Substitute|p1a: Leafeon\n|-start|p1a: Leafeon|Substitute\n|-damage|p1a: Leafeon|194/258\n|move|p2a: Qwilfish|Toxic Spikes|p1a: Leafeon\n|-sidestart|p1: ViPa|move: Toxic Spikes\n|\n|-heal|p1a: Leafeon|210/258|[from] item: Leftovers\n|upkeep\n|turn|6\n|\n|t:|1781457353\n|move|p1a: Leafeon|Swords Dance|p1a: Leafeon\n|-boost|p1a: Leafeon|atk|2\n|move|p2a: Qwilfish|Gunk Shot|p1a: Leafeon\n|-supereffective|p1a: Leafeon\n|-crit|p1a: Leafeon\n|-end|p1a: Leafeon|Substitute\n|\n|-heal|p1a: Leafeon|226/258|[from] item: Leftovers\n|upkeep\n|turn|7\n|\n|t:|1781457361\n|switch|p2a: Wyrdeer|Wyrdeer, L87, M|156/321\n|-ability|p2a: Wyrdeer|Intimidate|boost\n|-unboost|p1a: Leafeon|atk|1\n|move|p1a: Leafeon|Substitute|p1a: Leafeon\n|-start|p1a: Leafeon|Substitute\n|-damage|p1a: Leafeon|162/258\n|\n|-heal|p1a: Leafeon|178/258|[from] item: Leftovers\n|upkeep\n|turn|8\n|\n|t:|1781457366\n|move|p1a: Leafeon|Knock Off|p2a: Wyrdeer\n|-supereffective|p2a: Wyrdeer\n|-damage|p2a: Wyrdeer|0 fnt\n|-enditem|p2a: Wyrdeer|Assault Vest|[from] move: Knock Off|[of] p1a: Leafeon\n|faint|p2a: Wyrdeer\n|\n|-heal|p1a: Leafeon|194/258|[from] item: Leftovers\n|upkeep\n|\n|t:|1781457372\n|switch|p2a: Kricketune|Kricketune, L99, M|312/312\n|turn|9\n|\n|t:|1781457381\n|move|p1a: Leafeon|Swords Dance|p1a: Leafeon\n|-boost|p1a: Leafeon|atk|2\n|move|p2a: Kricketune|Pounce|p1a: Leafeon\n|-supereffective|p1a: Leafeon\n|-end|p1a: Leafeon|Substitute\n|\n|-heal|p1a: Leafeon|210/258|[from] item: Leftovers\n|upkeep\n|turn|10\n|\n|t:|1781457393\n|switch|p2a: Qwilfish|Qwilfish, L86, F|195/252\n|-ability|p2a: Qwilfish|Intimidate|boost\n|-unboost|p1a: Leafeon|atk|1\n|move|p1a: Leafeon|Knock Off|p2a: Qwilfish\n|-damage|p2a: Qwilfish|117/252\n|\n|-heal|p1a: Leafeon|226/258|[from] item: Leftovers\n|upkeep\n|turn|11\n|\n|t:|1781457403\n|move|p1a: Leafeon|Leaf Blade|p2a: Qwilfish\n|-damage|p2a: Qwilfish|0 fnt\n|faint|p2a: Qwilfish\n|\n|-heal|p1a: Leafeon|242/258|[from] item: Leftovers\n|upkeep\n|\n|t:|1781457406\n|switch|p2a: Kricketune|Kricketune, L99, M|312/312\n|turn|12\n|\n|t:|1781457410\n|move|p1a: Leafeon|Knock Off|p2a: Kricketune\n|-damage|p2a: Kricketune|150/312\n|-enditem|p2a: Kricketune|Heavy-Duty Boots|[from] move: Knock Off|[of] p1a: Leafeon\n|move|p2a: Kricketune|Pounce|p1a: Leafeon\n|-supereffective|p1a: Leafeon\n|-crit|p1a: Leafeon\n|-damage|p1a: Leafeon|42/258\n|-unboost|p1a: Leafeon|spe|1\n|\n|-heal|p1a: Leafeon|58/258|[from] item: Leftovers\n|upkeep\n|turn|13\n|\n|t:|1781457422\n|switch|p1a: Cobalion|Cobalion, L80|277/277\n|move|p2a: Kricketune|Sticky Web|p1a: Cobalion\n|-sidestart|p1: ViPa|move: Sticky Web\n|\n|upkeep\n|turn|14\n|\n|t:|1781457427\n|move|p1a: Cobalion|Calm Mind|p1a: Cobalion\n|-boost|p1a: Cobalion|spa|1\n|-boost|p1a: Cobalion|spd|1\n|move|p2a: Kricketune|Pounce|p1a: Cobalion\n|-resisted|p1a: Cobalion\n|-damage|p1a: Cobalion|258/277\n|-unboost|p1a: Cobalion|spe|1\n|\n|-heal|p1a: Cobalion|275/277|[from] item: Leftovers\n|upkeep\n|turn|15\n|\n|t:|1781457434\n|move|p2a: Kricketune|Taunt|p1a: Cobalion\n|-start|p1a: Cobalion|move: Taunt\n|cant|p1a: Cobalion|move: Taunt|Calm Mind\n|\n|-heal|p1a: Cobalion|277/277|[from] item: Leftovers\n|upkeep\n|turn|16\n|\n|t:|1781457438\n|move|p2a: Kricketune|Knock Off|p1a: Cobalion\n|-resisted|p1a: Cobalion\n|-damage|p1a: Cobalion|245/277\n|-ability|p1a: Cobalion|Justified|boost\n|-boost|p1a: Cobalion|atk|1\n|-enditem|p1a: Cobalion|Leftovers|[from] move: Knock Off|[of] p2a: Kricketune\n|move|p1a: Cobalion|Flash Cannon|p2a: Kricketune\n|-damage|p2a: Kricketune|11/312\n|\n|upkeep\n|turn|17\n|\n|t:|1781457443\n|move|p1a: Cobalion|Vacuum Wave|p2a: Kricketune\n|-resisted|p2a: Kricketune\n|-damage|p2a: Kricketune|0 fnt\n|faint|p2a: Kricketune\n|\n|-end|p1a: Cobalion|move: Taunt\n|upkeep\n|\n|t:|1781457445\n|switch|p2a: Emboar|Emboar, L84, F|322/322\n|turn|18\n|\n|t:|1781457455\n|move|p2a: Emboar|Flare Blitz|p1a: Cobalion\n|-supereffective|p1a: Cobalion\n|-damage|p1a: Cobalion|0 fnt\n|faint|p1a: Cobalion\n|-damage|p2a: Emboar|241/322|[from] Recoil\n|\n|upkeep\n|\n|t:|1781457461\n|switch|p1a: Ambipom|Ambipom, L84, F|263/263\n|-status|p1a: Ambipom|psn\n|-activate|p1a: Ambipom|move: Sticky Web\n|-unboost|p1a: Ambipom|spe|1\n|turn|19\n|\n|t:|1781457468\n|move|p1a: Ambipom|Fake Out|p2a: Emboar\n|-damage|p2a: Emboar|139/322\n|cant|p2a: Emboar|flinch\n|\n|-damage|p1a: Ambipom|231/263 psn|[from] psn\n|upkeep\n|turn|20\n|\n|t:|1781457472\n|move|p1a: Ambipom|Double-Edge|p2a: Emboar\n|-damage|p2a: Emboar|0 fnt\n|faint|p2a: Emboar\n|-damage|p1a: Ambipom|185/263 psn|[from] Recoil\n|\n|-damage|p1a: Ambipom|153/263 psn|[from] psn\n|upkeep\n|\n|t:|1781457475\n|switch|p2a: Latias|Latias, L79, F|256/256\n|turn|21\n|\n|t:|1781457481\n|switch|p1a: Leafeon|Leafeon, L88, M|58/258\n|-status|p1a: Leafeon|psn\n|-activate|p1a: Leafeon|move: Sticky Web\n|-unboost|p1a: Leafeon|spe|1\n|move|p2a: Latias|Calm Mind|p2a: Latias\n|-boost|p2a: Latias|spa|1\n|-boost|p2a: Latias|spd|1\n|\n|-heal|p1a: Leafeon|74/258 psn|[from] item: Leftovers\n|-damage|p1a: Leafeon|42/258 psn|[from] psn\n|upkeep\n|turn|22\n|\n|t:|1781457489\n|move|p2a: Latias|Psyshock|p1a: Leafeon\n|-damage|p1a: Leafeon|0 fnt\n|faint|p1a: Leafeon\n|\n|upkeep\n|\n|t:|1781457491\n|switch|p1a: Ambipom|Ambipom, L84, F|153/263 psn\n|-activate|p1a: Ambipom|move: Sticky Web\n|-unboost|p1a: Ambipom|spe|1\n|turn|23\n|\n|t:|1781457499\n|move|p1a: Ambipom|Fake Out|p2a: Latias\n|-damage|p2a: Latias|171/256\n|cant|p2a: Latias|flinch\n|\n|-damage|p1a: Ambipom|121/263 psn|[from] psn\n|upkeep\n|turn|24\n|\n|t:|1781457501\n|move|p2a: Latias|Psyshock|p1a: Ambipom\n|-damage|p1a: Ambipom|0 fnt\n|faint|p1a: Ambipom\n|\n|upkeep\n|\n|t:|1781457511\n|switch|p1a: Bastiodon|Bastiodon, L89, F|252/252\n|-activate|p1a: Bastiodon|move: Sticky Web\n|-unboost|p1a: Bastiodon|spe|1\n|turn|25\n|\n|t:|1781457520\n|move|p2a: Latias|Calm Mind|p2a: Latias\n|-boost|p2a: Latias|spa|1\n|-boost|p2a: Latias|spd|1\n|move|p1a: Bastiodon|Iron Defense|p1a: Bastiodon\n|-boost|p1a: Bastiodon|def|2\n|\n|upkeep\n|turn|26\n|\n|t:|1781457526\n|move|p2a: Latias|Calm Mind|p2a: Latias\n|-boost|p2a: Latias|spa|1\n|-boost|p2a: Latias|spd|1\n|move|p1a: Bastiodon|Iron Defense|p1a: Bastiodon\n|-boost|p1a: Bastiodon|def|2\n|\n|upkeep\n|turn|27\n|\n|t:|1781457530\n|move|p2a: Latias|Calm Mind|p2a: Latias\n|-boost|p2a: Latias|spa|1\n|-boost|p2a: Latias|spd|1\n|move|p1a: Bastiodon|Body Press|p2a: Latias\n|-resisted|p2a: Latias\n|-damage|p2a: Latias|22/256\n|\n|upkeep\n|turn|28\n|\n|t:|1781457534\n|move|p2a: Latias|Recover|p2a: Latias\n|-heal|p2a: Latias|150/256\n|move|p1a: Bastiodon|Body Press|p2a: Latias\n|-resisted|p2a: Latias\n|-damage|p2a: Latias|0 fnt\n|faint|p2a: Latias\n|\n|upkeep\n|-message|LewisBavin forfeited.\n|\n|win|ViPa\n", "uploadtime": 1781457269, "views": 3, "formatid": "gen9randombattle", "rating": null, "private": 0, "password": null}