{"id": "gen9randombattle-2631745419", "format": "[Gen 9] Random Battle", "players": ["Casey2005_", "randbatsluvr"], "log": "|j|\u2606Casey2005_\n|j|\u2606randbatsluvr\n|t:|1781432741\n|gametype|singles\n|player|p1|Casey2005_|2|1163\n|player|p2|randbatsluvr|265|1146\n|gen|9\n|tier|[Gen 9] Random Battle\n|rated|\n|rule|Species Clause: Limit one of each Pok\u00e9mon\n|rule|HP Percentage Mod: HP is shown in percentages\n|rule|Sleep Clause Mod: Limit one foe put to sleep\n|rule|Illusion Level Mod: Illusion disguises the Pok\u00e9mon's true level\n|\n|t:|1781432741\n|teamsize|p1|6\n|teamsize|p2|6\n|start\n|switch|p1a: Mienshao|Mienshao, L83, F|244/244\n|switch|p2a: Plusle|Plusle, L95, M|268/268\n|turn|1\n|inactive|Battle timer is ON: inactive players will automatically lose when time's up. (requested by Casey2005_)\n|inactive|randbatsluvr also wants the timer to be on.\n|\n|t:|1781432750\n|move|p1a: Mienshao|Fake Out|p2a: Plusle\n|-damage|p2a: Plusle|212/268\n|cant|p2a: Plusle|flinch\n|\n|upkeep\n|turn|2\n|\n|t:|1781432756\n|switch|p2a: Iron Moth|Iron Moth, L78|253/253\n|move|p1a: Mienshao|Knock Off|p2a: Iron Moth\n|-damage|p2a: Iron Moth|129/253\n|-enditem|p2a: Iron Moth|Choice Specs|[from] move: Knock Off|[of] p1a: Mienshao\n|\n|upkeep\n|turn|3\n|\n|t:|1781432767\n|move|p1a: Mienshao|U-turn|p2a: Iron Moth\n|-resisted|p2a: Iron Moth\n|-damage|p2a: Iron Moth|109/253\n|inactive|Casey2005_ has 120 seconds left.\n|\n|t:|1781432793\n|switch|p1a: Golurk|Golurk, L87|297/297|[from] U-turn\n|move|p2a: Iron Moth|Sludge Wave|p1a: Golurk\n|-resisted|p1a: Golurk\n|-damage|p1a: Golurk|266/297\n|\n|upkeep\n|turn|4\n|\n|t:|1781432801\n|-terastallize|p2a: Iron Moth|Grass\n|move|p2a: Iron Moth|Energy Ball|p1a: Golurk\n|-supereffective|p1a: Golurk\n|-damage|p1a: Golurk|20/297\n|move|p1a: Golurk|Earthquake|p2a: Iron Moth\n|-resisted|p2a: Iron Moth\n|-damage|p2a: Iron Moth|0 fnt\n|faint|p2a: Iron Moth\n|-end|p2a: Iron Moth|Quark Drive|[silent]\n|-damage|p1a: Golurk|0 fnt|[from] item: Life Orb\n|faint|p1a: Golurk\n|\n|upkeep\n|inactive|Casey2005_ has 120 seconds left.\n|\n|t:|1781432813\n|switch|p2a: Baxcalibur|Baxcalibur, L75, F|296/296\n|switch|p1a: Mienshao|Mienshao, L83, F|244/244\n|turn|5\n|\n|t:|1781432822\n|move|p1a: Mienshao|Close Combat|p2a: Baxcalibur\n|-supereffective|p2a: Baxcalibur\n|-damage|p2a: Baxcalibur|0 fnt\n|-unboost|p1a: Mienshao|def|1\n|-unboost|p1a: Mienshao|spd|1\n|faint|p2a: Baxcalibur\n|\n|upkeep\n|\n|t:|1781432828\n|switch|p2a: Plusle|Plusle, L95, M|219/219\n|turn|6\n|\n|t:|1781432843\n|move|p2a: Plusle|Poltergeist|p1a: Mienshao\n|-activate|p1a: Mienshao|move: Poltergeist|Assault Vest\n|-damage|p1a: Mienshao|0 fnt\n|faint|p1a: Mienshao\n|-damage|p2a: Plusle|198/219|[from] item: Life Orb\n|\n|upkeep\n|inactive|Casey2005_ has 120 seconds left.\n|\n|t:|1781432869\n|switch|p1a: Porygon2|Porygon2, L81|219/219\n|turn|7\n|\n|t:|1781432874\n|move|p1a: Porygon2|Trick|p2a: Plusle\n|-activate|p1a: Porygon2|move: Trick|[of] p2a: Plusle\n|-item|p2a: Plusle|Choice Specs|[from] move: Trick\n|-item|p1a: Porygon2|Life Orb|[from] move: Trick\n|move|p2a: Plusle|Focus Blast|p1a: Porygon2\n|-immune|p1a: Porygon2\n|\n|upkeep\n|turn|8\n|\n|t:|1781432883\n|move|p2a: Plusle|Focus Blast|p1a: Porygon2\n|-immune|p1a: Porygon2\n|move|p1a: Porygon2|Bitter Malice|p2a: Plusle\n|-immune|p2a: Plusle\n|\n|upkeep\n|turn|9\n|inactive|Casey2005_ has 120 seconds left.\n|\n|t:|1781432892\n|move|p1a: Porygon2|Focus Blast|p2a: Plusle\n|-immune|p2a: Plusle\n|move|p2a: Plusle|Focus Blast|p1a: Porygon2\n|-immune|p1a: Porygon2\n|\n|upkeep\n|turn|10\n|\n|t:|1781432898\n|move|p2a: Plusle|Focus Blast|p1a: Porygon2\n|-immune|p1a: Porygon2\n|move|p1a: Porygon2|Hyper Voice|p2a: Plusle\n|-immune|p2a: Plusle\n|\n|upkeep\n|turn|11\n|c|\u2606Casey2005_|wait\n|inactive|Casey2005_ has 120 seconds left.\n|c|\u2606Casey2005_|thats not a Plusle is it?\n|\n|t:|1781432924\n|move|p1a: Porygon2|Focus Blast|p2a: Plusle\n|-immune|p2a: Plusle\n|move|p2a: Plusle|Focus Blast|p1a: Porygon2\n|-immune|p1a: Porygon2\n|\n|upkeep\n|turn|12\n|\n|t:|1781432932\n|move|p1a: Porygon2|Hyper Voice|p2a: Plusle\n|-immune|p2a: Plusle\n|move|p2a: Plusle|Focus Blast|p1a: Porygon2\n|-immune|p1a: Porygon2\n|\n|upkeep\n|turn|13\n|inactive|Casey2005_ has 120 seconds left.\n|\n|t:|1781432938\n|move|p2a: Plusle|Focus Blast|p1a: Porygon2\n|-immune|p1a: Porygon2\n|move|p1a: Porygon2|Hyper Voice|p2a: Plusle\n|-immune|p2a: Plusle\n|\n|upkeep\n|turn|14\n|inactive|Casey2005_ has 120 seconds left.\n|\n|t:|1781432956\n|move|p1a: Porygon2|Hyper Voice|p2a: Plusle\n|-immune|p2a: Plusle\n|move|p2a: Plusle|Focus Blast|p1a: Porygon2\n|-immune|p1a: Porygon2\n|\n|upkeep\n|turn|15\n|inactive|Casey2005_ has 120 seconds left.\n|c|\u2606Casey2005_|is that a zoroark?\n|\n|t:|1781432972\n|move|p1a: Porygon2|Hyper Voice|p2a: Plusle\n|-immune|p2a: Plusle\n|-activate|p2a: Plusle|move: Struggle\n|move|p2a: Plusle|Struggle|p1a: Porygon2\n|-damage|p1a: Porygon2|168/219\n|replace|p1a: Zoroark|Zoroark-Hisui, L80, M\n|-end|p1a: Zoroark|Illusion\n|-hint|Illusion Level Mod is active, so this Pok\u00e9mon's true level was hidden.\n|-damage|p2a: Plusle|143/219|[from] recoil\n|\n|upkeep\n|turn|16\n|\n|t:|1781432987\n|switch|p2a: Plusle|Plusle, L95, M|212/268\n|switch|p1a: Volbeat|Volbeat, L90, M|263/263\n|\n|upkeep\n|turn|17\n|\n|t:|1781432994\n|move|p2a: Plusle|Thunderbolt|p1a: Volbeat\n|-damage|p1a: Volbeat|130/263\n|-damage|p2a: Plusle|186/268|[from] item: Life Orb\n|move|p1a: Volbeat|Lunge|p2a: Plusle\n|-damage|p2a: Plusle|57/268\n|-unboost|p2a: Plusle|atk|1\n|\n|upkeep\n|turn|18\n|inactive|Casey2005_ has 120 seconds left.\n|\n|t:|1781433004\n|switch|p2a: Plusle|Plusle, L95, M|143/219\n|move|p1a: Volbeat|Lunge|p2a: Plusle\n|-resisted|p2a: Plusle\n|-damage|p2a: Plusle|90/219\n|-unboost|p2a: Plusle|atk|1\n|replace|p2a: Zoroark|Zoroark-Hisui, L80, M\n|-end|p2a: Zoroark|Illusion\n|\n|upkeep\n|turn|19\n|c|\u2606Casey2005_|XD\n|inactive|Casey2005_ has 120 seconds left.\n|\n|t:|1781433020\n|move|p1a: Volbeat|Thunder Wave|p2a: Zoroark\n|-status|p2a: Zoroark|par\n|move|p2a: Zoroark|Hyper Voice|p1a: Volbeat\n|-damage|p1a: Volbeat|0 fnt\n|faint|p1a: Volbeat\n|\n|upkeep\n|\n|t:|1781433032\n|switch|p1a: Ogerpon|Ogerpon-Hearthflame, L74, F|239/239\n|-ability|p1a: Ogerpon|Mold Breaker\n|turn|20\n|\n|t:|1781433041\n|switch|p2a: Hoopa|Hoopa-Unbound, L80|259/259\n|move|p1a: Ogerpon|Swords Dance|p1a: Ogerpon\n|-boost|p1a: Ogerpon|atk|2\n|\n|upkeep\n|turn|21\n|inactive|Casey2005_ has 120 seconds left.\n|\n|t:|1781433050\n|move|p1a: Ogerpon|Ivy Cudgel|p2a: Hoopa|[anim] Ivy Cudgel Fire\n|-damage|p2a: Hoopa|0 fnt\n|faint|p2a: Hoopa\n|\n|upkeep\n|\n|t:|1781433050\n|switch|p2a: Plusle|Plusle, L95, M|90/219 par\n|turn|22\n|\n|t:|1781433057\n|move|p1a: Ogerpon|Ivy Cudgel|p2a: Plusle|[anim] Ivy Cudgel Fire\n|-damage|p2a: Plusle|0 fnt\n|replace|p2a: Zoroark|Zoroark-Hisui, L80, M\n|-end|p2a: Zoroark|Illusion\n|faint|p2a: Zoroark\n|\n|upkeep\n|\n|t:|1781433059\n|switch|p2a: Plusle|Plusle, L95, M|57/268\n|turn|23\n|\n|t:|1781433064\n|move|p2a: Plusle|Encore|p1a: Ogerpon\n|-start|p1a: Ogerpon|Encore\n|move|p1a: Ogerpon|Ivy Cudgel|p2a: Plusle|[anim] Ivy Cudgel Fire\n|-crit|p2a: Plusle\n|-damage|p2a: Plusle|0 fnt\n|faint|p2a: Plusle\n|\n|upkeep\n|\n|t:|1781433068\n|switch|p2a: Pikachu|Pikachu-Alola, L93, F|216/216\n|turn|24\n|\n|t:|1781433074\n|-terastallize|p1a: Ogerpon|Fire\n|detailschange|p1a: Ogerpon|Ogerpon-Hearthflame-Tera, L74, F, tera:Fire\n|-ability|p1a: Ogerpon|Embody Aspect (Hearthflame)|boost\n|-boost|p1a: Ogerpon|atk|1\n|move|p2a: Pikachu|Knock Off|p1a: Ogerpon\n|-damage|p1a: Ogerpon|147/239\n|move|p1a: Ogerpon|Ivy Cudgel|p2a: Pikachu|[anim] Ivy Cudgel Fire\n|-crit|p2a: Pikachu\n|-damage|p2a: Pikachu|0 fnt\n|faint|p2a: Pikachu\n|\n|win|Casey2005_\n|raw|Casey2005_'s rating: 1163 &rarr; <strong>1182</strong><br />(+19 for winning)\n|raw|randbatsluvr's rating: 1081 &rarr; <strong>1064</strong><br />(-17 for losing)\n|l|\u2606randbatsluvr\n|player|p2|\n", "uploadtime": 1781433228, "views": 4, "formatid": "gen9randombattle", "rating": 1064, "private": 0, "password": null}