{"id": "gen9randombattle-2631711534", "format": "[Gen 9] Random Battle", "players": ["8btry8", "senpiezza"], "log": "|j|\u26068btry8\n|j|\u2606senpiezza\n|t:|1781426571\n|gametype|singles\n|player|p1|8btry8|1|1963\n|player|p2|senpiezza|volkner|1925\n|gen|9\n|tier|[Gen 9] Random Battle\n|rated|\n|rule|Species Clause: Limit one of each Pok\u00e9mon\n|rule|HP Percentage Mod: HP is shown in percentages\n|rule|Sleep Clause Mod: Limit one foe put to sleep\n|rule|Illusion Level Mod: Illusion disguises the Pok\u00e9mon's true level\n|\n|t:|1781426571\n|teamsize|p1|6\n|teamsize|p2|6\n|start\n|switch|p1a: Skeledirge|Skeledirge, L79, M|294/294\n|switch|p2a: Kingdra|Kingdra, L84, M|263/263\n|turn|1\n|\n|t:|1781426628\n|switch|p1a: Oricorio|Oricorio-Pa'u, L87, F|272/272\n|move|p2a: Kingdra|Wave Crash|p1a: Oricorio\n|-damage|p1a: Oricorio|131/272\n|-damage|p2a: Kingdra|216/263|[from] Recoil\n|\n|upkeep\n|turn|2\n|\n|t:|1781426651\n|switch|p2a: Ting-Lu|Ting-Lu, L78|370/370\n|-ability|p2a: Ting-Lu|Vessel of Ruin\n|move|p1a: Oricorio|Roost|p1a: Oricorio\n|-heal|p1a: Oricorio|267/272\n|-singleturn|p1a: Oricorio|move: Roost\n|\n|upkeep\n|turn|3\n|\n|t:|1781426666\n|switch|p1a: Dudunsparce|Dudunsparce-Three-Segment, L83, M|343/343\n|move|p2a: Ting-Lu|Stealth Rock|p1a: Dudunsparce\n|-sidestart|p1: 8btry8|move: Stealth Rock\n|\n|upkeep\n|turn|4\n|\n|t:|1781426677\n|move|p1a: Dudunsparce|Glare|p2a: Ting-Lu\n|-status|p2a: Ting-Lu|par\n|move|p2a: Ting-Lu|Throat Chop|p1a: Dudunsparce\n|-damage|p1a: Dudunsparce|255/343\n|-start|p1a: Dudunsparce|Throat Chop|[silent]\n|\n|-heal|p1a: Dudunsparce|276/343|[from] item: Leftovers\n|upkeep\n|turn|5\n|\n|t:|1781426689\n|switch|p2a: Ceruledge|Ceruledge, L78, M|245/245\n|move|p1a: Dudunsparce|Headbutt|p2a: Ceruledge\n|-immune|p2a: Ceruledge\n|\n|-heal|p1a: Dudunsparce|297/343|[from] item: Leftovers\n|-end|p1a: Dudunsparce|Throat Chop|[silent]\n|upkeep\n|turn|6\n|\n|t:|1781426708\n|switch|p2a: Ting-Lu|Ting-Lu, L78|370/370 par\n|-ability|p2a: Ting-Lu|Vessel of Ruin\n|move|p1a: Dudunsparce|Glare|p2a: Ting-Lu\n|-fail|p2a: Ting-Lu|par\n|\n|-heal|p1a: Dudunsparce|318/343|[from] item: Leftovers\n|upkeep\n|turn|7\n|\n|t:|1781426719\n|move|p1a: Dudunsparce|Headbutt|p2a: Ting-Lu\n|-damage|p2a: Ting-Lu|313/370 par\n|cant|p2a: Ting-Lu|flinch\n|\n|-heal|p1a: Dudunsparce|339/343|[from] item: Leftovers\n|-heal|p2a: Ting-Lu|336/370 par|[from] item: Leftovers\n|upkeep\n|turn|8\n|\n|t:|1781426727\n|move|p1a: Dudunsparce|Headbutt|p2a: Ting-Lu\n|-damage|p2a: Ting-Lu|272/370 par\n|cant|p2a: Ting-Lu|par\n|\n|-heal|p1a: Dudunsparce|343/343|[from] item: Leftovers\n|-heal|p2a: Ting-Lu|295/370 par|[from] item: Leftovers\n|upkeep\n|turn|9\n|\n|t:|1781426737\n|move|p1a: Dudunsparce|Headbutt|p2a: Ting-Lu\n|-damage|p2a: Ting-Lu|235/370 par\n|cant|p2a: Ting-Lu|flinch\n|\n|-heal|p2a: Ting-Lu|258/370 par|[from] item: Leftovers\n|upkeep\n|turn|10\n|\n|t:|1781426744\n|move|p1a: Dudunsparce|Headbutt|p2a: Ting-Lu\n|-damage|p2a: Ting-Lu|201/370 par\n|cant|p2a: Ting-Lu|flinch\n|\n|-heal|p2a: Ting-Lu|224/370 par|[from] item: Leftovers\n|upkeep\n|turn|11\n|\n|t:|1781426752\n|move|p1a: Dudunsparce|Headbutt|p2a: Ting-Lu\n|-damage|p2a: Ting-Lu|161/370 par\n|move|p2a: Ting-Lu|Spikes|p1a: Dudunsparce\n|-sidestart|p1: 8btry8|Spikes\n|\n|-heal|p2a: Ting-Lu|184/370 par|[from] item: Leftovers\n|upkeep\n|turn|12\n|\n|t:|1781426759\n|switch|p2a: Zarude|Zarude, L77|288/288\n|move|p1a: Dudunsparce|Headbutt|p2a: Zarude\n|-damage|p2a: Zarude|213/288\n|\n|upkeep\n|turn|13\n|\n|t:|1781426771\n|move|p2a: Zarude|U-turn|p1a: Dudunsparce\n|-damage|p1a: Dudunsparce|256/343\n|\n|t:|1781426773\n|switch|p2a: Ting-Lu|Ting-Lu, L78|184/370 par|[from] U-turn\n|-ability|p2a: Ting-Lu|Vessel of Ruin\n|move|p1a: Dudunsparce|Glare|p2a: Ting-Lu\n|-fail|p2a: Ting-Lu|par\n|\n|-heal|p1a: Dudunsparce|277/343|[from] item: Leftovers\n|-heal|p2a: Ting-Lu|207/370 par|[from] item: Leftovers\n|upkeep\n|turn|14\n|\n|t:|1781426791\n|switch|p1a: Registeel|Registeel, L81|262/262\n|-damage|p1a: Registeel|246/262|[from] Stealth Rock\n|-damage|p1a: Registeel|214/262|[from] Spikes\n|switch|p2a: Zarude|Zarude, L77|213/288\n|\n|-heal|p1a: Registeel|230/262|[from] item: Leftovers\n|upkeep\n|turn|15\n|\n|t:|1781426811\n|move|p2a: Zarude|U-turn|p1a: Registeel\n|-resisted|p1a: Registeel\n|-damage|p1a: Registeel|207/262\n|\n|t:|1781426815\n|switch|p2a: Ceruledge|Ceruledge, L78, M|245/245|[from] U-turn\n|move|p1a: Registeel|Stealth Rock|p2a: Ceruledge\n|-sidestart|p2: senpiezza|move: Stealth Rock\n|\n|-heal|p1a: Registeel|223/262|[from] item: Leftovers\n|upkeep\n|turn|16\n|\n|t:|1781426825\n|move|p2a: Ceruledge|Swords Dance|p2a: Ceruledge\n|-boost|p2a: Ceruledge|atk|2\n|move|p1a: Registeel|Thunder Wave|p2a: Ceruledge|[miss]\n|-miss|p1a: Registeel|p2a: Ceruledge\n|\n|-heal|p1a: Registeel|239/262|[from] item: Leftovers\n|upkeep\n|turn|17\n|\n|t:|1781426835\n|move|p2a: Ceruledge|Bitter Blade|p1a: Registeel\n|-supereffective|p1a: Registeel\n|-damage|p1a: Registeel|0 fnt\n|faint|p1a: Registeel\n|\n|upkeep\n|\n|t:|1781426850\n|switch|p1a: Skeledirge|Skeledirge, L79, M|294/294\n|turn|18\n|\n|t:|1781426862\n|-terastallize|p1a: Skeledirge|Fairy\n|move|p2a: Ceruledge|Poltergeist|p1a: Skeledirge\n|-activate|p1a: Skeledirge|move: Poltergeist|Heavy-Duty Boots\n|-damage|p1a: Skeledirge|170/294\n|move|p1a: Skeledirge|Shadow Ball|p2a: Ceruledge\n|-supereffective|p2a: Ceruledge\n|-damage|p2a: Ceruledge|93/245\n|\n|upkeep\n|turn|19\n|\n|t:|1781426883\n|move|p2a: Ceruledge|Bitter Blade|p1a: Skeledirge\n|-damage|p1a: Skeledirge|79/294\n|-heal|p2a: Ceruledge|139/245|[from] drain|[of] p1a: Skeledirge\n|move|p1a: Skeledirge|Shadow Ball|p2a: Ceruledge\n|-supereffective|p2a: Ceruledge\n|-damage|p2a: Ceruledge|0 fnt\n|faint|p2a: Ceruledge\n|\n|upkeep\n|\n|t:|1781426891\n|switch|p2a: Zarude|Zarude, L77|213/288\n|-damage|p2a: Zarude|177/288|[from] Stealth Rock\n|turn|20\n|\n|t:|1781426896\n|switch|p1a: Oricorio|Oricorio-Pa'u, L87, F|267/272\n|move|p2a: Zarude|Knock Off|p1a: Oricorio\n|-supereffective|p1a: Oricorio\n|-damage|p1a: Oricorio|0 fnt\n|-enditem|p1a: Oricorio|Heavy-Duty Boots|[from] move: Knock Off|[of] p2a: Zarude\n|faint|p1a: Oricorio\n|\n|upkeep\n|\n|t:|1781426902\n|switch|p1a: Dudunsparce|Dudunsparce-Three-Segment, L83, M|277/343\n|-damage|p1a: Dudunsparce|235/343|[from] Stealth Rock\n|-damage|p1a: Dudunsparce|193/343|[from] Spikes\n|turn|21\n|\n|t:|1781426914\n|switch|p2a: Ting-Lu|Ting-Lu, L78|207/370 par\n|-damage|p2a: Ting-Lu|184/370 par|[from] Stealth Rock\n|-ability|p2a: Ting-Lu|Vessel of Ruin\n|move|p1a: Dudunsparce|Glare|p2a: Ting-Lu\n|-fail|p2a: Ting-Lu|par\n|\n|-heal|p1a: Dudunsparce|214/343|[from] item: Leftovers\n|-heal|p2a: Ting-Lu|207/370 par|[from] item: Leftovers\n|upkeep\n|turn|22\n|\n|t:|1781426940\n|move|p1a: Dudunsparce|Headbutt|p2a: Ting-Lu\n|-damage|p2a: Ting-Lu|140/370 par\n|move|p2a: Ting-Lu|Earthquake|p1a: Dudunsparce\n|-damage|p1a: Dudunsparce|103/343\n|\n|-heal|p1a: Dudunsparce|124/343|[from] item: Leftovers\n|-heal|p2a: Ting-Lu|163/370 par|[from] item: Leftovers\n|upkeep\n|turn|23\n|\n|t:|1781426947\n|switch|p2a: Zarude|Zarude, L77|177/288\n|-damage|p2a: Zarude|141/288|[from] Stealth Rock\n|move|p1a: Dudunsparce|Roost|p1a: Dudunsparce\n|-heal|p1a: Dudunsparce|296/343\n|-singleturn|p1a: Dudunsparce|move: Roost\n|\n|-heal|p1a: Dudunsparce|317/343|[from] item: Leftovers\n|upkeep\n|turn|24\n|\n|t:|1781426957\n|move|p2a: Zarude|Knock Off|p1a: Dudunsparce\n|-damage|p1a: Dudunsparce|140/343\n|-enditem|p1a: Dudunsparce|Leftovers|[from] move: Knock Off|[of] p2a: Zarude\n|move|p1a: Dudunsparce|Glare|p2a: Zarude\n|-status|p2a: Zarude|par\n|\n|upkeep\n|turn|25\n|\n|t:|1781426964\n|switch|p2a: Ting-Lu|Ting-Lu, L78|163/370 par\n|-damage|p2a: Ting-Lu|140/370 par|[from] Stealth Rock\n|-ability|p2a: Ting-Lu|Vessel of Ruin\n|move|p1a: Dudunsparce|Roost|p1a: Dudunsparce\n|-heal|p1a: Dudunsparce|312/343\n|-singleturn|p1a: Dudunsparce|move: Roost\n|\n|-heal|p2a: Ting-Lu|163/370 par|[from] item: Leftovers\n|upkeep\n|turn|26\n|\n|t:|1781426975\n|move|p1a: Dudunsparce|Headbutt|p2a: Ting-Lu\n|-damage|p2a: Ting-Lu|103/370 par\n|cant|p2a: Ting-Lu|flinch\n|\n|-heal|p2a: Ting-Lu|126/370 par|[from] item: Leftovers\n|upkeep\n|turn|27\n|\n|t:|1781426981\n|switch|p2a: Zarude|Zarude, L77|141/288 par\n|-damage|p2a: Zarude|105/288 par|[from] Stealth Rock\n|move|p1a: Dudunsparce|Headbutt|p2a: Zarude\n|-damage|p2a: Zarude|27/288 par\n|\n|upkeep\n|turn|28\n|\n|t:|1781426991\n|move|p1a: Dudunsparce|Headbutt|p2a: Zarude\n|-damage|p2a: Zarude|0 fnt\n|faint|p2a: Zarude\n|\n|upkeep\n|\n|t:|1781427006\n|switch|p2a: Kingdra|Kingdra, L84, M|216/263\n|-damage|p2a: Kingdra|184/263|[from] Stealth Rock\n|turn|29\n|\n|t:|1781427011\n|move|p2a: Kingdra|Dragon Dance|p2a: Kingdra\n|-boost|p2a: Kingdra|atk|1\n|-boost|p2a: Kingdra|spe|1\n|move|p1a: Dudunsparce|Headbutt|p2a: Kingdra\n|-damage|p2a: Kingdra|106/263\n|\n|upkeep\n|turn|30\n|\n|t:|1781427019\n|move|p2a: Kingdra|Waterfall|p1a: Dudunsparce\n|-damage|p1a: Dudunsparce|174/343\n|move|p1a: Dudunsparce|Headbutt|p2a: Kingdra\n|-damage|p2a: Kingdra|37/263\n|\n|upkeep\n|turn|31\n|\n|t:|1781427024\n|move|p2a: Kingdra|Wave Crash|p1a: Dudunsparce\n|-damage|p1a: Dudunsparce|0 fnt\n|faint|p1a: Dudunsparce\n|-damage|p2a: Kingdra|0 fnt|[from] Recoil\n|faint|p2a: Kingdra\n|\n|upkeep\n|\n|t:|1781427036\n|switch|p2a: Dachsbun|Dachsbun, L92, F|254/254\n|switch|p1a: Mew|Mew, L82|298/298\n|-damage|p2a: Dachsbun|223/254|[from] Stealth Rock\n|-damage|p1a: Mew|261/298|[from] Stealth Rock\n|-damage|p1a: Mew|224/298|[from] Spikes\n|turn|32\n|\n|t:|1781427046\n|move|p2a: Dachsbun|Wish|p2a: Dachsbun\n|move|p1a: Mew|Psychic Fangs|p2a: Dachsbun\n|-damage|p2a: Dachsbun|137/254\n|-damage|p1a: Mew|195/298|[from] item: Life Orb\n|\n|-heal|p2a: Dachsbun|152/254|[from] item: Leftovers\n|upkeep\n|turn|33\n|j| Poi890\n|-message|8btry8 forfeited.\n|\n|win|senpiezza\n", "uploadtime": 1781426573, "views": 3, "formatid": "gen9randombattle", "rating": null, "private": 0, "password": null}