{"id": "gen9randombattle-2631451361", "format": "[Gen 9] Random Battle", "players": ["Drago_TYB", "strdr666"], "log": "|j|\u2606Drago_TYB\n|j|\u203dstrdr666\n|t:|1781386287\n|gametype|singles\n|player|p1|Drago_TYB|veteran|1656\n|player|p2|strdr666|hexmaniac-gen3|1736\n|gen|9\n|tier|[Gen 9] Random Battle\n|rated|\n|rule|Species Clause: Limit one of each Pok\u00e9mon\n|rule|HP Percentage Mod: HP is shown in percentages\n|rule|Sleep Clause Mod: Limit one foe put to sleep\n|rule|Illusion Level Mod: Illusion disguises the Pok\u00e9mon's true level\n|\n|t:|1781386287\n|teamsize|p1|6\n|teamsize|p2|6\n|start\n|switch|p1a: Staraptor|Staraptor, L79, M|263/263\n|switch|p2a: Pelipper|Pelipper, L86, M|243/243\n|-weather|RainDance|[from] ability: Drizzle|[of] p2a: Pelipper\n|turn|1\n|inactive|Battle timer is ON: inactive players will automatically lose when time's up. (requested by strdr666)\n|\n|t:|1781386317\n|move|p1a: Staraptor|Brave Bird|p2a: Pelipper\n|-damage|p2a: Pelipper|38/243\n|-damage|p1a: Staraptor|195/263|[from] Recoil\n|move|p2a: Pelipper|Weather Ball|p1a: Staraptor\n|-damage|p1a: Staraptor|0 fnt\n|faint|p1a: Staraptor\n|\n|-weather|RainDance|[upkeep]\n|upkeep\n|\n|t:|1781386341\n|switch|p1a: Spectrier|Spectrier, L75|274/274\n|turn|2\n|\n|t:|1781386358\n|switch|p2a: Hitmonchan|Hitmonchan, L87, M|229/229\n|move|p1a: Spectrier|Dark Pulse|p2a: Hitmonchan\n|-resisted|p2a: Hitmonchan\n|-damage|p2a: Hitmonchan|197/229\n|-damage|p1a: Spectrier|247/274|[from] item: Life Orb\n|\n|-weather|RainDance|[upkeep]\n|-heal|p2a: Hitmonchan|211/229|[from] item: Leftovers\n|upkeep\n|turn|3\n|\n|t:|1781386373\n|switch|p1a: Mandibuzz|Mandibuzz, L85, F|326/326\n|move|p2a: Hitmonchan|Knock Off|p1a: Mandibuzz\n|-resisted|p1a: Mandibuzz\n|-damage|p1a: Mandibuzz|291/326\n|-enditem|p1a: Mandibuzz|Heavy-Duty Boots|[from] move: Knock Off|[of] p2a: Hitmonchan\n|\n|-weather|RainDance|[upkeep]\n|-heal|p2a: Hitmonchan|225/229|[from] item: Leftovers\n|upkeep\n|turn|4\n|\n|t:|1781386380\n|switch|p2a: Bellibolt|Bellibolt, L84, M|320/320\n|move|p1a: Mandibuzz|Toxic|p2a: Bellibolt\n|-status|p2a: Bellibolt|tox\n|\n|-weather|RainDance|[upkeep]\n|-damage|p2a: Bellibolt|300/320 tox|[from] psn\n|upkeep\n|turn|5\n|\n|t:|1781386409\n|switch|p1a: Indeedee|Indeedee-F, L90, F|272/272\n|-fieldstart|move: Psychic Terrain|[from] ability: Psychic Surge|[of] p1a: Indeedee\n|move|p2a: Bellibolt|Toxic|p1a: Indeedee|[miss]\n|-miss|p2a: Bellibolt|p1a: Indeedee\n|\n|-weather|none\n|-heal|p2a: Bellibolt|320/320 tox|[from] item: Leftovers\n|-damage|p2a: Bellibolt|280/320 tox|[from] psn\n|upkeep\n|turn|6\n|\n|t:|1781386419\n|switch|p1a: Iron Crown|Iron Crown, L78|268/268\n|switch|p2a: Pelipper|Pelipper, L86, M|38/243\n|-weather|RainDance|[from] ability: Drizzle|[of] p2a: Pelipper\n|\n|-weather|RainDance|[upkeep]\n|upkeep\n|turn|7\n|\n|t:|1781386428\n|move|p1a: Iron Crown|Psyshock|p2a: Pelipper\n|-damage|p2a: Pelipper|0 fnt\n|faint|p2a: Pelipper\n|\n|-weather|RainDance|[upkeep]\n|upkeep\n|\n|t:|1781386444\n|switch|p2a: Basculin|Basculin-Blue-Striped, L86, M|261/261\n|turn|8\n|\n|t:|1781386452\n|move|p2a: Basculin|Wave Crash|p1a: Iron Crown\n|-damage|p1a: Iron Crown|0 fnt\n|faint|p1a: Iron Crown\n|-end|p1a: Iron Crown|Quark Drive|[silent]\n|-damage|p2a: Basculin|173/261|[from] Recoil\n|\n|-weather|RainDance|[upkeep]\n|upkeep\n|\n|t:|1781386460\n|switch|p1a: Mandibuzz|Mandibuzz, L85, F|291/326\n|turn|9\n|\n|t:|1781386462\n|move|p2a: Basculin|Wave Crash|p1a: Mandibuzz\n|-damage|p1a: Mandibuzz|0 fnt\n|faint|p1a: Mandibuzz\n|-damage|p2a: Basculin|77/261|[from] Recoil\n|\n|-weather|RainDance|[upkeep]\n|-fieldend|move: Psychic Terrain\n|upkeep\n|\n|t:|1781386468\n|switch|p1a: Spectrier|Spectrier, L75|247/274\n|turn|10\n|\n|t:|1781386471\n|switch|p2a: Hitmonchan|Hitmonchan, L87, M|225/229\n|move|p1a: Spectrier|Shadow Ball|p2a: Hitmonchan\n|-damage|p2a: Hitmonchan|116/229\n|-unboost|p2a: Hitmonchan|spd|1\n|-damage|p1a: Spectrier|220/274|[from] item: Life Orb\n|\n|-weather|none\n|-heal|p2a: Hitmonchan|130/229|[from] item: Leftovers\n|upkeep\n|turn|11\n|\n|t:|1781386479\n|-terastallize|p1a: Spectrier|Dark\n|-terastallize|p2a: Hitmonchan|Dark\n|move|p1a: Spectrier|Nasty Plot|p1a: Spectrier\n|-boost|p1a: Spectrier|spa|2\n|move|p2a: Hitmonchan|Knock Off|p1a: Spectrier\n|-resisted|p1a: Spectrier\n|-damage|p1a: Spectrier|137/274\n|-enditem|p1a: Spectrier|Life Orb|[from] move: Knock Off|[of] p2a: Hitmonchan\n|\n|-heal|p2a: Hitmonchan|144/229|[from] item: Leftovers\n|upkeep\n|turn|12\n|\n|t:|1781386486\n|move|p1a: Spectrier|Draining Kiss|p2a: Hitmonchan\n|-supereffective|p2a: Hitmonchan\n|-damage|p2a: Hitmonchan|0 fnt\n|-heal|p1a: Spectrier|245/274|[from] drain|[of] p2a: Hitmonchan\n|faint|p2a: Hitmonchan\n|-ability|p1a: Spectrier|Grim Neigh|boost\n|-boost|p1a: Spectrier|spa|1\n|\n|upkeep\n|inactive|strdr666 has 120 seconds left.\n|inactive|strdr666 has 90 seconds left.\n|\n|t:|1781386546\n|switch|p2a: Venusaur|Venusaur, L84, M|272/272\n|turn|13\n|\n|t:|1781386554\n|move|p1a: Spectrier|Dark Pulse|p2a: Venusaur\n|-damage|p2a: Venusaur|62/272\n|move|p2a: Venusaur|Sludge Bomb|p1a: Spectrier\n|-damage|p1a: Spectrier|136/274\n|\n|-heal|p2a: Venusaur|79/272|[from] item: Leftovers\n|upkeep\n|turn|14\n|inactive|strdr666 has 90 seconds left.\n|\n|t:|1781386580\n|switch|p2a: Bellibolt|Bellibolt, L84, M|280/320 tox\n|move|p1a: Spectrier|Dark Pulse|p2a: Bellibolt\n|-damage|p2a: Bellibolt|25/320 tox\n|-start|p2a: Bellibolt|Charge|Dark Pulse|[from] ability: Electromorphosis\n|\n|-heal|p2a: Bellibolt|45/320 tox|[from] item: Leftovers\n|-damage|p2a: Bellibolt|25/320 tox|[from] psn\n|upkeep\n|turn|15\n|inactive|strdr666 has 90 seconds left.\n|\n|t:|1781386598\n|move|p1a: Spectrier|Draining Kiss|p2a: Bellibolt\n|-damage|p2a: Bellibolt|0 fnt\n|-heal|p1a: Spectrier|155/274|[from] drain|[of] p2a: Bellibolt\n|faint|p2a: Bellibolt\n|-ability|p1a: Spectrier|Grim Neigh|boost\n|-boost|p1a: Spectrier|spa|1\n|\n|upkeep\n|\n|t:|1781386606\n|switch|p2a: Frosmoth|Frosmoth, L82, M|249/249\n|turn|16\n|\n|t:|1781386612\n|move|p1a: Spectrier|Dark Pulse|p2a: Frosmoth\n|-damage|p2a: Frosmoth|101/249\n|move|p2a: Frosmoth|Bug Buzz|p1a: Spectrier\n|-supereffective|p1a: Spectrier\n|-damage|p1a: Spectrier|0 fnt\n|faint|p1a: Spectrier\n|\n|upkeep\n|\n|t:|1781386625\n|switch|p1a: Copperajah|Copperajah, L86, M|350/350\n|turn|17\n|\n|t:|1781386635\n|switch|p2a: Venusaur|Venusaur, L84, M|79/272\n|move|p1a: Copperajah|Heat Crash|p2a: Venusaur\n|-supereffective|p2a: Venusaur\n|-damage|p2a: Venusaur|0 fnt\n|faint|p2a: Venusaur\n|\n|upkeep\n|inactive|strdr666 has 90 seconds left.\n|\n|t:|1781386665\n|switch|p2a: Basculin|Basculin-Blue-Striped, L86, M|77/261\n|turn|18\n|\n|t:|1781386668\n|move|p2a: Basculin|Flip Turn|p1a: Copperajah\n|-damage|p1a: Copperajah|190/350\n|\n|t:|1781386671\n|switch|p2a: Frosmoth|Frosmoth, L82, M|101/249|[from] Flip Turn\n|move|p1a: Copperajah|Heat Crash|p2a: Frosmoth\n|-supereffective|p2a: Frosmoth\n|-damage|p2a: Frosmoth|0 fnt\n|faint|p2a: Frosmoth\n|\n|upkeep\n|\n|t:|1781386676\n|switch|p2a: Basculin|Basculin-Blue-Striped, L86, M|77/261\n|turn|19\n|\n|t:|1781386678\n|move|p2a: Basculin|Wave Crash|p1a: Copperajah\n|-damage|p1a: Copperajah|0 fnt\n|faint|p1a: Copperajah\n|-damage|p2a: Basculin|14/261|[from] Recoil\n|\n|upkeep\n|\n|t:|1781386681\n|switch|p1a: Indeedee|Indeedee-F, L90, F|272/272\n|-fieldstart|move: Psychic Terrain|[from] ability: Psychic Surge|[of] p1a: Indeedee\n|turn|20\n|\n|t:|1781386686\n|move|p2a: Basculin|Wave Crash|p1a: Indeedee\n|-damage|p1a: Indeedee|0 fnt\n|faint|p1a: Indeedee\n|-damage|p2a: Basculin|0 fnt|[from] Recoil\n|faint|p2a: Basculin\n|\n|win|strdr666\n|raw|Drago_TYB's rating: 1656 &rarr; <strong>1641</strong><br />(-15 for losing)\n|raw|strdr666's rating: 1736 &rarr; <strong>1751</strong><br />(+15 for winning)\n|l|\u2606Drago_TYB\n|player|p1|\n|n|\u2606strdr666|strdr666\n", "uploadtime": 1781386714, "views": 5, "formatid": "gen9randombattle", "rating": 1641, "private": 0, "password": null}