{"id": "gen9randombattle-2631834897", "format": "[Gen 9] Random Battle", "players": ["joebidenfan1245", "jsjsiis"], "log": "|j|\u203djoebidenfan1245\n|j|\u2606jsjsiis\n|t:|1781446130\n|gametype|singles\n|player|p1|joebidenfan1245|265|2036\n|player|p2|jsjsiis|1|1971\n|gen|9\n|tier|[Gen 9] Random Battle\n|rated|\n|rule|Species Clause: Limit one of each Pok\u00e9mon\n|rule|HP Percentage Mod: HP is shown in percentages\n|rule|Sleep Clause Mod: Limit one foe put to sleep\n|rule|Illusion Level Mod: Illusion disguises the Pok\u00e9mon's true level\n|\n|t:|1781446130\n|teamsize|p1|6\n|teamsize|p2|6\n|start\n|switch|p1a: Kleavor|Kleavor, L78, F|237/237\n|switch|p2a: Magnezone|Magnezone, L85|258/258\n|turn|1\n|inactive|Battle timer is ON: inactive players will automatically lose when time's up. (requested by jsjsiis)\n|\n|t:|1781446154\n|move|p1a: Kleavor|Close Combat|p2a: Magnezone\n|-supereffective|p2a: Magnezone\n|-damage|p2a: Magnezone|106/258\n|-unboost|p1a: Kleavor|def|1\n|-unboost|p1a: Kleavor|spd|1\n|move|p2a: Magnezone|Flash Cannon|p1a: Kleavor\n|-supereffective|p1a: Kleavor\n|-damage|p1a: Kleavor|0 fnt\n|faint|p1a: Kleavor\n|\n|-heal|p2a: Magnezone|122/258|[from] item: Leftovers\n|upkeep\n|\n|t:|1781446165\n|switch|p1a: Charizard|Charizard, L85, F|271/271\n|turn|2\n|\n|t:|1781446172\n|move|p1a: Charizard|Flamethrower|p2a: Magnezone\n|-supereffective|p2a: Magnezone\n|-damage|p2a: Magnezone|0 fnt\n|faint|p2a: Magnezone\n|\n|upkeep\n|\n|t:|1781446181\n|switch|p2a: Weezing|Weezing, L88, F|258/258\n|turn|3\n|\n|t:|1781446186\n|move|p1a: Charizard|Hurricane|p2a: Weezing\n|-damage|p2a: Weezing|102/258\n|move|p2a: Weezing|Gunk Shot|p1a: Charizard|[miss]\n|-miss|p2a: Weezing|p1a: Charizard\n|\n|-heal|p2a: Weezing|118/258|[from] item: Leftovers\n|upkeep\n|turn|4\n|\n|t:|1781446192\n|move|p1a: Charizard|Hurricane|p2a: Weezing\n|-damage|p2a: Weezing|0 fnt\n|faint|p2a: Weezing\n|\n|upkeep\n|\n|t:|1781446197\n|switch|p2a: Moltres|Moltres-Galar, L79|271/271\n|turn|5\n|\n|t:|1781446203\n|move|p1a: Charizard|Hurricane|p2a: Moltres\n|-damage|p2a: Moltres|154/271\n|move|p2a: Moltres|Nasty Plot|p2a: Moltres\n|-boost|p2a: Moltres|spa|2\n|\n|upkeep\n|turn|6\n|\n|t:|1781446211\n|move|p1a: Charizard|Flamethrower|p2a: Moltres\n|-damage|p2a: Moltres|66/271\n|-ability|p2a: Moltres|Berserk|boost\n|-boost|p2a: Moltres|spa|1\n|move|p2a: Moltres|Agility|p2a: Moltres\n|-boost|p2a: Moltres|spe|2\n|\n|upkeep\n|turn|7\n|\n|t:|1781446221\n|move|p2a: Moltres|Hurricane|p1a: Charizard\n|-damage|p1a: Charizard|24/271\n|-start|p1a: Charizard|confusion\n|-activate|p1a: Charizard|confusion\n|move|p1a: Charizard|Flamethrower|p2a: Moltres\n|-damage|p2a: Moltres|0 fnt\n|faint|p2a: Moltres\n|\n|upkeep\n|-message|jsjsiis forfeited.\n|\n|win|joebidenfan1245\n", "uploadtime": 1781446132, "views": 3, "formatid": "gen9randombattle", "rating": null, "private": 0, "password": null}