{"id": "gen9randombattle-2631803112", "format": "[Gen 9] Random Battle", "players": ["noocha", "Jefejenaro"], "log": "|j|\u2606noocha\n|j|\u2606Jefejenaro\n|t:|1781441932\n|gametype|singles\n|player|p1|noocha|hanbei-conquest|1923\n|player|p2|Jefejenaro|wallace|1945\n|gen|9\n|tier|[Gen 9] Random Battle\n|rated|\n|rule|Species Clause: Limit one of each Pok\u00e9mon\n|rule|HP Percentage Mod: HP is shown in percentages\n|rule|Sleep Clause Mod: Limit one foe put to sleep\n|rule|Illusion Level Mod: Illusion disguises the Pok\u00e9mon's true level\n|\n|t:|1781441933\n|teamsize|p1|6\n|teamsize|p2|6\n|start\n|switch|p1a: Giratina|Giratina-Origin, L72|335/335\n|switch|p2a: Sandaconda|Sandaconda, L84, M|258/258\n|turn|1\n|inactive|Battle timer is ON: inactive players will automatically lose when time's up. (requested by noocha)\n|\n|t:|1781442007\n|move|p1a: Giratina|Draco Meteor|p2a: Sandaconda\n|-damage|p2a: Sandaconda|78/258\n|-unboost|p1a: Giratina|spa|2\n|move|p2a: Sandaconda|Scale Shot|p1a: Giratina\n|-supereffective|p1a: Giratina\n|-damage|p1a: Giratina|295/335\n|-supereffective|p1a: Giratina\n|-damage|p1a: Giratina|255/335\n|-supereffective|p1a: Giratina\n|-damage|p1a: Giratina|213/335\n|-supereffective|p1a: Giratina\n|-damage|p1a: Giratina|169/335\n|-hitcount|p1a: Giratina|4\n|-unboost|p2a: Sandaconda|def|1\n|-boost|p2a: Sandaconda|spe|1\n|\n|upkeep\n|turn|2\n|\n|t:|1781442022\n|switch|p1a: Dachsbun|Dachsbun, L92, F|254/254\n|move|p2a: Sandaconda|Scale Shot|p1a: Dachsbun\n|-immune|p1a: Dachsbun\n|\n|upkeep\n|turn|3\n|\n|t:|1781442040\n|switch|p2a: Arbok|Arbok, L87, M|246/246\n|-ability|p2a: Arbok|Intimidate|boost\n|-unboost|p1a: Dachsbun|atk|1\n|move|p1a: Dachsbun|Play Rough|p2a: Arbok\n|-resisted|p2a: Arbok\n|-damage|p2a: Arbok|206/246\n|\n|upkeep\n|turn|4\n|\n|t:|1781442062\n|switch|p1a: Iron Treads|Iron Treads, L77|265/265\n|move|p2a: Arbok|Gunk Shot|p1a: Iron Treads\n|-immune|p1a: Iron Treads\n|\n|upkeep\n|turn|5\n|\n|t:|1781442071\n|switch|p2a: Gurdurr|Gurdurr, L85, M|283/283\n|move|p1a: Iron Treads|Stealth Rock|p2a: Gurdurr\n|-sidestart|p2: Jefejenaro|move: Stealth Rock\n|\n|upkeep\n|turn|6\n|inactive|Jefejenaro has 120 seconds left.\n|inactive|noocha has 120 seconds left.\n|\n|t:|1781442108\n|-end|p1a: Iron Treads|Quark Drive|[silent]\n|switch|p1a: Venusaur|Venusaur, L84, F|272/272\n|move|p2a: Gurdurr|Knock Off|p1a: Venusaur\n|-damage|p1a: Venusaur|195/272\n|-enditem|p1a: Venusaur|Leftovers|[from] move: Knock Off|[of] p2a: Gurdurr\n|\n|upkeep\n|turn|7\n|\n|t:|1781442117\n|switch|p2a: Arbok|Arbok, L87, M|206/246\n|-damage|p2a: Arbok|176/246|[from] Stealth Rock\n|-ability|p2a: Arbok|Intimidate|boost\n|-unboost|p1a: Venusaur|atk|1\n|move|p1a: Venusaur|Leech Seed|p2a: Arbok\n|-start|p2a: Arbok|move: Leech Seed\n|\n|-damage|p2a: Arbok|146/246|[from] Leech Seed|[of] p1a: Venusaur\n|-heal|p1a: Venusaur|225/272|[silent]\n|upkeep\n|turn|8\n|\n|t:|1781442125\n|move|p2a: Arbok|Glare|p1a: Venusaur\n|-status|p1a: Venusaur|par\n|move|p1a: Venusaur|Substitute|p1a: Venusaur\n|-start|p1a: Venusaur|Substitute\n|-damage|p1a: Venusaur|157/272 par\n|\n|-damage|p2a: Arbok|116/246|[from] Leech Seed|[of] p1a: Venusaur\n|-heal|p1a: Venusaur|187/272 par|[silent]\n|upkeep\n|turn|9\n|inactive|Jefejenaro has 120 seconds left.\n|\n|t:|1781442137\n|switch|p2a: Hitmontop|Hitmontop, L88, M|231/231\n|-damage|p2a: Hitmontop|217/231|[from] Stealth Rock\n|move|p1a: Venusaur|Sludge Bomb|p2a: Hitmontop\n|-damage|p2a: Hitmontop|145/231\n|\n|-heal|p2a: Hitmontop|159/231|[from] item: Leftovers\n|upkeep\n|turn|10\n|\n|t:|1781442144\n|move|p2a: Hitmontop|Triple Axel|p1a: Venusaur\n|-supereffective|p1a: Venusaur\n|-activate|p1a: Venusaur|move: Substitute|[damage]\n|-supereffective|p1a: Venusaur\n|-end|p1a: Venusaur|Substitute\n|-supereffective|p1a: Venusaur\n|-damage|p1a: Venusaur|55/272 par\n|-hitcount|p1a: Venusaur|3\n|cant|p1a: Venusaur|par\n|\n|-heal|p2a: Hitmontop|173/231|[from] item: Leftovers\n|upkeep\n|turn|11\n|\n|t:|1781442152\n|move|p2a: Hitmontop|Rapid Spin|p1a: Venusaur\n|-damage|p1a: Venusaur|0 fnt\n|-boost|p2a: Hitmontop|spe|1\n|-sideend|p2: Jefejenaro|Stealth Rock|[from] move: Rapid Spin|[of] p2a: Hitmontop\n|faint|p1a: Venusaur\n|\n|-heal|p2a: Hitmontop|187/231|[from] item: Leftovers\n|upkeep\n|\n|t:|1781442155\n|switch|p1a: Dachsbun|Dachsbun, L92, F|254/254\n|turn|12\n|\n|t:|1781442167\n|switch|p2a: Arbok|Arbok, L87, M|116/246\n|-ability|p2a: Arbok|Intimidate|boost\n|-unboost|p1a: Dachsbun|atk|1\n|move|p1a: Dachsbun|Wish|p1a: Dachsbun\n|\n|upkeep\n|turn|13\n|\n|t:|1781442177\n|switch|p1a: Iron Treads|Iron Treads, L77|265/265\n|move|p2a: Arbok|Glare|p1a: Iron Treads\n|-status|p1a: Iron Treads|par\n|\n|upkeep\n|turn|14\n|\n|t:|1781442200\n|switch|p2a: Gurdurr|Gurdurr, L85, M|283/283\n|cant|p1a: Iron Treads|par\n|\n|upkeep\n|turn|15\n|\n|t:|1781442206\n|-end|p1a: Iron Treads|Quark Drive|[silent]\n|switch|p1a: Giratina|Giratina-Origin, L72|169/335\n|move|p2a: Gurdurr|Knock Off|p1a: Giratina\n|-supereffective|p1a: Giratina\n|-damage|p1a: Giratina|59/335\n|\n|upkeep\n|turn|16\n|\n|t:|1781442211\n|move|p1a: Giratina|Draco Meteor|p2a: Gurdurr\n|-damage|p2a: Gurdurr|147/283\n|-unboost|p1a: Giratina|spa|2\n|move|p2a: Gurdurr|Knock Off|p1a: Giratina\n|-supereffective|p1a: Giratina\n|-damage|p1a: Giratina|0 fnt\n|faint|p1a: Giratina\n|\n|upkeep\n|\n|t:|1781442213\n|switch|p1a: Enamorus|Enamorus, L79, F|247/247\n|turn|17\n|\n|t:|1781442241\n|switch|p2a: Sandaconda|Sandaconda, L84, M|78/258\n|move|p1a: Enamorus|Substitute|p1a: Enamorus\n|-start|p1a: Enamorus|Substitute\n|-damage|p1a: Enamorus|186/247\n|\n|-heal|p1a: Enamorus|201/247|[from] item: Leftovers\n|upkeep\n|turn|18\n|\n|t:|1781442251\n|-terastallize|p1a: Enamorus|Fighting\n|move|p1a: Enamorus|Superpower|p2a: Sandaconda\n|-damage|p2a: Sandaconda|0 fnt\n|-boost|p1a: Enamorus|atk|1\n|-boost|p1a: Enamorus|def|1\n|faint|p2a: Sandaconda\n|\n|-heal|p1a: Enamorus|216/247|[from] item: Leftovers\n|upkeep\n|inactive|Jefejenaro has 120 seconds left.\n|\n|t:|1781442277\n|switch|p2a: Dragonite|Dragonite, L74, F|257/257\n|turn|19\n|\n|t:|1781442282\n|-terastallize|p2a: Dragonite|Flying\n|move|p1a: Enamorus|Superpower|p2a: Dragonite\n|-resisted|p2a: Dragonite\n|-damage|p2a: Dragonite|204/257\n|-boost|p1a: Enamorus|atk|1\n|-boost|p1a: Enamorus|def|1\n|move|p2a: Dragonite|Dragon Dance|p2a: Dragonite\n|-boost|p2a: Dragonite|atk|1\n|-boost|p2a: Dragonite|spe|1\n|\n|-heal|p1a: Enamorus|231/247|[from] item: Leftovers\n|upkeep\n|turn|20\n|\n|t:|1781442293\n|move|p2a: Dragonite|Tera Blast|p1a: Enamorus|[anim] Tera Blast Flying\n|-supereffective|p1a: Enamorus\n|-end|p1a: Enamorus|Substitute\n|move|p1a: Enamorus|Superpower|p2a: Dragonite\n|-resisted|p2a: Dragonite\n|-damage|p2a: Dragonite|66/257\n|-boost|p1a: Enamorus|atk|1\n|-boost|p1a: Enamorus|def|1\n|\n|-heal|p1a: Enamorus|246/247|[from] item: Leftovers\n|upkeep\n|turn|21\n|\n|t:|1781442298\n|move|p2a: Dragonite|Tera Blast|p1a: Enamorus|[anim] Tera Blast Flying\n|-supereffective|p1a: Enamorus\n|-damage|p1a: Enamorus|74/247\n|move|p1a: Enamorus|Superpower|p2a: Dragonite\n|-resisted|p2a: Dragonite\n|-damage|p2a: Dragonite|0 fnt\n|-boost|p1a: Enamorus|atk|1\n|-boost|p1a: Enamorus|def|1\n|faint|p2a: Dragonite\n|\n|-heal|p1a: Enamorus|89/247|[from] item: Leftovers\n|upkeep\n|\n|t:|1781442303\n|switch|p2a: Zacian|Zacian, L69|241/241\n|-ability|p2a: Zacian|Intrepid Sword|boost\n|-boost|p2a: Zacian|atk|1\n|turn|22\n|\n|t:|1781442307\n|move|p2a: Zacian|Play Rough|p1a: Enamorus\n|-supereffective|p1a: Enamorus\n|-damage|p1a: Enamorus|0 fnt\n|faint|p1a: Enamorus\n|-damage|p2a: Zacian|217/241|[from] item: Life Orb\n|\n|upkeep\n|\n|t:|1781442317\n|switch|p1a: Volcanion|Volcanion, L79|256/256\n|turn|23\n|\n|t:|1781442323\n|move|p2a: Zacian|Swords Dance|p2a: Zacian\n|-boost|p2a: Zacian|atk|2\n|move|p1a: Volcanion|Steam Eruption|p2a: Zacian\n|-damage|p2a: Zacian|81/241\n|\n|upkeep\n|turn|24\n|\n|t:|1781442329\n|move|p2a: Zacian|Close Combat|p1a: Volcanion\n|-damage|p1a: Volcanion|83/256\n|-unboost|p2a: Zacian|def|1\n|-unboost|p2a: Zacian|spd|1\n|-damage|p2a: Zacian|57/241|[from] item: Life Orb\n|move|p1a: Volcanion|Steam Eruption|p2a: Zacian\n|-damage|p2a: Zacian|0 fnt\n|faint|p2a: Zacian\n|\n|upkeep\n|inactive|Jefejenaro has 120 seconds left.\n|\n|t:|1781442369\n|switch|p2a: Hitmontop|Hitmontop, L88, M|187/231\n|turn|25\n|\n|t:|1781442375\n|move|p2a: Hitmontop|Close Combat|p1a: Volcanion\n|-damage|p1a: Volcanion|0 fnt\n|-unboost|p2a: Hitmontop|def|1\n|-unboost|p2a: Hitmontop|spd|1\n|faint|p1a: Volcanion\n|\n|-heal|p2a: Hitmontop|201/231|[from] item: Leftovers\n|upkeep\n|\n|t:|1781442377\n|switch|p1a: Dachsbun|Dachsbun, L92, F|254/254\n|turn|26\n|\n|t:|1781442390\n|switch|p2a: Gurdurr|Gurdurr, L85, M|147/283\n|move|p1a: Dachsbun|Body Press|p2a: Gurdurr\n|-damage|p2a: Gurdurr|91/283\n|\n|upkeep\n|turn|27\n|\n|t:|1781442396\n|move|p1a: Dachsbun|Body Press|p2a: Gurdurr\n|-damage|p2a: Gurdurr|43/283\n|move|p2a: Gurdurr|Knock Off|p1a: Dachsbun\n|-resisted|p1a: Dachsbun\n|-crit|p1a: Dachsbun\n|-damage|p1a: Dachsbun|211/254\n|-enditem|p1a: Dachsbun|Leftovers|[from] move: Knock Off|[of] p2a: Gurdurr\n|\n|upkeep\n|turn|28\n|\n|t:|1781442404\n|move|p1a: Dachsbun|Body Press|p2a: Gurdurr\n|-damage|p2a: Gurdurr|0 fnt\n|faint|p2a: Gurdurr\n|\n|upkeep\n|\n|t:|1781442407\n|switch|p2a: Arbok|Arbok, L87, M|116/246\n|-ability|p2a: Arbok|Intimidate|boost\n|-unboost|p1a: Dachsbun|atk|1\n|turn|29\n|\n|t:|1781442420\n|switch|p2a: Hitmontop|Hitmontop, L88, M|201/231\n|move|p1a: Dachsbun|Body Press|p2a: Hitmontop\n|-damage|p2a: Hitmontop|133/231\n|\n|-heal|p2a: Hitmontop|147/231|[from] item: Leftovers\n|upkeep\n|turn|30\n|\n|t:|1781442424\n|switch|p2a: Arbok|Arbok, L87, M|116/246\n|-ability|p2a: Arbok|Intimidate|boost\n|-unboost|p1a: Dachsbun|atk|1\n|move|p1a: Dachsbun|Body Press|p2a: Arbok\n|-resisted|p2a: Arbok\n|-damage|p2a: Arbok|71/246\n|\n|upkeep\n|turn|31\n|\n|t:|1781442426\n|switch|p1a: Iron Treads|Iron Treads, L77|265/265 par\n|move|p2a: Arbok|Gunk Shot|p1a: Iron Treads\n|-immune|p1a: Iron Treads\n|\n|upkeep\n|turn|32\n|\n|t:|1781442436\n|move|p2a: Arbok|Knock Off|p1a: Iron Treads\n|-damage|p1a: Iron Treads|192/265 par\n|-enditem|p1a: Iron Treads|Leftovers|[from] move: Knock Off|[of] p2a: Arbok\n|-damage|p2a: Arbok|47/246|[from] item: Life Orb\n|move|p1a: Iron Treads|Earthquake|p2a: Arbok\n|-supereffective|p2a: Arbok\n|-damage|p2a: Arbok|0 fnt\n|faint|p2a: Arbok\n|\n|upkeep\n|\n|t:|1781442440\n|switch|p2a: Hitmontop|Hitmontop, L88, M|147/231\n|turn|33\n|\n|t:|1781442447\n|-end|p1a: Iron Treads|Quark Drive|[silent]\n|switch|p1a: Dachsbun|Dachsbun, L92, F|211/254\n|move|p2a: Hitmontop|Bulk Up|p2a: Hitmontop\n|-boost|p2a: Hitmontop|atk|1\n|-boost|p2a: Hitmontop|def|1\n|\n|-heal|p2a: Hitmontop|161/231|[from] item: Leftovers\n|upkeep\n|turn|34\n|\n|t:|1781442450\n|move|p1a: Dachsbun|Play Rough|p2a: Hitmontop|[miss]\n|-miss|p1a: Dachsbun|p2a: Hitmontop\n|move|p2a: Hitmontop|Rapid Spin|p1a: Dachsbun\n|-damage|p1a: Dachsbun|147/254\n|-boost|p2a: Hitmontop|spe|1\n|\n|-heal|p2a: Hitmontop|175/231|[from] item: Leftovers\n|upkeep\n|turn|35\n|\n|t:|1781442454\n|move|p2a: Hitmontop|Triple Axel|p1a: Dachsbun\n|-damage|p1a: Dachsbun|123/254\n|-damage|p1a: Dachsbun|71/254\n|-damage|p1a: Dachsbun|0 fnt\n|faint|p1a: Dachsbun\n|-hitcount|p1: Dachsbun|3\n|\n|-heal|p2a: Hitmontop|189/231|[from] item: Leftovers\n|upkeep\n|-message|noocha forfeited.\n|\n|win|Jefejenaro\n", "uploadtime": 1781441935, "views": 3, "formatid": "gen9randombattle", "rating": null, "private": 0, "password": null}