{"id": "gen9randombattle-2631606755", "format": "[Gen 9] Random Battle", "players": ["boxhero147", "latias999999999"], "log": "|j|\u2606boxhero147\n|j|\u2606latias999999999\n|t:|1781407930\n|gametype|singles\n|player|p1|boxhero147|169|2089\n|player|p2|latias999999999|gardenia|2054\n|gen|9\n|tier|[Gen 9] Random Battle\n|rated|\n|rule|Species Clause: Limit one of each Pok\u00e9mon\n|rule|HP Percentage Mod: HP is shown in percentages\n|rule|Sleep Clause Mod: Limit one foe put to sleep\n|rule|Illusion Level Mod: Illusion disguises the Pok\u00e9mon's true level\n|\n|t:|1781407930\n|teamsize|p1|6\n|teamsize|p2|6\n|start\n|switch|p1a: Thundurus|Thundurus, L80, M|258/258\n|switch|p2a: Crabominable|Crabominable, L90, F|321/321\n|turn|1\n|inactive|Battle timer is ON: inactive players will automatically lose when time's up. (requested by latias999999999)\n|\n|t:|1781407939\n|move|p1a: Thundurus|U-turn|p2a: Crabominable\n|-resisted|p2a: Crabominable\n|-damage|p2a: Crabominable|295/321\n|\n|t:|1781407945\n|switch|p1a: Slither Wing|Slither Wing, L81|270/270|[from] U-turn\n|move|p2a: Crabominable|Ice Hammer|p1a: Slither Wing\n|-damage|p1a: Slither Wing|0 fnt\n|-unboost|p2a: Crabominable|spe|1\n|faint|p1a: Slither Wing\n|-end|p1a: Slither Wing|Protosynthesis|[silent]\n|\n|upkeep\n|j| BislikeDlacks\n|\n|t:|1781407952\n|switch|p1a: Registeel|Registeel, L81|262/262\n|turn|2\n|\n|t:|1781407958\n|switch|p2a: Pachirisu|Pachirisu, L96, M|271/271\n|move|p1a: Registeel|Iron Defense|p1a: Registeel\n|-boost|p1a: Registeel|def|2\n|\n|upkeep\n|turn|3\n|\n|t:|1781407963\n|move|p2a: Pachirisu|Encore|p1a: Registeel\n|-start|p1a: Registeel|Encore\n|move|p1a: Registeel|Iron Defense|p1a: Registeel\n|-boost|p1a: Registeel|def|2\n|\n|upkeep\n|turn|4\n|\n|t:|1781407967\n|move|p2a: Pachirisu|Super Fang|p1a: Registeel|[miss]\n|-miss|p2a: Pachirisu|p1a: Registeel\n|move|p1a: Registeel|Iron Defense|p1a: Registeel\n|-boost|p1a: Registeel|def|2\n|\n|upkeep\n|turn|5\n|\n|t:|1781407970\n|move|p2a: Pachirisu|Super Fang|p1a: Registeel\n|-damage|p1a: Registeel|131/262\n|move|p1a: Registeel|Iron Defense|p1a: Registeel\n|-boost|p1a: Registeel|def|0\n|\n|-end|p1a: Registeel|Encore\n|upkeep\n|turn|6\n|\n|t:|1781407973\n|move|p2a: Pachirisu|Encore|p1a: Registeel\n|-start|p1a: Registeel|Encore\n|move|p1a: Registeel|Iron Defense|p1a: Registeel\n|-boost|p1a: Registeel|def|0\n|\n|upkeep\n|turn|7\n|\n|t:|1781407980\n|switch|p1a: Thundurus|Thundurus, L80, M|258/258\n|move|p2a: Pachirisu|Super Fang|p1a: Thundurus\n|-damage|p1a: Thundurus|129/258\n|\n|upkeep\n|turn|8\n|\n|t:|1781407986\n|move|p2a: Pachirisu|U-turn|p1a: Thundurus\n|-resisted|p1a: Thundurus\n|-damage|p1a: Thundurus|104/258\n|\n|t:|1781408007\n|switch|p2a: Jirachi|Jirachi, L80|291/291|[from] U-turn\n|move|p1a: Thundurus|Knock Off|p2a: Jirachi\n|-supereffective|p2a: Jirachi\n|-damage|p2a: Jirachi|147/291\n|-enditem|p2a: Jirachi|Leftovers|[from] move: Knock Off|[of] p1a: Thundurus\n|\n|upkeep\n|turn|9\n|l| BislikeDlacks\n|\n|t:|1781408014\n|move|p1a: Thundurus|Thunderbolt|p2a: Jirachi\n|-damage|p2a: Jirachi|36/291\n|move|p2a: Jirachi|Wish|p2a: Jirachi\n|\n|upkeep\n|turn|10\n|\n|t:|1781408020\n|switch|p2a: Crabominable|Crabominable, L90, F|295/321\n|move|p1a: Thundurus|U-turn|p2a: Crabominable\n|-resisted|p2a: Crabominable\n|-damage|p2a: Crabominable|270/321\n|\n|t:|1781408022\n|switch|p1a: Girafarig|Girafarig, L89, M|269/269|[from] U-turn\n|\n|-heal|p2a: Crabominable|321/321|[from] move: Wish|[wisher] Jirachi\n|upkeep\n|turn|11\n|\n|t:|1781408029\n|switch|p2a: Jirachi|Jirachi, L80|36/291\n|move|p1a: Girafarig|Nasty Plot|p1a: Girafarig\n|-boost|p1a: Girafarig|spa|2\n|\n|upkeep\n|turn|12\n|\n|t:|1781408036\n|move|p2a: Jirachi|Body Slam|p1a: Girafarig\n|-damage|p1a: Girafarig|227/269\n|move|p1a: Girafarig|Shadow Ball|p2a: Jirachi\n|-supereffective|p2a: Jirachi\n|-damage|p2a: Jirachi|0 fnt\n|faint|p2a: Jirachi\n|\n|upkeep\n|\n|t:|1781408045\n|switch|p2a: Basculin|Basculin, L86, M|261/261\n|turn|13\n|\n|t:|1781408048\n|move|p2a: Basculin|Wave Crash|p1a: Girafarig\n|-damage|p1a: Girafarig|19/269\n|-damage|p2a: Basculin|192/261|[from] Recoil\n|move|p1a: Girafarig|Thunderbolt|p2a: Basculin\n|-supereffective|p2a: Basculin\n|-damage|p2a: Basculin|0 fnt\n|faint|p2a: Basculin\n|\n|upkeep\n|\n|t:|1781408051\n|switch|p2a: Pachirisu|Pachirisu, L96, M|271/271\n|turn|14\n|\n|t:|1781408056\n|switch|p1a: Thundurus|Thundurus, L80, M|104/258\n|move|p2a: Pachirisu|U-turn|p1a: Thundurus\n|-resisted|p1a: Thundurus\n|-damage|p1a: Thundurus|81/258\n|\n|t:|1781408069\n|switch|p2a: Flapple|Flapple, L88, F|266/266|[from] U-turn\n|\n|upkeep\n|turn|15\n|\n|t:|1781408079\n|move|p2a: Flapple|Sucker Punch|p1a: Thundurus|[miss]\n|-miss|p2a: Flapple|p1a: Thundurus\n|move|p1a: Thundurus|Knock Off|p2a: Flapple\n|-damage|p2a: Flapple|198/266\n|-enditem|p2a: Flapple|Choice Band|[from] move: Knock Off|[of] p1a: Thundurus\n|\n|upkeep\n|turn|16\n|\n|t:|1781408085\n|move|p1a: Thundurus|U-turn|p2a: Flapple\n|-supereffective|p2a: Flapple\n|-damage|p2a: Flapple|90/266\n|\n|t:|1781408088\n|switch|p1a: Girafarig|Girafarig, L89, M|19/269|[from] U-turn\n|move|p2a: Flapple|Grav Apple|p1a: Girafarig\n|-ability|p1a: Girafarig|Sap Sipper|boost\n|-boost|p1a: Girafarig|atk|1\n|\n|upkeep\n|turn|17\n|\n|t:|1781408097\n|move|p1a: Girafarig|Nasty Plot|p1a: Girafarig\n|-boost|p1a: Girafarig|spa|2\n|move|p2a: Flapple|U-turn|p1a: Girafarig\n|-supereffective|p1a: Girafarig\n|-damage|p1a: Girafarig|0 fnt\n|faint|p1a: Girafarig\n|\n|t:|1781408101\n|switch|p2a: Pachirisu|Pachirisu, L96, M|271/271|[from] U-turn\n|\n|upkeep\n|\n|t:|1781408109\n|switch|p1a: Goodra|Goodra, L85, F|292/292\n|turn|18\n|\n|t:|1781408115\n|move|p2a: Pachirisu|Super Fang|p1a: Goodra\n|-damage|p1a: Goodra|146/292\n|move|p1a: Goodra|Sludge Bomb|p2a: Pachirisu\n|-damage|p2a: Pachirisu|204/271\n|-status|p2a: Pachirisu|psn\n|\n|-damage|p2a: Pachirisu|171/271 psn|[from] psn\n|upkeep\n|turn|19\n|\n|t:|1781408121\n|move|p2a: Pachirisu|Super Fang|p1a: Goodra\n|-damage|p1a: Goodra|73/292\n|move|p1a: Goodra|Sludge Bomb|p2a: Pachirisu\n|-damage|p2a: Pachirisu|107/271 psn\n|\n|-damage|p2a: Pachirisu|74/271 psn|[from] psn\n|upkeep\n|turn|20\n|\n|t:|1781408125\n|move|p2a: Pachirisu|Discharge|p1a: Goodra\n|-resisted|p1a: Goodra\n|-damage|p1a: Goodra|58/292\n|-status|p1a: Goodra|par\n|cant|p1a: Goodra|par\n|\n|-damage|p2a: Pachirisu|41/271 psn|[from] psn\n|upkeep\n|turn|21\n|\n|t:|1781408127\n|move|p2a: Pachirisu|U-turn|p1a: Goodra\n|-damage|p1a: Goodra|9/292 par\n|\n|t:|1781408130\n|switch|p2a: Flapple|Flapple, L88, F|90/266|[from] U-turn\n|move|p1a: Goodra|Sludge Bomb|p2a: Flapple\n|-supereffective|p2a: Flapple\n|-damage|p2a: Flapple|0 fnt\n|faint|p2a: Flapple\n|\n|upkeep\n|\n|t:|1781408135\n|switch|p2a: Crabominable|Crabominable, L90, F|321/321\n|turn|22\n|\n|t:|1781408140\n|move|p2a: Crabominable|Drain Punch|p1a: Goodra\n|-damage|p1a: Goodra|0 fnt\n|faint|p1a: Goodra\n|\n|upkeep\n|\n|t:|1781408147\n|switch|p1a: Thundurus|Thundurus, L80, M|81/258\n|turn|23\n|\n|t:|1781408151\n|move|p1a: Thundurus|Grass Knot|p2a: Crabominable\n|-damage|p2a: Crabominable|227/321\n|move|p2a: Crabominable|Drain Punch|p1a: Thundurus\n|-resisted|p1a: Thundurus\n|-damage|p1a: Thundurus|0 fnt\n|-heal|p2a: Crabominable|268/321|[from] drain|[of] p1a: Thundurus\n|faint|p1a: Thundurus\n|\n|upkeep\n|\n|t:|1781408156\n|switch|p1a: Cinccino|Cinccino, L83, F|260/260\n|turn|24\n|\n|t:|1781408160\n|-terastallize|p1a: Cinccino|Grass\n|move|p1a: Cinccino|Bullet Seed|p2a: Crabominable\n|-damage|p2a: Crabominable|229/321\n|-damage|p2a: Crabominable|190/321\n|-crit|p2a: Crabominable\n|-damage|p2a: Crabominable|132/321\n|-damage|p2a: Crabominable|92/321\n|-hitcount|p2a: Crabominable|4\n|move|p2a: Crabominable|Drain Punch|p1a: Cinccino\n|-damage|p1a: Cinccino|0 fnt\n|-heal|p2a: Crabominable|222/321|[from] drain|[of] p1a: Cinccino\n|faint|p1a: Cinccino\n|\n|upkeep\n|\n|t:|1781408165\n|switch|p1a: Registeel|Registeel, L81|131/262\n|turn|25\n|\n|t:|1781408168\n|move|p2a: Crabominable|Drain Punch|p1a: Registeel\n|-supereffective|p1a: Registeel\n|-damage|p1a: Registeel|0 fnt\n|-heal|p2a: Crabominable|288/321|[from] drain|[of] p1a: Registeel\n|faint|p1a: Registeel\n|\n|win|latias999999999\n", "uploadtime": 1781407931, "views": 3, "formatid": "gen9randombattle", "rating": null, "private": 0, "password": null}