{"id": "gen9randombattle-2631613588", "format": "[Gen 9] Random Battle", "players": ["SyxthSence", "euphoricpoptarts"], "log": "|j|\u2606SyxthSence\n|j|\u2606euphoricpoptarts\n|t:|1781408965\n|gametype|singles\n|player|p1|SyxthSence|169|2209\n|player|p2|euphoricpoptarts|unknown|2161\n|gen|9\n|tier|[Gen 9] Random Battle\n|rated|\n|rule|Species Clause: Limit one of each Pok\u00e9mon\n|rule|HP Percentage Mod: HP is shown in percentages\n|rule|Sleep Clause Mod: Limit one foe put to sleep\n|rule|Illusion Level Mod: Illusion disguises the Pok\u00e9mon's true level\n|\n|t:|1781408965\n|teamsize|p1|6\n|teamsize|p2|6\n|start\n|switch|p1a: Arceus|Arceus-Dragon, L71|288/288\n|switch|p2a: Azelf|Azelf, L82|257/257\n|turn|1\n|inactive|Battle timer is ON: inactive players will automatically lose when time's up. (requested by euphoricpoptarts)\n|\n|t:|1781408977\n|switch|p1a: Espeon|Espeon, L84, F|246/246\n|move|p2a: Azelf|Nasty Plot|p2a: Azelf\n|-boost|p2a: Azelf|spa|2\n|\n|upkeep\n|turn|2\n|\n|t:|1781408994\n|move|p2a: Azelf|Psychic|p1a: Espeon\n|-resisted|p1a: Espeon\n|-damage|p1a: Espeon|121/246\n|-unboost|p1a: Espeon|spd|1\n|-damage|p2a: Azelf|232/257|[from] item: Life Orb\n|move|p1a: Espeon|Shadow Ball|p2a: Azelf\n|-supereffective|p2a: Azelf\n|-damage|p2a: Azelf|16/257\n|-damage|p1a: Espeon|97/246|[from] item: Life Orb\n|\n|upkeep\n|turn|3\n|\n|t:|1781409005\n|switch|p1a: Weavile|Weavile, L79, F|240/240\n|move|p2a: Azelf|Dazzling Gleam|p1a: Weavile\n|-supereffective|p1a: Weavile\n|-damage|p1a: Weavile|0 fnt\n|faint|p1a: Weavile\n|-damage|p2a: Azelf|0 fnt|[from] item: Life Orb\n|faint|p2a: Azelf\n|\n|upkeep\n|\n|t:|1781409011\n|switch|p1a: Iron Jugulis|Iron Jugulis, L77|271/271\n|switch|p2a: Deoxys|Deoxys-Attack, L72|191/191\n|-ability|p2a: Deoxys|Pressure\n|turn|4\n|\n|t:|1781409020\n|switch|p2a: Chansey|Chansey, L85, F|564/564\n|move|p1a: Iron Jugulis|U-turn|p2a: Chansey\n|-damage|p2a: Chansey|488/564\n|\n|t:|1781409027\n|-end|p1a: Iron Jugulis|Quark Drive|[silent]\n|switch|p1a: Klawf|Klawf, L90, F|272/272|[from] U-turn\n|\n|upkeep\n|turn|5\n|\n|t:|1781409033\n|move|p1a: Klawf|Knock Off|p2a: Chansey\n|-damage|p2a: Chansey|303/564\n|-enditem|p2a: Chansey|Eviolite|[from] move: Knock Off|[of] p1a: Klawf\n|move|p2a: Chansey|Thunder Wave|p1a: Klawf\n|-status|p1a: Klawf|par\n|-enditem|p1a: Klawf|Lum Berry|[eat]\n|-curestatus|p1a: Klawf|par|[msg]\n|\n|upkeep\n|turn|6\n|\n|t:|1781409044\n|move|p1a: Klawf|Stone Edge|p2a: Chansey\n|-damage|p2a: Chansey|0 fnt\n|faint|p2a: Chansey\n|\n|upkeep\n|\n|t:|1781409047\n|switch|p2a: Kyogre|Kyogre, L71|259/259\n|-weather|RainDance|[from] ability: Drizzle|[of] p2a: Kyogre\n|turn|7\n|\n|t:|1781409053\n|move|p2a: Kyogre|Water Spout|p1a: Klawf\n|-supereffective|p1a: Klawf\n|-damage|p1a: Klawf|0 fnt\n|faint|p1a: Klawf\n|\n|-weather|RainDance|[upkeep]\n|upkeep\n|\n|t:|1781409057\n|switch|p1a: Arceus|Arceus-Dragon, L71|288/288\n|turn|8\n|\n|t:|1781409063\n|switch|p2a: Jumpluff|Jumpluff, L87, M|271/271\n|move|p1a: Arceus|Flare Blitz|p2a: Jumpluff\n|-supereffective|p2a: Jumpluff\n|-damage|p2a: Jumpluff|187/271\n|-damage|p1a: Arceus|260/288|[from] Recoil\n|\n|-weather|RainDance|[upkeep]\n|upkeep\n|turn|9\n|\n|t:|1781409071\n|switch|p1a: Espeon|Espeon, L84, F|97/246\n|move|p2a: Jumpluff|Acrobatics|p1a: Espeon\n|-damage|p1a: Espeon|0 fnt\n|faint|p1a: Espeon\n|\n|-weather|RainDance|[upkeep]\n|upkeep\n|\n|t:|1781409075\n|switch|p1a: Iron Jugulis|Iron Jugulis, L77|271/271\n|turn|10\n|\n|t:|1781409078\n|move|p2a: Jumpluff|Substitute|p2a: Jumpluff\n|-start|p2a: Jumpluff|Substitute\n|-damage|p2a: Jumpluff|120/271\n|move|p1a: Iron Jugulis|Hurricane|p2a: Jumpluff\n|-supereffective|p2a: Jumpluff\n|-end|p2a: Jumpluff|Substitute\n|\n|-weather|RainDance|[upkeep]\n|upkeep\n|turn|11\n|\n|t:|1781409084\n|move|p2a: Jumpluff|Leech Seed|p1a: Iron Jugulis\n|-start|p1a: Iron Jugulis|move: Leech Seed\n|move|p1a: Iron Jugulis|Hurricane|p2a: Jumpluff\n|-supereffective|p2a: Jumpluff\n|-damage|p2a: Jumpluff|0 fnt\n|faint|p2a: Jumpluff\n|\n|-weather|none\n|upkeep\n|\n|t:|1781409096\n|switch|p2a: Kyogre|Kyogre, L71|259/259\n|-weather|RainDance|[from] ability: Drizzle|[of] p2a: Kyogre\n|turn|12\n|\n|t:|1781409103\n|-terastallize|p2a: Kyogre|Water\n|move|p2a: Kyogre|Water Spout|p1a: Iron Jugulis\n|-damage|p1a: Iron Jugulis|0 fnt\n|faint|p1a: Iron Jugulis\n|-end|p1a: Iron Jugulis|Quark Drive|[silent]\n|\n|-weather|RainDance|[upkeep]\n|upkeep\n|\n|t:|1781409106\n|switch|p1a: Electrode|Electrode-Hisui, L87|246/246\n|turn|13\n|\n|t:|1781409108\n|switch|p2a: Leavanny|Leavanny, L86, F|269/269\n|move|p1a: Electrode|Thunderbolt|p2a: Leavanny\n|-resisted|p2a: Leavanny\n|-damage|p2a: Leavanny|219/269\n|\n|-weather|RainDance|[upkeep]\n|upkeep\n|turn|14\n|\n|t:|1781409118\n|switch|p1a: Arceus|Arceus-Dragon, L71|260/288\n|move|p2a: Leavanny|Lunge|p1a: Arceus\n|-damage|p1a: Arceus|181/288\n|-unboost|p1a: Arceus|atk|1\n|\n|-weather|RainDance|[upkeep]\n|upkeep\n|turn|15\n|\n|t:|1781409128\n|-terastallize|p1a: Arceus|Steel\n|move|p1a: Arceus|Dragon Dance|p1a: Arceus\n|-boost|p1a: Arceus|atk|1\n|-boost|p1a: Arceus|spe|1\n|move|p2a: Leavanny|Lunge|p1a: Arceus\n|-resisted|p1a: Arceus\n|-damage|p1a: Arceus|139/288\n|-unboost|p1a: Arceus|atk|1\n|\n|-weather|RainDance|[upkeep]\n|upkeep\n|turn|16\n|\n|t:|1781409139\n|move|p1a: Arceus|Dragon Dance|p1a: Arceus\n|-boost|p1a: Arceus|atk|1\n|-boost|p1a: Arceus|spe|1\n|move|p2a: Leavanny|Lunge|p1a: Arceus\n|-resisted|p1a: Arceus\n|-damage|p1a: Arceus|98/288\n|-unboost|p1a: Arceus|atk|1\n|\n|-weather|none\n|upkeep\n|turn|17\n|\n|t:|1781409144\n|move|p1a: Arceus|Flare Blitz|p2a: Leavanny\n|-supereffective|p2a: Leavanny\n|-damage|p2a: Leavanny|7/269\n|-damage|p1a: Arceus|28/288|[from] Recoil\n|move|p2a: Leavanny|Lunge|p1a: Arceus\n|-resisted|p1a: Arceus\n|-damage|p1a: Arceus|0 fnt\n|faint|p1a: Arceus\n|\n|upkeep\n|\n|t:|1781409146\n|switch|p1a: Electrode|Electrode-Hisui, L87|246/246\n|turn|18\n|\n|t:|1781409158\n|move|p1a: Electrode|Thunderbolt|p2a: Leavanny\n|-resisted|p2a: Leavanny\n|-damage|p2a: Leavanny|0 fnt\n|faint|p2a: Leavanny\n|\n|upkeep\n|\n|t:|1781409160\n|switch|p2a: Kyogre|Kyogre, L71, tera:Water|259/259\n|-weather|RainDance|[from] ability: Drizzle|[of] p2a: Kyogre\n|turn|19\n|\n|t:|1781409170\n|move|p1a: Electrode|Leech Seed|p2a: Kyogre\n|-start|p2a: Kyogre|move: Leech Seed\n|move|p2a: Kyogre|Ice Beam|p1a: Electrode\n|-supereffective|p1a: Electrode\n|-damage|p1a: Electrode|106/246\n|\n|-weather|RainDance|[upkeep]\n|-heal|p1a: Electrode|121/246|[from] item: Leftovers\n|-damage|p2a: Kyogre|227/259|[from] Leech Seed|[of] p1a: Electrode\n|-heal|p1a: Electrode|153/246|[silent]\n|upkeep\n|turn|20\n|\n|t:|1781409174\n|move|p1a: Electrode|Giga Drain|p2a: Kyogre\n|-supereffective|p2a: Kyogre\n|-damage|p2a: Kyogre|117/259\n|-heal|p1a: Electrode|208/246|[from] drain|[of] p2a: Kyogre\n|move|p2a: Kyogre|Ice Beam|p1a: Electrode\n|-supereffective|p1a: Electrode\n|-damage|p1a: Electrode|72/246\n|\n|-weather|RainDance|[upkeep]\n|-heal|p1a: Electrode|87/246|[from] item: Leftovers\n|-damage|p2a: Kyogre|85/259|[from] Leech Seed|[of] p1a: Electrode\n|-heal|p1a: Electrode|119/246|[silent]\n|upkeep\n|turn|21\n|\n|t:|1781409178\n|move|p1a: Electrode|Giga Drain|p2a: Kyogre\n|-supereffective|p2a: Kyogre\n|-damage|p2a: Kyogre|0 fnt\n|-heal|p1a: Electrode|162/246|[from] drain|[of] p2a: Kyogre\n|faint|p2a: Kyogre\n|\n|-weather|RainDance|[upkeep]\n|-heal|p1a: Electrode|177/246|[from] item: Leftovers\n|upkeep\n|\n|t:|1781409180\n|switch|p2a: Deoxys|Deoxys-Attack, L72|191/191\n|-ability|p2a: Deoxys|Pressure\n|turn|22\n|\n|t:|1781409185\n|move|p2a: Deoxys|Extreme Speed|p1a: Electrode\n|-crit|p1a: Electrode\n|-damage|p1a: Electrode|12/246\n|-damage|p2a: Deoxys|172/191|[from] item: Life Orb\n|move|p1a: Electrode|Thunderbolt|p2a: Deoxys\n|-damage|p2a: Deoxys|0 fnt\n|faint|p2a: Deoxys\n|\n|win|SyxthSence\n", "uploadtime": 1781408967, "views": 3, "formatid": "gen9randombattle", "rating": null, "private": 0, "password": null}