{"id": "gen9randombattle-2631615380", "format": "[Gen 9] Random Battle", "players": ["Ara Ara Armin", "euphoricpoptarts"], "log": "|j|\u2606Ara Ara Armin\n|j|\u2606euphoricpoptarts\n|t:|1781409242\n|gametype|singles\n|player|p1|Ara Ara Armin|102|1980\n|player|p2|euphoricpoptarts|unknown|2144\n|gen|9\n|tier|[Gen 9] Random Battle\n|rated|\n|rule|Species Clause: Limit one of each Pok\u00e9mon\n|rule|HP Percentage Mod: HP is shown in percentages\n|rule|Sleep Clause Mod: Limit one foe put to sleep\n|rule|Illusion Level Mod: Illusion disguises the Pok\u00e9mon's true level\n|\n|t:|1781409242\n|teamsize|p1|6\n|teamsize|p2|6\n|start\n|switch|p1a: Okidogi|Okidogi, L77, M|262/262\n|switch|p2a: Regirock|Regirock, L83|268/268\n|turn|1\n|inactive|Battle timer is ON: inactive players will automatically lose when time's up. (requested by euphoricpoptarts)\n|\n|t:|1781409248\n|move|p1a: Okidogi|Knock Off|p2a: Regirock\n|-damage|p2a: Regirock|233/268\n|-enditem|p2a: Regirock|Leftovers|[from] move: Knock Off|[of] p1a: Okidogi\n|move|p2a: Regirock|Thunder Wave|p1a: Okidogi\n|-status|p1a: Okidogi|par\n|\n|upkeep\n|turn|2\n|\n|t:|1781409256\n|move|p2a: Regirock|Iron Defense|p2a: Regirock\n|-boost|p2a: Regirock|def|2\n|move|p1a: Okidogi|Bulk Up|p1a: Okidogi\n|-boost|p1a: Okidogi|atk|1\n|-boost|p1a: Okidogi|def|1\n|\n|upkeep\n|turn|3\n|\n|t:|1781409262\n|switch|p2a: Hypno|Hypno, L95, M|315/315\n|move|p1a: Okidogi|Bulk Up|p1a: Okidogi\n|-boost|p1a: Okidogi|atk|1\n|-boost|p1a: Okidogi|def|1\n|\n|upkeep\n|turn|4\n|\n|t:|1781409279\n|switch|p1a: Hatterene|Hatterene, L85, F|236/236\n|move|p2a: Hypno|Encore|p1a: Hatterene\n|move|p1a: Hatterene|Encore||[from] ability: Magic Bounce|[still]\n|-fail|p1a: Hatterene\n|\n|upkeep\n|turn|5\n|\n|t:|1781409285\n|move|p2a: Hypno|Knock Off|p1a: Hatterene\n|-damage|p1a: Hatterene|174/236\n|-enditem|p1a: Hatterene|Assault Vest|[from] move: Knock Off|[of] p2a: Hypno\n|move|p1a: Hatterene|Nuzzle|p2a: Hypno\n|-damage|p2a: Hypno|299/315\n|-status|p2a: Hypno|par\n|\n|-heal|p2a: Hypno|315/315 par|[from] item: Leftovers\n|upkeep\n|turn|6\n|\n|t:|1781409299\n|move|p1a: Hatterene|Draining Kiss|p2a: Hypno\n|-damage|p2a: Hypno|261/315 par\n|-heal|p1a: Hatterene|215/236|[from] drain|[of] p2a: Hypno\n|move|p2a: Hypno|Psychic Noise|p1a: Hatterene\n|-resisted|p1a: Hatterene\n|-damage|p1a: Hatterene|176/236\n|-start|p1a: Hatterene|move: Heal Block\n|\n|-heal|p2a: Hypno|280/315 par|[from] item: Leftovers\n|upkeep\n|turn|7\n|\n|t:|1781409311\n|move|p1a: Hatterene|Mystical Fire|p2a: Hypno\n|-damage|p2a: Hypno|227/315 par\n|-unboost|p2a: Hypno|spa|1\n|move|p2a: Hypno|Encore|p1a: Hatterene\n|move|p1a: Hatterene|Encore||[from] ability: Magic Bounce|[still]\n|-fail|p1a: Hatterene\n|\n|-heal|p2a: Hypno|246/315 par|[from] item: Leftovers\n|-end|p1a: Hatterene|move: Heal Block\n|upkeep\n|turn|8\n|\n|t:|1781409329\n|move|p1a: Hatterene|Draining Kiss|p2a: Hypno\n|-damage|p2a: Hypno|194/315 par\n|-heal|p1a: Hatterene|215/236|[from] drain|[of] p2a: Hypno\n|move|p2a: Hypno|Psychic Noise|p1a: Hatterene\n|-resisted|p1a: Hatterene\n|-damage|p1a: Hatterene|193/236\n|-start|p1a: Hatterene|move: Heal Block\n|\n|-heal|p2a: Hypno|213/315 par|[from] item: Leftovers\n|upkeep\n|turn|9\n|\n|t:|1781409336\n|switch|p2a: Dewgong|Dewgong, L94, M|322/322\n|move|p1a: Hatterene|Mystical Fire|p2a: Dewgong\n|-damage|p2a: Dewgong|293/322\n|-unboost|p2a: Dewgong|spa|1\n|\n|-end|p1a: Hatterene|move: Heal Block\n|upkeep\n|turn|10\n|\n|t:|1781409342\n|move|p2a: Dewgong|Triple Axel|p1a: Hatterene\n|-damage|p1a: Hatterene|175/236\n|-damage|p1a: Hatterene|133/236\n|-damage|p1a: Hatterene|79/236\n|-hitcount|p1a: Hatterene|3\n|move|p1a: Hatterene|Nuzzle|p2a: Dewgong\n|-supereffective|p2a: Dewgong\n|-damage|p2a: Dewgong|265/322\n|-status|p2a: Dewgong|par\n|\n|upkeep\n|turn|11\n|\n|t:|1781409349\n|move|p1a: Hatterene|Draining Kiss|p2a: Dewgong\n|-damage|p2a: Dewgong|208/322 par\n|-heal|p1a: Hatterene|122/236|[from] drain|[of] p2a: Dewgong\n|move|p2a: Dewgong|Triple Axel|p1a: Hatterene\n|-damage|p1a: Hatterene|103/236\n|-damage|p1a: Hatterene|64/236\n|-damage|p1a: Hatterene|9/236\n|-hitcount|p1a: Hatterene|3\n|\n|upkeep\n|turn|12\n|\n|t:|1781409353\n|move|p1a: Hatterene|Psychic|p2a: Dewgong\n|-damage|p2a: Dewgong|93/322 par\n|move|p2a: Dewgong|Triple Axel|p1a: Hatterene\n|-damage|p1a: Hatterene|0 fnt\n|faint|p1a: Hatterene\n|-hitcount|p1: Hatterene|1\n|\n|upkeep\n|\n|t:|1781409364\n|switch|p1a: Quaquaval|Quaquaval, L79, F|264/264\n|turn|13\n|\n|t:|1781409373\n|switch|p2a: Pecharunt|Pecharunt, L77|262/262\n|move|p1a: Quaquaval|Encore||[still]\n|-fail|p1a: Quaquaval\n|\n|upkeep\n|turn|14\n|\n|t:|1781409386\n|switch|p1a: Okidogi|Okidogi, L77, M|262/262 par\n|move|p2a: Pecharunt|Nasty Plot|p2a: Pecharunt\n|-boost|p2a: Pecharunt|spa|2\n|\n|upkeep\n|turn|15\n|\n|t:|1781409390\n|move|p2a: Pecharunt|Shadow Ball|p1a: Okidogi\n|-damage|p1a: Okidogi|112/262 par\n|move|p1a: Okidogi|Knock Off|p2a: Pecharunt\n|-supereffective|p2a: Pecharunt\n|-crit|p2a: Pecharunt\n|-damage|p2a: Pecharunt|112/262\n|-enditem|p2a: Pecharunt|Leftovers|[from] move: Knock Off|[of] p1a: Okidogi\n|\n|-heal|p1a: Okidogi|128/262 par|[from] item: Leftovers\n|upkeep\n|turn|16\n|\n|t:|1781409394\n|move|p2a: Pecharunt|Recover|p2a: Pecharunt\n|-heal|p2a: Pecharunt|243/262\n|move|p1a: Okidogi|Knock Off|p2a: Pecharunt\n|-supereffective|p2a: Pecharunt\n|-damage|p2a: Pecharunt|179/262\n|\n|-heal|p1a: Okidogi|144/262 par|[from] item: Leftovers\n|upkeep\n|turn|17\n|\n|t:|1781409401\n|move|p2a: Pecharunt|Shadow Ball|p1a: Okidogi\n|-damage|p1a: Okidogi|0 fnt\n|faint|p1a: Okidogi\n|\n|upkeep\n|\n|t:|1781409424\n|switch|p1a: Altaria|Altaria, L89, F|278/278\n|turn|18\n|\n|t:|1781409427\n|move|p1a: Altaria|Earthquake|p2a: Pecharunt\n|-supereffective|p2a: Pecharunt\n|-damage|p2a: Pecharunt|93/262\n|move|p2a: Pecharunt|Malignant Chain|p1a: Altaria\n|-damage|p1a: Altaria|133/278\n|\n|upkeep\n|turn|19\n|\n|t:|1781409435\n|move|p1a: Altaria|Earthquake|p2a: Pecharunt\n|-supereffective|p2a: Pecharunt\n|-damage|p2a: Pecharunt|15/262\n|move|p2a: Pecharunt|Recover|p2a: Pecharunt\n|-heal|p2a: Pecharunt|146/262\n|\n|upkeep\n|turn|20\n|\n|t:|1781409440\n|move|p1a: Altaria|Earthquake|p2a: Pecharunt\n|-supereffective|p2a: Pecharunt\n|-damage|p2a: Pecharunt|64/262\n|move|p2a: Pecharunt|Malignant Chain|p1a: Altaria\n|-damage|p1a: Altaria|1/278\n|\n|upkeep\n|turn|21\n|\n|t:|1781409448\n|-terastallize|p2a: Pecharunt|Dark\n|move|p1a: Altaria|Earthquake|p2a: Pecharunt\n|-damage|p2a: Pecharunt|23/262\n|move|p2a: Pecharunt|Recover|p2a: Pecharunt\n|-heal|p2a: Pecharunt|154/262\n|\n|upkeep\n|turn|22\n|\n|t:|1781409453\n|move|p1a: Altaria|Earthquake|p2a: Pecharunt\n|-damage|p2a: Pecharunt|110/262\n|move|p2a: Pecharunt|Recover|p2a: Pecharunt\n|-heal|p2a: Pecharunt|241/262\n|\n|upkeep\n|turn|23\n|\n|t:|1781409462\n|move|p1a: Altaria|Brave Bird|p2a: Pecharunt\n|-damage|p2a: Pecharunt|159/262\n|-damage|p1a: Altaria|0 fnt|[from] Recoil\n|faint|p1a: Altaria\n|move|p2a: Pecharunt|Malignant Chain|p1: Altaria|[notarget]\n|-fail|p2a: Pecharunt\n|\n|upkeep\n|\n|t:|1781409474\n|switch|p1a: Quaquaval|Quaquaval, L79, F|264/264\n|turn|24\n|\n|t:|1781409480\n|move|p2a: Pecharunt|Malignant Chain|p1a: Quaquaval\n|-damage|p1a: Quaquaval|56/264\n|move|p1a: Quaquaval|Close Combat|p2a: Pecharunt\n|-supereffective|p2a: Pecharunt\n|-damage|p2a: Pecharunt|0 fnt\n|-unboost|p1a: Quaquaval|def|1\n|-unboost|p1a: Quaquaval|spd|1\n|faint|p2a: Pecharunt\n|-ability|p1a: Quaquaval|Moxie|boost\n|-boost|p1a: Quaquaval|atk|1\n|-damage|p1a: Quaquaval|30/264|[from] item: Life Orb\n|\n|upkeep\n|\n|t:|1781409494\n|switch|p2a: Iron Hands|Iron Hands, L79|373/373\n|turn|25\n|\n|t:|1781409503\n|move|p1a: Quaquaval|Close Combat|p2a: Iron Hands\n|-damage|p2a: Iron Hands|130/373\n|-unboost|p1a: Quaquaval|def|1\n|-unboost|p1a: Quaquaval|spd|1\n|-damage|p1a: Quaquaval|4/264|[from] item: Life Orb\n|move|p2a: Iron Hands|Drain Punch|p1a: Quaquaval\n|-damage|p1a: Quaquaval|0 fnt\n|-heal|p2a: Iron Hands|132/373|[from] drain|[of] p1a: Quaquaval\n|faint|p1a: Quaquaval\n|\n|-heal|p2a: Iron Hands|155/373|[from] item: Leftovers\n|upkeep\n|\n|t:|1781409526\n|switch|p1a: Sceptile|Sceptile, L87, M|264/264\n|turn|26\n|inactive|Ara Ara Armin has 120 seconds left.\n|\n|t:|1781409547\n|move|p1a: Sceptile|Swords Dance|p1a: Sceptile\n|-boost|p1a: Sceptile|atk|2\n|move|p2a: Iron Hands|Drain Punch|p1a: Sceptile\n|-damage|p1a: Sceptile|150/264\n|-heal|p2a: Iron Hands|212/373|[from] drain|[of] p1a: Sceptile\n|\n|-heal|p2a: Iron Hands|235/373|[from] item: Leftovers\n|upkeep\n|turn|27\n|\n|t:|1781409570\n|move|p1a: Sceptile|Earthquake|p2a: Iron Hands\n|-supereffective|p2a: Iron Hands\n|-damage|p2a: Iron Hands|0 fnt\n|faint|p2a: Iron Hands\n|-end|p2a: Iron Hands|Quark Drive|[silent]\n|-damage|p1a: Sceptile|124/264|[from] item: Life Orb\n|\n|upkeep\n|\n|t:|1781409574\n|switch|p2a: Torterra|Torterra, L78, F|276/276\n|turn|28\n|\n|t:|1781409586\n|move|p1a: Sceptile|Leaf Blade|p2a: Torterra\n|-damage|p2a: Torterra|62/276\n|-damage|p1a: Sceptile|98/264|[from] item: Life Orb\n|move|p2a: Torterra|Shell Smash|p2a: Torterra\n|-unboost|p2a: Torterra|def|1\n|-unboost|p2a: Torterra|spd|1\n|-boost|p2a: Torterra|atk|2\n|-boost|p2a: Torterra|spa|2\n|-boost|p2a: Torterra|spe|2\n|\n|upkeep\n|turn|29\n|\n|t:|1781409594\n|move|p2a: Torterra|Bullet Seed|p1a: Sceptile\n|-resisted|p1a: Sceptile\n|-damage|p1a: Sceptile|54/264\n|-resisted|p1a: Sceptile\n|-damage|p1a: Sceptile|10/264\n|-resisted|p1a: Sceptile\n|-damage|p1a: Sceptile|0 fnt\n|faint|p1a: Sceptile\n|-hitcount|p1: Sceptile|3\n|\n|upkeep\n|\n|t:|1781409596\n|switch|p1a: Bastiodon|Bastiodon, L89, M|252/252\n|turn|30\n|\n|t:|1781409611\n|-terastallize|p1a: Bastiodon|Fighting\n|move|p2a: Torterra|Bullet Seed|p1a: Bastiodon\n|-damage|p1a: Bastiodon|206/252\n|-damage|p1a: Bastiodon|161/252\n|-damage|p1a: Bastiodon|118/252\n|-damage|p1a: Bastiodon|76/252\n|-hitcount|p1a: Bastiodon|4\n|move|p1a: Bastiodon|Body Press|p2a: Torterra\n|-damage|p2a: Torterra|0 fnt\n|faint|p2a: Torterra\n|\n|upkeep\n|inactive|euphoricpoptarts has 120 seconds left.\n|inactive|euphoricpoptarts has 90 seconds left.\n|\n|t:|1781409689\n|switch|p2a: Hypno|Hypno, L95, M|213/315 par\n|turn|31\n|\n|t:|1781409709\n|move|p1a: Bastiodon|Iron Defense|p1a: Bastiodon\n|-boost|p1a: Bastiodon|def|2\n|move|p2a: Hypno|Encore|p1a: Bastiodon\n|-start|p1a: Bastiodon|Encore\n|\n|-heal|p2a: Hypno|232/315 par|[from] item: Leftovers\n|upkeep\n|turn|32\n|\n|t:|1781409714\n|move|p1a: Bastiodon|Iron Defense|p1a: Bastiodon\n|-boost|p1a: Bastiodon|def|2\n|cant|p2a: Hypno|par\n|\n|-heal|p2a: Hypno|251/315 par|[from] item: Leftovers\n|upkeep\n|turn|33\n|\n|t:|1781409718\n|move|p1a: Bastiodon|Iron Defense|p1a: Bastiodon\n|-boost|p1a: Bastiodon|def|2\n|move|p2a: Hypno|Toxic|p1a: Bastiodon|[miss]\n|-miss|p2a: Hypno|p1a: Bastiodon\n|\n|-heal|p2a: Hypno|270/315 par|[from] item: Leftovers\n|upkeep\n|turn|34\n|\n|t:|1781409722\n|move|p1a: Bastiodon|Iron Defense|p1a: Bastiodon\n|-boost|p1a: Bastiodon|def|0\n|cant|p2a: Hypno|par\n|\n|-heal|p2a: Hypno|289/315 par|[from] item: Leftovers\n|-end|p1a: Bastiodon|Encore\n|upkeep\n|turn|35\n|\n|t:|1781409728\n|move|p1a: Bastiodon|Rest|p1a: Bastiodon\n|-status|p1a: Bastiodon|slp|[from] move: Rest\n|-heal|p1a: Bastiodon|252/252 slp|[silent]\n|-enditem|p1a: Bastiodon|Chesto Berry|[eat]\n|-curestatus|p1a: Bastiodon|slp|[msg]\n|move|p2a: Hypno|Encore|p1a: Bastiodon\n|-start|p1a: Bastiodon|Encore\n|\n|-heal|p2a: Hypno|308/315 par|[from] item: Leftovers\n|upkeep\n|turn|36\n|\n|t:|1781409733\n|move|p1a: Bastiodon|Rest|p1a: Bastiodon\n|-fail|p1a: Bastiodon|heal\n|move|p2a: Hypno|Toxic|p1a: Bastiodon\n|-status|p1a: Bastiodon|tox\n|\n|-heal|p2a: Hypno|315/315 par|[from] item: Leftovers\n|-damage|p1a: Bastiodon|237/252 tox|[from] psn\n|upkeep\n|turn|37\n|\n|t:|1781409749\n|move|p1a: Bastiodon|Rest|p1a: Bastiodon\n|-status|p1a: Bastiodon|slp|[from] move: Rest\n|-heal|p1a: Bastiodon|252/252 slp|[silent]\n|move|p2a: Hypno|Knock Off|p1a: Bastiodon\n|-resisted|p1a: Bastiodon\n|-damage|p1a: Bastiodon|248/252 slp\n|\n|upkeep\n|turn|38\n|-message|euphoricpoptarts forfeited.\n|\n|win|Ara Ara Armin\n", "uploadtime": 1781409243, "views": 3, "formatid": "gen9randombattle", "rating": null, "private": 0, "password": null}