{"id": "gen9randombattle-2631758687", "format": "[Gen 9] Random Battle", "players": ["AmroE13", "TheBotanist73"], "log": "|j|\u2606AmroE13\n|j|\u2606TheBotanist73\n|t:|1781435010\n|gametype|singles\n|player|p1|AmroE13|1|1966\n|player|p2|TheBotanist73|scientist-gen7|1988\n|gen|9\n|tier|[Gen 9] Random Battle\n|rated|\n|rule|Species Clause: Limit one of each Pok\u00e9mon\n|rule|HP Percentage Mod: HP is shown in percentages\n|rule|Sleep Clause Mod: Limit one foe put to sleep\n|rule|Illusion Level Mod: Illusion disguises the Pok\u00e9mon's true level\n|\n|t:|1781435010\n|teamsize|p1|6\n|teamsize|p2|6\n|start\n|switch|p1a: Kingambit|Kingambit, L74, M|270/270\n|switch|p2a: Phione|Phione, L91|293/293\n|turn|1\n|inactive|Battle timer is ON: inactive players will automatically lose when time's up. (requested by AmroE13)\n|\n|t:|1781435030\n|move|p2a: Phione|Scald|p1a: Kingambit\n|-damage|p1a: Kingambit|168/270\n|-status|p1a: Kingambit|brn\n|move|p1a: Kingambit|Swords Dance|p1a: Kingambit\n|-boost|p1a: Kingambit|atk|2\n|\n|-heal|p1a: Kingambit|184/270 brn|[from] item: Leftovers\n|-damage|p1a: Kingambit|168/270 brn|[from] brn\n|upkeep\n|turn|2\n|\n|t:|1781435041\n|move|p2a: Phione|Take Heart|p2a: Phione\n|-boost|p2a: Phione|spa|1\n|-boost|p2a: Phione|spd|1\n|move|p1a: Kingambit|Kowtow Cleave|p2a: Phione\n|-damage|p2a: Phione|196/293\n|\n|-heal|p2a: Phione|214/293|[from] item: Leftovers\n|-heal|p1a: Kingambit|184/270 brn|[from] item: Leftovers\n|-damage|p1a: Kingambit|168/270 brn|[from] brn\n|upkeep\n|turn|3\n|\n|t:|1781435050\n|move|p2a: Phione|Scald|p1a: Kingambit\n|-damage|p1a: Kingambit|32/270 brn\n|move|p1a: Kingambit|Kowtow Cleave|p2a: Phione\n|-damage|p2a: Phione|130/293\n|\n|-heal|p2a: Phione|148/293|[from] item: Leftovers\n|-heal|p1a: Kingambit|48/270 brn|[from] item: Leftovers\n|-damage|p1a: Kingambit|32/270 brn|[from] brn\n|upkeep\n|turn|4\n|j| fyas\n|\n|t:|1781435060\n|move|p2a: Phione|Rest|p2a: Phione\n|-status|p2a: Phione|slp|[from] move: Rest\n|-heal|p2a: Phione|293/293 slp|[silent]\n|move|p1a: Kingambit|Kowtow Cleave|p2a: Phione\n|-damage|p2a: Phione|205/293 slp\n|\n|-heal|p2a: Phione|223/293 slp|[from] item: Leftovers\n|-heal|p1a: Kingambit|48/270 brn|[from] item: Leftovers\n|-damage|p1a: Kingambit|32/270 brn|[from] brn\n|upkeep\n|turn|5\n|\n|t:|1781435065\n|-end|p1a: Kingambit|fallenundefined|[silent]\n|switch|p1a: Maushold|Maushold-Four, L76|238/238\n|cant|p2a: Phione|slp\n|move|p2a: Phione|Sleep Talk|p2a: Phione\n|move|p2a: Phione|Take Heart|p2a: Phione|[from] move: Sleep Talk\n|-boost|p2a: Phione|spa|1\n|-boost|p2a: Phione|spd|1\n|-curestatus|p2a: Phione|slp|[msg]\n|\n|-heal|p2a: Phione|241/293|[from] item: Leftovers\n|upkeep\n|turn|6\n|\n|t:|1781435071\n|move|p1a: Maushold|Population Bomb|p2a: Phione\n|-damage|p2a: Phione|217/293\n|-damage|p2a: Phione|195/293\n|-damage|p2a: Phione|173/293\n|-damage|p2a: Phione|151/293\n|-damage|p2a: Phione|130/293\n|-damage|p2a: Phione|109/293\n|-damage|p2a: Phione|88/293\n|-damage|p2a: Phione|66/293\n|-damage|p2a: Phione|44/293\n|-damage|p2a: Phione|22/293\n|-hitcount|p2a: Phione|10\n|move|p2a: Phione|Scald|p1a: Maushold\n|-damage|p1a: Maushold|39/238\n|\n|-heal|p2a: Phione|40/293|[from] item: Leftovers\n|upkeep\n|turn|7\n|\n|t:|1781435088\n|move|p1a: Maushold|Bite|p2a: Phione\n|-damage|p2a: Phione|0 fnt\n|faint|p2a: Phione\n|\n|upkeep\n|\n|t:|1781435105\n|switch|p2a: Iron Hands|Iron Hands, L79|373/373\n|turn|8\n|\n|t:|1781435116\n|switch|p1a: Kingambit|Kingambit, L74, M|32/270 brn\n|move|p2a: Iron Hands|Thunder Punch|p1a: Kingambit\n|-damage|p1a: Kingambit|0 fnt\n|faint|p1a: Kingambit\n|-end|p1a: Kingambit|fallenundefined|[silent]\n|\n|upkeep\n|\n|t:|1781435118\n|switch|p1a: Farigiraf|Farigiraf, L90, F|362/362\n|turn|9\n|\n|t:|1781435128\n|-end|p2a: Iron Hands|Quark Drive|[silent]\n|switch|p2a: Vespiquen|Vespiquen, L99, F|299/299\n|-ability|p2a: Vespiquen|Pressure\n|move|p1a: Farigiraf|Psychic Noise|p2a: Vespiquen\n|-damage|p2a: Vespiquen|226/299\n|-start|p2a: Vespiquen|move: Heal Block\n|\n|upkeep\n|turn|10\n|\n|t:|1781435134\n|move|p1a: Farigiraf|Body Slam|p2a: Vespiquen\n|-damage|p2a: Vespiquen|150/299\n|move|p2a: Vespiquen|Toxic|p1a: Farigiraf\n|-status|p1a: Farigiraf|tox\n|\n|-damage|p1a: Farigiraf|340/362 tox|[from] psn\n|-end|p2a: Vespiquen|move: Heal Block\n|upkeep\n|turn|11\n|\n|t:|1781435142\n|move|p1a: Farigiraf|Psychic Noise|p2a: Vespiquen\n|-damage|p2a: Vespiquen|66/299\n|-start|p2a: Vespiquen|move: Heal Block\n|move|p2a: Vespiquen|Spikes|p1a: Farigiraf\n|-sidestart|p1: AmroE13|Spikes\n|\n|-heal|p1a: Farigiraf|362/362 tox|[from] item: Leftovers\n|-damage|p1a: Farigiraf|318/362 tox|[from] psn\n|upkeep\n|turn|12\n|\n|t:|1781435152\n|move|p1a: Farigiraf|Psychic Noise|p2a: Vespiquen\n|-damage|p2a: Vespiquen|0 fnt\n|faint|p2a: Vespiquen\n|\n|-heal|p1a: Farigiraf|340/362 tox|[from] item: Leftovers\n|-damage|p1a: Farigiraf|274/362 tox|[from] psn\n|upkeep\n|\n|t:|1781435163\n|switch|p2a: Rotom|Rotom-Fan, L86|226/226\n|turn|13\n|\n|t:|1781435171\n|move|p2a: Rotom|Thunderbolt|p1a: Farigiraf\n|-damage|p1a: Farigiraf|153/362 tox\n|move|p1a: Farigiraf|Psychic Noise|p2a: Rotom\n|-damage|p2a: Rotom|141/226\n|-start|p2a: Rotom|move: Heal Block\n|\n|-heal|p1a: Farigiraf|175/362 tox|[from] item: Leftovers\n|-damage|p1a: Farigiraf|87/362 tox|[from] psn\n|upkeep\n|turn|14\n|\n|t:|1781435178\n|switch|p1a: Arceus|Arceus-Electric, L70|284/284\n|-damage|p1a: Arceus|249/284|[from] Spikes\n|move|p2a: Rotom|Thunderbolt|p1a: Arceus\n|-resisted|p1a: Arceus\n|-crit|p1a: Arceus\n|-damage|p1a: Arceus|179/284\n|\n|-end|p2a: Rotom|move: Heal Block\n|upkeep\n|turn|15\n|\n|t:|1781435188\n|switch|p2a: Groudon|Groudon, L72|263/263\n|-weather|SunnyDay|[from] ability: Drought|[of] p2a: Groudon\n|move|p1a: Arceus|Calm Mind|p1a: Arceus\n|-boost|p1a: Arceus|spa|1\n|-boost|p1a: Arceus|spd|1\n|\n|-weather|SunnyDay|[upkeep]\n|upkeep\n|turn|16\n|\n|t:|1781435193\n|-terastallize|p1a: Arceus|Ice\n|move|p1a: Arceus|Ice Beam|p2a: Groudon\n|-supereffective|p2a: Groudon\n|-damage|p2a: Groudon|0 fnt\n|faint|p2a: Groudon\n|\n|-weather|SunnyDay|[upkeep]\n|upkeep\n|\n|t:|1781435198\n|switch|p2a: Iron Hands|Iron Hands, L79|373/373\n|turn|17\n|\n|t:|1781435203\n|switch|p1a: Farigiraf|Farigiraf, L90, F|87/362 tox\n|-damage|p1a: Farigiraf|42/362 tox|[from] Spikes\n|move|p2a: Iron Hands|Drain Punch|p1a: Farigiraf\n|-damage|p1a: Farigiraf|0 fnt\n|faint|p1a: Farigiraf\n|\n|-weather|SunnyDay|[upkeep]\n|upkeep\n|\n|t:|1781435209\n|switch|p1a: Enamorus|Enamorus, L79, F|247/247\n|turn|18\n|\n|t:|1781435213\n|-end|p2a: Iron Hands|Quark Drive|[silent]\n|switch|p2a: Rotom|Rotom-Fan, L86|141/226\n|move|p1a: Enamorus|Substitute|p1a: Enamorus\n|-start|p1a: Enamorus|Substitute\n|-damage|p1a: Enamorus|186/247\n|\n|-weather|SunnyDay|[upkeep]\n|-heal|p1a: Enamorus|201/247|[from] item: Leftovers\n|upkeep\n|turn|19\n|\n|t:|1781435218\n|move|p1a: Enamorus|Superpower|p2a: Rotom\n|-resisted|p2a: Rotom\n|-damage|p2a: Rotom|103/226\n|-boost|p1a: Enamorus|atk|1\n|-boost|p1a: Enamorus|def|1\n|move|p2a: Rotom|Air Slash|p1a: Enamorus\n|-end|p1a: Enamorus|Substitute\n|\n|-weather|none\n|-heal|p1a: Enamorus|216/247|[from] item: Leftovers\n|upkeep\n|turn|20\n|\n|t:|1781435226\n|move|p1a: Enamorus|Play Rough|p2a: Rotom\n|-damage|p2a: Rotom|0 fnt\n|faint|p2a: Rotom\n|\n|-heal|p1a: Enamorus|231/247|[from] item: Leftovers\n|upkeep\n|\n|t:|1781435229\n|switch|p2a: Ariados|Ariados, L95, F|287/287\n|turn|21\n|\n|t:|1781435240\n|switch|p1a: Arceus|Arceus-Electric, L70, tera:Ice|179/284\n|-damage|p1a: Arceus|144/284|[from] Spikes\n|move|p2a: Ariados|Poison Jab|p1a: Arceus\n|-damage|p1a: Arceus|48/284\n|\n|upkeep\n|turn|22\n|\n|t:|1781435246\n|move|p1a: Arceus|Recover|p1a: Arceus\n|-heal|p1a: Arceus|190/284\n|move|p2a: Ariados|Sticky Web|p1a: Arceus\n|-sidestart|p1: AmroE13|move: Sticky Web\n|\n|upkeep\n|turn|23\n|\n|t:|1781435256\n|move|p1a: Arceus|Judgment|p2a: Ariados\n|-damage|p2a: Ariados|172/287\n|move|p2a: Ariados|Megahorn|p1a: Arceus|[miss]\n|-miss|p2a: Ariados|p1a: Arceus\n|\n|upkeep\n|turn|24\n|\n|t:|1781435261\n|move|p1a: Arceus|Ice Beam|p2a: Ariados\n|-damage|p2a: Ariados|85/287\n|move|p2a: Ariados|Megahorn|p1a: Arceus|[miss]\n|-miss|p2a: Ariados|p1a: Arceus\n|\n|upkeep\n|turn|25\n|\n|t:|1781435267\n|move|p1a: Arceus|Judgment|p2a: Ariados\n|-damage|p2a: Ariados|0 fnt\n|faint|p2a: Ariados\n|\n|upkeep\n|\n|t:|1781435270\n|switch|p2a: Iron Hands|Iron Hands, L79|373/373\n|turn|26\n|\n|t:|1781435279\n|move|p1a: Arceus|Ice Beam|p2a: Iron Hands\n|-damage|p2a: Iron Hands|267/373\n|-status|p2a: Iron Hands|frz\n|-curestatus|p2a: Iron Hands|frz|[msg]\n|move|p2a: Iron Hands|Swords Dance|p2a: Iron Hands\n|-boost|p2a: Iron Hands|atk|2\n|\n|-heal|p2a: Iron Hands|290/373|[from] item: Leftovers\n|upkeep\n|turn|27\n|\n|t:|1781435289\n|move|p1a: Arceus|Ice Beam|p2a: Iron Hands\n|-damage|p2a: Iron Hands|191/373\n|move|p2a: Iron Hands|Drain Punch|p1a: Arceus\n|-supereffective|p1a: Arceus\n|-damage|p1a: Arceus|0 fnt\n|-heal|p2a: Iron Hands|286/373|[from] drain|[of] p1a: Arceus\n|faint|p1a: Arceus\n|\n|-heal|p2a: Iron Hands|309/373|[from] item: Leftovers\n|upkeep\n|\n|t:|1781435295\n|switch|p1a: Maushold|Maushold-Four, L76|39/238\n|-damage|p1a: Maushold|10/238|[from] Spikes\n|-activate|p1a: Maushold|move: Sticky Web\n|-unboost|p1a: Maushold|spe|1\n|turn|28\n|\n|t:|1781435302\n|move|p1a: Maushold|Population Bomb|p2a: Iron Hands\n|-damage|p2a: Iron Hands|288/373\n|-damage|p2a: Iron Hands|267/373\n|-crit|p2a: Iron Hands\n|-damage|p2a: Iron Hands|231/373\n|-damage|p2a: Iron Hands|209/373\n|-damage|p2a: Iron Hands|187/373\n|-damage|p2a: Iron Hands|168/373\n|-damage|p2a: Iron Hands|149/373\n|-damage|p2a: Iron Hands|130/373\n|-damage|p2a: Iron Hands|109/373\n|-damage|p2a: Iron Hands|87/373\n|-hitcount|p2a: Iron Hands|10\n|move|p2a: Iron Hands|Drain Punch|p1a: Maushold\n|-supereffective|p1a: Maushold\n|-damage|p1a: Maushold|0 fnt\n|-heal|p2a: Iron Hands|92/373|[from] drain|[of] p1a: Maushold\n|faint|p1a: Maushold\n|\n|-heal|p2a: Iron Hands|115/373|[from] item: Leftovers\n|upkeep\n|\n|t:|1781435329\n|switch|p1a: Glalie|Glalie, L96, M|309/309\n|turn|29\n|\n|t:|1781435335\n|-terastallize|p2a: Iron Hands|Fighting\n|move|p1a: Glalie|Earthquake|p2a: Iron Hands\n|-damage|p2a: Iron Hands|48/373\n|move|p2a: Iron Hands|Drain Punch|p1a: Glalie\n|-supereffective|p1a: Glalie\n|-damage|p1a: Glalie|0 fnt\n|-heal|p2a: Iron Hands|203/373|[from] drain|[of] p1a: Glalie\n|faint|p1a: Glalie\n|\n|-heal|p2a: Iron Hands|226/373|[from] item: Leftovers\n|upkeep\n|\n|t:|1781435338\n|switch|p1a: Enamorus|Enamorus, L79, F|231/247\n|turn|30\n|\n|t:|1781435347\n|move|p1a: Enamorus|Play Rough|p2a: Iron Hands\n|-supereffective|p2a: Iron Hands\n|-damage|p2a: Iron Hands|62/373\n|move|p2a: Iron Hands|Ice Punch|p1a: Enamorus\n|-supereffective|p1a: Enamorus\n|-damage|p1a: Enamorus|0 fnt\n|faint|p1a: Enamorus\n|\n|win|TheBotanist73\n", "uploadtime": 1781435011, "views": 3, "formatid": "gen9randombattle", "rating": null, "private": 0, "password": null}