{"id": "gen9randombattle-2631502688", "format": "[Gen 9] Random Battle", "players": ["whatisnexthuh", "JuvenileLeopard"], "log": "|j|\u2606whatisnexthuh\n|j|\u2606JuvenileLeopard\n|t:|1781393332\n|gametype|singles\n|player|p1|whatisnexthuh|aromalady|2171\n|player|p2|JuvenileLeopard|colress|2115\n|gen|9\n|tier|[Gen 9] Random Battle\n|rated|\n|rule|Species Clause: Limit one of each Pok\u00e9mon\n|rule|HP Percentage Mod: HP is shown in percentages\n|rule|Sleep Clause Mod: Limit one foe put to sleep\n|rule|Illusion Level Mod: Illusion disguises the Pok\u00e9mon's true level\n|\n|t:|1781393332\n|teamsize|p1|6\n|teamsize|p2|6\n|start\n|switch|p1a: Virizion|Virizion, L82|283/283\n|switch|p2a: Ting-Lu|Ting-Lu, L78|370/370\n|-ability|p2a: Ting-Lu|Vessel of Ruin\n|turn|1\n|inactive|Battle timer is ON: inactive players will automatically lose when time's up. (requested by JuvenileLeopard)\n|\n|t:|1781393380\n|switch|p2a: Forretress|Forretress, L84, M|263/263\n|move|p1a: Virizion|Swords Dance|p1a: Virizion\n|-boost|p1a: Virizion|atk|2\n|\n|upkeep\n|turn|2\n|\n|t:|1781393387\n|move|p1a: Virizion|Close Combat|p2a: Forretress\n|-damage|p2a: Forretress|49/263\n|-unboost|p1a: Virizion|def|1\n|-unboost|p1a: Virizion|spd|1\n|-damage|p1a: Virizion|255/283|[from] item: Life Orb\n|move|p2a: Forretress|Volt Switch|p1a: Virizion\n|-resisted|p1a: Virizion\n|-damage|p1a: Virizion|234/283\n|\n|t:|1781393392\n|switch|p2a: Hawlucha|Hawlucha, L80, F|256/256|[from] Volt Switch\n|\n|upkeep\n|turn|3\n|\n|t:|1781393417\n|switch|p1a: Wyrdeer|Wyrdeer, L87, F|321/321\n|-ability|p1a: Wyrdeer|Intimidate|boost\n|-unboost|p2a: Hawlucha|atk|1\n|-enditem|p2a: Hawlucha|White Herb\n|-clearnegativeboost|p2a: Hawlucha|[silent]\n|move|p2a: Hawlucha|Close Combat|p1a: Wyrdeer\n|-damage|p1a: Wyrdeer|189/321\n|-unboost|p2a: Hawlucha|def|1\n|-unboost|p2a: Hawlucha|spd|1\n|\n|-heal|p1a: Wyrdeer|209/321|[from] item: Leftovers\n|upkeep\n|turn|4\n|\n|t:|1781393438\n|switch|p2a: Ting-Lu|Ting-Lu, L78|370/370\n|-ability|p2a: Ting-Lu|Vessel of Ruin\n|move|p1a: Wyrdeer|Body Slam|p2a: Ting-Lu\n|-damage|p2a: Ting-Lu|291/370\n|\n|-heal|p1a: Wyrdeer|229/321|[from] item: Leftovers\n|-heal|p2a: Ting-Lu|314/370|[from] item: Leftovers\n|upkeep\n|turn|5\n|\n|t:|1781393444\n|switch|p1a: Virizion|Virizion, L82|234/283\n|move|p2a: Ting-Lu|Stealth Rock|p1a: Virizion\n|-sidestart|p1: whatisnexthuh|move: Stealth Rock\n|\n|-heal|p2a: Ting-Lu|337/370|[from] item: Leftovers\n|upkeep\n|turn|6\n|\n|t:|1781393449\n|switch|p2a: Forretress|Forretress, L84, M|49/263\n|move|p1a: Virizion|Close Combat|p2a: Forretress\n|-damage|p2a: Forretress|0 fnt\n|-unboost|p1a: Virizion|def|1\n|-unboost|p1a: Virizion|spd|1\n|faint|p2a: Forretress\n|-damage|p1a: Virizion|206/283|[from] item: Life Orb\n|\n|upkeep\n|\n|t:|1781393452\n|switch|p2a: Hawlucha|Hawlucha, L80, F|256/256\n|turn|7\n|\n|t:|1781393455\n|switch|p1a: Wyrdeer|Wyrdeer, L87, F|229/321\n|-damage|p1a: Wyrdeer|189/321|[from] Stealth Rock\n|-ability|p1a: Wyrdeer|Intimidate|boost\n|-unboost|p2a: Hawlucha|atk|1\n|move|p2a: Hawlucha|Brave Bird|p1a: Wyrdeer\n|-damage|p1a: Wyrdeer|99/321\n|-damage|p2a: Hawlucha|226/256|[from] Recoil\n|\n|-heal|p1a: Wyrdeer|119/321|[from] item: Leftovers\n|upkeep\n|turn|8\n|\n|t:|1781393471\n|switch|p2a: Ting-Lu|Ting-Lu, L78|337/370\n|-ability|p2a: Ting-Lu|Vessel of Ruin\n|switch|p1a: Cyclizar|Cyclizar, L83, M|252/252\n|\n|-heal|p2a: Ting-Lu|360/370|[from] item: Leftovers\n|upkeep\n|turn|9\n|\n|t:|1781393477\n|move|p1a: Cyclizar|Knock Off|p2a: Ting-Lu\n|-resisted|p2a: Ting-Lu\n|-damage|p2a: Ting-Lu|333/370\n|-enditem|p2a: Ting-Lu|Leftovers|[from] move: Knock Off|[of] p1a: Cyclizar\n|move|p2a: Ting-Lu|Earthquake|p1a: Cyclizar\n|-damage|p1a: Cyclizar|132/252\n|\n|upkeep\n|turn|10\n|\n|t:|1781393487\n|move|p1a: Cyclizar|Shed Tail|p1a: Cyclizar\n|-start|p1a: Cyclizar|Substitute|[from] move: Shed Tail\n|-damage|p1a: Cyclizar|6/252\n|\n|t:|1781393489\n|switch|p1a: Virizion|Virizion, L82|206/283|[from] Shed Tail\n|-damage|p1a: Virizion|189/283|[from] Stealth Rock\n|move|p2a: Ting-Lu|Payback|p1a: Virizion\n|-resisted|p1a: Virizion\n|-activate|p1a: Virizion|move: Substitute|[damage]\n|\n|upkeep\n|turn|11\n|\n|t:|1781393500\n|move|p1a: Virizion|Swords Dance|p1a: Virizion\n|-boost|p1a: Virizion|atk|2\n|move|p2a: Ting-Lu|Earthquake|p1a: Virizion\n|-resisted|p1a: Virizion\n|-end|p1a: Virizion|Substitute\n|\n|upkeep\n|turn|12\n|\n|t:|1781393513\n|move|p1a: Virizion|Close Combat|p2a: Ting-Lu\n|-supereffective|p2a: Ting-Lu\n|-damage|p2a: Ting-Lu|0 fnt\n|-unboost|p1a: Virizion|def|1\n|-unboost|p1a: Virizion|spd|1\n|faint|p2a: Ting-Lu\n|-damage|p1a: Virizion|161/283|[from] item: Life Orb\n|\n|upkeep\n|\n|t:|1781393519\n|switch|p2a: Hawlucha|Hawlucha, L80, F|226/256\n|turn|13\n|\n|t:|1781393526\n|switch|p1a: Metagross|Metagross, L79|256/256\n|-damage|p1a: Metagross|240/256|[from] Stealth Rock\n|move|p2a: Hawlucha|Acrobatics|p1a: Metagross\n|-resisted|p1a: Metagross\n|-damage|p1a: Metagross|199/256\n|\n|upkeep\n|turn|14\n|\n|t:|1781393534\n|switch|p2a: Sandaconda|Sandaconda, L84, F|258/258\n|move|p1a: Metagross|Heavy Slam|p2a: Sandaconda\n|-damage|p2a: Sandaconda|146/258\n|\n|-heal|p2a: Sandaconda|162/258|[from] item: Leftovers\n|upkeep\n|turn|15\n|\n|t:|1781393546\n|move|p2a: Sandaconda|Glare|p1a: Metagross\n|-status|p1a: Metagross|par\n|cant|p1a: Metagross|par\n|\n|-heal|p2a: Sandaconda|178/258|[from] item: Leftovers\n|upkeep\n|turn|16\n|\n|t:|1781393550\n|move|p2a: Sandaconda|Earthquake|p1a: Metagross\n|-supereffective|p1a: Metagross\n|-damage|p1a: Metagross|13/256 par\n|-enditem|p1a: Metagross|Weakness Policy\n|-boost|p1a: Metagross|atk|2|[from] item: Weakness Policy\n|-boost|p1a: Metagross|spa|2|[from] item: Weakness Policy\n|cant|p1a: Metagross|par\n|\n|-heal|p2a: Sandaconda|194/258|[from] item: Leftovers\n|upkeep\n|turn|17\n|\n|t:|1781393555\n|move|p2a: Sandaconda|Earthquake|p1a: Metagross\n|-supereffective|p1a: Metagross\n|-damage|p1a: Metagross|0 fnt\n|faint|p1a: Metagross\n|\n|-heal|p2a: Sandaconda|210/258|[from] item: Leftovers\n|upkeep\n|\n|t:|1781393558\n|switch|p1a: Virizion|Virizion, L82|161/283\n|-damage|p1a: Virizion|144/283|[from] Stealth Rock\n|turn|18\n|\n|t:|1781393562\n|move|p1a: Virizion|Leaf Blade|p2a: Sandaconda\n|-supereffective|p2a: Sandaconda\n|-damage|p2a: Sandaconda|46/258\n|-damage|p1a: Virizion|116/283|[from] item: Life Orb\n|move|p2a: Sandaconda|Glare|p1a: Virizion\n|-status|p1a: Virizion|par\n|\n|-heal|p2a: Sandaconda|62/258|[from] item: Leftovers\n|upkeep\n|turn|19\n|\n|t:|1781393573\n|move|p2a: Sandaconda|Rest|p2a: Sandaconda\n|-status|p2a: Sandaconda|slp|[from] move: Rest\n|-heal|p2a: Sandaconda|258/258 slp|[silent]\n|move|p1a: Virizion|Close Combat|p2a: Sandaconda\n|-damage|p2a: Sandaconda|136/258 slp\n|-unboost|p1a: Virizion|def|1\n|-unboost|p1a: Virizion|spd|1\n|-damage|p1a: Virizion|88/283 par|[from] item: Life Orb\n|\n|-activate|p2a: Sandaconda|ability: Shed Skin\n|-curestatus|p2a: Sandaconda|slp|[msg]\n|-heal|p2a: Sandaconda|152/258|[from] item: Leftovers\n|upkeep\n|turn|20\n|\n|t:|1781393578\n|move|p2a: Sandaconda|Earthquake|p1a: Virizion\n|-resisted|p1a: Virizion\n|-crit|p1a: Virizion\n|-damage|p1a: Virizion|0 fnt\n|faint|p1a: Virizion\n|\n|-heal|p2a: Sandaconda|168/258|[from] item: Leftovers\n|upkeep\n|-message|whatisnexthuh forfeited.\n|\n|win|JuvenileLeopard\n", "uploadtime": 1781393334, "views": 3, "formatid": "gen9randombattle", "rating": null, "private": 0, "password": null}