{"id": "gen9randombattle-2631890231", "format": "[Gen 9] Random Battle", "players": ["arrdamoin", "personanongrattata"], "log": "|j|\u2606arrdamoin\n|j|\u2606personanongrattata\n|t:|1781452498\n|gametype|singles\n|player|p1|arrdamoin|flint|2125\n|player|p2|personanongrattata|youngster-gen4dp|2141\n|gen|9\n|tier|[Gen 9] Random Battle\n|rated|\n|rule|Species Clause: Limit one of each Pok\u00e9mon\n|rule|HP Percentage Mod: HP is shown in percentages\n|rule|Sleep Clause Mod: Limit one foe put to sleep\n|rule|Illusion Level Mod: Illusion disguises the Pok\u00e9mon's true level\n|\n|t:|1781452498\n|teamsize|p1|6\n|teamsize|p2|6\n|start\n|switch|p1a: Duraludon|Duraludon, L82, F|249/249\n|switch|p2a: Rhydon|Rhydon, L85, F|317/317\n|turn|1\n|inactive|Battle timer is ON: inactive players will automatically lose when time's up. (requested by personanongrattata)\n|\n|t:|1781452507\n|move|p1a: Duraludon|Flash Cannon|p2a: Rhydon\n|-supereffective|p2a: Rhydon\n|-damage|p2a: Rhydon|119/317\n|move|p2a: Rhydon|Earthquake|p1a: Duraludon\n|-supereffective|p1a: Duraludon\n|-damage|p1a: Duraludon|85/249\n|\n|upkeep\n|turn|2\n|\n|t:|1781452511\n|switch|p2a: Pyroar|Pyroar, L88, F|295/295\n|-ability|p2a: Pyroar|Unnerve\n|move|p1a: Duraludon|Flash Cannon|p2a: Pyroar\n|-resisted|p2a: Pyroar\n|-damage|p2a: Pyroar|235/295\n|\n|upkeep\n|turn|3\n|\n|t:|1781452517\n|switch|p1a: Toxapex|Toxapex, L82, M|216/216\n|move|p2a: Pyroar|Will-O-Wisp|p1a: Toxapex\n|-status|p1a: Toxapex|brn\n|\n|-damage|p1a: Toxapex|203/216 brn|[from] brn\n|upkeep\n|turn|4\n|\n|t:|1781452533\n|switch|p2a: Galvantula|Galvantula, L82, M|249/249\n|move|p1a: Toxapex|Toxic|p2a: Galvantula\n|-status|p2a: Galvantula|tox\n|\n|-damage|p2a: Galvantula|234/249 tox|[from] psn\n|-damage|p1a: Toxapex|190/216 brn|[from] brn\n|upkeep\n|turn|5\n|\n|t:|1781452537\n|switch|p1a: Ariados|Ariados, L95, M|287/287\n|move|p2a: Galvantula|Sticky Web|p1a: Ariados\n|-sidestart|p1: arrdamoin|move: Sticky Web\n|\n|-damage|p2a: Galvantula|204/249 tox|[from] psn\n|upkeep\n|turn|6\n|\n|t:|1781452556\n|switch|p2a: Pyroar|Pyroar, L88, F|235/295\n|-ability|p2a: Pyroar|Unnerve\n|move|p1a: Ariados|Sticky Web|p2a: Pyroar\n|-sidestart|p2: personanongrattata|move: Sticky Web\n|\n|upkeep\n|turn|7\n|\n|t:|1781452561\n|switch|p1a: Toxapex|Toxapex, L82, M|216/216 brn\n|-activate|p1a: Toxapex|move: Sticky Web\n|-unboost|p1a: Toxapex|spe|1\n|move|p2a: Pyroar|Fire Blast|p1a: Toxapex\n|-resisted|p1a: Toxapex\n|-damage|p1a: Toxapex|164/216 brn\n|\n|-damage|p1a: Toxapex|151/216 brn|[from] brn\n|upkeep\n|turn|8\n|\n|t:|1781452568\n|move|p2a: Pyroar|Hyper Voice|p1a: Toxapex\n|-damage|p1a: Toxapex|66/216 brn\n|move|p1a: Toxapex|Toxic|p2a: Pyroar\n|-status|p2a: Pyroar|tox\n|\n|-damage|p2a: Pyroar|217/295 tox|[from] psn\n|-damage|p1a: Toxapex|53/216 brn|[from] brn\n|upkeep\n|turn|9\n|\n|t:|1781452574\n|switch|p1a: Dipplin|Dipplin, L88, M|284/284\n|-activate|p1a: Dipplin|move: Sticky Web\n|-unboost|p1a: Dipplin|spe|1\n|move|p2a: Pyroar|Hyper Voice|p1a: Dipplin\n|-crit|p1a: Dipplin\n|-damage|p1a: Dipplin|160/284\n|\n|-damage|p2a: Pyroar|181/295 tox|[from] psn\n|upkeep\n|turn|10\n|\n|t:|1781452603\n|switch|p2a: Mew|Mew, L82|298/298\n|-activate|p2a: Mew|move: Sticky Web\n|-unboost|p2a: Mew|spe|1\n|move|p1a: Dipplin|Recover|p1a: Dipplin\n|-heal|p1a: Dipplin|284/284\n|\n|upkeep\n|turn|11\n|\n|t:|1781452608\n|move|p2a: Mew|Nasty Plot|p2a: Mew\n|-boost|p2a: Mew|spa|2\n|move|p1a: Dipplin|Dragon Pulse|p2a: Mew\n|-damage|p2a: Mew|202/298\n|\n|upkeep\n|turn|12\n|inactive|personanongrattata has 120 seconds left.\n|\n|t:|1781452638\n|move|p2a: Mew|Bug Buzz|p1a: Dipplin\n|-supereffective|p1a: Dipplin\n|-damage|p1a: Dipplin|76/284\n|-unboost|p1a: Dipplin|spd|1\n|-damage|p2a: Mew|173/298|[from] item: Life Orb\n|move|p1a: Dipplin|Dragon Tail|p2a: Mew\n|-damage|p2a: Mew|112/298\n|drag|p2a: Slaking|Slaking, L84, F|389/389\n|-activate|p2a: Slaking|move: Sticky Web\n|-unboost|p2a: Slaking|spe|1\n|\n|upkeep\n|turn|13\n|\n|t:|1781452648\n|move|p2a: Slaking|Knock Off|p1a: Dipplin\n|-damage|p1a: Dipplin|0 fnt\n|-enditem|p1a: Dipplin|Eviolite|[from] move: Knock Off|[of] p2a: Slaking\n|faint|p1a: Dipplin\n|\n|upkeep\n|\n|t:|1781452661\n|switch|p1a: Arceus|Arceus-Ground, L70|284/284\n|-activate|p1a: Arceus|move: Sticky Web\n|-unboost|p1a: Arceus|spe|1\n|turn|14\n|\n|t:|1781452669\n|switch|p2a: Rhydon|Rhydon, L85, F|119/317\n|-activate|p2a: Rhydon|move: Sticky Web\n|-unboost|p2a: Rhydon|spe|1\n|move|p1a: Arceus|Calm Mind|p1a: Arceus\n|-boost|p1a: Arceus|spa|1\n|-boost|p1a: Arceus|spd|1\n|\n|upkeep\n|turn|15\n|\n|t:|1781452672\n|move|p1a: Arceus|Judgment|p2a: Rhydon\n|-supereffective|p2a: Rhydon\n|-damage|p2a: Rhydon|0 fnt\n|faint|p2a: Rhydon\n|\n|upkeep\n|\n|t:|1781452680\n|switch|p2a: Slaking|Slaking, L84, F|389/389\n|-activate|p2a: Slaking|move: Sticky Web\n|-unboost|p2a: Slaking|spe|1\n|turn|16\n|\n|t:|1781452688\n|move|p2a: Slaking|Double-Edge|p1a: Arceus\n|-damage|p1a: Arceus|37/284\n|-damage|p2a: Slaking|307/389|[from] Recoil\n|move|p1a: Arceus|Recover|p1a: Arceus\n|-heal|p1a: Arceus|179/284\n|\n|upkeep\n|turn|17\n|\n|t:|1781452710\n|switch|p2a: Galvantula|Galvantula, L82, M|204/249 tox\n|move|p1a: Arceus|Recover|p1a: Arceus\n|-heal|p1a: Arceus|284/284\n|\n|-damage|p2a: Galvantula|189/249 tox|[from] psn\n|upkeep\n|turn|18\n|\n|t:|1781452720\n|move|p2a: Galvantula|Energy Ball|p1a: Arceus\n|-supereffective|p1a: Arceus\n|-damage|p1a: Arceus|212/284\n|move|p1a: Arceus|Judgment|p2a: Galvantula\n|-damage|p2a: Galvantula|0 fnt\n|faint|p2a: Galvantula\n|\n|upkeep\n|\n|t:|1781452735\n|switch|p2a: Slaking|Slaking, L84, F|307/389\n|-activate|p2a: Slaking|move: Sticky Web\n|-unboost|p2a: Slaking|spe|1\n|turn|19\n|\n|t:|1781452744\n|switch|p1a: Carbink|Carbink, L90|236/236\n|-activate|p1a: Carbink|move: Sticky Web\n|-fail|p1a: Carbink|unboost|[from] ability: Clear Body|[of] p1a: Carbink\n|move|p2a: Slaking|Double-Edge|p1a: Carbink\n|-resisted|p1a: Carbink\n|-damage|p1a: Carbink|156/236\n|-damage|p2a: Slaking|281/389|[from] Recoil\n|\n|upkeep\n|turn|20\n|\n|t:|1781452771\n|switch|p2a: Mew|Mew, L82|112/298\n|-activate|p2a: Mew|move: Sticky Web\n|-unboost|p2a: Mew|spe|1\n|move|p1a: Carbink|Iron Defense|p1a: Carbink\n|-boost|p1a: Carbink|def|2\n|\n|upkeep\n|turn|21\n|\n|t:|1781452777\n|move|p1a: Carbink|Rest|p1a: Carbink\n|-status|p1a: Carbink|slp|[from] move: Rest\n|-heal|p1a: Carbink|236/236 slp|[silent]\n|-enditem|p1a: Carbink|Chesto Berry|[eat]\n|-curestatus|p1a: Carbink|slp|[msg]\n|move|p2a: Mew|Aura Sphere|p1a: Carbink\n|-damage|p1a: Carbink|194/236\n|-damage|p2a: Mew|83/298|[from] item: Life Orb\n|\n|upkeep\n|turn|22\n|\n|t:|1781452782\n|move|p1a: Carbink|Moonblast|p2a: Mew\n|-damage|p2a: Mew|14/298\n|move|p2a: Mew|Aura Sphere|p1a: Carbink\n|-damage|p1a: Carbink|150/236\n|-damage|p2a: Mew|0 fnt|[from] item: Life Orb\n|faint|p2a: Mew\n|\n|upkeep\n|\n|t:|1781452790\n|switch|p2a: Delphox|Delphox, L84, M|263/263\n|turn|23\n|\n|t:|1781452797\n|move|p2a: Delphox|Nasty Plot|p2a: Delphox\n|-boost|p2a: Delphox|spa|2\n|move|p1a: Carbink|Iron Defense|p1a: Carbink\n|-boost|p1a: Carbink|def|2\n|\n|upkeep\n|turn|24\n|inactive|personanongrattata has 120 seconds left.\n|\n|t:|1781452828\n|move|p2a: Delphox|Fire Blast|p1a: Carbink\n|-resisted|p1a: Carbink\n|-damage|p1a: Carbink|75/236\n|-status|p1a: Carbink|brn\n|move|p1a: Carbink|Body Press|p2a: Delphox\n|-resisted|p2a: Delphox\n|-damage|p2a: Delphox|189/263\n|\n|-damage|p1a: Carbink|61/236 brn|[from] brn\n|upkeep\n|turn|25\n|\n|t:|1781452834\n|move|p2a: Delphox|Grass Knot|p1a: Carbink\n|-supereffective|p1a: Carbink\n|-damage|p1a: Carbink|17/236 brn\n|move|p1a: Carbink|Iron Defense|p1a: Carbink\n|-boost|p1a: Carbink|def|2\n|\n|-damage|p1a: Carbink|3/236 brn|[from] brn\n|upkeep\n|turn|26\n|\n|t:|1781452837\n|move|p2a: Delphox|Grass Knot|p1a: Carbink\n|-supereffective|p1a: Carbink\n|-crit|p1a: Carbink\n|-damage|p1a: Carbink|0 fnt\n|faint|p1a: Carbink\n|\n|upkeep\n|\n|t:|1781452858\n|switch|p1a: Ariados|Ariados, L95, M|287/287\n|turn|27\n|\n|t:|1781452881\n|-terastallize|p2a: Delphox|Grass\n|-terastallize|p1a: Ariados|Ghost\n|move|p2a: Delphox|Fire Blast|p1a: Ariados|[miss]\n|-miss|p2a: Delphox|p1a: Ariados\n|move|p1a: Ariados|Megahorn|p2a: Delphox\n|-supereffective|p2a: Delphox\n|-damage|p2a: Delphox|0 fnt\n|faint|p2a: Delphox\n|\n|upkeep\n|\n|t:|1781452888\n|switch|p2a: Slaking|Slaking, L84, F|281/389\n|-activate|p2a: Slaking|move: Sticky Web\n|-unboost|p2a: Slaking|spe|1\n|turn|28\n|\n|t:|1781452892\n|switch|p1a: Arceus|Arceus-Ground, L70|212/284\n|-activate|p1a: Arceus|move: Sticky Web\n|-unboost|p1a: Arceus|spe|1\n|move|p2a: Slaking|Knock Off|p1a: Arceus\n|-damage|p1a: Arceus|119/284\n|\n|upkeep\n|turn|29\n|\n|t:|1781452895\n|switch|p2a: Pyroar|Pyroar, L88, F|181/295 tox\n|-ability|p2a: Pyroar|Unnerve\n|move|p1a: Arceus|Recover|p1a: Arceus\n|-heal|p1a: Arceus|261/284\n|\n|-damage|p2a: Pyroar|163/295 tox|[from] psn\n|upkeep\n|turn|30\n|\n|t:|1781452898\n|move|p2a: Pyroar|Fire Blast|p1a: Arceus\n|-damage|p1a: Arceus|120/284\n|move|p1a: Arceus|Judgment|p2a: Pyroar\n|-supereffective|p2a: Pyroar\n|-damage|p2a: Pyroar|0 fnt\n|faint|p2a: Pyroar\n|\n|upkeep\n|-message|personanongrattata forfeited.\n|\n|win|arrdamoin\n", "uploadtime": 1781452500, "views": 3, "formatid": "gen9randombattle", "rating": null, "private": 0, "password": null}