{"id": "gen9randombattle-2631455056", "format": "[Gen 9] Random Battle", "players": ["The_Nekezator", "papagaio69"], "log": "|j|\u2606The_Nekezator\n|j|\u2606papagaio69\n|t:|1781386741\n|gametype|singles\n|player|p1|The_Nekezator|ingo|1909\n|player|p2|papagaio69|170|1932\n|gen|9\n|tier|[Gen 9] Random Battle\n|rated|\n|rule|Species Clause: Limit one of each Pok\u00e9mon\n|rule|HP Percentage Mod: HP is shown in percentages\n|rule|Sleep Clause Mod: Limit one foe put to sleep\n|rule|Illusion Level Mod: Illusion disguises the Pok\u00e9mon's true level\n|\n|t:|1781386741\n|teamsize|p1|6\n|teamsize|p2|6\n|start\n|switch|p1a: Rhydon|Rhydon, L85, F|317/317\n|switch|p2a: Pincurchin|Pincurchin, M|258/258\n|-fieldstart|move: Electric Terrain|[from] ability: Electric Surge|[of] p2a: Pincurchin\n|turn|1\n|inactive|Battle timer is ON: inactive players will automatically lose when time's up. (requested by papagaio69)\n|\n|t:|1781386760\n|move|p1a: Rhydon|Earthquake|p2a: Pincurchin\n|-supereffective|p2a: Pincurchin\n|-damage|p2a: Pincurchin|42/258\n|move|p2a: Pincurchin|Scald|p1a: Rhydon\n|-supereffective|p1a: Rhydon\n|-damage|p1a: Rhydon|0 fnt\n|faint|p1a: Rhydon\n|\n|-heal|p2a: Pincurchin|58/258|[from] item: Leftovers\n|upkeep\n|\n|t:|1781386786\n|switch|p1a: Galvantula|Galvantula, L82, M|249/249\n|turn|2\n|\n|t:|1781386796\n|switch|p2a: Whiscash|Whiscash, L88, F|337/337\n|move|p1a: Galvantula|Bug Buzz|p2a: Whiscash\n|-damage|p2a: Whiscash|231/337\n|\n|upkeep\n|turn|3\n|\n|t:|1781386806\n|move|p1a: Galvantula|Bug Buzz|p2a: Whiscash\n|-damage|p2a: Whiscash|134/337\n|move|p2a: Whiscash|Dragon Dance|p2a: Whiscash\n|-boost|p2a: Whiscash|atk|1\n|-boost|p2a: Whiscash|spe|1\n|\n|upkeep\n|turn|4\n|\n|t:|1781386826\n|move|p2a: Whiscash|Stone Edge|p1a: Galvantula\n|-supereffective|p1a: Galvantula\n|-damage|p1a: Galvantula|0 fnt\n|faint|p1a: Galvantula\n|-damage|p2a: Whiscash|101/337|[from] item: Life Orb\n|\n|upkeep\n|\n|t:|1781386835\n|switch|p1a: Gallade|Gallade, L80, M|240/240\n|turn|5\n|\n|t:|1781386843\n|move|p2a: Whiscash|Earthquake|p1a: Gallade\n|-damage|p1a: Gallade|0 fnt\n|faint|p1a: Gallade\n|-damage|p2a: Whiscash|68/337|[from] item: Life Orb\n|\n|-fieldend|move: Electric Terrain\n|upkeep\n|\n|t:|1781386853\n|switch|p1a: Regidrago|Regidrago, L77|435/435\n|turn|6\n|\n|t:|1781386860\n|move|p2a: Whiscash|Earthquake|p1a: Regidrago\n|-damage|p1a: Regidrago|98/435\n|-damage|p2a: Whiscash|35/337|[from] item: Life Orb\n|move|p1a: Regidrago|Dragon Dance|p1a: Regidrago\n|-boost|p1a: Regidrago|atk|1\n|-boost|p1a: Regidrago|spe|1\n|\n|upkeep\n|turn|7\n|\n|t:|1781386866\n|move|p1a: Regidrago|Dragon Claw|p2a: Whiscash\n|-damage|p2a: Whiscash|0 fnt\n|faint|p2a: Whiscash\n|-damage|p1a: Regidrago|55/435|[from] item: Life Orb\n|\n|upkeep\n|\n|t:|1781386876\n|switch|p2a: Wyrdeer|Wyrdeer, L87, M|321/321\n|-ability|p2a: Wyrdeer|Intimidate|boost\n|-unboost|p1a: Regidrago|atk|1\n|turn|8\n|\n|t:|1781386882\n|switch|p2a: Sylveon|Sylveon, L85, M|300/300\n|move|p1a: Regidrago|Dragon Claw|p2a: Sylveon\n|-immune|p2a: Sylveon\n|\n|upkeep\n|turn|9\n|\n|t:|1781386889\n|-terastallize|p1a: Regidrago|Steel\n|move|p1a: Regidrago|Tera Blast|p2a: Sylveon|[anim] Tera Blast Steel\n|-supereffective|p2a: Sylveon\n|-damage|p2a: Sylveon|165/300\n|-damage|p1a: Regidrago|12/435|[from] item: Life Orb\n|move|p2a: Sylveon|Hyper Voice|p1a: Regidrago\n|-resisted|p1a: Regidrago\n|-damage|p1a: Regidrago|0 fnt\n|faint|p1a: Regidrago\n|\n|-heal|p2a: Sylveon|183/300|[from] item: Leftovers\n|upkeep\n|\n|t:|1781386901\n|switch|p1a: Salazzle|Salazzle, L83, F|249/249\n|turn|10\n|\n|t:|1781386929\n|switch|p2a: Wyrdeer|Wyrdeer, L87, M|321/321\n|-ability|p2a: Wyrdeer|Intimidate|boost\n|-unboost|p1a: Salazzle|atk|1\n|move|p1a: Salazzle|Toxic|p2a: Wyrdeer\n|-status|p2a: Wyrdeer|tox\n|\n|-damage|p2a: Wyrdeer|301/321 tox|[from] psn\n|upkeep\n|turn|11\n|inactive|The_Nekezator has 120 seconds left.\n|\n|t:|1781386969\n|move|p1a: Salazzle|Protect|p1a: Salazzle\n|-singleturn|p1a: Salazzle|Protect\n|move|p2a: Wyrdeer|Psychic Noise|p1a: Salazzle\n|-activate|p1a: Salazzle|move: Protect\n|\n|-damage|p2a: Wyrdeer|261/321 tox|[from] psn\n|upkeep\n|turn|12\n|inactive|The_Nekezator has 120 seconds left.\n|\n|t:|1781386980\n|move|p1a: Salazzle|Flamethrower|p2a: Wyrdeer\n|-damage|p2a: Wyrdeer|186/321 tox\n|move|p2a: Wyrdeer|Psychic Noise|p1a: Salazzle\n|-supereffective|p1a: Salazzle\n|-damage|p1a: Salazzle|21/249\n|-start|p1a: Salazzle|move: Heal Block\n|\n|-damage|p2a: Wyrdeer|126/321 tox|[from] psn\n|upkeep\n|turn|13\n|inactive|The_Nekezator has 120 seconds left.\n|\n|t:|1781386986\n|move|p1a: Salazzle|Protect|p1a: Salazzle\n|-singleturn|p1a: Salazzle|Protect\n|move|p2a: Wyrdeer|Earthquake|p1a: Salazzle\n|-activate|p1a: Salazzle|move: Protect\n|\n|-damage|p2a: Wyrdeer|46/321 tox|[from] psn\n|-end|p1a: Salazzle|move: Heal Block\n|upkeep\n|turn|14\n|\n|t:|1781386991\n|move|p1a: Salazzle|Flamethrower|p2a: Wyrdeer\n|-damage|p2a: Wyrdeer|0 fnt\n|faint|p2a: Wyrdeer\n|\n|-heal|p1a: Salazzle|36/249|[from] item: Leftovers\n|upkeep\n|\n|t:|1781387012\n|switch|p2a: Necrozma|Necrozma, L80|286/286\n|turn|15\n|\n|t:|1781387023\n|move|p1a: Salazzle|Toxic|p2a: Necrozma\n|-status|p2a: Necrozma|tox\n|move|p2a: Necrozma|Swords Dance|p2a: Necrozma\n|-boost|p2a: Necrozma|atk|2\n|\n|-heal|p1a: Salazzle|51/249|[from] item: Leftovers\n|-damage|p2a: Necrozma|269/286 tox|[from] psn\n|upkeep\n|turn|16\n|\n|t:|1781387028\n|move|p1a: Salazzle|Protect|p1a: Salazzle\n|-singleturn|p1a: Salazzle|Protect\n|move|p2a: Necrozma|Knock Off|p1a: Salazzle\n|-activate|p1a: Salazzle|move: Protect\n|\n|-heal|p1a: Salazzle|66/249|[from] item: Leftovers\n|-damage|p2a: Necrozma|235/286 tox|[from] psn\n|upkeep\n|turn|17\n|inactive|The_Nekezator has 120 seconds left.\n|\n|t:|1781387065\n|move|p1a: Salazzle|Substitute|p1a: Salazzle\n|-start|p1a: Salazzle|Substitute\n|-damage|p1a: Salazzle|4/249\n|move|p2a: Necrozma|Photon Geyser|p1a: Salazzle\n|-supereffective|p1a: Salazzle\n|-end|p1a: Salazzle|Substitute\n|-damage|p2a: Necrozma|207/286 tox|[from] item: Life Orb\n|\n|-heal|p1a: Salazzle|19/249|[from] item: Leftovers\n|-damage|p2a: Necrozma|156/286 tox|[from] psn\n|upkeep\n|turn|18\n|inactive|papagaio69 has 120 seconds left.\n|\n|t:|1781387110\n|move|p1a: Salazzle|Protect|p1a: Salazzle\n|-singleturn|p1a: Salazzle|Protect\n|move|p2a: Necrozma|Photon Geyser|p1a: Salazzle\n|-activate|p1a: Salazzle|move: Protect\n|\n|-heal|p1a: Salazzle|34/249|[from] item: Leftovers\n|-damage|p2a: Necrozma|88/286 tox|[from] psn\n|upkeep\n|turn|19\n|inactive|The_Nekezator has 120 seconds left.\n|inactive|The_Nekezator has 90 seconds left.\n|\n|t:|1781387155\n|move|p1a: Salazzle|Flamethrower|p2a: Necrozma\n|-damage|p2a: Necrozma|0 fnt\n|faint|p2a: Necrozma\n|\n|-heal|p1a: Salazzle|49/249|[from] item: Leftovers\n|upkeep\n|inactive|papagaio69 has 120 seconds left.\n|\n|t:|1781387165\n|switch|p2a: Fezandipiti|Fezandipiti, L82, M|278/278\n|turn|20\n|\n|t:|1781387173\n|move|p1a: Salazzle|Flamethrower|p2a: Fezandipiti\n|-damage|p2a: Fezandipiti|197/278\n|move|p2a: Fezandipiti|Gunk Shot|p1a: Salazzle\n|-resisted|p1a: Salazzle\n|-damage|p1a: Salazzle|0 fnt\n|faint|p1a: Salazzle\n|\n|-heal|p2a: Fezandipiti|214/278|[from] item: Leftovers\n|upkeep\n|\n|t:|1781387175\n|switch|p1a: Palkia|Palkia-Origin, L72|249/249\n|-ability|p1a: Palkia|Pressure\n|turn|21\n|inactive|papagaio69 has 120 seconds left.\n|\n|t:|1781387204\n|move|p1a: Palkia|Hydro Pump|p2a: Fezandipiti\n|-damage|p2a: Fezandipiti|97/278\n|move|p2a: Fezandipiti|Moonblast|p1a: Palkia\n|-supereffective|p1a: Palkia\n|-damage|p1a: Palkia|117/249\n|\n|-heal|p2a: Fezandipiti|114/278|[from] item: Leftovers\n|upkeep\n|turn|22\n|inactive|The_Nekezator has 120 seconds left.\n|inactive|papagaio69 has 120 seconds left.\n|\n|t:|1781387211\n|-terastallize|p2a: Fezandipiti|Water\n|move|p1a: Palkia|Hydro Pump|p2a: Fezandipiti\n|-resisted|p2a: Fezandipiti\n|-damage|p2a: Fezandipiti|52/278\n|move|p2a: Fezandipiti|Moonblast|p1a: Palkia\n|-supereffective|p1a: Palkia\n|-damage|p1a: Palkia|0 fnt\n|faint|p1a: Palkia\n|\n|win|papagaio69\n", "uploadtime": 1781386743, "views": 7, "formatid": "gen9randombattle", "rating": null, "private": 0, "password": null}