{"id": "gen9randombattle-2631814641", "format": "[Gen 9] Random Battle", "players": ["talonflamecom", "Astral7433"], "log": "|j|\u2606talonflamecom\n|j|\u2606Astral7433\n|t:|1781443555\n|gametype|singles\n|player|p1|talonflamecom|red-gen2|1951\n|player|p2|Astral7433|102|1991\n|gen|9\n|tier|[Gen 9] Random Battle\n|rated|\n|rule|Species Clause: Limit one of each Pok\u00e9mon\n|rule|HP Percentage Mod: HP is shown in percentages\n|rule|Sleep Clause Mod: Limit one foe put to sleep\n|rule|Illusion Level Mod: Illusion disguises the Pok\u00e9mon's true level\n|\n|t:|1781443555\n|teamsize|p1|6\n|teamsize|p2|6\n|start\n|switch|p1a: Houndstone|Houndstone, L86, M|264/264\n|switch|p2a: Delibird|Delibird, M|252/252\n|turn|1\n|inactive|Battle timer is ON: inactive players will automatically lose when time's up. (requested by Astral7433)\n|inactive|talonflamecom has 120 seconds left.\n|\n|t:|1781443592\n|move|p2a: Delibird|Spikes|p1a: Houndstone\n|-sidestart|p1: talonflamecom|Spikes\n|move|p1a: Houndstone|Poltergeist|p2a: Delibird\n|-activate|p2a: Delibird|move: Poltergeist|Heavy-Duty Boots\n|-damage|p2a: Delibird|14/252\n|\n|upkeep\n|turn|2\n|\n|t:|1781443602\n|move|p2a: Delibird|Spikes|p1a: Houndstone\n|-sidestart|p1: talonflamecom|Spikes\n|move|p1a: Houndstone|Poltergeist|p2a: Delibird\n|-activate|p2a: Delibird|move: Poltergeist|Heavy-Duty Boots\n|-damage|p2a: Delibird|0 fnt\n|faint|p2a: Delibird\n|\n|upkeep\n|\n|t:|1781443619\n|switch|p2a: Scrafty|Scrafty, L83, M|244/244\n|-ability|p2a: Scrafty|Intimidate|boost\n|-unboost|p1a: Houndstone|atk|1\n|turn|3\n|inactive|talonflamecom has 120 seconds left.\n|\n|t:|1781443660\n|switch|p1a: Gouging Fire|Gouging Fire, L74|277/277\n|move|p2a: Scrafty|Dragon Dance|p2a: Scrafty\n|-boost|p2a: Scrafty|atk|1\n|-boost|p2a: Scrafty|spe|1\n|\n|upkeep\n|turn|4\n|\n|t:|1781443674\n|move|p2a: Scrafty|Knock Off|p1a: Gouging Fire\n|-crit|p1a: Gouging Fire\n|-damage|p1a: Gouging Fire|73/277\n|-enditem|p1a: Gouging Fire|Heavy-Duty Boots|[from] move: Knock Off|[of] p2a: Scrafty\n|move|p1a: Gouging Fire|Dragon Dance|p1a: Gouging Fire\n|-boost|p1a: Gouging Fire|atk|1\n|-boost|p1a: Gouging Fire|spe|1\n|\n|upkeep\n|turn|5\n|\n|t:|1781443684\n|move|p1a: Gouging Fire|Heat Crash|p2a: Scrafty\n|-damage|p2a: Scrafty|102/244\n|move|p2a: Scrafty|Drain Punch|p1a: Gouging Fire\n|-damage|p1a: Gouging Fire|0 fnt\n|-heal|p2a: Scrafty|139/244|[from] drain|[of] p1a: Gouging Fire\n|faint|p1a: Gouging Fire\n|-end|p1a: Gouging Fire|Protosynthesis|[silent]\n|\n|-heal|p2a: Scrafty|154/244|[from] item: Leftovers\n|upkeep\n|inactive|talonflamecom has 120 seconds left.\n|\n|t:|1781443702\n|switch|p1a: Hydreigon|Hydreigon, L79, M|275/275\n|turn|6\n|\n|t:|1781443707\n|move|p2a: Scrafty|Drain Punch|p1a: Hydreigon\n|-supereffective|p1a: Hydreigon\n|-damage|p1a: Hydreigon|45/275\n|-heal|p2a: Scrafty|244/244|[from] drain|[of] p1a: Hydreigon\n|move|p1a: Hydreigon|Draco Meteor|p2a: Scrafty\n|-damage|p2a: Scrafty|57/244\n|-unboost|p1a: Hydreigon|spa|2\n|\n|-heal|p2a: Scrafty|72/244|[from] item: Leftovers\n|upkeep\n|turn|7\n|inactive|talonflamecom has 120 seconds left.\n|\n|t:|1781443722\n|move|p2a: Scrafty|Drain Punch|p1a: Hydreigon\n|-supereffective|p1a: Hydreigon\n|-damage|p1a: Hydreigon|0 fnt\n|-heal|p2a: Scrafty|95/244|[from] drain|[of] p1a: Hydreigon\n|faint|p1a: Hydreigon\n|\n|-heal|p2a: Scrafty|110/244|[from] item: Leftovers\n|upkeep\n|\n|t:|1781443725\n|switch|p1a: Houndstone|Houndstone, L86, M|264/264\n|-damage|p1a: Houndstone|220/264|[from] Spikes\n|turn|8\n|\n|t:|1781443737\n|-terastallize|p1a: Houndstone|Fighting\n|move|p2a: Scrafty|Knock Off|p1a: Houndstone\n|-resisted|p1a: Houndstone\n|-damage|p1a: Houndstone|189/264\n|-enditem|p1a: Houndstone|Choice Band|[from] move: Knock Off|[of] p2a: Scrafty\n|move|p1a: Houndstone|Play Rough|p2a: Scrafty\n|-supereffective|p2a: Scrafty\n|-damage|p2a: Scrafty|0 fnt\n|faint|p2a: Scrafty\n|\n|upkeep\n|\n|t:|1781443760\n|switch|p2a: Plusle|Plusle, L95, F|268/268\n|turn|9\n|\n|t:|1781443782\n|move|p2a: Plusle|Nasty Plot|p2a: Plusle\n|-boost|p2a: Plusle|spa|2\n|move|p1a: Houndstone|Poltergeist|p2a: Plusle\n|-activate|p2a: Plusle|move: Poltergeist|Life Orb\n|-damage|p2a: Plusle|73/268\n|\n|upkeep\n|turn|10\n|\n|t:|1781443794\n|move|p1a: Houndstone|Shadow Sneak|p2a: Plusle\n|-damage|p2a: Plusle|6/268\n|move|p2a: Plusle|Thunderbolt|p1a: Houndstone\n|-damage|p1a: Houndstone|0 fnt\n|faint|p1a: Houndstone\n|-damage|p2a: Plusle|0 fnt|[from] item: Life Orb\n|faint|p2a: Plusle\n|\n|upkeep\n|\n|t:|1781443808\n|switch|p2a: Jirachi|Jirachi, L80|291/291\n|switch|p1a: Ursaluna|Ursaluna, L79, F|335/335\n|-damage|p1a: Ursaluna|280/335|[from] Spikes\n|turn|11\n|inactive|Astral7433 has 120 seconds left.\n|inactive|talonflamecom has 120 seconds left.\n|\n|t:|1781443836\n|switch|p2a: Chimecho|Chimecho, L93, M|290/290\n|move|p1a: Ursaluna|Headlong Rush|p2a: Chimecho\n|-immune|p2a: Chimecho|[from] ability: Levitate\n|\n|-status|p1a: Ursaluna|brn|[from] item: Flame Orb\n|upkeep\n|turn|12\n|\n|t:|1781443846\n|-terastallize|p2a: Chimecho|Steel\n|move|p2a: Chimecho|Cosmic Power|p2a: Chimecho\n|-boost|p2a: Chimecho|def|1\n|-boost|p2a: Chimecho|spd|1\n|move|p1a: Ursaluna|Trailblaze|p2a: Chimecho\n|-resisted|p2a: Chimecho\n|-damage|p2a: Chimecho|269/290\n|-boost|p1a: Ursaluna|spe|1\n|\n|-heal|p2a: Chimecho|287/290|[from] item: Leftovers\n|-damage|p1a: Ursaluna|260/335 brn|[from] brn\n|upkeep\n|turn|13\n|\n|t:|1781443859\n|move|p1a: Ursaluna|Headlong Rush|p2a: Chimecho\n|-immune|p2a: Chimecho|[from] ability: Levitate\n|move|p2a: Chimecho|Cosmic Power|p2a: Chimecho\n|-boost|p2a: Chimecho|def|1\n|-boost|p2a: Chimecho|spd|1\n|\n|-heal|p2a: Chimecho|290/290|[from] item: Leftovers\n|-damage|p1a: Ursaluna|240/335 brn|[from] brn\n|upkeep\n|turn|14\n|-message|talonflamecom forfeited.\n|\n|win|Astral7433\n", "uploadtime": 1781443557, "views": 3, "formatid": "gen9randombattle", "rating": null, "private": 0, "password": null}