{"id": "gen9randombattle-2631542349", "format": "[Gen 9] Random Battle", "players": ["DaMoistAvocado", "Aquapower"], "log": "|j|\u2606DaMoistAvocado\n|j|\u203dAquapower\n|t:|1781398905\n|gametype|singles\n|player|p1|DaMoistAvocado|steven|1976\n|player|p2|Aquapower|102|1903\n|gen|9\n|tier|[Gen 9] Random Battle\n|rated|\n|rule|Species Clause: Limit one of each Pok\u00e9mon\n|rule|HP Percentage Mod: HP is shown in percentages\n|rule|Sleep Clause Mod: Limit one foe put to sleep\n|rule|Illusion Level Mod: Illusion disguises the Pok\u00e9mon's true level\n|\n|t:|1781398905\n|teamsize|p1|6\n|teamsize|p2|6\n|start\n|switch|p1a: Altaria|Altaria, L89, F|278/278\n|switch|p2a: Reuniclus|Reuniclus, L88, M|337/337\n|turn|1\n|\n|t:|1781398926\n|switch|p1a: Crawdaunt|Crawdaunt, L84, F|243/243\n|switch|p2a: Tinkaton|Tinkaton, L82, F|274/274\n|-ability|p2a: Tinkaton|Mold Breaker\n|\n|upkeep\n|turn|2\n|\n|t:|1781398933\n|switch|p1a: Oricorio|Oricorio-Pom-Pom, L82, M|257/257\n|move|p2a: Tinkaton|Play Rough|p1a: Oricorio\n|-damage|p1a: Oricorio|164/257\n|\n|upkeep\n|turn|3\n|\n|t:|1781398945\n|move|p2a: Tinkaton|Swords Dance|p2a: Tinkaton\n|-boost|p2a: Tinkaton|atk|2\n|-activate|p1a: Oricorio|ability: Dancer\n|move|p1a: Oricorio|Swords Dance|p1a: Oricorio|[from] ability: Dancer\n|-boost|p1a: Oricorio|atk|2\n|move|p1a: Oricorio|Quiver Dance|p1a: Oricorio\n|-boost|p1a: Oricorio|spa|1\n|-boost|p1a: Oricorio|spd|1\n|-boost|p1a: Oricorio|spe|1\n|\n|upkeep\n|turn|4\n|\n|t:|1781398954\n|-terastallize|p1a: Oricorio|Ground\n|move|p1a: Oricorio|Revelation Dance|p2a: Tinkaton\n|-supereffective|p2a: Tinkaton\n|-damage|p2a: Tinkaton|16/274\n|move|p2a: Tinkaton|Play Rough|p1a: Oricorio\n|-damage|p1a: Oricorio|0 fnt\n|faint|p1a: Oricorio\n|\n|-heal|p2a: Tinkaton|33/274|[from] item: Leftovers\n|upkeep\n|\n|t:|1781398969\n|switch|p1a: Leavanny|Leavanny, L86, F|269/269\n|turn|5\n|\n|t:|1781398983\n|switch|p2a: Noivern|Noivern, L82, M|274/274\n|move|p1a: Leavanny|Leaf Blade|p2a: Noivern\n|-resisted|p2a: Noivern\n|-damage|p2a: Noivern|246/274\n|\n|upkeep\n|turn|6\n|\n|t:|1781398992\n|switch|p1a: Altaria|Altaria, L89, F|278/278\n|move|p2a: Noivern|Hurricane|p1a: Altaria\n|-damage|p1a: Altaria|194/278\n|\n|upkeep\n|turn|7\n|\n|t:|1781399023\n|switch|p2a: Tinkaton|Tinkaton, L82, F|33/274\n|-ability|p2a: Tinkaton|Mold Breaker\n|move|p1a: Altaria|Brave Bird|p2a: Tinkaton\n|-resisted|p2a: Tinkaton\n|-damage|p2a: Tinkaton|0 fnt\n|faint|p2a: Tinkaton\n|-damage|p1a: Altaria|183/278|[from] Recoil\n|\n|upkeep\n|\n|t:|1781399029\n|switch|p2a: Glastrier|Glastrier, L86|311/311\n|turn|8\n|\n|t:|1781399038\n|switch|p1a: Crawdaunt|Crawdaunt, L84, F|243/243\n|move|p2a: Glastrier|Icicle Crash|p1a: Crawdaunt\n|-resisted|p1a: Crawdaunt\n|-damage|p1a: Crawdaunt|135/243\n|\n|upkeep\n|turn|9\n|\n|t:|1781399044\n|move|p1a: Crawdaunt|Close Combat|p2a: Glastrier\n|-supereffective|p2a: Glastrier\n|-damage|p2a: Glastrier|83/311\n|-unboost|p1a: Crawdaunt|def|1\n|-unboost|p1a: Crawdaunt|spd|1\n|move|p2a: Glastrier|Icicle Crash|p1a: Crawdaunt\n|-resisted|p1a: Crawdaunt\n|-damage|p1a: Crawdaunt|0 fnt\n|faint|p1a: Crawdaunt\n|-ability|p2a: Glastrier|Chilling Neigh|boost\n|-boost|p2a: Glastrier|atk|1\n|\n|upkeep\n|\n|t:|1781399063\n|switch|p1a: Mienshao|Mienshao, L83, F|244/244\n|turn|10\n|\n|t:|1781399066\n|move|p1a: Mienshao|Fake Out|p2a: Glastrier\n|-damage|p2a: Glastrier|56/311\n|cant|p2a: Glastrier|flinch\n|\n|upkeep\n|turn|11\n|\n|t:|1781399086\n|move|p1a: Mienshao|Close Combat|p2a: Glastrier\n|-supereffective|p2a: Glastrier\n|-damage|p2a: Glastrier|0 fnt\n|-unboost|p1a: Mienshao|def|1\n|-unboost|p1a: Mienshao|spd|1\n|faint|p2a: Glastrier\n|\n|upkeep\n|\n|t:|1781399106\n|switch|p2a: Noivern|Noivern, L82, M|246/274\n|turn|12\n|\n|t:|1781399121\n|switch|p1a: Altaria|Altaria, L89, F|183/278\n|move|p2a: Noivern|Hurricane|p1a: Altaria\n|-damage|p1a: Altaria|90/278\n|-start|p1a: Altaria|confusion\n|\n|upkeep\n|turn|13\n|\n|t:|1781399129\n|move|p2a: Noivern|Draco Meteor|p1a: Altaria\n|-supereffective|p1a: Altaria\n|-damage|p1a: Altaria|0 fnt\n|-unboost|p2a: Noivern|spa|2\n|faint|p1a: Altaria\n|\n|upkeep\n|\n|t:|1781399133\n|switch|p1a: Comfey|Comfey, L85, F|225/225\n|turn|14\n|\n|t:|1781399137\n|switch|p2a: Reuniclus|Reuniclus, L88, M|337/337\n|move|p1a: Comfey|Calm Mind|p1a: Comfey\n|-boost|p1a: Comfey|spa|1\n|-boost|p1a: Comfey|spd|1\n|\n|upkeep\n|turn|15\n|\n|t:|1781399140\n|move|p1a: Comfey|Calm Mind|p1a: Comfey\n|-boost|p1a: Comfey|spa|1\n|-boost|p1a: Comfey|spd|1\n|move|p2a: Reuniclus|Calm Mind|p2a: Reuniclus\n|-boost|p2a: Reuniclus|spa|1\n|-boost|p2a: Reuniclus|spd|1\n|\n|upkeep\n|turn|16\n|\n|t:|1781399144\n|move|p1a: Comfey|Encore|p2a: Reuniclus\n|-start|p2a: Reuniclus|Encore\n|move|p2a: Reuniclus|Calm Mind|p2a: Reuniclus\n|-boost|p2a: Reuniclus|spa|1\n|-boost|p2a: Reuniclus|spd|1\n|\n|upkeep\n|turn|17\n|\n|t:|1781399150\n|switch|p2a: Crabominable|Crabominable, L90, M|321/321\n|move|p1a: Comfey|Calm Mind|p1a: Comfey\n|-boost|p1a: Comfey|spa|1\n|-boost|p1a: Comfey|spd|1\n|\n|upkeep\n|turn|18\n|\n|t:|1781399153\n|move|p1a: Comfey|Draining Kiss|p2a: Crabominable\n|-supereffective|p2a: Crabominable\n|-damage|p2a: Crabominable|139/321\n|move|p2a: Crabominable|Ice Hammer|p1a: Comfey|[miss]\n|-miss|p2a: Crabominable|p1a: Comfey\n|\n|upkeep\n|turn|19\n|\n|t:|1781399158\n|move|p1a: Comfey|Draining Kiss|p2a: Crabominable\n|-supereffective|p2a: Crabominable\n|-damage|p2a: Crabominable|0 fnt\n|faint|p2a: Crabominable\n|\n|upkeep\n|\n|t:|1781399165\n|switch|p2a: Lycanroc|Lycanroc, L86, F|269/269\n|turn|20\n|\n|t:|1781399169\n|move|p1a: Comfey|Draining Kiss|p2a: Lycanroc\n|-damage|p2a: Lycanroc|116/269\n|move|p2a: Lycanroc|Stone Edge|p1a: Comfey|[miss]\n|-miss|p2a: Lycanroc|p1a: Comfey\n|\n|upkeep\n|turn|21\n|\n|t:|1781399174\n|move|p1a: Comfey|Draining Kiss|p2a: Lycanroc\n|-damage|p2a: Lycanroc|0 fnt\n|faint|p2a: Lycanroc\n|\n|upkeep\n|\n|t:|1781399177\n|switch|p2a: Reuniclus|Reuniclus, L88, M|337/337\n|turn|22\n|l|\u203dAquapower\n|player|p2|\n|j|\u203dAquapower\n|player|p2|Aquapower|102|\n|n|\u203dAquapower|aquapower\n|n|\u203dAquapower|aquapower\n|inactive|Battle timer is ON: inactive players will automatically lose when time's up. (requested by Aquapower)\n|inactive|DaMoistAvocado has 120 seconds left.\n|inactive|DaMoistAvocado has 90 seconds left.\n|inactive|DaMoistAvocado has 60 seconds left.\n|inactive|DaMoistAvocado has 30 seconds left.\n|inactive|DaMoistAvocado has 20 seconds left.\n|inactive|DaMoistAvocado has 15 seconds left.\n|inactive|DaMoistAvocado has 10 seconds left.\n|inactive|DaMoistAvocado has 5 seconds left.\n|-message|DaMoistAvocado lost due to inactivity.\n|\n|win|Aquapower\n", "uploadtime": 1781398907, "views": 6, "formatid": "gen9randombattle", "rating": null, "private": 0, "password": null}