{"id": "gen9randombattle-2631427016", "format": "[Gen 9] Random Battle", "players": ["Zekromkicker", "Petilil37"], "log": "|j|\u2606Zekromkicker\n|j|\u203dPetilil37\n|t:|1781383292\n|gametype|singles\n|player|p1|Zekromkicker|rosa-masters|2025\n|player|p2|Petilil37|2|2037\n|gen|9\n|tier|[Gen 9] Random Battle\n|rated|\n|rule|Species Clause: Limit one of each Pok\u00e9mon\n|rule|HP Percentage Mod: HP is shown in percentages\n|rule|Sleep Clause Mod: Limit one foe put to sleep\n|rule|Illusion Level Mod: Illusion disguises the Pok\u00e9mon's true level\n|\n|t:|1781383292\n|teamsize|p1|6\n|teamsize|p2|6\n|start\n|switch|p1a: Qwilfish|Qwilfish, L86, M|252/252\n|switch|p2a: Bisharp|Bisharp, L79, M|232/232\n|-ability|p1a: Qwilfish|Intimidate|boost\n|-unboost|p2a: Bisharp|atk|1\n|-ability|p2a: Bisharp|Defiant|boost\n|-boost|p2a: Bisharp|atk|2\n|turn|1\n|inactive|Battle timer is ON: inactive players will automatically lose when time's up. (requested by Zekromkicker)\n|\n|t:|1781383310\n|move|p1a: Qwilfish|Flip Turn|p2a: Bisharp\n|-damage|p2a: Bisharp|187/232\n|\n|t:|1781383312\n|switch|p1a: Hitmonchan|Hitmonchan, L87, M|229/229|[from] Flip Turn\n|move|p2a: Bisharp|Throat Chop|p1a: Hitmonchan\n|-resisted|p1a: Hitmonchan\n|-damage|p1a: Hitmonchan|163/229\n|-start|p1a: Hitmonchan|Throat Chop|[silent]\n|\n|upkeep\n|turn|2\n|\n|t:|1781383318\n|move|p1a: Hitmonchan|Knock Off|p2a: Bisharp\n|-resisted|p2a: Bisharp\n|-damage|p2a: Bisharp|163/232\n|-enditem|p2a: Bisharp|Eviolite|[from] move: Knock Off|[of] p1a: Hitmonchan\n|move|p2a: Bisharp|Iron Head|p1a: Hitmonchan\n|-crit|p1a: Hitmonchan\n|-damage|p1a: Hitmonchan|0 fnt\n|faint|p1a: Hitmonchan\n|\n|upkeep\n|\n|t:|1781383324\n|switch|p1a: Hawlucha|Hawlucha, L80, F|256/256\n|turn|3\n|\n|t:|1781383334\n|switch|p2a: Pachirisu|Pachirisu, L96, M|271/271\n|move|p1a: Hawlucha|Swords Dance|p1a: Hawlucha\n|-boost|p1a: Hawlucha|atk|2\n|\n|upkeep\n|turn|4\n|\n|t:|1781383352\n|switch|p1a: Volbeat|Volbeat, L90, M|263/263\n|move|p2a: Pachirisu|Nuzzle|p1a: Volbeat\n|-damage|p1a: Volbeat|245/263\n|-status|p1a: Volbeat|par\n|\n|upkeep\n|turn|5\n|\n|t:|1781383356\n|move|p2a: Pachirisu|U-turn|p1a: Volbeat\n|-damage|p1a: Volbeat|206/263 par\n|\n|t:|1781383358\n|switch|p2a: Gliscor|Gliscor, L76, M|239/239|[from] U-turn\n|cant|p1a: Volbeat|par\n|\n|-status|p2a: Gliscor|tox|[from] item: Toxic Orb\n|upkeep\n|turn|6\n|\n|t:|1781383366\n|move|p2a: Gliscor|Earthquake|p1a: Volbeat\n|-resisted|p1a: Volbeat\n|-damage|p1a: Volbeat|158/263 par\n|cant|p1a: Volbeat|par\n|\n|upkeep\n|turn|7\n|\n|t:|1781383373\n|switch|p2a: Bisharp|Bisharp, L79, M|163/232\n|move|p1a: Volbeat|U-turn|p2a: Bisharp\n|-damage|p2a: Bisharp|90/232\n|\n|t:|1781383393\n|switch|p1a: Politoed|Politoed, L88, F|302/302|[from] U-turn\n|-weather|RainDance|[from] ability: Drizzle|[of] p1a: Politoed\n|\n|-weather|RainDance|[upkeep]\n|upkeep\n|turn|8\n|\n|t:|1781383399\n|move|p2a: Bisharp|Sucker Punch|p1a: Politoed\n|-damage|p1a: Politoed|223/302\n|move|p1a: Politoed|Surf|p2a: Bisharp\n|-damage|p2a: Bisharp|0 fnt\n|faint|p2a: Bisharp\n|\n|-weather|RainDance|[upkeep]\n|upkeep\n|\n|t:|1781383404\n|switch|p2a: Meowscarada|Meowscarada, L78, F|247/247\n|turn|9\n|\n|t:|1781383416\n|switch|p1a: Hawlucha|Hawlucha, L80, F|256/256\n|move|p2a: Meowscarada|U-turn|p1a: Hawlucha\n|-start|p2a: Meowscarada|typechange|Bug|[from] ability: Protean\n|-resisted|p1a: Hawlucha\n|-damage|p1a: Hawlucha|222/256\n|\n|t:|1781383419\n|switch|p2a: Pachirisu|Pachirisu, L96, M|271/271|[from] U-turn\n|\n|-weather|RainDance|[upkeep]\n|upkeep\n|turn|10\n|\n|t:|1781383426\n|switch|p1a: Volbeat|Volbeat, L90, M|158/263 par\n|move|p2a: Pachirisu|Thunderbolt|p1a: Volbeat\n|-damage|p1a: Volbeat|91/263 par\n|\n|-weather|RainDance|[upkeep]\n|upkeep\n|turn|11\n|\n|t:|1781383431\n|move|p1a: Volbeat|Roost|p1a: Volbeat\n|-heal|p1a: Volbeat|223/263 par\n|-singleturn|p1a: Volbeat|move: Roost\n|move|p2a: Pachirisu|U-turn|p1a: Volbeat\n|-damage|p1a: Volbeat|181/263 par\n|\n|t:|1781383434\n|switch|p2a: Meowscarada|Meowscarada, L78, F|247/247|[from] U-turn\n|\n|-weather|none\n|upkeep\n|turn|12\n|\n|t:|1781383437\n|move|p2a: Meowscarada|Triple Axel|p1a: Volbeat\n|-start|p2a: Meowscarada|typechange|Ice|[from] ability: Protean\n|-damage|p1a: Volbeat|144/263 par\n|-damage|p1a: Volbeat|75/263 par\n|-damage|p1a: Volbeat|0 fnt\n|faint|p1a: Volbeat\n|-hitcount|p1: Volbeat|3\n|\n|upkeep\n|\n|t:|1781383445\n|switch|p1a: Politoed|Politoed, L88, F|223/302\n|-weather|RainDance|[from] ability: Drizzle|[of] p1a: Politoed\n|turn|13\n|\n|t:|1781383450\n|switch|p2a: Tentacruel|Tentacruel, L84, M|272/272\n|-terastallize|p1a: Politoed|Water\n|move|p1a: Politoed|Surf|p2a: Tentacruel\n|-resisted|p2a: Tentacruel\n|-damage|p2a: Tentacruel|218/272\n|\n|-weather|RainDance|[upkeep]\n|upkeep\n|turn|14\n|\n|t:|1781383459\n|switch|p1a: Qwilfish|Qwilfish, L86, M|252/252\n|-ability|p1a: Qwilfish|Intimidate|boost\n|-unboost|p2a: Tentacruel|atk|1\n|move|p2a: Tentacruel|Knock Off|p1a: Qwilfish\n|-damage|p1a: Qwilfish|217/252\n|-enditem|p1a: Qwilfish|Heavy-Duty Boots|[from] move: Knock Off|[of] p2a: Tentacruel\n|\n|-weather|RainDance|[upkeep]\n|upkeep\n|turn|15\n|\n|t:|1781383468\n|move|p2a: Tentacruel|Surf|p1a: Qwilfish\n|-resisted|p1a: Qwilfish\n|-damage|p1a: Qwilfish|136/252\n|move|p1a: Qwilfish|Gunk Shot|p2a: Tentacruel|[miss]\n|-miss|p1a: Qwilfish|p2a: Tentacruel\n|\n|-weather|RainDance|[upkeep]\n|upkeep\n|turn|16\n|\n|t:|1781383477\n|move|p2a: Tentacruel|Surf|p1a: Qwilfish\n|-resisted|p1a: Qwilfish\n|-damage|p1a: Qwilfish|51/252\n|move|p1a: Qwilfish|Pain Split|p2a: Tentacruel\n|-sethp|p2a: Tentacruel|134/272|[from] move: Pain Split|[silent]\n|-sethp|p1a: Qwilfish|134/252|[from] move: Pain Split\n|\n|-weather|RainDance|[upkeep]\n|upkeep\n|turn|17\n|\n|t:|1781383480\n|move|p2a: Tentacruel|Surf|p1a: Qwilfish\n|-resisted|p1a: Qwilfish\n|-damage|p1a: Qwilfish|48/252\n|move|p1a: Qwilfish|Gunk Shot|p2a: Tentacruel\n|-resisted|p2a: Tentacruel\n|-damage|p2a: Tentacruel|53/272\n|\n|-weather|none\n|upkeep\n|turn|18\n|\n|t:|1781383483\n|move|p2a: Tentacruel|Surf|p1a: Qwilfish\n|-resisted|p1a: Qwilfish\n|-damage|p1a: Qwilfish|0 fnt\n|faint|p1a: Qwilfish\n|\n|upkeep\n|\n|t:|1781383488\n|switch|p1a: Hawlucha|Hawlucha, L80, F|222/256\n|turn|19\n|\n|t:|1781383494\n|switch|p2a: Pachirisu|Pachirisu, L96, M|271/271\n|move|p1a: Hawlucha|Swords Dance|p1a: Hawlucha\n|-boost|p1a: Hawlucha|atk|2\n|\n|upkeep\n|turn|20\n|\n|t:|1781383498\n|move|p2a: Pachirisu|Nuzzle|p1a: Hawlucha\n|-supereffective|p1a: Hawlucha\n|-damage|p1a: Hawlucha|184/256\n|-status|p1a: Hawlucha|par\n|move|p1a: Hawlucha|Close Combat|p2a: Pachirisu\n|-damage|p2a: Pachirisu|58/271\n|-unboost|p1a: Hawlucha|def|1\n|-unboost|p1a: Hawlucha|spd|1\n|-enditem|p1a: Hawlucha|White Herb\n|-clearnegativeboost|p1a: Hawlucha|[silent]\n|\n|upkeep\n|turn|21\n|\n|t:|1781383506\n|move|p2a: Pachirisu|Thunderbolt|p1a: Hawlucha\n|-supereffective|p1a: Hawlucha\n|-damage|p1a: Hawlucha|0 fnt\n|faint|p1a: Hawlucha\n|\n|upkeep\n|\n|t:|1781383514\n|switch|p1a: Porygon2|Porygon2, L81|270/270\n|-ability|p1a: Porygon2|Download|boost\n|-boost|p1a: Porygon2|atk|1\n|turn|22\n|\n|t:|1781383520\n|move|p2a: Pachirisu|Nuzzle|p1a: Porygon2\n|-damage|p1a: Porygon2|258/270\n|-status|p1a: Porygon2|par\n|cant|p1a: Porygon2|par\n|\n|upkeep\n|turn|23\n|\n|t:|1781383525\n|move|p2a: Pachirisu|Super Fang|p1a: Porygon2\n|-damage|p1a: Porygon2|129/270 par\n|cant|p1a: Porygon2|par\n|\n|upkeep\n|turn|24\n|\n|t:|1781383528\n|move|p2a: Pachirisu|Thunderbolt|p1a: Porygon2\n|-damage|p1a: Porygon2|80/270 par\n|cant|p1a: Porygon2|par\n|\n|upkeep\n|turn|25\n|\n|t:|1781383533\n|move|p2a: Pachirisu|Thunderbolt|p1a: Porygon2\n|-damage|p1a: Porygon2|32/270 par\n|move|p1a: Porygon2|Tera Blast|p2a: Pachirisu\n|-damage|p2a: Pachirisu|7/271\n|\n|upkeep\n|turn|26\n|\n|t:|1781383540\n|move|p2a: Pachirisu|Thunderbolt|p1a: Porygon2\n|-damage|p1a: Porygon2|0 fnt\n|faint|p1a: Porygon2\n|\n|upkeep\n|\n|t:|1781383542\n|switch|p1a: Politoed|Politoed, L88, F, tera:Water|223/302\n|-weather|RainDance|[from] ability: Drizzle|[of] p1a: Politoed\n|turn|27\n|\n|t:|1781383544\n|move|p2a: Pachirisu|Thunderbolt|p1a: Politoed\n|-supereffective|p1a: Politoed\n|-damage|p1a: Politoed|91/302\n|move|p1a: Politoed|Surf|p2a: Pachirisu\n|-damage|p2a: Pachirisu|0 fnt\n|faint|p2a: Pachirisu\n|\n|-weather|RainDance|[upkeep]\n|upkeep\n|\n|t:|1781383546\n|switch|p2a: Meowscarada|Meowscarada, L78, F|247/247\n|turn|28\n|\n|t:|1781383551\n|move|p2a: Meowscarada|Flower Trick|p1a: Politoed\n|-start|p2a: Meowscarada|typechange|Grass|[from] ability: Protean\n|-supereffective|p1a: Politoed\n|-crit|p1a: Politoed\n|-damage|p1a: Politoed|0 fnt\n|faint|p1a: Politoed\n|\n|win|Petilil37\n", "uploadtime": 1781383294, "views": 8, "formatid": "gen9randombattle", "rating": null, "private": 0, "password": null}