{"id": "gen9randombattle-2631853624", "format": "[Gen 9] Random Battle", "players": ["repains", "RedDudeN64"], "log": "|j|\u2606repains\n|j|\u2606RedDudeN64\n|t:|1781448377\n|gametype|singles\n|player|p1|repains|benga|2126\n|player|p2|RedDudeN64|red|2162\n|gen|9\n|tier|[Gen 9] Random Battle\n|rated|\n|rule|Species Clause: Limit one of each Pok\u00e9mon\n|rule|HP Percentage Mod: HP is shown in percentages\n|rule|Sleep Clause Mod: Limit one foe put to sleep\n|rule|Illusion Level Mod: Illusion disguises the Pok\u00e9mon's true level\n|\n|t:|1781448377\n|teamsize|p1|6\n|teamsize|p2|6\n|start\n|switch|p1a: Iron Leaves|Iron Leaves, L80|275/275\n|switch|p2a: Amoonguss|Amoonguss, L82, F|321/321\n|turn|1\n|inactive|Battle timer is ON: inactive players will automatically lose when time's up. (requested by repains)\n|inactive|RedDudeN64 has 120 seconds left.\n|\n|t:|1781448416\n|move|p1a: Iron Leaves|Psyblade|p2a: Amoonguss\n|-supereffective|p2a: Amoonguss\n|-damage|p2a: Amoonguss|0 fnt\n|faint|p2a: Amoonguss\n|\n|upkeep\n|\n|t:|1781448421\n|switch|p2a: Hydreigon|Hydreigon, L79, M|275/275\n|turn|2\n|inactive|repains has 120 seconds left.\n|\n|t:|1781448454\n|-end|p1a: Iron Leaves|Quark Drive|[silent]\n|switch|p1a: Clefable|Clefable, L83, M|293/293\n|move|p2a: Hydreigon|U-turn|p1a: Clefable\n|-resisted|p1a: Clefable\n|-damage|p1a: Clefable|267/293\n|\n|t:|1781448470\n|switch|p2a: Terrakion|Terrakion, L79|273/273|[from] U-turn\n|\n|-heal|p1a: Clefable|285/293|[from] item: Leftovers\n|upkeep\n|turn|3\n|inactive|repains has 120 seconds left.\n|\n|t:|1781448497\n|move|p2a: Terrakion|Stone Edge|p1a: Clefable\n|-damage|p1a: Clefable|68/293\n|move|p1a: Clefable|Thunder Wave|p2a: Terrakion\n|-status|p2a: Terrakion|par\n|\n|-heal|p1a: Clefable|86/293|[from] item: Leftovers\n|upkeep\n|turn|4\n|\n|t:|1781448508\n|move|p1a: Clefable|Moonlight|p1a: Clefable\n|-heal|p1a: Clefable|232/293\n|cant|p2a: Terrakion|par\n|\n|-heal|p1a: Clefable|250/293|[from] item: Leftovers\n|upkeep\n|turn|5\n|\n|t:|1781448522\n|move|p1a: Clefable|Moonblast|p2a: Terrakion\n|-supereffective|p2a: Terrakion\n|-damage|p2a: Terrakion|79/273 par\n|move|p2a: Terrakion|Stone Edge|p1a: Clefable\n|-damage|p1a: Clefable|60/293\n|\n|-heal|p1a: Clefable|78/293|[from] item: Leftovers\n|upkeep\n|turn|6\n|inactive|repains has 120 seconds left.\n|\n|t:|1781448534\n|move|p1a: Clefable|Moonlight|p1a: Clefable\n|-heal|p1a: Clefable|224/293\n|move|p2a: Terrakion|Stone Edge|p1a: Clefable|[miss]\n|-miss|p2a: Terrakion|p1a: Clefable\n|\n|-heal|p1a: Clefable|242/293|[from] item: Leftovers\n|upkeep\n|turn|7\n|-message|RedDudeN64 forfeited.\n|\n|win|repains\n", "uploadtime": 1781448379, "views": 3, "formatid": "gen9randombattle", "rating": null, "private": 0, "password": null}