{"id": "gen9randombattle-2631526795", "format": "[Gen 9] Random Battle", "players": ["Astrokid11", "Jefejenaro"], "log": "|j|\u2606Astrokid11\n|j|\u2606Jefejenaro\n|t:|1781396754\n|gametype|singles\n|player|p1|Astrokid11|102|1907\n|player|p2|Jefejenaro|wallace|1966\n|gen|9\n|tier|[Gen 9] Random Battle\n|rated|\n|rule|Species Clause: Limit one of each Pok\u00e9mon\n|rule|HP Percentage Mod: HP is shown in percentages\n|rule|Sleep Clause Mod: Limit one foe put to sleep\n|rule|Illusion Level Mod: Illusion disguises the Pok\u00e9mon's true level\n|\n|t:|1781396754\n|teamsize|p1|6\n|teamsize|p2|6\n|start\n|switch|p1a: Zangoose|Zangoose, L85, M|263/263\n|switch|p2a: Lapras|Lapras, L87, M|367/367\n|turn|1\n|inactive|Battle timer is ON: inactive players will automatically lose when time's up. (requested by Astrokid11)\n|\n|t:|1781396764\n|move|p1a: Zangoose|Knock Off|p2a: Lapras\n|-damage|p2a: Lapras|287/367\n|-enditem|p2a: Lapras|Choice Specs|[from] move: Knock Off|[of] p1a: Zangoose\n|move|p2a: Lapras|Sparkling Aria|p1a: Zangoose\n|-damage|p1a: Zangoose|143/263\n|\n|-status|p1a: Zangoose|tox|[from] item: Toxic Orb\n|upkeep\n|turn|2\n|\n|t:|1781396776\n|move|p1a: Zangoose|Close Combat|p2a: Lapras\n|-supereffective|p2a: Lapras\n|-damage|p2a: Lapras|0 fnt\n|-unboost|p1a: Zangoose|def|1\n|-unboost|p1a: Zangoose|spd|1\n|faint|p2a: Lapras\n|\n|-damage|p1a: Zangoose|127/263 tox|[from] psn\n|upkeep\n|\n|t:|1781396783\n|switch|p2a: Munkidori|Munkidori, L79, M|269/269\n|turn|3\n|\n|t:|1781396793\n|switch|p1a: Tentacruel|Tentacruel, L84, F|272/272\n|move|p2a: Munkidori|Sludge Wave|p1a: Tentacruel\n|-resisted|p1a: Tentacruel\n|-damage|p1a: Tentacruel|217/272\n|-damage|p2a: Munkidori|243/269|[from] item: Life Orb\n|\n|-heal|p1a: Tentacruel|234/272|[from] item: Leftovers\n|upkeep\n|turn|4\n|\n|t:|1781396822\n|switch|p1a: Weavile|Weavile, L79, F|240/240\n|move|p2a: Munkidori|Psyshock|p1a: Weavile\n|-immune|p1a: Weavile\n|\n|upkeep\n|turn|5\n|\n|t:|1781396828\n|switch|p2a: Overqwil|Overqwil, L82, F|274/274\n|-ability|p2a: Overqwil|Intimidate|boost\n|-unboost|p1a: Weavile|atk|1\n|move|p1a: Weavile|Knock Off|p2a: Overqwil\n|-resisted|p2a: Overqwil\n|-damage|p2a: Overqwil|238/274\n|-enditem|p2a: Overqwil|Loaded Dice|[from] move: Knock Off|[of] p1a: Weavile\n|\n|upkeep\n|turn|6\n|inactive|Astrokid11 has 120 seconds left.\n|inactive|Astrokid11 has 90 seconds left.\n|\n|t:|1781396885\n|switch|p1a: Okidogi|Okidogi, L77, M|262/262\n|move|p2a: Overqwil|Gunk Shot|p1a: Okidogi\n|-resisted|p1a: Okidogi\n|-damage|p1a: Okidogi|199/262\n|\n|upkeep\n|turn|7\n|\n|t:|1781396903\n|move|p2a: Overqwil|Swords Dance|p2a: Overqwil\n|-boost|p2a: Overqwil|atk|2\n|move|p1a: Okidogi|Knock Off|p2a: Overqwil\n|-resisted|p2a: Overqwil\n|-damage|p2a: Overqwil|215/274\n|\n|upkeep\n|turn|8\n|\n|t:|1781396913\n|switch|p2a: Entei|Entei, L78|307/307\n|move|p1a: Okidogi|Drain Punch|p2a: Entei\n|-damage|p2a: Entei|211/307\n|-heal|p1a: Okidogi|247/262|[from] drain|[of] p2a: Entei\n|-status|p2a: Entei|tox|[from] ability: Toxic Chain|[of] p1a: Okidogi\n|\n|-damage|p2a: Entei|192/307 tox|[from] psn\n|upkeep\n|turn|9\n|\n|t:|1781396923\n|move|p2a: Entei|Sacred Fire|p1a: Okidogi|[miss]\n|-miss|p2a: Entei|p1a: Okidogi\n|move|p1a: Okidogi|Drain Punch|p2a: Entei\n|-damage|p2a: Entei|96/307 tox\n|-heal|p1a: Okidogi|262/262|[from] drain|[of] p2a: Entei\n|\n|-damage|p2a: Entei|58/307 tox|[from] psn\n|upkeep\n|turn|10\n|\n|t:|1781396952\n|switch|p1a: Tentacruel|Tentacruel, L84, F|234/272\n|move|p2a: Entei|Sacred Fire|p1a: Tentacruel\n|-resisted|p1a: Tentacruel\n|-damage|p1a: Tentacruel|129/272\n|\n|-heal|p1a: Tentacruel|146/272|[from] item: Leftovers\n|-damage|p2a: Entei|1/307 tox|[from] psn\n|upkeep\n|turn|11\n|\n|t:|1781396979\n|switch|p2a: Overqwil|Overqwil, L82, F|215/274\n|-ability|p2a: Overqwil|Intimidate|boost\n|-unboost|p1a: Tentacruel|atk|1\n|move|p1a: Tentacruel|Rapid Spin|p2a: Overqwil\n|-damage|p2a: Overqwil|196/274\n|-boost|p1a: Tentacruel|spe|1\n|\n|-heal|p1a: Tentacruel|163/272|[from] item: Leftovers\n|upkeep\n|turn|12\n|\n|t:|1781396996\n|switch|p1a: Okidogi|Okidogi, L77, M|262/262\n|move|p2a: Overqwil|Scale Shot|p1a: Okidogi\n|-damage|p1a: Okidogi|243/262\n|-damage|p1a: Okidogi|225/262\n|-damage|p1a: Okidogi|207/262\n|-damage|p1a: Okidogi|189/262\n|-damage|p1a: Okidogi|170/262\n|-hitcount|p1a: Okidogi|5\n|-unboost|p2a: Overqwil|def|1\n|-boost|p2a: Overqwil|spe|1\n|\n|upkeep\n|turn|13\n|\n|t:|1781397006\n|switch|p2a: Entei|Entei, L78|1/307 tox\n|move|p1a: Okidogi|Drain Punch|p2a: Entei\n|-crit|p2a: Entei\n|-damage|p2a: Entei|0 fnt\n|-heal|p1a: Okidogi|171/262|[from] drain|[of] p2a: Entei\n|faint|p2a: Entei\n|\n|upkeep\n|inactive|Jefejenaro has 120 seconds left.\n|\n|t:|1781397018\n|switch|p2a: Munkidori|Munkidori, L79, M|243/269\n|turn|14\n|inactive|Astrokid11 has 120 seconds left.\n|\n|t:|1781397027\n|move|p2a: Munkidori|Sludge Wave|p1a: Okidogi\n|-resisted|p1a: Okidogi\n|-damage|p1a: Okidogi|113/262\n|-damage|p2a: Munkidori|217/269|[from] item: Life Orb\n|move|p1a: Okidogi|Knock Off|p2a: Munkidori\n|-supereffective|p2a: Munkidori\n|-damage|p2a: Munkidori|45/269\n|-enditem|p2a: Munkidori|Life Orb|[from] move: Knock Off|[of] p1a: Okidogi\n|\n|upkeep\n|turn|15\n|\n|t:|1781397033\n|move|p2a: Munkidori|Sludge Wave|p1a: Okidogi\n|-resisted|p1a: Okidogi\n|-damage|p1a: Okidogi|71/262\n|move|p1a: Okidogi|Knock Off|p2a: Munkidori\n|-supereffective|p2a: Munkidori\n|-damage|p2a: Munkidori|0 fnt\n|faint|p2a: Munkidori\n|\n|upkeep\n|\n|t:|1781397039\n|switch|p2a: Inteleon|Inteleon, L81, M|246/246\n|turn|16\n|\n|t:|1781397045\n|move|p2a: Inteleon|Scald|p1a: Okidogi\n|-damage|p1a: Okidogi|0 fnt\n|faint|p1a: Okidogi\n|\n|upkeep\n|\n|t:|1781397055\n|switch|p1a: Tentacruel|Tentacruel, L84, F|163/272\n|turn|17\n|\n|t:|1781397058\n|switch|p2a: Overqwil|Overqwil, L82, F|196/274\n|-ability|p2a: Overqwil|Intimidate|boost\n|-unboost|p1a: Tentacruel|atk|1\n|move|p1a: Tentacruel|Surf|p2a: Overqwil\n|-damage|p2a: Overqwil|97/274\n|\n|-heal|p1a: Tentacruel|180/272|[from] item: Leftovers\n|upkeep\n|turn|18\n|\n|t:|1781397063\n|move|p1a: Tentacruel|Surf|p2a: Overqwil\n|-damage|p2a: Overqwil|0 fnt\n|faint|p2a: Overqwil\n|\n|-heal|p1a: Tentacruel|197/272|[from] item: Leftovers\n|upkeep\n|\n|t:|1781397066\n|switch|p2a: Smeargle|Smeargle, L95, F|258/258\n|turn|19\n|\n|t:|1781397068\n|move|p1a: Tentacruel|Toxic|p2a: Smeargle\n|-status|p2a: Smeargle|tox\n|move|p2a: Smeargle|Shell Smash|p2a: Smeargle\n|-unboost|p2a: Smeargle|def|1\n|-unboost|p2a: Smeargle|spd|1\n|-boost|p2a: Smeargle|atk|2\n|-boost|p2a: Smeargle|spa|2\n|-boost|p2a: Smeargle|spe|2\n|\n|-heal|p1a: Tentacruel|214/272|[from] item: Leftovers\n|-damage|p2a: Smeargle|242/258 tox|[from] psn\n|upkeep\n|turn|20\n|\n|t:|1781397079\n|move|p2a: Smeargle|Population Bomb|p1a: Tentacruel\n|-damage|p1a: Tentacruel|177/272\n|-damage|p1a: Tentacruel|137/272\n|-damage|p1a: Tentacruel|97/272\n|-damage|p1a: Tentacruel|58/272\n|-damage|p1a: Tentacruel|15/272\n|-damage|p1a: Tentacruel|0 fnt\n|faint|p1a: Tentacruel\n|-hitcount|p1: Tentacruel|6\n|\n|-damage|p2a: Smeargle|210/258 tox|[from] psn\n|upkeep\n|\n|t:|1781397087\n|switch|p1a: Zangoose|Zangoose, L85, M|127/263 tox\n|turn|21\n|\n|t:|1781397093\n|-terastallize|p2a: Smeargle|Ghost\n|move|p1a: Zangoose|Quick Attack|p2a: Smeargle\n|-immune|p2a: Smeargle\n|move|p2a: Smeargle|Population Bomb|p1a: Zangoose\n|-damage|p1a: Zangoose|85/263 tox\n|-damage|p1a: Zangoose|45/263 tox\n|-damage|p1a: Zangoose|2/263 tox\n|-damage|p1a: Zangoose|0 fnt\n|faint|p1a: Zangoose\n|-hitcount|p1: Zangoose|4\n|\n|-damage|p2a: Smeargle|162/258 tox|[from] psn\n|upkeep\n|\n|t:|1781397101\n|switch|p1a: Glaceon|Glaceon, L94, F|275/275\n|turn|22\n|\n|t:|1781397117\n|move|p1a: Glaceon|Protect|p1a: Glaceon\n|-singleturn|p1a: Glaceon|Protect\n|move|p2a: Smeargle|Population Bomb|p1a: Glaceon\n|-activate|p1a: Glaceon|move: Protect\n|\n|-damage|p2a: Smeargle|98/258 tox|[from] psn\n|upkeep\n|turn|23\n|\n|t:|1781397145\n|switch|p1a: Weavile|Weavile, L79, F|240/240\n|move|p2a: Smeargle|Population Bomb|p1a: Weavile\n|-damage|p1a: Weavile|195/240\n|-damage|p1a: Weavile|156/240\n|-damage|p1a: Weavile|117/240\n|-damage|p1a: Weavile|77/240\n|-damage|p1a: Weavile|32/240\n|-damage|p1a: Weavile|0 fnt\n|faint|p1a: Weavile\n|-hitcount|p1: Weavile|6\n|\n|-damage|p2a: Smeargle|18/258 tox|[from] psn\n|upkeep\n|\n|t:|1781397152\n|switch|p1a: Glaceon|Glaceon, L94, F|275/275\n|turn|24\n|inactive|Jefejenaro has 120 seconds left.\n|\n|t:|1781397188\n|move|p1a: Glaceon|Protect|p1a: Glaceon\n|-singleturn|p1a: Glaceon|Protect\n|move|p2a: Smeargle|Population Bomb|p1a: Glaceon\n|-activate|p1a: Glaceon|move: Protect\n|\n|-damage|p2a: Smeargle|0 fnt|[from] psn\n|faint|p2a: Smeargle\n|upkeep\n|\n|t:|1781397191\n|switch|p2a: Inteleon|Inteleon, L81, M|246/246\n|turn|25\n|\n|t:|1781397194\n|move|p2a: Inteleon|Hydro Pump|p1a: Glaceon\n|-damage|p1a: Glaceon|109/275\n|move|p1a: Glaceon|Freeze-Dry|p2a: Inteleon\n|-supereffective|p2a: Inteleon\n|-damage|p2a: Inteleon|0 fnt\n|faint|p2a: Inteleon\n|\n|win|Astrokid11\n|raw|Astrokid11's rating: 1907 &rarr; <strong>1930</strong><br />(+23 for winning)\n|raw|Jefejenaro's rating: 1966 &rarr; <strong>1943</strong><br />(-23 for losing)\n", "uploadtime": 1781396756, "views": 4, "formatid": "gen9randombattle", "rating": 1930, "private": 0, "password": null}