{"id": "gen9randombattle-2631806038", "format": "[Gen 9] Random Battle", "players": ["noodlemaster", "PlumeFGC"], "log": "|j|\u2606noodlemaster\n|j|\u2606PlumeFGC\n|t:|1781442346\n|gametype|singles\n|player|p1|noodlemaster|plasmagrunt|1527\n|player|p2|PlumeFGC|pokemonbreederf-gen4|1489\n|gen|9\n|tier|[Gen 9] Random Battle\n|rated|\n|rule|Species Clause: Limit one of each Pok\u00e9mon\n|rule|HP Percentage Mod: HP is shown in percentages\n|rule|Sleep Clause Mod: Limit one foe put to sleep\n|rule|Illusion Level Mod: Illusion disguises the Pok\u00e9mon's true level\n|\n|t:|1781442346\n|teamsize|p1|6\n|teamsize|p2|6\n|start\n|switch|p1a: Glastrier|Glastrier, L86|312/312\n|switch|p2a: Coalossal|Coalossal, L89, M|341/341\n|turn|1\n|\n|t:|1781442365\n|move|p2a: Coalossal|Stone Edge|p1a: Glastrier\n|-supereffective|p1a: Glastrier\n|-damage|p1a: Glastrier|174/312\n|move|p1a: Glastrier|High Horsepower|p2a: Coalossal|[miss]\n|-miss|p1a: Glastrier|p2a: Coalossal\n|\n|upkeep\n|turn|2\n|\n|t:|1781442383\n|switch|p2a: Giratina|Giratina-Origin, L72|335/335\n|move|p1a: Glastrier|Icicle Crash|p2a: Giratina|[miss]\n|-miss|p1a: Glastrier|p2a: Giratina\n|\n|upkeep\n|turn|3\n|c|\u2606noodlemaster|bro\n|c|\u2606PlumeFGC|omg\n|\n|t:|1781442397\n|move|p2a: Giratina|Poltergeist|p1a: Glastrier\n|-activate|p1a: Glastrier|move: Poltergeist|Heavy-Duty Boots\n|-damage|p1a: Glastrier|93/312\n|move|p1a: Glastrier|Icicle Crash|p2a: Giratina\n|-supereffective|p2a: Giratina\n|-damage|p2a: Giratina|75/335\n|\n|upkeep\n|turn|4\n|\n|t:|1781442407\n|move|p2a: Giratina|Draco Meteor|p1a: Glastrier\n|-damage|p1a: Glastrier|0 fnt\n|-unboost|p2a: Giratina|spa|2\n|faint|p1a: Glastrier\n|\n|upkeep\n|c|\u2606noodlemaster|fuck this stupid horse\n|\n|t:|1781442420\n|switch|p1a: Gyarados|Gyarados, L79, M|280/280\n|turn|5\n|\n|t:|1781442427\n|switch|p2a: Ting-Lu|Ting-Lu, L78|370/370\n|-ability|p2a: Ting-Lu|Vessel of Ruin\n|move|p1a: Gyarados|Dragon Dance|p1a: Gyarados\n|-boost|p1a: Gyarados|atk|1\n|-boost|p1a: Gyarados|spe|1\n|\n|upkeep\n|turn|6\n|\n|t:|1781442435\n|move|p1a: Gyarados|Waterfall|p2a: Ting-Lu\n|-supereffective|p2a: Ting-Lu\n|-damage|p2a: Ting-Lu|128/370\n|move|p2a: Ting-Lu|Whirlwind|p1a: Gyarados\n|drag|p1a: Sandy Shocks|Sandy Shocks, L80|267/267\n|\n|-heal|p2a: Ting-Lu|151/370|[from] item: Leftovers\n|upkeep\n|turn|7\n|\n|t:|1781442445\n|switch|p2a: Coalossal|Coalossal, L89, M|341/341\n|move|p1a: Sandy Shocks|Stealth Rock|p2a: Coalossal\n|-sidestart|p2: PlumeFGC|move: Stealth Rock\n|\n|upkeep\n|turn|8\n|\n|t:|1781442460\n|switch|p2a: Giratina|Giratina-Origin, L72|75/335\n|-damage|p2a: Giratina|34/335|[from] Stealth Rock\n|move|p1a: Sandy Shocks|Earth Power|p2a: Giratina\n|-immune|p2a: Giratina|[from] ability: Levitate\n|\n|upkeep\n|turn|9\n|\n|t:|1781442474\n|switch|p2a: Ting-Lu|Ting-Lu, L78|151/370\n|-damage|p2a: Ting-Lu|128/370|[from] Stealth Rock\n|-ability|p2a: Ting-Lu|Vessel of Ruin\n|move|p1a: Sandy Shocks|Thunderbolt|p2a: Ting-Lu\n|-immune|p2a: Ting-Lu\n|\n|-heal|p2a: Ting-Lu|151/370|[from] item: Leftovers\n|upkeep\n|turn|10\n|\n|t:|1781442487\n|-end|p1a: Sandy Shocks|Protosynthesis|[silent]\n|switch|p1a: Gyarados|Gyarados, L79, M|280/280\n|move|p2a: Ting-Lu|Throat Chop|p1a: Gyarados\n|-damage|p1a: Gyarados|189/280\n|-start|p1a: Gyarados|Throat Chop|[silent]\n|\n|-heal|p2a: Ting-Lu|174/370|[from] item: Leftovers\n|upkeep\n|turn|11\n|\n|t:|1781442494\n|switch|p2a: Giratina|Giratina-Origin, L72|34/335\n|-damage|p2a: Giratina|0 fnt|[from] Stealth Rock\n|faint|p2a: Giratina\n|move|p1a: Gyarados|Waterfall|p2: Giratina|[notarget]\n|-fail|p1a: Gyarados\n|\n|-end|p1a: Gyarados|Throat Chop|[silent]\n|upkeep\n|\n|t:|1781442505\n|switch|p2a: Cinccino|Cinccino, L83, F|260/260\n|-damage|p2a: Cinccino|228/260|[from] Stealth Rock\n|turn|12\n|\n|t:|1781442525\n|move|p2a: Cinccino|Tidy Up|p2a: Cinccino\n|-sideend|p2: PlumeFGC|Stealth Rock\n|-activate|p2a: Cinccino|move: Tidy Up\n|-boost|p2a: Cinccino|atk|1\n|-boost|p2a: Cinccino|spe|1\n|move|p1a: Gyarados|Dragon Dance|p1a: Gyarados\n|-boost|p1a: Gyarados|atk|1\n|-boost|p1a: Gyarados|spe|1\n|\n|upkeep\n|turn|13\n|\n|t:|1781442549\n|move|p2a: Cinccino|Tail Slap|p1a: Gyarados\n|-damage|p1a: Gyarados|120/280\n|-damage|p1a: Gyarados|53/280\n|-damage|p1a: Gyarados|0 fnt\n|faint|p1a: Gyarados\n|-hitcount|p1: Gyarados|3\n|\n|upkeep\n|\n|t:|1781442554\n|switch|p1a: Metagross|Metagross, L79|256/256\n|turn|14\n|\n|t:|1781442565\n|switch|p2a: Ting-Lu|Ting-Lu, L78|174/370\n|-ability|p2a: Ting-Lu|Vessel of Ruin\n|move|p1a: Metagross|Heavy Slam|p2a: Ting-Lu\n|-damage|p2a: Ting-Lu|132/370\n|\n|-heal|p2a: Ting-Lu|155/370|[from] item: Leftovers\n|upkeep\n|turn|15\n|\n|t:|1781442575\n|move|p1a: Metagross|Knock Off|p2a: Ting-Lu\n|-resisted|p2a: Ting-Lu\n|-damage|p2a: Ting-Lu|124/370\n|-enditem|p2a: Ting-Lu|Leftovers|[from] move: Knock Off|[of] p1a: Metagross\n|move|p2a: Ting-Lu|Spikes|p1a: Metagross\n|-sidestart|p1: noodlemaster|Spikes\n|\n|upkeep\n|turn|16\n|\n|t:|1781442606\n|switch|p1a: Feraligatr|Feraligatr, L79, M|264/264\n|-damage|p1a: Feraligatr|231/264|[from] Spikes\n|move|p2a: Ting-Lu|Whirlwind|p1a: Feraligatr\n|drag|p1a: Sandy Shocks|Sandy Shocks, L80|267/267\n|-damage|p1a: Sandy Shocks|234/267|[from] Spikes\n|\n|-heal|p1a: Sandy Shocks|250/267|[from] item: Leftovers\n|upkeep\n|turn|17\n|\n|t:|1781442616\n|move|p1a: Sandy Shocks|Earth Power|p2a: Ting-Lu\n|-damage|p2a: Ting-Lu|34/370\n|move|p2a: Ting-Lu|Spikes|p1a: Sandy Shocks\n|-sidestart|p1: noodlemaster|Spikes\n|\n|-heal|p1a: Sandy Shocks|266/267|[from] item: Leftovers\n|upkeep\n|turn|18\n|\n|t:|1781442626\n|move|p1a: Sandy Shocks|Earth Power|p2a: Ting-Lu\n|-damage|p2a: Ting-Lu|0 fnt\n|faint|p2a: Ting-Lu\n|\n|-heal|p1a: Sandy Shocks|267/267|[from] item: Leftovers\n|upkeep\n|\n|t:|1781442637\n|switch|p2a: Cinccino|Cinccino, L83, F|228/260\n|turn|19\n|\n|t:|1781442649\n|move|p2a: Cinccino|Triple Axel|p1a: Sandy Shocks|[miss]\n|-miss|p2a: Cinccino|p1a: Sandy Shocks\n|move|p1a: Sandy Shocks|Thunder Wave|p2a: Cinccino\n|-status|p2a: Cinccino|par\n|\n|upkeep\n|turn|20\n|\n|t:|1781442663\n|-end|p1a: Sandy Shocks|Protosynthesis|[silent]\n|switch|p1a: Metagross|Metagross, L79|256/256\n|-damage|p1a: Metagross|214/256|[from] Spikes\n|move|p2a: Cinccino|Bullet Seed|p1a: Metagross\n|-resisted|p1a: Metagross\n|-damage|p1a: Metagross|205/256\n|-resisted|p1a: Metagross\n|-damage|p1a: Metagross|194/256\n|-resisted|p1a: Metagross\n|-damage|p1a: Metagross|183/256\n|-resisted|p1a: Metagross\n|-damage|p1a: Metagross|174/256\n|-hitcount|p1a: Metagross|4\n|\n|upkeep\n|turn|21\n|\n|t:|1781442675\n|switch|p2a: Coalossal|Coalossal, L89, M|341/341\n|move|p1a: Metagross|Heavy Slam|p2a: Coalossal\n|-damage|p2a: Coalossal|305/341\n|-status|p1a: Metagross|brn|[from] ability: Flame Body|[of] p2a: Coalossal\n|\n|-damage|p1a: Metagross|158/256 brn|[from] brn\n|upkeep\n|turn|22\n|\n|t:|1781442694\n|switch|p2a: Cinccino|Cinccino, L83, F|228/260 par\n|move|p1a: Metagross|Earthquake|p2a: Cinccino\n|-damage|p2a: Cinccino|169/260 par\n|\n|-damage|p1a: Metagross|142/256 brn|[from] brn\n|upkeep\n|turn|23\n|\n|t:|1781442701\n|move|p1a: Metagross|Knock Off|p2a: Cinccino\n|-damage|p2a: Cinccino|116/260 par\n|-enditem|p2a: Cinccino|Loaded Dice|[from] move: Knock Off|[of] p1a: Metagross\n|move|p2a: Cinccino|Tail Slap|p1a: Metagross\n|-resisted|p1a: Metagross\n|-damage|p1a: Metagross|126/256 brn\n|-resisted|p1a: Metagross\n|-damage|p1a: Metagross|111/256 brn\n|-hitcount|p1a: Metagross|2\n|\n|-damage|p1a: Metagross|95/256 brn|[from] brn\n|upkeep\n|turn|24\n|\n|t:|1781442711\n|switch|p2a: Coalossal|Coalossal, L89, M|305/341\n|move|p1a: Metagross|Heavy Slam|p2a: Coalossal\n|-damage|p2a: Coalossal|286/341\n|\n|-damage|p1a: Metagross|79/256 brn|[from] brn\n|upkeep\n|turn|25\n|\n|t:|1781442719\n|move|p1a: Metagross|Knock Off|p2a: Coalossal\n|-damage|p2a: Coalossal|255/341\n|-enditem|p2a: Coalossal|Heavy-Duty Boots|[from] move: Knock Off|[of] p1a: Metagross\n|move|p2a: Coalossal|Spikes|p1a: Metagross\n|-sidestart|p1: noodlemaster|Spikes\n|\n|-damage|p1a: Metagross|63/256 brn|[from] brn\n|upkeep\n|turn|26\n|\n|t:|1781442728\n|move|p1a: Metagross|Earthquake|p2a: Coalossal\n|-supereffective|p2a: Coalossal\n|-damage|p2a: Coalossal|141/341\n|move|p2a: Coalossal|Rapid Spin|p1a: Metagross\n|-resisted|p1a: Metagross\n|-crit|p1a: Metagross\n|-damage|p1a: Metagross|41/256 brn\n|-boost|p2a: Coalossal|spe|1\n|\n|-damage|p1a: Metagross|25/256 brn|[from] brn\n|upkeep\n|turn|27\n|\n|t:|1781442736\n|move|p1a: Metagross|Earthquake|p2a: Coalossal\n|-supereffective|p2a: Coalossal\n|-damage|p2a: Coalossal|15/341\n|move|p2a: Coalossal|Stone Edge|p1a: Metagross\n|-resisted|p1a: Metagross\n|-damage|p1a: Metagross|0 fnt\n|faint|p1a: Metagross\n|\n|upkeep\n|\n|t:|1781442745\n|switch|p1a: Feraligatr|Feraligatr, L79, M|231/264\n|-damage|p1a: Feraligatr|165/264|[from] Spikes\n|turn|28\n|\n|t:|1781442759\n|move|p1a: Feraligatr|Dragon Dance|p1a: Feraligatr\n|-boost|p1a: Feraligatr|atk|1\n|-boost|p1a: Feraligatr|spe|1\n|move|p2a: Coalossal|Stone Edge|p1a: Feraligatr\n|-damage|p1a: Feraligatr|59/264\n|\n|upkeep\n|turn|29\n|\n|t:|1781442766\n|move|p1a: Feraligatr|Liquidation|p2a: Coalossal\n|-supereffective|p2a: Coalossal\n|-damage|p2a: Coalossal|0 fnt\n|faint|p2a: Coalossal\n|\n|upkeep\n|\n|t:|1781442776\n|switch|p2a: Iron Crown|Iron Crown, L78|268/268\n|turn|30\n|\n|t:|1781442782\n|move|p1a: Feraligatr|Crunch|p2a: Iron Crown\n|-supereffective|p2a: Iron Crown\n|-damage|p2a: Iron Crown|29/268\n|move|p2a: Iron Crown|Volt Switch|p1a: Feraligatr\n|-supereffective|p1a: Feraligatr\n|-damage|p1a: Feraligatr|0 fnt\n|faint|p1a: Feraligatr\n|\n|t:|1781442797\n|-end|p2a: Iron Crown|Quark Drive|[silent]\n|switch|p2a: Blaziken|Blaziken, L76, M|247/247|[from] Volt Switch\n|\n|upkeep\n|\n|t:|1781442813\n|switch|p1a: Sandy Shocks|Sandy Shocks, L80|267/267\n|-damage|p1a: Sandy Shocks|201/267|[from] Spikes\n|turn|31\n|\n|t:|1781442817\n|switch|p2a: Cinccino|Cinccino, L83, F|116/260 par\n|move|p1a: Sandy Shocks|Earth Power|p2a: Cinccino\n|-damage|p2a: Cinccino|0 fnt\n|faint|p2a: Cinccino\n|\n|-heal|p1a: Sandy Shocks|217/267|[from] item: Leftovers\n|upkeep\n|\n|t:|1781442825\n|switch|p2a: Blaziken|Blaziken, L76, M|247/247\n|turn|32\n|\n|t:|1781442831\n|-terastallize|p2a: Blaziken|Fighting\n|move|p1a: Sandy Shocks|Earth Power|p2a: Blaziken\n|-damage|p2a: Blaziken|112/247\n|move|p2a: Blaziken|Swords Dance|p2a: Blaziken\n|-boost|p2a: Blaziken|atk|2\n|\n|-heal|p1a: Sandy Shocks|233/267|[from] item: Leftovers\n|-ability|p2a: Blaziken|Speed Boost|boost\n|-boost|p2a: Blaziken|spe|1\n|upkeep\n|turn|33\n|\n|t:|1781442859\n|move|p2a: Blaziken|Close Combat|p1a: Sandy Shocks\n|-damage|p1a: Sandy Shocks|0 fnt\n|-unboost|p2a: Blaziken|def|1\n|-unboost|p2a: Blaziken|spd|1\n|faint|p1a: Sandy Shocks\n|-end|p1a: Sandy Shocks|Protosynthesis|[silent]\n|-damage|p2a: Blaziken|88/247|[from] item: Life Orb\n|\n|-ability|p2a: Blaziken|Speed Boost|boost\n|-boost|p2a: Blaziken|spe|1\n|upkeep\n|\n|t:|1781442862\n|switch|p1a: Rampardos|Rampardos, L90, F|321/321\n|-damage|p1a: Rampardos|241/321|[from] Spikes\n|turn|34\n|\n|t:|1781442871\n|move|p2a: Blaziken|Close Combat|p1a: Rampardos\n|-supereffective|p1a: Rampardos\n|-damage|p1a: Rampardos|0 fnt\n|-unboost|p2a: Blaziken|def|1\n|-unboost|p2a: Blaziken|spd|1\n|faint|p1a: Rampardos\n|-damage|p2a: Blaziken|64/247|[from] item: Life Orb\n|\n|win|PlumeFGC\n", "uploadtime": 1781442411, "views": 2, "formatid": "gen9randombattle", "rating": null, "private": 0, "password": null}