{"id": "gen9randombattle-2631639030", "format": "[Gen 9] Random Battle", "players": ["duuhhao", "fashionstar510"], "log": "|j|\u2606duuhhao\n|j|\u203dfashionstar510\n|t:|1781413008\n|gametype|singles\n|player|p1|duuhhao|clair|2187\n|player|p2|fashionstar510|266|2254\n|gen|9\n|tier|[Gen 9] Random Battle\n|rated|\n|rule|Species Clause: Limit one of each Pok\u00e9mon\n|rule|HP Percentage Mod: HP is shown in percentages\n|rule|Sleep Clause Mod: Limit one foe put to sleep\n|rule|Illusion Level Mod: Illusion disguises the Pok\u00e9mon's true level\n|\n|t:|1781413008\n|teamsize|p1|6\n|teamsize|p2|6\n|start\n|switch|p1a: Magnezone|Magnezone, L85|258/258\n|switch|p2a: Reshiram|Reshiram, L76|277/277\n|-ability|p2a: Reshiram|Turboblaze\n|turn|1\n|\n|t:|1781413020\n|switch|p1a: Kyogre|Kyogre, L71|259/259\n|-weather|RainDance|[from] ability: Drizzle|[of] p1a: Kyogre\n|move|p2a: Reshiram|Dragon Dance|p2a: Reshiram\n|-boost|p2a: Reshiram|atk|1\n|-boost|p2a: Reshiram|spe|1\n|\n|-weather|RainDance|[upkeep]\n|upkeep\n|turn|2\n|inactive|Battle timer is ON: inactive players will automatically lose when time's up. (requested by fashionstar510)\n|\n|t:|1781413029\n|move|p2a: Reshiram|Outrage|p1a: Kyogre\n|-damage|p1a: Kyogre|28/259\n|move|p1a: Kyogre|Origin Pulse|p2a: Reshiram\n|-damage|p2a: Reshiram|117/277\n|\n|-weather|RainDance|[upkeep]\n|-heal|p1a: Kyogre|44/259|[from] item: Leftovers\n|upkeep\n|turn|3\n|\n|t:|1781413035\n|move|p2a: Reshiram|Outrage|p1a: Kyogre|[from] lockedmove\n|-damage|p1a: Kyogre|0 fnt\n|faint|p1a: Kyogre\n|-start|p2a: Reshiram|confusion|[fatigue]\n|\n|-weather|RainDance|[upkeep]\n|upkeep\n|\n|t:|1781413038\n|switch|p1a: Glalie|Glalie, L96, M|309/309\n|turn|4\n|j| xiaozenguu\n|\n|t:|1781413047\n|-activate|p2a: Reshiram|confusion\n|move|p2a: Reshiram|Flare Blitz|p1a: Glalie\n|-supereffective|p1a: Glalie\n|-damage|p1a: Glalie|151/309\n|-damage|p2a: Reshiram|65/277|[from] Recoil\n|move|p1a: Glalie|Earthquake|p2a: Reshiram\n|-supereffective|p2a: Reshiram\n|-damage|p2a: Reshiram|0 fnt\n|faint|p2a: Reshiram\n|\n|-weather|RainDance|[upkeep]\n|upkeep\n|\n|t:|1781413056\n|switch|p2a: Dewgong|Dewgong, L94, M|322/322\n|turn|5\n|\n|t:|1781413059\n|move|p1a: Glalie|Spikes|p2a: Dewgong\n|-sidestart|p2: fashionstar510|Spikes\n|move|p2a: Dewgong|Knock Off|p1a: Glalie\n|-damage|p1a: Glalie|86/309\n|-enditem|p1a: Glalie|Heavy-Duty Boots|[from] move: Knock Off|[of] p2a: Dewgong\n|\n|-weather|none\n|upkeep\n|turn|6\n|\n|t:|1781413064\n|move|p1a: Glalie|Earthquake|p2a: Dewgong\n|-damage|p2a: Dewgong|244/322\n|move|p2a: Dewgong|Surf|p1a: Glalie\n|-damage|p1a: Glalie|0 fnt\n|faint|p1a: Glalie\n|\n|upkeep\n|\n|t:|1781413066\n|switch|p1a: Magnezone|Magnezone, L85|258/258\n|turn|7\n|\n|t:|1781413071\n|switch|p2a: Palossand|Palossand, L89, M|296/296\n|-damage|p2a: Palossand|259/296|[from] Spikes\n|move|p1a: Magnezone|Thunderbolt|p2a: Palossand\n|-immune|p2a: Palossand\n|\n|-heal|p2a: Palossand|277/296|[from] item: Leftovers\n|upkeep\n|turn|8\n|\n|t:|1781413078\n|switch|p1a: Kommo-o|Kommo-o, L78, F|245/245\n|move|p2a: Palossand|Stealth Rock|p1a: Kommo-o\n|-sidestart|p1: duuhhao|move: Stealth Rock\n|\n|-heal|p2a: Palossand|295/296|[from] item: Leftovers\n|upkeep\n|turn|9\n|\n|t:|1781413082\n|move|p1a: Kommo-o|Swords Dance|p1a: Kommo-o\n|-boost|p1a: Kommo-o|atk|2\n|move|p2a: Palossand|Earth Power|p1a: Kommo-o\n|-damage|p1a: Kommo-o|139/245\n|\n|-heal|p2a: Palossand|296/296|[from] item: Leftovers\n|upkeep\n|turn|10\n|\n|t:|1781413086\n|move|p1a: Kommo-o|Scale Shot|p2a: Palossand\n|-damage|p2a: Palossand|256/296\n|-damage|p2a: Palossand|216/296\n|-damage|p2a: Palossand|176/296\n|-damage|p2a: Palossand|136/296\n|-hitcount|p2a: Palossand|4\n|-unboost|p1a: Kommo-o|def|1\n|-boost|p1a: Kommo-o|spe|1\n|move|p2a: Palossand|Earth Power|p1a: Kommo-o\n|-damage|p1a: Kommo-o|42/245\n|\n|-heal|p2a: Palossand|154/296|[from] item: Leftovers\n|upkeep\n|turn|11\n|\n|t:|1781413094\n|move|p1a: Kommo-o|Scale Shot|p2a: Palossand\n|-damage|p2a: Palossand|117/296\n|-damage|p2a: Palossand|72/296\n|-damage|p2a: Palossand|29/296\n|-damage|p2a: Palossand|0 fnt\n|faint|p2a: Palossand\n|-hitcount|p2: Palossand|4\n|-unboost|p1a: Kommo-o|def|1\n|-boost|p1a: Kommo-o|spe|1\n|\n|upkeep\n|\n|t:|1781413101\n|switch|p2a: Mandibuzz|Mandibuzz, L85, F|326/326\n|turn|12\n|\n|t:|1781413105\n|move|p1a: Kommo-o|Close Combat|p2a: Mandibuzz\n|-damage|p2a: Mandibuzz|127/326\n|-unboost|p1a: Kommo-o|def|1\n|-unboost|p1a: Kommo-o|spd|1\n|move|p2a: Mandibuzz|Foul Play|p1a: Kommo-o\n|-resisted|p1a: Kommo-o\n|-damage|p1a: Kommo-o|0 fnt\n|faint|p1a: Kommo-o\n|\n|upkeep\n|\n|t:|1781413108\n|switch|p1a: Magnezone|Magnezone, L85|258/258\n|-damage|p1a: Magnezone|242/258|[from] Stealth Rock\n|turn|13\n|\n|t:|1781413112\n|switch|p2a: Jolteon|Jolteon, L84, M|246/246\n|-damage|p2a: Jolteon|216/246|[from] Spikes\n|move|p1a: Magnezone|Thunderbolt|p2a: Jolteon\n|-heal|p2a: Jolteon|246/246|[from] ability: Volt Absorb|[of] p1a: Magnezone\n|\n|upkeep\n|turn|14\n|\n|t:|1781413120\n|switch|p1a: Banette|Banette, L93, F|270/270\n|-damage|p1a: Banette|237/270|[from] Stealth Rock\n|move|p2a: Jolteon|Shadow Ball|p1a: Banette\n|-supereffective|p1a: Banette\n|-damage|p1a: Banette|11/270\n|\n|upkeep\n|turn|15\n|\n|t:|1781413125\n|move|p1a: Banette|Shadow Sneak|p2a: Jolteon\n|-damage|p2a: Jolteon|137/246\n|-damage|p1a: Banette|0 fnt|[from] item: Life Orb\n|faint|p1a: Banette\n|move|p2a: Jolteon|Shadow Ball|p1: Banette|[notarget]\n|-fail|p2a: Jolteon\n|\n|upkeep\n|\n|t:|1781413132\n|switch|p1a: Rabsca|Rabsca, L91, F|284/284\n|turn|16\n|\n|t:|1781413139\n|-terastallize|p1a: Rabsca|Steel\n|move|p2a: Jolteon|Shadow Ball|p1a: Rabsca\n|-damage|p1a: Rabsca|205/284\n|move|p1a: Rabsca|Revival Blessing|p1a: Rabsca\n|\n|t:|1781413153\n|-heal|p1: Kyogre|129/259|[from] move: Revival Blessing\n|\n|upkeep\n|turn|17\n|inactive|fashionstar510 has 120 seconds left.\n|\n|t:|1781413195\n|switch|p2a: Mandibuzz|Mandibuzz, L85, F|127/326\n|move|p1a: Rabsca|Bug Buzz|p2a: Mandibuzz\n|-damage|p2a: Mandibuzz|13/326\n|\n|upkeep\n|turn|18\n|\n|t:|1781413202\n|move|p2a: Mandibuzz|Foul Play|p1a: Rabsca\n|-damage|p1a: Rabsca|159/284\n|move|p1a: Rabsca|Recover|p1a: Rabsca\n|-heal|p1a: Rabsca|284/284\n|\n|upkeep\n|turn|19\n|\n|t:|1781413206\n|move|p2a: Mandibuzz|Foul Play|p1a: Rabsca\n|-damage|p1a: Rabsca|242/284\n|move|p1a: Rabsca|Psychic|p2a: Mandibuzz\n|-immune|p2a: Mandibuzz\n|\n|upkeep\n|turn|20\n|\n|t:|1781413210\n|move|p2a: Mandibuzz|Foul Play|p1a: Rabsca\n|-damage|p1a: Rabsca|200/284\n|move|p1a: Rabsca|Bug Buzz|p2a: Mandibuzz\n|-damage|p2a: Mandibuzz|0 fnt\n|faint|p2a: Mandibuzz\n|\n|upkeep\n|\n|t:|1781413214\n|switch|p2a: Golem|Golem-Alola, L93, F|300/300\n|-damage|p2a: Golem|263/300|[from] Spikes\n|turn|21\n|\n|t:|1781413227\n|switch|p1a: Magnezone|Magnezone, L85|242/258\n|-damage|p1a: Magnezone|226/258|[from] Stealth Rock\n|move|p2a: Golem|Earthquake|p1a: Magnezone\n|-supereffective|p1a: Magnezone\n|-damage|p1a: Magnezone|0 fnt\n|faint|p1a: Magnezone\n|-damage|p2a: Golem|233/300|[from] item: Life Orb\n|\n|upkeep\n|\n|t:|1781413228\n|switch|p1a: Kyogre|Kyogre, L71|129/259\n|-damage|p1a: Kyogre|97/259|[from] Stealth Rock\n|-weather|RainDance|[from] ability: Drizzle|[of] p1a: Kyogre\n|turn|22\n|\n|t:|1781413233\n|switch|p2a: Dewgong|Dewgong, L94, M|244/322\n|-damage|p2a: Dewgong|204/322|[from] Spikes\n|move|p1a: Kyogre|Origin Pulse|p2a: Dewgong\n|-resisted|p2a: Dewgong\n|-crit|p2a: Dewgong\n|-damage|p2a: Dewgong|132/322\n|\n|-weather|RainDance|[upkeep]\n|-heal|p1a: Kyogre|113/259|[from] item: Leftovers\n|upkeep\n|turn|23\n|\n|t:|1781413241\n|move|p2a: Dewgong|Knock Off|p1a: Kyogre\n|-damage|p1a: Kyogre|33/259\n|-enditem|p1a: Kyogre|Leftovers|[from] move: Knock Off|[of] p2a: Dewgong\n|move|p1a: Kyogre|Thunder|p2a: Dewgong\n|-supereffective|p2a: Dewgong\n|-damage|p2a: Dewgong|46/322\n|\n|-weather|RainDance|[upkeep]\n|upkeep\n|turn|24\n|\n|t:|1781413248\n|switch|p1a: Rabsca|Rabsca, L91, F, tera:Steel|200/284\n|move|p2a: Dewgong|Surf|p1a: Rabsca\n|-damage|p1a: Rabsca|79/284\n|\n|-weather|RainDance|[upkeep]\n|upkeep\n|turn|25\n|\n|t:|1781413251\n|move|p2a: Dewgong|Surf|p1a: Rabsca\n|-crit|p1a: Rabsca\n|-damage|p1a: Rabsca|0 fnt\n|faint|p1a: Rabsca\n|\n|-weather|RainDance|[upkeep]\n|upkeep\n|-message|duuhhao forfeited.\n|\n|win|fashionstar510\n", "uploadtime": 1781413009, "views": 3, "formatid": "gen9randombattle", "rating": null, "private": 0, "password": null}