{"id": "gen9randombattle-2631890907", "format": "[Gen 9] Random Battle", "players": ["blufferfish2009", "rgrgreger"], "log": "|j|\u2606blufferfish2009\n|j|\u2606rgrgreger\n|t:|1781452574\n|gametype|singles\n|player|p1|blufferfish2009|iris-gen5bw2|1925\n|player|p2|rgrgreger|zinzolin|1969\n|gen|9\n|tier|[Gen 9] Random Battle\n|rated|\n|rule|Species Clause: Limit one of each Pok\u00e9mon\n|rule|HP Percentage Mod: HP is shown in percentages\n|rule|Sleep Clause Mod: Limit one foe put to sleep\n|rule|Illusion Level Mod: Illusion disguises the Pok\u00e9mon's true level\n|\n|t:|1781452574\n|teamsize|p1|6\n|teamsize|p2|6\n|start\n|switch|p1a: Feraligatr|Feraligatr, L79, F|264/264\n|switch|p2a: Clefable|Clefable, L83, M|293/293\n|turn|1\n|inactive|Battle timer is ON: inactive players will automatically lose when time's up. (requested by rgrgreger)\n|\n|t:|1781452581\n|switch|p2a: Arcanine|Arcanine, L84, F|288/288\n|-ability|p2a: Arcanine|Intimidate|boost\n|-unboost|p1a: Feraligatr|atk|1\n|move|p1a: Feraligatr|Liquidation|p2a: Arcanine\n|-supereffective|p2a: Arcanine\n|-damage|p2a: Arcanine|67/288\n|\n|upkeep\n|turn|2\n|\n|t:|1781452588\n|switch|p1a: Misdreavus|Misdreavus, L90, M|254/254\n|move|p2a: Arcanine|Extreme Speed|p1a: Misdreavus\n|-immune|p1a: Misdreavus\n|\n|upkeep\n|turn|3\n|\n|t:|1781452594\n|move|p2a: Arcanine|Morning Sun|p2a: Arcanine\n|-heal|p2a: Arcanine|211/288\n|move|p1a: Misdreavus|Shadow Ball|p2a: Arcanine\n|-damage|p2a: Arcanine|121/288\n|-unboost|p2a: Arcanine|spd|1\n|\n|upkeep\n|turn|4\n|\n|t:|1781452597\n|move|p2a: Arcanine|Flare Blitz|p1a: Misdreavus\n|-damage|p1a: Misdreavus|134/254\n|-damage|p2a: Arcanine|81/288|[from] Recoil\n|move|p1a: Misdreavus|Calm Mind|p1a: Misdreavus\n|-boost|p1a: Misdreavus|spa|1\n|-boost|p1a: Misdreavus|spd|1\n|\n|upkeep\n|turn|5\n|\n|t:|1781452600\n|move|p2a: Arcanine|Flare Blitz|p1a: Misdreavus\n|-damage|p1a: Misdreavus|28/254\n|-damage|p2a: Arcanine|46/288|[from] Recoil\n|move|p1a: Misdreavus|Shadow Ball|p2a: Arcanine\n|-damage|p2a: Arcanine|0 fnt\n|faint|p2a: Arcanine\n|\n|upkeep\n|\n|t:|1781452612\n|switch|p2a: Talonflame|Talonflame, L83, M|265/265\n|turn|6\n|\n|t:|1781452619\n|move|p2a: Talonflame|Overheat|p1a: Misdreavus\n|-damage|p1a: Misdreavus|0 fnt\n|-unboost|p2a: Talonflame|spa|2\n|faint|p1a: Misdreavus\n|\n|upkeep\n|\n|t:|1781452621\n|switch|p1a: Feraligatr|Feraligatr, L79, F|264/264\n|turn|7\n|\n|t:|1781452628\n|move|p2a: Talonflame|Will-O-Wisp|p1a: Feraligatr\n|-status|p1a: Feraligatr|brn\n|move|p1a: Feraligatr|Liquidation|p2a: Talonflame\n|-supereffective|p2a: Talonflame\n|-damage|p2a: Talonflame|96/265\n|\n|-damage|p1a: Feraligatr|248/264 brn|[from] brn\n|upkeep\n|turn|8\n|\n|t:|1781452632\n|move|p2a: Talonflame|Brave Bird|p1a: Feraligatr\n|-damage|p1a: Feraligatr|145/264 brn\n|-damage|p2a: Talonflame|62/265|[from] Recoil\n|move|p1a: Feraligatr|Liquidation|p2a: Talonflame\n|-supereffective|p2a: Talonflame\n|-damage|p2a: Talonflame|0 fnt\n|faint|p2a: Talonflame\n|\n|-damage|p1a: Feraligatr|129/264 brn|[from] brn\n|upkeep\n|\n|t:|1781452638\n|switch|p2a: Tinkaton|Tinkaton, L82, F|274/274\n|-ability|p2a: Tinkaton|Mold Breaker\n|turn|9\n|\n|t:|1781452643\n|move|p2a: Tinkaton|Stealth Rock|p1a: Feraligatr\n|-sidestart|p1: blufferfish2009|move: Stealth Rock\n|move|p1a: Feraligatr|Liquidation|p2a: Tinkaton\n|-damage|p2a: Tinkaton|196/274\n|\n|-heal|p2a: Tinkaton|213/274|[from] item: Leftovers\n|-damage|p1a: Feraligatr|113/264 brn|[from] brn\n|upkeep\n|turn|10\n|\n|t:|1781452648\n|move|p2a: Tinkaton|Knock Off|p1a: Feraligatr\n|-damage|p1a: Feraligatr|65/264 brn\n|-enditem|p1a: Feraligatr|Life Orb|[from] move: Knock Off|[of] p2a: Tinkaton\n|move|p1a: Feraligatr|Liquidation|p2a: Tinkaton\n|-damage|p2a: Tinkaton|153/274\n|\n|-heal|p2a: Tinkaton|170/274|[from] item: Leftovers\n|-damage|p1a: Feraligatr|49/264 brn|[from] brn\n|upkeep\n|turn|11\n|\n|t:|1781452659\n|move|p2a: Tinkaton|Play Rough|p1a: Feraligatr\n|-damage|p1a: Feraligatr|0 fnt\n|faint|p1a: Feraligatr\n|\n|-heal|p2a: Tinkaton|187/274|[from] item: Leftovers\n|upkeep\n|\n|t:|1781452662\n|switch|p1a: Tornadus|Tornadus, L82, M|263/263\n|-damage|p1a: Tornadus|198/263|[from] Stealth Rock\n|turn|12\n|\n|t:|1781452672\n|move|p1a: Tornadus|Heat Wave|p2a: Tinkaton\n|-supereffective|p2a: Tinkaton\n|-damage|p2a: Tinkaton|0 fnt\n|faint|p2a: Tinkaton\n|\n|upkeep\n|\n|t:|1781452675\n|switch|p2a: Garchomp|Garchomp, L74, F|282/282\n|turn|13\n|\n|t:|1781452679\n|switch|p1a: Cinccino|Cinccino, L83, F|260/260\n|-damage|p1a: Cinccino|228/260|[from] Stealth Rock\n|move|p2a: Garchomp|Swords Dance|p2a: Garchomp\n|-boost|p2a: Garchomp|atk|2\n|\n|upkeep\n|turn|14\n|\n|t:|1781452688\n|move|p1a: Cinccino|Triple Axel|p2a: Garchomp\n|-supereffective|p2a: Garchomp\n|-damage|p2a: Garchomp|186/282\n|-damage|p1a: Cinccino|196/260|[from] ability: Rough Skin|[of] p2a: Garchomp\n|-supereffective|p2a: Garchomp\n|-damage|p2a: Garchomp|22/282\n|-damage|p1a: Cinccino|164/260|[from] ability: Rough Skin|[of] p2a: Garchomp\n|-supereffective|p2a: Garchomp\n|-damage|p2a: Garchomp|0 fnt\n|-damage|p1a: Cinccino|132/260|[from] ability: Rough Skin|[of] p2a: Garchomp\n|faint|p2a: Garchomp\n|-hitcount|p2: Garchomp|3\n|\n|upkeep\n|-message|rgrgreger forfeited.\n|\n|win|blufferfish2009\n", "uploadtime": 1781452575, "views": 4, "formatid": "gen9randombattle", "rating": null, "private": 0, "password": null}