{"id": "gen9randombattle-2631560795", "format": "[Gen 9] Random Battle", "players": ["Bigoleg", "SoCapable"], "log": "|j|\u2606Bigoleg\n|j|\u2606SoCapable\n|t:|1781401476\n|gametype|singles\n|player|p1|Bigoleg|169|2135\n|player|p2|SoCapable|silver|2228\n|gen|9\n|tier|[Gen 9] Random Battle\n|rated|\n|rule|Species Clause: Limit one of each Pok\u00e9mon\n|rule|HP Percentage Mod: HP is shown in percentages\n|rule|Sleep Clause Mod: Limit one foe put to sleep\n|rule|Illusion Level Mod: Illusion disguises the Pok\u00e9mon's true level\n|\n|t:|1781401476\n|teamsize|p1|6\n|teamsize|p2|6\n|start\n|switch|p1a: Hydreigon|Hydreigon, L79, M|275/275\n|switch|p2a: Revavroom|Revavroom, L79, M|256/256\n|turn|1\n|inactive|Battle timer is ON: inactive players will automatically lose when time's up. (requested by Bigoleg)\n|\n|t:|1781401494\n|switch|p2a: Sawsbuck|Sawsbuck-Summer, L88, F|284/284\n|move|p1a: Hydreigon|Fire Blast|p2a: Sawsbuck|[miss]\n|-miss|p1a: Hydreigon|p2a: Sawsbuck\n|\n|upkeep\n|turn|2\n|\n|t:|1781401500\n|switch|p2a: Houndoom|Houndoom, L87, F|272/272\n|move|p1a: Hydreigon|Fire Blast|p2a: Houndoom\n|-start|p2a: Houndoom|ability: Flash Fire\n|\n|upkeep\n|turn|3\n|\n|t:|1781401507\n|switch|p1a: Camerupt|Camerupt, L91, M|275/275\n|move|p2a: Houndoom|Fire Blast|p1a: Camerupt|[miss]\n|-miss|p2a: Houndoom|p1a: Camerupt\n|\n|upkeep\n|turn|4\n|\n|t:|1781401512\n|move|p2a: Houndoom|Fire Blast|p1a: Camerupt\n|-resisted|p1a: Camerupt\n|-damage|p1a: Camerupt|170/275\n|move|p1a: Camerupt|Stealth Rock|p2a: Houndoom\n|-sidestart|p2: SoCapable|move: Stealth Rock\n|\n|-heal|p1a: Camerupt|187/275|[from] item: Leftovers\n|upkeep\n|turn|5\n|\n|t:|1781401524\n|-end|p2a: Houndoom|ability: Flash Fire|[silent]\n|switch|p2a: Furret|Furret, L94, F|312/312\n|-damage|p2a: Furret|273/312|[from] Stealth Rock\n|-item|p1a: Camerupt|Leftovers|[from] ability: Frisk|[of] p2a: Furret\n|move|p1a: Camerupt|Earthquake|p2a: Furret\n|-damage|p2a: Furret|134/312\n|\n|-heal|p1a: Camerupt|204/275|[from] item: Leftovers\n|upkeep\n|turn|6\n|\n|t:|1781401529\n|move|p2a: Furret|Double-Edge|p1a: Camerupt\n|-damage|p1a: Camerupt|0 fnt\n|faint|p1a: Camerupt\n|-damage|p2a: Furret|67/312|[from] Recoil\n|\n|upkeep\n|\n|t:|1781401547\n|switch|p1a: Hydreigon|Hydreigon, L79, M|275/275\n|turn|7\n|\n|t:|1781401551\n|switch|p2a: Hitmonlee|Hitmonlee, L85, M|223/223\n|-damage|p2a: Hitmonlee|210/223|[from] Stealth Rock\n|move|p1a: Hydreigon|Dark Pulse|p2a: Hitmonlee\n|-resisted|p2a: Hitmonlee\n|-damage|p2a: Hitmonlee|170/223\n|\n|upkeep\n|turn|8\n|\n|t:|1781401566\n|switch|p1a: Vileplume|Vileplume, L85, F|266/266\n|move|p2a: Hitmonlee|High Jump Kick|p1a: Vileplume\n|-resisted|p1a: Vileplume\n|-damage|p1a: Vileplume|161/266\n|-status|p2a: Hitmonlee|psn|[from] ability: Effect Spore|[of] p1a: Vileplume\n|\n|-heal|p1a: Vileplume|177/266|[from] item: Leftovers\n|-damage|p2a: Hitmonlee|143/223 psn|[from] psn\n|upkeep\n|turn|9\n|\n|t:|1781401584\n|switch|p2a: Gengar|Gengar, L81, M|230/230\n|-damage|p2a: Gengar|202/230|[from] Stealth Rock\n|move|p1a: Vileplume|Sludge Bomb|p2a: Gengar\n|-resisted|p2a: Gengar\n|-damage|p2a: Gengar|168/230\n|-start|p1a: Vileplume|Disable|Sludge Bomb|[from] ability: Cursed Body|[of] p2a: Gengar\n|\n|-heal|p1a: Vileplume|193/266|[from] item: Leftovers\n|upkeep\n|turn|10\n|\n|t:|1781401592\n|switch|p1a: Braviary|Braviary, L85, M|309/309\n|move|p2a: Gengar|Sludge Wave|p1a: Braviary\n|-damage|p1a: Braviary|130/309\n|-damage|p2a: Gengar|145/230|[from] item: Life Orb\n|\n|upkeep\n|turn|11\n|\n|t:|1781401596\n|move|p2a: Gengar|Sludge Wave|p1a: Braviary\n|-damage|p1a: Braviary|0 fnt\n|faint|p1a: Braviary\n|-damage|p2a: Gengar|122/230|[from] item: Life Orb\n|\n|upkeep\n|\n|t:|1781401606\n|switch|p1a: Hydreigon|Hydreigon, L79, M|275/275\n|turn|12\n|\n|t:|1781401613\n|switch|p2a: Houndoom|Houndoom, L87, F|272/272\n|move|p1a: Hydreigon|Dark Pulse|p2a: Houndoom\n|-resisted|p2a: Houndoom\n|-damage|p2a: Houndoom|221/272\n|\n|upkeep\n|turn|13\n|inactive|Bigoleg has 120 seconds left.\n|\n|t:|1781401653\n|move|p1a: Hydreigon|Dark Pulse|p2a: Houndoom\n|-resisted|p2a: Houndoom\n|-damage|p2a: Houndoom|173/272\n|move|p2a: Houndoom|Nasty Plot|p2a: Houndoom\n|-boost|p2a: Houndoom|spa|2\n|\n|upkeep\n|turn|14\n|\n|t:|1781401656\n|move|p1a: Hydreigon|Dark Pulse|p2a: Houndoom\n|-resisted|p2a: Houndoom\n|-damage|p2a: Houndoom|124/272\n|move|p2a: Houndoom|Fire Blast|p1a: Hydreigon\n|-resisted|p1a: Hydreigon\n|-damage|p1a: Hydreigon|122/275\n|\n|upkeep\n|turn|15\n|\n|t:|1781401661\n|move|p1a: Hydreigon|Dark Pulse|p2a: Houndoom\n|-resisted|p2a: Houndoom\n|-damage|p2a: Houndoom|73/272\n|move|p2a: Houndoom|Fire Blast|p1a: Hydreigon\n|-resisted|p1a: Hydreigon\n|-damage|p1a: Hydreigon|0 fnt\n|faint|p1a: Hydreigon\n|\n|upkeep\n|\n|t:|1781401680\n|switch|p1a: Morpeko|Morpeko, L88, M|245/245\n|turn|16\n|\n|t:|1781401688\n|switch|p2a: Furret|Furret, L94, F|67/312\n|-damage|p2a: Furret|28/312|[from] Stealth Rock\n|-item|p1a: Morpeko|Leftovers|[from] ability: Frisk|[of] p2a: Furret\n|move|p1a: Morpeko|Aura Wheel|p2a: Furret\n|-damage|p2a: Furret|0 fnt\n|-boost|p1a: Morpeko|spe|1\n|faint|p2a: Furret\n|\n|-formechange|p1a: Morpeko|Morpeko-Hangry||[from] ability: Hunger Switch\n|upkeep\n|\n|t:|1781401692\n|switch|p2a: Revavroom|Revavroom, L79, M|256/256\n|-damage|p2a: Revavroom|240/256|[from] Stealth Rock\n|turn|17\n|\n|t:|1781401711\n|move|p1a: Morpeko|Aura Wheel|p2a: Revavroom\n|-damage|p2a: Revavroom|117/256\n|-boost|p1a: Morpeko|spe|1\n|move|p2a: Revavroom|High Horsepower|p1a: Morpeko\n|-supereffective|p1a: Morpeko\n|-damage|p1a: Morpeko|3/245\n|-damage|p2a: Revavroom|92/256|[from] item: Life Orb\n|\n|-heal|p1a: Morpeko|18/245|[from] item: Leftovers\n|-formechange|p1a: Morpeko|Morpeko||[from] ability: Hunger Switch\n|upkeep\n|turn|18\n|\n|t:|1781401722\n|move|p1a: Morpeko|Aura Wheel|p2a: Revavroom\n|-damage|p2a: Revavroom|0 fnt\n|-boost|p1a: Morpeko|spe|1\n|faint|p2a: Revavroom\n|\n|-heal|p1a: Morpeko|33/245|[from] item: Leftovers\n|-formechange|p1a: Morpeko|Morpeko-Hangry||[from] ability: Hunger Switch\n|upkeep\n|\n|t:|1781401723\n|switch|p2a: Sawsbuck|Sawsbuck-Summer, L88, F|284/284\n|-damage|p2a: Sawsbuck|249/284|[from] Stealth Rock\n|turn|19\n|\n|t:|1781401752\n|move|p1a: Morpeko|Aura Wheel|p2a: Sawsbuck\n|-damage|p2a: Sawsbuck|101/284\n|-boost|p1a: Morpeko|spe|1\n|move|p2a: Sawsbuck|Double-Edge|p1a: Morpeko\n|-damage|p1a: Morpeko|0 fnt\n|faint|p1a: Morpeko\n|-damage|p2a: Sawsbuck|90/284|[from] Recoil\n|-damage|p2a: Sawsbuck|62/284|[from] item: Life Orb\n|\n|upkeep\n|inactive|Bigoleg has 120 seconds left.\n|\n|t:|1781401767\n|switch|p1a: Vileplume|Vileplume, L85, F|193/266\n|turn|20\n|\n|t:|1781401772\n|move|p2a: Sawsbuck|Double-Edge|p1a: Vileplume\n|-damage|p1a: Vileplume|10/266\n|-damage|p2a: Sawsbuck|2/284|[from] Recoil\n|-damage|p2a: Sawsbuck|0 fnt|[from] item: Life Orb\n|faint|p2a: Sawsbuck\n|move|p1a: Vileplume|Strength Sap|p2: Sawsbuck|[notarget]\n|-fail|p1a: Vileplume\n|\n|-heal|p1a: Vileplume|26/266|[from] item: Leftovers\n|upkeep\n|\n|t:|1781401779\n|switch|p2a: Gengar|Gengar, L81, M|122/230\n|-damage|p2a: Gengar|94/230|[from] Stealth Rock\n|turn|21\n|\n|t:|1781401783\n|move|p2a: Gengar|Shadow Ball|p1a: Vileplume\n|-damage|p1a: Vileplume|0 fnt\n|faint|p1a: Vileplume\n|-damage|p2a: Gengar|71/230|[from] item: Life Orb\n|\n|upkeep\n|\n|t:|1781401785\n|switch|p1a: Kleavor|Kleavor, L78, F|237/237\n|turn|22\n|\n|t:|1781401793\n|move|p2a: Gengar|Shadow Ball|p1a: Kleavor\n|-damage|p1a: Kleavor|65/237\n|-damage|p2a: Gengar|48/230|[from] item: Life Orb\n|move|p1a: Kleavor|X-Scissor|p2a: Gengar\n|-resisted|p2a: Gengar\n|-damage|p2a: Gengar|1/230\n|\n|upkeep\n|turn|23\n|-message|Bigoleg forfeited.\n|\n|win|SoCapable\n", "uploadtime": 1781401478, "views": 4, "formatid": "gen9randombattle", "rating": null, "private": 0, "password": null}