{"id": "gen9randombattle-2631440064", "format": "[Gen 9] Random Battle", "players": ["DAWARDEN", "pyripillo1"], "log": "|j|\u2606DAWARDEN\n|j|\u2606pyripillo1\n|t:|1781384900\n|gametype|singles\n|player|p1|DAWARDEN|170|1094\n|player|p2|pyripillo1|ghetsis|1091\n|gen|9\n|tier|[Gen 9] Random Battle\n|rated|\n|rule|Species Clause: Limit one of each Pok\u00e9mon\n|rule|HP Percentage Mod: HP is shown in percentages\n|rule|Sleep Clause Mod: Limit one foe put to sleep\n|rule|Illusion Level Mod: Illusion disguises the Pok\u00e9mon's true level\n|\n|t:|1781384900\n|teamsize|p1|6\n|teamsize|p2|6\n|start\n|switch|p1a: Ampharos|Ampharos, L88, F|302/302\n|switch|p2a: Ogerpon|Ogerpon, L80, F|259/259\n|turn|1\n|inactive|Battle timer is ON: inactive players will automatically lose when time's up. (requested by pyripillo1)\n|\n|t:|1781384918\n|move|p2a: Ogerpon|Spikes|p1a: Ampharos\n|-sidestart|p1: DAWARDEN|Spikes\n|move|p1a: Ampharos|Dragon Tail|p2a: Ogerpon\n|-damage|p2a: Ogerpon|217/259\n|drag|p2a: Galvantula|Galvantula, L82, M|249/249\n|\n|upkeep\n|turn|2\n|\n|t:|1781384940\n|move|p2a: Galvantula|Sticky Web|p1a: Ampharos\n|-sidestart|p1: DAWARDEN|move: Sticky Web\n|move|p1a: Ampharos|Dragon Tail|p2a: Galvantula\n|-damage|p2a: Galvantula|194/249\n|drag|p2a: Skeledirge|Skeledirge, L79, F|294/294\n|\n|upkeep\n|turn|3\n|\n|t:|1781384960\n|move|p2a: Skeledirge|Torch Song|p1a: Ampharos\n|-damage|p1a: Ampharos|253/302\n|-boost|p2a: Skeledirge|spa|1\n|move|p1a: Ampharos|Thunderbolt|p2a: Skeledirge\n|-damage|p2a: Skeledirge|146/294\n|\n|upkeep\n|turn|4\n|\n|t:|1781384974\n|-terastallize|p1a: Ampharos|Fairy\n|move|p2a: Skeledirge|Torch Song|p1a: Ampharos\n|-damage|p1a: Ampharos|168/302\n|-boost|p2a: Skeledirge|spa|1\n|move|p1a: Ampharos|Dragon Tail|p2a: Skeledirge\n|-damage|p2a: Skeledirge|110/294\n|drag|p2a: Galvantula|Galvantula, L82, M|194/249\n|\n|upkeep\n|turn|5\n|inactive|pyripillo1 has 120 seconds left.\n|\n|t:|1781384990\n|move|p2a: Galvantula|Thunder|p1a: Ampharos\n|-damage|p1a: Ampharos|98/302\n|move|p1a: Ampharos|Dazzling Gleam|p2a: Galvantula\n|-damage|p2a: Galvantula|58/249\n|\n|upkeep\n|turn|6\n|inactive|pyripillo1 has 120 seconds left.\n|\n|t:|1781385003\n|move|p2a: Galvantula|Thunder|p1a: Ampharos\n|-damage|p1a: Ampharos|26/302\n|-status|p1a: Ampharos|par\n|move|p1a: Ampharos|Dazzling Gleam|p2a: Galvantula\n|-damage|p2a: Galvantula|0 fnt\n|faint|p2a: Galvantula\n|\n|upkeep\n|inactive|pyripillo1 has 120 seconds left.\n|\n|t:|1781385012\n|switch|p2a: Ogerpon|Ogerpon, L80, F|217/259\n|turn|7\n|\n|t:|1781385020\n|move|p2a: Ogerpon|Ivy Cudgel|p1a: Ampharos\n|-damage|p1a: Ampharos|0 fnt\n|faint|p1a: Ampharos\n|\n|-heal|p2a: Ogerpon|233/259|[from] item: Leftovers\n|upkeep\n|\n|t:|1781385033\n|switch|p1a: Bombirdier|Bombirdier, L85, M|258/258\n|turn|8\n|inactive|pyripillo1 has 120 seconds left.\n|\n|t:|1781385059\n|switch|p2a: Registeel|Registeel, L81|262/262\n|move|p1a: Bombirdier|Knock Off|p2a: Registeel\n|-damage|p2a: Registeel|150/262\n|-enditem|p2a: Registeel|Chesto Berry|[from] move: Knock Off|[of] p1a: Bombirdier\n|\n|upkeep\n|turn|9\n|inactive|pyripillo1 has 120 seconds left.\n|\n|t:|1781385080\n|move|p1a: Bombirdier|Knock Off|p2a: Registeel\n|-damage|p2a: Registeel|77/262\n|move|p2a: Registeel|Iron Defense|p2a: Registeel\n|-boost|p2a: Registeel|def|2\n|\n|upkeep\n|turn|10\n|inactive|pyripillo1 has 120 seconds left.\n|\n|t:|1781385090\n|move|p1a: Bombirdier|Knock Off|p2a: Registeel\n|-damage|p2a: Registeel|35/262\n|move|p2a: Registeel|Rest|p2a: Registeel\n|-status|p2a: Registeel|slp|[from] move: Rest\n|-heal|p2a: Registeel|262/262 slp|[silent]\n|\n|upkeep\n|turn|11\n|\n|t:|1781385101\n|switch|p1a: Coalossal|Coalossal, L89, F|341/341\n|cant|p2a: Registeel|slp\n|\n|upkeep\n|turn|12\n|\n|t:|1781385113\n|cant|p2a: Registeel|slp\n|move|p1a: Coalossal|Overheat|p2a: Registeel\n|-supereffective|p2a: Registeel\n|-damage|p2a: Registeel|68/262 slp\n|-unboost|p1a: Coalossal|spa|2\n|\n|upkeep\n|turn|13\n|\n|t:|1781385123\n|-curestatus|p2a: Registeel|slp|[msg]\n|move|p2a: Registeel|Body Press|p1a: Coalossal\n|-supereffective|p1a: Coalossal\n|-damage|p1a: Coalossal|105/341\n|-status|p2a: Registeel|brn|[from] ability: Flame Body|[of] p1a: Coalossal\n|move|p1a: Coalossal|Rapid Spin|p2a: Registeel\n|-resisted|p2a: Registeel\n|-damage|p2a: Registeel|62/262 brn\n|-boost|p1a: Coalossal|spe|1\n|-sideend|p1: DAWARDEN|Spikes|[from] move: Rapid Spin|[of] p1a: Coalossal\n|-sideend|p1: DAWARDEN|Sticky Web|[from] move: Rapid Spin|[of] p1a: Coalossal\n|\n|-damage|p2a: Registeel|46/262 brn|[from] brn\n|upkeep\n|turn|14\n|\n|t:|1781385149\n|move|p1a: Coalossal|Overheat|p2a: Registeel\n|-supereffective|p2a: Registeel\n|-damage|p2a: Registeel|0 fnt\n|-unboost|p1a: Coalossal|spa|2\n|faint|p2a: Registeel\n|\n|upkeep\n|\n|t:|1781385157\n|switch|p2a: Bruxish|Bruxish, L85, M|254/254\n|turn|15\n|\n|t:|1781385174\n|switch|p1a: Pikachu|Pikachu-Sinnoh, L93, F|216/216\n|move|p2a: Bruxish|Wave Crash|p1a: Pikachu\n|-damage|p1a: Pikachu|0 fnt\n|faint|p1a: Pikachu\n|-damage|p2a: Bruxish|183/254|[from] Recoil\n|\n|upkeep\n|\n|t:|1781385182\n|switch|p1a: Meganium|Meganium, L90, M|290/290\n|turn|16\n|c|\u2606pyripillo1|HOLY HELL\n|\n|t:|1781385195\n|switch|p2a: Skeledirge|Skeledirge, L79, F|110/294\n|move|p1a: Meganium|Energy Ball|p2a: Skeledirge\n|-resisted|p2a: Skeledirge\n|-damage|p2a: Skeledirge|51/294\n|\n|upkeep\n|turn|17\n|\n|t:|1781385209\n|-terastallize|p2a: Skeledirge|Water\n|move|p1a: Meganium|Knock Off|p2a: Skeledirge\n|-damage|p2a: Skeledirge|0 fnt\n|-enditem|p2a: Skeledirge|Heavy-Duty Boots|[from] move: Knock Off|[of] p1a: Meganium\n|faint|p2a: Skeledirge\n|\n|upkeep\n|c|\u2606DAWARDEN|That works\n|\n|t:|1781385224\n|switch|p2a: Spiritomb|Spiritomb, L89, F|234/234\n|turn|18\n|\n|t:|1781385235\n|move|p1a: Meganium|Knock Off|p2a: Spiritomb\n|-damage|p2a: Spiritomb|179/234\n|-enditem|p2a: Spiritomb|Leftovers|[from] move: Knock Off|[of] p1a: Meganium\n|move|p2a: Spiritomb|Toxic|p1a: Meganium\n|-status|p1a: Meganium|tox\n|\n|-damage|p1a: Meganium|272/290 tox|[from] psn\n|upkeep\n|turn|19\n|\n|t:|1781385248\n|move|p1a: Meganium|Encore|p2a: Spiritomb\n|-start|p2a: Spiritomb|Encore\n|move|p2a: Spiritomb|Toxic|p1a: Meganium\n|-fail|p1a: Meganium|tox\n|\n|-heal|p1a: Meganium|290/290 tox|[from] item: Leftovers\n|-damage|p1a: Meganium|254/290 tox|[from] psn\n|upkeep\n|turn|20\n|\n|t:|1781385262\n|switch|p1a: Bombirdier|Bombirdier, L85, M|258/258\n|switch|p2a: Bruxish|Bruxish, L85, M|183/254\n|\n|upkeep\n|turn|21\n|\n|t:|1781385273\n|move|p2a: Bruxish|Flip Turn|p1a: Bombirdier\n|-crit|p1a: Bombirdier\n|-damage|p1a: Bombirdier|99/258\n|\n|t:|1781385283\n|switch|p2a: Ogerpon|Ogerpon, L80, F|233/259|[from] Flip Turn\n|move|p1a: Bombirdier|Knock Off|p2a: Ogerpon\n|-damage|p2a: Ogerpon|61/259\n|-enditem|p2a: Ogerpon|Leftovers|[from] move: Knock Off|[of] p1a: Bombirdier\n|\n|upkeep\n|turn|22\n|\n|t:|1781385298\n|switch|p1a: Coalossal|Coalossal, L89, F|105/341\n|move|p2a: Ogerpon|Superpower|p1a: Coalossal\n|-supereffective|p1a: Coalossal\n|-damage|p1a: Coalossal|0 fnt\n|-unboost|p2a: Ogerpon|atk|1\n|-unboost|p2a: Ogerpon|def|1\n|faint|p1a: Coalossal\n|\n|upkeep\n|\n|t:|1781385306\n|switch|p1a: Terapagos|Terapagos, L77, F|265/265\n|-activate|p1a: Terapagos|ability: Tera Shift\n|detailschange|p1a: Terapagos|Terapagos-Terastal, L77, F\n|-heal|p1a: Terapagos|273/273|[silent]\n|turn|23\n|\n|t:|1781385320\n|move|p2a: Ogerpon|Superpower|p1a: Terapagos\n|-activate|p1a: Terapagos|ability: Tera Shell\n|-resisted|p1a: Terapagos\n|-damage|p1a: Terapagos|247/273\n|-unboost|p2a: Ogerpon|atk|1\n|-unboost|p2a: Ogerpon|def|1\n|move|p1a: Terapagos|Tera Starstorm|p2a: Ogerpon\n|-damage|p2a: Ogerpon|0 fnt\n|faint|p2a: Ogerpon\n|\n|upkeep\n|\n|t:|1781385334\n|switch|p2a: Spiritomb|Spiritomb, L89, F|179/234\n|turn|24\n|inactive|DAWARDEN has 120 seconds left.\n|\n|t:|1781385371\n|move|p1a: Terapagos|Dark Pulse|p2a: Spiritomb\n|-damage|p2a: Spiritomb|139/234\n|move|p2a: Spiritomb|Toxic|p1a: Terapagos\n|-status|p1a: Terapagos|tox\n|\n|-damage|p1a: Terapagos|230/273 tox|[from] psn\n|upkeep\n|turn|25\n|inactive|DAWARDEN has 120 seconds left.\n|\n|t:|1781385388\n|switch|p1a: Meganium|Meganium, L90, M|254/290 tox\n|move|p2a: Spiritomb|Sucker Punch||[still]\n|-fail|p2a: Spiritomb\n|\n|-heal|p1a: Meganium|272/290 tox|[from] item: Leftovers\n|-damage|p1a: Meganium|254/290 tox|[from] psn\n|upkeep\n|turn|26\n|inactive|DAWARDEN has 120 seconds left.\n|\n|t:|1781385400\n|move|p1a: Meganium|Encore|p2a: Spiritomb\n|-start|p2a: Spiritomb|Encore\n|move|p2a: Spiritomb|Sucker Punch||[still]\n|-fail|p2a: Spiritomb\n|\n|-heal|p1a: Meganium|272/290 tox|[from] item: Leftovers\n|-damage|p1a: Meganium|236/290 tox|[from] psn\n|upkeep\n|turn|27\n|inactive|DAWARDEN has 120 seconds left.\n|\n|t:|1781385421\n|move|p2a: Spiritomb|Sucker Punch|p1a: Meganium\n|-damage|p1a: Meganium|164/290 tox\n|move|p1a: Meganium|Energy Ball|p2a: Spiritomb\n|-damage|p2a: Spiritomb|60/234\n|\n|-heal|p1a: Meganium|182/290 tox|[from] item: Leftovers\n|-damage|p1a: Meganium|128/290 tox|[from] psn\n|upkeep\n|turn|28\n|\n|t:|1781385431\n|move|p2a: Spiritomb|Sucker Punch||[still]\n|-fail|p2a: Spiritomb\n|move|p1a: Meganium|Synthesis|p1a: Meganium\n|-heal|p1a: Meganium|273/290 tox\n|\n|-heal|p1a: Meganium|290/290 tox|[from] item: Leftovers\n|-damage|p1a: Meganium|218/290 tox|[from] psn\n|-end|p2a: Spiritomb|Encore\n|upkeep\n|turn|29\n|\n|t:|1781385443\n|move|p1a: Meganium|Energy Ball|p2a: Spiritomb\n|-damage|p2a: Spiritomb|0 fnt\n|faint|p2a: Spiritomb\n|\n|-heal|p1a: Meganium|236/290 tox|[from] item: Leftovers\n|-damage|p1a: Meganium|146/290 tox|[from] psn\n|upkeep\n|\n|t:|1781385452\n|switch|p2a: Bruxish|Bruxish, L85, M|183/254\n|turn|30\n|\n|t:|1781385467\n|move|p2a: Bruxish|Wave Crash|p1a: Meganium\n|-resisted|p1a: Meganium\n|-damage|p1a: Meganium|64/290 tox\n|-damage|p2a: Bruxish|156/254|[from] Recoil\n|move|p1a: Meganium|Energy Ball|p2a: Bruxish\n|-supereffective|p2a: Bruxish\n|-damage|p2a: Bruxish|0 fnt\n|faint|p2a: Bruxish\n|\n|win|DAWARDEN\n|raw|DAWARDEN's rating: 1120 &rarr; <strong>1143</strong><br />(+23 for winning)\n|raw|pyripillo1's rating: 1091 &rarr; <strong>1069</strong><br />(-22 for losing)\n|c|\u2606DAWARDEN|GG\n|c|\u2606pyripillo1|Gg\n", "uploadtime": 1781385477, "views": 6, "formatid": "gen9randombattle", "rating": 1069, "private": 0, "password": null}