{"id": "gen9randombattle-2631911632", "format": "[Gen 9] Random Battle", "players": ["cuerodeolancho", "aceguy123"], "log": "|j|\u2606cuerodeolancho\n|j|\u2606aceguy123\n|t:|1781454801\n|gametype|singles\n|player|p1|cuerodeolancho|janitor|2170\n|player|p2|aceguy123|firebreather|2234\n|gen|9\n|tier|[Gen 9] Random Battle\n|rated|\n|rule|Species Clause: Limit one of each Pok\u00e9mon\n|rule|HP Percentage Mod: HP is shown in percentages\n|rule|Sleep Clause Mod: Limit one foe put to sleep\n|rule|Illusion Level Mod: Illusion disguises the Pok\u00e9mon's true level\n|\n|t:|1781454801\n|teamsize|p1|6\n|teamsize|p2|6\n|start\n|switch|p1a: Floatzel|Floatzel, L86, F|286/286\n|switch|p2a: Torterra|Torterra, L78, F|276/276\n|turn|1\n|inactive|Battle timer is ON: inactive players will automatically lose when time's up. (requested by cuerodeolancho)\n|inactive|aceguy123 has 120 seconds left.\n|\n|t:|1781454835\n|switch|p2a: Arbok|Arbok, L87, M|246/246\n|-ability|p2a: Arbok|Intimidate|boost\n|-unboost|p1a: Floatzel|atk|1\n|move|p1a: Floatzel|Flip Turn|p2a: Arbok\n|-damage|p2a: Arbok|161/246\n|\n|t:|1781454863\n|switch|p1a: Iron Jugulis|Iron Jugulis, L77|271/271|[from] Flip Turn\n|\n|upkeep\n|turn|2\n|\n|t:|1781454879\n|switch|p2a: Wigglytuff|Wigglytuff, L96, M|424/424\n|move|p1a: Iron Jugulis|Hurricane|p2a: Wigglytuff|[miss]\n|-miss|p1a: Iron Jugulis|p2a: Wigglytuff\n|\n|upkeep\n|turn|3\n|\n|t:|1781454885\n|-end|p1a: Iron Jugulis|Quark Drive|[silent]\n|switch|p1a: Pyroar|Pyroar, L88, M|295/295\n|-ability|p1a: Pyroar|Unnerve\n|move|p2a: Wigglytuff|Thunder Wave|p1a: Pyroar\n|-status|p1a: Pyroar|par\n|\n|upkeep\n|turn|4\n|\n|t:|1781454903\n|move|p2a: Wigglytuff|Knock Off|p1a: Pyroar\n|-damage|p1a: Pyroar|221/295 par\n|-enditem|p1a: Pyroar|Heavy-Duty Boots|[from] move: Knock Off|[of] p2a: Wigglytuff\n|move|p1a: Pyroar|Fire Blast|p2a: Wigglytuff\n|-damage|p2a: Wigglytuff|231/424\n|-status|p2a: Wigglytuff|brn\n|\n|-heal|p2a: Wigglytuff|257/424 brn|[from] item: Leftovers\n|-damage|p2a: Wigglytuff|231/424 brn|[from] brn\n|upkeep\n|turn|5\n|\n|t:|1781454918\n|switch|p2a: Conkeldurr|Conkeldurr, L80, M|299/299\n|move|p1a: Pyroar|Hyper Voice|p2a: Conkeldurr\n|-damage|p2a: Conkeldurr|157/299\n|\n|-status|p2a: Conkeldurr|brn|[from] item: Flame Orb\n|upkeep\n|turn|6\n|\n|t:|1781454932\n|move|p2a: Conkeldurr|Close Combat|p1a: Pyroar\n|-supereffective|p1a: Pyroar\n|-damage|p1a: Pyroar|0 fnt\n|-unboost|p2a: Conkeldurr|def|1\n|-unboost|p2a: Conkeldurr|spd|1\n|faint|p1a: Pyroar\n|\n|-damage|p2a: Conkeldurr|139/299 brn|[from] brn\n|upkeep\n|\n|t:|1781454940\n|switch|p1a: Floatzel|Floatzel, L86, F|286/286\n|turn|7\n|\n|t:|1781454945\n|move|p2a: Conkeldurr|Mach Punch|p1a: Floatzel\n|-damage|p1a: Floatzel|180/286\n|move|p1a: Floatzel|Flip Turn|p2a: Conkeldurr\n|-damage|p2a: Conkeldurr|0 fnt\n|faint|p2a: Conkeldurr\n|inactive|cuerodeolancho has 120 seconds left.\n|\n|t:|1781454984\n|switch|p1a: Raichu|Raichu-Alola, L87, F|246/246|[from] Flip Turn\n|\n|upkeep\n|\n|t:|1781454995\n|switch|p2a: Morpeko|Morpeko, L88, M|245/245\n|turn|8\n|\n|t:|1781455007\n|move|p1a: Raichu|Volt Switch|p2a: Morpeko\n|-resisted|p2a: Morpeko\n|-damage|p2a: Morpeko|168/245\n|\n|t:|1781455011\n|switch|p1a: Girafarig|Girafarig, L89, F|269/269|[from] Volt Switch\n|move|p2a: Morpeko|Knock Off|p1a: Girafarig\n|-supereffective|p1a: Girafarig\n|-damage|p1a: Girafarig|83/269\n|-enditem|p1a: Girafarig|Eviolite|[from] move: Knock Off|[of] p2a: Morpeko\n|\n|-heal|p2a: Morpeko|183/245|[from] item: Leftovers\n|-formechange|p2a: Morpeko|Morpeko-Hangry||[from] ability: Hunger Switch\n|upkeep\n|turn|9\n|\n|t:|1781455017\n|move|p2a: Morpeko|Aura Wheel|p1a: Girafarig\n|-supereffective|p1a: Girafarig\n|-damage|p1a: Girafarig|0 fnt\n|-boost|p2a: Morpeko|spe|1\n|faint|p1a: Girafarig\n|\n|-heal|p2a: Morpeko|198/245|[from] item: Leftovers\n|-formechange|p2a: Morpeko|Morpeko||[from] ability: Hunger Switch\n|upkeep\n|\n|t:|1781455040\n|switch|p1a: Pecharunt|Pecharunt, L77|262/262\n|turn|10\n|\n|t:|1781455048\n|move|p2a: Morpeko|Protect|p2a: Morpeko\n|-singleturn|p2a: Morpeko|Protect\n|move|p1a: Pecharunt|Malignant Chain|p2a: Morpeko\n|-activate|p2a: Morpeko|move: Protect\n|\n|-heal|p2a: Morpeko|213/245|[from] item: Leftovers\n|-formechange|p2a: Morpeko|Morpeko-Hangry||[from] ability: Hunger Switch\n|upkeep\n|turn|11\n|\n|t:|1781455055\n|-terastallize|p1a: Pecharunt|Dark\n|move|p2a: Morpeko|Aura Wheel|p1a: Pecharunt\n|-resisted|p1a: Pecharunt\n|-damage|p1a: Pecharunt|218/262\n|-boost|p2a: Morpeko|spe|1\n|move|p1a: Pecharunt|Malignant Chain|p2a: Morpeko\n|-damage|p2a: Morpeko|110/245\n|-status|p2a: Morpeko|tox\n|-start|p2a: Morpeko|confusion|[from] ability: Poison Puppeteer|[of] p1a: Pecharunt\n|\n|-heal|p2a: Morpeko|125/245 tox|[from] item: Leftovers\n|-heal|p1a: Pecharunt|234/262|[from] item: Leftovers\n|-damage|p2a: Morpeko|110/245 tox|[from] psn\n|-formechange|p2a: Morpeko|Morpeko||[from] ability: Hunger Switch\n|upkeep\n|turn|12\n|\n|t:|1781455071\n|switch|p2a: Arbok|Arbok, L87, M|161/246\n|-ability|p2a: Arbok|Intimidate|boost\n|-unboost|p1a: Pecharunt|atk|1\n|switch|p1a: Raichu|Raichu-Alola, L87, F|246/246\n|\n|upkeep\n|turn|13\n|\n|t:|1781455076\n|move|p1a: Raichu|Thunderbolt|p2a: Arbok\n|-damage|p2a: Arbok|11/246\n|move|p2a: Arbok|Knock Off|p1a: Raichu\n|-supereffective|p1a: Raichu\n|-damage|p1a: Raichu|0 fnt\n|-enditem|p1a: Raichu|Choice Specs|[from] move: Knock Off|[of] p2a: Arbok\n|faint|p1a: Raichu\n|-damage|p2a: Arbok|0 fnt|[from] item: Life Orb\n|faint|p2a: Arbok\n|\n|upkeep\n|\n|t:|1781455091\n|switch|p1a: Floatzel|Floatzel, L86, F|180/286\n|switch|p2a: Morpeko|Morpeko, L88, M|110/245 tox\n|turn|14\n|\n|t:|1781455098\n|move|p1a: Floatzel|Flip Turn|p2a: Morpeko\n|-damage|p2a: Morpeko|0 fnt\n|faint|p2a: Morpeko\n|\n|t:|1781455102\n|switch|p1a: Iron Jugulis|Iron Jugulis, L77|271/271|[from] Flip Turn\n|\n|upkeep\n|\n|t:|1781455108\n|switch|p2a: Wigglytuff|Wigglytuff, L96, M|231/424 brn\n|turn|15\n|\n|t:|1781455123\n|move|p1a: Iron Jugulis|Hurricane|p2a: Wigglytuff|[miss]\n|-miss|p1a: Iron Jugulis|p2a: Wigglytuff\n|move|p2a: Wigglytuff|Dazzling Gleam|p1a: Iron Jugulis\n|-supereffective|p1a: Iron Jugulis\n|-damage|p1a: Iron Jugulis|41/271\n|\n|-heal|p2a: Wigglytuff|257/424 brn|[from] item: Leftovers\n|-damage|p2a: Wigglytuff|231/424 brn|[from] brn\n|upkeep\n|turn|16\n|\n|t:|1781455129\n|move|p1a: Iron Jugulis|Hurricane|p2a: Wigglytuff\n|-damage|p2a: Wigglytuff|12/424 brn\n|move|p2a: Wigglytuff|Dazzling Gleam|p1a: Iron Jugulis\n|-supereffective|p1a: Iron Jugulis\n|-damage|p1a: Iron Jugulis|0 fnt\n|faint|p1a: Iron Jugulis\n|-end|p1a: Iron Jugulis|Quark Drive|[silent]\n|\n|-heal|p2a: Wigglytuff|38/424 brn|[from] item: Leftovers\n|-damage|p2a: Wigglytuff|12/424 brn|[from] brn\n|upkeep\n|\n|t:|1781455141\n|switch|p1a: Floatzel|Floatzel, L86, F|180/286\n|turn|17\n|\n|t:|1781455143\n|move|p1a: Floatzel|Wave Crash|p2a: Wigglytuff\n|-damage|p2a: Wigglytuff|0 fnt\n|faint|p2a: Wigglytuff\n|-damage|p1a: Floatzel|176/286|[from] Recoil\n|\n|upkeep\n|\n|t:|1781455146\n|switch|p2a: Torterra|Torterra, L78, F|276/276\n|turn|18\n|inactive|cuerodeolancho has 120 seconds left.\n|\n|t:|1781455176\n|move|p1a: Floatzel|Wave Crash|p2a: Torterra\n|-damage|p2a: Torterra|72/276\n|-damage|p1a: Floatzel|109/286|[from] Recoil\n|move|p2a: Torterra|Shell Smash|p2a: Torterra\n|-unboost|p2a: Torterra|def|1\n|-unboost|p2a: Torterra|spd|1\n|-boost|p2a: Torterra|atk|2\n|-boost|p2a: Torterra|spa|2\n|-boost|p2a: Torterra|spe|2\n|\n|upkeep\n|turn|19\n|\n|t:|1781455180\n|move|p2a: Torterra|Bullet Seed|p1a: Floatzel\n|-supereffective|p1a: Floatzel\n|-damage|p1a: Floatzel|0 fnt\n|faint|p1a: Floatzel\n|-hitcount|p1: Floatzel|1\n|\n|upkeep\n|\n|t:|1781455182\n|switch|p1a: Pecharunt|Pecharunt, L77, tera:Dark|234/262\n|turn|20\n|\n|t:|1781455194\n|-terastallize|p2a: Torterra|Ground\n|move|p2a: Torterra|Headlong Rush|p1a: Pecharunt\n|-damage|p1a: Pecharunt|4/262\n|-unboost|p2a: Torterra|def|1\n|-unboost|p2a: Torterra|spd|1\n|move|p1a: Pecharunt|Shadow Ball|p2a: Torterra\n|-damage|p2a: Torterra|0 fnt\n|faint|p2a: Torterra\n|\n|-heal|p1a: Pecharunt|20/262|[from] item: Leftovers\n|upkeep\n|\n|t:|1781455196\n|switch|p2a: Espathra|Espathra, L80, F|283/283\n|turn|21\n|\n|t:|1781455199\n|move|p2a: Espathra|Dazzling Gleam|p1a: Pecharunt\n|-supereffective|p1a: Pecharunt\n|-damage|p1a: Pecharunt|0 fnt\n|faint|p1a: Pecharunt\n|\n|win|aceguy123\n", "uploadtime": 1781454803, "views": 3, "formatid": "gen9randombattle", "rating": null, "private": 0, "password": null}