{"id": "gen9randombattle-2631386795", "format": "[Gen 9] Random Battle", "players": ["bot17334", "aestheticsdavid"], "log": "|j|\u2606bot17334\n|j|\u2606aestheticsdavid\n|t:|1781378580\n|gametype|singles\n|player|p1|bot17334|169|1979\n|player|p2|aestheticsdavid|n|1958\n|gen|9\n|tier|[Gen 9] Random Battle\n|rated|\n|rule|Species Clause: Limit one of each Pok\u00e9mon\n|rule|HP Percentage Mod: HP is shown in percentages\n|rule|Sleep Clause Mod: Limit one foe put to sleep\n|rule|Illusion Level Mod: Illusion disguises the Pok\u00e9mon's true level\n|\n|t:|1781378580\n|teamsize|p1|6\n|teamsize|p2|6\n|start\n|switch|p1a: Ribombee|Ribombee, L83, F|235/235\n|switch|p2a: Blastoise|Blastoise, L80, F|258/258\n|turn|1\n|inactive|Battle timer is ON: inactive players will automatically lose when time's up. (requested by aestheticsdavid)\n|\n|t:|1781378618\n|move|p1a: Ribombee|Quiver Dance|p1a: Ribombee\n|-boost|p1a: Ribombee|spa|1\n|-boost|p1a: Ribombee|spd|1\n|-boost|p1a: Ribombee|spe|1\n|move|p2a: Blastoise|Shell Smash|p2a: Blastoise\n|-unboost|p2a: Blastoise|def|1\n|-unboost|p2a: Blastoise|spd|1\n|-boost|p2a: Blastoise|atk|2\n|-boost|p2a: Blastoise|spa|2\n|-boost|p2a: Blastoise|spe|2\n|-enditem|p2a: Blastoise|White Herb\n|-clearnegativeboost|p2a: Blastoise|[silent]\n|\n|upkeep\n|turn|2\n|inactive|aestheticsdavid has 120 seconds left.\n|\n|t:|1781378653\n|move|p1a: Ribombee|Quiver Dance|p1a: Ribombee\n|-boost|p1a: Ribombee|spa|1\n|-boost|p1a: Ribombee|spd|1\n|-boost|p1a: Ribombee|spe|1\n|move|p2a: Blastoise|Shell Smash|p2a: Blastoise\n|-unboost|p2a: Blastoise|def|1\n|-unboost|p2a: Blastoise|spd|1\n|-boost|p2a: Blastoise|atk|2\n|-boost|p2a: Blastoise|spa|2\n|-boost|p2a: Blastoise|spe|2\n|\n|upkeep\n|turn|3\n|inactive|aestheticsdavid has 120 seconds left.\n|\n|t:|1781378671\n|move|p2a: Blastoise|Hydro Pump|p1a: Ribombee\n|-damage|p1a: Ribombee|46/235\n|move|p1a: Ribombee|Quiver Dance|p1a: Ribombee\n|-boost|p1a: Ribombee|spa|1\n|-boost|p1a: Ribombee|spd|1\n|-boost|p1a: Ribombee|spe|1\n|\n|upkeep\n|turn|4\n|inactive|aestheticsdavid has 120 seconds left.\n|\n|t:|1781378681\n|move|p1a: Ribombee|Moonblast|p2a: Blastoise\n|-damage|p2a: Blastoise|0 fnt\n|faint|p2a: Blastoise\n|\n|upkeep\n|\n|t:|1781378710\n|switch|p2a: Cinderace|Cinderace, L77, M|249/249\n|turn|5\n|\n|t:|1781378725\n|-terastallize|p1a: Ribombee|Ground\n|move|p1a: Ribombee|Tera Blast|p2a: Cinderace|[anim] Tera Blast Ground\n|-supereffective|p2a: Cinderace\n|-damage|p2a: Cinderace|0 fnt\n|faint|p2a: Cinderace\n|\n|upkeep\n|inactive|aestheticsdavid has 90 seconds left.\n|\n|t:|1781378752\n|switch|p2a: Lurantis|Lurantis, L87, M|264/264\n|turn|6\n|\n|t:|1781378759\n|-terastallize|p2a: Lurantis|Fighting\n|move|p1a: Ribombee|Moonblast|p2a: Lurantis\n|-supereffective|p2a: Lurantis\n|-damage|p2a: Lurantis|0 fnt\n|faint|p2a: Lurantis\n|\n|upkeep\n|-message|aestheticsdavid forfeited.\n|\n|win|bot17334\n", "uploadtime": 1781378582, "views": 6, "formatid": "gen9randombattle", "rating": null, "private": 0, "password": null}