{"id": "gen9randombattle-2631728402", "format": "[Gen 9] Random Battle", "players": ["Where is the hax", "Ajman"], "log": "|j|\u2606Where is the hax\n|j|\u2606Ajman\n|t:|1781429706\n|gametype|singles\n|player|p1|Where is the hax|266|2015\n|player|p2|Ajman|169|1968\n|gen|9\n|tier|[Gen 9] Random Battle\n|rated|\n|rule|Species Clause: Limit one of each Pok\u00e9mon\n|rule|HP Percentage Mod: HP is shown in percentages\n|rule|Sleep Clause Mod: Limit one foe put to sleep\n|rule|Illusion Level Mod: Illusion disguises the Pok\u00e9mon's true level\n|\n|t:|1781429706\n|teamsize|p1|6\n|teamsize|p2|6\n|start\n|switch|p1a: Weavile|Weavile, L79, M|240/240\n|switch|p2a: Pecharunt|Pecharunt, L77|262/262\n|turn|1\n|\n|t:|1781429722\n|move|p1a: Weavile|Swords Dance|p1a: Weavile\n|-boost|p1a: Weavile|atk|2\n|move|p2a: Pecharunt|Parting Shot|p1a: Weavile\n|-unboost|p1a: Weavile|atk|1\n|-unboost|p1a: Weavile|spa|1\n|\n|t:|1781429725\n|switch|p2a: Torkoal|Torkoal, L88, F|266/266|[from] Parting Shot\n|-weather|SunnyDay|[from] ability: Drought|[of] p2a: Torkoal\n|\n|-weather|SunnyDay|[upkeep]\n|upkeep\n|turn|2\n|\n|t:|1781429735\n|-terastallize|p1a: Weavile|Dark\n|move|p1a: Weavile|Swords Dance|p1a: Weavile\n|-boost|p1a: Weavile|atk|2\n|move|p2a: Torkoal|Yawn|p1a: Weavile\n|-start|p1a: Weavile|move: Yawn|[of] p2a: Torkoal\n|\n|-weather|SunnyDay|[upkeep]\n|upkeep\n|turn|3\n|\n|t:|1781429745\n|move|p1a: Weavile|Knock Off|p2a: Torkoal\n|-damage|p2a: Torkoal|16/266\n|-enditem|p2a: Torkoal|Heavy-Duty Boots|[from] move: Knock Off|[of] p1a: Weavile\n|move|p2a: Torkoal|Solar Beam||[still]\n|-prepare|p2a: Torkoal|Solar Beam\n|-anim|p2a: Torkoal|Solar Beam|p1a: Weavile\n|-damage|p1a: Weavile|151/240\n|\n|-weather|SunnyDay|[upkeep]\n|-end|p1a: Weavile|move: Yawn|[silent]\n|-status|p1a: Weavile|slp\n|upkeep\n|turn|4\n|\n|t:|1781429754\n|cant|p1a: Weavile|slp\n|move|p2a: Torkoal|Lava Plume|p1a: Weavile\n|-damage|p1a: Weavile|4/240 slp\n|\n|-weather|SunnyDay|[upkeep]\n|upkeep\n|turn|5\n|\n|t:|1781429757\n|-curestatus|p1a: Weavile|slp|[msg]\n|move|p1a: Weavile|Ice Shard|p2a: Torkoal\n|-resisted|p2a: Torkoal\n|-damage|p2a: Torkoal|0 fnt\n|faint|p2a: Torkoal\n|\n|-weather|none\n|upkeep\n|\n|t:|1781429760\n|switch|p2a: Staraptor|Staraptor, L79, M|263/263\n|turn|6\n|\n|t:|1781429763\n|move|p1a: Weavile|Ice Shard|p2a: Staraptor\n|-supereffective|p2a: Staraptor\n|-damage|p2a: Staraptor|0 fnt\n|faint|p2a: Staraptor\n|\n|upkeep\n|-message|Ajman forfeited.\n|\n|win|Where is the hax\n", "uploadtime": 1781429708, "views": 5, "formatid": "gen9randombattle", "rating": null, "private": 0, "password": null}