{"id": "gen9randombattle-2631735610", "format": "[Gen 9] Random Battle", "players": ["crimdawgx2", "bomooose"], "log": "|j|\u203dcrimdawgx2\n|j|\u2606bomooose\n|t:|1781431013\n|gametype|singles\n|player|p1|crimdawgx2|101|1522\n|player|p2|bomooose|ethan|1507\n|gen|9\n|tier|[Gen 9] Random Battle\n|rated|\n|rule|Species Clause: Limit one of each Pok\u00e9mon\n|rule|HP Percentage Mod: HP is shown in percentages\n|rule|Sleep Clause Mod: Limit one foe put to sleep\n|rule|Illusion Level Mod: Illusion disguises the Pok\u00e9mon's true level\n|\n|t:|1781431013\n|teamsize|p1|6\n|teamsize|p2|6\n|start\n|switch|p1a: Golduck|Golduck, L90, M|290/290\n|switch|p2a: Volcarona|Volcarona, L77, M|257/257\n|-ability|p1a: Golduck|Cloud Nine\n|turn|1\n|inactive|Battle timer is ON: inactive players will automatically lose when time's up. (requested by bomooose)\n|\n|t:|1781431035\n|switch|p2a: Chesnaught|Chesnaught, L84, F|285/285\n|move|p1a: Golduck|Flip Turn|p2a: Chesnaught\n|-resisted|p2a: Chesnaught\n|-damage|p2a: Chesnaught|261/285\n|\n|t:|1781431052\n|switch|p1a: Flamigo|Flamigo, L82, M|269/269|[from] Flip Turn\n|\n|-heal|p2a: Chesnaught|278/285|[from] item: Leftovers\n|upkeep\n|turn|2\n|inactive|bomooose has 120 seconds left.\n|\n|t:|1781431088\n|switch|p2a: Azelf|Azelf, L82|257/257\n|move|p1a: Flamigo|Swords Dance|p1a: Flamigo\n|-boost|p1a: Flamigo|atk|2\n|\n|upkeep\n|turn|3\n|inactive|bomooose has 120 seconds left.\n|\n|t:|1781431107\n|move|p2a: Azelf|Psychic|p1a: Flamigo\n|-supereffective|p1a: Flamigo\n|-damage|p1a: Flamigo|3/269\n|move|p1a: Flamigo|Throat Chop|p2a: Azelf\n|-supereffective|p2a: Azelf\n|-damage|p2a: Azelf|0 fnt\n|faint|p2a: Azelf\n|-damage|p1a: Flamigo|0 fnt|[from] item: Life Orb\n|faint|p1a: Flamigo\n|\n|upkeep\n|\n|t:|1781431126\n|switch|p2a: Chesnaught|Chesnaught, L84, F|278/285\n|switch|p1a: Sneasler|Sneasler, L74, M|240/240\n|turn|4\n|inactive|crimdawgx2 has 120 seconds left.\n|\n|t:|1781431143\n|move|p1a: Sneasler|U-turn|p2a: Chesnaught\n|-damage|p2a: Chesnaught|221/285\n|\n|t:|1781431147\n|switch|p1a: Qwilfish|Qwilfish, L86, M|252/252|[from] U-turn\n|-ability|p1a: Qwilfish|Intimidate|boost\n|-unboost|p2a: Chesnaught|atk|1\n|move|p2a: Chesnaught|Trailblaze|p1a: Qwilfish\n|-damage|p1a: Qwilfish|213/252\n|-boost|p2a: Chesnaught|spe|1\n|\n|-heal|p2a: Chesnaught|238/285|[from] item: Leftovers\n|upkeep\n|turn|5\n|inactive|bomooose has 90 seconds left.\n|\n|t:|1781431178\n|switch|p2a: Staraptor|Staraptor, L79, F|263/263\n|move|p1a: Qwilfish|Toxic Spikes|p2a: Staraptor\n|-sidestart|p2: bomooose|move: Toxic Spikes\n|\n|upkeep\n|turn|6\n|inactive|bomooose has 90 seconds left.\n|\n|t:|1781431189\n|move|p2a: Staraptor|Brave Bird|p1a: Qwilfish\n|-damage|p1a: Qwilfish|0 fnt\n|faint|p1a: Qwilfish\n|-damage|p2a: Staraptor|193/263|[from] Recoil\n|\n|upkeep\n|\n|t:|1781431201\n|switch|p1a: Electivire|Electivire, L84, M|263/263\n|turn|7\n|inactive|bomooose has 90 seconds left.\n|\n|t:|1781431216\n|switch|p2a: Chesnaught|Chesnaught, L84, F|238/285\n|-status|p2a: Chesnaught|psn\n|move|p1a: Electivire|Bulk Up|p1a: Electivire\n|-boost|p1a: Electivire|atk|1\n|-boost|p1a: Electivire|def|1\n|\n|-heal|p2a: Chesnaught|255/285 psn|[from] item: Leftovers\n|-damage|p2a: Chesnaught|220/285 psn|[from] psn\n|upkeep\n|turn|8\n|inactive|bomooose has 90 seconds left.\n|\n|t:|1781431229\n|move|p1a: Electivire|Bulk Up|p1a: Electivire\n|-boost|p1a: Electivire|atk|1\n|-boost|p1a: Electivire|def|1\n|move|p2a: Chesnaught|Trailblaze|p1a: Electivire\n|-damage|p1a: Electivire|230/263\n|-boost|p2a: Chesnaught|spe|1\n|\n|-heal|p2a: Chesnaught|237/285 psn|[from] item: Leftovers\n|-damage|p2a: Chesnaught|202/285 psn|[from] psn\n|upkeep\n|turn|9\n|inactive|bomooose has 90 seconds left.\n|\n|t:|1781431253\n|move|p2a: Chesnaught|Iron Defense|p2a: Chesnaught\n|-boost|p2a: Chesnaught|def|2\n|move|p1a: Electivire|Ice Punch|p2a: Chesnaught\n|-supereffective|p2a: Chesnaught\n|-damage|p2a: Chesnaught|67/285 psn\n|-damage|p1a: Electivire|204/263|[from] item: Life Orb\n|\n|-heal|p2a: Chesnaught|84/285 psn|[from] item: Leftovers\n|-damage|p2a: Chesnaught|49/285 psn|[from] psn\n|upkeep\n|turn|10\n|inactive|crimdawgx2 has 120 seconds left.\n|\n|t:|1781431277\n|-terastallize|p1a: Electivire|Flying\n|move|p2a: Chesnaught|Synthesis|p2a: Chesnaught\n|-heal|p2a: Chesnaught|191/285 psn\n|move|p1a: Electivire|Bulk Up|p1a: Electivire\n|-boost|p1a: Electivire|atk|1\n|-boost|p1a: Electivire|def|1\n|\n|-heal|p2a: Chesnaught|208/285 psn|[from] item: Leftovers\n|-damage|p2a: Chesnaught|173/285 psn|[from] psn\n|upkeep\n|turn|11\n|inactive|crimdawgx2 has 120 seconds left.\n|\n|t:|1781431289\n|move|p2a: Chesnaught|Iron Defense|p2a: Chesnaught\n|-boost|p2a: Chesnaught|def|2\n|move|p1a: Electivire|Ice Punch|p2a: Chesnaught\n|-supereffective|p2a: Chesnaught\n|-crit|p2a: Chesnaught\n|-damage|p2a: Chesnaught|0 fnt\n|faint|p2a: Chesnaught\n|-damage|p1a: Electivire|178/263|[from] item: Life Orb\n|\n|upkeep\n|\n|t:|1781431304\n|switch|p2a: Darkrai|Darkrai, L77|234/234\n|-status|p2a: Darkrai|psn\n|turn|12\n|\n|t:|1781431318\n|move|p2a: Darkrai|Hypnosis|p1a: Electivire\n|-status|p1a: Electivire|slp|[from] move: Hypnosis\n|cant|p1a: Electivire|slp\n|\n|-damage|p2a: Darkrai|205/234 psn|[from] psn\n|-damage|p1a: Electivire|146/263 slp|[from] ability: Bad Dreams|[of] p2a: Darkrai\n|upkeep\n|turn|13\n|\n|t:|1781431328\n|move|p2a: Darkrai|Nasty Plot|p2a: Darkrai\n|-boost|p2a: Darkrai|spa|2\n|-curestatus|p1a: Electivire|slp|[msg]\n|move|p1a: Electivire|Supercell Slam|p2a: Darkrai\n|-damage|p2a: Darkrai|0 fnt\n|faint|p2a: Darkrai\n|-damage|p1a: Electivire|120/263|[from] item: Life Orb\n|\n|upkeep\n|c|\u2606bomooose|gg\n|\n|t:|1781431337\n|switch|p2a: Volcarona|Volcarona, L77, M|257/257\n|turn|14\n|\n|t:|1781431352\n|switch|p2a: Staraptor|Staraptor, L79, F|193/263\n|move|p1a: Electivire|Earthquake|p2a: Staraptor\n|-immune|p2a: Staraptor\n|\n|upkeep\n|turn|15\n|\n|t:|1781431366\n|move|p2a: Staraptor|Quick Attack|p1a: Electivire\n|-damage|p1a: Electivire|89/263\n|move|p1a: Electivire|Supercell Slam|p2a: Staraptor\n|-supereffective|p2a: Staraptor\n|-damage|p2a: Staraptor|0 fnt\n|faint|p2a: Staraptor\n|-damage|p1a: Electivire|63/263|[from] item: Life Orb\n|\n|upkeep\n|\n|t:|1781431377\n|switch|p2a: Volcarona|Volcarona, L77, M|257/257\n|turn|16\n|\n|t:|1781431390\n|move|p1a: Electivire|Ice Punch|p2a: Volcarona\n|-resisted|p2a: Volcarona\n|-damage|p2a: Volcarona|130/257\n|-damage|p1a: Electivire|37/263|[from] item: Life Orb\n|move|p2a: Volcarona|Quiver Dance|p2a: Volcarona\n|-boost|p2a: Volcarona|spa|1\n|-boost|p2a: Volcarona|spd|1\n|-boost|p2a: Volcarona|spe|1\n|\n|upkeep\n|turn|17\n|\n|t:|1781431399\n|move|p2a: Volcarona|Giga Drain|p1a: Electivire\n|-resisted|p1a: Electivire\n|-damage|p1a: Electivire|0 fnt\n|-heal|p2a: Volcarona|149/257|[from] drain|[of] p1a: Electivire\n|faint|p1a: Electivire\n|\n|upkeep\n|\n|t:|1781431412\n|switch|p1a: Sneasler|Sneasler, L74, M|240/240\n|turn|18\n|\n|t:|1781431416\n|-terastallize|p2a: Volcarona|Fire\n|move|p2a: Volcarona|Fire Blast|p1a: Sneasler\n|-damage|p1a: Sneasler|0 fnt\n|faint|p1a: Sneasler\n|\n|upkeep\n|\n|t:|1781431424\n|switch|p1a: Shaymin|Shaymin, L82|298/298\n|turn|19\n|-message|crimdawgx2 forfeited.\n|\n|win|bomooose\n|raw|crimdawgx2's rating: 1522 &rarr; <strong>1501</strong><br />(-21 for losing)\n|raw|bomooose's rating: 1507 &rarr; <strong>1528</strong><br />(+21 for winning)\n|l|\u203dcrimdawgx2\n|player|p1|\n|c|\u2606bomooose|gg\n", "uploadtime": 1781431441, "views": 2, "formatid": "gen9randombattle", "rating": 1501, "private": 0, "password": null}