{"id": "gen9randombattle-2631969672", "format": "[Gen 9] Random Battle", "players": ["RooMusH", "ChadInteleonUser"], "log": "|j|\u2606RooMusH\n|j|\u2606ChadInteleonUser\n|t:|1781461153\n|gametype|singles\n|player|p1|RooMusH|janitor|2238\n|player|p2|ChadInteleonUser|wallace|2281\n|gen|9\n|tier|[Gen 9] Random Battle\n|rated|\n|rule|Species Clause: Limit one of each Pok\u00e9mon\n|rule|HP Percentage Mod: HP is shown in percentages\n|rule|Sleep Clause Mod: Limit one foe put to sleep\n|rule|Illusion Level Mod: Illusion disguises the Pok\u00e9mon's true level\n|\n|t:|1781461153\n|teamsize|p1|6\n|teamsize|p2|6\n|start\n|switch|p1a: Golurk|Golurk, L87|297/297\n|switch|p2a: Illumise|Illumise, L91, F|266/266\n|turn|1\n|inactive|Battle timer is ON: inactive players will automatically lose when time's up. (requested by RooMusH)\n|inactive|ChadInteleonUser also wants the timer to be on.\n|\n|t:|1781461182\n|switch|p2a: Indeedee|Indeedee-F, L90, F|272/272\n|-fieldstart|move: Psychic Terrain|[from] ability: Psychic Surge|[of] p2a: Indeedee\n|move|p1a: Golurk|Poltergeist|p2a: Indeedee\n|-immune|p2a: Indeedee\n|\n|upkeep\n|turn|2\n|\n|t:|1781461190\n|switch|p1a: Cacturne|Cacturne, L92, F|278/278\n|move|p2a: Indeedee|Psyshock|p1a: Cacturne\n|-immune|p1a: Cacturne\n|\n|upkeep\n|turn|3\n|\n|t:|1781461196\n|switch|p2a: Illumise|Illumise, L91, F|266/266\n|move|p1a: Cacturne|Knock Off|p2a: Illumise\n|-damage|p2a: Illumise|70/266\n|-enditem|p2a: Illumise|Heavy-Duty Boots|[from] move: Knock Off|[of] p1a: Cacturne\n|-damage|p1a: Cacturne|251/278|[from] item: Life Orb\n|\n|upkeep\n|turn|4\n|\n|t:|1781461210\n|switch|p1a: Golurk|Golurk, L87|297/297\n|move|p2a: Illumise|Roost|p2a: Illumise\n|-heal|p2a: Illumise|203/266\n|-singleturn|p2a: Illumise|move: Roost\n|\n|upkeep\n|turn|5\n|\n|t:|1781461216\n|switch|p2a: Indeedee|Indeedee-F, L90, F|272/272\n|move|p1a: Golurk|Stone Edge|p2a: Indeedee\n|-damage|p2a: Indeedee|134/272\n|-damage|p1a: Golurk|268/297|[from] item: Life Orb\n|\n|-fieldend|move: Psychic Terrain\n|upkeep\n|turn|6\n|\n|t:|1781461223\n|move|p2a: Indeedee|Shadow Ball|p1a: Golurk\n|-supereffective|p1a: Golurk\n|-damage|p1a: Golurk|50/297\n|move|p1a: Golurk|Earthquake|p2a: Indeedee\n|-damage|p2a: Indeedee|0 fnt\n|faint|p2a: Indeedee\n|-damage|p1a: Golurk|21/297|[from] item: Life Orb\n|\n|upkeep\n|\n|t:|1781461229\n|switch|p2a: Illumise|Illumise, L91, F|203/266\n|turn|7\n|\n|t:|1781461235\n|move|p2a: Illumise|Bug Buzz|p1a: Golurk\n|-resisted|p1a: Golurk\n|-damage|p1a: Golurk|0 fnt\n|faint|p1a: Golurk\n|\n|upkeep\n|\n|t:|1781461240\n|switch|p1a: Eelektross|Eelektross, L87, M|290/290\n|turn|8\n|\n|t:|1781461248\n|switch|p2a: Hydreigon|Hydreigon, L79, M|275/275\n|move|p1a: Eelektross|Fire Punch|p2a: Hydreigon\n|-resisted|p2a: Hydreigon\n|-damage|p2a: Hydreigon|239/275\n|\n|upkeep\n|turn|9\n|\n|t:|1781461254\n|move|p2a: Hydreigon|Dark Pulse|p1a: Eelektross\n|-damage|p1a: Eelektross|158/290\n|move|p1a: Eelektross|Drain Punch|p2a: Hydreigon\n|-supereffective|p2a: Hydreigon\n|-damage|p2a: Hydreigon|115/275\n|-heal|p1a: Eelektross|220/290|[from] drain|[of] p2a: Hydreigon\n|\n|-heal|p1a: Eelektross|238/290|[from] item: Leftovers\n|upkeep\n|turn|10\n|\n|t:|1781461265\n|switch|p2a: Illumise|Illumise, L91, F|203/266\n|move|p1a: Eelektross|Drain Punch|p2a: Illumise\n|-resisted|p2a: Illumise\n|-damage|p2a: Illumise|171/266\n|-heal|p1a: Eelektross|254/290|[from] drain|[of] p2a: Illumise\n|\n|-heal|p1a: Eelektross|272/290|[from] item: Leftovers\n|upkeep\n|turn|11\n|\n|t:|1781461269\n|switch|p1a: Whiscash|Whiscash, L88, M|337/337\n|move|p2a: Illumise|Bug Buzz|p1a: Whiscash\n|-damage|p1a: Whiscash|234/337\n|\n|upkeep\n|turn|12\n|\n|t:|1781461275\n|switch|p2a: Bruxish|Bruxish, L85, M|254/254\n|move|p1a: Whiscash|Stone Edge|p2a: Bruxish\n|-damage|p2a: Bruxish|154/254\n|-damage|p1a: Whiscash|201/337|[from] item: Life Orb\n|\n|upkeep\n|turn|13\n|\n|t:|1781461278\n|move|p2a: Bruxish|Crunch|p1a: Whiscash\n|-damage|p1a: Whiscash|76/337\n|-damage|p2a: Bruxish|129/254|[from] item: Life Orb\n|move|p1a: Whiscash|Earthquake|p2a: Bruxish\n|-damage|p2a: Bruxish|0 fnt\n|faint|p2a: Bruxish\n|-damage|p1a: Whiscash|43/337|[from] item: Life Orb\n|\n|upkeep\n|\n|t:|1781461282\n|switch|p2a: Hydreigon|Hydreigon, L79, M|115/275\n|turn|14\n|\n|t:|1781461287\n|move|p2a: Hydreigon|Dark Pulse|p1a: Whiscash\n|-damage|p1a: Whiscash|0 fnt\n|faint|p1a: Whiscash\n|\n|upkeep\n|\n|t:|1781461291\n|switch|p1a: Eelektross|Eelektross, L87, M|272/290\n|turn|15\n|\n|t:|1781461299\n|switch|p2a: Illumise|Illumise, L91, F|171/266\n|move|p1a: Eelektross|Supercell Slam|p2a: Illumise\n|-damage|p2a: Illumise|41/266\n|\n|-heal|p1a: Eelektross|290/290|[from] item: Leftovers\n|upkeep\n|turn|16\n|\n|t:|1781461303\n|move|p2a: Illumise|Roost|p2a: Illumise\n|-heal|p2a: Illumise|174/266\n|-singleturn|p2a: Illumise|move: Roost\n|move|p1a: Eelektross|Supercell Slam|p2a: Illumise\n|-damage|p2a: Illumise|38/266\n|\n|upkeep\n|turn|17\n|\n|t:|1781461307\n|move|p2a: Illumise|Roost|p2a: Illumise\n|-heal|p2a: Illumise|171/266\n|-singleturn|p2a: Illumise|move: Roost\n|move|p1a: Eelektross|Fire Punch|p2a: Illumise\n|-supereffective|p2a: Illumise\n|-damage|p2a: Illumise|39/266\n|\n|upkeep\n|turn|18\n|\n|t:|1781461310\n|move|p2a: Illumise|Roost|p2a: Illumise\n|-heal|p2a: Illumise|172/266\n|-singleturn|p2a: Illumise|move: Roost\n|move|p1a: Eelektross|Fire Punch|p2a: Illumise\n|-supereffective|p2a: Illumise\n|-damage|p2a: Illumise|40/266\n|-status|p2a: Illumise|brn\n|\n|-damage|p2a: Illumise|24/266 brn|[from] brn\n|upkeep\n|turn|19\n|\n|t:|1781461315\n|move|p2a: Illumise|Bug Buzz|p1a: Eelektross\n|-damage|p1a: Eelektross|203/290\n|-unboost|p1a: Eelektross|spd|1\n|move|p1a: Eelektross|Fire Punch|p2a: Illumise\n|-supereffective|p2a: Illumise\n|-damage|p2a: Illumise|0 fnt\n|faint|p2a: Illumise\n|\n|-heal|p1a: Eelektross|221/290|[from] item: Leftovers\n|upkeep\n|\n|t:|1781461318\n|switch|p2a: Hydreigon|Hydreigon, L79, M|115/275\n|turn|20\n|\n|t:|1781461322\n|move|p2a: Hydreigon|Draco Meteor|p1a: Eelektross\n|-crit|p1a: Eelektross\n|-damage|p1a: Eelektross|0 fnt\n|-unboost|p2a: Hydreigon|spa|2\n|faint|p1a: Eelektross\n|\n|upkeep\n|\n|t:|1781461327\n|switch|p1a: Cetitan|Cetitan, L82, M|412/412\n|turn|21\n|\n|t:|1781461333\n|move|p2a: Hydreigon|Draco Meteor|p1a: Cetitan\n|-damage|p1a: Cetitan|255/412\n|-unboost|p2a: Hydreigon|spa|2\n|move|p1a: Cetitan|Belly Drum|p1a: Cetitan\n|-damage|p1a: Cetitan|49/412\n|-setboost|p1a: Cetitan|atk|6|[from] move: Belly Drum\n|-enditem|p1a: Cetitan|Sitrus Berry|[eat]\n|-heal|p1a: Cetitan|152/412|[from] item: Sitrus Berry\n|\n|upkeep\n|turn|22\n|\n|t:|1781461336\n|move|p1a: Cetitan|Ice Shard|p2a: Hydreigon\n|-supereffective|p2a: Hydreigon\n|-damage|p2a: Hydreigon|0 fnt\n|faint|p2a: Hydreigon\n|\n|upkeep\n|\n|t:|1781461338\n|switch|p2a: Arceus|Arceus-Steel, L70|284/284\n|turn|23\n|\n|t:|1781461343\n|move|p1a: Cetitan|Ice Shard|p2a: Arceus\n|-resisted|p2a: Arceus\n|-damage|p2a: Arceus|199/284\n|move|p2a: Arceus|Judgment|p1a: Cetitan\n|-supereffective|p1a: Cetitan\n|-damage|p1a: Cetitan|0 fnt\n|faint|p1a: Cetitan\n|\n|upkeep\n|\n|t:|1781461348\n|switch|p1a: Latias|Latias, L79, F|256/256\n|turn|24\n|\n|t:|1781461366\n|move|p1a: Latias|Calm Mind|p1a: Latias\n|-boost|p1a: Latias|spa|1\n|-boost|p1a: Latias|spd|1\n|move|p2a: Arceus|Calm Mind|p2a: Arceus\n|-boost|p2a: Arceus|spa|1\n|-boost|p2a: Arceus|spd|1\n|\n|upkeep\n|turn|25\n|\n|t:|1781461371\n|move|p1a: Latias|Calm Mind|p1a: Latias\n|-boost|p1a: Latias|spa|1\n|-boost|p1a: Latias|spd|1\n|move|p2a: Arceus|Calm Mind|p2a: Arceus\n|-boost|p2a: Arceus|spa|1\n|-boost|p2a: Arceus|spd|1\n|\n|upkeep\n|turn|26\n|\n|t:|1781461373\n|move|p1a: Latias|Calm Mind|p1a: Latias\n|-boost|p1a: Latias|spa|1\n|-boost|p1a: Latias|spd|1\n|move|p2a: Arceus|Judgment|p1a: Latias\n|-damage|p1a: Latias|190/256\n|\n|upkeep\n|turn|27\n|c|\u2606ChadInteleonUser|gg\n|\n|t:|1781461377\n|move|p1a: Latias|Calm Mind|p1a: Latias\n|-boost|p1a: Latias|spa|1\n|-boost|p1a: Latias|spd|1\n|move|p2a: Arceus|Judgment|p1a: Latias\n|-damage|p1a: Latias|133/256\n|\n|upkeep\n|turn|28\n|\n|t:|1781461381\n|move|p1a: Latias|Recover|p1a: Latias\n|-heal|p1a: Latias|256/256\n|move|p2a: Arceus|Judgment|p1a: Latias\n|-damage|p1a: Latias|199/256\n|\n|upkeep\n|turn|29\n|\n|t:|1781461387\n|move|p1a: Latias|Psyshock|p2a: Arceus\n|-resisted|p2a: Arceus\n|-damage|p2a: Arceus|57/284\n|move|p2a: Arceus|Judgment|p1a: Latias\n|-damage|p1a: Latias|145/256\n|\n|upkeep\n|turn|30\n|\n|t:|1781461390\n|move|p1a: Latias|Psyshock|p2a: Arceus\n|-resisted|p2a: Arceus\n|-damage|p2a: Arceus|0 fnt\n|faint|p2a: Arceus\n|\n|upkeep\n|\n|t:|1781461392\n|switch|p2a: Rampardos|Rampardos, L90, M|321/321\n|turn|31\n|\n|t:|1781461396\n|-terastallize|p1a: Latias|Steel\n|move|p1a: Latias|Draco Meteor|p2a: Rampardos\n|-damage|p2a: Rampardos|0 fnt\n|-unboost|p1a: Latias|spa|2\n|faint|p2a: Rampardos\n|\n|win|RooMusH\n", "uploadtime": 1781461154, "views": 4, "formatid": "gen9randombattle", "rating": null, "private": 0, "password": null}