{"id": "gen9randombattle-2631959973", "format": "[Gen 9] Random Battle", "players": ["kianlegoat", "piguslaw"], "log": "|j|\u2606kianlegoat\n|j|\u2606piguslaw\n|t:|1781460095\n|gametype|singles\n|player|p1|kianlegoat|170|1311\n|player|p2|piguslaw|lucas|1270\n|gen|9\n|tier|[Gen 9] Random Battle\n|rated|\n|rule|Species Clause: Limit one of each Pok\u00e9mon\n|rule|HP Percentage Mod: HP is shown in percentages\n|rule|Sleep Clause Mod: Limit one foe put to sleep\n|rule|Illusion Level Mod: Illusion disguises the Pok\u00e9mon's true level\n|\n|t:|1781460095\n|teamsize|p1|6\n|teamsize|p2|6\n|start\n|switch|p1a: Staraptor|Staraptor, L79, M|263/263\n|switch|p2a: Dedenne|Dedenne, L88, F|261/261\n|turn|1\n|\n|t:|1781460109\n|switch|p1a: Electivire|Electivire, L84, F|263/263\n|move|p2a: Dedenne|Nuzzle|p1a: Electivire\n|-ability|p1a: Electivire|Motor Drive|boost\n|-boost|p1a: Electivire|spe|1\n|\n|upkeep\n|turn|2\n|\n|t:|1781460122\n|move|p1a: Electivire|Earthquake|p2a: Dedenne\n|-supereffective|p2a: Dedenne\n|-damage|p2a: Dedenne|0 fnt\n|faint|p2a: Dedenne\n|-damage|p1a: Electivire|237/263|[from] item: Life Orb\n|\n|upkeep\n|\n|t:|1781460160\n|switch|p2a: Mightyena|Mightyena, L96, M|290/290\n|-ability|p2a: Mightyena|Intimidate|boost\n|-unboost|p1a: Electivire|atk|1\n|turn|3\n|\n|t:|1781460171\n|move|p1a: Electivire|Supercell Slam|p2a: Mightyena\n|-damage|p2a: Mightyena|169/290\n|-damage|p1a: Electivire|211/263|[from] item: Life Orb\n|move|p2a: Mightyena|Poison Fang|p1a: Electivire\n|-damage|p1a: Electivire|157/263\n|-status|p1a: Electivire|tox\n|\n|-damage|p1a: Electivire|141/263 tox|[from] psn\n|upkeep\n|turn|4\n|\n|t:|1781460202\n|switch|p1a: Scizor|Scizor, L79, F|240/240\n|move|p2a: Mightyena|Crunch|p1a: Scizor\n|-damage|p1a: Scizor|131/240\n|\n|-heal|p1a: Scizor|146/240|[from] item: Leftovers\n|upkeep\n|turn|5\n|\n|t:|1781460221\n|switch|p2a: Slowking|Slowking-Galar, L85, M|300/300\n|move|p1a: Scizor|Bullet Punch|p2a: Slowking\n|-damage|p2a: Slowking|230/300\n|\n|-heal|p1a: Scizor|161/240|[from] item: Leftovers\n|-heal|p2a: Slowking|248/300|[from] item: Leftovers\n|upkeep\n|turn|6\n|\n|t:|1781460229\n|move|p1a: Scizor|Knock Off|p2a: Slowking\n|-supereffective|p2a: Slowking\n|-damage|p2a: Slowking|94/300\n|-enditem|p2a: Slowking|Leftovers|[from] move: Knock Off|[of] p1a: Scizor\n|move|p2a: Slowking|Thunder Wave|p1a: Scizor\n|-status|p1a: Scizor|par\n|\n|-heal|p1a: Scizor|176/240 par|[from] item: Leftovers\n|upkeep\n|turn|7\n|\n|t:|1781460239\n|switch|p1a: Skuntank|Skuntank, L84, M|310/310\n|move|p2a: Slowking|Slack Off|p2a: Slowking\n|-heal|p2a: Slowking|244/300\n|\n|upkeep\n|turn|8\n|\n|t:|1781460267\n|switch|p2a: Hitmonlee|Hitmonlee, L85, M|224/224\n|move|p1a: Skuntank|Sucker Punch||[still]\n|-fail|p1a: Skuntank\n|\n|upkeep\n|turn|9\n|\n|t:|1781460276\n|switch|p1a: Staraptor|Staraptor, L79, M|263/263\n|move|p2a: Hitmonlee|Swords Dance|p2a: Hitmonlee\n|-boost|p2a: Hitmonlee|atk|2\n|\n|upkeep\n|turn|10\n|\n|t:|1781460282\n|move|p1a: Staraptor|Brave Bird|p2a: Hitmonlee\n|-supereffective|p2a: Hitmonlee\n|-damage|p2a: Hitmonlee|0 fnt\n|faint|p2a: Hitmonlee\n|-damage|p1a: Staraptor|189/263|[from] Recoil\n|\n|upkeep\n|\n|t:|1781460317\n|switch|p2a: Slowking|Slowking-Galar, L85, M|300/300\n|turn|11\n|\n|t:|1781460332\n|move|p1a: Staraptor|Brave Bird|p2a: Slowking\n|-damage|p2a: Slowking|44/300\n|-damage|p1a: Staraptor|105/263|[from] Recoil\n|move|p2a: Slowking|Sludge Bomb|p1a: Staraptor\n|-damage|p1a: Staraptor|0 fnt\n|faint|p1a: Staraptor\n|\n|upkeep\n|\n|t:|1781460338\n|switch|p1a: Scizor|Scizor, L79, F|176/240 par\n|turn|12\n|\n|t:|1781460350\n|switch|p2a: Vespiquen|Vespiquen, L99, F|299/299\n|-ability|p2a: Vespiquen|Pressure\n|cant|p1a: Scizor|par\n|\n|-heal|p1a: Scizor|191/240 par|[from] item: Leftovers\n|upkeep\n|turn|13\n|\n|t:|1781460361\n|move|p2a: Vespiquen|Spikes|p1a: Scizor\n|-sidestart|p1: kianlegoat|Spikes\n|cant|p1a: Scizor|par\n|\n|-heal|p1a: Scizor|206/240 par|[from] item: Leftovers\n|upkeep\n|turn|14\n|\n|t:|1781460366\n|move|p2a: Vespiquen|Spikes|p1a: Scizor\n|-sidestart|p1: kianlegoat|Spikes\n|move|p1a: Scizor|Knock Off|p2a: Vespiquen\n|-damage|p2a: Vespiquen|239/299\n|-enditem|p2a: Vespiquen|Heavy-Duty Boots|[from] move: Knock Off|[of] p1a: Scizor\n|\n|-heal|p1a: Scizor|221/240 par|[from] item: Leftovers\n|upkeep\n|turn|15\n|\n|t:|1781460378\n|move|p2a: Vespiquen|Spikes|p1a: Scizor\n|-sidestart|p1: kianlegoat|Spikes\n|move|p1a: Scizor|Defog|p2a: Vespiquen\n|-unboost|p2a: Vespiquen|evasion|1\n|-sideend|p1: kianlegoat|Spikes|[from] move: Defog|[of] p1a: Scizor\n|\n|-heal|p1a: Scizor|236/240 par|[from] item: Leftovers\n|upkeep\n|turn|16\n|\n|t:|1781460387\n|switch|p1a: Electivire|Electivire, L84, F|141/263 tox\n|move|p2a: Vespiquen|Hurricane|p1a: Electivire|[miss]\n|-miss|p2a: Vespiquen|p1a: Electivire\n|\n|-damage|p1a: Electivire|125/263 tox|[from] psn\n|upkeep\n|turn|17\n|\n|t:|1781460413\n|switch|p2a: Mightyena|Mightyena, L96, M|169/290\n|-ability|p2a: Mightyena|Intimidate|boost\n|-unboost|p1a: Electivire|atk|1\n|move|p1a: Electivire|Supercell Slam|p2a: Mightyena\n|-damage|p2a: Mightyena|48/290\n|-damage|p1a: Electivire|99/263 tox|[from] item: Life Orb\n|\n|-damage|p1a: Electivire|67/263 tox|[from] psn\n|upkeep\n|turn|18\n|\n|t:|1781460424\n|move|p2a: Mightyena|Sucker Punch|p1a: Electivire\n|-crit|p1a: Electivire\n|-damage|p1a: Electivire|0 fnt\n|faint|p1a: Electivire\n|\n|upkeep\n|\n|t:|1781460428\n|switch|p1a: Scizor|Scizor, L79, F|236/240 par\n|turn|19\n|\n|t:|1781460439\n|move|p2a: Mightyena|Crunch|p1a: Scizor\n|-damage|p1a: Scizor|143/240 par\n|move|p1a: Scizor|Close Combat|p2a: Mightyena\n|-supereffective|p2a: Mightyena\n|-damage|p2a: Mightyena|0 fnt\n|-unboost|p1a: Scizor|def|1\n|-unboost|p1a: Scizor|spd|1\n|faint|p2a: Mightyena\n|\n|-heal|p1a: Scizor|158/240 par|[from] item: Leftovers\n|upkeep\n|\n|t:|1781460450\n|switch|p2a: Eiscue|Eiscue, L88, F|274/274\n|turn|20\n|\n|t:|1781460456\n|-terastallize|p2a: Eiscue|Electric\n|cant|p1a: Scizor|par\n|move|p2a: Eiscue|Belly Drum|p2a: Eiscue\n|-damage|p2a: Eiscue|137/274\n|-setboost|p2a: Eiscue|atk|6|[from] move: Belly Drum\n|-enditem|p2a: Eiscue|Sitrus Berry|[eat]\n|-heal|p2a: Eiscue|205/274|[from] item: Sitrus Berry\n|\n|-heal|p1a: Scizor|173/240 par|[from] item: Leftovers\n|upkeep\n|turn|21\n|\n|t:|1781460488\n|move|p2a: Eiscue|Liquidation|p1a: Scizor\n|-damage|p1a: Scizor|0 fnt\n|faint|p1a: Scizor\n|\n|upkeep\n|\n|t:|1781460493\n|switch|p1a: Falinks|Falinks, L84|246/246\n|turn|22\n|\n|t:|1781460508\n|-terastallize|p1a: Falinks|Steel\n|move|p1a: Falinks|Close Combat|p2a: Eiscue\n|-activate|p2a: Eiscue|ability: Ice Face\n|-damage|p2a: Eiscue|205/274\n|-unboost|p1a: Falinks|def|1\n|-unboost|p1a: Falinks|spd|1\n|detailschange|p2a: Eiscue|Eiscue-Noice, L88, F, tera:Electric\n|-damage|p1a: Falinks|222/246|[from] item: Life Orb\n|move|p2a: Eiscue|Liquidation|p1a: Falinks\n|-damage|p1a: Falinks|0 fnt\n|faint|p1a: Falinks\n|\n|upkeep\n|\n|t:|1781460511\n|switch|p1a: Skuntank|Skuntank, L84, M|310/310\n|turn|23\n|\n|t:|1781460524\n|move|p1a: Skuntank|Sucker Punch|p2a: Eiscue\n|-damage|p2a: Eiscue|120/274\n|move|p2a: Eiscue|Liquidation|p1a: Skuntank\n|-damage|p1a: Skuntank|31/310\n|\n|upkeep\n|turn|24\n|\n|t:|1781460548\n|move|p1a: Skuntank|Sucker Punch|p2a: Eiscue\n|-damage|p2a: Eiscue|33/274\n|move|p2a: Eiscue|Liquidation|p1a: Skuntank\n|-damage|p1a: Skuntank|0 fnt\n|-damage|p2a: Eiscue|0 fnt|[from] ability: Aftermath|[of] p1a: Skuntank\n|faint|p1a: Skuntank\n|faint|p2a: Eiscue\n|\n|upkeep\n|\n|t:|1781460566\n|switch|p2a: Slowking|Slowking-Galar, L85, M|144/300\n|switch|p1a: Arboliva|Arboliva, L91, M|288/288\n|turn|25\n|\n|t:|1781460580\n|move|p1a: Arboliva|Leech Seed|p2a: Slowking\n|-start|p2a: Slowking|move: Leech Seed\n|move|p2a: Slowking|Sludge Bomb|p1a: Arboliva\n|-supereffective|p1a: Arboliva\n|-damage|p1a: Arboliva|124/288\n|-enditem|p1a: Arboliva|Sitrus Berry|[eat]\n|-heal|p1a: Arboliva|196/288|[from] item: Sitrus Berry\n|\n|-damage|p2a: Slowking|107/300|[from] Leech Seed|[of] p1a: Arboliva\n|-heal|p1a: Arboliva|233/288|[silent]\n|upkeep\n|turn|26\n|\n|t:|1781460591\n|move|p1a: Arboliva|Substitute|p1a: Arboliva\n|-start|p1a: Arboliva|Substitute\n|-damage|p1a: Arboliva|161/288\n|move|p2a: Slowking|Thunder Wave||[still]\n|-fail|p2a: Slowking\n|\n|-damage|p2a: Slowking|70/300|[from] Leech Seed|[of] p1a: Arboliva\n|-heal|p1a: Arboliva|198/288|[silent]\n|-item|p1a: Arboliva|Sitrus Berry|[from] ability: Harvest\n|upkeep\n|turn|27\n|\n|t:|1781460600\n|move|p1a: Arboliva|Hyper Voice|p2a: Slowking\n|-damage|p2a: Slowking|0 fnt\n|faint|p2a: Slowking\n|\n|upkeep\n|\n|t:|1781460604\n|switch|p2a: Vespiquen|Vespiquen, L99, F|239/299\n|-ability|p2a: Vespiquen|Pressure\n|turn|28\n|\n|t:|1781460609\n|move|p2a: Vespiquen|Hurricane|p1a: Arboliva\n|-supereffective|p1a: Arboliva\n|-end|p1a: Arboliva|Substitute\n|move|p1a: Arboliva|Leech Seed|p2a: Vespiquen|[miss]\n|-miss|p1a: Arboliva|p2a: Vespiquen\n|\n|upkeep\n|turn|29\n|\n|t:|1781460615\n|move|p2a: Vespiquen|Hurricane|p1a: Arboliva\n|-supereffective|p1a: Arboliva\n|-damage|p1a: Arboliva|0 fnt\n|faint|p1a: Arboliva\n|\n|win|piguslaw\n|raw|kianlegoat's rating: 1311 &rarr; <strong>1289</strong><br />(-22 for losing)\n|raw|piguslaw's rating: 1270 &rarr; <strong>1298</strong><br />(+28 for winning)\n|l|\u2606kianlegoat\n|player|p1|\n", "uploadtime": 1781460620, "views": 14, "formatid": "gen9randombattle", "rating": 1289, "private": 0, "password": null}