{"id": "gen9randombattle-2631452450", "format": "[Gen 9] Random Battle", "players": ["A ninja kiwi", "stop_aa"], "log": "|j|\u2606A ninja kiwi\n|j|\u2606stop_aa\n|t:|1781386424\n|gametype|singles\n|player|p1|A ninja kiwi|koga|2132\n|player|p2|stop_aa|101|2064\n|gen|9\n|tier|[Gen 9] Random Battle\n|rated|\n|rule|Species Clause: Limit one of each Pok\u00e9mon\n|rule|HP Percentage Mod: HP is shown in percentages\n|rule|Sleep Clause Mod: Limit one foe put to sleep\n|rule|Illusion Level Mod: Illusion disguises the Pok\u00e9mon's true level\n|\n|t:|1781386424\n|teamsize|p1|6\n|teamsize|p2|6\n|start\n|switch|p1a: Gothitelle|Gothitelle, L90, F|272/272\n|switch|p2a: Electivire|Electivire, L84, M|263/263\n|turn|1\n|\n|t:|1781386441\n|move|p2a: Electivire|Supercell Slam|p1a: Gothitelle\n|-damage|p1a: Gothitelle|128/272\n|-damage|p2a: Electivire|237/263|[from] item: Life Orb\n|move|p1a: Gothitelle|Psychic Noise|p2a: Electivire\n|-damage|p2a: Electivire|143/263\n|-start|p2a: Electivire|move: Heal Block\n|\n|-heal|p1a: Gothitelle|145/272|[from] item: Leftovers\n|upkeep\n|turn|2\n|\n|t:|1781386457\n|switch|p1a: Excadrill|Excadrill, L79, F|303/303\n|-ability|p1a: Excadrill|Mold Breaker\n|move|p2a: Electivire|Earthquake|p1a: Excadrill\n|-supereffective|p1a: Excadrill\n|-damage|p1a: Excadrill|12/303\n|-damage|p2a: Electivire|117/263|[from] item: Life Orb\n|\n|-end|p2a: Electivire|move: Heal Block\n|upkeep\n|turn|3\n|\n|t:|1781386465\n|move|p2a: Electivire|Earthquake|p1a: Excadrill\n|-supereffective|p1a: Excadrill\n|-damage|p1a: Excadrill|0 fnt\n|faint|p1a: Excadrill\n|-damage|p2a: Electivire|91/263|[from] item: Life Orb\n|\n|upkeep\n|\n|t:|1781386487\n|switch|p1a: Terrakion|Terrakion, L79|273/273\n|turn|4\n|\n|t:|1781386499\n|move|p1a: Terrakion|Close Combat|p2a: Electivire\n|-damage|p2a: Electivire|0 fnt\n|-unboost|p1a: Terrakion|def|1\n|-unboost|p1a: Terrakion|spd|1\n|faint|p2a: Electivire\n|\n|upkeep\n|\n|t:|1781386505\n|switch|p2a: Scizor|Scizor, L79, M|240/240\n|turn|5\n|\n|t:|1781386517\n|switch|p1a: Milotic|Milotic, L83, F|293/293\n|move|p2a: Scizor|Bullet Punch|p1a: Milotic\n|-resisted|p1a: Milotic\n|-damage|p1a: Milotic|231/293\n|\n|-heal|p1a: Milotic|249/293|[from] item: Leftovers\n|upkeep\n|turn|6\n|\n|t:|1781386526\n|switch|p2a: Tornadus|Tornadus, L82, M|263/263\n|move|p1a: Milotic|Scald|p2a: Tornadus\n|-damage|p2a: Tornadus|167/263\n|-status|p2a: Tornadus|brn\n|\n|-heal|p1a: Milotic|267/293|[from] item: Leftovers\n|-damage|p2a: Tornadus|151/263 brn|[from] brn\n|upkeep\n|turn|7\n|\n|t:|1781386567\n|switch|p1a: Gothitelle|Gothitelle, L90, F|145/272\n|move|p2a: Tornadus|Grass Knot|p1a: Gothitelle\n|-damage|p1a: Gothitelle|92/272\n|\n|-heal|p1a: Gothitelle|109/272|[from] item: Leftovers\n|-damage|p2a: Tornadus|135/263 brn|[from] brn\n|upkeep\n|turn|8\n|\n|t:|1781386579\n|move|p2a: Tornadus|Grass Knot|p1a: Gothitelle\n|-damage|p1a: Gothitelle|51/272\n|move|p1a: Gothitelle|Thunderbolt|p2a: Tornadus\n|-supereffective|p2a: Tornadus\n|-damage|p2a: Tornadus|0 fnt\n|faint|p2a: Tornadus\n|\n|-heal|p1a: Gothitelle|68/272|[from] item: Leftovers\n|upkeep\n|\n|t:|1781386587\n|switch|p2a: Corviknight|Corviknight, L80, M|288/288\n|turn|9\n|\n|t:|1781386601\n|move|p1a: Gothitelle|Thunderbolt|p2a: Corviknight\n|-supereffective|p2a: Corviknight\n|-damage|p2a: Corviknight|134/288\n|move|p2a: Corviknight|Brave Bird|p1a: Gothitelle\n|-damage|p1a: Gothitelle|0 fnt\n|faint|p1a: Gothitelle\n|-damage|p2a: Corviknight|112/288|[from] Recoil\n|\n|upkeep\n|\n|t:|1781386607\n|switch|p1a: Terrakion|Terrakion, L79|273/273\n|turn|10\n|\n|t:|1781386610\n|move|p1a: Terrakion|Close Combat|p2a: Corviknight\n|-damage|p2a: Corviknight|0 fnt\n|-unboost|p1a: Terrakion|def|1\n|-unboost|p1a: Terrakion|spd|1\n|-damage|p1a: Terrakion|228/273|[from] item: Rocky Helmet|[of] p2a: Corviknight\n|faint|p2a: Corviknight\n|\n|upkeep\n|\n|t:|1781386613\n|switch|p2a: Scizor|Scizor, L79, M|240/240\n|turn|11\n|\n|t:|1781386630\n|move|p1a: Terrakion|Close Combat|p2a: Scizor\n|-crit|p2a: Scizor\n|-damage|p2a: Scizor|0 fnt\n|-unboost|p1a: Terrakion|def|1\n|-unboost|p1a: Terrakion|spd|1\n|faint|p2a: Scizor\n|\n|upkeep\n|-message|stop_aa forfeited.\n|\n|win|A ninja kiwi\n", "uploadtime": 1781386427, "views": 4, "formatid": "gen9randombattle", "rating": null, "private": 0, "password": null}