{"id": "gen9randombattle-2631896846", "format": "[Gen 9] Random Battle", "players": ["Dollainthewoods", "who is to say"], "log": "|j|\u2606Dollainthewoods\n|j|\u2606who is to say\n|t:|1781453210\n|gametype|singles\n|player|p1|Dollainthewoods|102|2146\n|player|p2|who is to say|1|2242\n|gen|9\n|tier|[Gen 9] Random Battle\n|rated|\n|rule|Species Clause: Limit one of each Pok\u00e9mon\n|rule|HP Percentage Mod: HP is shown in percentages\n|rule|Sleep Clause Mod: Limit one foe put to sleep\n|rule|Illusion Level Mod: Illusion disguises the Pok\u00e9mon's true level\n|\n|t:|1781453210\n|teamsize|p1|6\n|teamsize|p2|6\n|start\n|switch|p1a: Granbull|Granbull, L88, F|302/302\n|switch|p2a: Regieleki|Regieleki, L79|256/256\n|-ability|p1a: Granbull|Intimidate|boost\n|-unboost|p2a: Regieleki|atk|1\n|turn|1\n|\n|t:|1781453218\n|move|p2a: Regieleki|Volt Switch|p1a: Granbull\n|-damage|p1a: Granbull|169/302\n|\n|t:|1781453225\n|switch|p2a: Trevenant|Trevenant, L89, M|296/296|[from] Volt Switch\n|move|p1a: Granbull|Earthquake|p2a: Trevenant\n|-resisted|p2a: Trevenant\n|-damage|p2a: Trevenant|248/296\n|\n|-heal|p1a: Granbull|187/302|[from] item: Leftovers\n|upkeep\n|turn|2\n|\n|t:|1781453232\n|switch|p1a: Toxapex|Toxapex, L82, M|216/216\n|move|p2a: Trevenant|Toxic|p1a: Toxapex\n|-immune|p1a: Toxapex\n|\n|upkeep\n|turn|3\n|\n|t:|1781453236\n|switch|p2a: Lumineon|Lumineon, L93, F|279/279\n|move|p1a: Toxapex|Toxic|p2a: Lumineon\n|-status|p2a: Lumineon|tox\n|\n|-damage|p2a: Lumineon|262/279 tox|[from] psn\n|upkeep\n|turn|4\n|\n|t:|1781453240\n|move|p2a: Lumineon|Encore|p1a: Toxapex\n|-start|p1a: Toxapex|Encore\n|move|p1a: Toxapex|Toxic|p2a: Lumineon\n|-fail|p2a: Lumineon|tox\n|\n|-damage|p2a: Lumineon|228/279 tox|[from] psn\n|upkeep\n|turn|5\n|\n|t:|1781453247\n|move|p2a: Lumineon|U-turn|p1a: Toxapex\n|-resisted|p1a: Toxapex\n|-damage|p1a: Toxapex|201/216\n|-damage|p2a: Lumineon|182/279 tox|[from] item: Rocky Helmet|[of] p1a: Toxapex\n|\n|t:|1781453249\n|switch|p2a: Blissey|Blissey, L85, F|572/572|[from] U-turn\n|move|p1a: Toxapex|Toxic|p2a: Blissey\n|-status|p2a: Blissey|tox\n|\n|-damage|p2a: Blissey|537/572 tox|[from] psn\n|upkeep\n|turn|6\n|\n|t:|1781453254\n|switch|p1a: Avalugg|Avalugg, L88, M|310/310\n|move|p2a: Blissey|Thunder Wave|p1a: Avalugg\n|-status|p1a: Avalugg|par\n|\n|-heal|p2a: Blissey|572/572 tox|[from] item: Leftovers\n|-damage|p2a: Blissey|502/572 tox|[from] psn\n|upkeep\n|turn|7\n|inactive|Battle timer is ON: inactive players will automatically lose when time's up. (requested by Dollainthewoods)\n|\n|t:|1781453261\n|-curestatus|p2a: Blissey|tox|[from] ability: Natural Cure|[silent]\n|switch|p2a: Lumineon|Lumineon, L93, F|182/279 tox\n|switch|p1a: Toxapex|Toxapex, L82, M|216/216\n|\n|-damage|p2a: Lumineon|165/279 tox|[from] psn\n|upkeep\n|turn|8\n|\n|t:|1781453266\n|move|p2a: Lumineon|U-turn|p1a: Toxapex\n|-resisted|p1a: Toxapex\n|-damage|p1a: Toxapex|201/216\n|-damage|p2a: Lumineon|119/279 tox|[from] item: Rocky Helmet|[of] p1a: Toxapex\n|\n|t:|1781453268\n|switch|p2a: Blissey|Blissey, L85, F|502/572|[from] U-turn\n|move|p1a: Toxapex|Toxic|p2a: Blissey\n|-status|p2a: Blissey|tox\n|\n|-heal|p2a: Blissey|537/572 tox|[from] item: Leftovers\n|-damage|p2a: Blissey|502/572 tox|[from] psn\n|upkeep\n|turn|9\n|\n|t:|1781453271\n|switch|p1a: Avalugg|Avalugg, L88, M|310/310 par\n|move|p2a: Blissey|Heal Bell|p2a: Blissey\n|-activate|p2a: Blissey|move: Heal Bell\n|-curestatus|p2a: Blissey|tox|[msg]\n|-curestatus|p2: Lumineon|tox|[msg]\n|\n|-heal|p2a: Blissey|537/572|[from] item: Leftovers\n|upkeep\n|turn|10\n|\n|t:|1781453274\n|switch|p2a: Arceus|Arceus-Water, L71|288/288\n|move|p1a: Avalugg|Body Press|p2a: Arceus\n|-damage|p2a: Arceus|184/288\n|\n|upkeep\n|turn|11\n|\n|t:|1781453282\n|switch|p2a: Regieleki|Regieleki, L79|256/256\n|switch|p1a: Magearna|Magearna-Original, L77|250/250\n|\n|upkeep\n|turn|12\n|\n|t:|1781453291\n|move|p2a: Regieleki|Volt Switch|p1a: Magearna\n|-damage|p1a: Magearna|163/250\n|\n|t:|1781453296\n|switch|p2a: Trevenant|Trevenant, L89, M|248/296|[from] Volt Switch\n|move|p1a: Magearna|Fleur Cannon|p2a: Trevenant\n|-damage|p2a: Trevenant|113/296\n|-unboost|p1a: Magearna|spa|2\n|-enditem|p2a: Trevenant|Sitrus Berry|[eat]\n|-heal|p2a: Trevenant|187/296|[from] item: Sitrus Berry\n|\n|-heal|p1a: Magearna|178/250|[from] item: Leftovers\n|upkeep\n|turn|13\n|\n|t:|1781453300\n|switch|p1a: Toxapex|Toxapex, L82, M|216/216\n|move|p2a: Trevenant|Poltergeist|p1a: Toxapex\n|-activate|p1a: Toxapex|move: Poltergeist|Rocky Helmet\n|-damage|p1a: Toxapex|126/216\n|\n|upkeep\n|turn|14\n|\n|t:|1781453306\n|move|p2a: Trevenant|Poltergeist|p1a: Toxapex\n|-activate|p1a: Toxapex|move: Poltergeist|Rocky Helmet\n|-damage|p1a: Toxapex|27/216\n|move|p1a: Toxapex|Recover|p1a: Toxapex\n|-heal|p1a: Toxapex|135/216\n|\n|upkeep\n|turn|15\n|\n|t:|1781453311\n|switch|p2a: Regieleki|Regieleki, L79|256/256\n|move|p1a: Toxapex|Recover|p1a: Toxapex\n|-heal|p1a: Toxapex|216/216\n|\n|upkeep\n|turn|16\n|\n|t:|1781453317\n|switch|p1a: Avalugg|Avalugg, L88, M|310/310 par\n|move|p2a: Regieleki|Thunderbolt|p1a: Avalugg\n|-damage|p1a: Avalugg|124/310 par\n|\n|upkeep\n|turn|17\n|\n|t:|1781453323\n|move|p2a: Regieleki|Thunderbolt|p1a: Avalugg\n|-damage|p1a: Avalugg|0 fnt\n|faint|p1a: Avalugg\n|\n|upkeep\n|\n|t:|1781453326\n|switch|p1a: Scrafty|Scrafty, L83, M|244/244\n|turn|18\n|\n|t:|1781453330\n|move|p2a: Regieleki|Volt Switch|p1a: Scrafty\n|-damage|p1a: Scrafty|154/244\n|\n|t:|1781453333\n|switch|p2a: Lumineon|Lumineon, L93, F|119/279|[from] Volt Switch\n|move|p1a: Scrafty|Bulk Up|p1a: Scrafty\n|-boost|p1a: Scrafty|atk|1\n|-boost|p1a: Scrafty|def|1\n|\n|-heal|p1a: Scrafty|169/244|[from] item: Leftovers\n|upkeep\n|turn|19\n|\n|t:|1781453338\n|-terastallize|p1a: Scrafty|Poison\n|move|p2a: Lumineon|Encore|p1a: Scrafty\n|-start|p1a: Scrafty|Encore\n|move|p1a: Scrafty|Bulk Up|p1a: Scrafty\n|-boost|p1a: Scrafty|atk|1\n|-boost|p1a: Scrafty|def|1\n|\n|-heal|p1a: Scrafty|184/244|[from] item: Leftovers\n|upkeep\n|turn|20\n|\n|t:|1781453342\n|move|p2a: Lumineon|U-turn|p1a: Scrafty\n|-resisted|p1a: Scrafty\n|-damage|p1a: Scrafty|174/244\n|\n|t:|1781453346\n|switch|p2a: Regieleki|Regieleki, L79|256/256|[from] U-turn\n|move|p1a: Scrafty|Bulk Up|p1a: Scrafty\n|-boost|p1a: Scrafty|atk|1\n|-boost|p1a: Scrafty|def|1\n|\n|-heal|p1a: Scrafty|189/244|[from] item: Leftovers\n|upkeep\n|turn|21\n|\n|t:|1781453350\n|move|p2a: Regieleki|Thunderbolt|p1a: Scrafty\n|-damage|p1a: Scrafty|78/244\n|move|p1a: Scrafty|Bulk Up|p1a: Scrafty\n|-boost|p1a: Scrafty|atk|1\n|-boost|p1a: Scrafty|def|1\n|\n|-heal|p1a: Scrafty|93/244|[from] item: Leftovers\n|-end|p1a: Scrafty|Encore\n|upkeep\n|turn|22\n|\n|t:|1781453353\n|move|p2a: Regieleki|Thunderbolt|p1a: Scrafty\n|-damage|p1a: Scrafty|0 fnt\n|faint|p1a: Scrafty\n|\n|upkeep\n|\n|t:|1781453356\n|switch|p1a: Granbull|Granbull, L88, F|187/302\n|-ability|p1a: Granbull|Intimidate|boost\n|-unboost|p2a: Regieleki|atk|1\n|turn|23\n|\n|t:|1781453362\n|-terastallize|p2a: Regieleki|Electric\n|move|p2a: Regieleki|Thunderbolt|p1a: Granbull\n|-damage|p1a: Granbull|0 fnt\n|faint|p1a: Granbull\n|\n|upkeep\n|\n|t:|1781453364\n|switch|p1a: Magearna|Magearna-Original, L77|178/250\n|turn|24\n|\n|t:|1781453369\n|move|p2a: Regieleki|Volt Switch|p1a: Magearna\n|-damage|p1a: Magearna|50/250\n|\n|t:|1781453372\n|switch|p2a: Blissey|Blissey, L85, F|537/572|[from] Volt Switch\n|move|p1a: Magearna|Fleur Cannon|p2a: Blissey\n|-damage|p2a: Blissey|434/572\n|-unboost|p1a: Magearna|spa|2\n|\n|-heal|p1a: Magearna|65/250|[from] item: Leftovers\n|-heal|p2a: Blissey|469/572|[from] item: Leftovers\n|upkeep\n|turn|25\n|\n|t:|1781453376\n|switch|p1a: Gyarados|Gyarados, L79, F|280/280\n|switch|p2a: Regieleki|Regieleki, L79, tera:Electric|256/256\n|\n|upkeep\n|turn|26\n|\n|t:|1781453379\n|move|p2a: Regieleki|Thunderbolt|p1a: Gyarados\n|-supereffective|p1a: Gyarados\n|-damage|p1a: Gyarados|0 fnt\n|faint|p1a: Gyarados\n|\n|upkeep\n|-message|Dollainthewoods forfeited.\n|\n|win|who is to say\n", "uploadtime": 1781453213, "views": 4, "formatid": "gen9randombattle", "rating": null, "private": 0, "password": null}