{"id": "gen9randombattle-2631852254", "format": "[Gen 9] Random Battle", "players": ["TriniPlayer", "katsuge5"], "log": "|j|\u2606TriniPlayer\n|j|\u2606katsuge5\n|t:|1781448217\n|gametype|singles\n|player|p1|TriniPlayer|acetrainersnow|2300\n|player|p2|katsuge5|101|2257\n|gen|9\n|tier|[Gen 9] Random Battle\n|rated|\n|rule|Species Clause: Limit one of each Pok\u00e9mon\n|rule|HP Percentage Mod: HP is shown in percentages\n|rule|Sleep Clause Mod: Limit one foe put to sleep\n|rule|Illusion Level Mod: Illusion disguises the Pok\u00e9mon's true level\n|\n|t:|1781448217\n|teamsize|p1|6\n|teamsize|p2|6\n|start\n|switch|p1a: Orthworm|Orthworm, L88, M|266/266\n|switch|p2a: Flapple|Flapple, L88, F|266/266\n|turn|1\n|inactive|Battle timer is ON: inactive players will automatically lose when time's up. (requested by TriniPlayer)\n|inactive|katsuge5 has 120 seconds left.\n|inactive|katsuge5 has 90 seconds left.\n|\n|t:|1781448296\n|switch|p2a: Volcanion|Volcanion, L79|255/255\n|move|p1a: Orthworm|Iron Tail|p2a: Volcanion|[miss]\n|-miss|p1a: Orthworm|p2a: Volcanion\n|\n|upkeep\n|turn|2\n|\n|t:|1781448305\n|switch|p1a: Mesprit|Mesprit, L85|275/275\n|move|p2a: Volcanion|Steam Eruption|p1a: Mesprit\n|-damage|p1a: Mesprit|152/275\n|\n|-heal|p1a: Mesprit|169/275|[from] item: Leftovers\n|upkeep\n|turn|3\n|inactive|katsuge5 has 120 seconds left.\n|\n|t:|1781448353\n|switch|p2a: Golem|Golem-Alola, L93, M|300/300\n|move|p1a: Mesprit|Knock Off|p2a: Golem\n|-damage|p2a: Golem|248/300\n|-enditem|p2a: Golem|Choice Band|[from] move: Knock Off|[of] p1a: Mesprit\n|\n|-heal|p1a: Mesprit|186/275|[from] item: Leftovers\n|upkeep\n|turn|4\n|\n|t:|1781448358\n|move|p1a: Mesprit|Stealth Rock|p2a: Golem\n|-sidestart|p2: katsuge5|move: Stealth Rock\n|move|p2a: Golem|Double-Edge|p1a: Mesprit\n|-damage|p1a: Mesprit|0 fnt\n|faint|p1a: Mesprit\n|-damage|p2a: Golem|187/300|[from] Recoil\n|\n|upkeep\n|\n|t:|1781448370\n|switch|p1a: Scrafty|Scrafty, L83, M|244/244\n|-ability|p1a: Scrafty|Intimidate|boost\n|-unboost|p2a: Golem|atk|1\n|turn|5\n|inactive|katsuge5 has 120 seconds left.\n|\n|t:|1781448396\n|move|p1a: Scrafty|Dragon Dance|p1a: Scrafty\n|-boost|p1a: Scrafty|atk|1\n|-boost|p1a: Scrafty|spe|1\n|move|p2a: Golem|Explosion|p1a: Scrafty\n|-damage|p1a: Scrafty|0 fnt\n|faint|p2a: Golem\n|faint|p1a: Scrafty\n|\n|upkeep\n|\n|t:|1781448409\n|switch|p1a: Orthworm|Orthworm, L88, M|266/266\n|switch|p2a: Articuno|Articuno-Galar, L84|288/288\n|turn|6\n|inactive|katsuge5 has 90 seconds left.\n|\n|t:|1781448441\n|switch|p2a: Tauros|Tauros-Paldea-Blaze, L81, M|254/254\n|-damage|p2a: Tauros|223/254|[from] Stealth Rock\n|-ability|p2a: Tauros|Intimidate|boost\n|-unboost|p1a: Orthworm|atk|1\n|move|p1a: Orthworm|Coil|p1a: Orthworm\n|-boost|p1a: Orthworm|atk|1\n|-boost|p1a: Orthworm|def|1\n|-boost|p1a: Orthworm|accuracy|1\n|\n|upkeep\n|turn|7\n|\n|t:|1781448446\n|move|p2a: Tauros|Flare Blitz|p1a: Orthworm\n|-supereffective|p1a: Orthworm\n|-damage|p1a: Orthworm|96/266\n|-damage|p2a: Tauros|167/254|[from] Recoil\n|move|p1a: Orthworm|Coil|p1a: Orthworm\n|-boost|p1a: Orthworm|atk|1\n|-boost|p1a: Orthworm|def|1\n|-boost|p1a: Orthworm|accuracy|1\n|\n|upkeep\n|turn|8\n|\n|t:|1781448459\n|-terastallize|p1a: Orthworm|Electric\n|move|p2a: Tauros|Flare Blitz|p1a: Orthworm\n|-damage|p1a: Orthworm|33/266\n|-damage|p2a: Tauros|146/254|[from] Recoil\n|move|p1a: Orthworm|Rest|p1a: Orthworm\n|-status|p1a: Orthworm|slp|[from] move: Rest\n|-heal|p1a: Orthworm|266/266 slp|[silent]\n|-enditem|p1a: Orthworm|Chesto Berry|[eat]\n|-curestatus|p1a: Orthworm|slp|[msg]\n|\n|upkeep\n|turn|9\n|inactive|katsuge5 has 90 seconds left.\n|inactive|katsuge5 has 60 seconds left.\n|\n|t:|1781448509\n|switch|p2a: Articuno|Articuno-Galar, L84|288/288\n|move|p1a: Orthworm|Body Press|p2a: Articuno\n|-resisted|p2a: Articuno\n|-damage|p2a: Articuno|241/288\n|\n|upkeep\n|turn|10\n|\n|t:|1781448520\n|move|p2a: Articuno|Freezing Glare|p1a: Orthworm\n|-damage|p1a: Orthworm|122/266\n|move|p1a: Orthworm|Iron Tail|p2a: Articuno\n|-damage|p2a: Articuno|88/288\n|-unboost|p2a: Articuno|def|1\n|-ability|p2a: Articuno|Competitive|boost\n|-boost|p2a: Articuno|spa|2\n|\n|upkeep\n|turn|11\n|inactive|katsuge5 has 60 seconds left.\n|l|\u2606TriniPlayer\n|inactive|TriniPlayer disconnected and has a minute to reconnect!\n|player|p1|\n|inactive|TriniPlayer has 30 seconds to reconnect!\n|inactive|TriniPlayer has 20 seconds to reconnect!\n|inactive|TriniPlayer has 15 seconds to reconnect!\n|inactive|TriniPlayer has 10 seconds to reconnect!\n|inactive|TriniPlayer has 5 seconds to reconnect!\n|-message|TriniPlayer lost due to inactivity.\n|\n|win|katsuge5\n", "uploadtime": 1781448219, "views": 6, "formatid": "gen9randombattle", "rating": null, "private": 0, "password": null}