{"id": "gen9randombattle-2631462404", "format": "[Gen 9] Random Battle", "players": ["Zekromkicker", "Son of Sandslash"], "log": "|j|\u2606Zekromkicker\n|j|\u2606Son of Sandslash\n|t:|1781387678\n|gametype|singles\n|player|p1|Zekromkicker|rosa-masters|2000\n|player|p2|Son of Sandslash|266|2049\n|gen|9\n|tier|[Gen 9] Random Battle\n|rated|\n|rule|Species Clause: Limit one of each Pok\u00e9mon\n|rule|HP Percentage Mod: HP is shown in percentages\n|rule|Sleep Clause Mod: Limit one foe put to sleep\n|rule|Illusion Level Mod: Illusion disguises the Pok\u00e9mon's true level\n|\n|t:|1781387678\n|teamsize|p1|6\n|teamsize|p2|6\n|start\n|switch|p1a: Sinistcha|Sinistcha, L83|254/254\n|switch|p2a: Dudunsparce|Dudunsparce-Three-Segment, L83, M|343/343\n|turn|1\n|inactive|Battle timer is ON: inactive players will automatically lose when time's up. (requested by Zekromkicker)\n|\n|t:|1781387695\n|switch|p2a: Venomoth|Venomoth, L84, F|255/255\n|move|p1a: Sinistcha|Calm Mind|p1a: Sinistcha\n|-boost|p1a: Sinistcha|spa|1\n|-boost|p1a: Sinistcha|spd|1\n|\n|upkeep\n|turn|2\n|\n|t:|1781387701\n|move|p2a: Venomoth|Quiver Dance|p2a: Venomoth\n|-boost|p2a: Venomoth|spa|1\n|-boost|p2a: Venomoth|spd|1\n|-boost|p2a: Venomoth|spe|1\n|move|p1a: Sinistcha|Shadow Ball|p2a: Venomoth\n|-damage|p2a: Venomoth|149/255\n|\n|upkeep\n|turn|3\n|\n|t:|1781387713\n|move|p2a: Venomoth|Sludge Wave|p1a: Sinistcha\n|-damage|p1a: Sinistcha|149/254\n|move|p1a: Sinistcha|Shadow Ball|p2a: Venomoth\n|-damage|p2a: Venomoth|28/255\n|\n|-heal|p1a: Sinistcha|164/254|[from] item: Leftovers\n|upkeep\n|turn|4\n|\n|t:|1781387728\n|move|p2a: Venomoth|Sludge Wave|p1a: Sinistcha\n|-damage|p1a: Sinistcha|70/254\n|move|p1a: Sinistcha|Strength Sap|p2a: Venomoth\n|-unboost|p2a: Venomoth|atk|1\n|-heal|p1a: Sinistcha|184/254\n|\n|-heal|p1a: Sinistcha|199/254|[from] item: Leftovers\n|upkeep\n|turn|5\n|\n|t:|1781387740\n|move|p2a: Venomoth|Sludge Wave|p1a: Sinistcha\n|-damage|p1a: Sinistcha|90/254\n|move|p1a: Sinistcha|Shadow Ball|p2a: Venomoth\n|-damage|p2a: Venomoth|0 fnt\n|faint|p2a: Venomoth\n|\n|-heal|p1a: Sinistcha|105/254|[from] item: Leftovers\n|upkeep\n|\n|t:|1781387755\n|switch|p2a: Koraidon|Koraidon, L64|235/235\n|-weather|SunnyDay|[from] ability: Orichalcum Pulse|[of] p2a: Koraidon\n|-activate|p2a: Koraidon|Orichalcum Pulse|[source]\n|turn|6\n|\n|t:|1781387772\n|switch|p1a: Emboar|Emboar, L84, M|322/322\n|move|p2a: Koraidon|Flare Blitz|p1a: Emboar\n|-resisted|p1a: Emboar\n|-damage|p1a: Emboar|245/322\n|-damage|p2a: Koraidon|210/235|[from] Recoil\n|\n|-weather|SunnyDay|[upkeep]\n|-heal|p1a: Emboar|265/322|[from] item: Leftovers\n|upkeep\n|turn|7\n|\n|t:|1781387786\n|move|p2a: Koraidon|Swords Dance|p2a: Koraidon\n|-boost|p2a: Koraidon|atk|2\n|move|p1a: Emboar|Trailblaze|p2a: Koraidon\n|-resisted|p2a: Koraidon\n|-damage|p2a: Koraidon|186/235\n|-boost|p1a: Emboar|spe|1\n|\n|-weather|SunnyDay|[upkeep]\n|-heal|p1a: Emboar|285/322|[from] item: Leftovers\n|upkeep\n|turn|8\n|\n|t:|1781387797\n|move|p1a: Emboar|Bulk Up|p1a: Emboar\n|-boost|p1a: Emboar|atk|1\n|-boost|p1a: Emboar|def|1\n|move|p2a: Koraidon|Scale Shot|p1a: Emboar\n|-damage|p1a: Emboar|240/322\n|-damage|p1a: Emboar|194/322\n|-damage|p1a: Emboar|148/322\n|-damage|p1a: Emboar|103/322\n|-damage|p1a: Emboar|58/322\n|-hitcount|p1a: Emboar|5\n|-unboost|p2a: Koraidon|def|1\n|-boost|p2a: Koraidon|spe|1\n|\n|-weather|SunnyDay|[upkeep]\n|-heal|p1a: Emboar|78/322|[from] item: Leftovers\n|upkeep\n|turn|9\n|\n|t:|1781387814\n|move|p2a: Koraidon|Collision Course|p1a: Emboar\n|-damage|p1a: Emboar|0 fnt\n|faint|p1a: Emboar\n|\n|-weather|SunnyDay|[upkeep]\n|upkeep\n|\n|t:|1781387820\n|switch|p1a: Deoxys|Deoxys-Speed, L82|216/216\n|-ability|p1a: Deoxys|Pressure\n|turn|10\n|\n|t:|1781387830\n|switch|p2a: Meowstic|Meowstic, L89, M|277/277\n|move|p1a: Deoxys|Psycho Boost|p2a: Meowstic\n|-resisted|p2a: Meowstic\n|-damage|p2a: Meowstic|183/277\n|-unboost|p1a: Deoxys|spa|2\n|-damage|p1a: Deoxys|195/216|[from] item: Life Orb\n|\n|-weather|none\n|-heal|p2a: Meowstic|200/277|[from] item: Leftovers\n|upkeep\n|turn|11\n|\n|t:|1781387841\n|move|p2a: Meowstic|Thunder Wave|p1a: Deoxys\n|-status|p1a: Deoxys|par\n|move|p1a: Deoxys|Nasty Plot|p1a: Deoxys\n|-boost|p1a: Deoxys|spa|2\n|\n|-heal|p2a: Meowstic|217/277|[from] item: Leftovers\n|upkeep\n|turn|12\n|\n|t:|1781387869\n|switch|p2a: Mew|Mew, L82|298/298\n|cant|p1a: Deoxys|par\n|\n|upkeep\n|turn|13\n|\n|t:|1781387876\n|move|p2a: Mew|Nasty Plot|p2a: Mew\n|-boost|p2a: Mew|spa|2\n|move|p1a: Deoxys|Nasty Plot|p1a: Deoxys\n|-boost|p1a: Deoxys|spa|2\n|\n|upkeep\n|turn|14\n|\n|t:|1781387885\n|move|p2a: Mew|Dark Pulse|p1a: Deoxys\n|-supereffective|p1a: Deoxys\n|-damage|p1a: Deoxys|0 fnt\n|faint|p1a: Deoxys\n|-damage|p2a: Mew|269/298|[from] item: Life Orb\n|\n|upkeep\n|\n|t:|1781387902\n|switch|p1a: Furret|Furret, L94, M|312/312\n|-item|p2a: Mew|Life Orb|[from] ability: Frisk|[of] p1a: Furret\n|turn|15\n|\n|t:|1781387916\n|move|p1a: Furret|U-turn|p2a: Mew\n|-supereffective|p2a: Mew\n|-damage|p2a: Mew|131/298\n|\n|t:|1781387920\n|switch|p1a: Sinistcha|Sinistcha, L83|105/254|[from] U-turn\n|move|p2a: Mew|Psyshock|p1a: Sinistcha\n|-damage|p1a: Sinistcha|0 fnt\n|faint|p1a: Sinistcha\n|-damage|p2a: Mew|102/298|[from] item: Life Orb\n|\n|upkeep\n|\n|t:|1781387922\n|switch|p1a: Furret|Furret, L94, M|312/312\n|-item|p2a: Mew|Life Orb|[from] ability: Frisk|[of] p1a: Furret\n|turn|16\n|\n|t:|1781387935\n|move|p1a: Furret|Double-Edge|p2a: Mew\n|-damage|p2a: Mew|0 fnt\n|faint|p2a: Mew\n|-damage|p1a: Furret|278/312|[from] Recoil\n|\n|upkeep\n|\n|t:|1781387946\n|switch|p2a: Meowstic|Meowstic, L89, M|217/277\n|turn|17\n|\n|t:|1781387952\n|move|p2a: Meowstic|Psychic Noise|p1a: Furret\n|-damage|p1a: Furret|184/312\n|-start|p1a: Furret|move: Heal Block\n|move|p1a: Furret|Double-Edge|p2a: Meowstic\n|-damage|p2a: Meowstic|15/277\n|-damage|p1a: Furret|117/312|[from] Recoil\n|\n|-heal|p2a: Meowstic|32/277|[from] item: Leftovers\n|upkeep\n|turn|18\n|\n|t:|1781387973\n|switch|p1a: Abomasnow|Abomasnow, L84, F|287/287\n|-weather|Snowscape|[from] ability: Snow Warning|[of] p1a: Abomasnow\n|move|p2a: Meowstic|Psychic Noise|p1a: Abomasnow\n|-damage|p1a: Abomasnow|212/287\n|-start|p1a: Abomasnow|move: Heal Block\n|\n|-weather|Snowscape|[upkeep]\n|-heal|p2a: Meowstic|49/277|[from] item: Leftovers\n|upkeep\n|turn|19\n|\n|t:|1781387991\n|switch|p2a: Koraidon|Koraidon, L64|186/235\n|-weather|SunnyDay|[from] ability: Orichalcum Pulse|[of] p2a: Koraidon\n|-activate|p2a: Koraidon|Orichalcum Pulse|[source]\n|move|p1a: Abomasnow|Aurora Veil||[still]\n|-fail|p1a: Abomasnow\n|\n|-weather|SunnyDay|[upkeep]\n|-end|p1a: Abomasnow|move: Heal Block\n|upkeep\n|turn|20\n|\n|t:|1781388003\n|move|p1a: Abomasnow|Ice Shard|p2a: Koraidon\n|-supereffective|p2a: Koraidon\n|-damage|p2a: Koraidon|102/235\n|move|p2a: Koraidon|Collision Course|p1a: Abomasnow\n|-supereffective|p1a: Abomasnow\n|-damage|p1a: Abomasnow|0 fnt\n|faint|p1a: Abomasnow\n|\n|-weather|SunnyDay|[upkeep]\n|upkeep\n|\n|t:|1781388008\n|switch|p1a: Furret|Furret, L94, M|117/312\n|-item|p2a: Koraidon|Loaded Dice|[from] ability: Frisk|[of] p1a: Furret\n|turn|21\n|\n|t:|1781388027\n|move|p1a: Furret|Double-Edge|p2a: Koraidon\n|-damage|p2a: Koraidon|0 fnt\n|faint|p2a: Koraidon\n|-damage|p1a: Furret|83/312|[from] Recoil\n|\n|-weather|SunnyDay|[upkeep]\n|upkeep\n|inactive|Son of Sandslash has 120 seconds left.\n|\n|t:|1781388043\n|switch|p2a: Meowstic|Meowstic, L89, M|49/277\n|turn|22\n|\n|t:|1781388050\n|move|p2a: Meowstic|Psychic Noise|p1a: Furret\n|-damage|p1a: Furret|0 fnt\n|faint|p1a: Furret\n|\n|-weather|SunnyDay|[upkeep]\n|-heal|p2a: Meowstic|66/277|[from] item: Leftovers\n|upkeep\n|\n|t:|1781388056\n|switch|p1a: Terrakion|Terrakion, L79|273/273\n|turn|23\n|inactive|Son of Sandslash has 120 seconds left.\n|inactive|Son of Sandslash has 90 seconds left.\n|\n|t:|1781388139\n|-terastallize|p1a: Terrakion|Ground\n|move|p2a: Meowstic|Psychic Noise|p1a: Terrakion\n|-damage|p1a: Terrakion|197/273\n|-start|p1a: Terrakion|move: Heal Block\n|move|p1a: Terrakion|Earthquake|p2a: Meowstic\n|-damage|p2a: Meowstic|0 fnt\n|faint|p2a: Meowstic\n|\n|-weather|none\n|upkeep\n|inactive|Son of Sandslash has 60 seconds left.\n|\n|t:|1781388150\n|switch|p2a: Iron Bundle|Iron Bundle, L78|215/215\n|turn|24\n|\n|t:|1781388154\n|move|p2a: Iron Bundle|Ice Beam|p1a: Terrakion\n|-supereffective|p1a: Terrakion\n|-damage|p1a: Terrakion|0 fnt\n|faint|p1a: Terrakion\n|\n|win|Son of Sandslash\n", "uploadtime": 1781387680, "views": 15, "formatid": "gen9randombattle", "rating": null, "private": 0, "password": null}