{"id": "gen9randombattle-2631406635", "format": "[Gen 9] Random Battle", "players": ["kainotaguy", "Cicada Summer"], "log": "|j|\u203dkainotaguy\n|j|\u2606Cicada Summer\n|t:|1781380859\n|gametype|singles\n|player|p1|kainotaguy|cynthia-gen4|1107\n|player|p2|Cicada Summer|miku-ground|1085\n|gen|9\n|tier|[Gen 9] Random Battle\n|rated|\n|rule|Species Clause: Limit one of each Pok\u00e9mon\n|rule|HP Percentage Mod: HP is shown in percentages\n|rule|Sleep Clause Mod: Limit one foe put to sleep\n|rule|Illusion Level Mod: Illusion disguises the Pok\u00e9mon's true level\n|\n|t:|1781380859\n|teamsize|p1|6\n|teamsize|p2|6\n|start\n|switch|p1a: Mabosstiff|Mabosstiff, L86, F|278/278\n|switch|p2a: Ribombee|Ribombee, L83, F|235/235\n|turn|1\n|inactive|Battle timer is ON: inactive players will automatically lose when time's up. (requested by kainotaguy)\n|\n|t:|1781380878\n|move|p1a: Mabosstiff|Wild Charge|p2a: Ribombee\n|-damage|p2a: Ribombee|121/235\n|-damage|p1a: Mabosstiff|249/278|[from] Recoil\n|move|p2a: Ribombee|Sticky Web|p1a: Mabosstiff\n|-sidestart|p1: kainotaguy|move: Sticky Web\n|\n|upkeep\n|turn|2\n|\n|t:|1781380890\n|move|p1a: Mabosstiff|Wild Charge|p2a: Ribombee\n|-damage|p2a: Ribombee|17/235\n|-damage|p1a: Mabosstiff|223/278|[from] Recoil\n|move|p2a: Ribombee|U-turn|p1a: Mabosstiff\n|-supereffective|p1a: Mabosstiff\n|-damage|p1a: Mabosstiff|131/278\n|\n|t:|1781380896\n|switch|p2a: Annihilape|Annihilape, L76, F|292/292|[from] U-turn\n|\n|upkeep\n|turn|3\n|\n|t:|1781380926\n|switch|p1a: Glimmora|Glimmora, L75, F|248/248\n|-activate|p1a: Glimmora|move: Sticky Web\n|-unboost|p1a: Glimmora|spe|1\n|move|p2a: Annihilape|Bulk Up|p2a: Annihilape\n|-boost|p2a: Annihilape|atk|1\n|-boost|p2a: Annihilape|def|1\n|\n|upkeep\n|turn|4\n|\n|t:|1781380937\n|move|p2a: Annihilape|Bulk Up|p2a: Annihilape\n|-boost|p2a: Annihilape|atk|1\n|-boost|p2a: Annihilape|def|1\n|move|p1a: Glimmora|Meteor Beam||[still]\n|-prepare|p1a: Glimmora|Meteor Beam\n|-boost|p1a: Glimmora|spa|1\n|-enditem|p1a: Glimmora|Power Herb\n|-anim|p1a: Glimmora|Meteor Beam|p2a: Annihilape\n|-resisted|p2a: Annihilape\n|-damage|p2a: Annihilape|190/292\n|\n|-heal|p2a: Annihilape|208/292|[from] item: Leftovers\n|upkeep\n|turn|5\n|\n|t:|1781380950\n|move|p2a: Annihilape|Taunt|p1a: Glimmora\n|-start|p1a: Glimmora|move: Taunt\n|move|p1a: Glimmora|Earth Power|p2a: Annihilape\n|-damage|p2a: Annihilape|111/292\n|\n|-heal|p2a: Annihilape|129/292|[from] item: Leftovers\n|upkeep\n|turn|6\n|\n|t:|1781380958\n|-terastallize|p1a: Glimmora|Grass\n|move|p2a: Annihilape|Drain Punch|p1a: Glimmora\n|-damage|p1a: Glimmora|92/248\n|-heal|p2a: Annihilape|207/292|[from] drain|[of] p1a: Glimmora\n|-activate|p1a: Glimmora|ability: Toxic Debris\n|-sidestart|p2: Cicada Summer|move: Toxic Spikes\n|move|p1a: Glimmora|Energy Ball|p2a: Annihilape\n|-damage|p2a: Annihilape|48/292\n|-unboost|p2a: Annihilape|spd|1\n|-ability|p2a: Annihilape|Defiant|boost\n|-boost|p2a: Annihilape|atk|2\n|\n|-heal|p2a: Annihilape|66/292|[from] item: Leftovers\n|upkeep\n|turn|7\n|\n|t:|1781380969\n|move|p2a: Annihilape|Drain Punch|p1a: Glimmora\n|-damage|p1a: Glimmora|0 fnt\n|-heal|p2a: Annihilape|112/292|[from] drain|[of] p1a: Glimmora\n|-activate|p1a: Glimmora|ability: Toxic Debris\n|-sidestart|p2: Cicada Summer|move: Toxic Spikes\n|faint|p1a: Glimmora\n|\n|-heal|p2a: Annihilape|130/292|[from] item: Leftovers\n|upkeep\n|\n|t:|1781380975\n|switch|p1a: Luvdisc|Luvdisc, M|247/247\n|turn|8\n|\n|t:|1781380981\n|move|p1a: Luvdisc|Substitute|p1a: Luvdisc\n|-start|p1a: Luvdisc|Substitute\n|-damage|p1a: Luvdisc|186/247\n|move|p2a: Annihilape|Rage Fist|p1a: Luvdisc\n|-end|p1a: Luvdisc|Substitute\n|\n|-heal|p2a: Annihilape|148/292|[from] item: Leftovers\n|upkeep\n|turn|9\n|\n|t:|1781380987\n|move|p1a: Luvdisc|Surf|p2a: Annihilape\n|-damage|p2a: Annihilape|22/292\n|move|p2a: Annihilape|Rage Fist|p1a: Luvdisc\n|-damage|p1a: Luvdisc|0 fnt\n|faint|p1a: Luvdisc\n|\n|-heal|p2a: Annihilape|40/292|[from] item: Leftovers\n|upkeep\n|\n|t:|1781381002\n|switch|p1a: Mabosstiff|Mabosstiff, L86, F|131/278\n|-activate|p1a: Mabosstiff|move: Sticky Web\n|-unboost|p1a: Mabosstiff|spe|1\n|turn|10\n|\n|t:|1781381012\n|move|p1a: Mabosstiff|Crunch|p2a: Annihilape\n|-damage|p2a: Annihilape|0 fnt\n|faint|p2a: Annihilape\n|\n|upkeep\n|\n|t:|1781381016\n|switch|p2a: Ribombee|Ribombee, L83, F|17/235\n|-status|p2a: Ribombee|tox\n|turn|11\n|\n|t:|1781381022\n|move|p2a: Ribombee|U-turn|p1a: Mabosstiff\n|-supereffective|p1a: Mabosstiff\n|-damage|p1a: Mabosstiff|35/278\n|\n|t:|1781381026\n|switch|p2a: Eiscue|Eiscue, L88, F|274/274|[from] U-turn\n|-status|p2a: Eiscue|tox\n|move|p1a: Mabosstiff|Crunch|p2a: Eiscue\n|-activate|p2a: Eiscue|ability: Ice Face\n|-damage|p2a: Eiscue|274/274 tox\n|detailschange|p2a: Eiscue|Eiscue-Noice, L88, F\n|\n|-damage|p2a: Eiscue|257/274 tox|[from] psn\n|upkeep\n|turn|12\n|\n|t:|1781381037\n|move|p2a: Eiscue|Iron Head|p1a: Mabosstiff\n|-damage|p1a: Mabosstiff|0 fnt\n|faint|p1a: Mabosstiff\n|\n|-damage|p2a: Eiscue|223/274 tox|[from] psn\n|upkeep\n|\n|t:|1781381040\n|switch|p1a: Arboliva|Arboliva, L91, M|290/290\n|-activate|p1a: Arboliva|move: Sticky Web\n|-unboost|p1a: Arboliva|spe|1\n|turn|13\n|\n|t:|1781381046\n|move|p2a: Eiscue|Ice Spinner|p1a: Arboliva\n|-supereffective|p1a: Arboliva\n|-crit|p1a: Arboliva\n|-damage|p1a: Arboliva|74/290\n|-fieldstart|move: Grassy Terrain|[from] ability: Seed Sower|[of] p1a: Arboliva\n|-fieldend|move: Grassy Terrain\n|move|p1a: Arboliva|Energy Ball|p2a: Eiscue\n|-damage|p2a: Eiscue|45/274 tox\n|-enditem|p2a: Eiscue|Sitrus Berry|[eat]\n|-heal|p2a: Eiscue|113/274 tox|[from] item: Sitrus Berry\n|\n|-heal|p1a: Arboliva|92/290|[from] item: Leftovers\n|-damage|p2a: Eiscue|62/274 tox|[from] psn\n|upkeep\n|turn|14\n|\n|t:|1781381058\n|move|p2a: Eiscue|Ice Spinner|p1a: Arboliva\n|-supereffective|p1a: Arboliva\n|-crit|p1a: Arboliva\n|-damage|p1a: Arboliva|0 fnt\n|-fieldstart|move: Grassy Terrain|[from] ability: Seed Sower|[of] p1a: Arboliva\n|-fieldend|move: Grassy Terrain\n|faint|p1a: Arboliva\n|\n|-damage|p2a: Eiscue|0 fnt|[from] psn\n|faint|p2a: Eiscue\n|upkeep\n|\n|t:|1781381066\n|switch|p2a: Ribombee|Ribombee, L83, F|17/235 tox\n|switch|p1a: Muk|Muk-Alola, L82, F|306/306\n|-activate|p1a: Muk|move: Sticky Web\n|-unboost|p1a: Muk|spe|1\n|turn|15\n|\n|t:|1781381075\n|move|p2a: Ribombee|U-turn|p1a: Muk\n|-damage|p1a: Muk|248/306\n|\n|t:|1781381091\n|switch|p2a: Rotom|Rotom-Mow, L87|229/229|[from] U-turn\n|move|p1a: Muk|Knock Off|p2a: Rotom\n|-damage|p2a: Rotom|148/229\n|-enditem|p2a: Rotom|Leftovers|[from] move: Knock Off|[of] p1a: Muk\n|\n|upkeep\n|turn|16\n|\n|t:|1781381101\n|move|p2a: Rotom|Nasty Plot|p2a: Rotom\n|-boost|p2a: Rotom|spa|2\n|move|p1a: Muk|Poison Jab|p2a: Rotom\n|-supereffective|p2a: Rotom\n|-damage|p2a: Rotom|16/229\n|-status|p2a: Rotom|psn\n|\n|-damage|p2a: Rotom|0 fnt|[from] psn\n|faint|p2a: Rotom\n|upkeep\n|\n|t:|1781381109\n|switch|p2a: Salamence|Salamence, L77, F|273/273\n|turn|17\n|\n|t:|1781381114\n|move|p2a: Salamence|Dragon Dance|p2a: Salamence\n|-boost|p2a: Salamence|atk|1\n|-boost|p2a: Salamence|spe|1\n|move|p1a: Muk|Ice Punch|p2a: Salamence\n|-supereffective|p2a: Salamence\n|-damage|p2a: Salamence|37/273\n|-status|p2a: Salamence|psn|[from] ability: Poison Touch|[of] p1a: Muk\n|\n|-damage|p2a: Salamence|3/273 psn|[from] psn\n|upkeep\n|turn|18\n|\n|t:|1781381121\n|move|p2a: Salamence|Roost|p2a: Salamence\n|-heal|p2a: Salamence|140/273 psn\n|-singleturn|p2a: Salamence|move: Roost\n|move|p1a: Muk|Knock Off|p2a: Salamence\n|-damage|p2a: Salamence|20/273 psn\n|-enditem|p2a: Salamence|Heavy-Duty Boots|[from] move: Knock Off|[of] p1a: Muk\n|\n|-damage|p2a: Salamence|0 fnt|[from] psn\n|faint|p2a: Salamence\n|upkeep\n|\n|t:|1781381124\n|switch|p2a: Ribombee|Ribombee, L83, F|17/235 tox\n|turn|19\n|\n|t:|1781381127\n|move|p2a: Ribombee|U-turn|p1a: Muk\n|-damage|p1a: Muk|188/306\n|\n|t:|1781381130\n|switch|p2a: Banette|Banette, L93, M|270/270|[from] U-turn\n|-status|p2a: Banette|tox\n|move|p1a: Muk|Knock Off|p2a: Banette\n|-supereffective|p2a: Banette\n|-damage|p2a: Banette|28/270 tox\n|-enditem|p2a: Banette|Life Orb|[from] move: Knock Off|[of] p1a: Muk\n|\n|-damage|p2a: Banette|12/270 tox|[from] psn\n|upkeep\n|turn|20\n|\n|t:|1781381140\n|move|p2a: Banette|Thunder Wave|p1a: Muk\n|-status|p1a: Muk|par\n|cant|p1a: Muk|par\n|\n|-damage|p2a: Banette|0 fnt|[from] psn\n|faint|p2a: Banette\n|upkeep\n|\n|t:|1781381141\n|switch|p2a: Ribombee|Ribombee, L83, F|17/235 tox\n|turn|21\n|\n|t:|1781381151\n|move|p2a: Ribombee|Moonblast|p1a: Muk\n|-damage|p1a: Muk|130/306 par\n|move|p1a: Muk|Knock Off|p2a: Ribombee\n|-resisted|p2a: Ribombee\n|-damage|p2a: Ribombee|0 fnt\n|-enditem|p2a: Ribombee|Focus Sash|[from] move: Knock Off|[of] p1a: Muk\n|faint|p2a: Ribombee\n|\n|win|kainotaguy\n|raw|kainotaguy's rating: 1107 &rarr; <strong>1130</strong><br />(+23 for winning)\n|raw|Cicada Summer's rating: 1085 &rarr; <strong>1064</strong><br />(-21 for losing)\n|l|\u2606Cicada Summer\n|player|p2|\n", "uploadtime": 1781381157, "views": 10, "formatid": "gen9randombattle", "rating": 1064, "private": 0, "password": null}