{"id": "gen9randombattle-2631935736", "format": "[Gen 9] Random Battle", "players": ["Domino247", "fizmoniri"], "log": "|j|\u2606Domino247\n|j|\u2606fizmoniri\n|t:|1781457446\n|gametype|singles\n|player|p1|Domino247|265|1220\n|player|p2|fizmoniri|canari|1230\n|gen|9\n|tier|[Gen 9] Random Battle\n|rated|\n|rule|Species Clause: Limit one of each Pok\u00e9mon\n|rule|HP Percentage Mod: HP is shown in percentages\n|rule|Sleep Clause Mod: Limit one foe put to sleep\n|rule|Illusion Level Mod: Illusion disguises the Pok\u00e9mon's true level\n|\n|t:|1781457446\n|teamsize|p1|6\n|teamsize|p2|6\n|start\n|switch|p1a: Spectrier|Spectrier, L75|274/274\n|switch|p2a: Amoonguss|Amoonguss, L82, F|321/321\n|turn|1\n|inactive|Battle timer is ON: inactive players will automatically lose when time's up. (requested by Domino247)\n|\n|t:|1781457464\n|move|p1a: Spectrier|Nasty Plot|p1a: Spectrier\n|-boost|p1a: Spectrier|spa|2\n|move|p2a: Amoonguss|Spore|p1a: Spectrier\n|-status|p1a: Spectrier|slp|[from] move: Spore\n|\n|upkeep\n|turn|2\n|\n|t:|1781457476\n|switch|p2a: Scrafty|Scrafty, L83, M|244/244\n|-ability|p2a: Scrafty|Intimidate|boost\n|-unboost|p1a: Spectrier|atk|1\n|cant|p1a: Spectrier|slp\n|\n|upkeep\n|turn|3\n|\n|t:|1781457486\n|cant|p1a: Spectrier|slp\n|move|p2a: Scrafty|Knock Off|p1a: Spectrier\n|-supereffective|p1a: Spectrier\n|-damage|p1a: Spectrier|2/274 slp\n|-enditem|p1a: Spectrier|Life Orb|[from] move: Knock Off|[of] p2a: Scrafty\n|\n|upkeep\n|turn|4\n|\n|t:|1781457492\n|cant|p1a: Spectrier|slp\n|move|p2a: Scrafty|Knock Off|p1a: Spectrier\n|-supereffective|p1a: Spectrier\n|-damage|p1a: Spectrier|0 fnt\n|faint|p1a: Spectrier\n|\n|upkeep\n|\n|t:|1781457502\n|switch|p1a: Vivillon|Vivillon-Marine, L83, M|268/268\n|turn|5\n|\n|t:|1781457507\n|move|p1a: Vivillon|Sleep Powder|p2a: Scrafty\n|-status|p2a: Scrafty|slp|[from] move: Sleep Powder\n|cant|p2a: Scrafty|slp\n|\n|upkeep\n|turn|6\n|\n|t:|1781457515\n|switch|p2a: Venomoth|Venomoth, L84, M|255/255\n|move|p1a: Vivillon|Quiver Dance|p1a: Vivillon\n|-boost|p1a: Vivillon|spa|1\n|-boost|p1a: Vivillon|spd|1\n|-boost|p1a: Vivillon|spe|1\n|\n|upkeep\n|turn|7\n|\n|t:|1781457525\n|move|p1a: Vivillon|Hurricane|p2a: Venomoth\n|-supereffective|p2a: Venomoth\n|-damage|p2a: Venomoth|0 fnt\n|faint|p2a: Venomoth\n|\n|upkeep\n|\n|t:|1781457531\n|switch|p2a: Tatsugiri|Tatsugiri, L87, M|260/260\n|turn|8\n|\n|t:|1781457537\n|-terastallize|p2a: Tatsugiri|Steel\n|move|p1a: Vivillon|Hurricane|p2a: Tatsugiri|[miss]\n|-miss|p1a: Vivillon|p2a: Tatsugiri\n|move|p2a: Tatsugiri|Nasty Plot|p2a: Tatsugiri\n|-boost|p2a: Tatsugiri|spa|2\n|\n|upkeep\n|turn|9\n|\n|t:|1781457549\n|-terastallize|p1a: Vivillon|Ground\n|move|p1a: Vivillon|Tera Blast|p2a: Tatsugiri|[anim] Tera Blast Ground\n|-supereffective|p2a: Tatsugiri\n|-crit|p2a: Tatsugiri\n|-damage|p2a: Tatsugiri|0 fnt\n|faint|p2a: Tatsugiri\n|\n|upkeep\n|\n|t:|1781457563\n|switch|p2a: Iron Bundle|Iron Bundle, L78|215/215\n|turn|10\n|\n|t:|1781457573\n|move|p1a: Vivillon|Tera Blast|p2a: Iron Bundle|[anim] Tera Blast Ground\n|-damage|p2a: Iron Bundle|49/215\n|move|p2a: Iron Bundle|Hydro Pump|p1a: Vivillon\n|-supereffective|p1a: Vivillon\n|-damage|p1a: Vivillon|26/268\n|\n|upkeep\n|turn|11\n|\n|t:|1781457580\n|move|p1a: Vivillon|Tera Blast|p2a: Iron Bundle|[anim] Tera Blast Ground\n|-damage|p2a: Iron Bundle|0 fnt\n|faint|p2a: Iron Bundle\n|-end|p2a: Iron Bundle|Quark Drive|[silent]\n|\n|upkeep\n|\n|t:|1781457582\n|switch|p2a: Amoonguss|Amoonguss, L82, F|321/321\n|turn|12\n|\n|t:|1781457588\n|move|p1a: Vivillon|Hurricane|p2a: Amoonguss\n|-supereffective|p2a: Amoonguss\n|-damage|p2a: Amoonguss|0 fnt\n|faint|p2a: Amoonguss\n|\n|upkeep\n|\n|t:|1781457594\n|switch|p2a: Kingambit|Kingambit, L74, M|270/270\n|-activate|p2a: Kingambit|ability: Supreme Overlord\n|-start|p2a: Kingambit|fallen4|[silent]\n|turn|13\n|\n|t:|1781457604\n|move|p2a: Kingambit|Sucker Punch|p1a: Vivillon\n|-damage|p1a: Vivillon|0 fnt\n|faint|p1a: Vivillon\n|\n|upkeep\n|\n|t:|1781457613\n|switch|p1a: Glimmora|Glimmora, L75, M|248/248\n|turn|14\n|\n|t:|1781457618\n|move|p1a: Glimmora|Spikes|p2a: Kingambit\n|-sidestart|p2: fizmoniri|Spikes\n|move|p2a: Kingambit|Swords Dance|p2a: Kingambit\n|-boost|p2a: Kingambit|atk|2\n|\n|upkeep\n|turn|15\n|\n|t:|1781457623\n|move|p1a: Glimmora|Earth Power|p2a: Kingambit\n|-supereffective|p2a: Kingambit\n|-damage|p2a: Kingambit|108/270\n|move|p2a: Kingambit|Swords Dance|p2a: Kingambit\n|-boost|p2a: Kingambit|atk|2\n|\n|-heal|p2a: Kingambit|124/270|[from] item: Leftovers\n|upkeep\n|turn|16\n|\n|t:|1781457630\n|move|p2a: Kingambit|Sucker Punch|p1a: Glimmora\n|-damage|p1a: Glimmora|0 fnt\n|-activate|p1a: Glimmora|ability: Toxic Debris\n|-sidestart|p2: fizmoniri|move: Toxic Spikes\n|faint|p1a: Glimmora\n|\n|-heal|p2a: Kingambit|140/270|[from] item: Leftovers\n|upkeep\n|\n|t:|1781457641\n|switch|p1a: Shiftry|Shiftry, L89, M|305/305\n|turn|17\n|\n|t:|1781457650\n|move|p2a: Kingambit|Sucker Punch|p1a: Shiftry\n|-resisted|p1a: Shiftry\n|-damage|p1a: Shiftry|118/305\n|move|p1a: Shiftry|Low Kick|p2a: Kingambit\n|-supereffective|p2a: Kingambit\n|-damage|p2a: Kingambit|0 fnt\n|faint|p2a: Kingambit\n|-end|p2a: Kingambit|fallen4|[silent]\n|-damage|p1a: Shiftry|88/305|[from] item: Life Orb\n|\n|upkeep\n|\n|t:|1781457653\n|switch|p2a: Scrafty|Scrafty, L83, M|244/244 slp\n|-damage|p2a: Scrafty|214/244 slp|[from] Spikes\n|-ability|p2a: Scrafty|Intimidate|boost\n|-unboost|p1a: Shiftry|atk|1\n|turn|18\n|\n|t:|1781457664\n|move|p1a: Shiftry|Leaf Blade|p2a: Scrafty\n|-damage|p2a: Scrafty|131/244 slp\n|-damage|p1a: Shiftry|58/305|[from] item: Life Orb\n|-curestatus|p2a: Scrafty|slp|[msg]\n|move|p2a: Scrafty|Dragon Dance|p2a: Scrafty\n|-boost|p2a: Scrafty|atk|1\n|-boost|p2a: Scrafty|spe|1\n|\n|-heal|p2a: Scrafty|146/244|[from] item: Leftovers\n|upkeep\n|turn|19\n|\n|t:|1781457676\n|move|p2a: Scrafty|Poison Jab|p1a: Shiftry\n|-supereffective|p1a: Shiftry\n|-damage|p1a: Shiftry|0 fnt\n|faint|p1a: Shiftry\n|\n|-heal|p2a: Scrafty|161/244|[from] item: Leftovers\n|upkeep\n|\n|t:|1781457682\n|switch|p1a: Milotic|Milotic, L83, F|293/293\n|turn|20\n|\n|t:|1781457687\n|move|p2a: Scrafty|Drain Punch|p1a: Milotic\n|-damage|p1a: Milotic|166/293\n|-heal|p2a: Scrafty|225/244|[from] drain|[of] p1a: Milotic\n|move|p1a: Milotic|Haze|p1a: Milotic\n|-clearallboost\n|\n|-heal|p1a: Milotic|184/293|[from] item: Leftovers\n|-heal|p2a: Scrafty|240/244|[from] item: Leftovers\n|upkeep\n|turn|21\n|\n|t:|1781457698\n|move|p1a: Milotic|Scald|p2a: Scrafty\n|-damage|p2a: Scrafty|167/244\n|move|p2a: Scrafty|Knock Off|p1a: Milotic\n|-damage|p1a: Milotic|70/293\n|-enditem|p1a: Milotic|Leftovers|[from] move: Knock Off|[of] p2a: Scrafty\n|\n|-heal|p2a: Scrafty|182/244|[from] item: Leftovers\n|upkeep\n|turn|22\n|\n|t:|1781457708\n|move|p1a: Milotic|Ice Beam|p2a: Scrafty\n|-damage|p2a: Scrafty|125/244\n|move|p2a: Scrafty|Dragon Dance|p2a: Scrafty\n|-boost|p2a: Scrafty|atk|1\n|-boost|p2a: Scrafty|spe|1\n|\n|-heal|p2a: Scrafty|140/244|[from] item: Leftovers\n|upkeep\n|turn|23\n|\n|t:|1781457715\n|move|p2a: Scrafty|Drain Punch|p1a: Milotic\n|-damage|p1a: Milotic|0 fnt\n|-heal|p2a: Scrafty|175/244|[from] drain|[of] p1a: Milotic\n|faint|p1a: Milotic\n|\n|-heal|p2a: Scrafty|190/244|[from] item: Leftovers\n|upkeep\n|\n|t:|1781457721\n|switch|p1a: Chien-Pao|Chien-Pao, L72|234/234\n|-ability|p1a: Chien-Pao|Sword of Ruin\n|turn|24\n|\n|t:|1781457727\n|move|p1a: Chien-Pao|Sacred Sword|p2a: Scrafty\n|-supereffective|p2a: Scrafty\n|-damage|p2a: Scrafty|16/244\n|move|p2a: Scrafty|Drain Punch|p1a: Chien-Pao\n|-supereffective|p1a: Chien-Pao\n|-damage|p1a: Chien-Pao|0 fnt\n|-heal|p2a: Scrafty|133/244|[from] drain|[of] p1a: Chien-Pao\n|faint|p1a: Chien-Pao\n|\n|win|fizmoniri\n|raw|Domino247's rating: 1220 &rarr; <strong>1196</strong><br />(-24 for losing)\n|raw|fizmoniri's rating: 1230 &rarr; <strong>1254</strong><br />(+24 for winning)\n|c|\u2606Domino247|Gg\n", "uploadtime": 1781457732, "views": 12, "formatid": "gen9randombattle", "rating": 1196, "private": 0, "password": null}