{"id": "gen9randombattle-2631894264", "format": "[Gen 9] Random Battle", "players": ["KrisBanana", "freshgreengrass"], "log": "|j|\u2606KrisBanana\n|j|\u2606freshgreengrass\n|t:|1781452930\n|gametype|singles\n|player|p1|KrisBanana|rocketgrunt|1591\n|player|p2|freshgreengrass|2|1628\n|gen|9\n|tier|[Gen 9] Random Battle\n|rated|\n|rule|Species Clause: Limit one of each Pok\u00e9mon\n|rule|HP Percentage Mod: HP is shown in percentages\n|rule|Sleep Clause Mod: Limit one foe put to sleep\n|rule|Illusion Level Mod: Illusion disguises the Pok\u00e9mon's true level\n|\n|t:|1781452930\n|teamsize|p1|6\n|teamsize|p2|6\n|start\n|switch|p1a: Hitmonchan|Hitmonchan, L87, M|229/229\n|switch|p2a: Alomomola|Alomomola, L87, M|429/429\n|turn|1\n|inactive|Battle timer is ON: inactive players will automatically lose when time's up. (requested by freshgreengrass)\n|\n|t:|1781452943\n|move|p1a: Hitmonchan|Bulk Up|p1a: Hitmonchan\n|-boost|p1a: Hitmonchan|atk|1\n|-boost|p1a: Hitmonchan|def|1\n|move|p2a: Alomomola|Scald|p1a: Hitmonchan\n|-damage|p1a: Hitmonchan|186/229\n|\n|-heal|p1a: Hitmonchan|200/229|[from] item: Leftovers\n|upkeep\n|turn|2\n|\n|t:|1781452951\n|move|p1a: Hitmonchan|Bulk Up|p1a: Hitmonchan\n|-boost|p1a: Hitmonchan|atk|1\n|-boost|p1a: Hitmonchan|def|1\n|move|p2a: Alomomola|Scald|p1a: Hitmonchan\n|-damage|p1a: Hitmonchan|161/229\n|\n|-heal|p1a: Hitmonchan|175/229|[from] item: Leftovers\n|upkeep\n|turn|3\n|\n|t:|1781452966\n|move|p1a: Hitmonchan|Knock Off|p2a: Alomomola\n|-damage|p2a: Alomomola|276/429\n|-enditem|p2a: Alomomola|Leftovers|[from] move: Knock Off|[of] p1a: Hitmonchan\n|move|p2a: Alomomola|Scald|p1a: Hitmonchan\n|-damage|p1a: Hitmonchan|132/229\n|\n|-heal|p1a: Hitmonchan|146/229|[from] item: Leftovers\n|upkeep\n|turn|4\n|\n|t:|1781452974\n|move|p1a: Hitmonchan|Drain Punch|p2a: Alomomola\n|-damage|p2a: Alomomola|42/429\n|-heal|p1a: Hitmonchan|229/229|[from] drain|[of] p2a: Alomomola\n|move|p2a: Alomomola|Flip Turn|p1a: Hitmonchan\n|-damage|p1a: Hitmonchan|199/229\n|\n|t:|1781452981\n|switch|p2a: Moltres|Moltres-Galar, L79|271/271|[from] Flip Turn\n|\n|-heal|p1a: Hitmonchan|213/229|[from] item: Leftovers\n|upkeep\n|turn|5\n|\n|t:|1781452989\n|move|p2a: Moltres|Hurricane|p1a: Hitmonchan\n|-supereffective|p1a: Hitmonchan\n|-damage|p1a: Hitmonchan|27/229\n|move|p1a: Hitmonchan|Poison Jab|p2a: Moltres\n|-damage|p2a: Moltres|138/271\n|\n|-heal|p1a: Hitmonchan|41/229|[from] item: Leftovers\n|upkeep\n|turn|6\n|\n|t:|1781452997\n|move|p2a: Moltres|Fiery Wrath|p1a: Hitmonchan\n|-resisted|p1a: Hitmonchan\n|-damage|p1a: Hitmonchan|8/229\n|move|p1a: Hitmonchan|Drain Punch|p2a: Moltres\n|-damage|p2a: Moltres|0 fnt\n|-heal|p1a: Hitmonchan|77/229|[from] drain|[of] p2a: Moltres\n|faint|p2a: Moltres\n|\n|-heal|p1a: Hitmonchan|91/229|[from] item: Leftovers\n|upkeep\n|-message|freshgreengrass forfeited.\n|\n|win|KrisBanana\n|raw|KrisBanana's rating: 1591 &rarr; <strong>1613</strong><br />(+22 for winning)\n|raw|freshgreengrass's rating: 1628 &rarr; <strong>1606</strong><br />(-22 for losing)\n|l|\u2606freshgreengrass\n|player|p2|\n|c|\u2606KrisBanana|now why would you do that\n", "uploadtime": 1781453007, "views": 4, "formatid": "gen9randombattle", "rating": 1606, "private": 0, "password": null}