{"id": "gen9randombattle-2631603529", "format": "[Gen 9] Random Battle", "players": ["stone douchebag", "YOYILANG2"], "log": "|j|\u2606stone douchebag\n|j|\u2606YOYILANG2\n|t:|1781407428\n|gametype|singles\n|player|p1|stone douchebag|266|1952\n|player|p2|YOYILANG2|2|1947\n|gen|9\n|tier|[Gen 9] Random Battle\n|rated|\n|rule|Species Clause: Limit one of each Pok\u00e9mon\n|rule|HP Percentage Mod: HP is shown in percentages\n|rule|Sleep Clause Mod: Limit one foe put to sleep\n|rule|Illusion Level Mod: Illusion disguises the Pok\u00e9mon's true level\n|\n|t:|1781407428\n|teamsize|p1|6\n|teamsize|p2|6\n|start\n|switch|p1a: Trevenant|Trevenant, L89, M|296/296\n|switch|p2a: Sandaconda|Sandaconda, L84, F|258/258\n|turn|1\n|inactive|Battle timer is ON: inactive players will automatically lose when time's up. (requested by YOYILANG2)\n|\n|t:|1781407434\n|move|p2a: Sandaconda|Coil|p2a: Sandaconda\n|-boost|p2a: Sandaconda|atk|1\n|-boost|p2a: Sandaconda|def|1\n|-boost|p2a: Sandaconda|accuracy|1\n|move|p1a: Trevenant|Wood Hammer|p2a: Sandaconda\n|-supereffective|p2a: Sandaconda\n|-damage|p2a: Sandaconda|16/258\n|-damage|p1a: Trevenant|216/296|[from] Recoil\n|\n|upkeep\n|turn|2\n|\n|t:|1781407441\n|move|p2a: Sandaconda|Scale Shot|p1a: Trevenant\n|-damage|p1a: Trevenant|188/296\n|-damage|p1a: Trevenant|159/296\n|-damage|p1a: Trevenant|126/296\n|-damage|p1a: Trevenant|95/296\n|-damage|p1a: Trevenant|62/296\n|-hitcount|p1a: Trevenant|5\n|-unboost|p2a: Sandaconda|def|1\n|-boost|p2a: Sandaconda|spe|1\n|move|p1a: Trevenant|Wood Hammer|p2a: Sandaconda\n|-supereffective|p2a: Sandaconda\n|-damage|p2a: Sandaconda|0 fnt\n|faint|p2a: Sandaconda\n|-damage|p1a: Trevenant|57/296|[from] Recoil\n|\n|upkeep\n|\n|t:|1781407452\n|switch|p2a: Blaziken|Blaziken, L76, M|247/247\n|turn|3\n|\n|t:|1781407462\n|switch|p1a: Clefable|Clefable, L83, M|293/293\n|move|p2a: Blaziken|Swords Dance|p2a: Blaziken\n|-boost|p2a: Blaziken|atk|2\n|\n|-ability|p2a: Blaziken|Speed Boost|boost\n|-boost|p2a: Blaziken|spe|1\n|upkeep\n|turn|4\n|\n|t:|1781407472\n|move|p2a: Blaziken|Flare Blitz|p1a: Clefable\n|-damage|p1a: Clefable|105/293\n|-damage|p2a: Blaziken|185/247|[from] Recoil\n|-damage|p2a: Blaziken|161/247|[from] item: Life Orb\n|move|p1a: Clefable|Knock Off|p2a: Blaziken\n|-resisted|p2a: Blaziken\n|-damage|p2a: Blaziken|129/247\n|-enditem|p2a: Blaziken|Life Orb|[from] move: Knock Off|[of] p1a: Clefable\n|\n|-heal|p1a: Clefable|123/293|[from] item: Leftovers\n|-ability|p2a: Blaziken|Speed Boost|boost\n|-boost|p2a: Blaziken|spe|1\n|upkeep\n|turn|5\n|\n|t:|1781407501\n|switch|p1a: Trevenant|Trevenant, L89, M|57/296\n|move|p2a: Blaziken|Flare Blitz|p1a: Trevenant\n|-supereffective|p1a: Trevenant\n|-damage|p1a: Trevenant|0 fnt\n|faint|p1a: Trevenant\n|-damage|p2a: Blaziken|110/247|[from] Recoil\n|\n|-ability|p2a: Blaziken|Speed Boost|boost\n|-boost|p2a: Blaziken|spe|1\n|upkeep\n|inactive|stone douchebag has 120 seconds left.\n|\n|t:|1781407516\n|switch|p1a: Glaceon|Glaceon, L94, F|275/275\n|turn|6\n|inactive|stone douchebag has 120 seconds left.\n|\n|t:|1781407522\n|move|p1a: Glaceon|Protect|p1a: Glaceon\n|-singleturn|p1a: Glaceon|Protect\n|move|p2a: Blaziken|Close Combat|p1a: Glaceon\n|-activate|p1a: Glaceon|move: Protect\n|\n|-ability|p2a: Blaziken|Speed Boost|boost\n|-boost|p2a: Blaziken|spe|1\n|upkeep\n|turn|7\n|inactive|stone douchebag has 120 seconds left.\n|\n|t:|1781407533\n|switch|p1a: Clefable|Clefable, L83, M|123/293\n|-terastallize|p2a: Blaziken|Fighting\n|move|p2a: Blaziken|Close Combat|p1a: Clefable\n|-resisted|p1a: Clefable\n|-damage|p1a: Clefable|22/293\n|-unboost|p2a: Blaziken|def|1\n|-unboost|p2a: Blaziken|spd|1\n|\n|-heal|p1a: Clefable|40/293|[from] item: Leftovers\n|-ability|p2a: Blaziken|Speed Boost|boost\n|-boost|p2a: Blaziken|spe|1\n|upkeep\n|turn|8\n|\n|t:|1781407539\n|move|p2a: Blaziken|Close Combat|p1a: Clefable\n|-resisted|p1a: Clefable\n|-damage|p1a: Clefable|0 fnt\n|-unboost|p2a: Blaziken|def|1\n|-unboost|p2a: Blaziken|spd|1\n|faint|p1a: Clefable\n|\n|-ability|p2a: Blaziken|Speed Boost|boost\n|-boost|p2a: Blaziken|spe|1\n|upkeep\n|\n|t:|1781407546\n|switch|p1a: Mew|Mew, L82|298/298\n|turn|9\n|\n|t:|1781407550\n|move|p2a: Blaziken|Flare Blitz|p1a: Mew\n|-damage|p1a: Mew|79/298\n|-damage|p2a: Blaziken|38/247|[from] Recoil\n|move|p1a: Mew|Psychic Noise|p2a: Blaziken\n|-supereffective|p2a: Blaziken\n|-damage|p2a: Blaziken|0 fnt\n|faint|p2a: Blaziken\n|\n|-heal|p1a: Mew|97/298|[from] item: Leftovers\n|upkeep\n|\n|t:|1781407554\n|switch|p2a: Mismagius|Mismagius, L86, F|243/243\n|turn|10\n|\n|t:|1781407561\n|switch|p1a: Glaceon|Glaceon, L94, F|275/275\n|move|p2a: Mismagius|Shadow Ball|p1a: Glaceon\n|-damage|p1a: Glaceon|148/275\n|\n|upkeep\n|turn|11\n|\n|t:|1781407564\n|move|p2a: Mismagius|Shadow Ball|p1a: Glaceon\n|-damage|p1a: Glaceon|39/275\n|move|p1a: Glaceon|Wish|p1a: Glaceon\n|\n|upkeep\n|turn|12\n|\n|t:|1781407567\n|move|p1a: Glaceon|Protect|p1a: Glaceon\n|-singleturn|p1a: Glaceon|Protect\n|move|p2a: Mismagius|Shadow Ball|p1a: Glaceon\n|-activate|p1a: Glaceon|move: Protect\n|\n|-heal|p1a: Glaceon|176/275|[from] move: Wish|[wisher] Glaceon\n|upkeep\n|turn|13\n|\n|t:|1781407576\n|move|p2a: Mismagius|Shadow Ball|p1a: Glaceon\n|-damage|p1a: Glaceon|61/275\n|move|p1a: Glaceon|Wish|p1a: Glaceon\n|\n|upkeep\n|turn|14\n|\n|t:|1781407579\n|move|p1a: Glaceon|Protect|p1a: Glaceon\n|-singleturn|p1a: Glaceon|Protect\n|move|p2a: Mismagius|Shadow Ball|p1a: Glaceon\n|-activate|p1a: Glaceon|move: Protect\n|\n|-heal|p1a: Glaceon|198/275|[from] move: Wish|[wisher] Glaceon\n|upkeep\n|turn|15\n|\n|t:|1781407581\n|move|p2a: Mismagius|Shadow Ball|p1a: Glaceon\n|-damage|p1a: Glaceon|83/275\n|move|p1a: Glaceon|Wish|p1a: Glaceon\n|\n|upkeep\n|turn|16\n|\n|t:|1781407584\n|move|p1a: Glaceon|Protect|p1a: Glaceon\n|-singleturn|p1a: Glaceon|Protect\n|move|p2a: Mismagius|Shadow Ball|p1a: Glaceon\n|-activate|p1a: Glaceon|move: Protect\n|\n|-heal|p1a: Glaceon|220/275|[from] move: Wish|[wisher] Glaceon\n|upkeep\n|turn|17\n|j| BislikeDlacks\n|\n|t:|1781407588\n|move|p2a: Mismagius|Shadow Ball|p1a: Glaceon\n|-damage|p1a: Glaceon|93/275\n|-unboost|p1a: Glaceon|spd|1\n|move|p1a: Glaceon|Calm Mind|p1a: Glaceon\n|-boost|p1a: Glaceon|spa|1\n|-boost|p1a: Glaceon|spd|1\n|\n|upkeep\n|turn|18\n|\n|t:|1781407592\n|move|p1a: Glaceon|Protect|p1a: Glaceon\n|-singleturn|p1a: Glaceon|Protect\n|move|p2a: Mismagius|Shadow Ball|p1a: Glaceon\n|-activate|p1a: Glaceon|move: Protect\n|\n|upkeep\n|turn|19\n|\n|t:|1781407602\n|move|p2a: Mismagius|Shadow Ball|p1a: Glaceon\n|-damage|p1a: Glaceon|0 fnt\n|faint|p1a: Glaceon\n|\n|upkeep\n|\n|t:|1781407603\n|switch|p1a: Lurantis|Lurantis, L87, M|264/264\n|turn|20\n|l| BislikeDlacks\n|\n|t:|1781407613\n|switch|p2a: Noctowl|Noctowl, L95, F|344/344\n|move|p1a: Lurantis|Knock Off|p2a: Noctowl\n|-damage|p2a: Noctowl|239/344\n|-enditem|p2a: Noctowl|Heavy-Duty Boots|[from] move: Knock Off|[of] p1a: Lurantis\n|\n|upkeep\n|turn|21\n|\n|t:|1781407617\n|switch|p1a: Groudon|Groudon, L72|263/263\n|-weather|SunnyDay|[from] ability: Drought|[of] p1a: Groudon\n|move|p2a: Noctowl|Hurricane|p1a: Groudon\n|-damage|p1a: Groudon|113/263\n|\n|-weather|SunnyDay|[upkeep]\n|-heal|p1a: Groudon|129/263|[from] item: Leftovers\n|upkeep\n|turn|22\n|\n|t:|1781407632\n|move|p2a: Noctowl|Hyper Voice|p1a: Groudon\n|-damage|p1a: Groudon|9/263\n|move|p1a: Groudon|Stone Edge|p2a: Noctowl\n|-supereffective|p2a: Noctowl\n|-damage|p2a: Noctowl|49/344\n|\n|-weather|SunnyDay|[upkeep]\n|-heal|p1a: Groudon|25/263|[from] item: Leftovers\n|upkeep\n|turn|23\n|\n|t:|1781407639\n|move|p2a: Noctowl|Roost|p2a: Noctowl\n|-heal|p2a: Noctowl|221/344\n|-singleturn|p2a: Noctowl|move: Roost\n|move|p1a: Groudon|Spikes|p2a: Noctowl\n|-sidestart|p2: YOYILANG2|Spikes\n|\n|-weather|SunnyDay|[upkeep]\n|-heal|p1a: Groudon|41/263|[from] item: Leftovers\n|upkeep\n|turn|24\n|\n|t:|1781407645\n|move|p2a: Noctowl|Hyper Voice|p1a: Groudon\n|-damage|p1a: Groudon|0 fnt\n|faint|p1a: Groudon\n|\n|-weather|SunnyDay|[upkeep]\n|upkeep\n|\n|t:|1781407647\n|switch|p1a: Mew|Mew, L82|97/298\n|turn|25\n|-message|stone douchebag forfeited.\n|\n|win|YOYILANG2\n", "uploadtime": 1781407429, "views": 5, "formatid": "gen9randombattle", "rating": null, "private": 0, "password": null}