{"id": "gen9randombattle-2631761974", "format": "[Gen 9] Random Battle", "players": ["Dizay976", "grabschaender"], "log": "|badge|p1|bronze|gen9randombattle|100-9\n|uhtml|medal-msg|<div class=\"broadcast-blue\">Curious what those medals under the avatar are? PS now has Ladder Seasons! For more information, check out the <a href=\"https://www.smogon.com/forums/threads/3740067/\">thread on Smogon.</a></div>\n|j|\u2606Dizay976\n|j|\u2606grabschaender\n|t:|1781435578\n|gametype|singles\n|player|p1|Dizay976|sabrina-masters|2272\n|player|p2|grabschaender|candice|2258\n|gen|9\n|tier|[Gen 9] Random Battle\n|rated|\n|rule|Species Clause: Limit one of each Pok\u00e9mon\n|rule|HP Percentage Mod: HP is shown in percentages\n|rule|Sleep Clause Mod: Limit one foe put to sleep\n|rule|Illusion Level Mod: Illusion disguises the Pok\u00e9mon's true level\n|\n|t:|1781435578\n|teamsize|p1|6\n|teamsize|p2|6\n|start\n|switch|p1a: Clawitzer|Clawitzer, L87, M|265/265\n|switch|p2a: Okidogi|Okidogi, L77, M|262/262\n|turn|1\n|\n|t:|1781435595\n|switch|p1a: Cobalion|Cobalion, L80|277/277\n|move|p2a: Okidogi|Knock Off|p1a: Cobalion\n|-resisted|p1a: Cobalion\n|-damage|p1a: Cobalion|248/277\n|-ability|p1a: Cobalion|Justified|boost\n|-boost|p1a: Cobalion|atk|1\n|-enditem|p1a: Cobalion|Life Orb|[from] move: Knock Off|[of] p2a: Okidogi\n|\n|upkeep\n|turn|2\n|\n|t:|1781435607\n|switch|p2a: Alomomola|Alomomola, L87, F|429/429\n|move|p1a: Cobalion|Iron Head|p2a: Alomomola\n|-resisted|p2a: Alomomola\n|-damage|p2a: Alomomola|369/429\n|\n|-heal|p2a: Alomomola|395/429|[from] item: Leftovers\n|upkeep\n|turn|3\n|\n|t:|1781435613\n|move|p1a: Cobalion|Swords Dance|p1a: Cobalion\n|-boost|p1a: Cobalion|atk|2\n|move|p2a: Alomomola|Scald|p1a: Cobalion\n|-damage|p1a: Cobalion|187/277\n|\n|-heal|p2a: Alomomola|421/429|[from] item: Leftovers\n|upkeep\n|turn|4\n|\n|t:|1781435629\n|move|p1a: Cobalion|Close Combat|p2a: Alomomola\n|-crit|p2a: Alomomola\n|-damage|p2a: Alomomola|0 fnt\n|-unboost|p1a: Cobalion|def|1\n|-unboost|p1a: Cobalion|spd|1\n|faint|p2a: Alomomola\n|\n|upkeep\n|\n|t:|1781435631\n|switch|p2a: Charizard|Charizard, L85, F|271/271\n|turn|5\n|\n|t:|1781435641\n|switch|p1a: Clawitzer|Clawitzer, L87, M|265/265\n|move|p2a: Charizard|Flamethrower|p1a: Clawitzer\n|-resisted|p1a: Clawitzer\n|-damage|p1a: Clawitzer|230/265\n|\n|upkeep\n|turn|6\n|\n|t:|1781435645\n|move|p2a: Charizard|Hurricane|p1a: Clawitzer\n|-damage|p1a: Clawitzer|143/265\n|-start|p1a: Clawitzer|confusion\n|-activate|p1a: Clawitzer|confusion\n|move|p1a: Clawitzer|Water Pulse|p2a: Charizard\n|-supereffective|p2a: Charizard\n|-damage|p2a: Charizard|29/271\n|\n|upkeep\n|turn|7\n|\n|t:|1781435650\n|move|p2a: Charizard|Flamethrower|p1a: Clawitzer\n|-resisted|p1a: Clawitzer\n|-damage|p1a: Clawitzer|87/265\n|-activate|p1a: Clawitzer|confusion\n|-damage|p1a: Clawitzer|60/265|[from] confusion\n|\n|upkeep\n|turn|8\n|\n|t:|1781435654\n|move|p2a: Charizard|Earthquake|p1a: Clawitzer\n|-damage|p1a: Clawitzer|0 fnt\n|faint|p1a: Clawitzer\n|\n|upkeep\n|j| afdasfafafdsaf\n|\n|t:|1781435656\n|switch|p1a: Meowstic|Meowstic-F, L89, F|277/277\n|turn|9\n|\n|t:|1781435680\n|move|p1a: Meowstic|Nasty Plot|p1a: Meowstic\n|-boost|p1a: Meowstic|spa|2\n|move|p2a: Charizard|Flamethrower|p1a: Meowstic\n|-crit|p1a: Meowstic\n|-damage|p1a: Meowstic|39/277\n|-status|p1a: Meowstic|brn\n|\n|-damage|p1a: Meowstic|22/277 brn|[from] brn\n|upkeep\n|turn|10\n|\n|t:|1781435692\n|move|p1a: Meowstic|Alluring Voice|p2a: Charizard\n|-resisted|p2a: Charizard\n|-damage|p2a: Charizard|0 fnt\n|faint|p2a: Charizard\n|-damage|p1a: Meowstic|0 fnt|[from] item: Life Orb\n|faint|p1a: Meowstic\n|\n|upkeep\n|\n|t:|1781435700\n|switch|p1a: Rhydon|Rhydon, L85, M|317/317\n|switch|p2a: Okidogi|Okidogi, L77, M|262/262\n|turn|11\n|\n|t:|1781435707\n|move|p2a: Okidogi|Knock Off|p1a: Rhydon\n|-damage|p1a: Rhydon|279/317\n|-enditem|p1a: Rhydon|Eviolite|[from] move: Knock Off|[of] p2a: Okidogi\n|move|p1a: Rhydon|Earthquake|p2a: Okidogi\n|-supereffective|p2a: Okidogi\n|-damage|p2a: Okidogi|10/262\n|\n|upkeep\n|turn|12\n|\n|t:|1781435711\n|move|p2a: Okidogi|Drain Punch|p1a: Rhydon\n|-supereffective|p1a: Rhydon\n|-crit|p1a: Rhydon\n|-damage|p1a: Rhydon|103/317\n|-heal|p2a: Okidogi|98/262|[from] drain|[of] p1a: Rhydon\n|-status|p1a: Rhydon|tox|[from] ability: Toxic Chain|[of] p2a: Okidogi\n|move|p1a: Rhydon|Earthquake|p2a: Okidogi\n|-supereffective|p2a: Okidogi\n|-damage|p2a: Okidogi|0 fnt\n|faint|p2a: Okidogi\n|\n|-damage|p1a: Rhydon|84/317 tox|[from] psn\n|upkeep\n|\n|t:|1781435718\n|switch|p2a: Venomoth|Venomoth, L84, M|255/255\n|turn|13\n|\n|t:|1781435725\n|move|p2a: Venomoth|Bug Buzz|p1a: Rhydon\n|-damage|p1a: Rhydon|0 fnt\n|faint|p1a: Rhydon\n|\n|upkeep\n|\n|t:|1781435727\n|switch|p1a: Tyranitar|Tyranitar, L78, M|284/284\n|-weather|Sandstorm|[from] ability: Sand Stream|[of] p1a: Tyranitar\n|turn|14\n|\n|t:|1781435731\n|move|p2a: Venomoth|Sleep Powder|p1a: Tyranitar\n|-status|p1a: Tyranitar|slp|[from] move: Sleep Powder\n|cant|p1a: Tyranitar|slp\n|\n|-weather|Sandstorm|[upkeep]\n|-damage|p2a: Venomoth|240/255|[from] Sandstorm\n|upkeep\n|turn|15\n|\n|t:|1781435734\n|move|p2a: Venomoth|Bug Buzz|p1a: Tyranitar\n|-supereffective|p1a: Tyranitar\n|-damage|p1a: Tyranitar|164/284 slp\n|-enditem|p1a: Tyranitar|Weakness Policy\n|-boost|p1a: Tyranitar|atk|2|[from] item: Weakness Policy\n|-boost|p1a: Tyranitar|spa|2|[from] item: Weakness Policy\n|cant|p1a: Tyranitar|slp\n|\n|-weather|Sandstorm|[upkeep]\n|-damage|p2a: Venomoth|225/255|[from] Sandstorm\n|upkeep\n|turn|16\n|\n|t:|1781435747\n|move|p2a: Venomoth|Bug Buzz|p1a: Tyranitar\n|-supereffective|p1a: Tyranitar\n|-damage|p1a: Tyranitar|48/284 slp\n|-curestatus|p1a: Tyranitar|slp|[msg]\n|move|p1a: Tyranitar|Knock Off|p2a: Venomoth\n|-damage|p2a: Venomoth|0 fnt\n|-enditem|p2a: Venomoth|Heavy-Duty Boots|[from] move: Knock Off|[of] p1a: Tyranitar\n|faint|p2a: Venomoth\n|\n|-weather|Sandstorm|[upkeep]\n|upkeep\n|\n|t:|1781435751\n|switch|p2a: Kommo-o|Kommo-o, L78, M|245/245\n|turn|17\n|\n|t:|1781435766\n|move|p2a: Kommo-o|Scale Shot|p1a: Tyranitar\n|-damage|p1a: Tyranitar|23/284\n|-damage|p1a: Tyranitar|1/284\n|-damage|p1a: Tyranitar|0 fnt\n|faint|p1a: Tyranitar\n|-hitcount|p1: Tyranitar|3\n|-unboost|p2a: Kommo-o|def|1\n|-boost|p2a: Kommo-o|spe|1\n|\n|-weather|Sandstorm|[upkeep]\n|-damage|p2a: Kommo-o|230/245|[from] Sandstorm\n|upkeep\n|inactive|Battle timer is ON: inactive players will automatically lose when time's up. (requested by grabschaender)\n|\n|t:|1781435789\n|switch|p1a: Cobalion|Cobalion, L80|187/277\n|turn|18\n|\n|t:|1781435795\n|move|p2a: Kommo-o|Swords Dance|p2a: Kommo-o\n|-boost|p2a: Kommo-o|atk|2\n|move|p1a: Cobalion|Close Combat|p2a: Kommo-o\n|-damage|p2a: Kommo-o|94/245\n|-unboost|p1a: Cobalion|def|1\n|-unboost|p1a: Cobalion|spd|1\n|\n|-weather|none\n|upkeep\n|turn|19\n|\n|t:|1781435799\n|move|p2a: Kommo-o|Close Combat|p1a: Cobalion\n|-supereffective|p1a: Cobalion\n|-damage|p1a: Cobalion|0 fnt\n|-unboost|p2a: Kommo-o|def|1\n|-unboost|p2a: Kommo-o|spd|1\n|faint|p1a: Cobalion\n|\n|upkeep\n|\n|t:|1781435802\n|switch|p1a: Appletun|Appletun, L92, M|352/352\n|turn|20\n|\n|t:|1781435808\n|-terastallize|p1a: Appletun|Steel\n|move|p2a: Kommo-o|Scale Shot|p1a: Appletun\n|-resisted|p1a: Appletun\n|-damage|p1a: Appletun|328/352\n|-resisted|p1a: Appletun\n|-damage|p1a: Appletun|302/352\n|-resisted|p1a: Appletun\n|-damage|p1a: Appletun|276/352\n|-resisted|p1a: Appletun\n|-damage|p1a: Appletun|249/352\n|-hitcount|p1a: Appletun|4\n|-unboost|p2a: Kommo-o|def|1\n|-boost|p2a: Kommo-o|spe|1\n|move|p1a: Appletun|Draco Meteor|p2a: Kommo-o\n|-supereffective|p2a: Kommo-o\n|-damage|p2a: Kommo-o|0 fnt\n|-unboost|p1a: Appletun|spa|2\n|faint|p2a: Kommo-o\n|\n|-heal|p1a: Appletun|271/352|[from] item: Leftovers\n|upkeep\n|\n|t:|1781435809\n|switch|p2a: Oinkologne|Oinkologne, L92, M|352/352\n|turn|21\n|\n|t:|1781435820\n|move|p2a: Oinkologne|Curse|p2a: Oinkologne\n|-unboost|p2a: Oinkologne|spe|1\n|-boost|p2a: Oinkologne|atk|1\n|-boost|p2a: Oinkologne|def|1\n|move|p1a: Appletun|Leech Seed|p2a: Oinkologne\n|-start|p2a: Oinkologne|move: Leech Seed\n|\n|-heal|p1a: Appletun|293/352|[from] item: Leftovers\n|-damage|p2a: Oinkologne|308/352|[from] Leech Seed|[of] p1a: Appletun\n|-heal|p1a: Appletun|337/352|[silent]\n|upkeep\n|turn|22\n|\n|t:|1781435824\n|move|p2a: Oinkologne|High Horsepower|p1a: Appletun\n|-supereffective|p1a: Appletun\n|-damage|p1a: Appletun|99/352\n|move|p1a: Appletun|Apple Acid|p2a: Oinkologne\n|-damage|p2a: Oinkologne|256/352\n|-unboost|p2a: Oinkologne|spd|1\n|\n|-heal|p2a: Oinkologne|278/352|[from] item: Leftovers\n|-heal|p1a: Appletun|121/352|[from] item: Leftovers\n|-damage|p2a: Oinkologne|234/352|[from] Leech Seed|[of] p1a: Appletun\n|-heal|p1a: Appletun|165/352|[silent]\n|upkeep\n|turn|23\n|inactive|grabschaender has 120 seconds left.\n|inactive|grabschaender has 90 seconds left.\n|inactive|grabschaender has 60 seconds left.\n|\n|t:|1781435924\n|move|p2a: Oinkologne|High Horsepower|p1a: Appletun\n|-supereffective|p1a: Appletun\n|-damage|p1a: Appletun|0 fnt\n|faint|p1a: Appletun\n|\n|win|grabschaender\n", "uploadtime": 1781435579, "views": 5, "formatid": "gen9randombattle", "rating": null, "private": 0, "password": null}