{"id": "gen9randombattle-2631649617", "format": "[Gen 9] Random Battle", "players": ["monrayhudson", "lalo's pollos"], "log": "|j|\u2606monrayhudson\n|j|\u2606lalo's pollos\n|t:|1781414821\n|gametype|singles\n|player|p1|monrayhudson|blue|1968\n|player|p2|lalo's pollos|1|1961\n|gen|9\n|tier|[Gen 9] Random Battle\n|rated|\n|rule|Species Clause: Limit one of each Pok\u00e9mon\n|rule|HP Percentage Mod: HP is shown in percentages\n|rule|Sleep Clause Mod: Limit one foe put to sleep\n|rule|Illusion Level Mod: Illusion disguises the Pok\u00e9mon's true level\n|\n|t:|1781414821\n|teamsize|p1|6\n|teamsize|p2|6\n|start\n|switch|p1a: Honchkrow|Honchkrow, L86, M|312/312\n|switch|p2a: Zapdos|Zapdos, L78|268/268\n|turn|1\n|inactive|Battle timer is ON: inactive players will automatically lose when time's up. (requested by monrayhudson)\n|inactive|lalo's pollos has 120 seconds left.\n|\n|t:|1781414885\n|switch|p1a: Raichu|Raichu, L88, M|249/249\n|move|p2a: Zapdos|Discharge|p1a: Raichu\n|-ability|p1a: Raichu|Lightning Rod|boost\n|-boost|p1a: Raichu|spa|1\n|\n|upkeep\n|turn|2\n|\n|t:|1781414894\n|switch|p2a: Iron Leaves|Iron Leaves, L80|275/275\n|move|p1a: Raichu|Thunderbolt|p2a: Iron Leaves\n|-resisted|p2a: Iron Leaves\n|-damage|p2a: Iron Leaves|188/275\n|-damage|p1a: Raichu|225/249|[from] item: Life Orb\n|\n|upkeep\n|turn|3\n|\n|t:|1781414910\n|switch|p1a: Lokix|Lokix, L82, F|251/251\n|move|p2a: Iron Leaves|Megahorn|p1a: Lokix\n|-supereffective|p1a: Lokix\n|-damage|p1a: Lokix|0 fnt\n|faint|p1a: Lokix\n|\n|upkeep\n|\n|t:|1781414920\n|switch|p1a: Honchkrow|Honchkrow, L86, M|312/312\n|turn|4\n|\n|t:|1781414938\n|-end|p2a: Iron Leaves|Quark Drive|[silent]\n|switch|p2a: Tinkaton|Tinkaton, L82, F|274/274\n|-ability|p2a: Tinkaton|Mold Breaker\n|move|p1a: Honchkrow|Heat Wave|p2a: Tinkaton\n|-supereffective|p2a: Tinkaton\n|-damage|p2a: Tinkaton|140/274\n|\n|-heal|p2a: Tinkaton|157/274|[from] item: Leftovers\n|upkeep\n|turn|5\n|\n|t:|1781414949\n|switch|p1a: Flareon|Flareon, L90, F|263/263\n|move|p2a: Tinkaton|Play Rough|p1a: Flareon\n|-resisted|p1a: Flareon\n|-damage|p1a: Flareon|215/263\n|-unboost|p1a: Flareon|atk|1\n|\n|-heal|p2a: Tinkaton|174/274|[from] item: Leftovers\n|-status|p1a: Flareon|tox|[from] item: Toxic Orb\n|upkeep\n|turn|6\n|\n|t:|1781414961\n|move|p2a: Tinkaton|Stealth Rock|p1a: Flareon\n|-sidestart|p1: monrayhudson|move: Stealth Rock\n|move|p1a: Flareon|Flare Blitz|p2a: Tinkaton\n|-supereffective|p2a: Tinkaton\n|-crit|p2a: Tinkaton\n|-damage|p2a: Tinkaton|0 fnt\n|faint|p2a: Tinkaton\n|-damage|p1a: Flareon|158/263 tox|[from] Recoil\n|\n|-damage|p1a: Flareon|142/263 tox|[from] psn\n|upkeep\n|\n|t:|1781414979\n|switch|p2a: Iron Bundle|Iron Bundle, L78|215/215\n|turn|7\n|inactive|monrayhudson has 120 seconds left.\n|inactive|monrayhudson has 90 seconds left.\n|\n|t:|1781415045\n|move|p2a: Iron Bundle|Hydro Pump|p1a: Flareon\n|-supereffective|p1a: Flareon\n|-damage|p1a: Flareon|0 fnt\n|faint|p1a: Flareon\n|\n|upkeep\n|\n|t:|1781415057\n|switch|p1a: Falinks|Falinks, L84|246/246\n|-damage|p1a: Falinks|231/246|[from] Stealth Rock\n|turn|8\n|\n|t:|1781415086\n|-end|p2a: Iron Bundle|Quark Drive|[silent]\n|switch|p2a: Gliscor|Gliscor, L76, M|239/239\n|move|p1a: Falinks|Close Combat|p2a: Gliscor\n|-resisted|p2a: Gliscor\n|-damage|p2a: Gliscor|166/239\n|-unboost|p1a: Falinks|def|1\n|-unboost|p1a: Falinks|spd|1\n|-damage|p1a: Falinks|207/246|[from] item: Life Orb\n|\n|-status|p2a: Gliscor|tox|[from] item: Toxic Orb\n|upkeep\n|turn|9\n|\n|t:|1781415110\n|move|p2a: Gliscor|Toxic|p1a: Falinks\n|-status|p1a: Falinks|tox\n|move|p1a: Falinks|Knock Off|p2a: Gliscor\n|-damage|p2a: Gliscor|95/239 tox\n|-enditem|p2a: Gliscor|Toxic Orb|[from] move: Knock Off|[of] p1a: Falinks\n|-damage|p1a: Falinks|183/246 tox|[from] item: Life Orb\n|\n|-heal|p2a: Gliscor|124/239 tox|[from] ability: Poison Heal\n|-damage|p1a: Falinks|168/246 tox|[from] psn\n|upkeep\n|turn|10\n|\n|t:|1781415115\n|move|p2a: Gliscor|Protect|p2a: Gliscor\n|-singleturn|p2a: Gliscor|Protect\n|move|p1a: Falinks|No Retreat|p1a: Falinks\n|-boost|p1a: Falinks|atk|1\n|-boost|p1a: Falinks|def|1\n|-boost|p1a: Falinks|spa|1\n|-boost|p1a: Falinks|spd|1\n|-boost|p1a: Falinks|spe|1\n|-start|p1a: Falinks|move: No Retreat\n|\n|-damage|p1a: Falinks|138/246 tox|[from] psn\n|-heal|p2a: Gliscor|153/239 tox|[from] ability: Poison Heal\n|upkeep\n|turn|11\n|\n|t:|1781415120\n|move|p1a: Falinks|Close Combat|p2a: Gliscor\n|-resisted|p2a: Gliscor\n|-damage|p2a: Gliscor|48/239 tox\n|-unboost|p1a: Falinks|def|1\n|-unboost|p1a: Falinks|spd|1\n|-damage|p1a: Falinks|114/246 tox|[from] item: Life Orb\n|move|p2a: Gliscor|Earthquake|p1a: Falinks\n|-crit|p1a: Falinks\n|-damage|p1a: Falinks|0 fnt\n|faint|p1a: Falinks\n|\n|-heal|p2a: Gliscor|77/239 tox|[from] ability: Poison Heal\n|upkeep\n|inactive|monrayhudson has 90 seconds left.\n|\n|t:|1781415128\n|switch|p1a: Raichu|Raichu, L88, M|225/249\n|-damage|p1a: Raichu|194/249|[from] Stealth Rock\n|turn|12\n|\n|t:|1781415136\n|move|p2a: Gliscor|Protect|p2a: Gliscor\n|-singleturn|p2a: Gliscor|Protect\n|move|p1a: Raichu|Surf|p2a: Gliscor\n|-activate|p2a: Gliscor|move: Protect\n|\n|-heal|p2a: Gliscor|106/239 tox|[from] ability: Poison Heal\n|upkeep\n|turn|13\n|\n|t:|1781415139\n|switch|p2a: Iron Leaves|Iron Leaves, L80|188/275\n|move|p1a: Raichu|Surf|p2a: Iron Leaves\n|-resisted|p2a: Iron Leaves\n|-damage|p2a: Iron Leaves|152/275\n|-damage|p1a: Raichu|170/249|[from] item: Life Orb\n|\n|upkeep\n|turn|14\n|\n|t:|1781415148\n|switch|p1a: Honchkrow|Honchkrow, L86, M|312/312\n|move|p2a: Iron Leaves|Megahorn|p1a: Honchkrow\n|-damage|p1a: Honchkrow|103/312\n|\n|upkeep\n|turn|15\n|\n|t:|1781415153\n|move|p2a: Iron Leaves|Megahorn|p1a: Honchkrow\n|-damage|p1a: Honchkrow|0 fnt\n|faint|p1a: Honchkrow\n|\n|upkeep\n|inactive|monrayhudson has 120 seconds left.\n|-message|monrayhudson forfeited.\n|\n|win|lalo's pollos\n", "uploadtime": 1781414822, "views": 3, "formatid": "gen9randombattle", "rating": null, "private": 0, "password": null}