{"id": "gen9randombattle-2631828175", "format": "[Gen 9] Random Battle", "players": ["pagenfranskane", "TheLastOne"], "log": "|j|\u2606pagenfranskane\n|j|\u2606TheLastOne\n|t:|1781445310\n|gametype|singles\n|player|p1|pagenfranskane|battlegirl|2017\n|player|p2|TheLastOne|falkner|1999\n|gen|9\n|tier|[Gen 9] Random Battle\n|rated|\n|rule|Species Clause: Limit one of each Pok\u00e9mon\n|rule|HP Percentage Mod: HP is shown in percentages\n|rule|Sleep Clause Mod: Limit one foe put to sleep\n|rule|Illusion Level Mod: Illusion disguises the Pok\u00e9mon's true level\n|\n|t:|1781445310\n|teamsize|p1|6\n|teamsize|p2|6\n|start\n|switch|p1a: Metagross|Metagross, L79|256/256\n|switch|p2a: Copperajah|Copperajah, L86, M|350/350\n|turn|1\n|inactive|Battle timer is ON: inactive players will automatically lose when time's up. (requested by TheLastOne)\n|\n|t:|1781445316\n|move|p1a: Metagross|Agility|p1a: Metagross\n|-boost|p1a: Metagross|spe|2\n|move|p2a: Copperajah|Stealth Rock|p1a: Metagross\n|-sidestart|p1: pagenfranskane|move: Stealth Rock\n|\n|upkeep\n|turn|2\n|\n|t:|1781445327\n|switch|p2a: Oinkologne|Oinkologne, L92, M|352/352\n|move|p1a: Metagross|Earthquake|p2a: Oinkologne\n|-damage|p2a: Oinkologne|261/352\n|\n|-heal|p2a: Oinkologne|283/352|[from] item: Leftovers\n|upkeep\n|turn|3\n|\n|t:|1781445333\n|move|p1a: Metagross|Heavy Slam|p2a: Oinkologne\n|-damage|p2a: Oinkologne|151/352\n|move|p2a: Oinkologne|Curse|p2a: Oinkologne\n|-unboost|p2a: Oinkologne|spe|1\n|-boost|p2a: Oinkologne|atk|1\n|-boost|p2a: Oinkologne|def|1\n|\n|-heal|p2a: Oinkologne|173/352|[from] item: Leftovers\n|upkeep\n|turn|4\n|\n|t:|1781445340\n|move|p1a: Metagross|Heavy Slam|p2a: Oinkologne\n|-damage|p2a: Oinkologne|89/352\n|move|p2a: Oinkologne|Body Slam|p1a: Metagross\n|-resisted|p1a: Metagross\n|-damage|p1a: Metagross|190/256\n|\n|-heal|p2a: Oinkologne|111/352|[from] item: Leftovers\n|upkeep\n|turn|5\n|\n|t:|1781445347\n|move|p1a: Metagross|Heavy Slam|p2a: Oinkologne\n|-damage|p2a: Oinkologne|27/352\n|move|p2a: Oinkologne|Body Slam|p1a: Metagross\n|-resisted|p1a: Metagross\n|-damage|p1a: Metagross|127/256\n|-status|p1a: Metagross|par\n|\n|-heal|p2a: Oinkologne|49/352|[from] item: Leftovers\n|upkeep\n|turn|6\n|\n|t:|1781445352\n|move|p1a: Metagross|Heavy Slam|p2a: Oinkologne\n|-damage|p2a: Oinkologne|0 fnt\n|faint|p2a: Oinkologne\n|\n|upkeep\n|\n|t:|1781445359\n|switch|p2a: Flareon|Flareon, L90, M|263/263\n|turn|7\n|\n|t:|1781445363\n|move|p2a: Flareon|Flare Blitz|p1a: Metagross\n|-supereffective|p1a: Metagross\n|-damage|p1a: Metagross|0 fnt\n|faint|p1a: Metagross\n|-damage|p2a: Flareon|221/263|[from] Recoil\n|\n|-status|p2a: Flareon|tox|[from] item: Toxic Orb\n|upkeep\n|\n|t:|1781445374\n|switch|p1a: Swalot|Swalot, L90, M|326/326\n|-damage|p1a: Swalot|286/326|[from] Stealth Rock\n|turn|8\n|\n|t:|1781445381\n|switch|p2a: Copperajah|Copperajah, L86, M|350/350\n|move|p1a: Swalot|Earthquake|p2a: Copperajah\n|-supereffective|p2a: Copperajah\n|-crit|p2a: Copperajah\n|-damage|p2a: Copperajah|134/350\n|\n|-heal|p1a: Swalot|306/326|[from] item: Leftovers\n|upkeep\n|turn|9\n|\n|t:|1781445387\n|switch|p2a: Great Tusk|Great Tusk, L77|304/304\n|move|p1a: Swalot|Swords Dance|p1a: Swalot\n|-boost|p1a: Swalot|atk|2\n|\n|-heal|p1a: Swalot|326/326|[from] item: Leftovers\n|upkeep\n|turn|10\n|\n|t:|1781445394\n|move|p2a: Great Tusk|Headlong Rush|p1a: Swalot\n|-supereffective|p1a: Swalot\n|-damage|p1a: Swalot|68/326\n|-unboost|p2a: Great Tusk|def|1\n|-unboost|p2a: Great Tusk|spd|1\n|move|p1a: Swalot|Gunk Shot|p2a: Great Tusk\n|-resisted|p2a: Great Tusk\n|-damage|p2a: Great Tusk|172/304\n|\n|-heal|p1a: Swalot|88/326|[from] item: Leftovers\n|upkeep\n|turn|11\n|\n|t:|1781445398\n|move|p2a: Great Tusk|Headlong Rush|p1a: Swalot\n|-supereffective|p1a: Swalot\n|-damage|p1a: Swalot|0 fnt\n|-unboost|p2a: Great Tusk|def|1\n|-unboost|p2a: Great Tusk|spd|1\n|faint|p1a: Swalot\n|\n|upkeep\n|\n|t:|1781445401\n|switch|p1a: Sandy Shocks|Sandy Shocks, L80|267/267\n|-damage|p1a: Sandy Shocks|251/267|[from] Stealth Rock\n|turn|12\n|\n|t:|1781445405\n|-end|p2a: Great Tusk|Protosynthesis|[silent]\n|switch|p2a: Copperajah|Copperajah, L86, M|134/350\n|move|p1a: Sandy Shocks|Earth Power|p2a: Copperajah\n|-supereffective|p2a: Copperajah\n|-damage|p2a: Copperajah|0 fnt\n|faint|p2a: Copperajah\n|\n|-heal|p1a: Sandy Shocks|267/267|[from] item: Leftovers\n|upkeep\n|\n|t:|1781445407\n|switch|p2a: Great Tusk|Great Tusk, L77|172/304\n|turn|13\n|\n|t:|1781445415\n|move|p1a: Sandy Shocks|Earth Power|p2a: Great Tusk\n|-damage|p2a: Great Tusk|66/304\n|move|p2a: Great Tusk|Headlong Rush|p1a: Sandy Shocks\n|-supereffective|p1a: Sandy Shocks\n|-damage|p1a: Sandy Shocks|27/267\n|-unboost|p2a: Great Tusk|def|1\n|-unboost|p2a: Great Tusk|spd|1\n|\n|-heal|p1a: Sandy Shocks|43/267|[from] item: Leftovers\n|upkeep\n|turn|14\n|\n|t:|1781445420\n|move|p1a: Sandy Shocks|Earth Power|p2a: Great Tusk\n|-damage|p2a: Great Tusk|0 fnt\n|faint|p2a: Great Tusk\n|-end|p2a: Great Tusk|Protosynthesis|[silent]\n|\n|-heal|p1a: Sandy Shocks|59/267|[from] item: Leftovers\n|upkeep\n|\n|t:|1781445422\n|switch|p2a: Barraskewda|Barraskewda, L81, M|231/231\n|turn|15\n|\n|t:|1781445427\n|move|p2a: Barraskewda|Flip Turn|p1a: Sandy Shocks\n|-supereffective|p1a: Sandy Shocks\n|-damage|p1a: Sandy Shocks|0 fnt\n|faint|p1a: Sandy Shocks\n|-end|p1a: Sandy Shocks|Protosynthesis|[silent]\n|\n|t:|1781445431\n|switch|p2a: Flareon|Flareon, L90, M|221/263 tox|[from] Flip Turn\n|\n|-damage|p2a: Flareon|205/263 tox|[from] psn\n|upkeep\n|\n|t:|1781445438\n|switch|p1a: Hatterene|Hatterene, L85, F|236/236\n|-damage|p1a: Hatterene|207/236|[from] Stealth Rock\n|turn|16\n|\n|t:|1781445443\n|-terastallize|p2a: Flareon|Normal\n|move|p2a: Flareon|Facade|p1a: Hatterene\n|-damage|p1a: Hatterene|0 fnt\n|faint|p1a: Hatterene\n|\n|-damage|p2a: Flareon|173/263 tox|[from] psn\n|upkeep\n|\n|t:|1781445449\n|switch|p1a: Forretress|Forretress, L84, M|263/263\n|-damage|p1a: Forretress|231/263|[from] Stealth Rock\n|turn|17\n|\n|t:|1781445456\n|-terastallize|p1a: Forretress|Water\n|move|p2a: Flareon|Flare Blitz|p1a: Forretress\n|-resisted|p1a: Forretress\n|-damage|p1a: Forretress|140/263\n|-status|p1a: Forretress|brn\n|-damage|p2a: Flareon|143/263 tox|[from] Recoil\n|move|p1a: Forretress|Rapid Spin|p2a: Flareon\n|-damage|p2a: Flareon|122/263 tox\n|-boost|p1a: Forretress|spe|1\n|-sideend|p1: pagenfranskane|Stealth Rock|[from] move: Rapid Spin|[of] p1a: Forretress\n|\n|-heal|p1a: Forretress|156/263 brn|[from] item: Leftovers\n|-damage|p2a: Flareon|74/263 tox|[from] psn\n|-damage|p1a: Forretress|140/263 brn|[from] brn\n|upkeep\n|turn|18\n|\n|t:|1781445462\n|move|p1a: Forretress|Iron Head|p2a: Flareon\n|-damage|p2a: Flareon|25/263 tox\n|cant|p2a: Flareon|flinch\n|\n|-heal|p1a: Forretress|156/263 brn|[from] item: Leftovers\n|-damage|p2a: Flareon|0 fnt|[from] psn\n|faint|p2a: Flareon\n|-damage|p1a: Forretress|140/263 brn|[from] brn\n|upkeep\n|\n|t:|1781445465\n|switch|p2a: Terapagos|Terapagos, L77, F|265/265\n|-activate|p2a: Terapagos|ability: Tera Shift\n|detailschange|p2a: Terapagos|Terapagos-Terastal, L77, F\n|-heal|p2a: Terapagos|273/273|[silent]\n|turn|19\n|\n|t:|1781445472\n|switch|p1a: Cinccino|Cinccino, L83, M|260/260\n|move|p2a: Terapagos|Calm Mind|p2a: Terapagos\n|-boost|p2a: Terapagos|spa|1\n|-boost|p2a: Terapagos|spd|1\n|\n|upkeep\n|turn|20\n|\n|t:|1781445476\n|move|p1a: Cinccino|Tidy Up|p1a: Cinccino\n|-boost|p1a: Cinccino|atk|1\n|-boost|p1a: Cinccino|spe|1\n|move|p2a: Terapagos|Tera Starstorm|p1a: Cinccino\n|-damage|p1a: Cinccino|46/260\n|\n|upkeep\n|turn|21\n|\n|t:|1781445480\n|move|p1a: Cinccino|Tail Slap|p2a: Terapagos\n|-activate|p2a: Terapagos|ability: Tera Shell\n|-resisted|p2a: Terapagos\n|-damage|p2a: Terapagos|247/273\n|-resisted|p2a: Terapagos\n|-damage|p2a: Terapagos|223/273\n|-resisted|p2a: Terapagos\n|-damage|p2a: Terapagos|197/273\n|-resisted|p2a: Terapagos\n|-damage|p2a: Terapagos|170/273\n|-resisted|p2a: Terapagos\n|-damage|p2a: Terapagos|143/273\n|-hitcount|p2a: Terapagos|5\n|move|p2a: Terapagos|Tera Starstorm|p1a: Cinccino\n|-damage|p1a: Cinccino|0 fnt\n|faint|p1a: Cinccino\n|\n|upkeep\n|-message|pagenfranskane forfeited.\n|\n|win|TheLastOne\n", "uploadtime": 1781445312, "views": 5, "formatid": "gen9randombattle", "rating": null, "private": 0, "password": null}