{"id": "gen9randombattle-2631478848", "format": "[Gen 9] Random Battle", "players": ["sphealinalright", "Smart Gas"], "log": "|j|\u2606sphealinalright\n|j|\u2606Smart Gas\n|t:|1781390004\n|gametype|singles\n|player|p1|sphealinalright|backers|1905\n|player|p2|Smart Gas|clavell-s|1942\n|gen|9\n|tier|[Gen 9] Random Battle\n|rated|\n|rule|Species Clause: Limit one of each Pok\u00e9mon\n|rule|HP Percentage Mod: HP is shown in percentages\n|rule|Sleep Clause Mod: Limit one foe put to sleep\n|rule|Illusion Level Mod: Illusion disguises the Pok\u00e9mon's true level\n|\n|t:|1781390004\n|teamsize|p1|6\n|teamsize|p2|6\n|start\n|switch|p1a: Bellossom|Bellossom, L84, F|263/263\n|switch|p2a: Amoonguss|Amoonguss, L82, F|321/321\n|turn|1\n|inactive|Battle timer is ON: inactive players will automatically lose when time's up. (requested by Smart Gas)\n|\n|t:|1781390015\n|switch|p1a: Iron Moth|Iron Moth, L78|253/253\n|move|p2a: Amoonguss|Toxic|p1a: Iron Moth\n|-immune|p1a: Iron Moth\n|\n|upkeep\n|turn|2\n|\n|t:|1781390026\n|switch|p2a: Mightyena|Mightyena, L96, F|290/290\n|-ability|p2a: Mightyena|Intimidate|boost\n|-unboost|p1a: Iron Moth|atk|1\n|move|p1a: Iron Moth|Fire Blast|p2a: Mightyena|[miss]\n|-miss|p1a: Iron Moth|p2a: Mightyena\n|\n|upkeep\n|turn|3\n|\n|t:|1781390033\n|-end|p1a: Iron Moth|Quark Drive|[silent]\n|switch|p1a: Abomasnow|Abomasnow, L84, M|287/287\n|-weather|Snowscape|[from] ability: Snow Warning|[of] p1a: Abomasnow\n|move|p2a: Mightyena|Crunch|p1a: Abomasnow\n|-damage|p1a: Abomasnow|212/287\n|-unboost|p1a: Abomasnow|def|1\n|\n|-weather|Snowscape|[upkeep]\n|upkeep\n|turn|4\n|\n|t:|1781390046\n|move|p2a: Mightyena|Crunch|p1a: Abomasnow\n|-damage|p1a: Abomasnow|98/287\n|move|p1a: Abomasnow|Blizzard|p2a: Mightyena\n|-damage|p2a: Mightyena|206/290\n|\n|-weather|Snowscape|[upkeep]\n|upkeep\n|turn|5\n|\n|t:|1781390055\n|move|p2a: Mightyena|Crunch|p1a: Abomasnow\n|-damage|p1a: Abomasnow|0 fnt\n|faint|p1a: Abomasnow\n|\n|-weather|Snowscape|[upkeep]\n|upkeep\n|\n|t:|1781390067\n|switch|p1a: Glastrier|Glastrier, L86|312/312\n|turn|6\n|\n|t:|1781390075\n|switch|p2a: Umbreon|Umbreon, L84, F|297/297\n|move|p1a: Glastrier|Swords Dance|p1a: Glastrier\n|-boost|p1a: Glastrier|atk|2\n|\n|-weather|Snowscape|[upkeep]\n|upkeep\n|turn|7\n|\n|t:|1781390082\n|-terastallize|p1a: Glastrier|Fighting\n|move|p2a: Umbreon|Toxic|p1a: Glastrier\n|-status|p1a: Glastrier|tox\n|move|p1a: Glastrier|Icicle Crash|p2a: Umbreon\n|-damage|p2a: Umbreon|59/297\n|\n|-weather|none\n|-heal|p2a: Umbreon|77/297|[from] item: Leftovers\n|-damage|p1a: Glastrier|293/312 tox|[from] psn\n|upkeep\n|turn|8\n|\n|t:|1781390090\n|move|p2a: Umbreon|Protect|p2a: Umbreon\n|-singleturn|p2a: Umbreon|Protect\n|move|p1a: Glastrier|Icicle Crash|p2a: Umbreon\n|-activate|p2a: Umbreon|move: Protect\n|\n|-heal|p2a: Umbreon|95/297|[from] item: Leftovers\n|-damage|p1a: Glastrier|255/312 tox|[from] psn\n|upkeep\n|turn|9\n|\n|t:|1781390102\n|switch|p2a: Mightyena|Mightyena, L96, F|206/290\n|-ability|p2a: Mightyena|Intimidate|boost\n|-unboost|p1a: Glastrier|atk|1\n|move|p1a: Glastrier|Close Combat|p2a: Mightyena\n|-supereffective|p2a: Mightyena\n|-damage|p2a: Mightyena|0 fnt\n|-unboost|p1a: Glastrier|def|1\n|-unboost|p1a: Glastrier|spd|1\n|faint|p2a: Mightyena\n|-ability|p1a: Glastrier|Chilling Neigh|boost\n|-boost|p1a: Glastrier|atk|1\n|\n|-damage|p1a: Glastrier|198/312 tox|[from] psn\n|upkeep\n|\n|t:|1781390112\n|switch|p2a: Umbreon|Umbreon, L84, F|95/297\n|turn|10\n|\n|t:|1781390117\n|move|p2a: Umbreon|Protect|p2a: Umbreon\n|-singleturn|p2a: Umbreon|Protect\n|move|p1a: Glastrier|Close Combat|p2a: Umbreon\n|-activate|p2a: Umbreon|move: Protect\n|\n|-heal|p2a: Umbreon|113/297|[from] item: Leftovers\n|-damage|p1a: Glastrier|122/312 tox|[from] psn\n|upkeep\n|turn|11\n|\n|t:|1781390125\n|move|p2a: Umbreon|Foul Play|p1a: Glastrier\n|-resisted|p1a: Glastrier\n|-damage|p1a: Glastrier|0 fnt\n|faint|p1a: Glastrier\n|\n|-heal|p2a: Umbreon|131/297|[from] item: Leftovers\n|upkeep\n|\n|t:|1781390141\n|switch|p1a: Basculegion|Basculegion, L80, M|323/323\n|turn|12\n|\n|t:|1781390149\n|switch|p2a: Amoonguss|Amoonguss, L82, F|321/321\n|move|p1a: Basculegion|Wave Crash|p2a: Amoonguss\n|-resisted|p2a: Amoonguss\n|-damage|p2a: Amoonguss|221/321\n|-damage|p1a: Basculegion|270/323|[from] item: Rocky Helmet|[of] p2a: Amoonguss\n|-damage|p1a: Basculegion|237/323|[from] Recoil\n|\n|upkeep\n|turn|13\n|\n|t:|1781390177\n|move|p1a: Basculegion|Shadow Ball|p2a: Amoonguss\n|-damage|p2a: Amoonguss|127/321\n|-unboost|p2a: Amoonguss|spd|1\n|move|p2a: Amoonguss|Spore|p1a: Basculegion\n|-status|p1a: Basculegion|slp|[from] move: Spore\n|\n|upkeep\n|turn|14\n|\n|t:|1781390186\n|switch|p1a: Iron Moth|Iron Moth, L78|253/253\n|move|p2a: Amoonguss|Giga Drain|p1a: Iron Moth\n|-resisted|p1a: Iron Moth\n|-damage|p1a: Iron Moth|238/253\n|-heal|p2a: Amoonguss|135/321|[from] drain|[of] p1a: Iron Moth\n|\n|upkeep\n|turn|15\n|\n|t:|1781390196\n|switch|p2a: Basculin|Basculin, L86, M|261/261\n|move|p1a: Iron Moth|Sludge Wave|p2a: Basculin\n|-damage|p2a: Basculin|32/261\n|\n|upkeep\n|turn|16\n|\n|t:|1781390203\n|-end|p1a: Iron Moth|Quark Drive|[silent]\n|switch|p1a: Bellossom|Bellossom, L84, F|263/263\n|move|p2a: Basculin|Flip Turn|p1a: Bellossom\n|-resisted|p1a: Bellossom\n|-damage|p1a: Bellossom|198/263\n|\n|t:|1781390211\n|switch|p2a: Umbreon|Umbreon, L84, F|131/297|[from] Flip Turn\n|\n|-heal|p2a: Umbreon|149/297|[from] item: Leftovers\n|-heal|p1a: Bellossom|214/263|[from] item: Leftovers\n|upkeep\n|turn|17\n|\n|t:|1781390216\n|move|p2a: Umbreon|Wish|p2a: Umbreon\n|move|p1a: Bellossom|Quiver Dance|p1a: Bellossom\n|-boost|p1a: Bellossom|spa|1\n|-boost|p1a: Bellossom|spd|1\n|-boost|p1a: Bellossom|spe|1\n|\n|-heal|p1a: Bellossom|230/263|[from] item: Leftovers\n|-heal|p2a: Umbreon|167/297|[from] item: Leftovers\n|upkeep\n|turn|18\n|\n|t:|1781390226\n|move|p1a: Bellossom|Moonblast|p2a: Umbreon\n|-supereffective|p2a: Umbreon\n|-damage|p2a: Umbreon|33/297\n|-unboost|p2a: Umbreon|spa|1\n|move|p2a: Umbreon|Toxic|p1a: Bellossom\n|-status|p1a: Bellossom|tox\n|\n|-heal|p2a: Umbreon|181/297|[from] move: Wish|[wisher] Umbreon\n|-heal|p1a: Bellossom|246/263 tox|[from] item: Leftovers\n|-heal|p2a: Umbreon|199/297|[from] item: Leftovers\n|-damage|p1a: Bellossom|230/263 tox|[from] psn\n|upkeep\n|turn|19\n|\n|t:|1781390234\n|switch|p1a: Iron Moth|Iron Moth, L78|238/253\n|move|p2a: Umbreon|Wish|p2a: Umbreon\n|\n|-heal|p2a: Umbreon|217/297|[from] item: Leftovers\n|upkeep\n|turn|20\n|\n|t:|1781390245\n|move|p1a: Iron Moth|Sludge Wave|p2a: Umbreon\n|-damage|p2a: Umbreon|85/297\n|move|p2a: Umbreon|Foul Play|p1a: Iron Moth\n|-damage|p1a: Iron Moth|135/253\n|\n|-heal|p2a: Umbreon|233/297|[from] move: Wish|[wisher] Umbreon\n|-heal|p2a: Umbreon|251/297|[from] item: Leftovers\n|upkeep\n|turn|21\n|\n|t:|1781390252\n|switch|p2a: Golem|Golem, L87, M|281/281\n|move|p1a: Iron Moth|Sludge Wave|p2a: Golem\n|-resisted|p2a: Golem\n|-damage|p2a: Golem|232/281\n|\n|upkeep\n|turn|22\n|\n|t:|1781390262\n|-end|p1a: Iron Moth|Quark Drive|[silent]\n|switch|p1a: Bellossom|Bellossom, L84, F|230/263 tox\n|move|p2a: Golem|Stone Edge|p1a: Bellossom\n|-crit|p1a: Bellossom\n|-damage|p1a: Bellossom|26/263 tox\n|\n|-heal|p1a: Bellossom|42/263 tox|[from] item: Leftovers\n|-damage|p1a: Bellossom|26/263 tox|[from] psn\n|upkeep\n|turn|23\n|\n|t:|1781390275\n|switch|p2a: Amoonguss|Amoonguss, L82, F|242/321\n|move|p1a: Bellossom|Moonblast|p2a: Amoonguss\n|-resisted|p2a: Amoonguss\n|-damage|p2a: Amoonguss|208/321\n|\n|-heal|p1a: Bellossom|42/263 tox|[from] item: Leftovers\n|-damage|p1a: Bellossom|10/263 tox|[from] psn\n|upkeep\n|turn|24\n|\n|t:|1781390288\n|move|p1a: Bellossom|Giga Drain|p2a: Amoonguss\n|-resisted|p2a: Amoonguss\n|-damage|p2a: Amoonguss|188/321\n|-heal|p1a: Bellossom|20/263 tox|[from] drain|[of] p2a: Amoonguss\n|move|p2a: Amoonguss|Giga Drain|p1a: Bellossom\n|-resisted|p1a: Bellossom\n|-damage|p1a: Bellossom|0 fnt\n|-heal|p2a: Amoonguss|198/321|[from] drain|[of] p1a: Bellossom\n|faint|p1a: Bellossom\n|\n|upkeep\n|\n|t:|1781390291\n|switch|p1a: Iron Moth|Iron Moth, L78|135/253\n|turn|25\n|\n|t:|1781390303\n|switch|p2a: Golem|Golem, L87, M|232/281\n|move|p1a: Iron Moth|Fire Blast|p2a: Golem\n|-resisted|p2a: Golem\n|-damage|p2a: Golem|106/281\n|-status|p2a: Golem|brn\n|\n|-damage|p2a: Golem|89/281 brn|[from] brn\n|upkeep\n|turn|26\n|\n|t:|1781390310\n|move|p1a: Iron Moth|Fire Blast|p2a: Golem\n|-resisted|p2a: Golem\n|-damage|p2a: Golem|0 fnt\n|faint|p2a: Golem\n|\n|upkeep\n|\n|t:|1781390313\n|switch|p2a: Basculin|Basculin, L86, M|32/261\n|turn|27\n|\n|t:|1781390325\n|-end|p1a: Iron Moth|Quark Drive|[silent]\n|switch|p1a: Basculegion|Basculegion, L80, M|237/323 slp\n|move|p2a: Basculin|Flip Turn|p1a: Basculegion\n|-resisted|p1a: Basculegion\n|-damage|p1a: Basculegion|154/323 slp\n|\n|t:|1781390332\n|switch|p2a: Umbreon|Umbreon, L84, F|251/297|[from] Flip Turn\n|\n|-heal|p2a: Umbreon|269/297|[from] item: Leftovers\n|upkeep\n|turn|28\n|\n|t:|1781390338\n|switch|p1a: Wugtrio|Wugtrio, L91, M|212/212\n|move|p2a: Umbreon|Foul Play|p1a: Wugtrio\n|-damage|p1a: Wugtrio|58/212\n|-ability|p1a: Wugtrio|Gooey\n|-unboost|p2a: Umbreon|spe|1\n|\n|-heal|p2a: Umbreon|287/297|[from] item: Leftovers\n|upkeep\n|turn|29\n|-message|sphealinalright forfeited.\n|\n|win|Smart Gas\n", "uploadtime": 1781390006, "views": 5, "formatid": "gen9randombattle", "rating": null, "private": 0, "password": null}