{"id": "gen9randombattle-2631894075", "format": "[Gen 9] Random Battle", "players": ["fleurwitch3", "necr0thicc"], "log": "|j|\u2606fleurwitch3\n|j|\u2606necr0thicc\n|t:|1781452908\n|gametype|singles\n|player|p1|fleurwitch3|sabrina|1375\n|player|p2|necr0thicc|miku-ghost|1392\n|gen|9\n|tier|[Gen 9] Random Battle\n|rated|\n|rule|Species Clause: Limit one of each Pok\u00e9mon\n|rule|HP Percentage Mod: HP is shown in percentages\n|rule|Sleep Clause Mod: Limit one foe put to sleep\n|rule|Illusion Level Mod: Illusion disguises the Pok\u00e9mon's true level\n|\n|t:|1781452908\n|teamsize|p1|6\n|teamsize|p2|6\n|start\n|switch|p1a: Mesprit|Mesprit, L85|275/275\n|switch|p2a: Hatterene|Hatterene, L85, F|236/236\n|turn|1\n|\n|t:|1781452925\n|move|p1a: Mesprit|U-turn|p2a: Hatterene\n|-damage|p2a: Hatterene|184/236\n|\n|t:|1781452927\n|switch|p1a: Gothitelle|Gothitelle, L90, F|272/272|[from] U-turn\n|move|p2a: Hatterene|Nuzzle|p1a: Gothitelle\n|-damage|p1a: Gothitelle|259/272\n|-status|p1a: Gothitelle|par\n|\n|-heal|p1a: Gothitelle|272/272 par|[from] item: Leftovers\n|upkeep\n|turn|2\n|\n|t:|1781452938\n|move|p2a: Hatterene|Mystical Fire|p1a: Gothitelle\n|-damage|p1a: Gothitelle|219/272 par\n|-unboost|p1a: Gothitelle|spa|1\n|move|p1a: Gothitelle|Calm Mind|p1a: Gothitelle\n|-boost|p1a: Gothitelle|spa|1\n|-boost|p1a: Gothitelle|spd|1\n|\n|-heal|p1a: Gothitelle|236/272 par|[from] item: Leftovers\n|upkeep\n|turn|3\n|\n|t:|1781452972\n|move|p2a: Hatterene|Psychic|p1a: Gothitelle\n|-resisted|p1a: Gothitelle\n|-damage|p1a: Gothitelle|200/272 par\n|cant|p1a: Gothitelle|par\n|\n|-heal|p1a: Gothitelle|217/272 par|[from] item: Leftovers\n|upkeep\n|turn|4\n|\n|t:|1781452978\n|move|p2a: Hatterene|Mystical Fire|p1a: Gothitelle\n|-damage|p1a: Gothitelle|181/272 par\n|-unboost|p1a: Gothitelle|spa|1\n|move|p1a: Gothitelle|Calm Mind|p1a: Gothitelle\n|-boost|p1a: Gothitelle|spa|1\n|-boost|p1a: Gothitelle|spd|1\n|\n|-heal|p1a: Gothitelle|198/272 par|[from] item: Leftovers\n|upkeep\n|turn|5\n|\n|t:|1781453012\n|move|p2a: Hatterene|Draining Kiss|p1a: Gothitelle\n|-damage|p1a: Gothitelle|170/272 par\n|-heal|p2a: Hatterene|205/236|[from] drain|[of] p1a: Gothitelle\n|move|p1a: Gothitelle|Calm Mind|p1a: Gothitelle\n|-boost|p1a: Gothitelle|spa|1\n|-boost|p1a: Gothitelle|spd|1\n|\n|-heal|p1a: Gothitelle|187/272 par|[from] item: Leftovers\n|upkeep\n|turn|6\n|\n|t:|1781453036\n|move|p2a: Hatterene|Psychic|p1a: Gothitelle\n|-resisted|p1a: Gothitelle\n|-damage|p1a: Gothitelle|165/272 par\n|move|p1a: Gothitelle|Calm Mind|p1a: Gothitelle\n|-boost|p1a: Gothitelle|spa|1\n|-boost|p1a: Gothitelle|spd|1\n|\n|-heal|p1a: Gothitelle|182/272 par|[from] item: Leftovers\n|upkeep\n|turn|7\n|\n|t:|1781453051\n|move|p2a: Hatterene|Mystical Fire|p1a: Gothitelle\n|-damage|p1a: Gothitelle|161/272 par\n|-unboost|p1a: Gothitelle|spa|1\n|move|p1a: Gothitelle|Calm Mind|p1a: Gothitelle\n|-boost|p1a: Gothitelle|spa|1\n|-boost|p1a: Gothitelle|spd|1\n|\n|-heal|p1a: Gothitelle|178/272 par|[from] item: Leftovers\n|upkeep\n|turn|8\n|\n|t:|1781453059\n|move|p2a: Hatterene|Mystical Fire|p1a: Gothitelle\n|-damage|p1a: Gothitelle|160/272 par\n|-unboost|p1a: Gothitelle|spa|1\n|move|p1a: Gothitelle|Dark Pulse|p2a: Hatterene\n|-damage|p2a: Hatterene|149/236\n|\n|-heal|p1a: Gothitelle|177/272 par|[from] item: Leftovers\n|upkeep\n|turn|9\n|\n|t:|1781453079\n|move|p2a: Hatterene|Mystical Fire|p1a: Gothitelle\n|-damage|p1a: Gothitelle|160/272 par\n|-unboost|p1a: Gothitelle|spa|1\n|move|p1a: Gothitelle|Calm Mind|p1a: Gothitelle\n|-boost|p1a: Gothitelle|spa|1\n|-boost|p1a: Gothitelle|spd|1\n|\n|-heal|p1a: Gothitelle|177/272 par|[from] item: Leftovers\n|upkeep\n|turn|10\n|\n|t:|1781453092\n|move|p2a: Hatterene|Mystical Fire|p1a: Gothitelle\n|-damage|p1a: Gothitelle|161/272 par\n|-unboost|p1a: Gothitelle|spa|1\n|move|p1a: Gothitelle|Dark Pulse|p2a: Hatterene\n|-damage|p2a: Hatterene|112/236\n|\n|-heal|p1a: Gothitelle|178/272 par|[from] item: Leftovers\n|upkeep\n|turn|11\n|\n|t:|1781453126\n|move|p2a: Hatterene|Mystical Fire|p1a: Gothitelle\n|-damage|p1a: Gothitelle|162/272 par\n|-unboost|p1a: Gothitelle|spa|1\n|cant|p1a: Gothitelle|par\n|\n|-heal|p1a: Gothitelle|179/272 par|[from] item: Leftovers\n|upkeep\n|turn|12\n|\n|t:|1781453140\n|move|p2a: Hatterene|Mystical Fire|p1a: Gothitelle\n|-damage|p1a: Gothitelle|165/272 par\n|-unboost|p1a: Gothitelle|spa|1\n|move|p1a: Gothitelle|Calm Mind|p1a: Gothitelle\n|-boost|p1a: Gothitelle|spa|1\n|-boost|p1a: Gothitelle|spd|0\n|\n|-heal|p1a: Gothitelle|182/272 par|[from] item: Leftovers\n|upkeep\n|turn|13\n|\n|t:|1781453165\n|move|p2a: Hatterene|Psychic|p1a: Gothitelle\n|-resisted|p1a: Gothitelle\n|-damage|p1a: Gothitelle|170/272 par\n|cant|p1a: Gothitelle|par\n|\n|-heal|p1a: Gothitelle|187/272 par|[from] item: Leftovers\n|upkeep\n|turn|14\n|\n|t:|1781453174\n|move|p2a: Hatterene|Mystical Fire|p1a: Gothitelle\n|-damage|p1a: Gothitelle|173/272 par\n|-unboost|p1a: Gothitelle|spa|1\n|move|p1a: Gothitelle|Calm Mind|p1a: Gothitelle\n|-boost|p1a: Gothitelle|spa|1\n|-boost|p1a: Gothitelle|spd|0\n|\n|-heal|p1a: Gothitelle|190/272 par|[from] item: Leftovers\n|upkeep\n|turn|15\n|\n|t:|1781453182\n|move|p2a: Hatterene|Mystical Fire|p1a: Gothitelle\n|-damage|p1a: Gothitelle|175/272 par\n|-unboost|p1a: Gothitelle|spa|1\n|move|p1a: Gothitelle|Calm Mind|p1a: Gothitelle\n|-boost|p1a: Gothitelle|spa|1\n|-boost|p1a: Gothitelle|spd|0\n|\n|-heal|p1a: Gothitelle|192/272 par|[from] item: Leftovers\n|upkeep\n|turn|16\n|\n|t:|1781453195\n|move|p2a: Hatterene|Draining Kiss|p1a: Gothitelle\n|-damage|p1a: Gothitelle|176/272 par\n|-heal|p2a: Hatterene|124/236|[from] drain|[of] p1a: Gothitelle\n|move|p1a: Gothitelle|Calm Mind|p1a: Gothitelle\n|-boost|p1a: Gothitelle|spa|1\n|-boost|p1a: Gothitelle|spd|0\n|\n|-heal|p1a: Gothitelle|193/272 par|[from] item: Leftovers\n|upkeep\n|turn|17\n|inactive|Battle timer is ON: inactive players will automatically lose when time's up. (requested by necr0thicc)\n|c|\u2606fleurwitch3|im so sorry for this :/ i have nothing for hatterene\n|\n|t:|1781453217\n|move|p2a: Hatterene|Mystical Fire|p1a: Gothitelle\n|-damage|p1a: Gothitelle|177/272 par\n|-unboost|p1a: Gothitelle|spa|1\n|move|p1a: Gothitelle|Calm Mind|p1a: Gothitelle\n|-boost|p1a: Gothitelle|spa|1\n|-boost|p1a: Gothitelle|spd|0\n|\n|-heal|p1a: Gothitelle|194/272 par|[from] item: Leftovers\n|upkeep\n|turn|18\n|\n|t:|1781453222\n|move|p2a: Hatterene|Mystical Fire|p1a: Gothitelle\n|-damage|p1a: Gothitelle|178/272 par\n|-unboost|p1a: Gothitelle|spa|1\n|move|p1a: Gothitelle|Calm Mind|p1a: Gothitelle\n|-boost|p1a: Gothitelle|spa|1\n|-boost|p1a: Gothitelle|spd|0\n|\n|-heal|p1a: Gothitelle|195/272 par|[from] item: Leftovers\n|upkeep\n|turn|19\n|\n|t:|1781453227\n|move|p2a: Hatterene|Draining Kiss|p1a: Gothitelle\n|-damage|p1a: Gothitelle|179/272 par\n|-heal|p2a: Hatterene|136/236|[from] drain|[of] p1a: Gothitelle\n|move|p1a: Gothitelle|Calm Mind|p1a: Gothitelle\n|-boost|p1a: Gothitelle|spa|1\n|-boost|p1a: Gothitelle|spd|0\n|\n|-heal|p1a: Gothitelle|196/272 par|[from] item: Leftovers\n|upkeep\n|turn|20\n|\n|t:|1781453231\n|move|p2a: Hatterene|Draining Kiss|p1a: Gothitelle\n|-damage|p1a: Gothitelle|180/272 par\n|-heal|p2a: Hatterene|148/236|[from] drain|[of] p1a: Gothitelle\n|cant|p1a: Gothitelle|par\n|\n|-heal|p1a: Gothitelle|197/272 par|[from] item: Leftovers\n|upkeep\n|turn|21\n|\n|t:|1781453235\n|move|p2a: Hatterene|Mystical Fire|p1a: Gothitelle\n|-damage|p1a: Gothitelle|182/272 par\n|-unboost|p1a: Gothitelle|spa|1\n|move|p1a: Gothitelle|Psychic Noise|p2a: Hatterene\n|-resisted|p2a: Hatterene\n|-damage|p2a: Hatterene|121/236\n|-start|p2a: Hatterene|move: Heal Block\n|\n|-heal|p1a: Gothitelle|199/272 par|[from] item: Leftovers\n|upkeep\n|turn|22\n|\n|t:|1781453239\n|move|p2a: Hatterene|Mystical Fire|p1a: Gothitelle\n|-damage|p1a: Gothitelle|184/272 par\n|-unboost|p1a: Gothitelle|spa|1\n|cant|p1a: Gothitelle|par\n|\n|-heal|p1a: Gothitelle|201/272 par|[from] item: Leftovers\n|-end|p2a: Hatterene|move: Heal Block\n|upkeep\n|turn|23\n|\n|t:|1781453242\n|move|p2a: Hatterene|Draining Kiss|p1a: Gothitelle\n|-damage|p1a: Gothitelle|185/272 par\n|-heal|p2a: Hatterene|133/236|[from] drain|[of] p1a: Gothitelle\n|move|p1a: Gothitelle|Calm Mind|p1a: Gothitelle\n|-boost|p1a: Gothitelle|spa|1\n|-boost|p1a: Gothitelle|spd|0\n|\n|-heal|p1a: Gothitelle|202/272 par|[from] item: Leftovers\n|upkeep\n|turn|24\n|\n|t:|1781453249\n|move|p2a: Hatterene|Draining Kiss|p1a: Gothitelle\n|-damage|p1a: Gothitelle|187/272 par\n|-heal|p2a: Hatterene|144/236|[from] drain|[of] p1a: Gothitelle\n|move|p1a: Gothitelle|Dark Pulse|p2a: Hatterene\n|-crit|p2a: Hatterene\n|-damage|p2a: Hatterene|88/236\n|\n|-heal|p1a: Gothitelle|204/272 par|[from] item: Leftovers\n|upkeep\n|turn|25\n|\n|t:|1781453268\n|move|p2a: Hatterene|Draining Kiss|p1a: Gothitelle\n|-damage|p1a: Gothitelle|189/272 par\n|-heal|p2a: Hatterene|99/236|[from] drain|[of] p1a: Gothitelle\n|move|p1a: Gothitelle|Calm Mind|p1a: Gothitelle\n|-boost|p1a: Gothitelle|spa|1\n|-boost|p1a: Gothitelle|spd|0\n|\n|-heal|p1a: Gothitelle|206/272 par|[from] item: Leftovers\n|upkeep\n|turn|26\n|\n|t:|1781453275\n|move|p2a: Hatterene|Mystical Fire|p1a: Gothitelle\n|-damage|p1a: Gothitelle|192/272 par\n|-unboost|p1a: Gothitelle|spa|1\n|move|p1a: Gothitelle|Calm Mind|p1a: Gothitelle\n|-boost|p1a: Gothitelle|spa|1\n|-boost|p1a: Gothitelle|spd|0\n|\n|-heal|p1a: Gothitelle|209/272 par|[from] item: Leftovers\n|upkeep\n|turn|27\n|\n|t:|1781453281\n|move|p2a: Hatterene|Mystical Fire|p1a: Gothitelle\n|-damage|p1a: Gothitelle|194/272 par\n|-unboost|p1a: Gothitelle|spa|1\n|cant|p1a: Gothitelle|par\n|\n|-heal|p1a: Gothitelle|211/272 par|[from] item: Leftovers\n|upkeep\n|turn|28\n|\n|t:|1781453285\n|move|p2a: Hatterene|Psychic|p1a: Gothitelle\n|-resisted|p1a: Gothitelle\n|-damage|p1a: Gothitelle|197/272 par\n|move|p1a: Gothitelle|Calm Mind|p1a: Gothitelle\n|-boost|p1a: Gothitelle|spa|1\n|-boost|p1a: Gothitelle|spd|0\n|\n|-heal|p1a: Gothitelle|214/272 par|[from] item: Leftovers\n|upkeep\n|turn|29\n|\n|t:|1781453289\n|move|p2a: Hatterene|Psychic|p1a: Gothitelle\n|-resisted|p1a: Gothitelle\n|-damage|p1a: Gothitelle|200/272 par\n|move|p1a: Gothitelle|Calm Mind|p1a: Gothitelle\n|-boost|p1a: Gothitelle|spa|1\n|-boost|p1a: Gothitelle|spd|0\n|\n|-heal|p1a: Gothitelle|217/272 par|[from] item: Leftovers\n|upkeep\n|turn|30\n|\n|t:|1781453304\n|move|p2a: Hatterene|Psychic|p1a: Gothitelle\n|-resisted|p1a: Gothitelle\n|-damage|p1a: Gothitelle|205/272 par\n|move|p1a: Gothitelle|Calm Mind|p1a: Gothitelle\n|-boost|p1a: Gothitelle|spa|1\n|-boost|p1a: Gothitelle|spd|0\n|\n|-heal|p1a: Gothitelle|222/272 par|[from] item: Leftovers\n|upkeep\n|turn|31\n|\n|t:|1781453307\n|move|p2a: Hatterene|Psychic|p1a: Gothitelle\n|-resisted|p1a: Gothitelle\n|-damage|p1a: Gothitelle|210/272 par\n|move|p1a: Gothitelle|Dark Pulse|p2a: Hatterene\n|-damage|p2a: Hatterene|0 fnt\n|faint|p2a: Hatterene\n|\n|-heal|p1a: Gothitelle|227/272 par|[from] item: Leftovers\n|upkeep\n|\n|t:|1781453312\n|switch|p2a: Mienshao|Mienshao, L83, F|244/244\n|turn|32\n|\n|t:|1781453340\n|switch|p1a: Flamigo|Flamigo, L82, F|269/269\n|move|p2a: Mienshao|Fake Out|p1a: Flamigo\n|-damage|p1a: Flamigo|228/269\n|\n|upkeep\n|turn|33\n|\n|t:|1781453357\n|switch|p2a: Scream Tail|Scream Tail, L84|330/330\n|move|p1a: Flamigo|Brave Bird|p2a: Scream Tail\n|-damage|p2a: Scream Tail|210/330\n|-damage|p1a: Flamigo|188/269|[from] Recoil\n|\n|-heal|p2a: Scream Tail|230/330|[from] item: Leftovers\n|upkeep\n|turn|34\n|inactive|fleurwitch3 has 120 seconds left.\n|\n|t:|1781453386\n|switch|p1a: Gothitelle|Gothitelle, L90, F|227/272 par\n|-end|p2a: Scream Tail|Protosynthesis|[silent]\n|switch|p2a: Mienshao|Mienshao, L83, F|244/244\n|\n|-heal|p1a: Gothitelle|244/272 par|[from] item: Leftovers\n|upkeep\n|turn|35\n|inactive|fleurwitch3 has 120 seconds left.\n|\n|t:|1781453396\n|switch|p1a: Flamigo|Flamigo, L82, F|188/269\n|move|p2a: Mienshao|Knock Off|p1a: Flamigo\n|-resisted|p1a: Flamigo\n|-crit|p1a: Flamigo\n|-damage|p1a: Flamigo|112/269\n|-enditem|p1a: Flamigo|Choice Scarf|[from] move: Knock Off|[of] p2a: Mienshao\n|\n|upkeep\n|turn|36\n|inactive|fleurwitch3 has 120 seconds left.\n|\n|t:|1781453409\n|switch|p2a: Palkia|Palkia, L75|259/259\n|-ability|p2a: Palkia|Pressure\n|move|p1a: Flamigo|Brave Bird|p2a: Palkia\n|-damage|p2a: Palkia|130/259\n|-damage|p1a: Flamigo|69/269|[from] Recoil\n|\n|upkeep\n|turn|37\n|inactive|fleurwitch3 has 120 seconds left.\n|inactive|necr0thicc has 120 seconds left.\n|\n|t:|1781453442\n|move|p2a: Palkia|Draco Meteor|p1a: Flamigo\n|-damage|p1a: Flamigo|0 fnt\n|-unboost|p2a: Palkia|spa|2\n|faint|p1a: Flamigo\n|\n|upkeep\n|\n|t:|1781453467\n|switch|p1a: Gothitelle|Gothitelle, L90, F|244/272 par\n|turn|38\n|inactive|necr0thicc has 120 seconds left.\n|inactive|necr0thicc has 90 seconds left.\n|\n|t:|1781453514\n|move|p2a: Palkia|Draco Meteor|p1a: Gothitelle\n|-damage|p1a: Gothitelle|181/272 par\n|-unboost|p2a: Palkia|spa|2\n|move|p1a: Gothitelle|Calm Mind|p1a: Gothitelle\n|-boost|p1a: Gothitelle|spa|1\n|-boost|p1a: Gothitelle|spd|1\n|\n|-heal|p1a: Gothitelle|198/272 par|[from] item: Leftovers\n|upkeep\n|turn|39\n|\n|t:|1781453526\n|move|p2a: Palkia|Draco Meteor|p1a: Gothitelle\n|-damage|p1a: Gothitelle|170/272 par\n|-unboost|p2a: Palkia|spa|2\n|move|p1a: Gothitelle|Calm Mind|p1a: Gothitelle\n|-boost|p1a: Gothitelle|spa|1\n|-boost|p1a: Gothitelle|spd|1\n|\n|-heal|p1a: Gothitelle|187/272 par|[from] item: Leftovers\n|upkeep\n|turn|40\n|inactive|necr0thicc has 90 seconds left.\n|\n|t:|1781453551\n|move|p2a: Palkia|Draco Meteor|p1a: Gothitelle\n|-damage|p1a: Gothitelle|169/272 par\n|move|p1a: Gothitelle|Psychic Noise|p2a: Palkia\n|-damage|p2a: Palkia|0 fnt\n|faint|p2a: Palkia\n|\n|-heal|p1a: Gothitelle|186/272 par|[from] item: Leftovers\n|upkeep\n|\n|t:|1781453555\n|switch|p2a: Mienshao|Mienshao, L83, F|244/244\n|turn|41\n|inactive|fleurwitch3 has 120 seconds left.\n|\n|t:|1781453573\n|move|p2a: Mienshao|Fake Out|p1a: Gothitelle\n|-damage|p1a: Gothitelle|156/272 par\n|cant|p1a: Gothitelle|flinch\n|\n|-heal|p1a: Gothitelle|173/272 par|[from] item: Leftovers\n|upkeep\n|turn|42\n|\n|t:|1781453588\n|switch|p1a: Meowscarada|Meowscarada, L78, M|247/247\n|move|p2a: Mienshao|Knock Off|p1a: Meowscarada\n|-resisted|p1a: Meowscarada\n|-damage|p1a: Meowscarada|197/247\n|-enditem|p1a: Meowscarada|Life Orb|[from] move: Knock Off|[of] p2a: Mienshao\n|\n|upkeep\n|turn|43\n|\n|t:|1781453606\n|move|p1a: Meowscarada|Flower Trick|p2a: Mienshao\n|-start|p1a: Meowscarada|typechange|Grass|[from] ability: Protean\n|-crit|p2a: Mienshao\n|-damage|p2a: Mienshao|109/244\n|move|p2a: Mienshao|U-turn|p1a: Meowscarada\n|-supereffective|p1a: Meowscarada\n|-damage|p1a: Meowscarada|45/247\n|\n|t:|1781453615\n|switch|p2a: Dialga|Dialga-Origin, L73|266/266|[from] U-turn\n|-ability|p2a: Dialga|Pressure\n|\n|upkeep\n|turn|44\n|\n|t:|1781453626\n|move|p1a: Meowscarada|Triple Axel|p2a: Dialga\n|-damage|p2a: Dialga|253/266\n|-damage|p2a: Dialga|228/266\n|-hitcount|p2a: Dialga|2\n|move|p2a: Dialga|Dragon Tail|p1a: Meowscarada\n|-damage|p1a: Meowscarada|0 fnt\n|faint|p1a: Meowscarada\n|\n|upkeep\n|\n|t:|1781453646\n|switch|p1a: Mesprit|Mesprit, L85|275/275\n|turn|45\n|\n|t:|1781453653\n|move|p1a: Mesprit|Drain Punch|p2a: Dialga\n|-supereffective|p2a: Dialga\n|-damage|p2a: Dialga|126/266\n|move|p2a: Dialga|Draco Meteor|p1a: Mesprit\n|-damage|p1a: Mesprit|172/275\n|-unboost|p2a: Dialga|spa|2\n|\n|upkeep\n|turn|46\n|\n|t:|1781453660\n|switch|p2a: Scream Tail|Scream Tail, L84|230/330\n|move|p1a: Mesprit|Drain Punch|p2a: Scream Tail\n|-resisted|p2a: Scream Tail\n|-damage|p2a: Scream Tail|218/330\n|-heal|p1a: Mesprit|178/275|[from] drain|[of] p2a: Scream Tail\n|\n|-heal|p2a: Scream Tail|238/330|[from] item: Leftovers\n|upkeep\n|turn|47\n|inactive|fleurwitch3 has 120 seconds left.\n|\n|t:|1781453677\n|move|p2a: Scream Tail|Wish|p2a: Scream Tail\n|move|p1a: Mesprit|Psychic Noise|p2a: Scream Tail\n|-resisted|p2a: Scream Tail\n|-damage|p2a: Scream Tail|205/330\n|-start|p2a: Scream Tail|move: Heal Block\n|\n|upkeep\n|turn|48\n|inactive|fleurwitch3 has 120 seconds left.\n|\n|t:|1781453689\n|-end|p2a: Scream Tail|Protosynthesis|[silent]\n|switch|p2a: Dialga|Dialga-Origin, L73|126/266\n|-ability|p2a: Dialga|Pressure\n|move|p1a: Mesprit|U-turn|p2a: Dialga\n|-resisted|p2a: Dialga\n|-damage|p2a: Dialga|103/266\n|\n|t:|1781453710\n|switch|p1a: Garganacl|Garganacl, L80, M|291/291|[from] U-turn\n|\n|-heal|p2a: Dialga|266/266|[from] move: Wish|[wisher] Scream Tail\n|upkeep\n|turn|49\n|\n|t:|1781453722\n|switch|p1a: Mesprit|Mesprit, L85|178/275\n|move|p2a: Dialga|Flash Cannon|p1a: Mesprit\n|-damage|p1a: Mesprit|111/275\n|\n|upkeep\n|turn|50\n|\n|t:|1781453731\n|switch|p2a: Scream Tail|Scream Tail, L84|205/330\n|move|p1a: Mesprit|Drain Punch|p2a: Scream Tail\n|-resisted|p2a: Scream Tail\n|-damage|p2a: Scream Tail|192/330\n|-heal|p1a: Mesprit|118/275|[from] drain|[of] p2a: Scream Tail\n|\n|-heal|p2a: Scream Tail|212/330|[from] item: Leftovers\n|upkeep\n|turn|51\n|\n|t:|1781453739\n|-end|p2a: Scream Tail|Protosynthesis|[silent]\n|switch|p2a: Dialga|Dialga-Origin, L73|266/266\n|-ability|p2a: Dialga|Pressure\n|switch|p1a: Gothitelle|Gothitelle, L90, F|173/272 par\n|\n|-heal|p1a: Gothitelle|190/272 par|[from] item: Leftovers\n|upkeep\n|turn|52\n|\n|t:|1781453752\n|move|p1a: Gothitelle|Focus Blast|p2a: Dialga|[miss]\n|-miss|p1a: Gothitelle|p2a: Dialga\n|move|p2a: Dialga|Dragon Tail|p1a: Gothitelle\n|-crit|p1a: Gothitelle\n|-damage|p1a: Gothitelle|117/272 par\n|drag|p1a: Baxcalibur|Baxcalibur, L75, M|296/296\n|\n|upkeep\n|turn|53\n|inactive|fleurwitch3 has 90 seconds left.\n|inactive|necr0thicc has 120 seconds left.\n|\n|t:|1781453802\n|switch|p2a: Scream Tail|Scream Tail, L84|212/330\n|move|p1a: Baxcalibur|Earthquake|p2a: Scream Tail\n|-damage|p2a: Scream Tail|144/330\n|\n|-heal|p2a: Scream Tail|164/330|[from] item: Leftovers\n|upkeep\n|turn|54\n|inactive|necr0thicc has 120 seconds left.\n|\n|t:|1781453814\n|switch|p1a: Gothitelle|Gothitelle, L90, F|117/272 par\n|move|p2a: Scream Tail|Wish|p2a: Scream Tail\n|\n|-heal|p2a: Scream Tail|184/330|[from] item: Leftovers\n|-heal|p1a: Gothitelle|134/272 par|[from] item: Leftovers\n|upkeep\n|turn|55\n|\n|t:|1781453822\n|move|p2a: Scream Tail|Dazzling Gleam|p1a: Gothitelle\n|-damage|p1a: Gothitelle|82/272 par\n|move|p1a: Gothitelle|Calm Mind|p1a: Gothitelle\n|-boost|p1a: Gothitelle|spa|1\n|-boost|p1a: Gothitelle|spd|1\n|\n|-heal|p2a: Scream Tail|330/330|[from] move: Wish|[wisher] Scream Tail\n|-heal|p1a: Gothitelle|99/272 par|[from] item: Leftovers\n|upkeep\n|turn|56\n|\n|t:|1781453830\n|move|p2a: Scream Tail|Dazzling Gleam|p1a: Gothitelle\n|-damage|p1a: Gothitelle|66/272 par\n|cant|p1a: Gothitelle|par\n|\n|-heal|p1a: Gothitelle|83/272 par|[from] item: Leftovers\n|upkeep\n|turn|57\n|inactive|fleurwitch3 has 90 seconds left.\n|\n|t:|1781453837\n|move|p2a: Scream Tail|Dazzling Gleam|p1a: Gothitelle\n|-damage|p1a: Gothitelle|50/272 par\n|move|p1a: Gothitelle|Calm Mind|p1a: Gothitelle\n|-boost|p1a: Gothitelle|spa|1\n|-boost|p1a: Gothitelle|spd|1\n|\n|-heal|p1a: Gothitelle|67/272 par|[from] item: Leftovers\n|upkeep\n|turn|58\n|\n|t:|1781453842\n|move|p2a: Scream Tail|Dazzling Gleam|p1a: Gothitelle\n|-damage|p1a: Gothitelle|42/272 par\n|move|p1a: Gothitelle|Dark Pulse|p2a: Scream Tail\n|-damage|p2a: Scream Tail|223/330\n|\n|-heal|p2a: Scream Tail|243/330|[from] item: Leftovers\n|-heal|p1a: Gothitelle|59/272 par|[from] item: Leftovers\n|upkeep\n|turn|59\n|inactive|fleurwitch3 has 90 seconds left.\n|\n|t:|1781453861\n|move|p2a: Scream Tail|Dazzling Gleam|p1a: Gothitelle\n|-damage|p1a: Gothitelle|31/272 par\n|cant|p1a: Gothitelle|par\n|\n|-heal|p2a: Scream Tail|263/330|[from] item: Leftovers\n|-heal|p1a: Gothitelle|48/272 par|[from] item: Leftovers\n|upkeep\n|turn|60\n|\n|t:|1781453889\n|move|p2a: Scream Tail|Dazzling Gleam|p1a: Gothitelle\n|-damage|p1a: Gothitelle|24/272 par\n|move|p1a: Gothitelle|Calm Mind|p1a: Gothitelle\n|-boost|p1a: Gothitelle|spa|1\n|-boost|p1a: Gothitelle|spd|1\n|\n|-heal|p2a: Scream Tail|283/330|[from] item: Leftovers\n|-heal|p1a: Gothitelle|41/272 par|[from] item: Leftovers\n|upkeep\n|turn|61\n|\n|t:|1781453896\n|move|p2a: Scream Tail|Dazzling Gleam|p1a: Gothitelle\n|-damage|p1a: Gothitelle|22/272 par\n|cant|p1a: Gothitelle|par\n|\n|-heal|p2a: Scream Tail|303/330|[from] item: Leftovers\n|-heal|p1a: Gothitelle|39/272 par|[from] item: Leftovers\n|upkeep\n|turn|62\n|\n|t:|1781453905\n|move|p2a: Scream Tail|Dazzling Gleam|p1a: Gothitelle\n|-damage|p1a: Gothitelle|17/272 par\n|move|p1a: Gothitelle|Calm Mind|p1a: Gothitelle\n|-boost|p1a: Gothitelle|spa|1\n|-boost|p1a: Gothitelle|spd|1\n|\n|-heal|p2a: Scream Tail|323/330|[from] item: Leftovers\n|-heal|p1a: Gothitelle|34/272 par|[from] item: Leftovers\n|upkeep\n|turn|63\n|\n|t:|1781453915\n|move|p2a: Scream Tail|Dazzling Gleam|p1a: Gothitelle\n|-damage|p1a: Gothitelle|18/272 par\n|move|p1a: Gothitelle|Dark Pulse|p2a: Scream Tail\n|-damage|p2a: Scream Tail|157/330\n|\n|-heal|p2a: Scream Tail|177/330|[from] item: Leftovers\n|-heal|p1a: Gothitelle|35/272 par|[from] item: Leftovers\n|upkeep\n|turn|64\n|\n|t:|1781453940\n|move|p2a: Scream Tail|Dazzling Gleam|p1a: Gothitelle\n|-damage|p1a: Gothitelle|17/272 par\n|move|p1a: Gothitelle|Psychic Noise|p2a: Scream Tail\n|-resisted|p2a: Scream Tail\n|-damage|p2a: Scream Tail|68/330\n|-start|p2a: Scream Tail|move: Heal Block\n|\n|-heal|p1a: Gothitelle|34/272 par|[from] item: Leftovers\n|upkeep\n|turn|65\n|\n|t:|1781453950\n|move|p2a: Scream Tail|Dazzling Gleam|p1a: Gothitelle\n|-damage|p1a: Gothitelle|16/272 par\n|move|p1a: Gothitelle|Dark Pulse|p2a: Scream Tail\n|-damage|p2a: Scream Tail|0 fnt\n|faint|p2a: Scream Tail\n|-end|p2a: Scream Tail|Protosynthesis|[silent]\n|\n|-heal|p1a: Gothitelle|33/272 par|[from] item: Leftovers\n|upkeep\n|inactive|necr0thicc has 120 seconds left.\n|\n|t:|1781453998\n|switch|p2a: Dialga|Dialga-Origin, L73|266/266\n|-ability|p2a: Dialga|Pressure\n|turn|66\n|inactive|fleurwitch3 has 120 seconds left.\n|\n|t:|1781454009\n|move|p2a: Dialga|Draco Meteor|p1a: Gothitelle|[miss]\n|-miss|p2a: Dialga|p1a: Gothitelle\n|cant|p1a: Gothitelle|par\n|\n|-heal|p1a: Gothitelle|50/272 par|[from] item: Leftovers\n|upkeep\n|turn|67\n|\n|t:|1781454030\n|move|p1a: Gothitelle|Dark Pulse|p2a: Dialga\n|-damage|p2a: Dialga|85/266\n|move|p2a: Dialga|Dragon Tail|p1a: Gothitelle\n|-damage|p1a: Gothitelle|0 fnt\n|faint|p1a: Gothitelle\n|\n|upkeep\n|inactive|fleurwitch3 has 120 seconds left.\n|\n|t:|1781454042\n|switch|p1a: Mesprit|Mesprit, L85|118/275\n|turn|68\n|\n|t:|1781454059\n|move|p1a: Mesprit|Drain Punch|p2a: Dialga\n|-supereffective|p2a: Dialga\n|-damage|p2a: Dialga|0 fnt\n|-heal|p1a: Mesprit|161/275|[from] drain|[of] p2a: Dialga\n|faint|p2a: Dialga\n|\n|upkeep\n|\n|t:|1781454060\n|switch|p2a: Mienshao|Mienshao, L83, F|190/244\n|turn|69\n|\n|t:|1781454069\n|-terastallize|p1a: Mesprit|Fighting\n|move|p2a: Mienshao|Fake Out|p1a: Mesprit\n|-damage|p1a: Mesprit|131/275\n|cant|p1a: Mesprit|flinch\n|\n|upkeep\n|turn|70\n|inactive|necr0thicc has 90 seconds left.\n|inactive|necr0thicc has 60 seconds left.\n|\n|t:|1781454136\n|-terastallize|p2a: Mienshao|Steel\n|move|p2a: Mienshao|Knock Off|p1a: Mesprit\n|-resisted|p1a: Mesprit\n|-damage|p1a: Mesprit|97/275\n|-enditem|p1a: Mesprit|Assault Vest|[from] move: Knock Off|[of] p2a: Mienshao\n|move|p1a: Mesprit|Psychic Noise|p2a: Mienshao\n|-resisted|p2a: Mienshao\n|-damage|p2a: Mienshao|151/244\n|-start|p2a: Mienshao|move: Heal Block\n|\n|upkeep\n|turn|71\n|inactive|necr0thicc has 60 seconds left.\n|\n|t:|1781454146\n|move|p2a: Mienshao|U-turn|p1a: Mesprit\n|-resisted|p1a: Mesprit\n|-damage|p1a: Mesprit|72/275\n|\n|t:|1781454148\n|switch|p2a: Emboar|Emboar, L84, F|322/322|[from] U-turn\n|move|p1a: Mesprit|Drain Punch|p2a: Emboar\n|-damage|p2a: Emboar|214/322\n|-heal|p1a: Mesprit|126/275|[from] drain|[of] p2a: Emboar\n|\n|-heal|p2a: Emboar|234/322|[from] item: Leftovers\n|upkeep\n|turn|72\n|\n|t:|1781454160\n|move|p1a: Mesprit|Psychic Noise|p2a: Emboar\n|-supereffective|p2a: Emboar\n|-damage|p2a: Emboar|0 fnt\n|faint|p2a: Emboar\n|\n|upkeep\n|inactive|necr0thicc has 60 seconds left.\n|\n|t:|1781454205\n|switch|p2a: Mienshao|Mienshao, L83, F, tera:Steel|232/244\n|turn|73\n|\n|t:|1781454217\n|move|p2a: Mienshao|Fake Out|p1a: Mesprit\n|-damage|p1a: Mesprit|95/275\n|cant|p1a: Mesprit|flinch\n|\n|upkeep\n|turn|74\n|inactive|necr0thicc has 30 seconds left.\n|\n|t:|1781454251\n|move|p2a: Mienshao|Close Combat|p1a: Mesprit\n|-damage|p1a: Mesprit|0 fnt\n|-unboost|p2a: Mienshao|def|1\n|-unboost|p2a: Mienshao|spd|1\n|faint|p1a: Mesprit\n|\n|upkeep\n|\n|t:|1781454268\n|switch|p1a: Baxcalibur|Baxcalibur, L75, M|296/296\n|turn|75\n|\n|t:|1781454275\n|move|p2a: Mienshao|Close Combat|p1a: Baxcalibur\n|-supereffective|p1a: Baxcalibur\n|-damage|p1a: Baxcalibur|0 fnt\n|-unboost|p2a: Mienshao|def|1\n|-unboost|p2a: Mienshao|spd|1\n|faint|p1a: Baxcalibur\n|\n|upkeep\n|\n|t:|1781454280\n|switch|p1a: Garganacl|Garganacl, L80, M|291/291\n|turn|76\n|\n|t:|1781454288\n|move|p2a: Mienshao|Knock Off|p1a: Garganacl\n|-damage|p1a: Garganacl|229/291\n|-enditem|p1a: Garganacl|Leftovers|[from] move: Knock Off|[of] p2a: Mienshao\n|move|p1a: Garganacl|Body Press|p2a: Mienshao\n|-supereffective|p2a: Mienshao\n|-damage|p2a: Mienshao|0 fnt\n|faint|p2a: Mienshao\n|\n|win|fleurwitch3\n|raw|fleurwitch3's rating: 1375 &rarr; <strong>1395</strong><br />(+20 for winning)\n|raw|necr0thicc's rating: 1373 &rarr; <strong>1353</strong><br />(-20 for losing)\n|l|\u2606necr0thicc\n|player|p2|\n", "uploadtime": 1781454320, "views": 9, "formatid": "gen9randombattle", "rating": 1353, "private": 0, "password": null}