{"id": "gen9randombattle-2631904872", "format": "[Gen 9] Random Battle", "players": ["lazatron", "Magikarpitalism"], "log": "|j|\u2606lazatron\n|j|\u2606Magikarpitalism\n|t:|1781454077\n|gametype|singles\n|player|p1|lazatron|101|2143\n|player|p2|Magikarpitalism|steven|2183\n|gen|9\n|tier|[Gen 9] Random Battle\n|rated|\n|rule|Species Clause: Limit one of each Pok\u00e9mon\n|rule|HP Percentage Mod: HP is shown in percentages\n|rule|Sleep Clause Mod: Limit one foe put to sleep\n|rule|Illusion Level Mod: Illusion disguises the Pok\u00e9mon's true level\n|\n|t:|1781454077\n|teamsize|p1|6\n|teamsize|p2|6\n|start\n|switch|p1a: Mightyena|Mightyena, L96, F|290/290\n|switch|p2a: Torkoal|Torkoal, L88, M|266/266\n|-ability|p1a: Mightyena|Intimidate|boost\n|-unboost|p2a: Torkoal|atk|1\n|-weather|SunnyDay|[from] ability: Drought|[of] p2a: Torkoal\n|turn|1\n|\n|t:|1781454086\n|move|p1a: Mightyena|Super Fang|p2a: Torkoal\n|-damage|p2a: Torkoal|133/266\n|move|p2a: Torkoal|Stealth Rock|p1a: Mightyena\n|-sidestart|p1: lazatron|move: Stealth Rock\n|\n|-weather|SunnyDay|[upkeep]\n|upkeep\n|turn|2\n|\n|t:|1781454091\n|move|p1a: Mightyena|Throat Chop|p2a: Torkoal\n|-damage|p2a: Torkoal|61/266\n|-start|p2a: Torkoal|Throat Chop|[silent]\n|move|p2a: Torkoal|Lava Plume|p1a: Mightyena\n|-damage|p1a: Mightyena|196/290\n|\n|-weather|SunnyDay|[upkeep]\n|upkeep\n|turn|3\n|\n|t:|1781454111\n|switch|p2a: Ursaring|Ursaring, L84, M|288/288\n|move|p1a: Mightyena|Throat Chop|p2a: Ursaring\n|-damage|p2a: Ursaring|170/288\n|-start|p2a: Ursaring|Throat Chop|[silent]\n|\n|-weather|SunnyDay|[upkeep]\n|-status|p2a: Ursaring|tox|[from] item: Toxic Orb\n|upkeep\n|turn|4\n|\n|t:|1781454129\n|move|p2a: Ursaring|Facade|p1a: Mightyena\n|-damage|p1a: Mightyena|0 fnt\n|faint|p1a: Mightyena\n|\n|-weather|SunnyDay|[upkeep]\n|-damage|p2a: Ursaring|152/288 tox|[from] psn\n|-end|p2a: Ursaring|Throat Chop|[silent]\n|upkeep\n|\n|t:|1781454132\n|switch|p1a: Klawf|Klawf, L90, F|272/272\n|-damage|p1a: Klawf|238/272|[from] Stealth Rock\n|turn|5\n|inactive|Battle timer is ON: inactive players will automatically lose when time's up. (requested by lazatron)\n|\n|t:|1781454189\n|switch|p2a: Suicune|Suicune, L82|298/298\n|-ability|p2a: Suicune|Pressure\n|move|p1a: Klawf|Knock Off|p2a: Suicune\n|-damage|p2a: Suicune|233/298\n|-enditem|p2a: Suicune|Leftovers|[from] move: Knock Off|[of] p1a: Klawf\n|\n|-weather|none\n|upkeep\n|turn|6\n|\n|t:|1781454195\n|switch|p1a: Leavanny|Leavanny, L86, M|269/269\n|move|p2a: Suicune|Calm Mind|p2a: Suicune\n|-boost|p2a: Suicune|spa|1\n|-boost|p2a: Suicune|spd|1\n|\n|upkeep\n|turn|7\n|\n|t:|1781454200\n|switch|p2a: Hatterene|Hatterene, L85, F|236/236\n|move|p1a: Leavanny|Sticky Web|p2a: Hatterene\n|move|p2a: Hatterene|Sticky Web|p1a: Leavanny|[from] ability: Magic Bounce\n|-sidestart|p1: lazatron|move: Sticky Web\n|\n|upkeep\n|turn|8\n|\n|t:|1781454218\n|switch|p1a: Grafaiai|Grafaiai, L86, M|249/249\n|move|p2a: Hatterene|Mystical Fire|p1a: Grafaiai\n|-damage|p1a: Grafaiai|173/249\n|-unboost|p1a: Grafaiai|spa|1\n|\n|upkeep\n|turn|9\n|\n|t:|1781454223\n|switch|p2a: Torkoal|Torkoal, L88, M|61/266\n|-weather|SunnyDay|[from] ability: Drought|[of] p2a: Torkoal\n|move|p1a: Grafaiai|Gunk Shot|p2a: Torkoal\n|-damage|p2a: Torkoal|0 fnt\n|faint|p2a: Torkoal\n|\n|-weather|SunnyDay|[upkeep]\n|upkeep\n|\n|t:|1781454226\n|switch|p2a: Ursaring|Ursaring, L84, M|152/288 tox\n|turn|10\n|\n|t:|1781454235\n|move|p1a: Grafaiai|Parting Shot|p2a: Ursaring\n|-unboost|p2a: Ursaring|atk|1\n|-unboost|p2a: Ursaring|spa|1\n|\n|t:|1781454240\n|switch|p1a: Luvdisc|Luvdisc, M|247/247|[from] Parting Shot\n|move|p2a: Ursaring|Facade|p1a: Luvdisc\n|-damage|p1a: Luvdisc|88/247\n|\n|-weather|SunnyDay|[upkeep]\n|-damage|p2a: Ursaring|134/288 tox|[from] psn\n|upkeep\n|turn|11\n|\n|t:|1781454248\n|switch|p2a: Meowstic|Meowstic-F, L89, F|277/277\n|move|p1a: Luvdisc|Substitute|p1a: Luvdisc\n|-start|p1a: Luvdisc|Substitute\n|-damage|p1a: Luvdisc|27/247\n|\n|-weather|SunnyDay|[upkeep]\n|upkeep\n|turn|12\n|\n|t:|1781454259\n|move|p1a: Luvdisc|Endeavor|p2a: Meowstic\n|-damage|p2a: Meowstic|27/277\n|move|p2a: Meowstic|Thunderbolt|p1a: Luvdisc\n|-supereffective|p1a: Luvdisc\n|-end|p1a: Luvdisc|Substitute\n|-damage|p2a: Meowstic|0 fnt|[from] item: Life Orb\n|faint|p2a: Meowstic\n|\n|-weather|SunnyDay|[upkeep]\n|upkeep\n|\n|t:|1781454267\n|switch|p2a: Dewgong|Dewgong, L94, F|322/322\n|turn|13\n|\n|t:|1781454271\n|move|p1a: Luvdisc|Endeavor|p2a: Dewgong\n|-damage|p2a: Dewgong|27/322\n|move|p2a: Dewgong|Flip Turn|p1a: Luvdisc\n|-resisted|p1a: Luvdisc\n|-damage|p1a: Luvdisc|9/247\n|\n|t:|1781454280\n|switch|p2a: Suicune|Suicune, L82|233/298|[from] Flip Turn\n|-ability|p2a: Suicune|Pressure\n|\n|-weather|none\n|upkeep\n|turn|14\n|\n|t:|1781454285\n|move|p1a: Luvdisc|Endeavor|p2a: Suicune\n|-damage|p2a: Suicune|9/298\n|move|p2a: Suicune|Scald|p1a: Luvdisc\n|-resisted|p1a: Luvdisc\n|-damage|p1a: Luvdisc|0 fnt\n|faint|p1a: Luvdisc\n|\n|upkeep\n|\n|t:|1781454297\n|switch|p1a: Grafaiai|Grafaiai, L86, M|173/249\n|turn|15\n|\n|t:|1781454313\n|move|p1a: Grafaiai|Knock Off|p2a: Suicune\n|-damage|p2a: Suicune|0 fnt\n|faint|p2a: Suicune\n|\n|upkeep\n|\n|t:|1781454318\n|switch|p2a: Hatterene|Hatterene, L85, F|236/236\n|turn|16\n|c|\u2606lazatron|Love doing this\n|\n|t:|1781454330\n|-terastallize|p2a: Hatterene|Steel\n|move|p1a: Grafaiai|Parting Shot|p2a: Hatterene\n|move|p2a: Hatterene|Parting Shot|p1a: Grafaiai|[from] ability: Magic Bounce\n|-unboost|p1a: Grafaiai|atk|1\n|-unboost|p1a: Grafaiai|spa|1\n|\n|t:|1781454335\n|switch|p2a: Ursaring|Ursaring, L84, M|134/288 tox|[from] Parting Shot\n|\n|-damage|p2a: Ursaring|116/288 tox|[from] psn\n|upkeep\n|turn|17\n|c|\u2606lazatron|Byee\n|inactive|lazatron has 120 seconds left.\n|\n|t:|1781454370\n|move|p1a: Grafaiai|Parting Shot|p2a: Ursaring\n|-unboost|p2a: Ursaring|atk|1\n|-unboost|p2a: Ursaring|spa|1\n|\n|t:|1781454371\n|switch|p1a: Klawf|Klawf, L90, F|238/272|[from] Parting Shot\n|-damage|p1a: Klawf|204/272|[from] Stealth Rock\n|-activate|p1a: Klawf|move: Sticky Web\n|-unboost|p1a: Klawf|spe|1\n|move|p2a: Ursaring|Facade|p1a: Klawf\n|-resisted|p1a: Klawf\n|-damage|p1a: Klawf|155/272\n|\n|-damage|p2a: Ursaring|80/288 tox|[from] psn\n|upkeep\n|turn|18\n|\n|t:|1781454377\n|move|p2a: Ursaring|Close Combat|p1a: Klawf\n|-supereffective|p1a: Klawf\n|-damage|p1a: Klawf|41/272\n|-unboost|p2a: Ursaring|def|1\n|-unboost|p2a: Ursaring|spd|1\n|-ability|p1a: Klawf|Anger Shell|boost\n|-boost|p1a: Klawf|atk|1\n|-boost|p1a: Klawf|spa|1\n|-boost|p1a: Klawf|spe|1\n|-unboost|p1a: Klawf|def|1\n|-unboost|p1a: Klawf|spd|1\n|move|p1a: Klawf|Knock Off|p2a: Ursaring\n|-crit|p2a: Ursaring\n|-damage|p2a: Ursaring|0 fnt\n|-enditem|p2a: Ursaring|Toxic Orb|[from] move: Knock Off|[of] p1a: Klawf\n|faint|p2a: Ursaring\n|\n|upkeep\n|\n|t:|1781454390\n|switch|p2a: Hatterene|Hatterene, L85, F, tera:Steel|236/236\n|turn|19\n|\n|t:|1781454394\n|move|p1a: Klawf|Knock Off|p2a: Hatterene\n|-damage|p2a: Hatterene|122/236\n|-enditem|p2a: Hatterene|Assault Vest|[from] move: Knock Off|[of] p1a: Klawf\n|move|p2a: Hatterene|Draining Kiss|p1a: Klawf\n|-damage|p1a: Klawf|0 fnt\n|-heal|p2a: Hatterene|153/236|[from] drain|[of] p1a: Klawf\n|faint|p1a: Klawf\n|\n|upkeep\n|\n|t:|1781454405\n|switch|p1a: Grafaiai|Grafaiai, L86, M|173/249\n|turn|20\n|\n|t:|1781454409\n|move|p1a: Grafaiai|Parting Shot|p2a: Hatterene\n|move|p2a: Hatterene|Parting Shot|p1a: Grafaiai|[from] ability: Magic Bounce\n|-unboost|p1a: Grafaiai|atk|1\n|-unboost|p1a: Grafaiai|spa|1\n|\n|t:|1781454411\n|switch|p2a: Dewgong|Dewgong, L94, F|27/322|[from] Parting Shot\n|\n|upkeep\n|turn|21\n|\n|t:|1781454416\n|move|p1a: Grafaiai|Knock Off|p2a: Dewgong\n|-damage|p2a: Dewgong|0 fnt\n|-enditem|p2a: Dewgong|Assault Vest|[from] move: Knock Off|[of] p1a: Grafaiai\n|faint|p2a: Dewgong\n|\n|upkeep\n|\n|t:|1781454418\n|switch|p2a: Hatterene|Hatterene, L85, F, tera:Steel|153/236\n|turn|22\n|\n|t:|1781454423\n|move|p1a: Grafaiai|Knock Off|p2a: Hatterene\n|-damage|p2a: Hatterene|122/236\n|move|p2a: Hatterene|Nuzzle|p1a: Grafaiai\n|-damage|p1a: Grafaiai|154/249\n|-status|p1a: Grafaiai|par\n|\n|upkeep\n|turn|23\n|\n|t:|1781454428\n|move|p1a: Grafaiai|Encore|p2a: Hatterene\n|move|p2a: Hatterene|Encore||[from] ability: Magic Bounce|[still]\n|-fail|p2a: Hatterene\n|move|p2a: Hatterene|Draining Kiss|p1a: Grafaiai\n|-resisted|p1a: Grafaiai\n|-damage|p1a: Grafaiai|112/249 par\n|-heal|p2a: Hatterene|154/236|[from] drain|[of] p1a: Grafaiai\n|\n|upkeep\n|turn|24\n|\n|t:|1781454431\n|cant|p1a: Grafaiai|par\n|move|p2a: Hatterene|Draining Kiss|p1a: Grafaiai\n|-resisted|p1a: Grafaiai\n|-damage|p1a: Grafaiai|69/249 par\n|-heal|p2a: Hatterene|186/236|[from] drain|[of] p1a: Grafaiai\n|\n|upkeep\n|turn|25\n|\n|t:|1781454435\n|move|p1a: Grafaiai|Knock Off|p2a: Hatterene\n|-damage|p2a: Hatterene|156/236\n|move|p2a: Hatterene|Draining Kiss|p1a: Grafaiai\n|-resisted|p1a: Grafaiai\n|-damage|p1a: Grafaiai|27/249 par\n|-heal|p2a: Hatterene|188/236|[from] drain|[of] p1a: Grafaiai\n|\n|upkeep\n|turn|26\n|\n|t:|1781454437\n|move|p1a: Grafaiai|Knock Off|p2a: Hatterene\n|-damage|p2a: Hatterene|156/236\n|move|p2a: Hatterene|Draining Kiss|p1a: Grafaiai\n|-resisted|p1a: Grafaiai\n|-damage|p1a: Grafaiai|0 fnt\n|-heal|p2a: Hatterene|176/236|[from] drain|[of] p1a: Grafaiai\n|faint|p1a: Grafaiai\n|\n|upkeep\n|\n|t:|1781454446\n|switch|p1a: Dudunsparce|Dudunsparce, L83, M|343/343\n|-damage|p1a: Dudunsparce|301/343|[from] Stealth Rock\n|-activate|p1a: Dudunsparce|move: Sticky Web\n|-unboost|p1a: Dudunsparce|spe|1\n|turn|27\n|\n|t:|1781454450\n|move|p2a: Hatterene|Nuzzle|p1a: Dudunsparce\n|-damage|p1a: Dudunsparce|286/343\n|-status|p1a: Dudunsparce|par\n|move|p1a: Dudunsparce|Earthquake|p2a: Hatterene\n|-supereffective|p2a: Hatterene\n|-damage|p2a: Hatterene|40/236\n|\n|-heal|p1a: Dudunsparce|307/343 par|[from] item: Leftovers\n|upkeep\n|turn|28\n|\n|t:|1781454456\n|move|p2a: Hatterene|Draining Kiss|p1a: Dudunsparce\n|-damage|p1a: Dudunsparce|223/343 par\n|-heal|p2a: Hatterene|103/236|[from] drain|[of] p1a: Dudunsparce\n|move|p1a: Dudunsparce|Earthquake|p2a: Hatterene\n|-supereffective|p2a: Hatterene\n|-damage|p2a: Hatterene|0 fnt\n|faint|p2a: Hatterene\n|\n|win|lazatron\n", "uploadtime": 1781454079, "views": 3, "formatid": "gen9randombattle", "rating": null, "private": 0, "password": null}