{"id": "gen9randombattle-2631429970", "format": "[Gen 9] Random Battle", "players": ["NickPlayeZ", "poopoocowmoo"], "log": "|j|\u2606NickPlayeZ\n|j|\u2606poopoocowmoo\n|t:|1781383661\n|gametype|singles\n|player|p1|NickPlayeZ|emmet|2156\n|player|p2|poopoocowmoo|dragontamer|2115\n|gen|9\n|tier|[Gen 9] Random Battle\n|rated|\n|rule|Species Clause: Limit one of each Pok\u00e9mon\n|rule|HP Percentage Mod: HP is shown in percentages\n|rule|Sleep Clause Mod: Limit one foe put to sleep\n|rule|Illusion Level Mod: Illusion disguises the Pok\u00e9mon's true level\n|\n|t:|1781383661\n|teamsize|p1|6\n|teamsize|p2|6\n|start\n|switch|p1a: Lumineon|Lumineon, L93, M|279/279\n|switch|p2a: Ogerpon|Ogerpon-Hearthflame, L74, F|239/239\n|-ability|p2a: Ogerpon|Mold Breaker\n|turn|1\n|inactive|Battle timer is ON: inactive players will automatically lose when time's up. (requested by NickPlayeZ)\n|\n|t:|1781383680\n|move|p1a: Lumineon|U-turn|p2a: Ogerpon\n|-damage|p2a: Ogerpon|188/239\n|\n|t:|1781383685\n|switch|p1a: Oinkologne|Oinkologne, L92, M|352/352|[from] U-turn\n|move|p2a: Ogerpon|Knock Off|p1a: Oinkologne\n|-damage|p1a: Oinkologne|279/352\n|-enditem|p1a: Oinkologne|Leftovers|[from] move: Knock Off|[of] p2a: Ogerpon\n|\n|upkeep\n|turn|2\n|\n|t:|1781383710\n|move|p2a: Ogerpon|Horn Leech|p1a: Oinkologne\n|-damage|p1a: Oinkologne|189/352\n|-heal|p2a: Ogerpon|233/239|[from] drain|[of] p1a: Oinkologne\n|move|p1a: Oinkologne|Double-Edge|p2a: Ogerpon\n|-damage|p2a: Ogerpon|55/239\n|-damage|p1a: Oinkologne|130/352|[from] Recoil\n|\n|upkeep\n|turn|3\n|inactive|poopoocowmoo has 120 seconds left.\n|\n|t:|1781383727\n|move|p2a: Ogerpon|Horn Leech|p1a: Oinkologne\n|-damage|p1a: Oinkologne|39/352\n|-heal|p2a: Ogerpon|101/239|[from] drain|[of] p1a: Oinkologne\n|move|p1a: Oinkologne|Double-Edge|p2a: Ogerpon\n|-crit|p2a: Ogerpon\n|-damage|p2a: Ogerpon|0 fnt\n|faint|p2a: Ogerpon\n|-damage|p1a: Oinkologne|6/352|[from] Recoil\n|\n|upkeep\n|inactive|poopoocowmoo has 120 seconds left.\n|\n|t:|1781383747\n|switch|p2a: Vigoroth|Vigoroth, L85, M|275/275\n|turn|4\n|inactive|NickPlayeZ has 120 seconds left.\n|\n|t:|1781383780\n|move|p2a: Vigoroth|Body Slam|p1a: Oinkologne\n|-damage|p1a: Oinkologne|0 fnt\n|faint|p1a: Oinkologne\n|\n|upkeep\n|inactive|NickPlayeZ has 120 seconds left.\n|\n|t:|1781383794\n|switch|p1a: Hippowdon|Hippowdon, L82, M|311/311\n|-weather|Sandstorm|[from] ability: Sand Stream|[of] p1a: Hippowdon\n|turn|5\n|inactive|poopoocowmoo has 120 seconds left.\n|\n|t:|1781383812\n|switch|p2a: Whiscash|Whiscash, L88, M|337/337\n|move|p1a: Hippowdon|Stealth Rock|p2a: Whiscash\n|-sidestart|p2: poopoocowmoo|move: Stealth Rock\n|\n|-weather|Sandstorm|[upkeep]\n|upkeep\n|turn|6\n|\n|t:|1781383826\n|switch|p1a: Illumise|Illumise, L91, F|266/266\n|move|p2a: Whiscash|Spikes|p1a: Illumise\n|-sidestart|p1: NickPlayeZ|Spikes\n|\n|-weather|Sandstorm|[upkeep]\n|-damage|p1a: Illumise|250/266|[from] Sandstorm\n|upkeep\n|turn|7\n|inactive|poopoocowmoo has 120 seconds left.\n|\n|t:|1781383852\n|move|p1a: Illumise|Bug Buzz|p2a: Whiscash\n|-damage|p2a: Whiscash|241/337\n|move|p2a: Whiscash|Spikes|p1a: Illumise\n|-sidestart|p1: NickPlayeZ|Spikes\n|\n|-weather|Sandstorm|[upkeep]\n|-damage|p1a: Illumise|234/266|[from] Sandstorm\n|-heal|p2a: Whiscash|262/337|[from] item: Leftovers\n|upkeep\n|turn|8\n|inactive|NickPlayeZ has 120 seconds left.\n|\n|t:|1781383892\n|switch|p1a: Squawkabilly|Squawkabilly-Blue, L85, F|278/278\n|move|p2a: Whiscash|Hydro Pump|p1a: Squawkabilly\n|-damage|p1a: Squawkabilly|133/278\n|\n|-weather|Sandstorm|[upkeep]\n|-damage|p1a: Squawkabilly|116/278|[from] Sandstorm\n|-heal|p2a: Whiscash|283/337|[from] item: Leftovers\n|-status|p1a: Squawkabilly|brn|[from] item: Flame Orb\n|upkeep\n|turn|9\n|inactive|poopoocowmoo has 90 seconds left.\n|\n|t:|1781383917\n|move|p1a: Squawkabilly|Facade|p2a: Whiscash\n|-damage|p2a: Whiscash|45/337\n|move|p2a: Whiscash|Ice Beam|p1a: Squawkabilly\n|-supereffective|p1a: Squawkabilly\n|-damage|p1a: Squawkabilly|0 fnt\n|faint|p1a: Squawkabilly\n|\n|-weather|none\n|-heal|p2a: Whiscash|66/337|[from] item: Leftovers\n|upkeep\n|inactive|NickPlayeZ has 120 seconds left.\n|\n|t:|1781383931\n|switch|p1a: Illumise|Illumise, L91, F|234/266\n|turn|10\n|inactive|poopoocowmoo has 90 seconds left.\n|\n|t:|1781383964\n|move|p1a: Illumise|Bug Buzz|p2a: Whiscash\n|-damage|p2a: Whiscash|0 fnt\n|faint|p2a: Whiscash\n|\n|upkeep\n|inactive|poopoocowmoo has 60 seconds left.\n|\n|t:|1781383980\n|switch|p2a: Vigoroth|Vigoroth, L85, M|275/275\n|-damage|p2a: Vigoroth|241/275|[from] Stealth Rock\n|turn|11\n|\n|t:|1781383995\n|-terastallize|p2a: Vigoroth|Ground\n|move|p1a: Illumise|Thunder Wave|p2a: Vigoroth\n|-immune|p2a: Vigoroth\n|move|p2a: Vigoroth|Body Slam|p1a: Illumise\n|-damage|p1a: Illumise|147/266\n|-status|p1a: Illumise|par\n|\n|upkeep\n|turn|12\n|\n|t:|1781384004\n|move|p1a: Illumise|Roost|p1a: Illumise\n|-heal|p1a: Illumise|266/266 par\n|-singleturn|p1a: Illumise|move: Roost\n|move|p2a: Vigoroth|Body Slam|p1a: Illumise\n|-damage|p1a: Illumise|179/266 par\n|\n|upkeep\n|turn|13\n|\n|t:|1781384013\n|switch|p1a: Lumineon|Lumineon, L93, M|279/279\n|move|p2a: Vigoroth|Body Slam|p1a: Lumineon\n|-damage|p1a: Lumineon|191/279\n|-status|p1a: Lumineon|par\n|\n|upkeep\n|turn|14\n|c|\u2606NickPlayeZ|ofc\n|inactive|poopoocowmoo has 90 seconds left.\n|\n|t:|1781384023\n|switch|p2a: Farigiraf|Farigiraf, L90, F|362/362\n|-damage|p2a: Farigiraf|317/362|[from] Stealth Rock\n|cant|p1a: Lumineon|par\n|\n|-heal|p2a: Farigiraf|339/362|[from] item: Leftovers\n|upkeep\n|turn|15\n|inactive|poopoocowmoo has 90 seconds left.\n|\n|t:|1781384036\n|move|p2a: Farigiraf|Body Slam|p1a: Lumineon\n|-damage|p1a: Lumineon|85/279 par\n|cant|p1a: Lumineon|par\n|\n|-heal|p2a: Farigiraf|361/362|[from] item: Leftovers\n|upkeep\n|turn|16\n|\n|t:|1781384042\n|move|p2a: Farigiraf|Body Slam|p1a: Lumineon\n|-damage|p1a: Lumineon|0 fnt\n|faint|p1a: Lumineon\n|\n|-heal|p2a: Farigiraf|362/362|[from] item: Leftovers\n|upkeep\n|c|\u2606NickPlayeZ|dogshit as fuck website\n|\n|t:|1781384049\n|switch|p1a: Illumise|Illumise, L91, F|179/266 par\n|turn|17\n|\n|t:|1781384056\n|move|p2a: Farigiraf|Psychic Noise|p1a: Illumise\n|-damage|p1a: Illumise|89/266 par\n|-start|p1a: Illumise|move: Heal Block\n|move|p1a: Illumise|Bug Buzz|p2a: Farigiraf\n|-supereffective|p2a: Farigiraf\n|-damage|p2a: Farigiraf|170/362\n|\n|-heal|p2a: Farigiraf|192/362|[from] item: Leftovers\n|upkeep\n|turn|18\n|\n|t:|1781384075\n|move|p2a: Farigiraf|Body Slam|p1a: Illumise\n|-damage|p1a: Illumise|0 fnt\n|faint|p1a: Illumise\n|\n|-heal|p2a: Farigiraf|214/362|[from] item: Leftovers\n|upkeep\n|\n|t:|1781384079\n|switch|p1a: Hippowdon|Hippowdon, L82, M|311/311\n|-damage|p1a: Hippowdon|260/311|[from] Spikes\n|-weather|Sandstorm|[from] ability: Sand Stream|[of] p1a: Hippowdon\n|turn|19\n|\n|t:|1781384089\n|move|p2a: Farigiraf|Wish|p2a: Farigiraf\n|move|p1a: Hippowdon|Earthquake|p2a: Farigiraf\n|-damage|p2a: Farigiraf|91/362\n|\n|-weather|Sandstorm|[upkeep]\n|-damage|p2a: Farigiraf|69/362|[from] Sandstorm\n|-heal|p2a: Farigiraf|91/362|[from] item: Leftovers\n|-heal|p1a: Hippowdon|279/311|[from] item: Leftovers\n|upkeep\n|turn|20\n|inactive|poopoocowmoo has 120 seconds left.\n|\n|t:|1781384106\n|move|p2a: Farigiraf|Protect|p2a: Farigiraf\n|-singleturn|p2a: Farigiraf|Protect\n|move|p1a: Hippowdon|Earthquake|p2a: Farigiraf\n|-activate|p2a: Farigiraf|move: Protect\n|\n|-weather|Sandstorm|[upkeep]\n|-damage|p2a: Farigiraf|69/362|[from] Sandstorm\n|-heal|p2a: Farigiraf|250/362|[from] move: Wish|[wisher] Farigiraf\n|-heal|p2a: Farigiraf|272/362|[from] item: Leftovers\n|-heal|p1a: Hippowdon|298/311|[from] item: Leftovers\n|upkeep\n|turn|21\n|inactive|poopoocowmoo has 120 seconds left.\n|\n|t:|1781384115\n|move|p2a: Farigiraf|Wish|p2a: Farigiraf\n|move|p1a: Hippowdon|Earthquake|p2a: Farigiraf\n|-damage|p2a: Farigiraf|155/362\n|\n|-weather|Sandstorm|[upkeep]\n|-damage|p2a: Farigiraf|133/362|[from] Sandstorm\n|-heal|p2a: Farigiraf|155/362|[from] item: Leftovers\n|-heal|p1a: Hippowdon|311/311|[from] item: Leftovers\n|upkeep\n|turn|22\n|\n|t:|1781384121\n|switch|p1a: Veluza|Veluza, L85, M|292/292\n|-damage|p1a: Veluza|244/292|[from] Spikes\n|move|p2a: Farigiraf|Psychic Noise|p1a: Veluza\n|-resisted|p1a: Veluza\n|-damage|p1a: Veluza|185/292\n|-start|p1a: Veluza|move: Heal Block\n|\n|-weather|Sandstorm|[upkeep]\n|-damage|p1a: Veluza|167/292|[from] Sandstorm\n|-damage|p2a: Farigiraf|133/362|[from] Sandstorm\n|-heal|p2a: Farigiraf|314/362|[from] move: Wish|[wisher] Farigiraf\n|-heal|p2a: Farigiraf|336/362|[from] item: Leftovers\n|upkeep\n|turn|23\n|c|\u2606NickPlayeZ|b\n|c|\u2606NickPlayeZ|bg\n|-message|NickPlayeZ forfeited.\n|\n|win|poopoocowmoo\n", "uploadtime": 1781383663, "views": 8, "formatid": "gen9randombattle", "rating": null, "private": 0, "password": null}