{"id": "gen9randombattle-2631532129", "format": "[Gen 9] Random Battle", "players": ["Jac Velaryon", "rareold"], "log": "|j|\u2606Jac Velaryon\n|j|\u2606rareold\n|t:|1781397493\n|gametype|singles\n|player|p1|Jac Velaryon|cynthia-gen4|1325\n|player|p2|rareold|byron|1339\n|gen|9\n|tier|[Gen 9] Random Battle\n|rated|\n|rule|Species Clause: Limit one of each Pok\u00e9mon\n|rule|HP Percentage Mod: HP is shown in percentages\n|rule|Sleep Clause Mod: Limit one foe put to sleep\n|rule|Illusion Level Mod: Illusion disguises the Pok\u00e9mon's true level\n|\n|t:|1781397493\n|teamsize|p1|6\n|teamsize|p2|6\n|start\n|switch|p1a: Garganacl|Garganacl, L80, F|291/291\n|switch|p2a: Gholdengo|Gholdengo, L77|261/261\n|turn|1\n|inactive|Battle timer is ON: inactive players will automatically lose when time's up. (requested by Jac Velaryon)\n|\n|t:|1781397511\n|move|p2a: Gholdengo|Nasty Plot|p2a: Gholdengo\n|-boost|p2a: Gholdengo|spa|2\n|move|p1a: Garganacl|Earthquake|p2a: Gholdengo\n|-supereffective|p2a: Gholdengo\n|-damage|p2a: Gholdengo|125/261\n|\n|-heal|p2a: Gholdengo|141/261|[from] item: Leftovers\n|upkeep\n|turn|2\n|\n|t:|1781397518\n|-terastallize|p1a: Garganacl|Ghost\n|move|p2a: Gholdengo|Make It Rain|p1a: Garganacl\n|-damage|p1a: Garganacl|9/291\n|-unboost|p2a: Gholdengo|spa|1\n|move|p1a: Garganacl|Earthquake|p2a: Gholdengo\n|-supereffective|p2a: Gholdengo\n|-damage|p2a: Gholdengo|13/261\n|\n|-heal|p2a: Gholdengo|29/261|[from] item: Leftovers\n|-heal|p1a: Garganacl|27/291|[from] item: Leftovers\n|upkeep\n|turn|3\n|\n|t:|1781397525\n|move|p2a: Gholdengo|Shadow Ball|p1a: Garganacl\n|-supereffective|p1a: Garganacl\n|-damage|p1a: Garganacl|0 fnt\n|faint|p1a: Garganacl\n|\n|-heal|p2a: Gholdengo|45/261|[from] item: Leftovers\n|upkeep\n|\n|t:|1781397529\n|switch|p1a: Mew|Mew, L82|298/298\n|turn|4\n|\n|t:|1781397534\n|move|p1a: Mew|Psychic|p2a: Gholdengo\n|-resisted|p2a: Gholdengo\n|-damage|p2a: Gholdengo|0 fnt\n|faint|p2a: Gholdengo\n|\n|upkeep\n|\n|t:|1781397538\n|switch|p2a: Manaphy|Manaphy, L78|284/284\n|turn|5\n|\n|t:|1781397547\n|move|p1a: Mew|Toxic Spikes|p2a: Manaphy\n|-sidestart|p2: rareold|move: Toxic Spikes\n|move|p2a: Manaphy|Tail Glow|p2a: Manaphy\n|-boost|p2a: Manaphy|spa|3\n|\n|upkeep\n|turn|6\n|\n|t:|1781397553\n|move|p1a: Mew|Toxic Spikes|p2a: Manaphy\n|-sidestart|p2: rareold|move: Toxic Spikes\n|move|p2a: Manaphy|Hydro Pump|p1a: Mew\n|-damage|p1a: Mew|78/298\n|\n|-heal|p1a: Mew|96/298|[from] item: Leftovers\n|upkeep\n|turn|7\n|\n|t:|1781397558\n|move|p1a: Mew|Psychic|p2a: Manaphy\n|-damage|p2a: Manaphy|199/284\n|move|p2a: Manaphy|Ice Beam|p1a: Mew\n|-damage|p1a: Mew|0 fnt\n|faint|p1a: Mew\n|\n|-heal|p2a: Manaphy|216/284|[from] item: Leftovers\n|upkeep\n|\n|t:|1781397565\n|switch|p1a: Tornadus|Tornadus-Therian, L79, M|254/254\n|turn|8\n|\n|t:|1781397568\n|move|p1a: Tornadus|Bleakwind Storm|p2a: Manaphy\n|-damage|p2a: Manaphy|114/284\n|-unboost|p2a: Manaphy|spe|1\n|move|p2a: Manaphy|Ice Beam|p1a: Tornadus\n|-supereffective|p1a: Tornadus\n|-damage|p1a: Tornadus|62/254\n|\n|-heal|p2a: Manaphy|131/284|[from] item: Leftovers\n|upkeep\n|turn|9\n|\n|t:|1781397575\n|move|p1a: Tornadus|Bleakwind Storm|p2a: Manaphy\n|-damage|p2a: Manaphy|38/284\n|move|p2a: Manaphy|Ice Beam|p1a: Tornadus\n|-supereffective|p1a: Tornadus\n|-damage|p1a: Tornadus|0 fnt\n|faint|p1a: Tornadus\n|\n|-heal|p2a: Manaphy|55/284|[from] item: Leftovers\n|upkeep\n|\n|t:|1781397578\n|switch|p1a: Tsareena|Tsareena, L87, F|267/267\n|turn|10\n|\n|t:|1781397583\n|move|p1a: Tsareena|Knock Off|p2a: Manaphy\n|-damage|p2a: Manaphy|0 fnt\n|-enditem|p2a: Manaphy|Leftovers|[from] move: Knock Off|[of] p1a: Tsareena\n|faint|p2a: Manaphy\n|\n|upkeep\n|\n|t:|1781397587\n|switch|p2a: Gliscor|Gliscor, L76, M|239/239\n|turn|11\n|\n|t:|1781397591\n|switch|p1a: Tentacruel|Tentacruel, L84, F|272/272\n|move|p2a: Gliscor|Toxic Spikes|p1a: Tentacruel\n|-sidestart|p1: Jac Velaryon|move: Toxic Spikes\n|\n|-status|p2a: Gliscor|tox|[from] item: Toxic Orb\n|upkeep\n|turn|12\n|\n|t:|1781397593\n|move|p1a: Tentacruel|Surf|p2a: Gliscor\n|-supereffective|p2a: Gliscor\n|-damage|p2a: Gliscor|33/239 tox\n|move|p2a: Gliscor|Earthquake|p1a: Tentacruel\n|-supereffective|p1a: Tentacruel\n|-damage|p1a: Tentacruel|74/272\n|\n|-heal|p2a: Gliscor|62/239 tox|[from] ability: Poison Heal\n|upkeep\n|turn|13\n|\n|t:|1781397600\n|move|p2a: Gliscor|Protect|p2a: Gliscor\n|-singleturn|p2a: Gliscor|Protect\n|move|p1a: Tentacruel|Surf|p2a: Gliscor\n|-activate|p2a: Gliscor|move: Protect\n|\n|-heal|p2a: Gliscor|91/239 tox|[from] ability: Poison Heal\n|upkeep\n|turn|14\n|\n|t:|1781397613\n|switch|p2a: Hawlucha|Hawlucha, L80, M|256/256\n|move|p1a: Tentacruel|Flip Turn|p2a: Hawlucha\n|-damage|p2a: Hawlucha|199/256\n|\n|t:|1781397617\n|switch|p1a: Mandibuzz|Mandibuzz, L85, F|326/326|[from] Flip Turn\n|\n|upkeep\n|turn|15\n|\n|t:|1781397634\n|-terastallize|p2a: Hawlucha|Flying\n|move|p2a: Hawlucha|Swords Dance|p2a: Hawlucha\n|-boost|p2a: Hawlucha|atk|2\n|move|p1a: Mandibuzz|Defog|p2a: Hawlucha\n|-unboost|p2a: Hawlucha|evasion|1\n|-sideend|p2: rareold|Toxic Spikes|[from] move: Defog|[of] p1a: Mandibuzz\n|-sideend|p1: Jac Velaryon|Toxic Spikes|[from] move: Defog|[of] p1a: Mandibuzz\n|-enditem|p2a: Hawlucha|White Herb\n|-clearnegativeboost|p2a: Hawlucha|[silent]\n|\n|upkeep\n|turn|16\n|\n|t:|1781397640\n|move|p2a: Hawlucha|Stone Edge|p1a: Mandibuzz\n|-supereffective|p1a: Mandibuzz\n|-damage|p1a: Mandibuzz|124/326\n|move|p1a: Mandibuzz|Foul Play|p2a: Hawlucha\n|-damage|p2a: Hawlucha|0 fnt\n|faint|p2a: Hawlucha\n|\n|upkeep\n|\n|t:|1781397647\n|switch|p2a: Meloetta|Meloetta, L82|298/298\n|turn|17\n|\n|t:|1781397651\n|move|p2a: Meloetta|Hyper Voice|p1a: Mandibuzz\n|-crit|p1a: Mandibuzz\n|-damage|p1a: Mandibuzz|0 fnt\n|faint|p1a: Mandibuzz\n|\n|upkeep\n|\n|t:|1781397653\n|switch|p1a: Tentacruel|Tentacruel, L84, F|74/272\n|turn|18\n|\n|t:|1781397671\n|move|p1a: Tentacruel|Knock Off|p2a: Meloetta\n|-supereffective|p2a: Meloetta\n|-damage|p2a: Meloetta|182/298\n|-enditem|p2a: Meloetta|Choice Specs|[from] move: Knock Off|[of] p1a: Tentacruel\n|move|p2a: Meloetta|Hyper Voice|p1a: Tentacruel\n|-damage|p1a: Tentacruel|19/272\n|\n|upkeep\n|turn|19\n|\n|t:|1781397682\n|move|p1a: Tentacruel|Surf|p2a: Meloetta\n|-damage|p2a: Meloetta|115/298\n|move|p2a: Meloetta|Hyper Voice|p1a: Tentacruel\n|-damage|p1a: Tentacruel|0 fnt\n|faint|p1a: Tentacruel\n|\n|upkeep\n|\n|t:|1781397685\n|switch|p1a: Tsareena|Tsareena, L87, F|267/267\n|turn|20\n|\n|t:|1781397696\n|move|p2a: Meloetta|U-turn|p1a: Tsareena\n|-supereffective|p1a: Tsareena\n|-damage|p1a: Tsareena|189/267\n|\n|t:|1781397699\n|switch|p2a: Gliscor|Gliscor, L76, M|91/239 tox|[from] U-turn\n|move|p1a: Tsareena|Knock Off|p2a: Gliscor\n|-damage|p2a: Gliscor|0 fnt\n|-enditem|p2a: Gliscor|Toxic Orb|[from] move: Knock Off|[of] p1a: Tsareena\n|faint|p2a: Gliscor\n|\n|upkeep\n|\n|t:|1781397701\n|switch|p2a: Terapagos|Terapagos, L77, M|265/265\n|-activate|p2a: Terapagos|ability: Tera Shift\n|detailschange|p2a: Terapagos|Terapagos-Terastal, L77, M\n|-heal|p2a: Terapagos|273/273|[silent]\n|turn|21\n|\n|t:|1781397710\n|move|p1a: Tsareena|Knock Off|p2a: Terapagos\n|-activate|p2a: Terapagos|ability: Tera Shell\n|-resisted|p2a: Terapagos\n|-damage|p2a: Terapagos|218/273\n|-enditem|p2a: Terapagos|Chesto Berry|[from] move: Knock Off|[of] p1a: Tsareena\n|move|p2a: Terapagos|Calm Mind|p2a: Terapagos\n|-boost|p2a: Terapagos|spa|1\n|-boost|p2a: Terapagos|spd|1\n|\n|upkeep\n|turn|22\n|-message|Jac Velaryon forfeited.\n|\n|win|rareold\n|raw|Jac Velaryon's rating: 1325 &rarr; <strong>1306</strong><br />(-19 for losing)\n|raw|rareold's rating: 1339 &rarr; <strong>1358</strong><br />(+19 for winning)\n|l|\u2606Jac Velaryon\n|player|p1|\n", "uploadtime": 1781397736, "views": 3, "formatid": "gen9randombattle", "rating": 1306, "private": 0, "password": null}