{"id": "gen9randombattle-2631589530", "format": "[Gen 9] Random Battle", "players": ["Bigoleg", "qiuescent"], "log": "|j|\u2606Bigoleg\n|j|\u203dqiuescent\n|t:|1781405393\n|gametype|singles\n|player|p1|Bigoleg|169|2118\n|player|p2|qiuescent|169|2140\n|gen|9\n|tier|[Gen 9] Random Battle\n|rated|\n|rule|Species Clause: Limit one of each Pok\u00e9mon\n|rule|HP Percentage Mod: HP is shown in percentages\n|rule|Sleep Clause Mod: Limit one foe put to sleep\n|rule|Illusion Level Mod: Illusion disguises the Pok\u00e9mon's true level\n|\n|t:|1781405393\n|teamsize|p1|6\n|teamsize|p2|6\n|start\n|switch|p1a: Cobalion|Cobalion, L80|277/277\n|switch|p2a: Eiscue|Eiscue, L88, M|274/274\n|turn|1\n|\n|t:|1781405398\n|switch|p2a: Basculin|Basculin, L86, F|261/261\n|move|p1a: Cobalion|Thunder Wave|p2a: Basculin|[miss]\n|-miss|p1a: Cobalion|p2a: Basculin\n|\n|upkeep\n|turn|2\n|\n|t:|1781405403\n|move|p1a: Cobalion|Thunder Wave|p2a: Basculin\n|-status|p2a: Basculin|par\n|move|p2a: Basculin|Wave Crash|p1a: Cobalion\n|-damage|p1a: Cobalion|69/277\n|-damage|p2a: Basculin|192/261 par|[from] Recoil\n|\n|-heal|p1a: Cobalion|86/277|[from] item: Leftovers\n|upkeep\n|turn|3\n|c|\u2606Bigoleg|Good god\n|\n|t:|1781405411\n|move|p1a: Cobalion|Body Press|p2a: Basculin\n|-damage|p2a: Basculin|78/261 par\n|move|p2a: Basculin|Wave Crash|p1a: Cobalion\n|-damage|p1a: Cobalion|0 fnt\n|faint|p1a: Cobalion\n|-damage|p2a: Basculin|50/261 par|[from] Recoil\n|\n|upkeep\n|\n|t:|1781405413\n|switch|p1a: Haxorus|Haxorus, L77, M|244/244\n|-ability|p1a: Haxorus|Mold Breaker\n|turn|4\n|\n|t:|1781405416\n|move|p1a: Haxorus|Dragon Dance|p1a: Haxorus\n|-boost|p1a: Haxorus|atk|1\n|-boost|p1a: Haxorus|spe|1\n|move|p2a: Basculin|Wave Crash|p1a: Haxorus\n|-resisted|p1a: Haxorus\n|-damage|p1a: Haxorus|114/244\n|-damage|p2a: Basculin|7/261 par|[from] Recoil\n|\n|upkeep\n|turn|5\n|\n|t:|1781405420\n|move|p1a: Haxorus|Iron Head|p2a: Basculin\n|-resisted|p2a: Basculin\n|-damage|p2a: Basculin|0 fnt\n|faint|p2a: Basculin\n|\n|upkeep\n|\n|t:|1781405423\n|switch|p2a: Hitmontop|Hitmontop, L88, M|231/231\n|-ability|p2a: Hitmontop|Intimidate|boost\n|-unboost|p1a: Haxorus|atk|1\n|turn|6\n|inactive|Battle timer is ON: inactive players will automatically lose when time's up. (requested by Bigoleg)\n|\n|t:|1781405425\n|move|p1a: Haxorus|Outrage|p2a: Hitmontop\n|-damage|p2a: Hitmontop|89/231\n|move|p2a: Hitmontop|Close Combat|p1a: Haxorus\n|-damage|p1a: Haxorus|0 fnt\n|-unboost|p2a: Hitmontop|def|1\n|-unboost|p2a: Hitmontop|spd|1\n|faint|p1a: Haxorus\n|\n|upkeep\n|\n|t:|1781405429\n|switch|p1a: Vikavolt|Vikavolt, L83, F|263/263\n|turn|7\n|inactive|qiuescent has 120 seconds left.\n|\n|t:|1781405460\n|switch|p2a: Volcarona|Volcarona, L77, F|257/257\n|move|p1a: Vikavolt|Thunderbolt|p2a: Volcarona\n|-crit|p2a: Volcarona\n|-damage|p2a: Volcarona|76/257\n|\n|upkeep\n|turn|8\n|\n|t:|1781405475\n|move|p2a: Volcarona|Fire Blast|p1a: Vikavolt|[miss]\n|-miss|p2a: Volcarona|p1a: Vikavolt\n|move|p1a: Vikavolt|Thunderbolt|p2a: Volcarona\n|-damage|p2a: Volcarona|0 fnt\n|faint|p2a: Volcarona\n|\n|upkeep\n|inactive|qiuescent has 120 seconds left.\n|\n|t:|1781405502\n|switch|p2a: Pecharunt|Pecharunt, L77|262/262\n|turn|9\n|\n|t:|1781405511\n|move|p2a: Pecharunt|Malignant Chain|p1a: Vikavolt\n|-damage|p1a: Vikavolt|175/263\n|-status|p1a: Vikavolt|tox\n|-start|p1a: Vikavolt|confusion|[from] ability: Poison Puppeteer|[of] p2a: Pecharunt\n|-activate|p1a: Vikavolt|confusion\n|move|p1a: Vikavolt|Sticky Web|p2a: Pecharunt\n|-sidestart|p2: qiuescent|move: Sticky Web\n|\n|-damage|p1a: Vikavolt|159/263 tox|[from] psn\n|upkeep\n|turn|10\n|\n|t:|1781405514\n|move|p2a: Pecharunt|Malignant Chain|p1a: Vikavolt\n|-damage|p1a: Vikavolt|71/263 tox\n|-end|p1a: Vikavolt|confusion\n|move|p1a: Vikavolt|Thunderbolt|p2a: Pecharunt\n|-damage|p2a: Pecharunt|114/262\n|\n|-heal|p2a: Pecharunt|130/262|[from] item: Leftovers\n|-damage|p1a: Vikavolt|39/263 tox|[from] psn\n|upkeep\n|turn|11\n|\n|t:|1781405516\n|move|p2a: Pecharunt|Recover|p2a: Pecharunt\n|-heal|p2a: Pecharunt|261/262\n|move|p1a: Vikavolt|Thunderbolt|p2a: Pecharunt\n|-damage|p2a: Pecharunt|125/262\n|\n|-heal|p2a: Pecharunt|141/262|[from] item: Leftovers\n|-damage|p1a: Vikavolt|0 fnt|[from] psn\n|faint|p1a: Vikavolt\n|upkeep\n|\n|t:|1781405523\n|switch|p1a: Dewgong|Dewgong, L94, F|322/322\n|turn|12\n|\n|t:|1781405533\n|move|p1a: Dewgong|Knock Off|p2a: Pecharunt\n|-supereffective|p2a: Pecharunt\n|-damage|p2a: Pecharunt|51/262\n|-enditem|p2a: Pecharunt|Leftovers|[from] move: Knock Off|[of] p1a: Dewgong\n|move|p2a: Pecharunt|Parting Shot|p1a: Dewgong\n|-unboost|p1a: Dewgong|atk|1\n|-unboost|p1a: Dewgong|spa|1\n|\n|t:|1781405535\n|switch|p2a: Hitmontop|Hitmontop, L88, M|89/231|[from] Parting Shot\n|-activate|p2a: Hitmontop|move: Sticky Web\n|-unboost|p2a: Hitmontop|spe|1\n|-ability|p2a: Hitmontop|Intimidate|boost\n|-unboost|p1a: Dewgong|atk|1\n|\n|upkeep\n|turn|13\n|\n|t:|1781405545\n|move|p1a: Dewgong|Surf|p2a: Hitmontop\n|-damage|p2a: Hitmontop|58/231\n|move|p2a: Hitmontop|Rapid Spin|p1a: Dewgong\n|-damage|p1a: Dewgong|285/322\n|-boost|p2a: Hitmontop|spe|1\n|-sideend|p2: qiuescent|Sticky Web|[from] move: Rapid Spin|[of] p2a: Hitmontop\n|\n|upkeep\n|turn|14\n|\n|t:|1781405550\n|move|p1a: Dewgong|Surf|p2a: Hitmontop\n|-damage|p2a: Hitmontop|25/231\n|move|p2a: Hitmontop|Close Combat|p1a: Dewgong\n|-supereffective|p1a: Dewgong\n|-damage|p1a: Dewgong|13/322\n|-unboost|p2a: Hitmontop|def|1\n|-unboost|p2a: Hitmontop|spd|1\n|\n|upkeep\n|turn|15\n|\n|t:|1781405554\n|move|p1a: Dewgong|Surf|p2a: Hitmontop\n|-damage|p2a: Hitmontop|0 fnt\n|faint|p2a: Hitmontop\n|\n|upkeep\n|\n|t:|1781405555\n|switch|p2a: Volbeat|Volbeat, L90, M|263/263\n|turn|16\n|\n|t:|1781405558\n|move|p2a: Volbeat|Lunge|p1a: Dewgong\n|-damage|p1a: Dewgong|0 fnt\n|faint|p1a: Dewgong\n|\n|upkeep\n|\n|t:|1781405561\n|switch|p1a: Golem|Golem-Alola, L93, M|300/300\n|turn|17\n|\n|t:|1781405569\n|move|p2a: Volbeat|Lunge|p1a: Golem\n|-damage|p1a: Golem|249/300\n|-unboost|p1a: Golem|atk|1\n|move|p1a: Golem|Stone Edge|p2a: Volbeat|[miss]\n|-miss|p1a: Golem|p2a: Volbeat\n|\n|upkeep\n|turn|18\n|\n|t:|1781405579\n|move|p2a: Volbeat|Lunge|p1a: Golem\n|-damage|p1a: Golem|195/300\n|-unboost|p1a: Golem|atk|1\n|move|p1a: Golem|Stone Edge|p2a: Volbeat\n|-supereffective|p2a: Volbeat\n|-damage|p2a: Volbeat|65/263\n|-damage|p1a: Golem|165/300|[from] item: Life Orb\n|\n|upkeep\n|turn|19\n|\n|t:|1781405587\n|switch|p1a: Gouging Fire|Gouging Fire, L74|277/277\n|-terastallize|p2a: Volbeat|Steel\n|move|p2a: Volbeat|Roost|p2a: Volbeat\n|-heal|p2a: Volbeat|197/263\n|\n|upkeep\n|turn|20\n|\n|t:|1781405596\n|-end|p1a: Gouging Fire|Protosynthesis|[silent]\n|switch|p1a: Golem|Golem-Alola, L93, M|165/300\n|move|p2a: Volbeat|Lunge|p1a: Golem\n|-damage|p1a: Golem|113/300\n|-unboost|p1a: Golem|atk|1\n|\n|upkeep\n|turn|21\n|\n|t:|1781405600\n|move|p2a: Volbeat|Lunge|p1a: Golem\n|-damage|p1a: Golem|56/300\n|-unboost|p1a: Golem|atk|1\n|move|p1a: Golem|Earthquake|p2a: Volbeat\n|-supereffective|p2a: Volbeat\n|-crit|p2a: Volbeat\n|-damage|p2a: Volbeat|0 fnt\n|faint|p2a: Volbeat\n|-damage|p1a: Golem|26/300|[from] item: Life Orb\n|\n|upkeep\n|\n|t:|1781405602\n|switch|p2a: Eiscue|Eiscue, L88, M|274/274\n|turn|22\n|\n|t:|1781405608\n|move|p2a: Eiscue|Belly Drum|p2a: Eiscue\n|-damage|p2a: Eiscue|137/274\n|-setboost|p2a: Eiscue|atk|6|[from] move: Belly Drum\n|-enditem|p2a: Eiscue|Sitrus Berry|[eat]\n|-heal|p2a: Eiscue|205/274|[from] item: Sitrus Berry\n|move|p1a: Golem|Rock Polish|p1a: Golem\n|-boost|p1a: Golem|spe|2\n|\n|upkeep\n|turn|23\n|\n|t:|1781405618\n|move|p1a: Golem|Double-Edge|p2a: Eiscue\n|-activate|p2a: Eiscue|ability: Ice Face\n|-damage|p2a: Eiscue|205/274\n|detailschange|p2a: Eiscue|Eiscue-Noice, L88, M\n|-damage|p1a: Golem|0 fnt|[from] item: Life Orb\n|faint|p1a: Golem\n|move|p2a: Eiscue|Liquidation|p1: Golem|[notarget]\n|-fail|p2a: Eiscue\n|\n|upkeep\n|\n|t:|1781405621\n|switch|p1a: Gouging Fire|Gouging Fire, L74|277/277\n|turn|24\n|\n|t:|1781405630\n|move|p2a: Eiscue|Ice Spinner|p1a: Gouging Fire\n|-damage|p1a: Gouging Fire|1/277\n|move|p1a: Gouging Fire|Dragon Dance|p1a: Gouging Fire\n|-boost|p1a: Gouging Fire|atk|1\n|-boost|p1a: Gouging Fire|spe|1\n|\n|upkeep\n|turn|25\n|\n|t:|1781405636\n|move|p2a: Eiscue|Ice Spinner|p1a: Gouging Fire\n|-damage|p1a: Gouging Fire|0 fnt\n|faint|p1a: Gouging Fire\n|-end|p1a: Gouging Fire|Protosynthesis|[silent]\n|\n|win|qiuescent\n|raw|Bigoleg's rating: 2118 &rarr; <strong>2100</strong><br />(-18 for losing)\n|raw|qiuescent's rating: 2154 &rarr; <strong>2172</strong><br />(+18 for winning)\n|c|\u2606Bigoleg|Trash win\n", "uploadtime": 1781405394, "views": 3, "formatid": "gen9randombattle", "rating": 2100, "private": 0, "password": null}