{"id": "gen9randombattle-2631822710", "format": "[Gen 9] Random Battle", "players": ["blufferfish2009", "Gin X Tonic"], "log": "|j|\u2606blufferfish2009\n|j|\u2606Gin X Tonic\n|t:|1781444608\n|gametype|singles\n|player|p1|blufferfish2009|iris-gen5bw2|1934\n|player|p2|Gin X Tonic|artist-gen4|1933\n|gen|9\n|tier|[Gen 9] Random Battle\n|rated|\n|rule|Species Clause: Limit one of each Pok\u00e9mon\n|rule|HP Percentage Mod: HP is shown in percentages\n|rule|Sleep Clause Mod: Limit one foe put to sleep\n|rule|Illusion Level Mod: Illusion disguises the Pok\u00e9mon's true level\n|\n|t:|1781444608\n|teamsize|p1|6\n|teamsize|p2|6\n|start\n|switch|p1a: Sandslash|Sandslash, L89, F|278/278\n|switch|p2a: Enamorus|Enamorus-Therian, L83, F|259/259\n|turn|1\n|inactive|Battle timer is ON: inactive players will automatically lose when time's up. (requested by Gin X Tonic)\n|\n|t:|1781444623\n|move|p1a: Sandslash|Stone Edge|p2a: Enamorus\n|-supereffective|p2a: Enamorus\n|-damage|p2a: Enamorus|121/259\n|move|p2a: Enamorus|Moonblast|p1a: Sandslash\n|-damage|p1a: Sandslash|116/278\n|\n|-heal|p1a: Sandslash|133/278|[from] item: Leftovers\n|upkeep\n|turn|2\n|\n|t:|1781444628\n|switch|p2a: Krookodile|Krookodile, L79, F|280/280\n|-ability|p2a: Krookodile|Intimidate|boost\n|-unboost|p1a: Sandslash|atk|1\n|move|p1a: Sandslash|Stone Edge|p2a: Krookodile|[miss]\n|-miss|p1a: Sandslash|p2a: Krookodile\n|\n|-heal|p1a: Sandslash|150/278|[from] item: Leftovers\n|upkeep\n|turn|3\n|\n|t:|1781444638\n|move|p2a: Krookodile|Knock Off|p1a: Sandslash\n|-damage|p1a: Sandslash|41/278\n|-enditem|p1a: Sandslash|Leftovers|[from] move: Knock Off|[of] p2a: Krookodile\n|-damage|p2a: Krookodile|252/280|[from] item: Life Orb\n|move|p1a: Sandslash|Earthquake|p2a: Krookodile\n|-damage|p2a: Krookodile|159/280\n|\n|upkeep\n|turn|4\n|\n|t:|1781444651\n|move|p2a: Krookodile|Knock Off|p1a: Sandslash\n|-damage|p1a: Sandslash|0 fnt\n|faint|p1a: Sandslash\n|-damage|p2a: Krookodile|131/280|[from] item: Life Orb\n|\n|upkeep\n|\n|t:|1781444656\n|switch|p1a: Manaphy|Manaphy, L78|284/284\n|turn|5\n|\n|t:|1781444664\n|move|p1a: Manaphy|Surf|p2a: Krookodile\n|-supereffective|p2a: Krookodile\n|-damage|p2a: Krookodile|0 fnt\n|faint|p2a: Krookodile\n|\n|upkeep\n|\n|t:|1781444686\n|switch|p2a: Enamorus|Enamorus-Therian, L83, F|121/259\n|turn|6\n|\n|t:|1781444709\n|move|p1a: Manaphy|Tail Glow|p1a: Manaphy\n|-boost|p1a: Manaphy|spa|3\n|move|p2a: Enamorus|Moonblast|p1a: Manaphy\n|-damage|p1a: Manaphy|157/284\n|-unboost|p1a: Manaphy|spa|1\n|\n|-heal|p1a: Manaphy|174/284|[from] item: Leftovers\n|upkeep\n|turn|7\n|\n|t:|1781444714\n|move|p1a: Manaphy|Ice Beam|p2a: Enamorus\n|-supereffective|p2a: Enamorus\n|-damage|p2a: Enamorus|0 fnt\n|faint|p2a: Enamorus\n|\n|-heal|p1a: Manaphy|191/284|[from] item: Leftovers\n|upkeep\n|\n|t:|1781444717\n|switch|p2a: Cinderace|Cinderace, L77, F|249/249\n|turn|8\n|\n|t:|1781444724\n|switch|p1a: Granbull|Granbull, L88, M|302/302\n|-ability|p1a: Granbull|Intimidate|boost\n|-unboost|p2a: Cinderace|atk|1\n|move|p2a: Cinderace|High Jump Kick|p1a: Granbull\n|-start|p2a: Cinderace|typechange|Fighting|[from] ability: Libero\n|-resisted|p1a: Granbull\n|-damage|p1a: Granbull|235/302\n|\n|-heal|p1a: Granbull|253/302|[from] item: Leftovers\n|upkeep\n|turn|9\n|\n|t:|1781444728\n|switch|p2a: Mamoswine|Mamoswine, L81, M|311/311\n|move|p1a: Granbull|Thunder Wave|p2a: Mamoswine\n|-immune|p2a: Mamoswine\n|\n|-heal|p1a: Granbull|271/302|[from] item: Leftovers\n|upkeep\n|turn|10\n|\n|t:|1781444732\n|switch|p1a: Milotic|Milotic, L83, F|293/293\n|move|p2a: Mamoswine|Earthquake|p1a: Milotic\n|-damage|p1a: Milotic|101/293\n|\n|-heal|p1a: Milotic|119/293|[from] item: Leftovers\n|upkeep\n|turn|11\n|\n|t:|1781444737\n|move|p1a: Milotic|Scald|p2a: Mamoswine\n|-supereffective|p2a: Mamoswine\n|-damage|p2a: Mamoswine|63/311\n|-status|p2a: Mamoswine|brn\n|move|p2a: Mamoswine|Earthquake|p1a: Milotic\n|-damage|p1a: Milotic|22/293\n|\n|-heal|p1a: Milotic|40/293|[from] item: Leftovers\n|-damage|p2a: Mamoswine|44/311 brn|[from] brn\n|upkeep\n|turn|12\n|-message|Gin X Tonic forfeited.\n|\n|win|blufferfish2009\n", "uploadtime": 1781444611, "views": 6, "formatid": "gen9randombattle", "rating": null, "private": 0, "password": null}