{"id": "gen9randombattle-2631452722", "format": "[Gen 9] Random Battle", "players": ["Rank1 hehexd", "TRedden"], "log": "|j|\u2606Rank1 hehexd\n|j|\u2606TRedden\n|t:|1781386459\n|gametype|singles\n|player|p1|Rank1 hehexd|roxie|1757\n|player|p2|TRedden|blue|1736\n|gen|9\n|tier|[Gen 9] Random Battle\n|rated|\n|rule|Species Clause: Limit one of each Pok\u00e9mon\n|rule|HP Percentage Mod: HP is shown in percentages\n|rule|Sleep Clause Mod: Limit one foe put to sleep\n|rule|Illusion Level Mod: Illusion disguises the Pok\u00e9mon's true level\n|\n|t:|1781386459\n|teamsize|p1|6\n|teamsize|p2|6\n|start\n|switch|p1a: Muk|Muk-Alola, L82, F|306/306\n|switch|p2a: Urshifu|Urshifu, L74, F|270/270\n|turn|1\n|\n|t:|1781386476\n|switch|p2a: Scizor|Scizor, L79, M|240/240\n|move|p1a: Muk|Drain Punch|p2a: Scizor\n|-damage|p2a: Scizor|192/240\n|\n|-heal|p2a: Scizor|207/240|[from] item: Leftovers\n|upkeep\n|turn|2\n|\n|t:|1781386483\n|move|p2a: Scizor|Knock Off|p1a: Muk\n|-resisted|p1a: Muk\n|-damage|p1a: Muk|262/306\n|-enditem|p1a: Muk|Assault Vest|[from] move: Knock Off|[of] p2a: Scizor\n|move|p1a: Muk|Knock Off|p2a: Scizor\n|-damage|p2a: Scizor|111/240\n|-enditem|p2a: Scizor|Leftovers|[from] move: Knock Off|[of] p1a: Muk\n|\n|upkeep\n|turn|3\n|inactive|Battle timer is ON: inactive players will automatically lose when time's up. (requested by Rank1 hehexd)\n|\n|t:|1781386502\n|move|p2a: Scizor|U-turn|p1a: Muk\n|-damage|p1a: Muk|172/306\n|\n|t:|1781386508\n|switch|p2a: Urshifu|Urshifu, L74, F|270/270|[from] U-turn\n|move|p1a: Muk|Knock Off|p2a: Urshifu\n|-resisted|p2a: Urshifu\n|-damage|p2a: Urshifu|243/270\n|-status|p2a: Urshifu|psn|[from] ability: Poison Touch|[of] p1a: Muk\n|-enditem|p2a: Urshifu|Choice Band|[from] move: Knock Off|[of] p1a: Muk\n|\n|-damage|p2a: Urshifu|210/270 psn|[from] psn\n|upkeep\n|turn|4\n|\n|t:|1781386523\n|switch|p1a: Toxapex|Toxapex, L82, M|216/216\n|move|p2a: Urshifu|Close Combat|p1a: Toxapex\n|-resisted|p1a: Toxapex\n|-damage|p1a: Toxapex|174/216\n|-unboost|p2a: Urshifu|def|1\n|-unboost|p2a: Urshifu|spd|1\n|\n|-heal|p1a: Toxapex|187/216|[from] item: Leftovers\n|-damage|p2a: Urshifu|177/270 psn|[from] psn\n|upkeep\n|turn|5\n|\n|t:|1781386531\n|switch|p2a: Scizor|Scizor, L79, M|111/240\n|move|p1a: Toxapex|Toxic Spikes|p2a: Scizor\n|-sidestart|p2: TRedden|move: Toxic Spikes\n|\n|-heal|p1a: Toxapex|200/216|[from] item: Leftovers\n|upkeep\n|turn|6\n|\n|t:|1781386535\n|move|p2a: Scizor|Defog|p1a: Toxapex\n|-unboost|p1a: Toxapex|evasion|1\n|-sideend|p2: TRedden|Toxic Spikes|[from] move: Defog|[of] p2a: Scizor\n|move|p1a: Toxapex|Liquidation|p2a: Scizor\n|-damage|p2a: Scizor|51/240\n|\n|-heal|p1a: Toxapex|213/216|[from] item: Leftovers\n|upkeep\n|turn|7\n|\n|t:|1781386539\n|move|p2a: Scizor|Knock Off|p1a: Toxapex\n|-damage|p1a: Toxapex|163/216\n|-enditem|p1a: Toxapex|Leftovers|[from] move: Knock Off|[of] p2a: Scizor\n|move|p1a: Toxapex|Liquidation|p2a: Scizor\n|-damage|p2a: Scizor|0 fnt\n|faint|p2a: Scizor\n|\n|upkeep\n|\n|t:|1781386557\n|switch|p2a: Farigiraf|Farigiraf, L90, F|362/362\n|turn|8\n|\n|t:|1781386563\n|switch|p1a: Muk|Muk-Alola, L82, F|172/306\n|move|p2a: Farigiraf|Body Slam|p1a: Muk\n|-damage|p1a: Muk|67/306\n|\n|upkeep\n|turn|9\n|\n|t:|1781386583\n|switch|p1a: Toxapex|Toxapex, L82, M|216/216\n|move|p2a: Farigiraf|Body Slam|p1a: Toxapex\n|-damage|p1a: Toxapex|150/216\n|\n|upkeep\n|turn|10\n|\n|t:|1781386600\n|switch|p1a: Meowstic|Meowstic-F, L89, F|277/277\n|move|p2a: Farigiraf|Psychic Noise|p1a: Meowstic\n|-resisted|p1a: Meowstic\n|-damage|p1a: Meowstic|230/277\n|-start|p1a: Meowstic|move: Heal Block\n|\n|upkeep\n|turn|11\n|\n|t:|1781386606\n|move|p1a: Meowstic|Nasty Plot|p1a: Meowstic\n|-boost|p1a: Meowstic|spa|2\n|move|p2a: Farigiraf|Body Slam|p1a: Meowstic\n|-damage|p1a: Meowstic|136/277\n|-status|p1a: Meowstic|par\n|\n|-end|p1a: Meowstic|move: Heal Block\n|upkeep\n|turn|12\n|\n|t:|1781386615\n|move|p2a: Farigiraf|Body Slam|p1a: Meowstic\n|-damage|p1a: Meowstic|36/277 par\n|move|p1a: Meowstic|Dark Pulse|p2a: Farigiraf\n|-supereffective|p2a: Farigiraf\n|-damage|p2a: Farigiraf|27/362\n|-damage|p1a: Meowstic|9/277 par|[from] item: Life Orb\n|\n|-heal|p2a: Farigiraf|49/362|[from] item: Leftovers\n|upkeep\n|turn|13\n|\n|t:|1781386623\n|move|p2a: Farigiraf|Psychic Noise|p1a: Meowstic\n|-resisted|p1a: Meowstic\n|-damage|p1a: Meowstic|0 fnt\n|faint|p1a: Meowstic\n|\n|-heal|p2a: Farigiraf|71/362|[from] item: Leftovers\n|upkeep\n|\n|t:|1781386626\n|switch|p1a: Raikou|Raikou, L81|278/278\n|-ability|p1a: Raikou|Pressure\n|turn|14\n|\n|t:|1781386634\n|move|p1a: Raikou|Volt Switch|p2a: Farigiraf\n|-damage|p2a: Farigiraf|0 fnt\n|faint|p2a: Farigiraf\n|\n|t:|1781386640\n|switch|p1a: Toxapex|Toxapex, L82, M|216/216|[from] Volt Switch\n|\n|upkeep\n|\n|t:|1781386645\n|switch|p2a: Iron Boulder|Iron Boulder, L77|265/265\n|turn|15\n|\n|t:|1781386654\n|-terastallize|p1a: Toxapex|Flying\n|move|p2a: Iron Boulder|Zen Headbutt|p1a: Toxapex\n|-damage|p1a: Toxapex|145/216\n|-damage|p2a: Iron Boulder|239/265|[from] item: Life Orb\n|cant|p1a: Toxapex|flinch\n|\n|upkeep\n|turn|16\n|\n|t:|1781386664\n|move|p2a: Iron Boulder|Mighty Cleave|p1a: Toxapex\n|-supereffective|p1a: Toxapex\n|-damage|p1a: Toxapex|0 fnt\n|faint|p1a: Toxapex\n|-damage|p2a: Iron Boulder|213/265|[from] item: Life Orb\n|\n|upkeep\n|\n|t:|1781386669\n|switch|p1a: Tauros|Tauros-Paldea-Combat, L82, M|257/257\n|-ability|p1a: Tauros|Intimidate|boost\n|-unboost|p2a: Iron Boulder|atk|1\n|turn|17\n|\n|t:|1781386674\n|move|p2a: Iron Boulder|Swords Dance|p2a: Iron Boulder\n|-boost|p2a: Iron Boulder|atk|2\n|move|p1a: Tauros|Earthquake|p2a: Iron Boulder\n|-supereffective|p2a: Iron Boulder\n|-damage|p2a: Iron Boulder|0 fnt\n|faint|p2a: Iron Boulder\n|-end|p2a: Iron Boulder|Quark Drive|[silent]\n|\n|upkeep\n|\n|t:|1781386682\n|switch|p2a: Ogerpon|Ogerpon, L80, F|259/259\n|turn|18\n|\n|t:|1781386688\n|switch|p1a: Muk|Muk-Alola, L82, F|67/306\n|move|p2a: Ogerpon|Knock Off|p1a: Muk\n|-resisted|p1a: Muk\n|-damage|p1a: Muk|28/306\n|-damage|p2a: Ogerpon|234/259|[from] item: Life Orb\n|\n|upkeep\n|turn|19\n|\n|t:|1781386699\n|move|p1a: Muk|Shadow Sneak|p2a: Ogerpon\n|-damage|p2a: Ogerpon|203/259\n|move|p2a: Ogerpon|Ivy Cudgel|p1a: Muk\n|-resisted|p1a: Muk\n|-damage|p1a: Muk|0 fnt\n|faint|p1a: Muk\n|-damage|p2a: Ogerpon|178/259|[from] item: Life Orb\n|\n|upkeep\n|\n|t:|1781386711\n|switch|p1a: Tauros|Tauros-Paldea-Combat, L82, M|257/257\n|-ability|p1a: Tauros|Intimidate|boost\n|-unboost|p2a: Ogerpon|atk|1\n|-ability|p2a: Ogerpon|Defiant|boost\n|-boost|p2a: Ogerpon|atk|2\n|turn|20\n|\n|t:|1781386715\n|move|p2a: Ogerpon|Synthesis|p2a: Ogerpon\n|-heal|p2a: Ogerpon|259/259\n|move|p1a: Tauros|Close Combat|p2a: Ogerpon\n|-damage|p2a: Ogerpon|49/259\n|-unboost|p1a: Tauros|def|1\n|-unboost|p1a: Tauros|spd|1\n|\n|upkeep\n|turn|21\n|\n|t:|1781386725\n|move|p2a: Ogerpon|Ivy Cudgel|p1a: Tauros\n|-damage|p1a: Tauros|0 fnt\n|faint|p1a: Tauros\n|-damage|p2a: Ogerpon|24/259|[from] item: Life Orb\n|\n|upkeep\n|\n|t:|1781386728\n|switch|p1a: Raikou|Raikou, L81|278/278\n|-ability|p1a: Raikou|Pressure\n|turn|22\n|\n|t:|1781386735\n|move|p1a: Raikou|Thunderbolt|p2a: Ogerpon\n|-resisted|p2a: Ogerpon\n|-damage|p2a: Ogerpon|0 fnt\n|faint|p2a: Ogerpon\n|\n|upkeep\n|\n|t:|1781386740\n|switch|p2a: Mienshao|Mienshao, L83, M|244/244\n|turn|23\n|\n|t:|1781386748\n|switch|p1a: Reuniclus|Reuniclus, L88, F|337/337\n|-terastallize|p2a: Mienshao|Fighting\n|move|p2a: Mienshao|Close Combat|p1a: Reuniclus\n|-resisted|p1a: Reuniclus\n|-damage|p1a: Reuniclus|203/337\n|-unboost|p2a: Mienshao|def|1\n|-unboost|p2a: Mienshao|spd|1\n|-damage|p2a: Mienshao|220/244|[from] item: Life Orb\n|\n|upkeep\n|turn|24\n|\n|t:|1781386758\n|switch|p2a: Urshifu|Urshifu, L74, F|177/270 psn\n|move|p1a: Reuniclus|Psyshock|p2a: Urshifu\n|-immune|p2a: Urshifu\n|\n|-damage|p2a: Urshifu|144/270 psn|[from] psn\n|upkeep\n|turn|25\n|\n|t:|1781386767\n|switch|p1a: Raikou|Raikou, L81|278/278\n|-ability|p1a: Raikou|Pressure\n|move|p2a: Urshifu|Wicked Blow|p1a: Raikou\n|-crit|p1a: Raikou\n|-damage|p1a: Raikou|136/278\n|\n|-damage|p2a: Urshifu|111/270 psn|[from] psn\n|upkeep\n|turn|26\n|\n|t:|1781386777\n|move|p2a: Urshifu|Sucker Punch|p1a: Raikou\n|-damage|p1a: Raikou|45/278\n|move|p1a: Raikou|Thunderbolt|p2a: Urshifu\n|-damage|p2a: Urshifu|0 fnt\n|faint|p2a: Urshifu\n|\n|upkeep\n|\n|t:|1781386780\n|switch|p2a: Mienshao|Mienshao, L83, M, tera:Fighting|244/244\n|turn|27\n|\n|t:|1781386782\n|switch|p1a: Reuniclus|Reuniclus, L88, F|203/337\n|move|p2a: Mienshao|Knock Off|p1a: Reuniclus\n|-supereffective|p1a: Reuniclus\n|-damage|p1a: Reuniclus|0 fnt\n|-enditem|p1a: Reuniclus|Life Orb|[from] move: Knock Off|[of] p2a: Mienshao\n|faint|p1a: Reuniclus\n|-damage|p2a: Mienshao|220/244|[from] item: Life Orb\n|\n|upkeep\n|\n|t:|1781386787\n|switch|p1a: Raikou|Raikou, L81|45/278\n|-ability|p1a: Raikou|Pressure\n|turn|28\n|\n|t:|1781386788\n|move|p1a: Raikou|Thunderbolt|p2a: Mienshao\n|-damage|p2a: Mienshao|22/244\n|move|p2a: Mienshao|Close Combat|p1a: Raikou\n|-damage|p1a: Raikou|0 fnt\n|-unboost|p2a: Mienshao|def|1\n|-unboost|p2a: Mienshao|spd|1\n|faint|p1a: Raikou\n|-damage|p2a: Mienshao|0 fnt|[from] item: Life Orb\n|faint|p2a: Mienshao\n|\n|win|TRedden\n|raw|Rank1 hehexd's rating: 1757 &rarr; <strong>1736</strong><br />(-21 for losing)\n|raw|TRedden's rating: 1736 &rarr; <strong>1757</strong><br />(+21 for winning)\n", "uploadtime": 1781386795, "views": 7, "formatid": "gen9randombattle", "rating": 1736, "private": 0, "password": null}