{"id": "gen9randombattle-2631900154", "format": "[Gen 9] Random Battle", "players": ["Okidoyuuki", "lalo's pollos"], "log": "|j|\u2606Okidoyuuki\n|j|\u2606lalo's pollos\n|t:|1781453566\n|gametype|singles\n|player|p1|Okidoyuuki|2|1984\n|player|p2|lalo's pollos|101|1989\n|gen|9\n|tier|[Gen 9] Random Battle\n|rated|\n|rule|Species Clause: Limit one of each Pok\u00e9mon\n|rule|HP Percentage Mod: HP is shown in percentages\n|rule|Sleep Clause Mod: Limit one foe put to sleep\n|rule|Illusion Level Mod: Illusion disguises the Pok\u00e9mon's true level\n|\n|t:|1781453566\n|teamsize|p1|6\n|teamsize|p2|6\n|start\n|switch|p1a: Mismagius|Mismagius, L86, M|243/243\n|switch|p2a: Weavile|Weavile, L79, M|239/239\n|turn|1\n|\n|t:|1781453601\n|switch|p1a: Arbok|Arbok, L87, M|246/246\n|-ability|p1a: Arbok|Intimidate|boost\n|-unboost|p2a: Weavile|atk|1\n|move|p2a: Weavile|Knock Off|p1a: Arbok\n|-damage|p1a: Arbok|123/246\n|-enditem|p1a: Arbok|Life Orb|[from] move: Knock Off|[of] p2a: Weavile\n|\n|upkeep\n|turn|2\n|\n|t:|1781453610\n|switch|p2a: Vileplume|Vileplume, L85, F|266/266\n|move|p1a: Arbok|Glare|p2a: Vileplume\n|-status|p2a: Vileplume|par\n|\n|upkeep\n|turn|3\n|\n|t:|1781453617\n|move|p1a: Arbok|Knock Off|p2a: Vileplume\n|-damage|p2a: Vileplume|190/266 par\n|-enditem|p2a: Vileplume|Leftovers|[from] move: Knock Off|[of] p1a: Arbok\n|cant|p2a: Vileplume|par\n|\n|upkeep\n|turn|4\n|\n|t:|1781453626\n|move|p1a: Arbok|Gunk Shot|p2a: Vileplume\n|-damage|p2a: Vileplume|43/266 par\n|move|p2a: Vileplume|Leech Seed|p1a: Arbok\n|-start|p1a: Arbok|move: Leech Seed\n|\n|-damage|p1a: Arbok|93/246|[from] Leech Seed|[of] p2a: Vileplume\n|-heal|p2a: Vileplume|73/266 par|[silent]\n|upkeep\n|turn|5\n|\n|t:|1781453635\n|switch|p2a: Swampert|Swampert, L83, M|302/302\n|move|p1a: Arbok|Gunk Shot|p2a: Swampert\n|-resisted|p2a: Swampert\n|-damage|p2a: Swampert|234/302\n|-status|p2a: Swampert|psn\n|\n|-heal|p2a: Swampert|252/302 psn|[from] item: Leftovers\n|-damage|p1a: Arbok|63/246|[from] Leech Seed|[of] p2a: Swampert\n|-heal|p2a: Swampert|282/302 psn|[silent]\n|-damage|p2a: Swampert|245/302 psn|[from] psn\n|upkeep\n|turn|6\n|\n|t:|1781453648\n|switch|p1a: Brambleghast|Brambleghast, L88, M|240/240\n|move|p2a: Swampert|Stealth Rock|p1a: Brambleghast\n|-sidestart|p1: Okidoyuuki|move: Stealth Rock\n|\n|-heal|p2a: Swampert|263/302 psn|[from] item: Leftovers\n|-damage|p2a: Swampert|226/302 psn|[from] psn\n|upkeep\n|turn|7\n|\n|t:|1781453657\n|switch|p2a: Dodrio|Dodrio, L85, M|241/241\n|move|p1a: Brambleghast|Substitute|p1a: Brambleghast\n|-start|p1a: Brambleghast|Substitute\n|-damage|p1a: Brambleghast|180/240\n|\n|-heal|p1a: Brambleghast|195/240|[from] item: Leftovers\n|upkeep\n|turn|8\n|\n|t:|1781453664\n|move|p2a: Dodrio|Brave Bird|p1a: Brambleghast\n|-supereffective|p1a: Brambleghast\n|-end|p1a: Brambleghast|Substitute\n|-damage|p2a: Dodrio|221/241|[from] Recoil|[of] p1a: Brambleghast\n|move|p1a: Brambleghast|Leech Seed|p2a: Dodrio\n|-start|p2a: Dodrio|move: Leech Seed\n|\n|-heal|p1a: Brambleghast|210/240|[from] item: Leftovers\n|-damage|p2a: Dodrio|191/241|[from] Leech Seed|[of] p1a: Brambleghast\n|-heal|p1a: Brambleghast|240/240|[silent]\n|upkeep\n|turn|9\n|\n|t:|1781453674\n|switch|p1a: Arbok|Arbok, L87, M|63/246\n|-damage|p1a: Arbok|33/246|[from] Stealth Rock\n|-ability|p1a: Arbok|Intimidate|boost\n|-unboost|p2a: Dodrio|atk|1\n|move|p2a: Dodrio|Brave Bird|p1a: Arbok\n|-damage|p1a: Arbok|0 fnt\n|faint|p1a: Arbok\n|-damage|p2a: Dodrio|180/241|[from] Recoil\n|\n|upkeep\n|\n|t:|1781453687\n|switch|p1a: Honchkrow|Honchkrow, L86, F|312/312\n|turn|10\n|\n|t:|1781453692\n|switch|p2a: Terrakion|Terrakion, L79|273/273\n|move|p1a: Honchkrow|Brave Bird|p2a: Terrakion\n|-damage|p2a: Terrakion|113/273\n|-damage|p1a: Honchkrow|259/312|[from] Recoil\n|\n|upkeep\n|turn|11\n|\n|t:|1781453702\n|move|p2a: Terrakion|Stone Edge|p1a: Honchkrow\n|-supereffective|p1a: Honchkrow\n|-damage|p1a: Honchkrow|0 fnt\n|faint|p1a: Honchkrow\n|-damage|p2a: Terrakion|86/273|[from] item: Life Orb\n|\n|upkeep\n|\n|t:|1781453710\n|switch|p1a: Mismagius|Mismagius, L86, M|243/243\n|-damage|p1a: Mismagius|213/243|[from] Stealth Rock\n|turn|12\n|\n|t:|1781453715\n|switch|p2a: Indeedee|Indeedee-F, L90, F|272/272\n|-fieldstart|move: Psychic Terrain|[from] ability: Psychic Surge|[of] p2a: Indeedee\n|move|p1a: Mismagius|Trick|p2a: Indeedee\n|-activate|p1a: Mismagius|move: Trick|[of] p2a: Indeedee\n|-item|p2a: Indeedee|Choice Specs|[from] move: Trick\n|-item|p1a: Mismagius|Choice Scarf|[from] move: Trick\n|\n|upkeep\n|turn|13\n|\n|t:|1781453729\n|move|p1a: Mismagius|Dazzling Gleam|p2a: Indeedee\n|-damage|p2a: Indeedee|222/272\n|move|p2a: Indeedee|Psychic|p1a: Mismagius\n|-damage|p1a: Mismagius|48/243\n|\n|upkeep\n|turn|14\n|\n|t:|1781453734\n|move|p1a: Mismagius|Dazzling Gleam|p2a: Indeedee\n|-damage|p2a: Indeedee|167/272\n|move|p2a: Indeedee|Psychic|p1a: Mismagius\n|-damage|p1a: Mismagius|0 fnt\n|faint|p1a: Mismagius\n|\n|upkeep\n|\n|t:|1781453748\n|switch|p1a: Brambleghast|Brambleghast, L88, M|240/240\n|-damage|p1a: Brambleghast|210/240|[from] Stealth Rock\n|turn|15\n|\n|t:|1781453752\n|move|p1a: Brambleghast|Power Whip|p2a: Indeedee\n|-damage|p2a: Indeedee|0 fnt\n|faint|p2a: Indeedee\n|\n|-heal|p1a: Brambleghast|225/240|[from] item: Leftovers\n|upkeep\n|\n|t:|1781453762\n|switch|p2a: Dodrio|Dodrio, L85, M|180/241\n|turn|16\n|\n|t:|1781453767\n|switch|p1a: Rhyperior|Rhyperior, L82, M|323/323\n|-damage|p1a: Rhyperior|303/323|[from] Stealth Rock\n|move|p2a: Dodrio|Brave Bird|p1a: Rhyperior\n|-resisted|p1a: Rhyperior\n|-damage|p1a: Rhyperior|222/323\n|-damage|p2a: Dodrio|153/241|[from] Recoil\n|\n|-fieldend|move: Psychic Terrain\n|upkeep\n|turn|17\n|\n|t:|1781453781\n|switch|p2a: Vileplume|Vileplume, L85, F|73/266 par\n|switch|p1a: Brambleghast|Brambleghast, L88, M|225/240\n|-damage|p1a: Brambleghast|195/240|[from] Stealth Rock\n|\n|-heal|p1a: Brambleghast|210/240|[from] item: Leftovers\n|upkeep\n|turn|18\n|\n|t:|1781453789\n|move|p1a: Brambleghast|Substitute|p1a: Brambleghast\n|-start|p1a: Brambleghast|Substitute\n|-damage|p1a: Brambleghast|150/240\n|move|p2a: Vileplume|Sludge Bomb|p1a: Brambleghast\n|-end|p1a: Brambleghast|Substitute\n|\n|-heal|p1a: Brambleghast|165/240|[from] item: Leftovers\n|upkeep\n|turn|19\n|\n|t:|1781453797\n|move|p1a: Brambleghast|Poltergeist||[still]\n|-fail|p1a: Brambleghast\n|move|p2a: Vileplume|Sludge Bomb|p1a: Brambleghast\n|-damage|p1a: Brambleghast|51/240\n|\n|-heal|p1a: Brambleghast|66/240|[from] item: Leftovers\n|upkeep\n|turn|20\n|\n|t:|1781453808\n|move|p1a: Brambleghast|Power Whip|p2a: Vileplume\n|-resisted|p2a: Vileplume\n|-damage|p2a: Vileplume|31/266 par\n|move|p2a: Vileplume|Strength Sap|p1a: Brambleghast\n|-unboost|p1a: Brambleghast|atk|1\n|-heal|p2a: Vileplume|266/266 par\n|\n|-heal|p1a: Brambleghast|81/240|[from] item: Leftovers\n|upkeep\n|turn|21\n|\n|t:|1781453817\n|switch|p1a: Ho-Oh|Ho-Oh, L71|268/268\n|cant|p2a: Vileplume|par\n|\n|upkeep\n|turn|22\n|\n|t:|1781453825\n|move|p1a: Ho-Oh|Sacred Fire|p2a: Vileplume\n|-supereffective|p2a: Vileplume\n|-damage|p2a: Vileplume|74/266 par\n|move|p2a: Vileplume|Leech Seed|p1a: Ho-Oh\n|-start|p1a: Ho-Oh|move: Leech Seed\n|\n|-damage|p1a: Ho-Oh|235/268|[from] Leech Seed|[of] p2a: Vileplume\n|-heal|p2a: Vileplume|107/266 par|[silent]\n|upkeep\n|turn|23\n|\n|t:|1781453835\n|switch|p2a: Terrakion|Terrakion, L79|86/273\n|move|p1a: Ho-Oh|Sacred Fire|p2a: Terrakion\n|-resisted|p2a: Terrakion\n|-damage|p2a: Terrakion|39/273\n|\n|-damage|p1a: Ho-Oh|202/268|[from] Leech Seed|[of] p2a: Terrakion\n|-heal|p2a: Terrakion|72/273|[silent]\n|upkeep\n|turn|24\n|\n|t:|1781453843\n|-terastallize|p1a: Ho-Oh|Steel\n|move|p2a: Terrakion|Stone Edge|p1a: Ho-Oh\n|-resisted|p1a: Ho-Oh\n|-damage|p1a: Ho-Oh|120/268\n|-damage|p2a: Terrakion|45/273|[from] item: Life Orb\n|move|p1a: Ho-Oh|Earthquake|p2a: Terrakion\n|-supereffective|p2a: Terrakion\n|-damage|p2a: Terrakion|0 fnt\n|faint|p2a: Terrakion\n|\n|upkeep\n|\n|t:|1781453850\n|switch|p2a: Weavile|Weavile, L79, M|239/239\n|turn|25\n|\n|t:|1781453855\n|switch|p1a: Brambleghast|Brambleghast, L88, M|81/240\n|-damage|p1a: Brambleghast|51/240|[from] Stealth Rock\n|move|p2a: Weavile|Low Kick|p1a: Brambleghast\n|-immune|p1a: Brambleghast\n|\n|-heal|p1a: Brambleghast|66/240|[from] item: Leftovers\n|upkeep\n|turn|26\n|\n|t:|1781453863\n|switch|p2a: Vileplume|Vileplume, L85, F|107/266 par\n|switch|p1a: Ho-Oh|Ho-Oh, L71, tera:Steel|209/268\n|\n|upkeep\n|turn|27\n|\n|t:|1781453876\n|switch|p2a: Swampert|Swampert, L83, M|226/302 psn\n|move|p1a: Ho-Oh|Sacred Fire|p2a: Swampert\n|-resisted|p2a: Swampert\n|-damage|p2a: Swampert|181/302 psn\n|\n|-heal|p2a: Swampert|199/302 psn|[from] item: Leftovers\n|-damage|p2a: Swampert|162/302 psn|[from] psn\n|upkeep\n|turn|28\n|\n|t:|1781453886\n|switch|p1a: Brambleghast|Brambleghast, L88, M|66/240\n|-damage|p1a: Brambleghast|36/240|[from] Stealth Rock\n|move|p2a: Swampert|Earthquake|p1a: Brambleghast\n|-resisted|p1a: Brambleghast\n|-damage|p1a: Brambleghast|0 fnt\n|faint|p1a: Brambleghast\n|\n|-heal|p2a: Swampert|180/302 psn|[from] item: Leftovers\n|-damage|p2a: Swampert|143/302 psn|[from] psn\n|upkeep\n|\n|t:|1781453902\n|switch|p1a: Rhyperior|Rhyperior, L82, M|222/323\n|-damage|p1a: Rhyperior|202/323|[from] Stealth Rock\n|turn|29\n|\n|t:|1781453907\n|move|p2a: Swampert|Yawn|p1a: Rhyperior\n|-start|p1a: Rhyperior|move: Yawn|[of] p2a: Swampert\n|move|p1a: Rhyperior|Earthquake|p2a: Swampert\n|-damage|p2a: Swampert|0 fnt\n|faint|p2a: Swampert\n|\n|upkeep\n|\n|t:|1781453912\n|switch|p2a: Weavile|Weavile, L79, M|239/239\n|turn|30\n|\n|t:|1781453915\n|-terastallize|p2a: Weavile|Fighting\n|move|p2a: Weavile|Low Kick|p1a: Rhyperior\n|-supereffective|p1a: Rhyperior\n|-damage|p1a: Rhyperior|0 fnt\n|faint|p1a: Rhyperior\n|\n|upkeep\n|\n|t:|1781453920\n|switch|p1a: Ho-Oh|Ho-Oh, L71, tera:Steel|268/268\n|turn|31\n|\n|t:|1781453923\n|move|p2a: Weavile|Low Kick|p1a: Ho-Oh\n|-supereffective|p1a: Ho-Oh\n|-damage|p1a: Ho-Oh|0 fnt\n|faint|p1a: Ho-Oh\n|\n|win|lalo's pollos\n", "uploadtime": 1781453569, "views": 7, "formatid": "gen9randombattle", "rating": null, "private": 0, "password": null}