{"id": "gen9randombattle-2631542653", "format": "[Gen 9] Random Battle", "players": ["primarina4eva", "b00n86"], "log": "|j|\u2606primarina4eva\n|j|\u2606b00n86\n|t:|1781398952\n|gametype|singles\n|player|p1|primarina4eva|skierf-gen4dp|1196\n|player|p2|b00n86|janitor|1205\n|gen|9\n|tier|[Gen 9] Random Battle\n|rated|\n|rule|Species Clause: Limit one of each Pok\u00e9mon\n|rule|HP Percentage Mod: HP is shown in percentages\n|rule|Sleep Clause Mod: Limit one foe put to sleep\n|rule|Illusion Level Mod: Illusion disguises the Pok\u00e9mon's true level\n|\n|t:|1781398952\n|teamsize|p1|6\n|teamsize|p2|6\n|start\n|switch|p1a: Calyrex|Calyrex-Shadow, L64|235/235\n|switch|p2a: Jumpluff|Jumpluff, L87, F|271/271\n|-ability|p1a: Calyrex|As One\n|-ability|p1a: Calyrex|Unnerve\n|turn|1\n|\n|t:|1781398996\n|move|p2a: Jumpluff|Leech Seed|p1a: Calyrex\n|-start|p1a: Calyrex|move: Leech Seed\n|move|p1a: Calyrex|Astral Barrage|p2a: Jumpluff\n|-damage|p2a: Jumpluff|100/271\n|\n|-damage|p1a: Calyrex|206/235|[from] Leech Seed|[of] p2a: Jumpluff\n|-heal|p2a: Jumpluff|129/271|[silent]\n|upkeep\n|turn|2\n|\n|t:|1781399008\n|move|p2a: Jumpluff|Strength Sap|p1a: Calyrex\n|-unboost|p1a: Calyrex|atk|1\n|-heal|p2a: Jumpluff|242/271\n|move|p1a: Calyrex|Astral Barrage|p2a: Jumpluff\n|-damage|p2a: Jumpluff|83/271\n|\n|-damage|p1a: Calyrex|177/235|[from] Leech Seed|[of] p2a: Jumpluff\n|-heal|p2a: Jumpluff|112/271|[silent]\n|upkeep\n|turn|3\n|\n|t:|1781399023\n|move|p2a: Jumpluff|Strength Sap|p1a: Calyrex\n|-unboost|p1a: Calyrex|atk|1\n|-heal|p2a: Jumpluff|187/271\n|move|p1a: Calyrex|Astral Barrage|p2a: Jumpluff\n|-damage|p2a: Jumpluff|19/271\n|\n|-damage|p1a: Calyrex|148/235|[from] Leech Seed|[of] p2a: Jumpluff\n|-heal|p2a: Jumpluff|48/271|[silent]\n|upkeep\n|turn|4\n|\n|t:|1781399040\n|move|p2a: Jumpluff|Strength Sap|p1a: Calyrex\n|-unboost|p1a: Calyrex|atk|1\n|-heal|p2a: Jumpluff|104/271\n|move|p1a: Calyrex|Astral Barrage|p2a: Jumpluff\n|-damage|p2a: Jumpluff|0 fnt\n|faint|p2a: Jumpluff\n|-ability|p1a: Calyrex|Grim Neigh|boost\n|-boost|p1a: Calyrex|spa|1\n|\n|upkeep\n|\n|t:|1781399054\n|switch|p2a: Minun|Minun, L95, F|268/268\n|turn|5\n|\n|t:|1781399067\n|move|p2a: Minun|Nasty Plot|p2a: Minun\n|-boost|p2a: Minun|spa|2\n|move|p1a: Calyrex|Astral Barrage|p2a: Minun\n|-damage|p2a: Minun|30/268\n|\n|-damage|p1a: Calyrex|119/235|[from] Leech Seed|[of] p2a: Minun\n|-heal|p2a: Minun|59/268|[silent]\n|upkeep\n|turn|6\n|\n|t:|1781399094\n|move|p2a: Minun|Grass Knot|p1a: Calyrex\n|-crit|p1a: Calyrex\n|-damage|p1a: Calyrex|0 fnt\n|faint|p1a: Calyrex\n|-damage|p2a: Minun|33/268|[from] item: Life Orb\n|\n|upkeep\n|\n|t:|1781399100\n|switch|p1a: Volcarona|Volcarona, L77, M|257/257\n|turn|7\n|\n|t:|1781399115\n|move|p2a: Minun|Thunderbolt|p1a: Volcarona\n|-damage|p1a: Volcarona|0 fnt\n|faint|p1a: Volcarona\n|-damage|p2a: Minun|7/268|[from] item: Life Orb\n|\n|upkeep\n|\n|t:|1781399123\n|switch|p1a: Gothitelle|Gothitelle, L90, M|272/272\n|turn|8\n|\n|t:|1781399138\n|move|p1a: Gothitelle|Dark Pulse|p2a: Minun\n|-damage|p2a: Minun|0 fnt\n|faint|p2a: Minun\n|\n|upkeep\n|\n|t:|1781399148\n|switch|p2a: Girafarig|Girafarig, L89, M|269/269\n|turn|9\n|\n|t:|1781399168\n|-terastallize|p1a: Gothitelle|Steel\n|move|p1a: Gothitelle|Dark Pulse|p2a: Girafarig\n|-supereffective|p2a: Girafarig\n|-damage|p2a: Girafarig|173/269\n|move|p2a: Girafarig|Nasty Plot|p2a: Girafarig\n|-boost|p2a: Girafarig|spa|2\n|\n|upkeep\n|turn|10\n|\n|t:|1781399193\n|switch|p1a: Inteleon|Inteleon, L81, F|246/246\n|move|p2a: Girafarig|Thunderbolt|p1a: Inteleon\n|-supereffective|p1a: Inteleon\n|-damage|p1a: Inteleon|0 fnt\n|faint|p1a: Inteleon\n|\n|upkeep\n|c|\u2606primarina4eva|Im so stupid\n|\n|t:|1781399205\n|switch|p1a: Weezing|Weezing, L88, M|258/258\n|turn|11\n|\n|t:|1781399217\n|move|p2a: Girafarig|Thunderbolt|p1a: Weezing\n|-damage|p1a: Weezing|113/258\n|move|p1a: Weezing|Gunk Shot|p2a: Girafarig\n|-damage|p2a: Girafarig|59/269\n|\n|-heal|p1a: Weezing|129/258|[from] item: Leftovers\n|upkeep\n|turn|12\n|\n|t:|1781399239\n|switch|p1a: Miraidon|Miraidon, L65|238/238\n|-fieldstart|move: Electric Terrain|[from] ability: Hadron Engine|[of] p1a: Miraidon\n|move|p2a: Girafarig|Thunderbolt|p1a: Miraidon\n|-resisted|p1a: Miraidon\n|-damage|p1a: Miraidon|196/238\n|\n|upkeep\n|turn|13\n|\n|t:|1781399253\n|move|p1a: Miraidon|Electro Drift|p2a: Girafarig\n|-damage|p2a: Girafarig|0 fnt\n|faint|p2a: Girafarig\n|\n|upkeep\n|\n|t:|1781399258\n|switch|p2a: Toxapex|Toxapex, L82, M|216/216\n|turn|14\n|\n|t:|1781399267\n|-terastallize|p2a: Toxapex|Grass\n|move|p1a: Miraidon|Electro Drift|p2a: Toxapex\n|-resisted|p2a: Toxapex\n|-damage|p2a: Toxapex|136/216\n|-damage|p1a: Miraidon|157/238|[from] item: Rocky Helmet|[of] p2a: Toxapex\n|move|p2a: Toxapex|Toxic Spikes|p1a: Miraidon\n|-sidestart|p1: primarina4eva|move: Toxic Spikes\n|\n|upkeep\n|turn|15\n|\n|t:|1781399284\n|switch|p1a: Gothitelle|Gothitelle, L90, M, tera:Steel|272/272\n|move|p2a: Toxapex|Recover|p2a: Toxapex\n|-heal|p2a: Toxapex|216/216\n|\n|upkeep\n|turn|16\n|\n|t:|1781399308\n|move|p1a: Gothitelle|Focus Blast|p2a: Toxapex\n|-damage|p2a: Toxapex|152/216\n|move|p2a: Toxapex|Liquidation|p1a: Gothitelle\n|-damage|p1a: Gothitelle|220/272\n|-unboost|p1a: Gothitelle|def|1\n|\n|-fieldend|move: Electric Terrain\n|upkeep\n|turn|17\n|\n|t:|1781399319\n|move|p1a: Gothitelle|Focus Blast|p2a: Toxapex\n|-damage|p2a: Toxapex|87/216\n|move|p2a: Toxapex|Liquidation|p1a: Gothitelle\n|-damage|p1a: Gothitelle|141/272\n|\n|upkeep\n|turn|18\n|\n|t:|1781399327\n|move|p1a: Gothitelle|Focus Blast|p2a: Toxapex\n|-damage|p2a: Toxapex|14/216\n|move|p2a: Toxapex|Recover|p2a: Toxapex\n|-heal|p2a: Toxapex|122/216\n|\n|upkeep\n|turn|19\n|\n|t:|1781399334\n|switch|p1a: Weezing|Weezing, L88, M|129/258\n|move|p2a: Toxapex|Recover|p2a: Toxapex\n|-heal|p2a: Toxapex|216/216\n|\n|-heal|p1a: Weezing|145/258|[from] item: Leftovers\n|upkeep\n|turn|20\n|\n|t:|1781399358\n|switch|p2a: Necrozma|Necrozma-Dusk-Mane, L69|248/248\n|move|p1a: Weezing|Gunk Shot|p2a: Necrozma\n|-immune|p2a: Necrozma\n|\n|-heal|p1a: Weezing|161/258|[from] item: Leftovers\n|upkeep\n|turn|21\n|\n|t:|1781399369\n|move|p1a: Weezing|Fire Blast|p2a: Necrozma\n|-supereffective|p2a: Necrozma\n|-damage|p2a: Necrozma|119/248\n|-status|p2a: Necrozma|brn\n|-enditem|p2a: Necrozma|Weakness Policy\n|-boost|p2a: Necrozma|atk|2|[from] item: Weakness Policy\n|-boost|p2a: Necrozma|spa|2|[from] item: Weakness Policy\n|move|p2a: Necrozma|Dragon Dance|p2a: Necrozma\n|-boost|p2a: Necrozma|atk|1\n|-boost|p2a: Necrozma|spe|1\n|\n|-heal|p1a: Weezing|177/258|[from] item: Leftovers\n|-damage|p2a: Necrozma|104/248 brn|[from] brn\n|upkeep\n|turn|22\n|\n|t:|1781399387\n|move|p2a: Necrozma|Photon Geyser|p1a: Weezing\n|-supereffective|p1a: Weezing\n|-crit|p1a: Weezing\n|-damage|p1a: Weezing|0 fnt\n|faint|p1a: Weezing\n|\n|-damage|p2a: Necrozma|89/248 brn|[from] brn\n|upkeep\n|\n|t:|1781399402\n|switch|p1a: Gothitelle|Gothitelle, L90, M, tera:Steel|141/272\n|turn|23\n|\n|t:|1781399411\n|move|p1a: Gothitelle|Dark Pulse|p2a: Necrozma\n|-supereffective|p2a: Necrozma\n|-damage|p2a: Necrozma|0 fnt\n|faint|p2a: Necrozma\n|\n|upkeep\n|\n|t:|1781399418\n|switch|p2a: Froslass|Froslass, L87, F|263/263\n|turn|24\n|\n|t:|1781399422\n|move|p1a: Gothitelle|Dark Pulse|p2a: Froslass\n|-supereffective|p2a: Froslass\n|-damage|p2a: Froslass|107/263\n|move|p2a: Froslass|Poltergeist|p1a: Gothitelle\n|-activate|p1a: Gothitelle|move: Poltergeist|Choice Scarf\n|-damage|p1a: Gothitelle|50/272\n|\n|upkeep\n|turn|25\n|\n|t:|1781399433\n|move|p1a: Gothitelle|Dark Pulse|p2a: Froslass\n|-supereffective|p2a: Froslass\n|-damage|p2a: Froslass|0 fnt\n|faint|p2a: Froslass\n|\n|upkeep\n|\n|t:|1781399437\n|switch|p2a: Toxapex|Toxapex, L82, M, tera:Grass|216/216\n|turn|26\n|\n|t:|1781399446\n|move|p1a: Gothitelle|Dark Pulse|p2a: Toxapex\n|-damage|p2a: Toxapex|171/216\n|move|p2a: Toxapex|Liquidation|p1a: Gothitelle\n|-damage|p1a: Gothitelle|0 fnt\n|faint|p1a: Gothitelle\n|\n|upkeep\n|\n|t:|1781399453\n|switch|p1a: Miraidon|Miraidon, L65|157/238\n|-status|p1a: Miraidon|psn\n|-fieldstart|move: Electric Terrain|[from] ability: Hadron Engine|[of] p1a: Miraidon\n|turn|27\n|\n|t:|1781399465\n|move|p1a: Miraidon|Overheat|p2a: Toxapex\n|-supereffective|p2a: Toxapex\n|-damage|p2a: Toxapex|0 fnt\n|-unboost|p1a: Miraidon|spa|2\n|faint|p2a: Toxapex\n|\n|win|primarina4eva\n|raw|primarina4eva's rating: 1196 &rarr; <strong>1222</strong><br />(+26 for winning)\n|raw|b00n86's rating: 1205 &rarr; <strong>1179</strong><br />(-26 for losing)\n|l|\u2606b00n86\n|player|p2|\n|c|\u2606primarina4eva|Gg\n", "uploadtime": 1781399482, "views": 26, "formatid": "gen9randombattle", "rating": 1179, "private": 0, "password": null}