{"id": "gen9randombattle-2631631779", "format": "[Gen 9] Random Battle", "players": ["lalo's pollos", "WhatEver2102"], "log": "|j|\u2606lalo's pollos\n|j|\u2606WhatEver2102\n|t:|1781411820\n|gametype|singles\n|player|p1|lalo's pollos|1|1957\n|player|p2|WhatEver2102|juan|1998\n|gen|9\n|tier|[Gen 9] Random Battle\n|rated|\n|rule|Species Clause: Limit one of each Pok\u00e9mon\n|rule|HP Percentage Mod: HP is shown in percentages\n|rule|Sleep Clause Mod: Limit one foe put to sleep\n|rule|Illusion Level Mod: Illusion disguises the Pok\u00e9mon's true level\n|\n|t:|1781411820\n|teamsize|p1|6\n|teamsize|p2|6\n|start\n|switch|p1a: Cryogonal|Cryogonal, L89|287/287\n|switch|p2a: Dudunsparce|Dudunsparce, L83, M|343/343\n|turn|1\n|j| whipslide01\n|l| whipslide01\n|\n|t:|1781411843\n|move|p1a: Cryogonal|Ice Beam|p2a: Dudunsparce\n|-damage|p2a: Dudunsparce|219/343\n|move|p2a: Dudunsparce|Toxic|p1a: Cryogonal\n|-status|p1a: Cryogonal|tox\n|\n|-heal|p2a: Dudunsparce|240/343|[from] item: Leftovers\n|-damage|p1a: Cryogonal|270/287 tox|[from] psn\n|upkeep\n|turn|2\n|\n|t:|1781411864\n|move|p1a: Cryogonal|Ice Beam|p2a: Dudunsparce\n|-damage|p2a: Dudunsparce|111/343\n|move|p2a: Dudunsparce|Boomburst|p1a: Cryogonal\n|-damage|p1a: Cryogonal|188/287 tox\n|\n|-heal|p2a: Dudunsparce|132/343|[from] item: Leftovers\n|-damage|p1a: Cryogonal|154/287 tox|[from] psn\n|upkeep\n|turn|3\n|\n|t:|1781411876\n|switch|p2a: Houndoom|Houndoom, L87, F|272/272\n|move|p1a: Cryogonal|Ice Beam|p2a: Houndoom\n|-resisted|p2a: Houndoom\n|-damage|p2a: Houndoom|213/272\n|-status|p2a: Houndoom|frz\n|\n|-damage|p1a: Cryogonal|103/287 tox|[from] psn\n|upkeep\n|turn|4\n|\n|t:|1781411879\n|move|p1a: Cryogonal|Tera Blast|p2a: Houndoom\n|-damage|p2a: Houndoom|143/272 frz\n|-curestatus|p2a: Houndoom|frz|[msg]\n|move|p2a: Houndoom|Fire Blast|p1a: Cryogonal\n|-supereffective|p1a: Cryogonal\n|-damage|p1a: Cryogonal|0 fnt\n|faint|p1a: Cryogonal\n|\n|upkeep\n|\n|t:|1781411885\n|switch|p1a: Tyranitar|Tyranitar, L78, F|284/284\n|-weather|Sandstorm|[from] ability: Sand Stream|[of] p1a: Tyranitar\n|turn|5\n|\n|t:|1781411907\n|switch|p2a: Lumineon|Lumineon, L93, M|279/279\n|move|p1a: Tyranitar|Dragon Dance|p1a: Tyranitar\n|-boost|p1a: Tyranitar|atk|1\n|-boost|p1a: Tyranitar|spe|1\n|\n|-weather|Sandstorm|[upkeep]\n|-damage|p2a: Lumineon|262/279|[from] Sandstorm\n|upkeep\n|turn|6\n|\n|t:|1781411923\n|move|p2a: Lumineon|Encore|p1a: Tyranitar\n|-start|p1a: Tyranitar|Encore\n|move|p1a: Tyranitar|Dragon Dance|p1a: Tyranitar\n|-boost|p1a: Tyranitar|atk|1\n|-boost|p1a: Tyranitar|spe|1\n|\n|-weather|Sandstorm|[upkeep]\n|-damage|p2a: Lumineon|245/279|[from] Sandstorm\n|upkeep\n|turn|7\n|\n|t:|1781411938\n|move|p1a: Tyranitar|Dragon Dance|p1a: Tyranitar\n|-boost|p1a: Tyranitar|atk|1\n|-boost|p1a: Tyranitar|spe|1\n|move|p2a: Lumineon|Hydro Pump|p1a: Tyranitar\n|-supereffective|p1a: Tyranitar\n|-damage|p1a: Tyranitar|89/284\n|-enditem|p1a: Tyranitar|Weakness Policy\n|-boost|p1a: Tyranitar|atk|2|[from] item: Weakness Policy\n|-boost|p1a: Tyranitar|spa|2|[from] item: Weakness Policy\n|-damage|p2a: Lumineon|218/279|[from] item: Life Orb\n|\n|-weather|Sandstorm|[upkeep]\n|-damage|p2a: Lumineon|201/279|[from] Sandstorm\n|upkeep\n|turn|8\n|\n|t:|1781411947\n|move|p1a: Tyranitar|Dragon Dance|p1a: Tyranitar\n|-boost|p1a: Tyranitar|atk|1\n|-boost|p1a: Tyranitar|spe|1\n|move|p2a: Lumineon|Alluring Voice|p1a: Tyranitar\n|-supereffective|p1a: Tyranitar\n|-damage|p1a: Tyranitar|1/284\n|-start|p1a: Tyranitar|confusion\n|-damage|p2a: Lumineon|174/279|[from] item: Life Orb\n|\n|-weather|Sandstorm|[upkeep]\n|-damage|p2a: Lumineon|157/279|[from] Sandstorm\n|-end|p1a: Tyranitar|Encore\n|upkeep\n|turn|9\n|\n|t:|1781411953\n|switch|p2a: Dudunsparce|Dudunsparce, L83, M|132/343\n|-activate|p1a: Tyranitar|confusion\n|move|p1a: Tyranitar|Knock Off|p2a: Dudunsparce\n|-damage|p2a: Dudunsparce|0 fnt\n|-enditem|p2a: Dudunsparce|Leftovers|[from] move: Knock Off|[of] p1a: Tyranitar\n|faint|p2a: Dudunsparce\n|\n|-weather|none\n|upkeep\n|\n|t:|1781411956\n|switch|p2a: Ambipom|Ambipom, L84, F|263/263\n|turn|10\n|\n|t:|1781411960\n|-terastallize|p1a: Tyranitar|Ghost\n|move|p2a: Ambipom|Fake Out|p1a: Tyranitar\n|-immune|p1a: Tyranitar\n|-activate|p1a: Tyranitar|confusion\n|move|p1a: Tyranitar|Knock Off|p2a: Ambipom\n|-crit|p2a: Ambipom\n|-damage|p2a: Ambipom|0 fnt\n|-enditem|p2a: Ambipom|Silk Scarf|[from] move: Knock Off|[of] p1a: Tyranitar\n|faint|p2a: Ambipom\n|\n|upkeep\n|\n|t:|1781411965\n|switch|p2a: Houndoom|Houndoom, L87, F|143/272\n|turn|11\n|\n|t:|1781411970\n|move|p2a: Houndoom|Sucker Punch|p1a: Tyranitar\n|-supereffective|p1a: Tyranitar\n|-damage|p1a: Tyranitar|0 fnt\n|faint|p1a: Tyranitar\n|\n|upkeep\n|c|\u2606lalo's pollos|NOOOOOOOOO\n|\n|t:|1781411986\n|switch|p1a: Alcremie|Alcremie-Matcha-Cream, L90, F|263/263\n|turn|12\n|\n|t:|1781412000\n|move|p2a: Houndoom|Sludge Bomb|p1a: Alcremie\n|-supereffective|p1a: Alcremie\n|-damage|p1a: Alcremie|145/263\n|move|p1a: Alcremie|Alluring Voice|p2a: Houndoom\n|-damage|p2a: Houndoom|35/272\n|\n|-heal|p1a: Alcremie|161/263|[from] item: Leftovers\n|upkeep\n|turn|13\n|\n|t:|1781412003\n|move|p2a: Houndoom|Sludge Bomb|p1a: Alcremie\n|-supereffective|p1a: Alcremie\n|-damage|p1a: Alcremie|47/263\n|-status|p1a: Alcremie|psn\n|move|p1a: Alcremie|Alluring Voice|p2a: Houndoom\n|-damage|p2a: Houndoom|0 fnt\n|faint|p2a: Houndoom\n|\n|-heal|p1a: Alcremie|63/263 psn|[from] item: Leftovers\n|-damage|p1a: Alcremie|31/263 psn|[from] psn\n|upkeep\n|\n|t:|1781412011\n|switch|p2a: Lumineon|Lumineon, L93, M|157/279\n|turn|14\n|\n|t:|1781412014\n|move|p2a: Lumineon|Alluring Voice|p1a: Alcremie\n|-damage|p1a: Alcremie|0 fnt\n|faint|p1a: Alcremie\n|-damage|p2a: Lumineon|130/279|[from] item: Life Orb\n|\n|upkeep\n|\n|t:|1781412017\n|switch|p1a: Trevenant|Trevenant, L89, F|296/296\n|turn|15\n|\n|t:|1781412048\n|move|p2a: Lumineon|Ice Beam|p1a: Trevenant\n|-supereffective|p1a: Trevenant\n|-damage|p1a: Trevenant|140/296\n|-damage|p2a: Lumineon|103/279|[from] item: Life Orb\n|move|p1a: Trevenant|Poltergeist|p2a: Lumineon\n|-activate|p2a: Lumineon|move: Poltergeist|Life Orb\n|-damage|p2a: Lumineon|0 fnt\n|faint|p2a: Lumineon\n|-damage|p1a: Trevenant|111/296|[from] item: Life Orb\n|\n|upkeep\n|\n|t:|1781412057\n|switch|p2a: Azelf|Azelf, L82|257/257\n|turn|16\n|\n|t:|1781412066\n|-terastallize|p2a: Azelf|Psychic\n|move|p2a: Azelf|Psychic|p1a: Trevenant\n|-damage|p1a: Trevenant|0 fnt\n|faint|p1a: Trevenant\n|\n|upkeep\n|\n|t:|1781412071\n|switch|p1a: Suicune|Suicune, L82|298/298\n|-ability|p1a: Suicune|Pressure\n|turn|17\n|\n|t:|1781412089\n|move|p1a: Suicune|Protect|p1a: Suicune\n|-singleturn|p1a: Suicune|Protect\n|move|p2a: Azelf|Psychic|p1a: Suicune\n|-activate|p1a: Suicune|move: Protect\n|\n|upkeep\n|turn|18\n|\n|t:|1781412092\n|move|p2a: Azelf|Psychic|p1a: Suicune\n|-damage|p1a: Suicune|126/298\n|move|p1a: Suicune|Calm Mind|p1a: Suicune\n|-boost|p1a: Suicune|spa|1\n|-boost|p1a: Suicune|spd|1\n|\n|-heal|p1a: Suicune|144/298|[from] item: Leftovers\n|upkeep\n|turn|19\n|\n|t:|1781412095\n|move|p1a: Suicune|Protect|p1a: Suicune\n|-singleturn|p1a: Suicune|Protect\n|move|p2a: Azelf|Psychic|p1a: Suicune\n|-activate|p1a: Suicune|move: Protect\n|\n|-heal|p1a: Suicune|162/298|[from] item: Leftovers\n|upkeep\n|turn|20\n|\n|t:|1781412102\n|move|p2a: Azelf|Psychic|p1a: Suicune\n|-damage|p1a: Suicune|40/298\n|move|p1a: Suicune|Substitute|p1a: Suicune\n|-fail|p1a: Suicune|move: Substitute|[weak]\n|\n|-heal|p1a: Suicune|58/298|[from] item: Leftovers\n|upkeep\n|turn|21\n|\n|t:|1781412106\n|move|p1a: Suicune|Protect|p1a: Suicune\n|-singleturn|p1a: Suicune|Protect\n|move|p2a: Azelf|Psychic|p1a: Suicune\n|-activate|p1a: Suicune|move: Protect\n|\n|-heal|p1a: Suicune|76/298|[from] item: Leftovers\n|upkeep\n|turn|22\n|\n|t:|1781412110\n|move|p1a: Suicune|Protect||[still]\n|-fail|p1a: Suicune\n|move|p2a: Azelf|Psychic|p1a: Suicune\n|-damage|p1a: Suicune|0 fnt\n|faint|p1a: Suicune\n|\n|upkeep\n|\n|t:|1781412112\n|switch|p1a: Cinccino|Cinccino, L83, F|260/260\n|turn|23\n|\n|t:|1781412114\n|move|p1a: Cinccino|Tidy Up|p1a: Cinccino\n|-boost|p1a: Cinccino|atk|1\n|-boost|p1a: Cinccino|spe|1\n|move|p2a: Azelf|Psychic|p1a: Cinccino\n|-damage|p1a: Cinccino|0 fnt\n|faint|p1a: Cinccino\n|\n|win|WhatEver2102\n", "uploadtime": 1781411822, "views": 4, "formatid": "gen9randombattle", "rating": null, "private": 0, "password": null}