{"id": "gen9randombattle-2631835994", "format": "[Gen 9] Random Battle", "players": ["pablovr", "Lunarity123"], "log": "|j|\u2606pablovr\n|j|\u2606Lunarity123\n|t:|1781446261\n|gametype|singles\n|player|p1|pablovr|hiker-gen4|1935\n|player|p2|Lunarity123|170|1905\n|gen|9\n|tier|[Gen 9] Random Battle\n|rated|\n|rule|Species Clause: Limit one of each Pok\u00e9mon\n|rule|HP Percentage Mod: HP is shown in percentages\n|rule|Sleep Clause Mod: Limit one foe put to sleep\n|rule|Illusion Level Mod: Illusion disguises the Pok\u00e9mon's true level\n|\n|t:|1781446261\n|teamsize|p1|6\n|teamsize|p2|6\n|start\n|switch|p1a: Shaymin|Shaymin, L82|298/298\n|switch|p2a: Tauros|Tauros-Paldea-Combat, L82, M|257/257\n|-ability|p2a: Tauros|Intimidate|boost\n|-unboost|p1a: Shaymin|atk|1\n|turn|1\n|\n|t:|1781446298\n|switch|p2a: Zekrom|Zekrom, L71|259/259\n|-ability|p2a: Zekrom|Teravolt\n|move|p1a: Shaymin|Seed Flare|p2a: Zekrom|[miss]\n|-miss|p1a: Shaymin|p2a: Zekrom\n|\n|upkeep\n|turn|2\n|\n|t:|1781446315\n|switch|p1a: Pecharunt|Pecharunt, L77|262/262\n|move|p2a: Zekrom|Substitute|p2a: Zekrom\n|-start|p2a: Zekrom|Substitute\n|-damage|p2a: Zekrom|195/259\n|\n|-heal|p2a: Zekrom|211/259|[from] item: Leftovers\n|upkeep\n|turn|3\n|\n|t:|1781446331\n|move|p1a: Pecharunt|Malignant Chain|p2a: Zekrom\n|-end|p2a: Zekrom|Substitute\n|move|p2a: Zekrom|Dragon Dance|p2a: Zekrom\n|-boost|p2a: Zekrom|atk|1\n|-boost|p2a: Zekrom|spe|1\n|\n|-heal|p2a: Zekrom|227/259|[from] item: Leftovers\n|upkeep\n|turn|4\n|\n|t:|1781446337\n|move|p2a: Zekrom|Bolt Strike|p1a: Pecharunt\n|-damage|p1a: Pecharunt|127/262\n|-status|p1a: Pecharunt|par\n|move|p1a: Pecharunt|Malignant Chain|p2a: Zekrom\n|-damage|p2a: Zekrom|134/259\n|-status|p2a: Zekrom|tox\n|-start|p2a: Zekrom|confusion|[from] ability: Poison Puppeteer|[of] p1a: Pecharunt\n|\n|-heal|p2a: Zekrom|150/259 tox|[from] item: Leftovers\n|-heal|p1a: Pecharunt|143/262 par|[from] item: Leftovers\n|-damage|p2a: Zekrom|134/259 tox|[from] psn\n|upkeep\n|turn|5\n|\n|t:|1781446352\n|switch|p2a: Dragapult|Dragapult, L77, M|262/262\n|move|p1a: Pecharunt|Recover|p1a: Pecharunt\n|-heal|p1a: Pecharunt|262/262 par\n|\n|upkeep\n|turn|6\n|\n|t:|1781446357\n|switch|p1a: Oranguru|Oranguru, L92, M|315/315\n|move|p2a: Dragapult|Hex|p1a: Oranguru\n|-immune|p1a: Oranguru\n|\n|upkeep\n|turn|7\n|\n|t:|1781446367\n|move|p2a: Dragapult|U-turn|p1a: Oranguru\n|-supereffective|p1a: Oranguru\n|-damage|p1a: Oranguru|215/315\n|\n|t:|1781446387\n|switch|p2a: Whimsicott|Whimsicott, L84, F|238/238|[from] U-turn\n|move|p1a: Oranguru|Psyshock|p2a: Whimsicott\n|-damage|p2a: Whimsicott|109/238\n|-damage|p1a: Oranguru|184/315|[from] item: Life Orb\n|\n|-heal|p2a: Whimsicott|123/238|[from] item: Leftovers\n|upkeep\n|turn|8\n|\n|t:|1781446409\n|move|p2a: Whimsicott|Giga Drain|p1a: Oranguru\n|-damage|p1a: Oranguru|130/315\n|-heal|p2a: Whimsicott|150/238|[from] drain|[of] p1a: Oranguru\n|move|p1a: Oranguru|Hyper Voice|p2a: Whimsicott\n|-damage|p2a: Whimsicott|2/238\n|-damage|p1a: Oranguru|99/315|[from] item: Life Orb\n|\n|-heal|p2a: Whimsicott|16/238|[from] item: Leftovers\n|upkeep\n|turn|9\n|\n|t:|1781446421\n|move|p2a: Whimsicott|Moonblast|p1a: Oranguru\n|-damage|p1a: Oranguru|29/315\n|-unboost|p1a: Oranguru|spa|1\n|move|p1a: Oranguru|Psyshock|p2a: Whimsicott\n|-damage|p2a: Whimsicott|0 fnt\n|faint|p2a: Whimsicott\n|-damage|p1a: Oranguru|0 fnt|[from] item: Life Orb\n|faint|p1a: Oranguru\n|\n|upkeep\n|\n|t:|1781446435\n|switch|p2a: Dragapult|Dragapult, L77, M|262/262\n|switch|p1a: Pecharunt|Pecharunt, L77|262/262 par\n|turn|10\n|\n|t:|1781446440\n|switch|p1a: Honchkrow|Honchkrow, L86, F|312/312\n|move|p2a: Dragapult|Hex|p1a: Honchkrow\n|-resisted|p1a: Honchkrow\n|-crit|p1a: Honchkrow\n|-damage|p1a: Honchkrow|246/312\n|\n|upkeep\n|turn|11\n|\n|t:|1781446454\n|switch|p2a: Carbink|Carbink, L90|236/236\n|switch|p1a: Shaymin|Shaymin, L82|298/298\n|\n|upkeep\n|turn|12\n|\n|t:|1781446462\n|switch|p2a: Dragapult|Dragapult, L77, M|262/262\n|move|p1a: Shaymin|Seed Flare|p2a: Dragapult\n|-resisted|p2a: Dragapult\n|-damage|p2a: Dragapult|188/262\n|\n|upkeep\n|turn|13\n|\n|t:|1781446472\n|move|p2a: Dragapult|U-turn|p1a: Shaymin\n|-supereffective|p1a: Shaymin\n|-damage|p1a: Shaymin|208/298\n|\n|t:|1781446476\n|switch|p2a: Zekrom|Zekrom, L71|134/259 tox|[from] U-turn\n|-ability|p2a: Zekrom|Teravolt\n|move|p1a: Shaymin|Air Slash|p2a: Zekrom\n|-resisted|p2a: Zekrom\n|-damage|p2a: Zekrom|106/259 tox\n|\n|-heal|p1a: Shaymin|226/298|[from] item: Leftovers\n|-heal|p2a: Zekrom|122/259 tox|[from] item: Leftovers\n|-damage|p2a: Zekrom|106/259 tox|[from] psn\n|upkeep\n|turn|14\n|\n|t:|1781446488\n|move|p1a: Shaymin|Substitute|p1a: Shaymin\n|-start|p1a: Shaymin|Substitute\n|-damage|p1a: Shaymin|152/298\n|move|p2a: Zekrom|Outrage|p1a: Shaymin\n|-end|p1a: Shaymin|Substitute\n|\n|-heal|p1a: Shaymin|170/298|[from] item: Leftovers\n|-heal|p2a: Zekrom|122/259 tox|[from] item: Leftovers\n|-damage|p2a: Zekrom|90/259 tox|[from] psn\n|upkeep\n|turn|15\n|\n|t:|1781446497\n|move|p1a: Shaymin|Substitute|p1a: Shaymin\n|-start|p1a: Shaymin|Substitute\n|-damage|p1a: Shaymin|96/298\n|move|p2a: Zekrom|Outrage|p1a: Shaymin|[from] lockedmove\n|-end|p1a: Shaymin|Substitute\n|\n|-heal|p1a: Shaymin|114/298|[from] item: Leftovers\n|-heal|p2a: Zekrom|106/259 tox|[from] item: Leftovers\n|-damage|p2a: Zekrom|58/259 tox|[from] psn\n|upkeep\n|turn|16\n|\n|t:|1781446504\n|move|p1a: Shaymin|Substitute|p1a: Shaymin\n|-start|p1a: Shaymin|Substitute\n|-damage|p1a: Shaymin|40/298\n|move|p2a: Zekrom|Outrage|p1a: Shaymin|[from] lockedmove\n|-end|p1a: Shaymin|Substitute\n|-start|p2a: Zekrom|confusion|[fatigue]\n|\n|-heal|p1a: Shaymin|58/298|[from] item: Leftovers\n|-heal|p2a: Zekrom|74/259 tox|[from] item: Leftovers\n|-damage|p2a: Zekrom|10/259 tox|[from] psn\n|upkeep\n|turn|17\n|\n|t:|1781446515\n|move|p1a: Shaymin|Air Slash|p2a: Zekrom\n|-resisted|p2a: Zekrom\n|-damage|p2a: Zekrom|0 fnt\n|faint|p2a: Zekrom\n|\n|-heal|p1a: Shaymin|76/298|[from] item: Leftovers\n|upkeep\n|\n|t:|1781446521\n|switch|p2a: Dragapult|Dragapult, L77, M|188/262\n|turn|18\n|\n|t:|1781446533\n|switch|p1a: Pecharunt|Pecharunt, L77|262/262 par\n|move|p2a: Dragapult|Dragon Darts|p1a: Pecharunt\n|-damage|p1a: Pecharunt|229/262 par\n|-anim|p2a: Dragapult|Dragon Darts|p1a: Pecharunt\n|-damage|p1a: Pecharunt|192/262 par\n|\n|-heal|p1a: Pecharunt|208/262 par|[from] item: Leftovers\n|upkeep\n|turn|19\n|\n|t:|1781446538\n|move|p2a: Dragapult|Hex|p1a: Pecharunt\n|-supereffective|p1a: Pecharunt\n|-damage|p1a: Pecharunt|0 fnt\n|faint|p1a: Pecharunt\n|\n|upkeep\n|\n|t:|1781446552\n|switch|p1a: Toxtricity|Toxtricity, L82, F|257/257\n|turn|20\n|\n|t:|1781446566\n|move|p2a: Dragapult|Dragon Darts|p1a: Toxtricity\n|-damage|p1a: Toxtricity|196/257\n|-anim|p2a: Dragapult|Dragon Darts|p1a: Toxtricity\n|-damage|p1a: Toxtricity|130/257\n|move|p1a: Toxtricity|Shift Gear|p1a: Toxtricity\n|-boost|p1a: Toxtricity|spe|2\n|-boost|p1a: Toxtricity|atk|1\n|\n|upkeep\n|turn|21\n|\n|t:|1781446591\n|move|p1a: Toxtricity|Gunk Shot|p2a: Dragapult\n|-resisted|p2a: Dragapult\n|-damage|p2a: Dragapult|71/262\n|-status|p2a: Dragapult|psn\n|move|p2a: Dragapult|Dragon Darts|p1a: Toxtricity\n|-damage|p1a: Toxtricity|63/257\n|-anim|p2a: Dragapult|Dragon Darts|p1a: Toxtricity\n|-damage|p1a: Toxtricity|2/257\n|\n|-damage|p2a: Dragapult|39/262 psn|[from] psn\n|upkeep\n|turn|22\n|\n|t:|1781446607\n|move|p1a: Toxtricity|Overdrive|p2a: Dragapult\n|-resisted|p2a: Dragapult\n|-damage|p2a: Dragapult|0 fnt\n|faint|p2a: Dragapult\n|-enditem|p1a: Toxtricity|Throat Spray\n|-boost|p1a: Toxtricity|spa|1|[from] item: Throat Spray\n|\n|upkeep\n|\n|t:|1781446611\n|switch|p2a: Carbink|Carbink, L90|236/236\n|turn|23\n|\n|t:|1781446616\n|move|p1a: Toxtricity|Gunk Shot|p2a: Carbink\n|-damage|p2a: Carbink|133/236\n|move|p2a: Carbink|Moonblast|p1a: Toxtricity\n|-resisted|p1a: Toxtricity\n|-damage|p1a: Toxtricity|0 fnt\n|faint|p1a: Toxtricity\n|\n|upkeep\n|\n|t:|1781446621\n|switch|p1a: Shaymin|Shaymin, L82|76/298\n|turn|24\n|\n|t:|1781446644\n|switch|p2a: Tauros|Tauros-Paldea-Combat, L82, M|257/257\n|-ability|p2a: Tauros|Intimidate|boost\n|-unboost|p1a: Shaymin|atk|1\n|move|p1a: Shaymin|Seed Flare|p2a: Tauros|[miss]\n|-miss|p1a: Shaymin|p2a: Tauros\n|\n|-heal|p1a: Shaymin|94/298|[from] item: Leftovers\n|upkeep\n|turn|25\n|\n|t:|1781446656\n|switch|p1a: Veluza|Veluza, L85, F|292/292\n|move|p2a: Tauros|Close Combat|p1a: Veluza\n|-resisted|p1a: Veluza\n|-damage|p1a: Veluza|195/292\n|-unboost|p2a: Tauros|def|1\n|-unboost|p2a: Tauros|spd|1\n|-damage|p2a: Tauros|232/257|[from] item: Life Orb\n|\n|upkeep\n|turn|26\n|\n|t:|1781446676\n|move|p2a: Tauros|Throat Chop|p1a: Veluza\n|-supereffective|p1a: Veluza\n|-damage|p1a: Veluza|8/292\n|-start|p1a: Veluza|Throat Chop|[silent]\n|-damage|p2a: Tauros|207/257|[from] item: Life Orb\n|move|p1a: Veluza|Aqua Cutter|p2a: Tauros\n|-damage|p2a: Tauros|0 fnt\n|faint|p2a: Tauros\n|\n|upkeep\n|\n|t:|1781446681\n|switch|p2a: Blastoise|Blastoise, L80, M|258/258\n|turn|27\n|\n|t:|1781446689\n|move|p2a: Blastoise|Shell Smash|p2a: Blastoise\n|-unboost|p2a: Blastoise|def|1\n|-unboost|p2a: Blastoise|spd|1\n|-boost|p2a: Blastoise|atk|2\n|-boost|p2a: Blastoise|spa|2\n|-boost|p2a: Blastoise|spe|2\n|-enditem|p2a: Blastoise|White Herb\n|-clearnegativeboost|p2a: Blastoise|[silent]\n|move|p1a: Veluza|Aqua Cutter|p2a: Blastoise\n|-resisted|p2a: Blastoise\n|-damage|p2a: Blastoise|172/258\n|\n|-end|p1a: Veluza|Throat Chop|[silent]\n|upkeep\n|turn|28\n|\n|t:|1781446700\n|move|p2a: Blastoise|Ice Beam|p1a: Veluza\n|-resisted|p1a: Veluza\n|-damage|p1a: Veluza|0 fnt\n|faint|p1a: Veluza\n|\n|upkeep\n|\n|t:|1781446708\n|switch|p1a: Honchkrow|Honchkrow, L86, F|246/312\n|turn|29\n|inactive|Battle timer is ON: inactive players will automatically lose when time's up. (requested by pablovr)\n|\n|t:|1781446734\n|-terastallize|p1a: Honchkrow|Dark\n|move|p1a: Honchkrow|Sucker Punch|p2a: Blastoise\n|-damage|p2a: Blastoise|48/258\n|move|p2a: Blastoise|Ice Beam|p1a: Honchkrow\n|-damage|p1a: Honchkrow|89/312\n|\n|upkeep\n|turn|30\n|\n|t:|1781446747\n|move|p1a: Honchkrow|Sucker Punch||[still]\n|-fail|p1a: Honchkrow\n|move|p2a: Blastoise|Shell Smash|p2a: Blastoise\n|-unboost|p2a: Blastoise|def|1\n|-unboost|p2a: Blastoise|spd|1\n|-boost|p2a: Blastoise|atk|2\n|-boost|p2a: Blastoise|spa|2\n|-boost|p2a: Blastoise|spe|2\n|\n|upkeep\n|turn|31\n|\n|t:|1781446751\n|move|p1a: Honchkrow|Sucker Punch||[still]\n|-fail|p1a: Honchkrow\n|move|p2a: Blastoise|Shell Smash|p2a: Blastoise\n|-unboost|p2a: Blastoise|def|1\n|-unboost|p2a: Blastoise|spd|1\n|-boost|p2a: Blastoise|atk|2\n|-boost|p2a: Blastoise|spa|2\n|-boost|p2a: Blastoise|spe|2\n|\n|upkeep\n|turn|32\n|\n|t:|1781446753\n|move|p1a: Honchkrow|Sucker Punch||[still]\n|-fail|p1a: Honchkrow\n|move|p2a: Blastoise|Shell Smash|p2a: Blastoise\n|-unboost|p2a: Blastoise|def|1\n|-unboost|p2a: Blastoise|spd|1\n|-boost|p2a: Blastoise|atk|0\n|-boost|p2a: Blastoise|spa|0\n|-boost|p2a: Blastoise|spe|0\n|\n|upkeep\n|turn|33\n|\n|t:|1781446755\n|move|p1a: Honchkrow|Sucker Punch||[still]\n|-fail|p1a: Honchkrow\n|move|p2a: Blastoise|Shell Smash|p2a: Blastoise\n|-unboost|p2a: Blastoise|def|1\n|-unboost|p2a: Blastoise|spd|1\n|-boost|p2a: Blastoise|atk|0\n|-boost|p2a: Blastoise|spa|0\n|-boost|p2a: Blastoise|spe|0\n|\n|upkeep\n|turn|34\n|\n|t:|1781446758\n|move|p1a: Honchkrow|Sucker Punch||[still]\n|-fail|p1a: Honchkrow\n|move|p2a: Blastoise|Shell Smash|p2a: Blastoise\n|-unboost|p2a: Blastoise|def|1\n|-unboost|p2a: Blastoise|spd|1\n|-boost|p2a: Blastoise|atk|0\n|-boost|p2a: Blastoise|spa|0\n|-boost|p2a: Blastoise|spe|0\n|\n|upkeep\n|turn|35\n|\n|t:|1781446760\n|move|p2a: Blastoise|Shell Smash|p2a: Blastoise\n|-unboost|p2a: Blastoise|def|1\n|-unboost|p2a: Blastoise|spd|1\n|-boost|p2a: Blastoise|atk|0\n|-boost|p2a: Blastoise|spa|0\n|-boost|p2a: Blastoise|spe|0\n|move|p1a: Honchkrow|Brave Bird|p2a: Blastoise\n|-damage|p2a: Blastoise|0 fnt\n|faint|p2a: Blastoise\n|-ability|p1a: Honchkrow|Moxie|boost\n|-boost|p1a: Honchkrow|atk|1\n|-damage|p1a: Honchkrow|73/312|[from] Recoil\n|\n|upkeep\n|\n|t:|1781446762\n|switch|p2a: Carbink|Carbink, L90|133/236\n|turn|36\n|\n|t:|1781446769\n|move|p1a: Honchkrow|Brave Bird|p2a: Carbink\n|-resisted|p2a: Carbink\n|-damage|p2a: Carbink|61/236\n|-damage|p1a: Honchkrow|49/312|[from] Recoil\n|move|p2a: Carbink|Rest|p2a: Carbink\n|-status|p2a: Carbink|slp|[from] move: Rest\n|-heal|p2a: Carbink|236/236 slp|[silent]\n|-enditem|p2a: Carbink|Chesto Berry|[eat]\n|-curestatus|p2a: Carbink|slp|[msg]\n|\n|upkeep\n|turn|37\n|\n|t:|1781446780\n|move|p1a: Honchkrow|Brave Bird|p2a: Carbink\n|-resisted|p2a: Carbink\n|-damage|p2a: Carbink|155/236\n|-damage|p1a: Honchkrow|22/312|[from] Recoil\n|move|p2a: Carbink|Moonblast|p1a: Honchkrow\n|-supereffective|p1a: Honchkrow\n|-damage|p1a: Honchkrow|0 fnt\n|faint|p1a: Honchkrow\n|\n|upkeep\n|\n|t:|1781446786\n|switch|p1a: Shaymin|Shaymin, L82|94/298\n|turn|38\n|\n|t:|1781446788\n|-terastallize|p2a: Carbink|Fighting\n|move|p1a: Shaymin|Seed Flare|p2a: Carbink|[miss]\n|-miss|p1a: Shaymin|p2a: Carbink\n|move|p2a: Carbink|Body Press|p1a: Shaymin\n|-damage|p1a: Shaymin|0 fnt\n|faint|p1a: Shaymin\n|\n|win|Lunarity123\n", "uploadtime": 1781446263, "views": 4, "formatid": "gen9randombattle", "rating": null, "private": 0, "password": null}