{"id": "gen9randombattle-2631458684", "format": "[Gen 9] Random Battle", "players": ["KiloTracer", "SmolivMyBeloved"], "log": "|j|\u2606KiloTracer\n|j|\u2606SmolivMyBeloved\n|t:|1781387200\n|gametype|singles\n|player|p1|KiloTracer|169|1282\n|player|p2|SmolivMyBeloved|n|1260\n|gen|9\n|tier|[Gen 9] Random Battle\n|rated|\n|rule|Species Clause: Limit one of each Pok\u00e9mon\n|rule|HP Percentage Mod: HP is shown in percentages\n|rule|Sleep Clause Mod: Limit one foe put to sleep\n|rule|Illusion Level Mod: Illusion disguises the Pok\u00e9mon's true level\n|\n|t:|1781387200\n|teamsize|p1|6\n|teamsize|p2|6\n|start\n|switch|p1a: Chimecho|Chimecho, L93, F|290/290\n|switch|p2a: Scovillain|Scovillain, L91, M|266/266\n|turn|1\n|\n|t:|1781387216\n|switch|p1a: Houndoom|Houndoom, L87, F|272/272\n|move|p2a: Scovillain|Sunny Day|p2a: Scovillain\n|-weather|SunnyDay\n|\n|-weather|SunnyDay|[upkeep]\n|upkeep\n|turn|2\n|\n|t:|1781387225\n|move|p2a: Scovillain|Stomping Tantrum|p1a: Houndoom\n|-supereffective|p1a: Houndoom\n|-damage|p1a: Houndoom|82/272\n|move|p1a: Houndoom|Sludge Bomb|p2a: Scovillain\n|-supereffective|p2a: Scovillain\n|-crit|p2a: Scovillain\n|-damage|p2a: Scovillain|2/266\n|-status|p2a: Scovillain|psn\n|\n|-weather|SunnyDay|[upkeep]\n|-damage|p2a: Scovillain|0 fnt|[from] psn\n|faint|p2a: Scovillain\n|upkeep\n|\n|t:|1781387239\n|switch|p2a: Bruxish|Bruxish, L85, M|254/254\n|turn|3\n|\n|t:|1781387243\n|move|p1a: Houndoom|Sucker Punch|p2a: Bruxish\n|-supereffective|p2a: Bruxish\n|-damage|p2a: Bruxish|72/254\n|move|p2a: Bruxish|Flip Turn|p1a: Houndoom\n|-supereffective|p1a: Houndoom\n|-damage|p1a: Houndoom|0 fnt\n|faint|p1a: Houndoom\n|\n|t:|1781387250\n|switch|p2a: Toucannon|Toucannon, L88, F|284/284|[from] Flip Turn\n|\n|-weather|SunnyDay|[upkeep]\n|upkeep\n|\n|t:|1781387257\n|switch|p1a: Toxtricity|Toxtricity, L82, F|257/257\n|turn|4\n|\n|t:|1781387264\n|-singleturn|p2a: Toucannon|move: Beak Blast\n|move|p1a: Toxtricity|Overdrive|p2a: Toucannon\n|-supereffective|p2a: Toucannon\n|-damage|p2a: Toucannon|18/284\n|-enditem|p1a: Toxtricity|Throat Spray\n|-boost|p1a: Toxtricity|spa|1|[from] item: Throat Spray\n|move|p2a: Toucannon|Beak Blast|p1a: Toxtricity\n|-resisted|p1a: Toxtricity\n|-damage|p1a: Toxtricity|169/257\n|\n|-weather|SunnyDay|[upkeep]\n|upkeep\n|turn|5\n|\n|t:|1781387284\n|move|p1a: Toxtricity|Boomburst|p2a: Toucannon\n|-damage|p2a: Toucannon|0 fnt\n|faint|p2a: Toucannon\n|\n|-weather|none\n|upkeep\n|\n|t:|1781387291\n|switch|p2a: Arboliva|Arboliva, L91, M|290/290\n|turn|6\n|\n|t:|1781387301\n|-terastallize|p2a: Arboliva|Ground\n|move|p1a: Toxtricity|Gunk Shot|p2a: Arboliva|[miss]\n|-miss|p1a: Toxtricity|p2a: Arboliva\n|move|p2a: Arboliva|Earth Power|p1a: Toxtricity\n|-supereffective|p1a: Toxtricity\n|-damage|p1a: Toxtricity|0 fnt\n|faint|p1a: Toxtricity\n|\n|upkeep\n|\n|t:|1781387309\n|switch|p1a: Veluza|Veluza, L85, F|292/292\n|turn|7\n|\n|t:|1781387315\n|move|p1a: Veluza|Aqua Cutter|p2a: Arboliva\n|-supereffective|p2a: Arboliva\n|-damage|p2a: Arboliva|86/290\n|-fieldstart|move: Grassy Terrain|[from] ability: Seed Sower|[of] p2a: Arboliva\n|move|p2a: Arboliva|Energy Ball|p1a: Veluza\n|-supereffective|p1a: Veluza\n|-damage|p1a: Veluza|0 fnt\n|faint|p1a: Veluza\n|\n|-heal|p2a: Arboliva|104/290|[from] Grassy Terrain\n|-heal|p2a: Arboliva|122/290|[from] item: Leftovers\n|upkeep\n|\n|t:|1781387324\n|switch|p1a: Scovillain|Scovillain, L91, M|266/266\n|turn|8\n|\n|t:|1781387331\n|move|p1a: Scovillain|Energy Ball|p2a: Arboliva\n|-supereffective|p2a: Arboliva\n|-damage|p2a: Arboliva|0 fnt\n|faint|p2a: Arboliva\n|\n|upkeep\n|\n|t:|1781387338\n|switch|p2a: Dachsbun|Dachsbun, L92, F|254/254\n|turn|9\n|\n|t:|1781387348\n|move|p2a: Dachsbun|Yawn|p1a: Scovillain\n|-start|p1a: Scovillain|move: Yawn|[of] p2a: Dachsbun\n|move|p1a: Scovillain|Energy Ball|p2a: Dachsbun\n|-damage|p2a: Dachsbun|17/254\n|\n|-heal|p2a: Dachsbun|32/254|[from] Grassy Terrain\n|-heal|p2a: Dachsbun|47/254|[from] item: Leftovers\n|upkeep\n|turn|10\n|\n|t:|1781387356\n|switch|p2a: Latios|Latios, L78, M|253/253\n|move|p1a: Scovillain|Energy Ball|p2a: Latios\n|-resisted|p2a: Latios\n|-damage|p2a: Latios|152/253\n|\n|-end|p1a: Scovillain|move: Yawn|[silent]\n|-status|p1a: Scovillain|slp\n|upkeep\n|turn|11\n|\n|t:|1781387372\n|switch|p1a: Toedscruel|Toedscruel, L87, M|281/281\n|move|p2a: Latios|Calm Mind|p2a: Latios\n|-boost|p2a: Latios|spa|1\n|-boost|p2a: Latios|spd|1\n|\n|-fieldend|move: Grassy Terrain\n|upkeep\n|turn|12\n|\n|t:|1781387385\n|move|p1a: Toedscruel|Knock Off|p2a: Latios\n|-supereffective|p2a: Latios\n|-damage|p2a: Latios|8/253\n|-enditem|p2a: Latios|Soul Dew|[from] move: Knock Off|[of] p1a: Toedscruel\n|move|p2a: Latios|Psyshock|p1a: Toedscruel\n|-damage|p1a: Toedscruel|110/281\n|\n|upkeep\n|turn|13\n|\n|t:|1781387404\n|move|p1a: Toedscruel|Rapid Spin|p2a: Latios\n|-damage|p2a: Latios|0 fnt\n|-boost|p1a: Toedscruel|spe|1\n|faint|p2a: Latios\n|\n|upkeep\n|-message|SmolivMyBeloved forfeited.\n|\n|win|KiloTracer\n|raw|KiloTracer's rating: 1282 &rarr; <strong>1305</strong><br />(+23 for winning)\n|raw|SmolivMyBeloved's rating: 1260 &rarr; <strong>1237</strong><br />(-23 for losing)\n|l|\u2606SmolivMyBeloved\n|player|p2|\n", "uploadtime": 1781387414, "views": 3, "formatid": "gen9randombattle", "rating": 1237, "private": 0, "password": null}