{"id": "gen9randombattle-2631950046", "format": "[Gen 9] Random Battle", "players": ["QuickedFoundation", "ProSemitic"], "log": "|j|\u2606QuickedFoundation\n|j|\u2606ProSemitic\n|t:|1781459023\n|gametype|singles\n|player|p1|QuickedFoundation|2|1637\n|player|p2|ProSemitic|lady-gen4|1681\n|gen|9\n|tier|[Gen 9] Random Battle\n|rated|\n|rule|Species Clause: Limit one of each Pok\u00e9mon\n|rule|HP Percentage Mod: HP is shown in percentages\n|rule|Sleep Clause Mod: Limit one foe put to sleep\n|rule|Illusion Level Mod: Illusion disguises the Pok\u00e9mon's true level\n|\n|t:|1781459023\n|teamsize|p1|6\n|teamsize|p2|6\n|start\n|switch|p1a: Dragonite|Dragonite, L74, M|257/257\n|switch|p2a: Spectrier|Spectrier, L75|274/274\n|turn|1\n|\n|t:|1781459044\n|switch|p2a: Leafeon|Leafeon, L88, F|258/258\n|switch|p1a: Sawsbuck|Sawsbuck-Winter, L88, F|284/284\n|\n|upkeep\n|turn|2\n|inactive|Battle timer is ON: inactive players will automatically lose when time's up. (requested by ProSemitic)\n|\n|t:|1781459054\n|move|p1a: Sawsbuck|Swords Dance|p1a: Sawsbuck\n|-boost|p1a: Sawsbuck|atk|2\n|move|p2a: Leafeon|Swords Dance|p2a: Leafeon\n|-boost|p2a: Leafeon|atk|2\n|\n|upkeep\n|turn|3\n|\n|t:|1781459058\n|move|p1a: Sawsbuck|Headbutt|p2a: Leafeon\n|-damage|p2a: Leafeon|101/258\n|-damage|p1a: Sawsbuck|256/284|[from] item: Life Orb\n|move|p2a: Leafeon|Knock Off|p1a: Sawsbuck\n|-damage|p1a: Sawsbuck|0 fnt\n|-enditem|p1a: Sawsbuck|Life Orb|[from] move: Knock Off|[of] p2a: Leafeon\n|faint|p1a: Sawsbuck\n|-damage|p2a: Leafeon|76/258|[from] item: Life Orb\n|\n|upkeep\n|\n|t:|1781459071\n|switch|p1a: Meowstic|Meowstic, L89, M|277/277\n|turn|4\n|\n|t:|1781459081\n|switch|p2a: Jirachi|Jirachi, L80|291/291\n|move|p1a: Meowstic|Psychic Noise|p2a: Jirachi\n|-resisted|p2a: Jirachi\n|-damage|p2a: Jirachi|274/291\n|-start|p2a: Jirachi|move: Heal Block\n|\n|upkeep\n|turn|5\n|\n|t:|1781459089\n|move|p1a: Meowstic|Yawn|p2a: Jirachi\n|-start|p2a: Jirachi|move: Yawn|[of] p1a: Meowstic\n|move|p2a: Jirachi|U-turn|p1a: Meowstic\n|-supereffective|p1a: Meowstic\n|-damage|p1a: Meowstic|181/277\n|\n|t:|1781459094\n|switch|p2a: Spectrier|Spectrier, L75|274/274|[from] U-turn\n|\n|upkeep\n|turn|6\n|\n|t:|1781459099\n|switch|p2a: Jirachi|Jirachi, L80|274/291\n|move|p1a: Meowstic|Light Screen|p1a: Meowstic\n|-sidestart|p1: QuickedFoundation|move: Light Screen\n|\n|upkeep\n|turn|7\n|\n|t:|1781459107\n|move|p1a: Meowstic|Reflect|p1a: Meowstic\n|-sidestart|p1: QuickedFoundation|Reflect\n|move|p2a: Jirachi|Iron Head|p1a: Meowstic\n|-damage|p1a: Meowstic|140/277\n|\n|upkeep\n|turn|8\n|\n|t:|1781459132\n|move|p1a: Meowstic|Yawn|p2a: Jirachi\n|-start|p2a: Jirachi|move: Yawn|[of] p1a: Meowstic\n|move|p2a: Jirachi|Iron Head|p1a: Meowstic\n|-crit|p1a: Meowstic\n|-damage|p1a: Meowstic|11/277\n|\n|upkeep\n|turn|9\n|\n|t:|1781459146\n|switch|p2a: Goodra|Goodra-Hisui, L82, F|265/265\n|switch|p1a: Pawmot|Pawmot, L80, M|243/243\n|\n|upkeep\n|turn|10\n|\n|t:|1781459160\n|move|p1a: Pawmot|Knock Off|p2a: Goodra\n|-damage|p2a: Goodra|175/265\n|-enditem|p2a: Goodra|Assault Vest|[from] move: Knock Off|[of] p1a: Pawmot\n|-damage|p1a: Pawmot|219/243|[from] item: Life Orb\n|move|p2a: Goodra|Draco Meteor|p1a: Pawmot|[miss]\n|-miss|p2a: Goodra|p1a: Pawmot\n|\n|upkeep\n|turn|11\n|\n|t:|1781459171\n|switch|p2a: Spectrier|Spectrier, L75|274/274\n|move|p1a: Pawmot|Close Combat|p2a: Spectrier\n|-immune|p2a: Spectrier\n|\n|upkeep\n|turn|12\n|\n|t:|1781459176\n|move|p2a: Spectrier|Substitute|p2a: Spectrier\n|-start|p2a: Spectrier|Substitute\n|-damage|p2a: Spectrier|206/274\n|move|p1a: Pawmot|Knock Off|p2a: Spectrier\n|-supereffective|p2a: Spectrier\n|-end|p2a: Spectrier|Substitute\n|-damage|p1a: Pawmot|195/243|[from] item: Life Orb\n|\n|-heal|p2a: Spectrier|223/274|[from] item: Leftovers\n|upkeep\n|turn|13\n|\n|t:|1781459181\n|move|p2a: Spectrier|Substitute|p2a: Spectrier\n|-start|p2a: Spectrier|Substitute\n|-damage|p2a: Spectrier|155/274\n|move|p1a: Pawmot|Knock Off|p2a: Spectrier\n|-supereffective|p2a: Spectrier\n|-end|p2a: Spectrier|Substitute\n|-damage|p1a: Pawmot|171/243|[from] item: Life Orb\n|\n|-heal|p2a: Spectrier|172/274|[from] item: Leftovers\n|-sideend|p1: QuickedFoundation|move: Light Screen\n|upkeep\n|turn|14\n|\n|t:|1781459199\n|-terastallize|p2a: Spectrier|Fighting\n|move|p2a: Spectrier|Substitute|p2a: Spectrier\n|-start|p2a: Spectrier|Substitute\n|-damage|p2a: Spectrier|104/274\n|move|p1a: Pawmot|Knock Off|p2a: Spectrier\n|-resisted|p2a: Spectrier\n|-activate|p2a: Spectrier|move: Substitute|[damage]\n|-damage|p1a: Pawmot|147/243|[from] item: Life Orb\n|\n|-heal|p2a: Spectrier|121/274|[from] item: Leftovers\n|-sideend|p1: QuickedFoundation|Reflect\n|upkeep\n|turn|15\n|\n|t:|1781459214\n|move|p2a: Spectrier|Shadow Ball|p1a: Pawmot\n|-damage|p1a: Pawmot|6/243\n|move|p1a: Pawmot|Close Combat|p2a: Spectrier\n|-end|p2a: Spectrier|Substitute\n|-unboost|p1a: Pawmot|def|1\n|-unboost|p1a: Pawmot|spd|1\n|-damage|p1a: Pawmot|0 fnt|[from] item: Life Orb\n|faint|p1a: Pawmot\n|\n|-heal|p2a: Spectrier|138/274|[from] item: Leftovers\n|upkeep\n|\n|t:|1781459219\n|switch|p1a: Meowstic|Meowstic, L89, M|11/277\n|turn|16\n|\n|t:|1781459225\n|move|p1a: Meowstic|Light Screen|p1a: Meowstic\n|-sidestart|p1: QuickedFoundation|move: Light Screen\n|move|p2a: Spectrier|Shadow Ball|p1a: Meowstic\n|-supereffective|p1a: Meowstic\n|-damage|p1a: Meowstic|0 fnt\n|faint|p1a: Meowstic\n|-ability|p2a: Spectrier|Grim Neigh|boost\n|-boost|p2a: Spectrier|spa|1\n|\n|-heal|p2a: Spectrier|155/274|[from] item: Leftovers\n|upkeep\n|\n|t:|1781459241\n|switch|p1a: Lucario|Lucario, L84, M|255/255\n|turn|17\n|\n|t:|1781459248\n|-terastallize|p1a: Lucario|Fighting\n|move|p2a: Spectrier|Tera Blast|p1a: Lucario|[anim] Tera Blast Fighting\n|-damage|p1a: Lucario|178/255\n|move|p1a: Lucario|Nasty Plot|p1a: Lucario\n|-boost|p1a: Lucario|spa|2\n|\n|-heal|p2a: Spectrier|172/274|[from] item: Leftovers\n|upkeep\n|turn|18\n|\n|t:|1781459265\n|move|p2a: Spectrier|Substitute|p2a: Spectrier\n|-start|p2a: Spectrier|Substitute\n|-damage|p2a: Spectrier|104/274\n|move|p1a: Lucario|Aura Sphere|p2a: Spectrier\n|-end|p2a: Spectrier|Substitute\n|-damage|p1a: Lucario|153/255|[from] item: Life Orb\n|\n|-heal|p2a: Spectrier|121/274|[from] item: Leftovers\n|upkeep\n|turn|19\n|\n|t:|1781459271\n|move|p2a: Spectrier|Shadow Ball|p1a: Lucario\n|-damage|p1a: Lucario|62/255\n|move|p1a: Lucario|Aura Sphere|p2a: Spectrier\n|-damage|p2a: Spectrier|0 fnt\n|faint|p2a: Spectrier\n|-damage|p1a: Lucario|37/255|[from] item: Life Orb\n|\n|upkeep\n|\n|t:|1781459277\n|switch|p2a: Jirachi|Jirachi, L80|274/291\n|turn|20\n|\n|t:|1781459284\n|move|p1a: Lucario|Vacuum Wave|p2a: Jirachi\n|-damage|p2a: Jirachi|123/291\n|-damage|p1a: Lucario|12/255|[from] item: Life Orb\n|move|p2a: Jirachi|Psychic|p1a: Lucario\n|-supereffective|p1a: Lucario\n|-damage|p1a: Lucario|0 fnt\n|faint|p1a: Lucario\n|\n|upkeep\n|\n|t:|1781459295\n|switch|p1a: Dragonite|Dragonite, L74, M|257/257\n|turn|21\n|\n|t:|1781459299\n|switch|p2a: Goodra|Goodra-Hisui, L82, F|175/265\n|move|p1a: Dragonite|Dragon Dance|p1a: Dragonite\n|-boost|p1a: Dragonite|atk|1\n|-boost|p1a: Dragonite|spe|1\n|\n|upkeep\n|turn|22\n|\n|t:|1781459310\n|move|p1a: Dragonite|Earthquake|p2a: Goodra\n|-supereffective|p2a: Goodra\n|-damage|p2a: Goodra|0 fnt\n|faint|p2a: Goodra\n|\n|upkeep\n|\n|t:|1781459319\n|switch|p2a: Jirachi|Jirachi, L80|123/291\n|turn|23\n|\n|t:|1781459325\n|move|p2a: Jirachi|Iron Head|p1a: Dragonite\n|-damage|p1a: Dragonite|214/257\n|cant|p1a: Dragonite|flinch\n|\n|-sideend|p1: QuickedFoundation|move: Light Screen\n|upkeep\n|turn|24\n|\n|t:|1781459328\n|move|p2a: Jirachi|Iron Head|p1a: Dragonite\n|-damage|p1a: Dragonite|129/257\n|cant|p1a: Dragonite|flinch\n|\n|upkeep\n|turn|25\n|\n|t:|1781459334\n|move|p2a: Jirachi|Iron Head|p1a: Dragonite\n|-damage|p1a: Dragonite|47/257\n|cant|p1a: Dragonite|flinch\n|\n|upkeep\n|turn|26\n|c|\u2606ProSemitic|f\n|c|\u2606QuickedFoundation|damn'\n|\n|t:|1781459359\n|switch|p1a: Groudon|Groudon, L72|263/263\n|-weather|SunnyDay|[from] ability: Drought|[of] p1a: Groudon\n|move|p2a: Jirachi|Iron Head|p1a: Groudon\n|-damage|p1a: Groudon|202/263\n|\n|-weather|SunnyDay|[upkeep]\n|-heal|p1a: Groudon|218/263|[from] item: Leftovers\n|upkeep\n|turn|27\n|\n|t:|1781459367\n|switch|p2a: Quaquaval|Quaquaval, L79, M|264/264\n|move|p1a: Groudon|Will-O-Wisp|p2a: Quaquaval\n|-status|p2a: Quaquaval|brn\n|\n|-weather|SunnyDay|[upkeep]\n|-heal|p1a: Groudon|234/263|[from] item: Leftovers\n|-damage|p2a: Quaquaval|248/264 brn|[from] brn\n|upkeep\n|turn|28\n|\n|t:|1781459382\n|move|p2a: Quaquaval|Aqua Step|p1a: Groudon\n|-supereffective|p1a: Groudon\n|-damage|p1a: Groudon|197/263\n|-boost|p2a: Quaquaval|spe|1\n|move|p1a: Groudon|Precipice Blades|p2a: Quaquaval\n|-damage|p2a: Quaquaval|95/264 brn\n|\n|-weather|SunnyDay|[upkeep]\n|-heal|p2a: Quaquaval|111/264 brn|[from] item: Leftovers\n|-heal|p1a: Groudon|213/263|[from] item: Leftovers\n|-damage|p2a: Quaquaval|95/264 brn|[from] brn\n|upkeep\n|turn|29\n|\n|t:|1781459388\n|move|p2a: Quaquaval|Roost|p2a: Quaquaval\n|-heal|p2a: Quaquaval|227/264 brn\n|-singleturn|p2a: Quaquaval|move: Roost\n|move|p1a: Groudon|Spikes|p2a: Quaquaval\n|-sidestart|p2: ProSemitic|Spikes\n|\n|-weather|SunnyDay|[upkeep]\n|-heal|p2a: Quaquaval|243/264 brn|[from] item: Leftovers\n|-heal|p1a: Groudon|229/263|[from] item: Leftovers\n|-damage|p2a: Quaquaval|227/264 brn|[from] brn\n|upkeep\n|turn|30\n|\n|t:|1781459395\n|move|p2a: Quaquaval|Rapid Spin|p1a: Groudon\n|-damage|p1a: Groudon|215/263\n|-boost|p2a: Quaquaval|spe|1\n|-sideend|p2: ProSemitic|Spikes|[from] move: Rapid Spin|[of] p2a: Quaquaval\n|move|p1a: Groudon|Spikes|p2a: Quaquaval\n|-sidestart|p2: ProSemitic|Spikes\n|\n|-weather|none\n|-heal|p2a: Quaquaval|243/264 brn|[from] item: Leftovers\n|-heal|p1a: Groudon|231/263|[from] item: Leftovers\n|-damage|p2a: Quaquaval|227/264 brn|[from] brn\n|upkeep\n|turn|31\n|\n|t:|1781459401\n|move|p2a: Quaquaval|Rapid Spin|p1a: Groudon\n|-damage|p1a: Groudon|216/263\n|-boost|p2a: Quaquaval|spe|1\n|-sideend|p2: ProSemitic|Spikes|[from] move: Rapid Spin|[of] p2a: Quaquaval\n|move|p1a: Groudon|Precipice Blades|p2a: Quaquaval\n|-damage|p2a: Quaquaval|79/264 brn\n|\n|-heal|p2a: Quaquaval|95/264 brn|[from] item: Leftovers\n|-heal|p1a: Groudon|232/263|[from] item: Leftovers\n|-damage|p2a: Quaquaval|79/264 brn|[from] brn\n|upkeep\n|turn|32\n|\n|t:|1781459406\n|move|p2a: Quaquaval|Aqua Step|p1a: Groudon\n|-supereffective|p1a: Groudon\n|-damage|p1a: Groudon|162/263\n|-boost|p2a: Quaquaval|spe|1\n|move|p1a: Groudon|Precipice Blades|p2a: Quaquaval\n|-damage|p2a: Quaquaval|0 fnt\n|faint|p2a: Quaquaval\n|\n|-heal|p1a: Groudon|178/263|[from] item: Leftovers\n|upkeep\n|\n|t:|1781459412\n|switch|p2a: Leafeon|Leafeon, L88, F|76/258\n|turn|33\n|\n|t:|1781459420\n|move|p2a: Leafeon|Leaf Blade|p1a: Groudon\n|-supereffective|p1a: Groudon\n|-damage|p1a: Groudon|0 fnt\n|faint|p1a: Groudon\n|-damage|p2a: Leafeon|51/258|[from] item: Life Orb\n|\n|upkeep\n|\n|t:|1781459424\n|switch|p1a: Dragonite|Dragonite, L74, M|47/257\n|turn|34\n|\n|t:|1781459426\n|move|p2a: Leafeon|Knock Off|p1a: Dragonite\n|-damage|p1a: Dragonite|0 fnt\n|-enditem|p1a: Dragonite|Heavy-Duty Boots|[from] move: Knock Off|[of] p2a: Leafeon\n|faint|p1a: Dragonite\n|-damage|p2a: Leafeon|26/258|[from] item: Life Orb\n|\n|win|ProSemitic\n|raw|QuickedFoundation's rating: 1637 &rarr; <strong>1620</strong><br />(-17 for losing)\n|raw|ProSemitic's rating: 1681 &rarr; <strong>1698</strong><br />(+17 for winning)\n|c|\u2606QuickedFoundation|gg\n", "uploadtime": 1781459432, "views": 2, "formatid": "gen9randombattle", "rating": 1620, "private": 0, "password": null}