{"id": "gen9randombattle-2631386449", "format": "[Gen 9] Random Battle", "players": ["santyp22", "Zambala"], "log": "|j|\u2606santyp22\n|j|\u2606Zambala\n|t:|1781378540\n|gametype|singles\n|player|p1|santyp22|169|1214\n|player|p2|Zambala|2|1227\n|gen|9\n|tier|[Gen 9] Random Battle\n|rated|\n|rule|Species Clause: Limit one of each Pok\u00e9mon\n|rule|HP Percentage Mod: HP is shown in percentages\n|rule|Sleep Clause Mod: Limit one foe put to sleep\n|rule|Illusion Level Mod: Illusion disguises the Pok\u00e9mon's true level\n|\n|t:|1781378540\n|teamsize|p1|6\n|teamsize|p2|6\n|start\n|switch|p1a: Primarina|Primarina, L83, F|268/268\n|switch|p2a: Dugtrio|Dugtrio, L84, F|196/196\n|turn|1\n|\n|t:|1781378585\n|switch|p2a: Vespiquen|Vespiquen, L99, F|299/299\n|-ability|p2a: Vespiquen|Pressure\n|move|p1a: Primarina|Sparkling Aria|p2a: Vespiquen\n|-damage|p2a: Vespiquen|205/299\n|\n|upkeep\n|turn|2\n|\n|t:|1781378602\n|switch|p1a: Iron Treads|Iron Treads, L77|265/265\n|move|p2a: Vespiquen|Spikes|p1a: Iron Treads\n|-sidestart|p1: santyp22|Spikes\n|\n|upkeep\n|turn|3\n|\n|t:|1781378611\n|move|p1a: Iron Treads|Stealth Rock|p2a: Vespiquen\n|-sidestart|p2: Zambala|move: Stealth Rock\n|move|p2a: Vespiquen|Spikes|p1a: Iron Treads\n|-sidestart|p1: santyp22|Spikes\n|\n|upkeep\n|turn|4\n|\n|t:|1781378615\n|move|p1a: Iron Treads|Rapid Spin|p2a: Vespiquen\n|-damage|p2a: Vespiquen|181/299\n|-boost|p1a: Iron Treads|spe|1\n|-sideend|p1: santyp22|Spikes|[from] move: Rapid Spin|[of] p1a: Iron Treads\n|move|p2a: Vespiquen|Spikes|p1a: Iron Treads\n|-sidestart|p1: santyp22|Spikes\n|\n|upkeep\n|turn|5\n|\n|t:|1781378630\n|move|p1a: Iron Treads|Rapid Spin|p2a: Vespiquen\n|-damage|p2a: Vespiquen|157/299\n|-boost|p1a: Iron Treads|spe|1\n|-sideend|p1: santyp22|Spikes|[from] move: Rapid Spin|[of] p1a: Iron Treads\n|move|p2a: Vespiquen|U-turn|p1a: Iron Treads\n|-resisted|p1a: Iron Treads\n|-damage|p1a: Iron Treads|228/265\n|\n|t:|1781378645\n|switch|p2a: Latias|Latias, L79, F|256/256|[from] U-turn\n|-damage|p2a: Latias|224/256|[from] Stealth Rock\n|\n|-heal|p1a: Iron Treads|244/265|[from] item: Leftovers\n|upkeep\n|turn|6\n|\n|t:|1781378656\n|move|p1a: Iron Treads|Iron Head|p2a: Latias\n|-damage|p2a: Latias|136/256\n|move|p2a: Latias|Calm Mind|p2a: Latias\n|-boost|p2a: Latias|spa|1\n|-boost|p2a: Latias|spd|1\n|\n|-heal|p1a: Iron Treads|260/265|[from] item: Leftovers\n|upkeep\n|turn|7\n|\n|t:|1781378663\n|move|p1a: Iron Treads|Iron Head|p2a: Latias\n|-damage|p2a: Latias|48/256\n|cant|p2a: Latias|flinch\n|\n|-heal|p1a: Iron Treads|265/265|[from] item: Leftovers\n|upkeep\n|turn|8\n|c|\u2606Zambala|i hate this fuck ass game\n|\n|t:|1781378685\n|-terastallize|p2a: Latias|Steel\n|move|p1a: Iron Treads|Iron Head|p2a: Latias\n|-resisted|p2a: Latias\n|-damage|p2a: Latias|4/256\n|cant|p2a: Latias|flinch\n|\n|upkeep\n|turn|9\n|c|\u2606santyp22|wow\n|c|\u2606santyp22|nt\n|c|\u2606santyp22|30% x2\n|\n|t:|1781378709\n|move|p1a: Iron Treads|Iron Head|p2a: Latias\n|-resisted|p2a: Latias\n|-damage|p2a: Latias|0 fnt\n|faint|p2a: Latias\n|\n|upkeep\n|inactive|Battle timer is ON: inactive players will automatically lose when time's up. (requested by santyp22)\n|\n|t:|1781378726\n|switch|p2a: Hitmonlee|Hitmonlee, L85, M|223/223\n|-damage|p2a: Hitmonlee|210/223|[from] Stealth Rock\n|turn|10\n|c|\u2606santyp22|where you from?\n|\n|t:|1781378742\n|-terastallize|p1a: Iron Treads|Dragon\n|move|p1a: Iron Treads|Iron Head|p2a: Hitmonlee\n|-damage|p2a: Hitmonlee|95/223\n|move|p2a: Hitmonlee|High Jump Kick|p1a: Iron Treads\n|-damage|p1a: Iron Treads|25/265\n|\n|-heal|p1a: Iron Treads|41/265|[from] item: Leftovers\n|upkeep\n|turn|11\n|\n|t:|1781378751\n|move|p1a: Iron Treads|Iron Head|p2a: Hitmonlee\n|-damage|p2a: Hitmonlee|0 fnt\n|faint|p2a: Hitmonlee\n|\n|-heal|p1a: Iron Treads|57/265|[from] item: Leftovers\n|upkeep\n|c|\u2606santyp22|omg\n|\n|t:|1781378780\n|switch|p2a: Poliwrath|Poliwrath, L88, M|302/302\n|-damage|p2a: Poliwrath|284/302|[from] Stealth Rock\n|turn|12\n|\n|t:|1781378791\n|move|p1a: Iron Treads|Earthquake|p2a: Poliwrath\n|-damage|p2a: Poliwrath|190/302\n|move|p2a: Poliwrath|Rain Dance|p2a: Poliwrath\n|-weather|RainDance\n|\n|-weather|RainDance|[upkeep]\n|-heal|p1a: Iron Treads|73/265|[from] item: Leftovers\n|upkeep\n|turn|13\n|\n|t:|1781378799\n|move|p1a: Iron Treads|Earthquake|p2a: Poliwrath\n|-damage|p2a: Poliwrath|105/302\n|move|p2a: Poliwrath|Liquidation|p1a: Iron Treads\n|-resisted|p1a: Iron Treads\n|-damage|p1a: Iron Treads|0 fnt\n|faint|p1a: Iron Treads\n|-end|p1a: Iron Treads|Quark Drive|[silent]\n|-damage|p2a: Poliwrath|75/302|[from] item: Life Orb\n|\n|-weather|RainDance|[upkeep]\n|upkeep\n|\n|t:|1781378804\n|switch|p1a: Primarina|Primarina, L83, F|268/268\n|turn|14\n|\n|t:|1781378812\n|move|p2a: Poliwrath|Liquidation|p1a: Primarina\n|-resisted|p1a: Primarina\n|-damage|p1a: Primarina|159/268\n|-damage|p2a: Poliwrath|45/302|[from] item: Life Orb\n|move|p1a: Primarina|Draining Kiss|p2a: Poliwrath\n|-supereffective|p2a: Poliwrath\n|-damage|p2a: Poliwrath|0 fnt\n|-heal|p1a: Primarina|193/268|[from] drain|[of] p2a: Poliwrath\n|faint|p2a: Poliwrath\n|\n|-weather|RainDance|[upkeep]\n|-heal|p1a: Primarina|209/268|[from] item: Leftovers\n|upkeep\n|\n|t:|1781378827\n|switch|p2a: Vespiquen|Vespiquen, L99, F|157/299\n|-ability|p2a: Vespiquen|Pressure\n|turn|15\n|\n|t:|1781378841\n|move|p1a: Primarina|Sparkling Aria|p2a: Vespiquen\n|-damage|p2a: Vespiquen|25/299\n|move|p2a: Vespiquen|Roost|p2a: Vespiquen\n|-heal|p2a: Vespiquen|175/299\n|-singleturn|p2a: Vespiquen|move: Roost\n|\n|-weather|RainDance|[upkeep]\n|-heal|p1a: Primarina|225/268|[from] item: Leftovers\n|upkeep\n|turn|16\n|\n|t:|1781378850\n|move|p1a: Primarina|Calm Mind|p1a: Primarina\n|-boost|p1a: Primarina|spa|1\n|-boost|p1a: Primarina|spd|1\n|move|p2a: Vespiquen|Hurricane|p1a: Primarina\n|-damage|p1a: Primarina|147/268\n|\n|-weather|none\n|-heal|p1a: Primarina|163/268|[from] item: Leftovers\n|upkeep\n|turn|17\n|\n|t:|1781378865\n|move|p1a: Primarina|Draining Kiss|p2a: Vespiquen\n|-damage|p2a: Vespiquen|106/299\n|-heal|p1a: Primarina|215/268|[from] drain|[of] p2a: Vespiquen\n|move|p2a: Vespiquen|Hurricane|p1a: Primarina\n|-damage|p1a: Primarina|137/268\n|\n|-heal|p1a: Primarina|153/268|[from] item: Leftovers\n|upkeep\n|turn|18\n|\n|t:|1781378879\n|move|p1a: Primarina|Calm Mind|p1a: Primarina\n|-boost|p1a: Primarina|spa|1\n|-boost|p1a: Primarina|spd|1\n|move|p2a: Vespiquen|Roost|p2a: Vespiquen\n|-heal|p2a: Vespiquen|256/299\n|-singleturn|p2a: Vespiquen|move: Roost\n|\n|-heal|p1a: Primarina|169/268|[from] item: Leftovers\n|upkeep\n|turn|19\n|\n|t:|1781378888\n|move|p1a: Primarina|Calm Mind|p1a: Primarina\n|-boost|p1a: Primarina|spa|1\n|-boost|p1a: Primarina|spd|1\n|move|p2a: Vespiquen|Hurricane|p1a: Primarina|[miss]\n|-miss|p2a: Vespiquen|p1a: Primarina\n|\n|-heal|p1a: Primarina|185/268|[from] item: Leftovers\n|upkeep\n|turn|20\n|\n|t:|1781378895\n|move|p1a: Primarina|Draining Kiss|p2a: Vespiquen\n|-damage|p2a: Vespiquen|139/299\n|-heal|p1a: Primarina|268/268|[from] drain|[of] p2a: Vespiquen\n|move|p2a: Vespiquen|Hurricane|p1a: Primarina\n|-damage|p1a: Primarina|223/268\n|\n|-heal|p1a: Primarina|239/268|[from] item: Leftovers\n|upkeep\n|turn|21\n|\n|t:|1781378906\n|move|p1a: Primarina|Calm Mind|p1a: Primarina\n|-boost|p1a: Primarina|spa|1\n|-boost|p1a: Primarina|spd|1\n|move|p2a: Vespiquen|Hurricane|p1a: Primarina\n|-damage|p1a: Primarina|203/268\n|\n|-heal|p1a: Primarina|219/268|[from] item: Leftovers\n|upkeep\n|turn|22\n|inactive|Zambala has 120 seconds left.\n|n|!Zambala|zambala\n|-message|Zambala forfeited.\n|\n|win|santyp22\n", "uploadtime": 1781378936, "views": 10, "formatid": "gen9randombattle", "rating": null, "private": 0, "password": null}