{"id": "gen9randombattle-2631837965", "format": "[Gen 9] Random Battle", "players": ["shuckletheshuckle", "NEMOASUKA"], "log": "|j|\u2606shuckletheshuckle\n|j|\u203dNEMOASUKA\n|t:|1781446504\n|gametype|singles\n|player|p1|shuckletheshuckle|102|2015\n|player|p2|NEMOASUKA|lucas|2001\n|gen|9\n|tier|[Gen 9] Random Battle\n|rated|\n|rule|Species Clause: Limit one of each Pok\u00e9mon\n|rule|HP Percentage Mod: HP is shown in percentages\n|rule|Sleep Clause Mod: Limit one foe put to sleep\n|rule|Illusion Level Mod: Illusion disguises the Pok\u00e9mon's true level\n|\n|t:|1781446504\n|teamsize|p1|6\n|teamsize|p2|6\n|start\n|switch|p1a: Araquanid|Araquanid, L82, M|246/246\n|switch|p2a: Dragonite|Dragonite, L74, F|257/257\n|turn|1\n|inactive|Battle timer is ON: inactive players will automatically lose when time's up. (requested by shuckletheshuckle)\n|l|\u203dNEMOASUKA\n|inactive|NEMOASUKA disconnected and has a minute to reconnect!\n|player|p2|\n|j|\u203dNEMOASUKA\n|inactive|NEMOASUKA reconnected and has 125 seconds left.\n|player|p2|NEMOASUKA|lucas|\n|n|\u203dNEMOASUKA|nemoasuka\n|\n|t:|1781446544\n|move|p2a: Dragonite|Dragon Dance|p2a: Dragonite\n|-boost|p2a: Dragonite|atk|1\n|-boost|p2a: Dragonite|spe|1\n|move|p1a: Araquanid|Sticky Web|p2a: Dragonite\n|-sidestart|p2: NEMOASUKA|move: Sticky Web\n|\n|upkeep\n|turn|2\n|\n|t:|1781446563\n|switch|p1a: Brute Bonnet|Brute Bonnet, L80|309/309\n|move|p2a: Dragonite|Dragon Dance|p2a: Dragonite\n|-boost|p2a: Dragonite|atk|1\n|-boost|p2a: Dragonite|spe|1\n|\n|upkeep\n|turn|3\n|\n|t:|1781446569\n|-terastallize|p2a: Dragonite|Flying\n|move|p2a: Dragonite|Tera Blast|p1a: Brute Bonnet|[anim] Tera Blast Flying\n|-supereffective|p1a: Brute Bonnet\n|-damage|p1a: Brute Bonnet|0 fnt\n|faint|p1a: Brute Bonnet\n|-end|p1a: Brute Bonnet|Protosynthesis|[silent]\n|\n|upkeep\n|\n|t:|1781446576\n|switch|p1a: Zamazenta|Zamazenta-Crowned, L68|238/238\n|-ability|p1a: Zamazenta|Dauntless Shield|boost\n|-boost|p1a: Zamazenta|def|1\n|turn|4\n|\n|t:|1781446581\n|move|p2a: Dragonite|Earthquake|p1a: Zamazenta\n|-supereffective|p1a: Zamazenta\n|-damage|p1a: Zamazenta|78/238\n|move|p1a: Zamazenta|Iron Defense|p1a: Zamazenta\n|-boost|p1a: Zamazenta|def|2\n|\n|upkeep\n|turn|5\n|\n|t:|1781446590\n|-terastallize|p1a: Zamazenta|Ghost\n|move|p2a: Dragonite|Earthquake|p1a: Zamazenta\n|-damage|p1a: Zamazenta|28/238\n|move|p1a: Zamazenta|Stone Edge|p2a: Dragonite\n|-supereffective|p2a: Dragonite\n|-damage|p2a: Dragonite|202/257\n|\n|upkeep\n|turn|6\n|\n|t:|1781446595\n|move|p2a: Dragonite|Tera Blast|p1a: Zamazenta|[anim] Tera Blast Flying\n|-crit|p1a: Zamazenta\n|-damage|p1a: Zamazenta|0 fnt\n|faint|p1a: Zamazenta\n|\n|upkeep\n|\n|t:|1781446601\n|switch|p1a: Araquanid|Araquanid, L82, M|246/246\n|turn|7\n|-message|shuckletheshuckle forfeited.\n|\n|win|NEMOASUKA\n", "uploadtime": 1781446506, "views": 3, "formatid": "gen9randombattle", "rating": null, "private": 0, "password": null}