{"id": "gen9randombattle-2631929508", "format": "[Gen 9] Random Battle", "players": ["Glinteighty", "schleeby"], "log": "|j|\u2606Glinteighty\n|j|\u2606schleeby\n|t:|1781456747\n|gametype|singles\n|player|p1|Glinteighty|101|2028\n|player|p2|schleeby|rosa|2018\n|gen|9\n|tier|[Gen 9] Random Battle\n|rated|\n|rule|Species Clause: Limit one of each Pok\u00e9mon\n|rule|HP Percentage Mod: HP is shown in percentages\n|rule|Sleep Clause Mod: Limit one foe put to sleep\n|rule|Illusion Level Mod: Illusion disguises the Pok\u00e9mon's true level\n|\n|t:|1781456747\n|teamsize|p1|6\n|teamsize|p2|6\n|start\n|switch|p1a: Veluza|Veluza, L85, F|292/292\n|switch|p2a: Weezing|Weezing-Galar, L86, M|252/252\n|turn|1\n|\n|t:|1781456759\n|switch|p2a: Dusknoir|Dusknoir, L89, F|225/225\n|-item|p1a: Veluza|Sitrus Berry|[from] ability: Frisk|[of] p2a: Dusknoir\n|move|p1a: Veluza|Fillet Away|p1a: Veluza\n|-boost|p1a: Veluza|atk|2\n|-boost|p1a: Veluza|spa|2\n|-boost|p1a: Veluza|spe|2\n|-damage|p1a: Veluza|146/292\n|-enditem|p1a: Veluza|Sitrus Berry|[eat]\n|-heal|p1a: Veluza|219/292|[from] item: Sitrus Berry\n|\n|upkeep\n|turn|2\n|\n|t:|1781456766\n|move|p1a: Veluza|Night Slash|p2a: Dusknoir\n|-supereffective|p2a: Dusknoir\n|-damage|p2a: Dusknoir|17/225\n|move|p2a: Dusknoir|Pain Split|p1a: Veluza\n|-sethp|p1a: Veluza|118/292|[from] move: Pain Split|[silent]\n|-sethp|p2a: Dusknoir|118/225|[from] move: Pain Split\n|\n|-heal|p2a: Dusknoir|132/225|[from] item: Leftovers\n|upkeep\n|turn|3\n|\n|t:|1781456776\n|move|p1a: Veluza|Night Slash|p2a: Dusknoir\n|-supereffective|p2a: Dusknoir\n|-damage|p2a: Dusknoir|0 fnt\n|faint|p2a: Dusknoir\n|\n|upkeep\n|\n|t:|1781456778\n|switch|p2a: Lycanroc|Lycanroc-Midnight, L89, M|296/296\n|turn|4\n|\n|t:|1781456781\n|move|p2a: Lycanroc|Sucker Punch||[still]\n|-fail|p2a: Lycanroc\n|move|p1a: Veluza|Fillet Away||[still]\n|-fail|p1a: Veluza\n|\n|upkeep\n|turn|5\n|\n|t:|1781456783\n|move|p2a: Lycanroc|Sucker Punch|p1a: Veluza\n|-supereffective|p1a: Veluza\n|-damage|p1a: Veluza|0 fnt\n|faint|p1a: Veluza\n|-damage|p2a: Lycanroc|267/296|[from] item: Life Orb\n|\n|upkeep\n|\n|t:|1781456790\n|switch|p1a: Excadrill|Excadrill, L79, F|303/303\n|-ability|p1a: Excadrill|Mold Breaker\n|turn|6\n|\n|t:|1781456799\n|move|p2a: Lycanroc|Close Combat|p1a: Excadrill\n|-supereffective|p1a: Excadrill\n|-damage|p1a: Excadrill|0 fnt\n|-unboost|p2a: Lycanroc|def|1\n|-unboost|p2a: Lycanroc|spd|1\n|faint|p1a: Excadrill\n|-damage|p2a: Lycanroc|238/296|[from] item: Life Orb\n|\n|upkeep\n|\n|t:|1781456808\n|switch|p1a: Meowstic|Meowstic-F, L89, F|277/277\n|turn|7\n|\n|t:|1781456815\n|move|p1a: Meowstic|Psychic|p2a: Lycanroc\n|-damage|p2a: Lycanroc|34/296\n|-unboost|p2a: Lycanroc|spd|1\n|-damage|p1a: Meowstic|250/277|[from] item: Life Orb\n|move|p2a: Lycanroc|Stone Edge|p1a: Meowstic\n|-damage|p1a: Meowstic|77/277\n|-damage|p2a: Lycanroc|5/296|[from] item: Life Orb\n|\n|upkeep\n|turn|8\n|\n|t:|1781456831\n|move|p2a: Lycanroc|Sucker Punch||[still]\n|-fail|p2a: Lycanroc\n|move|p1a: Meowstic|Nasty Plot|p1a: Meowstic\n|-boost|p1a: Meowstic|spa|2\n|\n|upkeep\n|turn|9\n|\n|t:|1781456833\n|move|p2a: Lycanroc|Sucker Punch|p1a: Meowstic\n|-supereffective|p1a: Meowstic\n|-damage|p1a: Meowstic|0 fnt\n|faint|p1a: Meowstic\n|-damage|p2a: Lycanroc|0 fnt|[from] item: Life Orb\n|faint|p2a: Lycanroc\n|\n|upkeep\n|\n|t:|1781456845\n|switch|p1a: Ribombee|Ribombee, L83, F|235/235\n|switch|p2a: Golurk|Golurk, L87|297/297\n|turn|10\n|\n|t:|1781456849\n|move|p1a: Ribombee|Sticky Web|p2a: Golurk\n|-sidestart|p2: schleeby|move: Sticky Web\n|move|p2a: Golurk|Poltergeist|p1a: Ribombee\n|-activate|p1a: Ribombee|move: Poltergeist|Heavy-Duty Boots\n|-damage|p1a: Ribombee|0 fnt\n|faint|p1a: Ribombee\n|-damage|p2a: Golurk|268/297|[from] item: Life Orb\n|\n|upkeep\n|\n|t:|1781456851\n|switch|p1a: Mightyena|Mightyena, L96, M|290/290\n|-ability|p1a: Mightyena|Intimidate|boost\n|-unboost|p2a: Golurk|atk|1\n|turn|11\n|\n|t:|1781456856\n|switch|p2a: Weezing|Weezing-Galar, L86, M|252/252\n|move|p1a: Mightyena|Throat Chop|p2a: Weezing\n|-resisted|p2a: Weezing\n|-damage|p2a: Weezing|214/252\n|-start|p2a: Weezing|Throat Chop|[silent]\n|\n|-heal|p2a: Weezing|229/252|[from] item: Leftovers\n|upkeep\n|turn|12\n|\n|t:|1781456859\n|switch|p1a: Beartic|Beartic, L91, M|321/321\n|move|p2a: Weezing|Defog|p1a: Beartic\n|-unboost|p1a: Beartic|evasion|1\n|-sideend|p2: schleeby|Sticky Web|[from] move: Defog|[of] p2a: Weezing\n|\n|-heal|p2a: Weezing|244/252|[from] item: Leftovers\n|-end|p2a: Weezing|Throat Chop|[silent]\n|upkeep\n|turn|13\n|\n|t:|1781456865\n|move|p2a: Weezing|Fire Blast|p1a: Beartic\n|-supereffective|p1a: Beartic\n|-damage|p1a: Beartic|171/321\n|move|p1a: Beartic|Snowscape|p1a: Beartic\n|-weather|Snowscape\n|\n|-weather|Snowscape|[upkeep]\n|-heal|p2a: Weezing|252/252|[from] item: Leftovers\n|upkeep\n|turn|14\n|\n|t:|1781456872\n|move|p1a: Beartic|Icicle Crash|p2a: Weezing\n|-damage|p2a: Weezing|146/252\n|cant|p2a: Weezing|flinch\n|\n|-weather|Snowscape|[upkeep]\n|-heal|p2a: Weezing|161/252|[from] item: Leftovers\n|upkeep\n|turn|15\n|\n|t:|1781456875\n|move|p1a: Beartic|Icicle Crash|p2a: Weezing\n|-damage|p2a: Weezing|65/252\n|move|p2a: Weezing|Fire Blast|p1a: Beartic\n|-supereffective|p1a: Beartic\n|-damage|p1a: Beartic|27/321\n|\n|-weather|Snowscape|[upkeep]\n|-heal|p2a: Weezing|80/252|[from] item: Leftovers\n|upkeep\n|turn|16\n|\n|t:|1781456876\n|move|p1a: Beartic|Icicle Crash|p2a: Weezing\n|-damage|p2a: Weezing|0 fnt\n|faint|p2a: Weezing\n|\n|-weather|Snowscape|[upkeep]\n|upkeep\n|\n|t:|1781456878\n|switch|p2a: Golduck|Golduck, L90, M|290/290\n|-ability|p2a: Golduck|Cloud Nine\n|turn|17\n|\n|t:|1781456883\n|move|p2a: Golduck|Grass Knot|p1a: Beartic\n|-damage|p1a: Beartic|0 fnt\n|faint|p1a: Beartic\n|\n|-weather|none\n|upkeep\n|\n|t:|1781456884\n|switch|p1a: Mightyena|Mightyena, L96, M|290/290\n|-ability|p1a: Mightyena|Intimidate|boost\n|-unboost|p2a: Golduck|atk|1\n|turn|18\n|\n|t:|1781456889\n|move|p2a: Golduck|Hydro Pump|p1a: Mightyena\n|-damage|p1a: Mightyena|193/290\n|move|p1a: Mightyena|Throat Chop|p2a: Golduck\n|-damage|p2a: Golduck|187/290\n|-start|p2a: Golduck|Throat Chop|[silent]\n|\n|-heal|p2a: Golduck|205/290|[from] item: Leftovers\n|upkeep\n|turn|19\n|\n|t:|1781456897\n|move|p2a: Golduck|Ice Beam|p1a: Mightyena\n|-damage|p1a: Mightyena|138/290\n|move|p1a: Mightyena|Throat Chop|p2a: Golduck\n|-damage|p2a: Golduck|96/290\n|\n|-heal|p2a: Golduck|114/290|[from] item: Leftovers\n|-end|p2a: Golduck|Throat Chop|[silent]\n|upkeep\n|turn|20\n|\n|t:|1781456898\n|move|p2a: Golduck|Ice Beam|p1a: Mightyena\n|-damage|p1a: Mightyena|87/290\n|move|p1a: Mightyena|Throat Chop|p2a: Golduck\n|-damage|p2a: Golduck|9/290\n|-start|p2a: Golduck|Throat Chop|[silent]\n|\n|-heal|p2a: Golduck|27/290|[from] item: Leftovers\n|upkeep\n|turn|21\n|\n|t:|1781456900\n|move|p1a: Mightyena|Sucker Punch|p2a: Golduck\n|-damage|p2a: Golduck|0 fnt\n|faint|p2a: Golduck\n|\n|upkeep\n|\n|t:|1781456902\n|switch|p2a: Okidogi|Okidogi, L77, M|262/262\n|turn|22\n|\n|t:|1781456905\n|-terastallize|p1a: Mightyena|Fairy\n|-terastallize|p2a: Okidogi|Dark\n|move|p1a: Mightyena|Play Rough|p2a: Okidogi\n|-supereffective|p2a: Okidogi\n|-damage|p2a: Okidogi|46/262\n|move|p2a: Okidogi|Drain Punch|p1a: Mightyena\n|-resisted|p1a: Mightyena\n|-damage|p1a: Mightyena|46/290\n|-heal|p2a: Okidogi|67/262|[from] drain|[of] p1a: Mightyena\n|\n|upkeep\n|turn|23\n|\n|t:|1781456912\n|move|p1a: Mightyena|Play Rough|p2a: Okidogi\n|-supereffective|p2a: Okidogi\n|-damage|p2a: Okidogi|0 fnt\n|faint|p2a: Okidogi\n|\n|upkeep\n|\n|t:|1781456913\n|switch|p2a: Golurk|Golurk, L87|268/297\n|turn|24\n|\n|t:|1781456916\n|move|p1a: Mightyena|Throat Chop|p2a: Golurk\n|-supereffective|p2a: Golurk\n|-damage|p2a: Golurk|46/297\n|-start|p2a: Golurk|Throat Chop|[silent]\n|move|p2a: Golurk|Earthquake|p1a: Mightyena\n|-damage|p1a: Mightyena|0 fnt\n|faint|p1a: Mightyena\n|-damage|p2a: Golurk|17/297|[from] item: Life Orb\n|\n|win|schleeby\n", "uploadtime": 1781456749, "views": 3, "formatid": "gen9randombattle", "rating": null, "private": 0, "password": null}