{"id": "gen9randombattle-2631783446", "format": "[Gen 9] Random Battle", "players": ["pablovr", "Where is the hax"], "log": "|j|\u2606pablovr\n|j|\u2606Where is the hax\n|t:|1781439025\n|gametype|singles\n|player|p1|pablovr|hiker-gen4|1929\n|player|p2|Where is the hax|266|1965\n|gen|9\n|tier|[Gen 9] Random Battle\n|rated|\n|rule|Species Clause: Limit one of each Pok\u00e9mon\n|rule|HP Percentage Mod: HP is shown in percentages\n|rule|Sleep Clause Mod: Limit one foe put to sleep\n|rule|Illusion Level Mod: Illusion disguises the Pok\u00e9mon's true level\n|\n|t:|1781439025\n|teamsize|p1|6\n|teamsize|p2|6\n|start\n|switch|p1a: Necrozma|Necrozma, L80|286/286\n|switch|p2a: Virizion|Virizion, L82|283/283\n|turn|1\n|inactive|Battle timer is ON: inactive players will automatically lose when time's up. (requested by pablovr)\n|\n|t:|1781439049\n|switch|p2a: Perrserker|Perrserker, L89, F|269/269\n|move|p1a: Necrozma|Dragon Dance|p1a: Necrozma\n|-boost|p1a: Necrozma|atk|1\n|-boost|p1a: Necrozma|spe|1\n|\n|upkeep\n|turn|2\n|\n|t:|1781439068\n|-terastallize|p1a: Necrozma|Ground\n|move|p1a: Necrozma|Earthquake|p2a: Perrserker\n|-supereffective|p2a: Perrserker\n|-damage|p2a: Perrserker|15/269\n|move|p2a: Perrserker|Knock Off|p1a: Necrozma\n|-damage|p1a: Necrozma|155/286\n|-enditem|p1a: Necrozma|Weakness Policy|[from] move: Knock Off|[of] p2a: Perrserker\n|-damage|p2a: Perrserker|0 fnt|[from] item: Life Orb\n|faint|p2a: Perrserker\n|\n|upkeep\n|\n|t:|1781439081\n|switch|p2a: Charizard|Charizard, L85, M|271/271\n|turn|3\n|\n|t:|1781439105\n|move|p1a: Necrozma|Dragon Dance|p1a: Necrozma\n|-boost|p1a: Necrozma|atk|1\n|-boost|p1a: Necrozma|spe|1\n|move|p2a: Charizard|Hurricane|p1a: Necrozma|[miss]\n|-miss|p2a: Charizard|p1a: Necrozma\n|\n|upkeep\n|turn|4\n|\n|t:|1781439114\n|move|p1a: Necrozma|Photon Geyser|p2a: Charizard\n|-damage|p2a: Charizard|46/271\n|move|p2a: Charizard|Hurricane|p1a: Necrozma\n|-damage|p1a: Necrozma|5/286\n|\n|upkeep\n|turn|5\n|\n|t:|1781439127\n|move|p1a: Necrozma|Photon Geyser|p2a: Charizard\n|-damage|p2a: Charizard|0 fnt\n|faint|p2a: Charizard\n|\n|upkeep\n|\n|t:|1781439137\n|switch|p2a: Clefable|Clefable, L83, M|293/293\n|turn|6\n|\n|t:|1781439144\n|move|p1a: Necrozma|Earthquake|p2a: Clefable\n|-damage|p2a: Clefable|70/293\n|move|p2a: Clefable|Moonblast|p1a: Necrozma\n|-damage|p1a: Necrozma|0 fnt\n|faint|p1a: Necrozma\n|\n|upkeep\n|\n|t:|1781439156\n|switch|p1a: Galvantula|Galvantula, L82, M|249/249\n|turn|7\n|\n|t:|1781439160\n|move|p1a: Galvantula|Thunder|p2a: Clefable\n|-damage|p2a: Clefable|0 fnt\n|faint|p2a: Clefable\n|\n|upkeep\n|\n|t:|1781439163\n|switch|p2a: Great Tusk|Great Tusk, L77|304/304\n|turn|8\n|\n|t:|1781439169\n|move|p1a: Galvantula|Energy Ball|p2a: Great Tusk\n|-supereffective|p2a: Great Tusk\n|-damage|p2a: Great Tusk|128/304\n|move|p2a: Great Tusk|Bulk Up|p2a: Great Tusk\n|-boost|p2a: Great Tusk|atk|1\n|-boost|p2a: Great Tusk|def|1\n|\n|-heal|p2a: Great Tusk|147/304|[from] item: Leftovers\n|upkeep\n|turn|9\n|\n|t:|1781439175\n|-end|p2a: Great Tusk|Protosynthesis|[silent]\n|switch|p2a: Virizion|Virizion, L82|283/283\n|move|p1a: Galvantula|Energy Ball|p2a: Virizion\n|-resisted|p2a: Virizion\n|-damage|p2a: Virizion|261/283\n|\n|upkeep\n|turn|10\n|\n|t:|1781439178\n|move|p1a: Galvantula|Bug Buzz|p2a: Virizion\n|-damage|p2a: Virizion|195/283\n|move|p2a: Virizion|Stone Edge|p1a: Galvantula\n|-supereffective|p1a: Galvantula\n|-damage|p1a: Galvantula|20/249\n|-damage|p2a: Virizion|167/283|[from] item: Life Orb\n|\n|upkeep\n|turn|11\n|\n|t:|1781439189\n|move|p2a: Virizion|Leaf Blade|p1a: Galvantula\n|-resisted|p1a: Galvantula\n|-damage|p1a: Galvantula|0 fnt\n|faint|p1a: Galvantula\n|-damage|p2a: Virizion|139/283|[from] item: Life Orb\n|\n|upkeep\n|\n|t:|1781439204\n|switch|p1a: Flamigo|Flamigo, L82, M|269/269\n|turn|12\n|\n|t:|1781439226\n|move|p1a: Flamigo|U-turn|p2a: Virizion\n|-damage|p2a: Virizion|72/283\n|\n|t:|1781439238\n|switch|p1a: Kommo-o|Kommo-o, L78, M|245/245|[from] U-turn\n|move|p2a: Virizion|Stone Edge|p1a: Kommo-o\n|-resisted|p1a: Kommo-o\n|-damage|p1a: Kommo-o|213/245\n|-damage|p2a: Virizion|44/283|[from] item: Life Orb\n|\n|upkeep\n|turn|13\n|inactive|Where is the hax has 120 seconds left.\n|\n|t:|1781439264\n|move|p2a: Virizion|Close Combat|p1a: Kommo-o\n|-damage|p1a: Kommo-o|87/245\n|-unboost|p2a: Virizion|def|1\n|-unboost|p2a: Virizion|spd|1\n|-damage|p2a: Virizion|16/283|[from] item: Life Orb\n|move|p1a: Kommo-o|Clangorous Soul|p1a: Kommo-o\n|-boost|p1a: Kommo-o|atk|1\n|-boost|p1a: Kommo-o|def|1\n|-boost|p1a: Kommo-o|spa|1\n|-boost|p1a: Kommo-o|spd|1\n|-boost|p1a: Kommo-o|spe|1\n|-damage|p1a: Kommo-o|7/245\n|-enditem|p1a: Kommo-o|Throat Spray\n|-boost|p1a: Kommo-o|spa|1|[from] item: Throat Spray\n|\n|upkeep\n|turn|14\n|inactive|Where is the hax has 120 seconds left.\n|\n|t:|1781439286\n|move|p1a: Kommo-o|Drain Punch|p2a: Virizion\n|-damage|p2a: Virizion|0 fnt\n|-heal|p1a: Kommo-o|15/245|[from] drain|[of] p2a: Virizion\n|faint|p2a: Virizion\n|\n|upkeep\n|\n|t:|1781439289\n|switch|p2a: Dedenne|Dedenne, L88, F|261/261\n|turn|15\n|\n|t:|1781439297\n|move|p1a: Kommo-o|Boomburst|p2a: Dedenne\n|-damage|p2a: Dedenne|50/261\n|-enditem|p2a: Dedenne|Sitrus Berry|[eat]\n|-heal|p2a: Dedenne|115/261|[from] item: Sitrus Berry\n|-heal|p2a: Dedenne|202/261|[from] ability: Cheek Pouch\n|move|p2a: Dedenne|Nuzzle|p1a: Kommo-o\n|-resisted|p1a: Kommo-o\n|-damage|p1a: Kommo-o|10/245\n|-status|p1a: Kommo-o|par\n|\n|upkeep\n|turn|16\n|\n|t:|1781439307\n|move|p2a: Dedenne|Dazzling Gleam|p1a: Kommo-o\n|-supereffective|p1a: Kommo-o\n|-damage|p1a: Kommo-o|0 fnt\n|faint|p1a: Kommo-o\n|\n|upkeep\n|\n|t:|1781439318\n|switch|p1a: Jolteon|Jolteon, L84, M|246/246\n|turn|17\n|\n|t:|1781439328\n|move|p1a: Jolteon|Calm Mind|p1a: Jolteon\n|-boost|p1a: Jolteon|spa|1\n|-boost|p1a: Jolteon|spd|1\n|move|p2a: Dedenne|U-turn|p1a: Jolteon\n|-damage|p1a: Jolteon|193/246\n|\n|t:|1781439331\n|switch|p2a: Great Tusk|Great Tusk, L77|147/304|[from] U-turn\n|\n|-heal|p2a: Great Tusk|166/304|[from] item: Leftovers\n|upkeep\n|turn|18\n|\n|t:|1781439334\n|-terastallize|p2a: Great Tusk|Ground\n|move|p1a: Jolteon|Alluring Voice|p2a: Great Tusk\n|-damage|p2a: Great Tusk|0 fnt\n|faint|p2a: Great Tusk\n|-end|p2a: Great Tusk|Protosynthesis|[silent]\n|-damage|p1a: Jolteon|169/246|[from] item: Life Orb\n|\n|upkeep\n|\n|t:|1781439341\n|switch|p2a: Dedenne|Dedenne, L88, F|202/261\n|turn|19\n|\n|t:|1781439344\n|move|p1a: Jolteon|Calm Mind|p1a: Jolteon\n|-boost|p1a: Jolteon|spa|1\n|-boost|p1a: Jolteon|spd|1\n|move|p2a: Dedenne|Dazzling Gleam|p1a: Jolteon\n|-damage|p1a: Jolteon|130/246\n|\n|upkeep\n|turn|20\n|\n|t:|1781439349\n|move|p1a: Jolteon|Calm Mind|p1a: Jolteon\n|-boost|p1a: Jolteon|spa|1\n|-boost|p1a: Jolteon|spd|1\n|move|p2a: Dedenne|U-turn|p1a: Jolteon\n|-damage|p1a: Jolteon|78/246\n|\n|upkeep\n|turn|21\n|inactive|Where is the hax has 120 seconds left.\n|l|\u2606Where is the hax\n|inactive|Where is the hax disconnected and has a minute to reconnect!\n|player|p2|\n|inactive|Where is the hax has 30 seconds to reconnect!\n|inactive|Where is the hax has 20 seconds to reconnect!\n|inactive|Where is the hax has 15 seconds to reconnect!\n|inactive|Where is the hax has 10 seconds to reconnect!\n|inactive|Where is the hax has 5 seconds to reconnect!\n|-message|Where is the hax lost due to inactivity.\n|\n|win|pablovr\n", "uploadtime": 1781439027, "views": 5, "formatid": "gen9randombattle", "rating": null, "private": 0, "password": null}