{"id": "gen9randombattle-2631729404", "format": "[Gen 9] Random Battle", "players": ["Diabetes1", "Oginotakashi"], "log": "|j|\u2606Diabetes1\n|j|\u2606Oginotakashi\n|t:|1781429883\n|gametype|singles\n|player|p1|Diabetes1|101|2098\n|player|p2|Oginotakashi|1|2166\n|gen|9\n|tier|[Gen 9] Random Battle\n|rated|\n|rule|Species Clause: Limit one of each Pok\u00e9mon\n|rule|HP Percentage Mod: HP is shown in percentages\n|rule|Sleep Clause Mod: Limit one foe put to sleep\n|rule|Illusion Level Mod: Illusion disguises the Pok\u00e9mon's true level\n|\n|t:|1781429883\n|teamsize|p1|6\n|teamsize|p2|6\n|start\n|switch|p1a: Coalossal|Coalossal, L89, F|341/341\n|switch|p2a: Shaymin|Shaymin-Sky, L73|266/266\n|turn|1\n|inactive|Battle timer is ON: inactive players will automatically lose when time's up. (requested by Diabetes1)\n|\n|t:|1781429897\n|move|p2a: Shaymin|Earth Power|p1a: Coalossal\n|-supereffective|p1a: Coalossal\n|-damage|p1a: Coalossal|1/341\n|move|p1a: Coalossal|Overheat|p2a: Shaymin\n|-supereffective|p2a: Shaymin\n|-damage|p2a: Shaymin|0 fnt\n|-unboost|p1a: Coalossal|spa|2\n|faint|p2a: Shaymin\n|\n|upkeep\n|\n|t:|1781429912\n|switch|p2a: Tentacruel|Tentacruel, L84, F|272/272\n|turn|2\n|\n|t:|1781429926\n|switch|p1a: Sinistcha|Sinistcha-Masterpiece, L83|254/254\n|move|p2a: Tentacruel|Rapid Spin|p1a: Sinistcha\n|-immune|p1a: Sinistcha\n|\n|upkeep\n|turn|3\n|\n|t:|1781429935\n|move|p2a: Tentacruel|Sludge Bomb|p1a: Sinistcha\n|-damage|p1a: Sinistcha|155/254\n|move|p1a: Sinistcha|Calm Mind|p1a: Sinistcha\n|-boost|p1a: Sinistcha|spa|1\n|-boost|p1a: Sinistcha|spd|1\n|\n|-heal|p1a: Sinistcha|170/254|[from] item: Leftovers\n|upkeep\n|turn|4\n|\n|t:|1781429945\n|move|p2a: Tentacruel|Sludge Bomb|p1a: Sinistcha\n|-damage|p1a: Sinistcha|107/254\n|move|p1a: Sinistcha|Calm Mind|p1a: Sinistcha\n|-boost|p1a: Sinistcha|spa|1\n|-boost|p1a: Sinistcha|spd|1\n|\n|-heal|p1a: Sinistcha|122/254|[from] item: Leftovers\n|upkeep\n|turn|5\n|\n|t:|1781429950\n|move|p2a: Tentacruel|Sludge Bomb|p1a: Sinistcha\n|-damage|p1a: Sinistcha|80/254\n|move|p1a: Sinistcha|Shadow Ball|p2a: Tentacruel\n|-damage|p2a: Tentacruel|172/272\n|\n|-heal|p1a: Sinistcha|95/254|[from] item: Leftovers\n|upkeep\n|turn|6\n|\n|t:|1781429959\n|move|p2a: Tentacruel|Sludge Bomb|p1a: Sinistcha\n|-damage|p1a: Sinistcha|52/254\n|-status|p1a: Sinistcha|psn\n|move|p1a: Sinistcha|Shadow Ball|p2a: Tentacruel\n|-damage|p2a: Tentacruel|75/272\n|\n|-heal|p1a: Sinistcha|67/254 psn|[from] item: Leftovers\n|-damage|p1a: Sinistcha|36/254 psn|[from] psn\n|upkeep\n|turn|7\n|\n|t:|1781429965\n|move|p2a: Tentacruel|Sludge Bomb|p1a: Sinistcha\n|-damage|p1a: Sinistcha|0 fnt\n|faint|p1a: Sinistcha\n|\n|upkeep\n|\n|t:|1781429975\n|switch|p1a: Latios|Latios, L78, M|253/253\n|turn|8\n|\n|t:|1781429987\n|switch|p2a: Abomasnow|Abomasnow, L84, M|287/287\n|-weather|Snowscape|[from] ability: Snow Warning|[of] p2a: Abomasnow\n|move|p1a: Latios|Psyshock|p2a: Abomasnow\n|-damage|p2a: Abomasnow|205/287\n|\n|-weather|Snowscape|[upkeep]\n|upkeep\n|turn|9\n|\n|t:|1781430004\n|move|p1a: Latios|Draco Meteor|p2a: Abomasnow\n|-damage|p2a: Abomasnow|24/287\n|-unboost|p1a: Latios|spa|2\n|move|p2a: Abomasnow|Aurora Veil|p2a: Abomasnow\n|-sidestart|p2: Oginotakashi|move: Aurora Veil\n|\n|-weather|Snowscape|[upkeep]\n|upkeep\n|turn|10\n|\n|t:|1781430009\n|move|p1a: Latios|Draco Meteor|p2a: Abomasnow\n|-damage|p2a: Abomasnow|0 fnt\n|-unboost|p1a: Latios|spa|2\n|faint|p2a: Abomasnow\n|\n|-weather|Snowscape|[upkeep]\n|upkeep\n|\n|t:|1781430015\n|switch|p2a: Slither Wing|Slither Wing, L81|270/270\n|turn|11\n|\n|t:|1781430022\n|switch|p1a: Coalossal|Coalossal, L89, F|1/341\n|move|p2a: Slither Wing|U-turn|p1a: Coalossal\n|-resisted|p1a: Coalossal\n|-damage|p1a: Coalossal|0 fnt\n|faint|p1a: Coalossal\n|\n|t:|1781430039\n|-end|p2a: Slither Wing|Protosynthesis|[silent]\n|switch|p2a: Kingdra|Kingdra, L84, F|263/263|[from] U-turn\n|\n|-weather|Snowscape|[upkeep]\n|upkeep\n|\n|t:|1781430059\n|switch|p1a: Regigigas|Regigigas, L84|322/322\n|-start|p1a: Regigigas|ability: Slow Start\n|turn|12\n|inactive|Oginotakashi has 120 seconds left.\n|\n|t:|1781430111\n|switch|p2a: Slither Wing|Slither Wing, L81|270/270\n|move|p1a: Regigigas|Knock Off|p2a: Slither Wing\n|-resisted|p2a: Slither Wing\n|-damage|p2a: Slither Wing|257/270\n|-enditem|p2a: Slither Wing|Heavy-Duty Boots|[from] move: Knock Off|[of] p1a: Regigigas\n|\n|-weather|none\n|upkeep\n|turn|13\n|\n|t:|1781430131\n|move|p2a: Slither Wing|Close Combat|p1a: Regigigas\n|-supereffective|p1a: Regigigas\n|-damage|p1a: Regigigas|50/322\n|-unboost|p2a: Slither Wing|def|1\n|-unboost|p2a: Slither Wing|spd|1\n|move|p1a: Regigigas|Body Slam|p2a: Slither Wing\n|-damage|p2a: Slither Wing|197/270\n|\n|-heal|p1a: Regigigas|70/322|[from] item: Leftovers\n|upkeep\n|turn|14\n|\n|t:|1781430141\n|move|p2a: Slither Wing|U-turn|p1a: Regigigas\n|-damage|p1a: Regigigas|0 fnt\n|faint|p1a: Regigigas\n|-end|p1a: Regigigas|Slow Start|[silent]\n|\n|t:|1781430144\n|-end|p2a: Slither Wing|Protosynthesis|[silent]\n|switch|p2a: Kingdra|Kingdra, L84, F|263/263|[from] U-turn\n|\n|upkeep\n|inactive|Diabetes1 has 120 seconds left.\n|\n|t:|1781430171\n|switch|p1a: Porygon-Z|Porygon-Z, L83|277/277\n|-ability|p1a: Porygon-Z|Download|boost\n|-boost|p1a: Porygon-Z|spa|1\n|turn|15\n|\n|t:|1781430181\n|move|p1a: Porygon-Z|Trick|p2a: Kingdra\n|-activate|p1a: Porygon-Z|move: Trick|[of] p2a: Kingdra\n|-item|p2a: Kingdra|Choice Scarf|[from] move: Trick\n|-item|p1a: Porygon-Z|Lum Berry|[from] move: Trick\n|move|p2a: Kingdra|Dragon Dance|p2a: Kingdra\n|-boost|p2a: Kingdra|atk|1\n|-boost|p2a: Kingdra|spe|1\n|\n|upkeep\n|turn|16\n|\n|t:|1781430191\n|switch|p2a: Tentacruel|Tentacruel, L84, F|75/272\n|move|p1a: Porygon-Z|Tri Attack|p2a: Tentacruel\n|-damage|p2a: Tentacruel|36/272\n|-status|p2a: Tentacruel|frz\n|\n|-sideend|p2: Oginotakashi|move: Aurora Veil\n|upkeep\n|turn|17\n|\n|t:|1781430202\n|cant|p2a: Tentacruel|frz\n|move|p1a: Porygon-Z|Tri Attack|p2a: Tentacruel\n|-damage|p2a: Tentacruel|0 fnt\n|faint|p2a: Tentacruel\n|\n|upkeep\n|\n|t:|1781430210\n|switch|p2a: Articuno|Articuno-Galar, L84|288/288\n|turn|18\n|\n|t:|1781430231\n|move|p2a: Articuno|Calm Mind|p2a: Articuno\n|-boost|p2a: Articuno|spa|1\n|-boost|p2a: Articuno|spd|1\n|move|p1a: Porygon-Z|Thunderbolt|p2a: Articuno\n|-supereffective|p2a: Articuno\n|-damage|p2a: Articuno|152/288\n|\n|upkeep\n|turn|19\n|\n|t:|1781430236\n|move|p2a: Articuno|Hurricane|p1a: Porygon-Z\n|-damage|p1a: Porygon-Z|15/277\n|-start|p1a: Porygon-Z|confusion\n|-enditem|p1a: Porygon-Z|Lum Berry|[eat]\n|-end|p1a: Porygon-Z|confusion\n|move|p1a: Porygon-Z|Thunderbolt|p2a: Articuno\n|-supereffective|p2a: Articuno\n|-damage|p2a: Articuno|6/288\n|\n|upkeep\n|turn|20\n|\n|t:|1781430251\n|move|p2a: Articuno|Freezing Glare|p1a: Porygon-Z\n|-damage|p1a: Porygon-Z|0 fnt\n|faint|p1a: Porygon-Z\n|\n|upkeep\n|\n|t:|1781430253\n|switch|p1a: Latios|Latios, L78, M|253/253\n|turn|21\n|\n|t:|1781430259\n|move|p1a: Latios|Psyshock|p2a: Articuno\n|-resisted|p2a: Articuno\n|-damage|p2a: Articuno|0 fnt\n|faint|p2a: Articuno\n|\n|upkeep\n|\n|t:|1781430265\n|switch|p2a: Kingdra|Kingdra, L84, F|263/263\n|turn|22\n|\n|t:|1781430270\n|switch|p1a: Tsareena|Tsareena, L87, F|267/267\n|-terastallize|p2a: Kingdra|Water\n|move|p2a: Kingdra|Dragon Dance|p2a: Kingdra\n|-boost|p2a: Kingdra|atk|1\n|-boost|p2a: Kingdra|spe|1\n|\n|upkeep\n|turn|23\n|c|\u2606Oginotakashi|o\n|c|\u2606Oginotakashi|missss\n|c|\u2606Diabetes1|yeah\n|-message|Oginotakashi forfeited.\n|\n|win|Diabetes1\n", "uploadtime": 1781429885, "views": 4, "formatid": "gen9randombattle", "rating": null, "private": 0, "password": null}