{"id": "gen9randombattle-2631590546", "format": "[Gen 9] Random Battle", "players": ["Red Skies", "pkmn sleep pro"], "log": "|j|\u2606Red Skies\n|j|\u2606pkmn sleep pro\n|t:|1781405530\n|gametype|singles\n|player|p1|Red Skies|n|2175\n|player|p2|pkmn sleep pro|266|2137\n|gen|9\n|tier|[Gen 9] Random Battle\n|rated|\n|rule|Species Clause: Limit one of each Pok\u00e9mon\n|rule|HP Percentage Mod: HP is shown in percentages\n|rule|Sleep Clause Mod: Limit one foe put to sleep\n|rule|Illusion Level Mod: Illusion disguises the Pok\u00e9mon's true level\n|\n|t:|1781405530\n|teamsize|p1|6\n|teamsize|p2|6\n|start\n|switch|p1a: Drifblim|Drifblim, L86, M|398/398\n|switch|p2a: Rillaboom|Rillaboom, L79, M|288/288\n|-fieldstart|move: Grassy Terrain|[from] ability: Grassy Surge|[of] p2a: Rillaboom\n|turn|1\n|l|\u2606Red Skies\n|player|p1|\n|j| Reunicursol\n|\n|t:|1781405549\n|switch|p2a: Raging Bolt|Raging Bolt, L78|323/323\n|move|p1a: Drifblim|Air Slash|p2a: Raging Bolt\n|-resisted|p2a: Raging Bolt\n|-damage|p2a: Raging Bolt|296/323\n|\n|-heal|p2a: Raging Bolt|316/323|[from] Grassy Terrain\n|upkeep\n|turn|2\n|l| Reunicursol\n|j|\u2606Red Skies\n|player|p1|Red Skies|n|\n|\n|t:|1781405562\n|switch|p1a: Dugtrio|Dugtrio, L84, F|196/196\n|move|p2a: Raging Bolt|Volt Switch|p1a: Dugtrio\n|-immune|p1a: Dugtrio\n|\n|-heal|p2a: Raging Bolt|323/323|[from] Grassy Terrain\n|upkeep\n|turn|3\n|\n|t:|1781405566\n|move|p1a: Dugtrio|Earthquake|p2a: Raging Bolt\n|-supereffective|p2a: Raging Bolt\n|-damage|p2a: Raging Bolt|167/323\n|-damage|p1a: Dugtrio|177/196|[from] item: Life Orb\n|move|p2a: Raging Bolt|Draco Meteor|p1a: Dugtrio\n|-damage|p1a: Dugtrio|0 fnt\n|-unboost|p2a: Raging Bolt|spa|2\n|faint|p1a: Dugtrio\n|\n|-heal|p2a: Raging Bolt|187/323|[from] Grassy Terrain\n|upkeep\n|\n|t:|1781405584\n|switch|p1a: Chi-Yu|Chi-Yu, L77|211/211\n|-ability|p1a: Chi-Yu|Beads of Ruin\n|turn|4\n|\n|t:|1781405599\n|move|p1a: Chi-Yu|Nasty Plot|p1a: Chi-Yu\n|-boost|p1a: Chi-Yu|spa|2\n|move|p2a: Raging Bolt|Volt Switch|p1a: Chi-Yu\n|-damage|p1a: Chi-Yu|171/211\n|\n|t:|1781405605\n|-end|p2a: Raging Bolt|Protosynthesis|[silent]\n|switch|p2a: Iron Jugulis|Iron Jugulis, L77|271/271|[from] Volt Switch\n|\n|-heal|p1a: Chi-Yu|184/211|[from] Grassy Terrain\n|upkeep\n|turn|5\n|\n|t:|1781405613\n|move|p2a: Iron Jugulis|Hydro Pump|p1a: Chi-Yu\n|-supereffective|p1a: Chi-Yu\n|-damage|p1a: Chi-Yu|0 fnt\n|faint|p1a: Chi-Yu\n|\n|-fieldend|move: Grassy Terrain\n|upkeep\n|-message|Red Skies forfeited.\n|\n|win|pkmn sleep pro\n", "uploadtime": 1781405532, "views": 3, "formatid": "gen9randombattle", "rating": null, "private": 0, "password": null}