{"id": "gen9randombattle-2631886398", "format": "[Gen 9] Random Battle", "players": ["pastorulipal", "JAVASB"], "log": "|j|\u2606pastorulipal\n|j|\u2606JAVASB\n|t:|1781452082\n|gametype|singles\n|player|p1|pastorulipal|acetrainer-gen4dp|2143\n|player|p2|JAVASB|101|2201\n|gen|9\n|tier|[Gen 9] Random Battle\n|rated|\n|rule|Species Clause: Limit one of each Pok\u00e9mon\n|rule|HP Percentage Mod: HP is shown in percentages\n|rule|Sleep Clause Mod: Limit one foe put to sleep\n|rule|Illusion Level Mod: Illusion disguises the Pok\u00e9mon's true level\n|\n|t:|1781452082\n|teamsize|p1|6\n|teamsize|p2|6\n|start\n|switch|p1a: Archaludon|Archaludon, L78, F|268/268\n|switch|p2a: Regigigas|Regigigas, L84|322/322\n|-start|p2a: Regigigas|ability: Slow Start\n|turn|1\n|inactive|Battle timer is ON: inactive players will automatically lose when time's up. (requested by pastorulipal)\n|inactive|JAVASB has 120 seconds left.\n|inactive|JAVASB has 90 seconds left.\n|inactive|JAVASB has 60 seconds left.\n|\n|t:|1781452217\n|switch|p2a: Scream Tail|Scream Tail, L84|330/330\n|move|p1a: Archaludon|Dragon Tail|p2a: Scream Tail\n|-immune|p2a: Scream Tail\n|\n|upkeep\n|turn|2\n|inactive|pastorulipal has 120 seconds left.\n|\n|t:|1781452264\n|switch|p1a: Meganium|Meganium, L90, M|290/290\n|move|p2a: Scream Tail|Thunder Wave|p1a: Meganium\n|-status|p1a: Meganium|par\n|\n|upkeep\n|turn|3\n|\n|t:|1781452277\n|-end|p2a: Scream Tail|Protosynthesis|[silent]\n|switch|p2a: Toxicroak|Toxicroak, L84, M|277/277\n|move|p1a: Meganium|Leech Seed|p2a: Toxicroak\n|-start|p2a: Toxicroak|move: Leech Seed\n|\n|-damage|p2a: Toxicroak|243/277|[from] Leech Seed|[of] p1a: Meganium\n|upkeep\n|turn|4\n|\n|t:|1781452297\n|switch|p1a: Rabsca|Rabsca, L91, F|284/284\n|move|p2a: Toxicroak|Close Combat|p1a: Rabsca\n|-resisted|p1a: Rabsca\n|-damage|p1a: Rabsca|233/284\n|-unboost|p2a: Toxicroak|def|1\n|-unboost|p2a: Toxicroak|spd|1\n|\n|-damage|p2a: Toxicroak|209/277|[from] Leech Seed|[of] p1a: Rabsca\n|-heal|p1a: Rabsca|267/284|[silent]\n|upkeep\n|turn|5\n|\n|t:|1781452317\n|switch|p2a: Scream Tail|Scream Tail, L84|330/330\n|switch|p1a: Perrserker|Perrserker, L89, F|269/269\n|\n|upkeep\n|turn|6\n|\n|t:|1781452325\n|move|p2a: Scream Tail|Thunder Wave|p1a: Perrserker\n|-status|p1a: Perrserker|par\n|cant|p1a: Perrserker|par\n|\n|upkeep\n|turn|7\n|\n|t:|1781452332\n|-end|p2a: Scream Tail|Protosynthesis|[silent]\n|switch|p2a: Mudsdale|Mudsdale, L83, F|302/302\n|move|p1a: Perrserker|Iron Head|p2a: Mudsdale\n|-damage|p2a: Mudsdale|110/302\n|-ability|p2a: Mudsdale|Stamina|boost\n|-boost|p2a: Mudsdale|def|1\n|\n|-heal|p2a: Mudsdale|128/302|[from] item: Leftovers\n|upkeep\n|turn|8\n|\n|t:|1781452359\n|switch|p1a: Azelf|Azelf, L82|257/257\n|move|p2a: Mudsdale|Stealth Rock|p1a: Azelf\n|-sidestart|p1: pastorulipal|move: Stealth Rock\n|\n|-heal|p2a: Mudsdale|146/302|[from] item: Leftovers\n|upkeep\n|turn|9\n|\n|t:|1781452367\n|move|p1a: Azelf|Nasty Plot|p1a: Azelf\n|-boost|p1a: Azelf|spa|2\n|move|p2a: Mudsdale|Heavy Slam|p1a: Azelf\n|-damage|p1a: Azelf|144/257\n|\n|-heal|p2a: Mudsdale|164/302|[from] item: Leftovers\n|upkeep\n|turn|10\n|\n|t:|1781452375\n|switch|p2a: Scream Tail|Scream Tail, L84|330/330\n|move|p1a: Azelf|Psychic|p2a: Scream Tail\n|-resisted|p2a: Scream Tail\n|-damage|p2a: Scream Tail|221/330\n|-damage|p1a: Azelf|119/257|[from] item: Life Orb\n|\n|-heal|p2a: Scream Tail|241/330|[from] item: Leftovers\n|upkeep\n|turn|11\n|inactive|pastorulipal has 120 seconds left.\n|\n|t:|1781452385\n|switch|p1a: Perrserker|Perrserker, L89, F|269/269 par\n|-damage|p1a: Perrserker|253/269 par|[from] Stealth Rock\n|move|p2a: Scream Tail|Thunder Wave|p1a: Perrserker|[miss]\n|-miss|p2a: Scream Tail|p1a: Perrserker\n|\n|-heal|p2a: Scream Tail|261/330|[from] item: Leftovers\n|upkeep\n|turn|12\n|\n|t:|1781452394\n|move|p2a: Scream Tail|Protect|p2a: Scream Tail\n|-singleturn|p2a: Scream Tail|Protect\n|cant|p1a: Perrserker|par\n|\n|-heal|p2a: Scream Tail|281/330|[from] item: Leftovers\n|upkeep\n|turn|13\n|\n|t:|1781452420\n|-end|p2a: Scream Tail|Protosynthesis|[silent]\n|switch|p2a: Mudsdale|Mudsdale, L83, F|164/302\n|move|p1a: Perrserker|Iron Head|p2a: Mudsdale\n|-damage|p2a: Mudsdale|0 fnt\n|faint|p2a: Mudsdale\n|\n|upkeep\n|\n|t:|1781452422\n|switch|p2a: Toxicroak|Toxicroak, L84, M|209/277\n|turn|14\n|\n|t:|1781452443\n|switch|p1a: Azelf|Azelf, L82|119/257\n|-damage|p1a: Azelf|87/257|[from] Stealth Rock\n|move|p2a: Toxicroak|Close Combat|p1a: Azelf\n|-resisted|p1a: Azelf\n|-damage|p1a: Azelf|0 fnt\n|-unboost|p2a: Toxicroak|def|1\n|-unboost|p2a: Toxicroak|spd|1\n|faint|p1a: Azelf\n|\n|upkeep\n|inactive|pastorulipal has 120 seconds left.\n|\n|t:|1781452458\n|switch|p1a: Rabsca|Rabsca, L91, F|267/284\n|turn|15\n|inactive|pastorulipal has 120 seconds left.\n|\n|t:|1781452481\n|switch|p2a: Flutter Mane|Flutter Mane, L74|203/203\n|move|p1a: Rabsca|Revival Blessing|p1a: Rabsca\n|\n|t:|1781452486\n|-heal|p1: Azelf|128/257|[from] move: Revival Blessing\n|\n|upkeep\n|turn|16\n|\n|t:|1781452497\n|switch|p1a: Slaking|Slaking, L84, M|389/389\n|-damage|p1a: Slaking|341/389|[from] Stealth Rock\n|move|p2a: Flutter Mane|Shadow Ball|p1a: Slaking\n|-immune|p1a: Slaking\n|\n|upkeep\n|turn|17\n|\n|t:|1781452510\n|move|p2a: Flutter Mane|Shadow Ball|p1a: Slaking\n|-immune|p1a: Slaking\n|move|p1a: Slaking|Knock Off|p2a: Flutter Mane\n|-damage|p2a: Flutter Mane|0 fnt\n|-enditem|p2a: Flutter Mane|Choice Specs|[from] move: Knock Off|[of] p1a: Slaking\n|faint|p2a: Flutter Mane\n|-end|p2a: Flutter Mane|Protosynthesis|[silent]\n|\n|upkeep\n|-message|JAVASB forfeited.\n|\n|win|pastorulipal\n", "uploadtime": 1781452084, "views": 5, "formatid": "gen9randombattle", "rating": null, "private": 0, "password": null}