{"id": "gen9randombattle-2631411890", "format": "[Gen 9] Random Battle", "players": ["napoliones", "zeropepsi"], "log": "|j|\u2606napoliones\n|j|\u2606zeropepsi\n|t:|1781381482\n|gametype|singles\n|player|p1|napoliones|101|2042\n|player|p2|zeropepsi|hilbert|2032\n|gen|9\n|tier|[Gen 9] Random Battle\n|rated|\n|rule|Species Clause: Limit one of each Pok\u00e9mon\n|rule|HP Percentage Mod: HP is shown in percentages\n|rule|Sleep Clause Mod: Limit one foe put to sleep\n|rule|Illusion Level Mod: Illusion disguises the Pok\u00e9mon's true level\n|\n|t:|1781381482\n|teamsize|p1|6\n|teamsize|p2|6\n|start\n|switch|p1a: Jolteon|Jolteon, L84, F|246/246\n|switch|p2a: Flutter Mane|Flutter Mane, L74|203/203\n|turn|1\n|inactive|Battle timer is ON: inactive players will automatically lose when time's up. (requested by napoliones)\n|c|\u2606napoliones|gl hf :)\n|\n|t:|1781381493\n|switch|p1a: Blissey|Blissey, L85, F|572/572\n|move|p2a: Flutter Mane|Moonblast|p1a: Blissey\n|-damage|p1a: Blissey|470/572\n|-unboost|p1a: Blissey|spa|1\n|\n|-heal|p1a: Blissey|505/572|[from] item: Leftovers\n|upkeep\n|turn|2\n|\n|t:|1781381499\n|-end|p2a: Flutter Mane|Protosynthesis|[silent]\n|switch|p2a: Ting-Lu|Ting-Lu, L78|370/370\n|-ability|p2a: Ting-Lu|Vessel of Ruin\n|move|p1a: Blissey|Thunder Wave|p2a: Ting-Lu\n|-immune|p2a: Ting-Lu\n|\n|-heal|p1a: Blissey|540/572|[from] item: Leftovers\n|upkeep\n|turn|3\n|\n|t:|1781381503\n|switch|p1a: Bronzong|Bronzong, L88|261/261\n|move|p2a: Ting-Lu|Stealth Rock|p1a: Bronzong\n|-sidestart|p1: napoliones|move: Stealth Rock\n|\n|upkeep\n|turn|4\n|\n|t:|1781381519\n|move|p2a: Ting-Lu|Payback|p1a: Bronzong\n|-supereffective|p1a: Bronzong\n|-damage|p1a: Bronzong|177/261\n|move|p1a: Bronzong|Iron Defense|p1a: Bronzong\n|-boost|p1a: Bronzong|def|2\n|\n|upkeep\n|turn|5\n|\n|t:|1781381525\n|move|p2a: Ting-Lu|Payback|p1a: Bronzong\n|-supereffective|p1a: Bronzong\n|-damage|p1a: Bronzong|133/261\n|move|p1a: Bronzong|Iron Defense|p1a: Bronzong\n|-boost|p1a: Bronzong|def|2\n|\n|upkeep\n|turn|6\n|\n|t:|1781381530\n|switch|p2a: Flutter Mane|Flutter Mane, L74|203/203\n|move|p1a: Bronzong|Iron Defense|p1a: Bronzong\n|-boost|p1a: Bronzong|def|2\n|\n|upkeep\n|turn|7\n|\n|t:|1781381534\n|move|p2a: Flutter Mane|Shadow Ball|p1a: Bronzong\n|-supereffective|p1a: Bronzong\n|-damage|p1a: Bronzong|0 fnt\n|faint|p1a: Bronzong\n|\n|upkeep\n|-message|napoliones forfeited.\n|\n|win|zeropepsi\n", "uploadtime": 1781381485, "views": 8, "formatid": "gen9randombattle", "rating": null, "private": 0, "password": null}