{"id": "gen9randombattle-2631940259", "format": "[Gen 9] Random Battle", "players": ["Irongraf", "grabschaender"], "log": "|j|\u2606Irongraf\n|j|\u2606grabschaender\n|t:|1781457942\n|gametype|singles\n|player|p1|Irongraf|steven|2157\n|player|p2|grabschaender|candice|2214\n|gen|9\n|tier|[Gen 9] Random Battle\n|rated|\n|rule|Species Clause: Limit one of each Pok\u00e9mon\n|rule|HP Percentage Mod: HP is shown in percentages\n|rule|Sleep Clause Mod: Limit one foe put to sleep\n|rule|Illusion Level Mod: Illusion disguises the Pok\u00e9mon's true level\n|\n|t:|1781457942\n|teamsize|p1|6\n|teamsize|p2|6\n|start\n|switch|p1a: Chien-Pao|Chien-Pao, L72|234/234\n|switch|p2a: Rotom|Rotom-Mow, L87|229/229\n|-ability|p1a: Chien-Pao|Sword of Ruin\n|turn|1\n|inactive|Battle timer is ON: inactive players will automatically lose when time's up. (requested by Irongraf)\n|\n|t:|1781457957\n|switch|p2a: Glastrier|Glastrier, L86|312/312\n|move|p1a: Chien-Pao|Icicle Crash|p2a: Glastrier\n|-resisted|p2a: Glastrier\n|-damage|p2a: Glastrier|260/312\n|\n|upkeep\n|turn|2\n|\n|t:|1781457961\n|switch|p1a: Charizard|Charizard, L85, F|271/271\n|move|p2a: Glastrier|Heavy Slam|p1a: Charizard\n|-resisted|p1a: Charizard\n|-damage|p1a: Charizard|210/271\n|\n|upkeep\n|turn|3\n|\n|t:|1781457969\n|switch|p2a: Floatzel|Floatzel, L86, F|286/286\n|move|p1a: Charizard|Dragon Dance|p1a: Charizard\n|-boost|p1a: Charizard|atk|1\n|-boost|p1a: Charizard|spe|1\n|\n|upkeep\n|turn|4\n|\n|t:|1781457975\n|switch|p1a: Leavanny|Leavanny, L86, F|269/269\n|move|p2a: Floatzel|Wave Crash|p1a: Leavanny\n|-resisted|p1a: Leavanny\n|-damage|p1a: Leavanny|197/269\n|-damage|p2a: Floatzel|262/286|[from] Recoil\n|\n|-heal|p2a: Floatzel|279/286|[from] item: Leftovers\n|upkeep\n|turn|5\n|\n|t:|1781457991\n|move|p2a: Floatzel|Ice Spinner|p1a: Leavanny\n|-supereffective|p1a: Leavanny\n|-damage|p1a: Leavanny|59/269\n|move|p1a: Leavanny|Sticky Web|p2a: Floatzel\n|-sidestart|p2: grabschaender|move: Sticky Web\n|\n|-heal|p2a: Floatzel|286/286|[from] item: Leftovers\n|upkeep\n|turn|6\n|\n|t:|1781457998\n|move|p2a: Floatzel|Ice Spinner|p1a: Leavanny\n|-supereffective|p1a: Leavanny\n|-damage|p1a: Leavanny|0 fnt\n|faint|p1a: Leavanny\n|\n|upkeep\n|\n|t:|1781458001\n|switch|p1a: Miraidon|Miraidon, L65|238/238\n|-fieldstart|move: Electric Terrain|[from] ability: Hadron Engine|[of] p1a: Miraidon\n|turn|7\n|\n|t:|1781458010\n|switch|p2a: Rotom|Rotom-Mow, L87|229/229\n|move|p1a: Miraidon|Calm Mind|p1a: Miraidon\n|-boost|p1a: Miraidon|spa|1\n|-boost|p1a: Miraidon|spd|1\n|\n|upkeep\n|turn|8\n|\n|t:|1781458015\n|move|p1a: Miraidon|Draco Meteor|p2a: Rotom\n|-crit|p2a: Rotom\n|-damage|p2a: Rotom|0 fnt\n|-unboost|p1a: Miraidon|spa|2\n|faint|p2a: Rotom\n|-damage|p1a: Miraidon|215/238|[from] item: Life Orb\n|\n|upkeep\n|\n|t:|1781458018\n|switch|p2a: Glastrier|Glastrier, L86|260/312\n|turn|9\n|\n|t:|1781458021\n|switch|p1a: Charizard|Charizard, L85, F|210/271\n|move|p2a: Glastrier|Icicle Crash|p1a: Charizard\n|-damage|p1a: Charizard|78/271\n|\n|upkeep\n|turn|10\n|\n|t:|1781458028\n|switch|p2a: Floatzel|Floatzel, L86, F|286/286\n|-activate|p2a: Floatzel|move: Sticky Web\n|-unboost|p2a: Floatzel|spe|1\n|move|p1a: Charizard|Flare Blitz|p2a: Floatzel\n|-resisted|p2a: Floatzel\n|-damage|p2a: Floatzel|176/286\n|-damage|p1a: Charizard|42/271|[from] Recoil\n|\n|-heal|p2a: Floatzel|193/286|[from] item: Leftovers\n|upkeep\n|turn|11\n|\n|t:|1781458040\n|switch|p1a: Chien-Pao|Chien-Pao, L72|234/234\n|-ability|p1a: Chien-Pao|Sword of Ruin\n|move|p2a: Floatzel|Ice Spinner|p1a: Chien-Pao\n|-resisted|p1a: Chien-Pao\n|-damage|p1a: Chien-Pao|197/234\n|-fieldend|move: Electric Terrain\n|\n|-heal|p2a: Floatzel|210/286|[from] item: Leftovers\n|upkeep\n|turn|12\n|\n|t:|1781458051\n|move|p1a: Chien-Pao|Crunch|p2a: Floatzel\n|-damage|p2a: Floatzel|21/286\n|move|p2a: Floatzel|Wave Crash|p1a: Chien-Pao\n|-damage|p1a: Chien-Pao|29/234\n|-damage|p2a: Floatzel|0 fnt|[from] Recoil\n|faint|p2a: Floatzel\n|\n|upkeep\n|\n|t:|1781458056\n|switch|p2a: Glastrier|Glastrier, L86|260/312\n|turn|13\n|\n|t:|1781458065\n|move|p1a: Chien-Pao|Crunch|p2a: Glastrier\n|-damage|p2a: Glastrier|151/312\n|-unboost|p2a: Glastrier|def|1\n|move|p2a: Glastrier|Heavy Slam|p1a: Chien-Pao\n|-supereffective|p1a: Chien-Pao\n|-damage|p1a: Chien-Pao|0 fnt\n|faint|p1a: Chien-Pao\n|-ability|p2a: Glastrier|Chilling Neigh|boost\n|-boost|p2a: Glastrier|atk|1\n|\n|upkeep\n|\n|t:|1781458068\n|switch|p1a: Charizard|Charizard, L85, F|42/271\n|turn|14\n|\n|t:|1781458072\n|move|p1a: Charizard|Flare Blitz|p2a: Glastrier\n|-supereffective|p2a: Glastrier\n|-damage|p2a: Glastrier|0 fnt\n|faint|p2a: Glastrier\n|-damage|p1a: Charizard|0 fnt|[from] Recoil\n|faint|p1a: Charizard\n|\n|upkeep\n|\n|t:|1781458078\n|switch|p1a: Fezandipiti|Fezandipiti, L82, M|278/278\n|switch|p2a: Latias|Latias, L79, F|256/256\n|turn|15\n|\n|t:|1781458095\n|-terastallize|p2a: Latias|Steel\n|move|p2a: Latias|Calm Mind|p2a: Latias\n|-boost|p2a: Latias|spa|1\n|-boost|p2a: Latias|spd|1\n|move|p1a: Fezandipiti|Moonblast|p2a: Latias\n|-resisted|p2a: Latias\n|-damage|p2a: Latias|236/256\n|\n|upkeep\n|turn|16\n|\n|t:|1781458100\n|switch|p1a: Flapple|Flapple, L88, M|266/266\n|move|p2a: Latias|Psyshock|p1a: Flapple\n|-damage|p1a: Flapple|122/266\n|\n|upkeep\n|turn|17\n|-message|Irongraf forfeited.\n|\n|win|grabschaender\n|raw|Irongraf's rating: 2157 &rarr; <strong>2140</strong><br />(-17 for losing)\n|raw|grabschaender's rating: 2214 &rarr; <strong>2231</strong><br />(+17 for winning)\n", "uploadtime": 1781457943, "views": 6, "formatid": "gen9randombattle", "rating": 2140, "private": 0, "password": null}