{"id": "gen9randombattle-2632018754", "format": "[Gen 9] Random Battle", "players": ["Daruma", "Breakers Inc."], "log": "|j|\u2606Daruma\n|j|\u2606Breakers Inc.\n|t:|1781466546\n|gametype|singles\n|player|p1|Daruma|#ruplixsleekslushrushers|2144\n|player|p2|Breakers Inc.|caitlin|2227\n|gen|9\n|tier|[Gen 9] Random Battle\n|rated|\n|rule|Species Clause: Limit one of each Pok\u00e9mon\n|rule|HP Percentage Mod: HP is shown in percentages\n|rule|Sleep Clause Mod: Limit one foe put to sleep\n|rule|Illusion Level Mod: Illusion disguises the Pok\u00e9mon's true level\n|\n|t:|1781466546\n|teamsize|p1|6\n|teamsize|p2|6\n|start\n|switch|p1a: Sceptile|Sceptile, L87, F|264/264\n|switch|p2a: Flutter Mane|Flutter Mane, L74|203/203\n|turn|1\n|inactive|Battle timer is ON: inactive players will automatically lose when time's up. (requested by Daruma)\n|\n|t:|1781466574\n|-end|p2a: Flutter Mane|Protosynthesis|[silent]\n|switch|p2a: Lilligant|Lilligant-Hisui, L79, F|240/240\n|move|p1a: Sceptile|Leech Seed|p2a: Lilligant\n|-immune|p2a: Lilligant\n|\n|upkeep\n|turn|2\n|\n|t:|1781466588\n|switch|p1a: Farigiraf|Farigiraf, L90, F|362/362\n|move|p2a: Lilligant|Victory Dance|p2a: Lilligant\n|-boost|p2a: Lilligant|atk|1\n|-boost|p2a: Lilligant|def|1\n|-boost|p2a: Lilligant|spe|1\n|\n|upkeep\n|turn|3\n|\n|t:|1781466598\n|move|p2a: Lilligant|Close Combat|p1a: Farigiraf|[miss]\n|-miss|p2a: Lilligant|p1a: Farigiraf\n|move|p1a: Farigiraf|Psychic Noise|p2a: Lilligant\n|-supereffective|p2a: Lilligant\n|-damage|p2a: Lilligant|12/240\n|-start|p2a: Lilligant|move: Heal Block\n|\n|upkeep\n|turn|4\n|\n|t:|1781466606\n|move|p2a: Lilligant|Close Combat|p1a: Farigiraf\n|-damage|p1a: Farigiraf|0 fnt\n|-unboost|p2a: Lilligant|def|1\n|-unboost|p2a: Lilligant|spd|1\n|faint|p1a: Farigiraf\n|-damage|p2a: Lilligant|0 fnt|[from] item: Life Orb\n|faint|p2a: Lilligant\n|\n|upkeep\n|\n|t:|1781466620\n|switch|p2a: Ambipom|Ambipom, L84, M|263/263\n|switch|p1a: Basculin|Basculin, L86, F|261/261\n|turn|5\n|\n|t:|1781466642\n|switch|p1a: Dialga|Dialga, L73|266/266\n|-ability|p1a: Dialga|Pressure\n|move|p2a: Ambipom|U-turn|p1a: Dialga\n|-resisted|p1a: Dialga\n|-damage|p1a: Dialga|235/266\n|\n|t:|1781466652\n|switch|p2a: Mimikyu|Mimikyu, L79, M|216/216|[from] U-turn\n|\n|upkeep\n|turn|6\n|\n|t:|1781466675\n|move|p2a: Mimikyu|Swords Dance|p2a: Mimikyu\n|-boost|p2a: Mimikyu|atk|2\n|move|p1a: Dialga|Heavy Slam|p2a: Mimikyu\n|-activate|p2a: Mimikyu|ability: Disguise\n|-damage|p2a: Mimikyu|216/216\n|detailschange|p2a: Mimikyu|Mimikyu-Busted, L79, M\n|-damage|p2a: Mimikyu|189/216|[from] pokemon: Mimikyu-Busted\n|\n|upkeep\n|turn|7\n|inactive|Daruma has 120 seconds left.\n|\n|t:|1781466696\n|move|p2a: Mimikyu|Drain Punch|p1a: Dialga\n|-supereffective|p1a: Dialga\n|-damage|p1a: Dialga|22/266\n|-heal|p2a: Mimikyu|216/216|[from] drain|[of] p1a: Dialga\n|-damage|p2a: Mimikyu|195/216|[from] item: Life Orb\n|move|p1a: Dialga|Heavy Slam|p2a: Mimikyu\n|-supereffective|p2a: Mimikyu\n|-damage|p2a: Mimikyu|0 fnt\n|faint|p2a: Mimikyu\n|\n|upkeep\n|\n|t:|1781466712\n|switch|p2a: Flutter Mane|Flutter Mane, L74|203/203\n|turn|8\n|\n|t:|1781466719\n|move|p2a: Flutter Mane|Moonblast|p1a: Dialga\n|-damage|p1a: Dialga|0 fnt\n|faint|p1a: Dialga\n|\n|upkeep\n|\n|t:|1781466728\n|switch|p1a: Frosmoth|Frosmoth, L82, M|249/249\n|turn|9\n|inactive|Breakers Inc. has 120 seconds left.\n|inactive|Breakers Inc. has 90 seconds left.\n|\n|t:|1781466806\n|-end|p2a: Flutter Mane|Protosynthesis|[silent]\n|switch|p2a: Ambipom|Ambipom, L84, M|263/263\n|move|p1a: Frosmoth|Quiver Dance|p1a: Frosmoth\n|-boost|p1a: Frosmoth|spa|1\n|-boost|p1a: Frosmoth|spd|1\n|-boost|p1a: Frosmoth|spe|1\n|\n|upkeep\n|turn|10\n|\n|t:|1781466827\n|switch|p1a: Sceptile|Sceptile, L87, F|264/264\n|move|p2a: Ambipom|Double-Edge|p1a: Sceptile\n|-damage|p1a: Sceptile|30/264\n|-damage|p2a: Ambipom|186/263|[from] Recoil\n|\n|-heal|p1a: Sceptile|46/264|[from] item: Leftovers\n|upkeep\n|turn|11\n|\n|t:|1781466836\n|switch|p2a: Braviary|Braviary-Hisui, L85, M|326/326\n|move|p1a: Sceptile|Giga Drain|p2a: Braviary\n|-resisted|p2a: Braviary\n|-damage|p2a: Braviary|246/326\n|-heal|p1a: Sceptile|86/264|[from] drain|[of] p2a: Braviary\n|\n|-heal|p1a: Sceptile|102/264|[from] item: Leftovers\n|upkeep\n|turn|12\n|\n|t:|1781466847\n|switch|p1a: Hatterene|Hatterene, L85, F|236/236\n|move|p2a: Braviary|Psychic|p1a: Hatterene\n|-resisted|p1a: Hatterene\n|-damage|p1a: Hatterene|158/236\n|\n|-heal|p1a: Hatterene|172/236|[from] item: Leftovers\n|upkeep\n|turn|13\n|\n|t:|1781466856\n|move|p2a: Braviary|Hurricane|p1a: Hatterene\n|-damage|p1a: Hatterene|0 fnt\n|faint|p1a: Hatterene\n|\n|upkeep\n|\n|t:|1781466858\n|switch|p1a: Basculin|Basculin, L86, F|261/261\n|turn|14\n|inactive|Breakers Inc. has 90 seconds left.\n|\n|t:|1781466865\n|switch|p2a: Flutter Mane|Flutter Mane, L74|203/203\n|move|p1a: Basculin|Wave Crash|p2a: Flutter Mane\n|-damage|p2a: Flutter Mane|0 fnt\n|faint|p2a: Flutter Mane\n|-end|p2a: Flutter Mane|Protosynthesis|[silent]\n|-damage|p1a: Basculin|194/261|[from] Recoil\n|\n|upkeep\n|inactive|Breakers Inc. has 90 seconds left.\n|\n|t:|1781466874\n|switch|p2a: Blastoise|Blastoise, L80, F|258/258\n|turn|15\n|\n|t:|1781466880\n|switch|p1a: Frosmoth|Frosmoth, L82, M|249/249\n|move|p2a: Blastoise|Shell Smash|p2a: Blastoise\n|-unboost|p2a: Blastoise|def|1\n|-unboost|p2a: Blastoise|spd|1\n|-boost|p2a: Blastoise|atk|2\n|-boost|p2a: Blastoise|spa|2\n|-boost|p2a: Blastoise|spe|2\n|-enditem|p2a: Blastoise|White Herb\n|-clearnegativeboost|p2a: Blastoise|[silent]\n|\n|upkeep\n|turn|16\n|inactive|Breakers Inc. has 90 seconds left.\n|\n|t:|1781466919\n|-terastallize|p2a: Blastoise|Steel\n|move|p2a: Blastoise|Shell Smash|p2a: Blastoise\n|-unboost|p2a: Blastoise|def|1\n|-unboost|p2a: Blastoise|spd|1\n|-boost|p2a: Blastoise|atk|2\n|-boost|p2a: Blastoise|spa|2\n|-boost|p2a: Blastoise|spe|2\n|move|p1a: Frosmoth|Quiver Dance|p1a: Frosmoth\n|-boost|p1a: Frosmoth|spa|1\n|-boost|p1a: Frosmoth|spd|1\n|-boost|p1a: Frosmoth|spe|1\n|\n|upkeep\n|turn|17\n|\n|t:|1781466933\n|move|p2a: Blastoise|Earthquake|p1a: Frosmoth\n|-resisted|p1a: Frosmoth\n|-damage|p1a: Frosmoth|142/249\n|move|p1a: Frosmoth|Quiver Dance|p1a: Frosmoth\n|-boost|p1a: Frosmoth|spa|1\n|-boost|p1a: Frosmoth|spd|1\n|-boost|p1a: Frosmoth|spe|1\n|\n|upkeep\n|turn|18\n|\n|t:|1781466951\n|move|p2a: Blastoise|Earthquake|p1a: Frosmoth\n|-resisted|p1a: Frosmoth\n|-damage|p1a: Frosmoth|30/249\n|move|p1a: Frosmoth|Ice Beam|p2a: Blastoise\n|-resisted|p2a: Blastoise\n|-damage|p2a: Blastoise|105/258\n|\n|upkeep\n|turn|19\n|-message|Daruma forfeited.\n|\n|win|Breakers Inc.\n", "uploadtime": 1781466548, "views": 1, "formatid": "gen9randombattle", "rating": null, "private": 0, "password": null}