{"id": "gen9randombattle-2631966711", "format": "[Gen 9] Random Battle", "players": ["Ze Memerr", "MrDustintun"], "log": "|j|\u2606Ze Memerr\n|j|\u2606MrDustintun\n|t:|1781460816\n|gametype|singles\n|player|p1|Ze Memerr|101|1917\n|player|p2|MrDustintun|1|1951\n|gen|9\n|tier|[Gen 9] Random Battle\n|rated|\n|rule|Species Clause: Limit one of each Pok\u00e9mon\n|rule|HP Percentage Mod: HP is shown in percentages\n|rule|Sleep Clause Mod: Limit one foe put to sleep\n|rule|Illusion Level Mod: Illusion disguises the Pok\u00e9mon's true level\n|\n|t:|1781460816\n|teamsize|p1|6\n|teamsize|p2|6\n|start\n|switch|p1a: Barraskewda|Barraskewda, L81, F|231/231\n|switch|p2a: Walking Wake|Walking Wake, L79|286/286\n|turn|1\n|inactive|Battle timer is ON: inactive players will automatically lose when time's up. (requested by Ze Memerr)\n|inactive|MrDustintun has 120 seconds left.\n|\n|t:|1781460852\n|move|p1a: Barraskewda|Flip Turn|p2a: Walking Wake\n|-resisted|p2a: Walking Wake\n|-damage|p2a: Walking Wake|257/286\n|\n|t:|1781460856\n|switch|p1a: Misdreavus|Misdreavus, L90, M|254/254|[from] Flip Turn\n|move|p2a: Walking Wake|Flip Turn|p1a: Misdreavus\n|-damage|p1a: Misdreavus|211/254\n|\n|t:|1781460877\n|-end|p2a: Walking Wake|Protosynthesis|[silent]\n|switch|p2a: Gouging Fire|Gouging Fire, L74|277/277|[from] Flip Turn\n|\n|upkeep\n|turn|2\n|\n|t:|1781460904\n|switch|p1a: Barraskewda|Barraskewda, L81, F|231/231\n|move|p2a: Gouging Fire|Heat Crash|p1a: Barraskewda\n|-resisted|p1a: Barraskewda\n|-damage|p1a: Barraskewda|153/231\n|\n|upkeep\n|turn|3\n|\n|t:|1781460912\n|-end|p2a: Gouging Fire|Protosynthesis|[silent]\n|switch|p2a: Pecharunt|Pecharunt, L77|262/262\n|move|p1a: Barraskewda|Waterfall|p2a: Pecharunt\n|-damage|p2a: Pecharunt|174/262\n|\n|-heal|p2a: Pecharunt|190/262|[from] item: Leftovers\n|upkeep\n|turn|4\n|\n|t:|1781460928\n|switch|p1a: Regigigas|Regigigas, L84|322/322\n|-start|p1a: Regigigas|ability: Slow Start\n|move|p2a: Pecharunt|Malignant Chain|p1a: Regigigas\n|-damage|p1a: Regigigas|252/322\n|\n|-heal|p2a: Pecharunt|206/262|[from] item: Leftovers\n|-heal|p1a: Regigigas|272/322|[from] item: Leftovers\n|upkeep\n|turn|5\n|\n|t:|1781460944\n|switch|p2a: Plusle|Plusle, L95, F|268/268\n|move|p1a: Regigigas|Knock Off|p2a: Plusle\n|-damage|p2a: Plusle|191/268\n|-enditem|p2a: Plusle|Life Orb|[from] move: Knock Off|[of] p1a: Regigigas\n|\n|-heal|p1a: Regigigas|292/322|[from] item: Leftovers\n|upkeep\n|turn|6\n|\n|t:|1781460949\n|move|p2a: Plusle|Nasty Plot|p2a: Plusle\n|-boost|p2a: Plusle|spa|2\n|move|p1a: Regigigas|Body Slam|p2a: Plusle\n|-damage|p2a: Plusle|88/268\n|\n|-heal|p1a: Regigigas|312/322|[from] item: Leftovers\n|upkeep\n|turn|7\n|\n|t:|1781460955\n|move|p2a: Plusle|Thunderbolt|p1a: Regigigas\n|-damage|p1a: Regigigas|125/322\n|move|p1a: Regigigas|Body Slam|p2a: Plusle\n|-damage|p2a: Plusle|0 fnt\n|faint|p2a: Plusle\n|\n|-heal|p1a: Regigigas|145/322|[from] item: Leftovers\n|upkeep\n|\n|t:|1781460967\n|switch|p2a: Gouging Fire|Gouging Fire, L74|277/277\n|turn|8\n|\n|t:|1781460970\n|move|p2a: Gouging Fire|Dragon Dance|p2a: Gouging Fire\n|-boost|p2a: Gouging Fire|atk|1\n|-boost|p2a: Gouging Fire|spe|1\n|move|p1a: Regigigas|Rest|p1a: Regigigas\n|-status|p1a: Regigigas|slp|[from] move: Rest\n|-heal|p1a: Regigigas|322/322 slp|[silent]\n|\n|upkeep\n|turn|9\n|\n|t:|1781460974\n|move|p2a: Gouging Fire|Dragon Dance|p2a: Gouging Fire\n|-boost|p2a: Gouging Fire|atk|1\n|-boost|p2a: Gouging Fire|spe|1\n|cant|p1a: Regigigas|slp\n|move|p1a: Regigigas|Sleep Talk|p1a: Regigigas\n|move|p1a: Regigigas|Body Slam|p2a: Gouging Fire|[from] move: Sleep Talk\n|-damage|p2a: Gouging Fire|219/277\n|\n|-end|p1a: Regigigas|Slow Start\n|upkeep\n|turn|10\n|\n|t:|1781460987\n|move|p2a: Gouging Fire|Outrage|p1a: Regigigas\n|-damage|p1a: Regigigas|118/322 slp\n|cant|p1a: Regigigas|slp\n|move|p1a: Regigigas|Sleep Talk|p1a: Regigigas\n|move|p1a: Regigigas|Knock Off|p2a: Gouging Fire|[from] move: Sleep Talk\n|-damage|p2a: Gouging Fire|128/277\n|-enditem|p2a: Gouging Fire|Heavy-Duty Boots|[from] move: Knock Off|[of] p1a: Regigigas\n|\n|-heal|p1a: Regigigas|138/322 slp|[from] item: Leftovers\n|upkeep\n|turn|11\n|\n|t:|1781461003\n|move|p2a: Gouging Fire|Outrage|p1a: Regigigas|[from] lockedmove\n|-damage|p1a: Regigigas|0 fnt\n|faint|p1a: Regigigas\n|-end|p1a: Regigigas|Slow Start|[silent]\n|-start|p2a: Gouging Fire|confusion|[fatigue]\n|\n|upkeep\n|inactive|Ze Memerr has 120 seconds left.\n|\n|t:|1781461027\n|switch|p1a: Oranguru|Oranguru, L92, M|315/315\n|turn|12\n|\n|t:|1781461030\n|-activate|p2a: Gouging Fire|confusion\n|move|p2a: Gouging Fire|Heat Crash|p1a: Oranguru\n|-damage|p1a: Oranguru|98/315\n|move|p1a: Oranguru|Psychic|p2a: Gouging Fire\n|-damage|p2a: Gouging Fire|10/277\n|\n|-heal|p1a: Oranguru|117/315|[from] item: Leftovers\n|upkeep\n|turn|13\n|\n|t:|1781461038\n|-activate|p2a: Gouging Fire|confusion\n|move|p2a: Gouging Fire|Heat Crash|p1a: Oranguru\n|-damage|p1a: Oranguru|0 fnt\n|faint|p1a: Oranguru\n|\n|upkeep\n|\n|t:|1781461044\n|switch|p1a: Misdreavus|Misdreavus, L90, M|211/254\n|turn|14\n|\n|t:|1781461072\n|-activate|p2a: Gouging Fire|confusion\n|move|p2a: Gouging Fire|Heat Crash|p1a: Misdreavus\n|-damage|p1a: Misdreavus|40/254\n|move|p1a: Misdreavus|Draining Kiss|p2a: Gouging Fire\n|-damage|p2a: Gouging Fire|0 fnt\n|-heal|p1a: Misdreavus|48/254|[from] drain|[of] p2a: Gouging Fire\n|faint|p2a: Gouging Fire\n|-end|p2a: Gouging Fire|Protosynthesis|[silent]\n|\n|upkeep\n|\n|t:|1781461081\n|switch|p2a: Walking Wake|Walking Wake, L79|257/286\n|turn|15\n|\n|t:|1781461097\n|switch|p1a: Toxicroak|Toxicroak, L84, F|277/277\n|move|p2a: Walking Wake|Flamethrower|p1a: Toxicroak\n|-damage|p1a: Toxicroak|125/277\n|\n|upkeep\n|turn|16\n|\n|t:|1781461105\n|switch|p1a: Feraligatr|Feraligatr, L79, F|264/264\n|move|p2a: Walking Wake|Flamethrower|p1a: Feraligatr\n|-resisted|p1a: Feraligatr\n|-damage|p1a: Feraligatr|204/264\n|\n|upkeep\n|turn|17\n|\n|t:|1781461120\n|-end|p2a: Walking Wake|Protosynthesis|[silent]\n|switch|p2a: Meganium|Meganium, L90, M|290/290\n|move|p1a: Feraligatr|Dragon Dance|p1a: Feraligatr\n|-boost|p1a: Feraligatr|atk|1\n|-boost|p1a: Feraligatr|spe|1\n|\n|upkeep\n|turn|18\n|\n|t:|1781461134\n|move|p1a: Feraligatr|Ice Punch|p2a: Meganium\n|-supereffective|p2a: Meganium\n|-damage|p2a: Meganium|85/290\n|move|p2a: Meganium|Knock Off|p1a: Feraligatr\n|-damage|p1a: Feraligatr|133/264\n|-enditem|p1a: Feraligatr|Life Orb|[from] move: Knock Off|[of] p2a: Meganium\n|\n|-heal|p2a: Meganium|103/290|[from] item: Leftovers\n|upkeep\n|turn|19\n|\n|t:|1781461147\n|move|p1a: Feraligatr|Ice Punch|p2a: Meganium\n|-supereffective|p2a: Meganium\n|-damage|p2a: Meganium|0 fnt\n|faint|p2a: Meganium\n|\n|upkeep\n|\n|t:|1781461151\n|switch|p2a: Walking Wake|Walking Wake, L79|257/286\n|turn|20\n|\n|t:|1781461160\n|move|p1a: Feraligatr|Crunch|p2a: Walking Wake\n|-damage|p2a: Walking Wake|143/286\n|move|p2a: Walking Wake|Draco Meteor|p1a: Feraligatr\n|-damage|p1a: Feraligatr|0 fnt\n|-unboost|p2a: Walking Wake|spa|2\n|faint|p1a: Feraligatr\n|\n|upkeep\n|\n|t:|1781461176\n|switch|p1a: Barraskewda|Barraskewda, L81, F|153/231\n|turn|21\n|\n|t:|1781461186\n|move|p1a: Barraskewda|Throat Chop|p2a: Walking Wake\n|-damage|p2a: Walking Wake|37/286\n|-start|p2a: Walking Wake|Throat Chop|[silent]\n|move|p2a: Walking Wake|Draco Meteor|p1a: Barraskewda\n|-damage|p1a: Barraskewda|0 fnt\n|-unboost|p2a: Walking Wake|spa|2\n|faint|p1a: Barraskewda\n|\n|upkeep\n|\n|t:|1781461193\n|switch|p1a: Misdreavus|Misdreavus, L90, M|48/254\n|turn|22\n|\n|t:|1781461201\n|move|p2a: Walking Wake|Draco Meteor|p1a: Misdreavus\n|-damage|p1a: Misdreavus|0 fnt\n|-unboost|p2a: Walking Wake|spa|2\n|faint|p1a: Misdreavus\n|\n|-end|p2a: Walking Wake|Throat Chop|[silent]\n|upkeep\n|\n|t:|1781461203\n|switch|p1a: Toxicroak|Toxicroak, L84, F|125/277\n|turn|23\n|\n|t:|1781461210\n|move|p2a: Walking Wake|Draco Meteor|p1a: Toxicroak\n|-damage|p1a: Toxicroak|55/277\n|move|p1a: Toxicroak|Earthquake|p2a: Walking Wake\n|-damage|p2a: Walking Wake|0 fnt\n|faint|p2a: Walking Wake\n|-end|p2a: Walking Wake|Protosynthesis|[silent]\n|-damage|p1a: Toxicroak|28/277|[from] item: Life Orb\n|\n|upkeep\n|\n|t:|1781461213\n|switch|p2a: Grumpig|Grumpig, L92, F|297/297\n|turn|24\n|\n|t:|1781461221\n|-terastallize|p1a: Toxicroak|Ground\n|move|p2a: Grumpig|Shadow Ball|p1a: Toxicroak\n|-damage|p1a: Toxicroak|0 fnt\n|faint|p1a: Toxicroak\n|\n|win|MrDustintun\n", "uploadtime": 1781460817, "views": 3, "formatid": "gen9randombattle", "rating": null, "private": 0, "password": null}