{"id": "gen9randombattle-2631423832", "format": "[Gen 9] Random Battle", "players": ["joufs4444", "rinigan_minato"], "log": "|j|\u2606joufs4444\n|j|\u2606rinigan_minato\n|t:|1781382911\n|gametype|singles\n|player|p1|joufs4444|li|1732\n|player|p2|rinigan_minato|volkner|1727\n|gen|9\n|tier|[Gen 9] Random Battle\n|rated|\n|rule|Species Clause: Limit one of each Pok\u00e9mon\n|rule|HP Percentage Mod: HP is shown in percentages\n|rule|Sleep Clause Mod: Limit one foe put to sleep\n|rule|Illusion Level Mod: Illusion disguises the Pok\u00e9mon's true level\n|\n|t:|1781382911\n|teamsize|p1|6\n|teamsize|p2|6\n|start\n|switch|p1a: Conkeldurr|Conkeldurr, L80, F|299/299\n|switch|p2a: Houndoom|Houndoom, L87, M|272/272\n|turn|1\n|inactive|Battle timer is ON: inactive players will automatically lose when time's up. (requested by joufs4444)\n|\n|t:|1781382925\n|move|p2a: Houndoom|Fire Blast|p1a: Conkeldurr\n|-damage|p1a: Conkeldurr|122/299\n|move|p1a: Conkeldurr|Knock Off|p2a: Houndoom\n|-resisted|p2a: Houndoom\n|-damage|p2a: Houndoom|216/272\n|-enditem|p2a: Houndoom|Heavy-Duty Boots|[from] move: Knock Off|[of] p1a: Conkeldurr\n|\n|-status|p1a: Conkeldurr|brn|[from] item: Flame Orb\n|upkeep\n|turn|2\n|\n|t:|1781382933\n|switch|p2a: Calyrex|Calyrex-Shadow, L64|235/235\n|-ability|p2a: Calyrex|As One\n|-ability|p2a: Calyrex|Unnerve\n|move|p1a: Conkeldurr|Mach Punch|p2a: Calyrex\n|-immune|p2a: Calyrex\n|\n|-damage|p1a: Conkeldurr|104/299 brn|[from] brn\n|upkeep\n|turn|3\n|\n|t:|1781382946\n|move|p2a: Calyrex|Astral Barrage|p1a: Conkeldurr\n|-damage|p1a: Conkeldurr|0 fnt\n|faint|p1a: Conkeldurr\n|-ability|p2a: Calyrex|Grim Neigh|boost\n|-boost|p2a: Calyrex|spa|1\n|\n|upkeep\n|\n|t:|1781382956\n|switch|p1a: Dugtrio|Dugtrio-Alola, L84, F|196/196\n|turn|4\n|\n|t:|1781382969\n|switch|p2a: Hydreigon|Hydreigon, L79, F|275/275\n|move|p1a: Dugtrio|Sucker Punch||[still]\n|-fail|p1a: Dugtrio\n|\n|upkeep\n|turn|5\n|\n|t:|1781382977\n|switch|p1a: Palafin|Palafin, L77, F|281/281\n|move|p2a: Hydreigon|Dark Pulse|p1a: Palafin\n|-damage|p1a: Palafin|101/281\n|\n|upkeep\n|turn|6\n|\n|t:|1781382989\n|detailschange|p1a: Palafin|Palafin-Hero, L77, F\n|switch|p1a: Dugtrio|Dugtrio-Alola, L84, F|196/196\n|move|p2a: Hydreigon|Dark Pulse|p1a: Dugtrio\n|-damage|p1a: Dugtrio|21/196\n|\n|upkeep\n|turn|7\n|\n|t:|1781382994\n|move|p1a: Dugtrio|Iron Head|p2a: Hydreigon\n|-damage|p2a: Hydreigon|153/275\n|-damage|p1a: Dugtrio|2/196|[from] item: Life Orb\n|move|p2a: Hydreigon|Dark Pulse|p1a: Dugtrio\n|-damage|p1a: Dugtrio|0 fnt\n|faint|p1a: Dugtrio\n|\n|upkeep\n|\n|t:|1781383011\n|switch|p1a: Kyurem|Kyurem, L77|319/319\n|-ability|p1a: Kyurem|Pressure\n|turn|8\n|\n|t:|1781383024\n|switch|p2a: Hariyama|Hariyama, L87, M|392/392\n|move|p1a: Kyurem|Freeze-Dry|p2a: Hariyama\n|-damage|p2a: Hariyama|287/392\n|\n|-status|p2a: Hariyama|brn|[from] item: Flame Orb\n|upkeep\n|turn|9\n|\n|t:|1781383031\n|switch|p1a: Golurk|Golurk, L87|297/297\n|move|p2a: Hariyama|Close Combat|p1a: Golurk\n|-immune|p1a: Golurk\n|\n|-damage|p2a: Hariyama|263/392 brn|[from] brn\n|upkeep\n|turn|10\n|\n|t:|1781383040\n|move|p1a: Golurk|Poltergeist|p2a: Hariyama\n|-activate|p2a: Hariyama|move: Poltergeist|Flame Orb\n|-damage|p2a: Hariyama|0 fnt\n|faint|p2a: Hariyama\n|-damage|p1a: Golurk|268/297|[from] item: Life Orb\n|\n|upkeep\n|\n|t:|1781383044\n|switch|p2a: Houndoom|Houndoom, L87, M|216/272\n|turn|11\n|\n|t:|1781383053\n|move|p2a: Houndoom|Dark Pulse|p1a: Golurk\n|-supereffective|p1a: Golurk\n|-damage|p1a: Golurk|70/297\n|move|p1a: Golurk|Dynamic Punch|p2a: Houndoom\n|-supereffective|p2a: Houndoom\n|-damage|p2a: Houndoom|0 fnt\n|faint|p2a: Houndoom\n|-damage|p1a: Golurk|41/297|[from] item: Life Orb\n|\n|upkeep\n|\n|t:|1781383076\n|switch|p2a: Lapras|Lapras, L87, M|367/367\n|turn|12\n|\n|t:|1781383085\n|move|p2a: Lapras|Freeze-Dry|p1a: Golurk\n|-supereffective|p1a: Golurk\n|-damage|p1a: Golurk|0 fnt\n|faint|p1a: Golurk\n|\n|upkeep\n|\n|t:|1781383095\n|switch|p1a: Kyurem|Kyurem, L77|319/319\n|-ability|p1a: Kyurem|Pressure\n|turn|13\n|\n|t:|1781383102\n|switch|p2a: Typhlosion|Typhlosion-Hisui, L83, F|257/257\n|move|p1a: Kyurem|Freeze-Dry|p2a: Typhlosion\n|-resisted|p2a: Typhlosion\n|-damage|p2a: Typhlosion|216/257\n|\n|upkeep\n|turn|14\n|\n|t:|1781383107\n|move|p2a: Typhlosion|Focus Blast|p1a: Kyurem\n|-supereffective|p1a: Kyurem\n|-damage|p1a: Kyurem|0 fnt\n|faint|p1a: Kyurem\n|\n|upkeep\n|\n|t:|1781383112\n|switch|p1a: Mew|Mew, L82|298/298\n|turn|15\n|\n|t:|1781383116\n|switch|p2a: Hydreigon|Hydreigon, L79, F|153/275\n|move|p1a: Mew|Swords Dance|p1a: Mew\n|-boost|p1a: Mew|atk|2\n|\n|upkeep\n|turn|16\n|\n|t:|1781383120\n|move|p1a: Mew|Close Combat|p2a: Hydreigon\n|-supereffective|p2a: Hydreigon\n|-damage|p2a: Hydreigon|0 fnt\n|-unboost|p1a: Mew|def|1\n|-unboost|p1a: Mew|spd|1\n|faint|p2a: Hydreigon\n|-damage|p1a: Mew|269/298|[from] item: Life Orb\n|\n|upkeep\n|\n|t:|1781383123\n|switch|p2a: Calyrex|Calyrex-Shadow, L64|235/235\n|-ability|p2a: Calyrex|As One\n|-ability|p2a: Calyrex|Unnerve\n|turn|17\n|\n|t:|1781383133\n|-terastallize|p2a: Calyrex|Ghost\n|-terastallize|p1a: Mew|Fighting\n|move|p2a: Calyrex|Astral Barrage|p1a: Mew\n|-damage|p1a: Mew|0 fnt\n|faint|p1a: Mew\n|-ability|p2a: Calyrex|Grim Neigh|boost\n|-boost|p2a: Calyrex|spa|1\n|\n|upkeep\n|\n|t:|1781383140\n|switch|p1a: Palafin|Palafin-Hero, L77, F|101/281\n|-activate|p1a: Palafin|ability: Zero to Hero\n|turn|18\n|\n|t:|1781383142\n|move|p1a: Palafin|Jet Punch|p2a: Calyrex\n|-damage|p2a: Calyrex|82/235\n|move|p2a: Calyrex|Astral Barrage|p1a: Palafin\n|-damage|p1a: Palafin|0 fnt\n|faint|p1a: Palafin\n|\n|win|rinigan_minato\n|raw|joufs4444's rating: 1732 &rarr; <strong>1712</strong><br />(-20 for losing)\n|raw|rinigan_minato's rating: 1727 &rarr; <strong>1747</strong><br />(+20 for winning)\n|l|\u2606joufs4444\n|player|p1|\n", "uploadtime": 1781383149, "views": 7, "formatid": "gen9randombattle", "rating": 1712, "private": 0, "password": null}