{"id": "gen9randombattle-2631930635", "format": "[Gen 9] Random Battle", "players": ["JerryAlex", "DungBeetleEnjoyer"], "log": "|j|\u2606JerryAlex\n|j|\u2606DungBeetleEnjoyer\n|t:|1781456874\n|gametype|singles\n|player|p1|JerryAlex|aaron|1945\n|player|p2|DungBeetleEnjoyer|swimmer-gen4|2046\n|gen|9\n|tier|[Gen 9] Random Battle\n|rated|\n|rule|Species Clause: Limit one of each Pok\u00e9mon\n|rule|HP Percentage Mod: HP is shown in percentages\n|rule|Sleep Clause Mod: Limit one foe put to sleep\n|rule|Illusion Level Mod: Illusion disguises the Pok\u00e9mon's true level\n|\n|t:|1781456874\n|teamsize|p1|6\n|teamsize|p2|6\n|start\n|switch|p1a: Inteleon|Inteleon, L81, F|246/246\n|switch|p2a: Entei|Entei, L78|307/307\n|turn|1\n|\n|t:|1781456883\n|switch|p2a: Kingdra|Kingdra, L84, F|263/263\n|move|p1a: Inteleon|Hydro Pump|p2a: Kingdra\n|-resisted|p2a: Kingdra\n|-damage|p2a: Kingdra|217/263\n|\n|upkeep\n|turn|2\n|\n|t:|1781456889\n|switch|p1a: Alcremie|Alcremie-Mint-Cream, L90, F|263/263\n|move|p2a: Kingdra|Draco Meteor|p1a: Alcremie\n|-immune|p1a: Alcremie\n|\n|upkeep\n|turn|3\n|\n|t:|1781456904\n|switch|p2a: Ho-Oh|Ho-Oh, L71|268/268\n|move|p1a: Alcremie|Alluring Voice|p2a: Ho-Oh\n|-resisted|p2a: Ho-Oh\n|-damage|p2a: Ho-Oh|223/268\n|\n|upkeep\n|turn|4\n|inactive|Battle timer is ON: inactive players will automatically lose when time's up. (requested by DungBeetleEnjoyer)\n|\n|t:|1781456916\n|move|p2a: Ho-Oh|Brave Bird|p1a: Alcremie\n|-damage|p1a: Alcremie|134/263\n|-damage|p2a: Ho-Oh|180/268|[from] Recoil\n|move|p1a: Alcremie|Calm Mind|p1a: Alcremie\n|-boost|p1a: Alcremie|spa|1\n|-boost|p1a: Alcremie|spd|1\n|\n|-heal|p1a: Alcremie|150/263|[from] item: Leftovers\n|upkeep\n|turn|5\n|j| GoPlayCatch\n|\n|t:|1781456936\n|move|p2a: Ho-Oh|Brave Bird|p1a: Alcremie\n|-damage|p1a: Alcremie|32/263\n|-damage|p2a: Ho-Oh|141/268|[from] Recoil\n|move|p1a: Alcremie|Psyshock|p2a: Ho-Oh\n|-damage|p2a: Ho-Oh|19/268\n|\n|-heal|p1a: Alcremie|48/263|[from] item: Leftovers\n|upkeep\n|turn|6\n|\n|t:|1781456944\n|switch|p2a: Samurott|Samurott-Hisui, L77, M|265/265\n|move|p1a: Alcremie|Recover|p1a: Alcremie\n|-heal|p1a: Alcremie|180/263\n|\n|-heal|p1a: Alcremie|196/263|[from] item: Leftovers\n|upkeep\n|turn|7\n|\n|t:|1781456955\n|move|p2a: Samurott|Razor Shell|p1a: Alcremie\n|-damage|p1a: Alcremie|27/263\n|move|p1a: Alcremie|Alluring Voice|p2a: Samurott\n|-supereffective|p2a: Samurott\n|-damage|p2a: Samurott|0 fnt\n|faint|p2a: Samurott\n|\n|-heal|p1a: Alcremie|43/263|[from] item: Leftovers\n|upkeep\n|\n|t:|1781456964\n|switch|p2a: Ho-Oh|Ho-Oh, L71|108/268\n|turn|8\n|\n|t:|1781456971\n|move|p2a: Ho-Oh|Sacred Fire|p1a: Alcremie\n|-damage|p1a: Alcremie|0 fnt\n|faint|p1a: Alcremie\n|\n|upkeep\n|\n|t:|1781456977\n|switch|p1a: Vigoroth|Vigoroth, L85, M|275/275\n|turn|9\n|\n|t:|1781456983\n|switch|p2a: Probopass|Probopass, L91, F|257/257\n|move|p1a: Vigoroth|Body Slam|p2a: Probopass\n|-resisted|p2a: Probopass\n|-damage|p2a: Probopass|246/257\n|-status|p2a: Probopass|par\n|\n|-heal|p2a: Probopass|257/257 par|[from] item: Leftovers\n|upkeep\n|turn|10\n|\n|t:|1781456993\n|switch|p1a: Sinistcha|Sinistcha, L83|254/254\n|cant|p2a: Probopass|par\n|\n|upkeep\n|turn|11\n|\n|t:|1781457003\n|switch|p2a: Braviary|Braviary-Hisui, L85, M|326/326\n|move|p1a: Sinistcha|Calm Mind|p1a: Sinistcha\n|-boost|p1a: Sinistcha|spa|1\n|-boost|p1a: Sinistcha|spd|1\n|\n|upkeep\n|turn|12\n|\n|t:|1781457013\n|move|p1a: Sinistcha|Shadow Ball|p2a: Braviary\n|-supereffective|p2a: Braviary\n|-damage|p2a: Braviary|0 fnt\n|faint|p2a: Braviary\n|\n|upkeep\n|-message|DungBeetleEnjoyer forfeited.\n|\n|win|JerryAlex\n", "uploadtime": 1781456875, "views": 4, "formatid": "gen9randombattle", "rating": null, "private": 0, "password": null}