{"id": "gen9randombattle-2631480446", "format": "[Gen 9] Random Battle", "players": ["TheOldTimers", "catlib"], "log": "|j|\u2606TheOldTimers\n|j|\u2606catlib\n|t:|1781390250\n|gametype|singles\n|player|p1|TheOldTimers|li|1947\n|player|p2|catlib|birdkeeper|1940\n|gen|9\n|tier|[Gen 9] Random Battle\n|rated|\n|rule|Species Clause: Limit one of each Pok\u00e9mon\n|rule|HP Percentage Mod: HP is shown in percentages\n|rule|Sleep Clause Mod: Limit one foe put to sleep\n|rule|Illusion Level Mod: Illusion disguises the Pok\u00e9mon's true level\n|\n|t:|1781390250\n|teamsize|p1|6\n|teamsize|p2|6\n|start\n|switch|p1a: Arceus|Arceus, L68|276/276\n|switch|p2a: Eiscue|Eiscue, L88, M|274/274\n|turn|1\n|\n|t:|1781390270\n|switch|p1a: Lumineon|Lumineon, L93, M|279/279\n|switch|p2a: Slither Wing|Slither Wing, L81|270/270\n|\n|upkeep\n|turn|2\n|\n|t:|1781390280\n|move|p1a: Lumineon|Alluring Voice|p2a: Slither Wing\n|-supereffective|p2a: Slither Wing\n|-damage|p2a: Slither Wing|135/270\n|-damage|p1a: Lumineon|252/279|[from] item: Life Orb\n|move|p2a: Slither Wing|U-turn|p1a: Lumineon\n|-damage|p1a: Lumineon|165/279\n|\n|t:|1781390293\n|-end|p2a: Slither Wing|Protosynthesis|[silent]\n|switch|p2a: Trevenant|Trevenant, L89, M|296/296|[from] U-turn\n|\n|upkeep\n|turn|3\n|\n|t:|1781390298\n|move|p1a: Lumineon|Ice Beam|p2a: Trevenant\n|-supereffective|p2a: Trevenant\n|-damage|p2a: Trevenant|137/296\n|-damage|p1a: Lumineon|138/279|[from] item: Life Orb\n|move|p2a: Trevenant|Poltergeist|p1a: Lumineon\n|-activate|p1a: Lumineon|move: Poltergeist|Life Orb\n|-damage|p1a: Lumineon|0 fnt\n|faint|p1a: Lumineon\n|-damage|p2a: Trevenant|108/296|[from] item: Life Orb\n|\n|upkeep\n|\n|t:|1781390311\n|switch|p1a: Houndstone|Houndstone, L86, M|264/264\n|turn|4\n|\n|t:|1781390329\n|move|p1a: Houndstone|Poltergeist|p2a: Trevenant\n|-activate|p2a: Trevenant|move: Poltergeist|Life Orb\n|-supereffective|p2a: Trevenant\n|-crit|p2a: Trevenant\n|-damage|p2a: Trevenant|0 fnt\n|faint|p2a: Trevenant\n|\n|upkeep\n|\n|t:|1781390336\n|switch|p2a: Slither Wing|Slither Wing, L81|135/270\n|turn|5\n|\n|t:|1781390344\n|move|p2a: Slither Wing|Morning Sun|p2a: Slither Wing\n|-heal|p2a: Slither Wing|270/270\n|move|p1a: Houndstone|Poltergeist|p2a: Slither Wing\n|-activate|p2a: Slither Wing|move: Poltergeist|Heavy-Duty Boots\n|-damage|p2a: Slither Wing|57/270\n|\n|upkeep\n|turn|6\n|\n|t:|1781390350\n|move|p2a: Slither Wing|Will-O-Wisp|p1a: Houndstone\n|-status|p1a: Houndstone|brn\n|move|p1a: Houndstone|Poltergeist|p2a: Slither Wing\n|-activate|p2a: Slither Wing|move: Poltergeist|Heavy-Duty Boots\n|-damage|p2a: Slither Wing|0 fnt\n|faint|p2a: Slither Wing\n|-end|p2a: Slither Wing|Protosynthesis|[silent]\n|\n|-damage|p1a: Houndstone|248/264 brn|[from] brn\n|upkeep\n|\n|t:|1781390352\n|switch|p2a: Eiscue|Eiscue, L88, M|274/274\n|turn|7\n|\n|t:|1781390356\n|switch|p1a: Rotom|Rotom-Wash, L82|216/216\n|move|p2a: Eiscue|Belly Drum|p2a: Eiscue\n|-damage|p2a: Eiscue|137/274\n|-setboost|p2a: Eiscue|atk|6|[from] move: Belly Drum\n|-enditem|p2a: Eiscue|Sitrus Berry|[eat]\n|-heal|p2a: Eiscue|205/274|[from] item: Sitrus Berry\n|\n|upkeep\n|turn|8\n|\n|t:|1781390364\n|move|p1a: Rotom|Will-O-Wisp|p2a: Eiscue\n|-status|p2a: Eiscue|brn\n|move|p2a: Eiscue|Ice Spinner|p1a: Rotom\n|-resisted|p1a: Rotom\n|-damage|p1a: Rotom|148/216\n|\n|-heal|p1a: Rotom|161/216|[from] item: Leftovers\n|-damage|p2a: Eiscue|188/274 brn|[from] brn\n|upkeep\n|turn|9\n|\n|t:|1781390377\n|move|p1a: Rotom|Discharge|p2a: Eiscue\n|-damage|p2a: Eiscue|113/274 brn\n|move|p2a: Eiscue|Ice Spinner|p1a: Rotom\n|-resisted|p1a: Rotom\n|-damage|p1a: Rotom|95/216\n|\n|-heal|p1a: Rotom|108/216|[from] item: Leftovers\n|-damage|p2a: Eiscue|96/274 brn|[from] brn\n|upkeep\n|turn|10\n|\n|t:|1781390385\n|move|p1a: Rotom|Hydro Pump|p2a: Eiscue\n|-damage|p2a: Eiscue|0 fnt\n|faint|p2a: Eiscue\n|\n|-heal|p1a: Rotom|121/216|[from] item: Leftovers\n|upkeep\n|\n|t:|1781390393\n|switch|p2a: Emboar|Emboar, L84, F|322/322\n|turn|11\n|\n|t:|1781390397\n|move|p2a: Emboar|Close Combat|p1a: Rotom\n|-damage|p1a: Rotom|0 fnt\n|-unboost|p2a: Emboar|def|1\n|-unboost|p2a: Emboar|spd|1\n|faint|p1a: Rotom\n|\n|upkeep\n|inactive|Battle timer is ON: inactive players will automatically lose when time's up. (requested by catlib)\n|\n|t:|1781390402\n|switch|p1a: Houndstone|Houndstone, L86, M|248/264 brn\n|turn|12\n|\n|t:|1781390413\n|switch|p2a: Fezandipiti|Fezandipiti, L82, M|278/278\n|switch|p1a: Electrode|Electrode-Hisui, L87|246/246\n|\n|upkeep\n|turn|13\n|\n|t:|1781390418\n|move|p1a: Electrode|Thunder Wave|p2a: Fezandipiti|[miss]\n|-miss|p1a: Electrode|p2a: Fezandipiti\n|move|p2a: Fezandipiti|Gunk Shot|p1a: Electrode\n|-supereffective|p1a: Electrode\n|-damage|p1a: Electrode|0 fnt\n|faint|p1a: Electrode\n|\n|upkeep\n|\n|t:|1781390423\n|switch|p1a: Scrafty|Scrafty, L83, F|244/244\n|turn|14\n|c|\u2606catlib|tera so obvious\n|c|\u2606catlib|lol\n|\n|t:|1781390441\n|-terastallize|p1a: Scrafty|Poison\n|move|p2a: Fezandipiti|Moonblast|p1a: Scrafty\n|-resisted|p1a: Scrafty\n|-damage|p1a: Scrafty|212/244\n|move|p1a: Scrafty|Bulk Up|p1a: Scrafty\n|-boost|p1a: Scrafty|atk|1\n|-boost|p1a: Scrafty|def|1\n|\n|-heal|p1a: Scrafty|227/244|[from] item: Leftovers\n|upkeep\n|turn|15\n|\n|t:|1781390453\n|switch|p2a: Emboar|Emboar, L84, F|322/322\n|move|p1a: Scrafty|Knock Off|p2a: Emboar\n|-resisted|p2a: Emboar\n|-damage|p2a: Emboar|234/322\n|-enditem|p2a: Emboar|Choice Scarf|[from] move: Knock Off|[of] p1a: Scrafty\n|\n|-heal|p1a: Scrafty|242/244|[from] item: Leftovers\n|upkeep\n|turn|16\n|\n|t:|1781390457\n|move|p2a: Emboar|Flare Blitz|p1a: Scrafty\n|-damage|p1a: Scrafty|148/244\n|-damage|p2a: Emboar|203/322|[from] Recoil\n|move|p1a: Scrafty|Drain Punch|p2a: Emboar\n|-damage|p2a: Emboar|53/322\n|-heal|p1a: Scrafty|223/244|[from] drain|[of] p2a: Emboar\n|\n|-heal|p1a: Scrafty|238/244|[from] item: Leftovers\n|upkeep\n|turn|17\n|c|\u2606TheOldTimers|Well what else could I do lol\n|\n|t:|1781390470\n|move|p2a: Emboar|Flare Blitz|p1a: Scrafty\n|-crit|p1a: Scrafty\n|-damage|p1a: Scrafty|0 fnt\n|faint|p1a: Scrafty\n|-damage|p2a: Emboar|0 fnt|[from] Recoil\n|faint|p2a: Emboar\n|\n|upkeep\n|c|\u2606catlib|unf i cant do anything about it\n|c|\u2606catlib|oh nvm\n|c|\u2606TheOldTimers|Well\n|c|\u2606TheOldTimers|There you gp\n|c|\u2606TheOldTimers|go\n|c|\u2606TheOldTimers|never think you\u2019re unluckier than me my friend lol\n|c|\u2606catlib|i mean its still anyones game\n|inactive|catlib has 120 seconds left.\n|\n|t:|1781390510\n|switch|p2a: Fezandipiti|Fezandipiti, L82, M|278/278\n|switch|p1a: Houndstone|Houndstone, L86, M|248/264 brn\n|turn|18\n|inactive|catlib has 120 seconds left.\n|\n|t:|1781390523\n|switch|p2a: Swanna|Swanna, L89, M|278/278\n|move|p1a: Houndstone|Poltergeist|p2a: Swanna\n|-activate|p2a: Swanna|move: Poltergeist|Heavy-Duty Boots\n|-damage|p2a: Swanna|162/278\n|\n|-damage|p1a: Houndstone|232/264 brn|[from] brn\n|upkeep\n|turn|19\n|\n|t:|1781390529\n|move|p2a: Swanna|Roost|p2a: Swanna\n|-heal|p2a: Swanna|278/278\n|-singleturn|p2a: Swanna|move: Roost\n|move|p1a: Houndstone|Poltergeist|p2a: Swanna\n|-activate|p2a: Swanna|move: Poltergeist|Heavy-Duty Boots\n|-damage|p2a: Swanna|164/278\n|\n|-damage|p1a: Houndstone|216/264 brn|[from] brn\n|upkeep\n|turn|20\n|\n|t:|1781390531\n|move|p2a: Swanna|Hydro Pump|p1a: Houndstone\n|-damage|p1a: Houndstone|108/264 brn\n|move|p1a: Houndstone|Poltergeist|p2a: Swanna\n|-activate|p2a: Swanna|move: Poltergeist|Heavy-Duty Boots\n|-damage|p2a: Swanna|45/278\n|\n|-damage|p1a: Houndstone|92/264 brn|[from] brn\n|upkeep\n|turn|21\n|\n|t:|1781390534\n|move|p2a: Swanna|Roost|p2a: Swanna\n|-heal|p2a: Swanna|184/278\n|-singleturn|p2a: Swanna|move: Roost\n|move|p1a: Houndstone|Poltergeist|p2a: Swanna\n|-activate|p2a: Swanna|move: Poltergeist|Heavy-Duty Boots\n|-damage|p2a: Swanna|78/278\n|\n|-damage|p1a: Houndstone|76/264 brn|[from] brn\n|upkeep\n|turn|22\n|\n|t:|1781390538\n|move|p2a: Swanna|Roost|p2a: Swanna\n|-heal|p2a: Swanna|217/278\n|-singleturn|p2a: Swanna|move: Roost\n|move|p1a: Houndstone|Poltergeist|p2a: Swanna\n|-activate|p2a: Swanna|move: Poltergeist|Heavy-Duty Boots\n|-damage|p2a: Swanna|101/278\n|\n|-damage|p1a: Houndstone|60/264 brn|[from] brn\n|upkeep\n|turn|23\n|\n|t:|1781390540\n|move|p2a: Swanna|Roost|p2a: Swanna\n|-heal|p2a: Swanna|240/278\n|-singleturn|p2a: Swanna|move: Roost\n|-activate|p1a: Houndstone|move: Struggle\n|move|p1a: Houndstone|Struggle|p2a: Swanna\n|-crit|p2a: Swanna\n|-damage|p2a: Swanna|187/278\n|-damage|p1a: Houndstone|0 fnt|[from] recoil\n|faint|p1a: Houndstone\n|\n|upkeep\n|\n|t:|1781390541\n|switch|p1a: Arceus|Arceus, L68|276/276\n|turn|24\n|\n|t:|1781390545\n|move|p2a: Swanna|Brave Bird|p1a: Arceus\n|-damage|p1a: Arceus|159/276\n|-damage|p2a: Swanna|148/278|[from] Recoil\n|move|p1a: Arceus|Swords Dance|p1a: Arceus\n|-boost|p1a: Arceus|atk|2\n|\n|upkeep\n|turn|25\n|\n|t:|1781390558\n|move|p2a: Swanna|Brave Bird|p1a: Arceus\n|-damage|p1a: Arceus|39/276\n|-damage|p2a: Swanna|108/278|[from] Recoil\n|move|p1a: Arceus|Recover|p1a: Arceus\n|-heal|p1a: Arceus|177/276\n|\n|upkeep\n|turn|26\n|\n|t:|1781390564\n|move|p1a: Arceus|Extreme Speed|p2a: Swanna\n|-damage|p2a: Swanna|0 fnt\n|faint|p2a: Swanna\n|-damage|p1a: Arceus|150/276|[from] item: Life Orb\n|\n|upkeep\n|\n|t:|1781390567\n|switch|p2a: Fezandipiti|Fezandipiti, L82, M|278/278\n|turn|27\n|\n|t:|1781390573\n|-terastallize|p2a: Fezandipiti|Water\n|move|p2a: Fezandipiti|Gunk Shot|p1a: Arceus\n|-damage|p1a: Arceus|42/276\n|-status|p1a: Arceus|tox|[from] ability: Toxic Chain|[of] p2a: Fezandipiti\n|move|p1a: Arceus|Recover|p1a: Arceus\n|-heal|p1a: Arceus|180/276 tox\n|\n|-damage|p1a: Arceus|163/276 tox|[from] psn\n|upkeep\n|turn|28\n|\n|t:|1781390583\n|move|p1a: Arceus|Extreme Speed|p2a: Fezandipiti\n|-damage|p2a: Fezandipiti|103/278\n|-damage|p1a: Arceus|136/276 tox|[from] item: Life Orb\n|move|p2a: Fezandipiti|Gunk Shot|p1a: Arceus\n|-damage|p1a: Arceus|21/276 tox\n|\n|-heal|p2a: Fezandipiti|120/278|[from] item: Leftovers\n|-damage|p1a: Arceus|0 fnt|[from] psn\n|faint|p1a: Arceus\n|\n|win|catlib\n", "uploadtime": 1781390252, "views": 5, "formatid": "gen9randombattle", "rating": null, "private": 0, "password": null}