{"id": "gen9randombattle-2631446990", "format": "[Gen 9] Random Battle", "players": ["stop_aa", "gnostechnician"], "log": "|j|\u2606stop_aa\n|j|\u2606gnostechnician\n|t:|1781385743\n|gametype|singles\n|player|p1|stop_aa|101|2040\n|player|p2|gnostechnician|burglar-gen1rb|2108\n|gen|9\n|tier|[Gen 9] Random Battle\n|rated|\n|rule|Species Clause: Limit one of each Pok\u00e9mon\n|rule|HP Percentage Mod: HP is shown in percentages\n|rule|Sleep Clause Mod: Limit one foe put to sleep\n|rule|Illusion Level Mod: Illusion disguises the Pok\u00e9mon's true level\n|\n|t:|1781385743\n|teamsize|p1|6\n|teamsize|p2|6\n|start\n|switch|p1a: Chien-Pao|Chien-Pao, L72|234/234\n|switch|p2a: Mienshao|Mienshao, L83, F|243/243\n|-ability|p1a: Chien-Pao|Sword of Ruin\n|turn|1\n|\n|t:|1781385760\n|switch|p1a: Tentacruel|Tentacruel, L84, M|272/272\n|move|p2a: Mienshao|U-turn|p1a: Tentacruel\n|-resisted|p1a: Tentacruel\n|-damage|p1a: Tentacruel|213/272\n|\n|t:|1781385799\n|switch|p2a: Basculin|Basculin, L86, F|261/261|[from] U-turn\n|\n|-heal|p1a: Tentacruel|230/272|[from] item: Leftovers\n|upkeep\n|turn|2\n|inactive|Battle timer is ON: inactive players will automatically lose when time's up. (requested by gnostechnician)\n|inactive|stop_aa has 120 seconds left.\n|inactive|stop_aa has 90 seconds left.\n|\n|t:|1781385951\n|move|p2a: Basculin|Wave Crash|p1a: Tentacruel\n|-resisted|p1a: Tentacruel\n|-damage|p1a: Tentacruel|67/272\n|-damage|p2a: Basculin|207/261|[from] Recoil\n|move|p1a: Tentacruel|Sludge Bomb|p2a: Basculin\n|-damage|p2a: Basculin|92/261\n|-status|p2a: Basculin|psn\n|\n|-heal|p1a: Tentacruel|84/272|[from] item: Leftovers\n|-damage|p2a: Basculin|60/261 psn|[from] psn\n|upkeep\n|turn|3\n|\n|t:|1781385981\n|switch|p1a: Breloom|Breloom, L83, F|235/235\n|move|p2a: Basculin|Wave Crash|p1a: Breloom\n|-resisted|p1a: Breloom\n|-damage|p1a: Breloom|90/235\n|-damage|p2a: Basculin|12/261 psn|[from] Recoil\n|\n|-damage|p2a: Basculin|0 fnt|[from] psn\n|faint|p2a: Basculin\n|upkeep\n|inactive|gnostechnician has 120 seconds left.\n|\n|t:|1781385995\n|switch|p2a: Mienshao|Mienshao, L83, F|243/243\n|turn|4\n|inactive|gnostechnician has 120 seconds left.\n|\n|t:|1781386013\n|move|p1a: Breloom|Mach Punch|p2a: Mienshao\n|-damage|p2a: Mienshao|107/243\n|-damage|p1a: Breloom|67/235|[from] item: Life Orb\n|move|p2a: Mienshao|High Jump Kick|p1a: Breloom\n|-damage|p1a: Breloom|0 fnt\n|faint|p1a: Breloom\n|\n|upkeep\n|inactive|stop_aa has 120 seconds left.\n|\n|t:|1781386026\n|switch|p1a: Chien-Pao|Chien-Pao, L72|234/234\n|-ability|p1a: Chien-Pao|Sword of Ruin\n|turn|5\n|\n|t:|1781386034\n|switch|p2a: Stonjourner|Stonjourner, L91, F|330/330\n|move|p1a: Chien-Pao|Icicle Crash|p2a: Stonjourner\n|-damage|p2a: Stonjourner|233/330\n|\n|upkeep\n|turn|6\n|inactive|stop_aa has 120 seconds left.\n|\n|t:|1781386057\n|switch|p1a: Kommo-o|Kommo-o, L78, F|245/245\n|move|p2a: Stonjourner|Stealth Rock|p1a: Kommo-o\n|-sidestart|p1: stop_aa|move: Stealth Rock\n|\n|upkeep\n|turn|7\n|\n|t:|1781386076\n|move|p2a: Stonjourner|Earthquake|p1a: Kommo-o\n|-damage|p1a: Kommo-o|129/245\n|-damage|p2a: Stonjourner|200/330|[from] item: Life Orb\n|move|p1a: Kommo-o|Swords Dance|p1a: Kommo-o\n|-boost|p1a: Kommo-o|atk|2\n|\n|upkeep\n|turn|8\n|\n|t:|1781386086\n|move|p2a: Stonjourner|Earthquake|p1a: Kommo-o\n|-damage|p1a: Kommo-o|26/245\n|-damage|p2a: Stonjourner|167/330|[from] item: Life Orb\n|move|p1a: Kommo-o|Scale Shot|p2a: Stonjourner\n|-damage|p2a: Stonjourner|131/330\n|-damage|p2a: Stonjourner|98/330\n|-damage|p2a: Stonjourner|65/330\n|-damage|p2a: Stonjourner|32/330\n|-hitcount|p2a: Stonjourner|4\n|-unboost|p1a: Kommo-o|def|1\n|-boost|p1a: Kommo-o|spe|1\n|\n|upkeep\n|turn|9\n|\n|t:|1781386097\n|move|p1a: Kommo-o|Iron Head|p2a: Stonjourner\n|-supereffective|p2a: Stonjourner\n|-damage|p2a: Stonjourner|0 fnt\n|faint|p2a: Stonjourner\n|\n|upkeep\n|\n|t:|1781386111\n|switch|p2a: Emboar|Emboar, L84, M|322/322\n|turn|10\n|\n|t:|1781386125\n|move|p1a: Kommo-o|Close Combat|p2a: Emboar\n|-damage|p2a: Emboar|6/322\n|-unboost|p1a: Kommo-o|def|1\n|-unboost|p1a: Kommo-o|spd|1\n|move|p2a: Emboar|Drain Punch|p1a: Kommo-o\n|-damage|p1a: Kommo-o|0 fnt\n|-heal|p2a: Emboar|19/322|[from] drain|[of] p1a: Kommo-o\n|faint|p1a: Kommo-o\n|\n|-heal|p2a: Emboar|39/322|[from] item: Leftovers\n|upkeep\n|\n|t:|1781386130\n|switch|p1a: Tentacruel|Tentacruel, L84, M|84/272\n|-damage|p1a: Tentacruel|50/272|[from] Stealth Rock\n|turn|11\n|\n|t:|1781386136\n|move|p1a: Tentacruel|Rapid Spin|p2a: Emboar\n|-damage|p2a: Emboar|2/322\n|-boost|p1a: Tentacruel|spe|1\n|-sideend|p1: stop_aa|Stealth Rock|[from] move: Rapid Spin|[of] p1a: Tentacruel\n|move|p2a: Emboar|Flare Blitz|p1a: Tentacruel\n|-resisted|p1a: Tentacruel\n|-damage|p1a: Tentacruel|0 fnt\n|faint|p1a: Tentacruel\n|-damage|p2a: Emboar|0 fnt|[from] Recoil\n|faint|p2a: Emboar\n|\n|upkeep\n|\n|t:|1781386151\n|switch|p1a: Yanmega|Yanmega, L82, F|275/275\n|switch|p2a: Mienshao|Mienshao, L83, F|107/243\n|turn|12\n|\n|t:|1781386165\n|switch|p2a: Blissey|Blissey, L85, F|572/572\n|move|p1a: Yanmega|Bug Buzz|p2a: Blissey\n|-damage|p2a: Blissey|457/572\n|\n|-heal|p2a: Blissey|492/572|[from] item: Leftovers\n|upkeep\n|turn|13\n|\n|t:|1781386174\n|switch|p1a: Minun|Minun, L95, F|268/268\n|move|p2a: Blissey|Thunder Wave|p1a: Minun\n|-immune|p1a: Minun|[from] ability: Volt Absorb\n|\n|-heal|p2a: Blissey|527/572|[from] item: Leftovers\n|upkeep\n|turn|14\n|\n|t:|1781386194\n|switch|p1a: Chien-Pao|Chien-Pao, L72|234/234\n|-ability|p1a: Chien-Pao|Sword of Ruin\n|switch|p2a: Zarude|Zarude, L77|288/288\n|\n|upkeep\n|turn|15\n|inactive|gnostechnician has 120 seconds left.\n|\n|t:|1781386229\n|-terastallize|p1a: Chien-Pao|Ice\n|-terastallize|p2a: Zarude|Dark\n|move|p1a: Chien-Pao|Icicle Crash|p2a: Zarude\n|-damage|p2a: Zarude|96/288\n|cant|p2a: Zarude|flinch\n|\n|-heal|p2a: Zarude|114/288|[from] item: Leftovers\n|upkeep\n|turn|16\n|\n|t:|1781386240\n|move|p1a: Chien-Pao|Icicle Crash|p2a: Zarude\n|-damage|p2a: Zarude|0 fnt\n|faint|p2a: Zarude\n|\n|upkeep\n|\n|t:|1781386244\n|switch|p2a: Mienshao|Mienshao, L83, F|107/243\n|turn|17\n|\n|t:|1781386252\n|move|p1a: Chien-Pao|Icicle Crash|p2a: Mienshao\n|-damage|p2a: Mienshao|0 fnt\n|faint|p2a: Mienshao\n|\n|upkeep\n|\n|t:|1781386256\n|switch|p2a: Blissey|Blissey, L85, F|527/572\n|turn|18\n|\n|t:|1781386258\n|move|p1a: Chien-Pao|Icicle Crash|p2a: Blissey\n|-crit|p2a: Blissey\n|-damage|p2a: Blissey|0 fnt\n|faint|p2a: Blissey\n|\n|win|stop_aa\n", "uploadtime": 1781385746, "views": 6, "formatid": "gen9randombattle", "rating": null, "private": 0, "password": null}