{"id": "gen9randombattle-2631549120", "format": "[Gen 9] Random Battle", "players": ["Magikarpitalism", "TheFineMantine"], "log": "|j|\u2606Magikarpitalism\n|j|\u2606TheFineMantine\n|t:|1781399844\n|gametype|singles\n|player|p1|Magikarpitalism|steven|2238\n|player|p2|TheFineMantine|sordward|2203\n|gen|9\n|tier|[Gen 9] Random Battle\n|rated|\n|rule|Species Clause: Limit one of each Pok\u00e9mon\n|rule|HP Percentage Mod: HP is shown in percentages\n|rule|Sleep Clause Mod: Limit one foe put to sleep\n|rule|Illusion Level Mod: Illusion disguises the Pok\u00e9mon's true level\n|\n|t:|1781399844\n|teamsize|p1|6\n|teamsize|p2|6\n|start\n|switch|p1a: Sudowoodo|Sudowoodo, L94, M|284/284\n|switch|p2a: Dipplin|Dipplin, L88, F|284/284\n|turn|1\n|inactive|Battle timer is ON: inactive players will automatically lose when time's up. (requested by TheFineMantine)\n|\n|t:|1781399864\n|move|p2a: Dipplin|Dragon Pulse|p1a: Sudowoodo\n|-damage|p1a: Sudowoodo|167/284\n|move|p1a: Sudowoodo|Stealth Rock|p2a: Dipplin\n|-sidestart|p2: TheFineMantine|move: Stealth Rock\n|\n|-heal|p1a: Sudowoodo|184/284|[from] item: Leftovers\n|upkeep\n|turn|2\n|\n|t:|1781399868\n|switch|p1a: Incineroar|Incineroar, L82, M|290/290\n|-ability|p1a: Incineroar|Intimidate|boost\n|-unboost|p2a: Dipplin|atk|1\n|move|p2a: Dipplin|Giga Drain|p1a: Incineroar\n|-resisted|p1a: Incineroar\n|-damage|p1a: Incineroar|260/290\n|\n|upkeep\n|turn|3\n|\n|t:|1781399895\n|move|p1a: Incineroar|Overheat|p2a: Dipplin\n|-damage|p2a: Dipplin|203/284\n|-unboost|p1a: Incineroar|spa|2\n|move|p2a: Dipplin|Dragon Pulse|p1a: Incineroar\n|-damage|p1a: Incineroar|196/290\n|\n|upkeep\n|turn|4\n|inactive|TheFineMantine has 120 seconds left.\n|inactive|TheFineMantine has 90 seconds left.\n|\n|t:|1781399958\n|move|p1a: Incineroar|U-turn|p2a: Dipplin\n|-supereffective|p2a: Dipplin\n|-damage|p2a: Dipplin|149/284\n|\n|t:|1781399963\n|switch|p1a: Flareon|Flareon, L90, F|263/263|[from] U-turn\n|move|p2a: Dipplin|Dragon Pulse|p1a: Flareon\n|-damage|p1a: Flareon|190/263\n|\n|-status|p1a: Flareon|tox|[from] item: Toxic Orb\n|upkeep\n|turn|5\n|\n|t:|1781399966\n|move|p1a: Flareon|Facade|p2a: Dipplin\n|-damage|p2a: Dipplin|25/284\n|move|p2a: Dipplin|Recover|p2a: Dipplin\n|-heal|p2a: Dipplin|167/284\n|\n|-damage|p1a: Flareon|174/263 tox|[from] psn\n|upkeep\n|turn|6\n|\n|t:|1781399970\n|-terastallize|p1a: Flareon|Normal\n|move|p1a: Flareon|Facade|p2a: Dipplin\n|-damage|p2a: Dipplin|0 fnt\n|faint|p2a: Dipplin\n|\n|-damage|p1a: Flareon|142/263 tox|[from] psn\n|upkeep\n|\n|t:|1781399974\n|switch|p2a: Corviknight|Corviknight, L80, F|288/288\n|-damage|p2a: Corviknight|252/288|[from] Stealth Rock\n|turn|7\n|\n|t:|1781399979\n|switch|p1a: Incineroar|Incineroar, L82, M|196/290\n|-ability|p1a: Incineroar|Intimidate|boost\n|-ability|p2a: Corviknight|Mirror Armor\n|-unboost|p1a: Incineroar|atk|1\n|switch|p2a: Lycanroc|Lycanroc, L86, M|269/269\n|-damage|p2a: Lycanroc|236/269|[from] Stealth Rock\n|\n|upkeep\n|turn|8\n|\n|t:|1781399984\n|switch|p1a: Sudowoodo|Sudowoodo, L94, M|184/284\n|move|p2a: Lycanroc|Close Combat|p1a: Sudowoodo\n|-supereffective|p1a: Sudowoodo\n|-damage|p1a: Sudowoodo|0 fnt\n|-unboost|p2a: Lycanroc|def|1\n|-unboost|p2a: Lycanroc|spd|1\n|faint|p1a: Sudowoodo\n|\n|upkeep\n|\n|t:|1781399994\n|switch|p1a: Eiscue|Eiscue, L88, F|274/274\n|turn|9\n|\n|t:|1781400010\n|switch|p2a: Magnezone|Magnezone, L85|258/258\n|-damage|p2a: Magnezone|242/258|[from] Stealth Rock\n|switch|p1a: Incineroar|Incineroar, L82, M|196/290\n|-ability|p1a: Incineroar|Intimidate|boost\n|-unboost|p2a: Magnezone|atk|1\n|\n|upkeep\n|turn|10\n|\n|t:|1781400017\n|move|p2a: Magnezone|Volt Switch|p1a: Incineroar\n|-damage|p1a: Incineroar|130/290\n|inactive|TheFineMantine has 120 seconds left.\n|\n|t:|1781400073\n|switch|p2a: Corviknight|Corviknight, L80, F|252/288|[from] Volt Switch\n|-damage|p2a: Corviknight|216/288|[from] Stealth Rock\n|move|p1a: Incineroar|Knock Off|p2a: Corviknight\n|-damage|p2a: Corviknight|114/288\n|-enditem|p2a: Corviknight|Leftovers|[from] move: Knock Off|[of] p1a: Incineroar\n|\n|upkeep\n|turn|11\n|\n|t:|1781400084\n|move|p2a: Corviknight|Defog|p1a: Incineroar\n|-unboost|p1a: Incineroar|evasion|1\n|-sideend|p2: TheFineMantine|Stealth Rock|[from] move: Defog|[of] p2a: Corviknight\n|move|p1a: Incineroar|Overheat|p2a: Corviknight\n|-supereffective|p2a: Corviknight\n|-damage|p2a: Corviknight|0 fnt\n|-unboost|p1a: Incineroar|spa|2\n|faint|p2a: Corviknight\n|\n|upkeep\n|inactive|TheFineMantine has 90 seconds left.\n|\n|t:|1781400109\n|switch|p2a: Magnezone|Magnezone, L85|242/258\n|turn|12\n|\n|t:|1781400119\n|move|p2a: Magnezone|Body Press|p1a: Incineroar\n|-supereffective|p1a: Incineroar\n|-damage|p1a: Incineroar|0 fnt\n|faint|p1a: Incineroar\n|\n|upkeep\n|\n|t:|1781400124\n|switch|p1a: Polteageist|Polteageist, L78|222/222\n|turn|13\n|inactive|TheFineMantine has 90 seconds left.\n|\n|t:|1781400157\n|move|p1a: Polteageist|Shell Smash|p1a: Polteageist\n|-unboost|p1a: Polteageist|def|1\n|-unboost|p1a: Polteageist|spd|1\n|-boost|p1a: Polteageist|atk|2\n|-boost|p1a: Polteageist|spa|2\n|-boost|p1a: Polteageist|spe|2\n|-enditem|p1a: Polteageist|White Herb\n|-clearnegativeboost|p1a: Polteageist|[silent]\n|move|p2a: Magnezone|Thunderbolt|p1a: Polteageist\n|-damage|p1a: Polteageist|108/222\n|\n|upkeep\n|turn|14\n|\n|t:|1781400168\n|move|p1a: Polteageist|Strength Sap|p2a: Magnezone\n|-unboost|p2a: Magnezone|atk|1\n|-heal|p1a: Polteageist|222/222\n|move|p2a: Magnezone|Thunderbolt|p1a: Polteageist\n|-damage|p1a: Polteageist|114/222\n|\n|upkeep\n|turn|15\n|\n|t:|1781400183\n|move|p1a: Polteageist|Shadow Ball|p2a: Magnezone\n|-damage|p2a: Magnezone|121/258\n|-unboost|p2a: Magnezone|spd|1\n|move|p2a: Magnezone|Thunderbolt|p1a: Polteageist\n|-damage|p1a: Polteageist|2/222\n|\n|upkeep\n|turn|16\n|\n|t:|1781400189\n|move|p1a: Polteageist|Shadow Ball|p2a: Magnezone\n|-damage|p2a: Magnezone|0 fnt\n|faint|p2a: Magnezone\n|\n|upkeep\n|\n|t:|1781400193\n|switch|p2a: Lycanroc|Lycanroc, L86, M|236/269\n|turn|17\n|\n|t:|1781400202\n|switch|p1a: Garchomp|Garchomp, L74, M|282/282\n|move|p2a: Lycanroc|Accelerock|p1a: Garchomp\n|-resisted|p1a: Garchomp\n|-damage|p1a: Garchomp|242/282\n|-damage|p2a: Lycanroc|203/269|[from] ability: Rough Skin|[of] p1a: Garchomp\n|-damage|p2a: Lycanroc|159/269|[from] item: Rocky Helmet|[of] p1a: Garchomp\n|\n|upkeep\n|turn|18\n|inactive|TheFineMantine has 120 seconds left.\n|\n|t:|1781400237\n|switch|p2a: Groudon|Groudon, L72|263/263\n|-weather|SunnyDay|[from] ability: Drought|[of] p2a: Groudon\n|move|p1a: Garchomp|Earthquake|p2a: Groudon\n|-damage|p2a: Groudon|172/263\n|\n|-weather|SunnyDay|[upkeep]\n|-heal|p2a: Groudon|188/263|[from] item: Leftovers\n|upkeep\n|turn|19\n|\n|t:|1781400244\n|switch|p1a: Polteageist|Polteageist, L78|2/222\n|move|p2a: Groudon|Precipice Blades|p1a: Polteageist\n|-damage|p1a: Polteageist|0 fnt\n|faint|p1a: Polteageist\n|\n|-weather|SunnyDay|[upkeep]\n|-heal|p2a: Groudon|204/263|[from] item: Leftovers\n|upkeep\n|\n|t:|1781400266\n|switch|p1a: Flareon|Flareon, L90, F, tera:Normal|142/263 tox\n|turn|20\n|\n|t:|1781400287\n|move|p2a: Groudon|Heat Crash|p1a: Flareon\n|-damage|p1a: Flareon|0 fnt\n|faint|p1a: Flareon\n|\n|-weather|SunnyDay|[upkeep]\n|-heal|p2a: Groudon|220/263|[from] item: Leftovers\n|upkeep\n|\n|t:|1781400300\n|switch|p1a: Eiscue|Eiscue, L88, F|274/274\n|turn|21\n|inactive|TheFineMantine has 90 seconds left.\n|\n|t:|1781400332\n|move|p2a: Groudon|Thunder Wave|p1a: Eiscue\n|-status|p1a: Eiscue|par\n|move|p1a: Eiscue|Belly Drum|p1a: Eiscue\n|-damage|p1a: Eiscue|137/274 par\n|-setboost|p1a: Eiscue|atk|6|[from] move: Belly Drum\n|-enditem|p1a: Eiscue|Sitrus Berry|[eat]\n|-heal|p1a: Eiscue|205/274 par|[from] item: Sitrus Berry\n|\n|-weather|SunnyDay|[upkeep]\n|-heal|p2a: Groudon|236/263|[from] item: Leftovers\n|upkeep\n|turn|22\n|inactive|TheFineMantine has 90 seconds left.\n|\n|t:|1781400342\n|move|p2a: Groudon|Heat Crash|p1a: Eiscue\n|-activate|p1a: Eiscue|ability: Ice Face\n|-damage|p1a: Eiscue|205/274 par\n|detailschange|p1a: Eiscue|Eiscue-Noice, L88, F\n|move|p1a: Eiscue|Ice Spinner|p2a: Groudon\n|-supereffective|p2a: Groudon\n|-damage|p2a: Groudon|0 fnt\n|faint|p2a: Groudon\n|\n|-weather|none\n|upkeep\n|inactive|TheFineMantine has 90 seconds left.\n|\n|t:|1781400351\n|switch|p2a: Lycanroc|Lycanroc, L86, M|159/269\n|turn|23\n|\n|t:|1781400356\n|move|p2a: Lycanroc|Close Combat|p1a: Eiscue\n|-supereffective|p1a: Eiscue\n|-damage|p1a: Eiscue|0 fnt\n|-unboost|p2a: Lycanroc|def|1\n|-unboost|p2a: Lycanroc|spd|1\n|faint|p1a: Eiscue\n|\n|upkeep\n|\n|t:|1781400359\n|switch|p1a: Garchomp|Garchomp, L74, M|242/282\n|turn|24\n|inactive|TheFineMantine has 90 seconds left.\n|\n|t:|1781400404\n|move|p2a: Lycanroc|Close Combat|p1a: Garchomp\n|-damage|p1a: Garchomp|80/282\n|-unboost|p2a: Lycanroc|def|1\n|-unboost|p2a: Lycanroc|spd|1\n|-damage|p2a: Lycanroc|126/269|[from] ability: Rough Skin|[of] p1a: Garchomp\n|-damage|p2a: Lycanroc|82/269|[from] item: Rocky Helmet|[of] p1a: Garchomp\n|move|p1a: Garchomp|Earthquake|p2a: Lycanroc\n|-supereffective|p2a: Lycanroc\n|-damage|p2a: Lycanroc|0 fnt\n|faint|p2a: Lycanroc\n|\n|upkeep\n|\n|t:|1781400405\n|switch|p2a: Koraidon|Koraidon, L64|235/235\n|-weather|SunnyDay|[from] ability: Orichalcum Pulse|[of] p2a: Koraidon\n|-activate|p2a: Koraidon|Orichalcum Pulse|[source]\n|turn|25\n|\n|t:|1781400409\n|-terastallize|p2a: Koraidon|Fire\n|move|p2a: Koraidon|Flare Blitz|p1a: Garchomp\n|-resisted|p1a: Garchomp\n|-damage|p1a: Garchomp|0 fnt\n|-damage|p2a: Koraidon|206/235|[from] ability: Rough Skin|[of] p1a: Garchomp\n|-damage|p2a: Koraidon|167/235|[from] item: Rocky Helmet|[of] p1a: Garchomp\n|faint|p1a: Garchomp\n|-damage|p2a: Koraidon|141/235|[from] Recoil\n|\n|win|TheFineMantine\n", "uploadtime": 1781399847, "views": 3, "formatid": "gen9randombattle", "rating": null, "private": 0, "password": null}