{"id": "gen9randombattle-2631570397", "format": "[Gen 9] Random Battle", "players": ["Porkinhoo", "JRaff"], "log": "|j|\u2606Porkinhoo\n|j|\u2606JRaff\n|t:|1781402759\n|gametype|singles\n|player|p1|Porkinhoo|gambler|1737\n|player|p2|JRaff|youngster|1814\n|gen|9\n|tier|[Gen 9] Random Battle\n|rated|\n|rule|Species Clause: Limit one of each Pok\u00e9mon\n|rule|HP Percentage Mod: HP is shown in percentages\n|rule|Sleep Clause Mod: Limit one foe put to sleep\n|rule|Illusion Level Mod: Illusion disguises the Pok\u00e9mon's true level\n|\n|t:|1781402759\n|teamsize|p1|6\n|teamsize|p2|6\n|start\n|switch|p1a: Zekrom|Zekrom, L71|259/259\n|switch|p2a: Ogerpon|Ogerpon-Cornerstone, L76, F|247/247\n|-ability|p1a: Zekrom|Teravolt\n|turn|1\n|inactive|Battle timer is ON: inactive players will automatically lose when time's up. (requested by JRaff)\n|\n|t:|1781402785\n|switch|p2a: Carbink|Carbink, L90|236/236\n|move|p1a: Zekrom|Dragon Dance|p1a: Zekrom\n|-boost|p1a: Zekrom|atk|1\n|-boost|p1a: Zekrom|spe|1\n|\n|upkeep\n|turn|2\n|\n|t:|1781402804\n|switch|p1a: Hariyama|Hariyama, L87, M|392/392\n|move|p2a: Carbink|Iron Defense|p2a: Carbink\n|-boost|p2a: Carbink|def|2\n|\n|upkeep\n|turn|3\n|\n|t:|1781402813\n|-terastallize|p1a: Hariyama|Steel\n|move|p2a: Carbink|Moonblast|p1a: Hariyama\n|-resisted|p1a: Hariyama\n|-damage|p1a: Hariyama|359/392\n|move|p1a: Hariyama|Heavy Slam|p2a: Carbink\n|-supereffective|p2a: Carbink\n|-damage|p2a: Carbink|20/236\n|\n|upkeep\n|turn|4\n|\n|t:|1781402821\n|move|p1a: Hariyama|Bullet Punch|p2a: Carbink\n|-supereffective|p2a: Carbink\n|-damage|p2a: Carbink|0 fnt\n|faint|p2a: Carbink\n|\n|upkeep\n|\n|t:|1781402828\n|switch|p2a: Greedent|Greedent, L86, M|347/347\n|turn|5\n|\n|t:|1781402834\n|-terastallize|p2a: Greedent|Ghost\n|move|p1a: Hariyama|Knock Off|p2a: Greedent\n|-supereffective|p2a: Greedent\n|-damage|p2a: Greedent|201/347\n|-enditem|p2a: Greedent|Sitrus Berry|[from] move: Knock Off|[of] p1a: Hariyama\n|move|p2a: Greedent|Swords Dance|p2a: Greedent\n|-boost|p2a: Greedent|atk|2\n|\n|upkeep\n|turn|6\n|\n|t:|1781402843\n|move|p1a: Hariyama|Heavy Slam|p2a: Greedent\n|-damage|p2a: Greedent|62/347\n|move|p2a: Greedent|Earthquake|p1a: Hariyama\n|-supereffective|p1a: Hariyama\n|-damage|p1a: Hariyama|0 fnt\n|faint|p1a: Hariyama\n|\n|upkeep\n|\n|t:|1781402857\n|switch|p1a: Zekrom|Zekrom, L71|259/259\n|-ability|p1a: Zekrom|Teravolt\n|turn|7\n|\n|t:|1781402862\n|move|p1a: Zekrom|Bolt Strike|p2a: Greedent\n|-crit|p2a: Greedent\n|-damage|p2a: Greedent|0 fnt\n|faint|p2a: Greedent\n|\n|upkeep\n|\n|t:|1781402869\n|switch|p2a: Latias|Latias, L79, F|256/256\n|turn|8\n|\n|t:|1781402873\n|move|p2a: Latias|Draco Meteor|p1a: Zekrom\n|-supereffective|p1a: Zekrom\n|-damage|p1a: Zekrom|0 fnt\n|-unboost|p2a: Latias|spa|2\n|faint|p1a: Zekrom\n|\n|upkeep\n|\n|t:|1781402884\n|switch|p1a: Perrserker|Perrserker, L89, F|269/269\n|turn|9\n|\n|t:|1781402890\n|switch|p2a: Muk|Muk-Alola, L82, F|306/306\n|move|p1a: Perrserker|Stealth Rock|p2a: Muk\n|-sidestart|p2: JRaff|move: Stealth Rock\n|\n|upkeep\n|turn|10\n|\n|t:|1781402903\n|move|p1a: Perrserker|Iron Head|p2a: Muk\n|-damage|p2a: Muk|110/306\n|-damage|p1a: Perrserker|243/269|[from] item: Life Orb\n|cant|p2a: Muk|flinch\n|\n|upkeep\n|turn|11\n|\n|t:|1781402909\n|move|p1a: Perrserker|Iron Head|p2a: Muk\n|-damage|p2a: Muk|0 fnt\n|faint|p2a: Muk\n|-damage|p1a: Perrserker|217/269|[from] item: Life Orb\n|\n|upkeep\n|\n|t:|1781402915\n|switch|p2a: Dialga|Dialga-Origin, L73|266/266\n|-damage|p2a: Dialga|250/266|[from] Stealth Rock\n|-ability|p2a: Dialga|Pressure\n|turn|12\n|\n|t:|1781402918\n|move|p2a: Dialga|Fire Blast|p1a: Perrserker\n|-supereffective|p1a: Perrserker\n|-damage|p1a: Perrserker|19/269\n|-status|p1a: Perrserker|brn\n|move|p1a: Perrserker|Close Combat|p2a: Dialga\n|-supereffective|p2a: Dialga\n|-damage|p2a: Dialga|94/266\n|-unboost|p1a: Perrserker|def|1\n|-unboost|p1a: Perrserker|spd|1\n|-damage|p1a: Perrserker|0 fnt|[from] item: Life Orb\n|faint|p1a: Perrserker\n|\n|upkeep\n|\n|t:|1781402936\n|switch|p1a: Kyurem|Kyurem, L77|319/319\n|-ability|p1a: Kyurem|Pressure\n|turn|13\n|\n|t:|1781402943\n|move|p1a: Kyurem|Earth Power|p2a: Dialga\n|-supereffective|p2a: Dialga\n|-damage|p2a: Dialga|0 fnt\n|faint|p2a: Dialga\n|\n|upkeep\n|\n|t:|1781402947\n|switch|p2a: Ogerpon|Ogerpon-Cornerstone, L76, F|247/247\n|-damage|p2a: Ogerpon|217/247|[from] Stealth Rock\n|turn|14\n|\n|t:|1781402954\n|move|p2a: Ogerpon|Swords Dance|p2a: Ogerpon\n|-boost|p2a: Ogerpon|atk|2\n|move|p1a: Kyurem|Ice Beam|p2a: Ogerpon\n|-supereffective|p2a: Ogerpon\n|-damage|p2a: Ogerpon|0 fnt\n|faint|p2a: Ogerpon\n|\n|upkeep\n|\n|t:|1781402957\n|switch|p2a: Latias|Latias, L79, F|256/256\n|-damage|p2a: Latias|224/256|[from] Stealth Rock\n|turn|15\n|\n|t:|1781402964\n|switch|p1a: Staraptor|Staraptor, L79, M|263/263\n|move|p2a: Latias|Calm Mind|p2a: Latias\n|-boost|p2a: Latias|spa|1\n|-boost|p2a: Latias|spd|1\n|\n|upkeep\n|turn|16\n|\n|t:|1781402972\n|move|p1a: Staraptor|Quick Attack|p2a: Latias\n|-damage|p2a: Latias|155/256\n|move|p2a: Latias|Psyshock|p1a: Staraptor\n|-damage|p1a: Staraptor|88/263\n|\n|upkeep\n|turn|17\n|\n|t:|1781402980\n|switch|p1a: Raichu|Raichu-Alola, L87, M|246/246\n|move|p2a: Latias|Recover|p2a: Latias\n|-heal|p2a: Latias|256/256\n|\n|upkeep\n|turn|18\n|\n|t:|1781402990\n|move|p1a: Raichu|Thunderbolt|p2a: Latias\n|-resisted|p2a: Latias\n|-damage|p2a: Latias|214/256\n|move|p2a: Latias|Calm Mind|p2a: Latias\n|-boost|p2a: Latias|spa|1\n|-boost|p2a: Latias|spd|1\n|\n|upkeep\n|turn|19\n|\n|t:|1781402995\n|move|p1a: Raichu|Thunderbolt|p2a: Latias\n|-resisted|p2a: Latias\n|-damage|p2a: Latias|187/256\n|move|p2a: Latias|Calm Mind|p2a: Latias\n|-boost|p2a: Latias|spa|1\n|-boost|p2a: Latias|spd|1\n|\n|upkeep\n|turn|20\n|\n|t:|1781403004\n|move|p1a: Raichu|Thunderbolt|p2a: Latias\n|-resisted|p2a: Latias\n|-damage|p2a: Latias|163/256\n|move|p2a: Latias|Draco Meteor|p1a: Raichu|[miss]\n|-miss|p2a: Latias|p1a: Raichu\n|\n|upkeep\n|turn|21\n|\n|t:|1781403009\n|move|p1a: Raichu|Thunderbolt|p2a: Latias\n|-resisted|p2a: Latias\n|-damage|p2a: Latias|139/256\n|move|p2a: Latias|Recover|p2a: Latias\n|-heal|p2a: Latias|256/256\n|\n|upkeep\n|turn|22\n|\n|t:|1781403013\n|move|p1a: Raichu|Thunderbolt|p2a: Latias\n|-resisted|p2a: Latias\n|-damage|p2a: Latias|235/256\n|move|p2a: Latias|Draco Meteor|p1a: Raichu\n|-damage|p1a: Raichu|0 fnt\n|-unboost|p2a: Latias|spa|2\n|faint|p1a: Raichu\n|\n|upkeep\n|\n|t:|1781403021\n|switch|p1a: Staraptor|Staraptor, L79, M|88/263\n|turn|23\n|\n|t:|1781403041\n|move|p2a: Latias|Psyshock|p1a: Staraptor\n|-damage|p1a: Staraptor|0 fnt\n|faint|p1a: Staraptor\n|\n|upkeep\n|\n|t:|1781403044\n|switch|p1a: Kyurem|Kyurem, L77|319/319\n|-ability|p1a: Kyurem|Pressure\n|turn|24\n|\n|t:|1781403049\n|move|p2a: Latias|Draco Meteor|p1a: Kyurem\n|-supereffective|p1a: Kyurem\n|-damage|p1a: Kyurem|0 fnt\n|-unboost|p2a: Latias|spa|2\n|faint|p1a: Kyurem\n|\n|win|JRaff\n|raw|Porkinhoo's rating: 1737 &rarr; <strong>1721</strong><br />(-16 for losing)\n|raw|JRaff's rating: 1814 &rarr; <strong>1830</strong><br />(+16 for winning)\n|c|\u2606JRaff|gg\n|l|\u2606Porkinhoo\n|player|p1|\n", "uploadtime": 1781403057, "views": 4, "formatid": "gen9randombattle", "rating": 1721, "private": 0, "password": null}