{"id": "gen9randombattle-2631514872", "format": "[Gen 9] Random Battle", "players": ["cdasas", "Aoyama0811"], "log": "|j|\u2606cdasas\n|j|\u2606Aoyama0811\n|t:|1781395049\n|gametype|singles\n|player|p1|cdasas|drake-gen3|1972\n|player|p2|Aoyama0811|acetrainerf|2059\n|gen|9\n|tier|[Gen 9] Random Battle\n|rated|\n|rule|Species Clause: Limit one of each Pok\u00e9mon\n|rule|HP Percentage Mod: HP is shown in percentages\n|rule|Sleep Clause Mod: Limit one foe put to sleep\n|rule|Illusion Level Mod: Illusion disguises the Pok\u00e9mon's true level\n|\n|t:|1781395049\n|teamsize|p1|6\n|teamsize|p2|6\n|start\n|switch|p1a: Flygon|Flygon, L82, F|265/265\n|switch|p2a: Breloom|Breloom, L83, M|235/235\n|turn|1\n|\n|t:|1781395072\n|move|p1a: Flygon|Dragon Dance|p1a: Flygon\n|-boost|p1a: Flygon|atk|1\n|-boost|p1a: Flygon|spe|1\n|move|p2a: Breloom|Bullet Seed|p1a: Flygon\n|-damage|p1a: Flygon|195/265\n|-damage|p1a: Flygon|117/265\n|-damage|p1a: Flygon|42/265\n|-hitcount|p1a: Flygon|3\n|-damage|p2a: Breloom|212/235|[from] item: Life Orb\n|\n|upkeep\n|turn|2\n|\n|t:|1781395079\n|move|p2a: Breloom|Mach Punch|p1a: Flygon\n|-damage|p1a: Flygon|0 fnt\n|faint|p1a: Flygon\n|-damage|p2a: Breloom|189/235|[from] item: Life Orb\n|\n|upkeep\n|inactive|Battle timer is ON: inactive players will automatically lose when time's up. (requested by Aoyama0811)\n|\n|t:|1781395091\n|switch|p1a: Reshiram|Reshiram, L76|277/277\n|-ability|p1a: Reshiram|Turboblaze\n|turn|3\n|\n|t:|1781395101\n|-terastallize|p2a: Breloom|Rock\n|move|p1a: Reshiram|Flare Blitz|p2a: Breloom\n|-resisted|p2a: Breloom\n|-damage|p2a: Breloom|127/235\n|-damage|p1a: Reshiram|257/277|[from] Recoil\n|move|p2a: Breloom|Rock Tomb|p1a: Reshiram\n|-supereffective|p1a: Reshiram\n|-damage|p1a: Reshiram|0 fnt\n|faint|p1a: Reshiram\n|-damage|p2a: Breloom|104/235|[from] item: Life Orb\n|\n|upkeep\n|\n|t:|1781395106\n|switch|p1a: Flareon|Flareon, L90, F|263/263\n|turn|4\n|\n|t:|1781395119\n|move|p1a: Flareon|Trailblaze|p2a: Breloom\n|-supereffective|p2a: Breloom\n|-damage|p2a: Breloom|0 fnt\n|-boost|p1a: Flareon|spe|1\n|faint|p2a: Breloom\n|\n|-status|p1a: Flareon|tox|[from] item: Toxic Orb\n|upkeep\n|\n|t:|1781395133\n|switch|p2a: Enamorus|Enamorus-Therian, L83, F|259/259\n|turn|5\n|\n|t:|1781395140\n|-terastallize|p1a: Flareon|Normal\n|move|p1a: Flareon|Facade|p2a: Enamorus\n|-damage|p2a: Enamorus|0 fnt\n|faint|p2a: Enamorus\n|\n|-damage|p1a: Flareon|247/263 tox|[from] psn\n|upkeep\n|\n|t:|1781395147\n|switch|p2a: Lucario|Lucario, L84, M|255/255\n|turn|6\n|\n|t:|1781395153\n|move|p2a: Lucario|Extreme Speed|p1a: Flareon\n|-damage|p1a: Flareon|151/263 tox\n|-damage|p2a: Lucario|230/255|[from] item: Life Orb\n|move|p1a: Flareon|Flare Blitz|p2a: Lucario\n|-supereffective|p2a: Lucario\n|-damage|p2a: Lucario|0 fnt\n|faint|p2a: Lucario\n|-damage|p1a: Flareon|75/263 tox|[from] Recoil\n|\n|-damage|p1a: Flareon|43/263 tox|[from] psn\n|upkeep\n|\n|t:|1781395161\n|switch|p2a: Quagsire|Quagsire, L84, F|297/297\n|turn|7\n|\n|t:|1781395165\n|switch|p2a: Venusaur|Venusaur, L84, M|272/272\n|move|p1a: Flareon|Facade|p2a: Venusaur\n|-damage|p2a: Venusaur|0 fnt\n|faint|p2a: Venusaur\n|\n|-damage|p1a: Flareon|0 fnt|[from] psn\n|faint|p1a: Flareon\n|upkeep\n|\n|t:|1781395187\n|switch|p2a: Quagsire|Quagsire, L84, F|297/297\n|switch|p1a: Clawitzer|Clawitzer, L87, M|265/265\n|turn|8\n|\n|t:|1781395190\n|move|p1a: Clawitzer|Water Pulse|p2a: Quagsire\n|-damage|p2a: Quagsire|65/297\n|move|p2a: Quagsire|Toxic|p1a: Clawitzer\n|-status|p1a: Clawitzer|tox\n|\n|-heal|p2a: Quagsire|83/297|[from] item: Leftovers\n|-damage|p1a: Clawitzer|249/265 tox|[from] psn\n|upkeep\n|turn|9\n|\n|t:|1781395196\n|move|p1a: Clawitzer|Water Pulse|p2a: Quagsire\n|-damage|p2a: Quagsire|0 fnt\n|faint|p2a: Quagsire\n|\n|-damage|p1a: Clawitzer|217/265 tox|[from] psn\n|upkeep\n|\n|t:|1781395197\n|switch|p2a: Meloetta|Meloetta, L82|298/298\n|turn|10\n|\n|t:|1781395202\n|move|p2a: Meloetta|Calm Mind|p2a: Meloetta\n|-boost|p2a: Meloetta|spa|1\n|-boost|p2a: Meloetta|spd|1\n|move|p1a: Clawitzer|Water Pulse|p2a: Meloetta\n|-damage|p2a: Meloetta|214/298\n|\n|-heal|p2a: Meloetta|232/298|[from] item: Leftovers\n|-damage|p1a: Clawitzer|169/265 tox|[from] psn\n|upkeep\n|turn|11\n|\n|t:|1781395208\n|switch|p1a: Klawf|Klawf, L90, F|272/272\n|move|p2a: Meloetta|Calm Mind|p2a: Meloetta\n|-boost|p2a: Meloetta|spa|1\n|-boost|p2a: Meloetta|spd|1\n|\n|-heal|p2a: Meloetta|250/298|[from] item: Leftovers\n|upkeep\n|turn|12\n|\n|t:|1781395214\n|move|p2a: Meloetta|Focus Blast|p1a: Klawf\n|-supereffective|p1a: Klawf\n|-damage|p1a: Klawf|0 fnt\n|faint|p1a: Klawf\n|\n|-heal|p2a: Meloetta|268/298|[from] item: Leftovers\n|upkeep\n|\n|t:|1781395217\n|switch|p1a: Deoxys|Deoxys-Defense, L84|221/221\n|-ability|p1a: Deoxys|Pressure\n|turn|13\n|\n|t:|1781395221\n|move|p1a: Deoxys|Knock Off|p2a: Meloetta\n|-supereffective|p2a: Meloetta\n|-damage|p2a: Meloetta|146/298\n|-enditem|p2a: Meloetta|Leftovers|[from] move: Knock Off|[of] p1a: Deoxys\n|move|p2a: Meloetta|Hyper Voice|p1a: Deoxys\n|-damage|p1a: Deoxys|74/221\n|\n|-heal|p1a: Deoxys|87/221|[from] item: Leftovers\n|upkeep\n|turn|14\n|\n|t:|1781395225\n|move|p1a: Deoxys|Knock Off|p2a: Meloetta\n|-supereffective|p2a: Meloetta\n|-damage|p2a: Meloetta|56/298\n|move|p2a: Meloetta|Hyper Voice|p1a: Deoxys\n|-damage|p1a: Deoxys|0 fnt\n|faint|p1a: Deoxys\n|\n|upkeep\n|\n|t:|1781395228\n|switch|p1a: Clawitzer|Clawitzer, L87, M|169/265 tox\n|turn|15\n|c|\u2606cdasas|gg\n|\n|t:|1781395255\n|move|p2a: Meloetta|Hyper Voice|p1a: Clawitzer\n|-damage|p1a: Clawitzer|0 fnt\n|faint|p1a: Clawitzer\n|\n|win|Aoyama0811\n", "uploadtime": 1781395050, "views": 4, "formatid": "gen9randombattle", "rating": null, "private": 0, "password": null}