{"id": "gen9randombattle-2631492378", "format": "[Gen 9] Random Battle", "players": ["jeremy.broeckel", "rexyz2"], "log": "|j|\u2606jeremy.broeckel\n|j|\u2606rexyz2\n|t:|1781391912\n|gametype|singles\n|player|p1|jeremy.broeckel|170|1341\n|player|p2|rexyz2|cyrus|1300\n|gen|9\n|tier|[Gen 9] Random Battle\n|rated|\n|rule|Species Clause: Limit one of each Pok\u00e9mon\n|rule|HP Percentage Mod: HP is shown in percentages\n|rule|Sleep Clause Mod: Limit one foe put to sleep\n|rule|Illusion Level Mod: Illusion disguises the Pok\u00e9mon's true level\n|\n|t:|1781391912\n|teamsize|p1|6\n|teamsize|p2|6\n|start\n|switch|p1a: Toedscruel|Toedscruel, L87, F|281/281\n|switch|p2a: Cinderace|Cinderace, L77, F|249/249\n|turn|1\n|inactive|Battle timer is ON: inactive players will automatically lose when time's up. (requested by jeremy.broeckel)\n|\n|t:|1781391928\n|move|p2a: Cinderace|High Jump Kick|p1a: Toedscruel\n|-start|p2a: Cinderace|typechange|Fighting|[from] ability: Libero\n|-damage|p1a: Toedscruel|40/281\n|move|p1a: Toedscruel|Toxic|p2a: Cinderace\n|-status|p2a: Cinderace|tox\n|\n|-heal|p1a: Toedscruel|57/281|[from] item: Leftovers\n|-damage|p2a: Cinderace|234/249 tox|[from] psn\n|upkeep\n|turn|2\n|\n|t:|1781391934\n|move|p2a: Cinderace|High Jump Kick|p1a: Toedscruel\n|-damage|p1a: Toedscruel|0 fnt\n|faint|p1a: Toedscruel\n|\n|-damage|p2a: Cinderace|204/249 tox|[from] psn\n|upkeep\n|\n|t:|1781391944\n|switch|p1a: Hoopa|Hoopa, L85|275/275\n|turn|3\n|\n|t:|1781391953\n|switch|p2a: Uxie|Uxie, L83|260/260\n|move|p1a: Hoopa|Trick|p2a: Uxie\n|-activate|p1a: Hoopa|move: Trick|[of] p2a: Uxie\n|-item|p2a: Uxie|Choice Scarf|[from] move: Trick\n|-item|p1a: Hoopa|Leftovers|[from] move: Trick\n|\n|upkeep\n|turn|4\n|\n|t:|1781391961\n|-terastallize|p2a: Uxie|Dark\n|move|p2a: Uxie|Encore|p1a: Hoopa\n|-start|p1a: Hoopa|Encore\n|move|p1a: Hoopa|Trick|p2a: Uxie\n|-activate|p1a: Hoopa|move: Trick|[of] p2a: Uxie\n|-item|p2a: Uxie|Leftovers|[from] move: Trick\n|-item|p1a: Hoopa|Choice Scarf|[from] move: Trick\n|\n|upkeep\n|turn|5\n|c|\u2606jeremy.broeckel|lmaooo\n|c|\u2606jeremy.broeckel|wp\n|\n|t:|1781391978\n|switch|p1a: Kleavor|Kleavor, L78, M|237/237\n|move|p2a: Uxie|Stealth Rock|p1a: Kleavor\n|-sidestart|p1: jeremy.broeckel|move: Stealth Rock\n|\n|upkeep\n|turn|6\n|\n|t:|1781391986\n|move|p2a: Uxie|U-turn|p1a: Kleavor\n|-damage|p1a: Kleavor|198/237\n|\n|t:|1781391998\n|switch|p2a: Cobalion|Cobalion, L80|277/277|[from] U-turn\n|move|p1a: Kleavor|X-Scissor|p2a: Cobalion\n|-resisted|p2a: Cobalion\n|-damage|p2a: Cobalion|249/277\n|\n|-heal|p2a: Cobalion|266/277|[from] item: Leftovers\n|upkeep\n|turn|7\n|\n|t:|1781392005\n|move|p2a: Cobalion|Swords Dance|p2a: Cobalion\n|-boost|p2a: Cobalion|atk|2\n|move|p1a: Kleavor|Close Combat|p2a: Cobalion\n|-supereffective|p2a: Cobalion\n|-damage|p2a: Cobalion|116/277\n|-unboost|p1a: Kleavor|def|1\n|-unboost|p1a: Kleavor|spd|1\n|\n|-heal|p2a: Cobalion|133/277|[from] item: Leftovers\n|upkeep\n|turn|8\n|\n|t:|1781392013\n|move|p2a: Cobalion|Iron Head|p1a: Kleavor\n|-supereffective|p1a: Kleavor\n|-damage|p1a: Kleavor|0 fnt\n|faint|p1a: Kleavor\n|\n|-heal|p2a: Cobalion|150/277|[from] item: Leftovers\n|upkeep\n|\n|t:|1781392024\n|switch|p1a: Hoopa|Hoopa, L85|275/275\n|-damage|p1a: Hoopa|241/275|[from] Stealth Rock\n|turn|9\n|\n|t:|1781392036\n|move|p1a: Hoopa|Trick|p2a: Cobalion\n|-activate|p1a: Hoopa|move: Trick|[of] p2a: Cobalion\n|-item|p2a: Cobalion|Choice Scarf|[from] move: Trick\n|-item|p1a: Hoopa|Leftovers|[from] move: Trick\n|move|p2a: Cobalion|Iron Head|p1a: Hoopa\n|-damage|p1a: Hoopa|52/275\n|\n|-heal|p1a: Hoopa|69/275|[from] item: Leftovers\n|upkeep\n|turn|10\n|\n|t:|1781392042\n|move|p2a: Cobalion|Iron Head|p1a: Hoopa\n|-damage|p1a: Hoopa|0 fnt\n|faint|p1a: Hoopa\n|\n|upkeep\n|\n|t:|1781392056\n|switch|p1a: Greninja|Greninja, L80, M|246/246\n|-damage|p1a: Greninja|216/246|[from] Stealth Rock\n|turn|11\n|c|\u2606rexyz2|Ty for the speed\n|\n|t:|1781392060\n|move|p2a: Cobalion|Iron Head|p1a: Greninja\n|-resisted|p1a: Greninja\n|-damage|p1a: Greninja|126/246\n|cant|p1a: Greninja|flinch\n|\n|upkeep\n|turn|12\n|\n|t:|1781392063\n|move|p2a: Cobalion|Iron Head|p1a: Greninja\n|-resisted|p1a: Greninja\n|-damage|p1a: Greninja|31/246\n|move|p1a: Greninja|Hydro Pump|p2a: Cobalion\n|-damage|p2a: Cobalion|0 fnt\n|faint|p2a: Cobalion\n|-ability|p1a: Greninja|Battle Bond|boost\n|-boost|p1a: Greninja|atk|1\n|-boost|p1a: Greninja|spa|1\n|-boost|p1a: Greninja|spe|1\n|-activate|p1a: Greninja|ability: Battle Bond\n|-damage|p1a: Greninja|7/246|[from] item: Life Orb\n|\n|upkeep\n|\n|t:|1781392069\n|switch|p2a: Rillaboom|Rillaboom, L79, F|288/288\n|-fieldstart|move: Grassy Terrain|[from] ability: Grassy Surge|[of] p2a: Rillaboom\n|turn|13\n|\n|t:|1781392074\n|move|p2a: Rillaboom|Grassy Glide|p1a: Greninja\n|-supereffective|p1a: Greninja\n|-damage|p1a: Greninja|0 fnt\n|faint|p1a: Greninja\n|-damage|p2a: Rillaboom|260/288|[from] item: Life Orb\n|\n|-heal|p2a: Rillaboom|278/288|[from] Grassy Terrain\n|upkeep\n|\n|t:|1781392077\n|switch|p1a: Serperior|Serperior, L79, F|248/248\n|-damage|p1a: Serperior|217/248|[from] Stealth Rock\n|turn|14\n|\n|t:|1781392079\n|move|p1a: Serperior|Substitute|p1a: Serperior\n|-start|p1a: Serperior|Substitute\n|-damage|p1a: Serperior|155/248\n|move|p2a: Rillaboom|Swords Dance|p2a: Rillaboom\n|-boost|p2a: Rillaboom|atk|2\n|\n|-heal|p1a: Serperior|170/248|[from] Grassy Terrain\n|-heal|p1a: Serperior|185/248|[from] item: Leftovers\n|-heal|p2a: Rillaboom|288/288|[from] Grassy Terrain\n|upkeep\n|turn|15\n|\n|t:|1781392083\n|move|p2a: Rillaboom|Grassy Glide|p1a: Serperior\n|-resisted|p1a: Serperior\n|-end|p1a: Serperior|Substitute\n|-damage|p2a: Rillaboom|260/288|[from] item: Life Orb\n|move|p1a: Serperior|Dragon Pulse|p2a: Rillaboom\n|-damage|p2a: Rillaboom|204/288\n|\n|-heal|p1a: Serperior|200/248|[from] Grassy Terrain\n|-heal|p1a: Serperior|215/248|[from] item: Leftovers\n|-heal|p2a: Rillaboom|222/288|[from] Grassy Terrain\n|upkeep\n|turn|16\n|-message|jeremy.broeckel forfeited.\n|\n|win|rexyz2\n|raw|jeremy.broeckel's rating: 1341 &rarr; <strong>1319</strong><br />(-22 for losing)\n|raw|rexyz2's rating: 1300 &rarr; <strong>1328</strong><br />(+28 for winning)\n|l|\u2606jeremy.broeckel\n|player|p1|\n", "uploadtime": 1781392102, "views": 8, "formatid": "gen9randombattle", "rating": 1319, "private": 0, "password": null}