{"id": "gen9randombattle-2631386420", "format": "[Gen 9] Random Battle", "players": ["vorpaldevil", "PerfectBrosky"], "log": "|j|\u2606vorpaldevil\n|j|\u2606PerfectBrosky\n|t:|1781378535\n|gametype|singles\n|player|p1|vorpaldevil|workerice|1603\n|player|p2|PerfectBrosky|harlequin|1580\n|gen|9\n|tier|[Gen 9] Random Battle\n|rated|\n|rule|Species Clause: Limit one of each Pok\u00e9mon\n|rule|HP Percentage Mod: HP is shown in percentages\n|rule|Sleep Clause Mod: Limit one foe put to sleep\n|rule|Illusion Level Mod: Illusion disguises the Pok\u00e9mon's true level\n|\n|t:|1781378535\n|teamsize|p1|6\n|teamsize|p2|6\n|start\n|switch|p1a: Palafin|Palafin, L77, M|281/281\n|switch|p2a: Metagross|Metagross, L79|256/256\n|turn|1\n|inactive|Battle timer is ON: inactive players will automatically lose when time's up. (requested by PerfectBrosky)\n|\n|t:|1781378548\n|detailschange|p1a: Palafin|Palafin-Hero, L77, M\n|switch|p1a: Reuniclus|Reuniclus, L88, F|337/337\n|move|p2a: Metagross|Heavy Slam|p1a: Reuniclus\n|-damage|p1a: Reuniclus|121/337\n|\n|upkeep\n|turn|2\n|\n|t:|1781378560\n|move|p2a: Metagross|Heavy Slam|p1a: Reuniclus\n|-damage|p1a: Reuniclus|0 fnt\n|faint|p1a: Reuniclus\n|\n|upkeep\n|\n|t:|1781378570\n|switch|p1a: Revavroom|Revavroom, L79, F|256/256\n|turn|3\n|\n|t:|1781378575\n|switch|p2a: Dondozo|Dondozo, L78, F|362/362\n|-terastallize|p1a: Revavroom|Ground\n|move|p1a: Revavroom|Shift Gear|p1a: Revavroom\n|-boost|p1a: Revavroom|spe|2\n|-boost|p1a: Revavroom|atk|1\n|\n|upkeep\n|turn|4\n|\n|t:|1781378580\n|move|p1a: Revavroom|Gunk Shot|p2a: Dondozo|[miss]\n|-miss|p1a: Revavroom|p2a: Dondozo\n|move|p2a: Dondozo|Wave Crash|p1a: Revavroom\n|-supereffective|p1a: Revavroom\n|-damage|p1a: Revavroom|90/256\n|-damage|p2a: Dondozo|307/362|[from] Recoil\n|\n|-heal|p2a: Dondozo|329/362|[from] item: Leftovers\n|upkeep\n|turn|5\n|\n|t:|1781378585\n|switch|p1a: Arbok|Arbok, L87, F|246/246\n|-ability|p1a: Arbok|Intimidate|boost\n|-unboost|p2a: Dondozo|atk|1\n|move|p2a: Dondozo|Curse|p2a: Dondozo\n|-unboost|p2a: Dondozo|spe|1\n|-boost|p2a: Dondozo|atk|1\n|-boost|p2a: Dondozo|def|1\n|\n|-heal|p2a: Dondozo|351/362|[from] item: Leftovers\n|upkeep\n|turn|6\n|\n|t:|1781378594\n|move|p1a: Arbok|Knock Off|p2a: Dondozo\n|-damage|p2a: Dondozo|288/362\n|-enditem|p2a: Dondozo|Leftovers|[from] move: Knock Off|[of] p1a: Arbok\n|move|p2a: Dondozo|Wave Crash|p1a: Arbok\n|-damage|p1a: Arbok|114/246\n|-damage|p2a: Dondozo|244/362|[from] Recoil\n|\n|upkeep\n|turn|7\n|\n|t:|1781378605\n|switch|p1a: Golduck|Golduck, L90, M|290/290\n|-ability|p1a: Golduck|Cloud Nine\n|move|p2a: Dondozo|Curse|p2a: Dondozo\n|-unboost|p2a: Dondozo|spe|1\n|-boost|p2a: Dondozo|atk|1\n|-boost|p2a: Dondozo|def|1\n|\n|upkeep\n|turn|8\n|\n|t:|1781378617\n|switch|p2a: Lokix|Lokix, L82, M|251/251\n|move|p1a: Golduck|Nasty Plot|p1a: Golduck\n|-boost|p1a: Golduck|spa|2\n|\n|upkeep\n|turn|9\n|\n|t:|1781378623\n|move|p1a: Golduck|Hydro Pump|p2a: Lokix\n|-damage|p2a: Lokix|0 fnt\n|faint|p2a: Lokix\n|-damage|p1a: Golduck|261/290|[from] item: Life Orb\n|\n|upkeep\n|\n|t:|1781378629\n|switch|p2a: Houndstone|Houndstone, L86, F|264/264\n|turn|10\n|\n|t:|1781378633\n|move|p1a: Golduck|Hydro Pump|p2a: Houndstone\n|-damage|p2a: Houndstone|0 fnt\n|faint|p2a: Houndstone\n|-damage|p1a: Golduck|232/290|[from] item: Life Orb\n|\n|upkeep\n|\n|t:|1781378637\n|switch|p2a: Metagross|Metagross, L79|256/256\n|turn|11\n|\n|t:|1781378640\n|move|p1a: Golduck|Hydro Pump|p2a: Metagross\n|-damage|p2a: Metagross|0 fnt\n|faint|p2a: Metagross\n|-damage|p1a: Golduck|203/290|[from] item: Life Orb\n|\n|upkeep\n|\n|t:|1781378650\n|switch|p2a: Cinderace|Cinderace, L77, F|249/249\n|turn|12\n|\n|t:|1781378655\n|move|p2a: Cinderace|U-turn|p1a: Golduck\n|-start|p2a: Cinderace|typechange|Bug|[from] ability: Libero\n|-damage|p1a: Golduck|91/290\n|\n|t:|1781378659\n|switch|p2a: Dondozo|Dondozo, L78, F|244/362|[from] U-turn\n|move|p1a: Golduck|Hydro Pump|p2a: Dondozo\n|-resisted|p2a: Dondozo\n|-damage|p2a: Dondozo|119/362\n|-damage|p1a: Golduck|62/290|[from] item: Life Orb\n|\n|upkeep\n|turn|13\n|\n|t:|1781378664\n|move|p1a: Golduck|Grass Knot|p2a: Dondozo\n|-supereffective|p2a: Dondozo\n|-damage|p2a: Dondozo|0 fnt\n|faint|p2a: Dondozo\n|-damage|p1a: Golduck|33/290|[from] item: Life Orb\n|\n|upkeep\n|\n|t:|1781378673\n|switch|p2a: Cinderace|Cinderace, L77, F|249/249\n|turn|14\n|\n|t:|1781378675\n|move|p2a: Cinderace|U-turn|p1a: Golduck\n|-start|p2a: Cinderace|typechange|Bug|[from] ability: Libero\n|-damage|p1a: Golduck|0 fnt\n|faint|p1a: Golduck\n|\n|t:|1781378681\n|switch|p2a: Minior|Minior, L79|224/224|[from] U-turn\n|-formechange|p2a: Minior|Minior-Meteor||[from] ability: Shields Down\n|\n|upkeep\n|\n|t:|1781378689\n|switch|p1a: Arbok|Arbok, L87, F|114/246\n|-ability|p1a: Arbok|Intimidate|boost\n|-unboost|p2a: Minior|atk|1\n|-enditem|p2a: Minior|White Herb\n|-clearnegativeboost|p2a: Minior|[silent]\n|turn|15\n|\n|t:|1781378697\n|switch|p1a: Palafin|Palafin-Hero, L77, M|281/281\n|-activate|p1a: Palafin|ability: Zero to Hero\n|move|p2a: Minior|Shell Smash|p2a: Minior\n|-unboost|p2a: Minior|def|1\n|-unboost|p2a: Minior|spd|1\n|-boost|p2a: Minior|atk|2\n|-boost|p2a: Minior|spa|2\n|-boost|p2a: Minior|spe|2\n|\n|upkeep\n|turn|16\n|\n|t:|1781378705\n|move|p2a: Minior|Power Gem|p1a: Palafin\n|-damage|p1a: Palafin|157/281\n|move|p1a: Palafin|Bulk Up|p1a: Palafin\n|-boost|p1a: Palafin|atk|1\n|-boost|p1a: Palafin|def|1\n|\n|-heal|p1a: Palafin|174/281|[from] item: Leftovers\n|upkeep\n|turn|17\n|\n|t:|1781378709\n|move|p1a: Palafin|Jet Punch|p2a: Minior\n|-supereffective|p2a: Minior\n|-damage|p2a: Minior|0 fnt\n|faint|p2a: Minior\n|\n|-heal|p1a: Palafin|191/281|[from] item: Leftovers\n|upkeep\n|\n|t:|1781378711\n|switch|p2a: Cinderace|Cinderace, L77, F|249/249\n|turn|18\n|\n|t:|1781378714\n|move|p1a: Palafin|Jet Punch|p2a: Cinderace\n|-supereffective|p2a: Cinderace\n|-damage|p2a: Cinderace|0 fnt\n|faint|p2a: Cinderace\n|\n|win|vorpaldevil\n|raw|vorpaldevil's rating: 1603 &rarr; <strong>1622</strong><br />(+19 for winning)\n|raw|PerfectBrosky's rating: 1580 &rarr; <strong>1561</strong><br />(-19 for losing)\n|l|\u2606PerfectBrosky\n|player|p2|\n", "uploadtime": 1781378722, "views": 5, "formatid": "gen9randombattle", "rating": 1561, "private": 0, "password": null}