{"id": "gen9randombattle-2631640613", "format": "[Gen 9] Random Battle", "players": ["happy battler", "duuhhao"], "log": "|j|\u2606happy battler\n|j|\u2606duuhhao\n|t:|1781413267\n|gametype|singles\n|player|p1|happy battler|265|2099\n|player|p2|duuhhao|clair|2171\n|gen|9\n|tier|[Gen 9] Random Battle\n|rated|\n|rule|Species Clause: Limit one of each Pok\u00e9mon\n|rule|HP Percentage Mod: HP is shown in percentages\n|rule|Sleep Clause Mod: Limit one foe put to sleep\n|rule|Illusion Level Mod: Illusion disguises the Pok\u00e9mon's true level\n|\n|t:|1781413267\n|teamsize|p1|6\n|teamsize|p2|6\n|start\n|switch|p1a: Floatzel|Floatzel, L86, F|286/286\n|switch|p2a: Zangoose|Zangoose, L85, F|263/263\n|turn|1\n|\n|t:|1781413277\n|move|p1a: Floatzel|Wave Crash|p2a: Zangoose\n|-damage|p2a: Zangoose|0 fnt\n|faint|p2a: Zangoose\n|-damage|p1a: Floatzel|199/286|[from] Recoil\n|\n|upkeep\n|\n|t:|1781413280\n|switch|p2a: Kilowattrel|Kilowattrel, L83, M|252/252\n|turn|2\n|\n|t:|1781413289\n|switch|p1a: Tsareena|Tsareena, L87, F|267/267\n|move|p2a: Kilowattrel|U-turn|p1a: Tsareena\n|-supereffective|p1a: Tsareena\n|-damage|p1a: Tsareena|197/267\n|\n|t:|1781413294\n|switch|p2a: Spidops|Spidops, L96, M|271/271|[from] U-turn\n|\n|upkeep\n|turn|3\n|\n|t:|1781413304\n|switch|p1a: Espeon|Espeon, L84, M|246/246\n|move|p2a: Spidops|U-turn|p1a: Espeon\n|-supereffective|p1a: Espeon\n|-damage|p1a: Espeon|0 fnt\n|faint|p1a: Espeon\n|\n|t:|1781413306\n|switch|p2a: Kilowattrel|Kilowattrel, L83, M|252/252|[from] U-turn\n|\n|upkeep\n|\n|t:|1781413330\n|switch|p1a: Tsareena|Tsareena, L87, F|197/267\n|turn|4\n|\n|t:|1781413335\n|switch|p2a: Moltres|Moltres, L81|278/278\n|move|p1a: Tsareena|Synthesis|p1a: Tsareena\n|-heal|p1a: Tsareena|267/267\n|\n|upkeep\n|turn|5\n|\n|t:|1781413344\n|switch|p2a: Kilowattrel|Kilowattrel, L83, M|252/252\n|switch|p1a: Suicune|Suicune, L82|298/298\n|-ability|p1a: Suicune|Pressure\n|\n|upkeep\n|turn|6\n|\n|t:|1781413351\n|move|p2a: Kilowattrel|Discharge|p1a: Suicune\n|-supereffective|p1a: Suicune\n|-damage|p1a: Suicune|164/298\n|move|p1a: Suicune|Ice Beam|p2a: Kilowattrel\n|-supereffective|p2a: Kilowattrel\n|-damage|p2a: Kilowattrel|94/252\n|\n|-heal|p1a: Suicune|182/298|[from] item: Leftovers\n|upkeep\n|turn|7\n|\n|t:|1781413361\n|move|p2a: Kilowattrel|U-turn|p1a: Suicune\n|-damage|p1a: Suicune|151/298\n|\n|t:|1781413366\n|switch|p2a: Pachirisu|Pachirisu, L96, F|271/271|[from] U-turn\n|move|p1a: Suicune|Ice Beam|p2a: Pachirisu\n|-damage|p2a: Pachirisu|238/271\n|\n|-heal|p1a: Suicune|169/298|[from] item: Leftovers\n|upkeep\n|turn|8\n|\n|t:|1781413376\n|switch|p1a: Tsareena|Tsareena, L87, F|267/267\n|move|p2a: Pachirisu|Nuzzle|p1a: Tsareena\n|-resisted|p1a: Tsareena\n|-damage|p1a: Tsareena|259/267\n|-status|p1a: Tsareena|par\n|\n|upkeep\n|turn|9\n|\n|t:|1781413387\n|move|p2a: Pachirisu|U-turn|p1a: Tsareena\n|-supereffective|p1a: Tsareena\n|-damage|p1a: Tsareena|197/267 par\n|\n|t:|1781413389\n|switch|p2a: Spidops|Spidops, L96, M|271/271|[from] U-turn\n|move|p1a: Tsareena|Power Whip|p2a: Spidops\n|-resisted|p2a: Spidops\n|-damage|p2a: Spidops|203/271\n|\n|upkeep\n|turn|10\n|\n|t:|1781413395\n|move|p2a: Spidops|Sticky Web|p1a: Tsareena\n|-sidestart|p1: happy battler|move: Sticky Web\n|cant|p1a: Tsareena|par\n|\n|upkeep\n|turn|11\n|\n|t:|1781413398\n|move|p2a: Spidops|U-turn|p1a: Tsareena\n|-supereffective|p1a: Tsareena\n|-damage|p1a: Tsareena|45/267 par\n|\n|t:|1781413401\n|switch|p2a: Pachirisu|Pachirisu, L96, F|238/271|[from] U-turn\n|move|p1a: Tsareena|Rapid Spin|p2a: Pachirisu\n|-damage|p2a: Pachirisu|193/271\n|-boost|p1a: Tsareena|spe|1\n|-sideend|p1: happy battler|Sticky Web|[from] move: Rapid Spin|[of] p1a: Tsareena\n|\n|upkeep\n|turn|12\n|\n|t:|1781413407\n|switch|p2a: Spidops|Spidops, L96, M|203/271\n|move|p1a: Tsareena|Synthesis|p1a: Tsareena\n|-heal|p1a: Tsareena|178/267 par\n|\n|upkeep\n|turn|13\n|\n|t:|1781413419\n|move|p1a: Tsareena|Synthesis|p1a: Tsareena\n|-heal|p1a: Tsareena|267/267 par\n|move|p2a: Spidops|Sticky Web|p1a: Tsareena\n|-sidestart|p1: happy battler|move: Sticky Web\n|\n|upkeep\n|turn|14\n|\n|t:|1781413425\n|-terastallize|p2a: Spidops|Ghost\n|move|p1a: Tsareena|Rapid Spin|p2a: Spidops\n|-immune|p2a: Spidops\n|move|p2a: Spidops|U-turn|p1a: Tsareena\n|-supereffective|p1a: Tsareena\n|-damage|p1a: Tsareena|133/267 par\n|\n|t:|1781413429\n|switch|p2a: Moltres|Moltres, L81|278/278|[from] U-turn\n|\n|upkeep\n|turn|15\n|\n|t:|1781413440\n|move|p2a: Moltres|Brave Bird|p1a: Tsareena\n|-supereffective|p1a: Tsareena\n|-damage|p1a: Tsareena|0 fnt\n|faint|p1a: Tsareena\n|-damage|p2a: Moltres|234/278|[from] Recoil\n|\n|upkeep\n|\n|t:|1781413445\n|switch|p1a: Minior|Minior-Violet, L79|224/224\n|-formechange|p1a: Minior|Minior-Meteor||[from] ability: Shields Down\n|turn|16\n|\n|t:|1781413449\n|switch|p2a: Spidops|Spidops, L96, M, tera:Ghost|203/271\n|move|p1a: Minior|Shell Smash|p1a: Minior\n|-unboost|p1a: Minior|def|1\n|-unboost|p1a: Minior|spd|1\n|-boost|p1a: Minior|atk|2\n|-boost|p1a: Minior|spa|2\n|-boost|p1a: Minior|spe|2\n|-enditem|p1a: Minior|White Herb\n|-clearnegativeboost|p1a: Minior|[silent]\n|\n|upkeep\n|turn|17\n|\n|t:|1781413470\n|move|p1a: Minior|Acrobatics|p2a: Spidops\n|-damage|p2a: Spidops|83/271\n|move|p2a: Spidops|Circle Throw|p1a: Minior\n|-crit|p1a: Minior\n|-damage|p1a: Minior|149/224\n|drag|p1a: Floatzel|Floatzel, L86, F|199/286\n|-activate|p1a: Floatzel|move: Sticky Web\n|-unboost|p1a: Floatzel|spe|1\n|\n|upkeep\n|turn|18\n|\n|t:|1781413484\n|move|p1a: Floatzel|Wave Crash|p2a: Spidops\n|-damage|p2a: Spidops|0 fnt\n|faint|p2a: Spidops\n|-damage|p1a: Floatzel|172/286|[from] Recoil\n|\n|upkeep\n|\n|t:|1781413486\n|switch|p2a: Kilowattrel|Kilowattrel, L83, M|94/252\n|turn|19\n|\n|t:|1781413495\n|move|p2a: Kilowattrel|Discharge|p1a: Floatzel\n|-supereffective|p1a: Floatzel\n|-damage|p1a: Floatzel|0 fnt\n|faint|p1a: Floatzel\n|\n|upkeep\n|\n|t:|1781413498\n|switch|p1a: Suicune|Suicune, L82|169/298\n|-activate|p1a: Suicune|move: Sticky Web\n|-unboost|p1a: Suicune|spe|1\n|-ability|p1a: Suicune|Pressure\n|turn|20\n|\n|t:|1781413504\n|move|p2a: Kilowattrel|U-turn|p1a: Suicune\n|-damage|p1a: Suicune|134/298\n|\n|t:|1781413505\n|switch|p2a: Pachirisu|Pachirisu, L96, F|193/271|[from] U-turn\n|move|p1a: Suicune|Scald|p2a: Pachirisu\n|-damage|p2a: Pachirisu|151/271\n|\n|-heal|p1a: Suicune|152/298|[from] item: Leftovers\n|upkeep\n|turn|21\n|\n|t:|1781413516\n|move|p2a: Pachirisu|Thunderbolt|p1a: Suicune\n|-supereffective|p1a: Suicune\n|-damage|p1a: Suicune|20/298\n|move|p1a: Suicune|Scald|p2a: Pachirisu\n|-damage|p2a: Pachirisu|108/271\n|\n|-heal|p1a: Suicune|38/298|[from] item: Leftovers\n|upkeep\n|turn|22\n|\n|t:|1781413526\n|move|p2a: Pachirisu|Nuzzle|p1a: Suicune\n|-supereffective|p1a: Suicune\n|-damage|p1a: Suicune|8/298\n|-status|p1a: Suicune|par\n|move|p1a: Suicune|Scald|p2a: Pachirisu\n|-damage|p2a: Pachirisu|63/271\n|\n|-heal|p1a: Suicune|26/298 par|[from] item: Leftovers\n|upkeep\n|turn|23\n|\n|t:|1781413535\n|move|p2a: Pachirisu|U-turn|p1a: Suicune\n|-damage|p1a: Suicune|0 fnt\n|faint|p1a: Suicune\n|\n|t:|1781413537\n|switch|p2a: Darkrai|Darkrai, L77|234/234|[from] U-turn\n|\n|upkeep\n|\n|t:|1781413542\n|switch|p1a: Minior|Minior-Violet, L79|149/224\n|-formechange|p1a: Minior|Minior-Meteor||[from] ability: Shields Down\n|turn|24\n|\n|t:|1781413547\n|move|p2a: Darkrai|Nasty Plot|p2a: Darkrai\n|-boost|p2a: Darkrai|spa|2\n|move|p1a: Minior|Shell Smash|p1a: Minior\n|-unboost|p1a: Minior|def|1\n|-unboost|p1a: Minior|spd|1\n|-boost|p1a: Minior|atk|2\n|-boost|p1a: Minior|spa|2\n|-boost|p1a: Minior|spe|2\n|\n|upkeep\n|turn|25\n|\n|t:|1781413552\n|move|p1a: Minior|Acrobatics|p2a: Darkrai\n|-damage|p2a: Darkrai|75/234\n|move|p2a: Darkrai|Dark Pulse|p1a: Minior\n|-damage|p1a: Minior|0 fnt\n|faint|p1a: Minior\n|\n|-heal|p2a: Darkrai|89/234|[from] item: Leftovers\n|upkeep\n|\n|t:|1781413556\n|switch|p1a: Zangoose|Zangoose, L85, M|263/263\n|-activate|p1a: Zangoose|move: Sticky Web\n|-unboost|p1a: Zangoose|spe|1\n|turn|26\n|\n|t:|1781413560\n|-terastallize|p1a: Zangoose|Normal\n|move|p1a: Zangoose|Quick Attack|p2a: Darkrai\n|-damage|p2a: Darkrai|15/234\n|move|p2a: Darkrai|Dark Pulse|p1a: Zangoose\n|-damage|p1a: Zangoose|22/263\n|\n|-heal|p2a: Darkrai|29/234|[from] item: Leftovers\n|-status|p1a: Zangoose|tox|[from] item: Toxic Orb\n|upkeep\n|turn|27\n|\n|t:|1781413566\n|move|p1a: Zangoose|Quick Attack|p2a: Darkrai\n|-damage|p2a: Darkrai|0 fnt\n|faint|p2a: Darkrai\n|\n|-damage|p1a: Zangoose|6/263 tox|[from] psn\n|upkeep\n|\n|t:|1781413568\n|switch|p2a: Moltres|Moltres, L81|234/278\n|turn|28\n|\n|t:|1781413570\n|move|p1a: Zangoose|Quick Attack|p2a: Moltres\n|-damage|p2a: Moltres|130/278\n|move|p2a: Moltres|Fire Blast|p1a: Zangoose\n|-damage|p1a: Zangoose|0 fnt\n|faint|p1a: Zangoose\n|\n|win|duuhhao\n", "uploadtime": 1781413269, "views": 3, "formatid": "gen9randombattle", "rating": null, "private": 0, "password": null}