{"id": "gen9randombattle-2631946631", "format": "[Gen 9] Random Battle", "players": ["ilikepolit0ed", "Biggusnoobus"], "log": "|j|\u2606ilikepolit0ed\n|j|\u2606Biggusnoobus\n|t:|1781458656\n|gametype|singles\n|player|p1|ilikepolit0ed|aromalady|1898\n|player|p2|Biggusnoobus|cyrus|1911\n|gen|9\n|tier|[Gen 9] Random Battle\n|rated|\n|rule|Species Clause: Limit one of each Pok\u00e9mon\n|rule|HP Percentage Mod: HP is shown in percentages\n|rule|Sleep Clause Mod: Limit one foe put to sleep\n|rule|Illusion Level Mod: Illusion disguises the Pok\u00e9mon's true level\n|\n|t:|1781458656\n|teamsize|p1|6\n|teamsize|p2|6\n|start\n|switch|p1a: Rhydon|Rhydon, L85, F|317/317\n|switch|p2a: Pecharunt|Pecharunt, L77|262/262\n|turn|1\n|inactive|Battle timer is ON: inactive players will automatically lose when time's up. (requested by Biggusnoobus)\n|\n|t:|1781458673\n|switch|p1a: Heatran|Heatran, L79, M|273/273\n|-item|p1a: Heatran|Air Balloon\n|move|p2a: Pecharunt|Parting Shot|p1a: Heatran\n|-unboost|p1a: Heatran|atk|1\n|-unboost|p1a: Heatran|spa|1\n|\n|t:|1781458687\n|switch|p2a: Goodra|Goodra-Hisui, L82, F|265/265|[from] Parting Shot\n|\n|upkeep\n|turn|2\n|\n|t:|1781458701\n|move|p1a: Heatran|Stealth Rock|p2a: Goodra\n|-sidestart|p2: Biggusnoobus|move: Stealth Rock\n|move|p2a: Goodra|Hydro Pump|p1a: Heatran\n|-supereffective|p1a: Heatran\n|-damage|p1a: Heatran|125/273\n|-enditem|p1a: Heatran|Air Balloon\n|\n|upkeep\n|turn|3\n|\n|t:|1781458722\n|switch|p1a: Iron Crown|Iron Crown, L78|268/268\n|move|p2a: Goodra|Hydro Pump|p1a: Iron Crown\n|-damage|p1a: Iron Crown|190/268\n|\n|upkeep\n|turn|4\n|\n|t:|1781458733\n|move|p1a: Iron Crown|Volt Switch|p2a: Goodra\n|-resisted|p2a: Goodra\n|-damage|p2a: Goodra|246/265\n|\n|t:|1781458749\n|-end|p1a: Iron Crown|Quark Drive|[silent]\n|switch|p1a: Heatran|Heatran, L79, M|125/273|[from] Volt Switch\n|move|p2a: Goodra|Dragon Tail|p1a: Heatran\n|-resisted|p1a: Heatran\n|-damage|p1a: Heatran|98/273\n|drag|p1a: Iron Crown|Iron Crown, L78|190/268\n|\n|upkeep\n|turn|5\n|\n|t:|1781458757\n|move|p1a: Iron Crown|Focus Blast|p2a: Goodra\n|-supereffective|p2a: Goodra\n|-damage|p2a: Goodra|120/265\n|-unboost|p2a: Goodra|spd|1\n|move|p2a: Goodra|Dragon Tail|p1a: Iron Crown\n|-resisted|p1a: Iron Crown\n|-damage|p1a: Iron Crown|160/268\n|-end|p1a: Iron Crown|Quark Drive|[silent]\n|drag|p1a: Rhydon|Rhydon, L85, F|317/317\n|\n|upkeep\n|turn|6\n|\n|t:|1781458770\n|-terastallize|p1a: Rhydon|Grass\n|move|p2a: Goodra|Hydro Pump|p1a: Rhydon\n|-resisted|p1a: Rhydon\n|-damage|p1a: Rhydon|276/317\n|move|p1a: Rhydon|Earthquake|p2a: Goodra\n|-supereffective|p2a: Goodra\n|-damage|p2a: Goodra|0 fnt\n|faint|p2a: Goodra\n|\n|upkeep\n|\n|t:|1781458779\n|switch|p2a: Yanmega|Yanmega, L82, F|275/275\n|-damage|p2a: Yanmega|138/275|[from] Stealth Rock\n|turn|7\n|\n|t:|1781458796\n|switch|p1a: Heatran|Heatran, L79, M|98/273\n|move|p2a: Yanmega|Bug Buzz|p1a: Heatran\n|-resisted|p1a: Heatran\n|-damage|p1a: Heatran|30/273\n|\n|upkeep\n|turn|8\n|\n|t:|1781458803\n|move|p2a: Yanmega|Bug Buzz|p1a: Heatran\n|-resisted|p1a: Heatran\n|-damage|p1a: Heatran|0 fnt\n|faint|p1a: Heatran\n|\n|upkeep\n|\n|t:|1781458814\n|switch|p1a: Tornadus|Tornadus, L82, M|264/264\n|turn|9\n|\n|t:|1781458820\n|switch|p2a: Blissey|Blissey, L85, F|572/572\n|-damage|p2a: Blissey|501/572|[from] Stealth Rock\n|move|p1a: Tornadus|Bleakwind Storm|p2a: Blissey\n|-damage|p2a: Blissey|413/572\n|\n|-heal|p2a: Blissey|448/572|[from] item: Leftovers\n|upkeep\n|turn|10\n|\n|t:|1781458831\n|switch|p1a: Rhydon|Rhydon, L85, F, tera:Grass|276/317\n|switch|p2a: Pecharunt|Pecharunt, L77|262/262\n|-damage|p2a: Pecharunt|230/262|[from] Stealth Rock\n|\n|upkeep\n|turn|11\n|\n|t:|1781458838\n|switch|p1a: Iron Crown|Iron Crown, L78|160/268\n|move|p2a: Pecharunt|Shadow Ball|p1a: Iron Crown\n|-supereffective|p1a: Iron Crown\n|-crit|p1a: Iron Crown\n|-damage|p1a: Iron Crown|0 fnt\n|faint|p1a: Iron Crown\n|-end|p1a: Iron Crown|Quark Drive|[silent]\n|\n|upkeep\n|\n|t:|1781458840\n|switch|p1a: Chien-Pao|Chien-Pao, L72|234/234\n|-ability|p1a: Chien-Pao|Sword of Ruin\n|turn|12\n|\n|t:|1781458857\n|-terastallize|p2a: Pecharunt|Dark\n|move|p1a: Chien-Pao|Icicle Crash|p2a: Pecharunt|[miss]\n|-miss|p1a: Chien-Pao|p2a: Pecharunt\n|move|p2a: Pecharunt|Malignant Chain|p1a: Chien-Pao\n|-damage|p1a: Chien-Pao|110/234\n|\n|upkeep\n|turn|13\n|\n|t:|1781458866\n|move|p1a: Chien-Pao|Sacred Sword|p2a: Pecharunt\n|-supereffective|p2a: Pecharunt\n|-damage|p2a: Pecharunt|126/262\n|-damage|p1a: Chien-Pao|71/234|[from] item: Rocky Helmet|[of] p2a: Pecharunt\n|move|p2a: Pecharunt|Malignant Chain|p1a: Chien-Pao\n|-damage|p1a: Chien-Pao|0 fnt\n|faint|p1a: Chien-Pao\n|\n|upkeep\n|\n|t:|1781458873\n|switch|p1a: Tornadus|Tornadus, L82, M|264/264\n|turn|14\n|\n|t:|1781458877\n|switch|p2a: Blissey|Blissey, L85, F|448/572\n|-damage|p2a: Blissey|377/572|[from] Stealth Rock\n|move|p1a: Tornadus|Bleakwind Storm|p2a: Blissey|[miss]\n|-miss|p1a: Tornadus|p2a: Blissey\n|\n|-heal|p2a: Blissey|412/572|[from] item: Leftovers\n|upkeep\n|turn|15\n|\n|t:|1781458892\n|switch|p2a: Toxtricity|Toxtricity, L82, F|257/257\n|-damage|p2a: Toxtricity|225/257|[from] Stealth Rock\n|move|p1a: Tornadus|Nasty Plot|p1a: Tornadus\n|-boost|p1a: Tornadus|spa|2\n|\n|upkeep\n|turn|16\n|\n|t:|1781458903\n|move|p1a: Tornadus|Heat Wave|p2a: Toxtricity\n|-damage|p2a: Toxtricity|42/257\n|move|p2a: Toxtricity|Sludge Wave|p1a: Tornadus\n|-damage|p1a: Tornadus|90/264\n|\n|upkeep\n|turn|17\n|\n|t:|1781458909\n|move|p1a: Tornadus|Heat Wave|p2a: Toxtricity\n|-damage|p2a: Toxtricity|0 fnt\n|faint|p2a: Toxtricity\n|\n|upkeep\n|\n|t:|1781458911\n|switch|p2a: Blissey|Blissey, L85, F|412/572\n|-damage|p2a: Blissey|341/572|[from] Stealth Rock\n|turn|18\n|\n|t:|1781458915\n|switch|p1a: Rhydon|Rhydon, L85, F, tera:Grass|276/317\n|move|p2a: Blissey|Seismic Toss|p1a: Rhydon\n|-damage|p1a: Rhydon|191/317\n|\n|-heal|p2a: Blissey|376/572|[from] item: Leftovers\n|upkeep\n|turn|19\n|\n|t:|1781458926\n|switch|p2a: Yanmega|Yanmega, L82, F|138/275\n|-damage|p2a: Yanmega|1/275|[from] Stealth Rock\n|move|p1a: Rhydon|Stone Edge|p2a: Yanmega\n|-supereffective|p2a: Yanmega\n|-damage|p2a: Yanmega|0 fnt\n|faint|p2a: Yanmega\n|\n|upkeep\n|\n|t:|1781458929\n|switch|p2a: Pecharunt|Pecharunt, L77, tera:Dark|126/262\n|-damage|p2a: Pecharunt|94/262|[from] Stealth Rock\n|turn|20\n|\n|t:|1781458939\n|move|p2a: Pecharunt|Malignant Chain|p1a: Rhydon\n|-supereffective|p1a: Rhydon\n|-damage|p1a: Rhydon|23/317\n|move|p1a: Rhydon|Megahorn|p2a: Pecharunt\n|-supereffective|p2a: Pecharunt\n|-damage|p2a: Pecharunt|0 fnt\n|-damage|p1a: Rhydon|0 fnt|[from] item: Rocky Helmet|[of] p2a: Pecharunt\n|faint|p2a: Pecharunt\n|faint|p1a: Rhydon\n|\n|upkeep\n|\n|t:|1781458955\n|switch|p2a: Blissey|Blissey, L85, F|376/572\n|switch|p1a: Scovillain|Scovillain, L91, M|266/266\n|-damage|p2a: Blissey|305/572|[from] Stealth Rock\n|turn|21\n|\n|t:|1781458961\n|move|p1a: Scovillain|Substitute|p1a: Scovillain\n|-start|p1a: Scovillain|Substitute\n|-damage|p1a: Scovillain|200/266\n|move|p2a: Blissey|Seismic Toss|p1a: Scovillain\n|-end|p1a: Scovillain|Substitute\n|\n|-heal|p1a: Scovillain|216/266|[from] item: Leftovers\n|-heal|p2a: Blissey|340/572|[from] item: Leftovers\n|upkeep\n|turn|22\n|\n|t:|1781458965\n|move|p1a: Scovillain|Leech Seed|p2a: Blissey\n|-start|p2a: Blissey|move: Leech Seed\n|move|p2a: Blissey|Seismic Toss|p1a: Scovillain\n|-damage|p1a: Scovillain|131/266\n|\n|-heal|p1a: Scovillain|147/266|[from] item: Leftovers\n|-heal|p2a: Blissey|375/572|[from] item: Leftovers\n|-damage|p2a: Blissey|304/572|[from] Leech Seed|[of] p1a: Scovillain\n|-heal|p1a: Scovillain|218/266|[silent]\n|upkeep\n|turn|23\n|\n|t:|1781458973\n|switch|p2a: Lunala|Lunala, L70|308/308\n|-damage|p2a: Lunala|270/308|[from] Stealth Rock\n|move|p1a: Scovillain|Substitute|p1a: Scovillain\n|-start|p1a: Scovillain|Substitute\n|-damage|p1a: Scovillain|152/266\n|\n|-heal|p1a: Scovillain|168/266|[from] item: Leftovers\n|-heal|p2a: Lunala|289/308|[from] item: Leftovers\n|upkeep\n|turn|24\n|\n|t:|1781458977\n|move|p1a: Scovillain|Leech Seed|p2a: Lunala\n|-start|p2a: Lunala|move: Leech Seed\n|move|p2a: Lunala|Psyshock|p1a: Scovillain\n|-end|p1a: Scovillain|Substitute\n|\n|-heal|p1a: Scovillain|184/266|[from] item: Leftovers\n|-heal|p2a: Lunala|308/308|[from] item: Leftovers\n|-damage|p2a: Lunala|270/308|[from] Leech Seed|[of] p1a: Scovillain\n|-heal|p1a: Scovillain|222/266|[silent]\n|upkeep\n|turn|25\n|\n|t:|1781458984\n|switch|p2a: Blissey|Blissey, L85, F|304/572\n|-damage|p2a: Blissey|233/572|[from] Stealth Rock\n|move|p1a: Scovillain|Flamethrower|p2a: Blissey\n|-damage|p2a: Blissey|149/572\n|\n|-heal|p1a: Scovillain|238/266|[from] item: Leftovers\n|-heal|p2a: Blissey|184/572|[from] item: Leftovers\n|upkeep\n|turn|26\n|\n|t:|1781458991\n|move|p1a: Scovillain|Leech Seed|p2a: Blissey\n|-start|p2a: Blissey|move: Leech Seed\n|move|p2a: Blissey|Thunder Wave|p1a: Scovillain\n|-status|p1a: Scovillain|par\n|\n|-heal|p2a: Blissey|219/572|[from] item: Leftovers\n|-heal|p1a: Scovillain|254/266 par|[from] item: Leftovers\n|-damage|p2a: Blissey|148/572|[from] Leech Seed|[of] p1a: Scovillain\n|-heal|p1a: Scovillain|266/266 par|[silent]\n|upkeep\n|turn|27\n|\n|t:|1781459001\n|move|p2a: Blissey|Soft-Boiled|p2a: Blissey\n|-heal|p2a: Blissey|434/572\n|move|p1a: Scovillain|Leech Seed||[still]\n|-fail|p1a: Scovillain\n|\n|-heal|p2a: Blissey|469/572|[from] item: Leftovers\n|-damage|p2a: Blissey|398/572|[from] Leech Seed|[of] p1a: Scovillain\n|upkeep\n|turn|28\n|\n|t:|1781459008\n|switch|p2a: Lunala|Lunala, L70|270/308\n|-damage|p2a: Lunala|232/308|[from] Stealth Rock\n|move|p1a: Scovillain|Substitute|p1a: Scovillain\n|-start|p1a: Scovillain|Substitute\n|-damage|p1a: Scovillain|200/266 par\n|\n|-heal|p2a: Lunala|251/308|[from] item: Leftovers\n|-heal|p1a: Scovillain|216/266 par|[from] item: Leftovers\n|upkeep\n|turn|29\n|\n|t:|1781459012\n|move|p2a: Lunala|Moongeist Beam|p1a: Scovillain\n|-end|p1a: Scovillain|Substitute\n|cant|p1a: Scovillain|par\n|\n|-heal|p2a: Lunala|270/308|[from] item: Leftovers\n|-heal|p1a: Scovillain|232/266 par|[from] item: Leftovers\n|upkeep\n|turn|30\n|\n|t:|1781459018\n|move|p1a: Scovillain|Protect|p1a: Scovillain\n|-singleturn|p1a: Scovillain|Protect\n|move|p2a: Lunala|Moongeist Beam|p1a: Scovillain\n|-activate|p1a: Scovillain|move: Protect\n|\n|-heal|p2a: Lunala|289/308|[from] item: Leftovers\n|-heal|p1a: Scovillain|248/266 par|[from] item: Leftovers\n|upkeep\n|turn|31\n|\n|t:|1781459022\n|move|p2a: Lunala|Moongeist Beam|p1a: Scovillain\n|-damage|p1a: Scovillain|139/266 par\n|move|p1a: Scovillain|Leech Seed|p2a: Lunala\n|-start|p2a: Lunala|move: Leech Seed\n|\n|-heal|p2a: Lunala|308/308|[from] item: Leftovers\n|-heal|p1a: Scovillain|155/266 par|[from] item: Leftovers\n|-damage|p2a: Lunala|270/308|[from] Leech Seed|[of] p1a: Scovillain\n|-heal|p1a: Scovillain|193/266 par|[silent]\n|upkeep\n|turn|32\n|\n|t:|1781459029\n|switch|p2a: Blissey|Blissey, L85, F|398/572\n|-damage|p2a: Blissey|327/572|[from] Stealth Rock\n|cant|p1a: Scovillain|par\n|\n|-heal|p2a: Blissey|362/572|[from] item: Leftovers\n|-heal|p1a: Scovillain|209/266 par|[from] item: Leftovers\n|upkeep\n|turn|33\n|\n|t:|1781459037\n|move|p2a: Blissey|Seismic Toss|p1a: Scovillain\n|-damage|p1a: Scovillain|124/266 par\n|move|p1a: Scovillain|Leech Seed|p2a: Blissey|[miss]\n|-miss|p1a: Scovillain|p2a: Blissey\n|\n|-heal|p2a: Blissey|397/572|[from] item: Leftovers\n|-heal|p1a: Scovillain|140/266 par|[from] item: Leftovers\n|upkeep\n|turn|34\n|\n|t:|1781459043\n|move|p2a: Blissey|Seismic Toss|p1a: Scovillain\n|-damage|p1a: Scovillain|55/266 par\n|move|p1a: Scovillain|Leech Seed|p2a: Blissey\n|-start|p2a: Blissey|move: Leech Seed\n|\n|-heal|p2a: Blissey|432/572|[from] item: Leftovers\n|-heal|p1a: Scovillain|71/266 par|[from] item: Leftovers\n|-damage|p2a: Blissey|361/572|[from] Leech Seed|[of] p1a: Scovillain\n|-heal|p1a: Scovillain|142/266 par|[silent]\n|upkeep\n|turn|35\n|\n|t:|1781459048\n|switch|p2a: Lunala|Lunala, L70|270/308\n|-damage|p2a: Lunala|232/308|[from] Stealth Rock\n|move|p1a: Scovillain|Protect||[still]\n|-fail|p1a: Scovillain\n|\n|-heal|p2a: Lunala|251/308|[from] item: Leftovers\n|-heal|p1a: Scovillain|158/266 par|[from] item: Leftovers\n|upkeep\n|turn|36\n|\n|t:|1781459056\n|move|p2a: Lunala|Psyshock|p1a: Scovillain\n|-damage|p1a: Scovillain|71/266 par\n|move|p1a: Scovillain|Leech Seed|p2a: Lunala\n|-start|p2a: Lunala|move: Leech Seed\n|\n|-heal|p2a: Lunala|270/308|[from] item: Leftovers\n|-heal|p1a: Scovillain|87/266 par|[from] item: Leftovers\n|-damage|p2a: Lunala|232/308|[from] Leech Seed|[of] p1a: Scovillain\n|-heal|p1a: Scovillain|125/266 par|[silent]\n|upkeep\n|turn|37\n|\n|t:|1781459062\n|switch|p2a: Blissey|Blissey, L85, F|361/572\n|-damage|p2a: Blissey|290/572|[from] Stealth Rock\n|cant|p1a: Scovillain|par\n|\n|-heal|p2a: Blissey|325/572|[from] item: Leftovers\n|-heal|p1a: Scovillain|141/266 par|[from] item: Leftovers\n|upkeep\n|turn|38\n|\n|t:|1781459074\n|move|p2a: Blissey|Seismic Toss|p1a: Scovillain\n|-damage|p1a: Scovillain|56/266 par\n|move|p1a: Scovillain|Leech Seed|p2a: Blissey\n|-start|p2a: Blissey|move: Leech Seed\n|\n|-heal|p2a: Blissey|360/572|[from] item: Leftovers\n|-heal|p1a: Scovillain|72/266 par|[from] item: Leftovers\n|-damage|p2a: Blissey|289/572|[from] Leech Seed|[of] p1a: Scovillain\n|-heal|p1a: Scovillain|143/266 par|[silent]\n|upkeep\n|turn|39\n|\n|t:|1781459080\n|switch|p2a: Lunala|Lunala, L70|232/308\n|-damage|p2a: Lunala|194/308|[from] Stealth Rock\n|move|p1a: Scovillain|Flamethrower|p2a: Lunala\n|-damage|p2a: Lunala|73/308\n|\n|-heal|p2a: Lunala|92/308|[from] item: Leftovers\n|-heal|p1a: Scovillain|159/266 par|[from] item: Leftovers\n|upkeep\n|turn|40\n|\n|t:|1781459087\n|move|p2a: Lunala|Moonlight|p2a: Lunala\n|-heal|p2a: Lunala|246/308\n|move|p1a: Scovillain|Flamethrower|p2a: Lunala\n|-damage|p2a: Lunala|125/308\n|\n|-heal|p2a: Lunala|144/308|[from] item: Leftovers\n|-heal|p1a: Scovillain|175/266 par|[from] item: Leftovers\n|upkeep\n|turn|41\n|\n|t:|1781459095\n|move|p2a: Lunala|Moonlight|p2a: Lunala\n|-heal|p2a: Lunala|298/308\n|move|p1a: Scovillain|Flamethrower|p2a: Lunala\n|-damage|p2a: Lunala|175/308\n|\n|-heal|p2a: Lunala|194/308|[from] item: Leftovers\n|-heal|p1a: Scovillain|191/266 par|[from] item: Leftovers\n|upkeep\n|turn|42\n|\n|t:|1781459102\n|move|p2a: Lunala|Calm Mind|p2a: Lunala\n|-boost|p2a: Lunala|spa|1\n|-boost|p2a: Lunala|spd|1\n|move|p1a: Scovillain|Flamethrower|p2a: Lunala\n|-damage|p2a: Lunala|104/308\n|\n|-heal|p2a: Lunala|123/308|[from] item: Leftovers\n|-heal|p1a: Scovillain|207/266 par|[from] item: Leftovers\n|upkeep\n|turn|43\n|\n|t:|1781459108\n|move|p2a: Lunala|Psyshock|p1a: Scovillain\n|-damage|p1a: Scovillain|75/266 par\n|move|p1a: Scovillain|Leech Seed|p2a: Lunala\n|-start|p2a: Lunala|move: Leech Seed\n|\n|-heal|p2a: Lunala|142/308|[from] item: Leftovers\n|-heal|p1a: Scovillain|91/266 par|[from] item: Leftovers\n|-damage|p2a: Lunala|104/308|[from] Leech Seed|[of] p1a: Scovillain\n|-heal|p1a: Scovillain|129/266 par|[silent]\n|upkeep\n|turn|44\n|\n|t:|1781459117\n|move|p1a: Scovillain|Protect|p1a: Scovillain\n|-singleturn|p1a: Scovillain|Protect\n|move|p2a: Lunala|Moongeist Beam|p1a: Scovillain\n|-activate|p1a: Scovillain|move: Protect\n|\n|-heal|p2a: Lunala|123/308|[from] item: Leftovers\n|-heal|p1a: Scovillain|145/266 par|[from] item: Leftovers\n|-damage|p2a: Lunala|85/308|[from] Leech Seed|[of] p1a: Scovillain\n|-heal|p1a: Scovillain|183/266 par|[silent]\n|upkeep\n|turn|45\n|\n|t:|1781459124\n|move|p2a: Lunala|Moonlight|p2a: Lunala\n|-heal|p2a: Lunala|239/308\n|move|p1a: Scovillain|Flamethrower|p2a: Lunala\n|-damage|p2a: Lunala|160/308\n|\n|-heal|p2a: Lunala|179/308|[from] item: Leftovers\n|-heal|p1a: Scovillain|199/266 par|[from] item: Leftovers\n|-damage|p2a: Lunala|141/308|[from] Leech Seed|[of] p1a: Scovillain\n|-heal|p1a: Scovillain|237/266 par|[silent]\n|upkeep\n|turn|46\n|\n|t:|1781459132\n|move|p2a: Lunala|Moongeist Beam|p1a: Scovillain\n|-damage|p1a: Scovillain|68/266 par\n|move|p1a: Scovillain|Flamethrower|p2a: Lunala\n|-damage|p2a: Lunala|57/308\n|\n|-heal|p2a: Lunala|76/308|[from] item: Leftovers\n|-heal|p1a: Scovillain|84/266 par|[from] item: Leftovers\n|-damage|p2a: Lunala|38/308|[from] Leech Seed|[of] p1a: Scovillain\n|-heal|p1a: Scovillain|122/266 par|[silent]\n|upkeep\n|turn|47\n|\n|t:|1781459140\n|move|p2a: Lunala|Moonlight|p2a: Lunala\n|-heal|p2a: Lunala|192/308\n|move|p1a: Scovillain|Flamethrower|p2a: Lunala\n|-damage|p2a: Lunala|111/308\n|\n|-heal|p2a: Lunala|130/308|[from] item: Leftovers\n|-heal|p1a: Scovillain|138/266 par|[from] item: Leftovers\n|-damage|p2a: Lunala|92/308|[from] Leech Seed|[of] p1a: Scovillain\n|-heal|p1a: Scovillain|176/266 par|[silent]\n|upkeep\n|turn|48\n|\n|t:|1781459148\n|move|p2a: Lunala|Moongeist Beam|p1a: Scovillain\n|-damage|p1a: Scovillain|16/266 par\n|move|p1a: Scovillain|Flamethrower|p2a: Lunala\n|-damage|p2a: Lunala|8/308\n|\n|-heal|p2a: Lunala|27/308|[from] item: Leftovers\n|-heal|p1a: Scovillain|32/266 par|[from] item: Leftovers\n|-damage|p2a: Lunala|0 fnt|[from] Leech Seed|[of] p1a: Scovillain\n|-heal|p1a: Scovillain|59/266 par|[silent]\n|faint|p2a: Lunala\n|upkeep\n|\n|t:|1781459151\n|switch|p2a: Blissey|Blissey, L85, F|289/572\n|-damage|p2a: Blissey|218/572|[from] Stealth Rock\n|turn|49\n|\n|t:|1781459165\n|move|p1a: Scovillain|Protect|p1a: Scovillain\n|-singleturn|p1a: Scovillain|Protect\n|move|p2a: Blissey|Seismic Toss|p1a: Scovillain\n|-activate|p1a: Scovillain|move: Protect\n|\n|-heal|p2a: Blissey|253/572|[from] item: Leftovers\n|-heal|p1a: Scovillain|75/266 par|[from] item: Leftovers\n|upkeep\n|turn|50\n|\n|t:|1781459186\n|switch|p1a: Tornadus|Tornadus, L82, M|90/264\n|move|p2a: Blissey|Seismic Toss|p1a: Tornadus\n|-damage|p1a: Tornadus|5/264\n|\n|-heal|p2a: Blissey|288/572|[from] item: Leftovers\n|upkeep\n|turn|51\n|\n|t:|1781459196\n|move|p1a: Tornadus|Bleakwind Storm|p2a: Blissey\n|-damage|p2a: Blissey|200/572\n|move|p2a: Blissey|Seismic Toss|p1a: Tornadus\n|-damage|p1a: Tornadus|0 fnt\n|faint|p1a: Tornadus\n|\n|-heal|p2a: Blissey|235/572|[from] item: Leftovers\n|upkeep\n|\n|t:|1781459201\n|switch|p1a: Scovillain|Scovillain, L91, M|75/266 par\n|turn|52\n|\n|t:|1781459203\n|move|p1a: Scovillain|Protect|p1a: Scovillain\n|-singleturn|p1a: Scovillain|Protect\n|move|p2a: Blissey|Seismic Toss|p1a: Scovillain\n|-activate|p1a: Scovillain|move: Protect\n|\n|-heal|p2a: Blissey|270/572|[from] item: Leftovers\n|-heal|p1a: Scovillain|91/266 par|[from] item: Leftovers\n|upkeep\n|turn|53\n|\n|t:|1781459207\n|move|p2a: Blissey|Seismic Toss|p1a: Scovillain\n|-damage|p1a: Scovillain|6/266 par\n|move|p1a: Scovillain|Leech Seed|p2a: Blissey\n|-start|p2a: Blissey|move: Leech Seed\n|\n|-heal|p2a: Blissey|305/572|[from] item: Leftovers\n|-heal|p1a: Scovillain|22/266 par|[from] item: Leftovers\n|-damage|p2a: Blissey|234/572|[from] Leech Seed|[of] p1a: Scovillain\n|-heal|p1a: Scovillain|93/266 par|[silent]\n|upkeep\n|turn|54\n|\n|t:|1781459215\n|move|p1a: Scovillain|Protect|p1a: Scovillain\n|-singleturn|p1a: Scovillain|Protect\n|move|p2a: Blissey|Soft-Boiled|p2a: Blissey\n|-heal|p2a: Blissey|520/572\n|\n|-heal|p2a: Blissey|555/572|[from] item: Leftovers\n|-heal|p1a: Scovillain|109/266 par|[from] item: Leftovers\n|-damage|p2a: Blissey|484/572|[from] Leech Seed|[of] p1a: Scovillain\n|-heal|p1a: Scovillain|180/266 par|[silent]\n|upkeep\n|turn|55\n|\n|t:|1781459224\n|move|p1a: Scovillain|Protect||[still]\n|-fail|p1a: Scovillain\n|move|p2a: Blissey|Seismic Toss|p1a: Scovillain\n|-damage|p1a: Scovillain|95/266 par\n|\n|-heal|p2a: Blissey|519/572|[from] item: Leftovers\n|-heal|p1a: Scovillain|111/266 par|[from] item: Leftovers\n|-damage|p2a: Blissey|448/572|[from] Leech Seed|[of] p1a: Scovillain\n|-heal|p1a: Scovillain|182/266 par|[silent]\n|upkeep\n|turn|56\n|-message|Biggusnoobus forfeited.\n|\n|win|ilikepolit0ed\n|raw|ilikepolit0ed's rating: 1898 &rarr; <strong>1919</strong><br />(+21 for winning)\n|raw|Biggusnoobus's rating: 1911 &rarr; <strong>1890</strong><br />(-21 for losing)\n|l|\u2606Biggusnoobus\n|player|p2|\n", "uploadtime": 1781459280, "views": 2, "formatid": "gen9randombattle", "rating": 1890, "private": 0, "password": null}