{"id": "gen9randombattle-2631977385", "format": "[Gen 9] Random Battle", "players": ["Copernicusthe54th", "l'ingegnere"], "log": "|j|\u2606Copernicusthe54th\n|j|\u2606l'ingegnere\n|t:|1781461995\n|gametype|singles\n|player|p1|Copernicusthe54th|101|1967\n|player|p2|l'ingegnere|scientist-gen4|1923\n|gen|9\n|tier|[Gen 9] Random Battle\n|rated|\n|rule|Species Clause: Limit one of each Pok\u00e9mon\n|rule|HP Percentage Mod: HP is shown in percentages\n|rule|Sleep Clause Mod: Limit one foe put to sleep\n|rule|Illusion Level Mod: Illusion disguises the Pok\u00e9mon's true level\n|\n|t:|1781461995\n|teamsize|p1|6\n|teamsize|p2|6\n|start\n|switch|p1a: Terrakion|Terrakion, L79|273/273\n|switch|p2a: Gyarados|Gyarados, L79, M|280/280\n|-ability|p2a: Gyarados|Intimidate|boost\n|-unboost|p1a: Terrakion|atk|1\n|turn|1\n|inactive|Battle timer is ON: inactive players will automatically lose when time's up. (requested by l'ingegnere)\n|\n|t:|1781462008\n|switch|p2a: Rhyperior|Rhyperior, L82, F|323/323\n|move|p1a: Terrakion|Stone Edge|p2a: Rhyperior\n|-resisted|p2a: Rhyperior\n|-damage|p2a: Rhyperior|278/323\n|\n|upkeep\n|turn|2\n|\n|t:|1781462021\n|switch|p1a: Keldeo|Keldeo-Resolute, L79|273/273\n|move|p2a: Rhyperior|Dragon Tail|p1a: Keldeo\n|-damage|p1a: Keldeo|220/273\n|drag|p1a: Hoopa|Hoopa, L85|275/275\n|\n|upkeep\n|turn|3\n|\n|t:|1781462045\n|switch|p2a: Grimmsnarl|Grimmsnarl, L83, M|293/293\n|move|p1a: Hoopa|Trick|p2a: Grimmsnarl\n|-activate|p1a: Hoopa|move: Trick|[of] p2a: Grimmsnarl\n|-item|p2a: Grimmsnarl|Choice Scarf|[from] move: Trick\n|-item|p1a: Hoopa|Light Clay|[from] move: Trick\n|\n|upkeep\n|turn|4\n|\n|t:|1781462062\n|switch|p1a: Espeon|Espeon, L84, M|246/246\n|move|p2a: Grimmsnarl|Parting Shot|p1a: Espeon\n|move|p1a: Espeon|Parting Shot|p2a: Grimmsnarl|[from] ability: Magic Bounce\n|-unboost|p2a: Grimmsnarl|atk|1\n|-unboost|p2a: Grimmsnarl|spa|1\n|\n|t:|1781462073\n|switch|p1a: Keldeo|Keldeo-Resolute, L79|220/273|[from] Parting Shot\n|\n|upkeep\n|turn|5\n|\n|t:|1781462080\n|move|p2a: Grimmsnarl|Parting Shot|p1a: Keldeo\n|-unboost|p1a: Keldeo|atk|1\n|-unboost|p1a: Keldeo|spa|1\n|\n|t:|1781462082\n|switch|p2a: Sableye|Sableye, L88, M|231/231|[from] Parting Shot\n|move|p1a: Keldeo|Flip Turn|p2a: Sableye\n|-damage|p2a: Sableye|198/231\n|\n|t:|1781462097\n|switch|p1a: Espeon|Espeon, L84, M|246/246|[from] Flip Turn\n|\n|-heal|p2a: Sableye|212/231|[from] item: Leftovers\n|upkeep\n|turn|6\n|\n|t:|1781462104\n|move|p1a: Espeon|Alluring Voice|p2a: Sableye\n|-supereffective|p2a: Sableye\n|-damage|p2a: Sableye|0 fnt\n|faint|p2a: Sableye\n|-damage|p1a: Espeon|222/246|[from] item: Life Orb\n|\n|upkeep\n|\n|t:|1781462116\n|switch|p2a: Rhyperior|Rhyperior, L82, F|278/323\n|turn|7\n|\n|t:|1781462126\n|switch|p1a: Eelektross|Eelektross, L87, F|290/290\n|move|p2a: Rhyperior|Earthquake|p1a: Eelektross\n|-immune|p1a: Eelektross|[from] ability: Levitate\n|\n|upkeep\n|turn|8\n|\n|t:|1781462134\n|switch|p2a: Grimmsnarl|Grimmsnarl, L83, M|293/293\n|move|p1a: Eelektross|Coil|p1a: Eelektross\n|-boost|p1a: Eelektross|atk|1\n|-boost|p1a: Eelektross|def|1\n|-boost|p1a: Eelektross|accuracy|1\n|\n|upkeep\n|turn|9\n|\n|t:|1781462139\n|move|p2a: Grimmsnarl|Parting Shot|p1a: Eelektross\n|-unboost|p1a: Eelektross|atk|1\n|-unboost|p1a: Eelektross|spa|1\n|\n|t:|1781462142\n|switch|p2a: Rhyperior|Rhyperior, L82, F|278/323|[from] Parting Shot\n|move|p1a: Eelektross|Coil|p1a: Eelektross\n|-boost|p1a: Eelektross|atk|1\n|-boost|p1a: Eelektross|def|1\n|-boost|p1a: Eelektross|accuracy|1\n|\n|upkeep\n|turn|10\n|\n|t:|1781462146\n|move|p1a: Eelektross|Drain Punch|p2a: Rhyperior\n|-supereffective|p2a: Rhyperior\n|-damage|p2a: Rhyperior|178/323\n|move|p2a: Rhyperior|Dragon Tail|p1a: Eelektross\n|-damage|p1a: Eelektross|260/290\n|drag|p1a: Volcanion|Volcanion, L79|256/256\n|\n|upkeep\n|turn|11\n|\n|t:|1781462152\n|switch|p2a: Grimmsnarl|Grimmsnarl, L83, M|293/293\n|move|p1a: Volcanion|Steam Eruption|p2a: Grimmsnarl\n|-damage|p2a: Grimmsnarl|140/293\n|\n|upkeep\n|turn|12\n|\n|t:|1781462159\n|move|p2a: Grimmsnarl|Parting Shot|p1a: Volcanion\n|-unboost|p1a: Volcanion|atk|1\n|-unboost|p1a: Volcanion|spa|1\n|\n|t:|1781462164\n|switch|p2a: Gyarados|Gyarados, L79, M|280/280|[from] Parting Shot\n|-ability|p2a: Gyarados|Intimidate|boost\n|-unboost|p1a: Volcanion|atk|1\n|move|p1a: Volcanion|Haze|p1a: Volcanion\n|-clearallboost\n|\n|upkeep\n|turn|13\n|\n|t:|1781462174\n|switch|p1a: Eelektross|Eelektross, L87, F|260/290\n|move|p2a: Gyarados|Dragon Dance|p2a: Gyarados\n|-boost|p2a: Gyarados|atk|1\n|-boost|p2a: Gyarados|spe|1\n|\n|-heal|p1a: Eelektross|278/290|[from] item: Leftovers\n|upkeep\n|turn|14\n|\n|t:|1781462183\n|-terastallize|p2a: Gyarados|Ground\n|move|p2a: Gyarados|Dragon Dance|p2a: Gyarados\n|-boost|p2a: Gyarados|atk|1\n|-boost|p2a: Gyarados|spe|1\n|move|p1a: Eelektross|Coil|p1a: Eelektross\n|-boost|p1a: Eelektross|atk|1\n|-boost|p1a: Eelektross|def|1\n|-boost|p1a: Eelektross|accuracy|1\n|\n|-heal|p1a: Eelektross|290/290|[from] item: Leftovers\n|upkeep\n|turn|15\n|\n|t:|1781462189\n|move|p2a: Gyarados|Dragon Dance|p2a: Gyarados\n|-boost|p2a: Gyarados|atk|1\n|-boost|p2a: Gyarados|spe|1\n|move|p1a: Eelektross|Drain Punch|p2a: Gyarados\n|-damage|p2a: Gyarados|175/280\n|\n|upkeep\n|turn|16\n|\n|t:|1781462193\n|move|p2a: Gyarados|Waterfall|p1a: Eelektross\n|-damage|p1a: Eelektross|118/290\n|move|p1a: Eelektross|Drain Punch|p2a: Gyarados\n|-damage|p2a: Gyarados|57/280\n|-heal|p1a: Eelektross|177/290|[from] drain|[of] p2a: Gyarados\n|\n|-heal|p1a: Eelektross|195/290|[from] item: Leftovers\n|upkeep\n|turn|17\n|\n|t:|1781462206\n|move|p2a: Gyarados|Stone Edge|p1a: Eelektross\n|-damage|p1a: Eelektross|67/290\n|move|p1a: Eelektross|Drain Punch|p2a: Gyarados\n|-damage|p2a: Gyarados|0 fnt\n|-heal|p1a: Eelektross|96/290|[from] drain|[of] p2a: Gyarados\n|faint|p2a: Gyarados\n|\n|-heal|p1a: Eelektross|114/290|[from] item: Leftovers\n|upkeep\n|\n|t:|1781462212\n|switch|p2a: Gengar|Gengar, L81, M|230/230\n|turn|18\n|\n|t:|1781462219\n|move|p2a: Gengar|Shadow Ball|p1a: Eelektross\n|-damage|p1a: Eelektross|0 fnt\n|faint|p1a: Eelektross\n|-damage|p2a: Gengar|207/230|[from] item: Life Orb\n|\n|upkeep\n|\n|t:|1781462221\n|switch|p1a: Espeon|Espeon, L84, M|222/246\n|turn|19\n|\n|t:|1781462227\n|switch|p2a: Grimmsnarl|Grimmsnarl, L83, M|140/293\n|move|p1a: Espeon|Shadow Ball|p2a: Grimmsnarl\n|-resisted|p2a: Grimmsnarl\n|-damage|p2a: Grimmsnarl|84/293\n|-damage|p1a: Espeon|198/246|[from] item: Life Orb\n|\n|upkeep\n|turn|20\n|\n|t:|1781462233\n|switch|p1a: Keldeo|Keldeo-Resolute, L79|220/273\n|move|p2a: Grimmsnarl|Light Screen|p2a: Grimmsnarl\n|-sidestart|p2: l'ingegnere|move: Light Screen\n|\n|upkeep\n|turn|21\n|\n|t:|1781462238\n|switch|p2a: Gengar|Gengar, L81, M|207/230\n|move|p1a: Keldeo|Flip Turn|p2a: Gengar\n|-damage|p2a: Gengar|147/230\n|\n|t:|1781462252\n|switch|p1a: Terrakion|Terrakion, L79|273/273|[from] Flip Turn\n|\n|upkeep\n|turn|22\n|\n|t:|1781462261\n|switch|p2a: Grimmsnarl|Grimmsnarl, L83, M|84/293\n|move|p1a: Terrakion|Earthquake|p2a: Grimmsnarl\n|-damage|p2a: Grimmsnarl|0 fnt\n|faint|p2a: Grimmsnarl\n|\n|upkeep\n|\n|t:|1781462271\n|switch|p2a: Rhyperior|Rhyperior, L82, F|178/323\n|turn|23\n|\n|t:|1781462276\n|switch|p1a: Hoopa|Hoopa, L85|275/275\n|move|p2a: Rhyperior|Earthquake|p1a: Hoopa\n|-damage|p1a: Hoopa|104/275\n|\n|upkeep\n|turn|24\n|\n|t:|1781462289\n|move|p1a: Hoopa|Psychic|p2a: Rhyperior\n|-damage|p2a: Rhyperior|112/323\n|move|p2a: Rhyperior|Earthquake|p1a: Hoopa\n|-damage|p1a: Hoopa|0 fnt\n|faint|p1a: Hoopa\n|\n|-sideend|p2: l'ingegnere|move: Light Screen\n|upkeep\n|\n|t:|1781462295\n|switch|p1a: Espeon|Espeon, L84, M|198/246\n|turn|25\n|\n|t:|1781462300\n|move|p1a: Espeon|Psychic|p2a: Rhyperior\n|-damage|p2a: Rhyperior|0 fnt\n|faint|p2a: Rhyperior\n|-damage|p1a: Espeon|174/246|[from] item: Life Orb\n|\n|upkeep\n|-message|l'ingegnere forfeited.\n|\n|win|Copernicusthe54th\n", "uploadtime": 1781461998, "views": 3, "formatid": "gen9randombattle", "rating": null, "private": 0, "password": null}