{"id": "gen9randombattle-2631899569", "format": "[Gen 9] Random Battle", "players": ["fart's cologne", "rissoz"], "log": "|j|\u2606fart's cologne\n|j|\u2606rissoz\n|t:|1781453500\n|gametype|singles\n|player|p1|fart's cologne|266|2053\n|player|p2|rissoz|101|2060\n|gen|9\n|tier|[Gen 9] Random Battle\n|rated|\n|rule|Species Clause: Limit one of each Pok\u00e9mon\n|rule|HP Percentage Mod: HP is shown in percentages\n|rule|Sleep Clause Mod: Limit one foe put to sleep\n|rule|Illusion Level Mod: Illusion disguises the Pok\u00e9mon's true level\n|\n|t:|1781453500\n|teamsize|p1|6\n|teamsize|p2|6\n|start\n|switch|p1a: Grumpig|Grumpig, L92, M|297/297\n|switch|p2a: Floatzel|Floatzel, L86, M|286/286\n|turn|1\n|\n|t:|1781453515\n|move|p2a: Floatzel|Flip Turn|p1a: Grumpig\n|-damage|p1a: Grumpig|171/297\n|\n|t:|1781453517\n|switch|p2a: Tyranitar|Tyranitar, L78, M|284/284|[from] Flip Turn\n|-weather|Sandstorm|[from] ability: Sand Stream|[of] p2a: Tyranitar\n|move|p1a: Grumpig|Nasty Plot|p1a: Grumpig\n|-boost|p1a: Grumpig|spa|2\n|\n|-weather|Sandstorm|[upkeep]\n|-damage|p1a: Grumpig|153/297|[from] Sandstorm\n|-heal|p1a: Grumpig|171/297|[from] item: Leftovers\n|upkeep\n|turn|2\n|\n|t:|1781453544\n|switch|p2a: Articuno|Articuno-Galar, L84|288/288\n|move|p1a: Grumpig|Focus Blast|p2a: Articuno\n|-resisted|p2a: Articuno\n|-damage|p2a: Articuno|246/288\n|-unboost|p2a: Articuno|spd|1\n|-ability|p2a: Articuno|Competitive|boost\n|-boost|p2a: Articuno|spa|2\n|\n|-weather|Sandstorm|[upkeep]\n|-damage|p2a: Articuno|228/288|[from] Sandstorm\n|-damage|p1a: Grumpig|153/297|[from] Sandstorm\n|-heal|p1a: Grumpig|171/297|[from] item: Leftovers\n|upkeep\n|turn|3\n|\n|t:|1781453557\n|move|p2a: Articuno|Hurricane|p1a: Grumpig|[miss]\n|-miss|p2a: Articuno|p1a: Grumpig\n|move|p1a: Grumpig|Shadow Ball|p2a: Articuno\n|-supereffective|p2a: Articuno\n|-damage|p2a: Articuno|0 fnt\n|faint|p2a: Articuno\n|\n|-weather|Sandstorm|[upkeep]\n|-damage|p1a: Grumpig|153/297|[from] Sandstorm\n|-heal|p1a: Grumpig|171/297|[from] item: Leftovers\n|upkeep\n|\n|t:|1781453572\n|switch|p2a: Tinkaton|Tinkaton, L82, F|274/274\n|-ability|p2a: Tinkaton|Mold Breaker\n|turn|4\n|\n|t:|1781453579\n|move|p2a: Tinkaton|Knock Off|p1a: Grumpig\n|-supereffective|p1a: Grumpig\n|-damage|p1a: Grumpig|51/297\n|-enditem|p1a: Grumpig|Leftovers|[from] move: Knock Off|[of] p2a: Tinkaton\n|move|p1a: Grumpig|Shadow Ball|p2a: Tinkaton\n|-damage|p2a: Tinkaton|155/274\n|-unboost|p2a: Tinkaton|spd|1\n|\n|-weather|Sandstorm|[upkeep]\n|-damage|p1a: Grumpig|33/297|[from] Sandstorm\n|-heal|p2a: Tinkaton|172/274|[from] item: Leftovers\n|upkeep\n|turn|5\n|\n|t:|1781453592\n|move|p2a: Tinkaton|Knock Off|p1a: Grumpig\n|-supereffective|p1a: Grumpig\n|-damage|p1a: Grumpig|0 fnt\n|faint|p1a: Grumpig\n|\n|-weather|none\n|-heal|p2a: Tinkaton|189/274|[from] item: Leftovers\n|upkeep\n|inactive|Battle timer is ON: inactive players will automatically lose when time's up. (requested by rissoz)\n|\n|t:|1781453608\n|switch|p1a: Quagsire|Quagsire, L84, F|297/297\n|turn|6\n|\n|t:|1781453619\n|switch|p2a: Chesnaught|Chesnaught, L84, F|285/285\n|move|p1a: Quagsire|Earthquake|p2a: Chesnaught\n|-resisted|p2a: Chesnaught\n|-damage|p2a: Chesnaught|252/285\n|\n|-heal|p2a: Chesnaught|269/285|[from] item: Leftovers\n|upkeep\n|turn|7\n|inactive|fart's cologne has 120 seconds left.\n|\n|t:|1781453663\n|switch|p1a: Toxtricity|Toxtricity, L82, F|257/257\n|move|p2a: Chesnaught|Trailblaze|p1a: Toxtricity\n|-resisted|p1a: Toxtricity\n|-damage|p1a: Toxtricity|221/257\n|-boost|p2a: Chesnaught|spe|1\n|\n|-heal|p2a: Chesnaught|285/285|[from] item: Leftovers\n|upkeep\n|turn|8\n|\n|t:|1781453681\n|switch|p2a: Tyranitar|Tyranitar, L78, M|284/284\n|-weather|Sandstorm|[from] ability: Sand Stream|[of] p2a: Tyranitar\n|move|p1a: Toxtricity|Volt Switch|p2a: Tyranitar\n|-damage|p2a: Tyranitar|232/284\n|\n|t:|1781453698\n|switch|p1a: Kommo-o|Kommo-o, L78, M|245/245|[from] Volt Switch\n|\n|-weather|Sandstorm|[upkeep]\n|-damage|p1a: Kommo-o|230/245|[from] Sandstorm\n|upkeep\n|turn|9\n|\n|t:|1781453714\n|switch|p2a: Chesnaught|Chesnaught, L84, F|285/285\n|move|p1a: Kommo-o|Clangorous Soul|p1a: Kommo-o\n|-boost|p1a: Kommo-o|atk|1\n|-boost|p1a: Kommo-o|def|1\n|-boost|p1a: Kommo-o|spa|1\n|-boost|p1a: Kommo-o|spd|1\n|-boost|p1a: Kommo-o|spe|1\n|-damage|p1a: Kommo-o|150/245\n|-enditem|p1a: Kommo-o|Throat Spray\n|-boost|p1a: Kommo-o|spa|1|[from] item: Throat Spray\n|\n|-weather|Sandstorm|[upkeep]\n|-damage|p1a: Kommo-o|135/245|[from] Sandstorm\n|-damage|p2a: Chesnaught|268/285|[from] Sandstorm\n|-heal|p2a: Chesnaught|285/285|[from] item: Leftovers\n|upkeep\n|turn|10\n|inactive|fart's cologne has 90 seconds left.\n|inactive|rissoz has 120 seconds left.\n|\n|t:|1781453738\n|move|p1a: Kommo-o|Clanging Scales|p2a: Chesnaught\n|-damage|p2a: Chesnaught|42/285\n|-unboost|p1a: Kommo-o|def|1\n|move|p2a: Chesnaught|Iron Defense|p2a: Chesnaught\n|-boost|p2a: Chesnaught|def|2\n|\n|-weather|Sandstorm|[upkeep]\n|-damage|p1a: Kommo-o|120/245|[from] Sandstorm\n|-damage|p2a: Chesnaught|25/285|[from] Sandstorm\n|-heal|p2a: Chesnaught|42/285|[from] item: Leftovers\n|upkeep\n|turn|11\n|inactive|fart's cologne has 90 seconds left.\n|\n|t:|1781453756\n|move|p1a: Kommo-o|Clanging Scales|p2a: Chesnaught\n|-damage|p2a: Chesnaught|0 fnt\n|faint|p2a: Chesnaught\n|-unboost|p1a: Kommo-o|def|1\n|\n|-weather|Sandstorm|[upkeep]\n|-damage|p1a: Kommo-o|105/245|[from] Sandstorm\n|upkeep\n|\n|t:|1781453761\n|switch|p2a: Rotom|Rotom-Heat, L83|219/219\n|turn|12\n|inactive|fart's cologne has 90 seconds left.\n|\n|t:|1781453773\n|move|p1a: Kommo-o|Clanging Scales|p2a: Rotom\n|-damage|p2a: Rotom|26/219\n|-unboost|p1a: Kommo-o|def|1\n|move|p2a: Rotom|Thunderbolt|p1a: Kommo-o\n|-resisted|p1a: Kommo-o\n|-damage|p1a: Kommo-o|73/245\n|-status|p1a: Kommo-o|par\n|\n|-weather|none\n|upkeep\n|turn|13\n|inactive|fart's cologne has 90 seconds left.\n|\n|t:|1781453794\n|move|p2a: Rotom|Overheat|p1a: Kommo-o\n|-resisted|p1a: Kommo-o\n|-crit|p1a: Kommo-o\n|-damage|p1a: Kommo-o|0 fnt\n|-unboost|p2a: Rotom|spa|2\n|faint|p1a: Kommo-o\n|\n|upkeep\n|\n|t:|1781453823\n|switch|p1a: Dialga|Dialga, L73|266/266\n|-ability|p1a: Dialga|Pressure\n|turn|14\n|\n|t:|1781453832\n|move|p2a: Rotom|Pain Split|p1a: Dialga\n|-sethp|p1a: Dialga|146/266|[from] move: Pain Split|[silent]\n|-sethp|p2a: Rotom|146/219|[from] move: Pain Split\n|move|p1a: Dialga|Fire Blast|p2a: Rotom|[miss]\n|-miss|p1a: Dialga|p2a: Rotom\n|\n|upkeep\n|turn|15\n|\n|t:|1781453849\n|move|p2a: Rotom|Volt Switch|p1a: Dialga\n|-resisted|p1a: Dialga\n|-damage|p1a: Dialga|131/266\n|\n|t:|1781453854\n|switch|p2a: Floatzel|Floatzel, L86, M|286/286|[from] Volt Switch\n|move|p1a: Dialga|Dragon Tail|p2a: Floatzel\n|-damage|p2a: Floatzel|207/286\n|drag|p2a: Tyranitar|Tyranitar, L78, M|232/284\n|-weather|Sandstorm|[from] ability: Sand Stream|[of] p2a: Tyranitar\n|\n|-weather|Sandstorm|[upkeep]\n|upkeep\n|turn|16\n|\n|t:|1781453880\n|switch|p1a: Quagsire|Quagsire, L84, F|297/297\n|switch|p2a: Tinkaton|Tinkaton, L82, F|189/274\n|-ability|p2a: Tinkaton|Mold Breaker\n|\n|-weather|Sandstorm|[upkeep]\n|-heal|p2a: Tinkaton|206/274|[from] item: Leftovers\n|upkeep\n|turn|17\n|\n|t:|1781453897\n|move|p2a: Tinkaton|Knock Off|p1a: Quagsire\n|-damage|p1a: Quagsire|244/297\n|-enditem|p1a: Quagsire|Leftovers|[from] move: Knock Off|[of] p2a: Tinkaton\n|move|p1a: Quagsire|Earthquake|p2a: Tinkaton\n|-supereffective|p2a: Tinkaton\n|-damage|p2a: Tinkaton|0 fnt\n|faint|p2a: Tinkaton\n|\n|-weather|Sandstorm|[upkeep]\n|upkeep\n|\n|t:|1781453901\n|switch|p2a: Floatzel|Floatzel, L86, M|207/286\n|turn|18\n|\n|t:|1781453910\n|-terastallize|p2a: Floatzel|Water\n|move|p2a: Floatzel|Wave Crash|p1a: Quagsire\n|-damage|p1a: Quagsire|0 fnt\n|faint|p1a: Quagsire\n|-damage|p2a: Floatzel|126/286|[from] Recoil\n|\n|-weather|Sandstorm|[upkeep]\n|-damage|p2a: Floatzel|109/286|[from] Sandstorm\n|upkeep\n|\n|t:|1781453925\n|switch|p1a: Dialga|Dialga, L73|131/266\n|-ability|p1a: Dialga|Pressure\n|turn|19\n|\n|t:|1781453936\n|move|p2a: Floatzel|Wave Crash|p1a: Dialga\n|-resisted|p1a: Dialga\n|-damage|p1a: Dialga|3/266\n|-damage|p2a: Floatzel|67/286|[from] Recoil\n|move|p1a: Dialga|Draco Meteor|p2a: Floatzel|[miss]\n|-miss|p1a: Dialga|p2a: Floatzel\n|\n|-weather|none\n|upkeep\n|turn|20\n|\n|t:|1781453951\n|move|p2a: Floatzel|Wave Crash|p1a: Dialga\n|-resisted|p1a: Dialga\n|-damage|p1a: Dialga|0 fnt\n|faint|p1a: Dialga\n|-damage|p2a: Floatzel|66/286|[from] Recoil\n|\n|upkeep\n|\n|t:|1781453962\n|switch|p1a: Orthworm|Orthworm, L88, M|266/266\n|turn|21\n|\n|t:|1781453967\n|move|p2a: Floatzel|Wave Crash|p1a: Orthworm\n|-damage|p1a: Orthworm|90/266\n|-damage|p2a: Floatzel|8/286|[from] Recoil\n|move|p1a: Orthworm|Body Press|p2a: Floatzel\n|-damage|p2a: Floatzel|0 fnt\n|faint|p2a: Floatzel\n|\n|-heal|p1a: Orthworm|106/266|[from] item: Leftovers\n|upkeep\n|\n|t:|1781453971\n|switch|p2a: Rotom|Rotom-Heat, L83|146/219\n|turn|22\n|\n|t:|1781453984\n|switch|p1a: Toxtricity|Toxtricity, L82, F|221/257\n|move|p2a: Rotom|Overheat|p1a: Toxtricity\n|-damage|p1a: Toxtricity|37/257\n|-unboost|p2a: Rotom|spa|2\n|\n|upkeep\n|turn|23\n|\n|t:|1781453995\n|move|p2a: Rotom|Volt Switch|p1a: Toxtricity\n|-resisted|p1a: Toxtricity\n|-damage|p1a: Toxtricity|15/257\n|\n|t:|1781453998\n|switch|p2a: Tyranitar|Tyranitar, L78, M|232/284|[from] Volt Switch\n|-weather|Sandstorm|[from] ability: Sand Stream|[of] p2a: Tyranitar\n|move|p1a: Toxtricity|Boomburst|p2a: Tyranitar\n|-resisted|p2a: Tyranitar\n|-damage|p2a: Tyranitar|189/284\n|\n|-weather|Sandstorm|[upkeep]\n|-damage|p1a: Toxtricity|0 fnt|[from] Sandstorm\n|faint|p1a: Toxtricity\n|upkeep\n|\n|t:|1781454010\n|switch|p1a: Orthworm|Orthworm, L88, M|106/266\n|turn|24\n|\n|t:|1781454022\n|move|p1a: Orthworm|Body Press|p2a: Tyranitar\n|-supereffective|p2a: Tyranitar\n|-damage|p2a: Tyranitar|0 fnt\n|faint|p2a: Tyranitar\n|\n|-weather|Sandstorm|[upkeep]\n|-heal|p1a: Orthworm|122/266|[from] item: Leftovers\n|upkeep\n|\n|t:|1781454025\n|switch|p2a: Rotom|Rotom-Heat, L83|146/219\n|turn|25\n|\n|t:|1781454040\n|-terastallize|p1a: Orthworm|Poison\n|move|p2a: Rotom|Overheat|p1a: Orthworm\n|-damage|p1a: Orthworm|0 fnt\n|-unboost|p2a: Rotom|spa|2\n|faint|p1a: Orthworm\n|\n|win|rissoz\n", "uploadtime": 1781453502, "views": 3, "formatid": "gen9randombattle", "rating": null, "private": 0, "password": null}