{"id": "gen9randombattle-2631972717", "format": "[Gen 9] Random Battle", "players": ["Saaskin", "OverthereStair"], "log": "|j|\u2606Saaskin\n|j|\u2606OverthereStair\n|t:|1781461488\n|gametype|singles\n|player|p1|Saaskin|169|2015\n|player|p2|OverthereStair|hilda|2002\n|gen|9\n|tier|[Gen 9] Random Battle\n|rated|\n|rule|Species Clause: Limit one of each Pok\u00e9mon\n|rule|HP Percentage Mod: HP is shown in percentages\n|rule|Sleep Clause Mod: Limit one foe put to sleep\n|rule|Illusion Level Mod: Illusion disguises the Pok\u00e9mon's true level\n|\n|t:|1781461488\n|teamsize|p1|6\n|teamsize|p2|6\n|start\n|switch|p1a: Spidops|Spidops, L96, M|271/271\n|switch|p2a: Blissey|Blissey, L85, F|572/572\n|turn|1\n|inactive|Battle timer is ON: inactive players will automatically lose when time's up. (requested by Saaskin)\n|\n|t:|1781461512\n|move|p2a: Blissey|Stealth Rock|p1a: Spidops\n|-sidestart|p1: Saaskin|move: Stealth Rock\n|move|p1a: Spidops|Sticky Web|p2a: Blissey\n|-sidestart|p2: OverthereStair|move: Sticky Web\n|\n|upkeep\n|turn|2\n|\n|t:|1781461519\n|switch|p2a: Pincurchin|Pincurchin, F|258/258\n|-activate|p2a: Pincurchin|move: Sticky Web\n|-unboost|p2a: Pincurchin|spe|1\n|-fieldstart|move: Electric Terrain|[from] ability: Electric Surge|[of] p2a: Pincurchin\n|move|p1a: Spidops|U-turn|p2a: Pincurchin\n|-damage|p2a: Pincurchin|117/258\n|\n|t:|1781461528\n|switch|p1a: Sandy Shocks|Sandy Shocks, L80|267/267|[from] U-turn\n|-damage|p1a: Sandy Shocks|251/267|[from] Stealth Rock\n|\n|-heal|p1a: Sandy Shocks|267/267|[from] item: Leftovers\n|-heal|p2a: Pincurchin|133/258|[from] item: Leftovers\n|upkeep\n|turn|3\n|\n|t:|1781461541\n|switch|p2a: Blissey|Blissey, L85, F|572/572\n|-activate|p2a: Blissey|move: Sticky Web\n|-unboost|p2a: Blissey|spe|1\n|move|p1a: Sandy Shocks|Stealth Rock|p2a: Blissey\n|-sidestart|p2: OverthereStair|move: Stealth Rock\n|\n|upkeep\n|turn|4\n|\n|t:|1781461546\n|-end|p1a: Sandy Shocks|Protosynthesis|[silent]\n|switch|p1a: Luxray|Luxray, L88, M|283/283\n|-damage|p1a: Luxray|248/283|[from] Stealth Rock\n|move|p2a: Blissey|Seismic Toss|p1a: Luxray\n|-damage|p1a: Luxray|163/283\n|\n|-status|p1a: Luxray|brn|[from] item: Flame Orb\n|upkeep\n|turn|5\n|\n|t:|1781461552\n|switch|p2a: Overqwil|Overqwil, L82, F|274/274\n|-activate|p2a: Overqwil|move: Sticky Web\n|-unboost|p2a: Overqwil|spe|1\n|-damage|p2a: Overqwil|240/274|[from] Stealth Rock\n|-ability|p2a: Overqwil|Intimidate|boost\n|-unboost|p1a: Luxray|atk|1\n|move|p1a: Luxray|Trailblaze|p2a: Overqwil\n|-resisted|p2a: Overqwil\n|-damage|p2a: Overqwil|218/274\n|-boost|p1a: Luxray|spe|1\n|\n|-damage|p1a: Luxray|146/283 brn|[from] brn\n|upkeep\n|turn|6\n|\n|t:|1781461559\n|move|p1a: Luxray|Supercell Slam|p2a: Overqwil\n|-damage|p2a: Overqwil|50/274\n|move|p2a: Overqwil|Gunk Shot|p1a: Luxray|[miss]\n|-miss|p2a: Overqwil|p1a: Luxray\n|\n|-damage|p1a: Luxray|129/283 brn|[from] brn\n|-fieldend|move: Electric Terrain\n|upkeep\n|turn|7\n|\n|t:|1781461563\n|move|p1a: Luxray|Facade|p2a: Overqwil\n|-damage|p2a: Overqwil|0 fnt\n|faint|p2a: Overqwil\n|\n|-damage|p1a: Luxray|112/283 brn|[from] brn\n|upkeep\n|\n|t:|1781461567\n|switch|p2a: Delphox|Delphox, L84, M|263/263\n|turn|8\n|\n|t:|1781461571\n|move|p1a: Luxray|Supercell Slam|p2a: Delphox\n|-damage|p2a: Delphox|92/263\n|move|p2a: Delphox|Fire Blast|p1a: Luxray\n|-damage|p1a: Luxray|0 fnt\n|faint|p1a: Luxray\n|\n|upkeep\n|\n|t:|1781461583\n|switch|p1a: Sandy Shocks|Sandy Shocks, L80|267/267\n|-damage|p1a: Sandy Shocks|251/267|[from] Stealth Rock\n|turn|9\n|\n|t:|1781461589\n|switch|p2a: Blissey|Blissey, L85, F|572/572\n|-activate|p2a: Blissey|move: Sticky Web\n|-unboost|p2a: Blissey|spe|1\n|-damage|p2a: Blissey|501/572|[from] Stealth Rock\n|move|p1a: Sandy Shocks|Earth Power|p2a: Blissey\n|-damage|p2a: Blissey|422/572\n|\n|-heal|p1a: Sandy Shocks|267/267|[from] item: Leftovers\n|-heal|p2a: Blissey|457/572|[from] item: Leftovers\n|upkeep\n|turn|10\n|\n|t:|1781461599\n|move|p1a: Sandy Shocks|Thunder Wave|p2a: Blissey\n|-status|p2a: Blissey|par\n|move|p2a: Blissey|Thunder Wave|p1a: Sandy Shocks\n|-immune|p1a: Sandy Shocks\n|\n|-heal|p2a: Blissey|492/572 par|[from] item: Leftovers\n|upkeep\n|turn|11\n|\n|t:|1781461606\n|-end|p1a: Sandy Shocks|Protosynthesis|[silent]\n|switch|p1a: Spidops|Spidops, L96, M|271/271\n|move|p2a: Blissey|Thunder Wave|p1a: Spidops\n|-status|p1a: Spidops|par\n|\n|-heal|p2a: Blissey|527/572 par|[from] item: Leftovers\n|upkeep\n|turn|12\n|\n|t:|1781461613\n|move|p2a: Blissey|Seismic Toss|p1a: Spidops\n|-damage|p1a: Spidops|186/271 par\n|move|p1a: Spidops|Circle Throw|p2a: Blissey\n|-supereffective|p2a: Blissey\n|-damage|p2a: Blissey|235/572 par\n|-curestatus|p2a: Blissey|par|[from] ability: Natural Cure|[silent]\n|drag|p2a: Delphox|Delphox, L84, M|92/263\n|\n|upkeep\n|turn|13\n|\n|t:|1781461623\n|move|p2a: Delphox|Fire Blast|p1a: Spidops\n|-supereffective|p1a: Spidops\n|-damage|p1a: Spidops|0 fnt\n|faint|p1a: Spidops\n|\n|upkeep\n|\n|t:|1781461630\n|switch|p1a: Sandy Shocks|Sandy Shocks, L80|267/267\n|-damage|p1a: Sandy Shocks|251/267|[from] Stealth Rock\n|turn|14\n|\n|t:|1781461634\n|switch|p2a: Meloetta|Meloetta, L82|298/298\n|-activate|p2a: Meloetta|move: Sticky Web\n|-unboost|p2a: Meloetta|spe|1\n|-damage|p2a: Meloetta|261/298|[from] Stealth Rock\n|-end|p1a: Sandy Shocks|Protosynthesis|[silent]\n|switch|p1a: Lurantis|Lurantis, L87, F|264/264\n|-damage|p1a: Lurantis|231/264|[from] Stealth Rock\n|\n|-heal|p1a: Lurantis|247/264|[from] item: Leftovers\n|upkeep\n|turn|15\n|\n|t:|1781461640\n|move|p2a: Meloetta|Relic Song|p1a: Lurantis\n|-damage|p1a: Lurantis|129/264\n|-formechange|p2a: Meloetta|Meloetta-Pirouette|[msg]\n|-damage|p2a: Meloetta|232/298|[from] item: Life Orb\n|move|p1a: Lurantis|Superpower|p2a: Meloetta\n|-supereffective|p2a: Meloetta\n|-damage|p2a: Meloetta|56/298\n|-boost|p1a: Lurantis|atk|1\n|-boost|p1a: Lurantis|def|1\n|\n|-heal|p1a: Lurantis|145/264|[from] item: Leftovers\n|upkeep\n|turn|16\n|\n|t:|1781461647\n|move|p2a: Meloetta|Triple Axel|p1a: Lurantis\n|-supereffective|p1a: Lurantis\n|-damage|p1a: Lurantis|116/264\n|-supereffective|p1a: Lurantis\n|-damage|p1a: Lurantis|54/264\n|-supereffective|p1a: Lurantis\n|-damage|p1a: Lurantis|0 fnt\n|faint|p1a: Lurantis\n|-hitcount|p1: Lurantis|3\n|-damage|p2a: Meloetta|27/298|[from] item: Life Orb\n|\n|upkeep\n|\n|t:|1781461657\n|switch|p1a: Sandy Shocks|Sandy Shocks, L80|251/267\n|-damage|p1a: Sandy Shocks|235/267|[from] Stealth Rock\n|turn|17\n|\n|t:|1781461660\n|move|p1a: Sandy Shocks|Thunderbolt|p2a: Meloetta\n|-damage|p2a: Meloetta|0 fnt\n|faint|p2a: Meloetta\n|\n|-heal|p1a: Sandy Shocks|251/267|[from] item: Leftovers\n|upkeep\n|\n|t:|1781461662\n|switch|p2a: Blissey|Blissey, L85, F|235/572\n|-activate|p2a: Blissey|move: Sticky Web\n|-unboost|p2a: Blissey|spe|1\n|-damage|p2a: Blissey|164/572|[from] Stealth Rock\n|turn|18\n|\n|t:|1781461665\n|move|p1a: Sandy Shocks|Thunder Wave|p2a: Blissey\n|-status|p2a: Blissey|par\n|move|p2a: Blissey|Soft-Boiled|p2a: Blissey\n|-heal|p2a: Blissey|450/572 par\n|\n|-heal|p1a: Sandy Shocks|267/267|[from] item: Leftovers\n|-heal|p2a: Blissey|485/572 par|[from] item: Leftovers\n|upkeep\n|turn|19\n|\n|t:|1781461669\n|move|p1a: Sandy Shocks|Thunderbolt|p2a: Blissey\n|-damage|p2a: Blissey|412/572 par\n|move|p2a: Blissey|Thunder Wave|p1a: Sandy Shocks\n|-immune|p1a: Sandy Shocks\n|\n|-heal|p2a: Blissey|447/572 par|[from] item: Leftovers\n|upkeep\n|turn|20\n|\n|t:|1781461671\n|move|p1a: Sandy Shocks|Thunderbolt|p2a: Blissey\n|-damage|p2a: Blissey|377/572 par\n|move|p2a: Blissey|Seismic Toss|p1a: Sandy Shocks\n|-damage|p1a: Sandy Shocks|182/267\n|\n|-heal|p1a: Sandy Shocks|198/267|[from] item: Leftovers\n|-heal|p2a: Blissey|412/572 par|[from] item: Leftovers\n|upkeep\n|turn|21\n|\n|t:|1781461674\n|move|p1a: Sandy Shocks|Thunderbolt|p2a: Blissey\n|-damage|p2a: Blissey|343/572 par\n|move|p2a: Blissey|Soft-Boiled|p2a: Blissey\n|-heal|p2a: Blissey|572/572 par\n|\n|-heal|p1a: Sandy Shocks|214/267|[from] item: Leftovers\n|upkeep\n|turn|22\n|\n|t:|1781461677\n|move|p1a: Sandy Shocks|Earth Power|p2a: Blissey\n|-damage|p2a: Blissey|496/572 par\n|move|p2a: Blissey|Seismic Toss|p1a: Sandy Shocks\n|-damage|p1a: Sandy Shocks|129/267\n|\n|-heal|p1a: Sandy Shocks|145/267|[from] item: Leftovers\n|-heal|p2a: Blissey|531/572 par|[from] item: Leftovers\n|upkeep\n|turn|23\n|\n|t:|1781461679\n|move|p1a: Sandy Shocks|Earth Power|p2a: Blissey\n|-damage|p2a: Blissey|461/572 par\n|cant|p2a: Blissey|par\n|\n|-heal|p1a: Sandy Shocks|161/267|[from] item: Leftovers\n|-heal|p2a: Blissey|496/572 par|[from] item: Leftovers\n|upkeep\n|turn|24\n|\n|t:|1781461682\n|move|p1a: Sandy Shocks|Earth Power|p2a: Blissey\n|-damage|p2a: Blissey|429/572 par\n|move|p2a: Blissey|Seismic Toss|p1a: Sandy Shocks\n|-damage|p1a: Sandy Shocks|76/267\n|\n|-heal|p1a: Sandy Shocks|92/267|[from] item: Leftovers\n|-heal|p2a: Blissey|464/572 par|[from] item: Leftovers\n|upkeep\n|turn|25\n|\n|t:|1781461684\n|move|p1a: Sandy Shocks|Earth Power|p2a: Blissey\n|-damage|p2a: Blissey|391/572 par\n|move|p2a: Blissey|Seismic Toss|p1a: Sandy Shocks\n|-damage|p1a: Sandy Shocks|7/267\n|\n|-heal|p1a: Sandy Shocks|23/267|[from] item: Leftovers\n|-heal|p2a: Blissey|426/572 par|[from] item: Leftovers\n|upkeep\n|turn|26\n|\n|t:|1781461686\n|move|p1a: Sandy Shocks|Earth Power|p2a: Blissey\n|-damage|p2a: Blissey|351/572 par\n|move|p2a: Blissey|Soft-Boiled|p2a: Blissey\n|-heal|p2a: Blissey|572/572 par\n|\n|-heal|p1a: Sandy Shocks|39/267|[from] item: Leftovers\n|upkeep\n|turn|27\n|\n|t:|1781461689\n|move|p1a: Sandy Shocks|Earth Power|p2a: Blissey\n|-damage|p2a: Blissey|494/572 par\n|move|p2a: Blissey|Seismic Toss|p1a: Sandy Shocks\n|-damage|p1a: Sandy Shocks|0 fnt\n|faint|p1a: Sandy Shocks\n|-end|p1a: Sandy Shocks|Protosynthesis|[silent]\n|\n|-heal|p2a: Blissey|529/572 par|[from] item: Leftovers\n|upkeep\n|-message|Saaskin forfeited.\n|\n|win|OverthereStair\n|raw|Saaskin's rating: 2015 &rarr; <strong>1994</strong><br />(-21 for losing)\n|raw|OverthereStair's rating: 2002 &rarr; <strong>2023</strong><br />(+21 for winning)\n", "uploadtime": 1781461490, "views": 6, "formatid": "gen9randombattle", "rating": 1994, "private": 0, "password": null}