{"id": "gen9randombattle-2631865960", "format": "[Gen 9] Random Battle", "players": ["bimiuchiratnhieu", "Reulsen"], "log": "|j|\u2606bimiuchiratnhieu\n|j|\u2606Reulsen\n|t:|1781449794\n|gametype|singles\n|player|p1|bimiuchiratnhieu|hilda|1992\n|player|p2|Reulsen|red|1971\n|gen|9\n|tier|[Gen 9] Random Battle\n|rated|\n|rule|Species Clause: Limit one of each Pok\u00e9mon\n|rule|HP Percentage Mod: HP is shown in percentages\n|rule|Sleep Clause Mod: Limit one foe put to sleep\n|rule|Illusion Level Mod: Illusion disguises the Pok\u00e9mon's true level\n|\n|t:|1781449794\n|teamsize|p1|6\n|teamsize|p2|6\n|start\n|switch|p1a: Wugtrio|Wugtrio, L91, F|212/212\n|switch|p2a: Lycanroc|Lycanroc-Midnight, L89, M|296/296\n|turn|1\n|inactive|Battle timer is ON: inactive players will automatically lose when time's up. (requested by bimiuchiratnhieu)\n|\n|t:|1781449809\n|switch|p2a: Lanturn|Lanturn, L89, M|367/367\n|move|p1a: Wugtrio|Liquidation|p2a: Lanturn\n|-resisted|p2a: Lanturn\n|-damage|p2a: Lanturn|264/367\n|\n|upkeep\n|turn|2\n|\n|t:|1781449830\n|switch|p1a: Flapple|Flapple, L88, F|266/266\n|move|p2a: Lanturn|Scald|p1a: Flapple\n|-resisted|p1a: Flapple\n|-damage|p1a: Flapple|244/266\n|\n|upkeep\n|turn|3\n|\n|t:|1781449844\n|switch|p2a: Luxray|Luxray, L88, F|284/284\n|-ability|p2a: Luxray|Intimidate|boost\n|-unboost|p1a: Flapple|atk|1\n|move|p1a: Flapple|Dragon Dance|p1a: Flapple\n|-boost|p1a: Flapple|atk|1\n|-boost|p1a: Flapple|spe|1\n|\n|upkeep\n|turn|4\n|\n|t:|1781449853\n|-terastallize|p1a: Flapple|Fire\n|move|p1a: Flapple|Dragon Dance|p1a: Flapple\n|-boost|p1a: Flapple|atk|1\n|-boost|p1a: Flapple|spe|1\n|move|p2a: Luxray|Play Rough|p1a: Flapple\n|-resisted|p1a: Flapple\n|-damage|p1a: Flapple|202/266\n|-unboost|p1a: Flapple|atk|1\n|\n|upkeep\n|turn|5\n|\n|t:|1781449878\n|move|p1a: Flapple|Grav Apple|p2a: Luxray\n|-damage|p2a: Luxray|137/284\n|-unboost|p2a: Luxray|def|1\n|move|p2a: Luxray|Wild Charge|p1a: Flapple\n|-damage|p1a: Flapple|69/266\n|-damage|p2a: Luxray|104/284|[from] Recoil\n|\n|upkeep\n|turn|6\n|inactive|bimiuchiratnhieu has 120 seconds left.\n|\n|t:|1781449904\n|move|p1a: Flapple|Grav Apple|p2a: Luxray|[miss]\n|-miss|p1a: Flapple|p2a: Luxray\n|move|p2a: Luxray|Wild Charge|p1a: Flapple\n|-crit|p1a: Flapple\n|-damage|p1a: Flapple|0 fnt\n|faint|p1a: Flapple\n|-damage|p2a: Luxray|87/284|[from] Recoil\n|\n|upkeep\n|\n|t:|1781449909\n|switch|p1a: Wugtrio|Wugtrio, L91, F|212/212\n|turn|7\n|\n|t:|1781449919\n|switch|p2a: Braviary|Braviary-Hisui, L85, M|326/326\n|move|p1a: Wugtrio|Liquidation|p2a: Braviary\n|-damage|p2a: Braviary|143/326\n|\n|upkeep\n|turn|8\n|\n|t:|1781449927\n|switch|p2a: Lanturn|Lanturn, L89, M|264/367\n|move|p1a: Wugtrio|Liquidation|p2a: Lanturn\n|-resisted|p2a: Lanturn\n|-damage|p2a: Lanturn|153/367\n|-unboost|p2a: Lanturn|def|1\n|\n|upkeep\n|turn|9\n|\n|t:|1781449935\n|move|p1a: Wugtrio|Liquidation|p2a: Lanturn\n|-resisted|p2a: Lanturn\n|-damage|p2a: Lanturn|6/367\n|move|p2a: Lanturn|Thunderbolt|p1a: Wugtrio\n|-supereffective|p1a: Wugtrio\n|-damage|p1a: Wugtrio|14/212\n|-status|p1a: Wugtrio|par\n|\n|upkeep\n|turn|10\n|\n|t:|1781449943\n|move|p2a: Lanturn|Thunderbolt|p1a: Wugtrio\n|-supereffective|p1a: Wugtrio\n|-damage|p1a: Wugtrio|0 fnt\n|faint|p1a: Wugtrio\n|\n|upkeep\n|\n|t:|1781449954\n|switch|p1a: Volbeat|Volbeat, L90, M|263/263\n|turn|11\n|\n|t:|1781449960\n|move|p1a: Volbeat|U-turn|p2a: Lanturn\n|-damage|p2a: Lanturn|0 fnt\n|faint|p2a: Lanturn\n|\n|t:|1781449972\n|switch|p1a: Iron Thorns|Iron Thorns, L83|302/302|[from] U-turn\n|-item|p1a: Iron Thorns|Air Balloon\n|\n|upkeep\n|\n|t:|1781449992\n|switch|p2a: Quaquaval|Quaquaval, L79, F|264/264\n|turn|12\n|\n|t:|1781450013\n|-terastallize|p2a: Quaquaval|Fighting\n|move|p2a: Quaquaval|Aqua Step|p1a: Iron Thorns\n|-supereffective|p1a: Iron Thorns\n|-damage|p1a: Iron Thorns|90/302\n|-boost|p2a: Quaquaval|spe|1\n|-enditem|p1a: Iron Thorns|Air Balloon\n|move|p1a: Iron Thorns|Wild Charge|p2a: Quaquaval\n|-damage|p2a: Quaquaval|137/264\n|-damage|p1a: Iron Thorns|58/302|[from] Recoil\n|\n|upkeep\n|turn|13\n|\n|t:|1781450024\n|move|p2a: Quaquaval|Aqua Step|p1a: Iron Thorns\n|-supereffective|p1a: Iron Thorns\n|-damage|p1a: Iron Thorns|0 fnt\n|-boost|p2a: Quaquaval|spe|1\n|faint|p1a: Iron Thorns\n|-end|p1a: Iron Thorns|Quark Drive|[silent]\n|-ability|p2a: Quaquaval|Moxie|boost\n|-boost|p2a: Quaquaval|atk|1\n|\n|upkeep\n|\n|t:|1781450026\n|switch|p1a: Volbeat|Volbeat, L90, M|263/263\n|turn|14\n|\n|t:|1781450034\n|move|p1a: Volbeat|Thunder Wave|p2a: Quaquaval\n|-status|p2a: Quaquaval|par\n|move|p2a: Quaquaval|Aqua Step|p1a: Volbeat\n|-damage|p1a: Volbeat|71/263\n|-boost|p2a: Quaquaval|spe|1\n|\n|upkeep\n|turn|15\n|\n|t:|1781450042\n|move|p1a: Volbeat|Roost|p1a: Volbeat\n|-heal|p1a: Volbeat|203/263\n|-singleturn|p1a: Volbeat|move: Roost\n|move|p2a: Quaquaval|Aqua Step|p1a: Volbeat\n|-damage|p1a: Volbeat|1/263\n|-boost|p2a: Quaquaval|spe|1\n|\n|upkeep\n|turn|16\n|\n|t:|1781450049\n|move|p1a: Volbeat|Roost|p1a: Volbeat\n|-heal|p1a: Volbeat|133/263\n|-singleturn|p1a: Volbeat|move: Roost\n|move|p2a: Quaquaval|Aqua Step|p1a: Volbeat\n|-damage|p1a: Volbeat|0 fnt\n|-boost|p2a: Quaquaval|spe|1\n|faint|p1a: Volbeat\n|-ability|p2a: Quaquaval|Moxie|boost\n|-boost|p2a: Quaquaval|atk|1\n|\n|upkeep\n|\n|t:|1781450054\n|switch|p1a: Jirachi|Jirachi, L80|291/291\n|turn|17\n|\n|t:|1781450061\n|cant|p2a: Quaquaval|par\n|move|p1a: Jirachi|Psychic|p2a: Quaquaval\n|-supereffective|p2a: Quaquaval\n|-damage|p2a: Quaquaval|0 fnt\n|faint|p2a: Quaquaval\n|\n|upkeep\n|\n|t:|1781450083\n|switch|p2a: Luxray|Luxray, L88, F|87/284\n|-ability|p2a: Luxray|Intimidate|boost\n|-unboost|p1a: Jirachi|atk|1\n|turn|18\n|\n|t:|1781450104\n|move|p1a: Jirachi|Psychic|p2a: Luxray\n|-damage|p2a: Luxray|20/284\n|move|p2a: Luxray|Throat Chop|p1a: Jirachi\n|-supereffective|p1a: Jirachi\n|-damage|p1a: Jirachi|141/291\n|-start|p1a: Jirachi|Throat Chop|[silent]\n|\n|-heal|p1a: Jirachi|159/291|[from] item: Leftovers\n|upkeep\n|turn|19\n|\n|t:|1781450114\n|move|p1a: Jirachi|Protect|p1a: Jirachi\n|-singleturn|p1a: Jirachi|Protect\n|move|p2a: Luxray|Throat Chop|p1a: Jirachi\n|-activate|p1a: Jirachi|move: Protect\n|\n|-heal|p1a: Jirachi|177/291|[from] item: Leftovers\n|-end|p1a: Jirachi|Throat Chop|[silent]\n|upkeep\n|turn|20\n|\n|t:|1781450119\n|move|p1a: Jirachi|Wish|p1a: Jirachi\n|move|p2a: Luxray|Throat Chop|p1a: Jirachi\n|-supereffective|p1a: Jirachi\n|-damage|p1a: Jirachi|37/291\n|-start|p1a: Jirachi|Throat Chop|[silent]\n|\n|-heal|p1a: Jirachi|55/291|[from] item: Leftovers\n|upkeep\n|turn|21\n|\n|t:|1781450125\n|move|p1a: Jirachi|Protect|p1a: Jirachi\n|-singleturn|p1a: Jirachi|Protect\n|move|p2a: Luxray|Throat Chop|p1a: Jirachi\n|-activate|p1a: Jirachi|move: Protect\n|\n|-heal|p1a: Jirachi|200/291|[from] move: Wish|[wisher] Jirachi\n|-heal|p1a: Jirachi|218/291|[from] item: Leftovers\n|-end|p1a: Jirachi|Throat Chop|[silent]\n|upkeep\n|turn|22\n|\n|t:|1781450128\n|move|p1a: Jirachi|Psychic|p2a: Luxray\n|-damage|p2a: Luxray|0 fnt\n|faint|p2a: Luxray\n|\n|-heal|p1a: Jirachi|236/291|[from] item: Leftovers\n|upkeep\n|\n|t:|1781450134\n|switch|p2a: Noivern|Noivern, L82, F|274/274\n|turn|23\n|\n|t:|1781450147\n|move|p1a: Jirachi|Protect|p1a: Jirachi\n|-singleturn|p1a: Jirachi|Protect\n|move|p2a: Noivern|Flamethrower|p1a: Jirachi\n|-activate|p1a: Jirachi|move: Protect\n|\n|-heal|p1a: Jirachi|254/291|[from] item: Leftovers\n|upkeep\n|turn|24\n|\n|t:|1781450154\n|switch|p1a: Sudowoodo|Sudowoodo, L94, M|284/284\n|move|p2a: Noivern|Flamethrower|p1a: Sudowoodo\n|-resisted|p1a: Sudowoodo\n|-damage|p1a: Sudowoodo|250/284\n|\n|upkeep\n|turn|25\n|\n|t:|1781450162\n|switch|p2a: Braviary|Braviary-Hisui, L85, M|143/326\n|move|p1a: Sudowoodo|Head Smash|p2a: Braviary|[miss]\n|-miss|p1a: Sudowoodo|p2a: Braviary\n|\n|upkeep\n|turn|26\n|\n|t:|1781450178\n|move|p2a: Braviary|Esper Wing|p1a: Sudowoodo\n|-damage|p1a: Sudowoodo|78/284\n|-boost|p2a: Braviary|spe|1\n|move|p1a: Sudowoodo|Head Smash|p2a: Braviary\n|-supereffective|p2a: Braviary\n|-damage|p2a: Braviary|0 fnt\n|faint|p2a: Braviary\n|\n|upkeep\n|\n|t:|1781450189\n|switch|p2a: Lycanroc|Lycanroc-Midnight, L89, M|296/296\n|turn|27\n|\n|t:|1781450197\n|move|p2a: Lycanroc|Close Combat|p1a: Sudowoodo\n|-supereffective|p1a: Sudowoodo\n|-damage|p1a: Sudowoodo|0 fnt\n|-unboost|p2a: Lycanroc|def|1\n|-unboost|p2a: Lycanroc|spd|1\n|faint|p1a: Sudowoodo\n|-damage|p2a: Lycanroc|267/296|[from] item: Life Orb\n|\n|upkeep\n|\n|t:|1781450199\n|switch|p1a: Jirachi|Jirachi, L80|254/291\n|turn|28\n|\n|t:|1781450209\n|move|p1a: Jirachi|Iron Head|p2a: Lycanroc\n|-supereffective|p2a: Lycanroc\n|-damage|p2a: Lycanroc|21/296\n|move|p2a: Lycanroc|Close Combat|p1a: Jirachi\n|-crit|p1a: Jirachi\n|-damage|p1a: Jirachi|63/291\n|-unboost|p2a: Lycanroc|def|1\n|-unboost|p2a: Lycanroc|spd|1\n|-damage|p2a: Lycanroc|0 fnt|[from] item: Life Orb\n|faint|p2a: Lycanroc\n|\n|-heal|p1a: Jirachi|81/291|[from] item: Leftovers\n|upkeep\n|\n|t:|1781450215\n|switch|p2a: Noivern|Noivern, L82, F|274/274\n|turn|29\n|\n|t:|1781450225\n|move|p1a: Jirachi|Protect|p1a: Jirachi\n|-singleturn|p1a: Jirachi|Protect\n|move|p2a: Noivern|Flamethrower|p1a: Jirachi\n|-activate|p1a: Jirachi|move: Protect\n|\n|-heal|p1a: Jirachi|99/291|[from] item: Leftovers\n|upkeep\n|turn|30\n|\n|t:|1781450228\n|move|p2a: Noivern|Flamethrower|p1a: Jirachi\n|-supereffective|p1a: Jirachi\n|-damage|p1a: Jirachi|0 fnt\n|faint|p1a: Jirachi\n|\n|win|Reulsen\n", "uploadtime": 1781449796, "views": 4, "formatid": "gen9randombattle", "rating": null, "private": 0, "password": null}