{"id": "gen9randombattle-2631587342", "format": "[Gen 9] Random Battle", "players": ["boxhero147", "skippyjonez"], "log": "|j|\u2606boxhero147\n|j|\u2606skippyjonez\n|t:|1781405087\n|gametype|singles\n|player|p1|boxhero147|169|2080\n|player|p2|skippyjonez|cameraman|2160\n|gen|9\n|tier|[Gen 9] Random Battle\n|rated|\n|rule|Species Clause: Limit one of each Pok\u00e9mon\n|rule|HP Percentage Mod: HP is shown in percentages\n|rule|Sleep Clause Mod: Limit one foe put to sleep\n|rule|Illusion Level Mod: Illusion disguises the Pok\u00e9mon's true level\n|\n|t:|1781405087\n|teamsize|p1|6\n|teamsize|p2|6\n|start\n|switch|p1a: Rotom|Rotom-Mow, L87|229/229\n|switch|p2a: Ambipom|Ambipom, L84, M|263/263\n|turn|1\n|\n|t:|1781405100\n|move|p2a: Ambipom|Fake Out|p1a: Rotom\n|-damage|p1a: Rotom|159/229\n|cant|p1a: Rotom|flinch\n|\n|-heal|p1a: Rotom|173/229|[from] item: Leftovers\n|upkeep\n|turn|2\n|\n|t:|1781405112\n|move|p2a: Ambipom|Double-Edge|p1a: Rotom\n|-damage|p1a: Rotom|32/229\n|-damage|p2a: Ambipom|216/263|[from] Recoil\n|move|p1a: Rotom|Thunderbolt|p2a: Ambipom\n|-damage|p2a: Ambipom|86/263\n|\n|-heal|p1a: Rotom|46/229|[from] item: Leftovers\n|upkeep\n|turn|3\n|\n|t:|1781405142\n|move|p2a: Ambipom|Knock Off|p1a: Rotom\n|-damage|p1a: Rotom|0 fnt\n|-enditem|p1a: Rotom|Leftovers|[from] move: Knock Off|[of] p2a: Ambipom\n|faint|p1a: Rotom\n|\n|upkeep\n|\n|t:|1781405179\n|switch|p1a: Ludicolo|Ludicolo, L90, F|290/290\n|turn|4\n|\n|t:|1781405195\n|switch|p2a: Dachsbun|Dachsbun, L92, F|254/254\n|move|p1a: Ludicolo|Giga Drain|p2a: Dachsbun\n|-damage|p2a: Dachsbun|125/254\n|\n|-heal|p2a: Dachsbun|140/254|[from] item: Leftovers\n|upkeep\n|turn|5\n|\n|t:|1781405207\n|move|p2a: Dachsbun|Protect|p2a: Dachsbun\n|-singleturn|p2a: Dachsbun|Protect\n|move|p1a: Ludicolo|Giga Drain|p2a: Dachsbun\n|-activate|p2a: Dachsbun|move: Protect\n|\n|-heal|p2a: Dachsbun|155/254|[from] item: Leftovers\n|upkeep\n|turn|6\n|\n|t:|1781405216\n|switch|p2a: Brambleghast|Brambleghast, L88, M|240/240\n|move|p1a: Ludicolo|Giga Drain|p2a: Brambleghast\n|-resisted|p2a: Brambleghast\n|-damage|p2a: Brambleghast|169/240\n|\n|-heal|p2a: Brambleghast|184/240|[from] item: Leftovers\n|upkeep\n|turn|7\n|\n|t:|1781405230\n|switch|p1a: Iron Treads|Iron Treads, L77|265/265\n|move|p2a: Brambleghast|Spikes|p1a: Iron Treads\n|-sidestart|p1: boxhero147|Spikes\n|\n|-heal|p2a: Brambleghast|199/240|[from] item: Leftovers\n|upkeep\n|turn|8\n|\n|t:|1781405242\n|move|p2a: Brambleghast|Strength Sap|p1a: Iron Treads\n|-unboost|p1a: Iron Treads|atk|1\n|-heal|p2a: Brambleghast|240/240\n|move|p1a: Iron Treads|Iron Head|p2a: Brambleghast\n|-damage|p2a: Brambleghast|182/240\n|\n|-heal|p2a: Brambleghast|197/240|[from] item: Leftovers\n|upkeep\n|turn|9\n|\n|t:|1781405263\n|-end|p1a: Iron Treads|Quark Drive|[silent]\n|switch|p1a: Falinks|Falinks, L84|246/246\n|-damage|p1a: Falinks|216/246|[from] Spikes\n|move|p2a: Brambleghast|Spikes|p1a: Falinks\n|-sidestart|p1: boxhero147|Spikes\n|\n|-heal|p2a: Brambleghast|212/240|[from] item: Leftovers\n|upkeep\n|turn|10\n|\n|t:|1781405278\n|move|p2a: Brambleghast|Power Whip|p1a: Falinks\n|-damage|p1a: Falinks|60/246\n|move|p1a: Falinks|No Retreat|p1a: Falinks\n|-boost|p1a: Falinks|atk|1\n|-boost|p1a: Falinks|def|1\n|-boost|p1a: Falinks|spa|1\n|-boost|p1a: Falinks|spd|1\n|-boost|p1a: Falinks|spe|1\n|-start|p1a: Falinks|move: No Retreat\n|\n|-heal|p2a: Brambleghast|227/240|[from] item: Leftovers\n|upkeep\n|turn|11\n|\n|t:|1781405291\n|switch|p2a: Electrode|Electrode, L92|260/260\n|move|p1a: Falinks|Iron Head|p2a: Electrode\n|-resisted|p2a: Electrode\n|-damage|p2a: Electrode|200/260\n|-damage|p1a: Falinks|36/246|[from] item: Life Orb\n|\n|upkeep\n|turn|12\n|\n|t:|1781405298\n|move|p2a: Electrode|Thunderbolt|p1a: Falinks\n|-damage|p1a: Falinks|0 fnt\n|faint|p1a: Falinks\n|-damage|p2a: Electrode|174/260|[from] item: Life Orb\n|\n|upkeep\n|\n|t:|1781405314\n|switch|p1a: Lanturn|Lanturn, L89, F|367/367\n|turn|13\n|\n|t:|1781405335\n|move|p2a: Electrode|Tera Blast|p1a: Lanturn\n|-damage|p1a: Lanturn|280/367\n|-damage|p2a: Electrode|148/260|[from] item: Life Orb\n|move|p1a: Lanturn|Volt Switch|p2a: Electrode\n|-resisted|p2a: Electrode\n|-damage|p2a: Electrode|114/260\n|\n|t:|1781405358\n|switch|p1a: Iron Treads|Iron Treads, L77|265/265|[from] Volt Switch\n|-damage|p1a: Iron Treads|221/265|[from] Spikes\n|\n|-heal|p1a: Iron Treads|237/265|[from] item: Leftovers\n|upkeep\n|turn|14\n|\n|t:|1781405362\n|switch|p2a: Brambleghast|Brambleghast, L88, M|227/240\n|move|p1a: Iron Treads|Rapid Spin|p2a: Brambleghast\n|-immune|p2a: Brambleghast\n|\n|-heal|p2a: Brambleghast|240/240|[from] item: Leftovers\n|-heal|p1a: Iron Treads|253/265|[from] item: Leftovers\n|upkeep\n|turn|15\n|\n|t:|1781405373\n|-end|p1a: Iron Treads|Quark Drive|[silent]\n|switch|p1a: Ludicolo|Ludicolo, L90, F|290/290\n|-damage|p1a: Ludicolo|242/290|[from] Spikes\n|move|p2a: Brambleghast|Power Whip|p1a: Ludicolo|[miss]\n|-miss|p2a: Brambleghast|p1a: Ludicolo\n|\n|upkeep\n|turn|16\n|inactive|Battle timer is ON: inactive players will automatically lose when time's up. (requested by skippyjonez)\n|inactive|boxhero147 has 120 seconds left.\n|inactive|boxhero147 has 90 seconds left.\n|inactive|boxhero147 has 60 seconds left.\n|inactive|boxhero147 has 30 seconds left.\n|inactive|boxhero147 has 20 seconds left.\n|inactive|boxhero147 has 15 seconds left.\n|inactive|boxhero147 has 10 seconds left.\n|inactive|boxhero147 has 5 seconds left.\n|-message|boxhero147 lost due to inactivity.\n|\n|win|skippyjonez\n", "uploadtime": 1781405088, "views": 9, "formatid": "gen9randombattle", "rating": null, "private": 0, "password": null}