{"id": "gen9randombattle-2631397932", "format": "[Gen 9] Random Battle", "players": ["Arcangel666", "APHELIODIOMYCOTA"], "log": "|j|\u2606Arcangel666\n|j|\u2606APHELIODIOMYCOTA\n|t:|1781379847\n|gametype|singles\n|player|p1|Arcangel666|piers-masters|1979\n|player|p2|APHELIODIOMYCOTA|brock|2009\n|gen|9\n|tier|[Gen 9] Random Battle\n|rated|\n|rule|Species Clause: Limit one of each Pok\u00e9mon\n|rule|HP Percentage Mod: HP is shown in percentages\n|rule|Sleep Clause Mod: Limit one foe put to sleep\n|rule|Illusion Level Mod: Illusion disguises the Pok\u00e9mon's true level\n|\n|t:|1781379847\n|teamsize|p1|6\n|teamsize|p2|6\n|start\n|switch|p1a: Dedenne|Dedenne, L88, F|261/261\n|switch|p2a: Staraptor|Staraptor, L79, M|263/263\n|turn|1\n|\n|t:|1781379853\n|switch|p2a: Gliscor|Gliscor, L76, M|239/239\n|move|p1a: Dedenne|Nuzzle|p2a: Gliscor\n|-immune|p2a: Gliscor\n|\n|-status|p2a: Gliscor|tox|[from] item: Toxic Orb\n|upkeep\n|turn|2\n|inactive|Battle timer is ON: inactive players will automatically lose when time's up. (requested by APHELIODIOMYCOTA)\n|\n|t:|1781379859\n|switch|p1a: Toucannon|Toucannon, L88, M|284/284\n|move|p2a: Gliscor|Toxic|p1a: Toucannon\n|-status|p1a: Toucannon|tox\n|\n|-damage|p1a: Toucannon|267/284 tox|[from] psn\n|upkeep\n|turn|3\n|\n|t:|1781379865\n|-singleturn|p1a: Toucannon|move: Beak Blast\n|move|p2a: Gliscor|Substitute|p2a: Gliscor\n|-start|p2a: Gliscor|Substitute\n|-damage|p2a: Gliscor|180/239 tox\n|move|p1a: Toucannon|Beak Blast|p2a: Gliscor\n|-end|p2a: Gliscor|Substitute\n|\n|-heal|p2a: Gliscor|209/239 tox|[from] ability: Poison Heal\n|-damage|p1a: Toucannon|233/284 tox|[from] psn\n|upkeep\n|turn|4\n|\n|t:|1781379869\n|move|p2a: Gliscor|Substitute|p2a: Gliscor\n|-start|p2a: Gliscor|Substitute\n|-damage|p2a: Gliscor|150/239 tox\n|move|p1a: Toucannon|Boomburst|p2a: Gliscor\n|-damage|p2a: Gliscor|0 fnt\n|faint|p2a: Gliscor\n|\n|-damage|p1a: Toucannon|182/284 tox|[from] psn\n|upkeep\n|\n|t:|1781379877\n|switch|p2a: Galvantula|Galvantula, L82, M|249/249\n|turn|5\n|\n|t:|1781379886\n|switch|p1a: Banette|Banette, L93, F|270/270\n|move|p2a: Galvantula|Thunder|p1a: Banette\n|-damage|p1a: Banette|143/270\n|\n|upkeep\n|turn|6\n|\n|t:|1781379893\n|move|p2a: Galvantula|Thunder|p1a: Banette\n|-damage|p1a: Banette|17/270\n|-status|p1a: Banette|par\n|move|p1a: Banette|Gunk Shot|p2a: Galvantula\n|-damage|p2a: Galvantula|48/249\n|-status|p2a: Galvantula|psn\n|-damage|p1a: Banette|0 fnt|[from] item: Life Orb\n|faint|p1a: Banette\n|\n|-damage|p2a: Galvantula|17/249 psn|[from] psn\n|upkeep\n|\n|t:|1781379902\n|switch|p1a: Dedenne|Dedenne, L88, F|261/261\n|turn|7\n|\n|t:|1781379909\n|switch|p2a: Illumise|Illumise, L91, F|266/266\n|move|p1a: Dedenne|Thunderbolt|p2a: Illumise\n|-damage|p2a: Illumise|172/266\n|\n|upkeep\n|turn|8\n|\n|t:|1781379916\n|move|p2a: Illumise|Encore|p1a: Dedenne\n|-start|p1a: Dedenne|Encore\n|move|p1a: Dedenne|Thunderbolt|p2a: Illumise\n|-damage|p2a: Illumise|85/266\n|\n|upkeep\n|turn|9\n|\n|t:|1781379919\n|switch|p2a: Lilligant|Lilligant-Hisui, L79, F|240/240\n|move|p1a: Dedenne|Thunderbolt|p2a: Lilligant\n|-resisted|p2a: Lilligant\n|-damage|p2a: Lilligant|180/240\n|\n|upkeep\n|turn|10\n|\n|t:|1781379922\n|switch|p1a: Granbull|Granbull, L88, M|302/302\n|-ability|p1a: Granbull|Intimidate|boost\n|-unboost|p2a: Lilligant|atk|1\n|move|p2a: Lilligant|Victory Dance|p2a: Lilligant\n|-boost|p2a: Lilligant|atk|1\n|-boost|p2a: Lilligant|def|1\n|-boost|p2a: Lilligant|spe|1\n|\n|upkeep\n|turn|11\n|\n|t:|1781379929\n|move|p2a: Lilligant|Leaf Blade|p1a: Granbull\n|-damage|p1a: Granbull|129/302\n|-damage|p2a: Lilligant|156/240|[from] item: Life Orb\n|move|p1a: Granbull|Play Rough|p2a: Lilligant\n|-supereffective|p2a: Lilligant\n|-damage|p2a: Lilligant|0 fnt\n|faint|p2a: Lilligant\n|\n|-heal|p1a: Granbull|147/302|[from] item: Leftovers\n|upkeep\n|\n|t:|1781379933\n|switch|p2a: Galvantula|Galvantula, L82, M|17/249 psn\n|turn|12\n|\n|t:|1781379936\n|move|p2a: Galvantula|Sticky Web|p1a: Granbull\n|-sidestart|p1: Arcangel666|move: Sticky Web\n|move|p1a: Granbull|Earthquake|p2a: Galvantula\n|-damage|p2a: Galvantula|0 fnt\n|faint|p2a: Galvantula\n|\n|-heal|p1a: Granbull|165/302|[from] item: Leftovers\n|upkeep\n|\n|t:|1781379940\n|switch|p2a: Floatzel|Floatzel, L86, F|286/286\n|turn|13\n|\n|t:|1781379947\n|switch|p1a: Torterra|Torterra, L78, M|276/276\n|-activate|p1a: Torterra|move: Sticky Web\n|-unboost|p1a: Torterra|spe|1\n|move|p2a: Floatzel|Taunt|p1a: Torterra\n|-start|p1a: Torterra|move: Taunt\n|\n|upkeep\n|turn|14\n|\n|t:|1781379950\n|move|p2a: Floatzel|Ice Spinner|p1a: Torterra\n|-supereffective|p1a: Torterra\n|-damage|p1a: Torterra|48/276\n|move|p1a: Torterra|Bullet Seed|p2a: Floatzel\n|-supereffective|p2a: Floatzel\n|-damage|p2a: Floatzel|176/286\n|-supereffective|p2a: Floatzel\n|-damage|p2a: Floatzel|68/286\n|-supereffective|p2a: Floatzel\n|-damage|p2a: Floatzel|0 fnt\n|faint|p2a: Floatzel\n|-hitcount|p2: Floatzel|3\n|\n|upkeep\n|\n|t:|1781379956\n|switch|p2a: Illumise|Illumise, L91, F|85/266\n|turn|15\n|\n|t:|1781379958\n|move|p2a: Illumise|Bug Buzz|p1a: Torterra\n|-supereffective|p1a: Torterra\n|-damage|p1a: Torterra|0 fnt\n|faint|p1a: Torterra\n|\n|upkeep\n|\n|t:|1781379962\n|switch|p1a: Toucannon|Toucannon, L88, M|182/284 tox\n|turn|16\n|\n|t:|1781379967\n|switch|p2a: Staraptor|Staraptor, L79, M|263/263\n|-singleturn|p1a: Toucannon|move: Beak Blast\n|move|p1a: Toucannon|Beak Blast|p2a: Staraptor\n|-crit|p2a: Staraptor\n|-damage|p2a: Staraptor|1/263\n|\n|-damage|p1a: Toucannon|165/284 tox|[from] psn\n|upkeep\n|turn|17\n|\n|t:|1781379971\n|-singleturn|p1a: Toucannon|move: Beak Blast\n|move|p2a: Staraptor|Brave Bird|p1a: Toucannon\n|-damage|p1a: Toucannon|0 fnt\n|-status|p2a: Staraptor|brn\n|faint|p1a: Toucannon\n|-damage|p2a: Staraptor|0 fnt|[from] Recoil\n|faint|p2a: Staraptor\n|\n|upkeep\n|-message|APHELIODIOMYCOTA forfeited.\n|\n|win|Arcangel666\n", "uploadtime": 1781379849, "views": 10, "formatid": "gen9randombattle", "rating": null, "private": 0, "password": null}