{"id": "gen9randombattle-2631985949", "format": "[Gen 9] Random Battle", "players": ["Mitza01", "lkj47"], "log": "|j|\u2606Mitza01\n|j|\u2606lkj47\n|t:|1781462931\n|gametype|singles\n|player|p1|Mitza01|169|2004\n|player|p2|lkj47|hilbert|1925\n|gen|9\n|tier|[Gen 9] Random Battle\n|rated|\n|rule|Species Clause: Limit one of each Pok\u00e9mon\n|rule|HP Percentage Mod: HP is shown in percentages\n|rule|Sleep Clause Mod: Limit one foe put to sleep\n|rule|Illusion Level Mod: Illusion disguises the Pok\u00e9mon's true level\n|\n|t:|1781462931\n|teamsize|p1|6\n|teamsize|p2|6\n|start\n|switch|p1a: Toucannon|Toucannon, L88, M|284/284\n|switch|p2a: Tropius|Tropius, L91, M|328/328\n|turn|1\n|\n|t:|1781462943\n|switch|p2a: Probopass|Probopass, L91, M|257/257\n|move|p1a: Toucannon|Knock Off|p2a: Probopass\n|-damage|p2a: Probopass|204/257\n|-enditem|p2a: Probopass|Leftovers|[from] move: Knock Off|[of] p1a: Toucannon\n|\n|upkeep\n|turn|2\n|inactive|Battle timer is ON: inactive players will automatically lose when time's up. (requested by Mitza01)\n|\n|t:|1781462961\n|switch|p1a: Virizion|Virizion, L82|283/283\n|move|p2a: Probopass|Flash Cannon|p1a: Virizion\n|-damage|p1a: Virizion|222/283\n|\n|upkeep\n|turn|3\n|\n|t:|1781462972\n|switch|p2a: Amoonguss|Amoonguss, L82, M|321/321\n|move|p1a: Virizion|Swords Dance|p1a: Virizion\n|-boost|p1a: Virizion|atk|2\n|\n|upkeep\n|turn|4\n|\n|t:|1781462978\n|move|p1a: Virizion|Stone Edge|p2a: Amoonguss\n|-damage|p2a: Amoonguss|122/321\n|-damage|p1a: Virizion|194/283|[from] item: Life Orb\n|move|p2a: Amoonguss|Sludge Bomb|p1a: Virizion\n|-supereffective|p1a: Virizion\n|-damage|p1a: Virizion|72/283\n|-status|p1a: Virizion|psn\n|\n|-damage|p1a: Virizion|37/283 psn|[from] psn\n|upkeep\n|turn|5\n|\n|t:|1781462989\n|switch|p2a: Tropius|Tropius, L91, M|328/328\n|move|p1a: Virizion|Close Combat|p2a: Tropius\n|-resisted|p2a: Tropius\n|-damage|p2a: Tropius|181/328\n|-unboost|p1a: Virizion|def|1\n|-unboost|p1a: Virizion|spd|1\n|-damage|p1a: Virizion|9/283 psn|[from] item: Life Orb\n|\n|-damage|p1a: Virizion|0 fnt|[from] psn\n|faint|p1a: Virizion\n|upkeep\n|\n|t:|1781462995\n|switch|p1a: Squawkabilly|Squawkabilly, L85, M|278/278\n|turn|6\n|\n|t:|1781463001\n|move|p1a: Squawkabilly|Brave Bird|p2a: Tropius\n|-supereffective|p2a: Tropius\n|-damage|p2a: Tropius|0 fnt\n|faint|p2a: Tropius\n|-damage|p1a: Squawkabilly|218/278|[from] Recoil\n|\n|-status|p1a: Squawkabilly|brn|[from] item: Flame Orb\n|upkeep\n|\n|t:|1781463005\n|switch|p2a: Probopass|Probopass, L91, M|204/257\n|turn|7\n|\n|t:|1781463015\n|switch|p1a: Mabosstiff|Mabosstiff, L86, F|278/278\n|move|p2a: Probopass|Power Gem|p1a: Mabosstiff\n|-damage|p1a: Mabosstiff|176/278\n|\n|upkeep\n|turn|8\n|\n|t:|1781463020\n|move|p1a: Mabosstiff|Crunch|p2a: Probopass\n|-damage|p2a: Probopass|98/257\n|move|p2a: Probopass|Iron Defense|p2a: Probopass\n|-boost|p2a: Probopass|def|2\n|\n|upkeep\n|turn|9\n|\n|t:|1781463026\n|move|p1a: Mabosstiff|Crunch|p2a: Probopass\n|-damage|p2a: Probopass|49/257\n|-unboost|p2a: Probopass|def|1\n|move|p2a: Probopass|Body Press|p1a: Mabosstiff\n|-supereffective|p1a: Mabosstiff\n|-damage|p1a: Mabosstiff|0 fnt\n|faint|p1a: Mabosstiff\n|\n|upkeep\n|\n|t:|1781463049\n|switch|p1a: Azelf|Azelf, L82|257/257\n|turn|10\n|\n|t:|1781463062\n|switch|p2a: Inteleon|Inteleon, L81, M|246/246\n|move|p1a: Azelf|Stealth Rock|p2a: Inteleon\n|-sidestart|p2: lkj47|move: Stealth Rock\n|\n|upkeep\n|turn|11\n|inactive|Mitza01 has 120 seconds left.\n|\n|t:|1781463083\n|move|p2a: Inteleon|Scald|p1a: Azelf\n|-damage|p1a: Azelf|71/257\n|move|p1a: Azelf|Psychic|p2a: Inteleon\n|-damage|p2a: Inteleon|99/246\n|\n|-heal|p1a: Azelf|87/257|[from] item: Leftovers\n|upkeep\n|turn|12\n|\n|t:|1781463092\n|switch|p1a: Glastrier|Glastrier, L86|311/311\n|move|p2a: Inteleon|Scald|p1a: Glastrier\n|-damage|p1a: Glastrier|191/311\n|\n|upkeep\n|turn|13\n|\n|t:|1781463099\n|move|p2a: Inteleon|Scald|p1a: Glastrier\n|-damage|p1a: Glastrier|64/311\n|move|p1a: Glastrier|Close Combat|p2a: Inteleon\n|-damage|p2a: Inteleon|0 fnt\n|-unboost|p1a: Glastrier|def|1\n|-unboost|p1a: Glastrier|spd|1\n|faint|p2a: Inteleon\n|-ability|p1a: Glastrier|Chilling Neigh|boost\n|-boost|p1a: Glastrier|atk|1\n|\n|upkeep\n|\n|t:|1781463105\n|switch|p2a: Kricketune|Kricketune, L99, F|312/312\n|turn|14\n|\n|t:|1781463113\n|switch|p1a: Toucannon|Toucannon, L88, M|284/284\n|move|p2a: Kricketune|Pounce|p1a: Toucannon\n|-resisted|p1a: Toucannon\n|-damage|p1a: Toucannon|227/284\n|-unboost|p1a: Toucannon|spe|1\n|\n|upkeep\n|turn|15\n|\n|t:|1781463117\n|-singleturn|p1a: Toucannon|move: Beak Blast\n|move|p2a: Kricketune|Sticky Web|p1a: Toucannon\n|-sidestart|p1: Mitza01|move: Sticky Web\n|move|p1a: Toucannon|Beak Blast|p2a: Kricketune\n|-supereffective|p2a: Kricketune\n|-damage|p2a: Kricketune|0 fnt\n|faint|p2a: Kricketune\n|\n|upkeep\n|\n|t:|1781463121\n|switch|p2a: Probopass|Probopass, L91, M|49/257\n|-damage|p2a: Probopass|33/257|[from] Stealth Rock\n|turn|16\n|\n|t:|1781463146\n|switch|p1a: Glastrier|Glastrier, L86|64/311\n|-activate|p1a: Glastrier|move: Sticky Web\n|-unboost|p1a: Glastrier|spe|1\n|move|p2a: Probopass|Body Press|p1a: Glastrier\n|-supereffective|p1a: Glastrier\n|-damage|p1a: Glastrier|0 fnt\n|faint|p1a: Glastrier\n|\n|upkeep\n|\n|t:|1781463150\n|switch|p1a: Azelf|Azelf, L82|87/257\n|turn|17\n|\n|t:|1781463152\n|move|p1a: Azelf|Psychic|p2a: Probopass\n|-resisted|p2a: Probopass\n|-damage|p2a: Probopass|0 fnt\n|faint|p2a: Probopass\n|\n|-heal|p1a: Azelf|103/257|[from] item: Leftovers\n|upkeep\n|\n|t:|1781463155\n|switch|p2a: Delphox|Delphox, L84, F|263/263\n|-damage|p2a: Delphox|198/263|[from] Stealth Rock\n|turn|18\n|inactive|Mitza01 has 120 seconds left.\n|\n|t:|1781463191\n|switch|p1a: Squawkabilly|Squawkabilly, L85, M|218/278 brn\n|move|p2a: Delphox|Fire Blast|p1a: Squawkabilly\n|-crit|p1a: Squawkabilly\n|-damage|p1a: Squawkabilly|0 fnt\n|faint|p1a: Squawkabilly\n|\n|upkeep\n|\n|t:|1781463192\n|switch|p1a: Toucannon|Toucannon, L88, M|227/284\n|turn|19\n|inactive|Mitza01 has 120 seconds left.\n|\n|t:|1781463208\n|-singleturn|p1a: Toucannon|move: Beak Blast\n|move|p2a: Delphox|Fire Blast|p1a: Toucannon\n|-crit|p1a: Toucannon\n|-damage|p1a: Toucannon|25/284\n|-status|p1a: Toucannon|brn\n|move|p1a: Toucannon|Beak Blast|p2a: Delphox\n|-damage|p2a: Delphox|114/263\n|\n|-damage|p1a: Toucannon|8/284 brn|[from] brn\n|upkeep\n|turn|20\n|inactive|Mitza01 has 120 seconds left.\n|\n|t:|1781463226\n|move|p2a: Delphox|Fire Blast|p1a: Toucannon\n|-damage|p1a: Toucannon|0 fnt\n|faint|p1a: Toucannon\n|\n|upkeep\n|\n|t:|1781463228\n|switch|p1a: Azelf|Azelf, L82|103/257\n|turn|21\n|inactive|Mitza01 has 120 seconds left.\n|\n|t:|1781463234\n|-terastallize|p1a: Azelf|Fire\n|move|p2a: Delphox|Fire Blast|p1a: Azelf\n|-resisted|p1a: Azelf\n|-damage|p1a: Azelf|24/257\n|move|p1a: Azelf|Fire Blast|p2a: Delphox\n|-resisted|p2a: Delphox\n|-damage|p2a: Delphox|57/263\n|\n|-heal|p1a: Azelf|40/257|[from] item: Leftovers\n|upkeep\n|turn|22\n|\n|t:|1781463243\n|move|p2a: Delphox|Fire Blast|p1a: Azelf\n|-resisted|p1a: Azelf\n|-damage|p1a: Azelf|0 fnt\n|faint|p1a: Azelf\n|\n|win|lkj47\n", "uploadtime": 1781462933, "views": 3, "formatid": "gen9randombattle", "rating": null, "private": 0, "password": null}