{"id": "gen9randombattle-2631711838", "format": "[Gen 9] Random Battle", "players": ["Luxxion", "Grunglecel"], "log": "|j|\u2606Luxxion\n|j|\u2606Grunglecel\n|t:|1781426623\n|gametype|singles\n|player|p1|Luxxion|schoolkid-gen4dp|1551\n|player|p2|Grunglecel|gamer-gen3|1561\n|gen|9\n|tier|[Gen 9] Random Battle\n|rated|\n|rule|Species Clause: Limit one of each Pok\u00e9mon\n|rule|HP Percentage Mod: HP is shown in percentages\n|rule|Sleep Clause Mod: Limit one foe put to sleep\n|rule|Illusion Level Mod: Illusion disguises the Pok\u00e9mon's true level\n|\n|t:|1781426623\n|teamsize|p1|6\n|teamsize|p2|6\n|start\n|switch|p1a: Kommo-o|Kommo-o, L78, M|245/245\n|switch|p2a: Azumarill|Azumarill, L82, M|298/298\n|turn|1\n|inactive|Battle timer is ON: inactive players will automatically lose when time's up. (requested by Luxxion)\n|inactive|Grunglecel has 120 seconds left.\n|\n|t:|1781426659\n|switch|p2a: Braviary|Braviary, L85, M|309/309\n|-terastallize|p1a: Kommo-o|Steel\n|move|p1a: Kommo-o|Swords Dance|p1a: Kommo-o\n|-boost|p1a: Kommo-o|atk|2\n|\n|upkeep\n|turn|2\n|\n|t:|1781426670\n|move|p2a: Braviary|Bulk Up|p2a: Braviary\n|-boost|p2a: Braviary|atk|1\n|-boost|p2a: Braviary|def|1\n|move|p1a: Kommo-o|Scale Shot|p2a: Braviary\n|-damage|p2a: Braviary|272/309\n|-damage|p2a: Braviary|230/309\n|-damage|p2a: Braviary|187/309\n|-damage|p2a: Braviary|150/309\n|-damage|p2a: Braviary|108/309\n|-hitcount|p2a: Braviary|5\n|-unboost|p1a: Kommo-o|def|1\n|-boost|p1a: Kommo-o|spe|1\n|\n|upkeep\n|turn|3\n|\n|t:|1781426690\n|move|p1a: Kommo-o|Iron Head|p2a: Braviary\n|-damage|p2a: Braviary|0 fnt\n|faint|p2a: Braviary\n|\n|upkeep\n|\n|t:|1781426694\n|switch|p2a: Typhlosion|Typhlosion, L84, M|267/267\n|turn|4\n|\n|t:|1781426700\n|switch|p1a: Golduck|Golduck, L90, F|290/290\n|-ability|p1a: Golduck|Cloud Nine\n|move|p2a: Typhlosion|Eruption|p1a: Golduck\n|-resisted|p1a: Golduck\n|-damage|p1a: Golduck|197/290\n|\n|-heal|p1a: Golduck|215/290|[from] item: Leftovers\n|upkeep\n|turn|5\n|\n|t:|1781426708\n|switch|p2a: Espeon|Espeon, L84, F|246/246\n|move|p1a: Golduck|Nasty Plot|p1a: Golduck\n|-boost|p1a: Golduck|spa|2\n|\n|-heal|p1a: Golduck|233/290|[from] item: Leftovers\n|upkeep\n|turn|6\n|\n|t:|1781426720\n|move|p2a: Espeon|Calm Mind|p2a: Espeon\n|-boost|p2a: Espeon|spa|1\n|-boost|p2a: Espeon|spd|1\n|move|p1a: Golduck|Hydro Pump|p2a: Espeon|[miss]\n|-miss|p1a: Golduck|p2a: Espeon\n|\n|-heal|p1a: Golduck|251/290|[from] item: Leftovers\n|upkeep\n|turn|7\n|\n|t:|1781426729\n|switch|p1a: Ditto|Ditto, L87|225/225\n|-transform|p1a: Ditto|p2a: Espeon|[from] ability: Imposter\n|move|p2a: Espeon|Calm Mind|p2a: Espeon\n|-boost|p2a: Espeon|spa|1\n|-boost|p2a: Espeon|spd|1\n|\n|upkeep\n|turn|8\n|\n|t:|1781426737\n|switch|p1a: Munkidori|Munkidori, L79, M|269/269\n|move|p2a: Espeon|Psyshock|p1a: Munkidori\n|-damage|p1a: Munkidori|0 fnt\n|faint|p1a: Munkidori\n|-damage|p2a: Espeon|222/246|[from] item: Life Orb\n|\n|upkeep\n|\n|t:|1781426744\n|switch|p1a: Kommo-o|Kommo-o, L78, M, tera:Steel|245/245\n|turn|9\n|\n|t:|1781426751\n|move|p2a: Espeon|Psyshock|p1a: Kommo-o\n|-resisted|p1a: Kommo-o\n|-damage|p1a: Kommo-o|138/245\n|-damage|p2a: Espeon|198/246|[from] item: Life Orb\n|move|p1a: Kommo-o|Scale Shot|p2a: Espeon\n|-damage|p2a: Espeon|162/246\n|-damage|p2a: Espeon|125/246\n|-damage|p2a: Espeon|86/246\n|-damage|p2a: Espeon|49/246\n|-hitcount|p2a: Espeon|4\n|-unboost|p1a: Kommo-o|def|1\n|-boost|p1a: Kommo-o|spe|1\n|\n|upkeep\n|turn|10\n|\n|t:|1781426773\n|-terastallize|p2a: Espeon|Fairy\n|move|p1a: Kommo-o|Scale Shot|p2a: Espeon\n|-immune|p2a: Espeon\n|move|p2a: Espeon|Psyshock|p1a: Kommo-o\n|-resisted|p1a: Kommo-o\n|-damage|p1a: Kommo-o|0 fnt\n|faint|p1a: Kommo-o\n|-damage|p2a: Espeon|25/246|[from] item: Life Orb\n|\n|upkeep\n|\n|t:|1781426778\n|switch|p1a: Ditto|Ditto, L87|225/225\n|-transform|p1a: Ditto|p2a: Espeon|[from] ability: Imposter\n|-start|p1a: Ditto|typechange|Psychic|[silent]\n|turn|11\n|\n|t:|1781426795\n|move|p1a: Ditto|Psyshock|p2a: Espeon\n|-damage|p2a: Espeon|0 fnt\n|faint|p2a: Espeon\n|\n|upkeep\n|\n|t:|1781426803\n|switch|p2a: Azumarill|Azumarill, L82, M|298/298\n|turn|12\n|\n|t:|1781426812\n|move|p1a: Ditto|Psyshock|p2a: Azumarill\n|-damage|p2a: Azumarill|48/298\n|move|p2a: Azumarill|Play Rough|p1a: Ditto\n|-damage|p1a: Ditto|3/225\n|\n|upkeep\n|turn|13\n|\n|t:|1781426824\n|switch|p1a: Whimsicott|Whimsicott, L84, M|238/238\n|move|p2a: Azumarill|Play Rough|p1a: Whimsicott\n|-damage|p1a: Whimsicott|73/238\n|\n|upkeep\n|turn|14\n|\n|t:|1781426834\n|switch|p2a: Dachsbun|Dachsbun, L92, F|254/254\n|move|p1a: Whimsicott|Moonblast|p2a: Dachsbun\n|-damage|p2a: Dachsbun|175/254\n|\n|-heal|p2a: Dachsbun|190/254|[from] item: Leftovers\n|upkeep\n|turn|15\n|\n|t:|1781426842\n|move|p1a: Whimsicott|Stun Spore|p2a: Dachsbun\n|-status|p2a: Dachsbun|par\n|cant|p2a: Dachsbun|par\n|\n|-heal|p2a: Dachsbun|205/254 par|[from] item: Leftovers\n|upkeep\n|turn|16\n|\n|t:|1781426849\n|move|p1a: Whimsicott|U-turn|p2a: Dachsbun\n|-resisted|p2a: Dachsbun\n|-damage|p2a: Dachsbun|191/254 par\n|\n|t:|1781426852\n|switch|p1a: Lilligant|Lilligant, L86, F|261/261|[from] U-turn\n|cant|p2a: Dachsbun|par\n|\n|-heal|p2a: Dachsbun|206/254 par|[from] item: Leftovers\n|upkeep\n|turn|17\n|\n|t:|1781426864\n|switch|p2a: Qwilfish|Qwilfish, L86, F|252/252\n|-ability|p2a: Qwilfish|Intimidate|boost\n|-fail|p1a: Lilligant|unboost|Attack|[from] ability: Own Tempo|[of] p1a: Lilligant\n|move|p1a: Lilligant|Quiver Dance|p1a: Lilligant\n|-boost|p1a: Lilligant|spa|1\n|-boost|p1a: Lilligant|spd|1\n|-boost|p1a: Lilligant|spe|1\n|\n|upkeep\n|turn|18\n|\n|t:|1781426869\n|move|p1a: Lilligant|Sleep Powder|p2a: Qwilfish\n|-status|p2a: Qwilfish|slp|[from] move: Sleep Powder\n|cant|p2a: Qwilfish|slp\n|\n|upkeep\n|turn|19\n|\n|t:|1781426872\n|move|p1a: Lilligant|Quiver Dance|p1a: Lilligant\n|-boost|p1a: Lilligant|spa|1\n|-boost|p1a: Lilligant|spd|1\n|-boost|p1a: Lilligant|spe|1\n|cant|p2a: Qwilfish|slp\n|\n|upkeep\n|turn|20\n|\n|t:|1781426877\n|switch|p2a: Azumarill|Azumarill, L82, M|48/298\n|move|p1a: Lilligant|Petal Dance|p2a: Azumarill\n|-supereffective|p2a: Azumarill\n|-damage|p2a: Azumarill|0 fnt\n|faint|p2a: Azumarill\n|-damage|p1a: Lilligant|235/261|[from] item: Life Orb\n|\n|upkeep\n|\n|t:|1781426880\n|switch|p2a: Dachsbun|Dachsbun, L92, F|206/254 par\n|turn|21\n|\n|t:|1781426884\n|move|p2a: Dachsbun|Protect|p2a: Dachsbun\n|-singleturn|p2a: Dachsbun|Protect\n|move|p1a: Lilligant|Petal Dance|p2a: Dachsbun|[from] lockedmove\n|-activate|p2a: Dachsbun|move: Protect\n|\n|-heal|p2a: Dachsbun|221/254 par|[from] item: Leftovers\n|upkeep\n|turn|22\n|\n|t:|1781426888\n|move|p1a: Lilligant|Petal Dance|p2a: Dachsbun\n|-crit|p2a: Dachsbun\n|-damage|p2a: Dachsbun|0 fnt\n|faint|p2a: Dachsbun\n|-damage|p1a: Lilligant|209/261|[from] item: Life Orb\n|\n|upkeep\n|\n|t:|1781426892\n|switch|p2a: Qwilfish|Qwilfish, L86, F|252/252 slp\n|-ability|p2a: Qwilfish|Intimidate|boost\n|-fail|p1a: Lilligant|unboost|Attack|[from] ability: Own Tempo|[of] p1a: Lilligant\n|turn|23\n|\n|t:|1781426893\n|move|p1a: Lilligant|Petal Dance|p2a: Qwilfish|[from] lockedmove\n|-damage|p2a: Qwilfish|0 fnt\n|faint|p2a: Qwilfish\n|-damage|p1a: Lilligant|183/261|[from] item: Life Orb\n|\n|upkeep\n|\n|t:|1781426897\n|switch|p2a: Typhlosion|Typhlosion, L84, M|267/267\n|turn|24\n|\n|t:|1781426902\n|move|p1a: Lilligant|Petal Dance|p2a: Typhlosion\n|-resisted|p2a: Typhlosion\n|-damage|p2a: Typhlosion|63/267\n|-damage|p1a: Lilligant|157/261|[from] item: Life Orb\n|move|p2a: Typhlosion|Eruption|p1a: Lilligant\n|-supereffective|p1a: Lilligant\n|-damage|p1a: Lilligant|85/261\n|\n|upkeep\n|turn|25\n|c|\u2606Grunglecel|great game.\n|-message|Grunglecel forfeited.\n|\n|win|Luxxion\n|raw|Luxxion's rating: 1551 &rarr; <strong>1572</strong><br />(+21 for winning)\n|raw|Grunglecel's rating: 1561 &rarr; <strong>1540</strong><br />(-21 for losing)\n", "uploadtime": 1781426915, "views": 2, "formatid": "gen9randombattle", "rating": 1540, "private": 0, "password": null}