{"id": "gen9randombattle-2631910768", "format": "[Gen 9] Random Battle", "players": ["Shoko7", "TheKingofGlers"], "log": "|j|\u2606Shoko7\n|j|\u2606TheKingofGlers\n|t:|1781454711\n|gametype|singles\n|player|p1|Shoko7|266|1575\n|player|p2|TheKingofGlers|clair|1612\n|gen|9\n|tier|[Gen 9] Random Battle\n|rated|\n|rule|Species Clause: Limit one of each Pok\u00e9mon\n|rule|HP Percentage Mod: HP is shown in percentages\n|rule|Sleep Clause Mod: Limit one foe put to sleep\n|rule|Illusion Level Mod: Illusion disguises the Pok\u00e9mon's true level\n|\n|t:|1781454711\n|teamsize|p1|6\n|teamsize|p2|6\n|start\n|switch|p1a: Klefki|Klefki, L84, M|233/233\n|switch|p2a: Cacturne|Cacturne, L92, M|278/278\n|turn|1\n|inactive|Battle timer is ON: inactive players will automatically lose when time's up. (requested by TheKingofGlers)\n|\n|t:|1781454737\n|move|p1a: Klefki|Play Rough|p2a: Cacturne\n|-supereffective|p2a: Cacturne\n|-damage|p2a: Cacturne|78/278\n|move|p2a: Cacturne|Knock Off|p1a: Klefki\n|-resisted|p1a: Klefki\n|-damage|p1a: Klefki|147/233\n|-enditem|p1a: Klefki|Leftovers|[from] move: Knock Off|[of] p2a: Cacturne\n|-damage|p2a: Cacturne|51/278|[from] item: Life Orb\n|\n|upkeep\n|turn|2\n|\n|t:|1781454752\n|switch|p2a: Hypno|Hypno, L95, M|315/315\n|move|p1a: Klefki|Play Rough|p2a: Hypno\n|-damage|p2a: Hypno|221/315\n|\n|-heal|p2a: Hypno|240/315|[from] item: Leftovers\n|upkeep\n|turn|3\n|\n|t:|1781454758\n|move|p1a: Klefki|Thunder Wave|p2a: Hypno\n|-status|p2a: Hypno|par\n|move|p2a: Hypno|Encore|p1a: Klefki\n|-start|p1a: Klefki|Encore\n|\n|-heal|p2a: Hypno|259/315 par|[from] item: Leftovers\n|upkeep\n|turn|4\n|\n|t:|1781454767\n|switch|p1a: Komala|Komala, L88, F|258/258\n|-ability|p1a: Komala|Comatose\n|move|p2a: Hypno|Psychic Noise|p1a: Komala\n|-damage|p1a: Komala|209/258\n|-start|p1a: Komala|move: Heal Block\n|\n|-heal|p2a: Hypno|278/315 par|[from] item: Leftovers\n|upkeep\n|turn|5\n|\n|t:|1781454771\n|move|p1a: Komala|Knock Off|p2a: Hypno\n|-supereffective|p2a: Hypno\n|-damage|p2a: Hypno|106/315 par\n|-enditem|p2a: Hypno|Leftovers|[from] move: Knock Off|[of] p1a: Komala\n|cant|p2a: Hypno|par\n|\n|-end|p1a: Komala|move: Heal Block\n|upkeep\n|turn|6\n|\n|t:|1781454778\n|move|p1a: Komala|Rapid Spin|p2a: Hypno\n|-damage|p2a: Hypno|37/315 par\n|-boost|p1a: Komala|spe|1\n|move|p2a: Hypno|Thunder Wave|p1a: Komala|[miss]\n|-miss|p2a: Hypno|p1a: Komala\n|\n|upkeep\n|turn|7\n|\n|t:|1781454780\n|move|p1a: Komala|Rapid Spin|p2a: Hypno\n|-damage|p2a: Hypno|0 fnt\n|-boost|p1a: Komala|spe|1\n|faint|p2a: Hypno\n|\n|upkeep\n|\n|t:|1781454789\n|switch|p2a: Cobalion|Cobalion, L80|277/277\n|turn|8\n|\n|t:|1781454807\n|move|p1a: Komala|U-turn|p2a: Cobalion\n|-resisted|p2a: Cobalion\n|-damage|p2a: Cobalion|265/277\n|\n|t:|1781454810\n|switch|p1a: Chandelure|Chandelure, L83, M|235/235|[from] U-turn\n|move|p2a: Cobalion|Swords Dance|p2a: Cobalion\n|-boost|p2a: Cobalion|atk|2\n|\n|upkeep\n|turn|9\n|\n|t:|1781454816\n|move|p2a: Cobalion|Stone Edge|p1a: Chandelure\n|-supereffective|p1a: Chandelure\n|-damage|p1a: Chandelure|0 fnt\n|faint|p1a: Chandelure\n|-damage|p2a: Cobalion|238/277|[from] item: Life Orb\n|\n|upkeep\n|\n|t:|1781454819\n|switch|p1a: Klefki|Klefki, L84, M|147/233\n|turn|10\n|\n|t:|1781454824\n|switch|p2a: Cacturne|Cacturne, L92, M|51/278\n|move|p1a: Klefki|Thunder Wave|p2a: Cacturne\n|-hint|Since gen 7, Dark is immune to Prankster moves.\n|-immune|p2a: Cacturne\n|\n|upkeep\n|turn|11\n|\n|t:|1781454832\n|move|p1a: Klefki|Spikes|p2a: Cacturne\n|-sidestart|p2: TheKingofGlers|Spikes\n|move|p2a: Cacturne|Leaf Storm|p1a: Klefki\n|-resisted|p1a: Klefki\n|-crit|p1a: Klefki\n|-damage|p1a: Klefki|0 fnt\n|-unboost|p2a: Cacturne|spa|2\n|faint|p1a: Klefki\n|-damage|p2a: Cacturne|24/278|[from] item: Life Orb\n|\n|upkeep\n|\n|t:|1781454862\n|switch|p1a: Komala|Komala, L88, F|209/258\n|-ability|p1a: Komala|Comatose\n|turn|12\n|\n|t:|1781454867\n|move|p2a: Cacturne|Sucker Punch|p1a: Komala\n|-damage|p1a: Komala|63/258\n|-damage|p2a: Cacturne|0 fnt|[from] item: Life Orb\n|faint|p2a: Cacturne\n|move|p1a: Komala|U-turn|p2: Cacturne|[notarget]\n|-fail|p1a: Komala\n|\n|upkeep\n|\n|t:|1781454876\n|switch|p2a: Ho-Oh|Ho-Oh, L71|268/268\n|turn|13\n|\n|t:|1781454883\n|move|p2a: Ho-Oh|Earthquake|p1a: Komala\n|-damage|p1a: Komala|0 fnt\n|faint|p1a: Komala\n|\n|upkeep\n|\n|t:|1781454888\n|switch|p1a: Reuniclus|Reuniclus, L88, M|337/337\n|turn|14\n|\n|t:|1781454900\n|move|p2a: Ho-Oh|Sacred Fire|p1a: Reuniclus\n|-damage|p1a: Reuniclus|232/337\n|-status|p1a: Reuniclus|brn\n|move|p1a: Reuniclus|Calm Mind|p1a: Reuniclus\n|-boost|p1a: Reuniclus|spa|1\n|-boost|p1a: Reuniclus|spd|1\n|\n|upkeep\n|turn|15\n|\n|t:|1781454905\n|move|p2a: Ho-Oh|Brave Bird|p1a: Reuniclus\n|-damage|p1a: Reuniclus|97/337 brn\n|-damage|p2a: Ho-Oh|223/268|[from] Recoil\n|move|p1a: Reuniclus|Psychic|p2a: Ho-Oh\n|-damage|p2a: Ho-Oh|27/268\n|\n|upkeep\n|turn|16\n|\n|t:|1781454914\n|move|p2a: Ho-Oh|Sacred Fire|p1a: Reuniclus\n|-damage|p1a: Reuniclus|0 fnt\n|faint|p1a: Reuniclus\n|\n|upkeep\n|\n|t:|1781454918\n|switch|p1a: Mewtwo|Mewtwo, L72|272/272\n|-ability|p1a: Mewtwo|Pressure\n|turn|17\n|\n|t:|1781454929\n|switch|p2a: Cobalion|Cobalion, L80|238/277\n|-damage|p2a: Cobalion|204/277|[from] Spikes\n|move|p1a: Mewtwo|Psystrike|p2a: Cobalion\n|-damage|p2a: Cobalion|91/277\n|-damage|p1a: Mewtwo|245/272|[from] item: Life Orb\n|\n|upkeep\n|turn|18\n|\n|t:|1781454937\n|move|p1a: Mewtwo|Psystrike|p2a: Cobalion\n|-damage|p2a: Cobalion|0 fnt\n|faint|p2a: Cobalion\n|-damage|p1a: Mewtwo|218/272|[from] item: Life Orb\n|\n|upkeep\n|\n|t:|1781454941\n|switch|p2a: Ho-Oh|Ho-Oh, L71|116/268\n|turn|19\n|\n|t:|1781454945\n|switch|p2a: Gumshoos|Gumshoos, L95, F|321/321\n|-damage|p2a: Gumshoos|281/321|[from] Spikes\n|move|p1a: Mewtwo|Psystrike|p2a: Gumshoos\n|-damage|p2a: Gumshoos|104/321\n|-damage|p1a: Mewtwo|191/272|[from] item: Life Orb\n|\n|upkeep\n|turn|20\n|\n|t:|1781454954\n|move|p1a: Mewtwo|Psystrike|p2a: Gumshoos\n|-damage|p2a: Gumshoos|0 fnt\n|faint|p2a: Gumshoos\n|-damage|p1a: Mewtwo|164/272|[from] item: Life Orb\n|\n|upkeep\n|\n|t:|1781454959\n|switch|p2a: Ho-Oh|Ho-Oh, L71|205/268\n|turn|21\n|\n|t:|1781454974\n|move|p1a: Mewtwo|Psystrike|p2a: Ho-Oh\n|-damage|p2a: Ho-Oh|30/268\n|-damage|p1a: Mewtwo|137/272|[from] item: Life Orb\n|move|p2a: Ho-Oh|Brave Bird|p1a: Mewtwo\n|-damage|p1a: Mewtwo|14/272\n|-damage|p2a: Ho-Oh|0 fnt|[from] Recoil\n|faint|p2a: Ho-Oh\n|\n|upkeep\n|\n|t:|1781454982\n|switch|p2a: Lugia|Lugia, L73|275/275\n|turn|22\n|\n|t:|1781454997\n|move|p1a: Mewtwo|Psystrike|p2a: Lugia\n|-resisted|p2a: Lugia\n|-damage|p2a: Lugia|246/275\n|-damage|p1a: Mewtwo|0 fnt|[from] item: Life Orb\n|faint|p1a: Mewtwo\n|move|p2a: Lugia|Calm Mind|p2a: Lugia\n|-boost|p2a: Lugia|spa|1\n|-boost|p2a: Lugia|spd|1\n|\n|upkeep\n|\n|t:|1781454999\n|switch|p1a: Grafaiai|Grafaiai, L86, M|249/249\n|turn|23\n|\n|t:|1781455006\n|move|p1a: Grafaiai|Encore|p2a: Lugia\n|-start|p2a: Lugia|Encore\n|move|p2a: Lugia|Calm Mind|p2a: Lugia\n|-boost|p2a: Lugia|spa|1\n|-boost|p2a: Lugia|spd|1\n|\n|upkeep\n|turn|24\n|\n|t:|1781455012\n|-terastallize|p1a: Grafaiai|Dark\n|-terastallize|p2a: Lugia|Ground\n|move|p1a: Grafaiai|Knock Off|p2a: Lugia\n|-damage|p2a: Lugia|162/275\n|-enditem|p2a: Lugia|Heavy-Duty Boots|[from] move: Knock Off|[of] p1a: Grafaiai\n|move|p2a: Lugia|Calm Mind|p2a: Lugia\n|-boost|p2a: Lugia|spa|1\n|-boost|p2a: Lugia|spd|1\n|\n|upkeep\n|turn|25\n|\n|t:|1781455018\n|move|p1a: Grafaiai|Knock Off|p2a: Lugia\n|-damage|p2a: Lugia|102/275\n|move|p2a: Lugia|Calm Mind|p2a: Lugia\n|-boost|p2a: Lugia|spa|1\n|-boost|p2a: Lugia|spd|1\n|\n|-end|p2a: Lugia|Encore\n|upkeep\n|turn|26\n|\n|t:|1781455023\n|move|p1a: Grafaiai|Encore|p2a: Lugia\n|-start|p2a: Lugia|Encore\n|move|p2a: Lugia|Calm Mind|p2a: Lugia\n|-boost|p2a: Lugia|spa|1\n|-boost|p2a: Lugia|spd|1\n|\n|upkeep\n|turn|27\n|-message|TheKingofGlers forfeited.\n|\n|win|Shoko7\n|raw|Shoko7's rating: 1575 &rarr; <strong>1597</strong><br />(+22 for winning)\n|raw|TheKingofGlers's rating: 1612 &rarr; <strong>1590</strong><br />(-22 for losing)\n|l|\u2606TheKingofGlers\n|player|p2|\n", "uploadtime": 1781455126, "views": 2, "formatid": "gen9randombattle", "rating": 1590, "private": 0, "password": null}