{"id": "gen9randombattle-2631619961", "format": "[Gen 9] Random Battle", "players": ["zenkijooj", "LiggyLiggy"], "log": "|j|\u2606zenkijooj\n|j|\u203dLiggyLiggy\n|t:|1781409940\n|gametype|singles\n|player|p1|zenkijooj|rosa|1924\n|player|p2|LiggyLiggy|169|1889\n|gen|9\n|tier|[Gen 9] Random Battle\n|rated|\n|rule|Species Clause: Limit one of each Pok\u00e9mon\n|rule|HP Percentage Mod: HP is shown in percentages\n|rule|Sleep Clause Mod: Limit one foe put to sleep\n|rule|Illusion Level Mod: Illusion disguises the Pok\u00e9mon's true level\n|\n|t:|1781409940\n|teamsize|p1|6\n|teamsize|p2|6\n|start\n|switch|p1a: Passimian|Passimian, L83, M|302/302\n|switch|p2a: Basculin|Basculin, L86, F|261/261\n|turn|1\n|inactive|Battle timer is ON: inactive players will automatically lose when time's up. (requested by LiggyLiggy)\n|\n|t:|1781409956\n|move|p2a: Basculin|Flip Turn|p1a: Passimian\n|-damage|p1a: Passimian|178/302\n|\n|t:|1781409971\n|switch|p2a: Klefki|Klefki, L84, M|233/233|[from] Flip Turn\n|move|p1a: Passimian|Drain Punch|p2a: Klefki\n|-damage|p2a: Klefki|146/233\n|-heal|p1a: Passimian|222/302|[from] drain|[of] p2a: Klefki\n|\n|-heal|p1a: Passimian|240/302|[from] item: Leftovers\n|-heal|p2a: Klefki|160/233|[from] item: Leftovers\n|upkeep\n|turn|2\n|\n|t:|1781409986\n|move|p1a: Passimian|Drain Punch|p2a: Klefki\n|-damage|p2a: Klefki|67/233\n|-heal|p1a: Passimian|287/302|[from] drain|[of] p2a: Klefki\n|move|p2a: Klefki|Dazzling Gleam|p1a: Passimian\n|-supereffective|p1a: Passimian\n|-damage|p1a: Passimian|83/302\n|\n|-heal|p1a: Passimian|101/302|[from] item: Leftovers\n|-heal|p2a: Klefki|81/233|[from] item: Leftovers\n|upkeep\n|turn|3\n|\n|t:|1781410010\n|move|p2a: Klefki|Thunder Wave|p1a: Passimian\n|-status|p1a: Passimian|par\n|cant|p1a: Passimian|par\n|\n|-heal|p2a: Klefki|95/233|[from] item: Leftovers\n|-heal|p1a: Passimian|119/302 par|[from] item: Leftovers\n|upkeep\n|turn|4\n|\n|t:|1781410025\n|move|p2a: Klefki|Dazzling Gleam|p1a: Passimian\n|-supereffective|p1a: Passimian\n|-damage|p1a: Passimian|0 fnt\n|faint|p1a: Passimian\n|\n|-heal|p2a: Klefki|109/233|[from] item: Leftovers\n|upkeep\n|\n|t:|1781410037\n|switch|p1a: Gouging Fire|Gouging Fire, L74|277/277\n|turn|5\n|\n|t:|1781410064\n|move|p2a: Klefki|Thunder Wave|p1a: Gouging Fire\n|-status|p1a: Gouging Fire|par\n|move|p1a: Gouging Fire|Heat Crash|p2a: Klefki\n|-supereffective|p2a: Klefki\n|-crit|p2a: Klefki\n|-damage|p2a: Klefki|0 fnt\n|faint|p2a: Klefki\n|\n|upkeep\n|\n|t:|1781410073\n|switch|p2a: Porygon-Z|Porygon-Z, L83|277/277\n|turn|6\n|\n|t:|1781410090\n|move|p2a: Porygon-Z|Nasty Plot|p2a: Porygon-Z\n|-boost|p2a: Porygon-Z|spa|2\n|move|p1a: Gouging Fire|Heat Crash|p2a: Porygon-Z\n|-damage|p2a: Porygon-Z|147/277\n|\n|upkeep\n|turn|7\n|\n|t:|1781410107\n|move|p2a: Porygon-Z|Tera Blast|p1a: Gouging Fire\n|-damage|p1a: Gouging Fire|0 fnt\n|faint|p1a: Gouging Fire\n|-end|p1a: Gouging Fire|Protosynthesis|[silent]\n|-damage|p2a: Porygon-Z|120/277|[from] item: Life Orb\n|\n|upkeep\n|\n|t:|1781410126\n|switch|p1a: Zangoose|Zangoose, L85, F|263/263\n|turn|8\n|\n|t:|1781410132\n|move|p1a: Zangoose|Close Combat|p2a: Porygon-Z\n|-supereffective|p2a: Porygon-Z\n|-damage|p2a: Porygon-Z|0 fnt\n|-unboost|p1a: Zangoose|def|1\n|-unboost|p1a: Zangoose|spd|1\n|faint|p2a: Porygon-Z\n|\n|-status|p1a: Zangoose|tox|[from] item: Toxic Orb\n|upkeep\n|\n|t:|1781410136\n|switch|p2a: Basculin|Basculin, L86, F|261/261\n|turn|9\n|\n|t:|1781410144\n|switch|p1a: Barraskewda|Barraskewda, L81, F|231/231\n|move|p2a: Basculin|Wave Crash|p1a: Barraskewda\n|-resisted|p1a: Barraskewda\n|-damage|p1a: Barraskewda|53/231\n|-damage|p2a: Basculin|202/261|[from] Recoil\n|\n|upkeep\n|turn|10\n|\n|t:|1781410157\n|move|p1a: Barraskewda|Close Combat|p2a: Basculin\n|-damage|p2a: Basculin|23/261\n|-unboost|p1a: Barraskewda|def|1\n|-unboost|p1a: Barraskewda|spd|1\n|move|p2a: Basculin|Wave Crash|p1a: Barraskewda\n|-resisted|p1a: Barraskewda\n|-damage|p1a: Barraskewda|0 fnt\n|faint|p1a: Barraskewda\n|-damage|p2a: Basculin|6/261|[from] Recoil\n|\n|upkeep\n|\n|t:|1781410174\n|switch|p1a: Honchkrow|Honchkrow, L86, M|312/312\n|turn|11\n|\n|t:|1781410182\n|switch|p2a: Excadrill|Excadrill, L79, M|303/303\n|-ability|p2a: Excadrill|Mold Breaker\n|move|p1a: Honchkrow|Sucker Punch||[still]\n|-fail|p1a: Honchkrow\n|\n|upkeep\n|turn|12\n|\n|t:|1781410188\n|move|p2a: Excadrill|Swords Dance|p2a: Excadrill\n|-boost|p2a: Excadrill|atk|2\n|move|p1a: Honchkrow|Heat Wave|p2a: Excadrill\n|-supereffective|p2a: Excadrill\n|-damage|p2a: Excadrill|97/303\n|\n|-heal|p2a: Excadrill|115/303|[from] item: Leftovers\n|upkeep\n|turn|13\n|\n|t:|1781410193\n|move|p1a: Honchkrow|Sucker Punch|p2a: Excadrill\n|-damage|p2a: Excadrill|0 fnt\n|faint|p2a: Excadrill\n|-ability|p1a: Honchkrow|Moxie|boost\n|-boost|p1a: Honchkrow|atk|1\n|\n|upkeep\n|\n|t:|1781410199\n|switch|p2a: Poliwrath|Poliwrath, L88, F|302/302\n|turn|14\n|\n|t:|1781410206\n|-terastallize|p2a: Poliwrath|Steel\n|move|p2a: Poliwrath|Bulk Up|p2a: Poliwrath\n|-boost|p2a: Poliwrath|atk|1\n|-boost|p2a: Poliwrath|def|1\n|move|p1a: Honchkrow|Brave Bird|p2a: Poliwrath\n|-resisted|p2a: Poliwrath\n|-damage|p2a: Poliwrath|227/302\n|-damage|p1a: Honchkrow|287/312|[from] Recoil\n|\n|-heal|p2a: Poliwrath|245/302|[from] item: Leftovers\n|upkeep\n|turn|15\n|\n|t:|1781410214\n|move|p2a: Poliwrath|Drain Punch|p1a: Honchkrow\n|-damage|p1a: Honchkrow|109/312\n|-heal|p2a: Poliwrath|302/302|[from] drain|[of] p1a: Honchkrow\n|move|p1a: Honchkrow|Heat Wave|p2a: Poliwrath\n|-supereffective|p2a: Poliwrath\n|-damage|p2a: Poliwrath|168/302\n|-status|p2a: Poliwrath|brn\n|\n|-heal|p2a: Poliwrath|186/302 brn|[from] item: Leftovers\n|-damage|p2a: Poliwrath|168/302 brn|[from] brn\n|upkeep\n|turn|16\n|\n|t:|1781410223\n|move|p2a: Poliwrath|Drain Punch|p1a: Honchkrow\n|-damage|p1a: Honchkrow|14/312\n|-heal|p2a: Poliwrath|216/302 brn|[from] drain|[of] p1a: Honchkrow\n|move|p1a: Honchkrow|Heat Wave|p2a: Poliwrath\n|-supereffective|p2a: Poliwrath\n|-damage|p2a: Poliwrath|66/302 brn\n|\n|-heal|p2a: Poliwrath|84/302 brn|[from] item: Leftovers\n|-damage|p2a: Poliwrath|66/302 brn|[from] brn\n|upkeep\n|turn|17\n|inactive|LiggyLiggy has 120 seconds left.\n|\n|t:|1781410269\n|move|p1a: Honchkrow|Sucker Punch||[still]\n|-fail|p1a: Honchkrow\n|move|p2a: Poliwrath|Bulk Up|p2a: Poliwrath\n|-boost|p2a: Poliwrath|atk|1\n|-boost|p2a: Poliwrath|def|1\n|\n|-heal|p2a: Poliwrath|84/302 brn|[from] item: Leftovers\n|-damage|p2a: Poliwrath|66/302 brn|[from] brn\n|upkeep\n|turn|18\n|\n|t:|1781410274\n|move|p1a: Honchkrow|Sucker Punch|p2a: Poliwrath\n|-damage|p2a: Poliwrath|0 fnt\n|faint|p2a: Poliwrath\n|-ability|p1a: Honchkrow|Moxie|boost\n|-boost|p1a: Honchkrow|atk|1\n|\n|upkeep\n|\n|t:|1781410277\n|switch|p2a: Basculin|Basculin, L86, F|6/261\n|turn|19\n|\n|t:|1781410280\n|move|p2a: Basculin|Aqua Jet|p1a: Honchkrow\n|-damage|p1a: Honchkrow|0 fnt\n|faint|p1a: Honchkrow\n|\n|upkeep\n|\n|t:|1781410287\n|switch|p1a: Zangoose|Zangoose, L85, F|263/263 tox\n|turn|20\n|\n|t:|1781410295\n|move|p2a: Basculin|Aqua Jet|p1a: Zangoose\n|-damage|p1a: Zangoose|161/263 tox\n|move|p1a: Zangoose|Quick Attack|p2a: Basculin\n|-damage|p2a: Basculin|0 fnt\n|faint|p2a: Basculin\n|\n|-damage|p1a: Zangoose|145/263 tox|[from] psn\n|upkeep\n|\n|t:|1781410301\n|switch|p2a: Chesnaught|Chesnaught, L84, M|285/285\n|turn|21\n|\n|t:|1781410308\n|move|p1a: Zangoose|Facade|p2a: Chesnaught\n|-damage|p2a: Chesnaught|99/285\n|move|p2a: Chesnaught|Trailblaze|p1a: Zangoose\n|-damage|p1a: Zangoose|76/263 tox\n|-boost|p2a: Chesnaught|spe|1\n|\n|-heal|p2a: Chesnaught|116/285|[from] item: Leftovers\n|-damage|p1a: Zangoose|44/263 tox|[from] psn\n|upkeep\n|turn|22\n|\n|t:|1781410321\n|move|p1a: Zangoose|Quick Attack|p2a: Chesnaught\n|-damage|p2a: Chesnaught|53/285\n|move|p2a: Chesnaught|Synthesis|p2a: Chesnaught\n|-heal|p2a: Chesnaught|195/285\n|\n|-heal|p2a: Chesnaught|212/285|[from] item: Leftovers\n|-damage|p1a: Zangoose|0 fnt|[from] psn\n|faint|p1a: Zangoose\n|upkeep\n|\n|t:|1781410324\n|switch|p1a: Typhlosion|Typhlosion, L84, M|267/267\n|turn|23\n|\n|t:|1781410329\n|move|p1a: Typhlosion|Eruption|p2a: Chesnaught\n|-supereffective|p2a: Chesnaught\n|-damage|p2a: Chesnaught|0 fnt\n|faint|p2a: Chesnaught\n|\n|win|zenkijooj\n|raw|zenkijooj's rating: 1924 &rarr; <strong>1943</strong><br />(+19 for winning)\n|raw|LiggyLiggy's rating: 1911 &rarr; <strong>1892</strong><br />(-19 for losing)\n", "uploadtime": 1781410329, "views": 2, "formatid": "gen9randombattle", "rating": 1892, "private": 0, "password": null}