{"id": "gen9randombattle-2631785536", "format": "[Gen 9] Random Battle", "players": ["Crysys1", "BoonLikker"], "log": "|j|\u2606Crysys1\n|j|\u2606BoonLikker\n|t:|1781439343\n|gametype|singles\n|player|p1|Crysys1|265|2270\n|player|p2|BoonLikker|1|2143\n|gen|9\n|tier|[Gen 9] Random Battle\n|rated|\n|rule|Species Clause: Limit one of each Pok\u00e9mon\n|rule|HP Percentage Mod: HP is shown in percentages\n|rule|Sleep Clause Mod: Limit one foe put to sleep\n|rule|Illusion Level Mod: Illusion disguises the Pok\u00e9mon's true level\n|\n|t:|1781439343\n|teamsize|p1|6\n|teamsize|p2|6\n|start\n|switch|p1a: Diancie|Diancie, L82|216/216\n|switch|p2a: Decidueye|Decidueye-Hisui, L87, F|295/295\n|turn|1\n|inactive|Battle timer is ON: inactive players will automatically lose when time's up. (requested by BoonLikker)\n|inactive|Crysys1 has 120 seconds left.\n|\n|t:|1781439433\n|switch|p1a: Calyrex|Calyrex, L93|337/337\n|-ability|p1a: Calyrex|Unnerve\n|move|p2a: Decidueye|Leaf Blade|p1a: Calyrex\n|-resisted|p1a: Calyrex\n|-damage|p1a: Calyrex|284/337\n|\n|-heal|p1a: Calyrex|305/337|[from] item: Leftovers\n|upkeep\n|turn|2\n|\n|t:|1781439446\n|switch|p2a: Hydrapple|Hydrapple, L83, F|312/312\n|move|p1a: Calyrex|Calm Mind|p1a: Calyrex\n|-boost|p1a: Calyrex|spa|1\n|-boost|p1a: Calyrex|spd|1\n|\n|-heal|p1a: Calyrex|326/337|[from] item: Leftovers\n|upkeep\n|turn|3\n|\n|t:|1781439459\n|move|p1a: Calyrex|Psyshock|p2a: Hydrapple\n|-damage|p2a: Hydrapple|198/312\n|move|p2a: Hydrapple|Dragon Tail|p1a: Calyrex|[miss]\n|-miss|p2a: Hydrapple|p1a: Calyrex\n|\n|-heal|p1a: Calyrex|337/337|[from] item: Leftovers\n|upkeep\n|turn|4\n|\n|t:|1781439466\n|move|p1a: Calyrex|Psyshock|p2a: Hydrapple\n|-damage|p2a: Hydrapple|78/312\n|move|p2a: Hydrapple|Dragon Tail|p1a: Calyrex\n|-damage|p1a: Calyrex|282/337\n|drag|p1a: Bellossom|Bellossom, L84, M|263/263\n|\n|upkeep\n|turn|5\n|\n|t:|1781439483\n|switch|p2a: Typhlosion|Typhlosion-Hisui, L83, F|257/257\n|move|p1a: Bellossom|Quiver Dance|p1a: Bellossom\n|-boost|p1a: Bellossom|spa|1\n|-boost|p1a: Bellossom|spd|1\n|-boost|p1a: Bellossom|spe|1\n|\n|upkeep\n|turn|6\n|\n|t:|1781439492\n|switch|p1a: Diancie|Diancie, L82|216/216\n|-terastallize|p2a: Typhlosion|Fire\n|move|p2a: Typhlosion|Eruption|p1a: Diancie\n|-resisted|p1a: Diancie\n|-damage|p1a: Diancie|83/216\n|\n|-heal|p1a: Diancie|96/216|[from] item: Leftovers\n|upkeep\n|turn|7\n|\n|t:|1781439498\n|move|p2a: Typhlosion|Eruption|p1a: Diancie\n|-resisted|p1a: Diancie\n|-damage|p1a: Diancie|0 fnt\n|faint|p1a: Diancie\n|\n|upkeep\n|\n|t:|1781439503\n|switch|p1a: Oinkologne|Oinkologne-F, L92, F|361/361\n|turn|8\n|\n|t:|1781439517\n|switch|p2a: Decidueye|Decidueye-Hisui, L87, F|295/295\n|move|p1a: Oinkologne|Body Slam|p2a: Decidueye\n|-damage|p2a: Decidueye|196/295\n|\n|-heal|p2a: Decidueye|214/295|[from] item: Leftovers\n|upkeep\n|turn|9\n|inactive|Crysys1 has 120 seconds left.\n|inactive|Crysys1 has 90 seconds left.\n|\n|t:|1781439593\n|switch|p1a: Calyrex|Calyrex, L93|282/337\n|-ability|p1a: Calyrex|Unnerve\n|move|p2a: Decidueye|Triple Arrows|p1a: Calyrex\n|-resisted|p1a: Calyrex\n|-damage|p1a: Calyrex|226/337\n|-unboost|p1a: Calyrex|def|1\n|\n|-heal|p1a: Calyrex|247/337|[from] item: Leftovers\n|-heal|p2a: Decidueye|232/295|[from] item: Leftovers\n|upkeep\n|turn|10\n|\n|t:|1781439601\n|switch|p2a: Hydrapple|Hydrapple, L83, F|182/312\n|move|p1a: Calyrex|Psyshock|p2a: Hydrapple\n|-damage|p2a: Hydrapple|106/312\n|\n|-heal|p1a: Calyrex|268/337|[from] item: Leftovers\n|upkeep\n|turn|11\n|inactive|Crysys1 has 90 seconds left.\n|\n|t:|1781439607\n|move|p1a: Calyrex|Psyshock|p2a: Hydrapple\n|-damage|p2a: Hydrapple|22/312\n|move|p2a: Hydrapple|Dragon Tail|p1a: Calyrex\n|-damage|p1a: Calyrex|189/337\n|drag|p1a: Spectrier|Spectrier, L75|274/274\n|\n|upkeep\n|turn|12\n|inactive|BoonLikker has 120 seconds left.\n|\n|t:|1781439653\n|switch|p2a: Keldeo|Keldeo-Resolute, L79|273/273\n|move|p1a: Spectrier|Shadow Ball|p2a: Keldeo\n|-damage|p2a: Keldeo|139/273\n|-unboost|p2a: Keldeo|spd|1\n|-damage|p1a: Spectrier|247/274|[from] item: Life Orb\n|\n|-heal|p2a: Keldeo|156/273|[from] item: Leftovers\n|upkeep\n|turn|13\n|inactive|BoonLikker has 90 seconds left.\n|\n|t:|1781439695\n|switch|p2a: Hydrapple|Hydrapple, L83, F|126/312\n|move|p1a: Spectrier|Shadow Ball|p2a: Hydrapple\n|-crit|p2a: Hydrapple\n|-damage|p2a: Hydrapple|0 fnt\n|faint|p2a: Hydrapple\n|-ability|p1a: Spectrier|Grim Neigh|boost\n|-boost|p1a: Spectrier|spa|1\n|-damage|p1a: Spectrier|220/274|[from] item: Life Orb\n|\n|upkeep\n|\n|t:|1781439697\n|switch|p2a: Typhlosion|Typhlosion-Hisui, L83, F, tera:Fire|257/257\n|turn|14\n|\n|t:|1781439704\n|switch|p1a: Oinkologne|Oinkologne-F, L92, F|361/361\n|move|p2a: Typhlosion|Fire Blast|p1a: Oinkologne\n|-damage|p1a: Oinkologne|233/361\n|\n|-heal|p1a: Oinkologne|255/361|[from] item: Leftovers\n|upkeep\n|turn|15\n|inactive|BoonLikker has 90 seconds left.\n|\n|t:|1781439715\n|switch|p2a: Decidueye|Decidueye-Hisui, L87, F|232/295\n|switch|p1a: Spectrier|Spectrier, L75|220/274\n|\n|-heal|p2a: Decidueye|250/295|[from] item: Leftovers\n|upkeep\n|turn|16\n|\n|t:|1781439720\n|move|p1a: Spectrier|Nasty Plot|p1a: Spectrier\n|-boost|p1a: Spectrier|spa|2\n|move|p2a: Decidueye|Leaf Blade|p1a: Spectrier\n|-damage|p1a: Spectrier|52/274\n|\n|-heal|p2a: Decidueye|268/295|[from] item: Leftovers\n|upkeep\n|turn|17\n|\n|t:|1781439736\n|-terastallize|p1a: Spectrier|Fairy\n|move|p1a: Spectrier|Draining Kiss|p2a: Decidueye\n|-supereffective|p2a: Decidueye\n|-damage|p2a: Decidueye|0 fnt\n|-heal|p1a: Spectrier|253/274|[from] drain|[of] p2a: Decidueye\n|faint|p2a: Decidueye\n|-ability|p1a: Spectrier|Grim Neigh|boost\n|-boost|p1a: Spectrier|spa|1\n|-damage|p1a: Spectrier|226/274|[from] item: Life Orb\n|\n|upkeep\n|-message|BoonLikker forfeited.\n|\n|win|Crysys1\n", "uploadtime": 1781439345, "views": 3, "formatid": "gen9randombattle", "rating": null, "private": 0, "password": null}