{"id": "gen9randombattle-2631827948", "format": "[Gen 9] Random Battle", "players": ["Elysia_773", "beanburrito1017"], "log": "|j|\u2606Elysia_773\n|j|\u2606beanburrito1017\n|t:|1781445279\n|gametype|singles\n|player|p1|Elysia_773|miku-flying|2073\n|player|p2|beanburrito1017|169|2039\n|gen|9\n|tier|[Gen 9] Random Battle\n|rated|\n|rule|Species Clause: Limit one of each Pok\u00e9mon\n|rule|HP Percentage Mod: HP is shown in percentages\n|rule|Sleep Clause Mod: Limit one foe put to sleep\n|rule|Illusion Level Mod: Illusion disguises the Pok\u00e9mon's true level\n|\n|t:|1781445279\n|teamsize|p1|6\n|teamsize|p2|6\n|start\n|switch|p1a: Enamorus|Enamorus, L79, F|247/247\n|switch|p2a: Oricorio|Oricorio, L84, F|263/263\n|turn|1\n|inactive|Battle timer is ON: inactive players will automatically lose when time's up. (requested by Elysia_773)\n|\n|t:|1781445290\n|move|p1a: Enamorus|Taunt|p2a: Oricorio\n|-start|p2a: Oricorio|move: Taunt\n|cant|p2a: Oricorio|move: Taunt|Quiver Dance\n|\n|upkeep\n|turn|2\n|\n|t:|1781445297\n|switch|p1a: Wugtrio|Wugtrio, L91, F|212/212\n|move|p2a: Oricorio|Hurricane|p1a: Wugtrio|[miss]\n|-miss|p2a: Oricorio|p1a: Wugtrio\n|\n|upkeep\n|turn|3\n|\n|t:|1781445305\n|switch|p2a: Iron Bundle|Iron Bundle, L78|215/215\n|move|p1a: Wugtrio|Liquidation|p2a: Iron Bundle\n|-resisted|p2a: Iron Bundle\n|-damage|p2a: Iron Bundle|147/215\n|\n|upkeep\n|turn|4\n|\n|t:|1781445314\n|switch|p1a: Illumise|Illumise, L91, F|266/266\n|move|p2a: Iron Bundle|Freeze-Dry|p1a: Illumise\n|-damage|p1a: Illumise|197/266\n|\n|upkeep\n|turn|5\n|\n|t:|1781445323\n|-end|p2a: Iron Bundle|Quark Drive|[silent]\n|switch|p2a: Camerupt|Camerupt, L91, F|275/275\n|move|p1a: Illumise|Thunder Wave|p2a: Camerupt\n|-immune|p2a: Camerupt\n|\n|upkeep\n|turn|6\n|\n|t:|1781445331\n|switch|p1a: Hippowdon|Hippowdon, L82, M|311/311\n|-weather|Sandstorm|[from] ability: Sand Stream|[of] p1a: Hippowdon\n|move|p2a: Camerupt|Stealth Rock|p1a: Hippowdon\n|-sidestart|p1: Elysia_773|move: Stealth Rock\n|\n|-weather|Sandstorm|[upkeep]\n|upkeep\n|turn|7\n|\n|t:|1781445341\n|switch|p2a: Oricorio|Oricorio, L84, F|263/263\n|move|p1a: Hippowdon|Stealth Rock|p2a: Oricorio\n|-sidestart|p2: beanburrito1017|move: Stealth Rock\n|\n|-weather|Sandstorm|[upkeep]\n|-damage|p2a: Oricorio|247/263|[from] Sandstorm\n|upkeep\n|turn|8\n|\n|t:|1781445346\n|move|p2a: Oricorio|Quiver Dance|p2a: Oricorio\n|-boost|p2a: Oricorio|spa|1\n|-boost|p2a: Oricorio|spd|1\n|-boost|p2a: Oricorio|spe|1\n|move|p1a: Hippowdon|Whirlwind|p2a: Oricorio\n|drag|p2a: Camerupt|Camerupt, L91, F|275/275\n|-damage|p2a: Camerupt|241/275|[from] Stealth Rock\n|\n|-weather|Sandstorm|[upkeep]\n|-heal|p2a: Camerupt|258/275|[from] item: Leftovers\n|upkeep\n|turn|9\n|\n|t:|1781445355\n|move|p2a: Camerupt|Overheat|p1a: Hippowdon\n|-damage|p1a: Hippowdon|95/311\n|-unboost|p2a: Camerupt|spa|2\n|move|p1a: Hippowdon|Earthquake|p2a: Camerupt\n|-supereffective|p2a: Camerupt\n|-damage|p2a: Camerupt|63/275\n|\n|-weather|Sandstorm|[upkeep]\n|-heal|p2a: Camerupt|80/275|[from] item: Leftovers\n|upkeep\n|turn|10\n|\n|t:|1781445366\n|switch|p1a: Enamorus|Enamorus, L79, F|247/247\n|-damage|p1a: Enamorus|186/247|[from] Stealth Rock\n|move|p2a: Camerupt|Earthquake|p1a: Enamorus\n|-immune|p1a: Enamorus\n|\n|-weather|none\n|-heal|p1a: Enamorus|201/247|[from] item: Leftovers\n|-heal|p2a: Camerupt|97/275|[from] item: Leftovers\n|upkeep\n|turn|11\n|\n|t:|1781445374\n|move|p1a: Enamorus|Superpower|p2a: Camerupt\n|-damage|p2a: Camerupt|0 fnt\n|-boost|p1a: Enamorus|atk|1\n|-boost|p1a: Enamorus|def|1\n|faint|p2a: Camerupt\n|\n|-heal|p1a: Enamorus|216/247|[from] item: Leftovers\n|upkeep\n|\n|t:|1781445382\n|switch|p2a: Iron Bundle|Iron Bundle, L78|147/215\n|turn|12\n|\n|t:|1781445395\n|-terastallize|p1a: Enamorus|Fighting\n|move|p2a: Iron Bundle|Freeze-Dry|p1a: Enamorus\n|-damage|p1a: Enamorus|129/247\n|move|p1a: Enamorus|Superpower|p2a: Iron Bundle\n|-supereffective|p2a: Iron Bundle\n|-damage|p2a: Iron Bundle|0 fnt\n|-boost|p1a: Enamorus|atk|1\n|-boost|p1a: Enamorus|def|1\n|faint|p2a: Iron Bundle\n|-end|p2a: Iron Bundle|Quark Drive|[silent]\n|\n|-heal|p1a: Enamorus|144/247|[from] item: Leftovers\n|upkeep\n|\n|t:|1781445409\n|switch|p2a: Iron Leaves|Iron Leaves, L80|275/275\n|-damage|p2a: Iron Leaves|241/275|[from] Stealth Rock\n|turn|13\n|\n|t:|1781445418\n|move|p2a: Iron Leaves|Psyblade|p1a: Enamorus\n|-supereffective|p1a: Enamorus\n|-damage|p1a: Enamorus|0 fnt\n|faint|p1a: Enamorus\n|\n|upkeep\n|\n|t:|1781445424\n|switch|p1a: Skuntank|Skuntank, L84, M|310/310\n|-damage|p1a: Skuntank|272/310|[from] Stealth Rock\n|turn|14\n|\n|t:|1781445431\n|-end|p2a: Iron Leaves|Quark Drive|[silent]\n|switch|p2a: Flamigo|Flamigo, L82, F|269/269\n|-damage|p2a: Flamigo|236/269|[from] Stealth Rock\n|move|p1a: Skuntank|Knock Off|p2a: Flamigo\n|-resisted|p2a: Flamigo\n|-damage|p2a: Flamigo|155/269\n|-enditem|p2a: Flamigo|Choice Band|[from] move: Knock Off|[of] p1a: Skuntank\n|-damage|p1a: Skuntank|241/310|[from] item: Life Orb\n|\n|upkeep\n|turn|15\n|\n|t:|1781445437\n|move|p2a: Flamigo|Close Combat|p1a: Skuntank\n|-damage|p1a: Skuntank|76/310\n|-unboost|p2a: Flamigo|def|1\n|-unboost|p2a: Flamigo|spd|1\n|move|p1a: Skuntank|Gunk Shot|p2a: Flamigo\n|-damage|p2a: Flamigo|0 fnt\n|faint|p2a: Flamigo\n|-damage|p1a: Skuntank|45/310|[from] item: Life Orb\n|\n|upkeep\n|\n|t:|1781445444\n|switch|p2a: Oricorio|Oricorio, L84, F|247/263\n|turn|16\n|\n|t:|1781445447\n|move|p1a: Skuntank|Sucker Punch|p2a: Oricorio\n|-damage|p2a: Oricorio|144/263\n|-damage|p1a: Skuntank|14/310|[from] item: Life Orb\n|move|p2a: Oricorio|Revelation Dance|p1a: Skuntank\n|-damage|p1a: Skuntank|0 fnt\n|faint|p1a: Skuntank\n|\n|upkeep\n|\n|t:|1781445452\n|switch|p1a: Wugtrio|Wugtrio, L91, F|212/212\n|-damage|p1a: Wugtrio|186/212|[from] Stealth Rock\n|turn|17\n|\n|t:|1781445456\n|switch|p2a: Iron Leaves|Iron Leaves, L80|241/275\n|-damage|p2a: Iron Leaves|207/275|[from] Stealth Rock\n|move|p1a: Wugtrio|Throat Chop|p2a: Iron Leaves\n|-supereffective|p2a: Iron Leaves\n|-damage|p2a: Iron Leaves|0 fnt\n|faint|p2a: Iron Leaves\n|-end|p2a: Iron Leaves|Quark Drive|[silent]\n|\n|upkeep\n|\n|t:|1781445473\n|switch|p2a: Oricorio|Oricorio, L84, F|144/263\n|turn|18\n|\n|t:|1781445480\n|switch|p1a: Hippowdon|Hippowdon, L82, M|95/311\n|-damage|p1a: Hippowdon|76/311|[from] Stealth Rock\n|-weather|Sandstorm|[from] ability: Sand Stream|[of] p1a: Hippowdon\n|move|p2a: Oricorio|Hurricane|p1a: Hippowdon\n|-damage|p1a: Hippowdon|0 fnt\n|faint|p1a: Hippowdon\n|\n|-weather|Sandstorm|[upkeep]\n|-damage|p2a: Oricorio|128/263|[from] Sandstorm\n|upkeep\n|\n|t:|1781445484\n|switch|p1a: Wugtrio|Wugtrio, L91, F|186/212\n|-damage|p1a: Wugtrio|160/212|[from] Stealth Rock\n|turn|19\n|\n|t:|1781445488\n|move|p1a: Wugtrio|Liquidation|p2a: Oricorio\n|-supereffective|p2a: Oricorio\n|-damage|p2a: Oricorio|0 fnt\n|faint|p2a: Oricorio\n|\n|-weather|Sandstorm|[upkeep]\n|-damage|p1a: Wugtrio|147/212|[from] Sandstorm\n|upkeep\n|\n|t:|1781445490\n|switch|p2a: Polteageist|Polteageist, L78|222/222\n|-damage|p2a: Polteageist|195/222|[from] Stealth Rock\n|turn|20\n|\n|t:|1781445498\n|switch|p1a: Illumise|Illumise, L91, F|197/266\n|move|p2a: Polteageist|Shell Smash|p2a: Polteageist\n|-unboost|p2a: Polteageist|def|1\n|-unboost|p2a: Polteageist|spd|1\n|-boost|p2a: Polteageist|atk|2\n|-boost|p2a: Polteageist|spa|2\n|-boost|p2a: Polteageist|spe|2\n|-enditem|p2a: Polteageist|White Herb\n|-clearnegativeboost|p2a: Polteageist|[silent]\n|\n|-weather|Sandstorm|[upkeep]\n|-damage|p2a: Polteageist|182/222|[from] Sandstorm\n|-damage|p1a: Illumise|181/266|[from] Sandstorm\n|upkeep\n|turn|21\n|\n|t:|1781445519\n|-terastallize|p2a: Polteageist|Dark\n|move|p1a: Illumise|Encore|p2a: Polteageist\n|-hint|Since gen 7, Dark is immune to Prankster moves.\n|-immune|p2a: Polteageist\n|move|p2a: Polteageist|Stored Power|p1a: Illumise\n|-damage|p1a: Illumise|0 fnt\n|faint|p1a: Illumise\n|\n|-weather|Sandstorm|[upkeep]\n|-damage|p2a: Polteageist|169/222|[from] Sandstorm\n|upkeep\n|\n|t:|1781445526\n|switch|p1a: Minun|Minun, L95, F|268/268\n|-damage|p1a: Minun|235/268|[from] Stealth Rock\n|turn|22\n|\n|t:|1781445540\n|move|p2a: Polteageist|Stored Power|p1a: Minun\n|-damage|p1a: Minun|44/268\n|move|p1a: Minun|Alluring Voice|p2a: Polteageist\n|-supereffective|p2a: Polteageist\n|-damage|p2a: Polteageist|26/222\n|-start|p1a: Minun|Disable|Alluring Voice|[from] ability: Cursed Body|[of] p2a: Polteageist\n|-damage|p1a: Minun|18/268|[from] item: Life Orb\n|\n|-weather|none\n|upkeep\n|turn|23\n|\n|t:|1781445548\n|move|p2a: Polteageist|Strength Sap|p1a: Minun\n|-unboost|p1a: Minun|atk|1\n|-heal|p2a: Polteageist|107/222\n|move|p1a: Minun|Thunderbolt|p2a: Polteageist\n|-damage|p2a: Polteageist|0 fnt\n|faint|p2a: Polteageist\n|-damage|p1a: Minun|0 fnt|[from] item: Life Orb\n|faint|p1a: Minun\n|\n|win|Elysia_773\n", "uploadtime": 1781445280, "views": 5, "formatid": "gen9randombattle", "rating": null, "private": 0, "password": null}