{"id": "gen9randombattle-2631812738", "format": "[Gen 9] Random Battle", "players": ["meme slurper", "FantasyWind"], "log": "|j|\u2606meme slurper\n|j|\u203dFantasyWind\n|t:|1781443295\n|gametype|singles\n|player|p1|meme slurper|burglar|1968\n|player|p2|FantasyWind|rosa|1905\n|gen|9\n|tier|[Gen 9] Random Battle\n|rated|\n|rule|Species Clause: Limit one of each Pok\u00e9mon\n|rule|HP Percentage Mod: HP is shown in percentages\n|rule|Sleep Clause Mod: Limit one foe put to sleep\n|rule|Illusion Level Mod: Illusion disguises the Pok\u00e9mon's true level\n|\n|t:|1781443295\n|teamsize|p1|6\n|teamsize|p2|6\n|start\n|switch|p1a: Arceus|Arceus-Psychic, L69|280/280\n|switch|p2a: Copperajah|Copperajah, L86, M|349/349\n|turn|1\n|inactive|Battle timer is ON: inactive players will automatically lose when time's up. (requested by meme slurper)\n|inactive|FantasyWind also wants the timer to be on.\n|\n|t:|1781443320\n|switch|p1a: Arbok|Arbok, L87, F|246/246\n|-ability|p1a: Arbok|Intimidate|boost\n|-unboost|p2a: Copperajah|atk|1\n|switch|p2a: Gliscor|Gliscor, L76, M|239/239\n|\n|-status|p2a: Gliscor|tox|[from] item: Toxic Orb\n|upkeep\n|turn|2\n|\n|t:|1781443325\n|switch|p1a: Scizor|Scizor, L79, M|240/240\n|move|p2a: Gliscor|Earthquake|p1a: Scizor\n|-damage|p1a: Scizor|150/240\n|\n|upkeep\n|turn|3\n|\n|t:|1781443328\n|move|p2a: Gliscor|Earthquake|p1a: Scizor\n|-damage|p1a: Scizor|66/240\n|move|p1a: Scizor|U-turn|p2a: Gliscor\n|-resisted|p2a: Gliscor\n|-damage|p2a: Gliscor|187/239 tox\n|\n|t:|1781443334\n|switch|p1a: Zangoose|Zangoose, L85, F|263/263|[from] U-turn\n|\n|-heal|p2a: Gliscor|216/239 tox|[from] ability: Poison Heal\n|-status|p1a: Zangoose|tox|[from] item: Toxic Orb\n|upkeep\n|turn|4\n|\n|t:|1781443341\n|switch|p2a: Forretress|Forretress, L84, M|263/263\n|move|p1a: Zangoose|Swords Dance|p1a: Zangoose\n|-boost|p1a: Zangoose|atk|2\n|\n|-damage|p1a: Zangoose|247/263 tox|[from] psn\n|upkeep\n|turn|5\n|\n|t:|1781443344\n|move|p1a: Zangoose|Facade|p2a: Forretress\n|-resisted|p2a: Forretress\n|-damage|p2a: Forretress|69/263\n|move|p2a: Forretress|Body Press|p1a: Zangoose\n|-supereffective|p1a: Zangoose\n|-damage|p1a: Zangoose|35/263 tox\n|\n|-heal|p2a: Forretress|85/263|[from] item: Leftovers\n|-damage|p1a: Zangoose|3/263 tox|[from] psn\n|upkeep\n|turn|6\n|\n|t:|1781443349\n|move|p1a: Zangoose|Facade|p2a: Forretress\n|-resisted|p2a: Forretress\n|-damage|p2a: Forretress|0 fnt\n|faint|p2a: Forretress\n|\n|-damage|p1a: Zangoose|0 fnt|[from] psn\n|faint|p1a: Zangoose\n|upkeep\n|\n|t:|1781443353\n|switch|p1a: Gastrodon|Gastrodon-East, L86, M|331/331\n|switch|p2a: Gliscor|Gliscor, L76, M|216/239 tox\n|turn|7\n|\n|t:|1781443356\n|move|p2a: Gliscor|Protect|p2a: Gliscor\n|-singleturn|p2a: Gliscor|Protect\n|move|p1a: Gastrodon|Surf|p2a: Gliscor\n|-activate|p2a: Gliscor|move: Protect\n|\n|-heal|p2a: Gliscor|239/239 tox|[from] ability: Poison Heal\n|upkeep\n|turn|8\n|\n|t:|1781443359\n|switch|p2a: Iron Hands|Iron Hands, L79|373/373\n|move|p1a: Gastrodon|Surf|p2a: Iron Hands\n|-damage|p2a: Iron Hands|286/373\n|\n|upkeep\n|turn|9\n|\n|t:|1781443363\n|move|p2a: Iron Hands|Drain Punch|p1a: Gastrodon\n|-damage|p1a: Gastrodon|211/331\n|-heal|p2a: Iron Hands|346/373|[from] drain|[of] p1a: Gastrodon\n|move|p1a: Gastrodon|Earthquake|p2a: Iron Hands\n|-supereffective|p2a: Iron Hands\n|-damage|p2a: Iron Hands|172/373\n|\n|-heal|p1a: Gastrodon|231/331|[from] item: Leftovers\n|upkeep\n|turn|10\n|\n|t:|1781443369\n|move|p2a: Iron Hands|Drain Punch|p1a: Gastrodon\n|-damage|p1a: Gastrodon|123/331\n|-heal|p2a: Iron Hands|226/373|[from] drain|[of] p1a: Gastrodon\n|move|p1a: Gastrodon|Surf|p2a: Iron Hands\n|-damage|p2a: Iron Hands|148/373\n|\n|-heal|p1a: Gastrodon|143/331|[from] item: Leftovers\n|upkeep\n|turn|11\n|\n|t:|1781443372\n|move|p2a: Iron Hands|Drain Punch|p1a: Gastrodon\n|-damage|p1a: Gastrodon|41/331\n|-heal|p2a: Iron Hands|199/373|[from] drain|[of] p1a: Gastrodon\n|move|p1a: Gastrodon|Recover|p1a: Gastrodon\n|-heal|p1a: Gastrodon|207/331\n|\n|-heal|p1a: Gastrodon|227/331|[from] item: Leftovers\n|upkeep\n|turn|12\n|\n|t:|1781443375\n|move|p2a: Iron Hands|Drain Punch|p1a: Gastrodon\n|-damage|p1a: Gastrodon|110/331\n|-heal|p2a: Iron Hands|258/373|[from] drain|[of] p1a: Gastrodon\n|move|p1a: Gastrodon|Earthquake|p2a: Iron Hands\n|-supereffective|p2a: Iron Hands\n|-damage|p2a: Iron Hands|78/373\n|\n|-heal|p1a: Gastrodon|130/331|[from] item: Leftovers\n|upkeep\n|turn|13\n|\n|t:|1781443377\n|move|p2a: Iron Hands|Drain Punch|p1a: Gastrodon\n|-damage|p1a: Gastrodon|13/331\n|-heal|p2a: Iron Hands|137/373|[from] drain|[of] p1a: Gastrodon\n|move|p1a: Gastrodon|Recover|p1a: Gastrodon\n|-heal|p1a: Gastrodon|179/331\n|\n|-heal|p1a: Gastrodon|199/331|[from] item: Leftovers\n|upkeep\n|turn|14\n|\n|t:|1781443380\n|move|p2a: Iron Hands|Drain Punch|p1a: Gastrodon\n|-damage|p1a: Gastrodon|91/331\n|-heal|p2a: Iron Hands|191/373|[from] drain|[of] p1a: Gastrodon\n|move|p1a: Gastrodon|Earthquake|p2a: Iron Hands\n|-supereffective|p2a: Iron Hands\n|-damage|p2a: Iron Hands|23/373\n|\n|-heal|p1a: Gastrodon|111/331|[from] item: Leftovers\n|upkeep\n|turn|15\n|\n|t:|1781443381\n|move|p2a: Iron Hands|Drain Punch|p1a: Gastrodon\n|-damage|p1a: Gastrodon|0 fnt\n|-heal|p2a: Iron Hands|79/373|[from] drain|[of] p1a: Gastrodon\n|faint|p1a: Gastrodon\n|\n|upkeep\n|\n|t:|1781443385\n|switch|p1a: Arbok|Arbok, L87, F|246/246\n|-ability|p1a: Arbok|Intimidate|boost\n|-unboost|p2a: Iron Hands|atk|1\n|turn|16\n|\n|t:|1781443389\n|-end|p2a: Iron Hands|Quark Drive|[silent]\n|switch|p2a: Gliscor|Gliscor, L76, M|239/239 tox\n|move|p1a: Arbok|Gunk Shot|p2a: Gliscor\n|-resisted|p2a: Gliscor\n|-damage|p2a: Gliscor|168/239 tox\n|-damage|p1a: Arbok|222/246|[from] item: Life Orb\n|\n|-heal|p2a: Gliscor|197/239 tox|[from] ability: Poison Heal\n|upkeep\n|turn|17\n|\n|t:|1781443396\n|switch|p1a: Chansey|Chansey, L85, F|564/564\n|move|p2a: Gliscor|Earthquake|p1a: Chansey\n|-damage|p1a: Chansey|378/564\n|\n|-heal|p2a: Gliscor|226/239 tox|[from] ability: Poison Heal\n|upkeep\n|turn|18\n|\n|t:|1781443399\n|move|p2a: Gliscor|Earthquake|p1a: Chansey\n|-damage|p1a: Chansey|197/564\n|move|p1a: Chansey|Stealth Rock|p2a: Gliscor\n|-sidestart|p2: FantasyWind|move: Stealth Rock\n|\n|-heal|p2a: Gliscor|239/239 tox|[from] ability: Poison Heal\n|upkeep\n|turn|19\n|\n|t:|1781443407\n|move|p2a: Gliscor|Earthquake|p1a: Chansey\n|-damage|p1a: Chansey|0 fnt\n|faint|p1a: Chansey\n|\n|upkeep\n|\n|t:|1781443410\n|switch|p1a: Arceus|Arceus-Psychic, L69|280/280\n|turn|20\n|\n|t:|1781443417\n|-terastallize|p1a: Arceus|Steel\n|move|p1a: Arceus|Cosmic Power|p1a: Arceus\n|-boost|p1a: Arceus|def|1\n|-boost|p1a: Arceus|spd|1\n|move|p2a: Gliscor|Earthquake|p1a: Arceus\n|-supereffective|p1a: Arceus\n|-damage|p1a: Arceus|166/280\n|\n|upkeep\n|turn|21\n|\n|t:|1781443420\n|move|p1a: Arceus|Cosmic Power|p1a: Arceus\n|-boost|p1a: Arceus|def|1\n|-boost|p1a: Arceus|spd|1\n|move|p2a: Gliscor|Earthquake|p1a: Arceus\n|-supereffective|p1a: Arceus\n|-damage|p1a: Arceus|82/280\n|\n|upkeep\n|turn|22\n|\n|t:|1781443429\n|switch|p2a: Copperajah|Copperajah, L86, M|349/349\n|-damage|p2a: Copperajah|328/349|[from] Stealth Rock\n|move|p1a: Arceus|Recover|p1a: Arceus\n|-heal|p1a: Arceus|222/280\n|\n|upkeep\n|turn|23\n|\n|t:|1781443448\n|move|p1a: Arceus|Body Press|p2a: Copperajah\n|-supereffective|p2a: Copperajah\n|-damage|p2a: Copperajah|108/349\n|move|p2a: Copperajah|Heat Crash|p1a: Arceus\n|-supereffective|p1a: Arceus\n|-damage|p1a: Arceus|78/280\n|\n|upkeep\n|turn|24\n|\n|t:|1781443451\n|move|p1a: Arceus|Body Press|p2a: Copperajah\n|-supereffective|p2a: Copperajah\n|-damage|p2a: Copperajah|0 fnt\n|faint|p2a: Copperajah\n|\n|upkeep\n|\n|t:|1781443454\n|switch|p2a: Arcanine|Arcanine, L84, M|288/288\n|-ability|p2a: Arcanine|Intimidate|boost\n|-unboost|p1a: Arceus|atk|1\n|turn|25\n|\n|t:|1781443469\n|move|p2a: Arcanine|Flare Blitz|p1a: Arceus\n|-supereffective|p1a: Arceus\n|-damage|p1a: Arceus|0 fnt\n|faint|p1a: Arceus\n|-damage|p2a: Arcanine|262/288|[from] Recoil\n|\n|upkeep\n|l|\u2606meme slurper\n|inactive|meme slurper disconnected and has a minute to reconnect!\n|player|p1|\n|inactive|meme slurper has 30 seconds to reconnect!\n|inactive|meme slurper has 20 seconds to reconnect!\n|inactive|meme slurper has 15 seconds to reconnect!\n|inactive|meme slurper has 10 seconds to reconnect!\n|inactive|meme slurper has 5 seconds to reconnect!\n|-message|meme slurper lost due to inactivity.\n|\n|win|FantasyWind\n|raw|meme slurper's rating: 1968 &rarr; <strong>1944</strong><br />(-24 for losing)\n|raw|FantasyWind's rating: 1905 &rarr; <strong>1929</strong><br />(+24 for winning)\n", "uploadtime": 1781443297, "views": 8, "formatid": "gen9randombattle", "rating": 1929, "private": 0, "password": null}