{"id": "gen9randombattle-2631739694", "format": "[Gen 9] Random Battle", "players": ["castiel123", "BennettOfShowdown"], "log": "|j|\u2606castiel123\n|j|\u2606BennettOfShowdown\n|t:|1781431748\n|gametype|singles\n|player|p1|castiel123|265|1925\n|player|p2|BennettOfShowdown|lucas-gen4pt|1948\n|gen|9\n|tier|[Gen 9] Random Battle\n|rated|\n|rule|Species Clause: Limit one of each Pok\u00e9mon\n|rule|HP Percentage Mod: HP is shown in percentages\n|rule|Sleep Clause Mod: Limit one foe put to sleep\n|rule|Illusion Level Mod: Illusion disguises the Pok\u00e9mon's true level\n|\n|t:|1781431748\n|teamsize|p1|6\n|teamsize|p2|6\n|start\n|switch|p1a: Qwilfish|Qwilfish-Hisui, L83, F|244/244\n|switch|p2a: Arcanine|Arcanine, L84, M|288/288\n|-ability|p2a: Arcanine|Intimidate|boost\n|-unboost|p1a: Qwilfish|atk|1\n|-ability|p1a: Qwilfish|Intimidate|boost\n|-unboost|p2a: Arcanine|atk|1\n|turn|1\n|inactive|Battle timer is ON: inactive players will automatically lose when time's up. (requested by BennettOfShowdown)\n|\n|t:|1781431758\n|move|p2a: Arcanine|Will-O-Wisp|p1a: Qwilfish\n|-status|p1a: Qwilfish|brn\n|move|p1a: Qwilfish|Toxic Spikes|p2a: Arcanine\n|-sidestart|p2: BennettOfShowdown|move: Toxic Spikes\n|\n|-damage|p1a: Qwilfish|229/244 brn|[from] brn\n|upkeep\n|turn|2\n|\n|t:|1781431768\n|switch|p2a: Barraskewda|Barraskewda, L81, M|231/231\n|-status|p2a: Barraskewda|psn\n|move|p1a: Qwilfish|Toxic Spikes|p2a: Barraskewda\n|-sidestart|p2: BennettOfShowdown|move: Toxic Spikes\n|\n|-damage|p2a: Barraskewda|203/231 psn|[from] psn\n|-damage|p1a: Qwilfish|214/244 brn|[from] brn\n|upkeep\n|turn|3\n|\n|t:|1781431781\n|switch|p1a: Primarina|Primarina, L83, M|268/268\n|move|p2a: Barraskewda|Flip Turn|p1a: Primarina\n|-resisted|p1a: Primarina\n|-damage|p1a: Primarina|208/268\n|\n|t:|1781431785\n|switch|p2a: Thundurus|Thundurus, L80, M|258/258|[from] Flip Turn\n|\n|upkeep\n|turn|4\n|\n|t:|1781431793\n|switch|p1a: Leafeon|Leafeon, L88, M|258/258\n|move|p2a: Thundurus|Thunderbolt|p1a: Leafeon\n|-resisted|p1a: Leafeon\n|-damage|p1a: Leafeon|197/258\n|-status|p1a: Leafeon|par\n|\n|upkeep\n|turn|5\n|\n|t:|1781431799\n|move|p2a: Thundurus|Acrobatics|p1a: Leafeon\n|-supereffective|p1a: Leafeon\n|-damage|p1a: Leafeon|21/258 par\n|move|p1a: Leafeon|Double-Edge|p2a: Thundurus\n|-damage|p2a: Thundurus|93/258\n|-damage|p1a: Leafeon|0 fnt|[from] Recoil\n|faint|p1a: Leafeon\n|\n|upkeep\n|\n|t:|1781431815\n|switch|p1a: Infernape|Infernape, L82, M|259/259\n|turn|6\n|\n|t:|1781431822\n|switch|p2a: Arcanine|Arcanine, L84, M|288/288\n|-ability|p2a: Arcanine|Intimidate|boost\n|-unboost|p1a: Infernape|atk|1\n|move|p1a: Infernape|Overheat|p2a: Arcanine\n|-resisted|p2a: Arcanine\n|-damage|p2a: Arcanine|198/288\n|-unboost|p1a: Infernape|spa|2\n|-damage|p1a: Infernape|234/259|[from] item: Life Orb\n|\n|upkeep\n|turn|7\n|\n|t:|1781431831\n|switch|p1a: Qwilfish|Qwilfish-Hisui, L83, F|214/244 brn\n|-ability|p1a: Qwilfish|Intimidate|boost\n|-unboost|p2a: Arcanine|atk|1\n|move|p2a: Arcanine|Extreme Speed|p1a: Qwilfish\n|-damage|p1a: Qwilfish|187/244 brn\n|\n|-damage|p1a: Qwilfish|172/244 brn|[from] brn\n|upkeep\n|turn|8\n|\n|t:|1781431840\n|move|p2a: Arcanine|Flare Blitz|p1a: Qwilfish\n|-damage|p1a: Qwilfish|102/244 brn\n|-damage|p2a: Arcanine|175/288|[from] Recoil\n|move|p1a: Qwilfish|Taunt|p2a: Arcanine\n|-start|p2a: Arcanine|move: Taunt\n|\n|-damage|p1a: Qwilfish|87/244 brn|[from] brn\n|upkeep\n|turn|9\n|\n|t:|1781431847\n|switch|p1a: Primarina|Primarina, L83, M|208/268\n|move|p2a: Arcanine|Flare Blitz|p1a: Primarina\n|-resisted|p1a: Primarina\n|-damage|p1a: Primarina|151/268\n|-damage|p2a: Arcanine|156/288|[from] Recoil\n|\n|upkeep\n|turn|10\n|\n|t:|1781431851\n|move|p2a: Arcanine|Extreme Speed|p1a: Primarina\n|-damage|p1a: Primarina|100/268\n|move|p1a: Primarina|Flip Turn|p2a: Arcanine\n|-supereffective|p2a: Arcanine\n|-damage|p2a: Arcanine|48/288\n|\n|t:|1781431854\n|switch|p1a: Forretress|Forretress, L84, F|263/263|[from] Flip Turn\n|\n|upkeep\n|turn|11\n|\n|t:|1781431856\n|move|p2a: Arcanine|Flare Blitz|p1a: Forretress\n|-supereffective|p1a: Forretress\n|-damage|p1a: Forretress|7/263\n|-damage|p2a: Arcanine|0 fnt|[from] Recoil\n|faint|p2a: Arcanine\n|move|p1a: Forretress|Stealth Rock|p2: Arcanine\n|-sidestart|p2: BennettOfShowdown|move: Stealth Rock\n|\n|-heal|p1a: Forretress|23/263|[from] item: Leftovers\n|upkeep\n|\n|t:|1781431866\n|switch|p2a: Barraskewda|Barraskewda, L81, M|203/231 psn\n|-damage|p2a: Barraskewda|175/231 psn|[from] Stealth Rock\n|turn|12\n|\n|t:|1781431875\n|switch|p1a: Qwilfish|Qwilfish-Hisui, L83, F|87/244 brn\n|-ability|p1a: Qwilfish|Intimidate|boost\n|-unboost|p2a: Barraskewda|atk|1\n|move|p2a: Barraskewda|Waterfall|p1a: Qwilfish\n|-damage|p1a: Qwilfish|23/244 brn\n|\n|-damage|p2a: Barraskewda|147/231 psn|[from] psn\n|-damage|p1a: Qwilfish|8/244 brn|[from] brn\n|upkeep\n|turn|13\n|\n|t:|1781431885\n|switch|p1a: Hitmontop|Hitmontop, L88, M|231/231\n|-ability|p1a: Hitmontop|Intimidate|boost\n|-unboost|p2a: Barraskewda|atk|1\n|move|p2a: Barraskewda|Waterfall|p1a: Hitmontop\n|-damage|p1a: Hitmontop|162/231\n|\n|-damage|p2a: Barraskewda|119/231 psn|[from] psn\n|upkeep\n|turn|14\n|\n|t:|1781431897\n|move|p1a: Hitmontop|Sucker Punch|p2a: Barraskewda\n|-damage|p2a: Barraskewda|17/231 psn\n|move|p2a: Barraskewda|Waterfall|p1a: Hitmontop\n|-damage|p1a: Hitmontop|98/231\n|\n|-damage|p2a: Barraskewda|0 fnt|[from] psn\n|faint|p2a: Barraskewda\n|upkeep\n|\n|t:|1781431904\n|switch|p2a: Iron Bundle|Iron Bundle, L78|215/215\n|turn|15\n|\n|t:|1781431911\n|switch|p1a: Forretress|Forretress, L84, F|23/263\n|move|p2a: Iron Bundle|Encore||[still]\n|-fail|p2a: Iron Bundle\n|\n|-heal|p1a: Forretress|39/263|[from] item: Leftovers\n|upkeep\n|turn|16\n|\n|t:|1781431917\n|move|p2a: Iron Bundle|Ice Beam|p1a: Forretress\n|-resisted|p1a: Forretress\n|-damage|p1a: Forretress|0 fnt\n|faint|p1a: Forretress\n|\n|upkeep\n|\n|t:|1781431920\n|switch|p1a: Primarina|Primarina, L83, M|100/268\n|turn|17\n|\n|t:|1781431926\n|move|p2a: Iron Bundle|Freeze-Dry|p1a: Primarina\n|-supereffective|p1a: Primarina\n|-damage|p1a: Primarina|0 fnt\n|faint|p1a: Primarina\n|\n|upkeep\n|\n|t:|1781431928\n|switch|p1a: Infernape|Infernape, L82, M|234/259\n|turn|18\n|\n|t:|1781431932\n|move|p2a: Iron Bundle|Hydro Pump|p1a: Infernape\n|-supereffective|p1a: Infernape\n|-damage|p1a: Infernape|0 fnt\n|faint|p1a: Infernape\n|\n|upkeep\n|\n|t:|1781431935\n|switch|p1a: Hitmontop|Hitmontop, L88, M|98/231\n|-ability|p1a: Hitmontop|Intimidate|boost\n|-unboost|p2a: Iron Bundle|atk|1\n|turn|19\n|\n|t:|1781431939\n|-terastallize|p2a: Iron Bundle|Water\n|move|p2a: Iron Bundle|Ice Beam|p1a: Hitmontop\n|-damage|p1a: Hitmontop|20/231\n|move|p1a: Hitmontop|Close Combat|p2a: Iron Bundle\n|-damage|p2a: Iron Bundle|19/215\n|-unboost|p1a: Hitmontop|def|1\n|-unboost|p1a: Hitmontop|spd|1\n|\n|upkeep\n|turn|20\n|\n|t:|1781431947\n|switch|p1a: Qwilfish|Qwilfish-Hisui, L83, F|8/244 brn\n|-ability|p1a: Qwilfish|Intimidate|boost\n|-unboost|p2a: Iron Bundle|atk|1\n|move|p2a: Iron Bundle|Encore||[still]\n|-fail|p2a: Iron Bundle\n|\n|-damage|p1a: Qwilfish|0 fnt|[from] brn\n|faint|p1a: Qwilfish\n|upkeep\n|\n|t:|1781431949\n|switch|p1a: Hitmontop|Hitmontop, L88, M|20/231\n|-ability|p1a: Hitmontop|Intimidate|boost\n|-unboost|p2a: Iron Bundle|atk|1\n|turn|21\n|\n|t:|1781431951\n|move|p1a: Hitmontop|Sucker Punch|p2a: Iron Bundle\n|-damage|p2a: Iron Bundle|0 fnt\n|faint|p2a: Iron Bundle\n|-end|p2a: Iron Bundle|Quark Drive|[silent]\n|\n|upkeep\n|\n|t:|1781431958\n|switch|p2a: Thundurus|Thundurus, L80, M|93/258\n|-damage|p2a: Thundurus|29/258|[from] Stealth Rock\n|turn|22\n|\n|t:|1781431961\n|move|p1a: Hitmontop|Sucker Punch|p2a: Thundurus\n|-damage|p2a: Thundurus|0 fnt\n|faint|p2a: Thundurus\n|\n|upkeep\n|\n|t:|1781431965\n|switch|p2a: Snorlax|Snorlax, L82, F|397/397\n|-status|p2a: Snorlax|tox\n|-damage|p2a: Snorlax|348/397 tox|[from] Stealth Rock\n|turn|23\n|\n|t:|1781431968\n|move|p1a: Hitmontop|Sucker Punch|p2a: Snorlax\n|-damage|p2a: Snorlax|250/397 tox\n|move|p2a: Snorlax|Body Slam|p1a: Hitmontop\n|-damage|p1a: Hitmontop|0 fnt\n|faint|p1a: Hitmontop\n|\n|win|BennettOfShowdown\n", "uploadtime": 1781431750, "views": 3, "formatid": "gen9randombattle", "rating": null, "private": 0, "password": null}