{"id": "gen9randombattle-2631517678", "format": "[Gen 9] Random Battle", "players": ["nitro crate", "lkj47"], "log": "|j|\u2606nitro crate\n|j|\u2606lkj47\n|t:|1781395467\n|gametype|singles\n|player|p1|nitro crate|1|2009\n|player|p2|lkj47|hilbert|1942\n|gen|9\n|tier|[Gen 9] Random Battle\n|rated|\n|rule|Species Clause: Limit one of each Pok\u00e9mon\n|rule|HP Percentage Mod: HP is shown in percentages\n|rule|Sleep Clause Mod: Limit one foe put to sleep\n|rule|Illusion Level Mod: Illusion disguises the Pok\u00e9mon's true level\n|\n|t:|1781395467\n|teamsize|p1|6\n|teamsize|p2|6\n|start\n|switch|p1a: Mewtwo|Mewtwo, L72|235/235\n|switch|p2a: Giratina|Giratina-Origin, L72|335/335\n|turn|1\n|inactive|Battle timer is ON: inactive players will automatically lose when time's up. (requested by nitro crate)\n|\n|t:|1781395478\n|move|p1a: Mewtwo|Dark Pulse|p2a: Giratina\n|-supereffective|p2a: Giratina\n|-damage|p2a: Giratina|39/335\n|-damage|p1a: Mewtwo|212/235|[from] item: Life Orb\n|move|p2a: Giratina|Will-O-Wisp|p1a: Mewtwo\n|-status|p1a: Mewtwo|brn\n|\n|-damage|p1a: Mewtwo|198/235 brn|[from] brn\n|upkeep\n|turn|2\n|\n|t:|1781395484\n|switch|p2a: Toxicroak|Toxicroak, L84, F|277/277\n|move|p1a: Mewtwo|Psychic|p2a: Toxicroak\n|-supereffective|p2a: Toxicroak\n|-damage|p2a: Toxicroak|0 fnt\n|faint|p2a: Toxicroak\n|-damage|p1a: Mewtwo|175/235 brn|[from] item: Life Orb\n|\n|-damage|p1a: Mewtwo|161/235 brn|[from] brn\n|upkeep\n|\n|t:|1781395489\n|switch|p2a: Dewgong|Dewgong, L94, M|322/322\n|turn|3\n|\n|t:|1781395495\n|switch|p1a: Quaquaval|Quaquaval, L79, F|264/264\n|move|p2a: Dewgong|Surf|p1a: Quaquaval\n|-resisted|p1a: Quaquaval\n|-damage|p1a: Quaquaval|211/264\n|\n|upkeep\n|turn|4\n|\n|t:|1781395500\n|move|p2a: Dewgong|Flip Turn|p1a: Quaquaval\n|-resisted|p1a: Quaquaval\n|-crit|p1a: Quaquaval\n|-damage|p1a: Quaquaval|162/264\n|\n|t:|1781395502\n|switch|p2a: Qwilfish|Qwilfish, L86, F|252/252|[from] Flip Turn\n|-ability|p2a: Qwilfish|Intimidate|boost\n|-unboost|p1a: Quaquaval|atk|1\n|move|p1a: Quaquaval|Knock Off|p2a: Qwilfish\n|-damage|p2a: Qwilfish|178/252\n|-enditem|p2a: Qwilfish|Leftovers|[from] move: Knock Off|[of] p1a: Quaquaval\n|\n|upkeep\n|turn|5\n|\n|t:|1781395522\n|switch|p1a: Volcanion|Volcanion, L79|255/255\n|move|p2a: Qwilfish|Spikes|p1a: Volcanion\n|-sidestart|p1: nitro crate|Spikes\n|\n|upkeep\n|turn|6\n|\n|t:|1781395528\n|switch|p2a: Eelektross|Eelektross, L87, F|290/290\n|move|p1a: Volcanion|Earth Power|p2a: Eelektross\n|-immune|p2a: Eelektross|[from] ability: Levitate\n|\n|upkeep\n|turn|7\n|\n|t:|1781395535\n|switch|p1a: Incineroar|Incineroar, L82, F|290/290\n|-ability|p1a: Incineroar|Intimidate|boost\n|-unboost|p2a: Eelektross|atk|1\n|move|p2a: Eelektross|Discharge|p1a: Incineroar\n|-damage|p1a: Incineroar|190/290\n|\n|upkeep\n|turn|8\n|\n|t:|1781395540\n|switch|p2a: Giratina|Giratina-Origin, L72|39/335\n|move|p1a: Incineroar|Knock Off|p2a: Giratina\n|-supereffective|p2a: Giratina\n|-damage|p2a: Giratina|0 fnt\n|faint|p2a: Giratina\n|\n|upkeep\n|\n|t:|1781395543\n|switch|p2a: Qwilfish|Qwilfish, L86, F|178/252\n|-ability|p2a: Qwilfish|Intimidate|boost\n|-unboost|p1a: Incineroar|atk|1\n|turn|9\n|\n|t:|1781395546\n|switch|p1a: Volcanion|Volcanion, L79|255/255\n|-damage|p1a: Volcanion|224/255|[from] Spikes\n|move|p2a: Qwilfish|Gunk Shot|p1a: Volcanion|[miss]\n|-miss|p2a: Qwilfish|p1a: Volcanion\n|\n|upkeep\n|turn|10\n|\n|t:|1781395553\n|switch|p2a: Eelektross|Eelektross, L87, F|290/290\n|move|p1a: Volcanion|Steam Eruption|p2a: Eelektross\n|-damage|p2a: Eelektross|203/290\n|\n|upkeep\n|turn|11\n|\n|t:|1781395556\n|move|p1a: Volcanion|Steam Eruption|p2a: Eelektross\n|-damage|p2a: Eelektross|113/290\n|move|p2a: Eelektross|Discharge|p1a: Volcanion\n|-supereffective|p1a: Volcanion\n|-damage|p1a: Volcanion|14/255\n|-status|p1a: Volcanion|par\n|\n|upkeep\n|turn|12\n|\n|t:|1781395560\n|move|p2a: Eelektross|Giga Drain|p1a: Volcanion\n|-damage|p1a: Volcanion|0 fnt\n|-heal|p2a: Eelektross|120/290|[from] drain|[of] p1a: Volcanion\n|faint|p1a: Volcanion\n|\n|upkeep\n|\n|t:|1781395586\n|switch|p1a: Mewtwo|Mewtwo, L72|272/272\n|-ability|p1a: Mewtwo|Unnerve\n|-damage|p1a: Mewtwo|238/272|[from] Spikes\n|turn|13\n|\n|t:|1781395592\n|move|p1a: Mewtwo|Psystrike|p2a: Eelektross\n|-damage|p2a: Eelektross|0 fnt\n|faint|p2a: Eelektross\n|-damage|p1a: Mewtwo|211/272|[from] item: Life Orb\n|\n|upkeep\n|\n|t:|1781395598\n|switch|p2a: Dewgong|Dewgong, L94, M|322/322\n|turn|14\n|\n|t:|1781395609\n|move|p1a: Mewtwo|Aura Sphere|p2a: Dewgong\n|-supereffective|p2a: Dewgong\n|-damage|p2a: Dewgong|234/322\n|-damage|p1a: Mewtwo|184/272|[from] item: Life Orb\n|move|p2a: Dewgong|Surf|p1a: Mewtwo\n|-damage|p1a: Mewtwo|85/272\n|\n|upkeep\n|turn|15\n|\n|t:|1781395618\n|move|p1a: Mewtwo|Psystrike|p2a: Dewgong\n|-damage|p2a: Dewgong|82/322\n|-damage|p1a: Mewtwo|58/272|[from] item: Life Orb\n|move|p2a: Dewgong|Knock Off|p1a: Mewtwo\n|-supereffective|p1a: Mewtwo\n|-damage|p1a: Mewtwo|0 fnt\n|-enditem|p1a: Mewtwo|Life Orb|[from] move: Knock Off|[of] p2a: Dewgong\n|faint|p1a: Mewtwo\n|\n|upkeep\n|\n|t:|1781395622\n|switch|p1a: Zangoose|Zangoose, L85, F|263/263\n|-damage|p1a: Zangoose|231/263|[from] Spikes\n|turn|16\n|\n|t:|1781395629\n|move|p1a: Zangoose|Facade|p2a: Dewgong\n|-damage|p2a: Dewgong|3/322\n|move|p2a: Dewgong|Knock Off|p1a: Zangoose\n|-damage|p1a: Zangoose|150/263\n|-enditem|p1a: Zangoose|Toxic Orb|[from] move: Knock Off|[of] p2a: Dewgong\n|\n|upkeep\n|turn|17\n|\n|t:|1781395636\n|switch|p2a: Qwilfish|Qwilfish, L86, F|178/252\n|-ability|p2a: Qwilfish|Intimidate|boost\n|-unboost|p1a: Zangoose|atk|1\n|move|p1a: Zangoose|Facade|p2a: Qwilfish\n|-damage|p2a: Qwilfish|118/252\n|\n|upkeep\n|turn|18\n|\n|t:|1781395647\n|move|p1a: Zangoose|Facade|p2a: Qwilfish\n|-damage|p2a: Qwilfish|58/252\n|move|p2a: Qwilfish|Waterfall|p1a: Zangoose\n|-damage|p1a: Zangoose|26/263\n|\n|upkeep\n|turn|19\n|\n|t:|1781395653\n|switch|p2a: Toucannon|Toucannon, L88, F|284/284\n|move|p1a: Zangoose|Facade|p2a: Toucannon\n|-damage|p2a: Toucannon|223/284\n|\n|upkeep\n|turn|20\n|\n|t:|1781395657\n|move|p1a: Zangoose|Facade|p2a: Toucannon\n|-damage|p2a: Toucannon|157/284\n|move|p2a: Toucannon|Bullet Seed|p1a: Zangoose\n|-damage|p1a: Zangoose|0 fnt\n|faint|p1a: Zangoose\n|-hitcount|p1: Zangoose|1\n|\n|upkeep\n|\n|t:|1781395663\n|switch|p1a: Incineroar|Incineroar, L82, F|190/290\n|-ability|p1a: Incineroar|Intimidate|boost\n|-unboost|p2a: Toucannon|atk|1\n|turn|21\n|\n|t:|1781395672\n|move|p2a: Toucannon|Roost|p2a: Toucannon\n|-heal|p2a: Toucannon|284/284\n|-singleturn|p2a: Toucannon|move: Roost\n|move|p1a: Incineroar|Parting Shot|p2a: Toucannon\n|-unboost|p2a: Toucannon|atk|1\n|-unboost|p2a: Toucannon|spa|1\n|\n|t:|1781395682\n|switch|p1a: Quaquaval|Quaquaval, L79, F|162/264|[from] Parting Shot\n|-damage|p1a: Quaquaval|129/264|[from] Spikes\n|\n|upkeep\n|turn|22\n|\n|t:|1781395695\n|switch|p1a: Incineroar|Incineroar, L82, F|190/290\n|-ability|p1a: Incineroar|Intimidate|boost\n|-unboost|p2a: Toucannon|atk|1\n|-singleturn|p2a: Toucannon|move: Beak Blast\n|move|p2a: Toucannon|Beak Blast|p1a: Incineroar\n|-damage|p1a: Incineroar|138/290\n|\n|upkeep\n|turn|23\n|\n|t:|1781395705\n|move|p2a: Toucannon|Boomburst|p1a: Incineroar\n|-damage|p1a: Incineroar|47/290\n|move|p1a: Incineroar|Flare Blitz|p2a: Toucannon\n|-damage|p2a: Toucannon|140/284\n|-damage|p1a: Incineroar|0 fnt|[from] Recoil\n|faint|p1a: Incineroar\n|\n|upkeep\n|\n|t:|1781395709\n|switch|p1a: Quaquaval|Quaquaval, L79, F|161/235 brn\n|-damage|p1a: Quaquaval|132/235 brn|[from] Spikes\n|turn|24\n|\n|t:|1781395715\n|move|p1a: Quaquaval|Dark Pulse|p2a: Toucannon\n|-damage|p2a: Toucannon|2/284\n|-damage|p1a: Quaquaval|109/235 brn|[from] item: Life Orb\n|move|p2a: Toucannon|Roost|p2a: Toucannon\n|-heal|p2a: Toucannon|144/284\n|-singleturn|p2a: Toucannon|move: Roost\n|\n|-damage|p1a: Quaquaval|95/235 brn|[from] brn\n|upkeep\n|turn|25\n|\n|t:|1781395722\n|switch|p2a: Dewgong|Dewgong, L94, M|3/322\n|move|p1a: Quaquaval|Dark Pulse|p2a: Dewgong\n|-damage|p2a: Dewgong|0 fnt\n|faint|p2a: Dewgong\n|-damage|p1a: Quaquaval|72/235 brn|[from] item: Life Orb\n|\n|-damage|p1a: Quaquaval|58/235 brn|[from] brn\n|upkeep\n|\n|t:|1781395725\n|switch|p2a: Toucannon|Toucannon, L88, F|144/284\n|turn|26\n|\n|t:|1781395732\n|-terastallize|p1a: Quaquaval|Poison\n|move|p1a: Quaquaval|Sludge Bomb|p2a: Toucannon\n|-damage|p2a: Toucannon|0 fnt\n|faint|p2a: Toucannon\n|-damage|p1a: Quaquaval|35/235 brn|[from] item: Life Orb\n|\n|-damage|p1a: Quaquaval|21/235 brn|[from] brn\n|upkeep\n|\n|t:|1781395735\n|switch|p2a: Qwilfish|Qwilfish, L86, F|58/252\n|-ability|p2a: Qwilfish|Intimidate|boost\n|-unboost|p1a: Quaquaval|atk|1\n|turn|27\n|\n|t:|1781395739\n|move|p1a: Quaquaval|Dark Pulse|p2a: Qwilfish\n|-damage|p2a: Qwilfish|0 fnt\n|faint|p2a: Qwilfish\n|-damage|p1a: Quaquaval|0 fnt|[from] item: Life Orb\n|faint|p1a: Quaquaval\n|\n|win|nitro crate\n", "uploadtime": 1781395469, "views": 4, "formatid": "gen9randombattle", "rating": null, "private": 0, "password": null}