{"id": "gen9randombattle-2631792845", "format": "[Gen 9] Random Battle", "players": ["BoonLikker", "nhlist"], "log": "|j|\u2606BoonLikker\n|j|\u2606nhlist\n|t:|1781440447\n|gametype|singles\n|player|p1|BoonLikker|1|2105\n|player|p2|nhlist|266|2186\n|gen|9\n|tier|[Gen 9] Random Battle\n|rated|\n|rule|Species Clause: Limit one of each Pok\u00e9mon\n|rule|HP Percentage Mod: HP is shown in percentages\n|rule|Sleep Clause Mod: Limit one foe put to sleep\n|rule|Illusion Level Mod: Illusion disguises the Pok\u00e9mon's true level\n|\n|t:|1781440447\n|teamsize|p1|6\n|teamsize|p2|6\n|start\n|switch|p1a: Vaporeon|Vaporeon, L86, F|364/364\n|switch|p2a: Regigigas|Regigigas, L84|322/322\n|-start|p2a: Regigigas|ability: Slow Start\n|turn|1\n|\n|t:|1781440454\n|switch|p1a: Avalugg|Avalugg, L88, F|310/310\n|move|p2a: Regigigas|Knock Off|p1a: Avalugg\n|-damage|p1a: Avalugg|283/310\n|-enditem|p1a: Avalugg|Heavy-Duty Boots|[from] move: Knock Off|[of] p2a: Regigigas\n|\n|upkeep\n|turn|2\n|\n|t:|1781440462\n|switch|p2a: Iron Crown|Iron Crown, L78|268/268\n|move|p1a: Avalugg|Body Press|p2a: Iron Crown\n|-damage|p2a: Iron Crown|156/268\n|\n|-heal|p2a: Iron Crown|172/268|[from] item: Leftovers\n|upkeep\n|turn|3\n|\n|t:|1781440468\n|switch|p1a: Vaporeon|Vaporeon, L86, F|364/364\n|move|p2a: Iron Crown|Calm Mind|p2a: Iron Crown\n|-boost|p2a: Iron Crown|spa|1\n|-boost|p2a: Iron Crown|spd|1\n|\n|-heal|p2a: Iron Crown|188/268|[from] item: Leftovers\n|upkeep\n|turn|4\n|\n|t:|1781440476\n|move|p2a: Iron Crown|Psyshock|p1a: Vaporeon\n|-damage|p1a: Vaporeon|178/364\n|move|p1a: Vaporeon|Roar|p2a: Iron Crown\n|-end|p2a: Iron Crown|Quark Drive|[silent]\n|drag|p2a: Indeedee|Indeedee-F, L90, F|272/272\n|-fieldstart|move: Psychic Terrain|[from] ability: Psychic Surge|[of] p2a: Indeedee\n|\n|-heal|p1a: Vaporeon|200/364|[from] item: Leftovers\n|upkeep\n|turn|5\n|\n|t:|1781440497\n|switch|p2a: Iron Crown|Iron Crown, L78|188/268\n|switch|p1a: Chi-Yu|Chi-Yu, L77|211/211\n|-ability|p1a: Chi-Yu|Beads of Ruin\n|\n|-heal|p2a: Iron Crown|204/268|[from] item: Leftovers\n|upkeep\n|turn|6\n|\n|t:|1781440512\n|move|p1a: Chi-Yu|Nasty Plot|p1a: Chi-Yu\n|-boost|p1a: Chi-Yu|spa|2\n|move|p2a: Iron Crown|Focus Blast|p1a: Chi-Yu|[miss]\n|-miss|p2a: Iron Crown|p1a: Chi-Yu\n|\n|-heal|p2a: Iron Crown|220/268|[from] item: Leftovers\n|upkeep\n|turn|7\n|\n|t:|1781440537\n|-terastallize|p2a: Iron Crown|Fighting\n|move|p1a: Chi-Yu|Fire Blast|p2a: Iron Crown\n|-damage|p2a: Iron Crown|0 fnt\n|faint|p2a: Iron Crown\n|-end|p2a: Iron Crown|Quark Drive|[silent]\n|\n|upkeep\n|\n|t:|1781440540\n|switch|p2a: Zapdos|Zapdos-Galar, L77|265/265\n|turn|8\n|\n|t:|1781440547\n|-terastallize|p1a: Chi-Yu|Fire\n|move|p2a: Zapdos|Close Combat|p1a: Chi-Yu\n|-damage|p1a: Chi-Yu|0 fnt\n|-unboost|p2a: Zapdos|def|1\n|-unboost|p2a: Zapdos|spd|1\n|faint|p1a: Chi-Yu\n|-damage|p2a: Zapdos|239/265|[from] item: Life Orb\n|\n|-fieldend|move: Psychic Terrain\n|upkeep\n|\n|t:|1781440557\n|switch|p1a: Barraskewda|Barraskewda, L81, M|231/231\n|turn|9\n|\n|t:|1781440564\n|switch|p2a: Serperior|Serperior, L79, F|248/248\n|move|p1a: Barraskewda|Flip Turn|p2a: Serperior\n|-resisted|p2a: Serperior\n|-damage|p2a: Serperior|191/248\n|\n|t:|1781440572\n|switch|p1a: Ursaring|Ursaring, L84, F|288/288|[from] Flip Turn\n|\n|-status|p1a: Ursaring|tox|[from] item: Toxic Orb\n|upkeep\n|turn|10\n|\n|t:|1781440589\n|move|p2a: Serperior|Leaf Storm|p1a: Ursaring\n|-damage|p1a: Ursaring|146/288 tox\n|-boost|p2a: Serperior|spa|2\n|-damage|p2a: Serperior|167/248|[from] item: Life Orb\n|move|p1a: Ursaring|Facade|p2a: Serperior\n|-damage|p2a: Serperior|0 fnt\n|faint|p2a: Serperior\n|\n|-damage|p1a: Ursaring|128/288 tox|[from] psn\n|upkeep\n|\n|t:|1781440593\n|switch|p2a: Regigigas|Regigigas, L84|322/322\n|-start|p2a: Regigigas|ability: Slow Start\n|turn|11\n|\n|t:|1781440617\n|move|p2a: Regigigas|Protect|p2a: Regigigas\n|-singleturn|p2a: Regigigas|Protect\n|move|p1a: Ursaring|Swords Dance|p1a: Ursaring\n|-boost|p1a: Ursaring|atk|2\n|\n|-damage|p1a: Ursaring|92/288 tox|[from] psn\n|upkeep\n|turn|12\n|\n|t:|1781440627\n|switch|p2a: Zapdos|Zapdos-Galar, L77|239/265\n|move|p1a: Ursaring|Close Combat|p2a: Zapdos\n|-resisted|p2a: Zapdos\n|-damage|p2a: Zapdos|123/265\n|-unboost|p1a: Ursaring|def|1\n|-unboost|p1a: Ursaring|spd|1\n|\n|-damage|p1a: Ursaring|38/288 tox|[from] psn\n|upkeep\n|turn|13\n|\n|t:|1781440634\n|move|p1a: Ursaring|Facade|p2a: Zapdos\n|-damage|p2a: Zapdos|0 fnt\n|faint|p2a: Zapdos\n|\n|-damage|p1a: Ursaring|0 fnt|[from] psn\n|faint|p1a: Ursaring\n|upkeep\n|\n|t:|1781440645\n|switch|p2a: Indeedee|Indeedee-F, L90, F|272/272\n|switch|p1a: Barraskewda|Barraskewda, L81, M|231/231\n|-fieldstart|move: Psychic Terrain|[from] ability: Psychic Surge|[of] p2a: Indeedee\n|turn|14\n|\n|t:|1781440651\n|move|p1a: Barraskewda|Flip Turn|p2a: Indeedee\n|-damage|p2a: Indeedee|146/272\n|\n|t:|1781440667\n|switch|p1a: Vaporeon|Vaporeon, L86, F|200/364|[from] Flip Turn\n|move|p2a: Indeedee|Calm Mind|p2a: Indeedee\n|-boost|p2a: Indeedee|spa|1\n|-boost|p2a: Indeedee|spd|1\n|\n|-heal|p1a: Vaporeon|222/364|[from] item: Leftovers\n|upkeep\n|turn|15\n|\n|t:|1781440679\n|move|p2a: Indeedee|Psyshock|p1a: Vaporeon\n|-damage|p1a: Vaporeon|0 fnt\n|faint|p1a: Vaporeon\n|-damage|p2a: Indeedee|119/272|[from] item: Life Orb\n|\n|upkeep\n|\n|t:|1781440682\n|switch|p1a: Barraskewda|Barraskewda, L81, M|231/231\n|turn|16\n|\n|t:|1781440706\n|move|p1a: Barraskewda|Waterfall|p2a: Indeedee\n|-damage|p2a: Indeedee|0 fnt\n|faint|p2a: Indeedee\n|\n|upkeep\n|\n|t:|1781440709\n|switch|p2a: Regigigas|Regigigas, L84|322/322\n|-start|p2a: Regigigas|ability: Slow Start\n|turn|17\n|\n|t:|1781440712\n|switch|p1a: Avalugg|Avalugg, L88, F|283/310\n|switch|p2a: Blaziken|Blaziken, L76, M|247/247\n|\n|upkeep\n|turn|18\n|\n|t:|1781440728\n|move|p2a: Blaziken|Swords Dance|p2a: Blaziken\n|-boost|p2a: Blaziken|atk|2\n|move|p1a: Avalugg|Body Press|p2a: Blaziken\n|-damage|p2a: Blaziken|118/247\n|\n|-fieldend|move: Psychic Terrain\n|-ability|p2a: Blaziken|Speed Boost|boost\n|-boost|p2a: Blaziken|spe|1\n|upkeep\n|turn|19\n|\n|t:|1781440731\n|move|p2a: Blaziken|Close Combat|p1a: Avalugg\n|-supereffective|p1a: Avalugg\n|-damage|p1a: Avalugg|0 fnt\n|-unboost|p2a: Blaziken|def|1\n|-unboost|p2a: Blaziken|spd|1\n|faint|p1a: Avalugg\n|-damage|p2a: Blaziken|94/247|[from] item: Life Orb\n|\n|-ability|p2a: Blaziken|Speed Boost|boost\n|-boost|p2a: Blaziken|spe|1\n|upkeep\n|\n|t:|1781440734\n|switch|p1a: Mudsdale|Mudsdale, L83, F|302/302\n|turn|20\n|\n|t:|1781440737\n|move|p2a: Blaziken|Close Combat|p1a: Mudsdale\n|-damage|p1a: Mudsdale|0 fnt\n|-unboost|p2a: Blaziken|def|1\n|-unboost|p2a: Blaziken|spd|1\n|faint|p1a: Mudsdale\n|-damage|p2a: Blaziken|70/247|[from] item: Life Orb\n|\n|-ability|p2a: Blaziken|Speed Boost|boost\n|-boost|p2a: Blaziken|spe|1\n|upkeep\n|inactive|Battle timer is ON: inactive players will automatically lose when time's up. (requested by nhlist)\n|c|\u2606BoonLikker|what a monster\n|-message|BoonLikker forfeited.\n|\n|win|nhlist\n", "uploadtime": 1781440448, "views": 3, "formatid": "gen9randombattle", "rating": null, "private": 0, "password": null}