{"id": "gen9randombattle-2631458087", "format": "[Gen 9] Random Battle", "players": ["strang1", "pukeko_damn"], "log": "|j|\u203dstrang1\n|j|\u2606pukeko_damn\n|t:|1781387118\n|gametype|singles\n|player|p1|strang1|swimmer-gen4dp|1407\n|player|p2|pukeko_damn|fisherman-gen4|1360\n|gen|9\n|tier|[Gen 9] Random Battle\n|rated|\n|rule|Species Clause: Limit one of each Pok\u00e9mon\n|rule|HP Percentage Mod: HP is shown in percentages\n|rule|Sleep Clause Mod: Limit one foe put to sleep\n|rule|Illusion Level Mod: Illusion disguises the Pok\u00e9mon's true level\n|\n|t:|1781387119\n|teamsize|p1|6\n|teamsize|p2|6\n|start\n|switch|p1a: Arcanine|Arcanine, L84, M|288/288\n|switch|p2a: Farigiraf|Farigiraf, L90, F|362/362\n|-ability|p1a: Arcanine|Intimidate|boost\n|-unboost|p2a: Farigiraf|atk|1\n|turn|1\n|inactive|Battle timer is ON: inactive players will automatically lose when time's up. (requested by pukeko_damn)\n|\n|t:|1781387144\n|switch|p1a: Stonjourner|Stonjourner, L91, M|330/330\n|move|p2a: Farigiraf|Body Slam|p1a: Stonjourner\n|-resisted|p1a: Stonjourner\n|-damage|p1a: Stonjourner|308/330\n|-status|p1a: Stonjourner|par\n|\n|upkeep\n|turn|2\n|\n|t:|1781387149\n|move|p2a: Farigiraf|Wish|p2a: Farigiraf\n|cant|p1a: Stonjourner|par\n|\n|upkeep\n|turn|3\n|\n|t:|1781387153\n|move|p2a: Farigiraf|Psychic Noise|p1a: Stonjourner\n|-damage|p1a: Stonjourner|89/330 par\n|-start|p1a: Stonjourner|move: Heal Block\n|move|p1a: Stonjourner|Stealth Rock|p2a: Farigiraf\n|-sidestart|p2: pukeko_damn|move: Stealth Rock\n|\n|upkeep\n|turn|4\n|\n|t:|1781387165\n|move|p2a: Farigiraf|Psychic Noise|p1a: Stonjourner\n|-damage|p1a: Stonjourner|0 fnt\n|faint|p1a: Stonjourner\n|\n|upkeep\n|\n|t:|1781387170\n|switch|p1a: Eelektross|Eelektross, L87, F|290/290\n|turn|5\n|\n|t:|1781387177\n|switch|p2a: Kilowattrel|Kilowattrel, L83, M|252/252\n|move|p1a: Eelektross|Coil|p1a: Eelektross\n|-boost|p1a: Eelektross|atk|1\n|-boost|p1a: Eelektross|def|1\n|-boost|p1a: Eelektross|accuracy|1\n|\n|upkeep\n|turn|6\n|\n|t:|1781387181\n|move|p2a: Kilowattrel|U-turn|p1a: Eelektross\n|-crit|p1a: Eelektross\n|-damage|p1a: Eelektross|231/290\n|\n|t:|1781387186\n|switch|p2a: Gogoat|Gogoat, L88, M|360/360|[from] U-turn\n|-damage|p2a: Gogoat|315/360|[from] Stealth Rock\n|move|p1a: Eelektross|Knock Off|p2a: Gogoat\n|-damage|p2a: Gogoat|153/360\n|-enditem|p2a: Gogoat|Leftovers|[from] move: Knock Off|[of] p1a: Eelektross\n|\n|-heal|p1a: Eelektross|249/290|[from] item: Leftovers\n|upkeep\n|turn|7\n|\n|t:|1781387192\n|move|p2a: Gogoat|Bulk Up|p2a: Gogoat\n|-boost|p2a: Gogoat|atk|1\n|-boost|p2a: Gogoat|def|1\n|move|p1a: Eelektross|Drain Punch|p2a: Gogoat\n|-damage|p2a: Gogoat|77/360\n|-heal|p1a: Eelektross|287/290|[from] drain|[of] p2a: Gogoat\n|\n|-heal|p1a: Eelektross|290/290|[from] item: Leftovers\n|upkeep\n|turn|8\n|\n|t:|1781387194\n|move|p2a: Gogoat|Horn Leech|p1a: Eelektross\n|-damage|p1a: Eelektross|202/290\n|-heal|p2a: Gogoat|121/360|[from] drain|[of] p1a: Eelektross\n|move|p1a: Eelektross|Coil|p1a: Eelektross\n|-boost|p1a: Eelektross|atk|1\n|-boost|p1a: Eelektross|def|1\n|-boost|p1a: Eelektross|accuracy|1\n|\n|-heal|p1a: Eelektross|220/290|[from] item: Leftovers\n|upkeep\n|turn|9\n|\n|t:|1781387198\n|move|p2a: Gogoat|Milk Drink|p2a: Gogoat\n|-heal|p2a: Gogoat|301/360\n|move|p1a: Eelektross|Supercell Slam|p2a: Gogoat\n|-resisted|p2a: Gogoat\n|-damage|p2a: Gogoat|190/360\n|\n|-heal|p1a: Eelektross|238/290|[from] item: Leftovers\n|upkeep\n|turn|10\n|\n|t:|1781387201\n|move|p2a: Gogoat|Bulk Up|p2a: Gogoat\n|-boost|p2a: Gogoat|atk|1\n|-boost|p2a: Gogoat|def|1\n|move|p1a: Eelektross|Knock Off|p2a: Gogoat\n|-damage|p2a: Gogoat|122/360\n|\n|-heal|p1a: Eelektross|256/290|[from] item: Leftovers\n|upkeep\n|turn|11\n|\n|t:|1781387203\n|move|p2a: Gogoat|Bulk Up|p2a: Gogoat\n|-boost|p2a: Gogoat|atk|1\n|-boost|p2a: Gogoat|def|1\n|move|p1a: Eelektross|Coil|p1a: Eelektross\n|-boost|p1a: Eelektross|atk|1\n|-boost|p1a: Eelektross|def|1\n|-boost|p1a: Eelektross|accuracy|1\n|\n|-heal|p1a: Eelektross|274/290|[from] item: Leftovers\n|upkeep\n|turn|12\n|\n|t:|1781387207\n|move|p2a: Gogoat|Bulk Up|p2a: Gogoat\n|-boost|p2a: Gogoat|atk|1\n|-boost|p2a: Gogoat|def|1\n|move|p1a: Eelektross|Coil|p1a: Eelektross\n|-boost|p1a: Eelektross|atk|1\n|-boost|p1a: Eelektross|def|1\n|-boost|p1a: Eelektross|accuracy|1\n|\n|-heal|p1a: Eelektross|290/290|[from] item: Leftovers\n|upkeep\n|turn|13\n|\n|t:|1781387210\n|move|p2a: Gogoat|Bulk Up|p2a: Gogoat\n|-boost|p2a: Gogoat|atk|1\n|-boost|p2a: Gogoat|def|1\n|move|p1a: Eelektross|Coil|p1a: Eelektross\n|-boost|p1a: Eelektross|atk|1\n|-boost|p1a: Eelektross|def|1\n|-boost|p1a: Eelektross|accuracy|1\n|\n|upkeep\n|turn|14\n|\n|t:|1781387212\n|move|p2a: Gogoat|Bulk Up|p2a: Gogoat\n|-boost|p2a: Gogoat|atk|1\n|-boost|p2a: Gogoat|def|1\n|move|p1a: Eelektross|Coil|p1a: Eelektross\n|-boost|p1a: Eelektross|atk|1\n|-boost|p1a: Eelektross|def|1\n|-boost|p1a: Eelektross|accuracy|1\n|\n|upkeep\n|turn|15\n|\n|t:|1781387214\n|move|p2a: Gogoat|Horn Leech|p1a: Eelektross\n|-damage|p1a: Eelektross|200/290\n|-heal|p2a: Gogoat|167/360|[from] drain|[of] p1a: Eelektross\n|move|p1a: Eelektross|Drain Punch|p2a: Gogoat\n|-damage|p2a: Gogoat|94/360\n|-heal|p1a: Eelektross|237/290|[from] drain|[of] p2a: Gogoat\n|\n|-heal|p1a: Eelektross|255/290|[from] item: Leftovers\n|upkeep\n|turn|16\n|\n|t:|1781387218\n|move|p2a: Gogoat|Milk Drink|p2a: Gogoat\n|-heal|p2a: Gogoat|274/360\n|move|p1a: Eelektross|Drain Punch|p2a: Gogoat\n|-damage|p2a: Gogoat|199/360\n|-heal|p1a: Eelektross|290/290|[from] drain|[of] p2a: Gogoat\n|\n|upkeep\n|turn|17\n|\n|t:|1781387222\n|move|p2a: Gogoat|Horn Leech|p1a: Eelektross\n|-damage|p1a: Eelektross|193/290\n|-heal|p2a: Gogoat|248/360|[from] drain|[of] p1a: Eelektross\n|move|p1a: Eelektross|Supercell Slam|p2a: Gogoat\n|-resisted|p2a: Gogoat\n|-damage|p2a: Gogoat|170/360\n|\n|-heal|p1a: Eelektross|211/290|[from] item: Leftovers\n|upkeep\n|turn|18\n|\n|t:|1781387225\n|move|p2a: Gogoat|Horn Leech|p1a: Eelektross\n|-damage|p1a: Eelektross|120/290\n|-heal|p2a: Gogoat|216/360|[from] drain|[of] p1a: Eelektross\n|move|p1a: Eelektross|Drain Punch|p2a: Gogoat\n|-damage|p2a: Gogoat|137/360\n|-heal|p1a: Eelektross|160/290|[from] drain|[of] p2a: Gogoat\n|\n|-heal|p1a: Eelektross|178/290|[from] item: Leftovers\n|upkeep\n|turn|19\n|\n|t:|1781387228\n|move|p2a: Gogoat|Horn Leech|p1a: Eelektross\n|-damage|p1a: Eelektross|93/290\n|-heal|p2a: Gogoat|180/360|[from] drain|[of] p1a: Eelektross\n|move|p1a: Eelektross|Drain Punch|p2a: Gogoat\n|-damage|p2a: Gogoat|94/360\n|-heal|p1a: Eelektross|136/290|[from] drain|[of] p2a: Gogoat\n|\n|-heal|p1a: Eelektross|154/290|[from] item: Leftovers\n|upkeep\n|turn|20\n|\n|t:|1781387232\n|-terastallize|p1a: Eelektross|Fighting\n|move|p2a: Gogoat|Milk Drink|p2a: Gogoat\n|-heal|p2a: Gogoat|274/360\n|move|p1a: Eelektross|Drain Punch|p2a: Gogoat\n|-damage|p2a: Gogoat|163/360\n|-heal|p1a: Eelektross|210/290|[from] drain|[of] p2a: Gogoat\n|\n|-heal|p1a: Eelektross|228/290|[from] item: Leftovers\n|upkeep\n|turn|21\n|\n|t:|1781387236\n|move|p2a: Gogoat|Horn Leech|p1a: Eelektross\n|-damage|p1a: Eelektross|138/290\n|-heal|p2a: Gogoat|208/360|[from] drain|[of] p1a: Eelektross\n|move|p1a: Eelektross|Drain Punch|p2a: Gogoat\n|-damage|p2a: Gogoat|94/360\n|-heal|p1a: Eelektross|195/290|[from] drain|[of] p2a: Gogoat\n|\n|-heal|p1a: Eelektross|213/290|[from] item: Leftovers\n|upkeep\n|turn|22\n|\n|t:|1781387239\n|move|p2a: Gogoat|Milk Drink|p2a: Gogoat\n|-heal|p2a: Gogoat|274/360\n|move|p1a: Eelektross|Drain Punch|p2a: Gogoat\n|-crit|p2a: Gogoat\n|-damage|p2a: Gogoat|0 fnt\n|-heal|p1a: Eelektross|290/290|[from] drain|[of] p2a: Gogoat\n|faint|p2a: Gogoat\n|\n|upkeep\n|\n|t:|1781387245\n|switch|p2a: Typhlosion|Typhlosion-Hisui, L83, F|257/257\n|-damage|p2a: Typhlosion|193/257|[from] Stealth Rock\n|turn|23\n|\n|t:|1781387248\n|move|p2a: Typhlosion|Eruption|p1a: Eelektross\n|-damage|p1a: Eelektross|154/290\n|move|p1a: Eelektross|Knock Off|p2a: Typhlosion\n|-supereffective|p2a: Typhlosion\n|-damage|p2a: Typhlosion|0 fnt\n|-enditem|p2a: Typhlosion|Choice Scarf|[from] move: Knock Off|[of] p1a: Eelektross\n|faint|p2a: Typhlosion\n|\n|-heal|p1a: Eelektross|172/290|[from] item: Leftovers\n|upkeep\n|\n|t:|1781387251\n|switch|p2a: Farigiraf|Farigiraf, L90, F|362/362\n|-damage|p2a: Farigiraf|317/362|[from] Stealth Rock\n|turn|24\n|\n|t:|1781387254\n|move|p2a: Farigiraf|Psychic Noise|p1a: Eelektross\n|-supereffective|p1a: Eelektross\n|-damage|p1a: Eelektross|0 fnt\n|faint|p1a: Eelektross\n|\n|-heal|p2a: Farigiraf|339/362|[from] item: Leftovers\n|upkeep\n|\n|t:|1781387263\n|switch|p1a: Arcanine|Arcanine, L84, M|288/288\n|-ability|p1a: Arcanine|Intimidate|boost\n|-unboost|p2a: Farigiraf|atk|1\n|turn|25\n|\n|t:|1781387267\n|move|p1a: Arcanine|Flare Blitz|p2a: Farigiraf\n|-damage|p2a: Farigiraf|171/362\n|-damage|p1a: Arcanine|233/288|[from] Recoil\n|move|p2a: Farigiraf|Body Slam|p1a: Arcanine\n|-damage|p1a: Arcanine|167/288\n|\n|-heal|p2a: Farigiraf|193/362|[from] item: Leftovers\n|upkeep\n|turn|26\n|\n|t:|1781387273\n|move|p1a: Arcanine|Morning Sun|p1a: Arcanine\n|-heal|p1a: Arcanine|288/288\n|move|p2a: Farigiraf|Wish|p2a: Farigiraf\n|\n|-heal|p2a: Farigiraf|215/362|[from] item: Leftovers\n|upkeep\n|turn|27\n|\n|t:|1781387275\n|move|p1a: Arcanine|Flare Blitz|p2a: Farigiraf\n|-damage|p2a: Farigiraf|56/362\n|-damage|p1a: Arcanine|236/288|[from] Recoil\n|move|p2a: Farigiraf|Body Slam|p1a: Arcanine\n|-damage|p1a: Arcanine|169/288\n|\n|-heal|p2a: Farigiraf|237/362|[from] move: Wish|[wisher] Farigiraf\n|-heal|p2a: Farigiraf|259/362|[from] item: Leftovers\n|upkeep\n|turn|28\n|\n|t:|1781387282\n|move|p1a: Arcanine|Flare Blitz|p2a: Farigiraf\n|-damage|p2a: Farigiraf|94/362\n|-damage|p1a: Arcanine|115/288|[from] Recoil\n|move|p2a: Farigiraf|Wish|p2a: Farigiraf\n|\n|-heal|p2a: Farigiraf|116/362|[from] item: Leftovers\n|upkeep\n|turn|29\n|\n|t:|1781387288\n|move|p2a: Farigiraf|Protect|p2a: Farigiraf\n|-singleturn|p2a: Farigiraf|Protect\n|move|p1a: Arcanine|Morning Sun|p1a: Arcanine\n|-heal|p1a: Arcanine|259/288\n|\n|-heal|p2a: Farigiraf|297/362|[from] move: Wish|[wisher] Farigiraf\n|-heal|p2a: Farigiraf|319/362|[from] item: Leftovers\n|upkeep\n|turn|30\n|\n|t:|1781387296\n|move|p1a: Arcanine|Flare Blitz|p2a: Farigiraf\n|-damage|p2a: Farigiraf|171/362\n|-damage|p1a: Arcanine|210/288|[from] Recoil\n|move|p2a: Farigiraf|Wish|p2a: Farigiraf\n|\n|-heal|p2a: Farigiraf|193/362|[from] item: Leftovers\n|upkeep\n|turn|31\n|\n|t:|1781387325\n|move|p1a: Arcanine|Flare Blitz|p2a: Farigiraf\n|-damage|p2a: Farigiraf|30/362\n|-damage|p1a: Arcanine|156/288|[from] Recoil\n|move|p2a: Farigiraf|Body Slam|p1a: Arcanine\n|-damage|p1a: Arcanine|80/288\n|-status|p1a: Arcanine|par\n|\n|-heal|p2a: Farigiraf|211/362|[from] move: Wish|[wisher] Farigiraf\n|-heal|p2a: Farigiraf|233/362|[from] item: Leftovers\n|upkeep\n|turn|32\n|\n|t:|1781387329\n|move|p2a: Farigiraf|Body Slam|p1a: Arcanine\n|-damage|p1a: Arcanine|11/288 par\n|move|p1a: Arcanine|Morning Sun|p1a: Arcanine\n|-heal|p1a: Arcanine|155/288 par\n|\n|-heal|p2a: Farigiraf|255/362|[from] item: Leftovers\n|upkeep\n|turn|33\n|\n|t:|1781387333\n|move|p2a: Farigiraf|Psychic Noise|p1a: Arcanine\n|-damage|p1a: Arcanine|43/288 par\n|-start|p1a: Arcanine|move: Heal Block\n|cant|p1a: Arcanine|move: Heal Block|Morning Sun\n|\n|-heal|p2a: Farigiraf|277/362|[from] item: Leftovers\n|upkeep\n|turn|34\n|\n|t:|1781387336\n|move|p2a: Farigiraf|Psychic Noise|p1a: Arcanine\n|-damage|p1a: Arcanine|0 fnt\n|faint|p1a: Arcanine\n|\n|-heal|p2a: Farigiraf|299/362|[from] item: Leftovers\n|upkeep\n|\n|t:|1781387344\n|switch|p1a: Kyogre|Kyogre, L71|259/259\n|-weather|RainDance|[from] ability: Drizzle|[of] p1a: Kyogre\n|turn|35\n|\n|t:|1781387348\n|move|p1a: Kyogre|Water Spout|p2a: Farigiraf\n|-crit|p2a: Farigiraf\n|-damage|p2a: Farigiraf|0 fnt\n|faint|p2a: Farigiraf\n|\n|-weather|RainDance|[upkeep]\n|upkeep\n|\n|t:|1781387356\n|switch|p2a: Kilowattrel|Kilowattrel, L83, M|252/252\n|turn|36\n|\n|t:|1781387362\n|move|p2a: Kilowattrel|Hurricane|p1a: Kyogre\n|-damage|p1a: Kyogre|157/259\n|move|p1a: Kyogre|Water Spout|p2a: Kilowattrel\n|-damage|p2a: Kilowattrel|72/252\n|\n|-weather|RainDance|[upkeep]\n|upkeep\n|turn|37\n|\n|t:|1781387366\n|move|p2a: Kilowattrel|Roost|p2a: Kilowattrel\n|-heal|p2a: Kilowattrel|198/252\n|-singleturn|p2a: Kilowattrel|move: Roost\n|move|p1a: Kyogre|Water Spout|p2a: Kilowattrel\n|-damage|p2a: Kilowattrel|0 fnt\n|faint|p2a: Kilowattrel\n|\n|-weather|RainDance|[upkeep]\n|upkeep\n|\n|t:|1781387368\n|switch|p2a: Gyarados|Gyarados, L79, M|280/280\n|turn|38\n|\n|t:|1781387373\n|move|p1a: Kyogre|Water Spout|p2a: Gyarados\n|-resisted|p2a: Gyarados\n|-damage|p2a: Gyarados|206/280\n|move|p2a: Gyarados|Dragon Dance|p2a: Gyarados\n|-boost|p2a: Gyarados|atk|1\n|-boost|p2a: Gyarados|spe|1\n|\n|-weather|RainDance|[upkeep]\n|upkeep\n|turn|39\n|\n|t:|1781387378\n|switch|p1a: Comfey|Comfey, L85, M|225/225\n|move|p2a: Gyarados|Dragon Dance|p2a: Gyarados\n|-boost|p2a: Gyarados|atk|1\n|-boost|p2a: Gyarados|spe|1\n|\n|-weather|none\n|upkeep\n|turn|40\n|\n|t:|1781387382\n|move|p2a: Gyarados|Waterfall|p1a: Comfey\n|-damage|p1a: Comfey|35/225\n|cant|p1a: Comfey|flinch\n|\n|-heal|p1a: Comfey|49/225|[from] item: Leftovers\n|upkeep\n|turn|41\n|\n|t:|1781387386\n|move|p1a: Comfey|Giga Drain|p2a: Gyarados\n|-damage|p2a: Gyarados|161/280\n|-heal|p1a: Comfey|72/225|[from] drain|[of] p2a: Gyarados\n|move|p2a: Gyarados|Waterfall|p1a: Comfey\n|-damage|p1a: Comfey|0 fnt\n|faint|p1a: Comfey\n|-ability|p2a: Gyarados|Moxie|boost\n|-boost|p2a: Gyarados|atk|1\n|\n|upkeep\n|\n|t:|1781387391\n|switch|p1a: Lilligant|Lilligant-Hisui, L79, F|240/240\n|turn|42\n|\n|t:|1781387394\n|-terastallize|p2a: Gyarados|Flying\n|move|p2a: Gyarados|Tera Blast|p1a: Lilligant|[anim] Tera Blast Flying\n|-supereffective|p1a: Lilligant\n|-crit|p1a: Lilligant\n|-damage|p1a: Lilligant|0 fnt\n|faint|p1a: Lilligant\n|-ability|p2a: Gyarados|Moxie|boost\n|-boost|p2a: Gyarados|atk|1\n|\n|upkeep\n|\n|t:|1781387396\n|switch|p1a: Kyogre|Kyogre, L71|157/259\n|-weather|RainDance|[from] ability: Drizzle|[of] p1a: Kyogre\n|turn|43\n|\n|t:|1781387399\n|move|p2a: Gyarados|Tera Blast|p1a: Kyogre|[anim] Tera Blast Flying\n|-damage|p1a: Kyogre|0 fnt\n|faint|p1a: Kyogre\n|\n|win|pukeko_damn\n|raw|strang1's rating: 1407 &rarr; <strong>1384</strong><br />(-23 for losing)\n|raw|pukeko_damn's rating: 1360 &rarr; <strong>1383</strong><br />(+23 for winning)\n|l|\u203dstrang1\n|player|p1|\n|c|\u2606pukeko_damn|gg\n", "uploadtime": 1781387405, "views": 9, "formatid": "gen9randombattle", "rating": 1383, "private": 0, "password": null}