{"id": "gen9randombattle-2631882073", "format": "[Gen 9] Random Battle", "players": ["Bromeomeo", "Illuminating_Fate"], "log": "|j|\u2606Bromeomeo\n|j|\u2606Illuminating_Fate\n|t:|1781451601\n|gametype|singles\n|player|p1|Bromeomeo|acetrainersnow|2166\n|player|p2|Illuminating_Fate|lucas|2203\n|gen|9\n|tier|[Gen 9] Random Battle\n|rated|\n|rule|Species Clause: Limit one of each Pok\u00e9mon\n|rule|HP Percentage Mod: HP is shown in percentages\n|rule|Sleep Clause Mod: Limit one foe put to sleep\n|rule|Illusion Level Mod: Illusion disguises the Pok\u00e9mon's true level\n|\n|t:|1781451601\n|teamsize|p1|6\n|teamsize|p2|6\n|start\n|switch|p1a: Garchomp|Garchomp, L74, M|282/282\n|switch|p2a: Ogerpon|Ogerpon, L80, F|259/259\n|turn|1\n|\n|t:|1781451612\n|move|p2a: Ogerpon|Knock Off|p1a: Garchomp\n|-damage|p1a: Garchomp|208/282\n|-damage|p2a: Ogerpon|227/259|[from] ability: Rough Skin|[of] p1a: Garchomp\n|-damage|p2a: Ogerpon|184/259|[from] item: Rocky Helmet|[of] p1a: Garchomp\n|-enditem|p1a: Garchomp|Rocky Helmet|[from] move: Knock Off|[of] p2a: Ogerpon\n|move|p1a: Garchomp|Spikes|p2a: Ogerpon\n|-sidestart|p2: Illuminating_Fate|Spikes\n|\n|upkeep\n|turn|2\n|\n|t:|1781451625\n|move|p2a: Ogerpon|Ivy Cudgel|p1a: Garchomp\n|-crit|p1a: Garchomp\n|-damage|p1a: Garchomp|37/282\n|move|p1a: Garchomp|Outrage|p2a: Ogerpon\n|-damage|p2a: Ogerpon|43/259\n|\n|upkeep\n|turn|3\n|j| Pauliet456\n|\n|t:|1781451629\n|move|p2a: Ogerpon|Ivy Cudgel|p1a: Garchomp\n|-damage|p1a: Garchomp|0 fnt\n|faint|p1a: Garchomp\n|\n|upkeep\n|\n|t:|1781451640\n|switch|p1a: Mesprit|Mesprit, L85|275/275\n|turn|4\n|\n|t:|1781451644\n|move|p1a: Mesprit|Dazzling Gleam|p2a: Ogerpon\n|-damage|p2a: Ogerpon|0 fnt\n|faint|p2a: Ogerpon\n|\n|upkeep\n|\n|t:|1781451646\n|switch|p2a: Glimmora|Glimmora, L75, F|248/248\n|-item|p2a: Glimmora|Air Balloon\n|turn|5\n|\n|t:|1781451659\n|switch|p1a: Luvdisc|Luvdisc, M|247/247\n|move|p2a: Glimmora|Spikes|p1a: Luvdisc\n|-sidestart|p1: Bromeomeo|Spikes\n|\n|upkeep\n|turn|6\n|\n|t:|1781451669\n|move|p1a: Luvdisc|Surf|p2a: Glimmora\n|-supereffective|p2a: Glimmora\n|-crit|p2a: Glimmora\n|-damage|p2a: Glimmora|0 fnt\n|-enditem|p2a: Glimmora|Air Balloon\n|faint|p2a: Glimmora\n|\n|upkeep\n|\n|t:|1781451673\n|switch|p2a: Chesnaught|Chesnaught, L84, M|285/285\n|-damage|p2a: Chesnaught|250/285|[from] Spikes\n|turn|7\n|\n|t:|1781451680\n|move|p1a: Luvdisc|Flip Turn|p2a: Chesnaught\n|-resisted|p2a: Chesnaught\n|-damage|p2a: Chesnaught|235/285\n|\n|t:|1781451683\n|switch|p1a: Mesprit|Mesprit, L85|275/275|[from] Flip Turn\n|move|p2a: Chesnaught|Trailblaze|p1a: Mesprit\n|-damage|p1a: Mesprit|224/275\n|-boost|p2a: Chesnaught|spe|1\n|\n|-heal|p2a: Chesnaught|252/285|[from] item: Leftovers\n|upkeep\n|turn|8\n|\n|t:|1781451690\n|-terastallize|p2a: Chesnaught|Steel\n|move|p1a: Mesprit|Trick|p2a: Chesnaught\n|-activate|p1a: Mesprit|move: Trick|[of] p2a: Chesnaught\n|-item|p2a: Chesnaught|Choice Scarf|[from] move: Trick\n|-item|p1a: Mesprit|Leftovers|[from] move: Trick\n|move|p2a: Chesnaught|Iron Defense|p2a: Chesnaught\n|-boost|p2a: Chesnaught|def|2\n|\n|-heal|p1a: Mesprit|241/275|[from] item: Leftovers\n|upkeep\n|turn|9\n|\n|t:|1781451699\n|switch|p2a: Krookodile|Krookodile, L79, M|280/280\n|-damage|p2a: Krookodile|245/280|[from] Spikes\n|-ability|p2a: Krookodile|Intimidate|boost\n|-unboost|p1a: Mesprit|atk|1\n|switch|p1a: Fezandipiti|Fezandipiti, L82, M|278/278\n|-damage|p1a: Fezandipiti|244/278|[from] Spikes\n|\n|-heal|p1a: Fezandipiti|261/278|[from] item: Leftovers\n|-heal|p2a: Krookodile|262/280|[from] item: Leftovers\n|upkeep\n|turn|10\n|\n|t:|1781451705\n|move|p1a: Fezandipiti|Moonblast|p2a: Krookodile\n|-supereffective|p2a: Krookodile\n|-damage|p2a: Krookodile|68/280\n|-unboost|p2a: Krookodile|spa|1\n|-status|p2a: Krookodile|tox|[from] ability: Toxic Chain|[of] p1a: Fezandipiti\n|move|p2a: Krookodile|Bulk Up|p2a: Krookodile\n|-boost|p2a: Krookodile|atk|1\n|-boost|p2a: Krookodile|def|1\n|\n|-heal|p1a: Fezandipiti|278/278|[from] item: Leftovers\n|-heal|p2a: Krookodile|85/280 tox|[from] item: Leftovers\n|-damage|p2a: Krookodile|68/280 tox|[from] psn\n|upkeep\n|turn|11\n|\n|t:|1781451709\n|move|p1a: Fezandipiti|Moonblast|p2a: Krookodile\n|-supereffective|p2a: Krookodile\n|-damage|p2a: Krookodile|0 fnt\n|faint|p2a: Krookodile\n|\n|upkeep\n|\n|t:|1781451711\n|switch|p2a: Chesnaught|Chesnaught, L84, M, tera:Steel|252/285\n|-damage|p2a: Chesnaught|217/285|[from] Spikes\n|turn|12\n|\n|t:|1781451719\n|move|p2a: Chesnaught|Body Press|p1a: Fezandipiti\n|-resisted|p1a: Fezandipiti\n|-damage|p1a: Fezandipiti|250/278\n|move|p1a: Fezandipiti|Beat Up|p2a: Chesnaught\n|-damage|p2a: Chesnaught|210/285\n|-crit|p2a: Chesnaught\n|-damage|p2a: Chesnaught|197/285\n|-damage|p2a: Chesnaught|192/285\n|-damage|p2a: Chesnaught|184/285\n|-damage|p2a: Chesnaught|174/285\n|-hitcount|p2a: Chesnaught|5\n|\n|-heal|p1a: Fezandipiti|267/278|[from] item: Leftovers\n|upkeep\n|turn|13\n|\n|t:|1781451722\n|move|p2a: Chesnaught|Body Press|p1a: Fezandipiti\n|-resisted|p1a: Fezandipiti\n|-damage|p1a: Fezandipiti|239/278\n|move|p1a: Fezandipiti|Beat Up|p2a: Chesnaught\n|-damage|p2a: Chesnaught|166/285\n|-damage|p2a: Chesnaught|158/285\n|-damage|p2a: Chesnaught|153/285\n|-damage|p2a: Chesnaught|145/285\n|-damage|p2a: Chesnaught|136/285\n|-hitcount|p2a: Chesnaught|5\n|\n|-heal|p1a: Fezandipiti|256/278|[from] item: Leftovers\n|upkeep\n|turn|14\n|\n|t:|1781451723\n|move|p2a: Chesnaught|Body Press|p1a: Fezandipiti\n|-resisted|p1a: Fezandipiti\n|-damage|p1a: Fezandipiti|228/278\n|move|p1a: Fezandipiti|Beat Up|p2a: Chesnaught\n|-damage|p2a: Chesnaught|128/285\n|-damage|p2a: Chesnaught|119/285\n|-damage|p2a: Chesnaught|114/285\n|-damage|p2a: Chesnaught|106/285\n|-damage|p2a: Chesnaught|97/285\n|-hitcount|p2a: Chesnaught|5\n|\n|-heal|p1a: Fezandipiti|245/278|[from] item: Leftovers\n|upkeep\n|turn|15\n|\n|t:|1781451726\n|switch|p2a: Avalugg|Avalugg, L88, M|310/310\n|move|p1a: Fezandipiti|Beat Up|p2a: Avalugg\n|-damage|p2a: Avalugg|305/310\n|-damage|p2a: Avalugg|299/310\n|-damage|p2a: Avalugg|296/310\n|-damage|p2a: Avalugg|290/310\n|-damage|p2a: Avalugg|284/310\n|-status|p2a: Avalugg|tox|[from] ability: Toxic Chain|[of] p1a: Fezandipiti\n|-hitcount|p2a: Avalugg|5\n|\n|-heal|p1a: Fezandipiti|262/278|[from] item: Leftovers\n|-damage|p2a: Avalugg|265/310 tox|[from] psn\n|upkeep\n|turn|16\n|\n|t:|1781451728\n|move|p1a: Fezandipiti|Moonblast|p2a: Avalugg\n|-damage|p2a: Avalugg|157/310 tox\n|-unboost|p2a: Avalugg|spa|1\n|move|p2a: Avalugg|Rapid Spin|p1a: Fezandipiti\n|-damage|p1a: Fezandipiti|216/278\n|-boost|p2a: Avalugg|spe|1\n|-sideend|p2: Illuminating_Fate|Spikes|[from] move: Rapid Spin|[of] p2a: Avalugg\n|\n|-heal|p1a: Fezandipiti|233/278|[from] item: Leftovers\n|-damage|p2a: Avalugg|119/310 tox|[from] psn\n|upkeep\n|turn|17\n|\n|t:|1781451731\n|move|p1a: Fezandipiti|Moonblast|p2a: Avalugg\n|-damage|p2a: Avalugg|0 fnt\n|faint|p2a: Avalugg\n|\n|-heal|p1a: Fezandipiti|250/278|[from] item: Leftovers\n|upkeep\n|\n|t:|1781451734\n|switch|p2a: Greedent|Greedent, L86, F|347/347\n|turn|18\n|\n|t:|1781451737\n|move|p1a: Fezandipiti|Beat Up|p2a: Greedent\n|-damage|p2a: Greedent|338/347\n|-damage|p2a: Greedent|327/347\n|-damage|p2a: Greedent|321/347\n|-damage|p2a: Greedent|311/347\n|-damage|p2a: Greedent|300/347\n|-status|p2a: Greedent|tox|[from] ability: Toxic Chain|[of] p1a: Fezandipiti\n|-hitcount|p2a: Greedent|5\n|move|p2a: Greedent|Swords Dance|p2a: Greedent\n|-boost|p2a: Greedent|atk|2\n|\n|-heal|p1a: Fezandipiti|267/278|[from] item: Leftovers\n|-damage|p2a: Greedent|279/347 tox|[from] psn\n|upkeep\n|turn|19\n|\n|t:|1781451740\n|switch|p1a: Mesprit|Mesprit, L85|241/275\n|move|p2a: Greedent|Earthquake|p1a: Mesprit\n|-immune|p1a: Mesprit|[from] ability: Levitate\n|\n|-heal|p1a: Mesprit|258/275|[from] item: Leftovers\n|-damage|p2a: Greedent|237/347 tox|[from] psn\n|upkeep\n|turn|20\n|-message|Illuminating_Fate forfeited.\n|\n|win|Bromeomeo\n", "uploadtime": 1781451603, "views": 5, "formatid": "gen9randombattle", "rating": null, "private": 0, "password": null}