{"id": "gen9randombattle-2631465213", "format": "[Gen 9] Random Battle", "players": ["vanitas9702", "KlausUnbound"], "log": "|j|\u2606vanitas9702\n|j|\u2606KlausUnbound\n|t:|1781388052\n|gametype|singles\n|player|p1|vanitas9702|clair|2080\n|player|p2|KlausUnbound|heroine2-conquest|2283\n|gen|9\n|tier|[Gen 9] Random Battle\n|rated|\n|rule|Species Clause: Limit one of each Pok\u00e9mon\n|rule|HP Percentage Mod: HP is shown in percentages\n|rule|Sleep Clause Mod: Limit one foe put to sleep\n|rule|Illusion Level Mod: Illusion disguises the Pok\u00e9mon's true level\n|\n|t:|1781388052\n|teamsize|p1|6\n|teamsize|p2|6\n|start\n|switch|p1a: Shiftry|Shiftry, L89, M|305/305\n|switch|p2a: Swalot|Swalot, L90, F|326/326\n|turn|1\n|inactive|Battle timer is ON: inactive players will automatically lose when time's up. (requested by KlausUnbound)\n|\n|t:|1781388062\n|move|p1a: Shiftry|Will-O-Wisp|p2a: Swalot\n|-status|p2a: Swalot|brn\n|move|p2a: Swalot|Sludge Bomb|p1a: Shiftry\n|-supereffective|p1a: Shiftry\n|-damage|p1a: Shiftry|77/305\n|\n|-damage|p2a: Swalot|306/326 brn|[from] brn\n|upkeep\n|turn|2\n|\n|t:|1781388073\n|switch|p1a: Camerupt|Camerupt, L91, M|275/275\n|move|p2a: Swalot|Sludge Bomb|p1a: Camerupt\n|-resisted|p1a: Camerupt\n|-damage|p1a: Camerupt|228/275\n|\n|-heal|p2a: Swalot|326/326 brn|[from] item: Leftovers\n|-heal|p1a: Camerupt|245/275|[from] item: Leftovers\n|-damage|p2a: Swalot|306/326 brn|[from] brn\n|upkeep\n|turn|3\n|\n|t:|1781388078\n|move|p2a: Swalot|Toxic|p1a: Camerupt\n|-status|p1a: Camerupt|tox\n|move|p1a: Camerupt|Stealth Rock|p2a: Swalot\n|-sidestart|p2: KlausUnbound|move: Stealth Rock\n|\n|-heal|p2a: Swalot|326/326 brn|[from] item: Leftovers\n|-heal|p1a: Camerupt|262/275 tox|[from] item: Leftovers\n|-damage|p1a: Camerupt|245/275 tox|[from] psn\n|-damage|p2a: Swalot|306/326 brn|[from] brn\n|upkeep\n|turn|4\n|\n|t:|1781388083\n|move|p2a: Swalot|Protect|p2a: Swalot\n|-singleturn|p2a: Swalot|Protect\n|move|p1a: Camerupt|Earthquake|p2a: Swalot\n|-activate|p2a: Swalot|move: Protect\n|\n|-heal|p2a: Swalot|326/326 brn|[from] item: Leftovers\n|-heal|p1a: Camerupt|262/275 tox|[from] item: Leftovers\n|-damage|p1a: Camerupt|228/275 tox|[from] psn\n|-damage|p2a: Swalot|306/326 brn|[from] brn\n|upkeep\n|turn|5\n|\n|t:|1781388086\n|move|p2a: Swalot|Earthquake|p1a: Camerupt\n|-supereffective|p1a: Camerupt\n|-damage|p1a: Camerupt|175/275 tox\n|move|p1a: Camerupt|Earthquake|p2a: Swalot\n|-supereffective|p2a: Swalot\n|-damage|p2a: Swalot|64/326 brn\n|\n|-heal|p2a: Swalot|84/326 brn|[from] item: Leftovers\n|-heal|p1a: Camerupt|192/275 tox|[from] item: Leftovers\n|-damage|p1a: Camerupt|141/275 tox|[from] psn\n|-damage|p2a: Swalot|64/326 brn|[from] brn\n|upkeep\n|turn|6\n|\n|t:|1781388094\n|switch|p1a: Shiftry|Shiftry, L89, M|77/305\n|move|p2a: Swalot|Sludge Bomb|p1a: Shiftry\n|-supereffective|p1a: Shiftry\n|-damage|p1a: Shiftry|0 fnt\n|faint|p1a: Shiftry\n|\n|-heal|p2a: Swalot|84/326 brn|[from] item: Leftovers\n|-damage|p2a: Swalot|64/326 brn|[from] brn\n|upkeep\n|\n|t:|1781388098\n|switch|p1a: Camerupt|Camerupt, L91, M|141/275 tox\n|turn|7\n|\n|t:|1781388101\n|move|p2a: Swalot|Protect|p2a: Swalot\n|-singleturn|p2a: Swalot|Protect\n|move|p1a: Camerupt|Earthquake|p2a: Swalot\n|-activate|p2a: Swalot|move: Protect\n|\n|-heal|p2a: Swalot|84/326 brn|[from] item: Leftovers\n|-heal|p1a: Camerupt|158/275 tox|[from] item: Leftovers\n|-damage|p1a: Camerupt|141/275 tox|[from] psn\n|-damage|p2a: Swalot|64/326 brn|[from] brn\n|upkeep\n|turn|8\n|\n|t:|1781388104\n|move|p2a: Swalot|Sludge Bomb|p1a: Camerupt\n|-resisted|p1a: Camerupt\n|-damage|p1a: Camerupt|93/275 tox\n|move|p1a: Camerupt|Earthquake|p2a: Swalot\n|-supereffective|p2a: Swalot\n|-damage|p2a: Swalot|0 fnt\n|faint|p2a: Swalot\n|\n|-heal|p1a: Camerupt|110/275 tox|[from] item: Leftovers\n|-damage|p1a: Camerupt|76/275 tox|[from] psn\n|upkeep\n|\n|t:|1781388115\n|switch|p2a: Wigglytuff|Wigglytuff, L96, F|424/424\n|-damage|p2a: Wigglytuff|371/424|[from] Stealth Rock\n|turn|9\n|\n|t:|1781388119\n|move|p2a: Wigglytuff|Knock Off|p1a: Camerupt\n|-damage|p1a: Camerupt|3/275 tox\n|-enditem|p1a: Camerupt|Leftovers|[from] move: Knock Off|[of] p2a: Wigglytuff\n|move|p1a: Camerupt|Earthquake|p2a: Wigglytuff\n|-damage|p2a: Wigglytuff|182/424\n|\n|-heal|p2a: Wigglytuff|208/424|[from] item: Leftovers\n|-damage|p1a: Camerupt|0 fnt|[from] psn\n|faint|p1a: Camerupt\n|upkeep\n|\n|t:|1781388129\n|switch|p1a: Pikachu|Pikachu, L93, F|216/216\n|turn|10\n|\n|t:|1781388136\n|switch|p2a: Whimsicott|Whimsicott, L84, F|238/238\n|move|p1a: Pikachu|Volt Tackle|p2a: Whimsicott\n|-resisted|p2a: Whimsicott\n|-damage|p2a: Whimsicott|132/238\n|-damage|p1a: Pikachu|181/216|[from] Recoil\n|\n|upkeep\n|turn|11\n|\n|t:|1781388144\n|move|p2a: Whimsicott|Stun Spore|p1a: Pikachu\n|-immune|p1a: Pikachu\n|move|p1a: Pikachu|Volt Tackle|p2a: Whimsicott\n|-resisted|p2a: Whimsicott\n|-damage|p2a: Whimsicott|21/238\n|-damage|p1a: Pikachu|144/216|[from] Recoil\n|\n|upkeep\n|turn|12\n|\n|t:|1781388149\n|move|p2a: Whimsicott|Giga Drain|p1a: Pikachu\n|-damage|p1a: Pikachu|45/216\n|-heal|p2a: Whimsicott|71/238|[from] drain|[of] p1a: Pikachu\n|move|p1a: Pikachu|Volt Tackle|p2a: Whimsicott\n|-resisted|p2a: Whimsicott\n|-damage|p2a: Whimsicott|0 fnt\n|faint|p2a: Whimsicott\n|-damage|p1a: Pikachu|22/216|[from] Recoil\n|\n|upkeep\n|\n|t:|1781388162\n|switch|p2a: Wigglytuff|Wigglytuff, L96, F|208/424\n|-damage|p2a: Wigglytuff|155/424|[from] Stealth Rock\n|turn|13\n|\n|t:|1781388167\n|move|p1a: Pikachu|Volt Switch|p2a: Wigglytuff\n|-damage|p2a: Wigglytuff|2/424\n|\n|t:|1781388170\n|switch|p1a: Inteleon|Inteleon, L81, F|246/246|[from] Volt Switch\n|move|p2a: Wigglytuff|Knock Off|p1a: Inteleon\n|-damage|p1a: Inteleon|154/246\n|-enditem|p1a: Inteleon|Choice Specs|[from] move: Knock Off|[of] p2a: Wigglytuff\n|\n|-heal|p2a: Wigglytuff|28/424|[from] item: Leftovers\n|upkeep\n|turn|14\n|\n|t:|1781388174\n|move|p1a: Inteleon|U-turn|p2a: Wigglytuff\n|-resisted|p2a: Wigglytuff\n|-damage|p2a: Wigglytuff|0 fnt\n|faint|p2a: Wigglytuff\n|\n|t:|1781388178\n|switch|p1a: Pikachu|Pikachu, L93, F|22/216|[from] U-turn\n|\n|upkeep\n|\n|t:|1781388184\n|switch|p2a: Goodra|Goodra-Hisui, L82, M|265/265\n|-damage|p2a: Goodra|249/265|[from] Stealth Rock\n|turn|15\n|\n|t:|1781388189\n|move|p1a: Pikachu|Knock Off|p2a: Goodra\n|-damage|p2a: Goodra|146/265\n|-enditem|p2a: Goodra|Assault Vest|[from] move: Knock Off|[of] p1a: Pikachu\n|move|p2a: Goodra|Earthquake|p1a: Pikachu\n|-supereffective|p1a: Pikachu\n|-damage|p1a: Pikachu|0 fnt\n|faint|p1a: Pikachu\n|\n|upkeep\n|\n|t:|1781388194\n|switch|p1a: Inteleon|Inteleon, L81, F|154/246\n|turn|16\n|\n|t:|1781388197\n|move|p1a: Inteleon|Ice Beam|p2a: Goodra\n|-damage|p2a: Goodra|97/265\n|move|p2a: Goodra|Thunderbolt|p1a: Inteleon\n|-supereffective|p1a: Inteleon\n|-damage|p1a: Inteleon|0 fnt\n|faint|p1a: Inteleon\n|\n|upkeep\n|\n|t:|1781388220\n|switch|p1a: Raging Bolt|Raging Bolt, L78|323/323\n|-enditem|p1a: Raging Bolt|Booster Energy\n|-activate|p1a: Raging Bolt|ability: Protosynthesis|[fromitem]\n|-start|p1a: Raging Bolt|protosynthesisspa\n|turn|17\n|\n|t:|1781388227\n|move|p1a: Raging Bolt|Dragon Pulse|p2a: Goodra\n|-damage|p2a: Goodra|10/265\n|move|p2a: Goodra|Draco Meteor|p1a: Raging Bolt\n|-supereffective|p1a: Raging Bolt\n|-damage|p1a: Raging Bolt|21/323\n|-unboost|p2a: Goodra|spa|2\n|\n|upkeep\n|turn|18\n|\n|t:|1781388231\n|move|p1a: Raging Bolt|Dragon Pulse|p2a: Goodra\n|-damage|p2a: Goodra|0 fnt\n|faint|p2a: Goodra\n|\n|upkeep\n|\n|t:|1781388233\n|switch|p2a: Slowking|Slowking-Galar, L85, F|300/300\n|-damage|p2a: Slowking|263/300|[from] Stealth Rock\n|turn|19\n|\n|t:|1781388237\n|move|p1a: Raging Bolt|Thunderbolt|p2a: Slowking\n|-damage|p2a: Slowking|152/300\n|move|p2a: Slowking|Sludge Bomb|p1a: Raging Bolt\n|-damage|p1a: Raging Bolt|0 fnt\n|faint|p1a: Raging Bolt\n|-end|p1a: Raging Bolt|Protosynthesis|[silent]\n|\n|-heal|p2a: Slowking|170/300|[from] item: Leftovers\n|upkeep\n|\n|t:|1781388241\n|switch|p1a: Salamence|Salamence, L77, F|273/273\n|turn|20\n|\n|t:|1781388249\n|-terastallize|p1a: Salamence|Steel\n|move|p1a: Salamence|Dragon Dance|p1a: Salamence\n|-boost|p1a: Salamence|atk|1\n|-boost|p1a: Salamence|spe|1\n|move|p2a: Slowking|Thunder Wave|p1a: Salamence\n|-status|p1a: Salamence|par\n|\n|-heal|p2a: Slowking|188/300|[from] item: Leftovers\n|upkeep\n|turn|21\n|\n|t:|1781388256\n|switch|p2a: Haxorus|Haxorus, L77, M|244/244\n|-damage|p2a: Haxorus|214/244|[from] Stealth Rock\n|-ability|p2a: Haxorus|Mold Breaker\n|move|p1a: Salamence|Dragon Dance|p1a: Salamence\n|-boost|p1a: Salamence|atk|1\n|-boost|p1a: Salamence|spe|1\n|\n|upkeep\n|turn|22\n|\n|t:|1781388264\n|-terastallize|p2a: Haxorus|Steel\n|move|p1a: Salamence|Outrage|p2a: Haxorus\n|-resisted|p2a: Haxorus\n|-damage|p2a: Haxorus|64/244\n|move|p2a: Haxorus|Dragon Dance|p2a: Haxorus\n|-boost|p2a: Haxorus|atk|1\n|-boost|p2a: Haxorus|spe|1\n|\n|upkeep\n|turn|23\n|\n|t:|1781388269\n|move|p2a: Haxorus|Close Combat|p1a: Salamence\n|-supereffective|p1a: Salamence\n|-damage|p1a: Salamence|0 fnt\n|-unboost|p2a: Haxorus|def|1\n|-unboost|p2a: Haxorus|spd|1\n|faint|p1a: Salamence\n|\n|win|KlausUnbound\n", "uploadtime": 1781388055, "views": 5, "formatid": "gen9randombattle", "rating": null, "private": 0, "password": null}