{"id": "gen9randombattle-2631443357", "format": "[Gen 9] Random Battle", "players": ["scampy789", "Zekromkicker"], "log": "|j|\u2606scampy789\n|j|\u2606Zekromkicker\n|t:|1781385307\n|gametype|singles\n|player|p1|scampy789|101|2037\n|player|p2|Zekromkicker|rosa-masters|2019\n|gen|9\n|tier|[Gen 9] Random Battle\n|rated|\n|rule|Species Clause: Limit one of each Pok\u00e9mon\n|rule|HP Percentage Mod: HP is shown in percentages\n|rule|Sleep Clause Mod: Limit one foe put to sleep\n|rule|Illusion Level Mod: Illusion disguises the Pok\u00e9mon's true level\n|\n|t:|1781385307\n|teamsize|p1|6\n|teamsize|p2|6\n|start\n|switch|p1a: Floatzel|Floatzel, L86, M|286/286\n|switch|p2a: Suicune|Suicune, L82|298/298\n|-ability|p2a: Suicune|Pressure\n|turn|1\n|inactive|Battle timer is ON: inactive players will automatically lose when time's up. (requested by scampy789)\n|\n|t:|1781385335\n|move|p1a: Floatzel|Flip Turn|p2a: Suicune\n|-resisted|p2a: Suicune\n|-damage|p2a: Suicune|250/298\n|\n|t:|1781385340\n|switch|p1a: Illumise|Illumise, L91, F|266/266|[from] Flip Turn\n|move|p2a: Suicune|Calm Mind|p2a: Suicune\n|-boost|p2a: Suicune|spa|1\n|-boost|p2a: Suicune|spd|1\n|\n|-heal|p2a: Suicune|268/298|[from] item: Leftovers\n|upkeep\n|turn|2\n|\n|t:|1781385350\n|switch|p2a: Dudunsparce|Dudunsparce-Three-Segment, L83, M|343/343\n|move|p1a: Illumise|Thunder Wave|p2a: Dudunsparce\n|-status|p2a: Dudunsparce|par\n|\n|upkeep\n|turn|3\n|\n|t:|1781385372\n|switch|p1a: Zangoose|Zangoose, L85, M|263/263\n|move|p2a: Dudunsparce|Glare|p1a: Zangoose\n|-status|p1a: Zangoose|par\n|\n|upkeep\n|turn|4\n|\n|t:|1781385388\n|switch|p2a: Magcargo|Magcargo, L95, M|268/268\n|move|p1a: Zangoose|Knock Off|p2a: Magcargo\n|-damage|p2a: Magcargo|208/268\n|-ability|p2a: Magcargo|Weak Armor|boost\n|-unboost|p2a: Magcargo|def|1\n|-boost|p2a: Magcargo|spe|2\n|-enditem|p2a: Magcargo|Heavy-Duty Boots|[from] move: Knock Off|[of] p1a: Zangoose\n|\n|upkeep\n|turn|5\n|\n|t:|1781385400\n|move|p2a: Magcargo|Fire Blast|p1a: Zangoose\n|-damage|p1a: Zangoose|74/263 par\n|move|p1a: Zangoose|Close Combat|p2a: Magcargo\n|-supereffective|p2a: Magcargo\n|-damage|p2a: Magcargo|0 fnt\n|-unboost|p1a: Zangoose|def|1\n|-unboost|p1a: Zangoose|spd|1\n|faint|p2a: Magcargo\n|\n|upkeep\n|\n|t:|1781385419\n|switch|p2a: Suicune|Suicune, L82|268/298\n|-ability|p2a: Suicune|Pressure\n|turn|6\n|\n|t:|1781385426\n|move|p2a: Suicune|Scald|p1a: Zangoose\n|-crit|p1a: Zangoose\n|-damage|p1a: Zangoose|0 fnt\n|faint|p1a: Zangoose\n|\n|-heal|p2a: Suicune|286/298|[from] item: Leftovers\n|upkeep\n|\n|t:|1781385432\n|switch|p1a: Illumise|Illumise, L91, F|266/266\n|turn|7\n|\n|t:|1781385438\n|switch|p2a: Dudunsparce|Dudunsparce-Three-Segment, L83, M|343/343 par\n|move|p1a: Illumise|Bug Buzz|p2a: Dudunsparce\n|-damage|p2a: Dudunsparce|244/343 par\n|\n|-heal|p2a: Dudunsparce|265/343 par|[from] item: Leftovers\n|upkeep\n|turn|8\n|\n|t:|1781385454\n|move|p1a: Illumise|Bug Buzz|p2a: Dudunsparce\n|-damage|p2a: Dudunsparce|159/343 par\n|move|p2a: Dudunsparce|Glare|p1a: Illumise\n|-status|p1a: Illumise|par\n|\n|-heal|p2a: Dudunsparce|180/343 par|[from] item: Leftovers\n|upkeep\n|turn|9\n|\n|t:|1781385464\n|cant|p1a: Illumise|par\n|move|p2a: Dudunsparce|Roost|p2a: Dudunsparce\n|-heal|p2a: Dudunsparce|343/343 par\n|-singleturn|p2a: Dudunsparce|move: Roost\n|\n|upkeep\n|turn|10\n|\n|t:|1781385470\n|move|p1a: Illumise|Bug Buzz|p2a: Dudunsparce\n|-damage|p2a: Dudunsparce|235/343 par\n|-unboost|p2a: Dudunsparce|spd|1\n|move|p2a: Dudunsparce|Headbutt|p1a: Illumise\n|-damage|p1a: Illumise|191/266 par\n|\n|-heal|p2a: Dudunsparce|256/343 par|[from] item: Leftovers\n|upkeep\n|turn|11\n|\n|t:|1781385484\n|switch|p2a: Suicune|Suicune, L82|286/298\n|-ability|p2a: Suicune|Pressure\n|move|p1a: Illumise|Bug Buzz|p2a: Suicune\n|-damage|p2a: Suicune|216/298\n|-unboost|p2a: Suicune|spd|1\n|\n|-heal|p2a: Suicune|234/298|[from] item: Leftovers\n|upkeep\n|turn|12\n|\n|t:|1781385493\n|switch|p2a: Dudunsparce|Dudunsparce-Three-Segment, L83, M|256/343 par\n|move|p1a: Illumise|Bug Buzz|p2a: Dudunsparce\n|-damage|p2a: Dudunsparce|156/343 par\n|\n|-heal|p2a: Dudunsparce|177/343 par|[from] item: Leftovers\n|upkeep\n|turn|13\n|\n|t:|1781385501\n|switch|p1a: Malamar|Malamar, L82, F|275/275\n|cant|p2a: Dudunsparce|par\n|\n|-heal|p2a: Dudunsparce|198/343 par|[from] item: Leftovers\n|upkeep\n|turn|14\n|\n|t:|1781385524\n|switch|p2a: Staraptor|Staraptor, L79, F|263/263\n|move|p1a: Malamar|Superpower|p2a: Staraptor\n|-damage|p2a: Staraptor|168/263\n|-boost|p1a: Malamar|atk|1\n|-boost|p1a: Malamar|def|1\n|\n|upkeep\n|turn|15\n|\n|t:|1781385542\n|-terastallize|p1a: Malamar|Steel\n|move|p2a: Staraptor|U-turn|p1a: Malamar\n|-resisted|p1a: Malamar\n|-crit|p1a: Malamar\n|-damage|p1a: Malamar|217/275\n|\n|t:|1781385547\n|switch|p2a: Dudunsparce|Dudunsparce-Three-Segment, L83, M|198/343 par|[from] U-turn\n|move|p1a: Malamar|Superpower|p2a: Dudunsparce\n|-supereffective|p2a: Dudunsparce\n|-damage|p2a: Dudunsparce|0 fnt\n|-boost|p1a: Malamar|atk|1\n|-boost|p1a: Malamar|def|1\n|faint|p2a: Dudunsparce\n|\n|-heal|p1a: Malamar|234/275|[from] item: Leftovers\n|upkeep\n|\n|t:|1781385554\n|switch|p2a: Inteleon|Inteleon, L81, F|246/246\n|turn|16\n|\n|t:|1781385570\n|move|p2a: Inteleon|Hydro Pump|p1a: Malamar\n|-damage|p1a: Malamar|23/275\n|move|p1a: Malamar|Knock Off|p2a: Inteleon\n|-damage|p2a: Inteleon|18/246\n|-enditem|p2a: Inteleon|Choice Specs|[from] move: Knock Off|[of] p1a: Malamar\n|\n|-heal|p1a: Malamar|40/275|[from] item: Leftovers\n|upkeep\n|turn|17\n|\n|t:|1781385585\n|move|p2a: Inteleon|Scald|p1a: Malamar\n|-damage|p1a: Malamar|0 fnt\n|faint|p1a: Malamar\n|\n|upkeep\n|\n|t:|1781385589\n|switch|p1a: Floatzel|Floatzel, L86, M|286/286\n|turn|18\n|\n|t:|1781385593\n|switch|p2a: Suicune|Suicune, L82|234/298\n|-ability|p2a: Suicune|Pressure\n|move|p1a: Floatzel|Flip Turn|p2a: Suicune\n|-resisted|p2a: Suicune\n|-damage|p2a: Suicune|187/298\n|\n|t:|1781385599\n|switch|p1a: Illumise|Illumise, L91, F|191/266 par|[from] Flip Turn\n|\n|-heal|p2a: Suicune|205/298|[from] item: Leftovers\n|upkeep\n|turn|19\n|\n|t:|1781385604\n|move|p2a: Suicune|Scald|p1a: Illumise\n|-crit|p1a: Illumise\n|-damage|p1a: Illumise|91/266 par\n|move|p1a: Illumise|Bug Buzz|p2a: Suicune\n|-damage|p2a: Suicune|130/298\n|\n|-heal|p2a: Suicune|148/298|[from] item: Leftovers\n|upkeep\n|turn|20\n|\n|t:|1781385614\n|cant|p1a: Illumise|par\n|move|p2a: Suicune|Scald|p1a: Illumise\n|-damage|p1a: Illumise|16/266 par\n|\n|-heal|p2a: Suicune|166/298|[from] item: Leftovers\n|upkeep\n|turn|21\n|\n|t:|1781385620\n|cant|p1a: Illumise|par\n|move|p2a: Suicune|Scald|p1a: Illumise\n|-damage|p1a: Illumise|0 fnt\n|faint|p1a: Illumise\n|\n|-heal|p2a: Suicune|184/298|[from] item: Leftovers\n|upkeep\n|\n|t:|1781385627\n|switch|p1a: Umbreon|Umbreon, L84, F|297/297\n|turn|22\n|\n|t:|1781385633\n|move|p2a: Suicune|Calm Mind|p2a: Suicune\n|-boost|p2a: Suicune|spa|1\n|-boost|p2a: Suicune|spd|1\n|move|p1a: Umbreon|Toxic|p2a: Suicune\n|-status|p2a: Suicune|tox\n|\n|-heal|p2a: Suicune|202/298 tox|[from] item: Leftovers\n|-damage|p2a: Suicune|184/298 tox|[from] psn\n|upkeep\n|turn|23\n|\n|t:|1781385639\n|switch|p1a: Ambipom|Ambipom, L84, F|263/263\n|move|p2a: Suicune|Scald|p1a: Ambipom\n|-damage|p1a: Ambipom|134/263\n|\n|-heal|p2a: Suicune|202/298 tox|[from] item: Leftovers\n|-damage|p2a: Suicune|166/298 tox|[from] psn\n|upkeep\n|turn|24\n|inactive|Zekromkicker has 120 seconds left.\n|\n|t:|1781385669\n|switch|p2a: Staraptor|Staraptor, L79, F|168/263\n|move|p1a: Ambipom|Fake Out|p2a: Staraptor\n|-damage|p2a: Staraptor|74/263\n|\n|upkeep\n|turn|25\n|inactive|scampy789 has 120 seconds left.\n|\n|t:|1781385700\n|switch|p1a: Umbreon|Umbreon, L84, F|297/297\n|move|p2a: Staraptor|Double-Edge|p1a: Umbreon\n|-damage|p1a: Umbreon|107/297\n|-damage|p2a: Staraptor|11/263|[from] Recoil\n|\n|-heal|p1a: Umbreon|125/297|[from] item: Leftovers\n|upkeep\n|turn|26\n|inactive|scampy789 has 120 seconds left.\n|\n|t:|1781385712\n|move|p2a: Staraptor|Double-Edge|p1a: Umbreon\n|-damage|p1a: Umbreon|0 fnt\n|faint|p1a: Umbreon\n|-damage|p2a: Staraptor|0 fnt|[from] Recoil\n|faint|p2a: Staraptor\n|\n|upkeep\n|inactive|scampy789 has 120 seconds left.\n|\n|t:|1781385723\n|switch|p2a: Darkrai|Darkrai, L77|234/234\n|switch|p1a: Ambipom|Ambipom, L84, F|134/263\n|turn|27\n|\n|t:|1781385730\n|move|p1a: Ambipom|Fake Out|p2a: Darkrai\n|-damage|p2a: Darkrai|149/234\n|cant|p2a: Darkrai|flinch\n|\n|-heal|p2a: Darkrai|163/234|[from] item: Leftovers\n|upkeep\n|turn|28\n|\n|t:|1781385739\n|move|p1a: Ambipom|Double-Edge|p2a: Darkrai\n|-damage|p2a: Darkrai|0 fnt\n|faint|p2a: Darkrai\n|-damage|p1a: Ambipom|80/263|[from] Recoil\n|\n|upkeep\n|\n|t:|1781385747\n|switch|p2a: Inteleon|Inteleon, L81, F|18/246\n|turn|29\n|\n|t:|1781385761\n|-terastallize|p2a: Inteleon|Water\n|move|p2a: Inteleon|Scald|p1a: Ambipom\n|-damage|p1a: Ambipom|0 fnt\n|faint|p1a: Ambipom\n|\n|upkeep\n|\n|t:|1781385766\n|switch|p1a: Floatzel|Floatzel, L86, M|286/286\n|turn|30\n|\n|t:|1781385774\n|move|p1a: Floatzel|Crunch|p2a: Inteleon\n|-damage|p2a: Inteleon|0 fnt\n|faint|p2a: Inteleon\n|\n|upkeep\n|\n|t:|1781385776\n|switch|p2a: Suicune|Suicune, L82|166/298 tox\n|-ability|p2a: Suicune|Pressure\n|turn|31\n|\n|t:|1781385780\n|move|p1a: Floatzel|Crunch|p2a: Suicune\n|-damage|p2a: Suicune|88/298 tox\n|move|p2a: Suicune|Rest|p2a: Suicune\n|-status|p2a: Suicune|slp|[from] move: Rest\n|-heal|p2a: Suicune|298/298 slp|[silent]\n|\n|upkeep\n|turn|32\n|\n|t:|1781385785\n|move|p1a: Floatzel|Crunch|p2a: Suicune\n|-crit|p2a: Suicune\n|-damage|p2a: Suicune|171/298 slp\n|-unboost|p2a: Suicune|def|1\n|cant|p2a: Suicune|slp\n|move|p2a: Suicune|Sleep Talk|p2a: Suicune\n|move|p2a: Suicune|Rest||[from] move: Sleep Talk|[still]\n|-fail|p2a: Suicune\n|\n|-heal|p2a: Suicune|189/298 slp|[from] item: Leftovers\n|upkeep\n|turn|33\n|\n|t:|1781385790\n|move|p1a: Floatzel|Crunch|p2a: Suicune\n|-damage|p2a: Suicune|72/298 slp\n|-unboost|p2a: Suicune|def|1\n|cant|p2a: Suicune|slp\n|move|p2a: Suicune|Sleep Talk|p2a: Suicune\n|move|p2a: Suicune|Rest||[from] move: Sleep Talk|[still]\n|-fail|p2a: Suicune\n|\n|-heal|p2a: Suicune|90/298 slp|[from] item: Leftovers\n|upkeep\n|turn|34\n|\n|t:|1781385796\n|move|p1a: Floatzel|Crunch|p2a: Suicune\n|-damage|p2a: Suicune|0 fnt\n|faint|p2a: Suicune\n|\n|win|scampy789\n", "uploadtime": 1781385309, "views": 5, "formatid": "gen9randombattle", "rating": null, "private": 0, "password": null}