{"id": "gen9randombattle-2631981146", "format": "[Gen 9] Random Battle", "players": ["rareold", "bit90"], "log": "|j|\u2606rareold\n|j|\u2606bit90\n|t:|1781462408\n|gametype|singles\n|player|p1|rareold|gardenia|1491\n|player|p2|bit90|janitor|1458\n|gen|9\n|tier|[Gen 9] Random Battle\n|rated|\n|rule|Species Clause: Limit one of each Pok\u00e9mon\n|rule|HP Percentage Mod: HP is shown in percentages\n|rule|Sleep Clause Mod: Limit one foe put to sleep\n|rule|Illusion Level Mod: Illusion disguises the Pok\u00e9mon's true level\n|\n|t:|1781462408\n|teamsize|p1|6\n|teamsize|p2|6\n|start\n|switch|p1a: Slowbro|Slowbro, L85, M|300/300\n|switch|p2a: Vaporeon|Vaporeon, L86, M|364/364\n|turn|1\n|\n|t:|1781462425\n|switch|p2a: Overqwil|Overqwil, L82, F|274/274\n|-ability|p2a: Overqwil|Intimidate|boost\n|-unboost|p1a: Slowbro|atk|1\n|move|p1a: Slowbro|Future Sight|p2a: Overqwil\n|-start|p1a: Slowbro|move: Future Sight\n|\n|upkeep\n|turn|2\n|\n|t:|1781462434\n|move|p2a: Overqwil|Gunk Shot|p1a: Slowbro\n|-crit|p1a: Slowbro\n|-damage|p1a: Slowbro|93/300\n|-damage|p2a: Overqwil|247/274|[from] item: Life Orb\n|move|p1a: Slowbro|Scald|p2a: Overqwil\n|-damage|p2a: Overqwil|138/274\n|\n|upkeep\n|turn|3\n|\n|t:|1781462445\n|switch|p1a: Archaludon|Archaludon, L78, F|268/268\n|move|p2a: Overqwil|Crunch|p1a: Archaludon\n|-damage|p1a: Archaludon|181/268\n|-ability|p1a: Archaludon|Stamina|boost\n|-boost|p1a: Archaludon|def|1\n|-damage|p2a: Overqwil|111/274|[from] item: Life Orb\n|\n|-end|p2a: Overqwil|move: Future Sight\n|-immune|p2a: Overqwil\n|-heal|p1a: Archaludon|197/268|[from] item: Leftovers\n|upkeep\n|turn|4\n|\n|t:|1781462455\n|switch|p2a: Vaporeon|Vaporeon, L86, M|364/364\n|move|p1a: Archaludon|Stealth Rock|p2a: Vaporeon\n|-sidestart|p2: bit90|move: Stealth Rock\n|\n|-heal|p1a: Archaludon|213/268|[from] item: Leftovers\n|upkeep\n|turn|5\n|\n|t:|1781462458\n|move|p1a: Archaludon|Body Press|p2a: Vaporeon\n|-damage|p2a: Vaporeon|243/364\n|move|p2a: Vaporeon|Scald|p1a: Archaludon\n|-resisted|p1a: Archaludon\n|-damage|p1a: Archaludon|144/268\n|-ability|p1a: Archaludon|Stamina|boost\n|-boost|p1a: Archaludon|def|1\n|\n|-heal|p1a: Archaludon|160/268|[from] item: Leftovers\n|-heal|p2a: Vaporeon|265/364|[from] item: Leftovers\n|upkeep\n|turn|6\n|\n|t:|1781462464\n|move|p1a: Archaludon|Body Press|p2a: Vaporeon\n|-damage|p2a: Vaporeon|118/364\n|move|p2a: Vaporeon|Scald|p1a: Archaludon\n|-resisted|p1a: Archaludon\n|-damage|p1a: Archaludon|92/268\n|-ability|p1a: Archaludon|Stamina|boost\n|-boost|p1a: Archaludon|def|1\n|\n|-heal|p1a: Archaludon|108/268|[from] item: Leftovers\n|-heal|p2a: Vaporeon|140/364|[from] item: Leftovers\n|upkeep\n|turn|7\n|\n|t:|1781462469\n|move|p1a: Archaludon|Body Press|p2a: Vaporeon\n|-damage|p2a: Vaporeon|0 fnt\n|faint|p2a: Vaporeon\n|\n|-heal|p1a: Archaludon|124/268|[from] item: Leftovers\n|upkeep\n|\n|t:|1781462478\n|switch|p2a: Iron Jugulis|Iron Jugulis, L77|271/271\n|-damage|p2a: Iron Jugulis|204/271|[from] Stealth Rock\n|turn|8\n|\n|t:|1781462484\n|switch|p1a: Slowbro|Slowbro, L85, M|193/300\n|move|p2a: Iron Jugulis|Earth Power|p1a: Slowbro\n|-damage|p1a: Slowbro|120/300\n|\n|upkeep\n|turn|9\n|\n|t:|1781462491\n|-end|p2a: Iron Jugulis|Quark Drive|[silent]\n|switch|p2a: Munkidori|Munkidori, L79, M|269/269\n|-damage|p2a: Munkidori|236/269|[from] Stealth Rock\n|move|p1a: Slowbro|Scald|p2a: Munkidori\n|-damage|p2a: Munkidori|170/269\n|-status|p2a: Munkidori|brn\n|\n|-damage|p2a: Munkidori|154/269 brn|[from] brn\n|upkeep\n|turn|10\n|\n|t:|1781462495\n|move|p2a: Munkidori|U-turn|p1a: Slowbro\n|-supereffective|p1a: Slowbro\n|-damage|p1a: Slowbro|87/300\n|-message|bit90 forfeited.\n|\n|win|rareold\n|raw|rareold's rating: 1491 &rarr; <strong>1509</strong><br />(+18 for winning)\n|raw|bit90's rating: 1458 &rarr; <strong>1440</strong><br />(-18 for losing)\n|l|\u2606bit90\n|player|p2|\n", "uploadtime": 1781462509, "views": 2, "formatid": "gen9randombattle", "rating": 1440, "private": 0, "password": null}