{"id": "gen9randombattle-2631733426", "format": "[Gen 9] Random Battle", "players": ["Chicken347", "meme slurper"], "log": "|j|\u2606Chicken347\n|j|\u2606meme slurper\n|t:|1781430604\n|gametype|singles\n|player|p1|Chicken347|101|1979\n|player|p2|meme slurper|burglar|2037\n|gen|9\n|tier|[Gen 9] Random Battle\n|rated|\n|rule|Species Clause: Limit one of each Pok\u00e9mon\n|rule|HP Percentage Mod: HP is shown in percentages\n|rule|Sleep Clause Mod: Limit one foe put to sleep\n|rule|Illusion Level Mod: Illusion disguises the Pok\u00e9mon's true level\n|\n|t:|1781430604\n|teamsize|p1|6\n|teamsize|p2|6\n|start\n|switch|p1a: Crabominable|Crabominable, L90, M|321/321\n|switch|p2a: Cyclizar|Cyclizar, L83, M|252/252\n|turn|1\n|inactive|Battle timer is ON: inactive players will automatically lose when time's up. (requested by meme slurper)\n|\n|t:|1781430614\n|move|p2a: Cyclizar|Shed Tail|p2a: Cyclizar\n|-start|p2a: Cyclizar|Substitute|[from] move: Shed Tail\n|-damage|p2a: Cyclizar|126/252\n|\n|t:|1781430619\n|switch|p2a: Armarouge|Armarouge, L80, F|267/267|[from] Shed Tail\n|move|p1a: Crabominable|Earthquake|p2a: Armarouge\n|-supereffective|p2a: Armarouge\n|-end|p2a: Armarouge|Substitute\n|\n|upkeep\n|turn|2\n|\n|t:|1781430634\n|move|p2a: Armarouge|Meteor Beam||[still]\n|-prepare|p2a: Armarouge|Meteor Beam\n|-boost|p2a: Armarouge|spa|1\n|-enditem|p2a: Armarouge|Power Herb\n|-anim|p2a: Armarouge|Meteor Beam|p1a: Crabominable|[miss]\n|-miss|p2a: Armarouge|p1a: Crabominable\n|move|p1a: Crabominable|Earthquake|p2a: Armarouge\n|-supereffective|p2a: Armarouge\n|-damage|p2a: Armarouge|0 fnt\n|faint|p2a: Armarouge\n|\n|upkeep\n|\n|t:|1781430642\n|switch|p2a: Sinistcha|Sinistcha, L83|254/254\n|turn|3\n|\n|t:|1781430651\n|switch|p1a: Empoleon|Empoleon, L84, M|278/278\n|move|p2a: Sinistcha|Calm Mind|p2a: Sinistcha\n|-boost|p2a: Sinistcha|spa|1\n|-boost|p2a: Sinistcha|spd|1\n|\n|upkeep\n|turn|4\n|\n|t:|1781430660\n|move|p2a: Sinistcha|Matcha Gotcha|p1a: Empoleon\n|-damage|p1a: Empoleon|139/278\n|-status|p1a: Empoleon|brn\n|move|p1a: Empoleon|Yawn|p2a: Sinistcha\n|-start|p2a: Sinistcha|move: Yawn|[of] p1a: Empoleon\n|\n|-heal|p1a: Empoleon|156/278 brn|[from] item: Leftovers\n|-damage|p1a: Empoleon|139/278 brn|[from] brn\n|upkeep\n|turn|5\n|\n|t:|1781430670\n|move|p2a: Sinistcha|Calm Mind|p2a: Sinistcha\n|-boost|p2a: Sinistcha|spa|1\n|-boost|p2a: Sinistcha|spd|1\n|move|p1a: Empoleon|Roost|p1a: Empoleon\n|-heal|p1a: Empoleon|278/278 brn\n|-singleturn|p1a: Empoleon|move: Roost\n|\n|-damage|p1a: Empoleon|261/278 brn|[from] brn\n|-end|p2a: Sinistcha|move: Yawn|[silent]\n|-status|p2a: Sinistcha|slp\n|upkeep\n|turn|6\n|\n|t:|1781430677\n|switch|p1a: Crabominable|Crabominable, L90, M|321/321\n|cant|p2a: Sinistcha|slp\n|\n|upkeep\n|turn|7\n|\n|t:|1781430681\n|-terastallize|p2a: Sinistcha|Steel\n|cant|p2a: Sinistcha|slp\n|move|p1a: Crabominable|Ice Hammer|p2a: Sinistcha\n|-resisted|p2a: Sinistcha\n|-damage|p2a: Sinistcha|139/254 slp\n|-unboost|p1a: Crabominable|spe|1\n|\n|-heal|p2a: Sinistcha|154/254 slp|[from] item: Leftovers\n|upkeep\n|turn|8\n|\n|t:|1781430697\n|switch|p1a: Cinderace|Cinderace, L77, M|249/249\n|-curestatus|p2a: Sinistcha|slp|[msg]\n|move|p2a: Sinistcha|Matcha Gotcha|p1a: Cinderace\n|-resisted|p1a: Cinderace\n|-damage|p1a: Cinderace|127/249\n|-heal|p2a: Sinistcha|215/254|[from] drain|[of] p1a: Cinderace\n|\n|-heal|p2a: Sinistcha|230/254|[from] item: Leftovers\n|upkeep\n|turn|9\n|\n|t:|1781430701\n|move|p1a: Cinderace|Pyro Ball|p2a: Sinistcha\n|-supereffective|p2a: Sinistcha\n|-crit|p2a: Sinistcha\n|-damage|p2a: Sinistcha|0 fnt\n|faint|p2a: Sinistcha\n|\n|upkeep\n|\n|t:|1781430705\n|switch|p2a: Seviper|Seviper, L93, F|287/287\n|turn|10\n|\n|t:|1781430727\n|switch|p1a: Masquerain|Masquerain, L87, M|264/264\n|-ability|p1a: Masquerain|Intimidate|boost\n|-unboost|p2a: Seviper|atk|1\n|move|p2a: Seviper|Trailblaze|p1a: Masquerain\n|-resisted|p1a: Masquerain\n|-damage|p1a: Masquerain|255/264\n|-boost|p2a: Seviper|spe|1\n|\n|upkeep\n|turn|11\n|\n|t:|1781430738\n|move|p2a: Seviper|Swords Dance|p2a: Seviper\n|-boost|p2a: Seviper|atk|2\n|move|p1a: Masquerain|Quiver Dance|p1a: Masquerain\n|-boost|p1a: Masquerain|spa|1\n|-boost|p1a: Masquerain|spd|1\n|-boost|p1a: Masquerain|spe|1\n|\n|upkeep\n|turn|12\n|\n|t:|1781430742\n|move|p1a: Masquerain|Hydro Pump|p2a: Seviper\n|-damage|p2a: Seviper|143/287\n|move|p2a: Seviper|Gunk Shot|p1a: Masquerain\n|-damage|p1a: Masquerain|0 fnt\n|faint|p1a: Masquerain\n|\n|-heal|p2a: Seviper|160/287|[from] item: Leftovers\n|upkeep\n|\n|t:|1781430748\n|switch|p1a: Tauros|Tauros-Paldea-Combat, L82, M|257/257\n|-ability|p1a: Tauros|Intimidate|boost\n|-unboost|p2a: Seviper|atk|1\n|turn|13\n|\n|t:|1781430755\n|move|p2a: Seviper|Swords Dance|p2a: Seviper\n|-boost|p2a: Seviper|atk|2\n|move|p1a: Tauros|Earthquake|p2a: Seviper\n|-supereffective|p2a: Seviper\n|-damage|p2a: Seviper|0 fnt\n|faint|p2a: Seviper\n|\n|upkeep\n|\n|t:|1781430764\n|switch|p2a: Palkia|Palkia, L75|259/259\n|-ability|p2a: Palkia|Pressure\n|turn|14\n|\n|t:|1781430773\n|switch|p1a: Enamorus|Enamorus-Therian, L83, F|259/259\n|move|p2a: Palkia|Spacial Rend|p1a: Enamorus\n|-immune|p1a: Enamorus\n|\n|upkeep\n|turn|15\n|-message|meme slurper forfeited.\n|\n|win|Chicken347\n", "uploadtime": 1781430606, "views": 3, "formatid": "gen9randombattle", "rating": null, "private": 0, "password": null}