{"id": "gen9randombattle-2631597262", "format": "[Gen 9] Random Battle", "players": ["mayqueen nyannyan", "Bryan Evangelista"], "log": "|badge|p2|silver|gen9randombattle|30-9\n|uhtml|medal-msg|<div class=\"broadcast-blue\">Curious what those medals under the avatar are? PS now has Ladder Seasons! For more information, check out the <a href=\"https://www.smogon.com/forums/threads/3740067/\">thread on Smogon.</a></div>\n|j|\u2606mayqueen nyannyan\n|j|\u2606Bryan Evangelista\n|t:|1781406481\n|gametype|singles\n|player|p1|mayqueen nyannyan|169|2281\n|player|p2|Bryan Evangelista|lucas|2393\n|gen|9\n|tier|[Gen 9] Random Battle\n|rated|\n|rule|Species Clause: Limit one of each Pok\u00e9mon\n|rule|HP Percentage Mod: HP is shown in percentages\n|rule|Sleep Clause Mod: Limit one foe put to sleep\n|rule|Illusion Level Mod: Illusion disguises the Pok\u00e9mon's true level\n|\n|t:|1781406481\n|teamsize|p1|6\n|teamsize|p2|6\n|start\n|switch|p1a: Gouging Fire|Gouging Fire, L74|277/277\n|switch|p2a: Toxicroak|Toxicroak, L84, M|277/277\n|turn|1\n|\n|t:|1781406525\n|move|p2a: Toxicroak|Earthquake|p1a: Gouging Fire\n|-supereffective|p1a: Gouging Fire\n|-damage|p1a: Gouging Fire|103/277\n|-damage|p2a: Toxicroak|250/277|[from] item: Life Orb\n|move|p1a: Gouging Fire|Dragon Dance|p1a: Gouging Fire\n|-boost|p1a: Gouging Fire|atk|1\n|-boost|p1a: Gouging Fire|spe|1\n|\n|upkeep\n|turn|2\n|\n|t:|1781406559\n|move|p1a: Gouging Fire|Heat Crash|p2a: Toxicroak\n|-damage|p2a: Toxicroak|0 fnt\n|faint|p2a: Toxicroak\n|\n|upkeep\n|\n|t:|1781406588\n|switch|p2a: Gardevoir|Gardevoir, L83, F|249/249\n|turn|3\n|\n|t:|1781406600\n|move|p2a: Gardevoir|Moonblast|p1a: Gouging Fire\n|-damage|p1a: Gouging Fire|0 fnt\n|faint|p1a: Gouging Fire\n|-end|p1a: Gouging Fire|Protosynthesis|[silent]\n|\n|upkeep\n|\n|t:|1781406604\n|switch|p1a: Spidops|Spidops, L96, F|271/271\n|-ability|p2a: Gardevoir|Stakeout|Trace|[from] ability: Trace|[of] p1a: Spidops\n|turn|4\n|\n|t:|1781406624\n|-terastallize|p2a: Gardevoir|Fairy\n|move|p2a: Gardevoir|Moonblast|p1a: Spidops\n|-damage|p1a: Spidops|121/271\n|-unboost|p1a: Spidops|spa|1\n|move|p1a: Spidops|Sticky Web|p2a: Gardevoir\n|-sidestart|p2: Bryan Evangelista|move: Sticky Web\n|\n|upkeep\n|turn|5\n|\n|t:|1781406629\n|move|p2a: Gardevoir|Moonblast|p1a: Spidops\n|-damage|p1a: Spidops|0 fnt\n|faint|p1a: Spidops\n|\n|upkeep\n|\n|t:|1781406638\n|switch|p1a: Squawkabilly|Squawkabilly-Blue, L85, F|278/278\n|turn|6\n|\n|t:|1781406641\n|move|p1a: Squawkabilly|Protect|p1a: Squawkabilly\n|-singleturn|p1a: Squawkabilly|Protect\n|move|p2a: Gardevoir|Moonblast|p1a: Squawkabilly\n|-activate|p1a: Squawkabilly|move: Protect\n|\n|-status|p1a: Squawkabilly|brn|[from] item: Flame Orb\n|upkeep\n|turn|7\n|\n|t:|1781406647\n|switch|p2a: Gholdengo|Gholdengo, L77|261/261\n|-activate|p2a: Gholdengo|move: Sticky Web\n|-unboost|p2a: Gholdengo|spe|1\n|move|p1a: Squawkabilly|Facade|p2a: Gholdengo\n|-immune|p2a: Gholdengo\n|\n|-damage|p1a: Squawkabilly|261/278 brn|[from] brn\n|upkeep\n|turn|8\n|\n|t:|1781406655\n|move|p1a: Squawkabilly|Brave Bird|p2a: Gholdengo\n|-resisted|p2a: Gholdengo\n|-damage|p2a: Gholdengo|167/261\n|-damage|p1a: Squawkabilly|230/278 brn|[from] Recoil\n|move|p2a: Gholdengo|Trick|p1a: Squawkabilly\n|-activate|p2a: Gholdengo|move: Trick|[of] p1a: Squawkabilly\n|-item|p1a: Squawkabilly|Choice Scarf|[from] move: Trick\n|-item|p2a: Gholdengo|Flame Orb|[from] move: Trick\n|\n|-damage|p1a: Squawkabilly|213/278 brn|[from] brn\n|-status|p2a: Gholdengo|brn|[from] item: Flame Orb\n|upkeep\n|turn|9\n|\n|t:|1781406661\n|move|p1a: Squawkabilly|Brave Bird|p2a: Gholdengo\n|-resisted|p2a: Gholdengo\n|-damage|p2a: Gholdengo|72/261 brn\n|-damage|p1a: Squawkabilly|182/278 brn|[from] Recoil\n|move|p2a: Gholdengo|Make It Rain|p1a: Squawkabilly\n|-damage|p1a: Squawkabilly|0 fnt\n|-unboost|p2a: Gholdengo|spa|1\n|faint|p1a: Squawkabilly\n|\n|-damage|p2a: Gholdengo|56/261 brn|[from] brn\n|upkeep\n|\n|t:|1781406674\n|switch|p1a: Lunala|Lunala, L70|308/308\n|turn|10\n|\n|t:|1781406681\n|move|p1a: Lunala|Moongeist Beam|p2a: Gholdengo\n|-supereffective|p2a: Gholdengo\n|-damage|p2a: Gholdengo|0 fnt\n|faint|p2a: Gholdengo\n|\n|upkeep\n|\n|t:|1781406683\n|switch|p2a: Toedscruel|Toedscruel, L87, M|281/281\n|-activate|p2a: Toedscruel|move: Sticky Web\n|-unboost|p2a: Toedscruel|spe|1\n|turn|11\n|\n|t:|1781406689\n|switch|p1a: Cinccino|Cinccino, L83, M|260/260\n|move|p2a: Toedscruel|Toxic|p1a: Cinccino\n|-status|p1a: Cinccino|tox\n|\n|-damage|p1a: Cinccino|244/260 tox|[from] psn\n|upkeep\n|turn|12\n|\n|t:|1781406693\n|switch|p2a: Skeledirge|Skeledirge, L79, F|294/294\n|move|p1a: Cinccino|Triple Axel|p2a: Skeledirge\n|-resisted|p2a: Skeledirge\n|-damage|p2a: Skeledirge|284/294\n|-resisted|p2a: Skeledirge\n|-damage|p2a: Skeledirge|265/294\n|-resisted|p2a: Skeledirge\n|-damage|p2a: Skeledirge|233/294\n|-hitcount|p2a: Skeledirge|3\n|\n|-damage|p1a: Cinccino|212/260 tox|[from] psn\n|upkeep\n|turn|13\n|\n|t:|1781406701\n|switch|p1a: Blastoise|Blastoise, L80, M|258/258\n|move|p2a: Skeledirge|Will-O-Wisp|p1a: Blastoise\n|-status|p1a: Blastoise|brn\n|\n|-damage|p1a: Blastoise|242/258 brn|[from] brn\n|upkeep\n|turn|14\n|\n|t:|1781406710\n|move|p1a: Blastoise|Shell Smash|p1a: Blastoise\n|-unboost|p1a: Blastoise|def|1\n|-unboost|p1a: Blastoise|spd|1\n|-boost|p1a: Blastoise|atk|2\n|-boost|p1a: Blastoise|spa|2\n|-boost|p1a: Blastoise|spe|2\n|-enditem|p1a: Blastoise|White Herb\n|-clearnegativeboost|p1a: Blastoise|[silent]\n|move|p2a: Skeledirge|Hex|p1a: Blastoise\n|-crit|p1a: Blastoise\n|-damage|p1a: Blastoise|49/258 brn\n|\n|-damage|p1a: Blastoise|33/258 brn|[from] brn\n|upkeep\n|turn|15\n|\n|t:|1781406753\n|switch|p2a: Toedscruel|Toedscruel, L87, M|281/281\n|-activate|p2a: Toedscruel|move: Sticky Web\n|-unboost|p2a: Toedscruel|spe|1\n|move|p1a: Blastoise|Hydro Pump|p2a: Toedscruel\n|-damage|p2a: Toedscruel|74/281\n|\n|-heal|p2a: Toedscruel|91/281|[from] item: Leftovers\n|-damage|p1a: Blastoise|17/258 brn|[from] brn\n|upkeep\n|turn|16\n|\n|t:|1781406775\n|switch|p2a: Gardevoir|Gardevoir, L83, F, tera:Fairy|249/249\n|-activate|p2a: Gardevoir|move: Sticky Web\n|-unboost|p2a: Gardevoir|spe|1\n|-ability|p2a: Gardevoir|Torrent|Trace|[from] ability: Trace|[of] p1a: Blastoise\n|move|p1a: Blastoise|Ice Beam|p2a: Gardevoir\n|-damage|p2a: Gardevoir|164/249\n|-status|p2a: Gardevoir|frz\n|\n|-damage|p1a: Blastoise|1/258 brn|[from] brn\n|upkeep\n|turn|17\n|\n|t:|1781406782\n|switch|p2a: Toedscruel|Toedscruel, L87, M|91/281\n|-activate|p2a: Toedscruel|move: Sticky Web\n|-unboost|p2a: Toedscruel|spe|1\n|move|p1a: Blastoise|Hydro Pump|p2a: Toedscruel\n|-damage|p2a: Toedscruel|0 fnt\n|faint|p2a: Toedscruel\n|\n|-damage|p1a: Blastoise|0 fnt|[from] brn\n|faint|p1a: Blastoise\n|upkeep\n|\n|t:|1781406787\n|switch|p2a: Gardevoir|Gardevoir, L83, F, tera:Fairy|164/249 frz\n|switch|p1a: Lunala|Lunala, L70|308/308\n|-activate|p2a: Gardevoir|move: Sticky Web\n|-unboost|p2a: Gardevoir|spe|1\n|-ability|p2a: Gardevoir|Shadow Shield|Trace|[from] ability: Trace|[of] p1a: Lunala\n|turn|18\n|\n|t:|1781406790\n|cant|p2a: Gardevoir|frz\n|move|p1a: Lunala|Calm Mind|p1a: Lunala\n|-boost|p1a: Lunala|spa|1\n|-boost|p1a: Lunala|spd|1\n|\n|upkeep\n|turn|19\n|\n|t:|1781406793\n|cant|p2a: Gardevoir|frz\n|move|p1a: Lunala|Moongeist Beam|p2a: Gardevoir\n|-damage|p2a: Gardevoir|38/249 frz\n|\n|upkeep\n|turn|20\n|\n|t:|1781406797\n|cant|p2a: Gardevoir|frz\n|move|p1a: Lunala|Moongeist Beam|p2a: Gardevoir\n|-damage|p2a: Gardevoir|0 fnt\n|faint|p2a: Gardevoir\n|\n|upkeep\n|-message|Bryan Evangelista forfeited.\n|\n|win|mayqueen nyannyan\n", "uploadtime": 1781406482, "views": 4, "formatid": "gen9randombattle", "rating": null, "private": 0, "password": null}