{"id": "gen9randombattle-2631536514", "format": "[Gen 9] Random Battle", "players": ["Sa!duck", "quagapult"], "log": "|j|\u2606Sa!duck\n|j|\u2606quagapult\n|t:|1781398101\n|gametype|singles\n|player|p1|Sa!duck|cress|1905\n|player|p2|quagapult|170|1908\n|gen|9\n|tier|[Gen 9] Random Battle\n|rated|\n|rule|Species Clause: Limit one of each Pok\u00e9mon\n|rule|HP Percentage Mod: HP is shown in percentages\n|rule|Sleep Clause Mod: Limit one foe put to sleep\n|rule|Illusion Level Mod: Illusion disguises the Pok\u00e9mon's true level\n|\n|t:|1781398101\n|teamsize|p1|6\n|teamsize|p2|6\n|start\n|switch|p1a: Garganacl|Garganacl, L80, M|291/291\n|switch|p2a: Falinks|Falinks, L84|246/246\n|turn|1\n|inactive|Battle timer is ON: inactive players will automatically lose when time's up. (requested by quagapult)\n|\n|t:|1781398116\n|move|p2a: Falinks|No Retreat|p2a: Falinks\n|-boost|p2a: Falinks|atk|1\n|-boost|p2a: Falinks|def|1\n|-boost|p2a: Falinks|spa|1\n|-boost|p2a: Falinks|spd|1\n|-boost|p2a: Falinks|spe|1\n|-start|p2a: Falinks|move: No Retreat\n|move|p1a: Garganacl|Salt Cure|p2a: Falinks\n|-resisted|p2a: Falinks\n|-damage|p2a: Falinks|233/246\n|-start|p2a: Falinks|Salt Cure\n|\n|-damage|p2a: Falinks|203/246|[from] Salt Cure\n|upkeep\n|turn|2\n|\n|t:|1781398126\n|move|p1a: Garganacl|Protect|p1a: Garganacl\n|-singleturn|p1a: Garganacl|Protect\n|move|p2a: Falinks|Close Combat|p1a: Garganacl\n|-activate|p1a: Garganacl|move: Protect\n|\n|-damage|p2a: Falinks|173/246|[from] Salt Cure\n|upkeep\n|turn|3\n|\n|t:|1781398132\n|switch|p1a: Toxapex|Toxapex, L82, M|216/216\n|move|p2a: Falinks|Knock Off|p1a: Toxapex\n|-damage|p1a: Toxapex|117/216\n|-damage|p2a: Falinks|132/246|[from] item: Rocky Helmet|[of] p1a: Toxapex\n|-enditem|p1a: Toxapex|Rocky Helmet|[from] move: Knock Off|[of] p2a: Falinks\n|-damage|p2a: Falinks|108/246|[from] item: Life Orb\n|\n|-damage|p2a: Falinks|78/246|[from] Salt Cure\n|upkeep\n|turn|4\n|\n|t:|1781398145\n|move|p2a: Falinks|Knock Off|p1a: Toxapex\n|-damage|p1a: Toxapex|53/216\n|-damage|p2a: Falinks|54/246|[from] item: Life Orb\n|move|p1a: Toxapex|Recover|p1a: Toxapex\n|-heal|p1a: Toxapex|161/216\n|\n|-damage|p2a: Falinks|24/246|[from] Salt Cure\n|upkeep\n|turn|5\n|\n|t:|1781398150\n|move|p2a: Falinks|Close Combat|p1a: Toxapex\n|-resisted|p1a: Toxapex\n|-damage|p1a: Toxapex|82/216\n|-unboost|p2a: Falinks|def|1\n|-unboost|p2a: Falinks|spd|1\n|-damage|p2a: Falinks|0 fnt|[from] item: Life Orb\n|faint|p2a: Falinks\n|move|p1a: Toxapex|Recover|p1a: Toxapex\n|-heal|p1a: Toxapex|190/216\n|\n|upkeep\n|\n|t:|1781398161\n|switch|p2a: Ampharos|Ampharos, L88, F|302/302\n|turn|6\n|\n|t:|1781398170\n|switch|p1a: Golem|Golem-Alola, L93, F|300/300\n|move|p2a: Ampharos|Thunderbolt|p1a: Golem\n|-resisted|p1a: Golem\n|-damage|p1a: Golem|234/300\n|\n|upkeep\n|turn|7\n|\n|t:|1781398182\n|move|p2a: Ampharos|Volt Switch|p1a: Golem\n|-resisted|p1a: Golem\n|-damage|p1a: Golem|177/300\n|\n|t:|1781398186\n|switch|p2a: Alomomola|Alomomola, L87, F|429/429|[from] Volt Switch\n|move|p1a: Golem|Earthquake|p2a: Alomomola\n|-damage|p2a: Alomomola|257/429\n|\n|upkeep\n|turn|8\n|\n|t:|1781398195\n|switch|p1a: Toxapex|Toxapex, L82, M|216/216\n|move|p2a: Alomomola|Flip Turn|p1a: Toxapex\n|-resisted|p1a: Toxapex\n|-crit|p1a: Toxapex\n|-damage|p1a: Toxapex|188/216\n|\n|t:|1781398201\n|switch|p2a: Ampharos|Ampharos, L88, F|302/302|[from] Flip Turn\n|\n|upkeep\n|turn|9\n|\n|t:|1781398206\n|switch|p1a: Dipplin|Dipplin, L88, M|284/284\n|move|p2a: Ampharos|Thunderbolt|p1a: Dipplin\n|-resisted|p1a: Dipplin\n|-damage|p1a: Dipplin|264/284\n|\n|upkeep\n|turn|10\n|inactive|quagapult has 120 seconds left.\n|\n|t:|1781398241\n|move|p1a: Dipplin|Giga Drain|p2a: Ampharos\n|-damage|p2a: Ampharos|242/302\n|-heal|p1a: Dipplin|284/284|[from] drain|[of] p2a: Ampharos\n|move|p2a: Ampharos|Dragon Tail|p1a: Dipplin\n|-supereffective|p1a: Dipplin\n|-crit|p1a: Dipplin\n|-damage|p1a: Dipplin|220/284\n|drag|p1a: Veluza|Veluza, L85, M|292/292\n|\n|upkeep\n|turn|11\n|inactive|quagapult has 120 seconds left.\n|\n|t:|1781398251\n|switch|p1a: Dipplin|Dipplin, L88, M|220/284\n|move|p2a: Ampharos|Thunderbolt|p1a: Dipplin\n|-resisted|p1a: Dipplin\n|-damage|p1a: Dipplin|200/284\n|\n|upkeep\n|turn|12\n|inactive|quagapult has 120 seconds left.\n|\n|t:|1781398261\n|move|p2a: Ampharos|Dazzling Gleam|p1a: Dipplin\n|-supereffective|p1a: Dipplin\n|-damage|p1a: Dipplin|102/284\n|move|p1a: Dipplin|Recover|p1a: Dipplin\n|-heal|p1a: Dipplin|244/284\n|\n|upkeep\n|turn|13\n|\n|t:|1781398268\n|move|p1a: Dipplin|Giga Drain|p2a: Ampharos\n|-damage|p2a: Ampharos|185/302\n|-heal|p1a: Dipplin|273/284|[from] drain|[of] p2a: Ampharos\n|move|p2a: Ampharos|Dragon Tail|p1a: Dipplin\n|-supereffective|p1a: Dipplin\n|-damage|p1a: Dipplin|231/284\n|drag|p1a: Garganacl|Garganacl, L80, M|291/291\n|\n|upkeep\n|turn|14\n|\n|t:|1781398283\n|switch|p1a: Dipplin|Dipplin, L88, M|231/284\n|move|p2a: Ampharos|Dragon Tail|p1a: Dipplin\n|-supereffective|p1a: Dipplin\n|-crit|p1a: Dipplin\n|-damage|p1a: Dipplin|161/284\n|drag|p1a: Mew|Mew, L82|298/298\n|\n|upkeep\n|turn|15\n|inactive|quagapult has 120 seconds left.\n|\n|t:|1781398303\n|move|p1a: Mew|Nasty Plot|p1a: Mew\n|-boost|p1a: Mew|spa|2\n|move|p2a: Ampharos|Thunderbolt|p1a: Mew\n|-damage|p1a: Mew|187/298\n|\n|upkeep\n|turn|16\n|\n|t:|1781398311\n|move|p1a: Mew|Earth Power|p2a: Ampharos\n|-supereffective|p2a: Ampharos\n|-damage|p2a: Ampharos|0 fnt\n|faint|p2a: Ampharos\n|-damage|p1a: Mew|158/298|[from] item: Life Orb\n|\n|upkeep\n|inactive|quagapult has 120 seconds left.\n|\n|t:|1781398333\n|switch|p2a: Oricorio|Oricorio-Pa'u, L87, M|272/272\n|turn|17\n|\n|t:|1781398338\n|move|p2a: Oricorio|Quiver Dance|p2a: Oricorio\n|-boost|p2a: Oricorio|spa|1\n|-boost|p2a: Oricorio|spd|1\n|-boost|p2a: Oricorio|spe|1\n|move|p1a: Mew|Psychic|p2a: Oricorio\n|-resisted|p2a: Oricorio\n|-damage|p2a: Oricorio|181/272\n|-damage|p1a: Mew|129/298|[from] item: Life Orb\n|\n|upkeep\n|turn|18\n|\n|t:|1781398349\n|move|p2a: Oricorio|Quiver Dance|p2a: Oricorio\n|-boost|p2a: Oricorio|spa|1\n|-boost|p2a: Oricorio|spd|1\n|-boost|p2a: Oricorio|spe|1\n|move|p1a: Mew|Hydro Pump|p2a: Oricorio|[miss]\n|-miss|p1a: Mew|p2a: Oricorio\n|\n|upkeep\n|turn|19\n|inactive|quagapult has 120 seconds left.\n|\n|t:|1781398368\n|switch|p1a: Toxapex|Toxapex, L82, M|216/216\n|move|p2a: Oricorio|Quiver Dance|p2a: Oricorio\n|-boost|p2a: Oricorio|spa|1\n|-boost|p2a: Oricorio|spd|1\n|-boost|p2a: Oricorio|spe|1\n|\n|upkeep\n|turn|20\n|inactive|quagapult has 120 seconds left.\n|\n|t:|1781398380\n|-terastallize|p1a: Toxapex|Fairy\n|move|p2a: Oricorio|Revelation Dance|p1a: Toxapex\n|-damage|p1a: Toxapex|39/216\n|move|p1a: Toxapex|Haze|p1a: Toxapex\n|-clearallboost\n|\n|upkeep\n|turn|21\n|\n|t:|1781398388\n|switch|p1a: Golem|Golem-Alola, L93, F|177/300\n|move|p2a: Oricorio|Quiver Dance|p2a: Oricorio\n|-boost|p2a: Oricorio|spa|1\n|-boost|p2a: Oricorio|spd|1\n|-boost|p2a: Oricorio|spe|1\n|\n|upkeep\n|turn|22\n|\n|t:|1781398398\n|-terastallize|p2a: Oricorio|Ground\n|move|p2a: Oricorio|Revelation Dance|p1a: Golem\n|-supereffective|p1a: Golem\n|-damage|p1a: Golem|0 fnt\n|faint|p1a: Golem\n|\n|upkeep\n|\n|t:|1781398404\n|switch|p1a: Veluza|Veluza, L85, M|292/292\n|turn|23\n|\n|t:|1781398409\n|switch|p2a: Alomomola|Alomomola, L87, F|400/429\n|move|p1a: Veluza|Aqua Cutter|p2a: Alomomola\n|-resisted|p2a: Alomomola\n|-crit|p2a: Alomomola\n|-damage|p2a: Alomomola|304/429\n|\n|upkeep\n|turn|24\n|\n|t:|1781398418\n|switch|p1a: Toxapex|Toxapex, L82, M, tera:Fairy|111/216\n|move|p2a: Alomomola|Flip Turn|p1a: Toxapex\n|-damage|p1a: Toxapex|71/216\n|\n|t:|1781398440\n|switch|p2a: Entei|Entei, L78|307/307|[from] Flip Turn\n|\n|upkeep\n|turn|25\n|\n|t:|1781398446\n|switch|p1a: Garganacl|Garganacl, L80, M|291/291\n|move|p2a: Entei|Stomping Tantrum|p1a: Garganacl\n|-supereffective|p1a: Garganacl\n|-damage|p1a: Garganacl|173/291\n|\n|-heal|p1a: Garganacl|191/291|[from] item: Leftovers\n|upkeep\n|turn|26\n|\n|t:|1781398464\n|switch|p2a: Alomomola|Alomomola, L87, F|429/429\n|move|p1a: Garganacl|Stealth Rock|p2a: Alomomola\n|-sidestart|p2: quagapult|move: Stealth Rock\n|\n|-heal|p1a: Garganacl|209/291|[from] item: Leftovers\n|upkeep\n|turn|27\n|\n|t:|1781398472\n|move|p1a: Garganacl|Protect|p1a: Garganacl\n|-singleturn|p1a: Garganacl|Protect\n|move|p2a: Alomomola|Scald|p1a: Garganacl\n|-activate|p1a: Garganacl|move: Protect\n|\n|-heal|p1a: Garganacl|227/291|[from] item: Leftovers\n|upkeep\n|turn|28\n|\n|t:|1781398478\n|switch|p1a: Toxapex|Toxapex, L82, M, tera:Fairy|143/216\n|move|p2a: Alomomola|Wish|p2a: Alomomola\n|\n|upkeep\n|turn|29\n|\n|t:|1781398489\n|move|p2a: Alomomola|Flip Turn|p1a: Toxapex\n|-damage|p1a: Toxapex|103/216\n|\n|t:|1781398491\n|switch|p2a: Fezandipiti|Fezandipiti, L82, M|278/278|[from] Flip Turn\n|-damage|p2a: Fezandipiti|244/278|[from] Stealth Rock\n|move|p1a: Toxapex|Toxic Spikes|p2a: Fezandipiti\n|-sidestart|p2: quagapult|move: Toxic Spikes\n|\n|-heal|p2a: Fezandipiti|278/278|[from] move: Wish|[wisher] Alomomola\n|upkeep\n|turn|30\n|\n|t:|1781398500\n|switch|p1a: Garganacl|Garganacl, L80, M|227/291\n|move|p2a: Fezandipiti|Swords Dance|p2a: Fezandipiti\n|-boost|p2a: Fezandipiti|atk|2\n|\n|-heal|p1a: Garganacl|245/291|[from] item: Leftovers\n|upkeep\n|turn|31\n|\n|t:|1781398503\n|move|p2a: Fezandipiti|Play Rough|p1a: Garganacl\n|-damage|p1a: Garganacl|106/291\n|move|p1a: Garganacl|Salt Cure|p2a: Fezandipiti\n|-damage|p2a: Fezandipiti|235/278\n|-start|p2a: Fezandipiti|Salt Cure\n|\n|-heal|p2a: Fezandipiti|252/278|[from] item: Leftovers\n|-heal|p1a: Garganacl|124/291|[from] item: Leftovers\n|-damage|p2a: Fezandipiti|218/278|[from] Salt Cure\n|upkeep\n|turn|32\n|\n|t:|1781398511\n|move|p1a: Garganacl|Protect|p1a: Garganacl\n|-singleturn|p1a: Garganacl|Protect\n|move|p2a: Fezandipiti|Swords Dance|p2a: Fezandipiti\n|-boost|p2a: Fezandipiti|atk|2\n|\n|-heal|p2a: Fezandipiti|235/278|[from] item: Leftovers\n|-heal|p1a: Garganacl|142/291|[from] item: Leftovers\n|-damage|p2a: Fezandipiti|201/278|[from] Salt Cure\n|upkeep\n|turn|33\n|\n|t:|1781398518\n|switch|p1a: Mew|Mew, L82|129/298\n|move|p2a: Fezandipiti|Play Rough|p1a: Mew\n|-damage|p1a: Mew|0 fnt\n|faint|p1a: Mew\n|\n|-heal|p2a: Fezandipiti|218/278|[from] item: Leftovers\n|-damage|p2a: Fezandipiti|184/278|[from] Salt Cure\n|upkeep\n|\n|t:|1781398527\n|switch|p1a: Veluza|Veluza, L85, M|292/292\n|turn|34\n|\n|t:|1781398533\n|move|p1a: Veluza|Psycho Cut|p2a: Fezandipiti\n|-supereffective|p2a: Fezandipiti\n|-damage|p2a: Fezandipiti|0 fnt\n|faint|p2a: Fezandipiti\n|\n|upkeep\n|\n|t:|1781398549\n|switch|p2a: Alomomola|Alomomola, L87, F|429/429\n|turn|35\n|\n|t:|1781398568\n|switch|p1a: Toxapex|Toxapex, L82, M, tera:Fairy|175/216\n|move|p2a: Alomomola|Flip Turn|p1a: Toxapex\n|-damage|p1a: Toxapex|135/216\n|\n|t:|1781398578\n|switch|p2a: Oricorio|Oricorio-Pa'u, L87, M, tera:Ground|181/272|[from] Flip Turn\n|\n|upkeep\n|turn|36\n|\n|t:|1781398591\n|move|p2a: Oricorio|Quiver Dance|p2a: Oricorio\n|-boost|p2a: Oricorio|spa|1\n|-boost|p2a: Oricorio|spd|1\n|-boost|p2a: Oricorio|spe|1\n|move|p1a: Toxapex|Liquidation|p2a: Oricorio\n|-supereffective|p2a: Oricorio\n|-damage|p2a: Oricorio|31/272\n|\n|upkeep\n|turn|37\n|\n|t:|1781398601\n|move|p2a: Oricorio|Revelation Dance|p1a: Toxapex\n|-damage|p1a: Toxapex|21/216\n|move|p1a: Toxapex|Liquidation|p2a: Oricorio\n|-supereffective|p2a: Oricorio\n|-damage|p2a: Oricorio|0 fnt\n|faint|p2a: Oricorio\n|\n|upkeep\n|\n|t:|1781398616\n|switch|p2a: Alomomola|Alomomola, L87, F|429/429\n|turn|38\n|\n|t:|1781398624\n|switch|p1a: Dipplin|Dipplin, L88, M|161/284\n|move|p2a: Alomomola|Flip Turn|p1a: Dipplin\n|-resisted|p1a: Dipplin\n|-damage|p1a: Dipplin|153/284\n|\n|t:|1781398629\n|switch|p2a: Entei|Entei, L78|307/307|[from] Flip Turn\n|-damage|p2a: Entei|231/307|[from] Stealth Rock\n|-status|p2a: Entei|psn\n|\n|-damage|p2a: Entei|193/307 psn|[from] psn\n|upkeep\n|turn|39\n|\n|t:|1781398653\n|move|p2a: Entei|Sacred Fire|p1a: Dipplin\n|-damage|p1a: Dipplin|68/284\n|-status|p1a: Dipplin|brn\n|move|p1a: Dipplin|Recover|p1a: Dipplin\n|-heal|p1a: Dipplin|210/284 brn\n|\n|-damage|p2a: Entei|155/307 psn|[from] psn\n|-damage|p1a: Dipplin|193/284 brn|[from] brn\n|upkeep\n|turn|40\n|\n|t:|1781398663\n|move|p2a: Entei|Sacred Fire|p1a: Dipplin\n|-damage|p1a: Dipplin|103/284 brn\n|move|p1a: Dipplin|Recover|p1a: Dipplin\n|-heal|p1a: Dipplin|245/284 brn\n|\n|-damage|p2a: Entei|117/307 psn|[from] psn\n|-damage|p1a: Dipplin|228/284 brn|[from] brn\n|upkeep\n|turn|41\n|-message|quagapult forfeited.\n|\n|win|Sa!duck\n", "uploadtime": 1781398103, "views": 3, "formatid": "gen9randombattle", "rating": null, "private": 0, "password": null}