{"id": "gen9randombattle-2631534605", "format": "[Gen 9] Random Battle", "players": ["Budgers", "bigolron"], "log": "|j|\u2606Budgers\n|j|\u2606bigolron\n|t:|1781397835\n|gametype|singles\n|player|p1|Budgers|169|1941\n|player|p2|bigolron|mars|1939\n|gen|9\n|tier|[Gen 9] Random Battle\n|rated|\n|rule|Species Clause: Limit one of each Pok\u00e9mon\n|rule|HP Percentage Mod: HP is shown in percentages\n|rule|Sleep Clause Mod: Limit one foe put to sleep\n|rule|Illusion Level Mod: Illusion disguises the Pok\u00e9mon's true level\n|\n|t:|1781397835\n|teamsize|p1|6\n|teamsize|p2|6\n|start\n|switch|p1a: Scovillain|Scovillain, L91, F|266/266\n|switch|p2a: Terapagos|Terapagos, L77, F|265/265\n|-activate|p2a: Terapagos|ability: Tera Shift\n|detailschange|p2a: Terapagos|Terapagos-Terastal, L77, F\n|-heal|p2a: Terapagos|273/273|[silent]\n|turn|1\n|inactive|Battle timer is ON: inactive players will automatically lose when time's up. (requested by Budgers)\n|\n|t:|1781397850\n|switch|p2a: Victreebel|Victreebel, L90, M|290/290\n|move|p1a: Scovillain|Leech Seed|p2a: Victreebel\n|-immune|p2a: Victreebel\n|\n|upkeep\n|turn|2\n|\n|t:|1781397852\n|switch|p2a: Blaziken|Blaziken, L76, F|247/247\n|move|p1a: Scovillain|Flamethrower|p2a: Blaziken\n|-resisted|p2a: Blaziken\n|-damage|p2a: Blaziken|166/247\n|\n|upkeep\n|turn|3\n|\n|t:|1781397860\n|switch|p1a: Noivern|Noivern, L82, M|274/274\n|move|p2a: Blaziken|Close Combat|p1a: Noivern\n|-resisted|p1a: Noivern\n|-damage|p1a: Noivern|180/274\n|-unboost|p2a: Blaziken|def|1\n|-unboost|p2a: Blaziken|spd|1\n|-damage|p2a: Blaziken|142/247|[from] item: Life Orb\n|\n|-ability|p2a: Blaziken|Speed Boost|boost\n|-boost|p2a: Blaziken|spe|1\n|upkeep\n|turn|4\n|\n|t:|1781397869\n|switch|p2a: Hypno|Hypno, L95, M|315/315\n|move|p1a: Noivern|Boomburst|p2a: Hypno\n|-damage|p2a: Hypno|219/315\n|\n|-heal|p2a: Hypno|238/315|[from] item: Leftovers\n|upkeep\n|turn|5\n|\n|t:|1781397876\n|switch|p1a: Komala|Komala, L88, F|258/258\n|-ability|p1a: Komala|Comatose\n|move|p2a: Hypno|Thunder Wave|p1a: Komala\n|-immune|p1a: Komala|[from] ability: Comatose\n|\n|-heal|p2a: Hypno|257/315|[from] item: Leftovers\n|upkeep\n|turn|6\n|\n|t:|1781397880\n|move|p2a: Hypno|Knock Off|p1a: Komala\n|-damage|p1a: Komala|173/258\n|-enditem|p1a: Komala|Assault Vest|[from] move: Knock Off|[of] p2a: Hypno\n|move|p1a: Komala|Knock Off|p2a: Hypno\n|-supereffective|p2a: Hypno\n|-damage|p2a: Hypno|59/315\n|-enditem|p2a: Hypno|Leftovers|[from] move: Knock Off|[of] p1a: Komala\n|\n|upkeep\n|turn|7\n|\n|t:|1781397888\n|move|p2a: Hypno|Encore|p1a: Komala\n|-start|p1a: Komala|Encore\n|move|p1a: Komala|Knock Off|p2a: Hypno\n|-supereffective|p2a: Hypno\n|-damage|p2a: Hypno|0 fnt\n|faint|p2a: Hypno\n|\n|upkeep\n|\n|t:|1781397889\n|switch|p2a: Blaziken|Blaziken, L76, F|142/247\n|turn|8\n|\n|t:|1781397891\n|switch|p1a: Noivern|Noivern, L82, M|180/274\n|move|p2a: Blaziken|Swords Dance|p2a: Blaziken\n|-boost|p2a: Blaziken|atk|2\n|\n|-ability|p2a: Blaziken|Speed Boost|boost\n|-boost|p2a: Blaziken|spe|1\n|upkeep\n|turn|9\n|\n|t:|1781397899\n|move|p1a: Noivern|Boomburst|p2a: Blaziken\n|-damage|p2a: Blaziken|0 fnt\n|faint|p2a: Blaziken\n|\n|upkeep\n|\n|t:|1781397903\n|switch|p2a: Glaceon|Glaceon, L94, M|275/275\n|turn|10\n|\n|t:|1781397907\n|switch|p1a: Coalossal|Coalossal, L89, F|341/341\n|move|p2a: Glaceon|Freeze-Dry|p1a: Coalossal\n|-resisted|p1a: Coalossal\n|-damage|p1a: Coalossal|291/341\n|\n|upkeep\n|turn|11\n|\n|t:|1781397910\n|switch|p1a: Scovillain|Scovillain, L91, F|266/266\n|move|p2a: Glaceon|Mud Shot|p1a: Scovillain\n|-damage|p1a: Scovillain|198/266\n|-unboost|p1a: Scovillain|spe|1\n|\n|-heal|p1a: Scovillain|214/266|[from] item: Leftovers\n|upkeep\n|turn|12\n|\n|t:|1781397914\n|move|p2a: Glaceon|Freeze-Dry|p1a: Scovillain\n|-damage|p1a: Scovillain|90/266\n|-status|p1a: Scovillain|frz\n|cant|p1a: Scovillain|frz\n|\n|-heal|p1a: Scovillain|106/266 frz|[from] item: Leftovers\n|upkeep\n|turn|13\n|\n|t:|1781397917\n|move|p2a: Glaceon|Freeze-Dry|p1a: Scovillain\n|-damage|p1a: Scovillain|0 fnt\n|faint|p1a: Scovillain\n|\n|upkeep\n|\n|t:|1781397923\n|switch|p1a: Seviper|Seviper, L93, M|287/287\n|turn|14\n|\n|t:|1781397925\n|move|p2a: Glaceon|Mud Shot|p1a: Seviper\n|-supereffective|p1a: Seviper\n|-damage|p1a: Seviper|137/287\n|-unboost|p1a: Seviper|spe|1\n|move|p1a: Seviper|Glare|p2a: Glaceon\n|-status|p2a: Glaceon|par\n|\n|upkeep\n|turn|15\n|\n|t:|1781397930\n|move|p1a: Seviper|Flamethrower|p2a: Glaceon\n|-supereffective|p2a: Glaceon\n|-damage|p2a: Glaceon|90/275 par\n|-damage|p1a: Seviper|109/287|[from] item: Life Orb\n|move|p2a: Glaceon|Mud Shot|p1a: Seviper\n|-supereffective|p1a: Seviper\n|-damage|p1a: Seviper|0 fnt\n|faint|p1a: Seviper\n|\n|upkeep\n|\n|t:|1781397934\n|switch|p1a: Coalossal|Coalossal, L89, F|291/341\n|turn|16\n|\n|t:|1781397937\n|move|p1a: Coalossal|Stone Edge|p2a: Glaceon\n|-supereffective|p2a: Glaceon\n|-damage|p2a: Glaceon|0 fnt\n|faint|p2a: Glaceon\n|\n|upkeep\n|\n|t:|1781397940\n|switch|p2a: Terapagos|Terapagos-Terastal, L77, F|273/273\n|turn|17\n|\n|t:|1781397946\n|switch|p1a: Muk|Muk, L86, F|321/321\n|move|p2a: Terapagos|Tera Starstorm|p1a: Muk\n|-damage|p1a: Muk|222/321\n|\n|upkeep\n|turn|18\n|\n|t:|1781397952\n|switch|p2a: Victreebel|Victreebel, L90, M|290/290\n|move|p1a: Muk|Drain Punch|p2a: Victreebel\n|-resisted|p2a: Victreebel\n|-damage|p2a: Victreebel|242/290\n|-heal|p1a: Muk|246/321|[from] drain|[of] p2a: Victreebel\n|\n|upkeep\n|turn|19\n|\n|t:|1781397956\n|switch|p1a: Noivern|Noivern, L82, M|180/274\n|move|p2a: Victreebel|Knock Off|p1a: Noivern\n|-damage|p1a: Noivern|51/274\n|-enditem|p1a: Noivern|Choice Specs|[from] move: Knock Off|[of] p2a: Victreebel\n|-damage|p2a: Victreebel|213/290|[from] item: Life Orb\n|\n|upkeep\n|turn|20\n|\n|t:|1781397962\n|move|p1a: Noivern|Flamethrower|p2a: Victreebel\n|-supereffective|p2a: Victreebel\n|-damage|p2a: Victreebel|89/290\n|move|p2a: Victreebel|Strength Sap|p1a: Noivern\n|-unboost|p1a: Noivern|atk|1\n|-heal|p2a: Victreebel|208/290\n|\n|upkeep\n|turn|21\n|\n|t:|1781397967\n|move|p1a: Noivern|Hurricane|p2a: Victreebel\n|-supereffective|p2a: Victreebel\n|-damage|p2a: Victreebel|0 fnt\n|faint|p2a: Victreebel\n|\n|upkeep\n|\n|t:|1781397969\n|switch|p2a: Terapagos|Terapagos-Terastal, L77, F|273/273\n|turn|22\n|\n|t:|1781397972\n|switch|p1a: Muk|Muk, L86, F|246/321\n|move|p2a: Terapagos|Calm Mind|p2a: Terapagos\n|-boost|p2a: Terapagos|spa|1\n|-boost|p2a: Terapagos|spd|1\n|\n|upkeep\n|turn|23\n|\n|t:|1781397978\n|move|p2a: Terapagos|Calm Mind|p2a: Terapagos\n|-boost|p2a: Terapagos|spa|1\n|-boost|p2a: Terapagos|spd|1\n|move|p1a: Muk|Drain Punch|p2a: Terapagos\n|-activate|p2a: Terapagos|ability: Tera Shell\n|-resisted|p2a: Terapagos\n|-damage|p2a: Terapagos|229/273\n|-heal|p1a: Muk|268/321|[from] drain|[of] p2a: Terapagos\n|\n|upkeep\n|turn|24\n|\n|t:|1781397986\n|-terastallize|p2a: Terapagos|Stellar\n|detailschange|p2a: Terapagos|Terapagos-Stellar, L77, F, tera:Stellar\n|-heal|p2a: Terapagos|329/373|[silent]\n|move|p2a: Terapagos|Tera Starstorm|p1a: Muk\n|-damage|p1a: Muk|66/321\n|move|p1a: Muk|Drain Punch|p2a: Terapagos\n|-supereffective|p2a: Terapagos\n|-damage|p2a: Terapagos|151/373\n|-heal|p1a: Muk|155/321|[from] drain|[of] p2a: Terapagos\n|-status|p2a: Terapagos|psn|[from] ability: Poison Touch|[of] p1a: Muk\n|\n|-damage|p2a: Terapagos|105/373 psn|[from] psn\n|upkeep\n|turn|25\n|\n|t:|1781397989\n|move|p2a: Terapagos|Tera Starstorm|p1a: Muk\n|-damage|p1a: Muk|0 fnt\n|faint|p1a: Muk\n|\n|-damage|p2a: Terapagos|59/373 psn|[from] psn\n|upkeep\n|\n|t:|1781397994\n|switch|p1a: Komala|Komala, L88, F|173/258\n|-ability|p1a: Komala|Comatose\n|turn|26\n|\n|t:|1781397999\n|move|p2a: Terapagos|Tera Starstorm|p1a: Komala\n|-damage|p1a: Komala|0 fnt\n|faint|p1a: Komala\n|\n|-damage|p2a: Terapagos|13/373 psn|[from] psn\n|upkeep\n|\n|t:|1781398001\n|switch|p1a: Noivern|Noivern, L82, M|51/274\n|turn|27\n|\n|t:|1781398004\n|move|p1a: Noivern|Boomburst|p2a: Terapagos\n|-damage|p2a: Terapagos|0 fnt\n|faint|p2a: Terapagos\n|detailschange|p2: Terapagos|Terapagos, L77, F|[silent]\n|\n|upkeep\n|\n|t:|1781398005\n|switch|p2a: Meganium|Meganium, L90, F|290/290\n|turn|28\n|\n|t:|1781398010\n|move|p1a: Noivern|Hurricane|p2a: Meganium|[miss]\n|-miss|p1a: Noivern|p2a: Meganium\n|move|p2a: Meganium|Dragon Tail|p1a: Noivern\n|-supereffective|p1a: Noivern\n|-damage|p1a: Noivern|0 fnt\n|faint|p1a: Noivern\n|\n|upkeep\n|\n|t:|1781398012\n|switch|p1a: Coalossal|Coalossal, L89, F|291/341\n|turn|29\n|\n|t:|1781398016\n|-terastallize|p1a: Coalossal|Grass\n|move|p2a: Meganium|Knock Off|p1a: Coalossal\n|-damage|p1a: Coalossal|238/341\n|-enditem|p1a: Coalossal|Heavy-Duty Boots|[from] move: Knock Off|[of] p2a: Meganium\n|move|p1a: Coalossal|Will-O-Wisp|p2a: Meganium\n|-status|p2a: Meganium|brn\n|\n|-damage|p2a: Meganium|272/290 brn|[from] brn\n|upkeep\n|turn|30\n|\n|t:|1781398022\n|move|p1a: Coalossal|Overheat|p2a: Meganium\n|-supereffective|p2a: Meganium\n|-damage|p2a: Meganium|56/290 brn\n|-unboost|p1a: Coalossal|spa|2\n|move|p2a: Meganium|Dragon Tail|p1a: Coalossal|[miss]\n|-miss|p2a: Meganium|p1a: Coalossal\n|\n|-heal|p2a: Meganium|74/290 brn|[from] item: Leftovers\n|-damage|p2a: Meganium|56/290 brn|[from] brn\n|upkeep\n|turn|31\n|\n|t:|1781398026\n|move|p2a: Meganium|Synthesis|p2a: Meganium\n|-heal|p2a: Meganium|201/290 brn\n|move|p1a: Coalossal|Stone Edge|p2a: Meganium\n|-damage|p2a: Meganium|110/290 brn\n|\n|-heal|p2a: Meganium|128/290 brn|[from] item: Leftovers\n|-damage|p2a: Meganium|110/290 brn|[from] brn\n|upkeep\n|turn|32\n|\n|t:|1781398028\n|move|p2a: Meganium|Synthesis|p2a: Meganium\n|-heal|p2a: Meganium|255/290 brn\n|move|p1a: Coalossal|Stone Edge|p2a: Meganium\n|-damage|p2a: Meganium|162/290 brn\n|\n|-heal|p2a: Meganium|180/290 brn|[from] item: Leftovers\n|-damage|p2a: Meganium|162/290 brn|[from] brn\n|upkeep\n|turn|33\n|\n|t:|1781398030\n|move|p2a: Meganium|Energy Ball|p1a: Coalossal\n|-resisted|p1a: Coalossal\n|-damage|p1a: Coalossal|196/341\n|move|p1a: Coalossal|Stone Edge|p2a: Meganium\n|-damage|p2a: Meganium|68/290 brn\n|\n|-heal|p2a: Meganium|86/290 brn|[from] item: Leftovers\n|-damage|p2a: Meganium|68/290 brn|[from] brn\n|upkeep\n|turn|34\n|\n|t:|1781398033\n|move|p2a: Meganium|Synthesis|p2a: Meganium\n|-heal|p2a: Meganium|213/290 brn\n|move|p1a: Coalossal|Stone Edge|p2a: Meganium|[miss]\n|-miss|p1a: Coalossal|p2a: Meganium\n|\n|-heal|p2a: Meganium|231/290 brn|[from] item: Leftovers\n|-damage|p2a: Meganium|213/290 brn|[from] brn\n|upkeep\n|turn|35\n|\n|t:|1781398036\n|move|p2a: Meganium|Energy Ball|p1a: Coalossal\n|-resisted|p1a: Coalossal\n|-damage|p1a: Coalossal|150/341\n|move|p1a: Coalossal|Stone Edge|p2a: Meganium|[miss]\n|-miss|p1a: Coalossal|p2a: Meganium\n|\n|-heal|p2a: Meganium|231/290 brn|[from] item: Leftovers\n|-damage|p2a: Meganium|213/290 brn|[from] brn\n|upkeep\n|turn|36\n|\n|t:|1781398040\n|move|p2a: Meganium|Energy Ball|p1a: Coalossal\n|-resisted|p1a: Coalossal\n|-damage|p1a: Coalossal|100/341\n|move|p1a: Coalossal|Stone Edge|p2a: Meganium\n|-damage|p2a: Meganium|122/290 brn\n|\n|-heal|p2a: Meganium|140/290 brn|[from] item: Leftovers\n|-damage|p2a: Meganium|122/290 brn|[from] brn\n|upkeep\n|turn|37\n|\n|t:|1781398043\n|move|p2a: Meganium|Synthesis|p2a: Meganium\n|-heal|p2a: Meganium|267/290 brn\n|move|p1a: Coalossal|Overheat|p2a: Meganium\n|-supereffective|p2a: Meganium\n|-damage|p2a: Meganium|157/290 brn\n|-unboost|p1a: Coalossal|spa|2\n|\n|-heal|p2a: Meganium|175/290 brn|[from] item: Leftovers\n|-damage|p2a: Meganium|157/290 brn|[from] brn\n|upkeep\n|turn|38\n|\n|t:|1781398046\n|move|p2a: Meganium|Synthesis|p2a: Meganium\n|-heal|p2a: Meganium|290/290 brn\n|move|p1a: Coalossal|Overheat|p2a: Meganium|[miss]\n|-miss|p1a: Coalossal|p2a: Meganium\n|\n|-damage|p2a: Meganium|272/290 brn|[from] brn\n|upkeep\n|turn|39\n|-message|Budgers forfeited.\n|\n|win|bigolron\n", "uploadtime": 1781397837, "views": 3, "formatid": "gen9randombattle", "rating": null, "private": 0, "password": null}