{"id": "gen9randombattle-2631868172", "format": "[Gen 9] Random Battle", "players": ["Picchiamper", "keroconext1"], "log": "|j|\u2606Picchiamper\n|j|\u2606keroconext1\n|t:|1781450038\n|gametype|singles\n|player|p1|Picchiamper|silver|1473\n|player|p2|keroconext1|170|1527\n|gen|9\n|tier|[Gen 9] Random Battle\n|rated|\n|rule|Species Clause: Limit one of each Pok\u00e9mon\n|rule|HP Percentage Mod: HP is shown in percentages\n|rule|Sleep Clause Mod: Limit one foe put to sleep\n|rule|Illusion Level Mod: Illusion disguises the Pok\u00e9mon's true level\n|\n|t:|1781450038\n|teamsize|p1|6\n|teamsize|p2|6\n|start\n|switch|p1a: Chansey|Chansey, L85, F|564/564\n|switch|p2a: Krookodile|Krookodile, L79, F|280/280\n|-ability|p2a: Krookodile|Intimidate|boost\n|-unboost|p1a: Chansey|atk|1\n|turn|1\n|inactive|Battle timer is ON: inactive players will automatically lose when time's up. (requested by Picchiamper)\n|\n|t:|1781450052\n|switch|p1a: Moltres|Moltres, L81|278/278\n|move|p2a: Krookodile|Knock Off|p1a: Moltres\n|-damage|p1a: Moltres|178/278\n|-enditem|p1a: Moltres|Heavy-Duty Boots|[from] move: Knock Off|[of] p2a: Krookodile\n|\n|upkeep\n|turn|2\n|\n|t:|1781450075\n|move|p1a: Moltres|Brave Bird|p2a: Krookodile\n|-damage|p2a: Krookodile|132/280\n|-damage|p1a: Moltres|129/278|[from] Recoil\n|move|p2a: Krookodile|Bulk Up|p2a: Krookodile\n|-boost|p2a: Krookodile|atk|1\n|-boost|p2a: Krookodile|def|1\n|\n|-heal|p2a: Krookodile|149/280|[from] item: Leftovers\n|upkeep\n|turn|3\n|\n|t:|1781450091\n|move|p1a: Moltres|Fire Blast|p2a: Krookodile\n|-damage|p2a: Krookodile|0 fnt\n|faint|p2a: Krookodile\n|\n|upkeep\n|inactive|keroconext1 has 120 seconds left.\n|\n|t:|1781450109\n|switch|p2a: Dedenne|Dedenne, L88, F|261/261\n|turn|4\n|\n|t:|1781450118\n|move|p2a: Dedenne|U-turn|p1a: Moltres\n|-resisted|p1a: Moltres\n|-damage|p1a: Moltres|120/278\n|\n|t:|1781450127\n|switch|p2a: Furret|Furret, L94, M|312/312|[from] U-turn\n|move|p1a: Moltres|Scorching Sands|p2a: Furret\n|-damage|p2a: Furret|242/312\n|\n|upkeep\n|turn|5\n|inactive|keroconext1 has 120 seconds left.\n|\n|t:|1781450148\n|move|p2a: Furret|Trick|p1a: Moltres\n|-activate|p2a: Furret|move: Trick|[of] p1a: Moltres\n|-item|p1a: Moltres|Choice Band|[from] move: Trick\n|-enditem|p2a: Furret|Choice Band|[silent]|[from] move: Trick\n|move|p1a: Moltres|Fire Blast|p2a: Furret\n|-damage|p2a: Furret|83/312\n|\n|upkeep\n|turn|6\n|inactive|keroconext1 has 120 seconds left.\n|\n|t:|1781450161\n|move|p2a: Furret|Double-Edge|p1a: Moltres\n|-damage|p1a: Moltres|0 fnt\n|-status|p2a: Furret|brn|[from] ability: Flame Body|[of] p1a: Moltres\n|faint|p1a: Moltres\n|-damage|p2a: Furret|43/312 brn|[from] Recoil\n|\n|-damage|p2a: Furret|24/312 brn|[from] brn\n|upkeep\n|\n|t:|1781450179\n|switch|p1a: Sandaconda|Sandaconda, L84, M|258/258\n|turn|7\n|inactive|keroconext1 has 120 seconds left.\n|\n|t:|1781450189\n|move|p2a: Furret|Knock Off|p1a: Sandaconda\n|-damage|p1a: Sandaconda|233/258\n|-enditem|p1a: Sandaconda|Loaded Dice|[from] move: Knock Off|[of] p2a: Furret\n|move|p1a: Sandaconda|Coil|p1a: Sandaconda\n|-boost|p1a: Sandaconda|atk|1\n|-boost|p1a: Sandaconda|def|1\n|-boost|p1a: Sandaconda|accuracy|1\n|\n|-damage|p2a: Furret|5/312 brn|[from] brn\n|upkeep\n|turn|8\n|\n|t:|1781450207\n|move|p2a: Furret|Double-Edge|p1a: Sandaconda\n|-damage|p1a: Sandaconda|197/258\n|-damage|p2a: Furret|0 fnt|[from] Recoil\n|faint|p2a: Furret\n|move|p1a: Sandaconda|Coil|p1a: Sandaconda\n|-boost|p1a: Sandaconda|atk|1\n|-boost|p1a: Sandaconda|def|1\n|-boost|p1a: Sandaconda|accuracy|1\n|\n|upkeep\n|inactive|keroconext1 has 120 seconds left.\n|\n|t:|1781450224\n|switch|p2a: Cacturne|Cacturne, L92, F|278/278\n|turn|9\n|inactive|keroconext1 has 120 seconds left.\n|\n|t:|1781450231\n|move|p1a: Sandaconda|Scale Shot|p2a: Cacturne\n|-crit|p2a: Cacturne\n|-damage|p2a: Cacturne|208/278\n|-damage|p2a: Cacturne|161/278\n|-damage|p2a: Cacturne|112/278\n|-hitcount|p2a: Cacturne|3\n|-unboost|p1a: Sandaconda|def|1\n|-boost|p1a: Sandaconda|spe|1\n|move|p2a: Cacturne|Leaf Storm|p1a: Sandaconda\n|-supereffective|p1a: Sandaconda\n|-damage|p1a: Sandaconda|0 fnt\n|-unboost|p2a: Cacturne|spa|2\n|faint|p1a: Sandaconda\n|-damage|p2a: Cacturne|85/278|[from] item: Life Orb\n|\n|upkeep\n|\n|t:|1781450243\n|switch|p1a: Heatran|Heatran, L79, F|273/273\n|turn|10\n|inactive|keroconext1 has 120 seconds left.\n|\n|t:|1781450259\n|move|p2a: Cacturne|Sucker Punch|p1a: Heatran\n|-damage|p1a: Heatran|163/273\n|-damage|p2a: Cacturne|58/278|[from] item: Life Orb\n|move|p1a: Heatran|Lava Plume|p2a: Cacturne\n|-supereffective|p2a: Cacturne\n|-damage|p2a: Cacturne|0 fnt\n|faint|p2a: Cacturne\n|\n|upkeep\n|inactive|keroconext1 has 120 seconds left.\n|\n|t:|1781450273\n|switch|p2a: Dedenne|Dedenne, L88, F|261/261\n|turn|11\n|\n|t:|1781450277\n|move|p2a: Dedenne|Thunderbolt|p1a: Heatran\n|-crit|p1a: Heatran\n|-damage|p1a: Heatran|81/273\n|move|p1a: Heatran|Earth Power|p2a: Dedenne\n|-supereffective|p2a: Dedenne\n|-damage|p2a: Dedenne|93/261\n|-enditem|p2a: Dedenne|Sitrus Berry|[eat]\n|-heal|p2a: Dedenne|158/261|[from] item: Sitrus Berry\n|-heal|p2a: Dedenne|245/261|[from] ability: Cheek Pouch\n|\n|upkeep\n|turn|12\n|\n|t:|1781450288\n|move|p2a: Dedenne|Thunderbolt|p1a: Heatran\n|-damage|p1a: Heatran|21/273\n|move|p1a: Heatran|Magma Storm|p2a: Dedenne\n|-damage|p2a: Dedenne|118/261\n|-activate|p2a: Dedenne|move: Magma Storm|[of] p1a: Heatran\n|\n|-damage|p2a: Dedenne|86/261|[from] move: Magma Storm|[partiallytrapped]\n|upkeep\n|turn|13\n|\n|t:|1781450296\n|move|p2a: Dedenne|Thunderbolt|p1a: Heatran\n|-damage|p1a: Heatran|0 fnt\n|faint|p1a: Heatran\n|\n|-end|p2a: Dedenne|Magma Storm|[partiallytrapped]|[silent]\n|upkeep\n|\n|t:|1781450299\n|switch|p1a: Squawkabilly|Squawkabilly-White, L89, F|291/291\n|turn|14\n|\n|t:|1781450304\n|move|p2a: Dedenne|Thunderbolt|p1a: Squawkabilly\n|-supereffective|p1a: Squawkabilly\n|-damage|p1a: Squawkabilly|27/291\n|move|p1a: Squawkabilly|Double-Edge|p2a: Dedenne\n|-damage|p2a: Dedenne|0 fnt\n|faint|p2a: Dedenne\n|-damage|p1a: Squawkabilly|0 fnt|[from] Recoil\n|faint|p1a: Squawkabilly\n|\n|upkeep\n|\n|t:|1781450315\n|switch|p2a: Illumise|Illumise, L91, F|266/266\n|switch|p1a: Chansey|Chansey, L85, F|564/564\n|turn|15\n|\n|t:|1781450323\n|move|p2a: Illumise|Thunder Wave|p1a: Chansey\n|-status|p1a: Chansey|par\n|move|p1a: Chansey|Thunder Wave|p2a: Illumise\n|-status|p2a: Illumise|par\n|\n|upkeep\n|turn|16\n|\n|t:|1781450330\n|move|p2a: Illumise|Encore|p1a: Chansey\n|-start|p1a: Chansey|Encore\n|cant|p1a: Chansey|par\n|\n|upkeep\n|turn|17\n|\n|t:|1781450340\n|-curestatus|p1a: Chansey|par|[from] ability: Natural Cure|[silent]\n|switch|p1a: Suicune|Suicune, L82|298/298\n|-ability|p1a: Suicune|Pressure\n|move|p2a: Illumise|Bug Buzz|p1a: Suicune\n|-damage|p1a: Suicune|225/298\n|\n|-heal|p1a: Suicune|243/298|[from] item: Leftovers\n|upkeep\n|turn|18\n|\n|t:|1781450350\n|move|p2a: Illumise|Thunder Wave|p1a: Suicune\n|-status|p1a: Suicune|par\n|cant|p1a: Suicune|par\n|\n|-heal|p1a: Suicune|261/298 par|[from] item: Leftovers\n|upkeep\n|turn|19\n|\n|t:|1781450359\n|move|p2a: Illumise|Bug Buzz|p1a: Suicune\n|-damage|p1a: Suicune|191/298 par\n|move|p1a: Suicune|Scald|p2a: Illumise\n|-damage|p2a: Illumise|194/266 par\n|\n|-heal|p1a: Suicune|209/298 par|[from] item: Leftovers\n|upkeep\n|turn|20\n|\n|t:|1781450367\n|cant|p2a: Illumise|par\n|move|p1a: Suicune|Scald|p2a: Illumise\n|-damage|p2a: Illumise|127/266 par\n|\n|-heal|p1a: Suicune|227/298 par|[from] item: Leftovers\n|upkeep\n|turn|21\n|\n|t:|1781450373\n|move|p2a: Illumise|Roost|p2a: Illumise\n|-heal|p2a: Illumise|260/266 par\n|-singleturn|p2a: Illumise|move: Roost\n|move|p1a: Suicune|Scald|p2a: Illumise\n|-damage|p2a: Illumise|190/266 par\n|\n|-heal|p1a: Suicune|245/298 par|[from] item: Leftovers\n|upkeep\n|turn|22\n|\n|t:|1781450381\n|move|p2a: Illumise|Bug Buzz|p1a: Suicune\n|-damage|p1a: Suicune|169/298 par\n|cant|p1a: Suicune|par\n|\n|-heal|p1a: Suicune|187/298 par|[from] item: Leftovers\n|upkeep\n|turn|23\n|\n|t:|1781450401\n|move|p2a: Illumise|Bug Buzz|p1a: Suicune\n|-damage|p1a: Suicune|105/298 par\n|move|p1a: Suicune|Scald|p2a: Illumise\n|-damage|p2a: Illumise|118/266 par\n|\n|-heal|p1a: Suicune|123/298 par|[from] item: Leftovers\n|upkeep\n|turn|24\n|\n|t:|1781450409\n|move|p2a: Illumise|Roost|p2a: Illumise\n|-heal|p2a: Illumise|251/266 par\n|-singleturn|p2a: Illumise|move: Roost\n|move|p1a: Suicune|Scald|p2a: Illumise\n|-damage|p2a: Illumise|175/266 par\n|\n|-heal|p1a: Suicune|141/298 par|[from] item: Leftovers\n|upkeep\n|turn|25\n|\n|t:|1781450416\n|move|p2a: Illumise|Bug Buzz|p1a: Suicune\n|-damage|p1a: Suicune|63/298 par\n|move|p1a: Suicune|Scald|p2a: Illumise\n|-damage|p2a: Illumise|103/266 par\n|\n|-heal|p1a: Suicune|81/298 par|[from] item: Leftovers\n|upkeep\n|turn|26\n|\n|t:|1781450427\n|cant|p2a: Illumise|par\n|cant|p1a: Suicune|par\n|\n|-heal|p1a: Suicune|99/298 par|[from] item: Leftovers\n|upkeep\n|turn|27\n|\n|t:|1781450435\n|move|p2a: Illumise|Roost|p2a: Illumise\n|-heal|p2a: Illumise|236/266 par\n|-singleturn|p2a: Illumise|move: Roost\n|move|p1a: Suicune|Scald|p2a: Illumise\n|-damage|p2a: Illumise|167/266 par\n|\n|-heal|p1a: Suicune|117/298 par|[from] item: Leftovers\n|upkeep\n|turn|28\n|\n|t:|1781450442\n|move|p2a: Illumise|Bug Buzz|p1a: Suicune\n|-damage|p1a: Suicune|42/298 par\n|move|p1a: Suicune|Scald|p2a: Illumise\n|-damage|p2a: Illumise|95/266 par\n|\n|-heal|p1a: Suicune|60/298 par|[from] item: Leftovers\n|upkeep\n|turn|29\n|\n|t:|1781450450\n|move|p2a: Illumise|Bug Buzz|p1a: Suicune\n|-damage|p1a: Suicune|0 fnt\n|faint|p1a: Suicune\n|\n|upkeep\n|\n|t:|1781450452\n|switch|p1a: Chansey|Chansey, L85, F|564/564\n|turn|30\n|\n|t:|1781450456\n|cant|p2a: Illumise|par\n|move|p1a: Chansey|Seismic Toss|p2a: Illumise\n|-damage|p2a: Illumise|10/266 par\n|\n|upkeep\n|turn|31\n|\n|t:|1781450466\n|cant|p2a: Illumise|par\n|move|p1a: Chansey|Seismic Toss|p2a: Illumise\n|-damage|p2a: Illumise|0 fnt\n|faint|p2a: Illumise\n|\n|upkeep\n|\n|t:|1781450472\n|switch|p2a: Deoxys|Deoxys-Attack, L72|191/191\n|-ability|p2a: Deoxys|Pressure\n|turn|32\n|\n|t:|1781450479\n|-terastallize|p1a: Chansey|Poison\n|move|p2a: Deoxys|Knock Off|p1a: Chansey\n|-damage|p1a: Chansey|313/564\n|-enditem|p1a: Chansey|Eviolite|[from] move: Knock Off|[of] p2a: Deoxys\n|-damage|p2a: Deoxys|172/191|[from] item: Life Orb\n|move|p1a: Chansey|Thunder Wave|p2a: Deoxys\n|-status|p2a: Deoxys|par\n|\n|upkeep\n|turn|33\n|\n|t:|1781450491\n|move|p1a: Chansey|Seismic Toss|p2a: Deoxys\n|-damage|p2a: Deoxys|87/191 par\n|move|p2a: Deoxys|Psycho Boost|p1a: Chansey\n|-supereffective|p1a: Chansey\n|-damage|p1a: Chansey|0 fnt\n|-unboost|p2a: Deoxys|spa|2\n|faint|p1a: Chansey\n|-damage|p2a: Deoxys|68/191 par|[from] item: Life Orb\n|\n|win|keroconext1\n|raw|Picchiamper's rating: 1473 &rarr; <strong>1456</strong><br />(-17 for losing)\n|raw|keroconext1's rating: 1527 &rarr; <strong>1544</strong><br />(+17 for winning)\n", "uploadtime": 1781450502, "views": 2, "formatid": "gen9randombattle", "rating": 1456, "private": 0, "password": null}