{"id": "gen9randombattle-2631517271", "format": "[Gen 9] Random Battle", "players": ["davo2544", "bluffmepls"], "log": "|j|\u2606davo2544\n|j|\u2606bluffmepls\n|t:|1781395406\n|gametype|singles\n|player|p1|davo2544|marley|2151\n|player|p2|bluffmepls|266|2202\n|gen|9\n|tier|[Gen 9] Random Battle\n|rated|\n|rule|Species Clause: Limit one of each Pok\u00e9mon\n|rule|HP Percentage Mod: HP is shown in percentages\n|rule|Sleep Clause Mod: Limit one foe put to sleep\n|rule|Illusion Level Mod: Illusion disguises the Pok\u00e9mon's true level\n|\n|t:|1781395406\n|teamsize|p1|6\n|teamsize|p2|6\n|start\n|switch|p1a: Scyther|Scyther, L82, M|249/249\n|switch|p2a: Rhyperior|Rhyperior, L82, M|323/323\n|turn|1\n|inactive|Battle timer is ON: inactive players will automatically lose when time's up. (requested by bluffmepls)\n|\n|t:|1781395412\n|switch|p1a: Virizion|Virizion, L82|283/283\n|move|p2a: Rhyperior|Stone Edge|p1a: Virizion\n|-resisted|p1a: Virizion\n|-damage|p1a: Virizion|167/283\n|\n|upkeep\n|turn|2\n|\n|t:|1781395426\n|switch|p2a: Wo-Chien|Wo-Chien, L83|277/277\n|-ability|p2a: Wo-Chien|Tablets of Ruin\n|move|p1a: Virizion|Swords Dance|p1a: Virizion\n|-boost|p1a: Virizion|atk|2\n|\n|upkeep\n|turn|3\n|\n|t:|1781395429\n|switch|p2a: Calyrex|Calyrex-Shadow, L64|235/235\n|-ability|p2a: Calyrex|As One\n|-ability|p2a: Calyrex|Unnerve\n|move|p1a: Virizion|Close Combat|p2a: Calyrex\n|-immune|p2a: Calyrex\n|\n|upkeep\n|turn|4\n|\n|t:|1781395442\n|-terastallize|p1a: Virizion|Rock\n|move|p2a: Calyrex|Psyshock|p1a: Virizion\n|-damage|p1a: Virizion|42/283\n|-damage|p2a: Calyrex|212/235|[from] item: Life Orb\n|move|p1a: Virizion|Leaf Blade|p2a: Calyrex\n|-crit|p2a: Calyrex\n|-damage|p2a: Calyrex|0 fnt\n|faint|p2a: Calyrex\n|-damage|p1a: Virizion|14/283|[from] item: Life Orb\n|\n|upkeep\n|c|\u2606davo2544|worth\n|\n|t:|1781395450\n|switch|p2a: Basculin|Basculin-Blue-Striped, L86, M|261/261\n|turn|5\n|c|\u2606bluffmepls|lol\n|c|\u2606bluffmepls|u sure\n|\n|t:|1781395460\n|move|p2a: Basculin|Aqua Jet|p1a: Virizion\n|-supereffective|p1a: Virizion\n|-damage|p1a: Virizion|0 fnt\n|faint|p1a: Virizion\n|\n|upkeep\n|c|\u2606davo2544|its fucking calyrex\n|\n|t:|1781395466\n|switch|p1a: Mandibuzz|Mandibuzz, L85, F|326/326\n|turn|6\n|\n|t:|1781395479\n|switch|p2a: Rhyperior|Rhyperior, L82, M|323/323\n|move|p1a: Mandibuzz|Toxic|p2a: Rhyperior\n|-status|p2a: Rhyperior|tox\n|\n|-damage|p2a: Rhyperior|303/323 tox|[from] psn\n|upkeep\n|turn|7\n|\n|t:|1781395489\n|switch|p1a: Copperajah|Copperajah, L86, F|350/350\n|move|p2a: Rhyperior|Stone Edge|p1a: Copperajah|[miss]\n|-miss|p2a: Rhyperior|p1a: Copperajah\n|\n|-damage|p2a: Rhyperior|263/323 tox|[from] psn\n|upkeep\n|turn|8\n|\n|t:|1781395504\n|switch|p2a: Basculin|Basculin-Blue-Striped, L86, M|261/261\n|move|p1a: Copperajah|Iron Head|p2a: Basculin\n|-resisted|p2a: Basculin\n|-damage|p2a: Basculin|145/261\n|\n|upkeep\n|turn|9\n|\n|t:|1781395513\n|move|p2a: Basculin|Flip Turn|p1a: Copperajah\n|-damage|p1a: Copperajah|200/350\n|\n|t:|1781395518\n|switch|p2a: Wo-Chien|Wo-Chien, L83|277/277|[from] Flip Turn\n|-ability|p2a: Wo-Chien|Tablets of Ruin\n|move|p1a: Copperajah|Play Rough|p2a: Wo-Chien\n|-supereffective|p2a: Wo-Chien\n|-damage|p2a: Wo-Chien|85/277\n|\n|-heal|p2a: Wo-Chien|102/277|[from] item: Leftovers\n|upkeep\n|turn|10\n|\n|t:|1781395527\n|move|p2a: Wo-Chien|Protect|p2a: Wo-Chien\n|-singleturn|p2a: Wo-Chien|Protect\n|move|p1a: Copperajah|Iron Head|p2a: Wo-Chien\n|-activate|p2a: Wo-Chien|move: Protect\n|\n|-heal|p2a: Wo-Chien|119/277|[from] item: Leftovers\n|upkeep\n|turn|11\n|\n|t:|1781395536\n|move|p2a: Wo-Chien|Knock Off|p1a: Copperajah\n|-damage|p1a: Copperajah|88/350\n|-enditem|p1a: Copperajah|Life Orb|[from] move: Knock Off|[of] p2a: Wo-Chien\n|move|p1a: Copperajah|Iron Head|p2a: Wo-Chien\n|-damage|p2a: Wo-Chien|23/277\n|\n|-heal|p2a: Wo-Chien|40/277|[from] item: Leftovers\n|upkeep\n|turn|12\n|\n|t:|1781395554\n|move|p2a: Wo-Chien|Knock Off|p1a: Copperajah\n|-damage|p1a: Copperajah|16/350\n|move|p1a: Copperajah|Iron Head|p2a: Wo-Chien\n|-crit|p2a: Wo-Chien\n|-damage|p2a: Wo-Chien|0 fnt\n|faint|p2a: Wo-Chien\n|\n|upkeep\n|\n|t:|1781395556\n|switch|p2a: Komala|Komala, L88, M|258/258\n|-ability|p2a: Komala|Comatose\n|turn|13\n|\n|t:|1781395564\n|move|p2a: Komala|Rapid Spin|p1a: Copperajah\n|-resisted|p1a: Copperajah\n|-damage|p1a: Copperajah|0 fnt\n|-boost|p2a: Komala|spe|1\n|faint|p1a: Copperajah\n|\n|upkeep\n|\n|t:|1781395567\n|switch|p1a: Mandibuzz|Mandibuzz, L85, F|326/326\n|turn|14\n|\n|t:|1781395578\n|switch|p2a: Rhyperior|Rhyperior, L82, M|263/323 tox\n|move|p1a: Mandibuzz|Foul Play|p2a: Rhyperior\n|-damage|p2a: Rhyperior|155/323 tox\n|\n|-damage|p2a: Rhyperior|135/323 tox|[from] psn\n|upkeep\n|turn|15\n|\n|t:|1781395593\n|move|p1a: Mandibuzz|Foul Play|p2a: Rhyperior\n|-damage|p2a: Rhyperior|42/323 tox\n|move|p2a: Rhyperior|Stone Edge|p1a: Mandibuzz\n|-supereffective|p1a: Mandibuzz\n|-crit|p1a: Mandibuzz\n|-damage|p1a: Mandibuzz|0 fnt\n|faint|p1a: Mandibuzz\n|\n|-damage|p2a: Rhyperior|2/323 tox|[from] psn\n|upkeep\n|\n|t:|1781395597\n|switch|p1a: Spectrier|Spectrier, L75|274/274\n|turn|16\n|\n|t:|1781395609\n|move|p1a: Spectrier|Shadow Ball|p2a: Rhyperior\n|-damage|p2a: Rhyperior|0 fnt\n|faint|p2a: Rhyperior\n|-ability|p1a: Spectrier|Grim Neigh|boost\n|-boost|p1a: Spectrier|spa|1\n|-damage|p1a: Spectrier|247/274|[from] item: Life Orb\n|\n|upkeep\n|\n|t:|1781395613\n|switch|p2a: Komala|Komala, L88, M|258/258\n|-ability|p2a: Komala|Comatose\n|turn|17\n|\n|t:|1781395628\n|move|p1a: Spectrier|Draining Kiss|p2a: Komala\n|-damage|p2a: Komala|211/258\n|-heal|p1a: Spectrier|274/274|[from] drain|[of] p2a: Komala\n|-damage|p1a: Spectrier|247/274|[from] item: Life Orb\n|move|p2a: Komala|Knock Off|p1a: Spectrier\n|-supereffective|p1a: Spectrier\n|-damage|p1a: Spectrier|7/274\n|-enditem|p1a: Spectrier|Life Orb|[from] move: Knock Off|[of] p2a: Komala\n|\n|upkeep\n|turn|18\n|\n|t:|1781395635\n|move|p1a: Spectrier|Draining Kiss|p2a: Komala\n|-damage|p2a: Komala|175/258\n|-heal|p1a: Spectrier|34/274|[from] drain|[of] p2a: Komala\n|move|p2a: Komala|Knock Off|p1a: Spectrier\n|-supereffective|p1a: Spectrier\n|-damage|p1a: Spectrier|0 fnt\n|faint|p1a: Spectrier\n|\n|upkeep\n|\n|t:|1781395638\n|switch|p1a: Scyther|Scyther, L82, M|249/249\n|turn|19\n|\n|t:|1781395643\n|-terastallize|p2a: Komala|Ghost\n|move|p1a: Scyther|Close Combat|p2a: Komala\n|-immune|p2a: Komala\n|move|p2a: Komala|Rapid Spin|p1a: Scyther\n|-damage|p1a: Scyther|200/249\n|-boost|p2a: Komala|spe|1\n|\n|upkeep\n|turn|20\n|\n|t:|1781395648\n|move|p2a: Komala|Body Slam|p1a: Scyther\n|-damage|p1a: Scyther|124/249\n|move|p1a: Scyther|Dual Wingbeat|p2a: Komala\n|-damage|p2a: Komala|102/258\n|-damage|p2a: Komala|27/258\n|-hitcount|p2a: Komala|2\n|\n|upkeep\n|turn|21\n|\n|t:|1781395654\n|move|p2a: Komala|Body Slam|p1a: Scyther\n|-damage|p1a: Scyther|37/249\n|move|p1a: Scyther|Bug Bite|p2a: Komala\n|-resisted|p2a: Komala\n|-damage|p2a: Komala|0 fnt\n|faint|p2a: Komala\n|\n|upkeep\n|\n|t:|1781395656\n|switch|p2a: Basculin|Basculin-Blue-Striped, L86, M|145/261\n|turn|22\n|\n|t:|1781395660\n|move|p2a: Basculin|Aqua Jet|p1a: Scyther\n|-damage|p1a: Scyther|0 fnt\n|faint|p1a: Scyther\n|\n|upkeep\n|\n|t:|1781395661\n|switch|p1a: Toxtricity|Toxtricity, L82, F|257/257\n|turn|23\n|\n|t:|1781395667\n|move|p2a: Basculin|Aqua Jet|p1a: Toxtricity\n|-damage|p1a: Toxtricity|145/257\n|move|p1a: Toxtricity|Shift Gear|p1a: Toxtricity\n|-boost|p1a: Toxtricity|spe|2\n|-boost|p1a: Toxtricity|atk|1\n|\n|upkeep\n|turn|24\n|\n|t:|1781395670\n|move|p2a: Basculin|Aqua Jet|p1a: Toxtricity\n|-damage|p1a: Toxtricity|31/257\n|move|p1a: Toxtricity|Boomburst|p2a: Basculin\n|-damage|p2a: Basculin|0 fnt\n|faint|p2a: Basculin\n|-enditem|p1a: Toxtricity|Throat Spray\n|-boost|p1a: Toxtricity|spa|1|[from] item: Throat Spray\n|\n|upkeep\n|\n|t:|1781395673\n|switch|p2a: Hypno|Hypno, L95, F|315/315\n|turn|25\n|\n|t:|1781395677\n|move|p1a: Toxtricity|Boomburst|p2a: Hypno\n|-damage|p2a: Hypno|163/315\n|move|p2a: Hypno|Psychic Noise|p1a: Toxtricity\n|-supereffective|p1a: Toxtricity\n|-damage|p1a: Toxtricity|0 fnt\n|faint|p1a: Toxtricity\n|\n|win|bluffmepls\n", "uploadtime": 1781395408, "views": 4, "formatid": "gen9randombattle", "rating": null, "private": 0, "password": null}