{"id": "gen9randombattle-2631996318", "format": "[Gen 9] Random Battle", "players": ["FiggyNoLuck", "caboose i is"], "log": "|j|\u2606FiggyNoLuck\n|j|\u2606caboose i is\n|t:|1781464083\n|gametype|singles\n|player|p1|FiggyNoLuck|1|1928\n|player|p2|caboose i is|170|1905\n|gen|9\n|tier|[Gen 9] Random Battle\n|rated|\n|rule|Species Clause: Limit one of each Pok\u00e9mon\n|rule|HP Percentage Mod: HP is shown in percentages\n|rule|Sleep Clause Mod: Limit one foe put to sleep\n|rule|Illusion Level Mod: Illusion disguises the Pok\u00e9mon's true level\n|\n|t:|1781464083\n|teamsize|p1|6\n|teamsize|p2|6\n|start\n|switch|p1a: Thundurus|Thundurus-Therian, L80, M|258/258\n|switch|p2a: Gliscor|Gliscor, L76, F|239/239\n|turn|1\n|inactive|Battle timer is ON: inactive players will automatically lose when time's up. (requested by caboose i is)\n|\n|t:|1781464096\n|move|p2a: Gliscor|Protect|p2a: Gliscor\n|-singleturn|p2a: Gliscor|Protect\n|move|p1a: Thundurus|Psychic|p2a: Gliscor\n|-activate|p2a: Gliscor|move: Protect\n|\n|-status|p2a: Gliscor|tox|[from] item: Toxic Orb\n|upkeep\n|turn|2\n|\n|t:|1781464107\n|switch|p1a: Skuntank|Skuntank, L84, M|310/310\n|move|p2a: Gliscor|Toxic|p1a: Skuntank\n|-immune|p1a: Skuntank\n|\n|upkeep\n|turn|3\n|\n|t:|1781464118\n|move|p1a: Skuntank|Taunt|p2a: Gliscor\n|-start|p2a: Gliscor|move: Taunt\n|move|p2a: Gliscor|Earthquake|p1a: Skuntank\n|-supereffective|p1a: Skuntank\n|-damage|p1a: Skuntank|92/310\n|\n|upkeep\n|turn|4\n|\n|t:|1781464129\n|switch|p1a: Thundurus|Thundurus-Therian, L80, M|258/258\n|move|p2a: Gliscor|Knock Off|p1a: Thundurus\n|-damage|p1a: Thundurus|189/258\n|-enditem|p1a: Thundurus|Choice Scarf|[from] move: Knock Off|[of] p2a: Gliscor\n|\n|upkeep\n|turn|5\n|\n|t:|1781464141\n|move|p1a: Thundurus|Psychic|p2a: Gliscor\n|-damage|p2a: Gliscor|147/239 tox\n|move|p2a: Gliscor|Knock Off|p1a: Thundurus\n|-damage|p1a: Thundurus|141/258\n|\n|-heal|p2a: Gliscor|176/239 tox|[from] ability: Poison Heal\n|-end|p2a: Gliscor|move: Taunt\n|upkeep\n|turn|6\n|\n|t:|1781464147\n|move|p1a: Thundurus|Psychic|p2a: Gliscor\n|-damage|p2a: Gliscor|70/239 tox\n|move|p2a: Gliscor|Toxic|p1a: Thundurus|[miss]\n|-miss|p2a: Gliscor|p1a: Thundurus\n|\n|-heal|p2a: Gliscor|99/239 tox|[from] ability: Poison Heal\n|upkeep\n|turn|7\n|\n|t:|1781464152\n|move|p2a: Gliscor|Protect|p2a: Gliscor\n|-singleturn|p2a: Gliscor|Protect\n|move|p1a: Thundurus|Psychic|p2a: Gliscor\n|-activate|p2a: Gliscor|move: Protect\n|\n|-heal|p2a: Gliscor|128/239 tox|[from] ability: Poison Heal\n|upkeep\n|turn|8\n|\n|t:|1781464157\n|switch|p2a: Armarouge|Armarouge, L80, M|267/267\n|move|p1a: Thundurus|Psychic|p2a: Armarouge\n|-resisted|p2a: Armarouge\n|-damage|p2a: Armarouge|219/267\n|\n|upkeep\n|turn|9\n|\n|t:|1781464164\n|move|p1a: Thundurus|Volt Switch|p2a: Armarouge\n|-damage|p2a: Armarouge|105/267\n|\n|t:|1781464172\n|switch|p1a: Regigigas|Regigigas, L84|322/322|[from] Volt Switch\n|-start|p1a: Regigigas|ability: Slow Start\n|move|p2a: Armarouge|Meteor Beam||[still]\n|-prepare|p2a: Armarouge|Meteor Beam\n|-boost|p2a: Armarouge|spa|1\n|-enditem|p2a: Armarouge|Power Herb\n|-anim|p2a: Armarouge|Meteor Beam|p1a: Regigigas\n|-damage|p1a: Regigigas|194/322\n|\n|-heal|p1a: Regigigas|214/322|[from] item: Leftovers\n|upkeep\n|turn|10\n|\n|t:|1781464178\n|move|p2a: Armarouge|Armor Cannon|p1a: Regigigas\n|-damage|p1a: Regigigas|40/322\n|-unboost|p2a: Armarouge|def|1\n|-unboost|p2a: Armarouge|spd|1\n|move|p1a: Regigigas|Knock Off|p2a: Armarouge\n|-supereffective|p2a: Armarouge\n|-damage|p2a: Armarouge|11/267\n|-ability|p2a: Armarouge|Weak Armor|boost\n|-unboost|p2a: Armarouge|def|1\n|-boost|p2a: Armarouge|spe|2\n|\n|-heal|p1a: Regigigas|60/322|[from] item: Leftovers\n|upkeep\n|turn|11\n|\n|t:|1781464190\n|move|p2a: Armarouge|Psyshock|p1a: Regigigas\n|-crit|p1a: Regigigas\n|-damage|p1a: Regigigas|0 fnt\n|faint|p1a: Regigigas\n|-end|p1a: Regigigas|Slow Start|[silent]\n|\n|upkeep\n|-message|FiggyNoLuck forfeited.\n|\n|win|caboose i is\n", "uploadtime": 1781464084, "views": 5, "formatid": "gen9randombattle", "rating": null, "private": 0, "password": null}