{"id": "gen9randombattle-2631482713", "format": "[Gen 9] Random Battle", "players": ["Llunadere", "not haruno"], "log": "|j|\u2606Llunadere\n|j|\u2606not haruno\n|t:|1781390592\n|gametype|singles\n|player|p1|Llunadere|skierf|1945\n|player|p2|not haruno|#notharuno|1960\n|gen|9\n|tier|[Gen 9] Random Battle\n|rated|\n|rule|Species Clause: Limit one of each Pok\u00e9mon\n|rule|HP Percentage Mod: HP is shown in percentages\n|rule|Sleep Clause Mod: Limit one foe put to sleep\n|rule|Illusion Level Mod: Illusion disguises the Pok\u00e9mon's true level\n|\n|t:|1781390592\n|teamsize|p1|6\n|teamsize|p2|6\n|start\n|switch|p1a: Avalugg|Avalugg, L88, M|310/310\n|switch|p2a: Arcanine|Arcanine-Hisui, L79, M|280/280\n|turn|1\n|inactive|Battle timer is ON: inactive players will automatically lose when time's up. (requested by Llunadere)\n|\n|t:|1781390598\n|switch|p1a: Palossand|Palossand, L89, F|296/296\n|move|p2a: Arcanine|Head Smash|p1a: Palossand\n|-resisted|p1a: Palossand\n|-damage|p1a: Palossand|228/296\n|\n|-heal|p1a: Palossand|246/296|[from] item: Leftovers\n|upkeep\n|turn|2\n|\n|t:|1781390603\n|switch|p2a: Forretress|Forretress, L84, F|263/263\n|move|p1a: Palossand|Stealth Rock|p2a: Forretress\n|-sidestart|p2: not haruno|move: Stealth Rock\n|\n|-heal|p1a: Palossand|264/296|[from] item: Leftovers\n|upkeep\n|turn|3\n|\n|t:|1781390607\n|move|p2a: Forretress|Stealth Rock|p1a: Palossand\n|-sidestart|p1: Llunadere|move: Stealth Rock\n|move|p1a: Palossand|Shadow Ball|p2a: Forretress\n|-crit|p2a: Forretress\n|-damage|p2a: Forretress|74/263\n|\n|-heal|p2a: Forretress|90/263|[from] item: Leftovers\n|-heal|p1a: Palossand|282/296|[from] item: Leftovers\n|upkeep\n|turn|4\n|\n|t:|1781390620\n|switch|p2a: Swanna|Swanna, L89, M|278/278\n|move|p1a: Palossand|Earth Power|p2a: Swanna\n|-immune|p2a: Swanna\n|\n|-heal|p1a: Palossand|296/296|[from] item: Leftovers\n|upkeep\n|turn|5\n|\n|t:|1781390632\n|switch|p1a: Iron Hands|Iron Hands, L79|373/373\n|-damage|p1a: Iron Hands|350/373|[from] Stealth Rock\n|move|p2a: Swanna|Hydro Pump|p1a: Iron Hands\n|-damage|p1a: Iron Hands|193/373\n|\n|-heal|p1a: Iron Hands|216/373|[from] item: Leftovers\n|upkeep\n|turn|6\n|\n|t:|1781390638\n|switch|p2a: Forretress|Forretress, L84, F|90/263\n|-damage|p2a: Forretress|58/263|[from] Stealth Rock\n|move|p1a: Iron Hands|Drain Punch|p2a: Forretress\n|-damage|p2a: Forretress|0 fnt\n|-heal|p1a: Iron Hands|245/373|[from] drain|[of] p2a: Forretress\n|faint|p2a: Forretress\n|\n|-heal|p1a: Iron Hands|268/373|[from] item: Leftovers\n|upkeep\n|\n|t:|1781390645\n|switch|p2a: Alcremie|Alcremie-Lemon-Cream, L90, F|263/263\n|-damage|p2a: Alcremie|231/263|[from] Stealth Rock\n|turn|7\n|\n|t:|1781390648\n|move|p2a: Alcremie|Alluring Voice|p1a: Iron Hands\n|-supereffective|p1a: Iron Hands\n|-damage|p1a: Iron Hands|14/373\n|move|p1a: Iron Hands|Swords Dance|p1a: Iron Hands\n|-boost|p1a: Iron Hands|atk|2\n|\n|-heal|p2a: Alcremie|247/263|[from] item: Leftovers\n|-heal|p1a: Iron Hands|37/373|[from] item: Leftovers\n|upkeep\n|turn|8\n|\n|t:|1781390653\n|move|p2a: Alcremie|Alluring Voice|p1a: Iron Hands\n|-supereffective|p1a: Iron Hands\n|-damage|p1a: Iron Hands|0 fnt\n|faint|p1a: Iron Hands\n|-end|p1a: Iron Hands|Quark Drive|[silent]\n|\n|-heal|p2a: Alcremie|263/263|[from] item: Leftovers\n|upkeep\n|\n|t:|1781390660\n|switch|p1a: Magearna|Magearna, L77|250/250\n|-damage|p1a: Magearna|235/250|[from] Stealth Rock\n|turn|9\n|\n|t:|1781390667\n|switch|p2a: Arcanine|Arcanine-Hisui, L79, M|280/280\n|move|p1a: Magearna|Shift Gear|p1a: Magearna\n|-boost|p1a: Magearna|spe|2\n|-boost|p1a: Magearna|atk|1\n|\n|upkeep\n|turn|10\n|\n|t:|1781390685\n|switch|p2a: Swanna|Swanna, L89, M|278/278\n|move|p1a: Magearna|Iron Head|p2a: Swanna\n|-resisted|p2a: Swanna\n|-damage|p2a: Swanna|212/278\n|\n|upkeep\n|turn|11\n|\n|t:|1781390697\n|move|p1a: Magearna|Fleur Cannon|p2a: Swanna\n|-damage|p2a: Swanna|35/278\n|-unboost|p1a: Magearna|spa|2\n|move|p2a: Swanna|Hydro Pump|p1a: Magearna\n|-damage|p1a: Magearna|133/250\n|\n|upkeep\n|turn|12\n|\n|t:|1781390704\n|switch|p2a: Arcanine|Arcanine-Hisui, L79, M|280/280\n|move|p1a: Magearna|Fleur Cannon|p2a: Arcanine\n|-resisted|p2a: Arcanine\n|-damage|p2a: Arcanine|241/280\n|-unboost|p1a: Magearna|spa|2\n|\n|upkeep\n|turn|13\n|\n|t:|1781390709\n|-terastallize|p1a: Magearna|Ground\n|move|p1a: Magearna|Tera Blast|p2a: Arcanine|[anim] Tera Blast Ground\n|-supereffective|p2a: Arcanine\n|-damage|p2a: Arcanine|0 fnt\n|faint|p2a: Arcanine\n|-ability|p1a: Magearna|Soul-Heart|boost\n|-boost|p1a: Magearna|spa|1\n|\n|upkeep\n|\n|t:|1781390719\n|switch|p2a: Snorlax|Snorlax, L82, M|397/397\n|-damage|p2a: Snorlax|348/397|[from] Stealth Rock\n|turn|14\n|\n|t:|1781390723\n|move|p1a: Magearna|Iron Head|p2a: Snorlax\n|-damage|p2a: Snorlax|212/397\n|move|p2a: Snorlax|Curse|p2a: Snorlax\n|-unboost|p2a: Snorlax|spe|1\n|-boost|p2a: Snorlax|atk|1\n|-boost|p2a: Snorlax|def|1\n|\n|upkeep\n|turn|15\n|\n|t:|1781390729\n|move|p1a: Magearna|Iron Head|p2a: Snorlax\n|-damage|p2a: Snorlax|115/397\n|move|p2a: Snorlax|Rest|p2a: Snorlax\n|-status|p2a: Snorlax|slp|[from] move: Rest\n|-heal|p2a: Snorlax|397/397 slp|[silent]\n|-enditem|p2a: Snorlax|Chesto Berry|[eat]\n|-curestatus|p2a: Snorlax|slp|[msg]\n|\n|upkeep\n|turn|16\n|\n|t:|1781390735\n|move|p1a: Magearna|Iron Head|p2a: Snorlax\n|-damage|p2a: Snorlax|304/397\n|move|p2a: Snorlax|Curse|p2a: Snorlax\n|-unboost|p2a: Snorlax|spe|1\n|-boost|p2a: Snorlax|atk|1\n|-boost|p2a: Snorlax|def|1\n|\n|upkeep\n|turn|17\n|\n|t:|1781390738\n|switch|p1a: Maushold|Maushold, L76|238/238\n|-damage|p1a: Maushold|209/238|[from] Stealth Rock\n|move|p2a: Snorlax|Curse|p2a: Snorlax\n|-unboost|p2a: Snorlax|spe|1\n|-boost|p2a: Snorlax|atk|1\n|-boost|p2a: Snorlax|def|1\n|\n|upkeep\n|turn|18\n|\n|t:|1781390744\n|switch|p2a: Swanna|Swanna, L89, M|35/278\n|move|p1a: Maushold|Encore||[still]\n|-fail|p1a: Maushold\n|\n|upkeep\n|turn|19\n|\n|t:|1781390753\n|switch|p2a: Alcremie|Alcremie-Lemon-Cream, L90, F|263/263\n|-damage|p2a: Alcremie|231/263|[from] Stealth Rock\n|move|p1a: Maushold|Tidy Up|p1a: Maushold\n|-sideend|p1: Llunadere|Stealth Rock\n|-sideend|p2: not haruno|Stealth Rock\n|-activate|p1a: Maushold|move: Tidy Up\n|-boost|p1a: Maushold|atk|1\n|-boost|p1a: Maushold|spe|1\n|\n|-heal|p2a: Alcremie|247/263|[from] item: Leftovers\n|upkeep\n|turn|20\n|\n|t:|1781390759\n|move|p1a: Maushold|Population Bomb|p2a: Alcremie|[miss]\n|-miss|p1a: Maushold|p2a: Alcremie\n|move|p2a: Alcremie|Alluring Voice|p1a: Maushold\n|-damage|p1a: Maushold|68/238\n|\n|-heal|p2a: Alcremie|263/263|[from] item: Leftovers\n|upkeep\n|turn|21\n|\n|t:|1781390762\n|move|p1a: Maushold|Population Bomb|p2a: Alcremie\n|-damage|p2a: Alcremie|229/263\n|-damage|p2a: Alcremie|196/263\n|-damage|p2a: Alcremie|159/263\n|-damage|p2a: Alcremie|123/263\n|-damage|p2a: Alcremie|86/263\n|-damage|p2a: Alcremie|53/263\n|-damage|p2a: Alcremie|19/263\n|-damage|p2a: Alcremie|0 fnt\n|faint|p2a: Alcremie\n|-hitcount|p2: Alcremie|8\n|\n|upkeep\n|\n|t:|1781390768\n|switch|p2a: Fezandipiti|Fezandipiti, L82, M|278/278\n|turn|22\n|\n|t:|1781390771\n|move|p1a: Maushold|Population Bomb|p2a: Fezandipiti\n|-damage|p2a: Fezandipiti|244/278\n|-damage|p2a: Fezandipiti|210/278\n|-damage|p2a: Fezandipiti|174/278\n|-damage|p2a: Fezandipiti|134/278\n|-damage|p2a: Fezandipiti|97/278\n|-damage|p2a: Fezandipiti|64/278\n|-damage|p2a: Fezandipiti|27/278\n|-damage|p2a: Fezandipiti|0 fnt\n|faint|p2a: Fezandipiti\n|-hitcount|p2: Fezandipiti|8\n|\n|upkeep\n|-message|not haruno forfeited.\n|\n|win|Llunadere\n", "uploadtime": 1781390594, "views": 3, "formatid": "gen9randombattle", "rating": null, "private": 0, "password": null}