{"id": "gen9randombattle-2631867313", "format": "[Gen 9] Random Battle", "players": ["smolchezz", "misfitqt"], "log": "|j|\u2606smolchezz\n|j|\u2606misfitqt\n|t:|1781449943\n|gametype|singles\n|player|p1|smolchezz|caitlin|\n|player|p2|misfitqt|burglar|\n|gen|9\n|tier|[Gen 9] Random Battle\n|rule|Species Clause: Limit one of each Pok\u00e9mon\n|rule|HP Percentage Mod: HP is shown in percentages\n|rule|Sleep Clause Mod: Limit one foe put to sleep\n|rule|Illusion Level Mod: Illusion disguises the Pok\u00e9mon's true level\n|\n|t:|1781449943\n|teamsize|p1|6\n|teamsize|p2|6\n|start\n|switch|p1a: Lanturn|Lanturn, L89, F|367/367\n|switch|p2a: Vespiquen|Vespiquen, L99, F|299/299\n|-ability|p2a: Vespiquen|Pressure\n|turn|1\n|\n|t:|1781449980\n|switch|p2a: Exeggutor|Exeggutor, L89, M|312/312\n|move|p1a: Lanturn|Thunderbolt|p2a: Exeggutor\n|-resisted|p2a: Exeggutor\n|-damage|p2a: Exeggutor|261/312\n|\n|upkeep\n|turn|2\n|\n|t:|1781449997\n|move|p1a: Lanturn|Volt Switch|p2a: Exeggutor\n|-resisted|p2a: Exeggutor\n|-damage|p2a: Exeggutor|225/312\n|\n|t:|1781450019\n|switch|p1a: Decidueye|Decidueye, L88, F|281/281|[from] Volt Switch\n|move|p2a: Exeggutor|Leech Seed|p1a: Decidueye\n|-immune|p1a: Decidueye\n|\n|upkeep\n|turn|3\n|\n|t:|1781450038\n|switch|p2a: Vespiquen|Vespiquen, L99, F|299/299\n|-ability|p2a: Vespiquen|Pressure\n|move|p1a: Decidueye|Poltergeist|p2a: Vespiquen\n|-activate|p2a: Vespiquen|move: Poltergeist|Heavy-Duty Boots\n|-damage|p2a: Vespiquen|166/299\n|-damage|p1a: Decidueye|253/281|[from] item: Life Orb\n|\n|upkeep\n|turn|4\n|\n|t:|1781450055\n|switch|p1a: Lanturn|Lanturn, L89, F|367/367\n|move|p2a: Vespiquen|Toxic|p1a: Lanturn\n|-status|p1a: Lanturn|tox\n|\n|-damage|p1a: Lanturn|345/367 tox|[from] psn\n|upkeep\n|turn|5\n|\n|t:|1781450082\n|switch|p2a: Exeggutor|Exeggutor, L89, M|225/312\n|move|p1a: Lanturn|Thunderbolt|p2a: Exeggutor\n|-resisted|p2a: Exeggutor\n|-damage|p2a: Exeggutor|180/312\n|\n|-damage|p1a: Lanturn|301/367 tox|[from] psn\n|upkeep\n|turn|6\n|\n|t:|1781450122\n|move|p1a: Lanturn|Thunder Wave|p2a: Exeggutor\n|-status|p2a: Exeggutor|par\n|move|p2a: Exeggutor|Psychic Noise|p1a: Lanturn\n|-damage|p1a: Lanturn|183/367 tox\n|-start|p1a: Lanturn|move: Heal Block\n|\n|-damage|p1a: Lanturn|117/367 tox|[from] psn\n|upkeep\n|turn|7\n|\n|t:|1781450139\n|move|p1a: Lanturn|Volt Switch|p2a: Exeggutor\n|-resisted|p2a: Exeggutor\n|-crit|p2a: Exeggutor\n|-damage|p2a: Exeggutor|124/312 par\n|-enditem|p2a: Exeggutor|Sitrus Berry|[eat]\n|-heal|p2a: Exeggutor|202/312 par|[from] item: Sitrus Berry\n|\n|t:|1781450151\n|switch|p1a: Bellossom|Bellossom, L84, M|263/263|[from] Volt Switch\n|move|p2a: Exeggutor|Leech Seed|p1a: Bellossom\n|-immune|p1a: Bellossom\n|\n|-item|p2a: Exeggutor|Sitrus Berry|[from] ability: Harvest\n|upkeep\n|turn|8\n|\n|t:|1781450170\n|move|p1a: Bellossom|Quiver Dance|p1a: Bellossom\n|-boost|p1a: Bellossom|spa|1\n|-boost|p1a: Bellossom|spd|1\n|-boost|p1a: Bellossom|spe|1\n|move|p2a: Exeggutor|Psychic Noise|p1a: Bellossom\n|-damage|p1a: Bellossom|193/263\n|-start|p1a: Bellossom|move: Heal Block\n|\n|upkeep\n|turn|9\n|\n|t:|1781450181\n|move|p1a: Bellossom|Quiver Dance|p1a: Bellossom\n|-boost|p1a: Bellossom|spa|1\n|-boost|p1a: Bellossom|spd|1\n|-boost|p1a: Bellossom|spe|1\n|move|p2a: Exeggutor|Substitute|p2a: Exeggutor\n|-start|p2a: Exeggutor|Substitute\n|-damage|p2a: Exeggutor|124/312 par\n|-enditem|p2a: Exeggutor|Sitrus Berry|[eat]\n|-heal|p2a: Exeggutor|202/312 par|[from] item: Sitrus Berry\n|\n|-end|p1a: Bellossom|move: Heal Block\n|-item|p2a: Exeggutor|Sitrus Berry|[from] ability: Harvest\n|upkeep\n|turn|10\n|\n|t:|1781450194\n|move|p1a: Bellossom|Quiver Dance|p1a: Bellossom\n|-boost|p1a: Bellossom|spa|1\n|-boost|p1a: Bellossom|spd|1\n|-boost|p1a: Bellossom|spe|1\n|cant|p2a: Exeggutor|par\n|\n|-heal|p1a: Bellossom|209/263|[from] item: Leftovers\n|upkeep\n|turn|11\n|\n|t:|1781450205\n|move|p1a: Bellossom|Sludge Bomb|p2a: Exeggutor\n|-supereffective|p2a: Exeggutor\n|-end|p2a: Exeggutor|Substitute\n|move|p2a: Exeggutor|Psychic Noise|p1a: Bellossom\n|-damage|p1a: Bellossom|169/263\n|-start|p1a: Bellossom|move: Heal Block\n|\n|upkeep\n|turn|12\n|\n|t:|1781450217\n|-terastallize|p2a: Exeggutor|Steel\n|move|p1a: Bellossom|Sludge Bomb|p2a: Exeggutor\n|-immune|p2a: Exeggutor\n|cant|p2a: Exeggutor|par\n|\n|-end|p1a: Bellossom|move: Heal Block\n|upkeep\n|turn|13\n|\n|t:|1781450228\n|move|p1a: Bellossom|Giga Drain|p2a: Exeggutor\n|-resisted|p2a: Exeggutor\n|-damage|p2a: Exeggutor|107/312 par\n|-heal|p1a: Bellossom|217/263|[from] drain|[of] p2a: Exeggutor\n|-enditem|p2a: Exeggutor|Sitrus Berry|[eat]\n|-heal|p2a: Exeggutor|185/312 par|[from] item: Sitrus Berry\n|move|p2a: Exeggutor|Psychic Noise|p1a: Bellossom\n|-damage|p1a: Bellossom|177/263\n|-start|p1a: Bellossom|move: Heal Block\n|\n|upkeep\n|turn|14\n|\n|t:|1781450258\n|switch|p1a: Decidueye|Decidueye, L88, F|253/281\n|cant|p2a: Exeggutor|par\n|\n|-item|p2a: Exeggutor|Sitrus Berry|[from] ability: Harvest\n|upkeep\n|turn|15\n|\n|t:|1781450273\n|move|p1a: Decidueye|Swords Dance|p1a: Decidueye\n|-boost|p1a: Decidueye|atk|2\n|cant|p2a: Exeggutor|par\n|\n|upkeep\n|turn|16\n|\n|t:|1781450281\n|move|p1a: Decidueye|Poltergeist|p2a: Exeggutor\n|-activate|p2a: Exeggutor|move: Poltergeist|Sitrus Berry\n|-damage|p2a: Exeggutor|0 fnt\n|faint|p2a: Exeggutor\n|-damage|p1a: Decidueye|225/281|[from] item: Life Orb\n|\n|upkeep\n|\n|t:|1781450296\n|switch|p2a: Vespiquen|Vespiquen, L99, F|166/299\n|-ability|p2a: Vespiquen|Pressure\n|turn|17\n|\n|t:|1781450312\n|move|p1a: Decidueye|Poltergeist|p2a: Vespiquen\n|-activate|p2a: Vespiquen|move: Poltergeist|Heavy-Duty Boots\n|-damage|p2a: Vespiquen|0 fnt\n|faint|p2a: Vespiquen\n|-damage|p1a: Decidueye|197/281|[from] item: Life Orb\n|\n|upkeep\n|\n|t:|1781450325\n|switch|p2a: Mightyena|Mightyena, L96, F|290/290\n|-ability|p2a: Mightyena|Intimidate|boost\n|-unboost|p1a: Decidueye|atk|1\n|turn|18\n|\n|t:|1781450339\n|move|p2a: Mightyena|Crunch|p1a: Decidueye\n|-supereffective|p1a: Decidueye\n|-crit|p1a: Decidueye\n|-damage|p1a: Decidueye|0 fnt\n|faint|p1a: Decidueye\n|\n|upkeep\n|c|\u2606smolchezz|wow\n|c|\u2606smolchezz|crit\n|c|\u2606smolchezz|lucky\n|c|\u2606misfitqt|Even if It didn't\n|c|\u2606misfitqt|You were so dead\n|c|\u2606smolchezz|no\n|\n|t:|1781450373\n|switch|p1a: Lanturn|Lanturn, L89, F|117/367 tox\n|turn|19\n|\n|t:|1781450389\n|move|p2a: Mightyena|Crunch|p1a: Lanturn\n|-damage|p1a: Lanturn|0 fnt\n|faint|p1a: Lanturn\n|\n|upkeep\n|\n|t:|1781450397\n|switch|p1a: Bellossom|Bellossom, L84, M|177/263\n|turn|20\n|\n|t:|1781450419\n|move|p2a: Mightyena|Crunch|p1a: Bellossom\n|-damage|p1a: Bellossom|84/263\n|-unboost|p1a: Bellossom|def|1\n|move|p1a: Bellossom|Strength Sap|p2a: Mightyena\n|-unboost|p2a: Mightyena|atk|1\n|-heal|p1a: Bellossom|263/263\n|\n|upkeep\n|turn|21\n|\n|t:|1781450430\n|move|p2a: Mightyena|Super Fang|p1a: Bellossom\n|-damage|p1a: Bellossom|132/263\n|move|p1a: Bellossom|Quiver Dance|p1a: Bellossom\n|-boost|p1a: Bellossom|spa|1\n|-boost|p1a: Bellossom|spd|1\n|-boost|p1a: Bellossom|spe|1\n|\n|-heal|p1a: Bellossom|148/263|[from] item: Leftovers\n|upkeep\n|turn|22\n|\n|t:|1781450447\n|move|p1a: Bellossom|Strength Sap|p2a: Mightyena\n|-unboost|p2a: Mightyena|atk|1\n|-heal|p1a: Bellossom|263/263\n|move|p2a: Mightyena|Super Fang|p1a: Bellossom\n|-damage|p1a: Bellossom|132/263\n|\n|-heal|p1a: Bellossom|148/263|[from] item: Leftovers\n|upkeep\n|turn|23\n|\n|t:|1781450459\n|move|p1a: Bellossom|Giga Drain|p2a: Mightyena\n|-damage|p2a: Mightyena|205/290\n|-heal|p1a: Bellossom|191/263|[from] drain|[of] p2a: Mightyena\n|move|p2a: Mightyena|Super Fang|p1a: Bellossom\n|-damage|p1a: Bellossom|96/263\n|\n|-heal|p1a: Bellossom|112/263|[from] item: Leftovers\n|upkeep\n|turn|24\n|\n|t:|1781450469\n|move|p1a: Bellossom|Giga Drain|p2a: Mightyena\n|-crit|p2a: Mightyena\n|-damage|p2a: Mightyena|69/290\n|-heal|p1a: Bellossom|180/263|[from] drain|[of] p2a: Mightyena\n|move|p2a: Mightyena|Super Fang|p1a: Bellossom\n|-damage|p1a: Bellossom|90/263\n|\n|-heal|p1a: Bellossom|106/263|[from] item: Leftovers\n|upkeep\n|turn|25\n|\n|t:|1781450480\n|move|p2a: Mightyena|Sucker Punch|p1a: Bellossom\n|-damage|p1a: Bellossom|48/263\n|move|p1a: Bellossom|Giga Drain|p2a: Mightyena\n|-damage|p2a: Mightyena|0 fnt\n|-heal|p1a: Bellossom|83/263|[from] drain|[of] p2a: Mightyena\n|faint|p2a: Mightyena\n|\n|-heal|p1a: Bellossom|99/263|[from] item: Leftovers\n|upkeep\n|\n|t:|1781450507\n|switch|p2a: Copperajah|Copperajah, L86, F|349/349\n|turn|26\n|\n|t:|1781450515\n|move|p1a: Bellossom|Strength Sap|p2a: Copperajah\n|-unboost|p2a: Copperajah|atk|1\n|-heal|p1a: Bellossom|263/263\n|move|p2a: Copperajah|Heavy Slam|p1a: Bellossom\n|-damage|p1a: Bellossom|32/263\n|\n|-heal|p1a: Bellossom|48/263|[from] item: Leftovers\n|upkeep\n|turn|27\n|\n|t:|1781450532\n|switch|p1a: Arceus|Arceus-Ground, L70|284/284\n|switch|p2a: Ampharos|Ampharos, L88, F|302/302\n|\n|upkeep\n|turn|28\n|\n|t:|1781450545\n|move|p1a: Arceus|Calm Mind|p1a: Arceus\n|-boost|p1a: Arceus|spa|1\n|-boost|p1a: Arceus|spd|1\n|move|p2a: Ampharos|Focus Blast|p1a: Arceus\n|-damage|p1a: Arceus|175/284\n|\n|upkeep\n|turn|29\n|\n|t:|1781450556\n|move|p1a: Arceus|Judgment|p2a: Ampharos\n|-supereffective|p2a: Ampharos\n|-crit|p2a: Ampharos\n|-damage|p2a: Ampharos|0 fnt\n|faint|p2a: Ampharos\n|\n|upkeep\n|\n|t:|1781450569\n|switch|p2a: Rhyperior|Rhyperior, L82, M|323/323\n|turn|30\n|\n|t:|1781450585\n|move|p1a: Arceus|Judgment|p2a: Rhyperior\n|-supereffective|p2a: Rhyperior\n|-damage|p2a: Rhyperior|83/323\n|move|p2a: Rhyperior|Ice Punch|p1a: Arceus\n|-supereffective|p1a: Arceus\n|-damage|p1a: Arceus|57/284\n|-status|p1a: Arceus|frz\n|\n|upkeep\n|turn|31\n|c|\u2606smolchezz|wow\n|\n|t:|1781450596\n|cant|p1a: Arceus|frz\n|move|p2a: Rhyperior|Ice Punch|p1a: Arceus\n|-supereffective|p1a: Arceus\n|-damage|p1a: Arceus|0 fnt\n|faint|p1a: Arceus\n|\n|upkeep\n|\n|t:|1781450605\n|switch|p1a: Bellossom|Bellossom, L84, M|48/263\n|turn|32\n|\n|t:|1781450616\n|move|p1a: Bellossom|Strength Sap|p2a: Rhyperior\n|-unboost|p2a: Rhyperior|atk|1\n|-heal|p1a: Bellossom|263/263\n|move|p2a: Rhyperior|Ice Punch|p1a: Bellossom\n|-supereffective|p1a: Bellossom\n|-damage|p1a: Bellossom|185/263\n|-status|p1a: Bellossom|frz\n|\n|-heal|p1a: Bellossom|201/263 frz|[from] item: Leftovers\n|upkeep\n|turn|33\n|c|\u2606smolchezz|TF\n|\n|t:|1781450631\n|switch|p2a: Copperajah|Copperajah, L86, F|349/349\n|cant|p1a: Bellossom|frz\n|\n|-heal|p1a: Bellossom|217/263 frz|[from] item: Leftovers\n|upkeep\n|turn|34\n|\n|t:|1781450640\n|-curestatus|p1a: Bellossom|frz|[msg]\n|move|p1a: Bellossom|Strength Sap|p2a: Copperajah\n|-unboost|p2a: Copperajah|atk|1\n|-heal|p1a: Bellossom|263/263\n|move|p2a: Copperajah|Heat Crash|p1a: Bellossom\n|-supereffective|p1a: Bellossom\n|-damage|p1a: Bellossom|33/263\n|\n|-heal|p1a: Bellossom|49/263|[from] item: Leftovers\n|upkeep\n|turn|35\n|c|\u2606misfitqt|Your so lucky\n|\n|t:|1781450659\n|move|p1a: Bellossom|Strength Sap|p2a: Copperajah\n|-unboost|p2a: Copperajah|atk|1\n|-heal|p1a: Bellossom|231/263\n|move|p2a: Copperajah|Heat Crash|p1a: Bellossom\n|-supereffective|p1a: Bellossom\n|-damage|p1a: Bellossom|65/263\n|\n|-heal|p1a: Bellossom|81/263|[from] item: Leftovers\n|upkeep\n|turn|36\n|c|\u2606smolchezz|YOU ARE LUCKY\n|\n|t:|1781450669\n|move|p1a: Bellossom|Strength Sap|p2a: Copperajah\n|-unboost|p2a: Copperajah|atk|1\n|-heal|p1a: Bellossom|217/263\n|move|p2a: Copperajah|Heat Crash|p1a: Bellossom\n|-supereffective|p1a: Bellossom\n|-damage|p1a: Bellossom|87/263\n|\n|-heal|p1a: Bellossom|103/263|[from] item: Leftovers\n|upkeep\n|turn|37\n|\n|t:|1781450685\n|move|p1a: Bellossom|Giga Drain|p2a: Copperajah\n|-resisted|p2a: Copperajah\n|-damage|p2a: Copperajah|304/349\n|-heal|p1a: Bellossom|126/263|[from] drain|[of] p2a: Copperajah\n|move|p2a: Copperajah|Heat Crash|p1a: Bellossom\n|-supereffective|p1a: Bellossom\n|-damage|p1a: Bellossom|0 fnt\n|faint|p1a: Bellossom\n|\n|upkeep\n|\n|t:|1781450699\n|switch|p1a: Iron Boulder|Iron Boulder, L77|265/265\n|-enditem|p1a: Iron Boulder|Booster Energy\n|-activate|p1a: Iron Boulder|ability: Quark Drive|[fromitem]\n|-start|p1a: Iron Boulder|quarkdrivespe\n|turn|38\n|\n|t:|1781450716\n|switch|p2a: Rhyperior|Rhyperior, L82, M|83/323\n|-terastallize|p1a: Iron Boulder|Fighting\n|move|p1a: Iron Boulder|Swords Dance|p1a: Iron Boulder\n|-boost|p1a: Iron Boulder|atk|2\n|\n|upkeep\n|turn|39\n|\n|t:|1781450729\n|move|p1a: Iron Boulder|Close Combat|p2a: Rhyperior\n|-supereffective|p2a: Rhyperior\n|-damage|p2a: Rhyperior|0 fnt\n|-unboost|p1a: Iron Boulder|def|1\n|-unboost|p1a: Iron Boulder|spd|1\n|faint|p2a: Rhyperior\n|\n|upkeep\n|\n|t:|1781450736\n|switch|p2a: Copperajah|Copperajah, L86, F|304/349\n|turn|40\n|\n|t:|1781450744\n|move|p1a: Iron Boulder|Close Combat|p2a: Copperajah\n|-supereffective|p2a: Copperajah\n|-damage|p2a: Copperajah|0 fnt\n|-unboost|p1a: Iron Boulder|def|1\n|-unboost|p1a: Iron Boulder|spd|1\n|faint|p2a: Copperajah\n|\n|win|smolchezz\n|c|\u2606smolchezz|ez\n|c|\u2606smolchezz|L\n|c|\u2606misfitqt|Lucky\n", "uploadtime": 1781450756, "views": 3, "formatid": "gen9randombattle", "rating": null, "private": 0, "password": null}