{"id": "gen9randombattle-2631762490", "format": "[Gen 9] Random Battle", "players": ["Rheny", "tttttttttyyygggg"], "log": "|j|\u2606Rheny\n|j|\u2606tttttttttyyygggg\n|t:|1781435667\n|gametype|singles\n|player|p1|Rheny|miku-ghost|1950\n|player|p2|tttttttttyyygggg|101|1896\n|gen|9\n|tier|[Gen 9] Random Battle\n|rated|\n|rule|Species Clause: Limit one of each Pok\u00e9mon\n|rule|HP Percentage Mod: HP is shown in percentages\n|rule|Sleep Clause Mod: Limit one foe put to sleep\n|rule|Illusion Level Mod: Illusion disguises the Pok\u00e9mon's true level\n|\n|t:|1781435667\n|teamsize|p1|6\n|teamsize|p2|6\n|start\n|switch|p1a: Skuntank|Skuntank, L84, F|310/310\n|switch|p2a: Hatterene|Hatterene, L85, F|236/236\n|turn|1\n|inactive|Battle timer is ON: inactive players will automatically lose when time's up. (requested by tttttttttyyygggg)\n|\n|t:|1781435677\n|switch|p2a: Klawf|Klawf, L90, M|272/272\n|move|p1a: Skuntank|Toxic Spikes|p2a: Klawf\n|-sidestart|p2: tttttttttyyygggg|move: Toxic Spikes\n|\n|upkeep\n|turn|2\n|\n|t:|1781435693\n|move|p1a: Skuntank|Knock Off|p2a: Klawf\n|-damage|p2a: Klawf|197/272\n|-enditem|p2a: Klawf|Life Orb|[from] move: Knock Off|[of] p1a: Skuntank\n|move|p2a: Klawf|High Horsepower|p1a: Skuntank\n|-supereffective|p1a: Skuntank\n|-damage|p1a: Skuntank|114/310\n|\n|upkeep\n|turn|3\n|\n|t:|1781435705\n|switch|p1a: Scyther|Scyther, L82, F|249/249\n|move|p2a: Klawf|Stone Edge|p1a: Scyther|[miss]\n|-miss|p2a: Klawf|p1a: Scyther\n|\n|upkeep\n|turn|4\n|\n|t:|1781435716\n|move|p1a: Scyther|U-turn|p2a: Klawf\n|-damage|p2a: Klawf|136/272\n|\n|t:|1781435726\n|switch|p1a: Skuntank|Skuntank, L84, F|114/310|[from] U-turn\n|move|p2a: Klawf|Stone Edge|p1a: Skuntank\n|-damage|p1a: Skuntank|0 fnt\n|faint|p1a: Skuntank\n|\n|upkeep\n|\n|t:|1781435729\n|switch|p1a: Scyther|Scyther, L82, F|249/249\n|turn|5\n|\n|t:|1781435744\n|move|p1a: Scyther|Close Combat|p2a: Klawf\n|-supereffective|p2a: Klawf\n|-damage|p2a: Klawf|0 fnt\n|-unboost|p1a: Scyther|def|1\n|-unboost|p1a: Scyther|spd|1\n|faint|p2a: Klawf\n|\n|upkeep\n|\n|t:|1781435749\n|switch|p2a: Moltres|Moltres-Galar, L79|271/271\n|turn|6\n|\n|t:|1781435765\n|move|p1a: Scyther|Dual Wingbeat|p2a: Moltres\n|-damage|p2a: Moltres|204/271\n|-damage|p2a: Moltres|134/271\n|-hitcount|p2a: Moltres|2\n|-ability|p2a: Moltres|Berserk|boost\n|-boost|p2a: Moltres|spa|1\n|move|p2a: Moltres|Nasty Plot|p2a: Moltres\n|-boost|p2a: Moltres|spa|2\n|\n|upkeep\n|turn|7\n|\n|t:|1781435775\n|-terastallize|p2a: Moltres|Steel\n|move|p1a: Scyther|Dual Wingbeat|p2a: Moltres\n|-resisted|p2a: Moltres\n|-damage|p2a: Moltres|100/271\n|-resisted|p2a: Moltres\n|-damage|p2a: Moltres|65/271\n|-hitcount|p2a: Moltres|2\n|move|p2a: Moltres|Agility|p2a: Moltres\n|-boost|p2a: Moltres|spe|2\n|\n|upkeep\n|turn|8\n|\n|t:|1781435785\n|move|p2a: Moltres|Fiery Wrath|p1a: Scyther\n|-damage|p1a: Scyther|0 fnt\n|faint|p1a: Scyther\n|\n|upkeep\n|\n|t:|1781435790\n|switch|p1a: Slither Wing|Slither Wing, L81|270/270\n|turn|9\n|\n|t:|1781435795\n|move|p2a: Moltres|Hurricane|p1a: Slither Wing|[miss]\n|-miss|p2a: Moltres|p1a: Slither Wing\n|move|p1a: Slither Wing|Close Combat|p2a: Moltres\n|-supereffective|p2a: Moltres\n|-damage|p2a: Moltres|0 fnt\n|-unboost|p1a: Slither Wing|def|1\n|-unboost|p1a: Slither Wing|spd|1\n|faint|p2a: Moltres\n|\n|upkeep\n|\n|t:|1781435802\n|switch|p2a: Hatterene|Hatterene, L85, F|236/236\n|-status|p2a: Hatterene|psn\n|turn|10\n|\n|t:|1781435813\n|move|p1a: Slither Wing|U-turn|p2a: Hatterene\n|-damage|p2a: Hatterene|149/236 psn\n|\n|t:|1781435816\n|-end|p1a: Slither Wing|Protosynthesis|[silent]\n|switch|p1a: Zebstrika|Zebstrika, L87, M|272/272|[from] U-turn\n|move|p2a: Hatterene|Nuzzle|p1a: Zebstrika\n|-resisted|p1a: Zebstrika\n|-damage|p1a: Zebstrika|263/272\n|\n|-damage|p2a: Hatterene|120/236 psn|[from] psn\n|upkeep\n|turn|11\n|\n|t:|1781435826\n|move|p1a: Zebstrika|Supercell Slam|p2a: Hatterene\n|-crit|p2a: Hatterene\n|-damage|p2a: Hatterene|0 fnt\n|faint|p2a: Hatterene\n|-damage|p1a: Zebstrika|236/272|[from] item: Life Orb\n|\n|upkeep\n|\n|t:|1781435831\n|switch|p2a: Medicham|Medicham, L86, F|243/243\n|-status|p2a: Medicham|psn\n|turn|12\n|\n|t:|1781435845\n|switch|p1a: Alomomola|Alomomola, L87, F|429/429\n|move|p2a: Medicham|Zen Headbutt|p1a: Alomomola\n|-damage|p1a: Alomomola|249/429\n|\n|-damage|p2a: Medicham|213/243 psn|[from] psn\n|upkeep\n|turn|13\n|\n|t:|1781435853\n|switch|p2a: Lapras|Lapras, L87, F|367/367\n|-status|p2a: Lapras|psn\n|move|p1a: Alomomola|Flip Turn|p2a: Lapras\n|-immune|p2a: Lapras|[from] ability: Water Absorb\n|\n|-damage|p2a: Lapras|322/367 psn|[from] psn\n|upkeep\n|turn|14\n|\n|t:|1781435868\n|switch|p1a: Zebstrika|Zebstrika, L87, M|236/272\n|move|p2a: Lapras|Freeze-Dry|p1a: Zebstrika\n|-damage|p1a: Zebstrika|115/272\n|\n|-damage|p2a: Lapras|277/367 psn|[from] psn\n|upkeep\n|turn|15\n|\n|t:|1781435875\n|move|p1a: Zebstrika|Supercell Slam|p2a: Lapras\n|-supereffective|p2a: Lapras\n|-damage|p2a: Lapras|0 fnt\n|faint|p2a: Lapras\n|-damage|p1a: Zebstrika|88/272|[from] item: Life Orb\n|\n|upkeep\n|\n|t:|1781435879\n|switch|p2a: Medicham|Medicham, L86, F|213/243 psn\n|turn|16\n|\n|t:|1781435888\n|switch|p1a: Alomomola|Alomomola, L87, F|392/429\n|move|p2a: Medicham|Zen Headbutt|p1a: Alomomola\n|-damage|p1a: Alomomola|200/429\n|\n|-damage|p2a: Medicham|183/243 psn|[from] psn\n|upkeep\n|turn|17\n|\n|t:|1781435897\n|move|p2a: Medicham|Zen Headbutt|p1a: Alomomola\n|-damage|p1a: Alomomola|8/429\n|move|p1a: Alomomola|Wish|p1a: Alomomola\n|\n|-damage|p2a: Medicham|153/243 psn|[from] psn\n|upkeep\n|turn|18\n|\n|t:|1781435901\n|move|p1a: Alomomola|Protect|p1a: Alomomola\n|-singleturn|p1a: Alomomola|Protect\n|move|p2a: Medicham|Zen Headbutt|p1a: Alomomola\n|-activate|p1a: Alomomola|move: Protect\n|\n|-heal|p1a: Alomomola|222/429|[from] move: Wish|[wisher] Alomomola\n|-damage|p2a: Medicham|123/243 psn|[from] psn\n|upkeep\n|turn|19\n|\n|t:|1781435915\n|move|p2a: Medicham|Zen Headbutt|p1a: Alomomola\n|-damage|p1a: Alomomola|41/429\n|cant|p1a: Alomomola|flinch\n|\n|-damage|p2a: Medicham|93/243 psn|[from] psn\n|upkeep\n|turn|20\n|\n|t:|1781435920\n|move|p1a: Alomomola|Protect|p1a: Alomomola\n|-singleturn|p1a: Alomomola|Protect\n|move|p2a: Medicham|Zen Headbutt|p1a: Alomomola\n|-activate|p1a: Alomomola|move: Protect\n|\n|-damage|p2a: Medicham|63/243 psn|[from] psn\n|upkeep\n|turn|21\n|\n|t:|1781435925\n|switch|p1a: Slither Wing|Slither Wing, L81|270/270\n|move|p2a: Medicham|Zen Headbutt|p1a: Slither Wing\n|-supereffective|p1a: Slither Wing\n|-damage|p1a: Slither Wing|0 fnt\n|faint|p1a: Slither Wing\n|-end|p1a: Slither Wing|Protosynthesis|[silent]\n|\n|-damage|p2a: Medicham|33/243 psn|[from] psn\n|upkeep\n|\n|t:|1781435931\n|switch|p1a: Alomomola|Alomomola, L87, F|184/429\n|turn|22\n|\n|t:|1781435936\n|switch|p2a: Weavile|Weavile, L79, F|240/240\n|move|p1a: Alomomola|Protect||[still]\n|-fail|p1a: Alomomola\n|\n|upkeep\n|turn|23\n|\n|t:|1781435952\n|switch|p1a: Lumineon|Lumineon, L93, M|279/279\n|move|p2a: Weavile|Swords Dance|p2a: Weavile\n|-boost|p2a: Weavile|atk|2\n|\n|upkeep\n|turn|24\n|\n|t:|1781435965\n|move|p2a: Weavile|Knock Off|p1a: Lumineon\n|-damage|p1a: Lumineon|71/279\n|-enditem|p1a: Lumineon|Life Orb|[from] move: Knock Off|[of] p2a: Weavile\n|move|p1a: Lumineon|Alluring Voice|p2a: Weavile\n|-supereffective|p2a: Weavile\n|-damage|p2a: Weavile|130/240\n|\n|upkeep\n|turn|25\n|\n|t:|1781435975\n|move|p2a: Weavile|Knock Off|p1a: Lumineon\n|-damage|p1a: Lumineon|0 fnt\n|faint|p1a: Lumineon\n|\n|upkeep\n|\n|t:|1781435981\n|switch|p1a: Zebstrika|Zebstrika, L87, M|88/272\n|turn|26\n|\n|t:|1781435991\n|move|p1a: Zebstrika|Supercell Slam|p2a: Weavile\n|-damage|p2a: Weavile|0 fnt\n|faint|p2a: Weavile\n|-damage|p1a: Zebstrika|61/272|[from] item: Life Orb\n|\n|upkeep\n|\n|t:|1781435996\n|switch|p2a: Medicham|Medicham, L86, F|33/243 psn\n|turn|27\n|\n|t:|1781435999\n|move|p1a: Zebstrika|Supercell Slam|p2a: Medicham\n|-damage|p2a: Medicham|0 fnt\n|faint|p2a: Medicham\n|-damage|p1a: Zebstrika|34/272|[from] item: Life Orb\n|\n|win|Rheny\n|raw|Rheny's rating: 1950 &rarr; <strong>1967</strong><br />(+17 for winning)\n|raw|tttttttttyyygggg's rating: 1896 &rarr; <strong>1879</strong><br />(-17 for losing)\n", "uploadtime": 1781435999, "views": 2, "formatid": "gen9randombattle", "rating": 1879, "private": 0, "password": null}