{"id": "gen9randombattle-2631666879", "format": "[Gen 9] Random Battle", "players": ["UTJUTJ", "Padelle"], "log": "|j|\u2606UTJUTJ\n|j|\u2606Padelle\n|t:|1781417938\n|gametype|singles\n|player|p1|UTJUTJ|101|1822\n|player|p2|Padelle|1|1785\n|gen|9\n|tier|[Gen 9] Random Battle\n|rated|\n|rule|Species Clause: Limit one of each Pok\u00e9mon\n|rule|HP Percentage Mod: HP is shown in percentages\n|rule|Sleep Clause Mod: Limit one foe put to sleep\n|rule|Illusion Level Mod: Illusion disguises the Pok\u00e9mon's true level\n|\n|t:|1781417938\n|teamsize|p1|6\n|teamsize|p2|6\n|start\n|switch|p1a: Feraligatr|Feraligatr, L79, F|264/264\n|switch|p2a: Cinderace|Cinderace, L77, M|249/249\n|turn|1\n|inactive|Battle timer is ON: inactive players will automatically lose when time's up. (requested by Padelle)\n|\n|t:|1781417945\n|move|p2a: Cinderace|U-turn|p1a: Feraligatr\n|-start|p2a: Cinderace|typechange|Bug|[from] ability: Libero\n|-damage|p1a: Feraligatr|168/264\n|\n|t:|1781417948\n|switch|p2a: Sinistcha|Sinistcha-Masterpiece, L83|254/254|[from] U-turn\n|move|p1a: Feraligatr|Dragon Dance|p1a: Feraligatr\n|-boost|p1a: Feraligatr|atk|1\n|-boost|p1a: Feraligatr|spe|1\n|\n|upkeep\n|turn|2\n|\n|t:|1781417951\n|move|p1a: Feraligatr|Crunch|p2a: Sinistcha\n|-supereffective|p2a: Sinistcha\n|-damage|p2a: Sinistcha|10/254\n|move|p2a: Sinistcha|Matcha Gotcha|p1a: Feraligatr\n|-supereffective|p1a: Feraligatr\n|-damage|p1a: Feraligatr|0 fnt\n|-heal|p2a: Sinistcha|94/254|[from] drain|[of] p1a: Feraligatr\n|faint|p1a: Feraligatr\n|\n|-heal|p2a: Sinistcha|109/254|[from] item: Leftovers\n|upkeep\n|\n|t:|1781417962\n|switch|p1a: Iron Jugulis|Iron Jugulis, L77|271/271\n|turn|3\n|\n|t:|1781417967\n|switch|p2a: Alcremie|Alcremie-Lemon-Cream, L90, F|263/263\n|move|p1a: Iron Jugulis|Meteor Beam||[still]\n|-prepare|p1a: Iron Jugulis|Meteor Beam\n|-boost|p1a: Iron Jugulis|spa|1\n|-enditem|p1a: Iron Jugulis|Power Herb\n|-anim|p1a: Iron Jugulis|Meteor Beam|p2a: Alcremie\n|-damage|p2a: Alcremie|164/263\n|\n|-heal|p2a: Alcremie|180/263|[from] item: Leftovers\n|upkeep\n|turn|4\n|\n|t:|1781417981\n|-terastallize|p1a: Iron Jugulis|Ground\n|move|p1a: Iron Jugulis|Earth Power|p2a: Alcremie\n|-damage|p2a: Alcremie|80/263\n|-unboost|p2a: Alcremie|spd|1\n|move|p2a: Alcremie|Recover|p2a: Alcremie\n|-heal|p2a: Alcremie|212/263\n|\n|-heal|p2a: Alcremie|228/263|[from] item: Leftovers\n|upkeep\n|turn|5\n|\n|t:|1781417997\n|switch|p2a: Sinistcha|Sinistcha-Masterpiece, L83|109/254\n|move|p1a: Iron Jugulis|Hurricane|p2a: Sinistcha\n|-supereffective|p2a: Sinistcha\n|-damage|p2a: Sinistcha|0 fnt\n|faint|p2a: Sinistcha\n|\n|upkeep\n|\n|t:|1781418006\n|switch|p2a: Alcremie|Alcremie-Lemon-Cream, L90, F|228/263\n|turn|6\n|\n|t:|1781418011\n|move|p1a: Iron Jugulis|Hurricane|p2a: Alcremie\n|-damage|p2a: Alcremie|110/263\n|-start|p2a: Alcremie|confusion\n|-activate|p2a: Alcremie|confusion\n|move|p2a: Alcremie|Calm Mind|p2a: Alcremie\n|-boost|p2a: Alcremie|spa|1\n|-boost|p2a: Alcremie|spd|1\n|\n|-heal|p2a: Alcremie|126/263|[from] item: Leftovers\n|upkeep\n|turn|7\n|\n|t:|1781418021\n|move|p1a: Iron Jugulis|Earth Power|p2a: Alcremie\n|-damage|p2a: Alcremie|50/263\n|-activate|p2a: Alcremie|confusion\n|move|p2a: Alcremie|Recover|p2a: Alcremie\n|-heal|p2a: Alcremie|182/263\n|\n|-heal|p2a: Alcremie|198/263|[from] item: Leftovers\n|upkeep\n|turn|8\n|\n|t:|1781418027\n|move|p1a: Iron Jugulis|Hurricane|p2a: Alcremie\n|-damage|p2a: Alcremie|113/263\n|-activate|p2a: Alcremie|confusion\n|move|p2a: Alcremie|Recover|p2a: Alcremie\n|-heal|p2a: Alcremie|245/263\n|\n|-heal|p2a: Alcremie|261/263|[from] item: Leftovers\n|upkeep\n|turn|9\n|\n|t:|1781418034\n|move|p1a: Iron Jugulis|Earth Power|p2a: Alcremie\n|-damage|p2a: Alcremie|192/263\n|-end|p2a: Alcremie|confusion\n|move|p2a: Alcremie|Calm Mind|p2a: Alcremie\n|-boost|p2a: Alcremie|spa|1\n|-boost|p2a: Alcremie|spd|1\n|\n|-heal|p2a: Alcremie|208/263|[from] item: Leftovers\n|upkeep\n|turn|10\n|\n|t:|1781418040\n|move|p1a: Iron Jugulis|Hurricane|p2a: Alcremie\n|-damage|p2a: Alcremie|139/263\n|-start|p2a: Alcremie|confusion\n|-activate|p2a: Alcremie|confusion\n|move|p2a: Alcremie|Recover|p2a: Alcremie\n|-heal|p2a: Alcremie|263/263\n|\n|upkeep\n|turn|11\n|\n|t:|1781418047\n|move|p1a: Iron Jugulis|Meteor Beam||[still]\n|-prepare|p1a: Iron Jugulis|Meteor Beam\n|-boost|p1a: Iron Jugulis|spa|1\n|-activate|p2a: Alcremie|confusion\n|move|p2a: Alcremie|Alluring Voice|p1a: Iron Jugulis\n|-damage|p1a: Iron Jugulis|40/271\n|-start|p1a: Iron Jugulis|confusion\n|\n|upkeep\n|turn|12\n|\n|t:|1781418056\n|-activate|p1a: Iron Jugulis|confusion\n|-damage|p1a: Iron Jugulis|23/271|[from] confusion\n|-activate|p2a: Alcremie|confusion\n|move|p2a: Alcremie|Alluring Voice|p1a: Iron Jugulis\n|-damage|p1a: Iron Jugulis|0 fnt\n|faint|p1a: Iron Jugulis\n|-end|p1a: Iron Jugulis|Quark Drive|[silent]\n|\n|upkeep\n|\n|t:|1781418066\n|switch|p1a: Blaziken|Blaziken, L76, F|247/247\n|turn|13\n|\n|t:|1781418073\n|-activate|p2a: Alcremie|confusion\n|move|p2a: Alcremie|Alluring Voice|p1a: Blaziken\n|-damage|p1a: Blaziken|0 fnt\n|faint|p1a: Blaziken\n|\n|upkeep\n|\n|t:|1781418076\n|switch|p1a: Cinderace|Cinderace, L77, M|250/250\n|turn|14\n|\n|t:|1781418088\n|-terastallize|p2a: Alcremie|Ground\n|move|p1a: Cinderace|Pyro Ball|p2a: Alcremie\n|-damage|p2a: Alcremie|127/263\n|-end|p2a: Alcremie|confusion\n|move|p2a: Alcremie|Tera Blast|p1a: Cinderace|[anim] Tera Blast Ground\n|-supereffective|p1a: Cinderace\n|-damage|p1a: Cinderace|0 fnt\n|faint|p1a: Cinderace\n|\n|-heal|p2a: Alcremie|143/263|[from] item: Leftovers\n|upkeep\n|\n|t:|1781418099\n|switch|p1a: Cramorant|Cramorant, L86, F|261/261\n|turn|15\n|\n|t:|1781418117\n|move|p1a: Cramorant|Surf|p2a: Alcremie\n|-formechange|p1a: Cramorant|Cramorant-Gulping|\n|-supereffective|p2a: Alcremie\n|-damage|p2a: Alcremie|71/263\n|move|p2a: Alcremie|Recover|p2a: Alcremie\n|-heal|p2a: Alcremie|203/263\n|\n|-heal|p2a: Alcremie|219/263|[from] item: Leftovers\n|upkeep\n|turn|16\n|\n|t:|1781418124\n|move|p1a: Cramorant|Brave Bird|p2a: Alcremie\n|-damage|p2a: Alcremie|101/263\n|-damage|p1a: Cramorant|222/261|[from] Recoil\n|move|p2a: Alcremie|Calm Mind|p2a: Alcremie\n|-boost|p2a: Alcremie|spa|1\n|-boost|p2a: Alcremie|spd|1\n|\n|-heal|p2a: Alcremie|117/263|[from] item: Leftovers\n|upkeep\n|turn|17\n|\n|t:|1781418131\n|move|p1a: Cramorant|Brave Bird|p2a: Alcremie\n|-damage|p2a: Alcremie|0 fnt\n|faint|p2a: Alcremie\n|-damage|p1a: Cramorant|183/261|[from] Recoil\n|\n|upkeep\n|\n|t:|1781418135\n|switch|p2a: Morpeko|Morpeko, L88, M|245/245\n|turn|18\n|\n|t:|1781418143\n|switch|p1a: Hippowdon|Hippowdon, L82, M|311/311\n|-weather|Sandstorm|[from] ability: Sand Stream|[of] p1a: Hippowdon\n|move|p2a: Morpeko|Protect||[still]\n|-fail|p2a: Morpeko\n|\n|-weather|Sandstorm|[upkeep]\n|-damage|p2a: Morpeko|230/245|[from] Sandstorm\n|-formechange|p2a: Morpeko|Morpeko-Hangry||[from] ability: Hunger Switch\n|upkeep\n|turn|19\n|\n|t:|1781418158\n|move|p2a: Morpeko|Parting Shot|p1a: Hippowdon\n|-unboost|p1a: Hippowdon|atk|1\n|-unboost|p1a: Hippowdon|spa|1\n|\n|t:|1781418160\n|switch|p2a: Donphan|Donphan, L84, M|288/288|[from] Parting Shot\n|move|p1a: Hippowdon|Earthquake|p2a: Donphan\n|-damage|p2a: Donphan|225/288\n|\n|-weather|Sandstorm|[upkeep]\n|-heal|p2a: Donphan|243/288|[from] item: Leftovers\n|upkeep\n|turn|20\n|\n|t:|1781418167\n|switch|p1a: Cramorant|Cramorant, L86, F|183/261\n|move|p2a: Donphan|Earthquake|p1a: Cramorant\n|-immune|p1a: Cramorant\n|\n|-weather|Sandstorm|[upkeep]\n|-damage|p1a: Cramorant|167/261|[from] Sandstorm\n|-heal|p2a: Donphan|261/288|[from] item: Leftovers\n|upkeep\n|turn|21\n|\n|t:|1781418178\n|move|p1a: Cramorant|Surf|p2a: Donphan\n|-formechange|p1a: Cramorant|Cramorant-Gulping|\n|-supereffective|p2a: Donphan\n|-damage|p2a: Donphan|27/288\n|move|p2a: Donphan|Rapid Spin|p1a: Cramorant\n|-damage|p1a: Cramorant|112/261\n|-boost|p2a: Donphan|spe|1\n|-damage|p2a: Donphan|0 fnt|[from] ability: Gulp Missile|[of] p1a: Cramorant\n|-formechange|p1a: Cramorant|Cramorant|\n|faint|p2a: Donphan\n|\n|-weather|Sandstorm|[upkeep]\n|-damage|p1a: Cramorant|96/261|[from] Sandstorm\n|upkeep\n|\n|t:|1781418192\n|switch|p2a: Morpeko|Morpeko, L88, M|230/245\n|turn|22\n|\n|t:|1781418201\n|move|p2a: Morpeko|Aura Wheel|p1a: Cramorant\n|-supereffective|p1a: Cramorant\n|-damage|p1a: Cramorant|0 fnt\n|-boost|p2a: Morpeko|spe|1\n|faint|p1a: Cramorant\n|\n|-weather|none\n|-formechange|p2a: Morpeko|Morpeko-Hangry||[from] ability: Hunger Switch\n|upkeep\n|\n|t:|1781418204\n|switch|p1a: Hippowdon|Hippowdon, L82, M|311/311\n|-weather|Sandstorm|[from] ability: Sand Stream|[of] p1a: Hippowdon\n|turn|23\n|\n|t:|1781418216\n|move|p2a: Morpeko|Aura Wheel|p1a: Hippowdon\n|-damage|p1a: Hippowdon|203/311\n|-boost|p2a: Morpeko|spe|1\n|move|p1a: Hippowdon|Earthquake|p2a: Morpeko\n|-supereffective|p2a: Morpeko\n|-damage|p2a: Morpeko|0 fnt\n|faint|p2a: Morpeko\n|\n|-weather|Sandstorm|[upkeep]\n|-heal|p1a: Hippowdon|222/311|[from] item: Leftovers\n|upkeep\n|\n|t:|1781418222\n|switch|p2a: Perrserker|Perrserker, L89, F|269/269\n|turn|24\n|\n|t:|1781418229\n|move|p2a: Perrserker|Iron Head|p1a: Hippowdon\n|-damage|p1a: Hippowdon|60/311\n|move|p1a: Hippowdon|Slack Off|p1a: Hippowdon\n|-heal|p1a: Hippowdon|216/311\n|\n|-weather|Sandstorm|[upkeep]\n|-heal|p1a: Hippowdon|235/311|[from] item: Leftovers\n|upkeep\n|turn|25\n|\n|t:|1781418237\n|move|p2a: Perrserker|Iron Head|p1a: Hippowdon\n|-damage|p1a: Hippowdon|70/311\n|move|p1a: Hippowdon|Earthquake|p2a: Perrserker\n|-supereffective|p2a: Perrserker\n|-damage|p2a: Perrserker|75/269\n|\n|-weather|Sandstorm|[upkeep]\n|-heal|p1a: Hippowdon|89/311|[from] item: Leftovers\n|upkeep\n|turn|26\n|\n|t:|1781418241\n|move|p2a: Perrserker|Iron Head|p1a: Hippowdon\n|-damage|p1a: Hippowdon|0 fnt\n|faint|p1a: Hippowdon\n|\n|win|Padelle\n|raw|UTJUTJ's rating: 1822 &rarr; <strong>1800</strong><br />(-22 for losing)\n|raw|Padelle's rating: 1785 &rarr; <strong>1807</strong><br />(+22 for winning)\n", "uploadtime": 1781418243, "views": 6, "formatid": "gen9randombattle", "rating": 1800, "private": 0, "password": null}