{"id": "gen9randombattle-2631838554", "format": "[Gen 9] Random Battle", "players": ["DiamondDog_DelTa", "Momo2401"], "log": "|j|\u2606DiamondDog_DelTa\n|j|\u2606Momo2401\n|t:|1781446576\n|gametype|singles\n|player|p1|DiamondDog_DelTa|red-gen7|2002\n|player|p2|Momo2401|janitor|2058\n|gen|9\n|tier|[Gen 9] Random Battle\n|rated|\n|rule|Species Clause: Limit one of each Pok\u00e9mon\n|rule|HP Percentage Mod: HP is shown in percentages\n|rule|Sleep Clause Mod: Limit one foe put to sleep\n|rule|Illusion Level Mod: Illusion disguises the Pok\u00e9mon's true level\n|\n|t:|1781446576\n|teamsize|p1|6\n|teamsize|p2|6\n|start\n|switch|p1a: Ditto|Ditto, L87|225/225\n|switch|p2a: Avalugg|Avalugg, L88, F|310/310\n|-transform|p1a: Ditto|p2a: Avalugg|[from] ability: Imposter\n|turn|1\n|inactive|Battle timer is ON: inactive players will automatically lose when time's up. (requested by Momo2401)\n|\n|t:|1781446594\n|switch|p1a: Clawitzer|Clawitzer, L87, F|265/265\n|move|p2a: Avalugg|Body Press|p1a: Clawitzer\n|-damage|p1a: Clawitzer|159/265\n|\n|upkeep\n|turn|2\n|\n|t:|1781446600\n|switch|p2a: Toedscruel|Toedscruel, L87, F|281/281\n|move|p1a: Clawitzer|U-turn|p2a: Toedscruel\n|-supereffective|p2a: Toedscruel\n|-damage|p2a: Toedscruel|175/281\n|\n|t:|1781446612\n|switch|p1a: Kilowattrel|Kilowattrel, L83, M|252/252|[from] U-turn\n|\n|-heal|p2a: Toedscruel|192/281|[from] item: Leftovers\n|upkeep\n|turn|3\n|\n|t:|1781446628\n|switch|p2a: Carbink|Carbink, L90|236/236\n|move|p1a: Kilowattrel|Hurricane|p2a: Carbink\n|-resisted|p2a: Carbink\n|-damage|p2a: Carbink|201/236\n|\n|upkeep\n|turn|4\n|\n|t:|1781446633\n|move|p1a: Kilowattrel|Discharge|p2a: Carbink\n|-damage|p2a: Carbink|144/236\n|-status|p2a: Carbink|par\n|cant|p2a: Carbink|par\n|\n|upkeep\n|turn|5\n|\n|t:|1781446636\n|move|p1a: Kilowattrel|U-turn|p2a: Carbink\n|-resisted|p2a: Carbink\n|-damage|p2a: Carbink|132/236 par\n|\n|t:|1781446643\n|switch|p1a: Clawitzer|Clawitzer, L87, F|159/265|[from] U-turn\n|cant|p2a: Carbink|par\n|\n|upkeep\n|turn|6\n|\n|t:|1781446653\n|switch|p2a: Meganium|Meganium, L90, M|290/290\n|move|p1a: Clawitzer|Water Pulse|p2a: Meganium\n|-resisted|p2a: Meganium\n|-damage|p2a: Meganium|210/290\n|\n|-heal|p2a: Meganium|228/290|[from] item: Leftovers\n|upkeep\n|turn|7\n|\n|t:|1781446658\n|switch|p1a: Kilowattrel|Kilowattrel, L83, M|252/252\n|move|p2a: Meganium|Petal Blizzard|p1a: Kilowattrel\n|-resisted|p1a: Kilowattrel\n|-damage|p1a: Kilowattrel|192/252\n|\n|-heal|p2a: Meganium|246/290|[from] item: Leftovers\n|upkeep\n|turn|8\n|\n|t:|1781446662\n|switch|p2a: Carbink|Carbink, L90|132/236 par\n|move|p1a: Kilowattrel|U-turn|p2a: Carbink\n|-resisted|p2a: Carbink\n|-damage|p2a: Carbink|119/236 par\n|\n|t:|1781446670\n|switch|p1a: Forretress|Forretress, L84, M|263/263|[from] U-turn\n|\n|upkeep\n|turn|9\n|\n|t:|1781446678\n|switch|p2a: Salazzle|Salazzle, L83, F|249/249\n|move|p1a: Forretress|Iron Head|p2a: Salazzle\n|-resisted|p2a: Salazzle\n|-damage|p2a: Salazzle|192/249\n|\n|upkeep\n|turn|10\n|\n|t:|1781446687\n|switch|p1a: Ditto|Ditto, L87|225/225\n|-transform|p1a: Ditto|p2a: Salazzle|[from] ability: Imposter\n|move|p2a: Salazzle|Fire Blast|p1a: Ditto|[miss]\n|-miss|p2a: Salazzle|p1a: Ditto\n|\n|upkeep\n|turn|11\n|\n|t:|1781446697\n|switch|p2a: Toedscruel|Toedscruel, L87, F|192/281\n|move|p1a: Ditto|Sludge Wave|p2a: Toedscruel\n|-damage|p2a: Toedscruel|99/281\n|\n|-heal|p2a: Toedscruel|116/281|[from] item: Leftovers\n|upkeep\n|turn|12\n|\n|t:|1781446704\n|move|p1a: Ditto|Sludge Wave|p2a: Toedscruel\n|-damage|p2a: Toedscruel|31/281\n|move|p2a: Toedscruel|Spore|p1a: Ditto\n|-status|p1a: Ditto|slp|[from] move: Spore\n|\n|-heal|p2a: Toedscruel|48/281|[from] item: Leftovers\n|upkeep\n|turn|13\n|\n|t:|1781446708\n|switch|p1a: Kilowattrel|Kilowattrel, L83, M|192/252\n|move|p2a: Toedscruel|Knock Off|p1a: Kilowattrel\n|-damage|p1a: Kilowattrel|112/252\n|-enditem|p1a: Kilowattrel|Heavy-Duty Boots|[from] move: Knock Off|[of] p2a: Toedscruel\n|\n|-heal|p2a: Toedscruel|65/281|[from] item: Leftovers\n|upkeep\n|turn|14\n|\n|t:|1781446712\n|move|p1a: Kilowattrel|U-turn|p2a: Toedscruel\n|-supereffective|p2a: Toedscruel\n|-damage|p2a: Toedscruel|0 fnt\n|faint|p2a: Toedscruel\n|\n|t:|1781446725\n|switch|p1a: Mesprit|Mesprit, L85|275/275|[from] U-turn\n|\n|upkeep\n|\n|t:|1781446729\n|switch|p2a: Carbink|Carbink, L90|119/236 par\n|turn|15\n|\n|t:|1781446733\n|move|p1a: Mesprit|Psychic Noise|p2a: Carbink\n|-damage|p2a: Carbink|67/236 par\n|-start|p2a: Carbink|move: Heal Block\n|cant|p2a: Carbink|move: Heal Block|Rest\n|\n|upkeep\n|turn|16\n|\n|t:|1781446737\n|move|p1a: Mesprit|Stealth Rock|p2a: Carbink\n|-sidestart|p2: Momo2401|move: Stealth Rock\n|move|p2a: Carbink|Moonblast|p1a: Mesprit\n|-damage|p1a: Mesprit|211/275\n|\n|-heal|p1a: Mesprit|228/275|[from] item: Leftovers\n|-end|p2a: Carbink|move: Heal Block\n|upkeep\n|turn|17\n|\n|t:|1781446740\n|move|p1a: Mesprit|Psychic Noise|p2a: Carbink\n|-damage|p2a: Carbink|9/236 par\n|-start|p2a: Carbink|move: Heal Block\n|cant|p2a: Carbink|par\n|\n|-heal|p1a: Mesprit|245/275|[from] item: Leftovers\n|upkeep\n|turn|18\n|\n|t:|1781446742\n|move|p1a: Mesprit|Psychic Noise|p2a: Carbink\n|-damage|p2a: Carbink|0 fnt\n|faint|p2a: Carbink\n|\n|-heal|p1a: Mesprit|262/275|[from] item: Leftovers\n|upkeep\n|\n|t:|1781446744\n|switch|p2a: Avalugg|Avalugg, L88, F|310/310\n|turn|19\n|\n|t:|1781446749\n|move|p1a: Mesprit|Psychic Noise|p2a: Avalugg\n|-damage|p2a: Avalugg|190/310\n|-start|p2a: Avalugg|move: Heal Block\n|move|p2a: Avalugg|Rapid Spin|p1a: Mesprit\n|-damage|p1a: Mesprit|223/275\n|-boost|p2a: Avalugg|spe|1\n|-sideend|p2: Momo2401|Stealth Rock|[from] move: Rapid Spin|[of] p2a: Avalugg\n|\n|-heal|p1a: Mesprit|240/275|[from] item: Leftovers\n|upkeep\n|turn|20\n|\n|t:|1781446753\n|move|p1a: Mesprit|Psychic Noise|p2a: Avalugg\n|-damage|p2a: Avalugg|55/310\n|move|p2a: Avalugg|Avalanche|p1a: Mesprit\n|-crit|p1a: Mesprit\n|-damage|p1a: Mesprit|36/275\n|\n|-heal|p1a: Mesprit|53/275|[from] item: Leftovers\n|-end|p2a: Avalugg|move: Heal Block\n|upkeep\n|turn|21\n|\n|t:|1781446757\n|move|p1a: Mesprit|Drain Punch|p2a: Avalugg\n|-supereffective|p2a: Avalugg\n|-damage|p2a: Avalugg|0 fnt\n|-heal|p1a: Mesprit|81/275|[from] drain|[of] p2a: Avalugg\n|faint|p2a: Avalugg\n|\n|-heal|p1a: Mesprit|98/275|[from] item: Leftovers\n|upkeep\n|\n|t:|1781446763\n|switch|p2a: Salazzle|Salazzle, L83, F|192/249\n|turn|22\n|\n|t:|1781446768\n|move|p2a: Salazzle|Fire Blast|p1a: Mesprit\n|-damage|p1a: Mesprit|0 fnt\n|faint|p1a: Mesprit\n|\n|upkeep\n|\n|t:|1781446781\n|switch|p1a: Kilowattrel|Kilowattrel, L83, M|112/252\n|turn|23\n|\n|t:|1781446783\n|move|p1a: Kilowattrel|Discharge|p2a: Salazzle\n|-damage|p2a: Salazzle|74/249\n|move|p2a: Salazzle|Sludge Wave|p1a: Kilowattrel\n|-damage|p1a: Kilowattrel|0 fnt\n|faint|p1a: Kilowattrel\n|\n|upkeep\n|\n|t:|1781446789\n|switch|p1a: Ditto|Ditto, L87|225/225 slp\n|-transform|p1a: Ditto|p2a: Salazzle|[from] ability: Imposter\n|turn|24\n|\n|t:|1781446798\n|cant|p1a: Ditto|slp\n|move|p2a: Salazzle|Tera Blast|p1a: Ditto\n|-damage|p1a: Ditto|140/225 slp\n|\n|upkeep\n|turn|25\n|\n|t:|1781446804\n|cant|p1a: Ditto|slp\n|move|p2a: Salazzle|Tera Blast|p1a: Ditto\n|-damage|p1a: Ditto|62/225 slp\n|\n|upkeep\n|turn|26\n|\n|t:|1781446807\n|cant|p1a: Ditto|slp\n|move|p2a: Salazzle|Tera Blast|p1a: Ditto\n|-damage|p1a: Ditto|0 fnt\n|faint|p1a: Ditto\n|\n|upkeep\n|-message|DiamondDog_DelTa forfeited.\n|\n|win|Momo2401\n", "uploadtime": 1781446578, "views": 5, "formatid": "gen9randombattle", "rating": null, "private": 0, "password": null}