{"id": "gen9randombattle-2631566533", "format": "[Gen 9] Random Battle", "players": ["gpuhijo", "MassNoob21"], "log": "|j|\u2606gpuhijo\n|j|\u2606MassNoob21\n|t:|1781402245\n|gametype|singles\n|player|p1|gpuhijo|101|1360\n|player|p2|MassNoob21|rosa|1401\n|gen|9\n|tier|[Gen 9] Random Battle\n|rated|\n|rule|Species Clause: Limit one of each Pok\u00e9mon\n|rule|HP Percentage Mod: HP is shown in percentages\n|rule|Sleep Clause Mod: Limit one foe put to sleep\n|rule|Illusion Level Mod: Illusion disguises the Pok\u00e9mon's true level\n|\n|t:|1781402245\n|teamsize|p1|6\n|teamsize|p2|6\n|start\n|switch|p1a: Electivire|Electivire, L84, F|263/263\n|switch|p2a: Flamigo|Flamigo, L82, F|269/269\n|turn|1\n|inactive|Battle timer is ON: inactive players will automatically lose when time's up. (requested by gpuhijo)\n|\n|t:|1781402264\n|switch|p2a: Chimecho|Chimecho, L93, F|290/290\n|move|p1a: Electivire|Bulk Up|p1a: Electivire\n|-boost|p1a: Electivire|atk|1\n|-boost|p1a: Electivire|def|1\n|\n|upkeep\n|turn|2\n|\n|t:|1781402273\n|move|p1a: Electivire|Supercell Slam|p2a: Chimecho\n|-damage|p2a: Chimecho|40/290\n|-damage|p1a: Electivire|237/263|[from] item: Life Orb\n|move|p2a: Chimecho|Calm Mind|p2a: Chimecho\n|-boost|p2a: Chimecho|spa|1\n|-boost|p2a: Chimecho|spd|1\n|\n|-heal|p2a: Chimecho|58/290|[from] item: Leftovers\n|upkeep\n|turn|3\n|\n|t:|1781402278\n|move|p1a: Electivire|Supercell Slam|p2a: Chimecho\n|-damage|p2a: Chimecho|0 fnt\n|faint|p2a: Chimecho\n|-damage|p1a: Electivire|211/263|[from] item: Life Orb\n|\n|upkeep\n|\n|t:|1781402282\n|switch|p2a: Pincurchin|Pincurchin, M|258/258\n|-fieldstart|move: Electric Terrain|[from] ability: Electric Surge|[of] p2a: Pincurchin\n|turn|4\n|\n|t:|1781402287\n|move|p1a: Electivire|Earthquake|p2a: Pincurchin\n|-supereffective|p2a: Pincurchin\n|-damage|p2a: Pincurchin|0 fnt\n|faint|p2a: Pincurchin\n|-damage|p1a: Electivire|185/263|[from] item: Life Orb\n|\n|upkeep\n|\n|t:|1781402294\n|switch|p2a: Mismagius|Mismagius, L86, M|243/243\n|turn|5\n|\n|t:|1781402298\n|move|p2a: Mismagius|Shadow Ball|p1a: Electivire\n|-damage|p1a: Electivire|95/263\n|move|p1a: Electivire|Supercell Slam|p2a: Mismagius\n|-crit|p2a: Mismagius\n|-damage|p2a: Mismagius|0 fnt\n|faint|p2a: Mismagius\n|-damage|p1a: Electivire|69/263|[from] item: Life Orb\n|\n|upkeep\n|\n|t:|1781402306\n|switch|p2a: Clawitzer|Clawitzer, L87, M|265/265\n|turn|6\n|-message|MassNoob21 forfeited.\n|\n|win|gpuhijo\n|raw|gpuhijo's rating: 1376 &rarr; <strong>1397</strong><br />(+21 for winning)\n|raw|MassNoob21's rating: 1401 &rarr; <strong>1380</strong><br />(-21 for losing)\n|l|\u2606MassNoob21\n|player|p2|\n|n|\u2606gpuhijo|gpuhijo\n", "uploadtime": 1781402956, "views": 8, "formatid": "gen9randombattle", "rating": 1380, "private": 0, "password": null}