{"id": "gen9randombattle-2631570698", "format": "[Gen 9] Random Battle", "players": ["SoCapable", "Teres bahji"], "log": "|badge|p2|silver|gen9randombattle|30-9\n|uhtml|medal-msg|<div class=\"broadcast-blue\">Curious what those medals under the avatar are? PS now has Ladder Seasons! For more information, check out the <a href=\"https://www.smogon.com/forums/threads/3740067/\">thread on Smogon.</a></div>\n|j|\u2606SoCapable\n|j|\u2606Teres bahji\n|t:|1781402800\n|gametype|singles\n|player|p1|SoCapable|silver|2264\n|player|p2|Teres bahji|#rbtt6teamzarudef|2398\n|gen|9\n|tier|[Gen 9] Random Battle\n|rated|\n|rule|Species Clause: Limit one of each Pok\u00e9mon\n|rule|HP Percentage Mod: HP is shown in percentages\n|rule|Sleep Clause Mod: Limit one foe put to sleep\n|rule|Illusion Level Mod: Illusion disguises the Pok\u00e9mon's true level\n|\n|t:|1781402800\n|teamsize|p1|6\n|teamsize|p2|6\n|start\n|switch|p1a: Garchomp|Garchomp, L74, M|282/282\n|switch|p2a: Kleavor|Kleavor, L78, F|237/237\n|turn|1\n|inactive|Battle timer is ON: inactive players will automatically lose when time's up. (requested by Teres bahji)\n|\n|t:|1781402822\n|move|p1a: Garchomp|Scale Shot|p2a: Kleavor\n|-damage|p2a: Kleavor|210/237\n|-damage|p2a: Kleavor|182/237\n|-damage|p2a: Kleavor|154/237\n|-damage|p2a: Kleavor|127/237\n|-crit|p2a: Kleavor\n|-damage|p2a: Kleavor|84/237\n|-hitcount|p2a: Kleavor|5\n|-unboost|p1a: Garchomp|def|1\n|-boost|p1a: Garchomp|spe|1\n|move|p2a: Kleavor|Stone Axe|p1a: Garchomp\n|-resisted|p1a: Garchomp\n|-damage|p1a: Garchomp|191/282\n|-damage|p2a: Kleavor|55/237|[from] ability: Rough Skin|[of] p1a: Garchomp\n|-sidestart|p1: SoCapable|move: Stealth Rock\n|\n|upkeep\n|turn|2\n|\n|t:|1781402836\n|switch|p2a: Mightyena|Mightyena, L96, F|290/290\n|-ability|p2a: Mightyena|Intimidate|boost\n|-unboost|p1a: Garchomp|atk|1\n|move|p1a: Garchomp|Earthquake|p2a: Mightyena\n|-damage|p2a: Mightyena|220/290\n|\n|upkeep\n|turn|3\n|\n|t:|1781402843\n|switch|p1a: Forretress|Forretress, L84, F|263/263\n|-damage|p1a: Forretress|231/263|[from] Stealth Rock\n|move|p2a: Mightyena|Play Rough|p1a: Forretress\n|-resisted|p1a: Forretress\n|-damage|p1a: Forretress|206/263\n|\n|-heal|p1a: Forretress|222/263|[from] item: Leftovers\n|upkeep\n|turn|4\n|\n|t:|1781402852\n|move|p2a: Mightyena|Super Fang|p1a: Forretress\n|-damage|p1a: Forretress|111/263\n|move|p1a: Forretress|Stealth Rock|p2a: Mightyena\n|-sidestart|p2: Teres bahji|move: Stealth Rock\n|\n|-heal|p1a: Forretress|127/263|[from] item: Leftovers\n|upkeep\n|turn|5\n|\n|t:|1781402857\n|move|p2a: Mightyena|Super Fang|p1a: Forretress\n|-damage|p1a: Forretress|64/263\n|move|p1a: Forretress|Thunder Wave|p2a: Mightyena\n|-status|p2a: Mightyena|par\n|\n|-heal|p1a: Forretress|80/263|[from] item: Leftovers\n|upkeep\n|turn|6\n|\n|t:|1781402861\n|move|p1a: Forretress|Rapid Spin|p2a: Mightyena\n|-damage|p2a: Mightyena|184/290 par\n|-boost|p1a: Forretress|spe|1\n|-sideend|p1: SoCapable|Stealth Rock|[from] move: Rapid Spin|[of] p1a: Forretress\n|move|p2a: Mightyena|Throat Chop|p1a: Forretress\n|-damage|p1a: Forretress|1/263\n|-start|p1a: Forretress|Throat Chop|[silent]\n|\n|-heal|p1a: Forretress|17/263|[from] item: Leftovers\n|upkeep\n|turn|7\n|\n|t:|1781402869\n|move|p1a: Forretress|Iron Head|p2a: Mightyena\n|-damage|p2a: Mightyena|100/290 par\n|move|p2a: Mightyena|Throat Chop|p1a: Forretress\n|-damage|p1a: Forretress|0 fnt\n|faint|p1a: Forretress\n|\n|upkeep\n|\n|t:|1781402878\n|switch|p1a: Garchomp|Garchomp, L74, M|191/282\n|turn|8\n|\n|t:|1781402881\n|move|p1a: Garchomp|Scale Shot|p2a: Mightyena\n|-damage|p2a: Mightyena|70/290 par\n|-damage|p2a: Mightyena|42/290 par\n|-damage|p2a: Mightyena|15/290 par\n|-damage|p2a: Mightyena|0 fnt\n|faint|p2a: Mightyena\n|-hitcount|p2: Mightyena|4\n|-unboost|p1a: Garchomp|def|1\n|-boost|p1a: Garchomp|spe|1\n|\n|upkeep\n|\n|t:|1781402885\n|switch|p2a: Honchkrow|Honchkrow, L86, F|312/312\n|turn|9\n|\n|t:|1781402891\n|move|p1a: Garchomp|Scale Shot|p2a: Honchkrow|[miss]\n|-miss|p1a: Garchomp|p2a: Honchkrow\n|move|p2a: Honchkrow|Brave Bird|p1a: Garchomp\n|-damage|p1a: Garchomp|0 fnt\n|-damage|p2a: Honchkrow|273/312|[from] ability: Rough Skin|[of] p1a: Garchomp\n|faint|p1a: Garchomp\n|-ability|p2a: Honchkrow|Moxie|boost\n|-boost|p2a: Honchkrow|atk|1\n|-damage|p2a: Honchkrow|210/312|[from] Recoil\n|\n|upkeep\n|\n|t:|1781402895\n|switch|p1a: Dodrio|Dodrio, L85, F|241/241\n|turn|10\n|\n|t:|1781402899\n|move|p2a: Honchkrow|Sucker Punch|p1a: Dodrio\n|-damage|p1a: Dodrio|66/241\n|move|p1a: Dodrio|Brave Bird|p2a: Honchkrow\n|-damage|p2a: Honchkrow|18/312\n|-damage|p1a: Dodrio|3/241|[from] Recoil\n|\n|upkeep\n|turn|11\n|\n|t:|1781402912\n|switch|p1a: Lurantis|Lurantis, L87, F|264/264\n|move|p2a: Honchkrow|Sucker Punch||[still]\n|-fail|p2a: Honchkrow\n|\n|upkeep\n|turn|12\n|\n|t:|1781402919\n|move|p2a: Honchkrow|Brave Bird|p1a: Lurantis\n|-supereffective|p1a: Lurantis\n|-damage|p1a: Lurantis|0 fnt\n|faint|p1a: Lurantis\n|-ability|p2a: Honchkrow|Moxie|boost\n|-boost|p2a: Honchkrow|atk|1\n|-damage|p2a: Honchkrow|0 fnt|[from] Recoil\n|faint|p2a: Honchkrow\n|\n|upkeep\n|\n|t:|1781402926\n|switch|p2a: Manaphy|Manaphy, L78|284/284\n|switch|p1a: Dodrio|Dodrio, L85, F|3/241\n|-damage|p2a: Manaphy|249/284|[from] Stealth Rock\n|turn|13\n|\n|t:|1781402930\n|move|p1a: Dodrio|Swords Dance|p1a: Dodrio\n|-boost|p1a: Dodrio|atk|2\n|move|p2a: Manaphy|Tail Glow|p2a: Manaphy\n|-boost|p2a: Manaphy|spa|3\n|\n|-heal|p2a: Manaphy|266/284|[from] item: Leftovers\n|upkeep\n|turn|14\n|\n|t:|1781402934\n|switch|p2a: Kleavor|Kleavor, L78, F|55/237\n|move|p1a: Dodrio|Drill Run|p2a: Kleavor\n|-damage|p2a: Kleavor|0 fnt\n|faint|p2a: Kleavor\n|\n|upkeep\n|\n|t:|1781402938\n|switch|p2a: Manaphy|Manaphy, L78|266/284\n|-damage|p2a: Manaphy|231/284|[from] Stealth Rock\n|turn|15\n|\n|t:|1781402941\n|move|p1a: Dodrio|Double-Edge|p2a: Manaphy\n|-damage|p2a: Manaphy|0 fnt\n|faint|p2a: Manaphy\n|-damage|p1a: Dodrio|0 fnt|[from] Recoil\n|faint|p1a: Dodrio\n|\n|upkeep\n|\n|t:|1781402944\n|switch|p1a: Mewtwo|Mewtwo, L72|272/272\n|switch|p2a: Scovillain|Scovillain, L91, M|266/266\n|-ability|p1a: Mewtwo|Pressure\n|turn|16\n|\n|t:|1781402947\n|switch|p1a: Chansey|Chansey, L85, F|564/564\n|move|p2a: Scovillain|Sunny Day|p2a: Scovillain\n|-weather|SunnyDay\n|\n|-weather|SunnyDay|[upkeep]\n|upkeep\n|turn|17\n|\n|t:|1781402952\n|-terastallize|p2a: Scovillain|Ground\n|move|p2a: Scovillain|Stomping Tantrum|p1a: Chansey\n|-damage|p1a: Chansey|315/564\n|move|p1a: Chansey|Thunder Wave|p2a: Scovillain\n|-immune|p2a: Scovillain\n|\n|-weather|SunnyDay|[upkeep]\n|upkeep\n|turn|18\n|\n|t:|1781402958\n|move|p2a: Scovillain|Stomping Tantrum|p1a: Chansey\n|-damage|p1a: Chansey|87/564\n|move|p1a: Chansey|Soft-Boiled|p1a: Chansey\n|-heal|p1a: Chansey|369/564\n|\n|-weather|SunnyDay|[upkeep]\n|upkeep\n|turn|19\n|\n|t:|1781402962\n|move|p2a: Scovillain|Stomping Tantrum|p1a: Chansey\n|-damage|p1a: Chansey|134/564\n|move|p1a: Chansey|Soft-Boiled|p1a: Chansey\n|-heal|p1a: Chansey|416/564\n|\n|-weather|SunnyDay|[upkeep]\n|upkeep\n|turn|20\n|\n|t:|1781402965\n|move|p2a: Scovillain|Stomping Tantrum|p1a: Chansey\n|-damage|p1a: Chansey|164/564\n|move|p1a: Chansey|Soft-Boiled|p1a: Chansey\n|-heal|p1a: Chansey|446/564\n|\n|-weather|none\n|upkeep\n|turn|21\n|\n|t:|1781402969\n|move|p2a: Scovillain|Stomping Tantrum|p1a: Chansey\n|-damage|p1a: Chansey|208/564\n|move|p1a: Chansey|Seismic Toss|p2a: Scovillain\n|-damage|p2a: Scovillain|181/266\n|\n|upkeep\n|turn|22\n|\n|t:|1781402976\n|switch|p1a: Mewtwo|Mewtwo, L72|272/272\n|-ability|p1a: Mewtwo|Pressure\n|move|p2a: Scovillain|Sunny Day|p2a: Scovillain\n|-weather|SunnyDay\n|\n|-weather|SunnyDay|[upkeep]\n|upkeep\n|turn|23\n|\n|t:|1781403000\n|-terastallize|p1a: Mewtwo|Fire\n|move|p2a: Scovillain|Fire Blast|p1a: Mewtwo\n|-resisted|p1a: Mewtwo\n|-damage|p1a: Mewtwo|143/272\n|move|p1a: Mewtwo|Fire Blast|p2a: Scovillain\n|-damage|p2a: Scovillain|0 fnt\n|faint|p2a: Scovillain\n|-damage|p1a: Mewtwo|116/272|[from] item: Life Orb\n|\n|-weather|SunnyDay|[upkeep]\n|upkeep\n|\n|t:|1781403005\n|switch|p2a: Bellossom|Bellossom, L84, M|263/263\n|-damage|p2a: Bellossom|231/263|[from] Stealth Rock\n|turn|24\n|\n|t:|1781403009\n|move|p2a: Bellossom|Quiver Dance|p2a: Bellossom\n|-boost|p2a: Bellossom|spa|1\n|-boost|p2a: Bellossom|spd|1\n|-boost|p2a: Bellossom|spe|1\n|move|p1a: Mewtwo|Fire Blast|p2a: Bellossom\n|-supereffective|p2a: Bellossom\n|-damage|p2a: Bellossom|0 fnt\n|faint|p2a: Bellossom\n|-damage|p1a: Mewtwo|89/272|[from] item: Life Orb\n|\n|win|SoCapable\n", "uploadtime": 1781402802, "views": 3, "formatid": "gen9randombattle", "rating": null, "private": 0, "password": null}