{"id": "gen9randombattle-2631754140", "format": "[Gen 9] Random Battle", "players": ["green8Bit", "Zibabu"], "log": "|j|\u2606green8Bit\n|j|\u2606Zibabu\n|t:|1781434243\n|gametype|singles\n|player|p1|green8Bit|102|2060\n|player|p2|Zibabu|101|1941\n|gen|9\n|tier|[Gen 9] Random Battle\n|rated|\n|rule|Species Clause: Limit one of each Pok\u00e9mon\n|rule|HP Percentage Mod: HP is shown in percentages\n|rule|Sleep Clause Mod: Limit one foe put to sleep\n|rule|Illusion Level Mod: Illusion disguises the Pok\u00e9mon's true level\n|\n|t:|1781434243\n|teamsize|p1|6\n|teamsize|p2|6\n|start\n|switch|p1a: Bruxish|Bruxish, L85, M|254/254\n|switch|p2a: Scream Tail|Scream Tail, L84|330/330\n|turn|1\n|inactive|Battle timer is ON: inactive players will automatically lose when time's up. (requested by Zibabu)\n|j| GFFFFFFFFFFNY5\n|inactive|green8Bit has 120 seconds left.\n|c| GFFFFFFFFFFNY5|1900 and 2000 elo howww\n|\n|t:|1781434282\n|switch|p1a: Oinkologne|Oinkologne-F, L92, F|361/361\n|move|p2a: Scream Tail|Protect||[still]\n|-fail|p2a: Scream Tail\n|\n|upkeep\n|turn|2\n|\n|t:|1781434295\n|move|p2a: Scream Tail|Wish|p2a: Scream Tail\n|move|p1a: Oinkologne|Curse|p1a: Oinkologne\n|-unboost|p1a: Oinkologne|spe|1\n|-boost|p1a: Oinkologne|atk|1\n|-boost|p1a: Oinkologne|def|1\n|\n|upkeep\n|turn|3\n|\n|t:|1781434298\n|move|p2a: Scream Tail|Encore|p1a: Oinkologne\n|-start|p1a: Oinkologne|Encore\n|move|p1a: Oinkologne|Curse|p1a: Oinkologne\n|-unboost|p1a: Oinkologne|spe|1\n|-boost|p1a: Oinkologne|atk|1\n|-boost|p1a: Oinkologne|def|1\n|\n|upkeep\n|turn|4\n|l| GFFFFFFFFFFNY5\n|\n|t:|1781434325\n|switch|p1a: Bruxish|Bruxish, L85, M|254/254\n|move|p2a: Scream Tail|Wish|p2a: Scream Tail\n|\n|upkeep\n|turn|5\n|\n|t:|1781434329\n|switch|p1a: Oinkologne|Oinkologne-F, L92, F|361/361\n|move|p2a: Scream Tail|Protect||[still]\n|-fail|p2a: Scream Tail\n|\n|upkeep\n|turn|6\n|\n|t:|1781434335\n|-end|p2a: Scream Tail|Protosynthesis|[silent]\n|switch|p2a: Coalossal|Coalossal, L89, M|341/341\n|move|p1a: Oinkologne|Body Slam|p2a: Coalossal\n|-resisted|p2a: Coalossal\n|-damage|p2a: Coalossal|301/341\n|\n|upkeep\n|turn|7\n|\n|t:|1781434356\n|move|p1a: Oinkologne|Curse|p1a: Oinkologne\n|-unboost|p1a: Oinkologne|spe|1\n|-boost|p1a: Oinkologne|atk|1\n|-boost|p1a: Oinkologne|def|1\n|move|p2a: Coalossal|Stealth Rock|p1a: Oinkologne\n|-sidestart|p1: green8Bit|move: Stealth Rock\n|\n|upkeep\n|turn|8\n|\n|t:|1781434366\n|switch|p2a: Scizor|Scizor, L79, M|240/240\n|move|p1a: Oinkologne|High Horsepower|p2a: Scizor\n|-damage|p2a: Scizor|140/240\n|\n|upkeep\n|turn|9\n|\n|t:|1781434389\n|move|p2a: Scizor|Close Combat|p1a: Oinkologne\n|-supereffective|p1a: Oinkologne\n|-damage|p1a: Oinkologne|147/361\n|-unboost|p2a: Scizor|def|1\n|-unboost|p2a: Scizor|spd|1\n|move|p1a: Oinkologne|Curse|p1a: Oinkologne\n|-unboost|p1a: Oinkologne|spe|1\n|-boost|p1a: Oinkologne|atk|1\n|-boost|p1a: Oinkologne|def|1\n|\n|-heal|p1a: Oinkologne|169/361|[from] item: Leftovers\n|upkeep\n|turn|10\n|\n|t:|1781434397\n|move|p2a: Scizor|Close Combat|p1a: Oinkologne\n|-supereffective|p1a: Oinkologne\n|-damage|p1a: Oinkologne|23/361\n|-unboost|p2a: Scizor|def|1\n|-unboost|p2a: Scizor|spd|1\n|move|p1a: Oinkologne|Lash Out|p2a: Scizor\n|-damage|p2a: Scizor|0 fnt\n|faint|p2a: Scizor\n|\n|-heal|p1a: Oinkologne|45/361|[from] item: Leftovers\n|upkeep\n|\n|t:|1781434406\n|switch|p2a: Luvdisc|Luvdisc, M|247/247\n|turn|11\n|\n|t:|1781434410\n|move|p2a: Luvdisc|Surf|p1a: Oinkologne\n|-damage|p1a: Oinkologne|0 fnt\n|faint|p1a: Oinkologne\n|\n|upkeep\n|\n|t:|1781434434\n|switch|p1a: Bruxish|Bruxish, L85, M|254/254\n|-damage|p1a: Bruxish|223/254|[from] Stealth Rock\n|turn|12\n|\n|t:|1781434446\n|move|p2a: Luvdisc|Substitute|p2a: Luvdisc\n|-start|p2a: Luvdisc|Substitute\n|-damage|p2a: Luvdisc|186/247\n|move|p1a: Bruxish|Psychic Fangs|p2a: Luvdisc\n|-end|p2a: Luvdisc|Substitute\n|-damage|p1a: Bruxish|198/254|[from] item: Life Orb\n|\n|upkeep\n|turn|13\n|\n|t:|1781434453\n|move|p2a: Luvdisc|Substitute|p2a: Luvdisc\n|-start|p2a: Luvdisc|Substitute\n|-damage|p2a: Luvdisc|125/247\n|move|p1a: Bruxish|Psychic Fangs|p2a: Luvdisc\n|-end|p2a: Luvdisc|Substitute\n|-damage|p1a: Bruxish|173/254|[from] item: Life Orb\n|\n|upkeep\n|turn|14\n|\n|t:|1781434458\n|move|p2a: Luvdisc|Substitute|p2a: Luvdisc\n|-start|p2a: Luvdisc|Substitute\n|-damage|p2a: Luvdisc|64/247\n|move|p1a: Bruxish|Crunch|p2a: Luvdisc\n|-end|p2a: Luvdisc|Substitute\n|-damage|p1a: Bruxish|148/254|[from] item: Life Orb\n|\n|upkeep\n|turn|15\n|\n|t:|1781434464\n|move|p2a: Luvdisc|Substitute|p2a: Luvdisc\n|-start|p2a: Luvdisc|Substitute\n|-damage|p2a: Luvdisc|3/247\n|move|p1a: Bruxish|Crunch|p2a: Luvdisc\n|-end|p2a: Luvdisc|Substitute\n|-damage|p1a: Bruxish|123/254|[from] item: Life Orb\n|\n|upkeep\n|turn|16\n|\n|t:|1781434471\n|move|p2a: Luvdisc|Endeavor|p1a: Bruxish\n|-damage|p1a: Bruxish|3/254\n|move|p1a: Bruxish|Crunch|p2a: Luvdisc\n|-damage|p2a: Luvdisc|0 fnt\n|faint|p2a: Luvdisc\n|-damage|p1a: Bruxish|0 fnt|[from] item: Life Orb\n|faint|p1a: Bruxish\n|\n|upkeep\n|\n|t:|1781434493\n|switch|p2a: Ariados|Ariados, L95, M|287/287\n|switch|p1a: Chimecho|Chimecho, L93, M|290/290\n|-damage|p1a: Chimecho|254/290|[from] Stealth Rock\n|turn|17\n|\n|t:|1781434500\n|move|p1a: Chimecho|Psyshock|p2a: Ariados\n|-supereffective|p2a: Ariados\n|-damage|p2a: Ariados|53/287\n|move|p2a: Ariados|Megahorn|p1a: Chimecho|[miss]\n|-miss|p2a: Ariados|p1a: Chimecho\n|\n|-heal|p1a: Chimecho|272/290|[from] item: Leftovers\n|upkeep\n|turn|18\n|\n|t:|1781434507\n|move|p1a: Chimecho|Psyshock|p2a: Ariados\n|-supereffective|p2a: Ariados\n|-damage|p2a: Ariados|0 fnt\n|faint|p2a: Ariados\n|\n|-heal|p1a: Chimecho|290/290|[from] item: Leftovers\n|upkeep\n|\n|t:|1781434517\n|switch|p2a: Coalossal|Coalossal, L89, M|301/341\n|turn|19\n|\n|t:|1781434527\n|switch|p1a: Quaquaval|Quaquaval, L79, F|264/264\n|-damage|p1a: Quaquaval|248/264|[from] Stealth Rock\n|move|p2a: Coalossal|Stone Edge|p1a: Quaquaval\n|-resisted|p1a: Quaquaval\n|-damage|p1a: Quaquaval|191/264\n|\n|upkeep\n|turn|20\n|\n|t:|1781434539\n|move|p1a: Quaquaval|Aqua Step|p2a: Coalossal\n|-supereffective|p2a: Coalossal\n|-damage|p2a: Coalossal|0 fnt\n|-boost|p1a: Quaquaval|spe|1\n|faint|p2a: Coalossal\n|-ability|p1a: Quaquaval|Moxie|boost\n|-boost|p1a: Quaquaval|atk|1\n|-damage|p1a: Quaquaval|165/264|[from] item: Life Orb\n|\n|upkeep\n|\n|t:|1781434541\n|switch|p2a: Lugia|Lugia, L73|275/275\n|turn|21\n|\n|t:|1781434549\n|move|p1a: Quaquaval|Knock Off|p2a: Lugia\n|-supereffective|p2a: Lugia\n|-damage|p2a: Lugia|159/275\n|-enditem|p2a: Lugia|Heavy-Duty Boots|[from] move: Knock Off|[of] p1a: Quaquaval\n|-damage|p1a: Quaquaval|139/264|[from] item: Life Orb\n|move|p2a: Lugia|Aeroblast|p1a: Quaquaval\n|-supereffective|p1a: Quaquaval\n|-damage|p1a: Quaquaval|0 fnt\n|faint|p1a: Quaquaval\n|\n|upkeep\n|\n|t:|1781434574\n|switch|p1a: Flapple|Flapple, L88, M|266/266\n|-damage|p1a: Flapple|233/266|[from] Stealth Rock\n|turn|22\n|\n|t:|1781434579\n|switch|p2a: Scream Tail|Scream Tail, L84|330/330\n|move|p1a: Flapple|Dragon Dance|p1a: Flapple\n|-boost|p1a: Flapple|atk|1\n|-boost|p1a: Flapple|spe|1\n|\n|upkeep\n|turn|23\n|\n|t:|1781434584\n|move|p1a: Flapple|Grav Apple|p2a: Scream Tail\n|-damage|p2a: Scream Tail|117/330\n|-unboost|p2a: Scream Tail|def|1\n|move|p2a: Scream Tail|Wish|p2a: Scream Tail\n|\n|-heal|p2a: Scream Tail|137/330|[from] item: Leftovers\n|upkeep\n|turn|24\n|\n|t:|1781434590\n|-end|p2a: Scream Tail|Protosynthesis|[silent]\n|switch|p2a: Lugia|Lugia, L73|159/275\n|move|p1a: Flapple|Grav Apple|p2a: Lugia\n|-resisted|p2a: Lugia\n|-damage|p2a: Lugia|66/275\n|-unboost|p2a: Lugia|def|1\n|\n|-heal|p2a: Lugia|231/275|[from] move: Wish|[wisher] Scream Tail\n|upkeep\n|turn|25\n|\n|t:|1781434598\n|switch|p2a: Scream Tail|Scream Tail, L84|137/330\n|move|p1a: Flapple|Grav Apple|p2a: Scream Tail\n|-damage|p2a: Scream Tail|0 fnt\n|faint|p2a: Scream Tail\n|-end|p2a: Scream Tail|Protosynthesis|[silent]\n|\n|upkeep\n|\n|t:|1781434601\n|switch|p2a: Lugia|Lugia, L73|231/275\n|turn|26\n|\n|t:|1781434623\n|-terastallize|p2a: Lugia|Steel\n|move|p1a: Flapple|Grav Apple|p2a: Lugia\n|-resisted|p2a: Lugia\n|-damage|p2a: Lugia|134/275\n|-unboost|p2a: Lugia|def|1\n|move|p2a: Lugia|Calm Mind|p2a: Lugia\n|-boost|p2a: Lugia|spa|1\n|-boost|p2a: Lugia|spd|1\n|\n|upkeep\n|turn|27\n|\n|t:|1781434633\n|-terastallize|p1a: Flapple|Fire\n|move|p1a: Flapple|Tera Blast|p2a: Lugia|[anim] Tera Blast Fire\n|-supereffective|p2a: Lugia\n|-damage|p2a: Lugia|0 fnt\n|faint|p2a: Lugia\n|\n|win|green8Bit\n", "uploadtime": 1781434244, "views": 3, "formatid": "gen9randombattle", "rating": null, "private": 0, "password": null}