{"id": "gen9randombattle-2631534584", "format": "[Gen 9] Random Battle", "players": ["blitzzchamp", "SoCapable"], "log": "|j|\u2606blitzzchamp\n|j|\u2606SoCapable\n|t:|1781397832\n|gametype|singles\n|player|p1|blitzzchamp|170|2168\n|player|p2|SoCapable|silver|2159\n|gen|9\n|tier|[Gen 9] Random Battle\n|rated|\n|rule|Species Clause: Limit one of each Pok\u00e9mon\n|rule|HP Percentage Mod: HP is shown in percentages\n|rule|Sleep Clause Mod: Limit one foe put to sleep\n|rule|Illusion Level Mod: Illusion disguises the Pok\u00e9mon's true level\n|\n|t:|1781397832\n|teamsize|p1|6\n|teamsize|p2|6\n|start\n|switch|p1a: Florges|Florges, L85, F|271/271\n|switch|p2a: Calyrex|Calyrex, L93|337/337\n|-ability|p2a: Calyrex|Unnerve\n|turn|1\n|inactive|Battle timer is ON: inactive players will automatically lose when time's up. (requested by blitzzchamp)\n|\n|t:|1781397848\n|move|p2a: Calyrex|Leech Seed|p1a: Florges\n|-start|p1a: Florges|move: Leech Seed\n|move|p1a: Florges|Calm Mind|p1a: Florges\n|-boost|p1a: Florges|spa|1\n|-boost|p1a: Florges|spd|1\n|\n|-damage|p1a: Florges|238/271|[from] Leech Seed|[of] p2a: Calyrex\n|upkeep\n|turn|2\n|\n|t:|1781397858\n|switch|p2a: Dialga|Dialga-Origin, L73|266/266\n|-ability|p2a: Dialga|Pressure\n|switch|p1a: Wo-Chien|Wo-Chien, L83|277/277\n|-ability|p1a: Wo-Chien|Tablets of Ruin\n|\n|upkeep\n|turn|3\n|\n|t:|1781397863\n|switch|p2a: Bellibolt|Bellibolt, L84, F|320/320\n|move|p1a: Wo-Chien|Stun Spore|p2a: Bellibolt\n|-immune|p2a: Bellibolt\n|\n|upkeep\n|turn|4\n|\n|t:|1781397870\n|switch|p1a: Gengar|Gengar, L81, M|230/230\n|move|p2a: Bellibolt|Toxic|p1a: Gengar\n|-immune|p1a: Gengar\n|\n|upkeep\n|turn|5\n|\n|t:|1781397874\n|move|p1a: Gengar|Trick|p2a: Bellibolt\n|-activate|p1a: Gengar|move: Trick|[of] p2a: Bellibolt\n|-item|p2a: Bellibolt|Choice Specs|[from] move: Trick\n|-item|p1a: Gengar|Leftovers|[from] move: Trick\n|move|p2a: Bellibolt|Thunderbolt|p1a: Gengar\n|-damage|p1a: Gengar|47/230\n|\n|-heal|p1a: Gengar|61/230|[from] item: Leftovers\n|upkeep\n|turn|6\n|\n|t:|1781397880\n|switch|p1a: Wo-Chien|Wo-Chien, L83|277/277\n|-ability|p1a: Wo-Chien|Tablets of Ruin\n|move|p2a: Bellibolt|Thunderbolt|p1a: Wo-Chien\n|-resisted|p1a: Wo-Chien\n|-damage|p1a: Wo-Chien|227/277\n|\n|-heal|p1a: Wo-Chien|244/277|[from] item: Leftovers\n|upkeep\n|turn|7\n|\n|t:|1781397884\n|switch|p2a: Dialga|Dialga-Origin, L73|266/266\n|-ability|p2a: Dialga|Pressure\n|move|p1a: Wo-Chien|Leech Seed|p2a: Dialga\n|-start|p2a: Dialga|move: Leech Seed\n|\n|-heal|p1a: Wo-Chien|261/277|[from] item: Leftovers\n|-damage|p2a: Dialga|233/266|[from] Leech Seed|[of] p1a: Wo-Chien\n|-heal|p1a: Wo-Chien|277/277|[silent]\n|upkeep\n|turn|8\n|\n|t:|1781397890\n|move|p2a: Dialga|Stealth Rock|p1a: Wo-Chien\n|-sidestart|p1: blitzzchamp|move: Stealth Rock\n|move|p1a: Wo-Chien|Stun Spore|p2a: Dialga\n|-status|p2a: Dialga|par\n|\n|-damage|p2a: Dialga|200/266 par|[from] Leech Seed|[of] p1a: Wo-Chien\n|upkeep\n|turn|9\n|\n|t:|1781397897\n|move|p1a: Wo-Chien|Leech Seed|p2a: Dialga|[miss]\n|-miss|p1a: Wo-Chien|p2a: Dialga\n|move|p2a: Dialga|Fire Blast|p1a: Wo-Chien\n|-supereffective|p1a: Wo-Chien\n|-damage|p1a: Wo-Chien|157/277\n|-status|p1a: Wo-Chien|brn\n|\n|-heal|p1a: Wo-Chien|174/277 brn|[from] item: Leftovers\n|-damage|p2a: Dialga|167/266 par|[from] Leech Seed|[of] p1a: Wo-Chien\n|-heal|p1a: Wo-Chien|207/277 brn|[silent]\n|-damage|p1a: Wo-Chien|190/277 brn|[from] brn\n|upkeep\n|turn|10\n|\n|t:|1781397915\n|switch|p2a: Virizion|Virizion, L82|283/283\n|move|p1a: Wo-Chien|Protect||[still]\n|-fail|p1a: Wo-Chien\n|\n|-heal|p1a: Wo-Chien|207/277 brn|[from] item: Leftovers\n|-damage|p1a: Wo-Chien|190/277 brn|[from] brn\n|upkeep\n|turn|11\n|\n|t:|1781397926\n|move|p2a: Virizion|Stone Edge|p1a: Wo-Chien\n|-damage|p1a: Wo-Chien|128/277 brn\n|-damage|p2a: Virizion|255/283|[from] item: Life Orb\n|move|p1a: Wo-Chien|Knock Off|p2a: Virizion\n|-resisted|p2a: Virizion\n|-damage|p2a: Virizion|228/283\n|-ability|p2a: Virizion|Justified|boost\n|-boost|p2a: Virizion|atk|1\n|-enditem|p2a: Virizion|Life Orb|[from] move: Knock Off|[of] p1a: Wo-Chien\n|\n|-heal|p1a: Wo-Chien|145/277 brn|[from] item: Leftovers\n|-damage|p1a: Wo-Chien|128/277 brn|[from] brn\n|upkeep\n|turn|12\n|\n|t:|1781397937\n|switch|p1a: Gengar|Gengar, L81, M|61/230\n|-damage|p1a: Gengar|33/230|[from] Stealth Rock\n|move|p2a: Virizion|Stone Edge|p1a: Gengar\n|-damage|p1a: Gengar|0 fnt\n|-start|p2a: Virizion|Disable|Stone Edge|[from] ability: Cursed Body|[of] p1a: Gengar\n|faint|p1a: Gengar\n|\n|upkeep\n|\n|t:|1781397942\n|switch|p1a: Florges|Florges, L85, F|238/271\n|-damage|p1a: Florges|205/271|[from] Stealth Rock\n|turn|13\n|\n|t:|1781397946\n|move|p2a: Virizion|Swords Dance|p2a: Virizion\n|-boost|p2a: Virizion|atk|2\n|move|p1a: Florges|Moonblast|p2a: Virizion\n|-supereffective|p2a: Virizion\n|-damage|p2a: Virizion|64/283\n|\n|-heal|p1a: Florges|221/271|[from] item: Leftovers\n|upkeep\n|turn|14\n|\n|t:|1781397952\n|switch|p1a: Wo-Chien|Wo-Chien, L83|128/277 brn\n|-damage|p1a: Wo-Chien|94/277 brn|[from] Stealth Rock\n|-ability|p1a: Wo-Chien|Tablets of Ruin\n|move|p2a: Virizion|Leaf Blade|p1a: Wo-Chien\n|-resisted|p1a: Wo-Chien\n|-damage|p1a: Wo-Chien|20/277 brn\n|\n|-heal|p1a: Wo-Chien|37/277 brn|[from] item: Leftovers\n|-damage|p1a: Wo-Chien|20/277 brn|[from] brn\n|upkeep\n|turn|15\n|\n|t:|1781397964\n|move|p2a: Virizion|Leaf Blade|p1a: Wo-Chien\n|-resisted|p1a: Wo-Chien\n|-damage|p1a: Wo-Chien|0 fnt\n|faint|p1a: Wo-Chien\n|\n|-end|p2a: Virizion|Disable\n|upkeep\n|\n|t:|1781397971\n|switch|p1a: Flapple|Flapple, L88, M|266/266\n|-damage|p1a: Flapple|233/266|[from] Stealth Rock\n|turn|16\n|\n|t:|1781397984\n|move|p1a: Flapple|Sucker Punch|p2a: Virizion\n|-resisted|p2a: Virizion\n|-damage|p2a: Virizion|0 fnt\n|faint|p2a: Virizion\n|\n|upkeep\n|\n|t:|1781397987\n|switch|p2a: Baxcalibur|Baxcalibur, L75, F|296/296\n|turn|17\n|\n|t:|1781397995\n|switch|p1a: Florges|Florges, L85, F|221/271\n|-damage|p1a: Florges|188/271|[from] Stealth Rock\n|move|p2a: Baxcalibur|Dragon Dance|p2a: Baxcalibur\n|-boost|p2a: Baxcalibur|atk|1\n|-boost|p2a: Baxcalibur|spe|1\n|\n|-heal|p1a: Florges|204/271|[from] item: Leftovers\n|upkeep\n|turn|18\n|\n|t:|1781398012\n|-terastallize|p2a: Baxcalibur|Ground\n|move|p2a: Baxcalibur|Earthquake|p1a: Florges\n|-damage|p1a: Florges|0 fnt\n|faint|p1a: Florges\n|\n|upkeep\n|\n|t:|1781398026\n|switch|p1a: Gouging Fire|Gouging Fire, L74|277/277\n|turn|19\n|\n|t:|1781398043\n|-terastallize|p1a: Gouging Fire|Fairy\n|move|p2a: Baxcalibur|Earthquake|p1a: Gouging Fire\n|-damage|p1a: Gouging Fire|124/277\n|move|p1a: Gouging Fire|Dragon Dance|p1a: Gouging Fire\n|-boost|p1a: Gouging Fire|atk|1\n|-boost|p1a: Gouging Fire|spe|1\n|\n|upkeep\n|turn|20\n|\n|t:|1781398054\n|move|p1a: Gouging Fire|Outrage|p2a: Baxcalibur\n|-damage|p2a: Baxcalibur|121/296\n|move|p2a: Baxcalibur|Dragon Dance|p2a: Baxcalibur\n|-boost|p2a: Baxcalibur|atk|1\n|-boost|p2a: Baxcalibur|spe|1\n|\n|upkeep\n|turn|21\n|\n|t:|1781398058\n|move|p2a: Baxcalibur|Earthquake|p1a: Gouging Fire\n|-damage|p1a: Gouging Fire|0 fnt\n|faint|p1a: Gouging Fire\n|-end|p1a: Gouging Fire|Protosynthesis|[silent]\n|\n|upkeep\n|\n|t:|1781398062\n|switch|p1a: Flapple|Flapple, L88, M|233/266\n|-damage|p1a: Flapple|200/266|[from] Stealth Rock\n|turn|22\n|\n|t:|1781398065\n|move|p1a: Flapple|Sucker Punch|p2a: Baxcalibur|[miss]\n|-miss|p1a: Flapple|p2a: Baxcalibur\n|move|p2a: Baxcalibur|Glaive Rush|p1a: Flapple\n|-supereffective|p1a: Flapple\n|-damage|p1a: Flapple|0 fnt\n|-singlemove|p2a: Baxcalibur|Glaive Rush|[silent]\n|faint|p1a: Flapple\n|\n|upkeep\n|\n|t:|1781398070\n|switch|p1a: Frosmoth|Frosmoth, L82, M|249/249\n|turn|23\n|\n|t:|1781398073\n|move|p2a: Baxcalibur|Glaive Rush|p1a: Frosmoth\n|-damage|p1a: Frosmoth|0 fnt\n|-singlemove|p2a: Baxcalibur|Glaive Rush|[silent]\n|faint|p1a: Frosmoth\n|\n|win|SoCapable\n", "uploadtime": 1781397834, "views": 3, "formatid": "gen9randombattle", "rating": null, "private": 0, "password": null}