{"id": "gen9randombattle-2631748100", "format": "[Gen 9] Random Battle", "players": ["Third Mo0n", "watercell"], "log": "|j|\u2606Third Mo0n\n|j|\u2606watercell\n|t:|1781433212\n|gametype|singles\n|player|p1|Third Mo0n|plasmagrunt|1972\n|player|p2|watercell|fisherman-gen4|1943\n|gen|9\n|tier|[Gen 9] Random Battle\n|rated|\n|rule|Species Clause: Limit one of each Pok\u00e9mon\n|rule|HP Percentage Mod: HP is shown in percentages\n|rule|Sleep Clause Mod: Limit one foe put to sleep\n|rule|Illusion Level Mod: Illusion disguises the Pok\u00e9mon's true level\n|\n|t:|1781433212\n|teamsize|p1|6\n|teamsize|p2|6\n|start\n|switch|p1a: Calyrex|Calyrex, L93|337/337\n|switch|p2a: Coalossal|Coalossal, L89, M|341/341\n|-ability|p1a: Calyrex|Unnerve\n|turn|1\n|inactive|Battle timer is ON: inactive players will automatically lose when time's up. (requested by Third Mo0n)\n|\n|t:|1781433233\n|switch|p1a: Conkeldurr|Conkeldurr, L80, F|299/299\n|move|p2a: Coalossal|Overheat|p1a: Conkeldurr\n|-damage|p1a: Conkeldurr|139/299\n|-unboost|p2a: Coalossal|spa|2\n|\n|-status|p1a: Conkeldurr|brn|[from] item: Flame Orb\n|upkeep\n|turn|2\n|\n|t:|1781433244\n|switch|p2a: Moltres|Moltres, L81|278/278\n|move|p1a: Conkeldurr|Knock Off|p2a: Moltres\n|-damage|p2a: Moltres|159/278\n|-enditem|p2a: Moltres|Heavy-Duty Boots|[from] move: Knock Off|[of] p1a: Conkeldurr\n|\n|-damage|p1a: Conkeldurr|121/299 brn|[from] brn\n|upkeep\n|turn|3\n|\n|t:|1781433259\n|move|p2a: Moltres|Fire Blast|p1a: Conkeldurr\n|-damage|p1a: Conkeldurr|0 fnt\n|faint|p1a: Conkeldurr\n|\n|upkeep\n|\n|t:|1781433265\n|switch|p1a: Eternatus|Eternatus, L69|308/308\n|-ability|p1a: Eternatus|Pressure\n|turn|4\n|inactive|watercell has 120 seconds left.\n|\n|t:|1781433297\n|switch|p2a: Coalossal|Coalossal, L89, M|341/341\n|move|p1a: Eternatus|Meteor Beam||[still]\n|-prepare|p1a: Eternatus|Meteor Beam\n|-boost|p1a: Eternatus|spa|1\n|-enditem|p1a: Eternatus|Power Herb\n|-anim|p1a: Eternatus|Meteor Beam|p2a: Coalossal\n|-supereffective|p2a: Coalossal\n|-damage|p2a: Coalossal|131/341\n|\n|upkeep\n|turn|5\n|inactive|watercell has 120 seconds left.\n|inactive|Third Mo0n has 120 seconds left.\n|\n|t:|1781433332\n|move|p1a: Eternatus|Dynamax Cannon|p2a: Coalossal\n|-damage|p2a: Coalossal|0 fnt\n|faint|p2a: Coalossal\n|\n|upkeep\n|\n|t:|1781433334\n|switch|p2a: Hatterene|Hatterene, L85, F|236/236\n|turn|6\n|\n|t:|1781433341\n|move|p1a: Eternatus|Sludge Bomb|p2a: Hatterene\n|-supereffective|p2a: Hatterene\n|-damage|p2a: Hatterene|86/236\n|move|p2a: Hatterene|Nuzzle|p1a: Eternatus\n|-resisted|p1a: Eternatus\n|-damage|p1a: Eternatus|300/308\n|-status|p1a: Eternatus|par\n|\n|upkeep\n|turn|7\n|\n|t:|1781433351\n|switch|p2a: Garchomp|Garchomp, L74, F|282/282\n|move|p1a: Eternatus|Sludge Bomb|p2a: Garchomp\n|-resisted|p2a: Garchomp\n|-damage|p2a: Garchomp|207/282\n|\n|upkeep\n|turn|8\n|\n|t:|1781433357\n|move|p2a: Garchomp|Outrage|p1a: Eternatus\n|-supereffective|p1a: Eternatus\n|-damage|p1a: Eternatus|36/308 par\n|cant|p1a: Eternatus|par\n|\n|upkeep\n|turn|9\n|\n|t:|1781433363\n|move|p2a: Garchomp|Outrage|p1a: Eternatus|[from] lockedmove\n|-supereffective|p1a: Eternatus\n|-damage|p1a: Eternatus|0 fnt\n|faint|p1a: Eternatus\n|\n|upkeep\n|\n|t:|1781433373\n|switch|p1a: Samurott|Samurott-Hisui, L77, F|265/265\n|turn|10\n|\n|t:|1781433377\n|move|p2a: Garchomp|Outrage|p1a: Samurott|[from] lockedmove\n|-damage|p1a: Samurott|114/265\n|-start|p2a: Garchomp|confusion|[fatigue]\n|move|p1a: Samurott|Razor Shell|p2a: Garchomp\n|-damage|p2a: Garchomp|65/282\n|-unboost|p2a: Garchomp|def|1\n|-damage|p1a: Samurott|81/265|[from] ability: Rough Skin|[of] p2a: Garchomp\n|-damage|p1a: Samurott|37/265|[from] item: Rocky Helmet|[of] p2a: Garchomp\n|-damage|p1a: Samurott|11/265|[from] item: Life Orb\n|\n|upkeep\n|turn|11\n|\n|t:|1781433392\n|switch|p2a: Hatterene|Hatterene, L85, F|86/236\n|move|p1a: Samurott|Ceaseless Edge|p2a: Hatterene\n|-damage|p2a: Hatterene|0 fnt\n|-sidestart|p2: watercell|Spikes\n|faint|p2a: Hatterene\n|-damage|p1a: Samurott|0 fnt|[from] item: Life Orb\n|faint|p1a: Samurott\n|\n|upkeep\n|\n|t:|1781433403\n|switch|p1a: Calyrex|Calyrex, L93|337/337\n|switch|p2a: Leafeon|Leafeon, L88, M|258/258\n|-ability|p1a: Calyrex|Unnerve\n|-damage|p2a: Leafeon|226/258|[from] Spikes\n|turn|12\n|\n|t:|1781433414\n|switch|p1a: Dragalge|Dragalge, L88, M|258/258\n|move|p2a: Leafeon|Swords Dance|p2a: Leafeon\n|-boost|p2a: Leafeon|atk|2\n|\n|upkeep\n|turn|13\n|\n|t:|1781433422\n|move|p2a: Leafeon|Double-Edge|p1a: Dragalge\n|-damage|p1a: Dragalge|6/258\n|-damage|p2a: Leafeon|143/258|[from] Recoil\n|-damage|p2a: Leafeon|118/258|[from] item: Life Orb\n|move|p1a: Dragalge|Sludge Wave|p2a: Leafeon\n|-supereffective|p2a: Leafeon\n|-damage|p2a: Leafeon|0 fnt\n|faint|p2a: Leafeon\n|\n|-heal|p1a: Dragalge|22/258|[from] item: Leftovers\n|upkeep\n|\n|t:|1781433427\n|switch|p2a: Moltres|Moltres, L81|159/278\n|turn|14\n|\n|t:|1781433434\n|move|p2a: Moltres|Scorching Sands|p1a: Dragalge\n|-supereffective|p1a: Dragalge\n|-damage|p1a: Dragalge|0 fnt\n|faint|p1a: Dragalge\n|\n|upkeep\n|\n|t:|1781433441\n|switch|p1a: Calyrex|Calyrex, L93|337/337\n|-ability|p1a: Calyrex|Unnerve\n|turn|15\n|\n|t:|1781433446\n|move|p1a: Calyrex|Leech Seed|p2a: Moltres\n|-start|p2a: Moltres|move: Leech Seed\n|move|p2a: Moltres|Roost|p2a: Moltres\n|-heal|p2a: Moltres|278/278\n|-singleturn|p2a: Moltres|move: Roost\n|\n|-damage|p2a: Moltres|244/278|[from] Leech Seed|[of] p1a: Calyrex\n|upkeep\n|turn|16\n|\n|t:|1781433463\n|switch|p2a: Alcremie|Alcremie-Lemon-Cream, L90, F|263/263\n|-damage|p2a: Alcremie|231/263|[from] Spikes\n|move|p1a: Calyrex|Psyshock|p2a: Alcremie\n|-damage|p2a: Alcremie|129/263\n|\n|-heal|p2a: Alcremie|145/263|[from] item: Leftovers\n|upkeep\n|turn|17\n|\n|t:|1781433471\n|switch|p2a: Moltres|Moltres, L81|244/278\n|move|p1a: Calyrex|Leech Seed|p2a: Moltres\n|-start|p2a: Moltres|move: Leech Seed\n|\n|-damage|p2a: Moltres|210/278|[from] Leech Seed|[of] p1a: Calyrex\n|upkeep\n|turn|18\n|\n|t:|1781433483\n|move|p1a: Calyrex|Psyshock|p2a: Moltres\n|-damage|p2a: Moltres|122/278\n|move|p2a: Moltres|Fire Blast|p1a: Calyrex\n|-supereffective|p1a: Calyrex\n|-damage|p1a: Calyrex|83/337\n|\n|-heal|p1a: Calyrex|104/337|[from] item: Leftovers\n|-damage|p2a: Moltres|88/278|[from] Leech Seed|[of] p1a: Calyrex\n|-heal|p1a: Calyrex|138/337|[silent]\n|upkeep\n|turn|19\n|\n|t:|1781433494\n|move|p1a: Calyrex|Psyshock|p2a: Moltres\n|-damage|p2a: Moltres|0 fnt\n|faint|p2a: Moltres\n|\n|-heal|p1a: Calyrex|159/337|[from] item: Leftovers\n|upkeep\n|\n|t:|1781433497\n|switch|p2a: Alcremie|Alcremie-Lemon-Cream, L90, F|145/263\n|-damage|p2a: Alcremie|113/263|[from] Spikes\n|turn|20\n|\n|t:|1781433504\n|move|p1a: Calyrex|Psyshock|p2a: Alcremie\n|-damage|p2a: Alcremie|25/263\n|move|p2a: Alcremie|Alluring Voice|p1a: Calyrex\n|-damage|p1a: Calyrex|47/337\n|\n|-heal|p1a: Calyrex|68/337|[from] item: Leftovers\n|-heal|p2a: Alcremie|41/263|[from] item: Leftovers\n|upkeep\n|turn|21\n|-message|watercell forfeited.\n|\n|win|Third Mo0n\n", "uploadtime": 1781433213, "views": 3, "formatid": "gen9randombattle", "rating": null, "private": 0, "password": null}