{"id": "gen9randombattle-2631452624", "format": "[Gen 9] Random Battle", "players": ["UmbreonSolitario", "The_Nekezator"], "log": "|j|\u2606UmbreonSolitario\n|j|\u2606The_Nekezator\n|t:|1781386448\n|gametype|singles\n|player|p1|UmbreonSolitario|102|1974\n|player|p2|The_Nekezator|ingo|1926\n|gen|9\n|tier|[Gen 9] Random Battle\n|rated|\n|rule|Species Clause: Limit one of each Pok\u00e9mon\n|rule|HP Percentage Mod: HP is shown in percentages\n|rule|Sleep Clause Mod: Limit one foe put to sleep\n|rule|Illusion Level Mod: Illusion disguises the Pok\u00e9mon's true level\n|\n|t:|1781386448\n|teamsize|p1|6\n|teamsize|p2|6\n|start\n|switch|p1a: Palafin|Palafin, L77, F|281/281\n|switch|p2a: Vileplume|Vileplume, L85, M|266/266\n|turn|1\n|\n|t:|1781386463\n|detailschange|p1a: Palafin|Palafin-Hero, L77, F\n|switch|p1a: Seviper|Seviper, L93, M|287/287\n|move|p2a: Vileplume|Leech Seed|p1a: Seviper\n|-start|p1a: Seviper|move: Leech Seed\n|\n|-damage|p1a: Seviper|252/287|[from] Leech Seed|[of] p2a: Vileplume\n|upkeep\n|turn|2\n|\n|t:|1781386468\n|move|p1a: Seviper|Switcheroo|p2a: Vileplume\n|-activate|p1a: Seviper|move: Trick|[of] p2a: Vileplume\n|-item|p2a: Vileplume|Choice Scarf|[from] move: Switcheroo\n|-item|p1a: Seviper|Leftovers|[from] move: Switcheroo\n|move|p2a: Vileplume|Strength Sap|p1a: Seviper\n|-unboost|p1a: Seviper|atk|1\n|\n|-heal|p1a: Seviper|269/287|[from] item: Leftovers\n|-damage|p1a: Seviper|234/287|[from] Leech Seed|[of] p2a: Vileplume\n|upkeep\n|turn|3\n|\n|t:|1781386482\n|switch|p2a: Arbok|Arbok, L87, F|246/246\n|-ability|p2a: Arbok|Intimidate|boost\n|-unboost|p1a: Seviper|atk|1\n|switch|p1a: Beartic|Beartic, L91, M|321/321\n|\n|upkeep\n|turn|4\n|\n|t:|1781386508\n|move|p2a: Arbok|Gunk Shot|p1a: Beartic\n|-damage|p1a: Beartic|188/321\n|move|p1a: Beartic|Snowscape|p1a: Beartic\n|-weather|Snowscape\n|\n|-weather|Snowscape|[upkeep]\n|upkeep\n|turn|5\n|\n|t:|1781386519\n|switch|p2a: Sableye|Sableye, L88, M|231/231\n|move|p1a: Beartic|Icicle Crash|p2a: Sableye|[miss]\n|-miss|p1a: Beartic|p2a: Sableye\n|\n|-weather|Snowscape|[upkeep]\n|upkeep\n|turn|6\n|\n|t:|1781386522\n|move|p2a: Sableye|Encore|p1a: Beartic\n|-start|p1a: Beartic|Encore\n|move|p1a: Beartic|Icicle Crash|p2a: Sableye\n|-damage|p2a: Sableye|92/231\n|\n|-weather|Snowscape|[upkeep]\n|-heal|p2a: Sableye|106/231|[from] item: Leftovers\n|upkeep\n|turn|7\n|\n|t:|1781386528\n|switch|p1a: Cacturne|Cacturne, L92, M|278/278\n|move|p2a: Sableye|Thunder Wave|p1a: Cacturne\n|-hint|Since gen 7, Dark is immune to Prankster moves.\n|-immune|p1a: Cacturne\n|\n|-weather|Snowscape|[upkeep]\n|-heal|p2a: Sableye|120/231|[from] item: Leftovers\n|upkeep\n|turn|8\n|\n|t:|1781386537\n|switch|p2a: Arbok|Arbok, L87, F|246/246\n|-ability|p2a: Arbok|Intimidate|boost\n|-unboost|p1a: Cacturne|atk|1\n|move|p1a: Cacturne|Knock Off|p2a: Arbok\n|-damage|p2a: Arbok|110/246\n|-enditem|p2a: Arbok|Leftovers|[from] move: Knock Off|[of] p1a: Cacturne\n|-damage|p1a: Cacturne|251/278|[from] item: Life Orb\n|\n|-weather|none\n|upkeep\n|turn|9\n|\n|t:|1781386555\n|switch|p1a: Seviper|Seviper, L93, M|234/287\n|move|p2a: Arbok|Gunk Shot|p1a: Seviper\n|-resisted|p1a: Seviper\n|-damage|p1a: Seviper|152/287\n|\n|-heal|p1a: Seviper|169/287|[from] item: Leftovers\n|upkeep\n|turn|10\n|\n|t:|1781386561\n|move|p2a: Arbok|Earthquake|p1a: Seviper\n|-supereffective|p1a: Seviper\n|-damage|p1a: Seviper|0 fnt\n|faint|p1a: Seviper\n|\n|upkeep\n|\n|t:|1781386570\n|switch|p1a: Palafin|Palafin-Hero, L77, F|281/281\n|-activate|p1a: Palafin|ability: Zero to Hero\n|turn|11\n|\n|t:|1781386574\n|move|p1a: Palafin|Flip Turn|p2a: Arbok\n|-damage|p2a: Arbok|0 fnt\n|faint|p2a: Arbok\n|\n|t:|1781386577\n|switch|p1a: Cacturne|Cacturne, L92, M|251/278|[from] Flip Turn\n|\n|upkeep\n|\n|t:|1781386594\n|switch|p2a: Vileplume|Vileplume, L85, M|266/266\n|turn|12\n|\n|t:|1781386614\n|move|p2a: Vileplume|Sludge Bomb|p1a: Cacturne\n|-supereffective|p1a: Cacturne\n|-damage|p1a: Cacturne|0 fnt\n|faint|p1a: Cacturne\n|\n|upkeep\n|\n|t:|1781386618\n|switch|p1a: Beartic|Beartic, L91, M|188/321\n|turn|13\n|\n|t:|1781386644\n|move|p2a: Vileplume|Sludge Bomb|p1a: Beartic\n|-damage|p1a: Beartic|80/321\n|move|p1a: Beartic|Icicle Crash|p2a: Vileplume\n|-supereffective|p2a: Vileplume\n|-damage|p2a: Vileplume|14/266\n|\n|upkeep\n|turn|14\n|\n|t:|1781386649\n|move|p2a: Vileplume|Sludge Bomb|p1a: Beartic\n|-damage|p1a: Beartic|0 fnt\n|faint|p1a: Beartic\n|\n|upkeep\n|\n|t:|1781386654\n|switch|p1a: Palafin|Palafin-Hero, L77, F|281/281\n|turn|15\n|\n|t:|1781386657\n|move|p1a: Palafin|Jet Punch|p2a: Vileplume\n|-resisted|p2a: Vileplume\n|-damage|p2a: Vileplume|0 fnt\n|faint|p2a: Vileplume\n|\n|upkeep\n|\n|t:|1781386660\n|switch|p2a: Sableye|Sableye, L88, M|120/231\n|turn|16\n|\n|t:|1781386664\n|-terastallize|p1a: Palafin|Water\n|move|p1a: Palafin|Jet Punch|p2a: Sableye\n|-damage|p2a: Sableye|0 fnt\n|faint|p2a: Sableye\n|\n|upkeep\n|\n|t:|1781386692\n|switch|p2a: Ambipom|Ambipom, L84, M|263/263\n|turn|17\n|\n|t:|1781386705\n|-terastallize|p2a: Ambipom|Normal\n|move|p2a: Ambipom|Fake Out|p1a: Palafin\n|-damage|p1a: Palafin|179/281\n|cant|p1a: Palafin|flinch\n|\n|upkeep\n|turn|18\n|\n|t:|1781386710\n|move|p1a: Palafin|Jet Punch|p2a: Ambipom\n|-crit|p2a: Ambipom\n|-damage|p2a: Ambipom|0 fnt\n|faint|p2a: Ambipom\n|\n|upkeep\n|\n|t:|1781386715\n|switch|p2a: Minior|Minior-Orange, L79|224/224\n|-formechange|p2a: Minior|Minior-Meteor||[from] ability: Shields Down\n|turn|19\n|\n|t:|1781386724\n|move|p1a: Palafin|Jet Punch|p2a: Minior\n|-supereffective|p2a: Minior\n|-damage|p2a: Minior|0 fnt\n|faint|p2a: Minior\n|\n|upkeep\n|\n|t:|1781386726\n|switch|p2a: Terrakion|Terrakion, L79|273/273\n|turn|20\n|c|\u2606The_Nekezator|Bruh lol\n|\n|t:|1781386735\n|move|p2a: Terrakion|Quick Attack|p1a: Palafin\n|-damage|p1a: Palafin|131/281\n|move|p1a: Palafin|Jet Punch|p2a: Terrakion\n|-supereffective|p2a: Terrakion\n|-damage|p2a: Terrakion|0 fnt\n|faint|p2a: Terrakion\n|\n|win|UmbreonSolitario\n", "uploadtime": 1781386449, "views": 4, "formatid": "gen9randombattle", "rating": null, "private": 0, "password": null}