{"id": "gen9randombattle-2631706750", "format": "[Gen 9] Random Battle", "players": ["Cygnus11235", "Davide070701"], "log": "|j|\u2606Cygnus11235\n|j|\u2606Davide070701\n|t:|1781425661\n|gametype|singles\n|player|p1|Cygnus11235|265|1939\n|player|p2|Davide070701|170|2007\n|gen|9\n|tier|[Gen 9] Random Battle\n|rated|\n|rule|Species Clause: Limit one of each Pok\u00e9mon\n|rule|HP Percentage Mod: HP is shown in percentages\n|rule|Sleep Clause Mod: Limit one foe put to sleep\n|rule|Illusion Level Mod: Illusion disguises the Pok\u00e9mon's true level\n|\n|t:|1781425661\n|teamsize|p1|6\n|teamsize|p2|6\n|start\n|switch|p1a: Darkrai|Darkrai, L77|234/234\n|switch|p2a: Ditto|Ditto, L87|225/225\n|-transform|p2a: Ditto|p1a: Darkrai|[from] ability: Imposter\n|turn|1\n|l|\u2606Davide070701\n|player|p2|\n|j|\u2606Davide070701\n|player|p2|Davide070701|170|\n|\n|t:|1781425679\n|move|p2a: Ditto|Hypnosis|p1a: Darkrai\n|-status|p1a: Darkrai|slp|[from] move: Hypnosis\n|cant|p1a: Darkrai|slp\n|\n|-damage|p1a: Darkrai|205/234 slp|[from] ability: Bad Dreams|[of] p2a: Ditto\n|upkeep\n|turn|2\n|\n|t:|1781425683\n|switch|p2a: Cinccino|Cinccino, L83, M|260/260\n|cant|p1a: Darkrai|slp\n|\n|upkeep\n|turn|3\n|inactive|Battle timer is ON: inactive players will automatically lose when time's up. (requested by Davide070701)\n|\n|t:|1781425690\n|switch|p1a: Qwilfish|Qwilfish, L86, M|252/252\n|-ability|p1a: Qwilfish|Intimidate|boost\n|-unboost|p2a: Cinccino|atk|1\n|move|p2a: Cinccino|Tail Slap|p1a: Qwilfish\n|-crit|p1a: Qwilfish\n|-damage|p1a: Qwilfish|195/252\n|-damage|p1a: Qwilfish|168/252\n|-damage|p1a: Qwilfish|141/252\n|-damage|p1a: Qwilfish|116/252\n|-hitcount|p1a: Qwilfish|4\n|\n|upkeep\n|turn|4\n|\n|t:|1781425701\n|move|p2a: Cinccino|U-turn|p1a: Qwilfish\n|-resisted|p1a: Qwilfish\n|-damage|p1a: Qwilfish|100/252\n|\n|t:|1781425709\n|switch|p2a: Minior|Minior-Indigo, L79|224/224|[from] U-turn\n|-formechange|p2a: Minior|Minior-Meteor||[from] ability: Shields Down\n|move|p1a: Qwilfish|Pain Split|p2a: Minior\n|-sethp|p2a: Minior|162/224|[from] move: Pain Split|[silent]\n|-sethp|p1a: Qwilfish|162/252|[from] move: Pain Split\n|\n|upkeep\n|turn|5\n|\n|t:|1781425727\n|move|p1a: Qwilfish|Flip Turn|p2a: Minior\n|-supereffective|p2a: Minior\n|-damage|p2a: Minior|22/224\n|\n|t:|1781425735\n|switch|p1a: Blastoise|Blastoise, L80, M|258/258|[from] Flip Turn\n|move|p2a: Minior|Shell Smash|p2a: Minior\n|-unboost|p2a: Minior|def|1\n|-unboost|p2a: Minior|spd|1\n|-boost|p2a: Minior|atk|2\n|-boost|p2a: Minior|spa|2\n|-boost|p2a: Minior|spe|2\n|-enditem|p2a: Minior|White Herb\n|-clearnegativeboost|p2a: Minior|[silent]\n|\n|-formechange|p2a: Minior|Minior-Indigo||[from] ability: Shields Down\n|upkeep\n|turn|6\n|\n|t:|1781425740\n|move|p2a: Minior|Acrobatics|p1a: Blastoise\n|-damage|p1a: Blastoise|57/258\n|move|p1a: Blastoise|Ice Beam|p2a: Minior\n|-supereffective|p2a: Minior\n|-damage|p2a: Minior|0 fnt\n|faint|p2a: Minior\n|\n|upkeep\n|\n|t:|1781425747\n|switch|p2a: Dedenne|Dedenne, L88, M|261/261\n|turn|7\n|\n|t:|1781425755\n|move|p2a: Dedenne|Thunderbolt|p1a: Blastoise\n|-supereffective|p1a: Blastoise\n|-damage|p1a: Blastoise|0 fnt\n|faint|p1a: Blastoise\n|\n|upkeep\n|\n|t:|1781425759\n|switch|p1a: Chien-Pao|Chien-Pao, L72|234/234\n|-ability|p1a: Chien-Pao|Sword of Ruin\n|turn|8\n|\n|t:|1781425771\n|move|p1a: Chien-Pao|Swords Dance|p1a: Chien-Pao\n|-boost|p1a: Chien-Pao|atk|2\n|move|p2a: Dedenne|U-turn|p1a: Chien-Pao\n|-supereffective|p1a: Chien-Pao\n|-damage|p1a: Chien-Pao|130/234\n|\n|t:|1781425782\n|switch|p2a: Salazzle|Salazzle, L83, F|249/249|[from] U-turn\n|\n|upkeep\n|turn|9\n|\n|t:|1781425786\n|move|p2a: Salazzle|Substitute|p2a: Salazzle\n|-start|p2a: Salazzle|Substitute\n|-damage|p2a: Salazzle|187/249\n|move|p1a: Chien-Pao|Throat Chop|p2a: Salazzle\n|-end|p2a: Salazzle|Substitute\n|\n|-heal|p2a: Salazzle|202/249|[from] item: Leftovers\n|upkeep\n|turn|10\n|\n|t:|1781425791\n|move|p2a: Salazzle|Flamethrower|p1a: Chien-Pao\n|-supereffective|p1a: Chien-Pao\n|-damage|p1a: Chien-Pao|0 fnt\n|faint|p1a: Chien-Pao\n|\n|-heal|p2a: Salazzle|217/249|[from] item: Leftovers\n|upkeep\n|-message|Cygnus11235 forfeited.\n|\n|win|Davide070701\n", "uploadtime": 1781425663, "views": 3, "formatid": "gen9randombattle", "rating": null, "private": 0, "password": null}