{"id": "gen9randombattle-2631723180", "format": "[Gen 9] Random Battle", "players": ["AlakazamHer", "duuhhao"], "log": "|j|\u2606AlakazamHer\n|j|\u2606duuhhao\n|t:|1781428757\n|gametype|singles\n|player|p1|AlakazamHer|170|2096\n|player|p2|duuhhao|clair|2162\n|gen|9\n|tier|[Gen 9] Random Battle\n|rated|\n|rule|Species Clause: Limit one of each Pok\u00e9mon\n|rule|HP Percentage Mod: HP is shown in percentages\n|rule|Sleep Clause Mod: Limit one foe put to sleep\n|rule|Illusion Level Mod: Illusion disguises the Pok\u00e9mon's true level\n|\n|t:|1781428757\n|teamsize|p1|6\n|teamsize|p2|6\n|start\n|switch|p1a: Salazzle|Salazzle, L83, F|249/249\n|switch|p2a: Mudsdale|Mudsdale, L83, F|302/302\n|turn|1\n|\n|t:|1781428767\n|switch|p1a: Pelipper|Pelipper, L86, F|243/243\n|-weather|RainDance|[from] ability: Drizzle|[of] p1a: Pelipper\n|move|p2a: Mudsdale|Earthquake|p1a: Pelipper\n|-immune|p1a: Pelipper\n|\n|-weather|RainDance|[upkeep]\n|upkeep\n|turn|2\n|\n|t:|1781428775\n|switch|p2a: Swanna|Swanna, L89, M|278/278\n|move|p1a: Pelipper|Weather Ball|p2a: Swanna\n|-resisted|p2a: Swanna\n|-damage|p2a: Swanna|143/278\n|\n|-weather|RainDance|[upkeep]\n|upkeep\n|turn|3\n|\n|t:|1781428794\n|move|p2a: Swanna|Hydro Pump|p1a: Pelipper\n|-resisted|p1a: Pelipper\n|-damage|p1a: Pelipper|142/243\n|move|p1a: Pelipper|Weather Ball|p2a: Swanna\n|-resisted|p2a: Swanna\n|-damage|p2a: Swanna|0 fnt\n|faint|p2a: Swanna\n|\n|-weather|RainDance|[upkeep]\n|upkeep\n|\n|t:|1781428804\n|switch|p2a: Braviary|Braviary, L85, M|309/309\n|turn|4\n|\n|t:|1781428817\n|switch|p1a: Iron Crown|Iron Crown, L78|268/268\n|move|p2a: Braviary|Brave Bird|p1a: Iron Crown\n|-resisted|p1a: Iron Crown\n|-crit|p1a: Iron Crown\n|-damage|p1a: Iron Crown|151/268\n|-damage|p2a: Braviary|270/309|[from] Recoil\n|\n|-weather|RainDance|[upkeep]\n|-heal|p1a: Iron Crown|167/268|[from] item: Leftovers\n|upkeep\n|turn|5\n|\n|t:|1781428824\n|switch|p2a: Jirachi|Jirachi, L80|291/291\n|move|p1a: Iron Crown|Tachyon Cutter|p2a: Jirachi\n|-resisted|p2a: Jirachi\n|-damage|p2a: Jirachi|264/291\n|-resisted|p2a: Jirachi\n|-damage|p2a: Jirachi|235/291\n|-hitcount|p2a: Jirachi|2\n|\n|-weather|none\n|-heal|p2a: Jirachi|253/291|[from] item: Leftovers\n|-heal|p1a: Iron Crown|183/268|[from] item: Leftovers\n|upkeep\n|turn|6\n|\n|t:|1781428845\n|-end|p1a: Iron Crown|Quark Drive|[silent]\n|switch|p1a: Okidogi|Okidogi, L77, M|262/262\n|move|p2a: Jirachi|Stealth Rock|p1a: Okidogi\n|-sidestart|p1: AlakazamHer|move: Stealth Rock\n|\n|-heal|p2a: Jirachi|271/291|[from] item: Leftovers\n|upkeep\n|turn|7\n|\n|t:|1781428849\n|switch|p2a: Mudsdale|Mudsdale, L83, F|302/302\n|move|p1a: Okidogi|Knock Off|p2a: Mudsdale\n|-crit|p2a: Mudsdale\n|-damage|p2a: Mudsdale|206/302\n|-ability|p2a: Mudsdale|Stamina|boost\n|-boost|p2a: Mudsdale|def|1\n|-status|p2a: Mudsdale|tox|[from] ability: Toxic Chain|[of] p1a: Okidogi\n|-enditem|p2a: Mudsdale|Leftovers|[from] move: Knock Off|[of] p1a: Okidogi\n|\n|-damage|p2a: Mudsdale|188/302 tox|[from] psn\n|upkeep\n|turn|8\n|\n|t:|1781428866\n|switch|p1a: Flamigo|Flamigo, L82, F|269/269\n|-damage|p1a: Flamigo|236/269|[from] Stealth Rock\n|move|p2a: Mudsdale|Roar|p1a: Flamigo\n|drag|p1a: Pelipper|Pelipper, L86, F|142/243\n|-damage|p1a: Pelipper|82/243|[from] Stealth Rock\n|-weather|RainDance|[from] ability: Drizzle|[of] p1a: Pelipper\n|\n|-weather|RainDance|[upkeep]\n|-damage|p2a: Mudsdale|152/302 tox|[from] psn\n|upkeep\n|turn|9\n|\n|t:|1781428871\n|move|p1a: Pelipper|Weather Ball|p2a: Mudsdale\n|-supereffective|p2a: Mudsdale\n|-damage|p2a: Mudsdale|0 fnt\n|faint|p2a: Mudsdale\n|\n|-weather|RainDance|[upkeep]\n|upkeep\n|\n|t:|1781428876\n|switch|p2a: Jirachi|Jirachi, L80|271/291\n|turn|10\n|\n|t:|1781428878\n|move|p2a: Jirachi|Iron Head|p1a: Pelipper\n|-resisted|p1a: Pelipper\n|-damage|p1a: Pelipper|49/243\n|cant|p1a: Pelipper|flinch\n|\n|-weather|RainDance|[upkeep]\n|-heal|p2a: Jirachi|289/291|[from] item: Leftovers\n|upkeep\n|turn|11\n|\n|t:|1781428883\n|move|p2a: Jirachi|Body Slam|p1a: Pelipper\n|-damage|p1a: Pelipper|1/243\n|-status|p1a: Pelipper|par\n|move|p1a: Pelipper|Weather Ball|p2a: Jirachi\n|-damage|p2a: Jirachi|72/291\n|\n|-weather|RainDance|[upkeep]\n|-heal|p2a: Jirachi|90/291|[from] item: Leftovers\n|upkeep\n|turn|12\n|\n|t:|1781428890\n|move|p2a: Jirachi|Drain Punch|p1a: Pelipper\n|-resisted|p1a: Pelipper\n|-damage|p1a: Pelipper|0 fnt\n|-heal|p2a: Jirachi|91/291|[from] drain|[of] p1a: Pelipper\n|faint|p1a: Pelipper\n|\n|-weather|none\n|-heal|p2a: Jirachi|109/291|[from] item: Leftovers\n|upkeep\n|\n|t:|1781428901\n|switch|p1a: Salazzle|Salazzle, L83, F|249/249\n|-damage|p1a: Salazzle|187/249|[from] Stealth Rock\n|turn|13\n|\n|t:|1781428907\n|switch|p2a: Braviary|Braviary, L85, M|270/309\n|move|p1a: Salazzle|Flamethrower|p2a: Braviary\n|-damage|p2a: Braviary|153/309\n|\n|-heal|p1a: Salazzle|202/249|[from] item: Leftovers\n|upkeep\n|turn|14\n|\n|t:|1781428915\n|move|p1a: Salazzle|Toxic|p2a: Braviary\n|-status|p2a: Braviary|tox\n|move|p2a: Braviary|Brave Bird|p1a: Salazzle\n|-damage|p1a: Salazzle|0 fnt\n|faint|p1a: Salazzle\n|-damage|p2a: Braviary|86/309 tox|[from] Recoil\n|\n|-damage|p2a: Braviary|67/309 tox|[from] psn\n|upkeep\n|\n|t:|1781428925\n|switch|p1a: Iron Crown|Iron Crown, L78|183/268\n|-damage|p1a: Iron Crown|167/268|[from] Stealth Rock\n|turn|15\n|\n|t:|1781428929\n|move|p1a: Iron Crown|Tachyon Cutter|p2a: Braviary\n|-damage|p2a: Braviary|0 fnt\n|faint|p2a: Braviary\n|-hitcount|p2: Braviary|1\n|\n|-heal|p1a: Iron Crown|183/268|[from] item: Leftovers\n|upkeep\n|\n|t:|1781428932\n|switch|p2a: Jirachi|Jirachi, L80|109/291\n|turn|16\n|\n|t:|1781428939\n|-end|p1a: Iron Crown|Quark Drive|[silent]\n|switch|p1a: Okidogi|Okidogi, L77, M|262/262\n|-damage|p1a: Okidogi|246/262|[from] Stealth Rock\n|move|p2a: Jirachi|Body Slam|p1a: Okidogi\n|-crit|p1a: Okidogi\n|-damage|p1a: Okidogi|177/262\n|\n|-heal|p2a: Jirachi|127/291|[from] item: Leftovers\n|upkeep\n|turn|17\n|\n|t:|1781428953\n|switch|p2a: Iron Treads|Iron Treads, L77|265/265\n|move|p1a: Okidogi|Knock Off|p2a: Iron Treads\n|-damage|p2a: Iron Treads|206/265\n|-enditem|p2a: Iron Treads|Assault Vest|[from] move: Knock Off|[of] p1a: Okidogi\n|\n|upkeep\n|turn|18\n|\n|t:|1781428977\n|move|p2a: Iron Treads|Earthquake|p1a: Okidogi\n|-supereffective|p1a: Okidogi\n|-damage|p1a: Okidogi|1/262\n|move|p1a: Okidogi|Drain Punch|p2a: Iron Treads\n|-supereffective|p2a: Iron Treads\n|-damage|p2a: Iron Treads|62/265\n|-heal|p1a: Okidogi|73/262|[from] drain|[of] p2a: Iron Treads\n|\n|upkeep\n|turn|19\n|\n|t:|1781428982\n|switch|p1a: Flamigo|Flamigo, L82, F|236/269\n|-damage|p1a: Flamigo|203/269|[from] Stealth Rock\n|move|p2a: Iron Treads|Iron Head|p1a: Flamigo\n|-damage|p1a: Flamigo|110/269\n|\n|upkeep\n|turn|20\n|\n|t:|1781428991\n|move|p1a: Flamigo|Close Combat|p2a: Iron Treads\n|-supereffective|p2a: Iron Treads\n|-damage|p2a: Iron Treads|0 fnt\n|-unboost|p1a: Flamigo|def|1\n|-unboost|p1a: Flamigo|spd|1\n|faint|p2a: Iron Treads\n|-end|p2a: Iron Treads|Quark Drive|[silent]\n|\n|upkeep\n|\n|t:|1781428993\n|switch|p2a: Comfey|Comfey, L85, F|225/225\n|turn|21\n|\n|t:|1781429025\n|switch|p1a: Suicune|Suicune, L82|298/298\n|-damage|p1a: Suicune|261/298|[from] Stealth Rock\n|-ability|p1a: Suicune|Pressure\n|move|p2a: Comfey|Calm Mind|p2a: Comfey\n|-boost|p2a: Comfey|spa|1\n|-boost|p2a: Comfey|spd|1\n|\n|-heal|p1a: Suicune|279/298|[from] item: Leftovers\n|upkeep\n|turn|22\n|\n|t:|1781429029\n|move|p2a: Comfey|Calm Mind|p2a: Comfey\n|-boost|p2a: Comfey|spa|1\n|-boost|p2a: Comfey|spd|1\n|move|p1a: Suicune|Calm Mind|p1a: Suicune\n|-boost|p1a: Suicune|spa|1\n|-boost|p1a: Suicune|spd|1\n|\n|-heal|p1a: Suicune|297/298|[from] item: Leftovers\n|upkeep\n|turn|23\n|\n|t:|1781429031\n|move|p2a: Comfey|Calm Mind|p2a: Comfey\n|-boost|p2a: Comfey|spa|1\n|-boost|p2a: Comfey|spd|1\n|move|p1a: Suicune|Calm Mind|p1a: Suicune\n|-boost|p1a: Suicune|spa|1\n|-boost|p1a: Suicune|spd|1\n|\n|-heal|p1a: Suicune|298/298|[from] item: Leftovers\n|upkeep\n|turn|24\n|\n|t:|1781429033\n|move|p2a: Comfey|Calm Mind|p2a: Comfey\n|-boost|p2a: Comfey|spa|1\n|-boost|p2a: Comfey|spd|1\n|move|p1a: Suicune|Calm Mind|p1a: Suicune\n|-boost|p1a: Suicune|spa|1\n|-boost|p1a: Suicune|spd|1\n|\n|upkeep\n|turn|25\n|\n|t:|1781429034\n|move|p2a: Comfey|Calm Mind|p2a: Comfey\n|-boost|p2a: Comfey|spa|1\n|-boost|p2a: Comfey|spd|1\n|move|p1a: Suicune|Calm Mind|p1a: Suicune\n|-boost|p1a: Suicune|spa|1\n|-boost|p1a: Suicune|spd|1\n|\n|upkeep\n|turn|26\n|\n|t:|1781429035\n|move|p2a: Comfey|Calm Mind|p2a: Comfey\n|-boost|p2a: Comfey|spa|1\n|-boost|p2a: Comfey|spd|1\n|move|p1a: Suicune|Calm Mind|p1a: Suicune\n|-boost|p1a: Suicune|spa|1\n|-boost|p1a: Suicune|spd|1\n|\n|upkeep\n|turn|27\n|\n|t:|1781429037\n|move|p2a: Comfey|Giga Drain|p1a: Suicune\n|-supereffective|p1a: Suicune\n|-damage|p1a: Suicune|206/298\n|move|p1a: Suicune|Calm Mind|p1a: Suicune\n|-boost|p1a: Suicune|spa|1\n|-boost|p1a: Suicune|spd|1\n|\n|-heal|p1a: Suicune|224/298|[from] item: Leftovers\n|upkeep\n|turn|28\n|\n|t:|1781429040\n|-terastallize|p1a: Suicune|Steel\n|move|p2a: Comfey|Giga Drain|p1a: Suicune\n|-resisted|p1a: Suicune\n|-damage|p1a: Suicune|205/298\n|move|p1a: Suicune|Scald|p2a: Comfey\n|-damage|p2a: Comfey|162/225\n|\n|-heal|p2a: Comfey|176/225|[from] item: Leftovers\n|-heal|p1a: Suicune|223/298|[from] item: Leftovers\n|upkeep\n|turn|29\n|\n|t:|1781429044\n|-terastallize|p2a: Comfey|Ground\n|move|p2a: Comfey|Tera Blast|p1a: Suicune|[anim] Tera Blast Ground\n|-supereffective|p1a: Suicune\n|-damage|p1a: Suicune|91/298\n|move|p1a: Suicune|Scald|p2a: Comfey\n|-supereffective|p2a: Comfey\n|-damage|p2a: Comfey|50/225\n|\n|-heal|p2a: Comfey|64/225|[from] item: Leftovers\n|-heal|p1a: Suicune|109/298|[from] item: Leftovers\n|upkeep\n|turn|30\n|\n|t:|1781429049\n|move|p1a: Suicune|Protect|p1a: Suicune\n|-singleturn|p1a: Suicune|Protect\n|move|p2a: Comfey|Tera Blast|p1a: Suicune|[anim] Tera Blast Ground\n|-activate|p1a: Suicune|move: Protect\n|\n|-heal|p2a: Comfey|78/225|[from] item: Leftovers\n|-heal|p1a: Suicune|127/298|[from] item: Leftovers\n|upkeep\n|turn|31\n|\n|t:|1781429052\n|move|p2a: Comfey|Tera Blast|p1a: Suicune|[anim] Tera Blast Ground\n|-supereffective|p1a: Suicune\n|-damage|p1a: Suicune|0 fnt\n|faint|p1a: Suicune\n|\n|-heal|p2a: Comfey|92/225|[from] item: Leftovers\n|upkeep\n|\n|t:|1781429054\n|switch|p1a: Flamigo|Flamigo, L82, F|110/269\n|-damage|p1a: Flamigo|77/269|[from] Stealth Rock\n|turn|32\n|-message|AlakazamHer forfeited.\n|\n|win|duuhhao\n", "uploadtime": 1781428759, "views": 3, "formatid": "gen9randombattle", "rating": null, "private": 0, "password": null}