{"id": "gen9randombattle-2631424872", "format": "[Gen 9] Random Battle", "players": ["JayCroc", "nocomment3"], "log": "|j|\u2606JayCroc\n|j|\u2606nocomment3\n|t:|1781383033\n|gametype|singles\n|player|p1|JayCroc|ivor|2079\n|player|p2|nocomment3|2|2072\n|gen|9\n|tier|[Gen 9] Random Battle\n|rated|\n|rule|Species Clause: Limit one of each Pok\u00e9mon\n|rule|HP Percentage Mod: HP is shown in percentages\n|rule|Sleep Clause Mod: Limit one foe put to sleep\n|rule|Illusion Level Mod: Illusion disguises the Pok\u00e9mon's true level\n|\n|t:|1781383033\n|teamsize|p1|6\n|teamsize|p2|6\n|start\n|switch|p1a: Chesnaught|Chesnaught, L84, F|285/285\n|switch|p2a: Tropius|Tropius, L91, M|328/328\n|turn|1\n|\n|t:|1781383041\n|move|p1a: Chesnaught|Knock Off|p2a: Tropius\n|-damage|p2a: Tropius|256/328\n|-enditem|p2a: Tropius|Sitrus Berry|[from] move: Knock Off|[of] p1a: Chesnaught\n|move|p2a: Tropius|Air Slash|p1a: Chesnaught\n|-supereffective|p1a: Chesnaught\n|-damage|p1a: Chesnaught|0 fnt\n|faint|p1a: Chesnaught\n|\n|upkeep\n|\n|t:|1781383050\n|switch|p1a: Indeedee|Indeedee-F, L90, F|272/272\n|-fieldstart|move: Psychic Terrain|[from] ability: Psychic Surge|[of] p1a: Indeedee\n|turn|2\n|\n|t:|1781383055\n|switch|p2a: Honchkrow|Honchkrow, L86, F|312/312\n|move|p1a: Indeedee|Psyshock|p2a: Honchkrow\n|-immune|p2a: Honchkrow\n|\n|upkeep\n|turn|3\n|\n|t:|1781383061\n|switch|p1a: Dugtrio|Dugtrio-Alola, L84, M|196/196\n|move|p2a: Honchkrow|U-turn|p1a: Dugtrio\n|-resisted|p1a: Dugtrio\n|-crit|p1a: Dugtrio\n|-damage|p1a: Dugtrio|133/196\n|-ability|p1a: Dugtrio|Tangling Hair\n|-unboost|p2a: Honchkrow|spe|1\n|\n|t:|1781383064\n|switch|p2a: Gallade|Gallade, L80, M|240/240|[from] U-turn\n|\n|upkeep\n|turn|4\n|\n|t:|1781383073\n|move|p2a: Gallade|Sacred Sword|p1a: Dugtrio\n|-supereffective|p1a: Dugtrio\n|-damage|p1a: Dugtrio|0 fnt\n|-ability|p1a: Dugtrio|Tangling Hair\n|-unboost|p2a: Gallade|spe|1\n|faint|p1a: Dugtrio\n|\n|upkeep\n|\n|t:|1781383086\n|switch|p1a: Indeedee|Indeedee-F, L90, F|272/272\n|turn|5\n|\n|t:|1781383092\n|-terastallize|p1a: Indeedee|Fairy\n|-terastallize|p2a: Gallade|Fighting\n|move|p1a: Indeedee|Dazzling Gleam|p2a: Gallade\n|-supereffective|p2a: Gallade\n|-damage|p2a: Gallade|70/240\n|move|p2a: Gallade|Sacred Sword|p1a: Indeedee\n|-resisted|p1a: Indeedee\n|-damage|p1a: Indeedee|157/272\n|\n|upkeep\n|turn|6\n|\n|t:|1781383103\n|switch|p2a: Alomomola|Alomomola, L87, F|429/429\n|move|p1a: Indeedee|Dazzling Gleam|p2a: Alomomola\n|-damage|p2a: Alomomola|284/429\n|\n|-fieldend|move: Psychic Terrain\n|upkeep\n|turn|7\n|\n|t:|1781383111\n|move|p1a: Indeedee|Dazzling Gleam|p2a: Alomomola\n|-damage|p2a: Alomomola|133/429\n|move|p2a: Alomomola|Flip Turn|p1a: Indeedee\n|-damage|p1a: Indeedee|87/272\n|\n|t:|1781383114\n|switch|p2a: Gallade|Gallade, L80, M, tera:Fighting|70/240|[from] Flip Turn\n|\n|upkeep\n|turn|8\n|\n|t:|1781383121\n|switch|p1a: Regice|Regice, L88|284/284\n|switch|p2a: Tropius|Tropius, L91, M|256/328\n|\n|upkeep\n|turn|9\n|\n|t:|1781383129\n|switch|p2a: Vikavolt|Vikavolt, L83, F|263/263\n|move|p1a: Regice|Ice Beam|p2a: Vikavolt\n|-damage|p2a: Vikavolt|149/263\n|\n|upkeep\n|turn|10\n|\n|t:|1781383137\n|switch|p1a: Haxorus|Haxorus, L77, M|244/244\n|-ability|p1a: Haxorus|Mold Breaker\n|move|p2a: Vikavolt|Sticky Web|p1a: Haxorus\n|-sidestart|p1: JayCroc|move: Sticky Web\n|\n|upkeep\n|turn|11\n|\n|t:|1781383145\n|move|p1a: Haxorus|Swords Dance|p1a: Haxorus\n|-boost|p1a: Haxorus|atk|2\n|move|p2a: Vikavolt|Bug Buzz|p1a: Haxorus\n|-damage|p1a: Haxorus|69/244\n|\n|upkeep\n|turn|12\n|\n|t:|1781383151\n|move|p1a: Haxorus|Scale Shot|p2a: Vikavolt\n|-damage|p2a: Vikavolt|85/263\n|-damage|p2a: Vikavolt|27/263\n|-damage|p2a: Vikavolt|0 fnt\n|faint|p2a: Vikavolt\n|-hitcount|p2: Vikavolt|3\n|-unboost|p1a: Haxorus|def|1\n|-boost|p1a: Haxorus|spe|1\n|\n|upkeep\n|\n|t:|1781383153\n|switch|p2a: Weezing|Weezing, L88, F|258/258\n|turn|13\n|\n|t:|1781383161\n|move|p1a: Haxorus|Scale Shot|p2a: Weezing\n|-damage|p2a: Weezing|212/258\n|-damage|p2a: Weezing|166/258\n|-damage|p2a: Weezing|120/258\n|-damage|p2a: Weezing|68/258\n|-hitcount|p2a: Weezing|4\n|-unboost|p1a: Haxorus|def|1\n|-boost|p1a: Haxorus|spe|1\n|move|p2a: Weezing|Sludge Bomb|p1a: Haxorus\n|-damage|p1a: Haxorus|0 fnt\n|faint|p1a: Haxorus\n|\n|-heal|p2a: Weezing|84/258|[from] item: Leftovers\n|upkeep\n|\n|t:|1781383175\n|switch|p1a: Regice|Regice, L88|284/284\n|turn|14\n|\n|t:|1781383178\n|move|p2a: Weezing|Sludge Bomb|p1a: Regice\n|-damage|p1a: Regice|233/284\n|move|p1a: Regice|Ice Beam|p2a: Weezing\n|-damage|p2a: Weezing|0 fnt\n|faint|p2a: Weezing\n|\n|upkeep\n|\n|t:|1781383181\n|switch|p2a: Gallade|Gallade, L80, M, tera:Fighting|70/240\n|turn|15\n|\n|t:|1781383186\n|move|p2a: Gallade|Sacred Sword|p1a: Regice\n|-supereffective|p1a: Regice\n|-damage|p1a: Regice|0 fnt\n|faint|p1a: Regice\n|\n|upkeep\n|\n|t:|1781383193\n|switch|p1a: Conkeldurr|Conkeldurr, L80, M|299/299\n|-activate|p1a: Conkeldurr|move: Sticky Web\n|-unboost|p1a: Conkeldurr|spe|1\n|turn|16\n|\n|t:|1781383197\n|move|p1a: Conkeldurr|Mach Punch|p2a: Gallade\n|-crit|p2a: Gallade\n|-damage|p2a: Gallade|0 fnt\n|faint|p2a: Gallade\n|\n|-status|p1a: Conkeldurr|brn|[from] item: Flame Orb\n|upkeep\n|\n|t:|1781383200\n|switch|p2a: Honchkrow|Honchkrow, L86, F|312/312\n|turn|17\n|\n|t:|1781383205\n|move|p2a: Honchkrow|Brave Bird|p1a: Conkeldurr\n|-supereffective|p1a: Conkeldurr\n|-damage|p1a: Conkeldurr|0 fnt\n|faint|p1a: Conkeldurr\n|-ability|p2a: Honchkrow|Moxie|boost\n|-boost|p2a: Honchkrow|atk|1\n|-damage|p2a: Honchkrow|213/312|[from] Recoil\n|\n|upkeep\n|-message|JayCroc forfeited.\n|\n|win|nocomment3\n", "uploadtime": 1781383035, "views": 8, "formatid": "gen9randombattle", "rating": null, "private": 0, "password": null}