{"id": "gen9randombattle-2631457423", "format": "[Gen 9] Random Battle", "players": ["AmroE13", "taipeiqueen22"], "log": "|j|\u2606AmroE13\n|j|\u2606taipeiqueen22\n|t:|1781387036\n|gametype|singles\n|player|p1|AmroE13|266|1943\n|player|p2|taipeiqueen22|erika|2002\n|gen|9\n|tier|[Gen 9] Random Battle\n|rated|\n|rule|Species Clause: Limit one of each Pok\u00e9mon\n|rule|HP Percentage Mod: HP is shown in percentages\n|rule|Sleep Clause Mod: Limit one foe put to sleep\n|rule|Illusion Level Mod: Illusion disguises the Pok\u00e9mon's true level\n|\n|t:|1781387036\n|teamsize|p1|6\n|teamsize|p2|6\n|start\n|switch|p1a: Tropius|Tropius, L91, F|328/328\n|switch|p2a: Urshifu|Urshifu-Rapid-Strike, L75, M|274/274\n|turn|1\n|inactive|Battle timer is ON: inactive players will automatically lose when time's up. (requested by AmroE13)\n|\n|t:|1781387064\n|move|p1a: Tropius|Protect|p1a: Tropius\n|-singleturn|p1a: Tropius|Protect\n|move|p2a: Urshifu|Ice Spinner|p1a: Tropius\n|-supereffective|p1a: Tropius\n|-damage|p1a: Tropius|42/328\n|-enditem|p1a: Tropius|Sitrus Berry|[eat]\n|-heal|p1a: Tropius|124/328|[from] item: Sitrus Berry\n|-damage|p2a: Urshifu|247/274|[from] item: Life Orb\n|\n|upkeep\n|turn|2\n|\n|t:|1781387071\n|switch|p1a: Orthworm|Orthworm, L88, M|266/266\n|move|p2a: Urshifu|Ice Spinner|p1a: Orthworm\n|-resisted|p1a: Orthworm\n|-damage|p1a: Orthworm|243/266\n|-damage|p2a: Urshifu|220/274|[from] item: Life Orb\n|\n|-heal|p1a: Orthworm|259/266|[from] item: Leftovers\n|upkeep\n|turn|3\n|\n|t:|1781387080\n|move|p2a: Urshifu|Swords Dance|p2a: Urshifu\n|-boost|p2a: Urshifu|atk|2\n|move|p1a: Orthworm|Spikes|p2a: Urshifu\n|-sidestart|p2: taipeiqueen22|Spikes\n|\n|-heal|p1a: Orthworm|266/266|[from] item: Leftovers\n|upkeep\n|turn|4\n|\n|t:|1781387089\n|move|p2a: Urshifu|Close Combat|p1a: Orthworm\n|-supereffective|p1a: Orthworm\n|-damage|p1a: Orthworm|0 fnt\n|-unboost|p2a: Urshifu|def|1\n|-unboost|p2a: Urshifu|spd|1\n|faint|p1a: Orthworm\n|-damage|p2a: Urshifu|193/274|[from] item: Life Orb\n|\n|upkeep\n|\n|t:|1781387100\n|switch|p1a: Girafarig|Girafarig, L89, M|269/269\n|turn|5\n|inactive|taipeiqueen22 has 120 seconds left.\n|\n|t:|1781387137\n|switch|p2a: Glaceon|Glaceon, L94, F|275/275\n|move|p1a: Girafarig|Psyshock|p2a: Glaceon\n|-damage|p2a: Glaceon|205/275\n|\n|upkeep\n|turn|6\n|inactive|taipeiqueen22 has 120 seconds left.\n|\n|t:|1781387145\n|move|p1a: Girafarig|Nasty Plot|p1a: Girafarig\n|-boost|p1a: Girafarig|spa|2\n|move|p2a: Glaceon|Wish|p2a: Glaceon\n|\n|upkeep\n|turn|7\n|\n|t:|1781387150\n|move|p1a: Girafarig|Hyper Voice|p2a: Glaceon\n|-damage|p2a: Glaceon|45/275\n|move|p2a: Glaceon|Freeze-Dry|p1a: Girafarig\n|-damage|p1a: Girafarig|176/269\n|\n|-heal|p2a: Glaceon|182/275|[from] move: Wish|[wisher] Glaceon\n|upkeep\n|turn|8\n|\n|t:|1781387158\n|move|p1a: Girafarig|Hyper Voice|p2a: Glaceon\n|-damage|p2a: Glaceon|10/275\n|move|p2a: Glaceon|Freeze-Dry|p1a: Girafarig\n|-damage|p1a: Girafarig|79/269\n|\n|upkeep\n|turn|9\n|\n|t:|1781387165\n|move|p1a: Girafarig|Hyper Voice|p2a: Glaceon\n|-damage|p2a: Glaceon|0 fnt\n|faint|p2a: Glaceon\n|\n|upkeep\n|\n|t:|1781387194\n|switch|p2a: Arceus|Arceus-Dragon, L71|288/288\n|-damage|p2a: Arceus|252/288|[from] Spikes\n|turn|10\n|\n|t:|1781387211\n|move|p2a: Arceus|Swords Dance|p2a: Arceus\n|-boost|p2a: Arceus|atk|2\n|move|p1a: Girafarig|Hyper Voice|p2a: Arceus\n|-damage|p2a: Arceus|68/288\n|\n|upkeep\n|turn|11\n|\n|t:|1781387222\n|move|p2a: Arceus|Heavy Slam|p1a: Girafarig\n|-damage|p1a: Girafarig|0 fnt\n|faint|p1a: Girafarig\n|\n|upkeep\n|\n|t:|1781387233\n|switch|p1a: Volcanion|Volcanion, L79|255/255\n|turn|12\n|\n|t:|1781387241\n|move|p2a: Arceus|Outrage|p1a: Volcanion\n|-damage|p1a: Volcanion|23/255\n|move|p1a: Volcanion|Steam Eruption|p2a: Arceus\n|-resisted|p2a: Arceus\n|-damage|p2a: Arceus|11/288\n|\n|upkeep\n|turn|13\n|\n|t:|1781387250\n|move|p2a: Arceus|Outrage|p1a: Volcanion|[from] lockedmove\n|-damage|p1a: Volcanion|0 fnt\n|faint|p1a: Volcanion\n|\n|upkeep\n|\n|t:|1781387253\n|switch|p1a: Salazzle|Salazzle, L83, F|249/249\n|turn|14\n|\n|t:|1781387257\n|move|p1a: Salazzle|Tera Blast|p2a: Arceus\n|-damage|p2a: Arceus|0 fnt\n|faint|p2a: Arceus\n|\n|upkeep\n|inactive|taipeiqueen22 has 120 seconds left.\n|\n|t:|1781387290\n|switch|p2a: Malamar|Malamar, L82, M|275/275\n|-damage|p2a: Malamar|241/275|[from] Spikes\n|turn|15\n|\n|t:|1781387298\n|move|p1a: Salazzle|Nasty Plot|p1a: Salazzle\n|-boost|p1a: Salazzle|spa|2\n|move|p2a: Malamar|Psycho Cut|p1a: Salazzle\n|-supereffective|p1a: Salazzle\n|-damage|p1a: Salazzle|63/249\n|\n|upkeep\n|turn|16\n|\n|t:|1781387323\n|move|p1a: Salazzle|Fire Blast|p2a: Malamar\n|-damage|p2a: Malamar|0 fnt\n|faint|p2a: Malamar\n|\n|upkeep\n|\n|t:|1781387327\n|switch|p2a: Masquerain|Masquerain, L87, M|264/264\n|-ability|p2a: Masquerain|Intimidate|boost\n|-unboost|p1a: Salazzle|atk|1\n|turn|17\n|\n|t:|1781387343\n|-terastallize|p2a: Masquerain|Water\n|move|p1a: Salazzle|Sludge Wave|p2a: Masquerain\n|-damage|p2a: Masquerain|32/264\n|move|p2a: Masquerain|Quiver Dance|p2a: Masquerain\n|-boost|p2a: Masquerain|spa|1\n|-boost|p2a: Masquerain|spd|1\n|-boost|p2a: Masquerain|spe|1\n|\n|upkeep\n|turn|18\n|\n|t:|1781387350\n|move|p2a: Masquerain|Hydro Pump|p1a: Salazzle|[miss]\n|-miss|p2a: Masquerain|p1a: Salazzle\n|move|p1a: Salazzle|Sludge Wave|p2a: Masquerain\n|-damage|p2a: Masquerain|0 fnt\n|faint|p2a: Masquerain\n|\n|upkeep\n|-message|taipeiqueen22 forfeited.\n|\n|win|AmroE13\n", "uploadtime": 1781387038, "views": 4, "formatid": "gen9randombattle", "rating": null, "private": 0, "password": null}