{"id": "gen9randombattle-2631855651", "format": "[Gen 9] Random Battle", "players": ["smasher04", "joebidenfan1245"], "log": "|j|\u2606smasher04\n|j|\u203djoebidenfan1245\n|t:|1781448616\n|gametype|singles\n|player|p1|smasher04|twins-gen4|2030\n|player|p2|joebidenfan1245|265|2048\n|gen|9\n|tier|[Gen 9] Random Battle\n|rated|\n|rule|Species Clause: Limit one of each Pok\u00e9mon\n|rule|HP Percentage Mod: HP is shown in percentages\n|rule|Sleep Clause Mod: Limit one foe put to sleep\n|rule|Illusion Level Mod: Illusion disguises the Pok\u00e9mon's true level\n|\n|t:|1781448616\n|teamsize|p1|6\n|teamsize|p2|6\n|start\n|switch|p1a: Dondozo|Dondozo, L78, F|362/362\n|switch|p2a: Meloetta|Meloetta, L82|298/298\n|turn|1\n|\n|t:|1781448643\n|move|p2a: Meloetta|Relic Song|p1a: Dondozo\n|-damage|p1a: Dondozo|198/362\n|-formechange|p2a: Meloetta|Meloetta-Pirouette|[msg]\n|-damage|p2a: Meloetta|269/298|[from] item: Life Orb\n|move|p1a: Dondozo|Wave Crash|p2a: Meloetta\n|-damage|p2a: Meloetta|161/298\n|-damage|p1a: Dondozo|162/362|[from] Recoil\n|\n|-heal|p1a: Dondozo|184/362|[from] item: Leftovers\n|upkeep\n|turn|2\n|\n|t:|1781448651\n|move|p2a: Meloetta|Close Combat|p1a: Dondozo\n|-damage|p1a: Dondozo|19/362\n|-unboost|p2a: Meloetta|def|1\n|-unboost|p2a: Meloetta|spd|1\n|-damage|p2a: Meloetta|132/298|[from] item: Life Orb\n|move|p1a: Dondozo|Rest|p1a: Dondozo\n|-status|p1a: Dondozo|slp|[from] move: Rest\n|-heal|p1a: Dondozo|362/362 slp|[silent]\n|\n|upkeep\n|turn|3\n|\n|t:|1781448665\n|move|p2a: Meloetta|Close Combat|p1a: Dondozo\n|-damage|p1a: Dondozo|197/362 slp\n|-unboost|p2a: Meloetta|def|1\n|-unboost|p2a: Meloetta|spd|1\n|-damage|p2a: Meloetta|103/298|[from] item: Life Orb\n|cant|p1a: Dondozo|slp\n|move|p1a: Dondozo|Sleep Talk|p1a: Dondozo\n|move|p1a: Dondozo|Curse|p1a: Dondozo|[from] move: Sleep Talk\n|-unboost|p1a: Dondozo|spe|1\n|-boost|p1a: Dondozo|atk|1\n|-boost|p1a: Dondozo|def|1\n|\n|-heal|p1a: Dondozo|219/362 slp|[from] item: Leftovers\n|upkeep\n|turn|4\n|\n|t:|1781448672\n|switch|p1a: Houndstone|Houndstone, L86, M|264/264\n|move|p2a: Meloetta|Close Combat|p1a: Houndstone\n|-immune|p1a: Houndstone\n|\n|upkeep\n|turn|5\n|\n|t:|1781448682\n|move|p2a: Meloetta|Knock Off|p1a: Houndstone\n|-supereffective|p1a: Houndstone\n|-damage|p1a: Houndstone|177/264\n|-enditem|p1a: Houndstone|Leftovers|[from] move: Knock Off|[of] p2a: Meloetta\n|-damage|p2a: Meloetta|74/298|[from] item: Life Orb\n|move|p1a: Houndstone|Body Press|p2a: Meloetta\n|-supereffective|p2a: Meloetta\n|-damage|p2a: Meloetta|0 fnt\n|faint|p2a: Meloetta\n|\n|upkeep\n|\n|t:|1781448710\n|switch|p2a: Smeargle|Smeargle, L95, F|258/258\n|turn|6\n|\n|t:|1781448716\n|move|p2a: Smeargle|Spore|p1a: Houndstone\n|-status|p1a: Houndstone|slp|[from] move: Spore\n|cant|p1a: Houndstone|slp\n|\n|upkeep\n|turn|7\n|\n|t:|1781448727\n|move|p2a: Smeargle|Sticky Web|p1a: Houndstone\n|-sidestart|p1: smasher04|move: Sticky Web\n|-curestatus|p1a: Houndstone|slp|[msg]\n|move|p1a: Houndstone|Sleep Talk||[still]\n|-fail|p1a: Houndstone\n|\n|upkeep\n|turn|8\n|\n|t:|1781448746\n|move|p2a: Smeargle|Stealth Rock|p1a: Houndstone\n|-sidestart|p1: smasher04|move: Stealth Rock\n|move|p1a: Houndstone|Body Press|p2a: Smeargle\n|-supereffective|p2a: Smeargle\n|-crit|p2a: Smeargle\n|-enditem|p2a: Smeargle|Focus Sash\n|-damage|p2a: Smeargle|1/258\n|\n|upkeep\n|turn|9\n|\n|t:|1781448753\n|move|p2a: Smeargle|Ceaseless Edge|p1a: Houndstone|[miss]\n|-miss|p2a: Smeargle|p1a: Houndstone\n|move|p1a: Houndstone|Body Press|p2a: Smeargle\n|-supereffective|p2a: Smeargle\n|-damage|p2a: Smeargle|0 fnt\n|faint|p2a: Smeargle\n|\n|upkeep\n|\n|t:|1781448758\n|switch|p2a: Electivire|Electivire, L84, M|263/263\n|turn|10\n|\n|t:|1781448762\n|move|p2a: Electivire|Bulk Up|p2a: Electivire\n|-boost|p2a: Electivire|atk|1\n|-boost|p2a: Electivire|def|1\n|move|p1a: Houndstone|Poltergeist|p2a: Electivire\n|-activate|p2a: Electivire|move: Poltergeist|Life Orb\n|-damage|p2a: Electivire|164/263\n|\n|upkeep\n|turn|11\n|\n|t:|1781448769\n|move|p2a: Electivire|Supercell Slam|p1a: Houndstone\n|-damage|p1a: Houndstone|67/264\n|-damage|p2a: Electivire|138/263|[from] item: Life Orb\n|move|p1a: Houndstone|Poltergeist|p2a: Electivire\n|-activate|p2a: Electivire|move: Poltergeist|Life Orb\n|-damage|p2a: Electivire|42/263\n|\n|upkeep\n|turn|12\n|\n|t:|1781448776\n|move|p2a: Electivire|Earthquake|p1a: Houndstone\n|-damage|p1a: Houndstone|0 fnt\n|faint|p1a: Houndstone\n|-damage|p2a: Electivire|16/263|[from] item: Life Orb\n|\n|upkeep\n|\n|t:|1781448779\n|switch|p1a: Greedent|Greedent, L86, M|347/347\n|-activate|p1a: Greedent|move: Sticky Web\n|-unboost|p1a: Greedent|spe|1\n|-damage|p1a: Greedent|304/347|[from] Stealth Rock\n|turn|13\n|\n|t:|1781448783\n|move|p2a: Electivire|Supercell Slam|p1a: Greedent\n|-damage|p1a: Greedent|61/347\n|-enditem|p1a: Greedent|Sitrus Berry|[eat]\n|-heal|p1a: Greedent|147/347|[from] item: Sitrus Berry\n|-heal|p1a: Greedent|262/347|[from] ability: Cheek Pouch\n|-damage|p2a: Electivire|0 fnt|[from] item: Life Orb\n|faint|p2a: Electivire\n|move|p1a: Greedent|Swords Dance|p1a: Greedent\n|-boost|p1a: Greedent|atk|2\n|\n|upkeep\n|\n|t:|1781448796\n|switch|p2a: Avalugg|Avalugg, L88, F|310/310\n|turn|14\n|\n|t:|1781448800\n|move|p2a: Avalugg|Body Press|p1a: Greedent\n|-supereffective|p1a: Greedent\n|-damage|p1a: Greedent|56/347\n|move|p1a: Greedent|Body Slam|p2a: Avalugg\n|-damage|p2a: Avalugg|210/310\n|\n|upkeep\n|turn|15\n|\n|t:|1781448804\n|move|p2a: Avalugg|Body Press|p1a: Greedent\n|-supereffective|p1a: Greedent\n|-damage|p1a: Greedent|0 fnt\n|faint|p1a: Greedent\n|\n|upkeep\n|\n|t:|1781448806\n|switch|p1a: Dondozo|Dondozo, L78, F|219/362 slp\n|-activate|p1a: Dondozo|move: Sticky Web\n|-unboost|p1a: Dondozo|spe|1\n|-damage|p1a: Dondozo|174/362 slp|[from] Stealth Rock\n|turn|16\n|\n|t:|1781448812\n|move|p2a: Avalugg|Body Press|p1a: Dondozo\n|-damage|p1a: Dondozo|74/362 slp\n|cant|p1a: Dondozo|slp\n|move|p1a: Dondozo|Sleep Talk|p1a: Dondozo\n|move|p1a: Dondozo|Curse|p1a: Dondozo|[from] move: Sleep Talk\n|-unboost|p1a: Dondozo|spe|1\n|-boost|p1a: Dondozo|atk|1\n|-boost|p1a: Dondozo|def|1\n|\n|-heal|p1a: Dondozo|96/362 slp|[from] item: Leftovers\n|upkeep\n|turn|17\n|\n|t:|1781448819\n|move|p2a: Avalugg|Body Press|p1a: Dondozo\n|-damage|p1a: Dondozo|31/362 slp\n|-curestatus|p1a: Dondozo|slp|[msg]\n|move|p1a: Dondozo|Rest|p1a: Dondozo\n|-status|p1a: Dondozo|slp|[from] move: Rest\n|-heal|p1a: Dondozo|362/362 slp|[silent]\n|\n|upkeep\n|turn|18\n|\n|t:|1781448823\n|switch|p2a: Sceptile|Sceptile, L87, M|264/264\n|cant|p1a: Dondozo|slp\n|move|p1a: Dondozo|Sleep Talk|p1a: Dondozo\n|move|p1a: Dondozo|Rest||[from] move: Sleep Talk|[still]\n|-fail|p1a: Dondozo\n|\n|upkeep\n|turn|19\n|\n|t:|1781448828\n|-terastallize|p1a: Dondozo|Fairy\n|move|p2a: Sceptile|Leaf Blade|p1a: Dondozo\n|-damage|p1a: Dondozo|288/362 slp\n|-damage|p2a: Sceptile|238/264|[from] item: Life Orb\n|cant|p1a: Dondozo|slp\n|move|p1a: Dondozo|Sleep Talk|p1a: Dondozo\n|move|p1a: Dondozo|Curse|p1a: Dondozo|[from] move: Sleep Talk\n|-unboost|p1a: Dondozo|spe|1\n|-boost|p1a: Dondozo|atk|1\n|-boost|p1a: Dondozo|def|1\n|\n|-heal|p1a: Dondozo|310/362 slp|[from] item: Leftovers\n|upkeep\n|turn|20\n|\n|t:|1781448836\n|move|p2a: Sceptile|Leaf Blade|p1a: Dondozo\n|-damage|p1a: Dondozo|259/362 slp\n|-damage|p2a: Sceptile|212/264|[from] item: Life Orb\n|-curestatus|p1a: Dondozo|slp|[msg]\n|move|p1a: Dondozo|Wave Crash|p2a: Sceptile\n|-resisted|p2a: Sceptile\n|-damage|p2a: Sceptile|69/264\n|-damage|p1a: Dondozo|212/362|[from] Recoil\n|\n|-heal|p1a: Dondozo|234/362|[from] item: Leftovers\n|upkeep\n|turn|21\n|\n|t:|1781448842\n|move|p2a: Sceptile|Leaf Blade|p1a: Dondozo\n|-damage|p1a: Dondozo|163/362\n|-damage|p2a: Sceptile|43/264|[from] item: Life Orb\n|move|p1a: Dondozo|Rest|p1a: Dondozo\n|-status|p1a: Dondozo|slp|[from] move: Rest\n|-heal|p1a: Dondozo|362/362 slp|[silent]\n|\n|upkeep\n|turn|22\n|\n|t:|1781448848\n|move|p2a: Sceptile|Leaf Blade|p1a: Dondozo\n|-damage|p1a: Dondozo|279/362 slp\n|-damage|p2a: Sceptile|17/264|[from] item: Life Orb\n|cant|p1a: Dondozo|slp\n|move|p1a: Dondozo|Sleep Talk|p1a: Dondozo\n|move|p1a: Dondozo|Wave Crash|p2a: Sceptile|[from] move: Sleep Talk\n|-resisted|p2a: Sceptile\n|-crit|p2a: Sceptile\n|-damage|p2a: Sceptile|0 fnt\n|faint|p2a: Sceptile\n|-damage|p1a: Dondozo|273/362 slp|[from] Recoil\n|\n|-heal|p1a: Dondozo|295/362 slp|[from] item: Leftovers\n|upkeep\n|\n|t:|1781448854\n|switch|p2a: Kingdra|Kingdra, L84, F|263/263\n|turn|23\n|\n|t:|1781448858\n|move|p2a: Kingdra|Wave Crash|p1a: Dondozo\n|-damage|p1a: Dondozo|237/362 slp\n|-damage|p2a: Kingdra|244/263|[from] Recoil\n|cant|p1a: Dondozo|slp\n|move|p1a: Dondozo|Sleep Talk|p1a: Dondozo\n|move|p1a: Dondozo|Curse|p1a: Dondozo|[from] move: Sleep Talk\n|-unboost|p1a: Dondozo|spe|1\n|-boost|p1a: Dondozo|atk|1\n|-boost|p1a: Dondozo|def|1\n|\n|-heal|p1a: Dondozo|259/362 slp|[from] item: Leftovers\n|upkeep\n|turn|24\n|\n|t:|1781448863\n|-terastallize|p2a: Kingdra|Water\n|move|p2a: Kingdra|Wave Crash|p1a: Dondozo\n|-damage|p1a: Dondozo|197/362 slp\n|-damage|p2a: Kingdra|224/263|[from] Recoil\n|-curestatus|p1a: Dondozo|slp|[msg]\n|move|p1a: Dondozo|Wave Crash|p2a: Kingdra\n|-resisted|p2a: Kingdra\n|-damage|p2a: Kingdra|101/263\n|-damage|p1a: Dondozo|156/362|[from] Recoil\n|\n|-heal|p1a: Dondozo|178/362|[from] item: Leftovers\n|upkeep\n|turn|25\n|\n|t:|1781448872\n|move|p2a: Kingdra|Waterfall|p1a: Dondozo\n|-damage|p1a: Dondozo|140/362\n|move|p1a: Dondozo|Rest|p1a: Dondozo\n|-status|p1a: Dondozo|slp|[from] move: Rest\n|-heal|p1a: Dondozo|362/362 slp|[silent]\n|\n|upkeep\n|turn|26\n|\n|t:|1781448876\n|move|p2a: Kingdra|Wave Crash|p1a: Dondozo\n|-damage|p1a: Dondozo|304/362 slp\n|-damage|p2a: Kingdra|82/263|[from] Recoil\n|cant|p1a: Dondozo|slp\n|move|p1a: Dondozo|Sleep Talk|p1a: Dondozo\n|move|p1a: Dondozo|Curse|p1a: Dondozo|[from] move: Sleep Talk\n|-unboost|p1a: Dondozo|spe|1\n|-boost|p1a: Dondozo|atk|1\n|-boost|p1a: Dondozo|def|1\n|\n|-heal|p1a: Dondozo|326/362 slp|[from] item: Leftovers\n|upkeep\n|turn|27\n|\n|t:|1781448879\n|move|p2a: Kingdra|Waterfall|p1a: Dondozo\n|-damage|p1a: Dondozo|292/362 slp\n|cant|p1a: Dondozo|slp\n|move|p1a: Dondozo|Sleep Talk|p1a: Dondozo\n|move|p1a: Dondozo|Wave Crash|p2a: Kingdra|[from] move: Sleep Talk\n|-resisted|p2a: Kingdra\n|-damage|p2a: Kingdra|0 fnt\n|faint|p2a: Kingdra\n|-damage|p1a: Dondozo|265/362 slp|[from] Recoil\n|\n|-heal|p1a: Dondozo|287/362 slp|[from] item: Leftovers\n|upkeep\n|\n|t:|1781448883\n|switch|p2a: Avalugg|Avalugg, L88, F|210/310\n|turn|28\n|c|\u2606smasher04|Gg\n|\n|t:|1781448889\n|move|p2a: Avalugg|Recover|p2a: Avalugg\n|-heal|p2a: Avalugg|310/310\n|-curestatus|p1a: Dondozo|slp|[msg]\n|move|p1a: Dondozo|Wave Crash|p2a: Avalugg\n|-damage|p2a: Avalugg|141/310\n|-damage|p1a: Dondozo|231/362|[from] Recoil\n|\n|-heal|p1a: Dondozo|253/362|[from] item: Leftovers\n|upkeep\n|turn|29\n|\n|t:|1781448894\n|move|p2a: Avalugg|Body Press|p1a: Dondozo\n|-resisted|p1a: Dondozo\n|-damage|p1a: Dondozo|238/362\n|move|p1a: Dondozo|Curse|p1a: Dondozo\n|-unboost|p1a: Dondozo|spe|1\n|-boost|p1a: Dondozo|atk|1\n|-boost|p1a: Dondozo|def|1\n|\n|-heal|p1a: Dondozo|260/362|[from] item: Leftovers\n|upkeep\n|turn|30\n|-message|joebidenfan1245 forfeited.\n|\n|win|smasher04\n", "uploadtime": 1781448618, "views": 3, "formatid": "gen9randombattle", "rating": null, "private": 0, "password": null}