{"id": "gen9randombattle-2631528724", "format": "[Gen 9] Random Battle", "players": ["ggthetrainer", "scarletreaper2"], "log": "|j|\u2606ggthetrainer\n|j|\u2606scarletreaper2\n|t:|1781397027\n|gametype|singles\n|player|p1|ggthetrainer|gentleman|\n|player|p2|scarletreaper2|bellelba|\n|gen|9\n|tier|[Gen 9] Random Battle\n|rule|Species Clause: Limit one of each Pok\u00e9mon\n|rule|HP Percentage Mod: HP is shown in percentages\n|rule|Sleep Clause Mod: Limit one foe put to sleep\n|rule|Illusion Level Mod: Illusion disguises the Pok\u00e9mon's true level\n|\n|t:|1781397027\n|teamsize|p1|6\n|teamsize|p2|6\n|start\n|switch|p1a: Sunflora|Sunflora, M|312/312\n|switch|p2a: Skeledirge|Skeledirge, L79, M|294/294\n|turn|1\n|\n|t:|1781397064\n|switch|p2a: Yanmega|Yanmega, L82, F|275/275\n|move|p1a: Sunflora|Earth Power|p2a: Yanmega\n|-immune|p2a: Yanmega\n|\n|upkeep\n|turn|2\n|\n|t:|1781397079\n|switch|p1a: Arcanine|Arcanine, L84, F|288/288\n|-ability|p1a: Arcanine|Intimidate|boost\n|-unboost|p2a: Yanmega|atk|1\n|move|p2a: Yanmega|Bug Buzz|p1a: Arcanine\n|-resisted|p1a: Arcanine\n|-damage|p1a: Arcanine|230/288\n|\n|-ability|p2a: Yanmega|Speed Boost|boost\n|-boost|p2a: Yanmega|spe|1\n|upkeep\n|turn|3\n|\n|t:|1781397096\n|switch|p2a: Drednaw|Drednaw, L81, M|278/278\n|move|p1a: Arcanine|Flare Blitz|p2a: Drednaw\n|-resisted|p2a: Drednaw\n|-damage|p2a: Drednaw|244/278\n|-damage|p1a: Arcanine|219/288|[from] Recoil\n|\n|upkeep\n|turn|4\n|\n|t:|1781397107\n|move|p1a: Arcanine|Will-O-Wisp|p2a: Drednaw|[miss]\n|-miss|p1a: Arcanine|p2a: Drednaw\n|move|p2a: Drednaw|Stone Edge|p1a: Arcanine\n|-supereffective|p1a: Arcanine\n|-damage|p1a: Arcanine|0 fnt\n|faint|p1a: Arcanine\n|\n|upkeep\n|\n|t:|1781397114\n|switch|p1a: Zarude|Zarude, L77|288/288\n|turn|5\n|\n|t:|1781397124\n|move|p1a: Zarude|Power Whip|p2a: Drednaw\n|-supereffective|p2a: Drednaw\n|-damage|p2a: Drednaw|0 fnt\n|faint|p2a: Drednaw\n|\n|upkeep\n|\n|t:|1781397131\n|switch|p2a: Yanmega|Yanmega, L82, F|275/275\n|turn|6\n|\n|t:|1781397139\n|switch|p1a: Slaking|Slaking, L84, M|389/389\n|move|p2a: Yanmega|Bug Buzz|p1a: Slaking\n|-damage|p1a: Slaking|259/389\n|\n|-ability|p2a: Yanmega|Speed Boost|boost\n|-boost|p2a: Yanmega|spe|1\n|upkeep\n|turn|7\n|\n|t:|1781397170\n|move|p1a: Slaking|Knock Off|p2a: Yanmega\n|-damage|p2a: Yanmega|166/275\n|-enditem|p2a: Yanmega|Heavy-Duty Boots|[from] move: Knock Off|[of] p1a: Slaking\n|move|p2a: Yanmega|Bug Buzz|p1a: Slaking\n|-damage|p1a: Slaking|124/389\n|\n|-ability|p2a: Yanmega|Speed Boost|boost\n|-boost|p2a: Yanmega|spe|1\n|upkeep\n|turn|8\n|\n|t:|1781397220\n|switch|p1a: Heracross|Heracross, L80, F|259/259\n|move|p2a: Yanmega|Bug Buzz|p1a: Heracross\n|-resisted|p1a: Heracross\n|-damage|p1a: Heracross|207/259\n|\n|-ability|p2a: Yanmega|Speed Boost|boost\n|-boost|p2a: Yanmega|spe|1\n|upkeep\n|turn|9\n|l|\u2606scarletreaper2\n|player|p2|\n|j|\u2606scarletreaper2\n|player|p2|scarletreaper2|bellelba|\n|\n|t:|1781397275\n|-terastallize|p1a: Heracross|Rock\n|move|p2a: Yanmega|Air Slash|p1a: Heracross\n|-resisted|p1a: Heracross\n|-damage|p1a: Heracross|162/259\n|move|p1a: Heracross|Stone Edge|p2a: Yanmega\n|-supereffective|p2a: Yanmega\n|-damage|p2a: Yanmega|0 fnt\n|faint|p2a: Yanmega\n|-ability|p1a: Heracross|Moxie|boost\n|-boost|p1a: Heracross|atk|1\n|\n|upkeep\n|\n|t:|1781397292\n|switch|p2a: Hydrapple|Hydrapple, L83, M|312/312\n|turn|10\n|\n|t:|1781397311\n|switch|p1a: Sunflora|Sunflora, M|312/312\n|move|p2a: Hydrapple|Earth Power|p1a: Sunflora\n|-resisted|p1a: Sunflora\n|-damage|p1a: Sunflora|269/312\n|-damage|p2a: Hydrapple|281/312|[from] item: Life Orb\n|\n|upkeep\n|turn|11\n|\n|t:|1781397338\n|move|p2a: Hydrapple|Fickle Beam|p1a: Sunflora|[anim] Fickle Beam All Out\n|-activate|p2a: Hydrapple|move: Fickle Beam\n|-damage|p1a: Sunflora|38/312\n|-damage|p2a: Hydrapple|250/312|[from] item: Life Orb\n|move|p1a: Sunflora|Sludge Bomb|p2a: Hydrapple\n|-supereffective|p2a: Hydrapple\n|-damage|p2a: Hydrapple|0 fnt\n|faint|p2a: Hydrapple\n|\n|upkeep\n|\n|t:|1781397349\n|switch|p2a: Skeledirge|Skeledirge, L79, M|294/294\n|turn|12\n|\n|t:|1781397359\n|move|p2a: Skeledirge|Flame Charge|p1a: Sunflora\n|-supereffective|p1a: Sunflora\n|-damage|p1a: Sunflora|0 fnt\n|-boost|p2a: Skeledirge|spe|1\n|faint|p1a: Sunflora\n|\n|upkeep\n|\n|t:|1781397366\n|switch|p1a: Porygon-Z|Porygon-Z, L83|277/277\n|turn|13\n|\n|t:|1781397378\n|move|p2a: Skeledirge|Torch Song|p1a: Porygon-Z\n|-crit|p1a: Porygon-Z\n|-damage|p1a: Porygon-Z|144/277\n|-boost|p2a: Skeledirge|spa|1\n|move|p1a: Porygon-Z|Shadow Ball|p2a: Skeledirge\n|-supereffective|p2a: Skeledirge\n|-damage|p2a: Skeledirge|65/294\n|-damage|p1a: Porygon-Z|117/277|[from] item: Life Orb\n|\n|upkeep\n|turn|14\n|\n|t:|1781397401\n|switch|p1a: Heracross|Heracross, L80, F, tera:Rock|162/259\n|move|p2a: Skeledirge|Torch Song|p1a: Heracross\n|-resisted|p1a: Heracross\n|-damage|p1a: Heracross|96/259\n|-boost|p2a: Skeledirge|spa|1\n|\n|upkeep\n|turn|15\n|\n|t:|1781397410\n|move|p2a: Skeledirge|Shadow Ball|p1a: Heracross\n|-damage|p1a: Heracross|0 fnt\n|faint|p1a: Heracross\n|\n|upkeep\n|\n|t:|1781397422\n|switch|p1a: Slaking|Slaking, L84, M|124/389\n|turn|16\n|\n|t:|1781397427\n|move|p1a: Slaking|Knock Off|p2a: Skeledirge\n|-supereffective|p2a: Skeledirge\n|-damage|p2a: Skeledirge|0 fnt\n|-enditem|p2a: Skeledirge|Heavy-Duty Boots|[from] move: Knock Off|[of] p1a: Slaking\n|faint|p2a: Skeledirge\n|\n|upkeep\n|\n|t:|1781397440\n|switch|p2a: Iron Boulder|Iron Boulder, L77|265/265\n|-enditem|p2a: Iron Boulder|Booster Energy\n|-activate|p2a: Iron Boulder|ability: Quark Drive|[fromitem]\n|-start|p2a: Iron Boulder|quarkdrivespe\n|turn|17\n|\n|t:|1781397502\n|switch|p1a: Porygon-Z|Porygon-Z, L83|117/277\n|-terastallize|p2a: Iron Boulder|Fighting\n|move|p2a: Iron Boulder|Close Combat|p1a: Porygon-Z\n|-supereffective|p1a: Porygon-Z\n|-damage|p1a: Porygon-Z|0 fnt\n|-unboost|p2a: Iron Boulder|def|1\n|-unboost|p2a: Iron Boulder|spd|1\n|faint|p1a: Porygon-Z\n|\n|upkeep\n|\n|t:|1781397509\n|switch|p1a: Slaking|Slaking, L84, M|124/389\n|turn|18\n|\n|t:|1781397515\n|move|p2a: Iron Boulder|Close Combat|p1a: Slaking\n|-supereffective|p1a: Slaking\n|-damage|p1a: Slaking|0 fnt\n|-unboost|p2a: Iron Boulder|def|1\n|-unboost|p2a: Iron Boulder|spd|1\n|faint|p1a: Slaking\n|\n|upkeep\n|\n|t:|1781397521\n|switch|p1a: Zarude|Zarude, L77|288/288\n|turn|19\n|\n|t:|1781397525\n|move|p2a: Iron Boulder|Close Combat|p1a: Zarude\n|-supereffective|p1a: Zarude\n|-damage|p1a: Zarude|64/288\n|-unboost|p2a: Iron Boulder|def|1\n|-unboost|p2a: Iron Boulder|spd|1\n|move|p1a: Zarude|Power Whip|p2a: Iron Boulder\n|-damage|p2a: Iron Boulder|0 fnt\n|faint|p2a: Iron Boulder\n|-end|p2a: Iron Boulder|Quark Drive|[silent]\n|\n|upkeep\n|\n|t:|1781397536\n|switch|p2a: Wyrdeer|Wyrdeer, L87, M|321/321\n|-ability|p2a: Wyrdeer|Intimidate|boost\n|-unboost|p1a: Zarude|atk|1\n|turn|20\n|\n|t:|1781397557\n|move|p1a: Zarude|Power Whip|p2a: Wyrdeer|[miss]\n|-miss|p1a: Zarude|p2a: Wyrdeer\n|move|p2a: Wyrdeer|Megahorn|p1a: Zarude|[miss]\n|-miss|p2a: Wyrdeer|p1a: Zarude\n|\n|upkeep\n|turn|21\n|\n|t:|1781397564\n|move|p1a: Zarude|Power Whip|p2a: Wyrdeer\n|-damage|p2a: Wyrdeer|219/321\n|move|p2a: Wyrdeer|Megahorn|p1a: Zarude\n|-supereffective|p1a: Zarude\n|-damage|p1a: Zarude|0 fnt\n|faint|p1a: Zarude\n|\n|win|scarletreaper2\n|c|\u2606scarletreaper2|gg\n", "uploadtime": 1781397574, "views": 3, "formatid": "gen9randombattle", "rating": null, "private": 0, "password": null}