{"id": "gen9randombattle-2631941268", "format": "[Gen 9] Random Battle", "players": ["TransGirlFromHell", "danmoses"], "log": "|j|\u2606TransGirlFromHell\n|j|\u2606danmoses\n|t:|1781458056\n|gametype|singles\n|player|p1|TransGirlFromHell|candice|1954\n|player|p2|danmoses|whitney|1908\n|gen|9\n|tier|[Gen 9] Random Battle\n|rated|\n|rule|Species Clause: Limit one of each Pok\u00e9mon\n|rule|HP Percentage Mod: HP is shown in percentages\n|rule|Sleep Clause Mod: Limit one foe put to sleep\n|rule|Illusion Level Mod: Illusion disguises the Pok\u00e9mon's true level\n|\n|t:|1781458056\n|teamsize|p1|6\n|teamsize|p2|6\n|start\n|switch|p1a: Zangoose|Zangoose, L85, F|263/263\n|switch|p2a: Raichu|Raichu-Alola, L87, F|246/246\n|turn|1\n|inactive|Battle timer is ON: inactive players will automatically lose when time's up. (requested by danmoses)\n|\n|t:|1781458061\n|move|p2a: Raichu|Focus Blast|p1a: Zangoose\n|-supereffective|p1a: Zangoose\n|-damage|p1a: Zangoose|0 fnt\n|faint|p1a: Zangoose\n|\n|upkeep\n|\n|t:|1781458065\n|switch|p1a: Giratina|Giratina, L75|349/349\n|-ability|p1a: Giratina|Pressure\n|turn|2\n|\n|t:|1781458073\n|switch|p2a: Toxicroak|Toxicroak, L84, M|277/277\n|move|p1a: Giratina|Will-O-Wisp|p2a: Toxicroak\n|-status|p2a: Toxicroak|brn\n|\n|-damage|p2a: Toxicroak|260/277 brn|[from] brn\n|upkeep\n|turn|3\n|\n|t:|1781458080\n|switch|p1a: Electrode|Electrode, L92|260/260\n|move|p2a: Toxicroak|Swords Dance|p2a: Toxicroak\n|-boost|p2a: Toxicroak|atk|2\n|\n|-damage|p2a: Toxicroak|243/277 brn|[from] brn\n|upkeep\n|turn|4\n|\n|t:|1781458089\n|move|p1a: Electrode|Thunderbolt|p2a: Toxicroak\n|-damage|p2a: Toxicroak|128/277 brn\n|move|p2a: Toxicroak|Gunk Shot|p1a: Electrode\n|-damage|p1a: Electrode|57/260\n|-damage|p2a: Toxicroak|101/277 brn|[from] item: Life Orb\n|\n|-damage|p2a: Toxicroak|84/277 brn|[from] brn\n|upkeep\n|turn|5\n|\n|t:|1781458094\n|move|p1a: Electrode|Volt Switch|p2a: Toxicroak\n|-damage|p2a: Toxicroak|0 fnt\n|faint|p2a: Toxicroak\n|\n|t:|1781458098\n|switch|p1a: Rotom|Rotom-Mow, L87|229/229|[from] Volt Switch\n|\n|upkeep\n|\n|t:|1781458120\n|switch|p2a: Uxie|Uxie, L83|260/260\n|turn|6\n|\n|t:|1781458123\n|move|p2a: Uxie|Knock Off|p1a: Rotom\n|-damage|p1a: Rotom|182/229\n|-enditem|p1a: Rotom|Leftovers|[from] move: Knock Off|[of] p2a: Uxie\n|move|p1a: Rotom|Volt Switch|p2a: Uxie\n|-damage|p2a: Uxie|202/260\n|\n|t:|1781458126\n|switch|p1a: Weavile|Weavile, L79, F|239/239|[from] Volt Switch\n|\n|-heal|p2a: Uxie|218/260|[from] item: Leftovers\n|upkeep\n|turn|7\n|\n|t:|1781458133\n|move|p1a: Weavile|Knock Off|p2a: Uxie\n|-supereffective|p2a: Uxie\n|-crit|p2a: Uxie\n|-damage|p2a: Uxie|0 fnt\n|-enditem|p2a: Uxie|Leftovers|[from] move: Knock Off|[of] p1a: Weavile\n|faint|p2a: Uxie\n|\n|upkeep\n|\n|t:|1781458144\n|switch|p2a: Basculegion|Basculegion, L80, M|323/323\n|turn|8\n|\n|t:|1781458147\n|move|p1a: Weavile|Knock Off|p2a: Basculegion\n|-supereffective|p2a: Basculegion\n|-damage|p2a: Basculegion|0 fnt\n|-enditem|p2a: Basculegion|Assault Vest|[from] move: Knock Off|[of] p1a: Weavile\n|faint|p2a: Basculegion\n|\n|upkeep\n|c|\u2606TransGirlFromHell|?\n|\n|t:|1781458173\n|switch|p2a: Quagsire|Quagsire, L84, M|297/297\n|turn|9\n|\n|t:|1781458178\n|switch|p1a: Electrode|Electrode, L92|57/260\n|move|p2a: Quagsire|Earthquake|p1a: Electrode\n|-supereffective|p1a: Electrode\n|-damage|p1a: Electrode|0 fnt\n|faint|p1a: Electrode\n|\n|upkeep\n|\n|t:|1781458180\n|switch|p1a: Rotom|Rotom-Mow, L87|182/229\n|turn|10\n|\n|t:|1781458186\n|switch|p2a: Raichu|Raichu-Alola, L87, F|246/246\n|move|p1a: Rotom|Will-O-Wisp|p2a: Raichu|[miss]\n|-miss|p1a: Rotom|p2a: Raichu\n|\n|upkeep\n|turn|11\n|\n|t:|1781458195\n|move|p2a: Raichu|Focus Blast|p1a: Rotom|[miss]\n|-miss|p2a: Raichu|p1a: Rotom\n|move|p1a: Rotom|Volt Switch|p2a: Raichu\n|-resisted|p2a: Raichu\n|-damage|p2a: Raichu|203/246\n|\n|t:|1781458197\n|switch|p1a: Weavile|Weavile, L79, F|239/239|[from] Volt Switch\n|\n|upkeep\n|turn|12\n|\n|t:|1781458200\n|move|p1a: Weavile|Triple Axel|p2a: Raichu\n|-damage|p2a: Raichu|154/246\n|-damage|p2a: Raichu|64/246\n|-damage|p2a: Raichu|0 fnt\n|faint|p2a: Raichu\n|-hitcount|p2: Raichu|3\n|\n|upkeep\n|\n|t:|1781458206\n|switch|p2a: Quagsire|Quagsire, L84, M|297/297\n|turn|13\n|\n|t:|1781458209\n|move|p1a: Weavile|Triple Axel|p2a: Quagsire\n|-damage|p2a: Quagsire|264/297\n|-damage|p2a: Quagsire|195/297\n|-damage|p2a: Quagsire|99/297\n|-hitcount|p2a: Quagsire|3\n|move|p2a: Quagsire|Toxic|p1a: Weavile\n|-status|p1a: Weavile|tox\n|\n|-heal|p2a: Quagsire|117/297|[from] item: Leftovers\n|-damage|p1a: Weavile|225/239 tox|[from] psn\n|upkeep\n|turn|14\n|\n|t:|1781458212\n|move|p1a: Weavile|Triple Axel|p2a: Quagsire\n|-damage|p2a: Quagsire|80/297\n|-damage|p2a: Quagsire|14/297\n|-damage|p2a: Quagsire|0 fnt\n|faint|p2a: Quagsire\n|-hitcount|p2: Quagsire|3\n|\n|-damage|p1a: Weavile|197/239 tox|[from] psn\n|upkeep\n|\n|t:|1781458214\n|switch|p2a: Comfey|Comfey, L85, F|225/225\n|turn|15\n|\n|t:|1781458218\n|move|p1a: Weavile|Triple Axel|p2a: Comfey|[miss]\n|-miss|p1a: Weavile|p2a: Comfey\n|move|p2a: Comfey|Calm Mind|p2a: Comfey\n|-boost|p2a: Comfey|spa|1\n|-boost|p2a: Comfey|spd|1\n|\n|-damage|p1a: Weavile|155/239 tox|[from] psn\n|upkeep\n|turn|16\n|\n|t:|1781458220\n|move|p1a: Weavile|Triple Axel|p2a: Comfey\n|-damage|p2a: Comfey|194/225\n|-damage|p2a: Comfey|133/225\n|-damage|p2a: Comfey|42/225\n|-hitcount|p2a: Comfey|3\n|move|p2a: Comfey|Calm Mind|p2a: Comfey\n|-boost|p2a: Comfey|spa|1\n|-boost|p2a: Comfey|spd|1\n|\n|-heal|p2a: Comfey|56/225|[from] item: Leftovers\n|-damage|p1a: Weavile|99/239 tox|[from] psn\n|upkeep\n|turn|17\n|\n|t:|1781458227\n|move|p2a: Comfey|Draining Kiss|p1a: Weavile\n|-supereffective|p1a: Weavile\n|-damage|p1a: Weavile|0 fnt\n|-heal|p2a: Comfey|130/225|[from] drain|[of] p1a: Weavile\n|faint|p1a: Weavile\n|\n|-heal|p2a: Comfey|144/225|[from] item: Leftovers\n|upkeep\n|\n|t:|1781458232\n|switch|p1a: Haxorus|Haxorus, L77, F|244/244\n|-ability|p1a: Haxorus|Mold Breaker\n|turn|18\n|\n|t:|1781458238\n|-terastallize|p2a: Comfey|Ground\n|-terastallize|p1a: Haxorus|Steel\n|move|p2a: Comfey|Tera Blast|p1a: Haxorus|[anim] Tera Blast Ground\n|-supereffective|p1a: Haxorus\n|-damage|p1a: Haxorus|0 fnt\n|faint|p1a: Haxorus\n|\n|-heal|p2a: Comfey|158/225|[from] item: Leftovers\n|upkeep\n|\n|t:|1781458240\n|switch|p1a: Rotom|Rotom-Mow, L87|182/229\n|turn|19\n|\n|t:|1781458246\n|move|p2a: Comfey|Calm Mind|p2a: Comfey\n|-boost|p2a: Comfey|spa|1\n|-boost|p2a: Comfey|spd|1\n|move|p1a: Rotom|Leaf Storm|p2a: Comfey\n|-supereffective|p2a: Comfey\n|-damage|p2a: Comfey|50/225\n|-unboost|p1a: Rotom|spa|2\n|\n|-heal|p2a: Comfey|64/225|[from] item: Leftovers\n|upkeep\n|turn|20\n|\n|t:|1781458252\n|move|p2a: Comfey|Draining Kiss|p1a: Rotom\n|-damage|p1a: Rotom|74/229\n|-heal|p2a: Comfey|145/225|[from] drain|[of] p1a: Rotom\n|move|p1a: Rotom|Leaf Storm|p2a: Comfey\n|-supereffective|p2a: Comfey\n|-damage|p2a: Comfey|95/225\n|-unboost|p1a: Rotom|spa|2\n|\n|-heal|p2a: Comfey|109/225|[from] item: Leftovers\n|upkeep\n|turn|21\n|c|\u2606TransGirlFromHell|glad to know there was nothing i could do\n|-message|TransGirlFromHell forfeited.\n|\n|win|danmoses\n", "uploadtime": 1781458057, "views": 3, "formatid": "gen9randombattle", "rating": null, "private": 0, "password": null}