{"id": "gen9randombattle-2631754678", "format": "[Gen 9] Random Battle", "players": ["Tuki VN", "Saaskin"], "log": "|j|\u2606Tuki VN\n|j|\u2606Saaskin\n|t:|1781434337\n|gametype|singles\n|player|p1|Tuki VN|lance-gen1rb|1984\n|player|p2|Saaskin|265|2036\n|gen|9\n|tier|[Gen 9] Random Battle\n|rated|\n|rule|Species Clause: Limit one of each Pok\u00e9mon\n|rule|HP Percentage Mod: HP is shown in percentages\n|rule|Sleep Clause Mod: Limit one foe put to sleep\n|rule|Illusion Level Mod: Illusion disguises the Pok\u00e9mon's true level\n|\n|t:|1781434337\n|teamsize|p1|6\n|teamsize|p2|6\n|start\n|switch|p1a: Lucario|Lucario, L84, F|255/255\n|switch|p2a: Clefable|Clefable, L83, F|293/293\n|turn|1\n|inactive|Battle timer is ON: inactive players will automatically lose when time's up. (requested by Saaskin)\n|\n|t:|1781434353\n|switch|p2a: Infernape|Infernape, L82, F|259/259\n|move|p1a: Lucario|Flash Cannon|p2a: Infernape\n|-resisted|p2a: Infernape\n|-crit|p2a: Infernape\n|-damage|p2a: Infernape|145/259\n|-damage|p1a: Lucario|230/255|[from] item: Life Orb\n|\n|upkeep\n|turn|2\n|\n|t:|1781434359\n|switch|p1a: Slowbro|Slowbro, L85, F|300/300\n|move|p2a: Infernape|Close Combat|p1a: Slowbro\n|-resisted|p1a: Slowbro\n|-damage|p1a: Slowbro|223/300\n|-unboost|p2a: Infernape|def|1\n|-unboost|p2a: Infernape|spd|1\n|\n|upkeep\n|turn|3\n|\n|t:|1781434370\n|switch|p2a: Clefable|Clefable, L83, F|293/293\n|move|p1a: Slowbro|Scald|p2a: Clefable\n|-damage|p2a: Clefable|197/293\n|\n|-heal|p2a: Clefable|215/293|[from] item: Leftovers\n|upkeep\n|turn|4\n|\n|t:|1781434374\n|move|p2a: Clefable|Stealth Rock|p1a: Slowbro\n|-sidestart|p1: Tuki VN|move: Stealth Rock\n|move|p1a: Slowbro|Psychic Noise|p2a: Clefable\n|-damage|p2a: Clefable|125/293\n|-start|p2a: Clefable|move: Heal Block\n|\n|upkeep\n|turn|5\n|\n|t:|1781434378\n|move|p2a: Clefable|Moonblast|p1a: Slowbro\n|-damage|p1a: Slowbro|159/300\n|move|p1a: Slowbro|Psychic Noise|p2a: Clefable\n|-damage|p2a: Clefable|37/293\n|\n|-end|p2a: Clefable|move: Heal Block\n|upkeep\n|turn|6\n|\n|t:|1781434381\n|move|p2a: Clefable|Moonlight|p2a: Clefable\n|-heal|p2a: Clefable|183/293\n|move|p1a: Slowbro|Psychic Noise|p2a: Clefable\n|-damage|p2a: Clefable|104/293\n|-start|p2a: Clefable|move: Heal Block\n|\n|upkeep\n|turn|7\n|\n|t:|1781434397\n|move|p2a: Clefable|Moonblast|p1a: Slowbro\n|-damage|p1a: Slowbro|92/300\n|-unboost|p1a: Slowbro|spa|1\n|move|p1a: Slowbro|Scald|p2a: Clefable\n|-damage|p2a: Clefable|19/293\n|-status|p2a: Clefable|brn\n|\n|-damage|p2a: Clefable|1/293 brn|[from] brn\n|-end|p2a: Clefable|move: Heal Block\n|upkeep\n|turn|8\n|\n|t:|1781434401\n|move|p2a: Clefable|Moonlight|p2a: Clefable\n|-heal|p2a: Clefable|147/293 brn\n|move|p1a: Slowbro|Psychic Noise|p2a: Clefable\n|-damage|p2a: Clefable|66/293 brn\n|-start|p2a: Clefable|move: Heal Block\n|\n|-damage|p2a: Clefable|48/293 brn|[from] brn\n|upkeep\n|turn|9\n|\n|t:|1781434405\n|move|p2a: Clefable|Moonblast|p1a: Slowbro\n|-damage|p1a: Slowbro|28/300\n|move|p1a: Slowbro|Psychic Noise|p2a: Clefable\n|-damage|p2a: Clefable|0 fnt\n|faint|p2a: Clefable\n|\n|upkeep\n|\n|t:|1781434412\n|switch|p2a: Infernape|Infernape, L82, F|145/259\n|turn|10\n|\n|t:|1781434422\n|switch|p1a: Eiscue|Eiscue, L88, M|274/274\n|-damage|p1a: Eiscue|206/274|[from] Stealth Rock\n|move|p2a: Infernape|Flare Blitz|p1a: Eiscue\n|-activate|p1a: Eiscue|ability: Ice Face\n|-damage|p1a: Eiscue|206/274\n|detailschange|p1a: Eiscue|Eiscue-Noice, L88, M\n|\n|upkeep\n|turn|11\n|\n|t:|1781434428\n|move|p1a: Eiscue|Liquidation|p2a: Infernape\n|-supereffective|p2a: Infernape\n|-damage|p2a: Infernape|19/259\n|move|p2a: Infernape|Flare Blitz|p1a: Eiscue\n|-supereffective|p1a: Eiscue\n|-damage|p1a: Eiscue|0 fnt\n|faint|p1a: Eiscue\n|-damage|p2a: Infernape|0 fnt|[from] Recoil\n|faint|p2a: Infernape\n|\n|upkeep\n|\n|t:|1781434440\n|switch|p1a: Slowbro|Slowbro, L85, F|128/300\n|switch|p2a: Reshiram|Reshiram, L76|277/277\n|-ability|p2a: Reshiram|Turboblaze\n|-damage|p1a: Slowbro|91/300|[from] Stealth Rock\n|turn|12\n|\n|t:|1781434453\n|move|p2a: Reshiram|Blue Flare|p1a: Slowbro\n|-resisted|p1a: Slowbro\n|-damage|p1a: Slowbro|29/300\n|move|p1a: Slowbro|Ice Beam|p2a: Reshiram\n|-damage|p2a: Reshiram|217/277\n|\n|upkeep\n|turn|13\n|\n|t:|1781434463\n|switch|p1a: Kingdra|Kingdra, L84, M|263/263\n|-damage|p1a: Kingdra|231/263|[from] Stealth Rock\n|move|p2a: Reshiram|Blue Flare|p1a: Kingdra\n|-resisted|p1a: Kingdra\n|-damage|p1a: Kingdra|195/263\n|\n|upkeep\n|turn|14\n|\n|t:|1781434472\n|switch|p2a: Gurdurr|Gurdurr, L85, M|283/283\n|move|p1a: Kingdra|Draco Meteor|p2a: Gurdurr\n|-damage|p2a: Gurdurr|98/283\n|-unboost|p1a: Kingdra|spa|2\n|-damage|p1a: Kingdra|169/263|[from] item: Life Orb\n|\n|upkeep\n|turn|15\n|\n|t:|1781434480\n|move|p1a: Kingdra|Wave Crash|p2a: Gurdurr\n|-damage|p2a: Gurdurr|0 fnt\n|faint|p2a: Gurdurr\n|-damage|p1a: Kingdra|137/263|[from] Recoil\n|-damage|p1a: Kingdra|111/263|[from] item: Life Orb\n|\n|upkeep\n|\n|t:|1781434486\n|switch|p2a: Primarina|Primarina, L83, M|268/268\n|turn|16\n|\n|t:|1781434492\n|switch|p1a: Slowbro|Slowbro, L85, F|129/300\n|-damage|p1a: Slowbro|92/300|[from] Stealth Rock\n|move|p2a: Primarina|Calm Mind|p2a: Primarina\n|-boost|p2a: Primarina|spa|1\n|-boost|p2a: Primarina|spd|1\n|\n|upkeep\n|turn|17\n|\n|t:|1781434501\n|move|p2a: Primarina|Calm Mind|p2a: Primarina\n|-boost|p2a: Primarina|spa|1\n|-boost|p2a: Primarina|spd|1\n|move|p1a: Slowbro|Psychic Noise|p2a: Primarina\n|-damage|p2a: Primarina|235/268\n|-start|p2a: Primarina|move: Heal Block\n|\n|upkeep\n|turn|18\n|\n|t:|1781434516\n|move|p2a: Primarina|Calm Mind|p2a: Primarina\n|-boost|p2a: Primarina|spa|1\n|-boost|p2a: Primarina|spd|1\n|move|p1a: Slowbro|Ice Beam|p2a: Primarina\n|-resisted|p2a: Primarina\n|-damage|p2a: Primarina|225/268\n|-status|p2a: Primarina|frz\n|\n|-end|p2a: Primarina|move: Heal Block\n|upkeep\n|turn|19\n|\n|t:|1781434534\n|switch|p1a: Lucario|Lucario, L84, F|230/255\n|-damage|p1a: Lucario|223/255|[from] Stealth Rock\n|cant|p2a: Primarina|frz\n|\n|-heal|p2a: Primarina|241/268 frz|[from] item: Leftovers\n|upkeep\n|turn|20\n|\n|t:|1781434537\n|move|p1a: Lucario|Nasty Plot|p1a: Lucario\n|-boost|p1a: Lucario|spa|2\n|cant|p2a: Primarina|frz\n|\n|-heal|p2a: Primarina|257/268 frz|[from] item: Leftovers\n|upkeep\n|turn|21\n|\n|t:|1781434540\n|move|p1a: Lucario|Flash Cannon|p2a: Primarina\n|-damage|p2a: Primarina|174/268 frz\n|-damage|p1a: Lucario|198/255|[from] item: Life Orb\n|-curestatus|p2a: Primarina|frz|[msg]\n|move|p2a: Primarina|Draining Kiss|p1a: Lucario\n|-damage|p1a: Lucario|24/255\n|-heal|p2a: Primarina|268/268|[from] drain|[of] p1a: Lucario\n|\n|upkeep\n|turn|22\n|\n|t:|1781434544\n|move|p1a: Lucario|Flash Cannon|p2a: Primarina\n|-damage|p2a: Primarina|182/268\n|-damage|p1a: Lucario|0 fnt|[from] item: Life Orb\n|faint|p1a: Lucario\n|move|p2a: Primarina|Draining Kiss|p1: Lucario|[notarget]\n|-fail|p2a: Primarina\n|\n|-heal|p2a: Primarina|198/268|[from] item: Leftovers\n|upkeep\n|-message|Tuki VN forfeited.\n|\n|win|Saaskin\n|raw|Tuki VN's rating: 1984 &rarr; <strong>1967</strong><br />(-17 for losing)\n|raw|Saaskin's rating: 2036 &rarr; <strong>2053</strong><br />(+17 for winning)\n|l|\u2606Tuki VN\n|player|p1|\n", "uploadtime": 1781434340, "views": 4, "formatid": "gen9randombattle", "rating": 1967, "private": 0, "password": null}