{"id": "gen9randombattle-2631980116", "format": "[Gen 9] Random Battle", "players": ["Atahal2", "Radiator87"], "log": "|j|\u2606Atahal2\n|j|\u2606Radiator87\n|t:|1781462294\n|gametype|singles\n|player|p1|Atahal2|ghetsis|\n|player|p2|Radiator87|102|\n|gen|9\n|tier|[Gen 9] Random Battle\n|rule|Species Clause: Limit one of each Pok\u00e9mon\n|rule|HP Percentage Mod: HP is shown in percentages\n|rule|Sleep Clause Mod: Limit one foe put to sleep\n|rule|Illusion Level Mod: Illusion disguises the Pok\u00e9mon's true level\n|\n|t:|1781462294\n|teamsize|p1|6\n|teamsize|p2|6\n|start\n|switch|p1a: Magmortar|Magmortar, L88, M|275/275\n|switch|p2a: Swanna|Swanna, L89, F|278/278\n|turn|1\n|\n|t:|1781462321\n|switch|p2a: Iron Thorns|Iron Thorns, L83|302/302\n|-enditem|p2a: Iron Thorns|Booster Energy\n|-activate|p2a: Iron Thorns|ability: Quark Drive|[fromitem]\n|-start|p2a: Iron Thorns|quarkdriveatk\n|move|p1a: Magmortar|Thunderbolt|p2a: Iron Thorns\n|-resisted|p2a: Iron Thorns\n|-damage|p2a: Iron Thorns|237/302\n|\n|upkeep\n|turn|2\n|inactive|Battle timer is ON: inactive players will automatically lose when time's up. (requested by Atahal2)\n|\n|t:|1781462339\n|switch|p1a: Venusaur|Venusaur, L84, M|272/272\n|move|p2a: Iron Thorns|Stone Edge|p1a: Venusaur|[miss]\n|-miss|p2a: Iron Thorns|p1a: Venusaur\n|\n|upkeep\n|turn|3\n|\n|t:|1781462360\n|-end|p2a: Iron Thorns|Quark Drive|[silent]\n|switch|p2a: Swanna|Swanna, L89, F|278/278\n|move|p1a: Venusaur|Sludge Bomb|p2a: Swanna\n|-damage|p2a: Swanna|158/278\n|\n|upkeep\n|turn|4\n|inactive|Atahal2 has 270 seconds left.\n|\n|t:|1781462394\n|switch|p1a: Magmortar|Magmortar, L88, M|275/275\n|move|p2a: Swanna|Brave Bird|p1a: Magmortar\n|-damage|p1a: Magmortar|133/275\n|-status|p2a: Swanna|brn|[from] ability: Flame Body|[of] p1a: Magmortar\n|-damage|p2a: Swanna|111/278 brn|[from] Recoil\n|\n|-damage|p2a: Swanna|94/278 brn|[from] brn\n|upkeep\n|turn|5\n|\n|t:|1781462407\n|move|p2a: Swanna|Hydro Pump|p1a: Magmortar\n|-supereffective|p1a: Magmortar\n|-damage|p1a: Magmortar|0 fnt\n|faint|p1a: Magmortar\n|\n|-damage|p2a: Swanna|77/278 brn|[from] brn\n|upkeep\n|\n|t:|1781462413\n|switch|p1a: Grimmsnarl|Grimmsnarl, L83, M|293/293\n|turn|6\n|\n|t:|1781462431\n|switch|p2a: Arbok|Arbok, L87, M|246/246\n|-ability|p2a: Arbok|Intimidate|boost\n|-unboost|p1a: Grimmsnarl|atk|1\n|move|p1a: Grimmsnarl|Light Screen|p1a: Grimmsnarl\n|-sidestart|p1: Atahal2|move: Light Screen\n|\n|upkeep\n|turn|7\n|\n|t:|1781462440\n|move|p1a: Grimmsnarl|Thunder Wave|p2a: Arbok\n|-status|p2a: Arbok|par\n|move|p2a: Arbok|Gunk Shot|p1a: Grimmsnarl|[miss]\n|-miss|p2a: Arbok|p1a: Grimmsnarl\n|\n|upkeep\n|turn|8\n|\n|t:|1781462451\n|switch|p1a: Clodsire|Clodsire, L81, M|343/343\n|move|p2a: Arbok|Gunk Shot|p1a: Clodsire\n|-resisted|p1a: Clodsire\n|-damage|p1a: Clodsire|298/343\n|\n|-heal|p1a: Clodsire|319/343|[from] item: Leftovers\n|upkeep\n|turn|9\n|\n|t:|1781462464\n|move|p2a: Arbok|Coil|p2a: Arbok\n|-boost|p2a: Arbok|atk|1\n|-boost|p2a: Arbok|def|1\n|-boost|p2a: Arbok|accuracy|1\n|move|p1a: Clodsire|Gunk Shot|p2a: Arbok\n|-resisted|p2a: Arbok\n|-damage|p2a: Arbok|207/246 par\n|\n|-heal|p2a: Arbok|222/246 par|[from] item: Leftovers\n|-heal|p1a: Clodsire|340/343|[from] item: Leftovers\n|upkeep\n|turn|10\n|\n|t:|1781462474\n|move|p2a: Arbok|Coil|p2a: Arbok\n|-boost|p2a: Arbok|atk|1\n|-boost|p2a: Arbok|def|1\n|-boost|p2a: Arbok|accuracy|1\n|move|p1a: Clodsire|Earthquake|p2a: Arbok\n|-supereffective|p2a: Arbok\n|-damage|p2a: Arbok|136/246 par\n|\n|-heal|p2a: Arbok|151/246 par|[from] item: Leftovers\n|-heal|p1a: Clodsire|343/343|[from] item: Leftovers\n|upkeep\n|turn|11\n|\n|t:|1781462484\n|move|p2a: Arbok|Earthquake|p1a: Clodsire\n|-supereffective|p1a: Clodsire\n|-damage|p1a: Clodsire|0 fnt\n|faint|p1a: Clodsire\n|\n|-heal|p2a: Arbok|166/246 par|[from] item: Leftovers\n|upkeep\n|\n|t:|1781462488\n|switch|p1a: Hypno|Hypno, L95, F|315/315\n|turn|12\n|\n|t:|1781462501\n|move|p1a: Hypno|Psychic Noise|p2a: Arbok\n|-supereffective|p2a: Arbok\n|-damage|p2a: Arbok|0 fnt\n|faint|p2a: Arbok\n|\n|upkeep\n|\n|t:|1781462507\n|switch|p2a: Grimmsnarl|Grimmsnarl, L83, M|293/293\n|turn|13\n|\n|t:|1781462523\n|move|p2a: Grimmsnarl|Light Screen|p2a: Grimmsnarl\n|-sidestart|p2: Radiator87|move: Light Screen\n|move|p1a: Hypno|Toxic|p2a: Grimmsnarl\n|-status|p2a: Grimmsnarl|tox\n|\n|-damage|p2a: Grimmsnarl|275/293 tox|[from] psn\n|-sideend|p1: Atahal2|move: Light Screen\n|upkeep\n|turn|14\n|\n|t:|1781462533\n|switch|p1a: Grimmsnarl|Grimmsnarl, L83, M|293/293\n|move|p2a: Grimmsnarl|Parting Shot|p1a: Grimmsnarl\n|-hint|Since gen 7, Dark is immune to Prankster moves.\n|-immune|p1a: Grimmsnarl\n|\n|-damage|p2a: Grimmsnarl|239/293 tox|[from] psn\n|upkeep\n|turn|15\n|\n|t:|1781462560\n|move|p1a: Grimmsnarl|Spirit Break|p2a: Grimmsnarl\n|-supereffective|p2a: Grimmsnarl\n|-damage|p2a: Grimmsnarl|0 fnt\n|faint|p2a: Grimmsnarl\n|\n|upkeep\n|inactive|Radiator87 has 270 seconds left.\n|\n|t:|1781462574\n|switch|p2a: Iron Thorns|Iron Thorns, L83|237/302\n|turn|16\n|\n|t:|1781462581\n|move|p1a: Grimmsnarl|Reflect|p1a: Grimmsnarl\n|-sidestart|p1: Atahal2|Reflect\n|move|p2a: Iron Thorns|Stone Edge|p1a: Grimmsnarl|[miss]\n|-miss|p2a: Iron Thorns|p1a: Grimmsnarl\n|\n|upkeep\n|turn|17\n|\n|t:|1781462587\n|switch|p1a: Venusaur|Venusaur, L84, M|272/272\n|move|p2a: Iron Thorns|Dragon Dance|p2a: Iron Thorns\n|-boost|p2a: Iron Thorns|atk|1\n|-boost|p2a: Iron Thorns|spe|1\n|\n|upkeep\n|turn|18\n|\n|t:|1781462594\n|move|p2a: Iron Thorns|Stone Edge|p1a: Venusaur\n|-damage|p1a: Venusaur|166/272\n|move|p1a: Venusaur|Sleep Powder|p2a: Iron Thorns\n|-status|p2a: Iron Thorns|slp|[from] move: Sleep Powder\n|\n|-heal|p1a: Venusaur|183/272|[from] item: Leftovers\n|upkeep\n|turn|19\n|\n|t:|1781462604\n|-end|p2a: Iron Thorns|Quark Drive|[silent]\n|switch|p2a: Swanna|Swanna, L89, F|77/278 brn\n|move|p1a: Venusaur|Earth Power|p2a: Swanna\n|-immune|p2a: Swanna\n|\n|-heal|p1a: Venusaur|200/272|[from] item: Leftovers\n|-damage|p2a: Swanna|60/278 brn|[from] brn\n|upkeep\n|turn|20\n|\n|t:|1781462612\n|switch|p1a: Hypno|Hypno, L95, F|315/315\n|move|p2a: Swanna|Roost|p2a: Swanna\n|-heal|p2a: Swanna|199/278 brn\n|-singleturn|p2a: Swanna|move: Roost\n|\n|-damage|p2a: Swanna|182/278 brn|[from] brn\n|-sideend|p2: Radiator87|move: Light Screen\n|upkeep\n|turn|21\n|\n|t:|1781462622\n|switch|p2a: Suicune|Suicune, L82|298/298\n|-ability|p2a: Suicune|Pressure\n|move|p1a: Hypno|Psychic Noise|p2a: Suicune\n|-damage|p2a: Suicune|225/298\n|-start|p2a: Suicune|move: Heal Block\n|\n|upkeep\n|turn|22\n|\n|t:|1781462636\n|move|p2a: Suicune|Calm Mind|p2a: Suicune\n|-boost|p2a: Suicune|spa|1\n|-boost|p2a: Suicune|spd|1\n|move|p1a: Hypno|Psychic Noise|p2a: Suicune\n|-damage|p2a: Suicune|180/298\n|\n|-end|p2a: Suicune|move: Heal Block\n|upkeep\n|turn|23\n|\n|t:|1781462646\n|move|p2a: Suicune|Calm Mind|p2a: Suicune\n|-boost|p2a: Suicune|spa|1\n|-boost|p2a: Suicune|spd|1\n|move|p1a: Hypno|Toxic|p2a: Suicune\n|-status|p2a: Suicune|tox\n|\n|-heal|p2a: Suicune|198/298 tox|[from] item: Leftovers\n|-damage|p2a: Suicune|180/298 tox|[from] psn\n|-sideend|p1: Atahal2|Reflect\n|upkeep\n|turn|24\n|\n|t:|1781462657\n|move|p2a: Suicune|Scald|p1a: Hypno\n|-damage|p1a: Hypno|210/315\n|-status|p1a: Hypno|brn\n|move|p1a: Hypno|Psychic Noise|p2a: Suicune\n|-damage|p2a: Suicune|147/298 tox\n|-start|p2a: Suicune|move: Heal Block\n|\n|-heal|p1a: Hypno|229/315 brn|[from] item: Leftovers\n|-damage|p2a: Suicune|111/298 tox|[from] psn\n|-damage|p1a: Hypno|210/315 brn|[from] brn\n|upkeep\n|turn|25\n|\n|t:|1781462670\n|move|p1a: Hypno|Protect|p1a: Hypno\n|-singleturn|p1a: Hypno|Protect\n|move|p2a: Suicune|Scald|p1a: Hypno\n|-activate|p1a: Hypno|move: Protect\n|\n|-heal|p1a: Hypno|229/315 brn|[from] item: Leftovers\n|-damage|p2a: Suicune|57/298 tox|[from] psn\n|-damage|p1a: Hypno|210/315 brn|[from] brn\n|-end|p2a: Suicune|move: Heal Block\n|upkeep\n|turn|26\n|\n|t:|1781462683\n|switch|p2a: Swanna|Swanna, L89, F|182/278 brn\n|move|p1a: Hypno|Psychic Noise|p2a: Swanna\n|-crit|p2a: Swanna\n|-damage|p2a: Swanna|26/278 brn\n|-start|p2a: Swanna|move: Heal Block\n|\n|-heal|p1a: Hypno|229/315 brn|[from] item: Leftovers\n|-damage|p2a: Swanna|9/278 brn|[from] brn\n|-damage|p1a: Hypno|210/315 brn|[from] brn\n|upkeep\n|turn|27\n|\n|t:|1781462698\n|move|p1a: Hypno|Protect|p1a: Hypno\n|-singleturn|p1a: Hypno|Protect\n|move|p2a: Swanna|Brave Bird|p1a: Hypno\n|-activate|p1a: Hypno|move: Protect\n|\n|-heal|p1a: Hypno|229/315 brn|[from] item: Leftovers\n|-damage|p2a: Swanna|0 fnt|[from] brn\n|faint|p2a: Swanna\n|-damage|p1a: Hypno|210/315 brn|[from] brn\n|upkeep\n|\n|t:|1781462704\n|switch|p2a: Glalie|Glalie, L96, M|309/309\n|turn|28\n|\n|t:|1781462710\n|move|p2a: Glalie|Taunt|p1a: Hypno\n|-start|p1a: Hypno|move: Taunt\n|cant|p1a: Hypno|move: Taunt|Toxic\n|\n|-heal|p1a: Hypno|229/315 brn|[from] item: Leftovers\n|-damage|p1a: Hypno|210/315 brn|[from] brn\n|upkeep\n|turn|29\n|\n|t:|1781462725\n|move|p2a: Glalie|Earthquake|p1a: Hypno\n|-damage|p1a: Hypno|124/315 brn\n|move|p1a: Hypno|Focus Blast|p2a: Glalie\n|-supereffective|p2a: Glalie\n|-damage|p2a: Glalie|133/309\n|\n|-heal|p1a: Hypno|143/315 brn|[from] item: Leftovers\n|-damage|p1a: Hypno|124/315 brn|[from] brn\n|upkeep\n|turn|30\n|\n|t:|1781462737\n|move|p2a: Glalie|Earthquake|p1a: Hypno\n|-damage|p1a: Hypno|40/315 brn\n|move|p1a: Hypno|Focus Blast|p2a: Glalie|[miss]\n|-miss|p1a: Hypno|p2a: Glalie\n|\n|-heal|p1a: Hypno|59/315 brn|[from] item: Leftovers\n|-damage|p1a: Hypno|40/315 brn|[from] brn\n|-end|p1a: Hypno|move: Taunt\n|upkeep\n|turn|31\n|\n|t:|1781462743\n|move|p2a: Glalie|Freeze-Dry|p1a: Hypno\n|-damage|p1a: Hypno|0 fnt\n|faint|p1a: Hypno\n|\n|upkeep\n|\n|t:|1781462748\n|switch|p1a: Grimmsnarl|Grimmsnarl, L83, M|293/293\n|turn|32\n|\n|t:|1781462759\n|move|p1a: Grimmsnarl|Light Screen|p1a: Grimmsnarl\n|-sidestart|p1: Atahal2|move: Light Screen\n|move|p2a: Glalie|Taunt|p1a: Grimmsnarl\n|-start|p1a: Grimmsnarl|move: Taunt\n|\n|upkeep\n|turn|33\n|\n|t:|1781462767\n|switch|p2a: Suicune|Suicune, L82|57/298 tox\n|-ability|p2a: Suicune|Pressure\n|move|p1a: Grimmsnarl|Spirit Break|p2a: Suicune\n|-damage|p2a: Suicune|0 fnt\n|faint|p2a: Suicune\n|\n|upkeep\n|\n|t:|1781462774\n|switch|p2a: Iron Thorns|Iron Thorns, L83|237/302 slp\n|turn|34\n|\n|t:|1781462777\n|cant|p2a: Iron Thorns|slp\n|move|p1a: Grimmsnarl|Spirit Break|p2a: Iron Thorns\n|-damage|p2a: Iron Thorns|153/302 slp\n|-unboost|p2a: Iron Thorns|spa|1\n|\n|upkeep\n|turn|35\n|\n|t:|1781462782\n|switch|p1a: Venusaur|Venusaur, L84, M|200/272\n|cant|p2a: Iron Thorns|slp\n|\n|-heal|p1a: Venusaur|217/272|[from] item: Leftovers\n|upkeep\n|turn|36\n|\n|t:|1781462789\n|move|p1a: Venusaur|Earth Power|p2a: Iron Thorns\n|-supereffective|p2a: Iron Thorns\n|-damage|p2a: Iron Thorns|0 fnt\n|faint|p2a: Iron Thorns\n|-end|p2a: Iron Thorns|Quark Drive|[silent]\n|\n|-heal|p1a: Venusaur|234/272|[from] item: Leftovers\n|upkeep\n|\n|t:|1781462793\n|switch|p2a: Glalie|Glalie, L96, M|133/309\n|turn|37\n|\n|t:|1781462796\n|move|p2a: Glalie|Freeze-Dry|p1a: Venusaur\n|-supereffective|p1a: Venusaur\n|-damage|p1a: Venusaur|156/272\n|move|p1a: Venusaur|Sludge Bomb|p2a: Glalie\n|-damage|p2a: Glalie|40/309\n|\n|-heal|p1a: Venusaur|173/272|[from] item: Leftovers\n|upkeep\n|turn|38\n|\n|t:|1781462805\n|move|p2a: Glalie|Freeze-Dry|p1a: Venusaur\n|-supereffective|p1a: Venusaur\n|-damage|p1a: Venusaur|104/272\n|move|p1a: Venusaur|Sludge Bomb|p2a: Glalie\n|-damage|p2a: Glalie|0 fnt\n|faint|p2a: Glalie\n|\n|win|Atahal2\n|l|\u2606Radiator87\n|player|p2|\n", "uploadtime": 1781462815, "views": 4, "formatid": "gen9randombattle", "rating": null, "private": 0, "password": null}