{"id": "gen9randombattle-2631995214", "format": "[Gen 9] Random Battle", "players": ["King.of.big.balls", "phurballin"], "log": "|j|\u2606King.of.big.balls\n|j|\u2606phurballin\n|t:|1781463957\n|gametype|singles\n|player|p1|King.of.big.balls|fisherman-gen4|1112\n|player|p2|phurballin|266|1103\n|gen|9\n|tier|[Gen 9] Random Battle\n|rated|\n|rule|Species Clause: Limit one of each Pok\u00e9mon\n|rule|HP Percentage Mod: HP is shown in percentages\n|rule|Sleep Clause Mod: Limit one foe put to sleep\n|rule|Illusion Level Mod: Illusion disguises the Pok\u00e9mon's true level\n|\n|t:|1781463957\n|teamsize|p1|6\n|teamsize|p2|6\n|start\n|switch|p1a: Ogerpon|Ogerpon-Cornerstone, L76, F|247/247\n|switch|p2a: Rotom|Rotom-Fan, L86|226/226\n|turn|1\n|inactive|Battle timer is ON: inactive players will automatically lose when time's up. (requested by King.of.big.balls)\n|\n|t:|1781463970\n|-terastallize|p1a: Ogerpon|Rock\n|detailschange|p1a: Ogerpon|Ogerpon-Cornerstone-Tera, L76, F, tera:Rock\n|-ability|p1a: Ogerpon|Embody Aspect (Cornerstone)|boost\n|-boost|p1a: Ogerpon|def|1\n|move|p1a: Ogerpon|Ivy Cudgel|p2a: Rotom|[anim] Ivy Cudgel Rock\n|-supereffective|p2a: Rotom\n|-damage|p2a: Rotom|0 fnt\n|faint|p2a: Rotom\n|\n|upkeep\n|\n|t:|1781463977\n|switch|p2a: Gyarados|Gyarados, L79, M|280/280\n|-ability|p2a: Gyarados|Intimidate|boost\n|-unboost|p1a: Ogerpon|atk|1\n|turn|2\n|\n|t:|1781463985\n|-terastallize|p2a: Gyarados|Flying\n|move|p1a: Ogerpon|Power Whip|p2a: Gyarados\n|-resisted|p2a: Gyarados\n|-damage|p2a: Gyarados|218/280\n|move|p2a: Gyarados|Earthquake|p1a: Ogerpon\n|-supereffective|p1a: Ogerpon\n|-damage|p1a: Ogerpon|137/247\n|\n|upkeep\n|turn|3\n|\n|t:|1781463994\n|move|p1a: Ogerpon|Ivy Cudgel|p2a: Gyarados|[anim] Ivy Cudgel Rock\n|-supereffective|p2a: Gyarados\n|-damage|p2a: Gyarados|0 fnt\n|faint|p2a: Gyarados\n|\n|upkeep\n|\n|t:|1781463997\n|switch|p2a: Whiscash|Whiscash, L88, M|337/337\n|turn|4\n|\n|t:|1781464002\n|move|p1a: Ogerpon|Ivy Cudgel|p2a: Whiscash|[anim] Ivy Cudgel Rock\n|-resisted|p2a: Whiscash\n|-damage|p2a: Whiscash|281/337\n|move|p2a: Whiscash|Liquidation|p1a: Ogerpon\n|-supereffective|p1a: Ogerpon\n|-damage|p1a: Ogerpon|0 fnt\n|faint|p1a: Ogerpon\n|detailschange|p1: Ogerpon|Ogerpon-Cornerstone, L76, F|[silent]\n|-damage|p2a: Whiscash|248/337|[from] item: Life Orb\n|\n|upkeep\n|\n|t:|1781464007\n|switch|p1a: Glaceon|Glaceon, L94, F|275/275\n|turn|5\n|\n|t:|1781464018\n|move|p1a: Glaceon|Freeze-Dry|p2a: Whiscash\n|-supereffective|p2a: Whiscash\n|-damage|p2a: Whiscash|0 fnt\n|faint|p2a: Whiscash\n|\n|upkeep\n|\n|t:|1781464023\n|switch|p2a: Raikou|Raikou, L81|278/278\n|-ability|p2a: Raikou|Pressure\n|turn|6\n|\n|t:|1781464034\n|move|p2a: Raikou|Calm Mind|p2a: Raikou\n|-boost|p2a: Raikou|spa|1\n|-boost|p2a: Raikou|spd|1\n|move|p1a: Glaceon|Mud Shot|p2a: Raikou\n|-supereffective|p2a: Raikou\n|-damage|p2a: Raikou|202/278\n|-unboost|p2a: Raikou|spe|1\n|\n|-heal|p2a: Raikou|219/278|[from] item: Leftovers\n|upkeep\n|turn|7\n|\n|t:|1781464045\n|move|p1a: Glaceon|Mud Shot|p2a: Raikou\n|-supereffective|p2a: Raikou\n|-damage|p2a: Raikou|141/278\n|-unboost|p2a: Raikou|spe|1\n|move|p2a: Raikou|Thunderbolt|p1a: Glaceon\n|-damage|p1a: Glaceon|146/275\n|\n|-heal|p2a: Raikou|158/278|[from] item: Leftovers\n|upkeep\n|turn|8\n|\n|t:|1781464054\n|move|p1a: Glaceon|Mud Shot|p2a: Raikou\n|-supereffective|p2a: Raikou\n|-damage|p2a: Raikou|82/278\n|-unboost|p2a: Raikou|spe|1\n|move|p2a: Raikou|Thunderbolt|p1a: Glaceon\n|-damage|p1a: Glaceon|5/275\n|\n|-heal|p2a: Raikou|99/278|[from] item: Leftovers\n|upkeep\n|turn|9\n|\n|t:|1781464059\n|move|p1a: Glaceon|Wish|p1a: Glaceon\n|move|p2a: Raikou|Scald|p1a: Glaceon\n|-damage|p1a: Glaceon|0 fnt\n|faint|p1a: Glaceon\n|\n|-heal|p2a: Raikou|116/278|[from] item: Leftovers\n|upkeep\n|\n|t:|1781464066\n|switch|p1a: Medicham|Medicham, L86, F|243/243\n|turn|10\n|\n|t:|1781464071\n|move|p1a: Medicham|Ice Punch|p2a: Raikou\n|-damage|p2a: Raikou|0 fnt\n|faint|p2a: Raikou\n|\n|upkeep\n|\n|t:|1781464075\n|switch|p2a: Espeon|Espeon, L84, M|246/246\n|turn|11\n|\n|t:|1781464089\n|switch|p1a: Kingambit|Kingambit, L74, M|270/270\n|-activate|p1a: Kingambit|ability: Supreme Overlord\n|-start|p1a: Kingambit|fallen2|[silent]\n|move|p2a: Espeon|Shadow Ball|p1a: Kingambit\n|-resisted|p1a: Kingambit\n|-damage|p1a: Kingambit|208/270\n|\n|-heal|p1a: Kingambit|224/270|[from] item: Leftovers\n|upkeep\n|turn|12\n|\n|t:|1781464103\n|switch|p2a: Rampardos|Rampardos, L90, M|321/321\n|move|p1a: Kingambit|Kowtow Cleave|p2a: Rampardos\n|-damage|p2a: Rampardos|189/321\n|\n|-heal|p1a: Kingambit|240/270|[from] item: Leftovers\n|upkeep\n|turn|13\n|\n|t:|1781464111\n|move|p2a: Rampardos|Fire Punch|p1a: Kingambit\n|-supereffective|p1a: Kingambit\n|-damage|p1a: Kingambit|0 fnt\n|faint|p1a: Kingambit\n|-end|p1a: Kingambit|fallen2|[silent]\n|\n|upkeep\n|\n|t:|1781464120\n|switch|p1a: Medicham|Medicham, L86, F|243/243\n|turn|14\n|\n|t:|1781464129\n|move|p1a: Medicham|Close Combat|p2a: Rampardos\n|-supereffective|p2a: Rampardos\n|-damage|p2a: Rampardos|0 fnt\n|-unboost|p1a: Medicham|def|1\n|-unboost|p1a: Medicham|spd|1\n|faint|p2a: Rampardos\n|\n|upkeep\n|c|\u2606phurballin|King of aidsss. Bye btch\n|inactive|phurballin has 120 seconds left.\n|c|\u2606King.of.big.balls|King of yo momma\n|inactive|phurballin has 90 seconds left.\n|c|\u2606phurballin|Yours has aidsss. Die and bye\n|inactive|phurballin has 60 seconds left.\n|l|\u2606phurballin\n|inactive|phurballin disconnected and has a minute to reconnect!\n|player|p2|\n|inactive|phurballin has 30 seconds to reconnect!\n|inactive|phurballin has 20 seconds to reconnect!\n|inactive|phurballin has 15 seconds to reconnect!\n|inactive|phurballin has 10 seconds to reconnect!\n|inactive|phurballin has 5 seconds to reconnect!\n|-message|phurballin lost due to inactivity.\n|\n|win|King.of.big.balls\n", "uploadtime": 1781464212, "views": 2, "formatid": "gen9randombattle", "rating": null, "private": 0, "password": null}