{"id": "gen9randombattle-2631870934", "format": "[Gen 9] Random Battle", "players": ["Cirilo Persa", "oppopu"], "log": "|j|\u2606Cirilo Persa\n|j|\u2606oppopu\n|t:|1781450350\n|gametype|singles\n|player|p1|Cirilo Persa|steven|1364\n|player|p2|oppopu|2|1405\n|gen|9\n|tier|[Gen 9] Random Battle\n|rated|\n|rule|Species Clause: Limit one of each Pok\u00e9mon\n|rule|HP Percentage Mod: HP is shown in percentages\n|rule|Sleep Clause Mod: Limit one foe put to sleep\n|rule|Illusion Level Mod: Illusion disguises the Pok\u00e9mon's true level\n|\n|t:|1781450350\n|teamsize|p1|6\n|teamsize|p2|6\n|start\n|switch|p1a: Bronzong|Bronzong, L88|261/261\n|switch|p2a: Appletun|Appletun, L92, F|352/352\n|turn|1\n|\n|t:|1781450358\n|move|p2a: Appletun|Apple Acid|p1a: Bronzong\n|-resisted|p1a: Bronzong\n|-damage|p1a: Bronzong|222/261\n|-unboost|p1a: Bronzong|spd|1\n|move|p1a: Bronzong|Iron Defense|p1a: Bronzong\n|-boost|p1a: Bronzong|def|2\n|\n|-heal|p1a: Bronzong|238/261|[from] item: Leftovers\n|upkeep\n|turn|2\n|\n|t:|1781450361\n|move|p1a: Bronzong|Iron Defense|p1a: Bronzong\n|-boost|p1a: Bronzong|def|2\n|move|p2a: Appletun|Dragon Tail|p1a: Bronzong|[miss]\n|-miss|p2a: Appletun|p1a: Bronzong\n|\n|-heal|p1a: Bronzong|254/261|[from] item: Leftovers\n|upkeep\n|turn|3\n|\n|t:|1781450366\n|move|p1a: Bronzong|Body Press|p2a: Appletun\n|-damage|p2a: Appletun|135/352\n|move|p2a: Appletun|Dragon Tail|p1a: Bronzong\n|-resisted|p1a: Bronzong\n|-damage|p1a: Bronzong|245/261\n|drag|p1a: Moltres|Moltres, L81|278/278\n|\n|-heal|p2a: Appletun|157/352|[from] item: Leftovers\n|upkeep\n|turn|4\n|\n|t:|1781450373\n|move|p1a: Moltres|Brave Bird|p2a: Appletun\n|-supereffective|p2a: Appletun\n|-damage|p2a: Appletun|0 fnt\n|faint|p2a: Appletun\n|-damage|p1a: Moltres|226/278|[from] Recoil\n|\n|upkeep\n|\n|t:|1781450377\n|switch|p2a: Klawf|Klawf, L90, F|272/272\n|turn|5\n|\n|t:|1781450380\n|move|p1a: Moltres|Will-O-Wisp|p2a: Klawf\n|-status|p2a: Klawf|brn\n|move|p2a: Klawf|Swords Dance|p2a: Klawf\n|-boost|p2a: Klawf|atk|2\n|\n|-damage|p2a: Klawf|255/272 brn|[from] brn\n|upkeep\n|turn|6\n|\n|t:|1781450389\n|switch|p1a: Bronzong|Bronzong, L88|245/261\n|move|p2a: Klawf|Stone Edge|p1a: Bronzong\n|-resisted|p1a: Bronzong\n|-crit|p1a: Bronzong\n|-damage|p1a: Bronzong|172/261\n|\n|-heal|p1a: Bronzong|188/261|[from] item: Leftovers\n|-damage|p2a: Klawf|238/272 brn|[from] brn\n|upkeep\n|turn|7\n|\n|t:|1781450394\n|move|p2a: Klawf|Knock Off|p1a: Bronzong\n|-supereffective|p1a: Bronzong\n|-damage|p1a: Bronzong|55/261\n|-enditem|p1a: Bronzong|Leftovers|[from] move: Knock Off|[of] p2a: Klawf\n|move|p1a: Bronzong|Iron Defense|p1a: Bronzong\n|-boost|p1a: Bronzong|def|2\n|\n|-damage|p2a: Klawf|221/272 brn|[from] brn\n|upkeep\n|turn|8\n|\n|t:|1781450399\n|move|p2a: Klawf|Knock Off|p1a: Bronzong\n|-supereffective|p1a: Bronzong\n|-damage|p1a: Bronzong|14/261\n|move|p1a: Bronzong|Body Press|p2a: Klawf\n|-supereffective|p2a: Klawf\n|-damage|p2a: Klawf|11/272 brn\n|-ability|p2a: Klawf|Anger Shell|boost\n|-boost|p2a: Klawf|atk|1\n|-boost|p2a: Klawf|spa|1\n|-boost|p2a: Klawf|spe|1\n|-unboost|p2a: Klawf|def|1\n|-unboost|p2a: Klawf|spd|1\n|\n|-damage|p2a: Klawf|0 fnt|[from] brn\n|faint|p2a: Klawf\n|upkeep\n|inactive|Battle timer is ON: inactive players will automatically lose when time's up. (requested by Cirilo Persa)\n|\n|t:|1781450409\n|switch|p2a: Galvantula|Galvantula, L82, F|249/249\n|turn|9\n|\n|t:|1781450413\n|move|p2a: Galvantula|Sticky Web|p1a: Bronzong\n|-sidestart|p1: Cirilo Persa|move: Sticky Web\n|move|p1a: Bronzong|Psychic Noise|p2a: Galvantula\n|-damage|p2a: Galvantula|140/249\n|-start|p2a: Galvantula|move: Heal Block\n|\n|upkeep\n|turn|10\n|\n|t:|1781450416\n|move|p2a: Galvantula|Bug Buzz|p1a: Bronzong\n|-damage|p1a: Bronzong|0 fnt\n|faint|p1a: Bronzong\n|\n|-end|p2a: Galvantula|move: Heal Block\n|upkeep\n|\n|t:|1781450423\n|switch|p1a: Moltres|Moltres, L81|226/278\n|turn|11\n|\n|t:|1781450426\n|move|p2a: Galvantula|Thunder|p1a: Moltres\n|-supereffective|p1a: Moltres\n|-damage|p1a: Moltres|0 fnt\n|faint|p1a: Moltres\n|\n|upkeep\n|\n|t:|1781450432\n|switch|p1a: Heatran|Heatran, L79, F|273/273\n|-item|p1a: Heatran|Air Balloon\n|turn|12\n|\n|t:|1781450440\n|switch|p2a: Kommo-o|Kommo-o, L78, F|245/245\n|move|p1a: Heatran|Magma Storm|p2a: Kommo-o\n|-resisted|p2a: Kommo-o\n|-damage|p2a: Kommo-o|191/245\n|-activate|p2a: Kommo-o|move: Magma Storm|[of] p1a: Heatran\n|\n|-damage|p2a: Kommo-o|161/245|[from] move: Magma Storm|[partiallytrapped]\n|upkeep\n|turn|13\n|\n|t:|1781450448\n|move|p2a: Kommo-o|Clangorous Soul|p2a: Kommo-o\n|-boost|p2a: Kommo-o|atk|1\n|-boost|p2a: Kommo-o|def|1\n|-boost|p2a: Kommo-o|spa|1\n|-boost|p2a: Kommo-o|spd|1\n|-boost|p2a: Kommo-o|spe|1\n|-damage|p2a: Kommo-o|81/245\n|-enditem|p2a: Kommo-o|Throat Spray\n|-boost|p2a: Kommo-o|spa|1|[from] item: Throat Spray\n|move|p1a: Heatran|Earth Power|p2a: Kommo-o\n|-damage|p2a: Kommo-o|37/245\n|\n|-damage|p2a: Kommo-o|7/245|[from] move: Magma Storm|[partiallytrapped]\n|upkeep\n|turn|14\n|\n|t:|1781450452\n|move|p2a: Kommo-o|Drain Punch|p1a: Heatran\n|-supereffective|p1a: Heatran\n|-damage|p1a: Heatran|75/273\n|-heal|p2a: Kommo-o|106/245|[from] drain|[of] p1a: Heatran\n|-enditem|p1a: Heatran|Air Balloon\n|move|p1a: Heatran|Earth Power|p2a: Kommo-o\n|-damage|p2a: Kommo-o|59/245\n|\n|-damage|p2a: Kommo-o|29/245|[from] move: Magma Storm|[partiallytrapped]\n|upkeep\n|turn|15\n|\n|t:|1781450463\n|switch|p1a: Florges|Florges-Orange, L85, F|271/271\n|-activate|p1a: Florges|move: Sticky Web\n|-unboost|p1a: Florges|spe|1\n|move|p2a: Kommo-o|Drain Punch|p1a: Florges\n|-resisted|p1a: Florges\n|-damage|p1a: Florges|205/271\n|-heal|p2a: Kommo-o|62/245|[from] drain|[of] p1a: Florges\n|\n|-heal|p1a: Florges|221/271|[from] item: Leftovers\n|-end|p2a: Kommo-o|Magma Storm|[partiallytrapped]|[silent]\n|upkeep\n|turn|16\n|\n|t:|1781450470\n|move|p2a: Kommo-o|Boomburst|p1a: Florges\n|-damage|p1a: Florges|105/271\n|move|p1a: Florges|Moonblast|p2a: Kommo-o\n|-supereffective|p2a: Kommo-o\n|-damage|p2a: Kommo-o|0 fnt\n|faint|p2a: Kommo-o\n|\n|-heal|p1a: Florges|121/271|[from] item: Leftovers\n|upkeep\n|\n|t:|1781450474\n|switch|p2a: Feraligatr|Feraligatr, L79, F|264/264\n|turn|17\n|\n|t:|1781450480\n|move|p2a: Feraligatr|Dragon Dance|p2a: Feraligatr\n|-boost|p2a: Feraligatr|atk|1\n|-boost|p2a: Feraligatr|spe|1\n|move|p1a: Florges|Calm Mind|p1a: Florges\n|-boost|p1a: Florges|spa|1\n|-boost|p1a: Florges|spd|1\n|\n|-heal|p1a: Florges|137/271|[from] item: Leftovers\n|upkeep\n|turn|18\n|\n|t:|1781450483\n|move|p2a: Feraligatr|Liquidation|p1a: Florges\n|-damage|p1a: Florges|0 fnt\n|faint|p1a: Florges\n|\n|upkeep\n|\n|t:|1781450486\n|switch|p1a: Galvantula|Galvantula, L82, F|249/249\n|turn|19\n|\n|t:|1781450496\n|move|p2a: Feraligatr|Liquidation|p1a: Galvantula\n|-crit|p1a: Galvantula\n|-damage|p1a: Galvantula|0 fnt\n|faint|p1a: Galvantula\n|\n|upkeep\n|\n|t:|1781450499\n|switch|p1a: Altaria|Altaria, L89, M|278/278\n|turn|20\n|\n|t:|1781450510\n|-terastallize|p1a: Altaria|Steel\n|move|p2a: Feraligatr|Ice Punch|p1a: Altaria\n|-resisted|p1a: Altaria\n|-damage|p1a: Altaria|222/278\n|move|p1a: Altaria|Brave Bird|p2a: Feraligatr\n|-damage|p2a: Feraligatr|159/264\n|-damage|p1a: Altaria|187/278|[from] Recoil\n|\n|upkeep\n|turn|21\n|\n|t:|1781450516\n|move|p2a: Feraligatr|Liquidation|p1a: Altaria\n|-damage|p1a: Altaria|0 fnt\n|faint|p1a: Altaria\n|\n|upkeep\n|\n|t:|1781450519\n|switch|p1a: Heatran|Heatran, L79, F|75/273\n|-activate|p1a: Heatran|move: Sticky Web\n|-unboost|p1a: Heatran|spe|1\n|turn|22\n|c|\u2606Cirilo Persa|gg\n|\n|t:|1781450524\n|move|p2a: Feraligatr|Liquidation|p1a: Heatran\n|-supereffective|p1a: Heatran\n|-damage|p1a: Heatran|0 fnt\n|faint|p1a: Heatran\n|\n|win|oppopu\n|raw|Cirilo Persa's rating: 1364 &rarr; <strong>1346</strong><br />(-18 for losing)\n|raw|oppopu's rating: 1405 &rarr; <strong>1423</strong><br />(+18 for winning)\n", "uploadtime": 1781450529, "views": 3, "formatid": "gen9randombattle", "rating": 1346, "private": 0, "password": null}