{"id": "gen9randombattle-2631937722", "format": "[Gen 9] Random Battle", "players": ["pranavvvv24", "grddrhgtf"], "log": "|j|\u2606pranavvvv24\n|j|\u2606grddrhgtf\n|t:|1781457666\n|gametype|singles\n|player|p1|pranavvvv24|266|1063\n|player|p2|grddrhgtf|170|1081\n|gen|9\n|tier|[Gen 9] Random Battle\n|rated|\n|rule|Species Clause: Limit one of each Pok\u00e9mon\n|rule|HP Percentage Mod: HP is shown in percentages\n|rule|Sleep Clause Mod: Limit one foe put to sleep\n|rule|Illusion Level Mod: Illusion disguises the Pok\u00e9mon's true level\n|\n|t:|1781457666\n|teamsize|p1|6\n|teamsize|p2|6\n|start\n|switch|p1a: Dewgong|Dewgong, L94, F|322/322\n|switch|p2a: Granbull|Granbull, L88, F|302/302\n|-ability|p2a: Granbull|Intimidate|boost\n|-unboost|p1a: Dewgong|atk|1\n|turn|1\n|inactive|Battle timer is ON: inactive players will automatically lose when time's up. (requested by grddrhgtf)\n|\n|t:|1781457699\n|move|p1a: Dewgong|Encore||[still]\n|-fail|p1a: Dewgong\n|move|p2a: Granbull|Thunder Wave|p1a: Dewgong\n|-status|p1a: Dewgong|par\n|\n|upkeep\n|turn|2\n|\n|t:|1781457724\n|move|p2a: Granbull|Play Rough|p1a: Dewgong\n|-damage|p1a: Dewgong|204/322 par\n|move|p1a: Dewgong|Encore|p2a: Granbull\n|-start|p2a: Granbull|Encore\n|\n|upkeep\n|turn|3\n|inactive|grddrhgtf has 120 seconds left.\n|\n|t:|1781457760\n|move|p2a: Granbull|Play Rough|p1a: Dewgong\n|-damage|p1a: Dewgong|90/322 par\n|move|p1a: Dewgong|Ice Beam|p2a: Granbull\n|-damage|p2a: Granbull|185/302\n|-status|p2a: Granbull|frz\n|\n|-heal|p2a: Granbull|203/302 frz|[from] item: Leftovers\n|upkeep\n|turn|4\n|inactive|grddrhgtf has 120 seconds left.\n|\n|t:|1781457776\n|switch|p2a: Basculin|Basculin-Blue-Striped, L86, F|261/261\n|move|p1a: Dewgong|Ice Beam|p2a: Basculin\n|-resisted|p2a: Basculin\n|-damage|p2a: Basculin|201/261\n|\n|upkeep\n|turn|5\n|\n|t:|1781457783\n|switch|p1a: Bellossom|Bellossom, L84, M|263/263\n|move|p2a: Basculin|Double-Edge|p1a: Bellossom\n|-damage|p1a: Bellossom|143/263\n|-damage|p2a: Basculin|161/261|[from] Recoil\n|\n|-heal|p1a: Bellossom|159/263|[from] item: Leftovers\n|upkeep\n|turn|6\n|inactive|grddrhgtf has 120 seconds left.\n|inactive|pranavvvv24 has 120 seconds left.\n|\n|t:|1781457807\n|switch|p2a: Noctowl|Noctowl, L95, M|344/344\n|move|p1a: Bellossom|Giga Drain|p2a: Noctowl\n|-resisted|p2a: Noctowl\n|-damage|p2a: Noctowl|312/344\n|-heal|p1a: Bellossom|175/263|[from] drain|[of] p2a: Noctowl\n|\n|-heal|p1a: Bellossom|191/263|[from] item: Leftovers\n|upkeep\n|turn|7\n|inactive|pranavvvv24 has 120 seconds left.\n|\n|t:|1781457833\n|switch|p1a: Empoleon|Empoleon, L84, M|278/278\n|move|p2a: Noctowl|Calm Mind|p2a: Noctowl\n|-boost|p2a: Noctowl|spa|1\n|-boost|p2a: Noctowl|spd|1\n|\n|upkeep\n|turn|8\n|inactive|grddrhgtf has 120 seconds left.\n|\n|t:|1781457856\n|move|p2a: Noctowl|Hyper Voice|p1a: Empoleon\n|-resisted|p1a: Empoleon\n|-damage|p1a: Empoleon|130/278\n|move|p1a: Empoleon|Yawn|p2a: Noctowl\n|-start|p2a: Noctowl|move: Yawn|[of] p1a: Empoleon\n|\n|-heal|p1a: Empoleon|147/278|[from] item: Leftovers\n|upkeep\n|turn|9\n|inactive|grddrhgtf has 120 seconds left.\n|inactive|pranavvvv24 has 90 seconds left.\n|\n|t:|1781457878\n|move|p2a: Noctowl|Hyper Voice|p1a: Empoleon\n|-resisted|p1a: Empoleon\n|-damage|p1a: Empoleon|0 fnt\n|faint|p1a: Empoleon\n|\n|-end|p2a: Noctowl|move: Yawn|[silent]\n|-status|p2a: Noctowl|slp\n|upkeep\n|inactive|pranavvvv24 has 90 seconds left.\n|\n|t:|1781457885\n|switch|p1a: Regidrago|Regidrago, L77|435/435\n|turn|10\n|\n|t:|1781457900\n|switch|p2a: Granbull|Granbull, L88, F|203/302 frz\n|-ability|p2a: Granbull|Intimidate|boost\n|-unboost|p1a: Regidrago|atk|1\n|move|p1a: Regidrago|Dragon Dance|p1a: Regidrago\n|-boost|p1a: Regidrago|atk|1\n|-boost|p1a: Regidrago|spe|1\n|\n|-heal|p2a: Granbull|221/302 frz|[from] item: Leftovers\n|upkeep\n|turn|11\n|inactive|pranavvvv24 has 90 seconds left.\n|\n|t:|1781457915\n|-terastallize|p1a: Regidrago|Steel\n|move|p1a: Regidrago|Tera Blast|p2a: Granbull|[anim] Tera Blast Steel\n|-supereffective|p2a: Granbull\n|-damage|p2a: Granbull|0 fnt\n|faint|p2a: Granbull\n|-damage|p1a: Regidrago|392/435|[from] item: Life Orb\n|\n|upkeep\n|inactive|grddrhgtf has 120 seconds left.\n|\n|t:|1781457940\n|switch|p2a: Deoxys|Deoxys, L74|196/196\n|-ability|p2a: Deoxys|Pressure\n|turn|12\n|\n|t:|1781457949\n|move|p2a: Deoxys|Superpower|p1a: Regidrago\n|-supereffective|p1a: Regidrago\n|-damage|p1a: Regidrago|0 fnt\n|-unboost|p2a: Deoxys|atk|1\n|-unboost|p2a: Deoxys|def|1\n|faint|p1a: Regidrago\n|-damage|p2a: Deoxys|177/196|[from] item: Life Orb\n|\n|upkeep\n|\n|t:|1781457958\n|switch|p1a: Zapdos|Zapdos-Galar, L77|265/265\n|turn|13\n|\n|t:|1781457963\n|move|p2a: Deoxys|Psycho Boost|p1a: Zapdos\n|-supereffective|p1a: Zapdos\n|-damage|p1a: Zapdos|0 fnt\n|-unboost|p2a: Deoxys|spa|2\n|faint|p1a: Zapdos\n|-damage|p2a: Deoxys|158/196|[from] item: Life Orb\n|\n|upkeep\n|\n|t:|1781457972\n|switch|p1a: Hitmonlee|Hitmonlee, L85, M|224/224\n|turn|14\n|\n|t:|1781457978\n|move|p2a: Deoxys|Psycho Boost|p1a: Hitmonlee\n|-supereffective|p1a: Hitmonlee\n|-damage|p1a: Hitmonlee|50/224\n|-unboost|p2a: Deoxys|spa|2\n|-damage|p2a: Deoxys|139/196|[from] item: Life Orb\n|move|p1a: Hitmonlee|Close Combat|p2a: Deoxys\n|-resisted|p2a: Deoxys\n|-damage|p2a: Deoxys|0 fnt\n|-unboost|p1a: Hitmonlee|def|1\n|-unboost|p1a: Hitmonlee|spd|1\n|faint|p2a: Deoxys\n|-enditem|p1a: Hitmonlee|White Herb\n|-clearnegativeboost|p1a: Hitmonlee|[silent]\n|\n|upkeep\n|\n|t:|1781457989\n|switch|p2a: Basculin|Basculin-Blue-Striped, L86, F|161/261\n|turn|15\n|\n|t:|1781457999\n|move|p2a: Basculin|Aqua Jet|p1a: Hitmonlee\n|-damage|p1a: Hitmonlee|0 fnt\n|faint|p1a: Hitmonlee\n|\n|upkeep\n|\n|t:|1781458005\n|switch|p1a: Bellossom|Bellossom, L84, M|191/263\n|turn|16\n|\n|t:|1781458010\n|switch|p2a: Houndoom|Houndoom, L87, F|272/272\n|move|p1a: Bellossom|Giga Drain|p2a: Houndoom\n|-resisted|p2a: Houndoom\n|-damage|p2a: Houndoom|236/272\n|-heal|p1a: Bellossom|209/263|[from] drain|[of] p2a: Houndoom\n|\n|-heal|p1a: Bellossom|225/263|[from] item: Leftovers\n|upkeep\n|turn|17\n|\n|t:|1781458020\n|move|p2a: Houndoom|Fire Blast|p1a: Bellossom\n|-supereffective|p1a: Bellossom\n|-damage|p1a: Bellossom|0 fnt\n|faint|p1a: Bellossom\n|\n|upkeep\n|\n|t:|1781458026\n|switch|p1a: Dewgong|Dewgong, L94, F|90/322 par\n|turn|18\n|\n|t:|1781458033\n|move|p2a: Houndoom|Dark Pulse|p1a: Dewgong\n|-damage|p1a: Dewgong|6/322 par\n|move|p1a: Dewgong|Surf|p2a: Houndoom\n|-supereffective|p2a: Houndoom\n|-damage|p2a: Houndoom|26/272\n|\n|upkeep\n|turn|19\n|\n|t:|1781458040\n|switch|p2a: Dugtrio|Dugtrio-Alola, L84, M|196/196\n|move|p1a: Dewgong|Surf|p2a: Dugtrio\n|-supereffective|p2a: Dugtrio\n|-damage|p2a: Dugtrio|0 fnt\n|faint|p2a: Dugtrio\n|\n|upkeep\n|\n|t:|1781458046\n|switch|p2a: Noctowl|Noctowl, L95, M|312/344 slp\n|turn|20\n|\n|t:|1781458051\n|cant|p2a: Noctowl|slp\n|cant|p1a: Dewgong|par\n|\n|upkeep\n|turn|21\n|\n|t:|1781458062\n|-curestatus|p2a: Noctowl|slp|[msg]\n|move|p2a: Noctowl|Hyper Voice|p1a: Dewgong\n|-damage|p1a: Dewgong|0 fnt\n|faint|p1a: Dewgong\n|\n|win|grddrhgtf\n|raw|pranavvvv24's rating: 1063 &rarr; <strong>1043</strong><br />(-20 for losing)\n|raw|grddrhgtf's rating: 1059 &rarr; <strong>1091</strong><br />(+32 for winning)\n", "uploadtime": 1781458066, "views": 2, "formatid": "gen9randombattle", "rating": 1043, "private": 0, "password": null}