{"id": "gen9randombattle-2631541611", "format": "[Gen 9] Random Battle", "players": ["moritzvb", "El professional"], "log": "|j|\u2606moritzvb\n|j|\u2606El professional\n|t:|1781398804\n|gametype|singles\n|player|p1|moritzvb|ariana|2105\n|player|p2|El professional|170|2112\n|gen|9\n|tier|[Gen 9] Random Battle\n|rated|\n|rule|Species Clause: Limit one of each Pok\u00e9mon\n|rule|HP Percentage Mod: HP is shown in percentages\n|rule|Sleep Clause Mod: Limit one foe put to sleep\n|rule|Illusion Level Mod: Illusion disguises the Pok\u00e9mon's true level\n|\n|t:|1781398804\n|teamsize|p1|6\n|teamsize|p2|6\n|start\n|switch|p1a: Porygon-Z|Porygon-Z, L83|277/277\n|switch|p2a: Iron Moth|Iron Moth, L78|253/253\n|turn|1\n|\n|t:|1781398816\n|move|p1a: Porygon-Z|Tri Attack|p2a: Iron Moth\n|-damage|p2a: Iron Moth|123/253\n|move|p2a: Iron Moth|U-turn|p1a: Porygon-Z\n|-crit|p1a: Porygon-Z\n|-damage|p1a: Porygon-Z|212/277\n|\n|t:|1781398840\n|-end|p2a: Iron Moth|Quark Drive|[silent]\n|switch|p2a: Poliwrath|Poliwrath, L88, M|302/302|[from] U-turn\n|\n|upkeep\n|turn|2\n|\n|t:|1781398847\n|switch|p1a: Spiritomb|Spiritomb, L89, F|234/234\n|move|p2a: Poliwrath|Bulk Up|p2a: Poliwrath\n|-boost|p2a: Poliwrath|atk|1\n|-boost|p2a: Poliwrath|def|1\n|\n|upkeep\n|turn|3\n|\n|t:|1781398860\n|switch|p2a: Ninetales|Ninetales, L85, M|263/263\n|-weather|SunnyDay|[from] ability: Drought|[of] p2a: Ninetales\n|move|p1a: Spiritomb|Toxic|p2a: Ninetales\n|-status|p2a: Ninetales|tox\n|\n|-weather|SunnyDay|[upkeep]\n|-damage|p2a: Ninetales|247/263 tox|[from] psn\n|upkeep\n|turn|4\n|\n|t:|1781398870\n|move|p2a: Ninetales|Nasty Plot|p2a: Ninetales\n|-boost|p2a: Ninetales|spa|2\n|move|p1a: Spiritomb|Poltergeist|p2a: Ninetales\n|-activate|p2a: Ninetales|move: Poltergeist|Heavy-Duty Boots\n|-damage|p2a: Ninetales|100/263 tox\n|\n|-weather|SunnyDay|[upkeep]\n|-damage|p2a: Ninetales|68/263 tox|[from] psn\n|upkeep\n|turn|5\n|\n|t:|1781398878\n|switch|p1a: Swanna|Swanna, L89, M|278/278\n|move|p2a: Ninetales|Fire Blast|p1a: Swanna\n|-resisted|p1a: Swanna\n|-crit|p1a: Swanna\n|-damage|p1a: Swanna|12/278\n|\n|-weather|SunnyDay|[upkeep]\n|-damage|p2a: Ninetales|20/263 tox|[from] psn\n|upkeep\n|turn|6\n|\n|t:|1781398885\n|move|p1a: Swanna|Brave Bird|p2a: Ninetales\n|-damage|p2a: Ninetales|0 fnt\n|faint|p2a: Ninetales\n|-damage|p1a: Swanna|5/278|[from] Recoil\n|\n|-weather|SunnyDay|[upkeep]\n|upkeep\n|\n|t:|1781398892\n|switch|p2a: Leafeon|Leafeon, L88, M|258/258\n|turn|7\n|\n|t:|1781398905\n|move|p2a: Leafeon|Leaf Blade|p1a: Swanna\n|-damage|p1a: Swanna|0 fnt\n|faint|p1a: Swanna\n|-damage|p2a: Leafeon|233/258|[from] item: Life Orb\n|\n|-weather|none\n|upkeep\n|\n|t:|1781398920\n|switch|p1a: Porygon-Z|Porygon-Z, L83|212/277\n|turn|8\n|inactive|Battle timer is ON: inactive players will automatically lose when time's up. (requested by El professional)\n|\n|t:|1781398924\n|switch|p2a: Poliwrath|Poliwrath, L88, M|302/302\n|move|p1a: Porygon-Z|Tri Attack|p2a: Poliwrath\n|-damage|p2a: Poliwrath|160/302\n|\n|-heal|p2a: Poliwrath|178/302|[from] item: Leftovers\n|upkeep\n|turn|9\n|\n|t:|1781398931\n|switch|p1a: Iron Valiant|Iron Valiant, L78|244/244\n|move|p2a: Poliwrath|Liquidation|p1a: Iron Valiant\n|-crit|p1a: Iron Valiant\n|-damage|p1a: Iron Valiant|90/244\n|\n|-heal|p2a: Poliwrath|196/302|[from] item: Leftovers\n|upkeep\n|turn|10\n|\n|t:|1781398949\n|move|p1a: Iron Valiant|Moonblast|p2a: Poliwrath\n|-supereffective|p2a: Poliwrath\n|-crit|p2a: Poliwrath\n|-damage|p2a: Poliwrath|0 fnt\n|faint|p2a: Poliwrath\n|-damage|p1a: Iron Valiant|66/244|[from] item: Life Orb\n|\n|upkeep\n|\n|t:|1781398958\n|switch|p2a: Leafeon|Leafeon, L88, M|233/258\n|turn|11\n|\n|t:|1781398964\n|-end|p1a: Iron Valiant|Quark Drive|[silent]\n|switch|p1a: Spiritomb|Spiritomb, L89, F|234/234\n|move|p2a: Leafeon|Leaf Blade|p1a: Spiritomb\n|-damage|p1a: Spiritomb|109/234\n|-damage|p2a: Leafeon|208/258|[from] item: Life Orb\n|\n|-heal|p1a: Spiritomb|123/234|[from] item: Leftovers\n|upkeep\n|turn|12\n|\n|t:|1781398974\n|move|p2a: Leafeon|Leaf Blade|p1a: Spiritomb\n|-damage|p1a: Spiritomb|13/234\n|-damage|p2a: Leafeon|183/258|[from] item: Life Orb\n|move|p1a: Spiritomb|Toxic|p2a: Leafeon\n|-status|p2a: Leafeon|tox\n|\n|-heal|p1a: Spiritomb|27/234|[from] item: Leftovers\n|-damage|p2a: Leafeon|167/258 tox|[from] psn\n|upkeep\n|turn|13\n|\n|t:|1781398985\n|move|p1a: Spiritomb|Shadow Sneak|p2a: Leafeon\n|-damage|p2a: Leafeon|136/258 tox\n|move|p2a: Leafeon|Leaf Blade|p1a: Spiritomb\n|-crit|p1a: Spiritomb\n|-damage|p1a: Spiritomb|0 fnt\n|faint|p1a: Spiritomb\n|-damage|p2a: Leafeon|111/258 tox|[from] item: Life Orb\n|\n|-damage|p2a: Leafeon|79/258 tox|[from] psn\n|upkeep\n|\n|t:|1781398996\n|switch|p1a: Porygon-Z|Porygon-Z, L83|212/277\n|turn|14\n|\n|t:|1781398998\n|move|p1a: Porygon-Z|Tri Attack|p2a: Leafeon\n|-damage|p2a: Leafeon|0 fnt\n|faint|p2a: Leafeon\n|\n|upkeep\n|\n|t:|1781399001\n|switch|p2a: Gallade|Gallade, L80, M|240/240\n|turn|15\n|\n|t:|1781399008\n|switch|p1a: Palossand|Palossand, L89, F|296/296\n|move|p2a: Gallade|Psycho Cut|p1a: Palossand\n|-damage|p1a: Palossand|158/296\n|\n|-heal|p1a: Palossand|176/296|[from] item: Leftovers\n|upkeep\n|turn|16\n|\n|t:|1781399019\n|switch|p2a: Iron Moth|Iron Moth, L78|123/253\n|move|p1a: Palossand|Shadow Ball|p2a: Iron Moth\n|-damage|p2a: Iron Moth|36/253\n|\n|-heal|p1a: Palossand|194/296|[from] item: Leftovers\n|upkeep\n|turn|17\n|\n|t:|1781399030\n|move|p2a: Iron Moth|Energy Ball|p1a: Palossand\n|-supereffective|p1a: Palossand\n|-damage|p1a: Palossand|0 fnt\n|faint|p1a: Palossand\n|\n|upkeep\n|\n|t:|1781399049\n|switch|p1a: Porygon-Z|Porygon-Z, L83|212/277\n|turn|18\n|\n|t:|1781399053\n|move|p1a: Porygon-Z|Tri Attack|p2a: Iron Moth\n|-damage|p2a: Iron Moth|0 fnt\n|faint|p2a: Iron Moth\n|-end|p2a: Iron Moth|Quark Drive|[silent]\n|\n|upkeep\n|\n|t:|1781399056\n|switch|p2a: Gallade|Gallade, L80, M|240/240\n|turn|19\n|\n|t:|1781399070\n|move|p1a: Porygon-Z|Tri Attack|p2a: Gallade\n|-crit|p2a: Gallade\n|-damage|p2a: Gallade|58/240\n|-status|p2a: Gallade|frz\n|cant|p2a: Gallade|frz\n|\n|upkeep\n|turn|20\n|\n|t:|1781399074\n|move|p1a: Porygon-Z|Tri Attack|p2a: Gallade\n|-damage|p2a: Gallade|0 fnt\n|faint|p2a: Gallade\n|\n|upkeep\n|\n|t:|1781399075\n|switch|p2a: Avalugg|Avalugg, L88, F|310/310\n|turn|21\n|\n|t:|1781399084\n|move|p1a: Porygon-Z|Tri Attack|p2a: Avalugg\n|-damage|p2a: Avalugg|96/310\n|move|p2a: Avalugg|Body Press|p1a: Porygon-Z\n|-supereffective|p1a: Porygon-Z\n|-damage|p1a: Porygon-Z|0 fnt\n|faint|p1a: Porygon-Z\n|\n|upkeep\n|\n|t:|1781399088\n|switch|p1a: Iron Valiant|Iron Valiant, L78|66/244\n|turn|22\n|\n|t:|1781399093\n|-terastallize|p2a: Avalugg|Fighting\n|move|p1a: Iron Valiant|Moonblast|p2a: Avalugg\n|-supereffective|p2a: Avalugg\n|-damage|p2a: Avalugg|0 fnt\n|faint|p2a: Avalugg\n|-damage|p1a: Iron Valiant|42/244|[from] item: Life Orb\n|\n|win|moritzvb\n", "uploadtime": 1781398806, "views": 3, "formatid": "gen9randombattle", "rating": null, "private": 0, "password": null}