{"id": "gen9randombattle-2631409323", "format": "[Gen 9] Random Battle", "players": ["blib blab blub", "Petilil37"], "log": "|j|\u2606blib blab blub\n|j|\u203dPetilil37\n|t:|1781381177\n|gametype|singles\n|player|p1|blib blab blub|backers|2050\n|player|p2|Petilil37|2|2019\n|gen|9\n|tier|[Gen 9] Random Battle\n|rated|\n|rule|Species Clause: Limit one of each Pok\u00e9mon\n|rule|HP Percentage Mod: HP is shown in percentages\n|rule|Sleep Clause Mod: Limit one foe put to sleep\n|rule|Illusion Level Mod: Illusion disguises the Pok\u00e9mon's true level\n|\n|t:|1781381177\n|teamsize|p1|6\n|teamsize|p2|6\n|start\n|switch|p1a: Tornadus|Tornadus, L82, M|264/264\n|switch|p2a: Victreebel|Victreebel, L90, F|290/290\n|turn|1\n|\n|t:|1781381201\n|switch|p2a: Bellibolt|Bellibolt, L84, M|320/320\n|move|p1a: Tornadus|Nasty Plot|p1a: Tornadus\n|-boost|p1a: Tornadus|spa|2\n|\n|upkeep\n|turn|2\n|\n|t:|1781381249\n|switch|p1a: Scovillain|Scovillain, L91, F|266/266\n|move|p2a: Bellibolt|Thunderbolt|p1a: Scovillain\n|-resisted|p1a: Scovillain\n|-damage|p1a: Scovillain|211/266\n|\n|upkeep\n|turn|3\n|\n|t:|1781381260\n|move|p1a: Scovillain|Flamethrower|p2a: Bellibolt\n|-damage|p2a: Bellibolt|194/320\n|-start|p2a: Bellibolt|Charge|Flamethrower|[from] ability: Electromorphosis\n|move|p2a: Bellibolt|Toxic|p1a: Scovillain|[miss]\n|-miss|p2a: Bellibolt|p1a: Scovillain\n|\n|-heal|p2a: Bellibolt|214/320|[from] item: Leftovers\n|upkeep\n|turn|4\n|\n|t:|1781381278\n|move|p1a: Scovillain|Flamethrower|p2a: Bellibolt\n|-damage|p2a: Bellibolt|97/320\n|-start|p2a: Bellibolt|Charge|Flamethrower|[from] ability: Electromorphosis\n|move|p2a: Bellibolt|Slack Off|p2a: Bellibolt\n|-heal|p2a: Bellibolt|257/320\n|\n|-heal|p2a: Bellibolt|277/320|[from] item: Leftovers\n|upkeep\n|turn|5\n|\n|t:|1781381281\n|move|p1a: Scovillain|Flamethrower|p2a: Bellibolt\n|-damage|p2a: Bellibolt|151/320\n|-status|p2a: Bellibolt|brn\n|-start|p2a: Bellibolt|Charge|Flamethrower|[from] ability: Electromorphosis\n|move|p2a: Bellibolt|Toxic|p1a: Scovillain\n|-status|p1a: Scovillain|tox\n|\n|-heal|p2a: Bellibolt|171/320 brn|[from] item: Leftovers\n|-damage|p1a: Scovillain|195/266 tox|[from] psn\n|-damage|p2a: Bellibolt|151/320 brn|[from] brn\n|upkeep\n|turn|6\n|\n|t:|1781381285\n|move|p1a: Scovillain|Flamethrower|p2a: Bellibolt\n|-crit|p2a: Bellibolt\n|-damage|p2a: Bellibolt|0 fnt\n|faint|p2a: Bellibolt\n|\n|-damage|p1a: Scovillain|163/266 tox|[from] psn\n|upkeep\n|\n|t:|1781381290\n|switch|p2a: Samurott|Samurott-Hisui, L77, F|265/265\n|turn|7\n|\n|t:|1781381294\n|switch|p1a: Toxicroak|Toxicroak, L84, F|277/277\n|move|p2a: Samurott|Ceaseless Edge|p1a: Toxicroak|[miss]\n|-miss|p2a: Samurott|p1a: Toxicroak\n|\n|upkeep\n|turn|8\n|\n|t:|1781381301\n|switch|p2a: Landorus|Landorus, L75, M|257/257\n|move|p1a: Toxicroak|Close Combat|p2a: Landorus\n|-resisted|p2a: Landorus\n|-damage|p2a: Landorus|137/257\n|-unboost|p1a: Toxicroak|def|1\n|-unboost|p1a: Toxicroak|spd|1\n|\n|upkeep\n|turn|9\n|\n|t:|1781381308\n|switch|p1a: Tatsugiri|Tatsugiri, L87, M|260/260\n|move|p2a: Landorus|Stealth Rock|p1a: Tatsugiri\n|-sidestart|p1: blib blab blub|move: Stealth Rock\n|\n|upkeep\n|turn|10\n|\n|t:|1781381313\n|move|p2a: Landorus|Earth Power|p1a: Tatsugiri\n|-damage|p1a: Tatsugiri|130/260\n|move|p1a: Tatsugiri|Rapid Spin|p2a: Landorus\n|-damage|p2a: Landorus|109/257\n|-boost|p1a: Tatsugiri|spe|1\n|-sideend|p1: blib blab blub|Stealth Rock|[from] move: Rapid Spin|[of] p1a: Tatsugiri\n|\n|upkeep\n|turn|11\n|\n|t:|1781381318\n|switch|p2a: Toxapex|Toxapex, L82, F|216/216\n|move|p1a: Tatsugiri|Hydro Pump|p2a: Toxapex\n|-resisted|p2a: Toxapex\n|-damage|p2a: Toxapex|166/216\n|\n|-heal|p2a: Toxapex|179/216|[from] item: Leftovers\n|upkeep\n|turn|12\n|\n|t:|1781381328\n|switch|p1a: Toxicroak|Toxicroak, L84, F|277/277\n|move|p2a: Toxapex|Haze|p2a: Toxapex\n|-clearallboost\n|\n|-heal|p2a: Toxapex|192/216|[from] item: Leftovers\n|upkeep\n|turn|13\n|\n|t:|1781381332\n|move|p1a: Toxicroak|Knock Off|p2a: Toxapex\n|-damage|p2a: Toxapex|115/216\n|-enditem|p2a: Toxapex|Leftovers|[from] move: Knock Off|[of] p1a: Toxicroak\n|move|p2a: Toxapex|Recover|p2a: Toxapex\n|-heal|p2a: Toxapex|216/216\n|\n|upkeep\n|turn|14\n|\n|t:|1781381346\n|move|p1a: Toxicroak|Knock Off|p2a: Toxapex\n|-damage|p2a: Toxapex|170/216\n|move|p2a: Toxapex|Toxic|p1a: Toxicroak\n|-immune|p1a: Toxicroak\n|\n|upkeep\n|turn|15\n|\n|t:|1781381350\n|switch|p2a: Samurott|Samurott-Hisui, L77, F|265/265\n|move|p1a: Toxicroak|Knock Off|p2a: Samurott\n|-resisted|p2a: Samurott\n|-damage|p2a: Samurott|196/265\n|-enditem|p2a: Samurott|Choice Scarf|[from] move: Knock Off|[of] p1a: Toxicroak\n|\n|upkeep\n|turn|16\n|\n|t:|1781381358\n|switch|p1a: Crawdaunt|Crawdaunt, L84, F|243/243\n|move|p2a: Samurott|Ceaseless Edge|p1a: Crawdaunt\n|-resisted|p1a: Crawdaunt\n|-damage|p1a: Crawdaunt|192/243\n|-sidestart|p1: blib blab blub|Spikes\n|\n|upkeep\n|turn|17\n|\n|t:|1781381372\n|switch|p1a: Toxicroak|Toxicroak, L84, F|277/277\n|-damage|p1a: Toxicroak|243/277|[from] Spikes\n|move|p2a: Samurott|Sacred Sword|p1a: Toxicroak\n|-resisted|p1a: Toxicroak\n|-damage|p1a: Toxicroak|187/277\n|\n|upkeep\n|turn|18\n|\n|t:|1781381398\n|switch|p1a: Tatsugiri|Tatsugiri, L87, M|130/260\n|switch|p2a: Landorus|Landorus, L75, M|109/257\n|\n|upkeep\n|turn|19\n|\n|t:|1781381426\n|switch|p1a: Tornadus|Tornadus, L82, M|264/264\n|move|p2a: Landorus|Earth Power|p1a: Tornadus\n|-immune|p1a: Tornadus\n|\n|upkeep\n|turn|20\n|\n|t:|1781381436\n|switch|p2a: Toxapex|Toxapex, L82, F|216/216\n|move|p1a: Tornadus|Nasty Plot|p1a: Tornadus\n|-boost|p1a: Tornadus|spa|2\n|\n|upkeep\n|turn|21\n|\n|t:|1781381447\n|move|p1a: Tornadus|Bleakwind Storm|p2a: Toxapex\n|-damage|p2a: Toxapex|35/216\n|move|p2a: Toxapex|Toxic|p1a: Tornadus\n|-status|p1a: Tornadus|tox\n|\n|-damage|p1a: Tornadus|248/264 tox|[from] psn\n|upkeep\n|turn|22\n|\n|t:|1781381458\n|switch|p2a: Landorus|Landorus, L75, M|109/257\n|move|p1a: Tornadus|Bleakwind Storm|p2a: Landorus\n|-damage|p2a: Landorus|0 fnt\n|faint|p2a: Landorus\n|\n|-damage|p1a: Tornadus|216/264 tox|[from] psn\n|upkeep\n|\n|t:|1781381476\n|switch|p2a: Toxapex|Toxapex, L82, F|107/216\n|turn|23\n|\n|t:|1781381481\n|-terastallize|p2a: Toxapex|Steel\n|move|p1a: Tornadus|Bleakwind Storm|p2a: Toxapex\n|-resisted|p2a: Toxapex\n|-damage|p2a: Toxapex|14/216\n|move|p2a: Toxapex|Recover|p2a: Toxapex\n|-heal|p2a: Toxapex|122/216\n|\n|-damage|p1a: Tornadus|168/264 tox|[from] psn\n|upkeep\n|turn|24\n|\n|t:|1781381486\n|switch|p2a: Samurott|Samurott-Hisui, L77, F|196/265\n|move|p1a: Tornadus|Heat Wave|p2a: Samurott|[miss]\n|-miss|p1a: Tornadus|p2a: Samurott\n|\n|-damage|p1a: Tornadus|104/264 tox|[from] psn\n|upkeep\n|turn|25\n|\n|t:|1781381494\n|switch|p1a: Toxicroak|Toxicroak, L84, F|187/277\n|-damage|p1a: Toxicroak|153/277|[from] Spikes\n|switch|p2a: Toxapex|Toxapex, L82, F, tera:Steel|194/216\n|\n|upkeep\n|turn|26\n|\n|t:|1781381502\n|switch|p2a: Victreebel|Victreebel, L90, F|290/290\n|move|p1a: Toxicroak|Close Combat|p2a: Victreebel\n|-resisted|p2a: Victreebel\n|-damage|p2a: Victreebel|179/290\n|-unboost|p1a: Toxicroak|def|1\n|-unboost|p1a: Toxicroak|spd|1\n|\n|upkeep\n|turn|27\n|\n|t:|1781381520\n|switch|p1a: Scovillain|Scovillain, L91, F|163/266 tox\n|-damage|p1a: Scovillain|130/266 tox|[from] Spikes\n|move|p2a: Victreebel|Swords Dance|p2a: Victreebel\n|-boost|p2a: Victreebel|atk|2\n|\n|-damage|p1a: Scovillain|114/266 tox|[from] psn\n|upkeep\n|turn|28\n|\n|t:|1781381533\n|switch|p1a: Toxicroak|Toxicroak, L84, F|153/277\n|-damage|p1a: Toxicroak|119/277|[from] Spikes\n|move|p2a: Victreebel|Sucker Punch||[still]\n|-fail|p2a: Victreebel\n|\n|upkeep\n|turn|29\n|\n|t:|1781381546\n|switch|p2a: Toxapex|Toxapex, L82, F, tera:Steel|216/216\n|move|p1a: Toxicroak|Sucker Punch||[still]\n|-fail|p1a: Toxicroak\n|\n|upkeep\n|turn|30\n|\n|t:|1781381555\n|switch|p1a: Scovillain|Scovillain, L91, F|114/266 tox\n|-damage|p1a: Scovillain|81/266 tox|[from] Spikes\n|switch|p2a: Samurott|Samurott-Hisui, L77, F|196/265\n|\n|-damage|p1a: Scovillain|65/266 tox|[from] psn\n|upkeep\n|turn|31\n|\n|t:|1781381562\n|switch|p2a: Toxapex|Toxapex, L82, F, tera:Steel|216/216\n|move|p1a: Scovillain|Energy Ball|p2a: Toxapex\n|-resisted|p2a: Toxapex\n|-damage|p2a: Toxapex|177/216\n|-unboost|p2a: Toxapex|spd|1\n|\n|-damage|p1a: Scovillain|33/266 tox|[from] psn\n|upkeep\n|turn|32\n|\n|t:|1781381576\n|switch|p1a: Tatsugiri|Tatsugiri, L87, M|130/260\n|switch|p2a: Victreebel|Victreebel, L90, F|179/290\n|\n|upkeep\n|turn|33\n|\n|t:|1781381582\n|switch|p2a: Toxapex|Toxapex, L82, F, tera:Steel|216/216\n|move|p1a: Tatsugiri|Draco Meteor|p2a: Toxapex\n|-resisted|p2a: Toxapex\n|-damage|p2a: Toxapex|155/216\n|-unboost|p1a: Tatsugiri|spa|2\n|\n|upkeep\n|turn|34\n|\n|t:|1781381591\n|switch|p2a: Samurott|Samurott-Hisui, L77, F|196/265\n|move|p1a: Tatsugiri|Rapid Spin|p2a: Samurott\n|-crit|p2a: Samurott\n|-damage|p2a: Samurott|155/265\n|-boost|p1a: Tatsugiri|spe|1\n|-sideend|p1: blib blab blub|Spikes|[from] move: Rapid Spin|[of] p1a: Tatsugiri\n|\n|upkeep\n|turn|35\n|\n|t:|1781381602\n|switch|p1a: Toxicroak|Toxicroak, L84, F|119/277\n|move|p2a: Samurott|Ceaseless Edge|p1a: Toxicroak\n|-resisted|p1a: Toxicroak\n|-crit|p1a: Toxicroak\n|-damage|p1a: Toxicroak|27/277\n|-sidestart|p1: blib blab blub|Spikes\n|\n|upkeep\n|turn|36\n|\n|t:|1781381610\n|switch|p2a: Victreebel|Victreebel, L90, F|179/290\n|move|p1a: Toxicroak|Close Combat|p2a: Victreebel\n|-resisted|p2a: Victreebel\n|-damage|p2a: Victreebel|56/290\n|-unboost|p1a: Toxicroak|def|1\n|-unboost|p1a: Toxicroak|spd|1\n|\n|upkeep\n|turn|37\n|\n|t:|1781381632\n|switch|p1a: Scovillain|Scovillain, L91, F|33/266 tox\n|-damage|p1a: Scovillain|0 fnt|[from] Spikes\n|faint|p1a: Scovillain\n|move|p2a: Victreebel|Sucker Punch|p1: Scovillain|[notarget]\n|-fail|p2a: Victreebel\n|\n|upkeep\n|\n|t:|1781381652\n|switch|p1a: Tatsugiri|Tatsugiri, L87, M|130/260\n|turn|38\n|\n|t:|1781381656\n|move|p1a: Tatsugiri|Rapid Spin|p2a: Victreebel\n|-damage|p2a: Victreebel|25/290\n|-boost|p1a: Tatsugiri|spe|1\n|-sideend|p1: blib blab blub|Spikes|[from] move: Rapid Spin|[of] p1a: Tatsugiri\n|move|p2a: Victreebel|Poison Jab|p1a: Tatsugiri\n|-damage|p1a: Tatsugiri|0 fnt\n|faint|p1a: Tatsugiri\n|-damage|p2a: Victreebel|0 fnt|[from] item: Life Orb\n|faint|p2a: Victreebel\n|\n|upkeep\n|\n|t:|1781381671\n|switch|p1a: Bellossom|Bellossom, L84, F|263/263\n|switch|p2a: Samurott|Samurott-Hisui, L77, F|155/265\n|turn|39\n|\n|t:|1781381676\n|move|p2a: Samurott|Ceaseless Edge|p1a: Bellossom\n|-damage|p1a: Bellossom|173/263\n|-sidestart|p1: blib blab blub|Spikes\n|move|p1a: Bellossom|Giga Drain|p2a: Samurott\n|-supereffective|p2a: Samurott\n|-damage|p2a: Samurott|0 fnt\n|-heal|p1a: Bellossom|251/263|[from] drain|[of] p2a: Samurott\n|faint|p2a: Samurott\n|\n|-heal|p1a: Bellossom|263/263|[from] item: Leftovers\n|upkeep\n|\n|t:|1781381685\n|switch|p2a: Baxcalibur|Baxcalibur, L75, M|295/295\n|turn|40\n|\n|t:|1781381702\n|-terastallize|p1a: Bellossom|Fire\n|move|p2a: Baxcalibur|Swords Dance|p2a: Baxcalibur\n|-boost|p2a: Baxcalibur|atk|2\n|move|p1a: Bellossom|Quiver Dance|p1a: Bellossom\n|-boost|p1a: Bellossom|spa|1\n|-boost|p1a: Bellossom|spd|1\n|-boost|p1a: Bellossom|spe|1\n|\n|upkeep\n|turn|41\n|\n|t:|1781381716\n|move|p1a: Bellossom|Tera Blast|p2a: Baxcalibur|[anim] Tera Blast Fire\n|-damage|p2a: Baxcalibur|157/295\n|-ability|p2a: Baxcalibur|Thermal Exchange|boost\n|-boost|p2a: Baxcalibur|atk|1\n|move|p2a: Baxcalibur|Scale Shot|p1a: Bellossom|[miss]\n|-miss|p2a: Baxcalibur|p1a: Bellossom\n|\n|upkeep\n|turn|42\n|\n|t:|1781381722\n|move|p1a: Bellossom|Tera Blast|p2a: Baxcalibur|[anim] Tera Blast Fire\n|-damage|p2a: Baxcalibur|13/295\n|-ability|p2a: Baxcalibur|Thermal Exchange|boost\n|-boost|p2a: Baxcalibur|atk|1\n|move|p2a: Baxcalibur|Scale Shot|p1a: Bellossom\n|-damage|p1a: Bellossom|178/263\n|-damage|p1a: Bellossom|97/263\n|-damage|p1a: Bellossom|9/263\n|-damage|p1a: Bellossom|0 fnt\n|faint|p1a: Bellossom\n|-hitcount|p1: Bellossom|4\n|-unboost|p2a: Baxcalibur|def|1\n|-boost|p2a: Baxcalibur|spe|1\n|\n|upkeep\n|\n|t:|1781381727\n|switch|p1a: Crawdaunt|Crawdaunt, L84, F|192/243\n|-damage|p1a: Crawdaunt|162/243|[from] Spikes\n|turn|43\n|\n|t:|1781381730\n|switch|p2a: Toxapex|Toxapex, L82, F, tera:Steel|216/216\n|move|p1a: Crawdaunt|Aqua Jet|p2a: Toxapex\n|-damage|p2a: Toxapex|161/216\n|-damage|p1a: Crawdaunt|138/243|[from] item: Life Orb\n|\n|upkeep\n|turn|44\n|\n|t:|1781381757\n|move|p1a: Crawdaunt|Dragon Dance|p1a: Crawdaunt\n|-boost|p1a: Crawdaunt|atk|1\n|-boost|p1a: Crawdaunt|spe|1\n|move|p2a: Toxapex|Toxic|p1a: Crawdaunt\n|-status|p1a: Crawdaunt|tox\n|\n|-damage|p1a: Crawdaunt|123/243 tox|[from] psn\n|upkeep\n|turn|45\n|\n|t:|1781381762\n|move|p1a: Crawdaunt|Crabhammer|p2a: Toxapex|[miss]\n|-miss|p1a: Crawdaunt|p2a: Toxapex\n|move|p2a: Toxapex|Recover|p2a: Toxapex\n|-heal|p2a: Toxapex|216/216\n|\n|-damage|p1a: Crawdaunt|93/243 tox|[from] psn\n|upkeep\n|turn|46\n|\n|t:|1781381765\n|move|p1a: Crawdaunt|Crabhammer|p2a: Toxapex\n|-damage|p2a: Toxapex|0 fnt\n|faint|p2a: Toxapex\n|-damage|p1a: Crawdaunt|69/243 tox|[from] item: Life Orb\n|\n|-damage|p1a: Crawdaunt|24/243 tox|[from] psn\n|upkeep\n|-message|Petilil37 forfeited.\n|\n|win|blib blab blub\n", "uploadtime": 1781381180, "views": 12, "formatid": "gen9randombattle", "rating": null, "private": 0, "password": null}