{"id": "gen9randombattle-2631541910", "format": "[Gen 9] Random Battle", "players": ["franqito1345", "hellripper"], "log": "|j|\u2606franqito1345\n|j|\u2606hellripper\n|t:|1781398846\n|gametype|singles\n|player|p1|franqito1345|palmer|1373\n|player|p2|hellripper|backers|1410\n|gen|9\n|tier|[Gen 9] Random Battle\n|rated|\n|rule|Species Clause: Limit one of each Pok\u00e9mon\n|rule|HP Percentage Mod: HP is shown in percentages\n|rule|Sleep Clause Mod: Limit one foe put to sleep\n|rule|Illusion Level Mod: Illusion disguises the Pok\u00e9mon's true level\n|\n|t:|1781398846\n|teamsize|p1|6\n|teamsize|p2|6\n|start\n|switch|p1a: Whiscash|Whiscash, L88, F|337/337\n|switch|p2a: Dedenne|Dedenne, L88, F|261/261\n|turn|1\n|inactive|Battle timer is ON: inactive players will automatically lose when time's up. (requested by franqito1345)\n|\n|t:|1781398861\n|switch|p2a: Masquerain|Masquerain, L87, M|264/264\n|-ability|p2a: Masquerain|Intimidate|boost\n|-fail|p1a: Whiscash|unboost|Attack|[from] ability: Oblivious|[of] p1a: Whiscash\n|move|p1a: Whiscash|Stealth Rock|p2a: Masquerain\n|-sidestart|p2: hellripper|move: Stealth Rock\n|\n|upkeep\n|turn|2\n|\n|t:|1781398870\n|move|p2a: Masquerain|Quiver Dance|p2a: Masquerain\n|-boost|p2a: Masquerain|spa|1\n|-boost|p2a: Masquerain|spd|1\n|-boost|p2a: Masquerain|spe|1\n|move|p1a: Whiscash|Ice Beam|p2a: Masquerain\n|-supereffective|p2a: Masquerain\n|-crit|p2a: Masquerain\n|-damage|p2a: Masquerain|70/264\n|\n|upkeep\n|turn|3\n|l|\u2606franqito1345\n|inactive|franqito1345 disconnected and has a minute to reconnect!\n|player|p1|\n|inactive|franqito1345 has 30 seconds to reconnect!\n|inactive|franqito1345 has 20 seconds to reconnect!\n|inactive|franqito1345 has 15 seconds to reconnect!\n|j|\u2606franqito1345\n|inactive|franqito1345 reconnected and has 100 seconds left.\n|player|p1|franqito1345|palmer|\n|\n|t:|1781398924\n|move|p2a: Masquerain|Hurricane|p1a: Whiscash\n|-damage|p1a: Whiscash|123/337\n|-start|p1a: Whiscash|confusion\n|-activate|p1a: Whiscash|confusion\n|-damage|p1a: Whiscash|95/337|[from] confusion\n|\n|-heal|p1a: Whiscash|116/337|[from] item: Leftovers\n|upkeep\n|turn|4\n|\n|t:|1781398933\n|move|p2a: Masquerain|Bug Buzz|p1a: Whiscash\n|-damage|p1a: Whiscash|0 fnt\n|faint|p1a: Whiscash\n|\n|upkeep\n|\n|t:|1781398943\n|switch|p1a: Jolteon|Jolteon, L84, M|246/246\n|turn|5\n|\n|t:|1781398956\n|move|p2a: Masquerain|Hurricane|p1a: Jolteon\n|-resisted|p1a: Jolteon\n|-damage|p1a: Jolteon|156/246\n|-start|p1a: Jolteon|confusion\n|-activate|p1a: Jolteon|confusion\n|-damage|p1a: Jolteon|134/246|[from] confusion\n|\n|upkeep\n|turn|6\n|\n|t:|1781398967\n|move|p2a: Masquerain|Bug Buzz|p1a: Jolteon\n|-damage|p1a: Jolteon|0 fnt\n|faint|p1a: Jolteon\n|\n|upkeep\n|\n|t:|1781398988\n|switch|p1a: Giratina|Giratina, L75|349/349\n|-ability|p1a: Giratina|Pressure\n|turn|7\n|\n|t:|1781398996\n|move|p2a: Masquerain|Hurricane|p1a: Giratina\n|-damage|p1a: Giratina|174/349\n|move|p1a: Giratina|Shadow Ball|p2a: Masquerain\n|-damage|p2a: Masquerain|25/264\n|\n|-heal|p1a: Giratina|195/349|[from] item: Leftovers\n|upkeep\n|turn|8\n|\n|t:|1781398999\n|move|p2a: Masquerain|Hurricane|p1a: Giratina\n|-damage|p1a: Giratina|29/349\n|-start|p1a: Giratina|confusion\n|-activate|p1a: Giratina|confusion\n|move|p1a: Giratina|Shadow Ball|p2a: Masquerain\n|-damage|p2a: Masquerain|0 fnt\n|faint|p2a: Masquerain\n|\n|-heal|p1a: Giratina|50/349|[from] item: Leftovers\n|upkeep\n|\n|t:|1781399007\n|switch|p2a: Dedenne|Dedenne, L88, F|261/261\n|-damage|p2a: Dedenne|229/261|[from] Stealth Rock\n|turn|9\n|\n|t:|1781399011\n|move|p2a: Dedenne|Nuzzle|p1a: Giratina\n|-resisted|p1a: Giratina\n|-damage|p1a: Giratina|42/349\n|-status|p1a: Giratina|par\n|-activate|p1a: Giratina|confusion\n|-damage|p1a: Giratina|22/349 par|[from] confusion\n|\n|-heal|p1a: Giratina|43/349 par|[from] item: Leftovers\n|upkeep\n|turn|10\n|\n|t:|1781399021\n|move|p2a: Dedenne|Dazzling Gleam|p1a: Giratina\n|-supereffective|p1a: Giratina\n|-damage|p1a: Giratina|0 fnt\n|faint|p1a: Giratina\n|\n|upkeep\n|\n|t:|1781399035\n|switch|p1a: Rillaboom|Rillaboom, L79, F|288/288\n|-fieldstart|move: Grassy Terrain|[from] ability: Grassy Surge|[of] p1a: Rillaboom\n|turn|11\n|\n|t:|1781399047\n|move|p2a: Dedenne|Nuzzle|p1a: Rillaboom\n|-resisted|p1a: Rillaboom\n|-damage|p1a: Rillaboom|280/288\n|-status|p1a: Rillaboom|par\n|move|p1a: Rillaboom|Wood Hammer|p2a: Dedenne\n|-damage|p2a: Dedenne|0 fnt\n|faint|p2a: Dedenne\n|-damage|p1a: Rillaboom|204/288 par|[from] Recoil\n|\n|-heal|p1a: Rillaboom|222/288 par|[from] Grassy Terrain\n|upkeep\n|\n|t:|1781399066\n|switch|p2a: Illumise|Illumise, L91, F|266/266\n|turn|12\n|\n|t:|1781399075\n|move|p2a: Illumise|Bug Buzz|p1a: Rillaboom\n|-supereffective|p1a: Rillaboom\n|-damage|p1a: Rillaboom|0 fnt\n|faint|p1a: Rillaboom\n|\n|upkeep\n|\n|t:|1781399079\n|switch|p1a: Malamar|Malamar, L82, M|275/275\n|turn|13\n|\n|t:|1781399087\n|-terastallize|p1a: Malamar|Fighting\n|move|p2a: Illumise|Thunder Wave|p1a: Malamar\n|-status|p1a: Malamar|par\n|move|p1a: Malamar|Superpower|p2a: Illumise\n|-resisted|p2a: Illumise\n|-damage|p2a: Illumise|204/266\n|-boost|p1a: Malamar|atk|1\n|-boost|p1a: Malamar|def|1\n|\n|-heal|p2a: Illumise|220/266|[from] Grassy Terrain\n|upkeep\n|turn|14\n|\n|t:|1781399096\n|move|p2a: Illumise|Bug Buzz|p1a: Malamar\n|-resisted|p1a: Malamar\n|-crit|p1a: Malamar\n|-damage|p1a: Malamar|197/275 par\n|cant|p1a: Malamar|par\n|\n|-heal|p2a: Illumise|236/266|[from] Grassy Terrain\n|-heal|p1a: Malamar|214/275 par|[from] Grassy Terrain\n|-heal|p1a: Malamar|231/275 par|[from] item: Leftovers\n|upkeep\n|turn|15\n|\n|t:|1781399103\n|move|p2a: Illumise|Bug Buzz|p1a: Malamar\n|-resisted|p1a: Malamar\n|-damage|p1a: Malamar|176/275 par\n|cant|p1a: Malamar|par\n|\n|-heal|p2a: Illumise|252/266|[from] Grassy Terrain\n|-heal|p1a: Malamar|193/275 par|[from] Grassy Terrain\n|-heal|p1a: Malamar|210/275 par|[from] item: Leftovers\n|-fieldend|move: Grassy Terrain\n|upkeep\n|turn|16\n|\n|t:|1781399110\n|move|p2a: Illumise|Bug Buzz|p1a: Malamar\n|-resisted|p1a: Malamar\n|-damage|p1a: Malamar|156/275 par\n|move|p1a: Malamar|Superpower|p2a: Illumise\n|-resisted|p2a: Illumise\n|-damage|p2a: Illumise|155/266\n|-boost|p1a: Malamar|atk|1\n|-boost|p1a: Malamar|def|1\n|\n|-heal|p1a: Malamar|173/275 par|[from] item: Leftovers\n|upkeep\n|turn|17\n|\n|t:|1781399120\n|move|p2a: Illumise|Bug Buzz|p1a: Malamar\n|-resisted|p1a: Malamar\n|-damage|p1a: Malamar|120/275 par\n|-boost|p1a: Malamar|spd|1\n|move|p1a: Malamar|Superpower|p2a: Illumise\n|-resisted|p2a: Illumise\n|-damage|p2a: Illumise|36/266\n|-boost|p1a: Malamar|atk|1\n|-boost|p1a: Malamar|def|1\n|\n|-heal|p1a: Malamar|137/275 par|[from] item: Leftovers\n|upkeep\n|turn|18\n|\n|t:|1781399132\n|move|p2a: Illumise|Roost|p2a: Illumise\n|-heal|p2a: Illumise|169/266\n|-singleturn|p2a: Illumise|move: Roost\n|move|p1a: Malamar|Rest|p1a: Malamar\n|-status|p1a: Malamar|slp|[from] move: Rest\n|-heal|p1a: Malamar|275/275 slp|[silent]\n|\n|upkeep\n|turn|19\n|\n|t:|1781399139\n|move|p2a: Illumise|Encore|p1a: Malamar\n|-start|p1a: Malamar|Encore\n|cant|p1a: Malamar|slp\n|\n|upkeep\n|turn|20\n|\n|t:|1781399147\n|move|p2a: Illumise|Bug Buzz|p1a: Malamar\n|-resisted|p1a: Malamar\n|-damage|p1a: Malamar|242/275 slp\n|cant|p1a: Malamar|slp\n|\n|-heal|p1a: Malamar|259/275 slp|[from] item: Leftovers\n|upkeep\n|turn|21\n|\n|t:|1781399155\n|move|p2a: Illumise|Bug Buzz|p1a: Malamar\n|-resisted|p1a: Malamar\n|-damage|p1a: Malamar|226/275 slp\n|-curestatus|p1a: Malamar|slp|[msg]\n|move|p1a: Malamar|Rest|p1a: Malamar\n|-status|p1a: Malamar|slp|[from] move: Rest\n|-heal|p1a: Malamar|275/275 slp|[silent]\n|\n|-end|p1a: Malamar|Encore\n|upkeep\n|turn|22\n|\n|t:|1781399172\n|move|p2a: Illumise|Encore|p1a: Malamar\n|-start|p1a: Malamar|Encore\n|cant|p1a: Malamar|slp\n|\n|upkeep\n|turn|23\n|\n|t:|1781399180\n|move|p2a: Illumise|Roost|p2a: Illumise\n|-heal|p2a: Illumise|266/266\n|-singleturn|p2a: Illumise|move: Roost\n|cant|p1a: Malamar|slp\n|\n|upkeep\n|turn|24\n|\n|t:|1781399188\n|move|p2a: Illumise|Bug Buzz|p1a: Malamar\n|-resisted|p1a: Malamar\n|-damage|p1a: Malamar|240/275 slp\n|-curestatus|p1a: Malamar|slp|[msg]\n|move|p1a: Malamar|Rest|p1a: Malamar\n|-status|p1a: Malamar|slp|[from] move: Rest\n|-heal|p1a: Malamar|275/275 slp|[silent]\n|\n|-end|p1a: Malamar|Encore\n|upkeep\n|turn|25\n|\n|t:|1781399200\n|move|p2a: Illumise|Encore|p1a: Malamar\n|-start|p1a: Malamar|Encore\n|cant|p1a: Malamar|slp\n|\n|upkeep\n|turn|26\n|\n|t:|1781399228\n|switch|p2a: Greninja|Greninja, L80, M|246/246\n|-damage|p2a: Greninja|216/246|[from] Stealth Rock\n|cant|p1a: Malamar|slp\n|\n|upkeep\n|turn|27\n|\n|t:|1781399236\n|move|p2a: Greninja|Hydro Pump|p1a: Malamar\n|-damage|p1a: Malamar|168/275 slp\n|-damage|p2a: Greninja|192/246|[from] item: Life Orb\n|-curestatus|p1a: Malamar|slp|[msg]\n|move|p1a: Malamar|Rest|p1a: Malamar\n|-status|p1a: Malamar|slp|[from] move: Rest\n|-heal|p1a: Malamar|275/275 slp|[silent]\n|\n|-end|p1a: Malamar|Encore\n|upkeep\n|turn|28\n|\n|t:|1781399248\n|move|p2a: Greninja|Hydro Pump|p1a: Malamar|[miss]\n|-miss|p2a: Greninja|p1a: Malamar\n|cant|p1a: Malamar|slp\n|move|p1a: Malamar|Sleep Talk|p1a: Malamar\n|move|p1a: Malamar|Superpower|p2a: Greninja|[from] move: Sleep Talk\n|-supereffective|p2a: Greninja\n|-damage|p2a: Greninja|0 fnt\n|-boost|p1a: Malamar|atk|1\n|-boost|p1a: Malamar|def|1\n|faint|p2a: Greninja\n|\n|upkeep\n|\n|t:|1781399256\n|switch|p2a: Azumarill|Azumarill, L82, M|298/298\n|-damage|p2a: Azumarill|261/298|[from] Stealth Rock\n|turn|29\n|\n|t:|1781399270\n|cant|p1a: Malamar|slp\n|move|p2a: Azumarill|Play Rough|p1a: Malamar\n|-supereffective|p1a: Malamar\n|-damage|p1a: Malamar|161/275 slp\n|\n|-heal|p1a: Malamar|178/275 slp|[from] item: Leftovers\n|upkeep\n|turn|30\n|\n|t:|1781399279\n|-curestatus|p1a: Malamar|slp|[msg]\n|move|p1a: Malamar|Superpower|p2a: Azumarill\n|-resisted|p2a: Azumarill\n|-damage|p2a: Azumarill|64/298\n|-boost|p1a: Malamar|atk|1\n|-boost|p1a: Malamar|def|1\n|move|p2a: Azumarill|Play Rough|p1a: Malamar\n|-supereffective|p1a: Malamar\n|-damage|p1a: Malamar|80/275\n|\n|-heal|p1a: Malamar|97/275|[from] item: Leftovers\n|upkeep\n|turn|31\n|\n|t:|1781399292\n|move|p1a: Malamar|Superpower|p2a: Azumarill\n|-resisted|p2a: Azumarill\n|-damage|p2a: Azumarill|0 fnt\n|-boost|p1a: Malamar|atk|1\n|-boost|p1a: Malamar|def|1\n|faint|p2a: Azumarill\n|\n|-heal|p1a: Malamar|114/275|[from] item: Leftovers\n|upkeep\n|\n|t:|1781399297\n|switch|p2a: Muk|Muk, L86, F|321/321\n|-damage|p2a: Muk|281/321|[from] Stealth Rock\n|turn|32\n|\n|t:|1781399304\n|move|p1a: Malamar|Knock Off|p2a: Muk\n|-damage|p2a: Muk|0 fnt\n|-enditem|p2a: Muk|Choice Band|[from] move: Knock Off|[of] p1a: Malamar\n|faint|p2a: Muk\n|\n|-heal|p1a: Malamar|131/275|[from] item: Leftovers\n|upkeep\n|\n|t:|1781399310\n|switch|p2a: Illumise|Illumise, L91, F|266/266\n|turn|33\n|\n|t:|1781399319\n|move|p2a: Illumise|Thunder Wave|p1a: Malamar|[miss]\n|-miss|p2a: Illumise|p1a: Malamar\n|move|p1a: Malamar|Rest|p1a: Malamar\n|-status|p1a: Malamar|slp|[from] move: Rest\n|-heal|p1a: Malamar|275/275 slp|[silent]\n|\n|upkeep\n|turn|34\n|\n|t:|1781399328\n|move|p2a: Illumise|Encore|p1a: Malamar\n|-start|p1a: Malamar|Encore\n|cant|p1a: Malamar|slp\n|\n|upkeep\n|turn|35\n|\n|t:|1781399339\n|move|p2a: Illumise|Thunder Wave|p1a: Malamar|[miss]\n|-miss|p2a: Illumise|p1a: Malamar\n|cant|p1a: Malamar|slp\n|\n|upkeep\n|turn|36\n|\n|t:|1781399347\n|move|p2a: Illumise|Bug Buzz|p1a: Malamar\n|-resisted|p1a: Malamar\n|-damage|p1a: Malamar|242/275 slp\n|-curestatus|p1a: Malamar|slp|[msg]\n|move|p1a: Malamar|Rest|p1a: Malamar\n|-status|p1a: Malamar|slp|[from] move: Rest\n|-heal|p1a: Malamar|275/275 slp|[silent]\n|\n|-end|p1a: Malamar|Encore\n|upkeep\n|turn|37\n|\n|t:|1781399361\n|move|p2a: Illumise|Encore|p1a: Malamar\n|-start|p1a: Malamar|Encore\n|cant|p1a: Malamar|slp\n|\n|upkeep\n|turn|38\n|\n|t:|1781399375\n|move|p2a: Illumise|Bug Buzz|p1a: Malamar\n|-resisted|p1a: Malamar\n|-damage|p1a: Malamar|238/275 slp\n|cant|p1a: Malamar|slp\n|\n|-heal|p1a: Malamar|255/275 slp|[from] item: Leftovers\n|upkeep\n|turn|39\n|\n|t:|1781399392\n|move|p2a: Illumise|Bug Buzz|p1a: Malamar\n|-resisted|p1a: Malamar\n|-damage|p1a: Malamar|217/275 slp\n|-curestatus|p1a: Malamar|slp|[msg]\n|move|p1a: Malamar|Rest|p1a: Malamar\n|-status|p1a: Malamar|slp|[from] move: Rest\n|-heal|p1a: Malamar|275/275 slp|[silent]\n|\n|-end|p1a: Malamar|Encore\n|upkeep\n|turn|40\n|\n|t:|1781399402\n|move|p2a: Illumise|Encore|p1a: Malamar\n|-start|p1a: Malamar|Encore\n|cant|p1a: Malamar|slp\n|\n|upkeep\n|turn|41\n|\n|t:|1781399410\n|move|p2a: Illumise|Bug Buzz|p1a: Malamar\n|-resisted|p1a: Malamar\n|-damage|p1a: Malamar|240/275 slp\n|cant|p1a: Malamar|slp\n|\n|-heal|p1a: Malamar|257/275 slp|[from] item: Leftovers\n|upkeep\n|turn|42\n|\n|t:|1781399427\n|move|p2a: Illumise|Bug Buzz|p1a: Malamar\n|-resisted|p1a: Malamar\n|-damage|p1a: Malamar|221/275 slp\n|-curestatus|p1a: Malamar|slp|[msg]\n|move|p1a: Malamar|Rest|p1a: Malamar\n|-status|p1a: Malamar|slp|[from] move: Rest\n|-heal|p1a: Malamar|275/275 slp|[silent]\n|\n|-end|p1a: Malamar|Encore\n|upkeep\n|turn|43\n|\n|t:|1781399442\n|move|p2a: Illumise|Encore||[still]\n|-fail|p2a: Illumise\n|cant|p1a: Malamar|slp\n|\n|upkeep\n|turn|44\n|\n|t:|1781399449\n|move|p2a: Illumise|Encore||[still]\n|-fail|p2a: Illumise\n|cant|p1a: Malamar|slp\n|\n|upkeep\n|turn|45\n|\n|t:|1781399459\n|move|p2a: Illumise|Thunder Wave||[still]\n|-fail|p2a: Illumise\n|-curestatus|p1a: Malamar|slp|[msg]\n|move|p1a: Malamar|Knock Off|p2a: Illumise\n|-damage|p2a: Illumise|0 fnt\n|-enditem|p2a: Illumise|Heavy-Duty Boots|[from] move: Knock Off|[of] p1a: Malamar\n|faint|p2a: Illumise\n|\n|win|franqito1345\n|raw|franqito1345's rating: 1373 &rarr; <strong>1395</strong><br />(+22 for winning)\n|raw|hellripper's rating: 1410 &rarr; <strong>1388</strong><br />(-22 for losing)\n|l|\u2606hellripper\n|player|p2|\n", "uploadtime": 1781399481, "views": 3, "formatid": "gen9randombattle", "rating": 1388, "private": 0, "password": null}