{"id": "gen9randombattle-2631469957", "format": "[Gen 9] Random Battle", "players": ["Rambie Drascal", "Magikarpitalism"], "log": "|j|\u2606Rambie Drascal\n|j|\u2606Magikarpitalism\n|t:|1781388707\n|gametype|singles\n|player|p1|Rambie Drascal|ninjaboy|2112\n|player|p2|Magikarpitalism|steven|2224\n|gen|9\n|tier|[Gen 9] Random Battle\n|rated|\n|rule|Species Clause: Limit one of each Pok\u00e9mon\n|rule|HP Percentage Mod: HP is shown in percentages\n|rule|Sleep Clause Mod: Limit one foe put to sleep\n|rule|Illusion Level Mod: Illusion disguises the Pok\u00e9mon's true level\n|\n|t:|1781388707\n|teamsize|p1|6\n|teamsize|p2|6\n|start\n|switch|p1a: Mimikyu|Mimikyu, L79, M|216/216\n|switch|p2a: Tauros|Tauros, L82, M|257/257\n|turn|1\n|inactive|Battle timer is ON: inactive players will automatically lose when time's up. (requested by Rambie Drascal)\n|\n|t:|1781388717\n|move|p2a: Tauros|Throat Chop|p1a: Mimikyu\n|-activate|p1a: Mimikyu|ability: Disguise\n|-damage|p1a: Mimikyu|216/216\n|detailschange|p1a: Mimikyu|Mimikyu-Busted, L79, M\n|-damage|p1a: Mimikyu|189/216|[from] pokemon: Mimikyu-Busted\n|move|p1a: Mimikyu|Swords Dance|p1a: Mimikyu\n|-boost|p1a: Mimikyu|atk|2\n|\n|upkeep\n|turn|2\n|\n|t:|1781388724\n|switch|p2a: Arbok|Arbok, L87, M|246/246\n|-ability|p2a: Arbok|Intimidate|boost\n|-unboost|p1a: Mimikyu|atk|1\n|move|p1a: Mimikyu|Drain Punch|p2a: Arbok\n|-resisted|p2a: Arbok\n|-damage|p2a: Arbok|198/246\n|-heal|p1a: Mimikyu|213/216|[from] drain|[of] p2a: Arbok\n|-damage|p1a: Mimikyu|192/216|[from] item: Life Orb\n|\n|-heal|p2a: Arbok|213/246|[from] item: Leftovers\n|upkeep\n|turn|3\n|\n|t:|1781388729\n|move|p1a: Mimikyu|Play Rough|p2a: Arbok\n|-resisted|p2a: Arbok\n|-damage|p2a: Arbok|125/246\n|-damage|p1a: Mimikyu|171/216|[from] item: Life Orb\n|move|p2a: Arbok|Glare|p1a: Mimikyu\n|-status|p1a: Mimikyu|par\n|\n|-heal|p2a: Arbok|140/246|[from] item: Leftovers\n|upkeep\n|turn|4\n|\n|t:|1781388735\n|move|p1a: Mimikyu|Shadow Sneak|p2a: Arbok\n|-damage|p2a: Arbok|62/246\n|-damage|p1a: Mimikyu|150/216 par|[from] item: Life Orb\n|move|p2a: Arbok|Knock Off|p1a: Mimikyu\n|-crit|p1a: Mimikyu\n|-damage|p1a: Mimikyu|29/216 par\n|-enditem|p1a: Mimikyu|Life Orb|[from] move: Knock Off|[of] p2a: Arbok\n|\n|-heal|p2a: Arbok|77/246|[from] item: Leftovers\n|upkeep\n|turn|5\n|\n|t:|1781388739\n|cant|p1a: Mimikyu|par\n|move|p2a: Arbok|Toxic Spikes|p1a: Mimikyu\n|-sidestart|p1: Rambie Drascal|move: Toxic Spikes\n|\n|-heal|p2a: Arbok|92/246|[from] item: Leftovers\n|upkeep\n|turn|6\n|\n|t:|1781388742\n|move|p1a: Mimikyu|Shadow Sneak|p2a: Arbok\n|-damage|p2a: Arbok|28/246\n|move|p2a: Arbok|Knock Off|p1a: Mimikyu\n|-damage|p1a: Mimikyu|0 fnt\n|faint|p1a: Mimikyu\n|\n|-heal|p2a: Arbok|43/246|[from] item: Leftovers\n|upkeep\n|\n|t:|1781388750\n|switch|p1a: Glaceon|Glaceon, L94, M|275/275\n|turn|7\n|\n|t:|1781388754\n|move|p2a: Arbok|Glare|p1a: Glaceon\n|-status|p1a: Glaceon|par\n|move|p1a: Glaceon|Freeze-Dry|p2a: Arbok\n|-damage|p2a: Arbok|0 fnt\n|faint|p2a: Arbok\n|\n|upkeep\n|\n|t:|1781388759\n|switch|p2a: Magnezone|Magnezone, L85|258/258\n|turn|8\n|\n|t:|1781388769\n|switch|p1a: Pawmot|Pawmot, L80, M|243/243\n|-status|p1a: Pawmot|psn\n|move|p2a: Magnezone|Flash Cannon|p1a: Pawmot\n|-resisted|p1a: Pawmot\n|-damage|p1a: Pawmot|168/243 psn\n|\n|-damage|p1a: Pawmot|138/243 psn|[from] psn\n|upkeep\n|turn|9\n|\n|t:|1781388778\n|switch|p2a: Deoxys|Deoxys-Speed, L82|216/216\n|-ability|p2a: Deoxys|Pressure\n|move|p1a: Pawmot|Close Combat|p2a: Deoxys\n|-resisted|p2a: Deoxys\n|-damage|p2a: Deoxys|122/216\n|-unboost|p1a: Pawmot|def|1\n|-unboost|p1a: Pawmot|spd|1\n|-damage|p1a: Pawmot|114/243 psn|[from] item: Life Orb\n|\n|-damage|p1a: Pawmot|84/243 psn|[from] psn\n|upkeep\n|turn|10\n|\n|t:|1781388787\n|move|p2a: Deoxys|Psycho Boost|p1a: Pawmot\n|-supereffective|p1a: Pawmot\n|-damage|p1a: Pawmot|0 fnt\n|-unboost|p2a: Deoxys|spa|2\n|faint|p1a: Pawmot\n|-damage|p2a: Deoxys|101/216|[from] item: Life Orb\n|\n|upkeep\n|\n|t:|1781388795\n|switch|p1a: Houndstone|Houndstone, L86, M|264/264\n|-status|p1a: Houndstone|psn\n|turn|11\n|\n|t:|1781388800\n|switch|p2a: Primarina|Primarina, L83, M|268/268\n|move|p1a: Houndstone|Body Press|p2a: Primarina\n|-resisted|p2a: Primarina\n|-damage|p2a: Primarina|233/268\n|\n|-damage|p1a: Houndstone|231/264 psn|[from] psn\n|upkeep\n|turn|12\n|\n|t:|1781388804\n|move|p1a: Houndstone|Poltergeist|p2a: Primarina\n|-activate|p2a: Primarina|move: Poltergeist|Choice Specs\n|-damage|p2a: Primarina|94/268\n|move|p2a: Primarina|Moonblast|p1a: Houndstone\n|-damage|p1a: Houndstone|56/264 psn\n|-unboost|p1a: Houndstone|spa|1\n|\n|-heal|p1a: Houndstone|72/264 psn|[from] item: Leftovers\n|-damage|p1a: Houndstone|39/264 psn|[from] psn\n|upkeep\n|turn|13\n|\n|t:|1781388810\n|switch|p2a: Tauros|Tauros, L82, M|257/257\n|move|p1a: Houndstone|Rest|p1a: Houndstone\n|-status|p1a: Houndstone|slp|[from] move: Rest\n|-heal|p1a: Houndstone|264/264 slp|[silent]\n|\n|upkeep\n|turn|14\n|\n|t:|1781388816\n|switch|p2a: Magnezone|Magnezone, L85|258/258\n|cant|p1a: Houndstone|slp\n|move|p1a: Houndstone|Sleep Talk|p1a: Houndstone\n|move|p1a: Houndstone|Rest||[from] move: Sleep Talk|[still]\n|-fail|p1a: Houndstone\n|\n|upkeep\n|turn|15\n|\n|t:|1781388824\n|switch|p1a: Vileplume|Vileplume, L85, F|266/266\n|-sideend|p1: Rambie Drascal|move: Toxic Spikes|[of] p1a: Vileplume\n|move|p2a: Magnezone|Flash Cannon|p1a: Vileplume\n|-damage|p1a: Vileplume|160/266\n|\n|-heal|p1a: Vileplume|176/266|[from] item: Leftovers\n|upkeep\n|turn|16\n|\n|t:|1781388831\n|move|p2a: Magnezone|Flash Cannon|p1a: Vileplume\n|-damage|p1a: Vileplume|71/266\n|move|p1a: Vileplume|Strength Sap|p2a: Magnezone\n|-unboost|p2a: Magnezone|atk|1\n|-heal|p1a: Vileplume|195/266\n|\n|-heal|p1a: Vileplume|211/266|[from] item: Leftovers\n|upkeep\n|turn|17\n|\n|t:|1781388838\n|move|p2a: Magnezone|Flash Cannon|p1a: Vileplume\n|-damage|p1a: Vileplume|99/266\n|-unboost|p1a: Vileplume|spd|1\n|move|p1a: Vileplume|Leech Seed|p2a: Magnezone\n|-start|p2a: Magnezone|move: Leech Seed\n|\n|-heal|p1a: Vileplume|115/266|[from] item: Leftovers\n|-damage|p2a: Magnezone|226/258|[from] Leech Seed|[of] p1a: Vileplume\n|-heal|p1a: Vileplume|147/266|[silent]\n|upkeep\n|turn|18\n|\n|t:|1781388849\n|switch|p1a: Houndstone|Houndstone, L86, M|264/264 slp\n|move|p2a: Magnezone|Volt Switch|p1a: Houndstone\n|-damage|p1a: Houndstone|176/264 slp\n|\n|t:|1781388854\n|switch|p2a: Deoxys|Deoxys-Speed, L82|101/216|[from] Volt Switch\n|-ability|p2a: Deoxys|Pressure\n|\n|-heal|p1a: Houndstone|192/264 slp|[from] item: Leftovers\n|upkeep\n|turn|19\n|\n|t:|1781388860\n|move|p2a: Deoxys|Dark Pulse|p1a: Houndstone\n|-supereffective|p1a: Houndstone\n|-damage|p1a: Houndstone|65/264 slp\n|-damage|p2a: Deoxys|80/216|[from] item: Life Orb\n|cant|p1a: Houndstone|slp\n|move|p1a: Houndstone|Sleep Talk|p1a: Houndstone\n|move|p1a: Houndstone|Body Press|p2a: Deoxys|[from] move: Sleep Talk\n|-resisted|p2a: Deoxys\n|-damage|p2a: Deoxys|48/216\n|\n|-heal|p1a: Houndstone|81/264 slp|[from] item: Leftovers\n|upkeep\n|turn|20\n|\n|t:|1781388871\n|-terastallize|p1a: Houndstone|Fighting\n|move|p2a: Deoxys|Dark Pulse|p1a: Houndstone\n|-resisted|p1a: Houndstone\n|-damage|p1a: Houndstone|50/264 slp\n|-damage|p2a: Deoxys|27/216|[from] item: Life Orb\n|-curestatus|p1a: Houndstone|slp|[msg]\n|move|p1a: Houndstone|Rest|p1a: Houndstone\n|-status|p1a: Houndstone|slp|[from] move: Rest\n|-heal|p1a: Houndstone|264/264 slp|[silent]\n|\n|upkeep\n|turn|21\n|\n|t:|1781388879\n|switch|p1a: Glaceon|Glaceon, L94, M|275/275 par\n|move|p2a: Deoxys|Psycho Boost|p1a: Glaceon\n|-damage|p1a: Glaceon|118/275 par\n|-unboost|p2a: Deoxys|spa|2\n|-damage|p2a: Deoxys|6/216|[from] item: Life Orb\n|\n|upkeep\n|turn|22\n|\n|t:|1781388887\n|switch|p2a: Tauros|Tauros, L82, M|257/257\n|move|p1a: Glaceon|Wish|p1a: Glaceon\n|\n|upkeep\n|turn|23\n|\n|t:|1781388894\n|switch|p1a: Vileplume|Vileplume, L85, F|147/266\n|move|p2a: Tauros|Body Slam|p1a: Vileplume\n|-damage|p1a: Vileplume|0 fnt\n|-status|p2a: Tauros|par|[from] ability: Effect Spore|[of] p1a: Vileplume\n|faint|p1a: Vileplume\n|\n|upkeep\n|\n|t:|1781388905\n|switch|p1a: Houndstone|Houndstone, L86, M, tera:Fighting|264/264 slp\n|turn|24\n|\n|t:|1781388908\n|switch|p2a: Primarina|Primarina, L83, M|94/268\n|cant|p1a: Houndstone|slp\n|move|p1a: Houndstone|Sleep Talk|p1a: Houndstone\n|move|p1a: Houndstone|Rest||[from] move: Sleep Talk|[still]\n|-fail|p1a: Houndstone\n|\n|upkeep\n|turn|25\n|\n|t:|1781388912\n|cant|p1a: Houndstone|slp\n|move|p1a: Houndstone|Sleep Talk|p1a: Houndstone\n|move|p1a: Houndstone|Body Press|p2a: Primarina|[from] move: Sleep Talk\n|-resisted|p2a: Primarina\n|-damage|p2a: Primarina|40/268\n|move|p2a: Primarina|Moonblast|p1a: Houndstone\n|-supereffective|p1a: Houndstone\n|-damage|p1a: Houndstone|0 fnt\n|faint|p1a: Houndstone\n|\n|upkeep\n|\n|t:|1781388918\n|switch|p1a: Glaceon|Glaceon, L94, M|118/275 par\n|turn|26\n|\n|t:|1781388921\n|move|p2a: Primarina|Moonblast|p1a: Glaceon\n|-damage|p1a: Glaceon|0 fnt\n|faint|p1a: Glaceon\n|\n|upkeep\n|\n|t:|1781388924\n|switch|p1a: Regidrago|Regidrago, L77|435/435\n|turn|27\n|\n|t:|1781388929\n|move|p1a: Regidrago|Outrage|p2a: Primarina\n|-immune|p2a: Primarina\n|move|p2a: Primarina|Moonblast|p1a: Regidrago\n|-supereffective|p1a: Regidrago\n|-damage|p1a: Regidrago|0 fnt\n|faint|p1a: Regidrago\n|\n|win|Magikarpitalism\n|raw|Rambie Drascal's rating: 2112 &rarr; <strong>2098</strong><br />(-14 for losing)\n|raw|Magikarpitalism's rating: 2224 &rarr; <strong>2238</strong><br />(+14 for winning)\n|l|\u2606Rambie Drascal\n|player|p1|\n", "uploadtime": 1781388709, "views": 3, "formatid": "gen9randombattle", "rating": 2098, "private": 0, "password": null}