{"id": "gen9randombattle-2631774168", "format": "[Gen 9] Random Battle", "players": ["ciubucvi67%", "Crysys1"], "log": "|j|\u2606ciubucvi67%\n|j|\u2606Crysys1\n|t:|1781437567\n|gametype|singles\n|player|p1|ciubucvi67%|mrfuji-gen3|2148\n|player|p2|Crysys1|265|2189\n|gen|9\n|tier|[Gen 9] Random Battle\n|rated|\n|rule|Species Clause: Limit one of each Pok\u00e9mon\n|rule|HP Percentage Mod: HP is shown in percentages\n|rule|Sleep Clause Mod: Limit one foe put to sleep\n|rule|Illusion Level Mod: Illusion disguises the Pok\u00e9mon's true level\n|\n|t:|1781437567\n|teamsize|p1|6\n|teamsize|p2|6\n|start\n|switch|p1a: Cresselia|Cresselia, L80, F|323/323\n|switch|p2a: Samurott|Samurott, L88, M|310/310\n|turn|1\n|\n|t:|1781437581\n|switch|p1a: Leafeon|Leafeon, L88, F|258/258\n|move|p2a: Samurott|Knock Off|p1a: Leafeon\n|-damage|p1a: Leafeon|204/258\n|-enditem|p1a: Leafeon|Leftovers|[from] move: Knock Off|[of] p2a: Samurott\n|\n|upkeep\n|turn|2\n|\n|t:|1781437589\n|switch|p2a: Landorus|Landorus-Therian, L76, M|260/260\n|-ability|p2a: Landorus|Intimidate|boost\n|-unboost|p1a: Leafeon|atk|1\n|move|p1a: Leafeon|Swords Dance|p1a: Leafeon\n|-boost|p1a: Leafeon|atk|2\n|\n|upkeep\n|turn|3\n|\n|t:|1781437595\n|move|p1a: Leafeon|Swords Dance|p1a: Leafeon\n|-boost|p1a: Leafeon|atk|2\n|move|p2a: Landorus|U-turn|p1a: Leafeon\n|-supereffective|p1a: Leafeon\n|-damage|p1a: Leafeon|124/258\n|\n|t:|1781437610\n|switch|p2a: Mandibuzz|Mandibuzz, L85, F|326/326|[from] U-turn\n|\n|upkeep\n|turn|4\n|\n|t:|1781437618\n|switch|p1a: Clodsire|Clodsire, L81, F, shiny|343/343\n|move|p2a: Mandibuzz|Brave Bird|p1a: Clodsire\n|-damage|p1a: Clodsire|208/343\n|-damage|p2a: Mandibuzz|281/326|[from] Recoil\n|\n|-heal|p1a: Clodsire|229/343|[from] item: Leftovers\n|upkeep\n|turn|5\n|\n|t:|1781437638\n|move|p2a: Mandibuzz|Knock Off|p1a: Clodsire\n|-damage|p1a: Clodsire|117/343\n|-enditem|p1a: Clodsire|Leftovers|[from] move: Knock Off|[of] p2a: Mandibuzz\n|move|p1a: Clodsire|Recover|p1a: Clodsire\n|-heal|p1a: Clodsire|289/343\n|\n|upkeep\n|turn|6\n|\n|t:|1781437650\n|switch|p2a: Solgaleo|Solgaleo, L74|325/325\n|move|p1a: Clodsire|Spikes|p2a: Solgaleo\n|-sidestart|p2: Crysys1|Spikes\n|\n|upkeep\n|turn|7\n|\n|t:|1781437661\n|switch|p1a: Leafeon|Leafeon, L88, F|124/258\n|move|p2a: Solgaleo|Psychic Fangs|p1a: Leafeon\n|-damage|p1a: Leafeon|54/258\n|\n|upkeep\n|turn|8\n|\n|t:|1781437667\n|move|p1a: Leafeon|Knock Off|p2a: Solgaleo\n|-supereffective|p2a: Solgaleo\n|-damage|p2a: Solgaleo|173/325\n|-damage|p1a: Leafeon|11/258|[from] item: Rocky Helmet|[of] p2a: Solgaleo\n|-enditem|p2a: Solgaleo|Rocky Helmet|[from] move: Knock Off|[of] p1a: Leafeon\n|move|p2a: Solgaleo|Sunsteel Strike|p1a: Leafeon\n|-damage|p1a: Leafeon|0 fnt\n|faint|p1a: Leafeon\n|\n|upkeep\n|\n|t:|1781437681\n|switch|p1a: Honchkrow|Honchkrow, L86, F|312/312\n|turn|9\n|\n|t:|1781437715\n|move|p2a: Solgaleo|Morning Sun|p2a: Solgaleo\n|-heal|p2a: Solgaleo|325/325\n|move|p1a: Honchkrow|Heat Wave|p2a: Solgaleo\n|-supereffective|p2a: Solgaleo\n|-damage|p2a: Solgaleo|151/325\n|\n|upkeep\n|turn|10\n|\n|t:|1781437723\n|switch|p2a: Dachsbun|Dachsbun, L92, M|254/254\n|-damage|p2a: Dachsbun|223/254|[from] Spikes\n|move|p1a: Honchkrow|Heat Wave|p2a: Dachsbun\n|-ability|p2a: Dachsbun|Well-Baked Body|boost\n|-boost|p2a: Dachsbun|def|2\n|\n|-heal|p2a: Dachsbun|238/254|[from] item: Leftovers\n|upkeep\n|turn|11\n|\n|t:|1781437730\n|switch|p1a: Clodsire|Clodsire, L81, F, shiny|289/343\n|move|p2a: Dachsbun|Yawn|p1a: Clodsire\n|-start|p1a: Clodsire|move: Yawn|[of] p2a: Dachsbun\n|\n|-heal|p2a: Dachsbun|253/254|[from] item: Leftovers\n|upkeep\n|turn|12\n|\n|t:|1781437737\n|move|p2a: Dachsbun|Wish|p2a: Dachsbun\n|move|p1a: Clodsire|Spikes|p2a: Dachsbun\n|-sidestart|p2: Crysys1|Spikes\n|\n|-heal|p2a: Dachsbun|254/254|[from] item: Leftovers\n|-end|p1a: Clodsire|move: Yawn|[silent]\n|-status|p1a: Clodsire|slp\n|upkeep\n|turn|13\n|\n|t:|1781437743\n|switch|p2a: Regidrago|Regidrago, L77|435/435\n|-damage|p2a: Regidrago|363/435|[from] Spikes\n|cant|p1a: Clodsire|slp\n|\n|-heal|p2a: Regidrago|435/435|[from] move: Wish|[wisher] Dachsbun\n|upkeep\n|turn|14\n|\n|t:|1781437748\n|switch|p1a: Cresselia|Cresselia, L80, F|323/323\n|move|p2a: Regidrago|Dragon Dance|p2a: Regidrago\n|-boost|p2a: Regidrago|atk|1\n|-boost|p2a: Regidrago|spe|1\n|\n|upkeep\n|turn|15\n|\n|t:|1781437775\n|-terastallize|p1a: Cresselia|Fairy\n|move|p2a: Regidrago|Dragon Dance|p2a: Regidrago\n|-boost|p2a: Regidrago|atk|1\n|-boost|p2a: Regidrago|spe|1\n|move|p1a: Cresselia|Moonblast|p2a: Regidrago\n|-supereffective|p2a: Regidrago\n|-damage|p2a: Regidrago|171/435\n|\n|upkeep\n|turn|16\n|\n|t:|1781437782\n|-terastallize|p2a: Regidrago|Steel\n|move|p2a: Regidrago|Tera Blast|p1a: Cresselia|[anim] Tera Blast Steel\n|-supereffective|p1a: Cresselia\n|-damage|p1a: Cresselia|0 fnt\n|faint|p1a: Cresselia\n|-damage|p2a: Regidrago|128/435|[from] item: Life Orb\n|\n|upkeep\n|\n|t:|1781437786\n|switch|p1a: Honchkrow|Honchkrow, L86, F|312/312\n|turn|17\n|\n|t:|1781437791\n|switch|p2a: Landorus|Landorus-Therian, L76, M|260/260\n|-ability|p2a: Landorus|Intimidate|boost\n|-unboost|p1a: Honchkrow|atk|1\n|move|p1a: Honchkrow|Sucker Punch||[still]\n|-fail|p1a: Honchkrow\n|\n|upkeep\n|turn|18\n|\n|t:|1781437798\n|switch|p1a: Keldeo|Keldeo-Resolute, L79|273/273\n|move|p2a: Landorus|U-turn|p1a: Keldeo\n|-resisted|p1a: Keldeo\n|-damage|p1a: Keldeo|245/273\n|\n|t:|1781437809\n|switch|p2a: Dachsbun|Dachsbun, L92, M|254/254|[from] U-turn\n|-damage|p2a: Dachsbun|212/254|[from] Spikes\n|\n|-heal|p2a: Dachsbun|227/254|[from] item: Leftovers\n|-heal|p1a: Keldeo|262/273|[from] item: Leftovers\n|upkeep\n|turn|19\n|\n|t:|1781437812\n|switch|p1a: Clodsire|Clodsire, L81, F, shiny|289/343 slp\n|move|p2a: Dachsbun|Wish|p2a: Dachsbun\n|\n|-heal|p2a: Dachsbun|242/254|[from] item: Leftovers\n|upkeep\n|turn|20\n|\n|t:|1781437819\n|switch|p2a: Solgaleo|Solgaleo, L74|151/325\n|-damage|p2a: Solgaleo|97/325|[from] Spikes\n|-curestatus|p1a: Clodsire|slp|[msg]\n|move|p1a: Clodsire|Spikes|p2a: Solgaleo\n|-sidestart|p2: Crysys1|Spikes\n|\n|-heal|p2a: Solgaleo|224/325|[from] move: Wish|[wisher] Dachsbun\n|upkeep\n|turn|21\n|\n|t:|1781437830\n|switch|p1a: Honchkrow|Honchkrow, L86, F|312/312\n|move|p2a: Solgaleo|Sunsteel Strike|p1a: Honchkrow\n|-crit|p1a: Honchkrow\n|-damage|p1a: Honchkrow|93/312\n|\n|upkeep\n|turn|22\n|j| afdasfafafdsaf\n|\n|t:|1781437836\n|move|p2a: Solgaleo|Sunsteel Strike|p1a: Honchkrow\n|-damage|p1a: Honchkrow|0 fnt\n|faint|p1a: Honchkrow\n|\n|upkeep\n|l| afdasfafafdsaf\n|\n|t:|1781437844\n|switch|p1a: Keldeo|Keldeo-Resolute, L79|262/273\n|turn|23\n|\n|t:|1781437910\n|move|p1a: Keldeo|Surf|p2a: Solgaleo\n|-damage|p2a: Solgaleo|106/325\n|move|p2a: Solgaleo|Morning Sun|p2a: Solgaleo\n|-heal|p2a: Solgaleo|268/325\n|\n|-heal|p1a: Keldeo|273/273|[from] item: Leftovers\n|upkeep\n|turn|24\n|\n|t:|1781437914\n|move|p1a: Keldeo|Calm Mind|p1a: Keldeo\n|-boost|p1a: Keldeo|spa|1\n|-boost|p1a: Keldeo|spd|1\n|move|p2a: Solgaleo|Psychic Fangs|p1a: Keldeo\n|-supereffective|p1a: Keldeo\n|-damage|p1a: Keldeo|87/273\n|\n|-heal|p1a: Keldeo|104/273|[from] item: Leftovers\n|upkeep\n|turn|25\n|\n|t:|1781437919\n|move|p1a: Keldeo|Surf|p2a: Solgaleo\n|-damage|p2a: Solgaleo|99/325\n|move|p2a: Solgaleo|Psychic Fangs|p1a: Keldeo\n|-supereffective|p1a: Keldeo\n|-damage|p1a: Keldeo|0 fnt\n|faint|p1a: Keldeo\n|\n|upkeep\n|\n|t:|1781437951\n|switch|p1a: Clodsire|Clodsire, L81, F, shiny|289/343\n|turn|26\n|\n|t:|1781437982\n|move|p2a: Solgaleo|Psychic Fangs|p1a: Clodsire\n|-supereffective|p1a: Clodsire\n|-damage|p1a: Clodsire|25/343\n|move|p1a: Clodsire|Gunk Shot|p2a: Solgaleo\n|-immune|p2a: Solgaleo\n|\n|upkeep\n|turn|27\n|\n|t:|1781437986\n|move|p2a: Solgaleo|Psychic Fangs|p1a: Clodsire\n|-supereffective|p1a: Clodsire\n|-damage|p1a: Clodsire|0 fnt\n|faint|p1a: Clodsire\n|\n|upkeep\n|\n|t:|1781437988\n|switch|p1a: Hitmonchan|Hitmonchan, L87, M|229/229\n|turn|28\n|\n|t:|1781437999\n|move|p2a: Solgaleo|Psychic Fangs|p1a: Hitmonchan\n|-supereffective|p1a: Hitmonchan\n|-damage|p1a: Hitmonchan|49/229\n|move|p1a: Hitmonchan|Swords Dance|p1a: Hitmonchan\n|-boost|p1a: Hitmonchan|atk|2\n|\n|upkeep\n|turn|29\n|\n|t:|1781438003\n|move|p1a: Hitmonchan|Mach Punch|p2a: Solgaleo\n|-damage|p2a: Solgaleo|0 fnt\n|faint|p2a: Solgaleo\n|-damage|p1a: Hitmonchan|27/229|[from] item: Life Orb\n|\n|upkeep\n|\n|t:|1781438006\n|switch|p2a: Landorus|Landorus-Therian, L76, M|260/260\n|-ability|p2a: Landorus|Intimidate|boost\n|-unboost|p1a: Hitmonchan|atk|1\n|turn|30\n|c|\u2606ciubucvi67%|imagine losing a mon\n|c|\u2606ciubucvi67%|loser \ud83d\ude39\ud83e\udef5\n|c|\u2606Crysys1|im so shit\n|\n|t:|1781438035\n|move|p1a: Hitmonchan|Drain Punch|p2a: Landorus\n|-resisted|p2a: Landorus\n|-damage|p2a: Landorus|144/260\n|-heal|p1a: Hitmonchan|85/229|[from] drain|[of] p2a: Landorus\n|-damage|p1a: Hitmonchan|63/229|[from] item: Life Orb\n|move|p2a: Landorus|Earthquake|p1a: Hitmonchan\n|-damage|p1a: Hitmonchan|0 fnt\n|faint|p1a: Hitmonchan\n|\n|win|Crysys1\n", "uploadtime": 1781437569, "views": 4, "formatid": "gen9randombattle", "rating": null, "private": 0, "password": null}