{"id": "gen9randombattle-2631531440", "format": "[Gen 9] Random Battle", "players": ["b3npaii", "46455i"], "log": "|j|\u2606b3npaii\n|j|\u260646455i\n|t:|1781397397\n|gametype|singles\n|player|p1|b3npaii|elesa|2138\n|player|p2|46455i|fisherman-gen4|2125\n|gen|9\n|tier|[Gen 9] Random Battle\n|rated|\n|rule|Species Clause: Limit one of each Pok\u00e9mon\n|rule|HP Percentage Mod: HP is shown in percentages\n|rule|Sleep Clause Mod: Limit one foe put to sleep\n|rule|Illusion Level Mod: Illusion disguises the Pok\u00e9mon's true level\n|\n|t:|1781397397\n|teamsize|p1|6\n|teamsize|p2|6\n|start\n|switch|p1a: Blaziken|Blaziken, L76, F|247/247\n|switch|p2a: Golduck|Golduck, L90, F|290/290\n|-ability|p2a: Golduck|Cloud Nine\n|turn|1\n|inactive|Battle timer is ON: inactive players will automatically lose when time's up. (requested by b3npaii)\n|\n|t:|1781397405\n|switch|p1a: Toxapex|Toxapex, L82, F|216/216\n|move|p2a: Golduck|Nasty Plot|p2a: Golduck\n|-boost|p2a: Golduck|spa|2\n|\n|upkeep\n|turn|2\n|\n|t:|1781397412\n|move|p2a: Golduck|Grass Knot|p1a: Toxapex\n|-damage|p1a: Toxapex|171/216\n|-damage|p2a: Golduck|242/290|[from] item: Rocky Helmet|[of] p1a: Toxapex\n|move|p1a: Toxapex|Toxic|p2a: Golduck\n|-status|p2a: Golduck|tox\n|\n|-heal|p2a: Golduck|260/290 tox|[from] item: Leftovers\n|-damage|p2a: Golduck|242/290 tox|[from] psn\n|upkeep\n|turn|3\n|inactive|b3npaii has 120 seconds left.\n|\n|t:|1781397453\n|move|p2a: Golduck|Hydro Pump|p1a: Toxapex\n|-resisted|p1a: Toxapex\n|-damage|p1a: Toxapex|85/216\n|move|p1a: Toxapex|Haze|p1a: Toxapex\n|-clearallboost\n|\n|-heal|p2a: Golduck|260/290 tox|[from] item: Leftovers\n|-damage|p2a: Golduck|224/290 tox|[from] psn\n|upkeep\n|turn|4\n|\n|t:|1781397461\n|switch|p2a: Toxtricity|Toxtricity, L82, F|257/257\n|move|p1a: Toxapex|Recover|p1a: Toxapex\n|-heal|p1a: Toxapex|193/216\n|\n|upkeep\n|turn|5\n|\n|t:|1781397465\n|switch|p1a: Rhydon|Rhydon, L85, M|317/317\n|move|p2a: Toxtricity|Boomburst|p1a: Rhydon\n|-resisted|p1a: Rhydon\n|-damage|p1a: Rhydon|218/317\n|\n|upkeep\n|turn|6\n|\n|t:|1781397472\n|switch|p2a: Golduck|Golduck, L90, F|224/290 tox\n|-ability|p2a: Golduck|Cloud Nine\n|move|p1a: Rhydon|Swords Dance|p1a: Rhydon\n|-boost|p1a: Rhydon|atk|2\n|\n|-heal|p2a: Golduck|242/290 tox|[from] item: Leftovers\n|-damage|p2a: Golduck|224/290 tox|[from] psn\n|upkeep\n|turn|7\n|\n|t:|1781397476\n|switch|p1a: Toxapex|Toxapex, L82, F|216/216\n|move|p2a: Golduck|Grass Knot|p1a: Toxapex\n|-damage|p1a: Toxapex|193/216\n|-damage|p2a: Golduck|176/290 tox|[from] item: Rocky Helmet|[of] p1a: Toxapex\n|\n|-heal|p2a: Golduck|194/290 tox|[from] item: Leftovers\n|-damage|p2a: Golduck|158/290 tox|[from] psn\n|upkeep\n|turn|8\n|\n|t:|1781397480\n|move|p2a: Golduck|Nasty Plot|p2a: Golduck\n|-boost|p2a: Golduck|spa|2\n|move|p1a: Toxapex|Liquidation|p2a: Golduck\n|-resisted|p2a: Golduck\n|-damage|p2a: Golduck|128/290 tox\n|-unboost|p2a: Golduck|def|1\n|\n|-heal|p2a: Golduck|146/290 tox|[from] item: Leftovers\n|-damage|p2a: Golduck|92/290 tox|[from] psn\n|upkeep\n|turn|9\n|\n|t:|1781397484\n|move|p2a: Golduck|Hydro Pump|p1a: Toxapex\n|-resisted|p1a: Toxapex\n|-damage|p1a: Toxapex|98/216\n|move|p1a: Toxapex|Recover|p1a: Toxapex\n|-heal|p1a: Toxapex|206/216\n|\n|-heal|p2a: Golduck|110/290 tox|[from] item: Leftovers\n|-damage|p2a: Golduck|38/290 tox|[from] psn\n|upkeep\n|turn|10\n|\n|t:|1781397488\n|move|p2a: Golduck|Hydro Pump|p1a: Toxapex\n|-resisted|p1a: Toxapex\n|-damage|p1a: Toxapex|110/216\n|move|p1a: Toxapex|Recover|p1a: Toxapex\n|-heal|p1a: Toxapex|216/216\n|\n|-heal|p2a: Golduck|56/290 tox|[from] item: Leftovers\n|-damage|p2a: Golduck|0 fnt|[from] psn\n|faint|p2a: Golduck\n|upkeep\n|\n|t:|1781397496\n|switch|p2a: Articuno|Articuno-Galar, L84|288/288\n|turn|11\n|\n|t:|1781397504\n|switch|p1a: Florges|Florges-Orange, L85, F|271/271\n|-terastallize|p2a: Articuno|Steel\n|move|p2a: Articuno|Calm Mind|p2a: Articuno\n|-boost|p2a: Articuno|spa|1\n|-boost|p2a: Articuno|spd|1\n|\n|upkeep\n|turn|12\n|\n|t:|1781397508\n|move|p2a: Articuno|Calm Mind|p2a: Articuno\n|-boost|p2a: Articuno|spa|1\n|-boost|p2a: Articuno|spd|1\n|move|p1a: Florges|Calm Mind|p1a: Florges\n|-boost|p1a: Florges|spa|1\n|-boost|p1a: Florges|spd|1\n|\n|upkeep\n|turn|13\n|\n|t:|1781397510\n|move|p2a: Articuno|Freezing Glare|p1a: Florges\n|-damage|p1a: Florges|181/271\n|move|p1a: Florges|Calm Mind|p1a: Florges\n|-boost|p1a: Florges|spa|1\n|-boost|p1a: Florges|spd|1\n|\n|-heal|p1a: Florges|197/271|[from] item: Leftovers\n|upkeep\n|turn|14\n|\n|t:|1781397513\n|move|p2a: Articuno|Freezing Glare|p1a: Florges\n|-damage|p1a: Florges|125/271\n|move|p1a: Florges|Calm Mind|p1a: Florges\n|-boost|p1a: Florges|spa|1\n|-boost|p1a: Florges|spd|1\n|\n|-heal|p1a: Florges|141/271|[from] item: Leftovers\n|upkeep\n|turn|15\n|\n|t:|1781397515\n|move|p2a: Articuno|Calm Mind|p2a: Articuno\n|-boost|p2a: Articuno|spa|1\n|-boost|p2a: Articuno|spd|1\n|move|p1a: Florges|Wish|p1a: Florges\n|\n|-heal|p1a: Florges|157/271|[from] item: Leftovers\n|upkeep\n|turn|16\n|\n|t:|1781397517\n|move|p2a: Articuno|Freezing Glare|p1a: Florges\n|-damage|p1a: Florges|88/271\n|move|p1a: Florges|Calm Mind|p1a: Florges\n|-boost|p1a: Florges|spa|1\n|-boost|p1a: Florges|spd|1\n|\n|-heal|p1a: Florges|223/271|[from] move: Wish|[wisher] Florges\n|-heal|p1a: Florges|239/271|[from] item: Leftovers\n|upkeep\n|turn|17\n|\n|t:|1781397519\n|move|p2a: Articuno|Calm Mind|p2a: Articuno\n|-boost|p2a: Articuno|spa|1\n|-boost|p2a: Articuno|spd|1\n|move|p1a: Florges|Calm Mind|p1a: Florges\n|-boost|p1a: Florges|spa|1\n|-boost|p1a: Florges|spd|1\n|\n|-heal|p1a: Florges|255/271|[from] item: Leftovers\n|upkeep\n|turn|18\n|\n|t:|1781397521\n|move|p2a: Articuno|Calm Mind|p2a: Articuno\n|-boost|p2a: Articuno|spa|1\n|-boost|p2a: Articuno|spd|1\n|move|p1a: Florges|Calm Mind|p1a: Florges\n|-boost|p1a: Florges|spa|1\n|-boost|p1a: Florges|spd|1\n|\n|-heal|p1a: Florges|271/271|[from] item: Leftovers\n|upkeep\n|turn|19\n|\n|t:|1781397525\n|move|p2a: Articuno|Calm Mind|p2a: Articuno\n|-boost|p2a: Articuno|spa|1\n|-boost|p2a: Articuno|spd|1\n|move|p1a: Florges|Moonblast|p2a: Articuno\n|-resisted|p2a: Articuno\n|-damage|p2a: Articuno|231/288\n|\n|upkeep\n|turn|20\n|\n|t:|1781397528\n|move|p2a: Articuno|Freezing Glare|p1a: Florges\n|-damage|p1a: Florges|198/271\n|move|p1a: Florges|Moonblast|p2a: Articuno\n|-resisted|p2a: Articuno\n|-damage|p2a: Articuno|174/288\n|\n|-heal|p1a: Florges|214/271|[from] item: Leftovers\n|upkeep\n|turn|21\n|\n|t:|1781397531\n|move|p2a: Articuno|Freezing Glare|p1a: Florges\n|-damage|p1a: Florges|141/271\n|move|p1a: Florges|Moonblast|p2a: Articuno\n|-resisted|p2a: Articuno\n|-damage|p2a: Articuno|120/288\n|\n|-heal|p1a: Florges|157/271|[from] item: Leftovers\n|upkeep\n|turn|22\n|\n|t:|1781397534\n|move|p2a: Articuno|Recover|p2a: Articuno\n|-heal|p2a: Articuno|264/288\n|move|p1a: Florges|Wish|p1a: Florges\n|\n|-heal|p1a: Florges|173/271|[from] item: Leftovers\n|upkeep\n|turn|23\n|\n|t:|1781397537\n|move|p2a: Articuno|Freezing Glare|p1a: Florges\n|-crit|p1a: Florges\n|-damage|p1a: Florges|0 fnt\n|faint|p1a: Florges\n|\n|upkeep\n|\n|t:|1781397539\n|switch|p1a: Blaziken|Blaziken, L76, F|247/247\n|turn|24\n|\n|t:|1781397542\n|move|p1a: Blaziken|Protect|p1a: Blaziken\n|-singleturn|p1a: Blaziken|Protect\n|move|p2a: Articuno|Hurricane|p1a: Blaziken\n|-activate|p1a: Blaziken|move: Protect\n|\n|-ability|p1a: Blaziken|Speed Boost|boost\n|-boost|p1a: Blaziken|spe|1\n|upkeep\n|turn|25\n|\n|t:|1781397551\n|switch|p2a: Diancie|Diancie, L82|216/216\n|-terastallize|p1a: Blaziken|Fighting\n|move|p1a: Blaziken|Close Combat|p2a: Diancie\n|-crit|p2a: Diancie\n|-damage|p2a: Diancie|16/216\n|-unboost|p1a: Blaziken|def|1\n|-unboost|p1a: Blaziken|spd|1\n|-damage|p1a: Blaziken|223/247|[from] item: Life Orb\n|\n|-heal|p2a: Diancie|29/216|[from] item: Leftovers\n|-ability|p1a: Blaziken|Speed Boost|boost\n|-boost|p1a: Blaziken|spe|1\n|upkeep\n|turn|26\n|\n|t:|1781397557\n|move|p1a: Blaziken|Close Combat|p2a: Diancie\n|-damage|p2a: Diancie|0 fnt\n|-unboost|p1a: Blaziken|def|1\n|-unboost|p1a: Blaziken|spd|1\n|faint|p2a: Diancie\n|-damage|p1a: Blaziken|199/247|[from] item: Life Orb\n|\n|-ability|p1a: Blaziken|Speed Boost|boost\n|-boost|p1a: Blaziken|spe|1\n|upkeep\n|\n|t:|1781397560\n|switch|p2a: Ditto|Ditto, L87|225/225\n|-transform|p2a: Ditto|p1a: Blaziken|[from] ability: Imposter\n|-start|p2a: Ditto|typechange|Fire/Fighting|[silent]\n|turn|27\n|\n|t:|1781397563\n|switch|p1a: Toxapex|Toxapex, L82, F|216/216\n|move|p2a: Ditto|Close Combat|p1a: Toxapex\n|-resisted|p1a: Toxapex\n|-damage|p1a: Toxapex|168/216\n|-unboost|p2a: Ditto|def|1\n|-unboost|p2a: Ditto|spd|1\n|-damage|p2a: Ditto|188/225|[from] item: Rocky Helmet|[of] p1a: Toxapex\n|\n|-ability|p2a: Ditto|Speed Boost|boost\n|-boost|p2a: Ditto|spe|1\n|upkeep\n|turn|28\n|\n|t:|1781397569\n|switch|p2a: Articuno|Articuno-Galar, L84, tera:Steel|264/288\n|switch|p1a: Rhydon|Rhydon, L85, M|218/317\n|\n|upkeep\n|turn|29\n|\n|t:|1781397576\n|move|p2a: Articuno|Freezing Glare|p1a: Rhydon\n|-damage|p1a: Rhydon|101/317\n|move|p1a: Rhydon|Earthquake|p2a: Articuno\n|-supereffective|p2a: Articuno\n|-damage|p2a: Articuno|0 fnt\n|faint|p2a: Articuno\n|\n|upkeep\n|\n|t:|1781397578\n|switch|p2a: Ditto|Ditto, L87|188/225\n|-transform|p2a: Ditto|p1a: Rhydon|[from] ability: Imposter\n|turn|30\n|\n|t:|1781397584\n|switch|p1a: Yanmega|Yanmega, L82, M|275/275\n|move|p2a: Ditto|Earthquake|p1a: Yanmega\n|-immune|p1a: Yanmega\n|\n|upkeep\n|turn|31\n|\n|t:|1781397592\n|switch|p2a: Toxtricity|Toxtricity, L82, F|257/257\n|move|p1a: Yanmega|U-turn|p2a: Toxtricity\n|-resisted|p2a: Toxtricity\n|-damage|p2a: Toxtricity|191/257\n|\n|t:|1781397595\n|switch|p1a: Rhydon|Rhydon, L85, M|101/317|[from] U-turn\n|\n|upkeep\n|turn|32\n|\n|t:|1781397598\n|move|p2a: Toxtricity|Boomburst|p1a: Rhydon\n|-resisted|p1a: Rhydon\n|-damage|p1a: Rhydon|0 fnt\n|faint|p1a: Rhydon\n|\n|upkeep\n|\n|t:|1781397601\n|switch|p1a: Haxorus|Haxorus, L77, M|244/244\n|-ability|p1a: Haxorus|Mold Breaker\n|turn|33\n|\n|t:|1781397603\n|move|p1a: Haxorus|Earthquake|p2a: Toxtricity\n|-supereffective|p2a: Toxtricity\n|-damage|p2a: Toxtricity|0 fnt\n|faint|p2a: Toxtricity\n|\n|upkeep\n|\n|t:|1781397606\n|switch|p2a: Cobalion|Cobalion, L80|277/277\n|turn|34\n|\n|t:|1781397609\n|move|p2a: Cobalion|Thunder Wave|p1a: Haxorus\n|-status|p1a: Haxorus|par\n|-enditem|p1a: Haxorus|Lum Berry|[eat]\n|-curestatus|p1a: Haxorus|par|[msg]\n|move|p1a: Haxorus|Earthquake|p2a: Cobalion\n|-supereffective|p2a: Cobalion\n|-crit|p2a: Cobalion\n|-damage|p2a: Cobalion|87/277\n|\n|-heal|p2a: Cobalion|104/277|[from] item: Leftovers\n|upkeep\n|turn|35\n|\n|t:|1781397612\n|switch|p1a: Toxapex|Toxapex, L82, F|216/216\n|move|p2a: Cobalion|Thunder Wave|p1a: Toxapex\n|-status|p1a: Toxapex|par\n|\n|-heal|p2a: Cobalion|121/277|[from] item: Leftovers\n|upkeep\n|turn|36\n|\n|t:|1781397615\n|move|p2a: Cobalion|Iron Defense|p2a: Cobalion\n|-boost|p2a: Cobalion|def|2\n|move|p1a: Toxapex|Toxic|p2a: Cobalion\n|-immune|p2a: Cobalion\n|\n|-heal|p2a: Cobalion|138/277|[from] item: Leftovers\n|upkeep\n|turn|37\n|\n|t:|1781397618\n|move|p2a: Cobalion|Iron Defense|p2a: Cobalion\n|-boost|p2a: Cobalion|def|2\n|move|p1a: Toxapex|Haze|p1a: Toxapex\n|-clearallboost\n|\n|-heal|p2a: Cobalion|155/277|[from] item: Leftovers\n|upkeep\n|turn|38\n|\n|t:|1781397620\n|switch|p1a: Yanmega|Yanmega, L82, M|275/275\n|move|p2a: Cobalion|Iron Defense|p2a: Cobalion\n|-boost|p2a: Cobalion|def|2\n|\n|-heal|p2a: Cobalion|172/277|[from] item: Leftovers\n|upkeep\n|turn|39\n|\n|t:|1781397625\n|move|p2a: Cobalion|Thunder Wave|p1a: Yanmega\n|-status|p1a: Yanmega|par\n|cant|p1a: Yanmega|par\n|\n|-heal|p2a: Cobalion|189/277|[from] item: Leftovers\n|upkeep\n|turn|40\n|\n|t:|1781397629\n|move|p2a: Cobalion|Iron Head|p1a: Yanmega\n|-damage|p1a: Yanmega|202/275 par\n|cant|p1a: Yanmega|par\n|\n|-heal|p2a: Cobalion|206/277|[from] item: Leftovers\n|upkeep\n|turn|41\n|\n|t:|1781397633\n|move|p2a: Cobalion|Iron Head|p1a: Yanmega\n|-damage|p1a: Yanmega|130/275 par\n|move|p1a: Yanmega|Air Slash|p2a: Cobalion\n|-damage|p2a: Cobalion|47/277\n|\n|-heal|p2a: Cobalion|64/277|[from] item: Leftovers\n|upkeep\n|turn|42\n|\n|t:|1781397638\n|move|p2a: Cobalion|Body Press|p1a: Yanmega\n|-resisted|p1a: Yanmega\n|-damage|p1a: Yanmega|82/275 par\n|move|p1a: Yanmega|Air Slash|p2a: Cobalion\n|-damage|p2a: Cobalion|0 fnt\n|faint|p2a: Cobalion\n|\n|upkeep\n|l|\u260646455i\n|inactive|46455i disconnected and has a minute to reconnect!\n|player|p2|\n|inactive|46455i has 30 seconds to reconnect!\n|inactive|46455i has 20 seconds to reconnect!\n|inactive|46455i has 15 seconds to reconnect!\n|inactive|46455i has 10 seconds to reconnect!\n|inactive|46455i has 5 seconds to reconnect!\n|-message|46455i lost due to inactivity.\n|\n|win|b3npaii\n", "uploadtime": 1781397399, "views": 5, "formatid": "gen9randombattle", "rating": null, "private": 0, "password": null}