{"id": "gen9randombattle-2631493003", "format": "[Gen 9] Random Battle", "players": ["HerculesMinex", "limonadadu"], "log": "|j|\u2606HerculesMinex\n|j|\u2606limonadadu\n|t:|1781391992\n|gametype|singles\n|player|p1|HerculesMinex|steven|\n|player|p2|limonadadu|n|\n|gen|9\n|tier|[Gen 9] Random Battle\n|rule|Species Clause: Limit one of each Pok\u00e9mon\n|rule|HP Percentage Mod: HP is shown in percentages\n|rule|Sleep Clause Mod: Limit one foe put to sleep\n|rule|Illusion Level Mod: Illusion disguises the Pok\u00e9mon's true level\n|\n|t:|1781391992\n|teamsize|p1|6\n|teamsize|p2|6\n|start\n|switch|p1a: Masquerain|Masquerain, L87, F|264/264\n|switch|p2a: Jirachi|Jirachi, L80|291/291\n|-ability|p1a: Masquerain|Intimidate|boost\n|-unboost|p2a: Jirachi|atk|1\n|turn|1\n|j| yam302hh\n|j| Chiang4\n|j| Pepe47\n|\n|t:|1781392044\n|switch|p2a: Talonflame|Talonflame, L83, F|265/265\n|move|p1a: Masquerain|Sticky Web|p2a: Talonflame\n|-sidestart|p2: limonadadu|move: Sticky Web\n|\n|upkeep\n|turn|2\n|\n|t:|1781392052\n|switch|p1a: Drednaw|Drednaw, L81, F|278/278\n|move|p2a: Talonflame|Flare Blitz|p1a: Drednaw\n|-resisted|p1a: Drednaw\n|-damage|p1a: Drednaw|248/278\n|-damage|p2a: Talonflame|255/265|[from] Recoil\n|\n|upkeep\n|turn|3\n|\n|t:|1781392067\n|switch|p2a: Sunflora|Sunflora, M|312/312\n|-activate|p2a: Sunflora|move: Sticky Web\n|-unboost|p2a: Sunflora|spe|1\n|move|p1a: Drednaw|Shell Smash|p1a: Drednaw\n|-unboost|p1a: Drednaw|def|1\n|-unboost|p1a: Drednaw|spd|1\n|-boost|p1a: Drednaw|atk|2\n|-boost|p1a: Drednaw|spa|2\n|-boost|p1a: Drednaw|spe|2\n|-enditem|p1a: Drednaw|White Herb\n|-clearnegativeboost|p1a: Drednaw|[silent]\n|\n|upkeep\n|turn|4\n|\n|t:|1781392083\n|move|p1a: Drednaw|Crunch|p2a: Sunflora\n|-damage|p2a: Sunflora|113/312\n|-unboost|p2a: Sunflora|def|1\n|move|p2a: Sunflora|Solar Beam||[still]\n|-prepare|p2a: Sunflora|Solar Beam\n|\n|upkeep\n|turn|5\n|\n|t:|1781392091\n|move|p1a: Drednaw|Crunch|p2a: Sunflora\n|-damage|p2a: Sunflora|0 fnt\n|faint|p2a: Sunflora\n|\n|upkeep\n|\n|t:|1781392104\n|switch|p2a: Jirachi|Jirachi, L80|291/291\n|-activate|p2a: Jirachi|move: Sticky Web\n|-unboost|p2a: Jirachi|spe|1\n|turn|6\n|\n|t:|1781392114\n|move|p1a: Drednaw|Crunch|p2a: Jirachi\n|-supereffective|p2a: Jirachi\n|-damage|p2a: Jirachi|0 fnt\n|faint|p2a: Jirachi\n|\n|upkeep\n|\n|t:|1781392146\n|switch|p2a: Furret|Furret, L94, F|312/312\n|-activate|p2a: Furret|move: Sticky Web\n|-unboost|p2a: Furret|spe|1\n|turn|7\n|c|\u2606HerculesMinex|mi trauma se revive\n|c| yam302hh|ese no era\n|c|\u2606HerculesMinex|ah no\n|c|\u2606HerculesMinex|JAJAJJAJAA\n|\n|t:|1781392168\n|-terastallize|p1a: Drednaw|Dark\n|move|p1a: Drednaw|Crunch|p2a: Furret\n|-damage|p2a: Furret|0 fnt\n|faint|p2a: Furret\n|\n|upkeep\n|c| yam302hh|JAJAJAJAJA\n|\n|t:|1781392182\n|switch|p2a: Sableye|Sableye, L88, M|231/231\n|-activate|p2a: Sableye|move: Sticky Web\n|-unboost|p2a: Sableye|spe|1\n|turn|8\n|\n|t:|1781392204\n|move|p2a: Sableye|Will-O-Wisp|p1a: Drednaw\n|-hint|Since gen 7, Dark is immune to Prankster moves.\n|-immune|p1a: Drednaw\n|move|p1a: Drednaw|Crunch|p2a: Sableye\n|-damage|p2a: Sableye|0 fnt\n|faint|p2a: Sableye\n|\n|upkeep\n|c|\u2606HerculesMinex|JAJAJAJAJA\n|\n|t:|1781392225\n|switch|p2a: Tentacruel|Tentacruel, L84, F|272/272\n|-activate|p2a: Tentacruel|move: Sticky Web\n|-unboost|p2a: Tentacruel|spe|1\n|turn|9\n|c|\u2606HerculesMinex|JUSTO LO QUE BUSQU\u00c9 EN GOOGLE HACE UN RATO Y COMENT\u00c9\n|\n|t:|1781392239\n|move|p1a: Drednaw|Crunch|p2a: Tentacruel\n|-damage|p2a: Tentacruel|0 fnt\n|faint|p2a: Tentacruel\n|\n|upkeep\n|c| yam302hh|JAJAJAJA\n|c|\u2606HerculesMinex|JAJAJUAAJAJAJJA\n|\n|t:|1781392244\n|switch|p2a: Talonflame|Talonflame, L83, F|255/265\n|turn|10\n|\n|t:|1781392264\n|move|p1a: Drednaw|Stone Edge|p2a: Talonflame\n|-supereffective|p2a: Talonflame\n|-damage|p2a: Talonflame|0 fnt\n|faint|p2a: Talonflame\n|\n|win|HerculesMinex\n|l|\u2606limonadadu\n|player|p2|\n", "uploadtime": 1781392298, "views": 2, "formatid": "gen9randombattle", "rating": null, "private": 0, "password": null}