{"id": "gen9randombattle-2631579049", "format": "[Gen 9] Random Battle", "players": ["Arsenal0394", "flaviodssts"], "log": "|j|\u203dArsenal0394\n|j|\u2606flaviodssts\n|t:|1781403949\n|gametype|singles\n|player|p1|Arsenal0394|2|1980\n|player|p2|flaviodssts|burglar|2007\n|gen|9\n|tier|[Gen 9] Random Battle\n|rated|\n|rule|Species Clause: Limit one of each Pok\u00e9mon\n|rule|HP Percentage Mod: HP is shown in percentages\n|rule|Sleep Clause Mod: Limit one foe put to sleep\n|rule|Illusion Level Mod: Illusion disguises the Pok\u00e9mon's true level\n|\n|t:|1781403949\n|teamsize|p1|6\n|teamsize|p2|6\n|start\n|switch|p1a: Weezing|Weezing-Galar, L86, F|252/252\n|switch|p2a: Goodra|Goodra-Hisui, L82, F|265/265\n|turn|1\n|inactive|Battle timer is ON: inactive players will automatically lose when time's up. (requested by flaviodssts)\n|inactive|Arsenal0394 has 120 seconds left.\n|inactive|Arsenal0394 has 90 seconds left.\n|\n|t:|1781404035\n|move|p1a: Weezing|Fire Blast|p2a: Goodra\n|-crit|p2a: Goodra\n|-damage|p2a: Goodra|214/265\n|move|p2a: Goodra|Heavy Slam|p1a: Weezing\n|-supereffective|p1a: Weezing\n|-damage|p1a: Weezing|76/252\n|\n|-heal|p1a: Weezing|91/252|[from] item: Leftovers\n|upkeep\n|turn|2\n|inactive|flaviodssts has 120 seconds left.\n|\n|t:|1781404068\n|switch|p1a: Magnezone|Magnezone, L85|258/258\n|move|p2a: Goodra|Heavy Slam|p1a: Magnezone\n|-resisted|p1a: Magnezone\n|-damage|p1a: Magnezone|249/258\n|\n|upkeep\n|turn|3\n|inactive|Arsenal0394 has 120 seconds left.\n|\n|t:|1781404118\n|move|p1a: Magnezone|Body Press|p2a: Goodra\n|-supereffective|p2a: Goodra\n|-damage|p2a: Goodra|80/265\n|move|p2a: Goodra|Earthquake|p1a: Magnezone\n|-supereffective|p1a: Magnezone\n|-damage|p1a: Magnezone|25/258\n|\n|upkeep\n|turn|4\n|\n|t:|1781404132\n|-terastallize|p2a: Goodra|Dragon\n|move|p1a: Magnezone|Body Press|p2a: Goodra\n|-damage|p2a: Goodra|15/265\n|move|p2a: Goodra|Earthquake|p1a: Magnezone\n|-supereffective|p1a: Magnezone\n|-damage|p1a: Magnezone|0 fnt\n|faint|p1a: Magnezone\n|\n|upkeep\n|inactive|Arsenal0394 has 90 seconds left.\n|\n|t:|1781404158\n|switch|p1a: Weezing|Weezing-Galar, L86, F|91/252\n|turn|5\n|inactive|flaviodssts has 120 seconds left.\n|\n|t:|1781404190\n|switch|p2a: Ho-Oh|Ho-Oh, L71|268/268\n|move|p1a: Weezing|Strange Steam|p2a: Ho-Oh\n|-resisted|p2a: Ho-Oh\n|-damage|p2a: Ho-Oh|237/268\n|\n|-heal|p1a: Weezing|106/252|[from] item: Leftovers\n|upkeep\n|turn|6\n|\n|t:|1781404195\n|move|p2a: Ho-Oh|Sacred Fire|p1a: Weezing\n|-damage|p1a: Weezing|31/252\n|-status|p1a: Weezing|brn\n|move|p1a: Weezing|Gunk Shot|p2a: Ho-Oh\n|-damage|p2a: Ho-Oh|161/268\n|\n|-heal|p1a: Weezing|46/252 brn|[from] item: Leftovers\n|-damage|p1a: Weezing|31/252 brn|[from] brn\n|upkeep\n|turn|7\n|inactive|flaviodssts has 120 seconds left.\n|\n|t:|1781404204\n|move|p2a: Ho-Oh|Brave Bird|p1a: Weezing\n|-damage|p1a: Weezing|0 fnt\n|faint|p1a: Weezing\n|-damage|p2a: Ho-Oh|151/268|[from] Recoil\n|\n|upkeep\n|\n|t:|1781404210\n|switch|p1a: Latios|Latios, L78, M|253/253\n|turn|8\n|inactive|flaviodssts has 120 seconds left.\n|\n|t:|1781404226\n|switch|p2a: Forretress|Forretress, L84, M|263/263\n|move|p1a: Latios|Psyshock|p2a: Forretress\n|-resisted|p2a: Forretress\n|-damage|p2a: Forretress|226/263\n|\n|-heal|p2a: Forretress|242/263|[from] item: Leftovers\n|upkeep\n|turn|9\n|inactive|Arsenal0394 has 90 seconds left.\n|\n|t:|1781404259\n|switch|p1a: Drifblim|Drifblim, L86, F|396/396\n|move|p2a: Forretress|Toxic Spikes|p1a: Drifblim\n|-sidestart|p1: Arsenal0394|move: Toxic Spikes\n|\n|-heal|p2a: Forretress|258/263|[from] item: Leftovers\n|upkeep\n|turn|10\n|\n|t:|1781404262\n|move|p1a: Drifblim|Calm Mind|p1a: Drifblim\n|-boost|p1a: Drifblim|spa|1\n|-boost|p1a: Drifblim|spd|1\n|move|p2a: Forretress|Toxic Spikes|p1a: Drifblim\n|-sidestart|p1: Arsenal0394|move: Toxic Spikes\n|\n|-heal|p2a: Forretress|263/263|[from] item: Leftovers\n|upkeep\n|turn|11\n|\n|t:|1781404267\n|move|p1a: Drifblim|Air Slash|p2a: Forretress\n|-damage|p2a: Forretress|101/263\n|move|p2a: Forretress|Volt Switch|p1a: Drifblim\n|-supereffective|p1a: Drifblim\n|-damage|p1a: Drifblim|332/396\n|\n|t:|1781404286\n|switch|p2a: Groudon|Groudon, L72|263/263|[from] Volt Switch\n|-weather|SunnyDay|[from] ability: Drought|[of] p2a: Groudon\n|\n|-weather|SunnyDay|[upkeep]\n|upkeep\n|turn|12\n|inactive|Arsenal0394 has 120 seconds left.\n|\n|t:|1781404293\n|move|p1a: Drifblim|Air Slash|p2a: Groudon\n|-damage|p2a: Groudon|127/263\n|move|p2a: Groudon|Thunder Wave|p1a: Drifblim\n|-status|p1a: Drifblim|par\n|\n|-weather|SunnyDay|[upkeep]\n|-heal|p2a: Groudon|143/263|[from] item: Leftovers\n|upkeep\n|turn|13\n|\n|t:|1781404301\n|switch|p2a: Forretress|Forretress, L84, M|101/263\n|move|p1a: Drifblim|Air Slash|p2a: Forretress\n|-damage|p2a: Forretress|0 fnt\n|faint|p2a: Forretress\n|\n|-weather|SunnyDay|[upkeep]\n|upkeep\n|\n|t:|1781404307\n|switch|p2a: Eiscue|Eiscue, L88, M|274/274\n|turn|14\n|\n|t:|1781404314\n|move|p2a: Eiscue|Belly Drum|p2a: Eiscue\n|-damage|p2a: Eiscue|137/274\n|-setboost|p2a: Eiscue|atk|6|[from] move: Belly Drum\n|-enditem|p2a: Eiscue|Sitrus Berry|[eat]\n|-heal|p2a: Eiscue|205/274|[from] item: Sitrus Berry\n|move|p1a: Drifblim|Shadow Ball|p2a: Eiscue\n|-damage|p2a: Eiscue|87/274\n|-unboost|p2a: Eiscue|spd|1\n|\n|-weather|SunnyDay|[upkeep]\n|upkeep\n|turn|15\n|inactive|Arsenal0394 has 120 seconds left.\n|\n|t:|1781404346\n|move|p2a: Eiscue|Ice Spinner|p1a: Drifblim\n|-supereffective|p1a: Drifblim\n|-damage|p1a: Drifblim|0 fnt\n|faint|p1a: Drifblim\n|\n|-weather|none\n|upkeep\n|\n|t:|1781404349\n|switch|p1a: Latios|Latios, L78, M|253/253\n|turn|16\n|\n|t:|1781404362\n|switch|p2a: Goodra|Goodra-Hisui, L82, F, tera:Dragon|15/265\n|move|p1a: Latios|Psyshock|p2a: Goodra\n|-damage|p2a: Goodra|0 fnt\n|faint|p2a: Goodra\n|\n|upkeep\n|\n|t:|1781404384\n|switch|p2a: Groudon|Groudon, L72|143/263\n|-weather|SunnyDay|[from] ability: Drought|[of] p2a: Groudon\n|turn|17\n|\n|t:|1781404388\n|move|p1a: Latios|Draco Meteor|p2a: Groudon\n|-damage|p2a: Groudon|0 fnt\n|-unboost|p1a: Latios|spa|2\n|faint|p2a: Groudon\n|\n|-weather|SunnyDay|[upkeep]\n|upkeep\n|\n|t:|1781404398\n|switch|p2a: Eiscue|Eiscue, L88, M|87/274\n|turn|18\n|\n|t:|1781404404\n|switch|p1a: Registeel|Registeel, L81|262/262\n|move|p2a: Eiscue|Ice Spinner|p1a: Registeel\n|-resisted|p1a: Registeel\n|-damage|p1a: Registeel|237/262\n|\n|-weather|SunnyDay|[upkeep]\n|upkeep\n|turn|19\n|\n|t:|1781404411\n|switch|p2a: Ho-Oh|Ho-Oh, L71|240/268\n|move|p1a: Registeel|Iron Defense|p1a: Registeel\n|-boost|p1a: Registeel|def|2\n|\n|-weather|SunnyDay|[upkeep]\n|upkeep\n|turn|20\n|\n|t:|1781404422\n|-terastallize|p1a: Registeel|Fighting\n|move|p2a: Ho-Oh|Sacred Fire|p1a: Registeel\n|-damage|p1a: Registeel|185/262\n|move|p1a: Registeel|Iron Defense|p1a: Registeel\n|-boost|p1a: Registeel|def|2\n|\n|-weather|SunnyDay|[upkeep]\n|upkeep\n|turn|21\n|\n|t:|1781404430\n|switch|p2a: Eiscue|Eiscue, L88, M|87/274\n|move|p1a: Registeel|Body Press|p2a: Eiscue\n|-activate|p2a: Eiscue|ability: Ice Face\n|-damage|p2a: Eiscue|87/274\n|detailschange|p2a: Eiscue|Eiscue-Noice, L88, M\n|\n|-weather|none\n|upkeep\n|turn|22\n|\n|t:|1781404435\n|move|p2a: Eiscue|Ice Spinner|p1a: Registeel\n|-damage|p1a: Registeel|167/262\n|move|p1a: Registeel|Body Press|p2a: Eiscue\n|-supereffective|p2a: Eiscue\n|-damage|p2a: Eiscue|0 fnt\n|faint|p2a: Eiscue\n|\n|upkeep\n|\n|t:|1781404439\n|switch|p2a: Shaymin|Shaymin, L82|298/298\n|turn|23\n|\n|t:|1781404443\n|move|p2a: Shaymin|Air Slash|p1a: Registeel\n|-supereffective|p1a: Registeel\n|-damage|p1a: Registeel|97/262\n|move|p1a: Registeel|Body Press|p2a: Shaymin\n|-damage|p2a: Shaymin|0 fnt\n|faint|p2a: Shaymin\n|\n|upkeep\n|\n|t:|1781404449\n|switch|p2a: Ho-Oh|Ho-Oh, L71|268/268\n|turn|24\n|\n|t:|1781404452\n|move|p2a: Ho-Oh|Brave Bird|p1a: Registeel\n|-supereffective|p1a: Registeel\n|-damage|p1a: Registeel|41/262\n|-damage|p2a: Ho-Oh|250/268|[from] Recoil\n|move|p1a: Registeel|Rest|p1a: Registeel\n|-status|p1a: Registeel|slp|[from] move: Rest\n|-heal|p1a: Registeel|262/262 slp|[silent]\n|-enditem|p1a: Registeel|Chesto Berry|[eat]\n|-curestatus|p1a: Registeel|slp|[msg]\n|\n|upkeep\n|turn|25\n|-message|flaviodssts forfeited.\n|\n|win|Arsenal0394\n", "uploadtime": 1781403952, "views": 3, "formatid": "gen9randombattle", "rating": null, "private": 0, "password": null}