{"id": "gen9randombattle-2631757364", "format": "[Gen 9] Random Battle", "players": ["JayClaw", "centrallimittheory"], "log": "|j|\u2606JayClaw\n|j|\u2606centrallimittheory\n|t:|1781434791\n|gametype|singles\n|player|p1|JayClaw|red|2021\n|player|p2|centrallimittheory|crasherwake|1997\n|gen|9\n|tier|[Gen 9] Random Battle\n|rated|\n|rule|Species Clause: Limit one of each Pok\u00e9mon\n|rule|HP Percentage Mod: HP is shown in percentages\n|rule|Sleep Clause Mod: Limit one foe put to sleep\n|rule|Illusion Level Mod: Illusion disguises the Pok\u00e9mon's true level\n|\n|t:|1781434791\n|teamsize|p1|6\n|teamsize|p2|6\n|start\n|switch|p1a: Smeargle|Smeargle, L95, M|258/258\n|switch|p2a: Spiritomb|Spiritomb, L89, F|234/234\n|turn|1\n|inactive|Battle timer is ON: inactive players will automatically lose when time's up. (requested by centrallimittheory)\n|\n|t:|1781434809\n|switch|p1a: Vileplume|Vileplume, L85, M|266/266\n|switch|p2a: Hatterene|Hatterene, L85, F|236/236\n|\n|upkeep\n|turn|2\n|\n|t:|1781434823\n|switch|p2a: Latios|Latios, L78, M|253/253\n|move|p1a: Vileplume|Sludge Bomb|p2a: Latios\n|-damage|p2a: Latios|150/253\n|-status|p2a: Latios|psn\n|\n|-damage|p2a: Latios|119/253 psn|[from] psn\n|upkeep\n|turn|3\n|\n|t:|1781434836\n|switch|p1a: Honchkrow|Honchkrow, L86, M|312/312\n|move|p2a: Latios|Recover|p2a: Latios\n|-heal|p2a: Latios|246/253 psn\n|\n|-damage|p2a: Latios|215/253 psn|[from] psn\n|upkeep\n|turn|4\n|\n|t:|1781434844\n|switch|p2a: Spiritomb|Spiritomb, L89, F|234/234\n|move|p1a: Honchkrow|U-turn|p2a: Spiritomb\n|-damage|p2a: Spiritomb|186/234\n|\n|t:|1781434852\n|switch|p1a: Vileplume|Vileplume, L85, M|266/266|[from] U-turn\n|\n|-heal|p2a: Spiritomb|200/234|[from] item: Leftovers\n|upkeep\n|turn|5\n|\n|t:|1781434862\n|move|p1a: Vileplume|Leech Seed|p2a: Spiritomb\n|-start|p2a: Spiritomb|move: Leech Seed\n|move|p2a: Spiritomb|Poltergeist|p1a: Vileplume\n|-activate|p1a: Vileplume|move: Poltergeist|Leftovers\n|-damage|p1a: Vileplume|146/266\n|\n|-heal|p1a: Vileplume|162/266|[from] item: Leftovers\n|-heal|p2a: Spiritomb|214/234|[from] item: Leftovers\n|-damage|p2a: Spiritomb|185/234|[from] Leech Seed|[of] p1a: Vileplume\n|-heal|p1a: Vileplume|191/266|[silent]\n|upkeep\n|turn|6\n|\n|t:|1781434871\n|switch|p2a: Latios|Latios, L78, M|215/253 psn\n|move|p1a: Vileplume|Sludge Bomb|p2a: Latios\n|-damage|p2a: Latios|122/253 psn\n|\n|-heal|p1a: Vileplume|207/266|[from] item: Leftovers\n|-damage|p2a: Latios|91/253 psn|[from] psn\n|upkeep\n|turn|7\n|\n|t:|1781434878\n|switch|p1a: Honchkrow|Honchkrow, L86, M|312/312\n|move|p2a: Latios|Draco Meteor|p1a: Honchkrow\n|-damage|p1a: Honchkrow|44/312\n|-unboost|p2a: Latios|spa|2\n|\n|-damage|p2a: Latios|60/253 psn|[from] psn\n|upkeep\n|turn|8\n|\n|t:|1781434888\n|move|p2a: Latios|Draco Meteor|p1a: Honchkrow\n|-damage|p1a: Honchkrow|0 fnt\n|-unboost|p2a: Latios|spa|2\n|faint|p1a: Honchkrow\n|\n|-damage|p2a: Latios|29/253 psn|[from] psn\n|upkeep\n|\n|t:|1781434901\n|switch|p1a: Vileplume|Vileplume, L85, M|207/266\n|turn|9\n|\n|t:|1781434911\n|move|p2a: Latios|Recover|p2a: Latios\n|-heal|p2a: Latios|156/253 psn\n|move|p1a: Vileplume|Sludge Bomb|p2a: Latios\n|-damage|p2a: Latios|63/253 psn\n|\n|-heal|p1a: Vileplume|223/266|[from] item: Leftovers\n|-damage|p2a: Latios|32/253 psn|[from] psn\n|upkeep\n|turn|10\n|\n|t:|1781434920\n|switch|p2a: Spiritomb|Spiritomb, L89, F|185/234\n|move|p1a: Vileplume|Sludge Bomb|p2a: Spiritomb\n|-resisted|p2a: Spiritomb\n|-damage|p2a: Spiritomb|137/234\n|-status|p2a: Spiritomb|psn\n|\n|-heal|p1a: Vileplume|239/266|[from] item: Leftovers\n|-heal|p2a: Spiritomb|151/234 psn|[from] item: Leftovers\n|-damage|p2a: Spiritomb|122/234 psn|[from] psn\n|upkeep\n|turn|11\n|inactive|centrallimittheory has 120 seconds left.\n|\n|t:|1781434952\n|move|p1a: Vileplume|Leech Seed|p2a: Spiritomb\n|-start|p2a: Spiritomb|move: Leech Seed\n|move|p2a: Spiritomb|Poltergeist|p1a: Vileplume\n|-activate|p1a: Vileplume|move: Poltergeist|Leftovers\n|-damage|p1a: Vileplume|122/266\n|\n|-heal|p1a: Vileplume|138/266|[from] item: Leftovers\n|-heal|p2a: Spiritomb|136/234 psn|[from] item: Leftovers\n|-damage|p2a: Spiritomb|107/234 psn|[from] Leech Seed|[of] p1a: Vileplume\n|-heal|p1a: Vileplume|167/266|[silent]\n|-damage|p2a: Spiritomb|78/234 psn|[from] psn\n|upkeep\n|turn|12\n|\n|t:|1781434964\n|switch|p2a: Illumise|Illumise, L91, F|266/266\n|move|p1a: Vileplume|Strength Sap|p2a: Illumise\n|-unboost|p2a: Illumise|atk|1\n|-heal|p1a: Vileplume|257/266\n|\n|-heal|p1a: Vileplume|266/266|[from] item: Leftovers\n|upkeep\n|turn|13\n|\n|t:|1781434972\n|move|p2a: Illumise|Thunder Wave|p1a: Vileplume|[miss]\n|-miss|p2a: Illumise|p1a: Vileplume\n|move|p1a: Vileplume|Leech Seed|p2a: Illumise|[miss]\n|-miss|p1a: Vileplume|p2a: Illumise\n|\n|upkeep\n|turn|14\n|\n|t:|1781434979\n|move|p2a: Illumise|Thunder Wave|p1a: Vileplume\n|-status|p1a: Vileplume|par\n|cant|p1a: Vileplume|par\n|\n|upkeep\n|turn|15\n|\n|t:|1781434991\n|switch|p2a: Hatterene|Hatterene, L85, F|236/236\n|move|p1a: Vileplume|Sludge Bomb|p2a: Hatterene\n|-supereffective|p2a: Hatterene\n|-damage|p2a: Hatterene|116/236\n|-status|p2a: Hatterene|psn\n|\n|-damage|p2a: Hatterene|87/236 psn|[from] psn\n|upkeep\n|turn|16\n|\n|t:|1781435000\n|switch|p1a: Crawdaunt|Crawdaunt, L84, M|243/243\n|move|p2a: Hatterene|Psychic Noise|p1a: Crawdaunt\n|-immune|p1a: Crawdaunt\n|\n|-damage|p2a: Hatterene|58/236 psn|[from] psn\n|upkeep\n|turn|17\n|\n|t:|1781435009\n|move|p1a: Crawdaunt|Knock Off|p2a: Hatterene\n|-damage|p2a: Hatterene|0 fnt\n|-enditem|p2a: Hatterene|Assault Vest|[from] move: Knock Off|[of] p1a: Crawdaunt\n|faint|p2a: Hatterene\n|-damage|p1a: Crawdaunt|219/243|[from] item: Life Orb\n|\n|upkeep\n|\n|t:|1781435023\n|switch|p2a: Illumise|Illumise, L91, F|266/266\n|turn|18\n|\n|t:|1781435027\n|switch|p1a: Vileplume|Vileplume, L85, M|266/266 par\n|move|p2a: Illumise|Bug Buzz|p1a: Vileplume\n|-damage|p1a: Vileplume|182/266 par\n|\n|-heal|p1a: Vileplume|198/266 par|[from] item: Leftovers\n|upkeep\n|turn|19\n|\n|t:|1781435035\n|move|p2a: Illumise|Bug Buzz|p1a: Vileplume\n|-damage|p1a: Vileplume|116/266 par\n|move|p1a: Vileplume|Sludge Bomb|p2a: Illumise\n|-damage|p2a: Illumise|161/266\n|\n|-heal|p1a: Vileplume|132/266 par|[from] item: Leftovers\n|upkeep\n|turn|20\n|\n|t:|1781435042\n|switch|p2a: Milotic|Milotic, L83, M|293/293\n|move|p1a: Vileplume|Leech Seed|p2a: Milotic\n|-start|p2a: Milotic|move: Leech Seed\n|\n|-heal|p1a: Vileplume|148/266 par|[from] item: Leftovers\n|-damage|p2a: Milotic|257/293|[from] Leech Seed|[of] p1a: Vileplume\n|-heal|p1a: Vileplume|184/266 par|[silent]\n|upkeep\n|turn|21\n|\n|t:|1781435055\n|switch|p2a: Illumise|Illumise, L91, F|161/266\n|move|p1a: Vileplume|Sludge Bomb|p2a: Illumise\n|-damage|p2a: Illumise|49/266\n|\n|-heal|p1a: Vileplume|200/266 par|[from] item: Leftovers\n|upkeep\n|turn|22\n|\n|t:|1781435064\n|move|p2a: Illumise|Roost|p2a: Illumise\n|-heal|p2a: Illumise|182/266\n|-singleturn|p2a: Illumise|move: Roost\n|move|p1a: Vileplume|Leech Seed|p2a: Illumise\n|-start|p2a: Illumise|move: Leech Seed\n|\n|-heal|p1a: Vileplume|216/266 par|[from] item: Leftovers\n|-damage|p2a: Illumise|149/266|[from] Leech Seed|[of] p1a: Vileplume\n|-heal|p1a: Vileplume|249/266 par|[silent]\n|upkeep\n|turn|23\n|\n|t:|1781435070\n|switch|p2a: Spiritomb|Spiritomb, L89, F|78/234 psn\n|switch|p1a: Shaymin|Shaymin, L82|298/298\n|\n|-heal|p2a: Spiritomb|92/234 psn|[from] item: Leftovers\n|-damage|p2a: Spiritomb|63/234 psn|[from] psn\n|upkeep\n|turn|24\n|\n|t:|1781435075\n|move|p1a: Shaymin|Seed Flare|p2a: Spiritomb|[miss]\n|-miss|p1a: Shaymin|p2a: Spiritomb\n|move|p2a: Spiritomb|Poltergeist|p1a: Shaymin\n|-activate|p1a: Shaymin|move: Poltergeist|Leftovers\n|-damage|p1a: Shaymin|183/298\n|\n|-heal|p1a: Shaymin|201/298|[from] item: Leftovers\n|-heal|p2a: Spiritomb|77/234 psn|[from] item: Leftovers\n|-damage|p2a: Spiritomb|48/234 psn|[from] psn\n|upkeep\n|turn|25\n|\n|t:|1781435087\n|move|p2a: Spiritomb|Shadow Sneak|p1a: Shaymin\n|-damage|p1a: Shaymin|159/298\n|move|p1a: Shaymin|Substitute|p1a: Shaymin\n|-start|p1a: Shaymin|Substitute\n|-damage|p1a: Shaymin|85/298\n|\n|-heal|p1a: Shaymin|103/298|[from] item: Leftovers\n|-heal|p2a: Spiritomb|62/234 psn|[from] item: Leftovers\n|-damage|p2a: Spiritomb|33/234 psn|[from] psn\n|upkeep\n|turn|26\n|c|\u2606centrallimittheory|nice sub\n|\n|t:|1781435099\n|move|p1a: Shaymin|Seed Flare|p2a: Spiritomb\n|-damage|p2a: Spiritomb|0 fnt\n|faint|p2a: Spiritomb\n|\n|-heal|p1a: Shaymin|121/298|[from] item: Leftovers\n|upkeep\n|\n|t:|1781435104\n|switch|p2a: Illumise|Illumise, L91, F|149/266\n|turn|27\n|\n|t:|1781435109\n|switch|p1a: Vileplume|Vileplume, L85, M|249/266 par\n|-terastallize|p2a: Illumise|Water\n|move|p2a: Illumise|Bug Buzz|p1a: Vileplume\n|-damage|p1a: Vileplume|158/266 par\n|\n|-heal|p1a: Vileplume|174/266 par|[from] item: Leftovers\n|upkeep\n|turn|28\n|\n|t:|1781435117\n|switch|p2a: Dunsparce|Dunsparce, L86, F|312/312\n|cant|p1a: Vileplume|par\n|\n|-heal|p1a: Vileplume|190/266 par|[from] item: Leftovers\n|upkeep\n|turn|29\n|\n|t:|1781435127\n|move|p2a: Dunsparce|Coil|p2a: Dunsparce\n|-boost|p2a: Dunsparce|atk|1\n|-boost|p2a: Dunsparce|def|1\n|-boost|p2a: Dunsparce|accuracy|1\n|move|p1a: Vileplume|Leech Seed|p2a: Dunsparce\n|-start|p2a: Dunsparce|move: Leech Seed\n|\n|-heal|p1a: Vileplume|206/266 par|[from] item: Leftovers\n|-damage|p2a: Dunsparce|273/312|[from] Leech Seed|[of] p1a: Vileplume\n|-heal|p1a: Vileplume|245/266 par|[silent]\n|upkeep\n|turn|30\n|\n|t:|1781435141\n|switch|p1a: Granbull|Granbull, L88, M|302/302\n|-ability|p1a: Granbull|Intimidate|boost\n|-unboost|p2a: Dunsparce|atk|1\n|move|p2a: Dunsparce|Coil|p2a: Dunsparce\n|-boost|p2a: Dunsparce|atk|1\n|-boost|p2a: Dunsparce|def|1\n|-boost|p2a: Dunsparce|accuracy|1\n|\n|-damage|p2a: Dunsparce|234/312|[from] Leech Seed|[of] p1a: Granbull\n|upkeep\n|turn|31\n|\n|t:|1781435147\n|move|p1a: Granbull|Encore|p2a: Dunsparce\n|-start|p2a: Dunsparce|Encore\n|move|p2a: Dunsparce|Coil|p2a: Dunsparce\n|-boost|p2a: Dunsparce|atk|1\n|-boost|p2a: Dunsparce|def|1\n|-boost|p2a: Dunsparce|accuracy|1\n|\n|-damage|p2a: Dunsparce|195/312|[from] Leech Seed|[of] p1a: Granbull\n|upkeep\n|turn|32\n|-message|centrallimittheory forfeited.\n|\n|win|JayClaw\n", "uploadtime": 1781434793, "views": 3, "formatid": "gen9randombattle", "rating": null, "private": 0, "password": null}