{"id": "gen9randombattle-2631392047", "format": "[Gen 9] Random Battle", "players": ["Ijsprincess220695", "Reusable.Tissues"], "log": "|j|\u2606Ijsprincess220695\n|j|\u2606Reusable.Tissues\n|t:|1781379184\n|gametype|singles\n|player|p1|Ijsprincess220695|170|1343\n|player|p2|Reusable.Tissues|ariana|1365\n|gen|9\n|tier|[Gen 9] Random Battle\n|rated|\n|rule|Species Clause: Limit one of each Pok\u00e9mon\n|rule|HP Percentage Mod: HP is shown in percentages\n|rule|Sleep Clause Mod: Limit one foe put to sleep\n|rule|Illusion Level Mod: Illusion disguises the Pok\u00e9mon's true level\n|\n|t:|1781379184\n|teamsize|p1|6\n|teamsize|p2|6\n|start\n|switch|p1a: Chansey|Chansey, L85, F|564/564\n|switch|p2a: Frosmoth|Frosmoth, L82, F|249/249\n|turn|1\n|inactive|Battle timer is ON: inactive players will automatically lose when time's up. (requested by Ijsprincess220695)\n|c|\u2606Ijsprincess220695|Glhf\n|\n|t:|1781379200\n|switch|p2a: Seviper|Seviper, L93, M|287/287\n|move|p1a: Chansey|Thunder Wave|p2a: Seviper\n|-status|p2a: Seviper|par\n|\n|-activate|p2a: Seviper|ability: Shed Skin\n|-curestatus|p2a: Seviper|par|[msg]\n|upkeep\n|turn|2\n|c|\u2606Reusable.Tissues|Gl hf\n|\n|t:|1781379219\n|switch|p1a: Piloswine|Piloswine, L85, M|309/309\n|move|p2a: Seviper|Swords Dance|p2a: Seviper\n|-boost|p2a: Seviper|atk|2\n|\n|upkeep\n|turn|3\n|\n|t:|1781379253\n|switch|p2a: Sableye|Sableye, L88, M|231/231\n|move|p1a: Piloswine|Roar|p2a: Sableye\n|drag|p2a: Bruxish|Bruxish, L85, M|254/254\n|\n|upkeep\n|turn|4\n|\n|t:|1781379272\n|move|p2a: Bruxish|Swords Dance|p2a: Bruxish\n|-boost|p2a: Bruxish|atk|2\n|move|p1a: Piloswine|Icicle Crash|p2a: Bruxish\n|-resisted|p2a: Bruxish\n|-damage|p2a: Bruxish|203/254\n|\n|upkeep\n|turn|5\n|\n|t:|1781379279\n|move|p2a: Bruxish|Psychic Fangs|p1a: Piloswine\n|-crit|p1a: Piloswine\n|-damage|p1a: Piloswine|0 fnt\n|faint|p1a: Piloswine\n|-damage|p2a: Bruxish|178/254|[from] item: Life Orb\n|\n|upkeep\n|inactive|Ijsprincess220695 has 120 seconds left.\n|\n|t:|1781379310\n|switch|p1a: Passimian|Passimian, L83, F|302/302\n|turn|6\n|\n|t:|1781379319\n|move|p2a: Bruxish|Psychic Fangs|p1a: Passimian\n|-supereffective|p1a: Passimian\n|-damage|p1a: Passimian|0 fnt\n|faint|p1a: Passimian\n|-damage|p2a: Bruxish|153/254|[from] item: Life Orb\n|\n|upkeep\n|inactive|Ijsprincess220695 has 120 seconds left.\n|\n|t:|1781379325\n|switch|p1a: Regigigas|Regigigas, L84|322/322\n|-start|p1a: Regigigas|ability: Slow Start\n|turn|7\n|inactive|Ijsprincess220695 has 120 seconds left.\n|c|\u2606Ijsprincess220695|Welp this is bad, this thing kills my whole team, and nothing is faster.... gg\n|\n|t:|1781379352\n|move|p2a: Bruxish|Psychic Fangs|p1a: Regigigas\n|-damage|p1a: Regigigas|0 fnt\n|faint|p1a: Regigigas\n|-end|p1a: Regigigas|Slow Start|[silent]\n|-damage|p2a: Bruxish|128/254|[from] item: Life Orb\n|\n|upkeep\n|\n|t:|1781379357\n|switch|p1a: Ceruledge|Ceruledge, L78, M|245/245\n|turn|8\n|\n|t:|1781379366\n|move|p1a: Ceruledge|Shadow Sneak|p2a: Bruxish\n|-supereffective|p2a: Bruxish\n|-damage|p2a: Bruxish|20/254\n|move|p2a: Bruxish|Wave Crash|p1a: Ceruledge\n|-supereffective|p1a: Ceruledge\n|-damage|p1a: Ceruledge|0 fnt\n|faint|p1a: Ceruledge\n|-damage|p2a: Bruxish|0 fnt|[from] Recoil\n|faint|p2a: Bruxish\n|\n|upkeep\n|inactive|Ijsprincess220695 has 120 seconds left.\n|\n|t:|1781379373\n|switch|p2a: Seviper|Seviper, L93, M|287/287\n|switch|p1a: Chesnaught|Chesnaught, L84, M|285/285\n|turn|9\n|\n|t:|1781379380\n|-terastallize|p1a: Chesnaught|Steel\n|move|p2a: Seviper|Swords Dance|p2a: Seviper\n|-boost|p2a: Seviper|atk|2\n|move|p1a: Chesnaught|Iron Defense|p1a: Chesnaught\n|-boost|p1a: Chesnaught|def|2\n|\n|upkeep\n|turn|10\n|\n|t:|1781379390\n|move|p2a: Seviper|Earthquake|p1a: Chesnaught\n|-supereffective|p1a: Chesnaught\n|-damage|p1a: Chesnaught|153/285\n|move|p1a: Chesnaught|Trailblaze|p2a: Seviper\n|-resisted|p2a: Seviper\n|-damage|p2a: Seviper|255/287\n|-boost|p1a: Chesnaught|spe|1\n|\n|-heal|p1a: Chesnaught|170/285|[from] item: Leftovers\n|-heal|p2a: Seviper|272/287|[from] item: Leftovers\n|upkeep\n|turn|11\n|\n|t:|1781379396\n|move|p1a: Chesnaught|Body Press|p2a: Seviper\n|-resisted|p2a: Seviper\n|-damage|p2a: Seviper|155/287\n|move|p2a: Seviper|Earthquake|p1a: Chesnaught\n|-supereffective|p1a: Chesnaught\n|-crit|p1a: Chesnaught\n|-damage|p1a: Chesnaught|0 fnt\n|faint|p1a: Chesnaught\n|\n|-heal|p2a: Seviper|172/287|[from] item: Leftovers\n|upkeep\n|\n|t:|1781379404\n|switch|p1a: Chansey|Chansey, L85, F|564/564\n|turn|12\n|\n|t:|1781379410\n|move|p2a: Seviper|Gunk Shot|p1a: Chansey\n|-damage|p1a: Chansey|0 fnt\n|faint|p1a: Chansey\n|\n|win|Reusable.Tissues\n|raw|Ijsprincess220695's rating: 1343 &rarr; <strong>1324</strong><br />(-19 for losing)\n|raw|Reusable.Tissues's rating: 1365 &rarr; <strong>1384</strong><br />(+19 for winning)\n|c|\u2606Reusable.Tissues|Gg\n|c|\u2606Ijsprincess220695|Gg\n|l|\u2606Ijsprincess220695\n|player|p1|\n", "uploadtime": 1781379421, "views": 10, "formatid": "gen9randombattle", "rating": 1324, "private": 0, "password": null}