{"id": "gen9randombattle-2631970091", "format": "[Gen 9] Random Battle", "players": ["wejlqwkejqw", "slndldld"], "log": "|j|\u2606wejlqwkejqw\n|j|\u2606slndldld\n|t:|1781461199\n|gametype|singles\n|player|p1|wejlqwkejqw|101|1000\n|player|p2|slndldld|roxie|1043\n|gen|9\n|tier|[Gen 9] Random Battle\n|rated|\n|rule|Species Clause: Limit one of each Pok\u00e9mon\n|rule|HP Percentage Mod: HP is shown in percentages\n|rule|Sleep Clause Mod: Limit one foe put to sleep\n|rule|Illusion Level Mod: Illusion disguises the Pok\u00e9mon's true level\n|\n|t:|1781461199\n|teamsize|p1|6\n|teamsize|p2|6\n|start\n|switch|p1a: Salamence|Salamence, L77, M|273/273\n|switch|p2a: Sneasler|Sneasler, L74, M|240/240\n|-ability|p1a: Salamence|Intimidate|boost\n|-unboost|p2a: Sneasler|atk|1\n|turn|1\n|\n|t:|1781461210\n|move|p2a: Sneasler|U-turn|p1a: Salamence\n|-resisted|p1a: Salamence\n|-damage|p1a: Salamence|246/273\n|\n|t:|1781461244\n|switch|p2a: Luxray|Luxray, L88, M|283/283|[from] U-turn\n|move|p1a: Salamence|Dragon Dance|p1a: Salamence\n|-boost|p1a: Salamence|atk|1\n|-boost|p1a: Salamence|spe|1\n|\n|-status|p2a: Luxray|brn|[from] item: Flame Orb\n|upkeep\n|turn|2\n|\n|t:|1781461257\n|-terastallize|p1a: Salamence|Dragon\n|-terastallize|p2a: Luxray|Normal\n|move|p1a: Salamence|Outrage|p2a: Luxray\n|-damage|p2a: Luxray|0 fnt\n|faint|p2a: Luxray\n|\n|upkeep\n|\n|t:|1781461282\n|switch|p2a: Brute Bonnet|Brute Bonnet, L80|309/309\n|turn|3\n|\n|t:|1781461284\n|move|p1a: Salamence|Outrage|p2a: Brute Bonnet|[from] lockedmove\n|-damage|p2a: Brute Bonnet|59/309\n|move|p2a: Brute Bonnet|Spore|p1a: Salamence\n|-status|p1a: Salamence|slp|[from] move: Spore\n|\n|-heal|p2a: Brute Bonnet|78/309|[from] item: Leftovers\n|upkeep\n|turn|4\n|\n|t:|1781461292\n|cant|p1a: Salamence|slp\n|move|p2a: Brute Bonnet|Close Combat|p1a: Salamence\n|-crit|p1a: Salamence\n|-damage|p1a: Salamence|69/273 slp\n|-unboost|p2a: Brute Bonnet|def|1\n|-unboost|p2a: Brute Bonnet|spd|1\n|\n|-heal|p2a: Brute Bonnet|97/309|[from] item: Leftovers\n|upkeep\n|turn|5\n|\n|t:|1781461297\n|cant|p1a: Salamence|slp\n|move|p2a: Brute Bonnet|Crunch|p1a: Salamence\n|-damage|p1a: Salamence|0 fnt\n|faint|p1a: Salamence\n|\n|-heal|p2a: Brute Bonnet|116/309|[from] item: Leftovers\n|upkeep\n|\n|t:|1781461301\n|switch|p1a: Conkeldurr|Conkeldurr, L80, F|299/299\n|turn|6\n|\n|t:|1781461307\n|move|p1a: Conkeldurr|Mach Punch|p2a: Brute Bonnet\n|-supereffective|p2a: Brute Bonnet\n|-damage|p2a: Brute Bonnet|0 fnt\n|faint|p2a: Brute Bonnet\n|-end|p2a: Brute Bonnet|Protosynthesis|[silent]\n|\n|-status|p1a: Conkeldurr|brn|[from] item: Flame Orb\n|upkeep\n|\n|t:|1781461309\n|switch|p2a: Azelf|Azelf, L82|257/257\n|turn|7\n|\n|t:|1781461314\n|switch|p1a: Mabosstiff|Mabosstiff, L86, M|278/278\n|move|p2a: Azelf|Psychic|p1a: Mabosstiff\n|-immune|p1a: Mabosstiff\n|\n|upkeep\n|turn|8\n|\n|t:|1781461320\n|switch|p2a: Sneasler|Sneasler, L74, M|240/240\n|move|p1a: Mabosstiff|Psychic Fangs|p2a: Sneasler\n|-supereffective|p2a: Sneasler\n|-damage|p2a: Sneasler|0 fnt\n|faint|p2a: Sneasler\n|\n|upkeep\n|\n|t:|1781461329\n|switch|p2a: Azelf|Azelf, L82|257/257\n|turn|9\n|inactive|Battle timer is ON: inactive players will automatically lose when time's up. (requested by slndldld)\n|\n|t:|1781461334\n|switch|p1a: Jolteon|Jolteon, L84, F|246/246\n|move|p2a: Azelf|Dazzling Gleam|p1a: Jolteon\n|-damage|p1a: Jolteon|153/246\n|\n|upkeep\n|turn|10\n|\n|t:|1781461339\n|switch|p2a: Raging Bolt|Raging Bolt, L78|323/323\n|-enditem|p2a: Raging Bolt|Booster Energy\n|-activate|p2a: Raging Bolt|ability: Protosynthesis|[fromitem]\n|-start|p2a: Raging Bolt|protosynthesisspa\n|move|p1a: Jolteon|Shadow Ball|p2a: Raging Bolt\n|-damage|p2a: Raging Bolt|242/323\n|-unboost|p2a: Raging Bolt|spd|1\n|-damage|p1a: Jolteon|129/246|[from] item: Life Orb\n|\n|upkeep\n|turn|11\n|\n|t:|1781461349\n|move|p1a: Jolteon|Alluring Voice|p2a: Raging Bolt\n|-supereffective|p2a: Raging Bolt\n|-damage|p2a: Raging Bolt|0 fnt\n|faint|p2a: Raging Bolt\n|-end|p2a: Raging Bolt|Protosynthesis|[silent]\n|-damage|p1a: Jolteon|105/246|[from] item: Life Orb\n|\n|upkeep\n|-message|slndldld forfeited.\n|\n|win|wejlqwkejqw\n|raw|wejlqwkejqw's rating: 1000 &rarr; <strong>1045</strong><br />(+45 for winning)\n|raw|slndldld's rating: 1043 &rarr; <strong>1025</strong><br />(-18 for losing)\n|l|\u2606slndldld\n|player|p2|\n", "uploadtime": 1781461357, "views": 2, "formatid": "gen9randombattle", "rating": 1025, "private": 0, "password": null}