{"id": "gen9randombattle-2631977271", "format": "[Gen 9] Random Battle", "players": ["Tm0dre1", "FORMIGUEI"], "log": "|j|\u2606Tm0dre1\n|j|\u2606FORMIGUEI\n|t:|1781461983\n|gametype|singles\n|player|p1|Tm0dre1|169|1337\n|player|p2|FORMIGUEI|rocketgruntf|1361\n|gen|9\n|tier|[Gen 9] Random Battle\n|rated|\n|rule|Species Clause: Limit one of each Pok\u00e9mon\n|rule|HP Percentage Mod: HP is shown in percentages\n|rule|Sleep Clause Mod: Limit one foe put to sleep\n|rule|Illusion Level Mod: Illusion disguises the Pok\u00e9mon's true level\n|\n|t:|1781461983\n|teamsize|p1|6\n|teamsize|p2|6\n|start\n|switch|p1a: Arbok|Arbok, L87, M|246/246\n|switch|p2a: Thundurus|Thundurus, L80, M|258/258\n|-ability|p1a: Arbok|Intimidate|boost\n|-unboost|p2a: Thundurus|atk|1\n|turn|1\n|inactive|Battle timer is ON: inactive players will automatically lose when time's up. (requested by FORMIGUEI)\n|\n|t:|1781461997\n|move|p2a: Thundurus|Thunder Wave|p1a: Arbok\n|-status|p1a: Arbok|par\n|move|p1a: Arbok|Toxic Spikes|p2a: Thundurus\n|-sidestart|p2: FORMIGUEI|move: Toxic Spikes\n|\n|upkeep\n|turn|2\n|\n|t:|1781462018\n|switch|p2a: Pecharunt|Pecharunt, L77|262/262\n|-sideend|p2: FORMIGUEI|move: Toxic Spikes|[of] p2a: Pecharunt\n|move|p1a: Arbok|Toxic Spikes|p2a: Pecharunt\n|-sidestart|p2: FORMIGUEI|move: Toxic Spikes\n|\n|upkeep\n|turn|3\n|\n|t:|1781462026\n|move|p2a: Pecharunt|Nasty Plot|p2a: Pecharunt\n|-boost|p2a: Pecharunt|spa|2\n|move|p1a: Arbok|Earthquake|p2a: Pecharunt\n|-supereffective|p2a: Pecharunt\n|-damage|p2a: Pecharunt|162/262\n|\n|-heal|p2a: Pecharunt|178/262|[from] item: Leftovers\n|upkeep\n|turn|4\n|\n|t:|1781462037\n|move|p2a: Pecharunt|Shadow Ball|p1a: Arbok\n|-damage|p1a: Arbok|105/246 par\n|cant|p1a: Arbok|par\n|\n|-heal|p2a: Pecharunt|194/262|[from] item: Leftovers\n|upkeep\n|turn|5\n|\n|t:|1781462048\n|move|p2a: Pecharunt|Nasty Plot|p2a: Pecharunt\n|-boost|p2a: Pecharunt|spa|2\n|move|p1a: Arbok|Knock Off|p2a: Pecharunt\n|-supereffective|p2a: Pecharunt\n|-damage|p2a: Pecharunt|102/262\n|-enditem|p2a: Pecharunt|Leftovers|[from] move: Knock Off|[of] p1a: Arbok\n|\n|upkeep\n|turn|6\n|\n|t:|1781462054\n|move|p2a: Pecharunt|Shadow Ball|p1a: Arbok\n|-damage|p1a: Arbok|0 fnt\n|faint|p1a: Arbok\n|\n|upkeep\n|\n|t:|1781462070\n|switch|p1a: Altaria|Altaria, L89, M|278/278\n|turn|7\n|\n|t:|1781462080\n|switch|p2a: Thundurus|Thundurus, L80, M|258/258\n|move|p1a: Altaria|Earthquake|p2a: Thundurus\n|-immune|p2a: Thundurus\n|\n|upkeep\n|turn|8\n|\n|t:|1781462090\n|move|p2a: Thundurus|Thunder Wave|p1a: Altaria|[miss]\n|-miss|p2a: Thundurus|p1a: Altaria\n|move|p1a: Altaria|Dragon Dance|p1a: Altaria\n|-boost|p1a: Altaria|atk|1\n|-boost|p1a: Altaria|spe|1\n|\n|upkeep\n|turn|9\n|\n|t:|1781462098\n|move|p2a: Thundurus|Thunder Wave|p1a: Altaria|[miss]\n|-miss|p2a: Thundurus|p1a: Altaria\n|move|p1a: Altaria|Dragon Dance|p1a: Altaria\n|-boost|p1a: Altaria|atk|1\n|-boost|p1a: Altaria|spe|1\n|\n|upkeep\n|turn|10\n|\n|t:|1781462105\n|-terastallize|p2a: Thundurus|Steel\n|move|p2a: Thundurus|Thunder Wave|p1a: Altaria|[miss]\n|-miss|p2a: Thundurus|p1a: Altaria\n|move|p1a: Altaria|Dragon Dance|p1a: Altaria\n|-boost|p1a: Altaria|atk|1\n|-boost|p1a: Altaria|spe|1\n|\n|upkeep\n|turn|11\n|\n|t:|1781462117\n|move|p1a: Altaria|Earthquake|p2a: Thundurus\n|-supereffective|p2a: Thundurus\n|-damage|p2a: Thundurus|0 fnt\n|faint|p2a: Thundurus\n|\n|upkeep\n|\n|t:|1781462121\n|switch|p2a: Pecharunt|Pecharunt, L77|102/262\n|-sideend|p2: FORMIGUEI|move: Toxic Spikes|[of] p2a: Pecharunt\n|turn|12\n|c|\u2606Tm0dre1|LOL\n|\n|t:|1781462127\n|move|p1a: Altaria|Earthquake|p2a: Pecharunt\n|-supereffective|p2a: Pecharunt\n|-damage|p2a: Pecharunt|0 fnt\n|faint|p2a: Pecharunt\n|\n|upkeep\n|\n|t:|1781462134\n|switch|p2a: Iron Thorns|Iron Thorns, L83|302/302\n|turn|13\n|\n|t:|1781462139\n|move|p1a: Altaria|Earthquake|p2a: Iron Thorns\n|-supereffective|p2a: Iron Thorns\n|-damage|p2a: Iron Thorns|0 fnt\n|faint|p2a: Iron Thorns\n|-end|p2a: Iron Thorns|Quark Drive|[silent]\n|\n|upkeep\n|\n|t:|1781462144\n|switch|p2a: Greninja|Greninja, L80, M|246/246\n|turn|14\n|c|\u2606Tm0dre1|Swept\n|\n|t:|1781462154\n|move|p1a: Altaria|Brave Bird|p2a: Greninja\n|-damage|p2a: Greninja|0 fnt\n|faint|p2a: Greninja\n|-damage|p1a: Altaria|197/278|[from] Recoil\n|\n|upkeep\n|\n|t:|1781462160\n|switch|p2a: Kleavor|Kleavor, L78, M|237/237\n|turn|15\n|\n|t:|1781462165\n|move|p1a: Altaria|Brave Bird|p2a: Kleavor\n|-damage|p2a: Kleavor|0 fnt\n|faint|p2a: Kleavor\n|-damage|p1a: Altaria|119/278|[from] Recoil\n|\n|upkeep\n|\n|t:|1781462170\n|switch|p2a: Mimikyu|Mimikyu, L79, M|216/216\n|turn|16\n|\n|t:|1781462174\n|move|p1a: Altaria|Roost|p1a: Altaria\n|-heal|p1a: Altaria|258/278\n|-singleturn|p1a: Altaria|move: Roost\n|move|p2a: Mimikyu|Play Rough|p1a: Altaria|[miss]\n|-miss|p2a: Mimikyu|p1a: Altaria\n|\n|upkeep\n|turn|17\n|\n|t:|1781462182\n|move|p1a: Altaria|Earthquake|p2a: Mimikyu\n|-activate|p2a: Mimikyu|ability: Disguise\n|-damage|p2a: Mimikyu|216/216\n|detailschange|p2a: Mimikyu|Mimikyu-Busted, L79, M\n|-damage|p2a: Mimikyu|189/216|[from] pokemon: Mimikyu-Busted\n|move|p2a: Mimikyu|Play Rough|p1a: Altaria\n|-supereffective|p1a: Altaria\n|-damage|p1a: Altaria|76/278\n|-damage|p2a: Mimikyu|168/216|[from] item: Life Orb\n|\n|upkeep\n|turn|18\n|\n|t:|1781462194\n|move|p2a: Mimikyu|Shadow Sneak|p1a: Altaria\n|-damage|p1a: Altaria|33/278\n|-damage|p2a: Mimikyu|147/216|[from] item: Life Orb\n|move|p1a: Altaria|Earthquake|p2a: Mimikyu\n|-damage|p2a: Mimikyu|0 fnt\n|faint|p2a: Mimikyu\n|\n|win|Tm0dre1\n|raw|Tm0dre1's rating: 1337 &rarr; <strong>1358</strong><br />(+21 for winning)\n|raw|FORMIGUEI's rating: 1361 &rarr; <strong>1340</strong><br />(-21 for losing)\n", "uploadtime": 1781462199, "views": 18, "formatid": "gen9randombattle", "rating": 1340, "private": 0, "password": null}