{"id": "gen9randombattle-2631759535", "format": "[Gen 9] Random Battle", "players": ["KoffeeArchive", "SmolVersion"], "log": "|j|\u2606KoffeeArchive\n|j|\u2606SmolVersion\n|t:|1781435156\n|gametype|singles\n|player|p1|KoffeeArchive|clair|1919\n|player|p2|SmolVersion|102|1961\n|gen|9\n|tier|[Gen 9] Random Battle\n|rated|\n|rule|Species Clause: Limit one of each Pok\u00e9mon\n|rule|HP Percentage Mod: HP is shown in percentages\n|rule|Sleep Clause Mod: Limit one foe put to sleep\n|rule|Illusion Level Mod: Illusion disguises the Pok\u00e9mon's true level\n|\n|t:|1781435156\n|teamsize|p1|6\n|teamsize|p2|6\n|start\n|switch|p1a: Goodra|Goodra-Hisui, L82, M|265/265\n|switch|p2a: Swampert|Swampert, L83, M|302/302\n|turn|1\n|inactive|Battle timer is ON: inactive players will automatically lose when time's up. (requested by KoffeeArchive)\n|\n|t:|1781435172\n|switch|p1a: Hypno|Hypno, L95, M, shiny|315/315\n|move|p2a: Swampert|Stealth Rock|p1a: Hypno\n|-sidestart|p1: KoffeeArchive|move: Stealth Rock\n|\n|upkeep\n|turn|2\n|\n|t:|1781435184\n|switch|p2a: Klefki|Klefki, L84, M|233/233\n|move|p1a: Hypno|Toxic|p2a: Klefki\n|-immune|p2a: Klefki\n|\n|upkeep\n|turn|3\n|\n|t:|1781435190\n|move|p2a: Klefki|Thunder Wave|p1a: Hypno\n|-status|p1a: Hypno|par\n|move|p1a: Hypno|Encore|p2a: Klefki\n|-start|p2a: Klefki|Encore\n|\n|upkeep\n|turn|4\n|\n|t:|1781435198\n|switch|p2a: Heatran|Heatran, L79, F|273/273\n|move|p1a: Hypno|Toxic|p2a: Heatran\n|-immune|p2a: Heatran\n|\n|upkeep\n|turn|5\n|\n|t:|1781435205\n|switch|p2a: Klefki|Klefki, L84, M|233/233\n|move|p1a: Hypno|Knock Off|p2a: Klefki\n|-resisted|p2a: Klefki\n|-damage|p2a: Klefki|200/233\n|-enditem|p2a: Klefki|Leftovers|[from] move: Knock Off|[of] p1a: Hypno\n|\n|upkeep\n|turn|6\n|\n|t:|1781435217\n|switch|p1a: Cramorant|Cramorant, L86, M|261/261\n|move|p2a: Klefki|Spikes|p1a: Cramorant\n|-sidestart|p1: KoffeeArchive|Spikes\n|\n|upkeep\n|turn|7\n|\n|t:|1781435223\n|move|p2a: Klefki|Thunder Wave|p1a: Cramorant\n|-status|p1a: Cramorant|par\n|move|p1a: Cramorant|Surf|p2a: Klefki\n|-formechange|p1a: Cramorant|Cramorant-Gulping|\n|-damage|p2a: Klefki|101/233\n|\n|upkeep\n|turn|8\n|\n|t:|1781435230\n|move|p2a: Klefki|Dazzling Gleam|p1a: Cramorant\n|-damage|p1a: Cramorant|189/261 par\n|-damage|p2a: Klefki|43/233|[from] ability: Gulp Missile|[of] p1a: Cramorant\n|-unboost|p2a: Klefki|def|1\n|-formechange|p1a: Cramorant|Cramorant|\n|move|p1a: Cramorant|Defog|p2a: Klefki\n|-unboost|p2a: Klefki|evasion|1\n|-sideend|p1: KoffeeArchive|Spikes|[from] move: Defog|[of] p1a: Cramorant\n|-sideend|p1: KoffeeArchive|Stealth Rock|[from] move: Defog|[of] p1a: Cramorant\n|\n|upkeep\n|turn|9\n|\n|t:|1781435234\n|move|p2a: Klefki|Spikes|p1a: Cramorant\n|-sidestart|p1: KoffeeArchive|Spikes\n|move|p1a: Cramorant|Surf|p2a: Klefki\n|-formechange|p1a: Cramorant|Cramorant-Gulping|\n|-damage|p2a: Klefki|0 fnt\n|faint|p2a: Klefki\n|\n|upkeep\n|\n|t:|1781435238\n|switch|p2a: Ampharos|Ampharos, L88, M|302/302\n|turn|10\n|\n|t:|1781435244\n|switch|p1a: Hypno|Hypno, L95, M, shiny|315/315 par\n|-damage|p1a: Hypno|276/315 par|[from] Spikes\n|move|p2a: Ampharos|Focus Blast|p1a: Hypno\n|-resisted|p1a: Hypno\n|-damage|p1a: Hypno|223/315 par\n|-damage|p2a: Ampharos|272/302|[from] item: Life Orb\n|\n|-heal|p1a: Hypno|242/315 par|[from] item: Leftovers\n|upkeep\n|turn|11\n|\n|t:|1781435253\n|switch|p2a: Heatran|Heatran, L79, F|273/273\n|cant|p1a: Hypno|par\n|\n|-heal|p1a: Hypno|261/315 par|[from] item: Leftovers\n|upkeep\n|turn|12\n|\n|t:|1781435258\n|move|p2a: Heatran|Magma Storm|p1a: Hypno|[miss]\n|-miss|p2a: Heatran|p1a: Hypno\n|cant|p1a: Hypno|par\n|\n|-heal|p1a: Hypno|280/315 par|[from] item: Leftovers\n|upkeep\n|turn|13\n|\n|t:|1781435267\n|move|p2a: Heatran|Magma Storm|p1a: Hypno\n|-damage|p1a: Hypno|202/315 par\n|-activate|p1a: Hypno|move: Magma Storm|[of] p2a: Heatran\n|move|p1a: Hypno|Knock Off|p2a: Heatran\n|-damage|p2a: Heatran|209/273\n|-enditem|p2a: Heatran|Assault Vest|[from] move: Knock Off|[of] p1a: Hypno\n|\n|-heal|p1a: Hypno|221/315 par|[from] item: Leftovers\n|-damage|p1a: Hypno|182/315 par|[from] move: Magma Storm|[partiallytrapped]\n|upkeep\n|turn|14\n|\n|t:|1781435273\n|move|p2a: Heatran|Heavy Slam|p1a: Hypno\n|-damage|p1a: Hypno|76/315 par\n|move|p1a: Hypno|Encore|p2a: Heatran\n|-start|p2a: Heatran|Encore\n|\n|-heal|p1a: Hypno|95/315 par|[from] item: Leftovers\n|-damage|p1a: Hypno|56/315 par|[from] move: Magma Storm|[partiallytrapped]\n|upkeep\n|turn|15\n|\n|t:|1781435276\n|move|p2a: Heatran|Heavy Slam|p1a: Hypno\n|-damage|p1a: Hypno|0 fnt\n|faint|p1a: Hypno\n|\n|upkeep\n|\n|t:|1781435278\n|switch|p1a: Cramorant|Cramorant, L86, M|189/261 par\n|turn|16\n|\n|t:|1781435283\n|switch|p2a: Ampharos|Ampharos, L88, M|272/302\n|move|p1a: Cramorant|Defog|p2a: Ampharos\n|-unboost|p2a: Ampharos|evasion|1\n|-sideend|p1: KoffeeArchive|Spikes|[from] move: Defog|[of] p1a: Cramorant\n|\n|upkeep\n|turn|17\n|\n|t:|1781435288\n|switch|p1a: Leavanny|Leavanny, L86, M|269/269\n|move|p2a: Ampharos|Thunderbolt|p1a: Leavanny\n|-resisted|p1a: Leavanny\n|-damage|p1a: Leavanny|183/269\n|-damage|p2a: Ampharos|242/302|[from] item: Life Orb\n|\n|upkeep\n|turn|18\n|\n|t:|1781435300\n|switch|p2a: Heatran|Heatran, L79, F|209/273\n|move|p1a: Leavanny|Sticky Web|p2a: Heatran\n|-sidestart|p2: SmolVersion|move: Sticky Web\n|\n|upkeep\n|turn|19\n|\n|t:|1781435311\n|switch|p1a: Cramorant|Cramorant, L86, M|189/261 par\n|move|p2a: Heatran|Magma Storm|p1a: Cramorant\n|-resisted|p1a: Cramorant\n|-damage|p1a: Cramorant|130/261 par\n|-activate|p1a: Cramorant|move: Magma Storm|[of] p2a: Heatran\n|\n|-damage|p1a: Cramorant|98/261 par|[from] move: Magma Storm|[partiallytrapped]\n|upkeep\n|turn|20\n|\n|t:|1781435318\n|switch|p2a: Ampharos|Ampharos, L88, M|242/302\n|-activate|p2a: Ampharos|move: Sticky Web\n|-unboost|p2a: Ampharos|spe|1\n|move|p1a: Cramorant|Surf|p2a: Ampharos\n|-formechange|p1a: Cramorant|Cramorant-Gorging|\n|-damage|p2a: Ampharos|160/302\n|\n|-end|p1a: Cramorant|Magma Storm|[partiallytrapped]|[silent]\n|upkeep\n|turn|21\n|\n|t:|1781435328\n|switch|p1a: Leavanny|Leavanny, L86, M|183/269\n|move|p2a: Ampharos|Agility|p2a: Ampharos\n|-boost|p2a: Ampharos|spe|2\n|\n|upkeep\n|turn|22\n|\n|t:|1781435333\n|move|p2a: Ampharos|Thunderbolt|p1a: Leavanny\n|-resisted|p1a: Leavanny\n|-damage|p1a: Leavanny|96/269\n|-damage|p2a: Ampharos|130/302|[from] item: Life Orb\n|move|p1a: Leavanny|Lunge|p2a: Ampharos\n|-damage|p2a: Ampharos|36/302\n|-unboost|p2a: Ampharos|atk|1\n|-status|p1a: Leavanny|par|[from] ability: Static|[of] p2a: Ampharos\n|\n|upkeep\n|turn|23\n|\n|t:|1781435337\n|move|p2a: Ampharos|Dazzling Gleam|p1a: Leavanny\n|-damage|p1a: Leavanny|4/269 par\n|-damage|p2a: Ampharos|6/302|[from] item: Life Orb\n|move|p1a: Leavanny|Knock Off|p2a: Ampharos\n|-damage|p2a: Ampharos|0 fnt\n|-enditem|p2a: Ampharos|Life Orb|[from] move: Knock Off|[of] p1a: Leavanny\n|faint|p2a: Ampharos\n|\n|upkeep\n|\n|t:|1781435347\n|switch|p2a: Heatran|Heatran, L79, F|209/273\n|-activate|p2a: Heatran|move: Sticky Web\n|-unboost|p2a: Heatran|spe|1\n|turn|24\n|\n|t:|1781435350\n|switch|p1a: Goodra|Goodra-Hisui, L82, M|265/265\n|move|p2a: Heatran|Lava Plume|p1a: Goodra\n|-damage|p1a: Goodra|220/265\n|\n|upkeep\n|turn|25\n|\n|t:|1781435359\n|switch|p2a: Swampert|Swampert, L83, M|302/302\n|-activate|p2a: Swampert|move: Sticky Web\n|-unboost|p2a: Swampert|spe|1\n|move|p1a: Goodra|Hydro Pump|p2a: Swampert|[miss]\n|-miss|p1a: Goodra|p2a: Swampert\n|\n|upkeep\n|turn|26\n|\n|t:|1781435367\n|switch|p1a: Leavanny|Leavanny, L86, M|4/269 par\n|move|p2a: Swampert|Stealth Rock|p1a: Leavanny\n|-sidestart|p1: KoffeeArchive|move: Stealth Rock\n|\n|upkeep\n|turn|27\n|\n|t:|1781435372\n|switch|p2a: Heatran|Heatran, L79, F|209/273\n|-activate|p2a: Heatran|move: Sticky Web\n|-unboost|p2a: Heatran|spe|1\n|move|p1a: Leavanny|Leaf Blade|p2a: Heatran\n|-resisted|p2a: Heatran\n|-crit|p2a: Heatran\n|-damage|p2a: Heatran|175/273\n|\n|upkeep\n|turn|28\n|\n|t:|1781435379\n|move|p2a: Heatran|Earth Power|p1a: Leavanny\n|-resisted|p1a: Leavanny\n|-damage|p1a: Leavanny|0 fnt\n|faint|p1a: Leavanny\n|\n|upkeep\n|\n|t:|1781435381\n|switch|p1a: Cramorant|Cramorant, L86, M|98/261 par\n|turn|29\n|\n|t:|1781435386\n|move|p2a: Heatran|Magma Storm|p1a: Cramorant|[miss]\n|-miss|p2a: Heatran|p1a: Cramorant\n|move|p1a: Cramorant|Defog|p2a: Heatran\n|-unboost|p2a: Heatran|evasion|1\n|-sideend|p2: SmolVersion|Sticky Web|[from] move: Defog|[of] p1a: Cramorant\n|-sideend|p1: KoffeeArchive|Stealth Rock|[from] move: Defog|[of] p1a: Cramorant\n|\n|upkeep\n|turn|30\n|\n|t:|1781435391\n|switch|p2a: Swampert|Swampert, L83, M|302/302\n|cant|p1a: Cramorant|par\n|\n|upkeep\n|turn|31\n|\n|t:|1781435395\n|move|p2a: Swampert|Knock Off|p1a: Cramorant\n|-damage|p1a: Cramorant|0 fnt\n|-enditem|p1a: Cramorant|Heavy-Duty Boots|[from] move: Knock Off|[of] p2a: Swampert\n|faint|p1a: Cramorant\n|\n|upkeep\n|\n|t:|1781435399\n|switch|p1a: Moltres|Moltres-Galar, L79|271/271\n|turn|32\n|\n|t:|1781435402\n|move|p1a: Moltres|Nasty Plot|p1a: Moltres\n|-boost|p1a: Moltres|spa|2\n|move|p2a: Swampert|Roar|p1a: Moltres\n|drag|p1a: Goodra|Goodra-Hisui, L82, M|220/265\n|\n|upkeep\n|turn|33\n|\n|t:|1781435406\n|move|p2a: Swampert|Stealth Rock|p1a: Goodra\n|-sidestart|p1: KoffeeArchive|move: Stealth Rock\n|move|p1a: Goodra|Dragon Tail|p2a: Swampert\n|-damage|p2a: Swampert|244/302\n|drag|p2a: Heatran|Heatran, L79, F|175/273\n|\n|upkeep\n|turn|34\n|\n|t:|1781435412\n|switch|p2a: Meganium|Meganium, L90, M|290/290\n|move|p1a: Goodra|Hydro Pump|p2a: Meganium\n|-resisted|p2a: Meganium\n|-damage|p2a: Meganium|254/290\n|\n|-heal|p2a: Meganium|272/290|[from] item: Leftovers\n|upkeep\n|turn|35\n|\n|t:|1781435417\n|move|p2a: Meganium|Leech Seed|p1a: Goodra\n|-ability|p1a: Goodra|Sap Sipper|boost\n|-boost|p1a: Goodra|atk|1\n|move|p1a: Goodra|Dragon Tail|p2a: Meganium\n|-damage|p2a: Meganium|191/290\n|drag|p2a: Heatran|Heatran, L79, F|175/273\n|\n|upkeep\n|turn|36\n|\n|t:|1781435426\n|move|p2a: Heatran|Earth Power|p1a: Goodra\n|-supereffective|p1a: Goodra\n|-damage|p1a: Goodra|160/265\n|-unboost|p1a: Goodra|spd|1\n|move|p1a: Goodra|Hydro Pump|p2a: Heatran\n|-supereffective|p2a: Heatran\n|-damage|p2a: Heatran|11/273\n|\n|upkeep\n|turn|37\n|\n|t:|1781435434\n|move|p2a: Heatran|Magma Storm|p1a: Goodra\n|-crit|p1a: Goodra\n|-damage|p1a: Goodra|48/265\n|-activate|p1a: Goodra|move: Magma Storm|[of] p2a: Heatran\n|move|p1a: Goodra|Heavy Slam|p2a: Heatran\n|-resisted|p2a: Heatran\n|-damage|p2a: Heatran|0 fnt\n|faint|p2a: Heatran\n|\n|-end|p1a: Goodra|Magma Storm|[partiallytrapped]|[silent]\n|upkeep\n|\n|t:|1781435437\n|switch|p2a: Swampert|Swampert, L83, M|244/302\n|turn|38\n|\n|t:|1781435443\n|move|p2a: Swampert|Knock Off|p1a: Goodra\n|-damage|p1a: Goodra|0 fnt\n|-enditem|p1a: Goodra|Assault Vest|[from] move: Knock Off|[of] p2a: Swampert\n|faint|p1a: Goodra\n|\n|-heal|p2a: Swampert|262/302|[from] item: Leftovers\n|upkeep\n|\n|t:|1781435448\n|switch|p1a: Moltres|Moltres-Galar, L79|271/271\n|-damage|p1a: Moltres|204/271|[from] Stealth Rock\n|turn|39\n|\n|t:|1781435457\n|move|p1a: Moltres|Fiery Wrath|p2a: Swampert\n|-damage|p2a: Swampert|174/302\n|cant|p2a: Swampert|flinch\n|\n|-heal|p2a: Swampert|192/302|[from] item: Leftovers\n|upkeep\n|turn|40\n|\n|t:|1781435462\n|move|p1a: Moltres|Fiery Wrath|p2a: Swampert\n|-crit|p2a: Swampert\n|-damage|p2a: Swampert|62/302\n|cant|p2a: Swampert|flinch\n|\n|-heal|p2a: Swampert|80/302|[from] item: Leftovers\n|upkeep\n|turn|41\n|\n|t:|1781435465\n|move|p1a: Moltres|Fiery Wrath|p2a: Swampert\n|-damage|p2a: Swampert|0 fnt\n|faint|p2a: Swampert\n|\n|upkeep\n|\n|t:|1781435468\n|switch|p2a: Kyogre|Kyogre, L71|259/259\n|-weather|RainDance|[from] ability: Drizzle|[of] p2a: Kyogre\n|turn|42\n|\n|t:|1781435475\n|move|p1a: Moltres|Hurricane|p2a: Kyogre\n|-damage|p2a: Kyogre|171/259\n|move|p2a: Kyogre|Calm Mind|p2a: Kyogre\n|-boost|p2a: Kyogre|spa|1\n|-boost|p2a: Kyogre|spd|1\n|\n|-weather|RainDance|[upkeep]\n|-heal|p2a: Kyogre|187/259|[from] item: Leftovers\n|upkeep\n|turn|43\n|\n|t:|1781435480\n|move|p1a: Moltres|Nasty Plot|p1a: Moltres\n|-boost|p1a: Moltres|spa|2\n|move|p2a: Kyogre|Thunder|p1a: Moltres\n|-supereffective|p1a: Moltres\n|-damage|p1a: Moltres|4/271\n|-status|p1a: Moltres|par\n|-ability|p1a: Moltres|Berserk|boost\n|-boost|p1a: Moltres|spa|1\n|\n|-weather|RainDance|[upkeep]\n|-heal|p2a: Kyogre|203/259|[from] item: Leftovers\n|upkeep\n|turn|44\n|\n|t:|1781435487\n|move|p2a: Kyogre|Ice Beam|p1a: Moltres\n|-supereffective|p1a: Moltres\n|-damage|p1a: Moltres|0 fnt\n|faint|p1a: Moltres\n|\n|-weather|RainDance|[upkeep]\n|-heal|p2a: Kyogre|219/259|[from] item: Leftovers\n|upkeep\n|\n|t:|1781435489\n|switch|p1a: Zamazenta|Zamazenta-Crowned, L68|238/238\n|-damage|p1a: Zamazenta|231/238|[from] Stealth Rock\n|-ability|p1a: Zamazenta|Dauntless Shield|boost\n|-boost|p1a: Zamazenta|def|1\n|turn|45\n|\n|t:|1781435497\n|move|p1a: Zamazenta|Iron Defense|p1a: Zamazenta\n|-boost|p1a: Zamazenta|def|2\n|move|p2a: Kyogre|Origin Pulse|p1a: Zamazenta\n|-damage|p1a: Zamazenta|15/238\n|\n|-weather|RainDance|[upkeep]\n|-heal|p2a: Kyogre|235/259|[from] item: Leftovers\n|upkeep\n|turn|46\n|\n|t:|1781435500\n|move|p1a: Zamazenta|Body Press|p2a: Kyogre\n|-damage|p2a: Kyogre|27/259\n|move|p2a: Kyogre|Origin Pulse|p1a: Zamazenta\n|-damage|p1a: Zamazenta|0 fnt\n|faint|p1a: Zamazenta\n|\n|win|SmolVersion\n", "uploadtime": 1781435157, "views": 5, "formatid": "gen9randombattle", "rating": null, "private": 0, "password": null}