{"id": "gen9randombattle-2631375147", "format": "[Gen 9] Random Battle", "players": ["DustyHey1", "UncleKrack"], "log": "|j|\u2606DustyHey1\n|j|\u2606UncleKrack\n|t:|1781377220\n|gametype|singles\n|player|p1|DustyHey1|ninjaboy|1506\n|player|p2|UncleKrack|emmet|1512\n|gen|9\n|tier|[Gen 9] Random Battle\n|rated|\n|rule|Species Clause: Limit one of each Pok\u00e9mon\n|rule|HP Percentage Mod: HP is shown in percentages\n|rule|Sleep Clause Mod: Limit one foe put to sleep\n|rule|Illusion Level Mod: Illusion disguises the Pok\u00e9mon's true level\n|\n|t:|1781377220\n|teamsize|p1|6\n|teamsize|p2|6\n|start\n|switch|p1a: Misdreavus|Misdreavus, L90, M|254/254\n|switch|p2a: Azumarill|Azumarill, L82, F|298/298\n|turn|1\n|inactive|Battle timer is ON: inactive players will automatically lose when time's up. (requested by UncleKrack)\n|inactive|DustyHey1 has 120 seconds left.\n|inactive|UncleKrack has 120 seconds left.\n|\n|t:|1781377254\n|switch|p1a: Clawitzer|Clawitzer, L87, F|265/265\n|switch|p2a: Azelf|Azelf, L82|257/257\n|\n|upkeep\n|turn|2\n|\n|t:|1781377268\n|move|p2a: Azelf|Explosion|p1a: Clawitzer\n|-damage|p1a: Clawitzer|19/265\n|faint|p2a: Azelf\n|move|p1a: Clawitzer|Dark Pulse|p2: Azelf|[notarget]\n|-fail|p1a: Clawitzer\n|\n|upkeep\n|c|\u2606DustyHey1|huh\n|c|\u2606UncleKrack|huh\n|\n|t:|1781377287\n|switch|p2a: Mienshao|Mienshao, L83, F|244/244\n|turn|3\n|\n|t:|1781377297\n|switch|p1a: Misdreavus|Misdreavus, L90, M|254/254\n|move|p2a: Mienshao|Knock Off|p1a: Misdreavus\n|-supereffective|p1a: Misdreavus\n|-damage|p1a: Misdreavus|69/254\n|-enditem|p1a: Misdreavus|Eviolite|[from] move: Knock Off|[of] p2a: Mienshao\n|-damage|p2a: Mienshao|220/244|[from] item: Life Orb\n|\n|upkeep\n|turn|4\n|\n|t:|1781377315\n|move|p2a: Mienshao|Knock Off|p1a: Misdreavus\n|-supereffective|p1a: Misdreavus\n|-damage|p1a: Misdreavus|0 fnt\n|faint|p1a: Misdreavus\n|-damage|p2a: Mienshao|196/244|[from] item: Life Orb\n|\n|upkeep\n|inactive|DustyHey1 has 120 seconds left.\n|\n|t:|1781377343\n|switch|p1a: Noctowl|Noctowl, L95, F|344/344\n|turn|5\n|inactive|DustyHey1 has 120 seconds left.\n|\n|t:|1781377367\n|switch|p2a: Minior|Minior-Violet, L79|224/224\n|-formechange|p2a: Minior|Minior-Meteor||[from] ability: Shields Down\n|move|p1a: Noctowl|Hurricane|p2a: Minior|[miss]\n|-miss|p1a: Noctowl|p2a: Minior\n|\n|upkeep\n|turn|6\n|inactive|DustyHey1 has 120 seconds left.\n|\n|t:|1781377385\n|switch|p1a: Wigglytuff|Wigglytuff, L96, F|424/424\n|move|p2a: Minior|Shell Smash|p2a: Minior\n|-unboost|p2a: Minior|def|1\n|-unboost|p2a: Minior|spd|1\n|-boost|p2a: Minior|atk|2\n|-boost|p2a: Minior|spa|2\n|-boost|p2a: Minior|spe|2\n|-enditem|p2a: Minior|White Herb\n|-clearnegativeboost|p2a: Minior|[silent]\n|\n|upkeep\n|turn|7\n|inactive|DustyHey1 has 120 seconds left.\n|\n|t:|1781377397\n|move|p2a: Minior|Shell Smash|p2a: Minior\n|-unboost|p2a: Minior|def|1\n|-unboost|p2a: Minior|spd|1\n|-boost|p2a: Minior|atk|2\n|-boost|p2a: Minior|spa|2\n|-boost|p2a: Minior|spe|2\n|move|p1a: Wigglytuff|Alluring Voice|p2a: Minior\n|-damage|p2a: Minior|79/224\n|-start|p2a: Minior|confusion\n|\n|-formechange|p2a: Minior|Minior-Violet||[from] ability: Shields Down\n|upkeep\n|turn|8\n|inactive|DustyHey1 has 120 seconds left.\n|\n|t:|1781377410\n|-activate|p2a: Minior|confusion\n|-damage|p2a: Minior|0 fnt|[from] confusion\n|faint|p2a: Minior\n|move|p1a: Wigglytuff|Alluring Voice|p2: Minior|[notarget]\n|-fail|p1a: Wigglytuff\n|\n|upkeep\n|c|\u2606UncleKrack|lets go\n|\n|t:|1781377426\n|switch|p2a: Azumarill|Azumarill, L82, F|298/298\n|turn|9\n|\n|t:|1781377438\n|move|p1a: Wigglytuff|Protect|p1a: Wigglytuff\n|-singleturn|p1a: Wigglytuff|Protect\n|move|p2a: Azumarill|Liquidation|p1a: Wigglytuff\n|-activate|p1a: Wigglytuff|move: Protect\n|\n|upkeep\n|turn|10\n|\n|t:|1781377447\n|-terastallize|p2a: Azumarill|Water\n|move|p1a: Wigglytuff|Wish|p1a: Wigglytuff\n|move|p2a: Azumarill|Liquidation|p1a: Wigglytuff\n|-damage|p1a: Wigglytuff|150/424\n|-unboost|p1a: Wigglytuff|def|1\n|-ability|p1a: Wigglytuff|Competitive|boost\n|-boost|p1a: Wigglytuff|spa|2\n|\n|-heal|p1a: Wigglytuff|176/424|[from] item: Leftovers\n|upkeep\n|turn|11\n|\n|t:|1781377458\n|move|p1a: Wigglytuff|Alluring Voice|p2a: Azumarill\n|-damage|p2a: Azumarill|79/298\n|move|p2a: Azumarill|Liquidation|p1a: Wigglytuff\n|-damage|p1a: Wigglytuff|0 fnt\n|faint|p1a: Wigglytuff\n|\n|upkeep\n|\n|t:|1781377464\n|switch|p1a: Clawitzer|Clawitzer, L87, F|19/265\n|turn|12\n|\n|t:|1781377473\n|switch|p2a: Mienshao|Mienshao, L83, F|244/244\n|move|p1a: Clawitzer|Aura Sphere|p2a: Mienshao\n|-damage|p2a: Mienshao|28/244\n|\n|upkeep\n|turn|13\n|\n|t:|1781377490\n|switch|p1a: Noctowl|Noctowl, L95, F|344/344\n|move|p2a: Mienshao|Poison Jab|p1a: Noctowl\n|-damage|p1a: Noctowl|228/344\n|-status|p1a: Noctowl|psn\n|-damage|p2a: Mienshao|4/244|[from] item: Life Orb\n|\n|-damage|p1a: Noctowl|185/344 psn|[from] psn\n|upkeep\n|turn|14\n|\n|t:|1781377499\n|move|p2a: Mienshao|Close Combat|p1a: Noctowl\n|-damage|p1a: Noctowl|0 fnt\n|-unboost|p2a: Mienshao|def|1\n|-unboost|p2a: Mienshao|spd|1\n|faint|p1a: Noctowl\n|-damage|p2a: Mienshao|0 fnt|[from] item: Life Orb\n|faint|p2a: Mienshao\n|\n|upkeep\n|\n|t:|1781377506\n|switch|p2a: Azumarill|Azumarill, L82, F, tera:Water|79/298\n|switch|p1a: Clawitzer|Clawitzer, L87, F|19/265\n|turn|15\n|\n|t:|1781377518\n|move|p2a: Azumarill|Aqua Jet|p1a: Clawitzer\n|-resisted|p1a: Clawitzer\n|-damage|p1a: Clawitzer|0 fnt\n|faint|p1a: Clawitzer\n|\n|upkeep\n|\n|t:|1781377521\n|switch|p1a: Florges|Florges-White, L85, F|271/271\n|turn|16\n|\n|t:|1781377533\n|switch|p2a: Hippowdon|Hippowdon, L82, M|311/311\n|-weather|Sandstorm|[from] ability: Sand Stream|[of] p2a: Hippowdon\n|move|p1a: Florges|Moonblast|p2a: Hippowdon\n|-damage|p2a: Hippowdon|173/311\n|\n|-weather|Sandstorm|[upkeep]\n|-damage|p1a: Florges|255/271|[from] Sandstorm\n|-heal|p1a: Florges|271/271|[from] item: Leftovers\n|-heal|p2a: Hippowdon|192/311|[from] item: Leftovers\n|upkeep\n|turn|17\n|\n|t:|1781377544\n|move|p1a: Florges|Moonblast|p2a: Hippowdon\n|-damage|p2a: Hippowdon|62/311\n|move|p2a: Hippowdon|Earthquake|p1a: Florges\n|-damage|p1a: Florges|141/271\n|\n|-weather|Sandstorm|[upkeep]\n|-damage|p1a: Florges|125/271|[from] Sandstorm\n|-heal|p1a: Florges|141/271|[from] item: Leftovers\n|-heal|p2a: Hippowdon|81/311|[from] item: Leftovers\n|upkeep\n|turn|18\n|\n|t:|1781377550\n|move|p1a: Florges|Moonblast|p2a: Hippowdon\n|-damage|p2a: Hippowdon|0 fnt\n|faint|p2a: Hippowdon\n|\n|-weather|Sandstorm|[upkeep]\n|-damage|p1a: Florges|125/271|[from] Sandstorm\n|-heal|p1a: Florges|141/271|[from] item: Leftovers\n|upkeep\n|\n|t:|1781377563\n|switch|p2a: Dragapult|Dragapult, L77, M|262/262\n|turn|19\n|\n|t:|1781377590\n|move|p2a: Dragapult|Hex|p1a: Florges\n|-damage|p1a: Florges|102/271\n|move|p1a: Florges|Moonblast|p2a: Dragapult\n|-supereffective|p2a: Dragapult\n|-damage|p2a: Dragapult|0 fnt\n|faint|p2a: Dragapult\n|\n|-weather|Sandstorm|[upkeep]\n|-damage|p1a: Florges|86/271|[from] Sandstorm\n|-heal|p1a: Florges|102/271|[from] item: Leftovers\n|upkeep\n|\n|t:|1781377595\n|switch|p2a: Azumarill|Azumarill, L82, F, tera:Water|79/298\n|turn|20\n|\n|t:|1781377599\n|move|p2a: Azumarill|Aqua Jet|p1a: Florges\n|-damage|p1a: Florges|0 fnt\n|faint|p1a: Florges\n|\n|-weather|none\n|upkeep\n|\n|t:|1781377603\n|switch|p1a: Chi-Yu|Chi-Yu, L77|211/211\n|-ability|p1a: Chi-Yu|Beads of Ruin\n|turn|21\n|\n|t:|1781377614\n|move|p2a: Azumarill|Aqua Jet|p1a: Chi-Yu\n|-supereffective|p1a: Chi-Yu\n|-damage|p1a: Chi-Yu|0 fnt\n|faint|p1a: Chi-Yu\n|\n|win|UncleKrack\n|raw|DustyHey1's rating: 1506 &rarr; <strong>1486</strong><br />(-20 for losing)\n|raw|UncleKrack's rating: 1512 &rarr; <strong>1532</strong><br />(+20 for winning)\n", "uploadtime": 1781377614, "views": 6, "formatid": "gen9randombattle", "rating": 1486, "private": 0, "password": null}