{"id": "gen9randombattle-2631578881", "format": "[Gen 9] Random Battle", "players": ["soap_trusted_you", "zsmith544"], "log": "|j|\u2606soap_trusted_you\n|j|\u2606zsmith544\n|t:|1781403926\n|gametype|singles\n|player|p1|soap_trusted_you|roughneck|1915\n|player|p2|zsmith544|266|2003\n|gen|9\n|tier|[Gen 9] Random Battle\n|rated|\n|rule|Species Clause: Limit one of each Pok\u00e9mon\n|rule|HP Percentage Mod: HP is shown in percentages\n|rule|Sleep Clause Mod: Limit one foe put to sleep\n|rule|Illusion Level Mod: Illusion disguises the Pok\u00e9mon's true level\n|\n|t:|1781403926\n|teamsize|p1|6\n|teamsize|p2|6\n|start\n|switch|p1a: Forretress|Forretress, L84, F|263/263\n|switch|p2a: Vivillon|Vivillon-Archipelago, L83, F|268/268\n|turn|1\n|inactive|Battle timer is ON: inactive players will automatically lose when time's up. (requested by zsmith544)\n|inactive|soap_trusted_you also wants the timer to be on.\n|\n|t:|1781403940\n|switch|p1a: Jumpluff|Jumpluff, L87, F|271/271\n|move|p2a: Vivillon|Sleep Powder|p1a: Jumpluff\n|-immune|p1a: Jumpluff\n|\n|upkeep\n|turn|2\n|\n|t:|1781403958\n|switch|p2a: Pincurchin|Pincurchin, F|258/258\n|-fieldstart|move: Electric Terrain|[from] ability: Electric Surge|[of] p2a: Pincurchin\n|move|p1a: Jumpluff|Sleep Powder|p2a: Pincurchin\n|-activate|p2a: Pincurchin|move: Electric Terrain\n|\n|upkeep\n|turn|3\n|\n|t:|1781403985\n|switch|p1a: Swalot|Swalot, L90, M|326/326\n|move|p2a: Pincurchin|Curse|p2a: Pincurchin\n|-unboost|p2a: Pincurchin|spe|1\n|-boost|p2a: Pincurchin|atk|1\n|-boost|p2a: Pincurchin|def|1\n|\n|upkeep\n|turn|4\n|\n|t:|1781403993\n|move|p1a: Swalot|Clear Smog|p2a: Pincurchin\n|-damage|p2a: Pincurchin|215/258\n|-clearboost|p2a: Pincurchin\n|move|p2a: Pincurchin|Zing Zap|p1a: Swalot\n|-damage|p1a: Swalot|166/326\n|\n|-heal|p1a: Swalot|186/326|[from] item: Leftovers\n|-heal|p2a: Pincurchin|231/258|[from] item: Leftovers\n|upkeep\n|turn|5\n|\n|t:|1781404004\n|switch|p2a: Eelektross|Eelektross, L87, M|290/290\n|move|p1a: Swalot|Sludge Bomb|p2a: Eelektross\n|-damage|p2a: Eelektross|200/290\n|-status|p2a: Eelektross|psn\n|\n|-heal|p1a: Swalot|206/326|[from] item: Leftovers\n|-heal|p2a: Eelektross|218/290 psn|[from] item: Leftovers\n|-damage|p2a: Eelektross|182/290 psn|[from] psn\n|upkeep\n|turn|6\n|\n|t:|1781404019\n|move|p1a: Swalot|Toxic Spikes|p2a: Eelektross\n|-sidestart|p2: zsmith544|move: Toxic Spikes\n|move|p2a: Eelektross|Supercell Slam|p1a: Swalot\n|-damage|p1a: Swalot|70/326\n|\n|-heal|p1a: Swalot|90/326|[from] item: Leftovers\n|-heal|p2a: Eelektross|200/290 psn|[from] item: Leftovers\n|-damage|p2a: Eelektross|164/290 psn|[from] psn\n|-fieldend|move: Electric Terrain\n|upkeep\n|turn|7\n|\n|t:|1781404032\n|switch|p2a: Pincurchin|Pincurchin, F|231/258\n|-status|p2a: Pincurchin|psn\n|-fieldstart|move: Electric Terrain|[from] ability: Electric Surge|[of] p2a: Pincurchin\n|move|p1a: Swalot|Toxic Spikes|p2a: Pincurchin\n|-sidestart|p2: zsmith544|move: Toxic Spikes\n|\n|-heal|p1a: Swalot|110/326|[from] item: Leftovers\n|-heal|p2a: Pincurchin|247/258 psn|[from] item: Leftovers\n|-damage|p2a: Pincurchin|215/258 psn|[from] psn\n|upkeep\n|turn|8\n|\n|t:|1781404044\n|move|p1a: Swalot|Sludge Bomb|p2a: Pincurchin\n|-damage|p2a: Pincurchin|133/258 psn\n|move|p2a: Pincurchin|Zing Zap|p1a: Swalot\n|-damage|p1a: Swalot|0 fnt\n|faint|p1a: Swalot\n|\n|-heal|p2a: Pincurchin|149/258 psn|[from] item: Leftovers\n|-damage|p2a: Pincurchin|117/258 psn|[from] psn\n|upkeep\n|\n|t:|1781404053\n|switch|p1a: Chi-Yu|Chi-Yu, L77|211/211\n|-ability|p1a: Chi-Yu|Beads of Ruin\n|turn|9\n|\n|t:|1781404067\n|move|p1a: Chi-Yu|Flamethrower|p2a: Pincurchin\n|-damage|p2a: Pincurchin|0 fnt\n|faint|p2a: Pincurchin\n|\n|upkeep\n|\n|t:|1781404087\n|switch|p2a: Eelektross|Eelektross, L87, M|164/290 psn\n|turn|10\n|\n|t:|1781404094\n|move|p1a: Chi-Yu|Flamethrower|p2a: Eelektross\n|-damage|p2a: Eelektross|0 fnt\n|faint|p2a: Eelektross\n|\n|upkeep\n|\n|t:|1781404110\n|switch|p2a: Glimmora|Glimmora, L75, M|248/248\n|-sideend|p2: zsmith544|move: Toxic Spikes|[of] p2a: Glimmora\n|turn|11\n|\n|t:|1781404125\n|switch|p1a: Okidogi|Okidogi, L77, M|262/262\n|move|p2a: Glimmora|Earth Power|p1a: Okidogi\n|-supereffective|p1a: Okidogi\n|-damage|p1a: Okidogi|160/262\n|\n|-fieldend|move: Electric Terrain\n|upkeep\n|turn|12\n|\n|t:|1781404134\n|move|p2a: Glimmora|Stealth Rock|p1a: Okidogi\n|-sidestart|p1: soap_trusted_you|move: Stealth Rock\n|move|p1a: Okidogi|Psychic Fangs|p2a: Glimmora\n|-supereffective|p2a: Glimmora\n|-damage|p2a: Glimmora|104/248\n|-activate|p2a: Glimmora|ability: Toxic Debris\n|-sidestart|p1: soap_trusted_you|move: Toxic Spikes\n|\n|upkeep\n|turn|13\n|\n|t:|1781404145\n|move|p2a: Glimmora|Earth Power|p1a: Okidogi\n|-supereffective|p1a: Okidogi\n|-damage|p1a: Okidogi|62/262\n|move|p1a: Okidogi|Psychic Fangs|p2a: Glimmora\n|-supereffective|p2a: Glimmora\n|-damage|p2a: Glimmora|0 fnt\n|-activate|p2a: Glimmora|ability: Toxic Debris\n|-sidestart|p1: soap_trusted_you|move: Toxic Spikes\n|faint|p2a: Glimmora\n|\n|upkeep\n|\n|t:|1781404170\n|switch|p2a: Haxorus|Haxorus, L77, F|244/244\n|-ability|p2a: Haxorus|Mold Breaker\n|turn|14\n|\n|t:|1781404182\n|move|p2a: Haxorus|Scale Shot|p1a: Okidogi\n|-damage|p1a: Okidogi|32/262\n|-damage|p1a: Okidogi|4/262\n|-damage|p1a: Okidogi|0 fnt\n|faint|p1a: Okidogi\n|-hitcount|p1: Okidogi|3\n|-unboost|p2a: Haxorus|def|1\n|-boost|p2a: Haxorus|spe|1\n|\n|upkeep\n|\n|t:|1781404186\n|switch|p1a: Forretress|Forretress, L84, F|263/263\n|-damage|p1a: Forretress|231/263|[from] Stealth Rock\n|turn|15\n|\n|t:|1781404199\n|move|p2a: Haxorus|Swords Dance|p2a: Haxorus\n|-boost|p2a: Haxorus|atk|2\n|move|p1a: Forretress|Rapid Spin|p2a: Haxorus\n|-damage|p2a: Haxorus|189/244\n|-boost|p1a: Forretress|spe|1\n|-sideend|p1: soap_trusted_you|Toxic Spikes|[from] move: Rapid Spin|[of] p1a: Forretress\n|-sideend|p1: soap_trusted_you|Stealth Rock|[from] move: Rapid Spin|[of] p1a: Forretress\n|\n|-heal|p1a: Forretress|247/263|[from] item: Leftovers\n|upkeep\n|turn|16\n|\n|t:|1781404209\n|move|p2a: Haxorus|Earthquake|p1a: Forretress\n|-damage|p1a: Forretress|141/263\n|move|p1a: Forretress|Iron Head|p2a: Haxorus\n|-damage|p2a: Haxorus|71/244\n|\n|-heal|p1a: Forretress|157/263|[from] item: Leftovers\n|upkeep\n|turn|17\n|inactive|zsmith544 has 120 seconds left.\n|\n|t:|1781404233\n|-terastallize|p2a: Haxorus|Steel\n|move|p2a: Haxorus|Earthquake|p1a: Forretress\n|-damage|p1a: Forretress|41/263\n|move|p1a: Forretress|Iron Head|p2a: Haxorus\n|-resisted|p2a: Haxorus\n|-damage|p2a: Haxorus|6/244\n|\n|-heal|p1a: Forretress|57/263|[from] item: Leftovers\n|upkeep\n|turn|18\n|\n|t:|1781404249\n|switch|p1a: Mismagius|Mismagius, L86, F|243/243\n|move|p2a: Haxorus|Earthquake|p1a: Mismagius\n|-damage|p1a: Mismagius|16/243\n|\n|upkeep\n|turn|19\n|\n|t:|1781404258\n|move|p2a: Haxorus|Earthquake|p1a: Mismagius\n|-damage|p1a: Mismagius|0 fnt\n|faint|p1a: Mismagius\n|\n|upkeep\n|\n|t:|1781404263\n|switch|p1a: Jumpluff|Jumpluff, L87, F|271/271\n|turn|20\n|\n|t:|1781404270\n|move|p2a: Haxorus|Iron Head|p1a: Jumpluff\n|-damage|p1a: Jumpluff|42/271\n|cant|p1a: Jumpluff|flinch\n|\n|upkeep\n|turn|21\n|\n|t:|1781404279\n|move|p2a: Haxorus|Iron Head|p1a: Jumpluff\n|-damage|p1a: Jumpluff|0 fnt\n|faint|p1a: Jumpluff\n|\n|upkeep\n|-message|soap_trusted_you forfeited.\n|\n|win|zsmith544\n", "uploadtime": 1781403928, "views": 3, "formatid": "gen9randombattle", "rating": null, "private": 0, "password": null}