{"id": "gen9randombattle-2631409446", "format": "[Gen 9] Random Battle", "players": ["TheBoy83", "boxhero147"], "log": "|j|\u2606TheBoy83\n|j|\u2606boxhero147\n|t:|1781381190\n|gametype|singles\n|player|p1|TheBoy83|miku-ghost|2164\n|player|p2|boxhero147|169|2103\n|gen|9\n|tier|[Gen 9] Random Battle\n|rated|\n|rule|Species Clause: Limit one of each Pok\u00e9mon\n|rule|HP Percentage Mod: HP is shown in percentages\n|rule|Sleep Clause Mod: Limit one foe put to sleep\n|rule|Illusion Level Mod: Illusion disguises the Pok\u00e9mon's true level\n|\n|t:|1781381190\n|teamsize|p1|6\n|teamsize|p2|6\n|start\n|switch|p1a: Wyrdeer|Wyrdeer, L87, F|321/321\n|switch|p2a: Poliwrath|Poliwrath, L88, F|302/302\n|-ability|p1a: Wyrdeer|Intimidate|boost\n|-unboost|p2a: Poliwrath|atk|1\n|turn|1\n|\n|t:|1781381214\n|switch|p2a: Gardevoir|Gardevoir, L83, M|249/249\n|-ability|p2a: Gardevoir|Intimidate|Trace|[from] ability: Trace|[of] p1a: Wyrdeer\n|-ability|p2a: Gardevoir|Intimidate|boost\n|-unboost|p1a: Wyrdeer|atk|1\n|move|p1a: Wyrdeer|Body Slam|p2a: Gardevoir\n|-damage|p2a: Gardevoir|164/249\n|-status|p2a: Gardevoir|par\n|\n|upkeep\n|turn|2\n|\n|t:|1781381227\n|move|p1a: Wyrdeer|Body Slam|p2a: Gardevoir\n|-damage|p2a: Gardevoir|83/249 par\n|cant|p2a: Gardevoir|par\n|\n|upkeep\n|turn|3\n|\n|t:|1781381237\n|move|p1a: Wyrdeer|Body Slam|p2a: Gardevoir\n|-damage|p2a: Gardevoir|0 fnt\n|faint|p2a: Gardevoir\n|\n|upkeep\n|\n|t:|1781381244\n|switch|p2a: Inteleon|Inteleon, L81, F|246/246\n|turn|4\n|\n|t:|1781381258\n|move|p2a: Inteleon|Scald|p1a: Wyrdeer\n|-damage|p1a: Wyrdeer|212/321\n|move|p1a: Wyrdeer|Body Slam|p2a: Inteleon\n|-damage|p2a: Inteleon|164/246\n|-status|p2a: Inteleon|par\n|\n|upkeep\n|turn|5\n|-message|boxhero147 forfeited.\n|\n|win|TheBoy83\n", "uploadtime": 1781381192, "views": 10, "formatid": "gen9randombattle", "rating": null, "private": 0, "password": null}