{"id": "gen9randombattle-2631548949", "format": "[Gen 9] Random Battle", "players": ["ukilez012", "hotdragon20"], "log": "|j|\u2606ukilez012\n|j|\u2606hotdragon20\n|t:|1781399821\n|gametype|singles\n|player|p1|ukilez012|170|2123\n|player|p2|hotdragon20|170|2048\n|gen|9\n|tier|[Gen 9] Random Battle\n|rated|\n|rule|Species Clause: Limit one of each Pok\u00e9mon\n|rule|HP Percentage Mod: HP is shown in percentages\n|rule|Sleep Clause Mod: Limit one foe put to sleep\n|rule|Illusion Level Mod: Illusion disguises the Pok\u00e9mon's true level\n|\n|t:|1781399821\n|teamsize|p1|6\n|teamsize|p2|6\n|start\n|switch|p1a: Iron Boulder|Iron Boulder, L77|265/265\n|switch|p2a: Delphox|Delphox, L84, M|263/263\n|turn|1\n|inactive|Battle timer is ON: inactive players will automatically lose when time's up. (requested by ukilez012)\n|\n|t:|1781399839\n|switch|p2a: Leafeon|Leafeon, L88, M|258/258\n|move|p1a: Iron Boulder|Mighty Cleave|p2a: Leafeon\n|-damage|p2a: Leafeon|163/258\n|-damage|p1a: Iron Boulder|239/265|[from] item: Life Orb\n|\n|upkeep\n|turn|2\n|\n|t:|1781399856\n|move|p1a: Iron Boulder|Close Combat|p2a: Leafeon\n|-damage|p2a: Leafeon|84/258\n|-unboost|p1a: Iron Boulder|def|1\n|-unboost|p1a: Iron Boulder|spd|1\n|-damage|p1a: Iron Boulder|213/265|[from] item: Life Orb\n|move|p2a: Leafeon|Leaf Blade|p1a: Iron Boulder\n|-supereffective|p1a: Iron Boulder\n|-damage|p1a: Iron Boulder|0 fnt\n|faint|p1a: Iron Boulder\n|-end|p1a: Iron Boulder|Quark Drive|[silent]\n|-damage|p2a: Leafeon|59/258|[from] item: Life Orb\n|\n|upkeep\n|\n|t:|1781399864\n|switch|p1a: Spiritomb|Spiritomb, L89, F|234/234\n|turn|3\n|\n|t:|1781399883\n|switch|p2a: Swampert|Swampert, L83, F|302/302\n|move|p1a: Spiritomb|Shadow Sneak|p2a: Swampert\n|-damage|p2a: Swampert|260/302\n|\n|-heal|p2a: Swampert|278/302|[from] item: Leftovers\n|upkeep\n|turn|4\n|\n|t:|1781399888\n|move|p1a: Spiritomb|Poltergeist|p2a: Swampert\n|-activate|p2a: Swampert|move: Poltergeist|Leftovers\n|-damage|p2a: Swampert|155/302\n|move|p2a: Swampert|Roar|p1a: Spiritomb\n|drag|p1a: Politoed|Politoed, L88, F|302/302\n|-weather|RainDance|[from] ability: Drizzle|[of] p1a: Politoed\n|\n|-weather|RainDance|[upkeep]\n|-heal|p2a: Swampert|173/302|[from] item: Leftovers\n|upkeep\n|turn|5\n|\n|t:|1781399894\n|move|p1a: Politoed|Weather Ball|p2a: Swampert\n|-damage|p2a: Swampert|0 fnt\n|faint|p2a: Swampert\n|\n|-weather|RainDance|[upkeep]\n|upkeep\n|\n|t:|1781399898\n|switch|p2a: Abomasnow|Abomasnow, L84, M|287/287\n|-weather|Snowscape|[from] ability: Snow Warning|[of] p2a: Abomasnow\n|turn|6\n|\n|t:|1781399910\n|switch|p1a: Spiritomb|Spiritomb, L89, F|234/234\n|move|p2a: Abomasnow|Aurora Veil|p2a: Abomasnow\n|-sidestart|p2: hotdragon20|move: Aurora Veil\n|\n|-weather|Snowscape|[upkeep]\n|upkeep\n|turn|7\n|\n|t:|1781399919\n|move|p2a: Abomasnow|Blizzard|p1a: Spiritomb\n|-damage|p1a: Spiritomb|150/234\n|move|p1a: Spiritomb|Toxic|p2a: Abomasnow\n|-status|p2a: Abomasnow|tox\n|\n|-weather|Snowscape|[upkeep]\n|-heal|p1a: Spiritomb|164/234|[from] item: Leftovers\n|-damage|p2a: Abomasnow|270/287 tox|[from] psn\n|upkeep\n|turn|8\n|\n|t:|1781399931\n|switch|p2a: Chandelure|Chandelure, L83, M|235/235\n|move|p1a: Spiritomb|Poltergeist|p2a: Chandelure\n|-activate|p2a: Chandelure|move: Poltergeist|Choice Scarf\n|-supereffective|p2a: Chandelure\n|-damage|p2a: Chandelure|0 fnt\n|faint|p2a: Chandelure\n|\n|-weather|Snowscape|[upkeep]\n|-heal|p1a: Spiritomb|178/234|[from] item: Leftovers\n|upkeep\n|\n|t:|1781399934\n|switch|p2a: Regidrago|Regidrago, L77|435/435\n|turn|9\n|\n|t:|1781399945\n|move|p2a: Regidrago|Dragon Dance|p2a: Regidrago\n|-boost|p2a: Regidrago|atk|1\n|-boost|p2a: Regidrago|spe|1\n|move|p1a: Spiritomb|Poltergeist|p2a: Regidrago\n|-activate|p2a: Regidrago|move: Poltergeist|Lum Berry\n|-damage|p2a: Regidrago|246/435\n|\n|-weather|Snowscape|[upkeep]\n|-heal|p1a: Spiritomb|192/234|[from] item: Leftovers\n|upkeep\n|turn|10\n|\n|t:|1781399953\n|-terastallize|p2a: Regidrago|Dragon\n|move|p2a: Regidrago|Draco Meteor|p1a: Spiritomb\n|-damage|p1a: Spiritomb|16/234\n|-unboost|p2a: Regidrago|spa|2\n|move|p1a: Spiritomb|Poltergeist|p2a: Regidrago\n|-activate|p2a: Regidrago|move: Poltergeist|Lum Berry\n|-damage|p2a: Regidrago|38/435\n|\n|-weather|none\n|-heal|p1a: Spiritomb|30/234|[from] item: Leftovers\n|upkeep\n|turn|11\n|\n|t:|1781399964\n|switch|p2a: Abomasnow|Abomasnow, L84, M|270/287 tox\n|-weather|Snowscape|[from] ability: Snow Warning|[of] p2a: Abomasnow\n|move|p1a: Spiritomb|Shadow Sneak|p2a: Abomasnow\n|-damage|p2a: Abomasnow|236/287 tox\n|\n|-weather|Snowscape|[upkeep]\n|-heal|p1a: Spiritomb|44/234|[from] item: Leftovers\n|-damage|p2a: Abomasnow|219/287 tox|[from] psn\n|upkeep\n|turn|12\n|\n|t:|1781399968\n|switch|p1a: Glaceon|Glaceon, L94, F|275/275\n|move|p2a: Abomasnow|Blizzard|p1a: Glaceon\n|-resisted|p1a: Glaceon\n|-damage|p1a: Glaceon|229/275\n|\n|-weather|Snowscape|[upkeep]\n|-heal|p1a: Glaceon|246/275|[from] ability: Ice Body\n|-damage|p2a: Abomasnow|185/287 tox|[from] psn\n|upkeep\n|turn|13\n|\n|t:|1781399982\n|move|p1a: Glaceon|Wish|p1a: Glaceon\n|move|p2a: Abomasnow|Wood Hammer|p1a: Glaceon\n|-damage|p1a: Glaceon|183/275\n|-damage|p2a: Abomasnow|164/287 tox|[from] Recoil\n|\n|-weather|Snowscape|[upkeep]\n|-heal|p1a: Glaceon|200/275|[from] ability: Ice Body\n|-damage|p2a: Abomasnow|113/287 tox|[from] psn\n|-sideend|p2: hotdragon20|move: Aurora Veil\n|upkeep\n|turn|14\n|\n|t:|1781399986\n|move|p1a: Glaceon|Freeze-Dry|p2a: Abomasnow\n|-damage|p2a: Abomasnow|0 fnt\n|faint|p2a: Abomasnow\n|\n|-weather|Snowscape|[upkeep]\n|-heal|p1a: Glaceon|217/275|[from] ability: Ice Body\n|-heal|p1a: Glaceon|275/275|[from] move: Wish|[wisher] Glaceon\n|upkeep\n|\n|t:|1781399990\n|switch|p2a: Delphox|Delphox, L84, M|263/263\n|turn|15\n|\n|t:|1781400005\n|move|p2a: Delphox|Nasty Plot|p2a: Delphox\n|-boost|p2a: Delphox|spa|2\n|move|p1a: Glaceon|Mud Shot|p2a: Delphox\n|-supereffective|p2a: Delphox\n|-damage|p2a: Delphox|151/263\n|-unboost|p2a: Delphox|spe|1\n|\n|-weather|none\n|upkeep\n|turn|16\n|-message|hotdragon20 forfeited.\n|\n|win|ukilez012\n", "uploadtime": 1781399824, "views": 3, "formatid": "gen9randombattle", "rating": null, "private": 0, "password": null}