{"id": "gen9randombattle-2631782970", "format": "[Gen 9] Random Battle", "players": ["Daruma", "Crysys1"], "log": "|j|\u2606Daruma\n|j|\u2606Crysys1\n|t:|1781438954\n|gametype|singles\n|player|p1|Daruma|#ruplixsleekslushrushers|2194\n|player|p2|Crysys1|265|2235\n|gen|9\n|tier|[Gen 9] Random Battle\n|rated|\n|rule|Species Clause: Limit one of each Pok\u00e9mon\n|rule|HP Percentage Mod: HP is shown in percentages\n|rule|Sleep Clause Mod: Limit one foe put to sleep\n|rule|Illusion Level Mod: Illusion disguises the Pok\u00e9mon's true level\n|\n|t:|1781438954\n|teamsize|p1|6\n|teamsize|p2|6\n|start\n|switch|p1a: Iron Thorns|Iron Thorns, L83|302/302\n|switch|p2a: Floatzel|Floatzel, L86, F|286/286\n|turn|1\n|inactive|Battle timer is ON: inactive players will automatically lose when time's up. (requested by Daruma)\n|\n|t:|1781438973\n|-end|p1a: Iron Thorns|Quark Drive|[silent]\n|switch|p1a: Hydrapple|Hydrapple, L83, F|312/312\n|move|p2a: Floatzel|Wave Crash|p1a: Hydrapple\n|-resisted|p1a: Hydrapple\n|-crit|p1a: Hydrapple\n|-damage|p1a: Hydrapple|248/312\n|-damage|p2a: Floatzel|265/286|[from] Recoil\n|\n|upkeep\n|turn|2\n|\n|t:|1781438981\n|switch|p2a: Calyrex|Calyrex, L93|337/337\n|-ability|p2a: Calyrex|Unnerve\n|switch|p1a: Sandy Shocks|Sandy Shocks, L80|267/267\n|\n|upkeep\n|turn|3\n|\n|t:|1781438986\n|move|p1a: Sandy Shocks|Spikes|p2a: Calyrex\n|-sidestart|p2: Crysys1|Spikes\n|move|p2a: Calyrex|Calm Mind|p2a: Calyrex\n|-boost|p2a: Calyrex|spa|1\n|-boost|p2a: Calyrex|spd|1\n|\n|upkeep\n|turn|4\n|\n|t:|1781438989\n|-end|p1a: Sandy Shocks|Protosynthesis|[silent]\n|switch|p1a: Hydrapple|Hydrapple, L83, F|312/312\n|move|p2a: Calyrex|Giga Drain|p1a: Hydrapple\n|-resisted|p1a: Hydrapple\n|-damage|p1a: Hydrapple|288/312\n|\n|upkeep\n|turn|5\n|\n|t:|1781438993\n|move|p2a: Calyrex|Psychic|p1a: Hydrapple\n|-damage|p1a: Hydrapple|174/312\n|move|p1a: Hydrapple|Dragon Tail|p2a: Calyrex\n|-damage|p2a: Calyrex|282/337\n|drag|p2a: Great Tusk|Great Tusk, L77|304/304\n|-damage|p2a: Great Tusk|266/304|[from] Spikes\n|-enditem|p2a: Great Tusk|Booster Energy\n|-activate|p2a: Great Tusk|ability: Protosynthesis|[fromitem]\n|-start|p2a: Great Tusk|protosynthesisatk\n|\n|upkeep\n|turn|6\n|\n|t:|1781439002\n|-end|p2a: Great Tusk|Protosynthesis|[silent]\n|switch|p2a: Calyrex|Calyrex, L93|282/337\n|-ability|p2a: Calyrex|Unnerve\n|-damage|p2a: Calyrex|240/337|[from] Spikes\n|switch|p1a: Gengar|Gengar, L81, F|230/230\n|\n|-heal|p2a: Calyrex|261/337|[from] item: Leftovers\n|upkeep\n|turn|7\n|\n|t:|1781439013\n|switch|p1a: Hydrapple|Hydrapple, L83, F|278/312\n|-terastallize|p2a: Calyrex|Steel\n|move|p2a: Calyrex|Psychic|p1a: Hydrapple\n|-damage|p1a: Hydrapple|197/312\n|\n|-heal|p2a: Calyrex|282/337|[from] item: Leftovers\n|upkeep\n|turn|8\n|\n|t:|1781439018\n|move|p2a: Calyrex|Calm Mind|p2a: Calyrex\n|-boost|p2a: Calyrex|spa|1\n|-boost|p2a: Calyrex|spd|1\n|move|p1a: Hydrapple|Dragon Tail|p2a: Calyrex\n|-resisted|p2a: Calyrex\n|-damage|p2a: Calyrex|258/337\n|drag|p2a: Swanna|Swanna, L89, F|278/278\n|\n|upkeep\n|turn|9\n|\n|t:|1781439031\n|switch|p1a: Iron Thorns|Iron Thorns, L83|302/302\n|move|p2a: Swanna|Hydro Pump|p1a: Iron Thorns\n|-supereffective|p1a: Iron Thorns\n|-damage|p1a: Iron Thorns|138/302\n|\n|upkeep\n|turn|10\n|inactive|Crysys1 has 120 seconds left.\n|\n|t:|1781439064\n|-end|p1a: Iron Thorns|Quark Drive|[silent]\n|switch|p1a: Hydrapple|Hydrapple, L83, F|301/312\n|move|p2a: Swanna|Hydro Pump|p1a: Hydrapple\n|-resisted|p1a: Hydrapple\n|-damage|p1a: Hydrapple|279/312\n|\n|upkeep\n|turn|11\n|\n|t:|1781439072\n|move|p2a: Swanna|Brave Bird|p1a: Hydrapple\n|-supereffective|p1a: Hydrapple\n|-damage|p1a: Hydrapple|43/312\n|-damage|p2a: Swanna|200/278|[from] Recoil\n|move|p1a: Hydrapple|Leaf Storm|p2a: Swanna\n|-damage|p2a: Swanna|17/278\n|-unboost|p1a: Hydrapple|spa|2\n|\n|upkeep\n|turn|12\n|\n|t:|1781439077\n|move|p2a: Swanna|Roost|p2a: Swanna\n|-heal|p2a: Swanna|156/278\n|-singleturn|p2a: Swanna|move: Roost\n|move|p1a: Hydrapple|Leaf Storm|p2a: Swanna\n|-supereffective|p2a: Swanna\n|-damage|p2a: Swanna|0 fnt\n|-unboost|p1a: Hydrapple|spa|2\n|faint|p2a: Swanna\n|\n|upkeep\n|\n|t:|1781439091\n|switch|p2a: Gardevoir|Gardevoir, L83, M|249/249\n|-damage|p2a: Gardevoir|218/249|[from] Spikes\n|-ability|p2a: Gardevoir|Regenerator|Trace|[from] ability: Trace|[of] p1a: Hydrapple\n|turn|13\n|\n|t:|1781439095\n|switch|p1a: Iron Thorns|Iron Thorns, L83|138/302\n|move|p2a: Gardevoir|Psyshock|p1a: Iron Thorns\n|-damage|p1a: Iron Thorns|51/302\n|\n|upkeep\n|turn|14\n|\n|t:|1781439100\n|-end|p1a: Iron Thorns|Quark Drive|[silent]\n|switch|p1a: Gengar|Gengar, L81, F|230/230\n|move|p2a: Gardevoir|Psyshock|p1a: Gengar\n|-supereffective|p1a: Gengar\n|-damage|p1a: Gengar|0 fnt\n|faint|p1a: Gengar\n|\n|upkeep\n|\n|t:|1781439128\n|switch|p1a: Sandy Shocks|Sandy Shocks, L80|267/267\n|turn|15\n|\n|t:|1781439133\n|move|p2a: Gardevoir|Psyshock|p1a: Sandy Shocks\n|-damage|p1a: Sandy Shocks|170/267\n|move|p1a: Sandy Shocks|Spikes|p2a: Gardevoir\n|-sidestart|p2: Crysys1|Spikes\n|\n|upkeep\n|turn|16\n|j| afdasfafafdsaf\n|l| afdasfafafdsaf\n|\n|t:|1781439155\n|move|p2a: Gardevoir|Psyshock|p1a: Sandy Shocks\n|-damage|p1a: Sandy Shocks|74/267\n|move|p1a: Sandy Shocks|Spikes|p2a: Gardevoir\n|-sidestart|p2: Crysys1|Spikes\n|\n|upkeep\n|turn|17\n|inactive|Crysys1 has 120 seconds left.\n|\n|t:|1781439185\n|move|p2a: Gardevoir|Psyshock|p1a: Sandy Shocks\n|-damage|p1a: Sandy Shocks|0 fnt\n|faint|p1a: Sandy Shocks\n|-end|p1a: Sandy Shocks|Protosynthesis|[silent]\n|\n|upkeep\n|\n|t:|1781439188\n|switch|p1a: Smeargle|Smeargle, L95, F|258/258\n|turn|18\n|\n|t:|1781439194\n|switch|p2a: Calyrex|Calyrex, L93, tera:Steel|258/337\n|-ability|p2a: Calyrex|Unnerve\n|-damage|p2a: Calyrex|174/337|[from] Spikes\n|move|p1a: Smeargle|Shell Smash|p1a: Smeargle\n|-unboost|p1a: Smeargle|def|1\n|-unboost|p1a: Smeargle|spd|1\n|-boost|p1a: Smeargle|atk|2\n|-boost|p1a: Smeargle|spa|2\n|-boost|p1a: Smeargle|spe|2\n|\n|-heal|p2a: Calyrex|195/337|[from] item: Leftovers\n|upkeep\n|turn|19\n|\n|t:|1781439209\n|-terastallize|p1a: Smeargle|Normal\n|move|p1a: Smeargle|Population Bomb|p2a: Calyrex\n|-resisted|p2a: Calyrex\n|-damage|p2a: Calyrex|173/337\n|-resisted|p2a: Calyrex\n|-damage|p2a: Calyrex|151/337\n|-resisted|p2a: Calyrex\n|-damage|p2a: Calyrex|130/337\n|-resisted|p2a: Calyrex\n|-damage|p2a: Calyrex|111/337\n|-resisted|p2a: Calyrex\n|-damage|p2a: Calyrex|91/337\n|-resisted|p2a: Calyrex\n|-damage|p2a: Calyrex|70/337\n|-resisted|p2a: Calyrex\n|-damage|p2a: Calyrex|49/337\n|-resisted|p2a: Calyrex\n|-damage|p2a: Calyrex|28/337\n|-resisted|p2a: Calyrex\n|-damage|p2a: Calyrex|6/337\n|-resisted|p2a: Calyrex\n|-damage|p2a: Calyrex|0 fnt\n|faint|p2a: Calyrex\n|-hitcount|p2: Calyrex|10\n|\n|upkeep\n|\n|t:|1781439217\n|switch|p2a: Great Tusk|Great Tusk, L77|266/304\n|-damage|p2a: Great Tusk|190/304|[from] Spikes\n|turn|20\n|\n|t:|1781439223\n|move|p1a: Smeargle|Spore|p2a: Great Tusk\n|-status|p2a: Great Tusk|slp|[from] move: Spore\n|cant|p2a: Great Tusk|slp\n|\n|upkeep\n|turn|21\n|\n|t:|1781439226\n|move|p1a: Smeargle|Population Bomb|p2a: Great Tusk\n|-damage|p2a: Great Tusk|156/304 slp\n|-hitcount|p2a: Great Tusk|1\n|-curestatus|p2a: Great Tusk|slp|[msg]\n|move|p2a: Great Tusk|Close Combat|p1a: Smeargle\n|-supereffective|p1a: Smeargle\n|-damage|p1a: Smeargle|0 fnt\n|-unboost|p2a: Great Tusk|def|1\n|-unboost|p2a: Great Tusk|spd|1\n|faint|p1a: Smeargle\n|\n|upkeep\n|c|\u2606Daruma|xD\n|\n|t:|1781439235\n|switch|p1a: Sawsbuck|Sawsbuck-Autumn, L88, M|284/284\n|turn|22\n|\n|t:|1781439244\n|move|p1a: Sawsbuck|Horn Leech|p2a: Great Tusk\n|-supereffective|p2a: Great Tusk\n|-damage|p2a: Great Tusk|0 fnt\n|faint|p2a: Great Tusk\n|-end|p2a: Great Tusk|Protosynthesis|[silent]\n|-damage|p1a: Sawsbuck|256/284|[from] item: Life Orb\n|\n|upkeep\n|\n|t:|1781439258\n|switch|p2a: Arceus|Arceus-Ice, L72|291/291\n|-damage|p2a: Arceus|219/291|[from] Spikes\n|turn|23\n|-message|Daruma forfeited.\n|\n|win|Crysys1\n", "uploadtime": 1781438955, "views": 3, "formatid": "gen9randombattle", "rating": null, "private": 0, "password": null}