{"id": "gen9randombattle-2631461288", "format": "[Gen 9] Random Battle", "players": ["MadThrower", "smasher04"], "log": "|j|\u2606MadThrower\n|j|\u2606smasher04\n|t:|1781387536\n|gametype|singles\n|player|p1|MadThrower|102|1973\n|player|p2|smasher04|twins-gen4|1923\n|gen|9\n|tier|[Gen 9] Random Battle\n|rated|\n|rule|Species Clause: Limit one of each Pok\u00e9mon\n|rule|HP Percentage Mod: HP is shown in percentages\n|rule|Sleep Clause Mod: Limit one foe put to sleep\n|rule|Illusion Level Mod: Illusion disguises the Pok\u00e9mon's true level\n|\n|t:|1781387536\n|teamsize|p1|6\n|teamsize|p2|6\n|start\n|switch|p1a: Hatterene|Hatterene, L85, F|236/236\n|switch|p2a: Registeel|Registeel, L81|262/262\n|turn|1\n|\n|t:|1781387556\n|switch|p1a: Miraidon|Miraidon, L65|238/238\n|-fieldstart|move: Electric Terrain|[from] ability: Hadron Engine|[of] p1a: Miraidon\n|move|p2a: Registeel|Iron Head|p1a: Miraidon\n|-resisted|p1a: Miraidon\n|-damage|p1a: Miraidon|198/238\n|\n|upkeep\n|turn|2\n|\n|t:|1781387561\n|move|p1a: Miraidon|Electro Drift|p2a: Registeel\n|-damage|p2a: Registeel|120/262\n|move|p2a: Registeel|Body Press|p1a: Miraidon\n|-damage|p1a: Miraidon|111/238\n|\n|-heal|p2a: Registeel|136/262|[from] item: Leftovers\n|upkeep\n|turn|3\n|\n|t:|1781387567\n|switch|p2a: Groudon|Groudon, L72|263/263\n|-weather|SunnyDay|[from] ability: Drought|[of] p2a: Groudon\n|move|p1a: Miraidon|Electro Drift|p2a: Groudon\n|-immune|p2a: Groudon\n|\n|-weather|SunnyDay|[upkeep]\n|upkeep\n|turn|4\n|\n|t:|1781387581\n|switch|p1a: Umbreon|Umbreon, L84, F|297/297\n|move|p2a: Groudon|Precipice Blades|p1a: Umbreon\n|-damage|p1a: Umbreon|176/297\n|\n|-weather|SunnyDay|[upkeep]\n|-heal|p1a: Umbreon|194/297|[from] item: Leftovers\n|upkeep\n|turn|5\n|\n|t:|1781387594\n|switch|p2a: Registeel|Registeel, L81|136/262\n|move|p1a: Umbreon|Wish|p1a: Umbreon\n|\n|-weather|SunnyDay|[upkeep]\n|-heal|p1a: Umbreon|212/297|[from] item: Leftovers\n|-heal|p2a: Registeel|152/262|[from] item: Leftovers\n|-fieldend|move: Electric Terrain\n|upkeep\n|turn|6\n|\n|t:|1781387599\n|switch|p1a: Miraidon|Miraidon, L65|111/238\n|-fieldstart|move: Electric Terrain|[from] ability: Hadron Engine|[of] p1a: Miraidon\n|move|p2a: Registeel|Body Press|p1a: Miraidon\n|-crit|p1a: Miraidon\n|-damage|p1a: Miraidon|0 fnt\n|faint|p1a: Miraidon\n|\n|-weather|SunnyDay|[upkeep]\n|-heal|p2a: Registeel|168/262|[from] item: Leftovers\n|upkeep\n|-message|MadThrower forfeited.\n|\n|win|smasher04\n", "uploadtime": 1781387538, "views": 7, "formatid": "gen9randombattle", "rating": null, "private": 0, "password": null}