{"id": "gen9randombattle-2631605386", "format": "[Gen 9] Random Battle", "players": ["TSM-Virgil", "AllCuzOfHax"], "log": "|j|\u2606TSM-Virgil\n|j|\u2606AllCuzOfHax\n|t:|1781407713\n|gametype|singles\n|player|p1|TSM-Virgil|acetrainer|2096\n|player|p2|AllCuzOfHax|anabel|2084\n|gen|9\n|tier|[Gen 9] Random Battle\n|rated|\n|rule|Species Clause: Limit one of each Pok\u00e9mon\n|rule|HP Percentage Mod: HP is shown in percentages\n|rule|Sleep Clause Mod: Limit one foe put to sleep\n|rule|Illusion Level Mod: Illusion disguises the Pok\u00e9mon's true level\n|\n|t:|1781407713\n|teamsize|p1|6\n|teamsize|p2|6\n|start\n|switch|p1a: Cinderace|Cinderace, L77, F|250/250\n|switch|p2a: Tornadus|Tornadus-Therian, L79, M|254/254\n|turn|1\n|inactive|Battle timer is ON: inactive players will automatically lose when time's up. (requested by TSM-Virgil)\n|\n|t:|1781407743\n|move|p2a: Tornadus|Bleakwind Storm|p1a: Cinderace\n|-damage|p1a: Cinderace|66/250\n|move|p1a: Cinderace|Pyro Ball|p2a: Tornadus\n|-damage|p2a: Tornadus|106/254\n|\n|upkeep\n|turn|2\n|\n|t:|1781407769\n|switch|p1a: Girafarig|Girafarig, L89, F|269/269\n|move|p2a: Tornadus|Bleakwind Storm|p1a: Girafarig\n|-damage|p1a: Girafarig|145/269\n|\n|upkeep\n|turn|3\n|\n|t:|1781407782\n|switch|p2a: Lilligant|Lilligant, L86, F|261/261\n|move|p1a: Girafarig|Thunderbolt|p2a: Lilligant\n|-resisted|p2a: Lilligant\n|-damage|p2a: Lilligant|223/261\n|\n|upkeep\n|turn|4\n|inactive|TSM-Virgil has 120 seconds left.\n|\n|t:|1781407813\n|move|p2a: Lilligant|Quiver Dance|p2a: Lilligant\n|-boost|p2a: Lilligant|spa|1\n|-boost|p2a: Lilligant|spd|1\n|-boost|p2a: Lilligant|spe|1\n|move|p1a: Girafarig|Nasty Plot|p1a: Girafarig\n|-boost|p1a: Girafarig|spa|2\n|\n|upkeep\n|turn|5\n|\n|t:|1781407825\n|move|p2a: Lilligant|Tera Blast|p1a: Girafarig\n|-damage|p1a: Girafarig|49/269\n|-damage|p2a: Lilligant|197/261|[from] item: Life Orb\n|move|p1a: Girafarig|Psyshock|p2a: Lilligant\n|-damage|p2a: Lilligant|14/261\n|\n|upkeep\n|turn|6\n|inactive|TSM-Virgil has 120 seconds left.\n|\n|t:|1781407860\n|move|p2a: Lilligant|Sleep Powder|p1a: Girafarig\n|-ability|p1a: Girafarig|Sap Sipper|boost\n|-boost|p1a: Girafarig|atk|1\n|move|p1a: Girafarig|Psyshock|p2a: Lilligant\n|-damage|p2a: Lilligant|0 fnt\n|faint|p2a: Lilligant\n|\n|upkeep\n|\n|t:|1781407863\n|switch|p2a: Tornadus|Tornadus-Therian, L79, M|190/254\n|turn|7\n|\n|t:|1781407878\n|move|p2a: Tornadus|U-turn|p1a: Girafarig\n|-supereffective|p1a: Girafarig\n|-damage|p1a: Girafarig|0 fnt\n|faint|p1a: Girafarig\n|\n|t:|1781407895\n|switch|p2a: Mimikyu|Mimikyu, L79, M|216/216|[from] U-turn\n|\n|upkeep\n|\n|t:|1781407909\n|switch|p1a: Cinderace|Cinderace, L77, F|66/250\n|turn|8\n|\n|t:|1781407935\n|move|p2a: Mimikyu|Shadow Sneak|p1a: Cinderace\n|-damage|p1a: Cinderace|6/250\n|-damage|p2a: Mimikyu|195/216|[from] item: Life Orb\n|move|p1a: Cinderace|Will-O-Wisp|p2a: Mimikyu\n|-status|p2a: Mimikyu|brn\n|\n|-damage|p2a: Mimikyu|182/216 brn|[from] brn\n|upkeep\n|turn|9\n|j| BislikeDlacks\n|\n|t:|1781407941\n|move|p1a: Cinderace|U-turn|p2a: Mimikyu\n|-start|p1a: Cinderace|typechange|Bug|[from] ability: Libero\n|-activate|p2a: Mimikyu|ability: Disguise\n|-damage|p2a: Mimikyu|182/216 brn\n|detailschange|p2a: Mimikyu|Mimikyu-Busted, L79, M\n|-damage|p2a: Mimikyu|155/216 brn|[from] pokemon: Mimikyu-Busted\n|\n|t:|1781407947\n|switch|p1a: Victreebel|Victreebel, L90, F|290/290|[from] U-turn\n|move|p2a: Mimikyu|Swords Dance|p2a: Mimikyu\n|-boost|p2a: Mimikyu|atk|2\n|\n|-damage|p2a: Mimikyu|142/216 brn|[from] brn\n|upkeep\n|turn|10\n|\n|t:|1781407951\n|move|p2a: Mimikyu|Shadow Claw|p1a: Victreebel\n|-crit|p1a: Victreebel\n|-damage|p1a: Victreebel|147/290\n|-damage|p2a: Mimikyu|121/216 brn|[from] item: Life Orb\n|move|p1a: Victreebel|Power Whip|p2a: Mimikyu\n|-damage|p2a: Mimikyu|0 fnt\n|faint|p2a: Mimikyu\n|-damage|p1a: Victreebel|118/290|[from] item: Life Orb\n|\n|upkeep\n|l| BislikeDlacks\n|\n|t:|1781407963\n|switch|p2a: Tornadus|Tornadus-Therian, L79, M|254/254\n|turn|11\n|\n|t:|1781407977\n|switch|p1a: Cinderace|Cinderace, L77, F|6/250\n|move|p2a: Tornadus|Bleakwind Storm|p1a: Cinderace|[miss]\n|-miss|p2a: Tornadus|p1a: Cinderace\n|\n|upkeep\n|turn|12\n|\n|t:|1781407980\n|move|p2a: Tornadus|Bleakwind Storm|p1a: Cinderace\n|-damage|p1a: Cinderace|0 fnt\n|faint|p1a: Cinderace\n|\n|upkeep\n|\n|t:|1781407982\n|switch|p1a: Moltres|Moltres-Galar, L79|271/271\n|turn|13\n|\n|t:|1781407986\n|move|p2a: Tornadus|Bleakwind Storm|p1a: Moltres\n|-damage|p1a: Moltres|153/271\n|move|p1a: Moltres|Nasty Plot|p1a: Moltres\n|-boost|p1a: Moltres|spa|2\n|\n|upkeep\n|turn|14\n|inactive|AllCuzOfHax has 120 seconds left.\n|\n|t:|1781408019\n|switch|p2a: Blaziken|Blaziken, L76, M|247/247\n|move|p1a: Moltres|Rest|p1a: Moltres\n|-status|p1a: Moltres|slp|[from] move: Rest\n|-heal|p1a: Moltres|271/271 slp|[silent]\n|-enditem|p1a: Moltres|Chesto Berry|[eat]\n|-curestatus|p1a: Moltres|slp|[msg]\n|\n|upkeep\n|turn|15\n|inactive|AllCuzOfHax has 120 seconds left.\n|\n|t:|1781408030\n|move|p1a: Moltres|Hurricane|p2a: Blaziken\n|-supereffective|p2a: Blaziken\n|-damage|p2a: Blaziken|0 fnt\n|faint|p2a: Blaziken\n|\n|upkeep\n|\n|t:|1781408032\n|switch|p2a: Smeargle|Smeargle, L95, M|258/258\n|turn|16\n|\n|t:|1781408049\n|switch|p1a: Trevenant|Trevenant, L89, F|296/296\n|move|p2a: Smeargle|Spore|p1a: Trevenant\n|-immune|p1a: Trevenant\n|\n|upkeep\n|turn|17\n|\n|t:|1781408059\n|switch|p2a: Tornadus|Tornadus-Therian, L79, M|254/254\n|move|p1a: Trevenant|Poltergeist|p2a: Tornadus\n|-activate|p2a: Tornadus|move: Poltergeist|Choice Specs\n|-damage|p2a: Tornadus|24/254\n|-damage|p1a: Trevenant|267/296|[from] item: Life Orb\n|\n|upkeep\n|turn|18\n|\n|t:|1781408067\n|switch|p1a: Volcanion|Volcanion, L79|255/255\n|move|p2a: Tornadus|Bleakwind Storm|p1a: Volcanion|[miss]\n|-miss|p2a: Tornadus|p1a: Volcanion\n|\n|upkeep\n|turn|19\n|\n|t:|1781408074\n|switch|p2a: Clefable|Clefable, L83, M|293/293\n|move|p1a: Volcanion|Flamethrower|p2a: Clefable\n|-damage|p2a: Clefable|187/293\n|\n|upkeep\n|turn|20\n|\n|t:|1781408089\n|switch|p1a: Victreebel|Victreebel, L90, F|118/290\n|move|p2a: Clefable|Moonlight|p2a: Clefable\n|-heal|p2a: Clefable|293/293\n|\n|upkeep\n|turn|21\n|\n|t:|1781408096\n|-terastallize|p2a: Clefable|Steel\n|move|p1a: Victreebel|Poison Jab|p2a: Clefable\n|-immune|p2a: Clefable\n|move|p2a: Clefable|Calm Mind|p2a: Clefable\n|-boost|p2a: Clefable|spa|1\n|-boost|p2a: Clefable|spd|1\n|\n|upkeep\n|turn|22\n|\n|t:|1781408122\n|switch|p1a: Volcanion|Volcanion, L79|255/255\n|move|p2a: Clefable|Fire Blast|p1a: Volcanion\n|-resisted|p1a: Volcanion\n|-damage|p1a: Volcanion|220/255\n|\n|upkeep\n|turn|23\n|\n|t:|1781408145\n|move|p1a: Volcanion|Flamethrower|p2a: Clefable\n|-supereffective|p2a: Clefable\n|-damage|p2a: Clefable|147/293\n|move|p2a: Clefable|Calm Mind|p2a: Clefable\n|-boost|p2a: Clefable|spa|1\n|-boost|p2a: Clefable|spd|1\n|\n|upkeep\n|turn|24\n|\n|t:|1781408149\n|move|p1a: Volcanion|Flamethrower|p2a: Clefable\n|-supereffective|p2a: Clefable\n|-damage|p2a: Clefable|43/293\n|move|p2a: Clefable|Moonlight|p2a: Clefable\n|-heal|p2a: Clefable|189/293\n|\n|upkeep\n|turn|25\n|inactive|TSM-Virgil has 120 seconds left.\n|\n|t:|1781408201\n|move|p1a: Volcanion|Flamethrower|p2a: Clefable\n|-supereffective|p2a: Clefable\n|-damage|p2a: Clefable|91/293\n|move|p2a: Clefable|Moonlight|p2a: Clefable\n|-heal|p2a: Clefable|237/293\n|\n|upkeep\n|turn|26\n|\n|t:|1781408214\n|move|p1a: Volcanion|Flamethrower|p2a: Clefable\n|-supereffective|p2a: Clefable\n|-crit|p2a: Clefable\n|-damage|p2a: Clefable|0 fnt\n|faint|p2a: Clefable\n|\n|upkeep\n|\n|t:|1781408217\n|switch|p2a: Smeargle|Smeargle, L95, M|258/258\n|turn|27\n|inactive|TSM-Virgil has 120 seconds left.\n|\n|t:|1781408236\n|move|p1a: Volcanion|Flamethrower|p2a: Smeargle\n|-damage|p2a: Smeargle|99/258\n|move|p2a: Smeargle|Population Bomb|p1a: Volcanion\n|-damage|p1a: Volcanion|207/255\n|-damage|p1a: Volcanion|194/255\n|-damage|p1a: Volcanion|179/255\n|-damage|p1a: Volcanion|166/255\n|-damage|p1a: Volcanion|153/255\n|-damage|p1a: Volcanion|138/255\n|-damage|p1a: Volcanion|123/255\n|-damage|p1a: Volcanion|108/255\n|-damage|p1a: Volcanion|93/255\n|-damage|p1a: Volcanion|78/255\n|-hitcount|p1a: Volcanion|10\n|\n|upkeep\n|turn|28\n|\n|t:|1781408244\n|move|p1a: Volcanion|Flamethrower|p2a: Smeargle\n|-damage|p2a: Smeargle|0 fnt\n|faint|p2a: Smeargle\n|\n|upkeep\n|-message|AllCuzOfHax forfeited.\n|\n|win|TSM-Virgil\n", "uploadtime": 1781407716, "views": 6, "formatid": "gen9randombattle", "rating": null, "private": 0, "password": null}