{"id": "gen9randombattle-2631929834", "format": "[Gen 9] Random Battle", "players": ["Aminator3000", "4 akashi_seijuro"], "log": "|j|\u2606Aminator3000\n|j|\u26064 akashi_seijuro\n|t:|1781456782\n|gametype|singles\n|player|p1|Aminator3000|veteran|1956\n|player|p2|4 akashi_seijuro|266|1920\n|gen|9\n|tier|[Gen 9] Random Battle\n|rated|\n|rule|Species Clause: Limit one of each Pok\u00e9mon\n|rule|HP Percentage Mod: HP is shown in percentages\n|rule|Sleep Clause Mod: Limit one foe put to sleep\n|rule|Illusion Level Mod: Illusion disguises the Pok\u00e9mon's true level\n|\n|t:|1781456782\n|teamsize|p1|6\n|teamsize|p2|6\n|start\n|switch|p1a: Emboar|Emboar, L84, M|322/322\n|switch|p2a: Toedscruel|Toedscruel, L87, M|281/281\n|turn|1\n|inactive|Battle timer is ON: inactive players will automatically lose when time's up. (requested by Aminator3000)\n|\n|t:|1781456792\n|move|p2a: Toedscruel|Earth Power|p1a: Emboar\n|-supereffective|p1a: Emboar\n|-damage|p1a: Emboar|160/322\n|-unboost|p1a: Emboar|spd|1\n|move|p1a: Emboar|Flare Blitz|p2a: Toedscruel\n|-supereffective|p2a: Toedscruel\n|-damage|p2a: Toedscruel|0 fnt\n|faint|p2a: Toedscruel\n|-damage|p1a: Emboar|67/322|[from] Recoil\n|\n|upkeep\n|inactive|4 akashi_seijuro has 120 seconds left.\n|\n|t:|1781456827\n|switch|p2a: Roaring Moon|Roaring Moon, L72|270/270\n|-enditem|p2a: Roaring Moon|Booster Energy\n|-activate|p2a: Roaring Moon|ability: Protosynthesis|[fromitem]\n|-start|p2a: Roaring Moon|protosynthesisatk\n|turn|2\n|\n|t:|1781456837\n|move|p2a: Roaring Moon|Knock Off|p1a: Emboar\n|-resisted|p1a: Emboar\n|-damage|p1a: Emboar|0 fnt\n|-enditem|p1a: Emboar|Assault Vest|[from] move: Knock Off|[of] p2a: Roaring Moon\n|faint|p1a: Emboar\n|\n|upkeep\n|\n|t:|1781456848\n|switch|p1a: Eternatus|Eternatus, L69|308/308\n|-ability|p1a: Eternatus|Pressure\n|turn|3\n|\n|t:|1781456856\n|-terastallize|p2a: Roaring Moon|Steel\n|move|p1a: Eternatus|Dynamax Cannon|p2a: Roaring Moon\n|-resisted|p2a: Roaring Moon\n|-damage|p2a: Roaring Moon|215/270\n|move|p2a: Roaring Moon|Dragon Dance|p2a: Roaring Moon\n|-boost|p2a: Roaring Moon|atk|1\n|-boost|p2a: Roaring Moon|spe|1\n|\n|upkeep\n|turn|4\n|\n|t:|1781456871\n|switch|p1a: Alomomola|Alomomola, L87, F|429/429\n|move|p2a: Roaring Moon|Iron Head|p1a: Alomomola\n|-resisted|p1a: Alomomola\n|-damage|p1a: Alomomola|342/429\n|\n|upkeep\n|turn|5\n|\n|t:|1781456879\n|move|p2a: Roaring Moon|Knock Off|p1a: Alomomola\n|-damage|p1a: Alomomola|147/429\n|-enditem|p1a: Alomomola|Heavy-Duty Boots|[from] move: Knock Off|[of] p2a: Roaring Moon\n|move|p1a: Alomomola|Scald|p2a: Roaring Moon\n|-damage|p2a: Roaring Moon|164/270\n|\n|upkeep\n|turn|6\n|\n|t:|1781456899\n|switch|p1a: Oinkologne|Oinkologne-F, L92, F|361/361\n|move|p2a: Roaring Moon|Outrage|p1a: Oinkologne\n|-damage|p1a: Oinkologne|78/361\n|\n|-heal|p1a: Oinkologne|100/361|[from] item: Leftovers\n|upkeep\n|turn|7\n|\n|t:|1781456916\n|move|p2a: Roaring Moon|Outrage|p1a: Oinkologne|[from] lockedmove\n|-damage|p1a: Oinkologne|0 fnt\n|faint|p1a: Oinkologne\n|-start|p2a: Roaring Moon|confusion|[fatigue]\n|\n|upkeep\n|\n|t:|1781456923\n|switch|p1a: Alomomola|Alomomola, L87, F|290/429\n|turn|8\n|\n|t:|1781456930\n|-activate|p2a: Roaring Moon|confusion\n|-damage|p2a: Roaring Moon|111/270|[from] confusion\n|move|p1a: Alomomola|Scald|p2a: Roaring Moon\n|-damage|p2a: Roaring Moon|60/270\n|\n|upkeep\n|turn|9\n|\n|t:|1781456936\n|-activate|p2a: Roaring Moon|confusion\n|-damage|p2a: Roaring Moon|0 fnt|[from] confusion\n|faint|p2a: Roaring Moon\n|-end|p2a: Roaring Moon|Protosynthesis|[silent]\n|move|p1a: Alomomola|Scald|p2: Roaring Moon|[notarget]\n|-fail|p1a: Alomomola\n|\n|upkeep\n|\n|t:|1781456945\n|switch|p2a: Mismagius|Mismagius, L86, F|243/243\n|turn|10\n|\n|t:|1781456950\n|move|p2a: Mismagius|Nasty Plot|p2a: Mismagius\n|-boost|p2a: Mismagius|spa|2\n|move|p1a: Alomomola|Flip Turn|p2a: Mismagius\n|-damage|p2a: Mismagius|167/243\n|\n|t:|1781456968\n|switch|p1a: Eternatus|Eternatus, L69|308/308|[from] Flip Turn\n|-ability|p1a: Eternatus|Pressure\n|\n|upkeep\n|turn|11\n|\n|t:|1781456977\n|move|p2a: Mismagius|Shadow Ball|p1a: Eternatus\n|-damage|p1a: Eternatus|42/308\n|-damage|p2a: Mismagius|143/243|[from] item: Life Orb\n|move|p1a: Eternatus|Dynamax Cannon|p2a: Mismagius\n|-damage|p2a: Mismagius|58/243\n|\n|-heal|p1a: Eternatus|61/308|[from] item: Leftovers\n|upkeep\n|turn|12\n|\n|t:|1781456990\n|move|p2a: Mismagius|Shadow Ball|p1a: Eternatus\n|-damage|p1a: Eternatus|0 fnt\n|faint|p1a: Eternatus\n|-damage|p2a: Mismagius|34/243|[from] item: Life Orb\n|\n|upkeep\n|\n|t:|1781457009\n|switch|p1a: Alomomola|Alomomola, L87, F|429/429\n|turn|13\n|\n|t:|1781457014\n|move|p2a: Mismagius|Thunderbolt|p1a: Alomomola\n|-supereffective|p1a: Alomomola\n|-damage|p1a: Alomomola|0 fnt\n|faint|p1a: Alomomola\n|-damage|p2a: Mismagius|10/243|[from] item: Life Orb\n|\n|upkeep\n|\n|t:|1781457023\n|switch|p1a: Latios|Latios, L78, M|253/253\n|turn|14\n|\n|t:|1781457031\n|-terastallize|p1a: Latios|Steel\n|move|p2a: Mismagius|Shadow Ball|p1a: Latios\n|-damage|p1a: Latios|18/253\n|-damage|p2a: Mismagius|0 fnt|[from] item: Life Orb\n|faint|p2a: Mismagius\n|move|p1a: Latios|Calm Mind|p1a: Latios\n|-boost|p1a: Latios|spa|1\n|-boost|p1a: Latios|spd|1\n|\n|upkeep\n|\n|t:|1781457049\n|switch|p2a: Spidops|Spidops, L96, F|271/271\n|turn|15\n|\n|t:|1781457055\n|move|p1a: Latios|Recover|p1a: Latios\n|-heal|p1a: Latios|145/253\n|move|p2a: Spidops|Circle Throw|p1a: Latios\n|-supereffective|p1a: Latios\n|-damage|p1a: Latios|37/253\n|drag|p1a: Iron Crown|Iron Crown, L78|268/268\n|\n|upkeep\n|turn|16\n|\n|t:|1781457073\n|switch|p2a: Bellibolt|Bellibolt, L84, F|320/320\n|move|p1a: Iron Crown|Tachyon Cutter|p2a: Bellibolt\n|-resisted|p2a: Bellibolt\n|-damage|p2a: Bellibolt|290/320\n|-start|p2a: Bellibolt|Charge|Tachyon Cutter|[from] ability: Electromorphosis\n|-resisted|p2a: Bellibolt\n|-damage|p2a: Bellibolt|262/320\n|-start|p2a: Bellibolt|Charge|Tachyon Cutter|[from] ability: Electromorphosis\n|-hitcount|p2a: Bellibolt|2\n|\n|-heal|p2a: Bellibolt|282/320|[from] item: Leftovers\n|upkeep\n|turn|17\n|\n|t:|1781457087\n|move|p1a: Iron Crown|Calm Mind|p1a: Iron Crown\n|-boost|p1a: Iron Crown|spa|1\n|-boost|p1a: Iron Crown|spd|1\n|move|p2a: Bellibolt|Thunderbolt|p1a: Iron Crown\n|-damage|p1a: Iron Crown|142/268\n|-end|p2a: Bellibolt|Charge|[silent]\n|\n|-heal|p1a: Iron Crown|158/268|[from] item: Leftovers\n|-heal|p2a: Bellibolt|302/320|[from] item: Leftovers\n|upkeep\n|turn|18\n|\n|t:|1781457096\n|move|p1a: Iron Crown|Calm Mind|p1a: Iron Crown\n|-boost|p1a: Iron Crown|spa|1\n|-boost|p1a: Iron Crown|spd|1\n|move|p2a: Bellibolt|Muddy Water|p1a: Iron Crown\n|-damage|p1a: Iron Crown|125/268\n|-unboost|p1a: Iron Crown|accuracy|1\n|\n|-heal|p1a: Iron Crown|141/268|[from] item: Leftovers\n|-heal|p2a: Bellibolt|320/320|[from] item: Leftovers\n|upkeep\n|turn|19\n|\n|t:|1781457107\n|switch|p2a: Jirachi|Jirachi, L80|291/291\n|move|p1a: Iron Crown|Calm Mind|p1a: Iron Crown\n|-boost|p1a: Iron Crown|spa|1\n|-boost|p1a: Iron Crown|spd|1\n|\n|-heal|p1a: Iron Crown|157/268|[from] item: Leftovers\n|upkeep\n|turn|20\n|\n|t:|1781457116\n|move|p2a: Jirachi|Body Slam|p1a: Iron Crown\n|-resisted|p1a: Iron Crown\n|-damage|p1a: Iron Crown|127/268\n|-status|p1a: Iron Crown|par\n|move|p1a: Iron Crown|Focus Blast|p2a: Jirachi|[miss]\n|-miss|p1a: Iron Crown|p2a: Jirachi\n|\n|-heal|p1a: Iron Crown|143/268 par|[from] item: Leftovers\n|upkeep\n|turn|21\n|\n|t:|1781457126\n|move|p2a: Jirachi|Iron Head|p1a: Iron Crown\n|-resisted|p1a: Iron Crown\n|-damage|p1a: Iron Crown|102/268 par\n|cant|p1a: Iron Crown|par\n|\n|-heal|p1a: Iron Crown|118/268 par|[from] item: Leftovers\n|upkeep\n|turn|22\n|\n|t:|1781457133\n|move|p2a: Jirachi|Iron Head|p1a: Iron Crown\n|-resisted|p1a: Iron Crown\n|-damage|p1a: Iron Crown|78/268 par\n|cant|p1a: Iron Crown|par\n|\n|-heal|p1a: Iron Crown|94/268 par|[from] item: Leftovers\n|upkeep\n|turn|23\n|\n|t:|1781457141\n|move|p2a: Jirachi|Iron Head|p1a: Iron Crown\n|-resisted|p1a: Iron Crown\n|-damage|p1a: Iron Crown|57/268 par\n|cant|p1a: Iron Crown|flinch\n|\n|-heal|p1a: Iron Crown|73/268 par|[from] item: Leftovers\n|upkeep\n|turn|24\n|-message|Aminator3000 forfeited.\n|\n|win|4 akashi_seijuro\n", "uploadtime": 1781456784, "views": 3, "formatid": "gen9randombattle", "rating": null, "private": 0, "password": null}