{"id": "gen9randombattle-2631415817", "format": "[Gen 9] Random Battle", "players": ["jonuz", "Chicken347"], "log": "|j|\u2606jonuz\n|j|\u2606Chicken347\n|t:|1781381957\n|gametype|singles\n|player|p1|jonuz|102|2021\n|player|p2|Chicken347|266|2007\n|gen|9\n|tier|[Gen 9] Random Battle\n|rated|\n|rule|Species Clause: Limit one of each Pok\u00e9mon\n|rule|HP Percentage Mod: HP is shown in percentages\n|rule|Sleep Clause Mod: Limit one foe put to sleep\n|rule|Illusion Level Mod: Illusion disguises the Pok\u00e9mon's true level\n|\n|t:|1781381957\n|teamsize|p1|6\n|teamsize|p2|6\n|start\n|switch|p1a: Medicham|Medicham, L86, F|243/243\n|switch|p2a: Passimian|Passimian, L83, M|302/302\n|turn|1\n|\n|t:|1781381973\n|move|p1a: Medicham|Zen Headbutt|p2a: Passimian\n|-supereffective|p2a: Passimian\n|-crit|p2a: Passimian\n|-damage|p2a: Passimian|0 fnt\n|faint|p2a: Passimian\n|\n|upkeep\n|\n|t:|1781381986\n|switch|p2a: Lugia|Lugia, L73|275/275\n|turn|2\n|\n|t:|1781381993\n|switch|p1a: Vespiquen|Vespiquen, L99, F|299/299\n|-ability|p1a: Vespiquen|Pressure\n|switch|p2a: Ribombee|Ribombee, L83, F|235/235\n|\n|upkeep\n|turn|3\n|\n|t:|1781381998\n|move|p2a: Ribombee|Sticky Web|p1a: Vespiquen\n|-sidestart|p1: jonuz|move: Sticky Web\n|move|p1a: Vespiquen|Air Slash|p2a: Ribombee|[miss]\n|-miss|p1a: Vespiquen|p2a: Ribombee\n|\n|upkeep\n|turn|4\n|\n|t:|1781382012\n|move|p2a: Ribombee|U-turn|p1a: Vespiquen\n|-resisted|p1a: Vespiquen\n|-damage|p1a: Vespiquen|282/299\n|\n|t:|1781382029\n|switch|p2a: Vileplume|Vileplume, L85, M|266/266|[from] U-turn\n|move|p1a: Vespiquen|Air Slash|p2a: Vileplume\n|-supereffective|p2a: Vileplume\n|-damage|p2a: Vileplume|98/266\n|\n|-heal|p2a: Vileplume|114/266|[from] item: Leftovers\n|upkeep\n|turn|5\n|\n|t:|1781382036\n|move|p1a: Vespiquen|Air Slash|p2a: Vileplume\n|-supereffective|p2a: Vileplume\n|-damage|p2a: Vileplume|0 fnt\n|faint|p2a: Vileplume\n|\n|upkeep\n|\n|t:|1781382038\n|switch|p2a: Minior|Minior-Green, L79|224/224\n|-formechange|p2a: Minior|Minior-Meteor||[from] ability: Shields Down\n|turn|6\n|inactive|Battle timer is ON: inactive players will automatically lose when time's up. (requested by Chicken347)\n|\n|t:|1781382072\n|move|p2a: Minior|Power Gem|p1a: Vespiquen\n|-supereffective|p1a: Vespiquen\n|-damage|p1a: Vespiquen|102/299\n|move|p1a: Vespiquen|Toxic|p2a: Minior\n|-immune|p2a: Minior|[from] ability: Shields Down\n|\n|upkeep\n|turn|7\n|\n|t:|1781382078\n|move|p2a: Minior|Shell Smash|p2a: Minior\n|-unboost|p2a: Minior|def|1\n|-unboost|p2a: Minior|spd|1\n|-boost|p2a: Minior|atk|2\n|-boost|p2a: Minior|spa|2\n|-boost|p2a: Minior|spe|2\n|-enditem|p2a: Minior|White Herb\n|-clearnegativeboost|p2a: Minior|[silent]\n|move|p1a: Vespiquen|U-turn|p2a: Minior\n|-resisted|p2a: Minior\n|-damage|p2a: Minior|178/224\n|\n|t:|1781382097\n|switch|p1a: Flygon|Flygon, L82, F|265/265|[from] U-turn\n|\n|upkeep\n|turn|8\n|\n|t:|1781382106\n|move|p2a: Minior|Acrobatics|p1a: Flygon\n|-crit|p1a: Flygon\n|-damage|p1a: Flygon|21/265\n|move|p1a: Flygon|Dragon Dance|p1a: Flygon\n|-boost|p1a: Flygon|atk|1\n|-boost|p1a: Flygon|spe|1\n|\n|upkeep\n|turn|9\n|\n|t:|1781382113\n|move|p1a: Flygon|Outrage|p2a: Minior\n|-damage|p2a: Minior|12/224\n|move|p2a: Minior|Acrobatics|p1a: Flygon\n|-damage|p1a: Flygon|0 fnt\n|faint|p1a: Flygon\n|\n|-formechange|p2a: Minior|Minior-Green||[from] ability: Shields Down\n|upkeep\n|\n|t:|1781382119\n|switch|p1a: Cacturne|Cacturne, L92, F|278/278\n|-activate|p1a: Cacturne|move: Sticky Web\n|-unboost|p1a: Cacturne|spe|1\n|turn|10\n|\n|t:|1781382132\n|move|p1a: Cacturne|Sucker Punch||[still]\n|-fail|p1a: Cacturne\n|move|p2a: Minior|Shell Smash|p2a: Minior\n|-unboost|p2a: Minior|def|1\n|-unboost|p2a: Minior|spd|1\n|-boost|p2a: Minior|atk|2\n|-boost|p2a: Minior|spa|2\n|-boost|p2a: Minior|spe|2\n|\n|upkeep\n|turn|11\n|\n|t:|1781382134\n|move|p1a: Cacturne|Sucker Punch||[still]\n|-fail|p1a: Cacturne\n|move|p2a: Minior|Shell Smash|p2a: Minior\n|-unboost|p2a: Minior|def|1\n|-unboost|p2a: Minior|spd|1\n|-boost|p2a: Minior|atk|2\n|-boost|p2a: Minior|spa|2\n|-boost|p2a: Minior|spe|2\n|\n|upkeep\n|turn|12\n|\n|t:|1781382136\n|move|p1a: Cacturne|Sucker Punch|p2a: Minior\n|-damage|p2a: Minior|0 fnt\n|faint|p2a: Minior\n|-damage|p1a: Cacturne|251/278|[from] item: Life Orb\n|\n|upkeep\n|\n|t:|1781382139\n|switch|p2a: Ribombee|Ribombee, L83, F|235/235\n|turn|13\n|\n|t:|1781382143\n|switch|p1a: Vespiquen|Vespiquen, L99, F|102/299\n|-ability|p1a: Vespiquen|Pressure\n|move|p2a: Ribombee|U-turn|p1a: Vespiquen\n|-resisted|p1a: Vespiquen\n|-damage|p1a: Vespiquen|84/299\n|\n|t:|1781382146\n|switch|p2a: Lugia|Lugia, L73|275/275|[from] U-turn\n|\n|upkeep\n|turn|14\n|\n|t:|1781382150\n|move|p2a: Lugia|Aeroblast|p1a: Vespiquen\n|-supereffective|p1a: Vespiquen\n|-damage|p1a: Vespiquen|0 fnt\n|faint|p1a: Vespiquen\n|\n|upkeep\n|\n|t:|1781382154\n|switch|p1a: Zebstrika|Zebstrika, L87, F|272/272\n|-activate|p1a: Zebstrika|move: Sticky Web\n|-unboost|p1a: Zebstrika|spe|1\n|turn|15\n|\n|t:|1781382168\n|move|p2a: Lugia|Calm Mind|p2a: Lugia\n|-boost|p2a: Lugia|spa|1\n|-boost|p2a: Lugia|spd|1\n|move|p1a: Zebstrika|Volt Switch|p2a: Lugia\n|-supereffective|p2a: Lugia\n|-crit|p2a: Lugia\n|-damage|p2a: Lugia|181/275\n|-damage|p1a: Zebstrika|245/272|[from] item: Life Orb\n|\n|t:|1781382174\n|switch|p1a: Chi-Yu|Chi-Yu, L77|211/211|[from] Volt Switch\n|-activate|p1a: Chi-Yu|move: Sticky Web\n|-unboost|p1a: Chi-Yu|spe|1\n|-ability|p1a: Chi-Yu|Beads of Ruin\n|\n|upkeep\n|turn|16\n|\n|t:|1781382179\n|move|p2a: Lugia|Earth Power|p1a: Chi-Yu\n|-supereffective|p1a: Chi-Yu\n|-damage|p1a: Chi-Yu|87/211\n|move|p1a: Chi-Yu|Dark Pulse|p2a: Lugia\n|-supereffective|p2a: Lugia\n|-damage|p2a: Lugia|13/275\n|\n|upkeep\n|turn|17\n|inactive|Chicken347 has 120 seconds left.\n|\n|t:|1781382210\n|-terastallize|p2a: Lugia|Steel\n|move|p2a: Lugia|Recover|p2a: Lugia\n|-heal|p2a: Lugia|151/275\n|move|p1a: Chi-Yu|Dark Pulse|p2a: Lugia\n|-damage|p2a: Lugia|60/275\n|\n|upkeep\n|turn|18\n|\n|t:|1781382219\n|switch|p1a: Zebstrika|Zebstrika, L87, F|245/272\n|-activate|p1a: Zebstrika|move: Sticky Web\n|-unboost|p1a: Zebstrika|spe|1\n|move|p2a: Lugia|Earth Power|p1a: Zebstrika\n|-supereffective|p1a: Zebstrika\n|-damage|p1a: Zebstrika|87/272\n|-unboost|p1a: Zebstrika|spd|1\n|\n|upkeep\n|turn|19\n|\n|t:|1781382223\n|move|p2a: Lugia|Earth Power|p1a: Zebstrika\n|-supereffective|p1a: Zebstrika\n|-damage|p1a: Zebstrika|0 fnt\n|faint|p1a: Zebstrika\n|\n|upkeep\n|\n|t:|1781382227\n|switch|p1a: Cacturne|Cacturne, L92, F|251/278\n|-activate|p1a: Cacturne|move: Sticky Web\n|-unboost|p1a: Cacturne|spe|1\n|turn|20\n|\n|t:|1781382234\n|move|p2a: Lugia|Recover|p2a: Lugia\n|-heal|p2a: Lugia|198/275\n|move|p1a: Cacturne|Swords Dance|p1a: Cacturne\n|-boost|p1a: Cacturne|atk|2\n|\n|upkeep\n|turn|21\n|\n|t:|1781382237\n|move|p2a: Lugia|Aeroblast|p1a: Cacturne\n|-supereffective|p1a: Cacturne\n|-damage|p1a: Cacturne|0 fnt\n|faint|p1a: Cacturne\n|\n|upkeep\n|-message|jonuz forfeited.\n|\n|win|Chicken347\n", "uploadtime": 1781381961, "views": 8, "formatid": "gen9randombattle", "rating": null, "private": 0, "password": null}