{"id": "gen9randombattle-2631650936", "format": "[Gen 9] Random Battle", "players": ["lalalaplant", "wang_zj"], "log": "|j|\u2606lalalaplant\n|j|\u2606wang_zj\n|t:|1781415050\n|gametype|singles\n|player|p1|lalalaplant|101|2003\n|player|p2|wang_zj|169|2015\n|gen|9\n|tier|[Gen 9] Random Battle\n|rated|\n|rule|Species Clause: Limit one of each Pok\u00e9mon\n|rule|HP Percentage Mod: HP is shown in percentages\n|rule|Sleep Clause Mod: Limit one foe put to sleep\n|rule|Illusion Level Mod: Illusion disguises the Pok\u00e9mon's true level\n|\n|t:|1781415050\n|teamsize|p1|6\n|teamsize|p2|6\n|start\n|switch|p1a: Mudsdale|Mudsdale, L83, M|302/302\n|switch|p2a: Latias|Latias, L79, F|256/256\n|turn|1\n|\n|t:|1781415061\n|move|p2a: Latias|Calm Mind|p2a: Latias\n|-boost|p2a: Latias|spa|1\n|-boost|p2a: Latias|spd|1\n|move|p1a: Mudsdale|Heavy Slam|p2a: Latias\n|-damage|p2a: Latias|152/256\n|\n|upkeep\n|turn|2\n|\n|t:|1781415071\n|move|p2a: Latias|Draco Meteor|p1a: Mudsdale\n|-damage|p1a: Mudsdale|41/302\n|-unboost|p2a: Latias|spa|2\n|-ability|p1a: Mudsdale|Stamina|boost\n|-boost|p1a: Mudsdale|def|1\n|move|p1a: Mudsdale|Roar|p2a: Latias\n|drag|p2a: Drednaw|Drednaw, L81, M|278/278\n|\n|-heal|p1a: Mudsdale|59/302|[from] item: Leftovers\n|upkeep\n|turn|3\n|\n|t:|1781415084\n|move|p2a: Drednaw|Liquidation|p1a: Mudsdale\n|-supereffective|p1a: Mudsdale\n|-damage|p1a: Mudsdale|0 fnt\n|faint|p1a: Mudsdale\n|\n|upkeep\n|\n|t:|1781415089\n|switch|p1a: Breloom|Breloom, L83, F|235/235\n|turn|4\n|\n|t:|1781415104\n|switch|p2a: Latias|Latias, L79, F|152/256\n|move|p1a: Breloom|Rock Tomb|p2a: Latias\n|-damage|p2a: Latias|45/256\n|-unboost|p2a: Latias|spe|1\n|-damage|p1a: Breloom|212/235|[from] item: Life Orb\n|\n|upkeep\n|turn|5\n|inactive|Battle timer is ON: inactive players will automatically lose when time's up. (requested by lalalaplant)\n|\n|t:|1781415123\n|move|p1a: Breloom|Bullet Seed|p2a: Latias\n|-resisted|p2a: Latias\n|-damage|p2a: Latias|13/256\n|-resisted|p2a: Latias\n|-damage|p2a: Latias|0 fnt\n|faint|p2a: Latias\n|-hitcount|p2: Latias|2\n|-damage|p1a: Breloom|189/235|[from] item: Life Orb\n|\n|upkeep\n|\n|t:|1781415132\n|switch|p2a: Rayquaza|Rayquaza, L72|270/270\n|-ability|p2a: Rayquaza|Air Lock\n|turn|6\n|\n|t:|1781415143\n|switch|p1a: Klawf|Klawf, L90, F|272/272\n|move|p2a: Rayquaza|Dragon Ascent|p1a: Klawf\n|-resisted|p1a: Klawf\n|-damage|p1a: Klawf|219/272\n|-unboost|p2a: Rayquaza|def|1\n|-unboost|p2a: Rayquaza|spd|1\n|\n|upkeep\n|turn|7\n|\n|t:|1781415163\n|switch|p2a: Drednaw|Drednaw, L81, M|278/278\n|move|p1a: Klawf|Stone Edge|p2a: Drednaw\n|-damage|p2a: Drednaw|154/278\n|\n|upkeep\n|turn|8\n|\n|t:|1781415177\n|switch|p1a: Breloom|Breloom, L83, F|189/235\n|move|p2a: Drednaw|Shell Smash|p2a: Drednaw\n|-unboost|p2a: Drednaw|def|1\n|-unboost|p2a: Drednaw|spd|1\n|-boost|p2a: Drednaw|atk|2\n|-boost|p2a: Drednaw|spa|2\n|-boost|p2a: Drednaw|spe|2\n|-enditem|p2a: Drednaw|White Herb\n|-clearnegativeboost|p2a: Drednaw|[silent]\n|\n|upkeep\n|turn|9\n|inactive|wang_zj has 120 seconds left.\n|\n|t:|1781415201\n|switch|p2a: Rayquaza|Rayquaza, L72|270/270\n|-ability|p2a: Rayquaza|Air Lock\n|move|p1a: Breloom|Mach Punch|p2a: Rayquaza\n|-resisted|p2a: Rayquaza\n|-damage|p2a: Rayquaza|214/270\n|-damage|p1a: Breloom|166/235|[from] item: Life Orb\n|\n|upkeep\n|turn|10\n|inactive|wang_zj has 120 seconds left.\n|\n|t:|1781415213\n|move|p2a: Rayquaza|Swords Dance|p2a: Rayquaza\n|-boost|p2a: Rayquaza|atk|2\n|move|p1a: Breloom|Rock Tomb|p2a: Rayquaza\n|-supereffective|p2a: Rayquaza\n|-damage|p2a: Rayquaza|0 fnt\n|faint|p2a: Rayquaza\n|-damage|p1a: Breloom|143/235|[from] item: Life Orb\n|\n|upkeep\n|inactive|wang_zj has 120 seconds left.\n|\n|t:|1781415224\n|switch|p2a: Raichu|Raichu-Alola, L87, F|246/246\n|turn|11\n|inactive|wang_zj has 120 seconds left.\n|inactive|lalalaplant has 120 seconds left.\n|inactive|lalalaplant has 90 seconds left.\n|inactive|lalalaplant has 60 seconds left.\n|inactive|lalalaplant has 30 seconds left.\n|\n|t:|1781415345\n|switch|p1a: Arceus|Arceus-Dragon, L71|288/288\n|move|p2a: Raichu|Psyshock|p1a: Arceus\n|-damage|p1a: Arceus|176/288\n|\n|upkeep\n|turn|12\n|inactive|wang_zj has 120 seconds left.\n|inactive|lalalaplant has 30 seconds left.\n|\n|t:|1781415362\n|switch|p2a: Kricketune|Kricketune, L99, M|312/312\n|move|p1a: Arceus|Outrage|p2a: Kricketune\n|-damage|p2a: Kricketune|138/312\n|\n|upkeep\n|turn|13\n|inactive|wang_zj has 120 seconds left.\n|\n|t:|1781415375\n|switch|p2a: Raichu|Raichu-Alola, L87, F|246/246\n|move|p1a: Arceus|Outrage|p2a: Raichu|[from] lockedmove\n|-damage|p2a: Raichu|60/246\n|-start|p1a: Arceus|confusion|[fatigue]\n|\n|upkeep\n|turn|14\n|\n|t:|1781415385\n|switch|p1a: Typhlosion|Typhlosion-Hisui, L83, M|257/257\n|move|p2a: Raichu|Alluring Voice|p1a: Typhlosion\n|-resisted|p1a: Typhlosion\n|-damage|p1a: Typhlosion|212/257\n|\n|upkeep\n|turn|15\n|\n|t:|1781415394\n|switch|p2a: Dusknoir|Dusknoir, L89, M|225/225\n|-item|p1a: Typhlosion|Heavy-Duty Boots|[from] ability: Frisk|[of] p2a: Dusknoir\n|move|p1a: Typhlosion|Calm Mind|p1a: Typhlosion\n|-boost|p1a: Typhlosion|spa|1\n|-boost|p1a: Typhlosion|spd|1\n|\n|upkeep\n|turn|16\n|\n|t:|1781415404\n|move|p1a: Typhlosion|Shadow Ball|p2a: Dusknoir\n|-supereffective|p2a: Dusknoir\n|-damage|p2a: Dusknoir|25/225\n|move|p2a: Dusknoir|Poltergeist|p1a: Typhlosion|[miss]\n|-miss|p2a: Dusknoir|p1a: Typhlosion\n|\n|-heal|p2a: Dusknoir|39/225|[from] item: Leftovers\n|upkeep\n|turn|17\n|inactive|wang_zj has 120 seconds left.\n|-message|wang_zj forfeited.\n|\n|win|lalalaplant\n", "uploadtime": 1781415051, "views": 5, "formatid": "gen9randombattle", "rating": null, "private": 0, "password": null}