{"id": "gen9randombattle-2631969788", "format": "[Gen 9] Random Battle", "players": ["tiziown", "gangsta spongebob"], "log": "|j|\u2606tiziown\n|j|\u2606gangsta spongebob\n|t:|1781461165\n|gametype|singles\n|player|p1|tiziown|rocker-gen3|2053\n|player|p2|gangsta spongebob|101|2004\n|gen|9\n|tier|[Gen 9] Random Battle\n|rated|\n|rule|Species Clause: Limit one of each Pok\u00e9mon\n|rule|HP Percentage Mod: HP is shown in percentages\n|rule|Sleep Clause Mod: Limit one foe put to sleep\n|rule|Illusion Level Mod: Illusion disguises the Pok\u00e9mon's true level\n|\n|t:|1781461165\n|teamsize|p1|6\n|teamsize|p2|6\n|start\n|switch|p1a: Brute Bonnet|Brute Bonnet, L80|309/309\n|switch|p2a: Grimmsnarl|Grimmsnarl, L83, M|293/293\n|turn|1\n|inactive|Battle timer is ON: inactive players will automatically lose when time's up. (requested by tiziown)\n|\n|t:|1781461192\n|switch|p2a: Hitmontop|Hitmontop, L88, M|231/231\n|-end|p1a: Brute Bonnet|Protosynthesis|[silent]\n|switch|p1a: Whiscash|Whiscash, L88, F|337/337\n|\n|upkeep\n|turn|2\n|\n|t:|1781461213\n|move|p2a: Hitmontop|Rapid Spin|p1a: Whiscash\n|-damage|p1a: Whiscash|278/337\n|-boost|p2a: Hitmontop|spe|1\n|move|p1a: Whiscash|Stealth Rock|p2a: Hitmontop\n|-sidestart|p2: gangsta spongebob|move: Stealth Rock\n|\n|-heal|p1a: Whiscash|299/337|[from] item: Leftovers\n|upkeep\n|turn|3\n|\n|t:|1781461224\n|move|p2a: Hitmontop|Bulk Up|p2a: Hitmontop\n|-boost|p2a: Hitmontop|atk|1\n|-boost|p2a: Hitmontop|def|1\n|move|p1a: Whiscash|Spikes|p2a: Hitmontop\n|-sidestart|p2: gangsta spongebob|Spikes\n|\n|-heal|p1a: Whiscash|320/337|[from] item: Leftovers\n|upkeep\n|turn|4\n|\n|t:|1781461232\n|switch|p1a: Lunala|Lunala, L70|308/308\n|move|p2a: Hitmontop|Rapid Spin|p1a: Lunala\n|-immune|p1a: Lunala\n|\n|upkeep\n|turn|5\n|inactive|tiziown has 120 seconds left.\n|inactive|tiziown has 90 seconds left.\n|\n|t:|1781461297\n|-terastallize|p2a: Hitmontop|Ice\n|move|p2a: Hitmontop|Triple Axel|p1a: Lunala\n|-damage|p1a: Lunala|278/308\n|-damage|p1a: Lunala|163/308\n|-damage|p1a: Lunala|0 fnt\n|faint|p1a: Lunala\n|-hitcount|p1: Lunala|3\n|\n|upkeep\n|inactive|tiziown has 90 seconds left.\n|\n|t:|1781461321\n|switch|p1a: Spidops|Spidops, L96, M|271/271\n|turn|6\n|\n|t:|1781461343\n|move|p2a: Hitmontop|Rapid Spin|p1a: Spidops\n|-crit|p1a: Spidops\n|-damage|p1a: Spidops|167/271\n|-boost|p2a: Hitmontop|spe|1\n|-sideend|p2: gangsta spongebob|Spikes|[from] move: Rapid Spin|[of] p2a: Hitmontop\n|-sideend|p2: gangsta spongebob|Stealth Rock|[from] move: Rapid Spin|[of] p2a: Hitmontop\n|move|p1a: Spidops|Circle Throw|p2a: Hitmontop\n|-supereffective|p2a: Hitmontop\n|-damage|p2a: Hitmontop|171/231\n|drag|p2a: Gliscor|Gliscor, L76, M|239/239\n|\n|-status|p2a: Gliscor|tox|[from] item: Toxic Orb\n|upkeep\n|turn|7\n|\n|t:|1781461356\n|move|p2a: Gliscor|Substitute|p2a: Gliscor\n|-start|p2a: Gliscor|Substitute\n|-damage|p2a: Gliscor|180/239 tox\n|move|p1a: Spidops|Toxic Spikes|p2a: Gliscor\n|-sidestart|p2: gangsta spongebob|move: Toxic Spikes\n|\n|-heal|p2a: Gliscor|209/239 tox|[from] ability: Poison Heal\n|upkeep\n|turn|8\n|\n|t:|1781461369\n|move|p2a: Gliscor|Toxic|p1a: Spidops\n|-status|p1a: Spidops|tox\n|move|p1a: Spidops|Toxic Spikes|p2a: Gliscor\n|-sidestart|p2: gangsta spongebob|move: Toxic Spikes\n|\n|-heal|p2a: Gliscor|238/239 tox|[from] ability: Poison Heal\n|-damage|p1a: Spidops|151/271 tox|[from] psn\n|upkeep\n|turn|9\n|\n|t:|1781461377\n|move|p2a: Gliscor|Earthquake|p1a: Spidops\n|-resisted|p1a: Spidops\n|-damage|p1a: Spidops|115/271 tox\n|move|p1a: Spidops|Sticky Web|p2a: Gliscor\n|-sidestart|p2: gangsta spongebob|move: Sticky Web\n|\n|-heal|p2a: Gliscor|239/239 tox|[from] ability: Poison Heal\n|-damage|p1a: Spidops|83/271 tox|[from] psn\n|upkeep\n|turn|10\n|\n|t:|1781461388\n|move|p2a: Gliscor|Earthquake|p1a: Spidops\n|-resisted|p1a: Spidops\n|-damage|p1a: Spidops|47/271 tox\n|move|p1a: Spidops|Circle Throw|p2a: Gliscor\n|-resisted|p2a: Gliscor\n|-activate|p2a: Gliscor|move: Substitute|[damage]\n|\n|-damage|p1a: Spidops|0 fnt|[from] psn\n|faint|p1a: Spidops\n|upkeep\n|inactive|tiziown has 60 seconds left.\n|\n|t:|1781461426\n|switch|p1a: Crabominable|Crabominable, L90, M|321/321\n|turn|11\n|\n|t:|1781461432\n|move|p2a: Gliscor|Toxic|p1a: Crabominable\n|-status|p1a: Crabominable|tox\n|move|p1a: Crabominable|Ice Hammer|p2a: Gliscor\n|-supereffective|p2a: Gliscor\n|-end|p2a: Gliscor|Substitute\n|-unboost|p1a: Crabominable|spe|1\n|\n|-damage|p1a: Crabominable|301/321 tox|[from] psn\n|upkeep\n|turn|12\n|\n|t:|1781461447\n|move|p2a: Gliscor|Substitute|p2a: Gliscor\n|-start|p2a: Gliscor|Substitute\n|-damage|p2a: Gliscor|180/239 tox\n|move|p1a: Crabominable|Ice Hammer|p2a: Gliscor\n|-supereffective|p2a: Gliscor\n|-end|p2a: Gliscor|Substitute\n|-unboost|p1a: Crabominable|spe|1\n|\n|-heal|p2a: Gliscor|209/239 tox|[from] ability: Poison Heal\n|-damage|p1a: Crabominable|261/321 tox|[from] psn\n|upkeep\n|turn|13\n|\n|t:|1781461459\n|switch|p1a: Whiscash|Whiscash, L88, F|320/337\n|move|p2a: Gliscor|Substitute|p2a: Gliscor\n|-start|p2a: Gliscor|Substitute\n|-damage|p2a: Gliscor|150/239 tox\n|\n|-heal|p1a: Whiscash|337/337|[from] item: Leftovers\n|-heal|p2a: Gliscor|179/239 tox|[from] ability: Poison Heal\n|upkeep\n|turn|14\n|\n|t:|1781461476\n|-terastallize|p1a: Whiscash|Poison\n|move|p2a: Gliscor|Protect|p2a: Gliscor\n|-singleturn|p2a: Gliscor|Protect\n|move|p1a: Whiscash|Hydro Pump|p2a: Gliscor\n|-activate|p2a: Gliscor|move: Protect\n|\n|-heal|p2a: Gliscor|208/239 tox|[from] ability: Poison Heal\n|upkeep\n|turn|15\n|\n|t:|1781461485\n|move|p2a: Gliscor|Earthquake|p1a: Whiscash\n|-supereffective|p1a: Whiscash\n|-damage|p1a: Whiscash|139/337\n|move|p1a: Whiscash|Hydro Pump|p2a: Gliscor\n|-supereffective|p2a: Gliscor\n|-end|p2a: Gliscor|Substitute\n|\n|-heal|p1a: Whiscash|160/337|[from] item: Leftovers\n|-heal|p2a: Gliscor|237/239 tox|[from] ability: Poison Heal\n|upkeep\n|turn|16\n|\n|t:|1781461490\n|move|p2a: Gliscor|Earthquake|p1a: Whiscash\n|-supereffective|p1a: Whiscash\n|-damage|p1a: Whiscash|0 fnt\n|faint|p1a: Whiscash\n|\n|-heal|p2a: Gliscor|239/239 tox|[from] ability: Poison Heal\n|upkeep\n|\n|t:|1781461492\n|switch|p1a: Brute Bonnet|Brute Bonnet, L80|309/309\n|turn|17\n|\n|t:|1781461498\n|move|p2a: Gliscor|Substitute|p2a: Gliscor\n|-start|p2a: Gliscor|Substitute\n|-damage|p2a: Gliscor|180/239 tox\n|move|p1a: Brute Bonnet|Crunch|p2a: Gliscor\n|-end|p2a: Gliscor|Substitute\n|\n|-heal|p2a: Gliscor|209/239 tox|[from] ability: Poison Heal\n|upkeep\n|turn|18\n|\n|t:|1781461512\n|-end|p1a: Brute Bonnet|Protosynthesis|[silent]\n|switch|p1a: Crabominable|Crabominable, L90, M|261/321 tox\n|move|p2a: Gliscor|Toxic|p1a: Crabominable\n|-fail|p1a: Crabominable|tox\n|\n|-heal|p2a: Gliscor|238/239 tox|[from] ability: Poison Heal\n|-damage|p1a: Crabominable|241/321 tox|[from] psn\n|upkeep\n|turn|19\n|\n|t:|1781461526\n|move|p2a: Gliscor|Protect|p2a: Gliscor\n|-singleturn|p2a: Gliscor|Protect\n|move|p1a: Crabominable|Ice Hammer|p2a: Gliscor\n|-activate|p2a: Gliscor|move: Protect\n|\n|-heal|p2a: Gliscor|239/239 tox|[from] ability: Poison Heal\n|-damage|p1a: Crabominable|201/321 tox|[from] psn\n|upkeep\n|turn|20\n|\n|t:|1781461535\n|move|p2a: Gliscor|Substitute|p2a: Gliscor\n|-start|p2a: Gliscor|Substitute\n|-damage|p2a: Gliscor|180/239 tox\n|move|p1a: Crabominable|Ice Hammer|p2a: Gliscor\n|-supereffective|p2a: Gliscor\n|-end|p2a: Gliscor|Substitute\n|-unboost|p1a: Crabominable|spe|1\n|\n|-heal|p2a: Gliscor|209/239 tox|[from] ability: Poison Heal\n|-damage|p1a: Crabominable|141/321 tox|[from] psn\n|upkeep\n|turn|21\n|-message|tiziown forfeited.\n|\n|win|gangsta spongebob\n", "uploadtime": 1781461167, "views": 5, "formatid": "gen9randombattle", "rating": null, "private": 0, "password": null}