{"id": "gen9randombattle-2631562905", "format": "[Gen 9] Random Battle", "players": ["kaikalos", "faze dialga"], "log": "|j|\u2606kaikalos\n|j|\u2606faze dialga\n|t:|1781401767\n|gametype|singles\n|player|p1|kaikalos|schoolkid|1379\n|player|p2|faze dialga|169|1390\n|gen|9\n|tier|[Gen 9] Random Battle\n|rated|\n|rule|Species Clause: Limit one of each Pok\u00e9mon\n|rule|HP Percentage Mod: HP is shown in percentages\n|rule|Sleep Clause Mod: Limit one foe put to sleep\n|rule|Illusion Level Mod: Illusion disguises the Pok\u00e9mon's true level\n|\n|t:|1781401767\n|teamsize|p1|6\n|teamsize|p2|6\n|start\n|switch|p1a: Emboar|Emboar, L84, F|322/322\n|switch|p2a: Goodra|Goodra, L85, F|292/292\n|turn|1\n|inactive|Battle timer is ON: inactive players will automatically lose when time's up. (requested by kaikalos)\n|\n|t:|1781401786\n|move|p2a: Goodra|Draco Meteor|p1a: Emboar\n|-damage|p1a: Emboar|121/322\n|-unboost|p2a: Goodra|spa|2\n|move|p1a: Emboar|Bulk Up|p1a: Emboar\n|-boost|p1a: Emboar|atk|1\n|-boost|p1a: Emboar|def|1\n|\n|-heal|p1a: Emboar|141/322|[from] item: Leftovers\n|upkeep\n|turn|2\n|\n|t:|1781401796\n|move|p2a: Goodra|Draco Meteor|p1a: Emboar\n|-damage|p1a: Emboar|50/322\n|-unboost|p2a: Goodra|spa|2\n|move|p1a: Emboar|Drain Punch|p2a: Goodra\n|-damage|p2a: Goodra|136/292\n|-heal|p1a: Emboar|128/322|[from] drain|[of] p2a: Goodra\n|\n|-heal|p1a: Emboar|148/322|[from] item: Leftovers\n|upkeep\n|turn|3\n|\n|t:|1781401813\n|switch|p2a: Weezing|Weezing, L88, M|258/258\n|move|p1a: Emboar|Drain Punch|p2a: Weezing\n|-resisted|p2a: Weezing\n|-damage|p2a: Weezing|205/258\n|-heal|p1a: Emboar|175/322|[from] drain|[of] p2a: Weezing\n|\n|-heal|p1a: Emboar|195/322|[from] item: Leftovers\n|-heal|p2a: Weezing|221/258|[from] item: Leftovers\n|upkeep\n|turn|4\n|\n|t:|1781401818\n|move|p1a: Emboar|Bulk Up|p1a: Emboar\n|-boost|p1a: Emboar|atk|1\n|-boost|p1a: Emboar|def|1\n|move|p2a: Weezing|Toxic Spikes|p1a: Emboar\n|-sidestart|p1: kaikalos|move: Toxic Spikes\n|\n|-heal|p1a: Emboar|215/322|[from] item: Leftovers\n|-heal|p2a: Weezing|237/258|[from] item: Leftovers\n|upkeep\n|turn|5\n|\n|t:|1781401825\n|move|p1a: Emboar|Trailblaze|p2a: Weezing\n|-resisted|p2a: Weezing\n|-damage|p2a: Weezing|205/258\n|-boost|p1a: Emboar|spe|1\n|move|p2a: Weezing|Gunk Shot|p1a: Emboar\n|-damage|p1a: Emboar|134/322\n|-status|p1a: Emboar|psn\n|\n|-heal|p1a: Emboar|154/322 psn|[from] item: Leftovers\n|-heal|p2a: Weezing|221/258|[from] item: Leftovers\n|-damage|p1a: Emboar|114/322 psn|[from] psn\n|upkeep\n|turn|6\n|\n|t:|1781401836\n|move|p1a: Emboar|Flare Blitz|p2a: Weezing\n|-damage|p2a: Weezing|0 fnt\n|faint|p2a: Weezing\n|-damage|p1a: Emboar|41/322 psn|[from] Recoil\n|\n|-heal|p1a: Emboar|61/322 psn|[from] item: Leftovers\n|-damage|p1a: Emboar|21/322 psn|[from] psn\n|upkeep\n|\n|t:|1781401853\n|switch|p2a: Goodra|Goodra, L85, F|136/292\n|turn|7\n|\n|t:|1781401858\n|move|p1a: Emboar|Drain Punch|p2a: Goodra\n|-damage|p2a: Goodra|0 fnt\n|-heal|p1a: Emboar|89/322 psn|[from] drain|[of] p2a: Goodra\n|faint|p2a: Goodra\n|\n|-heal|p1a: Emboar|109/322 psn|[from] item: Leftovers\n|-damage|p1a: Emboar|69/322 psn|[from] psn\n|upkeep\n|\n|t:|1781401863\n|switch|p2a: Florges|Florges-White, L85, F|271/271\n|turn|8\n|\n|t:|1781401868\n|move|p1a: Emboar|Flare Blitz|p2a: Florges\n|-damage|p2a: Florges|0 fnt\n|faint|p2a: Florges\n|-damage|p1a: Emboar|0 fnt|[from] Recoil\n|faint|p1a: Emboar\n|\n|upkeep\n|\n|t:|1781401878\n|switch|p2a: Magcargo|Magcargo, L95, M|268/268\n|switch|p1a: Cramorant|Cramorant, L86, M|261/261\n|turn|9\n|\n|t:|1781401885\n|switch|p2a: Malamar|Malamar, L82, M|275/275\n|move|p1a: Cramorant|Surf|p2a: Malamar\n|-formechange|p1a: Cramorant|Cramorant-Gulping|\n|-damage|p2a: Malamar|172/275\n|\n|-heal|p2a: Malamar|189/275|[from] item: Leftovers\n|upkeep\n|turn|10\n|\n|t:|1781401896\n|move|p1a: Cramorant|Brave Bird|p2a: Malamar\n|-damage|p2a: Malamar|60/275\n|-damage|p1a: Cramorant|218/261|[from] Recoil\n|move|p2a: Malamar|Superpower|p1a: Cramorant\n|-resisted|p1a: Cramorant\n|-damage|p1a: Cramorant|169/261\n|-boost|p2a: Malamar|atk|1\n|-boost|p2a: Malamar|def|1\n|-damage|p2a: Malamar|0 fnt|[from] ability: Gulp Missile|[of] p1a: Cramorant\n|-formechange|p1a: Cramorant|Cramorant|\n|faint|p2a: Malamar\n|\n|upkeep\n|-message|faze dialga forfeited.\n|\n|win|kaikalos\n|raw|kaikalos's rating: 1379 &rarr; <strong>1400</strong><br />(+21 for winning)\n|raw|faze dialga's rating: 1390 &rarr; <strong>1369</strong><br />(-21 for losing)\n|l|\u2606faze dialga\n|player|p2|\n", "uploadtime": 1781401933, "views": 11, "formatid": "gen9randombattle", "rating": 1369, "private": 0, "password": null}