{"id": "gen9randombattle-2631794990", "format": "[Gen 9] Random Battle", "players": ["Valentina17", "UTJUTJ"], "log": "|j|\u2606Valentina17\n|j|\u2606UTJUTJ\n|t:|1781440770\n|gametype|singles\n|player|p1|Valentina17|parasollady|1918\n|player|p2|UTJUTJ|101|1966\n|gen|9\n|tier|[Gen 9] Random Battle\n|rated|\n|rule|Species Clause: Limit one of each Pok\u00e9mon\n|rule|HP Percentage Mod: HP is shown in percentages\n|rule|Sleep Clause Mod: Limit one foe put to sleep\n|rule|Illusion Level Mod: Illusion disguises the Pok\u00e9mon's true level\n|\n|t:|1781440770\n|teamsize|p1|6\n|teamsize|p2|6\n|start\n|switch|p1a: Krookodile|Krookodile, L79, M|280/280\n|switch|p2a: Lokix|Lokix, L82, M|251/251\n|-ability|p1a: Krookodile|Intimidate|boost\n|-unboost|p2a: Lokix|atk|1\n|turn|1\n|inactive|Battle timer is ON: inactive players will automatically lose when time's up. (requested by Valentina17)\n|\n|t:|1781440776\n|move|p2a: Lokix|Swords Dance|p2a: Lokix\n|-boost|p2a: Lokix|atk|2\n|move|p1a: Krookodile|Bulk Up|p1a: Krookodile\n|-boost|p1a: Krookodile|atk|1\n|-boost|p1a: Krookodile|def|1\n|\n|upkeep\n|turn|2\n|\n|t:|1781440783\n|move|p2a: Lokix|Leech Life|p1a: Krookodile\n|-supereffective|p1a: Krookodile\n|-damage|p1a: Krookodile|36/280\n|-damage|p2a: Lokix|226/251|[from] item: Life Orb\n|move|p1a: Krookodile|Knock Off|p2a: Lokix\n|-resisted|p2a: Lokix\n|-damage|p2a: Lokix|142/251\n|-enditem|p2a: Lokix|Life Orb|[from] move: Knock Off|[of] p1a: Krookodile\n|\n|-heal|p1a: Krookodile|53/280|[from] item: Leftovers\n|upkeep\n|turn|3\n|\n|t:|1781440797\n|switch|p1a: Sandslash|Sandslash-Alola, L88, F|275/275\n|move|p2a: Lokix|Leech Life|p1a: Sandslash\n|-resisted|p1a: Sandslash\n|-damage|p1a: Sandslash|179/275\n|-heal|p2a: Lokix|190/251|[from] drain|[of] p1a: Sandslash\n|\n|upkeep\n|turn|4\n|\n|t:|1781440802\n|move|p2a: Lokix|Knock Off|p1a: Sandslash\n|-damage|p1a: Sandslash|62/275\n|-enditem|p1a: Sandslash|Life Orb|[from] move: Knock Off|[of] p2a: Lokix\n|move|p1a: Sandslash|Triple Axel|p2a: Lokix\n|-damage|p2a: Lokix|160/251\n|-damage|p2a: Lokix|106/251\n|-damage|p2a: Lokix|31/251\n|-hitcount|p2a: Lokix|3\n|\n|upkeep\n|turn|5\n|\n|t:|1781440814\n|move|p1a: Sandslash|Ice Shard|p2a: Lokix\n|-damage|p2a: Lokix|0 fnt\n|faint|p2a: Lokix\n|\n|upkeep\n|\n|t:|1781440827\n|switch|p2a: Mightyena|Mightyena, L96, M|290/290\n|-ability|p2a: Mightyena|Intimidate|boost\n|-unboost|p1a: Sandslash|atk|1\n|turn|6\n|\n|t:|1781440832\n|move|p2a: Mightyena|Crunch|p1a: Sandslash\n|-damage|p1a: Sandslash|0 fnt\n|faint|p1a: Sandslash\n|\n|upkeep\n|\n|t:|1781440838\n|switch|p1a: Altaria|Altaria, L89, F|278/278\n|turn|7\n|\n|t:|1781440842\n|move|p1a: Altaria|Dragon Dance|p1a: Altaria\n|-boost|p1a: Altaria|atk|1\n|-boost|p1a: Altaria|spe|1\n|move|p2a: Mightyena|Play Rough|p1a: Altaria|[miss]\n|-miss|p2a: Mightyena|p1a: Altaria\n|\n|upkeep\n|turn|8\n|\n|t:|1781440855\n|switch|p2a: Toedscruel|Toedscruel, L87, M|281/281\n|move|p1a: Altaria|Brave Bird|p2a: Toedscruel\n|-supereffective|p2a: Toedscruel\n|-damage|p2a: Toedscruel|0 fnt\n|faint|p2a: Toedscruel\n|-damage|p1a: Altaria|185/278|[from] Recoil\n|\n|upkeep\n|\n|t:|1781440862\n|switch|p2a: Mightyena|Mightyena, L96, M|290/290\n|-ability|p2a: Mightyena|Intimidate|boost\n|-unboost|p1a: Altaria|atk|1\n|turn|9\n|\n|t:|1781440875\n|move|p1a: Altaria|Roost|p1a: Altaria\n|-heal|p1a: Altaria|278/278\n|-singleturn|p1a: Altaria|move: Roost\n|move|p2a: Mightyena|Play Rough|p1a: Altaria\n|-supereffective|p1a: Altaria\n|-damage|p1a: Altaria|124/278\n|\n|upkeep\n|turn|10\n|\n|t:|1781440883\n|move|p1a: Altaria|Roost|p1a: Altaria\n|-heal|p1a: Altaria|263/278\n|-singleturn|p1a: Altaria|move: Roost\n|move|p2a: Mightyena|Play Rough|p1a: Altaria\n|-supereffective|p1a: Altaria\n|-damage|p1a: Altaria|127/278\n|\n|upkeep\n|turn|11\n|\n|t:|1781440893\n|switch|p1a: Milotic|Milotic, L83, M|293/293\n|move|p2a: Mightyena|Play Rough|p1a: Milotic\n|-damage|p1a: Milotic|208/293\n|\n|-heal|p1a: Milotic|226/293|[from] item: Leftovers\n|upkeep\n|turn|12\n|\n|t:|1781440899\n|move|p2a: Mightyena|Poison Fang|p1a: Milotic\n|-damage|p1a: Milotic|182/293\n|move|p1a: Milotic|Scald|p2a: Mightyena\n|-crit|p2a: Mightyena\n|-damage|p2a: Mightyena|182/290\n|-status|p2a: Mightyena|brn\n|\n|-heal|p1a: Milotic|200/293|[from] item: Leftovers\n|-damage|p2a: Mightyena|164/290 brn|[from] brn\n|upkeep\n|turn|13\n|\n|t:|1781440905\n|move|p2a: Mightyena|Poison Fang|p1a: Milotic\n|-crit|p1a: Milotic\n|-damage|p1a: Milotic|161/293\n|move|p1a: Milotic|Scald|p2a: Mightyena\n|-damage|p2a: Mightyena|95/290 brn\n|\n|-heal|p1a: Milotic|179/293|[from] item: Leftovers\n|-damage|p2a: Mightyena|77/290 brn|[from] brn\n|upkeep\n|turn|14\n|\n|t:|1781440909\n|move|p2a: Mightyena|Poison Fang|p1a: Milotic\n|-damage|p1a: Milotic|157/293\n|-status|p1a: Milotic|tox\n|move|p1a: Milotic|Scald|p2a: Mightyena\n|-damage|p2a: Mightyena|8/290 brn\n|\n|-heal|p1a: Milotic|175/293 tox|[from] item: Leftovers\n|-damage|p1a: Milotic|157/293 tox|[from] psn\n|-damage|p2a: Mightyena|0 fnt|[from] brn\n|faint|p2a: Mightyena\n|upkeep\n|\n|t:|1781440919\n|switch|p2a: Dachsbun|Dachsbun, L92, M|254/254\n|turn|15\n|\n|t:|1781440923\n|switch|p2a: Tatsugiri|Tatsugiri, L87, M|260/260\n|move|p1a: Milotic|Scald|p2a: Tatsugiri\n|-ability|p2a: Tatsugiri|Storm Drain|boost\n|-boost|p2a: Tatsugiri|spa|1\n|\n|-heal|p1a: Milotic|175/293 tox|[from] item: Leftovers\n|-damage|p1a: Milotic|139/293 tox|[from] psn\n|upkeep\n|turn|16\n|\n|t:|1781440930\n|move|p2a: Tatsugiri|Rapid Spin|p1a: Milotic\n|-damage|p1a: Milotic|113/293 tox\n|-boost|p2a: Tatsugiri|spe|1\n|move|p1a: Milotic|Haze|p1a: Milotic\n|-clearallboost\n|\n|-heal|p1a: Milotic|131/293 tox|[from] item: Leftovers\n|-damage|p1a: Milotic|77/293 tox|[from] psn\n|upkeep\n|turn|17\n|\n|t:|1781440938\n|move|p2a: Tatsugiri|Nasty Plot|p2a: Tatsugiri\n|-boost|p2a: Tatsugiri|spa|2\n|move|p1a: Milotic|Ice Beam|p2a: Tatsugiri\n|-damage|p2a: Tatsugiri|198/260\n|\n|-heal|p1a: Milotic|95/293 tox|[from] item: Leftovers\n|-damage|p1a: Milotic|23/293 tox|[from] psn\n|upkeep\n|turn|18\n|\n|t:|1781440944\n|move|p2a: Tatsugiri|Rapid Spin|p1a: Milotic\n|-damage|p1a: Milotic|0 fnt\n|-boost|p2a: Tatsugiri|spe|1\n|faint|p1a: Milotic\n|\n|upkeep\n|\n|t:|1781440962\n|switch|p1a: Krookodile|Krookodile, L79, M|53/280\n|-ability|p1a: Krookodile|Intimidate|boost\n|-unboost|p2a: Tatsugiri|atk|1\n|turn|19\n|\n|t:|1781440967\n|move|p2a: Tatsugiri|Hydro Pump|p1a: Krookodile\n|-supereffective|p1a: Krookodile\n|-damage|p1a: Krookodile|0 fnt\n|faint|p1a: Krookodile\n|\n|upkeep\n|\n|t:|1781440970\n|switch|p1a: Altaria|Altaria, L89, F|127/278\n|turn|20\n|\n|t:|1781440973\n|move|p2a: Tatsugiri|Draco Meteor|p1a: Altaria\n|-supereffective|p1a: Altaria\n|-crit|p1a: Altaria\n|-damage|p1a: Altaria|0 fnt\n|-unboost|p2a: Tatsugiri|spa|2\n|faint|p1a: Altaria\n|\n|upkeep\n|\n|t:|1781440980\n|switch|p1a: Heracross|Heracross, L80, M|259/259\n|turn|21\n|\n|t:|1781440986\n|move|p2a: Tatsugiri|Draco Meteor|p1a: Heracross\n|-damage|p1a: Heracross|78/259\n|-unboost|p2a: Tatsugiri|spa|2\n|move|p1a: Heracross|Trailblaze|p2a: Tatsugiri\n|-damage|p2a: Tatsugiri|150/260\n|-boost|p1a: Heracross|spe|1\n|\n|-status|p1a: Heracross|brn|[from] item: Flame Orb\n|upkeep\n|turn|22\n|\n|t:|1781440995\n|move|p2a: Tatsugiri|Draco Meteor|p1a: Heracross\n|-damage|p1a: Heracross|0 fnt\n|-unboost|p2a: Tatsugiri|spa|2\n|faint|p1a: Heracross\n|\n|upkeep\n|\n|t:|1781440997\n|switch|p1a: Eternatus|Eternatus, L69|308/308\n|-ability|p1a: Eternatus|Pressure\n|turn|23\n|\n|t:|1781441009\n|switch|p2a: Dachsbun|Dachsbun, L92, M|254/254\n|-terastallize|p1a: Eternatus|Fire\n|move|p1a: Eternatus|Meteor Beam||[still]\n|-prepare|p1a: Eternatus|Meteor Beam\n|-boost|p1a: Eternatus|spa|1\n|-enditem|p1a: Eternatus|Power Herb\n|-anim|p1a: Eternatus|Meteor Beam|p2a: Dachsbun|[miss]\n|-miss|p1a: Eternatus|p2a: Dachsbun\n|\n|upkeep\n|turn|24\n|\n|t:|1781441019\n|move|p2a: Dachsbun|Protect|p2a: Dachsbun\n|-singleturn|p2a: Dachsbun|Protect\n|move|p1a: Eternatus|Sludge Bomb|p2a: Dachsbun\n|-activate|p2a: Dachsbun|move: Protect\n|\n|upkeep\n|turn|25\n|\n|t:|1781441026\n|-terastallize|p2a: Dachsbun|Steel\n|move|p2a: Dachsbun|Wish|p2a: Dachsbun\n|move|p1a: Eternatus|Sludge Bomb|p2a: Dachsbun\n|-immune|p2a: Dachsbun\n|\n|upkeep\n|turn|26\n|\n|t:|1781441034\n|move|p2a: Dachsbun|Yawn|p1a: Eternatus\n|-start|p1a: Eternatus|move: Yawn|[of] p2a: Dachsbun\n|move|p1a: Eternatus|Meteor Beam||[still]\n|-prepare|p1a: Eternatus|Meteor Beam\n|-boost|p1a: Eternatus|spa|1\n|\n|upkeep\n|turn|27\n|\n|t:|1781441043\n|move|p2a: Dachsbun|Protect|p2a: Dachsbun\n|-singleturn|p2a: Dachsbun|Protect\n|move|p1a: Eternatus|Meteor Beam|p2a: Dachsbun|[from] lockedmove\n|-activate|p2a: Dachsbun|move: Protect\n|\n|-end|p1a: Eternatus|move: Yawn|[silent]\n|-status|p1a: Eternatus|slp\n|upkeep\n|turn|28\n|\n|t:|1781441050\n|move|p2a: Dachsbun|Yawn||[still]\n|-fail|p2a: Dachsbun\n|cant|p1a: Eternatus|slp\n|\n|upkeep\n|turn|29\n|\n|t:|1781441053\n|move|p2a: Dachsbun|Yawn||[still]\n|-fail|p2a: Dachsbun\n|cant|p1a: Eternatus|slp\n|\n|upkeep\n|turn|30\n|\n|t:|1781441058\n|move|p2a: Dachsbun|Wish|p2a: Dachsbun\n|cant|p1a: Eternatus|slp\n|\n|upkeep\n|turn|31\n|\n|t:|1781441061\n|move|p2a: Dachsbun|Protect|p2a: Dachsbun\n|-singleturn|p2a: Dachsbun|Protect\n|-curestatus|p1a: Eternatus|slp|[msg]\n|move|p1a: Eternatus|Dynamax Cannon|p2a: Dachsbun\n|-activate|p2a: Dachsbun|move: Protect\n|\n|upkeep\n|turn|32\n|\n|t:|1781441067\n|move|p2a: Dachsbun|Play Rough|p1a: Eternatus\n|-resisted|p1a: Eternatus\n|-damage|p1a: Eternatus|248/308\n|move|p1a: Eternatus|Meteor Beam||[still]\n|-prepare|p1a: Eternatus|Meteor Beam\n|-boost|p1a: Eternatus|spa|1\n|\n|upkeep\n|turn|33\n|\n|t:|1781441073\n|move|p2a: Dachsbun|Protect|p2a: Dachsbun\n|-singleturn|p2a: Dachsbun|Protect\n|move|p1a: Eternatus|Meteor Beam|p2a: Dachsbun|[from] lockedmove\n|-activate|p2a: Dachsbun|move: Protect\n|\n|upkeep\n|turn|34\n|\n|t:|1781441079\n|move|p2a: Dachsbun|Yawn|p1a: Eternatus\n|-start|p1a: Eternatus|move: Yawn|[of] p2a: Dachsbun\n|move|p1a: Eternatus|Meteor Beam||[still]\n|-prepare|p1a: Eternatus|Meteor Beam\n|-boost|p1a: Eternatus|spa|1\n|\n|upkeep\n|turn|35\n|\n|t:|1781441085\n|move|p2a: Dachsbun|Protect|p2a: Dachsbun\n|-singleturn|p2a: Dachsbun|Protect\n|move|p1a: Eternatus|Meteor Beam|p2a: Dachsbun|[from] lockedmove\n|-activate|p2a: Dachsbun|move: Protect\n|\n|-end|p1a: Eternatus|move: Yawn|[silent]\n|-status|p1a: Eternatus|slp\n|upkeep\n|turn|36\n|\n|t:|1781441087\n|switch|p2a: Tatsugiri|Tatsugiri, L87, M|150/260\n|cant|p1a: Eternatus|slp\n|\n|upkeep\n|turn|37\n|\n|t:|1781441091\n|-curestatus|p1a: Eternatus|slp|[msg]\n|move|p1a: Eternatus|Dynamax Cannon|p2a: Tatsugiri\n|-supereffective|p2a: Tatsugiri\n|-crit|p2a: Tatsugiri\n|-damage|p2a: Tatsugiri|0 fnt\n|faint|p2a: Tatsugiri\n|\n|upkeep\n|\n|t:|1781441100\n|switch|p2a: Dachsbun|Dachsbun, L92, M, tera:Steel|254/254\n|turn|38\n|\n|t:|1781441104\n|move|p2a: Dachsbun|Yawn|p1a: Eternatus\n|-start|p1a: Eternatus|move: Yawn|[of] p2a: Dachsbun\n|move|p1a: Eternatus|Dynamax Cannon|p2a: Dachsbun\n|-resisted|p2a: Dachsbun\n|-damage|p2a: Dachsbun|116/254\n|\n|-heal|p2a: Dachsbun|131/254|[from] item: Leftovers\n|upkeep\n|turn|39\n|\n|t:|1781441111\n|move|p2a: Dachsbun|Protect|p2a: Dachsbun\n|-singleturn|p2a: Dachsbun|Protect\n|move|p1a: Eternatus|Meteor Beam||[still]\n|-prepare|p1a: Eternatus|Meteor Beam\n|-boost|p1a: Eternatus|spa|1\n|\n|-heal|p2a: Dachsbun|146/254|[from] item: Leftovers\n|-end|p1a: Eternatus|move: Yawn|[silent]\n|-status|p1a: Eternatus|slp\n|upkeep\n|turn|40\n|\n|t:|1781441118\n|move|p2a: Dachsbun|Wish|p2a: Dachsbun\n|cant|p1a: Eternatus|slp\n|\n|-heal|p2a: Dachsbun|161/254|[from] item: Leftovers\n|upkeep\n|turn|41\n|\n|t:|1781441125\n|move|p2a: Dachsbun|Play Rough|p1a: Eternatus\n|-resisted|p1a: Eternatus\n|-damage|p1a: Eternatus|188/308 slp\n|cant|p1a: Eternatus|slp\n|\n|-heal|p2a: Dachsbun|254/254|[from] move: Wish|[wisher] Dachsbun\n|upkeep\n|turn|42\n|\n|t:|1781441138\n|move|p2a: Dachsbun|Wish|p2a: Dachsbun\n|cant|p1a: Eternatus|slp\n|\n|upkeep\n|turn|43\n|\n|t:|1781441142\n|move|p2a: Dachsbun|Play Rough|p1a: Eternatus\n|-resisted|p1a: Eternatus\n|-damage|p1a: Eternatus|128/308 slp\n|-unboost|p1a: Eternatus|atk|1\n|-curestatus|p1a: Eternatus|slp|[msg]\n|move|p1a: Eternatus|Meteor Beam||[still]\n|-prepare|p1a: Eternatus|Meteor Beam\n|-boost|p1a: Eternatus|spa|1\n|\n|upkeep\n|turn|44\n|\n|t:|1781441153\n|move|p2a: Dachsbun|Yawn|p1a: Eternatus\n|-start|p1a: Eternatus|move: Yawn|[of] p2a: Dachsbun\n|move|p1a: Eternatus|Meteor Beam|p2a: Dachsbun|[from] lockedmove\n|-resisted|p2a: Dachsbun\n|-damage|p2a: Dachsbun|88/254\n|\n|-heal|p2a: Dachsbun|103/254|[from] item: Leftovers\n|upkeep\n|turn|45\n|\n|t:|1781441161\n|move|p2a: Dachsbun|Protect|p2a: Dachsbun\n|-singleturn|p2a: Dachsbun|Protect\n|move|p1a: Eternatus|Dynamax Cannon|p2a: Dachsbun\n|-activate|p2a: Dachsbun|move: Protect\n|\n|-heal|p2a: Dachsbun|118/254|[from] item: Leftovers\n|-end|p1a: Eternatus|move: Yawn|[silent]\n|-status|p1a: Eternatus|slp\n|upkeep\n|turn|46\n|\n|t:|1781441169\n|move|p2a: Dachsbun|Wish|p2a: Dachsbun\n|cant|p1a: Eternatus|slp\n|\n|-heal|p2a: Dachsbun|133/254|[from] item: Leftovers\n|upkeep\n|turn|47\n|\n|t:|1781441174\n|move|p2a: Dachsbun|Play Rough|p1a: Eternatus\n|-resisted|p1a: Eternatus\n|-damage|p1a: Eternatus|73/308 slp\n|cant|p1a: Eternatus|slp\n|\n|-heal|p2a: Dachsbun|254/254|[from] move: Wish|[wisher] Dachsbun\n|upkeep\n|turn|48\n|\n|t:|1781441179\n|move|p2a: Dachsbun|Play Rough|p1a: Eternatus\n|-resisted|p1a: Eternatus\n|-damage|p1a: Eternatus|13/308 slp\n|-curestatus|p1a: Eternatus|slp|[msg]\n|move|p1a: Eternatus|Dynamax Cannon|p2a: Dachsbun\n|-resisted|p2a: Dachsbun\n|-damage|p2a: Dachsbun|53/254\n|\n|-heal|p2a: Dachsbun|68/254|[from] item: Leftovers\n|upkeep\n|turn|49\n|\n|t:|1781441189\n|move|p2a: Dachsbun|Play Rough|p1a: Eternatus\n|-resisted|p1a: Eternatus\n|-damage|p1a: Eternatus|0 fnt\n|faint|p1a: Eternatus\n|\n|win|UTJUTJ\n", "uploadtime": 1781440772, "views": 4, "formatid": "gen9randombattle", "rating": null, "private": 0, "password": null}