{"id": "gen9randombattle-2631870446", "format": "[Gen 9] Random Battle", "players": ["jazz78", "diegobiscuits"], "log": "|j|\u2606jazz78\n|j|\u2606diegobiscuits\n|t:|1781450294\n|gametype|singles\n|player|p1|jazz78|ethan|1071\n|player|p2|diegobiscuits|alder|1105\n|gen|9\n|tier|[Gen 9] Random Battle\n|rated|\n|rule|Species Clause: Limit one of each Pok\u00e9mon\n|rule|HP Percentage Mod: HP is shown in percentages\n|rule|Sleep Clause Mod: Limit one foe put to sleep\n|rule|Illusion Level Mod: Illusion disguises the Pok\u00e9mon's true level\n|\n|t:|1781450294\n|teamsize|p1|6\n|teamsize|p2|6\n|start\n|switch|p1a: Amoonguss|Amoonguss, L82, M|321/321\n|switch|p2a: Articuno|Articuno, L86|295/295\n|-ability|p2a: Articuno|Pressure\n|turn|1\n|\n|t:|1781450323\n|move|p2a: Articuno|Freeze-Dry|p1a: Amoonguss\n|-supereffective|p1a: Amoonguss\n|-damage|p1a: Amoonguss|135/321\n|move|p1a: Amoonguss|Spore|p2a: Articuno\n|-status|p2a: Articuno|slp|[from] move: Spore\n|\n|upkeep\n|turn|2\n|\n|t:|1781450350\n|-terastallize|p2a: Articuno|Ground\n|cant|p2a: Articuno|slp\n|move|p1a: Amoonguss|Sludge Bomb|p2a: Articuno\n|-resisted|p2a: Articuno\n|-damage|p2a: Articuno|264/295 slp\n|\n|upkeep\n|turn|3\n|\n|t:|1781450358\n|cant|p2a: Articuno|slp\n|move|p1a: Amoonguss|Giga Drain|p2a: Articuno\n|-supereffective|p2a: Articuno\n|-damage|p2a: Articuno|160/295 slp\n|-heal|p1a: Amoonguss|187/321|[from] drain|[of] p2a: Articuno\n|\n|upkeep\n|turn|4\n|\n|t:|1781450372\n|switch|p1a: Primarina|Primarina, L83, F|268/268\n|-curestatus|p2a: Articuno|slp|[msg]\n|move|p2a: Articuno|Brave Bird|p1a: Primarina\n|-damage|p1a: Primarina|129/268\n|-damage|p2a: Articuno|114/295|[from] Recoil\n|\n|-heal|p1a: Primarina|145/268|[from] item: Leftovers\n|upkeep\n|turn|5\n|\n|t:|1781450391\n|move|p2a: Articuno|Freeze-Dry|p1a: Primarina\n|-supereffective|p1a: Primarina\n|-damage|p1a: Primarina|11/268\n|move|p1a: Primarina|Psychic Noise|p2a: Articuno\n|-supereffective|p2a: Articuno\n|-crit|p2a: Articuno\n|-damage|p2a: Articuno|0 fnt\n|faint|p2a: Articuno\n|\n|-heal|p1a: Primarina|27/268|[from] item: Leftovers\n|upkeep\n|\n|t:|1781450426\n|switch|p2a: Appletun|Appletun, L92, M|352/352\n|turn|6\n|\n|t:|1781450435\n|move|p1a: Primarina|Draining Kiss|p2a: Appletun\n|-supereffective|p2a: Appletun\n|-damage|p2a: Appletun|214/352\n|-heal|p1a: Primarina|131/268|[from] drain|[of] p2a: Appletun\n|move|p2a: Appletun|Apple Acid|p1a: Primarina\n|-supereffective|p1a: Primarina\n|-damage|p1a: Primarina|0 fnt\n|faint|p1a: Primarina\n|\n|-heal|p2a: Appletun|236/352|[from] item: Leftovers\n|upkeep\n|\n|t:|1781450448\n|switch|p1a: Amoonguss|Amoonguss, L82, M|294/321\n|turn|7\n|inactive|Battle timer is ON: inactive players will automatically lose when time's up. (requested by jazz78)\n|\n|t:|1781450473\n|switch|p2a: Bruxish|Bruxish, L85, M|254/254\n|move|p1a: Amoonguss|Sludge Bomb|p2a: Bruxish\n|-damage|p2a: Bruxish|163/254\n|\n|upkeep\n|turn|8\n|\n|t:|1781450486\n|switch|p1a: Meowstic|Meowstic, L89, M|277/277\n|move|p2a: Bruxish|Psychic Fangs|p1a: Meowstic\n|-resisted|p1a: Meowstic\n|-damage|p1a: Meowstic|169/277\n|-damage|p2a: Bruxish|138/254|[from] item: Life Orb\n|\n|upkeep\n|turn|9\n|\n|t:|1781450497\n|move|p1a: Meowstic|Reflect|p1a: Meowstic\n|-sidestart|p1: jazz78|Reflect\n|move|p2a: Bruxish|Crunch|p1a: Meowstic\n|-supereffective|p1a: Meowstic\n|-damage|p1a: Meowstic|48/277\n|-damage|p2a: Bruxish|113/254|[from] item: Life Orb\n|\n|upkeep\n|turn|10\n|\n|t:|1781450505\n|move|p1a: Meowstic|Thunder Wave|p2a: Bruxish\n|-status|p2a: Bruxish|par\n|cant|p2a: Bruxish|par\n|\n|upkeep\n|turn|11\n|\n|t:|1781450514\n|move|p1a: Meowstic|Light Screen|p1a: Meowstic\n|-sidestart|p1: jazz78|move: Light Screen\n|move|p2a: Bruxish|Crunch|p1a: Meowstic\n|-supereffective|p1a: Meowstic\n|-damage|p1a: Meowstic|0 fnt\n|faint|p1a: Meowstic\n|-damage|p2a: Bruxish|88/254 par|[from] item: Life Orb\n|\n|upkeep\n|\n|t:|1781450526\n|switch|p1a: Amoonguss|Amoonguss, L82, M|321/321\n|turn|12\n|\n|t:|1781450532\n|move|p2a: Bruxish|Psychic Fangs|p1a: Amoonguss\n|-sideend|p1: jazz78|Reflect\n|-sideend|p1: jazz78|move: Light Screen\n|-supereffective|p1a: Amoonguss\n|-damage|p1a: Amoonguss|0 fnt\n|-damage|p2a: Bruxish|46/254 par|[from] item: Rocky Helmet|[of] p1a: Amoonguss\n|faint|p1a: Amoonguss\n|-damage|p2a: Bruxish|21/254 par|[from] item: Life Orb\n|\n|upkeep\n|\n|t:|1781450549\n|switch|p1a: Glalie|Glalie, L96, M|309/309\n|turn|13\n|\n|t:|1781450572\n|move|p1a: Glalie|Freeze-Dry|p2a: Bruxish\n|-supereffective|p2a: Bruxish\n|-damage|p2a: Bruxish|0 fnt\n|faint|p2a: Bruxish\n|\n|upkeep\n|\n|t:|1781450586\n|switch|p2a: Haxorus|Haxorus, L77, F|244/244\n|-ability|p2a: Haxorus|Mold Breaker\n|turn|14\n|\n|t:|1781450596\n|move|p1a: Glalie|Freeze-Dry|p2a: Haxorus\n|-supereffective|p2a: Haxorus\n|-damage|p2a: Haxorus|16/244\n|move|p2a: Haxorus|Swords Dance|p2a: Haxorus\n|-boost|p2a: Haxorus|atk|2\n|\n|upkeep\n|turn|15\n|\n|t:|1781450609\n|move|p1a: Glalie|Freeze-Dry|p2a: Haxorus\n|-supereffective|p2a: Haxorus\n|-damage|p2a: Haxorus|0 fnt\n|faint|p2a: Haxorus\n|\n|upkeep\n|\n|t:|1781450616\n|switch|p2a: Indeedee|Indeedee, L84, M|238/238\n|-fieldstart|move: Psychic Terrain|[from] ability: Psychic Surge|[of] p2a: Indeedee\n|turn|16\n|inactive|diegobiscuits has 120 seconds left.\n|\n|t:|1781450650\n|move|p2a: Indeedee|Expanding Force|p1a: Glalie\n|-damage|p1a: Glalie|129/309\n|move|p1a: Glalie|Taunt|p2a: Indeedee\n|-start|p2a: Indeedee|move: Taunt\n|\n|upkeep\n|turn|17\n|\n|t:|1781450661\n|switch|p1a: Torkoal|Torkoal, L88, M|266/266\n|-weather|SunnyDay|[from] ability: Drought|[of] p1a: Torkoal\n|move|p2a: Indeedee|Expanding Force|p1a: Torkoal\n|-damage|p1a: Torkoal|59/266\n|\n|-weather|SunnyDay|[upkeep]\n|upkeep\n|turn|18\n|inactive|diegobiscuits has 120 seconds left.\n|\n|t:|1781450688\n|move|p2a: Indeedee|Expanding Force|p1a: Torkoal\n|-crit|p1a: Torkoal\n|-damage|p1a: Torkoal|0 fnt\n|faint|p1a: Torkoal\n|\n|-weather|SunnyDay|[upkeep]\n|upkeep\n|\n|t:|1781450695\n|switch|p1a: Perrserker|Perrserker, L89, M|269/269\n|turn|19\n|inactive|diegobiscuits has 120 seconds left.\n|\n|t:|1781450718\n|switch|p2a: Alcremie|Alcremie-Ruby-Swirl, L90, F|263/263\n|move|p1a: Perrserker|Stealth Rock|p2a: Alcremie\n|-sidestart|p2: diegobiscuits|move: Stealth Rock\n|\n|-weather|SunnyDay|[upkeep]\n|upkeep\n|turn|20\n|inactive|diegobiscuits has 120 seconds left.\n|\n|t:|1781450739\n|move|p2a: Alcremie|Calm Mind|p2a: Alcremie\n|-boost|p2a: Alcremie|spa|1\n|-boost|p2a: Alcremie|spd|1\n|move|p1a: Perrserker|Iron Head|p2a: Alcremie\n|-supereffective|p2a: Alcremie\n|-damage|p2a: Alcremie|0 fnt\n|faint|p2a: Alcremie\n|-damage|p1a: Perrserker|243/269|[from] item: Life Orb\n|\n|-weather|SunnyDay|[upkeep]\n|-fieldend|move: Psychic Terrain\n|upkeep\n|\n|t:|1781450750\n|switch|p2a: Appletun|Appletun, L92, M|236/352\n|-damage|p2a: Appletun|192/352|[from] Stealth Rock\n|turn|21\n|\n|t:|1781450759\n|move|p1a: Perrserker|U-turn|p2a: Appletun\n|-supereffective|p2a: Appletun\n|-damage|p2a: Appletun|0 fnt\n|faint|p2a: Appletun\n|-damage|p1a: Perrserker|217/269|[from] item: Life Orb\n|\n|t:|1781450767\n|switch|p1a: Glalie|Glalie, L96, M|129/309|[from] U-turn\n|\n|-weather|none\n|upkeep\n|\n|t:|1781450773\n|switch|p2a: Indeedee|Indeedee, L84, M|238/238\n|-damage|p2a: Indeedee|209/238|[from] Stealth Rock\n|-fieldstart|move: Psychic Terrain|[from] ability: Psychic Surge|[of] p2a: Indeedee\n|turn|22\n|inactive|diegobiscuits has 120 seconds left.\n|inactive|diegobiscuits has 90 seconds left.\n|\n|t:|1781450810\n|move|p2a: Indeedee|Expanding Force|p1a: Glalie\n|-damage|p1a: Glalie|0 fnt\n|faint|p1a: Glalie\n|\n|upkeep\n|\n|t:|1781450816\n|switch|p1a: Perrserker|Perrserker, L89, M|217/269\n|turn|23\n|\n|t:|1781450821\n|move|p2a: Indeedee|Expanding Force|p1a: Perrserker\n|-resisted|p1a: Perrserker\n|-damage|p1a: Perrserker|112/269\n|move|p1a: Perrserker|Iron Head|p2a: Indeedee\n|-damage|p2a: Indeedee|0 fnt\n|faint|p2a: Indeedee\n|-damage|p1a: Perrserker|86/269|[from] item: Life Orb\n|\n|win|jazz78\n|raw|jazz78's rating: 1071 &rarr; <strong>1103</strong><br />(+32 for winning)\n|raw|diegobiscuits's rating: 1105 &rarr; <strong>1078</strong><br />(-27 for losing)\n|l|\u2606jazz78\n|player|p1|\n", "uploadtime": 1781450833, "views": 8, "formatid": "gen9randombattle", "rating": 1078, "private": 0, "password": null}