{"id": "gen9randombattle-2631862439", "format": "[Gen 9] Random Battle", "players": ["misfitqt", "smolchezz"], "log": "|j|\u2606misfitqt\n|j|\u2606smolchezz\n|t:|1781449397\n|gametype|singles\n|player|p1|misfitqt|burglar|\n|player|p2|smolchezz|caitlin|\n|gen|9\n|tier|[Gen 9] Random Battle\n|rule|Species Clause: Limit one of each Pok\u00e9mon\n|rule|HP Percentage Mod: HP is shown in percentages\n|rule|Sleep Clause Mod: Limit one foe put to sleep\n|rule|Illusion Level Mod: Illusion disguises the Pok\u00e9mon's true level\n|\n|t:|1781449397\n|teamsize|p1|6\n|teamsize|p2|6\n|start\n|switch|p1a: Trevenant|Trevenant, L89, F|296/296\n|switch|p2a: Copperajah|Copperajah, L86, F|350/350\n|turn|1\n|\n|t:|1781449431\n|move|p1a: Trevenant|Poltergeist|p2a: Copperajah\n|-activate|p2a: Copperajah|move: Poltergeist|Life Orb\n|-damage|p2a: Copperajah|130/350\n|-damage|p1a: Trevenant|267/296|[from] item: Life Orb\n|move|p2a: Copperajah|Stealth Rock|p1a: Trevenant\n|-sidestart|p1: misfitqt|move: Stealth Rock\n|\n|upkeep\n|turn|2\n|c|\u2606smolchezz|jaldi kro\n|\n|t:|1781449450\n|move|p1a: Trevenant|Drain Punch|p2a: Copperajah\n|-supereffective|p2a: Copperajah\n|-damage|p2a: Copperajah|0 fnt\n|-heal|p1a: Trevenant|296/296|[from] drain|[of] p2a: Copperajah\n|faint|p2a: Copperajah\n|-damage|p1a: Trevenant|267/296|[from] item: Life Orb\n|\n|upkeep\n|\n|t:|1781449472\n|switch|p2a: Iron Moth|Iron Moth, L78|253/253\n|turn|3\n|\n|t:|1781449483\n|-terastallize|p1a: Trevenant|Fighting\n|move|p2a: Iron Moth|Fiery Dance|p1a: Trevenant\n|-damage|p1a: Trevenant|159/296\n|-boost|p2a: Iron Moth|spa|1\n|move|p1a: Trevenant|Poltergeist|p2a: Iron Moth\n|-activate|p2a: Iron Moth|move: Poltergeist|Heavy-Duty Boots\n|-damage|p2a: Iron Moth|6/253\n|-damage|p1a: Trevenant|130/296|[from] item: Life Orb\n|\n|upkeep\n|turn|4\n|\n|t:|1781449498\n|move|p2a: Iron Moth|Fiery Dance|p1a: Trevenant\n|-damage|p1a: Trevenant|0 fnt\n|-boost|p2a: Iron Moth|spa|1\n|faint|p1a: Trevenant\n|\n|upkeep\n|\n|t:|1781449511\n|switch|p1a: Hariyama|Hariyama, L87, F|392/392\n|-damage|p1a: Hariyama|368/392|[from] Stealth Rock\n|turn|5\n|\n|t:|1781449521\n|move|p1a: Hariyama|Bullet Punch|p2a: Iron Moth\n|-resisted|p2a: Iron Moth\n|-damage|p2a: Iron Moth|0 fnt\n|faint|p2a: Iron Moth\n|-end|p2a: Iron Moth|Quark Drive|[silent]\n|\n|-status|p1a: Hariyama|brn|[from] item: Flame Orb\n|upkeep\n|\n|t:|1781449544\n|switch|p2a: Oranguru|Oranguru, L92, F|315/315\n|turn|6\n|\n|t:|1781449567\n|switch|p1a: Umbreon|Umbreon, L84, F|297/297\n|-damage|p1a: Umbreon|260/297|[from] Stealth Rock\n|move|p2a: Oranguru|Psyshock|p1a: Umbreon\n|-immune|p1a: Umbreon\n|\n|-heal|p1a: Umbreon|278/297|[from] item: Leftovers\n|upkeep\n|turn|7\n|\n|t:|1781449588\n|switch|p2a: Conkeldurr|Conkeldurr, L80, M|299/299\n|move|p1a: Umbreon|Toxic|p2a: Conkeldurr\n|-status|p2a: Conkeldurr|tox\n|\n|-heal|p1a: Umbreon|296/297|[from] item: Leftovers\n|-damage|p2a: Conkeldurr|281/299 tox|[from] psn\n|upkeep\n|turn|8\n|\n|t:|1781449609\n|move|p1a: Umbreon|Protect|p1a: Umbreon\n|-singleturn|p1a: Umbreon|Protect\n|move|p2a: Conkeldurr|Facade|p1a: Umbreon\n|-activate|p1a: Umbreon|move: Protect\n|\n|-heal|p1a: Umbreon|297/297|[from] item: Leftovers\n|-damage|p2a: Conkeldurr|245/299 tox|[from] psn\n|upkeep\n|turn|9\n|\n|t:|1781449641\n|move|p1a: Umbreon|Wish|p1a: Umbreon\n|move|p2a: Conkeldurr|Facade|p1a: Umbreon\n|-damage|p1a: Umbreon|139/297\n|\n|-heal|p1a: Umbreon|157/297|[from] item: Leftovers\n|-damage|p2a: Conkeldurr|191/299 tox|[from] psn\n|upkeep\n|turn|10\n|\n|t:|1781449651\n|move|p1a: Umbreon|Protect|p1a: Umbreon\n|-singleturn|p1a: Umbreon|Protect\n|move|p2a: Conkeldurr|Facade|p1a: Umbreon\n|-activate|p1a: Umbreon|move: Protect\n|\n|-heal|p1a: Umbreon|297/297|[from] move: Wish|[wisher] Umbreon\n|-damage|p2a: Conkeldurr|119/299 tox|[from] psn\n|upkeep\n|turn|11\n|\n|t:|1781449677\n|switch|p1a: Kricketune|Kricketune, L99, M|312/312\n|move|p2a: Conkeldurr|Close Combat|p1a: Kricketune\n|-resisted|p1a: Kricketune\n|-damage|p1a: Kricketune|156/312\n|-unboost|p2a: Conkeldurr|def|1\n|-unboost|p2a: Conkeldurr|spd|1\n|\n|-damage|p2a: Conkeldurr|29/299 tox|[from] psn\n|upkeep\n|turn|12\n|c|\u2606misfitqt|Read\n|\n|t:|1781449700\n|move|p2a: Conkeldurr|Mach Punch|p1a: Kricketune\n|-resisted|p1a: Kricketune\n|-damage|p1a: Kricketune|104/312\n|move|p1a: Kricketune|Sticky Web|p2a: Conkeldurr\n|-sidestart|p2: smolchezz|move: Sticky Web\n|\n|-damage|p2a: Conkeldurr|0 fnt|[from] psn\n|faint|p2a: Conkeldurr\n|upkeep\n|c|\u2606misfitqt|Read\n|\n|t:|1781449724\n|switch|p2a: Oranguru|Oranguru, L92, F|315/315\n|-activate|p2a: Oranguru|move: Sticky Web\n|-unboost|p2a: Oranguru|spe|1\n|turn|13\n|\n|t:|1781449745\n|move|p1a: Kricketune|Knock Off|p2a: Oranguru\n|-supereffective|p2a: Oranguru\n|-damage|p2a: Oranguru|137/315\n|-enditem|p2a: Oranguru|Choice Specs|[from] move: Knock Off|[of] p1a: Kricketune\n|move|p2a: Oranguru|Trick|p1a: Kricketune\n|-activate|p2a: Oranguru|move: Trick|[of] p1a: Kricketune\n|-enditem|p1a: Kricketune|Heavy-Duty Boots|[silent]|[from] move: Trick\n|-item|p2a: Oranguru|Heavy-Duty Boots|[from] move: Trick\n|\n|upkeep\n|turn|14\n|c|\u2606misfitqt|Lmao rip nt\n|\n|t:|1781449762\n|move|p1a: Kricketune|Pounce|p2a: Oranguru\n|-supereffective|p2a: Oranguru\n|-damage|p2a: Oranguru|0 fnt\n|faint|p2a: Oranguru\n|\n|upkeep\n|c|\u2606misfitqt|Tatti\n|\n|t:|1781449781\n|switch|p2a: Gothitelle|Gothitelle, L90, F|272/272\n|-activate|p2a: Gothitelle|move: Sticky Web\n|-unboost|p2a: Gothitelle|spe|1\n|turn|15\n|\n|t:|1781449798\n|-terastallize|p2a: Gothitelle|Ghost\n|move|p1a: Kricketune|Knock Off|p2a: Gothitelle\n|-supereffective|p2a: Gothitelle\n|-damage|p2a: Gothitelle|130/272\n|-enditem|p2a: Gothitelle|Leftovers|[from] move: Knock Off|[of] p1a: Kricketune\n|move|p2a: Gothitelle|Calm Mind|p2a: Gothitelle\n|-boost|p2a: Gothitelle|spa|1\n|-boost|p2a: Gothitelle|spd|1\n|\n|upkeep\n|turn|16\n|\n|t:|1781449814\n|move|p1a: Kricketune|Taunt|p2a: Gothitelle\n|-start|p2a: Gothitelle|move: Taunt\n|move|p2a: Gothitelle|Psychic Noise|p1a: Kricketune\n|-damage|p1a: Kricketune|0 fnt\n|faint|p1a: Kricketune\n|\n|upkeep\n|\n|t:|1781449829\n|switch|p1a: Umbreon|Umbreon, L84, F|297/297\n|-damage|p1a: Umbreon|260/297|[from] Stealth Rock\n|turn|17\n|\n|t:|1781449838\n|move|p1a: Umbreon|Foul Play|p2a: Gothitelle\n|-supereffective|p2a: Gothitelle\n|-damage|p2a: Gothitelle|40/272\n|move|p2a: Gothitelle|Focus Blast|p1a: Umbreon\n|-supereffective|p1a: Umbreon\n|-damage|p1a: Umbreon|56/297\n|\n|-heal|p1a: Umbreon|74/297|[from] item: Leftovers\n|upkeep\n|turn|18\n|\n|t:|1781449849\n|move|p1a: Umbreon|Foul Play|p2a: Gothitelle\n|-supereffective|p2a: Gothitelle\n|-damage|p2a: Gothitelle|0 fnt\n|faint|p2a: Gothitelle\n|\n|-heal|p1a: Umbreon|92/297|[from] item: Leftovers\n|upkeep\n|\n|t:|1781449860\n|switch|p2a: Barraskewda|Barraskewda, L81, F|231/231\n|-activate|p2a: Barraskewda|move: Sticky Web\n|-unboost|p2a: Barraskewda|spe|1\n|turn|19\n|\n|t:|1781449872\n|move|p2a: Barraskewda|Waterfall|p1a: Umbreon\n|-damage|p1a: Umbreon|0 fnt\n|faint|p1a: Umbreon\n|\n|upkeep\n|\n|t:|1781449884\n|switch|p1a: Hariyama|Hariyama, L87, F|368/392 brn\n|-damage|p1a: Hariyama|344/392 brn|[from] Stealth Rock\n|turn|20\n|\n|t:|1781449891\n|move|p2a: Barraskewda|Waterfall|p1a: Hariyama\n|-damage|p1a: Hariyama|155/392 brn\n|cant|p1a: Hariyama|flinch\n|\n|-damage|p1a: Hariyama|131/392 brn|[from] brn\n|upkeep\n|turn|21\n|\n|t:|1781449907\n|move|p1a: Hariyama|Bullet Punch|p2a: Barraskewda\n|-resisted|p2a: Barraskewda\n|-damage|p2a: Barraskewda|192/231\n|move|p2a: Barraskewda|Waterfall|p1a: Hariyama\n|-damage|p1a: Hariyama|0 fnt\n|faint|p1a: Hariyama\n|\n|upkeep\n|c|\u2606misfitqt|Lucky\n|c|\u2606misfitqt|Player\n|c|\u2606smolchezz|my abikity\n|\n|t:|1781449922\n|switch|p1a: Dedenne|Dedenne, L88, M|261/261\n|-damage|p1a: Dedenne|229/261|[from] Stealth Rock\n|turn|22\n|c|\u2606smolchezz|bruh\n|\n|t:|1781449931\n|move|p1a: Dedenne|Thunderbolt|p2a: Barraskewda\n|-supereffective|p2a: Barraskewda\n|-damage|p2a: Barraskewda|0 fnt\n|faint|p2a: Barraskewda\n|\n|win|misfitqt\n|l|\u2606smolchezz\n|player|p2|\n", "uploadtime": 1781449940, "views": 2, "formatid": "gen9randombattle", "rating": null, "private": 0, "password": null}