{"id": "gen9randombattle-2631816339", "format": "[Gen 9] Random Battle", "players": ["MrDustintun", "Barniekiller42064"], "log": "|j|\u2606MrDustintun\n|j|\u2606Barniekiller42064\n|t:|1781443776\n|gametype|singles\n|player|p1|MrDustintun|1|2059\n|player|p2|Barniekiller42064|crasherwake|2093\n|gen|9\n|tier|[Gen 9] Random Battle\n|rated|\n|rule|Species Clause: Limit one of each Pok\u00e9mon\n|rule|HP Percentage Mod: HP is shown in percentages\n|rule|Sleep Clause Mod: Limit one foe put to sleep\n|rule|Illusion Level Mod: Illusion disguises the Pok\u00e9mon's true level\n|\n|t:|1781443776\n|teamsize|p1|6\n|teamsize|p2|6\n|start\n|switch|p1a: Espathra|Espathra, L80, F|283/283\n|switch|p2a: Chi-Yu|Chi-Yu, L77|211/211\n|-ability|p2a: Chi-Yu|Beads of Ruin\n|turn|1\n|inactive|Battle timer is ON: inactive players will automatically lose when time's up. (requested by Barniekiller42064)\n|\n|t:|1781443806\n|move|p1a: Espathra|U-turn|p2a: Chi-Yu\n|-damage|p2a: Chi-Yu|171/211\n|\n|t:|1781443809\n|switch|p1a: Emboar|Emboar, L84, F|322/322|[from] U-turn\n|move|p2a: Chi-Yu|Nasty Plot|p2a: Chi-Yu\n|-boost|p2a: Chi-Yu|spa|2\n|\n|upkeep\n|turn|2\n|\n|t:|1781443825\n|switch|p2a: Noivern|Noivern, L82, M|274/274\n|move|p1a: Emboar|Close Combat|p2a: Noivern\n|-resisted|p2a: Noivern\n|-damage|p2a: Noivern|138/274\n|-unboost|p1a: Emboar|def|1\n|-unboost|p1a: Emboar|spd|1\n|\n|upkeep\n|turn|3\n|\n|t:|1781443842\n|switch|p1a: Clodsire|Clodsire, L81, F|343/343\n|move|p2a: Noivern|Hurricane|p1a: Clodsire\n|-damage|p1a: Clodsire|249/343\n|-start|p1a: Clodsire|confusion\n|\n|-heal|p1a: Clodsire|270/343|[from] item: Leftovers\n|upkeep\n|turn|4\n|\n|t:|1781443851\n|switch|p2a: Mewtwo|Mewtwo, L72|272/272\n|-ability|p2a: Mewtwo|Pressure\n|-activate|p1a: Clodsire|confusion\n|move|p1a: Clodsire|Gunk Shot|p2a: Mewtwo|[miss]\n|-miss|p1a: Clodsire|p2a: Mewtwo\n|\n|-heal|p1a: Clodsire|291/343|[from] item: Leftovers\n|upkeep\n|turn|5\n|\n|t:|1781443866\n|switch|p1a: Shaymin|Shaymin, L82|298/298\n|move|p2a: Mewtwo|Psystrike|p1a: Shaymin\n|-damage|p1a: Shaymin|169/298\n|-damage|p2a: Mewtwo|245/272|[from] item: Life Orb\n|\n|-heal|p1a: Shaymin|187/298|[from] item: Leftovers\n|upkeep\n|turn|6\n|\n|t:|1781443877\n|switch|p2a: Noivern|Noivern, L82, M|138/274\n|move|p1a: Shaymin|Synthesis|p1a: Shaymin\n|-heal|p1a: Shaymin|298/298\n|\n|upkeep\n|turn|7\n|\n|t:|1781443894\n|switch|p2a: Mewtwo|Mewtwo, L72|245/272\n|-ability|p2a: Mewtwo|Pressure\n|switch|p1a: Espathra|Espathra, L80, F|283/283\n|\n|upkeep\n|turn|8\n|\n|t:|1781443904\n|-terastallize|p2a: Mewtwo|Dark\n|move|p2a: Mewtwo|Dark Pulse|p1a: Espathra\n|-supereffective|p1a: Espathra\n|-crit|p1a: Espathra\n|-damage|p1a: Espathra|0 fnt\n|faint|p1a: Espathra\n|-damage|p2a: Mewtwo|218/272|[from] item: Life Orb\n|\n|upkeep\n|\n|t:|1781443916\n|switch|p1a: Shaymin|Shaymin, L82|298/298\n|turn|9\n|\n|t:|1781443923\n|switch|p2a: Farigiraf|Farigiraf, L90, M|362/362\n|move|p1a: Shaymin|Seed Flare|p2a: Farigiraf\n|-ability|p2a: Farigiraf|Sap Sipper|boost\n|-boost|p2a: Farigiraf|atk|1\n|\n|upkeep\n|turn|10\n|\n|t:|1781443948\n|switch|p1a: Clodsire|Clodsire, L81, F|291/343\n|move|p2a: Farigiraf|Body Slam|p1a: Clodsire\n|-damage|p1a: Clodsire|81/343\n|\n|-heal|p1a: Clodsire|102/343|[from] item: Leftovers\n|upkeep\n|turn|11\n|\n|t:|1781443952\n|move|p2a: Farigiraf|Body Slam|p1a: Clodsire\n|-damage|p1a: Clodsire|0 fnt\n|faint|p1a: Clodsire\n|\n|upkeep\n|\n|t:|1781443959\n|switch|p1a: Emboar|Emboar, L84, F|322/322\n|turn|12\n|\n|t:|1781443962\n|move|p2a: Farigiraf|Body Slam|p1a: Emboar\n|-damage|p1a: Emboar|138/322\n|move|p1a: Emboar|Flare Blitz|p2a: Farigiraf\n|-damage|p2a: Farigiraf|44/362\n|-damage|p1a: Emboar|33/322|[from] Recoil\n|\n|-heal|p2a: Farigiraf|66/362|[from] item: Leftovers\n|upkeep\n|turn|13\n|\n|t:|1781443968\n|move|p2a: Farigiraf|Body Slam|p1a: Emboar\n|-damage|p1a: Emboar|0 fnt\n|faint|p1a: Emboar\n|\n|-heal|p2a: Farigiraf|88/362|[from] item: Leftovers\n|upkeep\n|\n|t:|1781443973\n|switch|p1a: Raichu|Raichu, L88, F|249/249\n|turn|14\n|\n|t:|1781443981\n|switch|p2a: Noivern|Noivern, L82, M|138/274\n|move|p1a: Raichu|Thunderbolt|p2a: Noivern\n|-damage|p2a: Noivern|0 fnt\n|faint|p2a: Noivern\n|-damage|p1a: Raichu|225/249|[from] item: Life Orb\n|\n|upkeep\n|\n|t:|1781443983\n|switch|p2a: Sudowoodo|Sudowoodo, L94, F|284/284\n|turn|15\n|\n|t:|1781444003\n|move|p1a: Raichu|Surf|p2a: Sudowoodo\n|-supereffective|p2a: Sudowoodo\n|-damage|p2a: Sudowoodo|105/284\n|-damage|p1a: Raichu|201/249|[from] item: Life Orb\n|move|p2a: Sudowoodo|Head Smash|p1a: Raichu\n|-damage|p1a: Raichu|0 fnt\n|faint|p1a: Raichu\n|\n|-heal|p2a: Sudowoodo|122/284|[from] item: Leftovers\n|upkeep\n|\n|t:|1781444007\n|switch|p1a: Shaymin|Shaymin, L82|298/298\n|turn|16\n|\n|t:|1781444011\n|move|p1a: Shaymin|Earth Power|p2a: Sudowoodo\n|-supereffective|p2a: Sudowoodo\n|-damage|p2a: Sudowoodo|0 fnt\n|faint|p2a: Sudowoodo\n|\n|upkeep\n|\n|t:|1781444014\n|switch|p2a: Farigiraf|Farigiraf, L90, M|88/362\n|turn|17\n|\n|t:|1781444046\n|move|p1a: Shaymin|Air Slash|p2a: Farigiraf\n|-damage|p2a: Farigiraf|33/362\n|move|p2a: Farigiraf|Wish|p2a: Farigiraf\n|\n|-heal|p2a: Farigiraf|55/362|[from] item: Leftovers\n|upkeep\n|turn|18\n|\n|t:|1781444052\n|switch|p1a: Venomoth|Venomoth, L84, M|255/255\n|move|p2a: Farigiraf|Protect||[still]\n|-fail|p2a: Farigiraf\n|\n|-heal|p2a: Farigiraf|236/362|[from] move: Wish|[wisher] Farigiraf\n|-heal|p2a: Farigiraf|258/362|[from] item: Leftovers\n|upkeep\n|turn|19\n|\n|t:|1781444061\n|-terastallize|p1a: Venomoth|Water\n|move|p1a: Venomoth|Quiver Dance|p1a: Venomoth\n|-boost|p1a: Venomoth|spa|1\n|-boost|p1a: Venomoth|spd|1\n|-boost|p1a: Venomoth|spe|1\n|move|p2a: Farigiraf|Body Slam|p1a: Venomoth\n|-damage|p1a: Venomoth|116/255\n|-status|p1a: Venomoth|par\n|\n|-heal|p2a: Farigiraf|280/362|[from] item: Leftovers\n|upkeep\n|turn|20\n|\n|t:|1781444067\n|move|p2a: Farigiraf|Body Slam|p1a: Venomoth\n|-damage|p1a: Venomoth|0 fnt\n|faint|p1a: Venomoth\n|\n|-heal|p2a: Farigiraf|302/362|[from] item: Leftovers\n|upkeep\n|c|\u2606MrDustintun|gg\n|-message|MrDustintun forfeited.\n|\n|win|Barniekiller42064\n", "uploadtime": 1781443778, "views": 3, "formatid": "gen9randombattle", "rating": null, "private": 0, "password": null}