{"id": "gen9randombattle-2631613917", "format": "[Gen 9] Random Battle", "players": ["General Nova64", "faaskaas"], "log": "|j|\u2606General Nova64\n|j|\u2606faaskaas\n|t:|1781409015\n|gametype|singles\n|player|p1|General Nova64|169|2080\n|player|p2|faaskaas|hiker-gen4|2101\n|gen|9\n|tier|[Gen 9] Random Battle\n|rated|\n|rule|Species Clause: Limit one of each Pok\u00e9mon\n|rule|HP Percentage Mod: HP is shown in percentages\n|rule|Sleep Clause Mod: Limit one foe put to sleep\n|rule|Illusion Level Mod: Illusion disguises the Pok\u00e9mon's true level\n|\n|t:|1781409015\n|teamsize|p1|6\n|teamsize|p2|6\n|start\n|switch|p1a: Iron Treads|Iron Treads, L77|265/265\n|switch|p2a: Flutter Mane|Flutter Mane, L74|203/203\n|turn|1\n|inactive|Battle timer is ON: inactive players will automatically lose when time's up. (requested by faaskaas)\n|\n|t:|1781409025\n|-end|p2a: Flutter Mane|Protosynthesis|[silent]\n|switch|p2a: Tentacruel|Tentacruel, L84, F|272/272\n|move|p1a: Iron Treads|Stealth Rock|p2a: Tentacruel\n|-sidestart|p2: faaskaas|move: Stealth Rock\n|\n|upkeep\n|turn|2\n|\n|t:|1781409032\n|move|p2a: Tentacruel|Rapid Spin|p1a: Iron Treads\n|-resisted|p1a: Iron Treads\n|-damage|p1a: Iron Treads|252/265\n|-boost|p2a: Tentacruel|spe|1\n|-sideend|p2: faaskaas|Stealth Rock|[from] move: Rapid Spin|[of] p2a: Tentacruel\n|move|p1a: Iron Treads|Earthquake|p2a: Tentacruel\n|-supereffective|p2a: Tentacruel\n|-damage|p2a: Tentacruel|12/272\n|\n|-heal|p1a: Iron Treads|265/265|[from] item: Leftovers\n|upkeep\n|turn|3\n|\n|t:|1781409040\n|switch|p2a: Sinistcha|Sinistcha-Masterpiece, L83|254/254\n|move|p1a: Iron Treads|Rapid Spin|p2a: Sinistcha\n|-immune|p2a: Sinistcha\n|\n|upkeep\n|turn|4\n|\n|t:|1781409044\n|-end|p1a: Iron Treads|Quark Drive|[silent]\n|switch|p1a: Bombirdier|Bombirdier, L85, M|258/258\n|move|p2a: Sinistcha|Calm Mind|p2a: Sinistcha\n|-boost|p2a: Sinistcha|spa|1\n|-boost|p2a: Sinistcha|spd|1\n|\n|upkeep\n|turn|5\n|\n|t:|1781409047\n|switch|p2a: Tentacruel|Tentacruel, L84, F|12/272\n|move|p1a: Bombirdier|Knock Off|p2a: Tentacruel\n|-damage|p2a: Tentacruel|0 fnt\n|-enditem|p2a: Tentacruel|Assault Vest|[from] move: Knock Off|[of] p1a: Bombirdier\n|faint|p2a: Tentacruel\n|\n|upkeep\n|\n|t:|1781409051\n|switch|p2a: Flutter Mane|Flutter Mane, L74|203/203\n|turn|6\n|\n|t:|1781409056\n|move|p1a: Bombirdier|Knock Off|p2a: Flutter Mane\n|-damage|p2a: Flutter Mane|41/203\n|-enditem|p2a: Flutter Mane|Choice Specs|[from] move: Knock Off|[of] p1a: Bombirdier\n|move|p2a: Flutter Mane|Moonblast|p1a: Bombirdier\n|-supereffective|p1a: Bombirdier\n|-damage|p1a: Bombirdier|42/258\n|\n|upkeep\n|turn|7\n|\n|t:|1781409062\n|-end|p2a: Flutter Mane|Protosynthesis|[silent]\n|switch|p2a: Whimsicott|Whimsicott, L84, M|238/238\n|move|p1a: Bombirdier|Knock Off|p2a: Whimsicott\n|-resisted|p2a: Whimsicott\n|-damage|p2a: Whimsicott|186/238\n|-enditem|p2a: Whimsicott|Leftovers|[from] move: Knock Off|[of] p1a: Bombirdier\n|\n|upkeep\n|turn|8\n|\n|t:|1781409068\n|switch|p1a: Iron Treads|Iron Treads, L77|265/265\n|move|p2a: Whimsicott|Leech Seed|p1a: Iron Treads\n|-start|p1a: Iron Treads|move: Leech Seed\n|\n|-damage|p1a: Iron Treads|232/265|[from] Leech Seed|[of] p2a: Whimsicott\n|-heal|p2a: Whimsicott|219/238|[silent]\n|upkeep\n|turn|9\n|\n|t:|1781409074\n|move|p2a: Whimsicott|Substitute|p2a: Whimsicott\n|-start|p2a: Whimsicott|Substitute\n|-damage|p2a: Whimsicott|160/238\n|move|p1a: Iron Treads|Stealth Rock|p2a: Whimsicott\n|-sidestart|p2: faaskaas|move: Stealth Rock\n|\n|-heal|p1a: Iron Treads|248/265|[from] item: Leftovers\n|-damage|p1a: Iron Treads|215/265|[from] Leech Seed|[of] p2a: Whimsicott\n|-heal|p2a: Whimsicott|193/238|[silent]\n|upkeep\n|turn|10\n|\n|t:|1781409082\n|-end|p1a: Iron Treads|Quark Drive|[silent]\n|switch|p1a: Abomasnow|Abomasnow, L84, F|287/287\n|-weather|Snowscape|[from] ability: Snow Warning|[of] p1a: Abomasnow\n|move|p2a: Whimsicott|Encore||[still]\n|-fail|p2a: Whimsicott\n|\n|-weather|Snowscape|[upkeep]\n|upkeep\n|turn|11\n|\n|t:|1781409087\n|switch|p2a: Luvdisc|Luvdisc, M|247/247\n|move|p1a: Abomasnow|Blizzard|p2a: Luvdisc\n|-resisted|p2a: Luvdisc\n|-damage|p2a: Luvdisc|193/247\n|\n|-weather|Snowscape|[upkeep]\n|upkeep\n|turn|12\n|\n|t:|1781409096\n|switch|p1a: Komala|Komala, L88, F|258/258\n|-ability|p1a: Komala|Comatose\n|move|p2a: Luvdisc|Substitute|p2a: Luvdisc\n|-start|p2a: Luvdisc|Substitute\n|-damage|p2a: Luvdisc|132/247\n|\n|-weather|Snowscape|[upkeep]\n|upkeep\n|turn|13\n|\n|t:|1781409108\n|move|p2a: Luvdisc|Whirlpool|p1a: Komala\n|-crit|p1a: Komala\n|-damage|p1a: Komala|213/258\n|-activate|p1a: Komala|move: Whirlpool|[of] p2a: Luvdisc\n|move|p1a: Komala|U-turn|p2a: Luvdisc\n|-end|p2a: Luvdisc|Substitute\n|\n|t:|1781409114\n|switch|p1a: Bombirdier|Bombirdier, L85, M|42/258|[from] U-turn\n|\n|-weather|Snowscape|[upkeep]\n|upkeep\n|turn|14\n|\n|t:|1781409119\n|switch|p2a: Whimsicott|Whimsicott, L84, M|193/238\n|-damage|p2a: Whimsicott|164/238|[from] Stealth Rock\n|move|p1a: Bombirdier|Knock Off|p2a: Whimsicott\n|-resisted|p2a: Whimsicott\n|-damage|p2a: Whimsicott|125/238\n|\n|-weather|none\n|upkeep\n|turn|15\n|\n|t:|1781409124\n|switch|p1a: Abomasnow|Abomasnow, L84, F|287/287\n|-weather|Snowscape|[from] ability: Snow Warning|[of] p1a: Abomasnow\n|move|p2a: Whimsicott|Leech Seed|p1a: Abomasnow\n|-immune|p1a: Abomasnow\n|\n|-weather|Snowscape|[upkeep]\n|upkeep\n|turn|16\n|\n|t:|1781409131\n|switch|p2a: Luvdisc|Luvdisc, M|132/247\n|move|p1a: Abomasnow|Blizzard|p2a: Luvdisc\n|-resisted|p2a: Luvdisc\n|-damage|p2a: Luvdisc|69/247\n|\n|-weather|Snowscape|[upkeep]\n|upkeep\n|turn|17\n|\n|t:|1781409136\n|switch|p1a: Komala|Komala, L88, F|213/258\n|-ability|p1a: Komala|Comatose\n|move|p2a: Luvdisc|Endeavor|p1a: Komala\n|-damage|p1a: Komala|69/258\n|\n|-weather|Snowscape|[upkeep]\n|upkeep\n|turn|18\n|\n|t:|1781409143\n|move|p2a: Luvdisc|Surf|p1a: Komala\n|-damage|p1a: Komala|5/258\n|move|p1a: Komala|U-turn|p2a: Luvdisc\n|-damage|p2a: Luvdisc|0 fnt\n|faint|p2a: Luvdisc\n|\n|t:|1781409150\n|switch|p1a: Bombirdier|Bombirdier, L85, M|42/258|[from] U-turn\n|\n|-weather|Snowscape|[upkeep]\n|upkeep\n|\n|t:|1781409160\n|switch|p2a: Whimsicott|Whimsicott, L84, M|125/238\n|-damage|p2a: Whimsicott|96/238|[from] Stealth Rock\n|turn|19\n|\n|t:|1781409167\n|move|p2a: Whimsicott|Substitute|p2a: Whimsicott\n|-start|p2a: Whimsicott|Substitute\n|-damage|p2a: Whimsicott|37/238\n|move|p1a: Bombirdier|Stone Edge|p2a: Whimsicott\n|-crit|p2a: Whimsicott\n|-end|p2a: Whimsicott|Substitute\n|\n|-weather|none\n|upkeep\n|turn|20\n|\n|t:|1781409172\n|move|p2a: Whimsicott|Leech Seed|p1a: Bombirdier\n|-hint|Since gen 7, Dark is immune to Prankster moves.\n|-immune|p1a: Bombirdier\n|move|p1a: Bombirdier|Stone Edge|p2a: Whimsicott\n|-damage|p2a: Whimsicott|0 fnt\n|faint|p2a: Whimsicott\n|\n|upkeep\n|\n|t:|1781409182\n|switch|p2a: Sinistcha|Sinistcha-Masterpiece, L83|254/254\n|-damage|p2a: Sinistcha|223/254|[from] Stealth Rock\n|turn|21\n|\n|t:|1781409189\n|switch|p1a: Komala|Komala, L88, F|5/258\n|-ability|p1a: Komala|Comatose\n|move|p2a: Sinistcha|Strength Sap|p1a: Komala\n|-unboost|p1a: Komala|atk|1\n|-heal|p2a: Sinistcha|254/254\n|\n|upkeep\n|turn|22\n|\n|t:|1781409197\n|move|p1a: Komala|U-turn|p2a: Sinistcha\n|-damage|p2a: Sinistcha|214/254\n|\n|t:|1781409205\n|switch|p1a: Abomasnow|Abomasnow, L84, F|287/287|[from] U-turn\n|-weather|Snowscape|[from] ability: Snow Warning|[of] p1a: Abomasnow\n|move|p2a: Sinistcha|Calm Mind|p2a: Sinistcha\n|-boost|p2a: Sinistcha|spa|1\n|-boost|p2a: Sinistcha|spd|1\n|\n|-weather|Snowscape|[upkeep]\n|-heal|p2a: Sinistcha|229/254|[from] item: Leftovers\n|upkeep\n|turn|23\n|\n|t:|1781409209\n|move|p2a: Sinistcha|Shadow Ball|p1a: Abomasnow\n|-damage|p1a: Abomasnow|133/287\n|move|p1a: Abomasnow|Blizzard|p2a: Sinistcha\n|-supereffective|p2a: Sinistcha\n|-damage|p2a: Sinistcha|77/254\n|\n|-weather|Snowscape|[upkeep]\n|-heal|p2a: Sinistcha|92/254|[from] item: Leftovers\n|upkeep\n|turn|24\n|\n|t:|1781409218\n|move|p2a: Sinistcha|Shadow Ball|p1a: Abomasnow\n|-damage|p1a: Abomasnow|0 fnt\n|faint|p1a: Abomasnow\n|\n|-weather|Snowscape|[upkeep]\n|-heal|p2a: Sinistcha|107/254|[from] item: Leftovers\n|upkeep\n|\n|t:|1781409220\n|switch|p1a: Bombirdier|Bombirdier, L85, M|42/258\n|turn|25\n|\n|t:|1781409228\n|move|p1a: Bombirdier|Knock Off|p2a: Sinistcha\n|-supereffective|p2a: Sinistcha\n|-damage|p2a: Sinistcha|0 fnt\n|-enditem|p2a: Sinistcha|Leftovers|[from] move: Knock Off|[of] p1a: Bombirdier\n|faint|p2a: Sinistcha\n|\n|-weather|Snowscape|[upkeep]\n|upkeep\n|-message|faaskaas forfeited.\n|\n|win|General Nova64\n", "uploadtime": 1781409017, "views": 4, "formatid": "gen9randombattle", "rating": null, "private": 0, "password": null}