{"id": "gen9randombattle-2632007147", "format": "[Gen 9] Random Battle", "players": ["lykatuchi", "Goonelajtis"], "log": "|j|\u2606lykatuchi\n|j|\u2606Goonelajtis\n|t:|1781465270\n|gametype|singles\n|player|p1|lykatuchi|ethan|1972\n|player|p2|Goonelajtis|pokemaniac|1967\n|gen|9\n|tier|[Gen 9] Random Battle\n|rated|\n|rule|Species Clause: Limit one of each Pok\u00e9mon\n|rule|HP Percentage Mod: HP is shown in percentages\n|rule|Sleep Clause Mod: Limit one foe put to sleep\n|rule|Illusion Level Mod: Illusion disguises the Pok\u00e9mon's true level\n|\n|t:|1781465270\n|teamsize|p1|6\n|teamsize|p2|6\n|start\n|switch|p1a: Mudsdale|Mudsdale, L83, F|302/302\n|switch|p2a: Drednaw|Drednaw, L81, F|278/278\n|turn|1\n|\n|t:|1781465280\n|switch|p2a: Scrafty|Scrafty, L83, M|244/244\n|-ability|p2a: Scrafty|Intimidate|boost\n|-unboost|p1a: Mudsdale|atk|1\n|move|p1a: Mudsdale|Earthquake|p2a: Scrafty\n|-damage|p2a: Scrafty|172/244\n|\n|-heal|p2a: Scrafty|187/244|[from] item: Leftovers\n|upkeep\n|turn|2\n|\n|t:|1781465298\n|switch|p2a: Alcremie|Alcremie-Rainbow-Swirl, L90, F|263/263\n|move|p1a: Mudsdale|Roar|p2a: Alcremie\n|drag|p2a: Drednaw|Drednaw, L81, F|278/278\n|\n|upkeep\n|turn|3\n|\n|t:|1781465308\n|move|p2a: Drednaw|Shell Smash|p2a: Drednaw\n|-unboost|p2a: Drednaw|def|1\n|-unboost|p2a: Drednaw|spd|1\n|-boost|p2a: Drednaw|atk|2\n|-boost|p2a: Drednaw|spa|2\n|-boost|p2a: Drednaw|spe|2\n|-enditem|p2a: Drednaw|White Herb\n|-clearnegativeboost|p2a: Drednaw|[silent]\n|move|p1a: Mudsdale|Earthquake|p2a: Drednaw\n|-supereffective|p2a: Drednaw\n|-damage|p2a: Drednaw|116/278\n|\n|upkeep\n|turn|4\n|\n|t:|1781465318\n|switch|p1a: Zekrom|Zekrom, L71|259/259\n|-ability|p1a: Zekrom|Teravolt\n|move|p2a: Drednaw|Liquidation|p1a: Zekrom\n|-resisted|p1a: Zekrom\n|-damage|p1a: Zekrom|175/259\n|-unboost|p1a: Zekrom|def|1\n|\n|-heal|p1a: Zekrom|191/259|[from] item: Leftovers\n|upkeep\n|turn|5\n|\n|t:|1781465329\n|-terastallize|p1a: Zekrom|Grass\n|move|p2a: Drednaw|Stone Edge|p1a: Zekrom\n|-damage|p1a: Zekrom|0 fnt\n|faint|p1a: Zekrom\n|\n|upkeep\n|\n|t:|1781465333\n|switch|p1a: Mudsdale|Mudsdale, L83, F|302/302\n|turn|6\n|\n|t:|1781465336\n|move|p2a: Drednaw|Liquidation|p1a: Mudsdale\n|-supereffective|p1a: Mudsdale\n|-damage|p1a: Mudsdale|0 fnt\n|faint|p1a: Mudsdale\n|\n|upkeep\n|\n|t:|1781465338\n|switch|p1a: Persian|Persian, L92, M|269/269\n|turn|7\n|\n|t:|1781465343\n|move|p2a: Drednaw|Liquidation|p1a: Persian\n|-damage|p1a: Persian|32/269\n|move|p1a: Persian|Double-Edge|p2a: Drednaw\n|-resisted|p2a: Drednaw\n|-damage|p2a: Drednaw|34/278\n|-damage|p1a: Persian|5/269|[from] Recoil\n|\n|upkeep\n|turn|8\n|\n|t:|1781465347\n|move|p2a: Drednaw|Liquidation|p1a: Persian\n|-damage|p1a: Persian|0 fnt\n|faint|p1a: Persian\n|\n|upkeep\n|\n|t:|1781465349\n|switch|p1a: Munkidori|Munkidori, L79, M|269/269\n|turn|9\n|\n|t:|1781465352\n|move|p1a: Munkidori|Fake Out|p2a: Drednaw\n|-resisted|p2a: Drednaw\n|-damage|p2a: Drednaw|24/278\n|-status|p2a: Drednaw|tox|[from] ability: Toxic Chain|[of] p1a: Munkidori\n|cant|p2a: Drednaw|flinch\n|\n|-damage|p2a: Drednaw|7/278 tox|[from] psn\n|upkeep\n|turn|10\n|\n|t:|1781465361\n|move|p2a: Drednaw|Earthquake|p1a: Munkidori\n|-supereffective|p1a: Munkidori\n|-damage|p1a: Munkidori|0 fnt\n|faint|p1a: Munkidori\n|\n|-damage|p2a: Drednaw|0 fnt|[from] psn\n|faint|p2a: Drednaw\n|upkeep\n|\n|t:|1781465366\n|switch|p1a: Regidrago|Regidrago, L77|435/435\n|switch|p2a: Dewgong|Dewgong, L94, F|322/322\n|turn|11\n|\n|t:|1781465368\n|move|p2a: Dewgong|Ice Beam|p1a: Regidrago\n|-supereffective|p1a: Regidrago\n|-crit|p1a: Regidrago\n|-damage|p1a: Regidrago|0 fnt\n|faint|p1a: Regidrago\n|\n|upkeep\n|-message|lykatuchi forfeited.\n|\n|win|Goonelajtis\n", "uploadtime": 1781465272, "views": 5, "formatid": "gen9randombattle", "rating": null, "private": 0, "password": null}