{"id": "gen9randombattle-2631911837", "format": "[Gen 9] Random Battle", "players": ["smasher04", "drnecrotizer"], "log": "|j|\u2606smasher04\n|j|\u2606drnecrotizer\n|t:|1781454822\n|gametype|singles\n|player|p1|smasher04|twins-gen4|2046\n|player|p2|drnecrotizer|265|2065\n|gen|9\n|tier|[Gen 9] Random Battle\n|rated|\n|rule|Species Clause: Limit one of each Pok\u00e9mon\n|rule|HP Percentage Mod: HP is shown in percentages\n|rule|Sleep Clause Mod: Limit one foe put to sleep\n|rule|Illusion Level Mod: Illusion disguises the Pok\u00e9mon's true level\n|\n|t:|1781454822\n|teamsize|p1|6\n|teamsize|p2|6\n|start\n|switch|p1a: Mesprit|Mesprit, L85|275/275\n|switch|p2a: Hariyama|Hariyama, L87, M|392/392\n|turn|1\n|\n|t:|1781454851\n|move|p1a: Mesprit|Psychic Noise|p2a: Hariyama\n|-supereffective|p2a: Hariyama\n|-damage|p2a: Hariyama|240/392\n|-start|p2a: Hariyama|move: Heal Block\n|move|p2a: Hariyama|Knock Off|p1a: Mesprit\n|-supereffective|p1a: Mesprit\n|-damage|p1a: Mesprit|121/275\n|-enditem|p1a: Mesprit|Leftovers|[from] move: Knock Off|[of] p2a: Hariyama\n|\n|upkeep\n|turn|2\n|\n|t:|1781454859\n|switch|p2a: Morpeko|Morpeko, L88, M|245/245\n|move|p1a: Mesprit|Psychic Noise|p2a: Morpeko\n|-immune|p2a: Morpeko\n|\n|-formechange|p2a: Morpeko|Morpeko-Hangry||[from] ability: Hunger Switch\n|upkeep\n|turn|3\n|\n|t:|1781454867\n|switch|p1a: Grimmsnarl|Grimmsnarl, L83, M|293/293\n|move|p2a: Morpeko|Aura Wheel|p1a: Grimmsnarl\n|-resisted|p1a: Grimmsnarl\n|-damage|p1a: Grimmsnarl|254/293\n|-boost|p2a: Morpeko|spe|1\n|\n|-formechange|p2a: Morpeko|Morpeko||[from] ability: Hunger Switch\n|upkeep\n|turn|4\n|inactive|Battle timer is ON: inactive players will automatically lose when time's up. (requested by drnecrotizer)\n|\n|t:|1781454880\n|switch|p2a: Glalie|Glalie, L96, F|309/309\n|move|p1a: Grimmsnarl|Reflect|p1a: Grimmsnarl\n|-sidestart|p1: smasher04|Reflect\n|\n|upkeep\n|turn|5\n|\n|t:|1781454887\n|switch|p1a: Komala|Komala, L88, F|258/258\n|-ability|p1a: Komala|Comatose\n|move|p2a: Glalie|Spikes|p1a: Komala\n|-sidestart|p1: smasher04|Spikes\n|\n|upkeep\n|turn|6\n|\n|t:|1781454901\n|move|p2a: Glalie|Freeze-Dry|p1a: Komala\n|-damage|p1a: Komala|206/258\n|move|p1a: Komala|Rapid Spin|p2a: Glalie\n|-damage|p2a: Glalie|249/309\n|-boost|p1a: Komala|spe|1\n|-sideend|p1: smasher04|Spikes|[from] move: Rapid Spin|[of] p1a: Komala\n|\n|upkeep\n|turn|7\n|\n|t:|1781454906\n|move|p1a: Komala|Body Slam|p2a: Glalie\n|-damage|p2a: Glalie|134/309\n|move|p2a: Glalie|Freeze-Dry|p1a: Komala\n|-damage|p1a: Komala|152/258\n|\n|upkeep\n|turn|8\n|\n|t:|1781454911\n|move|p1a: Komala|Body Slam|p2a: Glalie\n|-damage|p2a: Glalie|23/309\n|move|p2a: Glalie|Freeze-Dry|p1a: Komala\n|-damage|p1a: Komala|101/258\n|\n|upkeep\n|turn|9\n|\n|t:|1781454916\n|move|p1a: Komala|Knock Off|p2a: Glalie\n|-damage|p2a: Glalie|0 fnt\n|-enditem|p2a: Glalie|Heavy-Duty Boots|[from] move: Knock Off|[of] p1a: Komala\n|faint|p2a: Glalie\n|\n|upkeep\n|\n|t:|1781454925\n|switch|p2a: Hariyama|Hariyama, L87, M|240/392\n|turn|10\n|\n|t:|1781454929\n|move|p1a: Komala|U-turn|p2a: Hariyama\n|-resisted|p2a: Hariyama\n|-damage|p2a: Hariyama|201/392\n|\n|t:|1781454931\n|switch|p1a: Mesprit|Mesprit, L85|121/275|[from] U-turn\n|move|p2a: Hariyama|Close Combat|p1a: Mesprit\n|-resisted|p1a: Mesprit\n|-damage|p1a: Mesprit|86/275\n|-unboost|p2a: Hariyama|def|1\n|-unboost|p2a: Hariyama|spd|1\n|\n|upkeep\n|turn|11\n|\n|t:|1781454936\n|switch|p2a: Uxie|Uxie, L83|260/260\n|move|p1a: Mesprit|Drain Punch|p2a: Uxie\n|-resisted|p2a: Uxie\n|-damage|p2a: Uxie|239/260\n|-heal|p1a: Mesprit|97/275|[from] drain|[of] p2a: Uxie\n|\n|-heal|p2a: Uxie|255/260|[from] item: Leftovers\n|-sideend|p1: smasher04|Reflect\n|upkeep\n|turn|12\n|\n|t:|1781454947\n|move|p2a: Uxie|U-turn|p1a: Mesprit\n|-supereffective|p1a: Mesprit\n|-damage|p1a: Mesprit|27/275\n|\n|t:|1781454955\n|switch|p2a: Morpeko|Morpeko, L88, M|245/245|[from] U-turn\n|move|p1a: Mesprit|Thunder Wave|p2a: Morpeko\n|-immune|p2a: Morpeko\n|\n|-formechange|p2a: Morpeko|Morpeko-Hangry||[from] ability: Hunger Switch\n|upkeep\n|turn|13\n|\n|t:|1781454961\n|switch|p1a: Grimmsnarl|Grimmsnarl, L83, M|254/293\n|move|p2a: Morpeko|Knock Off|p1a: Grimmsnarl\n|-resisted|p1a: Grimmsnarl\n|-damage|p1a: Grimmsnarl|219/293\n|-enditem|p1a: Grimmsnarl|Light Clay|[from] move: Knock Off|[of] p2a: Morpeko\n|\n|-formechange|p2a: Morpeko|Morpeko||[from] ability: Hunger Switch\n|upkeep\n|turn|14\n|\n|t:|1781454968\n|move|p1a: Grimmsnarl|Reflect|p1a: Grimmsnarl\n|-sidestart|p1: smasher04|Reflect\n|move|p2a: Morpeko|Aura Wheel|p1a: Grimmsnarl\n|-damage|p1a: Grimmsnarl|144/293\n|-boost|p2a: Morpeko|spe|1\n|\n|-formechange|p2a: Morpeko|Morpeko-Hangry||[from] ability: Hunger Switch\n|upkeep\n|turn|15\n|\n|t:|1781454975\n|move|p2a: Morpeko|Protect|p2a: Morpeko\n|-singleturn|p2a: Morpeko|Protect\n|move|p1a: Grimmsnarl|Spirit Break|p2a: Morpeko\n|-activate|p2a: Morpeko|move: Protect\n|\n|-formechange|p2a: Morpeko|Morpeko||[from] ability: Hunger Switch\n|upkeep\n|turn|16\n|\n|t:|1781454980\n|switch|p2a: Entei|Entei, L78|307/307\n|move|p1a: Grimmsnarl|Spirit Break|p2a: Entei\n|-resisted|p2a: Entei\n|-damage|p2a: Entei|253/307\n|-unboost|p2a: Entei|spa|1\n|\n|upkeep\n|turn|17\n|\n|t:|1781454986\n|move|p1a: Grimmsnarl|Parting Shot|p2a: Entei\n|-unboost|p2a: Entei|atk|1\n|-unboost|p2a: Entei|spa|1\n|\n|t:|1781454995\n|switch|p1a: Mesprit|Mesprit, L85|27/275|[from] Parting Shot\n|move|p2a: Entei|Flare Blitz|p1a: Mesprit\n|-damage|p1a: Mesprit|0 fnt\n|faint|p1a: Mesprit\n|-damage|p2a: Entei|244/307|[from] Recoil\n|\n|upkeep\n|\n|t:|1781454996\n|switch|p1a: Crawdaunt|Crawdaunt, L84, M|243/243\n|turn|18\n|\n|t:|1781455021\n|switch|p2a: Sneasler|Sneasler, L74, M|240/240\n|move|p1a: Crawdaunt|Crabhammer|p2a: Sneasler\n|-damage|p2a: Sneasler|0 fnt\n|faint|p2a: Sneasler\n|\n|-sideend|p1: smasher04|Reflect\n|upkeep\n|\n|t:|1781455029\n|switch|p2a: Hariyama|Hariyama, L87, M|201/392\n|turn|19\n|\n|t:|1781455040\n|move|p1a: Crawdaunt|Crabhammer|p2a: Hariyama\n|-damage|p2a: Hariyama|0 fnt\n|faint|p2a: Hariyama\n|\n|upkeep\n|\n|t:|1781455045\n|switch|p2a: Morpeko|Morpeko, L88, M|245/245\n|turn|20\n|\n|t:|1781455052\n|switch|p1a: Rotom|Rotom-Frost, L87|229/229\n|move|p2a: Morpeko|Aura Wheel|p1a: Rotom\n|-resisted|p1a: Rotom\n|-damage|p1a: Rotom|172/229\n|-boost|p2a: Morpeko|spe|1\n|\n|-formechange|p2a: Morpeko|Morpeko-Hangry||[from] ability: Hunger Switch\n|upkeep\n|turn|21\n|\n|t:|1781455068\n|move|p2a: Morpeko|Knock Off|p1a: Rotom\n|-damage|p1a: Rotom|75/229\n|-enditem|p1a: Rotom|Heavy-Duty Boots|[from] move: Knock Off|[of] p2a: Morpeko\n|move|p1a: Rotom|Volt Switch|p2a: Morpeko\n|-resisted|p2a: Morpeko\n|-damage|p2a: Morpeko|193/245\n|\n|t:|1781455071\n|switch|p1a: Grimmsnarl|Grimmsnarl, L83, M|144/293|[from] Volt Switch\n|\n|-heal|p2a: Morpeko|208/245|[from] item: Leftovers\n|-formechange|p2a: Morpeko|Morpeko||[from] ability: Hunger Switch\n|upkeep\n|turn|22\n|\n|t:|1781455076\n|move|p1a: Grimmsnarl|Reflect|p1a: Grimmsnarl\n|-sidestart|p1: smasher04|Reflect\n|move|p2a: Morpeko|Aura Wheel|p1a: Grimmsnarl\n|-damage|p1a: Grimmsnarl|60/293\n|-boost|p2a: Morpeko|spe|1\n|\n|-heal|p2a: Morpeko|223/245|[from] item: Leftovers\n|-formechange|p2a: Morpeko|Morpeko-Hangry||[from] ability: Hunger Switch\n|upkeep\n|turn|23\n|\n|t:|1781455085\n|move|p2a: Morpeko|Protect|p2a: Morpeko\n|-singleturn|p2a: Morpeko|Protect\n|move|p1a: Grimmsnarl|Light Screen|p1a: Grimmsnarl\n|-sidestart|p1: smasher04|move: Light Screen\n|\n|-heal|p2a: Morpeko|238/245|[from] item: Leftovers\n|-formechange|p2a: Morpeko|Morpeko||[from] ability: Hunger Switch\n|upkeep\n|turn|24\n|\n|t:|1781455090\n|move|p2a: Morpeko|Aura Wheel|p1a: Grimmsnarl\n|-damage|p1a: Grimmsnarl|0 fnt\n|-boost|p2a: Morpeko|spe|1\n|faint|p1a: Grimmsnarl\n|\n|-heal|p2a: Morpeko|245/245|[from] item: Leftovers\n|-formechange|p2a: Morpeko|Morpeko-Hangry||[from] ability: Hunger Switch\n|upkeep\n|\n|t:|1781455098\n|switch|p1a: Crawdaunt|Crawdaunt, L84, M|243/243\n|turn|25\n|\n|t:|1781455102\n|move|p2a: Morpeko|Knock Off|p1a: Crawdaunt\n|-resisted|p1a: Crawdaunt\n|-damage|p1a: Crawdaunt|215/243\n|-enditem|p1a: Crawdaunt|Choice Band|[from] move: Knock Off|[of] p2a: Morpeko\n|move|p1a: Crawdaunt|Crabhammer|p2a: Morpeko\n|-damage|p2a: Morpeko|45/245\n|\n|-heal|p2a: Morpeko|60/245|[from] item: Leftovers\n|-formechange|p2a: Morpeko|Morpeko||[from] ability: Hunger Switch\n|upkeep\n|turn|26\n|\n|t:|1781455121\n|switch|p2a: Uxie|Uxie, L83|255/260\n|move|p1a: Crawdaunt|Knock Off|p2a: Uxie\n|-supereffective|p2a: Uxie\n|-damage|p2a: Uxie|15/260\n|-enditem|p2a: Uxie|Leftovers|[from] move: Knock Off|[of] p1a: Crawdaunt\n|\n|-sideend|p1: smasher04|Reflect\n|upkeep\n|turn|27\n|\n|t:|1781455128\n|move|p1a: Crawdaunt|Aqua Jet|p2a: Uxie\n|-damage|p2a: Uxie|0 fnt\n|faint|p2a: Uxie\n|\n|-sideend|p1: smasher04|move: Light Screen\n|upkeep\n|\n|t:|1781455131\n|switch|p2a: Morpeko|Morpeko, L88, M|60/245\n|turn|28\n|\n|t:|1781455139\n|switch|p1a: Komala|Komala, L88, F|101/258\n|-ability|p1a: Komala|Comatose\n|move|p2a: Morpeko|Aura Wheel|p1a: Komala\n|-damage|p1a: Komala|0 fnt\n|-boost|p2a: Morpeko|spe|1\n|faint|p1a: Komala\n|\n|-heal|p2a: Morpeko|75/245|[from] item: Leftovers\n|-formechange|p2a: Morpeko|Morpeko-Hangry||[from] ability: Hunger Switch\n|upkeep\n|\n|t:|1781455142\n|switch|p1a: Crawdaunt|Crawdaunt, L84, M|215/243\n|turn|29\n|\n|t:|1781455151\n|switch|p1a: Indeedee|Indeedee, L84, M|238/238\n|-fieldstart|move: Psychic Terrain|[from] ability: Psychic Surge|[of] p1a: Indeedee\n|move|p2a: Morpeko|Protect||[still]\n|-fail|p2a: Morpeko\n|\n|-heal|p2a: Morpeko|90/245|[from] item: Leftovers\n|-formechange|p2a: Morpeko|Morpeko||[from] ability: Hunger Switch\n|upkeep\n|turn|30\n|\n|t:|1781455157\n|move|p2a: Morpeko|Knock Off|p1a: Indeedee\n|-supereffective|p1a: Indeedee\n|-damage|p1a: Indeedee|0 fnt\n|-enditem|p1a: Indeedee|Choice Scarf|[from] move: Knock Off|[of] p2a: Morpeko\n|faint|p1a: Indeedee\n|\n|-heal|p2a: Morpeko|105/245|[from] item: Leftovers\n|-formechange|p2a: Morpeko|Morpeko-Hangry||[from] ability: Hunger Switch\n|upkeep\n|\n|t:|1781455166\n|switch|p1a: Crawdaunt|Crawdaunt, L84, M|215/243\n|turn|31\n|c|\u2606smasher04|How did I even choke this\n|c|\u2606smasher04|Fck\n|c|\u2606smasher04|Gg\n|c|\u2606drnecrotizer|lmao\n|c|\u2606drnecrotizer|gg\n|-message|smasher04 forfeited.\n|\n|win|drnecrotizer\n", "uploadtime": 1781454825, "views": 3, "formatid": "gen9randombattle", "rating": null, "private": 0, "password": null}