{"id": "gen9randombattle-2631799383", "format": "[Gen 9] Random Battle", "players": ["Barniekiller42064", "ghostsgoghost"], "log": "|j|\u2606Barniekiller42064\n|j|\u2606ghostsgoghost\n|t:|1781441405\n|gametype|singles\n|player|p1|Barniekiller42064|crasherwake|2038\n|player|p2|ghostsgoghost|volkner|2058\n|gen|9\n|tier|[Gen 9] Random Battle\n|rated|\n|rule|Species Clause: Limit one of each Pok\u00e9mon\n|rule|HP Percentage Mod: HP is shown in percentages\n|rule|Sleep Clause Mod: Limit one foe put to sleep\n|rule|Illusion Level Mod: Illusion disguises the Pok\u00e9mon's true level\n|\n|t:|1781441405\n|teamsize|p1|6\n|teamsize|p2|6\n|start\n|switch|p1a: Iron Hands|Iron Hands, L79|373/373\n|switch|p2a: Skeledirge|Skeledirge, L79, M|294/294\n|turn|1\n|inactive|Battle timer is ON: inactive players will automatically lose when time's up. (requested by Barniekiller42064)\n|inactive|Barniekiller42064 has 120 seconds left.\n|inactive|ghostsgoghost has 120 seconds left.\n|\n|t:|1781441442\n|move|p2a: Skeledirge|Torch Song|p1a: Iron Hands\n|-damage|p1a: Iron Hands|303/373\n|-boost|p2a: Skeledirge|spa|1\n|move|p1a: Iron Hands|Volt Switch|p2a: Skeledirge\n|-damage|p2a: Skeledirge|245/294\n|\n|t:|1781441444\n|-end|p1a: Iron Hands|Quark Drive|[silent]\n|switch|p1a: Archaludon|Archaludon, L78, M|268/268|[from] Volt Switch\n|\n|upkeep\n|turn|2\n|\n|t:|1781441451\n|move|p1a: Archaludon|Earthquake|p2a: Skeledirge\n|-supereffective|p2a: Skeledirge\n|-damage|p2a: Skeledirge|121/294\n|move|p2a: Skeledirge|Will-O-Wisp|p1a: Archaludon\n|-status|p1a: Archaludon|brn\n|-enditem|p1a: Archaludon|Lum Berry|[eat]\n|-curestatus|p1a: Archaludon|brn|[msg]\n|\n|upkeep\n|turn|3\n|\n|t:|1781441456\n|move|p1a: Archaludon|Earthquake|p2a: Skeledirge\n|-supereffective|p2a: Skeledirge\n|-damage|p2a: Skeledirge|0 fnt\n|faint|p2a: Skeledirge\n|\n|upkeep\n|\n|t:|1781441471\n|switch|p2a: Zebstrika|Zebstrika, L87, M|272/272\n|turn|4\n|\n|t:|1781441477\n|move|p2a: Zebstrika|High Horsepower|p1a: Archaludon\n|-supereffective|p1a: Archaludon\n|-crit|p1a: Archaludon\n|-damage|p1a: Archaludon|63/268\n|-ability|p1a: Archaludon|Stamina|boost\n|-boost|p1a: Archaludon|def|1\n|-damage|p2a: Zebstrika|245/272|[from] item: Life Orb\n|move|p1a: Archaludon|Earthquake|p2a: Zebstrika\n|-supereffective|p2a: Zebstrika\n|-damage|p2a: Zebstrika|77/272\n|\n|upkeep\n|turn|5\n|\n|t:|1781441488\n|move|p2a: Zebstrika|High Horsepower|p1a: Archaludon\n|-supereffective|p1a: Archaludon\n|-damage|p1a: Archaludon|0 fnt\n|faint|p1a: Archaludon\n|-damage|p2a: Zebstrika|50/272|[from] item: Life Orb\n|\n|upkeep\n|\n|t:|1781441507\n|switch|p1a: Weavile|Weavile, L79, F|240/240\n|turn|6\n|\n|t:|1781441517\n|switch|p2a: Regice|Regice, L88|284/284\n|move|p1a: Weavile|Ice Shard|p2a: Regice\n|-resisted|p2a: Regice\n|-damage|p2a: Regice|266/284\n|\n|upkeep\n|turn|7\n|\n|t:|1781441521\n|switch|p1a: Iron Hands|Iron Hands, L79|303/373\n|move|p2a: Regice|Ice Beam|p1a: Iron Hands\n|-damage|p1a: Iron Hands|210/373\n|-status|p1a: Iron Hands|frz\n|\n|upkeep\n|turn|8\n|\n|t:|1781441524\n|move|p2a: Regice|Ice Beam|p1a: Iron Hands\n|-damage|p1a: Iron Hands|125/373 frz\n|cant|p1a: Iron Hands|frz\n|\n|upkeep\n|turn|9\n|\n|t:|1781441526\n|move|p2a: Regice|Ice Beam|p1a: Iron Hands\n|-damage|p1a: Iron Hands|38/373 frz\n|cant|p1a: Iron Hands|frz\n|\n|upkeep\n|turn|10\n|\n|t:|1781441533\n|-end|p1a: Iron Hands|Quark Drive|[silent]\n|switch|p1a: Weavile|Weavile, L79, F|240/240\n|move|p2a: Regice|Ice Beam|p1a: Weavile\n|-resisted|p1a: Weavile\n|-damage|p1a: Weavile|180/240\n|\n|upkeep\n|turn|11\n|\n|t:|1781441535\n|move|p1a: Weavile|Swords Dance|p1a: Weavile\n|-boost|p1a: Weavile|atk|2\n|move|p2a: Regice|Thunderbolt|p1a: Weavile\n|-damage|p1a: Weavile|100/240\n|\n|upkeep\n|turn|12\n|\n|t:|1781441540\n|move|p1a: Weavile|Swords Dance|p1a: Weavile\n|-boost|p1a: Weavile|atk|2\n|move|p2a: Regice|Thunderbolt|p1a: Weavile\n|-damage|p1a: Weavile|21/240\n|\n|upkeep\n|turn|13\n|\n|t:|1781441543\n|move|p1a: Weavile|Knock Off|p2a: Regice\n|-damage|p2a: Regice|0 fnt\n|-enditem|p2a: Regice|Heavy-Duty Boots|[from] move: Knock Off|[of] p1a: Weavile\n|faint|p2a: Regice\n|\n|upkeep\n|inactive|ghostsgoghost has 120 seconds left.\n|-message|ghostsgoghost forfeited.\n|\n|win|Barniekiller42064\n", "uploadtime": 1781441407, "views": 5, "formatid": "gen9randombattle", "rating": null, "private": 0, "password": null}