{"id": "gen9randombattle-2631858068", "format": "[Gen 9] Random Battle", "players": ["joebidenfan1245", "haibaraa"], "log": "|j|\u203djoebidenfan1245\n|j|\u2606haibaraa\n|t:|1781448902\n|gametype|singles\n|player|p1|joebidenfan1245|265|2027\n|player|p2|haibaraa|unknownf|1960\n|gen|9\n|tier|[Gen 9] Random Battle\n|rated|\n|rule|Species Clause: Limit one of each Pok\u00e9mon\n|rule|HP Percentage Mod: HP is shown in percentages\n|rule|Sleep Clause Mod: Limit one foe put to sleep\n|rule|Illusion Level Mod: Illusion disguises the Pok\u00e9mon's true level\n|\n|t:|1781448902\n|teamsize|p1|6\n|teamsize|p2|6\n|start\n|switch|p1a: Bellibolt|Bellibolt, L84, M|320/320\n|switch|p2a: Dipplin|Dipplin, L88, F|284/284\n|turn|1\n|\n|t:|1781448918\n|switch|p2a: Dragalge|Dragalge, L88, F|258/258\n|move|p1a: Bellibolt|Toxic|p2a: Dragalge\n|-immune|p2a: Dragalge\n|\n|upkeep\n|turn|2\n|\n|t:|1781448940\n|move|p2a: Dragalge|Toxic Spikes|p1a: Bellibolt\n|-sidestart|p1: joebidenfan1245|move: Toxic Spikes\n|move|p1a: Bellibolt|Thunderbolt|p2a: Dragalge\n|-resisted|p2a: Dragalge\n|-damage|p2a: Dragalge|222/258\n|\n|-heal|p2a: Dragalge|238/258|[from] item: Leftovers\n|upkeep\n|turn|3\n|inactive|Battle timer is ON: inactive players will automatically lose when time's up. (requested by joebidenfan1245)\n|\n|t:|1781448977\n|switch|p1a: Gengar|Gengar, L81, M|230/230\n|-sideend|p1: joebidenfan1245|move: Toxic Spikes|[of] p1a: Gengar\n|move|p2a: Dragalge|Toxic Spikes|p1a: Gengar\n|-sidestart|p1: joebidenfan1245|move: Toxic Spikes\n|\n|-heal|p2a: Dragalge|254/258|[from] item: Leftovers\n|upkeep\n|turn|4\n|\n|t:|1781448983\n|move|p1a: Gengar|Shadow Ball|p2a: Dragalge\n|-damage|p2a: Dragalge|159/258\n|-damage|p1a: Gengar|207/230|[from] item: Life Orb\n|move|p2a: Dragalge|Draco Meteor|p1a: Gengar\n|-damage|p1a: Gengar|0 fnt\n|-unboost|p2a: Dragalge|spa|2\n|faint|p1a: Gengar\n|\n|-heal|p2a: Dragalge|175/258|[from] item: Leftovers\n|upkeep\n|\n|t:|1781448995\n|switch|p1a: Mewtwo|Mewtwo, L72|272/272\n|-ability|p1a: Mewtwo|Unnerve\n|-status|p1a: Mewtwo|psn\n|turn|5\n|\n|t:|1781449003\n|switch|p2a: Dipplin|Dipplin, L88, F|284/284\n|move|p1a: Mewtwo|Nasty Plot|p1a: Mewtwo\n|-boost|p1a: Mewtwo|spa|2\n|\n|-damage|p1a: Mewtwo|238/272 psn|[from] psn\n|upkeep\n|turn|6\n|\n|t:|1781449011\n|move|p1a: Mewtwo|Psystrike|p2a: Dipplin\n|-crit|p2a: Dipplin\n|-damage|p2a: Dipplin|46/284\n|-damage|p1a: Mewtwo|211/272 psn|[from] item: Life Orb\n|move|p2a: Dipplin|Dragon Tail|p1a: Mewtwo\n|-damage|p1a: Mewtwo|138/272 psn\n|drag|p1a: Miraidon|Miraidon, L65|238/238\n|-status|p1a: Miraidon|psn\n|-fieldstart|move: Electric Terrain|[from] ability: Hadron Engine|[of] p1a: Miraidon\n|\n|-damage|p1a: Miraidon|209/238 psn|[from] psn\n|upkeep\n|turn|7\n|\n|t:|1781449021\n|move|p1a: Miraidon|Dragon Pulse|p2a: Dipplin\n|-supereffective|p2a: Dipplin\n|-crit|p2a: Dipplin\n|-damage|p2a: Dipplin|0 fnt\n|faint|p2a: Dipplin\n|-damage|p1a: Miraidon|186/238 psn|[from] item: Life Orb\n|\n|-damage|p1a: Miraidon|157/238 psn|[from] psn\n|upkeep\n|\n|t:|1781449030\n|switch|p2a: Sinistcha|Sinistcha, L83|254/254\n|turn|8\n|\n|t:|1781449041\n|move|p1a: Miraidon|Calm Mind|p1a: Miraidon\n|-boost|p1a: Miraidon|spa|1\n|-boost|p1a: Miraidon|spd|1\n|move|p2a: Sinistcha|Calm Mind|p2a: Sinistcha\n|-boost|p2a: Sinistcha|spa|1\n|-boost|p2a: Sinistcha|spd|1\n|\n|-damage|p1a: Miraidon|128/238 psn|[from] psn\n|upkeep\n|turn|9\n|\n|t:|1781449058\n|move|p1a: Miraidon|Calm Mind|p1a: Miraidon\n|-boost|p1a: Miraidon|spa|1\n|-boost|p1a: Miraidon|spd|1\n|move|p2a: Sinistcha|Matcha Gotcha|p1a: Miraidon\n|-resisted|p1a: Miraidon\n|-damage|p1a: Miraidon|88/238 psn\n|\n|-damage|p1a: Miraidon|59/238 psn|[from] psn\n|upkeep\n|turn|10\n|\n|t:|1781449068\n|move|p1a: Miraidon|Draco Meteor|p2a: Sinistcha\n|-damage|p2a: Sinistcha|0 fnt\n|-unboost|p1a: Miraidon|spa|2\n|faint|p2a: Sinistcha\n|-damage|p1a: Miraidon|36/238 psn|[from] item: Life Orb\n|\n|-damage|p1a: Miraidon|7/238 psn|[from] psn\n|-fieldend|move: Electric Terrain\n|upkeep\n|\n|t:|1781449075\n|switch|p2a: Dragalge|Dragalge, L88, F|175/258\n|turn|11\n|\n|t:|1781449079\n|move|p1a: Miraidon|Draco Meteor|p2a: Dragalge\n|-supereffective|p2a: Dragalge\n|-damage|p2a: Dragalge|0 fnt\n|-unboost|p1a: Miraidon|spa|2\n|faint|p2a: Dragalge\n|-damage|p1a: Miraidon|0 fnt|[from] item: Life Orb\n|faint|p1a: Miraidon\n|\n|upkeep\n|\n|t:|1781449089\n|switch|p1a: Mewtwo|Mewtwo, L72|138/272 psn\n|switch|p2a: Armarouge|Armarouge, L80, F|267/267\n|-ability|p1a: Mewtwo|Unnerve\n|turn|12\n|\n|t:|1781449101\n|switch|p1a: Bellibolt|Bellibolt, L84, M|320/320\n|-status|p1a: Bellibolt|psn\n|move|p2a: Armarouge|Meteor Beam||[still]\n|-prepare|p2a: Armarouge|Meteor Beam\n|-boost|p2a: Armarouge|spa|1\n|-enditem|p2a: Armarouge|Power Herb\n|-anim|p2a: Armarouge|Meteor Beam|p1a: Bellibolt\n|-damage|p1a: Bellibolt|178/320 psn\n|-start|p1a: Bellibolt|Charge|Meteor Beam|[from] ability: Electromorphosis\n|\n|-heal|p1a: Bellibolt|198/320 psn|[from] item: Leftovers\n|-damage|p1a: Bellibolt|158/320 psn|[from] psn\n|upkeep\n|turn|13\n|\n|t:|1781449112\n|move|p2a: Armarouge|Armor Cannon|p1a: Bellibolt\n|-damage|p1a: Bellibolt|0 fnt\n|-unboost|p2a: Armarouge|def|1\n|-unboost|p2a: Armarouge|spd|1\n|faint|p1a: Bellibolt\n|\n|upkeep\n|\n|t:|1781449117\n|switch|p1a: Zapdos|Zapdos-Galar, L77|265/265\n|turn|14\n|\n|t:|1781449121\n|move|p1a: Zapdos|Knock Off|p2a: Armarouge\n|-supereffective|p2a: Armarouge\n|-damage|p2a: Armarouge|83/267\n|-ability|p2a: Armarouge|Weak Armor|boost\n|-unboost|p2a: Armarouge|def|1\n|-boost|p2a: Armarouge|spe|2\n|move|p2a: Armarouge|Armor Cannon|p1a: Zapdos\n|-crit|p1a: Zapdos\n|-damage|p1a: Zapdos|0 fnt\n|-unboost|p2a: Armarouge|def|1\n|-unboost|p2a: Armarouge|spd|1\n|faint|p1a: Zapdos\n|\n|upkeep\n|-message|joebidenfan1245 forfeited.\n|\n|win|haibaraa\n", "uploadtime": 1781448903, "views": 5, "formatid": "gen9randombattle", "rating": null, "private": 0, "password": null}