{"id": "gen9randombattle-2631573833", "format": "[Gen 9] Random Battle", "players": ["number1trainerr", "Arath8000"], "log": "|j|\u2606number1trainerr\n|j|\u2606Arath8000\n|t:|1781403239\n|gametype|singles\n|player|p1|number1trainerr|gentleman-gen4|1466\n|player|p2|Arath8000|101|1458\n|gen|9\n|tier|[Gen 9] Random Battle\n|rated|\n|rule|Species Clause: Limit one of each Pok\u00e9mon\n|rule|HP Percentage Mod: HP is shown in percentages\n|rule|Sleep Clause Mod: Limit one foe put to sleep\n|rule|Illusion Level Mod: Illusion disguises the Pok\u00e9mon's true level\n|\n|t:|1781403239\n|teamsize|p1|6\n|teamsize|p2|6\n|start\n|switch|p1a: Scovillain|Scovillain, L91, F|266/266\n|switch|p2a: Breloom|Breloom, L83, F|235/235\n|turn|1\n|inactive|Battle timer is ON: inactive players will automatically lose when time's up. (requested by number1trainerr)\n|\n|t:|1781403253\n|switch|p2a: Floatzel|Floatzel, L86, M|286/286\n|move|p1a: Scovillain|Sunny Day|p1a: Scovillain\n|-weather|SunnyDay\n|\n|-weather|SunnyDay|[upkeep]\n|upkeep\n|turn|2\n|\n|t:|1781403260\n|switch|p2a: Dudunsparce|Dudunsparce, L83, F|343/343\n|move|p1a: Scovillain|Energy Ball|p2a: Dudunsparce\n|-crit|p2a: Dudunsparce\n|-damage|p2a: Dudunsparce|130/343\n|\n|-weather|SunnyDay|[upkeep]\n|-heal|p2a: Dudunsparce|151/343|[from] item: Leftovers\n|upkeep\n|turn|3\n|\n|t:|1781403266\n|move|p1a: Scovillain|Energy Ball|p2a: Dudunsparce\n|-damage|p2a: Dudunsparce|3/343\n|move|p2a: Dudunsparce|Toxic|p1a: Scovillain\n|-status|p1a: Scovillain|tox\n|\n|-weather|SunnyDay|[upkeep]\n|-heal|p2a: Dudunsparce|24/343|[from] item: Leftovers\n|-damage|p1a: Scovillain|250/266 tox|[from] psn\n|upkeep\n|turn|4\n|\n|t:|1781403274\n|move|p1a: Scovillain|Energy Ball|p2a: Dudunsparce\n|-damage|p2a: Dudunsparce|0 fnt\n|faint|p2a: Dudunsparce\n|\n|-weather|SunnyDay|[upkeep]\n|-damage|p1a: Scovillain|218/266 tox|[from] psn\n|upkeep\n|\n|t:|1781403289\n|switch|p2a: Banette|Banette, L93, M|270/270\n|turn|5\n|\n|t:|1781403295\n|move|p1a: Scovillain|Fire Blast|p2a: Banette\n|-damage|p2a: Banette|0 fnt\n|-start|p1a: Scovillain|Disable|Fire Blast|[from] ability: Cursed Body|[of] p2a: Banette\n|faint|p2a: Banette\n|\n|-weather|none\n|-damage|p1a: Scovillain|170/266 tox|[from] psn\n|upkeep\n|\n|t:|1781403305\n|switch|p2a: Floatzel|Floatzel, L86, M|286/286\n|turn|6\n|\n|t:|1781403308\n|move|p2a: Floatzel|Wave Crash|p1a: Scovillain\n|-damage|p1a: Scovillain|1/266 tox\n|-damage|p2a: Floatzel|230/286|[from] Recoil\n|move|p1a: Scovillain|Energy Ball|p2a: Floatzel\n|-supereffective|p2a: Floatzel\n|-damage|p2a: Floatzel|0 fnt\n|faint|p2a: Floatzel\n|\n|-damage|p1a: Scovillain|0 fnt|[from] psn\n|faint|p1a: Scovillain\n|upkeep\n|\n|t:|1781403319\n|switch|p2a: Rabsca|Rabsca, L91, M|284/284\n|switch|p1a: Shaymin|Shaymin, L82|298/298\n|turn|7\n|\n|t:|1781403331\n|move|p1a: Shaymin|Air Slash|p2a: Rabsca\n|-supereffective|p2a: Rabsca\n|-damage|p2a: Rabsca|194/284\n|move|p2a: Rabsca|Revival Blessing|p2a: Rabsca\n|\n|t:|1781403335\n|-heal|p2: Dudunsparce|171/343|[from] move: Revival Blessing\n|\n|upkeep\n|turn|8\n|\n|t:|1781403348\n|switch|p1a: Rampardos|Rampardos, L90, M|321/321\n|move|p2a: Rabsca|Bug Buzz|p1a: Rampardos\n|-damage|p1a: Rampardos|152/321\n|\n|upkeep\n|turn|9\n|\n|t:|1781403359\n|switch|p2a: Breloom|Breloom, L83, F|235/235\n|move|p1a: Rampardos|Fire Punch|p2a: Breloom\n|-supereffective|p2a: Breloom\n|-damage|p2a: Breloom|0 fnt\n|faint|p2a: Breloom\n|\n|upkeep\n|c|\u2606Arath8000|F*ck you\n|-message|Arath8000 forfeited.\n|\n|win|number1trainerr\n", "uploadtime": 1781403371, "views": 2, "formatid": "gen9randombattle", "rating": null, "private": 0, "password": null}