{"id": "gen9randombattle-2631955397", "format": "[Gen 9] Random Battle", "players": ["whatisnexthuh", "ftaochaphet"], "log": "|j|\u2606whatisnexthuh\n|j|\u2606ftaochaphet\n|t:|1781459616\n|gametype|singles\n|player|p1|whatisnexthuh|aromalady|2173\n|player|p2|ftaochaphet|265|2284\n|gen|9\n|tier|[Gen 9] Random Battle\n|rated|\n|rule|Species Clause: Limit one of each Pok\u00e9mon\n|rule|HP Percentage Mod: HP is shown in percentages\n|rule|Sleep Clause Mod: Limit one foe put to sleep\n|rule|Illusion Level Mod: Illusion disguises the Pok\u00e9mon's true level\n|\n|t:|1781459616\n|teamsize|p1|6\n|teamsize|p2|6\n|start\n|switch|p1a: Raikou|Raikou, L81|278/278\n|switch|p2a: Porygon-Z|Porygon-Z, L83|277/277\n|-ability|p1a: Raikou|Pressure\n|turn|1\n|inactive|Battle timer is ON: inactive players will automatically lose when time's up. (requested by ftaochaphet)\n|\n|t:|1781459631\n|switch|p2a: Dugtrio|Dugtrio, L84, M|196/196\n|move|p1a: Raikou|Calm Mind|p1a: Raikou\n|-boost|p1a: Raikou|spa|1\n|-boost|p1a: Raikou|spd|1\n|\n|upkeep\n|turn|2\n|\n|t:|1781459636\n|-terastallize|p1a: Raikou|Water\n|move|p2a: Dugtrio|Earthquake|p1a: Raikou\n|-damage|p1a: Raikou|89/278\n|move|p1a: Raikou|Scald|p2a: Dugtrio\n|-supereffective|p2a: Dugtrio\n|-damage|p2a: Dugtrio|0 fnt\n|faint|p2a: Dugtrio\n|\n|-heal|p1a: Raikou|106/278|[from] item: Leftovers\n|upkeep\n|\n|t:|1781459650\n|switch|p2a: Falinks|Falinks, L84|246/246\n|turn|3\n|inactive|whatisnexthuh has 120 seconds left.\n|\n|t:|1781459698\n|move|p1a: Raikou|Substitute|p1a: Raikou\n|-start|p1a: Raikou|Substitute\n|-damage|p1a: Raikou|37/278\n|move|p2a: Falinks|No Retreat|p2a: Falinks\n|-boost|p2a: Falinks|atk|1\n|-boost|p2a: Falinks|def|1\n|-boost|p2a: Falinks|spa|1\n|-boost|p2a: Falinks|spd|1\n|-boost|p2a: Falinks|spe|1\n|-start|p2a: Falinks|move: No Retreat\n|\n|-heal|p1a: Raikou|54/278|[from] item: Leftovers\n|upkeep\n|turn|4\n|\n|t:|1781459706\n|move|p2a: Falinks|Knock Off|p1a: Raikou\n|-end|p1a: Raikou|Substitute\n|-damage|p2a: Falinks|222/246|[from] item: Life Orb\n|move|p1a: Raikou|Scald|p2a: Falinks\n|-damage|p2a: Falinks|108/246\n|-status|p2a: Falinks|brn\n|\n|-heal|p1a: Raikou|71/278|[from] item: Leftovers\n|-damage|p2a: Falinks|93/246 brn|[from] brn\n|upkeep\n|turn|5\n|\n|t:|1781459715\n|switch|p1a: Fezandipiti|Fezandipiti, L82, M|278/278\n|move|p2a: Falinks|Close Combat|p1a: Fezandipiti\n|-resisted|p1a: Fezandipiti\n|-damage|p1a: Fezandipiti|246/278\n|-unboost|p2a: Falinks|def|1\n|-unboost|p2a: Falinks|spd|1\n|-damage|p2a: Falinks|69/246 brn|[from] item: Life Orb\n|\n|-heal|p1a: Fezandipiti|263/278|[from] item: Leftovers\n|-damage|p2a: Falinks|54/246 brn|[from] brn\n|upkeep\n|turn|6\n|inactive|whatisnexthuh has 120 seconds left.\n|\n|t:|1781459728\n|switch|p1a: Raikou|Raikou, L81, tera:Water|71/278\n|-ability|p1a: Raikou|Pressure\n|move|p2a: Falinks|Iron Head|p1a: Raikou\n|-resisted|p1a: Raikou\n|-damage|p1a: Raikou|37/278\n|-damage|p2a: Falinks|30/246 brn|[from] item: Life Orb\n|\n|-heal|p1a: Raikou|54/278|[from] item: Leftovers\n|-damage|p2a: Falinks|15/246 brn|[from] brn\n|upkeep\n|turn|7\n|inactive|whatisnexthuh has 120 seconds left.\n|inactive|whatisnexthuh has 90 seconds left.\n|\n|t:|1781459794\n|switch|p1a: Fezandipiti|Fezandipiti, L82, M|263/278\n|move|p2a: Falinks|Knock Off|p1a: Fezandipiti\n|-resisted|p1a: Fezandipiti\n|-damage|p1a: Fezandipiti|228/278\n|-enditem|p1a: Fezandipiti|Leftovers|[from] move: Knock Off|[of] p2a: Falinks\n|-damage|p2a: Falinks|0 fnt|[from] item: Life Orb\n|faint|p2a: Falinks\n|\n|upkeep\n|\n|t:|1781459803\n|switch|p2a: Palafin|Palafin, L77, F|281/281\n|turn|8\n|inactive|whatisnexthuh has 60 seconds left.\n|\n|t:|1781459828\n|move|p1a: Fezandipiti|Gunk Shot|p2a: Palafin\n|-damage|p2a: Palafin|134/281\n|-status|p2a: Palafin|psn\n|move|p2a: Palafin|Flip Turn|p1a: Fezandipiti\n|-damage|p1a: Fezandipiti|161/278\n|\n|t:|1781459843\n|detailschange|p2a: Palafin|Palafin-Hero, L77, F\n|switch|p2a: Porygon-Z|Porygon-Z, L83|277/277|[from] Flip Turn\n|\n|upkeep\n|turn|9\n|\n|t:|1781459862\n|move|p1a: Fezandipiti|U-turn|p2a: Porygon-Z\n|-damage|p2a: Porygon-Z|226/277\n|inactive|whatisnexthuh has 60 seconds left.\n|\n|t:|1781459880\n|switch|p1a: Klefki|Klefki, L84, F|233/233|[from] U-turn\n|move|p2a: Porygon-Z|Agility|p2a: Porygon-Z\n|-boost|p2a: Porygon-Z|spe|2\n|\n|upkeep\n|turn|10\n|\n|t:|1781459889\n|move|p1a: Klefki|Thunder Wave|p2a: Porygon-Z\n|-status|p2a: Porygon-Z|par\n|move|p2a: Porygon-Z|Nasty Plot|p2a: Porygon-Z\n|-boost|p2a: Porygon-Z|spa|2\n|\n|upkeep\n|turn|11\n|\n|t:|1781459899\n|move|p2a: Porygon-Z|Agility|p2a: Porygon-Z\n|-boost|p2a: Porygon-Z|spe|2\n|move|p1a: Klefki|Play Rough|p2a: Porygon-Z\n|-damage|p2a: Porygon-Z|127/277 par\n|\n|upkeep\n|turn|12\n|\n|t:|1781459906\n|move|p2a: Porygon-Z|Nasty Plot|p2a: Porygon-Z\n|-boost|p2a: Porygon-Z|spa|2\n|move|p1a: Klefki|Play Rough|p2a: Porygon-Z\n|-damage|p2a: Porygon-Z|28/277 par\n|\n|upkeep\n|turn|13\n|\n|t:|1781459919\n|switch|p1a: Raikou|Raikou, L81, tera:Water|54/278\n|-ability|p1a: Raikou|Pressure\n|move|p2a: Porygon-Z|Tera Blast|p1a: Raikou\n|-damage|p1a: Raikou|0 fnt\n|faint|p1a: Raikou\n|-damage|p2a: Porygon-Z|1/277 par|[from] item: Life Orb\n|\n|upkeep\n|\n|t:|1781459922\n|switch|p1a: Mamoswine|Mamoswine, L81, F|311/311\n|turn|14\n|\n|t:|1781459925\n|move|p1a: Mamoswine|Ice Shard|p2a: Porygon-Z\n|-damage|p2a: Porygon-Z|0 fnt\n|faint|p2a: Porygon-Z\n|\n|upkeep\n|\n|t:|1781459930\n|switch|p2a: Palafin|Palafin-Hero, L77, F|134/281 psn\n|-activate|p2a: Palafin|ability: Zero to Hero\n|turn|15\n|\n|t:|1781459936\n|switch|p1a: Latias|Latias, L79, F|256/256\n|move|p2a: Palafin|Flip Turn|p1a: Latias\n|-resisted|p1a: Latias\n|-damage|p1a: Latias|194/256\n|\n|t:|1781459949\n|switch|p2a: Vespiquen|Vespiquen, L99, F|299/299|[from] Flip Turn\n|-ability|p2a: Vespiquen|Pressure\n|\n|upkeep\n|turn|16\n|\n|t:|1781459956\n|switch|p1a: Klefki|Klefki, L84, F|233/233\n|move|p2a: Vespiquen|Spikes|p1a: Klefki\n|-sidestart|p1: whatisnexthuh|Spikes\n|\n|upkeep\n|turn|17\n|\n|t:|1781459962\n|move|p1a: Klefki|Spikes|p2a: Vespiquen\n|-sidestart|p2: ftaochaphet|Spikes\n|move|p2a: Vespiquen|Spikes|p1a: Klefki\n|-sidestart|p1: whatisnexthuh|Spikes\n|\n|upkeep\n|turn|18\n|inactive|whatisnexthuh has 120 seconds left.\n|\n|t:|1781459978\n|move|p1a: Klefki|Spikes|p2a: Vespiquen\n|-sidestart|p2: ftaochaphet|Spikes\n|move|p2a: Vespiquen|Spikes|p1a: Klefki\n|-sidestart|p1: whatisnexthuh|Spikes\n|\n|upkeep\n|turn|19\n|\n|t:|1781459981\n|switch|p2a: Carbink|Carbink, L90|236/236\n|-damage|p2a: Carbink|197/236|[from] Spikes\n|move|p1a: Klefki|Spikes|p2a: Carbink\n|-sidestart|p2: ftaochaphet|Spikes\n|\n|upkeep\n|turn|20\n|\n|t:|1781459992\n|switch|p1a: Fezandipiti|Fezandipiti, L82, M|161/278\n|-damage|p1a: Fezandipiti|92/278|[from] Spikes\n|move|p2a: Carbink|Iron Defense|p2a: Carbink\n|-boost|p2a: Carbink|def|2\n|\n|upkeep\n|turn|21\n|\n|t:|1781459996\n|move|p1a: Fezandipiti|Roost|p1a: Fezandipiti\n|-heal|p1a: Fezandipiti|231/278\n|-singleturn|p1a: Fezandipiti|move: Roost\n|move|p2a: Carbink|Iron Defense|p2a: Carbink\n|-boost|p2a: Carbink|def|2\n|\n|upkeep\n|turn|22\n|\n|t:|1781459998\n|move|p1a: Fezandipiti|Moonblast|p2a: Carbink\n|-damage|p2a: Carbink|152/236\n|-unboost|p2a: Carbink|spa|1\n|move|p2a: Carbink|Iron Defense|p2a: Carbink\n|-boost|p2a: Carbink|def|2\n|\n|upkeep\n|turn|23\n|\n|t:|1781460001\n|move|p1a: Fezandipiti|Moonblast|p2a: Carbink\n|-damage|p2a: Carbink|103/236\n|move|p2a: Carbink|Body Press|p1a: Fezandipiti\n|-resisted|p1a: Fezandipiti\n|-damage|p1a: Fezandipiti|125/278\n|\n|upkeep\n|turn|24\n|\n|t:|1781460005\n|move|p1a: Fezandipiti|Roost|p1a: Fezandipiti\n|-heal|p1a: Fezandipiti|264/278\n|-singleturn|p1a: Fezandipiti|move: Roost\n|move|p2a: Carbink|Body Press|p1a: Fezandipiti\n|-resisted|p1a: Fezandipiti\n|-damage|p1a: Fezandipiti|168/278\n|\n|upkeep\n|turn|25\n|\n|t:|1781460014\n|move|p1a: Fezandipiti|Moonblast|p2a: Carbink\n|-damage|p2a: Carbink|57/236\n|move|p2a: Carbink|Body Press|p1a: Fezandipiti\n|-resisted|p1a: Fezandipiti\n|-damage|p1a: Fezandipiti|72/278\n|\n|upkeep\n|turn|26\n|\n|t:|1781460017\n|move|p1a: Fezandipiti|Roost|p1a: Fezandipiti\n|-heal|p1a: Fezandipiti|211/278\n|-singleturn|p1a: Fezandipiti|move: Roost\n|move|p2a: Carbink|Rest|p2a: Carbink\n|-status|p2a: Carbink|slp|[from] move: Rest\n|-heal|p2a: Carbink|236/236 slp|[silent]\n|-enditem|p2a: Carbink|Chesto Berry|[eat]\n|-curestatus|p2a: Carbink|slp|[msg]\n|\n|upkeep\n|turn|27\n|\n|t:|1781460019\n|move|p1a: Fezandipiti|Moonblast|p2a: Carbink\n|-damage|p2a: Carbink|190/236\n|move|p2a: Carbink|Body Press|p1a: Fezandipiti\n|-resisted|p1a: Fezandipiti\n|-damage|p1a: Fezandipiti|119/278\n|\n|upkeep\n|turn|28\n|\n|t:|1781460022\n|move|p1a: Fezandipiti|Roost|p1a: Fezandipiti\n|-heal|p1a: Fezandipiti|258/278\n|-singleturn|p1a: Fezandipiti|move: Roost\n|move|p2a: Carbink|Body Press|p1a: Fezandipiti\n|-resisted|p1a: Fezandipiti\n|-damage|p1a: Fezandipiti|163/278\n|\n|upkeep\n|turn|29\n|\n|t:|1781460024\n|move|p1a: Fezandipiti|Moonblast|p2a: Carbink\n|-damage|p2a: Carbink|142/236\n|-unboost|p2a: Carbink|spa|1\n|move|p2a: Carbink|Body Press|p1a: Fezandipiti\n|-resisted|p1a: Fezandipiti\n|-damage|p1a: Fezandipiti|59/278\n|\n|upkeep\n|turn|30\n|\n|t:|1781460027\n|move|p1a: Fezandipiti|Roost|p1a: Fezandipiti\n|-heal|p1a: Fezandipiti|198/278\n|-singleturn|p1a: Fezandipiti|move: Roost\n|move|p2a: Carbink|Body Press|p1a: Fezandipiti\n|-resisted|p1a: Fezandipiti\n|-damage|p1a: Fezandipiti|97/278\n|\n|upkeep\n|turn|31\n|\n|t:|1781460029\n|move|p1a: Fezandipiti|Roost|p1a: Fezandipiti\n|-heal|p1a: Fezandipiti|236/278\n|-singleturn|p1a: Fezandipiti|move: Roost\n|move|p2a: Carbink|Body Press|p1a: Fezandipiti\n|-resisted|p1a: Fezandipiti\n|-crit|p1a: Fezandipiti\n|-damage|p1a: Fezandipiti|75/278\n|\n|upkeep\n|turn|32\n|\n|t:|1781460031\n|move|p1a: Fezandipiti|Roost|p1a: Fezandipiti\n|-heal|p1a: Fezandipiti|214/278\n|-singleturn|p1a: Fezandipiti|move: Roost\n|move|p2a: Carbink|Body Press|p1a: Fezandipiti\n|-resisted|p1a: Fezandipiti\n|-damage|p1a: Fezandipiti|121/278\n|\n|upkeep\n|turn|33\n|\n|t:|1781460032\n|move|p1a: Fezandipiti|Roost|p1a: Fezandipiti\n|-heal|p1a: Fezandipiti|260/278\n|-singleturn|p1a: Fezandipiti|move: Roost\n|move|p2a: Carbink|Body Press|p1a: Fezandipiti\n|-resisted|p1a: Fezandipiti\n|-damage|p1a: Fezandipiti|164/278\n|\n|upkeep\n|turn|34\n|\n|t:|1781460036\n|move|p1a: Fezandipiti|Moonblast|p2a: Carbink\n|-damage|p2a: Carbink|91/236\n|-status|p2a: Carbink|tox|[from] ability: Toxic Chain|[of] p1a: Fezandipiti\n|move|p2a: Carbink|Body Press|p1a: Fezandipiti\n|-resisted|p1a: Fezandipiti\n|-damage|p1a: Fezandipiti|69/278\n|\n|-damage|p2a: Carbink|77/236 tox|[from] psn\n|upkeep\n|turn|35\n|\n|t:|1781460039\n|move|p1a: Fezandipiti|Moonblast|p2a: Carbink\n|-damage|p2a: Carbink|34/236 tox\n|move|p2a: Carbink|Rest|p2a: Carbink\n|-status|p2a: Carbink|slp|[from] move: Rest\n|-heal|p2a: Carbink|236/236 slp|[silent]\n|\n|upkeep\n|turn|36\n|-message|whatisnexthuh forfeited.\n|\n|win|ftaochaphet\n", "uploadtime": 1781459617, "views": 6, "formatid": "gen9randombattle", "rating": null, "private": 0, "password": null}