{"id": "gen9randombattle-2631424636", "format": "[Gen 9] Random Battle", "players": ["DIAPERABUSER2009", "Goonelajtis"], "log": "|j|\u2606DIAPERABUSER2009\n|j|\u2606Goonelajtis\n|t:|1781383006\n|gametype|singles\n|player|p1|DIAPERABUSER2009|flannery|1949\n|player|p2|Goonelajtis|pokemaniac|1945\n|gen|9\n|tier|[Gen 9] Random Battle\n|rated|\n|rule|Species Clause: Limit one of each Pok\u00e9mon\n|rule|HP Percentage Mod: HP is shown in percentages\n|rule|Sleep Clause Mod: Limit one foe put to sleep\n|rule|Illusion Level Mod: Illusion disguises the Pok\u00e9mon's true level\n|\n|t:|1781383006\n|teamsize|p1|6\n|teamsize|p2|6\n|start\n|switch|p1a: Ogerpon|Ogerpon, L80, F|259/259\n|switch|p2a: Miraidon|Miraidon, L65|238/238\n|-fieldstart|move: Electric Terrain|[from] ability: Hadron Engine|[of] p2a: Miraidon\n|turn|1\n|inactive|Battle timer is ON: inactive players will automatically lose when time's up. (requested by DIAPERABUSER2009)\n|\n|t:|1781383024\n|move|p1a: Ogerpon|Swords Dance|p1a: Ogerpon\n|-boost|p1a: Ogerpon|atk|2\n|move|p2a: Miraidon|Calm Mind|p2a: Miraidon\n|-boost|p2a: Miraidon|spa|1\n|-boost|p2a: Miraidon|spd|1\n|\n|upkeep\n|turn|2\n|\n|t:|1781383033\n|switch|p2a: Jumpluff|Jumpluff, L87, F|271/271\n|move|p1a: Ogerpon|Superpower|p2a: Jumpluff\n|-resisted|p2a: Jumpluff\n|-damage|p2a: Jumpluff|124/271\n|-unboost|p1a: Ogerpon|atk|1\n|-unboost|p1a: Ogerpon|def|1\n|-damage|p1a: Ogerpon|234/259|[from] item: Life Orb\n|\n|upkeep\n|turn|3\n|\n|t:|1781383040\n|switch|p1a: Yanmega|Yanmega, L82, M|275/275\n|move|p2a: Jumpluff|U-turn|p1a: Yanmega\n|-resisted|p1a: Yanmega\n|-damage|p1a: Yanmega|256/275\n|\n|t:|1781383054\n|switch|p2a: Raichu|Raichu-Alola, L87, F|246/246|[from] U-turn\n|\n|upkeep\n|turn|4\n|\n|t:|1781383069\n|switch|p2a: Golduck|Golduck, L90, F|290/290\n|-ability|p2a: Golduck|Cloud Nine\n|switch|p1a: Haxorus|Haxorus, L77, M|244/244\n|-ability|p1a: Haxorus|Mold Breaker\n|\n|upkeep\n|turn|5\n|\n|t:|1781383087\n|switch|p1a: Veluza|Veluza, L85, F|292/292\n|move|p2a: Golduck|Ice Beam|p1a: Veluza\n|-resisted|p1a: Veluza\n|-damage|p1a: Veluza|250/292\n|-status|p1a: Veluza|frz\n|\n|-fieldend|move: Electric Terrain\n|upkeep\n|turn|6\n|\n|t:|1781383096\n|move|p2a: Golduck|Nasty Plot|p2a: Golduck\n|-boost|p2a: Golduck|spa|2\n|cant|p1a: Veluza|frz\n|\n|upkeep\n|turn|7\n|\n|t:|1781383109\n|move|p2a: Golduck|Grass Knot|p1a: Veluza\n|-supereffective|p1a: Veluza\n|-damage|p1a: Veluza|0 fnt\n|faint|p1a: Veluza\n|\n|upkeep\n|\n|t:|1781383113\n|switch|p1a: Ogerpon|Ogerpon, L80, F|234/259\n|turn|8\n|\n|t:|1781383121\n|switch|p2a: Jumpluff|Jumpluff, L87, F|124/271\n|move|p1a: Ogerpon|Swords Dance|p1a: Ogerpon\n|-boost|p1a: Ogerpon|atk|2\n|\n|upkeep\n|turn|9\n|\n|t:|1781383126\n|-terastallize|p1a: Ogerpon|Grass\n|detailschange|p1a: Ogerpon|Ogerpon-Teal-Tera, L80, F, tera:Grass\n|-ability|p1a: Ogerpon|Embody Aspect (Teal)|boost\n|-boost|p1a: Ogerpon|spe|1\n|move|p1a: Ogerpon|Knock Off|p2a: Jumpluff\n|-damage|p2a: Jumpluff|0 fnt\n|faint|p2a: Jumpluff\n|-damage|p1a: Ogerpon|209/259|[from] item: Life Orb\n|\n|upkeep\n|\n|t:|1781383135\n|switch|p2a: Magcargo|Magcargo, L95, M|268/268\n|turn|10\n|\n|t:|1781383144\n|-terastallize|p2a: Magcargo|Grass\n|move|p1a: Ogerpon|Ivy Cudgel|p2a: Magcargo\n|-resisted|p2a: Magcargo\n|-damage|p2a: Magcargo|135/268\n|-ability|p2a: Magcargo|Weak Armor|boost\n|-unboost|p2a: Magcargo|def|1\n|-boost|p2a: Magcargo|spe|2\n|-damage|p1a: Ogerpon|184/259|[from] item: Life Orb\n|move|p2a: Magcargo|Fire Blast|p1a: Ogerpon|[miss]\n|-miss|p2a: Magcargo|p1a: Ogerpon\n|\n|upkeep\n|turn|11\n|\n|t:|1781383150\n|move|p1a: Ogerpon|Ivy Cudgel|p2a: Magcargo\n|-resisted|p2a: Magcargo\n|-damage|p2a: Magcargo|0 fnt\n|faint|p2a: Magcargo\n|-damage|p1a: Ogerpon|159/259|[from] item: Life Orb\n|\n|upkeep\n|\n|t:|1781383155\n|switch|p2a: Miraidon|Miraidon, L65|238/238\n|-fieldstart|move: Electric Terrain|[from] ability: Hadron Engine|[of] p2a: Miraidon\n|turn|12\n|\n|t:|1781383164\n|move|p1a: Ogerpon|Ivy Cudgel|p2a: Miraidon\n|-resisted|p2a: Miraidon\n|-damage|p2a: Miraidon|14/238\n|-damage|p1a: Ogerpon|134/259|[from] item: Life Orb\n|move|p2a: Miraidon|Draco Meteor|p1a: Ogerpon\n|-crit|p1a: Ogerpon\n|-damage|p1a: Ogerpon|0 fnt\n|-unboost|p2a: Miraidon|spa|2\n|faint|p1a: Ogerpon\n|detailschange|p1: Ogerpon|Ogerpon, L80, F|[silent]\n|-damage|p2a: Miraidon|0 fnt|[from] item: Life Orb\n|faint|p2a: Miraidon\n|\n|upkeep\n|\n|t:|1781383170\n|switch|p1a: Ambipom|Ambipom, L84, F|263/263\n|switch|p2a: Raichu|Raichu-Alola, L87, F|246/246\n|turn|13\n|\n|t:|1781383175\n|move|p1a: Ambipom|Fake Out|p2a: Raichu\n|-damage|p2a: Raichu|128/246\n|cant|p2a: Raichu|flinch\n|\n|upkeep\n|turn|14\n|\n|t:|1781383178\n|move|p2a: Raichu|Volt Switch|p1a: Ambipom\n|-damage|p1a: Ambipom|76/263\n|\n|t:|1781383181\n|switch|p2a: Golduck|Golduck, L90, F|290/290|[from] Volt Switch\n|-ability|p2a: Golduck|Cloud Nine\n|move|p1a: Ambipom|Knock Off|p2a: Golduck\n|-damage|p2a: Golduck|219/290\n|-enditem|p2a: Golduck|Leftovers|[from] move: Knock Off|[of] p1a: Ambipom\n|\n|upkeep\n|turn|15\n|\n|t:|1781383184\n|move|p1a: Ambipom|Double-Edge|p2a: Golduck\n|-damage|p2a: Golduck|56/290\n|-damage|p1a: Ambipom|22/263|[from] Recoil\n|move|p2a: Golduck|Ice Beam|p1a: Ambipom\n|-damage|p1a: Ambipom|0 fnt\n|faint|p1a: Ambipom\n|\n|upkeep\n|\n|t:|1781383203\n|switch|p1a: Yanmega|Yanmega, L82, M|256/275\n|turn|16\n|\n|t:|1781383206\n|move|p2a: Golduck|Ice Beam|p1a: Yanmega\n|-supereffective|p1a: Yanmega\n|-damage|p1a: Yanmega|42/275\n|move|p1a: Yanmega|Air Slash|p2a: Golduck\n|-damage|p2a: Golduck|0 fnt\n|faint|p2a: Golduck\n|\n|-fieldend|move: Electric Terrain\n|upkeep\n|\n|t:|1781383213\n|switch|p2a: Cinccino|Cinccino, L83, F|260/260\n|turn|17\n|\n|t:|1781383224\n|move|p2a: Cinccino|Triple Axel|p1a: Yanmega\n|-supereffective|p1a: Yanmega\n|-damage|p1a: Yanmega|0 fnt\n|faint|p1a: Yanmega\n|-hitcount|p1: Yanmega|1\n|\n|upkeep\n|\n|t:|1781383225\n|switch|p1a: Garganacl|Garganacl, L80, F|291/291\n|turn|18\n|\n|t:|1781383237\n|move|p2a: Cinccino|Bullet Seed|p1a: Garganacl\n|-supereffective|p1a: Garganacl\n|-damage|p1a: Garganacl|253/291\n|-supereffective|p1a: Garganacl\n|-damage|p1a: Garganacl|213/291\n|-supereffective|p1a: Garganacl\n|-damage|p1a: Garganacl|173/291\n|-supereffective|p1a: Garganacl\n|-damage|p1a: Garganacl|133/291\n|-hitcount|p1a: Garganacl|4\n|move|p1a: Garganacl|Salt Cure|p2a: Cinccino\n|-damage|p2a: Cinccino|206/260\n|-start|p2a: Cinccino|Salt Cure\n|\n|-heal|p1a: Garganacl|151/291|[from] item: Leftovers\n|-damage|p2a: Cinccino|174/260|[from] Salt Cure\n|upkeep\n|turn|19\n|\n|t:|1781383251\n|switch|p2a: Raichu|Raichu-Alola, L87, F|128/246\n|move|p1a: Garganacl|Recover|p1a: Garganacl\n|-heal|p1a: Garganacl|291/291\n|\n|upkeep\n|turn|20\n|\n|t:|1781383264\n|move|p2a: Raichu|Psychic|p1a: Garganacl\n|-damage|p1a: Garganacl|129/291\n|move|p1a: Garganacl|Recover|p1a: Garganacl\n|-heal|p1a: Garganacl|275/291\n|\n|-heal|p1a: Garganacl|291/291|[from] item: Leftovers\n|upkeep\n|turn|21\n|\n|t:|1781383267\n|move|p2a: Raichu|Psychic|p1a: Garganacl\n|-damage|p1a: Garganacl|134/291\n|move|p1a: Garganacl|Earthquake|p2a: Raichu\n|-supereffective|p2a: Raichu\n|-crit|p2a: Raichu\n|-damage|p2a: Raichu|0 fnt\n|faint|p2a: Raichu\n|\n|-heal|p1a: Garganacl|152/291|[from] item: Leftovers\n|upkeep\n|\n|t:|1781383269\n|switch|p2a: Cinccino|Cinccino, L83, F|174/260\n|turn|22\n|\n|t:|1781383275\n|move|p2a: Cinccino|Bullet Seed|p1a: Garganacl\n|-supereffective|p1a: Garganacl\n|-damage|p1a: Garganacl|114/291\n|-supereffective|p1a: Garganacl\n|-damage|p1a: Garganacl|70/291\n|-supereffective|p1a: Garganacl\n|-damage|p1a: Garganacl|30/291\n|-supereffective|p1a: Garganacl\n|-damage|p1a: Garganacl|0 fnt\n|faint|p1a: Garganacl\n|-hitcount|p1: Garganacl|4\n|\n|upkeep\n|\n|t:|1781383276\n|switch|p1a: Haxorus|Haxorus, L77, M|244/244\n|-ability|p1a: Haxorus|Mold Breaker\n|turn|23\n|\n|t:|1781383278\n|move|p2a: Cinccino|Triple Axel|p1a: Haxorus\n|-supereffective|p1a: Haxorus\n|-crit|p1a: Haxorus\n|-damage|p1a: Haxorus|182/244\n|-supereffective|p1a: Haxorus\n|-damage|p1a: Haxorus|86/244\n|-supereffective|p1a: Haxorus\n|-damage|p1a: Haxorus|0 fnt\n|faint|p1a: Haxorus\n|-hitcount|p1: Haxorus|3\n|\n|win|Goonelajtis\n", "uploadtime": 1781383008, "views": 9, "formatid": "gen9randombattle", "rating": null, "private": 0, "password": null}