{"id": "gen9randombattle-2632017719", "format": "[Gen 9] Random Battle", "players": ["Shomsnack", "LewisBavin"], "log": "|j|\u203dShomsnack\n|j|\u2606LewisBavin\n|t:|1781466434\n|gametype|singles\n|player|p1|Shomsnack|2|2076\n|player|p2|LewisBavin|265|2138\n|gen|9\n|tier|[Gen 9] Random Battle\n|rated|\n|rule|Species Clause: Limit one of each Pok\u00e9mon\n|rule|HP Percentage Mod: HP is shown in percentages\n|rule|Sleep Clause Mod: Limit one foe put to sleep\n|rule|Illusion Level Mod: Illusion disguises the Pok\u00e9mon's true level\n|\n|t:|1781466434\n|teamsize|p1|6\n|teamsize|p2|6\n|start\n|switch|p1a: Dusknoir|Dusknoir, L89, M|225/225\n|switch|p2a: Brute Bonnet|Brute Bonnet, L80|309/309\n|-item|p2a: Brute Bonnet|Leftovers|[from] ability: Frisk|[of] p1a: Dusknoir\n|turn|1\n|inactive|Battle timer is ON: inactive players will automatically lose when time's up. (requested by LewisBavin)\n|\n|t:|1781466444\n|move|p2a: Brute Bonnet|Spore|p1a: Dusknoir\n|-status|p1a: Dusknoir|slp|[from] move: Spore\n|cant|p1a: Dusknoir|slp\n|\n|upkeep\n|turn|2\n|\n|t:|1781466447\n|switch|p1a: Koraidon|Koraidon, L64|235/235\n|-weather|SunnyDay|[from] ability: Orichalcum Pulse|[of] p1a: Koraidon\n|-activate|p2a: Brute Bonnet|ability: Protosynthesis\n|-start|p2a: Brute Bonnet|protosynthesisatk\n|-activate|p1a: Koraidon|Orichalcum Pulse|[source]\n|move|p2a: Brute Bonnet|Crunch|p1a: Koraidon\n|-resisted|p1a: Koraidon\n|-damage|p1a: Koraidon|169/235\n|\n|-weather|SunnyDay|[upkeep]\n|upkeep\n|turn|3\n|\n|t:|1781466456\n|-end|p2a: Brute Bonnet|Protosynthesis|[silent]\n|switch|p2a: Dipplin|Dipplin, L88, F|284/284\n|move|p1a: Koraidon|Swords Dance|p1a: Koraidon\n|-boost|p1a: Koraidon|atk|2\n|\n|-weather|SunnyDay|[upkeep]\n|upkeep\n|turn|4\n|\n|t:|1781466459\n|-terastallize|p2a: Dipplin|Steel\n|move|p1a: Koraidon|Scale Shot|p2a: Dipplin\n|-resisted|p2a: Dipplin\n|-damage|p2a: Dipplin|269/284\n|-resisted|p2a: Dipplin\n|-damage|p2a: Dipplin|254/284\n|-resisted|p2a: Dipplin\n|-damage|p2a: Dipplin|239/284\n|-resisted|p2a: Dipplin\n|-damage|p2a: Dipplin|226/284\n|-hitcount|p2a: Dipplin|4\n|-unboost|p1a: Koraidon|def|1\n|-boost|p1a: Koraidon|spe|1\n|move|p2a: Dipplin|Dragon Tail|p1a: Koraidon\n|-supereffective|p1a: Koraidon\n|-damage|p1a: Koraidon|0 fnt\n|faint|p1a: Koraidon\n|\n|-weather|SunnyDay|[upkeep]\n|upkeep\n|\n|t:|1781466474\n|switch|p1a: Lanturn|Lanturn, L89, F|367/367\n|turn|5\n|\n|t:|1781466478\n|move|p1a: Lanturn|Thunder Wave|p2a: Dipplin\n|-status|p2a: Dipplin|par\n|move|p2a: Dipplin|Giga Drain|p1a: Lanturn\n|-supereffective|p1a: Lanturn\n|-crit|p1a: Lanturn\n|-damage|p1a: Lanturn|107/367\n|-heal|p2a: Dipplin|284/284 par|[from] drain|[of] p1a: Lanturn\n|\n|-weather|SunnyDay|[upkeep]\n|-heal|p1a: Lanturn|129/367|[from] item: Leftovers\n|upkeep\n|turn|6\n|\n|t:|1781466483\n|move|p1a: Lanturn|Thunderbolt|p2a: Dipplin\n|-damage|p2a: Dipplin|226/284 par\n|move|p2a: Dipplin|Dragon Tail|p1a: Lanturn\n|-damage|p1a: Lanturn|53/367\n|drag|p1a: Mewtwo|Mewtwo, L72|272/272\n|-ability|p1a: Mewtwo|Unnerve\n|\n|-weather|none\n|upkeep\n|turn|7\n|\n|t:|1781466490\n|move|p1a: Mewtwo|Aura Sphere|p2a: Dipplin\n|-supereffective|p2a: Dipplin\n|-damage|p2a: Dipplin|125/284 par\n|-damage|p1a: Mewtwo|245/272|[from] item: Life Orb\n|move|p2a: Dipplin|Giga Drain|p1a: Mewtwo\n|-damage|p1a: Mewtwo|140/272\n|-heal|p2a: Dipplin|178/284 par|[from] drain|[of] p1a: Mewtwo\n|\n|upkeep\n|turn|8\n|\n|t:|1781466495\n|move|p1a: Mewtwo|Recover|p1a: Mewtwo\n|-heal|p1a: Mewtwo|272/272\n|move|p2a: Dipplin|Dragon Tail|p1a: Mewtwo\n|-damage|p1a: Mewtwo|197/272\n|drag|p1a: Dusknoir|Dusknoir, L89, M|225/225 slp\n|-item|p2a: Dipplin|Eviolite|[from] ability: Frisk|[of] p1a: Dusknoir\n|\n|upkeep\n|turn|9\n|\n|t:|1781466499\n|switch|p1a: Lanturn|Lanturn, L89, F|53/367\n|switch|p2a: Brute Bonnet|Brute Bonnet, L80|309/309\n|\n|-heal|p1a: Lanturn|75/367|[from] item: Leftovers\n|upkeep\n|turn|10\n|\n|t:|1781466502\n|-end|p2a: Brute Bonnet|Protosynthesis|[silent]\n|switch|p2a: Dipplin|Dipplin, L88, F, tera:Steel|178/284 par\n|move|p1a: Lanturn|Ice Beam|p2a: Dipplin\n|-resisted|p2a: Dipplin\n|-damage|p2a: Dipplin|158/284 par\n|\n|-heal|p1a: Lanturn|97/367|[from] item: Leftovers\n|upkeep\n|turn|11\n|\n|t:|1781466504\n|move|p1a: Lanturn|Scald|p2a: Dipplin\n|-damage|p2a: Dipplin|104/284 par\n|move|p2a: Dipplin|Recover|p2a: Dipplin\n|-heal|p2a: Dipplin|246/284 par\n|\n|-heal|p1a: Lanturn|119/367|[from] item: Leftovers\n|upkeep\n|turn|12\n|\n|t:|1781466506\n|move|p1a: Lanturn|Scald|p2a: Dipplin\n|-damage|p2a: Dipplin|192/284 par\n|move|p2a: Dipplin|Giga Drain|p1a: Lanturn\n|-supereffective|p1a: Lanturn\n|-damage|p1a: Lanturn|0 fnt\n|-heal|p2a: Dipplin|252/284 par|[from] drain|[of] p1a: Lanturn\n|faint|p1a: Lanturn\n|\n|upkeep\n|\n|t:|1781466508\n|switch|p1a: Mewtwo|Mewtwo, L72|197/272\n|-ability|p1a: Mewtwo|Unnerve\n|turn|13\n|\n|t:|1781466511\n|move|p1a: Mewtwo|Nasty Plot|p1a: Mewtwo\n|-boost|p1a: Mewtwo|spa|2\n|move|p2a: Dipplin|Dragon Tail|p1a: Mewtwo\n|-damage|p1a: Mewtwo|124/272\n|drag|p1a: Dusknoir|Dusknoir, L89, M|225/225 slp\n|-item|p2a: Dipplin|Eviolite|[from] ability: Frisk|[of] p1a: Dusknoir\n|\n|upkeep\n|turn|14\n|-message|Shomsnack forfeited.\n|\n|win|LewisBavin\n", "uploadtime": 1781466436, "views": 2, "formatid": "gen9randombattle", "rating": null, "private": 0, "password": null}