{"id": "gen9randombattle-2631518213", "format": "[Gen 9] Random Battle", "players": ["actuary97", "theflyestlai"], "log": "|j|\u2606actuary97\n|j|\u2606theflyestlai\n|t:|1781395549\n|gametype|singles\n|player|p1|actuary97|sabrina-frlg|2070\n|player|p2|theflyestlai|miku-ghost|2051\n|gen|9\n|tier|[Gen 9] Random Battle\n|rated|\n|rule|Species Clause: Limit one of each Pok\u00e9mon\n|rule|HP Percentage Mod: HP is shown in percentages\n|rule|Sleep Clause Mod: Limit one foe put to sleep\n|rule|Illusion Level Mod: Illusion disguises the Pok\u00e9mon's true level\n|\n|t:|1781395549\n|teamsize|p1|6\n|teamsize|p2|6\n|start\n|switch|p1a: Dunsparce|Dunsparce, L86, M|312/312\n|switch|p2a: Raichu|Raichu-Alola, L87, M|246/246\n|turn|1\n|inactive|Battle timer is ON: inactive players will automatically lose when time's up. (requested by theflyestlai)\n|\n|t:|1781395557\n|move|p2a: Raichu|Volt Switch|p1a: Dunsparce\n|-damage|p1a: Dunsparce|215/312\n|\n|t:|1781395569\n|switch|p2a: Scrafty|Scrafty, L83, M|244/244|[from] Volt Switch\n|-ability|p2a: Scrafty|Intimidate|boost\n|-unboost|p1a: Dunsparce|atk|1\n|move|p1a: Dunsparce|Earthquake|p2a: Scrafty\n|-damage|p2a: Scrafty|211/244\n|\n|-heal|p2a: Scrafty|226/244|[from] item: Leftovers\n|upkeep\n|turn|2\n|\n|t:|1781395585\n|switch|p1a: Coalossal|Coalossal, L89, M|341/341\n|move|p2a: Scrafty|Knock Off|p1a: Coalossal\n|-damage|p1a: Coalossal|275/341\n|-enditem|p1a: Coalossal|Heavy-Duty Boots|[from] move: Knock Off|[of] p2a: Scrafty\n|\n|-heal|p2a: Scrafty|241/244|[from] item: Leftovers\n|upkeep\n|turn|3\n|inactive|theflyestlai has 120 seconds left.\n|inactive|theflyestlai has 90 seconds left.\n|inactive|theflyestlai has 60 seconds left.\n|inactive|theflyestlai has 30 seconds left.\n|\n|t:|1781395710\n|move|p2a: Scrafty|Dragon Dance|p2a: Scrafty\n|-boost|p2a: Scrafty|atk|1\n|-boost|p2a: Scrafty|spe|1\n|move|p1a: Coalossal|Overheat|p2a: Scrafty\n|-damage|p2a: Scrafty|138/244\n|-unboost|p1a: Coalossal|spa|2\n|\n|-heal|p2a: Scrafty|153/244|[from] item: Leftovers\n|upkeep\n|turn|4\n|inactive|theflyestlai has 30 seconds left.\n|\n|t:|1781395726\n|switch|p1a: Swalot|Swalot, L90, F|326/326\n|move|p2a: Scrafty|Drain Punch|p1a: Swalot\n|-resisted|p1a: Swalot\n|-damage|p1a: Swalot|271/326\n|-damage|p2a: Scrafty|125/244|[from] ability: Liquid Ooze|[of] p1a: Swalot\n|\n|-heal|p2a: Scrafty|140/244|[from] item: Leftovers\n|-heal|p1a: Swalot|291/326|[from] item: Leftovers\n|upkeep\n|turn|5\n|inactive|theflyestlai has 30 seconds left.\n|\n|t:|1781395737\n|move|p2a: Scrafty|Knock Off|p1a: Swalot\n|-damage|p1a: Swalot|158/326\n|-enditem|p1a: Swalot|Leftovers|[from] move: Knock Off|[of] p2a: Scrafty\n|move|p1a: Swalot|Knock Off|p2a: Scrafty\n|-resisted|p2a: Scrafty\n|-damage|p2a: Scrafty|126/244\n|-enditem|p2a: Scrafty|Leftovers|[from] move: Knock Off|[of] p1a: Swalot\n|\n|upkeep\n|turn|6\n|inactive|theflyestlai has 30 seconds left.\n|inactive|theflyestlai has 20 seconds left.\n|inactive|theflyestlai has 15 seconds left.\n|inactive|theflyestlai has 10 seconds left.\n|\n|t:|1781395770\n|move|p2a: Scrafty|Dragon Dance|p2a: Scrafty\n|-boost|p2a: Scrafty|atk|1\n|-boost|p2a: Scrafty|spe|1\n|move|p1a: Swalot|Gunk Shot|p2a: Scrafty\n|-crit|p2a: Scrafty\n|-damage|p2a: Scrafty|0 fnt\n|faint|p2a: Scrafty\n|\n|upkeep\n|inactive|theflyestlai has 15 seconds left this turn.\n|inactive|theflyestlai has 10 seconds left.\n|\n|t:|1781395776\n|switch|p2a: Raichu|Raichu-Alola, L87, M|246/246\n|turn|7\n|inactive|theflyestlai has 20 seconds left this turn.\n|\n|t:|1781395782\n|switch|p1a: Morpeko|Morpeko, L88, M|245/245\n|move|p2a: Raichu|Psyshock|p1a: Morpeko\n|-immune|p1a: Morpeko\n|\n|-formechange|p1a: Morpeko|Morpeko-Hangry||[from] ability: Hunger Switch\n|upkeep\n|turn|8\n|inactive|theflyestlai has 30 seconds left this turn.\n|inactive|theflyestlai has 20 seconds left.\n|inactive|theflyestlai has 15 seconds left.\n|\n|t:|1781395801\n|switch|p2a: Scyther|Scyther, L82, M|249/249\n|move|p1a: Morpeko|Aura Wheel|p2a: Scyther\n|-damage|p2a: Scyther|102/249\n|-boost|p1a: Morpeko|spe|1\n|\n|-formechange|p1a: Morpeko|Morpeko||[from] ability: Hunger Switch\n|upkeep\n|turn|9\n|inactive|theflyestlai has 25 seconds left this turn.\n|inactive|theflyestlai has 20 seconds left.\n|inactive|theflyestlai has 15 seconds left.\n|-message|theflyestlai forfeited.\n|\n|win|actuary97\n", "uploadtime": 1781395551, "views": 3, "formatid": "gen9randombattle", "rating": null, "private": 0, "password": null}