{"id": "gen9randombattle-2631525166", "format": "[Gen 9] Random Battle", "players": ["BanBanFunnyMoments", "ToeSnatcher"], "log": "|j|\u2606BanBanFunnyMoments\n|j|\u2606ToeSnatcher\n|t:|1781396527\n|gametype|singles\n|player|p1|BanBanFunnyMoments|richboy-gen4|1494\n|player|p2|ToeSnatcher|dancer|1472\n|gen|9\n|tier|[Gen 9] Random Battle\n|rated|\n|rule|Species Clause: Limit one of each Pok\u00e9mon\n|rule|HP Percentage Mod: HP is shown in percentages\n|rule|Sleep Clause Mod: Limit one foe put to sleep\n|rule|Illusion Level Mod: Illusion disguises the Pok\u00e9mon's true level\n|\n|t:|1781396527\n|teamsize|p1|6\n|teamsize|p2|6\n|start\n|switch|p1a: Magcargo|Magcargo, L95, M|268/268\n|switch|p2a: Mamoswine|Mamoswine, L81, M|311/311\n|turn|1\n|inactive|Battle timer is ON: inactive players will automatically lose when time's up. (requested by ToeSnatcher)\n|\n|t:|1781396553\n|switch|p1a: Leafeon|Leafeon, L88, F|258/258\n|move|p2a: Mamoswine|Stealth Rock|p1a: Leafeon\n|-sidestart|p1: BanBanFunnyMoments|move: Stealth Rock\n|\n|upkeep\n|turn|2\n|\n|t:|1781396561\n|move|p1a: Leafeon|Leaf Blade|p2a: Mamoswine\n|-supereffective|p2a: Mamoswine\n|-damage|p2a: Mamoswine|4/311\n|-damage|p1a: Leafeon|233/258|[from] item: Life Orb\n|move|p2a: Mamoswine|Icicle Crash|p1a: Leafeon\n|-supereffective|p1a: Leafeon\n|-damage|p1a: Leafeon|38/258\n|-damage|p2a: Mamoswine|0 fnt|[from] item: Life Orb\n|faint|p2a: Mamoswine\n|\n|upkeep\n|\n|t:|1781396589\n|switch|p2a: Tauros|Tauros, L82, M|257/257\n|turn|3\n|\n|t:|1781396595\n|switch|p1a: Qwilfish|Qwilfish, L86, F|252/252\n|-ability|p1a: Qwilfish|Intimidate|boost\n|-unboost|p2a: Tauros|atk|1\n|move|p2a: Tauros|Body Slam|p1a: Qwilfish\n|-damage|p1a: Qwilfish|155/252\n|\n|upkeep\n|turn|4\n|\n|t:|1781396615\n|switch|p2a: Okidogi|Okidogi, L77, M|262/262\n|move|p1a: Qwilfish|Pain Split|p2a: Okidogi\n|-sethp|p2a: Okidogi|208/262|[from] move: Pain Split|[silent]\n|-sethp|p1a: Qwilfish|208/252|[from] move: Pain Split\n|\n|-heal|p2a: Okidogi|224/262|[from] item: Leftovers\n|upkeep\n|turn|5\n|\n|t:|1781396622\n|move|p1a: Qwilfish|Flip Turn|p2a: Okidogi\n|-damage|p2a: Okidogi|166/262\n|\n|t:|1781396634\n|switch|p1a: Leafeon|Leafeon, L88, F|38/258|[from] Flip Turn\n|-damage|p1a: Leafeon|6/258|[from] Stealth Rock\n|move|p2a: Okidogi|Bulk Up|p2a: Okidogi\n|-boost|p2a: Okidogi|atk|1\n|-boost|p2a: Okidogi|def|1\n|\n|-heal|p2a: Okidogi|182/262|[from] item: Leftovers\n|upkeep\n|turn|6\n|\n|t:|1781396640\n|move|p1a: Leafeon|Knock Off|p2a: Okidogi\n|-resisted|p2a: Okidogi\n|-damage|p2a: Okidogi|152/262\n|-enditem|p2a: Okidogi|Leftovers|[from] move: Knock Off|[of] p1a: Leafeon\n|-damage|p1a: Leafeon|0 fnt|[from] item: Life Orb\n|faint|p1a: Leafeon\n|move|p2a: Okidogi|Bulk Up|p2a: Okidogi\n|-boost|p2a: Okidogi|atk|1\n|-boost|p2a: Okidogi|def|1\n|\n|upkeep\n|\n|t:|1781396648\n|switch|p1a: Kyogre|Kyogre, L71|259/259\n|-damage|p1a: Kyogre|227/259|[from] Stealth Rock\n|-weather|RainDance|[from] ability: Drizzle|[of] p1a: Kyogre\n|turn|7\n|\n|t:|1781396659\n|move|p1a: Kyogre|Origin Pulse|p2a: Okidogi\n|-damage|p2a: Okidogi|0 fnt\n|faint|p2a: Okidogi\n|\n|-weather|RainDance|[upkeep]\n|-heal|p1a: Kyogre|243/259|[from] item: Leftovers\n|upkeep\n|\n|t:|1781396682\n|switch|p2a: Toucannon|Toucannon, L88, M|284/284\n|turn|8\n|inactive|BanBanFunnyMoments has 120 seconds left.\n|\n|t:|1781396715\n|switch|p1a: Archaludon|Archaludon, L78, F|268/268\n|-damage|p1a: Archaludon|252/268|[from] Stealth Rock\n|move|p2a: Toucannon|Bullet Seed|p1a: Archaludon\n|-resisted|p1a: Archaludon\n|-damage|p1a: Archaludon|247/268\n|-ability|p1a: Archaludon|Stamina|boost\n|-boost|p1a: Archaludon|def|1\n|-resisted|p1a: Archaludon\n|-damage|p1a: Archaludon|244/268\n|-ability|p1a: Archaludon|Stamina|boost\n|-boost|p1a: Archaludon|def|1\n|-resisted|p1a: Archaludon\n|-damage|p1a: Archaludon|242/268\n|-ability|p1a: Archaludon|Stamina|boost\n|-boost|p1a: Archaludon|def|1\n|-resisted|p1a: Archaludon\n|-damage|p1a: Archaludon|240/268\n|-ability|p1a: Archaludon|Stamina|boost\n|-boost|p1a: Archaludon|def|1\n|-resisted|p1a: Archaludon\n|-damage|p1a: Archaludon|239/268\n|-ability|p1a: Archaludon|Stamina|boost\n|-boost|p1a: Archaludon|def|1\n|-hitcount|p1a: Archaludon|5\n|\n|-weather|RainDance|[upkeep]\n|upkeep\n|turn|9\n|inactive|BanBanFunnyMoments has 120 seconds left.\n|\n|t:|1781396725\n|-singleturn|p2a: Toucannon|move: Beak Blast\n|move|p1a: Archaludon|Swords Dance|p1a: Archaludon\n|-boost|p1a: Archaludon|atk|2\n|move|p2a: Toucannon|Beak Blast|p1a: Archaludon\n|-resisted|p1a: Archaludon\n|-damage|p1a: Archaludon|224/268\n|-ability|p1a: Archaludon|Stamina|boost\n|-boost|p1a: Archaludon|def|1\n|\n|-weather|RainDance|[upkeep]\n|upkeep\n|turn|10\n|\n|t:|1781396730\n|-singleturn|p2a: Toucannon|move: Beak Blast\n|move|p1a: Archaludon|Swords Dance|p1a: Archaludon\n|-boost|p1a: Archaludon|atk|2\n|move|p2a: Toucannon|Beak Blast|p1a: Archaludon\n|-resisted|p1a: Archaludon\n|-damage|p1a: Archaludon|210/268\n|\n|-weather|RainDance|[upkeep]\n|upkeep\n|turn|11\n|\n|t:|1781396735\n|-singleturn|p2a: Toucannon|move: Beak Blast\n|move|p1a: Archaludon|Swords Dance|p1a: Archaludon\n|-boost|p1a: Archaludon|atk|2\n|move|p2a: Toucannon|Beak Blast|p1a: Archaludon\n|-resisted|p1a: Archaludon\n|-damage|p1a: Archaludon|196/268\n|\n|-weather|none\n|upkeep\n|turn|12\n|\n|t:|1781396737\n|-singleturn|p2a: Toucannon|move: Beak Blast\n|move|p1a: Archaludon|Iron Head|p2a: Toucannon\n|-damage|p2a: Toucannon|0 fnt\n|-status|p1a: Archaludon|brn\n|-enditem|p1a: Archaludon|Lum Berry|[eat]\n|-curestatus|p1a: Archaludon|brn|[msg]\n|faint|p2a: Toucannon\n|\n|upkeep\n|\n|t:|1781396751\n|switch|p2a: Iron Moth|Iron Moth, L78|253/253\n|turn|13\n|\n|t:|1781396764\n|move|p2a: Iron Moth|Fire Blast|p1a: Archaludon\n|-damage|p1a: Archaludon|0 fnt\n|faint|p1a: Archaludon\n|\n|upkeep\n|inactive|BanBanFunnyMoments has 120 seconds left.\n|\n|t:|1781396794\n|switch|p1a: Magcargo|Magcargo, L95, M|268/268\n|turn|14\n|\n|t:|1781396798\n|-end|p2a: Iron Moth|Quark Drive|[silent]\n|switch|p2a: Tauros|Tauros, L82, M|257/257\n|move|p1a: Magcargo|Shell Smash|p1a: Magcargo\n|-unboost|p1a: Magcargo|def|1\n|-unboost|p1a: Magcargo|spd|1\n|-boost|p1a: Magcargo|atk|2\n|-boost|p1a: Magcargo|spa|2\n|-boost|p1a: Magcargo|spe|2\n|\n|upkeep\n|turn|15\n|\n|t:|1781396809\n|-terastallize|p1a: Magcargo|Grass\n|move|p2a: Tauros|Close Combat|p1a: Magcargo\n|-damage|p1a: Magcargo|151/268\n|-unboost|p2a: Tauros|def|1\n|-unboost|p2a: Tauros|spd|1\n|-ability|p1a: Magcargo|Weak Armor|boost\n|-unboost|p1a: Magcargo|def|1\n|-boost|p1a: Magcargo|spe|2\n|-damage|p2a: Tauros|232/257|[from] item: Life Orb\n|move|p1a: Magcargo|Shell Smash|p1a: Magcargo\n|-unboost|p1a: Magcargo|def|1\n|-unboost|p1a: Magcargo|spd|1\n|-boost|p1a: Magcargo|atk|2\n|-boost|p1a: Magcargo|spa|2\n|-boost|p1a: Magcargo|spe|2\n|\n|upkeep\n|turn|16\n|\n|t:|1781396824\n|move|p1a: Magcargo|Earth Power|p2a: Tauros\n|-damage|p2a: Tauros|0 fnt\n|faint|p2a: Tauros\n|\n|upkeep\n|\n|t:|1781396827\n|switch|p2a: Mandibuzz|Mandibuzz, L85, F|326/326\n|turn|17\n|\n|t:|1781396835\n|-terastallize|p2a: Mandibuzz|Steel\n|move|p1a: Magcargo|Fire Blast|p2a: Mandibuzz\n|-supereffective|p2a: Mandibuzz\n|-damage|p2a: Mandibuzz|0 fnt\n|faint|p2a: Mandibuzz\n|\n|upkeep\n|\n|t:|1781396841\n|switch|p2a: Iron Moth|Iron Moth, L78|253/253\n|turn|18\n|\n|t:|1781396843\n|move|p1a: Magcargo|Earth Power|p2a: Iron Moth\n|-supereffective|p2a: Iron Moth\n|-damage|p2a: Iron Moth|0 fnt\n|faint|p2a: Iron Moth\n|-end|p2a: Iron Moth|Quark Drive|[silent]\n|\n|win|BanBanFunnyMoments\n|raw|BanBanFunnyMoments's rating: 1494 &rarr; <strong>1513</strong><br />(+19 for winning)\n|raw|ToeSnatcher's rating: 1472 &rarr; <strong>1453</strong><br />(-19 for losing)\n", "uploadtime": 1781396845, "views": 4, "formatid": "gen9randombattle", "rating": 1453, "private": 0, "password": null}