{"id": "gen9randombattle-2631934363", "format": "[Gen 9] Random Battle", "players": ["dweber89", "Soul Gem"], "log": "|j|\u2606dweber89\n|j|\u2606Soul Gem\n|t:|1781457293\n|gametype|singles\n|player|p1|dweber89|170|1933\n|player|p2|Soul Gem|misty|1969\n|gen|9\n|tier|[Gen 9] Random Battle\n|rated|\n|rule|Species Clause: Limit one of each Pok\u00e9mon\n|rule|HP Percentage Mod: HP is shown in percentages\n|rule|Sleep Clause Mod: Limit one foe put to sleep\n|rule|Illusion Level Mod: Illusion disguises the Pok\u00e9mon's true level\n|\n|t:|1781457293\n|teamsize|p1|6\n|teamsize|p2|6\n|start\n|switch|p1a: Galvantula|Galvantula, L82, F|249/249\n|switch|p2a: Shaymin|Shaymin-Sky, L73|266/266\n|turn|1\n|\n|t:|1781457371\n|switch|p2a: Chansey|Chansey, L85, F|564/564\n|move|p1a: Galvantula|Sticky Web|p2a: Chansey\n|-sidestart|p2: Soul Gem|move: Sticky Web\n|\n|upkeep\n|turn|2\n|\n|t:|1781457410\n|switch|p1a: Mabosstiff|Mabosstiff, L86, F|278/278\n|move|p2a: Chansey|Stealth Rock|p1a: Mabosstiff\n|-sidestart|p1: dweber89|move: Stealth Rock\n|\n|upkeep\n|turn|3\n|\n|t:|1781457422\n|switch|p2a: Koraidon|Koraidon, L64|235/235\n|-activate|p2a: Koraidon|move: Sticky Web\n|-unboost|p2a: Koraidon|spe|1\n|-weather|SunnyDay|[from] ability: Orichalcum Pulse|[of] p2a: Koraidon\n|-activate|p2a: Koraidon|Orichalcum Pulse|[source]\n|move|p1a: Mabosstiff|Crunch|p2a: Koraidon\n|-resisted|p2a: Koraidon\n|-damage|p2a: Koraidon|57/235\n|\n|-weather|SunnyDay|[upkeep]\n|upkeep\n|turn|4\n|\n|t:|1781457444\n|move|p1a: Mabosstiff|Crunch|p2a: Koraidon\n|-resisted|p2a: Koraidon\n|-damage|p2a: Koraidon|0 fnt\n|faint|p2a: Koraidon\n|\n|-weather|SunnyDay|[upkeep]\n|upkeep\n|\n|t:|1781457461\n|switch|p2a: Shaymin|Shaymin-Sky, L73|266/266\n|turn|5\n|inactive|Battle timer is ON: inactive players will automatically lose when time's up. (requested by Soul Gem)\n|\n|t:|1781457478\n|move|p2a: Shaymin|Air Slash|p1a: Mabosstiff\n|-damage|p1a: Mabosstiff|191/278\n|move|p1a: Mabosstiff|Crunch|p2a: Shaymin\n|-damage|p2a: Shaymin|76/266\n|\n|-weather|SunnyDay|[upkeep]\n|upkeep\n|turn|6\n|\n|t:|1781457483\n|move|p2a: Shaymin|Air Slash|p1a: Mabosstiff\n|-damage|p1a: Mabosstiff|106/278\n|cant|p1a: Mabosstiff|flinch\n|\n|-weather|SunnyDay|[upkeep]\n|upkeep\n|turn|7\n|\n|t:|1781457490\n|move|p2a: Shaymin|Seed Flare|p1a: Mabosstiff\n|-damage|p1a: Mabosstiff|0 fnt\n|faint|p1a: Mabosstiff\n|\n|-weather|none\n|upkeep\n|inactive|dweber89 has 120 seconds left.\n|\n|t:|1781457542\n|switch|p1a: Magcargo|Magcargo, L95, M|268/268\n|turn|8\n|inactive|dweber89 has 90 seconds left.\n|\n|t:|1781457562\n|switch|p1a: Seviper|Seviper, L93, M|287/287\n|-damage|p1a: Seviper|252/287|[from] Stealth Rock\n|move|p2a: Shaymin|Earth Power|p1a: Seviper\n|-supereffective|p1a: Seviper\n|-damage|p1a: Seviper|110/287\n|\n|-heal|p1a: Seviper|127/287|[from] item: Leftovers\n|upkeep\n|turn|9\n|inactive|dweber89 has 90 seconds left.\n|\n|t:|1781457572\n|move|p2a: Shaymin|Earth Power|p1a: Seviper\n|-supereffective|p1a: Seviper\n|-damage|p1a: Seviper|0 fnt\n|faint|p1a: Seviper\n|\n|upkeep\n|inactive|dweber89 has 90 seconds left.\n|\n|t:|1781457581\n|switch|p1a: Galvantula|Galvantula, L82, F|249/249\n|-damage|p1a: Galvantula|187/249|[from] Stealth Rock\n|turn|10\n|\n|t:|1781457590\n|move|p2a: Shaymin|Air Slash|p1a: Galvantula\n|-damage|p1a: Galvantula|85/249\n|move|p1a: Galvantula|Thunder|p2a: Shaymin\n|-damage|p2a: Shaymin|0 fnt\n|faint|p2a: Shaymin\n|\n|upkeep\n|\n|t:|1781457594\n|switch|p2a: Chansey|Chansey, L85, F|564/564\n|-activate|p2a: Chansey|move: Sticky Web\n|-unboost|p2a: Chansey|spe|1\n|turn|11\n|\n|t:|1781457601\n|move|p1a: Galvantula|Thunder|p2a: Chansey\n|-damage|p2a: Chansey|495/564\n|move|p2a: Chansey|Seismic Toss|p1a: Galvantula\n|-damage|p1a: Galvantula|0 fnt\n|faint|p1a: Galvantula\n|\n|upkeep\n|\n|t:|1781457610\n|switch|p1a: Lucario|Lucario, L84, F|255/255\n|-damage|p1a: Lucario|248/255|[from] Stealth Rock\n|turn|12\n|\n|t:|1781457614\n|switch|p2a: Pecharunt|Pecharunt, L77|262/262\n|-activate|p2a: Pecharunt|move: Sticky Web\n|-unboost|p2a: Pecharunt|spe|1\n|move|p1a: Lucario|Nasty Plot|p1a: Lucario\n|-boost|p1a: Lucario|spa|2\n|\n|upkeep\n|turn|13\n|inactive|dweber89 has 120 seconds left.\n|\n|t:|1781457636\n|switch|p2a: Chansey|Chansey, L85, F|495/564\n|-activate|p2a: Chansey|move: Sticky Web\n|-unboost|p2a: Chansey|spe|1\n|move|p1a: Lucario|Flash Cannon|p2a: Chansey\n|-damage|p2a: Chansey|351/564\n|-damage|p1a: Lucario|223/255|[from] item: Life Orb\n|\n|upkeep\n|turn|14\n|\n|t:|1781457645\n|-terastallize|p2a: Chansey|Ghost\n|move|p1a: Lucario|Aura Sphere|p2a: Chansey\n|-immune|p2a: Chansey\n|move|p2a: Chansey|Soft-Boiled|p2a: Chansey\n|-heal|p2a: Chansey|564/564\n|\n|upkeep\n|turn|15\n|\n|t:|1781457650\n|move|p1a: Lucario|Nasty Plot|p1a: Lucario\n|-boost|p1a: Lucario|spa|2\n|move|p2a: Chansey|Thunder Wave|p1a: Lucario|[miss]\n|-miss|p2a: Chansey|p1a: Lucario\n|\n|upkeep\n|turn|16\n|\n|t:|1781457653\n|move|p1a: Lucario|Flash Cannon|p2a: Chansey\n|-damage|p2a: Chansey|337/564\n|-damage|p1a: Lucario|198/255|[from] item: Life Orb\n|move|p2a: Chansey|Thunder Wave|p1a: Lucario\n|-status|p1a: Lucario|par\n|\n|upkeep\n|turn|17\n|\n|t:|1781457660\n|move|p1a: Lucario|Flash Cannon|p2a: Chansey\n|-damage|p2a: Chansey|115/564\n|-damage|p1a: Lucario|173/255 par|[from] item: Life Orb\n|move|p2a: Chansey|Soft-Boiled|p2a: Chansey\n|-heal|p2a: Chansey|397/564\n|\n|upkeep\n|turn|18\n|\n|t:|1781457663\n|move|p1a: Lucario|Flash Cannon|p2a: Chansey\n|-damage|p2a: Chansey|189/564\n|-unboost|p2a: Chansey|spd|1\n|-damage|p1a: Lucario|148/255 par|[from] item: Life Orb\n|move|p2a: Chansey|Soft-Boiled|p2a: Chansey\n|-heal|p2a: Chansey|471/564\n|\n|upkeep\n|turn|19\n|\n|t:|1781457674\n|move|p1a: Lucario|Flash Cannon|p2a: Chansey\n|-crit|p2a: Chansey\n|-damage|p2a: Chansey|0 fnt\n|faint|p2a: Chansey\n|-damage|p1a: Lucario|123/255 par|[from] item: Life Orb\n|\n|upkeep\n|\n|t:|1781457677\n|switch|p2a: Latios|Latios, L78, M|253/253\n|turn|20\n|\n|t:|1781457682\n|move|p2a: Latios|Aura Sphere|p1a: Lucario\n|-supereffective|p1a: Lucario\n|-damage|p1a: Lucario|0 fnt\n|faint|p1a: Lucario\n|\n|upkeep\n|\n|t:|1781457696\n|switch|p1a: Magcargo|Magcargo, L95, M|268/268\n|turn|21\n|\n|t:|1781457700\n|-terastallize|p1a: Magcargo|Dragon\n|move|p2a: Latios|Luster Purge|p1a: Magcargo\n|-damage|p1a: Magcargo|147/268\n|move|p1a: Magcargo|Shell Smash|p1a: Magcargo\n|-unboost|p1a: Magcargo|def|1\n|-unboost|p1a: Magcargo|spd|1\n|-boost|p1a: Magcargo|atk|2\n|-boost|p1a: Magcargo|spa|2\n|-boost|p1a: Magcargo|spe|2\n|\n|upkeep\n|turn|22\n|\n|t:|1781457711\n|move|p1a: Magcargo|Power Gem|p2a: Latios\n|-damage|p2a: Latios|72/253\n|move|p2a: Latios|Luster Purge|p1a: Magcargo\n|-damage|p1a: Magcargo|0 fnt\n|faint|p1a: Magcargo\n|\n|upkeep\n|\n|t:|1781457715\n|switch|p1a: Volcarona|Volcarona, L77, M|257/257\n|turn|23\n|\n|t:|1781457726\n|switch|p2a: Pecharunt|Pecharunt, L77|262/262\n|-activate|p2a: Pecharunt|move: Sticky Web\n|-unboost|p2a: Pecharunt|spe|1\n|move|p1a: Volcarona|Quiver Dance|p1a: Volcarona\n|-boost|p1a: Volcarona|spa|1\n|-boost|p1a: Volcarona|spd|1\n|-boost|p1a: Volcarona|spe|1\n|\n|upkeep\n|turn|24\n|inactive|dweber89 has 120 seconds left.\n|inactive|dweber89 has 90 seconds left.\n|inactive|dweber89 has 60 seconds left.\n|\n|t:|1781457829\n|move|p1a: Volcarona|Quiver Dance|p1a: Volcarona\n|-boost|p1a: Volcarona|spa|1\n|-boost|p1a: Volcarona|spd|1\n|-boost|p1a: Volcarona|spe|1\n|move|p2a: Pecharunt|Malignant Chain|p1a: Volcarona\n|-damage|p1a: Volcarona|220/257\n|\n|upkeep\n|turn|25\n|\n|t:|1781457837\n|move|p1a: Volcarona|Fire Blast|p2a: Pecharunt|[miss]\n|-miss|p1a: Volcarona|p2a: Pecharunt\n|move|p2a: Pecharunt|Malignant Chain|p1a: Volcarona\n|-damage|p1a: Volcarona|178/257\n|-status|p1a: Volcarona|tox\n|-start|p1a: Volcarona|confusion|[from] ability: Poison Puppeteer|[of] p2a: Pecharunt\n|\n|-damage|p1a: Volcarona|162/257 tox|[from] psn\n|upkeep\n|turn|26\n|\n|t:|1781457847\n|-activate|p1a: Volcarona|confusion\n|move|p1a: Volcarona|Fire Blast|p2a: Pecharunt\n|-damage|p2a: Pecharunt|0 fnt\n|faint|p2a: Pecharunt\n|\n|-damage|p1a: Volcarona|130/257 tox|[from] psn\n|upkeep\n|\n|t:|1781457852\n|switch|p2a: Latios|Latios, L78, M|72/253\n|turn|27\n|\n|t:|1781457864\n|-activate|p1a: Volcarona|confusion\n|-damage|p1a: Volcarona|111/257 tox|[from] confusion\n|move|p2a: Latios|Luster Purge|p1a: Volcarona\n|-damage|p1a: Volcarona|45/257 tox\n|\n|-damage|p1a: Volcarona|0 fnt|[from] psn\n|faint|p1a: Volcarona\n|\n|win|Soul Gem\n|raw|dweber89's rating: 1933 &rarr; <strong>1915</strong><br />(-18 for losing)\n|raw|Soul Gem's rating: 1969 &rarr; <strong>1987</strong><br />(+18 for winning)\n|l|\u2606dweber89\n|player|p1|\n", "uploadtime": 1781457295, "views": 3, "formatid": "gen9randombattle", "rating": 1915, "private": 0, "password": null}