{"id": "gen9randombattle-2631586871", "format": "[Gen 9] Random Battle", "players": ["isnothingeasy", "Pokeoke"], "log": "|j|\u2606isnothingeasy\n|j|\u2606Pokeoke\n|t:|1781405020\n|gametype|singles\n|player|p1|isnothingeasy|lady|2011\n|player|p2|Pokeoke|265|2025\n|gen|9\n|tier|[Gen 9] Random Battle\n|rated|\n|rule|Species Clause: Limit one of each Pok\u00e9mon\n|rule|HP Percentage Mod: HP is shown in percentages\n|rule|Sleep Clause Mod: Limit one foe put to sleep\n|rule|Illusion Level Mod: Illusion disguises the Pok\u00e9mon's true level\n|\n|t:|1781405020\n|teamsize|p1|6\n|teamsize|p2|6\n|start\n|switch|p1a: Volcarona|Volcarona, L77, M|257/257\n|switch|p2a: Toucannon|Toucannon, L88, M|284/284\n|turn|1\n|\n|t:|1781405031\n|switch|p1a: Stonjourner|Stonjourner, L91, M|330/330\n|-singleturn|p2a: Toucannon|move: Beak Blast\n|move|p2a: Toucannon|Beak Blast|p1a: Stonjourner\n|-resisted|p1a: Stonjourner\n|-damage|p1a: Stonjourner|288/330\n|\n|upkeep\n|turn|2\n|\n|t:|1781405042\n|move|p1a: Stonjourner|Stealth Rock|p2a: Toucannon\n|-sidestart|p2: Pokeoke|move: Stealth Rock\n|move|p2a: Toucannon|Boomburst|p1a: Stonjourner\n|-resisted|p1a: Stonjourner\n|-damage|p1a: Stonjourner|144/330\n|\n|upkeep\n|turn|3\n|\n|t:|1781405054\n|-singleturn|p2a: Toucannon|move: Beak Blast\n|move|p1a: Stonjourner|Stone Edge|p2a: Toucannon|[miss]\n|-miss|p1a: Stonjourner|p2a: Toucannon\n|move|p2a: Toucannon|Beak Blast|p1a: Stonjourner\n|-resisted|p1a: Stonjourner\n|-damage|p1a: Stonjourner|99/330\n|\n|upkeep\n|turn|4\n|inactive|Battle timer is ON: inactive players will automatically lose when time's up. (requested by Pokeoke)\n|\n|t:|1781405080\n|switch|p2a: Chesnaught|Chesnaught, L84, M|285/285\n|-damage|p2a: Chesnaught|268/285|[from] Stealth Rock\n|move|p1a: Stonjourner|Stone Edge|p2a: Chesnaught\n|-resisted|p2a: Chesnaught\n|-damage|p2a: Chesnaught|191/285\n|-damage|p1a: Stonjourner|66/330|[from] item: Life Orb\n|\n|-heal|p2a: Chesnaught|208/285|[from] item: Leftovers\n|upkeep\n|turn|5\n|\n|t:|1781405103\n|move|p1a: Stonjourner|Heat Crash|p2a: Chesnaught\n|-supereffective|p2a: Chesnaught\n|-damage|p2a: Chesnaught|0 fnt\n|faint|p2a: Chesnaught\n|-damage|p1a: Stonjourner|33/330|[from] item: Life Orb\n|\n|upkeep\n|inactive|Pokeoke has 120 seconds left.\n|\n|t:|1781405121\n|switch|p2a: Electivire|Electivire, L84, F|263/263\n|-damage|p2a: Electivire|231/263|[from] Stealth Rock\n|turn|6\n|\n|t:|1781405131\n|move|p2a: Electivire|Earthquake|p1a: Stonjourner\n|-supereffective|p1a: Stonjourner\n|-damage|p1a: Stonjourner|0 fnt\n|faint|p1a: Stonjourner\n|-damage|p2a: Electivire|205/263|[from] item: Life Orb\n|\n|upkeep\n|\n|t:|1781405134\n|switch|p1a: Volcarona|Volcarona, L77, M|257/257\n|turn|7\n|\n|t:|1781405143\n|move|p2a: Electivire|Supercell Slam|p1a: Volcarona\n|-damage|p1a: Volcarona|19/257\n|-damage|p2a: Electivire|179/263|[from] item: Life Orb\n|move|p1a: Volcarona|Quiver Dance|p1a: Volcarona\n|-boost|p1a: Volcarona|spa|1\n|-boost|p1a: Volcarona|spd|1\n|-boost|p1a: Volcarona|spe|1\n|\n|upkeep\n|turn|8\n|\n|t:|1781405154\n|move|p1a: Volcarona|Bug Buzz|p2a: Electivire\n|-damage|p2a: Electivire|0 fnt\n|faint|p2a: Electivire\n|\n|upkeep\n|\n|t:|1781405158\n|switch|p2a: Regieleki|Regieleki, L79|256/256\n|-damage|p2a: Regieleki|224/256|[from] Stealth Rock\n|turn|9\n|\n|t:|1781405163\n|-terastallize|p1a: Volcarona|Ground\n|move|p2a: Regieleki|Rapid Spin|p1a: Volcarona\n|-damage|p1a: Volcarona|0 fnt\n|-boost|p2a: Regieleki|spe|1\n|-sideend|p2: Pokeoke|Stealth Rock|[from] move: Rapid Spin|[of] p2a: Regieleki\n|faint|p1a: Volcarona\n|\n|upkeep\n|\n|t:|1781405167\n|switch|p1a: Spidops|Spidops, L96, M|271/271\n|turn|10\n|\n|t:|1781405173\n|move|p2a: Regieleki|Volt Switch|p1a: Spidops\n|-damage|p1a: Spidops|177/271\n|\n|t:|1781405175\n|switch|p2a: Magcargo|Magcargo, L95, M|268/268|[from] Volt Switch\n|move|p1a: Spidops|Knock Off|p2a: Magcargo\n|-damage|p2a: Magcargo|159/268\n|-enditem|p2a: Magcargo|Heavy-Duty Boots|[from] move: Knock Off|[of] p1a: Spidops\n|\n|upkeep\n|turn|11\n|\n|t:|1781405189\n|move|p1a: Spidops|Sticky Web|p2a: Magcargo\n|-sidestart|p2: Pokeoke|move: Sticky Web\n|move|p2a: Magcargo|Lava Plume|p1a: Spidops\n|-supereffective|p1a: Spidops\n|-damage|p1a: Spidops|7/271\n|\n|upkeep\n|turn|12\n|\n|t:|1781405194\n|move|p1a: Spidops|Toxic Spikes|p2a: Magcargo\n|-sidestart|p2: Pokeoke|move: Toxic Spikes\n|move|p2a: Magcargo|Recover|p2a: Magcargo\n|-heal|p2a: Magcargo|268/268\n|\n|upkeep\n|turn|13\n|\n|t:|1781405197\n|move|p1a: Spidops|Toxic Spikes|p2a: Magcargo\n|-sidestart|p2: Pokeoke|move: Toxic Spikes\n|move|p2a: Magcargo|Lava Plume|p1a: Spidops\n|-supereffective|p1a: Spidops\n|-damage|p1a: Spidops|0 fnt\n|faint|p1a: Spidops\n|\n|upkeep\n|\n|t:|1781405202\n|switch|p1a: Weezing|Weezing-Galar, L86, F|252/252\n|turn|14\n|\n|t:|1781405209\n|move|p1a: Weezing|Gunk Shot|p2a: Magcargo\n|-resisted|p2a: Magcargo\n|-damage|p2a: Magcargo|220/268\n|move|p2a: Magcargo|Yawn|p1a: Weezing\n|-start|p1a: Weezing|move: Yawn|[of] p2a: Magcargo\n|\n|upkeep\n|turn|15\n|\n|t:|1781405216\n|switch|p1a: Snorlax|Snorlax, L82, F|397/397\n|move|p2a: Magcargo|Recover|p2a: Magcargo\n|-heal|p2a: Magcargo|268/268\n|\n|upkeep\n|turn|16\n|\n|t:|1781405223\n|switch|p2a: Toucannon|Toucannon, L88, M|284/284\n|move|p1a: Snorlax|Body Slam|p2a: Toucannon\n|-damage|p2a: Toucannon|181/284\n|\n|upkeep\n|turn|17\n|\n|t:|1781405229\n|move|p2a: Toucannon|Knock Off|p1a: Snorlax\n|-damage|p1a: Snorlax|277/397\n|-enditem|p1a: Snorlax|Leftovers|[from] move: Knock Off|[of] p2a: Toucannon\n|move|p1a: Snorlax|Body Slam|p2a: Toucannon\n|-damage|p2a: Toucannon|88/284\n|\n|upkeep\n|turn|18\n|\n|t:|1781405234\n|-singleturn|p2a: Toucannon|move: Beak Blast\n|move|p1a: Snorlax|Body Slam|p2a: Toucannon\n|-damage|p2a: Toucannon|0 fnt\n|-status|p1a: Snorlax|brn\n|faint|p2a: Toucannon\n|\n|-damage|p1a: Snorlax|253/397 brn|[from] brn\n|upkeep\n|\n|t:|1781405239\n|switch|p2a: Regieleki|Regieleki, L79|224/256\n|-activate|p2a: Regieleki|move: Sticky Web\n|-unboost|p2a: Regieleki|spe|1\n|-status|p2a: Regieleki|tox\n|turn|19\n|\n|t:|1781405247\n|move|p2a: Regieleki|Rapid Spin|p1a: Snorlax\n|-damage|p1a: Snorlax|213/397 brn\n|-boost|p2a: Regieleki|spe|1\n|-sideend|p2: Pokeoke|Toxic Spikes|[from] move: Rapid Spin|[of] p2a: Regieleki\n|-sideend|p2: Pokeoke|Sticky Web|[from] move: Rapid Spin|[of] p2a: Regieleki\n|move|p1a: Snorlax|Rest|p1a: Snorlax\n|-status|p1a: Snorlax|slp|[from] move: Rest\n|-heal|p1a: Snorlax|397/397 slp|[silent]\n|\n|-damage|p2a: Regieleki|208/256 tox|[from] psn\n|upkeep\n|turn|20\n|\n|t:|1781405251\n|move|p2a: Regieleki|Volt Switch|p1a: Snorlax\n|-damage|p1a: Snorlax|304/397 slp\n|\n|t:|1781405255\n|switch|p2a: Spiritomb|Spiritomb, L89, F|234/234|[from] Volt Switch\n|cant|p1a: Snorlax|slp\n|move|p1a: Snorlax|Sleep Talk|p1a: Snorlax\n|move|p1a: Snorlax|Curse|p1a: Snorlax|[from] move: Sleep Talk\n|-unboost|p1a: Snorlax|spe|1\n|-boost|p1a: Snorlax|atk|1\n|-boost|p1a: Snorlax|def|1\n|\n|upkeep\n|turn|21\n|\n|t:|1781405260\n|switch|p1a: Weezing|Weezing-Galar, L86, F|252/252\n|move|p2a: Spiritomb|Foul Play|p1a: Weezing\n|-resisted|p1a: Weezing\n|-damage|p1a: Weezing|188/252\n|\n|-heal|p1a: Weezing|203/252|[from] item: Leftovers\n|upkeep\n|turn|22\n|\n|t:|1781405265\n|switch|p2a: Magcargo|Magcargo, L95, M|268/268\n|move|p1a: Weezing|Strange Steam|p2a: Magcargo\n|-resisted|p2a: Magcargo\n|-damage|p2a: Magcargo|226/268\n|\n|-heal|p1a: Weezing|218/252|[from] item: Leftovers\n|upkeep\n|turn|23\n|\n|t:|1781405268\n|move|p1a: Weezing|Gunk Shot|p2a: Magcargo\n|-resisted|p2a: Magcargo\n|-damage|p2a: Magcargo|181/268\n|move|p2a: Magcargo|Power Gem|p1a: Weezing\n|-damage|p1a: Weezing|101/252\n|\n|-heal|p1a: Weezing|116/252|[from] item: Leftovers\n|upkeep\n|turn|24\n|\n|t:|1781405272\n|switch|p1a: Snorlax|Snorlax, L82, F|304/397 slp\n|move|p2a: Magcargo|Power Gem|p1a: Snorlax\n|-damage|p1a: Snorlax|208/397 slp\n|\n|upkeep\n|turn|25\n|\n|t:|1781405279\n|move|p2a: Magcargo|Power Gem|p1a: Snorlax\n|-damage|p1a: Snorlax|114/397 slp\n|cant|p1a: Snorlax|slp\n|move|p1a: Snorlax|Sleep Talk|p1a: Snorlax\n|move|p1a: Snorlax|Rest||[from] move: Sleep Talk|[still]\n|-fail|p1a: Snorlax\n|\n|upkeep\n|turn|26\n|\n|t:|1781405282\n|move|p2a: Magcargo|Power Gem|p1a: Snorlax\n|-damage|p1a: Snorlax|18/397 slp\n|-curestatus|p1a: Snorlax|slp|[msg]\n|move|p1a: Snorlax|Rest|p1a: Snorlax\n|-status|p1a: Snorlax|slp|[from] move: Rest\n|-heal|p1a: Snorlax|397/397 slp|[silent]\n|\n|upkeep\n|turn|27\n|\n|t:|1781405286\n|move|p2a: Magcargo|Power Gem|p1a: Snorlax\n|-damage|p1a: Snorlax|303/397 slp\n|cant|p1a: Snorlax|slp\n|move|p1a: Snorlax|Sleep Talk|p1a: Snorlax\n|move|p1a: Snorlax|Curse|p1a: Snorlax|[from] move: Sleep Talk\n|-unboost|p1a: Snorlax|spe|1\n|-boost|p1a: Snorlax|atk|1\n|-boost|p1a: Snorlax|def|1\n|\n|upkeep\n|turn|28\n|\n|t:|1781405302\n|switch|p2a: Spiritomb|Spiritomb, L89, F|234/234\n|cant|p1a: Snorlax|slp\n|move|p1a: Snorlax|Sleep Talk|p1a: Snorlax\n|move|p1a: Snorlax|Rest||[from] move: Sleep Talk|[still]\n|-fail|p1a: Snorlax\n|\n|upkeep\n|turn|29\n|\n|t:|1781405308\n|switch|p1a: Kingambit|Kingambit, L74, F|270/270\n|-activate|p1a: Kingambit|ability: Supreme Overlord\n|-start|p1a: Kingambit|fallen3|[silent]\n|move|p2a: Spiritomb|Poltergeist|p1a: Kingambit\n|-activate|p1a: Kingambit|move: Poltergeist|Leftovers\n|-resisted|p1a: Kingambit\n|-damage|p1a: Kingambit|183/270\n|\n|-heal|p1a: Kingambit|199/270|[from] item: Leftovers\n|upkeep\n|turn|30\n|inactive|isnothingeasy has 120 seconds left.\n|\n|t:|1781405338\n|switch|p2a: Magcargo|Magcargo, L95, M|181/268\n|move|p1a: Kingambit|Kowtow Cleave|p2a: Magcargo\n|-crit|p2a: Magcargo\n|-damage|p2a: Magcargo|58/268\n|\n|-heal|p1a: Kingambit|215/270|[from] item: Leftovers\n|upkeep\n|turn|31\n|\n|t:|1781405345\n|move|p1a: Kingambit|Kowtow Cleave|p2a: Magcargo\n|-damage|p2a: Magcargo|0 fnt\n|-status|p1a: Kingambit|brn|[from] ability: Flame Body|[of] p2a: Magcargo\n|faint|p2a: Magcargo\n|\n|-heal|p1a: Kingambit|231/270 brn|[from] item: Leftovers\n|-damage|p1a: Kingambit|215/270 brn|[from] brn\n|upkeep\n|\n|t:|1781405348\n|switch|p2a: Regieleki|Regieleki, L79|208/256 tox\n|turn|32\n|\n|t:|1781405358\n|move|p2a: Regieleki|Thunderbolt|p1a: Kingambit\n|-damage|p1a: Kingambit|50/270 brn\n|move|p1a: Kingambit|Kowtow Cleave|p2a: Regieleki\n|-damage|p2a: Regieleki|114/256 tox\n|\n|-heal|p1a: Kingambit|66/270 brn|[from] item: Leftovers\n|-damage|p2a: Regieleki|98/256 tox|[from] psn\n|-damage|p1a: Kingambit|50/270 brn|[from] brn\n|upkeep\n|turn|33\n|\n|t:|1781405364\n|switch|p2a: Spiritomb|Spiritomb, L89, F|234/234\n|move|p1a: Kingambit|Sucker Punch||[still]\n|-fail|p1a: Kingambit\n|\n|-heal|p1a: Kingambit|66/270 brn|[from] item: Leftovers\n|-damage|p1a: Kingambit|50/270 brn|[from] brn\n|upkeep\n|turn|34\n|\n|t:|1781405371\n|move|p1a: Kingambit|Kowtow Cleave|p2a: Spiritomb\n|-damage|p2a: Spiritomb|187/234\n|move|p2a: Spiritomb|Poltergeist|p1a: Kingambit\n|-activate|p1a: Kingambit|move: Poltergeist|Leftovers\n|-resisted|p1a: Kingambit\n|-damage|p1a: Kingambit|0 fnt\n|faint|p1a: Kingambit\n|-end|p1a: Kingambit|fallen3|[silent]\n|\n|upkeep\n|\n|t:|1781405374\n|switch|p1a: Snorlax|Snorlax, L82, F|303/397 slp\n|turn|35\n|\n|t:|1781405377\n|switch|p2a: Regieleki|Regieleki, L79|98/256 tox\n|-curestatus|p1a: Snorlax|slp|[msg]\n|move|p1a: Snorlax|Sleep Talk||[still]\n|-fail|p1a: Snorlax\n|\n|-damage|p2a: Regieleki|82/256 tox|[from] psn\n|upkeep\n|turn|36\n|inactive|isnothingeasy has 120 seconds left.\n|\n|t:|1781405433\n|move|p2a: Regieleki|Volt Switch|p1a: Snorlax\n|-damage|p1a: Snorlax|213/397\n|\n|t:|1781405435\n|switch|p2a: Spiritomb|Spiritomb, L89, F|187/234|[from] Volt Switch\n|move|p1a: Snorlax|Body Slam|p2a: Spiritomb\n|-immune|p2a: Spiritomb\n|\n|upkeep\n|turn|37\n|\n|t:|1781405440\n|move|p2a: Spiritomb|Foul Play|p1a: Snorlax\n|-damage|p1a: Snorlax|5/397\n|move|p1a: Snorlax|Rest|p1a: Snorlax\n|-status|p1a: Snorlax|slp|[from] move: Rest\n|-heal|p1a: Snorlax|397/397 slp|[silent]\n|\n|upkeep\n|turn|38\n|\n|t:|1781405444\n|switch|p1a: Weezing|Weezing-Galar, L86, F|116/252\n|move|p2a: Spiritomb|Foul Play|p1a: Weezing\n|-resisted|p1a: Weezing\n|-crit|p1a: Weezing\n|-damage|p1a: Weezing|26/252\n|\n|-heal|p1a: Weezing|41/252|[from] item: Leftovers\n|upkeep\n|turn|39\n|\n|t:|1781405449\n|move|p1a: Weezing|Strange Steam|p2a: Spiritomb\n|-supereffective|p2a: Spiritomb\n|-damage|p2a: Spiritomb|49/234\n|move|p2a: Spiritomb|Foul Play|p1a: Weezing\n|-resisted|p1a: Weezing\n|-damage|p1a: Weezing|0 fnt\n|faint|p1a: Weezing\n|\n|upkeep\n|\n|t:|1781405453\n|switch|p1a: Snorlax|Snorlax, L82, F|397/397 slp\n|turn|40\n|\n|t:|1781405458\n|move|p2a: Spiritomb|Foul Play|p1a: Snorlax\n|-damage|p1a: Snorlax|196/397 slp\n|cant|p1a: Snorlax|slp\n|move|p1a: Snorlax|Sleep Talk|p1a: Snorlax\n|move|p1a: Snorlax|Body Slam|p2a: Spiritomb|[from] move: Sleep Talk\n|-immune|p2a: Spiritomb\n|\n|upkeep\n|turn|41\n|inactive|isnothingeasy has 120 seconds left.\n|\n|t:|1781405508\n|move|p2a: Spiritomb|Foul Play|p1a: Snorlax\n|-damage|p1a: Snorlax|0 fnt\n|faint|p1a: Snorlax\n|\n|win|Pokeoke\n|raw|isnothingeasy's rating: 2011 &rarr; <strong>1992</strong><br />(-19 for losing)\n|raw|Pokeoke's rating: 2025 &rarr; <strong>2044</strong><br />(+19 for winning)\n", "uploadtime": 1781405022, "views": 7, "formatid": "gen9randombattle", "rating": 1992, "private": 0, "password": null}