{"id": "gen9randombattle-2631404843", "format": "[Gen 9] Random Battle", "players": ["Ggstarmie", "DungBeetleEnjoyer"], "log": "|j|\u2606Ggstarmie\n|j|\u2606DungBeetleEnjoyer\n|t:|1781380645\n|gametype|singles\n|player|p1|Ggstarmie|266|2010\n|player|p2|DungBeetleEnjoyer|swimmer-gen4|2080\n|gen|9\n|tier|[Gen 9] Random Battle\n|rated|\n|rule|Species Clause: Limit one of each Pok\u00e9mon\n|rule|HP Percentage Mod: HP is shown in percentages\n|rule|Sleep Clause Mod: Limit one foe put to sleep\n|rule|Illusion Level Mod: Illusion disguises the Pok\u00e9mon's true level\n|\n|t:|1781380645\n|teamsize|p1|6\n|teamsize|p2|6\n|start\n|switch|p1a: Spectrier|Spectrier, L75|274/274\n|switch|p2a: Mamoswine|Mamoswine, L81, F|311/311\n|turn|1\n|inactive|Battle timer is ON: inactive players will automatically lose when time's up. (requested by DungBeetleEnjoyer)\n|\n|t:|1781380675\n|switch|p1a: Qwilfish|Qwilfish, L86, F|252/252\n|-ability|p1a: Qwilfish|Intimidate|boost\n|-unboost|p2a: Mamoswine|atk|1\n|move|p2a: Mamoswine|Earthquake|p1a: Qwilfish\n|-supereffective|p1a: Qwilfish\n|-damage|p1a: Qwilfish|31/252\n|-damage|p2a: Mamoswine|280/311|[from] item: Life Orb\n|\n|-heal|p1a: Qwilfish|46/252|[from] item: Leftovers\n|upkeep\n|turn|2\n|\n|t:|1781380689\n|move|p1a: Qwilfish|Destiny Bond|p1a: Qwilfish\n|-singlemove|p1a: Qwilfish|Destiny Bond\n|move|p2a: Mamoswine|Earthquake|p1a: Qwilfish\n|-supereffective|p1a: Qwilfish\n|-damage|p1a: Qwilfish|0 fnt\n|faint|p1a: Qwilfish\n|-activate|p1a: Qwilfish|move: Destiny Bond\n|faint|p2a: Mamoswine\n|\n|upkeep\n|\n|t:|1781380706\n|switch|p1a: Pyroar|Pyroar, L88, M|295/295\n|switch|p2a: Morpeko|Morpeko, L88, M|245/245\n|-ability|p1a: Pyroar|Unnerve\n|turn|3\n|\n|t:|1781380713\n|switch|p2a: Dachsbun|Dachsbun, L92, M|254/254\n|move|p1a: Pyroar|Will-O-Wisp|p2a: Dachsbun\n|-ability|p2a: Dachsbun|Well-Baked Body|boost\n|-boost|p2a: Dachsbun|def|2\n|\n|upkeep\n|turn|4\n|\n|t:|1781380726\n|switch|p1a: Spectrier|Spectrier, L75|274/274\n|move|p2a: Dachsbun|Play Rough|p1a: Spectrier\n|-damage|p1a: Spectrier|142/274\n|\n|-heal|p1a: Spectrier|159/274|[from] item: Leftovers\n|upkeep\n|turn|5\n|\n|t:|1781380731\n|switch|p1a: Hypno|Hypno, L95, F|315/315\n|move|p2a: Dachsbun|Play Rough|p1a: Hypno\n|-damage|p1a: Hypno|207/315\n|\n|-heal|p1a: Hypno|226/315|[from] item: Leftovers\n|upkeep\n|turn|6\n|\n|t:|1781380735\n|move|p2a: Dachsbun|Protect|p2a: Dachsbun\n|-singleturn|p2a: Dachsbun|Protect\n|move|p1a: Hypno|Toxic|p2a: Dachsbun\n|-activate|p2a: Dachsbun|move: Protect\n|\n|-heal|p1a: Hypno|245/315|[from] item: Leftovers\n|upkeep\n|turn|7\n|\n|t:|1781380740\n|switch|p2a: Mismagius|Mismagius, L86, F|243/243\n|move|p1a: Hypno|Focus Blast|p2a: Mismagius\n|-immune|p2a: Mismagius\n|\n|-heal|p1a: Hypno|264/315|[from] item: Leftovers\n|upkeep\n|turn|8\n|\n|t:|1781380754\n|switch|p2a: Dachsbun|Dachsbun, L92, M|254/254\n|move|p1a: Hypno|Protect||[still]\n|-fail|p1a: Hypno\n|\n|-heal|p1a: Hypno|283/315|[from] item: Leftovers\n|upkeep\n|turn|9\n|\n|t:|1781380759\n|switch|p2a: Mismagius|Mismagius, L86, F|243/243\n|move|p1a: Hypno|Toxic|p2a: Mismagius\n|-status|p2a: Mismagius|tox\n|\n|-heal|p1a: Hypno|302/315|[from] item: Leftovers\n|-damage|p2a: Mismagius|228/243 tox|[from] psn\n|upkeep\n|turn|10\n|\n|t:|1781380762\n|switch|p2a: Dachsbun|Dachsbun, L92, M|254/254\n|move|p1a: Hypno|Protect||[still]\n|-fail|p1a: Hypno\n|\n|-heal|p1a: Hypno|315/315|[from] item: Leftovers\n|upkeep\n|turn|11\n|\n|t:|1781380766\n|switch|p2a: Morpeko|Morpeko, L88, M|245/245\n|move|p1a: Hypno|Toxic|p2a: Morpeko\n|-status|p2a: Morpeko|tox\n|\n|-damage|p2a: Morpeko|230/245 tox|[from] psn\n|-formechange|p2a: Morpeko|Morpeko-Hangry||[from] ability: Hunger Switch\n|upkeep\n|turn|12\n|\n|t:|1781380771\n|move|p1a: Hypno|Protect|p1a: Hypno\n|-singleturn|p1a: Hypno|Protect\n|move|p2a: Morpeko|Aura Wheel|p1a: Hypno\n|-activate|p1a: Hypno|move: Protect\n|\n|-damage|p2a: Morpeko|200/245 tox|[from] psn\n|-formechange|p2a: Morpeko|Morpeko||[from] ability: Hunger Switch\n|upkeep\n|turn|13\n|\n|t:|1781380776\n|switch|p1a: Decidueye|Decidueye-Hisui, L87, M|295/295\n|move|p2a: Morpeko|Aura Wheel|p1a: Decidueye\n|-resisted|p1a: Decidueye\n|-damage|p1a: Decidueye|226/295\n|-boost|p2a: Morpeko|spe|1\n|\n|-heal|p1a: Decidueye|244/295|[from] item: Leftovers\n|-damage|p2a: Morpeko|155/245 tox|[from] psn\n|-formechange|p2a: Morpeko|Morpeko-Hangry||[from] ability: Hunger Switch\n|upkeep\n|turn|14\n|\n|t:|1781380780\n|move|p2a: Morpeko|Parting Shot|p1a: Decidueye\n|-unboost|p1a: Decidueye|atk|1\n|-unboost|p1a: Decidueye|spa|1\n|\n|t:|1781380791\n|switch|p2a: Enamorus|Enamorus, L79, F|247/247|[from] Parting Shot\n|move|p1a: Decidueye|U-turn|p2a: Enamorus\n|-resisted|p2a: Enamorus\n|-damage|p2a: Enamorus|235/247\n|\n|t:|1781380797\n|switch|p1a: Hypno|Hypno, L95, F|315/315|[from] U-turn\n|\n|upkeep\n|turn|15\n|\n|t:|1781380800\n|move|p2a: Enamorus|Taunt|p1a: Hypno\n|-start|p1a: Hypno|move: Taunt\n|cant|p1a: Hypno|move: Taunt|Toxic\n|\n|upkeep\n|turn|16\n|\n|t:|1781380806\n|move|p2a: Enamorus|Superpower|p1a: Hypno\n|-resisted|p1a: Hypno\n|-damage|p1a: Hypno|266/315\n|-boost|p2a: Enamorus|atk|1\n|-boost|p2a: Enamorus|def|1\n|move|p1a: Hypno|Psychic Noise|p2a: Enamorus\n|-crit|p2a: Enamorus\n|-damage|p2a: Enamorus|85/247\n|-start|p2a: Enamorus|move: Heal Block\n|\n|-heal|p1a: Hypno|285/315|[from] item: Leftovers\n|upkeep\n|turn|17\n|\n|t:|1781380814\n|move|p2a: Enamorus|Play Rough|p1a: Hypno\n|-damage|p1a: Hypno|141/315\n|move|p1a: Hypno|Psychic Noise|p2a: Enamorus\n|-damage|p2a: Enamorus|0 fnt\n|faint|p2a: Enamorus\n|\n|-heal|p1a: Hypno|160/315|[from] item: Leftovers\n|-end|p1a: Hypno|move: Taunt\n|upkeep\n|\n|t:|1781380826\n|switch|p2a: Morpeko|Morpeko, L88, M|155/245 tox\n|turn|18\n|\n|t:|1781380829\n|switch|p2a: Mismagius|Mismagius, L86, F|228/243 tox\n|move|p1a: Hypno|Protect||[still]\n|-fail|p1a: Hypno\n|\n|-heal|p1a: Hypno|179/315|[from] item: Leftovers\n|-damage|p2a: Mismagius|213/243 tox|[from] psn\n|upkeep\n|turn|19\n|\n|t:|1781380836\n|move|p1a: Hypno|Protect|p1a: Hypno\n|-singleturn|p1a: Hypno|Protect\n|move|p2a: Mismagius|Trick|p1a: Hypno\n|-activate|p1a: Hypno|move: Protect\n|\n|-heal|p1a: Hypno|198/315|[from] item: Leftovers\n|-damage|p2a: Mismagius|183/243 tox|[from] psn\n|upkeep\n|turn|20\n|\n|t:|1781380845\n|switch|p1a: Decidueye|Decidueye-Hisui, L87, M|244/295\n|move|p2a: Mismagius|Trick|p1a: Decidueye\n|-activate|p2a: Mismagius|move: Trick|[of] p1a: Decidueye\n|-item|p1a: Decidueye|Choice Specs|[from] move: Trick\n|-item|p2a: Mismagius|Leftovers|[from] move: Trick\n|\n|-heal|p2a: Mismagius|198/243 tox|[from] item: Leftovers\n|-damage|p2a: Mismagius|153/243 tox|[from] psn\n|upkeep\n|turn|21\n|\n|t:|1781380855\n|move|p2a: Mismagius|Mystical Fire|p1a: Decidueye\n|-supereffective|p1a: Decidueye\n|-damage|p1a: Decidueye|130/295\n|-unboost|p1a: Decidueye|spa|1\n|move|p1a: Decidueye|U-turn|p2a: Mismagius\n|-resisted|p2a: Mismagius\n|-damage|p2a: Mismagius|113/243 tox\n|\n|t:|1781380860\n|switch|p1a: Hypno|Hypno, L95, F|198/315|[from] U-turn\n|\n|-heal|p2a: Mismagius|128/243 tox|[from] item: Leftovers\n|-heal|p1a: Hypno|217/315|[from] item: Leftovers\n|-damage|p2a: Mismagius|68/243 tox|[from] psn\n|upkeep\n|turn|22\n|\n|t:|1781380865\n|switch|p2a: Raichu|Raichu-Alola, L87, M|246/246\n|move|p1a: Hypno|Protect||[still]\n|-fail|p1a: Hypno\n|\n|-heal|p1a: Hypno|236/315|[from] item: Leftovers\n|upkeep\n|turn|23\n|\n|t:|1781380873\n|move|p2a: Raichu|Thunderbolt|p1a: Hypno\n|-damage|p1a: Hypno|125/315\n|move|p1a: Hypno|Toxic|p2a: Raichu\n|-status|p2a: Raichu|tox\n|\n|-heal|p1a: Hypno|144/315|[from] item: Leftovers\n|-damage|p2a: Raichu|231/246 tox|[from] psn\n|upkeep\n|turn|24\n|\n|t:|1781380876\n|switch|p2a: Mismagius|Mismagius, L86, F|68/243 tox\n|move|p1a: Hypno|Protect||[still]\n|-fail|p1a: Hypno\n|\n|-heal|p2a: Mismagius|83/243 tox|[from] item: Leftovers\n|-heal|p1a: Hypno|163/315|[from] item: Leftovers\n|-damage|p2a: Mismagius|68/243 tox|[from] psn\n|upkeep\n|turn|25\n|\n|t:|1781380878\n|move|p1a: Hypno|Protect|p1a: Hypno\n|-singleturn|p1a: Hypno|Protect\n|move|p2a: Mismagius|Shadow Ball|p1a: Hypno\n|-activate|p1a: Hypno|move: Protect\n|\n|-heal|p2a: Mismagius|83/243 tox|[from] item: Leftovers\n|-heal|p1a: Hypno|182/315|[from] item: Leftovers\n|-damage|p2a: Mismagius|53/243 tox|[from] psn\n|upkeep\n|turn|26\n|\n|t:|1781380882\n|switch|p1a: Pyroar|Pyroar, L88, M|295/295\n|-ability|p1a: Pyroar|Unnerve\n|move|p2a: Mismagius|Energy Ball|p1a: Pyroar\n|-resisted|p1a: Pyroar\n|-damage|p1a: Pyroar|256/295\n|\n|-heal|p2a: Mismagius|68/243 tox|[from] item: Leftovers\n|-damage|p2a: Mismagius|23/243 tox|[from] psn\n|upkeep\n|turn|27\n|\n|t:|1781380888\n|move|p1a: Pyroar|Hyper Voice|p2a: Mismagius\n|-immune|p2a: Mismagius\n|move|p2a: Mismagius|Energy Ball|p1a: Pyroar\n|-resisted|p1a: Pyroar\n|-damage|p1a: Pyroar|213/295\n|\n|-heal|p2a: Mismagius|38/243 tox|[from] item: Leftovers\n|-damage|p2a: Mismagius|0 fnt|[from] psn\n|faint|p2a: Mismagius\n|upkeep\n|\n|t:|1781380893\n|switch|p2a: Dachsbun|Dachsbun, L92, M|254/254\n|turn|28\n|\n|t:|1781380899\n|move|p1a: Pyroar|Hyper Voice|p2a: Dachsbun\n|-damage|p2a: Dachsbun|136/254\n|move|p2a: Dachsbun|Play Rough|p1a: Pyroar\n|-resisted|p1a: Pyroar\n|-damage|p1a: Pyroar|162/295\n|\n|-heal|p2a: Dachsbun|151/254|[from] item: Leftovers\n|upkeep\n|turn|29\n|\n|t:|1781380903\n|move|p1a: Pyroar|Hyper Voice|p2a: Dachsbun\n|-damage|p2a: Dachsbun|36/254\n|move|p2a: Dachsbun|Wish|p2a: Dachsbun\n|\n|-heal|p2a: Dachsbun|51/254|[from] item: Leftovers\n|upkeep\n|turn|30\n|\n|t:|1781380908\n|switch|p1a: Hypno|Hypno, L95, F|182/315\n|move|p2a: Dachsbun|Play Rough|p1a: Hypno\n|-damage|p1a: Hypno|83/315\n|\n|-heal|p2a: Dachsbun|178/254|[from] move: Wish|[wisher] Dachsbun\n|-heal|p2a: Dachsbun|193/254|[from] item: Leftovers\n|-heal|p1a: Hypno|102/315|[from] item: Leftovers\n|upkeep\n|turn|31\n|\n|t:|1781380917\n|move|p1a: Hypno|Protect|p1a: Hypno\n|-singleturn|p1a: Hypno|Protect\n|move|p2a: Dachsbun|Play Rough|p1a: Hypno\n|-activate|p1a: Hypno|move: Protect\n|\n|-heal|p2a: Dachsbun|208/254|[from] item: Leftovers\n|-heal|p1a: Hypno|121/315|[from] item: Leftovers\n|upkeep\n|turn|32\n|\n|t:|1781380920\n|switch|p1a: Pyroar|Pyroar, L88, M|162/295\n|-ability|p1a: Pyroar|Unnerve\n|-terastallize|p2a: Dachsbun|Steel\n|move|p2a: Dachsbun|Play Rough|p1a: Pyroar\n|-resisted|p1a: Pyroar\n|-damage|p1a: Pyroar|108/295\n|\n|-heal|p2a: Dachsbun|223/254|[from] item: Leftovers\n|upkeep\n|turn|33\n|\n|t:|1781380932\n|move|p1a: Pyroar|Dark Pulse|p2a: Dachsbun\n|-damage|p2a: Dachsbun|158/254\n|move|p2a: Dachsbun|Play Rough|p1a: Pyroar\n|-resisted|p1a: Pyroar\n|-damage|p1a: Pyroar|54/295\n|\n|-heal|p2a: Dachsbun|173/254|[from] item: Leftovers\n|upkeep\n|turn|34\n|\n|t:|1781380935\n|move|p1a: Pyroar|Dark Pulse|p2a: Dachsbun\n|-damage|p2a: Dachsbun|101/254\n|cant|p2a: Dachsbun|flinch\n|\n|-heal|p2a: Dachsbun|116/254|[from] item: Leftovers\n|upkeep\n|turn|35\n|\n|t:|1781380939\n|move|p1a: Pyroar|Dark Pulse|p2a: Dachsbun\n|-damage|p2a: Dachsbun|48/254\n|move|p2a: Dachsbun|Body Press|p1a: Pyroar\n|-supereffective|p1a: Pyroar\n|-damage|p1a: Pyroar|0 fnt\n|faint|p1a: Pyroar\n|\n|-heal|p2a: Dachsbun|63/254|[from] item: Leftovers\n|upkeep\n|\n|t:|1781380941\n|switch|p1a: Decidueye|Decidueye-Hisui, L87, M|130/295\n|turn|36\n|\n|t:|1781380948\n|move|p2a: Dachsbun|Play Rough|p1a: Decidueye\n|-supereffective|p1a: Decidueye\n|-damage|p1a: Decidueye|0 fnt\n|faint|p1a: Decidueye\n|\n|-heal|p2a: Dachsbun|78/254|[from] item: Leftovers\n|upkeep\n|\n|t:|1781380951\n|switch|p1a: Spectrier|Spectrier, L75|159/274\n|turn|37\n|\n|t:|1781380958\n|switch|p2a: Morpeko|Morpeko, L88, M|155/245 tox\n|move|p1a: Spectrier|Shadow Ball|p2a: Morpeko\n|-resisted|p2a: Morpeko\n|-damage|p2a: Morpeko|92/245 tox\n|\n|-heal|p1a: Spectrier|176/274|[from] item: Leftovers\n|-damage|p2a: Morpeko|77/245 tox|[from] psn\n|-formechange|p2a: Morpeko|Morpeko-Hangry||[from] ability: Hunger Switch\n|upkeep\n|turn|38\n|\n|t:|1781380970\n|switch|p1a: Gogoat|Gogoat, L88, M|360/360\n|move|p2a: Morpeko|Aura Wheel|p1a: Gogoat\n|-damage|p1a: Gogoat|200/360\n|-boost|p2a: Morpeko|spe|1\n|\n|-heal|p1a: Gogoat|222/360|[from] item: Leftovers\n|-damage|p2a: Morpeko|47/245 tox|[from] psn\n|-formechange|p2a: Morpeko|Morpeko||[from] ability: Hunger Switch\n|upkeep\n|turn|39\n|\n|t:|1781380985\n|move|p2a: Morpeko|Parting Shot|p1a: Gogoat\n|-unboost|p1a: Gogoat|atk|1\n|-unboost|p1a: Gogoat|spa|1\n|\n|t:|1781380987\n|switch|p2a: Raichu|Raichu-Alola, L87, M|231/246 tox|[from] Parting Shot\n|move|p1a: Gogoat|Bulk Up|p1a: Gogoat\n|-boost|p1a: Gogoat|atk|1\n|-boost|p1a: Gogoat|def|1\n|\n|-heal|p1a: Gogoat|244/360|[from] item: Leftovers\n|-damage|p2a: Raichu|216/246 tox|[from] psn\n|upkeep\n|turn|40\n|\n|t:|1781380993\n|move|p2a: Raichu|Psychic|p1a: Gogoat\n|-damage|p1a: Gogoat|79/360\n|move|p1a: Gogoat|Horn Leech|p2a: Raichu\n|-damage|p2a: Raichu|83/246 tox\n|-heal|p1a: Gogoat|146/360|[from] drain|[of] p2a: Raichu\n|\n|-heal|p1a: Gogoat|168/360|[from] item: Leftovers\n|-damage|p2a: Raichu|53/246 tox|[from] psn\n|upkeep\n|turn|41\n|\n|t:|1781380997\n|switch|p1a: Hypno|Hypno, L95, F|121/315\n|move|p2a: Raichu|Psychic|p1a: Hypno\n|-resisted|p1a: Hypno\n|-damage|p1a: Hypno|65/315\n|\n|-heal|p1a: Hypno|84/315|[from] item: Leftovers\n|-damage|p2a: Raichu|8/246 tox|[from] psn\n|upkeep\n|turn|42\n|\n|t:|1781381000\n|switch|p2a: Dachsbun|Dachsbun, L92, M, tera:Steel|78/254\n|move|p1a: Hypno|Protect||[still]\n|-fail|p1a: Hypno\n|\n|-heal|p2a: Dachsbun|93/254|[from] item: Leftovers\n|-heal|p1a: Hypno|103/315|[from] item: Leftovers\n|upkeep\n|turn|43\n|\n|t:|1781381004\n|move|p2a: Dachsbun|Wish|p2a: Dachsbun\n|move|p1a: Hypno|Focus Blast|p2a: Dachsbun|[miss]\n|-miss|p1a: Hypno|p2a: Dachsbun\n|\n|-heal|p2a: Dachsbun|108/254|[from] item: Leftovers\n|-heal|p1a: Hypno|122/315|[from] item: Leftovers\n|upkeep\n|turn|44\n|\n|t:|1781381009\n|move|p2a: Dachsbun|Play Rough|p1a: Hypno\n|-damage|p1a: Hypno|20/315\n|move|p1a: Hypno|Focus Blast|p2a: Dachsbun\n|-supereffective|p2a: Dachsbun\n|-damage|p2a: Dachsbun|0 fnt\n|faint|p2a: Dachsbun\n|\n|-heal|p1a: Hypno|39/315|[from] item: Leftovers\n|upkeep\n|-message|DungBeetleEnjoyer forfeited.\n|\n|win|Ggstarmie\n", "uploadtime": 1781380647, "views": 6, "formatid": "gen9randombattle", "rating": null, "private": 0, "password": null}