{"id": "gen9randombattle-2631830103", "format": "[Gen 9] Random Battle", "players": ["pagenfranskane", "zeropepsi"], "log": "|j|\u2606pagenfranskane\n|j|\u2606zeropepsi\n|t:|1781445548\n|gametype|singles\n|player|p1|pagenfranskane|battlegirl|1996\n|player|p2|zeropepsi|hilbert|2059\n|gen|9\n|tier|[Gen 9] Random Battle\n|rated|\n|rule|Species Clause: Limit one of each Pok\u00e9mon\n|rule|HP Percentage Mod: HP is shown in percentages\n|rule|Sleep Clause Mod: Limit one foe put to sleep\n|rule|Illusion Level Mod: Illusion disguises the Pok\u00e9mon's true level\n|\n|t:|1781445548\n|teamsize|p1|6\n|teamsize|p2|6\n|start\n|switch|p1a: Spiritomb|Spiritomb, L89, M|234/234\n|switch|p2a: Dunsparce|Dunsparce, L86, M|312/312\n|turn|1\n|inactive|Battle timer is ON: inactive players will automatically lose when time's up. (requested by zeropepsi)\n|\n|t:|1781445571\n|switch|p2a: Klefki|Klefki, L84, F|233/233\n|move|p1a: Spiritomb|Toxic|p2a: Klefki|[miss]\n|-miss|p1a: Spiritomb|p2a: Klefki\n|\n|upkeep\n|turn|2\n|\n|t:|1781445575\n|switch|p1a: Overqwil|Overqwil, L82, M|274/274\n|-ability|p1a: Overqwil|Intimidate|boost\n|-unboost|p2a: Klefki|atk|1\n|move|p2a: Klefki|Spikes|p1a: Overqwil\n|-sidestart|p1: pagenfranskane|Spikes\n|\n|upkeep\n|turn|3\n|\n|t:|1781445579\n|move|p2a: Klefki|Spikes|p1a: Overqwil\n|-sidestart|p1: pagenfranskane|Spikes\n|move|p1a: Overqwil|Swords Dance|p1a: Overqwil\n|-boost|p1a: Overqwil|atk|2\n|\n|upkeep\n|turn|4\n|\n|t:|1781445586\n|move|p1a: Overqwil|Swords Dance|p1a: Overqwil\n|-boost|p1a: Overqwil|atk|2\n|move|p2a: Klefki|Foul Play|p1a: Overqwil\n|-resisted|p1a: Overqwil\n|-damage|p1a: Overqwil|165/274\n|\n|upkeep\n|turn|5\n|\n|t:|1781445589\n|move|p1a: Overqwil|Crunch|p2a: Klefki\n|-resisted|p2a: Klefki\n|-damage|p2a: Klefki|89/233\n|-unboost|p2a: Klefki|def|1\n|move|p2a: Klefki|Foul Play|p1a: Overqwil\n|-resisted|p1a: Overqwil\n|-damage|p1a: Overqwil|56/274\n|\n|-heal|p2a: Klefki|103/233|[from] item: Leftovers\n|upkeep\n|turn|6\n|\n|t:|1781445600\n|switch|p2a: Dunsparce|Dunsparce, L86, M|312/312\n|move|p1a: Overqwil|Crunch|p2a: Dunsparce\n|-damage|p2a: Dunsparce|93/312\n|\n|upkeep\n|turn|7\n|\n|t:|1781445604\n|move|p1a: Overqwil|Scale Shot|p2a: Dunsparce\n|-damage|p2a: Dunsparce|46/312\n|-damage|p2a: Dunsparce|5/312\n|-crit|p2a: Dunsparce\n|-damage|p2a: Dunsparce|0 fnt\n|faint|p2a: Dunsparce\n|-hitcount|p2: Dunsparce|3\n|-unboost|p1a: Overqwil|def|1\n|-boost|p1a: Overqwil|spe|1\n|\n|upkeep\n|\n|t:|1781445613\n|switch|p2a: Golem|Golem-Alola, L93, M|300/300\n|turn|8\n|\n|t:|1781445624\n|move|p1a: Overqwil|Scale Shot|p2a: Golem\n|-damage|p2a: Golem|263/300\n|-damage|p2a: Golem|222/300\n|-damage|p2a: Golem|187/300\n|-damage|p2a: Golem|149/300\n|-damage|p2a: Golem|111/300\n|-hitcount|p2a: Golem|5\n|-unboost|p1a: Overqwil|def|1\n|-boost|p1a: Overqwil|spe|1\n|move|p2a: Golem|Earthquake|p1a: Overqwil\n|-supereffective|p1a: Overqwil\n|-damage|p1a: Overqwil|0 fnt\n|faint|p1a: Overqwil\n|-damage|p2a: Golem|81/300|[from] item: Life Orb\n|\n|upkeep\n|\n|t:|1781445629\n|switch|p1a: Mudsdale|Mudsdale, L83, M|302/302\n|-damage|p1a: Mudsdale|252/302|[from] Spikes\n|turn|9\n|\n|t:|1781445634\n|switch|p2a: Leavanny|Leavanny, L86, M|269/269\n|move|p1a: Mudsdale|Stealth Rock|p2a: Leavanny\n|-sidestart|p2: zeropepsi|move: Stealth Rock\n|\n|-heal|p1a: Mudsdale|270/302|[from] item: Leftovers\n|upkeep\n|turn|10\n|\n|t:|1781445643\n|move|p2a: Leavanny|Sticky Web|p1a: Mudsdale\n|-sidestart|p1: pagenfranskane|move: Sticky Web\n|move|p1a: Mudsdale|Stone Edge|p2a: Leavanny\n|-supereffective|p2a: Leavanny\n|-damage|p2a: Leavanny|93/269\n|\n|-heal|p1a: Mudsdale|288/302|[from] item: Leftovers\n|upkeep\n|turn|11\n|\n|t:|1781445649\n|move|p2a: Leavanny|Bullet Seed|p1a: Mudsdale\n|-supereffective|p1a: Mudsdale\n|-damage|p1a: Mudsdale|228/302\n|-ability|p1a: Mudsdale|Stamina|boost\n|-boost|p1a: Mudsdale|def|1\n|-supereffective|p1a: Mudsdale\n|-damage|p1a: Mudsdale|192/302\n|-ability|p1a: Mudsdale|Stamina|boost\n|-boost|p1a: Mudsdale|def|1\n|-supereffective|p1a: Mudsdale\n|-damage|p1a: Mudsdale|162/302\n|-ability|p1a: Mudsdale|Stamina|boost\n|-boost|p1a: Mudsdale|def|1\n|-supereffective|p1a: Mudsdale\n|-damage|p1a: Mudsdale|138/302\n|-ability|p1a: Mudsdale|Stamina|boost\n|-boost|p1a: Mudsdale|def|1\n|-hitcount|p1a: Mudsdale|4\n|move|p1a: Mudsdale|Stone Edge|p2a: Leavanny\n|-supereffective|p2a: Leavanny\n|-damage|p2a: Leavanny|0 fnt\n|faint|p2a: Leavanny\n|\n|-heal|p1a: Mudsdale|156/302|[from] item: Leftovers\n|upkeep\n|\n|t:|1781445656\n|switch|p2a: Klefki|Klefki, L84, F|103/233\n|-damage|p2a: Klefki|89/233|[from] Stealth Rock\n|turn|12\n|\n|t:|1781445659\n|move|p2a: Klefki|Dazzling Gleam|p1a: Mudsdale\n|-damage|p1a: Mudsdale|75/302\n|-ability|p1a: Mudsdale|Stamina|boost\n|-boost|p1a: Mudsdale|def|1\n|move|p1a: Mudsdale|Earthquake|p2a: Klefki\n|-supereffective|p2a: Klefki\n|-damage|p2a: Klefki|0 fnt\n|faint|p2a: Klefki\n|\n|-heal|p1a: Mudsdale|93/302|[from] item: Leftovers\n|upkeep\n|\n|t:|1781445662\n|switch|p2a: Kingdra|Kingdra, L84, F|263/263\n|-damage|p2a: Kingdra|231/263|[from] Stealth Rock\n|turn|13\n|\n|t:|1781445666\n|move|p2a: Kingdra|Wave Crash|p1a: Mudsdale\n|-supereffective|p1a: Mudsdale\n|-damage|p1a: Mudsdale|27/302\n|-ability|p1a: Mudsdale|Stamina|boost\n|-boost|p1a: Mudsdale|def|1\n|-damage|p2a: Kingdra|209/263|[from] Recoil\n|move|p1a: Mudsdale|Earthquake|p2a: Kingdra\n|-crit|p2a: Kingdra\n|-damage|p2a: Kingdra|14/263\n|\n|-heal|p1a: Mudsdale|45/302|[from] item: Leftovers\n|upkeep\n|turn|14\n|\n|t:|1781445669\n|move|p2a: Kingdra|Wave Crash|p1a: Mudsdale\n|-supereffective|p1a: Mudsdale\n|-damage|p1a: Mudsdale|0 fnt\n|faint|p1a: Mudsdale\n|-damage|p2a: Kingdra|0 fnt|[from] Recoil\n|faint|p2a: Kingdra\n|\n|upkeep\n|\n|t:|1781445684\n|switch|p2a: Golem|Golem-Alola, L93, M|81/300\n|switch|p1a: Spiritomb|Spiritomb, L89, M|234/234\n|-damage|p2a: Golem|44/300|[from] Stealth Rock\n|-damage|p1a: Spiritomb|195/234|[from] Spikes\n|-activate|p1a: Spiritomb|move: Sticky Web\n|-unboost|p1a: Spiritomb|spe|1\n|turn|15\n|\n|t:|1781445692\n|switch|p1a: Bellibolt|Bellibolt, L84, F|320/320\n|-damage|p1a: Bellibolt|267/320|[from] Spikes\n|-activate|p1a: Bellibolt|move: Sticky Web\n|-unboost|p1a: Bellibolt|spe|1\n|move|p2a: Golem|Double-Edge|p1a: Bellibolt\n|-resisted|p1a: Bellibolt\n|-damage|p1a: Bellibolt|127/320\n|-start|p1a: Bellibolt|Charge|Double-Edge|[from] ability: Electromorphosis\n|-damage|p2a: Golem|0 fnt|[from] Recoil\n|faint|p2a: Golem\n|\n|-heal|p1a: Bellibolt|147/320|[from] item: Leftovers\n|upkeep\n|\n|t:|1781445695\n|switch|p2a: Chansey|Chansey, L85, F|564/564\n|-damage|p2a: Chansey|494/564|[from] Stealth Rock\n|turn|16\n|-message|zeropepsi forfeited.\n|\n|win|pagenfranskane\n", "uploadtime": 1781445550, "views": 8, "formatid": "gen9randombattle", "rating": null, "private": 0, "password": null}