{"id": "gen9randombattle-2631845377", "format": "[Gen 9] Random Battle", "players": ["7dad", "Oh didufgh"], "log": "|j|\u26067dad\n|j|\u2606Oh didufgh\n|t:|1781447409\n|gametype|singles\n|player|p1|7dad|170|1584\n|player|p2|Oh didufgh|101|1590\n|gen|9\n|tier|[Gen 9] Random Battle\n|rated|\n|rule|Species Clause: Limit one of each Pok\u00e9mon\n|rule|HP Percentage Mod: HP is shown in percentages\n|rule|Sleep Clause Mod: Limit one foe put to sleep\n|rule|Illusion Level Mod: Illusion disguises the Pok\u00e9mon's true level\n|\n|t:|1781447409\n|teamsize|p1|6\n|teamsize|p2|6\n|start\n|switch|p1a: Floatzel|Floatzel, L86, M|286/286\n|switch|p2a: Clodsire|Clodsire, L81, M|343/343\n|turn|1\n|\n|t:|1781447428\n|switch|p2a: Hydrapple|Hydrapple, L83, F|312/312\n|move|p1a: Floatzel|Ice Spinner|p2a: Hydrapple\n|-supereffective|p2a: Hydrapple\n|-damage|p2a: Hydrapple|0 fnt\n|faint|p2a: Hydrapple\n|\n|upkeep\n|\n|t:|1781447433\n|switch|p2a: Palafin|Palafin, L77, F|281/281\n|turn|2\n|\n|t:|1781447439\n|detailschange|p2a: Palafin|Palafin-Hero, L77, F\n|switch|p2a: Clodsire|Clodsire, L81, M|343/343\n|move|p1a: Floatzel|Ice Spinner|p2a: Clodsire\n|-supereffective|p2a: Clodsire\n|-damage|p2a: Clodsire|101/343\n|\n|-heal|p2a: Clodsire|122/343|[from] item: Leftovers\n|upkeep\n|turn|3\n|\n|t:|1781447445\n|move|p1a: Floatzel|Ice Spinner|p2a: Clodsire\n|-supereffective|p2a: Clodsire\n|-crit|p2a: Clodsire\n|-damage|p2a: Clodsire|0 fnt\n|faint|p2a: Clodsire\n|\n|upkeep\n|\n|t:|1781447450\n|switch|p2a: Rampardos|Rampardos, L90, M|321/321\n|turn|4\n|\n|t:|1781447459\n|switch|p1a: Koraidon|Koraidon, L64|235/235\n|-weather|SunnyDay|[from] ability: Orichalcum Pulse|[of] p1a: Koraidon\n|-activate|p1a: Koraidon|Orichalcum Pulse|[source]\n|move|p2a: Rampardos|Rock Slide|p1a: Koraidon\n|-resisted|p1a: Koraidon\n|-damage|p1a: Koraidon|102/235\n|\n|-weather|SunnyDay|[upkeep]\n|upkeep\n|turn|5\n|\n|t:|1781447464\n|switch|p2a: Spectrier|Spectrier, L75|274/274\n|move|p1a: Koraidon|Close Combat|p2a: Spectrier\n|-immune|p2a: Spectrier\n|\n|-weather|SunnyDay|[upkeep]\n|upkeep\n|turn|6\n|\n|t:|1781447482\n|switch|p1a: Arboliva|Arboliva, L91, M|290/290\n|move|p2a: Spectrier|Draining Kiss|p1a: Arboliva\n|-crit|p1a: Arboliva\n|-damage|p1a: Arboliva|226/290\n|-fieldstart|move: Grassy Terrain|[from] ability: Seed Sower|[of] p1a: Arboliva\n|-damage|p2a: Spectrier|247/274|[from] item: Life Orb\n|\n|-weather|SunnyDay|[upkeep]\n|-heal|p2a: Spectrier|264/274|[from] Grassy Terrain\n|-heal|p1a: Arboliva|244/290|[from] Grassy Terrain\n|-heal|p1a: Arboliva|262/290|[from] item: Leftovers\n|upkeep\n|turn|7\n|\n|t:|1781447488\n|switch|p2a: Ogerpon|Ogerpon, L80, F|259/259\n|move|p1a: Arboliva|Energy Ball|p2a: Ogerpon\n|-resisted|p2a: Ogerpon\n|-damage|p2a: Ogerpon|170/259\n|\n|-weather|SunnyDay|[upkeep]\n|-heal|p2a: Ogerpon|186/259|[from] Grassy Terrain\n|-heal|p2a: Ogerpon|202/259|[from] item: Leftovers\n|-heal|p1a: Arboliva|280/290|[from] Grassy Terrain\n|-heal|p1a: Arboliva|290/290|[from] item: Leftovers\n|upkeep\n|turn|8\n|\n|t:|1781447523\n|switch|p1a: Koraidon|Koraidon, L64|102/235\n|-activate|p1a: Koraidon|ability: Orichalcum Pulse\n|move|p2a: Ogerpon|Encore||[still]\n|-fail|p2a: Ogerpon\n|\n|-weather|none\n|-heal|p2a: Ogerpon|218/259|[from] Grassy Terrain\n|-heal|p2a: Ogerpon|234/259|[from] item: Leftovers\n|-heal|p1a: Koraidon|116/235|[from] Grassy Terrain\n|upkeep\n|turn|9\n|\n|t:|1781447530\n|move|p2a: Ogerpon|Superpower|p1a: Koraidon\n|-damage|p1a: Koraidon|21/235\n|-unboost|p2a: Ogerpon|atk|1\n|-unboost|p2a: Ogerpon|def|1\n|move|p1a: Koraidon|U-turn|p2a: Ogerpon\n|-supereffective|p2a: Ogerpon\n|-damage|p2a: Ogerpon|40/259\n|\n|t:|1781447541\n|switch|p1a: Floatzel|Floatzel, L86, M|286/286|[from] U-turn\n|\n|-heal|p2a: Ogerpon|56/259|[from] Grassy Terrain\n|-heal|p2a: Ogerpon|72/259|[from] item: Leftovers\n|upkeep\n|turn|10\n|\n|t:|1781447546\n|switch|p2a: Palafin|Palafin-Hero, L77, F|281/281\n|-activate|p2a: Palafin|ability: Zero to Hero\n|move|p1a: Floatzel|Crunch|p2a: Palafin\n|-damage|p2a: Palafin|182/281\n|-unboost|p2a: Palafin|def|1\n|\n|-heal|p2a: Palafin|199/281|[from] Grassy Terrain\n|-heal|p2a: Palafin|216/281|[from] item: Leftovers\n|-fieldend|move: Grassy Terrain\n|upkeep\n|turn|11\n|\n|t:|1781447558\n|switch|p1a: Eternatus|Eternatus, L69|308/308\n|-ability|p1a: Eternatus|Pressure\n|move|p2a: Palafin|Ice Punch|p1a: Eternatus\n|-supereffective|p1a: Eternatus\n|-damage|p1a: Eternatus|152/308\n|-damage|p2a: Palafin|170/281|[from] item: Rocky Helmet|[of] p1a: Eternatus\n|\n|-heal|p2a: Palafin|187/281|[from] item: Leftovers\n|upkeep\n|turn|12\n|\n|t:|1781447574\n|switch|p2a: Rampardos|Rampardos, L90, M|321/321\n|move|p1a: Eternatus|Recover|p1a: Eternatus\n|-heal|p1a: Eternatus|306/308\n|\n|upkeep\n|turn|13\n|\n|t:|1781447586\n|switch|p1a: Necrozma|Necrozma-Dawn-Wings, L76|272/272\n|move|p2a: Rampardos|Earthquake|p1a: Necrozma\n|-damage|p1a: Necrozma|125/272\n|-damage|p2a: Rampardos|289/321|[from] item: Life Orb\n|\n|upkeep\n|turn|14\n|\n|t:|1781447590\n|move|p1a: Necrozma|Brick Break|p2a: Rampardos\n|-supereffective|p2a: Rampardos\n|-damage|p2a: Rampardos|128/321\n|-damage|p1a: Necrozma|98/272|[from] item: Life Orb\n|move|p2a: Rampardos|Rock Slide|p1a: Necrozma\n|-damage|p1a: Necrozma|0 fnt\n|faint|p1a: Necrozma\n|\n|upkeep\n|\n|t:|1781447594\n|switch|p1a: Floatzel|Floatzel, L86, M|286/286\n|turn|15\n|\n|t:|1781447598\n|move|p1a: Floatzel|Flip Turn|p2a: Rampardos\n|-supereffective|p2a: Rampardos\n|-damage|p2a: Rampardos|0 fnt\n|faint|p2a: Rampardos\n|\n|t:|1781447606\n|switch|p1a: Eternatus|Eternatus, L69|306/308|[from] Flip Turn\n|-ability|p1a: Eternatus|Pressure\n|\n|upkeep\n|\n|t:|1781447611\n|switch|p2a: Spectrier|Spectrier, L75|264/274\n|turn|16\n|\n|t:|1781447629\n|move|p2a: Spectrier|Nasty Plot|p2a: Spectrier\n|-boost|p2a: Spectrier|spa|2\n|move|p1a: Eternatus|Dynamax Cannon|p2a: Spectrier\n|-damage|p2a: Spectrier|155/274\n|\n|upkeep\n|turn|17\n|\n|t:|1781447633\n|move|p2a: Spectrier|Draining Kiss|p1a: Eternatus\n|-damage|p1a: Eternatus|194/308\n|-heal|p2a: Spectrier|239/274|[from] drain|[of] p1a: Eternatus\n|-damage|p2a: Spectrier|194/274|[from] item: Rocky Helmet|[of] p1a: Eternatus\n|-damage|p2a: Spectrier|167/274|[from] item: Life Orb\n|move|p1a: Eternatus|Recover|p1a: Eternatus\n|-heal|p1a: Eternatus|308/308\n|\n|upkeep\n|turn|18\n|\n|t:|1781447639\n|move|p2a: Spectrier|Nasty Plot|p2a: Spectrier\n|-boost|p2a: Spectrier|spa|2\n|move|p1a: Eternatus|Dynamax Cannon|p2a: Spectrier\n|-damage|p2a: Spectrier|46/274\n|\n|upkeep\n|turn|19\n|\n|t:|1781447641\n|move|p2a: Spectrier|Shadow Ball|p1a: Eternatus\n|-damage|p1a: Eternatus|0 fnt\n|faint|p1a: Eternatus\n|-ability|p2a: Spectrier|Grim Neigh|boost\n|-boost|p2a: Spectrier|spa|1\n|-damage|p2a: Spectrier|19/274|[from] item: Life Orb\n|\n|upkeep\n|\n|t:|1781447645\n|switch|p1a: Floatzel|Floatzel, L86, M|286/286\n|turn|20\n|\n|t:|1781447649\n|move|p1a: Floatzel|Flip Turn|p2a: Spectrier\n|-damage|p2a: Spectrier|0 fnt\n|faint|p2a: Spectrier\n|\n|t:|1781447656\n|switch|p1a: Arboliva|Arboliva, L91, M|290/290|[from] Flip Turn\n|\n|upkeep\n|\n|t:|1781447659\n|switch|p2a: Ogerpon|Ogerpon, L80, F|72/259\n|turn|21\n|\n|t:|1781447680\n|move|p2a: Ogerpon|Synthesis|p2a: Ogerpon\n|-heal|p2a: Ogerpon|201/259\n|move|p1a: Arboliva|Strength Sap|p2a: Ogerpon\n|-unboost|p2a: Ogerpon|atk|1\n|-ability|p2a: Ogerpon|Defiant|boost\n|-boost|p2a: Ogerpon|atk|2\n|\n|-heal|p2a: Ogerpon|217/259|[from] item: Leftovers\n|upkeep\n|turn|22\n|\n|t:|1781447689\n|move|p2a: Ogerpon|Encore|p1a: Arboliva\n|-start|p1a: Arboliva|Encore\n|move|p1a: Arboliva|Strength Sap|p2a: Ogerpon\n|-unboost|p2a: Ogerpon|atk|1\n|-ability|p2a: Ogerpon|Defiant|boost\n|-boost|p2a: Ogerpon|atk|2\n|\n|-heal|p2a: Ogerpon|233/259|[from] item: Leftovers\n|upkeep\n|turn|23\n|\n|t:|1781447702\n|switch|p1a: Koraidon|Koraidon, L64|21/235\n|-weather|SunnyDay|[from] ability: Orichalcum Pulse|[of] p1a: Koraidon\n|-activate|p1a: Koraidon|Orichalcum Pulse|[source]\n|move|p2a: Ogerpon|Ivy Cudgel|p1a: Koraidon\n|-resisted|p1a: Koraidon\n|-damage|p1a: Koraidon|0 fnt\n|faint|p1a: Koraidon\n|\n|-weather|SunnyDay|[upkeep]\n|-heal|p2a: Ogerpon|249/259|[from] item: Leftovers\n|upkeep\n|\n|t:|1781447710\n|switch|p1a: Floatzel|Floatzel, L86, M|286/286\n|turn|24\n|\n|t:|1781447714\n|-terastallize|p2a: Ogerpon|Grass\n|detailschange|p2a: Ogerpon|Ogerpon-Teal-Tera, L80, F, tera:Grass\n|-ability|p2a: Ogerpon|Embody Aspect (Teal)|boost\n|-boost|p2a: Ogerpon|spe|1\n|move|p2a: Ogerpon|Ivy Cudgel|p1a: Floatzel\n|-supereffective|p1a: Floatzel\n|-damage|p1a: Floatzel|0 fnt\n|faint|p1a: Floatzel\n|\n|-weather|SunnyDay|[upkeep]\n|-heal|p2a: Ogerpon|259/259|[from] item: Leftovers\n|upkeep\n|\n|t:|1781447757\n|switch|p1a: Arboliva|Arboliva, L91, M|290/290\n|turn|25\n|\n|t:|1781447762\n|move|p2a: Ogerpon|Ivy Cudgel|p1a: Arboliva\n|-resisted|p1a: Arboliva\n|-crit|p1a: Arboliva\n|-damage|p1a: Arboliva|89/290\n|-fieldstart|move: Grassy Terrain|[from] ability: Seed Sower|[of] p1a: Arboliva\n|move|p1a: Arboliva|Hyper Voice|p2a: Ogerpon\n|-damage|p2a: Ogerpon|117/259\n|\n|-weather|SunnyDay|[upkeep]\n|-heal|p2a: Ogerpon|133/259|[from] Grassy Terrain\n|-heal|p2a: Ogerpon|149/259|[from] item: Leftovers\n|-heal|p1a: Arboliva|107/290|[from] Grassy Terrain\n|-heal|p1a: Arboliva|125/290|[from] item: Leftovers\n|upkeep\n|turn|26\n|\n|t:|1781447808\n|move|p2a: Ogerpon|Ivy Cudgel|p1a: Arboliva\n|-resisted|p1a: Arboliva\n|-damage|p1a: Arboliva|0 fnt\n|faint|p1a: Arboliva\n|\n|-weather|SunnyDay|[upkeep]\n|-heal|p2a: Ogerpon|165/259|[from] Grassy Terrain\n|-heal|p2a: Ogerpon|181/259|[from] item: Leftovers\n|upkeep\n|\n|t:|1781447812\n|switch|p1a: Terapagos|Terapagos, L77, M|265/265\n|-activate|p1a: Terapagos|ability: Tera Shift\n|detailschange|p1a: Terapagos|Terapagos-Terastal, L77, M\n|-heal|p1a: Terapagos|273/273|[silent]\n|turn|27\n|\n|t:|1781447818\n|-terastallize|p1a: Terapagos|Stellar\n|detailschange|p1a: Terapagos|Terapagos-Stellar, L77, M, tera:Stellar\n|-heal|p1a: Terapagos|373/373|[silent]\n|-ability|p1a: Terapagos|Teraform Zero\n|-weather|none\n|-fieldend|move: Grassy Terrain\n|move|p2a: Ogerpon|Superpower|p1a: Terapagos\n|-supereffective|p1a: Terapagos\n|-crit|p1a: Terapagos\n|-damage|p1a: Terapagos|0 fnt\n|-unboost|p2a: Ogerpon|atk|1\n|-unboost|p2a: Ogerpon|def|1\n|faint|p1a: Terapagos\n|detailschange|p1: Terapagos|Terapagos, L77, M|[silent]\n|\n|win|Oh didufgh\n|raw|7dad's rating: 1584 &rarr; <strong>1564</strong><br />(-20 for losing)\n|raw|Oh didufgh's rating: 1590 &rarr; <strong>1610</strong><br />(+20 for winning)\n|l|\u26067dad\n|player|p1|\n", "uploadtime": 1781447830, "views": 6, "formatid": "gen9randombattle", "rating": 1564, "private": 0, "password": null}