{"id": "gen9randombattle-2631536031", "format": "[Gen 9] Random Battle", "players": ["Emily Montes", "Sa!duck"], "log": "|j|\u2606Emily Montes\n|j|\u2606Sa!duck\n|t:|1781398034\n|gametype|singles\n|player|p1|Emily Montes|pokekid|1957\n|player|p2|Sa!duck|cress|1923\n|gen|9\n|tier|[Gen 9] Random Battle\n|rated|\n|rule|Species Clause: Limit one of each Pok\u00e9mon\n|rule|HP Percentage Mod: HP is shown in percentages\n|rule|Sleep Clause Mod: Limit one foe put to sleep\n|rule|Illusion Level Mod: Illusion disguises the Pok\u00e9mon's true level\n|\n|t:|1781398034\n|teamsize|p1|6\n|teamsize|p2|6\n|start\n|switch|p1a: Virizion|Virizion, L82|283/283\n|switch|p2a: Quaquaval|Quaquaval, L79, M|264/264\n|turn|1\n|\n|t:|1781398041\n|switch|p2a: Pecharunt|Pecharunt, L77|262/262\n|move|p1a: Virizion|Swords Dance|p1a: Virizion\n|-boost|p1a: Virizion|atk|2\n|\n|upkeep\n|turn|2\n|\n|t:|1781398048\n|-terastallize|p1a: Virizion|Rock\n|move|p1a: Virizion|Swords Dance|p1a: Virizion\n|-boost|p1a: Virizion|atk|2\n|move|p2a: Pecharunt|Malignant Chain|p1a: Virizion\n|-resisted|p1a: Virizion\n|-damage|p1a: Virizion|250/283\n|\n|upkeep\n|turn|3\n|\n|t:|1781398055\n|move|p1a: Virizion|Swords Dance|p1a: Virizion\n|-boost|p1a: Virizion|atk|2\n|move|p2a: Pecharunt|Malignant Chain|p1a: Virizion\n|-resisted|p1a: Virizion\n|-damage|p1a: Virizion|216/283\n|\n|upkeep\n|turn|4\n|\n|t:|1781398058\n|move|p1a: Virizion|Stone Edge|p2a: Pecharunt\n|-damage|p2a: Pecharunt|0 fnt\n|faint|p2a: Pecharunt\n|-damage|p1a: Virizion|188/283|[from] item: Life Orb\n|\n|upkeep\n|\n|t:|1781398070\n|switch|p2a: Oranguru|Oranguru, L92, M|315/315\n|turn|5\n|\n|t:|1781398079\n|move|p1a: Virizion|Leaf Blade|p2a: Oranguru\n|-damage|p2a: Oranguru|0 fnt\n|faint|p2a: Oranguru\n|-damage|p1a: Virizion|160/283|[from] item: Life Orb\n|\n|upkeep\n|\n|t:|1781398086\n|switch|p2a: Infernape|Infernape, L82, F|259/259\n|turn|6\n|\n|t:|1781398091\n|move|p1a: Virizion|Close Combat|p2a: Infernape\n|-damage|p2a: Infernape|0 fnt\n|-unboost|p1a: Virizion|def|1\n|-unboost|p1a: Virizion|spd|1\n|faint|p2a: Infernape\n|-damage|p1a: Virizion|132/283|[from] item: Life Orb\n|\n|upkeep\n|-message|Sa!duck forfeited.\n|\n|win|Emily Montes\n", "uploadtime": 1781398036, "views": 3, "formatid": "gen9randombattle", "rating": null, "private": 0, "password": null}