{"id": "gen9randombattle-2631506918", "format": "[Gen 9] Random Battle", "players": ["Batikan17", "pagenfranskane"], "log": "|j|\u2606Batikan17\n|j|\u2606pagenfranskane\n|t:|1781393917\n|gametype|singles\n|player|p1|Batikan17|n|1925\n|player|p2|pagenfranskane|battlegirl|1957\n|gen|9\n|tier|[Gen 9] Random Battle\n|rated|\n|rule|Species Clause: Limit one of each Pok\u00e9mon\n|rule|HP Percentage Mod: HP is shown in percentages\n|rule|Sleep Clause Mod: Limit one foe put to sleep\n|rule|Illusion Level Mod: Illusion disguises the Pok\u00e9mon's true level\n|\n|t:|1781393917\n|teamsize|p1|6\n|teamsize|p2|6\n|start\n|switch|p1a: Komala|Komala, L88, F|258/258\n|switch|p2a: Porygon-Z|Porygon-Z, L83|277/277\n|-ability|p1a: Komala|Comatose\n|turn|1\n|\n|t:|1781393952\n|switch|p2a: Terrakion|Terrakion, L79|273/273\n|move|p1a: Komala|Knock Off|p2a: Terrakion\n|-resisted|p2a: Terrakion\n|-damage|p2a: Terrakion|225/273\n|-ability|p2a: Terrakion|Justified|boost\n|-boost|p2a: Terrakion|atk|1\n|-enditem|p2a: Terrakion|Life Orb|[from] move: Knock Off|[of] p1a: Komala\n|\n|upkeep\n|turn|2\n|\n|t:|1781393959\n|switch|p1a: Jumpluff|Jumpluff, L87, M|271/271\n|move|p2a: Terrakion|Stone Edge|p1a: Jumpluff\n|-supereffective|p1a: Jumpluff\n|-damage|p1a: Jumpluff|0 fnt\n|faint|p1a: Jumpluff\n|\n|upkeep\n|inactive|Battle timer is ON: inactive players will automatically lose when time's up. (requested by pagenfranskane)\n|\n|t:|1781393965\n|switch|p1a: Lumineon|Lumineon, L93, F|279/279\n|turn|3\n|\n|t:|1781393971\n|move|p1a: Lumineon|Hydro Pump|p2a: Terrakion\n|-supereffective|p2a: Terrakion\n|-damage|p2a: Terrakion|0 fnt\n|faint|p2a: Terrakion\n|\n|upkeep\n|\n|t:|1781393974\n|switch|p2a: Jolteon|Jolteon, L84, M|246/246\n|turn|4\n|\n|t:|1781393978\n|switch|p1a: Komala|Komala, L88, F|258/258\n|-ability|p1a: Komala|Comatose\n|move|p2a: Jolteon|Calm Mind|p2a: Jolteon\n|-boost|p2a: Jolteon|spa|1\n|-boost|p2a: Jolteon|spd|1\n|\n|upkeep\n|turn|5\n|\n|t:|1781393986\n|move|p2a: Jolteon|Thunderbolt|p1a: Komala\n|-damage|p1a: Komala|133/258\n|-damage|p2a: Jolteon|222/246|[from] item: Life Orb\n|move|p1a: Komala|Earthquake|p2a: Jolteon\n|-supereffective|p2a: Jolteon\n|-damage|p2a: Jolteon|8/246\n|\n|upkeep\n|turn|6\n|\n|t:|1781393990\n|move|p2a: Jolteon|Thunderbolt|p1a: Komala\n|-damage|p1a: Komala|16/258\n|-damage|p2a: Jolteon|0 fnt|[from] item: Life Orb\n|faint|p2a: Jolteon\n|move|p1a: Komala|Rapid Spin|p2: Jolteon|[notarget]\n|-fail|p1a: Komala\n|\n|upkeep\n|\n|t:|1781393995\n|switch|p2a: Noivern|Noivern, L82, F|274/274\n|turn|7\n|\n|t:|1781393999\n|move|p2a: Noivern|Boomburst|p1a: Komala\n|-damage|p1a: Komala|0 fnt\n|faint|p1a: Komala\n|\n|upkeep\n|\n|t:|1781394007\n|switch|p1a: Lumineon|Lumineon, L93, F|279/279\n|turn|8\n|inactive|pagenfranskane has 120 seconds left.\n|\n|t:|1781394045\n|switch|p2a: Farigiraf|Farigiraf, L90, F|362/362\n|move|p1a: Lumineon|Ice Beam|p2a: Farigiraf\n|-damage|p2a: Farigiraf|295/362\n|\n|-heal|p2a: Farigiraf|317/362|[from] item: Leftovers\n|upkeep\n|turn|9\n|\n|t:|1781394052\n|move|p1a: Lumineon|Hydro Pump|p2a: Farigiraf\n|-damage|p2a: Farigiraf|185/362\n|move|p2a: Farigiraf|Body Slam|p1a: Lumineon\n|-damage|p1a: Lumineon|174/279\n|\n|-heal|p2a: Farigiraf|207/362|[from] item: Leftovers\n|upkeep\n|turn|10\n|\n|t:|1781394062\n|move|p1a: Lumineon|U-turn|p2a: Farigiraf\n|-supereffective|p2a: Farigiraf\n|-damage|p2a: Farigiraf|105/362\n|\n|t:|1781394065\n|switch|p1a: Scrafty|Scrafty, L83, F|244/244|[from] U-turn\n|move|p2a: Farigiraf|Body Slam|p1a: Scrafty\n|-damage|p1a: Scrafty|165/244\n|\n|-heal|p2a: Farigiraf|127/362|[from] item: Leftovers\n|-heal|p1a: Scrafty|180/244|[from] item: Leftovers\n|upkeep\n|turn|11\n|\n|t:|1781394075\n|switch|p2a: Noivern|Noivern, L82, F|274/274\n|move|p1a: Scrafty|Bulk Up|p1a: Scrafty\n|-boost|p1a: Scrafty|atk|1\n|-boost|p1a: Scrafty|def|1\n|\n|-heal|p1a: Scrafty|195/244|[from] item: Leftovers\n|upkeep\n|turn|12\n|\n|t:|1781394086\n|-terastallize|p1a: Scrafty|Poison\n|move|p2a: Noivern|Hurricane|p1a: Scrafty\n|-damage|p1a: Scrafty|62/244\n|move|p1a: Scrafty|Knock Off|p2a: Noivern\n|-damage|p2a: Noivern|130/274\n|-enditem|p2a: Noivern|Choice Specs|[from] move: Knock Off|[of] p1a: Scrafty\n|\n|-heal|p1a: Scrafty|77/244|[from] item: Leftovers\n|upkeep\n|turn|13\n|\n|t:|1781394093\n|move|p2a: Noivern|Draco Meteor|p1a: Scrafty|[miss]\n|-miss|p2a: Noivern|p1a: Scrafty\n|move|p1a: Scrafty|Rest|p1a: Scrafty\n|-status|p1a: Scrafty|slp|[from] move: Rest\n|-heal|p1a: Scrafty|244/244 slp|[silent]\n|\n|upkeep\n|turn|14\n|\n|t:|1781394100\n|switch|p2a: Farigiraf|Farigiraf, L90, F|127/362\n|cant|p1a: Scrafty|slp\n|\n|-heal|p2a: Farigiraf|149/362|[from] item: Leftovers\n|upkeep\n|turn|15\n|\n|t:|1781394103\n|move|p2a: Farigiraf|Psychic Noise|p1a: Scrafty\n|-supereffective|p1a: Scrafty\n|-damage|p1a: Scrafty|68/244 slp\n|-start|p1a: Scrafty|move: Heal Block\n|cant|p1a: Scrafty|slp\n|\n|-heal|p2a: Farigiraf|171/362|[from] item: Leftovers\n|-activate|p1a: Scrafty|ability: Shed Skin\n|-curestatus|p1a: Scrafty|slp|[msg]\n|upkeep\n|turn|16\n|\n|t:|1781394115\n|move|p2a: Farigiraf|Psychic Noise|p1a: Scrafty\n|-supereffective|p1a: Scrafty\n|-damage|p1a: Scrafty|0 fnt\n|faint|p1a: Scrafty\n|\n|-heal|p2a: Farigiraf|193/362|[from] item: Leftovers\n|upkeep\n|\n|t:|1781394117\n|switch|p1a: Cinderace|Cinderace, L77, F|250/250\n|turn|17\n|\n|t:|1781394123\n|move|p2a: Farigiraf|Protect|p2a: Farigiraf\n|-singleturn|p2a: Farigiraf|Protect\n|move|p1a: Cinderace|U-turn|p2a: Farigiraf\n|-start|p1a: Cinderace|typechange|Bug|[from] ability: Libero\n|-activate|p2a: Farigiraf|move: Protect\n|\n|-heal|p2a: Farigiraf|215/362|[from] item: Leftovers\n|upkeep\n|turn|18\n|\n|t:|1781394128\n|switch|p2a: Noivern|Noivern, L82, F|130/274\n|move|p1a: Cinderace|U-turn|p2a: Noivern\n|-resisted|p2a: Noivern\n|-crit|p2a: Noivern\n|-damage|p2a: Noivern|73/274\n|\n|t:|1781394131\n|switch|p1a: Lumineon|Lumineon, L93, F|174/279|[from] U-turn\n|\n|upkeep\n|turn|19\n|\n|t:|1781394139\n|move|p2a: Noivern|Hurricane|p1a: Lumineon|[miss]\n|-miss|p2a: Noivern|p1a: Lumineon\n|move|p1a: Lumineon|Ice Beam|p2a: Noivern\n|-supereffective|p2a: Noivern\n|-damage|p2a: Noivern|0 fnt\n|faint|p2a: Noivern\n|\n|upkeep\n|\n|t:|1781394143\n|switch|p2a: Farigiraf|Farigiraf, L90, F|215/362\n|turn|20\n|\n|t:|1781394151\n|move|p1a: Lumineon|Hydro Pump|p2a: Farigiraf|[miss]\n|-miss|p1a: Lumineon|p2a: Farigiraf\n|move|p2a: Farigiraf|Body Slam|p1a: Lumineon\n|-damage|p1a: Lumineon|71/279\n|\n|-heal|p2a: Farigiraf|237/362|[from] item: Leftovers\n|upkeep\n|turn|21\n|\n|t:|1781394169\n|move|p1a: Lumineon|Encore|p2a: Farigiraf\n|-start|p2a: Farigiraf|Encore\n|move|p2a: Farigiraf|Body Slam|p1a: Lumineon\n|-damage|p1a: Lumineon|0 fnt\n|faint|p1a: Lumineon\n|\n|-heal|p2a: Farigiraf|259/362|[from] item: Leftovers\n|upkeep\n|\n|t:|1781394170\n|switch|p1a: Gogoat|Gogoat, L88, M|360/360\n|turn|22\n|\n|t:|1781394177\n|switch|p2a: Porygon-Z|Porygon-Z, L83|277/277\n|move|p1a: Gogoat|Bulk Up|p1a: Gogoat\n|-boost|p1a: Gogoat|atk|1\n|-boost|p1a: Gogoat|def|1\n|\n|upkeep\n|turn|23\n|\n|t:|1781394182\n|move|p2a: Porygon-Z|Nasty Plot|p2a: Porygon-Z\n|-boost|p2a: Porygon-Z|spa|2\n|move|p1a: Gogoat|Horn Leech|p2a: Porygon-Z\n|-damage|p2a: Porygon-Z|106/277\n|\n|upkeep\n|turn|24\n|\n|t:|1781394185\n|move|p2a: Porygon-Z|Tera Blast|p1a: Gogoat\n|-damage|p1a: Gogoat|0 fnt\n|faint|p1a: Gogoat\n|-damage|p2a: Porygon-Z|79/277|[from] item: Life Orb\n|\n|upkeep\n|\n|t:|1781394188\n|switch|p1a: Cinderace|Cinderace, L77, F|250/250\n|turn|25\n|\n|t:|1781394194\n|move|p1a: Cinderace|Pyro Ball|p2a: Porygon-Z\n|-crit|p2a: Porygon-Z\n|-damage|p2a: Porygon-Z|0 fnt\n|faint|p2a: Porygon-Z\n|\n|upkeep\n|\n|t:|1781394197\n|switch|p2a: Farigiraf|Farigiraf, L90, F|259/362\n|turn|26\n|\n|t:|1781394201\n|move|p2a: Farigiraf|Protect|p2a: Farigiraf\n|-singleturn|p2a: Farigiraf|Protect\n|move|p1a: Cinderace|Pyro Ball|p2a: Farigiraf\n|-activate|p2a: Farigiraf|move: Protect\n|\n|-heal|p2a: Farigiraf|281/362|[from] item: Leftovers\n|upkeep\n|turn|27\n|\n|t:|1781394209\n|move|p1a: Cinderace|Pyro Ball|p2a: Farigiraf\n|-damage|p2a: Farigiraf|154/362\n|move|p2a: Farigiraf|Wish|p2a: Farigiraf\n|\n|-heal|p2a: Farigiraf|176/362|[from] item: Leftovers\n|upkeep\n|turn|28\n|\n|t:|1781394215\n|move|p2a: Farigiraf|Protect|p2a: Farigiraf\n|-singleturn|p2a: Farigiraf|Protect\n|move|p1a: Cinderace|Pyro Ball|p2a: Farigiraf\n|-activate|p2a: Farigiraf|move: Protect\n|\n|-heal|p2a: Farigiraf|357/362|[from] move: Wish|[wisher] Farigiraf\n|-heal|p2a: Farigiraf|362/362|[from] item: Leftovers\n|upkeep\n|turn|29\n|\n|t:|1781394217\n|move|p1a: Cinderace|U-turn|p2a: Farigiraf\n|-start|p1a: Cinderace|typechange|Bug|[from] ability: Libero\n|-supereffective|p2a: Farigiraf\n|-damage|p2a: Farigiraf|198/362\n|move|p2a: Farigiraf|Wish|p2a: Farigiraf\n|\n|-heal|p2a: Farigiraf|220/362|[from] item: Leftovers\n|upkeep\n|turn|30\n|\n|t:|1781394221\n|move|p2a: Farigiraf|Protect|p2a: Farigiraf\n|-singleturn|p2a: Farigiraf|Protect\n|move|p1a: Cinderace|Will-O-Wisp|p2a: Farigiraf\n|-activate|p2a: Farigiraf|move: Protect\n|\n|-heal|p2a: Farigiraf|362/362|[from] move: Wish|[wisher] Farigiraf\n|upkeep\n|turn|31\n|\n|t:|1781394226\n|move|p1a: Cinderace|U-turn|p2a: Farigiraf\n|-supereffective|p2a: Farigiraf\n|-damage|p2a: Farigiraf|204/362\n|move|p2a: Farigiraf|Body Slam|p1a: Cinderace\n|-damage|p1a: Cinderace|124/250\n|\n|-heal|p2a: Farigiraf|226/362|[from] item: Leftovers\n|upkeep\n|turn|32\n|\n|t:|1781394231\n|move|p2a: Farigiraf|Protect|p2a: Farigiraf\n|-singleturn|p2a: Farigiraf|Protect\n|move|p1a: Cinderace|U-turn|p2a: Farigiraf\n|-activate|p2a: Farigiraf|move: Protect\n|\n|-heal|p2a: Farigiraf|248/362|[from] item: Leftovers\n|upkeep\n|turn|33\n|-message|Batikan17 forfeited.\n|\n|win|pagenfranskane\n", "uploadtime": 1781393919, "views": 4, "formatid": "gen9randombattle", "rating": null, "private": 0, "password": null}