{"id": "gen9randombattle-2631982546", "format": "[Gen 9] Random Battle", "players": ["tocamenores", "Guerrero176"], "log": "|j|\u2606tocamenores\n|j|\u2606Guerrero176\n|t:|1781462562\n|gametype|singles\n|player|p1|tocamenores|ghetsis|1245\n|player|p2|Guerrero176|102|1230\n|gen|9\n|tier|[Gen 9] Random Battle\n|rated|\n|rule|Species Clause: Limit one of each Pok\u00e9mon\n|rule|HP Percentage Mod: HP is shown in percentages\n|rule|Sleep Clause Mod: Limit one foe put to sleep\n|rule|Illusion Level Mod: Illusion disguises the Pok\u00e9mon's true level\n|\n|t:|1781462562\n|teamsize|p1|6\n|teamsize|p2|6\n|start\n|switch|p1a: Koraidon|Koraidon, L64|235/235\n|switch|p2a: Galvantula|Galvantula, L82, F|249/249\n|-weather|SunnyDay|[from] ability: Orichalcum Pulse|[of] p1a: Koraidon\n|-activate|p1a: Koraidon|Orichalcum Pulse|[source]\n|turn|1\n|inactive|Battle timer is ON: inactive players will automatically lose when time's up. (requested by tocamenores)\n|\n|t:|1781462591\n|move|p2a: Galvantula|Sticky Web|p1a: Koraidon\n|-sidestart|p1: tocamenores|move: Sticky Web\n|move|p1a: Koraidon|Scale Shot|p2a: Galvantula\n|-damage|p2a: Galvantula|209/249\n|-damage|p2a: Galvantula|175/249\n|-damage|p2a: Galvantula|138/249\n|-damage|p2a: Galvantula|104/249\n|-hitcount|p2a: Galvantula|4\n|-unboost|p1a: Koraidon|def|1\n|-boost|p1a: Koraidon|spe|1\n|\n|-weather|SunnyDay|[upkeep]\n|upkeep\n|turn|2\n|\n|t:|1781462608\n|move|p1a: Koraidon|Scale Shot|p2a: Galvantula\n|-damage|p2a: Galvantula|68/249\n|-damage|p2a: Galvantula|32/249\n|-damage|p2a: Galvantula|0 fnt\n|faint|p2a: Galvantula\n|-hitcount|p2: Galvantula|3\n|-unboost|p1a: Koraidon|def|1\n|-boost|p1a: Koraidon|spe|1\n|\n|-weather|SunnyDay|[upkeep]\n|upkeep\n|inactive|Guerrero176 has 120 seconds left.\n|\n|t:|1781462642\n|switch|p2a: Venusaur|Venusaur, L84, M|272/272\n|turn|3\n|\n|t:|1781462666\n|move|p1a: Koraidon|Flare Blitz|p2a: Venusaur\n|-supereffective|p2a: Venusaur\n|-damage|p2a: Venusaur|8/272\n|-damage|p1a: Koraidon|148/235|[from] Recoil\n|move|p2a: Venusaur|Sleep Powder|p1a: Koraidon\n|-status|p1a: Koraidon|slp|[from] move: Sleep Powder\n|\n|-weather|SunnyDay|[upkeep]\n|-heal|p2a: Venusaur|25/272|[from] item: Leftovers\n|upkeep\n|turn|4\n|\n|t:|1781462677\n|cant|p1a: Koraidon|slp\n|move|p2a: Venusaur|Leech Seed|p1a: Koraidon\n|-start|p1a: Koraidon|move: Leech Seed\n|\n|-weather|SunnyDay|[upkeep]\n|-heal|p2a: Venusaur|42/272|[from] item: Leftovers\n|-damage|p1a: Koraidon|119/235 slp|[from] Leech Seed|[of] p2a: Venusaur\n|-heal|p2a: Venusaur|71/272|[silent]\n|upkeep\n|turn|5\n|inactive|Guerrero176 has 120 seconds left.\n|\n|t:|1781462696\n|switch|p1a: Malamar|Malamar, L82, M|275/275\n|-activate|p1a: Malamar|move: Sticky Web\n|-boost|p1a: Malamar|spe|1\n|move|p2a: Venusaur|Sludge Bomb|p1a: Malamar\n|-damage|p1a: Malamar|164/275\n|\n|-weather|none\n|-heal|p2a: Venusaur|88/272|[from] item: Leftovers\n|-heal|p1a: Malamar|181/275|[from] item: Leftovers\n|upkeep\n|turn|6\n|inactive|Guerrero176 has 120 seconds left.\n|\n|t:|1781462714\n|move|p1a: Malamar|Knock Off|p2a: Venusaur\n|-damage|p2a: Venusaur|0 fnt\n|-enditem|p2a: Venusaur|Leftovers|[from] move: Knock Off|[of] p1a: Malamar\n|faint|p2a: Venusaur\n|\n|-heal|p1a: Malamar|198/275|[from] item: Leftovers\n|upkeep\n|\n|t:|1781462725\n|switch|p2a: Krookodile|Krookodile, L79, M|280/280\n|-ability|p2a: Krookodile|Intimidate|boost\n|-boost|p1a: Malamar|atk|1\n|turn|7\n|\n|t:|1781462734\n|move|p1a: Malamar|Superpower|p2a: Krookodile\n|-supereffective|p2a: Krookodile\n|-damage|p2a: Krookodile|12/280\n|-boost|p1a: Malamar|atk|1\n|-boost|p1a: Malamar|def|1\n|move|p2a: Krookodile|Knock Off|p1a: Malamar\n|-damage|p1a: Malamar|126/275\n|-enditem|p1a: Malamar|Leftovers|[from] move: Knock Off|[of] p2a: Krookodile\n|\n|-heal|p2a: Krookodile|29/280|[from] item: Leftovers\n|upkeep\n|turn|8\n|\n|t:|1781462746\n|move|p1a: Malamar|Rest|p1a: Malamar\n|-status|p1a: Malamar|slp|[from] move: Rest\n|-heal|p1a: Malamar|275/275 slp|[silent]\n|move|p2a: Krookodile|Knock Off|p1a: Malamar\n|-crit|p1a: Malamar\n|-damage|p1a: Malamar|157/275 slp\n|\n|-heal|p2a: Krookodile|46/280|[from] item: Leftovers\n|upkeep\n|turn|9\n|\n|t:|1781462759\n|cant|p1a: Malamar|slp\n|move|p1a: Malamar|Sleep Talk|p1a: Malamar\n|move|p1a: Malamar|Superpower|p2a: Krookodile|[from] move: Sleep Talk\n|-supereffective|p2a: Krookodile\n|-damage|p2a: Krookodile|0 fnt\n|-boost|p1a: Malamar|atk|1\n|-boost|p1a: Malamar|def|1\n|faint|p2a: Krookodile\n|\n|upkeep\n|\n|t:|1781462768\n|switch|p2a: Cinccino|Cinccino, L83, M|260/260\n|turn|10\n|\n|t:|1781462778\n|cant|p1a: Malamar|slp\n|move|p1a: Malamar|Sleep Talk|p1a: Malamar\n|move|p1a: Malamar|Rest||[from] move: Sleep Talk|[still]\n|-fail|p1a: Malamar\n|move|p2a: Cinccino|U-turn|p1a: Malamar\n|-supereffective|p1a: Malamar\n|-damage|p1a: Malamar|65/275 slp\n|\n|t:|1781462790\n|switch|p2a: Lokix|Lokix, L82, M|251/251|[from] U-turn\n|\n|upkeep\n|turn|11\n|\n|t:|1781462796\n|-curestatus|p1a: Malamar|slp|[msg]\n|move|p1a: Malamar|Rest|p1a: Malamar\n|-status|p1a: Malamar|slp|[from] move: Rest\n|-heal|p1a: Malamar|275/275 slp|[silent]\n|move|p2a: Lokix|Leech Life|p1a: Malamar\n|-supereffective|p1a: Malamar\n|-damage|p1a: Malamar|36/275 slp\n|-damage|p2a: Lokix|226/251|[from] item: Life Orb\n|\n|upkeep\n|turn|12\n|inactive|Guerrero176 has 120 seconds left.\n|\n|t:|1781462808\n|cant|p1a: Malamar|slp\n|move|p1a: Malamar|Sleep Talk|p1a: Malamar\n|move|p1a: Malamar|Knock Off|p2a: Lokix|[from] move: Sleep Talk\n|-resisted|p2a: Lokix\n|-damage|p2a: Lokix|91/251\n|-enditem|p2a: Lokix|Life Orb|[from] move: Knock Off|[of] p1a: Malamar\n|move|p2a: Lokix|Swords Dance|p2a: Lokix\n|-boost|p2a: Lokix|atk|2\n|\n|upkeep\n|turn|13\n|inactive|Guerrero176 has 120 seconds left.\n|\n|t:|1781462829\n|cant|p1a: Malamar|slp\n|move|p1a: Malamar|Sleep Talk|p1a: Malamar\n|move|p1a: Malamar|Superpower|p2a: Lokix|[from] move: Sleep Talk\n|-damage|p2a: Lokix|0 fnt\n|-boost|p1a: Malamar|atk|1\n|-boost|p1a: Malamar|def|1\n|faint|p2a: Lokix\n|\n|upkeep\n|\n|t:|1781462837\n|switch|p2a: Cinccino|Cinccino, L83, M|260/260\n|turn|14\n|\n|t:|1781462839\n|-curestatus|p1a: Malamar|slp|[msg]\n|move|p1a: Malamar|Superpower|p2a: Cinccino\n|-supereffective|p2a: Cinccino\n|-damage|p2a: Cinccino|0 fnt\n|-boost|p1a: Malamar|atk|1\n|-boost|p1a: Malamar|def|1\n|faint|p2a: Cinccino\n|\n|upkeep\n|\n|t:|1781462844\n|switch|p2a: Tauros|Tauros-Paldea-Aqua, L81, M|254/254\n|-ability|p2a: Tauros|Intimidate|boost\n|-boost|p1a: Malamar|atk|1\n|turn|15\n|\n|t:|1781462853\n|move|p2a: Tauros|Aqua Jet|p1a: Malamar\n|-damage|p1a: Malamar|17/275\n|-damage|p2a: Tauros|229/254|[from] item: Life Orb\n|move|p1a: Malamar|Knock Off|p2a: Tauros\n|-resisted|p2a: Tauros\n|-damage|p2a: Tauros|73/254\n|-enditem|p2a: Tauros|Life Orb|[from] move: Knock Off|[of] p1a: Malamar\n|\n|upkeep\n|turn|16\n|\n|t:|1781462862\n|move|p2a: Tauros|Aqua Jet|p1a: Malamar\n|-damage|p1a: Malamar|2/275\n|move|p1a: Malamar|Rest|p1a: Malamar\n|-status|p1a: Malamar|slp|[from] move: Rest\n|-heal|p1a: Malamar|275/275 slp|[silent]\n|\n|upkeep\n|turn|17\n|\n|t:|1781462870\n|cant|p1a: Malamar|slp\n|move|p1a: Malamar|Sleep Talk|p1a: Malamar\n|move|p1a: Malamar|Superpower|p2a: Tauros|[from] move: Sleep Talk\n|-damage|p2a: Tauros|0 fnt\n|-boost|p1a: Malamar|def|1\n|faint|p2a: Tauros\n|\n|win|tocamenores\n|raw|tocamenores's rating: 1245 &rarr; <strong>1269</strong><br />(+24 for winning)\n|raw|Guerrero176's rating: 1230 &rarr; <strong>1206</strong><br />(-24 for losing)\n|l|\u2606Guerrero176\n|player|p2|\n", "uploadtime": 1781462877, "views": 2, "formatid": "gen9randombattle", "rating": 1206, "private": 0, "password": null}