{"id": "gen9randombattle-2631834345", "format": "[Gen 9] Random Battle", "players": ["bugcatcher314", "toucann"], "log": "|j|\u2606bugcatcher314\n|j|\u2606toucann\n|t:|1781446063\n|gametype|singles\n|player|p1|bugcatcher314|266|2074\n|player|p2|toucann|ethan|2069\n|gen|9\n|tier|[Gen 9] Random Battle\n|rated|\n|rule|Species Clause: Limit one of each Pok\u00e9mon\n|rule|HP Percentage Mod: HP is shown in percentages\n|rule|Sleep Clause Mod: Limit one foe put to sleep\n|rule|Illusion Level Mod: Illusion disguises the Pok\u00e9mon's true level\n|\n|t:|1781446063\n|teamsize|p1|6\n|teamsize|p2|6\n|start\n|switch|p1a: Ditto|Ditto, L87|225/225\n|switch|p2a: Miraidon|Miraidon, L65|238/238\n|-fieldstart|move: Electric Terrain|[from] ability: Hadron Engine|[of] p2a: Miraidon\n|-transform|p1a: Ditto|p2a: Miraidon|[from] ability: Imposter\n|-activate|p1a: Ditto|ability: Hadron Engine\n|turn|1\n|inactive|Battle timer is ON: inactive players will automatically lose when time's up. (requested by bugcatcher314)\n|\n|t:|1781446087\n|switch|p1a: Sylveon|Sylveon, L85, F|300/300\n|switch|p2a: Regigigas|Regigigas, L84|322/322\n|-start|p2a: Regigigas|ability: Slow Start\n|\n|upkeep\n|turn|2\n|\n|t:|1781446110\n|move|p1a: Sylveon|Hyper Voice|p2a: Regigigas\n|-damage|p2a: Regigigas|214/322\n|move|p2a: Regigigas|Body Slam|p1a: Sylveon\n|-damage|p1a: Sylveon|219/300\n|-status|p1a: Sylveon|par\n|\n|-heal|p2a: Regigigas|234/322|[from] item: Leftovers\n|-heal|p1a: Sylveon|237/300 par|[from] item: Leftovers\n|upkeep\n|turn|3\n|\n|t:|1781446134\n|switch|p2a: Overqwil|Overqwil, L82, M|274/274\n|-ability|p2a: Overqwil|Intimidate|boost\n|-unboost|p1a: Sylveon|atk|1\n|move|p1a: Sylveon|Calm Mind|p1a: Sylveon\n|-boost|p1a: Sylveon|spa|1\n|-boost|p1a: Sylveon|spd|1\n|\n|-heal|p1a: Sylveon|255/300 par|[from] item: Leftovers\n|upkeep\n|turn|4\n|\n|t:|1781446141\n|switch|p1a: Registeel|Registeel, L81|262/262\n|move|p2a: Overqwil|Swords Dance|p2a: Overqwil\n|-boost|p2a: Overqwil|atk|2\n|\n|upkeep\n|turn|5\n|\n|t:|1781446148\n|move|p2a: Overqwil|Crunch|p1a: Registeel\n|-damage|p1a: Registeel|114/262\n|-damage|p2a: Overqwil|247/274|[from] item: Life Orb\n|move|p1a: Registeel|Iron Defense|p1a: Registeel\n|-boost|p1a: Registeel|def|2\n|\n|-fieldend|move: Electric Terrain\n|upkeep\n|turn|6\n|\n|t:|1781446164\n|switch|p2a: Miraidon|Miraidon, L65|238/238\n|-fieldstart|move: Electric Terrain|[from] ability: Hadron Engine|[of] p2a: Miraidon\n|move|p1a: Registeel|Rest||[still]\n|-activate|p1a: Registeel|move: Electric Terrain\n|-fail|p1a: Registeel\n|\n|upkeep\n|turn|7\n|\n|t:|1781446170\n|move|p2a: Miraidon|Electro Drift|p1a: Registeel\n|-damage|p1a: Registeel|0 fnt\n|faint|p1a: Registeel\n|-damage|p2a: Miraidon|215/238|[from] item: Life Orb\n|\n|upkeep\n|\n|t:|1781446174\n|switch|p1a: Swampert|Swampert, L83, M|302/302\n|turn|8\n|\n|t:|1781446180\n|switch|p2a: Arceus|Arceus-Grass, L73|296/296\n|move|p1a: Swampert|Stealth Rock|p2a: Arceus\n|-sidestart|p2: toucann|move: Stealth Rock\n|\n|upkeep\n|turn|9\n|\n|t:|1781446187\n|switch|p1a: Ninetales|Ninetales, L85, F|263/263\n|-weather|SunnyDay|[from] ability: Drought|[of] p1a: Ninetales\n|move|p2a: Arceus|Calm Mind|p2a: Arceus\n|-boost|p2a: Arceus|spa|1\n|-boost|p2a: Arceus|spd|1\n|\n|-weather|SunnyDay|[upkeep]\n|upkeep\n|turn|10\n|\n|t:|1781446194\n|switch|p2a: Regigigas|Regigigas, L84|234/322\n|-damage|p2a: Regigigas|194/322|[from] Stealth Rock\n|-start|p2a: Regigigas|ability: Slow Start\n|move|p1a: Ninetales|Nasty Plot|p1a: Ninetales\n|-boost|p1a: Ninetales|spa|2\n|\n|-weather|SunnyDay|[upkeep]\n|-heal|p2a: Regigigas|214/322|[from] item: Leftovers\n|-fieldend|move: Electric Terrain\n|upkeep\n|turn|11\n|\n|t:|1781446198\n|move|p1a: Ninetales|Fire Blast|p2a: Regigigas\n|-damage|p2a: Regigigas|0 fnt\n|faint|p2a: Regigigas\n|-end|p2a: Regigigas|Slow Start|[silent]\n|\n|-weather|SunnyDay|[upkeep]\n|upkeep\n|\n|t:|1781446223\n|switch|p2a: Mienshao|Mienshao, L83, F|244/244\n|-damage|p2a: Mienshao|229/244|[from] Stealth Rock\n|turn|12\n|l|\u2606bugcatcher314\n|inactive|bugcatcher314 disconnected and has a minute to reconnect!\n|player|p1|\n|j|\u2606bugcatcher314\n|inactive|bugcatcher314 reconnected and has 140 seconds left.\n|player|p1|bugcatcher314|266|\n|\n|t:|1781446237\n|move|p2a: Mienshao|Fake Out|p1a: Ninetales\n|-damage|p1a: Ninetales|227/263\n|cant|p1a: Ninetales|flinch\n|\n|-weather|SunnyDay|[upkeep]\n|upkeep\n|turn|13\n|\n|t:|1781446248\n|move|p2a: Mienshao|Close Combat|p1a: Ninetales\n|-damage|p1a: Ninetales|55/263\n|-unboost|p2a: Mienshao|def|1\n|-unboost|p2a: Mienshao|spd|1\n|move|p1a: Ninetales|Fire Blast|p2a: Mienshao\n|-damage|p2a: Mienshao|0 fnt\n|faint|p2a: Mienshao\n|\n|-weather|none\n|upkeep\n|\n|t:|1781446265\n|switch|p2a: Miraidon|Miraidon, L65|215/238\n|-damage|p2a: Miraidon|186/238|[from] Stealth Rock\n|-fieldstart|move: Electric Terrain|[from] ability: Hadron Engine|[of] p2a: Miraidon\n|turn|14\n|\n|t:|1781446291\n|switch|p1a: Swampert|Swampert, L83, M|302/302\n|move|p2a: Miraidon|Electro Drift|p1a: Swampert\n|-immune|p1a: Swampert\n|\n|upkeep\n|turn|15\n|\n|t:|1781446302\n|switch|p2a: Arceus|Arceus-Grass, L73|296/296\n|-damage|p2a: Arceus|259/296|[from] Stealth Rock\n|move|p1a: Swampert|Flip Turn|p2a: Arceus\n|-resisted|p2a: Arceus\n|-damage|p2a: Arceus|229/296\n|\n|t:|1781446304\n|switch|p1a: Ninetales|Ninetales, L85, F|55/263|[from] Flip Turn\n|-weather|SunnyDay|[from] ability: Drought|[of] p1a: Ninetales\n|\n|-weather|SunnyDay|[upkeep]\n|upkeep\n|turn|16\n|\n|t:|1781446313\n|-terastallize|p2a: Arceus|Fire\n|move|p1a: Ninetales|Fire Blast|p2a: Arceus\n|-resisted|p2a: Arceus\n|-damage|p2a: Arceus|161/296\n|move|p2a: Arceus|Fire Blast|p1a: Ninetales\n|-resisted|p1a: Ninetales\n|-damage|p1a: Ninetales|0 fnt\n|faint|p1a: Ninetales\n|\n|-weather|SunnyDay|[upkeep]\n|upkeep\n|\n|t:|1781446329\n|switch|p1a: Ditto|Ditto, L87|225/225\n|-transform|p1a: Ditto|p2a: Arceus|[from] ability: Imposter\n|-start|p1a: Ditto|typechange|Grass|[silent]\n|turn|17\n|\n|t:|1781446340\n|switch|p1a: Sylveon|Sylveon, L85, F|255/300 par\n|move|p2a: Arceus|Fire Blast|p1a: Sylveon\n|-damage|p1a: Sylveon|137/300 par\n|\n|-weather|SunnyDay|[upkeep]\n|-heal|p1a: Sylveon|155/300 par|[from] item: Leftovers\n|upkeep\n|turn|18\n|\n|t:|1781446346\n|move|p2a: Arceus|Calm Mind|p2a: Arceus\n|-boost|p2a: Arceus|spa|1\n|-boost|p2a: Arceus|spd|1\n|cant|p1a: Sylveon|par\n|\n|-weather|SunnyDay|[upkeep]\n|-heal|p1a: Sylveon|173/300 par|[from] item: Leftovers\n|-fieldend|move: Electric Terrain\n|upkeep\n|turn|19\n|\n|t:|1781446351\n|move|p2a: Arceus|Fire Blast|p1a: Sylveon\n|-damage|p1a: Sylveon|1/300 par\n|move|p1a: Sylveon|Calm Mind|p1a: Sylveon\n|-boost|p1a: Sylveon|spa|1\n|-boost|p1a: Sylveon|spd|1\n|\n|-weather|none\n|-heal|p1a: Sylveon|19/300 par|[from] item: Leftovers\n|upkeep\n|turn|20\n|\n|t:|1781446363\n|move|p2a: Arceus|Judgment|p1a: Sylveon\n|-damage|p1a: Sylveon|0 fnt\n|faint|p1a: Sylveon\n|\n|upkeep\n|\n|t:|1781446370\n|switch|p1a: Swampert|Swampert, L83, M|302/302\n|turn|21\n|\n|t:|1781446385\n|move|p2a: Arceus|Judgment|p1a: Swampert\n|-supereffective|p1a: Swampert\n|-damage|p1a: Swampert|0 fnt\n|faint|p1a: Swampert\n|\n|upkeep\n|-message|bugcatcher314 forfeited.\n|\n|win|toucann\n", "uploadtime": 1781446066, "views": 3, "formatid": "gen9randombattle", "rating": null, "private": 0, "password": null}