{"id": "gen9randombattle-2631971443", "format": "[Gen 9] Random Battle", "players": ["varllyam", "good pork"], "log": "|j|\u2606varllyam\n|j|\u2606good pork\n|t:|1781461353\n|gametype|singles\n|player|p1|varllyam|170|2147\n|player|p2|good pork|ghetsis-gen5bw|2090\n|gen|9\n|tier|[Gen 9] Random Battle\n|rated|\n|rule|Species Clause: Limit one of each Pok\u00e9mon\n|rule|HP Percentage Mod: HP is shown in percentages\n|rule|Sleep Clause Mod: Limit one foe put to sleep\n|rule|Illusion Level Mod: Illusion disguises the Pok\u00e9mon's true level\n|\n|t:|1781461353\n|teamsize|p1|6\n|teamsize|p2|6\n|start\n|switch|p1a: Porygon-Z|Porygon-Z, L83|277/277\n|switch|p2a: Granbull|Granbull, L88, M|302/302\n|-ability|p2a: Granbull|Intimidate|boost\n|-unboost|p1a: Porygon-Z|atk|1\n|turn|1\n|\n|t:|1781461367\n|move|p1a: Porygon-Z|Tri Attack|p2a: Granbull\n|-damage|p2a: Granbull|104/302\n|move|p2a: Granbull|Thunder Wave|p1a: Porygon-Z\n|-status|p1a: Porygon-Z|par\n|\n|-heal|p2a: Granbull|122/302|[from] item: Leftovers\n|upkeep\n|turn|2\n|\n|t:|1781461379\n|switch|p2a: Palossand|Palossand, L89, M|296/296\n|move|p1a: Porygon-Z|Tri Attack|p2a: Palossand\n|-immune|p2a: Palossand\n|\n|upkeep\n|turn|3\n|\n|t:|1781461384\n|switch|p1a: Hydreigon|Hydreigon, L79, M|275/275\n|move|p2a: Palossand|Stealth Rock|p1a: Hydreigon\n|-sidestart|p1: varllyam|move: Stealth Rock\n|\n|upkeep\n|turn|4\n|\n|t:|1781461392\n|switch|p2a: Granbull|Granbull, L88, M|122/302\n|-ability|p2a: Granbull|Intimidate|boost\n|-unboost|p1a: Hydreigon|atk|1\n|move|p1a: Hydreigon|Nasty Plot|p1a: Hydreigon\n|-boost|p1a: Hydreigon|spa|2\n|\n|-heal|p2a: Granbull|140/302|[from] item: Leftovers\n|upkeep\n|turn|5\n|\n|t:|1781461404\n|move|p1a: Hydreigon|Fire Blast|p2a: Granbull\n|-damage|p2a: Granbull|0 fnt\n|faint|p2a: Granbull\n|-damage|p1a: Hydreigon|248/275|[from] item: Life Orb\n|\n|upkeep\n|\n|t:|1781461406\n|switch|p2a: Infernape|Infernape, L82, F|259/259\n|turn|6\n|\n|t:|1781461411\n|switch|p1a: Dipplin|Dipplin, L88, M|284/284\n|-damage|p1a: Dipplin|249/284|[from] Stealth Rock\n|move|p2a: Infernape|Close Combat|p1a: Dipplin\n|-damage|p1a: Dipplin|154/284\n|-unboost|p2a: Infernape|def|1\n|-unboost|p2a: Infernape|spd|1\n|-damage|p2a: Infernape|234/259|[from] item: Life Orb\n|\n|upkeep\n|turn|7\n|\n|t:|1781461421\n|switch|p2a: Hatterene|Hatterene, L85, F|236/236\n|move|p1a: Dipplin|Recover|p1a: Dipplin\n|-heal|p1a: Dipplin|284/284\n|\n|upkeep\n|turn|8\n|\n|t:|1781461432\n|switch|p1a: Poliwrath|Poliwrath, L88, M|302/302\n|-damage|p1a: Poliwrath|284/302|[from] Stealth Rock\n|move|p2a: Hatterene|Nuzzle|p1a: Poliwrath\n|-supereffective|p1a: Poliwrath\n|-damage|p1a: Poliwrath|258/302\n|-status|p1a: Poliwrath|par\n|\n|upkeep\n|turn|9\n|\n|t:|1781461435\n|move|p2a: Hatterene|Psychic|p1a: Poliwrath\n|-supereffective|p1a: Poliwrath\n|-damage|p1a: Poliwrath|108/302 par\n|cant|p1a: Poliwrath|par\n|\n|upkeep\n|turn|10\n|\n|t:|1781461440\n|move|p2a: Hatterene|Psychic|p1a: Poliwrath\n|-supereffective|p1a: Poliwrath\n|-damage|p1a: Poliwrath|0 fnt\n|faint|p1a: Poliwrath\n|\n|upkeep\n|\n|t:|1781461445\n|switch|p1a: Blaziken|Blaziken, L76, M|247/247\n|-damage|p1a: Blaziken|217/247|[from] Stealth Rock\n|turn|11\n|\n|t:|1781461448\n|move|p1a: Blaziken|Flare Blitz|p2a: Hatterene\n|-damage|p2a: Hatterene|84/236\n|-damage|p1a: Blaziken|167/247|[from] Recoil\n|-damage|p1a: Blaziken|143/247|[from] item: Life Orb\n|move|p2a: Hatterene|Nuzzle|p1a: Blaziken\n|-damage|p1a: Blaziken|125/247\n|-status|p1a: Blaziken|par\n|\n|-ability|p1a: Blaziken|Speed Boost|boost\n|-boost|p1a: Blaziken|spe|1\n|upkeep\n|turn|12\n|\n|t:|1781461467\n|switch|p2a: Palossand|Palossand, L89, M|296/296\n|move|p1a: Blaziken|Flare Blitz|p2a: Palossand\n|-damage|p2a: Palossand|163/296\n|-damage|p1a: Blaziken|81/247 par|[from] Recoil\n|-damage|p1a: Blaziken|57/247 par|[from] item: Life Orb\n|\n|-heal|p2a: Palossand|181/296|[from] item: Leftovers\n|-ability|p1a: Blaziken|Speed Boost|boost\n|-boost|p1a: Blaziken|spe|1\n|upkeep\n|turn|13\n|\n|t:|1781461474\n|move|p1a: Blaziken|Knock Off|p2a: Palossand\n|-supereffective|p2a: Palossand\n|-damage|p2a: Palossand|41/296\n|-enditem|p2a: Palossand|Leftovers|[from] move: Knock Off|[of] p1a: Blaziken\n|-damage|p1a: Blaziken|33/247 par|[from] item: Life Orb\n|move|p2a: Palossand|Shore Up|p2a: Palossand\n|-heal|p2a: Palossand|189/296\n|\n|-ability|p1a: Blaziken|Speed Boost|boost\n|-boost|p1a: Blaziken|spe|1\n|upkeep\n|turn|14\n|\n|t:|1781461478\n|move|p1a: Blaziken|Swords Dance|p1a: Blaziken\n|-boost|p1a: Blaziken|atk|2\n|move|p2a: Palossand|Shore Up|p2a: Palossand\n|-heal|p2a: Palossand|296/296\n|\n|-ability|p1a: Blaziken|Speed Boost|boost\n|-boost|p1a: Blaziken|spe|1\n|upkeep\n|turn|15\n|\n|t:|1781461481\n|move|p1a: Blaziken|Flare Blitz|p2a: Palossand\n|-damage|p2a: Palossand|26/296\n|-damage|p1a: Blaziken|0 fnt|[from] Recoil\n|faint|p1a: Blaziken\n|move|p2a: Palossand|Earth Power|p1: Blaziken|[notarget]\n|-fail|p2a: Palossand\n|\n|upkeep\n|\n|t:|1781461490\n|switch|p1a: Dipplin|Dipplin, L88, M|284/284\n|-damage|p1a: Dipplin|249/284|[from] Stealth Rock\n|turn|16\n|\n|t:|1781461495\n|move|p1a: Dipplin|Giga Drain|p2a: Palossand\n|-supereffective|p2a: Palossand\n|-damage|p2a: Palossand|0 fnt\n|-heal|p1a: Dipplin|262/284|[from] drain|[of] p2a: Palossand\n|faint|p2a: Palossand\n|\n|upkeep\n|\n|t:|1781461497\n|switch|p2a: Hatterene|Hatterene, L85, F|84/236\n|turn|17\n|\n|t:|1781461499\n|switch|p1a: Porygon-Z|Porygon-Z, L83|277/277 par\n|-damage|p1a: Porygon-Z|243/277 par|[from] Stealth Rock\n|move|p2a: Hatterene|Draining Kiss|p1a: Porygon-Z\n|-damage|p1a: Porygon-Z|158/277 par\n|-heal|p2a: Hatterene|148/236|[from] drain|[of] p1a: Porygon-Z\n|\n|upkeep\n|turn|18\n|\n|t:|1781461502\n|move|p1a: Porygon-Z|Tri Attack|p2a: Hatterene\n|-damage|p2a: Hatterene|60/236\n|move|p2a: Hatterene|Draining Kiss|p1a: Porygon-Z\n|-damage|p1a: Porygon-Z|68/277 par\n|-heal|p2a: Hatterene|128/236|[from] drain|[of] p1a: Porygon-Z\n|\n|upkeep\n|turn|19\n|\n|t:|1781461508\n|move|p1a: Porygon-Z|Tri Attack|p2a: Hatterene\n|-damage|p2a: Hatterene|48/236\n|-status|p2a: Hatterene|brn\n|move|p2a: Hatterene|Draining Kiss|p1a: Porygon-Z\n|-damage|p1a: Porygon-Z|0 fnt\n|-heal|p2a: Hatterene|99/236 brn|[from] drain|[of] p1a: Porygon-Z\n|faint|p1a: Porygon-Z\n|\n|-damage|p2a: Hatterene|85/236 brn|[from] brn\n|upkeep\n|\n|t:|1781461520\n|switch|p1a: Dipplin|Dipplin, L88, M|262/284\n|-damage|p1a: Dipplin|227/284|[from] Stealth Rock\n|turn|20\n|\n|t:|1781461527\n|-terastallize|p1a: Dipplin|Steel\n|move|p1a: Dipplin|Giga Drain|p2a: Hatterene\n|-damage|p2a: Hatterene|31/236 brn\n|-heal|p1a: Dipplin|254/284|[from] drain|[of] p2a: Hatterene\n|move|p2a: Hatterene|Nuzzle|p1a: Dipplin\n|-damage|p1a: Dipplin|250/284\n|-status|p1a: Dipplin|par\n|\n|-damage|p2a: Hatterene|17/236 brn|[from] brn\n|upkeep\n|turn|21\n|\n|t:|1781461533\n|move|p2a: Hatterene|Mystical Fire|p1a: Dipplin\n|-supereffective|p1a: Dipplin\n|-damage|p1a: Dipplin|158/284 par\n|-unboost|p1a: Dipplin|spa|1\n|move|p1a: Dipplin|Giga Drain|p2a: Hatterene\n|-damage|p2a: Hatterene|0 fnt\n|-heal|p1a: Dipplin|167/284 par|[from] drain|[of] p2a: Hatterene\n|faint|p2a: Hatterene\n|\n|upkeep\n|\n|t:|1781461539\n|switch|p2a: Infernape|Infernape, L82, F|234/259\n|turn|22\n|\n|t:|1781461542\n|move|p2a: Infernape|Close Combat|p1a: Dipplin\n|-supereffective|p1a: Dipplin\n|-damage|p1a: Dipplin|0 fnt\n|-unboost|p2a: Infernape|def|1\n|-unboost|p2a: Infernape|spd|1\n|faint|p1a: Dipplin\n|-damage|p2a: Infernape|209/259|[from] item: Life Orb\n|\n|upkeep\n|\n|t:|1781461546\n|switch|p1a: Terapagos|Terapagos, L77, F|265/265\n|-activate|p1a: Terapagos|ability: Tera Shift\n|detailschange|p1a: Terapagos|Terapagos-Terastal, L77, F\n|-heal|p1a: Terapagos|273/273|[silent]\n|turn|23\n|inactive|Battle timer is ON: inactive players will automatically lose when time's up. (requested by varllyam)\n|\n|t:|1781461555\n|switch|p2a: Mew|Mew, L82|298/298\n|move|p1a: Terapagos|Rapid Spin|p2a: Mew\n|-damage|p2a: Mew|261/298\n|-boost|p1a: Terapagos|spe|1\n|-sideend|p1: varllyam|Stealth Rock|[from] move: Rapid Spin|[of] p1a: Terapagos\n|\n|upkeep\n|turn|24\n|\n|t:|1781461559\n|move|p1a: Terapagos|Calm Mind|p1a: Terapagos\n|-boost|p1a: Terapagos|spa|1\n|-boost|p1a: Terapagos|spd|1\n|move|p2a: Mew|Knock Off|p1a: Terapagos\n|-activate|p1a: Terapagos|ability: Tera Shell\n|-resisted|p1a: Terapagos\n|-damage|p1a: Terapagos|230/273\n|-enditem|p1a: Terapagos|Heavy-Duty Boots|[from] move: Knock Off|[of] p2a: Mew\n|-damage|p2a: Mew|232/298|[from] item: Life Orb\n|\n|upkeep\n|turn|25\n|\n|t:|1781461575\n|-terastallize|p2a: Mew|Fighting\n|move|p1a: Terapagos|Calm Mind|p1a: Terapagos\n|-boost|p1a: Terapagos|spa|1\n|-boost|p1a: Terapagos|spd|1\n|move|p2a: Mew|Close Combat|p1a: Terapagos\n|-supereffective|p1a: Terapagos\n|-damage|p1a: Terapagos|0 fnt\n|-unboost|p2a: Mew|def|1\n|-unboost|p2a: Mew|spd|1\n|faint|p1a: Terapagos\n|-damage|p2a: Mew|203/298|[from] item: Life Orb\n|\n|upkeep\n|\n|t:|1781461580\n|switch|p1a: Hydreigon|Hydreigon, L79, M|248/275\n|turn|26\n|-message|varllyam forfeited.\n|\n|win|good pork\n", "uploadtime": 1781461355, "views": 3, "formatid": "gen9randombattle", "rating": null, "private": 0, "password": null}