{"id": "gen9randombattle-2631900309", "format": "[Gen 9] Random Battle", "players": ["wazzzhole", "imjustabanana"], "log": "|j|\u2606wazzzhole\n|j|\u2606imjustabanana\n|t:|1781453582\n|gametype|singles\n|player|p1|wazzzhole|266|1698\n|player|p2|imjustabanana|giovanni|1707\n|gen|9\n|tier|[Gen 9] Random Battle\n|rated|\n|rule|Species Clause: Limit one of each Pok\u00e9mon\n|rule|HP Percentage Mod: HP is shown in percentages\n|rule|Sleep Clause Mod: Limit one foe put to sleep\n|rule|Illusion Level Mod: Illusion disguises the Pok\u00e9mon's true level\n|\n|t:|1781453582\n|teamsize|p1|6\n|teamsize|p2|6\n|start\n|switch|p1a: Sunflora|Sunflora, M|312/312\n|switch|p2a: Iron Valiant|Iron Valiant, L78|244/244\n|turn|1\n|inactive|Battle timer is ON: inactive players will automatically lose when time's up. (requested by wazzzhole)\n|\n|t:|1781453594\n|move|p2a: Iron Valiant|Calm Mind|p2a: Iron Valiant\n|-boost|p2a: Iron Valiant|spa|1\n|-boost|p2a: Iron Valiant|spd|1\n|move|p1a: Sunflora|Sunny Day|p1a: Sunflora\n|-weather|SunnyDay\n|\n|-weather|SunnyDay|[upkeep]\n|upkeep\n|turn|2\n|\n|t:|1781453609\n|-terastallize|p1a: Sunflora|Fire\n|move|p1a: Sunflora|Weather Ball|p2a: Iron Valiant\n|-damage|p2a: Iron Valiant|0 fnt\n|faint|p2a: Iron Valiant\n|-end|p2a: Iron Valiant|Quark Drive|[silent]\n|-damage|p1a: Sunflora|281/312|[from] item: Life Orb\n|\n|-weather|SunnyDay|[upkeep]\n|upkeep\n|\n|t:|1781453633\n|switch|p2a: Venusaur|Venusaur, L84, M|272/272\n|turn|3\n|\n|t:|1781453636\n|move|p2a: Venusaur|Earth Power|p1a: Sunflora\n|-supereffective|p1a: Sunflora\n|-damage|p1a: Sunflora|173/312\n|move|p1a: Sunflora|Weather Ball|p2a: Venusaur\n|-supereffective|p2a: Venusaur\n|-damage|p2a: Venusaur|0 fnt\n|faint|p2a: Venusaur\n|-damage|p1a: Sunflora|142/312|[from] item: Life Orb\n|\n|-weather|SunnyDay|[upkeep]\n|upkeep\n|\n|t:|1781453646\n|switch|p2a: Klefki|Klefki, L84, F|233/233\n|turn|4\n|\n|t:|1781453651\n|move|p2a: Klefki|Spikes|p1a: Sunflora\n|-sidestart|p1: wazzzhole|Spikes\n|move|p1a: Sunflora|Weather Ball|p2a: Klefki\n|-supereffective|p2a: Klefki\n|-damage|p2a: Klefki|0 fnt\n|faint|p2a: Klefki\n|-damage|p1a: Sunflora|111/312|[from] item: Life Orb\n|\n|-weather|SunnyDay|[upkeep]\n|upkeep\n|\n|t:|1781453653\n|switch|p2a: Zangoose|Zangoose, L85, M|263/263\n|turn|5\n|\n|t:|1781453670\n|switch|p1a: Dialga|Dialga, L73|266/266\n|-damage|p1a: Dialga|233/266|[from] Spikes\n|-ability|p1a: Dialga|Pressure\n|move|p2a: Zangoose|Quick Attack|p1a: Dialga\n|-resisted|p1a: Dialga\n|-damage|p1a: Dialga|209/266\n|\n|-weather|none\n|-heal|p1a: Dialga|225/266|[from] item: Leftovers\n|-status|p2a: Zangoose|tox|[from] item: Toxic Orb\n|upkeep\n|turn|6\n|\n|t:|1781453682\n|move|p2a: Zangoose|Close Combat|p1a: Dialga\n|-supereffective|p1a: Dialga\n|-damage|p1a: Dialga|0 fnt\n|-unboost|p2a: Zangoose|def|1\n|-unboost|p2a: Zangoose|spd|1\n|faint|p1a: Dialga\n|\n|-damage|p2a: Zangoose|247/263 tox|[from] psn\n|upkeep\n|inactive|wazzzhole has 120 seconds left.\n|\n|t:|1781453706\n|switch|p1a: Persian|Persian-Alola, L86, M|252/252\n|-damage|p1a: Persian|221/252|[from] Spikes\n|turn|7\n|inactive|imjustabanana has 120 seconds left.\n|\n|t:|1781453746\n|switch|p2a: Toucannon|Toucannon, L88, F|284/284\n|move|p1a: Persian|Dark Pulse|p2a: Toucannon\n|-damage|p2a: Toucannon|177/284\n|-damage|p1a: Persian|196/252|[from] item: Life Orb\n|\n|upkeep\n|turn|8\n|\n|t:|1781453757\n|move|p1a: Persian|Thunderbolt|p2a: Toucannon\n|-supereffective|p2a: Toucannon\n|-damage|p2a: Toucannon|24/284\n|-damage|p1a: Persian|171/252|[from] item: Life Orb\n|move|p2a: Toucannon|Boomburst|p1a: Persian\n|-damage|p1a: Persian|8/252\n|\n|upkeep\n|turn|9\n|inactive|imjustabanana has 120 seconds left.\n|\n|t:|1781453767\n|move|p1a: Persian|Burning Jealousy|p2a: Toucannon\n|-damage|p2a: Toucannon|0 fnt\n|faint|p2a: Toucannon\n|-damage|p1a: Persian|0 fnt|[from] item: Life Orb\n|faint|p1a: Persian\n|\n|upkeep\n|\n|t:|1781453776\n|switch|p1a: Breloom|Breloom, L83, F|235/235\n|switch|p2a: Zangoose|Zangoose, L85, M|247/263 tox\n|-damage|p1a: Breloom|206/235|[from] Spikes\n|turn|10\n|\n|t:|1781453783\n|-terastallize|p2a: Zangoose|Normal\n|move|p2a: Zangoose|Quick Attack|p1a: Breloom\n|-damage|p1a: Breloom|88/235\n|move|p1a: Breloom|Mach Punch|p2a: Zangoose\n|-supereffective|p2a: Zangoose\n|-damage|p2a: Zangoose|0 fnt\n|faint|p2a: Zangoose\n|-damage|p1a: Breloom|65/235|[from] item: Life Orb\n|\n|upkeep\n|-message|imjustabanana forfeited.\n|\n|win|wazzzhole\n|raw|wazzzhole's rating: 1698 &rarr; <strong>1719</strong><br />(+21 for winning)\n|raw|imjustabanana's rating: 1707 &rarr; <strong>1686</strong><br />(-21 for losing)\n|l|\u2606imjustabanana\n|player|p2|\n", "uploadtime": 1781453793, "views": 5, "formatid": "gen9randombattle", "rating": 1686, "private": 0, "password": null}