{"id": "gen9randombattle-2631450939", "format": "[Gen 9] Random Battle", "players": ["Aminator3000", "Blyzy"], "log": "|j|\u2606Aminator3000\n|j|\u2606Blyzy\n|t:|1781386230\n|gametype|singles\n|player|p1|Aminator3000|veteran|1917\n|player|p2|Blyzy|cyclistf-gen4|1927\n|gen|9\n|tier|[Gen 9] Random Battle\n|rated|\n|rule|Species Clause: Limit one of each Pok\u00e9mon\n|rule|HP Percentage Mod: HP is shown in percentages\n|rule|Sleep Clause Mod: Limit one foe put to sleep\n|rule|Illusion Level Mod: Illusion disguises the Pok\u00e9mon's true level\n|\n|t:|1781386230\n|teamsize|p1|6\n|teamsize|p2|6\n|start\n|switch|p1a: Eiscue|Eiscue, L88, F|274/274\n|switch|p2a: Glaceon|Glaceon, L94, F|275/275\n|turn|1\n|inactive|Battle timer is ON: inactive players will automatically lose when time's up. (requested by Aminator3000)\n|\n|t:|1781386248\n|switch|p2a: Volcarona|Volcarona, L77, F, shiny|257/257\n|move|p1a: Eiscue|Belly Drum|p1a: Eiscue\n|-damage|p1a: Eiscue|137/274\n|-setboost|p1a: Eiscue|atk|6|[from] move: Belly Drum\n|-enditem|p1a: Eiscue|Sitrus Berry|[eat]\n|-heal|p1a: Eiscue|205/274|[from] item: Sitrus Berry\n|\n|upkeep\n|turn|2\n|\n|t:|1781386273\n|-terastallize|p1a: Eiscue|Electric\n|move|p2a: Volcarona|Fire Blast|p1a: Eiscue\n|-damage|p1a: Eiscue|79/274\n|move|p1a: Eiscue|Liquidation|p2a: Volcarona\n|-supereffective|p2a: Volcarona\n|-damage|p2a: Volcarona|0 fnt\n|faint|p2a: Volcarona\n|\n|upkeep\n|inactive|Blyzy has 120 seconds left.\n|c|\u2606Blyzy|Just realized it was a shiny \u2728\n|\n|t:|1781386314\n|switch|p2a: Glaceon|Glaceon, L94, F|275/275\n|turn|3\n|\n|t:|1781386327\n|move|p2a: Glaceon|Freeze-Dry|p1a: Eiscue\n|-damage|p1a: Eiscue|0 fnt\n|faint|p1a: Eiscue\n|\n|upkeep\n|\n|t:|1781386333\n|switch|p1a: Torkoal|Torkoal, L88, M|266/266\n|-weather|SunnyDay|[from] ability: Drought|[of] p1a: Torkoal\n|turn|4\n|\n|t:|1781386342\n|switch|p2a: Ting-Lu|Ting-Lu, L78|370/370\n|-ability|p2a: Ting-Lu|Vessel of Ruin\n|move|p1a: Torkoal|Stealth Rock|p2a: Ting-Lu\n|-sidestart|p2: Blyzy|move: Stealth Rock\n|\n|-weather|SunnyDay|[upkeep]\n|upkeep\n|turn|5\n|l|\u2606Blyzy\n|inactive|Blyzy disconnected and has a minute to reconnect!\n|player|p2|\n|\n|t:|1781386355\n|move|p2a: Ting-Lu|Stealth Rock|p1a: Torkoal\n|-sidestart|p1: Aminator3000|move: Stealth Rock\n|move|p1a: Torkoal|Yawn|p2a: Ting-Lu\n|-start|p2a: Ting-Lu|move: Yawn|[of] p1a: Torkoal\n|\n|-weather|SunnyDay|[upkeep]\n|upkeep\n|turn|6\n|j|\u2606Blyzy\n|inactive|Blyzy reconnected and has 140 seconds left.\n|player|p2|Blyzy|cyclistf-gen4|\n|\n|t:|1781386369\n|move|p2a: Ting-Lu|Spikes|p1a: Torkoal\n|-sidestart|p1: Aminator3000|Spikes\n|move|p1a: Torkoal|Solar Beam||[still]\n|-prepare|p1a: Torkoal|Solar Beam\n|-anim|p1a: Torkoal|Solar Beam|p2a: Ting-Lu\n|-supereffective|p2a: Ting-Lu\n|-damage|p2a: Ting-Lu|226/370\n|\n|-weather|SunnyDay|[upkeep]\n|-heal|p2a: Ting-Lu|249/370|[from] item: Leftovers\n|-end|p2a: Ting-Lu|move: Yawn|[silent]\n|-status|p2a: Ting-Lu|slp\n|upkeep\n|turn|7\n|\n|t:|1781386381\n|switch|p2a: Tatsugiri|Tatsugiri, L87, F|260/260\n|move|p1a: Torkoal|Solar Beam||[still]\n|-prepare|p1a: Torkoal|Solar Beam\n|-anim|p1a: Torkoal|Solar Beam|p2a: Tatsugiri\n|-damage|p2a: Tatsugiri|187/260\n|\n|-weather|SunnyDay|[upkeep]\n|upkeep\n|turn|8\n|\n|t:|1781386399\n|switch|p1a: Deoxys|Deoxys-Defense, L84|221/221\n|-damage|p1a: Deoxys|194/221|[from] Stealth Rock\n|-damage|p1a: Deoxys|167/221|[from] Spikes\n|-ability|p1a: Deoxys|Pressure\n|move|p2a: Tatsugiri|Rapid Spin|p1a: Deoxys\n|-damage|p1a: Deoxys|151/221\n|-boost|p2a: Tatsugiri|spe|1\n|-sideend|p2: Blyzy|Stealth Rock|[from] move: Rapid Spin|[of] p2a: Tatsugiri\n|\n|-weather|none\n|-heal|p1a: Deoxys|164/221|[from] item: Leftovers\n|upkeep\n|turn|9\n|inactive|Blyzy has 120 seconds left.\n|\n|t:|1781386446\n|move|p2a: Tatsugiri|Nasty Plot|p2a: Tatsugiri\n|-boost|p2a: Tatsugiri|spa|2\n|move|p1a: Deoxys|Cosmic Power|p1a: Deoxys\n|-boost|p1a: Deoxys|def|1\n|-boost|p1a: Deoxys|spd|1\n|\n|-heal|p1a: Deoxys|177/221|[from] item: Leftovers\n|upkeep\n|turn|10\n|\n|t:|1781386456\n|move|p2a: Tatsugiri|Nasty Plot|p2a: Tatsugiri\n|-boost|p2a: Tatsugiri|spa|2\n|move|p1a: Deoxys|Cosmic Power|p1a: Deoxys\n|-boost|p1a: Deoxys|def|1\n|-boost|p1a: Deoxys|spd|1\n|\n|-heal|p1a: Deoxys|190/221|[from] item: Leftovers\n|upkeep\n|turn|11\n|\n|t:|1781386468\n|move|p2a: Tatsugiri|Nasty Plot|p2a: Tatsugiri\n|-boost|p2a: Tatsugiri|spa|2\n|move|p1a: Deoxys|Cosmic Power|p1a: Deoxys\n|-boost|p1a: Deoxys|def|1\n|-boost|p1a: Deoxys|spd|1\n|\n|-heal|p1a: Deoxys|203/221|[from] item: Leftovers\n|upkeep\n|turn|12\n|\n|t:|1781386478\n|move|p2a: Tatsugiri|Hydro Pump|p1a: Deoxys\n|-damage|p1a: Deoxys|49/221\n|move|p1a: Deoxys|Recover|p1a: Deoxys\n|-heal|p1a: Deoxys|160/221\n|\n|-heal|p1a: Deoxys|173/221|[from] item: Leftovers\n|upkeep\n|turn|13\n|\n|t:|1781386489\n|-terastallize|p2a: Tatsugiri|Water\n|move|p2a: Tatsugiri|Hydro Pump|p1a: Deoxys\n|-damage|p1a: Deoxys|0 fnt\n|faint|p1a: Deoxys\n|\n|upkeep\n|-message|Aminator3000 forfeited.\n|\n|win|Blyzy\n", "uploadtime": 1781386232, "views": 5, "formatid": "gen9randombattle", "rating": null, "private": 0, "password": null}