{"id": "gen9randombattle-2631460152", "format": "[Gen 9] Random Battle", "players": ["whimbooo", "Aperrentis"], "log": "|j|\u2606whimbooo\n|j|\u2606Aperrentis\n|t:|1781387389\n|gametype|singles\n|player|p1|whimbooo|170|1480\n|player|p2|Aperrentis|thorton|1503\n|gen|9\n|tier|[Gen 9] Random Battle\n|rated|\n|rule|Species Clause: Limit one of each Pok\u00e9mon\n|rule|HP Percentage Mod: HP is shown in percentages\n|rule|Sleep Clause Mod: Limit one foe put to sleep\n|rule|Illusion Level Mod: Illusion disguises the Pok\u00e9mon's true level\n|\n|t:|1781387389\n|teamsize|p1|6\n|teamsize|p2|6\n|start\n|switch|p1a: Munkidori|Munkidori, L79, M|269/269\n|switch|p2a: Plusle|Plusle, L95, M|268/268\n|turn|1\n|inactive|Battle timer is ON: inactive players will automatically lose when time's up. (requested by whimbooo)\n|\n|t:|1781387401\n|move|p2a: Plusle|Nasty Plot|p2a: Plusle\n|-boost|p2a: Plusle|spa|2\n|move|p1a: Munkidori|Psyshock|p2a: Plusle\n|-damage|p2a: Plusle|77/268\n|-damage|p1a: Munkidori|243/269|[from] item: Life Orb\n|\n|upkeep\n|turn|2\n|\n|t:|1781387412\n|move|p2a: Plusle|Thunderbolt|p1a: Munkidori\n|-damage|p1a: Munkidori|0 fnt\n|faint|p1a: Munkidori\n|-damage|p2a: Plusle|51/268|[from] item: Life Orb\n|\n|upkeep\n|\n|t:|1781387419\n|switch|p1a: Cryogonal|Cryogonal, L89|287/287\n|turn|3\n|\n|t:|1781387425\n|move|p1a: Cryogonal|Ice Beam|p2a: Plusle\n|-damage|p2a: Plusle|0 fnt\n|faint|p2a: Plusle\n|\n|upkeep\n|\n|t:|1781387436\n|switch|p2a: Araquanid|Araquanid, L82, F|246/246\n|turn|4\n|\n|t:|1781387459\n|switch|p1a: Giratina|Giratina-Origin, L72|335/335\n|move|p2a: Araquanid|Sticky Web|p1a: Giratina\n|-sidestart|p1: whimbooo|move: Sticky Web\n|\n|upkeep\n|turn|5\n|\n|t:|1781387473\n|switch|p2a: Sylveon|Sylveon, L85, F|300/300\n|move|p1a: Giratina|Will-O-Wisp|p2a: Sylveon\n|-status|p2a: Sylveon|brn\n|\n|-damage|p2a: Sylveon|282/300 brn|[from] brn\n|upkeep\n|turn|6\n|\n|t:|1781387498\n|switch|p1a: Meloetta|Meloetta, L82|298/298\n|-activate|p1a: Meloetta|move: Sticky Web\n|-unboost|p1a: Meloetta|spe|1\n|move|p2a: Sylveon|Wish|p2a: Sylveon\n|\n|-heal|p2a: Sylveon|300/300 brn|[from] item: Leftovers\n|-damage|p2a: Sylveon|282/300 brn|[from] brn\n|upkeep\n|turn|7\n|\n|t:|1781387508\n|move|p2a: Sylveon|Calm Mind|p2a: Sylveon\n|-boost|p2a: Sylveon|spa|1\n|-boost|p2a: Sylveon|spd|1\n|move|p1a: Meloetta|Hyper Voice|p2a: Sylveon\n|-damage|p2a: Sylveon|230/300 brn\n|\n|-heal|p2a: Sylveon|300/300 brn|[from] move: Wish|[wisher] Sylveon\n|-damage|p2a: Sylveon|282/300 brn|[from] brn\n|upkeep\n|turn|8\n|\n|t:|1781387519\n|move|p2a: Sylveon|Calm Mind|p2a: Sylveon\n|-boost|p2a: Sylveon|spa|1\n|-boost|p2a: Sylveon|spd|1\n|move|p1a: Meloetta|Calm Mind|p1a: Meloetta\n|-boost|p1a: Meloetta|spa|1\n|-boost|p1a: Meloetta|spd|1\n|\n|-heal|p2a: Sylveon|300/300 brn|[from] item: Leftovers\n|-damage|p2a: Sylveon|282/300 brn|[from] brn\n|upkeep\n|turn|9\n|\n|t:|1781387525\n|move|p2a: Sylveon|Hyper Voice|p1a: Meloetta\n|-damage|p1a: Meloetta|168/298\n|move|p1a: Meloetta|Calm Mind|p1a: Meloetta\n|-boost|p1a: Meloetta|spa|1\n|-boost|p1a: Meloetta|spd|1\n|\n|-heal|p2a: Sylveon|300/300 brn|[from] item: Leftovers\n|-heal|p1a: Meloetta|186/298|[from] item: Leftovers\n|-damage|p2a: Sylveon|282/300 brn|[from] brn\n|upkeep\n|turn|10\n|\n|t:|1781387535\n|move|p2a: Sylveon|Calm Mind|p2a: Sylveon\n|-boost|p2a: Sylveon|spa|1\n|-boost|p2a: Sylveon|spd|1\n|move|p1a: Meloetta|Calm Mind|p1a: Meloetta\n|-boost|p1a: Meloetta|spa|1\n|-boost|p1a: Meloetta|spd|1\n|\n|-heal|p2a: Sylveon|300/300 brn|[from] item: Leftovers\n|-heal|p1a: Meloetta|204/298|[from] item: Leftovers\n|-damage|p2a: Sylveon|282/300 brn|[from] brn\n|upkeep\n|turn|11\n|\n|t:|1781387543\n|move|p2a: Sylveon|Hyper Voice|p1a: Meloetta\n|-damage|p1a: Meloetta|98/298\n|move|p1a: Meloetta|Psyshock|p2a: Sylveon\n|-damage|p2a: Sylveon|0 fnt\n|faint|p2a: Sylveon\n|\n|-heal|p1a: Meloetta|116/298|[from] item: Leftovers\n|upkeep\n|\n|t:|1781387556\n|switch|p2a: Chimecho|Chimecho, L93, M|290/290\n|turn|12\n|\n|t:|1781387565\n|move|p2a: Chimecho|Thunder Wave|p1a: Meloetta\n|-status|p1a: Meloetta|par\n|move|p1a: Meloetta|Hyper Voice|p2a: Chimecho\n|-damage|p2a: Chimecho|32/290\n|\n|-heal|p2a: Chimecho|50/290|[from] item: Leftovers\n|-heal|p1a: Meloetta|134/298 par|[from] item: Leftovers\n|upkeep\n|turn|13\n|\n|t:|1781387571\n|move|p2a: Chimecho|Psychic Noise|p1a: Meloetta\n|-resisted|p1a: Meloetta\n|-damage|p1a: Meloetta|121/298 par\n|-start|p1a: Meloetta|move: Heal Block\n|move|p1a: Meloetta|Hyper Voice|p2a: Chimecho\n|-damage|p2a: Chimecho|0 fnt\n|faint|p2a: Chimecho\n|\n|upkeep\n|\n|t:|1781387583\n|switch|p2a: Flapple|Flapple, L88, M|266/266\n|turn|14\n|\n|t:|1781387595\n|-terastallize|p2a: Flapple|Steel\n|move|p2a: Flapple|Outrage|p1a: Meloetta\n|-damage|p1a: Meloetta|0 fnt\n|faint|p1a: Meloetta\n|\n|upkeep\n|\n|t:|1781387612\n|switch|p1a: Kleavor|Kleavor, L78, M|237/237\n|turn|15\n|\n|t:|1781387618\n|move|p1a: Kleavor|Close Combat|p2a: Flapple\n|-supereffective|p2a: Flapple\n|-damage|p2a: Flapple|66/266\n|-unboost|p1a: Kleavor|def|1\n|-unboost|p1a: Kleavor|spd|1\n|move|p2a: Flapple|Outrage|p1a: Kleavor|[from] lockedmove\n|-damage|p1a: Kleavor|0 fnt\n|faint|p1a: Kleavor\n|-start|p2a: Flapple|confusion|[fatigue]\n|\n|upkeep\n|inactive|whimbooo has 120 seconds left.\n|\n|t:|1781387639\n|switch|p1a: Blastoise|Blastoise, L80, F|258/258\n|-activate|p1a: Blastoise|move: Sticky Web\n|-unboost|p1a: Blastoise|spe|1\n|-enditem|p1a: Blastoise|White Herb\n|-clearnegativeboost|p1a: Blastoise|[silent]\n|turn|16\n|\n|t:|1781387645\n|-activate|p2a: Flapple|confusion\n|move|p2a: Flapple|Outrage|p1a: Blastoise\n|-damage|p1a: Blastoise|0 fnt\n|faint|p1a: Blastoise\n|\n|upkeep\n|\n|t:|1781387651\n|switch|p1a: Giratina|Giratina-Origin, L72|335/335\n|turn|17\n|\n|t:|1781387658\n|-terastallize|p1a: Giratina|Fairy\n|-activate|p2a: Flapple|confusion\n|move|p2a: Flapple|Outrage|p1a: Giratina|[from] lockedmove\n|-immune|p1a: Giratina\n|move|p1a: Giratina|Poltergeist|p2a: Flapple\n|-activate|p2a: Flapple|move: Poltergeist|Choice Band\n|-damage|p2a: Flapple|0 fnt\n|faint|p2a: Flapple\n|\n|upkeep\n|\n|t:|1781387672\n|switch|p2a: Araquanid|Araquanid, L82, F|246/246\n|turn|18\n|\n|t:|1781387682\n|move|p1a: Giratina|Will-O-Wisp|p2a: Araquanid\n|-immune|p2a: Araquanid|[from] ability: Water Bubble\n|move|p2a: Araquanid|Liquidation|p1a: Giratina\n|-damage|p1a: Giratina|190/335\n|\n|upkeep\n|turn|19\n|\n|t:|1781387689\n|move|p1a: Giratina|Defog|p2a: Araquanid\n|-unboost|p2a: Araquanid|evasion|1\n|-sideend|p1: whimbooo|Sticky Web|[from] move: Defog|[of] p1a: Giratina\n|move|p2a: Araquanid|Leech Life|p1a: Giratina\n|-resisted|p1a: Giratina\n|-damage|p1a: Giratina|157/335\n|\n|upkeep\n|turn|20\n|\n|t:|1781387698\n|move|p1a: Giratina|Draco Meteor|p2a: Araquanid\n|-crit|p2a: Araquanid\n|-damage|p2a: Araquanid|90/246\n|-unboost|p1a: Giratina|spa|2\n|move|p2a: Araquanid|Liquidation|p1a: Giratina\n|-damage|p1a: Giratina|18/335\n|\n|upkeep\n|turn|21\n|\n|t:|1781387705\n|move|p1a: Giratina|Poltergeist|p2a: Araquanid\n|-activate|p2a: Araquanid|move: Poltergeist|Heavy-Duty Boots\n|-damage|p2a: Araquanid|0 fnt\n|faint|p2a: Araquanid\n|\n|upkeep\n|\n|t:|1781387711\n|switch|p2a: Mismagius|Mismagius, L86, M|243/243\n|turn|22\n|\n|t:|1781387715\n|move|p2a: Mismagius|Mystical Fire|p1a: Giratina\n|-damage|p1a: Giratina|0 fnt\n|faint|p1a: Giratina\n|\n|upkeep\n|\n|t:|1781387717\n|switch|p1a: Cryogonal|Cryogonal, L89|287/287\n|turn|23\n|\n|t:|1781387721\n|move|p1a: Cryogonal|Ice Beam|p2a: Mismagius\n|-damage|p2a: Mismagius|146/243\n|-status|p2a: Mismagius|frz\n|-curestatus|p2a: Mismagius|frz|[msg]\n|move|p2a: Mismagius|Mystical Fire|p1a: Cryogonal\n|-supereffective|p1a: Cryogonal\n|-damage|p1a: Cryogonal|157/287\n|-unboost|p1a: Cryogonal|spa|1\n|\n|upkeep\n|turn|24\n|\n|t:|1781387730\n|move|p1a: Cryogonal|Ice Beam|p2a: Mismagius\n|-damage|p2a: Mismagius|89/243\n|move|p2a: Mismagius|Mystical Fire|p1a: Cryogonal\n|-supereffective|p1a: Cryogonal\n|-damage|p1a: Cryogonal|35/287\n|-unboost|p1a: Cryogonal|spa|1\n|\n|upkeep\n|turn|25\n|\n|t:|1781387748\n|move|p1a: Cryogonal|Ice Beam|p2a: Mismagius\n|-damage|p2a: Mismagius|44/243\n|move|p2a: Mismagius|Mystical Fire|p1a: Cryogonal\n|-supereffective|p1a: Cryogonal\n|-damage|p1a: Cryogonal|0 fnt\n|faint|p1a: Cryogonal\n|\n|win|Aperrentis\n|raw|whimbooo's rating: 1480 &rarr; <strong>1461</strong><br />(-19 for losing)\n|raw|Aperrentis's rating: 1503 &rarr; <strong>1522</strong><br />(+19 for winning)\n|l|\u2606whimbooo\n|player|p1|\n", "uploadtime": 1781387758, "views": 4, "formatid": "gen9randombattle", "rating": 1461, "private": 0, "password": null}