{"id": "gen9randombattle-2631685187", "format": "[Gen 9] Random Battle", "players": ["Shaiminlea", "itsbaloney"], "log": "|j|\u2606Shaiminlea\n|j|\u2606itsbaloney\n|t:|1781421436\n|gametype|singles\n|player|p1|Shaiminlea|blackbelt-gen4dp|1909\n|player|p2|itsbaloney|giovanni|2017\n|gen|9\n|tier|[Gen 9] Random Battle\n|rated|\n|rule|Species Clause: Limit one of each Pok\u00e9mon\n|rule|HP Percentage Mod: HP is shown in percentages\n|rule|Sleep Clause Mod: Limit one foe put to sleep\n|rule|Illusion Level Mod: Illusion disguises the Pok\u00e9mon's true level\n|\n|t:|1781421436\n|teamsize|p1|6\n|teamsize|p2|6\n|start\n|switch|p1a: Toedscruel|Toedscruel, L87, F|281/281\n|switch|p2a: Vaporeon|Vaporeon, L86, F|364/364\n|turn|1\n|inactive|Battle timer is ON: inactive players will automatically lose when time's up. (requested by Shaiminlea)\n|\n|t:|1781421453\n|switch|p2a: Lugia|Lugia, L73|275/275\n|move|p1a: Toedscruel|Knock Off|p2a: Lugia\n|-supereffective|p2a: Lugia\n|-crit|p2a: Lugia\n|-damage|p2a: Lugia|206/275\n|-enditem|p2a: Lugia|Heavy-Duty Boots|[from] move: Knock Off|[of] p1a: Toedscruel\n|\n|upkeep\n|turn|2\n|\n|t:|1781421481\n|switch|p1a: Lanturn|Lanturn, L89, M|367/367\n|move|p2a: Lugia|Recover|p2a: Lugia\n|-heal|p2a: Lugia|275/275\n|\n|upkeep\n|turn|3\n|\n|t:|1781421487\n|switch|p2a: Pachirisu|Pachirisu, L96, F|271/271\n|move|p1a: Lanturn|Thunder Wave|p2a: Pachirisu\n|-immune|p2a: Pachirisu|[from] ability: Volt Absorb\n|\n|upkeep\n|turn|4\n|\n|t:|1781421500\n|switch|p1a: Toedscruel|Toedscruel, L87, F|281/281\n|move|p2a: Pachirisu|U-turn|p1a: Toedscruel\n|-supereffective|p1a: Toedscruel\n|-damage|p1a: Toedscruel|183/281\n|\n|t:|1781421509\n|switch|p2a: Lugia|Lugia, L73|275/275|[from] U-turn\n|\n|upkeep\n|turn|5\n|\n|t:|1781421517\n|move|p1a: Toedscruel|Knock Off|p2a: Lugia\n|-supereffective|p2a: Lugia\n|-damage|p2a: Lugia|243/275\n|move|p2a: Lugia|Aeroblast|p1a: Toedscruel\n|-supereffective|p1a: Toedscruel\n|-damage|p1a: Toedscruel|99/281\n|\n|upkeep\n|turn|6\n|\n|t:|1781421541\n|switch|p1a: Oricorio|Oricorio-Sensu, L85, M|266/266\n|move|p2a: Lugia|Recover|p2a: Lugia\n|-heal|p2a: Lugia|275/275\n|\n|upkeep\n|turn|7\n|\n|t:|1781421546\n|switch|p2a: Pachirisu|Pachirisu, L96, F|271/271\n|move|p1a: Oricorio|Quiver Dance|p1a: Oricorio\n|-boost|p1a: Oricorio|spa|1\n|-boost|p1a: Oricorio|spd|1\n|-boost|p1a: Oricorio|spe|1\n|\n|upkeep\n|turn|8\n|\n|t:|1781421550\n|move|p1a: Oricorio|Revelation Dance|p2a: Pachirisu\n|-damage|p2a: Pachirisu|148/271\n|move|p2a: Pachirisu|Encore|p1a: Oricorio\n|-start|p1a: Oricorio|Encore\n|\n|upkeep\n|turn|9\n|\n|t:|1781421556\n|switch|p2a: Terapagos|Terapagos, L77, F|265/265\n|-activate|p2a: Terapagos|ability: Tera Shift\n|detailschange|p2a: Terapagos|Terapagos-Terastal, L77, F\n|-heal|p2a: Terapagos|273/273|[silent]\n|move|p1a: Oricorio|Revelation Dance|p2a: Terapagos\n|-immune|p2a: Terapagos\n|\n|upkeep\n|turn|10\n|\n|t:|1781421563\n|-terastallize|p1a: Oricorio|Fighting\n|move|p1a: Oricorio|Revelation Dance|p2a: Terapagos\n|-activate|p2a: Terapagos|ability: Tera Shell\n|-resisted|p2a: Terapagos\n|-damage|p2a: Terapagos|202/273\n|move|p2a: Terapagos|Calm Mind|p2a: Terapagos\n|-boost|p2a: Terapagos|spa|1\n|-boost|p2a: Terapagos|spd|1\n|\n|upkeep\n|turn|11\n|\n|t:|1781421574\n|-terastallize|p2a: Terapagos|Stellar\n|detailschange|p2a: Terapagos|Terapagos-Stellar, L77, F, tera:Stellar\n|-heal|p2a: Terapagos|302/373|[silent]\n|move|p1a: Oricorio|Revelation Dance|p2a: Terapagos\n|-supereffective|p2a: Terapagos\n|-damage|p2a: Terapagos|132/373\n|move|p2a: Terapagos|Tera Starstorm|p1a: Oricorio\n|-supereffective|p1a: Oricorio\n|-damage|p1a: Oricorio|0 fnt\n|faint|p1a: Oricorio\n|\n|upkeep\n|\n|t:|1781421588\n|switch|p1a: Incineroar|Incineroar, L82, M|290/290\n|-ability|p1a: Incineroar|Intimidate|boost\n|-unboost|p2a: Terapagos|atk|1\n|turn|12\n|\n|t:|1781421594\n|move|p2a: Terapagos|Rest|p2a: Terapagos\n|-status|p2a: Terapagos|slp|[from] move: Rest\n|-heal|p2a: Terapagos|373/373 slp|[silent]\n|-enditem|p2a: Terapagos|Chesto Berry|[eat]\n|-curestatus|p2a: Terapagos|slp|[msg]\n|move|p1a: Incineroar|Close Combat|p2a: Terapagos\n|-supereffective|p2a: Terapagos\n|-damage|p2a: Terapagos|203/373\n|-unboost|p1a: Incineroar|def|1\n|-unboost|p1a: Incineroar|spd|1\n|\n|upkeep\n|turn|13\n|\n|t:|1781421598\n|move|p2a: Terapagos|Tera Starstorm|p1a: Incineroar\n|-damage|p1a: Incineroar|48/290\n|move|p1a: Incineroar|Close Combat|p2a: Terapagos\n|-supereffective|p2a: Terapagos\n|-damage|p2a: Terapagos|49/373\n|-unboost|p1a: Incineroar|def|1\n|-unboost|p1a: Incineroar|spd|1\n|\n|upkeep\n|turn|14\n|\n|t:|1781421601\n|move|p2a: Terapagos|Tera Starstorm|p1a: Incineroar\n|-damage|p1a: Incineroar|0 fnt\n|faint|p1a: Incineroar\n|\n|upkeep\n|\n|t:|1781421610\n|switch|p1a: Kyurem|Kyurem-Black, L71|295/295\n|-ability|p1a: Kyurem|Teravolt\n|turn|15\n|\n|t:|1781421617\n|move|p1a: Kyurem|Dragon Dance|p1a: Kyurem\n|-boost|p1a: Kyurem|atk|1\n|-boost|p1a: Kyurem|spe|1\n|move|p2a: Terapagos|Tera Starstorm|p1a: Kyurem\n|-damage|p1a: Kyurem|101/295\n|\n|upkeep\n|turn|16\n|\n|t:|1781421626\n|move|p1a: Kyurem|Icicle Spear|p2a: Terapagos\n|-damage|p2a: Terapagos|4/373\n|-damage|p2a: Terapagos|0 fnt\n|faint|p2a: Terapagos\n|detailschange|p2: Terapagos|Terapagos, L77, F|[silent]\n|-hitcount|p2: Terapagos|2\n|\n|upkeep\n|\n|t:|1781421648\n|switch|p2a: Barraskewda|Barraskewda, L81, M|231/231\n|turn|17\n|\n|t:|1781421654\n|move|p2a: Barraskewda|Close Combat|p1a: Kyurem\n|-supereffective|p1a: Kyurem\n|-damage|p1a: Kyurem|0 fnt\n|-unboost|p2a: Barraskewda|def|1\n|-unboost|p2a: Barraskewda|spd|1\n|faint|p1a: Kyurem\n|\n|upkeep\n|\n|t:|1781421660\n|switch|p1a: Cobalion|Cobalion, L80|277/277\n|turn|18\n|\n|t:|1781421664\n|move|p2a: Barraskewda|Close Combat|p1a: Cobalion\n|-supereffective|p1a: Cobalion\n|-damage|p1a: Cobalion|61/277\n|-unboost|p2a: Barraskewda|def|1\n|-unboost|p2a: Barraskewda|spd|1\n|move|p1a: Cobalion|Aura Sphere|p2a: Barraskewda\n|-damage|p2a: Barraskewda|0 fnt\n|faint|p2a: Barraskewda\n|\n|-heal|p1a: Cobalion|78/277|[from] item: Leftovers\n|upkeep\n|\n|t:|1781421670\n|switch|p2a: Pachirisu|Pachirisu, L96, F|148/271\n|turn|19\n|\n|t:|1781421684\n|move|p2a: Pachirisu|Discharge|p1a: Cobalion\n|-crit|p1a: Cobalion\n|-damage|p1a: Cobalion|0 fnt\n|faint|p1a: Cobalion\n|\n|upkeep\n|\n|t:|1781421687\n|switch|p1a: Toedscruel|Toedscruel, L87, F|99/281\n|turn|20\n|\n|t:|1781421693\n|move|p2a: Pachirisu|U-turn|p1a: Toedscruel\n|-supereffective|p1a: Toedscruel\n|-damage|p1a: Toedscruel|7/281\n|\n|t:|1781421695\n|switch|p2a: Lugia|Lugia, L73|275/275|[from] U-turn\n|move|p1a: Toedscruel|Giga Drain|p2a: Lugia\n|-resisted|p2a: Lugia\n|-damage|p2a: Lugia|263/275\n|-heal|p1a: Toedscruel|13/281|[from] drain|[of] p2a: Lugia\n|\n|upkeep\n|turn|21\n|\n|t:|1781421701\n|move|p1a: Toedscruel|Knock Off|p2a: Lugia\n|-supereffective|p2a: Lugia\n|-damage|p2a: Lugia|197/275\n|move|p2a: Lugia|Psychic Noise|p1a: Toedscruel\n|-damage|p1a: Toedscruel|0 fnt\n|faint|p1a: Toedscruel\n|\n|upkeep\n|\n|t:|1781421702\n|switch|p1a: Lanturn|Lanturn, L89, M|367/367\n|turn|22\n|\n|t:|1781421706\n|switch|p2a: Pachirisu|Pachirisu, L96, F|148/271\n|move|p1a: Lanturn|Scald|p2a: Pachirisu\n|-damage|p2a: Pachirisu|84/271\n|-status|p2a: Pachirisu|brn\n|\n|-damage|p2a: Pachirisu|68/271 brn|[from] brn\n|upkeep\n|turn|23\n|\n|t:|1781421716\n|move|p2a: Pachirisu|U-turn|p1a: Lanturn\n|-damage|p1a: Lanturn|344/367\n|\n|t:|1781421717\n|switch|p2a: Vaporeon|Vaporeon, L86, F|364/364|[from] U-turn\n|move|p1a: Lanturn|Scald|p2a: Vaporeon\n|-immune|p2a: Vaporeon|[from] ability: Water Absorb\n|\n|upkeep\n|turn|24\n|\n|t:|1781421722\n|switch|p2a: Pachirisu|Pachirisu, L96, F|68/271 brn\n|move|p1a: Lanturn|Thunderbolt|p2a: Pachirisu\n|-heal|p2a: Pachirisu|135/271 brn|[from] ability: Volt Absorb|[of] p1a: Lanturn\n|\n|-damage|p2a: Pachirisu|119/271 brn|[from] brn\n|upkeep\n|turn|25\n|\n|t:|1781421725\n|move|p2a: Pachirisu|Encore|p1a: Lanturn\n|-start|p1a: Lanturn|Encore\n|move|p1a: Lanturn|Thunderbolt|p2a: Pachirisu\n|-heal|p2a: Pachirisu|186/271 brn|[from] ability: Volt Absorb|[of] p1a: Lanturn\n|\n|-damage|p2a: Pachirisu|170/271 brn|[from] brn\n|upkeep\n|turn|26\n|-message|Shaiminlea forfeited.\n|\n|win|itsbaloney\n|raw|Shaiminlea's rating: 1887 &rarr; <strong>1874</strong><br />(-13 for losing)\n|raw|itsbaloney's rating: 2017 &rarr; <strong>2030</strong><br />(+13 for winning)\n", "uploadtime": 1781421730, "views": 4, "formatid": "gen9randombattle", "rating": 1874, "private": 0, "password": null}