{"id": "gen9randombattle-2631877371", "format": "[Gen 9] Random Battle", "players": ["Xan4ss", "nqm"], "log": "|j|\u2606Xan4ss\n|j|\u2606nqm\n|t:|1781451074\n|gametype|singles\n|player|p1|Xan4ss|1|1953\n|player|p2|nqm|170|2016\n|gen|9\n|tier|[Gen 9] Random Battle\n|rated|\n|rule|Species Clause: Limit one of each Pok\u00e9mon\n|rule|HP Percentage Mod: HP is shown in percentages\n|rule|Sleep Clause Mod: Limit one foe put to sleep\n|rule|Illusion Level Mod: Illusion disguises the Pok\u00e9mon's true level\n|\n|t:|1781451074\n|teamsize|p1|6\n|teamsize|p2|6\n|start\n|switch|p1a: Wigglytuff|Wigglytuff, L96, M|424/424\n|switch|p2a: Inteleon|Inteleon, L81, M|246/246\n|turn|1\n|inactive|Battle timer is ON: inactive players will automatically lose when time's up. (requested by Xan4ss)\n|inactive|nqm has 120 seconds left.\n|\n|t:|1781451139\n|move|p2a: Inteleon|U-turn|p1a: Wigglytuff\n|-resisted|p1a: Wigglytuff\n|-damage|p1a: Wigglytuff|394/424\n|\n|t:|1781451141\n|switch|p2a: Gliscor|Gliscor, L76, M|239/239|[from] U-turn\n|move|p1a: Wigglytuff|Wish|p1a: Wigglytuff\n|\n|-heal|p1a: Wigglytuff|420/424|[from] item: Leftovers\n|-status|p2a: Gliscor|tox|[from] item: Toxic Orb\n|upkeep\n|turn|2\n|\n|t:|1781451148\n|switch|p1a: Dragalge|Dragalge, L88, F|258/258\n|move|p2a: Gliscor|Toxic Spikes|p1a: Dragalge\n|-sidestart|p1: Xan4ss|move: Toxic Spikes\n|\n|upkeep\n|turn|3\n|\n|t:|1781451150\n|move|p2a: Gliscor|Earthquake|p1a: Dragalge\n|-supereffective|p1a: Dragalge\n|-damage|p1a: Dragalge|96/258\n|move|p1a: Dragalge|Toxic Spikes|p2a: Gliscor\n|-sidestart|p2: nqm|move: Toxic Spikes\n|\n|-heal|p1a: Dragalge|112/258|[from] item: Leftovers\n|upkeep\n|turn|4\n|\n|t:|1781451156\n|switch|p1a: Scizor|Scizor, L79, M|240/240\n|move|p2a: Gliscor|Earthquake|p1a: Scizor\n|-damage|p1a: Scizor|161/240\n|\n|-heal|p1a: Scizor|176/240|[from] item: Leftovers\n|upkeep\n|turn|5\n|\n|t:|1781451169\n|move|p2a: Gliscor|Knock Off|p1a: Scizor\n|-damage|p1a: Scizor|125/240\n|-enditem|p1a: Scizor|Leftovers|[from] move: Knock Off|[of] p2a: Gliscor\n|move|p1a: Scizor|Defog|p2a: Gliscor\n|-unboost|p2a: Gliscor|evasion|1\n|-sideend|p2: nqm|Toxic Spikes|[from] move: Defog|[of] p1a: Scizor\n|-sideend|p1: Xan4ss|Toxic Spikes|[from] move: Defog|[of] p1a: Scizor\n|\n|upkeep\n|turn|6\n|\n|t:|1781451185\n|switch|p1a: Mudsdale|Mudsdale, L83, F|302/302\n|move|p2a: Gliscor|Earthquake|p1a: Mudsdale\n|-damage|p1a: Mudsdale|223/302\n|-ability|p1a: Mudsdale|Stamina|boost\n|-boost|p1a: Mudsdale|def|1\n|\n|-heal|p1a: Mudsdale|241/302|[from] item: Leftovers\n|upkeep\n|turn|7\n|\n|t:|1781451195\n|move|p2a: Gliscor|Toxic Spikes|p1a: Mudsdale\n|-sidestart|p1: Xan4ss|move: Toxic Spikes\n|move|p1a: Mudsdale|Stealth Rock|p2a: Gliscor\n|-sidestart|p2: nqm|move: Stealth Rock\n|\n|-heal|p1a: Mudsdale|259/302|[from] item: Leftovers\n|upkeep\n|turn|8\n|\n|t:|1781451201\n|move|p2a: Gliscor|Knock Off|p1a: Mudsdale\n|-damage|p1a: Mudsdale|225/302\n|-ability|p1a: Mudsdale|Stamina|boost\n|-boost|p1a: Mudsdale|def|1\n|-enditem|p1a: Mudsdale|Leftovers|[from] move: Knock Off|[of] p2a: Gliscor\n|move|p1a: Mudsdale|Heavy Slam|p2a: Gliscor\n|-damage|p2a: Gliscor|157/239 tox\n|\n|-heal|p2a: Gliscor|186/239 tox|[from] ability: Poison Heal\n|upkeep\n|turn|9\n|inactive|nqm has 120 seconds left.\n|inactive|nqm has 90 seconds left.\n|inactive|nqm has 60 seconds left.\n|inactive|nqm has 30 seconds left.\n|inactive|nqm has 20 seconds left.\n|inactive|nqm has 15 seconds left.\n|inactive|nqm has 10 seconds left.\n|inactive|nqm has 5 seconds left.\n|-message|nqm lost due to inactivity.\n|\n|win|Xan4ss\n", "uploadtime": 1781451076, "views": 3, "formatid": "gen9randombattle", "rating": null, "private": 0, "password": null}