{"id": "gen9randombattle-2631602983", "format": "[Gen 9] Random Battle", "players": ["Tutudile", "aarvark2pt0"], "log": "|j|\u2606Tutudile\n|j|\u2606aarvark2pt0\n|t:|1781407347\n|gametype|singles\n|player|p1|Tutudile|red|2184\n|player|p2|aarvark2pt0|fisherman-gen4|2168\n|gen|9\n|tier|[Gen 9] Random Battle\n|rated|\n|rule|Species Clause: Limit one of each Pok\u00e9mon\n|rule|HP Percentage Mod: HP is shown in percentages\n|rule|Sleep Clause Mod: Limit one foe put to sleep\n|rule|Illusion Level Mod: Illusion disguises the Pok\u00e9mon's true level\n|\n|t:|1781407347\n|teamsize|p1|6\n|teamsize|p2|6\n|start\n|switch|p1a: Girafarig|Girafarig, L89, M|269/269\n|switch|p2a: Cinccino|Cinccino, L83, M|260/260\n|turn|1\n|inactive|Battle timer is ON: inactive players will automatically lose when time's up. (requested by Tutudile)\n|\n|t:|1781407374\n|switch|p1a: Tinkaton|Tinkaton, L82, F|274/274\n|-ability|p1a: Tinkaton|Mold Breaker\n|move|p2a: Cinccino|Tail Slap|p1a: Tinkaton|[miss]\n|-miss|p2a: Cinccino|p1a: Tinkaton\n|\n|upkeep\n|turn|2\n|\n|t:|1781407383\n|switch|p2a: Swanna|Swanna, L89, F|278/278\n|move|p1a: Tinkaton|Swords Dance|p1a: Tinkaton\n|-boost|p1a: Tinkaton|atk|2\n|\n|upkeep\n|turn|3\n|\n|t:|1781407390\n|move|p2a: Swanna|Hydro Pump|p1a: Tinkaton\n|-damage|p1a: Tinkaton|175/274\n|move|p1a: Tinkaton|Play Rough|p2a: Swanna\n|-damage|p2a: Swanna|101/278\n|\n|-heal|p1a: Tinkaton|192/274|[from] item: Leftovers\n|upkeep\n|turn|4\n|\n|t:|1781407402\n|move|p1a: Tinkaton|Protect|p1a: Tinkaton\n|-singleturn|p1a: Tinkaton|Protect\n|move|p2a: Swanna|Hydro Pump|p1a: Tinkaton\n|-activate|p1a: Tinkaton|move: Protect\n|\n|-heal|p1a: Tinkaton|209/274|[from] item: Leftovers\n|upkeep\n|turn|5\n|\n|t:|1781407411\n|move|p2a: Swanna|Roost|p2a: Swanna\n|-heal|p2a: Swanna|240/278\n|-singleturn|p2a: Swanna|move: Roost\n|move|p1a: Tinkaton|Play Rough|p2a: Swanna\n|-damage|p2a: Swanna|53/278\n|\n|-heal|p1a: Tinkaton|226/274|[from] item: Leftovers\n|upkeep\n|turn|6\n|\n|t:|1781407421\n|move|p2a: Swanna|Hydro Pump|p1a: Tinkaton\n|-damage|p1a: Tinkaton|123/274\n|move|p1a: Tinkaton|Play Rough|p2a: Swanna|[miss]\n|-miss|p1a: Tinkaton|p2a: Swanna\n|\n|-heal|p1a: Tinkaton|140/274|[from] item: Leftovers\n|upkeep\n|turn|7\n|\n|t:|1781407430\n|move|p2a: Swanna|Roost|p2a: Swanna\n|-heal|p2a: Swanna|192/278\n|-singleturn|p2a: Swanna|move: Roost\n|move|p1a: Tinkaton|Play Rough|p2a: Swanna\n|-damage|p2a: Swanna|21/278\n|\n|-heal|p1a: Tinkaton|157/274|[from] item: Leftovers\n|upkeep\n|turn|8\n|\n|t:|1781407439\n|move|p2a: Swanna|Hydro Pump|p1a: Tinkaton\n|-damage|p1a: Tinkaton|46/274\n|move|p1a: Tinkaton|Play Rough|p2a: Swanna|[miss]\n|-miss|p1a: Tinkaton|p2a: Swanna\n|\n|-heal|p1a: Tinkaton|63/274|[from] item: Leftovers\n|upkeep\n|turn|9\n|\n|t:|1781407449\n|move|p2a: Swanna|Hydro Pump|p1a: Tinkaton\n|-damage|p1a: Tinkaton|0 fnt\n|faint|p1a: Tinkaton\n|\n|upkeep\n|\n|t:|1781407462\n|switch|p1a: Hawlucha|Hawlucha, L80, F|256/256\n|turn|10\n|\n|t:|1781407480\n|switch|p2a: Cinccino|Cinccino, L83, M|260/260\n|move|p1a: Hawlucha|Brave Bird|p2a: Cinccino\n|-damage|p2a: Cinccino|103/260\n|-damage|p1a: Hawlucha|204/256|[from] Recoil\n|\n|upkeep\n|turn|11\n|\n|t:|1781407489\n|move|p2a: Cinccino|Triple Axel|p1a: Hawlucha\n|-supereffective|p1a: Hawlucha\n|-damage|p1a: Hawlucha|154/256\n|-supereffective|p1a: Hawlucha\n|-damage|p1a: Hawlucha|52/256\n|-supereffective|p1a: Hawlucha\n|-damage|p1a: Hawlucha|0 fnt\n|faint|p1a: Hawlucha\n|-hitcount|p1: Hawlucha|3\n|\n|upkeep\n|\n|t:|1781407501\n|switch|p1a: Salazzle|Salazzle, L83, F|249/249\n|turn|12\n|\n|t:|1781407510\n|switch|p2a: Furret|Furret, L94, M|312/312\n|-item|p1a: Salazzle|Leftovers|[from] ability: Frisk|[of] p2a: Furret\n|move|p1a: Salazzle|Flamethrower|p2a: Furret\n|-damage|p2a: Furret|176/312\n|\n|upkeep\n|turn|13\n|\n|t:|1781407518\n|move|p1a: Salazzle|Protect|p1a: Salazzle\n|-singleturn|p1a: Salazzle|Protect\n|move|p2a: Furret|Tidy Up|p2a: Furret\n|-boost|p2a: Furret|atk|1\n|-boost|p2a: Furret|spe|1\n|\n|upkeep\n|turn|14\n|\n|t:|1781407535\n|switch|p1a: Girafarig|Girafarig, L89, M|269/269\n|move|p2a: Furret|Double-Edge|p1a: Girafarig\n|-damage|p1a: Girafarig|84/269\n|-damage|p2a: Furret|115/312|[from] Recoil\n|-damage|p2a: Furret|84/312|[from] item: Life Orb\n|\n|upkeep\n|turn|15\n|\n|t:|1781407544\n|move|p2a: Furret|Knock Off|p1a: Girafarig\n|-supereffective|p1a: Girafarig\n|-damage|p1a: Girafarig|0 fnt\n|-enditem|p1a: Girafarig|Eviolite|[from] move: Knock Off|[of] p2a: Furret\n|faint|p1a: Girafarig\n|-damage|p2a: Furret|53/312|[from] item: Life Orb\n|\n|upkeep\n|\n|t:|1781407552\n|switch|p1a: Ludicolo|Ludicolo, L90, F|290/290\n|turn|16\n|j| BislikeDlacks\n|\n|t:|1781407569\n|move|p2a: Furret|Double-Edge|p1a: Ludicolo\n|-damage|p1a: Ludicolo|5/290\n|-damage|p2a: Furret|0 fnt|[from] Recoil\n|faint|p2a: Furret\n|move|p1a: Ludicolo|Rain Dance|p1a: Ludicolo\n|-weather|RainDance\n|\n|-weather|RainDance|[upkeep]\n|upkeep\n|\n|t:|1781407574\n|switch|p2a: Swanna|Swanna, L89, F|21/278\n|turn|17\n|\n|t:|1781407579\n|move|p1a: Ludicolo|Giga Drain|p2a: Swanna\n|-damage|p2a: Swanna|0 fnt\n|-heal|p1a: Ludicolo|16/290|[from] drain|[of] p2a: Swanna\n|faint|p2a: Swanna\n|-damage|p1a: Ludicolo|0 fnt|[from] item: Life Orb\n|faint|p1a: Ludicolo\n|\n|-weather|RainDance|[upkeep]\n|upkeep\n|l| BislikeDlacks\n|\n|t:|1781407602\n|switch|p2a: Cinccino|Cinccino, L83, M|103/260\n|switch|p1a: Feraligatr|Feraligatr, L79, F|264/264\n|turn|18\n|\n|t:|1781407607\n|move|p2a: Cinccino|Bullet Seed|p1a: Feraligatr\n|-supereffective|p1a: Feraligatr\n|-damage|p1a: Feraligatr|212/264\n|-supereffective|p1a: Feraligatr\n|-damage|p1a: Feraligatr|164/264\n|-supereffective|p1a: Feraligatr\n|-damage|p1a: Feraligatr|116/264\n|-supereffective|p1a: Feraligatr\n|-damage|p1a: Feraligatr|66/264\n|-supereffective|p1a: Feraligatr\n|-damage|p1a: Feraligatr|16/264\n|-hitcount|p1a: Feraligatr|5\n|move|p1a: Feraligatr|Dragon Dance|p1a: Feraligatr\n|-boost|p1a: Feraligatr|atk|1\n|-boost|p1a: Feraligatr|spe|1\n|\n|-weather|RainDance|[upkeep]\n|upkeep\n|turn|19\n|\n|t:|1781407625\n|move|p1a: Feraligatr|Liquidation|p2a: Cinccino\n|-damage|p2a: Cinccino|0 fnt\n|faint|p2a: Cinccino\n|\n|-weather|RainDance|[upkeep]\n|upkeep\n|\n|t:|1781407627\n|switch|p2a: Sinistcha|Sinistcha-Masterpiece, L83|254/254\n|turn|20\n|\n|t:|1781407634\n|move|p1a: Feraligatr|Ice Punch|p2a: Sinistcha\n|-supereffective|p2a: Sinistcha\n|-damage|p2a: Sinistcha|28/254\n|move|p2a: Sinistcha|Shadow Ball|p1a: Feraligatr\n|-damage|p1a: Feraligatr|0 fnt\n|faint|p1a: Feraligatr\n|\n|-weather|none\n|-heal|p2a: Sinistcha|43/254|[from] item: Leftovers\n|upkeep\n|\n|t:|1781407644\n|switch|p1a: Salazzle|Salazzle, L83, F|249/249\n|turn|21\n|inactive|aarvark2pt0 has 120 seconds left.\n|\n|t:|1781407686\n|move|p1a: Salazzle|Flamethrower|p2a: Sinistcha\n|-supereffective|p2a: Sinistcha\n|-damage|p2a: Sinistcha|0 fnt\n|faint|p2a: Sinistcha\n|\n|upkeep\n|\n|t:|1781407691\n|switch|p2a: Umbreon|Umbreon, L84, M|297/297\n|turn|22\n|\n|t:|1781407695\n|move|p1a: Salazzle|Toxic|p2a: Umbreon\n|-status|p2a: Umbreon|tox\n|-activate|p2a: Umbreon|ability: Synchronize\n|-immune|p1a: Salazzle\n|move|p2a: Umbreon|Foul Play|p1a: Salazzle\n|-damage|p1a: Salazzle|179/249\n|\n|-heal|p1a: Salazzle|194/249|[from] item: Leftovers\n|-damage|p2a: Umbreon|279/297 tox|[from] psn\n|upkeep\n|turn|23\n|\n|t:|1781407707\n|move|p1a: Salazzle|Protect|p1a: Salazzle\n|-singleturn|p1a: Salazzle|Protect\n|move|p2a: Umbreon|Foul Play|p1a: Salazzle\n|-activate|p1a: Salazzle|move: Protect\n|\n|-heal|p1a: Salazzle|209/249|[from] item: Leftovers\n|-heal|p2a: Umbreon|297/297 tox|[from] item: Leftovers\n|-damage|p2a: Umbreon|261/297 tox|[from] psn\n|upkeep\n|turn|24\n|\n|t:|1781407718\n|move|p1a: Salazzle|Substitute|p1a: Salazzle\n|-start|p1a: Salazzle|Substitute\n|-damage|p1a: Salazzle|147/249\n|move|p2a: Umbreon|Foul Play|p1a: Salazzle\n|-end|p1a: Salazzle|Substitute\n|\n|-heal|p1a: Salazzle|162/249|[from] item: Leftovers\n|-heal|p2a: Umbreon|279/297 tox|[from] item: Leftovers\n|-damage|p2a: Umbreon|225/297 tox|[from] psn\n|upkeep\n|turn|25\n|\n|t:|1781407729\n|move|p1a: Salazzle|Protect|p1a: Salazzle\n|-singleturn|p1a: Salazzle|Protect\n|move|p2a: Umbreon|Foul Play|p1a: Salazzle\n|-activate|p1a: Salazzle|move: Protect\n|\n|-heal|p1a: Salazzle|177/249|[from] item: Leftovers\n|-heal|p2a: Umbreon|243/297 tox|[from] item: Leftovers\n|-damage|p2a: Umbreon|171/297 tox|[from] psn\n|upkeep\n|turn|26\n|\n|t:|1781407738\n|move|p1a: Salazzle|Flamethrower|p2a: Umbreon\n|-damage|p2a: Umbreon|98/297 tox\n|move|p2a: Umbreon|Foul Play|p1a: Salazzle\n|-damage|p1a: Salazzle|101/249\n|\n|-heal|p1a: Salazzle|116/249|[from] item: Leftovers\n|-heal|p2a: Umbreon|116/297 tox|[from] item: Leftovers\n|-damage|p2a: Umbreon|26/297 tox|[from] psn\n|upkeep\n|turn|27\n|\n|t:|1781407750\n|move|p1a: Salazzle|Protect|p1a: Salazzle\n|-singleturn|p1a: Salazzle|Protect\n|move|p2a: Umbreon|Foul Play|p1a: Salazzle\n|-activate|p1a: Salazzle|move: Protect\n|\n|-heal|p1a: Salazzle|131/249|[from] item: Leftovers\n|-heal|p2a: Umbreon|44/297 tox|[from] item: Leftovers\n|-damage|p2a: Umbreon|0 fnt|[from] psn\n|faint|p2a: Umbreon\n|upkeep\n|\n|t:|1781407758\n|switch|p2a: Hitmontop|Hitmontop, L88, M|231/231\n|turn|28\n|\n|t:|1781407766\n|move|p1a: Salazzle|Toxic|p2a: Hitmontop\n|-status|p2a: Hitmontop|tox\n|move|p2a: Hitmontop|Rapid Spin|p1a: Salazzle\n|-damage|p1a: Salazzle|58/249\n|-boost|p2a: Hitmontop|spe|1\n|\n|-heal|p1a: Salazzle|73/249|[from] item: Leftovers\n|-damage|p2a: Hitmontop|217/231 tox|[from] psn\n|upkeep\n|turn|29\n|\n|t:|1781407777\n|move|p1a: Salazzle|Protect|p1a: Salazzle\n|-singleturn|p1a: Salazzle|Protect\n|move|p2a: Hitmontop|Close Combat|p1a: Salazzle\n|-activate|p1a: Salazzle|move: Protect\n|\n|-heal|p2a: Hitmontop|231/231 tox|[from] item: Leftovers\n|-heal|p1a: Salazzle|88/249|[from] item: Leftovers\n|-damage|p2a: Hitmontop|203/231 tox|[from] psn\n|upkeep\n|turn|30\n|\n|t:|1781407787\n|move|p2a: Hitmontop|Rapid Spin|p1a: Salazzle\n|-damage|p1a: Salazzle|11/249\n|-boost|p2a: Hitmontop|spe|1\n|move|p1a: Salazzle|Flamethrower|p2a: Hitmontop\n|-damage|p2a: Hitmontop|119/231 tox\n|\n|-heal|p2a: Hitmontop|133/231 tox|[from] item: Leftovers\n|-heal|p1a: Salazzle|26/249|[from] item: Leftovers\n|-damage|p2a: Hitmontop|91/231 tox|[from] psn\n|upkeep\n|turn|31\n|\n|t:|1781407798\n|move|p1a: Salazzle|Protect|p1a: Salazzle\n|-singleturn|p1a: Salazzle|Protect\n|move|p2a: Hitmontop|Rapid Spin|p1a: Salazzle\n|-activate|p1a: Salazzle|move: Protect\n|\n|-heal|p2a: Hitmontop|105/231 tox|[from] item: Leftovers\n|-heal|p1a: Salazzle|41/249|[from] item: Leftovers\n|-damage|p2a: Hitmontop|49/231 tox|[from] psn\n|upkeep\n|turn|32\n|\n|t:|1781407807\n|move|p1a: Salazzle|Protect|p1a: Salazzle\n|-singleturn|p1a: Salazzle|Protect\n|move|p2a: Hitmontop|Rapid Spin|p1a: Salazzle\n|-activate|p1a: Salazzle|move: Protect\n|\n|-heal|p2a: Hitmontop|63/231 tox|[from] item: Leftovers\n|-heal|p1a: Salazzle|56/249|[from] item: Leftovers\n|-damage|p2a: Hitmontop|0 fnt|[from] psn\n|faint|p2a: Hitmontop\n|\n|win|Tutudile\n", "uploadtime": 1781407349, "views": 4, "formatid": "gen9randombattle", "rating": null, "private": 0, "password": null}