{"id": "gen9randombattle-2631656940", "format": "[Gen 9] Random Battle", "players": ["shoddy battler", "bluffmepls"], "log": "|j|\u2606shoddy battler\n|j|\u2606bluffmepls\n|t:|1781416117\n|gametype|singles\n|player|p1|shoddy battler|beauty-gen4dp|2116\n|player|p2|bluffmepls|102|2126\n|gen|9\n|tier|[Gen 9] Random Battle\n|rated|\n|rule|Species Clause: Limit one of each Pok\u00e9mon\n|rule|HP Percentage Mod: HP is shown in percentages\n|rule|Sleep Clause Mod: Limit one foe put to sleep\n|rule|Illusion Level Mod: Illusion disguises the Pok\u00e9mon's true level\n|\n|t:|1781416117\n|teamsize|p1|6\n|teamsize|p2|6\n|start\n|switch|p1a: Crawdaunt|Crawdaunt, L84, F|243/243\n|switch|p2a: Flutter Mane|Flutter Mane, L74|203/203\n|turn|1\n|inactive|Battle timer is ON: inactive players will automatically lose when time's up. (requested by bluffmepls)\n|inactive|shoddy battler has 120 seconds left.\n|\n|t:|1781416167\n|switch|p1a: Girafarig|Girafarig, L89, F|269/269\n|move|p2a: Flutter Mane|Moonblast|p1a: Girafarig\n|-damage|p1a: Girafarig|155/269\n|-unboost|p1a: Girafarig|spa|1\n|\n|upkeep\n|turn|2\n|\n|t:|1781416176\n|-end|p2a: Flutter Mane|Protosynthesis|[silent]\n|switch|p2a: Cyclizar|Cyclizar, L83, F|252/252\n|move|p1a: Girafarig|Psyshock|p2a: Cyclizar\n|-damage|p2a: Cyclizar|176/252\n|\n|upkeep\n|turn|3\n|\n|t:|1781416191\n|move|p2a: Cyclizar|Draco Meteor|p1a: Girafarig\n|-damage|p1a: Girafarig|64/269\n|-unboost|p2a: Cyclizar|spa|2\n|move|p1a: Girafarig|Nasty Plot|p1a: Girafarig\n|-boost|p1a: Girafarig|spa|2\n|\n|upkeep\n|turn|4\n|\n|t:|1781416200\n|move|p2a: Cyclizar|Shed Tail|p2a: Cyclizar\n|-start|p2a: Cyclizar|Substitute|[from] move: Shed Tail\n|-damage|p2a: Cyclizar|50/252\n|\n|t:|1781416208\n|switch|p2a: Flutter Mane|Flutter Mane, L74|203/203|[from] Shed Tail\n|move|p1a: Girafarig|Hyper Voice|p2a: Flutter Mane\n|-immune|p2a: Flutter Mane\n|\n|upkeep\n|turn|5\n|\n|t:|1781416216\n|move|p2a: Flutter Mane|Moonblast|p1a: Girafarig\n|-damage|p1a: Girafarig|0 fnt\n|faint|p1a: Girafarig\n|\n|upkeep\n|\n|t:|1781416226\n|switch|p1a: Bellibolt|Bellibolt, L84, F|320/320\n|turn|6\n|\n|t:|1781416229\n|move|p2a: Flutter Mane|Moonblast|p1a: Bellibolt\n|-damage|p1a: Bellibolt|170/320\n|-start|p1a: Bellibolt|Charge|Moonblast|[from] ability: Electromorphosis\n|move|p1a: Bellibolt|Thunderbolt|p2a: Flutter Mane\n|-end|p2a: Flutter Mane|Substitute\n|-end|p1a: Bellibolt|Charge|[silent]\n|\n|-heal|p1a: Bellibolt|190/320|[from] item: Leftovers\n|upkeep\n|turn|7\n|\n|t:|1781416240\n|-end|p2a: Flutter Mane|Protosynthesis|[silent]\n|switch|p2a: Toedscruel|Toedscruel, L87, F|281/281\n|move|p1a: Bellibolt|Volt Switch|p2a: Toedscruel\n|-immune|p2a: Toedscruel\n|\n|-heal|p1a: Bellibolt|210/320|[from] item: Leftovers\n|upkeep\n|turn|8\n|\n|t:|1781416252\n|switch|p1a: Trevenant|Trevenant, L89, F|296/296\n|move|p2a: Toedscruel|Spore|p1a: Trevenant\n|-immune|p1a: Trevenant\n|\n|upkeep\n|turn|9\n|\n|t:|1781416263\n|move|p1a: Trevenant|Toxic|p2a: Toedscruel\n|-status|p2a: Toedscruel|tox\n|move|p2a: Toedscruel|Toxic|p1a: Trevenant\n|-status|p1a: Trevenant|tox\n|\n|-damage|p2a: Toedscruel|264/281 tox|[from] psn\n|-damage|p1a: Trevenant|278/296 tox|[from] psn\n|upkeep\n|turn|10\n|\n|t:|1781416270\n|switch|p2a: Cyclizar|Cyclizar, L83, F|134/252\n|move|p1a: Trevenant|Drain Punch|p2a: Cyclizar\n|-supereffective|p2a: Cyclizar\n|-crit|p2a: Cyclizar\n|-damage|p2a: Cyclizar|0 fnt\n|-heal|p1a: Trevenant|296/296 tox|[from] drain|[of] p2a: Cyclizar\n|faint|p2a: Cyclizar\n|\n|-damage|p1a: Trevenant|260/296 tox|[from] psn\n|upkeep\n|\n|t:|1781416276\n|switch|p2a: Entei|Entei, L78|307/307\n|turn|11\n|\n|t:|1781416289\n|switch|p2a: Flutter Mane|Flutter Mane, L74|203/203\n|switch|p1a: Bellibolt|Bellibolt, L84, F|210/320\n|\n|-heal|p1a: Bellibolt|230/320|[from] item: Leftovers\n|upkeep\n|turn|12\n|\n|t:|1781416296\n|-end|p2a: Flutter Mane|Protosynthesis|[silent]\n|switch|p2a: Toedscruel|Toedscruel, L87, F|264/281 tox\n|move|p1a: Bellibolt|Muddy Water|p2a: Toedscruel\n|-damage|p2a: Toedscruel|214/281 tox\n|\n|-heal|p2a: Toedscruel|231/281 tox|[from] item: Leftovers\n|-heal|p1a: Bellibolt|250/320|[from] item: Leftovers\n|-damage|p2a: Toedscruel|214/281 tox|[from] psn\n|upkeep\n|turn|13\n|\n|t:|1781416306\n|move|p2a: Toedscruel|Earth Power|p1a: Bellibolt\n|-supereffective|p1a: Bellibolt\n|-damage|p1a: Bellibolt|82/320\n|-start|p1a: Bellibolt|Charge|Earth Power|[from] ability: Electromorphosis\n|move|p1a: Bellibolt|Muddy Water|p2a: Toedscruel\n|-damage|p2a: Toedscruel|161/281 tox\n|\n|-heal|p2a: Toedscruel|178/281 tox|[from] item: Leftovers\n|-heal|p1a: Bellibolt|102/320|[from] item: Leftovers\n|-damage|p2a: Toedscruel|144/281 tox|[from] psn\n|upkeep\n|turn|14\n|\n|t:|1781416317\n|move|p2a: Toedscruel|Earth Power|p1a: Bellibolt\n|-supereffective|p1a: Bellibolt\n|-damage|p1a: Bellibolt|0 fnt\n|faint|p1a: Bellibolt\n|\n|-heal|p2a: Toedscruel|161/281 tox|[from] item: Leftovers\n|-damage|p2a: Toedscruel|110/281 tox|[from] psn\n|upkeep\n|\n|t:|1781416321\n|switch|p1a: Trevenant|Trevenant, L89, F|260/296 tox\n|turn|15\n|\n|t:|1781416342\n|move|p2a: Toedscruel|Leaf Storm|p1a: Trevenant\n|-resisted|p1a: Trevenant\n|-damage|p1a: Trevenant|195/296 tox\n|-unboost|p2a: Toedscruel|spa|2\n|move|p1a: Trevenant|Poltergeist|p2a: Toedscruel\n|-activate|p2a: Toedscruel|move: Poltergeist|Leftovers\n|-damage|p2a: Toedscruel|0 fnt\n|faint|p2a: Toedscruel\n|\n|-damage|p1a: Trevenant|177/296 tox|[from] psn\n|upkeep\n|\n|t:|1781416346\n|switch|p2a: Entei|Entei, L78|307/307\n|turn|16\n|\n|t:|1781416357\n|move|p2a: Entei|Sacred Fire|p1a: Trevenant\n|-supereffective|p1a: Trevenant\n|-damage|p1a: Trevenant|0 fnt\n|faint|p1a: Trevenant\n|\n|upkeep\n|\n|t:|1781416374\n|switch|p1a: Crawdaunt|Crawdaunt, L84, F|243/243\n|turn|17\n|\n|t:|1781416380\n|move|p2a: Entei|Sacred Fire|p1a: Crawdaunt\n|-resisted|p1a: Crawdaunt\n|-damage|p1a: Crawdaunt|157/243\n|-status|p1a: Crawdaunt|brn\n|move|p1a: Crawdaunt|Dragon Dance|p1a: Crawdaunt\n|-boost|p1a: Crawdaunt|atk|1\n|-boost|p1a: Crawdaunt|spe|1\n|\n|-damage|p1a: Crawdaunt|142/243 brn|[from] brn\n|upkeep\n|turn|18\n|\n|t:|1781416385\n|move|p1a: Crawdaunt|Dragon Dance|p1a: Crawdaunt\n|-boost|p1a: Crawdaunt|atk|1\n|-boost|p1a: Crawdaunt|spe|1\n|move|p2a: Entei|Sacred Fire|p1a: Crawdaunt\n|-resisted|p1a: Crawdaunt\n|-damage|p1a: Crawdaunt|57/243 brn\n|\n|-damage|p1a: Crawdaunt|42/243 brn|[from] brn\n|upkeep\n|turn|19\n|\n|t:|1781416394\n|move|p1a: Crawdaunt|Crabhammer|p2a: Entei\n|-supereffective|p2a: Entei\n|-damage|p2a: Entei|0 fnt\n|faint|p2a: Entei\n|-damage|p1a: Crawdaunt|18/243 brn|[from] item: Life Orb\n|\n|-damage|p1a: Crawdaunt|3/243 brn|[from] brn\n|upkeep\n|\n|t:|1781416400\n|switch|p2a: Necrozma|Necrozma-Dusk-Mane, L69|248/248\n|turn|20\n|\n|t:|1781416404\n|move|p1a: Crawdaunt|Knock Off|p2a: Necrozma\n|-supereffective|p2a: Necrozma\n|-damage|p2a: Necrozma|0 fnt\n|-enditem|p2a: Necrozma|Weakness Policy|[from] move: Knock Off|[of] p1a: Crawdaunt\n|faint|p2a: Necrozma\n|-damage|p1a: Crawdaunt|0 fnt|[from] item: Life Orb\n|faint|p1a: Crawdaunt\n|\n|upkeep\n|\n|t:|1781416410\n|switch|p2a: Flutter Mane|Flutter Mane, L74|203/203\n|switch|p1a: Dragonite|Dragonite, L74, F|257/257\n|turn|21\n|\n|t:|1781416419\n|-terastallize|p1a: Dragonite|Flying\n|move|p2a: Flutter Mane|Mystical Fire|p1a: Dragonite\n|-damage|p1a: Dragonite|218/257\n|-unboost|p1a: Dragonite|spa|1\n|move|p1a: Dragonite|Dragon Dance|p1a: Dragonite\n|-boost|p1a: Dragonite|atk|1\n|-boost|p1a: Dragonite|spe|1\n|\n|upkeep\n|turn|22\n|\n|t:|1781416427\n|-end|p2a: Flutter Mane|Protosynthesis|[silent]\n|switch|p2a: Latios|Latios, L78, M|253/253\n|move|p1a: Dragonite|Dragon Dance|p1a: Dragonite\n|-boost|p1a: Dragonite|atk|1\n|-boost|p1a: Dragonite|spe|1\n|\n|upkeep\n|turn|23\n|\n|t:|1781416436\n|-terastallize|p2a: Latios|Steel\n|move|p1a: Dragonite|Tera Blast|p2a: Latios|[anim] Tera Blast Flying\n|-resisted|p2a: Latios\n|-damage|p2a: Latios|117/253\n|move|p2a: Latios|Draco Meteor|p1a: Dragonite\n|-damage|p1a: Dragonite|20/257\n|-unboost|p2a: Latios|spa|2\n|\n|upkeep\n|turn|24\n|\n|t:|1781416445\n|move|p1a: Dragonite|Tera Blast|p2a: Latios|[anim] Tera Blast Flying\n|-resisted|p2a: Latios\n|-damage|p2a: Latios|0 fnt\n|faint|p2a: Latios\n|\n|upkeep\n|\n|t:|1781416452\n|switch|p2a: Flutter Mane|Flutter Mane, L74|203/203\n|turn|25\n|\n|t:|1781416455\n|move|p1a: Dragonite|Tera Blast|p2a: Flutter Mane|[anim] Tera Blast Flying\n|-damage|p2a: Flutter Mane|0 fnt\n|faint|p2a: Flutter Mane\n|-end|p2a: Flutter Mane|Protosynthesis|[silent]\n|\n|win|shoddy battler\n", "uploadtime": 1781416119, "views": 6, "formatid": "gen9randombattle", "rating": null, "private": 0, "password": null}