{"id": "gen9randombattle-2631765238", "format": "[Gen 9] Random Battle", "players": ["perichor", "arno123"], "log": "|j|\u2606perichor\n|j|\u2606arno123\n|t:|1781436128\n|gametype|singles\n|player|p1|perichor|265|1912\n|player|p2|arno123|101|1951\n|gen|9\n|tier|[Gen 9] Random Battle\n|rated|\n|rule|Species Clause: Limit one of each Pok\u00e9mon\n|rule|HP Percentage Mod: HP is shown in percentages\n|rule|Sleep Clause Mod: Limit one foe put to sleep\n|rule|Illusion Level Mod: Illusion disguises the Pok\u00e9mon's true level\n|\n|t:|1781436128\n|teamsize|p1|6\n|teamsize|p2|6\n|start\n|switch|p1a: Gliscor|Gliscor, L76, F|239/239\n|switch|p2a: Regidrago|Regidrago, L77|435/435\n|turn|1\n|inactive|Battle timer is ON: inactive players will automatically lose when time's up. (requested by arno123)\n|inactive|arno123 has 120 seconds left.\n|\n|t:|1781436166\n|switch|p2a: Clawitzer|Clawitzer, L87, M|265/265\n|move|p1a: Gliscor|Toxic Spikes|p2a: Clawitzer\n|-sidestart|p2: arno123|move: Toxic Spikes\n|\n|-status|p1a: Gliscor|tox|[from] item: Toxic Orb\n|upkeep\n|turn|2\n|\n|t:|1781436176\n|move|p1a: Gliscor|Protect|p1a: Gliscor\n|-singleturn|p1a: Gliscor|Protect\n|move|p2a: Clawitzer|Dragon Pulse|p1a: Gliscor\n|-activate|p1a: Gliscor|move: Protect\n|\n|upkeep\n|turn|3\n|\n|t:|1781436182\n|switch|p1a: Jirachi|Jirachi, L80|291/291\n|move|p2a: Clawitzer|Water Pulse|p1a: Jirachi\n|-damage|p1a: Jirachi|182/291\n|\n|-heal|p1a: Jirachi|200/291|[from] item: Leftovers\n|upkeep\n|turn|4\n|\n|t:|1781436191\n|move|p1a: Jirachi|Protect|p1a: Jirachi\n|-singleturn|p1a: Jirachi|Protect\n|move|p2a: Clawitzer|Dark Pulse|p1a: Jirachi\n|-activate|p1a: Jirachi|move: Protect\n|\n|-heal|p1a: Jirachi|218/291|[from] item: Leftovers\n|upkeep\n|turn|5\n|\n|t:|1781436201\n|switch|p1a: Gogoat|Gogoat, L88, F|360/360\n|move|p2a: Clawitzer|Dark Pulse|p1a: Gogoat\n|-damage|p1a: Gogoat|259/360\n|\n|-heal|p1a: Gogoat|281/360|[from] item: Leftovers\n|upkeep\n|turn|6\n|\n|t:|1781436222\n|switch|p2a: Arbok|Arbok, L87, F|246/246\n|-sideend|p2: arno123|move: Toxic Spikes|[of] p2a: Arbok\n|-ability|p2a: Arbok|Intimidate|boost\n|-unboost|p1a: Gogoat|atk|1\n|move|p1a: Gogoat|Horn Leech|p2a: Arbok\n|-resisted|p2a: Arbok\n|-damage|p2a: Arbok|213/246\n|-heal|p1a: Gogoat|298/360|[from] drain|[of] p2a: Arbok\n|\n|-heal|p1a: Gogoat|320/360|[from] item: Leftovers\n|upkeep\n|turn|7\n|\n|t:|1781436232\n|switch|p1a: Clawitzer|Clawitzer, L87, M|265/265\n|move|p2a: Arbok|Gunk Shot|p1a: Clawitzer\n|-damage|p1a: Clawitzer|112/265\n|-status|p1a: Clawitzer|psn\n|-damage|p2a: Arbok|189/246|[from] item: Life Orb\n|\n|-damage|p1a: Clawitzer|79/265 psn|[from] psn\n|upkeep\n|turn|8\n|\n|t:|1781436244\n|move|p2a: Arbok|Knock Off|p1a: Clawitzer\n|-damage|p1a: Clawitzer|0 fnt\n|-enditem|p1a: Clawitzer|Choice Specs|[from] move: Knock Off|[of] p2a: Arbok\n|faint|p1a: Clawitzer\n|-damage|p2a: Arbok|165/246|[from] item: Life Orb\n|\n|upkeep\n|\n|t:|1781436249\n|switch|p1a: Kricketune|Kricketune, L99, M|312/312\n|turn|9\n|\n|t:|1781436268\n|move|p2a: Arbok|Gunk Shot|p1a: Kricketune\n|-damage|p1a: Kricketune|100/312\n|-status|p1a: Kricketune|psn\n|-damage|p2a: Arbok|141/246|[from] item: Life Orb\n|move|p1a: Kricketune|Pounce|p2a: Arbok\n|-resisted|p2a: Arbok\n|-damage|p2a: Arbok|82/246\n|-unboost|p2a: Arbok|spe|1\n|\n|-damage|p1a: Kricketune|61/312 psn|[from] psn\n|upkeep\n|turn|10\n|\n|t:|1781436287\n|switch|p2a: Mienshao|Mienshao, L83, F|243/243\n|move|p1a: Kricketune|Sticky Web|p2a: Mienshao\n|-sidestart|p2: arno123|move: Sticky Web\n|\n|-damage|p1a: Kricketune|22/312 psn|[from] psn\n|upkeep\n|turn|11\n|\n|t:|1781436296\n|move|p2a: Mienshao|Knock Off|p1a: Kricketune\n|-damage|p1a: Kricketune|0 fnt\n|-enditem|p1a: Kricketune|Heavy-Duty Boots|[from] move: Knock Off|[of] p2a: Mienshao\n|faint|p1a: Kricketune\n|\n|upkeep\n|\n|t:|1781436301\n|switch|p1a: Gliscor|Gliscor, L76, F|239/239 tox\n|turn|12\n|\n|t:|1781436314\n|switch|p2a: Mesprit|Mesprit, L85|275/275\n|move|p1a: Gliscor|Knock Off|p2a: Mesprit\n|-supereffective|p2a: Mesprit\n|-damage|p2a: Mesprit|175/275\n|-enditem|p2a: Mesprit|Leftovers|[from] move: Knock Off|[of] p1a: Gliscor\n|\n|upkeep\n|turn|13\n|\n|t:|1781436331\n|switch|p1a: Jirachi|Jirachi, L80|218/291\n|move|p2a: Mesprit|Psychic Noise|p1a: Jirachi\n|-resisted|p1a: Jirachi\n|-damage|p1a: Jirachi|197/291\n|-start|p1a: Jirachi|move: Heal Block\n|\n|upkeep\n|turn|14\n|\n|t:|1781436352\n|switch|p2a: Clawitzer|Clawitzer, L87, M|265/265\n|-activate|p2a: Clawitzer|move: Sticky Web\n|-unboost|p2a: Clawitzer|spe|1\n|move|p1a: Jirachi|Iron Head|p2a: Clawitzer\n|-resisted|p2a: Clawitzer\n|-damage|p2a: Clawitzer|227/265\n|\n|-end|p1a: Jirachi|move: Heal Block\n|upkeep\n|turn|15\n|\n|t:|1781436358\n|switch|p1a: Gogoat|Gogoat, L88, F|320/360\n|move|p2a: Clawitzer|Dark Pulse|p1a: Gogoat\n|-damage|p1a: Gogoat|207/360\n|\n|-heal|p1a: Gogoat|229/360|[from] item: Leftovers\n|upkeep\n|turn|16\n|\n|t:|1781436369\n|switch|p2a: Meowscarada|Meowscarada, L78, M|247/247\n|-activate|p2a: Meowscarada|move: Sticky Web\n|-unboost|p2a: Meowscarada|spe|1\n|move|p1a: Gogoat|Earthquake|p2a: Meowscarada\n|-resisted|p2a: Meowscarada\n|-damage|p2a: Meowscarada|199/247\n|\n|-heal|p1a: Gogoat|251/360|[from] item: Leftovers\n|upkeep\n|turn|17\n|\n|t:|1781436376\n|move|p1a: Gogoat|Milk Drink|p1a: Gogoat\n|-heal|p1a: Gogoat|360/360\n|move|p2a: Meowscarada|Triple Axel|p1a: Gogoat\n|-start|p2a: Meowscarada|typechange|Ice|[from] ability: Protean\n|-supereffective|p1a: Gogoat\n|-damage|p1a: Gogoat|276/360\n|-supereffective|p1a: Gogoat\n|-damage|p1a: Gogoat|130/360\n|-supereffective|p1a: Gogoat\n|-damage|p1a: Gogoat|0 fnt\n|faint|p1a: Gogoat\n|-hitcount|p1: Gogoat|3\n|\n|upkeep\n|\n|t:|1781436382\n|switch|p1a: Jirachi|Jirachi, L80|197/291\n|turn|18\n|\n|t:|1781436407\n|switch|p2a: Clawitzer|Clawitzer, L87, M|227/265\n|-activate|p2a: Clawitzer|move: Sticky Web\n|-unboost|p2a: Clawitzer|spe|1\n|move|p1a: Jirachi|Psychic|p2a: Clawitzer\n|-damage|p2a: Clawitzer|167/265\n|\n|-heal|p1a: Jirachi|215/291|[from] item: Leftovers\n|upkeep\n|turn|19\n|\n|t:|1781436417\n|-terastallize|p1a: Jirachi|Water\n|move|p1a: Jirachi|Iron Head|p2a: Clawitzer\n|-resisted|p2a: Clawitzer\n|-damage|p2a: Clawitzer|125/265\n|cant|p2a: Clawitzer|flinch\n|\n|-heal|p1a: Jirachi|233/291|[from] item: Leftovers\n|upkeep\n|turn|20\n|\n|t:|1781436433\n|switch|p2a: Arbok|Arbok, L87, F|82/246\n|-activate|p2a: Arbok|move: Sticky Web\n|-unboost|p2a: Arbok|spe|1\n|-ability|p2a: Arbok|Intimidate|boost\n|-unboost|p1a: Jirachi|atk|1\n|move|p1a: Jirachi|Iron Head|p2a: Arbok\n|-damage|p2a: Arbok|24/246\n|\n|-heal|p1a: Jirachi|251/291|[from] item: Leftovers\n|upkeep\n|turn|21\n|\n|t:|1781436438\n|switch|p2a: Clawitzer|Clawitzer, L87, M|125/265\n|-activate|p2a: Clawitzer|move: Sticky Web\n|-unboost|p2a: Clawitzer|spe|1\n|move|p1a: Jirachi|Iron Head|p2a: Clawitzer\n|-resisted|p2a: Clawitzer\n|-damage|p2a: Clawitzer|98/265\n|\n|-heal|p1a: Jirachi|269/291|[from] item: Leftovers\n|upkeep\n|turn|22\n|\n|t:|1781436455\n|move|p1a: Jirachi|Iron Head|p2a: Clawitzer\n|-resisted|p2a: Clawitzer\n|-damage|p2a: Clawitzer|73/265\n|cant|p2a: Clawitzer|flinch\n|\n|-heal|p1a: Jirachi|287/291|[from] item: Leftovers\n|upkeep\n|turn|23\n|\n|t:|1781436459\n|move|p1a: Jirachi|Iron Head|p2a: Clawitzer\n|-resisted|p2a: Clawitzer\n|-damage|p2a: Clawitzer|48/265\n|cant|p2a: Clawitzer|flinch\n|\n|-heal|p1a: Jirachi|291/291|[from] item: Leftovers\n|upkeep\n|turn|24\n|\n|t:|1781436463\n|move|p1a: Jirachi|Psychic|p2a: Clawitzer\n|-damage|p2a: Clawitzer|0 fnt\n|faint|p2a: Clawitzer\n|\n|upkeep\n|\n|t:|1781436465\n|switch|p2a: Meowscarada|Meowscarada, L78, M|199/247\n|-activate|p2a: Meowscarada|move: Sticky Web\n|-unboost|p2a: Meowscarada|spe|1\n|turn|25\n|\n|t:|1781436471\n|move|p1a: Jirachi|Protect|p1a: Jirachi\n|-singleturn|p1a: Jirachi|Protect\n|move|p2a: Meowscarada|Knock Off|p1a: Jirachi\n|-start|p2a: Meowscarada|typechange|Dark|[from] ability: Protean\n|-activate|p1a: Jirachi|move: Protect\n|\n|upkeep\n|turn|26\n|\n|t:|1781436476\n|switch|p1a: Gliscor|Gliscor, L76, F|239/239 tox\n|move|p2a: Meowscarada|Knock Off|p1a: Gliscor\n|-damage|p1a: Gliscor|121/239 tox\n|-enditem|p1a: Gliscor|Toxic Orb|[from] move: Knock Off|[of] p2a: Meowscarada\n|\n|-heal|p1a: Gliscor|150/239 tox|[from] ability: Poison Heal\n|upkeep\n|turn|27\n|\n|t:|1781436486\n|switch|p2a: Mesprit|Mesprit, L85|175/275\n|move|p1a: Gliscor|Earthquake|p2a: Mesprit\n|-immune|p2a: Mesprit|[from] ability: Levitate\n|\n|-heal|p1a: Gliscor|179/239 tox|[from] ability: Poison Heal\n|upkeep\n|turn|28\n|\n|t:|1781436494\n|move|p1a: Gliscor|Protect|p1a: Gliscor\n|-singleturn|p1a: Gliscor|Protect\n|move|p2a: Mesprit|Psychic Noise|p1a: Gliscor\n|-activate|p1a: Gliscor|move: Protect\n|\n|-heal|p1a: Gliscor|208/239 tox|[from] ability: Poison Heal\n|upkeep\n|turn|29\n|\n|t:|1781436499\n|move|p1a: Gliscor|Knock Off|p2a: Mesprit\n|-supereffective|p2a: Mesprit\n|-damage|p2a: Mesprit|109/275\n|move|p2a: Mesprit|Thunder Wave|p1a: Gliscor\n|-immune|p1a: Gliscor\n|\n|-heal|p1a: Gliscor|237/239 tox|[from] ability: Poison Heal\n|upkeep\n|turn|30\n|\n|t:|1781436505\n|move|p1a: Gliscor|Knock Off|p2a: Mesprit\n|-supereffective|p2a: Mesprit\n|-damage|p2a: Mesprit|39/275\n|move|p2a: Mesprit|Psychic Noise|p1a: Gliscor\n|-damage|p1a: Gliscor|125/239 tox\n|-start|p1a: Gliscor|move: Heal Block\n|\n|upkeep\n|turn|31\n|\n|t:|1781436511\n|move|p1a: Gliscor|Protect|p1a: Gliscor\n|-singleturn|p1a: Gliscor|Protect\n|move|p2a: Mesprit|Stealth Rock|p1a: Gliscor\n|-sidestart|p1: perichor|move: Stealth Rock\n|\n|-end|p1a: Gliscor|move: Heal Block\n|upkeep\n|turn|32\n|\n|t:|1781436517\n|move|p1a: Gliscor|Knock Off|p2a: Mesprit\n|-supereffective|p2a: Mesprit\n|-damage|p2a: Mesprit|0 fnt\n|faint|p2a: Mesprit\n|\n|-heal|p1a: Gliscor|154/239 tox|[from] ability: Poison Heal\n|upkeep\n|\n|t:|1781436523\n|switch|p2a: Meowscarada|Meowscarada, L78, M|199/247\n|-activate|p2a: Meowscarada|move: Sticky Web\n|-unboost|p2a: Meowscarada|spe|1\n|turn|33\n|\n|t:|1781436528\n|move|p1a: Gliscor|Protect|p1a: Gliscor\n|-singleturn|p1a: Gliscor|Protect\n|move|p2a: Meowscarada|Triple Axel|p1a: Gliscor\n|-start|p2a: Meowscarada|typechange|Ice|[from] ability: Protean\n|-activate|p1a: Gliscor|move: Protect\n|\n|-heal|p1a: Gliscor|183/239 tox|[from] ability: Poison Heal\n|upkeep\n|turn|34\n|\n|t:|1781436535\n|switch|p1a: Jirachi|Jirachi, L80, tera:Water|291/291\n|-damage|p1a: Jirachi|255/291|[from] Stealth Rock\n|switch|p2a: Mienshao|Mienshao, L83, F|243/243\n|-activate|p2a: Mienshao|move: Sticky Web\n|-unboost|p2a: Mienshao|spe|1\n|\n|-heal|p1a: Jirachi|273/291|[from] item: Leftovers\n|upkeep\n|turn|35\n|\n|t:|1781436548\n|move|p1a: Jirachi|Iron Head|p2a: Mienshao\n|-damage|p2a: Mienshao|131/243\n|cant|p2a: Mienshao|flinch\n|\n|-heal|p1a: Jirachi|291/291|[from] item: Leftovers\n|upkeep\n|turn|36\n|-message|arno123 forfeited.\n|\n|win|perichor\n", "uploadtime": 1781436130, "views": 3, "formatid": "gen9randombattle", "rating": null, "private": 0, "password": null}