{"id": "gen9randombattle-2631482965", "format": "[Gen 9] Random Battle", "players": ["Estrace", "Undertaker67"], "log": "|j|\u2606Estrace\n|j|\u2606Undertaker67\n|t:|1781390627\n|gametype|singles\n|player|p1|Estrace|clair|1956\n|player|p2|Undertaker67|n|2051\n|gen|9\n|tier|[Gen 9] Random Battle\n|rated|\n|rule|Species Clause: Limit one of each Pok\u00e9mon\n|rule|HP Percentage Mod: HP is shown in percentages\n|rule|Sleep Clause Mod: Limit one foe put to sleep\n|rule|Illusion Level Mod: Illusion disguises the Pok\u00e9mon's true level\n|\n|t:|1781390627\n|teamsize|p1|6\n|teamsize|p2|6\n|start\n|switch|p1a: Morpeko|Morpeko, L88, F|245/245\n|switch|p2a: Blissey|Blissey, L85, F|572/572\n|turn|1\n|inactive|Battle timer is ON: inactive players will automatically lose when time's up. (requested by Estrace)\n|inactive|Undertaker67 has 120 seconds left.\n|\n|t:|1781390693\n|switch|p2a: Rotom|Rotom-Frost, L87|229/229\n|move|p1a: Morpeko|Aura Wheel|p2a: Rotom\n|-resisted|p2a: Rotom\n|-damage|p2a: Rotom|178/229\n|-boost|p1a: Morpeko|spe|1\n|\n|-formechange|p1a: Morpeko|Morpeko-Hangry||[from] ability: Hunger Switch\n|upkeep\n|turn|2\n|\n|t:|1781390707\n|move|p1a: Morpeko|Aura Wheel|p2a: Rotom\n|-damage|p2a: Rotom|73/229\n|-boost|p1a: Morpeko|spe|1\n|move|p2a: Rotom|Will-O-Wisp|p1a: Morpeko\n|-status|p1a: Morpeko|brn\n|\n|-damage|p1a: Morpeko|230/245 brn|[from] brn\n|-formechange|p1a: Morpeko|Morpeko||[from] ability: Hunger Switch\n|upkeep\n|turn|3\n|inactive|Undertaker67 has 120 seconds left.\n|\n|t:|1781390749\n|switch|p2a: Ribombee|Ribombee, L83, F|235/235\n|move|p1a: Morpeko|Aura Wheel|p2a: Ribombee\n|-damage|p2a: Ribombee|151/235\n|-boost|p1a: Morpeko|spe|1\n|\n|-damage|p1a: Morpeko|215/245 brn|[from] brn\n|-formechange|p1a: Morpeko|Morpeko-Hangry||[from] ability: Hunger Switch\n|upkeep\n|turn|4\n|\n|t:|1781390764\n|move|p1a: Morpeko|Parting Shot|p2a: Ribombee\n|-unboost|p2a: Ribombee|atk|1\n|-unboost|p2a: Ribombee|spa|1\n|\n|t:|1781390783\n|switch|p1a: Slowbro|Slowbro-Galar, L87, F|307/307|[from] Parting Shot\n|move|p2a: Ribombee|Moonblast|p1a: Slowbro\n|-resisted|p1a: Slowbro\n|-damage|p1a: Slowbro|269/307\n|\n|upkeep\n|turn|5\n|inactive|Undertaker67 has 120 seconds left.\n|inactive|Estrace has 120 seconds left.\n|inactive|Undertaker67 has 90 seconds left.\n|\n|t:|1781390844\n|switch|p2a: Iron Moth|Iron Moth, L78|253/253\n|switch|p1a: Vespiquen|Vespiquen, L99, F|299/299\n|-ability|p1a: Vespiquen|Pressure\n|\n|upkeep\n|turn|6\n|inactive|Estrace has 120 seconds left.\n|\n|t:|1781390876\n|switch|p1a: Morpeko|Morpeko, L88, F|215/245 brn\n|move|p2a: Iron Moth|Fiery Dance|p1a: Morpeko\n|-damage|p1a: Morpeko|17/245 brn\n|\n|-damage|p1a: Morpeko|2/245 brn|[from] brn\n|-formechange|p1a: Morpeko|Morpeko-Hangry||[from] ability: Hunger Switch\n|upkeep\n|turn|7\n|\n|t:|1781390890\n|-end|p2a: Iron Moth|Quark Drive|[silent]\n|switch|p2a: Rotom|Rotom-Frost, L87|73/229\n|move|p1a: Morpeko|Parting Shot|p2a: Rotom\n|-unboost|p2a: Rotom|atk|1\n|-unboost|p2a: Rotom|spa|1\n|inactive|Estrace has 90 seconds left.\n|inactive|Estrace has 60 seconds left.\n|inactive|Estrace has 30 seconds left.\n|inactive|Estrace has 20 seconds left.\n|inactive|Estrace has 15 seconds left.\n|inactive|Estrace has 10 seconds left.\n|\n|t:|1781390980\n|switch|p1a: Raikou|Raikou, L81|278/278|[from] Parting Shot\n|-ability|p1a: Raikou|Pressure\n|\n|upkeep\n|turn|8\n|inactive|Estrace has 20 seconds left this turn.\n|\n|t:|1781391007\n|switch|p2a: Blissey|Blissey, L85, F|572/572\n|move|p1a: Raikou|Scald|p2a: Blissey\n|-damage|p2a: Blissey|508/572\n|\n|-heal|p2a: Blissey|543/572|[from] item: Leftovers\n|upkeep\n|turn|9\n|inactive|Estrace has 30 seconds left this turn.\n|\n|t:|1781391017\n|switch|p1a: Leafeon|Leafeon, L88, M|258/258\n|move|p2a: Blissey|Thunder Wave|p1a: Leafeon\n|-status|p1a: Leafeon|par\n|\n|-heal|p2a: Blissey|572/572|[from] item: Leftovers\n|upkeep\n|turn|10\n|inactive|Undertaker67 has 60 seconds left.\n|\n|t:|1781391036\n|switch|p2a: Brute Bonnet|Brute Bonnet, L80|309/309\n|move|p1a: Leafeon|Knock Off|p2a: Brute Bonnet\n|-resisted|p2a: Brute Bonnet\n|-crit|p2a: Brute Bonnet\n|-damage|p2a: Brute Bonnet|235/309\n|-enditem|p2a: Brute Bonnet|Leftovers|[from] move: Knock Off|[of] p1a: Leafeon\n|-damage|p1a: Leafeon|233/258 par|[from] item: Life Orb\n|\n|upkeep\n|turn|11\n|\n|t:|1781391050\n|switch|p1a: Vespiquen|Vespiquen, L99, F|299/299\n|-ability|p1a: Vespiquen|Pressure\n|move|p2a: Brute Bonnet|Crunch|p1a: Vespiquen\n|-damage|p1a: Vespiquen|230/299\n|-unboost|p1a: Vespiquen|def|1\n|\n|upkeep\n|turn|12\n|\n|t:|1781391058\n|-end|p2a: Brute Bonnet|Protosynthesis|[silent]\n|switch|p2a: Iron Moth|Iron Moth, L78|253/253\n|move|p1a: Vespiquen|U-turn|p2a: Iron Moth\n|-resisted|p2a: Iron Moth\n|-damage|p2a: Iron Moth|220/253\n|\n|t:|1781391067\n|switch|p1a: Raikou|Raikou, L81|278/278|[from] U-turn\n|-ability|p1a: Raikou|Pressure\n|\n|upkeep\n|turn|13\n|\n|t:|1781391075\n|-end|p2a: Iron Moth|Quark Drive|[silent]\n|switch|p2a: Blissey|Blissey, L85, F|572/572\n|move|p1a: Raikou|Volt Switch|p2a: Blissey\n|-damage|p2a: Blissey|490/572\n|\n|t:|1781391085\n|switch|p1a: Leafeon|Leafeon, L88, M|233/258 par|[from] Volt Switch\n|\n|-heal|p2a: Blissey|525/572|[from] item: Leftovers\n|upkeep\n|turn|14\n|inactive|Undertaker67 has 90 seconds left.\n|\n|t:|1781391111\n|switch|p2a: Brute Bonnet|Brute Bonnet, L80|235/309\n|move|p1a: Leafeon|Knock Off|p2a: Brute Bonnet\n|-resisted|p2a: Brute Bonnet\n|-damage|p2a: Brute Bonnet|199/309\n|-damage|p1a: Leafeon|208/258 par|[from] item: Life Orb\n|\n|upkeep\n|turn|15\n|inactive|Estrace has 60 seconds left.\n|\n|t:|1781391121\n|switch|p1a: Morpeko|Morpeko, L88, F|2/245 brn\n|move|p2a: Brute Bonnet|Spore||[still]\n|-fail|p2a: Brute Bonnet\n|\n|-damage|p1a: Morpeko|0 fnt|[from] brn\n|faint|p1a: Morpeko\n|upkeep\n|\n|t:|1781391124\n|switch|p1a: Vespiquen|Vespiquen, L99, F|230/299\n|-ability|p1a: Vespiquen|Pressure\n|turn|16\n|\n|t:|1781391128\n|-end|p2a: Brute Bonnet|Protosynthesis|[silent]\n|switch|p2a: Iron Moth|Iron Moth, L78|220/253\n|move|p1a: Vespiquen|U-turn|p2a: Iron Moth\n|-resisted|p2a: Iron Moth\n|-damage|p2a: Iron Moth|191/253\n|\n|t:|1781391133\n|switch|p1a: Raikou|Raikou, L81|278/278|[from] U-turn\n|-ability|p1a: Raikou|Pressure\n|\n|upkeep\n|turn|17\n|inactive|Undertaker67 has 90 seconds left.\n|\n|t:|1781391154\n|move|p1a: Raikou|Volt Switch|p2a: Iron Moth\n|-damage|p2a: Iron Moth|77/253\n|\n|t:|1781391159\n|switch|p1a: Slowbro|Slowbro-Galar, L87, F|307/307|[from] Volt Switch\n|move|p2a: Iron Moth|Fiery Dance|p1a: Slowbro\n|-damage|p1a: Slowbro|138/307\n|\n|upkeep\n|turn|18\n|inactive|Estrace has 90 seconds left.\n|\n|t:|1781391170\n|move|p2a: Iron Moth|Fiery Dance|p1a: Slowbro\n|-damage|p1a: Slowbro|0 fnt\n|faint|p1a: Slowbro\n|\n|upkeep\n|\n|t:|1781391174\n|switch|p1a: Necrozma|Necrozma-Dawn-Wings, L76|272/272\n|turn|19\n|\n|t:|1781391191\n|move|p2a: Iron Moth|Fiery Dance|p1a: Necrozma\n|-damage|p1a: Necrozma|149/272\n|-boost|p2a: Iron Moth|spa|1\n|move|p1a: Necrozma|Calm Mind|p1a: Necrozma\n|-boost|p1a: Necrozma|spa|1\n|-boost|p1a: Necrozma|spd|1\n|\n|-heal|p1a: Necrozma|166/272|[from] item: Leftovers\n|upkeep\n|turn|20\n|inactive|Estrace has 90 seconds left.\n|\n|t:|1781391212\n|move|p2a: Iron Moth|Fiery Dance|p1a: Necrozma\n|-damage|p1a: Necrozma|39/272\n|move|p1a: Necrozma|Photon Geyser|p2a: Iron Moth\n|-supereffective|p2a: Iron Moth\n|-damage|p2a: Iron Moth|0 fnt\n|faint|p2a: Iron Moth\n|-end|p2a: Iron Moth|Quark Drive|[silent]\n|\n|-heal|p1a: Necrozma|56/272|[from] item: Leftovers\n|upkeep\n|inactive|Undertaker67 has 90 seconds left.\n|c|\u2606Estrace|4 special attackers into blissey ugh i cry\n|-message|Estrace forfeited.\n|\n|win|Undertaker67\n", "uploadtime": 1781390629, "views": 3, "formatid": "gen9randombattle", "rating": null, "private": 0, "password": null}