{"id": "gen9randombattle-2631553226", "format": "[Gen 9] Random Battle", "players": ["Rheny", "Aquapower"], "log": "|j|\u2606Rheny\n|j|\u203dAquapower\n|t:|1781400401\n|gametype|singles\n|player|p1|Rheny|miku-ghost|1942\n|player|p2|Aquapower|102|1909\n|gen|9\n|tier|[Gen 9] Random Battle\n|rated|\n|rule|Species Clause: Limit one of each Pok\u00e9mon\n|rule|HP Percentage Mod: HP is shown in percentages\n|rule|Sleep Clause Mod: Limit one foe put to sleep\n|rule|Illusion Level Mod: Illusion disguises the Pok\u00e9mon's true level\n|\n|t:|1781400401\n|teamsize|p1|6\n|teamsize|p2|6\n|start\n|switch|p1a: Brambleghast|Brambleghast, L88, F|240/240\n|switch|p2a: Toxtricity|Toxtricity, L82, F|257/257\n|turn|1\n|\n|t:|1781400408\n|move|p1a: Brambleghast|Poltergeist|p2a: Toxtricity|[miss]\n|-miss|p1a: Brambleghast|p2a: Toxtricity\n|move|p2a: Toxtricity|Shift Gear|p2a: Toxtricity\n|-boost|p2a: Toxtricity|spe|2\n|-boost|p2a: Toxtricity|atk|1\n|\n|upkeep\n|turn|2\n|\n|t:|1781400411\n|move|p2a: Toxtricity|Gunk Shot|p1a: Brambleghast\n|-damage|p1a: Brambleghast|29/240\n|move|p1a: Brambleghast|Poltergeist|p2a: Toxtricity\n|-activate|p2a: Toxtricity|move: Poltergeist|Throat Spray\n|-damage|p2a: Toxtricity|73/257\n|\n|-heal|p1a: Brambleghast|44/240|[from] item: Leftovers\n|upkeep\n|turn|3\n|c|\u2606Rheny|ouch\n|\n|t:|1781400418\n|move|p2a: Toxtricity|Overdrive|p1a: Brambleghast\n|-resisted|p1a: Brambleghast\n|-damage|p1a: Brambleghast|0 fnt\n|faint|p1a: Brambleghast\n|-enditem|p2a: Toxtricity|Throat Spray\n|-boost|p2a: Toxtricity|spa|1|[from] item: Throat Spray\n|\n|upkeep\n|\n|t:|1781400426\n|switch|p1a: Regieleki|Regieleki, L79|256/256\n|turn|4\n|\n|t:|1781400436\n|move|p1a: Regieleki|Thunderbolt|p2a: Toxtricity\n|-resisted|p2a: Toxtricity\n|-damage|p2a: Toxtricity|0 fnt\n|faint|p2a: Toxtricity\n|\n|upkeep\n|\n|t:|1781400456\n|switch|p2a: Farigiraf|Farigiraf, L90, M|362/362\n|turn|5\n|\n|t:|1781400473\n|move|p1a: Regieleki|Volt Switch|p2a: Farigiraf\n|-damage|p2a: Farigiraf|244/362\n|\n|t:|1781400474\n|switch|p1a: Duraludon|Duraludon, L82, M|249/249|[from] Volt Switch\n|move|p2a: Farigiraf|Body Slam|p1a: Duraludon\n|-resisted|p1a: Duraludon\n|-damage|p1a: Duraludon|223/249\n|-status|p1a: Duraludon|par\n|\n|-heal|p2a: Farigiraf|266/362|[from] item: Leftovers\n|upkeep\n|turn|6\n|inactive|Battle timer is ON: inactive players will automatically lose when time's up. (requested by Aquapower)\n|\n|t:|1781400481\n|move|p2a: Farigiraf|Wish|p2a: Farigiraf\n|move|p1a: Duraludon|Iron Defense|p1a: Duraludon\n|-boost|p1a: Duraludon|def|2\n|\n|-heal|p2a: Farigiraf|288/362|[from] item: Leftovers\n|upkeep\n|turn|7\n|\n|t:|1781400488\n|switch|p2a: Dusknoir|Dusknoir, L89, M|225/225\n|-item|p1a: Duraludon|Eviolite|[from] ability: Frisk|[of] p2a: Dusknoir\n|move|p1a: Duraludon|Iron Defense|p1a: Duraludon\n|-boost|p1a: Duraludon|def|2\n|\n|upkeep\n|turn|8\n|\n|t:|1781400493\n|move|p2a: Dusknoir|Substitute|p2a: Dusknoir\n|-start|p2a: Dusknoir|Substitute\n|-damage|p2a: Dusknoir|169/225\n|move|p1a: Duraludon|Flash Cannon|p2a: Dusknoir\n|-end|p2a: Dusknoir|Substitute\n|\n|-heal|p2a: Dusknoir|183/225|[from] item: Leftovers\n|upkeep\n|turn|9\n|\n|t:|1781400500\n|move|p2a: Dusknoir|Substitute|p2a: Dusknoir\n|-start|p2a: Dusknoir|Substitute\n|-damage|p2a: Dusknoir|127/225\n|move|p1a: Duraludon|Flash Cannon|p2a: Dusknoir\n|-end|p2a: Dusknoir|Substitute\n|\n|-heal|p2a: Dusknoir|141/225|[from] item: Leftovers\n|upkeep\n|turn|10\n|\n|t:|1781400506\n|move|p2a: Dusknoir|Substitute|p2a: Dusknoir\n|-start|p2a: Dusknoir|Substitute\n|-damage|p2a: Dusknoir|85/225\n|move|p1a: Duraludon|Flash Cannon|p2a: Dusknoir\n|-end|p2a: Dusknoir|Substitute\n|\n|-heal|p2a: Dusknoir|99/225|[from] item: Leftovers\n|upkeep\n|turn|11\n|\n|t:|1781400510\n|move|p2a: Dusknoir|Substitute|p2a: Dusknoir\n|-start|p2a: Dusknoir|Substitute\n|-damage|p2a: Dusknoir|43/225\n|move|p1a: Duraludon|Flash Cannon|p2a: Dusknoir\n|-end|p2a: Dusknoir|Substitute\n|\n|-heal|p2a: Dusknoir|57/225|[from] item: Leftovers\n|upkeep\n|turn|12\n|\n|t:|1781400513\n|move|p2a: Dusknoir|Pain Split|p1a: Duraludon\n|-sethp|p1a: Duraludon|140/249 par|[from] move: Pain Split|[silent]\n|-sethp|p2a: Dusknoir|140/225|[from] move: Pain Split\n|move|p1a: Duraludon|Flash Cannon|p2a: Dusknoir\n|-damage|p2a: Dusknoir|74/225\n|\n|-heal|p2a: Dusknoir|88/225|[from] item: Leftovers\n|upkeep\n|turn|13\n|\n|t:|1781400520\n|move|p2a: Dusknoir|Substitute|p2a: Dusknoir\n|-start|p2a: Dusknoir|Substitute\n|-damage|p2a: Dusknoir|32/225\n|move|p1a: Duraludon|Flash Cannon|p2a: Dusknoir\n|-end|p2a: Dusknoir|Substitute\n|\n|-heal|p2a: Dusknoir|46/225|[from] item: Leftovers\n|upkeep\n|turn|14\n|\n|t:|1781400525\n|switch|p1a: Pecharunt|Pecharunt, L77|262/262\n|move|p2a: Dusknoir|Pain Split|p1a: Pecharunt\n|-sethp|p1a: Pecharunt|154/262|[from] move: Pain Split|[silent]\n|-sethp|p2a: Dusknoir|154/225|[from] move: Pain Split\n|\n|-heal|p1a: Pecharunt|170/262|[from] item: Leftovers\n|-heal|p2a: Dusknoir|168/225|[from] item: Leftovers\n|upkeep\n|turn|15\n|\n|t:|1781400529\n|move|p1a: Pecharunt|Shadow Ball|p2a: Dusknoir\n|-supereffective|p2a: Dusknoir\n|-crit|p2a: Dusknoir\n|-damage|p2a: Dusknoir|28/225\n|-unboost|p2a: Dusknoir|spd|1\n|move|p2a: Dusknoir|Poltergeist|p1a: Pecharunt\n|-activate|p1a: Pecharunt|move: Poltergeist|Leftovers\n|-supereffective|p1a: Pecharunt\n|-damage|p1a: Pecharunt|0 fnt\n|faint|p1a: Pecharunt\n|\n|-heal|p2a: Dusknoir|42/225|[from] item: Leftovers\n|upkeep\n|\n|t:|1781400535\n|switch|p1a: Regieleki|Regieleki, L79|256/256\n|turn|16\n|\n|t:|1781400542\n|switch|p2a: Wo-Chien|Wo-Chien, L83|277/277\n|-ability|p2a: Wo-Chien|Tablets of Ruin\n|move|p1a: Regieleki|Volt Switch|p2a: Wo-Chien\n|-resisted|p2a: Wo-Chien\n|-damage|p2a: Wo-Chien|237/277\n|\n|t:|1781400545\n|switch|p1a: Ambipom|Ambipom, L84, M|263/263|[from] Volt Switch\n|\n|-heal|p2a: Wo-Chien|254/277|[from] item: Leftovers\n|upkeep\n|turn|17\n|\n|t:|1781400550\n|-terastallize|p1a: Ambipom|Ice\n|move|p1a: Ambipom|Triple Axel|p2a: Wo-Chien\n|-supereffective|p2a: Wo-Chien\n|-damage|p2a: Wo-Chien|186/277\n|-supereffective|p2a: Wo-Chien\n|-damage|p2a: Wo-Chien|64/277\n|-supereffective|p2a: Wo-Chien\n|-damage|p2a: Wo-Chien|0 fnt\n|faint|p2a: Wo-Chien\n|-hitcount|p2: Wo-Chien|3\n|\n|upkeep\n|\n|t:|1781400558\n|switch|p2a: Farigiraf|Farigiraf, L90, M|288/362\n|turn|18\n|\n|t:|1781400562\n|switch|p1a: Duraludon|Duraludon, L82, M|140/249 par\n|move|p2a: Farigiraf|Protect||[still]\n|-fail|p2a: Farigiraf\n|\n|-heal|p2a: Farigiraf|310/362|[from] item: Leftovers\n|upkeep\n|turn|19\n|\n|t:|1781400570\n|move|p2a: Farigiraf|Wish|p2a: Farigiraf\n|move|p1a: Duraludon|Draco Meteor|p2a: Farigiraf\n|-damage|p2a: Farigiraf|133/362\n|-unboost|p1a: Duraludon|spa|2\n|\n|-heal|p2a: Farigiraf|155/362|[from] item: Leftovers\n|upkeep\n|turn|20\n|\n|t:|1781400578\n|switch|p1a: Dipplin|Dipplin, L88, M|284/284\n|move|p2a: Farigiraf|Psychic Noise|p1a: Dipplin\n|-damage|p1a: Dipplin|208/284\n|-start|p1a: Dipplin|move: Heal Block\n|\n|-heal|p2a: Farigiraf|336/362|[from] move: Wish|[wisher] Farigiraf\n|-heal|p2a: Farigiraf|358/362|[from] item: Leftovers\n|upkeep\n|turn|21\n|\n|t:|1781400581\n|move|p2a: Farigiraf|Body Slam|p1a: Dipplin\n|-damage|p1a: Dipplin|153/284\n|move|p1a: Dipplin|Dragon Tail|p2a: Farigiraf\n|-damage|p2a: Farigiraf|294/362\n|drag|p2a: Dusknoir|Dusknoir, L89, M|42/225\n|-item|p1a: Dipplin|Eviolite|[from] ability: Frisk|[of] p2a: Dusknoir\n|\n|-heal|p2a: Dusknoir|56/225|[from] item: Leftovers\n|-end|p1a: Dipplin|move: Heal Block\n|upkeep\n|turn|22\n|\n|t:|1781400590\n|move|p2a: Dusknoir|Poltergeist|p1a: Dipplin\n|-activate|p1a: Dipplin|move: Poltergeist|Eviolite\n|-damage|p1a: Dipplin|83/284\n|move|p1a: Dipplin|Recover|p1a: Dipplin\n|-heal|p1a: Dipplin|225/284\n|\n|-heal|p2a: Dusknoir|70/225|[from] item: Leftovers\n|upkeep\n|turn|23\n|\n|t:|1781400595\n|move|p2a: Dusknoir|Pain Split|p1a: Dipplin\n|-sethp|p1a: Dipplin|147/284|[from] move: Pain Split|[silent]\n|-sethp|p2a: Dusknoir|147/225|[from] move: Pain Split\n|move|p1a: Dipplin|Dragon Pulse|p2a: Dusknoir\n|-damage|p2a: Dusknoir|87/225\n|\n|-heal|p2a: Dusknoir|101/225|[from] item: Leftovers\n|upkeep\n|turn|24\n|\n|t:|1781400601\n|move|p2a: Dusknoir|Poltergeist|p1a: Dipplin\n|-activate|p1a: Dipplin|move: Poltergeist|Eviolite\n|-damage|p1a: Dipplin|75/284\n|move|p1a: Dipplin|Giga Drain|p2a: Dusknoir\n|-damage|p2a: Dusknoir|40/225\n|-heal|p1a: Dipplin|106/284|[from] drain|[of] p2a: Dusknoir\n|\n|-heal|p2a: Dusknoir|54/225|[from] item: Leftovers\n|upkeep\n|turn|25\n|\n|t:|1781400610\n|move|p2a: Dusknoir|Pain Split|p1a: Dipplin\n|-sethp|p1a: Dipplin|80/284|[from] move: Pain Split|[silent]\n|-sethp|p2a: Dusknoir|80/225|[from] move: Pain Split\n|move|p1a: Dipplin|Dragon Pulse|p2a: Dusknoir\n|-damage|p2a: Dusknoir|19/225\n|\n|-heal|p2a: Dusknoir|33/225|[from] item: Leftovers\n|upkeep\n|turn|26\n|\n|t:|1781400618\n|move|p2a: Dusknoir|Poltergeist|p1a: Dipplin\n|-activate|p1a: Dipplin|move: Poltergeist|Eviolite\n|-damage|p1a: Dipplin|13/284\n|move|p1a: Dipplin|Dragon Pulse|p2a: Dusknoir\n|-damage|p2a: Dusknoir|0 fnt\n|faint|p2a: Dusknoir\n|\n|upkeep\n|\n|t:|1781400626\n|switch|p2a: Dragonite|Dragonite, L74, F|257/257\n|turn|27\n|\n|t:|1781400633\n|move|p2a: Dragonite|Dragon Dance|p2a: Dragonite\n|-boost|p2a: Dragonite|atk|1\n|-boost|p2a: Dragonite|spe|1\n|move|p1a: Dipplin|Dragon Tail|p2a: Dragonite\n|-supereffective|p2a: Dragonite\n|-damage|p2a: Dragonite|193/257\n|drag|p2a: Farigiraf|Farigiraf, L90, M|294/362\n|\n|-heal|p2a: Farigiraf|316/362|[from] item: Leftovers\n|upkeep\n|turn|28\n|\n|t:|1781400641\n|move|p2a: Farigiraf|Psychic Noise|p1a: Dipplin\n|-damage|p1a: Dipplin|0 fnt\n|faint|p1a: Dipplin\n|\n|-heal|p2a: Farigiraf|338/362|[from] item: Leftovers\n|upkeep\n|\n|t:|1781400647\n|switch|p1a: Regieleki|Regieleki, L79|256/256\n|turn|29\n|\n|t:|1781400650\n|move|p2a: Farigiraf|Protect|p2a: Farigiraf\n|-singleturn|p2a: Farigiraf|Protect\n|move|p1a: Regieleki|Thunderbolt|p2a: Farigiraf\n|-activate|p2a: Farigiraf|move: Protect\n|\n|-heal|p2a: Farigiraf|360/362|[from] item: Leftovers\n|upkeep\n|turn|30\n|\n|t:|1781400652\n|move|p1a: Regieleki|Thunderbolt|p2a: Farigiraf\n|-damage|p2a: Farigiraf|203/362\n|move|p2a: Farigiraf|Wish|p2a: Farigiraf\n|\n|-heal|p2a: Farigiraf|225/362|[from] item: Leftovers\n|upkeep\n|turn|31\n|\n|t:|1781400656\n|move|p1a: Regieleki|Thunderbolt|p2a: Farigiraf\n|-damage|p2a: Farigiraf|87/362\n|move|p2a: Farigiraf|Psychic Noise|p1a: Regieleki\n|-damage|p1a: Regieleki|97/256\n|-start|p1a: Regieleki|move: Heal Block\n|\n|-heal|p2a: Farigiraf|268/362|[from] move: Wish|[wisher] Farigiraf\n|-heal|p2a: Farigiraf|290/362|[from] item: Leftovers\n|upkeep\n|turn|32\n|\n|t:|1781400663\n|move|p2a: Farigiraf|Protect|p2a: Farigiraf\n|-singleturn|p2a: Farigiraf|Protect\n|move|p1a: Regieleki|Thunderbolt|p2a: Farigiraf\n|-activate|p2a: Farigiraf|move: Protect\n|\n|-heal|p2a: Farigiraf|312/362|[from] item: Leftovers\n|-end|p1a: Regieleki|move: Heal Block\n|upkeep\n|turn|33\n|\n|t:|1781400690\n|move|p1a: Regieleki|Thunderbolt|p2a: Farigiraf\n|-damage|p2a: Farigiraf|155/362\n|move|p2a: Farigiraf|Wish|p2a: Farigiraf\n|\n|-heal|p2a: Farigiraf|177/362|[from] item: Leftovers\n|upkeep\n|turn|34\n|\n|t:|1781400695\n|move|p2a: Farigiraf|Protect|p2a: Farigiraf\n|-singleturn|p2a: Farigiraf|Protect\n|move|p1a: Regieleki|Thunderbolt|p2a: Farigiraf\n|-activate|p2a: Farigiraf|move: Protect\n|\n|-heal|p2a: Farigiraf|358/362|[from] move: Wish|[wisher] Farigiraf\n|-heal|p2a: Farigiraf|362/362|[from] item: Leftovers\n|upkeep\n|turn|35\n|\n|t:|1781400698\n|move|p1a: Regieleki|Thunderbolt|p2a: Farigiraf\n|-damage|p2a: Farigiraf|226/362\n|move|p2a: Farigiraf|Wish|p2a: Farigiraf\n|\n|-heal|p2a: Farigiraf|248/362|[from] item: Leftovers\n|upkeep\n|turn|36\n|\n|t:|1781400703\n|move|p1a: Regieleki|Thunderbolt|p2a: Farigiraf\n|-damage|p2a: Farigiraf|86/362\n|move|p2a: Farigiraf|Psychic Noise|p1a: Regieleki\n|-damage|p1a: Regieleki|0 fnt\n|faint|p1a: Regieleki\n|\n|-heal|p2a: Farigiraf|267/362|[from] move: Wish|[wisher] Farigiraf\n|-heal|p2a: Farigiraf|289/362|[from] item: Leftovers\n|upkeep\n|\n|t:|1781400706\n|switch|p1a: Ambipom|Ambipom, L84, M, tera:Ice|263/263\n|turn|37\n|\n|t:|1781400712\n|move|p2a: Farigiraf|Protect|p2a: Farigiraf\n|-singleturn|p2a: Farigiraf|Protect\n|move|p1a: Ambipom|Triple Axel|p2a: Farigiraf\n|-activate|p2a: Farigiraf|move: Protect\n|\n|-heal|p2a: Farigiraf|311/362|[from] item: Leftovers\n|upkeep\n|turn|38\n|\n|t:|1781400719\n|move|p1a: Ambipom|Triple Axel|p2a: Farigiraf\n|-damage|p2a: Farigiraf|253/362\n|-damage|p2a: Farigiraf|151/362\n|-damage|p2a: Farigiraf|0 fnt\n|faint|p2a: Farigiraf\n|-hitcount|p2: Farigiraf|3\n|\n|upkeep\n|\n|t:|1781400724\n|switch|p2a: Ludicolo|Ludicolo, L90, M|290/290\n|turn|39\n|\n|t:|1781400726\n|move|p1a: Ambipom|Triple Axel|p2a: Ludicolo\n|-crit|p2a: Ludicolo\n|-damage|p2a: Ludicolo|212/290\n|-damage|p2a: Ludicolo|106/290\n|-damage|p2a: Ludicolo|0 fnt\n|faint|p2a: Ludicolo\n|-hitcount|p2: Ludicolo|3\n|\n|upkeep\n|\n|t:|1781400731\n|switch|p2a: Dragonite|Dragonite, L74, F|193/257\n|turn|40\n|\n|t:|1781400732\n|move|p1a: Ambipom|Triple Axel|p2a: Dragonite\n|-supereffective|p2a: Dragonite\n|-damage|p2a: Dragonite|0 fnt\n|faint|p2a: Dragonite\n|-hitcount|p2: Dragonite|1\n|\n|win|Rheny\n", "uploadtime": 1781400402, "views": 3, "formatid": "gen9randombattle", "rating": null, "private": 0, "password": null}