{"id": "gen9randombattle-2631527599", "format": "[Gen 9] Random Battle", "players": ["arnavgupta", "Daruma"], "log": "|j|\u2606arnavgupta\n|j|\u2606Daruma\n|t:|1781396865\n|gametype|singles\n|player|p1|arnavgupta|drayden|2090\n|player|p2|Daruma|#ruplixsleekslushrushers|2105\n|gen|9\n|tier|[Gen 9] Random Battle\n|rated|\n|rule|Species Clause: Limit one of each Pok\u00e9mon\n|rule|HP Percentage Mod: HP is shown in percentages\n|rule|Sleep Clause Mod: Limit one foe put to sleep\n|rule|Illusion Level Mod: Illusion disguises the Pok\u00e9mon's true level\n|\n|t:|1781396865\n|teamsize|p1|6\n|teamsize|p2|6\n|start\n|switch|p1a: Munkidori|Munkidori, L79, M|269/269\n|switch|p2a: Tauros|Tauros-Paldea-Combat, L82, M|257/257\n|-ability|p2a: Tauros|Intimidate|boost\n|-unboost|p1a: Munkidori|atk|1\n|turn|1\n|inactive|Battle timer is ON: inactive players will automatically lose when time's up. (requested by arnavgupta)\n|\n|t:|1781396875\n|switch|p2a: Qwilfish|Qwilfish-Hisui, L83, M|244/244\n|-ability|p2a: Qwilfish|Intimidate|boost\n|-unboost|p1a: Munkidori|atk|1\n|move|p1a: Munkidori|Fake Out|p2a: Qwilfish\n|-damage|p2a: Qwilfish|236/244\n|\n|upkeep\n|turn|2\n|\n|t:|1781396879\n|move|p1a: Munkidori|U-turn|p2a: Qwilfish\n|-damage|p2a: Qwilfish|223/244\n|\n|t:|1781396883\n|switch|p1a: Perrserker|Perrserker, L89, M|269/269|[from] U-turn\n|move|p2a: Qwilfish|Spikes|p1a: Perrserker\n|-sidestart|p1: arnavgupta|Spikes\n|\n|upkeep\n|turn|3\n|\n|t:|1781396895\n|switch|p2a: Chesnaught|Chesnaught, L84, M|285/285\n|move|p1a: Perrserker|Stealth Rock|p2a: Chesnaught\n|-sidestart|p2: Daruma|move: Stealth Rock\n|\n|upkeep\n|turn|4\n|\n|t:|1781396910\n|switch|p1a: Munkidori|Munkidori, L79, M|269/269\n|-damage|p1a: Munkidori|236/269|[from] Spikes\n|move|p2a: Chesnaught|Body Press|p1a: Munkidori\n|-resisted|p1a: Munkidori\n|-damage|p1a: Munkidori|200/269\n|\n|upkeep\n|turn|5\n|\n|t:|1781396916\n|move|p1a: Munkidori|Sludge Wave|p2a: Chesnaught\n|-supereffective|p2a: Chesnaught\n|-damage|p2a: Chesnaught|45/285\n|move|p2a: Chesnaught|Body Press|p1a: Munkidori\n|-resisted|p1a: Munkidori\n|-damage|p1a: Munkidori|168/269\n|\n|-heal|p2a: Chesnaught|62/285|[from] item: Leftovers\n|upkeep\n|turn|6\n|\n|t:|1781396924\n|switch|p2a: Qwilfish|Qwilfish-Hisui, L83, M|223/244\n|-damage|p2a: Qwilfish|193/244|[from] Stealth Rock\n|-ability|p2a: Qwilfish|Intimidate|boost\n|-unboost|p1a: Munkidori|atk|1\n|move|p1a: Munkidori|Sludge Wave|p2a: Qwilfish\n|-resisted|p2a: Qwilfish\n|-damage|p2a: Qwilfish|141/244\n|\n|upkeep\n|turn|7\n|\n|t:|1781396930\n|move|p1a: Munkidori|U-turn|p2a: Qwilfish\n|-damage|p2a: Qwilfish|123/244\n|\n|t:|1781396932\n|switch|p1a: Perrserker|Perrserker, L89, M|269/269|[from] U-turn\n|-damage|p1a: Perrserker|236/269|[from] Spikes\n|move|p2a: Qwilfish|Spikes|p1a: Perrserker\n|-sidestart|p1: arnavgupta|Spikes\n|\n|upkeep\n|turn|8\n|\n|t:|1781396935\n|switch|p2a: Chesnaught|Chesnaught, L84, M|62/285\n|-damage|p2a: Chesnaught|45/285|[from] Stealth Rock\n|move|p1a: Perrserker|U-turn|p2a: Chesnaught\n|-crit|p2a: Chesnaught\n|-damage|p2a: Chesnaught|0 fnt\n|faint|p2a: Chesnaught\n|-damage|p1a: Perrserker|210/269|[from] item: Life Orb\n|\n|t:|1781396945\n|switch|p1a: Eelektross|Eelektross, L87, M|290/290|[from] U-turn\n|\n|upkeep\n|\n|t:|1781396953\n|switch|p2a: Uxie|Uxie, L83|260/260\n|-damage|p2a: Uxie|228/260|[from] Stealth Rock\n|turn|9\n|\n|t:|1781396956\n|move|p2a: Uxie|Knock Off|p1a: Eelektross\n|-damage|p1a: Eelektross|233/290\n|-enditem|p1a: Eelektross|Leftovers|[from] move: Knock Off|[of] p2a: Uxie\n|move|p1a: Eelektross|Knock Off|p2a: Uxie\n|-supereffective|p2a: Uxie\n|-damage|p2a: Uxie|102/260\n|-enditem|p2a: Uxie|Leftovers|[from] move: Knock Off|[of] p1a: Eelektross\n|\n|upkeep\n|turn|10\n|\n|t:|1781396963\n|move|p2a: Uxie|Psychic Noise|p1a: Eelektross\n|-damage|p1a: Eelektross|160/290\n|-start|p1a: Eelektross|move: Heal Block\n|move|p1a: Eelektross|Supercell Slam|p2a: Uxie\n|-damage|p2a: Uxie|2/260\n|\n|upkeep\n|turn|11\n|\n|t:|1781396970\n|move|p2a: Uxie|Psychic Noise|p1a: Eelektross\n|-damage|p1a: Eelektross|88/290\n|move|p1a: Eelektross|Knock Off|p2a: Uxie\n|-supereffective|p2a: Uxie\n|-damage|p2a: Uxie|0 fnt\n|faint|p2a: Uxie\n|\n|-end|p1a: Eelektross|move: Heal Block\n|upkeep\n|\n|t:|1781396977\n|switch|p2a: Qwilfish|Qwilfish-Hisui, L83, M|123/244\n|-damage|p2a: Qwilfish|93/244|[from] Stealth Rock\n|-ability|p2a: Qwilfish|Intimidate|boost\n|-unboost|p1a: Eelektross|atk|1\n|turn|12\n|\n|t:|1781396980\n|move|p2a: Qwilfish|Gunk Shot|p1a: Eelektross\n|-damage|p1a: Eelektross|0 fnt\n|faint|p1a: Eelektross\n|\n|upkeep\n|\n|t:|1781396985\n|switch|p1a: Munkidori|Munkidori, L79, M|168/269\n|-damage|p1a: Munkidori|124/269|[from] Spikes\n|turn|13\n|\n|t:|1781396987\n|move|p1a: Munkidori|Fake Out|p2a: Qwilfish\n|-damage|p2a: Qwilfish|76/244\n|cant|p2a: Qwilfish|flinch\n|\n|upkeep\n|turn|14\n|\n|t:|1781396990\n|move|p1a: Munkidori|U-turn|p2a: Qwilfish\n|-damage|p2a: Qwilfish|51/244\n|\n|t:|1781396992\n|switch|p1a: Perrserker|Perrserker, L89, M|210/269|[from] U-turn\n|-damage|p1a: Perrserker|166/269|[from] Spikes\n|move|p2a: Qwilfish|Crunch|p1a: Perrserker\n|-damage|p1a: Perrserker|90/269\n|\n|upkeep\n|turn|15\n|\n|t:|1781396996\n|move|p2a: Qwilfish|Crunch|p1a: Perrserker\n|-damage|p1a: Perrserker|18/269\n|move|p1a: Perrserker|U-turn|p2a: Qwilfish\n|-damage|p2a: Qwilfish|0 fnt\n|faint|p2a: Qwilfish\n|-damage|p1a: Perrserker|0 fnt|[from] item: Life Orb\n|faint|p1a: Perrserker\n|\n|upkeep\n|\n|t:|1781397003\n|switch|p2a: Scream Tail|Scream Tail, L84|330/330\n|switch|p1a: Munkidori|Munkidori, L79, M|124/269\n|-damage|p2a: Scream Tail|289/330|[from] Stealth Rock\n|-damage|p1a: Munkidori|80/269|[from] Spikes\n|turn|16\n|\n|t:|1781397009\n|move|p2a: Scream Tail|Protect|p2a: Scream Tail\n|-singleturn|p2a: Scream Tail|Protect\n|move|p1a: Munkidori|Fake Out|p2a: Scream Tail\n|-activate|p2a: Scream Tail|move: Protect\n|\n|-heal|p2a: Scream Tail|309/330|[from] item: Leftovers\n|upkeep\n|turn|17\n|\n|t:|1781397012\n|move|p2a: Scream Tail|Play Rough|p1a: Munkidori\n|-resisted|p1a: Munkidori\n|-damage|p1a: Munkidori|30/269\n|move|p1a: Munkidori|Sludge Wave|p2a: Scream Tail\n|-supereffective|p2a: Scream Tail\n|-damage|p2a: Scream Tail|139/330\n|-status|p2a: Scream Tail|tox|[from] ability: Toxic Chain|[of] p1a: Munkidori\n|\n|-heal|p2a: Scream Tail|159/330 tox|[from] item: Leftovers\n|-damage|p2a: Scream Tail|139/330 tox|[from] psn\n|upkeep\n|turn|18\n|\n|t:|1781397019\n|move|p2a: Scream Tail|Play Rough|p1a: Munkidori\n|-resisted|p1a: Munkidori\n|-damage|p1a: Munkidori|0 fnt\n|faint|p1a: Munkidori\n|\n|-heal|p2a: Scream Tail|159/330 tox|[from] item: Leftovers\n|-damage|p2a: Scream Tail|119/330 tox|[from] psn\n|upkeep\n|\n|t:|1781397034\n|switch|p1a: Cloyster|Cloyster, L80, M|211/211\n|-damage|p1a: Cloyster|176/211|[from] Spikes\n|turn|19\n|\n|t:|1781397063\n|-terastallize|p1a: Cloyster|Ground\n|move|p2a: Scream Tail|Thunder Wave|p1a: Cloyster\n|-immune|p1a: Cloyster\n|move|p1a: Cloyster|Shell Smash|p1a: Cloyster\n|-unboost|p1a: Cloyster|def|1\n|-unboost|p1a: Cloyster|spd|1\n|-boost|p1a: Cloyster|atk|2\n|-boost|p1a: Cloyster|spa|2\n|-boost|p1a: Cloyster|spe|2\n|-enditem|p1a: Cloyster|White Herb\n|-clearnegativeboost|p1a: Cloyster|[silent]\n|\n|-heal|p2a: Scream Tail|139/330 tox|[from] item: Leftovers\n|-damage|p2a: Scream Tail|79/330 tox|[from] psn\n|upkeep\n|turn|20\n|\n|t:|1781397070\n|move|p1a: Cloyster|Icicle Spear|p2a: Scream Tail\n|-damage|p2a: Scream Tail|31/330 tox\n|-damage|p2a: Scream Tail|0 fnt\n|faint|p2a: Scream Tail\n|-end|p2a: Scream Tail|Protosynthesis|[silent]\n|-hitcount|p2: Scream Tail|2\n|\n|upkeep\n|\n|t:|1781397080\n|switch|p2a: Mudsdale|Mudsdale, L83, F|302/302\n|-damage|p2a: Mudsdale|284/302|[from] Stealth Rock\n|turn|21\n|\n|t:|1781397097\n|switch|p1a: Basculegion|Basculegion, L80, M|323/323\n|-damage|p1a: Basculegion|270/323|[from] Spikes\n|move|p2a: Mudsdale|Roar|p1a: Basculegion\n|drag|p1a: Cloyster|Cloyster, L80, M, tera:Ground|176/211\n|-damage|p1a: Cloyster|141/211|[from] Spikes\n|\n|-heal|p2a: Mudsdale|302/302|[from] item: Leftovers\n|upkeep\n|turn|22\n|\n|t:|1781397109\n|switch|p1a: Basculegion|Basculegion, L80, M|270/323\n|-damage|p1a: Basculegion|217/323|[from] Spikes\n|-terastallize|p2a: Mudsdale|Steel\n|move|p2a: Mudsdale|Roar|p1a: Basculegion\n|drag|p1a: Hawlucha|Hawlucha, L80, M|256/256\n|\n|upkeep\n|turn|23\n|\n|t:|1781397119\n|move|p1a: Hawlucha|Close Combat|p2a: Mudsdale\n|-supereffective|p2a: Mudsdale\n|-damage|p2a: Mudsdale|84/302\n|-unboost|p1a: Hawlucha|def|1\n|-unboost|p1a: Hawlucha|spd|1\n|-ability|p2a: Mudsdale|Stamina|boost\n|-boost|p2a: Mudsdale|def|1\n|-enditem|p1a: Hawlucha|White Herb\n|-clearnegativeboost|p1a: Hawlucha|[silent]\n|move|p2a: Mudsdale|Roar|p1a: Hawlucha\n|drag|p1a: Cloyster|Cloyster, L80, M, tera:Ground|141/211\n|-damage|p1a: Cloyster|106/211|[from] Spikes\n|\n|-heal|p2a: Mudsdale|102/302|[from] item: Leftovers\n|upkeep\n|turn|24\n|-message|Daruma forfeited.\n|\n|win|arnavgupta\n", "uploadtime": 1781396867, "views": 4, "formatid": "gen9randombattle", "rating": null, "private": 0, "password": null}