{"id": "gen9randombattle-2631927791", "format": "[Gen 9] Random Battle", "players": ["4 akashi_seijuro", "TransGirlFromHell"], "log": "|j|\u26064 akashi_seijuro\n|j|\u2606TransGirlFromHell\n|t:|1781456553\n|gametype|singles\n|player|p1|4 akashi_seijuro|266|1942\n|player|p2|TransGirlFromHell|candice|1900\n|gen|9\n|tier|[Gen 9] Random Battle\n|rated|\n|rule|Species Clause: Limit one of each Pok\u00e9mon\n|rule|HP Percentage Mod: HP is shown in percentages\n|rule|Sleep Clause Mod: Limit one foe put to sleep\n|rule|Illusion Level Mod: Illusion disguises the Pok\u00e9mon's true level\n|\n|t:|1781456553\n|teamsize|p1|6\n|teamsize|p2|6\n|start\n|switch|p1a: Oranguru|Oranguru, L92, F|315/315\n|switch|p2a: Venomoth|Venomoth, L84, M|255/255\n|turn|1\n|inactive|Battle timer is ON: inactive players will automatically lose when time's up. (requested by 4 akashi_seijuro)\n|\n|t:|1781456568\n|switch|p2a: Grumpig|Grumpig, L92, F|297/297\n|move|p1a: Oranguru|Psychic|p2a: Grumpig\n|-resisted|p2a: Grumpig\n|-damage|p2a: Grumpig|257/297\n|\n|-heal|p2a: Grumpig|275/297|[from] item: Leftovers\n|upkeep\n|turn|2\n|\n|t:|1781456586\n|switch|p1a: Luxray|Luxray, L88, F|284/284\n|-ability|p1a: Luxray|Intimidate|boost\n|-unboost|p2a: Grumpig|atk|1\n|move|p2a: Grumpig|Nasty Plot|p2a: Grumpig\n|-boost|p2a: Grumpig|spa|2\n|\n|-heal|p2a: Grumpig|293/297|[from] item: Leftovers\n|upkeep\n|turn|3\n|\n|t:|1781456590\n|move|p2a: Grumpig|Earth Power|p1a: Luxray\n|-supereffective|p1a: Luxray\n|-damage|p1a: Luxray|74/284\n|move|p1a: Luxray|Wild Charge|p2a: Grumpig\n|-crit|p2a: Grumpig\n|-damage|p2a: Grumpig|91/297\n|-damage|p1a: Luxray|23/284|[from] Recoil\n|\n|-heal|p2a: Grumpig|109/297|[from] item: Leftovers\n|upkeep\n|turn|4\n|\n|t:|1781456594\n|move|p2a: Grumpig|Psychic|p1a: Luxray\n|-damage|p1a: Luxray|0 fnt\n|faint|p1a: Luxray\n|\n|-heal|p2a: Grumpig|127/297|[from] item: Leftovers\n|upkeep\n|\n|t:|1781456601\n|switch|p1a: Oranguru|Oranguru, L92, F|235/235\n|turn|5\n|\n|t:|1781456606\n|move|p1a: Oranguru|Dark Pulse|p2a: Grumpig\n|-supereffective|p2a: Grumpig\n|-damage|p2a: Grumpig|0 fnt\n|faint|p2a: Grumpig\n|\n|upkeep\n|\n|t:|1781456611\n|switch|p2a: Rampardos|Rampardos, L90, M|321/321\n|turn|6\n|\n|t:|1781456633\n|switch|p1a: Oranguru|Oranguru, L92, F|315/315\n|move|p2a: Rampardos|Head Smash|p1a: Oranguru\n|-damage|p1a: Oranguru|33/315\n|-damage|p2a: Rampardos|180/321|[from] Recoil\n|\n|-heal|p1a: Oranguru|52/315|[from] item: Leftovers\n|upkeep\n|turn|7\n|inactive|4 akashi_seijuro has 120 seconds left.\n|\n|t:|1781456654\n|move|p2a: Rampardos|Head Smash|p1a: Oranguru\n|-damage|p1a: Oranguru|0 fnt\n|faint|p1a: Oranguru\n|-damage|p2a: Rampardos|154/321|[from] Recoil\n|\n|upkeep\n|inactive|4 akashi_seijuro has 120 seconds left.\n|\n|t:|1781456687\n|switch|p1a: Iron Crown|Iron Crown, L78|268/268\n|turn|8\n|\n|t:|1781456690\n|switch|p2a: Chandelure|Chandelure, L83, M|235/235\n|move|p1a: Iron Crown|Tachyon Cutter|p2a: Chandelure\n|-resisted|p2a: Chandelure\n|-damage|p2a: Chandelure|209/235\n|-resisted|p2a: Chandelure\n|-damage|p2a: Chandelure|179/235\n|-hitcount|p2a: Chandelure|2\n|\n|upkeep\n|turn|9\n|\n|t:|1781456696\n|-end|p1a: Iron Crown|Quark Drive|[silent]\n|switch|p1a: Glimmora|Glimmora, L75, M|248/248\n|move|p2a: Chandelure|Fire Blast|p1a: Glimmora\n|-resisted|p1a: Glimmora\n|-damage|p1a: Glimmora|149/248\n|\n|upkeep\n|turn|10\n|\n|t:|1781456702\n|switch|p2a: Rampardos|Rampardos, L90, M|154/321\n|move|p1a: Glimmora|Meteor Beam||[still]\n|-prepare|p1a: Glimmora|Meteor Beam\n|-boost|p1a: Glimmora|spa|1\n|-enditem|p1a: Glimmora|Power Herb\n|-anim|p1a: Glimmora|Meteor Beam|p2a: Rampardos|[miss]\n|-miss|p1a: Glimmora|p2a: Rampardos\n|\n|upkeep\n|turn|11\n|inactive|4 akashi_seijuro has 120 seconds left.\n|\n|t:|1781456711\n|move|p2a: Rampardos|Earthquake|p1a: Glimmora\n|-supereffective|p1a: Glimmora\n|-damage|p1a: Glimmora|0 fnt\n|-activate|p1a: Glimmora|ability: Toxic Debris\n|-sidestart|p2: TransGirlFromHell|move: Toxic Spikes\n|faint|p1a: Glimmora\n|\n|upkeep\n|c|\u2606TransGirlFromHell|... messed up\n|inactive|4 akashi_seijuro has 120 seconds left.\n|\n|t:|1781456721\n|switch|p1a: Iron Bundle|Iron Bundle, L78|215/215\n|turn|12\n|\n|t:|1781456726\n|move|p1a: Iron Bundle|Ice Beam|p2a: Rampardos\n|-damage|p2a: Rampardos|16/321\n|move|p2a: Rampardos|Earthquake|p1a: Iron Bundle\n|-damage|p1a: Iron Bundle|103/215\n|\n|upkeep\n|turn|13\n|\n|t:|1781456729\n|move|p1a: Iron Bundle|Ice Beam|p2a: Rampardos\n|-damage|p2a: Rampardos|0 fnt\n|faint|p2a: Rampardos\n|\n|upkeep\n|\n|t:|1781456732\n|switch|p2a: Venomoth|Venomoth, L84, M|255/255\n|-sideend|p2: TransGirlFromHell|move: Toxic Spikes|[of] p2a: Venomoth\n|turn|14\n|\n|t:|1781456737\n|-end|p1a: Iron Bundle|Quark Drive|[silent]\n|switch|p1a: Iron Crown|Iron Crown, L78|268/268\n|move|p2a: Venomoth|Quiver Dance|p2a: Venomoth\n|-boost|p2a: Venomoth|spa|1\n|-boost|p2a: Venomoth|spd|1\n|-boost|p2a: Venomoth|spe|1\n|\n|upkeep\n|turn|15\n|\n|t:|1781456742\n|move|p2a: Venomoth|Sleep Powder|p1a: Iron Crown\n|-status|p1a: Iron Crown|slp|[from] move: Sleep Powder\n|cant|p1a: Iron Crown|slp\n|\n|upkeep\n|turn|16\n|\n|t:|1781456749\n|-terastallize|p1a: Iron Crown|Steel\n|move|p2a: Venomoth|Bug Buzz|p1a: Iron Crown\n|-resisted|p1a: Iron Crown\n|-damage|p1a: Iron Crown|142/268 slp\n|-unboost|p1a: Iron Crown|spd|1\n|cant|p1a: Iron Crown|slp\n|\n|-heal|p1a: Iron Crown|158/268 slp|[from] item: Leftovers\n|upkeep\n|turn|17\n|-message|4 akashi_seijuro forfeited.\n|\n|win|TransGirlFromHell\n", "uploadtime": 1781456555, "views": 3, "formatid": "gen9randombattle", "rating": null, "private": 0, "password": null}