{"id": "gen9randombattle-2631989424", "format": "[Gen 9] Random Battle", "players": ["Mcnoodle", "knockdown3s"], "log": "|j|\u2606Mcnoodle\n|j|\u2606knockdown3s\n|t:|1781463319\n|gametype|singles\n|player|p1|Mcnoodle|backpacker|1998\n|player|p2|knockdown3s|266|2124\n|gen|9\n|tier|[Gen 9] Random Battle\n|rated|\n|rule|Species Clause: Limit one of each Pok\u00e9mon\n|rule|HP Percentage Mod: HP is shown in percentages\n|rule|Sleep Clause Mod: Limit one foe put to sleep\n|rule|Illusion Level Mod: Illusion disguises the Pok\u00e9mon's true level\n|\n|t:|1781463319\n|teamsize|p1|6\n|teamsize|p2|6\n|start\n|switch|p1a: Eternatus|Eternatus, L69|308/308\n|switch|p2a: Morpeko|Morpeko, L88, M|245/245\n|-ability|p1a: Eternatus|Pressure\n|turn|1\n|inactive|Battle timer is ON: inactive players will automatically lose when time's up. (requested by Mcnoodle)\n|\n|t:|1781463341\n|move|p2a: Morpeko|Parting Shot|p1a: Eternatus\n|-unboost|p1a: Eternatus|atk|1\n|-unboost|p1a: Eternatus|spa|1\n|\n|t:|1781463365\n|switch|p2a: Sableye|Sableye, L88, F|231/231|[from] Parting Shot\n|move|p1a: Eternatus|Dynamax Cannon|p2a: Sableye\n|-damage|p2a: Sableye|152/231\n|\n|-heal|p2a: Sableye|166/231|[from] item: Leftovers\n|upkeep\n|turn|2\n|inactive|Mcnoodle has 120 seconds left.\n|\n|t:|1781463395\n|move|p2a: Sableye|Thunder Wave|p1a: Eternatus\n|-status|p1a: Eternatus|par\n|move|p1a: Eternatus|Sludge Bomb|p2a: Sableye\n|-resisted|p2a: Sableye\n|-damage|p2a: Sableye|132/231\n|\n|-heal|p2a: Sableye|146/231|[from] item: Leftovers\n|upkeep\n|turn|3\n|\n|t:|1781463401\n|move|p2a: Sableye|Knock Off|p1a: Eternatus\n|-damage|p1a: Eternatus|193/308 par\n|-damage|p2a: Sableye|108/231|[from] item: Rocky Helmet|[of] p1a: Eternatus\n|-enditem|p1a: Eternatus|Rocky Helmet|[from] move: Knock Off|[of] p2a: Sableye\n|cant|p1a: Eternatus|par\n|\n|-heal|p2a: Sableye|122/231|[from] item: Leftovers\n|upkeep\n|turn|4\n|\n|t:|1781463411\n|move|p2a: Sableye|Knock Off|p1a: Eternatus\n|-damage|p1a: Eternatus|123/308 par\n|move|p1a: Eternatus|Sludge Bomb|p2a: Sableye\n|-resisted|p2a: Sableye\n|-damage|p2a: Sableye|89/231\n|-status|p2a: Sableye|psn\n|\n|-heal|p2a: Sableye|103/231 psn|[from] item: Leftovers\n|-damage|p2a: Sableye|75/231 psn|[from] psn\n|upkeep\n|turn|5\n|\n|t:|1781463416\n|move|p2a: Sableye|Recover|p2a: Sableye\n|-heal|p2a: Sableye|191/231 psn\n|move|p1a: Eternatus|Recover|p1a: Eternatus\n|-heal|p1a: Eternatus|277/308 par\n|\n|-heal|p2a: Sableye|205/231 psn|[from] item: Leftovers\n|-damage|p2a: Sableye|177/231 psn|[from] psn\n|upkeep\n|turn|6\n|\n|t:|1781463421\n|switch|p1a: Flareon|Flareon, L90, F|263/263\n|move|p2a: Sableye|Encore||[still]\n|-fail|p2a: Sableye\n|\n|-heal|p2a: Sableye|191/231 psn|[from] item: Leftovers\n|-damage|p2a: Sableye|163/231 psn|[from] psn\n|-status|p1a: Flareon|tox|[from] item: Toxic Orb\n|upkeep\n|turn|7\n|\n|t:|1781463431\n|switch|p2a: Grumpig|Grumpig, L92, M|297/297\n|move|p1a: Flareon|Flare Blitz|p2a: Grumpig\n|-damage|p2a: Grumpig|146/297\n|-damage|p1a: Flareon|213/263 tox|[from] Recoil\n|\n|-heal|p2a: Grumpig|164/297|[from] item: Leftovers\n|-damage|p1a: Flareon|197/263 tox|[from] psn\n|upkeep\n|turn|8\n|\n|t:|1781463443\n|switch|p2a: Sableye|Sableye, L88, F|163/231 psn\n|move|p1a: Flareon|Facade|p2a: Sableye\n|-immune|p2a: Sableye\n|\n|-heal|p2a: Sableye|177/231 psn|[from] item: Leftovers\n|-damage|p1a: Flareon|165/263 tox|[from] psn\n|-damage|p2a: Sableye|149/231 psn|[from] psn\n|upkeep\n|turn|9\n|\n|t:|1781463450\n|switch|p1a: Eternatus|Eternatus, L69|277/308 par\n|-ability|p1a: Eternatus|Pressure\n|move|p2a: Sableye|Recover|p2a: Sableye\n|-heal|p2a: Sableye|231/231 psn\n|\n|-damage|p2a: Sableye|203/231 psn|[from] psn\n|upkeep\n|turn|10\n|\n|t:|1781463458\n|switch|p2a: Grumpig|Grumpig, L92, M|164/297\n|cant|p1a: Eternatus|par\n|\n|-heal|p2a: Grumpig|182/297|[from] item: Leftovers\n|upkeep\n|turn|11\n|\n|t:|1781463478\n|move|p2a: Grumpig|Nasty Plot|p2a: Grumpig\n|-boost|p2a: Grumpig|spa|2\n|move|p1a: Eternatus|Dynamax Cannon|p2a: Grumpig\n|-damage|p2a: Grumpig|103/297\n|\n|-heal|p2a: Grumpig|121/297|[from] item: Leftovers\n|upkeep\n|turn|12\n|\n|t:|1781463495\n|switch|p1a: Flareon|Flareon, L90, F|165/263 tox\n|move|p2a: Grumpig|Psyshock|p1a: Flareon\n|-damage|p1a: Flareon|0 fnt\n|faint|p1a: Flareon\n|\n|-heal|p2a: Grumpig|139/297|[from] item: Leftovers\n|upkeep\n|inactive|Mcnoodle has 120 seconds left.\n|\n|t:|1781463510\n|switch|p1a: Revavroom|Revavroom, L79, M|256/256\n|turn|13\n|\n|t:|1781463515\n|move|p2a: Grumpig|Psyshock|p1a: Revavroom\n|-damage|p1a: Revavroom|73/256\n|move|p1a: Revavroom|Gunk Shot|p2a: Grumpig\n|-damage|p2a: Grumpig|0 fnt\n|faint|p2a: Grumpig\n|-damage|p1a: Revavroom|48/256|[from] item: Life Orb\n|\n|upkeep\n|\n|t:|1781463530\n|switch|p2a: Morpeko|Morpeko, L88, M|245/245\n|turn|14\n|\n|t:|1781463537\n|switch|p1a: Eternatus|Eternatus, L69|277/308 par\n|-ability|p1a: Eternatus|Pressure\n|move|p2a: Morpeko|Aura Wheel|p1a: Eternatus\n|-resisted|p1a: Eternatus\n|-damage|p1a: Eternatus|205/308 par\n|-boost|p2a: Morpeko|spe|1\n|\n|-formechange|p2a: Morpeko|Morpeko-Hangry||[from] ability: Hunger Switch\n|upkeep\n|turn|15\n|\n|t:|1781463544\n|move|p2a: Morpeko|Aura Wheel|p1a: Eternatus\n|-crit|p1a: Eternatus\n|-damage|p1a: Eternatus|0 fnt\n|-boost|p2a: Morpeko|spe|1\n|faint|p1a: Eternatus\n|\n|-formechange|p2a: Morpeko|Morpeko||[from] ability: Hunger Switch\n|upkeep\n|\n|t:|1781463551\n|switch|p1a: Poliwrath|Poliwrath, L88, F|302/302\n|turn|16\n|\n|t:|1781463557\n|move|p2a: Morpeko|Aura Wheel|p1a: Poliwrath\n|-supereffective|p1a: Poliwrath\n|-damage|p1a: Poliwrath|62/302\n|-boost|p2a: Morpeko|spe|1\n|move|p1a: Poliwrath|Rain Dance|p1a: Poliwrath\n|-weather|RainDance\n|\n|-weather|RainDance|[upkeep]\n|-formechange|p2a: Morpeko|Morpeko-Hangry||[from] ability: Hunger Switch\n|upkeep\n|turn|17\n|\n|t:|1781463565\n|move|p2a: Morpeko|Aura Wheel|p1a: Poliwrath\n|-resisted|p1a: Poliwrath\n|-damage|p1a: Poliwrath|3/302\n|-boost|p2a: Morpeko|spe|1\n|move|p1a: Poliwrath|Liquidation|p2a: Morpeko\n|-damage|p2a: Morpeko|21/245\n|-damage|p1a: Poliwrath|0 fnt|[from] item: Life Orb\n|faint|p1a: Poliwrath\n|\n|-weather|RainDance|[upkeep]\n|-formechange|p2a: Morpeko|Morpeko||[from] ability: Hunger Switch\n|upkeep\n|\n|t:|1781463577\n|switch|p1a: Cramorant|Cramorant, L86, M|261/261\n|turn|18\n|c|\u2606knockdown3s|How tf does that only do 20 lol\n|\n|t:|1781463588\n|-terastallize|p1a: Cramorant|Ground\n|move|p2a: Morpeko|Protect|p2a: Morpeko\n|-singleturn|p2a: Morpeko|Protect\n|move|p1a: Cramorant|Surf|p2a: Morpeko\n|-activate|p2a: Morpeko|move: Protect\n|\n|-weather|RainDance|[upkeep]\n|-formechange|p2a: Morpeko|Morpeko-Hangry||[from] ability: Hunger Switch\n|upkeep\n|turn|19\n|\n|t:|1781463595\n|move|p2a: Morpeko|Aura Wheel|p1a: Cramorant\n|-damage|p1a: Cramorant|101/261\n|-boost|p2a: Morpeko|spe|1\n|move|p1a: Cramorant|Surf|p2a: Morpeko\n|-formechange|p1a: Cramorant|Cramorant-Gorging|\n|-damage|p2a: Morpeko|0 fnt\n|faint|p2a: Morpeko\n|\n|-weather|RainDance|[upkeep]\n|upkeep\n|\n|t:|1781463613\n|switch|p2a: Sableye|Sableye, L88, F|203/231 psn\n|turn|20\n|\n|t:|1781463617\n|move|p1a: Cramorant|Surf|p2a: Sableye\n|-damage|p2a: Sableye|28/231 psn\n|move|p2a: Sableye|Knock Off|p1a: Cramorant\n|-damage|p1a: Cramorant|0 fnt\n|-damage|p2a: Sableye|0 fnt|[from] ability: Gulp Missile|[of] p1a: Cramorant\n|-formechange|p1a: Cramorant|Cramorant|\n|faint|p1a: Cramorant\n|faint|p2a: Sableye\n|\n|-weather|none\n|upkeep\n|\n|t:|1781463626\n|switch|p1a: Revavroom|Revavroom, L79, M|48/256\n|switch|p2a: Cinderace|Cinderace, L77, F|249/249\n|turn|21\n|\n|t:|1781463633\n|move|p2a: Cinderace|Pyro Ball|p1a: Revavroom|[miss]\n|-miss|p2a: Cinderace|p1a: Revavroom\n|move|p1a: Revavroom|Shift Gear|p1a: Revavroom\n|-boost|p1a: Revavroom|spe|2\n|-boost|p1a: Revavroom|atk|1\n|\n|upkeep\n|turn|22\n|\n|t:|1781463639\n|move|p1a: Revavroom|High Horsepower|p2a: Cinderace\n|-supereffective|p2a: Cinderace\n|-damage|p2a: Cinderace|0 fnt\n|faint|p2a: Cinderace\n|-damage|p1a: Revavroom|23/256|[from] item: Life Orb\n|\n|upkeep\n|\n|t:|1781463644\n|switch|p2a: Ninetales|Ninetales, L85, F|263/263\n|-weather|SunnyDay|[from] ability: Drought|[of] p2a: Ninetales\n|turn|23\n|\n|t:|1781463649\n|switch|p2a: Lurantis|Lurantis, L87, F, shiny|264/264\n|move|p1a: Revavroom|Gunk Shot|p2a: Lurantis\n|-supereffective|p2a: Lurantis\n|-damage|p2a: Lurantis|0 fnt\n|faint|p2a: Lurantis\n|-damage|p1a: Revavroom|0 fnt|[from] item: Life Orb\n|faint|p1a: Revavroom\n|\n|-weather|SunnyDay|[upkeep]\n|upkeep\n|\n|t:|1781463654\n|switch|p1a: Hawlucha|Hawlucha, L80, F|256/256\n|switch|p2a: Ninetales|Ninetales, L85, F|263/263\n|turn|24\n|\n|t:|1781463662\n|-terastallize|p2a: Ninetales|Fire\n|move|p1a: Hawlucha|Swords Dance|p1a: Hawlucha\n|-boost|p1a: Hawlucha|atk|2\n|move|p2a: Ninetales|Fire Blast|p1a: Hawlucha\n|-damage|p1a: Hawlucha|0 fnt\n|faint|p1a: Hawlucha\n|\n|win|knockdown3s\n", "uploadtime": 1781463322, "views": 3, "formatid": "gen9randombattle", "rating": null, "private": 0, "password": null}