{"id": "gen9randombattle-2631634419", "format": "[Gen 9] Random Battle", "players": ["euphoricpoptarts", "Wigglystuff"], "log": "|j|\u2606euphoricpoptarts\n|j|\u2606Wigglystuff\n|t:|1781412243\n|gametype|singles\n|player|p1|euphoricpoptarts|unknown|2037\n|player|p2|Wigglystuff|169|2042\n|gen|9\n|tier|[Gen 9] Random Battle\n|rated|\n|rule|Species Clause: Limit one of each Pok\u00e9mon\n|rule|HP Percentage Mod: HP is shown in percentages\n|rule|Sleep Clause Mod: Limit one foe put to sleep\n|rule|Illusion Level Mod: Illusion disguises the Pok\u00e9mon's true level\n|\n|t:|1781412243\n|teamsize|p1|6\n|teamsize|p2|6\n|start\n|switch|p1a: Garchomp|Garchomp, L74, M|282/282\n|switch|p2a: Toedscruel|Toedscruel, L87, F|281/281\n|turn|1\n|inactive|Battle timer is ON: inactive players will automatically lose when time's up. (requested by euphoricpoptarts)\n|\n|t:|1781412263\n|switch|p2a: Clefable|Clefable, L83, M|293/293\n|move|p1a: Garchomp|Swords Dance|p1a: Garchomp\n|-boost|p1a: Garchomp|atk|2\n|\n|upkeep\n|turn|2\n|\n|t:|1781412271\n|switch|p1a: Forretress|Forretress, L84, M|263/263\n|move|p2a: Clefable|Moonblast|p1a: Forretress\n|-resisted|p1a: Forretress\n|-damage|p1a: Forretress|180/263\n|\n|-heal|p1a: Forretress|196/263|[from] item: Leftovers\n|upkeep\n|turn|3\n|\n|t:|1781412280\n|move|p2a: Clefable|Fire Blast|p1a: Forretress|[miss]\n|-miss|p2a: Clefable|p1a: Forretress\n|move|p1a: Forretress|Toxic Spikes|p2a: Clefable\n|-sidestart|p2: Wigglystuff|move: Toxic Spikes\n|\n|-heal|p1a: Forretress|212/263|[from] item: Leftovers\n|upkeep\n|turn|4\n|\n|t:|1781412288\n|switch|p1a: Skeledirge|Skeledirge, L79, M|294/294\n|move|p2a: Clefable|Thunder Wave|p1a: Skeledirge\n|-status|p1a: Skeledirge|par\n|\n|upkeep\n|turn|5\n|\n|t:|1781412306\n|switch|p2a: Cyclizar|Cyclizar, L83, M|252/252\n|move|p1a: Skeledirge|Torch Song|p2a: Cyclizar\n|-resisted|p2a: Cyclizar\n|-damage|p2a: Cyclizar|198/252\n|-boost|p1a: Skeledirge|spa|1\n|\n|upkeep\n|turn|6\n|\n|t:|1781412317\n|move|p2a: Cyclizar|Knock Off|p1a: Skeledirge\n|-supereffective|p1a: Skeledirge\n|-damage|p1a: Skeledirge|164/294 par\n|-enditem|p1a: Skeledirge|Heavy-Duty Boots|[from] move: Knock Off|[of] p2a: Cyclizar\n|cant|p1a: Skeledirge|par\n|\n|upkeep\n|turn|7\n|\n|t:|1781412326\n|switch|p1a: Gholdengo|Gholdengo, L77|261/261\n|move|p2a: Cyclizar|Shed Tail|p2a: Cyclizar\n|-start|p2a: Cyclizar|Substitute|[from] move: Shed Tail\n|-damage|p2a: Cyclizar|72/252\n|\n|t:|1781412341\n|switch|p2a: Clefable|Clefable, L83, M|293/293|[from] Shed Tail\n|-status|p2a: Clefable|psn\n|\n|upkeep\n|turn|8\n|\n|t:|1781412348\n|switch|p1a: Skeledirge|Skeledirge, L79, M|164/294 par\n|move|p2a: Clefable|Fire Blast|p1a: Skeledirge\n|-resisted|p1a: Skeledirge\n|-damage|p1a: Skeledirge|104/294 par\n|\n|upkeep\n|turn|9\n|\n|t:|1781412360\n|move|p2a: Clefable|Moonblast|p1a: Skeledirge\n|-resisted|p1a: Skeledirge\n|-damage|p1a: Skeledirge|34/294 par\n|-unboost|p1a: Skeledirge|spa|1\n|move|p1a: Skeledirge|Slack Off|p1a: Skeledirge\n|-heal|p1a: Skeledirge|181/294 par\n|\n|upkeep\n|turn|10\n|\n|t:|1781412373\n|switch|p2a: Cyclizar|Cyclizar, L83, M|156/252\n|move|p1a: Skeledirge|Torch Song|p2a: Cyclizar\n|-resisted|p2a: Cyclizar\n|-damage|p2a: Cyclizar|118/252\n|-boost|p1a: Skeledirge|spa|1\n|\n|upkeep\n|turn|11\n|\n|t:|1781412385\n|move|p2a: Cyclizar|Knock Off|p1a: Skeledirge\n|-supereffective|p1a: Skeledirge\n|-damage|p1a: Skeledirge|91/294 par\n|cant|p1a: Skeledirge|par\n|\n|upkeep\n|turn|12\n|\n|t:|1781412391\n|move|p2a: Cyclizar|Draco Meteor|p1a: Skeledirge\n|-damage|p1a: Skeledirge|0 fnt\n|-unboost|p2a: Cyclizar|spa|2\n|faint|p1a: Skeledirge\n|\n|upkeep\n|\n|t:|1781412396\n|switch|p1a: Forretress|Forretress, L84, M|212/263\n|turn|13\n|\n|t:|1781412401\n|move|p2a: Cyclizar|Taunt|p1a: Forretress\n|-start|p1a: Forretress|move: Taunt\n|move|p1a: Forretress|Rapid Spin|p2a: Cyclizar\n|-damage|p2a: Cyclizar|77/252\n|-boost|p1a: Forretress|spe|1\n|\n|-heal|p1a: Forretress|228/263|[from] item: Leftovers\n|upkeep\n|turn|14\n|\n|t:|1781412412\n|switch|p2a: Clefable|Clefable, L83, M|293/293 psn\n|move|p1a: Forretress|Iron Head|p2a: Clefable\n|-supereffective|p2a: Clefable\n|-damage|p2a: Clefable|101/293 psn\n|\n|-heal|p1a: Forretress|244/263|[from] item: Leftovers\n|upkeep\n|turn|15\n|\n|t:|1781412431\n|switch|p2a: Toedscruel|Toedscruel, L87, F|281/281\n|-status|p2a: Toedscruel|psn\n|move|p1a: Forretress|Iron Head|p2a: Toedscruel\n|-damage|p2a: Toedscruel|181/281 psn\n|\n|-heal|p1a: Forretress|260/263|[from] item: Leftovers\n|-damage|p2a: Toedscruel|146/281 psn|[from] psn\n|-end|p1a: Forretress|move: Taunt\n|upkeep\n|turn|16\n|\n|t:|1781412443\n|move|p2a: Toedscruel|Rapid Spin|p1a: Forretress\n|-resisted|p1a: Forretress\n|-damage|p1a: Forretress|250/263\n|-boost|p2a: Toedscruel|spe|1\n|-sideend|p2: Wigglystuff|Toxic Spikes|[from] move: Rapid Spin|[of] p2a: Toedscruel\n|move|p1a: Forretress|Iron Head|p2a: Toedscruel\n|-damage|p2a: Toedscruel|52/281 psn\n|\n|-heal|p1a: Forretress|263/263|[from] item: Leftovers\n|-damage|p2a: Toedscruel|17/281 psn|[from] psn\n|upkeep\n|turn|17\n|\n|t:|1781412459\n|switch|p2a: Miraidon|Miraidon, L65|238/238\n|-fieldstart|move: Electric Terrain|[from] ability: Hadron Engine|[of] p2a: Miraidon\n|move|p1a: Forretress|Toxic Spikes|p2a: Miraidon\n|-sidestart|p2: Wigglystuff|move: Toxic Spikes\n|\n|upkeep\n|turn|18\n|\n|t:|1781412471\n|switch|p1a: Garchomp|Garchomp, L74, M|282/282\n|move|p2a: Miraidon|Calm Mind|p2a: Miraidon\n|-boost|p2a: Miraidon|spa|1\n|-boost|p2a: Miraidon|spd|1\n|\n|upkeep\n|turn|19\n|\n|t:|1781412488\n|-terastallize|p1a: Garchomp|Fire\n|move|p2a: Miraidon|Dragon Pulse|p1a: Garchomp\n|-damage|p1a: Garchomp|70/282\n|-damage|p2a: Miraidon|215/238|[from] item: Life Orb\n|move|p1a: Garchomp|Earthquake|p2a: Miraidon\n|-supereffective|p2a: Miraidon\n|-damage|p2a: Miraidon|0 fnt\n|faint|p2a: Miraidon\n|\n|upkeep\n|\n|t:|1781412502\n|switch|p2a: Cyclizar|Cyclizar, L83, M|161/252\n|turn|20\n|\n|t:|1781412510\n|move|p2a: Cyclizar|Draco Meteor|p1a: Garchomp\n|-damage|p1a: Garchomp|0 fnt\n|-unboost|p2a: Cyclizar|spa|2\n|faint|p1a: Garchomp\n|\n|upkeep\n|\n|t:|1781412520\n|switch|p1a: Forretress|Forretress, L84, M|263/263\n|turn|21\n|\n|t:|1781412532\n|move|p2a: Cyclizar|Shed Tail|p2a: Cyclizar\n|-start|p2a: Cyclizar|Substitute|[from] move: Shed Tail\n|-damage|p2a: Cyclizar|35/252\n|\n|t:|1781412537\n|switch|p2a: Clefable|Clefable, L83, M|101/293 psn|[from] Shed Tail\n|move|p1a: Forretress|Rapid Spin|p2a: Clefable\n|-activate|p2a: Clefable|move: Substitute|[damage]\n|-boost|p1a: Forretress|spe|1\n|\n|-fieldend|move: Electric Terrain\n|upkeep\n|turn|22\n|\n|t:|1781412551\n|move|p1a: Forretress|Iron Head|p2a: Clefable\n|-supereffective|p2a: Clefable\n|-end|p2a: Clefable|Substitute\n|move|p2a: Clefable|Moonlight|p2a: Clefable\n|-heal|p2a: Clefable|247/293 psn\n|\n|upkeep\n|turn|23\n|\n|t:|1781412562\n|move|p1a: Forretress|Iron Head|p2a: Clefable\n|-supereffective|p2a: Clefable\n|-damage|p2a: Clefable|73/293 psn\n|cant|p2a: Clefable|flinch\n|\n|upkeep\n|turn|24\n|\n|t:|1781412573\n|switch|p2a: Cyclizar|Cyclizar, L83, M|119/252\n|move|p1a: Forretress|Iron Head|p2a: Cyclizar\n|-damage|p2a: Cyclizar|16/252\n|\n|upkeep\n|turn|25\n|\n|t:|1781412581\n|move|p2a: Cyclizar|Knock Off|p1a: Forretress\n|-damage|p1a: Forretress|215/263\n|-enditem|p1a: Forretress|Leftovers|[from] move: Knock Off|[of] p2a: Cyclizar\n|move|p1a: Forretress|Rapid Spin|p2a: Cyclizar\n|-damage|p2a: Cyclizar|0 fnt\n|-boost|p1a: Forretress|spe|1\n|faint|p2a: Cyclizar\n|\n|upkeep\n|\n|t:|1781412595\n|switch|p2a: Frosmoth|Frosmoth, L82, M|249/249\n|turn|26\n|\n|t:|1781412613\n|-terastallize|p2a: Frosmoth|Water\n|move|p1a: Forretress|Volt Switch|p2a: Frosmoth\n|-supereffective|p2a: Frosmoth\n|-damage|p2a: Frosmoth|212/249\n|\n|t:|1781412619\n|switch|p1a: Furret|Furret, L94, M|312/312|[from] Volt Switch\n|-item|p2a: Frosmoth|Heavy-Duty Boots|[from] ability: Frisk|[of] p1a: Furret\n|move|p2a: Frosmoth|Quiver Dance|p2a: Frosmoth\n|-boost|p2a: Frosmoth|spa|1\n|-boost|p2a: Frosmoth|spd|1\n|-boost|p2a: Frosmoth|spe|1\n|\n|upkeep\n|turn|27\n|\n|t:|1781412639\n|move|p2a: Frosmoth|Ice Beam|p1a: Furret\n|-damage|p1a: Furret|107/312\n|move|p1a: Furret|Double-Edge|p2a: Frosmoth\n|-damage|p2a: Frosmoth|0 fnt\n|faint|p2a: Frosmoth\n|-damage|p1a: Furret|37/312|[from] Recoil\n|-damage|p1a: Furret|6/312|[from] item: Life Orb\n|\n|upkeep\n|\n|t:|1781412651\n|switch|p2a: Toedscruel|Toedscruel, L87, F|17/281 psn\n|turn|28\n|\n|t:|1781412656\n|switch|p1a: Gholdengo|Gholdengo, L77|261/261\n|move|p2a: Toedscruel|Earth Power|p1a: Gholdengo\n|-supereffective|p1a: Gholdengo\n|-damage|p1a: Gholdengo|85/261\n|\n|-heal|p1a: Gholdengo|101/261|[from] item: Leftovers\n|-damage|p2a: Toedscruel|0 fnt|[from] psn\n|faint|p2a: Toedscruel\n|upkeep\n|\n|t:|1781412667\n|switch|p2a: Grumpig|Grumpig, L92, M|297/297\n|-status|p2a: Grumpig|psn\n|turn|29\n|\n|t:|1781412676\n|move|p2a: Grumpig|Earth Power|p1a: Gholdengo\n|-supereffective|p1a: Gholdengo\n|-damage|p1a: Gholdengo|0 fnt\n|faint|p1a: Gholdengo\n|\n|-damage|p2a: Grumpig|260/297 psn|[from] psn\n|upkeep\n|\n|t:|1781412679\n|switch|p1a: Shiftry|Shiftry, L89, F|305/305\n|turn|30\n|\n|t:|1781412685\n|switch|p2a: Clefable|Clefable, L83, M|73/293 psn\n|move|p1a: Shiftry|Tailwind|p1a: Shiftry\n|-sidestart|p1: euphoricpoptarts|move: Tailwind\n|-ability|p1a: Shiftry|Wind Rider|boost\n|-boost|p1a: Shiftry|atk|1\n|\n|upkeep\n|turn|31\n|\n|t:|1781412693\n|move|p1a: Shiftry|Knock Off|p2a: Clefable\n|-resisted|p2a: Clefable\n|-damage|p2a: Clefable|0 fnt\n|-enditem|p2a: Clefable|Life Orb|[from] move: Knock Off|[of] p1a: Shiftry\n|faint|p2a: Clefable\n|-damage|p1a: Shiftry|275/305|[from] item: Life Orb\n|\n|upkeep\n|\n|t:|1781412696\n|switch|p2a: Grumpig|Grumpig, L92, M|260/297 psn\n|turn|32\n|\n|t:|1781412699\n|move|p1a: Shiftry|Knock Off|p2a: Grumpig\n|-supereffective|p2a: Grumpig\n|-damage|p2a: Grumpig|0 fnt\n|-enditem|p2a: Grumpig|Choice Specs|[from] move: Knock Off|[of] p1a: Shiftry\n|faint|p2a: Grumpig\n|-damage|p1a: Shiftry|245/305|[from] item: Life Orb\n|\n|win|euphoricpoptarts\n", "uploadtime": 1781412245, "views": 5, "formatid": "gen9randombattle", "rating": null, "private": 0, "password": null}