{"id": "gen9randombattle-2631567813", "format": "[Gen 9] Random Battle", "players": ["Miercalito", "Magikarpitalism"], "log": "|j|\u2606Miercalito\n|j|\u2606Magikarpitalism\n|t:|1781402412\n|gametype|singles\n|player|p1|Miercalito|102|2208\n|player|p2|Magikarpitalism|steven|2134\n|gen|9\n|tier|[Gen 9] Random Battle\n|rated|\n|rule|Species Clause: Limit one of each Pok\u00e9mon\n|rule|HP Percentage Mod: HP is shown in percentages\n|rule|Sleep Clause Mod: Limit one foe put to sleep\n|rule|Illusion Level Mod: Illusion disguises the Pok\u00e9mon's true level\n|\n|t:|1781402412\n|teamsize|p1|6\n|teamsize|p2|6\n|start\n|switch|p1a: Shaymin|Shaymin, L82|298/298\n|switch|p2a: Malamar|Malamar, L82, F|275/275\n|turn|1\n|inactive|Battle timer is ON: inactive players will automatically lose when time's up. (requested by Miercalito)\n|\n|t:|1781402459\n|move|p1a: Shaymin|Air Slash|p2a: Malamar\n|-crit|p2a: Malamar\n|-damage|p2a: Malamar|191/275\n|cant|p2a: Malamar|flinch\n|\n|upkeep\n|turn|2\n|\n|t:|1781402465\n|move|p1a: Shaymin|Air Slash|p2a: Malamar\n|-damage|p2a: Malamar|129/275\n|cant|p2a: Malamar|flinch\n|\n|upkeep\n|turn|3\n|inactive|Magikarpitalism has 120 seconds left.\n|\n|t:|1781402505\n|move|p1a: Shaymin|Air Slash|p2a: Malamar\n|-damage|p2a: Malamar|66/275\n|cant|p2a: Malamar|flinch\n|\n|upkeep\n|turn|4\n|inactive|Magikarpitalism has 120 seconds left.\n|inactive|Magikarpitalism has 90 seconds left.\n|inactive|Magikarpitalism has 60 seconds left.\n|inactive|Magikarpitalism has 30 seconds left.\n|inactive|Magikarpitalism has 20 seconds left.\n|inactive|Magikarpitalism has 15 seconds left.\n|inactive|Magikarpitalism has 10 seconds left.\n|\n|t:|1781402622\n|move|p1a: Shaymin|Seed Flare|p2a: Malamar\n|-damage|p2a: Malamar|0 fnt\n|faint|p2a: Malamar\n|\n|upkeep\n|inactive|Magikarpitalism has 15 seconds left this turn.\n|inactive|Magikarpitalism has 10 seconds left.\n|inactive|Magikarpitalism has 5 seconds left.\n|\n|t:|1781402633\n|switch|p2a: Flapple|Flapple, L88, F|266/266\n|turn|5\n|inactive|Magikarpitalism has 15 seconds left this turn.\n|\n|t:|1781402638\n|move|p1a: Shaymin|Air Slash|p2a: Flapple\n|-supereffective|p2a: Flapple\n|-damage|p2a: Flapple|138/266\n|move|p2a: Flapple|Dragon Dance|p2a: Flapple\n|-boost|p2a: Flapple|atk|1\n|-boost|p2a: Flapple|spe|1\n|\n|upkeep\n|turn|6\n|inactive|Magikarpitalism has 25 seconds left this turn.\n|inactive|Magikarpitalism has 20 seconds left.\n|\n|t:|1781402646\n|move|p2a: Flapple|Dragon Dance|p2a: Flapple\n|-boost|p2a: Flapple|atk|1\n|-boost|p2a: Flapple|spe|1\n|move|p1a: Shaymin|Air Slash|p2a: Flapple\n|-supereffective|p2a: Flapple\n|-damage|p2a: Flapple|8/266\n|\n|upkeep\n|turn|7\n|inactive|Magikarpitalism has 30 seconds left this turn.\n|\n|t:|1781402653\n|-terastallize|p2a: Flapple|Fire\n|move|p2a: Flapple|Tera Blast|p1a: Shaymin|[anim] Tera Blast Fire\n|-supereffective|p1a: Shaymin\n|-damage|p1a: Shaymin|0 fnt\n|faint|p1a: Shaymin\n|\n|upkeep\n|\n|t:|1781402658\n|switch|p1a: Lugia|Lugia, L73|275/275\n|turn|8\n|\n|t:|1781402662\n|move|p2a: Flapple|Outrage|p1a: Lugia\n|-damage|p1a: Lugia|75/275\n|move|p1a: Lugia|Psychic Noise|p2a: Flapple\n|-damage|p2a: Flapple|0 fnt\n|faint|p2a: Flapple\n|\n|upkeep\n|inactive|Magikarpitalism has 30 seconds left.\n|\n|t:|1781402690\n|switch|p2a: Rotom|Rotom-Wash, L82|216/216\n|turn|9\n|\n|t:|1781402706\n|switch|p1a: Swalot|Swalot, L90, M|326/326\n|move|p2a: Rotom|Volt Switch|p1a: Swalot\n|-damage|p1a: Swalot|254/326\n|inactive|Magikarpitalism has 30 seconds left.\n|\n|t:|1781402719\n|switch|p2a: Chesnaught|Chesnaught, L84, M|285/285|[from] Volt Switch\n|\n|-heal|p1a: Swalot|274/326|[from] item: Leftovers\n|upkeep\n|turn|10\n|\n|t:|1781402724\n|move|p2a: Chesnaught|Iron Defense|p2a: Chesnaught\n|-boost|p2a: Chesnaught|def|2\n|move|p1a: Swalot|Swords Dance|p1a: Swalot\n|-boost|p1a: Swalot|atk|2\n|\n|-heal|p1a: Swalot|294/326|[from] item: Leftovers\n|upkeep\n|turn|11\n|\n|t:|1781402732\n|move|p2a: Chesnaught|Trailblaze|p1a: Swalot\n|-resisted|p1a: Swalot\n|-damage|p1a: Swalot|267/326\n|-boost|p2a: Chesnaught|spe|1\n|move|p1a: Swalot|Gunk Shot|p2a: Chesnaught\n|-supereffective|p2a: Chesnaught\n|-damage|p2a: Chesnaught|103/285\n|\n|-heal|p2a: Chesnaught|120/285|[from] item: Leftovers\n|-heal|p1a: Swalot|287/326|[from] item: Leftovers\n|upkeep\n|turn|12\n|\n|t:|1781402737\n|move|p2a: Chesnaught|Synthesis|p2a: Chesnaught\n|-heal|p2a: Chesnaught|262/285\n|move|p1a: Swalot|Gunk Shot|p2a: Chesnaught|[miss]\n|-miss|p1a: Swalot|p2a: Chesnaught\n|\n|-heal|p2a: Chesnaught|279/285|[from] item: Leftovers\n|-heal|p1a: Swalot|307/326|[from] item: Leftovers\n|upkeep\n|turn|13\n|\n|t:|1781402739\n|move|p2a: Chesnaught|Iron Defense|p2a: Chesnaught\n|-boost|p2a: Chesnaught|def|2\n|move|p1a: Swalot|Gunk Shot|p2a: Chesnaught\n|-supereffective|p2a: Chesnaught\n|-damage|p2a: Chesnaught|159/285\n|\n|-heal|p2a: Chesnaught|176/285|[from] item: Leftovers\n|-heal|p1a: Swalot|326/326|[from] item: Leftovers\n|upkeep\n|turn|14\n|\n|t:|1781402741\n|move|p2a: Chesnaught|Iron Defense|p2a: Chesnaught\n|-boost|p2a: Chesnaught|def|2\n|move|p1a: Swalot|Gunk Shot|p2a: Chesnaught\n|-supereffective|p2a: Chesnaught\n|-damage|p2a: Chesnaught|78/285\n|\n|-heal|p2a: Chesnaught|95/285|[from] item: Leftovers\n|upkeep\n|turn|15\n|\n|t:|1781402743\n|move|p2a: Chesnaught|Synthesis|p2a: Chesnaught\n|-heal|p2a: Chesnaught|237/285\n|move|p1a: Swalot|Gunk Shot|p2a: Chesnaught|[miss]\n|-miss|p1a: Swalot|p2a: Chesnaught\n|\n|-heal|p2a: Chesnaught|254/285|[from] item: Leftovers\n|upkeep\n|turn|16\n|inactive|Magikarpitalism has 90 seconds left.\n|inactive|Magikarpitalism has 60 seconds left.\n|\n|t:|1781402805\n|move|p2a: Chesnaught|Body Press|p1a: Swalot\n|-resisted|p1a: Swalot\n|-damage|p1a: Swalot|140/326\n|move|p1a: Swalot|Gunk Shot|p2a: Chesnaught\n|-supereffective|p2a: Chesnaught\n|-damage|p2a: Chesnaught|152/285\n|\n|-heal|p2a: Chesnaught|169/285|[from] item: Leftovers\n|-heal|p1a: Swalot|160/326|[from] item: Leftovers\n|upkeep\n|turn|17\n|\n|t:|1781402810\n|move|p2a: Chesnaught|Trailblaze|p1a: Swalot\n|-resisted|p1a: Swalot\n|-damage|p1a: Swalot|132/326\n|-boost|p2a: Chesnaught|spe|1\n|move|p1a: Swalot|Gunk Shot|p2a: Chesnaught\n|-supereffective|p2a: Chesnaught\n|-damage|p2a: Chesnaught|67/285\n|\n|-heal|p2a: Chesnaught|84/285|[from] item: Leftovers\n|-heal|p1a: Swalot|152/326|[from] item: Leftovers\n|upkeep\n|turn|18\n|\n|t:|1781402829\n|move|p2a: Chesnaught|Synthesis|p2a: Chesnaught\n|-heal|p2a: Chesnaught|226/285\n|move|p1a: Swalot|Gunk Shot|p2a: Chesnaught\n|-supereffective|p2a: Chesnaught\n|-damage|p2a: Chesnaught|134/285\n|\n|-heal|p2a: Chesnaught|151/285|[from] item: Leftovers\n|-heal|p1a: Swalot|172/326|[from] item: Leftovers\n|upkeep\n|turn|19\n|-message|Miercalito forfeited.\n|\n|win|Magikarpitalism\n|raw|Miercalito's rating: 2208 &rarr; <strong>2184</strong><br />(-24 for losing)\n|raw|Magikarpitalism's rating: 2134 &rarr; <strong>2158</strong><br />(+24 for winning)\n|l|\u2606Miercalito\n|player|p1|\n", "uploadtime": 1781402415, "views": 3, "formatid": "gen9randombattle", "rating": 2158, "private": 0, "password": null}