{"id": "gen9randombattle-2631780008", "format": "[Gen 9] Random Battle", "players": ["Crinjal", "Gin X Tonic"], "log": "|j|\u2606Crinjal\n|j|\u2606Gin X Tonic\n|t:|1781438502\n|gametype|singles\n|player|p1|Crinjal|veteran|1984\n|player|p2|Gin X Tonic|artist-gen4|1905\n|gen|9\n|tier|[Gen 9] Random Battle\n|rated|\n|rule|Species Clause: Limit one of each Pok\u00e9mon\n|rule|HP Percentage Mod: HP is shown in percentages\n|rule|Sleep Clause Mod: Limit one foe put to sleep\n|rule|Illusion Level Mod: Illusion disguises the Pok\u00e9mon's true level\n|\n|t:|1781438502\n|teamsize|p1|6\n|teamsize|p2|6\n|start\n|switch|p1a: Landorus|Landorus-Therian, L76, M|260/260\n|switch|p2a: Minun|Minun, L95, M|268/268\n|-ability|p1a: Landorus|Intimidate|boost\n|-unboost|p2a: Minun|atk|1\n|turn|1\n|inactive|Battle timer is ON: inactive players will automatically lose when time's up. (requested by Gin X Tonic)\n|\n|t:|1781438511\n|switch|p2a: Dondozo|Dondozo, L78, M|362/362\n|move|p1a: Landorus|Earthquake|p2a: Dondozo\n|-damage|p2a: Dondozo|259/362\n|\n|-heal|p2a: Dondozo|281/362|[from] item: Leftovers\n|upkeep\n|turn|2\n|\n|t:|1781438519\n|switch|p1a: Toxapex|Toxapex, L82, M|216/216\n|move|p2a: Dondozo|Wave Crash|p1a: Toxapex\n|-resisted|p1a: Toxapex\n|-damage|p1a: Toxapex|180/216\n|-damage|p2a: Dondozo|269/362|[from] Recoil\n|\n|-heal|p1a: Toxapex|193/216|[from] item: Leftovers\n|-heal|p2a: Dondozo|291/362|[from] item: Leftovers\n|upkeep\n|turn|3\n|\n|t:|1781438526\n|switch|p2a: Blissey|Blissey, L85, F|572/572\n|move|p1a: Toxapex|Toxic|p2a: Blissey\n|-status|p2a: Blissey|tox\n|\n|-heal|p1a: Toxapex|206/216|[from] item: Leftovers\n|-damage|p2a: Blissey|537/572 tox|[from] psn\n|upkeep\n|turn|4\n|\n|t:|1781438540\n|switch|p1a: Landorus|Landorus-Therian, L76, M|260/260\n|-ability|p1a: Landorus|Intimidate|boost\n|-unboost|p2a: Blissey|atk|1\n|move|p2a: Blissey|Stealth Rock|p1a: Landorus\n|-sidestart|p1: Crinjal|move: Stealth Rock\n|\n|-heal|p2a: Blissey|572/572 tox|[from] item: Leftovers\n|-damage|p2a: Blissey|502/572 tox|[from] psn\n|upkeep\n|turn|5\n|\n|t:|1781438546\n|-curestatus|p2a: Blissey|tox|[from] ability: Natural Cure|[silent]\n|switch|p2a: Dondozo|Dondozo, L78, M|291/362\n|move|p1a: Landorus|Stealth Rock|p2a: Dondozo\n|-sidestart|p2: Gin X Tonic|move: Stealth Rock\n|\n|-heal|p2a: Dondozo|313/362|[from] item: Leftovers\n|upkeep\n|turn|6\n|\n|t:|1781438555\n|switch|p2a: Munkidori|Munkidori, L79, M|269/269\n|-damage|p2a: Munkidori|236/269|[from] Stealth Rock\n|move|p1a: Landorus|U-turn|p2a: Munkidori\n|-damage|p2a: Munkidori|166/269\n|\n|t:|1781438573\n|switch|p1a: Thundurus|Thundurus, L80, M|258/258|[from] U-turn\n|-damage|p1a: Thundurus|194/258|[from] Stealth Rock\n|\n|upkeep\n|turn|7\n|\n|t:|1781438582\n|switch|p2a: Blissey|Blissey, L85, F|502/572\n|-damage|p2a: Blissey|431/572|[from] Stealth Rock\n|move|p1a: Thundurus|Knock Off|p2a: Blissey\n|-damage|p2a: Blissey|207/572\n|-enditem|p2a: Blissey|Leftovers|[from] move: Knock Off|[of] p1a: Thundurus\n|\n|upkeep\n|turn|8\n|\n|t:|1781438586\n|move|p1a: Thundurus|Acrobatics|p2a: Blissey\n|-damage|p2a: Blissey|0 fnt\n|faint|p2a: Blissey\n|\n|upkeep\n|\n|t:|1781438595\n|switch|p2a: Ambipom|Ambipom, L84, M|263/263\n|-damage|p2a: Ambipom|231/263|[from] Stealth Rock\n|turn|9\n|\n|t:|1781438605\n|switch|p1a: Toxapex|Toxapex, L82, M|216/216\n|-damage|p1a: Toxapex|189/216|[from] Stealth Rock\n|move|p2a: Ambipom|Double-Edge|p1a: Toxapex\n|-damage|p1a: Toxapex|69/216\n|-damage|p2a: Ambipom|191/263|[from] Recoil\n|\n|-heal|p1a: Toxapex|82/216|[from] item: Leftovers\n|upkeep\n|turn|10\n|\n|t:|1781438616\n|-terastallize|p1a: Toxapex|Steel\n|move|p2a: Ambipom|Double-Edge|p1a: Toxapex\n|-resisted|p1a: Toxapex\n|-damage|p1a: Toxapex|17/216\n|-damage|p2a: Ambipom|170/263|[from] Recoil\n|move|p1a: Toxapex|Recover|p1a: Toxapex\n|-heal|p1a: Toxapex|125/216\n|\n|-heal|p1a: Toxapex|138/216|[from] item: Leftovers\n|upkeep\n|turn|11\n|\n|t:|1781438626\n|switch|p2a: Dondozo|Dondozo, L78, M|313/362\n|-damage|p2a: Dondozo|268/362|[from] Stealth Rock\n|move|p1a: Toxapex|Toxic|p2a: Dondozo\n|-status|p2a: Dondozo|tox\n|\n|-heal|p1a: Toxapex|151/216|[from] item: Leftovers\n|-heal|p2a: Dondozo|290/362 tox|[from] item: Leftovers\n|-damage|p2a: Dondozo|268/362 tox|[from] psn\n|upkeep\n|turn|12\n|\n|t:|1781438636\n|switch|p1a: Luxray|Luxray, L88, F|284/284\n|-damage|p1a: Luxray|249/284|[from] Stealth Rock\n|-ability|p1a: Luxray|Intimidate|boost\n|-unboost|p2a: Dondozo|atk|1\n|move|p2a: Dondozo|Wave Crash|p1a: Luxray\n|-damage|p1a: Luxray|168/284\n|-damage|p2a: Dondozo|241/362 tox|[from] Recoil\n|\n|-heal|p2a: Dondozo|263/362 tox|[from] item: Leftovers\n|-damage|p2a: Dondozo|219/362 tox|[from] psn\n|upkeep\n|turn|13\n|\n|t:|1781438658\n|move|p1a: Luxray|Play Rough|p2a: Dondozo|[miss]\n|-miss|p1a: Luxray|p2a: Dondozo\n|move|p2a: Dondozo|Rest|p2a: Dondozo\n|-status|p2a: Dondozo|slp|[from] move: Rest\n|-heal|p2a: Dondozo|362/362 slp|[silent]\n|\n|upkeep\n|turn|14\n|\n|t:|1781438665\n|switch|p2a: Minun|Minun, L95, M|268/268\n|-damage|p2a: Minun|235/268|[from] Stealth Rock\n|move|p1a: Luxray|Wild Charge|p2a: Minun\n|-heal|p2a: Minun|268/268|[from] ability: Volt Absorb|[of] p1a: Luxray\n|\n|upkeep\n|turn|15\n|\n|t:|1781438672\n|move|p2a: Minun|Nasty Plot|p2a: Minun\n|-boost|p2a: Minun|spa|2\n|move|p1a: Luxray|Play Rough|p2a: Minun\n|-damage|p2a: Minun|161/268\n|\n|upkeep\n|turn|16\n|\n|t:|1781438682\n|move|p2a: Minun|Thunderbolt|p1a: Luxray\n|-resisted|p1a: Luxray\n|-damage|p1a: Luxray|72/284\n|-damage|p2a: Minun|135/268|[from] item: Life Orb\n|move|p1a: Luxray|Play Rough|p2a: Minun\n|-damage|p2a: Minun|25/268\n|\n|upkeep\n|turn|17\n|\n|t:|1781438697\n|move|p2a: Minun|Thunderbolt|p1a: Luxray\n|-resisted|p1a: Luxray\n|-damage|p1a: Luxray|0 fnt\n|faint|p1a: Luxray\n|-damage|p2a: Minun|0 fnt|[from] item: Life Orb\n|faint|p2a: Minun\n|\n|upkeep\n|-message|Gin X Tonic forfeited.\n|\n|win|Crinjal\n", "uploadtime": 1781438504, "views": 4, "formatid": "gen9randombattle", "rating": null, "private": 0, "password": null}