{"id": "gen9randombattle-2631487932", "format": "[Gen 9] Random Battle", "players": ["Profschnitzel", "SattleBimulator"], "log": "|j|\u2606Profschnitzel\n|j|\u2606SattleBimulator\n|t:|1781391348\n|gametype|singles\n|player|p1|Profschnitzel|steven|1963\n|player|p2|SattleBimulator|266|2022\n|gen|9\n|tier|[Gen 9] Random Battle\n|rated|\n|rule|Species Clause: Limit one of each Pok\u00e9mon\n|rule|HP Percentage Mod: HP is shown in percentages\n|rule|Sleep Clause Mod: Limit one foe put to sleep\n|rule|Illusion Level Mod: Illusion disguises the Pok\u00e9mon's true level\n|\n|t:|1781391348\n|teamsize|p1|6\n|teamsize|p2|6\n|start\n|switch|p1a: Hippowdon|Hippowdon, L82, F|311/311\n|switch|p2a: Hypno|Hypno, L95, F|315/315\n|-weather|Sandstorm|[from] ability: Sand Stream|[of] p1a: Hippowdon\n|turn|1\n|inactive|Battle timer is ON: inactive players will automatically lose when time's up. (requested by SattleBimulator)\n|inactive|Profschnitzel also wants the timer to be on.\n|\n|t:|1781391361\n|switch|p1a: Shiftry|Shiftry, L89, M|305/305\n|move|p2a: Hypno|Toxic|p1a: Shiftry\n|-status|p1a: Shiftry|tox\n|\n|-weather|Sandstorm|[upkeep]\n|-damage|p1a: Shiftry|286/305 tox|[from] Sandstorm\n|-damage|p2a: Hypno|296/315|[from] Sandstorm\n|-heal|p2a: Hypno|315/315|[from] item: Leftovers\n|-damage|p1a: Shiftry|267/305 tox|[from] psn\n|upkeep\n|turn|2\n|\n|t:|1781391372\n|switch|p2a: Registeel|Registeel, L81|262/262\n|move|p1a: Shiftry|Swords Dance|p1a: Shiftry\n|-boost|p1a: Shiftry|atk|2\n|\n|-weather|Sandstorm|[upkeep]\n|-damage|p1a: Shiftry|248/305 tox|[from] Sandstorm\n|-damage|p1a: Shiftry|210/305 tox|[from] psn\n|upkeep\n|turn|3\n|\n|t:|1781391378\n|move|p1a: Shiftry|Knock Off|p2a: Registeel\n|-damage|p2a: Registeel|55/262\n|-enditem|p2a: Registeel|Chesto Berry|[from] move: Knock Off|[of] p1a: Shiftry\n|-damage|p1a: Shiftry|180/305 tox|[from] item: Life Orb\n|move|p2a: Registeel|Body Press|p1a: Shiftry\n|-supereffective|p1a: Shiftry\n|-damage|p1a: Shiftry|10/305 tox\n|\n|-weather|Sandstorm|[upkeep]\n|-damage|p1a: Shiftry|0 fnt|[from] Sandstorm\n|faint|p1a: Shiftry\n|upkeep\n|\n|t:|1781391397\n|switch|p1a: Salazzle|Salazzle, L83, F|249/249\n|turn|4\n|\n|t:|1781391403\n|move|p1a: Salazzle|Flamethrower|p2a: Registeel\n|-supereffective|p2a: Registeel\n|-damage|p2a: Registeel|0 fnt\n|faint|p2a: Registeel\n|\n|-weather|Sandstorm|[upkeep]\n|-damage|p1a: Salazzle|234/249|[from] Sandstorm\n|-heal|p1a: Salazzle|249/249|[from] item: Leftovers\n|upkeep\n|\n|t:|1781391410\n|switch|p2a: Piloswine|Piloswine, L85, F|309/309\n|turn|5\n|\n|t:|1781391416\n|move|p1a: Salazzle|Toxic|p2a: Piloswine\n|-status|p2a: Piloswine|tox\n|move|p2a: Piloswine|Stealth Rock|p1a: Salazzle\n|-sidestart|p1: Profschnitzel|move: Stealth Rock\n|\n|-weather|none\n|-damage|p2a: Piloswine|290/309 tox|[from] psn\n|upkeep\n|turn|6\n|\n|t:|1781391421\n|move|p1a: Salazzle|Protect|p1a: Salazzle\n|-singleturn|p1a: Salazzle|Protect\n|move|p2a: Piloswine|Roar|p1a: Salazzle\n|drag|p1a: Ribombee|Ribombee, L83, M|235/235\n|\n|-damage|p2a: Piloswine|252/309 tox|[from] psn\n|upkeep\n|turn|7\n|\n|t:|1781391426\n|move|p1a: Ribombee|Sticky Web|p2a: Piloswine\n|-sidestart|p2: SattleBimulator|move: Sticky Web\n|move|p2a: Piloswine|Roar|p1a: Ribombee\n|drag|p1a: Hawlucha|Hawlucha, L80, M|256/256\n|-damage|p1a: Hawlucha|224/256|[from] Stealth Rock\n|\n|-damage|p2a: Piloswine|195/309 tox|[from] psn\n|upkeep\n|turn|8\n|\n|t:|1781391431\n|move|p1a: Hawlucha|Close Combat|p2a: Piloswine\n|-supereffective|p2a: Piloswine\n|-damage|p2a: Piloswine|49/309 tox\n|-unboost|p1a: Hawlucha|def|1\n|-unboost|p1a: Hawlucha|spd|1\n|-enditem|p1a: Hawlucha|White Herb\n|-clearnegativeboost|p1a: Hawlucha|[silent]\n|move|p2a: Piloswine|Icicle Crash|p1a: Hawlucha|[miss]\n|-miss|p2a: Piloswine|p1a: Hawlucha\n|\n|-damage|p2a: Piloswine|0 fnt|[from] psn\n|faint|p2a: Piloswine\n|upkeep\n|\n|t:|1781391435\n|switch|p2a: Talonflame|Talonflame, L83, F|265/265\n|turn|9\n|\n|t:|1781391442\n|-terastallize|p1a: Hawlucha|Flying\n|move|p1a: Hawlucha|Swords Dance|p1a: Hawlucha\n|-boost|p1a: Hawlucha|atk|2\n|move|p2a: Talonflame|Brave Bird|p1a: Hawlucha\n|-damage|p1a: Hawlucha|98/256\n|-damage|p2a: Talonflame|223/265|[from] Recoil\n|\n|upkeep\n|turn|10\n|\n|t:|1781391448\n|move|p1a: Hawlucha|Acrobatics|p2a: Talonflame\n|-damage|p2a: Talonflame|0 fnt\n|faint|p2a: Talonflame\n|\n|upkeep\n|-message|SattleBimulator forfeited.\n|\n|win|Profschnitzel\n", "uploadtime": 1781391349, "views": 3, "formatid": "gen9randombattle", "rating": null, "private": 0, "password": null}