{"id": "gen9randombattle-2631850327", "format": "[Gen 9] Random Battle", "players": ["drakesbestglazer", "FantasyWind"], "log": "|j|\u203ddrakesbestglazer\n|j|\u203dFantasyWind\n|t:|1781447995\n|gametype|singles\n|player|p1|drakesbestglazer|102|1867\n|player|p2|FantasyWind|rosa|1908\n|gen|9\n|tier|[Gen 9] Random Battle\n|rated|\n|rule|Species Clause: Limit one of each Pok\u00e9mon\n|rule|HP Percentage Mod: HP is shown in percentages\n|rule|Sleep Clause Mod: Limit one foe put to sleep\n|rule|Illusion Level Mod: Illusion disguises the Pok\u00e9mon's true level\n|\n|t:|1781447995\n|teamsize|p1|6\n|teamsize|p2|6\n|start\n|switch|p1a: Regidrago|Regidrago, L77|435/435\n|switch|p2a: Snorlax|Snorlax, L82, M|397/397\n|turn|1\n|inactive|Battle timer is ON: inactive players will automatically lose when time's up. (requested by FantasyWind)\n|inactive|drakesbestglazer also wants the timer to be on.\n|\n|t:|1781448009\n|switch|p1a: Zamazenta|Zamazenta, L71|248/248\n|-ability|p1a: Zamazenta|Dauntless Shield|boost\n|-boost|p1a: Zamazenta|def|1\n|move|p2a: Snorlax|Body Slam|p1a: Zamazenta\n|-damage|p1a: Zamazenta|184/248\n|\n|upkeep\n|turn|2\n|\n|t:|1781448021\n|switch|p2a: Cramorant|Cramorant, L86, F|261/261\n|move|p1a: Zamazenta|Iron Defense|p1a: Zamazenta\n|-boost|p1a: Zamazenta|def|2\n|\n|upkeep\n|turn|3\n|\n|t:|1781448028\n|move|p1a: Zamazenta|Iron Defense|p1a: Zamazenta\n|-boost|p1a: Zamazenta|def|2\n|move|p2a: Cramorant|Surf|p1a: Zamazenta\n|-formechange|p2a: Cramorant|Cramorant-Gulping|\n|-damage|p1a: Zamazenta|105/248\n|\n|upkeep\n|turn|4\n|\n|t:|1781448039\n|move|p1a: Zamazenta|Rest|p1a: Zamazenta\n|-status|p1a: Zamazenta|slp|[from] move: Rest\n|-heal|p1a: Zamazenta|248/248 slp|[silent]\n|-enditem|p1a: Zamazenta|Chesto Berry|[eat]\n|-curestatus|p1a: Zamazenta|slp|[msg]\n|move|p2a: Cramorant|Surf|p1a: Zamazenta\n|-damage|p1a: Zamazenta|158/248\n|\n|upkeep\n|turn|5\n|\n|t:|1781448041\n|move|p1a: Zamazenta|Stone Edge|p2a: Cramorant|[miss]\n|-miss|p1a: Zamazenta|p2a: Cramorant\n|move|p2a: Cramorant|Surf|p1a: Zamazenta\n|-damage|p1a: Zamazenta|77/248\n|\n|upkeep\n|turn|6\n|\n|t:|1781448046\n|move|p1a: Zamazenta|Body Press|p2a: Cramorant\n|-resisted|p2a: Cramorant\n|-damage|p2a: Cramorant|99/261\n|-damage|p1a: Zamazenta|15/248|[from] ability: Gulp Missile|[of] p2a: Cramorant\n|-unboost|p1a: Zamazenta|def|1\n|-formechange|p2a: Cramorant|Cramorant|\n|move|p2a: Cramorant|Surf|p1a: Zamazenta\n|-formechange|p2a: Cramorant|Cramorant-Gorging|\n|-damage|p1a: Zamazenta|0 fnt\n|faint|p1a: Zamazenta\n|\n|upkeep\n|\n|t:|1781448059\n|switch|p1a: Suicune|Suicune, L82|298/298\n|-ability|p1a: Suicune|Pressure\n|turn|7\n|\n|t:|1781448064\n|move|p2a: Cramorant|Roost|p2a: Cramorant\n|-heal|p2a: Cramorant|230/261\n|-singleturn|p2a: Cramorant|move: Roost\n|move|p1a: Suicune|Calm Mind|p1a: Suicune\n|-boost|p1a: Suicune|spa|1\n|-boost|p1a: Suicune|spd|1\n|\n|upkeep\n|turn|8\n|\n|t:|1781448067\n|move|p2a: Cramorant|Brave Bird|p1a: Suicune\n|-damage|p1a: Suicune|199/298\n|-damage|p2a: Cramorant|197/261|[from] Recoil\n|move|p1a: Suicune|Calm Mind|p1a: Suicune\n|-boost|p1a: Suicune|spa|1\n|-boost|p1a: Suicune|spd|1\n|\n|-heal|p1a: Suicune|217/298|[from] item: Leftovers\n|upkeep\n|turn|9\n|\n|t:|1781448071\n|move|p1a: Suicune|Protect|p1a: Suicune\n|-singleturn|p1a: Suicune|Protect\n|move|p2a: Cramorant|Brave Bird|p1a: Suicune\n|-activate|p1a: Suicune|move: Protect\n|\n|-heal|p1a: Suicune|235/298|[from] item: Leftovers\n|upkeep\n|turn|10\n|\n|t:|1781448073\n|move|p2a: Cramorant|Brave Bird|p1a: Suicune\n|-damage|p1a: Suicune|139/298\n|-damage|p2a: Cramorant|165/261|[from] Recoil\n|move|p1a: Suicune|Scald|p2a: Cramorant\n|-resisted|p2a: Cramorant\n|-damage|p2a: Cramorant|96/261\n|-status|p2a: Cramorant|brn\n|-damage|p1a: Suicune|65/298|[from] ability: Gulp Missile|[of] p2a: Cramorant\n|-status|p1a: Suicune|par\n|-formechange|p2a: Cramorant|Cramorant|\n|\n|-heal|p1a: Suicune|83/298 par|[from] item: Leftovers\n|-damage|p2a: Cramorant|80/261 brn|[from] brn\n|upkeep\n|turn|11\n|\n|t:|1781448081\n|move|p1a: Suicune|Protect|p1a: Suicune\n|-singleturn|p1a: Suicune|Protect\n|move|p2a: Cramorant|Surf|p1a: Suicune\n|-activate|p1a: Suicune|move: Protect\n|\n|-heal|p1a: Suicune|101/298 par|[from] item: Leftovers\n|-damage|p2a: Cramorant|64/261 brn|[from] brn\n|upkeep\n|turn|12\n|\n|t:|1781448092\n|move|p2a: Cramorant|Surf|p1a: Suicune\n|-formechange|p2a: Cramorant|Cramorant-Gorging|\n|-resisted|p1a: Suicune\n|-damage|p1a: Suicune|83/298 par\n|cant|p1a: Suicune|par\n|\n|-heal|p1a: Suicune|101/298 par|[from] item: Leftovers\n|-damage|p2a: Cramorant|48/261 brn|[from] brn\n|upkeep\n|turn|13\n|\n|t:|1781448097\n|move|p2a: Cramorant|Roost|p2a: Cramorant\n|-heal|p2a: Cramorant|179/261 brn\n|-singleturn|p2a: Cramorant|move: Roost\n|move|p1a: Suicune|Substitute|p1a: Suicune\n|-start|p1a: Suicune|Substitute\n|-damage|p1a: Suicune|27/298 par\n|\n|-heal|p1a: Suicune|45/298 par|[from] item: Leftovers\n|-damage|p2a: Cramorant|163/261 brn|[from] brn\n|upkeep\n|turn|14\n|\n|t:|1781448102\n|move|p1a: Suicune|Protect|p1a: Suicune\n|-singleturn|p1a: Suicune|Protect\n|move|p2a: Cramorant|Brave Bird|p1a: Suicune\n|-activate|p1a: Suicune|move: Protect\n|\n|-heal|p1a: Suicune|63/298 par|[from] item: Leftovers\n|-damage|p2a: Cramorant|147/261 brn|[from] brn\n|upkeep\n|turn|15\n|\n|t:|1781448108\n|move|p2a: Cramorant|Brave Bird|p1a: Suicune\n|-activate|p1a: Suicune|move: Substitute|[damage]\n|-damage|p2a: Cramorant|130/261 brn|[from] Recoil|[of] p1a: Suicune\n|move|p1a: Suicune|Calm Mind|p1a: Suicune\n|-boost|p1a: Suicune|spa|1\n|-boost|p1a: Suicune|spd|1\n|\n|-heal|p1a: Suicune|81/298 par|[from] item: Leftovers\n|-damage|p2a: Cramorant|114/261 brn|[from] brn\n|upkeep\n|turn|16\n|\n|t:|1781448115\n|move|p2a: Cramorant|Brave Bird|p1a: Suicune\n|-end|p1a: Suicune|Substitute\n|-damage|p2a: Cramorant|106/261 brn|[from] Recoil|[of] p1a: Suicune\n|move|p1a: Suicune|Scald|p2a: Cramorant\n|-resisted|p2a: Cramorant\n|-damage|p2a: Cramorant|24/261 brn\n|-damage|p1a: Suicune|7/298 par|[from] ability: Gulp Missile|[of] p2a: Cramorant\n|-formechange|p2a: Cramorant|Cramorant|\n|\n|-heal|p1a: Suicune|25/298 par|[from] item: Leftovers\n|-damage|p2a: Cramorant|8/261 brn|[from] brn\n|upkeep\n|turn|17\n|\n|t:|1781448119\n|move|p2a: Cramorant|Roost|p2a: Cramorant\n|-heal|p2a: Cramorant|139/261 brn\n|-singleturn|p2a: Cramorant|move: Roost\n|move|p1a: Suicune|Scald|p2a: Cramorant\n|-resisted|p2a: Cramorant\n|-damage|p2a: Cramorant|55/261 brn\n|\n|-heal|p1a: Suicune|43/298 par|[from] item: Leftovers\n|-damage|p2a: Cramorant|39/261 brn|[from] brn\n|upkeep\n|turn|18\n|\n|t:|1781448123\n|move|p2a: Cramorant|Brave Bird|p1a: Suicune\n|-damage|p1a: Suicune|0 fnt\n|faint|p1a: Suicune\n|-damage|p2a: Cramorant|25/261 brn|[from] Recoil\n|\n|-damage|p2a: Cramorant|9/261 brn|[from] brn\n|upkeep\n|\n|t:|1781448127\n|switch|p1a: Noivern|Noivern, L82, F|274/274\n|turn|19\n|\n|t:|1781448132\n|switch|p2a: Snorlax|Snorlax, L82, M|397/397\n|move|p1a: Noivern|Flamethrower|p2a: Snorlax\n|-damage|p2a: Snorlax|369/397\n|-status|p2a: Snorlax|brn\n|\n|-damage|p2a: Snorlax|345/397 brn|[from] brn\n|upkeep\n|turn|20\n|\n|t:|1781448141\n|move|p1a: Noivern|Hurricane|p2a: Snorlax|[miss]\n|-miss|p1a: Noivern|p2a: Snorlax\n|move|p2a: Snorlax|Body Slam|p1a: Noivern\n|-damage|p1a: Noivern|218/274\n|-status|p1a: Noivern|par\n|\n|-damage|p2a: Snorlax|321/397 brn|[from] brn\n|upkeep\n|turn|21\n|\n|t:|1781448144\n|cant|p1a: Noivern|par\n|move|p2a: Snorlax|Curse|p2a: Snorlax\n|-unboost|p2a: Snorlax|spe|1\n|-boost|p2a: Snorlax|atk|1\n|-boost|p2a: Snorlax|def|1\n|\n|-damage|p2a: Snorlax|297/397 brn|[from] brn\n|upkeep\n|turn|22\n|\n|t:|1781448147\n|cant|p1a: Noivern|par\n|move|p2a: Snorlax|Rest|p2a: Snorlax\n|-status|p2a: Snorlax|slp|[from] move: Rest\n|-heal|p2a: Snorlax|397/397 slp|[silent]\n|-enditem|p2a: Snorlax|Chesto Berry|[eat]\n|-curestatus|p2a: Snorlax|slp|[msg]\n|\n|upkeep\n|turn|23\n|\n|t:|1781448154\n|move|p1a: Noivern|Hurricane|p2a: Snorlax\n|-damage|p2a: Snorlax|310/397\n|move|p2a: Snorlax|Body Slam|p1a: Noivern\n|-damage|p1a: Noivern|64/274 par\n|\n|upkeep\n|turn|24\n|\n|t:|1781448159\n|cant|p1a: Noivern|par\n|move|p2a: Snorlax|Body Slam|p1a: Noivern\n|-damage|p1a: Noivern|0 fnt\n|faint|p1a: Noivern\n|\n|upkeep\n|\n|t:|1781448164\n|switch|p1a: Groudon|Groudon, L72|263/263\n|-weather|SunnyDay|[from] ability: Drought|[of] p1a: Groudon\n|turn|25\n|\n|t:|1781448169\n|move|p1a: Groudon|Swords Dance|p1a: Groudon\n|-boost|p1a: Groudon|atk|2\n|move|p2a: Snorlax|Body Slam|p1a: Groudon\n|-damage|p1a: Groudon|157/263\n|-status|p1a: Groudon|par\n|\n|-weather|SunnyDay|[upkeep]\n|-heal|p1a: Groudon|173/263 par|[from] item: Leftovers\n|upkeep\n|turn|26\n|-message|drakesbestglazer forfeited.\n|\n|win|FantasyWind\n|raw|drakesbestglazer's rating: 1867 &rarr; <strong>1849</strong><br />(-18 for losing)\n|raw|FantasyWind's rating: 1908 &rarr; <strong>1926</strong><br />(+18 for winning)\n|l|\u203ddrakesbestglazer\n|player|p1|\n", "uploadtime": 1781448174, "views": 2, "formatid": "gen9randombattle", "rating": 1849, "private": 0, "password": null}