{"id": "gen9randombattle-2631756659", "format": "[Gen 9] Random Battle", "players": ["SmolVersion", "reela"], "log": "|j|\u2606SmolVersion\n|j|\u2606reela\n|t:|1781434674\n|gametype|singles\n|player|p1|SmolVersion|102|1978\n|player|p2|reela|101|2064\n|gen|9\n|tier|[Gen 9] Random Battle\n|rated|\n|rule|Species Clause: Limit one of each Pok\u00e9mon\n|rule|HP Percentage Mod: HP is shown in percentages\n|rule|Sleep Clause Mod: Limit one foe put to sleep\n|rule|Illusion Level Mod: Illusion disguises the Pok\u00e9mon's true level\n|\n|t:|1781434674\n|teamsize|p1|6\n|teamsize|p2|6\n|start\n|switch|p1a: Copperajah|Copperajah, L86, F|349/349\n|switch|p2a: Shaymin|Shaymin, L82|298/298\n|turn|1\n|\n|t:|1781434694\n|switch|p2a: Gurdurr|Gurdurr, L85, M|283/283\n|move|p1a: Copperajah|Heavy Slam|p2a: Gurdurr\n|-damage|p2a: Gurdurr|120/283\n|\n|upkeep\n|turn|2\n|inactive|Battle timer is ON: inactive players will automatically lose when time's up. (requested by SmolVersion)\n|\n|t:|1781434701\n|switch|p1a: Yanmega|Yanmega, L82, F|275/275\n|move|p2a: Gurdurr|Drain Punch|p1a: Yanmega\n|-resisted|p1a: Yanmega\n|-damage|p1a: Yanmega|250/275\n|-heal|p2a: Gurdurr|133/283|[from] drain|[of] p1a: Yanmega\n|\n|upkeep\n|turn|3\n|\n|t:|1781434708\n|switch|p2a: Charizard|Charizard, L85, M|271/271\n|move|p1a: Yanmega|U-turn|p2a: Charizard\n|-resisted|p2a: Charizard\n|-damage|p2a: Charizard|241/271\n|\n|t:|1781434722\n|switch|p1a: Slaking|Slaking, L84, F|389/389|[from] U-turn\n|\n|upkeep\n|turn|4\n|\n|t:|1781434728\n|switch|p2a: Avalugg|Avalugg, L88, F|310/310\n|move|p1a: Slaking|Double-Edge|p2a: Avalugg\n|-crit|p2a: Avalugg\n|-damage|p2a: Avalugg|163/310\n|-damage|p1a: Slaking|340/389|[from] Recoil\n|\n|upkeep\n|turn|5\n|\n|t:|1781434734\n|switch|p1a: Tinkaton|Tinkaton, L82, F|274/274\n|-ability|p1a: Tinkaton|Mold Breaker\n|move|p2a: Avalugg|Body Press|p1a: Tinkaton\n|-crit|p1a: Tinkaton\n|-damage|p1a: Tinkaton|87/274\n|\n|-heal|p1a: Tinkaton|104/274|[from] item: Leftovers\n|upkeep\n|turn|6\n|\n|t:|1781434746\n|switch|p1a: Slaking|Slaking, L84, F|340/389\n|switch|p2a: Toedscruel|Toedscruel, L87, F|281/281\n|\n|upkeep\n|turn|7\n|\n|t:|1781434751\n|switch|p2a: Avalugg|Avalugg, L88, F|163/310\n|move|p1a: Slaking|Double-Edge|p2a: Avalugg\n|-damage|p2a: Avalugg|63/310\n|-damage|p1a: Slaking|307/389|[from] Recoil\n|\n|upkeep\n|turn|8\n|\n|t:|1781434759\n|switch|p1a: Yanmega|Yanmega, L82, F|250/275\n|move|p2a: Avalugg|Recover|p2a: Avalugg\n|-heal|p2a: Avalugg|218/310\n|\n|upkeep\n|turn|9\n|\n|t:|1781434770\n|move|p1a: Yanmega|Bug Buzz|p2a: Avalugg\n|-damage|p2a: Avalugg|7/310\n|move|p2a: Avalugg|Avalanche|p1a: Yanmega\n|-supereffective|p1a: Yanmega\n|-damage|p1a: Yanmega|0 fnt\n|faint|p1a: Yanmega\n|\n|upkeep\n|\n|t:|1781434774\n|switch|p1a: Tinkaton|Tinkaton, L82, F|104/274\n|-ability|p1a: Tinkaton|Mold Breaker\n|turn|10\n|\n|t:|1781434784\n|switch|p2a: Charizard|Charizard, L85, M|241/271\n|move|p1a: Tinkaton|Gigaton Hammer|p2a: Charizard\n|-resisted|p2a: Charizard\n|-damage|p2a: Charizard|175/271\n|\n|-heal|p1a: Tinkaton|121/274|[from] item: Leftovers\n|upkeep\n|turn|11\n|\n|t:|1781434790\n|switch|p1a: Slaking|Slaking, L84, F|307/389\n|move|p2a: Charizard|Flamethrower|p1a: Slaking\n|-damage|p1a: Slaking|180/389\n|\n|upkeep\n|turn|12\n|\n|t:|1781434809\n|switch|p2a: Gurdurr|Gurdurr, L85, M|133/283\n|move|p1a: Slaking|Double-Edge|p2a: Gurdurr\n|-damage|p2a: Gurdurr|1/283\n|-damage|p1a: Slaking|136/389|[from] Recoil\n|\n|upkeep\n|turn|13\n|\n|t:|1781434820\n|switch|p1a: Grafaiai|Grafaiai, L86, F|249/249\n|move|p2a: Gurdurr|Knock Off|p1a: Grafaiai\n|-damage|p1a: Grafaiai|163/249\n|-enditem|p1a: Grafaiai|Life Orb|[from] move: Knock Off|[of] p2a: Gurdurr\n|\n|upkeep\n|turn|14\n|\n|t:|1781434826\n|move|p2a: Gurdurr|Mach Punch|p1a: Grafaiai\n|-damage|p1a: Grafaiai|102/249\n|move|p1a: Grafaiai|Knock Off|p2a: Gurdurr\n|-resisted|p2a: Gurdurr\n|-damage|p2a: Gurdurr|0 fnt\n|-enditem|p2a: Gurdurr|Eviolite|[from] move: Knock Off|[of] p1a: Grafaiai\n|faint|p2a: Gurdurr\n|\n|upkeep\n|\n|t:|1781434840\n|switch|p2a: Toedscruel|Toedscruel, L87, F|281/281\n|turn|15\n|\n|t:|1781434845\n|move|p1a: Grafaiai|Gunk Shot|p2a: Toedscruel|[miss]\n|-miss|p1a: Grafaiai|p2a: Toedscruel\n|move|p2a: Toedscruel|Earth Power|p1a: Grafaiai\n|-supereffective|p1a: Grafaiai\n|-damage|p1a: Grafaiai|0 fnt\n|faint|p1a: Grafaiai\n|\n|upkeep\n|\n|t:|1781434851\n|switch|p1a: Zapdos|Zapdos-Galar, L77|265/265\n|turn|16\n|inactive|reela has 120 seconds left.\n|\n|t:|1781434887\n|switch|p2a: Shaymin|Shaymin, L82|298/298\n|move|p1a: Zapdos|U-turn|p2a: Shaymin\n|-supereffective|p2a: Shaymin\n|-damage|p2a: Shaymin|202/298\n|\n|t:|1781434891\n|switch|p1a: Copperajah|Copperajah, L86, F|349/349|[from] U-turn\n|\n|-heal|p2a: Shaymin|220/298|[from] item: Leftovers\n|upkeep\n|turn|17\n|inactive|reela has 120 seconds left.\n|inactive|reela has 90 seconds left.\n|\n|t:|1781434961\n|move|p2a: Shaymin|Leech Seed|p1a: Copperajah\n|-start|p1a: Copperajah|move: Leech Seed\n|move|p1a: Copperajah|Heavy Slam|p2a: Shaymin\n|-crit|p2a: Shaymin\n|-damage|p2a: Shaymin|0 fnt\n|faint|p2a: Shaymin\n|\n|upkeep\n|\n|t:|1781434965\n|switch|p2a: Charizard|Charizard, L85, M|175/271\n|turn|18\n|\n|t:|1781434971\n|move|p2a: Charizard|Flamethrower|p1a: Copperajah\n|-supereffective|p1a: Copperajah\n|-damage|p1a: Copperajah|101/349\n|move|p1a: Copperajah|Heavy Slam|p2a: Charizard\n|-resisted|p2a: Charizard\n|-damage|p2a: Charizard|46/271\n|\n|-damage|p1a: Copperajah|58/349|[from] Leech Seed|[of] p2a: Charizard\n|-heal|p2a: Charizard|89/271|[silent]\n|upkeep\n|turn|19\n|\n|t:|1781434987\n|move|p2a: Charizard|Flamethrower|p1a: Copperajah\n|-supereffective|p1a: Copperajah\n|-damage|p1a: Copperajah|0 fnt\n|faint|p1a: Copperajah\n|\n|upkeep\n|\n|t:|1781434992\n|switch|p1a: Zapdos|Zapdos-Galar, L77|265/265\n|turn|20\n|\n|t:|1781434996\n|move|p1a: Zapdos|Brave Bird|p2a: Charizard\n|-damage|p2a: Charizard|0 fnt\n|faint|p2a: Charizard\n|-damage|p1a: Zapdos|236/265|[from] Recoil\n|\n|upkeep\n|inactive|reela has 90 seconds left.\n|\n|t:|1781435006\n|switch|p2a: Toedscruel|Toedscruel, L87, F|281/281\n|turn|21\n|\n|t:|1781435010\n|switch|p1a: Slaking|Slaking, L84, F|136/389\n|-terastallize|p2a: Toedscruel|Water\n|move|p2a: Toedscruel|Spore|p1a: Slaking\n|-status|p1a: Slaking|slp|[from] move: Spore\n|\n|upkeep\n|turn|22\n|inactive|SmolVersion has 120 seconds left.\n|\n|t:|1781435042\n|cant|p1a: Slaking|slp\n|move|p2a: Toedscruel|Knock Off|p1a: Slaking\n|-damage|p1a: Slaking|82/389 slp\n|-enditem|p1a: Slaking|Choice Scarf|[from] move: Knock Off|[of] p2a: Toedscruel\n|\n|upkeep\n|turn|23\n|\n|t:|1781435050\n|move|p2a: Toedscruel|Earth Power|p1a: Slaking\n|-damage|p1a: Slaking|0 fnt\n|faint|p1a: Slaking\n|\n|upkeep\n|\n|t:|1781435055\n|switch|p1a: Tinkaton|Tinkaton, L82, F|121/274\n|-ability|p1a: Tinkaton|Mold Breaker\n|turn|24\n|\n|t:|1781435073\n|move|p1a: Tinkaton|Protect|p1a: Tinkaton\n|-singleturn|p1a: Tinkaton|Protect\n|move|p2a: Toedscruel|Earth Power|p1a: Tinkaton\n|-activate|p1a: Tinkaton|move: Protect\n|\n|-heal|p1a: Tinkaton|138/274|[from] item: Leftovers\n|upkeep\n|turn|25\n|\n|t:|1781435080\n|move|p2a: Toedscruel|Earth Power|p1a: Tinkaton\n|-supereffective|p1a: Tinkaton\n|-damage|p1a: Tinkaton|0 fnt\n|faint|p1a: Tinkaton\n|\n|upkeep\n|\n|t:|1781435082\n|switch|p1a: Zapdos|Zapdos-Galar, L77|236/265\n|turn|26\n|\n|t:|1781435100\n|-terastallize|p1a: Zapdos|Fighting\n|move|p1a: Zapdos|Close Combat|p2a: Toedscruel\n|-damage|p2a: Toedscruel|69/281\n|-unboost|p1a: Zapdos|def|1\n|-unboost|p1a: Zapdos|spd|1\n|move|p2a: Toedscruel|Spore|p1a: Zapdos\n|-status|p1a: Zapdos|slp|[from] move: Spore\n|\n|-heal|p2a: Toedscruel|86/281|[from] item: Leftovers\n|upkeep\n|turn|27\n|\n|t:|1781435105\n|cant|p1a: Zapdos|slp\n|move|p2a: Toedscruel|Knock Off|p1a: Zapdos\n|-resisted|p1a: Zapdos\n|-damage|p1a: Zapdos|192/265 slp\n|-enditem|p1a: Zapdos|Choice Scarf|[from] move: Knock Off|[of] p2a: Toedscruel\n|\n|-heal|p2a: Toedscruel|103/281|[from] item: Leftovers\n|upkeep\n|turn|28\n|inactive|reela has 120 seconds left.\n|inactive|reela has 90 seconds left.\n|\n|t:|1781435140\n|move|p2a: Toedscruel|Leaf Storm|p1a: Zapdos\n|-damage|p1a: Zapdos|3/265 slp\n|-unboost|p2a: Toedscruel|spa|2\n|cant|p1a: Zapdos|slp\n|\n|-heal|p2a: Toedscruel|120/281|[from] item: Leftovers\n|upkeep\n|turn|29\n|\n|t:|1781435144\n|move|p2a: Toedscruel|Knock Off|p1a: Zapdos\n|-resisted|p1a: Zapdos\n|-damage|p1a: Zapdos|0 fnt\n|faint|p1a: Zapdos\n|\n|win|reela\n|raw|SmolVersion's rating: 1978 &rarr; <strong>1961</strong><br />(-17 for losing)\n|raw|reela's rating: 2034 &rarr; <strong>2051</strong><br />(+17 for winning)\n", "uploadtime": 1781434676, "views": 3, "formatid": "gen9randombattle", "rating": 1961, "private": 0, "password": null}