{"id": "gen9randombattle-2631528750", "format": "[Gen 9] Random Battle", "players": ["Emily Montes", "Elite 4 Waally"], "log": "|j|\u2606Emily Montes\n|j|\u2606Elite 4 Waally\n|t:|1781397031\n|gametype|singles\n|player|p1|Emily Montes|pokekid|1907\n|player|p2|Elite 4 Waally|wally|1937\n|gen|9\n|tier|[Gen 9] Random Battle\n|rated|\n|rule|Species Clause: Limit one of each Pok\u00e9mon\n|rule|HP Percentage Mod: HP is shown in percentages\n|rule|Sleep Clause Mod: Limit one foe put to sleep\n|rule|Illusion Level Mod: Illusion disguises the Pok\u00e9mon's true level\n|\n|t:|1781397031\n|teamsize|p1|6\n|teamsize|p2|6\n|start\n|switch|p1a: Staraptor|Staraptor, L79, M|263/263\n|switch|p2a: Jumpluff|Jumpluff, L87, F|271/271\n|turn|1\n|inactive|Battle timer is ON: inactive players will automatically lose when time's up. (requested by Emily Montes)\n|\n|t:|1781397047\n|move|p2a: Jumpluff|Sleep Powder|p1a: Staraptor\n|-status|p1a: Staraptor|slp|[from] move: Sleep Powder\n|cant|p1a: Staraptor|slp\n|\n|upkeep\n|turn|2\n|\n|t:|1781397052\n|switch|p2a: Rhyperior|Rhyperior, L82, M|323/323\n|cant|p1a: Staraptor|slp\n|\n|upkeep\n|turn|3\n|\n|t:|1781397063\n|switch|p1a: Golduck|Golduck, L90, M|290/290\n|-ability|p1a: Golduck|Cloud Nine\n|move|p2a: Rhyperior|Stone Edge|p1a: Golduck\n|-damage|p1a: Golduck|151/290\n|\n|-heal|p1a: Golduck|169/290|[from] item: Leftovers\n|upkeep\n|turn|4\n|inactive|Elite 4 Waally has 120 seconds left.\n|\n|t:|1781397121\n|switch|p2a: Walking Wake|Walking Wake, L79|286/286\n|move|p1a: Golduck|Hydro Pump|p2a: Walking Wake\n|-resisted|p2a: Walking Wake\n|-damage|p2a: Walking Wake|248/286\n|\n|-heal|p1a: Golduck|187/290|[from] item: Leftovers\n|upkeep\n|turn|5\n|\n|t:|1781397133\n|switch|p1a: Grimmsnarl|Grimmsnarl, L83, M|293/293\n|move|p2a: Walking Wake|Sunny Day|p2a: Walking Wake\n|-weather|SunnyDay\n|-activate|p2a: Walking Wake|ability: Protosynthesis\n|-start|p2a: Walking Wake|protosynthesisspa\n|\n|-weather|SunnyDay|[upkeep]\n|upkeep\n|turn|6\n|\n|t:|1781397140\n|move|p2a: Walking Wake|Hydro Steam|p1a: Grimmsnarl\n|-damage|p1a: Grimmsnarl|4/293\n|-damage|p2a: Walking Wake|220/286|[from] item: Life Orb\n|move|p1a: Grimmsnarl|Spirit Break|p2a: Walking Wake\n|-supereffective|p2a: Walking Wake\n|-damage|p2a: Walking Wake|20/286\n|-unboost|p2a: Walking Wake|spa|1\n|\n|-weather|SunnyDay|[upkeep]\n|-heal|p1a: Grimmsnarl|22/293|[from] item: Leftovers\n|upkeep\n|turn|7\n|\n|t:|1781397150\n|move|p1a: Grimmsnarl|Sucker Punch|p2a: Walking Wake\n|-damage|p2a: Walking Wake|0 fnt\n|faint|p2a: Walking Wake\n|-end|p2a: Walking Wake|Protosynthesis|[silent]\n|\n|-weather|SunnyDay|[upkeep]\n|-heal|p1a: Grimmsnarl|40/293|[from] item: Leftovers\n|upkeep\n|\n|t:|1781397154\n|switch|p2a: Rhyperior|Rhyperior, L82, M|323/323\n|turn|8\n|\n|t:|1781397159\n|switch|p1a: Golduck|Golduck, L90, M|187/290\n|-ability|p1a: Golduck|Cloud Nine\n|move|p2a: Rhyperior|Rock Polish|p2a: Rhyperior\n|-boost|p2a: Rhyperior|spe|2\n|\n|-weather|SunnyDay|[upkeep]\n|-heal|p1a: Golduck|205/290|[from] item: Leftovers\n|upkeep\n|turn|9\n|\n|t:|1781397166\n|-terastallize|p2a: Rhyperior|Ground\n|move|p2a: Rhyperior|Stone Edge|p1a: Golduck\n|-damage|p1a: Golduck|60/290\n|move|p1a: Golduck|Grass Knot|p2a: Rhyperior\n|-supereffective|p2a: Rhyperior\n|-damage|p2a: Rhyperior|125/323\n|-enditem|p2a: Rhyperior|Weakness Policy\n|-boost|p2a: Rhyperior|atk|2|[from] item: Weakness Policy\n|-boost|p2a: Rhyperior|spa|2|[from] item: Weakness Policy\n|\n|-weather|none\n|-heal|p1a: Golduck|78/290|[from] item: Leftovers\n|upkeep\n|turn|10\n|\n|t:|1781397188\n|move|p2a: Rhyperior|Earthquake|p1a: Golduck\n|-damage|p1a: Golduck|0 fnt\n|faint|p1a: Golduck\n|\n|upkeep\n|\n|t:|1781397195\n|switch|p1a: Wugtrio|Wugtrio, L91, F|212/212\n|turn|11\n|\n|t:|1781397199\n|switch|p2a: Jumpluff|Jumpluff, L87, F|271/271\n|move|p1a: Wugtrio|Liquidation|p2a: Jumpluff\n|-resisted|p2a: Jumpluff\n|-damage|p2a: Jumpluff|175/271\n|\n|upkeep\n|turn|12\n|\n|t:|1781397209\n|switch|p1a: Toxtricity|Toxtricity, L82, M|257/257\n|switch|p2a: Squawkabilly|Squawkabilly-Blue, L85, F|278/278\n|\n|-status|p2a: Squawkabilly|brn|[from] item: Flame Orb\n|upkeep\n|turn|13\n|\n|t:|1781397219\n|switch|p1a: Grimmsnarl|Grimmsnarl, L83, M|40/293\n|move|p2a: Squawkabilly|Facade|p1a: Grimmsnarl\n|-damage|p1a: Grimmsnarl|0 fnt\n|faint|p1a: Grimmsnarl\n|\n|-damage|p2a: Squawkabilly|261/278 brn|[from] brn\n|upkeep\n|\n|t:|1781397227\n|switch|p1a: Glalie|Glalie, L96, F|309/309\n|turn|14\n|\n|t:|1781397232\n|switch|p2a: Cobalion|Cobalion, L80|277/277\n|move|p1a: Glalie|Freeze-Dry|p2a: Cobalion\n|-resisted|p2a: Cobalion\n|-damage|p2a: Cobalion|224/277\n|\n|-heal|p2a: Cobalion|241/277|[from] item: Leftovers\n|upkeep\n|turn|15\n|\n|t:|1781397244\n|-terastallize|p1a: Glalie|Water\n|move|p2a: Cobalion|Calm Mind|p2a: Cobalion\n|-boost|p2a: Cobalion|spa|1\n|-boost|p2a: Cobalion|spd|1\n|move|p1a: Glalie|Earthquake|p2a: Cobalion\n|-supereffective|p2a: Cobalion\n|-damage|p2a: Cobalion|121/277\n|\n|-heal|p2a: Cobalion|138/277|[from] item: Leftovers\n|upkeep\n|turn|16\n|\n|t:|1781397251\n|move|p2a: Cobalion|Aura Sphere|p1a: Glalie\n|-damage|p1a: Glalie|207/309\n|move|p1a: Glalie|Earthquake|p2a: Cobalion\n|-supereffective|p2a: Cobalion\n|-damage|p2a: Cobalion|22/277\n|\n|-heal|p2a: Cobalion|39/277|[from] item: Leftovers\n|upkeep\n|turn|17\n|\n|t:|1781397266\n|switch|p1a: Wugtrio|Wugtrio, L91, F|212/212\n|move|p2a: Cobalion|Aura Sphere|p1a: Wugtrio\n|-damage|p1a: Wugtrio|82/212\n|\n|-heal|p2a: Cobalion|56/277|[from] item: Leftovers\n|upkeep\n|turn|18\n|\n|t:|1781397274\n|move|p2a: Cobalion|Vacuum Wave|p1a: Wugtrio\n|-damage|p1a: Wugtrio|21/212\n|move|p1a: Wugtrio|Liquidation|p2a: Cobalion\n|-damage|p2a: Cobalion|0 fnt\n|faint|p2a: Cobalion\n|\n|upkeep\n|\n|t:|1781397277\n|switch|p2a: Jumpluff|Jumpluff, L87, F|175/271\n|turn|19\n|\n|t:|1781397281\n|move|p1a: Wugtrio|Liquidation|p2a: Jumpluff\n|-resisted|p2a: Jumpluff\n|-damage|p2a: Jumpluff|80/271\n|move|p2a: Jumpluff|Strength Sap|p1a: Wugtrio\n|-unboost|p1a: Wugtrio|atk|1\n|-heal|p2a: Jumpluff|271/271\n|\n|upkeep\n|turn|20\n|\n|t:|1781397285\n|switch|p1a: Staraptor|Staraptor, L79, M|263/263 slp\n|move|p2a: Jumpluff|Acrobatics|p1a: Staraptor\n|-damage|p1a: Staraptor|160/263 slp\n|\n|upkeep\n|turn|21\n|\n|t:|1781397288\n|move|p2a: Jumpluff|Acrobatics|p1a: Staraptor\n|-damage|p1a: Staraptor|52/263 slp\n|-curestatus|p1a: Staraptor|slp|[msg]\n|move|p1a: Staraptor|Brave Bird|p2a: Jumpluff\n|-supereffective|p2a: Jumpluff\n|-damage|p2a: Jumpluff|0 fnt\n|faint|p2a: Jumpluff\n|-damage|p1a: Staraptor|0 fnt|[from] Recoil\n|faint|p1a: Staraptor\n|\n|upkeep\n|\n|t:|1781397294\n|switch|p2a: Squawkabilly|Squawkabilly-Blue, L85, F|261/278 brn\n|switch|p1a: Glalie|Glalie, L96, F, tera:Water|207/309\n|turn|22\n|\n|t:|1781397299\n|move|p1a: Glalie|Freeze-Dry|p2a: Squawkabilly\n|-supereffective|p2a: Squawkabilly\n|-damage|p2a: Squawkabilly|21/278 brn\n|move|p2a: Squawkabilly|Facade|p1a: Glalie\n|-damage|p1a: Glalie|0 fnt\n|faint|p1a: Glalie\n|\n|-damage|p2a: Squawkabilly|4/278 brn|[from] brn\n|upkeep\n|\n|t:|1781397304\n|switch|p1a: Wugtrio|Wugtrio, L91, F|21/212\n|turn|23\n|\n|t:|1781397307\n|switch|p2a: Rhyperior|Rhyperior, L82, M, tera:Ground|125/323\n|move|p1a: Wugtrio|Aqua Jet|p2a: Rhyperior\n|-supereffective|p2a: Rhyperior\n|-damage|p2a: Rhyperior|43/323\n|\n|upkeep\n|turn|24\n|\n|t:|1781397311\n|switch|p2a: Volbeat|Volbeat, L90, M|263/263\n|move|p1a: Wugtrio|Aqua Jet|p2a: Volbeat\n|-damage|p2a: Volbeat|184/263\n|\n|upkeep\n|turn|25\n|\n|t:|1781397315\n|switch|p1a: Toxtricity|Toxtricity, L82, M|257/257\n|move|p2a: Volbeat|U-turn|p1a: Toxtricity\n|-resisted|p1a: Toxtricity\n|-damage|p1a: Toxtricity|212/257\n|\n|t:|1781397317\n|switch|p2a: Rhyperior|Rhyperior, L82, M, tera:Ground|43/323|[from] U-turn\n|\n|upkeep\n|turn|26\n|\n|t:|1781397331\n|move|p1a: Toxtricity|Boomburst|p2a: Rhyperior\n|-damage|p2a: Rhyperior|0 fnt\n|faint|p2a: Rhyperior\n|\n|upkeep\n|\n|t:|1781397336\n|switch|p2a: Squawkabilly|Squawkabilly-Blue, L85, F|4/278 brn\n|turn|27\n|\n|t:|1781397345\n|switch|p2a: Volbeat|Volbeat, L90, M|184/263\n|switch|p1a: Wugtrio|Wugtrio, L91, F|21/212\n|\n|upkeep\n|turn|28\n|\n|t:|1781397357\n|move|p1a: Wugtrio|Liquidation|p2a: Volbeat\n|-damage|p2a: Volbeat|21/263\n|move|p2a: Volbeat|U-turn|p1a: Wugtrio\n|-damage|p1a: Wugtrio|0 fnt\n|-ability|p1a: Wugtrio|Gooey\n|-unboost|p2a: Volbeat|spe|1\n|faint|p1a: Wugtrio\n|\n|t:|1781397361\n|switch|p2a: Squawkabilly|Squawkabilly-Blue, L85, F|4/278 brn|[from] U-turn\n|\n|-damage|p2a: Squawkabilly|0 fnt|[from] brn\n|faint|p2a: Squawkabilly\n|upkeep\n|-message|Elite 4 Waally forfeited.\n|\n|win|Emily Montes\n|raw|Emily Montes's rating: 1907 &rarr; <strong>1929</strong><br />(+22 for winning)\n|raw|Elite 4 Waally's rating: 1937 &rarr; <strong>1915</strong><br />(-22 for losing)\n|l|\u2606Elite 4 Waally\n|player|p2|\n", "uploadtime": 1781397033, "views": 6, "formatid": "gen9randombattle", "rating": 1915, "private": 0, "password": null}