{"id": "gen9randombattle-2631812573", "format": "[Gen 9] Random Battle", "players": ["46455i", "Mr. Fulletfunoill"], "log": "|j|\u260646455i\n|j|\u2606Mr. Fulletfunoill\n|t:|1781443272\n|gametype|singles\n|player|p1|46455i|fisherman-gen4|2083\n|player|p2|Mr. Fulletfunoill|swimmer-gen4|2085\n|gen|9\n|tier|[Gen 9] Random Battle\n|rated|\n|rule|Species Clause: Limit one of each Pok\u00e9mon\n|rule|HP Percentage Mod: HP is shown in percentages\n|rule|Sleep Clause Mod: Limit one foe put to sleep\n|rule|Illusion Level Mod: Illusion disguises the Pok\u00e9mon's true level\n|\n|t:|1781443272\n|teamsize|p1|6\n|teamsize|p2|6\n|start\n|switch|p1a: Bellibolt|Bellibolt, L84, M|320/320\n|switch|p2a: Masquerain|Masquerain, L87, F|264/264\n|-ability|p2a: Masquerain|Intimidate|boost\n|-unboost|p1a: Bellibolt|atk|1\n|turn|1\n|\n|t:|1781443281\n|switch|p2a: Raichu|Raichu, L88, M|249/249\n|move|p1a: Bellibolt|Volt Switch|p2a: Raichu\n|-ability|p2a: Raichu|Lightning Rod|boost\n|-boost|p2a: Raichu|spa|1\n|\n|upkeep\n|turn|2\n|\n|t:|1781443288\n|move|p2a: Raichu|Nasty Plot|p2a: Raichu\n|-boost|p2a: Raichu|spa|2\n|move|p1a: Bellibolt|Muddy Water|p2a: Raichu\n|-damage|p2a: Raichu|183/249\n|\n|upkeep\n|turn|3\n|\n|t:|1781443295\n|move|p2a: Raichu|Surf|p1a: Bellibolt\n|-damage|p1a: Bellibolt|108/320\n|-start|p1a: Bellibolt|Charge|Surf|[from] ability: Electromorphosis\n|-damage|p2a: Raichu|159/249|[from] item: Life Orb\n|move|p1a: Bellibolt|Muddy Water|p2a: Raichu\n|-damage|p2a: Raichu|92/249\n|\n|-heal|p1a: Bellibolt|128/320|[from] item: Leftovers\n|upkeep\n|turn|4\n|\n|t:|1781443301\n|move|p2a: Raichu|Surf|p1a: Bellibolt\n|-damage|p1a: Bellibolt|0 fnt\n|faint|p1a: Bellibolt\n|-damage|p2a: Raichu|68/249|[from] item: Life Orb\n|\n|upkeep\n|inactive|Battle timer is ON: inactive players will automatically lose when time's up. (requested by Mr. Fulletfunoill)\n|\n|t:|1781443309\n|switch|p1a: Vivillon|Vivillon-Garden, L83, M|268/268\n|turn|5\n|\n|t:|1781443316\n|-terastallize|p2a: Raichu|Ice\n|move|p2a: Raichu|Tera Blast|p1a: Vivillon|[anim] Tera Blast Ice\n|-supereffective|p1a: Vivillon\n|-damage|p1a: Vivillon|0 fnt\n|faint|p1a: Vivillon\n|-damage|p2a: Raichu|44/249|[from] item: Life Orb\n|\n|upkeep\n|-message|46455i forfeited.\n|\n|win|Mr. Fulletfunoill\n", "uploadtime": 1781443274, "views": 6, "formatid": "gen9randombattle", "rating": null, "private": 0, "password": null}