{"id": "gen9randombattle-2631936558", "format": "[Gen 9] Random Battle", "players": ["Crowbuddy", "Mitchel531"], "log": "|j|\u2606Crowbuddy\n|j|\u2606Mitchel531\n|t:|1781457534\n|gametype|singles\n|player|p1|Crowbuddy|giovanni|1971\n|player|p2|Mitchel531|102|2020\n|gen|9\n|tier|[Gen 9] Random Battle\n|rated|\n|rule|Species Clause: Limit one of each Pok\u00e9mon\n|rule|HP Percentage Mod: HP is shown in percentages\n|rule|Sleep Clause Mod: Limit one foe put to sleep\n|rule|Illusion Level Mod: Illusion disguises the Pok\u00e9mon's true level\n|\n|t:|1781457534\n|teamsize|p1|6\n|teamsize|p2|6\n|start\n|switch|p1a: Slither Wing|Slither Wing, L81|270/270\n|switch|p2a: Iron Boulder|Iron Boulder, L77|265/265\n|turn|1\n|inactive|Battle timer is ON: inactive players will automatically lose when time's up. (requested by Crowbuddy)\n|\n|t:|1781457562\n|-end|p2a: Iron Boulder|Quark Drive|[silent]\n|switch|p2a: Kilowattrel|Kilowattrel, L83, F|252/252\n|-end|p1a: Slither Wing|Protosynthesis|[silent]\n|switch|p1a: Hippowdon|Hippowdon, L82, F|311/311\n|-weather|Sandstorm|[from] ability: Sand Stream|[of] p1a: Hippowdon\n|\n|-weather|Sandstorm|[upkeep]\n|-damage|p2a: Kilowattrel|237/252|[from] Sandstorm\n|upkeep\n|turn|2\n|\n|t:|1781457579\n|move|p2a: Kilowattrel|U-turn|p1a: Hippowdon\n|-damage|p1a: Hippowdon|279/311\n|-damage|p2a: Kilowattrel|195/252|[from] item: Rocky Helmet|[of] p1a: Hippowdon\n|\n|t:|1781457584\n|switch|p2a: Gogoat|Gogoat, L88, M|360/360|[from] U-turn\n|move|p1a: Hippowdon|Stealth Rock|p2a: Gogoat\n|-sidestart|p2: Mitchel531|move: Stealth Rock\n|\n|-weather|Sandstorm|[upkeep]\n|-damage|p2a: Gogoat|338/360|[from] Sandstorm\n|-heal|p2a: Gogoat|360/360|[from] item: Leftovers\n|upkeep\n|turn|3\n|\n|t:|1781457593\n|switch|p1a: Slither Wing|Slither Wing, L81|270/270\n|move|p2a: Gogoat|Bulk Up|p2a: Gogoat\n|-boost|p2a: Gogoat|atk|1\n|-boost|p2a: Gogoat|def|1\n|\n|-weather|Sandstorm|[upkeep]\n|-damage|p1a: Slither Wing|254/270|[from] Sandstorm\n|-damage|p2a: Gogoat|338/360|[from] Sandstorm\n|-heal|p2a: Gogoat|360/360|[from] item: Leftovers\n|upkeep\n|turn|4\n|\n|t:|1781457600\n|move|p1a: Slither Wing|U-turn|p2a: Gogoat\n|-supereffective|p2a: Gogoat\n|-damage|p2a: Gogoat|120/360\n|\n|t:|1781457611\n|-end|p1a: Slither Wing|Protosynthesis|[silent]\n|switch|p1a: Sawsbuck|Sawsbuck, L88, M|284/284|[from] U-turn\n|move|p2a: Gogoat|Bulk Up|p2a: Gogoat\n|-boost|p2a: Gogoat|atk|1\n|-boost|p2a: Gogoat|def|1\n|\n|-weather|Sandstorm|[upkeep]\n|-damage|p1a: Sawsbuck|267/284|[from] Sandstorm\n|-damage|p2a: Gogoat|98/360|[from] Sandstorm\n|-heal|p2a: Gogoat|120/360|[from] item: Leftovers\n|upkeep\n|turn|5\n|\n|t:|1781457616\n|move|p1a: Sawsbuck|Swords Dance|p1a: Sawsbuck\n|-boost|p1a: Sawsbuck|atk|2\n|move|p2a: Gogoat|Milk Drink|p2a: Gogoat\n|-heal|p2a: Gogoat|300/360\n|\n|-weather|none\n|-heal|p2a: Gogoat|322/360|[from] item: Leftovers\n|upkeep\n|turn|6\n|\n|t:|1781457626\n|move|p1a: Sawsbuck|Headbutt|p2a: Gogoat\n|-damage|p2a: Gogoat|182/360\n|-damage|p1a: Sawsbuck|239/284|[from] item: Life Orb\n|cant|p2a: Gogoat|flinch\n|\n|-heal|p2a: Gogoat|204/360|[from] item: Leftovers\n|upkeep\n|turn|7\n|\n|t:|1781457632\n|move|p1a: Sawsbuck|Headbutt|p2a: Gogoat\n|-damage|p2a: Gogoat|68/360\n|-damage|p1a: Sawsbuck|211/284|[from] item: Life Orb\n|move|p2a: Gogoat|Milk Drink|p2a: Gogoat\n|-heal|p2a: Gogoat|248/360\n|\n|-heal|p2a: Gogoat|270/360|[from] item: Leftovers\n|upkeep\n|turn|8\n|\n|t:|1781457647\n|switch|p2a: Kilowattrel|Kilowattrel, L83, F|195/252\n|move|p1a: Sawsbuck|Headbutt|p2a: Kilowattrel\n|-damage|p2a: Kilowattrel|0 fnt\n|faint|p2a: Kilowattrel\n|-damage|p1a: Sawsbuck|183/284|[from] item: Life Orb\n|\n|upkeep\n|\n|t:|1781457658\n|switch|p2a: Grafaiai|Grafaiai, L86, F|249/249\n|-damage|p2a: Grafaiai|218/249|[from] Stealth Rock\n|turn|9\n|\n|t:|1781457669\n|switch|p1a: Hippowdon|Hippowdon, L82, F|279/311\n|-weather|Sandstorm|[from] ability: Sand Stream|[of] p1a: Hippowdon\n|move|p2a: Grafaiai|Gunk Shot|p1a: Hippowdon|[miss]\n|-miss|p2a: Grafaiai|p1a: Hippowdon\n|\n|-weather|Sandstorm|[upkeep]\n|-damage|p2a: Grafaiai|203/249|[from] Sandstorm\n|upkeep\n|turn|10\n|-message|Mitchel531 forfeited.\n|\n|win|Crowbuddy\n", "uploadtime": 1781457536, "views": 3, "formatid": "gen9randombattle", "rating": null, "private": 0, "password": null}