{"id": "gen9randombattle-2631479113", "format": "[Gen 9] Random Battle", "players": ["cewki", "Undertaker67"], "log": "|j|\u2606cewki\n|j|\u2606Undertaker67\n|t:|1781390044\n|gametype|singles\n|player|p1|cewki|iono|1938\n|player|p2|Undertaker67|n|2036\n|gen|9\n|tier|[Gen 9] Random Battle\n|rated|\n|rule|Species Clause: Limit one of each Pok\u00e9mon\n|rule|HP Percentage Mod: HP is shown in percentages\n|rule|Sleep Clause Mod: Limit one foe put to sleep\n|rule|Illusion Level Mod: Illusion disguises the Pok\u00e9mon's true level\n|\n|t:|1781390044\n|teamsize|p1|6\n|teamsize|p2|6\n|start\n|switch|p1a: Carbink|Carbink, L90|236/236\n|switch|p2a: Slowking|Slowking-Galar, L85, M|300/300\n|turn|1\n|inactive|Battle timer is ON: inactive players will automatically lose when time's up. (requested by Undertaker67)\n|\n|t:|1781390065\n|switch|p1a: Snorlax|Snorlax, L82, F|397/397\n|move|p2a: Slowking|Toxic Spikes|p1a: Snorlax\n|-sidestart|p1: cewki|move: Toxic Spikes\n|\n|upkeep\n|turn|2\n|\n|t:|1781390079\n|move|p2a: Slowking|Toxic Spikes|p1a: Snorlax\n|-sidestart|p1: cewki|move: Toxic Spikes\n|move|p1a: Snorlax|Curse|p1a: Snorlax\n|-unboost|p1a: Snorlax|spe|1\n|-boost|p1a: Snorlax|atk|1\n|-boost|p1a: Snorlax|def|1\n|\n|upkeep\n|turn|3\n|\n|t:|1781390096\n|switch|p2a: Heracross|Heracross, L80, M|259/259\n|move|p1a: Snorlax|Curse|p1a: Snorlax\n|-unboost|p1a: Snorlax|spe|1\n|-boost|p1a: Snorlax|atk|1\n|-boost|p1a: Snorlax|def|1\n|\n|upkeep\n|turn|4\n|\n|t:|1781390107\n|move|p2a: Heracross|Close Combat|p1a: Snorlax\n|-supereffective|p1a: Snorlax\n|-damage|p1a: Snorlax|131/397\n|-unboost|p2a: Heracross|def|1\n|-unboost|p2a: Heracross|spd|1\n|move|p1a: Snorlax|Body Slam|p2a: Heracross\n|-damage|p2a: Heracross|0 fnt\n|faint|p2a: Heracross\n|\n|-heal|p1a: Snorlax|155/397|[from] item: Leftovers\n|upkeep\n|\n|t:|1781390117\n|switch|p2a: Tauros|Tauros-Paldea-Combat, L82, M|257/257\n|-ability|p2a: Tauros|Intimidate|boost\n|-unboost|p1a: Snorlax|atk|1\n|turn|5\n|\n|t:|1781390134\n|-terastallize|p1a: Snorlax|Fairy\n|move|p2a: Tauros|Close Combat|p1a: Snorlax\n|-resisted|p1a: Snorlax\n|-damage|p1a: Snorlax|99/397\n|-unboost|p2a: Tauros|def|1\n|-unboost|p2a: Tauros|spd|1\n|-damage|p2a: Tauros|232/257|[from] item: Life Orb\n|move|p1a: Snorlax|Rest|p1a: Snorlax\n|-status|p1a: Snorlax|slp|[from] move: Rest\n|-heal|p1a: Snorlax|397/397 slp|[silent]\n|\n|upkeep\n|turn|6\n|\n|t:|1781390148\n|switch|p2a: Slowking|Slowking-Galar, L85, M|300/300\n|cant|p1a: Snorlax|slp\n|move|p1a: Snorlax|Sleep Talk|p1a: Snorlax\n|move|p1a: Snorlax|Rest||[from] move: Sleep Talk|[still]\n|-fail|p1a: Snorlax\n|\n|upkeep\n|turn|7\n|\n|t:|1781390156\n|move|p2a: Slowking|Sludge Bomb|p1a: Snorlax\n|-supereffective|p1a: Snorlax\n|-damage|p1a: Snorlax|205/397 slp\n|cant|p1a: Snorlax|slp\n|move|p1a: Snorlax|Sleep Talk|p1a: Snorlax\n|move|p1a: Snorlax|Rest||[from] move: Sleep Talk|[still]\n|-fail|p1a: Snorlax\n|\n|-heal|p1a: Snorlax|229/397 slp|[from] item: Leftovers\n|upkeep\n|turn|8\n|\n|t:|1781390166\n|move|p2a: Slowking|Sludge Bomb|p1a: Snorlax\n|-supereffective|p1a: Snorlax\n|-damage|p1a: Snorlax|43/397 slp\n|-curestatus|p1a: Snorlax|slp|[msg]\n|move|p1a: Snorlax|Rest|p1a: Snorlax\n|-status|p1a: Snorlax|slp|[from] move: Rest\n|-heal|p1a: Snorlax|397/397 slp|[silent]\n|\n|upkeep\n|turn|9\n|\n|t:|1781390174\n|move|p2a: Slowking|Sludge Bomb|p1a: Snorlax\n|-supereffective|p1a: Snorlax\n|-damage|p1a: Snorlax|215/397 slp\n|cant|p1a: Snorlax|slp\n|move|p1a: Snorlax|Sleep Talk|p1a: Snorlax\n|move|p1a: Snorlax|Curse|p1a: Snorlax|[from] move: Sleep Talk\n|-unboost|p1a: Snorlax|spe|1\n|-boost|p1a: Snorlax|atk|1\n|-boost|p1a: Snorlax|def|1\n|\n|-heal|p1a: Snorlax|239/397 slp|[from] item: Leftovers\n|upkeep\n|turn|10\n|\n|t:|1781390180\n|move|p2a: Slowking|Sludge Bomb|p1a: Snorlax\n|-supereffective|p1a: Snorlax\n|-damage|p1a: Snorlax|47/397 slp\n|cant|p1a: Snorlax|slp\n|move|p1a: Snorlax|Sleep Talk|p1a: Snorlax\n|move|p1a: Snorlax|Body Slam|p2a: Slowking|[from] move: Sleep Talk\n|-damage|p2a: Slowking|98/300\n|\n|-heal|p2a: Slowking|116/300|[from] item: Leftovers\n|-heal|p1a: Snorlax|71/397 slp|[from] item: Leftovers\n|upkeep\n|turn|11\n|\n|t:|1781390191\n|move|p2a: Slowking|Sludge Bomb|p1a: Snorlax\n|-supereffective|p1a: Snorlax\n|-damage|p1a: Snorlax|0 fnt\n|faint|p1a: Snorlax\n|\n|-heal|p2a: Slowking|134/300|[from] item: Leftovers\n|upkeep\n|\n|t:|1781390194\n|switch|p1a: Fezandipiti|Fezandipiti, L82, M|278/278\n|-sideend|p1: cewki|move: Toxic Spikes|[of] p1a: Fezandipiti\n|turn|12\n|\n|t:|1781390208\n|move|p1a: Fezandipiti|U-turn|p2a: Slowking\n|-damage|p2a: Slowking|87/300\n|\n|t:|1781390224\n|switch|p1a: Whiscash|Whiscash, L88, F|337/337|[from] U-turn\n|move|p2a: Slowking|Psychic Noise|p1a: Whiscash\n|-damage|p1a: Whiscash|241/337\n|-start|p1a: Whiscash|move: Heal Block\n|\n|-heal|p2a: Slowking|105/300|[from] item: Leftovers\n|upkeep\n|turn|13\n|inactive|Undertaker67 has 120 seconds left.\n|\n|t:|1781390260\n|switch|p2a: Tauros|Tauros-Paldea-Combat, L82, M|232/257\n|-ability|p2a: Tauros|Intimidate|boost\n|-fail|p1a: Whiscash|unboost|Attack|[from] ability: Oblivious|[of] p1a: Whiscash\n|move|p1a: Whiscash|Liquidation|p2a: Tauros\n|-damage|p2a: Tauros|138/257\n|-damage|p1a: Whiscash|208/337|[from] item: Life Orb\n|\n|-end|p1a: Whiscash|move: Heal Block\n|upkeep\n|turn|14\n|inactive|Undertaker67 has 120 seconds left.\n|inactive|cewki has 120 seconds left.\n|\n|t:|1781390282\n|switch|p1a: Fezandipiti|Fezandipiti, L82, M|278/278\n|move|p2a: Tauros|Iron Head|p1a: Fezandipiti\n|-supereffective|p1a: Fezandipiti\n|-damage|p1a: Fezandipiti|112/278\n|-damage|p2a: Tauros|113/257|[from] item: Life Orb\n|\n|-heal|p1a: Fezandipiti|129/278|[from] item: Leftovers\n|upkeep\n|turn|15\n|inactive|cewki has 120 seconds left.\n|\n|t:|1781390295\n|switch|p1a: Ditto|Ditto, L87|225/225\n|-transform|p1a: Ditto|p2a: Tauros|[from] ability: Imposter\n|-ability|p1a: Ditto|Intimidate|boost\n|-unboost|p2a: Tauros|atk|1\n|move|p2a: Tauros|Iron Head|p1a: Ditto\n|-damage|p1a: Ditto|180/225\n|-damage|p2a: Tauros|88/257|[from] item: Life Orb\n|\n|upkeep\n|turn|16\n|inactive|Undertaker67 has 120 seconds left.\n|inactive|cewki has 120 seconds left.\n|\n|t:|1781390305\n|switch|p2a: Slowking|Slowking-Galar, L85, M|205/300\n|move|p1a: Ditto|Iron Head|p2a: Slowking\n|-damage|p2a: Slowking|136/300\n|\n|-heal|p2a: Slowking|154/300|[from] item: Leftovers\n|upkeep\n|turn|17\n|\n|t:|1781390311\n|move|p1a: Ditto|Iron Head|p2a: Slowking\n|-damage|p2a: Slowking|88/300\n|move|p2a: Slowking|Psychic Noise|p1a: Ditto\n|-supereffective|p1a: Ditto\n|-damage|p1a: Ditto|0 fnt\n|faint|p1a: Ditto\n|\n|-heal|p2a: Slowking|106/300|[from] item: Leftovers\n|upkeep\n|\n|t:|1781390318\n|switch|p1a: Whiscash|Whiscash, L88, F|208/337\n|turn|18\n|inactive|Undertaker67 has 120 seconds left.\n|\n|t:|1781390339\n|switch|p2a: Tauros|Tauros-Paldea-Combat, L82, M|88/257\n|-ability|p2a: Tauros|Intimidate|boost\n|-fail|p1a: Whiscash|unboost|Attack|[from] ability: Oblivious|[of] p1a: Whiscash\n|move|p1a: Whiscash|Dragon Dance|p1a: Whiscash\n|-boost|p1a: Whiscash|atk|1\n|-boost|p1a: Whiscash|spe|1\n|\n|upkeep\n|turn|19\n|\n|t:|1781390346\n|move|p1a: Whiscash|Earthquake|p2a: Tauros\n|-damage|p2a: Tauros|0 fnt\n|faint|p2a: Tauros\n|-damage|p1a: Whiscash|175/337|[from] item: Life Orb\n|\n|upkeep\n|inactive|Undertaker67 has 120 seconds left.\n|\n|t:|1781390369\n|switch|p2a: Weavile|Weavile, L79, M|239/239\n|turn|20\n|\n|t:|1781390381\n|move|p2a: Weavile|Triple Axel|p1a: Whiscash\n|-damage|p1a: Whiscash|136/337\n|-damage|p1a: Whiscash|63/337\n|-damage|p1a: Whiscash|0 fnt\n|faint|p1a: Whiscash\n|-hitcount|p1: Whiscash|3\n|\n|upkeep\n|\n|t:|1781390405\n|switch|p1a: Carbink|Carbink, L90|236/236\n|turn|21\n|inactive|Undertaker67 has 120 seconds left.\n|\n|t:|1781390424\n|switch|p2a: Pelipper|Pelipper, L86, F|243/243\n|-weather|RainDance|[from] ability: Drizzle|[of] p2a: Pelipper\n|move|p1a: Carbink|Iron Defense|p1a: Carbink\n|-boost|p1a: Carbink|def|2\n|\n|-weather|RainDance|[upkeep]\n|upkeep\n|turn|22\n|inactive|Undertaker67 has 120 seconds left.\n|inactive|cewki has 120 seconds left.\n|\n|t:|1781390451\n|switch|p1a: Fezandipiti|Fezandipiti, L82, M|129/278\n|move|p2a: Pelipper|Surf|p1a: Fezandipiti\n|-damage|p1a: Fezandipiti|21/278\n|\n|-weather|RainDance|[upkeep]\n|-heal|p1a: Fezandipiti|38/278|[from] item: Leftovers\n|upkeep\n|turn|23\n|\n|t:|1781390461\n|switch|p2a: Slowking|Slowking-Galar, L85, M|206/300\n|move|p1a: Fezandipiti|Roost|p1a: Fezandipiti\n|-heal|p1a: Fezandipiti|177/278\n|-singleturn|p1a: Fezandipiti|move: Roost\n|\n|-weather|RainDance|[upkeep]\n|-heal|p1a: Fezandipiti|194/278|[from] item: Leftovers\n|-heal|p2a: Slowking|224/300|[from] item: Leftovers\n|upkeep\n|turn|24\n|\n|t:|1781390467\n|move|p1a: Fezandipiti|U-turn|p2a: Slowking\n|-damage|p2a: Slowking|177/300\n|\n|t:|1781390472\n|switch|p1a: Carbink|Carbink, L90|236/236|[from] U-turn\n|move|p2a: Slowking|Psychic Noise|p1a: Carbink\n|-damage|p1a: Carbink|184/236\n|-start|p1a: Carbink|move: Heal Block\n|\n|-weather|RainDance|[upkeep]\n|-heal|p2a: Slowking|195/300|[from] item: Leftovers\n|upkeep\n|turn|25\n|\n|t:|1781390477\n|switch|p2a: Pelipper|Pelipper, L86, F|243/243\n|move|p1a: Carbink|Moonblast|p2a: Pelipper\n|-damage|p2a: Pelipper|161/243\n|\n|-weather|none\n|-end|p1a: Carbink|move: Heal Block\n|upkeep\n|turn|26\n|\n|t:|1781390487\n|move|p2a: Pelipper|Surf|p1a: Carbink\n|-supereffective|p1a: Carbink\n|-damage|p1a: Carbink|56/236\n|move|p1a: Carbink|Moonblast|p2a: Pelipper\n|-damage|p2a: Pelipper|76/243\n|\n|upkeep\n|turn|27\n|\n|t:|1781390492\n|move|p2a: Pelipper|Surf|p1a: Carbink\n|-supereffective|p1a: Carbink\n|-damage|p1a: Carbink|0 fnt\n|faint|p1a: Carbink\n|\n|upkeep\n|\n|t:|1781390494\n|switch|p1a: Fezandipiti|Fezandipiti, L82, M|194/278\n|turn|28\n|\n|t:|1781390503\n|switch|p2a: Slowking|Slowking-Galar, L85, M|295/300\n|move|p1a: Fezandipiti|Gunk Shot|p2a: Slowking\n|-resisted|p2a: Slowking\n|-damage|p2a: Slowking|239/300\n|\n|-heal|p1a: Fezandipiti|211/278|[from] item: Leftovers\n|-heal|p2a: Slowking|257/300|[from] item: Leftovers\n|upkeep\n|turn|29\n|\n|t:|1781390525\n|move|p1a: Fezandipiti|U-turn|p2a: Slowking\n|-damage|p2a: Slowking|208/300\n|\n|t:|1781390527\n|switch|p1a: Gallade|Gallade, L80, M|240/240|[from] U-turn\n|move|p2a: Slowking|Psychic Noise|p1a: Gallade\n|-damage|p1a: Gallade|159/240\n|-start|p1a: Gallade|move: Heal Block\n|\n|-heal|p2a: Slowking|226/300|[from] item: Leftovers\n|upkeep\n|turn|30\n|inactive|Undertaker67 has 120 seconds left.\n|\n|t:|1781390566\n|-terastallize|p2a: Slowking|Fairy\n|move|p1a: Gallade|Sacred Sword|p2a: Slowking\n|-resisted|p2a: Slowking\n|-damage|p2a: Slowking|89/300\n|move|p2a: Slowking|Sludge Bomb|p1a: Gallade\n|-damage|p1a: Gallade|59/240\n|-status|p1a: Gallade|psn\n|\n|-heal|p2a: Slowking|107/300|[from] item: Leftovers\n|-damage|p1a: Gallade|29/240 psn|[from] psn\n|-end|p1a: Gallade|move: Heal Block\n|upkeep\n|turn|31\n|inactive|Undertaker67 has 120 seconds left.\n|\n|t:|1781390573\n|switch|p2a: Pelipper|Pelipper, L86, F|76/243\n|-weather|RainDance|[from] ability: Drizzle|[of] p2a: Pelipper\n|move|p1a: Gallade|Sacred Sword|p2a: Pelipper\n|-resisted|p2a: Pelipper\n|-damage|p2a: Pelipper|0 fnt\n|faint|p2a: Pelipper\n|\n|-weather|RainDance|[upkeep]\n|-damage|p1a: Gallade|0 fnt|[from] psn\n|faint|p1a: Gallade\n|upkeep\n|inactive|Undertaker67 has 120 seconds left.\n|\n|t:|1781390581\n|switch|p1a: Fezandipiti|Fezandipiti, L82, M|211/278\n|switch|p2a: Weavile|Weavile, L79, M|239/239\n|turn|32\n|\n|t:|1781390591\n|move|p2a: Weavile|Triple Axel|p1a: Fezandipiti\n|-damage|p1a: Fezandipiti|174/278\n|-damage|p1a: Fezandipiti|104/278\n|-damage|p1a: Fezandipiti|0 fnt\n|faint|p1a: Fezandipiti\n|-hitcount|p1: Fezandipiti|3\n|\n|win|Undertaker67\n", "uploadtime": 1781390046, "views": 5, "formatid": "gen9randombattle", "rating": null, "private": 0, "password": null}