{"id": "gen9randombattle-2631684661", "format": "[Gen 9] Random Battle", "players": ["Jadasteel", "Colddeckj"], "log": "|j|\u2606Jadasteel\n|j|\u2606Colddeckj\n|t:|1781421332\n|gametype|singles\n|player|p1|Jadasteel|fantina|2109\n|player|p2|Colddeckj|wattson|2037\n|gen|9\n|tier|[Gen 9] Random Battle\n|rated|\n|rule|Species Clause: Limit one of each Pok\u00e9mon\n|rule|HP Percentage Mod: HP is shown in percentages\n|rule|Sleep Clause Mod: Limit one foe put to sleep\n|rule|Illusion Level Mod: Illusion disguises the Pok\u00e9mon's true level\n|\n|t:|1781421332\n|teamsize|p1|6\n|teamsize|p2|6\n|start\n|switch|p1a: Ditto|Ditto, L87|225/225\n|switch|p2a: Fezandipiti|Fezandipiti, L82, M|278/278\n|-transform|p1a: Ditto|p2a: Fezandipiti|[from] ability: Imposter\n|turn|1\n|inactive|Battle timer is ON: inactive players will automatically lose when time's up. (requested by Colddeckj)\n|\n|t:|1781421354\n|switch|p1a: Mightyena|Mightyena, L96, F|290/290\n|-ability|p1a: Mightyena|Intimidate|boost\n|-unboost|p2a: Fezandipiti|atk|1\n|move|p2a: Fezandipiti|Gunk Shot|p1a: Mightyena\n|-damage|p1a: Mightyena|212/290\n|-status|p1a: Mightyena|tox|[from] ability: Toxic Chain|[of] p2a: Fezandipiti\n|\n|-heal|p1a: Mightyena|230/290 tox|[from] item: Leftovers\n|-damage|p1a: Mightyena|212/290 tox|[from] psn\n|upkeep\n|turn|2\n|\n|t:|1781421369\n|switch|p2a: Amoonguss|Amoonguss, L82, F|321/321\n|move|p1a: Mightyena|Poison Fang|p2a: Amoonguss\n|-crit|p2a: Amoonguss\n|-damage|p2a: Amoonguss|243/321\n|-damage|p1a: Mightyena|164/290 tox|[from] item: Rocky Helmet|[of] p2a: Amoonguss\n|\n|-heal|p1a: Mightyena|182/290 tox|[from] item: Leftovers\n|-damage|p1a: Mightyena|146/290 tox|[from] psn\n|upkeep\n|turn|3\n|\n|t:|1781421376\n|move|p1a: Mightyena|Taunt|p2a: Amoonguss\n|-start|p2a: Amoonguss|move: Taunt\n|move|p2a: Amoonguss|Giga Drain|p1a: Mightyena\n|-damage|p1a: Mightyena|70/290 tox\n|-heal|p2a: Amoonguss|281/321|[from] drain|[of] p1a: Mightyena\n|\n|-heal|p1a: Mightyena|88/290 tox|[from] item: Leftovers\n|-damage|p1a: Mightyena|34/290 tox|[from] psn\n|upkeep\n|turn|4\n|\n|t:|1781421384\n|move|p1a: Mightyena|Throat Chop|p2a: Amoonguss\n|-damage|p2a: Amoonguss|163/321\n|-start|p2a: Amoonguss|Throat Chop|[silent]\n|-damage|p1a: Mightyena|0 fnt|[from] item: Rocky Helmet|[of] p2a: Amoonguss\n|faint|p1a: Mightyena\n|move|p2a: Amoonguss|Giga Drain|p1: Mightyena|[notarget]\n|-fail|p2a: Amoonguss\n|\n|upkeep\n|\n|t:|1781421395\n|switch|p1a: Ho-Oh|Ho-Oh, L71|268/268\n|turn|5\n|\n|t:|1781421402\n|switch|p2a: Blastoise|Blastoise, L80, M|258/258\n|move|p1a: Ho-Oh|Sacred Fire|p2a: Blastoise\n|-resisted|p2a: Blastoise\n|-damage|p2a: Blastoise|214/258\n|-status|p2a: Blastoise|brn\n|\n|-damage|p2a: Blastoise|198/258 brn|[from] brn\n|upkeep\n|turn|6\n|\n|t:|1781421421\n|switch|p1a: Lokix|Lokix, L82, F|251/251\n|move|p2a: Blastoise|Hydro Pump|p1a: Lokix\n|-damage|p1a: Lokix|104/251\n|\n|-damage|p2a: Blastoise|182/258 brn|[from] brn\n|upkeep\n|turn|7\n|\n|t:|1781421435\n|move|p1a: Lokix|Leech Life|p2a: Blastoise\n|-damage|p2a: Blastoise|83/258 brn\n|-heal|p1a: Lokix|154/251|[from] drain|[of] p2a: Blastoise\n|-damage|p1a: Lokix|129/251|[from] item: Life Orb\n|move|p2a: Blastoise|Hydro Pump|p1a: Lokix\n|-damage|p1a: Lokix|0 fnt\n|faint|p1a: Lokix\n|\n|-damage|p2a: Blastoise|67/258 brn|[from] brn\n|upkeep\n|\n|t:|1781421449\n|switch|p1a: Iron Valiant|Iron Valiant, L78|244/244\n|turn|8\n|\n|t:|1781421459\n|move|p1a: Iron Valiant|Knock Off|p2a: Blastoise\n|-damage|p2a: Blastoise|0 fnt\n|-enditem|p2a: Blastoise|White Herb|[from] move: Knock Off|[of] p1a: Iron Valiant\n|faint|p2a: Blastoise\n|-damage|p1a: Iron Valiant|220/244|[from] item: Life Orb\n|\n|upkeep\n|\n|t:|1781421473\n|switch|p2a: Amoonguss|Amoonguss, L82, F|270/321\n|turn|9\n|\n|t:|1781421486\n|-end|p1a: Iron Valiant|Quark Drive|[silent]\n|switch|p1a: Ho-Oh|Ho-Oh, L71|268/268\n|move|p2a: Amoonguss|Sludge Bomb|p1a: Ho-Oh\n|-damage|p1a: Ho-Oh|204/268\n|\n|upkeep\n|turn|10\n|\n|t:|1781421495\n|move|p1a: Ho-Oh|Sacred Fire|p2a: Amoonguss\n|-supereffective|p2a: Amoonguss\n|-damage|p2a: Amoonguss|34/321\n|-status|p2a: Amoonguss|brn\n|move|p2a: Amoonguss|Sludge Bomb|p1a: Ho-Oh\n|-damage|p1a: Ho-Oh|143/268\n|-status|p1a: Ho-Oh|psn\n|\n|-damage|p1a: Ho-Oh|110/268 psn|[from] psn\n|-damage|p2a: Amoonguss|14/321 brn|[from] brn\n|upkeep\n|turn|11\n|\n|t:|1781421506\n|switch|p2a: Plusle|Plusle, L95, M|268/268\n|move|p1a: Ho-Oh|Earthquake|p2a: Plusle\n|-supereffective|p2a: Plusle\n|-damage|p2a: Plusle|60/268\n|\n|-damage|p1a: Ho-Oh|77/268 psn|[from] psn\n|upkeep\n|turn|12\n|\n|t:|1781421516\n|switch|p1a: Raikou|Raikou, L81|278/278\n|-ability|p1a: Raikou|Pressure\n|move|p2a: Plusle|Thunderbolt|p1a: Raikou\n|-resisted|p1a: Raikou\n|-damage|p1a: Raikou|214/278\n|-damage|p2a: Plusle|34/268|[from] item: Life Orb\n|\n|upkeep\n|turn|13\n|\n|t:|1781421524\n|move|p2a: Plusle|Thunderbolt|p1a: Raikou\n|-resisted|p1a: Raikou\n|-damage|p1a: Raikou|144/278\n|-damage|p2a: Plusle|8/268|[from] item: Life Orb\n|move|p1a: Raikou|Shadow Ball|p2a: Plusle\n|-damage|p2a: Plusle|0 fnt\n|faint|p2a: Plusle\n|\n|upkeep\n|\n|t:|1781421532\n|switch|p2a: Smeargle|Smeargle, L95, F|258/258\n|turn|14\n|\n|t:|1781421538\n|switch|p1a: Ho-Oh|Ho-Oh, L71|166/268 psn\n|move|p2a: Smeargle|Spore||[still]\n|-fail|p2a: Smeargle\n|\n|-damage|p1a: Ho-Oh|133/268 psn|[from] psn\n|upkeep\n|turn|15\n|\n|t:|1781421546\n|move|p2a: Smeargle|Population Bomb|p1a: Ho-Oh\n|-damage|p1a: Ho-Oh|114/268 psn\n|-damage|p1a: Ho-Oh|95/268 psn\n|-damage|p1a: Ho-Oh|74/268 psn\n|-damage|p1a: Ho-Oh|55/268 psn\n|-crit|p1a: Ho-Oh\n|-damage|p1a: Ho-Oh|22/268 psn\n|-damage|p1a: Ho-Oh|4/268 psn\n|-damage|p1a: Ho-Oh|0 fnt\n|faint|p1a: Ho-Oh\n|-hitcount|p1: Ho-Oh|7\n|\n|upkeep\n|\n|t:|1781421551\n|switch|p1a: Iron Valiant|Iron Valiant, L78|220/244\n|turn|16\n|\n|t:|1781421563\n|switch|p2a: Amoonguss|Amoonguss, L82, F|121/321 brn\n|move|p1a: Iron Valiant|Knock Off|p2a: Amoonguss\n|-damage|p2a: Amoonguss|0 fnt\n|-damage|p1a: Iron Valiant|180/244|[from] item: Rocky Helmet|[of] p2a: Amoonguss\n|-enditem|p2a: Amoonguss|Rocky Helmet|[from] move: Knock Off|[of] p1a: Iron Valiant\n|faint|p2a: Amoonguss\n|-damage|p1a: Iron Valiant|156/244|[from] item: Life Orb\n|\n|upkeep\n|\n|t:|1781421571\n|switch|p2a: Fezandipiti|Fezandipiti, L82, M|278/278\n|turn|17\n|\n|t:|1781421579\n|move|p1a: Iron Valiant|Knock Off|p2a: Fezandipiti\n|-resisted|p2a: Fezandipiti\n|-damage|p2a: Fezandipiti|225/278\n|-enditem|p2a: Fezandipiti|Leftovers|[from] move: Knock Off|[of] p1a: Iron Valiant\n|-damage|p1a: Iron Valiant|132/244|[from] item: Life Orb\n|move|p2a: Fezandipiti|Play Rough|p1a: Iron Valiant\n|-supereffective|p1a: Iron Valiant\n|-damage|p1a: Iron Valiant|0 fnt\n|faint|p1a: Iron Valiant\n|-end|p1a: Iron Valiant|Quark Drive|[silent]\n|\n|upkeep\n|\n|t:|1781421586\n|switch|p1a: Raikou|Raikou, L81|144/278\n|-ability|p1a: Raikou|Pressure\n|turn|18\n|\n|t:|1781421592\n|-terastallize|p1a: Raikou|Electric\n|-terastallize|p2a: Fezandipiti|Ground\n|move|p1a: Raikou|Thunderbolt|p2a: Fezandipiti\n|-immune|p2a: Fezandipiti\n|move|p2a: Fezandipiti|Swords Dance|p2a: Fezandipiti\n|-boost|p2a: Fezandipiti|atk|2\n|\n|upkeep\n|turn|19\n|\n|t:|1781421603\n|switch|p1a: Ditto|Ditto, L87|225/225\n|-transform|p1a: Ditto|p2a: Fezandipiti|[from] ability: Imposter\n|move|p2a: Fezandipiti|Tera Blast|p1a: Ditto|[anim] Tera Blast Ground\n|-supereffective|p1a: Ditto\n|-damage|p1a: Ditto|0 fnt\n|faint|p1a: Ditto\n|\n|upkeep\n|\n|t:|1781421605\n|switch|p1a: Raikou|Raikou, L81, tera:Electric|144/278\n|-ability|p1a: Raikou|Pressure\n|turn|20\n|\n|t:|1781421611\n|move|p1a: Raikou|Scald|p2a: Fezandipiti\n|-supereffective|p2a: Fezandipiti\n|-damage|p2a: Fezandipiti|95/278\n|move|p2a: Fezandipiti|Tera Blast|p1a: Raikou|[anim] Tera Blast Ground\n|-supereffective|p1a: Raikou\n|-damage|p1a: Raikou|0 fnt\n|faint|p1a: Raikou\n|\n|win|Colddeckj\n|raw|Jadasteel's rating: 2109 &rarr; <strong>2085</strong><br />(-24 for losing)\n|raw|Colddeckj's rating: 2037 &rarr; <strong>2061</strong><br />(+24 for winning)\n", "uploadtime": 1781421612, "views": 3, "formatid": "gen9randombattle", "rating": 2061, "private": 0, "password": null}