{"id": "gen9randombattle-2631921359", "format": "[Gen 9] Random Battle", "players": ["barnebruh", "Steveyfalc"], "log": "|j|\u2606barnebruh\n|j|\u2606Steveyfalc\n|t:|1781455846\n|gametype|singles\n|player|p1|barnebruh|bea|1525\n|player|p2|Steveyfalc|1|1478\n|gen|9\n|tier|[Gen 9] Random Battle\n|rated|\n|rule|Species Clause: Limit one of each Pok\u00e9mon\n|rule|HP Percentage Mod: HP is shown in percentages\n|rule|Sleep Clause Mod: Limit one foe put to sleep\n|rule|Illusion Level Mod: Illusion disguises the Pok\u00e9mon's true level\n|\n|t:|1781455846\n|teamsize|p1|6\n|teamsize|p2|6\n|start\n|switch|p1a: Lycanroc|Lycanroc-Dusk, L81, F|254/254\n|switch|p2a: Grafaiai|Grafaiai, L86, F|249/249\n|turn|1\n|\n|t:|1781455856\n|switch|p2a: Hippowdon|Hippowdon, L82, M|311/311\n|-weather|Sandstorm|[from] ability: Sand Stream|[of] p2a: Hippowdon\n|move|p1a: Lycanroc|Swords Dance|p1a: Lycanroc\n|-boost|p1a: Lycanroc|atk|2\n|\n|-weather|Sandstorm|[upkeep]\n|upkeep\n|turn|2\n|c|\u2606barnebruh|???\n|c|\u2606barnebruh|are you real\n|inactive|Battle timer is ON: inactive players will automatically lose when time's up. (requested by Steveyfalc)\n|\n|t:|1781455888\n|-terastallize|p1a: Lycanroc|Fighting\n|move|p1a: Lycanroc|Close Combat|p2a: Hippowdon\n|-damage|p2a: Hippowdon|0 fnt\n|-unboost|p1a: Lycanroc|def|1\n|-unboost|p1a: Lycanroc|spd|1\n|faint|p2a: Hippowdon\n|-damage|p1a: Lycanroc|229/254|[from] item: Life Orb\n|\n|-weather|Sandstorm|[upkeep]\n|-damage|p1a: Lycanroc|214/254|[from] Sandstorm\n|upkeep\n|\n|t:|1781455914\n|switch|p2a: Dipplin|Dipplin, L88, F|284/284\n|turn|3\n|\n|t:|1781455928\n|move|p1a: Lycanroc|Stone Edge|p2a: Dipplin\n|-crit|p2a: Dipplin\n|-damage|p2a: Dipplin|46/284\n|-damage|p1a: Lycanroc|189/254|[from] item: Life Orb\n|move|p2a: Dipplin|Giga Drain|p1a: Lycanroc\n|-damage|p1a: Lycanroc|24/254\n|-heal|p2a: Dipplin|129/284|[from] drain|[of] p1a: Lycanroc\n|\n|-weather|Sandstorm|[upkeep]\n|-damage|p1a: Lycanroc|9/254|[from] Sandstorm\n|-damage|p2a: Dipplin|112/284|[from] Sandstorm\n|upkeep\n|turn|4\n|\n|t:|1781455940\n|move|p1a: Lycanroc|Close Combat|p2a: Dipplin\n|-damage|p2a: Dipplin|0 fnt\n|-unboost|p1a: Lycanroc|def|1\n|-unboost|p1a: Lycanroc|spd|1\n|faint|p2a: Dipplin\n|-damage|p1a: Lycanroc|0 fnt|[from] item: Life Orb\n|faint|p1a: Lycanroc\n|\n|-weather|Sandstorm|[upkeep]\n|upkeep\n|\n|t:|1781455954\n|switch|p1a: Illumise|Illumise, L91, F|266/266\n|switch|p2a: Grafaiai|Grafaiai, L86, F|249/249\n|turn|5\n|\n|t:|1781455965\n|move|p1a: Illumise|Thunder Wave|p2a: Grafaiai\n|-status|p2a: Grafaiai|par\n|cant|p2a: Grafaiai|par\n|\n|-weather|none\n|upkeep\n|turn|6\n|\n|t:|1781455981\n|switch|p1a: Duraludon|Duraludon, L82, F|249/249\n|move|p2a: Grafaiai|Gunk Shot|p1a: Duraludon\n|-immune|p1a: Duraludon\n|\n|upkeep\n|turn|7\n|\n|t:|1781455991\n|switch|p2a: Magearna|Magearna-Original, L77|250/250\n|move|p1a: Duraludon|Iron Defense|p1a: Duraludon\n|-boost|p1a: Duraludon|def|2\n|\n|upkeep\n|turn|8\n|\n|t:|1781456014\n|-terastallize|p2a: Magearna|Ground\n|move|p1a: Duraludon|Body Press|p2a: Magearna\n|-damage|p2a: Magearna|150/250\n|move|p2a: Magearna|Tera Blast|p1a: Duraludon|[anim] Tera Blast Ground\n|-supereffective|p1a: Duraludon\n|-damage|p1a: Duraludon|73/249\n|\n|upkeep\n|turn|9\n|\n|t:|1781456028\n|move|p1a: Duraludon|Body Press|p2a: Magearna\n|-damage|p2a: Magearna|41/250\n|move|p2a: Magearna|Shift Gear|p2a: Magearna\n|-boost|p2a: Magearna|spe|2\n|-boost|p2a: Magearna|atk|1\n|\n|upkeep\n|turn|10\n|\n|t:|1781456041\n|move|p2a: Magearna|Tera Blast|p1a: Duraludon|[anim] Tera Blast Ground\n|-supereffective|p1a: Duraludon\n|-damage|p1a: Duraludon|17/249\n|move|p1a: Duraludon|Body Press|p2a: Magearna\n|-damage|p2a: Magearna|0 fnt\n|faint|p2a: Magearna\n|\n|upkeep\n|c|\u2606barnebruh|gg\n|inactive|Steveyfalc has 120 seconds left.\n|\n|t:|1781456069\n|switch|p2a: Ninetales|Ninetales, L85, M|263/263\n|-weather|SunnyDay|[from] ability: Drought|[of] p2a: Ninetales\n|turn|11\n|\n|t:|1781456076\n|move|p2a: Ninetales|Scorching Sands|p1a: Duraludon\n|-supereffective|p1a: Duraludon\n|-crit|p1a: Duraludon\n|-damage|p1a: Duraludon|0 fnt\n|faint|p1a: Duraludon\n|\n|-weather|SunnyDay|[upkeep]\n|upkeep\n|\n|t:|1781456103\n|switch|p1a: Illumise|Illumise, L91, F|266/266\n|turn|12\n|\n|t:|1781456106\n|switch|p2a: Grafaiai|Grafaiai, L86, F|249/249 par\n|switch|p1a: Houndoom|Houndoom, L87, M|272/272\n|\n|-weather|SunnyDay|[upkeep]\n|upkeep\n|turn|13\n|\n|t:|1781456113\n|move|p1a: Houndoom|Nasty Plot|p1a: Houndoom\n|-boost|p1a: Houndoom|spa|2\n|move|p2a: Grafaiai|Gunk Shot|p1a: Houndoom\n|-damage|p1a: Houndoom|17/272\n|-damage|p2a: Grafaiai|225/249 par|[from] item: Life Orb\n|\n|-weather|SunnyDay|[upkeep]\n|upkeep\n|turn|14\n|\n|t:|1781456120\n|move|p1a: Houndoom|Fire Blast|p2a: Grafaiai\n|-damage|p2a: Grafaiai|0 fnt\n|faint|p2a: Grafaiai\n|\n|-weather|SunnyDay|[upkeep]\n|upkeep\n|\n|t:|1781456125\n|switch|p2a: Ninetales|Ninetales, L85, M|263/263\n|turn|15\n|\n|t:|1781456139\n|move|p2a: Ninetales|Scorching Sands|p1a: Houndoom\n|-supereffective|p1a: Houndoom\n|-damage|p1a: Houndoom|0 fnt\n|faint|p1a: Houndoom\n|\n|-weather|none\n|upkeep\n|\n|t:|1781456141\n|switch|p1a: Illumise|Illumise, L91, F|266/266\n|turn|16\n|\n|t:|1781456148\n|switch|p2a: Arboliva|Arboliva, L91, F|290/290\n|move|p1a: Illumise|Encore||[still]\n|-fail|p1a: Illumise\n|\n|upkeep\n|turn|17\n|\n|t:|1781456156\n|move|p1a: Illumise|Thunder Wave|p2a: Arboliva\n|-status|p2a: Arboliva|par\n|move|p2a: Arboliva|Hyper Voice|p1a: Illumise\n|-damage|p1a: Illumise|130/266\n|\n|upkeep\n|turn|18\n|\n|t:|1781456164\n|move|p1a: Illumise|Roost|p1a: Illumise\n|-heal|p1a: Illumise|263/266\n|-singleturn|p1a: Illumise|move: Roost\n|cant|p2a: Arboliva|par\n|\n|upkeep\n|turn|19\n|\n|t:|1781456179\n|switch|p1a: Hariyama|Hariyama, L87, M|392/392\n|move|p2a: Arboliva|Hyper Voice|p1a: Hariyama\n|-damage|p1a: Hariyama|286/392\n|\n|upkeep\n|turn|20\n|\n|t:|1781456185\n|move|p1a: Hariyama|Close Combat|p2a: Arboliva\n|-supereffective|p2a: Arboliva\n|-damage|p2a: Arboliva|0 fnt\n|-unboost|p1a: Hariyama|def|1\n|-unboost|p1a: Hariyama|spd|1\n|-fieldstart|move: Grassy Terrain|[from] ability: Seed Sower|[of] p2a: Arboliva\n|faint|p2a: Arboliva\n|\n|-heal|p1a: Hariyama|310/392|[from] Grassy Terrain\n|upkeep\n|\n|t:|1781456187\n|switch|p2a: Ninetales|Ninetales, L85, M|263/263\n|-weather|SunnyDay|[from] ability: Drought|[of] p2a: Ninetales\n|turn|21\n|\n|t:|1781456200\n|move|p2a: Ninetales|Nasty Plot|p2a: Ninetales\n|-boost|p2a: Ninetales|spa|2\n|move|p1a: Hariyama|Close Combat|p2a: Ninetales\n|-damage|p2a: Ninetales|89/263\n|-unboost|p1a: Hariyama|def|1\n|-unboost|p1a: Hariyama|spd|1\n|\n|-weather|SunnyDay|[upkeep]\n|-heal|p2a: Ninetales|105/263|[from] Grassy Terrain\n|-heal|p1a: Hariyama|334/392|[from] Grassy Terrain\n|upkeep\n|turn|22\n|\n|t:|1781456203\n|move|p2a: Ninetales|Fire Blast|p1a: Hariyama\n|-damage|p1a: Hariyama|42/392\n|move|p1a: Hariyama|Close Combat|p2a: Ninetales\n|-damage|p2a: Ninetales|0 fnt\n|-unboost|p1a: Hariyama|def|1\n|-unboost|p1a: Hariyama|spd|1\n|faint|p2a: Ninetales\n|\n|win|barnebruh\n|raw|barnebruh's rating: 1525 &rarr; <strong>1542</strong><br />(+17 for winning)\n|raw|Steveyfalc's rating: 1478 &rarr; <strong>1461</strong><br />(-17 for losing)\n|l|\u2606Steveyfalc\n|player|p2|\n", "uploadtime": 1781456208, "views": 2, "formatid": "gen9randombattle", "rating": 1461, "private": 0, "password": null}