{"id": "gen9randombattle-2631388328", "format": "[Gen 9] Random Battle", "players": ["Vhaso", "UncleKrack"], "log": "|j|\u2606Vhaso\n|j|\u2606UncleKrack\n|t:|1781378754\n|gametype|singles\n|player|p1|Vhaso|swimmer-gen4dp|1548\n|player|p2|UncleKrack|emmet|1550\n|gen|9\n|tier|[Gen 9] Random Battle\n|rated|\n|rule|Species Clause: Limit one of each Pok\u00e9mon\n|rule|HP Percentage Mod: HP is shown in percentages\n|rule|Sleep Clause Mod: Limit one foe put to sleep\n|rule|Illusion Level Mod: Illusion disguises the Pok\u00e9mon's true level\n|\n|t:|1781378754\n|teamsize|p1|6\n|teamsize|p2|6\n|start\n|switch|p1a: Rampardos|Rampardos, L90, F|321/321\n|switch|p2a: Galvantula|Galvantula, L82, M|249/249\n|turn|1\n|inactive|Battle timer is ON: inactive players will automatically lose when time's up. (requested by UncleKrack)\n|l|\u2606Vhaso\n|inactive|Vhaso disconnected and has a minute to reconnect!\n|player|p1|\n|inactive|UncleKrack has 120 seconds left.\n|j|\u2606Vhaso\n|inactive|Vhaso reconnected and has 115 seconds left.\n|player|p1|Vhaso|swimmer-gen4dp|\n|\n|t:|1781378798\n|move|p1a: Rampardos|Rock Slide|p2a: Galvantula\n|-supereffective|p2a: Galvantula\n|-enditem|p2a: Galvantula|Focus Sash\n|-damage|p2a: Galvantula|1/249\n|move|p2a: Galvantula|Energy Ball|p1a: Rampardos\n|-supereffective|p1a: Rampardos\n|-damage|p1a: Rampardos|139/321\n|\n|upkeep\n|turn|2\n|\n|t:|1781378814\n|switch|p2a: Basculin|Basculin-Blue-Striped, L86, F|261/261\n|move|p1a: Rampardos|Rock Slide|p2a: Basculin\n|-damage|p2a: Basculin|56/261\n|\n|upkeep\n|turn|3\n|\n|t:|1781378829\n|switch|p1a: Luvdisc|Luvdisc, F|247/247\n|move|p2a: Basculin|Aqua Jet|p1a: Luvdisc\n|-resisted|p1a: Luvdisc\n|-damage|p1a: Luvdisc|193/247\n|\n|upkeep\n|turn|4\n|\n|t:|1781378833\n|switch|p2a: Shiftry|Shiftry, L89, F|305/305\n|move|p1a: Luvdisc|Whirlpool|p2a: Shiftry\n|-resisted|p2a: Shiftry\n|-damage|p2a: Shiftry|287/305\n|-activate|p2a: Shiftry|move: Whirlpool|[of] p1a: Luvdisc\n|\n|-damage|p2a: Shiftry|249/305|[from] move: Whirlpool|[partiallytrapped]\n|upkeep\n|turn|5\n|\n|t:|1781378838\n|move|p1a: Luvdisc|Substitute|p1a: Luvdisc\n|-start|p1a: Luvdisc|Substitute\n|-damage|p1a: Luvdisc|132/247\n|move|p2a: Shiftry|Tailwind|p2a: Shiftry\n|-sidestart|p2: UncleKrack|move: Tailwind\n|-ability|p2a: Shiftry|Wind Rider|boost\n|-boost|p2a: Shiftry|atk|1\n|\n|-damage|p2a: Shiftry|211/305|[from] move: Whirlpool|[partiallytrapped]\n|upkeep\n|turn|6\n|\n|t:|1781378843\n|move|p2a: Shiftry|Knock Off|p1a: Luvdisc\n|-end|p1a: Luvdisc|Substitute\n|-damage|p2a: Shiftry|181/305|[from] item: Life Orb\n|move|p1a: Luvdisc|Surf|p2a: Shiftry\n|-resisted|p2a: Shiftry\n|-damage|p2a: Shiftry|139/305\n|\n|-damage|p2a: Shiftry|101/305|[from] move: Whirlpool|[partiallytrapped]\n|upkeep\n|turn|7\n|\n|t:|1781378849\n|move|p2a: Shiftry|Knock Off|p1a: Luvdisc\n|-damage|p1a: Luvdisc|0 fnt\n|-enditem|p1a: Luvdisc|Heavy-Duty Boots|[from] move: Knock Off|[of] p2a: Shiftry\n|faint|p1a: Luvdisc\n|-damage|p2a: Shiftry|71/305|[from] item: Life Orb\n|\n|-end|p2a: Shiftry|Whirlpool|[partiallytrapped]|[silent]\n|upkeep\n|\n|t:|1781378859\n|switch|p1a: Persian|Persian-Alola, L86, F|252/252\n|turn|8\n|inactive|UncleKrack has 120 seconds left.\n|\n|t:|1781378892\n|move|p2a: Shiftry|Leaf Blade|p1a: Persian\n|-damage|p1a: Persian|116/252\n|-damage|p2a: Shiftry|41/305|[from] item: Life Orb\n|move|p1a: Persian|Nasty Plot|p1a: Persian\n|-boost|p1a: Persian|spa|2\n|\n|-sideend|p2: UncleKrack|move: Tailwind\n|upkeep\n|turn|9\n|inactive|UncleKrack has 120 seconds left.\n|\n|t:|1781378913\n|move|p1a: Persian|Dark Pulse|p2a: Shiftry\n|-resisted|p2a: Shiftry\n|-damage|p2a: Shiftry|0 fnt\n|faint|p2a: Shiftry\n|-damage|p1a: Persian|91/252|[from] item: Life Orb\n|\n|upkeep\n|\n|t:|1781378917\n|switch|p2a: Basculin|Basculin-Blue-Striped, L86, F|56/261\n|turn|10\n|\n|t:|1781378938\n|switch|p2a: Ludicolo|Ludicolo, L90, M|290/290\n|move|p1a: Persian|Dark Pulse|p2a: Ludicolo\n|-damage|p2a: Ludicolo|137/290\n|-damage|p1a: Persian|66/252|[from] item: Life Orb\n|\n|upkeep\n|turn|11\n|\n|t:|1781378950\n|switch|p2a: Galvantula|Galvantula, L82, M|1/249\n|move|p1a: Persian|Dark Pulse|p2a: Galvantula\n|-damage|p2a: Galvantula|0 fnt\n|faint|p2a: Galvantula\n|-damage|p1a: Persian|41/252|[from] item: Life Orb\n|\n|upkeep\n|\n|t:|1781378957\n|switch|p2a: Basculin|Basculin-Blue-Striped, L86, F|56/261\n|turn|12\n|\n|t:|1781378960\n|move|p2a: Basculin|Aqua Jet|p1a: Persian\n|-damage|p1a: Persian|0 fnt\n|faint|p1a: Persian\n|\n|upkeep\n|\n|t:|1781378964\n|switch|p1a: Banette|Banette, L93, M|270/270\n|turn|13\n|\n|t:|1781378974\n|switch|p2a: Oinkologne|Oinkologne, L92, M|352/352\n|move|p1a: Banette|Poltergeist|p2a: Oinkologne\n|-immune|p2a: Oinkologne\n|\n|upkeep\n|turn|14\n|\n|t:|1781378979\n|move|p1a: Banette|Gunk Shot|p2a: Oinkologne\n|-damage|p2a: Oinkologne|203/352\n|-damage|p1a: Banette|243/270|[from] item: Life Orb\n|move|p2a: Oinkologne|Curse|p2a: Oinkologne\n|-unboost|p2a: Oinkologne|spe|1\n|-boost|p2a: Oinkologne|atk|1\n|-boost|p2a: Oinkologne|def|1\n|\n|-heal|p2a: Oinkologne|225/352|[from] item: Leftovers\n|upkeep\n|turn|15\n|\n|t:|1781378983\n|move|p1a: Banette|Gunk Shot|p2a: Oinkologne\n|-damage|p2a: Oinkologne|128/352\n|-status|p2a: Oinkologne|psn\n|-damage|p1a: Banette|216/270|[from] item: Life Orb\n|move|p2a: Oinkologne|Lash Out|p1a: Banette\n|-supereffective|p1a: Banette\n|-damage|p1a: Banette|0 fnt\n|faint|p1a: Banette\n|\n|-heal|p2a: Oinkologne|150/352 psn|[from] item: Leftovers\n|-damage|p2a: Oinkologne|106/352 psn|[from] psn\n|upkeep\n|\n|t:|1781378989\n|switch|p1a: Rampardos|Rampardos, L90, F|139/321\n|turn|16\n|\n|t:|1781378993\n|move|p1a: Rampardos|Rock Slide|p2a: Oinkologne\n|-damage|p2a: Oinkologne|0 fnt\n|faint|p2a: Oinkologne\n|\n|upkeep\n|\n|t:|1781378996\n|switch|p2a: Basculin|Basculin-Blue-Striped, L86, F|56/261\n|turn|17\n|\n|t:|1781378998\n|move|p2a: Basculin|Aqua Jet|p1a: Rampardos\n|-supereffective|p1a: Rampardos\n|-damage|p1a: Rampardos|0 fnt\n|faint|p1a: Rampardos\n|\n|upkeep\n|\n|t:|1781379003\n|switch|p1a: Blaziken|Blaziken, L76, F|247/247\n|turn|18\n|\n|t:|1781379006\n|-terastallize|p2a: Basculin|Water\n|-terastallize|p1a: Blaziken|Fighting\n|move|p2a: Basculin|Aqua Jet|p1a: Blaziken\n|-crit|p1a: Blaziken\n|-damage|p1a: Blaziken|74/247\n|move|p1a: Blaziken|Swords Dance|p1a: Blaziken\n|-boost|p1a: Blaziken|atk|2\n|\n|-ability|p1a: Blaziken|Speed Boost|boost\n|-boost|p1a: Blaziken|spe|1\n|upkeep\n|turn|19\n|\n|t:|1781379012\n|move|p2a: Basculin|Aqua Jet|p1a: Blaziken\n|-damage|p1a: Blaziken|0 fnt\n|faint|p1a: Blaziken\n|\n|upkeep\n|\n|t:|1781379014\n|switch|p1a: Iron Boulder|Iron Boulder, L77|265/265\n|turn|20\n|\n|t:|1781379015\n|move|p2a: Basculin|Aqua Jet|p1a: Iron Boulder\n|-supereffective|p1a: Iron Boulder\n|-damage|p1a: Iron Boulder|27/265\n|move|p1a: Iron Boulder|Mighty Cleave|p2a: Basculin\n|-damage|p2a: Basculin|0 fnt\n|faint|p2a: Basculin\n|-damage|p1a: Iron Boulder|1/265|[from] item: Life Orb\n|\n|upkeep\n|\n|t:|1781379019\n|switch|p2a: Honchkrow|Honchkrow, L86, F|312/312\n|turn|21\n|-message|Vhaso forfeited.\n|\n|win|UncleKrack\n|raw|Vhaso's rating: 1548 &rarr; <strong>1528</strong><br />(-20 for losing)\n|raw|UncleKrack's rating: 1550 &rarr; <strong>1570</strong><br />(+20 for winning)\n", "uploadtime": 1781379021, "views": 5, "formatid": "gen9randombattle", "rating": 1528, "private": 0, "password": null}