{"id": "gen9randombattle-2631933030", "format": "[Gen 9] Random Battle", "players": ["DraconicSpeed", "rongus"], "log": "|j|\u2606DraconicSpeed\n|j|\u2606rongus\n|t:|1781457143\n|gametype|singles\n|player|p1|DraconicSpeed|101|1954\n|player|p2|rongus|266|1951\n|gen|9\n|tier|[Gen 9] Random Battle\n|rated|\n|rule|Species Clause: Limit one of each Pok\u00e9mon\n|rule|HP Percentage Mod: HP is shown in percentages\n|rule|Sleep Clause Mod: Limit one foe put to sleep\n|rule|Illusion Level Mod: Illusion disguises the Pok\u00e9mon's true level\n|\n|t:|1781457143\n|teamsize|p1|6\n|teamsize|p2|6\n|start\n|switch|p1a: Galvantula|Galvantula, L82, F|249/249\n|switch|p2a: Scovillain|Scovillain, L91, F|266/266\n|turn|1\n|inactive|Battle timer is ON: inactive players will automatically lose when time's up. (requested by rongus)\n|\n|t:|1781457163\n|switch|p1a: Giratina|Giratina-Origin, L72|335/335\n|move|p2a: Scovillain|Flamethrower|p1a: Giratina\n|-resisted|p1a: Giratina\n|-damage|p1a: Giratina|239/335\n|\n|upkeep\n|turn|2\n|\n|t:|1781457175\n|switch|p2a: Sableye|Sableye, L88, M|231/231\n|move|p1a: Giratina|Dragon Tail|p2a: Sableye\n|-damage|p2a: Sableye|155/231\n|drag|p2a: Magcargo|Magcargo, L95, F|268/268\n|\n|upkeep\n|turn|3\n|\n|t:|1781457183\n|move|p2a: Magcargo|Stealth Rock|p1a: Giratina\n|-sidestart|p1: DraconicSpeed|move: Stealth Rock\n|move|p1a: Giratina|Dragon Tail|p2a: Magcargo|[miss]\n|-miss|p1a: Giratina|p2a: Magcargo\n|\n|upkeep\n|turn|4\n|\n|t:|1781457191\n|move|p2a: Magcargo|Yawn|p1a: Giratina\n|-start|p1a: Giratina|move: Yawn|[of] p2a: Magcargo\n|move|p1a: Giratina|Dragon Tail|p2a: Magcargo\n|-damage|p2a: Magcargo|217/268\n|-status|p1a: Giratina|brn|[from] ability: Flame Body|[of] p2a: Magcargo\n|drag|p2a: Plusle|Plusle, L95, F|268/268\n|\n|-damage|p1a: Giratina|219/335 brn|[from] brn\n|upkeep\n|turn|5\n|\n|t:|1781457199\n|move|p2a: Plusle|Alluring Voice|p1a: Giratina\n|-supereffective|p1a: Giratina\n|-damage|p1a: Giratina|42/335 brn\n|-damage|p2a: Plusle|242/268|[from] item: Life Orb\n|move|p1a: Giratina|Draco Meteor|p2a: Plusle\n|-damage|p2a: Plusle|103/268\n|-unboost|p1a: Giratina|spa|2\n|\n|-damage|p1a: Giratina|22/335 brn|[from] brn\n|-end|p1a: Giratina|move: Yawn|[silent]\n|upkeep\n|turn|6\n|\n|t:|1781457213\n|move|p2a: Plusle|Thunderbolt|p1a: Giratina\n|-resisted|p1a: Giratina\n|-damage|p1a: Giratina|0 fnt\n|faint|p1a: Giratina\n|-damage|p2a: Plusle|77/268|[from] item: Life Orb\n|\n|upkeep\n|\n|t:|1781457217\n|switch|p1a: Noivern|Noivern, L82, F|274/274\n|turn|7\n|\n|t:|1781457228\n|switch|p2a: Oricorio|Oricorio-Pom-Pom, L82, F|257/257\n|move|p1a: Noivern|Defog|p2a: Oricorio\n|-unboost|p2a: Oricorio|evasion|1\n|-sideend|p1: DraconicSpeed|Stealth Rock|[from] move: Defog|[of] p1a: Noivern\n|\n|upkeep\n|turn|8\n|\n|t:|1781457240\n|switch|p1a: Stonjourner|Stonjourner, L91, F|330/330\n|move|p2a: Oricorio|Quiver Dance|p2a: Oricorio\n|-boost|p2a: Oricorio|spa|1\n|-boost|p2a: Oricorio|spd|1\n|-boost|p2a: Oricorio|spe|1\n|\n|upkeep\n|turn|9\n|\n|t:|1781457251\n|switch|p2a: Scovillain|Scovillain, L91, F|266/266\n|move|p1a: Stonjourner|Heat Crash|p2a: Scovillain\n|-crit|p2a: Scovillain\n|-damage|p2a: Scovillain|0 fnt\n|faint|p2a: Scovillain\n|-damage|p1a: Stonjourner|297/330|[from] item: Life Orb\n|\n|upkeep\n|\n|t:|1781457261\n|switch|p2a: Plusle|Plusle, L95, F|77/268\n|turn|10\n|\n|t:|1781457271\n|switch|p1a: Galvantula|Galvantula, L82, F|249/249\n|move|p2a: Plusle|Thunderbolt|p1a: Galvantula\n|-resisted|p1a: Galvantula\n|-damage|p1a: Galvantula|159/249\n|-damage|p2a: Plusle|51/268|[from] item: Life Orb\n|\n|upkeep\n|turn|11\n|\n|t:|1781457281\n|move|p2a: Plusle|Alluring Voice|p1a: Galvantula\n|-damage|p1a: Galvantula|39/249\n|-damage|p2a: Plusle|25/268|[from] item: Life Orb\n|move|p1a: Galvantula|Sticky Web|p2a: Plusle\n|-sidestart|p2: rongus|move: Sticky Web\n|\n|upkeep\n|turn|12\n|\n|t:|1781457286\n|move|p2a: Plusle|Thunderbolt|p1a: Galvantula\n|-resisted|p1a: Galvantula\n|-crit|p1a: Galvantula\n|-damage|p1a: Galvantula|0 fnt\n|faint|p1a: Galvantula\n|-damage|p2a: Plusle|0 fnt|[from] item: Life Orb\n|faint|p2a: Plusle\n|\n|upkeep\n|\n|t:|1781457297\n|switch|p2a: Magcargo|Magcargo, L95, F|217/268\n|switch|p1a: Bronzong|Bronzong, L88|261/261\n|turn|13\n|\n|t:|1781457302\n|move|p2a: Magcargo|Lava Plume|p1a: Bronzong\n|-supereffective|p1a: Bronzong\n|-damage|p1a: Bronzong|111/261\n|-status|p1a: Bronzong|brn\n|move|p1a: Bronzong|Earthquake|p2a: Magcargo\n|-supereffective|p2a: Magcargo\n|-damage|p2a: Magcargo|123/268\n|\n|-heal|p1a: Bronzong|127/261 brn|[from] item: Leftovers\n|-damage|p1a: Bronzong|111/261 brn|[from] brn\n|upkeep\n|turn|14\n|\n|t:|1781457309\n|move|p2a: Magcargo|Recover|p2a: Magcargo\n|-heal|p2a: Magcargo|257/268\n|move|p1a: Bronzong|Stealth Rock|p2a: Magcargo\n|-sidestart|p2: rongus|move: Stealth Rock\n|\n|-heal|p1a: Bronzong|127/261 brn|[from] item: Leftovers\n|-damage|p1a: Bronzong|111/261 brn|[from] brn\n|upkeep\n|turn|15\n|\n|t:|1781457311\n|move|p2a: Magcargo|Stealth Rock|p1a: Bronzong\n|-sidestart|p1: DraconicSpeed|move: Stealth Rock\n|move|p1a: Bronzong|Hypnosis|p2a: Magcargo|[miss]\n|-miss|p1a: Bronzong|p2a: Magcargo\n|\n|-heal|p1a: Bronzong|127/261 brn|[from] item: Leftovers\n|-damage|p1a: Bronzong|111/261 brn|[from] brn\n|upkeep\n|turn|16\n|\n|t:|1781457314\n|move|p2a: Magcargo|Lava Plume|p1a: Bronzong\n|-supereffective|p1a: Bronzong\n|-damage|p1a: Bronzong|0 fnt\n|faint|p1a: Bronzong\n|\n|upkeep\n|\n|t:|1781457318\n|switch|p1a: Stonjourner|Stonjourner, L91, F|297/330\n|-damage|p1a: Stonjourner|256/330|[from] Stealth Rock\n|turn|17\n|\n|t:|1781457339\n|switch|p2a: Sableye|Sableye, L88, M|155/231\n|-activate|p2a: Sableye|move: Sticky Web\n|-unboost|p2a: Sableye|spe|1\n|-damage|p2a: Sableye|127/231|[from] Stealth Rock\n|move|p1a: Stonjourner|Stone Edge|p2a: Sableye\n|-damage|p2a: Sableye|0 fnt\n|faint|p2a: Sableye\n|-damage|p1a: Stonjourner|223/330|[from] item: Life Orb\n|\n|upkeep\n|\n|t:|1781457343\n|switch|p2a: Bellossom|Bellossom, L84, M|263/263\n|-activate|p2a: Bellossom|move: Sticky Web\n|-unboost|p2a: Bellossom|spe|1\n|-damage|p2a: Bellossom|231/263|[from] Stealth Rock\n|turn|18\n|\n|t:|1781457348\n|move|p1a: Stonjourner|Heat Crash|p2a: Bellossom\n|-supereffective|p2a: Bellossom\n|-damage|p2a: Bellossom|0 fnt\n|faint|p2a: Bellossom\n|-damage|p1a: Stonjourner|190/330|[from] item: Life Orb\n|\n|upkeep\n|\n|t:|1781457353\n|switch|p2a: Oricorio|Oricorio-Pom-Pom, L82, F|257/257\n|turn|19\n|\n|t:|1781457370\n|-terastallize|p2a: Oricorio|Ground\n|-terastallize|p1a: Stonjourner|Ground\n|move|p2a: Oricorio|Quiver Dance|p2a: Oricorio\n|-boost|p2a: Oricorio|spa|1\n|-boost|p2a: Oricorio|spd|1\n|-boost|p2a: Oricorio|spe|1\n|move|p1a: Stonjourner|Stone Edge|p2a: Oricorio|[miss]\n|-miss|p1a: Stonjourner|p2a: Oricorio\n|\n|upkeep\n|turn|20\n|\n|t:|1781457379\n|move|p2a: Oricorio|Hurricane|p1a: Stonjourner\n|-damage|p1a: Stonjourner|0 fnt\n|faint|p1a: Stonjourner\n|\n|upkeep\n|\n|t:|1781457381\n|switch|p1a: Hoopa|Hoopa, L85|275/275\n|-damage|p1a: Hoopa|241/275|[from] Stealth Rock\n|turn|21\n|\n|t:|1781457392\n|move|p2a: Oricorio|Hurricane|p1a: Hoopa\n|-damage|p1a: Hoopa|123/275\n|move|p1a: Hoopa|Trick|p2a: Oricorio\n|-activate|p1a: Hoopa|move: Trick|[of] p2a: Oricorio\n|-item|p2a: Oricorio|Choice Scarf|[from] move: Trick\n|-item|p1a: Hoopa|Heavy-Duty Boots|[from] move: Trick\n|\n|upkeep\n|turn|22\n|\n|t:|1781457397\n|move|p2a: Oricorio|Hurricane|p1a: Hoopa\n|-damage|p1a: Hoopa|0 fnt\n|faint|p1a: Hoopa\n|\n|upkeep\n|\n|t:|1781457398\n|switch|p1a: Noivern|Noivern, L82, F|274/274\n|turn|23\n|\n|t:|1781457402\n|move|p2a: Oricorio|Hurricane|p1a: Noivern\n|-damage|p1a: Noivern|97/274\n|move|p1a: Noivern|Hurricane|p2a: Oricorio|[miss]\n|-miss|p1a: Noivern|p2a: Oricorio\n|\n|upkeep\n|turn|24\n|-message|DraconicSpeed forfeited.\n|\n|win|rongus\n", "uploadtime": 1781457145, "views": 6, "formatid": "gen9randombattle", "rating": null, "private": 0, "password": null}