{"id": "gen9randombattle-2631552911", "format": "[Gen 9] Random Battle", "players": ["basidio", "Astrokid11"], "log": "|j|\u2606basidio\n|j|\u2606Astrokid11\n|t:|1781400356\n|gametype|singles\n|player|p1|basidio|2|1983\n|player|p2|Astrokid11|102|1930\n|gen|9\n|tier|[Gen 9] Random Battle\n|rated|\n|rule|Species Clause: Limit one of each Pok\u00e9mon\n|rule|HP Percentage Mod: HP is shown in percentages\n|rule|Sleep Clause Mod: Limit one foe put to sleep\n|rule|Illusion Level Mod: Illusion disguises the Pok\u00e9mon's true level\n|\n|t:|1781400356\n|teamsize|p1|6\n|teamsize|p2|6\n|start\n|switch|p1a: Raging Bolt|Raging Bolt, L78|323/323\n|switch|p2a: Scovillain|Scovillain, L91, F|266/266\n|turn|1\n|\n|t:|1781400376\n|switch|p2a: Greedent|Greedent, L86, M|347/347\n|move|p1a: Raging Bolt|Volt Switch|p2a: Greedent\n|-damage|p2a: Greedent|245/347\n|inactive|Battle timer is ON: inactive players will automatically lose when time's up. (requested by basidio)\n|\n|t:|1781400404\n|-end|p1a: Raging Bolt|Protosynthesis|[silent]\n|switch|p1a: Iron Valiant|Iron Valiant, L78|244/244|[from] Volt Switch\n|\n|upkeep\n|turn|2\n|\n|t:|1781400418\n|switch|p2a: Volcarona|Volcarona, L77, M|257/257\n|move|p1a: Iron Valiant|Close Combat|p2a: Volcarona\n|-resisted|p2a: Volcarona\n|-damage|p2a: Volcarona|134/257\n|-unboost|p1a: Iron Valiant|def|1\n|-unboost|p1a: Iron Valiant|spd|1\n|-damage|p1a: Iron Valiant|220/244|[from] item: Life Orb\n|\n|upkeep\n|turn|3\n|\n|t:|1781400438\n|move|p1a: Iron Valiant|Psychic|p2a: Volcarona\n|-damage|p2a: Volcarona|55/257\n|-damage|p1a: Iron Valiant|196/244|[from] item: Life Orb\n|move|p2a: Volcarona|Quiver Dance|p2a: Volcarona\n|-boost|p2a: Volcarona|spa|1\n|-boost|p2a: Volcarona|spd|1\n|-boost|p2a: Volcarona|spe|1\n|\n|upkeep\n|turn|4\n|\n|t:|1781400448\n|-end|p1a: Iron Valiant|Quark Drive|[silent]\n|switch|p1a: Latios|Latios, L78, M|253/253\n|move|p2a: Volcarona|Fiery Dance|p1a: Latios\n|-resisted|p1a: Latios\n|-damage|p1a: Latios|192/253\n|\n|upkeep\n|turn|5\n|\n|t:|1781400456\n|-terastallize|p1a: Latios|Steel\n|move|p2a: Volcarona|Giga Drain|p1a: Latios\n|-resisted|p1a: Latios\n|-damage|p1a: Latios|150/253\n|-heal|p2a: Volcarona|76/257|[from] drain|[of] p1a: Latios\n|move|p1a: Latios|Psyshock|p2a: Volcarona\n|-damage|p2a: Volcarona|0 fnt\n|faint|p2a: Volcarona\n|\n|upkeep\n|\n|t:|1781400468\n|switch|p2a: Metagross|Metagross, L79|256/256\n|turn|6\n|\n|t:|1781400489\n|switch|p1a: Dudunsparce|Dudunsparce-Three-Segment, L83, M|343/343\n|move|p2a: Metagross|Agility|p2a: Metagross\n|-boost|p2a: Metagross|spe|2\n|\n|upkeep\n|turn|7\n|\n|t:|1781400499\n|move|p2a: Metagross|Heavy Slam|p1a: Dudunsparce\n|-damage|p1a: Dudunsparce|190/343\n|move|p1a: Dudunsparce|Glare|p2a: Metagross\n|-status|p2a: Metagross|par\n|\n|-heal|p1a: Dudunsparce|211/343|[from] item: Leftovers\n|upkeep\n|turn|8\n|\n|t:|1781400515\n|move|p2a: Metagross|Agility|p2a: Metagross\n|-boost|p2a: Metagross|spe|2\n|move|p1a: Dudunsparce|Headbutt|p2a: Metagross\n|-resisted|p2a: Metagross\n|-damage|p2a: Metagross|226/256 par\n|\n|-heal|p1a: Dudunsparce|232/343|[from] item: Leftovers\n|upkeep\n|turn|9\n|\n|t:|1781400527\n|switch|p1a: Swalot|Swalot, L90, F|326/326\n|move|p2a: Metagross|Knock Off|p1a: Swalot\n|-damage|p1a: Swalot|244/326\n|-enditem|p1a: Swalot|Leftovers|[from] move: Knock Off|[of] p2a: Metagross\n|\n|upkeep\n|turn|10\n|\n|t:|1781400533\n|move|p2a: Metagross|Earthquake|p1a: Swalot\n|-supereffective|p1a: Swalot\n|-damage|p1a: Swalot|94/326\n|move|p1a: Swalot|Toxic Spikes|p2a: Metagross\n|-sidestart|p2: Astrokid11|move: Toxic Spikes\n|\n|upkeep\n|turn|11\n|\n|t:|1781400540\n|switch|p1a: Latios|Latios, L78, M, tera:Steel|150/253\n|move|p2a: Metagross|Earthquake|p1a: Latios\n|-immune|p1a: Latios|[from] ability: Levitate\n|\n|upkeep\n|turn|12\n|\n|t:|1781400542\n|move|p2a: Metagross|Knock Off|p1a: Latios\n|-damage|p1a: Latios|56/253\n|-enditem|p1a: Latios|Soul Dew|[from] move: Knock Off|[of] p2a: Metagross\n|move|p1a: Latios|Recover|p1a: Latios\n|-heal|p1a: Latios|183/253\n|\n|upkeep\n|turn|13\n|\n|t:|1781400549\n|cant|p2a: Metagross|par\n|move|p1a: Latios|Calm Mind|p1a: Latios\n|-boost|p1a: Latios|spa|1\n|-boost|p1a: Latios|spd|1\n|\n|upkeep\n|turn|14\n|\n|t:|1781400556\n|switch|p2a: Dewgong|Dewgong, L94, F|322/322\n|move|p1a: Latios|Calm Mind|p1a: Latios\n|-boost|p1a: Latios|spa|1\n|-boost|p1a: Latios|spd|1\n|\n|upkeep\n|turn|15\n|\n|t:|1781400562\n|move|p1a: Latios|Psyshock|p2a: Dewgong\n|-damage|p2a: Dewgong|156/322\n|move|p2a: Dewgong|Encore|p1a: Latios\n|-start|p1a: Latios|Encore\n|\n|upkeep\n|turn|16\n|\n|t:|1781400568\n|move|p1a: Latios|Psyshock|p2a: Dewgong\n|-damage|p2a: Dewgong|0 fnt\n|faint|p2a: Dewgong\n|\n|upkeep\n|\n|t:|1781400581\n|switch|p2a: Scovillain|Scovillain, L91, F|266/266\n|turn|17\n|\n|t:|1781400585\n|move|p1a: Latios|Psyshock|p2a: Scovillain\n|-damage|p2a: Scovillain|52/266\n|move|p2a: Scovillain|Sunny Day|p2a: Scovillain\n|-weather|SunnyDay\n|\n|-weather|SunnyDay|[upkeep]\n|upkeep\n|turn|18\n|\n|t:|1781400608\n|move|p2a: Scovillain|Fire Blast|p1a: Latios|[miss]\n|-miss|p2a: Scovillain|p1a: Latios\n|move|p1a: Latios|Psyshock|p2a: Scovillain\n|-damage|p2a: Scovillain|0 fnt\n|faint|p2a: Scovillain\n|\n|-weather|SunnyDay|[upkeep]\n|-end|p1a: Latios|Encore\n|upkeep\n|-message|Astrokid11 forfeited.\n|\n|win|basidio\n", "uploadtime": 1781400358, "views": 3, "formatid": "gen9randombattle", "rating": null, "private": 0, "password": null}