{"id": "gen9randombattle-2631415863", "format": "[Gen 9] Random Battle", "players": ["cdsjuxe", "restrating"], "log": "|j|\u2606cdsjuxe\n|j|\u2606restrating\n|t:|1781381963\n|gametype|singles\n|player|p1|cdsjuxe|102|1808\n|player|p2|restrating|policeman|1856\n|gen|9\n|tier|[Gen 9] Random Battle\n|rated|\n|rule|Species Clause: Limit one of each Pok\u00e9mon\n|rule|HP Percentage Mod: HP is shown in percentages\n|rule|Sleep Clause Mod: Limit one foe put to sleep\n|rule|Illusion Level Mod: Illusion disguises the Pok\u00e9mon's true level\n|\n|t:|1781381963\n|teamsize|p1|6\n|teamsize|p2|6\n|start\n|switch|p1a: Jirachi|Jirachi, L80|291/291\n|switch|p2a: Alcremie|Alcremie, L90, F|263/263\n|turn|1\n|inactive|Battle timer is ON: inactive players will automatically lose when time's up. (requested by restrating)\n|\n|t:|1781381976\n|switch|p2a: Swampert|Swampert, L83, F|302/302\n|move|p1a: Jirachi|Body Slam|p2a: Swampert\n|-damage|p2a: Swampert|241/302\n|\n|-heal|p2a: Swampert|259/302|[from] item: Leftovers\n|upkeep\n|turn|2\n|\n|t:|1781381984\n|switch|p1a: Meowscarada|Meowscarada, L78, M|247/247\n|move|p2a: Swampert|Flip Turn|p1a: Meowscarada\n|-resisted|p1a: Meowscarada\n|-damage|p1a: Meowscarada|202/247\n|\n|t:|1781381997\n|switch|p2a: Alcremie|Alcremie, L90, F|263/263|[from] Flip Turn\n|\n|upkeep\n|turn|3\n|\n|t:|1781382017\n|switch|p2a: Snorlax|Snorlax, L82, F|397/397\n|move|p1a: Meowscarada|U-turn|p2a: Snorlax\n|-start|p1a: Meowscarada|typechange|Bug|[from] ability: Protean\n|-damage|p2a: Snorlax|252/397\n|\n|t:|1781382027\n|switch|p1a: Dusknoir|Dusknoir, L89, F|225/225|[from] U-turn\n|-item|p2a: Snorlax|Leftovers|[from] ability: Frisk|[of] p1a: Dusknoir\n|\n|-heal|p2a: Snorlax|276/397|[from] item: Leftovers\n|upkeep\n|turn|4\n|\n|t:|1781382033\n|switch|p2a: Hydreigon|Hydreigon, L79, F|275/275\n|move|p1a: Dusknoir|Substitute|p1a: Dusknoir\n|-start|p1a: Dusknoir|Substitute\n|-damage|p1a: Dusknoir|169/225\n|\n|-heal|p1a: Dusknoir|183/225|[from] item: Leftovers\n|upkeep\n|turn|5\n|\n|t:|1781382046\n|switch|p2a: Alcremie|Alcremie, L90, F|263/263\n|-singleturn|p1a: Dusknoir|move: Focus Punch\n|move|p1a: Dusknoir|Focus Punch|p2a: Alcremie\n|-resisted|p2a: Alcremie\n|-damage|p2a: Alcremie|201/263\n|\n|-heal|p2a: Alcremie|217/263|[from] item: Leftovers\n|-heal|p1a: Dusknoir|197/225|[from] item: Leftovers\n|upkeep\n|turn|6\n|\n|t:|1781382058\n|move|p2a: Alcremie|Alluring Voice|p1a: Dusknoir\n|-damage|p1a: Dusknoir|116/225\n|move|p1a: Dusknoir|Poltergeist|p2a: Alcremie\n|-activate|p2a: Alcremie|move: Poltergeist|Leftovers\n|-damage|p2a: Alcremie|69/263\n|\n|-heal|p2a: Alcremie|85/263|[from] item: Leftovers\n|-heal|p1a: Dusknoir|130/225|[from] item: Leftovers\n|upkeep\n|turn|7\n|\n|t:|1781382067\n|move|p2a: Alcremie|Recover|p2a: Alcremie\n|-heal|p2a: Alcremie|217/263\n|move|p1a: Dusknoir|Poltergeist|p2a: Alcremie\n|-activate|p2a: Alcremie|move: Poltergeist|Leftovers\n|-damage|p2a: Alcremie|87/263\n|\n|-heal|p2a: Alcremie|103/263|[from] item: Leftovers\n|-heal|p1a: Dusknoir|144/225|[from] item: Leftovers\n|upkeep\n|turn|8\n|\n|t:|1781382070\n|move|p2a: Alcremie|Recover|p2a: Alcremie\n|-heal|p2a: Alcremie|235/263\n|move|p1a: Dusknoir|Poltergeist|p2a: Alcremie\n|-activate|p2a: Alcremie|move: Poltergeist|Leftovers\n|-damage|p2a: Alcremie|85/263\n|\n|-heal|p2a: Alcremie|101/263|[from] item: Leftovers\n|-heal|p1a: Dusknoir|158/225|[from] item: Leftovers\n|upkeep\n|turn|9\n|\n|t:|1781382073\n|move|p2a: Alcremie|Recover|p2a: Alcremie\n|-heal|p2a: Alcremie|233/263\n|move|p1a: Dusknoir|Poltergeist|p2a: Alcremie\n|-activate|p2a: Alcremie|move: Poltergeist|Leftovers\n|-damage|p2a: Alcremie|97/263\n|\n|-heal|p2a: Alcremie|113/263|[from] item: Leftovers\n|-heal|p1a: Dusknoir|172/225|[from] item: Leftovers\n|upkeep\n|turn|10\n|\n|t:|1781382080\n|move|p2a: Alcremie|Recover|p2a: Alcremie\n|-heal|p2a: Alcremie|245/263\n|move|p1a: Dusknoir|Poltergeist|p2a: Alcremie\n|-activate|p2a: Alcremie|move: Poltergeist|Leftovers\n|-damage|p2a: Alcremie|106/263\n|\n|-heal|p2a: Alcremie|122/263|[from] item: Leftovers\n|-heal|p1a: Dusknoir|186/225|[from] item: Leftovers\n|upkeep\n|turn|11\n|\n|t:|1781382088\n|-singleturn|p1a: Dusknoir|move: Focus Punch\n|move|p2a: Alcremie|Recover|p2a: Alcremie\n|-heal|p2a: Alcremie|254/263\n|move|p1a: Dusknoir|Focus Punch|p2a: Alcremie\n|-resisted|p2a: Alcremie\n|-damage|p2a: Alcremie|187/263\n|\n|-heal|p2a: Alcremie|203/263|[from] item: Leftovers\n|-heal|p1a: Dusknoir|200/225|[from] item: Leftovers\n|upkeep\n|turn|12\n|\n|t:|1781382098\n|move|p2a: Alcremie|Alluring Voice|p1a: Dusknoir\n|-damage|p1a: Dusknoir|127/225\n|move|p1a: Dusknoir|Poltergeist|p2a: Alcremie\n|-activate|p2a: Alcremie|move: Poltergeist|Leftovers\n|-damage|p2a: Alcremie|68/263\n|\n|-heal|p2a: Alcremie|84/263|[from] item: Leftovers\n|-heal|p1a: Dusknoir|141/225|[from] item: Leftovers\n|upkeep\n|turn|13\n|\n|t:|1781382108\n|-singleturn|p1a: Dusknoir|move: Focus Punch\n|move|p2a: Alcremie|Alluring Voice|p1a: Dusknoir\n|-damage|p1a: Dusknoir|60/225\n|cant|p1a: Dusknoir|Focus Punch|Focus Punch\n|\n|-heal|p2a: Alcremie|100/263|[from] item: Leftovers\n|-heal|p1a: Dusknoir|74/225|[from] item: Leftovers\n|upkeep\n|turn|14\n|\n|t:|1781382127\n|move|p2a: Alcremie|Alluring Voice|p1a: Dusknoir\n|-damage|p1a: Dusknoir|0 fnt\n|faint|p1a: Dusknoir\n|\n|-heal|p2a: Alcremie|116/263|[from] item: Leftovers\n|upkeep\n|\n|t:|1781382131\n|switch|p1a: Meowscarada|Meowscarada, L78, M|202/247\n|turn|15\n|\n|t:|1781382142\n|switch|p2a: Snorlax|Snorlax, L82, F|276/397\n|move|p1a: Meowscarada|Triple Axel|p2a: Snorlax\n|-start|p1a: Meowscarada|typechange|Ice|[from] ability: Protean\n|-damage|p2a: Snorlax|257/397\n|-damage|p2a: Snorlax|218/397\n|-damage|p2a: Snorlax|161/397\n|-hitcount|p2a: Snorlax|3\n|\n|-heal|p2a: Snorlax|185/397|[from] item: Leftovers\n|upkeep\n|turn|16\n|\n|t:|1781382164\n|switch|p1a: Iron Thorns|Iron Thorns, L83|302/302\n|-enditem|p1a: Iron Thorns|Booster Energy\n|-activate|p1a: Iron Thorns|ability: Quark Drive|[fromitem]\n|-start|p1a: Iron Thorns|quarkdriveatk\n|move|p2a: Snorlax|Body Slam|p1a: Iron Thorns\n|-resisted|p1a: Iron Thorns\n|-damage|p1a: Iron Thorns|263/302\n|\n|-heal|p2a: Snorlax|209/397|[from] item: Leftovers\n|upkeep\n|turn|17\n|\n|t:|1781382176\n|switch|p2a: Swampert|Swampert, L83, F|259/302\n|move|p1a: Iron Thorns|Dragon Dance|p1a: Iron Thorns\n|-boost|p1a: Iron Thorns|atk|1\n|-boost|p1a: Iron Thorns|spe|1\n|\n|-heal|p2a: Swampert|277/302|[from] item: Leftovers\n|upkeep\n|turn|18\n|\n|t:|1781382183\n|-terastallize|p1a: Iron Thorns|Ground\n|move|p1a: Iron Thorns|Earthquake|p2a: Swampert\n|-damage|p2a: Swampert|22/302\n|move|p2a: Swampert|Earthquake|p1a: Iron Thorns\n|-damage|p1a: Iron Thorns|166/302\n|\n|-heal|p2a: Swampert|40/302|[from] item: Leftovers\n|upkeep\n|turn|19\n|\n|t:|1781382193\n|move|p1a: Iron Thorns|Earthquake|p2a: Swampert\n|-damage|p2a: Swampert|0 fnt\n|faint|p2a: Swampert\n|\n|upkeep\n|\n|t:|1781382215\n|switch|p2a: Hydreigon|Hydreigon, L79, F|275/275\n|turn|20\n|\n|t:|1781382222\n|-terastallize|p2a: Hydreigon|Steel\n|move|p1a: Iron Thorns|Stone Edge|p2a: Hydreigon\n|-resisted|p2a: Hydreigon\n|-damage|p2a: Hydreigon|130/275\n|move|p2a: Hydreigon|Draco Meteor|p1a: Iron Thorns\n|-damage|p1a: Iron Thorns|0 fnt\n|-unboost|p2a: Hydreigon|spa|2\n|faint|p1a: Iron Thorns\n|-end|p1a: Iron Thorns|Quark Drive|[silent]\n|-damage|p2a: Hydreigon|103/275|[from] item: Life Orb\n|\n|upkeep\n|\n|t:|1781382240\n|switch|p1a: Meowscarada|Meowscarada, L78, M|202/247\n|turn|21\n|\n|t:|1781382254\n|switch|p2a: Alcremie|Alcremie, L90, F|116/263\n|move|p1a: Meowscarada|Flower Trick|p2a: Alcremie\n|-start|p1a: Meowscarada|typechange|Grass|[from] ability: Protean\n|-crit|p2a: Alcremie\n|-damage|p2a: Alcremie|0 fnt\n|faint|p2a: Alcremie\n|\n|upkeep\n|\n|t:|1781382278\n|switch|p2a: Snorlax|Snorlax, L82, F|209/397\n|turn|22\n|\n|t:|1781382284\n|move|p1a: Meowscarada|Flower Trick|p2a: Snorlax\n|-crit|p2a: Snorlax\n|-damage|p2a: Snorlax|0 fnt\n|faint|p2a: Snorlax\n|\n|upkeep\n|inactive|restrating has 120 seconds left.\n|\n|t:|1781382314\n|switch|p2a: Hydreigon|Hydreigon, L79, F, tera:Steel|103/275\n|turn|23\n|\n|t:|1781382320\n|switch|p1a: Electrode|Electrode, L92|260/260\n|move|p2a: Hydreigon|Draco Meteor|p1a: Electrode\n|-damage|p1a: Electrode|57/260\n|-unboost|p2a: Hydreigon|spa|2\n|-damage|p2a: Hydreigon|76/275|[from] item: Life Orb\n|\n|upkeep\n|turn|24\n|\n|t:|1781382326\n|switch|p2a: Pawmot|Pawmot, L80, F|243/243\n|move|p1a: Electrode|Volt Switch|p2a: Pawmot\n|-immune|p2a: Pawmot|[from] ability: Volt Absorb\n|\n|upkeep\n|turn|25\n|\n|t:|1781382350\n|move|p1a: Electrode|Foul Play|p2a: Pawmot\n|-resisted|p2a: Pawmot\n|-damage|p2a: Pawmot|196/243\n|move|p2a: Pawmot|Nuzzle|p1a: Electrode\n|-resisted|p1a: Electrode\n|-damage|p1a: Electrode|44/260\n|\n|upkeep\n|turn|26\n|\n|t:|1781382359\n|move|p1a: Electrode|Foul Play|p2a: Pawmot\n|-resisted|p2a: Pawmot\n|-damage|p2a: Pawmot|149/243\n|move|p2a: Pawmot|Double Shock|p1a: Electrode\n|-resisted|p1a: Electrode\n|-damage|p1a: Electrode|0 fnt\n|-start|p2a: Pawmot|typechange|???/Fighting|[from] move: Double Shock\n|-damage|p2a: Pawmot|89/243|[from] ability: Aftermath|[of] p1a: Electrode\n|faint|p1a: Electrode\n|\n|upkeep\n|\n|t:|1781382372\n|switch|p1a: Meowscarada|Meowscarada, L78, M|202/247\n|turn|27\n|\n|t:|1781382378\n|move|p1a: Meowscarada|Flower Trick|p2a: Pawmot\n|-start|p1a: Meowscarada|typechange|Grass|[from] ability: Protean\n|-crit|p2a: Pawmot\n|-damage|p2a: Pawmot|0 fnt\n|faint|p2a: Pawmot\n|\n|upkeep\n|\n|t:|1781382387\n|switch|p2a: Tatsugiri|Tatsugiri, L87, F|260/260\n|turn|28\n|\n|t:|1781382399\n|move|p1a: Meowscarada|Flower Trick|p2a: Tatsugiri\n|-crit|p2a: Tatsugiri\n|-damage|p2a: Tatsugiri|56/260\n|move|p2a: Tatsugiri|Rapid Spin|p1a: Meowscarada\n|-crit|p1a: Meowscarada\n|-damage|p1a: Meowscarada|156/247\n|-boost|p2a: Tatsugiri|spe|1\n|\n|upkeep\n|turn|29\n|\n|t:|1781382405\n|switch|p1a: Suicune|Suicune, L82|298/298\n|-ability|p1a: Suicune|Pressure\n|move|p2a: Tatsugiri|Draco Meteor|p1a: Suicune\n|-damage|p1a: Suicune|154/298\n|-unboost|p2a: Tatsugiri|spa|2\n|\n|-heal|p1a: Suicune|172/298|[from] item: Leftovers\n|upkeep\n|turn|30\n|\n|t:|1781382413\n|move|p2a: Tatsugiri|Nasty Plot|p2a: Tatsugiri\n|-boost|p2a: Tatsugiri|spa|2\n|move|p1a: Suicune|Scald|p2a: Tatsugiri\n|-ability|p2a: Tatsugiri|Storm Drain|boost\n|-boost|p2a: Tatsugiri|spa|1\n|\n|-heal|p1a: Suicune|190/298|[from] item: Leftovers\n|upkeep\n|turn|31\n|\n|t:|1781382419\n|switch|p1a: Jirachi|Jirachi, L80|291/291\n|move|p2a: Tatsugiri|Draco Meteor|p1a: Jirachi\n|-resisted|p1a: Jirachi\n|-crit|p1a: Jirachi\n|-damage|p1a: Jirachi|120/291\n|-unboost|p2a: Tatsugiri|spa|2\n|\n|-heal|p1a: Jirachi|138/291|[from] item: Leftovers\n|upkeep\n|turn|32\n|\n|t:|1781382426\n|move|p2a: Tatsugiri|Surf|p1a: Jirachi\n|-damage|p1a: Jirachi|60/291\n|move|p1a: Jirachi|Body Slam|p2a: Tatsugiri\n|-damage|p2a: Tatsugiri|0 fnt\n|faint|p2a: Tatsugiri\n|\n|-heal|p1a: Jirachi|78/291|[from] item: Leftovers\n|upkeep\n|\n|t:|1781382428\n|switch|p2a: Hydreigon|Hydreigon, L79, F, tera:Steel|76/275\n|turn|33\n|\n|t:|1781382431\n|move|p1a: Jirachi|Body Slam|p2a: Hydreigon\n|-resisted|p2a: Hydreigon\n|-damage|p2a: Hydreigon|45/275\n|move|p2a: Hydreigon|Dark Pulse|p1a: Jirachi\n|-supereffective|p1a: Jirachi\n|-damage|p1a: Jirachi|0 fnt\n|faint|p1a: Jirachi\n|-damage|p2a: Hydreigon|18/275|[from] item: Life Orb\n|\n|upkeep\n|\n|t:|1781382437\n|switch|p1a: Meowscarada|Meowscarada, L78, M|156/247\n|turn|34\n|\n|t:|1781382441\n|move|p1a: Meowscarada|Knock Off|p2a: Hydreigon\n|-start|p1a: Meowscarada|typechange|Dark|[from] ability: Protean\n|-damage|p2a: Hydreigon|0 fnt\n|-enditem|p2a: Hydreigon|Life Orb|[from] move: Knock Off|[of] p1a: Meowscarada\n|faint|p2a: Hydreigon\n|\n|win|cdsjuxe\n|raw|cdsjuxe's rating: 1808 &rarr; <strong>1831</strong><br />(+23 for winning)\n|raw|restrating's rating: 1856 &rarr; <strong>1833</strong><br />(-23 for losing)\n|l|\u2606restrating\n|player|p2|\n", "uploadtime": 1781382455, "views": 7, "formatid": "gen9randombattle", "rating": 1831, "private": 0, "password": null}