{"id": "gen9randombattle-2631375415", "format": "[Gen 9] Random Battle", "players": ["Jaybullsanders", "Micael Lopes"], "log": "|j|\u2606Jaybullsanders\n|j|\u2606Micael Lopes\n|t:|1781377249\n|gametype|singles\n|player|p1|Jaybullsanders|101|1559\n|player|p2|Micael Lopes|benga|1566\n|gen|9\n|tier|[Gen 9] Random Battle\n|rated|\n|rule|Species Clause: Limit one of each Pok\u00e9mon\n|rule|HP Percentage Mod: HP is shown in percentages\n|rule|Sleep Clause Mod: Limit one foe put to sleep\n|rule|Illusion Level Mod: Illusion disguises the Pok\u00e9mon's true level\n|\n|t:|1781377249\n|teamsize|p1|6\n|teamsize|p2|6\n|start\n|switch|p1a: Electivire|Electivire, L84, F|263/263\n|switch|p2a: Terapagos|Terapagos, L77, F|265/265\n|-activate|p2a: Terapagos|ability: Tera Shift\n|detailschange|p2a: Terapagos|Terapagos-Terastal, L77, F\n|-heal|p2a: Terapagos|273/273|[silent]\n|turn|1\n|inactive|Battle timer is ON: inactive players will automatically lose when time's up. (requested by Micael Lopes)\n|\n|t:|1781377262\n|switch|p2a: Donphan|Donphan, L84, M|288/288\n|move|p1a: Electivire|Knock Off|p2a: Donphan\n|-crit|p2a: Donphan\n|-damage|p2a: Donphan|167/288\n|-enditem|p2a: Donphan|Leftovers|[from] move: Knock Off|[of] p1a: Electivire\n|-damage|p1a: Electivire|237/263|[from] item: Life Orb\n|\n|upkeep\n|turn|2\n|\n|t:|1781377278\n|switch|p1a: Maushold|Maushold-Four, L76|238/238\n|move|p2a: Donphan|Stealth Rock|p1a: Maushold\n|-sidestart|p1: Jaybullsanders|move: Stealth Rock\n|\n|upkeep\n|turn|3\n|\n|t:|1781377283\n|switch|p2a: Froslass|Froslass, L87, F|263/263\n|move|p1a: Maushold|Encore||[still]\n|-fail|p1a: Maushold\n|\n|upkeep\n|turn|4\n|\n|t:|1781377287\n|move|p2a: Froslass|Will-O-Wisp|p1a: Maushold\n|-status|p1a: Maushold|brn\n|move|p1a: Maushold|Tidy Up|p1a: Maushold\n|-sideend|p1: Jaybullsanders|Stealth Rock\n|-activate|p1a: Maushold|move: Tidy Up\n|-boost|p1a: Maushold|atk|1\n|-boost|p1a: Maushold|spe|1\n|\n|-damage|p1a: Maushold|224/238 brn|[from] brn\n|upkeep\n|turn|5\n|\n|t:|1781377310\n|move|p1a: Maushold|Tidy Up|p1a: Maushold\n|-boost|p1a: Maushold|atk|1\n|-boost|p1a: Maushold|spe|1\n|move|p2a: Froslass|Triple Axel|p1a: Maushold\n|-crit|p1a: Maushold\n|-damage|p1a: Maushold|185/238 brn\n|-damage|p1a: Maushold|137/238 brn\n|-damage|p1a: Maushold|55/238 brn\n|-hitcount|p1a: Maushold|3\n|\n|-damage|p1a: Maushold|41/238 brn|[from] brn\n|upkeep\n|turn|6\n|\n|t:|1781377314\n|switch|p2a: Fezandipiti|Fezandipiti, L82, M|278/278\n|move|p1a: Maushold|Bite|p2a: Fezandipiti\n|-resisted|p2a: Fezandipiti\n|-damage|p2a: Fezandipiti|255/278\n|\n|-heal|p2a: Fezandipiti|272/278|[from] item: Leftovers\n|-damage|p1a: Maushold|27/238 brn|[from] brn\n|upkeep\n|turn|7\n|\n|t:|1781377317\n|switch|p2a: Froslass|Froslass, L87, F|263/263\n|move|p1a: Maushold|Tidy Up|p1a: Maushold\n|-boost|p1a: Maushold|atk|1\n|-boost|p1a: Maushold|spe|1\n|\n|-damage|p1a: Maushold|13/238 brn|[from] brn\n|upkeep\n|turn|8\n|\n|t:|1781377345\n|switch|p2a: Fezandipiti|Fezandipiti, L82, M|272/278\n|move|p1a: Maushold|Bite|p2a: Fezandipiti\n|-resisted|p2a: Fezandipiti\n|-damage|p2a: Fezandipiti|241/278\n|\n|-heal|p2a: Fezandipiti|258/278|[from] item: Leftovers\n|-damage|p1a: Maushold|0 fnt|[from] brn\n|faint|p1a: Maushold\n|upkeep\n|\n|t:|1781377354\n|switch|p1a: Golurk|Golurk, L87|297/297\n|turn|9\n|\n|t:|1781377368\n|-terastallize|p2a: Fezandipiti|Dark\n|move|p2a: Fezandipiti|Beat Up|p1a: Golurk\n|-supereffective|p1a: Golurk\n|-damage|p1a: Golurk|267/297\n|-supereffective|p1a: Golurk\n|-damage|p1a: Golurk|231/297\n|-supereffective|p1a: Golurk\n|-damage|p1a: Golurk|205/297\n|-supereffective|p1a: Golurk\n|-damage|p1a: Golurk|191/297\n|-supereffective|p1a: Golurk\n|-damage|p1a: Golurk|165/297\n|-supereffective|p1a: Golurk\n|-damage|p1a: Golurk|141/297\n|-hitcount|p1a: Golurk|6\n|move|p1a: Golurk|Earthquake|p2a: Fezandipiti\n|-damage|p2a: Fezandipiti|73/278\n|-damage|p1a: Golurk|112/297|[from] item: Life Orb\n|\n|-heal|p2a: Fezandipiti|90/278|[from] item: Leftovers\n|upkeep\n|turn|10\n|\n|t:|1781377372\n|move|p2a: Fezandipiti|Beat Up|p1a: Golurk\n|-supereffective|p1a: Golurk\n|-crit|p1a: Golurk\n|-damage|p1a: Golurk|74/297\n|-supereffective|p1a: Golurk\n|-damage|p1a: Golurk|38/297\n|-supereffective|p1a: Golurk\n|-damage|p1a: Golurk|8/297\n|-status|p1a: Golurk|tox|[from] ability: Toxic Chain|[of] p2a: Fezandipiti\n|-supereffective|p1a: Golurk\n|-damage|p1a: Golurk|0 fnt\n|faint|p1a: Golurk\n|-hitcount|p1: Golurk|4\n|\n|-heal|p2a: Fezandipiti|107/278|[from] item: Leftovers\n|upkeep\n|\n|t:|1781377378\n|switch|p1a: Gastrodon|Gastrodon-East, L86, F|331/331\n|turn|11\n|\n|t:|1781377403\n|move|p2a: Fezandipiti|Roost|p2a: Fezandipiti\n|-heal|p2a: Fezandipiti|246/278\n|move|p1a: Gastrodon|Surf|p2a: Fezandipiti\n|-damage|p2a: Fezandipiti|173/278\n|\n|-heal|p2a: Fezandipiti|190/278|[from] item: Leftovers\n|upkeep\n|turn|12\n|\n|t:|1781377406\n|move|p2a: Fezandipiti|Beat Up|p1a: Gastrodon\n|-damage|p1a: Gastrodon|312/331\n|-crit|p1a: Gastrodon\n|-damage|p1a: Gastrodon|284/331\n|-status|p1a: Gastrodon|tox|[from] ability: Toxic Chain|[of] p2a: Fezandipiti\n|-damage|p1a: Gastrodon|268/331 tox\n|-damage|p1a: Gastrodon|259/331 tox\n|-damage|p1a: Gastrodon|247/331 tox\n|-damage|p1a: Gastrodon|235/331 tox\n|-hitcount|p1a: Gastrodon|6\n|move|p1a: Gastrodon|Spikes|p2a: Fezandipiti\n|-sidestart|p2: Micael Lopes|Spikes\n|\n|-heal|p2a: Fezandipiti|207/278|[from] item: Leftovers\n|-heal|p1a: Gastrodon|255/331 tox|[from] item: Leftovers\n|-damage|p1a: Gastrodon|235/331 tox|[from] psn\n|upkeep\n|turn|13\n|\n|t:|1781377408\n|move|p2a: Fezandipiti|Moonblast|p1a: Gastrodon\n|-damage|p1a: Gastrodon|162/331 tox\n|-unboost|p1a: Gastrodon|spa|1\n|move|p1a: Gastrodon|Spikes|p2a: Fezandipiti\n|-sidestart|p2: Micael Lopes|Spikes\n|\n|-heal|p2a: Fezandipiti|224/278|[from] item: Leftovers\n|-heal|p1a: Gastrodon|182/331 tox|[from] item: Leftovers\n|-damage|p1a: Gastrodon|142/331 tox|[from] psn\n|upkeep\n|turn|14\n|\n|t:|1781377411\n|move|p2a: Fezandipiti|Moonblast|p1a: Gastrodon\n|-damage|p1a: Gastrodon|61/331 tox\n|move|p1a: Gastrodon|Spikes|p2a: Fezandipiti\n|-sidestart|p2: Micael Lopes|Spikes\n|\n|-heal|p2a: Fezandipiti|241/278|[from] item: Leftovers\n|-heal|p1a: Gastrodon|81/331 tox|[from] item: Leftovers\n|-damage|p1a: Gastrodon|21/331 tox|[from] psn\n|upkeep\n|turn|15\n|\n|t:|1781377414\n|move|p2a: Fezandipiti|Moonblast|p1a: Gastrodon\n|-damage|p1a: Gastrodon|0 fnt\n|faint|p1a: Gastrodon\n|\n|-heal|p2a: Fezandipiti|258/278|[from] item: Leftovers\n|upkeep\n|\n|t:|1781377416\n|switch|p1a: Emboar|Emboar, L84, M|322/322\n|turn|16\n|\n|t:|1781377425\n|switch|p2a: Froslass|Froslass, L87, F|263/263\n|-damage|p2a: Froslass|198/263|[from] Spikes\n|move|p1a: Emboar|Close Combat|p2a: Froslass\n|-immune|p2a: Froslass\n|\n|upkeep\n|turn|17\n|\n|t:|1781377434\n|switch|p2a: Fezandipiti|Fezandipiti, L82, M, tera:Dark|258/278\n|-damage|p2a: Fezandipiti|189/278|[from] Spikes\n|switch|p1a: Beartic|Beartic, L91, M|321/321\n|\n|-heal|p2a: Fezandipiti|206/278|[from] item: Leftovers\n|upkeep\n|turn|18\n|\n|t:|1781377441\n|move|p2a: Fezandipiti|Beat Up|p1a: Beartic\n|-damage|p1a: Beartic|308/321\n|-damage|p1a: Beartic|292/321\n|-crit|p1a: Beartic\n|-damage|p1a: Beartic|273/321\n|-damage|p1a: Beartic|266/321\n|-damage|p1a: Beartic|256/321\n|-status|p1a: Beartic|tox|[from] ability: Toxic Chain|[of] p2a: Fezandipiti\n|-damage|p1a: Beartic|244/321 tox\n|-hitcount|p1a: Beartic|6\n|move|p1a: Beartic|Swords Dance|p1a: Beartic\n|-boost|p1a: Beartic|atk|2\n|\n|-heal|p2a: Fezandipiti|223/278|[from] item: Leftovers\n|-damage|p1a: Beartic|224/321 tox|[from] psn\n|upkeep\n|turn|19\n|\n|t:|1781377459\n|move|p2a: Fezandipiti|Gunk Shot|p1a: Beartic\n|-damage|p1a: Beartic|103/321 tox\n|move|p1a: Beartic|Earthquake|p2a: Fezandipiti\n|-damage|p2a: Fezandipiti|1/278\n|\n|-heal|p2a: Fezandipiti|18/278|[from] item: Leftovers\n|-damage|p1a: Beartic|63/321 tox|[from] psn\n|upkeep\n|turn|20\n|\n|t:|1781377462\n|move|p1a: Beartic|Aqua Jet|p2a: Fezandipiti\n|-damage|p2a: Fezandipiti|0 fnt\n|faint|p2a: Fezandipiti\n|\n|-damage|p1a: Beartic|3/321 tox|[from] psn\n|upkeep\n|\n|t:|1781377468\n|switch|p2a: Terapagos|Terapagos-Terastal, L77, F|273/273\n|turn|21\n|\n|t:|1781377472\n|move|p1a: Beartic|Aqua Jet|p2a: Terapagos\n|-activate|p2a: Terapagos|ability: Tera Shell\n|-resisted|p2a: Terapagos\n|-damage|p2a: Terapagos|236/273\n|move|p2a: Terapagos|Rapid Spin|p1a: Beartic\n|-damage|p1a: Beartic|0 fnt\n|-boost|p2a: Terapagos|spe|1\n|-sideend|p2: Micael Lopes|Spikes|[from] move: Rapid Spin|[of] p2a: Terapagos\n|faint|p1a: Beartic\n|\n|upkeep\n|\n|t:|1781377476\n|switch|p1a: Emboar|Emboar, L84, M|322/322\n|turn|22\n|\n|t:|1781377498\n|switch|p2a: Espeon|Espeon, L84, F|246/246\n|move|p1a: Emboar|Head Smash|p2a: Espeon\n|-damage|p2a: Espeon|0 fnt\n|faint|p2a: Espeon\n|-damage|p1a: Emboar|199/322|[from] Recoil\n|\n|upkeep\n|\n|t:|1781377502\n|switch|p2a: Donphan|Donphan, L84, M|167/288\n|turn|23\n|\n|t:|1781377508\n|move|p1a: Emboar|Head Smash|p2a: Donphan\n|-resisted|p2a: Donphan\n|-damage|p2a: Donphan|83/288\n|-damage|p1a: Emboar|157/322|[from] Recoil\n|move|p2a: Donphan|Stealth Rock|p1a: Emboar\n|-sidestart|p1: Jaybullsanders|move: Stealth Rock\n|\n|upkeep\n|turn|24\n|\n|t:|1781377510\n|move|p1a: Emboar|Head Smash|p2a: Donphan\n|-resisted|p2a: Donphan\n|-damage|p2a: Donphan|0 fnt\n|faint|p2a: Donphan\n|-damage|p1a: Emboar|115/322|[from] Recoil\n|\n|upkeep\n|inactive|Micael Lopes has 120 seconds left.\n|\n|t:|1781377545\n|switch|p2a: Froslass|Froslass, L87, F|198/263\n|turn|25\n|\n|t:|1781377548\n|move|p2a: Froslass|Poltergeist|p1a: Emboar\n|-activate|p1a: Emboar|move: Poltergeist|Choice Band\n|-damage|p1a: Emboar|0 fnt\n|faint|p1a: Emboar\n|\n|upkeep\n|\n|t:|1781377550\n|switch|p1a: Electivire|Electivire, L84, F|237/263\n|-damage|p1a: Electivire|205/263|[from] Stealth Rock\n|turn|26\n|inactive|Micael Lopes has 120 seconds left.\n|\n|t:|1781377575\n|-terastallize|p1a: Electivire|Dark\n|move|p2a: Froslass|Will-O-Wisp|p1a: Electivire\n|-status|p1a: Electivire|brn\n|move|p1a: Electivire|Knock Off|p2a: Froslass\n|-supereffective|p2a: Froslass\n|-damage|p2a: Froslass|10/263\n|-start|p1a: Electivire|Disable|Knock Off|[from] ability: Cursed Body|[of] p2a: Froslass\n|-enditem|p2a: Froslass|Wide Lens|[from] move: Knock Off|[of] p1a: Electivire\n|-damage|p1a: Electivire|179/263 brn|[from] item: Life Orb\n|\n|-damage|p1a: Electivire|163/263 brn|[from] brn\n|upkeep\n|turn|27\n|\n|t:|1781377581\n|move|p2a: Froslass|Triple Axel|p1a: Electivire\n|-damage|p1a: Electivire|138/263 brn\n|-damage|p1a: Electivire|93/263 brn\n|-damage|p1a: Electivire|15/263 brn\n|-hitcount|p1a: Electivire|3\n|move|p1a: Electivire|Earthquake|p2a: Froslass\n|-damage|p2a: Froslass|0 fnt\n|faint|p2a: Froslass\n|-damage|p1a: Electivire|0 fnt|[from] item: Life Orb\n|faint|p1a: Electivire\n|\n|win|Micael Lopes\n|raw|Jaybullsanders's rating: 1559 &rarr; <strong>1539</strong><br />(-20 for losing)\n|raw|Micael Lopes's rating: 1566 &rarr; <strong>1586</strong><br />(+20 for winning)\n|l|\u2606Jaybullsanders\n|player|p1|\n|c|\u2606Micael Lopes|**__Sexy game.__**\n", "uploadtime": 1781377623, "views": 5, "formatid": "gen9randombattle", "rating": 1539, "private": 0, "password": null}