{"id": "gen9randombattle-2631942782", "format": "[Gen 9] Random Battle", "players": ["rowletto42", "SausageM"], "log": "|j|\u2606rowletto42\n|j|\u2606SausageM\n|t:|1781458227\n|gametype|singles\n|player|p1|rowletto42|cheren-gen5bw2|1395\n|player|p2|SausageM|265|1440\n|gen|9\n|tier|[Gen 9] Random Battle\n|rated|\n|rule|Species Clause: Limit one of each Pok\u00e9mon\n|rule|HP Percentage Mod: HP is shown in percentages\n|rule|Sleep Clause Mod: Limit one foe put to sleep\n|rule|Illusion Level Mod: Illusion disguises the Pok\u00e9mon's true level\n|\n|t:|1781458227\n|teamsize|p1|6\n|teamsize|p2|6\n|start\n|switch|p1a: Iron Moth|Iron Moth, L78|253/253\n|switch|p2a: Passimian|Passimian, L83, M|302/302\n|turn|1\n|inactive|Battle timer is ON: inactive players will automatically lose when time's up. (requested by rowletto42)\n|\n|t:|1781458243\n|move|p1a: Iron Moth|Fiery Dance|p2a: Passimian\n|-damage|p2a: Passimian|158/302\n|move|p2a: Passimian|Knock Off|p1a: Iron Moth\n|-damage|p1a: Iron Moth|145/253\n|-enditem|p1a: Iron Moth|Heavy-Duty Boots|[from] move: Knock Off|[of] p2a: Passimian\n|\n|-heal|p2a: Passimian|176/302|[from] item: Leftovers\n|upkeep\n|turn|2\n|\n|t:|1781458255\n|switch|p2a: Espathra|Espathra, L80, M|283/283\n|move|p1a: Iron Moth|Fiery Dance|p2a: Espathra\n|-damage|p2a: Espathra|150/283\n|\n|-heal|p2a: Espathra|167/283|[from] item: Leftovers\n|upkeep\n|turn|3\n|\n|t:|1781458273\n|move|p1a: Iron Moth|Fiery Dance|p2a: Espathra\n|-damage|p2a: Espathra|29/283\n|move|p2a: Espathra|Calm Mind|p2a: Espathra\n|-boost|p2a: Espathra|spa|1\n|-boost|p2a: Espathra|spd|1\n|\n|-heal|p2a: Espathra|46/283|[from] item: Leftovers\n|-ability|p2a: Espathra|Speed Boost|boost\n|-boost|p2a: Espathra|spe|1\n|upkeep\n|turn|4\n|\n|t:|1781458288\n|-end|p1a: Iron Moth|Quark Drive|[silent]\n|switch|p1a: Chi-Yu|Chi-Yu, L77|211/211\n|-ability|p1a: Chi-Yu|Beads of Ruin\n|move|p2a: Espathra|Stored Power|p1a: Chi-Yu\n|-immune|p1a: Chi-Yu\n|\n|-heal|p2a: Espathra|63/283|[from] item: Leftovers\n|-ability|p2a: Espathra|Speed Boost|boost\n|-boost|p2a: Espathra|spe|1\n|upkeep\n|turn|5\n|\n|t:|1781458295\n|move|p2a: Espathra|Dazzling Gleam|p1a: Chi-Yu\n|-damage|p1a: Chi-Yu|139/211\n|move|p1a: Chi-Yu|Dark Pulse|p2a: Espathra\n|-supereffective|p2a: Espathra\n|-damage|p2a: Espathra|0 fnt\n|faint|p2a: Espathra\n|\n|upkeep\n|\n|t:|1781458309\n|switch|p2a: Pawmot|Pawmot, L80, M|243/243\n|turn|6\n|\n|t:|1781458324\n|switch|p1a: Garchomp|Garchomp, L74, M|282/282\n|move|p2a: Pawmot|Revival Blessing|p2a: Pawmot\n|\n|t:|1781458329\n|-heal|p2: Espathra|141/283|[from] move: Revival Blessing\n|\n|upkeep\n|turn|7\n|\n|t:|1781458335\n|switch|p2a: Corviknight|Corviknight, L80, F|288/288\n|-ability|p2a: Corviknight|Pressure\n|move|p1a: Garchomp|Stealth Rock|p2a: Corviknight\n|-sidestart|p2: SausageM|move: Stealth Rock\n|\n|upkeep\n|turn|8\n|\n|t:|1781458345\n|move|p1a: Garchomp|Spikes|p2a: Corviknight\n|-sidestart|p2: SausageM|Spikes\n|move|p2a: Corviknight|Defog|p1a: Garchomp\n|-unboost|p1a: Garchomp|evasion|1\n|-sideend|p2: SausageM|Spikes|[from] move: Defog|[of] p2a: Corviknight\n|-sideend|p2: SausageM|Stealth Rock|[from] move: Defog|[of] p2a: Corviknight\n|\n|upkeep\n|turn|9\n|\n|t:|1781458351\n|move|p1a: Garchomp|Stealth Rock|p2a: Corviknight\n|-sidestart|p2: SausageM|move: Stealth Rock\n|move|p2a: Corviknight|Brave Bird|p1a: Garchomp\n|-damage|p1a: Garchomp|168/282\n|-damage|p2a: Corviknight|252/288|[from] ability: Rough Skin|[of] p1a: Garchomp\n|-damage|p2a: Corviknight|204/288|[from] item: Rocky Helmet|[of] p1a: Garchomp\n|-damage|p2a: Corviknight|166/288|[from] Recoil\n|\n|-heal|p2a: Corviknight|184/288|[from] item: Leftovers\n|upkeep\n|turn|10\n|\n|t:|1781458355\n|switch|p1a: Iron Moth|Iron Moth, L78|145/253\n|move|p2a: Corviknight|Defog|p1a: Iron Moth\n|-unboost|p1a: Iron Moth|evasion|1\n|-sideend|p2: SausageM|Stealth Rock|[from] move: Defog|[of] p2a: Corviknight\n|\n|-heal|p2a: Corviknight|202/288|[from] item: Leftovers\n|upkeep\n|turn|11\n|\n|t:|1781458370\n|switch|p2a: Iron Moth|Iron Moth, L78|253/253\n|move|p1a: Iron Moth|Fiery Dance|p2a: Iron Moth\n|-resisted|p2a: Iron Moth\n|-damage|p2a: Iron Moth|207/253\n|\n|upkeep\n|turn|12\n|\n|t:|1781458382\n|move|p2a: Iron Moth|Toxic Spikes|p1a: Iron Moth\n|-sidestart|p1: rowletto42|move: Toxic Spikes\n|move|p1a: Iron Moth|Fiery Dance|p2a: Iron Moth\n|-resisted|p2a: Iron Moth\n|-damage|p2a: Iron Moth|162/253\n|\n|upkeep\n|turn|13\n|\n|t:|1781458390\n|move|p1a: Iron Moth|Fiery Dance|p2a: Iron Moth\n|-resisted|p2a: Iron Moth\n|-damage|p2a: Iron Moth|121/253\n|-boost|p1a: Iron Moth|spa|1\n|move|p2a: Iron Moth|Fire Blast|p1a: Iron Moth\n|-resisted|p1a: Iron Moth\n|-damage|p1a: Iron Moth|87/253\n|\n|upkeep\n|turn|14\n|\n|t:|1781458403\n|move|p2a: Iron Moth|Fire Blast|p1a: Iron Moth\n|-resisted|p1a: Iron Moth\n|-damage|p1a: Iron Moth|23/253\n|move|p1a: Iron Moth|Fiery Dance|p2a: Iron Moth\n|-resisted|p2a: Iron Moth\n|-damage|p2a: Iron Moth|58/253\n|-boost|p1a: Iron Moth|spa|1\n|\n|upkeep\n|turn|15\n|\n|t:|1781458424\n|move|p1a: Iron Moth|Morning Sun|p1a: Iron Moth\n|-heal|p1a: Iron Moth|149/253\n|move|p2a: Iron Moth|Sludge Wave|p1a: Iron Moth\n|-resisted|p1a: Iron Moth\n|-damage|p1a: Iron Moth|97/253\n|\n|upkeep\n|turn|16\n|\n|t:|1781458431\n|move|p1a: Iron Moth|Fiery Dance|p2a: Iron Moth\n|-resisted|p2a: Iron Moth\n|-damage|p2a: Iron Moth|0 fnt\n|-boost|p1a: Iron Moth|spa|1\n|faint|p2a: Iron Moth\n|-end|p2a: Iron Moth|Quark Drive|[silent]\n|\n|upkeep\n|\n|t:|1781458451\n|switch|p2a: Espathra|Espathra, L80, M|141/283\n|turn|17\n|\n|t:|1781458462\n|move|p1a: Iron Moth|Morning Sun|p1a: Iron Moth\n|-heal|p1a: Iron Moth|223/253\n|move|p2a: Espathra|Stored Power|p1a: Iron Moth\n|-supereffective|p1a: Iron Moth\n|-damage|p1a: Iron Moth|181/253\n|\n|-heal|p2a: Espathra|158/283|[from] item: Leftovers\n|-ability|p2a: Espathra|Speed Boost|boost\n|-boost|p2a: Espathra|spe|1\n|upkeep\n|turn|18\n|\n|t:|1781458468\n|move|p2a: Espathra|Calm Mind|p2a: Espathra\n|-boost|p2a: Espathra|spa|1\n|-boost|p2a: Espathra|spd|1\n|move|p1a: Iron Moth|Fiery Dance|p2a: Espathra\n|-crit|p2a: Espathra\n|-damage|p2a: Espathra|0 fnt\n|faint|p2a: Espathra\n|\n|upkeep\n|\n|t:|1781458475\n|switch|p2a: Corviknight|Corviknight, L80, F|202/288\n|-ability|p2a: Corviknight|Pressure\n|turn|19\n|-message|SausageM forfeited.\n|\n|win|rowletto42\n|raw|rowletto42's rating: 1395 &rarr; <strong>1418</strong><br />(+23 for winning)\n|raw|SausageM's rating: 1440 &rarr; <strong>1417</strong><br />(-23 for losing)\n|l|\u2606SausageM\n|player|p2|\n", "uploadtime": 1781458481, "views": 2, "formatid": "gen9randombattle", "rating": 1417, "private": 0, "password": null}