{"id": "gen9randombattle-2631858199", "format": "[Gen 9] Random Battle", "players": ["Matuidi14", "Aoyama0811"], "log": "|j|\u2606Matuidi14\n|j|\u2606Aoyama0811\n|t:|1781448918\n|gametype|singles\n|player|p1|Matuidi14|clown|2225\n|player|p2|Aoyama0811|acetrainerf|2216\n|gen|9\n|tier|[Gen 9] Random Battle\n|rated|\n|rule|Species Clause: Limit one of each Pok\u00e9mon\n|rule|HP Percentage Mod: HP is shown in percentages\n|rule|Sleep Clause Mod: Limit one foe put to sleep\n|rule|Illusion Level Mod: Illusion disguises the Pok\u00e9mon's true level\n|\n|t:|1781448918\n|teamsize|p1|6\n|teamsize|p2|6\n|start\n|switch|p1a: Floatzel|Floatzel, L86, F|286/286\n|switch|p2a: Froslass|Froslass, L87, F|263/263\n|turn|1\n|\n|t:|1781448936\n|move|p1a: Floatzel|Flip Turn|p2a: Froslass\n|-damage|p2a: Froslass|143/263\n|-start|p1a: Floatzel|Disable|Flip Turn|[from] ability: Cursed Body|[of] p2a: Froslass\n|inactive|Battle timer is ON: inactive players will automatically lose when time's up. (requested by Matuidi14)\n|\n|t:|1781448939\n|switch|p1a: Glastrier|Glastrier, L86|311/311|[from] Flip Turn\n|move|p2a: Froslass|Poltergeist|p1a: Glastrier\n|-activate|p1a: Glastrier|move: Poltergeist|Choice Band\n|-damage|p1a: Glastrier|233/311\n|\n|upkeep\n|turn|2\n|\n|t:|1781448948\n|switch|p2a: Luvdisc|Luvdisc, M|247/247\n|move|p1a: Glastrier|Heavy Slam|p2a: Luvdisc\n|-resisted|p2a: Luvdisc\n|-crit|p2a: Luvdisc\n|-damage|p2a: Luvdisc|94/247\n|\n|upkeep\n|turn|3\n|\n|t:|1781448975\n|move|p2a: Luvdisc|Substitute|p2a: Luvdisc\n|-start|p2a: Luvdisc|Substitute\n|-damage|p2a: Luvdisc|33/247\n|move|p1a: Glastrier|Heavy Slam|p2a: Luvdisc\n|-resisted|p2a: Luvdisc\n|-end|p2a: Luvdisc|Substitute\n|\n|upkeep\n|turn|4\n|\n|t:|1781448979\n|switch|p1a: Annihilape|Annihilape, L76, M|292/292\n|move|p2a: Luvdisc|Endeavor|p1a: Annihilape\n|-immune|p1a: Annihilape\n|\n|upkeep\n|turn|5\n|\n|t:|1781448985\n|switch|p2a: Smeargle|Smeargle, L95, M|258/258\n|move|p1a: Annihilape|Gunk Shot|p2a: Smeargle\n|-damage|p2a: Smeargle|134/258\n|\n|upkeep\n|turn|6\n|\n|t:|1781449003\n|move|p2a: Smeargle|Spore|p1a: Annihilape\n|-status|p1a: Annihilape|slp|[from] move: Spore\n|cant|p1a: Annihilape|slp\n|\n|upkeep\n|turn|7\n|\n|t:|1781449013\n|switch|p2a: Gengar|Gengar, L81, F|230/230\n|switch|p1a: Glastrier|Glastrier, L86|233/311\n|\n|upkeep\n|turn|8\n|\n|t:|1781449023\n|switch|p2a: Froslass|Froslass, L87, F|143/263\n|move|p1a: Glastrier|High Horsepower|p2a: Froslass\n|-damage|p2a: Froslass|0 fnt\n|-start|p1a: Glastrier|Disable|High Horsepower|[from] ability: Cursed Body|[of] p2a: Froslass\n|faint|p2a: Froslass\n|-ability|p1a: Glastrier|Chilling Neigh|boost\n|-boost|p1a: Glastrier|atk|1\n|\n|upkeep\n|\n|t:|1781449034\n|switch|p2a: Regidrago|Regidrago, L77|435/435\n|turn|9\n|\n|t:|1781449043\n|move|p2a: Regidrago|Dragon Dance|p2a: Regidrago\n|-boost|p2a: Regidrago|atk|1\n|-boost|p2a: Regidrago|spe|1\n|-activate|p1a: Glastrier|move: Struggle\n|move|p1a: Glastrier|Struggle|p2a: Regidrago\n|-damage|p2a: Regidrago|249/435\n|-damage|p1a: Glastrier|155/311|[from] recoil\n|\n|upkeep\n|turn|10\n|\n|t:|1781449061\n|-terastallize|p2a: Regidrago|Steel\n|move|p2a: Regidrago|Dragon Dance|p2a: Regidrago\n|-boost|p2a: Regidrago|atk|1\n|-boost|p2a: Regidrago|spe|1\n|-activate|p1a: Glastrier|move: Struggle\n|move|p1a: Glastrier|Struggle|p2a: Regidrago\n|-damage|p2a: Regidrago|49/435\n|-damage|p1a: Glastrier|77/311|[from] recoil\n|\n|upkeep\n|turn|11\n|\n|t:|1781449073\n|move|p2a: Regidrago|Dragon Claw|p1a: Glastrier\n|-damage|p1a: Glastrier|0 fnt\n|faint|p1a: Glastrier\n|-damage|p2a: Regidrago|6/435|[from] item: Life Orb\n|\n|upkeep\n|\n|t:|1781449076\n|switch|p1a: Squawkabilly|Squawkabilly, L85, M|278/278\n|turn|12\n|\n|t:|1781449079\n|switch|p2a: Gengar|Gengar, L81, F|230/230\n|move|p1a: Squawkabilly|Quick Attack|p2a: Gengar\n|-immune|p2a: Gengar\n|\n|-status|p1a: Squawkabilly|brn|[from] item: Flame Orb\n|upkeep\n|turn|13\n|\n|t:|1781449091\n|move|p2a: Gengar|Sludge Wave|p1a: Squawkabilly\n|-damage|p1a: Squawkabilly|62/278 brn\n|-damage|p2a: Gengar|207/230|[from] item: Life Orb\n|move|p1a: Squawkabilly|Brave Bird|p2a: Gengar\n|-damage|p2a: Gengar|0 fnt\n|-start|p1a: Squawkabilly|Disable|Brave Bird|[from] ability: Cursed Body|[of] p2a: Gengar\n|faint|p2a: Gengar\n|-damage|p1a: Squawkabilly|0 fnt|[from] Recoil\n|faint|p1a: Squawkabilly\n|\n|upkeep\n|\n|t:|1781449101\n|switch|p2a: Luvdisc|Luvdisc, M|33/247\n|switch|p1a: Floatzel|Floatzel, L86, F|286/286\n|turn|14\n|\n|t:|1781449106\n|switch|p1a: Annihilape|Annihilape, L76, M|292/292 slp\n|move|p2a: Luvdisc|Flip Turn|p1a: Annihilape\n|-damage|p1a: Annihilape|246/292 slp\n|\n|t:|1781449110\n|switch|p2a: Typhlosion|Typhlosion, L84, F|267/267|[from] Flip Turn\n|\n|-heal|p1a: Annihilape|264/292 slp|[from] item: Leftovers\n|upkeep\n|turn|15\n|\n|t:|1781449115\n|move|p2a: Typhlosion|Eruption|p1a: Annihilape\n|-damage|p1a: Annihilape|8/292 slp\n|cant|p1a: Annihilape|slp\n|\n|-heal|p1a: Annihilape|26/292 slp|[from] item: Leftovers\n|upkeep\n|turn|16\n|\n|t:|1781449120\n|move|p2a: Typhlosion|Eruption|p1a: Annihilape\n|-damage|p1a: Annihilape|0 fnt\n|faint|p1a: Annihilape\n|\n|upkeep\n|\n|t:|1781449123\n|switch|p1a: Floatzel|Floatzel, L86, F|286/286\n|turn|17\n|\n|t:|1781449126\n|switch|p2a: Regidrago|Regidrago, L77, tera:Steel|6/435\n|move|p1a: Floatzel|Flip Turn|p2a: Regidrago\n|-damage|p2a: Regidrago|0 fnt\n|faint|p2a: Regidrago\n|\n|t:|1781449130\n|switch|p1a: Iron Boulder|Iron Boulder, L77|265/265|[from] Flip Turn\n|\n|upkeep\n|\n|t:|1781449144\n|switch|p2a: Luvdisc|Luvdisc, M|33/247\n|turn|18\n|\n|t:|1781449150\n|move|p2a: Luvdisc|Flip Turn|p1a: Iron Boulder\n|-supereffective|p1a: Iron Boulder\n|-damage|p1a: Iron Boulder|161/265\n|\n|t:|1781449152\n|switch|p2a: Smeargle|Smeargle, L95, M|134/258|[from] Flip Turn\n|move|p1a: Iron Boulder|Mighty Cleave|p2a: Smeargle\n|-damage|p2a: Smeargle|0 fnt\n|faint|p2a: Smeargle\n|-damage|p1a: Iron Boulder|135/265|[from] item: Life Orb\n|\n|upkeep\n|\n|t:|1781449154\n|switch|p2a: Luvdisc|Luvdisc, M|33/247\n|turn|19\n|\n|t:|1781449158\n|move|p2a: Luvdisc|Endeavor|p1a: Iron Boulder\n|-damage|p1a: Iron Boulder|33/265\n|move|p1a: Iron Boulder|Mighty Cleave|p2a: Luvdisc\n|-damage|p2a: Luvdisc|0 fnt\n|faint|p2a: Luvdisc\n|-damage|p1a: Iron Boulder|7/265|[from] item: Life Orb\n|\n|upkeep\n|-message|Aoyama0811 forfeited.\n|\n|win|Matuidi14\n", "uploadtime": 1781448920, "views": 4, "formatid": "gen9randombattle", "rating": null, "private": 0, "password": null}