{"id": "gen9randombattle-2631719976", "format": "[Gen 9] Random Battle", "players": ["ftaochaphet", "juanbalas01"], "log": "|j|\u2606ftaochaphet\n|j|\u2606juanbalas01\n|t:|1781428158\n|gametype|singles\n|player|p1|ftaochaphet|102|2146\n|player|p2|juanbalas01|265|2133\n|gen|9\n|tier|[Gen 9] Random Battle\n|rated|\n|rule|Species Clause: Limit one of each Pok\u00e9mon\n|rule|HP Percentage Mod: HP is shown in percentages\n|rule|Sleep Clause Mod: Limit one foe put to sleep\n|rule|Illusion Level Mod: Illusion disguises the Pok\u00e9mon's true level\n|\n|t:|1781428158\n|teamsize|p1|6\n|teamsize|p2|6\n|start\n|switch|p1a: Sawsbuck|Sawsbuck-Winter, L88, F|284/284\n|switch|p2a: Virizion|Virizion, L82|283/283\n|turn|1\n|\n|t:|1781428171\n|switch|p1a: Arbok|Arbok, L87, M|246/246\n|-ability|p1a: Arbok|Intimidate|boost\n|-unboost|p2a: Virizion|atk|1\n|move|p2a: Virizion|Swords Dance|p2a: Virizion\n|-boost|p2a: Virizion|atk|2\n|\n|upkeep\n|turn|2\n|\n|t:|1781428176\n|switch|p2a: Toxapex|Toxapex, L82, M|216/216\n|move|p1a: Arbok|Trailblaze|p2a: Toxapex\n|-damage|p2a: Toxapex|189/216\n|-boost|p1a: Arbok|spe|1\n|\n|-heal|p2a: Toxapex|202/216|[from] item: Leftovers\n|upkeep\n|turn|3\n|inactive|Battle timer is ON: inactive players will automatically lose when time's up. (requested by ftaochaphet)\n|\n|t:|1781428187\n|move|p1a: Arbok|Coil|p1a: Arbok\n|-boost|p1a: Arbok|atk|1\n|-boost|p1a: Arbok|def|1\n|-boost|p1a: Arbok|accuracy|1\n|move|p2a: Toxapex|Liquidation|p1a: Arbok\n|-damage|p1a: Arbok|194/246\n|-unboost|p1a: Arbok|def|1\n|\n|-heal|p1a: Arbok|209/246|[from] item: Leftovers\n|-heal|p2a: Toxapex|215/216|[from] item: Leftovers\n|upkeep\n|turn|4\n|\n|t:|1781428203\n|move|p1a: Arbok|Earthquake|p2a: Toxapex\n|-supereffective|p2a: Toxapex\n|-damage|p2a: Toxapex|65/216\n|move|p2a: Toxapex|Haze|p2a: Toxapex\n|-clearallboost\n|\n|-heal|p1a: Arbok|224/246|[from] item: Leftovers\n|-heal|p2a: Toxapex|78/216|[from] item: Leftovers\n|upkeep\n|turn|5\n|\n|t:|1781428208\n|switch|p2a: Ursaluna|Ursaluna-Bloodmoon, L79, M|308/308\n|move|p1a: Arbok|Coil|p1a: Arbok\n|-boost|p1a: Arbok|atk|1\n|-boost|p1a: Arbok|def|1\n|-boost|p1a: Arbok|accuracy|1\n|\n|-heal|p1a: Arbok|239/246|[from] item: Leftovers\n|upkeep\n|turn|6\n|\n|t:|1781428220\n|switch|p1a: Arboliva|Arboliva, L91, F|288/288\n|move|p2a: Ursaluna|Blood Moon|p1a: Arboliva\n|-damage|p1a: Arboliva|146/288\n|\n|upkeep\n|turn|7\n|\n|t:|1781428226\n|switch|p2a: Virizion|Virizion, L82|283/283\n|move|p1a: Arboliva|Leech Seed|p2a: Virizion\n|-immune|p2a: Virizion\n|\n|upkeep\n|turn|8\n|\n|t:|1781428235\n|switch|p2a: Ursaluna|Ursaluna-Bloodmoon, L79, M|308/308\n|switch|p1a: Arbok|Arbok, L87, M|239/246\n|-ability|p1a: Arbok|Intimidate|boost\n|-unboost|p2a: Ursaluna|atk|1\n|\n|-heal|p1a: Arbok|246/246|[from] item: Leftovers\n|upkeep\n|turn|9\n|\n|t:|1781428241\n|switch|p1a: Passimian|Passimian, L83, F|302/302\n|move|p2a: Ursaluna|Blood Moon|p1a: Passimian\n|-damage|p1a: Passimian|70/302\n|\n|-heal|p1a: Passimian|88/302|[from] item: Leftovers\n|upkeep\n|turn|10\n|\n|t:|1781428249\n|switch|p2a: Exeggutor|Exeggutor, L89, F|312/312\n|move|p1a: Passimian|Bulk Up|p1a: Passimian\n|-boost|p1a: Passimian|atk|1\n|-boost|p1a: Passimian|def|1\n|\n|-heal|p1a: Passimian|106/302|[from] item: Leftovers\n|upkeep\n|turn|11\n|\n|t:|1781428253\n|move|p1a: Passimian|Gunk Shot|p2a: Exeggutor\n|-supereffective|p2a: Exeggutor\n|-damage|p2a: Exeggutor|34/312\n|-status|p2a: Exeggutor|psn\n|-enditem|p2a: Exeggutor|Sitrus Berry|[eat]\n|-heal|p2a: Exeggutor|112/312 psn|[from] item: Sitrus Berry\n|move|p2a: Exeggutor|Psychic Noise|p1a: Passimian\n|-supereffective|p1a: Passimian\n|-damage|p1a: Passimian|0 fnt\n|faint|p1a: Passimian\n|\n|-damage|p2a: Exeggutor|73/312 psn|[from] psn\n|-item|p2a: Exeggutor|Sitrus Berry|[from] ability: Harvest\n|upkeep\n|-enditem|p2a: Exeggutor|Sitrus Berry|[eat]\n|-heal|p2a: Exeggutor|151/312 psn|[from] item: Sitrus Berry\n|\n|t:|1781428259\n|switch|p1a: Sawsbuck|Sawsbuck-Winter, L88, F|284/284\n|turn|12\n|\n|t:|1781428265\n|switch|p2a: Virizion|Virizion, L82|283/283\n|move|p1a: Sawsbuck|Double-Edge|p2a: Virizion\n|-damage|p2a: Virizion|57/283\n|-damage|p1a: Sawsbuck|209/284|[from] Recoil\n|-damage|p1a: Sawsbuck|181/284|[from] item: Life Orb\n|\n|upkeep\n|turn|13\n|\n|t:|1781428269\n|switch|p1a: Arbok|Arbok, L87, M|246/246\n|-ability|p1a: Arbok|Intimidate|boost\n|-unboost|p2a: Virizion|atk|1\n|move|p2a: Virizion|Close Combat|p1a: Arbok\n|-resisted|p1a: Arbok\n|-damage|p1a: Arbok|190/246\n|-unboost|p2a: Virizion|def|1\n|-unboost|p2a: Virizion|spd|1\n|-damage|p2a: Virizion|29/283|[from] item: Life Orb\n|\n|-heal|p1a: Arbok|205/246|[from] item: Leftovers\n|upkeep\n|turn|14\n|\n|t:|1781428275\n|switch|p2a: Exeggutor|Exeggutor, L89, F|151/312 psn\n|switch|p1a: Arboliva|Arboliva, L91, F|146/288\n|\n|-damage|p2a: Exeggutor|112/312 psn|[from] psn\n|upkeep\n|turn|15\n|\n|t:|1781428280\n|move|p2a: Exeggutor|Psychic Noise|p1a: Arboliva\n|-damage|p1a: Arboliva|53/288\n|-start|p1a: Arboliva|move: Heal Block\n|move|p1a: Arboliva|Hyper Voice|p2a: Exeggutor\n|-damage|p2a: Exeggutor|0 fnt\n|faint|p2a: Exeggutor\n|\n|upkeep\n|\n|t:|1781428298\n|switch|p2a: Entei|Entei, L78|307/307\n|turn|16\n|\n|t:|1781428303\n|move|p1a: Arboliva|Protect|p1a: Arboliva\n|-singleturn|p1a: Arboliva|Protect\n|move|p2a: Entei|Flare Blitz|p1a: Arboliva\n|-activate|p1a: Arboliva|move: Protect\n|\n|-end|p1a: Arboliva|move: Heal Block\n|upkeep\n|-enditem|p1a: Arboliva|Sitrus Berry|[eat]\n|-heal|p1a: Arboliva|125/288|[from] item: Sitrus Berry\n|turn|17\n|\n|t:|1781428307\n|move|p2a: Entei|Flare Blitz|p1a: Arboliva\n|-supereffective|p1a: Arboliva\n|-damage|p1a: Arboliva|0 fnt\n|faint|p1a: Arboliva\n|-damage|p2a: Entei|266/307|[from] Recoil\n|\n|upkeep\n|\n|t:|1781428309\n|switch|p1a: Dragonite|Dragonite, L74, F|257/257\n|turn|18\n|\n|t:|1781428312\n|switch|p2a: Toxapex|Toxapex, L82, M|150/216\n|move|p1a: Dragonite|Dragon Dance|p1a: Dragonite\n|-boost|p1a: Dragonite|atk|1\n|-boost|p1a: Dragonite|spe|1\n|\n|-heal|p2a: Toxapex|163/216|[from] item: Leftovers\n|upkeep\n|turn|19\n|\n|t:|1781428316\n|move|p1a: Dragonite|Earthquake|p2a: Toxapex\n|-supereffective|p2a: Toxapex\n|-damage|p2a: Toxapex|25/216\n|move|p2a: Toxapex|Haze|p2a: Toxapex\n|-clearallboost\n|\n|-heal|p2a: Toxapex|38/216|[from] item: Leftovers\n|upkeep\n|turn|20\n|\n|t:|1781428323\n|switch|p2a: Glastrier|Glastrier, L86|311/311\n|move|p1a: Dragonite|Dragon Dance|p1a: Dragonite\n|-boost|p1a: Dragonite|atk|1\n|-boost|p1a: Dragonite|spe|1\n|\n|upkeep\n|turn|21\n|\n|t:|1781428333\n|-terastallize|p1a: Dragonite|Steel\n|move|p1a: Dragonite|Dragon Dance|p1a: Dragonite\n|-boost|p1a: Dragonite|atk|1\n|-boost|p1a: Dragonite|spe|1\n|move|p2a: Glastrier|Icicle Crash|p1a: Dragonite\n|-resisted|p1a: Dragonite\n|-damage|p1a: Dragonite|203/257\n|\n|upkeep\n|turn|22\n|\n|t:|1781428346\n|switch|p2a: Virizion|Virizion, L82|29/283\n|move|p1a: Dragonite|Iron Head|p2a: Virizion\n|-damage|p2a: Virizion|0 fnt\n|faint|p2a: Virizion\n|\n|upkeep\n|\n|t:|1781428349\n|switch|p2a: Glastrier|Glastrier, L86|311/311\n|turn|23\n|\n|t:|1781428360\n|move|p1a: Dragonite|Iron Head|p2a: Glastrier\n|-supereffective|p2a: Glastrier\n|-damage|p2a: Glastrier|71/311\n|move|p2a: Glastrier|Close Combat|p1a: Dragonite\n|-supereffective|p1a: Dragonite\n|-damage|p1a: Dragonite|0 fnt\n|-unboost|p2a: Glastrier|def|1\n|-unboost|p2a: Glastrier|spd|1\n|faint|p1a: Dragonite\n|-ability|p2a: Glastrier|Chilling Neigh|boost\n|-boost|p2a: Glastrier|atk|1\n|\n|upkeep\n|\n|t:|1781428365\n|switch|p1a: Arbok|Arbok, L87, M|205/246\n|-ability|p1a: Arbok|Intimidate|boost\n|-unboost|p2a: Glastrier|atk|1\n|turn|24\n|\n|t:|1781428374\n|switch|p2a: Ursaluna|Ursaluna-Bloodmoon, L79, M|308/308\n|move|p1a: Arbok|Coil|p1a: Arbok\n|-boost|p1a: Arbok|atk|1\n|-boost|p1a: Arbok|def|1\n|-boost|p1a: Arbok|accuracy|1\n|\n|-heal|p1a: Arbok|220/246|[from] item: Leftovers\n|upkeep\n|turn|25\n|\n|t:|1781428379\n|move|p1a: Arbok|Trailblaze|p2a: Ursaluna\n|-supereffective|p2a: Ursaluna\n|-damage|p2a: Ursaluna|210/308\n|-boost|p1a: Arbok|spe|1\n|move|p2a: Ursaluna|Blood Moon|p1a: Arbok\n|-damage|p1a: Arbok|45/246\n|\n|-heal|p1a: Arbok|60/246|[from] item: Leftovers\n|-heal|p2a: Ursaluna|229/308|[from] item: Leftovers\n|upkeep\n|turn|26\n|\n|t:|1781428385\n|move|p1a: Arbok|Coil|p1a: Arbok\n|-boost|p1a: Arbok|atk|1\n|-boost|p1a: Arbok|def|1\n|-boost|p1a: Arbok|accuracy|1\n|move|p2a: Ursaluna|Moonlight|p2a: Ursaluna\n|-heal|p2a: Ursaluna|308/308\n|\n|-heal|p1a: Arbok|75/246|[from] item: Leftovers\n|upkeep\n|turn|27\n|\n|t:|1781428388\n|move|p1a: Arbok|Trailblaze|p2a: Ursaluna\n|-supereffective|p2a: Ursaluna\n|-damage|p2a: Ursaluna|188/308\n|-boost|p1a: Arbok|spe|1\n|move|p2a: Ursaluna|Blood Moon|p1a: Arbok\n|-damage|p1a: Arbok|0 fnt\n|faint|p1a: Arbok\n|\n|-heal|p2a: Ursaluna|207/308|[from] item: Leftovers\n|upkeep\n|\n|t:|1781428391\n|switch|p1a: Sawsbuck|Sawsbuck-Winter, L88, F|181/284\n|turn|28\n|\n|t:|1781428413\n|switch|p2a: Glastrier|Glastrier, L86|71/311\n|move|p1a: Sawsbuck|Swords Dance|p1a: Sawsbuck\n|-boost|p1a: Sawsbuck|atk|2\n|\n|upkeep\n|turn|29\n|\n|t:|1781428418\n|move|p1a: Sawsbuck|Horn Leech|p2a: Glastrier\n|-damage|p2a: Glastrier|0 fnt\n|-heal|p1a: Sawsbuck|217/284|[from] drain|[of] p2a: Glastrier\n|faint|p2a: Glastrier\n|-damage|p1a: Sawsbuck|189/284|[from] item: Life Orb\n|\n|upkeep\n|\n|t:|1781428421\n|switch|p2a: Entei|Entei, L78|266/307\n|turn|30\n|\n|t:|1781428428\n|-terastallize|p2a: Entei|Normal\n|move|p2a: Entei|Extreme Speed|p1a: Sawsbuck\n|-damage|p1a: Sawsbuck|47/284\n|move|p1a: Sawsbuck|Double-Edge|p2a: Entei\n|-damage|p2a: Entei|0 fnt\n|faint|p2a: Entei\n|-damage|p1a: Sawsbuck|0 fnt|[from] Recoil\n|faint|p1a: Sawsbuck\n|\n|upkeep\n|\n|t:|1781428433\n|switch|p1a: Plusle|Plusle, L95, F|268/268\n|switch|p2a: Toxapex|Toxapex, L82, M|110/216\n|turn|31\n|\n|t:|1781428442\n|move|p1a: Plusle|Nasty Plot|p1a: Plusle\n|-boost|p1a: Plusle|spa|2\n|move|p2a: Toxapex|Haze|p2a: Toxapex\n|-clearallboost\n|\n|-heal|p2a: Toxapex|123/216|[from] item: Leftovers\n|upkeep\n|turn|32\n|\n|t:|1781428453\n|move|p1a: Plusle|Thunderbolt|p2a: Toxapex\n|-supereffective|p2a: Toxapex\n|-damage|p2a: Toxapex|0 fnt\n|faint|p2a: Toxapex\n|-damage|p1a: Plusle|242/268|[from] item: Life Orb\n|\n|upkeep\n|\n|t:|1781428455\n|switch|p2a: Ursaluna|Ursaluna-Bloodmoon, L79, M|207/308\n|turn|33\n|j| Ronnyburgundy\n|\n|t:|1781428461\n|move|p1a: Plusle|Grass Knot|p2a: Ursaluna\n|-supereffective|p2a: Ursaluna\n|-damage|p2a: Ursaluna|0 fnt\n|faint|p2a: Ursaluna\n|-damage|p1a: Plusle|216/268|[from] item: Life Orb\n|\n|win|ftaochaphet\n", "uploadtime": 1781428162, "views": 3, "formatid": "gen9randombattle", "rating": null, "private": 0, "password": null}