{"id": "gen9randombattle-2631689087", "format": "[Gen 9] Random Battle", "players": ["BigCickDaniel", "bolo404"], "log": "|j|\u2606BigCickDaniel\n|j|\u2606bolo404\n|t:|1781422213\n|gametype|singles\n|player|p1|BigCickDaniel|harlequin|1250\n|player|p2|bolo404|red|1219\n|gen|9\n|tier|[Gen 9] Random Battle\n|rated|\n|rule|Species Clause: Limit one of each Pok\u00e9mon\n|rule|HP Percentage Mod: HP is shown in percentages\n|rule|Sleep Clause Mod: Limit one foe put to sleep\n|rule|Illusion Level Mod: Illusion disguises the Pok\u00e9mon's true level\n|\n|t:|1781422213\n|teamsize|p1|6\n|teamsize|p2|6\n|start\n|switch|p1a: Incineroar|Incineroar, L82, M|290/290\n|switch|p2a: Magmortar|Magmortar, L88, F|275/275\n|-ability|p1a: Incineroar|Intimidate|boost\n|-unboost|p2a: Magmortar|atk|1\n|turn|1\n|\n|t:|1781422229\n|move|p2a: Magmortar|Scorching Sands|p1a: Incineroar\n|-supereffective|p1a: Incineroar\n|-damage|p1a: Incineroar|158/290\n|move|p1a: Incineroar|Knock Off|p2a: Magmortar\n|-damage|p2a: Magmortar|139/275\n|-enditem|p2a: Magmortar|Choice Specs|[from] move: Knock Off|[of] p1a: Incineroar\n|\n|upkeep\n|turn|2\n|\n|t:|1781422239\n|switch|p1a: Cresselia|Cresselia, L80, F|323/323\n|move|p2a: Magmortar|Scorching Sands|p1a: Cresselia\n|-immune|p1a: Cresselia|[from] ability: Levitate\n|\n|upkeep\n|turn|3\n|\n|t:|1781422253\n|switch|p2a: Ting-Lu|Ting-Lu, L78|370/370\n|-ability|p2a: Ting-Lu|Vessel of Ruin\n|move|p1a: Cresselia|Calm Mind|p1a: Cresselia\n|-boost|p1a: Cresselia|spa|1\n|-boost|p1a: Cresselia|spd|1\n|\n|upkeep\n|turn|4\n|\n|t:|1781422266\n|move|p1a: Cresselia|Moonblast|p2a: Ting-Lu\n|-supereffective|p2a: Ting-Lu\n|-damage|p2a: Ting-Lu|230/370\n|move|p2a: Ting-Lu|Whirlwind|p1a: Cresselia\n|drag|p1a: Polteageist|Polteageist, L78|222/222\n|\n|-heal|p2a: Ting-Lu|253/370|[from] item: Leftovers\n|upkeep\n|turn|5\n|\n|t:|1781422280\n|switch|p1a: Cresselia|Cresselia, L80, F|323/323\n|move|p2a: Ting-Lu|Throat Chop|p1a: Cresselia\n|-supereffective|p1a: Cresselia\n|-damage|p1a: Cresselia|185/323\n|-start|p1a: Cresselia|Throat Chop|[silent]\n|\n|-heal|p1a: Cresselia|205/323|[from] item: Leftovers\n|-heal|p2a: Ting-Lu|276/370|[from] item: Leftovers\n|upkeep\n|turn|6\n|\n|t:|1781422292\n|-terastallize|p1a: Cresselia|Fairy\n|move|p1a: Cresselia|Moonblast|p2a: Ting-Lu\n|-supereffective|p2a: Ting-Lu\n|-damage|p2a: Ting-Lu|144/370\n|move|p2a: Ting-Lu|Throat Chop|p1a: Cresselia\n|-resisted|p1a: Cresselia\n|-damage|p1a: Cresselia|167/323\n|\n|-heal|p1a: Cresselia|187/323|[from] item: Leftovers\n|-heal|p2a: Ting-Lu|167/370|[from] item: Leftovers\n|-end|p1a: Cresselia|Throat Chop|[silent]\n|upkeep\n|turn|7\n|\n|t:|1781422297\n|move|p1a: Cresselia|Moonlight|p1a: Cresselia\n|-heal|p1a: Cresselia|323/323\n|move|p2a: Ting-Lu|Whirlwind|p1a: Cresselia\n|drag|p1a: Incineroar|Incineroar, L82, M|158/290\n|-ability|p1a: Incineroar|Intimidate|boost\n|-unboost|p2a: Ting-Lu|atk|1\n|\n|-heal|p2a: Ting-Lu|190/370|[from] item: Leftovers\n|upkeep\n|turn|8\n|\n|t:|1781422304\n|move|p1a: Incineroar|U-turn|p2a: Ting-Lu\n|-supereffective|p2a: Ting-Lu\n|-damage|p2a: Ting-Lu|100/370\n|\n|t:|1781422307\n|switch|p1a: Cresselia|Cresselia, L80, F, tera:Fairy|323/323|[from] U-turn\n|move|p2a: Ting-Lu|Earthquake|p1a: Cresselia\n|-immune|p1a: Cresselia|[from] ability: Levitate\n|\n|-heal|p2a: Ting-Lu|123/370|[from] item: Leftovers\n|upkeep\n|turn|9\n|\n|t:|1781422313\n|switch|p2a: Scizor|Scizor, L79, M|240/240\n|move|p1a: Cresselia|Moonblast|p2a: Scizor\n|-resisted|p2a: Scizor\n|-damage|p2a: Scizor|196/240\n|\n|-heal|p2a: Scizor|211/240|[from] item: Leftovers\n|upkeep\n|turn|10\n|\n|t:|1781422320\n|switch|p1a: Incineroar|Incineroar, L82, M|158/290\n|-ability|p1a: Incineroar|Intimidate|boost\n|-unboost|p2a: Scizor|atk|1\n|move|p2a: Scizor|Bullet Punch|p1a: Incineroar\n|-resisted|p1a: Incineroar\n|-damage|p1a: Incineroar|135/290\n|\n|-heal|p2a: Scizor|226/240|[from] item: Leftovers\n|upkeep\n|turn|11\n|\n|t:|1781422338\n|switch|p2a: Heatran|Heatran, L79, F|273/273\n|-item|p2a: Heatran|Air Balloon\n|move|p1a: Incineroar|Overheat|p2a: Heatran\n|-start|p2a: Heatran|ability: Flash Fire\n|\n|upkeep\n|turn|12\n|\n|t:|1781422358\n|move|p2a: Heatran|Earth Power|p1a: Incineroar\n|-supereffective|p1a: Incineroar\n|-damage|p1a: Incineroar|45/290\n|move|p1a: Incineroar|Knock Off|p2a: Heatran\n|-damage|p2a: Heatran|171/273\n|-enditem|p2a: Heatran|Air Balloon\n|\n|upkeep\n|turn|13\n|\n|t:|1781422372\n|switch|p1a: Vikavolt|Vikavolt, L83, F|263/263\n|move|p2a: Heatran|Heavy Slam|p1a: Vikavolt\n|-resisted|p1a: Vikavolt\n|-damage|p1a: Vikavolt|209/263\n|\n|upkeep\n|turn|14\n|\n|t:|1781422380\n|move|p2a: Heatran|Magma Storm|p1a: Vikavolt\n|-supereffective|p1a: Vikavolt\n|-damage|p1a: Vikavolt|0 fnt\n|faint|p1a: Vikavolt\n|\n|upkeep\n|\n|t:|1781422383\n|switch|p1a: Cresselia|Cresselia, L80, F, tera:Fairy|323/323\n|turn|15\n|\n|t:|1781422388\n|switch|p1a: Incineroar|Incineroar, L82, M|45/290\n|-ability|p1a: Incineroar|Intimidate|boost\n|-unboost|p2a: Heatran|atk|1\n|move|p2a: Heatran|Heavy Slam|p1a: Incineroar\n|-resisted|p1a: Incineroar\n|-damage|p1a: Incineroar|9/290\n|\n|upkeep\n|turn|16\n|\n|t:|1781422399\n|move|p2a: Heatran|Heavy Slam|p1a: Incineroar\n|-resisted|p1a: Incineroar\n|-damage|p1a: Incineroar|0 fnt\n|faint|p1a: Incineroar\n|\n|upkeep\n|\n|t:|1781422403\n|switch|p1a: Mewtwo|Mewtwo, L72|272/272\n|-ability|p1a: Mewtwo|Pressure\n|turn|17\n|\n|t:|1781422415\n|-end|p2a: Heatran|ability: Flash Fire|[silent]\n|switch|p2a: Mimikyu|Mimikyu, L79, F|216/216\n|move|p1a: Mewtwo|Aura Sphere|p2a: Mimikyu\n|-immune|p2a: Mimikyu\n|\n|upkeep\n|turn|18\n|\n|t:|1781422423\n|switch|p1a: Cresselia|Cresselia, L80, F, tera:Fairy|323/323\n|move|p2a: Mimikyu|Swords Dance|p2a: Mimikyu\n|-boost|p2a: Mimikyu|atk|2\n|\n|upkeep\n|turn|19\n|\n|t:|1781422432\n|move|p2a: Mimikyu|Shadow Sneak|p1a: Cresselia\n|-damage|p1a: Cresselia|244/323\n|-damage|p2a: Mimikyu|195/216|[from] item: Life Orb\n|move|p1a: Cresselia|Moonblast|p2a: Mimikyu\n|-activate|p2a: Mimikyu|ability: Disguise\n|-damage|p2a: Mimikyu|195/216\n|-unboost|p2a: Mimikyu|spa|1\n|detailschange|p2a: Mimikyu|Mimikyu-Busted, L79, F\n|-damage|p2a: Mimikyu|168/216|[from] pokemon: Mimikyu-Busted\n|\n|-heal|p1a: Cresselia|264/323|[from] item: Leftovers\n|upkeep\n|turn|20\n|\n|t:|1781422454\n|-terastallize|p2a: Mimikyu|Fairy\n|move|p2a: Mimikyu|Shadow Claw|p1a: Cresselia\n|-damage|p1a: Cresselia|115/323\n|-damage|p2a: Mimikyu|147/216|[from] item: Life Orb\n|move|p1a: Cresselia|Moonblast|p2a: Mimikyu\n|-damage|p2a: Mimikyu|81/216\n|\n|-heal|p1a: Cresselia|135/323|[from] item: Leftovers\n|upkeep\n|turn|21\n|\n|t:|1781422463\n|move|p2a: Mimikyu|Shadow Claw|p1a: Cresselia\n|-damage|p1a: Cresselia|0 fnt\n|faint|p1a: Cresselia\n|-damage|p2a: Mimikyu|60/216|[from] item: Life Orb\n|\n|upkeep\n|\n|t:|1781422470\n|switch|p1a: Raikou|Raikou, L81|278/278\n|-ability|p1a: Raikou|Pressure\n|turn|22\n|\n|t:|1781422478\n|move|p1a: Raikou|Scald|p2a: Mimikyu\n|-damage|p2a: Mimikyu|3/216\n|move|p2a: Mimikyu|Play Rough|p1a: Raikou\n|-damage|p1a: Raikou|0 fnt\n|faint|p1a: Raikou\n|-damage|p2a: Mimikyu|0 fnt|[from] item: Life Orb\n|faint|p2a: Mimikyu\n|\n|upkeep\n|\n|t:|1781422491\n|switch|p1a: Polteageist|Polteageist, L78|222/222\n|switch|p2a: Scizor|Scizor, L79, M|226/240\n|turn|23\n|\n|t:|1781422500\n|move|p2a: Scizor|Bullet Punch|p1a: Polteageist\n|-damage|p1a: Polteageist|123/222\n|-start|p2a: Scizor|Disable|Bullet Punch|[from] ability: Cursed Body|[of] p1a: Polteageist\n|move|p1a: Polteageist|Shell Smash|p1a: Polteageist\n|-unboost|p1a: Polteageist|def|1\n|-unboost|p1a: Polteageist|spd|1\n|-boost|p1a: Polteageist|atk|2\n|-boost|p1a: Polteageist|spa|2\n|-boost|p1a: Polteageist|spe|2\n|-enditem|p1a: Polteageist|White Herb\n|-clearnegativeboost|p1a: Polteageist|[silent]\n|\n|-heal|p2a: Scizor|240/240|[from] item: Leftovers\n|upkeep\n|turn|24\n|\n|t:|1781422513\n|move|p1a: Polteageist|Strength Sap|p2a: Scizor\n|-unboost|p2a: Scizor|atk|1\n|-heal|p1a: Polteageist|222/222\n|move|p2a: Scizor|U-turn|p1a: Polteageist\n|-resisted|p1a: Polteageist\n|-damage|p1a: Polteageist|186/222\n|\n|t:|1781422526\n|switch|p2a: Heatran|Heatran, L79, F|171/273|[from] U-turn\n|\n|upkeep\n|turn|25\n|\n|t:|1781422537\n|move|p1a: Polteageist|Shell Smash|p1a: Polteageist\n|-unboost|p1a: Polteageist|def|1\n|-unboost|p1a: Polteageist|spd|1\n|-boost|p1a: Polteageist|atk|2\n|-boost|p1a: Polteageist|spa|2\n|-boost|p1a: Polteageist|spe|2\n|move|p2a: Heatran|Heavy Slam|p1a: Polteageist\n|-damage|p1a: Polteageist|0 fnt\n|faint|p1a: Polteageist\n|\n|upkeep\n|-message|BigCickDaniel forfeited.\n|\n|win|bolo404\n|raw|BigCickDaniel's rating: 1250 &rarr; <strong>1223</strong><br />(-27 for losing)\n|raw|bolo404's rating: 1219 &rarr; <strong>1246</strong><br />(+27 for winning)\n|l|\u2606BigCickDaniel\n|player|p1|\n", "uploadtime": 1781422543, "views": 2, "formatid": "gen9randombattle", "rating": 1223, "private": 0, "password": null}