{"id": "gen9randombattle-2631746286", "format": "[Gen 9] Random Battle", "players": ["KoffeeArchive", "Gaaraks"], "log": "|j|\u2606KoffeeArchive\n|j|\u2606Gaaraks\n|t:|1781432894\n|gametype|singles\n|player|p1|KoffeeArchive|clair|1974\n|player|p2|Gaaraks|2|2064\n|gen|9\n|tier|[Gen 9] Random Battle\n|rated|\n|rule|Species Clause: Limit one of each Pok\u00e9mon\n|rule|HP Percentage Mod: HP is shown in percentages\n|rule|Sleep Clause Mod: Limit one foe put to sleep\n|rule|Illusion Level Mod: Illusion disguises the Pok\u00e9mon's true level\n|\n|t:|1781432894\n|teamsize|p1|6\n|teamsize|p2|6\n|start\n|switch|p1a: Veluza|Veluza, L85, F|292/292\n|switch|p2a: Ursaring|Ursaring, L84, F|288/288\n|turn|1\n|inactive|Battle timer is ON: inactive players will automatically lose when time's up. (requested by KoffeeArchive)\n|\n|t:|1781432909\n|move|p1a: Veluza|Fillet Away|p1a: Veluza\n|-boost|p1a: Veluza|atk|2\n|-boost|p1a: Veluza|spa|2\n|-boost|p1a: Veluza|spe|2\n|-damage|p1a: Veluza|146/292\n|-enditem|p1a: Veluza|Sitrus Berry|[eat]\n|-heal|p1a: Veluza|219/292|[from] item: Sitrus Berry\n|move|p2a: Ursaring|Swords Dance|p2a: Ursaring\n|-boost|p2a: Ursaring|atk|2\n|\n|-status|p2a: Ursaring|tox|[from] item: Toxic Orb\n|upkeep\n|turn|2\n|\n|t:|1781432920\n|switch|p2a: Slither Wing|Slither Wing, L81|270/270\n|move|p1a: Veluza|Aqua Cutter|p2a: Slither Wing\n|-damage|p2a: Slither Wing|14/270\n|\n|upkeep\n|turn|3\n|\n|t:|1781432937\n|switch|p1a: Slowbro|Slowbro-Galar, L87, F|307/307\n|move|p2a: Slither Wing|U-turn|p1a: Slowbro\n|-damage|p1a: Slowbro|225/307\n|-damage|p2a: Slither Wing|0 fnt|[from] item: Rocky Helmet|[of] p1a: Slowbro\n|faint|p2a: Slither Wing\n|-end|p2a: Slither Wing|Protosynthesis|[silent]\n|\n|upkeep\n|\n|t:|1781432943\n|switch|p2a: Ursaring|Ursaring, L84, F|288/288 tox\n|turn|4\n|\n|t:|1781432949\n|move|p2a: Ursaring|Facade|p1a: Slowbro\n|-damage|p1a: Slowbro|65/307\n|-damage|p2a: Ursaring|240/288 tox|[from] item: Rocky Helmet|[of] p1a: Slowbro\n|move|p1a: Slowbro|Shell Side Arm|p2a: Ursaring|[anim] Shell Side Arm Physical\n|-damage|p2a: Ursaring|129/288 tox\n|-hint|Physical Shell Side Arm\n|\n|-damage|p2a: Ursaring|111/288 tox|[from] psn\n|upkeep\n|turn|5\n|\n|t:|1781432958\n|switch|p1a: Veluza|Veluza, L85, F|219/292\n|move|p2a: Ursaring|Facade|p1a: Veluza\n|-damage|p1a: Veluza|9/292\n|\n|-damage|p2a: Ursaring|75/288 tox|[from] psn\n|upkeep\n|turn|6\n|\n|t:|1781432965\n|move|p2a: Ursaring|Facade|p1a: Veluza\n|-damage|p1a: Veluza|0 fnt\n|faint|p1a: Veluza\n|\n|-damage|p2a: Ursaring|21/288 tox|[from] psn\n|upkeep\n|\n|t:|1781432976\n|switch|p1a: Pikachu|Pikachu-World, L93, M|216/216\n|turn|7\n|\n|t:|1781432984\n|move|p1a: Pikachu|Volt Tackle|p2a: Ursaring\n|-damage|p2a: Ursaring|0 fnt\n|faint|p2a: Ursaring\n|-damage|p1a: Pikachu|209/216|[from] Recoil\n|\n|upkeep\n|\n|t:|1781432989\n|switch|p2a: Dodrio|Dodrio, L85, M|241/241\n|turn|8\n|\n|t:|1781432997\n|move|p2a: Dodrio|Drill Run|p1a: Pikachu\n|-supereffective|p1a: Pikachu\n|-damage|p1a: Pikachu|0 fnt\n|faint|p1a: Pikachu\n|\n|upkeep\n|\n|t:|1781433003\n|switch|p1a: Ursaluna|Ursaluna-Bloodmoon, L79, M|308/308\n|turn|9\n|\n|t:|1781433009\n|switch|p2a: Raichu|Raichu-Alola, L87, M|246/246\n|move|p1a: Ursaluna|Blood Moon|p2a: Raichu\n|-damage|p2a: Raichu|69/246\n|\n|upkeep\n|turn|10\n|\n|t:|1781433017\n|move|p2a: Raichu|Grass Knot|p1a: Ursaluna\n|-supereffective|p1a: Ursaluna\n|-damage|p1a: Ursaluna|0 fnt\n|faint|p1a: Ursaluna\n|-damage|p2a: Raichu|45/246|[from] item: Life Orb\n|\n|upkeep\n|\n|t:|1781433021\n|switch|p1a: Slowbro|Slowbro-Galar, L87, F|167/307\n|turn|11\n|\n|t:|1781433024\n|move|p2a: Raichu|Thunderbolt|p1a: Slowbro\n|-damage|p1a: Slowbro|25/307\n|-damage|p2a: Raichu|21/246|[from] item: Life Orb\n|move|p1a: Slowbro|Shell Side Arm|p2a: Raichu|[anim] Shell Side Arm Physical\n|-damage|p2a: Raichu|0 fnt\n|-hint|Physical Shell Side Arm\n|faint|p2a: Raichu\n|\n|upkeep\n|\n|t:|1781433028\n|switch|p2a: Donphan|Donphan, L84, M|288/288\n|turn|12\n|\n|t:|1781433034\n|switch|p1a: Gurdurr|Gurdurr, L85, M|283/283\n|move|p2a: Donphan|Earthquake|p1a: Gurdurr\n|-damage|p1a: Gurdurr|201/283\n|\n|upkeep\n|turn|13\n|\n|t:|1781433037\n|move|p2a: Donphan|Knock Off|p1a: Gurdurr\n|-resisted|p1a: Gurdurr\n|-crit|p1a: Gurdurr\n|-damage|p1a: Gurdurr|163/283\n|-enditem|p1a: Gurdurr|Eviolite|[from] move: Knock Off|[of] p2a: Donphan\n|move|p1a: Gurdurr|Bulk Up|p1a: Gurdurr\n|-boost|p1a: Gurdurr|atk|1\n|-boost|p1a: Gurdurr|def|1\n|\n|upkeep\n|turn|14\n|\n|t:|1781433041\n|move|p2a: Donphan|Earthquake|p1a: Gurdurr\n|-damage|p1a: Gurdurr|76/283\n|move|p1a: Gurdurr|Drain Punch|p2a: Donphan\n|-damage|p2a: Donphan|186/288\n|-heal|p1a: Gurdurr|127/283|[from] drain|[of] p2a: Donphan\n|\n|upkeep\n|turn|15\n|\n|t:|1781433046\n|move|p2a: Donphan|Earthquake|p1a: Gurdurr\n|-damage|p1a: Gurdurr|46/283\n|move|p1a: Gurdurr|Drain Punch|p2a: Donphan\n|-damage|p2a: Donphan|78/288\n|-heal|p1a: Gurdurr|100/283|[from] drain|[of] p2a: Donphan\n|\n|upkeep\n|turn|16\n|\n|t:|1781433049\n|move|p2a: Donphan|Earthquake|p1a: Gurdurr\n|-damage|p1a: Gurdurr|13/283\n|move|p1a: Gurdurr|Drain Punch|p2a: Donphan\n|-damage|p2a: Donphan|0 fnt\n|-heal|p1a: Gurdurr|52/283|[from] drain|[of] p2a: Donphan\n|faint|p2a: Donphan\n|\n|upkeep\n|\n|t:|1781433056\n|switch|p2a: Dodrio|Dodrio, L85, M|241/241\n|turn|17\n|\n|t:|1781433061\n|move|p2a: Dodrio|Brave Bird|p1a: Gurdurr\n|-supereffective|p1a: Gurdurr\n|-crit|p1a: Gurdurr\n|-damage|p1a: Gurdurr|0 fnt\n|faint|p1a: Gurdurr\n|-damage|p2a: Dodrio|224/241|[from] Recoil\n|\n|upkeep\n|\n|t:|1781433065\n|switch|p1a: Dragonite|Dragonite, L74, F|257/257\n|turn|18\n|\n|t:|1781433068\n|move|p2a: Dodrio|Brave Bird|p1a: Dragonite\n|-crit|p1a: Dragonite\n|-damage|p1a: Dragonite|84/257\n|-damage|p2a: Dodrio|167/241|[from] Recoil\n|move|p1a: Dragonite|Dragon Dance|p1a: Dragonite\n|-boost|p1a: Dragonite|atk|1\n|-boost|p1a: Dragonite|spe|1\n|\n|upkeep\n|turn|19\n|\n|t:|1781433072\n|-terastallize|p1a: Dragonite|Flying\n|move|p1a: Dragonite|Tera Blast|p2a: Dodrio|[anim] Tera Blast Flying\n|-damage|p2a: Dodrio|0 fnt\n|faint|p2a: Dodrio\n|\n|upkeep\n|\n|t:|1781433076\n|switch|p2a: Kommo-o|Kommo-o, L78, M|245/245\n|turn|20\n|\n|t:|1781433080\n|-terastallize|p2a: Kommo-o|Steel\n|move|p1a: Dragonite|Earthquake|p2a: Kommo-o\n|-supereffective|p2a: Kommo-o\n|-damage|p2a: Kommo-o|85/245\n|move|p2a: Kommo-o|Scale Shot|p1a: Dragonite\n|-damage|p1a: Dragonite|56/257\n|-damage|p1a: Dragonite|26/257\n|-damage|p1a: Dragonite|0 fnt\n|faint|p1a: Dragonite\n|-hitcount|p1: Dragonite|3\n|-unboost|p2a: Kommo-o|def|1\n|-boost|p2a: Kommo-o|spe|1\n|\n|upkeep\n|\n|t:|1781433083\n|switch|p1a: Slowbro|Slowbro-Galar, L87, F|127/307\n|turn|21\n|\n|t:|1781433088\n|move|p2a: Kommo-o|Scale Shot|p1a: Slowbro\n|-damage|p1a: Slowbro|105/307\n|-damage|p1a: Slowbro|81/307\n|-damage|p1a: Slowbro|57/307\n|-damage|p1a: Slowbro|32/307\n|-hitcount|p1a: Slowbro|4\n|-unboost|p2a: Kommo-o|def|1\n|-boost|p2a: Kommo-o|spe|1\n|move|p1a: Slowbro|Psychic|p2a: Kommo-o\n|-resisted|p2a: Kommo-o\n|-damage|p2a: Kommo-o|40/245\n|\n|upkeep\n|turn|22\n|\n|t:|1781433096\n|move|p2a: Kommo-o|Iron Head|p1a: Slowbro\n|-damage|p1a: Slowbro|0 fnt\n|-damage|p2a: Kommo-o|0 fnt|[from] item: Rocky Helmet|[of] p1a: Slowbro\n|faint|p1a: Slowbro\n|faint|p2a: Kommo-o\n|\n|win|Gaaraks\n", "uploadtime": 1781432896, "views": 3, "formatid": "gen9randombattle", "rating": null, "private": 0, "password": null}