{"id": "gen9randombattle-2631841339", "format": "[Gen 9] Random Battle", "players": ["nextlevelcolors", "arno123"], "log": "|j|\u2606nextlevelcolors\n|j|\u2606arno123\n|t:|1781446913\n|gametype|singles\n|player|p1|nextlevelcolors|169|1930\n|player|p2|arno123|169|1912\n|gen|9\n|tier|[Gen 9] Random Battle\n|rated|\n|rule|Species Clause: Limit one of each Pok\u00e9mon\n|rule|HP Percentage Mod: HP is shown in percentages\n|rule|Sleep Clause Mod: Limit one foe put to sleep\n|rule|Illusion Level Mod: Illusion disguises the Pok\u00e9mon's true level\n|\n|t:|1781446913\n|teamsize|p1|6\n|teamsize|p2|6\n|start\n|switch|p1a: Mienshao|Mienshao, L83, M|244/244\n|switch|p2a: Dewgong|Dewgong, L94, M|322/322\n|turn|1\n|inactive|Battle timer is ON: inactive players will automatically lose when time's up. (requested by arno123)\n|\n|t:|1781446932\n|switch|p2a: Meowstic|Meowstic-F, L89, F|277/277\n|move|p1a: Mienshao|Swords Dance|p1a: Mienshao\n|-boost|p1a: Mienshao|atk|2\n|\n|upkeep\n|turn|2\n|\n|t:|1781446946\n|-terastallize|p1a: Mienshao|Dark\n|move|p2a: Meowstic|Alluring Voice|p1a: Mienshao\n|-supereffective|p1a: Mienshao\n|-damage|p1a: Mienshao|44/244\n|-damage|p2a: Meowstic|250/277|[from] item: Life Orb\n|move|p1a: Mienshao|Knock Off|p2a: Meowstic\n|-supereffective|p2a: Meowstic\n|-damage|p2a: Meowstic|0 fnt\n|-enditem|p2a: Meowstic|Life Orb|[from] move: Knock Off|[of] p1a: Mienshao\n|faint|p2a: Meowstic\n|-damage|p1a: Mienshao|20/244|[from] item: Life Orb\n|\n|upkeep\n|\n|t:|1781446956\n|switch|p2a: Rampardos|Rampardos, L90, F|321/321\n|turn|3\n|\n|t:|1781446965\n|switch|p1a: Houndstone|Houndstone, L86, F|264/264\n|move|p2a: Rampardos|Head Smash|p1a: Houndstone\n|-damage|p1a: Houndstone|141/264\n|-damage|p2a: Rampardos|259/321|[from] Recoil\n|\n|-heal|p1a: Houndstone|157/264|[from] item: Leftovers\n|upkeep\n|turn|4\n|\n|t:|1781446978\n|switch|p2a: Volcanion|Volcanion, L79|256/256\n|move|p1a: Houndstone|Body Press|p2a: Volcanion\n|-damage|p2a: Volcanion|209/256\n|\n|-heal|p1a: Houndstone|173/264|[from] item: Leftovers\n|upkeep\n|turn|5\n|\n|t:|1781446987\n|switch|p1a: Raikou|Raikou, L81|278/278\n|-ability|p1a: Raikou|Pressure\n|move|p2a: Volcanion|Flamethrower|p1a: Raikou\n|-damage|p1a: Raikou|182/278\n|\n|-heal|p1a: Raikou|199/278|[from] item: Leftovers\n|upkeep\n|turn|6\n|\n|t:|1781446992\n|switch|p2a: Umbreon|Umbreon, L84, M|297/297\n|move|p1a: Raikou|Thunderbolt|p2a: Umbreon\n|-damage|p2a: Umbreon|215/297\n|\n|-heal|p1a: Raikou|216/278|[from] item: Leftovers\n|-heal|p2a: Umbreon|233/297|[from] item: Leftovers\n|upkeep\n|turn|7\n|\n|t:|1781447004\n|switch|p1a: Houndstone|Houndstone, L86, F|173/264\n|move|p2a: Umbreon|Toxic|p1a: Houndstone\n|-status|p1a: Houndstone|tox\n|\n|-heal|p1a: Houndstone|189/264 tox|[from] item: Leftovers\n|-heal|p2a: Umbreon|251/297|[from] item: Leftovers\n|-damage|p1a: Houndstone|173/264 tox|[from] psn\n|upkeep\n|turn|8\n|\n|t:|1781447010\n|move|p2a: Umbreon|Protect|p2a: Umbreon\n|-singleturn|p2a: Umbreon|Protect\n|move|p1a: Houndstone|Rest|p1a: Houndstone\n|-status|p1a: Houndstone|slp|[from] move: Rest\n|-heal|p1a: Houndstone|264/264 slp|[silent]\n|\n|-heal|p2a: Umbreon|269/297|[from] item: Leftovers\n|upkeep\n|turn|9\n|\n|t:|1781447018\n|switch|p2a: Volcanion|Volcanion, L79|209/256\n|cant|p1a: Houndstone|slp\n|move|p1a: Houndstone|Sleep Talk|p1a: Houndstone\n|move|p1a: Houndstone|Rest||[from] move: Sleep Talk|[still]\n|-fail|p1a: Houndstone\n|\n|upkeep\n|turn|10\n|\n|t:|1781447030\n|switch|p1a: Raikou|Raikou, L81|216/278\n|-ability|p1a: Raikou|Pressure\n|move|p2a: Volcanion|Steam Eruption|p1a: Raikou\n|-damage|p1a: Raikou|93/278\n|-status|p1a: Raikou|brn\n|\n|-heal|p1a: Raikou|110/278 brn|[from] item: Leftovers\n|-damage|p1a: Raikou|93/278 brn|[from] brn\n|upkeep\n|turn|11\n|\n|t:|1781447042\n|switch|p2a: Umbreon|Umbreon, L84, M|269/297\n|move|p1a: Raikou|Thunderbolt|p2a: Umbreon\n|-damage|p2a: Umbreon|200/297\n|\n|-heal|p1a: Raikou|110/278 brn|[from] item: Leftovers\n|-heal|p2a: Umbreon|218/297|[from] item: Leftovers\n|-damage|p1a: Raikou|93/278 brn|[from] brn\n|upkeep\n|turn|12\n|\n|t:|1781447048\n|move|p1a: Raikou|Calm Mind|p1a: Raikou\n|-boost|p1a: Raikou|spa|1\n|-boost|p1a: Raikou|spd|1\n|move|p2a: Umbreon|Wish|p2a: Umbreon\n|\n|-heal|p1a: Raikou|110/278 brn|[from] item: Leftovers\n|-heal|p2a: Umbreon|236/297|[from] item: Leftovers\n|-damage|p1a: Raikou|93/278 brn|[from] brn\n|upkeep\n|turn|13\n|\n|t:|1781447052\n|move|p1a: Raikou|Thunderbolt||[still]\n|-damage|p2a: Umbreon|119/297\n|-status|p2a: Umbreon|par\n|-activate|p2a: Umbreon|ability: Synchronize\n|-fail|p2a: Umbreon\n|move|p2a: Umbreon|Foul Play|p1a: Raikou\n|-damage|p1a: Raikou|17/278 brn\n|\n|-heal|p2a: Umbreon|267/297 par|[from] move: Wish|[wisher] Umbreon\n|-heal|p1a: Raikou|34/278 brn|[from] item: Leftovers\n|-heal|p2a: Umbreon|285/297 par|[from] item: Leftovers\n|-damage|p1a: Raikou|17/278 brn|[from] brn\n|upkeep\n|turn|14\n|\n|t:|1781447060\n|move|p1a: Raikou|Thunderbolt|p2a: Umbreon\n|-damage|p2a: Umbreon|174/297 par\n|cant|p2a: Umbreon|par\n|\n|-heal|p1a: Raikou|34/278 brn|[from] item: Leftovers\n|-heal|p2a: Umbreon|192/297 par|[from] item: Leftovers\n|-damage|p1a: Raikou|17/278 brn|[from] brn\n|upkeep\n|turn|15\n|\n|t:|1781447063\n|move|p1a: Raikou|Thunderbolt|p2a: Umbreon\n|-damage|p2a: Umbreon|71/297 par\n|move|p2a: Umbreon|Wish|p2a: Umbreon\n|\n|-heal|p1a: Raikou|34/278 brn|[from] item: Leftovers\n|-heal|p2a: Umbreon|89/297 par|[from] item: Leftovers\n|-damage|p1a: Raikou|17/278 brn|[from] brn\n|upkeep\n|turn|16\n|\n|t:|1781447066\n|move|p2a: Umbreon|Protect|p2a: Umbreon\n|-singleturn|p2a: Umbreon|Protect\n|move|p1a: Raikou|Thunderbolt|p2a: Umbreon\n|-activate|p2a: Umbreon|move: Protect\n|\n|-heal|p2a: Umbreon|237/297 par|[from] move: Wish|[wisher] Umbreon\n|-heal|p1a: Raikou|34/278 brn|[from] item: Leftovers\n|-heal|p2a: Umbreon|255/297 par|[from] item: Leftovers\n|-damage|p1a: Raikou|17/278 brn|[from] brn\n|upkeep\n|turn|17\n|\n|t:|1781447068\n|move|p1a: Raikou|Thunderbolt|p2a: Umbreon\n|-damage|p2a: Umbreon|134/297 par\n|move|p2a: Umbreon|Foul Play|p1a: Raikou\n|-damage|p1a: Raikou|0 fnt\n|faint|p1a: Raikou\n|\n|-heal|p2a: Umbreon|152/297 par|[from] item: Leftovers\n|upkeep\n|\n|t:|1781447079\n|switch|p1a: Mienshao|Mienshao, L83, M, tera:Dark|101/244\n|turn|18\n|\n|t:|1781447091\n|move|p1a: Mienshao|Close Combat|p2a: Umbreon\n|-supereffective|p2a: Umbreon\n|-damage|p2a: Umbreon|0 fnt\n|-unboost|p1a: Mienshao|def|1\n|-unboost|p1a: Mienshao|spd|1\n|faint|p2a: Umbreon\n|-damage|p1a: Mienshao|77/244|[from] item: Life Orb\n|\n|upkeep\n|\n|t:|1781447096\n|switch|p2a: Rampardos|Rampardos, L90, F|259/321\n|turn|19\n|\n|t:|1781447102\n|switch|p1a: Houndstone|Houndstone, L86, F|264/264 slp\n|move|p2a: Rampardos|Fire Punch|p1a: Houndstone\n|-damage|p1a: Houndstone|147/264 slp\n|\n|-heal|p1a: Houndstone|163/264 slp|[from] item: Leftovers\n|upkeep\n|turn|20\n|\n|t:|1781447109\n|move|p2a: Rampardos|Fire Punch|p1a: Houndstone\n|-damage|p1a: Houndstone|60/264 slp\n|cant|p1a: Houndstone|slp\n|move|p1a: Houndstone|Sleep Talk|p1a: Houndstone\n|move|p1a: Houndstone|Body Press|p2a: Rampardos|[from] move: Sleep Talk\n|-supereffective|p2a: Rampardos\n|-damage|p2a: Rampardos|107/321\n|\n|-heal|p1a: Houndstone|76/264 slp|[from] item: Leftovers\n|upkeep\n|turn|21\n|\n|t:|1781447116\n|switch|p1a: Gouging Fire|Gouging Fire, L74|277/277\n|move|p2a: Rampardos|Fire Punch|p1a: Gouging Fire\n|-resisted|p1a: Gouging Fire\n|-damage|p1a: Gouging Fire|252/277\n|\n|upkeep\n|turn|22\n|\n|t:|1781447123\n|switch|p2a: Dewgong|Dewgong, L94, M|322/322\n|-end|p1a: Gouging Fire|Protosynthesis|[silent]\n|switch|p1a: Rotom|Rotom-Frost, L87|229/229\n|\n|upkeep\n|turn|23\n|\n|t:|1781447138\n|move|p1a: Rotom|Thunderbolt|p2a: Dewgong\n|-supereffective|p2a: Dewgong\n|-damage|p2a: Dewgong|136/322\n|move|p2a: Dewgong|Knock Off|p1a: Rotom\n|-damage|p1a: Rotom|172/229\n|-enditem|p1a: Rotom|Heavy-Duty Boots|[from] move: Knock Off|[of] p2a: Dewgong\n|\n|upkeep\n|turn|24\n|\n|t:|1781447145\n|move|p1a: Rotom|Thunderbolt|p2a: Dewgong\n|-supereffective|p2a: Dewgong\n|-damage|p2a: Dewgong|0 fnt\n|faint|p2a: Dewgong\n|\n|upkeep\n|\n|t:|1781447153\n|switch|p2a: Rampardos|Rampardos, L90, F|107/321\n|turn|25\n|\n|t:|1781447165\n|switch|p1a: Houndstone|Houndstone, L86, F|76/264 slp\n|move|p2a: Rampardos|Head Smash|p1a: Houndstone\n|-damage|p1a: Houndstone|0 fnt\n|faint|p1a: Houndstone\n|-damage|p2a: Rampardos|69/321|[from] Recoil\n|\n|upkeep\n|\n|t:|1781447173\n|switch|p1a: Giratina|Giratina-Origin, L72|335/335\n|turn|26\n|\n|t:|1781447179\n|switch|p2a: Hitmonchan|Hitmonchan, L87, M|229/229\n|move|p1a: Giratina|Poltergeist|p2a: Hitmonchan\n|-activate|p2a: Hitmonchan|move: Poltergeist|Leftovers\n|-damage|p2a: Hitmonchan|106/229\n|\n|-heal|p2a: Hitmonchan|120/229|[from] item: Leftovers\n|upkeep\n|turn|27\n|\n|t:|1781447195\n|move|p2a: Hitmonchan|Knock Off|p1a: Giratina\n|-supereffective|p1a: Giratina\n|-damage|p1a: Giratina|221/335\n|move|p1a: Giratina|Poltergeist|p2a: Hitmonchan\n|-activate|p2a: Hitmonchan|move: Poltergeist|Leftovers\n|-damage|p2a: Hitmonchan|0 fnt\n|faint|p2a: Hitmonchan\n|\n|upkeep\n|\n|t:|1781447202\n|switch|p2a: Rampardos|Rampardos, L90, F|69/321\n|turn|28\n|\n|t:|1781447209\n|move|p2a: Rampardos|Head Smash|p1a: Giratina\n|-damage|p1a: Giratina|0 fnt\n|faint|p1a: Giratina\n|-damage|p2a: Rampardos|0 fnt|[from] Recoil\n|faint|p2a: Rampardos\n|\n|upkeep\n|\n|t:|1781447220\n|switch|p1a: Gouging Fire|Gouging Fire, L74|252/277\n|switch|p2a: Volcanion|Volcanion, L79|209/256\n|turn|29\n|-message|arno123 forfeited.\n|\n|win|nextlevelcolors\n", "uploadtime": 1781446916, "views": 5, "formatid": "gen9randombattle", "rating": null, "private": 0, "password": null}