{"id": "gen9randombattle-2631760942", "format": "[Gen 9] Random Battle", "players": ["EduArdo1516", "ChadInteleonUser"], "log": "|j|\u2606EduArdo1516\n|j|\u2606ChadInteleonUser\n|t:|1781435400\n|gametype|singles\n|player|p1|EduArdo1516|169|2038\n|player|p2|ChadInteleonUser|wallace|2115\n|gen|9\n|tier|[Gen 9] Random Battle\n|rated|\n|rule|Species Clause: Limit one of each Pok\u00e9mon\n|rule|HP Percentage Mod: HP is shown in percentages\n|rule|Sleep Clause Mod: Limit one foe put to sleep\n|rule|Illusion Level Mod: Illusion disguises the Pok\u00e9mon's true level\n|\n|t:|1781435400\n|teamsize|p1|6\n|teamsize|p2|6\n|start\n|switch|p1a: Espeon|Espeon, L84, F|246/246\n|switch|p2a: Pikachu|Pikachu-Hoenn, L93, F|216/216\n|turn|1\n|inactive|Battle timer is ON: inactive players will automatically lose when time's up. (requested by ChadInteleonUser)\n|inactive|EduArdo1516 also wants the timer to be on.\n|\n|t:|1781435413\n|switch|p2a: Empoleon|Empoleon, L84, M|278/278\n|move|p1a: Espeon|Psychic|p2a: Empoleon\n|-resisted|p2a: Empoleon\n|-damage|p2a: Empoleon|208/278\n|-damage|p1a: Espeon|222/246|[from] item: Life Orb\n|\n|-heal|p2a: Empoleon|225/278|[from] item: Leftovers\n|upkeep\n|turn|2\n|inactive|EduArdo1516 has 120 seconds left.\n|\n|t:|1781435447\n|switch|p1a: Rillaboom|Rillaboom, L79, M|288/288\n|-fieldstart|move: Grassy Terrain|[from] ability: Grassy Surge|[of] p1a: Rillaboom\n|move|p2a: Empoleon|Surf|p1a: Rillaboom\n|-resisted|p1a: Rillaboom\n|-damage|p1a: Rillaboom|223/288\n|\n|-heal|p1a: Rillaboom|241/288|[from] Grassy Terrain\n|-heal|p2a: Empoleon|242/278|[from] Grassy Terrain\n|-heal|p2a: Empoleon|259/278|[from] item: Leftovers\n|upkeep\n|turn|3\n|\n|t:|1781435462\n|switch|p2a: Ogerpon|Ogerpon-Hearthflame, L74, F|239/239\n|-ability|p2a: Ogerpon|Mold Breaker\n|move|p1a: Rillaboom|Wood Hammer|p2a: Ogerpon\n|-resisted|p2a: Ogerpon\n|-damage|p2a: Ogerpon|165/239\n|-damage|p1a: Rillaboom|217/288|[from] Recoil\n|\n|-heal|p2a: Ogerpon|179/239|[from] Grassy Terrain\n|-heal|p1a: Rillaboom|235/288|[from] Grassy Terrain\n|upkeep\n|turn|4\n|\n|t:|1781435473\n|switch|p1a: Ceruledge|Ceruledge, L78, F|245/245\n|move|p2a: Ogerpon|Knock Off|p1a: Ceruledge\n|-supereffective|p1a: Ceruledge\n|-damage|p1a: Ceruledge|55/245\n|-ability|p1a: Ceruledge|Weak Armor|boost\n|-unboost|p1a: Ceruledge|def|1\n|-boost|p1a: Ceruledge|spe|2\n|-enditem|p1a: Ceruledge|Heavy-Duty Boots|[from] move: Knock Off|[of] p2a: Ogerpon\n|\n|-heal|p1a: Ceruledge|70/245|[from] Grassy Terrain\n|-heal|p2a: Ogerpon|193/239|[from] Grassy Terrain\n|upkeep\n|turn|5\n|\n|t:|1781435483\n|move|p1a: Ceruledge|Poltergeist|p2a: Ogerpon\n|-activate|p2a: Ogerpon|move: Poltergeist|Hearthflame Mask\n|-damage|p2a: Ogerpon|51/239\n|move|p2a: Ogerpon|Knock Off|p1a: Ceruledge\n|-supereffective|p1a: Ceruledge\n|-damage|p1a: Ceruledge|0 fnt\n|faint|p1a: Ceruledge\n|\n|-heal|p2a: Ogerpon|65/239|[from] Grassy Terrain\n|upkeep\n|\n|t:|1781435495\n|switch|p1a: Froslass|Froslass, L87, F|263/263\n|turn|6\n|\n|t:|1781435504\n|switch|p2a: Dudunsparce|Dudunsparce, L83, M|343/343\n|move|p1a: Froslass|Poltergeist|p2a: Dudunsparce\n|-immune|p2a: Dudunsparce\n|\n|-fieldend|move: Grassy Terrain\n|upkeep\n|turn|7\n|\n|t:|1781435514\n|switch|p2a: Empoleon|Empoleon, L84, M|259/278\n|move|p1a: Froslass|Triple Axel|p2a: Empoleon\n|-resisted|p2a: Empoleon\n|-damage|p2a: Empoleon|255/278\n|-resisted|p2a: Empoleon\n|-crit|p2a: Empoleon\n|-damage|p2a: Empoleon|241/278\n|-resisted|p2a: Empoleon\n|-damage|p2a: Empoleon|228/278\n|-hitcount|p2a: Empoleon|3\n|\n|-heal|p2a: Empoleon|245/278|[from] item: Leftovers\n|upkeep\n|turn|8\n|\n|t:|1781435523\n|move|p1a: Froslass|Poltergeist|p2a: Empoleon\n|-activate|p2a: Empoleon|move: Poltergeist|Leftovers\n|-damage|p2a: Empoleon|136/278\n|move|p2a: Empoleon|Stealth Rock|p1a: Froslass\n|-sidestart|p1: EduArdo1516|move: Stealth Rock\n|\n|-heal|p2a: Empoleon|153/278|[from] item: Leftovers\n|upkeep\n|turn|9\n|\n|t:|1781435529\n|switch|p2a: Dudunsparce|Dudunsparce, L83, M|343/343\n|move|p1a: Froslass|Poltergeist|p2a: Dudunsparce\n|-immune|p2a: Dudunsparce\n|\n|upkeep\n|turn|10\n|\n|t:|1781435536\n|move|p1a: Froslass|Triple Axel|p2a: Dudunsparce\n|-damage|p2a: Dudunsparce|322/343\n|-damage|p2a: Dudunsparce|274/343\n|-damage|p2a: Dudunsparce|207/343\n|-hitcount|p2a: Dudunsparce|3\n|move|p2a: Dudunsparce|Calm Mind|p2a: Dudunsparce\n|-boost|p2a: Dudunsparce|spa|1\n|-boost|p2a: Dudunsparce|spd|1\n|\n|-heal|p2a: Dudunsparce|228/343|[from] item: Leftovers\n|upkeep\n|turn|11\n|\n|t:|1781435547\n|move|p1a: Froslass|Will-O-Wisp|p2a: Dudunsparce\n|-status|p2a: Dudunsparce|brn\n|move|p2a: Dudunsparce|Roost|p2a: Dudunsparce\n|-heal|p2a: Dudunsparce|343/343 brn\n|-singleturn|p2a: Dudunsparce|move: Roost\n|\n|-damage|p2a: Dudunsparce|322/343 brn|[from] brn\n|upkeep\n|turn|12\n|\n|t:|1781435552\n|move|p1a: Froslass|Triple Axel|p2a: Dudunsparce\n|-damage|p2a: Dudunsparce|301/343 brn\n|-damage|p2a: Dudunsparce|259/343 brn\n|-damage|p2a: Dudunsparce|193/343 brn\n|-hitcount|p2a: Dudunsparce|3\n|move|p2a: Dudunsparce|Shadow Ball|p1a: Froslass\n|-supereffective|p1a: Froslass\n|-damage|p1a: Froslass|79/263\n|\n|-heal|p2a: Dudunsparce|214/343 brn|[from] item: Leftovers\n|-damage|p2a: Dudunsparce|193/343 brn|[from] brn\n|upkeep\n|turn|13\n|\n|t:|1781435563\n|move|p1a: Froslass|Triple Axel|p2a: Dudunsparce\n|-crit|p2a: Dudunsparce\n|-damage|p2a: Dudunsparce|159/343 brn\n|-damage|p2a: Dudunsparce|113/343 brn\n|-damage|p2a: Dudunsparce|53/343 brn\n|-hitcount|p2a: Dudunsparce|3\n|move|p2a: Dudunsparce|Roost|p2a: Dudunsparce\n|-heal|p2a: Dudunsparce|225/343 brn\n|-singleturn|p2a: Dudunsparce|move: Roost\n|\n|-heal|p2a: Dudunsparce|246/343 brn|[from] item: Leftovers\n|-damage|p2a: Dudunsparce|225/343 brn|[from] brn\n|upkeep\n|turn|14\n|\n|t:|1781435571\n|move|p1a: Froslass|Triple Axel|p2a: Dudunsparce\n|-damage|p2a: Dudunsparce|203/343 brn\n|-damage|p2a: Dudunsparce|155/343 brn\n|-damage|p2a: Dudunsparce|89/343 brn\n|-hitcount|p2a: Dudunsparce|3\n|move|p2a: Dudunsparce|Roost|p2a: Dudunsparce\n|-heal|p2a: Dudunsparce|261/343 brn\n|-singleturn|p2a: Dudunsparce|move: Roost\n|\n|-heal|p2a: Dudunsparce|282/343 brn|[from] item: Leftovers\n|-damage|p2a: Dudunsparce|261/343 brn|[from] brn\n|upkeep\n|turn|15\n|\n|t:|1781435579\n|move|p1a: Froslass|Triple Axel|p2a: Dudunsparce\n|-damage|p2a: Dudunsparce|236/343 brn\n|-damage|p2a: Dudunsparce|191/343 brn\n|-damage|p2a: Dudunsparce|122/343 brn\n|-hitcount|p2a: Dudunsparce|3\n|move|p2a: Dudunsparce|Calm Mind|p2a: Dudunsparce\n|-boost|p2a: Dudunsparce|spa|1\n|-boost|p2a: Dudunsparce|spd|1\n|\n|-heal|p2a: Dudunsparce|143/343 brn|[from] item: Leftovers\n|-damage|p2a: Dudunsparce|122/343 brn|[from] brn\n|upkeep\n|turn|16\n|\n|t:|1781435584\n|move|p1a: Froslass|Triple Axel|p2a: Dudunsparce\n|-damage|p2a: Dudunsparce|98/343 brn\n|-damage|p2a: Dudunsparce|52/343 brn\n|-damage|p2a: Dudunsparce|0 fnt\n|faint|p2a: Dudunsparce\n|-hitcount|p2: Dudunsparce|3\n|\n|upkeep\n|\n|t:|1781435596\n|switch|p2a: Indeedee|Indeedee, L84, M|238/238\n|-fieldstart|move: Psychic Terrain|[from] ability: Psychic Surge|[of] p2a: Indeedee\n|turn|17\n|\n|t:|1781435603\n|switch|p1a: Mabosstiff|Mabosstiff, L86, M|278/278\n|-damage|p1a: Mabosstiff|244/278|[from] Stealth Rock\n|move|p2a: Indeedee|Expanding Force|p1a: Mabosstiff\n|-immune|p1a: Mabosstiff\n|\n|upkeep\n|turn|18\n|\n|t:|1781435611\n|move|p2a: Indeedee|Expanding Force|p1a: Mabosstiff\n|-immune|p1a: Mabosstiff\n|move|p1a: Mabosstiff|Crunch|p2a: Indeedee\n|-supereffective|p2a: Indeedee\n|-damage|p2a: Indeedee|0 fnt\n|faint|p2a: Indeedee\n|\n|upkeep\n|\n|t:|1781435623\n|switch|p2a: Pikachu|Pikachu-Hoenn, L93, F|216/216\n|turn|19\n|\n|t:|1781435627\n|move|p2a: Pikachu|Play Rough|p1a: Mabosstiff\n|-supereffective|p1a: Mabosstiff\n|-damage|p1a: Mabosstiff|60/278\n|move|p1a: Mabosstiff|Crunch|p2a: Pikachu\n|-damage|p2a: Pikachu|0 fnt\n|faint|p2a: Pikachu\n|\n|upkeep\n|\n|t:|1781435630\n|switch|p2a: Ogerpon|Ogerpon-Hearthflame, L74, F|65/239\n|-ability|p2a: Ogerpon|Mold Breaker\n|turn|20\n|\n|t:|1781435635\n|move|p2a: Ogerpon|Ivy Cudgel|p1a: Mabosstiff|[anim] Ivy Cudgel Fire\n|-damage|p1a: Mabosstiff|0 fnt\n|faint|p1a: Mabosstiff\n|\n|upkeep\n|\n|t:|1781435646\n|switch|p1a: Froslass|Froslass, L87, F|79/263\n|-damage|p1a: Froslass|14/263|[from] Stealth Rock\n|turn|21\n|\n|t:|1781435656\n|move|p1a: Froslass|Poltergeist|p2a: Ogerpon\n|-activate|p2a: Ogerpon|move: Poltergeist|Hearthflame Mask\n|-damage|p2a: Ogerpon|0 fnt\n|faint|p2a: Ogerpon\n|\n|-fieldend|move: Psychic Terrain\n|upkeep\n|\n|t:|1781435658\n|switch|p2a: Empoleon|Empoleon, L84, M|153/278\n|turn|22\n|\n|t:|1781435661\n|move|p1a: Froslass|Poltergeist|p2a: Empoleon\n|-activate|p2a: Empoleon|move: Poltergeist|Leftovers\n|-damage|p2a: Empoleon|38/278\n|move|p2a: Empoleon|Roost|p2a: Empoleon\n|-heal|p2a: Empoleon|177/278\n|-singleturn|p2a: Empoleon|move: Roost\n|\n|-heal|p2a: Empoleon|194/278|[from] item: Leftovers\n|upkeep\n|turn|23\n|\n|t:|1781435667\n|move|p1a: Froslass|Poltergeist|p2a: Empoleon\n|-activate|p2a: Empoleon|move: Poltergeist|Leftovers\n|-damage|p2a: Empoleon|85/278\n|move|p2a: Empoleon|Roost|p2a: Empoleon\n|-heal|p2a: Empoleon|224/278\n|-singleturn|p2a: Empoleon|move: Roost\n|\n|-heal|p2a: Empoleon|241/278|[from] item: Leftovers\n|upkeep\n|turn|24\n|\n|t:|1781435673\n|move|p1a: Froslass|Poltergeist|p2a: Empoleon\n|-activate|p2a: Empoleon|move: Poltergeist|Leftovers\n|-damage|p2a: Empoleon|136/278\n|move|p2a: Empoleon|Ice Beam|p1a: Froslass\n|-resisted|p1a: Froslass\n|-damage|p1a: Froslass|0 fnt\n|faint|p1a: Froslass\n|\n|-heal|p2a: Empoleon|153/278|[from] item: Leftovers\n|upkeep\n|\n|t:|1781435685\n|switch|p1a: Slaking|Slaking, L84, F|389/389\n|-damage|p1a: Slaking|341/389|[from] Stealth Rock\n|turn|25\n|\n|t:|1781435694\n|switch|p1a: Rillaboom|Rillaboom, L79, M|235/288\n|-damage|p1a: Rillaboom|199/288|[from] Stealth Rock\n|-fieldstart|move: Grassy Terrain|[from] ability: Grassy Surge|[of] p1a: Rillaboom\n|move|p2a: Empoleon|Surf|p1a: Rillaboom\n|-resisted|p1a: Rillaboom\n|-damage|p1a: Rillaboom|127/288\n|\n|-heal|p1a: Rillaboom|145/288|[from] Grassy Terrain\n|-heal|p2a: Empoleon|170/278|[from] Grassy Terrain\n|-heal|p2a: Empoleon|187/278|[from] item: Leftovers\n|upkeep\n|turn|26\n|\n|t:|1781435704\n|move|p1a: Rillaboom|Wood Hammer|p2a: Empoleon\n|-crit|p2a: Empoleon\n|-damage|p2a: Empoleon|0 fnt\n|faint|p2a: Empoleon\n|-damage|p1a: Rillaboom|83/288|[from] Recoil\n|\n|-heal|p1a: Rillaboom|101/288|[from] Grassy Terrain\n|upkeep\n|\n|t:|1781435706\n|switch|p2a: Necrozma|Necrozma-Dusk-Mane, L69|248/248\n|turn|27\n|\n|t:|1781435714\n|move|p1a: Rillaboom|Wood Hammer|p2a: Necrozma\n|-resisted|p2a: Necrozma\n|-damage|p2a: Necrozma|122/248\n|-damage|p1a: Rillaboom|59/288|[from] Recoil\n|move|p2a: Necrozma|Dragon Dance|p2a: Necrozma\n|-boost|p2a: Necrozma|atk|1\n|-boost|p2a: Necrozma|spe|1\n|\n|-heal|p2a: Necrozma|137/248|[from] Grassy Terrain\n|-heal|p1a: Rillaboom|77/288|[from] Grassy Terrain\n|upkeep\n|turn|28\n|\n|t:|1781435720\n|move|p2a: Necrozma|Dragon Dance|p2a: Necrozma\n|-boost|p2a: Necrozma|atk|1\n|-boost|p2a: Necrozma|spe|1\n|move|p1a: Rillaboom|Wood Hammer|p2a: Necrozma\n|-resisted|p2a: Necrozma\n|-damage|p2a: Necrozma|21/248\n|-damage|p1a: Rillaboom|39/288|[from] Recoil\n|\n|-heal|p2a: Necrozma|36/248|[from] Grassy Terrain\n|-heal|p1a: Rillaboom|57/288|[from] Grassy Terrain\n|upkeep\n|turn|29\n|\n|t:|1781435723\n|move|p2a: Necrozma|Morning Sun|p2a: Necrozma\n|-heal|p2a: Necrozma|160/248\n|move|p1a: Rillaboom|Wood Hammer|p2a: Necrozma\n|-resisted|p2a: Necrozma\n|-damage|p2a: Necrozma|34/248\n|-damage|p1a: Rillaboom|15/288|[from] Recoil\n|\n|-heal|p2a: Necrozma|49/248|[from] Grassy Terrain\n|-heal|p1a: Rillaboom|33/288|[from] Grassy Terrain\n|-fieldend|move: Grassy Terrain\n|upkeep\n|turn|30\n|\n|t:|1781435732\n|switch|p1a: Espeon|Espeon, L84, F|222/246\n|-damage|p1a: Espeon|192/246|[from] Stealth Rock\n|move|p2a: Necrozma|Morning Sun|p2a: Necrozma\n|-heal|p2a: Necrozma|173/248\n|\n|upkeep\n|turn|31\n|\n|t:|1781435738\n|move|p2a: Necrozma|Sunsteel Strike|p1a: Espeon\n|-damage|p1a: Espeon|0 fnt\n|faint|p1a: Espeon\n|\n|upkeep\n|\n|t:|1781435743\n|switch|p1a: Slaking|Slaking, L84, F|341/389\n|-damage|p1a: Slaking|293/389|[from] Stealth Rock\n|turn|32\n|\n|t:|1781435767\n|move|p1a: Slaking|Double-Edge|p2a: Necrozma\n|-resisted|p2a: Necrozma\n|-damage|p2a: Necrozma|85/248\n|-damage|p1a: Slaking|264/389|[from] Recoil\n|move|p2a: Necrozma|Morning Sun|p2a: Necrozma\n|-heal|p2a: Necrozma|209/248\n|\n|upkeep\n|turn|33\n|\n|t:|1781435774\n|cant|p1a: Slaking|ability: Truant\n|move|p2a: Necrozma|Dragon Dance|p2a: Necrozma\n|-boost|p2a: Necrozma|atk|1\n|-boost|p2a: Necrozma|spe|1\n|\n|upkeep\n|turn|34\n|\n|t:|1781435785\n|switch|p1a: Rillaboom|Rillaboom, L79, M|33/288\n|-damage|p1a: Rillaboom|0 fnt|[from] Stealth Rock\n|faint|p1a: Rillaboom\n|move|p2a: Necrozma|Sunsteel Strike|p1: Rillaboom|[notarget]\n|-fail|p2a: Necrozma\n|\n|upkeep\n|\n|t:|1781435790\n|switch|p1a: Slaking|Slaking, L84, F|264/389\n|-damage|p1a: Slaking|216/389|[from] Stealth Rock\n|turn|35\n|\n|t:|1781435799\n|-terastallize|p1a: Slaking|Normal\n|move|p2a: Necrozma|Sunsteel Strike|p1a: Slaking\n|-damage|p1a: Slaking|0 fnt\n|faint|p1a: Slaking\n|\n|win|ChadInteleonUser\n", "uploadtime": 1781435402, "views": 3, "formatid": "gen9randombattle", "rating": null, "private": 0, "password": null}