{"id": "gen9randombattle-2631766298", "format": "[Gen 9] Random Battle", "players": ["Rheny", "Etjx"], "log": "|j|\u2606Rheny\n|j|\u2606Etjx@!\n|t:|1781436300\n|gametype|singles\n|player|p1|Rheny|miku-ghost|1949\n|player|p2|Etjx|policeman-gen4|2133\n|gen|9\n|tier|[Gen 9] Random Battle\n|rated|\n|rule|Species Clause: Limit one of each Pok\u00e9mon\n|rule|HP Percentage Mod: HP is shown in percentages\n|rule|Sleep Clause Mod: Limit one foe put to sleep\n|rule|Illusion Level Mod: Illusion disguises the Pok\u00e9mon's true level\n|\n|t:|1781436300\n|teamsize|p1|6\n|teamsize|p2|6\n|start\n|switch|p1a: Golurk|Golurk, L87|297/297\n|switch|p2a: Minior|Minior, L79|224/224\n|-formechange|p2a: Minior|Minior-Meteor||[from] ability: Shields Down\n|turn|1\n|inactive|Battle timer is ON: inactive players will automatically lose when time's up. (requested by Etjx)\n|\n|t:|1781436311\n|switch|p2a: Goodra|Goodra-Hisui, L82, F|265/265\n|move|p1a: Golurk|Poltergeist|p2a: Goodra\n|-activate|p2a: Goodra|move: Poltergeist|Assault Vest\n|-damage|p2a: Goodra|63/265\n|\n|upkeep\n|turn|2\n|\n|t:|1781436325\n|switch|p1a: Tsareena|Tsareena, L87, F|267/267\n|move|p2a: Goodra|Hydro Pump|p1a: Tsareena\n|-resisted|p1a: Tsareena\n|-damage|p1a: Tsareena|242/267\n|\n|upkeep\n|turn|3\n|\n|t:|1781436332\n|move|p1a: Tsareena|Rapid Spin|p2a: Goodra\n|-resisted|p2a: Goodra\n|-damage|p2a: Goodra|44/265\n|-boost|p1a: Tsareena|spe|1\n|move|p2a: Goodra|Knock Off|p1a: Tsareena\n|-damage|p1a: Tsareena|179/267\n|-enditem|p1a: Tsareena|Assault Vest|[from] move: Knock Off|[of] p2a: Goodra\n|\n|upkeep\n|turn|4\n|\n|t:|1781436341\n|move|p1a: Tsareena|High Jump Kick|p2a: Goodra|[miss]\n|-miss|p1a: Tsareena|p2a: Goodra\n|-damage|p1a: Tsareena|46/267|[from] highjumpkick\n|move|p2a: Goodra|Heavy Slam|p1a: Tsareena\n|-damage|p1a: Tsareena|0 fnt\n|faint|p1a: Tsareena\n|\n|upkeep\n|c|\u2606Rheny|HAHA\n|\n|t:|1781436347\n|switch|p1a: Great Tusk|Great Tusk, L77|304/304\n|turn|5\n|\n|t:|1781436353\n|move|p1a: Great Tusk|Earthquake|p2a: Goodra\n|-supereffective|p2a: Goodra\n|-damage|p2a: Goodra|0 fnt\n|faint|p2a: Goodra\n|\n|upkeep\n|c|\u2606Rheny|gotta be fxcking kidding me\n|\n|t:|1781436361\n|switch|p2a: Flutter Mane|Flutter Mane, L74|203/203\n|turn|6\n|\n|t:|1781436371\n|-terastallize|p1a: Great Tusk|Ground\n|move|p2a: Flutter Mane|Moonblast|p1a: Great Tusk\n|-damage|p1a: Great Tusk|93/304\n|-damage|p2a: Flutter Mane|183/203|[from] item: Life Orb\n|move|p1a: Great Tusk|Earthquake|p2a: Flutter Mane\n|-damage|p2a: Flutter Mane|0 fnt\n|faint|p2a: Flutter Mane\n|-end|p2a: Flutter Mane|Protosynthesis|[silent]\n|\n|-heal|p1a: Great Tusk|112/304|[from] item: Leftovers\n|upkeep\n|\n|t:|1781436388\n|switch|p2a: Ninetales|Ninetales, L85, F|263/263\n|-weather|SunnyDay|[from] ability: Drought|[of] p2a: Ninetales\n|-activate|p1a: Great Tusk|ability: Protosynthesis\n|-start|p1a: Great Tusk|protosynthesisatk\n|turn|7\n|\n|t:|1781436394\n|-end|p1a: Great Tusk|Protosynthesis|[silent]\n|switch|p1a: Ampharos|Ampharos, L88, M|302/302\n|move|p2a: Ninetales|Solar Beam||[still]\n|-prepare|p2a: Ninetales|Solar Beam\n|-anim|p2a: Ninetales|Solar Beam|p1a: Ampharos\n|-damage|p1a: Ampharos|254/302\n|\n|-weather|SunnyDay|[upkeep]\n|upkeep\n|turn|8\n|\n|t:|1781436399\n|move|p2a: Ninetales|Nasty Plot|p2a: Ninetales\n|-boost|p2a: Ninetales|spa|2\n|move|p1a: Ampharos|Discharge|p2a: Ninetales\n|-damage|p2a: Ninetales|169/263\n|\n|-weather|SunnyDay|[upkeep]\n|upkeep\n|turn|9\n|\n|t:|1781436413\n|switch|p1a: Volbeat|Volbeat, L90, M|263/263\n|-terastallize|p2a: Ninetales|Fire\n|move|p2a: Ninetales|Fire Blast|p1a: Volbeat\n|-supereffective|p1a: Volbeat\n|-damage|p1a: Volbeat|0 fnt\n|faint|p1a: Volbeat\n|\n|-weather|SunnyDay|[upkeep]\n|upkeep\n|\n|t:|1781436425\n|switch|p1a: Ampharos|Ampharos, L88, M|254/302\n|turn|10\n|\n|t:|1781436427\n|move|p2a: Ninetales|Fire Blast|p1a: Ampharos\n|-damage|p1a: Ampharos|0 fnt\n|faint|p1a: Ampharos\n|\n|-weather|SunnyDay|[upkeep]\n|upkeep\n|\n|t:|1781436435\n|switch|p1a: Great Tusk|Great Tusk, L77, tera:Ground|112/304\n|-activate|p1a: Great Tusk|ability: Protosynthesis\n|-start|p1a: Great Tusk|protosynthesisatk\n|turn|11\n|\n|t:|1781436438\n|move|p2a: Ninetales|Solar Beam||[still]\n|-prepare|p2a: Ninetales|Solar Beam\n|-anim|p2a: Ninetales|Solar Beam|p1a: Great Tusk\n|-supereffective|p1a: Great Tusk\n|-damage|p1a: Great Tusk|0 fnt\n|faint|p1a: Great Tusk\n|-end|p1a: Great Tusk|Protosynthesis|[silent]\n|\n|-weather|none\n|upkeep\n|\n|t:|1781436441\n|switch|p1a: Calyrex|Calyrex-Ice, L72|263/263\n|-ability|p1a: Calyrex|As One\n|-ability|p1a: Calyrex|Unnerve\n|turn|12\n|\n|t:|1781436445\n|move|p2a: Ninetales|Fire Blast|p1a: Calyrex\n|-supereffective|p1a: Calyrex\n|-damage|p1a: Calyrex|0 fnt\n|faint|p1a: Calyrex\n|\n|upkeep\n|c|\u2606Rheny|nice\n|c|\u2606Rheny|nice nice nice\n|c|\u2606Etjx|:3\n|c|\u2606Rheny|i miss hjk but ur just unstoppable i guess with fire blasts\n|\n|t:|1781436463\n|switch|p1a: Golurk|Golurk, L87|297/297\n|turn|13\n|\n|t:|1781436469\n|move|p2a: Ninetales|Scorching Sands|p1a: Golurk\n|-damage|p1a: Golurk|198/297\n|move|p1a: Golurk|Poltergeist|p2a: Ninetales\n|-activate|p2a: Ninetales|move: Poltergeist|Heavy-Duty Boots\n|-damage|p2a: Ninetales|0 fnt\n|faint|p2a: Ninetales\n|\n|upkeep\n|\n|t:|1781436474\n|switch|p2a: Exeggutor|Exeggutor, L89, M|312/312\n|turn|14\n|\n|t:|1781436477\n|move|p2a: Exeggutor|Psychic|p1a: Golurk\n|-damage|p1a: Golurk|57/297\n|move|p1a: Golurk|Poltergeist|p2a: Exeggutor\n|-activate|p2a: Exeggutor|move: Poltergeist|Sitrus Berry\n|-supereffective|p2a: Exeggutor\n|-damage|p2a: Exeggutor|0 fnt\n|faint|p2a: Exeggutor\n|\n|upkeep\n|\n|t:|1781436479\n|switch|p2a: Koraidon|Koraidon, L64|235/235\n|-weather|SunnyDay|[from] ability: Orichalcum Pulse|[of] p2a: Koraidon\n|-activate|p2a: Koraidon|Orichalcum Pulse|[source]\n|turn|15\n|\n|t:|1781436481\n|move|p2a: Koraidon|Flare Blitz|p1a: Golurk\n|-damage|p1a: Golurk|0 fnt\n|faint|p1a: Golurk\n|-damage|p2a: Koraidon|216/235|[from] Recoil\n|\n|win|Etjx\n", "uploadtime": 1781436301, "views": 4, "formatid": "gen9randombattle", "rating": null, "private": 0, "password": null}