{"id": "gen9randombattle-2631417094", "format": "[Gen 9] Random Battle", "players": ["good pork", "makkereel"], "log": "|j|\u2606good pork\n|j|\u2606makkereel\n|t:|1781382111\n|gametype|singles\n|player|p1|good pork|266|2138\n|player|p2|makkereel|1|2171\n|gen|9\n|tier|[Gen 9] Random Battle\n|rated|\n|rule|Species Clause: Limit one of each Pok\u00e9mon\n|rule|HP Percentage Mod: HP is shown in percentages\n|rule|Sleep Clause Mod: Limit one foe put to sleep\n|rule|Illusion Level Mod: Illusion disguises the Pok\u00e9mon's true level\n|\n|t:|1781382111\n|teamsize|p1|6\n|teamsize|p2|6\n|start\n|switch|p1a: Inteleon|Inteleon, L81, F|246/246\n|switch|p2a: Oricorio|Oricorio, L84, F|263/263\n|turn|1\n|inactive|Battle timer is ON: inactive players will automatically lose when time's up. (requested by makkereel)\n|\n|t:|1781382133\n|switch|p2a: Palkia|Palkia-Origin, L72|249/249\n|-ability|p2a: Palkia|Pressure\n|move|p1a: Inteleon|Scald|p2a: Palkia\n|-resisted|p2a: Palkia\n|-damage|p2a: Palkia|214/249\n|\n|upkeep\n|turn|2\n|\n|t:|1781382145\n|switch|p1a: Lurantis|Lurantis, L87, F|264/264\n|move|p2a: Palkia|Thunder Wave|p1a: Lurantis\n|-status|p1a: Lurantis|par\n|\n|upkeep\n|turn|3\n|\n|t:|1781382166\n|move|p2a: Palkia|Fire Blast|p1a: Lurantis\n|-supereffective|p1a: Lurantis\n|-damage|p1a: Lurantis|150/264 par\n|move|p1a: Lurantis|Knock Off|p2a: Palkia\n|-damage|p2a: Palkia|163/249\n|\n|upkeep\n|turn|4\n|\n|t:|1781382179\n|switch|p2a: Oricorio|Oricorio, L84, F|263/263\n|move|p1a: Lurantis|Leaf Storm|p2a: Oricorio\n|-resisted|p2a: Oricorio\n|-damage|p2a: Oricorio|229/263\n|-boost|p1a: Lurantis|spa|2\n|\n|upkeep\n|turn|5\n|\n|t:|1781382185\n|switch|p1a: Flygon|Flygon, L82, F|265/265\n|move|p2a: Oricorio|Revelation Dance|p1a: Flygon\n|-resisted|p1a: Flygon\n|-damage|p1a: Flygon|211/265\n|\n|upkeep\n|turn|6\n|\n|t:|1781382191\n|switch|p2a: Sinistcha|Sinistcha-Masterpiece, L83|254/254\n|move|p1a: Flygon|Stone Edge|p2a: Sinistcha\n|-damage|p2a: Sinistcha|191/254\n|\n|-heal|p2a: Sinistcha|206/254|[from] item: Leftovers\n|upkeep\n|turn|7\n|\n|t:|1781382197\n|switch|p1a: Lurantis|Lurantis, L87, F|150/264 par\n|move|p2a: Sinistcha|Shadow Ball|p1a: Lurantis\n|-damage|p1a: Lurantis|86/264 par\n|\n|-heal|p2a: Sinistcha|221/254|[from] item: Leftovers\n|upkeep\n|turn|8\n|\n|t:|1781382203\n|switch|p2a: Palkia|Palkia-Origin, L72|163/249\n|-ability|p2a: Palkia|Pressure\n|move|p1a: Lurantis|Knock Off|p2a: Palkia\n|-damage|p2a: Palkia|107/249\n|\n|upkeep\n|turn|9\n|\n|t:|1781382210\n|move|p2a: Palkia|Fire Blast|p1a: Lurantis\n|-supereffective|p1a: Lurantis\n|-damage|p1a: Lurantis|0 fnt\n|faint|p1a: Lurantis\n|\n|upkeep\n|\n|t:|1781382222\n|switch|p1a: Flygon|Flygon, L82, F|211/265\n|turn|10\n|\n|t:|1781382228\n|switch|p2a: Alcremie|Alcremie, L90, F|263/263\n|move|p1a: Flygon|Outrage|p2a: Alcremie\n|-immune|p2a: Alcremie\n|\n|upkeep\n|turn|11\n|\n|t:|1781382235\n|switch|p1a: Probopass|Probopass, L91, F|257/257\n|move|p2a: Alcremie|Alluring Voice|p1a: Probopass\n|-resisted|p1a: Probopass\n|-damage|p1a: Probopass|224/257\n|\n|upkeep\n|turn|12\n|\n|t:|1781382248\n|switch|p2a: Sinistcha|Sinistcha-Masterpiece, L83|221/254\n|switch|p1a: Dusknoir|Dusknoir, L89, M|225/225\n|-item|p2a: Sinistcha|Leftovers|[from] ability: Frisk|[of] p1a: Dusknoir\n|\n|-heal|p2a: Sinistcha|236/254|[from] item: Leftovers\n|upkeep\n|turn|13\n|\n|t:|1781382255\n|switch|p2a: Roaring Moon|Roaring Moon, L72|270/270\n|move|p1a: Dusknoir|Poltergeist|p2a: Roaring Moon\n|-activate|p2a: Roaring Moon|move: Poltergeist|Lum Berry\n|-resisted|p2a: Roaring Moon\n|-damage|p2a: Roaring Moon|147/270\n|\n|upkeep\n|turn|14\n|\n|t:|1781382260\n|switch|p1a: Overqwil|Overqwil, L82, F|274/274\n|-ability|p1a: Overqwil|Intimidate|boost\n|-unboost|p2a: Roaring Moon|atk|1\n|move|p2a: Roaring Moon|Knock Off|p1a: Overqwil\n|-resisted|p1a: Overqwil\n|-damage|p1a: Overqwil|244/274\n|-enditem|p1a: Overqwil|Life Orb|[from] move: Knock Off|[of] p2a: Roaring Moon\n|\n|upkeep\n|turn|15\n|\n|t:|1781382270\n|move|p2a: Roaring Moon|Dragon Dance|p2a: Roaring Moon\n|-boost|p2a: Roaring Moon|atk|1\n|-boost|p2a: Roaring Moon|spe|1\n|move|p1a: Overqwil|Gunk Shot|p2a: Roaring Moon\n|-damage|p2a: Roaring Moon|0 fnt\n|faint|p2a: Roaring Moon\n|-end|p2a: Roaring Moon|Protosynthesis|[silent]\n|\n|upkeep\n|\n|t:|1781382277\n|switch|p2a: Palkia|Palkia-Origin, L72|107/249\n|-ability|p2a: Palkia|Pressure\n|turn|16\n|\n|t:|1781382283\n|switch|p1a: Flygon|Flygon, L82, F|211/265\n|move|p2a: Palkia|Spacial Rend|p1a: Flygon\n|-supereffective|p1a: Flygon\n|-damage|p1a: Flygon|0 fnt\n|faint|p1a: Flygon\n|\n|upkeep\n|\n|t:|1781382287\n|switch|p1a: Dusknoir|Dusknoir, L89, M|225/225\n|-item|p2a: Palkia|Lustrous Globe|[from] ability: Frisk|[of] p1a: Dusknoir\n|turn|17\n|\n|t:|1781382302\n|move|p2a: Palkia|Spacial Rend|p1a: Dusknoir\n|-damage|p1a: Dusknoir|129/225\n|move|p1a: Dusknoir|Poltergeist|p2a: Palkia\n|-activate|p2a: Palkia|move: Poltergeist|Lustrous Globe\n|-damage|p2a: Palkia|0 fnt\n|faint|p2a: Palkia\n|\n|upkeep\n|\n|t:|1781382319\n|switch|p2a: Oricorio|Oricorio, L84, F|229/263\n|turn|18\n|\n|t:|1781382322\n|move|p2a: Oricorio|Revelation Dance|p1a: Dusknoir\n|-damage|p1a: Dusknoir|63/225\n|move|p1a: Dusknoir|Poltergeist|p2a: Oricorio\n|-activate|p2a: Oricorio|move: Poltergeist|Heavy-Duty Boots\n|-damage|p2a: Oricorio|6/263\n|\n|upkeep\n|turn|19\n|\n|t:|1781382330\n|move|p2a: Oricorio|Revelation Dance|p1a: Dusknoir\n|-damage|p1a: Dusknoir|0 fnt\n|faint|p1a: Dusknoir\n|\n|upkeep\n|\n|t:|1781382332\n|switch|p1a: Inteleon|Inteleon, L81, F|246/246\n|turn|20\n|\n|t:|1781382338\n|move|p1a: Inteleon|U-turn|p2a: Oricorio\n|-resisted|p2a: Oricorio\n|-damage|p2a: Oricorio|0 fnt\n|faint|p2a: Oricorio\n|\n|t:|1781382341\n|switch|p1a: Overqwil|Overqwil, L82, F|244/274|[from] U-turn\n|\n|upkeep\n|\n|t:|1781382367\n|switch|p2a: Alcremie|Alcremie, L90, F|263/263\n|turn|21\n|\n|t:|1781382387\n|switch|p1a: Probopass|Probopass, L91, F|224/257\n|-terastallize|p2a: Alcremie|Poison\n|move|p2a: Alcremie|Alluring Voice|p1a: Probopass\n|-resisted|p1a: Probopass\n|-damage|p1a: Probopass|194/257\n|\n|upkeep\n|turn|22\n|\n|t:|1781382402\n|switch|p1a: Overqwil|Overqwil, L82, F|244/274\n|-ability|p1a: Overqwil|Intimidate|boost\n|-unboost|p2a: Alcremie|atk|1\n|move|p2a: Alcremie|Calm Mind|p2a: Alcremie\n|-boost|p2a: Alcremie|spa|1\n|-boost|p2a: Alcremie|spd|1\n|\n|upkeep\n|turn|23\n|\n|t:|1781382407\n|move|p1a: Overqwil|Crunch|p2a: Alcremie\n|-damage|p2a: Alcremie|157/263\n|-unboost|p2a: Alcremie|def|1\n|move|p2a: Alcremie|Alluring Voice|p1a: Overqwil\n|-damage|p1a: Overqwil|25/274\n|\n|-heal|p2a: Alcremie|173/263|[from] item: Leftovers\n|upkeep\n|turn|24\n|\n|t:|1781382416\n|move|p1a: Overqwil|Crunch|p2a: Alcremie\n|-damage|p2a: Alcremie|37/263\n|move|p2a: Alcremie|Alluring Voice|p1a: Overqwil\n|-damage|p1a: Overqwil|0 fnt\n|faint|p1a: Overqwil\n|\n|-heal|p2a: Alcremie|53/263|[from] item: Leftovers\n|upkeep\n|\n|t:|1781382419\n|switch|p1a: Inteleon|Inteleon, L81, F|246/246\n|turn|25\n|\n|t:|1781382439\n|move|p1a: Inteleon|Scald|p2a: Alcremie\n|-damage|p2a: Alcremie|0 fnt\n|faint|p2a: Alcremie\n|\n|upkeep\n|\n|t:|1781382443\n|switch|p2a: Sinistcha|Sinistcha-Masterpiece, L83|236/254\n|turn|26\n|-message|good pork forfeited.\n|\n|win|makkereel\n", "uploadtime": 1781382113, "views": 12, "formatid": "gen9randombattle", "rating": null, "private": 0, "password": null}