{"id": "gen9randombattle-2631590773", "format": "[Gen 9] Random Battle", "players": ["Blendedcats", "Cesar A Bedoya"], "log": "|j|\u2606Blendedcats\n|j|\u2606Cesar A Bedoya\n|t:|1781405563\n|gametype|singles\n|player|p1|Blendedcats|picnicker|1928\n|player|p2|Cesar A Bedoya|shadowtriad|1915\n|gen|9\n|tier|[Gen 9] Random Battle\n|rated|\n|rule|Species Clause: Limit one of each Pok\u00e9mon\n|rule|HP Percentage Mod: HP is shown in percentages\n|rule|Sleep Clause Mod: Limit one foe put to sleep\n|rule|Illusion Level Mod: Illusion disguises the Pok\u00e9mon's true level\n|\n|t:|1781405563\n|teamsize|p1|6\n|teamsize|p2|6\n|start\n|switch|p1a: Noctowl|Noctowl, L95, M|344/344\n|switch|p2a: Wyrdeer|Wyrdeer, L87, M|321/321\n|-ability|p2a: Wyrdeer|Intimidate|boost\n|-unboost|p1a: Noctowl|atk|1\n|turn|1\n|inactive|Battle timer is ON: inactive players will automatically lose when time's up. (requested by Blendedcats)\n|\n|t:|1781405574\n|switch|p1a: Bellibolt|Bellibolt, L84, M|320/320\n|move|p2a: Wyrdeer|Body Slam|p1a: Bellibolt\n|-damage|p1a: Bellibolt|220/320\n|-start|p1a: Bellibolt|Charge|Body Slam|[from] ability: Electromorphosis\n|\n|-heal|p1a: Bellibolt|240/320|[from] item: Leftovers\n|upkeep\n|turn|2\n|\n|t:|1781405581\n|move|p2a: Wyrdeer|Earthquake|p1a: Bellibolt\n|-supereffective|p1a: Bellibolt\n|-damage|p1a: Bellibolt|78/320\n|-start|p1a: Bellibolt|Charge|Earthquake|[from] ability: Electromorphosis\n|move|p1a: Bellibolt|Toxic|p2a: Wyrdeer\n|-status|p2a: Wyrdeer|tox\n|\n|-heal|p1a: Bellibolt|98/320|[from] item: Leftovers\n|-damage|p2a: Wyrdeer|301/321 tox|[from] psn\n|upkeep\n|turn|3\n|\n|t:|1781405588\n|move|p2a: Wyrdeer|Body Slam|p1a: Bellibolt\n|-crit|p1a: Bellibolt\n|-damage|p1a: Bellibolt|0 fnt\n|faint|p1a: Bellibolt\n|\n|-damage|p2a: Wyrdeer|261/321 tox|[from] psn\n|upkeep\n|\n|t:|1781405598\n|switch|p1a: Noctowl|Noctowl, L95, M|344/344\n|turn|4\n|\n|t:|1781405602\n|move|p1a: Noctowl|Nasty Plot|p1a: Noctowl\n|-boost|p1a: Noctowl|spa|2\n|move|p2a: Wyrdeer|Body Slam|p1a: Noctowl\n|-damage|p1a: Noctowl|203/344\n|\n|-damage|p2a: Wyrdeer|201/321 tox|[from] psn\n|upkeep\n|turn|5\n|\n|t:|1781405606\n|move|p1a: Noctowl|Hurricane|p2a: Wyrdeer\n|-damage|p2a: Wyrdeer|0 fnt\n|faint|p2a: Wyrdeer\n|\n|upkeep\n|\n|t:|1781405613\n|switch|p2a: Mienshao|Mienshao, L83, M|244/244\n|turn|6\n|\n|t:|1781405615\n|switch|p1a: Scizor|Scizor, L79, F|240/240\n|move|p2a: Mienshao|Fake Out|p1a: Scizor\n|-resisted|p1a: Scizor\n|-damage|p1a: Scizor|224/240\n|\n|upkeep\n|turn|7\n|\n|t:|1781405623\n|move|p2a: Mienshao|Knock Off|p1a: Scizor\n|-damage|p1a: Scizor|142/240\n|-enditem|p1a: Scizor|Life Orb|[from] move: Knock Off|[of] p2a: Mienshao\n|move|p1a: Scizor|Swords Dance|p1a: Scizor\n|-boost|p1a: Scizor|atk|2\n|\n|upkeep\n|turn|8\n|\n|t:|1781405633\n|move|p1a: Scizor|Bullet Punch|p2a: Mienshao\n|-damage|p2a: Mienshao|49/244\n|move|p2a: Mienshao|Close Combat|p1a: Scizor\n|-damage|p1a: Scizor|0 fnt\n|-unboost|p2a: Mienshao|def|1\n|-unboost|p2a: Mienshao|spd|1\n|faint|p1a: Scizor\n|\n|upkeep\n|\n|t:|1781405640\n|switch|p1a: Pawmot|Pawmot, L80, M|243/243\n|turn|9\n|\n|t:|1781405653\n|move|p2a: Mienshao|Close Combat|p1a: Pawmot\n|-damage|p1a: Pawmot|59/243\n|-unboost|p2a: Mienshao|def|1\n|-unboost|p2a: Mienshao|spd|1\n|move|p1a: Pawmot|Ice Punch|p2a: Mienshao\n|-damage|p2a: Mienshao|0 fnt\n|faint|p2a: Mienshao\n|-damage|p1a: Pawmot|35/243|[from] item: Life Orb\n|\n|upkeep\n|\n|t:|1781405665\n|switch|p2a: Bellibolt|Bellibolt, L84, M|320/320\n|turn|10\n|\n|t:|1781405669\n|move|p1a: Pawmot|Close Combat|p2a: Bellibolt\n|-damage|p2a: Bellibolt|159/320\n|-unboost|p1a: Pawmot|def|1\n|-unboost|p1a: Pawmot|spd|1\n|-start|p2a: Bellibolt|Charge|Close Combat|[from] ability: Electromorphosis\n|-damage|p1a: Pawmot|11/243|[from] item: Life Orb\n|move|p2a: Bellibolt|Muddy Water|p1a: Pawmot\n|-damage|p1a: Pawmot|0 fnt\n|faint|p1a: Pawmot\n|\n|-heal|p2a: Bellibolt|179/320|[from] item: Leftovers\n|upkeep\n|\n|t:|1781405681\n|switch|p1a: Blaziken|Blaziken, L76, M|247/247\n|turn|11\n|\n|t:|1781405689\n|move|p1a: Blaziken|Swords Dance|p1a: Blaziken\n|-boost|p1a: Blaziken|atk|2\n|move|p2a: Bellibolt|Thunderbolt|p1a: Blaziken\n|-damage|p1a: Blaziken|0 fnt\n|faint|p1a: Blaziken\n|-end|p2a: Bellibolt|Charge|[silent]\n|\n|-heal|p2a: Bellibolt|199/320|[from] item: Leftovers\n|upkeep\n|-message|Blendedcats forfeited.\n|\n|win|Cesar A Bedoya\n|raw|Blendedcats's rating: 1928 &rarr; <strong>1907</strong><br />(-21 for losing)\n|raw|Cesar A Bedoya's rating: 1915 &rarr; <strong>1936</strong><br />(+21 for winning)\n|l|\u2606Blendedcats\n|player|p1|\n", "uploadtime": 1781405565, "views": 3, "formatid": "gen9randombattle", "rating": 1907, "private": 0, "password": null}