{"id": "gen9randombattle-2631727512", "format": "[Gen 9] Random Battle", "players": ["saeyouwontletgo", "hong hoornstaart"], "log": "|j|\u2606saeyouwontletgo\n|j|\u2606hong hoornstaart\n|t:|1781429545\n|gametype|singles\n|player|p1|saeyouwontletgo|266|2226\n|player|p2|hong hoornstaart|medium|2224\n|gen|9\n|tier|[Gen 9] Random Battle\n|rated|\n|rule|Species Clause: Limit one of each Pok\u00e9mon\n|rule|HP Percentage Mod: HP is shown in percentages\n|rule|Sleep Clause Mod: Limit one foe put to sleep\n|rule|Illusion Level Mod: Illusion disguises the Pok\u00e9mon's true level\n|\n|t:|1781429545\n|teamsize|p1|6\n|teamsize|p2|6\n|start\n|switch|p1a: Poliwrath|Poliwrath, L88, M|302/302\n|switch|p2a: Braviary|Braviary-Hisui, L85, M|326/326\n|turn|1\n|inactive|Battle timer is ON: inactive players will automatically lose when time's up. (requested by saeyouwontletgo)\n|\n|t:|1781429557\n|move|p1a: Poliwrath|Knock Off|p2a: Braviary\n|-supereffective|p2a: Braviary\n|-damage|p2a: Braviary|87/326\n|-enditem|p2a: Braviary|Choice Specs|[from] move: Knock Off|[of] p1a: Poliwrath\n|-damage|p1a: Poliwrath|272/302|[from] item: Life Orb\n|move|p2a: Braviary|Esper Wing|p1a: Poliwrath\n|-supereffective|p1a: Poliwrath\n|-damage|p1a: Poliwrath|104/302\n|-boost|p2a: Braviary|spe|1\n|\n|upkeep\n|turn|2\n|\n|t:|1781429566\n|switch|p1a: Hatterene|Hatterene, L85, F|236/236\n|move|p2a: Braviary|Hurricane|p1a: Hatterene\n|-damage|p1a: Hatterene|160/236\n|\n|upkeep\n|turn|3\n|\n|t:|1781429574\n|move|p2a: Braviary|Esper Wing|p1a: Hatterene\n|-resisted|p1a: Hatterene\n|-damage|p1a: Hatterene|106/236\n|-boost|p2a: Braviary|spe|1\n|move|p1a: Hatterene|Nuzzle|p2a: Braviary\n|-supereffective|p2a: Braviary\n|-crit|p2a: Braviary\n|-damage|p2a: Braviary|41/326\n|-status|p2a: Braviary|par\n|\n|upkeep\n|turn|4\n|\n|t:|1781429578\n|move|p2a: Braviary|Esper Wing|p1a: Hatterene\n|-resisted|p1a: Hatterene\n|-damage|p1a: Hatterene|52/236\n|-boost|p2a: Braviary|spe|1\n|move|p1a: Hatterene|Draining Kiss|p2a: Braviary\n|-damage|p2a: Braviary|0 fnt\n|-heal|p1a: Hatterene|83/236|[from] drain|[of] p2a: Braviary\n|faint|p2a: Braviary\n|\n|upkeep\n|\n|t:|1781429581\n|switch|p2a: Kleavor|Kleavor, L78, F|237/237\n|turn|5\n|\n|t:|1781429586\n|switch|p1a: Bronzong|Bronzong, L88|261/261\n|move|p2a: Kleavor|Stone Axe|p1a: Bronzong\n|-resisted|p1a: Bronzong\n|-damage|p1a: Bronzong|219/261\n|-sidestart|p1: saeyouwontletgo|move: Stealth Rock\n|\n|-heal|p1a: Bronzong|235/261|[from] item: Leftovers\n|upkeep\n|turn|6\n|j| bhbhbh88\n|\n|t:|1781429590\n|move|p2a: Kleavor|X-Scissor|p1a: Bronzong\n|-damage|p1a: Bronzong|115/261\n|move|p1a: Bronzong|Iron Defense|p1a: Bronzong\n|-boost|p1a: Bronzong|def|2\n|\n|-heal|p1a: Bronzong|131/261|[from] item: Leftovers\n|upkeep\n|turn|7\n|\n|t:|1781429595\n|switch|p2a: Oricorio|Oricorio-Sensu, L85, F|266/266\n|move|p1a: Bronzong|Body Press|p2a: Oricorio\n|-immune|p2a: Oricorio\n|\n|-heal|p1a: Bronzong|147/261|[from] item: Leftovers\n|upkeep\n|turn|8\n|\n|t:|1781429609\n|move|p2a: Oricorio|Revelation Dance|p1a: Bronzong\n|-supereffective|p1a: Bronzong\n|-damage|p1a: Bronzong|0 fnt\n|faint|p1a: Bronzong\n|\n|upkeep\n|\n|t:|1781429612\n|switch|p1a: Bombirdier|Bombirdier, L85, M|258/258\n|turn|9\n|\n|t:|1781429619\n|switch|p2a: Tyranitar|Tyranitar, L78, F|284/284\n|-weather|Sandstorm|[from] ability: Sand Stream|[of] p2a: Tyranitar\n|move|p1a: Bombirdier|Knock Off|p2a: Tyranitar\n|-resisted|p2a: Tyranitar\n|-damage|p2a: Tyranitar|232/284\n|-enditem|p2a: Tyranitar|Weakness Policy|[from] move: Knock Off|[of] p1a: Bombirdier\n|\n|-weather|Sandstorm|[upkeep]\n|-damage|p1a: Bombirdier|242/258|[from] Sandstorm\n|upkeep\n|turn|10\n|\n|t:|1781429628\n|switch|p1a: Hatterene|Hatterene, L85, F|83/236\n|-damage|p1a: Hatterene|54/236|[from] Stealth Rock\n|move|p2a: Tyranitar|Dragon Dance|p2a: Tyranitar\n|-boost|p2a: Tyranitar|atk|1\n|-boost|p2a: Tyranitar|spe|1\n|\n|-weather|Sandstorm|[upkeep]\n|-damage|p1a: Hatterene|40/236|[from] Sandstorm\n|upkeep\n|turn|11\n|\n|t:|1781429631\n|move|p2a: Tyranitar|Knock Off|p1a: Hatterene\n|-damage|p1a: Hatterene|0 fnt\n|-enditem|p1a: Hatterene|Assault Vest|[from] move: Knock Off|[of] p2a: Tyranitar\n|faint|p1a: Hatterene\n|\n|-weather|Sandstorm|[upkeep]\n|upkeep\n|\n|t:|1781429636\n|switch|p1a: Haxorus|Haxorus, L77, F|244/244\n|-damage|p1a: Haxorus|214/244|[from] Stealth Rock\n|-ability|p1a: Haxorus|Mold Breaker\n|turn|12\n|\n|t:|1781429643\n|move|p2a: Tyranitar|Knock Off|p1a: Haxorus\n|-damage|p1a: Haxorus|27/244\n|-enditem|p1a: Haxorus|Loaded Dice|[from] move: Knock Off|[of] p2a: Tyranitar\n|move|p1a: Haxorus|Scale Shot|p2a: Tyranitar\n|-damage|p2a: Tyranitar|205/284\n|-damage|p2a: Tyranitar|175/284\n|-damage|p2a: Tyranitar|145/284\n|-damage|p2a: Tyranitar|117/284\n|-damage|p2a: Tyranitar|90/284\n|-hitcount|p2a: Tyranitar|5\n|-unboost|p1a: Haxorus|def|1\n|-boost|p1a: Haxorus|spe|1\n|\n|-weather|Sandstorm|[upkeep]\n|-damage|p1a: Haxorus|12/244|[from] Sandstorm\n|upkeep\n|turn|13\n|\n|t:|1781429650\n|move|p1a: Haxorus|Iron Head|p2a: Tyranitar\n|-supereffective|p2a: Tyranitar\n|-damage|p2a: Tyranitar|0 fnt\n|faint|p2a: Tyranitar\n|\n|-weather|none\n|upkeep\n|\n|t:|1781429654\n|switch|p2a: Infernape|Infernape, L82, M|259/259\n|turn|14\n|\n|t:|1781429659\n|move|p2a: Infernape|Close Combat|p1a: Haxorus\n|-damage|p1a: Haxorus|0 fnt\n|-unboost|p2a: Infernape|def|1\n|-unboost|p2a: Infernape|spd|1\n|faint|p1a: Haxorus\n|\n|upkeep\n|\n|t:|1781429664\n|switch|p1a: Decidueye|Decidueye, L88, F|281/281\n|-damage|p1a: Decidueye|246/281|[from] Stealth Rock\n|turn|15\n|\n|t:|1781429669\n|switch|p2a: Kleavor|Kleavor, L78, F|237/237\n|move|p1a: Decidueye|Poltergeist|p2a: Kleavor|[miss]\n|-miss|p1a: Decidueye|p2a: Kleavor\n|\n|upkeep\n|turn|16\n|\n|t:|1781429674\n|move|p2a: Kleavor|X-Scissor|p1a: Decidueye\n|-damage|p1a: Decidueye|96/281\n|move|p1a: Decidueye|Poltergeist|p2a: Kleavor\n|-activate|p2a: Kleavor|move: Poltergeist|Heavy-Duty Boots\n|-damage|p2a: Kleavor|62/237\n|-damage|p1a: Decidueye|68/281|[from] item: Life Orb\n|\n|upkeep\n|turn|17\n|\n|t:|1781429679\n|move|p1a: Decidueye|Shadow Sneak|p2a: Kleavor\n|-damage|p2a: Kleavor|0 fnt\n|faint|p2a: Kleavor\n|-damage|p1a: Decidueye|40/281|[from] item: Life Orb\n|\n|upkeep\n|\n|t:|1781429681\n|switch|p2a: Palafin|Palafin, L77, M|281/281\n|turn|18\n|\n|t:|1781429685\n|move|p1a: Decidueye|Shadow Sneak|p2a: Palafin\n|-damage|p2a: Palafin|194/281\n|-damage|p1a: Decidueye|12/281|[from] item: Life Orb\n|move|p2a: Palafin|Ice Punch|p1a: Decidueye\n|-supereffective|p1a: Decidueye\n|-crit|p1a: Decidueye\n|-damage|p1a: Decidueye|0 fnt\n|faint|p1a: Decidueye\n|\n|-heal|p2a: Palafin|211/281|[from] item: Leftovers\n|upkeep\n|\n|t:|1781429693\n|switch|p1a: Bombirdier|Bombirdier, L85, M|242/258\n|turn|19\n|\n|t:|1781429702\n|detailschange|p2a: Palafin|Palafin-Hero, L77, M\n|switch|p2a: Oricorio|Oricorio-Sensu, L85, F|266/266\n|move|p1a: Bombirdier|Knock Off|p2a: Oricorio\n|-supereffective|p2a: Oricorio\n|-damage|p2a: Oricorio|0 fnt\n|-enditem|p2a: Oricorio|Heavy-Duty Boots|[from] move: Knock Off|[of] p1a: Bombirdier\n|faint|p2a: Oricorio\n|\n|upkeep\n|\n|t:|1781429710\n|switch|p2a: Palafin|Palafin-Hero, L77, M|211/281\n|-activate|p2a: Palafin|ability: Zero to Hero\n|turn|20\n|\n|t:|1781429723\n|move|p2a: Palafin|Bulk Up|p2a: Palafin\n|-boost|p2a: Palafin|atk|1\n|-boost|p2a: Palafin|def|1\n|move|p1a: Bombirdier|Knock Off|p2a: Palafin\n|-damage|p2a: Palafin|133/281\n|-enditem|p2a: Palafin|Leftovers|[from] move: Knock Off|[of] p1a: Bombirdier\n|\n|upkeep\n|turn|21\n|\n|t:|1781429733\n|move|p2a: Palafin|Ice Punch|p1a: Bombirdier\n|-supereffective|p1a: Bombirdier\n|-damage|p1a: Bombirdier|36/258\n|move|p1a: Bombirdier|Brave Bird|p2a: Palafin\n|-damage|p2a: Palafin|43/281\n|-damage|p1a: Bombirdier|6/258|[from] Recoil\n|\n|upkeep\n|turn|22\n|\n|t:|1781429737\n|move|p1a: Bombirdier|Sucker Punch|p2a: Palafin\n|-damage|p2a: Palafin|0 fnt\n|faint|p2a: Palafin\n|\n|upkeep\n|\n|t:|1781429739\n|switch|p2a: Infernape|Infernape, L82, M|259/259\n|turn|23\n|\n|t:|1781429744\n|-terastallize|p2a: Infernape|Fighting\n|move|p1a: Bombirdier|Sucker Punch|p2a: Infernape\n|-resisted|p2a: Infernape\n|-damage|p2a: Infernape|211/259\n|move|p2a: Infernape|Close Combat|p1a: Bombirdier\n|-damage|p1a: Bombirdier|0 fnt\n|-unboost|p2a: Infernape|def|1\n|-unboost|p2a: Infernape|spd|1\n|faint|p1a: Bombirdier\n|\n|upkeep\n|\n|t:|1781429746\n|switch|p1a: Poliwrath|Poliwrath, L88, M|104/302\n|-damage|p1a: Poliwrath|86/302|[from] Stealth Rock\n|turn|24\n|\n|t:|1781429749\n|move|p2a: Infernape|Close Combat|p1a: Poliwrath\n|-damage|p1a: Poliwrath|0 fnt\n|-unboost|p2a: Infernape|def|1\n|-unboost|p2a: Infernape|spd|1\n|faint|p1a: Poliwrath\n|\n|win|hong hoornstaart\n", "uploadtime": 1781429546, "views": 3, "formatid": "gen9randombattle", "rating": null, "private": 0, "password": null}