{"id": "gen9randombattle-2631924689", "format": "[Gen 9] Random Battle", "players": ["Knayrus", "Gaaraks"], "log": "|j|\u2606Knayrus\n|j|\u2606Gaaraks\n|t:|1781456207\n|gametype|singles\n|player|p1|Knayrus|drayden|2129\n|player|p2|Gaaraks|170|2105\n|gen|9\n|tier|[Gen 9] Random Battle\n|rated|\n|rule|Species Clause: Limit one of each Pok\u00e9mon\n|rule|HP Percentage Mod: HP is shown in percentages\n|rule|Sleep Clause Mod: Limit one foe put to sleep\n|rule|Illusion Level Mod: Illusion disguises the Pok\u00e9mon's true level\n|\n|t:|1781456207\n|teamsize|p1|6\n|teamsize|p2|6\n|start\n|switch|p1a: Clodsire|Clodsire, L81, M|343/343\n|switch|p2a: Ho-Oh|Ho-Oh, L71|268/268\n|turn|1\n|\n|t:|1781456217\n|move|p2a: Ho-Oh|Sacred Fire|p1a: Clodsire\n|-crit|p1a: Clodsire\n|-damage|p1a: Clodsire|147/343\n|move|p1a: Clodsire|Toxic|p2a: Ho-Oh\n|-status|p2a: Ho-Oh|tox\n|\n|-heal|p1a: Clodsire|168/343|[from] item: Leftovers\n|-damage|p2a: Ho-Oh|252/268 tox|[from] psn\n|upkeep\n|turn|2\n|\n|t:|1781456225\n|switch|p1a: Rhydon|Rhydon, L85, M|317/317\n|move|p2a: Ho-Oh|Sacred Fire|p1a: Rhydon\n|-resisted|p1a: Rhydon\n|-damage|p1a: Rhydon|292/317\n|\n|-damage|p2a: Ho-Oh|220/268 tox|[from] psn\n|upkeep\n|turn|3\n|\n|t:|1781456234\n|move|p2a: Ho-Oh|Sacred Fire|p1a: Rhydon\n|-resisted|p1a: Rhydon\n|-damage|p1a: Rhydon|267/317\n|move|p1a: Rhydon|Megahorn|p2a: Ho-Oh\n|-resisted|p2a: Ho-Oh\n|-damage|p2a: Ho-Oh|190/268 tox\n|\n|-damage|p2a: Ho-Oh|142/268 tox|[from] psn\n|upkeep\n|turn|4\n|\n|t:|1781456241\n|move|p2a: Ho-Oh|Recover|p2a: Ho-Oh\n|-heal|p2a: Ho-Oh|268/268 tox\n|move|p1a: Rhydon|Stone Edge|p2a: Ho-Oh\n|-supereffective|p2a: Ho-Oh\n|-damage|p2a: Ho-Oh|0 fnt\n|faint|p2a: Ho-Oh\n|\n|upkeep\n|\n|t:|1781456244\n|switch|p2a: Exeggutor|Exeggutor-Alola, L89, F|314/314\n|turn|5\n|\n|t:|1781456253\n|switch|p1a: Clefable|Clefable, L83, F|293/293\n|move|p2a: Exeggutor|Wood Hammer|p1a: Clefable\n|-damage|p1a: Clefable|113/293\n|-damage|p2a: Exeggutor|255/314|[from] Recoil\n|\n|-heal|p1a: Clefable|131/293|[from] item: Leftovers\n|upkeep\n|turn|6\n|\n|t:|1781456260\n|switch|p2a: Metagross|Metagross, L79|256/256\n|move|p1a: Clefable|Moonlight|p1a: Clefable\n|-heal|p1a: Clefable|277/293\n|\n|-heal|p1a: Clefable|293/293|[from] item: Leftovers\n|upkeep\n|turn|7\n|\n|t:|1781456266\n|switch|p1a: Raikou|Raikou, L81|278/278\n|-ability|p1a: Raikou|Pressure\n|move|p2a: Metagross|Heavy Slam|p1a: Raikou\n|-resisted|p1a: Raikou\n|-damage|p1a: Raikou|189/278\n|\n|upkeep\n|turn|8\n|\n|t:|1781456273\n|switch|p2a: Mesprit|Mesprit, L85|275/275\n|move|p1a: Raikou|Volt Switch|p2a: Mesprit\n|-damage|p2a: Mesprit|208/275\n|\n|t:|1781456278\n|switch|p1a: Clefable|Clefable, L83, F|293/293|[from] Volt Switch\n|\n|upkeep\n|turn|9\n|\n|t:|1781456282\n|move|p2a: Mesprit|Psychic Noise|p1a: Clefable\n|-damage|p1a: Clefable|206/293\n|-start|p1a: Clefable|move: Heal Block\n|move|p1a: Clefable|Knock Off|p2a: Mesprit\n|-supereffective|p2a: Mesprit\n|-damage|p2a: Mesprit|118/275\n|-enditem|p2a: Mesprit|Assault Vest|[from] move: Knock Off|[of] p1a: Clefable\n|\n|upkeep\n|turn|10\n|\n|t:|1781456290\n|move|p2a: Mesprit|Psychic Noise|p1a: Clefable\n|-damage|p1a: Clefable|122/293\n|move|p1a: Clefable|Stealth Rock|p2a: Mesprit\n|-sidestart|p2: Gaaraks|move: Stealth Rock\n|\n|-end|p1a: Clefable|move: Heal Block\n|upkeep\n|turn|11\n|\n|t:|1781456297\n|switch|p1a: Leavanny|Leavanny, L86, M|269/269\n|move|p2a: Mesprit|Psychic Noise|p1a: Leavanny\n|-damage|p1a: Leavanny|182/269\n|-start|p1a: Leavanny|move: Heal Block\n|\n|upkeep\n|turn|12\n|\n|t:|1781456302\n|move|p1a: Leavanny|Lunge|p2a: Mesprit\n|-supereffective|p2a: Mesprit\n|-damage|p2a: Mesprit|0 fnt\n|faint|p2a: Mesprit\n|\n|-end|p1a: Leavanny|move: Heal Block\n|upkeep\n|\n|t:|1781456305\n|switch|p2a: Scizor|Scizor, L79, M|240/240\n|-damage|p2a: Scizor|210/240|[from] Stealth Rock\n|turn|13\n|inactive|Battle timer is ON: inactive players will automatically lose when time's up. (requested by Knayrus)\n|\n|t:|1781456312\n|move|p1a: Leavanny|Lunge|p2a: Scizor\n|-resisted|p2a: Scizor\n|-damage|p2a: Scizor|168/240\n|-unboost|p2a: Scizor|atk|1\n|move|p2a: Scizor|U-turn|p1a: Leavanny\n|-supereffective|p1a: Leavanny\n|-damage|p1a: Leavanny|24/269\n|\n|t:|1781456322\n|switch|p2a: Klawf|Klawf, L90, M|272/272|[from] U-turn\n|-damage|p2a: Klawf|238/272|[from] Stealth Rock\n|\n|upkeep\n|turn|14\n|\n|t:|1781456329\n|move|p1a: Leavanny|Sticky Web|p2a: Klawf\n|-sidestart|p2: Gaaraks|move: Sticky Web\n|move|p2a: Klawf|Stealth Rock|p1a: Leavanny\n|-sidestart|p1: Knayrus|move: Stealth Rock\n|\n|upkeep\n|turn|15\n|\n|t:|1781456334\n|move|p1a: Leavanny|Knock Off|p2a: Klawf\n|-damage|p2a: Klawf|182/272\n|-enditem|p2a: Klawf|Life Orb|[from] move: Knock Off|[of] p1a: Leavanny\n|move|p2a: Klawf|Knock Off|p1a: Leavanny\n|-damage|p1a: Leavanny|0 fnt\n|-enditem|p1a: Leavanny|Heavy-Duty Boots|[from] move: Knock Off|[of] p2a: Klawf\n|faint|p1a: Leavanny\n|\n|upkeep\n|\n|t:|1781456343\n|switch|p1a: Raikou|Raikou, L81|189/278\n|-damage|p1a: Raikou|155/278|[from] Stealth Rock\n|-ability|p1a: Raikou|Pressure\n|turn|16\n|\n|t:|1781456347\n|move|p1a: Raikou|Scald|p2a: Klawf\n|-supereffective|p2a: Klawf\n|-damage|p2a: Klawf|0 fnt\n|faint|p2a: Klawf\n|\n|upkeep\n|\n|t:|1781456351\n|switch|p2a: Exeggutor|Exeggutor-Alola, L89, F|255/314\n|-damage|p2a: Exeggutor|216/314|[from] Stealth Rock\n|-activate|p2a: Exeggutor|move: Sticky Web\n|-unboost|p2a: Exeggutor|spe|1\n|turn|17\n|\n|t:|1781456356\n|switch|p1a: Clodsire|Clodsire, L81, M|168/343\n|-damage|p1a: Clodsire|147/343|[from] Stealth Rock\n|move|p2a: Exeggutor|Wood Hammer|p1a: Clodsire\n|-damage|p1a: Clodsire|0 fnt\n|faint|p1a: Clodsire\n|-damage|p2a: Exeggutor|167/314|[from] Recoil\n|\n|upkeep\n|\n|t:|1781456363\n|switch|p1a: Clefable|Clefable, L83, F|122/293\n|-damage|p1a: Clefable|86/293|[from] Stealth Rock\n|turn|18\n|\n|t:|1781456368\n|switch|p2a: Metagross|Metagross, L79|256/256\n|-damage|p2a: Metagross|240/256|[from] Stealth Rock\n|-activate|p2a: Metagross|move: Sticky Web\n|-fail|p2a: Metagross|unboost|[from] ability: Clear Body|[of] p2a: Metagross\n|move|p1a: Clefable|Moonlight|p1a: Clefable\n|-heal|p1a: Clefable|232/293\n|\n|-heal|p1a: Clefable|250/293|[from] item: Leftovers\n|upkeep\n|turn|19\n|\n|t:|1781456377\n|switch|p1a: Furret|Furret, L94, M|312/312\n|-damage|p1a: Furret|273/312|[from] Stealth Rock\n|-item|p2a: Metagross|Choice Band|[from] ability: Frisk|[of] p1a: Furret\n|move|p2a: Metagross|Heavy Slam|p1a: Furret\n|-damage|p1a: Furret|12/312\n|\n|upkeep\n|turn|20\n|\n|t:|1781456392\n|switch|p2a: Scizor|Scizor, L79, M|168/240\n|-damage|p2a: Scizor|138/240|[from] Stealth Rock\n|-activate|p2a: Scizor|move: Sticky Web\n|-unboost|p2a: Scizor|spe|1\n|move|p1a: Furret|Knock Off|p2a: Scizor\n|-damage|p2a: Scizor|43/240\n|-enditem|p2a: Scizor|Choice Band|[from] move: Knock Off|[of] p1a: Furret\n|\n|upkeep\n|turn|21\n|\n|t:|1781456402\n|move|p2a: Scizor|Bullet Punch|p1a: Furret\n|-damage|p1a: Furret|0 fnt\n|faint|p1a: Furret\n|\n|upkeep\n|\n|t:|1781456405\n|switch|p1a: Raikou|Raikou, L81|155/278\n|-damage|p1a: Raikou|121/278|[from] Stealth Rock\n|-ability|p1a: Raikou|Pressure\n|turn|22\n|\n|t:|1781456409\n|move|p2a: Scizor|Bullet Punch|p1a: Raikou\n|-resisted|p1a: Raikou\n|-damage|p1a: Raikou|77/278\n|move|p1a: Raikou|Volt Switch|p2a: Scizor\n|-damage|p2a: Scizor|0 fnt\n|faint|p2a: Scizor\n|\n|t:|1781456416\n|switch|p1a: Rhydon|Rhydon, L85, M|267/317|[from] Volt Switch\n|-damage|p1a: Rhydon|248/317|[from] Stealth Rock\n|\n|upkeep\n|\n|t:|1781456419\n|switch|p2a: Exeggutor|Exeggutor-Alola, L89, F|167/314\n|-damage|p2a: Exeggutor|128/314|[from] Stealth Rock\n|-activate|p2a: Exeggutor|move: Sticky Web\n|-unboost|p2a: Exeggutor|spe|1\n|-enditem|p2a: Exeggutor|Sitrus Berry|[eat]\n|-heal|p2a: Exeggutor|206/314|[from] item: Sitrus Berry\n|turn|23\n|\n|t:|1781456429\n|switch|p1a: Raikou|Raikou, L81|77/278\n|-damage|p1a: Raikou|43/278|[from] Stealth Rock\n|-ability|p1a: Raikou|Pressure\n|-terastallize|p2a: Exeggutor|Fire\n|move|p2a: Exeggutor|Wood Hammer|p1a: Raikou\n|-damage|p1a: Raikou|0 fnt\n|faint|p1a: Raikou\n|-damage|p2a: Exeggutor|192/314|[from] Recoil\n|\n|upkeep\n|\n|t:|1781456440\n|switch|p1a: Rhydon|Rhydon, L85, M|248/317\n|-damage|p1a: Rhydon|229/317|[from] Stealth Rock\n|turn|24\n|\n|t:|1781456444\n|move|p1a: Rhydon|Earthquake|p2a: Exeggutor\n|-supereffective|p2a: Exeggutor\n|-damage|p2a: Exeggutor|0 fnt\n|faint|p2a: Exeggutor\n|\n|upkeep\n|\n|t:|1781456446\n|switch|p2a: Metagross|Metagross, L79|240/256\n|-damage|p2a: Metagross|224/256|[from] Stealth Rock\n|-activate|p2a: Metagross|move: Sticky Web\n|-fail|p2a: Metagross|unboost|[from] ability: Clear Body|[of] p2a: Metagross\n|turn|25\n|\n|t:|1781456453\n|-terastallize|p1a: Rhydon|Dragon\n|move|p2a: Metagross|Heavy Slam|p1a: Rhydon\n|-damage|p1a: Rhydon|132/317\n|move|p1a: Rhydon|Swords Dance|p1a: Rhydon\n|-boost|p1a: Rhydon|atk|2\n|\n|upkeep\n|turn|26\n|\n|t:|1781456460\n|move|p2a: Metagross|Heavy Slam|p1a: Rhydon\n|-damage|p1a: Rhydon|41/317\n|move|p1a: Rhydon|Earthquake|p2a: Metagross\n|-supereffective|p2a: Metagross\n|-damage|p2a: Metagross|0 fnt\n|faint|p2a: Metagross\n|\n|win|Knayrus\n", "uploadtime": 1781456209, "views": 3, "formatid": "gen9randombattle", "rating": null, "private": 0, "password": null}