{"id": "gen9randombattle-2631458037", "format": "[Gen 9] Random Battle", "players": ["green8Bit", "metalhydra273"], "log": "|j|\u2606green8Bit\n|j|\u2606metalhydra273\n|t:|1781387111\n|gametype|singles\n|player|p1|green8Bit|266|2004\n|player|p2|metalhydra273|kris-masters|2120\n|gen|9\n|tier|[Gen 9] Random Battle\n|rated|\n|rule|Species Clause: Limit one of each Pok\u00e9mon\n|rule|HP Percentage Mod: HP is shown in percentages\n|rule|Sleep Clause Mod: Limit one foe put to sleep\n|rule|Illusion Level Mod: Illusion disguises the Pok\u00e9mon's true level\n|\n|t:|1781387112\n|teamsize|p1|6\n|teamsize|p2|6\n|start\n|switch|p1a: Comfey|Comfey, L85, F|225/225\n|switch|p2a: Klefki|Klefki, L84, F|233/233\n|turn|1\n|inactive|Battle timer is ON: inactive players will automatically lose when time's up. (requested by metalhydra273)\n|\n|t:|1781387147\n|switch|p1a: Slowking|Slowking, L88, M|310/310\n|move|p2a: Klefki|Thunder Wave|p1a: Slowking\n|-status|p1a: Slowking|par\n|\n|upkeep\n|turn|2\n|\n|t:|1781387153\n|move|p2a: Klefki|Spikes|p1a: Slowking\n|-sidestart|p1: green8Bit|Spikes\n|move|p1a: Slowking|Thunder Wave|p2a: Klefki\n|-status|p2a: Klefki|par\n|\n|upkeep\n|turn|3\n|\n|t:|1781387161\n|move|p2a: Klefki|Spikes|p1a: Slowking\n|-sidestart|p1: green8Bit|Spikes\n|move|p1a: Slowking|Scald|p2a: Klefki\n|-damage|p2a: Klefki|131/233 par\n|\n|-heal|p2a: Klefki|145/233 par|[from] item: Leftovers\n|upkeep\n|turn|4\n|\n|t:|1781387171\n|switch|p2a: Wugtrio|Wugtrio, L91, F|212/212\n|move|p1a: Slowking|Scald|p2a: Wugtrio\n|-resisted|p2a: Wugtrio\n|-damage|p2a: Wugtrio|158/212\n|\n|upkeep\n|turn|5\n|\n|t:|1781387191\n|move|p2a: Wugtrio|Throat Chop|p1a: Slowking\n|-supereffective|p1a: Slowking\n|-damage|p1a: Slowking|94/310 par\n|-start|p1a: Slowking|Throat Chop|[silent]\n|move|p1a: Slowking|Thunder Wave|p2a: Wugtrio|[miss]\n|-miss|p1a: Slowking|p2a: Wugtrio\n|\n|-heal|p1a: Slowking|113/310 par|[from] item: Leftovers\n|upkeep\n|turn|6\n|\n|t:|1781387207\n|switch|p2a: Ceruledge|Ceruledge, L78, M|245/245\n|switch|p1a: Tauros|Tauros-Paldea-Blaze, L81, M|254/254\n|-damage|p1a: Tauros|212/254|[from] Spikes\n|-ability|p1a: Tauros|Intimidate|boost\n|-unboost|p2a: Ceruledge|atk|1\n|\n|upkeep\n|turn|7\n|\n|t:|1781387220\n|move|p1a: Tauros|Stone Edge|p2a: Ceruledge|[miss]\n|-miss|p1a: Tauros|p2a: Ceruledge\n|move|p2a: Ceruledge|Swords Dance|p2a: Ceruledge\n|-boost|p2a: Ceruledge|atk|2\n|\n|upkeep\n|turn|8\n|\n|t:|1781387245\n|move|p1a: Tauros|Stone Edge|p2a: Ceruledge\n|-supereffective|p2a: Ceruledge\n|-damage|p2a: Ceruledge|0 fnt\n|faint|p2a: Ceruledge\n|\n|upkeep\n|\n|t:|1781387257\n|switch|p2a: Klefki|Klefki, L84, F|145/233 par\n|turn|9\n|\n|t:|1781387261\n|switch|p1a: Slowking|Slowking, L88, M|216/310 par\n|-damage|p1a: Slowking|165/310 par|[from] Spikes\n|move|p2a: Klefki|Spikes|p1a: Slowking\n|-sidestart|p1: green8Bit|Spikes\n|\n|-heal|p2a: Klefki|159/233 par|[from] item: Leftovers\n|-heal|p1a: Slowking|184/310 par|[from] item: Leftovers\n|upkeep\n|turn|10\n|\n|t:|1781387279\n|switch|p2a: Regieleki|Regieleki, L79|256/256\n|move|p1a: Slowking|Scald|p2a: Regieleki\n|-damage|p2a: Regieleki|93/256\n|-status|p2a: Regieleki|brn\n|\n|-heal|p1a: Slowking|203/310 par|[from] item: Leftovers\n|-damage|p2a: Regieleki|77/256 brn|[from] brn\n|upkeep\n|turn|11\n|\n|t:|1781387293\n|switch|p1a: Comfey|Comfey, L85, F|225/225\n|-damage|p1a: Comfey|169/225|[from] Spikes\n|move|p2a: Regieleki|Thunderbolt|p1a: Comfey\n|-damage|p1a: Comfey|63/225\n|-status|p1a: Comfey|par\n|\n|-heal|p1a: Comfey|77/225 par|[from] item: Leftovers\n|-damage|p2a: Regieleki|61/256 brn|[from] brn\n|upkeep\n|turn|12\n|\n|t:|1781387307\n|move|p1a: Comfey|Draining Kiss|p2a: Regieleki\n|-damage|p2a: Regieleki|0 fnt\n|-heal|p1a: Comfey|123/225 par|[from] drain|[of] p2a: Regieleki\n|faint|p2a: Regieleki\n|\n|-heal|p1a: Comfey|137/225 par|[from] item: Leftovers\n|upkeep\n|\n|t:|1781387315\n|switch|p2a: Wugtrio|Wugtrio, L91, F|158/212\n|turn|13\n|\n|t:|1781387323\n|move|p1a: Comfey|Giga Drain|p2a: Wugtrio\n|-supereffective|p2a: Wugtrio\n|-damage|p2a: Wugtrio|52/212\n|-heal|p1a: Comfey|190/225 par|[from] drain|[of] p2a: Wugtrio\n|move|p2a: Wugtrio|Liquidation|p1a: Comfey\n|-damage|p1a: Comfey|28/225 par\n|-unboost|p1a: Comfey|def|1\n|\n|-heal|p1a: Comfey|42/225 par|[from] item: Leftovers\n|upkeep\n|turn|14\n|\n|t:|1781387333\n|switch|p2a: Klefki|Klefki, L84, F|159/233 par\n|move|p1a: Comfey|Giga Drain|p2a: Klefki\n|-resisted|p2a: Klefki\n|-damage|p2a: Klefki|133/233 par\n|-heal|p1a: Comfey|55/225 par|[from] drain|[of] p2a: Klefki\n|\n|-heal|p1a: Comfey|69/225 par|[from] item: Leftovers\n|-heal|p2a: Klefki|147/233 par|[from] item: Leftovers\n|upkeep\n|turn|15\n|\n|t:|1781387345\n|move|p1a: Comfey|Draining Kiss|p2a: Klefki\n|-resisted|p2a: Klefki\n|-damage|p2a: Klefki|121/233 par\n|-heal|p1a: Comfey|89/225 par|[from] drain|[of] p2a: Klefki\n|move|p2a: Klefki|Play Rough|p1a: Comfey\n|-damage|p1a: Comfey|0 fnt\n|faint|p1a: Comfey\n|\n|-heal|p2a: Klefki|135/233 par|[from] item: Leftovers\n|upkeep\n|\n|t:|1781387356\n|switch|p1a: Slowking|Slowking, L88, M|306/310 par\n|-damage|p1a: Slowking|229/310 par|[from] Spikes\n|turn|16\n|\n|t:|1781387368\n|move|p2a: Klefki|Play Rough|p1a: Slowking\n|-damage|p1a: Slowking|148/310 par\n|cant|p1a: Slowking|par\n|\n|-heal|p2a: Klefki|149/233 par|[from] item: Leftovers\n|-heal|p1a: Slowking|167/310 par|[from] item: Leftovers\n|upkeep\n|turn|17\n|\n|t:|1781387381\n|move|p2a: Klefki|Play Rough|p1a: Slowking\n|-damage|p1a: Slowking|80/310 par\n|cant|p1a: Slowking|par\n|\n|-heal|p2a: Klefki|163/233 par|[from] item: Leftovers\n|-heal|p1a: Slowking|99/310 par|[from] item: Leftovers\n|upkeep\n|turn|18\n|\n|t:|1781387387\n|cant|p2a: Klefki|par\n|move|p1a: Slowking|Slack Off|p1a: Slowking\n|-heal|p1a: Slowking|254/310 par\n|\n|-heal|p2a: Klefki|177/233 par|[from] item: Leftovers\n|-heal|p1a: Slowking|273/310 par|[from] item: Leftovers\n|upkeep\n|turn|19\n|\n|t:|1781387391\n|move|p2a: Klefki|Play Rough|p1a: Slowking\n|-damage|p1a: Slowking|186/310 par\n|move|p1a: Slowking|Scald|p2a: Klefki\n|-damage|p2a: Klefki|86/233 par\n|\n|-heal|p2a: Klefki|100/233 par|[from] item: Leftovers\n|-heal|p1a: Slowking|205/310 par|[from] item: Leftovers\n|upkeep\n|turn|20\n|\n|t:|1781387398\n|cant|p2a: Klefki|par\n|cant|p1a: Slowking|par\n|\n|-heal|p2a: Klefki|114/233 par|[from] item: Leftovers\n|-heal|p1a: Slowking|224/310 par|[from] item: Leftovers\n|upkeep\n|turn|21\n|\n|t:|1781387405\n|move|p2a: Klefki|Play Rough|p1a: Slowking\n|-crit|p1a: Slowking\n|-damage|p1a: Slowking|104/310 par\n|move|p1a: Slowking|Slack Off|p1a: Slowking\n|-heal|p1a: Slowking|259/310 par\n|\n|-heal|p2a: Klefki|128/233 par|[from] item: Leftovers\n|-heal|p1a: Slowking|278/310 par|[from] item: Leftovers\n|upkeep\n|turn|22\n|\n|t:|1781387411\n|cant|p2a: Klefki|par\n|move|p1a: Slowking|Scald|p2a: Klefki\n|-damage|p2a: Klefki|28/233 par\n|\n|-heal|p2a: Klefki|42/233 par|[from] item: Leftovers\n|-heal|p1a: Slowking|297/310 par|[from] item: Leftovers\n|upkeep\n|turn|23\n|\n|t:|1781387419\n|move|p2a: Klefki|Play Rough|p1a: Slowking\n|-damage|p1a: Slowking|210/310 par\n|cant|p1a: Slowking|par\n|\n|-heal|p2a: Klefki|56/233 par|[from] item: Leftovers\n|-heal|p1a: Slowking|229/310 par|[from] item: Leftovers\n|upkeep\n|turn|24\n|\n|t:|1781387426\n|move|p2a: Klefki|Play Rough|p1a: Slowking\n|-damage|p1a: Slowking|139/310 par\n|move|p1a: Slowking|Slack Off|p1a: Slowking\n|-heal|p1a: Slowking|294/310 par\n|\n|-heal|p2a: Klefki|70/233 par|[from] item: Leftovers\n|-heal|p1a: Slowking|310/310 par|[from] item: Leftovers\n|upkeep\n|turn|25\n|\n|t:|1781387431\n|move|p2a: Klefki|Play Rough|p1a: Slowking\n|-damage|p1a: Slowking|232/310 par\n|move|p1a: Slowking|Scald|p2a: Klefki\n|-damage|p2a: Klefki|0 fnt\n|faint|p2a: Klefki\n|\n|-heal|p1a: Slowking|251/310 par|[from] item: Leftovers\n|upkeep\n|\n|t:|1781387441\n|switch|p2a: Wugtrio|Wugtrio, L91, F|52/212\n|turn|26\n|\n|t:|1781387455\n|move|p2a: Wugtrio|Throat Chop|p1a: Slowking\n|-supereffective|p1a: Slowking\n|-damage|p1a: Slowking|33/310 par\n|-start|p1a: Slowking|Throat Chop|[silent]\n|cant|p1a: Slowking|par\n|\n|-heal|p1a: Slowking|52/310 par|[from] item: Leftovers\n|upkeep\n|turn|27\n|\n|t:|1781387469\n|switch|p2a: Blastoise|Blastoise, L80, M|258/258\n|switch|p1a: Tauros|Tauros-Paldea-Blaze, L81, M|212/254\n|-damage|p1a: Tauros|149/254|[from] Spikes\n|-ability|p1a: Tauros|Intimidate|boost\n|-unboost|p2a: Blastoise|atk|1\n|-enditem|p2a: Blastoise|White Herb\n|-clearnegativeboost|p2a: Blastoise|[silent]\n|\n|upkeep\n|turn|28\n|\n|t:|1781387491\n|move|p1a: Tauros|Close Combat|p2a: Blastoise\n|-damage|p2a: Blastoise|71/258\n|-unboost|p1a: Tauros|def|1\n|-unboost|p1a: Tauros|spd|1\n|move|p2a: Blastoise|Shell Smash|p2a: Blastoise\n|-unboost|p2a: Blastoise|def|1\n|-unboost|p2a: Blastoise|spd|1\n|-boost|p2a: Blastoise|atk|2\n|-boost|p2a: Blastoise|spa|2\n|-boost|p2a: Blastoise|spe|2\n|\n|upkeep\n|turn|29\n|\n|t:|1781387502\n|move|p2a: Blastoise|Earthquake|p1a: Tauros\n|-supereffective|p1a: Tauros\n|-damage|p1a: Tauros|0 fnt\n|faint|p1a: Tauros\n|\n|upkeep\n|\n|t:|1781387517\n|switch|p1a: Lucario|Lucario, L84, F|255/255\n|-damage|p1a: Lucario|192/255|[from] Spikes\n|turn|30\n|\n|t:|1781387531\n|move|p1a: Lucario|Vacuum Wave|p2a: Blastoise\n|-damage|p2a: Blastoise|0 fnt\n|faint|p2a: Blastoise\n|-damage|p1a: Lucario|167/255|[from] item: Life Orb\n|\n|upkeep\n|\n|t:|1781387533\n|switch|p2a: Hawlucha|Hawlucha, L80, F|256/256\n|turn|31\n|inactive|green8Bit has 120 seconds left.\n|\n|t:|1781387573\n|move|p2a: Hawlucha|Close Combat|p1a: Lucario\n|-supereffective|p1a: Lucario\n|-damage|p1a: Lucario|0 fnt\n|-unboost|p2a: Hawlucha|def|1\n|-unboost|p2a: Hawlucha|spd|1\n|faint|p1a: Lucario\n|-enditem|p2a: Hawlucha|White Herb\n|-clearnegativeboost|p2a: Hawlucha|[silent]\n|\n|upkeep\n|inactive|green8Bit has 90 seconds left.\n|\n|t:|1781387604\n|switch|p1a: Basculin|Basculin, L86, F|261/261\n|-damage|p1a: Basculin|196/261|[from] Spikes\n|turn|32\n|\n|t:|1781387629\n|-terastallize|p2a: Hawlucha|Flying\n|move|p2a: Hawlucha|Brave Bird|p1a: Basculin\n|-damage|p1a: Basculin|14/261\n|-damage|p2a: Hawlucha|196/256|[from] Recoil\n|move|p1a: Basculin|Wave Crash|p2a: Hawlucha\n|-damage|p2a: Hawlucha|0 fnt\n|faint|p2a: Hawlucha\n|-damage|p1a: Basculin|0 fnt|[from] Recoil\n|faint|p1a: Basculin\n|\n|upkeep\n|\n|t:|1781387640\n|switch|p2a: Wugtrio|Wugtrio, L91, F|52/212\n|switch|p1a: Cetitan|Cetitan, L82, F|413/413\n|-damage|p1a: Cetitan|310/413|[from] Spikes\n|turn|33\n|inactive|metalhydra273 has 120 seconds left.\n|\n|t:|1781387666\n|-terastallize|p1a: Cetitan|Water\n|move|p2a: Wugtrio|Liquidation|p1a: Cetitan\n|-resisted|p1a: Cetitan\n|-damage|p1a: Cetitan|208/413\n|move|p1a: Cetitan|Liquidation|p2a: Wugtrio\n|-resisted|p2a: Wugtrio\n|-damage|p2a: Wugtrio|0 fnt\n|-ability|p2a: Wugtrio|Gooey\n|-unboost|p1a: Cetitan|spe|1\n|faint|p2a: Wugtrio\n|\n|win|green8Bit\n", "uploadtime": 1781387114, "views": 5, "formatid": "gen9randombattle", "rating": null, "private": 0, "password": null}