{"id": "gen9randombattle-2631689978", "format": "[Gen 9] Random Battle", "players": ["Shaiminlea", "rgrgreger"], "log": "|j|\u2606Shaiminlea\n|j|\u2606rgrgreger\n|t:|1781422390\n|gametype|singles\n|player|p1|Shaiminlea|blackbelt-gen4dp|1875\n|player|p2|rgrgreger|zinzolin|1992\n|gen|9\n|tier|[Gen 9] Random Battle\n|rated|\n|rule|Species Clause: Limit one of each Pok\u00e9mon\n|rule|HP Percentage Mod: HP is shown in percentages\n|rule|Sleep Clause Mod: Limit one foe put to sleep\n|rule|Illusion Level Mod: Illusion disguises the Pok\u00e9mon's true level\n|\n|t:|1781422390\n|teamsize|p1|6\n|teamsize|p2|6\n|start\n|switch|p1a: Luvdisc|Luvdisc, F|247/247\n|switch|p2a: Kommo-o|Kommo-o, L78, M|245/245\n|turn|1\n|inactive|Battle timer is ON: inactive players will automatically lose when time's up. (requested by rgrgreger)\n|inactive|Shaiminlea also wants the timer to be on.\n|\n|t:|1781422406\n|switch|p1a: Dachsbun|Dachsbun, L92, F|254/254\n|move|p2a: Kommo-o|Clangorous Soul|p2a: Kommo-o\n|-boost|p2a: Kommo-o|atk|1\n|-boost|p2a: Kommo-o|def|1\n|-boost|p2a: Kommo-o|spa|1\n|-boost|p2a: Kommo-o|spd|1\n|-boost|p2a: Kommo-o|spe|1\n|-damage|p2a: Kommo-o|165/245\n|-enditem|p2a: Kommo-o|Throat Spray\n|-boost|p2a: Kommo-o|spa|1|[from] item: Throat Spray\n|\n|upkeep\n|turn|2\n|\n|t:|1781422411\n|-terastallize|p2a: Kommo-o|Normal\n|move|p2a: Kommo-o|Boomburst|p1a: Dachsbun\n|-damage|p1a: Dachsbun|5/254\n|move|p1a: Dachsbun|Play Rough|p2a: Kommo-o\n|-damage|p2a: Kommo-o|108/245\n|\n|-heal|p1a: Dachsbun|20/254|[from] item: Leftovers\n|upkeep\n|turn|3\n|\n|t:|1781422418\n|move|p2a: Kommo-o|Drain Punch|p1a: Dachsbun\n|-resisted|p1a: Dachsbun\n|-damage|p1a: Dachsbun|0 fnt\n|-heal|p2a: Kommo-o|118/245|[from] drain|[of] p1a: Dachsbun\n|faint|p1a: Dachsbun\n|\n|upkeep\n|\n|t:|1781422425\n|switch|p1a: Lugia|Lugia, L73|275/275\n|turn|4\n|\n|t:|1781422429\n|move|p2a: Kommo-o|Boomburst|p1a: Lugia\n|-damage|p1a: Lugia|185/275\n|move|p1a: Lugia|Aeroblast|p2a: Kommo-o\n|-damage|p2a: Kommo-o|70/245\n|\n|upkeep\n|turn|5\n|\n|t:|1781422436\n|move|p2a: Kommo-o|Boomburst|p1a: Lugia\n|-damage|p1a: Lugia|0 fnt\n|faint|p1a: Lugia\n|\n|upkeep\n|\n|t:|1781422440\n|switch|p1a: Regieleki|Regieleki, L79|256/256\n|turn|6\n|\n|t:|1781422444\n|move|p1a: Regieleki|Thunderbolt|p2a: Kommo-o\n|-crit|p2a: Kommo-o\n|-damage|p2a: Kommo-o|0 fnt\n|faint|p2a: Kommo-o\n|\n|upkeep\n|\n|t:|1781422449\n|switch|p2a: Flygon|Flygon, L82, M|265/265\n|turn|7\n|\n|t:|1781422451\n|-terastallize|p1a: Regieleki|Ice\n|move|p1a: Regieleki|Tera Blast|p2a: Flygon|[anim] Tera Blast Ice\n|-supereffective|p2a: Flygon\n|-damage|p2a: Flygon|0 fnt\n|faint|p2a: Flygon\n|\n|upkeep\n|\n|t:|1781422459\n|switch|p2a: Morpeko|Morpeko, L88, M|245/245\n|turn|8\n|\n|t:|1781422462\n|move|p1a: Regieleki|Tera Blast|p2a: Morpeko|[anim] Tera Blast Ice\n|-damage|p2a: Morpeko|146/245\n|move|p2a: Morpeko|Aura Wheel|p1a: Regieleki\n|-damage|p1a: Regieleki|69/256\n|-boost|p2a: Morpeko|spe|1\n|\n|-heal|p2a: Morpeko|161/245|[from] item: Leftovers\n|-formechange|p2a: Morpeko|Morpeko-Hangry||[from] ability: Hunger Switch\n|upkeep\n|turn|9\n|\n|t:|1781422469\n|move|p1a: Regieleki|Tera Blast|p2a: Morpeko|[anim] Tera Blast Ice\n|-damage|p2a: Morpeko|58/245\n|move|p2a: Morpeko|Aura Wheel|p1a: Regieleki\n|-damage|p1a: Regieleki|0 fnt\n|-boost|p2a: Morpeko|spe|1\n|faint|p1a: Regieleki\n|\n|-heal|p2a: Morpeko|73/245|[from] item: Leftovers\n|-formechange|p2a: Morpeko|Morpeko||[from] ability: Hunger Switch\n|upkeep\n|\n|t:|1781422475\n|switch|p1a: Chi-Yu|Chi-Yu, L77|211/211\n|-ability|p1a: Chi-Yu|Beads of Ruin\n|turn|10\n|\n|t:|1781422479\n|move|p2a: Morpeko|Aura Wheel|p1a: Chi-Yu\n|-damage|p1a: Chi-Yu|60/211\n|-boost|p2a: Morpeko|spe|1\n|move|p1a: Chi-Yu|Fire Blast|p2a: Morpeko|[miss]\n|-miss|p1a: Chi-Yu|p2a: Morpeko\n|\n|-heal|p2a: Morpeko|88/245|[from] item: Leftovers\n|-formechange|p2a: Morpeko|Morpeko-Hangry||[from] ability: Hunger Switch\n|upkeep\n|turn|11\n|\n|t:|1781422485\n|move|p2a: Morpeko|Aura Wheel|p1a: Chi-Yu\n|-resisted|p1a: Chi-Yu\n|-damage|p1a: Chi-Yu|0 fnt\n|-boost|p2a: Morpeko|spe|1\n|faint|p1a: Chi-Yu\n|\n|-heal|p2a: Morpeko|103/245|[from] item: Leftovers\n|-formechange|p2a: Morpeko|Morpeko||[from] ability: Hunger Switch\n|upkeep\n|\n|t:|1781422488\n|switch|p1a: Moltres|Moltres-Galar, L79|271/271\n|turn|12\n|\n|t:|1781422491\n|move|p2a: Morpeko|Aura Wheel|p1a: Moltres\n|-supereffective|p1a: Moltres\n|-damage|p1a: Moltres|0 fnt\n|-boost|p2a: Morpeko|spe|1\n|faint|p1a: Moltres\n|\n|-heal|p2a: Morpeko|118/245|[from] item: Leftovers\n|-formechange|p2a: Morpeko|Morpeko-Hangry||[from] ability: Hunger Switch\n|upkeep\n|-message|Shaiminlea forfeited.\n|\n|win|rgrgreger\n|raw|Shaiminlea's rating: 1875 &rarr; <strong>1861</strong><br />(-14 for losing)\n|raw|rgrgreger's rating: 1992 &rarr; <strong>2006</strong><br />(+14 for winning)\n", "uploadtime": 1781422496, "views": 3, "formatid": "gen9randombattle", "rating": 1861, "private": 0, "password": null}