{"id": "gen9randombattle-2631603614", "format": "[Gen 9] Random Battle", "players": ["UmmHaha", "randomperson43"], "log": "|j|\u2606UmmHaha\n|j|\u2606randomperson43\n|t:|1781407444\n|gametype|singles\n|player|p1|UmmHaha|steven|1905\n|player|p2|randomperson43|2|1847\n|gen|9\n|tier|[Gen 9] Random Battle\n|rated|\n|rule|Species Clause: Limit one of each Pok\u00e9mon\n|rule|HP Percentage Mod: HP is shown in percentages\n|rule|Sleep Clause Mod: Limit one foe put to sleep\n|rule|Illusion Level Mod: Illusion disguises the Pok\u00e9mon's true level\n|\n|t:|1781407444\n|teamsize|p1|6\n|teamsize|p2|6\n|start\n|switch|p1a: Dusknoir|Dusknoir, L89, F|225/225\n|switch|p2a: Lanturn|Lanturn, L89, M|367/367\n|-item|p2a: Lanturn|Heavy-Duty Boots|[from] ability: Frisk|[of] p1a: Dusknoir\n|turn|1\n|inactive|Battle timer is ON: inactive players will automatically lose when time's up. (requested by randomperson43)\n|\n|t:|1781407458\n|move|p2a: Lanturn|Scald|p1a: Dusknoir\n|-damage|p1a: Dusknoir|176/225\n|move|p1a: Dusknoir|Poltergeist|p2a: Lanturn\n|-activate|p2a: Lanturn|move: Poltergeist|Heavy-Duty Boots\n|-damage|p2a: Lanturn|195/367\n|\n|-heal|p1a: Dusknoir|190/225|[from] item: Leftovers\n|upkeep\n|turn|2\n|\n|t:|1781407464\n|move|p2a: Lanturn|Scald|p1a: Dusknoir\n|-damage|p1a: Dusknoir|136/225\n|move|p1a: Dusknoir|Poltergeist|p2a: Lanturn\n|-activate|p2a: Lanturn|move: Poltergeist|Heavy-Duty Boots\n|-damage|p2a: Lanturn|14/367\n|\n|-heal|p1a: Dusknoir|150/225|[from] item: Leftovers\n|upkeep\n|turn|3\n|\n|t:|1781407471\n|switch|p2a: Dunsparce|Dunsparce, L86, M|312/312\n|move|p1a: Dusknoir|Poltergeist|p2a: Dunsparce\n|-immune|p2a: Dunsparce\n|\n|-heal|p1a: Dusknoir|164/225|[from] item: Leftovers\n|upkeep\n|turn|4\n|\n|t:|1781407484\n|switch|p2a: Lanturn|Lanturn, L89, M|14/367\n|move|p1a: Dusknoir|Substitute|p1a: Dusknoir\n|-start|p1a: Dusknoir|Substitute\n|-damage|p1a: Dusknoir|108/225\n|\n|-heal|p1a: Dusknoir|122/225|[from] item: Leftovers\n|upkeep\n|turn|5\n|\n|t:|1781407487\n|-singleturn|p1a: Dusknoir|move: Focus Punch\n|move|p2a: Lanturn|Volt Switch|p1a: Dusknoir\n|-activate|p1a: Dusknoir|move: Substitute|[damage]\n|\n|t:|1781407491\n|switch|p2a: Houndstone|Houndstone, L86, F|264/264|[from] Volt Switch\n|move|p1a: Dusknoir|Focus Punch|p2a: Houndstone\n|-immune|p2a: Houndstone\n|\n|-heal|p1a: Dusknoir|136/225|[from] item: Leftovers\n|upkeep\n|turn|6\n|\n|t:|1781407501\n|switch|p2a: Dunsparce|Dunsparce, L86, M|312/312\n|move|p1a: Dusknoir|Poltergeist|p2a: Dunsparce\n|-immune|p2a: Dunsparce\n|\n|-heal|p1a: Dusknoir|150/225|[from] item: Leftovers\n|upkeep\n|turn|7\n|\n|t:|1781407504\n|-singleturn|p1a: Dusknoir|move: Focus Punch\n|move|p2a: Dunsparce|Coil|p2a: Dunsparce\n|-boost|p2a: Dunsparce|atk|1\n|-boost|p2a: Dunsparce|def|1\n|-boost|p2a: Dunsparce|accuracy|1\n|move|p1a: Dusknoir|Focus Punch|p2a: Dunsparce\n|-supereffective|p2a: Dunsparce\n|-damage|p2a: Dunsparce|182/312\n|\n|-heal|p1a: Dusknoir|164/225|[from] item: Leftovers\n|upkeep\n|turn|8\n|\n|t:|1781407508\n|-singleturn|p1a: Dusknoir|move: Focus Punch\n|move|p2a: Dunsparce|Coil|p2a: Dunsparce\n|-boost|p2a: Dunsparce|atk|1\n|-boost|p2a: Dunsparce|def|1\n|-boost|p2a: Dunsparce|accuracy|1\n|move|p1a: Dusknoir|Focus Punch|p2a: Dunsparce\n|-supereffective|p2a: Dunsparce\n|-damage|p2a: Dunsparce|88/312\n|\n|-heal|p1a: Dusknoir|178/225|[from] item: Leftovers\n|upkeep\n|turn|9\n|\n|t:|1781407524\n|switch|p1a: Gholdengo|Gholdengo, L77|261/261\n|move|p2a: Dunsparce|Roost|p2a: Dunsparce\n|-heal|p2a: Dunsparce|244/312\n|-singleturn|p2a: Dunsparce|move: Roost\n|\n|upkeep\n|turn|10\n|\n|t:|1781407543\n|move|p1a: Gholdengo|Trick|p2a: Dunsparce\n|-activate|p1a: Gholdengo|move: Trick|[of] p2a: Dunsparce\n|-item|p2a: Dunsparce|Choice Scarf|[from] move: Trick\n|-item|p1a: Gholdengo|Eviolite|[from] move: Trick\n|move|p2a: Dunsparce|Earthquake|p1a: Gholdengo\n|-supereffective|p1a: Gholdengo\n|-damage|p1a: Gholdengo|25/261\n|\n|upkeep\n|turn|11\n|\n|t:|1781407550\n|move|p2a: Dunsparce|Earthquake|p1a: Gholdengo\n|-supereffective|p1a: Gholdengo\n|-damage|p1a: Gholdengo|0 fnt\n|faint|p1a: Gholdengo\n|\n|upkeep\n|\n|t:|1781407559\n|switch|p1a: Dusknoir|Dusknoir, L89, F|178/225\n|-item|p2a: Dunsparce|Choice Scarf|[from] ability: Frisk|[of] p1a: Dusknoir\n|turn|12\n|\n|t:|1781407563\n|move|p2a: Dunsparce|Earthquake|p1a: Dusknoir\n|-damage|p1a: Dusknoir|99/225\n|move|p1a: Dusknoir|Substitute|p1a: Dusknoir\n|-start|p1a: Dusknoir|Substitute\n|-damage|p1a: Dusknoir|43/225\n|\n|-heal|p1a: Dusknoir|57/225|[from] item: Leftovers\n|upkeep\n|turn|13\n|\n|t:|1781407568\n|-singleturn|p1a: Dusknoir|move: Focus Punch\n|move|p2a: Dunsparce|Earthquake|p1a: Dusknoir\n|-end|p1a: Dusknoir|Substitute\n|move|p1a: Dusknoir|Focus Punch|p2a: Dunsparce\n|-supereffective|p2a: Dunsparce\n|-damage|p2a: Dunsparce|112/312\n|\n|-heal|p1a: Dusknoir|71/225|[from] item: Leftovers\n|upkeep\n|turn|14\n|\n|t:|1781407576\n|move|p2a: Dunsparce|Earthquake|p1a: Dusknoir\n|-damage|p1a: Dusknoir|0 fnt\n|faint|p1a: Dusknoir\n|\n|upkeep\n|\n|t:|1781407577\n|switch|p1a: Dialga|Dialga-Origin, L73|266/266\n|-ability|p1a: Dialga|Pressure\n|turn|15\n|\n|t:|1781407580\n|move|p2a: Dunsparce|Earthquake|p1a: Dialga\n|-supereffective|p1a: Dialga\n|-damage|p1a: Dialga|68/266\n|move|p1a: Dialga|Flash Cannon|p2a: Dunsparce\n|-crit|p2a: Dunsparce\n|-damage|p2a: Dunsparce|0 fnt\n|faint|p2a: Dunsparce\n|\n|upkeep\n|\n|t:|1781407588\n|switch|p2a: Typhlosion|Typhlosion-Hisui, L83, M|257/257\n|turn|16\n|\n|t:|1781407597\n|move|p2a: Typhlosion|Shadow Ball|p1a: Dialga\n|-damage|p1a: Dialga|0 fnt\n|faint|p1a: Dialga\n|\n|upkeep\n|\n|t:|1781407601\n|switch|p1a: Golem|Golem-Alola, L93, F|300/300\n|turn|17\n|\n|t:|1781407610\n|switch|p2a: Zamazenta|Zamazenta, L71|248/248\n|-ability|p2a: Zamazenta|Dauntless Shield|boost\n|-boost|p2a: Zamazenta|def|1\n|move|p1a: Golem|Earthquake|p2a: Zamazenta\n|-damage|p2a: Zamazenta|147/248\n|\n|upkeep\n|turn|18\n|\n|t:|1781407615\n|move|p2a: Zamazenta|Close Combat|p1a: Golem\n|-supereffective|p1a: Golem\n|-damage|p1a: Golem|66/300\n|-unboost|p2a: Zamazenta|def|1\n|-unboost|p2a: Zamazenta|spd|1\n|move|p1a: Golem|Earthquake|p2a: Zamazenta\n|-damage|p2a: Zamazenta|11/248\n|\n|upkeep\n|turn|19\n|\n|t:|1781407621\n|switch|p1a: Grimmsnarl|Grimmsnarl, L83, M|293/293\n|move|p2a: Zamazenta|Close Combat|p1a: Grimmsnarl\n|-damage|p1a: Grimmsnarl|74/293\n|-unboost|p2a: Zamazenta|def|1\n|-unboost|p2a: Zamazenta|spd|1\n|\n|upkeep\n|turn|20\n|-message|UmmHaha forfeited.\n|\n|win|randomperson43\n|raw|UmmHaha's rating: 1905 &rarr; <strong>1882</strong><br />(-23 for losing)\n|raw|randomperson43's rating: 1847 &rarr; <strong>1870</strong><br />(+23 for winning)\n", "uploadtime": 1781407630, "views": 4, "formatid": "gen9randombattle", "rating": 1870, "private": 0, "password": null}