{"id": "gen9randombattle-2631436421", "format": "[Gen 9] Random Battle", "players": ["Malog7", "noocha"], "log": "|j|\u2606Malog7\n|j|\u2606noocha\n|t:|1781384455\n|gametype|singles\n|player|p1|Malog7|steven|2055\n|player|p2|noocha|hanbei-conquest|2045\n|gen|9\n|tier|[Gen 9] Random Battle\n|rated|\n|rule|Species Clause: Limit one of each Pok\u00e9mon\n|rule|HP Percentage Mod: HP is shown in percentages\n|rule|Sleep Clause Mod: Limit one foe put to sleep\n|rule|Illusion Level Mod: Illusion disguises the Pok\u00e9mon's true level\n|\n|t:|1781384455\n|teamsize|p1|6\n|teamsize|p2|6\n|start\n|switch|p1a: Typhlosion|Typhlosion-Hisui, L83, M|257/257\n|switch|p2a: Wo-Chien|Wo-Chien, L83|277/277\n|-ability|p2a: Wo-Chien|Tablets of Ruin\n|turn|1\n|\n|t:|1781384463\n|move|p2a: Wo-Chien|Protect|p2a: Wo-Chien\n|-singleturn|p2a: Wo-Chien|Protect\n|move|p1a: Typhlosion|Eruption|p2a: Wo-Chien\n|-activate|p2a: Wo-Chien|move: Protect\n|\n|upkeep\n|turn|2\n|inactive|Battle timer is ON: inactive players will automatically lose when time's up. (requested by Malog7)\n|\n|t:|1781384469\n|switch|p2a: Magmortar|Magmortar, L88, F|275/275\n|move|p1a: Typhlosion|Eruption|p2a: Magmortar\n|-resisted|p2a: Magmortar\n|-damage|p2a: Magmortar|147/275\n|\n|upkeep\n|turn|3\n|\n|t:|1781384481\n|switch|p1a: Wugtrio|Wugtrio, L91, M|212/212\n|move|p2a: Magmortar|Knock Off|p1a: Wugtrio\n|-damage|p1a: Wugtrio|107/212\n|-ability|p1a: Wugtrio|Gooey\n|-unboost|p2a: Magmortar|spe|1\n|-enditem|p1a: Wugtrio|Choice Band|[from] move: Knock Off|[of] p2a: Magmortar\n|\n|upkeep\n|turn|4\n|\n|t:|1781384489\n|move|p1a: Wugtrio|Liquidation|p2a: Magmortar\n|-supereffective|p2a: Magmortar\n|-damage|p2a: Magmortar|0 fnt\n|-status|p1a: Wugtrio|brn|[from] ability: Flame Body|[of] p2a: Magmortar\n|faint|p2a: Magmortar\n|\n|-damage|p1a: Wugtrio|94/212 brn|[from] brn\n|upkeep\n|\n|t:|1781384495\n|switch|p2a: Kingambit|Kingambit, L74, M|270/270\n|-activate|p2a: Kingambit|ability: Supreme Overlord\n|-start|p2a: Kingambit|fallen1|[silent]\n|turn|5\n|\n|t:|1781384499\n|move|p1a: Wugtrio|Stomping Tantrum|p2a: Kingambit\n|-supereffective|p2a: Kingambit\n|-damage|p2a: Kingambit|212/270\n|move|p2a: Kingambit|Swords Dance|p2a: Kingambit\n|-boost|p2a: Kingambit|atk|2\n|\n|-heal|p2a: Kingambit|228/270|[from] item: Leftovers\n|-damage|p1a: Wugtrio|81/212 brn|[from] brn\n|upkeep\n|turn|6\n|\n|t:|1781384505\n|switch|p1a: Illumise|Illumise, L91, F|266/266\n|move|p2a: Kingambit|Swords Dance|p2a: Kingambit\n|-boost|p2a: Kingambit|atk|2\n|\n|-heal|p2a: Kingambit|244/270|[from] item: Leftovers\n|upkeep\n|turn|7\n|\n|t:|1781384509\n|move|p1a: Illumise|Bug Buzz|p2a: Kingambit\n|-damage|p2a: Kingambit|147/270\n|move|p2a: Kingambit|Iron Head|p1a: Illumise\n|-damage|p1a: Illumise|0 fnt\n|faint|p1a: Illumise\n|\n|-heal|p2a: Kingambit|163/270|[from] item: Leftovers\n|upkeep\n|\n|t:|1781384519\n|switch|p1a: Blastoise|Blastoise, L80, F|258/258\n|turn|8\n|\n|t:|1781384522\n|move|p1a: Blastoise|Hydro Pump|p2a: Kingambit\n|-damage|p2a: Kingambit|60/270\n|move|p2a: Kingambit|Kowtow Cleave|p1a: Blastoise\n|-damage|p1a: Blastoise|0 fnt\n|faint|p1a: Blastoise\n|\n|-heal|p2a: Kingambit|76/270|[from] item: Leftovers\n|upkeep\n|\n|t:|1781384532\n|switch|p1a: Alcremie|Alcremie-Matcha-Cream, L90, F|263/263\n|turn|9\n|\n|t:|1781384536\n|-end|p2a: Kingambit|fallen1|[silent]\n|switch|p2a: Glimmora|Glimmora, L75, M|248/248\n|move|p1a: Alcremie|Alluring Voice|p2a: Glimmora\n|-resisted|p2a: Glimmora\n|-damage|p2a: Glimmora|188/248\n|\n|upkeep\n|turn|10\n|\n|t:|1781384539\n|switch|p1a: Wugtrio|Wugtrio, L91, M|81/212 brn\n|move|p2a: Glimmora|Sludge Wave|p1a: Wugtrio\n|-damage|p1a: Wugtrio|0 fnt\n|faint|p1a: Wugtrio\n|\n|upkeep\n|\n|t:|1781384543\n|switch|p1a: Garganacl|Garganacl, L80, F|291/291\n|turn|11\n|\n|t:|1781384548\n|move|p2a: Glimmora|Meteor Beam||[still]\n|-prepare|p2a: Glimmora|Meteor Beam\n|-boost|p2a: Glimmora|spa|1\n|-enditem|p2a: Glimmora|Power Herb\n|-anim|p2a: Glimmora|Meteor Beam|p1a: Garganacl\n|-damage|p1a: Garganacl|84/291\n|move|p1a: Garganacl|Earthquake|p2a: Glimmora\n|-supereffective|p2a: Glimmora\n|-damage|p2a: Glimmora|0 fnt\n|-activate|p2a: Glimmora|ability: Toxic Debris\n|-sidestart|p1: Malog7|move: Toxic Spikes\n|faint|p2a: Glimmora\n|\n|-heal|p1a: Garganacl|102/291|[from] item: Leftovers\n|upkeep\n|\n|t:|1781384556\n|switch|p2a: Sunflora|Sunflora, M|312/312\n|turn|12\n|\n|t:|1781384566\n|move|p2a: Sunflora|Earth Power|p1a: Garganacl\n|-supereffective|p1a: Garganacl\n|-damage|p1a: Garganacl|0 fnt\n|faint|p1a: Garganacl\n|\n|upkeep\n|\n|t:|1781384568\n|switch|p1a: Alcremie|Alcremie-Matcha-Cream, L90, F|263/263\n|-status|p1a: Alcremie|psn\n|turn|13\n|\n|t:|1781384573\n|switch|p2a: Wo-Chien|Wo-Chien, L83|277/277\n|-ability|p2a: Wo-Chien|Tablets of Ruin\n|move|p1a: Alcremie|Calm Mind|p1a: Alcremie\n|-boost|p1a: Alcremie|spa|1\n|-boost|p1a: Alcremie|spd|1\n|\n|-damage|p1a: Alcremie|231/263 psn|[from] psn\n|upkeep\n|turn|14\n|\n|t:|1781384576\n|move|p1a: Alcremie|Alluring Voice|p2a: Wo-Chien\n|-supereffective|p2a: Wo-Chien\n|-damage|p2a: Wo-Chien|55/277\n|move|p2a: Wo-Chien|Leech Seed|p1a: Alcremie\n|-start|p1a: Alcremie|move: Leech Seed\n|\n|-heal|p1a: Alcremie|247/263 psn|[from] item: Leftovers\n|-heal|p2a: Wo-Chien|72/277|[from] item: Leftovers\n|-damage|p1a: Alcremie|215/263 psn|[from] Leech Seed|[of] p2a: Wo-Chien\n|-heal|p2a: Wo-Chien|104/277|[silent]\n|-damage|p1a: Alcremie|183/263 psn|[from] psn\n|upkeep\n|turn|15\n|\n|t:|1781384583\n|switch|p2a: Sylveon|Sylveon, L85, M|300/300\n|move|p1a: Alcremie|Calm Mind|p1a: Alcremie\n|-boost|p1a: Alcremie|spa|1\n|-boost|p1a: Alcremie|spd|1\n|\n|-heal|p1a: Alcremie|199/263 psn|[from] item: Leftovers\n|-damage|p1a: Alcremie|167/263 psn|[from] Leech Seed|[of] p2a: Sylveon\n|-damage|p1a: Alcremie|135/263 psn|[from] psn\n|upkeep\n|turn|16\n|\n|t:|1781384589\n|move|p1a: Alcremie|Calm Mind|p1a: Alcremie\n|-boost|p1a: Alcremie|spa|1\n|-boost|p1a: Alcremie|spd|1\n|move|p2a: Sylveon|Calm Mind|p2a: Sylveon\n|-boost|p2a: Sylveon|spa|1\n|-boost|p2a: Sylveon|spd|1\n|\n|-heal|p1a: Alcremie|151/263 psn|[from] item: Leftovers\n|-damage|p1a: Alcremie|119/263 psn|[from] Leech Seed|[of] p2a: Sylveon\n|-damage|p1a: Alcremie|87/263 psn|[from] psn\n|upkeep\n|turn|17\n|\n|t:|1781384592\n|move|p1a: Alcremie|Recover|p1a: Alcremie\n|-heal|p1a: Alcremie|219/263 psn\n|move|p2a: Sylveon|Calm Mind|p2a: Sylveon\n|-boost|p2a: Sylveon|spa|1\n|-boost|p2a: Sylveon|spd|1\n|\n|-heal|p1a: Alcremie|235/263 psn|[from] item: Leftovers\n|-damage|p1a: Alcremie|203/263 psn|[from] Leech Seed|[of] p2a: Sylveon\n|-damage|p1a: Alcremie|171/263 psn|[from] psn\n|upkeep\n|turn|18\n|\n|t:|1781384597\n|move|p1a: Alcremie|Calm Mind|p1a: Alcremie\n|-boost|p1a: Alcremie|spa|1\n|-boost|p1a: Alcremie|spd|1\n|move|p2a: Sylveon|Calm Mind|p2a: Sylveon\n|-boost|p2a: Sylveon|spa|1\n|-boost|p2a: Sylveon|spd|1\n|\n|-heal|p1a: Alcremie|187/263 psn|[from] item: Leftovers\n|-damage|p1a: Alcremie|155/263 psn|[from] Leech Seed|[of] p2a: Sylveon\n|-damage|p1a: Alcremie|123/263 psn|[from] psn\n|upkeep\n|turn|19\n|\n|t:|1781384600\n|move|p1a: Alcremie|Recover|p1a: Alcremie\n|-heal|p1a: Alcremie|255/263 psn\n|move|p2a: Sylveon|Hyper Voice|p1a: Alcremie\n|-damage|p1a: Alcremie|173/263 psn\n|\n|-heal|p1a: Alcremie|189/263 psn|[from] item: Leftovers\n|-damage|p1a: Alcremie|157/263 psn|[from] Leech Seed|[of] p2a: Sylveon\n|-damage|p1a: Alcremie|125/263 psn|[from] psn\n|upkeep\n|turn|20\n|\n|t:|1781384605\n|move|p1a: Alcremie|Psyshock|p2a: Sylveon\n|-damage|p2a: Sylveon|31/300\n|move|p2a: Sylveon|Hyper Voice|p1a: Alcremie\n|-damage|p1a: Alcremie|43/263 psn\n|\n|-heal|p1a: Alcremie|59/263 psn|[from] item: Leftovers\n|-heal|p2a: Sylveon|49/300|[from] item: Leftovers\n|-damage|p1a: Alcremie|27/263 psn|[from] Leech Seed|[of] p2a: Sylveon\n|-heal|p2a: Sylveon|81/300|[silent]\n|-damage|p1a: Alcremie|0 fnt|[from] psn\n|faint|p1a: Alcremie\n|upkeep\n|\n|t:|1781384614\n|switch|p1a: Typhlosion|Typhlosion-Hisui, L83, M|257/257\n|-status|p1a: Typhlosion|psn\n|turn|21\n|\n|t:|1781384617\n|-terastallize|p1a: Typhlosion|Fire\n|move|p2a: Sylveon|Protect|p2a: Sylveon\n|-singleturn|p2a: Sylveon|Protect\n|move|p1a: Typhlosion|Fire Blast|p2a: Sylveon\n|-activate|p2a: Sylveon|move: Protect\n|\n|-heal|p2a: Sylveon|99/300|[from] item: Leftovers\n|-damage|p1a: Typhlosion|225/257 psn|[from] psn\n|upkeep\n|turn|22\n|\n|t:|1781384623\n|move|p1a: Typhlosion|Fire Blast|p2a: Sylveon\n|-damage|p2a: Sylveon|17/300\n|-status|p2a: Sylveon|brn\n|move|p2a: Sylveon|Hyper Voice|p1a: Typhlosion\n|-resisted|p1a: Typhlosion\n|-damage|p1a: Typhlosion|48/257 psn\n|\n|-heal|p2a: Sylveon|35/300 brn|[from] item: Leftovers\n|-damage|p1a: Typhlosion|16/257 psn|[from] psn\n|-damage|p2a: Sylveon|17/300 brn|[from] brn\n|upkeep\n|turn|23\n|\n|t:|1781384628\n|move|p2a: Sylveon|Protect|p2a: Sylveon\n|-singleturn|p2a: Sylveon|Protect\n|move|p1a: Typhlosion|Fire Blast|p2a: Sylveon\n|-activate|p2a: Sylveon|move: Protect\n|\n|-heal|p2a: Sylveon|35/300 brn|[from] item: Leftovers\n|-damage|p1a: Typhlosion|0 fnt|[from] psn\n|faint|p1a: Typhlosion\n|\n|win|noocha\n", "uploadtime": 1781384457, "views": 12, "formatid": "gen9randombattle", "rating": null, "private": 0, "password": null}