{"id": "gen9randombattle-2631665107", "format": "[Gen 9] Random Battle", "players": ["TERRATORNAZOLORG", "BlueCatWhiteHat"], "log": "|j|\u2606TERRATORNAZOLORG\n|j|\u2606BlueCatWhiteHat\n|t:|1781417608\n|gametype|singles\n|player|p1|TERRATORNAZOLORG|170|1682\n|player|p2|BlueCatWhiteHat|steven|1707\n|gen|9\n|tier|[Gen 9] Random Battle\n|rated|\n|rule|Species Clause: Limit one of each Pok\u00e9mon\n|rule|HP Percentage Mod: HP is shown in percentages\n|rule|Sleep Clause Mod: Limit one foe put to sleep\n|rule|Illusion Level Mod: Illusion disguises the Pok\u00e9mon's true level\n|\n|t:|1781417608\n|teamsize|p1|6\n|teamsize|p2|6\n|start\n|switch|p1a: Electivire|Electivire, L84, F|263/263\n|switch|p2a: Gurdurr|Gurdurr, L85, F|283/283\n|turn|1\n|inactive|Battle timer is ON: inactive players will automatically lose when time's up. (requested by BlueCatWhiteHat)\n|\n|t:|1781417619\n|move|p1a: Electivire|Supercell Slam|p2a: Gurdurr\n|-damage|p2a: Gurdurr|170/283\n|-damage|p1a: Electivire|237/263|[from] item: Life Orb\n|move|p2a: Gurdurr|Bulk Up|p2a: Gurdurr\n|-boost|p2a: Gurdurr|atk|1\n|-boost|p2a: Gurdurr|def|1\n|\n|upkeep\n|turn|2\n|\n|t:|1781417625\n|switch|p1a: Bronzong|Bronzong, L88|261/261\n|move|p2a: Gurdurr|Drain Punch|p1a: Bronzong\n|-damage|p1a: Bronzong|162/261\n|-heal|p2a: Gurdurr|220/283|[from] drain|[of] p1a: Bronzong\n|\n|-heal|p1a: Bronzong|178/261|[from] item: Leftovers\n|upkeep\n|turn|3\n|\n|t:|1781417632\n|move|p2a: Gurdurr|Knock Off|p1a: Bronzong\n|-supereffective|p1a: Bronzong\n|-damage|p1a: Bronzong|10/261\n|-enditem|p1a: Bronzong|Leftovers|[from] move: Knock Off|[of] p2a: Gurdurr\n|move|p1a: Bronzong|Psychic Noise|p2a: Gurdurr\n|-supereffective|p2a: Gurdurr\n|-damage|p2a: Gurdurr|76/283\n|-start|p2a: Gurdurr|move: Heal Block\n|\n|upkeep\n|turn|4\n|\n|t:|1781417636\n|move|p2a: Gurdurr|Knock Off|p1a: Bronzong\n|-supereffective|p1a: Bronzong\n|-damage|p1a: Bronzong|0 fnt\n|faint|p1a: Bronzong\n|\n|-end|p2a: Gurdurr|move: Heal Block\n|upkeep\n|\n|t:|1781417647\n|switch|p1a: Furret|Furret, L94, F|312/312\n|-item|p2a: Gurdurr|Eviolite|[from] ability: Frisk|[of] p1a: Furret\n|turn|5\n|\n|t:|1781417670\n|move|p2a: Gurdurr|Mach Punch|p1a: Furret\n|-supereffective|p1a: Furret\n|-damage|p1a: Furret|142/312\n|move|p1a: Furret|Double-Edge|p2a: Gurdurr\n|-damage|p2a: Gurdurr|0 fnt\n|faint|p2a: Gurdurr\n|-damage|p1a: Furret|117/312|[from] Recoil\n|\n|upkeep\n|\n|t:|1781417685\n|switch|p2a: Dragapult|Dragapult, L77, M|262/262\n|turn|6\n|\n|t:|1781417707\n|switch|p1a: Bellibolt|Bellibolt, L84, M|320/320\n|move|p2a: Dragapult|U-turn|p1a: Bellibolt\n|-damage|p1a: Bellibolt|271/320\n|-start|p1a: Bellibolt|Charge|U-turn|[from] ability: Electromorphosis\n|inactive|BlueCatWhiteHat has 120 seconds left.\n|\n|t:|1781417734\n|switch|p2a: Kricketune|Kricketune, L99, M|312/312|[from] U-turn\n|\n|-heal|p1a: Bellibolt|291/320|[from] item: Leftovers\n|upkeep\n|turn|7\n|\n|t:|1781417738\n|move|p2a: Kricketune|Sticky Web|p1a: Bellibolt\n|-sidestart|p1: TERRATORNAZOLORG|move: Sticky Web\n|move|p1a: Bellibolt|Thunderbolt|p2a: Kricketune\n|-damage|p2a: Kricketune|60/312\n|-end|p1a: Bellibolt|Charge|[silent]\n|\n|-heal|p1a: Bellibolt|311/320|[from] item: Leftovers\n|upkeep\n|turn|8\n|\n|t:|1781417743\n|move|p2a: Kricketune|Knock Off|p1a: Bellibolt\n|-damage|p1a: Bellibolt|233/320\n|-start|p1a: Bellibolt|Charge|Knock Off|[from] ability: Electromorphosis\n|-enditem|p1a: Bellibolt|Leftovers|[from] move: Knock Off|[of] p2a: Kricketune\n|move|p1a: Bellibolt|Thunderbolt|p2a: Kricketune\n|-damage|p2a: Kricketune|0 fnt\n|faint|p2a: Kricketune\n|-end|p1a: Bellibolt|Charge|[silent]\n|\n|upkeep\n|\n|t:|1781417755\n|switch|p2a: Cresselia|Cresselia, L80, F|323/323\n|turn|9\n|\n|t:|1781417769\n|move|p2a: Cresselia|Calm Mind|p2a: Cresselia\n|-boost|p2a: Cresselia|spa|1\n|-boost|p2a: Cresselia|spd|1\n|move|p1a: Bellibolt|Volt Switch|p2a: Cresselia\n|-damage|p2a: Cresselia|280/323\n|\n|t:|1781417772\n|switch|p1a: Hitmonlee|Hitmonlee, L85, M|224/224|[from] Volt Switch\n|-activate|p1a: Hitmonlee|move: Sticky Web\n|-unboost|p1a: Hitmonlee|spe|1\n|-enditem|p1a: Hitmonlee|White Herb\n|-clearnegativeboost|p1a: Hitmonlee|[silent]\n|\n|-heal|p2a: Cresselia|300/323|[from] item: Leftovers\n|upkeep\n|turn|10\n|\n|t:|1781417791\n|-terastallize|p1a: Hitmonlee|Dark\n|move|p1a: Hitmonlee|Swords Dance|p1a: Hitmonlee\n|-boost|p1a: Hitmonlee|atk|2\n|move|p2a: Cresselia|Psyshock|p1a: Hitmonlee\n|-immune|p1a: Hitmonlee\n|\n|-heal|p2a: Cresselia|320/323|[from] item: Leftovers\n|upkeep\n|turn|11\n|\n|t:|1781417800\n|-terastallize|p2a: Cresselia|Poison\n|move|p1a: Hitmonlee|Knock Off|p2a: Cresselia\n|-damage|p2a: Cresselia|106/323\n|-enditem|p2a: Cresselia|Leftovers|[from] move: Knock Off|[of] p1a: Hitmonlee\n|move|p2a: Cresselia|Thunderbolt|p1a: Hitmonlee\n|-damage|p1a: Hitmonlee|164/224\n|\n|upkeep\n|turn|12\n|\n|t:|1781417811\n|move|p1a: Hitmonlee|Stone Edge|p2a: Cresselia|[miss]\n|-miss|p1a: Hitmonlee|p2a: Cresselia\n|move|p2a: Cresselia|Thunderbolt|p1a: Hitmonlee\n|-damage|p1a: Hitmonlee|103/224\n|\n|upkeep\n|turn|13\n|\n|t:|1781417815\n|move|p1a: Hitmonlee|Stone Edge|p2a: Cresselia\n|-damage|p2a: Cresselia|0 fnt\n|faint|p2a: Cresselia\n|\n|upkeep\n|\n|t:|1781417818\n|switch|p2a: Porygon2|Porygon2, L81|270/270\n|-ability|p2a: Porygon2|Download|boost\n|-boost|p2a: Porygon2|atk|1\n|turn|14\n|\n|t:|1781417824\n|move|p1a: Hitmonlee|Close Combat|p2a: Porygon2\n|-supereffective|p2a: Porygon2\n|-damage|p2a: Porygon2|0 fnt\n|-unboost|p1a: Hitmonlee|def|1\n|-unboost|p1a: Hitmonlee|spd|1\n|faint|p2a: Porygon2\n|\n|upkeep\n|\n|t:|1781417830\n|switch|p2a: Dragapult|Dragapult, L77, M|262/262\n|turn|15\n|\n|t:|1781417848\n|move|p1a: Hitmonlee|Knock Off|p2a: Dragapult\n|-supereffective|p2a: Dragapult\n|-damage|p2a: Dragapult|0 fnt\n|-enditem|p2a: Dragapult|Choice Specs|[from] move: Knock Off|[of] p1a: Hitmonlee\n|faint|p2a: Dragapult\n|\n|upkeep\n|\n|t:|1781417850\n|switch|p2a: Barraskewda|Barraskewda, L81, M|231/231\n|turn|16\n|\n|t:|1781417855\n|move|p1a: Hitmonlee|Knock Off|p2a: Barraskewda\n|-damage|p2a: Barraskewda|0 fnt\n|-enditem|p2a: Barraskewda|Choice Band|[from] move: Knock Off|[of] p1a: Hitmonlee\n|faint|p2a: Barraskewda\n|\n|win|TERRATORNAZOLORG\n|raw|TERRATORNAZOLORG's rating: 1682 &rarr; <strong>1703</strong><br />(+21 for winning)\n|raw|BlueCatWhiteHat's rating: 1707 &rarr; <strong>1686</strong><br />(-21 for losing)\n", "uploadtime": 1781417859, "views": 11, "formatid": "gen9randombattle", "rating": 1686, "private": 0, "password": null}