{"id": "gen9randombattle-2631910246", "format": "[Gen 9] Random Battle", "players": ["sasusakugen91", "heykoul"], "log": "|j|\u2606sasusakugen91\n|j|\u2606heykoul\n|t:|1781454654\n|gametype|singles\n|player|p1|sasusakugen91|101|1909\n|player|p2|heykoul|266|1954\n|gen|9\n|tier|[Gen 9] Random Battle\n|rated|\n|rule|Species Clause: Limit one of each Pok\u00e9mon\n|rule|HP Percentage Mod: HP is shown in percentages\n|rule|Sleep Clause Mod: Limit one foe put to sleep\n|rule|Illusion Level Mod: Illusion disguises the Pok\u00e9mon's true level\n|\n|t:|1781454654\n|teamsize|p1|6\n|teamsize|p2|6\n|start\n|switch|p1a: Overqwil|Overqwil, L82, F|274/274\n|switch|p2a: Spidops|Spidops, L96, M|271/271\n|-ability|p1a: Overqwil|Intimidate|boost\n|-unboost|p2a: Spidops|atk|1\n|turn|1\n|inactive|Battle timer is ON: inactive players will automatically lose when time's up. (requested by heykoul)\n|\n|t:|1781454675\n|switch|p1a: Clawitzer|Clawitzer, L87, M|265/265\n|move|p2a: Spidops|Sticky Web|p1a: Clawitzer\n|-sidestart|p1: sasusakugen91|move: Sticky Web\n|\n|upkeep\n|turn|2\n|\n|t:|1781454683\n|move|p1a: Clawitzer|Water Pulse|p2a: Spidops\n|-damage|p2a: Spidops|168/271\n|move|p2a: Spidops|Knock Off|p1a: Clawitzer\n|-damage|p1a: Clawitzer|214/265\n|-enditem|p1a: Clawitzer|Assault Vest|[from] move: Knock Off|[of] p2a: Spidops\n|\n|upkeep\n|turn|3\n|\n|t:|1781454694\n|move|p1a: Clawitzer|Water Pulse|p2a: Spidops\n|-damage|p2a: Spidops|65/271\n|move|p2a: Spidops|U-turn|p1a: Clawitzer\n|-damage|p1a: Clawitzer|165/265\n|\n|t:|1781454700\n|switch|p2a: Cinccino|Cinccino, L83, F|260/260|[from] U-turn\n|\n|upkeep\n|turn|4\n|\n|t:|1781454708\n|switch|p1a: Overqwil|Overqwil, L82, F|274/274\n|-activate|p1a: Overqwil|move: Sticky Web\n|-unboost|p1a: Overqwil|spe|1\n|-ability|p1a: Overqwil|Intimidate|boost\n|-unboost|p2a: Cinccino|atk|1\n|move|p2a: Cinccino|Bullet Seed|p1a: Overqwil\n|-resisted|p1a: Overqwil\n|-damage|p1a: Overqwil|265/274\n|-resisted|p1a: Overqwil\n|-damage|p1a: Overqwil|256/274\n|-resisted|p1a: Overqwil\n|-damage|p1a: Overqwil|248/274\n|-resisted|p1a: Overqwil\n|-damage|p1a: Overqwil|239/274\n|-hitcount|p1a: Overqwil|4\n|\n|upkeep\n|turn|5\n|\n|t:|1781454719\n|switch|p2a: Spidops|Spidops, L96, M|65/271\n|move|p1a: Overqwil|Swords Dance|p1a: Overqwil\n|-boost|p1a: Overqwil|atk|2\n|\n|upkeep\n|turn|6\n|\n|t:|1781454726\n|move|p1a: Overqwil|Crunch|p2a: Spidops\n|-damage|p2a: Spidops|0 fnt\n|faint|p2a: Spidops\n|\n|upkeep\n|\n|t:|1781454743\n|switch|p2a: Toxtricity|Toxtricity, L82, M|257/257\n|turn|7\n|\n|t:|1781454750\n|move|p2a: Toxtricity|Volt Switch|p1a: Overqwil\n|-crit|p1a: Overqwil\n|-damage|p1a: Overqwil|10/274\n|\n|t:|1781454754\n|switch|p2a: Gurdurr|Gurdurr, L85, M|283/283|[from] Volt Switch\n|move|p1a: Overqwil|Crunch|p2a: Gurdurr\n|-resisted|p2a: Gurdurr\n|-damage|p2a: Gurdurr|224/283\n|\n|upkeep\n|turn|8\n|\n|t:|1781454763\n|switch|p1a: Mewtwo|Mewtwo, L72|272/272\n|-activate|p1a: Mewtwo|move: Sticky Web\n|-unboost|p1a: Mewtwo|spe|1\n|-ability|p1a: Mewtwo|Pressure\n|move|p2a: Gurdurr|Mach Punch|p1a: Mewtwo\n|-resisted|p1a: Mewtwo\n|-damage|p1a: Mewtwo|247/272\n|\n|upkeep\n|turn|9\n|\n|t:|1781454784\n|-terastallize|p2a: Gurdurr|Steel\n|move|p1a: Mewtwo|Psystrike|p2a: Gurdurr\n|-resisted|p2a: Gurdurr\n|-damage|p2a: Gurdurr|177/283\n|-damage|p1a: Mewtwo|220/272|[from] item: Life Orb\n|move|p2a: Gurdurr|Knock Off|p1a: Mewtwo\n|-supereffective|p1a: Mewtwo\n|-damage|p1a: Mewtwo|32/272\n|-enditem|p1a: Mewtwo|Life Orb|[from] move: Knock Off|[of] p2a: Gurdurr\n|\n|upkeep\n|turn|10\n|\n|t:|1781454793\n|move|p2a: Gurdurr|Mach Punch|p1a: Mewtwo\n|-resisted|p1a: Mewtwo\n|-damage|p1a: Mewtwo|5/272\n|move|p1a: Mewtwo|Fire Blast|p2a: Gurdurr\n|-supereffective|p2a: Gurdurr\n|-damage|p2a: Gurdurr|27/283\n|\n|upkeep\n|turn|11\n|\n|t:|1781454802\n|move|p2a: Gurdurr|Mach Punch|p1a: Mewtwo\n|-resisted|p1a: Mewtwo\n|-damage|p1a: Mewtwo|0 fnt\n|faint|p1a: Mewtwo\n|\n|upkeep\n|\n|t:|1781454810\n|switch|p1a: Lanturn|Lanturn, L89, M|367/367\n|turn|12\n|\n|t:|1781454820\n|switch|p2a: Toxtricity|Toxtricity, L82, M|257/257\n|move|p1a: Lanturn|Thunderbolt|p2a: Toxtricity\n|-resisted|p2a: Toxtricity\n|-damage|p2a: Toxtricity|208/257\n|\n|upkeep\n|turn|13\n|\n|t:|1781454830\n|move|p1a: Lanturn|Scald|p2a: Toxtricity\n|-damage|p2a: Toxtricity|117/257\n|-status|p2a: Toxtricity|brn\n|move|p2a: Toxtricity|Boomburst|p1a: Lanturn\n|-damage|p1a: Lanturn|132/367\n|\n|-damage|p2a: Toxtricity|101/257 brn|[from] brn\n|upkeep\n|turn|14\n|\n|t:|1781454835\n|move|p1a: Lanturn|Scald|p2a: Toxtricity\n|-damage|p2a: Toxtricity|2/257 brn\n|move|p2a: Toxtricity|Boomburst|p1a: Lanturn\n|-damage|p1a: Lanturn|0 fnt\n|faint|p1a: Lanturn\n|\n|-damage|p2a: Toxtricity|0 fnt|[from] brn\n|faint|p2a: Toxtricity\n|upkeep\n|\n|t:|1781454843\n|switch|p1a: Vigoroth|Vigoroth, L85, M|275/275\n|switch|p2a: Cinderace|Cinderace, L77, F|250/250\n|-activate|p1a: Vigoroth|move: Sticky Web\n|-unboost|p1a: Vigoroth|spe|1\n|turn|15\n|\n|t:|1781454848\n|move|p2a: Cinderace|Will-O-Wisp|p1a: Vigoroth\n|-status|p1a: Vigoroth|brn\n|move|p1a: Vigoroth|Body Slam|p2a: Cinderace\n|-damage|p2a: Cinderace|202/250\n|\n|-damage|p1a: Vigoroth|258/275 brn|[from] brn\n|upkeep\n|turn|16\n|\n|t:|1781454858\n|move|p2a: Cinderace|Pyro Ball|p1a: Vigoroth\n|-damage|p1a: Vigoroth|173/275 brn\n|move|p1a: Vigoroth|Body Slam|p2a: Cinderace\n|-damage|p2a: Cinderace|151/250\n|\n|-damage|p1a: Vigoroth|156/275 brn|[from] brn\n|upkeep\n|turn|17\n|\n|t:|1781454862\n|move|p2a: Cinderace|U-turn|p1a: Vigoroth\n|-start|p2a: Cinderace|typechange|Bug|[from] ability: Libero\n|-damage|p1a: Vigoroth|102/275 brn\n|\n|t:|1781454865\n|switch|p2a: Gurdurr|Gurdurr, L85, M, tera:Steel|27/283|[from] U-turn\n|move|p1a: Vigoroth|Slack Off|p1a: Vigoroth\n|-heal|p1a: Vigoroth|240/275 brn\n|\n|-damage|p1a: Vigoroth|223/275 brn|[from] brn\n|upkeep\n|turn|18\n|\n|t:|1781454873\n|move|p2a: Gurdurr|Mach Punch|p1a: Vigoroth\n|-supereffective|p1a: Vigoroth\n|-damage|p1a: Vigoroth|157/275 brn\n|move|p1a: Vigoroth|Bulk Up|p1a: Vigoroth\n|-boost|p1a: Vigoroth|atk|1\n|-boost|p1a: Vigoroth|def|1\n|\n|-damage|p1a: Vigoroth|140/275 brn|[from] brn\n|upkeep\n|turn|19\n|\n|t:|1781454878\n|move|p1a: Vigoroth|Earthquake|p2a: Gurdurr\n|-supereffective|p2a: Gurdurr\n|-damage|p2a: Gurdurr|0 fnt\n|faint|p2a: Gurdurr\n|\n|-damage|p1a: Vigoroth|123/275 brn|[from] brn\n|upkeep\n|\n|t:|1781454884\n|switch|p2a: Volcarona|Volcarona, L77, M|257/257\n|turn|20\n|\n|t:|1781454889\n|move|p2a: Volcarona|Fire Blast|p1a: Vigoroth\n|-damage|p1a: Vigoroth|0 fnt\n|faint|p1a: Vigoroth\n|\n|upkeep\n|\n|t:|1781454898\n|switch|p1a: Frosmoth|Frosmoth, L82, M|249/249\n|turn|21\n|\n|t:|1781454905\n|switch|p2a: Cinccino|Cinccino, L83, F|260/260\n|-terastallize|p1a: Frosmoth|Ground\n|move|p1a: Frosmoth|Quiver Dance|p1a: Frosmoth\n|-boost|p1a: Frosmoth|spa|1\n|-boost|p1a: Frosmoth|spd|1\n|-boost|p1a: Frosmoth|spe|1\n|\n|upkeep\n|turn|22\n|\n|t:|1781454915\n|switch|p1a: Overqwil|Overqwil, L82, F|10/274\n|-activate|p1a: Overqwil|move: Sticky Web\n|-unboost|p1a: Overqwil|spe|1\n|-ability|p1a: Overqwil|Intimidate|boost\n|-unboost|p2a: Cinccino|atk|1\n|move|p2a: Cinccino|Bullet Seed|p1a: Overqwil\n|-resisted|p1a: Overqwil\n|-damage|p1a: Overqwil|2/274\n|-resisted|p1a: Overqwil\n|-damage|p1a: Overqwil|0 fnt\n|faint|p1a: Overqwil\n|-hitcount|p1: Overqwil|2\n|\n|upkeep\n|\n|t:|1781454922\n|switch|p1a: Clawitzer|Clawitzer, L87, M|165/265\n|-activate|p1a: Clawitzer|move: Sticky Web\n|-unboost|p1a: Clawitzer|spe|1\n|turn|23\n|\n|t:|1781454926\n|switch|p2a: Volcarona|Volcarona, L77, M|257/257\n|move|p1a: Clawitzer|Aura Sphere|p2a: Volcarona\n|-resisted|p2a: Volcarona\n|-damage|p2a: Volcarona|204/257\n|\n|upkeep\n|turn|24\n|\n|t:|1781454932\n|move|p2a: Volcarona|Quiver Dance|p2a: Volcarona\n|-boost|p2a: Volcarona|spa|1\n|-boost|p2a: Volcarona|spd|1\n|-boost|p2a: Volcarona|spe|1\n|move|p1a: Clawitzer|Water Pulse|p2a: Volcarona\n|-supereffective|p2a: Volcarona\n|-damage|p2a: Volcarona|60/257\n|\n|upkeep\n|turn|25\n|\n|t:|1781454938\n|move|p2a: Volcarona|Bug Buzz|p1a: Clawitzer\n|-damage|p1a: Clawitzer|27/265\n|move|p1a: Clawitzer|Dragon Pulse|p2a: Volcarona\n|-damage|p2a: Volcarona|0 fnt\n|faint|p2a: Volcarona\n|\n|upkeep\n|\n|t:|1781454943\n|switch|p2a: Cinccino|Cinccino, L83, F|260/260\n|turn|26\n|\n|t:|1781454947\n|move|p2a: Cinccino|Bullet Seed|p1a: Clawitzer\n|-supereffective|p1a: Clawitzer\n|-damage|p1a: Clawitzer|0 fnt\n|faint|p1a: Clawitzer\n|-hitcount|p1: Clawitzer|1\n|\n|upkeep\n|\n|t:|1781454949\n|switch|p1a: Frosmoth|Frosmoth, L82, M, tera:Ground|249/249\n|turn|27\n|\n|t:|1781454952\n|move|p2a: Cinccino|Bullet Seed|p1a: Frosmoth\n|-supereffective|p1a: Frosmoth\n|-damage|p1a: Frosmoth|181/249\n|-supereffective|p1a: Frosmoth\n|-damage|p1a: Frosmoth|109/249\n|-supereffective|p1a: Frosmoth\n|-damage|p1a: Frosmoth|39/249\n|-supereffective|p1a: Frosmoth\n|-damage|p1a: Frosmoth|0 fnt\n|faint|p1a: Frosmoth\n|-hitcount|p1: Frosmoth|4\n|\n|win|heykoul\n", "uploadtime": 1781454655, "views": 3, "formatid": "gen9randombattle", "rating": null, "private": 0, "password": null}