{"id": "gen9randombattle-2631402819", "format": "[Gen 9] Random Battle", "players": ["cewki", "goinforasmoke"], "log": "|j|\u2606cewki\n|j|\u2606goinforasmoke\n|t:|1781380416\n|gametype|singles\n|player|p1|cewki|iono|1999\n|player|p2|goinforasmoke|acetrainer-gen6xy|1951\n|gen|9\n|tier|[Gen 9] Random Battle\n|rated|\n|rule|Species Clause: Limit one of each Pok\u00e9mon\n|rule|HP Percentage Mod: HP is shown in percentages\n|rule|Sleep Clause Mod: Limit one foe put to sleep\n|rule|Illusion Level Mod: Illusion disguises the Pok\u00e9mon's true level\n|\n|t:|1781380416\n|teamsize|p1|6\n|teamsize|p2|6\n|start\n|switch|p1a: Annihilape|Annihilape, L76, M|292/292\n|switch|p2a: Iron Leaves|Iron Leaves, L80|275/275\n|turn|1\n|inactive|Battle timer is ON: inactive players will automatically lose when time's up. (requested by goinforasmoke)\n|\n|t:|1781380439\n|switch|p1a: Lugia|Lugia, L73|275/275\n|move|p2a: Iron Leaves|Psyblade|p1a: Lugia\n|-resisted|p1a: Lugia\n|-damage|p1a: Lugia|245/275\n|\n|upkeep\n|turn|2\n|\n|t:|1781380447\n|-end|p2a: Iron Leaves|Quark Drive|[silent]\n|switch|p2a: Sableye|Sableye, L88, F|231/231\n|move|p1a: Lugia|Aeroblast|p2a: Sableye|[miss]\n|-miss|p1a: Lugia|p2a: Sableye\n|\n|upkeep\n|turn|3\n|\n|t:|1781380455\n|switch|p1a: Dedenne|Dedenne, L88, F|261/261\n|move|p2a: Sableye|Thunder Wave|p1a: Dedenne\n|-immune|p1a: Dedenne\n|\n|upkeep\n|turn|4\n|\n|t:|1781380461\n|switch|p2a: Torterra|Torterra, L78, F|276/276\n|move|p1a: Dedenne|Nuzzle|p2a: Torterra\n|-immune|p2a: Torterra\n|\n|upkeep\n|turn|5\n|\n|t:|1781380467\n|move|p1a: Dedenne|U-turn|p2a: Torterra\n|-supereffective|p2a: Torterra\n|-damage|p2a: Torterra|204/276\n|\n|t:|1781380471\n|switch|p1a: Lugia|Lugia, L73|245/275|[from] U-turn\n|move|p2a: Torterra|Shell Smash|p2a: Torterra\n|-unboost|p2a: Torterra|def|1\n|-unboost|p2a: Torterra|spd|1\n|-boost|p2a: Torterra|atk|2\n|-boost|p2a: Torterra|spa|2\n|-boost|p2a: Torterra|spe|2\n|\n|upkeep\n|turn|6\n|\n|t:|1781380482\n|move|p2a: Torterra|Rock Blast|p1a: Lugia\n|-supereffective|p1a: Lugia\n|-damage|p1a: Lugia|185/275\n|-supereffective|p1a: Lugia\n|-damage|p1a: Lugia|131/275\n|-supereffective|p1a: Lugia\n|-damage|p1a: Lugia|75/275\n|-supereffective|p1a: Lugia\n|-damage|p1a: Lugia|15/275\n|-hitcount|p1a: Lugia|4\n|move|p1a: Lugia|Aeroblast|p2a: Torterra|[miss]\n|-miss|p1a: Lugia|p2a: Torterra\n|\n|upkeep\n|turn|7\n|\n|t:|1781380497\n|move|p2a: Torterra|Bullet Seed|p1a: Lugia\n|-resisted|p1a: Lugia\n|-damage|p1a: Lugia|0 fnt\n|faint|p1a: Lugia\n|-hitcount|p1: Lugia|1\n|\n|upkeep\n|\n|t:|1781380501\n|switch|p1a: Ludicolo|Ludicolo, L90, M|290/290\n|turn|8\n|\n|t:|1781380507\n|move|p2a: Torterra|Bullet Seed|p1a: Ludicolo\n|-damage|p1a: Ludicolo|230/290\n|-damage|p1a: Ludicolo|173/290\n|-damage|p1a: Ludicolo|113/290\n|-damage|p1a: Ludicolo|59/290\n|-damage|p1a: Ludicolo|5/290\n|-hitcount|p1a: Ludicolo|5\n|move|p1a: Ludicolo|Ice Beam|p2a: Torterra\n|-supereffective|p2a: Torterra\n|-damage|p2a: Torterra|0 fnt\n|faint|p2a: Torterra\n|-damage|p1a: Ludicolo|0 fnt|[from] item: Life Orb\n|faint|p1a: Ludicolo\n|\n|upkeep\n|\n|t:|1781380514\n|switch|p1a: Dedenne|Dedenne, L88, F|261/261\n|switch|p2a: Sableye|Sableye, L88, F|231/231\n|turn|9\n|\n|t:|1781380518\n|move|p1a: Dedenne|Nuzzle|p2a: Sableye\n|-damage|p2a: Sableye|213/231\n|-status|p2a: Sableye|par\n|move|p2a: Sableye|Knock Off|p1a: Dedenne\n|-resisted|p1a: Dedenne\n|-damage|p1a: Dedenne|204/261\n|-enditem|p1a: Dedenne|Sitrus Berry|[from] move: Knock Off|[of] p2a: Sableye\n|\n|-heal|p2a: Sableye|227/231 par|[from] item: Leftovers\n|upkeep\n|turn|10\n|\n|t:|1781380524\n|switch|p2a: Ampharos|Ampharos, L88, M|302/302\n|move|p1a: Dedenne|Dazzling Gleam|p2a: Ampharos\n|-damage|p2a: Ampharos|247/302\n|\n|upkeep\n|turn|11\n|\n|t:|1781380534\n|move|p1a: Dedenne|U-turn|p2a: Ampharos\n|-damage|p2a: Ampharos|211/302\n|\n|t:|1781380539\n|switch|p1a: Indeedee|Indeedee-F, L90, F|272/272|[from] U-turn\n|-fieldstart|move: Psychic Terrain|[from] ability: Psychic Surge|[of] p1a: Indeedee\n|move|p2a: Ampharos|Volt Switch|p1a: Indeedee\n|-damage|p1a: Indeedee|194/272\n|\n|t:|1781380549\n|switch|p2a: Iron Leaves|Iron Leaves, L80|275/275|[from] Volt Switch\n|\n|upkeep\n|turn|12\n|\n|t:|1781380563\n|move|p2a: Iron Leaves|Leaf Blade|p1a: Indeedee\n|-damage|p1a: Indeedee|16/272\n|move|p1a: Indeedee|Shadow Ball|p2a: Iron Leaves\n|-supereffective|p2a: Iron Leaves\n|-damage|p2a: Iron Leaves|129/275\n|-damage|p1a: Indeedee|0 fnt|[from] item: Life Orb\n|faint|p1a: Indeedee\n|\n|upkeep\n|\n|t:|1781380572\n|switch|p1a: Dedenne|Dedenne, L88, F|204/261\n|turn|13\n|\n|t:|1781380576\n|-end|p2a: Iron Leaves|Quark Drive|[silent]\n|switch|p2a: Ampharos|Ampharos, L88, M|211/302\n|move|p1a: Dedenne|U-turn|p2a: Ampharos\n|-damage|p2a: Ampharos|173/302\n|\n|t:|1781380581\n|switch|p1a: Annihilape|Annihilape, L76, M|292/292|[from] U-turn\n|\n|upkeep\n|turn|14\n|\n|t:|1781380586\n|move|p1a: Annihilape|Bulk Up|p1a: Annihilape\n|-boost|p1a: Annihilape|atk|1\n|-boost|p1a: Annihilape|def|1\n|move|p2a: Ampharos|Dazzling Gleam|p1a: Annihilape\n|-supereffective|p1a: Annihilape\n|-damage|p1a: Annihilape|148/292\n|\n|-heal|p1a: Annihilape|166/292|[from] item: Leftovers\n|upkeep\n|turn|15\n|\n|t:|1781380594\n|move|p1a: Annihilape|Drain Punch|p2a: Ampharos\n|-damage|p2a: Ampharos|61/302\n|-heal|p1a: Annihilape|222/292|[from] drain|[of] p2a: Ampharos\n|move|p2a: Ampharos|Dragon Tail|p1a: Annihilape\n|-damage|p1a: Annihilape|190/292\n|drag|p1a: Dedenne|Dedenne, L88, F|204/261\n|\n|-fieldend|move: Psychic Terrain\n|upkeep\n|turn|16\n|\n|t:|1781380611\n|move|p1a: Dedenne|Dazzling Gleam|p2a: Ampharos\n|-damage|p2a: Ampharos|6/302\n|move|p2a: Ampharos|Volt Switch|p1a: Dedenne\n|-resisted|p1a: Dedenne\n|-damage|p1a: Dedenne|152/261\n|\n|t:|1781380617\n|switch|p2a: Iron Leaves|Iron Leaves, L80|129/275|[from] Volt Switch\n|\n|upkeep\n|turn|17\n|\n|t:|1781380622\n|move|p1a: Dedenne|U-turn|p2a: Iron Leaves\n|-supereffective|p2a: Iron Leaves\n|-damage|p2a: Iron Leaves|0 fnt\n|faint|p2a: Iron Leaves\n|-end|p2a: Iron Leaves|Quark Drive|[silent]\n|\n|t:|1781380625\n|switch|p1a: Annihilape|Annihilape, L76, M|190/292|[from] U-turn\n|\n|-heal|p1a: Annihilape|208/292|[from] item: Leftovers\n|upkeep\n|\n|t:|1781380634\n|switch|p2a: Volcarona|Volcarona, L77, F|257/257\n|turn|18\n|\n|t:|1781380650\n|move|p2a: Volcarona|Quiver Dance|p2a: Volcarona\n|-boost|p2a: Volcarona|spa|1\n|-boost|p2a: Volcarona|spd|1\n|-boost|p2a: Volcarona|spe|1\n|move|p1a: Annihilape|Bulk Up|p1a: Annihilape\n|-boost|p1a: Annihilape|atk|1\n|-boost|p1a: Annihilape|def|1\n|\n|-heal|p1a: Annihilape|226/292|[from] item: Leftovers\n|upkeep\n|turn|19\n|\n|t:|1781380663\n|move|p2a: Volcarona|Fiery Dance|p1a: Annihilape\n|-damage|p1a: Annihilape|81/292\n|move|p1a: Annihilape|Rage Fist|p2a: Volcarona\n|-damage|p2a: Volcarona|0 fnt\n|faint|p2a: Volcarona\n|\n|-heal|p1a: Annihilape|99/292|[from] item: Leftovers\n|upkeep\n|\n|t:|1781380669\n|switch|p2a: Meloetta|Meloetta, L82|298/298\n|turn|20\n|\n|t:|1781380688\n|switch|p2a: Sableye|Sableye, L88, F|227/231 par\n|-terastallize|p1a: Annihilape|Steel\n|move|p1a: Annihilape|Drain Punch|p2a: Sableye\n|-immune|p2a: Sableye\n|\n|-heal|p1a: Annihilape|117/292|[from] item: Leftovers\n|-heal|p2a: Sableye|231/231 par|[from] item: Leftovers\n|upkeep\n|turn|21\n|\n|t:|1781380693\n|cant|p2a: Sableye|par\n|move|p1a: Annihilape|Rage Fist|p2a: Sableye\n|-damage|p2a: Sableye|0 fnt\n|faint|p2a: Sableye\n|\n|-heal|p1a: Annihilape|135/292|[from] item: Leftovers\n|upkeep\n|\n|t:|1781380695\n|switch|p2a: Meloetta|Meloetta, L82|298/298\n|turn|22\n|\n|t:|1781380705\n|move|p2a: Meloetta|Focus Blast|p1a: Annihilape\n|-supereffective|p1a: Annihilape\n|-damage|p1a: Annihilape|0 fnt\n|faint|p1a: Annihilape\n|\n|upkeep\n|\n|t:|1781380708\n|switch|p1a: Dedenne|Dedenne, L88, F|152/261\n|turn|23\n|\n|t:|1781380711\n|-terastallize|p2a: Meloetta|Psychic\n|move|p1a: Dedenne|Nuzzle|p2a: Meloetta\n|-damage|p2a: Meloetta|279/298\n|-status|p2a: Meloetta|par\n|move|p2a: Meloetta|Psyshock|p1a: Dedenne\n|-damage|p1a: Dedenne|0 fnt\n|faint|p1a: Dedenne\n|\n|-heal|p2a: Meloetta|297/298 par|[from] item: Leftovers\n|upkeep\n|\n|t:|1781380714\n|switch|p1a: Raging Bolt|Raging Bolt, L78|323/323\n|turn|24\n|\n|t:|1781380733\n|move|p1a: Raging Bolt|Discharge|p2a: Meloetta\n|-damage|p2a: Meloetta|224/298 par\n|move|p2a: Meloetta|Psyshock|p1a: Raging Bolt\n|-crit|p1a: Raging Bolt\n|-damage|p1a: Raging Bolt|115/323\n|\n|-heal|p2a: Meloetta|242/298 par|[from] item: Leftovers\n|upkeep\n|turn|25\n|c|\u2606cewki|lol\n|\n|t:|1781380745\n|move|p1a: Raging Bolt|Draco Meteor|p2a: Meloetta\n|-damage|p2a: Meloetta|112/298 par\n|-unboost|p1a: Raging Bolt|spa|2\n|cant|p2a: Meloetta|par\n|\n|-heal|p2a: Meloetta|130/298 par|[from] item: Leftovers\n|upkeep\n|turn|26\n|\n|t:|1781380750\n|move|p1a: Raging Bolt|Draco Meteor|p2a: Meloetta\n|-damage|p2a: Meloetta|72/298 par\n|-unboost|p1a: Raging Bolt|spa|2\n|cant|p2a: Meloetta|par\n|\n|-heal|p2a: Meloetta|90/298 par|[from] item: Leftovers\n|upkeep\n|turn|27\n|\n|t:|1781380755\n|switch|p2a: Ampharos|Ampharos, L88, M|6/302\n|move|p1a: Raging Bolt|Draco Meteor|p2a: Ampharos\n|-damage|p2a: Ampharos|0 fnt\n|-unboost|p1a: Raging Bolt|spa|2\n|faint|p2a: Ampharos\n|\n|upkeep\n|\n|t:|1781380757\n|switch|p2a: Meloetta|Meloetta, L82, tera:Psychic|90/298 par\n|turn|28\n|\n|t:|1781380760\n|move|p1a: Raging Bolt|Draco Meteor|p2a: Meloetta\n|-damage|p2a: Meloetta|59/298 par\n|cant|p2a: Meloetta|par\n|\n|-heal|p2a: Meloetta|77/298 par|[from] item: Leftovers\n|upkeep\n|turn|29\n|\n|t:|1781380763\n|move|p1a: Raging Bolt|Draco Meteor|p2a: Meloetta\n|-damage|p2a: Meloetta|44/298 par\n|cant|p2a: Meloetta|par\n|\n|-heal|p2a: Meloetta|62/298 par|[from] item: Leftovers\n|upkeep\n|turn|30\n|\n|t:|1781380767\n|move|p1a: Raging Bolt|Draco Meteor|p2a: Meloetta\n|-damage|p2a: Meloetta|31/298 par\n|move|p2a: Meloetta|Psyshock|p1a: Raging Bolt\n|-damage|p1a: Raging Bolt|0 fnt\n|faint|p1a: Raging Bolt\n|-end|p1a: Raging Bolt|Protosynthesis|[silent]\n|\n|win|goinforasmoke\n|raw|cewki's rating: 1999 &rarr; <strong>1976</strong><br />(-23 for losing)\n|raw|goinforasmoke's rating: 1951 &rarr; <strong>1974</strong><br />(+23 for winning)\n", "uploadtime": 1781380417, "views": 7, "formatid": "gen9randombattle", "rating": 1974, "private": 0, "password": null}