{"id": "gen9randombattle-2631579712", "format": "[Gen 9] Random Battle", "players": ["Lujay7", "catavieve"], "log": "|j|\u2606Lujay7\n|j|\u2606catavieve\n|t:|1781404045\n|gametype|singles\n|player|p1|Lujay7|101|2064\n|player|p2|catavieve|palmer|2021\n|gen|9\n|tier|[Gen 9] Random Battle\n|rated|\n|rule|Species Clause: Limit one of each Pok\u00e9mon\n|rule|HP Percentage Mod: HP is shown in percentages\n|rule|Sleep Clause Mod: Limit one foe put to sleep\n|rule|Illusion Level Mod: Illusion disguises the Pok\u00e9mon's true level\n|\n|t:|1781404045\n|teamsize|p1|6\n|teamsize|p2|6\n|start\n|switch|p1a: Volbeat|Volbeat, L90, M|263/263\n|switch|p2a: Mienshao|Mienshao, L83, M|244/244\n|turn|1\n|inactive|Battle timer is ON: inactive players will automatically lose when time's up. (requested by Lujay7)\n|inactive|catavieve has 120 seconds left.\n|\n|t:|1781404092\n|move|p1a: Volbeat|Thunder Wave|p2a: Mienshao\n|-status|p2a: Mienshao|par\n|move|p2a: Mienshao|Poison Jab|p1a: Volbeat\n|-damage|p1a: Volbeat|169/263\n|-damage|p2a: Mienshao|220/244 par|[from] item: Life Orb\n|\n|upkeep\n|turn|2\n|\n|t:|1781404105\n|move|p1a: Volbeat|U-turn|p2a: Mienshao\n|-resisted|p2a: Mienshao\n|-damage|p2a: Mienshao|173/244 par\n|\n|t:|1781404107\n|switch|p1a: Glimmora|Glimmora, L75, M|248/248|[from] U-turn\n|move|p2a: Mienshao|Knock Off|p1a: Glimmora\n|-damage|p1a: Glimmora|134/248\n|-activate|p1a: Glimmora|ability: Toxic Debris\n|-sidestart|p2: catavieve|move: Toxic Spikes\n|-enditem|p1a: Glimmora|Heavy-Duty Boots|[from] move: Knock Off|[of] p2a: Mienshao\n|-damage|p2a: Mienshao|149/244 par|[from] item: Life Orb\n|\n|upkeep\n|turn|3\n|\n|t:|1781404131\n|move|p1a: Glimmora|Sludge Wave|p2a: Mienshao\n|-damage|p2a: Mienshao|20/244 par\n|cant|p2a: Mienshao|par\n|\n|upkeep\n|turn|4\n|\n|t:|1781404136\n|switch|p2a: Perrserker|Perrserker, L89, M|269/269\n|move|p1a: Glimmora|Earth Power|p2a: Perrserker\n|-supereffective|p2a: Perrserker\n|-damage|p2a: Perrserker|103/269\n|\n|upkeep\n|turn|5\n|\n|t:|1781404166\n|move|p1a: Glimmora|Earth Power|p2a: Perrserker\n|-supereffective|p2a: Perrserker\n|-damage|p2a: Perrserker|0 fnt\n|faint|p2a: Perrserker\n|\n|upkeep\n|\n|t:|1781404172\n|switch|p2a: Gardevoir|Gardevoir, L83, M|249/249\n|-status|p2a: Gardevoir|psn\n|-ability|p2a: Gardevoir|Toxic Debris|Trace|[from] ability: Trace|[of] p1a: Glimmora\n|turn|6\n|\n|t:|1781404201\n|switch|p1a: Volbeat|Volbeat, L90, M|169/263\n|move|p2a: Gardevoir|Psyshock|p1a: Volbeat\n|-damage|p1a: Volbeat|27/263\n|-damage|p2a: Gardevoir|225/249 psn|[from] item: Life Orb\n|\n|-damage|p2a: Gardevoir|194/249 psn|[from] psn\n|upkeep\n|turn|7\n|\n|t:|1781404210\n|move|p1a: Volbeat|Encore|p2a: Gardevoir\n|-start|p2a: Gardevoir|Encore\n|move|p2a: Gardevoir|Psyshock|p1a: Volbeat\n|-damage|p1a: Volbeat|0 fnt\n|faint|p1a: Volbeat\n|-damage|p2a: Gardevoir|170/249 psn|[from] item: Life Orb\n|\n|-damage|p2a: Gardevoir|139/249 psn|[from] psn\n|upkeep\n|\n|t:|1781404213\n|switch|p1a: Raichu|Raichu-Alola, L87, F|246/246\n|turn|8\n|\n|t:|1781404230\n|switch|p2a: Mienshao|Mienshao, L83, M|101/244 par\n|move|p1a: Raichu|Volt Switch|p2a: Mienshao\n|-damage|p2a: Mienshao|0 fnt\n|faint|p2a: Mienshao\n|\n|t:|1781404240\n|switch|p1a: Cramorant|Cramorant, L86, M|261/261|[from] Volt Switch\n|\n|upkeep\n|\n|t:|1781404249\n|switch|p2a: Raging Bolt|Raging Bolt, L78|323/323\n|-status|p2a: Raging Bolt|psn\n|-enditem|p2a: Raging Bolt|Booster Energy\n|-activate|p2a: Raging Bolt|ability: Protosynthesis|[fromitem]\n|-start|p2a: Raging Bolt|protosynthesisspa\n|turn|9\n|\n|t:|1781404255\n|switch|p1a: Torterra|Torterra, L78, M|276/276\n|move|p2a: Raging Bolt|Calm Mind|p2a: Raging Bolt\n|-boost|p2a: Raging Bolt|spa|1\n|-boost|p2a: Raging Bolt|spd|1\n|\n|-damage|p2a: Raging Bolt|283/323 psn|[from] psn\n|upkeep\n|turn|10\n|\n|t:|1781404272\n|move|p2a: Raging Bolt|Dragon Pulse|p1a: Torterra\n|-crit|p1a: Torterra\n|-damage|p1a: Torterra|0 fnt\n|faint|p1a: Torterra\n|\n|-damage|p2a: Raging Bolt|243/323 psn|[from] psn\n|upkeep\n|\n|t:|1781404288\n|switch|p1a: Glimmora|Glimmora, L75, M|134/248\n|turn|11\n|\n|t:|1781404294\n|move|p1a: Glimmora|Spikes|p2a: Raging Bolt\n|-sidestart|p2: catavieve|Spikes\n|move|p2a: Raging Bolt|Thunderbolt|p1a: Glimmora\n|-damage|p1a: Glimmora|0 fnt\n|faint|p1a: Glimmora\n|\n|-damage|p2a: Raging Bolt|203/323 psn|[from] psn\n|upkeep\n|inactive|Lujay7 has 120 seconds left.\n|\n|t:|1781404329\n|switch|p1a: Raichu|Raichu-Alola, L87, F|246/246\n|turn|12\n|\n|t:|1781404333\n|move|p1a: Raichu|Psyshock|p2a: Raging Bolt\n|-damage|p2a: Raging Bolt|71/323 psn\n|move|p2a: Raging Bolt|Dragon Pulse|p1a: Raichu\n|-damage|p1a: Raichu|42/246\n|\n|-damage|p2a: Raging Bolt|31/323 psn|[from] psn\n|upkeep\n|turn|13\n|\n|t:|1781404350\n|switch|p1a: Glastrier|Glastrier, L86|312/312\n|move|p2a: Raging Bolt|Thunderclap||[still]\n|-fail|p2a: Raging Bolt\n|\n|-damage|p2a: Raging Bolt|0 fnt|[from] psn\n|faint|p2a: Raging Bolt\n|-end|p2a: Raging Bolt|Protosynthesis|[silent]\n|upkeep\n|inactive|catavieve has 120 seconds left.\n|\n|t:|1781404379\n|switch|p2a: Gardevoir|Gardevoir, L83, M|139/249 psn\n|-damage|p2a: Gardevoir|108/249 psn|[from] Spikes\n|-ability|p2a: Gardevoir|Chilling Neigh|Trace|[from] ability: Trace|[of] p1a: Glastrier\n|turn|14\n|inactive|Lujay7 has 120 seconds left.\n|\n|t:|1781404402\n|switch|p1a: Cramorant|Cramorant, L86, M|261/261\n|move|p2a: Gardevoir|Moonblast|p1a: Cramorant\n|-damage|p1a: Cramorant|108/261\n|-damage|p2a: Gardevoir|84/249 psn|[from] item: Life Orb\n|\n|-damage|p2a: Gardevoir|53/249 psn|[from] psn\n|upkeep\n|turn|15\n|\n|t:|1781404408\n|move|p1a: Cramorant|Surf|p2a: Gardevoir\n|-formechange|p1a: Cramorant|Cramorant-Gorging|\n|-damage|p2a: Gardevoir|0 fnt\n|faint|p2a: Gardevoir\n|\n|upkeep\n|\n|t:|1781404424\n|switch|p2a: Leavanny|Leavanny, L86, M|269/269\n|-status|p2a: Leavanny|psn\n|-damage|p2a: Leavanny|236/269 psn|[from] Spikes\n|turn|16\n|inactive|catavieve has 120 seconds left.\n|inactive|Lujay7 has 120 seconds left.\n|\n|t:|1781404454\n|move|p2a: Leavanny|Bullet Seed|p1a: Cramorant\n|-damage|p1a: Cramorant|71/261\n|-damage|p2a: Leavanny|169/269 psn|[from] ability: Gulp Missile|[of] p1a: Cramorant\n|-formechange|p1a: Cramorant|Cramorant|\n|-damage|p1a: Cramorant|29/261\n|-damage|p1a: Cramorant|0 fnt\n|faint|p1a: Cramorant\n|-hitcount|p1: Cramorant|3\n|\n|-damage|p2a: Leavanny|136/269 psn|[from] psn\n|upkeep\n|\n|t:|1781404461\n|switch|p1a: Raichu|Raichu-Alola, L87, F|42/246\n|turn|17\n|inactive|catavieve has 120 seconds left.\n|\n|t:|1781404479\n|move|p1a: Raichu|Psyshock|p2a: Leavanny\n|-damage|p2a: Leavanny|1/269 psn\n|move|p2a: Leavanny|Knock Off|p1a: Raichu\n|-supereffective|p1a: Raichu\n|-damage|p1a: Raichu|0 fnt\n|-enditem|p1a: Raichu|Choice Specs|[from] move: Knock Off|[of] p2a: Leavanny\n|faint|p1a: Raichu\n|\n|-damage|p2a: Leavanny|0 fnt|[from] psn\n|faint|p2a: Leavanny\n|upkeep\n|inactive|Lujay7 has 120 seconds left.\n|\n|t:|1781404511\n|switch|p1a: Glastrier|Glastrier, L86|312/312\n|switch|p2a: Luvdisc|Luvdisc, M|247/247\n|turn|18\n|\n|t:|1781404521\n|move|p2a: Luvdisc|Whirlpool|p1a: Glastrier\n|-damage|p1a: Glastrier|290/312\n|-activate|p1a: Glastrier|move: Whirlpool|[of] p2a: Luvdisc\n|move|p1a: Glastrier|Swords Dance|p1a: Glastrier\n|-boost|p1a: Glastrier|atk|2\n|\n|-damage|p1a: Glastrier|251/312|[from] move: Whirlpool|[partiallytrapped]\n|upkeep\n|turn|19\n|\n|t:|1781404532\n|move|p2a: Luvdisc|Substitute|p2a: Luvdisc\n|-start|p2a: Luvdisc|Substitute\n|-damage|p2a: Luvdisc|186/247\n|move|p1a: Glastrier|Icicle Crash|p2a: Luvdisc\n|-resisted|p2a: Luvdisc\n|-end|p2a: Luvdisc|Substitute\n|\n|-damage|p1a: Glastrier|212/312|[from] move: Whirlpool|[partiallytrapped]\n|upkeep\n|turn|20\n|\n|t:|1781404534\n|move|p2a: Luvdisc|Substitute|p2a: Luvdisc\n|-start|p2a: Luvdisc|Substitute\n|-damage|p2a: Luvdisc|125/247\n|move|p1a: Glastrier|Icicle Crash|p2a: Luvdisc|[miss]\n|-miss|p1a: Glastrier|p2a: Luvdisc\n|\n|-damage|p1a: Glastrier|173/312|[from] move: Whirlpool|[partiallytrapped]\n|upkeep\n|turn|21\n|\n|t:|1781404542\n|move|p2a: Luvdisc|Surf|p1a: Glastrier\n|-damage|p1a: Glastrier|116/312\n|move|p1a: Glastrier|Icicle Crash|p2a: Luvdisc\n|-resisted|p2a: Luvdisc\n|-end|p2a: Luvdisc|Substitute\n|\n|-damage|p1a: Glastrier|77/312|[from] move: Whirlpool|[partiallytrapped]\n|upkeep\n|turn|22\n|\n|t:|1781404559\n|-terastallize|p1a: Glastrier|Steel\n|move|p2a: Luvdisc|Surf|p1a: Glastrier\n|-damage|p1a: Glastrier|13/312\n|move|p1a: Glastrier|Heavy Slam|p2a: Luvdisc\n|-resisted|p2a: Luvdisc\n|-damage|p2a: Luvdisc|0 fnt\n|faint|p2a: Luvdisc\n|\n|win|Lujay7\n", "uploadtime": 1781404047, "views": 3, "formatid": "gen9randombattle", "rating": null, "private": 0, "password": null}