{"id": "gen9randombattle-2631487904", "format": "[Gen 9] Random Battle", "players": ["artificierr", "lingabalinga"], "log": "|j|\u2606artificierr\n|j|\u2606lingabalinga\n|t:|1781391344\n|gametype|singles\n|player|p1|artificierr|265|1010\n|player|p2|lingabalinga|102|1058\n|gen|9\n|tier|[Gen 9] Random Battle\n|rated|\n|rule|Species Clause: Limit one of each Pok\u00e9mon\n|rule|HP Percentage Mod: HP is shown in percentages\n|rule|Sleep Clause Mod: Limit one foe put to sleep\n|rule|Illusion Level Mod: Illusion disguises the Pok\u00e9mon's true level\n|\n|t:|1781391344\n|teamsize|p1|6\n|teamsize|p2|6\n|start\n|switch|p1a: Ogerpon|Ogerpon-Hearthflame, L74, F|239/239\n|switch|p2a: Cobalion|Cobalion, L80|277/277\n|-ability|p1a: Ogerpon|Mold Breaker\n|turn|1\n|\n|t:|1781391385\n|switch|p2a: Noctowl|Noctowl, L95, F|344/344\n|move|p1a: Ogerpon|Swords Dance|p1a: Ogerpon\n|-boost|p1a: Ogerpon|atk|2\n|\n|upkeep\n|turn|2\n|\n|t:|1781391393\n|-terastallize|p1a: Ogerpon|Fire\n|detailschange|p1a: Ogerpon|Ogerpon-Hearthflame-Tera, L74, F, tera:Fire\n|-ability|p1a: Ogerpon|Embody Aspect (Hearthflame)|boost\n|-boost|p1a: Ogerpon|atk|1\n|move|p1a: Ogerpon|Ivy Cudgel|p2a: Noctowl|[anim] Ivy Cudgel Fire\n|-damage|p2a: Noctowl|0 fnt\n|faint|p2a: Noctowl\n|\n|upkeep\n|\n|t:|1781391401\n|switch|p2a: Feraligatr|Feraligatr, L79, F|264/264\n|turn|3\n|\n|t:|1781391429\n|switch|p2a: Muk|Muk-Alola, L82, F|306/306\n|move|p1a: Ogerpon|Trailblaze|p2a: Muk\n|-resisted|p2a: Muk\n|-damage|p2a: Muk|215/306\n|-boost|p1a: Ogerpon|spe|1\n|\n|upkeep\n|turn|4\n|\n|t:|1781391442\n|move|p1a: Ogerpon|Ivy Cudgel|p2a: Muk|[anim] Ivy Cudgel Fire\n|-damage|p2a: Muk|0 fnt\n|faint|p2a: Muk\n|\n|upkeep\n|\n|t:|1781391461\n|switch|p2a: Kyurem|Kyurem-Black, L71|295/295\n|-ability|p2a: Kyurem|Teravolt\n|turn|5\n|\n|t:|1781391470\n|-terastallize|p2a: Kyurem|Electric\n|move|p1a: Ogerpon|Ivy Cudgel|p2a: Kyurem|[anim] Ivy Cudgel Fire\n|-damage|p2a: Kyurem|0 fnt\n|faint|p2a: Kyurem\n|\n|upkeep\n|\n|t:|1781391475\n|switch|p2a: Feraligatr|Feraligatr, L79, F|264/264\n|turn|6\n|\n|t:|1781391478\n|move|p1a: Ogerpon|Trailblaze|p2a: Feraligatr\n|-supereffective|p2a: Feraligatr\n|-damage|p2a: Feraligatr|0 fnt\n|-boost|p1a: Ogerpon|spe|1\n|faint|p2a: Feraligatr\n|\n|upkeep\n|-message|lingabalinga forfeited.\n|\n|win|artificierr\n|raw|artificierr's rating: 1010 &rarr; <strong>1054</strong><br />(+44 for winning)\n|raw|lingabalinga's rating: 1058 &rarr; <strong>1037</strong><br />(-21 for losing)\n|l|\u2606lingabalinga\n|player|p2|\n", "uploadtime": 1781391487, "views": 10, "formatid": "gen9randombattle", "rating": 1037, "private": 0, "password": null}