{"id": "gen9randombattle-2631815861", "format": "[Gen 9] Random Battle", "players": ["cuerodeolancho", "hnrysml"], "log": "|j|\u2606cuerodeolancho\n|j|\u2606hnrysml\n|t:|1781443716\n|gametype|singles\n|player|p1|cuerodeolancho|janitor|2147\n|player|p2|hnrysml|birdkeeper-gen4dp|2131\n|gen|9\n|tier|[Gen 9] Random Battle\n|rated|\n|rule|Species Clause: Limit one of each Pok\u00e9mon\n|rule|HP Percentage Mod: HP is shown in percentages\n|rule|Sleep Clause Mod: Limit one foe put to sleep\n|rule|Illusion Level Mod: Illusion disguises the Pok\u00e9mon's true level\n|\n|t:|1781443716\n|teamsize|p1|6\n|teamsize|p2|6\n|start\n|switch|p1a: Pikachu|Pikachu-Original, L93, M|216/216\n|switch|p2a: Muk|Muk, L86, M|321/321\n|turn|1\n|inactive|Battle timer is ON: inactive players will automatically lose when time's up. (requested by cuerodeolancho)\n|c|\u2606hnrysml|glhf\n|\n|t:|1781443727\n|move|p1a: Pikachu|Volt Tackle|p2a: Muk\n|-damage|p2a: Muk|96/321\n|-damage|p1a: Pikachu|142/216|[from] Recoil\n|move|p2a: Muk|Gunk Shot|p1a: Pikachu|[miss]\n|-miss|p2a: Muk|p1a: Pikachu\n|\n|upkeep\n|turn|2\n|c|\u2606cuerodeolancho|u2\n|c|\u2606hnrysml|i missed my gunk oh no\n|\n|t:|1781443752\n|move|p1a: Pikachu|Volt Tackle|p2a: Muk\n|-crit|p2a: Muk\n|-damage|p2a: Muk|0 fnt\n|faint|p2a: Muk\n|-damage|p1a: Pikachu|110/216|[from] Recoil\n|\n|upkeep\n|\n|t:|1781443769\n|switch|p2a: Sceptile|Sceptile, L87, F|264/264\n|turn|3\n|\n|t:|1781443780\n|move|p2a: Sceptile|Substitute|p2a: Sceptile\n|-start|p2a: Sceptile|Substitute\n|-damage|p2a: Sceptile|198/264\n|move|p1a: Pikachu|Knock Off|p2a: Sceptile\n|-end|p2a: Sceptile|Substitute\n|\n|-heal|p2a: Sceptile|214/264|[from] item: Leftovers\n|upkeep\n|turn|4\n|\n|t:|1781443783\n|move|p2a: Sceptile|Giga Drain|p1a: Pikachu\n|-damage|p1a: Pikachu|0 fnt\n|-heal|p2a: Sceptile|264/264|[from] drain|[of] p1a: Pikachu\n|faint|p1a: Pikachu\n|\n|upkeep\n|\n|t:|1781443792\n|switch|p1a: Spiritomb|Spiritomb, L89, F|234/234\n|turn|5\n|\n|t:|1781443794\n|move|p2a: Sceptile|Leech Seed|p1a: Spiritomb\n|-start|p1a: Spiritomb|move: Leech Seed\n|move|p1a: Spiritomb|Poltergeist|p2a: Sceptile\n|-activate|p2a: Sceptile|move: Poltergeist|Leftovers\n|-damage|p2a: Sceptile|108/264\n|\n|-heal|p2a: Sceptile|124/264|[from] item: Leftovers\n|-damage|p1a: Spiritomb|205/234|[from] Leech Seed|[of] p2a: Sceptile\n|-heal|p2a: Sceptile|153/264|[silent]\n|upkeep\n|turn|6\n|\n|t:|1781443802\n|move|p2a: Sceptile|Giga Drain|p1a: Spiritomb\n|-damage|p1a: Spiritomb|135/234\n|-heal|p2a: Sceptile|188/264|[from] drain|[of] p1a: Spiritomb\n|move|p1a: Spiritomb|Will-O-Wisp|p2a: Sceptile|[miss]\n|-miss|p1a: Spiritomb|p2a: Sceptile\n|\n|-heal|p2a: Sceptile|204/264|[from] item: Leftovers\n|-heal|p1a: Spiritomb|149/234|[from] item: Leftovers\n|-damage|p1a: Spiritomb|120/234|[from] Leech Seed|[of] p2a: Sceptile\n|-heal|p2a: Sceptile|233/264|[silent]\n|upkeep\n|turn|7\n|\n|t:|1781443805\n|move|p2a: Sceptile|Substitute|p2a: Sceptile\n|-start|p2a: Sceptile|Substitute\n|-damage|p2a: Sceptile|167/264\n|move|p1a: Spiritomb|Will-O-Wisp|p2a: Sceptile\n|-status|p2a: Sceptile|brn\n|\n|-heal|p2a: Sceptile|183/264 brn|[from] item: Leftovers\n|-heal|p1a: Spiritomb|134/234|[from] item: Leftovers\n|-damage|p1a: Spiritomb|105/234|[from] Leech Seed|[of] p2a: Sceptile\n|-heal|p2a: Sceptile|212/264 brn|[silent]\n|-damage|p2a: Sceptile|196/264 brn|[from] brn\n|upkeep\n|turn|8\n|\n|t:|1781443807\n|move|p2a: Sceptile|Giga Drain|p1a: Spiritomb\n|-damage|p1a: Spiritomb|33/234\n|-heal|p2a: Sceptile|232/264 brn|[from] drain|[of] p1a: Spiritomb\n|move|p1a: Spiritomb|Poltergeist|p2a: Sceptile\n|-activate|p2a: Sceptile|move: Poltergeist|Leftovers\n|-damage|p2a: Sceptile|84/264 brn\n|\n|-heal|p2a: Sceptile|100/264 brn|[from] item: Leftovers\n|-heal|p1a: Spiritomb|47/234|[from] item: Leftovers\n|-damage|p1a: Spiritomb|18/234|[from] Leech Seed|[of] p2a: Sceptile\n|-heal|p2a: Sceptile|129/264 brn|[silent]\n|-damage|p2a: Sceptile|113/264 brn|[from] brn\n|upkeep\n|turn|9\n|\n|t:|1781443815\n|move|p2a: Sceptile|Giga Drain|p1a: Spiritomb\n|-crit|p1a: Spiritomb\n|-damage|p1a: Spiritomb|0 fnt\n|-heal|p2a: Sceptile|122/264 brn|[from] drain|[of] p1a: Spiritomb\n|faint|p1a: Spiritomb\n|\n|-heal|p2a: Sceptile|138/264 brn|[from] item: Leftovers\n|-damage|p2a: Sceptile|122/264 brn|[from] brn\n|upkeep\n|\n|t:|1781443818\n|switch|p1a: Leafeon|Leafeon, L88, M|258/258\n|turn|10\n|\n|t:|1781443822\n|move|p2a: Sceptile|Focus Blast|p1a: Leafeon\n|-damage|p1a: Leafeon|140/258\n|move|p1a: Leafeon|Double-Edge|p2a: Sceptile\n|-end|p2a: Sceptile|Substitute\n|-damage|p1a: Leafeon|118/258|[from] Recoil|[of] p2a: Sceptile\n|-damage|p1a: Leafeon|93/258|[from] item: Life Orb\n|\n|-heal|p2a: Sceptile|138/264 brn|[from] item: Leftovers\n|-damage|p2a: Sceptile|122/264 brn|[from] brn\n|upkeep\n|turn|11\n|\n|t:|1781443828\n|move|p2a: Sceptile|Focus Blast|p1a: Leafeon\n|-damage|p1a: Leafeon|0 fnt\n|faint|p1a: Leafeon\n|\n|-heal|p2a: Sceptile|138/264 brn|[from] item: Leftovers\n|-damage|p2a: Sceptile|122/264 brn|[from] brn\n|upkeep\n|\n|t:|1781443835\n|switch|p1a: Tyranitar|Tyranitar, L78, M|284/284\n|-weather|Sandstorm|[from] ability: Sand Stream|[of] p1a: Tyranitar\n|turn|12\n|\n|t:|1781443842\n|move|p2a: Sceptile|Substitute|p2a: Sceptile\n|-start|p2a: Sceptile|Substitute\n|-damage|p2a: Sceptile|56/264 brn\n|move|p1a: Tyranitar|Knock Off|p2a: Sceptile\n|-end|p2a: Sceptile|Substitute\n|\n|-weather|Sandstorm|[upkeep]\n|-damage|p2a: Sceptile|40/264 brn|[from] Sandstorm\n|-heal|p2a: Sceptile|56/264 brn|[from] item: Leftovers\n|-damage|p2a: Sceptile|40/264 brn|[from] brn\n|upkeep\n|turn|13\n|\n|t:|1781443844\n|move|p2a: Sceptile|Giga Drain|p1a: Tyranitar\n|-supereffective|p1a: Tyranitar\n|-damage|p1a: Tyranitar|120/284\n|-heal|p2a: Sceptile|122/264 brn|[from] drain|[of] p1a: Tyranitar\n|-enditem|p1a: Tyranitar|Weakness Policy\n|-boost|p1a: Tyranitar|atk|2|[from] item: Weakness Policy\n|-boost|p1a: Tyranitar|spa|2|[from] item: Weakness Policy\n|move|p1a: Tyranitar|Knock Off|p2a: Sceptile\n|-damage|p2a: Sceptile|0 fnt\n|-enditem|p2a: Sceptile|Leftovers|[from] move: Knock Off|[of] p1a: Tyranitar\n|faint|p2a: Sceptile\n|\n|-weather|Sandstorm|[upkeep]\n|upkeep\n|\n|t:|1781443859\n|switch|p2a: Klefki|Klefki, L84, M|233/233\n|turn|14\n|\n|t:|1781443863\n|move|p2a: Klefki|Dazzling Gleam|p1a: Tyranitar\n|-supereffective|p1a: Tyranitar\n|-damage|p1a: Tyranitar|24/284\n|move|p1a: Tyranitar|Earthquake|p2a: Klefki\n|-supereffective|p2a: Klefki\n|-damage|p2a: Klefki|0 fnt\n|faint|p2a: Klefki\n|\n|-weather|Sandstorm|[upkeep]\n|upkeep\n|\n|t:|1781443866\n|switch|p2a: Azelf|Azelf, L82|257/257\n|turn|15\n|\n|t:|1781443868\n|move|p2a: Azelf|Dazzling Gleam|p1a: Tyranitar\n|-supereffective|p1a: Tyranitar\n|-damage|p1a: Tyranitar|0 fnt\n|faint|p1a: Tyranitar\n|\n|-weather|Sandstorm|[upkeep]\n|-damage|p2a: Azelf|241/257|[from] Sandstorm\n|upkeep\n|\n|t:|1781443873\n|switch|p1a: Great Tusk|Great Tusk, L77|304/304\n|turn|16\n|c|\u2606cuerodeolancho|gg\n|\n|t:|1781443893\n|-terastallize|p1a: Great Tusk|Steel\n|move|p2a: Azelf|Dazzling Gleam|p1a: Great Tusk\n|-resisted|p1a: Great Tusk\n|-damage|p1a: Great Tusk|234/304\n|move|p1a: Great Tusk|Rapid Spin|p2a: Azelf\n|-damage|p2a: Azelf|192/257\n|-boost|p1a: Great Tusk|spe|1\n|\n|-weather|none\n|-heal|p1a: Great Tusk|253/304|[from] item: Leftovers\n|upkeep\n|turn|17\n|\n|t:|1781443923\n|switch|p2a: Sableye|Sableye, L88, M|231/231\n|move|p1a: Great Tusk|Rapid Spin|p2a: Sableye\n|-immune|p2a: Sableye\n|\n|-heal|p1a: Great Tusk|272/304|[from] item: Leftovers\n|upkeep\n|turn|18\n|-message|cuerodeolancho forfeited.\n|\n|win|hnrysml\n", "uploadtime": 1781443718, "views": 3, "formatid": "gen9randombattle", "rating": null, "private": 0, "password": null}