{"id": "gen9randombattle-2631545446", "format": "[Gen 9] Random Battle", "players": ["lalo's pollos", "WhatEver2102"], "log": "|j|\u2606lalo's pollos\n|j|\u2606WhatEver2102\n|t:|1781399337\n|gametype|singles\n|player|p1|lalo's pollos|266|1984\n|player|p2|WhatEver2102|juan|1960\n|gen|9\n|tier|[Gen 9] Random Battle\n|rated|\n|rule|Species Clause: Limit one of each Pok\u00e9mon\n|rule|HP Percentage Mod: HP is shown in percentages\n|rule|Sleep Clause Mod: Limit one foe put to sleep\n|rule|Illusion Level Mod: Illusion disguises the Pok\u00e9mon's true level\n|\n|t:|1781399337\n|teamsize|p1|6\n|teamsize|p2|6\n|start\n|switch|p1a: Espathra|Espathra, L80, M|283/283\n|switch|p2a: Dachsbun|Dachsbun, L92, F|254/254\n|turn|1\n|\n|t:|1781399380\n|move|p2a: Dachsbun|Yawn|p1a: Espathra\n|-start|p1a: Espathra|move: Yawn|[of] p2a: Dachsbun\n|move|p1a: Espathra|Lumina Crash|p2a: Dachsbun\n|-damage|p2a: Dachsbun|142/254\n|-unboost|p2a: Dachsbun|spd|2\n|\n|-heal|p2a: Dachsbun|157/254|[from] item: Leftovers\n|-ability|p1a: Espathra|Speed Boost|boost\n|-boost|p1a: Espathra|spe|1\n|upkeep\n|turn|2\n|\n|t:|1781399398\n|move|p2a: Dachsbun|Protect|p2a: Dachsbun\n|-singleturn|p2a: Dachsbun|Protect\n|move|p1a: Espathra|Lumina Crash|p2a: Dachsbun\n|-activate|p2a: Dachsbun|move: Protect\n|\n|-heal|p2a: Dachsbun|172/254|[from] item: Leftovers\n|-end|p1a: Espathra|move: Yawn|[silent]\n|-status|p1a: Espathra|slp\n|-ability|p1a: Espathra|Speed Boost|boost\n|-boost|p1a: Espathra|spe|1\n|upkeep\n|turn|3\n|\n|t:|1781399400\n|switch|p2a: Darkrai|Darkrai, L77|234/234\n|cant|p1a: Espathra|slp\n|\n|-ability|p1a: Espathra|Speed Boost|boost\n|-boost|p1a: Espathra|spe|1\n|-damage|p1a: Espathra|248/283 slp|[from] ability: Bad Dreams|[of] p2a: Darkrai\n|upkeep\n|turn|4\n|\n|t:|1781399404\n|switch|p1a: Granbull|Granbull, L88, M|302/302\n|-ability|p1a: Granbull|Intimidate|boost\n|-unboost|p2a: Darkrai|atk|1\n|move|p2a: Darkrai|Substitute|p2a: Darkrai\n|-start|p2a: Darkrai|Substitute\n|-damage|p2a: Darkrai|176/234\n|\n|-heal|p2a: Darkrai|190/234|[from] item: Leftovers\n|upkeep\n|turn|5\n|\n|t:|1781399408\n|move|p2a: Darkrai|Sludge Bomb|p1a: Granbull\n|-supereffective|p1a: Granbull\n|-damage|p1a: Granbull|138/302\n|-status|p1a: Granbull|psn\n|move|p1a: Granbull|Roar|p2a: Darkrai\n|drag|p2a: Espeon|Espeon, L84, M|246/246\n|\n|-heal|p1a: Granbull|156/302 psn|[from] item: Leftovers\n|-damage|p1a: Granbull|119/302 psn|[from] psn\n|upkeep\n|turn|6\n|\n|t:|1781399419\n|move|p2a: Espeon|Psyshock|p1a: Granbull\n|-damage|p1a: Granbull|0 fnt\n|faint|p1a: Granbull\n|\n|upkeep\n|\n|t:|1781399433\n|switch|p1a: Dragapult|Dragapult, L77, F|262/262\n|turn|7\n|\n|t:|1781399444\n|move|p1a: Dragapult|Draco Meteor|p2a: Espeon|[miss]\n|-miss|p1a: Dragapult|p2a: Espeon\n|move|p2a: Espeon|Psyshock|p1a: Dragapult\n|-damage|p1a: Dragapult|72/262\n|\n|upkeep\n|turn|8\n|l|\u2606lalo's pollos\n|player|p1|\n|inactive|Battle timer is ON: inactive players will automatically lose when time's up. (requested by WhatEver2102)\n|inactive|lalo's pollos has 30 seconds to reconnect!\n|inactive|lalo's pollos has 20 seconds to reconnect!\n|inactive|lalo's pollos has 15 seconds to reconnect!\n|inactive|lalo's pollos has 10 seconds to reconnect!\n|inactive|lalo's pollos has 5 seconds to reconnect!\n|-message|lalo's pollos lost due to inactivity.\n|\n|win|WhatEver2102\n", "uploadtime": 1781399339, "views": 3, "formatid": "gen9randombattle", "rating": null, "private": 0, "password": null}