{"id": "gen9randombattle-2631706671", "format": "[Gen 9] Random Battle", "players": ["trenchwarrior", "duuhhao"], "log": "|j|\u2606trenchwarrior\n|j|\u2606duuhhao\n|t:|1781425648\n|gametype|singles\n|player|p1|trenchwarrior|byron|2312\n|player|p2|duuhhao|clair|2230\n|gen|9\n|tier|[Gen 9] Random Battle\n|rated|\n|rule|Species Clause: Limit one of each Pok\u00e9mon\n|rule|HP Percentage Mod: HP is shown in percentages\n|rule|Sleep Clause Mod: Limit one foe put to sleep\n|rule|Illusion Level Mod: Illusion disguises the Pok\u00e9mon's true level\n|\n|t:|1781425648\n|teamsize|p1|6\n|teamsize|p2|6\n|start\n|switch|p1a: Ninetales|Ninetales-Alola, L78, F|242/242\n|switch|p2a: Bisharp|Bisharp, L79, F|232/232\n|-weather|Snowscape|[from] ability: Snow Warning|[of] p1a: Ninetales\n|turn|1\n|inactive|Battle timer is ON: inactive players will automatically lose when time's up. (requested by trenchwarrior)\n|\n|t:|1781425671\n|switch|p1a: Chesnaught|Chesnaught, L84, F|285/285\n|move|p2a: Bisharp|Iron Head|p1a: Chesnaught\n|-damage|p1a: Chesnaught|218/285\n|\n|-weather|Snowscape|[upkeep]\n|-heal|p1a: Chesnaught|235/285|[from] item: Leftovers\n|upkeep\n|turn|2\n|\n|t:|1781425681\n|switch|p2a: Latios|Latios, L78, M|253/253\n|move|p1a: Chesnaught|Iron Defense|p1a: Chesnaught\n|-boost|p1a: Chesnaught|def|2\n|\n|-weather|Snowscape|[upkeep]\n|-heal|p1a: Chesnaught|252/285|[from] item: Leftovers\n|upkeep\n|turn|3\n|\n|t:|1781425689\n|switch|p1a: Gothitelle|Gothitelle, L90, F|272/272\n|move|p2a: Latios|Psyshock|p1a: Gothitelle\n|-resisted|p1a: Gothitelle\n|-damage|p1a: Gothitelle|219/272\n|\n|-weather|Snowscape|[upkeep]\n|upkeep\n|turn|4\n|\n|t:|1781425699\n|move|p1a: Gothitelle|Trick|p2a: Latios\n|-activate|p1a: Gothitelle|move: Trick|[of] p2a: Latios\n|-item|p2a: Latios|Choice Scarf|[from] move: Trick\n|-item|p1a: Gothitelle|Soul Dew|[from] move: Trick\n|move|p2a: Latios|Draco Meteor|p1a: Gothitelle\n|-damage|p1a: Gothitelle|92/272\n|-unboost|p2a: Latios|spa|2\n|\n|-weather|Snowscape|[upkeep]\n|upkeep\n|turn|5\n|\n|t:|1781425707\n|move|p2a: Latios|Draco Meteor|p1a: Gothitelle\n|-damage|p1a: Gothitelle|31/272\n|-unboost|p2a: Latios|spa|2\n|move|p1a: Gothitelle|Dark Pulse|p2a: Latios\n|-supereffective|p2a: Latios\n|-crit|p2a: Latios\n|-damage|p2a: Latios|81/253\n|\n|-weather|none\n|upkeep\n|turn|6\n|\n|t:|1781425714\n|move|p2a: Latios|Draco Meteor|p1a: Gothitelle\n|-damage|p1a: Gothitelle|0 fnt\n|-unboost|p2a: Latios|spa|2\n|faint|p1a: Gothitelle\n|\n|upkeep\n|\n|t:|1781425716\n|switch|p1a: Chesnaught|Chesnaught, L84, F|252/285\n|turn|7\n|\n|t:|1781425722\n|switch|p2a: Okidogi|Okidogi, L77, M|262/262\n|move|p1a: Chesnaught|Trailblaze|p2a: Okidogi\n|-resisted|p2a: Okidogi\n|-damage|p2a: Okidogi|238/262\n|-boost|p1a: Chesnaught|spe|1\n|\n|-heal|p1a: Chesnaught|269/285|[from] item: Leftovers\n|upkeep\n|turn|8\n|\n|t:|1781425728\n|switch|p1a: Tentacruel|Tentacruel, L84, F|272/272\n|move|p2a: Okidogi|Knock Off|p1a: Tentacruel\n|-damage|p1a: Tentacruel|180/272\n|-enditem|p1a: Tentacruel|Assault Vest|[from] move: Knock Off|[of] p2a: Okidogi\n|\n|upkeep\n|turn|9\n|\n|t:|1781425731\n|move|p1a: Tentacruel|Surf|p2a: Okidogi\n|-damage|p2a: Okidogi|178/262\n|move|p2a: Okidogi|High Horsepower|p1a: Tentacruel\n|-supereffective|p1a: Tentacruel\n|-damage|p1a: Tentacruel|20/272\n|\n|upkeep\n|turn|10\n|\n|t:|1781425737\n|switch|p2a: Latios|Latios, L78, M|81/253\n|move|p1a: Tentacruel|Surf|p2a: Latios\n|-resisted|p2a: Latios\n|-damage|p2a: Latios|43/253\n|\n|upkeep\n|turn|11\n|\n|t:|1781425741\n|move|p2a: Latios|Psyshock|p1a: Tentacruel\n|-supereffective|p1a: Tentacruel\n|-damage|p1a: Tentacruel|0 fnt\n|faint|p1a: Tentacruel\n|\n|upkeep\n|\n|t:|1781425745\n|switch|p1a: Brute Bonnet|Brute Bonnet, L80|309/309\n|turn|12\n|\n|t:|1781425750\n|move|p2a: Latios|Psyshock|p1a: Brute Bonnet\n|-immune|p1a: Brute Bonnet\n|move|p1a: Brute Bonnet|Crunch|p2a: Latios\n|-supereffective|p2a: Latios\n|-damage|p2a: Latios|0 fnt\n|faint|p2a: Latios\n|\n|upkeep\n|\n|t:|1781425752\n|switch|p2a: Okidogi|Okidogi, L77, M|178/262\n|turn|13\n|\n|t:|1781425756\n|move|p2a: Okidogi|Drain Punch|p1a: Brute Bonnet\n|-supereffective|p1a: Brute Bonnet\n|-damage|p1a: Brute Bonnet|139/309\n|-heal|p2a: Okidogi|262/262|[from] drain|[of] p1a: Brute Bonnet\n|move|p1a: Brute Bonnet|Spore|p2a: Okidogi\n|-status|p2a: Okidogi|slp|[from] move: Spore\n|\n|-heal|p1a: Brute Bonnet|158/309|[from] item: Leftovers\n|upkeep\n|turn|14\n|\n|t:|1781425765\n|-end|p1a: Brute Bonnet|Protosynthesis|[silent]\n|switch|p1a: Ninetales|Ninetales-Alola, L78, F|242/242\n|-weather|Snowscape|[from] ability: Snow Warning|[of] p1a: Ninetales\n|cant|p2a: Okidogi|slp\n|\n|-weather|Snowscape|[upkeep]\n|upkeep\n|turn|15\n|\n|t:|1781425773\n|move|p1a: Ninetales|Aurora Veil|p1a: Ninetales\n|-sidestart|p1: trenchwarrior|move: Aurora Veil\n|-curestatus|p2a: Okidogi|slp|[msg]\n|move|p2a: Okidogi|Gunk Shot|p1a: Ninetales\n|-supereffective|p1a: Ninetales\n|-damage|p1a: Ninetales|142/242\n|-status|p1a: Ninetales|tox|[from] ability: Toxic Chain|[of] p2a: Okidogi\n|\n|-weather|Snowscape|[upkeep]\n|-damage|p1a: Ninetales|127/242 tox|[from] psn\n|upkeep\n|turn|16\n|\n|t:|1781425782\n|switch|p2a: Vaporeon|Vaporeon, L86, M|364/364\n|move|p1a: Ninetales|Blizzard|p2a: Vaporeon\n|-resisted|p2a: Vaporeon\n|-damage|p2a: Vaporeon|320/364\n|\n|-weather|Snowscape|[upkeep]\n|-heal|p2a: Vaporeon|342/364|[from] item: Leftovers\n|-damage|p1a: Ninetales|97/242 tox|[from] psn\n|upkeep\n|turn|17\n|\n|t:|1781425785\n|move|p1a: Ninetales|Freeze-Dry|p2a: Vaporeon\n|-supereffective|p2a: Vaporeon\n|-damage|p2a: Vaporeon|244/364\n|move|p2a: Vaporeon|Wish|p2a: Vaporeon\n|\n|-weather|Snowscape|[upkeep]\n|-heal|p2a: Vaporeon|266/364|[from] item: Leftovers\n|-damage|p1a: Ninetales|52/242 tox|[from] psn\n|upkeep\n|turn|18\n|\n|t:|1781425789\n|move|p1a: Ninetales|Freeze-Dry|p2a: Vaporeon\n|-supereffective|p2a: Vaporeon\n|-damage|p2a: Vaporeon|158/364\n|move|p2a: Vaporeon|Flip Turn|p1a: Ninetales\n|-crit|p1a: Ninetales\n|-damage|p1a: Ninetales|0 fnt\n|faint|p1a: Ninetales\n|\n|t:|1781425799\n|switch|p2a: Okidogi|Okidogi, L77, M|262/262|[from] Flip Turn\n|\n|-weather|none\n|upkeep\n|\n|t:|1781425804\n|switch|p1a: Polteageist|Polteageist-Antique, L78|222/222\n|turn|19\n|\n|t:|1781425807\n|move|p2a: Okidogi|Knock Off|p1a: Polteageist\n|-supereffective|p1a: Polteageist\n|-damage|p1a: Polteageist|118/222\n|-start|p2a: Okidogi|Disable|Knock Off|[from] ability: Cursed Body|[of] p1a: Polteageist\n|-enditem|p1a: Polteageist|White Herb|[from] move: Knock Off|[of] p2a: Okidogi\n|move|p1a: Polteageist|Shell Smash|p1a: Polteageist\n|-unboost|p1a: Polteageist|def|1\n|-unboost|p1a: Polteageist|spd|1\n|-boost|p1a: Polteageist|atk|2\n|-boost|p1a: Polteageist|spa|2\n|-boost|p1a: Polteageist|spe|2\n|\n|upkeep\n|turn|20\n|\n|t:|1781425820\n|switch|p2a: Bisharp|Bisharp, L79, F|232/232\n|move|p1a: Polteageist|Shadow Ball|p2a: Bisharp\n|-resisted|p2a: Bisharp\n|-damage|p2a: Bisharp|150/232\n|\n|upkeep\n|turn|21\n|\n|t:|1781425830\n|move|p1a: Polteageist|Shadow Ball|p2a: Bisharp\n|-resisted|p2a: Bisharp\n|-damage|p2a: Bisharp|74/232\n|-unboost|p2a: Bisharp|spd|1\n|-ability|p2a: Bisharp|Defiant|boost\n|-boost|p2a: Bisharp|atk|2\n|move|p2a: Bisharp|Iron Head|p1a: Polteageist\n|-damage|p1a: Polteageist|0 fnt\n|faint|p1a: Polteageist\n|\n|upkeep\n|\n|t:|1781425836\n|switch|p1a: Chesnaught|Chesnaught, L84, F|269/285\n|turn|22\n|\n|t:|1781425844\n|switch|p2a: Okidogi|Okidogi, L77, M|262/262\n|move|p1a: Chesnaught|Iron Defense|p1a: Chesnaught\n|-boost|p1a: Chesnaught|def|2\n|\n|-heal|p1a: Chesnaught|285/285|[from] item: Leftovers\n|-sideend|p1: trenchwarrior|move: Aurora Veil\n|upkeep\n|turn|23\n|\n|t:|1781425849\n|-terastallize|p1a: Chesnaught|Steel\n|move|p2a: Okidogi|Knock Off|p1a: Chesnaught\n|-damage|p1a: Chesnaught|258/285\n|-enditem|p1a: Chesnaught|Leftovers|[from] move: Knock Off|[of] p2a: Okidogi\n|move|p1a: Chesnaught|Iron Defense|p1a: Chesnaught\n|-boost|p1a: Chesnaught|def|2\n|\n|upkeep\n|turn|24\n|\n|t:|1781425856\n|switch|p2a: Mewtwo|Mewtwo, L72|272/272\n|-ability|p2a: Mewtwo|Unnerve\n|move|p1a: Chesnaught|Trailblaze|p2a: Mewtwo\n|-damage|p2a: Mewtwo|202/272\n|-boost|p1a: Chesnaught|spe|1\n|\n|upkeep\n|turn|25\n|\n|t:|1781425868\n|move|p1a: Chesnaught|Body Press|p2a: Mewtwo\n|-resisted|p2a: Mewtwo\n|-damage|p2a: Mewtwo|27/272\n|move|p2a: Mewtwo|Fire Blast|p1a: Chesnaught|[miss]\n|-miss|p2a: Mewtwo|p1a: Chesnaught\n|\n|upkeep\n|turn|26\n|\n|t:|1781425879\n|move|p1a: Chesnaught|Trailblaze|p2a: Mewtwo\n|-damage|p2a: Mewtwo|0 fnt\n|-boost|p1a: Chesnaught|spe|1\n|faint|p2a: Mewtwo\n|\n|upkeep\n|\n|t:|1781425881\n|switch|p2a: Vaporeon|Vaporeon, L86, M|158/364\n|turn|27\n|\n|t:|1781425898\n|move|p1a: Chesnaught|Body Press|p2a: Vaporeon\n|-damage|p2a: Vaporeon|0 fnt\n|faint|p2a: Vaporeon\n|\n|upkeep\n|-message|duuhhao forfeited.\n|\n|win|trenchwarrior\n", "uploadtime": 1781425650, "views": 3, "formatid": "gen9randombattle", "rating": null, "private": 0, "password": null}