{"id": "gen9randombattle-2631984839", "format": "[Gen 9] Random Battle", "players": ["good pork", "Sick Fiesta"], "log": "|j|\u2606good pork\n|j|\u2606Sick Fiesta\n|t:|1781462812\n|gametype|singles\n|player|p1|good pork|ghetsis-gen5bw|2148\n|player|p2|Sick Fiesta|workerice|2163\n|gen|9\n|tier|[Gen 9] Random Battle\n|rated|\n|rule|Species Clause: Limit one of each Pok\u00e9mon\n|rule|HP Percentage Mod: HP is shown in percentages\n|rule|Sleep Clause Mod: Limit one foe put to sleep\n|rule|Illusion Level Mod: Illusion disguises the Pok\u00e9mon's true level\n|\n|t:|1781462812\n|teamsize|p1|6\n|teamsize|p2|6\n|start\n|switch|p1a: Empoleon|Empoleon, L84, M|278/278\n|switch|p2a: Brambleghast|Brambleghast, L88, M|240/240\n|turn|1\n|\n|t:|1781462824\n|move|p2a: Brambleghast|Power Whip|p1a: Empoleon\n|-damage|p1a: Empoleon|128/278\n|move|p1a: Empoleon|Knock Off|p2a: Brambleghast\n|-supereffective|p2a: Brambleghast\n|-damage|p2a: Brambleghast|96/240\n|-enditem|p2a: Brambleghast|Heavy-Duty Boots|[from] move: Knock Off|[of] p1a: Empoleon\n|\n|-heal|p1a: Empoleon|145/278|[from] item: Leftovers\n|upkeep\n|turn|2\n|\n|t:|1781462839\n|move|p2a: Brambleghast|Strength Sap|p1a: Empoleon\n|-unboost|p1a: Empoleon|atk|1\n|-ability|p1a: Empoleon|Competitive|boost\n|-boost|p1a: Empoleon|spa|2\n|-heal|p2a: Brambleghast|240/240\n|move|p1a: Empoleon|Flip Turn|p2a: Brambleghast\n|-resisted|p2a: Brambleghast\n|-damage|p2a: Brambleghast|219/240\n|\n|t:|1781462843\n|switch|p1a: Yanmega|Yanmega, L82, M|275/275|[from] Flip Turn\n|\n|upkeep\n|turn|3\n|\n|t:|1781462853\n|move|p2a: Brambleghast|Rapid Spin|p1a: Yanmega\n|-damage|p1a: Yanmega|226/275\n|-boost|p2a: Brambleghast|spe|1\n|move|p1a: Yanmega|Air Slash|p2a: Brambleghast\n|-supereffective|p2a: Brambleghast\n|-crit|p2a: Brambleghast\n|-damage|p2a: Brambleghast|0 fnt\n|faint|p2a: Brambleghast\n|\n|upkeep\n|\n|t:|1781462859\n|switch|p2a: Ninetales|Ninetales, L85, F|263/263\n|-weather|SunnyDay|[from] ability: Drought|[of] p2a: Ninetales\n|turn|4\n|\n|t:|1781462866\n|switch|p1a: Clodsire|Clodsire, L81, F|343/343\n|move|p2a: Ninetales|Nasty Plot|p2a: Ninetales\n|-boost|p2a: Ninetales|spa|2\n|\n|-weather|SunnyDay|[upkeep]\n|upkeep\n|turn|5\n|\n|t:|1781462871\n|move|p2a: Ninetales|Fire Blast|p1a: Clodsire\n|-damage|p1a: Clodsire|195/343\n|-status|p1a: Clodsire|brn\n|move|p1a: Clodsire|Earthquake|p2a: Ninetales\n|-supereffective|p2a: Ninetales\n|-damage|p2a: Ninetales|167/263\n|\n|-weather|SunnyDay|[upkeep]\n|-heal|p1a: Clodsire|216/343 brn|[from] item: Leftovers\n|-damage|p1a: Clodsire|195/343 brn|[from] brn\n|upkeep\n|turn|6\n|\n|t:|1781462892\n|move|p2a: Ninetales|Scorching Sands|p1a: Clodsire\n|-supereffective|p1a: Clodsire\n|-damage|p1a: Clodsire|109/343 brn\n|move|p1a: Clodsire|Recover|p1a: Clodsire\n|-heal|p1a: Clodsire|281/343 brn\n|\n|-weather|SunnyDay|[upkeep]\n|-heal|p1a: Clodsire|302/343 brn|[from] item: Leftovers\n|-damage|p1a: Clodsire|281/343 brn|[from] brn\n|upkeep\n|turn|7\n|\n|t:|1781462905\n|switch|p2a: Sandaconda|Sandaconda, L84, M|258/258\n|move|p1a: Clodsire|Recover|p1a: Clodsire\n|-heal|p1a: Clodsire|343/343 brn\n|\n|-weather|SunnyDay|[upkeep]\n|-damage|p1a: Clodsire|322/343 brn|[from] brn\n|upkeep\n|turn|8\n|\n|t:|1781462914\n|switch|p1a: Vileplume|Vileplume, L85, M|266/266\n|move|p2a: Sandaconda|Coil|p2a: Sandaconda\n|-boost|p2a: Sandaconda|atk|1\n|-boost|p2a: Sandaconda|def|1\n|-boost|p2a: Sandaconda|accuracy|1\n|\n|-weather|none\n|upkeep\n|turn|9\n|\n|t:|1781462920\n|-terastallize|p2a: Sandaconda|Dragon\n|move|p2a: Sandaconda|Coil|p2a: Sandaconda\n|-boost|p2a: Sandaconda|atk|1\n|-boost|p2a: Sandaconda|def|1\n|-boost|p2a: Sandaconda|accuracy|1\n|move|p1a: Vileplume|Giga Drain|p2a: Sandaconda\n|-resisted|p2a: Sandaconda\n|-damage|p2a: Sandaconda|206/258\n|\n|upkeep\n|turn|10\n|\n|t:|1781462926\n|move|p2a: Sandaconda|Scale Shot|p1a: Vileplume\n|-damage|p1a: Vileplume|203/266\n|-damage|p1a: Vileplume|139/266\n|-damage|p1a: Vileplume|78/266\n|-damage|p1a: Vileplume|20/266\n|-hitcount|p1a: Vileplume|4\n|-unboost|p2a: Sandaconda|def|1\n|-boost|p2a: Sandaconda|spe|1\n|move|p1a: Vileplume|Sludge Bomb|p2a: Sandaconda\n|-damage|p2a: Sandaconda|68/258\n|\n|-heal|p1a: Vileplume|36/266|[from] item: Leftovers\n|upkeep\n|turn|11\n|\n|t:|1781462939\n|move|p2a: Sandaconda|Scale Shot|p1a: Vileplume\n|-damage|p1a: Vileplume|0 fnt\n|faint|p1a: Vileplume\n|-hitcount|p1: Vileplume|1\n|-unboost|p2a: Sandaconda|def|1\n|-boost|p2a: Sandaconda|spe|1\n|\n|upkeep\n|\n|t:|1781462951\n|switch|p1a: Clodsire|Clodsire, L81, F|322/343 brn\n|turn|12\n|\n|t:|1781462955\n|move|p2a: Sandaconda|Rock Blast|p1a: Clodsire\n|-resisted|p1a: Clodsire\n|-damage|p1a: Clodsire|310/343 brn\n|-resisted|p1a: Clodsire\n|-damage|p1a: Clodsire|297/343 brn\n|-resisted|p1a: Clodsire\n|-damage|p1a: Clodsire|284/343 brn\n|-resisted|p1a: Clodsire\n|-damage|p1a: Clodsire|272/343 brn\n|-hitcount|p1a: Clodsire|4\n|move|p1a: Clodsire|Poison Jab|p2a: Sandaconda\n|-crit|p2a: Sandaconda\n|-damage|p2a: Sandaconda|29/258\n|\n|-heal|p1a: Clodsire|293/343 brn|[from] item: Leftovers\n|-damage|p1a: Clodsire|272/343 brn|[from] brn\n|upkeep\n|turn|13\n|\n|t:|1781462964\n|-terastallize|p1a: Clodsire|Flying\n|move|p2a: Sandaconda|Earthquake|p1a: Clodsire\n|-immune|p1a: Clodsire\n|move|p1a: Clodsire|Poison Jab|p2a: Sandaconda\n|-damage|p2a: Sandaconda|2/258\n|\n|-heal|p1a: Clodsire|293/343 brn|[from] item: Leftovers\n|-damage|p1a: Clodsire|272/343 brn|[from] brn\n|upkeep\n|turn|14\n|\n|t:|1781462971\n|move|p2a: Sandaconda|Rock Blast|p1a: Clodsire\n|-supereffective|p1a: Clodsire\n|-damage|p1a: Clodsire|222/343 brn\n|-supereffective|p1a: Clodsire\n|-damage|p1a: Clodsire|168/343 brn\n|-supereffective|p1a: Clodsire\n|-damage|p1a: Clodsire|114/343 brn\n|-supereffective|p1a: Clodsire\n|-damage|p1a: Clodsire|62/343 brn\n|-supereffective|p1a: Clodsire\n|-damage|p1a: Clodsire|6/343 brn\n|-hitcount|p1a: Clodsire|5\n|move|p1a: Clodsire|Earthquake|p2a: Sandaconda\n|-damage|p2a: Sandaconda|0 fnt\n|faint|p2a: Sandaconda\n|\n|-heal|p1a: Clodsire|27/343 brn|[from] item: Leftovers\n|-damage|p1a: Clodsire|6/343 brn|[from] brn\n|upkeep\n|\n|t:|1781462981\n|switch|p2a: Luxray|Luxray, L88, M|283/283\n|turn|15\n|\n|t:|1781462985\n|move|p2a: Luxray|Trailblaze|p1a: Clodsire\n|-resisted|p1a: Clodsire\n|-damage|p1a: Clodsire|0 fnt\n|-boost|p2a: Luxray|spe|1\n|faint|p1a: Clodsire\n|\n|-status|p2a: Luxray|brn|[from] item: Flame Orb\n|upkeep\n|\n|t:|1781463012\n|switch|p1a: Urshifu|Urshifu, L74, F|270/270\n|turn|16\n|\n|t:|1781463020\n|move|p2a: Luxray|Facade|p1a: Urshifu\n|-damage|p1a: Urshifu|84/270\n|move|p1a: Urshifu|Wicked Blow|p2a: Luxray\n|-crit|p2a: Luxray\n|-damage|p2a: Luxray|94/283 brn\n|\n|-damage|p2a: Luxray|77/283 brn|[from] brn\n|upkeep\n|turn|17\n|\n|t:|1781463027\n|switch|p1a: Empoleon|Empoleon, L84, M|145/278\n|move|p2a: Luxray|Facade|p1a: Empoleon\n|-resisted|p1a: Empoleon\n|-damage|p1a: Empoleon|44/278\n|\n|-heal|p1a: Empoleon|61/278|[from] item: Leftovers\n|-damage|p2a: Luxray|60/283 brn|[from] brn\n|upkeep\n|turn|18\n|\n|t:|1781463032\n|move|p2a: Luxray|Trailblaze|p1a: Empoleon\n|-damage|p1a: Empoleon|0 fnt\n|-boost|p2a: Luxray|spe|1\n|faint|p1a: Empoleon\n|\n|-damage|p2a: Luxray|43/283 brn|[from] brn\n|upkeep\n|\n|t:|1781463035\n|switch|p1a: Urshifu|Urshifu, L74, F|84/270\n|turn|19\n|\n|t:|1781463039\n|switch|p2a: Tauros|Tauros-Paldea-Combat, L82, M|257/257\n|-ability|p2a: Tauros|Intimidate|boost\n|-unboost|p1a: Urshifu|atk|1\n|move|p1a: Urshifu|Sucker Punch||[still]\n|-fail|p1a: Urshifu\n|\n|upkeep\n|turn|20\n|\n|t:|1781463047\n|switch|p1a: Gardevoir|Gardevoir, L83, M|249/249\n|-ability|p1a: Gardevoir|Intimidate|Trace|[from] ability: Trace|[of] p2a: Tauros\n|-ability|p1a: Gardevoir|Intimidate|boost\n|-unboost|p2a: Tauros|atk|1\n|move|p2a: Tauros|Stone Edge|p1a: Gardevoir\n|-damage|p1a: Gardevoir|151/249\n|\n|upkeep\n|turn|21\n|\n|t:|1781463057\n|switch|p2a: Luxray|Luxray, L88, M|43/283 brn\n|move|p1a: Gardevoir|Psychic|p2a: Luxray\n|-damage|p2a: Luxray|0 fnt\n|faint|p2a: Luxray\n|-damage|p1a: Gardevoir|127/249|[from] item: Life Orb\n|\n|upkeep\n|\n|t:|1781463066\n|switch|p2a: Ninetales|Ninetales, L85, F|167/263\n|-weather|SunnyDay|[from] ability: Drought|[of] p2a: Ninetales\n|turn|22\n|\n|t:|1781463075\n|move|p2a: Ninetales|Fire Blast|p1a: Gardevoir\n|-damage|p1a: Gardevoir|7/249\n|move|p1a: Gardevoir|Calm Mind|p1a: Gardevoir\n|-boost|p1a: Gardevoir|spa|1\n|-boost|p1a: Gardevoir|spd|1\n|\n|-weather|SunnyDay|[upkeep]\n|upkeep\n|turn|23\n|\n|t:|1781463082\n|move|p2a: Ninetales|Solar Beam||[still]\n|-prepare|p2a: Ninetales|Solar Beam\n|-anim|p2a: Ninetales|Solar Beam|p1a: Gardevoir\n|-damage|p1a: Gardevoir|0 fnt\n|faint|p1a: Gardevoir\n|\n|-weather|SunnyDay|[upkeep]\n|upkeep\n|\n|t:|1781463088\n|switch|p1a: Urshifu|Urshifu, L74, F|84/270\n|turn|24\n|\n|t:|1781463097\n|move|p2a: Ninetales|Fire Blast|p1a: Urshifu|[miss]\n|-miss|p2a: Ninetales|p1a: Urshifu\n|move|p1a: Urshifu|Wicked Blow|p2a: Ninetales\n|-crit|p2a: Ninetales\n|-damage|p2a: Ninetales|0 fnt\n|faint|p2a: Ninetales\n|\n|-weather|SunnyDay|[upkeep]\n|upkeep\n|\n|t:|1781463103\n|switch|p2a: Typhlosion|Typhlosion, L84, F|267/267\n|turn|25\n|\n|t:|1781463107\n|switch|p1a: Yanmega|Yanmega, L82, M|226/275\n|move|p2a: Typhlosion|Eruption|p1a: Yanmega\n|-supereffective|p1a: Yanmega\n|-damage|p1a: Yanmega|0 fnt\n|faint|p1a: Yanmega\n|\n|-weather|SunnyDay|[upkeep]\n|upkeep\n|-message|good pork forfeited.\n|\n|win|Sick Fiesta\n|raw|good pork's rating: 2148 &rarr; <strong>2129</strong><br />(-19 for losing)\n|raw|Sick Fiesta's rating: 2163 &rarr; <strong>2182</strong><br />(+19 for winning)\n", "uploadtime": 1781462814, "views": 3, "formatid": "gen9randombattle", "rating": 2129, "private": 0, "password": null}