{"id": "gen9randombattle-2632009279", "format": "[Gen 9] Random Battle", "players": ["Pokeoke", "hectorretaaa81"], "log": "|j|\u2606Pokeoke\n|j|\u2606hectorretaaa81\n|t:|1781465503\n|gametype|singles\n|player|p1|Pokeoke|266|2010\n|player|p2|hectorretaaa81|170|1947\n|gen|9\n|tier|[Gen 9] Random Battle\n|rated|\n|rule|Species Clause: Limit one of each Pok\u00e9mon\n|rule|HP Percentage Mod: HP is shown in percentages\n|rule|Sleep Clause Mod: Limit one foe put to sleep\n|rule|Illusion Level Mod: Illusion disguises the Pok\u00e9mon's true level\n|\n|t:|1781465503\n|teamsize|p1|6\n|teamsize|p2|6\n|start\n|switch|p1a: Toucannon|Toucannon, L88, M|284/284\n|switch|p2a: Oinkologne|Oinkologne-F, L92, F|361/361\n|turn|1\n|inactive|Battle timer is ON: inactive players will automatically lose when time's up. (requested by Pokeoke)\n|\n|t:|1781465546\n|-singleturn|p1a: Toucannon|move: Beak Blast\n|move|p2a: Oinkologne|Curse|p2a: Oinkologne\n|-unboost|p2a: Oinkologne|spe|1\n|-boost|p2a: Oinkologne|atk|1\n|-boost|p2a: Oinkologne|def|1\n|move|p1a: Toucannon|Beak Blast|p2a: Oinkologne\n|-damage|p2a: Oinkologne|267/361\n|\n|-heal|p2a: Oinkologne|289/361|[from] item: Leftovers\n|upkeep\n|turn|2\n|inactive|hectorretaaa81 has 120 seconds left.\n|inactive|hectorretaaa81 has 90 seconds left.\n|\n|t:|1781465630\n|move|p1a: Toucannon|Boomburst|p2a: Oinkologne\n|-damage|p2a: Oinkologne|174/361\n|move|p2a: Oinkologne|Double-Edge|p1a: Toucannon\n|-damage|p1a: Toucannon|58/284\n|-damage|p2a: Oinkologne|99/361|[from] Recoil\n|\n|-heal|p2a: Oinkologne|121/361|[from] item: Leftovers\n|upkeep\n|turn|3\n|\n|t:|1781465644\n|switch|p1a: Ariados|Ariados, L95, F|287/287\n|switch|p2a: Gengar|Gengar, L81, F|230/230\n|\n|upkeep\n|turn|4\n|\n|t:|1781465658\n|switch|p2a: Oinkologne|Oinkologne-F, L92, F|121/361\n|move|p1a: Ariados|Sticky Web|p2a: Oinkologne\n|-sidestart|p2: hectorretaaa81|move: Sticky Web\n|\n|-heal|p2a: Oinkologne|143/361|[from] item: Leftovers\n|upkeep\n|turn|5\n|\n|t:|1781465666\n|move|p2a: Oinkologne|Curse|p2a: Oinkologne\n|-unboost|p2a: Oinkologne|spe|1\n|-boost|p2a: Oinkologne|atk|1\n|-boost|p2a: Oinkologne|def|1\n|move|p1a: Ariados|Poison Jab|p2a: Oinkologne\n|-damage|p2a: Oinkologne|73/361\n|\n|-heal|p2a: Oinkologne|95/361|[from] item: Leftovers\n|upkeep\n|turn|6\n|\n|t:|1781465673\n|switch|p1a: Scrafty|Scrafty, L83, F|244/244\n|-ability|p1a: Scrafty|Intimidate|boost\n|-unboost|p2a: Oinkologne|atk|1\n|move|p2a: Oinkologne|Double-Edge|p1a: Scrafty\n|-damage|p1a: Scrafty|133/244\n|-damage|p2a: Oinkologne|58/361|[from] Recoil\n|\n|-heal|p1a: Scrafty|148/244|[from] item: Leftovers\n|-heal|p2a: Oinkologne|80/361|[from] item: Leftovers\n|upkeep\n|turn|7\n|\n|t:|1781465679\n|move|p1a: Scrafty|Dragon Dance|p1a: Scrafty\n|-boost|p1a: Scrafty|atk|1\n|-boost|p1a: Scrafty|spe|1\n|move|p2a: Oinkologne|Double-Edge|p1a: Scrafty\n|-damage|p1a: Scrafty|31/244\n|-damage|p2a: Oinkologne|41/361|[from] Recoil\n|\n|-heal|p1a: Scrafty|46/244|[from] item: Leftovers\n|-heal|p2a: Oinkologne|63/361|[from] item: Leftovers\n|upkeep\n|turn|8\n|\n|t:|1781465685\n|move|p1a: Scrafty|Drain Punch|p2a: Oinkologne\n|-supereffective|p2a: Oinkologne\n|-damage|p2a: Oinkologne|0 fnt\n|-heal|p1a: Scrafty|78/244|[from] drain|[of] p2a: Oinkologne\n|faint|p2a: Oinkologne\n|\n|-heal|p1a: Scrafty|93/244|[from] item: Leftovers\n|upkeep\n|\n|t:|1781465692\n|switch|p2a: Toucannon|Toucannon, L88, F|284/284\n|turn|9\n|\n|t:|1781465709\n|-singleturn|p2a: Toucannon|move: Beak Blast\n|move|p1a: Scrafty|Knock Off|p2a: Toucannon\n|-damage|p2a: Toucannon|130/284\n|-status|p1a: Scrafty|brn\n|-enditem|p2a: Toucannon|Heavy-Duty Boots|[from] move: Knock Off|[of] p1a: Scrafty\n|move|p2a: Toucannon|Beak Blast|p1a: Scrafty\n|-supereffective|p1a: Scrafty\n|-damage|p1a: Scrafty|0 fnt\n|faint|p1a: Scrafty\n|\n|upkeep\n|\n|t:|1781465718\n|switch|p1a: Manaphy|Manaphy, L78|284/284\n|turn|10\n|\n|t:|1781465729\n|move|p1a: Manaphy|Ice Beam|p2a: Toucannon\n|-supereffective|p2a: Toucannon\n|-damage|p2a: Toucannon|10/284\n|move|p2a: Toucannon|U-turn|p1a: Manaphy\n|-damage|p1a: Manaphy|215/284\n|\n|t:|1781465735\n|switch|p2a: Dragalge|Dragalge, L88, F|258/258|[from] U-turn\n|-activate|p2a: Dragalge|move: Sticky Web\n|-unboost|p2a: Dragalge|spe|1\n|\n|-heal|p1a: Manaphy|232/284|[from] item: Leftovers\n|upkeep\n|turn|11\n|\n|t:|1781465747\n|move|p1a: Manaphy|Ice Beam|p2a: Dragalge\n|-supereffective|p2a: Dragalge\n|-damage|p2a: Dragalge|176/258\n|move|p2a: Dragalge|Sludge Wave|p1a: Manaphy\n|-damage|p1a: Manaphy|92/284\n|\n|-heal|p1a: Manaphy|109/284|[from] item: Leftovers\n|-heal|p2a: Dragalge|192/258|[from] item: Leftovers\n|upkeep\n|turn|12\n|\n|t:|1781465753\n|switch|p1a: Ariados|Ariados, L95, F|287/287\n|move|p2a: Dragalge|Sludge Wave|p1a: Ariados\n|-resisted|p1a: Ariados\n|-damage|p1a: Ariados|209/287\n|\n|-heal|p2a: Dragalge|208/258|[from] item: Leftovers\n|upkeep\n|turn|13\n|\n|t:|1781465766\n|move|p1a: Ariados|Megahorn|p2a: Dragalge\n|-resisted|p2a: Dragalge\n|-damage|p2a: Dragalge|133/258\n|move|p2a: Dragalge|Draco Meteor|p1a: Ariados\n|-damage|p1a: Ariados|1/287\n|-unboost|p2a: Dragalge|spa|2\n|\n|-heal|p2a: Dragalge|149/258|[from] item: Leftovers\n|upkeep\n|turn|14\n|\n|t:|1781465772\n|move|p1a: Ariados|Toxic Spikes|p2a: Dragalge\n|-sidestart|p2: hectorretaaa81|move: Toxic Spikes\n|move|p2a: Dragalge|Toxic Spikes|p1a: Ariados\n|-sidestart|p1: Pokeoke|move: Toxic Spikes\n|\n|-heal|p2a: Dragalge|165/258|[from] item: Leftovers\n|upkeep\n|turn|15\n|\n|t:|1781465777\n|switch|p1a: Toucannon|Toucannon, L88, M|58/284\n|switch|p2a: Gengar|Gengar, L81, F|230/230\n|-activate|p2a: Gengar|move: Sticky Web\n|-unboost|p2a: Gengar|spe|1\n|-sideend|p2: hectorretaaa81|move: Toxic Spikes|[of] p2a: Gengar\n|\n|upkeep\n|turn|16\n|\n|t:|1781465792\n|switch|p2a: Toucannon|Toucannon, L88, F|10/284\n|move|p1a: Toucannon|U-turn|p2a: Toucannon\n|-resisted|p2a: Toucannon\n|-damage|p2a: Toucannon|0 fnt\n|faint|p2a: Toucannon\n|\n|t:|1781465810\n|switch|p1a: Ariados|Ariados, L95, F|1/287|[from] U-turn\n|-sideend|p1: Pokeoke|move: Toxic Spikes|[of] p1a: Ariados\n|\n|upkeep\n|\n|t:|1781465837\n|switch|p2a: Lycanroc|Lycanroc-Dusk, L81, M|254/254\n|-activate|p2a: Lycanroc|move: Sticky Web\n|-unboost|p2a: Lycanroc|spe|1\n|turn|17\n|\n|t:|1781465844\n|move|p2a: Lycanroc|Accelerock|p1a: Ariados\n|-supereffective|p1a: Ariados\n|-damage|p1a: Ariados|0 fnt\n|faint|p1a: Ariados\n|\n|upkeep\n|\n|t:|1781465850\n|switch|p1a: Manaphy|Manaphy, L78|109/284\n|turn|18\n|\n|t:|1781465854\n|switch|p2a: Dragalge|Dragalge, L88, F|165/258\n|-activate|p2a: Dragalge|move: Sticky Web\n|-unboost|p2a: Dragalge|spe|1\n|move|p1a: Manaphy|Surf|p2a: Dragalge\n|-resisted|p2a: Dragalge\n|-damage|p2a: Dragalge|135/258\n|\n|-heal|p1a: Manaphy|126/284|[from] item: Leftovers\n|-heal|p2a: Dragalge|151/258|[from] item: Leftovers\n|upkeep\n|turn|19\n|\n|t:|1781465860\n|move|p1a: Manaphy|Ice Beam|p2a: Dragalge\n|-supereffective|p2a: Dragalge\n|-damage|p2a: Dragalge|65/258\n|move|p2a: Dragalge|Draco Meteor|p1a: Manaphy\n|-damage|p1a: Manaphy|0 fnt\n|-unboost|p2a: Dragalge|spa|2\n|faint|p1a: Manaphy\n|\n|-heal|p2a: Dragalge|81/258|[from] item: Leftovers\n|upkeep\n|\n|t:|1781465870\n|switch|p1a: Minun|Minun, L95, F|268/268\n|turn|20\n|\n|t:|1781465875\n|switch|p2a: Piloswine|Piloswine, L85, F|309/309\n|-activate|p2a: Piloswine|move: Sticky Web\n|-unboost|p2a: Piloswine|spe|1\n|move|p1a: Minun|Nasty Plot|p1a: Minun\n|-boost|p1a: Minun|spa|2\n|\n|upkeep\n|turn|21\n|\n|t:|1781465897\n|switch|p1a: Toucannon|Toucannon, L88, M|58/284\n|-terastallize|p2a: Piloswine|Dragon\n|move|p2a: Piloswine|Earthquake|p1a: Toucannon\n|-immune|p1a: Toucannon\n|\n|upkeep\n|turn|22\n|\n|t:|1781465909\n|-singleturn|p1a: Toucannon|move: Beak Blast\n|move|p2a: Piloswine|Stealth Rock|p1a: Toucannon\n|-sidestart|p1: Pokeoke|move: Stealth Rock\n|move|p1a: Toucannon|Beak Blast|p2a: Piloswine\n|-damage|p2a: Piloswine|206/309\n|\n|upkeep\n|turn|23\n|\n|t:|1781465915\n|-singleturn|p1a: Toucannon|move: Beak Blast\n|move|p2a: Piloswine|Icicle Crash|p1a: Toucannon\n|-supereffective|p1a: Toucannon\n|-damage|p1a: Toucannon|0 fnt\n|faint|p1a: Toucannon\n|\n|upkeep\n|\n|t:|1781465927\n|switch|p1a: Bombirdier|Bombirdier, L85, M|258/258\n|-damage|p1a: Bombirdier|194/258|[from] Stealth Rock\n|turn|24\n|\n|t:|1781465932\n|move|p1a: Bombirdier|Knock Off|p2a: Piloswine\n|-damage|p2a: Piloswine|122/309\n|-enditem|p2a: Piloswine|Eviolite|[from] move: Knock Off|[of] p1a: Bombirdier\n|move|p2a: Piloswine|Icicle Crash|p1a: Bombirdier\n|-supereffective|p1a: Bombirdier\n|-damage|p1a: Bombirdier|0 fnt\n|faint|p1a: Bombirdier\n|\n|upkeep\n|\n|t:|1781465937\n|switch|p1a: Minun|Minun, L95, F|268/268\n|-damage|p1a: Minun|235/268|[from] Stealth Rock\n|turn|25\n|inactive|hectorretaaa81 has 120 seconds left.\n|\n|t:|1781465979\n|move|p1a: Minun|Alluring Voice|p2a: Piloswine\n|-supereffective|p2a: Piloswine\n|-damage|p2a: Piloswine|0 fnt\n|faint|p2a: Piloswine\n|-damage|p1a: Minun|209/268|[from] item: Life Orb\n|\n|upkeep\n|\n|t:|1781465983\n|switch|p2a: Dragalge|Dragalge, L88, F|81/258\n|-activate|p2a: Dragalge|move: Sticky Web\n|-unboost|p2a: Dragalge|spe|1\n|turn|26\n|\n|t:|1781465988\n|-terastallize|p1a: Minun|Fairy\n|move|p1a: Minun|Alluring Voice|p2a: Dragalge\n|-damage|p2a: Dragalge|0 fnt\n|faint|p2a: Dragalge\n|-damage|p1a: Minun|183/268|[from] item: Life Orb\n|\n|upkeep\n|\n|t:|1781465992\n|switch|p2a: Gengar|Gengar, L81, F|230/230\n|-activate|p2a: Gengar|move: Sticky Web\n|-unboost|p2a: Gengar|spe|1\n|turn|27\n|\n|t:|1781465995\n|move|p1a: Minun|Thunderbolt|p2a: Gengar\n|-damage|p2a: Gengar|88/230\n|-damage|p1a: Minun|157/268|[from] item: Life Orb\n|move|p2a: Gengar|Sludge Wave|p1a: Minun\n|-supereffective|p1a: Minun\n|-damage|p1a: Minun|0 fnt\n|faint|p1a: Minun\n|-damage|p2a: Gengar|65/230|[from] item: Life Orb\n|\n|win|hectorretaaa81\n", "uploadtime": 1781465504, "views": 5, "formatid": "gen9randombattle", "rating": null, "private": 0, "password": null}