{"id": "gen9randombattle-2631903817", "format": "[Gen 9] Random Battle", "players": ["eliasmo", "bimiuchiratnhieu"], "log": "|j|\u2606eliasmo\n|j|\u2606bimiuchiratnhieu\n|t:|1781453959\n|gametype|singles\n|player|p1|eliasmo|2|1972\n|player|p2|bimiuchiratnhieu|hilda|1924\n|gen|9\n|tier|[Gen 9] Random Battle\n|rated|\n|rule|Species Clause: Limit one of each Pok\u00e9mon\n|rule|HP Percentage Mod: HP is shown in percentages\n|rule|Sleep Clause Mod: Limit one foe put to sleep\n|rule|Illusion Level Mod: Illusion disguises the Pok\u00e9mon's true level\n|\n|t:|1781453959\n|teamsize|p1|6\n|teamsize|p2|6\n|start\n|switch|p1a: Tinkaton|Tinkaton, L82, F|274/274\n|switch|p2a: Landorus|Landorus-Therian, L76, M|260/260\n|-ability|p1a: Tinkaton|Mold Breaker\n|-ability|p2a: Landorus|Intimidate|boost\n|-unboost|p1a: Tinkaton|atk|1\n|turn|1\n|inactive|Battle timer is ON: inactive players will automatically lose when time's up. (requested by bimiuchiratnhieu)\n|\n|t:|1781453981\n|switch|p1a: Masquerain|Masquerain, L87, M|264/264\n|-ability|p1a: Masquerain|Intimidate|boost\n|-unboost|p2a: Landorus|atk|1\n|move|p2a: Landorus|Earthquake|p1a: Masquerain\n|-immune|p1a: Masquerain\n|\n|upkeep\n|turn|2\n|\n|t:|1781453995\n|move|p1a: Masquerain|Sticky Web|p2a: Landorus\n|-sidestart|p2: bimiuchiratnhieu|move: Sticky Web\n|move|p2a: Landorus|Stone Edge|p1a: Masquerain\n|-supereffective|p1a: Masquerain\n|-damage|p1a: Masquerain|4/264\n|\n|upkeep\n|turn|3\n|\n|t:|1781454005\n|move|p1a: Masquerain|Hydro Pump|p2a: Landorus\n|-supereffective|p2a: Landorus\n|-damage|p2a: Landorus|64/260\n|move|p2a: Landorus|U-turn|p1a: Masquerain\n|-resisted|p1a: Masquerain\n|-damage|p1a: Masquerain|0 fnt\n|faint|p1a: Masquerain\n|\n|t:|1781454014\n|switch|p2a: Araquanid|Araquanid, L82, M|246/246|[from] U-turn\n|\n|upkeep\n|\n|t:|1781454038\n|switch|p1a: Cryogonal|Cryogonal, L89|287/287\n|turn|4\n|inactive|bimiuchiratnhieu has 120 seconds left.\n|inactive|bimiuchiratnhieu has 90 seconds left.\n|\n|t:|1781454108\n|switch|p1a: Feraligatr|Feraligatr, L79, F|264/264\n|move|p2a: Araquanid|Sticky Web|p1a: Feraligatr\n|-sidestart|p1: eliasmo|move: Sticky Web\n|\n|upkeep\n|turn|5\n|inactive|bimiuchiratnhieu has 90 seconds left.\n|\n|t:|1781454114\n|switch|p2a: Landorus|Landorus-Therian, L76, M|64/260\n|-ability|p2a: Landorus|Intimidate|boost\n|-unboost|p1a: Feraligatr|atk|1\n|move|p1a: Feraligatr|Dragon Dance|p1a: Feraligatr\n|-boost|p1a: Feraligatr|atk|1\n|-boost|p1a: Feraligatr|spe|1\n|\n|-heal|p2a: Landorus|80/260|[from] item: Leftovers\n|upkeep\n|turn|6\n|inactive|bimiuchiratnhieu has 90 seconds left.\n|inactive|bimiuchiratnhieu has 60 seconds left.\n|\n|t:|1781454161\n|switch|p2a: Araquanid|Araquanid, L82, M|246/246\n|move|p1a: Feraligatr|Liquidation|p2a: Araquanid\n|-resisted|p2a: Araquanid\n|-damage|p2a: Araquanid|168/246\n|\n|upkeep\n|turn|7\n|\n|t:|1781454169\n|move|p1a: Feraligatr|Dragon Dance|p1a: Feraligatr\n|-boost|p1a: Feraligatr|atk|1\n|-boost|p1a: Feraligatr|spe|1\n|move|p2a: Araquanid|Leech Life|p1a: Feraligatr\n|-damage|p1a: Feraligatr|197/264\n|-heal|p2a: Araquanid|202/246|[from] drain|[of] p1a: Feraligatr\n|\n|upkeep\n|turn|8\n|inactive|bimiuchiratnhieu has 60 seconds left.\n|\n|t:|1781454195\n|move|p1a: Feraligatr|Dragon Dance|p1a: Feraligatr\n|-boost|p1a: Feraligatr|atk|1\n|-boost|p1a: Feraligatr|spe|1\n|move|p2a: Araquanid|Leech Life|p1a: Feraligatr\n|-crit|p1a: Feraligatr\n|-damage|p1a: Feraligatr|113/264\n|-heal|p2a: Araquanid|244/246|[from] drain|[of] p1a: Feraligatr\n|\n|upkeep\n|turn|9\n|\n|t:|1781454203\n|move|p1a: Feraligatr|Crunch|p2a: Araquanid\n|-damage|p2a: Araquanid|82/246\n|move|p2a: Araquanid|Leech Life|p1a: Feraligatr\n|-damage|p1a: Feraligatr|47/264\n|-heal|p2a: Araquanid|115/246|[from] drain|[of] p1a: Feraligatr\n|\n|upkeep\n|turn|10\n|inactive|bimiuchiratnhieu has 60 seconds left.\n|\n|t:|1781454212\n|switch|p2a: Landorus|Landorus-Therian, L76, M|80/260\n|-ability|p2a: Landorus|Intimidate|boost\n|-unboost|p1a: Feraligatr|atk|1\n|move|p1a: Feraligatr|Crunch|p2a: Landorus\n|-damage|p2a: Landorus|0 fnt\n|faint|p2a: Landorus\n|\n|upkeep\n|inactive|bimiuchiratnhieu has 60 seconds left.\n|\n|t:|1781454220\n|switch|p2a: Pikachu|Pikachu-Partner, L93, F|216/216\n|-activate|p2a: Pikachu|move: Sticky Web\n|-unboost|p2a: Pikachu|spe|1\n|turn|11\n|\n|t:|1781454224\n|move|p2a: Pikachu|Fake Out|p1a: Feraligatr\n|-damage|p1a: Feraligatr|1/264\n|cant|p1a: Feraligatr|flinch\n|\n|upkeep\n|turn|12\n|inactive|bimiuchiratnhieu has 60 seconds left.\n|\n|t:|1781454251\n|switch|p2a: Araquanid|Araquanid, L82, M|115/246\n|move|p1a: Feraligatr|Liquidation|p2a: Araquanid\n|-resisted|p2a: Araquanid\n|-crit|p2a: Araquanid\n|-damage|p2a: Araquanid|0 fnt\n|faint|p2a: Araquanid\n|\n|upkeep\n|\n|t:|1781454253\n|switch|p2a: Pikachu|Pikachu-Partner, L93, F|216/216\n|-activate|p2a: Pikachu|move: Sticky Web\n|-unboost|p2a: Pikachu|spe|1\n|turn|13\n|\n|t:|1781454262\n|switch|p1a: Cryogonal|Cryogonal, L89|287/287\n|move|p2a: Pikachu|Fake Out|p1a: Cryogonal\n|-damage|p1a: Cryogonal|219/287\n|\n|upkeep\n|turn|14\n|inactive|bimiuchiratnhieu has 60 seconds left.\n|\n|t:|1781454290\n|move|p1a: Cryogonal|Rapid Spin|p2a: Pikachu\n|-damage|p2a: Pikachu|177/216\n|-boost|p1a: Cryogonal|spe|1\n|-sideend|p1: eliasmo|Sticky Web|[from] move: Rapid Spin|[of] p1a: Cryogonal\n|move|p2a: Pikachu|Volt Tackle|p1a: Cryogonal\n|-damage|p1a: Cryogonal|0 fnt\n|faint|p1a: Cryogonal\n|-damage|p2a: Pikachu|105/216|[from] Recoil\n|\n|upkeep\n|\n|t:|1781454298\n|switch|p1a: Feraligatr|Feraligatr, L79, F|1/264\n|turn|15\n|inactive|bimiuchiratnhieu has 60 seconds left.\n|inactive|bimiuchiratnhieu has 30 seconds left.\n|\n|t:|1781454341\n|switch|p2a: Hippowdon|Hippowdon, L82, F|311/311\n|-activate|p2a: Hippowdon|move: Sticky Web\n|-unboost|p2a: Hippowdon|spe|1\n|-weather|Sandstorm|[from] ability: Sand Stream|[of] p2a: Hippowdon\n|move|p1a: Feraligatr|Liquidation|p2a: Hippowdon\n|-supereffective|p2a: Hippowdon\n|-damage|p2a: Hippowdon|77/311\n|\n|-weather|Sandstorm|[upkeep]\n|-damage|p1a: Feraligatr|0 fnt|[from] Sandstorm\n|faint|p1a: Feraligatr\n|-heal|p2a: Hippowdon|96/311|[from] item: Leftovers\n|upkeep\n|\n|t:|1781454355\n|switch|p1a: Oinkologne|Oinkologne-F, L92, F|361/361\n|turn|16\n|\n|t:|1781454358\n|move|p1a: Oinkologne|Body Slam|p2a: Hippowdon\n|-crit|p2a: Hippowdon\n|-damage|p2a: Hippowdon|0 fnt\n|faint|p2a: Hippowdon\n|\n|-weather|Sandstorm|[upkeep]\n|-damage|p1a: Oinkologne|339/361|[from] Sandstorm\n|-heal|p1a: Oinkologne|361/361|[from] item: Leftovers\n|upkeep\n|\n|t:|1781454366\n|switch|p2a: Palafin|Palafin, L77, M|281/281\n|-activate|p2a: Palafin|move: Sticky Web\n|-unboost|p2a: Palafin|spe|1\n|turn|17\n|\n|t:|1781454373\n|detailschange|p2a: Palafin|Palafin-Hero, L77, M\n|switch|p2a: Hatterene|Hatterene, L85, F|236/236\n|-activate|p2a: Hatterene|move: Sticky Web\n|-unboost|p2a: Hatterene|spe|1\n|move|p1a: Oinkologne|Body Slam|p2a: Hatterene\n|-damage|p2a: Hatterene|137/236\n|\n|-weather|Sandstorm|[upkeep]\n|-damage|p1a: Oinkologne|339/361|[from] Sandstorm\n|-damage|p2a: Hatterene|123/236|[from] Sandstorm\n|-heal|p1a: Oinkologne|361/361|[from] item: Leftovers\n|upkeep\n|turn|18\n|\n|t:|1781454380\n|move|p1a: Oinkologne|Body Slam|p2a: Hatterene\n|-damage|p2a: Hatterene|24/236\n|move|p2a: Hatterene|Nuzzle|p1a: Oinkologne\n|-damage|p1a: Oinkologne|345/361\n|-status|p1a: Oinkologne|par\n|\n|-weather|Sandstorm|[upkeep]\n|-damage|p1a: Oinkologne|323/361 par|[from] Sandstorm\n|-damage|p2a: Hatterene|10/236|[from] Sandstorm\n|-heal|p1a: Oinkologne|345/361 par|[from] item: Leftovers\n|upkeep\n|turn|19\n|inactive|bimiuchiratnhieu has 60 seconds left.\n|\n|t:|1781454405\n|move|p1a: Oinkologne|Curse|p1a: Oinkologne\n|-unboost|p1a: Oinkologne|spe|1\n|-boost|p1a: Oinkologne|atk|1\n|-boost|p1a: Oinkologne|def|1\n|move|p2a: Hatterene|Psychic Noise|p1a: Oinkologne\n|-damage|p1a: Oinkologne|255/361 par\n|-block|p1a: Oinkologne|ability: Aroma Veil|[of] p1a: Oinkologne\n|\n|-weather|none\n|-heal|p1a: Oinkologne|277/361 par|[from] item: Leftovers\n|upkeep\n|turn|20\n|\n|t:|1781454415\n|move|p2a: Hatterene|Psychic Noise|p1a: Oinkologne\n|-damage|p1a: Oinkologne|186/361 par\n|-block|p1a: Oinkologne|ability: Aroma Veil|[of] p1a: Oinkologne\n|move|p1a: Oinkologne|Body Slam|p2a: Hatterene\n|-damage|p2a: Hatterene|0 fnt\n|faint|p2a: Hatterene\n|\n|-heal|p1a: Oinkologne|208/361 par|[from] item: Leftovers\n|upkeep\n|\n|t:|1781454437\n|switch|p2a: Pikachu|Pikachu-Partner, L93, F|105/216\n|-activate|p2a: Pikachu|move: Sticky Web\n|-unboost|p2a: Pikachu|spe|1\n|turn|21\n|\n|t:|1781454441\n|move|p2a: Pikachu|Fake Out|p1a: Oinkologne\n|-damage|p1a: Oinkologne|172/361 par\n|cant|p1a: Oinkologne|flinch\n|\n|-heal|p1a: Oinkologne|194/361 par|[from] item: Leftovers\n|upkeep\n|turn|22\n|\n|t:|1781454459\n|move|p2a: Pikachu|Volt Tackle|p1a: Oinkologne\n|-damage|p1a: Oinkologne|49/361 par\n|-damage|p2a: Pikachu|57/216|[from] Recoil\n|move|p1a: Oinkologne|Rest|p1a: Oinkologne\n|-status|p1a: Oinkologne|slp|[from] move: Rest\n|-heal|p1a: Oinkologne|361/361 slp|[silent]\n|\n|upkeep\n|turn|23\n|\n|t:|1781454463\n|move|p2a: Pikachu|Surf|p1a: Oinkologne\n|-damage|p1a: Oinkologne|277/361 slp\n|cant|p1a: Oinkologne|slp\n|move|p1a: Oinkologne|Sleep Talk|p1a: Oinkologne\n|move|p1a: Oinkologne|Curse|p1a: Oinkologne|[from] move: Sleep Talk\n|-unboost|p1a: Oinkologne|spe|1\n|-boost|p1a: Oinkologne|atk|1\n|-boost|p1a: Oinkologne|def|1\n|\n|-heal|p1a: Oinkologne|299/361 slp|[from] item: Leftovers\n|upkeep\n|turn|24\n|\n|t:|1781454467\n|move|p2a: Pikachu|Surf|p1a: Oinkologne\n|-damage|p1a: Oinkologne|214/361 slp\n|cant|p1a: Oinkologne|slp\n|move|p1a: Oinkologne|Sleep Talk|p1a: Oinkologne\n|move|p1a: Oinkologne|Rest||[from] move: Sleep Talk|[still]\n|-fail|p1a: Oinkologne\n|\n|-heal|p1a: Oinkologne|236/361 slp|[from] item: Leftovers\n|upkeep\n|turn|25\n|\n|t:|1781454474\n|move|p2a: Pikachu|Surf|p1a: Oinkologne\n|-crit|p1a: Oinkologne\n|-damage|p1a: Oinkologne|97/361 slp\n|-curestatus|p1a: Oinkologne|slp|[msg]\n|move|p1a: Oinkologne|Body Slam|p2a: Pikachu\n|-damage|p2a: Pikachu|0 fnt\n|faint|p2a: Pikachu\n|\n|-heal|p1a: Oinkologne|119/361|[from] item: Leftovers\n|upkeep\n|\n|t:|1781454475\n|switch|p2a: Palafin|Palafin-Hero, L77, M|281/281\n|-activate|p2a: Palafin|move: Sticky Web\n|-unboost|p2a: Palafin|spe|1\n|-activate|p2a: Palafin|ability: Zero to Hero\n|turn|26\n|\n|t:|1781454483\n|-terastallize|p2a: Palafin|Steel\n|-terastallize|p1a: Oinkologne|Poison\n|move|p2a: Palafin|Bulk Up|p2a: Palafin\n|-boost|p2a: Palafin|atk|1\n|-boost|p2a: Palafin|def|1\n|move|p1a: Oinkologne|Body Slam|p2a: Palafin\n|-resisted|p2a: Palafin\n|-damage|p2a: Palafin|209/281\n|\n|-heal|p2a: Palafin|226/281|[from] item: Leftovers\n|-heal|p1a: Oinkologne|141/361|[from] item: Leftovers\n|upkeep\n|turn|27\n|\n|t:|1781454488\n|move|p2a: Palafin|Bulk Up|p2a: Palafin\n|-boost|p2a: Palafin|atk|1\n|-boost|p2a: Palafin|def|1\n|move|p1a: Oinkologne|Body Slam|p2a: Palafin\n|-resisted|p2a: Palafin\n|-damage|p2a: Palafin|175/281\n|\n|-heal|p2a: Palafin|192/281|[from] item: Leftovers\n|-heal|p1a: Oinkologne|163/361|[from] item: Leftovers\n|upkeep\n|turn|28\n|inactive|bimiuchiratnhieu has 90 seconds left.\n|\n|t:|1781454506\n|move|p2a: Palafin|Bulk Up|p2a: Palafin\n|-boost|p2a: Palafin|atk|1\n|-boost|p2a: Palafin|def|1\n|move|p1a: Oinkologne|Body Slam|p2a: Palafin\n|-resisted|p2a: Palafin\n|-damage|p2a: Palafin|153/281\n|\n|-heal|p2a: Palafin|170/281|[from] item: Leftovers\n|-heal|p1a: Oinkologne|185/361|[from] item: Leftovers\n|upkeep\n|turn|29\n|\n|t:|1781454514\n|move|p2a: Palafin|Wave Crash|p1a: Oinkologne\n|-damage|p1a: Oinkologne|0 fnt\n|faint|p1a: Oinkologne\n|-damage|p2a: Palafin|109/281|[from] Recoil\n|\n|-heal|p2a: Palafin|126/281|[from] item: Leftovers\n|upkeep\n|\n|t:|1781454517\n|switch|p1a: Dachsbun|Dachsbun, L92, F|254/254\n|turn|30\n|\n|t:|1781454528\n|move|p1a: Dachsbun|Body Press|p2a: Palafin\n|-supereffective|p2a: Palafin\n|-damage|p2a: Palafin|68/281\n|move|p2a: Palafin|Ice Punch|p1a: Dachsbun\n|-damage|p1a: Dachsbun|120/254\n|\n|-heal|p1a: Dachsbun|135/254|[from] item: Leftovers\n|-heal|p2a: Palafin|85/281|[from] item: Leftovers\n|upkeep\n|turn|31\n|\n|t:|1781454534\n|move|p1a: Dachsbun|Body Press|p2a: Palafin\n|-supereffective|p2a: Palafin\n|-damage|p2a: Palafin|23/281\n|move|p2a: Palafin|Ice Punch|p1a: Dachsbun\n|-damage|p1a: Dachsbun|11/254\n|-status|p1a: Dachsbun|frz\n|\n|-heal|p1a: Dachsbun|26/254 frz|[from] item: Leftovers\n|-heal|p2a: Palafin|40/281|[from] item: Leftovers\n|upkeep\n|turn|32\n|\n|t:|1781454540\n|cant|p1a: Dachsbun|frz\n|move|p2a: Palafin|Bulk Up|p2a: Palafin\n|-boost|p2a: Palafin|atk|1\n|-boost|p2a: Palafin|def|1\n|\n|-heal|p1a: Dachsbun|41/254 frz|[from] item: Leftovers\n|-heal|p2a: Palafin|57/281|[from] item: Leftovers\n|upkeep\n|turn|33\n|\n|t:|1781454545\n|cant|p1a: Dachsbun|frz\n|move|p2a: Palafin|Bulk Up|p2a: Palafin\n|-boost|p2a: Palafin|atk|1\n|-boost|p2a: Palafin|def|1\n|\n|-heal|p1a: Dachsbun|56/254 frz|[from] item: Leftovers\n|-heal|p2a: Palafin|74/281|[from] item: Leftovers\n|upkeep\n|turn|34\n|\n|t:|1781454549\n|cant|p1a: Dachsbun|frz\n|move|p2a: Palafin|Bulk Up|p2a: Palafin\n|-boost|p2a: Palafin|atk|1\n|-boost|p2a: Palafin|def|1\n|\n|-heal|p1a: Dachsbun|71/254 frz|[from] item: Leftovers\n|-heal|p2a: Palafin|91/281|[from] item: Leftovers\n|upkeep\n|turn|35\n|\n|t:|1781454553\n|move|p2a: Palafin|Jet Punch|p1a: Dachsbun\n|-damage|p1a: Dachsbun|0 fnt\n|faint|p1a: Dachsbun\n|\n|-heal|p2a: Palafin|108/281|[from] item: Leftovers\n|upkeep\n|c|\u2606eliasmo|Alr\n|\n|t:|1781454560\n|switch|p1a: Tinkaton|Tinkaton, L82, F|274/274\n|-ability|p1a: Tinkaton|Mold Breaker\n|turn|36\n|\n|t:|1781454571\n|move|p2a: Palafin|Jet Punch|p1a: Tinkaton\n|-damage|p1a: Tinkaton|0 fnt\n|faint|p1a: Tinkaton\n|\n|win|bimiuchiratnhieu\n", "uploadtime": 1781453961, "views": 3, "formatid": "gen9randombattle", "rating": null, "private": 0, "password": null}