{"id": "gen9randombattle-2631535051", "format": "[Gen 9] Random Battle", "players": ["kilojuki", "ollies724"], "log": "|j|\u2606kilojuki\n|j|\u2606ollies724\n|t:|1781397894\n|gametype|singles\n|player|p1|kilojuki|266|1949\n|player|p2|ollies724|266|1961\n|gen|9\n|tier|[Gen 9] Random Battle\n|rated|\n|rule|Species Clause: Limit one of each Pok\u00e9mon\n|rule|HP Percentage Mod: HP is shown in percentages\n|rule|Sleep Clause Mod: Limit one foe put to sleep\n|rule|Illusion Level Mod: Illusion disguises the Pok\u00e9mon's true level\n|\n|t:|1781397894\n|teamsize|p1|6\n|teamsize|p2|6\n|start\n|switch|p1a: Hydreigon|Hydreigon, L79, F|275/275\n|switch|p2a: Manaphy|Manaphy, L78|284/284\n|turn|1\n|\n|t:|1781397940\n|move|p2a: Manaphy|Tail Glow|p2a: Manaphy\n|-boost|p2a: Manaphy|spa|3\n|move|p1a: Hydreigon|U-turn|p2a: Manaphy\n|-damage|p2a: Manaphy|242/284\n|\n|t:|1781397950\n|switch|p1a: Bellibolt|Bellibolt, L84, M|320/320|[from] U-turn\n|\n|-heal|p2a: Manaphy|259/284|[from] item: Leftovers\n|upkeep\n|turn|2\n|\n|t:|1781397961\n|move|p2a: Manaphy|Tail Glow|p2a: Manaphy\n|-boost|p2a: Manaphy|spa|3\n|move|p1a: Bellibolt|Thunderbolt|p2a: Manaphy\n|-supereffective|p2a: Manaphy\n|-damage|p2a: Manaphy|47/284\n|\n|-heal|p2a: Manaphy|64/284|[from] item: Leftovers\n|upkeep\n|turn|3\n|\n|t:|1781397968\n|move|p2a: Manaphy|Surf|p1a: Bellibolt\n|-damage|p1a: Bellibolt|0 fnt\n|faint|p1a: Bellibolt\n|\n|-heal|p2a: Manaphy|81/284|[from] item: Leftovers\n|upkeep\n|inactive|Battle timer is ON: inactive players will automatically lose when time's up. (requested by kilojuki)\n|c|\u2606ollies724|yay!\n|\n|t:|1781397979\n|switch|p1a: Araquanid|Araquanid, L82, F|246/246\n|turn|4\n|\n|t:|1781397986\n|move|p2a: Manaphy|Energy Ball|p1a: Araquanid\n|-damage|p1a: Araquanid|75/246\n|move|p1a: Araquanid|Leech Life|p2a: Manaphy\n|-damage|p2a: Manaphy|15/284\n|-heal|p1a: Araquanid|108/246|[from] drain|[of] p2a: Manaphy\n|\n|-heal|p2a: Manaphy|32/284|[from] item: Leftovers\n|upkeep\n|turn|5\n|c|\u2606ollies724|is your team very slow\n|-message|kilojuki forfeited.\n|\n|win|ollies724\n", "uploadtime": 1781397896, "views": 3, "formatid": "gen9randombattle", "rating": null, "private": 0, "password": null}