{"id": "gen9randombattle-2632013662", "format": "[Gen 9] Random Battle", "players": ["TSM-Virgil", "Knayrus"], "log": "|j|\u2606TSM-Virgil\n|j|\u2606Knayrus\n|t:|1781465978\n|gametype|singles\n|player|p1|TSM-Virgil|acetrainer|2100\n|player|p2|Knayrus|drayden|2080\n|gen|9\n|tier|[Gen 9] Random Battle\n|rated|\n|rule|Species Clause: Limit one of each Pok\u00e9mon\n|rule|HP Percentage Mod: HP is shown in percentages\n|rule|Sleep Clause Mod: Limit one foe put to sleep\n|rule|Illusion Level Mod: Illusion disguises the Pok\u00e9mon's true level\n|\n|t:|1781465978\n|teamsize|p1|6\n|teamsize|p2|6\n|start\n|switch|p1a: Vileplume|Vileplume, L85, M|266/266\n|switch|p2a: Arbok|Arbok, L87, F|246/246\n|-ability|p2a: Arbok|Intimidate|boost\n|-unboost|p1a: Vileplume|atk|1\n|turn|1\n|inactive|Battle timer is ON: inactive players will automatically lose when time's up. (requested by TSM-Virgil)\n|\n|t:|1781465988\n|move|p2a: Arbok|Glare|p1a: Vileplume\n|-status|p1a: Vileplume|par\n|cant|p1a: Vileplume|par\n|\n|upkeep\n|turn|2\n|\n|t:|1781465993\n|move|p2a: Arbok|Gunk Shot|p1a: Vileplume\n|-damage|p1a: Vileplume|85/266 par\n|-damage|p2a: Arbok|222/246|[from] item: Life Orb\n|move|p1a: Vileplume|Leech Seed|p2a: Arbok\n|-start|p2a: Arbok|move: Leech Seed\n|\n|-heal|p1a: Vileplume|101/266 par|[from] item: Leftovers\n|-damage|p2a: Arbok|192/246|[from] Leech Seed|[of] p1a: Vileplume\n|-heal|p1a: Vileplume|131/266 par|[silent]\n|upkeep\n|turn|3\n|\n|t:|1781466012\n|switch|p2a: Froslass|Froslass, L87, F|263/263\n|cant|p1a: Vileplume|par\n|\n|-heal|p1a: Vileplume|147/266 par|[from] item: Leftovers\n|upkeep\n|turn|4\n|\n|t:|1781466021\n|switch|p1a: Camerupt|Camerupt, L91, M|275/275\n|move|p2a: Froslass|Triple Axel|p1a: Camerupt\n|-damage|p1a: Camerupt|253/275\n|-damage|p1a: Camerupt|211/275\n|-damage|p1a: Camerupt|144/275\n|-hitcount|p1a: Camerupt|3\n|\n|-heal|p1a: Camerupt|161/275|[from] item: Leftovers\n|upkeep\n|turn|5\n|\n|t:|1781466033\n|move|p2a: Froslass|Triple Axel|p1a: Camerupt\n|-damage|p1a: Camerupt|137/275\n|-damage|p1a: Camerupt|91/275\n|-damage|p1a: Camerupt|27/275\n|-hitcount|p1a: Camerupt|3\n|move|p1a: Camerupt|Overheat|p2a: Froslass\n|-supereffective|p2a: Froslass\n|-crit|p2a: Froslass\n|-damage|p2a: Froslass|0 fnt\n|-unboost|p1a: Camerupt|spa|2\n|faint|p2a: Froslass\n|\n|-heal|p1a: Camerupt|44/275|[from] item: Leftovers\n|upkeep\n|\n|t:|1781466044\n|switch|p2a: Spectrier|Spectrier, L75|274/274\n|turn|6\n|\n|t:|1781466051\n|switch|p1a: Salazzle|Salazzle, L83, F|249/249\n|move|p2a: Spectrier|Substitute|p2a: Spectrier\n|-start|p2a: Spectrier|Substitute\n|-damage|p2a: Spectrier|206/274\n|\n|-heal|p2a: Spectrier|223/274|[from] item: Leftovers\n|upkeep\n|turn|7\n|\n|t:|1781466059\n|move|p1a: Salazzle|Fire Blast|p2a: Spectrier\n|-end|p2a: Spectrier|Substitute\n|move|p2a: Spectrier|Shadow Ball|p1a: Salazzle\n|-damage|p1a: Salazzle|113/249\n|\n|-heal|p2a: Spectrier|240/274|[from] item: Leftovers\n|upkeep\n|turn|8\n|\n|t:|1781466073\n|move|p1a: Salazzle|Fire Blast|p2a: Spectrier\n|-crit|p2a: Spectrier\n|-damage|p2a: Spectrier|11/274\n|move|p2a: Spectrier|Shadow Ball|p1a: Salazzle\n|-damage|p1a: Salazzle|0 fnt\n|faint|p1a: Salazzle\n|-ability|p2a: Spectrier|Grim Neigh|boost\n|-boost|p2a: Spectrier|spa|1\n|\n|-heal|p2a: Spectrier|28/274|[from] item: Leftovers\n|upkeep\n|\n|t:|1781466077\n|switch|p1a: Crawdaunt|Crawdaunt, L84, M|243/243\n|turn|9\n|\n|t:|1781466083\n|switch|p2a: Politoed|Politoed, L88, F|302/302\n|-weather|RainDance|[from] ability: Drizzle|[of] p2a: Politoed\n|move|p1a: Crawdaunt|Aqua Jet|p2a: Politoed\n|-resisted|p2a: Politoed\n|-damage|p2a: Politoed|227/302\n|-damage|p1a: Crawdaunt|219/243|[from] item: Life Orb\n|\n|-weather|RainDance|[upkeep]\n|-heal|p2a: Politoed|245/302|[from] item: Leftovers\n|upkeep\n|turn|10\n|inactive|TSM-Virgil has 120 seconds left.\n|\n|t:|1781466136\n|switch|p1a: Vileplume|Vileplume, L85, M|147/266 par\n|move|p2a: Politoed|Encore||[still]\n|-fail|p2a: Politoed\n|\n|-weather|RainDance|[upkeep]\n|-heal|p2a: Politoed|263/302|[from] item: Leftovers\n|-heal|p1a: Vileplume|163/266 par|[from] item: Leftovers\n|upkeep\n|turn|11\n|\n|t:|1781466141\n|move|p2a: Politoed|Ice Beam|p1a: Vileplume\n|-supereffective|p1a: Vileplume\n|-damage|p1a: Vileplume|25/266 par\n|move|p1a: Vileplume|Giga Drain|p2a: Politoed\n|-supereffective|p2a: Politoed\n|-damage|p2a: Politoed|107/302\n|-heal|p1a: Vileplume|103/266 par|[from] drain|[of] p2a: Politoed\n|\n|-weather|RainDance|[upkeep]\n|-heal|p2a: Politoed|125/302|[from] item: Leftovers\n|-heal|p1a: Vileplume|119/266 par|[from] item: Leftovers\n|upkeep\n|turn|12\n|\n|t:|1781466147\n|switch|p1a: Camerupt|Camerupt, L91, M|44/275\n|move|p2a: Politoed|Ice Beam|p1a: Camerupt\n|-damage|p1a: Camerupt|0 fnt\n|faint|p1a: Camerupt\n|\n|-weather|RainDance|[upkeep]\n|-heal|p2a: Politoed|143/302|[from] item: Leftovers\n|upkeep\n|inactive|TSM-Virgil has 120 seconds left.\n|inactive|TSM-Virgil has 90 seconds left.\n|inactive|TSM-Virgil has 60 seconds left.\n|\n|t:|1781466217\n|switch|p1a: Lucario|Lucario, L84, F|255/255\n|turn|13\n|\n|t:|1781466227\n|move|p1a: Lucario|Focus Blast|p2a: Politoed\n|-damage|p2a: Politoed|0 fnt\n|faint|p2a: Politoed\n|-damage|p1a: Lucario|230/255|[from] item: Life Orb\n|\n|-weather|none\n|upkeep\n|\n|t:|1781466238\n|switch|p2a: Spectrier|Spectrier, L75|28/274\n|turn|14\n|\n|t:|1781466242\n|move|p2a: Spectrier|Shadow Ball|p1a: Lucario\n|-damage|p1a: Lucario|113/255\n|-unboost|p1a: Lucario|spd|1\n|move|p1a: Lucario|Flash Cannon|p2a: Spectrier\n|-damage|p2a: Spectrier|0 fnt\n|faint|p2a: Spectrier\n|-damage|p1a: Lucario|88/255|[from] item: Life Orb\n|\n|upkeep\n|\n|t:|1781466260\n|switch|p2a: Minun|Minun, L95, F|268/268\n|turn|15\n|inactive|TSM-Virgil has 90 seconds left.\n|\n|t:|1781466276\n|move|p2a: Minun|Nasty Plot|p2a: Minun\n|-boost|p2a: Minun|spa|2\n|move|p1a: Lucario|Focus Blast|p2a: Minun\n|-damage|p2a: Minun|87/268\n|-damage|p1a: Lucario|63/255|[from] item: Life Orb\n|\n|upkeep\n|turn|16\n|inactive|TSM-Virgil has 90 seconds left.\n|\n|t:|1781466283\n|move|p1a: Lucario|Vacuum Wave|p2a: Minun\n|-damage|p2a: Minun|31/268\n|-damage|p1a: Lucario|38/255|[from] item: Life Orb\n|move|p2a: Minun|Thunderbolt|p1a: Lucario\n|-damage|p1a: Lucario|0 fnt\n|faint|p1a: Lucario\n|-damage|p2a: Minun|5/268|[from] item: Life Orb\n|\n|upkeep\n|\n|t:|1781466286\n|switch|p1a: Vileplume|Vileplume, L85, M|119/266 par\n|turn|17\n|\n|t:|1781466289\n|move|p2a: Minun|Thunderbolt|p1a: Vileplume\n|-resisted|p1a: Vileplume\n|-damage|p1a: Vileplume|0 fnt\n|faint|p1a: Vileplume\n|-damage|p2a: Minun|0 fnt|[from] item: Life Orb\n|faint|p2a: Minun\n|\n|upkeep\n|\n|t:|1781466294\n|switch|p2a: Lucario|Lucario, L84, F|255/255\n|switch|p1a: Quagsire|Quagsire, L84, F|297/297\n|turn|18\n|\n|t:|1781466314\n|-terastallize|p2a: Lucario|Normal\n|move|p2a: Lucario|Close Combat|p1a: Quagsire\n|-damage|p1a: Quagsire|84/297\n|-unboost|p2a: Lucario|def|1\n|-unboost|p2a: Lucario|spd|1\n|move|p1a: Quagsire|Earthquake|p2a: Lucario\n|-damage|p2a: Lucario|150/255\n|\n|-heal|p1a: Quagsire|102/297|[from] item: Leftovers\n|upkeep\n|turn|19\n|inactive|TSM-Virgil has 120 seconds left.\n|\n|t:|1781466325\n|move|p2a: Lucario|Close Combat|p1a: Quagsire\n|-damage|p1a: Quagsire|0 fnt\n|-unboost|p2a: Lucario|def|1\n|-unboost|p2a: Lucario|spd|1\n|faint|p1a: Quagsire\n|\n|upkeep\n|\n|t:|1781466328\n|switch|p1a: Crawdaunt|Crawdaunt, L84, M|219/243\n|turn|20\n|\n|t:|1781466332\n|switch|p2a: Arbok|Arbok, L87, F|192/246\n|-ability|p2a: Arbok|Intimidate|boost\n|-unboost|p1a: Crawdaunt|atk|1\n|-terastallize|p1a: Crawdaunt|Water\n|move|p1a: Crawdaunt|Aqua Jet|p2a: Arbok\n|-damage|p2a: Arbok|110/246\n|-damage|p1a: Crawdaunt|195/243|[from] item: Life Orb\n|\n|upkeep\n|turn|21\n|\n|t:|1781466349\n|move|p2a: Arbok|Earthquake|p1a: Crawdaunt\n|-damage|p1a: Crawdaunt|87/243\n|-damage|p2a: Arbok|86/246|[from] item: Life Orb\n|move|p1a: Crawdaunt|Dragon Dance|p1a: Crawdaunt\n|-boost|p1a: Crawdaunt|atk|1\n|-boost|p1a: Crawdaunt|spe|1\n|\n|upkeep\n|turn|22\n|\n|t:|1781466355\n|move|p2a: Arbok|Sucker Punch|p1a: Crawdaunt\n|-damage|p1a: Crawdaunt|16/243\n|-damage|p2a: Arbok|62/246|[from] item: Life Orb\n|move|p1a: Crawdaunt|Crabhammer|p2a: Arbok\n|-damage|p2a: Arbok|0 fnt\n|faint|p2a: Arbok\n|-damage|p1a: Crawdaunt|0 fnt|[from] item: Life Orb\n|faint|p1a: Crawdaunt\n|\n|win|Knayrus\n", "uploadtime": 1781465980, "views": 2, "formatid": "gen9randombattle", "rating": null, "private": 0, "password": null}