{"id": "gen9randombattle-2631763293", "format": "[Gen 9] Random Battle", "players": ["arno123", "Valentina17"], "log": "|j|\u2606arno123\n|j|\u2606Valentina17\n|t:|1781435798\n|gametype|singles\n|player|p1|arno123|101|1930\n|player|p2|Valentina17|parasollady|1955\n|gen|9\n|tier|[Gen 9] Random Battle\n|rated|\n|rule|Species Clause: Limit one of each Pok\u00e9mon\n|rule|HP Percentage Mod: HP is shown in percentages\n|rule|Sleep Clause Mod: Limit one foe put to sleep\n|rule|Illusion Level Mod: Illusion disguises the Pok\u00e9mon's true level\n|\n|t:|1781435798\n|teamsize|p1|6\n|teamsize|p2|6\n|start\n|switch|p1a: Yanmega|Yanmega, L82, F|275/275\n|switch|p2a: Azelf|Azelf, L82|257/257\n|turn|1\n|inactive|Battle timer is ON: inactive players will automatically lose when time's up. (requested by arno123)\n|\n|t:|1781435812\n|move|p1a: Yanmega|Protect|p1a: Yanmega\n|-singleturn|p1a: Yanmega|Protect\n|move|p2a: Azelf|Fire Blast|p1a: Yanmega\n|-activate|p1a: Yanmega|move: Protect\n|\n|-ability|p1a: Yanmega|Speed Boost|boost\n|-boost|p1a: Yanmega|spe|1\n|upkeep\n|turn|2\n|\n|t:|1781435819\n|move|p1a: Yanmega|Bug Buzz|p2a: Azelf\n|-supereffective|p2a: Azelf\n|-damage|p2a: Azelf|0 fnt\n|faint|p2a: Azelf\n|\n|-ability|p1a: Yanmega|Speed Boost|boost\n|-boost|p1a: Yanmega|spe|1\n|upkeep\n|\n|t:|1781435823\n|switch|p2a: Dunsparce|Dunsparce, L86, F|312/312\n|turn|3\n|\n|t:|1781435838\n|switch|p1a: Whimsicott|Whimsicott, L84, M|238/238\n|move|p2a: Dunsparce|Coil|p2a: Dunsparce\n|-boost|p2a: Dunsparce|atk|1\n|-boost|p2a: Dunsparce|def|1\n|-boost|p2a: Dunsparce|accuracy|1\n|\n|upkeep\n|turn|4\n|\n|t:|1781435849\n|switch|p2a: Rayquaza|Rayquaza, L72|270/270\n|-ability|p2a: Rayquaza|Air Lock\n|move|p1a: Whimsicott|Encore||[still]\n|-fail|p1a: Whimsicott\n|\n|upkeep\n|turn|5\n|\n|t:|1781435855\n|switch|p1a: Sudowoodo|Sudowoodo, L94, F|284/284\n|move|p2a: Rayquaza|Dragon Ascent|p1a: Sudowoodo\n|-resisted|p1a: Sudowoodo\n|-damage|p1a: Sudowoodo|212/284\n|-unboost|p2a: Rayquaza|def|1\n|-unboost|p2a: Rayquaza|spd|1\n|\n|-heal|p1a: Sudowoodo|229/284|[from] item: Leftovers\n|upkeep\n|turn|6\n|\n|t:|1781435861\n|switch|p2a: Dunsparce|Dunsparce, L86, F|312/312\n|move|p1a: Sudowoodo|Stealth Rock|p2a: Dunsparce\n|-sidestart|p2: Valentina17|move: Stealth Rock\n|\n|-heal|p1a: Sudowoodo|246/284|[from] item: Leftovers\n|upkeep\n|turn|7\n|\n|t:|1781435867\n|move|p2a: Dunsparce|Body Slam|p1a: Sudowoodo\n|-resisted|p1a: Sudowoodo\n|-damage|p1a: Sudowoodo|219/284\n|move|p1a: Sudowoodo|Head Smash|p2a: Dunsparce\n|-damage|p2a: Dunsparce|150/312\n|\n|-heal|p1a: Sudowoodo|236/284|[from] item: Leftovers\n|upkeep\n|turn|8\n|\n|t:|1781435876\n|switch|p1a: Whimsicott|Whimsicott, L84, M|238/238\n|move|p2a: Dunsparce|Body Slam|p1a: Whimsicott\n|-damage|p1a: Whimsicott|163/238\n|-status|p1a: Whimsicott|par\n|\n|-heal|p1a: Whimsicott|177/238 par|[from] item: Leftovers\n|upkeep\n|turn|9\n|\n|t:|1781435881\n|move|p1a: Whimsicott|Leech Seed|p2a: Dunsparce\n|-start|p2a: Dunsparce|move: Leech Seed\n|move|p2a: Dunsparce|Body Slam|p1a: Whimsicott\n|-damage|p1a: Whimsicott|102/238 par\n|\n|-heal|p1a: Whimsicott|116/238 par|[from] item: Leftovers\n|-damage|p2a: Dunsparce|111/312|[from] Leech Seed|[of] p1a: Whimsicott\n|-heal|p1a: Whimsicott|155/238 par|[silent]\n|upkeep\n|turn|10\n|\n|t:|1781435891\n|move|p1a: Whimsicott|Substitute|p1a: Whimsicott\n|-start|p1a: Whimsicott|Substitute\n|-damage|p1a: Whimsicott|96/238 par\n|move|p2a: Dunsparce|Roost|p2a: Dunsparce\n|-heal|p2a: Dunsparce|267/312\n|-singleturn|p2a: Dunsparce|move: Roost\n|\n|-heal|p1a: Whimsicott|110/238 par|[from] item: Leftovers\n|-damage|p2a: Dunsparce|228/312|[from] Leech Seed|[of] p1a: Whimsicott\n|-heal|p1a: Whimsicott|149/238 par|[silent]\n|upkeep\n|turn|11\n|\n|t:|1781435899\n|switch|p2a: Hippowdon|Hippowdon, L82, M|311/311\n|-damage|p2a: Hippowdon|292/311|[from] Stealth Rock\n|-weather|Sandstorm|[from] ability: Sand Stream|[of] p2a: Hippowdon\n|cant|p1a: Whimsicott|par\n|\n|-weather|Sandstorm|[upkeep]\n|-damage|p1a: Whimsicott|135/238 par|[from] Sandstorm\n|-heal|p2a: Hippowdon|311/311|[from] item: Leftovers\n|-heal|p1a: Whimsicott|149/238 par|[from] item: Leftovers\n|upkeep\n|turn|12\n|\n|t:|1781435903\n|move|p1a: Whimsicott|Leech Seed|p2a: Hippowdon|[miss]\n|-miss|p1a: Whimsicott|p2a: Hippowdon\n|move|p2a: Hippowdon|Earthquake|p1a: Whimsicott\n|-resisted|p1a: Whimsicott\n|-end|p1a: Whimsicott|Substitute\n|\n|-weather|Sandstorm|[upkeep]\n|-damage|p1a: Whimsicott|135/238 par|[from] Sandstorm\n|-heal|p1a: Whimsicott|149/238 par|[from] item: Leftovers\n|upkeep\n|turn|13\n|\n|t:|1781435908\n|move|p1a: Whimsicott|Leech Seed|p2a: Hippowdon\n|-start|p2a: Hippowdon|move: Leech Seed\n|move|p2a: Hippowdon|Earthquake|p1a: Whimsicott\n|-resisted|p1a: Whimsicott\n|-damage|p1a: Whimsicott|95/238 par\n|\n|-weather|Sandstorm|[upkeep]\n|-damage|p1a: Whimsicott|81/238 par|[from] Sandstorm\n|-heal|p1a: Whimsicott|95/238 par|[from] item: Leftovers\n|-damage|p2a: Hippowdon|273/311|[from] Leech Seed|[of] p1a: Whimsicott\n|-heal|p1a: Whimsicott|133/238 par|[silent]\n|upkeep\n|turn|14\n|\n|t:|1781435916\n|switch|p2a: Dunsparce|Dunsparce, L86, F|228/312\n|-damage|p2a: Dunsparce|189/312|[from] Stealth Rock\n|cant|p1a: Whimsicott|par\n|\n|-weather|Sandstorm|[upkeep]\n|-damage|p2a: Dunsparce|170/312|[from] Sandstorm\n|-damage|p1a: Whimsicott|119/238 par|[from] Sandstorm\n|-heal|p1a: Whimsicott|133/238 par|[from] item: Leftovers\n|upkeep\n|turn|15\n|\n|t:|1781435922\n|move|p1a: Whimsicott|Leech Seed|p2a: Dunsparce|[miss]\n|-miss|p1a: Whimsicott|p2a: Dunsparce\n|move|p2a: Dunsparce|Body Slam|p1a: Whimsicott\n|-damage|p1a: Whimsicott|49/238 par\n|\n|-weather|none\n|-heal|p1a: Whimsicott|63/238 par|[from] item: Leftovers\n|upkeep\n|turn|16\n|\n|t:|1781435930\n|move|p1a: Whimsicott|Leech Seed|p2a: Dunsparce\n|-start|p2a: Dunsparce|move: Leech Seed\n|move|p2a: Dunsparce|Body Slam|p1a: Whimsicott\n|-damage|p1a: Whimsicott|0 fnt\n|faint|p1a: Whimsicott\n|\n|upkeep\n|\n|t:|1781435944\n|switch|p1a: Sudowoodo|Sudowoodo, L94, F|236/284\n|turn|17\n|\n|t:|1781435948\n|move|p2a: Dunsparce|Earthquake|p1a: Sudowoodo\n|-supereffective|p1a: Sudowoodo\n|-damage|p1a: Sudowoodo|144/284\n|move|p1a: Sudowoodo|Head Smash|p2a: Dunsparce\n|-damage|p2a: Dunsparce|14/312\n|\n|-heal|p1a: Sudowoodo|161/284|[from] item: Leftovers\n|-damage|p2a: Dunsparce|0 fnt|[from] Leech Seed|[of] p1a: Sudowoodo\n|-heal|p1a: Sudowoodo|175/284|[silent]\n|faint|p2a: Dunsparce\n|upkeep\n|\n|t:|1781435952\n|switch|p2a: Eiscue|Eiscue, L88, F|274/274\n|-damage|p2a: Eiscue|206/274|[from] Stealth Rock\n|turn|18\n|\n|t:|1781435966\n|switch|p1a: Yanmega|Yanmega, L82, F|275/275\n|move|p2a: Eiscue|Belly Drum|p2a: Eiscue\n|-damage|p2a: Eiscue|69/274\n|-setboost|p2a: Eiscue|atk|6|[from] move: Belly Drum\n|-enditem|p2a: Eiscue|Sitrus Berry|[eat]\n|-heal|p2a: Eiscue|137/274|[from] item: Sitrus Berry\n|\n|upkeep\n|turn|19\n|\n|t:|1781435977\n|move|p1a: Yanmega|Air Slash|p2a: Eiscue\n|-damage|p2a: Eiscue|62/274\n|cant|p2a: Eiscue|flinch\n|\n|-ability|p1a: Yanmega|Speed Boost|boost\n|-boost|p1a: Yanmega|spe|1\n|upkeep\n|turn|20\n|\n|t:|1781435984\n|move|p1a: Yanmega|Bug Buzz|p2a: Eiscue\n|-damage|p2a: Eiscue|0 fnt\n|faint|p2a: Eiscue\n|\n|-ability|p1a: Yanmega|Speed Boost|boost\n|-boost|p1a: Yanmega|spe|1\n|upkeep\n|\n|t:|1781435986\n|switch|p2a: Hippowdon|Hippowdon, L82, M|273/311\n|-damage|p2a: Hippowdon|254/311|[from] Stealth Rock\n|-weather|Sandstorm|[from] ability: Sand Stream|[of] p2a: Hippowdon\n|turn|21\n|\n|t:|1781435998\n|move|p1a: Yanmega|Bug Buzz|p2a: Hippowdon\n|-damage|p2a: Hippowdon|122/311\n|move|p2a: Hippowdon|Stone Edge|p1a: Yanmega\n|-supereffective|p1a: Yanmega\n|-damage|p1a: Yanmega|0 fnt\n|faint|p1a: Yanmega\n|\n|-weather|Sandstorm|[upkeep]\n|-heal|p2a: Hippowdon|141/311|[from] item: Leftovers\n|upkeep\n|\n|t:|1781436015\n|switch|p1a: Bombirdier|Bombirdier, L85, F|258/258\n|turn|22\n|\n|t:|1781436020\n|move|p1a: Bombirdier|Brave Bird|p2a: Hippowdon\n|-damage|p2a: Hippowdon|0 fnt\n|faint|p2a: Hippowdon\n|-damage|p1a: Bombirdier|211/258|[from] Recoil\n|\n|-weather|Sandstorm|[upkeep]\n|-damage|p1a: Bombirdier|195/258|[from] Sandstorm\n|upkeep\n|\n|t:|1781436027\n|switch|p2a: Quaquaval|Quaquaval, L79, F|264/264\n|-damage|p2a: Quaquaval|248/264|[from] Stealth Rock\n|turn|23\n|\n|t:|1781436041\n|switch|p1a: Bellibolt|Bellibolt, L84, F|320/320\n|-terastallize|p2a: Quaquaval|Steel\n|move|p2a: Quaquaval|Aqua Step|p1a: Bellibolt\n|-damage|p1a: Bellibolt|229/320\n|-boost|p2a: Quaquaval|spe|1\n|-start|p1a: Bellibolt|Charge|Aqua Step|[from] ability: Electromorphosis\n|\n|-weather|Sandstorm|[upkeep]\n|-damage|p1a: Bellibolt|209/320|[from] Sandstorm\n|-heal|p2a: Quaquaval|264/264|[from] item: Leftovers\n|-heal|p1a: Bellibolt|229/320|[from] item: Leftovers\n|upkeep\n|turn|24\n|\n|t:|1781436053\n|move|p2a: Quaquaval|Swords Dance|p2a: Quaquaval\n|-boost|p2a: Quaquaval|atk|2\n|move|p1a: Bellibolt|Volt Switch|p2a: Quaquaval\n|-damage|p2a: Quaquaval|90/264\n|-end|p1a: Bellibolt|Charge|[silent]\n|\n|t:|1781436070\n|switch|p1a: Okidogi|Okidogi, L77, M|262/262|[from] Volt Switch\n|\n|-weather|Sandstorm|[upkeep]\n|-damage|p1a: Okidogi|246/262|[from] Sandstorm\n|-heal|p2a: Quaquaval|106/264|[from] item: Leftovers\n|-heal|p1a: Okidogi|262/262|[from] item: Leftovers\n|upkeep\n|turn|25\n|\n|t:|1781436083\n|move|p2a: Quaquaval|Roost|p2a: Quaquaval\n|-heal|p2a: Quaquaval|238/264\n|move|p1a: Okidogi|Drain Punch|p2a: Quaquaval\n|-supereffective|p2a: Quaquaval\n|-damage|p2a: Quaquaval|38/264\n|\n|-weather|none\n|-heal|p2a: Quaquaval|54/264|[from] item: Leftovers\n|upkeep\n|turn|26\n|\n|t:|1781436091\n|move|p2a: Quaquaval|Aqua Step|p1a: Okidogi\n|-damage|p1a: Okidogi|100/262\n|-boost|p2a: Quaquaval|spe|1\n|move|p1a: Okidogi|Drain Punch|p2a: Quaquaval\n|-supereffective|p2a: Quaquaval\n|-damage|p2a: Quaquaval|0 fnt\n|-heal|p1a: Okidogi|127/262|[from] drain|[of] p2a: Quaquaval\n|faint|p2a: Quaquaval\n|\n|-heal|p1a: Okidogi|143/262|[from] item: Leftovers\n|upkeep\n|\n|t:|1781436097\n|switch|p2a: Rayquaza|Rayquaza, L72|270/270\n|-damage|p2a: Rayquaza|203/270|[from] Stealth Rock\n|-ability|p2a: Rayquaza|Air Lock\n|turn|27\n|-message|Valentina17 forfeited.\n|\n|win|arno123\n", "uploadtime": 1781435800, "views": 6, "formatid": "gen9randombattle", "rating": null, "private": 0, "password": null}