{"id": "gen9randombattle-2631747032", "format": "[Gen 9] Random Battle", "players": ["PhatBabyShane", "margaritelli"], "log": "|j|\u2606PhatBabyShane\n|j|\u2606margaritelli\n|t:|1781433026\n|gametype|singles\n|player|p1|PhatBabyShane|flannery|1937\n|player|p2|margaritelli|170|1878\n|gen|9\n|tier|[Gen 9] Random Battle\n|rated|\n|rule|Species Clause: Limit one of each Pok\u00e9mon\n|rule|HP Percentage Mod: HP is shown in percentages\n|rule|Sleep Clause Mod: Limit one foe put to sleep\n|rule|Illusion Level Mod: Illusion disguises the Pok\u00e9mon's true level\n|\n|t:|1781433026\n|teamsize|p1|6\n|teamsize|p2|6\n|start\n|switch|p1a: Annihilape|Annihilape, L76, M|292/292\n|switch|p2a: Suicune|Suicune, L82|298/298\n|-ability|p2a: Suicune|Pressure\n|turn|1\n|inactive|Battle timer is ON: inactive players will automatically lose when time's up. (requested by PhatBabyShane)\n|\n|t:|1781433035\n|move|p2a: Suicune|Calm Mind|p2a: Suicune\n|-boost|p2a: Suicune|spa|1\n|-boost|p2a: Suicune|spd|1\n|move|p1a: Annihilape|Bulk Up|p1a: Annihilape\n|-boost|p1a: Annihilape|atk|1\n|-boost|p1a: Annihilape|def|1\n|\n|upkeep\n|turn|2\n|\n|t:|1781433050\n|-terastallize|p1a: Annihilape|Water\n|move|p2a: Suicune|Calm Mind|p2a: Suicune\n|-boost|p2a: Suicune|spa|1\n|-boost|p2a: Suicune|spd|1\n|move|p1a: Annihilape|Bulk Up|p1a: Annihilape\n|-boost|p1a: Annihilape|atk|1\n|-boost|p1a: Annihilape|def|1\n|\n|upkeep\n|turn|3\n|\n|t:|1781433060\n|move|p2a: Suicune|Calm Mind|p2a: Suicune\n|-boost|p2a: Suicune|spa|1\n|-boost|p2a: Suicune|spd|1\n|move|p1a: Annihilape|Drain Punch|p2a: Suicune\n|-damage|p2a: Suicune|163/298\n|\n|-heal|p2a: Suicune|181/298|[from] item: Leftovers\n|upkeep\n|turn|4\n|\n|t:|1781433069\n|move|p2a: Suicune|Scald|p1a: Annihilape\n|-resisted|p1a: Annihilape\n|-damage|p1a: Annihilape|197/292\n|-status|p1a: Annihilape|brn\n|move|p1a: Annihilape|Bulk Up|p1a: Annihilape\n|-boost|p1a: Annihilape|atk|1\n|-boost|p1a: Annihilape|def|1\n|\n|-heal|p2a: Suicune|199/298|[from] item: Leftovers\n|-damage|p1a: Annihilape|179/292 brn|[from] brn\n|upkeep\n|turn|5\n|\n|t:|1781433088\n|move|p2a: Suicune|Scald|p1a: Annihilape\n|-resisted|p1a: Annihilape\n|-damage|p1a: Annihilape|84/292 brn\n|move|p1a: Annihilape|Rest|p1a: Annihilape\n|-status|p1a: Annihilape|slp|[from] move: Rest\n|-heal|p1a: Annihilape|292/292 slp|[silent]\n|-enditem|p1a: Annihilape|Chesto Berry|[eat]\n|-curestatus|p1a: Annihilape|slp|[msg]\n|\n|-heal|p2a: Suicune|217/298|[from] item: Leftovers\n|upkeep\n|turn|6\n|\n|t:|1781433102\n|move|p2a: Suicune|Scald|p1a: Annihilape\n|-resisted|p1a: Annihilape\n|-damage|p1a: Annihilape|199/292\n|-status|p1a: Annihilape|brn\n|move|p1a: Annihilape|Rage Fist|p2a: Suicune\n|-damage|p2a: Suicune|0 fnt\n|faint|p2a: Suicune\n|\n|-damage|p1a: Annihilape|181/292 brn|[from] brn\n|upkeep\n|\n|t:|1781433106\n|switch|p2a: Porygon-Z|Porygon-Z, L83|277/277\n|turn|7\n|\n|t:|1781433117\n|move|p2a: Porygon-Z|Tera Blast|p1a: Annihilape\n|-crit|p1a: Annihilape\n|-damage|p1a: Annihilape|0 fnt\n|faint|p1a: Annihilape\n|-damage|p2a: Porygon-Z|250/277|[from] item: Life Orb\n|\n|upkeep\n|\n|t:|1781433129\n|switch|p1a: Mimikyu|Mimikyu, L79, F|216/216\n|turn|8\n|inactive|margaritelli has 120 seconds left.\n|inactive|margaritelli has 90 seconds left.\n|\n|t:|1781433197\n|switch|p2a: Salazzle|Salazzle, L83, F|249/249\n|move|p1a: Mimikyu|Swords Dance|p1a: Mimikyu\n|-boost|p1a: Mimikyu|atk|2\n|\n|upkeep\n|turn|9\n|\n|t:|1781433215\n|move|p1a: Mimikyu|Shadow Sneak|p2a: Salazzle\n|-damage|p2a: Salazzle|120/249\n|-damage|p1a: Mimikyu|195/216|[from] item: Life Orb\n|move|p2a: Salazzle|Toxic|p1a: Mimikyu\n|-status|p1a: Mimikyu|tox\n|\n|-heal|p2a: Salazzle|135/249|[from] item: Leftovers\n|-damage|p1a: Mimikyu|182/216 tox|[from] psn\n|upkeep\n|turn|10\n|\n|t:|1781433230\n|move|p2a: Salazzle|Protect|p2a: Salazzle\n|-singleturn|p2a: Salazzle|Protect\n|move|p1a: Mimikyu|Shadow Sneak|p2a: Salazzle\n|-activate|p2a: Salazzle|move: Protect\n|\n|-heal|p2a: Salazzle|150/249|[from] item: Leftovers\n|-damage|p1a: Mimikyu|156/216 tox|[from] psn\n|upkeep\n|turn|11\n|\n|t:|1781433238\n|switch|p2a: Porygon-Z|Porygon-Z, L83|250/277\n|move|p1a: Mimikyu|Drain Punch|p2a: Porygon-Z\n|-supereffective|p2a: Porygon-Z\n|-damage|p2a: Porygon-Z|0 fnt\n|-heal|p1a: Mimikyu|216/216 tox|[from] drain|[of] p2a: Porygon-Z\n|faint|p2a: Porygon-Z\n|-damage|p1a: Mimikyu|195/216 tox|[from] item: Life Orb\n|\n|-damage|p1a: Mimikyu|156/216 tox|[from] psn\n|upkeep\n|\n|t:|1781433244\n|switch|p2a: Salazzle|Salazzle, L83, F|150/249\n|turn|12\n|\n|t:|1781433250\n|move|p2a: Salazzle|Protect|p2a: Salazzle\n|-singleturn|p2a: Salazzle|Protect\n|move|p1a: Mimikyu|Swords Dance|p1a: Mimikyu\n|-boost|p1a: Mimikyu|atk|2\n|\n|-heal|p2a: Salazzle|165/249|[from] item: Leftovers\n|-damage|p1a: Mimikyu|104/216 tox|[from] psn\n|upkeep\n|turn|13\n|\n|t:|1781433258\n|switch|p2a: Sawsbuck|Sawsbuck-Summer, L88, F|284/284\n|move|p1a: Mimikyu|Shadow Sneak|p2a: Sawsbuck\n|-immune|p2a: Sawsbuck\n|\n|-damage|p1a: Mimikyu|39/216 tox|[from] psn\n|upkeep\n|turn|14\n|\n|t:|1781433269\n|move|p2a: Sawsbuck|Horn Leech|p1a: Mimikyu\n|-activate|p1a: Mimikyu|ability: Disguise\n|-damage|p1a: Mimikyu|39/216 tox\n|detailschange|p1a: Mimikyu|Mimikyu-Busted, L79, F\n|-damage|p1a: Mimikyu|12/216 tox|[from] pokemon: Mimikyu-Busted\n|-damage|p2a: Sawsbuck|256/284|[from] item: Life Orb\n|move|p1a: Mimikyu|Drain Punch|p2a: Sawsbuck\n|-supereffective|p2a: Sawsbuck\n|-damage|p2a: Sawsbuck|0 fnt\n|-heal|p1a: Mimikyu|140/216 tox|[from] drain|[of] p2a: Sawsbuck\n|faint|p2a: Sawsbuck\n|-damage|p1a: Mimikyu|119/216 tox|[from] item: Life Orb\n|\n|-damage|p1a: Mimikyu|41/216 tox|[from] psn\n|upkeep\n|\n|t:|1781433271\n|switch|p2a: Salazzle|Salazzle, L83, F|165/249\n|turn|15\n|\n|t:|1781433291\n|switch|p1a: Braviary|Braviary-Hisui, L85, M|326/326\n|move|p2a: Salazzle|Substitute|p2a: Salazzle\n|-start|p2a: Salazzle|Substitute\n|-damage|p2a: Salazzle|103/249\n|\n|-heal|p2a: Salazzle|118/249|[from] item: Leftovers\n|upkeep\n|turn|16\n|\n|t:|1781433302\n|move|p2a: Salazzle|Toxic|p1a: Braviary\n|-status|p1a: Braviary|tox\n|move|p1a: Braviary|Esper Wing|p2a: Salazzle\n|-supereffective|p2a: Salazzle\n|-end|p2a: Salazzle|Substitute\n|-boost|p1a: Braviary|spe|1\n|\n|-heal|p2a: Salazzle|133/249|[from] item: Leftovers\n|-damage|p1a: Braviary|306/326 tox|[from] psn\n|upkeep\n|turn|17\n|\n|t:|1781433314\n|move|p2a: Salazzle|Protect|p2a: Salazzle\n|-singleturn|p2a: Salazzle|Protect\n|move|p1a: Braviary|Esper Wing|p2a: Salazzle\n|-activate|p2a: Salazzle|move: Protect\n|\n|-heal|p2a: Salazzle|148/249|[from] item: Leftovers\n|-damage|p1a: Braviary|266/326 tox|[from] psn\n|upkeep\n|turn|18\n|\n|t:|1781433322\n|switch|p2a: Zarude|Zarude-Dada, L77|288/288\n|move|p1a: Braviary|Esper Wing|p2a: Zarude\n|-immune|p2a: Zarude\n|\n|-damage|p1a: Braviary|206/326 tox|[from] psn\n|upkeep\n|turn|19\n|\n|t:|1781433334\n|switch|p1a: Tinkaton|Tinkaton, L82, F|274/274\n|-ability|p1a: Tinkaton|Mold Breaker\n|move|p2a: Zarude|U-turn|p1a: Tinkaton\n|-resisted|p1a: Tinkaton\n|-damage|p1a: Tinkaton|253/274\n|\n|t:|1781433337\n|switch|p2a: Salazzle|Salazzle, L83, F|148/249|[from] U-turn\n|\n|-heal|p2a: Salazzle|163/249|[from] item: Leftovers\n|-heal|p1a: Tinkaton|270/274|[from] item: Leftovers\n|upkeep\n|turn|20\n|\n|t:|1781433346\n|move|p2a: Salazzle|Substitute|p2a: Salazzle\n|-start|p2a: Salazzle|Substitute\n|-damage|p2a: Salazzle|101/249\n|move|p1a: Tinkaton|Encore|p2a: Salazzle\n|-start|p2a: Salazzle|Encore\n|\n|-heal|p2a: Salazzle|116/249|[from] item: Leftovers\n|-heal|p1a: Tinkaton|274/274|[from] item: Leftovers\n|upkeep\n|turn|21\n|\n|t:|1781433368\n|move|p2a: Salazzle|Substitute|p2a: Salazzle\n|-fail|p2a: Salazzle|move: Substitute\n|move|p1a: Tinkaton|Stealth Rock|p2a: Salazzle\n|-sidestart|p2: margaritelli|move: Stealth Rock\n|\n|-heal|p2a: Salazzle|131/249|[from] item: Leftovers\n|upkeep\n|turn|22\n|\n|t:|1781433383\n|switch|p1a: Braviary|Braviary-Hisui, L85, M|206/326 tox\n|move|p2a: Salazzle|Substitute|p2a: Salazzle\n|-fail|p2a: Salazzle|move: Substitute\n|\n|-heal|p2a: Salazzle|146/249|[from] item: Leftovers\n|-damage|p1a: Braviary|186/326 tox|[from] psn\n|upkeep\n|turn|23\n|\n|t:|1781433394\n|move|p2a: Salazzle|Substitute|p2a: Salazzle\n|-fail|p2a: Salazzle|move: Substitute\n|move|p1a: Braviary|Esper Wing|p2a: Salazzle\n|-supereffective|p2a: Salazzle\n|-end|p2a: Salazzle|Substitute\n|-boost|p1a: Braviary|spe|1\n|\n|-heal|p2a: Salazzle|161/249|[from] item: Leftovers\n|-damage|p1a: Braviary|146/326 tox|[from] psn\n|-end|p2a: Salazzle|Encore\n|upkeep\n|turn|24\n|inactive|PhatBabyShane has 120 seconds left.\n|\n|t:|1781433410\n|switch|p1a: Tinkaton|Tinkaton, L82, F|274/274\n|-ability|p1a: Tinkaton|Mold Breaker\n|move|p2a: Salazzle|Protect||[still]\n|-fail|p2a: Salazzle\n|\n|-heal|p2a: Salazzle|176/249|[from] item: Leftovers\n|upkeep\n|turn|25\n|\n|t:|1781433420\n|move|p2a: Salazzle|Substitute|p2a: Salazzle\n|-start|p2a: Salazzle|Substitute\n|-damage|p2a: Salazzle|114/249\n|move|p1a: Tinkaton|Encore|p2a: Salazzle\n|-start|p2a: Salazzle|Encore\n|\n|-heal|p2a: Salazzle|129/249|[from] item: Leftovers\n|upkeep\n|turn|26\n|\n|t:|1781433430\n|switch|p1a: Braviary|Braviary-Hisui, L85, M|146/326 tox\n|move|p2a: Salazzle|Substitute|p2a: Salazzle\n|-fail|p2a: Salazzle|move: Substitute\n|\n|-heal|p2a: Salazzle|144/249|[from] item: Leftovers\n|-damage|p1a: Braviary|126/326 tox|[from] psn\n|upkeep\n|turn|27\n|\n|t:|1781433439\n|move|p2a: Salazzle|Substitute|p2a: Salazzle\n|-fail|p2a: Salazzle|move: Substitute\n|move|p1a: Braviary|Esper Wing|p2a: Salazzle\n|-supereffective|p2a: Salazzle\n|-end|p2a: Salazzle|Substitute\n|-boost|p1a: Braviary|spe|1\n|\n|-heal|p2a: Salazzle|159/249|[from] item: Leftovers\n|-damage|p1a: Braviary|86/326 tox|[from] psn\n|upkeep\n|turn|28\n|\n|t:|1781433448\n|move|p2a: Salazzle|Substitute|p2a: Salazzle\n|-start|p2a: Salazzle|Substitute\n|-damage|p2a: Salazzle|97/249\n|move|p1a: Braviary|Esper Wing|p2a: Salazzle\n|-supereffective|p2a: Salazzle\n|-end|p2a: Salazzle|Substitute\n|-boost|p1a: Braviary|spe|1\n|\n|-heal|p2a: Salazzle|112/249|[from] item: Leftovers\n|-damage|p1a: Braviary|26/326 tox|[from] psn\n|-end|p2a: Salazzle|Encore\n|upkeep\n|turn|29\n|\n|t:|1781433461\n|switch|p1a: Tinkaton|Tinkaton, L82, F|274/274\n|-ability|p1a: Tinkaton|Mold Breaker\n|move|p2a: Salazzle|Protect||[still]\n|-fail|p2a: Salazzle\n|\n|-heal|p2a: Salazzle|127/249|[from] item: Leftovers\n|upkeep\n|turn|30\n|\n|t:|1781433470\n|move|p2a: Salazzle|Flamethrower|p1a: Tinkaton\n|-supereffective|p1a: Tinkaton\n|-damage|p1a: Tinkaton|74/274\n|-status|p1a: Tinkaton|brn\n|move|p1a: Tinkaton|Encore|p2a: Salazzle\n|-start|p2a: Salazzle|Encore\n|\n|-heal|p2a: Salazzle|142/249|[from] item: Leftovers\n|-heal|p1a: Tinkaton|91/274 brn|[from] item: Leftovers\n|-damage|p1a: Tinkaton|74/274 brn|[from] brn\n|upkeep\n|turn|31\n|\n|t:|1781433485\n|move|p2a: Salazzle|Flamethrower|p1a: Tinkaton\n|-supereffective|p1a: Tinkaton\n|-damage|p1a: Tinkaton|0 fnt\n|faint|p1a: Tinkaton\n|\n|-heal|p2a: Salazzle|157/249|[from] item: Leftovers\n|upkeep\n|\n|t:|1781433497\n|switch|p1a: Gogoat|Gogoat, L88, F|360/360\n|turn|32\n|\n|t:|1781433507\n|move|p2a: Salazzle|Flamethrower|p1a: Gogoat\n|-supereffective|p1a: Gogoat\n|-damage|p1a: Gogoat|144/360\n|move|p1a: Gogoat|Earthquake|p2a: Salazzle\n|-supereffective|p2a: Salazzle\n|-damage|p2a: Salazzle|0 fnt\n|faint|p2a: Salazzle\n|\n|-heal|p1a: Gogoat|166/360|[from] item: Leftovers\n|upkeep\n|\n|t:|1781433510\n|switch|p2a: Zarude|Zarude-Dada, L77|288/288\n|-damage|p2a: Zarude|252/288|[from] Stealth Rock\n|turn|33\n|\n|t:|1781433519\n|move|p2a: Zarude|U-turn|p1a: Gogoat\n|-supereffective|p1a: Gogoat\n|-damage|p1a: Gogoat|0 fnt\n|faint|p1a: Gogoat\n|\n|t:|1781433522\n|switch|p2a: Gurdurr|Gurdurr, L85, F|283/283|[from] U-turn\n|-damage|p2a: Gurdurr|266/283|[from] Stealth Rock\n|\n|upkeep\n|\n|t:|1781433533\n|switch|p1a: Rotom|Rotom-Frost, L87|229/229\n|turn|34\n|\n|t:|1781433548\n|-terastallize|p2a: Gurdurr|Steel\n|move|p1a: Rotom|Volt Switch|p2a: Gurdurr\n|-damage|p2a: Gurdurr|182/283\n|\n|t:|1781433553\n|switch|p1a: Mimikyu|Mimikyu-Busted, L79, F|41/216 tox|[from] Volt Switch\n|move|p2a: Gurdurr|Bulk Up|p2a: Gurdurr\n|-boost|p2a: Gurdurr|atk|1\n|-boost|p2a: Gurdurr|def|1\n|\n|-damage|p1a: Mimikyu|28/216 tox|[from] psn\n|upkeep\n|turn|35\n|\n|t:|1781433562\n|move|p1a: Mimikyu|Drain Punch|p2a: Gurdurr\n|-supereffective|p2a: Gurdurr\n|-damage|p2a: Gurdurr|125/283\n|-heal|p1a: Mimikyu|57/216 tox|[from] drain|[of] p2a: Gurdurr\n|-damage|p1a: Mimikyu|36/216 tox|[from] item: Life Orb\n|move|p2a: Gurdurr|Bulk Up|p2a: Gurdurr\n|-boost|p2a: Gurdurr|atk|1\n|-boost|p2a: Gurdurr|def|1\n|\n|-damage|p1a: Mimikyu|10/216 tox|[from] psn\n|upkeep\n|turn|36\n|\n|t:|1781433577\n|move|p1a: Mimikyu|Drain Punch|p2a: Gurdurr\n|-supereffective|p2a: Gurdurr\n|-damage|p2a: Gurdurr|81/283\n|-heal|p1a: Mimikyu|32/216 tox|[from] drain|[of] p2a: Gurdurr\n|-damage|p1a: Mimikyu|11/216 tox|[from] item: Life Orb\n|move|p2a: Gurdurr|Bulk Up|p2a: Gurdurr\n|-boost|p2a: Gurdurr|atk|1\n|-boost|p2a: Gurdurr|def|1\n|\n|-damage|p1a: Mimikyu|0 fnt|[from] psn\n|faint|p1a: Mimikyu\n|upkeep\n|\n|t:|1781433588\n|switch|p1a: Braviary|Braviary-Hisui, L85, M|26/326 tox\n|turn|37\n|\n|t:|1781433592\n|move|p1a: Braviary|Vacuum Wave|p2a: Gurdurr\n|-supereffective|p2a: Gurdurr\n|-damage|p2a: Gurdurr|0 fnt\n|faint|p2a: Gurdurr\n|\n|-damage|p1a: Braviary|6/326 tox|[from] psn\n|upkeep\n|\n|t:|1781433595\n|switch|p2a: Zarude|Zarude-Dada, L77|252/288\n|-damage|p2a: Zarude|216/288|[from] Stealth Rock\n|turn|38\n|\n|t:|1781433601\n|move|p1a: Braviary|Vacuum Wave|p2a: Zarude\n|-supereffective|p2a: Zarude\n|-damage|p2a: Zarude|108/288\n|move|p2a: Zarude|Close Combat|p1a: Braviary\n|-resisted|p1a: Braviary\n|-damage|p1a: Braviary|0 fnt\n|-unboost|p2a: Zarude|def|1\n|-unboost|p2a: Zarude|spd|1\n|faint|p1a: Braviary\n|\n|upkeep\n|\n|t:|1781433612\n|switch|p1a: Rotom|Rotom-Frost, L87|229/229\n|turn|39\n|\n|t:|1781433625\n|move|p2a: Zarude|Close Combat|p1a: Rotom\n|-supereffective|p1a: Rotom\n|-damage|p1a: Rotom|33/229\n|-unboost|p2a: Zarude|def|1\n|-unboost|p2a: Zarude|spd|1\n|move|p1a: Rotom|Thunderbolt|p2a: Zarude\n|-resisted|p2a: Zarude\n|-damage|p2a: Zarude|0 fnt\n|faint|p2a: Zarude\n|\n|win|PhatBabyShane\n|raw|PhatBabyShane's rating: 1937 &rarr; <strong>1954</strong><br />(+17 for winning)\n|raw|margaritelli's rating: 1878 &rarr; <strong>1861</strong><br />(-17 for losing)\n", "uploadtime": 1781433625, "views": 6, "formatid": "gen9randombattle", "rating": 1861, "private": 0, "password": null}