{"id": "gen9randombattle-2631429226", "format": "[Gen 9] Random Battle", "players": ["Esterb00ny", "Petilil37"], "log": "|j|\u2606Esterb00ny\n|j|\u203dPetilil37\n|t:|1781383573\n|gametype|singles\n|player|p1|Esterb00ny|unknownf|2089\n|player|p2|Petilil37|2|2056\n|gen|9\n|tier|[Gen 9] Random Battle\n|rated|\n|rule|Species Clause: Limit one of each Pok\u00e9mon\n|rule|HP Percentage Mod: HP is shown in percentages\n|rule|Sleep Clause Mod: Limit one foe put to sleep\n|rule|Illusion Level Mod: Illusion disguises the Pok\u00e9mon's true level\n|\n|t:|1781383573\n|teamsize|p1|6\n|teamsize|p2|6\n|start\n|switch|p1a: Jirachi|Jirachi, L80|291/291\n|switch|p2a: Cyclizar|Cyclizar, L83, F|252/252\n|turn|1\n|\n|t:|1781383587\n|move|p1a: Jirachi|U-turn|p2a: Cyclizar\n|-damage|p2a: Cyclizar|196/252\n|\n|t:|1781383597\n|switch|p1a: Gliscor|Gliscor, L76, F|239/239|[from] U-turn\n|move|p2a: Cyclizar|Shed Tail|p2a: Cyclizar\n|-start|p2a: Cyclizar|Substitute|[from] move: Shed Tail\n|-damage|p2a: Cyclizar|70/252\n|inactive|Battle timer is ON: inactive players will automatically lose when time's up. (requested by Esterb00ny)\n|\n|t:|1781383607\n|switch|p2a: Kilowattrel|Kilowattrel, L83, M|252/252|[from] Shed Tail\n|\n|-status|p1a: Gliscor|tox|[from] item: Toxic Orb\n|upkeep\n|turn|2\n|\n|t:|1781383614\n|move|p2a: Kilowattrel|Hurricane|p1a: Gliscor\n|-damage|p1a: Gliscor|85/239 tox\n|move|p1a: Gliscor|Knock Off|p2a: Kilowattrel\n|-end|p2a: Kilowattrel|Substitute\n|\n|-heal|p1a: Gliscor|114/239 tox|[from] ability: Poison Heal\n|upkeep\n|turn|3\n|\n|t:|1781383616\n|move|p1a: Gliscor|Protect|p1a: Gliscor\n|-singleturn|p1a: Gliscor|Protect\n|move|p2a: Kilowattrel|Hurricane|p1a: Gliscor\n|-activate|p1a: Gliscor|move: Protect\n|\n|-heal|p1a: Gliscor|143/239 tox|[from] ability: Poison Heal\n|upkeep\n|turn|4\n|\n|t:|1781383641\n|switch|p1a: Dusknoir|Dusknoir, L89, F|225/225\n|-item|p2a: Kilowattrel|Heavy-Duty Boots|[from] ability: Frisk|[of] p1a: Dusknoir\n|move|p2a: Kilowattrel|U-turn|p1a: Dusknoir\n|-resisted|p1a: Dusknoir\n|-crit|p1a: Dusknoir\n|-damage|p1a: Dusknoir|206/225\n|\n|t:|1781383646\n|switch|p2a: Cyclizar|Cyclizar, L83, F|154/252|[from] U-turn\n|\n|-heal|p1a: Dusknoir|220/225|[from] item: Leftovers\n|upkeep\n|turn|5\n|\n|t:|1781383652\n|move|p2a: Cyclizar|Shed Tail|p2a: Cyclizar\n|-start|p2a: Cyclizar|Substitute|[from] move: Shed Tail\n|-damage|p2a: Cyclizar|28/252\n|\n|t:|1781383654\n|switch|p2a: Persian|Persian-Alola, L86, M|252/252|[from] Shed Tail\n|move|p1a: Dusknoir|Substitute|p1a: Dusknoir\n|-start|p1a: Dusknoir|Substitute\n|-damage|p1a: Dusknoir|164/225\n|\n|-heal|p1a: Dusknoir|178/225|[from] item: Leftovers\n|upkeep\n|turn|6\n|\n|t:|1781383657\n|-singleturn|p1a: Dusknoir|move: Focus Punch\n|move|p2a: Persian|Foul Play|p1a: Dusknoir\n|-supereffective|p1a: Dusknoir\n|-end|p1a: Dusknoir|Substitute\n|move|p1a: Dusknoir|Focus Punch|p2a: Persian\n|-supereffective|p2a: Persian\n|-end|p2a: Persian|Substitute\n|\n|-heal|p1a: Dusknoir|192/225|[from] item: Leftovers\n|upkeep\n|turn|7\n|\n|t:|1781383669\n|switch|p1a: Electrode|Electrode, L92|260/260\n|move|p2a: Persian|Foul Play|p1a: Electrode\n|-damage|p1a: Electrode|187/260\n|\n|upkeep\n|turn|8\n|\n|t:|1781383692\n|move|p1a: Electrode|Volt Switch|p2a: Persian\n|-damage|p2a: Persian|164/252\n|\n|t:|1781383705\n|switch|p1a: Gliscor|Gliscor, L76, F|143/239 tox|[from] Volt Switch\n|move|p2a: Persian|Parting Shot|p1a: Gliscor\n|-unboost|p1a: Gliscor|atk|1\n|-unboost|p1a: Gliscor|spa|1\n|\n|t:|1781383709\n|switch|p2a: Sylveon|Sylveon, L85, F|300/300|[from] Parting Shot\n|\n|-heal|p1a: Gliscor|172/239 tox|[from] ability: Poison Heal\n|upkeep\n|turn|9\n|\n|t:|1781383717\n|move|p1a: Gliscor|Toxic|p2a: Sylveon\n|-status|p2a: Sylveon|tox\n|move|p2a: Sylveon|Calm Mind|p2a: Sylveon\n|-boost|p2a: Sylveon|spa|1\n|-boost|p2a: Sylveon|spd|1\n|\n|-heal|p1a: Gliscor|201/239 tox|[from] ability: Poison Heal\n|-damage|p2a: Sylveon|282/300 tox|[from] psn\n|upkeep\n|turn|10\n|\n|t:|1781383727\n|switch|p1a: Jirachi|Jirachi, L80|291/291\n|move|p2a: Sylveon|Calm Mind|p2a: Sylveon\n|-boost|p2a: Sylveon|spa|1\n|-boost|p2a: Sylveon|spd|1\n|\n|-heal|p2a: Sylveon|300/300 tox|[from] item: Leftovers\n|-damage|p2a: Sylveon|264/300 tox|[from] psn\n|upkeep\n|turn|11\n|\n|t:|1781383731\n|switch|p2a: Kilowattrel|Kilowattrel, L83, M|252/252\n|move|p1a: Jirachi|Iron Head|p2a: Kilowattrel\n|-resisted|p2a: Kilowattrel\n|-damage|p2a: Kilowattrel|202/252\n|\n|upkeep\n|turn|12\n|\n|t:|1781383740\n|switch|p1a: Dusknoir|Dusknoir, L89, F|192/225\n|-item|p2a: Kilowattrel|Heavy-Duty Boots|[from] ability: Frisk|[of] p1a: Dusknoir\n|move|p2a: Kilowattrel|Hurricane|p1a: Dusknoir|[miss]\n|-miss|p2a: Kilowattrel|p1a: Dusknoir\n|\n|-heal|p1a: Dusknoir|206/225|[from] item: Leftovers\n|upkeep\n|turn|13\n|\n|t:|1781383749\n|move|p2a: Kilowattrel|Discharge|p1a: Dusknoir\n|-crit|p1a: Dusknoir\n|-damage|p1a: Dusknoir|109/225\n|-status|p1a: Dusknoir|par\n|move|p1a: Dusknoir|Substitute|p1a: Dusknoir\n|-start|p1a: Dusknoir|Substitute\n|-damage|p1a: Dusknoir|53/225 par\n|\n|-heal|p1a: Dusknoir|67/225 par|[from] item: Leftovers\n|upkeep\n|turn|14\n|\n|t:|1781383755\n|move|p2a: Kilowattrel|U-turn|p1a: Dusknoir\n|-resisted|p1a: Dusknoir\n|-activate|p1a: Dusknoir|move: Substitute|[damage]\n|\n|t:|1781383759\n|switch|p2a: Cyclizar|Cyclizar, L83, F|112/252|[from] U-turn\n|move|p1a: Dusknoir|Pain Split|p2a: Cyclizar\n|-sethp|p2a: Cyclizar|89/252|[from] move: Pain Split|[silent]\n|-sethp|p1a: Dusknoir|89/225 par|[from] move: Pain Split\n|\n|-heal|p1a: Dusknoir|103/225 par|[from] item: Leftovers\n|upkeep\n|turn|15\n|\n|t:|1781383770\n|switch|p2a: Kilowattrel|Kilowattrel, L83, M|202/252\n|-singleturn|p1a: Dusknoir|move: Focus Punch\n|move|p1a: Dusknoir|Focus Punch|p2a: Kilowattrel\n|-resisted|p2a: Kilowattrel\n|-damage|p2a: Kilowattrel|127/252\n|\n|-heal|p1a: Dusknoir|117/225 par|[from] item: Leftovers\n|upkeep\n|turn|16\n|\n|t:|1781383774\n|move|p2a: Kilowattrel|Roost|p2a: Kilowattrel\n|-heal|p2a: Kilowattrel|252/252\n|-singleturn|p2a: Kilowattrel|move: Roost\n|move|p1a: Dusknoir|Poltergeist|p2a: Kilowattrel\n|-activate|p2a: Kilowattrel|move: Poltergeist|Heavy-Duty Boots\n|-damage|p2a: Kilowattrel|86/252\n|\n|-heal|p1a: Dusknoir|131/225 par|[from] item: Leftovers\n|upkeep\n|turn|17\n|\n|t:|1781383777\n|move|p2a: Kilowattrel|Roost|p2a: Kilowattrel\n|-heal|p2a: Kilowattrel|212/252\n|-singleturn|p2a: Kilowattrel|move: Roost\n|move|p1a: Dusknoir|Poltergeist|p2a: Kilowattrel\n|-activate|p2a: Kilowattrel|move: Poltergeist|Heavy-Duty Boots\n|-damage|p2a: Kilowattrel|34/252\n|\n|-heal|p1a: Dusknoir|145/225 par|[from] item: Leftovers\n|upkeep\n|turn|18\n|\n|t:|1781383782\n|move|p2a: Kilowattrel|Discharge|p1a: Dusknoir\n|-end|p1a: Dusknoir|Substitute\n|move|p1a: Dusknoir|Poltergeist|p2a: Kilowattrel\n|-activate|p2a: Kilowattrel|move: Poltergeist|Heavy-Duty Boots\n|-damage|p2a: Kilowattrel|0 fnt\n|faint|p2a: Kilowattrel\n|\n|-heal|p1a: Dusknoir|159/225 par|[from] item: Leftovers\n|upkeep\n|\n|t:|1781383789\n|switch|p2a: Persian|Persian-Alola, L86, M|164/252\n|turn|19\n|\n|t:|1781383794\n|switch|p1a: Electrode|Electrode, L92|187/260\n|move|p2a: Persian|Foul Play|p1a: Electrode\n|-damage|p1a: Electrode|106/260\n|\n|upkeep\n|turn|20\n|\n|t:|1781383796\n|switch|p2a: Dugtrio|Dugtrio, L84, M|196/196\n|move|p1a: Electrode|Thunderbolt|p2a: Dugtrio\n|-immune|p2a: Dugtrio\n|\n|upkeep\n|turn|21\n|\n|t:|1781383801\n|move|p1a: Electrode|Explosion|p2a: Dugtrio\n|-damage|p2a: Dugtrio|19/196\n|faint|p1a: Electrode\n|move|p2a: Dugtrio|Earthquake|p1: Electrode|[notarget]\n|-fail|p2a: Dugtrio\n|\n|upkeep\n|\n|t:|1781383812\n|switch|p1a: Jirachi|Jirachi, L80|291/291\n|turn|22\n|\n|t:|1781383816\n|switch|p2a: Cyclizar|Cyclizar, L83, F|173/252\n|move|p1a: Jirachi|U-turn|p2a: Cyclizar\n|-damage|p2a: Cyclizar|114/252\n|\n|t:|1781383839\n|switch|p1a: Dusknoir|Dusknoir, L89, F|159/225 par|[from] U-turn\n|-item|p2a: Cyclizar|Heavy-Duty Boots|[from] ability: Frisk|[of] p1a: Dusknoir\n|\n|-heal|p1a: Dusknoir|173/225 par|[from] item: Leftovers\n|upkeep\n|turn|23\n|\n|t:|1781383844\n|switch|p2a: Persian|Persian-Alola, L86, M|164/252\n|cant|p1a: Dusknoir|par\n|\n|-heal|p1a: Dusknoir|187/225 par|[from] item: Leftovers\n|upkeep\n|turn|24\n|\n|t:|1781383862\n|switch|p1a: Palossand|Palossand, L89, F|296/296\n|move|p2a: Persian|Foul Play|p1a: Palossand\n|-supereffective|p1a: Palossand\n|-damage|p1a: Palossand|194/296\n|\n|-heal|p1a: Palossand|212/296|[from] item: Leftovers\n|upkeep\n|turn|25\n|\n|t:|1781383876\n|move|p2a: Persian|Foul Play|p1a: Palossand\n|-supereffective|p1a: Palossand\n|-damage|p1a: Palossand|110/296\n|move|p1a: Palossand|Earth Power|p2a: Persian\n|-damage|p2a: Persian|29/252\n|\n|-heal|p1a: Palossand|128/296|[from] item: Leftovers\n|upkeep\n|turn|26\n|\n|t:|1781383879\n|move|p2a: Persian|Taunt|p1a: Palossand\n|-start|p1a: Palossand|move: Taunt\n|cant|p1a: Palossand|move: Taunt|Shore Up\n|\n|-heal|p1a: Palossand|146/296|[from] item: Leftovers\n|upkeep\n|turn|27\n|\n|t:|1781383883\n|move|p2a: Persian|Foul Play|p1a: Palossand\n|-supereffective|p1a: Palossand\n|-damage|p1a: Palossand|32/296\n|move|p1a: Palossand|Sludge Bomb|p2a: Persian\n|-damage|p2a: Persian|0 fnt\n|faint|p2a: Persian\n|\n|-heal|p1a: Palossand|50/296|[from] item: Leftovers\n|upkeep\n|\n|t:|1781383895\n|switch|p2a: Dugtrio|Dugtrio, L84, M|19/196\n|turn|28\n|\n|t:|1781383900\n|move|p2a: Dugtrio|Throat Chop|p1a: Palossand\n|-supereffective|p1a: Palossand\n|-damage|p1a: Palossand|0 fnt\n|faint|p1a: Palossand\n|\n|upkeep\n|\n|t:|1781383903\n|switch|p1a: Jirachi|Jirachi, L80|291/291\n|turn|29\n|\n|t:|1781383920\n|move|p1a: Jirachi|U-turn|p2a: Dugtrio\n|-damage|p2a: Dugtrio|0 fnt\n|faint|p2a: Dugtrio\n|\n|t:|1781383924\n|switch|p1a: Dusknoir|Dusknoir, L89, F|187/225 par|[from] U-turn\n|\n|-heal|p1a: Dusknoir|201/225 par|[from] item: Leftovers\n|upkeep\n|\n|t:|1781383931\n|switch|p2a: Hitmonchan|Hitmonchan, L87, M|229/229\n|turn|30\n|\n|t:|1781383950\n|switch|p1a: Jirachi|Jirachi, L80|291/291\n|move|p2a: Hitmonchan|Knock Off|p1a: Jirachi\n|-supereffective|p1a: Jirachi\n|-damage|p1a: Jirachi|131/291\n|-enditem|p1a: Jirachi|Choice Scarf|[from] move: Knock Off|[of] p2a: Hitmonchan\n|\n|upkeep\n|turn|31\n|\n|t:|1781383967\n|move|p1a: Jirachi|Psychic|p2a: Hitmonchan\n|-supereffective|p2a: Hitmonchan\n|-damage|p2a: Hitmonchan|71/229\n|move|p2a: Hitmonchan|Drain Punch|p1a: Jirachi\n|-damage|p1a: Jirachi|25/291\n|-heal|p2a: Hitmonchan|124/229|[from] drain|[of] p1a: Jirachi\n|\n|-heal|p2a: Hitmonchan|138/229|[from] item: Leftovers\n|upkeep\n|turn|32\n|\n|t:|1781383972\n|switch|p2a: Cyclizar|Cyclizar, L83, F|198/252\n|move|p1a: Jirachi|Psychic|p2a: Cyclizar\n|-damage|p2a: Cyclizar|93/252\n|\n|upkeep\n|turn|33\n|\n|t:|1781383976\n|move|p2a: Cyclizar|Draco Meteor|p1a: Jirachi\n|-resisted|p1a: Jirachi\n|-damage|p1a: Jirachi|0 fnt\n|-unboost|p2a: Cyclizar|spa|2\n|faint|p1a: Jirachi\n|\n|upkeep\n|inactive|Esterb00ny has 120 seconds left.\n|\n|t:|1781384019\n|switch|p1a: Gliscor|Gliscor, L76, F|201/239 tox\n|turn|34\n|inactive|Petilil37 has 120 seconds left.\n|\n|t:|1781384068\n|move|p2a: Cyclizar|Draco Meteor|p1a: Gliscor\n|-damage|p1a: Gliscor|123/239 tox\n|-unboost|p2a: Cyclizar|spa|2\n|move|p1a: Gliscor|Earthquake|p2a: Cyclizar\n|-damage|p2a: Cyclizar|0 fnt\n|faint|p2a: Cyclizar\n|\n|-heal|p1a: Gliscor|152/239 tox|[from] ability: Poison Heal\n|upkeep\n|\n|t:|1781384070\n|switch|p2a: Sylveon|Sylveon, L85, F|264/300 tox\n|turn|35\n|\n|t:|1781384074\n|switch|p1a: Dusknoir|Dusknoir, L89, F|201/225 par\n|-item|p2a: Sylveon|Leftovers|[from] ability: Frisk|[of] p1a: Dusknoir\n|move|p2a: Sylveon|Hyper Voice|p1a: Dusknoir\n|-damage|p1a: Dusknoir|113/225 par\n|\n|-heal|p2a: Sylveon|282/300 tox|[from] item: Leftovers\n|-heal|p1a: Dusknoir|127/225 par|[from] item: Leftovers\n|-damage|p2a: Sylveon|264/300 tox|[from] psn\n|upkeep\n|turn|36\n|\n|t:|1781384077\n|move|p2a: Sylveon|Hyper Voice|p1a: Dusknoir\n|-damage|p1a: Dusknoir|34/225 par\n|cant|p1a: Dusknoir|par\n|\n|-heal|p2a: Sylveon|282/300 tox|[from] item: Leftovers\n|-heal|p1a: Dusknoir|48/225 par|[from] item: Leftovers\n|-damage|p2a: Sylveon|246/300 tox|[from] psn\n|upkeep\n|turn|37\n|\n|t:|1781384080\n|move|p2a: Sylveon|Hyper Voice|p1a: Dusknoir\n|-damage|p1a: Dusknoir|0 fnt\n|faint|p1a: Dusknoir\n|\n|-heal|p2a: Sylveon|264/300 tox|[from] item: Leftovers\n|-damage|p2a: Sylveon|210/300 tox|[from] psn\n|upkeep\n|\n|t:|1781384088\n|switch|p1a: Tsareena|Tsareena, L87, F|267/267\n|turn|38\n|\n|t:|1781384095\n|switch|p2a: Hitmonchan|Hitmonchan, L87, M|138/229\n|move|p1a: Tsareena|Power Whip|p2a: Hitmonchan\n|-damage|p2a: Hitmonchan|0 fnt\n|faint|p2a: Hitmonchan\n|-damage|p1a: Tsareena|241/267|[from] item: Life Orb\n|\n|upkeep\n|-message|Petilil37 forfeited.\n|\n|win|Esterb00ny\n", "uploadtime": 1781383574, "views": 8, "formatid": "gen9randombattle", "rating": null, "private": 0, "password": null}