{"id": "gen9randombattle-2631443369", "format": "[Gen 9] Random Battle", "players": ["RainerZufall2", "don161"], "log": "|j|\u2606RainerZufall2\n|j|\u2606don161\n|t:|1781385309\n|gametype|singles\n|player|p1|RainerZufall2|266|1929\n|player|p2|don161|koga-gen1rb|1910\n|gen|9\n|tier|[Gen 9] Random Battle\n|rated|\n|rule|Species Clause: Limit one of each Pok\u00e9mon\n|rule|HP Percentage Mod: HP is shown in percentages\n|rule|Sleep Clause Mod: Limit one foe put to sleep\n|rule|Illusion Level Mod: Illusion disguises the Pok\u00e9mon's true level\n|\n|t:|1781385309\n|teamsize|p1|6\n|teamsize|p2|6\n|start\n|switch|p1a: Pecharunt|Pecharunt, L77|262/262\n|switch|p2a: Sceptile|Sceptile, L87, M|264/264\n|turn|1\n|inactive|Battle timer is ON: inactive players will automatically lose when time's up. (requested by RainerZufall2)\n|\n|t:|1781385326\n|move|p2a: Sceptile|Shed Tail|p2a: Sceptile\n|-start|p2a: Sceptile|Substitute|[from] move: Shed Tail\n|-damage|p2a: Sceptile|132/264\n|\n|t:|1781385338\n|switch|p2a: Sandy Shocks|Sandy Shocks, L80|267/267|[from] Shed Tail\n|move|p1a: Pecharunt|Parting Shot|p2a: Sandy Shocks\n|-unboost|p2a: Sandy Shocks|atk|1\n|-unboost|p2a: Sandy Shocks|spa|1\n|\n|t:|1781385351\n|switch|p1a: Kricketune|Kricketune, L99, F|312/312|[from] Parting Shot\n|\n|upkeep\n|turn|2\n|\n|t:|1781385368\n|move|p2a: Sandy Shocks|Stealth Rock|p1a: Kricketune\n|-sidestart|p1: RainerZufall2|move: Stealth Rock\n|move|p1a: Kricketune|Sticky Web|p2a: Sandy Shocks\n|-sidestart|p2: don161|move: Sticky Web\n|\n|upkeep\n|turn|3\n|\n|t:|1781385377\n|move|p2a: Sandy Shocks|Spikes|p1a: Kricketune\n|-sidestart|p1: RainerZufall2|Spikes\n|move|p1a: Kricketune|Pounce|p2a: Sandy Shocks\n|-end|p2a: Sandy Shocks|Substitute\n|\n|upkeep\n|turn|4\n|\n|t:|1781385387\n|move|p2a: Sandy Shocks|Spikes|p1a: Kricketune\n|-sidestart|p1: RainerZufall2|Spikes\n|move|p1a: Kricketune|Pounce|p2a: Sandy Shocks\n|-damage|p2a: Sandy Shocks|176/267\n|-unboost|p2a: Sandy Shocks|spe|1\n|\n|-heal|p2a: Sandy Shocks|192/267|[from] item: Leftovers\n|upkeep\n|turn|5\n|\n|t:|1781385392\n|move|p1a: Kricketune|Knock Off|p2a: Sandy Shocks\n|-damage|p2a: Sandy Shocks|111/267\n|-enditem|p2a: Sandy Shocks|Leftovers|[from] move: Knock Off|[of] p1a: Kricketune\n|move|p2a: Sandy Shocks|Spikes|p1a: Kricketune\n|-sidestart|p1: RainerZufall2|Spikes\n|\n|upkeep\n|turn|6\n|\n|t:|1781385397\n|move|p1a: Kricketune|Pounce|p2a: Sandy Shocks\n|-damage|p2a: Sandy Shocks|17/267\n|-unboost|p2a: Sandy Shocks|spe|1\n|move|p2a: Sandy Shocks|Thunderbolt|p1a: Kricketune\n|-damage|p1a: Kricketune|227/312\n|\n|upkeep\n|turn|7\n|\n|t:|1781385403\n|move|p1a: Kricketune|Knock Off|p2a: Sandy Shocks\n|-damage|p2a: Sandy Shocks|0 fnt\n|faint|p2a: Sandy Shocks\n|-end|p2a: Sandy Shocks|Protosynthesis|[silent]\n|\n|upkeep\n|\n|t:|1781385410\n|switch|p2a: Diancie|Diancie, L82|216/216\n|-activate|p2a: Diancie|move: Sticky Web\n|-fail|p2a: Diancie|unboost|[from] ability: Clear Body|[of] p2a: Diancie\n|turn|8\n|\n|t:|1781385422\n|switch|p1a: Pecharunt|Pecharunt, L77|262/262\n|-damage|p1a: Pecharunt|230/262|[from] Stealth Rock\n|-damage|p1a: Pecharunt|165/262|[from] Spikes\n|move|p2a: Diancie|Rock Polish|p2a: Diancie\n|-boost|p2a: Diancie|spe|2\n|\n|upkeep\n|turn|9\n|\n|t:|1781385431\n|-terastallize|p2a: Diancie|Fighting\n|move|p2a: Diancie|Diamond Storm|p1a: Pecharunt\n|-damage|p1a: Pecharunt|96/262\n|-boost|p2a: Diancie|def|2\n|move|p1a: Pecharunt|Malignant Chain|p2a: Diancie\n|-damage|p2a: Diancie|156/216\n|-status|p2a: Diancie|tox\n|-start|p2a: Diancie|confusion|[from] ability: Poison Puppeteer|[of] p1a: Pecharunt\n|\n|-heal|p2a: Diancie|169/216 tox|[from] item: Leftovers\n|-damage|p2a: Diancie|156/216 tox|[from] psn\n|upkeep\n|turn|10\n|\n|t:|1781385446\n|switch|p2a: Probopass|Probopass, L91, F|257/257\n|-activate|p2a: Probopass|move: Sticky Web\n|-unboost|p2a: Probopass|spe|1\n|move|p1a: Pecharunt|Recover|p1a: Pecharunt\n|-heal|p1a: Pecharunt|227/262\n|\n|upkeep\n|turn|11\n|\n|t:|1781385457\n|move|p1a: Pecharunt|Shadow Ball|p2a: Probopass\n|-damage|p2a: Probopass|212/257\n|move|p2a: Probopass|Iron Defense|p2a: Probopass\n|-boost|p2a: Probopass|def|2\n|\n|upkeep\n|turn|12\n|\n|t:|1781385466\n|move|p1a: Pecharunt|Shadow Ball|p2a: Probopass\n|-damage|p2a: Probopass|167/257\n|move|p2a: Probopass|Flash Cannon|p1a: Pecharunt\n|-damage|p1a: Pecharunt|136/262\n|\n|upkeep\n|turn|13\n|\n|t:|1781385474\n|move|p1a: Pecharunt|Parting Shot|p2a: Probopass\n|-unboost|p2a: Probopass|atk|1\n|-unboost|p2a: Probopass|spa|1\n|\n|t:|1781385482\n|switch|p1a: Wugtrio|Wugtrio, L91, M|212/212|[from] Parting Shot\n|-damage|p1a: Wugtrio|186/212|[from] Stealth Rock\n|-damage|p1a: Wugtrio|133/212|[from] Spikes\n|move|p2a: Probopass|Flash Cannon|p1a: Wugtrio\n|-resisted|p1a: Wugtrio\n|-damage|p1a: Wugtrio|103/212\n|\n|upkeep\n|turn|14\n|\n|t:|1781385491\n|move|p1a: Wugtrio|Liquidation|p2a: Probopass\n|-supereffective|p2a: Probopass\n|-damage|p2a: Probopass|65/257\n|move|p2a: Probopass|Rest|p2a: Probopass\n|-status|p2a: Probopass|slp|[from] move: Rest\n|-heal|p2a: Probopass|257/257 slp|[silent]\n|-enditem|p2a: Probopass|Chesto Berry|[eat]\n|-curestatus|p2a: Probopass|slp|[msg]\n|\n|upkeep\n|turn|15\n|\n|t:|1781385497\n|move|p1a: Wugtrio|Liquidation|p2a: Probopass\n|-supereffective|p2a: Probopass\n|-damage|p2a: Probopass|159/257\n|move|p2a: Probopass|Body Press|p1a: Wugtrio\n|-damage|p1a: Wugtrio|0 fnt\n|-ability|p1a: Wugtrio|Gooey\n|-unboost|p2a: Probopass|spe|1\n|faint|p1a: Wugtrio\n|\n|upkeep\n|\n|t:|1781385507\n|switch|p1a: Camerupt|Camerupt, L91, F|275/275\n|-damage|p1a: Camerupt|241/275|[from] Stealth Rock\n|-damage|p1a: Camerupt|173/275|[from] Spikes\n|turn|16\n|\n|t:|1781385511\n|move|p1a: Camerupt|Overheat|p2a: Probopass\n|-damage|p2a: Probopass|57/257\n|-unboost|p1a: Camerupt|spa|2\n|move|p2a: Probopass|Body Press|p1a: Camerupt\n|-damage|p1a: Camerupt|0 fnt\n|faint|p1a: Camerupt\n|\n|upkeep\n|\n|t:|1781385517\n|switch|p1a: Cinderace|Cinderace, L77, F|249/249\n|-damage|p1a: Cinderace|187/249|[from] Stealth Rock\n|-damage|p1a: Cinderace|125/249|[from] Spikes\n|turn|17\n|\n|t:|1781385521\n|move|p1a: Cinderace|Pyro Ball|p2a: Probopass\n|-damage|p2a: Probopass|3/257\n|move|p2a: Probopass|Body Press|p1a: Cinderace\n|-damage|p1a: Cinderace|0 fnt\n|faint|p1a: Cinderace\n|\n|upkeep\n|\n|t:|1781385528\n|switch|p1a: Kricketune|Kricketune, L99, F|227/312\n|turn|18\n|\n|t:|1781385539\n|move|p1a: Kricketune|Knock Off|p2a: Probopass\n|-damage|p2a: Probopass|0 fnt\n|faint|p2a: Probopass\n|\n|upkeep\n|\n|t:|1781385540\n|switch|p2a: Diancie|Diancie, L82, tera:Fighting|156/216 tox\n|-activate|p2a: Diancie|move: Sticky Web\n|-fail|p2a: Diancie|unboost|[from] ability: Clear Body|[of] p2a: Diancie\n|turn|19\n|\n|t:|1781385542\n|move|p1a: Kricketune|Taunt|p2a: Diancie\n|-start|p2a: Diancie|move: Taunt\n|move|p2a: Diancie|Diamond Storm|p1a: Kricketune\n|-supereffective|p1a: Kricketune\n|-damage|p1a: Kricketune|0 fnt\n|faint|p1a: Kricketune\n|\n|-heal|p2a: Diancie|169/216 tox|[from] item: Leftovers\n|-damage|p2a: Diancie|156/216 tox|[from] psn\n|upkeep\n|\n|t:|1781385548\n|switch|p1a: Pecharunt|Pecharunt, L77|136/262\n|-damage|p1a: Pecharunt|104/262|[from] Stealth Rock\n|-damage|p1a: Pecharunt|39/262|[from] Spikes\n|turn|20\n|\n|t:|1781385557\n|move|p1a: Pecharunt|Recover|p1a: Pecharunt\n|-heal|p1a: Pecharunt|170/262\n|move|p2a: Diancie|Moonblast|p1a: Pecharunt\n|-resisted|p1a: Pecharunt\n|-damage|p1a: Pecharunt|114/262\n|-unboost|p1a: Pecharunt|spa|1\n|\n|-heal|p2a: Diancie|169/216 tox|[from] item: Leftovers\n|-damage|p2a: Diancie|143/216 tox|[from] psn\n|upkeep\n|turn|21\n|\n|t:|1781385563\n|move|p1a: Pecharunt|Recover|p1a: Pecharunt\n|-heal|p1a: Pecharunt|245/262\n|move|p2a: Diancie|Diamond Storm|p1a: Pecharunt\n|-damage|p1a: Pecharunt|181/262\n|-boost|p2a: Diancie|def|2\n|\n|-heal|p2a: Diancie|156/216 tox|[from] item: Leftovers\n|-damage|p2a: Diancie|117/216 tox|[from] psn\n|-end|p2a: Diancie|move: Taunt\n|upkeep\n|turn|22\n|\n|t:|1781385569\n|move|p1a: Pecharunt|Recover|p1a: Pecharunt\n|-heal|p1a: Pecharunt|262/262\n|move|p2a: Diancie|Diamond Storm|p1a: Pecharunt\n|-damage|p1a: Pecharunt|196/262\n|\n|-heal|p2a: Diancie|130/216 tox|[from] item: Leftovers\n|-damage|p2a: Diancie|78/216 tox|[from] psn\n|upkeep\n|turn|23\n|\n|t:|1781385577\n|move|p1a: Pecharunt|Malignant Chain|p2a: Diancie\n|-damage|p2a: Diancie|38/216 tox\n|move|p2a: Diancie|Moonblast|p1a: Pecharunt\n|-resisted|p1a: Pecharunt\n|-damage|p1a: Pecharunt|144/262\n|-unboost|p1a: Pecharunt|spa|1\n|\n|-heal|p2a: Diancie|51/216 tox|[from] item: Leftovers\n|-damage|p2a: Diancie|0 fnt|[from] psn\n|faint|p2a: Diancie\n|upkeep\n|\n|t:|1781385584\n|switch|p2a: Cinccino|Cinccino, L83, M|260/260\n|-activate|p2a: Cinccino|move: Sticky Web\n|-unboost|p2a: Cinccino|spe|1\n|turn|24\n|\n|t:|1781385590\n|move|p1a: Pecharunt|Malignant Chain|p2a: Cinccino\n|-damage|p2a: Cinccino|203/260\n|-status|p2a: Cinccino|tox\n|-start|p2a: Cinccino|confusion|[from] ability: Poison Puppeteer|[of] p1a: Pecharunt\n|-activate|p2a: Cinccino|confusion\n|move|p2a: Cinccino|Triple Axel|p1a: Pecharunt\n|-damage|p1a: Pecharunt|129/262\n|-damage|p2a: Cinccino|160/260 tox|[from] item: Rocky Helmet|[of] p1a: Pecharunt\n|-damage|p1a: Pecharunt|100/262\n|-damage|p2a: Cinccino|117/260 tox|[from] item: Rocky Helmet|[of] p1a: Pecharunt\n|-damage|p1a: Pecharunt|54/262\n|-damage|p2a: Cinccino|74/260 tox|[from] item: Rocky Helmet|[of] p1a: Pecharunt\n|-hitcount|p1a: Pecharunt|3\n|\n|-damage|p2a: Cinccino|58/260 tox|[from] psn\n|upkeep\n|turn|25\n|\n|t:|1781385605\n|move|p1a: Pecharunt|Recover|p1a: Pecharunt\n|-heal|p1a: Pecharunt|185/262\n|-activate|p2a: Cinccino|confusion\n|move|p2a: Cinccino|U-turn|p1a: Pecharunt\n|-resisted|p1a: Pecharunt\n|-damage|p1a: Pecharunt|177/262\n|-damage|p2a: Cinccino|15/260 tox|[from] item: Rocky Helmet|[of] p1a: Pecharunt\n|\n|t:|1781385608\n|switch|p2a: Wo-Chien|Wo-Chien, L83|277/277|[from] U-turn\n|-activate|p2a: Wo-Chien|move: Sticky Web\n|-unboost|p2a: Wo-Chien|spe|1\n|-ability|p2a: Wo-Chien|Tablets of Ruin\n|\n|upkeep\n|turn|26\n|\n|t:|1781385615\n|move|p1a: Pecharunt|Malignant Chain|p2a: Wo-Chien\n|-supereffective|p2a: Wo-Chien\n|-damage|p2a: Wo-Chien|211/277\n|move|p2a: Wo-Chien|Leech Seed|p1a: Pecharunt\n|-start|p1a: Pecharunt|move: Leech Seed\n|\n|-heal|p2a: Wo-Chien|228/277|[from] item: Leftovers\n|-damage|p1a: Pecharunt|145/262|[from] Leech Seed|[of] p2a: Wo-Chien\n|-heal|p2a: Wo-Chien|260/277|[silent]\n|upkeep\n|turn|27\n|\n|t:|1781385622\n|move|p1a: Pecharunt|Recover|p1a: Pecharunt\n|-heal|p1a: Pecharunt|262/262\n|move|p2a: Wo-Chien|Knock Off|p1a: Pecharunt\n|-supereffective|p1a: Pecharunt\n|-damage|p1a: Pecharunt|146/262\n|-damage|p2a: Wo-Chien|214/277|[from] item: Rocky Helmet|[of] p1a: Pecharunt\n|-enditem|p1a: Pecharunt|Rocky Helmet|[from] move: Knock Off|[of] p2a: Wo-Chien\n|\n|-heal|p2a: Wo-Chien|231/277|[from] item: Leftovers\n|-damage|p1a: Pecharunt|114/262|[from] Leech Seed|[of] p2a: Wo-Chien\n|-heal|p2a: Wo-Chien|263/277|[silent]\n|upkeep\n|turn|28\n|\n|t:|1781385627\n|move|p1a: Pecharunt|Recover|p1a: Pecharunt\n|-heal|p1a: Pecharunt|245/262\n|move|p2a: Wo-Chien|Ruination|p1a: Pecharunt\n|-damage|p1a: Pecharunt|123/262\n|\n|-heal|p2a: Wo-Chien|277/277|[from] item: Leftovers\n|-damage|p1a: Pecharunt|91/262|[from] Leech Seed|[of] p2a: Wo-Chien\n|upkeep\n|turn|29\n|\n|t:|1781385633\n|move|p1a: Pecharunt|Parting Shot|p2a: Wo-Chien\n|-unboost|p2a: Wo-Chien|atk|1\n|-unboost|p2a: Wo-Chien|spa|1\n|\n|t:|1781385636\n|switch|p1a: Regidrago|Regidrago, L77|435/435|[from] Parting Shot\n|-damage|p1a: Regidrago|381/435|[from] Stealth Rock\n|-damage|p1a: Regidrago|273/435|[from] Spikes\n|move|p2a: Wo-Chien|Ruination|p1a: Regidrago\n|-damage|p1a: Regidrago|137/435\n|\n|upkeep\n|turn|30\n|\n|t:|1781385650\n|switch|p2a: Sceptile|Sceptile, L87, M|132/264\n|-activate|p2a: Sceptile|move: Sticky Web\n|-unboost|p2a: Sceptile|spe|1\n|move|p1a: Regidrago|Draco Meteor|p2a: Sceptile\n|-damage|p2a: Sceptile|0 fnt\n|-unboost|p1a: Regidrago|spa|2\n|faint|p2a: Sceptile\n|\n|upkeep\n|\n|t:|1781385652\n|switch|p2a: Cinccino|Cinccino, L83, M|15/260 tox\n|-activate|p2a: Cinccino|move: Sticky Web\n|-unboost|p2a: Cinccino|spe|1\n|turn|31\n|\n|t:|1781385658\n|move|p1a: Regidrago|Outrage|p2a: Cinccino\n|-damage|p2a: Cinccino|0 fnt\n|faint|p2a: Cinccino\n|\n|upkeep\n|\n|t:|1781385660\n|switch|p2a: Wo-Chien|Wo-Chien, L83|277/277\n|-activate|p2a: Wo-Chien|move: Sticky Web\n|-unboost|p2a: Wo-Chien|spe|1\n|-ability|p2a: Wo-Chien|Tablets of Ruin\n|turn|32\n|\n|t:|1781385662\n|move|p2a: Wo-Chien|Protect|p2a: Wo-Chien\n|-singleturn|p2a: Wo-Chien|Protect\n|move|p1a: Regidrago|Outrage|p2a: Wo-Chien|[from] lockedmove\n|-activate|p2a: Wo-Chien|move: Protect\n|\n|upkeep\n|turn|33\n|\n|t:|1781385670\n|move|p1a: Regidrago|Outrage|p2a: Wo-Chien\n|-damage|p2a: Wo-Chien|154/277\n|move|p2a: Wo-Chien|Leech Seed|p1a: Regidrago\n|-start|p1a: Regidrago|move: Leech Seed\n|\n|-heal|p2a: Wo-Chien|171/277|[from] item: Leftovers\n|-damage|p1a: Regidrago|83/435|[from] Leech Seed|[of] p2a: Wo-Chien\n|-heal|p2a: Wo-Chien|225/277|[silent]\n|upkeep\n|turn|34\n|\n|t:|1781385678\n|move|p2a: Wo-Chien|Protect|p2a: Wo-Chien\n|-singleturn|p2a: Wo-Chien|Protect\n|move|p1a: Regidrago|Outrage|p2a: Wo-Chien|[from] lockedmove\n|-activate|p2a: Wo-Chien|move: Protect\n|\n|-heal|p2a: Wo-Chien|242/277|[from] item: Leftovers\n|-damage|p1a: Regidrago|29/435|[from] Leech Seed|[of] p2a: Wo-Chien\n|-heal|p2a: Wo-Chien|277/277|[silent]\n|upkeep\n|turn|35\n|\n|t:|1781385680\n|move|p2a: Wo-Chien|Protect||[still]\n|-fail|p2a: Wo-Chien\n|move|p1a: Regidrago|Outrage|p2a: Wo-Chien\n|-damage|p2a: Wo-Chien|157/277\n|\n|-heal|p2a: Wo-Chien|174/277|[from] item: Leftovers\n|-damage|p1a: Regidrago|0 fnt|[from] Leech Seed|[of] p2a: Wo-Chien\n|-heal|p2a: Wo-Chien|203/277|[silent]\n|faint|p1a: Regidrago\n|upkeep\n|\n|t:|1781385685\n|switch|p1a: Pecharunt|Pecharunt, L77|91/262\n|-damage|p1a: Pecharunt|59/262|[from] Stealth Rock\n|-damage|p1a: Pecharunt|0 fnt|[from] Spikes\n|faint|p1a: Pecharunt\n|\n|win|don161\n", "uploadtime": 1781385311, "views": 5, "formatid": "gen9randombattle", "rating": null, "private": 0, "password": null}