{"id": "gen9randombattle-2631923591", "format": "[Gen 9] Random Battle", "players": ["pagenfranskane", "DEVILICEMIN"], "log": "|j|\u2606pagenfranskane\n|j|\u2606DEVILICEMIN\n|t:|1781456088\n|gametype|singles\n|player|p1|pagenfranskane|battlegirl|2033\n|player|p2|DEVILICEMIN|265|2049\n|gen|9\n|tier|[Gen 9] Random Battle\n|rated|\n|rule|Species Clause: Limit one of each Pok\u00e9mon\n|rule|HP Percentage Mod: HP is shown in percentages\n|rule|Sleep Clause Mod: Limit one foe put to sleep\n|rule|Illusion Level Mod: Illusion disguises the Pok\u00e9mon's true level\n|\n|t:|1781456088\n|teamsize|p1|6\n|teamsize|p2|6\n|start\n|switch|p1a: Dedenne|Dedenne, L88, F|261/261\n|switch|p2a: Dugtrio|Dugtrio-Alola, L84, M|196/196\n|turn|1\n|\n|t:|1781456097\n|switch|p1a: Tauros|Tauros-Paldea-Aqua, L81, M|254/254\n|-ability|p1a: Tauros|Intimidate|boost\n|-unboost|p2a: Dugtrio|atk|1\n|move|p2a: Dugtrio|Stealth Rock|p1a: Tauros\n|-sidestart|p1: pagenfranskane|move: Stealth Rock\n|\n|upkeep\n|turn|2\n|\n|t:|1781456103\n|switch|p2a: Golduck|Golduck, L90, M|290/290\n|-ability|p2a: Golduck|Cloud Nine\n|move|p1a: Tauros|Bulk Up|p1a: Tauros\n|-boost|p1a: Tauros|atk|1\n|-boost|p1a: Tauros|def|1\n|\n|upkeep\n|turn|3\n|\n|t:|1781456119\n|move|p1a: Tauros|Close Combat|p2a: Golduck\n|-damage|p2a: Golduck|13/290\n|-unboost|p1a: Tauros|def|1\n|-unboost|p1a: Tauros|spd|1\n|-damage|p1a: Tauros|229/254|[from] item: Life Orb\n|move|p2a: Golduck|Grass Knot|p1a: Tauros\n|-supereffective|p1a: Tauros\n|-damage|p1a: Tauros|0 fnt\n|faint|p1a: Tauros\n|\n|-heal|p2a: Golduck|31/290|[from] item: Leftovers\n|upkeep\n|\n|t:|1781456128\n|switch|p1a: Ogerpon|Ogerpon-Hearthflame, L74, F|239/239\n|-damage|p1a: Ogerpon|180/239|[from] Stealth Rock\n|-ability|p1a: Ogerpon|Mold Breaker\n|turn|4\n|\n|t:|1781456136\n|switch|p2a: Dragalge|Dragalge, L88, F|258/258\n|move|p1a: Ogerpon|Swords Dance|p1a: Ogerpon\n|-boost|p1a: Ogerpon|atk|2\n|\n|upkeep\n|turn|5\n|\n|t:|1781456141\n|move|p1a: Ogerpon|Ivy Cudgel|p2a: Dragalge|[anim] Ivy Cudgel Fire\n|-resisted|p2a: Dragalge\n|-damage|p2a: Dragalge|145/258\n|move|p2a: Dragalge|Dragon Tail|p1a: Ogerpon\n|-damage|p1a: Ogerpon|82/239\n|drag|p1a: Dedenne|Dedenne, L88, F|261/261\n|-damage|p1a: Dedenne|229/261|[from] Stealth Rock\n|\n|upkeep\n|turn|6\n|\n|t:|1781456147\n|move|p1a: Dedenne|Dazzling Gleam|p2a: Dragalge\n|-damage|p2a: Dragalge|105/258\n|move|p2a: Dragalge|Sludge Wave|p1a: Dedenne\n|-supereffective|p1a: Dedenne\n|-damage|p1a: Dedenne|0 fnt\n|faint|p1a: Dedenne\n|\n|upkeep\n|\n|t:|1781456150\n|switch|p1a: Crawdaunt|Crawdaunt, L84, M|243/243\n|-damage|p1a: Crawdaunt|213/243|[from] Stealth Rock\n|turn|7\n|\n|t:|1781456158\n|move|p1a: Crawdaunt|Dragon Dance|p1a: Crawdaunt\n|-boost|p1a: Crawdaunt|atk|1\n|-boost|p1a: Crawdaunt|spe|1\n|move|p2a: Dragalge|Dragon Tail|p1a: Crawdaunt|[miss]\n|-miss|p2a: Dragalge|p1a: Crawdaunt\n|\n|upkeep\n|turn|8\n|\n|t:|1781456162\n|move|p1a: Crawdaunt|Knock Off|p2a: Dragalge\n|-damage|p2a: Dragalge|0 fnt\n|-enditem|p2a: Dragalge|Assault Vest|[from] move: Knock Off|[of] p1a: Crawdaunt\n|faint|p2a: Dragalge\n|-damage|p1a: Crawdaunt|189/243|[from] item: Life Orb\n|\n|upkeep\n|\n|t:|1781456166\n|switch|p2a: Dugtrio|Dugtrio-Alola, L84, M|196/196\n|turn|9\n|\n|t:|1781456170\n|move|p1a: Crawdaunt|Aqua Jet|p2a: Dugtrio\n|-supereffective|p2a: Dugtrio\n|-damage|p2a: Dugtrio|0 fnt\n|-ability|p2a: Dugtrio|Tangling Hair\n|-unboost|p1a: Crawdaunt|spe|1\n|faint|p2a: Dugtrio\n|-damage|p1a: Crawdaunt|165/243|[from] item: Life Orb\n|\n|upkeep\n|\n|t:|1781456188\n|switch|p2a: Sunflora|Sunflora, F|312/312\n|turn|10\n|\n|t:|1781456192\n|move|p1a: Crawdaunt|Knock Off|p2a: Sunflora\n|-damage|p2a: Sunflora|0 fnt\n|-enditem|p2a: Sunflora|Choice Specs|[from] move: Knock Off|[of] p1a: Crawdaunt\n|faint|p2a: Sunflora\n|-damage|p1a: Crawdaunt|141/243|[from] item: Life Orb\n|\n|upkeep\n|\n|t:|1781456198\n|switch|p2a: Golduck|Golduck, L90, M|31/290\n|-ability|p2a: Golduck|Cloud Nine\n|turn|11\n|\n|t:|1781456210\n|move|p1a: Crawdaunt|Aqua Jet|p2a: Golduck\n|-resisted|p2a: Golduck\n|-damage|p2a: Golduck|0 fnt\n|faint|p2a: Golduck\n|-damage|p1a: Crawdaunt|117/243|[from] item: Life Orb\n|\n|upkeep\n|\n|t:|1781456218\n|switch|p2a: Crawdaunt|Crawdaunt, L84, M|243/243\n|turn|12\n|\n|t:|1781456224\n|move|p1a: Crawdaunt|Knock Off|p2a: Crawdaunt\n|-resisted|p2a: Crawdaunt\n|-damage|p2a: Crawdaunt|91/243\n|-enditem|p2a: Crawdaunt|Life Orb|[from] move: Knock Off|[of] p1a: Crawdaunt\n|-damage|p1a: Crawdaunt|93/243|[from] item: Life Orb\n|move|p2a: Crawdaunt|Close Combat|p1a: Crawdaunt\n|-supereffective|p1a: Crawdaunt\n|-damage|p1a: Crawdaunt|0 fnt\n|-unboost|p2a: Crawdaunt|def|1\n|-unboost|p2a: Crawdaunt|spd|1\n|faint|p1a: Crawdaunt\n|\n|upkeep\n|\n|t:|1781456233\n|switch|p1a: Bisharp|Bisharp, L79, F|232/232\n|-damage|p1a: Bisharp|218/232|[from] Stealth Rock\n|turn|13\n|\n|t:|1781456237\n|move|p1a: Bisharp|Iron Head|p2a: Crawdaunt\n|-resisted|p2a: Crawdaunt\n|-damage|p2a: Crawdaunt|23/243\n|move|p2a: Crawdaunt|Close Combat|p1a: Bisharp\n|-supereffective|p1a: Bisharp\n|-damage|p1a: Bisharp|0 fnt\n|-unboost|p2a: Crawdaunt|def|1\n|-unboost|p2a: Crawdaunt|spd|1\n|faint|p1a: Bisharp\n|\n|upkeep\n|\n|t:|1781456242\n|switch|p1a: Entei|Entei, L78|307/307\n|-damage|p1a: Entei|231/307|[from] Stealth Rock\n|turn|14\n|\n|t:|1781456245\n|move|p1a: Entei|Extreme Speed|p2a: Crawdaunt\n|-damage|p2a: Crawdaunt|0 fnt\n|faint|p2a: Crawdaunt\n|\n|upkeep\n|\n|t:|1781456248\n|switch|p2a: Pyroar|Pyroar, L88, F|295/295\n|-ability|p2a: Pyroar|Unnerve\n|turn|15\n|\n|t:|1781456257\n|switch|p1a: Ogerpon|Ogerpon-Hearthflame, L74, F|82/239\n|-damage|p1a: Ogerpon|23/239|[from] Stealth Rock\n|-ability|p1a: Ogerpon|Mold Breaker\n|move|p2a: Pyroar|Work Up|p2a: Pyroar\n|-boost|p2a: Pyroar|atk|1\n|-boost|p2a: Pyroar|spa|1\n|\n|upkeep\n|turn|16\n|\n|t:|1781456266\n|move|p2a: Pyroar|Hyper Voice|p1a: Ogerpon\n|-damage|p1a: Ogerpon|0 fnt\n|faint|p1a: Ogerpon\n|\n|upkeep\n|\n|t:|1781456268\n|switch|p1a: Entei|Entei, L78|231/307\n|-damage|p1a: Entei|155/307|[from] Stealth Rock\n|turn|17\n|\n|t:|1781456272\n|-terastallize|p1a: Entei|Fire\n|move|p2a: Pyroar|Hyper Voice|p1a: Entei\n|-damage|p1a: Entei|0 fnt\n|faint|p1a: Entei\n|\n|win|DEVILICEMIN\n", "uploadtime": 1781456090, "views": 3, "formatid": "gen9randombattle", "rating": null, "private": 0, "password": null}