{"id": "gen9randombattle-2631422769", "format": "[Gen 9] Random Battle", "players": ["Lord Stantler", "Insectjoy"], "log": "|j|\u2606Lord Stantler\n|j|\u2606Insectjoy\n|t:|1781382786\n|gametype|singles\n|player|p1|Lord Stantler|102|2000\n|player|p2|Insectjoy|170|2046\n|gen|9\n|tier|[Gen 9] Random Battle\n|rated|\n|rule|Species Clause: Limit one of each Pok\u00e9mon\n|rule|HP Percentage Mod: HP is shown in percentages\n|rule|Sleep Clause Mod: Limit one foe put to sleep\n|rule|Illusion Level Mod: Illusion disguises the Pok\u00e9mon's true level\n|\n|t:|1781382786\n|teamsize|p1|6\n|teamsize|p2|6\n|start\n|switch|p1a: Gardevoir|Gardevoir, L83, F|249/249\n|switch|p2a: Mimikyu|Mimikyu, L79, M|216/216\n|turn|1\n|inactive|Battle timer is ON: inactive players will automatically lose when time's up. (requested by Lord Stantler)\n|c|\u2606Insectjoy|Glhf\n|\n|t:|1781382814\n|move|p2a: Mimikyu|Play Rough|p1a: Gardevoir\n|-damage|p1a: Gardevoir|119/249\n|-unboost|p1a: Gardevoir|atk|1\n|-damage|p2a: Mimikyu|195/216|[from] item: Life Orb\n|move|p1a: Gardevoir|Moonblast|p2a: Mimikyu\n|-activate|p2a: Mimikyu|ability: Disguise\n|-damage|p2a: Mimikyu|195/216\n|detailschange|p2a: Mimikyu|Mimikyu-Busted, L79, M\n|-damage|p2a: Mimikyu|168/216|[from] pokemon: Mimikyu-Busted\n|-damage|p1a: Gardevoir|95/249|[from] item: Life Orb\n|\n|upkeep\n|turn|2\n|\n|t:|1781382827\n|switch|p1a: Golduck|Golduck, L90, F|290/290\n|-ability|p1a: Golduck|Cloud Nine\n|move|p2a: Mimikyu|Shadow Sneak|p1a: Golduck\n|-damage|p1a: Golduck|242/290\n|-damage|p2a: Mimikyu|147/216|[from] item: Life Orb\n|\n|upkeep\n|turn|3\n|\n|t:|1781382849\n|move|p1a: Golduck|Hydro Pump|p2a: Mimikyu|[miss]\n|-miss|p1a: Golduck|p2a: Mimikyu\n|move|p2a: Mimikyu|Play Rough|p1a: Golduck|[miss]\n|-miss|p2a: Mimikyu|p1a: Golduck\n|\n|upkeep\n|turn|4\n|\n|t:|1781382860\n|switch|p2a: Clodsire|Clodsire, L81, M|343/343\n|move|p1a: Golduck|Hydro Pump|p2a: Clodsire\n|-immune|p2a: Clodsire|[from] ability: Water Absorb\n|\n|upkeep\n|turn|5\n|\n|t:|1781382884\n|switch|p1a: Bronzong|Bronzong, L88|261/261\n|move|p2a: Clodsire|Stealth Rock|p1a: Bronzong\n|-sidestart|p1: Lord Stantler|move: Stealth Rock\n|\n|upkeep\n|turn|6\n|\n|t:|1781382893\n|switch|p2a: Magmortar|Magmortar, L88, M|275/275\n|move|p1a: Bronzong|Iron Defense|p1a: Bronzong\n|-boost|p1a: Bronzong|def|2\n|\n|upkeep\n|turn|7\n|\n|t:|1781382904\n|-terastallize|p1a: Bronzong|Fighting\n|move|p2a: Magmortar|Fire Blast|p1a: Bronzong\n|-damage|p1a: Bronzong|129/261\n|move|p1a: Bronzong|Body Press|p2a: Magmortar\n|-damage|p2a: Magmortar|29/275\n|\n|upkeep\n|turn|8\n|\n|t:|1781382915\n|switch|p1a: Golduck|Golduck, L90, F|242/290\n|-damage|p1a: Golduck|206/290|[from] Stealth Rock\n|-ability|p1a: Golduck|Cloud Nine\n|move|p2a: Magmortar|Fire Blast|p1a: Golduck\n|-resisted|p1a: Golduck\n|-damage|p1a: Golduck|124/290\n|\n|upkeep\n|turn|9\n|\n|t:|1781382930\n|move|p1a: Golduck|Ice Beam|p2a: Magmortar\n|-resisted|p2a: Magmortar\n|-damage|p2a: Magmortar|0 fnt\n|faint|p2a: Magmortar\n|\n|upkeep\n|\n|t:|1781382942\n|switch|p2a: Mimikyu|Mimikyu-Busted, L79, M|147/216\n|turn|10\n|\n|t:|1781382954\n|move|p1a: Golduck|Ice Beam|p2a: Mimikyu\n|-damage|p2a: Mimikyu|48/216\n|move|p2a: Mimikyu|Play Rough|p1a: Golduck\n|-damage|p1a: Golduck|25/290\n|-damage|p2a: Mimikyu|27/216|[from] item: Life Orb\n|\n|upkeep\n|turn|11\n|\n|t:|1781382962\n|move|p2a: Mimikyu|Shadow Sneak|p1a: Golduck\n|-damage|p1a: Golduck|0 fnt\n|faint|p1a: Golduck\n|-damage|p2a: Mimikyu|6/216|[from] item: Life Orb\n|\n|upkeep\n|\n|t:|1781382966\n|switch|p1a: Galvantula|Galvantula, L82, M|249/249\n|turn|12\n|\n|t:|1781382995\n|move|p1a: Galvantula|Sticky Web|p2a: Mimikyu\n|-sidestart|p2: Insectjoy|move: Sticky Web\n|move|p2a: Mimikyu|Play Rough|p1a: Galvantula\n|-damage|p1a: Galvantula|119/249\n|-damage|p2a: Mimikyu|0 fnt|[from] item: Life Orb\n|faint|p2a: Mimikyu\n|\n|upkeep\n|inactive|Insectjoy has 120 seconds left.\n|\n|t:|1781383007\n|switch|p2a: Clodsire|Clodsire, L81, M|343/343\n|-activate|p2a: Clodsire|move: Sticky Web\n|-unboost|p2a: Clodsire|spe|1\n|turn|13\n|\n|t:|1781383024\n|move|p1a: Galvantula|Energy Ball|p2a: Clodsire\n|-damage|p2a: Clodsire|288/343\n|move|p2a: Clodsire|Poison Jab|p1a: Galvantula\n|-damage|p1a: Galvantula|26/249\n|\n|-heal|p2a: Clodsire|309/343|[from] item: Leftovers\n|upkeep\n|turn|14\n|\n|t:|1781383034\n|move|p1a: Galvantula|Energy Ball|p2a: Clodsire\n|-damage|p2a: Clodsire|247/343\n|move|p2a: Clodsire|Poison Jab|p1a: Galvantula\n|-damage|p1a: Galvantula|0 fnt\n|faint|p1a: Galvantula\n|\n|-heal|p2a: Clodsire|268/343|[from] item: Leftovers\n|upkeep\n|\n|t:|1781383043\n|switch|p1a: Gardevoir|Gardevoir, L83, F|95/249\n|-damage|p1a: Gardevoir|64/249|[from] Stealth Rock\n|-ability|p1a: Gardevoir|Water Absorb|Trace|[from] ability: Trace|[of] p2a: Clodsire\n|turn|15\n|\n|t:|1781383063\n|switch|p2a: Medicham|Medicham, L86, M|243/243\n|-activate|p2a: Medicham|move: Sticky Web\n|-unboost|p2a: Medicham|spe|1\n|move|p1a: Gardevoir|Psychic|p2a: Medicham\n|-damage|p2a: Medicham|83/243\n|-damage|p1a: Gardevoir|40/249|[from] item: Life Orb\n|\n|upkeep\n|turn|16\n|\n|t:|1781383077\n|move|p2a: Medicham|Bullet Punch|p1a: Gardevoir\n|-supereffective|p1a: Gardevoir\n|-damage|p1a: Gardevoir|0 fnt\n|faint|p1a: Gardevoir\n|\n|upkeep\n|\n|t:|1781383080\n|switch|p1a: Bronzong|Bronzong, L88, tera:Fighting|129/261\n|-damage|p1a: Bronzong|113/261|[from] Stealth Rock\n|turn|17\n|inactive|Insectjoy has 120 seconds left.\n|\n|t:|1781383128\n|switch|p2a: Zacian|Zacian, L69|241/241\n|-activate|p2a: Zacian|move: Sticky Web\n|-unboost|p2a: Zacian|spe|1\n|-ability|p2a: Zacian|Intrepid Sword|boost\n|-boost|p2a: Zacian|atk|1\n|move|p1a: Bronzong|Iron Defense|p1a: Bronzong\n|-boost|p1a: Bronzong|def|2\n|\n|upkeep\n|turn|18\n|inactive|Insectjoy has 90 seconds left.\n|\n|t:|1781383161\n|move|p2a: Zacian|Play Rough|p1a: Bronzong\n|-supereffective|p1a: Bronzong\n|-damage|p1a: Bronzong|0 fnt\n|faint|p1a: Bronzong\n|-damage|p2a: Zacian|217/241|[from] item: Life Orb\n|\n|upkeep\n|\n|t:|1781383167\n|switch|p1a: Gastrodon|Gastrodon, L86, M|331/331\n|-damage|p1a: Gastrodon|311/331|[from] Stealth Rock\n|turn|19\n|\n|t:|1781383179\n|move|p2a: Zacian|Play Rough|p1a: Gastrodon|[miss]\n|-miss|p2a: Zacian|p1a: Gastrodon\n|move|p1a: Gastrodon|Earthquake|p2a: Zacian\n|-damage|p2a: Zacian|112/241\n|\n|-heal|p1a: Gastrodon|331/331|[from] item: Leftovers\n|upkeep\n|turn|20\n|\n|t:|1781383188\n|move|p2a: Zacian|Play Rough|p1a: Gastrodon\n|-damage|p1a: Gastrodon|146/331\n|-damage|p2a: Zacian|88/241|[from] item: Life Orb\n|move|p1a: Gastrodon|Earthquake|p2a: Zacian\n|-damage|p2a: Zacian|0 fnt\n|faint|p2a: Zacian\n|\n|-heal|p1a: Gastrodon|166/331|[from] item: Leftovers\n|upkeep\n|\n|t:|1781383205\n|switch|p2a: Medicham|Medicham, L86, M|83/243\n|-activate|p2a: Medicham|move: Sticky Web\n|-unboost|p2a: Medicham|spe|1\n|turn|21\n|\n|t:|1781383214\n|move|p2a: Medicham|Close Combat|p1a: Gastrodon\n|-damage|p1a: Gastrodon|0 fnt\n|-unboost|p2a: Medicham|def|1\n|-unboost|p2a: Medicham|spd|1\n|faint|p1a: Gastrodon\n|\n|upkeep\n|\n|t:|1781383217\n|switch|p1a: Bastiodon|Bastiodon, L89, M|252/252\n|-damage|p1a: Bastiodon|237/252|[from] Stealth Rock\n|turn|22\n|inactive|Insectjoy has 90 seconds left.\n|\n|t:|1781383229\n|move|p2a: Medicham|Close Combat|p1a: Bastiodon\n|-supereffective|p1a: Bastiodon\n|-damage|p1a: Bastiodon|0 fnt\n|-unboost|p2a: Medicham|def|1\n|-unboost|p2a: Medicham|spd|1\n|faint|p1a: Bastiodon\n|\n|win|Insectjoy\n", "uploadtime": 1781382788, "views": 9, "formatid": "gen9randombattle", "rating": null, "private": 0, "password": null}