{"id": "gen9randombattle-2631479939", "format": "[Gen 9] Random Battle", "players": ["TheBoy83", "ElyasTheGreat"], "log": "|badge|p2|bronze|gen9randombattle|100-9\n|uhtml|medal-msg|<div class=\"broadcast-blue\">Curious what those medals under the avatar are? PS now has Ladder Seasons! For more information, check out the <a href=\"https://www.smogon.com/forums/threads/3740067/\">thread on Smogon.</a></div>\n|j|\u2606TheBoy83\n|j|\u2606ElyasTheGreat\n|t:|1781390171\n|gametype|singles\n|player|p1|TheBoy83|miku-ghost|2199\n|player|p2|ElyasTheGreat|alder|2393\n|gen|9\n|tier|[Gen 9] Random Battle\n|rated|\n|rule|Species Clause: Limit one of each Pok\u00e9mon\n|rule|HP Percentage Mod: HP is shown in percentages\n|rule|Sleep Clause Mod: Limit one foe put to sleep\n|rule|Illusion Level Mod: Illusion disguises the Pok\u00e9mon's true level\n|\n|t:|1781390171\n|teamsize|p1|6\n|teamsize|p2|6\n|start\n|switch|p1a: Hitmonlee|Hitmonlee, L85, M|224/224\n|switch|p2a: Landorus|Landorus-Therian, L76, M|260/260\n|-ability|p2a: Landorus|Intimidate|boost\n|-unboost|p1a: Hitmonlee|atk|1\n|-enditem|p1a: Hitmonlee|White Herb\n|-clearnegativeboost|p1a: Hitmonlee|[silent]\n|turn|1\n|\n|t:|1781390198\n|move|p1a: Hitmonlee|Knock Off|p2a: Landorus\n|-damage|p2a: Landorus|162/260\n|-enditem|p2a: Landorus|Leftovers|[from] move: Knock Off|[of] p1a: Hitmonlee\n|move|p2a: Landorus|Stealth Rock|p1a: Hitmonlee\n|-sidestart|p1: TheBoy83|move: Stealth Rock\n|\n|upkeep\n|turn|2\n|\n|t:|1781390204\n|move|p1a: Hitmonlee|Swords Dance|p1a: Hitmonlee\n|-boost|p1a: Hitmonlee|atk|2\n|move|p2a: Landorus|Earthquake|p1a: Hitmonlee\n|-damage|p1a: Hitmonlee|64/224\n|\n|upkeep\n|turn|3\n|\n|t:|1781390211\n|move|p1a: Hitmonlee|Stone Edge|p2a: Landorus\n|-damage|p2a: Landorus|0 fnt\n|faint|p2a: Landorus\n|\n|upkeep\n|inactive|Battle timer is ON: inactive players will automatically lose when time's up. (requested by TheBoy83)\n|\n|t:|1781390244\n|switch|p2a: Basculegion|Basculegion, L80, M|323/323\n|turn|4\n|\n|t:|1781390261\n|switch|p1a: Greninja|Greninja, L80, M|246/246\n|-damage|p1a: Greninja|216/246|[from] Stealth Rock\n|move|p2a: Basculegion|Aqua Jet|p1a: Greninja\n|-resisted|p1a: Greninja\n|-damage|p1a: Greninja|177/246\n|\n|upkeep\n|turn|5\n|\n|t:|1781390272\n|switch|p2a: Chansey|Chansey, L85, F|564/564\n|move|p1a: Greninja|Dark Pulse|p2a: Chansey\n|-damage|p2a: Chansey|506/564\n|-damage|p1a: Greninja|153/246|[from] item: Life Orb\n|\n|upkeep\n|turn|6\n|\n|t:|1781390295\n|switch|p1a: Skeledirge|Skeledirge, L79, F|294/294\n|move|p2a: Chansey|Seismic Toss|p1a: Skeledirge\n|-immune|p1a: Skeledirge\n|\n|upkeep\n|turn|7\n|\n|t:|1781390304\n|move|p1a: Skeledirge|Torch Song|p2a: Chansey\n|-damage|p2a: Chansey|452/564\n|-boost|p1a: Skeledirge|spa|1\n|move|p2a: Chansey|Thunder Wave|p1a: Skeledirge\n|-status|p1a: Skeledirge|par\n|\n|upkeep\n|turn|8\n|\n|t:|1781390311\n|switch|p2a: Dewgong|Dewgong, L94, F|322/322\n|move|p1a: Skeledirge|Will-O-Wisp|p2a: Dewgong\n|-status|p2a: Dewgong|brn\n|\n|-damage|p2a: Dewgong|302/322 brn|[from] brn\n|upkeep\n|turn|9\n|\n|t:|1781390323\n|switch|p1a: Azumarill|Azumarill, L82, F|298/298\n|-damage|p1a: Azumarill|261/298|[from] Stealth Rock\n|move|p2a: Dewgong|Surf|p1a: Azumarill\n|-resisted|p1a: Azumarill\n|-damage|p1a: Azumarill|210/298\n|\n|-damage|p2a: Dewgong|282/322 brn|[from] brn\n|upkeep\n|turn|10\n|\n|t:|1781390339\n|move|p2a: Dewgong|Knock Off|p1a: Azumarill\n|-resisted|p1a: Azumarill\n|-damage|p1a: Azumarill|191/298\n|-enditem|p1a: Azumarill|Choice Band|[from] move: Knock Off|[of] p2a: Dewgong\n|move|p1a: Azumarill|Knock Off|p2a: Dewgong\n|-damage|p2a: Dewgong|203/322 brn\n|-enditem|p2a: Dewgong|Assault Vest|[from] move: Knock Off|[of] p1a: Azumarill\n|\n|-damage|p2a: Dewgong|183/322 brn|[from] brn\n|upkeep\n|turn|11\n|\n|t:|1781390350\n|move|p2a: Dewgong|Flip Turn|p1a: Azumarill\n|-resisted|p1a: Azumarill\n|-damage|p1a: Azumarill|173/298\n|\n|t:|1781390351\n|switch|p2a: Galvantula|Galvantula, L82, F|249/249|[from] Flip Turn\n|move|p1a: Azumarill|Play Rough|p2a: Galvantula\n|-damage|p2a: Galvantula|108/249\n|\n|upkeep\n|turn|12\n|\n|t:|1781390369\n|move|p1a: Azumarill|Aqua Jet|p2a: Galvantula\n|-damage|p2a: Galvantula|39/249\n|move|p2a: Galvantula|Volt Switch|p1a: Azumarill\n|-supereffective|p1a: Azumarill\n|-damage|p1a: Azumarill|3/298\n|\n|t:|1781390372\n|switch|p2a: Dewgong|Dewgong, L94, F|183/322 brn|[from] Volt Switch\n|\n|-damage|p2a: Dewgong|163/322 brn|[from] brn\n|upkeep\n|turn|13\n|\n|t:|1781390379\n|move|p1a: Azumarill|Aqua Jet|p2a: Dewgong\n|-resisted|p2a: Dewgong\n|-damage|p2a: Dewgong|139/322 brn\n|move|p2a: Dewgong|Surf|p1a: Azumarill\n|-resisted|p1a: Azumarill\n|-damage|p1a: Azumarill|0 fnt\n|faint|p1a: Azumarill\n|\n|-damage|p2a: Dewgong|119/322 brn|[from] brn\n|upkeep\n|\n|t:|1781390405\n|switch|p1a: Hitmonlee|Hitmonlee, L85, M|64/224\n|-damage|p1a: Hitmonlee|50/224|[from] Stealth Rock\n|turn|14\n|\n|t:|1781390414\n|move|p1a: Hitmonlee|Close Combat|p2a: Dewgong\n|-supereffective|p2a: Dewgong\n|-damage|p2a: Dewgong|0 fnt\n|-unboost|p1a: Hitmonlee|def|1\n|-unboost|p1a: Hitmonlee|spd|1\n|faint|p2a: Dewgong\n|\n|upkeep\n|\n|t:|1781390419\n|switch|p2a: Galvantula|Galvantula, L82, F|39/249\n|turn|15\n|\n|t:|1781390426\n|switch|p1a: Greninja|Greninja, L80, M|153/246\n|-damage|p1a: Greninja|123/246|[from] Stealth Rock\n|move|p2a: Galvantula|Sticky Web|p1a: Greninja\n|-sidestart|p1: TheBoy83|move: Sticky Web\n|\n|upkeep\n|turn|16\n|\n|t:|1781390430\n|switch|p2a: Chansey|Chansey, L85, F|452/564\n|move|p1a: Greninja|Gunk Shot|p2a: Chansey|[miss]\n|-miss|p1a: Greninja|p2a: Chansey\n|\n|upkeep\n|turn|17\n|\n|t:|1781390441\n|switch|p1a: Skeledirge|Skeledirge, L79, F|294/294 par\n|move|p2a: Chansey|Thunder Wave|p1a: Skeledirge\n|-fail|p1a: Skeledirge|par\n|\n|upkeep\n|turn|18\n|\n|t:|1781390456\n|switch|p2a: Zebstrika|Zebstrika, L87, F|272/272\n|move|p1a: Skeledirge|Hex|p2a: Zebstrika\n|-crit|p2a: Zebstrika\n|-damage|p2a: Zebstrika|136/272\n|\n|upkeep\n|turn|19\n|\n|t:|1781390475\n|switch|p1a: Hitmonlee|Hitmonlee, L85, M|50/224\n|-damage|p1a: Hitmonlee|36/224|[from] Stealth Rock\n|-activate|p1a: Hitmonlee|move: Sticky Web\n|-unboost|p1a: Hitmonlee|spe|1\n|move|p2a: Zebstrika|High Horsepower|p1a: Hitmonlee\n|-damage|p1a: Hitmonlee|0 fnt\n|faint|p1a: Hitmonlee\n|-damage|p2a: Zebstrika|109/272|[from] item: Life Orb\n|\n|upkeep\n|\n|t:|1781390477\n|switch|p1a: Wyrdeer|Wyrdeer, L87, M|321/321\n|-damage|p1a: Wyrdeer|281/321|[from] Stealth Rock\n|-activate|p1a: Wyrdeer|move: Sticky Web\n|-unboost|p1a: Wyrdeer|spe|1\n|-ability|p1a: Wyrdeer|Intimidate|boost\n|-unboost|p2a: Zebstrika|atk|1\n|turn|20\n|\n|t:|1781390498\n|move|p2a: Zebstrika|Volt Switch|p1a: Wyrdeer\n|-damage|p1a: Wyrdeer|213/321\n|-damage|p2a: Zebstrika|82/272|[from] item: Life Orb\n|\n|t:|1781390499\n|switch|p2a: Chansey|Chansey, L85, F|452/564|[from] Volt Switch\n|move|p1a: Wyrdeer|Psychic Noise|p2a: Chansey\n|-damage|p2a: Chansey|403/564\n|-start|p2a: Chansey|move: Heal Block\n|\n|upkeep\n|turn|21\n|\n|t:|1781390520\n|move|p2a: Chansey|Seismic Toss|p1a: Wyrdeer\n|-damage|p1a: Wyrdeer|128/321\n|move|p1a: Wyrdeer|Body Slam|p2a: Chansey\n|-damage|p2a: Chansey|178/564\n|\n|-end|p2a: Chansey|move: Heal Block\n|upkeep\n|turn|22\n|\n|t:|1781390525\n|move|p2a: Chansey|Seismic Toss|p1a: Wyrdeer\n|-damage|p1a: Wyrdeer|43/321\n|move|p1a: Wyrdeer|Body Slam|p2a: Chansey\n|-damage|p2a: Chansey|0 fnt\n|faint|p2a: Chansey\n|\n|upkeep\n|\n|t:|1781390526\n|switch|p2a: Galvantula|Galvantula, L82, F|39/249\n|turn|23\n|\n|t:|1781390531\n|move|p2a: Galvantula|Bug Buzz|p1a: Wyrdeer\n|-supereffective|p1a: Wyrdeer\n|-damage|p1a: Wyrdeer|0 fnt\n|faint|p1a: Wyrdeer\n|\n|upkeep\n|\n|t:|1781390538\n|switch|p1a: Skeledirge|Skeledirge, L79, F|294/294 par\n|turn|24\n|\n|t:|1781390556\n|move|p2a: Galvantula|Volt Switch|p1a: Skeledirge\n|-damage|p1a: Skeledirge|215/294 par\n|\n|t:|1781390557\n|switch|p2a: Zebstrika|Zebstrika, L87, F|82/272|[from] Volt Switch\n|move|p1a: Skeledirge|Hex|p2a: Zebstrika\n|-damage|p2a: Zebstrika|1/272\n|\n|upkeep\n|turn|25\n|\n|t:|1781390585\n|switch|p1a: Greninja|Greninja, L80, M|123/246\n|-damage|p1a: Greninja|93/246|[from] Stealth Rock\n|-activate|p1a: Greninja|move: Sticky Web\n|-unboost|p1a: Greninja|spe|1\n|move|p2a: Zebstrika|Supercell Slam|p1a: Greninja\n|-supereffective|p1a: Greninja\n|-damage|p1a: Greninja|0 fnt\n|faint|p1a: Greninja\n|-damage|p2a: Zebstrika|0 fnt|[from] item: Life Orb\n|faint|p2a: Zebstrika\n|\n|upkeep\n|inactive|TheBoy83 has 120 seconds left.\n|\n|t:|1781390615\n|switch|p2a: Basculegion|Basculegion, L80, M|323/323\n|switch|p1a: Zarude|Zarude-Dada, L77|288/288\n|-damage|p1a: Zarude|252/288|[from] Stealth Rock\n|-activate|p1a: Zarude|move: Sticky Web\n|-unboost|p1a: Zarude|spe|1\n|turn|26\n|\n|t:|1781390634\n|-terastallize|p2a: Basculegion|Water\n|move|p2a: Basculegion|Wave Crash|p1a: Zarude\n|-resisted|p1a: Zarude\n|-damage|p1a: Zarude|156/288\n|-damage|p2a: Basculegion|291/323|[from] Recoil\n|move|p1a: Zarude|Power Whip|p2a: Basculegion\n|-supereffective|p2a: Basculegion\n|-damage|p2a: Basculegion|0 fnt\n|faint|p2a: Basculegion\n|-damage|p1a: Zarude|128/288|[from] item: Life Orb\n|\n|upkeep\n|\n|t:|1781390638\n|switch|p2a: Galvantula|Galvantula, L82, F|39/249\n|turn|27\n|\n|t:|1781390640\n|move|p2a: Galvantula|Bug Buzz|p1a: Zarude\n|-supereffective|p1a: Zarude\n|-damage|p1a: Zarude|0 fnt\n|faint|p1a: Zarude\n|\n|upkeep\n|\n|t:|1781390642\n|switch|p1a: Skeledirge|Skeledirge, L79, F|215/294 par\n|turn|28\n|\n|t:|1781390648\n|-terastallize|p1a: Skeledirge|Fairy\n|move|p2a: Galvantula|Thunder|p1a: Skeledirge\n|-damage|p1a: Skeledirge|89/294 par\n|move|p1a: Skeledirge|Torch Song|p2a: Galvantula\n|-supereffective|p2a: Galvantula\n|-damage|p2a: Galvantula|0 fnt\n|-boost|p1a: Skeledirge|spa|1\n|faint|p2a: Galvantula\n|\n|win|TheBoy83\n", "uploadtime": 1781390173, "views": 6, "formatid": "gen9randombattle", "rating": null, "private": 0, "password": null}