{"id": "gen9randombattle-2631798260", "format": "[Gen 9] Random Battle", "players": ["pagenfranskane", "Axelace"], "log": "|j|\u2606pagenfranskane\n|j|\u2606Axelace\n|t:|1781441241\n|gametype|singles\n|player|p1|pagenfranskane|battlegirl|2058\n|player|p2|Axelace|riley|2091\n|gen|9\n|tier|[Gen 9] Random Battle\n|rated|\n|rule|Species Clause: Limit one of each Pok\u00e9mon\n|rule|HP Percentage Mod: HP is shown in percentages\n|rule|Sleep Clause Mod: Limit one foe put to sleep\n|rule|Illusion Level Mod: Illusion disguises the Pok\u00e9mon's true level\n|\n|t:|1781441241\n|teamsize|p1|6\n|teamsize|p2|6\n|start\n|switch|p1a: Vivillon|Vivillon-Continental, L83, M|268/268\n|switch|p2a: Alcremie|Alcremie-Caramel-Swirl, L90, F|263/263\n|turn|1\n|\n|t:|1781441267\n|move|p1a: Vivillon|Sleep Powder|p2a: Alcremie\n|-status|p2a: Alcremie|slp|[from] move: Sleep Powder\n|cant|p2a: Alcremie|slp\n|\n|upkeep\n|turn|2\n|\n|t:|1781441278\n|switch|p2a: Sudowoodo|Sudowoodo, L94, M|284/284\n|move|p1a: Vivillon|Quiver Dance|p1a: Vivillon\n|-boost|p1a: Vivillon|spa|1\n|-boost|p1a: Vivillon|spd|1\n|-boost|p1a: Vivillon|spe|1\n|\n|upkeep\n|turn|3\n|\n|t:|1781441287\n|move|p1a: Vivillon|Hurricane|p2a: Sudowoodo\n|-resisted|p2a: Sudowoodo\n|-damage|p2a: Sudowoodo|192/284\n|move|p2a: Sudowoodo|Stealth Rock|p1a: Vivillon\n|-sidestart|p1: pagenfranskane|move: Stealth Rock\n|\n|-heal|p2a: Sudowoodo|209/284|[from] item: Leftovers\n|upkeep\n|turn|4\n|\n|t:|1781441296\n|-terastallize|p1a: Vivillon|Ground\n|move|p1a: Vivillon|Tera Blast|p2a: Sudowoodo|[anim] Tera Blast Ground\n|-supereffective|p2a: Sudowoodo\n|-damage|p2a: Sudowoodo|0 fnt\n|faint|p2a: Sudowoodo\n|\n|upkeep\n|\n|t:|1781441374\n|switch|p2a: Meowscarada|Meowscarada, L78, M|247/247\n|turn|5\n|\n|t:|1781441380\n|-terastallize|p2a: Meowscarada|Dark\n|move|p1a: Vivillon|Hurricane|p2a: Meowscarada\n|-damage|p2a: Meowscarada|54/247\n|move|p2a: Meowscarada|Flower Trick|p1a: Vivillon\n|-supereffective|p1a: Vivillon\n|-crit|p1a: Vivillon\n|-damage|p1a: Vivillon|0 fnt\n|faint|p1a: Vivillon\n|\n|upkeep\n|\n|t:|1781441388\n|switch|p1a: Rotom|Rotom-Mow, L87|229/229\n|-damage|p1a: Rotom|201/229|[from] Stealth Rock\n|turn|6\n|\n|t:|1781441399\n|move|p2a: Meowscarada|U-turn|p1a: Rotom\n|-supereffective|p1a: Rotom\n|-damage|p1a: Rotom|121/229\n|\n|t:|1781441402\n|switch|p2a: Thundurus|Thundurus, L80, M|258/258|[from] U-turn\n|move|p1a: Rotom|Will-O-Wisp|p2a: Thundurus\n|-status|p2a: Thundurus|brn\n|\n|-heal|p1a: Rotom|135/229|[from] item: Leftovers\n|-damage|p2a: Thundurus|242/258 brn|[from] brn\n|upkeep\n|turn|7\n|\n|t:|1781441407\n|move|p2a: Thundurus|Acrobatics|p1a: Rotom\n|-damage|p1a: Rotom|82/229\n|move|p1a: Rotom|Volt Switch|p2a: Thundurus\n|-damage|p2a: Thundurus|152/258 brn\n|\n|t:|1781441418\n|switch|p1a: Garchomp|Garchomp, L74, M|282/282|[from] Volt Switch\n|-damage|p1a: Garchomp|265/282|[from] Stealth Rock\n|\n|-damage|p2a: Thundurus|136/258 brn|[from] brn\n|upkeep\n|turn|8\n|\n|t:|1781441423\n|move|p2a: Thundurus|Grass Knot|p1a: Garchomp\n|-damage|p1a: Garchomp|197/282\n|-damage|p2a: Thundurus|104/258 brn|[from] ability: Rough Skin|[of] p1a: Garchomp\n|-damage|p2a: Thundurus|61/258 brn|[from] item: Rocky Helmet|[of] p1a: Garchomp\n|move|p1a: Garchomp|Stealth Rock|p2a: Thundurus\n|-sidestart|p2: Axelace|move: Stealth Rock\n|\n|-damage|p2a: Thundurus|45/258 brn|[from] brn\n|upkeep\n|turn|9\n|\n|t:|1781441432\n|move|p2a: Thundurus|Knock Off|p1a: Garchomp\n|-damage|p1a: Garchomp|159/282\n|-damage|p2a: Thundurus|13/258 brn|[from] ability: Rough Skin|[of] p1a: Garchomp\n|-damage|p2a: Thundurus|0 fnt|[from] item: Rocky Helmet|[of] p1a: Garchomp\n|faint|p2a: Thundurus\n|move|p1a: Garchomp|Dragon Tail|p2: Thundurus|[notarget]\n|-fail|p1a: Garchomp\n|\n|upkeep\n|\n|t:|1781441447\n|switch|p2a: Flutter Mane|Flutter Mane, L74|203/203\n|-damage|p2a: Flutter Mane|178/203|[from] Stealth Rock\n|turn|10\n|\n|t:|1781441451\n|move|p2a: Flutter Mane|Moonblast|p1a: Garchomp\n|-supereffective|p1a: Garchomp\n|-damage|p1a: Garchomp|0 fnt\n|faint|p1a: Garchomp\n|-damage|p2a: Flutter Mane|158/203|[from] item: Life Orb\n|\n|upkeep\n|\n|t:|1781441463\n|switch|p1a: Comfey|Comfey, L85, M|225/225\n|-damage|p1a: Comfey|197/225|[from] Stealth Rock\n|turn|11\n|inactive|Battle timer is ON: inactive players will automatically lose when time's up. (requested by pagenfranskane)\n|inactive|Axelace has 120 seconds left.\n|inactive|Axelace has 90 seconds left.\n|\n|t:|1781441548\n|move|p2a: Flutter Mane|Calm Mind|p2a: Flutter Mane\n|-boost|p2a: Flutter Mane|spa|1\n|-boost|p2a: Flutter Mane|spd|1\n|move|p1a: Comfey|Calm Mind|p1a: Comfey\n|-boost|p1a: Comfey|spa|1\n|-boost|p1a: Comfey|spd|1\n|\n|-heal|p1a: Comfey|211/225|[from] item: Leftovers\n|upkeep\n|turn|12\n|\n|t:|1781441553\n|move|p2a: Flutter Mane|Moonblast|p1a: Comfey\n|-damage|p1a: Comfey|102/225\n|-damage|p2a: Flutter Mane|138/203|[from] item: Life Orb\n|move|p1a: Comfey|Calm Mind|p1a: Comfey\n|-boost|p1a: Comfey|spa|1\n|-boost|p1a: Comfey|spd|1\n|\n|-heal|p1a: Comfey|116/225|[from] item: Leftovers\n|upkeep\n|turn|13\n|\n|t:|1781441558\n|move|p1a: Comfey|Draining Kiss|p2a: Flutter Mane\n|-damage|p2a: Flutter Mane|86/203\n|-heal|p1a: Comfey|155/225|[from] drain|[of] p2a: Flutter Mane\n|move|p2a: Flutter Mane|Calm Mind|p2a: Flutter Mane\n|-boost|p2a: Flutter Mane|spa|1\n|-boost|p2a: Flutter Mane|spd|1\n|\n|-heal|p1a: Comfey|169/225|[from] item: Leftovers\n|upkeep\n|turn|14\n|\n|t:|1781441566\n|move|p2a: Flutter Mane|Moonblast|p1a: Comfey\n|-damage|p1a: Comfey|66/225\n|-damage|p2a: Flutter Mane|66/203|[from] item: Life Orb\n|move|p1a: Comfey|Calm Mind|p1a: Comfey\n|-boost|p1a: Comfey|spa|1\n|-boost|p1a: Comfey|spd|1\n|\n|-heal|p1a: Comfey|80/225|[from] item: Leftovers\n|upkeep\n|turn|15\n|\n|t:|1781441570\n|move|p1a: Comfey|Draining Kiss|p2a: Flutter Mane\n|-damage|p2a: Flutter Mane|17/203\n|-heal|p1a: Comfey|117/225|[from] drain|[of] p2a: Flutter Mane\n|move|p2a: Flutter Mane|Moonblast|p1a: Comfey\n|-damage|p1a: Comfey|34/225\n|-damage|p2a: Flutter Mane|0 fnt|[from] item: Life Orb\n|faint|p2a: Flutter Mane\n|-end|p2a: Flutter Mane|Protosynthesis|[silent]\n|\n|-heal|p1a: Comfey|48/225|[from] item: Leftovers\n|upkeep\n|\n|t:|1781441574\n|switch|p2a: Solgaleo|Solgaleo, L74|325/325\n|-damage|p2a: Solgaleo|305/325|[from] Stealth Rock\n|turn|16\n|\n|t:|1781441580\n|move|p1a: Comfey|Draining Kiss|p2a: Solgaleo\n|-resisted|p2a: Solgaleo\n|-damage|p2a: Solgaleo|239/325\n|-heal|p1a: Comfey|98/225|[from] drain|[of] p2a: Solgaleo\n|move|p2a: Solgaleo|Flame Charge|p1a: Comfey\n|-damage|p1a: Comfey|65/225\n|-boost|p2a: Solgaleo|spe|1\n|\n|-heal|p1a: Comfey|79/225|[from] item: Leftovers\n|upkeep\n|turn|17\n|\n|t:|1781441583\n|move|p1a: Comfey|Draining Kiss|p2a: Solgaleo\n|-resisted|p2a: Solgaleo\n|-damage|p2a: Solgaleo|167/325\n|-heal|p1a: Comfey|133/225|[from] drain|[of] p2a: Solgaleo\n|move|p2a: Solgaleo|Sunsteel Strike|p1a: Comfey\n|-supereffective|p1a: Comfey\n|-damage|p1a: Comfey|0 fnt\n|faint|p1a: Comfey\n|\n|upkeep\n|\n|t:|1781441586\n|switch|p1a: Quagsire|Quagsire, L84, M|297/297\n|-damage|p1a: Quagsire|279/297|[from] Stealth Rock\n|turn|18\n|\n|t:|1781441591\n|move|p2a: Solgaleo|Knock Off|p1a: Quagsire\n|-damage|p1a: Quagsire|212/297\n|-enditem|p1a: Quagsire|Leftovers|[from] move: Knock Off|[of] p2a: Solgaleo\n|move|p1a: Quagsire|Spikes|p2a: Solgaleo\n|-sidestart|p2: Axelace|Spikes\n|\n|upkeep\n|turn|19\n|\n|t:|1781441598\n|move|p2a: Solgaleo|Close Combat|p1a: Quagsire\n|-damage|p1a: Quagsire|124/297\n|-unboost|p2a: Solgaleo|def|1\n|-unboost|p2a: Solgaleo|spd|1\n|move|p1a: Quagsire|Recover|p1a: Quagsire\n|-heal|p1a: Quagsire|273/297\n|\n|upkeep\n|turn|20\n|\n|t:|1781441605\n|move|p2a: Solgaleo|Close Combat|p1a: Quagsire\n|-damage|p1a: Quagsire|181/297\n|-unboost|p2a: Solgaleo|def|1\n|-unboost|p2a: Solgaleo|spd|1\n|move|p1a: Quagsire|Toxic|p2a: Solgaleo\n|-immune|p2a: Solgaleo\n|\n|upkeep\n|turn|21\n|\n|t:|1781441609\n|move|p2a: Solgaleo|Close Combat|p1a: Quagsire\n|-damage|p1a: Quagsire|86/297\n|-unboost|p2a: Solgaleo|def|1\n|-unboost|p2a: Solgaleo|spd|1\n|move|p1a: Quagsire|Recover|p1a: Quagsire\n|-heal|p1a: Quagsire|235/297\n|\n|upkeep\n|turn|22\n|\n|t:|1781441612\n|move|p2a: Solgaleo|Close Combat|p1a: Quagsire\n|-damage|p1a: Quagsire|138/297\n|-unboost|p2a: Solgaleo|def|1\n|-unboost|p2a: Solgaleo|spd|1\n|move|p1a: Quagsire|Spikes|p2a: Solgaleo\n|-sidestart|p2: Axelace|Spikes\n|\n|upkeep\n|turn|23\n|\n|t:|1781441616\n|move|p2a: Solgaleo|Close Combat|p1a: Quagsire\n|-damage|p1a: Quagsire|42/297\n|-unboost|p2a: Solgaleo|def|1\n|-unboost|p2a: Solgaleo|spd|1\n|move|p1a: Quagsire|Recover|p1a: Quagsire\n|-heal|p1a: Quagsire|191/297\n|\n|upkeep\n|turn|24\n|\n|t:|1781441621\n|move|p2a: Solgaleo|Close Combat|p1a: Quagsire\n|-damage|p1a: Quagsire|102/297\n|-unboost|p2a: Solgaleo|def|1\n|-unboost|p2a: Solgaleo|spd|1\n|move|p1a: Quagsire|Spikes|p2a: Solgaleo\n|-sidestart|p2: Axelace|Spikes\n|\n|upkeep\n|turn|25\n|\n|t:|1781441625\n|move|p2a: Solgaleo|Close Combat|p1a: Quagsire\n|-damage|p1a: Quagsire|6/297\n|move|p1a: Quagsire|Recover|p1a: Quagsire\n|-heal|p1a: Quagsire|155/297\n|\n|upkeep\n|turn|26\n|\n|t:|1781441630\n|move|p2a: Solgaleo|Close Combat|p1a: Quagsire\n|-damage|p1a: Quagsire|68/297\n|move|p1a: Quagsire|Recover|p1a: Quagsire\n|-heal|p1a: Quagsire|217/297\n|\n|upkeep\n|turn|27\n|\n|t:|1781441634\n|move|p2a: Solgaleo|Knock Off|p1a: Quagsire\n|-crit|p1a: Quagsire\n|-damage|p1a: Quagsire|150/297\n|move|p1a: Quagsire|Earthquake|p2a: Solgaleo\n|-supereffective|p2a: Solgaleo\n|-damage|p2a: Solgaleo|0 fnt\n|faint|p2a: Solgaleo\n|\n|upkeep\n|\n|t:|1781441637\n|switch|p2a: Meowscarada|Meowscarada, L78, M, tera:Dark|54/247\n|turn|28\n|\n|t:|1781441643\n|switch|p1a: Rotom|Rotom-Mow, L87|82/229\n|-damage|p1a: Rotom|54/229|[from] Stealth Rock\n|move|p2a: Meowscarada|Flower Trick|p1a: Rotom\n|-resisted|p1a: Rotom\n|-crit|p1a: Rotom\n|-damage|p1a: Rotom|12/229\n|\n|-heal|p1a: Rotom|26/229|[from] item: Leftovers\n|upkeep\n|turn|29\n|\n|t:|1781441647\n|move|p2a: Meowscarada|Knock Off|p1a: Rotom\n|-damage|p1a: Rotom|0 fnt\n|-enditem|p1a: Rotom|Leftovers|[from] move: Knock Off|[of] p2a: Meowscarada\n|faint|p1a: Rotom\n|\n|upkeep\n|\n|t:|1781441658\n|switch|p1a: Rabsca|Rabsca, L91, M|284/284\n|turn|30\n|\n|t:|1781441667\n|move|p2a: Meowscarada|Knock Off|p1a: Rabsca\n|-supereffective|p1a: Rabsca\n|-damage|p1a: Rabsca|36/284\n|-enditem|p1a: Rabsca|Heavy-Duty Boots|[from] move: Knock Off|[of] p2a: Meowscarada\n|move|p1a: Rabsca|Bug Buzz|p2a: Meowscarada\n|-supereffective|p2a: Meowscarada\n|-damage|p2a: Meowscarada|0 fnt\n|faint|p2a: Meowscarada\n|\n|upkeep\n|\n|t:|1781441673\n|switch|p2a: Alcremie|Alcremie-Caramel-Swirl, L90, F|263/263 slp\n|-damage|p2a: Alcremie|231/263 slp|[from] Stealth Rock\n|-damage|p2a: Alcremie|166/263 slp|[from] Spikes\n|turn|31\n|\n|t:|1781441675\n|-curestatus|p2a: Alcremie|slp|[msg]\n|move|p2a: Alcremie|Alluring Voice|p1a: Rabsca\n|-damage|p1a: Rabsca|0 fnt\n|faint|p1a: Rabsca\n|\n|-heal|p2a: Alcremie|182/263|[from] item: Leftovers\n|upkeep\n|\n|t:|1781441678\n|switch|p1a: Quagsire|Quagsire, L84, M|150/297\n|-damage|p1a: Quagsire|132/297|[from] Stealth Rock\n|turn|32\n|\n|t:|1781441681\n|move|p2a: Alcremie|Alluring Voice|p1a: Quagsire\n|-damage|p1a: Quagsire|5/297\n|move|p1a: Quagsire|Recover|p1a: Quagsire\n|-heal|p1a: Quagsire|154/297\n|\n|-heal|p2a: Alcremie|198/263|[from] item: Leftovers\n|upkeep\n|turn|33\n|\n|t:|1781441686\n|move|p2a: Alcremie|Alluring Voice|p1a: Quagsire\n|-damage|p1a: Quagsire|22/297\n|move|p1a: Quagsire|Recover|p1a: Quagsire\n|-heal|p1a: Quagsire|171/297\n|\n|-heal|p2a: Alcremie|214/263|[from] item: Leftovers\n|upkeep\n|turn|34\n|\n|t:|1781441691\n|move|p2a: Alcremie|Alluring Voice|p1a: Quagsire\n|-damage|p1a: Quagsire|38/297\n|move|p1a: Quagsire|Toxic|p2a: Alcremie\n|-status|p2a: Alcremie|tox\n|\n|-heal|p2a: Alcremie|230/263 tox|[from] item: Leftovers\n|-damage|p2a: Alcremie|214/263 tox|[from] psn\n|upkeep\n|turn|35\n|\n|t:|1781441695\n|move|p2a: Alcremie|Alluring Voice|p1a: Quagsire\n|-damage|p1a: Quagsire|0 fnt\n|faint|p1a: Quagsire\n|\n|win|Axelace\n", "uploadtime": 1781441243, "views": 4, "formatid": "gen9randombattle", "rating": null, "private": 0, "password": null}