{"id": "gen9randombattle-2631740677", "format": "[Gen 9] Random Battle", "players": ["thefakefildrong", "gamergray23"], "log": "|j|\u2606thefakefildrong\n|j|\u2606gamergray23\n|t:|1781431920\n|gametype|singles\n|player|p1|thefakefildrong|169|1937\n|player|p2|gamergray23|cynthia-masters4|1918\n|gen|9\n|tier|[Gen 9] Random Battle\n|rated|\n|rule|Species Clause: Limit one of each Pok\u00e9mon\n|rule|HP Percentage Mod: HP is shown in percentages\n|rule|Sleep Clause Mod: Limit one foe put to sleep\n|rule|Illusion Level Mod: Illusion disguises the Pok\u00e9mon's true level\n|\n|t:|1781431920\n|teamsize|p1|6\n|teamsize|p2|6\n|start\n|switch|p1a: Dragapult|Dragapult, L77, M|262/262\n|switch|p2a: Indeedee|Indeedee-F, L90, F|272/272\n|-fieldstart|move: Psychic Terrain|[from] ability: Psychic Surge|[of] p2a: Indeedee\n|turn|1\n|inactive|Battle timer is ON: inactive players will automatically lose when time's up. (requested by thefakefildrong)\n|\n|t:|1781431936\n|move|p1a: Dragapult|U-turn|p2a: Indeedee\n|-supereffective|p2a: Indeedee\n|-damage|p2a: Indeedee|160/272\n|\n|t:|1781431943\n|switch|p1a: Kingambit|Kingambit, L74, F|270/270|[from] U-turn\n|move|p2a: Indeedee|Psychic|p1a: Kingambit\n|-immune|p1a: Kingambit\n|\n|upkeep\n|turn|2\n|\n|t:|1781431955\n|switch|p2a: Cobalion|Cobalion, L80|277/277\n|move|p1a: Kingambit|Kowtow Cleave|p2a: Cobalion\n|-resisted|p2a: Cobalion\n|-damage|p2a: Cobalion|243/277\n|-ability|p2a: Cobalion|Justified|boost\n|-boost|p2a: Cobalion|atk|1\n|\n|-heal|p2a: Cobalion|260/277|[from] item: Leftovers\n|upkeep\n|turn|3\n|\n|t:|1781431967\n|-end|p1a: Kingambit|fallenundefined|[silent]\n|switch|p1a: Noivern|Noivern, L82, F|274/274\n|move|p2a: Cobalion|Calm Mind|p2a: Cobalion\n|-boost|p2a: Cobalion|spa|1\n|-boost|p2a: Cobalion|spd|1\n|\n|-heal|p2a: Cobalion|277/277|[from] item: Leftovers\n|upkeep\n|turn|4\n|\n|t:|1781431976\n|move|p1a: Noivern|Flamethrower|p2a: Cobalion\n|-supereffective|p2a: Cobalion\n|-damage|p2a: Cobalion|185/277\n|-status|p2a: Cobalion|brn\n|move|p2a: Cobalion|Calm Mind|p2a: Cobalion\n|-boost|p2a: Cobalion|spa|1\n|-boost|p2a: Cobalion|spd|1\n|\n|-heal|p2a: Cobalion|202/277 brn|[from] item: Leftovers\n|-damage|p2a: Cobalion|185/277 brn|[from] brn\n|upkeep\n|turn|5\n|c|\u2606gamergray23|10% burn aight\n|\n|t:|1781431989\n|move|p1a: Noivern|Flamethrower|p2a: Cobalion\n|-supereffective|p2a: Cobalion\n|-damage|p2a: Cobalion|117/277 brn\n|move|p2a: Cobalion|Flash Cannon|p1a: Noivern\n|-damage|p1a: Noivern|100/274\n|\n|-heal|p2a: Cobalion|134/277 brn|[from] item: Leftovers\n|-damage|p2a: Cobalion|117/277 brn|[from] brn\n|-fieldend|move: Psychic Terrain\n|upkeep\n|turn|6\n|\n|t:|1781431995\n|move|p1a: Noivern|Flamethrower|p2a: Cobalion\n|-supereffective|p2a: Cobalion\n|-damage|p2a: Cobalion|41/277 brn\n|move|p2a: Cobalion|Flash Cannon|p1a: Noivern\n|-damage|p1a: Noivern|0 fnt\n|faint|p1a: Noivern\n|\n|-heal|p2a: Cobalion|58/277 brn|[from] item: Leftovers\n|-damage|p2a: Cobalion|41/277 brn|[from] brn\n|upkeep\n|\n|t:|1781431999\n|switch|p1a: Dragapult|Dragapult, L77, M|262/262\n|turn|7\n|\n|t:|1781432006\n|move|p1a: Dragapult|Shadow Ball|p2a: Cobalion\n|-damage|p2a: Cobalion|0 fnt\n|faint|p2a: Cobalion\n|\n|upkeep\n|\n|t:|1781432034\n|switch|p2a: Hitmonchan|Hitmonchan, L87, M|229/229\n|turn|8\n|\n|t:|1781432042\n|switch|p1a: Flamigo|Flamigo, L82, F|269/269\n|move|p2a: Hitmonchan|Knock Off|p1a: Flamigo\n|-resisted|p1a: Flamigo\n|-damage|p1a: Flamigo|227/269\n|-enditem|p1a: Flamigo|Life Orb|[from] move: Knock Off|[of] p2a: Hitmonchan\n|\n|upkeep\n|turn|9\n|inactive|gamergray23 has 120 seconds left.\n|\n|t:|1781432069\n|move|p1a: Flamigo|Brave Bird|p2a: Hitmonchan\n|-supereffective|p2a: Hitmonchan\n|-damage|p2a: Hitmonchan|0 fnt\n|faint|p2a: Hitmonchan\n|-damage|p1a: Flamigo|151/269|[from] Recoil\n|\n|upkeep\n|\n|t:|1781432089\n|switch|p2a: Spectrier|Spectrier, L75|274/274\n|turn|10\n|\n|t:|1781432104\n|switch|p1a: Kingambit|Kingambit, L74, F|270/270\n|-activate|p1a: Kingambit|ability: Supreme Overlord\n|-start|p1a: Kingambit|fallen1|[silent]\n|move|p2a: Spectrier|Will-O-Wisp|p1a: Kingambit\n|-status|p1a: Kingambit|brn\n|\n|-damage|p1a: Kingambit|254/270 brn|[from] brn\n|upkeep\n|turn|11\n|\n|t:|1781432109\n|switch|p2a: Leafeon|Leafeon, L88, M|258/258\n|move|p1a: Kingambit|Kowtow Cleave|p2a: Leafeon\n|-damage|p2a: Leafeon|222/258\n|\n|-heal|p1a: Kingambit|270/270 brn|[from] item: Leftovers\n|-damage|p1a: Kingambit|254/270 brn|[from] brn\n|upkeep\n|turn|12\n|\n|t:|1781432115\n|-end|p1a: Kingambit|fallen1|[silent]\n|switch|p1a: Dragapult|Dragapult, L77, M|262/262\n|move|p2a: Leafeon|Swords Dance|p2a: Leafeon\n|-boost|p2a: Leafeon|atk|2\n|\n|upkeep\n|turn|13\n|\n|t:|1781432123\n|-terastallize|p2a: Leafeon|Dark\n|move|p1a: Dragapult|Fire Blast|p2a: Leafeon\n|-damage|p2a: Leafeon|95/258\n|move|p2a: Leafeon|Knock Off|p1a: Dragapult\n|-supereffective|p1a: Dragapult\n|-damage|p1a: Dragapult|0 fnt\n|-enditem|p1a: Dragapult|Choice Specs|[from] move: Knock Off|[of] p2a: Leafeon\n|faint|p1a: Dragapult\n|-damage|p2a: Leafeon|70/258|[from] item: Life Orb\n|\n|upkeep\n|\n|t:|1781432140\n|switch|p1a: Jolteon|Jolteon, L84, M|246/246\n|turn|14\n|\n|t:|1781432151\n|move|p1a: Jolteon|Thunderbolt|p2a: Leafeon\n|-damage|p2a: Leafeon|0 fnt\n|faint|p2a: Leafeon\n|\n|upkeep\n|\n|t:|1781432162\n|switch|p2a: Indeedee|Indeedee-F, L90, F|160/272\n|-fieldstart|move: Psychic Terrain|[from] ability: Psychic Surge|[of] p2a: Indeedee\n|turn|15\n|\n|t:|1781432171\n|move|p1a: Jolteon|Thunderbolt|p2a: Indeedee\n|-damage|p2a: Indeedee|25/272\n|move|p2a: Indeedee|Psychic|p1a: Jolteon\n|-damage|p1a: Jolteon|86/246\n|-damage|p2a: Indeedee|0 fnt|[from] item: Life Orb\n|faint|p2a: Indeedee\n|\n|upkeep\n|inactive|gamergray23 has 120 seconds left.\n|\n|t:|1781432186\n|switch|p2a: Espathra|Espathra, L80, F|283/283\n|turn|16\n|\n|t:|1781432193\n|move|p2a: Espathra|Protect|p2a: Espathra\n|-singleturn|p2a: Espathra|Protect\n|move|p1a: Jolteon|Thunderbolt|p2a: Espathra\n|-activate|p2a: Espathra|move: Protect\n|\n|-ability|p2a: Espathra|Speed Boost|boost\n|-boost|p2a: Espathra|spe|1\n|upkeep\n|turn|17\n|\n|t:|1781432199\n|move|p2a: Espathra|Calm Mind|p2a: Espathra\n|-boost|p2a: Espathra|spa|1\n|-boost|p2a: Espathra|spd|1\n|move|p1a: Jolteon|Thunderbolt|p2a: Espathra\n|-damage|p2a: Espathra|144/283\n|\n|-heal|p2a: Espathra|161/283|[from] item: Leftovers\n|-ability|p2a: Espathra|Speed Boost|boost\n|-boost|p2a: Espathra|spe|1\n|upkeep\n|turn|18\n|\n|t:|1781432216\n|move|p2a: Espathra|Protect|p2a: Espathra\n|-singleturn|p2a: Espathra|Protect\n|move|p1a: Jolteon|Thunderbolt|p2a: Espathra\n|-activate|p2a: Espathra|move: Protect\n|\n|-heal|p2a: Espathra|178/283|[from] item: Leftovers\n|-ability|p2a: Espathra|Speed Boost|boost\n|-boost|p2a: Espathra|spe|1\n|upkeep\n|turn|19\n|\n|t:|1781432220\n|move|p2a: Espathra|Stored Power|p1a: Jolteon\n|-damage|p1a: Jolteon|0 fnt\n|faint|p1a: Jolteon\n|\n|-heal|p2a: Espathra|195/283|[from] item: Leftovers\n|-fieldend|move: Psychic Terrain\n|-ability|p2a: Espathra|Speed Boost|boost\n|-boost|p2a: Espathra|spe|1\n|upkeep\n|\n|t:|1781432227\n|switch|p1a: Kingambit|Kingambit, L74, F|254/270 brn\n|-activate|p1a: Kingambit|ability: Supreme Overlord\n|-start|p1a: Kingambit|fallen3|[silent]\n|turn|20\n|\n|t:|1781432237\n|move|p2a: Espathra|Dazzling Gleam|p1a: Kingambit\n|-damage|p1a: Kingambit|152/270 brn\n|move|p1a: Kingambit|Iron Head|p2a: Espathra\n|-damage|p2a: Espathra|117/283\n|\n|-heal|p2a: Espathra|134/283|[from] item: Leftovers\n|-heal|p1a: Kingambit|168/270 brn|[from] item: Leftovers\n|-damage|p1a: Kingambit|152/270 brn|[from] brn\n|-ability|p2a: Espathra|Speed Boost|boost\n|-boost|p2a: Espathra|spe|1\n|upkeep\n|turn|21\n|\n|t:|1781432243\n|move|p2a: Espathra|Protect|p2a: Espathra\n|-singleturn|p2a: Espathra|Protect\n|move|p1a: Kingambit|Sucker Punch||[still]\n|-fail|p1a: Kingambit\n|\n|-heal|p2a: Espathra|151/283|[from] item: Leftovers\n|-heal|p1a: Kingambit|168/270 brn|[from] item: Leftovers\n|-damage|p1a: Kingambit|152/270 brn|[from] brn\n|-ability|p2a: Espathra|Speed Boost|boost\n|-boost|p2a: Espathra|spe|1\n|upkeep\n|turn|22\n|\n|t:|1781432253\n|move|p2a: Espathra|Dazzling Gleam|p1a: Kingambit\n|-damage|p1a: Kingambit|60/270 brn\n|move|p1a: Kingambit|Kowtow Cleave|p2a: Espathra\n|-supereffective|p2a: Espathra\n|-damage|p2a: Espathra|0 fnt\n|faint|p2a: Espathra\n|\n|-heal|p1a: Kingambit|76/270 brn|[from] item: Leftovers\n|-damage|p1a: Kingambit|60/270 brn|[from] brn\n|upkeep\n|\n|t:|1781432260\n|switch|p2a: Spectrier|Spectrier, L75|274/274\n|turn|23\n|\n|t:|1781432266\n|move|p2a: Spectrier|Shadow Ball|p1a: Kingambit\n|-resisted|p1a: Kingambit\n|-damage|p1a: Kingambit|0 fnt\n|faint|p1a: Kingambit\n|-end|p1a: Kingambit|fallen3|[silent]\n|-ability|p2a: Spectrier|Grim Neigh|boost\n|-boost|p2a: Spectrier|spa|1\n|-damage|p2a: Spectrier|247/274|[from] item: Life Orb\n|\n|upkeep\n|\n|t:|1781432272\n|switch|p1a: Deoxys|Deoxys-Attack, L72|191/191\n|-ability|p1a: Deoxys|Pressure\n|turn|24\n|c|\u2606gamergray23|dude rolled the fastest team of all fucking time\n|c|\u2606gamergray23|plus kingambit for good measure\n|inactive|gamergray23 has 120 seconds left.\n|c|\u2606thefakefildrong|yeah\n|\n|t:|1781432314\n|-terastallize|p1a: Deoxys|Dark\n|move|p1a: Deoxys|Knock Off|p2a: Spectrier\n|-supereffective|p2a: Spectrier\n|-damage|p2a: Spectrier|0 fnt\n|-enditem|p2a: Spectrier|Life Orb|[from] move: Knock Off|[of] p1a: Deoxys\n|faint|p2a: Spectrier\n|-damage|p1a: Deoxys|172/191|[from] item: Life Orb\n|\n|win|thefakefildrong\n|raw|thefakefildrong's rating: 1937 &rarr; <strong>1956</strong><br />(+19 for winning)\n|raw|gamergray23's rating: 1918 &rarr; <strong>1899</strong><br />(-19 for losing)\n", "uploadtime": 1781431921, "views": 5, "formatid": "gen9randombattle", "rating": 1899, "private": 0, "password": null}