{"id": "gen9randombattle-2631894802", "format": "[Gen 9] Random Battle", "players": ["rgrgreger", "igothighjumpkick"], "log": "|j|\u2606rgrgreger\n|j|\u2606igothighjumpkick\n|t:|1781452992\n|gametype|singles\n|player|p1|rgrgreger|zinzolin|1923\n|player|p2|igothighjumpkick|zinzolin|1883\n|gen|9\n|tier|[Gen 9] Random Battle\n|rated|\n|rule|Species Clause: Limit one of each Pok\u00e9mon\n|rule|HP Percentage Mod: HP is shown in percentages\n|rule|Sleep Clause Mod: Limit one foe put to sleep\n|rule|Illusion Level Mod: Illusion disguises the Pok\u00e9mon's true level\n|\n|t:|1781452992\n|teamsize|p1|6\n|teamsize|p2|6\n|start\n|switch|p1a: Chi-Yu|Chi-Yu, L77|211/211\n|switch|p2a: Palafin|Palafin, L77, F|281/281\n|-ability|p1a: Chi-Yu|Beads of Ruin\n|turn|1\n|inactive|Battle timer is ON: inactive players will automatically lose when time's up. (requested by igothighjumpkick)\n|inactive|rgrgreger also wants the timer to be on.\n|\n|t:|1781453002\n|switch|p1a: Sunflora|Sunflora, F|312/312\n|move|p2a: Palafin|Wave Crash|p1a: Sunflora\n|-resisted|p1a: Sunflora\n|-damage|p1a: Sunflora|261/312\n|-damage|p2a: Palafin|264/281|[from] Recoil\n|\n|-heal|p2a: Palafin|281/281|[from] item: Leftovers\n|upkeep\n|turn|2\n|\n|t:|1781453008\n|detailschange|p2a: Palafin|Palafin-Hero, L77, F\n|switch|p2a: Cyclizar|Cyclizar, L83, M|252/252\n|move|p1a: Sunflora|Leaf Storm|p2a: Cyclizar|[miss]\n|-miss|p1a: Sunflora|p2a: Cyclizar\n|\n|upkeep\n|turn|3\n|\n|t:|1781453014\n|move|p2a: Cyclizar|Shed Tail|p2a: Cyclizar\n|-start|p2a: Cyclizar|Substitute|[from] move: Shed Tail\n|-damage|p2a: Cyclizar|126/252\n|inactive|igothighjumpkick has 120 seconds left.\n|\n|t:|1781453068\n|switch|p2a: Venomoth|Venomoth, L84, M|255/255|[from] Shed Tail\n|move|p1a: Sunflora|Leaf Storm|p2a: Venomoth\n|-resisted|p2a: Venomoth\n|-end|p2a: Venomoth|Substitute\n|-unboost|p1a: Sunflora|spa|2\n|\n|upkeep\n|turn|4\n|\n|t:|1781453077\n|switch|p1a: Shaymin|Shaymin-Sky, L73|266/266\n|move|p2a: Venomoth|Quiver Dance|p2a: Venomoth\n|-boost|p2a: Venomoth|spa|1\n|-boost|p2a: Venomoth|spd|1\n|-boost|p2a: Venomoth|spe|1\n|\n|upkeep\n|turn|5\n|inactive|igothighjumpkick has 120 seconds left.\n|\n|t:|1781453086\n|move|p2a: Venomoth|Sludge Wave|p1a: Shaymin\n|-supereffective|p1a: Shaymin\n|-damage|p1a: Shaymin|0 fnt\n|faint|p1a: Shaymin\n|\n|upkeep\n|\n|t:|1781453090\n|switch|p1a: Talonflame|Talonflame, L83, M|265/265\n|turn|6\n|\n|t:|1781453092\n|move|p2a: Venomoth|Sleep Powder|p1a: Talonflame\n|-status|p1a: Talonflame|slp|[from] move: Sleep Powder\n|cant|p1a: Talonflame|slp\n|\n|upkeep\n|turn|7\n|\n|t:|1781453095\n|move|p2a: Venomoth|Sludge Wave|p1a: Talonflame\n|-damage|p1a: Talonflame|79/265 slp\n|cant|p1a: Talonflame|slp\n|\n|upkeep\n|turn|8\n|-message|rgrgreger forfeited.\n|\n|win|igothighjumpkick\n|raw|rgrgreger's rating: 1923 &rarr; <strong>1901</strong><br />(-22 for losing)\n|raw|igothighjumpkick's rating: 1883 &rarr; <strong>1905</strong><br />(+22 for winning)\n", "uploadtime": 1781453104, "views": 5, "formatid": "gen9randombattle", "rating": 1901, "private": 0, "password": null}