{"id": "gen9randombattle-2631363920", "format": "[Gen 9] Random Battle", "players": ["kaisarian", "Flamesenpai557"], "log": "|j|\u2606kaisarian\n|j|\u2606Flamesenpai557\n|t:|1781375954\n|gametype|singles\n|player|p1|kaisarian|lucas-gen4pt|\n|player|p2|Flamesenpai557|101|\n|gen|9\n|tier|[Gen 9] Random Battle\n|rule|Species Clause: Limit one of each Pok\u00e9mon\n|rule|HP Percentage Mod: HP is shown in percentages\n|rule|Sleep Clause Mod: Limit one foe put to sleep\n|rule|Illusion Level Mod: Illusion disguises the Pok\u00e9mon's true level\n|\n|t:|1781375954\n|teamsize|p1|6\n|teamsize|p2|6\n|start\n|switch|p1a: Mimikyu|Mimikyu, L79, F|216/216\n|switch|p2a: Kilowattrel|Kilowattrel, L83, M|252/252\n|turn|1\n|l|\u2606Flamesenpai557\n|player|p2|\n|j|\u2606Flamesenpai557\n|player|p2|Flamesenpai557|101|\n|\n|t:|1781376040\n|move|p2a: Kilowattrel|Hurricane|p1a: Mimikyu\n|-activate|p1a: Mimikyu|ability: Disguise\n|-damage|p1a: Mimikyu|216/216\n|detailschange|p1a: Mimikyu|Mimikyu-Busted, L79, F\n|-damage|p1a: Mimikyu|189/216|[from] pokemon: Mimikyu-Busted\n|move|p1a: Mimikyu|Swords Dance|p1a: Mimikyu\n|-boost|p1a: Mimikyu|atk|2\n|\n|upkeep\n|turn|2\n|\n|t:|1781376063\n|move|p2a: Kilowattrel|Hurricane|p1a: Mimikyu|[miss]\n|-miss|p2a: Kilowattrel|p1a: Mimikyu\n|move|p1a: Mimikyu|Swords Dance|p1a: Mimikyu\n|-boost|p1a: Mimikyu|atk|2\n|\n|upkeep\n|turn|3\n|\n|t:|1781376078\n|move|p2a: Kilowattrel|Hurricane|p1a: Mimikyu|[miss]\n|-miss|p2a: Kilowattrel|p1a: Mimikyu\n|move|p1a: Mimikyu|Swords Dance|p1a: Mimikyu\n|-boost|p1a: Mimikyu|atk|2\n|\n|upkeep\n|turn|4\n|\n|t:|1781376087\n|move|p2a: Kilowattrel|Hurricane|p1a: Mimikyu|[miss]\n|-miss|p2a: Kilowattrel|p1a: Mimikyu\n|move|p1a: Mimikyu|Play Rough|p2a: Kilowattrel\n|-damage|p2a: Kilowattrel|0 fnt\n|faint|p2a: Kilowattrel\n|-damage|p1a: Mimikyu|168/216|[from] item: Life Orb\n|\n|upkeep\n|\n|t:|1781376130\n|switch|p2a: Dugtrio|Dugtrio-Alola, L84, F|196/196\n|turn|5\n|\n|t:|1781376142\n|move|p2a: Dugtrio|Iron Head|p1a: Mimikyu\n|-supereffective|p1a: Mimikyu\n|-damage|p1a: Mimikyu|0 fnt\n|faint|p1a: Mimikyu\n|-damage|p2a: Dugtrio|177/196|[from] item: Life Orb\n|\n|upkeep\n|\n|t:|1781376156\n|switch|p1a: Brute Bonnet|Brute Bonnet, L80|309/309\n|turn|6\n|\n|t:|1781376214\n|move|p1a: Brute Bonnet|Sucker Punch|p2a: Dugtrio\n|-damage|p2a: Dugtrio|66/196\n|-ability|p2a: Dugtrio|Tangling Hair\n|-unboost|p1a: Brute Bonnet|spe|1\n|move|p2a: Dugtrio|Iron Head|p1a: Brute Bonnet\n|-damage|p1a: Brute Bonnet|200/309\n|-damage|p2a: Dugtrio|47/196|[from] item: Life Orb\n|\n|-heal|p1a: Brute Bonnet|219/309|[from] item: Leftovers\n|upkeep\n|turn|7\n|\n|t:|1781376235\n|move|p1a: Brute Bonnet|Sucker Punch||[still]\n|-fail|p1a: Brute Bonnet\n|move|p2a: Dugtrio|Swords Dance|p2a: Dugtrio\n|-boost|p2a: Dugtrio|atk|2\n|\n|-heal|p1a: Brute Bonnet|238/309|[from] item: Leftovers\n|upkeep\n|turn|8\n|\n|t:|1781376252\n|move|p2a: Dugtrio|Sucker Punch|p1a: Brute Bonnet\n|-resisted|p1a: Brute Bonnet\n|-damage|p1a: Brute Bonnet|180/309\n|-damage|p2a: Dugtrio|28/196|[from] item: Life Orb\n|move|p1a: Brute Bonnet|Sucker Punch||[still]\n|-fail|p1a: Brute Bonnet\n|\n|-heal|p1a: Brute Bonnet|199/309|[from] item: Leftovers\n|upkeep\n|turn|9\n|\n|t:|1781376264\n|move|p2a: Dugtrio|Sucker Punch|p1a: Brute Bonnet\n|-resisted|p1a: Brute Bonnet\n|-damage|p1a: Brute Bonnet|138/309\n|-damage|p2a: Dugtrio|9/196|[from] item: Life Orb\n|move|p1a: Brute Bonnet|Crunch|p2a: Dugtrio\n|-damage|p2a: Dugtrio|0 fnt\n|-ability|p2a: Dugtrio|Tangling Hair\n|-unboost|p1a: Brute Bonnet|spe|1\n|faint|p2a: Dugtrio\n|\n|-heal|p1a: Brute Bonnet|157/309|[from] item: Leftovers\n|upkeep\n|\n|t:|1781376287\n|switch|p2a: Gurdurr|Gurdurr, L85, F|283/283\n|turn|10\n|\n|t:|1781376294\n|-terastallize|p1a: Brute Bonnet|Fighting\n|move|p2a: Gurdurr|Mach Punch|p1a: Brute Bonnet\n|-damage|p1a: Brute Bonnet|109/309\n|move|p1a: Brute Bonnet|Spore|p2a: Gurdurr\n|-status|p2a: Gurdurr|slp|[from] move: Spore\n|\n|-heal|p1a: Brute Bonnet|128/309|[from] item: Leftovers\n|upkeep\n|turn|11\n|\n|t:|1781376308\n|cant|p2a: Gurdurr|slp\n|move|p1a: Brute Bonnet|Close Combat|p2a: Gurdurr\n|-damage|p2a: Gurdurr|180/283 slp\n|-unboost|p1a: Brute Bonnet|def|1\n|-unboost|p1a: Brute Bonnet|spd|1\n|\n|-heal|p1a: Brute Bonnet|147/309|[from] item: Leftovers\n|upkeep\n|turn|12\n|\n|t:|1781376317\n|cant|p2a: Gurdurr|slp\n|move|p1a: Brute Bonnet|Close Combat|p2a: Gurdurr\n|-damage|p2a: Gurdurr|87/283 slp\n|-unboost|p1a: Brute Bonnet|def|1\n|-unboost|p1a: Brute Bonnet|spd|1\n|\n|-heal|p1a: Brute Bonnet|166/309|[from] item: Leftovers\n|upkeep\n|turn|13\n|\n|t:|1781376327\n|-curestatus|p2a: Gurdurr|slp|[msg]\n|move|p2a: Gurdurr|Drain Punch|p1a: Brute Bonnet\n|-damage|p1a: Brute Bonnet|0 fnt\n|-heal|p2a: Gurdurr|170/283|[from] drain|[of] p1a: Brute Bonnet\n|faint|p1a: Brute Bonnet\n|-end|p1a: Brute Bonnet|Protosynthesis|[silent]\n|\n|upkeep\n|\n|t:|1781376355\n|switch|p1a: Ambipom|Ambipom, L84, F|263/263\n|turn|14\n|\n|t:|1781376366\n|move|p1a: Ambipom|Low Kick|p2a: Gurdurr\n|-damage|p2a: Gurdurr|105/283\n|move|p2a: Gurdurr|Drain Punch|p1a: Ambipom\n|-supereffective|p1a: Ambipom\n|-damage|p1a: Ambipom|29/263\n|-heal|p2a: Gurdurr|222/283|[from] drain|[of] p1a: Ambipom\n|\n|upkeep\n|turn|15\n|\n|t:|1781376378\n|move|p2a: Gurdurr|Mach Punch|p1a: Ambipom\n|-supereffective|p1a: Ambipom\n|-damage|p1a: Ambipom|0 fnt\n|faint|p1a: Ambipom\n|\n|upkeep\n|\n|t:|1781376387\n|switch|p1a: Breloom|Breloom, L83, M|235/235\n|turn|16\n|\n|t:|1781376400\n|move|p1a: Breloom|Rock Tomb|p2a: Gurdurr\n|-resisted|p2a: Gurdurr\n|-damage|p2a: Gurdurr|187/283\n|-unboost|p2a: Gurdurr|spe|1\n|-damage|p1a: Breloom|212/235|[from] item: Life Orb\n|move|p2a: Gurdurr|Knock Off|p1a: Breloom\n|-resisted|p1a: Breloom\n|-damage|p1a: Breloom|172/235\n|-enditem|p1a: Breloom|Life Orb|[from] move: Knock Off|[of] p2a: Gurdurr\n|\n|upkeep\n|turn|17\n|\n|t:|1781376435\n|move|p1a: Breloom|Swords Dance|p1a: Breloom\n|-boost|p1a: Breloom|atk|2\n|move|p2a: Gurdurr|Drain Punch|p1a: Breloom\n|-damage|p1a: Breloom|84/235\n|-heal|p2a: Gurdurr|231/283|[from] drain|[of] p1a: Breloom\n|\n|upkeep\n|turn|18\n|\n|t:|1781376453\n|move|p2a: Gurdurr|Mach Punch|p1a: Breloom\n|-damage|p1a: Breloom|33/235\n|move|p1a: Breloom|Bullet Seed|p2a: Gurdurr\n|-damage|p2a: Gurdurr|168/283\n|-damage|p2a: Gurdurr|96/283\n|-hitcount|p2a: Gurdurr|2\n|\n|upkeep\n|turn|19\n|\n|t:|1781376460\n|move|p1a: Breloom|Mach Punch|p2a: Gurdurr\n|-damage|p2a: Gurdurr|0 fnt\n|faint|p2a: Gurdurr\n|\n|upkeep\n|\n|t:|1781376471\n|switch|p2a: Breloom|Breloom, L83, F|235/235\n|turn|20\n|\n|t:|1781376480\n|move|p2a: Breloom|Mach Punch|p1a: Breloom\n|-damage|p1a: Breloom|0 fnt\n|faint|p1a: Breloom\n|-damage|p2a: Breloom|212/235|[from] item: Life Orb\n|\n|upkeep\n|\n|t:|1781376488\n|switch|p1a: Overqwil|Overqwil, L82, F|274/274\n|-ability|p1a: Overqwil|Intimidate|boost\n|-unboost|p2a: Breloom|atk|1\n|turn|21\n|\n|t:|1781376508\n|-terastallize|p2a: Breloom|Fighting\n|move|p1a: Overqwil|Gunk Shot|p2a: Breloom|[miss]\n|-miss|p1a: Overqwil|p2a: Breloom\n|move|p2a: Breloom|Swords Dance|p2a: Breloom\n|-boost|p2a: Breloom|atk|2\n|\n|upkeep\n|turn|22\n|\n|t:|1781376566\n|move|p1a: Overqwil|Gunk Shot|p2a: Breloom|[miss]\n|-miss|p1a: Overqwil|p2a: Breloom\n|move|p2a: Breloom|Rock Tomb|p1a: Overqwil\n|-damage|p1a: Overqwil|115/274\n|-unboost|p1a: Overqwil|spe|1\n|-damage|p2a: Breloom|189/235|[from] item: Life Orb\n|\n|upkeep\n|turn|23\n|\n|t:|1781376578\n|move|p2a: Breloom|Rock Tomb|p1a: Overqwil\n|-damage|p1a: Overqwil|0 fnt\n|faint|p1a: Overqwil\n|-damage|p2a: Breloom|166/235|[from] item: Life Orb\n|\n|upkeep\n|\n|t:|1781376585\n|switch|p1a: Pincurchin|Pincurchin, M|258/258\n|-fieldstart|move: Electric Terrain|[from] ability: Electric Surge|[of] p1a: Pincurchin\n|turn|24\n|\n|t:|1781376615\n|move|p2a: Breloom|Swords Dance|p2a: Breloom\n|-boost|p2a: Breloom|atk|2\n|move|p1a: Pincurchin|Thunderbolt|p2a: Breloom\n|-damage|p2a: Breloom|0 fnt\n|faint|p2a: Breloom\n|\n|upkeep\n|\n|t:|1781376636\n|switch|p2a: Slaking|Slaking, L84, M|389/389\n|turn|25\n|\n|t:|1781376643\n|move|p2a: Slaking|Giga Impact|p1a: Pincurchin\n|-damage|p1a: Pincurchin|80/258\n|-mustrecharge|p2a: Slaking\n|move|p1a: Pincurchin|Toxic Spikes|p2a: Slaking\n|-sidestart|p2: Flamesenpai557|move: Toxic Spikes\n|\n|-heal|p1a: Pincurchin|96/258|[from] item: Leftovers\n|upkeep\n|turn|26\n|\n|t:|1781376652\n|cant|p2a: Slaking|recharge\n|move|p1a: Pincurchin|Thunderbolt|p2a: Slaking\n|-crit|p2a: Slaking\n|-damage|p2a: Slaking|55/389\n|\n|-heal|p1a: Pincurchin|112/258|[from] item: Leftovers\n|upkeep\n|turn|27\n|\n|t:|1781376666\n|switch|p2a: Arceus|Arceus-Ghost, L69|280/280\n|-status|p2a: Arceus|psn\n|move|p1a: Pincurchin|Recover|p1a: Pincurchin\n|-heal|p1a: Pincurchin|241/258\n|\n|-heal|p1a: Pincurchin|257/258|[from] item: Leftovers\n|-damage|p2a: Arceus|245/280 psn|[from] psn\n|upkeep\n|turn|28\n|\n|t:|1781376684\n|move|p2a: Arceus|Judgment|p1a: Pincurchin\n|-damage|p1a: Pincurchin|175/258\n|move|p1a: Pincurchin|Thunderbolt|p2a: Arceus\n|-damage|p2a: Arceus|82/280 psn\n|\n|-heal|p1a: Pincurchin|191/258|[from] item: Leftovers\n|-damage|p2a: Arceus|47/280 psn|[from] psn\n|-fieldend|move: Electric Terrain\n|upkeep\n|turn|29\n|j| KidGold2108\n|\n|t:|1781376710\n|move|p2a: Arceus|Focus Blast|p1a: Pincurchin|[miss]\n|-miss|p2a: Arceus|p1a: Pincurchin\n|move|p1a: Pincurchin|Thunderbolt|p2a: Arceus\n|-damage|p2a: Arceus|0 fnt\n|faint|p2a: Arceus\n|\n|-heal|p1a: Pincurchin|207/258|[from] item: Leftovers\n|upkeep\n|\n|t:|1781376720\n|switch|p2a: Slaking|Slaking, L84, M|55/389\n|-status|p2a: Slaking|psn\n|turn|30\n|\n|t:|1781376744\n|move|p2a: Slaking|Earthquake|p1a: Pincurchin\n|-supereffective|p1a: Pincurchin\n|-damage|p1a: Pincurchin|49/258\n|move|p1a: Pincurchin|Recover|p1a: Pincurchin\n|-heal|p1a: Pincurchin|178/258\n|\n|-heal|p1a: Pincurchin|194/258|[from] item: Leftovers\n|-damage|p2a: Slaking|7/389 psn|[from] psn\n|upkeep\n|turn|31\n|\n|t:|1781376754\n|cant|p2a: Slaking|ability: Truant\n|move|p1a: Pincurchin|Recover|p1a: Pincurchin\n|-heal|p1a: Pincurchin|258/258\n|\n|-damage|p2a: Slaking|0 fnt|[from] psn\n|faint|p2a: Slaking\n|\n|win|kaisarian\n", "uploadtime": 1781376765, "views": 6, "formatid": "gen9randombattle", "rating": null, "private": 0, "password": null}