{"id": "gen9randombattle-2631542860", "format": "[Gen 9] Random Battle", "players": ["ukilez012", "LuCk1saSkill"], "log": "|j|\u2606ukilez012\n|j|\u2606LuCk1saSkill\n|t:|1781398983\n|gametype|singles\n|player|p1|ukilez012|170|2121\n|player|p2|LuCk1saSkill|169|2124\n|gen|9\n|tier|[Gen 9] Random Battle\n|rated|\n|rule|Species Clause: Limit one of each Pok\u00e9mon\n|rule|HP Percentage Mod: HP is shown in percentages\n|rule|Sleep Clause Mod: Limit one foe put to sleep\n|rule|Illusion Level Mod: Illusion disguises the Pok\u00e9mon's true level\n|\n|t:|1781398983\n|teamsize|p1|6\n|teamsize|p2|6\n|start\n|switch|p1a: Revavroom|Revavroom, L79, M|256/256\n|switch|p2a: Landorus|Landorus, L75, M|257/257\n|turn|1\n|inactive|Battle timer is ON: inactive players will automatically lose when time's up. (requested by ukilez012)\n|\n|t:|1781398991\n|switch|p1a: Noctowl|Noctowl, L95, F|344/344\n|move|p2a: Landorus|Earth Power|p1a: Noctowl\n|-immune|p1a: Noctowl\n|\n|upkeep\n|turn|2\n|\n|t:|1781399001\n|move|p2a: Landorus|Rock Slide|p1a: Noctowl|[miss]\n|-miss|p2a: Landorus|p1a: Noctowl\n|move|p1a: Noctowl|Calm Mind|p1a: Noctowl\n|-boost|p1a: Noctowl|spa|1\n|-boost|p1a: Noctowl|spd|1\n|\n|upkeep\n|turn|3\n|\n|t:|1781399005\n|move|p2a: Landorus|Rock Slide|p1a: Noctowl\n|-supereffective|p1a: Noctowl\n|-damage|p1a: Noctowl|87/344\n|move|p1a: Noctowl|Hurricane|p2a: Landorus|[miss]\n|-miss|p1a: Noctowl|p2a: Landorus\n|\n|upkeep\n|turn|4\n|\n|t:|1781399027\n|move|p2a: Landorus|Rock Slide|p1a: Noctowl\n|-supereffective|p1a: Noctowl\n|-damage|p1a: Noctowl|0 fnt\n|faint|p1a: Noctowl\n|\n|upkeep\n|\n|t:|1781399029\n|switch|p1a: Gothitelle|Gothitelle, L90, M|272/272\n|turn|5\n|\n|t:|1781399034\n|move|p1a: Gothitelle|Psychic|p2a: Landorus\n|-damage|p2a: Landorus|125/257\n|move|p2a: Landorus|Earth Power|p1a: Gothitelle\n|-damage|p1a: Gothitelle|147/272\n|\n|upkeep\n|turn|6\n|\n|t:|1781399037\n|move|p1a: Gothitelle|Psychic|p2a: Landorus\n|-damage|p2a: Landorus|7/257\n|move|p2a: Landorus|Earth Power|p1a: Gothitelle\n|-damage|p1a: Gothitelle|38/272\n|\n|upkeep\n|turn|7\n|\n|t:|1781399040\n|move|p1a: Gothitelle|Psychic|p2a: Landorus\n|-damage|p2a: Landorus|0 fnt\n|faint|p2a: Landorus\n|\n|upkeep\n|\n|t:|1781399042\n|switch|p2a: Honchkrow|Honchkrow, L86, M|312/312\n|turn|8\n|\n|t:|1781399056\n|switch|p1a: Raichu|Raichu, L88, F|249/249\n|move|p2a: Honchkrow|Heat Wave|p1a: Raichu\n|-damage|p1a: Raichu|177/249\n|\n|upkeep\n|turn|9\n|\n|t:|1781399060\n|switch|p2a: Brute Bonnet|Brute Bonnet, L80|309/309\n|move|p1a: Raichu|Volt Switch|p2a: Brute Bonnet\n|-resisted|p2a: Brute Bonnet\n|-damage|p2a: Brute Bonnet|258/309\n|\n|t:|1781399066\n|switch|p1a: Revavroom|Revavroom, L79, M|256/256|[from] Volt Switch\n|\n|-heal|p2a: Brute Bonnet|277/309|[from] item: Leftovers\n|upkeep\n|turn|10\n|\n|t:|1781399068\n|move|p1a: Revavroom|Gunk Shot|p2a: Brute Bonnet\n|-supereffective|p2a: Brute Bonnet\n|-damage|p2a: Brute Bonnet|0 fnt\n|faint|p2a: Brute Bonnet\n|-end|p2a: Brute Bonnet|Protosynthesis|[silent]\n|-damage|p1a: Revavroom|231/256|[from] item: Life Orb\n|\n|upkeep\n|\n|t:|1781399074\n|switch|p2a: Wugtrio|Wugtrio, L91, M|212/212\n|turn|11\n|\n|t:|1781399078\n|switch|p1a: Gothitelle|Gothitelle, L90, M|38/272\n|move|p2a: Wugtrio|Stomping Tantrum|p1a: Gothitelle\n|-damage|p1a: Gothitelle|0 fnt\n|faint|p1a: Gothitelle\n|\n|upkeep\n|\n|t:|1781399084\n|switch|p1a: Houndstone|Houndstone, L86, M|264/264\n|turn|12\n|\n|t:|1781399086\n|switch|p2a: Cinccino|Cinccino, L83, M|260/260\n|move|p1a: Houndstone|Poltergeist|p2a: Cinccino\n|-immune|p2a: Cinccino\n|\n|upkeep\n|turn|13\n|\n|t:|1781399096\n|move|p2a: Cinccino|Bullet Seed|p1a: Houndstone\n|-damage|p1a: Houndstone|240/264\n|-damage|p1a: Houndstone|214/264\n|-damage|p1a: Houndstone|188/264\n|-damage|p1a: Houndstone|166/264\n|-hitcount|p1a: Houndstone|4\n|move|p1a: Houndstone|Body Press|p2a: Cinccino\n|-supereffective|p2a: Cinccino\n|-damage|p2a: Cinccino|106/260\n|\n|upkeep\n|turn|14\n|\n|t:|1781399102\n|switch|p2a: Honchkrow|Honchkrow, L86, M|312/312\n|move|p1a: Houndstone|Body Press|p2a: Honchkrow\n|-damage|p2a: Honchkrow|227/312\n|\n|upkeep\n|turn|15\n|\n|t:|1781399108\n|move|p2a: Honchkrow|Heat Wave|p1a: Houndstone\n|-damage|p1a: Houndstone|70/264\n|-status|p1a: Houndstone|brn\n|move|p1a: Houndstone|Play Rough|p2a: Honchkrow\n|-supereffective|p2a: Honchkrow\n|-damage|p2a: Honchkrow|137/312\n|\n|-damage|p1a: Houndstone|54/264 brn|[from] brn\n|upkeep\n|turn|16\n|\n|t:|1781399116\n|move|p1a: Houndstone|Shadow Sneak|p2a: Honchkrow\n|-resisted|p2a: Honchkrow\n|-damage|p2a: Honchkrow|120/312\n|move|p2a: Honchkrow|Heat Wave|p1a: Houndstone\n|-damage|p1a: Houndstone|0 fnt\n|faint|p1a: Houndstone\n|-ability|p2a: Honchkrow|Moxie|boost\n|-boost|p2a: Honchkrow|atk|1\n|\n|upkeep\n|\n|t:|1781399119\n|switch|p1a: Raichu|Raichu, L88, F|177/249\n|turn|17\n|\n|t:|1781399121\n|move|p2a: Honchkrow|Sucker Punch|p1a: Raichu\n|-damage|p1a: Raichu|0 fnt\n|faint|p1a: Raichu\n|-ability|p2a: Honchkrow|Moxie|boost\n|-boost|p2a: Honchkrow|atk|1\n|\n|upkeep\n|\n|t:|1781399129\n|switch|p1a: Minun|Minun, L95, M|268/268\n|turn|18\n|\n|t:|1781399132\n|move|p1a: Minun|Thunderbolt|p2a: Honchkrow\n|-supereffective|p2a: Honchkrow\n|-damage|p2a: Honchkrow|0 fnt\n|faint|p2a: Honchkrow\n|-damage|p1a: Minun|242/268|[from] item: Life Orb\n|\n|upkeep\n|\n|t:|1781399136\n|switch|p2a: Cinccino|Cinccino, L83, M|106/260\n|turn|19\n|\n|t:|1781399140\n|move|p2a: Cinccino|Tail Slap|p1a: Minun\n|-damage|p1a: Minun|191/268\n|-damage|p1a: Minun|139/268\n|-damage|p1a: Minun|88/268\n|-damage|p1a: Minun|36/268\n|-damage|p1a: Minun|0 fnt\n|faint|p1a: Minun\n|-hitcount|p1: Minun|5\n|\n|upkeep\n|\n|t:|1781399142\n|switch|p1a: Revavroom|Revavroom, L79, M|231/256\n|turn|20\n|\n|t:|1781399147\n|move|p2a: Cinccino|U-turn|p1a: Revavroom\n|-resisted|p1a: Revavroom\n|-damage|p1a: Revavroom|219/256\n|\n|t:|1781399148\n|switch|p2a: Wugtrio|Wugtrio, L91, M|212/212|[from] U-turn\n|move|p1a: Revavroom|Shift Gear|p1a: Revavroom\n|-boost|p1a: Revavroom|spe|2\n|-boost|p1a: Revavroom|atk|1\n|\n|upkeep\n|turn|21\n|\n|t:|1781399154\n|switch|p2a: Cinccino|Cinccino, L83, M|106/260\n|move|p1a: Revavroom|Gunk Shot|p2a: Cinccino\n|-damage|p2a: Cinccino|0 fnt\n|faint|p2a: Cinccino\n|-damage|p1a: Revavroom|194/256|[from] item: Life Orb\n|\n|upkeep\n|\n|t:|1781399155\n|switch|p2a: Wugtrio|Wugtrio, L91, M|212/212\n|turn|22\n|\n|t:|1781399160\n|-terastallize|p2a: Wugtrio|Ground\n|move|p1a: Revavroom|Gunk Shot|p2a: Wugtrio|[miss]\n|-miss|p1a: Revavroom|p2a: Wugtrio\n|move|p2a: Wugtrio|Liquidation|p1a: Revavroom\n|-damage|p1a: Revavroom|19/256\n|\n|upkeep\n|turn|23\n|\n|t:|1781399165\n|-terastallize|p1a: Revavroom|Ground\n|move|p1a: Revavroom|High Horsepower|p2a: Wugtrio\n|-damage|p2a: Wugtrio|0 fnt\n|-ability|p2a: Wugtrio|Gooey\n|-unboost|p1a: Revavroom|spe|1\n|faint|p2a: Wugtrio\n|-damage|p1a: Revavroom|0 fnt|[from] item: Life Orb\n|faint|p1a: Revavroom\n|\n|win|LuCk1saSkill\n", "uploadtime": 1781398984, "views": 4, "formatid": "gen9randombattle", "rating": null, "private": 0, "password": null}