{"id": "gen9randombattle-2631864569", "format": "[Gen 9] Random Battle", "players": ["Lord Stantler", "psongla"], "log": "|j|\u2606Lord Stantler\n|j|\u2606psongla\n|t:|1781449641\n|gametype|singles\n|player|p1|Lord Stantler|169|1966\n|player|p2|psongla|2|1908\n|gen|9\n|tier|[Gen 9] Random Battle\n|rated|\n|rule|Species Clause: Limit one of each Pok\u00e9mon\n|rule|HP Percentage Mod: HP is shown in percentages\n|rule|Sleep Clause Mod: Limit one foe put to sleep\n|rule|Illusion Level Mod: Illusion disguises the Pok\u00e9mon's true level\n|\n|t:|1781449641\n|teamsize|p1|6\n|teamsize|p2|6\n|start\n|switch|p1a: Iron Bundle|Iron Bundle, L78|215/215\n|switch|p2a: Virizion|Virizion, L82|283/283\n|turn|1\n|inactive|Battle timer is ON: inactive players will automatically lose when time's up. (requested by Lord Stantler)\n|\n|t:|1781449669\n|move|p1a: Iron Bundle|Ice Beam|p2a: Virizion\n|-supereffective|p2a: Virizion\n|-damage|p2a: Virizion|65/283\n|move|p2a: Virizion|Close Combat|p1a: Iron Bundle\n|-supereffective|p1a: Iron Bundle\n|-damage|p1a: Iron Bundle|0 fnt\n|-unboost|p2a: Virizion|def|1\n|-unboost|p2a: Virizion|spd|1\n|faint|p1a: Iron Bundle\n|-end|p1a: Iron Bundle|Quark Drive|[silent]\n|-damage|p2a: Virizion|37/283|[from] item: Life Orb\n|\n|upkeep\n|\n|t:|1781449682\n|switch|p1a: Espathra|Espathra, L80, M|283/283\n|turn|2\n|\n|t:|1781449695\n|switch|p2a: Kingambit|Kingambit, L74, M|270/270\n|move|p1a: Espathra|U-turn|p2a: Kingambit\n|-damage|p2a: Kingambit|239/270\n|\n|t:|1781449698\n|switch|p1a: Rhyperior|Rhyperior, L82, M|323/323|[from] U-turn\n|\n|-heal|p2a: Kingambit|255/270|[from] item: Leftovers\n|upkeep\n|turn|3\n|\n|t:|1781449707\n|-end|p2a: Kingambit|fallenundefined|[silent]\n|switch|p2a: Whimsicott|Whimsicott, L84, M|238/238\n|move|p1a: Rhyperior|Earthquake|p2a: Whimsicott\n|-resisted|p2a: Whimsicott\n|-crit|p2a: Whimsicott\n|-damage|p2a: Whimsicott|128/238\n|\n|upkeep\n|turn|4\n|\n|t:|1781449724\n|switch|p1a: Espathra|Espathra, L80, M|283/283\n|move|p2a: Whimsicott|U-turn|p1a: Espathra\n|-supereffective|p1a: Espathra\n|-damage|p1a: Espathra|173/283\n|\n|t:|1781449733\n|switch|p2a: Kingambit|Kingambit, L74, M|255/270|[from] U-turn\n|\n|-heal|p2a: Kingambit|270/270|[from] item: Leftovers\n|upkeep\n|turn|5\n|\n|t:|1781449751\n|switch|p1a: Primarina|Primarina, L83, F|268/268\n|move|p2a: Kingambit|Kowtow Cleave|p1a: Primarina\n|-resisted|p1a: Primarina\n|-damage|p1a: Primarina|217/268\n|\n|-heal|p1a: Primarina|233/268|[from] item: Leftovers\n|upkeep\n|turn|6\n|\n|t:|1781449764\n|-end|p2a: Kingambit|fallenundefined|[silent]\n|switch|p2a: Whimsicott|Whimsicott, L84, M|128/238\n|move|p1a: Primarina|Psychic Noise|p2a: Whimsicott\n|-resisted|p2a: Whimsicott\n|-damage|p2a: Whimsicott|70/238\n|-start|p2a: Whimsicott|move: Heal Block\n|\n|-heal|p1a: Primarina|249/268|[from] item: Leftovers\n|upkeep\n|turn|7\n|inactive|psongla has 120 seconds left.\n|\n|t:|1781449796\n|move|p2a: Whimsicott|Stun Spore|p1a: Primarina\n|-status|p1a: Primarina|par\n|move|p1a: Primarina|Moonblast|p2a: Whimsicott\n|-damage|p2a: Whimsicott|0 fnt\n|faint|p2a: Whimsicott\n|\n|-heal|p1a: Primarina|265/268 par|[from] item: Leftovers\n|upkeep\n|\n|t:|1781449807\n|switch|p2a: Virizion|Virizion, L82|37/283\n|turn|8\n|\n|t:|1781449811\n|move|p2a: Virizion|Leaf Blade|p1a: Primarina\n|-supereffective|p1a: Primarina\n|-damage|p1a: Primarina|0 fnt\n|faint|p1a: Primarina\n|-damage|p2a: Virizion|9/283|[from] item: Life Orb\n|\n|upkeep\n|\n|t:|1781449818\n|switch|p1a: Squawkabilly|Squawkabilly-White, L89, M|291/291\n|turn|9\n|\n|t:|1781449823\n|switch|p2a: Banette|Banette, L93, F|270/270\n|move|p1a: Squawkabilly|Quick Attack|p2a: Banette\n|-immune|p2a: Banette\n|\n|upkeep\n|turn|10\n|\n|t:|1781449836\n|move|p1a: Squawkabilly|Parting Shot|p2a: Banette\n|-unboost|p2a: Banette|atk|1\n|-unboost|p2a: Banette|spa|1\n|\n|t:|1781449839\n|switch|p1a: Rhyperior|Rhyperior, L82, M|323/323|[from] Parting Shot\n|move|p2a: Banette|Swords Dance|p2a: Banette\n|-boost|p2a: Banette|atk|2\n|\n|upkeep\n|turn|11\n|\n|t:|1781449847\n|move|p2a: Banette|Poltergeist|p1a: Rhyperior\n|-activate|p1a: Rhyperior|move: Poltergeist|Assault Vest\n|-damage|p1a: Rhyperior|99/323\n|-damage|p2a: Banette|243/270|[from] item: Life Orb\n|move|p1a: Rhyperior|Dragon Tail|p2a: Banette|[miss]\n|-miss|p1a: Rhyperior|p2a: Banette\n|\n|upkeep\n|turn|12\n|\n|t:|1781449855\n|switch|p1a: Squawkabilly|Squawkabilly-White, L89, M|291/291\n|move|p2a: Banette|Poltergeist|p1a: Squawkabilly\n|-immune|p1a: Squawkabilly\n|\n|upkeep\n|turn|13\n|\n|t:|1781449866\n|switch|p2a: Kingambit|Kingambit, L74, M|270/270\n|-activate|p2a: Kingambit|ability: Supreme Overlord\n|-start|p2a: Kingambit|fallen1|[silent]\n|move|p1a: Squawkabilly|Foul Play|p2a: Kingambit|[miss]\n|-miss|p1a: Squawkabilly|p2a: Kingambit\n|\n|upkeep\n|turn|14\n|\n|t:|1781449876\n|move|p1a: Squawkabilly|Parting Shot|p2a: Kingambit\n|-unboost|p2a: Kingambit|atk|1\n|-unboost|p2a: Kingambit|spa|1\n|\n|t:|1781449879\n|switch|p1a: Rhyperior|Rhyperior, L82, M|99/323|[from] Parting Shot\n|move|p2a: Kingambit|Kowtow Cleave|p1a: Rhyperior\n|-damage|p1a: Rhyperior|48/323\n|\n|upkeep\n|turn|15\n|\n|t:|1781449890\n|move|p2a: Kingambit|Iron Head|p1a: Rhyperior\n|-supereffective|p1a: Rhyperior\n|-damage|p1a: Rhyperior|0 fnt\n|faint|p1a: Rhyperior\n|\n|upkeep\n|\n|t:|1781449894\n|switch|p1a: Reuniclus|Reuniclus, L88, F|337/337\n|turn|16\n|\n|t:|1781449907\n|-end|p2a: Kingambit|fallen1|[silent]\n|switch|p2a: Gouging Fire|Gouging Fire, L74|277/277\n|-terastallize|p1a: Reuniclus|Fighting\n|move|p1a: Reuniclus|Calm Mind|p1a: Reuniclus\n|-boost|p1a: Reuniclus|spa|1\n|-boost|p1a: Reuniclus|spd|1\n|\n|upkeep\n|turn|17\n|\n|t:|1781449920\n|move|p2a: Gouging Fire|Outrage|p1a: Reuniclus\n|-damage|p1a: Reuniclus|220/337\n|move|p1a: Reuniclus|Psyshock|p2a: Gouging Fire\n|-damage|p2a: Gouging Fire|69/277\n|\n|upkeep\n|turn|18\n|\n|t:|1781449924\n|move|p2a: Gouging Fire|Outrage|p1a: Reuniclus|[from] lockedmove\n|-damage|p1a: Reuniclus|97/337\n|-start|p2a: Gouging Fire|confusion|[fatigue]\n|move|p1a: Reuniclus|Recover|p1a: Reuniclus\n|-heal|p1a: Reuniclus|266/337\n|\n|upkeep\n|turn|19\n|\n|t:|1781449937\n|-activate|p2a: Gouging Fire|confusion\n|-damage|p2a: Gouging Fire|48/277|[from] confusion\n|move|p1a: Reuniclus|Psyshock|p2a: Gouging Fire\n|-damage|p2a: Gouging Fire|0 fnt\n|faint|p2a: Gouging Fire\n|-end|p2a: Gouging Fire|Protosynthesis|[silent]\n|\n|upkeep\n|\n|t:|1781449959\n|switch|p2a: Virizion|Virizion, L82|9/283\n|turn|20\n|\n|t:|1781449967\n|move|p2a: Virizion|Swords Dance|p2a: Virizion\n|-boost|p2a: Virizion|atk|2\n|move|p1a: Reuniclus|Recover|p1a: Reuniclus\n|-heal|p1a: Reuniclus|337/337\n|\n|upkeep\n|turn|21\n|\n|t:|1781449971\n|switch|p1a: Espathra|Espathra, L80, M|173/283\n|move|p2a: Virizion|Close Combat|p1a: Espathra\n|-resisted|p1a: Espathra\n|-damage|p1a: Espathra|0 fnt\n|-unboost|p2a: Virizion|def|1\n|-unboost|p2a: Virizion|spd|1\n|faint|p1a: Espathra\n|-damage|p2a: Virizion|0 fnt|[from] item: Life Orb\n|faint|p2a: Virizion\n|\n|upkeep\n|\n|t:|1781449983\n|switch|p2a: Banette|Banette, L93, F|243/270\n|switch|p1a: Squawkabilly|Squawkabilly-White, L89, M|291/291\n|turn|22\n|\n|t:|1781450001\n|switch|p2a: Kingambit|Kingambit, L74, M|270/270\n|-activate|p2a: Kingambit|ability: Supreme Overlord\n|-start|p2a: Kingambit|fallen3|[silent]\n|move|p1a: Squawkabilly|Foul Play|p2a: Kingambit\n|-resisted|p2a: Kingambit\n|-damage|p2a: Kingambit|217/270\n|\n|-heal|p2a: Kingambit|233/270|[from] item: Leftovers\n|upkeep\n|turn|23\n|\n|t:|1781450015\n|move|p1a: Squawkabilly|Parting Shot|p2a: Kingambit\n|-unboost|p2a: Kingambit|atk|1\n|-unboost|p2a: Kingambit|spa|1\n|\n|t:|1781450016\n|switch|p1a: Reuniclus|Reuniclus, L88, F, tera:Fighting|337/337|[from] Parting Shot\n|move|p2a: Kingambit|Swords Dance|p2a: Kingambit\n|-boost|p2a: Kingambit|atk|2\n|\n|-heal|p2a: Kingambit|249/270|[from] item: Leftovers\n|upkeep\n|turn|24\n|\n|t:|1781450046\n|-terastallize|p2a: Kingambit|Flying\n|move|p2a: Kingambit|Iron Head|p1a: Reuniclus\n|-damage|p1a: Reuniclus|168/337\n|cant|p1a: Reuniclus|flinch\n|\n|-heal|p2a: Kingambit|265/270|[from] item: Leftovers\n|upkeep\n|turn|25\n|\n|t:|1781450055\n|move|p2a: Kingambit|Iron Head|p1a: Reuniclus\n|-damage|p1a: Reuniclus|0 fnt\n|faint|p1a: Reuniclus\n|\n|-heal|p2a: Kingambit|270/270|[from] item: Leftovers\n|upkeep\n|\n|t:|1781450062\n|switch|p1a: Squawkabilly|Squawkabilly-White, L89, M|291/291\n|turn|26\n|\n|t:|1781450071\n|move|p1a: Squawkabilly|Foul Play|p2a: Kingambit\n|-damage|p2a: Kingambit|116/270\n|move|p2a: Kingambit|Kowtow Cleave|p1a: Squawkabilly\n|-damage|p1a: Squawkabilly|41/291\n|\n|-heal|p2a: Kingambit|132/270|[from] item: Leftovers\n|upkeep\n|turn|27\n|\n|t:|1781450079\n|move|p1a: Squawkabilly|Quick Attack|p2a: Kingambit\n|-damage|p2a: Kingambit|68/270\n|move|p2a: Kingambit|Sucker Punch||[still]\n|-fail|p2a: Kingambit\n|\n|-heal|p2a: Kingambit|84/270|[from] item: Leftovers\n|upkeep\n|turn|28\n|\n|t:|1781450086\n|move|p1a: Squawkabilly|Foul Play|p2a: Kingambit\n|-damage|p2a: Kingambit|0 fnt\n|faint|p2a: Kingambit\n|-end|p2a: Kingambit|fallen3|[silent]\n|\n|upkeep\n|\n|t:|1781450089\n|switch|p2a: Pyroar|Pyroar, L88, M|295/295\n|-ability|p2a: Pyroar|Unnerve\n|turn|29\n|\n|t:|1781450095\n|move|p1a: Squawkabilly|Quick Attack|p2a: Pyroar\n|-damage|p2a: Pyroar|219/295\n|move|p2a: Pyroar|Hyper Voice|p1a: Squawkabilly\n|-damage|p1a: Squawkabilly|0 fnt\n|faint|p1a: Squawkabilly\n|\n|win|psongla\n", "uploadtime": 1781449643, "views": 3, "formatid": "gen9randombattle", "rating": null, "private": 0, "password": null}