{"id": "gen9randombattle-2631502591", "format": "[Gen 9] Random Battle", "players": ["monrayhudson", "spikylala"], "log": "|j|\u2606monrayhudson\n|j|\u2606spikylala\n|t:|1781393318\n|gametype|singles\n|player|p1|monrayhudson|blue|1944\n|player|p2|spikylala|1|1920\n|gen|9\n|tier|[Gen 9] Random Battle\n|rated|\n|rule|Species Clause: Limit one of each Pok\u00e9mon\n|rule|HP Percentage Mod: HP is shown in percentages\n|rule|Sleep Clause Mod: Limit one foe put to sleep\n|rule|Illusion Level Mod: Illusion disguises the Pok\u00e9mon's true level\n|\n|t:|1781393318\n|teamsize|p1|6\n|teamsize|p2|6\n|start\n|switch|p1a: Toucannon|Toucannon, L88, M|284/284\n|switch|p2a: Lucario|Lucario, L84, M|255/255\n|turn|1\n|inactive|Battle timer is ON: inactive players will automatically lose when time's up. (requested by monrayhudson)\n|\n|t:|1781393324\n|-singleturn|p1a: Toucannon|move: Beak Blast\n|move|p2a: Lucario|Nasty Plot|p2a: Lucario\n|-boost|p2a: Lucario|spa|2\n|move|p1a: Toucannon|Beak Blast|p2a: Lucario\n|-damage|p2a: Lucario|92/255\n|\n|upkeep\n|turn|2\n|\n|t:|1781393333\n|-terastallize|p2a: Lucario|Fighting\n|-singleturn|p1a: Toucannon|move: Beak Blast\n|move|p2a: Lucario|Aura Sphere|p1a: Toucannon\n|-damage|p1a: Toucannon|0 fnt\n|faint|p1a: Toucannon\n|-damage|p2a: Lucario|67/255|[from] item: Life Orb\n|\n|upkeep\n|\n|t:|1781393343\n|switch|p1a: Entei|Entei, L78|307/307\n|turn|3\n|\n|t:|1781393367\n|switch|p2a: Indeedee|Indeedee, L84, M|238/238\n|-fieldstart|move: Psychic Terrain|[from] ability: Psychic Surge|[of] p2a: Indeedee\n|move|p1a: Entei|Flare Blitz|p2a: Indeedee\n|-damage|p2a: Indeedee|0 fnt\n|faint|p2a: Indeedee\n|-damage|p1a: Entei|228/307|[from] Recoil\n|\n|upkeep\n|\n|t:|1781393375\n|switch|p2a: Lycanroc|Lycanroc, L86, M|269/269\n|turn|4\n|\n|t:|1781393379\n|switch|p1a: Palossand|Palossand, L89, M|296/296\n|move|p2a: Lycanroc|Stealth Rock|p1a: Palossand\n|-sidestart|p1: monrayhudson|move: Stealth Rock\n|\n|upkeep\n|turn|5\n|\n|t:|1781393392\n|switch|p2a: Lugia|Lugia, L73|275/275\n|move|p1a: Palossand|Stealth Rock|p2a: Lugia\n|-sidestart|p2: spikylala|move: Stealth Rock\n|\n|upkeep\n|turn|6\n|inactive|spikylala has 120 seconds left.\n|inactive|spikylala has 90 seconds left.\n|inactive|spikylala has 60 seconds left.\n|\n|t:|1781393501\n|switch|p2a: Lycanroc|Lycanroc, L86, M|269/269\n|-damage|p2a: Lycanroc|236/269|[from] Stealth Rock\n|move|p1a: Palossand|Shadow Ball|p2a: Lycanroc\n|-damage|p2a: Lycanroc|119/269\n|\n|upkeep\n|turn|7\n|l|\u2606spikylala\n|inactive|spikylala disconnected and has a minute to reconnect!\n|player|p2|\n|inactive|spikylala has 30 seconds left.\n|inactive|spikylala has 20 seconds left.\n|inactive|spikylala has 15 seconds left.\n|inactive|spikylala has 10 seconds left.\n|inactive|spikylala has 5 seconds left.\n|-message|spikylala lost due to inactivity.\n|\n|win|monrayhudson\n", "uploadtime": 1781393320, "views": 3, "formatid": "gen9randombattle", "rating": null, "private": 0, "password": null}