{"id": "gen9randombattle-2631854654", "format": "[Gen 9] Random Battle", "players": ["RushedRedemption", "mechroape"], "log": "|j|\u2606RushedRedemption\n|j|\u2606mechroape\n|t:|1781448499\n|gametype|singles\n|player|p1|RushedRedemption|nemona-v|1952\n|player|p2|mechroape|brycen|1988\n|gen|9\n|tier|[Gen 9] Random Battle\n|rated|\n|rule|Species Clause: Limit one of each Pok\u00e9mon\n|rule|HP Percentage Mod: HP is shown in percentages\n|rule|Sleep Clause Mod: Limit one foe put to sleep\n|rule|Illusion Level Mod: Illusion disguises the Pok\u00e9mon's true level\n|\n|t:|1781448499\n|teamsize|p1|6\n|teamsize|p2|6\n|start\n|switch|p1a: Iron Thorns|Iron Thorns, L83|302/302\n|switch|p2a: Iron Moth|Iron Moth, L78|253/253\n|-item|p1a: Iron Thorns|Air Balloon\n|turn|1\n|inactive|Battle timer is ON: inactive players will automatically lose when time's up. (requested by mechroape)\n|\n|t:|1781448514\n|-end|p2a: Iron Moth|Quark Drive|[silent]\n|switch|p2a: Gothitelle|Gothitelle, L90, F|272/272\n|move|p1a: Iron Thorns|Stone Edge|p2a: Gothitelle|[miss]\n|-miss|p1a: Iron Thorns|p2a: Gothitelle\n|\n|upkeep\n|turn|2\n|\n|t:|1781448528\n|move|p2a: Gothitelle|Psychic Noise|p1a: Iron Thorns\n|-damage|p1a: Iron Thorns|211/302\n|-start|p1a: Iron Thorns|move: Heal Block\n|-enditem|p1a: Iron Thorns|Air Balloon\n|move|p1a: Iron Thorns|Wild Charge|p2a: Gothitelle\n|-damage|p2a: Gothitelle|157/272\n|-damage|p1a: Iron Thorns|182/302|[from] Recoil\n|\n|-heal|p2a: Gothitelle|174/272|[from] item: Leftovers\n|upkeep\n|turn|3\n|\n|t:|1781448534\n|move|p2a: Gothitelle|Psychic Noise|p1a: Iron Thorns\n|-damage|p1a: Iron Thorns|86/302\n|move|p1a: Iron Thorns|Ice Punch|p2a: Gothitelle\n|-damage|p2a: Gothitelle|115/272\n|\n|-heal|p2a: Gothitelle|132/272|[from] item: Leftovers\n|-end|p1a: Iron Thorns|move: Heal Block\n|upkeep\n|turn|4\n|\n|t:|1781448541\n|move|p2a: Gothitelle|Psychic Noise|p1a: Iron Thorns\n|-damage|p1a: Iron Thorns|0 fnt\n|faint|p1a: Iron Thorns\n|-end|p1a: Iron Thorns|Quark Drive|[silent]\n|\n|-heal|p2a: Gothitelle|149/272|[from] item: Leftovers\n|upkeep\n|\n|t:|1781448548\n|switch|p1a: Quaquaval|Quaquaval, L79, M|264/264\n|turn|5\n|\n|t:|1781448554\n|move|p1a: Quaquaval|Knock Off|p2a: Gothitelle\n|-supereffective|p2a: Gothitelle\n|-damage|p2a: Gothitelle|0 fnt\n|-enditem|p2a: Gothitelle|Leftovers|[from] move: Knock Off|[of] p1a: Quaquaval\n|faint|p2a: Gothitelle\n|-ability|p1a: Quaquaval|Moxie|boost\n|-boost|p1a: Quaquaval|atk|1\n|\n|upkeep\n|\n|t:|1781448561\n|switch|p2a: Vivillon|Vivillon-Sandstorm, L83, M|268/268\n|turn|6\n|\n|t:|1781448578\n|switch|p1a: Torkoal|Torkoal, L88, F|266/266\n|-weather|SunnyDay|[from] ability: Drought|[of] p1a: Torkoal\n|move|p2a: Vivillon|Hurricane|p1a: Torkoal|[miss]\n|-miss|p2a: Vivillon|p1a: Torkoal\n|\n|-weather|SunnyDay|[upkeep]\n|upkeep\n|turn|7\n|\n|t:|1781448587\n|move|p2a: Vivillon|Sleep Powder|p1a: Torkoal\n|-status|p1a: Torkoal|slp|[from] move: Sleep Powder\n|cant|p1a: Torkoal|slp\n|\n|-weather|SunnyDay|[upkeep]\n|upkeep\n|turn|8\n|\n|t:|1781448593\n|switch|p2a: Mamoswine|Mamoswine, L81, F|311/311\n|switch|p1a: Scovillain|Scovillain, L91, F|266/266\n|\n|-weather|SunnyDay|[upkeep]\n|upkeep\n|turn|9\n|\n|t:|1781448603\n|switch|p2a: Dipplin|Dipplin, L88, F|284/284\n|move|p1a: Scovillain|Flamethrower|p2a: Dipplin\n|-crit|p2a: Dipplin\n|-damage|p2a: Dipplin|91/284\n|\n|-weather|SunnyDay|[upkeep]\n|upkeep\n|turn|10\n|\n|t:|1781448630\n|move|p2a: Dipplin|Sucker Punch|p1a: Scovillain\n|-damage|p1a: Scovillain|214/266\n|move|p1a: Scovillain|Flamethrower|p2a: Dipplin\n|-damage|p2a: Dipplin|0 fnt\n|faint|p2a: Dipplin\n|\n|-weather|none\n|-heal|p1a: Scovillain|230/266|[from] item: Leftovers\n|upkeep\n|\n|t:|1781448640\n|switch|p2a: Iron Moth|Iron Moth, L78|253/253\n|turn|11\n|\n|t:|1781448649\n|switch|p1a: Milotic|Milotic, L83, M|293/293\n|move|p2a: Iron Moth|Sludge Wave|p1a: Milotic\n|-damage|p1a: Milotic|200/293\n|\n|-heal|p1a: Milotic|218/293|[from] item: Leftovers\n|upkeep\n|turn|12\n|\n|t:|1781448662\n|move|p2a: Iron Moth|Energy Ball|p1a: Milotic\n|-supereffective|p1a: Milotic\n|-damage|p1a: Milotic|98/293\n|-unboost|p1a: Milotic|spd|1\n|-ability|p1a: Milotic|Competitive|boost\n|-boost|p1a: Milotic|spa|2\n|move|p1a: Milotic|Scald|p2a: Iron Moth\n|-supereffective|p2a: Iron Moth\n|-damage|p2a: Iron Moth|0 fnt\n|faint|p2a: Iron Moth\n|-end|p2a: Iron Moth|Quark Drive|[silent]\n|\n|-heal|p1a: Milotic|116/293|[from] item: Leftovers\n|upkeep\n|\n|t:|1781448673\n|switch|p2a: Vivillon|Vivillon-Sandstorm, L83, M|268/268\n|turn|13\n|\n|t:|1781448684\n|move|p2a: Vivillon|Hurricane|p1a: Milotic\n|-damage|p1a: Milotic|0 fnt\n|faint|p1a: Milotic\n|\n|upkeep\n|\n|t:|1781448696\n|switch|p1a: Dragonite|Dragonite, L74, M|257/257\n|turn|14\n|\n|t:|1781448705\n|move|p2a: Vivillon|Hurricane|p1a: Dragonite\n|-damage|p1a: Dragonite|203/257\n|-start|p1a: Dragonite|confusion\n|-activate|p1a: Dragonite|confusion\n|move|p1a: Dragonite|Dragon Dance|p1a: Dragonite\n|-boost|p1a: Dragonite|atk|1\n|-boost|p1a: Dragonite|spe|1\n|\n|upkeep\n|turn|15\n|\n|t:|1781448722\n|-terastallize|p2a: Vivillon|Steel\n|-end|p1a: Dragonite|confusion\n|move|p1a: Dragonite|Outrage|p2a: Vivillon\n|-resisted|p2a: Vivillon\n|-damage|p2a: Vivillon|137/268\n|move|p2a: Vivillon|Quiver Dance|p2a: Vivillon\n|-boost|p2a: Vivillon|spa|1\n|-boost|p2a: Vivillon|spd|1\n|-boost|p2a: Vivillon|spe|1\n|\n|upkeep\n|turn|16\n|\n|t:|1781448732\n|move|p2a: Vivillon|Hurricane|p1a: Dragonite\n|-damage|p1a: Dragonite|37/257\n|move|p1a: Dragonite|Outrage|p2a: Vivillon|[from] lockedmove\n|-resisted|p2a: Vivillon\n|-damage|p2a: Vivillon|0 fnt\n|faint|p2a: Vivillon\n|-start|p1a: Dragonite|confusion|[fatigue]\n|\n|upkeep\n|\n|t:|1781448741\n|switch|p2a: Mamoswine|Mamoswine, L81, F|311/311\n|turn|17\n|\n|t:|1781448748\n|move|p2a: Mamoswine|Ice Shard|p1a: Dragonite\n|-supereffective|p1a: Dragonite\n|-damage|p1a: Dragonite|0 fnt\n|faint|p1a: Dragonite\n|-damage|p2a: Mamoswine|280/311|[from] item: Life Orb\n|\n|upkeep\n|\n|t:|1781448751\n|switch|p1a: Quaquaval|Quaquaval, L79, M|264/264\n|turn|18\n|\n|t:|1781448756\n|move|p1a: Quaquaval|Aqua Step|p2a: Mamoswine\n|-supereffective|p2a: Mamoswine\n|-damage|p2a: Mamoswine|0 fnt\n|-boost|p1a: Quaquaval|spe|1\n|faint|p2a: Mamoswine\n|-ability|p1a: Quaquaval|Moxie|boost\n|-boost|p1a: Quaquaval|atk|1\n|\n|upkeep\n|\n|t:|1781448758\n|switch|p2a: Cinderace|Cinderace, L77, F|249/249\n|turn|19\n|\n|t:|1781448760\n|move|p1a: Quaquaval|Aqua Step|p2a: Cinderace\n|-supereffective|p2a: Cinderace\n|-damage|p2a: Cinderace|0 fnt\n|-boost|p1a: Quaquaval|spe|1\n|faint|p2a: Cinderace\n|\n|win|RushedRedemption\n", "uploadtime": 1781448502, "views": 3, "formatid": "gen9randombattle", "rating": null, "private": 0, "password": null}