{"id": "gen9randombattle-2632002403", "format": "[Gen 9] Random Battle", "players": ["furret waaaaaaaalk", "peypey818"], "log": "|j|\u2606furret waaaaaaaalk\n|j|\u2606peypey818\n|t:|1781464751\n|gametype|singles\n|player|p1|furret waaaaaaaalk|265|1309\n|player|p2|peypey818|acetrainersnow|1342\n|gen|9\n|tier|[Gen 9] Random Battle\n|rated|\n|rule|Species Clause: Limit one of each Pok\u00e9mon\n|rule|HP Percentage Mod: HP is shown in percentages\n|rule|Sleep Clause Mod: Limit one foe put to sleep\n|rule|Illusion Level Mod: Illusion disguises the Pok\u00e9mon's true level\n|\n|t:|1781464751\n|teamsize|p1|6\n|teamsize|p2|6\n|start\n|switch|p1a: Cacturne|Cacturne, L92, M|278/278\n|switch|p2a: Cetitan|Cetitan, L82, F|412/412\n|turn|1\n|\n|t:|1781464769\n|switch|p1a: Infernape|Infernape, L82, M|259/259\n|move|p2a: Cetitan|Belly Drum|p2a: Cetitan\n|-damage|p2a: Cetitan|206/412\n|-setboost|p2a: Cetitan|atk|6|[from] move: Belly Drum\n|-enditem|p2a: Cetitan|Sitrus Berry|[eat]\n|-heal|p2a: Cetitan|309/412|[from] item: Sitrus Berry\n|\n|upkeep\n|turn|2\n|\n|t:|1781464784\n|move|p1a: Infernape|Overheat|p2a: Cetitan\n|-supereffective|p2a: Cetitan\n|-damage|p2a: Cetitan|59/412\n|-unboost|p1a: Infernape|spa|2\n|-damage|p1a: Infernape|234/259|[from] item: Life Orb\n|move|p2a: Cetitan|Earthquake|p1a: Infernape\n|-supereffective|p1a: Infernape\n|-damage|p1a: Infernape|0 fnt\n|faint|p1a: Infernape\n|\n|upkeep\n|\n|t:|1781464800\n|switch|p1a: Moltres|Moltres-Galar, L79|271/271\n|turn|3\n|\n|t:|1781464808\n|move|p2a: Cetitan|Ice Shard|p1a: Moltres\n|-supereffective|p1a: Moltres\n|-damage|p1a: Moltres|0 fnt\n|faint|p1a: Moltres\n|\n|upkeep\n|\n|t:|1781464812\n|switch|p1a: Regieleki|Regieleki, L79|256/256\n|turn|4\n|\n|t:|1781464818\n|move|p2a: Cetitan|Ice Shard|p1a: Regieleki\n|-damage|p1a: Regieleki|0 fnt\n|faint|p1a: Regieleki\n|\n|upkeep\n|\n|t:|1781464822\n|switch|p1a: Volcanion|Volcanion, L79|256/256\n|turn|5\n|\n|t:|1781464828\n|move|p2a: Cetitan|Earthquake|p1a: Volcanion\n|-supereffective|p1a: Volcanion\n|-damage|p1a: Volcanion|0 fnt\n|faint|p1a: Volcanion\n|\n|upkeep\n|\n|t:|1781464830\n|switch|p1a: Cetitan|Cetitan, L82, F|412/412\n|turn|6\n|\n|t:|1781464837\n|move|p1a: Cetitan|Earthquake|p2a: Cetitan\n|-damage|p2a: Cetitan|0 fnt\n|faint|p2a: Cetitan\n|\n|upkeep\n|\n|t:|1781464847\n|switch|p2a: Torkoal|Torkoal, L88, M|266/266\n|-weather|SunnyDay|[from] ability: Drought|[of] p2a: Torkoal\n|turn|7\n|\n|t:|1781464857\n|-terastallize|p1a: Cetitan|Ice\n|move|p1a: Cetitan|Belly Drum|p1a: Cetitan\n|-damage|p1a: Cetitan|206/412\n|-setboost|p1a: Cetitan|atk|6|[from] move: Belly Drum\n|-enditem|p1a: Cetitan|Sitrus Berry|[eat]\n|-heal|p1a: Cetitan|309/412|[from] item: Sitrus Berry\n|move|p2a: Torkoal|Fire Blast|p1a: Cetitan\n|-supereffective|p1a: Cetitan\n|-damage|p1a: Cetitan|69/412\n|\n|-weather|SunnyDay|[upkeep]\n|upkeep\n|turn|8\n|\n|t:|1781464872\n|move|p1a: Cetitan|Earthquake|p2a: Torkoal\n|-supereffective|p2a: Torkoal\n|-damage|p2a: Torkoal|0 fnt\n|faint|p2a: Torkoal\n|\n|-weather|SunnyDay|[upkeep]\n|upkeep\n|\n|t:|1781464886\n|switch|p2a: Staraptor|Staraptor, L79, F|263/263\n|turn|9\n|\n|t:|1781464898\n|move|p1a: Cetitan|Ice Shard|p2a: Staraptor\n|-supereffective|p2a: Staraptor\n|-damage|p2a: Staraptor|0 fnt\n|faint|p2a: Staraptor\n|\n|-weather|SunnyDay|[upkeep]\n|upkeep\n|\n|t:|1781464908\n|switch|p2a: Orthworm|Orthworm, L88, M|266/266\n|turn|10\n|\n|t:|1781464923\n|move|p1a: Cetitan|Ice Spinner|p2a: Orthworm\n|-resisted|p2a: Orthworm\n|-damage|p2a: Orthworm|111/266\n|move|p2a: Orthworm|Body Press|p1a: Cetitan\n|-supereffective|p1a: Cetitan\n|-damage|p1a: Cetitan|0 fnt\n|faint|p1a: Cetitan\n|\n|-weather|SunnyDay|[upkeep]\n|-heal|p2a: Orthworm|127/266|[from] item: Leftovers\n|upkeep\n|\n|t:|1781464926\n|switch|p1a: Cacturne|Cacturne, L92, M|278/278\n|turn|11\n|\n|t:|1781464935\n|move|p2a: Orthworm|Body Press|p1a: Cacturne\n|-supereffective|p1a: Cacturne\n|-damage|p1a: Cacturne|70/278\n|move|p1a: Cacturne|Knock Off|p2a: Orthworm\n|-damage|p2a: Orthworm|2/266\n|-enditem|p2a: Orthworm|Leftovers|[from] move: Knock Off|[of] p1a: Cacturne\n|-damage|p1a: Cacturne|43/278|[from] item: Life Orb\n|\n|-weather|none\n|upkeep\n|turn|12\n|\n|t:|1781464943\n|move|p1a: Cacturne|Sucker Punch|p2a: Orthworm\n|-damage|p2a: Orthworm|0 fnt\n|faint|p2a: Orthworm\n|-damage|p1a: Cacturne|16/278|[from] item: Life Orb\n|\n|upkeep\n|\n|t:|1781464948\n|switch|p2a: Regieleki|Regieleki, L79|256/256\n|turn|13\n|\n|t:|1781464957\n|move|p2a: Regieleki|Thunderbolt|p1a: Cacturne\n|-resisted|p1a: Cacturne\n|-damage|p1a: Cacturne|0 fnt\n|faint|p1a: Cacturne\n|\n|win|peypey818\n|raw|furret waaaaaaaalk's rating: 1309 &rarr; <strong>1291</strong><br />(-18 for losing)\n|raw|peypey818's rating: 1342 &rarr; <strong>1360</strong><br />(+18 for winning)\n|l|\u2606furret waaaaaaaalk\n|player|p1|\n", "uploadtime": 1781464961, "views": 7, "formatid": "gen9randombattle", "rating": 1291, "private": 0, "password": null}