{"id": "gen9randombattle-2631927934", "format": "[Gen 9] Random Battle", "players": ["thatdankcharizard", "Rambie Drascal"], "log": "|j|\u2606thatdankcharizard\n|j|\u2606Rambie Drascal\n|t:|1781456566\n|gametype|singles\n|player|p1|thatdankcharizard|266|2020\n|player|p2|Rambie Drascal|ninjaboy|2104\n|gen|9\n|tier|[Gen 9] Random Battle\n|rated|\n|rule|Species Clause: Limit one of each Pok\u00e9mon\n|rule|HP Percentage Mod: HP is shown in percentages\n|rule|Sleep Clause Mod: Limit one foe put to sleep\n|rule|Illusion Level Mod: Illusion disguises the Pok\u00e9mon's true level\n|\n|t:|1781456566\n|teamsize|p1|6\n|teamsize|p2|6\n|start\n|switch|p1a: Camerupt|Camerupt, L91, F|275/275\n|switch|p2a: Great Tusk|Great Tusk, L77|304/304\n|turn|1\n|inactive|Battle timer is ON: inactive players will automatically lose when time's up. (requested by Rambie Drascal)\n|\n|t:|1781456580\n|switch|p1a: Chimecho|Chimecho, L93, F|290/290\n|move|p2a: Great Tusk|Headlong Rush|p1a: Chimecho\n|-immune|p1a: Chimecho|[from] ability: Levitate\n|\n|upkeep\n|turn|2\n|j| Rabiesdfsdf\n|l| Rabiesdfsdf\n|\n|t:|1781456590\n|-end|p2a: Great Tusk|Protosynthesis|[silent]\n|switch|p2a: Brute Bonnet|Brute Bonnet, L80|309/309\n|switch|p1a: Camerupt|Camerupt, L91, F|275/275\n|\n|upkeep\n|turn|3\n|\n|t:|1781456598\n|-end|p2a: Brute Bonnet|Protosynthesis|[silent]\n|switch|p2a: Reuniclus|Reuniclus, L88, F|337/337\n|move|p1a: Camerupt|Will-O-Wisp|p2a: Reuniclus\n|-status|p2a: Reuniclus|brn\n|\n|upkeep\n|turn|4\n|\n|t:|1781456605\n|move|p1a: Camerupt|Stealth Rock|p2a: Reuniclus\n|-sidestart|p2: Rambie Drascal|move: Stealth Rock\n|move|p2a: Reuniclus|Calm Mind|p2a: Reuniclus\n|-boost|p2a: Reuniclus|spa|1\n|-boost|p2a: Reuniclus|spd|1\n|\n|upkeep\n|turn|5\n|\n|t:|1781456608\n|move|p1a: Camerupt|Earthquake|p2a: Reuniclus\n|-damage|p2a: Reuniclus|211/337 brn\n|move|p2a: Reuniclus|Psyshock|p1a: Camerupt\n|-damage|p1a: Camerupt|49/275\n|\n|-heal|p1a: Camerupt|66/275|[from] item: Leftovers\n|upkeep\n|turn|6\n|\n|t:|1781456615\n|move|p1a: Camerupt|Earthquake|p2a: Reuniclus\n|-damage|p2a: Reuniclus|64/337 brn\n|move|p2a: Reuniclus|Recover|p2a: Reuniclus\n|-heal|p2a: Reuniclus|233/337 brn\n|\n|-heal|p1a: Camerupt|83/275|[from] item: Leftovers\n|upkeep\n|turn|7\n|\n|t:|1781456618\n|move|p1a: Camerupt|Earthquake|p2a: Reuniclus\n|-damage|p2a: Reuniclus|98/337 brn\n|move|p2a: Reuniclus|Recover|p2a: Reuniclus\n|-heal|p2a: Reuniclus|267/337 brn\n|\n|-heal|p1a: Camerupt|100/275|[from] item: Leftovers\n|upkeep\n|turn|8\n|\n|t:|1781456620\n|move|p1a: Camerupt|Earthquake|p2a: Reuniclus\n|-damage|p2a: Reuniclus|141/337 brn\n|move|p2a: Reuniclus|Psyshock|p1a: Camerupt\n|-damage|p1a: Camerupt|0 fnt\n|faint|p1a: Camerupt\n|\n|upkeep\n|\n|t:|1781456624\n|switch|p1a: Ceruledge|Ceruledge, L78, M|245/245\n|turn|9\n|\n|t:|1781456632\n|switch|p2a: Brute Bonnet|Brute Bonnet, L80|309/309\n|-damage|p2a: Brute Bonnet|271/309|[from] Stealth Rock\n|move|p1a: Ceruledge|Swords Dance|p1a: Ceruledge\n|-boost|p1a: Ceruledge|atk|2\n|\n|-heal|p2a: Brute Bonnet|290/309|[from] item: Leftovers\n|upkeep\n|turn|10\n|\n|t:|1781456639\n|-terastallize|p1a: Ceruledge|Fire\n|-terastallize|p2a: Brute Bonnet|Fighting\n|move|p1a: Ceruledge|Bitter Blade|p2a: Brute Bonnet\n|-damage|p2a: Brute Bonnet|34/309\n|move|p2a: Brute Bonnet|Crunch|p1a: Ceruledge\n|-crit|p1a: Ceruledge\n|-damage|p1a: Ceruledge|80/245\n|-unboost|p1a: Ceruledge|def|1\n|-ability|p1a: Ceruledge|Weak Armor|boost\n|-unboost|p1a: Ceruledge|def|1\n|-boost|p1a: Ceruledge|spe|2\n|\n|-heal|p2a: Brute Bonnet|53/309|[from] item: Leftovers\n|upkeep\n|turn|11\n|\n|t:|1781456646\n|move|p1a: Ceruledge|Shadow Sneak|p2a: Brute Bonnet\n|-damage|p2a: Brute Bonnet|0 fnt\n|faint|p2a: Brute Bonnet\n|-end|p2a: Brute Bonnet|Protosynthesis|[silent]\n|\n|upkeep\n|\n|t:|1781456650\n|switch|p2a: Palafin|Palafin, L77, F|281/281\n|-damage|p2a: Palafin|246/281|[from] Stealth Rock\n|turn|12\n|\n|t:|1781456654\n|switch|p1a: Alomomola|Alomomola, L87, M|429/429\n|move|p2a: Palafin|Jet Punch|p1a: Alomomola\n|-resisted|p1a: Alomomola\n|-damage|p1a: Alomomola|409/429\n|\n|-heal|p2a: Palafin|263/281|[from] item: Leftovers\n|upkeep\n|turn|13\n|\n|t:|1781456658\n|detailschange|p2a: Palafin|Palafin-Hero, L77, F\n|switch|p2a: Reuniclus|Reuniclus, L88, F|141/337 brn\n|move|p1a: Alomomola|Flip Turn|p2a: Reuniclus\n|-damage|p2a: Reuniclus|75/337 brn\n|\n|t:|1781456661\n|switch|p1a: Ceruledge|Ceruledge, L78, M, tera:Fire|80/245|[from] Flip Turn\n|\n|upkeep\n|turn|14\n|\n|t:|1781456664\n|move|p1a: Ceruledge|Bitter Blade|p2a: Reuniclus\n|-damage|p2a: Reuniclus|0 fnt\n|-heal|p1a: Ceruledge|118/245|[from] drain|[of] p2a: Reuniclus\n|faint|p2a: Reuniclus\n|\n|upkeep\n|\n|t:|1781456666\n|switch|p2a: Palafin|Palafin-Hero, L77, F|263/281\n|-damage|p2a: Palafin|228/281|[from] Stealth Rock\n|-activate|p2a: Palafin|ability: Zero to Hero\n|turn|15\n|\n|t:|1781456672\n|switch|p1a: Alomomola|Alomomola, L87, M|429/429\n|move|p2a: Palafin|Bulk Up|p2a: Palafin\n|-boost|p2a: Palafin|atk|1\n|-boost|p2a: Palafin|def|1\n|\n|-heal|p2a: Palafin|245/281|[from] item: Leftovers\n|upkeep\n|turn|16\n|\n|t:|1781456675\n|move|p2a: Palafin|Bulk Up|p2a: Palafin\n|-boost|p2a: Palafin|atk|1\n|-boost|p2a: Palafin|def|1\n|move|p1a: Alomomola|Flip Turn|p2a: Palafin\n|-resisted|p2a: Palafin\n|-damage|p2a: Palafin|230/281\n|\n|t:|1781456677\n|switch|p1a: Meganium|Meganium, L90, F|290/290|[from] Flip Turn\n|\n|-heal|p2a: Palafin|247/281|[from] item: Leftovers\n|upkeep\n|turn|17\n|\n|t:|1781456684\n|move|p2a: Palafin|Bulk Up|p2a: Palafin\n|-boost|p2a: Palafin|atk|1\n|-boost|p2a: Palafin|def|1\n|move|p1a: Meganium|Energy Ball|p2a: Palafin\n|-supereffective|p2a: Palafin\n|-damage|p2a: Palafin|37/281\n|\n|-heal|p2a: Palafin|54/281|[from] item: Leftovers\n|upkeep\n|turn|18\n|\n|t:|1781456694\n|move|p2a: Palafin|Drain Punch|p1a: Meganium\n|-damage|p1a: Meganium|157/290\n|-heal|p2a: Palafin|121/281|[from] drain|[of] p1a: Meganium\n|move|p1a: Meganium|Energy Ball|p2a: Palafin\n|-supereffective|p2a: Palafin\n|-damage|p2a: Palafin|0 fnt\n|faint|p2a: Palafin\n|\n|-heal|p1a: Meganium|175/290|[from] item: Leftovers\n|upkeep\n|\n|t:|1781456704\n|switch|p2a: Great Tusk|Great Tusk, L77|304/304\n|-damage|p2a: Great Tusk|295/304|[from] Stealth Rock\n|turn|19\n|\n|t:|1781456708\n|switch|p1a: Chimecho|Chimecho, L93, F|290/290\n|move|p2a: Great Tusk|Rapid Spin|p1a: Chimecho\n|-damage|p1a: Chimecho|256/290\n|-boost|p2a: Great Tusk|spe|1\n|-sideend|p2: Rambie Drascal|Stealth Rock|[from] move: Rapid Spin|[of] p2a: Great Tusk\n|\n|-heal|p1a: Chimecho|274/290|[from] item: Leftovers\n|upkeep\n|turn|20\n|\n|t:|1781456712\n|-end|p2a: Great Tusk|Protosynthesis|[silent]\n|switch|p2a: Copperajah|Copperajah, L86, F|350/350\n|move|p1a: Chimecho|Psychic Noise|p2a: Copperajah\n|-resisted|p2a: Copperajah\n|-damage|p2a: Copperajah|290/350\n|-start|p2a: Copperajah|move: Heal Block\n|\n|-heal|p1a: Chimecho|290/290|[from] item: Leftovers\n|upkeep\n|turn|21\n|\n|t:|1781456716\n|switch|p1a: Alomomola|Alomomola, L87, M|429/429\n|move|p2a: Copperajah|Knock Off|p1a: Alomomola\n|-damage|p1a: Alomomola|283/429\n|-enditem|p1a: Alomomola|Heavy-Duty Boots|[from] move: Knock Off|[of] p2a: Copperajah\n|\n|-end|p2a: Copperajah|move: Heal Block\n|upkeep\n|turn|22\n|\n|t:|1781456725\n|switch|p2a: Calyrex|Calyrex-Shadow, L64|235/235\n|-ability|p2a: Calyrex|As One\n|-ability|p2a: Calyrex|Unnerve\n|move|p1a: Alomomola|Wish|p1a: Alomomola\n|\n|upkeep\n|turn|23\n|\n|t:|1781456733\n|move|p2a: Calyrex|Astral Barrage|p1a: Alomomola\n|-damage|p1a: Alomomola|13/429\n|move|p1a: Alomomola|Flip Turn|p2a: Calyrex\n|-damage|p2a: Calyrex|159/235\n|\n|t:|1781456738\n|switch|p1a: Ceruledge|Ceruledge, L78, M, tera:Fire|118/245|[from] Flip Turn\n|\n|-heal|p1a: Ceruledge|245/245|[from] move: Wish|[wisher] Alomomola\n|upkeep\n|turn|24\n|\n|t:|1781456743\n|move|p2a: Calyrex|Astral Barrage|p1a: Ceruledge\n|-damage|p1a: Ceruledge|85/245\n|move|p1a: Ceruledge|Bitter Blade|p2a: Calyrex\n|-damage|p2a: Calyrex|0 fnt\n|-heal|p1a: Ceruledge|165/245|[from] drain|[of] p2a: Calyrex\n|faint|p2a: Calyrex\n|\n|upkeep\n|\n|t:|1781456747\n|switch|p2a: Great Tusk|Great Tusk, L77|295/304\n|turn|25\n|\n|t:|1781456755\n|switch|p1a: Chimecho|Chimecho, L93, F|290/290\n|move|p2a: Great Tusk|Rapid Spin|p1a: Chimecho\n|-damage|p1a: Chimecho|254/290\n|-boost|p2a: Great Tusk|spe|1\n|\n|-heal|p1a: Chimecho|272/290|[from] item: Leftovers\n|upkeep\n|turn|26\n|\n|t:|1781456760\n|-end|p2a: Great Tusk|Protosynthesis|[silent]\n|switch|p2a: Copperajah|Copperajah, L86, F|290/350\n|move|p1a: Chimecho|Psychic Noise|p2a: Copperajah\n|-resisted|p2a: Copperajah\n|-damage|p2a: Copperajah|238/350\n|-start|p2a: Copperajah|move: Heal Block\n|\n|-heal|p1a: Chimecho|290/290|[from] item: Leftovers\n|upkeep\n|turn|27\n|\n|t:|1781456767\n|switch|p1a: Ceruledge|Ceruledge, L78, M, tera:Fire|165/245\n|move|p2a: Copperajah|Heavy Slam|p1a: Ceruledge\n|-resisted|p1a: Ceruledge\n|-damage|p1a: Ceruledge|14/245\n|-ability|p1a: Ceruledge|Weak Armor|boost\n|-unboost|p1a: Ceruledge|def|1\n|-boost|p1a: Ceruledge|spe|2\n|\n|-end|p2a: Copperajah|move: Heal Block\n|upkeep\n|turn|28\n|\n|t:|1781456771\n|move|p1a: Ceruledge|Bitter Blade|p2a: Copperajah\n|-supereffective|p2a: Copperajah\n|-damage|p2a: Copperajah|0 fnt\n|-heal|p1a: Ceruledge|133/245|[from] drain|[of] p2a: Copperajah\n|faint|p2a: Copperajah\n|\n|upkeep\n|-message|Rambie Drascal forfeited.\n|\n|win|thatdankcharizard\n", "uploadtime": 1781456568, "views": 3, "formatid": "gen9randombattle", "rating": null, "private": 0, "password": null}