{"id": "gen9randombattle-2631547553", "format": "[Gen 9] Random Battle", "players": ["TheFineMantine", "who is to say"], "log": "|j|\u2606TheFineMantine\n|j|\u2606who is to say\n|t:|1781399627\n|gametype|singles\n|player|p1|TheFineMantine|sordward|2220\n|player|p2|who is to say|170|2266\n|gen|9\n|tier|[Gen 9] Random Battle\n|rated|\n|rule|Species Clause: Limit one of each Pok\u00e9mon\n|rule|HP Percentage Mod: HP is shown in percentages\n|rule|Sleep Clause Mod: Limit one foe put to sleep\n|rule|Illusion Level Mod: Illusion disguises the Pok\u00e9mon's true level\n|\n|t:|1781399627\n|teamsize|p1|6\n|teamsize|p2|6\n|start\n|switch|p1a: Venusaur|Venusaur, L84, F|272/272\n|switch|p2a: Darkrai|Darkrai, L77|234/234\n|turn|1\n|\n|t:|1781399659\n|move|p2a: Darkrai|Nasty Plot|p2a: Darkrai\n|-boost|p2a: Darkrai|spa|2\n|move|p1a: Venusaur|Sludge Bomb|p2a: Darkrai\n|-damage|p2a: Darkrai|132/234\n|\n|upkeep\n|turn|2\n|inactive|Battle timer is ON: inactive players will automatically lose when time's up. (requested by TheFineMantine)\n|\n|t:|1781399667\n|move|p2a: Darkrai|Dark Pulse|p1a: Venusaur\n|-damage|p1a: Venusaur|58/272\n|-damage|p2a: Darkrai|109/234|[from] item: Life Orb\n|cant|p1a: Venusaur|flinch\n|\n|-heal|p1a: Venusaur|75/272|[from] item: Leftovers\n|upkeep\n|turn|3\n|\n|t:|1781399674\n|switch|p1a: Fezandipiti|Fezandipiti, L82, M|278/278\n|move|p2a: Darkrai|Sludge Bomb|p1a: Fezandipiti\n|-damage|p1a: Fezandipiti|130/278\n|-damage|p2a: Darkrai|86/234|[from] item: Life Orb\n|\n|-heal|p1a: Fezandipiti|147/278|[from] item: Leftovers\n|upkeep\n|turn|4\n|\n|t:|1781399686\n|-terastallize|p2a: Darkrai|Poison\n|move|p2a: Darkrai|Sludge Bomb|p1a: Fezandipiti\n|-damage|p1a: Fezandipiti|0 fnt\n|faint|p1a: Fezandipiti\n|-damage|p2a: Darkrai|63/234|[from] item: Life Orb\n|\n|upkeep\n|\n|t:|1781399692\n|switch|p1a: Sableye|Sableye, L88, M|231/231\n|turn|5\n|\n|t:|1781399696\n|move|p1a: Sableye|Encore|p2a: Darkrai\n|-start|p2a: Darkrai|Encore\n|move|p2a: Darkrai|Sludge Bomb|p1a: Sableye\n|-resisted|p1a: Sableye\n|-damage|p1a: Sableye|65/231\n|-damage|p2a: Darkrai|40/234|[from] item: Life Orb\n|\n|-heal|p1a: Sableye|79/231|[from] item: Leftovers\n|upkeep\n|turn|6\n|\n|t:|1781399701\n|move|p1a: Sableye|Recover|p1a: Sableye\n|-heal|p1a: Sableye|195/231\n|move|p2a: Darkrai|Sludge Bomb|p1a: Sableye\n|-resisted|p1a: Sableye\n|-damage|p1a: Sableye|44/231\n|-damage|p2a: Darkrai|17/234|[from] item: Life Orb\n|\n|-heal|p1a: Sableye|58/231|[from] item: Leftovers\n|upkeep\n|turn|7\n|\n|t:|1781399704\n|move|p1a: Sableye|Recover|p1a: Sableye\n|-heal|p1a: Sableye|174/231\n|move|p2a: Darkrai|Sludge Bomb|p1a: Sableye\n|-resisted|p1a: Sableye\n|-damage|p1a: Sableye|4/231\n|-status|p1a: Sableye|psn\n|-damage|p2a: Darkrai|0 fnt|[from] item: Life Orb\n|faint|p2a: Darkrai\n|\n|-heal|p1a: Sableye|18/231 psn|[from] item: Leftovers\n|-damage|p1a: Sableye|0 fnt|[from] psn\n|faint|p1a: Sableye\n|upkeep\n|\n|t:|1781399727\n|switch|p2a: Emboar|Emboar, L84, F|322/322\n|switch|p1a: Venusaur|Venusaur, L84, F|75/272\n|turn|8\n|\n|t:|1781399732\n|move|p2a: Emboar|Flare Blitz|p1a: Venusaur\n|-supereffective|p1a: Venusaur\n|-damage|p1a: Venusaur|0 fnt\n|faint|p1a: Venusaur\n|-damage|p2a: Emboar|297/322|[from] Recoil\n|\n|upkeep\n|\n|t:|1781399736\n|switch|p1a: Veluza|Veluza, L85, F|292/292\n|turn|9\n|\n|t:|1781399742\n|move|p1a: Veluza|Flip Turn|p2a: Emboar\n|-supereffective|p2a: Emboar\n|-damage|p2a: Emboar|139/322\n|\n|t:|1781399751\n|switch|p1a: Torkoal|Torkoal, L88, F|266/266|[from] Flip Turn\n|-weather|SunnyDay|[from] ability: Drought|[of] p1a: Torkoal\n|move|p2a: Emboar|Flare Blitz|p1a: Torkoal\n|-resisted|p1a: Torkoal\n|-damage|p1a: Torkoal|179/266\n|-damage|p2a: Emboar|110/322|[from] Recoil\n|\n|-weather|SunnyDay|[upkeep]\n|upkeep\n|turn|10\n|\n|t:|1781399761\n|move|p2a: Emboar|Flare Blitz|p1a: Torkoal\n|-resisted|p1a: Torkoal\n|-damage|p1a: Torkoal|86/266\n|-damage|p2a: Emboar|79/322|[from] Recoil\n|move|p1a: Torkoal|Stealth Rock|p2a: Emboar\n|-sidestart|p2: who is to say|move: Stealth Rock\n|\n|-weather|SunnyDay|[upkeep]\n|upkeep\n|turn|11\n|\n|t:|1781399766\n|move|p2a: Emboar|Flare Blitz|p1a: Torkoal\n|-resisted|p1a: Torkoal\n|-damage|p1a: Torkoal|2/266\n|-damage|p2a: Emboar|51/322|[from] Recoil\n|move|p1a: Torkoal|Rapid Spin|p2a: Emboar\n|-damage|p2a: Emboar|4/322\n|-boost|p1a: Torkoal|spe|1\n|\n|-weather|SunnyDay|[upkeep]\n|upkeep\n|turn|12\n|\n|t:|1781399772\n|move|p2a: Emboar|Flare Blitz|p1a: Torkoal\n|-resisted|p1a: Torkoal\n|-damage|p1a: Torkoal|0 fnt\n|faint|p1a: Torkoal\n|-damage|p2a: Emboar|3/322|[from] Recoil\n|\n|-weather|SunnyDay|[upkeep]\n|upkeep\n|\n|t:|1781399775\n|switch|p1a: Veluza|Veluza, L85, F|292/292\n|turn|13\n|\n|t:|1781399778\n|move|p1a: Veluza|Flip Turn|p2a: Emboar\n|-supereffective|p2a: Emboar\n|-damage|p2a: Emboar|0 fnt\n|faint|p2a: Emboar\n|\n|t:|1781399779\n|switch|p1a: Meowstic|Meowstic, L89, M|277/277|[from] Flip Turn\n|\n|-weather|none\n|upkeep\n|\n|t:|1781399784\n|switch|p2a: Jolteon|Jolteon, L84, F|246/246\n|-damage|p2a: Jolteon|216/246|[from] Stealth Rock\n|turn|14\n|\n|t:|1781399788\n|move|p1a: Meowstic|Yawn|p2a: Jolteon\n|-start|p2a: Jolteon|move: Yawn|[of] p1a: Meowstic\n|move|p2a: Jolteon|Shadow Ball|p1a: Meowstic\n|-supereffective|p1a: Meowstic\n|-damage|p1a: Meowstic|124/277\n|-damage|p2a: Jolteon|192/246|[from] item: Life Orb\n|\n|upkeep\n|turn|15\n|\n|t:|1781399794\n|move|p1a: Meowstic|Light Screen|p1a: Meowstic\n|-sidestart|p1: TheFineMantine|move: Light Screen\n|move|p2a: Jolteon|Thunderbolt|p1a: Meowstic\n|-damage|p1a: Meowstic|55/277\n|-damage|p2a: Jolteon|168/246|[from] item: Life Orb\n|\n|-end|p2a: Jolteon|move: Yawn|[silent]\n|-status|p2a: Jolteon|slp\n|upkeep\n|turn|16\n|\n|t:|1781399799\n|cant|p2a: Jolteon|slp\n|move|p1a: Meowstic|Psychic Noise|p2a: Jolteon\n|-damage|p2a: Jolteon|87/246 slp\n|-start|p2a: Jolteon|move: Heal Block\n|\n|upkeep\n|turn|17\n|\n|t:|1781399802\n|-curestatus|p2a: Jolteon|slp|[msg]\n|move|p2a: Jolteon|Thunderbolt|p1a: Meowstic\n|-damage|p1a: Meowstic|0 fnt\n|faint|p1a: Meowstic\n|-damage|p2a: Jolteon|63/246|[from] item: Life Orb\n|\n|-end|p2a: Jolteon|move: Heal Block\n|upkeep\n|\n|t:|1781399806\n|switch|p1a: Veluza|Veluza, L85, F|292/292\n|turn|18\n|\n|t:|1781399813\n|move|p2a: Jolteon|Thunderbolt|p1a: Veluza\n|-supereffective|p1a: Veluza\n|-damage|p1a: Veluza|113/292\n|-damage|p2a: Jolteon|39/246|[from] item: Life Orb\n|move|p1a: Veluza|Aqua Cutter|p2a: Jolteon\n|-damage|p2a: Jolteon|0 fnt\n|faint|p2a: Jolteon\n|\n|upkeep\n|\n|t:|1781399818\n|switch|p2a: Tatsugiri|Tatsugiri, L87, F|260/260\n|turn|19\n|-message|TheFineMantine forfeited.\n|\n|win|who is to say\n", "uploadtime": 1781399629, "views": 3, "formatid": "gen9randombattle", "rating": null, "private": 0, "password": null}