{"id": "gen9randombattle-2631537661", "format": "[Gen 9] Random Battle", "players": ["orenado8", "mztmztmzt123"], "log": "|j|\u2606orenado8\n|j|\u2606mztmztmzt123\n|t:|1781398260\n|gametype|singles\n|player|p1|orenado8|palmer|2191\n|player|p2|mztmztmzt123|266|2205\n|gen|9\n|tier|[Gen 9] Random Battle\n|rated|\n|rule|Species Clause: Limit one of each Pok\u00e9mon\n|rule|HP Percentage Mod: HP is shown in percentages\n|rule|Sleep Clause Mod: Limit one foe put to sleep\n|rule|Illusion Level Mod: Illusion disguises the Pok\u00e9mon's true level\n|\n|t:|1781398260\n|teamsize|p1|6\n|teamsize|p2|6\n|start\n|switch|p1a: Solgaleo|Solgaleo, L74|325/325\n|switch|p2a: Poliwrath|Poliwrath, L88, F|302/302\n|turn|1\n|inactive|Battle timer is ON: inactive players will automatically lose when time's up. (requested by orenado8)\n|\n|t:|1781398295\n|switch|p2a: Vileplume|Vileplume, L85, F|266/266\n|move|p1a: Solgaleo|Knock Off|p2a: Vileplume\n|-damage|p2a: Vileplume|196/266\n|-enditem|p2a: Vileplume|Leftovers|[from] move: Knock Off|[of] p1a: Solgaleo\n|\n|upkeep\n|turn|2\n|inactive|orenado8 has 120 seconds left.\n|\n|t:|1781398326\n|switch|p1a: Shiftry|Shiftry, L89, F|305/305\n|switch|p2a: Iron Jugulis|Iron Jugulis, L77|271/271\n|\n|upkeep\n|turn|3\n|inactive|mztmztmzt123 has 120 seconds left.\n|\n|t:|1781398372\n|switch|p1a: Clawitzer|Clawitzer, L87, F|265/265\n|move|p2a: Iron Jugulis|Meteor Beam||[still]\n|-prepare|p2a: Iron Jugulis|Meteor Beam\n|-boost|p2a: Iron Jugulis|spa|1\n|-enditem|p2a: Iron Jugulis|Power Herb\n|-anim|p2a: Iron Jugulis|Meteor Beam|p1a: Clawitzer\n|-damage|p1a: Clawitzer|187/265\n|\n|upkeep\n|turn|4\n|\n|t:|1781398384\n|move|p2a: Iron Jugulis|Dark Pulse|p1a: Clawitzer\n|-damage|p1a: Clawitzer|105/265\n|move|p1a: Clawitzer|Dragon Pulse|p2a: Iron Jugulis\n|-damage|p2a: Iron Jugulis|147/271\n|\n|upkeep\n|turn|5\n|inactive|mztmztmzt123 has 120 seconds left.\n|\n|t:|1781398403\n|move|p2a: Iron Jugulis|Dark Pulse|p1a: Clawitzer\n|-damage|p1a: Clawitzer|18/265\n|cant|p1a: Clawitzer|flinch\n|\n|upkeep\n|turn|6\n|\n|t:|1781398419\n|move|p2a: Iron Jugulis|Dark Pulse|p1a: Clawitzer\n|-damage|p1a: Clawitzer|0 fnt\n|faint|p1a: Clawitzer\n|\n|upkeep\n|\n|t:|1781398421\n|switch|p1a: Goodra|Goodra, L85, F|292/292\n|turn|7\n|\n|t:|1781398430\n|-end|p2a: Iron Jugulis|Quark Drive|[silent]\n|switch|p2a: Vileplume|Vileplume, L85, F|196/266\n|move|p1a: Goodra|Draco Meteor|p2a: Vileplume\n|-damage|p2a: Vileplume|52/266\n|-unboost|p1a: Goodra|spa|2\n|\n|upkeep\n|turn|8\n|\n|t:|1781398437\n|move|p1a: Goodra|Fire Blast|p2a: Vileplume\n|-supereffective|p2a: Vileplume\n|-damage|p2a: Vileplume|0 fnt\n|faint|p2a: Vileplume\n|\n|upkeep\n|inactive|mztmztmzt123 has 120 seconds left.\n|\n|t:|1781398484\n|switch|p2a: Cyclizar|Cyclizar, L83, M|252/252\n|turn|9\n|\n|t:|1781398502\n|move|p2a: Cyclizar|Shed Tail|p2a: Cyclizar\n|-start|p2a: Cyclizar|Substitute|[from] move: Shed Tail\n|-damage|p2a: Cyclizar|126/252\n|\n|t:|1781398508\n|switch|p2a: Cobalion|Cobalion, L80|277/277|[from] Shed Tail\n|move|p1a: Goodra|Dragon Tail|p2a: Cobalion\n|-resisted|p2a: Cobalion\n|-activate|p2a: Cobalion|move: Substitute|[damage]\n|\n|upkeep\n|turn|10\n|\n|t:|1781398517\n|switch|p1a: Solgaleo|Solgaleo, L74|325/325\n|move|p2a: Cobalion|Swords Dance|p2a: Cobalion\n|-boost|p2a: Cobalion|atk|2\n|\n|upkeep\n|turn|11\n|inactive|mztmztmzt123 has 120 seconds left.\n|\n|t:|1781398525\n|move|p2a: Cobalion|Swords Dance|p2a: Cobalion\n|-boost|p2a: Cobalion|atk|2\n|move|p1a: Solgaleo|Flame Charge|p2a: Cobalion\n|-supereffective|p2a: Cobalion\n|-end|p2a: Cobalion|Substitute\n|-boost|p1a: Solgaleo|spe|1\n|\n|upkeep\n|turn|12\n|\n|t:|1781398543\n|-terastallize|p2a: Cobalion|Fighting\n|move|p1a: Solgaleo|Close Combat|p2a: Cobalion\n|-damage|p2a: Cobalion|211/277\n|-unboost|p1a: Solgaleo|def|1\n|-unboost|p1a: Solgaleo|spd|1\n|move|p2a: Cobalion|Close Combat|p1a: Solgaleo\n|-crit|p1a: Solgaleo\n|-damage|p1a: Solgaleo|0 fnt\n|-unboost|p2a: Cobalion|def|1\n|-unboost|p2a: Cobalion|spd|1\n|faint|p1a: Solgaleo\n|\n|-heal|p2a: Cobalion|228/277|[from] item: Leftovers\n|upkeep\n|\n|t:|1781398551\n|switch|p1a: Deoxys|Deoxys-Attack, L72|191/191\n|-ability|p1a: Deoxys|Pressure\n|turn|13\n|\n|t:|1781398562\n|switch|p2a: Iron Jugulis|Iron Jugulis, L77|147/271\n|move|p1a: Deoxys|Psycho Boost|p2a: Iron Jugulis\n|-immune|p2a: Iron Jugulis\n|\n|upkeep\n|turn|14\n|\n|t:|1781398574\n|switch|p1a: Goodra|Goodra, L85, F|292/292\n|move|p2a: Iron Jugulis|Meteor Beam||[still]\n|-prepare|p2a: Iron Jugulis|Meteor Beam\n|-boost|p2a: Iron Jugulis|spa|1\n|\n|upkeep\n|turn|15\n|\n|t:|1781398582\n|move|p2a: Iron Jugulis|Meteor Beam|p1a: Goodra|[from] lockedmove\n|-damage|p1a: Goodra|234/292\n|move|p1a: Goodra|Draco Meteor|p2a: Iron Jugulis\n|-damage|p2a: Iron Jugulis|0 fnt\n|-unboost|p1a: Goodra|spa|2\n|faint|p2a: Iron Jugulis\n|-end|p2a: Iron Jugulis|Quark Drive|[silent]\n|\n|upkeep\n|\n|t:|1781398588\n|switch|p2a: Cyclizar|Cyclizar, L83, M|210/252\n|turn|16\n|\n|t:|1781398600\n|move|p2a: Cyclizar|Shed Tail|p2a: Cyclizar\n|-start|p2a: Cyclizar|Substitute|[from] move: Shed Tail\n|-damage|p2a: Cyclizar|84/252\n|\n|t:|1781398605\n|switch|p2a: Poliwrath|Poliwrath, L88, F|302/302|[from] Shed Tail\n|move|p1a: Goodra|Fire Blast|p2a: Poliwrath\n|-resisted|p2a: Poliwrath\n|-activate|p2a: Poliwrath|move: Substitute|[damage]\n|\n|upkeep\n|turn|17\n|\n|t:|1781398619\n|move|p1a: Goodra|Draco Meteor|p2a: Poliwrath\n|-end|p2a: Poliwrath|Substitute\n|-unboost|p1a: Goodra|spa|2\n|move|p2a: Poliwrath|Bulk Up|p2a: Poliwrath\n|-boost|p2a: Poliwrath|atk|1\n|-boost|p2a: Poliwrath|def|1\n|\n|upkeep\n|turn|18\n|\n|t:|1781398630\n|move|p2a: Poliwrath|Drain Punch|p1a: Goodra\n|-damage|p1a: Goodra|71/292\n|move|p1a: Goodra|Dragon Tail|p2a: Poliwrath\n|-damage|p2a: Poliwrath|257/302\n|drag|p2a: Cyclizar|Cyclizar, L83, M|168/252\n|\n|upkeep\n|turn|19\n|\n|t:|1781398644\n|switch|p2a: Poliwrath|Poliwrath, L88, F|257/302\n|switch|p1a: Eiscue|Eiscue, L88, M|274/274\n|\n|-heal|p2a: Poliwrath|275/302|[from] item: Leftovers\n|upkeep\n|turn|20\n|\n|t:|1781398653\n|switch|p2a: Iron Crown|Iron Crown, L78|268/268\n|move|p1a: Eiscue|Belly Drum|p1a: Eiscue\n|-damage|p1a: Eiscue|137/274\n|-setboost|p1a: Eiscue|atk|6|[from] move: Belly Drum\n|-enditem|p1a: Eiscue|Sitrus Berry|[eat]\n|-heal|p1a: Eiscue|205/274|[from] item: Sitrus Berry\n|\n|upkeep\n|turn|21\n|\n|t:|1781398681\n|-terastallize|p1a: Eiscue|Water\n|move|p2a: Iron Crown|Tachyon Cutter|p1a: Eiscue\n|-resisted|p1a: Eiscue\n|-damage|p1a: Eiscue|181/274\n|-resisted|p1a: Eiscue\n|-damage|p1a: Eiscue|154/274\n|-hitcount|p1a: Eiscue|2\n|move|p1a: Eiscue|Liquidation|p2a: Iron Crown\n|-damage|p2a: Iron Crown|0 fnt\n|faint|p2a: Iron Crown\n|-end|p2a: Iron Crown|Quark Drive|[silent]\n|\n|upkeep\n|inactive|mztmztmzt123 has 120 seconds left.\n|\n|t:|1781398695\n|switch|p2a: Poliwrath|Poliwrath, L88, F|275/302\n|turn|22\n|\n|t:|1781398701\n|move|p2a: Poliwrath|Bulk Up|p2a: Poliwrath\n|-boost|p2a: Poliwrath|atk|1\n|-boost|p2a: Poliwrath|def|1\n|move|p1a: Eiscue|Ice Spinner|p2a: Poliwrath\n|-resisted|p2a: Poliwrath\n|-damage|p2a: Poliwrath|177/302\n|\n|-heal|p2a: Poliwrath|195/302|[from] item: Leftovers\n|upkeep\n|turn|23\n|inactive|mztmztmzt123 has 120 seconds left.\n|\n|t:|1781398721\n|move|p2a: Poliwrath|Drain Punch|p1a: Eiscue\n|-activate|p1a: Eiscue|ability: Ice Face\n|-damage|p1a: Eiscue|154/274\n|detailschange|p1a: Eiscue|Eiscue-Noice, L88, M, tera:Water\n|move|p1a: Eiscue|Ice Spinner|p2a: Poliwrath\n|-resisted|p2a: Poliwrath\n|-damage|p2a: Poliwrath|104/302\n|\n|-heal|p2a: Poliwrath|122/302|[from] item: Leftovers\n|upkeep\n|turn|24\n|\n|t:|1781398735\n|move|p1a: Eiscue|Iron Head|p2a: Poliwrath\n|-resisted|p2a: Poliwrath\n|-damage|p2a: Poliwrath|60/302\n|cant|p2a: Poliwrath|flinch\n|\n|-heal|p2a: Poliwrath|78/302|[from] item: Leftovers\n|upkeep\n|turn|25\n|-message|mztmztmzt123 forfeited.\n|\n|win|orenado8\n", "uploadtime": 1781398262, "views": 3, "formatid": "gen9randombattle", "rating": null, "private": 0, "password": null}