{"id": "gen9randombattle-2631837210", "format": "[Gen 9] Random Battle", "players": ["lilberf", "Beanatron"], "log": "|j|\u2606lilberf\n|j|\u2606Beanatron\n|t:|1781446406\n|gametype|singles\n|player|p1|lilberf|pokemaniac|1314\n|player|p2|Beanatron|1|1315\n|gen|9\n|tier|[Gen 9] Random Battle\n|rated|\n|rule|Species Clause: Limit one of each Pok\u00e9mon\n|rule|HP Percentage Mod: HP is shown in percentages\n|rule|Sleep Clause Mod: Limit one foe put to sleep\n|rule|Illusion Level Mod: Illusion disguises the Pok\u00e9mon's true level\n|\n|t:|1781446406\n|teamsize|p1|6\n|teamsize|p2|6\n|start\n|switch|p1a: Metagross|Metagross, L79|256/256\n|switch|p2a: Veluza|Veluza, L85, F|292/292\n|turn|1\n|inactive|Battle timer is ON: inactive players will automatically lose when time's up. (requested by lilberf)\n|\n|t:|1781446427\n|move|p2a: Veluza|Night Slash|p1a: Metagross\n|-supereffective|p1a: Metagross\n|-damage|p1a: Metagross|140/256\n|-enditem|p1a: Metagross|Weakness Policy\n|-boost|p1a: Metagross|atk|2|[from] item: Weakness Policy\n|-boost|p1a: Metagross|spa|2|[from] item: Weakness Policy\n|move|p1a: Metagross|Agility|p1a: Metagross\n|-boost|p1a: Metagross|spe|2\n|\n|upkeep\n|turn|2\n|\n|t:|1781446435\n|move|p1a: Metagross|Earthquake|p2a: Veluza\n|-damage|p2a: Veluza|115/292\n|-enditem|p2a: Veluza|Sitrus Berry|[eat]\n|-heal|p2a: Veluza|188/292|[from] item: Sitrus Berry\n|move|p2a: Veluza|Night Slash|p1a: Metagross\n|-supereffective|p1a: Metagross\n|-damage|p1a: Metagross|14/256\n|\n|upkeep\n|turn|3\n|\n|t:|1781446447\n|move|p1a: Metagross|Earthquake|p2a: Veluza\n|-damage|p2a: Veluza|17/292\n|move|p2a: Veluza|Aqua Cutter|p1a: Metagross\n|-damage|p1a: Metagross|0 fnt\n|faint|p1a: Metagross\n|\n|upkeep\n|\n|t:|1781446471\n|switch|p1a: Greninja|Greninja, L80, M|246/246\n|turn|4\n|\n|t:|1781446480\n|move|p1a: Greninja|U-turn|p2a: Veluza\n|-start|p1a: Greninja|typechange|Bug|[from] ability: Protean\n|-supereffective|p2a: Veluza\n|-damage|p2a: Veluza|0 fnt\n|faint|p2a: Veluza\n|-damage|p1a: Greninja|222/246|[from] item: Life Orb\n|\n|t:|1781446496\n|switch|p1a: Piloswine|Piloswine, L85, M|309/309|[from] U-turn\n|\n|upkeep\n|\n|t:|1781446517\n|switch|p2a: Rabsca|Rabsca, L91, F|284/284\n|turn|5\n|\n|t:|1781446525\n|move|p1a: Piloswine|Icicle Crash|p2a: Rabsca|[miss]\n|-miss|p1a: Piloswine|p2a: Rabsca\n|move|p2a: Rabsca|Psychic|p1a: Piloswine\n|-damage|p1a: Piloswine|192/309\n|\n|upkeep\n|turn|6\n|\n|t:|1781446535\n|-terastallize|p2a: Rabsca|Steel\n|move|p1a: Piloswine|Icicle Crash|p2a: Rabsca\n|-resisted|p2a: Rabsca\n|-damage|p2a: Rabsca|238/284\n|cant|p2a: Rabsca|flinch\n|\n|upkeep\n|turn|7\n|\n|t:|1781446542\n|move|p1a: Piloswine|Earthquake|p2a: Rabsca\n|-supereffective|p2a: Rabsca\n|-damage|p2a: Rabsca|22/284\n|move|p2a: Rabsca|Psychic|p1a: Piloswine\n|-crit|p1a: Piloswine\n|-damage|p1a: Piloswine|29/309\n|\n|upkeep\n|turn|8\n|\n|t:|1781446556\n|move|p1a: Piloswine|Earthquake|p2a: Rabsca\n|-supereffective|p2a: Rabsca\n|-damage|p2a: Rabsca|0 fnt\n|faint|p2a: Rabsca\n|\n|upkeep\n|\n|t:|1781446562\n|switch|p2a: Mabosstiff|Mabosstiff, L86, F|278/278\n|turn|9\n|\n|t:|1781446567\n|move|p1a: Piloswine|Ice Shard|p2a: Mabosstiff\n|-crit|p2a: Mabosstiff\n|-damage|p2a: Mabosstiff|212/278\n|move|p2a: Mabosstiff|Crunch|p1a: Piloswine\n|-damage|p1a: Piloswine|0 fnt\n|faint|p1a: Piloswine\n|\n|upkeep\n|\n|t:|1781446578\n|switch|p1a: Flareon|Flareon, L90, F|263/263\n|turn|10\n|\n|t:|1781446584\n|switch|p2a: Carbink|Carbink, L90|236/236\n|move|p1a: Flareon|Trailblaze|p2a: Carbink\n|-supereffective|p2a: Carbink\n|-damage|p2a: Carbink|178/236\n|-boost|p1a: Flareon|spe|1\n|\n|-status|p1a: Flareon|tox|[from] item: Toxic Orb\n|upkeep\n|turn|11\n|\n|t:|1781446594\n|switch|p1a: Greninja|Greninja, L80, M|222/246\n|move|p2a: Carbink|Body Press|p1a: Greninja\n|-supereffective|p1a: Greninja\n|-damage|p1a: Greninja|0 fnt\n|faint|p1a: Greninja\n|\n|upkeep\n|\n|t:|1781446607\n|switch|p1a: Azelf|Azelf, L82|257/257\n|turn|12\n|\n|t:|1781446611\n|move|p1a: Azelf|Psychic|p2a: Carbink\n|-damage|p2a: Carbink|92/236\n|-damage|p1a: Azelf|232/257|[from] item: Life Orb\n|move|p2a: Carbink|Moonblast|p1a: Azelf\n|-damage|p1a: Azelf|139/257\n|-unboost|p1a: Azelf|spa|1\n|\n|upkeep\n|turn|13\n|\n|t:|1781446619\n|move|p1a: Azelf|Psychic|p2a: Carbink\n|-damage|p2a: Carbink|36/236\n|-damage|p1a: Azelf|114/257|[from] item: Life Orb\n|move|p2a: Carbink|Rest|p2a: Carbink\n|-status|p2a: Carbink|slp|[from] move: Rest\n|-heal|p2a: Carbink|236/236 slp|[silent]\n|-enditem|p2a: Carbink|Chesto Berry|[eat]\n|-curestatus|p2a: Carbink|slp|[msg]\n|\n|upkeep\n|turn|14\n|\n|t:|1781446624\n|move|p1a: Azelf|U-turn|p2a: Carbink\n|-resisted|p2a: Carbink\n|-damage|p2a: Carbink|215/236\n|-damage|p1a: Azelf|89/257|[from] item: Life Orb\n|\n|t:|1781446627\n|switch|p1a: Regice|Regice, L88|284/284|[from] U-turn\n|move|p2a: Carbink|Moonblast|p1a: Regice\n|-damage|p1a: Regice|245/284\n|\n|upkeep\n|turn|15\n|\n|t:|1781446633\n|-terastallize|p1a: Regice|Electric\n|move|p2a: Carbink|Body Press|p1a: Regice\n|-damage|p1a: Regice|160/284\n|move|p1a: Regice|Thunderbolt|p2a: Carbink\n|-damage|p2a: Carbink|154/236\n|\n|upkeep\n|turn|16\n|-message|lilberf forfeited.\n|\n|win|Beanatron\n|raw|lilberf's rating: 1314 &rarr; <strong>1294</strong><br />(-20 for losing)\n|raw|Beanatron's rating: 1315 &rarr; <strong>1335</strong><br />(+20 for winning)\n|l|\u2606lilberf\n|player|p1|\n", "uploadtime": 1781446643, "views": 4, "formatid": "gen9randombattle", "rating": 1294, "private": 0, "password": null}