{"id": "gen9randombattle-2631940527", "format": "[Gen 9] Random Battle", "players": ["ichigogostosao", "rainha do caus"], "log": "|j|\u2606ichigogostosao\n|j|\u2606rainha do caus\n|t:|1781457972\n|gametype|singles\n|player|p1|ichigogostosao|preschooler|\n|player|p2|rainha do caus|roxie|\n|gen|9\n|tier|[Gen 9] Random Battle\n|rule|Species Clause: Limit one of each Pok\u00e9mon\n|rule|HP Percentage Mod: HP is shown in percentages\n|rule|Sleep Clause Mod: Limit one foe put to sleep\n|rule|Illusion Level Mod: Illusion disguises the Pok\u00e9mon's true level\n|\n|t:|1781457972\n|teamsize|p1|6\n|teamsize|p2|6\n|start\n|switch|p1a: Cryogonal|Cryogonal, L89|287/287\n|switch|p2a: Moltres|Moltres, L81|278/278\n|turn|1\n|\n|t:|1781457992\n|move|p1a: Cryogonal|Freeze-Dry|p2a: Moltres\n|-damage|p2a: Moltres|197/278\n|move|p2a: Moltres|Fire Blast|p1a: Cryogonal\n|-supereffective|p1a: Cryogonal\n|-damage|p1a: Cryogonal|95/287\n|\n|upkeep\n|turn|2\n|\n|t:|1781458011\n|move|p1a: Cryogonal|Recover|p1a: Cryogonal\n|-heal|p1a: Cryogonal|239/287\n|move|p2a: Moltres|Roost|p2a: Moltres\n|-heal|p2a: Moltres|278/278\n|-singleturn|p2a: Moltres|move: Roost\n|\n|upkeep\n|turn|3\n|\n|t:|1781458019\n|move|p1a: Cryogonal|Rapid Spin|p2a: Moltres\n|-damage|p2a: Moltres|252/278\n|-boost|p1a: Cryogonal|spe|1\n|-status|p1a: Cryogonal|brn|[from] ability: Flame Body|[of] p2a: Moltres\n|move|p2a: Moltres|Brave Bird|p1a: Cryogonal\n|-damage|p1a: Cryogonal|77/287 brn\n|-damage|p2a: Moltres|199/278|[from] Recoil\n|\n|-damage|p1a: Cryogonal|60/287 brn|[from] brn\n|upkeep\n|turn|4\n|\n|t:|1781458035\n|move|p1a: Cryogonal|Recover|p1a: Cryogonal\n|-heal|p1a: Cryogonal|204/287 brn\n|move|p2a: Moltres|Roost|p2a: Moltres\n|-heal|p2a: Moltres|278/278\n|-singleturn|p2a: Moltres|move: Roost\n|\n|-damage|p1a: Cryogonal|187/287 brn|[from] brn\n|upkeep\n|turn|5\n|\n|t:|1781458046\n|move|p1a: Cryogonal|Recover|p1a: Cryogonal\n|-heal|p1a: Cryogonal|287/287 brn\n|move|p2a: Moltres|Fire Blast|p1a: Cryogonal\n|-supereffective|p1a: Cryogonal\n|-damage|p1a: Cryogonal|113/287 brn\n|\n|-damage|p1a: Cryogonal|96/287 brn|[from] brn\n|upkeep\n|turn|6\n|\n|t:|1781458066\n|switch|p1a: Veluza|Veluza, L85, M|292/292\n|move|p2a: Moltres|Fire Blast|p1a: Veluza\n|-resisted|p1a: Veluza\n|-damage|p1a: Veluza|210/292\n|\n|upkeep\n|turn|7\n|\n|t:|1781458081\n|switch|p2a: Brambleghast|Brambleghast, L88, F|240/240\n|move|p1a: Veluza|Night Slash|p2a: Brambleghast\n|-supereffective|p2a: Brambleghast\n|-damage|p2a: Brambleghast|64/240\n|\n|-heal|p2a: Brambleghast|79/240|[from] item: Leftovers\n|upkeep\n|turn|8\n|\n|t:|1781458093\n|move|p2a: Brambleghast|Poltergeist|p1a: Veluza\n|-activate|p1a: Veluza|move: Poltergeist|Sitrus Berry\n|-supereffective|p1a: Veluza\n|-damage|p1a: Veluza|0 fnt\n|faint|p1a: Veluza\n|\n|-heal|p2a: Brambleghast|94/240|[from] item: Leftovers\n|upkeep\n|\n|t:|1781458098\n|switch|p1a: Cryogonal|Cryogonal, L89|96/287 brn\n|turn|9\n|\n|t:|1781458105\n|move|p1a: Cryogonal|Freeze-Dry|p2a: Brambleghast\n|-supereffective|p2a: Brambleghast\n|-crit|p2a: Brambleghast\n|-damage|p2a: Brambleghast|0 fnt\n|faint|p2a: Brambleghast\n|\n|-damage|p1a: Cryogonal|79/287 brn|[from] brn\n|upkeep\n|\n|t:|1781458115\n|switch|p2a: Pelipper|Pelipper, L86, M|243/243\n|-weather|RainDance|[from] ability: Drizzle|[of] p2a: Pelipper\n|turn|10\n|\n|t:|1781458125\n|move|p1a: Cryogonal|Freeze-Dry|p2a: Pelipper\n|-supereffective|p2a: Pelipper\n|-damage|p2a: Pelipper|0 fnt\n|faint|p2a: Pelipper\n|\n|-weather|RainDance|[upkeep]\n|-damage|p1a: Cryogonal|62/287 brn|[from] brn\n|upkeep\n|\n|t:|1781458133\n|switch|p2a: Moltres|Moltres, L81|278/278\n|turn|11\n|\n|t:|1781458141\n|switch|p1a: Rhyperior|Rhyperior, L82, M|323/323\n|move|p2a: Moltres|Scorching Sands|p1a: Rhyperior\n|-supereffective|p1a: Rhyperior\n|-damage|p1a: Rhyperior|208/323\n|-enditem|p1a: Rhyperior|Weakness Policy\n|-boost|p1a: Rhyperior|atk|2|[from] item: Weakness Policy\n|-boost|p1a: Rhyperior|spa|2|[from] item: Weakness Policy\n|\n|-weather|RainDance|[upkeep]\n|upkeep\n|turn|12\n|\n|t:|1781458153\n|move|p2a: Moltres|Brave Bird|p1a: Rhyperior\n|-resisted|p1a: Rhyperior\n|-damage|p1a: Rhyperior|160/323\n|-damage|p2a: Moltres|262/278|[from] Recoil\n|move|p1a: Rhyperior|Stone Edge|p2a: Moltres\n|-supereffective|p2a: Moltres\n|-damage|p2a: Moltres|0 fnt\n|faint|p2a: Moltres\n|\n|-weather|RainDance|[upkeep]\n|upkeep\n|\n|t:|1781458167\n|switch|p2a: Poliwrath|Poliwrath, L88, F|302/302\n|turn|13\n|\n|t:|1781458195\n|move|p2a: Poliwrath|Knock Off|p1a: Rhyperior\n|-damage|p1a: Rhyperior|121/323\n|move|p1a: Rhyperior|Megahorn|p2a: Poliwrath\n|-resisted|p2a: Poliwrath\n|-damage|p2a: Poliwrath|213/302\n|\n|-weather|RainDance|[upkeep]\n|-heal|p2a: Poliwrath|231/302|[from] item: Leftovers\n|upkeep\n|turn|14\n|\n|t:|1781458204\n|move|p2a: Poliwrath|Liquidation|p1a: Rhyperior\n|-supereffective|p1a: Rhyperior\n|-damage|p1a: Rhyperior|0 fnt\n|faint|p1a: Rhyperior\n|\n|-weather|none\n|-heal|p2a: Poliwrath|249/302|[from] item: Leftovers\n|upkeep\n|\n|t:|1781458207\n|switch|p1a: Masquerain|Masquerain, L87, M|264/264\n|-ability|p1a: Masquerain|Intimidate|boost\n|-unboost|p2a: Poliwrath|atk|1\n|turn|15\n|\n|t:|1781458217\n|move|p1a: Masquerain|Hurricane|p2a: Poliwrath\n|-supereffective|p2a: Poliwrath\n|-damage|p2a: Poliwrath|31/302\n|-start|p2a: Poliwrath|confusion\n|-activate|p2a: Poliwrath|confusion\n|move|p2a: Poliwrath|Drain Punch|p1a: Masquerain\n|-resisted|p1a: Masquerain\n|-damage|p1a: Masquerain|246/264\n|-heal|p2a: Poliwrath|40/302|[from] drain|[of] p1a: Masquerain\n|\n|-heal|p2a: Poliwrath|58/302|[from] item: Leftovers\n|upkeep\n|turn|16\n|\n|t:|1781458230\n|move|p1a: Masquerain|Hurricane|p2a: Poliwrath\n|-supereffective|p2a: Poliwrath\n|-damage|p2a: Poliwrath|0 fnt\n|faint|p2a: Poliwrath\n|\n|upkeep\n|\n|t:|1781458236\n|switch|p2a: Flareon|Flareon, L90, F|263/263\n|turn|17\n|\n|t:|1781458248\n|move|p1a: Masquerain|Hydro Pump|p2a: Flareon\n|-supereffective|p2a: Flareon\n|-damage|p2a: Flareon|135/263\n|move|p2a: Flareon|Will-O-Wisp|p1a: Masquerain\n|-status|p1a: Masquerain|brn\n|\n|-damage|p1a: Masquerain|230/264 brn|[from] brn\n|-status|p2a: Flareon|tox|[from] item: Toxic Orb\n|upkeep\n|turn|18\n|\n|t:|1781458259\n|move|p1a: Masquerain|Hydro Pump|p2a: Flareon\n|-supereffective|p2a: Flareon\n|-damage|p2a: Flareon|7/263 tox\n|move|p2a: Flareon|Flare Blitz|p1a: Masquerain\n|-supereffective|p1a: Masquerain\n|-damage|p1a: Masquerain|0 fnt\n|faint|p1a: Masquerain\n|-damage|p2a: Flareon|0 fnt|[from] Recoil\n|faint|p2a: Flareon\n|\n|upkeep\n|\n|t:|1781458272\n|switch|p1a: Garchomp|Garchomp, L74, F|282/282\n|switch|p2a: Iron Crown|Iron Crown, L78|268/268\n|turn|19\n|\n|t:|1781458284\n|-terastallize|p1a: Garchomp|Steel\n|move|p2a: Iron Crown|Calm Mind|p2a: Iron Crown\n|-boost|p2a: Iron Crown|spa|1\n|-boost|p2a: Iron Crown|spd|1\n|move|p1a: Garchomp|Earthquake|p2a: Iron Crown\n|-supereffective|p2a: Iron Crown\n|-damage|p2a: Iron Crown|50/268\n|\n|-heal|p2a: Iron Crown|66/268|[from] item: Leftovers\n|upkeep\n|turn|20\n|\n|t:|1781458295\n|move|p2a: Iron Crown|Focus Blast|p1a: Garchomp|[miss]\n|-miss|p2a: Iron Crown|p1a: Garchomp\n|move|p1a: Garchomp|Earthquake|p2a: Iron Crown\n|-supereffective|p2a: Iron Crown\n|-damage|p2a: Iron Crown|0 fnt\n|faint|p2a: Iron Crown\n|-end|p2a: Iron Crown|Quark Drive|[silent]\n|\n|win|ichigogostosao\n", "uploadtime": 1781458303, "views": 2, "formatid": "gen9randombattle", "rating": null, "private": 0, "password": null}