{"id": "gen9randombattle-2631673457", "format": "[Gen 9] Random Battle", "players": ["Pikachu4897", "Shaiminlea"], "log": "|j|\u2606Pikachu4897\n|j|\u2606Shaiminlea\n|t:|1781419173\n|gametype|singles\n|player|p1|Pikachu4897|hilbert|1894\n|player|p2|Shaiminlea|blackbelt-gen4dp|1932\n|gen|9\n|tier|[Gen 9] Random Battle\n|rated|\n|rule|Species Clause: Limit one of each Pok\u00e9mon\n|rule|HP Percentage Mod: HP is shown in percentages\n|rule|Sleep Clause Mod: Limit one foe put to sleep\n|rule|Illusion Level Mod: Illusion disguises the Pok\u00e9mon's true level\n|\n|t:|1781419173\n|teamsize|p1|6\n|teamsize|p2|6\n|start\n|switch|p1a: Revavroom|Revavroom, L79, M|256/256\n|switch|p2a: Haxorus|Haxorus, L77, M|244/244\n|-ability|p2a: Haxorus|Mold Breaker\n|turn|1\n|inactive|Battle timer is ON: inactive players will automatically lose when time's up. (requested by Shaiminlea)\n|inactive|Pikachu4897 also wants the timer to be on.\n|\n|t:|1781419185\n|switch|p1a: Misdreavus|Misdreavus, L90, M|254/254\n|move|p2a: Haxorus|Earthquake|p1a: Misdreavus\n|-damage|p1a: Misdreavus|183/254\n|\n|upkeep\n|turn|2\n|inactive|Shaiminlea has 120 seconds left.\n|\n|t:|1781419227\n|switch|p2a: Heracross|Heracross, L80, F|259/259\n|move|p1a: Misdreavus|Will-O-Wisp|p2a: Heracross|[miss]\n|-miss|p1a: Misdreavus|p2a: Heracross\n|\n|-status|p2a: Heracross|brn|[from] item: Flame Orb\n|upkeep\n|turn|3\n|inactive|Pikachu4897 has 120 seconds left.\n|\n|t:|1781419249\n|switch|p1a: Ninetales|Ninetales, L85, M|263/263\n|-weather|SunnyDay|[from] ability: Drought|[of] p1a: Ninetales\n|move|p2a: Heracross|Trailblaze|p1a: Ninetales\n|-resisted|p1a: Ninetales\n|-damage|p1a: Ninetales|231/263\n|-boost|p2a: Heracross|spe|1\n|\n|-weather|SunnyDay|[upkeep]\n|-damage|p2a: Heracross|243/259 brn|[from] brn\n|upkeep\n|turn|4\n|inactive|Shaiminlea has 120 seconds left.\n|\n|t:|1781419274\n|move|p2a: Heracross|Facade|p1a: Ninetales\n|-damage|p1a: Ninetales|59/263\n|move|p1a: Ninetales|Fire Blast|p2a: Heracross\n|-supereffective|p2a: Heracross\n|-damage|p2a: Heracross|0 fnt\n|faint|p2a: Heracross\n|\n|-weather|SunnyDay|[upkeep]\n|upkeep\n|\n|t:|1781419286\n|switch|p2a: Camerupt|Camerupt, L91, F|275/275\n|turn|5\n|\n|t:|1781419296\n|move|p1a: Ninetales|Scorching Sands|p2a: Camerupt\n|-supereffective|p2a: Camerupt\n|-damage|p2a: Camerupt|211/275\n|move|p2a: Camerupt|Earthquake|p1a: Ninetales\n|-supereffective|p1a: Ninetales\n|-damage|p1a: Ninetales|0 fnt\n|faint|p1a: Ninetales\n|\n|-weather|SunnyDay|[upkeep]\n|-heal|p2a: Camerupt|228/275|[from] item: Leftovers\n|upkeep\n|inactive|Pikachu4897 has 120 seconds left.\n|\n|t:|1781419317\n|switch|p1a: Farigiraf|Farigiraf, L90, F|362/362\n|turn|6\n|inactive|Pikachu4897 has 120 seconds left.\n|\n|t:|1781419327\n|move|p1a: Farigiraf|Body Slam|p2a: Camerupt\n|-damage|p2a: Camerupt|123/275\n|-status|p2a: Camerupt|par\n|move|p2a: Camerupt|Stealth Rock|p1a: Farigiraf\n|-sidestart|p1: Pikachu4897|move: Stealth Rock\n|\n|-weather|SunnyDay|[upkeep]\n|-heal|p2a: Camerupt|140/275 par|[from] item: Leftovers\n|upkeep\n|turn|7\n|inactive|Shaiminlea has 120 seconds left.\n|\n|t:|1781419348\n|move|p1a: Farigiraf|Body Slam|p2a: Camerupt\n|-damage|p2a: Camerupt|26/275 par\n|move|p2a: Camerupt|Will-O-Wisp|p1a: Farigiraf\n|-status|p1a: Farigiraf|brn\n|\n|-weather|none\n|-heal|p2a: Camerupt|43/275 par|[from] item: Leftovers\n|-damage|p1a: Farigiraf|340/362 brn|[from] brn\n|upkeep\n|turn|8\n|\n|t:|1781419356\n|move|p1a: Farigiraf|Psychic Noise|p2a: Camerupt\n|-damage|p2a: Camerupt|0 fnt\n|faint|p2a: Camerupt\n|\n|-heal|p1a: Farigiraf|362/362 brn|[from] item: Leftovers\n|-damage|p1a: Farigiraf|340/362 brn|[from] brn\n|upkeep\n|\n|t:|1781419363\n|switch|p2a: Haxorus|Haxorus, L77, M|244/244\n|-ability|p2a: Haxorus|Mold Breaker\n|turn|9\n|\n|t:|1781419371\n|move|p2a: Haxorus|Dragon Dance|p2a: Haxorus\n|-boost|p2a: Haxorus|atk|1\n|-boost|p2a: Haxorus|spe|1\n|move|p1a: Farigiraf|Wish|p1a: Farigiraf\n|\n|-heal|p1a: Farigiraf|362/362 brn|[from] item: Leftovers\n|-damage|p1a: Farigiraf|340/362 brn|[from] brn\n|upkeep\n|turn|10\n|inactive|Shaiminlea has 120 seconds left.\n|\n|t:|1781419399\n|switch|p1a: Misdreavus|Misdreavus, L90, M|183/254\n|-damage|p1a: Misdreavus|152/254|[from] Stealth Rock\n|move|p2a: Haxorus|Iron Head|p1a: Misdreavus\n|-damage|p1a: Misdreavus|63/254\n|\n|-heal|p1a: Misdreavus|244/254|[from] move: Wish|[wisher] Farigiraf\n|upkeep\n|turn|11\n|\n|t:|1781419418\n|move|p2a: Haxorus|Outrage|p1a: Misdreavus\n|-damage|p1a: Misdreavus|55/254\n|move|p1a: Misdreavus|Will-O-Wisp|p2a: Haxorus\n|-status|p2a: Haxorus|brn\n|-enditem|p2a: Haxorus|Lum Berry|[eat]\n|-curestatus|p2a: Haxorus|brn|[msg]\n|\n|upkeep\n|turn|12\n|\n|t:|1781419438\n|-terastallize|p1a: Misdreavus|Fairy\n|move|p2a: Haxorus|Outrage|p1a: Misdreavus|[from] lockedmove\n|-immune|p1a: Misdreavus\n|-start|p2a: Haxorus|confusion|[fatigue]\n|move|p1a: Misdreavus|Draining Kiss|p2a: Haxorus\n|-supereffective|p2a: Haxorus\n|-damage|p2a: Haxorus|82/244\n|-heal|p1a: Misdreavus|177/254|[from] drain|[of] p2a: Haxorus\n|\n|upkeep\n|turn|13\n|\n|t:|1781419452\n|-activate|p2a: Haxorus|confusion\n|move|p2a: Haxorus|Iron Head|p1a: Misdreavus\n|-supereffective|p1a: Misdreavus\n|-damage|p1a: Misdreavus|5/254\n|cant|p1a: Misdreavus|flinch\n|\n|upkeep\n|turn|14\n|\n|t:|1781419457\n|-activate|p2a: Haxorus|confusion\n|move|p2a: Haxorus|Iron Head|p1a: Misdreavus\n|-supereffective|p1a: Misdreavus\n|-damage|p1a: Misdreavus|0 fnt\n|faint|p1a: Misdreavus\n|\n|upkeep\n|\n|t:|1781419468\n|switch|p1a: Farigiraf|Farigiraf, L90, F|340/362 brn\n|-damage|p1a: Farigiraf|295/362 brn|[from] Stealth Rock\n|turn|15\n|\n|t:|1781419491\n|-activate|p2a: Haxorus|confusion\n|move|p2a: Haxorus|Iron Head|p1a: Farigiraf\n|-damage|p1a: Farigiraf|194/362 brn\n|cant|p1a: Farigiraf|flinch\n|\n|-heal|p1a: Farigiraf|216/362 brn|[from] item: Leftovers\n|-damage|p1a: Farigiraf|194/362 brn|[from] brn\n|upkeep\n|turn|16\n|\n|t:|1781419498\n|-activate|p2a: Haxorus|confusion\n|-damage|p2a: Haxorus|32/244|[from] confusion\n|move|p1a: Farigiraf|Psychic Noise|p2a: Haxorus\n|-damage|p2a: Haxorus|0 fnt\n|faint|p2a: Haxorus\n|\n|-heal|p1a: Farigiraf|216/362 brn|[from] item: Leftovers\n|-damage|p1a: Farigiraf|194/362 brn|[from] brn\n|upkeep\n|\n|t:|1781419506\n|switch|p2a: Toedscruel|Toedscruel, L87, F|281/281\n|turn|17\n|\n|t:|1781419515\n|move|p2a: Toedscruel|Knock Off|p1a: Farigiraf\n|-supereffective|p1a: Farigiraf\n|-damage|p1a: Farigiraf|78/362 brn\n|-enditem|p1a: Farigiraf|Leftovers|[from] move: Knock Off|[of] p2a: Toedscruel\n|move|p1a: Farigiraf|Wish|p1a: Farigiraf\n|\n|-damage|p1a: Farigiraf|56/362 brn|[from] brn\n|upkeep\n|turn|18\n|\n|t:|1781419527\n|move|p1a: Farigiraf|Protect|p1a: Farigiraf\n|-singleturn|p1a: Farigiraf|Protect\n|move|p2a: Toedscruel|Knock Off|p1a: Farigiraf\n|-activate|p1a: Farigiraf|move: Protect\n|\n|-heal|p1a: Farigiraf|237/362 brn|[from] move: Wish|[wisher] Farigiraf\n|-damage|p1a: Farigiraf|215/362 brn|[from] brn\n|upkeep\n|turn|19\n|\n|t:|1781419533\n|move|p2a: Toedscruel|Knock Off|p1a: Farigiraf\n|-supereffective|p1a: Farigiraf\n|-damage|p1a: Farigiraf|135/362 brn\n|move|p1a: Farigiraf|Wish|p1a: Farigiraf\n|\n|-damage|p1a: Farigiraf|113/362 brn|[from] brn\n|upkeep\n|turn|20\n|inactive|Shaiminlea has 120 seconds left.\n|\n|t:|1781419569\n|switch|p2a: Vileplume|Vileplume, L85, F|266/266\n|move|p1a: Farigiraf|Protect||[still]\n|-fail|p1a: Farigiraf\n|\n|-heal|p1a: Farigiraf|294/362 brn|[from] move: Wish|[wisher] Farigiraf\n|-damage|p1a: Farigiraf|272/362 brn|[from] brn\n|upkeep\n|turn|21\n|inactive|Shaiminlea has 120 seconds left.\n|\n|t:|1781419584\n|move|p1a: Farigiraf|Psychic Noise|p2a: Vileplume\n|-supereffective|p2a: Vileplume\n|-damage|p2a: Vileplume|50/266\n|-start|p2a: Vileplume|move: Heal Block\n|move|p2a: Vileplume|Sludge Bomb|p1a: Farigiraf\n|-damage|p1a: Farigiraf|145/362 brn\n|\n|-damage|p1a: Farigiraf|123/362 brn|[from] brn\n|upkeep\n|turn|22\n|\n|t:|1781419595\n|move|p1a: Farigiraf|Psychic Noise|p2a: Vileplume\n|-supereffective|p2a: Vileplume\n|-damage|p2a: Vileplume|0 fnt\n|faint|p2a: Vileplume\n|\n|-damage|p1a: Farigiraf|101/362 brn|[from] brn\n|upkeep\n|inactive|Shaiminlea has 120 seconds left.\n|\n|t:|1781419615\n|switch|p2a: Toedscruel|Toedscruel, L87, F|281/281\n|turn|23\n|\n|t:|1781419623\n|move|p2a: Toedscruel|Knock Off|p1a: Farigiraf\n|-supereffective|p1a: Farigiraf\n|-damage|p1a: Farigiraf|17/362 brn\n|move|p1a: Farigiraf|Wish|p1a: Farigiraf\n|\n|-damage|p1a: Farigiraf|0 fnt|[from] brn\n|faint|p1a: Farigiraf\n|upkeep\n|\n|t:|1781419640\n|switch|p1a: Shaymin|Shaymin, L82|298/298\n|-damage|p1a: Shaymin|261/298|[from] Stealth Rock\n|turn|24\n|\n|t:|1781419653\n|move|p2a: Toedscruel|Knock Off|p1a: Shaymin\n|-damage|p1a: Shaymin|208/298\n|-enditem|p1a: Shaymin|Leftovers|[from] move: Knock Off|[of] p2a: Toedscruel\n|move|p1a: Shaymin|Air Slash|p2a: Toedscruel\n|-supereffective|p2a: Toedscruel\n|-damage|p2a: Toedscruel|225/281\n|\n|-heal|p1a: Shaymin|298/298|[from] move: Wish|[wisher] Farigiraf\n|upkeep\n|turn|25\n|inactive|Shaiminlea has 120 seconds left.\n|\n|t:|1781419671\n|move|p2a: Toedscruel|Earth Power|p1a: Shaymin\n|-resisted|p1a: Shaymin\n|-damage|p1a: Shaymin|259/298\n|-unboost|p1a: Shaymin|spd|1\n|move|p1a: Shaymin|Seed Flare|p2a: Toedscruel\n|-damage|p2a: Toedscruel|156/281\n|\n|upkeep\n|turn|26\n|\n|t:|1781419682\n|move|p2a: Toedscruel|Giga Drain|p1a: Shaymin\n|-resisted|p1a: Shaymin\n|-damage|p1a: Shaymin|208/298\n|-heal|p2a: Toedscruel|182/281|[from] drain|[of] p1a: Shaymin\n|move|p1a: Shaymin|Seed Flare|p2a: Toedscruel\n|-damage|p2a: Toedscruel|116/281\n|-unboost|p2a: Toedscruel|spd|2\n|\n|upkeep\n|turn|27\n|\n|t:|1781419693\n|switch|p2a: Dudunsparce|Dudunsparce-Three-Segment, L83, M|343/343\n|move|p1a: Shaymin|Air Slash|p2a: Dudunsparce\n|-damage|p2a: Dudunsparce|285/343\n|\n|-heal|p2a: Dudunsparce|306/343|[from] item: Leftovers\n|upkeep\n|turn|28\n|\n|t:|1781419702\n|move|p1a: Shaymin|Leech Seed|p2a: Dudunsparce\n|-start|p2a: Dudunsparce|move: Leech Seed\n|move|p2a: Dudunsparce|Headbutt|p1a: Shaymin\n|-damage|p1a: Shaymin|133/298\n|\n|-heal|p2a: Dudunsparce|327/343|[from] item: Leftovers\n|-damage|p2a: Dudunsparce|285/343|[from] Leech Seed|[of] p1a: Shaymin\n|-heal|p1a: Shaymin|175/298|[silent]\n|upkeep\n|turn|29\n|\n|t:|1781419710\n|move|p1a: Shaymin|Seed Flare|p2a: Dudunsparce\n|-damage|p2a: Dudunsparce|141/343\n|move|p2a: Dudunsparce|Headbutt|p1a: Shaymin\n|-damage|p1a: Shaymin|99/298\n|\n|-heal|p2a: Dudunsparce|162/343|[from] item: Leftovers\n|-damage|p2a: Dudunsparce|120/343|[from] Leech Seed|[of] p1a: Shaymin\n|-heal|p1a: Shaymin|141/298|[silent]\n|upkeep\n|turn|30\n|\n|t:|1781419718\n|move|p1a: Shaymin|Seed Flare|p2a: Dudunsparce\n|-damage|p2a: Dudunsparce|0 fnt\n|faint|p2a: Dudunsparce\n|\n|upkeep\n|\n|t:|1781419737\n|switch|p2a: Toedscruel|Toedscruel, L87, F|116/281\n|turn|31\n|\n|t:|1781419745\n|move|p2a: Toedscruel|Giga Drain|p1a: Shaymin\n|-resisted|p1a: Shaymin\n|-damage|p1a: Shaymin|95/298\n|-heal|p2a: Toedscruel|139/281|[from] drain|[of] p1a: Shaymin\n|move|p1a: Shaymin|Seed Flare|p2a: Toedscruel\n|-damage|p2a: Toedscruel|75/281\n|\n|upkeep\n|turn|32\n|\n|t:|1781419765\n|move|p2a: Toedscruel|Giga Drain|p1a: Shaymin\n|-resisted|p1a: Shaymin\n|-damage|p1a: Shaymin|44/298\n|-heal|p2a: Toedscruel|101/281|[from] drain|[of] p1a: Shaymin\n|move|p1a: Shaymin|Air Slash|p2a: Toedscruel\n|-supereffective|p2a: Toedscruel\n|-damage|p2a: Toedscruel|49/281\n|\n|upkeep\n|turn|33\n|\n|t:|1781419774\n|move|p2a: Toedscruel|Giga Drain|p1a: Shaymin\n|-resisted|p1a: Shaymin\n|-damage|p1a: Shaymin|0 fnt\n|-heal|p2a: Toedscruel|71/281|[from] drain|[of] p1a: Shaymin\n|faint|p1a: Shaymin\n|\n|upkeep\n|\n|t:|1781419778\n|switch|p1a: Revavroom|Revavroom, L79, M|256/256\n|-damage|p1a: Revavroom|240/256|[from] Stealth Rock\n|turn|34\n|\n|t:|1781419784\n|move|p2a: Toedscruel|Earth Power|p1a: Revavroom\n|-supereffective|p1a: Revavroom\n|-damage|p1a: Revavroom|0 fnt\n|faint|p1a: Revavroom\n|\n|upkeep\n|\n|t:|1781419787\n|switch|p1a: Zekrom|Zekrom, L71|259/259\n|-damage|p1a: Zekrom|227/259|[from] Stealth Rock\n|-ability|p1a: Zekrom|Teravolt\n|turn|35\n|\n|t:|1781419794\n|move|p2a: Toedscruel|Earth Power|p1a: Zekrom\n|-supereffective|p1a: Zekrom\n|-damage|p1a: Zekrom|41/259\n|move|p1a: Zekrom|Outrage|p2a: Toedscruel\n|-damage|p2a: Toedscruel|0 fnt\n|faint|p2a: Toedscruel\n|\n|win|Pikachu4897\n|raw|Pikachu4897's rating: 1894 &rarr; <strong>1915</strong><br />(+21 for winning)\n|raw|Shaiminlea's rating: 1908 &rarr; <strong>1887</strong><br />(-21 for losing)\n", "uploadtime": 1781419795, "views": 3, "formatid": "gen9randombattle", "rating": 1887, "private": 0, "password": null}