{"id": "gen9randombattle-2631398162", "format": "[Gen 9] Random Battle", "players": ["Gribobes", "APin23"], "log": "|j|\u2606Gribobes\n|j|\u2606APin23\n|t:|1781379875\n|gametype|singles\n|player|p1|Gribobes|170|1163\n|player|p2|APin23|dawn-gen4pt|1187\n|gen|9\n|tier|[Gen 9] Random Battle\n|rated|\n|rule|Species Clause: Limit one of each Pok\u00e9mon\n|rule|HP Percentage Mod: HP is shown in percentages\n|rule|Sleep Clause Mod: Limit one foe put to sleep\n|rule|Illusion Level Mod: Illusion disguises the Pok\u00e9mon's true level\n|\n|t:|1781379875\n|teamsize|p1|6\n|teamsize|p2|6\n|start\n|switch|p1a: Toxapex|Toxapex, L82, F|216/216\n|switch|p2a: Ambipom|Ambipom, L84, M|263/263\n|turn|1\n|\n|t:|1781379890\n|move|p2a: Ambipom|Knock Off|p1a: Toxapex\n|-damage|p1a: Toxapex|141/216\n|-enditem|p1a: Toxapex|Leftovers|[from] move: Knock Off|[of] p2a: Ambipom\n|move|p1a: Toxapex|Toxic|p2a: Ambipom\n|-status|p2a: Ambipom|tox\n|\n|-damage|p2a: Ambipom|247/263 tox|[from] psn\n|upkeep\n|turn|2\n|\n|t:|1781379906\n|switch|p2a: Meowstic|Meowstic, L89, M|277/277\n|move|p1a: Toxapex|Recover|p1a: Toxapex\n|-heal|p1a: Toxapex|216/216\n|\n|upkeep\n|turn|3\n|\n|t:|1781379914\n|move|p2a: Meowstic|Yawn|p1a: Toxapex\n|-start|p1a: Toxapex|move: Yawn|[of] p2a: Meowstic\n|move|p1a: Toxapex|Toxic|p2a: Meowstic\n|-status|p2a: Meowstic|tox\n|\n|-damage|p2a: Meowstic|260/277 tox|[from] psn\n|upkeep\n|turn|4\n|\n|t:|1781379921\n|switch|p1a: Espathra|Espathra, L80, M|283/283\n|move|p2a: Meowstic|Psychic Noise|p1a: Espathra\n|-resisted|p1a: Espathra\n|-damage|p1a: Espathra|227/283\n|-start|p1a: Espathra|move: Heal Block\n|\n|-heal|p2a: Meowstic|277/277 tox|[from] item: Leftovers\n|-damage|p2a: Meowstic|243/277 tox|[from] psn\n|upkeep\n|turn|5\n|\n|t:|1781379934\n|move|p2a: Meowstic|Thunder Wave|p1a: Espathra\n|-status|p1a: Espathra|par\n|cant|p1a: Espathra|par\n|\n|-heal|p2a: Meowstic|260/277 tox|[from] item: Leftovers\n|-damage|p2a: Meowstic|209/277 tox|[from] psn\n|-end|p1a: Espathra|move: Heal Block\n|-ability|p1a: Espathra|Speed Boost|boost\n|-boost|p1a: Espathra|spe|1\n|upkeep\n|turn|6\n|\n|t:|1781379938\n|move|p2a: Meowstic|Alluring Voice|p1a: Espathra\n|-crit|p1a: Espathra\n|-damage|p1a: Espathra|117/283 par\n|move|p1a: Espathra|Shadow Ball|p2a: Meowstic\n|-supereffective|p2a: Meowstic\n|-damage|p2a: Meowstic|37/277 tox\n|\n|-heal|p2a: Meowstic|54/277 tox|[from] item: Leftovers\n|-damage|p2a: Meowstic|0 fnt|[from] psn\n|faint|p2a: Meowstic\n|-ability|p1a: Espathra|Speed Boost|boost\n|-boost|p1a: Espathra|spe|1\n|upkeep\n|\n|t:|1781379956\n|switch|p2a: Goodra|Goodra, L85, F|292/292\n|turn|7\n|\n|t:|1781379961\n|move|p1a: Espathra|Shadow Ball|p2a: Goodra\n|-damage|p2a: Goodra|259/292\n|move|p2a: Goodra|Power Whip|p1a: Espathra\n|-damage|p1a: Espathra|0 fnt\n|faint|p1a: Espathra\n|\n|upkeep\n|\n|t:|1781379971\n|switch|p1a: Toxapex|Toxapex, L82, F|216/216\n|turn|8\n|\n|t:|1781379978\n|move|p2a: Goodra|Earthquake|p1a: Toxapex\n|-supereffective|p1a: Toxapex\n|-damage|p1a: Toxapex|122/216\n|move|p1a: Toxapex|Toxic|p2a: Goodra\n|-status|p2a: Goodra|tox\n|\n|-damage|p2a: Goodra|241/292 tox|[from] psn\n|upkeep\n|turn|9\n|\n|t:|1781379999\n|move|p2a: Goodra|Earthquake|p1a: Toxapex\n|-supereffective|p1a: Toxapex\n|-damage|p1a: Toxapex|18/216\n|move|p1a: Toxapex|Recover|p1a: Toxapex\n|-heal|p1a: Toxapex|126/216\n|\n|-damage|p2a: Goodra|205/292 tox|[from] psn\n|upkeep\n|turn|10\n|\n|t:|1781380006\n|move|p2a: Goodra|Earthquake|p1a: Toxapex\n|-supereffective|p1a: Toxapex\n|-damage|p1a: Toxapex|24/216\n|move|p1a: Toxapex|Recover|p1a: Toxapex\n|-heal|p1a: Toxapex|132/216\n|\n|-damage|p2a: Goodra|151/292 tox|[from] psn\n|upkeep\n|turn|11\n|\n|t:|1781380015\n|switch|p2a: Meganium|Meganium, L90, M|290/290\n|move|p1a: Toxapex|Recover|p1a: Toxapex\n|-heal|p1a: Toxapex|216/216\n|\n|upkeep\n|turn|12\n|\n|t:|1781380028\n|-terastallize|p2a: Meganium|Steel\n|move|p2a: Meganium|Energy Ball|p1a: Toxapex\n|-crit|p1a: Toxapex\n|-damage|p1a: Toxapex|119/216\n|move|p1a: Toxapex|Toxic|p2a: Meganium\n|-immune|p2a: Meganium\n|\n|upkeep\n|turn|13\n|\n|t:|1781380047\n|switch|p1a: Altaria|Altaria, L89, M|278/278\n|move|p2a: Meganium|Dragon Tail|p1a: Altaria\n|-supereffective|p1a: Altaria\n|-damage|p1a: Altaria|200/278\n|drag|p1a: Toxapex|Toxapex, L82, F|191/216\n|\n|upkeep\n|turn|14\n|\n|t:|1781380061\n|switch|p1a: Altaria|Altaria, L89, M|200/278\n|move|p2a: Meganium|Energy Ball|p1a: Altaria\n|-resisted|p1a: Altaria\n|-damage|p1a: Altaria|180/278\n|\n|upkeep\n|turn|15\n|\n|t:|1781380070\n|move|p1a: Altaria|Dragon Dance|p1a: Altaria\n|-boost|p1a: Altaria|atk|1\n|-boost|p1a: Altaria|spe|1\n|move|p2a: Meganium|Dragon Tail|p1a: Altaria\n|-supereffective|p1a: Altaria\n|-damage|p1a: Altaria|102/278\n|drag|p1a: Mewtwo|Mewtwo, L72|272/272\n|-ability|p1a: Mewtwo|Unnerve\n|\n|upkeep\n|turn|16\n|\n|t:|1781380079\n|move|p1a: Mewtwo|Nasty Plot|p1a: Mewtwo\n|-boost|p1a: Mewtwo|spa|2\n|move|p2a: Meganium|Knock Off|p1a: Mewtwo\n|-supereffective|p1a: Mewtwo\n|-damage|p1a: Mewtwo|112/272\n|-enditem|p1a: Mewtwo|Life Orb|[from] move: Knock Off|[of] p2a: Meganium\n|\n|upkeep\n|turn|17\n|\n|t:|1781380092\n|move|p1a: Mewtwo|Aura Sphere|p2a: Meganium\n|-supereffective|p2a: Meganium\n|-damage|p2a: Meganium|84/290\n|move|p2a: Meganium|Dragon Tail|p1a: Mewtwo\n|-damage|p1a: Mewtwo|61/272\n|drag|p1a: Altaria|Altaria, L89, M|102/278\n|\n|-heal|p2a: Meganium|102/290|[from] item: Leftovers\n|upkeep\n|turn|18\n|\n|t:|1781380098\n|move|p1a: Altaria|Earthquake|p2a: Meganium\n|-supereffective|p2a: Meganium\n|-damage|p2a: Meganium|0 fnt\n|faint|p2a: Meganium\n|\n|upkeep\n|\n|t:|1781380105\n|switch|p2a: Ambipom|Ambipom, L84, M|247/263 tox\n|turn|19\n|\n|t:|1781380111\n|move|p2a: Ambipom|Triple Axel|p1a: Altaria\n|-supereffective|p1a: Altaria\n|-damage|p1a: Altaria|0 fnt\n|faint|p1a: Altaria\n|-hitcount|p1: Altaria|1\n|\n|-damage|p2a: Ambipom|231/263 tox|[from] psn\n|upkeep\n|\n|t:|1781380117\n|switch|p1a: Ursaring|Ursaring, L84, F|288/288\n|turn|20\n|\n|t:|1781380124\n|switch|p2a: Medicham|Medicham, L86, F|243/243\n|move|p1a: Ursaring|Close Combat|p2a: Medicham\n|-resisted|p2a: Medicham\n|-damage|p2a: Medicham|185/243\n|-unboost|p1a: Ursaring|def|1\n|-unboost|p1a: Ursaring|spd|1\n|\n|-status|p1a: Ursaring|tox|[from] item: Toxic Orb\n|upkeep\n|turn|21\n|\n|t:|1781380134\n|move|p1a: Ursaring|Facade|p2a: Medicham\n|-damage|p2a: Medicham|0 fnt\n|faint|p2a: Medicham\n|\n|-damage|p1a: Ursaring|270/288 tox|[from] psn\n|upkeep\n|\n|t:|1781380139\n|switch|p2a: Gouging Fire|Gouging Fire, L74|277/277\n|turn|22\n|\n|t:|1781380150\n|move|p1a: Ursaring|Facade|p2a: Gouging Fire\n|-damage|p2a: Gouging Fire|105/277\n|move|p2a: Gouging Fire|Outrage|p1a: Ursaring\n|-damage|p1a: Ursaring|89/288 tox\n|\n|-damage|p1a: Ursaring|53/288 tox|[from] psn\n|upkeep\n|turn|23\n|\n|t:|1781380157\n|move|p1a: Ursaring|Facade|p2a: Gouging Fire\n|-damage|p2a: Gouging Fire|0 fnt\n|faint|p2a: Gouging Fire\n|-end|p2a: Gouging Fire|Protosynthesis|[silent]\n|\n|-damage|p1a: Ursaring|0 fnt|[from] psn\n|faint|p1a: Ursaring\n|upkeep\n|\n|t:|1781380175\n|switch|p2a: Ambipom|Ambipom, L84, M|231/263 tox\n|switch|p1a: Arceus|Arceus-Ground, L70|284/284\n|turn|24\n|\n|t:|1781380182\n|move|p2a: Ambipom|Triple Axel|p1a: Arceus\n|-supereffective|p1a: Arceus\n|-damage|p1a: Arceus|220/284\n|-supereffective|p1a: Arceus\n|-damage|p1a: Arceus|100/284\n|-supereffective|p1a: Arceus\n|-damage|p1a: Arceus|0 fnt\n|faint|p1a: Arceus\n|-hitcount|p1: Arceus|3\n|\n|-damage|p2a: Ambipom|215/263 tox|[from] psn\n|upkeep\n|\n|t:|1781380188\n|switch|p1a: Mewtwo|Mewtwo, L72|61/272\n|-ability|p1a: Mewtwo|Unnerve\n|turn|25\n|\n|t:|1781380191\n|move|p2a: Ambipom|Triple Axel|p1a: Mewtwo\n|-damage|p1a: Mewtwo|27/272\n|-damage|p1a: Mewtwo|0 fnt\n|faint|p1a: Mewtwo\n|-hitcount|p1: Mewtwo|2\n|\n|-damage|p2a: Ambipom|183/263 tox|[from] psn\n|upkeep\n|\n|t:|1781380193\n|switch|p1a: Toxapex|Toxapex, L82, F|216/216\n|turn|26\n|\n|t:|1781380200\n|switch|p2a: Goodra|Goodra, L85, F|151/292 tox\n|move|p1a: Toxapex|Recover||[still]\n|-fail|p1a: Toxapex|heal\n|\n|-damage|p2a: Goodra|133/292 tox|[from] psn\n|upkeep\n|turn|27\n|\n|t:|1781380240\n|move|p2a: Goodra|Scald|p1a: Toxapex\n|-resisted|p1a: Toxapex\n|-damage|p1a: Toxapex|193/216\n|-status|p1a: Toxapex|brn\n|move|p1a: Toxapex|Recover|p1a: Toxapex\n|-heal|p1a: Toxapex|216/216 brn\n|\n|-damage|p2a: Goodra|97/292 tox|[from] psn\n|-damage|p1a: Toxapex|203/216 brn|[from] brn\n|upkeep\n|turn|28\n|\n|t:|1781380250\n|move|p2a: Goodra|Earthquake|p1a: Toxapex\n|-supereffective|p1a: Toxapex\n|-damage|p1a: Toxapex|93/216 brn\n|move|p1a: Toxapex|Recover|p1a: Toxapex\n|-heal|p1a: Toxapex|201/216 brn\n|\n|-damage|p2a: Goodra|43/292 tox|[from] psn\n|-damage|p1a: Toxapex|188/216 brn|[from] brn\n|upkeep\n|turn|29\n|\n|t:|1781380256\n|move|p2a: Goodra|Draco Meteor|p1a: Toxapex\n|-damage|p1a: Toxapex|86/216 brn\n|-unboost|p2a: Goodra|spa|2\n|move|p1a: Toxapex|Recover|p1a: Toxapex\n|-heal|p1a: Toxapex|194/216 brn\n|\n|-damage|p2a: Goodra|0 fnt|[from] psn\n|faint|p2a: Goodra\n|-damage|p1a: Toxapex|181/216 brn|[from] brn\n|upkeep\n|\n|t:|1781380262\n|switch|p2a: Ambipom|Ambipom, L84, M|183/263 tox\n|turn|30\n|\n|t:|1781380269\n|move|p2a: Ambipom|Double-Edge|p1a: Toxapex\n|-damage|p1a: Toxapex|57/216 brn\n|-damage|p2a: Ambipom|142/263 tox|[from] Recoil\n|move|p1a: Toxapex|Liquidation|p2a: Ambipom\n|-damage|p2a: Ambipom|106/263 tox\n|\n|-damage|p2a: Ambipom|90/263 tox|[from] psn\n|-damage|p1a: Toxapex|44/216 brn|[from] brn\n|upkeep\n|turn|31\n|\n|t:|1781380277\n|move|p2a: Ambipom|Double-Edge|p1a: Toxapex\n|-damage|p1a: Toxapex|0 fnt\n|faint|p1a: Toxapex\n|-damage|p2a: Ambipom|75/263 tox|[from] Recoil\n|\n|win|APin23\n|raw|Gribobes's rating: 1163 &rarr; <strong>1140</strong><br />(-23 for losing)\n|raw|APin23's rating: 1187 &rarr; <strong>1210</strong><br />(+23 for winning)\n|c|\u2606APin23|gg\n|c|\u2606Gribobes|GG\n|l|\u2606Gribobes\n|player|p1|\n", "uploadtime": 1781380289, "views": 9, "formatid": "gen9randombattle", "rating": 1140, "private": 0, "password": null}