{"id": "gen9randombattle-2631821834", "format": "[Gen 9] Random Battle", "players": ["Noooooooooooobs", "Helyoo97"], "log": "|j|\u2606Noooooooooooobs\n|j|\u2606Helyoo97\n|t:|1781444492\n|gametype|singles\n|player|p1|Noooooooooooobs|170|1595\n|player|p2|Helyoo97|1|1592\n|gen|9\n|tier|[Gen 9] Random Battle\n|rated|\n|rule|Species Clause: Limit one of each Pok\u00e9mon\n|rule|HP Percentage Mod: HP is shown in percentages\n|rule|Sleep Clause Mod: Limit one foe put to sleep\n|rule|Illusion Level Mod: Illusion disguises the Pok\u00e9mon's true level\n|\n|t:|1781444492\n|teamsize|p1|6\n|teamsize|p2|6\n|start\n|switch|p1a: Gholdengo|Gholdengo, L77|261/261\n|switch|p2a: Golem|Golem-Alola, L93, F|300/300\n|turn|1\n|inactive|Battle timer is ON: inactive players will automatically lose when time's up. (requested by Noooooooooooobs)\n|inactive|Helyoo97 also wants the timer to be on.\n|\n|t:|1781444516\n|move|p1a: Gholdengo|Focus Blast|p2a: Golem\n|-supereffective|p2a: Golem\n|-damage|p2a: Golem|86/300\n|move|p2a: Golem|Earthquake|p1a: Gholdengo\n|-supereffective|p1a: Gholdengo\n|-damage|p1a: Gholdengo|0 fnt\n|faint|p1a: Gholdengo\n|\n|upkeep\n|\n|t:|1781444529\n|switch|p1a: Suicune|Suicune, L82|298/298\n|-ability|p1a: Suicune|Pressure\n|turn|2\n|\n|t:|1781444535\n|move|p1a: Suicune|Scald|p2a: Golem\n|-supereffective|p2a: Golem\n|-damage|p2a: Golem|0 fnt\n|faint|p2a: Golem\n|\n|upkeep\n|\n|t:|1781444544\n|switch|p2a: Luvdisc|Luvdisc, F|247/247\n|turn|3\n|\n|t:|1781444557\n|switch|p1a: Dedenne|Dedenne, L88, F|261/261\n|move|p2a: Luvdisc|Substitute|p2a: Luvdisc\n|-start|p2a: Luvdisc|Substitute\n|-damage|p2a: Luvdisc|186/247\n|\n|upkeep\n|turn|4\n|\n|t:|1781444572\n|move|p2a: Luvdisc|Surf|p1a: Dedenne\n|-damage|p1a: Dedenne|177/261\n|move|p1a: Dedenne|Thunderbolt|p2a: Luvdisc\n|-supereffective|p2a: Luvdisc\n|-end|p2a: Luvdisc|Substitute\n|\n|upkeep\n|turn|5\n|\n|t:|1781444596\n|move|p2a: Luvdisc|Flip Turn|p1a: Dedenne\n|-damage|p1a: Dedenne|117/261\n|-enditem|p1a: Dedenne|Sitrus Berry|[eat]\n|-heal|p1a: Dedenne|182/261|[from] item: Sitrus Berry\n|-heal|p1a: Dedenne|261/261|[from] ability: Cheek Pouch\n|\n|t:|1781444599\n|switch|p2a: Hoopa|Hoopa-Unbound, L80|259/259|[from] Flip Turn\n|move|p1a: Dedenne|Thunderbolt|p2a: Hoopa\n|-damage|p2a: Hoopa|189/259\n|-status|p2a: Hoopa|par\n|\n|upkeep\n|turn|6\n|\n|t:|1781444610\n|move|p1a: Dedenne|Dazzling Gleam|p2a: Hoopa\n|-supereffective|p2a: Hoopa\n|-damage|p2a: Hoopa|63/259 par\n|cant|p2a: Hoopa|par\n|\n|upkeep\n|turn|7\n|\n|t:|1781444620\n|move|p1a: Dedenne|U-turn|p2a: Hoopa\n|-supereffective|p2a: Hoopa\n|-damage|p2a: Hoopa|0 fnt\n|faint|p2a: Hoopa\n|\n|t:|1781444624\n|switch|p1a: Ariados|Ariados, L95, M|287/287|[from] U-turn\n|\n|upkeep\n|\n|t:|1781444627\n|switch|p2a: Magmortar|Magmortar, L88, F|275/275\n|turn|8\n|\n|t:|1781444641\n|switch|p1a: Chansey|Chansey, L85, F|564/564\n|move|p2a: Magmortar|Fire Blast|p1a: Chansey\n|-damage|p1a: Chansey|474/564\n|\n|upkeep\n|turn|9\n|\n|t:|1781444651\n|move|p2a: Magmortar|Earthquake|p1a: Chansey\n|-damage|p1a: Chansey|294/564\n|move|p1a: Chansey|Thunder Wave|p2a: Magmortar\n|-status|p2a: Magmortar|par\n|\n|upkeep\n|turn|10\n|\n|t:|1781444658\n|switch|p2a: Dragonite|Dragonite, L74, M|257/257\n|move|p1a: Chansey|Soft-Boiled|p1a: Chansey\n|-heal|p1a: Chansey|564/564\n|\n|upkeep\n|turn|11\n|\n|t:|1781444664\n|switch|p1a: Dedenne|Dedenne, L88, F|261/261\n|move|p2a: Dragonite|Dragon Dance|p2a: Dragonite\n|-boost|p2a: Dragonite|atk|1\n|-boost|p2a: Dragonite|spe|1\n|\n|upkeep\n|turn|12\n|\n|t:|1781444673\n|-terastallize|p1a: Dedenne|Flying\n|move|p2a: Dragonite|Iron Head|p1a: Dedenne\n|-damage|p1a: Dedenne|145/261\n|move|p1a: Dedenne|Nuzzle|p2a: Dragonite\n|-damage|p2a: Dragonite|248/257\n|-status|p2a: Dragonite|par\n|\n|upkeep\n|turn|13\n|\n|t:|1781444693\n|move|p1a: Dedenne|U-turn|p2a: Dragonite\n|-resisted|p2a: Dragonite\n|-damage|p2a: Dragonite|228/257 par\n|\n|t:|1781444698\n|switch|p1a: Ariados|Ariados, L95, M|287/287|[from] U-turn\n|move|p2a: Dragonite|Dragon Dance|p2a: Dragonite\n|-boost|p2a: Dragonite|atk|1\n|-boost|p2a: Dragonite|spe|1\n|\n|upkeep\n|turn|14\n|\n|t:|1781444714\n|-terastallize|p2a: Dragonite|Steel\n|move|p2a: Dragonite|Dragon Dance|p2a: Dragonite\n|-boost|p2a: Dragonite|atk|1\n|-boost|p2a: Dragonite|spe|1\n|move|p1a: Ariados|Sticky Web|p2a: Dragonite\n|-sidestart|p2: Helyoo97|move: Sticky Web\n|\n|upkeep\n|turn|15\n|\n|t:|1781444727\n|switch|p1a: Suicune|Suicune, L82|298/298\n|-ability|p1a: Suicune|Pressure\n|move|p2a: Dragonite|Dragon Dance|p2a: Dragonite\n|-boost|p2a: Dragonite|atk|1\n|-boost|p2a: Dragonite|spe|1\n|\n|upkeep\n|turn|16\n|\n|t:|1781444736\n|move|p2a: Dragonite|Outrage|p1a: Suicune\n|-damage|p1a: Suicune|0 fnt\n|faint|p1a: Suicune\n|\n|upkeep\n|\n|t:|1781444742\n|switch|p1a: Ariados|Ariados, L95, M|287/287\n|turn|17\n|\n|t:|1781444749\n|move|p2a: Dragonite|Outrage|p1a: Ariados|[from] lockedmove\n|-damage|p1a: Ariados|0 fnt\n|faint|p1a: Ariados\n|\n|upkeep\n|\n|t:|1781444756\n|switch|p1a: Dedenne|Dedenne, L88, F, tera:Flying|145/261\n|turn|18\n|\n|t:|1781444760\n|move|p2a: Dragonite|Outrage|p1a: Dedenne|[from] lockedmove\n|-damage|p1a: Dedenne|0 fnt\n|faint|p1a: Dedenne\n|-start|p2a: Dragonite|confusion|[fatigue]\n|\n|upkeep\n|\n|t:|1781444766\n|switch|p1a: Jolteon|Jolteon, L84, F|246/246\n|turn|19\n|\n|t:|1781444771\n|move|p1a: Jolteon|Thunderbolt|p2a: Dragonite\n|-damage|p2a: Dragonite|62/257 par\n|-activate|p2a: Dragonite|confusion\n|-damage|p2a: Dragonite|0 fnt|[from] confusion\n|faint|p2a: Dragonite\n|\n|upkeep\n|\n|t:|1781444775\n|switch|p2a: Espeon|Espeon, L84, M|246/246\n|-activate|p2a: Espeon|move: Sticky Web\n|-unboost|p2a: Espeon|spe|1\n|turn|20\n|\n|t:|1781444788\n|move|p1a: Jolteon|Thunderbolt|p2a: Espeon\n|-damage|p2a: Espeon|89/246\n|-status|p2a: Espeon|par\n|cant|p2a: Espeon|par\n|\n|upkeep\n|turn|21\n|\n|t:|1781444794\n|move|p1a: Jolteon|Thunderbolt|p2a: Espeon\n|-damage|p2a: Espeon|0 fnt\n|faint|p2a: Espeon\n|\n|upkeep\n|c|\u2606Helyoo97|Your luck is amazing\n|\n|t:|1781444802\n|switch|p2a: Magmortar|Magmortar, L88, F|275/275 par\n|turn|22\n|\n|t:|1781444807\n|move|p1a: Jolteon|Thunderbolt|p2a: Magmortar\n|-damage|p2a: Magmortar|143/275 par\n|move|p2a: Magmortar|Earthquake|p1a: Jolteon\n|-supereffective|p1a: Jolteon\n|-damage|p1a: Jolteon|56/246\n|\n|upkeep\n|turn|23\n|\n|t:|1781444815\n|switch|p1a: Chansey|Chansey, L85, F|564/564\n|move|p2a: Magmortar|Earthquake|p1a: Chansey\n|-damage|p1a: Chansey|395/564\n|\n|upkeep\n|turn|24\n|\n|t:|1781444822\n|switch|p2a: Luvdisc|Luvdisc, F|186/247\n|move|p1a: Chansey|Seismic Toss|p2a: Luvdisc\n|-damage|p2a: Luvdisc|101/247\n|\n|upkeep\n|turn|25\n|\n|t:|1781444829\n|move|p2a: Luvdisc|Endeavor|p1a: Chansey\n|-damage|p1a: Chansey|101/564\n|move|p1a: Chansey|Seismic Toss|p2a: Luvdisc\n|-damage|p2a: Luvdisc|16/247\n|\n|upkeep\n|turn|26\n|\n|t:|1781444840\n|move|p2a: Luvdisc|Surf|p1a: Chansey\n|-damage|p1a: Chansey|55/564\n|move|p1a: Chansey|Soft-Boiled|p1a: Chansey\n|-heal|p1a: Chansey|337/564\n|\n|upkeep\n|turn|27\n|\n|t:|1781444849\n|move|p2a: Luvdisc|Endeavor|p1a: Chansey\n|-damage|p1a: Chansey|16/564\n|move|p1a: Chansey|Thunder Wave|p2a: Luvdisc\n|-status|p2a: Luvdisc|par\n|\n|upkeep\n|turn|28\n|\n|t:|1781444859\n|move|p1a: Chansey|Soft-Boiled|p1a: Chansey\n|-heal|p1a: Chansey|298/564\n|cant|p2a: Luvdisc|par\n|\n|upkeep\n|turn|29\n|\n|t:|1781444864\n|move|p1a: Chansey|Seismic Toss|p2a: Luvdisc\n|-damage|p2a: Luvdisc|0 fnt\n|faint|p2a: Luvdisc\n|\n|upkeep\n|-message|Helyoo97 forfeited.\n|\n|win|Noooooooooooobs\n|raw|Noooooooooooobs's rating: 1595 &rarr; <strong>1615</strong><br />(+20 for winning)\n|raw|Helyoo97's rating: 1592 &rarr; <strong>1572</strong><br />(-20 for losing)\n|l|\u2606Helyoo97\n|player|p2|\n", "uploadtime": 1781444878, "views": 5, "formatid": "gen9randombattle", "rating": 1572, "private": 0, "password": null}