{"id": "gen9randombattle-2631554354", "format": "[Gen 9] Random Battle", "players": ["Sacred Quill", "6.30p.m"], "log": "|j|\u203dSacred Quill\n|j|\u26066.30p.m\n|t:|1781400563\n|gametype|singles\n|player|p1|Sacred Quill|clerk|1717\n|player|p2|6.30p.m|170|1778\n|gen|9\n|tier|[Gen 9] Random Battle\n|rated|\n|rule|Species Clause: Limit one of each Pok\u00e9mon\n|rule|HP Percentage Mod: HP is shown in percentages\n|rule|Sleep Clause Mod: Limit one foe put to sleep\n|rule|Illusion Level Mod: Illusion disguises the Pok\u00e9mon's true level\n|\n|t:|1781400563\n|teamsize|p1|6\n|teamsize|p2|6\n|start\n|switch|p1a: Skarmory|Skarmory, L80, M|235/235\n|switch|p2a: Skeledirge|Skeledirge, L79, M|294/294\n|turn|1\n|inactive|Battle timer is ON: inactive players will automatically lose when time's up. (requested by 6.30p.m)\n|\n|t:|1781400574\n|switch|p1a: Cramorant|Cramorant, L86, M|261/261\n|move|p2a: Skeledirge|Flame Charge|p1a: Cramorant\n|-resisted|p1a: Cramorant\n|-damage|p1a: Cramorant|233/261\n|-boost|p2a: Skeledirge|spe|1\n|\n|upkeep\n|turn|2\n|\n|t:|1781400584\n|switch|p2a: Swampert|Swampert, L83, F|302/302\n|move|p1a: Cramorant|Surf|p2a: Swampert\n|-formechange|p1a: Cramorant|Cramorant-Gulping|\n|-damage|p2a: Swampert|211/302\n|\n|-heal|p2a: Swampert|229/302|[from] item: Leftovers\n|upkeep\n|turn|3\n|\n|t:|1781400601\n|switch|p1a: Chesnaught|Chesnaught, L84, F|285/285\n|move|p2a: Swampert|Roar|p1a: Chesnaught\n|drag|p1a: Scizor|Scizor, L79, F|240/240\n|\n|-heal|p2a: Swampert|247/302|[from] item: Leftovers\n|upkeep\n|turn|4\n|\n|t:|1781400608\n|switch|p1a: Chesnaught|Chesnaught, L84, F|285/285\n|move|p2a: Swampert|Knock Off|p1a: Chesnaught\n|-resisted|p1a: Chesnaught\n|-damage|p1a: Chesnaught|256/285\n|-enditem|p1a: Chesnaught|Leftovers|[from] move: Knock Off|[of] p2a: Swampert\n|\n|-heal|p2a: Swampert|265/302|[from] item: Leftovers\n|upkeep\n|turn|5\n|\n|t:|1781400638\n|switch|p1a: Cramorant|Cramorant, L86, M|233/261\n|switch|p2a: Emboar|Emboar, L84, F|322/322\n|\n|upkeep\n|turn|6\n|\n|t:|1781400659\n|switch|p2a: Swampert|Swampert, L83, F|265/302\n|move|p1a: Cramorant|Surf|p2a: Swampert\n|-formechange|p1a: Cramorant|Cramorant-Gulping|\n|-damage|p2a: Swampert|178/302\n|\n|-heal|p2a: Swampert|196/302|[from] item: Leftovers\n|upkeep\n|turn|7\n|\n|t:|1781400667\n|move|p1a: Cramorant|Surf|p2a: Swampert\n|-damage|p2a: Swampert|100/302\n|move|p2a: Swampert|Ice Beam|p1a: Cramorant\n|-damage|p1a: Cramorant|181/261\n|-damage|p2a: Swampert|25/302|[from] ability: Gulp Missile|[of] p1a: Cramorant\n|-unboost|p2a: Swampert|def|1\n|-formechange|p1a: Cramorant|Cramorant|\n|\n|-heal|p2a: Swampert|43/302|[from] item: Leftovers\n|upkeep\n|turn|8\n|\n|t:|1781400678\n|move|p1a: Cramorant|Surf|p2a: Swampert\n|-formechange|p1a: Cramorant|Cramorant-Gulping|\n|-damage|p2a: Swampert|0 fnt\n|faint|p2a: Swampert\n|\n|upkeep\n|\n|t:|1781400683\n|switch|p2a: Enamorus|Enamorus-Therian, L83, F|259/259\n|turn|9\n|\n|t:|1781400692\n|move|p1a: Cramorant|Surf|p2a: Enamorus\n|-damage|p2a: Enamorus|169/259\n|move|p2a: Enamorus|Agility|p2a: Enamorus\n|-boost|p2a: Enamorus|spe|2\n|\n|upkeep\n|turn|10\n|\n|t:|1781400700\n|move|p2a: Enamorus|Moonblast|p1a: Cramorant\n|-damage|p1a: Cramorant|69/261\n|-damage|p2a: Enamorus|105/259|[from] ability: Gulp Missile|[of] p1a: Cramorant\n|-unboost|p2a: Enamorus|def|1\n|-formechange|p1a: Cramorant|Cramorant|\n|move|p1a: Cramorant|Brave Bird|p2a: Enamorus\n|-damage|p2a: Enamorus|0 fnt\n|faint|p2a: Enamorus\n|-damage|p1a: Cramorant|34/261|[from] Recoil\n|\n|upkeep\n|\n|t:|1781400724\n|switch|p2a: Eiscue|Eiscue, L88, F|274/274\n|turn|11\n|\n|t:|1781400730\n|move|p1a: Cramorant|Surf|p2a: Eiscue\n|-formechange|p1a: Cramorant|Cramorant-Gorging|\n|-damage|p2a: Eiscue|187/274\n|move|p2a: Eiscue|Belly Drum|p2a: Eiscue\n|-damage|p2a: Eiscue|50/274\n|-setboost|p2a: Eiscue|atk|6|[from] move: Belly Drum\n|-enditem|p2a: Eiscue|Sitrus Berry|[eat]\n|-heal|p2a: Eiscue|118/274|[from] item: Sitrus Berry\n|\n|upkeep\n|turn|12\n|\n|t:|1781400743\n|move|p1a: Cramorant|Surf|p2a: Eiscue\n|-damage|p2a: Eiscue|39/274\n|move|p2a: Eiscue|Liquidation|p1a: Cramorant\n|-resisted|p1a: Cramorant\n|-damage|p1a: Cramorant|0 fnt\n|-damage|p2a: Eiscue|0 fnt|[from] ability: Gulp Missile|[of] p1a: Cramorant\n|-formechange|p1a: Cramorant|Cramorant|\n|faint|p1a: Cramorant\n|faint|p2a: Eiscue\n|\n|upkeep\n|\n|t:|1781400756\n|switch|p1a: Haxorus|Haxorus, L77, F|244/244\n|switch|p2a: Emboar|Emboar, L84, F|322/322\n|-ability|p1a: Haxorus|Mold Breaker\n|turn|13\n|\n|t:|1781400766\n|move|p1a: Haxorus|Swords Dance|p1a: Haxorus\n|-boost|p1a: Haxorus|atk|2\n|move|p2a: Emboar|Close Combat|p1a: Haxorus\n|-damage|p1a: Haxorus|79/244\n|-unboost|p2a: Emboar|def|1\n|-unboost|p2a: Emboar|spd|1\n|\n|upkeep\n|turn|14\n|\n|t:|1781400778\n|move|p1a: Haxorus|Scale Shot|p2a: Emboar\n|-damage|p2a: Emboar|195/322\n|-damage|p2a: Emboar|84/322\n|-damage|p2a: Emboar|0 fnt\n|faint|p2a: Emboar\n|-hitcount|p2: Emboar|3\n|-unboost|p1a: Haxorus|def|1\n|-boost|p1a: Haxorus|spe|1\n|\n|upkeep\n|-message|6.30p.m forfeited.\n|\n|win|Sacred Quill\n|raw|Sacred Quill's rating: 1717 &rarr; <strong>1740</strong><br />(+23 for winning)\n|raw|6.30p.m's rating: 1778 &rarr; <strong>1755</strong><br />(-23 for losing)\n|l|\u26066.30p.m\n|player|p2|\n", "uploadtime": 1781400793, "views": 4, "formatid": "gen9randombattle", "rating": 1740, "private": 0, "password": null}