{"id": "gen9randombattle-2631757220", "format": "[Gen 9] Random Battle", "players": ["appelsien", "FantasyWind"], "log": "|j|\u2606appelsien\n|j|\u203dFantasyWind\n|t:|1781434768\n|gametype|singles\n|player|p1|appelsien|1|1807\n|player|p2|FantasyWind|rosa|1912\n|gen|9\n|tier|[Gen 9] Random Battle\n|rated|\n|rule|Species Clause: Limit one of each Pok\u00e9mon\n|rule|HP Percentage Mod: HP is shown in percentages\n|rule|Sleep Clause Mod: Limit one foe put to sleep\n|rule|Illusion Level Mod: Illusion disguises the Pok\u00e9mon's true level\n|\n|t:|1781434768\n|teamsize|p1|6\n|teamsize|p2|6\n|start\n|switch|p1a: Minior|Minior-Yellow, L79|224/224\n|switch|p2a: Magearna|Magearna-Original, L77|250/250\n|-formechange|p1a: Minior|Minior-Meteor||[from] ability: Shields Down\n|turn|1\n|inactive|Battle timer is ON: inactive players will automatically lose when time's up. (requested by FantasyWind)\n|inactive|appelsien also wants the timer to be on.\n|\n|t:|1781434788\n|switch|p1a: Iron Crown|Iron Crown, L78|268/268\n|move|p2a: Magearna|Shift Gear|p2a: Magearna\n|-boost|p2a: Magearna|spe|2\n|-boost|p2a: Magearna|atk|1\n|\n|upkeep\n|turn|2\n|\n|t:|1781434802\n|move|p2a: Magearna|Shift Gear|p2a: Magearna\n|-boost|p2a: Magearna|spe|2\n|-boost|p2a: Magearna|atk|1\n|move|p1a: Iron Crown|Tachyon Cutter|p2a: Magearna\n|-damage|p2a: Magearna|201/250\n|-damage|p2a: Magearna|153/250\n|-hitcount|p2a: Magearna|2\n|\n|upkeep\n|turn|3\n|\n|t:|1781434814\n|move|p2a: Magearna|Iron Head|p1a: Iron Crown\n|-resisted|p1a: Iron Crown\n|-damage|p1a: Iron Crown|202/268\n|cant|p1a: Iron Crown|flinch\n|\n|-heal|p1a: Iron Crown|218/268|[from] item: Leftovers\n|upkeep\n|turn|4\n|\n|t:|1781434823\n|-terastallize|p2a: Magearna|Ground\n|move|p2a: Magearna|Tera Blast|p1a: Iron Crown|[anim] Tera Blast Ground\n|-supereffective|p1a: Iron Crown\n|-crit|p1a: Iron Crown\n|-damage|p1a: Iron Crown|0 fnt\n|faint|p1a: Iron Crown\n|-ability|p2a: Magearna|Soul-Heart|boost\n|-boost|p2a: Magearna|spa|1\n|-end|p1a: Iron Crown|Quark Drive|[silent]\n|\n|upkeep\n|\n|t:|1781434852\n|switch|p1a: Darkrai|Darkrai, L77|234/234\n|turn|5\n|\n|t:|1781434857\n|move|p2a: Magearna|Tera Blast|p1a: Darkrai|[anim] Tera Blast Ground\n|-damage|p1a: Darkrai|86/234\n|move|p1a: Darkrai|Dark Pulse|p2a: Magearna\n|-damage|p2a: Magearna|77/250\n|\n|-heal|p1a: Darkrai|100/234|[from] item: Leftovers\n|upkeep\n|turn|6\n|\n|t:|1781434865\n|move|p2a: Magearna|Tera Blast|p1a: Darkrai|[anim] Tera Blast Ground\n|-damage|p1a: Darkrai|0 fnt\n|faint|p1a: Darkrai\n|-ability|p2a: Magearna|Soul-Heart|boost\n|-boost|p2a: Magearna|spa|1\n|\n|upkeep\n|\n|t:|1781434872\n|switch|p1a: Iron Hands|Iron Hands, L79|373/373\n|turn|7\n|\n|t:|1781434876\n|-terastallize|p1a: Iron Hands|Fighting\n|move|p2a: Magearna|Fleur Cannon|p1a: Iron Hands\n|-supereffective|p1a: Iron Hands\n|-damage|p1a: Iron Hands|0 fnt\n|-unboost|p2a: Magearna|spa|2\n|faint|p1a: Iron Hands\n|-ability|p2a: Magearna|Soul-Heart|boost\n|-boost|p2a: Magearna|spa|1\n|-end|p1a: Iron Hands|Quark Drive|[silent]\n|\n|upkeep\n|\n|t:|1781434888\n|switch|p1a: Minior|Minior-Yellow, L79|224/224\n|-formechange|p1a: Minior|Minior-Meteor||[from] ability: Shields Down\n|turn|8\n|\n|t:|1781434896\n|move|p2a: Magearna|Iron Head|p1a: Minior\n|-supereffective|p1a: Minior\n|-damage|p1a: Minior|0 fnt\n|faint|p1a: Minior\n|-ability|p2a: Magearna|Soul-Heart|boost\n|-boost|p2a: Magearna|spa|1\n|\n|upkeep\n|-message|appelsien forfeited.\n|\n|win|FantasyWind\n|raw|appelsien's rating: 1807 &rarr; <strong>1793</strong><br />(-14 for losing)\n|raw|FantasyWind's rating: 1912 &rarr; <strong>1926</strong><br />(+14 for winning)\n|l|\u2606appelsien\n|player|p1|\n", "uploadtime": 1781434901, "views": 2, "formatid": "gen9randombattle", "rating": 1793, "private": 0, "password": null}