{"id": "gen9randombattle-2631368881", "format": "[Gen 9] Random Battle", "players": ["Lord Stantler", "isnothingeasy"], "log": "|j|\u2606Lord Stantler\n|j|\u2606isnothingeasy\n|t:|1781376506\n|gametype|singles\n|player|p1|Lord Stantler|266|2001\n|player|p2|isnothingeasy|lady|1996\n|gen|9\n|tier|[Gen 9] Random Battle\n|rated|\n|rule|Species Clause: Limit one of each Pok\u00e9mon\n|rule|HP Percentage Mod: HP is shown in percentages\n|rule|Sleep Clause Mod: Limit one foe put to sleep\n|rule|Illusion Level Mod: Illusion disguises the Pok\u00e9mon's true level\n|\n|t:|1781376506\n|teamsize|p1|6\n|teamsize|p2|6\n|start\n|switch|p1a: Uxie|Uxie, L83|260/260\n|switch|p2a: Fezandipiti|Fezandipiti, L82, M|278/278\n|turn|1\n|inactive|Battle timer is ON: inactive players will automatically lose when time's up. (requested by Lord Stantler)\n|\n|t:|1781376512\n|switch|p2a: Forretress|Forretress, L84, M|263/263\n|move|p1a: Uxie|Stealth Rock|p2a: Forretress\n|-sidestart|p2: isnothingeasy|move: Stealth Rock\n|\n|upkeep\n|turn|2\n|\n|t:|1781376519\n|move|p1a: Uxie|Thunder Wave|p2a: Forretress|[miss]\n|-miss|p1a: Uxie|p2a: Forretress\n|move|p2a: Forretress|Rapid Spin|p1a: Uxie\n|-damage|p1a: Uxie|233/260\n|-boost|p2a: Forretress|spe|1\n|-sideend|p2: isnothingeasy|Stealth Rock|[from] move: Rapid Spin|[of] p2a: Forretress\n|\n|-heal|p1a: Uxie|249/260|[from] item: Leftovers\n|upkeep\n|turn|3\n|\n|t:|1781376526\n|switch|p2a: Bellibolt|Bellibolt, L84, M|320/320\n|move|p1a: Uxie|Thunder Wave|p2a: Bellibolt\n|-immune|p2a: Bellibolt\n|\n|-heal|p1a: Uxie|260/260|[from] item: Leftovers\n|upkeep\n|turn|4\n|\n|t:|1781376529\n|move|p1a: Uxie|Psychic Noise|p2a: Bellibolt\n|-damage|p2a: Bellibolt|248/320\n|-start|p2a: Bellibolt|move: Heal Block\n|-start|p2a: Bellibolt|Charge|Psychic Noise|[from] ability: Electromorphosis\n|move|p2a: Bellibolt|Thunderbolt|p1a: Uxie\n|-damage|p1a: Uxie|106/260\n|-end|p2a: Bellibolt|Charge|[silent]\n|\n|-heal|p1a: Uxie|122/260|[from] item: Leftovers\n|upkeep\n|turn|5\n|\n|t:|1781376532\n|move|p1a: Uxie|Stealth Rock|p2a: Bellibolt\n|-sidestart|p2: isnothingeasy|move: Stealth Rock\n|move|p2a: Bellibolt|Thunderbolt|p1a: Uxie\n|-damage|p1a: Uxie|49/260\n|\n|-heal|p1a: Uxie|65/260|[from] item: Leftovers\n|-end|p2a: Bellibolt|move: Heal Block\n|upkeep\n|turn|6\n|\n|t:|1781376540\n|switch|p1a: Tropius|Tropius, L91, F|328/328\n|move|p2a: Bellibolt|Thunderbolt|p1a: Tropius\n|-damage|p1a: Tropius|237/328\n|\n|-heal|p2a: Bellibolt|268/320|[from] item: Leftovers\n|upkeep\n|turn|7\n|\n|t:|1781376543\n|move|p1a: Tropius|Leech Seed|p2a: Bellibolt\n|-start|p2a: Bellibolt|move: Leech Seed\n|move|p2a: Bellibolt|Thunderbolt|p1a: Tropius\n|-damage|p1a: Tropius|144/328\n|-enditem|p1a: Tropius|Sitrus Berry|[eat]\n|-heal|p1a: Tropius|226/328|[from] item: Sitrus Berry\n|\n|-heal|p2a: Bellibolt|288/320|[from] item: Leftovers\n|-damage|p2a: Bellibolt|248/320|[from] Leech Seed|[of] p1a: Tropius\n|-heal|p1a: Tropius|266/328|[silent]\n|upkeep\n|turn|8\n|\n|t:|1781376549\n|switch|p1a: Uxie|Uxie, L83|65/260\n|move|p2a: Bellibolt|Volt Switch|p1a: Uxie\n|-damage|p1a: Uxie|2/260\n|\n|t:|1781376551\n|switch|p2a: Forretress|Forretress, L84, M|263/263|[from] Volt Switch\n|-damage|p2a: Forretress|231/263|[from] Stealth Rock\n|\n|-heal|p1a: Uxie|18/260|[from] item: Leftovers\n|-heal|p2a: Forretress|247/263|[from] item: Leftovers\n|upkeep\n|turn|9\n|\n|t:|1781376573\n|move|p1a: Uxie|Thunder Wave|p2a: Forretress\n|-status|p2a: Forretress|par\n|cant|p2a: Forretress|par\n|\n|-heal|p1a: Uxie|34/260|[from] item: Leftovers\n|-heal|p2a: Forretress|263/263 par|[from] item: Leftovers\n|upkeep\n|turn|10\n|\n|t:|1781376576\n|move|p1a: Uxie|U-turn|p2a: Forretress\n|-resisted|p2a: Forretress\n|-damage|p2a: Forretress|249/263 par\n|\n|t:|1781376581\n|switch|p1a: Scrafty|Scrafty, L83, M|244/244|[from] U-turn\n|move|p2a: Forretress|Rapid Spin|p1a: Scrafty\n|-damage|p1a: Scrafty|214/244\n|-boost|p2a: Forretress|spe|1\n|-sideend|p2: isnothingeasy|Stealth Rock|[from] move: Rapid Spin|[of] p2a: Forretress\n|\n|-heal|p1a: Scrafty|229/244|[from] item: Leftovers\n|-heal|p2a: Forretress|263/263 par|[from] item: Leftovers\n|upkeep\n|turn|11\n|\n|t:|1781376586\n|move|p1a: Scrafty|Bulk Up|p1a: Scrafty\n|-boost|p1a: Scrafty|atk|1\n|-boost|p1a: Scrafty|def|1\n|move|p2a: Forretress|Body Press|p1a: Scrafty\n|-supereffective|p1a: Scrafty\n|-damage|p1a: Scrafty|151/244\n|\n|-heal|p1a: Scrafty|166/244|[from] item: Leftovers\n|upkeep\n|turn|12\n|inactive|Lord Stantler has 120 seconds left.\n|\n|t:|1781376624\n|switch|p2a: Fezandipiti|Fezandipiti, L82, M|278/278\n|move|p1a: Scrafty|Bulk Up|p1a: Scrafty\n|-boost|p1a: Scrafty|atk|1\n|-boost|p1a: Scrafty|def|1\n|\n|-heal|p1a: Scrafty|181/244|[from] item: Leftovers\n|upkeep\n|turn|13\n|\n|t:|1781376630\n|-terastallize|p1a: Scrafty|Poison\n|move|p2a: Fezandipiti|Play Rough|p1a: Scrafty\n|-resisted|p1a: Scrafty\n|-damage|p1a: Scrafty|162/244\n|move|p1a: Scrafty|Knock Off|p2a: Fezandipiti\n|-resisted|p2a: Fezandipiti\n|-damage|p2a: Fezandipiti|179/278\n|-enditem|p2a: Fezandipiti|Leftovers|[from] move: Knock Off|[of] p1a: Scrafty\n|\n|-heal|p1a: Scrafty|177/244|[from] item: Leftovers\n|upkeep\n|turn|14\n|\n|t:|1781376641\n|move|p2a: Fezandipiti|Swords Dance|p2a: Fezandipiti\n|-boost|p2a: Fezandipiti|atk|2\n|move|p1a: Scrafty|Drain Punch|p2a: Fezandipiti\n|-resisted|p2a: Fezandipiti\n|-damage|p2a: Fezandipiti|140/278\n|-heal|p1a: Scrafty|197/244|[from] drain|[of] p2a: Fezandipiti\n|\n|-heal|p1a: Scrafty|212/244|[from] item: Leftovers\n|upkeep\n|turn|15\n|\n|t:|1781376659\n|switch|p2a: Yanmega|Yanmega, L82, F|275/275\n|move|p1a: Scrafty|Bulk Up|p1a: Scrafty\n|-boost|p1a: Scrafty|atk|1\n|-boost|p1a: Scrafty|def|1\n|\n|-heal|p1a: Scrafty|227/244|[from] item: Leftovers\n|upkeep\n|turn|16\n|\n|t:|1781376671\n|move|p2a: Yanmega|Bug Buzz|p1a: Scrafty\n|-resisted|p1a: Scrafty\n|-damage|p1a: Scrafty|107/244\n|move|p1a: Scrafty|Knock Off|p2a: Yanmega\n|-damage|p2a: Yanmega|7/275\n|-enditem|p2a: Yanmega|Choice Specs|[from] move: Knock Off|[of] p1a: Scrafty\n|\n|-heal|p1a: Scrafty|122/244|[from] item: Leftovers\n|upkeep\n|turn|17\n|\n|t:|1781376680\n|move|p2a: Yanmega|Bug Buzz|p1a: Scrafty\n|-resisted|p1a: Scrafty\n|-damage|p1a: Scrafty|34/244\n|move|p1a: Scrafty|Rest|p1a: Scrafty\n|-status|p1a: Scrafty|slp|[from] move: Rest\n|-heal|p1a: Scrafty|244/244 slp|[silent]\n|\n|upkeep\n|turn|18\n|\n|t:|1781376688\n|move|p2a: Yanmega|Bug Buzz|p1a: Scrafty\n|-resisted|p1a: Scrafty\n|-damage|p1a: Scrafty|164/244 slp\n|cant|p1a: Scrafty|slp\n|\n|-heal|p1a: Scrafty|179/244 slp|[from] item: Leftovers\n|upkeep\n|turn|19\n|\n|t:|1781376693\n|move|p2a: Yanmega|Bug Buzz|p1a: Scrafty\n|-resisted|p1a: Scrafty\n|-damage|p1a: Scrafty|97/244 slp\n|cant|p1a: Scrafty|slp\n|\n|-activate|p1a: Scrafty|ability: Shed Skin\n|-curestatus|p1a: Scrafty|slp|[msg]\n|-heal|p1a: Scrafty|112/244|[from] item: Leftovers\n|upkeep\n|turn|20\n|\n|t:|1781376698\n|move|p2a: Yanmega|Air Slash|p1a: Scrafty|[miss]\n|-miss|p2a: Yanmega|p1a: Scrafty\n|move|p1a: Scrafty|Rest|p1a: Scrafty\n|-status|p1a: Scrafty|slp|[from] move: Rest\n|-heal|p1a: Scrafty|244/244 slp|[silent]\n|\n|upkeep\n|turn|21\n|\n|t:|1781376702\n|move|p2a: Yanmega|Bug Buzz|p1a: Scrafty\n|-resisted|p1a: Scrafty\n|-damage|p1a: Scrafty|154/244 slp\n|cant|p1a: Scrafty|slp\n|\n|-heal|p1a: Scrafty|169/244 slp|[from] item: Leftovers\n|upkeep\n|turn|22\n|\n|t:|1781376705\n|move|p2a: Yanmega|Bug Buzz|p1a: Scrafty\n|-resisted|p1a: Scrafty\n|-damage|p1a: Scrafty|81/244 slp\n|cant|p1a: Scrafty|slp\n|\n|-heal|p1a: Scrafty|96/244 slp|[from] item: Leftovers\n|upkeep\n|turn|23\n|\n|t:|1781376711\n|move|p2a: Yanmega|Bug Buzz|p1a: Scrafty\n|-resisted|p1a: Scrafty\n|-damage|p1a: Scrafty|8/244 slp\n|-curestatus|p1a: Scrafty|slp|[msg]\n|move|p1a: Scrafty|Rest|p1a: Scrafty\n|-status|p1a: Scrafty|slp|[from] move: Rest\n|-heal|p1a: Scrafty|244/244 slp|[silent]\n|\n|upkeep\n|turn|24\n|\n|t:|1781376714\n|move|p2a: Yanmega|Bug Buzz|p1a: Scrafty\n|-resisted|p1a: Scrafty\n|-damage|p1a: Scrafty|166/244 slp\n|cant|p1a: Scrafty|slp\n|\n|-heal|p1a: Scrafty|181/244 slp|[from] item: Leftovers\n|upkeep\n|turn|25\n|\n|t:|1781376717\n|move|p2a: Yanmega|Bug Buzz|p1a: Scrafty\n|-resisted|p1a: Scrafty\n|-damage|p1a: Scrafty|97/244 slp\n|cant|p1a: Scrafty|slp\n|\n|-activate|p1a: Scrafty|ability: Shed Skin\n|-curestatus|p1a: Scrafty|slp|[msg]\n|-heal|p1a: Scrafty|112/244|[from] item: Leftovers\n|upkeep\n|turn|26\n|\n|t:|1781376726\n|move|p2a: Yanmega|Air Slash|p1a: Scrafty\n|-damage|p1a: Scrafty|40/244\n|cant|p1a: Scrafty|flinch\n|\n|-heal|p1a: Scrafty|55/244|[from] item: Leftovers\n|upkeep\n|turn|27\n|\n|t:|1781376735\n|switch|p1a: Oricorio|Oricorio-Pom-Pom, L82, F|257/257\n|move|p2a: Yanmega|Bug Buzz|p1a: Oricorio\n|-resisted|p1a: Oricorio\n|-damage|p1a: Oricorio|131/257\n|\n|upkeep\n|turn|28\n|\n|t:|1781376760\n|move|p2a: Yanmega|Bug Buzz|p1a: Oricorio\n|-resisted|p1a: Oricorio\n|-damage|p1a: Oricorio|15/257\n|move|p1a: Oricorio|Quiver Dance|p1a: Oricorio\n|-boost|p1a: Oricorio|spa|1\n|-boost|p1a: Oricorio|spd|1\n|-boost|p1a: Oricorio|spe|1\n|\n|upkeep\n|turn|29\n|\n|t:|1781376773\n|move|p1a: Oricorio|Roost|p1a: Oricorio\n|-heal|p1a: Oricorio|144/257\n|-singleturn|p1a: Oricorio|move: Roost\n|move|p2a: Yanmega|Bug Buzz|p1a: Oricorio\n|-damage|p1a: Oricorio|66/257\n|\n|upkeep\n|turn|30\n|\n|t:|1781376787\n|move|p1a: Oricorio|Quiver Dance|p1a: Oricorio\n|-boost|p1a: Oricorio|spa|1\n|-boost|p1a: Oricorio|spd|1\n|-boost|p1a: Oricorio|spe|1\n|move|p2a: Yanmega|U-turn|p1a: Oricorio\n|-resisted|p1a: Oricorio\n|-damage|p1a: Oricorio|0 fnt\n|faint|p1a: Oricorio\n|\n|t:|1781376791\n|switch|p2a: Stonjourner|Stonjourner, L91, M|330/330|[from] U-turn\n|\n|upkeep\n|\n|t:|1781376799\n|switch|p1a: Uxie|Uxie, L83|34/260\n|turn|31\n|\n|t:|1781376807\n|move|p1a: Uxie|Stealth Rock|p2a: Stonjourner\n|-sidestart|p2: isnothingeasy|move: Stealth Rock\n|move|p2a: Stonjourner|Heat Crash|p1a: Uxie\n|-damage|p1a: Uxie|0 fnt\n|faint|p1a: Uxie\n|-damage|p2a: Stonjourner|297/330|[from] item: Life Orb\n|\n|upkeep\n|\n|t:|1781376813\n|switch|p1a: Dondozo|Dondozo, L78, F|362/362\n|turn|32\n|\n|t:|1781376827\n|switch|p2a: Gastrodon|Gastrodon, L86, F|331/331\n|-damage|p2a: Gastrodon|311/331|[from] Stealth Rock\n|move|p1a: Dondozo|Curse|p1a: Dondozo\n|-unboost|p1a: Dondozo|spe|1\n|-boost|p1a: Dondozo|atk|1\n|-boost|p1a: Dondozo|def|1\n|\n|-heal|p2a: Gastrodon|331/331|[from] item: Leftovers\n|upkeep\n|turn|33\n|\n|t:|1781376849\n|switch|p1a: Tropius|Tropius, L91, F|266/328\n|move|p2a: Gastrodon|Sludge Bomb|p1a: Tropius\n|-supereffective|p1a: Tropius\n|-damage|p1a: Tropius|146/328\n|\n|-item|p1a: Tropius|Sitrus Berry|[from] ability: Harvest\n|upkeep\n|-enditem|p1a: Tropius|Sitrus Berry|[eat]\n|-heal|p1a: Tropius|228/328|[from] item: Sitrus Berry\n|turn|34\n|\n|t:|1781376859\n|move|p1a: Tropius|Leech Seed|p2a: Gastrodon\n|-start|p2a: Gastrodon|move: Leech Seed\n|move|p2a: Gastrodon|Sludge Bomb|p1a: Tropius\n|-supereffective|p1a: Tropius\n|-damage|p1a: Tropius|112/328\n|\n|-damage|p2a: Gastrodon|290/331|[from] Leech Seed|[of] p1a: Tropius\n|-heal|p1a: Tropius|153/328|[silent]\n|upkeep\n|turn|35\n|\n|t:|1781376867\n|switch|p1a: Scrafty|Scrafty, L83, M, tera:Poison|55/244\n|switch|p2a: Stonjourner|Stonjourner, L91, M|297/330\n|-damage|p2a: Stonjourner|256/330|[from] Stealth Rock\n|\n|-heal|p1a: Scrafty|70/244|[from] item: Leftovers\n|upkeep\n|turn|36\n|\n|t:|1781376881\n|move|p2a: Stonjourner|Earthquake|p1a: Scrafty\n|-supereffective|p1a: Scrafty\n|-damage|p1a: Scrafty|0 fnt\n|faint|p1a: Scrafty\n|-damage|p2a: Stonjourner|223/330|[from] item: Life Orb\n|\n|upkeep\n|-message|Lord Stantler forfeited.\n|\n|win|isnothingeasy\n", "uploadtime": 1781376509, "views": 6, "formatid": "gen9randombattle", "rating": null, "private": 0, "password": null}