{"id": "gen9randombattle-2631404011", "format": "[Gen 9] Random Battle", "players": ["mjwm3", "tidpig123"], "log": "|j|\u2606mjwm3\n|j|\u2606tidpig123\n|t:|1781380552\n|gametype|singles\n|player|p1|mjwm3|giovanni|1262\n|player|p2|tidpig123|265|1233\n|gen|9\n|tier|[Gen 9] Random Battle\n|rated|\n|rule|Species Clause: Limit one of each Pok\u00e9mon\n|rule|HP Percentage Mod: HP is shown in percentages\n|rule|Sleep Clause Mod: Limit one foe put to sleep\n|rule|Illusion Level Mod: Illusion disguises the Pok\u00e9mon's true level\n|\n|t:|1781380552\n|teamsize|p1|6\n|teamsize|p2|6\n|start\n|switch|p1a: Braviary|Braviary-Hisui, L85, M|326/326\n|switch|p2a: Okidogi|Okidogi, L77, M|262/262\n|turn|1\n|inactive|Battle timer is ON: inactive players will automatically lose when time's up. (requested by mjwm3)\n|\n|t:|1781380573\n|-terastallize|p2a: Okidogi|Dark\n|move|p2a: Okidogi|Knock Off|p1a: Braviary\n|-supereffective|p1a: Braviary\n|-damage|p1a: Braviary|84/326\n|-enditem|p1a: Braviary|Heavy-Duty Boots|[from] move: Knock Off|[of] p2a: Okidogi\n|move|p1a: Braviary|Esper Wing|p2a: Okidogi\n|-immune|p2a: Okidogi\n|\n|upkeep\n|turn|2\n|\n|t:|1781380589\n|move|p2a: Okidogi|Knock Off|p1a: Braviary\n|-supereffective|p1a: Braviary\n|-damage|p1a: Braviary|0 fnt\n|faint|p1a: Braviary\n|\n|upkeep\n|\n|t:|1781380596\n|switch|p1a: Masquerain|Masquerain, L87, F|264/264\n|-ability|p1a: Masquerain|Intimidate|boost\n|-unboost|p2a: Okidogi|atk|1\n|turn|3\n|\n|t:|1781380623\n|switch|p2a: Porygon2|Porygon2, L81|270/270\n|-ability|p2a: Porygon2|Download|boost\n|-boost|p2a: Porygon2|atk|1\n|move|p1a: Masquerain|Quiver Dance|p1a: Masquerain\n|-boost|p1a: Masquerain|spa|1\n|-boost|p1a: Masquerain|spd|1\n|-boost|p1a: Masquerain|spe|1\n|\n|upkeep\n|turn|4\n|\n|t:|1781380631\n|move|p1a: Masquerain|Hurricane|p2a: Porygon2\n|-damage|p2a: Porygon2|149/270\n|move|p2a: Porygon2|Thunder Wave|p1a: Masquerain\n|-status|p1a: Masquerain|par\n|\n|upkeep\n|turn|5\n|\n|t:|1781380637\n|move|p2a: Porygon2|Tera Blast|p1a: Masquerain\n|-damage|p1a: Masquerain|203/264 par\n|move|p1a: Masquerain|Hurricane|p2a: Porygon2\n|-damage|p2a: Porygon2|31/270\n|\n|upkeep\n|turn|6\n|\n|t:|1781380647\n|move|p2a: Porygon2|Recover|p2a: Porygon2\n|-heal|p2a: Porygon2|166/270\n|cant|p1a: Masquerain|par\n|\n|upkeep\n|turn|7\n|\n|t:|1781380654\n|move|p2a: Porygon2|Shadow Ball|p1a: Masquerain\n|-damage|p1a: Masquerain|162/264 par\n|move|p1a: Masquerain|Hurricane|p2a: Porygon2|[miss]\n|-miss|p1a: Masquerain|p2a: Porygon2\n|\n|upkeep\n|turn|8\n|\n|t:|1781380659\n|move|p2a: Porygon2|Tera Blast|p1a: Masquerain\n|-damage|p1a: Masquerain|107/264 par\n|move|p1a: Masquerain|Quiver Dance|p1a: Masquerain\n|-boost|p1a: Masquerain|spa|1\n|-boost|p1a: Masquerain|spd|1\n|-boost|p1a: Masquerain|spe|1\n|\n|upkeep\n|turn|9\n|\n|t:|1781380666\n|cant|p1a: Masquerain|par\n|move|p2a: Porygon2|Tera Blast|p1a: Masquerain\n|-damage|p1a: Masquerain|65/264 par\n|\n|upkeep\n|turn|10\n|\n|t:|1781380670\n|move|p1a: Masquerain|Hurricane|p2a: Porygon2\n|-damage|p2a: Porygon2|9/270\n|move|p2a: Porygon2|Tera Blast|p1a: Masquerain\n|-damage|p1a: Masquerain|20/264 par\n|\n|upkeep\n|turn|11\n|\n|t:|1781380676\n|cant|p1a: Masquerain|par\n|move|p2a: Porygon2|Tera Blast|p1a: Masquerain\n|-damage|p1a: Masquerain|0 fnt\n|faint|p1a: Masquerain\n|\n|upkeep\n|\n|t:|1781380687\n|switch|p1a: Umbreon|Umbreon, L84, M|297/297\n|turn|12\n|\n|t:|1781380693\n|move|p1a: Umbreon|Foul Play|p2a: Porygon2\n|-damage|p2a: Porygon2|0 fnt\n|faint|p2a: Porygon2\n|\n|upkeep\n|\n|t:|1781380709\n|switch|p2a: Medicham|Medicham, L86, M|243/243\n|turn|13\n|\n|t:|1781380721\n|move|p1a: Umbreon|Protect|p1a: Umbreon\n|-singleturn|p1a: Umbreon|Protect\n|move|p2a: Medicham|Close Combat|p1a: Umbreon\n|-activate|p1a: Umbreon|move: Protect\n|\n|upkeep\n|turn|14\n|\n|t:|1781380737\n|move|p2a: Medicham|Close Combat|p1a: Umbreon\n|-supereffective|p1a: Umbreon\n|-damage|p1a: Umbreon|0 fnt\n|-unboost|p2a: Medicham|def|1\n|-unboost|p2a: Medicham|spd|1\n|faint|p1a: Umbreon\n|\n|upkeep\n|\n|t:|1781380743\n|switch|p1a: Bronzong|Bronzong, L88|261/261\n|turn|15\n|\n|t:|1781380752\n|switch|p2a: Okidogi|Okidogi, L77, M, tera:Dark|262/262\n|move|p1a: Bronzong|Iron Head|p2a: Okidogi\n|-damage|p2a: Okidogi|180/262\n|\n|-heal|p2a: Okidogi|196/262|[from] item: Leftovers\n|upkeep\n|turn|16\n|\n|t:|1781380757\n|move|p2a: Okidogi|Knock Off|p1a: Bronzong\n|-supereffective|p1a: Bronzong\n|-damage|p1a: Bronzong|99/261\n|-enditem|p1a: Bronzong|Leftovers|[from] move: Knock Off|[of] p2a: Okidogi\n|move|p1a: Bronzong|Earthquake|p2a: Okidogi\n|-damage|p2a: Okidogi|132/262\n|\n|-heal|p2a: Okidogi|148/262|[from] item: Leftovers\n|upkeep\n|turn|17\n|\n|t:|1781380762\n|move|p2a: Okidogi|Knock Off|p1a: Bronzong\n|-supereffective|p1a: Bronzong\n|-damage|p1a: Bronzong|0 fnt\n|faint|p1a: Bronzong\n|\n|-heal|p2a: Okidogi|164/262|[from] item: Leftovers\n|upkeep\n|\n|t:|1781380764\n|switch|p1a: Cobalion|Cobalion, L80|277/277\n|turn|18\n|\n|t:|1781380768\n|move|p1a: Cobalion|Close Combat|p2a: Okidogi\n|-supereffective|p2a: Okidogi\n|-damage|p2a: Okidogi|0 fnt\n|-unboost|p1a: Cobalion|def|1\n|-unboost|p1a: Cobalion|spd|1\n|faint|p2a: Okidogi\n|\n|upkeep\n|\n|t:|1781380784\n|switch|p2a: Iron Boulder|Iron Boulder, L77|265/265\n|-enditem|p2a: Iron Boulder|Booster Energy\n|-activate|p2a: Iron Boulder|ability: Quark Drive|[fromitem]\n|-start|p2a: Iron Boulder|quarkdrivespe\n|turn|19\n|\n|t:|1781380797\n|switch|p1a: Magmortar|Magmortar, L88, F|275/275\n|move|p2a: Iron Boulder|Close Combat|p1a: Magmortar\n|-damage|p1a: Magmortar|172/275\n|-unboost|p2a: Iron Boulder|def|1\n|-unboost|p2a: Iron Boulder|spd|1\n|\n|upkeep\n|turn|20\n|\n|t:|1781380811\n|-terastallize|p1a: Magmortar|Water\n|move|p2a: Iron Boulder|Mighty Cleave|p1a: Magmortar\n|-damage|p1a: Magmortar|61/275\n|-status|p2a: Iron Boulder|brn|[from] ability: Flame Body|[of] p1a: Magmortar\n|move|p1a: Magmortar|Earthquake|p2a: Iron Boulder\n|-supereffective|p2a: Iron Boulder\n|-damage|p2a: Iron Boulder|13/265 brn\n|\n|-damage|p2a: Iron Boulder|0 fnt|[from] brn\n|faint|p2a: Iron Boulder\n|-end|p2a: Iron Boulder|Quark Drive|[silent]\n|upkeep\n|\n|t:|1781380824\n|switch|p2a: Dondozo|Dondozo, L78, M|362/362\n|turn|21\n|\n|t:|1781380830\n|move|p1a: Magmortar|Will-O-Wisp|p2a: Dondozo\n|-status|p2a: Dondozo|brn\n|move|p2a: Dondozo|Wave Crash|p1a: Magmortar\n|-resisted|p1a: Magmortar\n|-crit|p1a: Magmortar\n|-damage|p1a: Magmortar|13/275\n|-damage|p2a: Dondozo|346/362 brn|[from] Recoil\n|\n|-heal|p2a: Dondozo|362/362 brn|[from] item: Leftovers\n|-damage|p2a: Dondozo|340/362 brn|[from] brn\n|upkeep\n|turn|22\n|\n|t:|1781380837\n|move|p1a: Magmortar|Knock Off|p2a: Dondozo\n|-damage|p2a: Dondozo|273/362 brn\n|-enditem|p2a: Dondozo|Leftovers|[from] move: Knock Off|[of] p1a: Magmortar\n|move|p2a: Dondozo|Wave Crash|p1a: Magmortar\n|-resisted|p1a: Magmortar\n|-damage|p1a: Magmortar|0 fnt\n|faint|p1a: Magmortar\n|-damage|p2a: Dondozo|269/362 brn|[from] Recoil\n|\n|-damage|p2a: Dondozo|247/362 brn|[from] brn\n|upkeep\n|\n|t:|1781380840\n|switch|p1a: Cobalion|Cobalion, L80|277/277\n|turn|23\n|\n|t:|1781380847\n|switch|p2a: Tropius|Tropius, L91, F|328/328\n|move|p1a: Cobalion|Swords Dance|p1a: Cobalion\n|-boost|p1a: Cobalion|atk|2\n|\n|upkeep\n|turn|24\n|\n|t:|1781380852\n|move|p1a: Cobalion|Iron Head|p2a: Tropius\n|-damage|p2a: Tropius|178/328\n|move|p2a: Tropius|Earthquake|p1a: Cobalion\n|-supereffective|p1a: Cobalion\n|-damage|p1a: Cobalion|177/277\n|\n|-heal|p1a: Cobalion|194/277|[from] item: Leftovers\n|upkeep\n|turn|25\n|\n|t:|1781380859\n|move|p1a: Cobalion|Swords Dance|p1a: Cobalion\n|-boost|p1a: Cobalion|atk|2\n|move|p2a: Tropius|Earthquake|p1a: Cobalion\n|-supereffective|p1a: Cobalion\n|-damage|p1a: Cobalion|96/277\n|\n|-heal|p1a: Cobalion|113/277|[from] item: Leftovers\n|upkeep\n|turn|26\n|\n|t:|1781380861\n|move|p1a: Cobalion|Iron Head|p2a: Tropius\n|-damage|p2a: Tropius|0 fnt\n|faint|p2a: Tropius\n|\n|-heal|p1a: Cobalion|130/277|[from] item: Leftovers\n|upkeep\n|\n|t:|1781380864\n|switch|p2a: Medicham|Medicham, L86, M|243/243\n|turn|27\n|\n|t:|1781380868\n|move|p1a: Cobalion|Iron Head|p2a: Medicham\n|-damage|p2a: Medicham|0 fnt\n|faint|p2a: Medicham\n|\n|-heal|p1a: Cobalion|147/277|[from] item: Leftovers\n|upkeep\n|\n|t:|1781380870\n|switch|p2a: Dondozo|Dondozo, L78, M|247/362 brn\n|turn|28\n|\n|t:|1781380872\n|move|p1a: Cobalion|Iron Head|p2a: Dondozo\n|-resisted|p2a: Dondozo\n|-damage|p2a: Dondozo|214/362 brn\n|cant|p2a: Dondozo|flinch\n|\n|-heal|p1a: Cobalion|164/277|[from] item: Leftovers\n|-damage|p2a: Dondozo|192/362 brn|[from] brn\n|upkeep\n|turn|29\n|\n|t:|1781380878\n|move|p1a: Cobalion|Taunt|p2a: Dondozo\n|-start|p2a: Dondozo|move: Taunt\n|cant|p2a: Dondozo|move: Taunt|Curse\n|\n|-heal|p1a: Cobalion|181/277|[from] item: Leftovers\n|-damage|p2a: Dondozo|170/362 brn|[from] brn\n|upkeep\n|turn|30\n|\n|t:|1781380884\n|move|p1a: Cobalion|Iron Head|p2a: Dondozo\n|-resisted|p2a: Dondozo\n|-damage|p2a: Dondozo|137/362 brn\n|cant|p2a: Dondozo|flinch\n|\n|-heal|p1a: Cobalion|198/277|[from] item: Leftovers\n|-damage|p2a: Dondozo|115/362 brn|[from] brn\n|upkeep\n|turn|31\n|\n|t:|1781380888\n|move|p1a: Cobalion|Iron Head|p2a: Dondozo\n|-resisted|p2a: Dondozo\n|-damage|p2a: Dondozo|83/362 brn\n|move|p2a: Dondozo|Wave Crash|p1a: Cobalion\n|-damage|p1a: Cobalion|158/277\n|-damage|p2a: Dondozo|70/362 brn|[from] Recoil\n|\n|-heal|p1a: Cobalion|175/277|[from] item: Leftovers\n|-damage|p2a: Dondozo|48/362 brn|[from] brn\n|-end|p2a: Dondozo|move: Taunt\n|upkeep\n|turn|32\n|\n|t:|1781380893\n|move|p1a: Cobalion|Taunt|p2a: Dondozo\n|-start|p2a: Dondozo|move: Taunt\n|cant|p2a: Dondozo|move: Taunt|Rest\n|\n|-heal|p1a: Cobalion|192/277|[from] item: Leftovers\n|-damage|p2a: Dondozo|26/362 brn|[from] brn\n|upkeep\n|turn|33\n|-message|tidpig123 forfeited.\n|\n|win|mjwm3\n|raw|mjwm3's rating: 1262 &rarr; <strong>1285</strong><br />(+23 for winning)\n|raw|tidpig123's rating: 1233 &rarr; <strong>1210</strong><br />(-23 for losing)\n|l|\u2606tidpig123\n|player|p2|\n|c|\u2606mjwm3|there was hope\n", "uploadtime": 1781380905, "views": 7, "formatid": "gen9randombattle", "rating": 1210, "private": 0, "password": null}