{"id": "gen9randombattle-2631894440", "format": "[Gen 9] Random Battle", "players": ["Woelolo", "faaskaas"], "log": "|j|\u2606Woelolo\n|j|\u2606faaskaas\n|t:|1781452949\n|gametype|singles\n|player|p1|Woelolo|backpacker|2119\n|player|p2|faaskaas|hiker-gen4|2087\n|gen|9\n|tier|[Gen 9] Random Battle\n|rated|\n|rule|Species Clause: Limit one of each Pok\u00e9mon\n|rule|HP Percentage Mod: HP is shown in percentages\n|rule|Sleep Clause Mod: Limit one foe put to sleep\n|rule|Illusion Level Mod: Illusion disguises the Pok\u00e9mon's true level\n|\n|t:|1781452950\n|teamsize|p1|6\n|teamsize|p2|6\n|start\n|switch|p1a: Dragonite|Dragonite, L74, M|257/257\n|switch|p2a: Komala|Komala, L88, F|258/258\n|-ability|p2a: Komala|Comatose\n|turn|1\n|inactive|Battle timer is ON: inactive players will automatically lose when time's up. (requested by faaskaas)\n|inactive|Woelolo also wants the timer to be on.\n|inactive|Woelolo has 120 seconds left.\n|inactive|Woelolo has 90 seconds left.\n|\n|t:|1781453013\n|move|p2a: Komala|Body Slam|p1a: Dragonite\n|-damage|p1a: Dragonite|200/257\n|move|p1a: Dragonite|Outrage|p2a: Komala\n|-damage|p2a: Komala|96/258\n|\n|upkeep\n|turn|2\n|\n|t:|1781453020\n|switch|p2a: Iron Valiant|Iron Valiant, L78|244/244\n|move|p1a: Dragonite|Outrage|p2a: Iron Valiant|[from] lockedmove\n|-immune|p2a: Iron Valiant\n|\n|upkeep\n|turn|3\n|\n|t:|1781453031\n|switch|p1a: Arcanine|Arcanine, L84, F|288/288\n|-ability|p1a: Arcanine|Intimidate|boost\n|-unboost|p2a: Iron Valiant|atk|1\n|move|p2a: Iron Valiant|Spirit Break|p1a: Arcanine\n|-resisted|p1a: Arcanine\n|-damage|p1a: Arcanine|249/288\n|-unboost|p1a: Arcanine|spa|1\n|-damage|p2a: Iron Valiant|220/244|[from] item: Life Orb\n|\n|upkeep\n|turn|4\n|\n|t:|1781453039\n|-end|p2a: Iron Valiant|Quark Drive|[silent]\n|switch|p2a: Phione|Phione, L91|293/293\n|move|p1a: Arcanine|Flare Blitz|p2a: Phione\n|-resisted|p2a: Phione\n|-damage|p2a: Phione|223/293\n|-status|p2a: Phione|brn\n|-damage|p1a: Arcanine|226/288|[from] Recoil\n|\n|-heal|p2a: Phione|241/293 brn|[from] item: Leftovers\n|-damage|p2a: Phione|223/293 brn|[from] brn\n|upkeep\n|turn|5\n|\n|t:|1781453046\n|switch|p1a: Oranguru|Oranguru, L92, M|315/315\n|move|p2a: Phione|Scald|p1a: Oranguru\n|-damage|p1a: Oranguru|255/315\n|\n|-heal|p2a: Phione|241/293 brn|[from] item: Leftovers\n|-damage|p2a: Phione|223/293 brn|[from] brn\n|upkeep\n|turn|6\n|\n|t:|1781453055\n|move|p2a: Phione|Take Heart|p2a: Phione\n|-boost|p2a: Phione|spa|1\n|-boost|p2a: Phione|spd|1\n|-curestatus|p2a: Phione|brn|[msg]\n|move|p1a: Oranguru|Nasty Plot|p1a: Oranguru\n|-boost|p1a: Oranguru|spa|2\n|\n|-heal|p2a: Phione|241/293|[from] item: Leftovers\n|upkeep\n|turn|7\n|\n|t:|1781453072\n|move|p2a: Phione|Scald|p1a: Oranguru\n|-damage|p1a: Oranguru|152/315\n|move|p1a: Oranguru|Psyshock|p2a: Phione\n|-damage|p2a: Phione|17/293\n|-damage|p1a: Oranguru|121/315|[from] item: Life Orb\n|\n|-heal|p2a: Phione|35/293|[from] item: Leftovers\n|upkeep\n|turn|8\n|\n|t:|1781453076\n|move|p2a: Phione|Scald|p1a: Oranguru\n|-crit|p1a: Oranguru\n|-damage|p1a: Oranguru|0 fnt\n|faint|p1a: Oranguru\n|\n|-heal|p2a: Phione|53/293|[from] item: Leftovers\n|upkeep\n|\n|t:|1781453086\n|switch|p1a: Arcanine|Arcanine, L84, F|226/288\n|-ability|p1a: Arcanine|Intimidate|boost\n|-unboost|p2a: Phione|atk|1\n|turn|9\n|\n|t:|1781453090\n|move|p1a: Arcanine|Flare Blitz|p2a: Phione\n|-resisted|p2a: Phione\n|-damage|p2a: Phione|0 fnt\n|faint|p2a: Phione\n|-damage|p1a: Arcanine|209/288|[from] Recoil\n|\n|upkeep\n|\n|t:|1781453094\n|switch|p2a: Tauros|Tauros, L82, M|257/257\n|turn|10\n|\n|t:|1781453106\n|move|p2a: Tauros|Earthquake|p1a: Arcanine\n|-supereffective|p1a: Arcanine\n|-damage|p1a: Arcanine|30/288\n|-damage|p2a: Tauros|232/257|[from] item: Life Orb\n|move|p1a: Arcanine|Flare Blitz|p2a: Tauros\n|-damage|p2a: Tauros|94/257\n|-damage|p1a: Arcanine|0 fnt|[from] Recoil\n|faint|p1a: Arcanine\n|\n|upkeep\n|\n|t:|1781453130\n|switch|p1a: Rhydon|Rhydon, L85, M|317/317\n|turn|11\n|\n|t:|1781453138\n|move|p2a: Tauros|Close Combat|p1a: Rhydon\n|-supereffective|p1a: Rhydon\n|-damage|p1a: Rhydon|195/317\n|-unboost|p2a: Tauros|def|1\n|-unboost|p2a: Tauros|spd|1\n|-damage|p2a: Tauros|69/257|[from] item: Life Orb\n|move|p1a: Rhydon|Earthquake|p2a: Tauros\n|-damage|p2a: Tauros|0 fnt\n|faint|p2a: Tauros\n|\n|upkeep\n|\n|t:|1781453163\n|switch|p2a: Magnezone|Magnezone, L85|258/258\n|turn|12\n|\n|t:|1781453171\n|-terastallize|p1a: Rhydon|Water\n|move|p2a: Magnezone|Flash Cannon|p1a: Rhydon\n|-resisted|p1a: Rhydon\n|-damage|p1a: Rhydon|140/317\n|move|p1a: Rhydon|Earthquake|p2a: Magnezone\n|-supereffective|p2a: Magnezone\n|-damage|p2a: Magnezone|0 fnt\n|faint|p2a: Magnezone\n|\n|upkeep\n|\n|t:|1781453175\n|switch|p2a: Zebstrika|Zebstrika, L87, M|272/272\n|turn|13\n|\n|t:|1781453187\n|switch|p2a: Komala|Komala, L88, F|96/258\n|-ability|p2a: Komala|Comatose\n|move|p1a: Rhydon|Earthquake|p2a: Komala\n|-damage|p2a: Komala|0 fnt\n|faint|p2a: Komala\n|\n|upkeep\n|\n|t:|1781453189\n|switch|p2a: Iron Valiant|Iron Valiant, L78|220/244\n|turn|14\n|\n|t:|1781453198\n|switch|p1a: Typhlosion|Typhlosion-Hisui, L83, F|257/257\n|move|p2a: Iron Valiant|Swords Dance|p2a: Iron Valiant\n|-boost|p2a: Iron Valiant|atk|2\n|\n|upkeep\n|turn|15\n|\n|t:|1781453217\n|move|p2a: Iron Valiant|Knock Off|p1a: Typhlosion\n|-supereffective|p1a: Typhlosion\n|-damage|p1a: Typhlosion|0 fnt\n|-enditem|p1a: Typhlosion|Choice Specs|[from] move: Knock Off|[of] p2a: Iron Valiant\n|faint|p1a: Typhlosion\n|-damage|p2a: Iron Valiant|196/244|[from] item: Life Orb\n|\n|upkeep\n|\n|t:|1781453220\n|switch|p1a: Mabosstiff|Mabosstiff, L86, M|278/278\n|turn|16\n|\n|t:|1781453229\n|move|p1a: Mabosstiff|Play Rough|p2a: Iron Valiant|[miss]\n|-miss|p1a: Mabosstiff|p2a: Iron Valiant\n|move|p2a: Iron Valiant|Spirit Break|p1a: Mabosstiff\n|-supereffective|p1a: Mabosstiff\n|-damage|p1a: Mabosstiff|0 fnt\n|faint|p1a: Mabosstiff\n|-damage|p2a: Iron Valiant|172/244|[from] item: Life Orb\n|\n|upkeep\n|\n|t:|1781453234\n|switch|p1a: Rhydon|Rhydon, L85, M, tera:Water|140/317\n|turn|17\n|\n|t:|1781453238\n|move|p2a: Iron Valiant|Close Combat|p1a: Rhydon\n|-damage|p1a: Rhydon|0 fnt\n|-unboost|p2a: Iron Valiant|def|1\n|-unboost|p2a: Iron Valiant|spd|1\n|faint|p1a: Rhydon\n|-damage|p2a: Iron Valiant|148/244|[from] item: Life Orb\n|\n|upkeep\n|\n|t:|1781453240\n|switch|p1a: Dragonite|Dragonite, L74, M|200/257\n|turn|18\n|\n|t:|1781453249\n|move|p2a: Iron Valiant|Spirit Break|p1a: Dragonite\n|-supereffective|p1a: Dragonite\n|-damage|p1a: Dragonite|0 fnt\n|faint|p1a: Dragonite\n|-damage|p2a: Iron Valiant|124/244|[from] item: Life Orb\n|\n|win|faaskaas\n", "uploadtime": 1781452951, "views": 5, "formatid": "gen9randombattle", "rating": null, "private": 0, "password": null}