{"id": "gen9randombattle-2631647500", "format": "[Gen 9] Random Battle", "players": ["Jadasteel", "marper8"], "log": "|j|\u2606Jadasteel\n|j|\u2606marper8\n|t:|1781414448\n|gametype|singles\n|player|p1|Jadasteel|fantina|2059\n|player|p2|marper8|170|2142\n|gen|9\n|tier|[Gen 9] Random Battle\n|rated|\n|rule|Species Clause: Limit one of each Pok\u00e9mon\n|rule|HP Percentage Mod: HP is shown in percentages\n|rule|Sleep Clause Mod: Limit one foe put to sleep\n|rule|Illusion Level Mod: Illusion disguises the Pok\u00e9mon's true level\n|\n|t:|1781414448\n|teamsize|p1|6\n|teamsize|p2|6\n|start\n|switch|p1a: Mamoswine|Mamoswine, L81, F|311/311\n|switch|p2a: Magmortar|Magmortar, L88, F|275/275\n|turn|1\n|inactive|Battle timer is ON: inactive players will automatically lose when time's up. (requested by marper8)\n|\n|t:|1781414458\n|move|p2a: Magmortar|Will-O-Wisp|p1a: Mamoswine|[miss]\n|-miss|p2a: Magmortar|p1a: Mamoswine\n|move|p1a: Mamoswine|Earthquake|p2a: Magmortar\n|-supereffective|p2a: Magmortar\n|-damage|p2a: Magmortar|0 fnt\n|faint|p2a: Magmortar\n|\n|upkeep\n|\n|t:|1781414462\n|switch|p2a: Sceptile|Sceptile, L87, F|264/264\n|turn|2\n|\n|t:|1781414469\n|switch|p1a: Qwilfish|Qwilfish-Hisui, L83, F|244/244\n|-ability|p1a: Qwilfish|Intimidate|boost\n|-unboost|p2a: Sceptile|atk|1\n|move|p2a: Sceptile|Giga Drain|p1a: Qwilfish\n|-resisted|p1a: Qwilfish\n|-damage|p1a: Qwilfish|189/244\n|-damage|p2a: Sceptile|238/264|[from] item: Life Orb\n|\n|upkeep\n|turn|3\n|\n|t:|1781414481\n|switch|p2a: Gliscor|Gliscor, L76, F|239/239\n|move|p1a: Qwilfish|Spikes|p2a: Gliscor\n|-sidestart|p2: marper8|Spikes\n|\n|-status|p2a: Gliscor|tox|[from] item: Toxic Orb\n|upkeep\n|turn|4\n|\n|t:|1781414489\n|switch|p1a: Skarmory|Skarmory, L80, M|235/235\n|move|p2a: Gliscor|Knock Off|p1a: Skarmory\n|-damage|p1a: Skarmory|193/235\n|-enditem|p1a: Skarmory|Leftovers|[from] move: Knock Off|[of] p2a: Gliscor\n|\n|upkeep\n|turn|5\n|\n|t:|1781414497\n|switch|p2a: Politoed|Politoed, L88, F|302/302\n|-damage|p2a: Politoed|265/302|[from] Spikes\n|-weather|RainDance|[from] ability: Drizzle|[of] p2a: Politoed\n|move|p1a: Skarmory|Iron Defense|p1a: Skarmory\n|-boost|p1a: Skarmory|def|2\n|\n|-weather|RainDance|[upkeep]\n|-heal|p2a: Politoed|283/302|[from] item: Leftovers\n|upkeep\n|turn|6\n|\n|t:|1781414507\n|move|p2a: Politoed|Hydro Pump|p1a: Skarmory\n|-damage|p1a: Skarmory|0 fnt\n|faint|p1a: Skarmory\n|\n|-weather|RainDance|[upkeep]\n|-heal|p2a: Politoed|301/302|[from] item: Leftovers\n|upkeep\n|\n|t:|1781414514\n|switch|p1a: Regieleki|Regieleki, L79|256/256\n|turn|7\n|\n|t:|1781414527\n|switch|p2a: Sceptile|Sceptile, L87, F|238/264\n|-damage|p2a: Sceptile|205/264|[from] Spikes\n|move|p1a: Regieleki|Thunderbolt|p2a: Sceptile\n|-resisted|p2a: Sceptile\n|-damage|p2a: Sceptile|140/264\n|\n|-weather|RainDance|[upkeep]\n|upkeep\n|turn|8\n|\n|t:|1781414532\n|-terastallize|p1a: Regieleki|Ice\n|move|p1a: Regieleki|Tera Blast|p2a: Sceptile|[anim] Tera Blast Ice\n|-supereffective|p2a: Sceptile\n|-damage|p2a: Sceptile|0 fnt\n|faint|p2a: Sceptile\n|\n|-weather|RainDance|[upkeep]\n|upkeep\n|\n|t:|1781414536\n|switch|p2a: Azelf|Azelf, L82|257/257\n|turn|9\n|\n|t:|1781414542\n|move|p1a: Regieleki|Volt Switch|p2a: Azelf\n|-damage|p2a: Azelf|134/257\n|\n|t:|1781414545\n|switch|p1a: Qwilfish|Qwilfish-Hisui, L83, F|189/244|[from] Volt Switch\n|-ability|p1a: Qwilfish|Intimidate|boost\n|-unboost|p2a: Azelf|atk|1\n|move|p2a: Azelf|U-turn|p1a: Qwilfish\n|-damage|p1a: Qwilfish|160/244\n|\n|t:|1781414547\n|switch|p2a: Gliscor|Gliscor, L76, F|239/239 tox|[from] U-turn\n|\n|-weather|none\n|upkeep\n|turn|10\n|\n|t:|1781414556\n|move|p1a: Qwilfish|Spikes|p2a: Gliscor\n|-sidestart|p2: marper8|Spikes\n|move|p2a: Gliscor|Earthquake|p1a: Qwilfish\n|-supereffective|p1a: Qwilfish\n|-damage|p1a: Qwilfish|32/244\n|\n|upkeep\n|turn|11\n|\n|t:|1781414573\n|move|p1a: Qwilfish|Crunch|p2a: Gliscor\n|-damage|p2a: Gliscor|163/239 tox\n|move|p2a: Gliscor|Earthquake|p1a: Qwilfish\n|-supereffective|p1a: Qwilfish\n|-damage|p1a: Qwilfish|0 fnt\n|faint|p1a: Qwilfish\n|\n|-heal|p2a: Gliscor|192/239 tox|[from] ability: Poison Heal\n|upkeep\n|\n|t:|1781414578\n|switch|p1a: Regieleki|Regieleki, L79, tera:Ice|256/256\n|turn|12\n|\n|t:|1781414584\n|move|p2a: Gliscor|Protect|p2a: Gliscor\n|-singleturn|p2a: Gliscor|Protect\n|move|p1a: Regieleki|Tera Blast|p2a: Gliscor|[anim] Tera Blast Ice\n|-activate|p2a: Gliscor|move: Protect\n|\n|-heal|p2a: Gliscor|221/239 tox|[from] ability: Poison Heal\n|upkeep\n|turn|13\n|\n|t:|1781414608\n|-terastallize|p2a: Gliscor|Water\n|move|p1a: Regieleki|Thunderbolt|p2a: Gliscor\n|-supereffective|p2a: Gliscor\n|-damage|p2a: Gliscor|0 fnt\n|faint|p2a: Gliscor\n|\n|upkeep\n|-message|marper8 forfeited.\n|\n|win|Jadasteel\n", "uploadtime": 1781414449, "views": 3, "formatid": "gen9randombattle", "rating": null, "private": 0, "password": null}