{"id": "gen9randombattle-2631533788", "format": "[Gen 9] Random Battle", "players": ["phantasmiccat", "nocomment3"], "log": "|badge|p1|bronze|gen9ru|100-9\n|uhtml|medal-msg|<div class=\"broadcast-blue\">Curious what those medals under the avatar are? PS now has Ladder Seasons! For more information, check out the <a href=\"https://www.smogon.com/forums/threads/3740067/\">thread on Smogon.</a></div>\n|j|\u2606phantasmiccat\n|j|\u2606nocomment3\n|t:|1781397727\n|gametype|singles\n|player|p1|phantasmiccat|miku-grass|2284\n|player|p2|nocomment3|2|2254\n|gen|9\n|tier|[Gen 9] Random Battle\n|rated|\n|rule|Species Clause: Limit one of each Pok\u00e9mon\n|rule|HP Percentage Mod: HP is shown in percentages\n|rule|Sleep Clause Mod: Limit one foe put to sleep\n|rule|Illusion Level Mod: Illusion disguises the Pok\u00e9mon's true level\n|\n|t:|1781397727\n|teamsize|p1|6\n|teamsize|p2|6\n|start\n|switch|p1a: Bombirdier|Bombirdier, L85, F|258/258\n|switch|p2a: Zebstrika|Zebstrika, L87, F|272/272\n|turn|1\n|\n|t:|1781397733\n|switch|p1a: Archaludon|Archaludon, L78, F|268/268\n|move|p2a: Zebstrika|Volt Switch|p1a: Archaludon\n|-resisted|p1a: Archaludon\n|-damage|p1a: Archaludon|208/268\n|-ability|p1a: Archaludon|Stamina|boost\n|-boost|p1a: Archaludon|def|1\n|-damage|p2a: Zebstrika|245/272|[from] item: Life Orb\n|\n|t:|1781397740\n|switch|p2a: Sandy Shocks|Sandy Shocks, L80|267/267|[from] Volt Switch\n|\n|upkeep\n|turn|2\n|\n|t:|1781397754\n|switch|p1a: Decidueye|Decidueye, L88, M|281/281\n|move|p2a: Sandy Shocks|Earth Power|p1a: Decidueye\n|-resisted|p1a: Decidueye\n|-damage|p1a: Decidueye|238/281\n|\n|upkeep\n|turn|3\n|\n|t:|1781397766\n|move|p2a: Sandy Shocks|Stealth Rock|p1a: Decidueye\n|-sidestart|p1: phantasmiccat|move: Stealth Rock\n|move|p1a: Decidueye|Poltergeist|p2a: Sandy Shocks\n|-activate|p2a: Sandy Shocks|move: Poltergeist|Leftovers\n|-damage|p2a: Sandy Shocks|84/267\n|-damage|p1a: Decidueye|210/281|[from] item: Life Orb\n|\n|-heal|p2a: Sandy Shocks|100/267|[from] item: Leftovers\n|upkeep\n|turn|4\n|\n|t:|1781397780\n|move|p2a: Sandy Shocks|Spikes|p1a: Decidueye\n|-sidestart|p1: phantasmiccat|Spikes\n|move|p1a: Decidueye|Poltergeist|p2a: Sandy Shocks\n|-activate|p2a: Sandy Shocks|move: Poltergeist|Leftovers\n|-damage|p2a: Sandy Shocks|0 fnt\n|faint|p2a: Sandy Shocks\n|-end|p2a: Sandy Shocks|Protosynthesis|[silent]\n|-damage|p1a: Decidueye|182/281|[from] item: Life Orb\n|\n|upkeep\n|inactive|Battle timer is ON: inactive players will automatically lose when time's up. (requested by phantasmiccat)\n|\n|t:|1781397784\n|switch|p2a: Ceruledge|Ceruledge, L78, F|245/245\n|turn|5\n|\n|t:|1781397795\n|move|p1a: Decidueye|Shadow Sneak|p2a: Ceruledge\n|-supereffective|p2a: Ceruledge\n|-damage|p2a: Ceruledge|81/245\n|-ability|p2a: Ceruledge|Weak Armor|boost\n|-unboost|p2a: Ceruledge|def|1\n|-boost|p2a: Ceruledge|spe|2\n|-damage|p1a: Decidueye|154/281|[from] item: Life Orb\n|move|p2a: Ceruledge|Swords Dance|p2a: Ceruledge\n|-boost|p2a: Ceruledge|atk|2\n|\n|upkeep\n|turn|6\n|\n|t:|1781397808\n|switch|p2a: Florges|Florges, L85, F|271/271\n|move|p1a: Decidueye|Shadow Sneak|p2a: Florges\n|-damage|p2a: Florges|197/271\n|-damage|p1a: Decidueye|126/281|[from] item: Life Orb\n|\n|-heal|p2a: Florges|213/271|[from] item: Leftovers\n|upkeep\n|turn|7\n|\n|t:|1781397814\n|move|p2a: Florges|Moonblast|p1a: Decidueye\n|-damage|p1a: Decidueye|29/281\n|move|p1a: Decidueye|Poltergeist|p2a: Florges\n|-activate|p2a: Florges|move: Poltergeist|Leftovers\n|-damage|p2a: Florges|0 fnt\n|faint|p2a: Florges\n|-damage|p1a: Decidueye|1/281|[from] item: Life Orb\n|\n|upkeep\n|\n|t:|1781397818\n|switch|p2a: Zebstrika|Zebstrika, L87, F|245/272\n|turn|8\n|\n|t:|1781397821\n|move|p1a: Decidueye|Shadow Sneak|p2a: Zebstrika\n|-damage|p2a: Zebstrika|158/272\n|-damage|p1a: Decidueye|0 fnt|[from] item: Life Orb\n|faint|p1a: Decidueye\n|move|p2a: Zebstrika|High Horsepower|p1: Decidueye|[notarget]\n|-fail|p2a: Zebstrika\n|\n|upkeep\n|\n|t:|1781397844\n|switch|p1a: Hydreigon|Hydreigon, L79, F|275/275\n|-damage|p1a: Hydreigon|241/275|[from] Stealth Rock\n|turn|9\n|-message|nocomment3 forfeited.\n|\n|win|phantasmiccat\n", "uploadtime": 1781397729, "views": 4, "formatid": "gen9randombattle", "rating": null, "private": 0, "password": null}