{"id": "gen9randombattle-2631791843", "format": "[Gen 9] Random Battle", "players": ["happy battler", "Saaskin"], "log": "|j|\u2606happy battler\n|j|\u2606Saaskin\n|t:|1781440292\n|gametype|singles\n|player|p1|happy battler|2|2085\n|player|p2|Saaskin|265|2038\n|gen|9\n|tier|[Gen 9] Random Battle\n|rated|\n|rule|Species Clause: Limit one of each Pok\u00e9mon\n|rule|HP Percentage Mod: HP is shown in percentages\n|rule|Sleep Clause Mod: Limit one foe put to sleep\n|rule|Illusion Level Mod: Illusion disguises the Pok\u00e9mon's true level\n|\n|t:|1781440292\n|teamsize|p1|6\n|teamsize|p2|6\n|start\n|switch|p1a: Klefki|Klefki, L84, F|233/233\n|switch|p2a: Krookodile|Krookodile, L79, M|280/280\n|-ability|p2a: Krookodile|Intimidate|boost\n|-unboost|p1a: Klefki|atk|1\n|turn|1\n|inactive|Battle timer is ON: inactive players will automatically lose when time's up. (requested by Saaskin)\n|\n|t:|1781440314\n|move|p2a: Krookodile|Stealth Rock|p1a: Klefki\n|-sidestart|p1: happy battler|move: Stealth Rock\n|move|p1a: Klefki|Dazzling Gleam|p2a: Krookodile\n|-supereffective|p2a: Krookodile\n|-crit|p2a: Krookodile\n|-damage|p2a: Krookodile|0 fnt\n|faint|p2a: Krookodile\n|\n|upkeep\n|\n|t:|1781440321\n|switch|p2a: Armarouge|Armarouge, L80, M|267/267\n|turn|2\n|\n|t:|1781440329\n|switch|p1a: Oranguru|Oranguru, L92, M|315/315\n|-damage|p1a: Oranguru|276/315|[from] Stealth Rock\n|move|p2a: Armarouge|Armor Cannon|p1a: Oranguru\n|-damage|p1a: Oranguru|114/315\n|-unboost|p2a: Armarouge|def|1\n|-unboost|p2a: Armarouge|spd|1\n|\n|upkeep\n|turn|3\n|\n|t:|1781440333\n|move|p2a: Armarouge|Armor Cannon|p1a: Oranguru\n|-damage|p1a: Oranguru|0 fnt\n|-unboost|p2a: Armarouge|def|1\n|-unboost|p2a: Armarouge|spd|1\n|faint|p1a: Oranguru\n|\n|upkeep\n|\n|t:|1781440336\n|switch|p1a: Landorus|Landorus, L75, M|257/257\n|-damage|p1a: Landorus|225/257|[from] Stealth Rock\n|turn|4\n|\n|t:|1781440342\n|switch|p2a: Sceptile|Sceptile, L87, M|264/264\n|move|p1a: Landorus|Earth Power|p2a: Sceptile\n|-resisted|p2a: Sceptile\n|-damage|p2a: Sceptile|190/264\n|\n|upkeep\n|turn|5\n|\n|t:|1781440353\n|switch|p1a: Iron Hands|Iron Hands, L79|373/373\n|-damage|p1a: Iron Hands|350/373|[from] Stealth Rock\n|move|p2a: Sceptile|Leaf Blade|p1a: Iron Hands\n|-damage|p1a: Iron Hands|245/373\n|-damage|p2a: Sceptile|164/264|[from] item: Life Orb\n|\n|upkeep\n|turn|6\n|\n|t:|1781440358\n|move|p2a: Sceptile|Earthquake|p1a: Iron Hands\n|-supereffective|p1a: Iron Hands\n|-damage|p1a: Iron Hands|94/373\n|-damage|p2a: Sceptile|138/264|[from] item: Life Orb\n|move|p1a: Iron Hands|Volt Switch|p2a: Sceptile\n|-resisted|p2a: Sceptile\n|-damage|p2a: Sceptile|117/264\n|\n|t:|1781440371\n|-end|p1a: Iron Hands|Quark Drive|[silent]\n|switch|p1a: Klefki|Klefki, L84, F|233/233|[from] Volt Switch\n|-damage|p1a: Klefki|219/233|[from] Stealth Rock\n|\n|-heal|p1a: Klefki|233/233|[from] item: Leftovers\n|upkeep\n|turn|7\n|\n|t:|1781440378\n|move|p2a: Sceptile|Earthquake|p1a: Klefki\n|-supereffective|p1a: Klefki\n|-damage|p1a: Klefki|48/233\n|-damage|p2a: Sceptile|91/264|[from] item: Life Orb\n|move|p1a: Klefki|Foul Play|p2a: Sceptile\n|-damage|p2a: Sceptile|17/264\n|\n|-heal|p1a: Klefki|62/233|[from] item: Leftovers\n|upkeep\n|turn|8\n|\n|t:|1781440388\n|switch|p1a: Iron Hands|Iron Hands, L79|94/373\n|-damage|p1a: Iron Hands|71/373|[from] Stealth Rock\n|move|p2a: Sceptile|Earthquake|p1a: Iron Hands\n|-supereffective|p1a: Iron Hands\n|-damage|p1a: Iron Hands|0 fnt\n|faint|p1a: Iron Hands\n|-end|p1a: Iron Hands|Quark Drive|[silent]\n|-damage|p2a: Sceptile|0 fnt|[from] item: Life Orb\n|faint|p2a: Sceptile\n|\n|upkeep\n|\n|t:|1781440404\n|switch|p2a: Meloetta|Meloetta, L82|298/298\n|switch|p1a: Landorus|Landorus, L75, M|225/257\n|-damage|p1a: Landorus|193/257|[from] Stealth Rock\n|turn|9\n|\n|t:|1781440413\n|move|p2a: Meloetta|Hyper Voice|p1a: Landorus\n|-damage|p1a: Landorus|7/257\n|move|p1a: Landorus|Stealth Rock|p2a: Meloetta\n|-sidestart|p2: Saaskin|move: Stealth Rock\n|\n|upkeep\n|turn|10\n|\n|t:|1781440418\n|move|p1a: Landorus|Earth Power|p2a: Meloetta\n|-damage|p2a: Meloetta|185/298\n|move|p2a: Meloetta|Hyper Voice|p1a: Landorus\n|-damage|p1a: Landorus|0 fnt\n|faint|p1a: Landorus\n|\n|upkeep\n|\n|t:|1781440446\n|switch|p1a: Scovillain|Scovillain, L91, F|266/266\n|-damage|p1a: Scovillain|200/266|[from] Stealth Rock\n|turn|11\n|\n|t:|1781440451\n|move|p2a: Meloetta|Hyper Voice|p1a: Scovillain\n|-damage|p1a: Scovillain|1/266\n|move|p1a: Scovillain|Overheat|p2a: Meloetta\n|-damage|p2a: Meloetta|0 fnt\n|-unboost|p1a: Scovillain|spa|2\n|faint|p2a: Meloetta\n|\n|upkeep\n|\n|t:|1781440476\n|switch|p2a: Luvdisc|Luvdisc, F|247/247\n|turn|12\n|\n|t:|1781440484\n|move|p2a: Luvdisc|Substitute|p2a: Luvdisc\n|-start|p2a: Luvdisc|Substitute\n|-damage|p2a: Luvdisc|186/247\n|move|p1a: Scovillain|Overheat|p2a: Luvdisc\n|-resisted|p2a: Luvdisc\n|-end|p2a: Luvdisc|Substitute\n|-unboost|p1a: Scovillain|spa|2\n|\n|upkeep\n|turn|13\n|\n|t:|1781440492\n|move|p2a: Luvdisc|Substitute|p2a: Luvdisc\n|-start|p2a: Luvdisc|Substitute\n|-damage|p2a: Luvdisc|125/247\n|move|p1a: Scovillain|Overheat|p2a: Luvdisc\n|-resisted|p2a: Luvdisc\n|-activate|p2a: Luvdisc|move: Substitute|[damage]\n|-unboost|p1a: Scovillain|spa|2\n|\n|upkeep\n|turn|14\n|\n|t:|1781440495\n|move|p2a: Luvdisc|Surf|p1a: Scovillain\n|-damage|p1a: Scovillain|0 fnt\n|faint|p1a: Scovillain\n|\n|upkeep\n|\n|t:|1781440507\n|switch|p1a: Klefki|Klefki, L84, F|62/233\n|-damage|p1a: Klefki|48/233|[from] Stealth Rock\n|turn|15\n|\n|t:|1781440516\n|-terastallize|p1a: Klefki|Water\n|move|p2a: Luvdisc|Surf|p1a: Klefki\n|-resisted|p1a: Klefki\n|-damage|p1a: Klefki|12/233\n|move|p1a: Klefki|Dazzling Gleam|p2a: Luvdisc\n|-end|p2a: Luvdisc|Substitute\n|\n|-heal|p1a: Klefki|26/233|[from] item: Leftovers\n|upkeep\n|turn|16\n|\n|t:|1781440520\n|move|p1a: Klefki|Thunder Wave|p2a: Luvdisc\n|-status|p2a: Luvdisc|par\n|move|p2a: Luvdisc|Whirlpool|p1a: Klefki\n|-resisted|p1a: Klefki\n|-damage|p1a: Klefki|11/233\n|-activate|p1a: Klefki|move: Whirlpool|[of] p2a: Luvdisc\n|\n|-heal|p1a: Klefki|25/233|[from] item: Leftovers\n|-damage|p1a: Klefki|0 fnt|[from] move: Whirlpool|[partiallytrapped]\n|faint|p1a: Klefki\n|upkeep\n|\n|t:|1781440531\n|switch|p1a: Gouging Fire|Gouging Fire, L74|277/277\n|turn|17\n|\n|t:|1781440541\n|move|p1a: Gouging Fire|Dragon Dance|p1a: Gouging Fire\n|-boost|p1a: Gouging Fire|atk|1\n|-boost|p1a: Gouging Fire|spe|1\n|move|p2a: Luvdisc|Endeavor|p1a: Gouging Fire\n|-damage|p1a: Gouging Fire|125/277\n|\n|upkeep\n|turn|18\n|\n|t:|1781440548\n|move|p1a: Gouging Fire|Morning Sun|p1a: Gouging Fire\n|-heal|p1a: Gouging Fire|263/277\n|move|p2a: Luvdisc|Whirlpool|p1a: Gouging Fire\n|-damage|p1a: Gouging Fire|232/277\n|-activate|p1a: Gouging Fire|move: Whirlpool|[of] p2a: Luvdisc\n|\n|-damage|p1a: Gouging Fire|198/277|[from] move: Whirlpool|[partiallytrapped]\n|upkeep\n|turn|19\n|\n|t:|1781440553\n|move|p1a: Gouging Fire|Dragon Dance|p1a: Gouging Fire\n|-boost|p1a: Gouging Fire|atk|1\n|-boost|p1a: Gouging Fire|spe|1\n|move|p2a: Luvdisc|Substitute|p2a: Luvdisc\n|-start|p2a: Luvdisc|Substitute\n|-damage|p2a: Luvdisc|64/247 par\n|\n|-damage|p1a: Gouging Fire|164/277|[from] move: Whirlpool|[partiallytrapped]\n|upkeep\n|turn|20\n|\n|t:|1781440558\n|move|p1a: Gouging Fire|Heat Crash|p2a: Luvdisc\n|-resisted|p2a: Luvdisc\n|-end|p2a: Luvdisc|Substitute\n|move|p2a: Luvdisc|Endeavor|p1a: Gouging Fire\n|-damage|p1a: Gouging Fire|64/277\n|\n|-damage|p1a: Gouging Fire|30/277|[from] move: Whirlpool|[partiallytrapped]\n|upkeep\n|turn|21\n|\n|t:|1781440566\n|move|p1a: Gouging Fire|Morning Sun|p1a: Gouging Fire\n|-heal|p1a: Gouging Fire|168/277\n|cant|p2a: Luvdisc|par\n|\n|-damage|p1a: Gouging Fire|134/277|[from] move: Whirlpool|[partiallytrapped]\n|upkeep\n|turn|22\n|\n|t:|1781440570\n|move|p1a: Gouging Fire|Heat Crash|p2a: Luvdisc\n|-resisted|p2a: Luvdisc\n|-damage|p2a: Luvdisc|0 fnt\n|faint|p2a: Luvdisc\n|\n|-end|p1a: Gouging Fire|Whirlpool|[partiallytrapped]|[silent]\n|upkeep\n|\n|t:|1781440572\n|switch|p2a: Armarouge|Armarouge, L80, M|267/267\n|-damage|p2a: Armarouge|201/267|[from] Stealth Rock\n|turn|23\n|\n|t:|1781440583\n|move|p1a: Gouging Fire|Outrage|p2a: Armarouge\n|-damage|p2a: Armarouge|0 fnt\n|faint|p2a: Armarouge\n|\n|upkeep\n|\n|t:|1781440586\n|switch|p2a: Scovillain|Scovillain, L91, F|266/266\n|-damage|p2a: Scovillain|200/266|[from] Stealth Rock\n|turn|24\n|\n|t:|1781440592\n|-terastallize|p2a: Scovillain|Steel\n|move|p1a: Gouging Fire|Outrage|p2a: Scovillain|[from] lockedmove\n|-resisted|p2a: Scovillain\n|-damage|p2a: Scovillain|61/266\n|-start|p1a: Gouging Fire|confusion|[fatigue]\n|move|p2a: Scovillain|Leech Seed|p1a: Gouging Fire\n|-start|p1a: Gouging Fire|move: Leech Seed\n|\n|-heal|p2a: Scovillain|77/266|[from] item: Leftovers\n|-damage|p1a: Gouging Fire|100/277|[from] Leech Seed|[of] p2a: Scovillain\n|-heal|p2a: Scovillain|111/266|[silent]\n|upkeep\n|turn|25\n|\n|t:|1781440597\n|-activate|p1a: Gouging Fire|confusion\n|move|p1a: Gouging Fire|Heat Crash|p2a: Scovillain\n|-supereffective|p2a: Scovillain\n|-damage|p2a: Scovillain|0 fnt\n|faint|p2a: Scovillain\n|\n|win|happy battler\n", "uploadtime": 1781440294, "views": 4, "formatid": "gen9randombattle", "rating": null, "private": 0, "password": null}