{"id": "gen9randombattle-2631687211", "format": "[Gen 9] Random Battle", "players": ["asfndlp", "tonnage6"], "log": "|j|\u2606asfndlp\n|j|\u2606tonnage6\n|t:|1781421826\n|gametype|singles\n|player|p1|asfndlp|1|1409\n|player|p2|tonnage6|169|1437\n|gen|9\n|tier|[Gen 9] Random Battle\n|rated|\n|rule|Species Clause: Limit one of each Pok\u00e9mon\n|rule|HP Percentage Mod: HP is shown in percentages\n|rule|Sleep Clause Mod: Limit one foe put to sleep\n|rule|Illusion Level Mod: Illusion disguises the Pok\u00e9mon's true level\n|\n|t:|1781421826\n|teamsize|p1|6\n|teamsize|p2|6\n|start\n|switch|p1a: Komala|Komala, L88, F|258/258\n|switch|p2a: Shaymin|Shaymin, L82|298/298\n|-ability|p1a: Komala|Comatose\n|turn|1\n|l|\u2606asfndlp\n|player|p1|\n|j|\u2606asfndlp\n|player|p1|asfndlp|1|\n|inactive|Battle timer is ON: inactive players will automatically lose when time's up. (requested by tonnage6)\n|\n|t:|1781421850\n|switch|p2a: Brambleghast|Brambleghast, L88, M|240/240\n|switch|p1a: Rotom|Rotom-Heat, L83|219/219\n|\n|upkeep\n|turn|2\n|\n|t:|1781421862\n|switch|p2a: Veluza|Veluza, L85, F|292/292\n|move|p1a: Rotom|Overheat|p2a: Veluza\n|-resisted|p2a: Veluza\n|-damage|p2a: Veluza|198/292\n|-unboost|p1a: Rotom|spa|2\n|\n|upkeep\n|turn|3\n|\n|t:|1781421876\n|move|p1a: Rotom|Volt Switch|p2a: Veluza\n|-supereffective|p2a: Veluza\n|-crit|p2a: Veluza\n|-damage|p2a: Veluza|0 fnt\n|faint|p2a: Veluza\n|\n|t:|1781421880\n|switch|p1a: Komala|Komala, L88, F|258/258|[from] Volt Switch\n|-ability|p1a: Komala|Comatose\n|\n|upkeep\n|\n|t:|1781421886\n|switch|p2a: Quaquaval|Quaquaval, L79, F|264/264\n|turn|4\n|\n|t:|1781421903\n|switch|p1a: Mudsdale|Mudsdale, L83, M|302/302\n|move|p2a: Quaquaval|Aqua Step|p1a: Mudsdale\n|-supereffective|p1a: Mudsdale\n|-damage|p1a: Mudsdale|144/302\n|-boost|p2a: Quaquaval|spe|1\n|-ability|p1a: Mudsdale|Stamina|boost\n|-boost|p1a: Mudsdale|def|1\n|\n|-heal|p1a: Mudsdale|162/302|[from] item: Leftovers\n|upkeep\n|turn|5\n|\n|t:|1781421914\n|move|p2a: Quaquaval|Swords Dance|p2a: Quaquaval\n|-boost|p2a: Quaquaval|atk|2\n|move|p1a: Mudsdale|Stealth Rock|p2a: Quaquaval\n|-sidestart|p2: tonnage6|move: Stealth Rock\n|\n|-heal|p1a: Mudsdale|180/302|[from] item: Leftovers\n|upkeep\n|turn|6\n|\n|t:|1781421920\n|move|p2a: Quaquaval|Aqua Step|p1a: Mudsdale\n|-supereffective|p1a: Mudsdale\n|-damage|p1a: Mudsdale|0 fnt\n|-boost|p2a: Quaquaval|spe|1\n|faint|p1a: Mudsdale\n|-ability|p2a: Quaquaval|Moxie|boost\n|-boost|p2a: Quaquaval|atk|1\n|\n|upkeep\n|inactive|asfndlp has 120 seconds left.\n|inactive|asfndlp has 90 seconds left.\n|inactive|asfndlp has 60 seconds left.\n|inactive|asfndlp has 30 seconds left.\n|\n|t:|1781422037\n|switch|p1a: Slowbro|Slowbro-Galar, L87, M|307/307\n|turn|7\n|\n|t:|1781422046\n|move|p2a: Quaquaval|Aqua Step|p1a: Slowbro\n|-damage|p1a: Slowbro|109/307\n|-boost|p2a: Quaquaval|spe|1\n|-damage|p2a: Quaquaval|220/264|[from] item: Rocky Helmet|[of] p1a: Slowbro\n|move|p1a: Slowbro|Psychic|p2a: Quaquaval\n|-supereffective|p2a: Quaquaval\n|-damage|p2a: Quaquaval|0 fnt\n|faint|p2a: Quaquaval\n|\n|upkeep\n|\n|t:|1781422059\n|switch|p2a: Shaymin|Shaymin, L82|298/298\n|-damage|p2a: Shaymin|261/298|[from] Stealth Rock\n|turn|8\n|inactive|asfndlp has 30 seconds left.\n|inactive|asfndlp has 20 seconds left.\n|\n|t:|1781422092\n|move|p2a: Shaymin|Earth Power|p1a: Slowbro\n|-supereffective|p1a: Slowbro\n|-damage|p1a: Slowbro|0 fnt\n|faint|p1a: Slowbro\n|\n|-heal|p2a: Shaymin|279/298|[from] item: Leftovers\n|upkeep\n|inactive|asfndlp has 25 seconds left this turn.\n|inactive|asfndlp has 20 seconds left.\n|\n|t:|1781422098\n|switch|p1a: Rotom|Rotom-Heat, L83|219/219\n|turn|9\n|inactive|asfndlp has 30 seconds left this turn.\n|\n|t:|1781422111\n|switch|p2a: Luxray|Luxray, L88, F|284/284\n|-damage|p2a: Luxray|249/284|[from] Stealth Rock\n|-ability|p2a: Luxray|Intimidate|boost\n|-unboost|p1a: Rotom|atk|1\n|move|p1a: Rotom|Overheat|p2a: Luxray\n|-damage|p2a: Luxray|146/284\n|-unboost|p1a: Rotom|spa|2\n|\n|upkeep\n|turn|10\n|inactive|asfndlp has 30 seconds left.\n|inactive|asfndlp has 20 seconds left.\n|inactive|asfndlp has 15 seconds left.\n|l|\u2606asfndlp\n|inactive|asfndlp disconnected and has a minute to reconnect!\n|player|p1|\n|inactive|asfndlp has 10 seconds left.\n|inactive|asfndlp has 5 seconds left.\n|-message|asfndlp lost due to inactivity.\n|\n|win|tonnage6\n|raw|asfndlp's rating: 1409 &rarr; <strong>1391</strong><br />(-18 for losing)\n|raw|tonnage6's rating: 1437 &rarr; <strong>1455</strong><br />(+18 for winning)\n|l|\u2606tonnage6\n|player|p2|\n|j|\u2606asfndlp\n|player|p1|asfndlp|1|\n", "uploadtime": 1781422161, "views": 3, "formatid": "gen9randombattle", "rating": 1391, "private": 0, "password": null}