{"id": "gen9randombattle-2631586797", "format": "[Gen 9] Random Battle", "players": ["bluesun000", "Wigglystuff"], "log": "|j|\u2606bluesun000\n|j|\u2606Wigglystuff\n|t:|1781405009\n|gametype|singles\n|player|p1|bluesun000|palmer|1961\n|player|p2|Wigglystuff|265|2004\n|gen|9\n|tier|[Gen 9] Random Battle\n|rated|\n|rule|Species Clause: Limit one of each Pok\u00e9mon\n|rule|HP Percentage Mod: HP is shown in percentages\n|rule|Sleep Clause Mod: Limit one foe put to sleep\n|rule|Illusion Level Mod: Illusion disguises the Pok\u00e9mon's true level\n|\n|t:|1781405009\n|teamsize|p1|6\n|teamsize|p2|6\n|start\n|switch|p1a: Hariyama|Hariyama, L87, F|392/392\n|switch|p2a: Mamoswine|Mamoswine, L81, F|311/311\n|turn|1\n|inactive|Battle timer is ON: inactive players will automatically lose when time's up. (requested by bluesun000)\n|inactive|bluesun000 has 120 seconds left.\n|\n|t:|1781405045\n|switch|p2a: Dachsbun|Dachsbun, L92, M|254/254\n|move|p1a: Hariyama|Fake Out|p2a: Dachsbun\n|-damage|p2a: Dachsbun|225/254\n|\n|-heal|p2a: Dachsbun|240/254|[from] item: Leftovers\n|-status|p1a: Hariyama|brn|[from] item: Flame Orb\n|upkeep\n|turn|2\n|\n|t:|1781405065\n|switch|p1a: Granbull|Granbull, L88, M|302/302\n|-ability|p1a: Granbull|Intimidate|boost\n|-unboost|p2a: Dachsbun|atk|1\n|move|p2a: Dachsbun|Wish|p2a: Dachsbun\n|\n|-heal|p2a: Dachsbun|254/254|[from] item: Leftovers\n|upkeep\n|turn|3\n|\n|t:|1781405079\n|switch|p2a: Mamoswine|Mamoswine, L81, F|311/311\n|move|p1a: Granbull|Thunder Wave|p2a: Mamoswine\n|-immune|p2a: Mamoswine\n|\n|upkeep\n|turn|4\n|inactive|bluesun000 has 120 seconds left.\n|\n|t:|1781405100\n|switch|p1a: Politoed|Politoed, L88, M|302/302\n|-weather|RainDance|[from] ability: Drizzle|[of] p1a: Politoed\n|move|p2a: Mamoswine|Earthquake|p1a: Politoed\n|-damage|p1a: Politoed|85/302\n|\n|-weather|RainDance|[upkeep]\n|upkeep\n|turn|5\n|inactive|bluesun000 has 120 seconds left.\n|\n|t:|1781405111\n|switch|p1a: Appletun|Appletun, L92, F|352/352\n|move|p2a: Mamoswine|Earthquake|p1a: Appletun\n|-resisted|p1a: Appletun\n|-damage|p1a: Appletun|268/352\n|\n|-weather|RainDance|[upkeep]\n|-heal|p1a: Appletun|290/352|[from] item: Leftovers\n|upkeep\n|turn|6\n|inactive|bluesun000 has 120 seconds left.\n|\n|t:|1781405126\n|switch|p2a: Dachsbun|Dachsbun, L92, M|254/254\n|move|p1a: Appletun|Leech Seed|p2a: Dachsbun\n|-start|p2a: Dachsbun|move: Leech Seed\n|\n|-weather|RainDance|[upkeep]\n|-heal|p1a: Appletun|312/352|[from] item: Leftovers\n|-damage|p2a: Dachsbun|223/254|[from] Leech Seed|[of] p1a: Appletun\n|-heal|p1a: Appletun|343/352|[silent]\n|upkeep\n|turn|7\n|\n|t:|1781405134\n|switch|p1a: Politoed|Politoed, L88, M|85/302\n|move|p2a: Dachsbun|Yawn|p1a: Politoed\n|-start|p1a: Politoed|move: Yawn|[of] p2a: Dachsbun\n|\n|-weather|RainDance|[upkeep]\n|-heal|p2a: Dachsbun|238/254|[from] item: Leftovers\n|-damage|p2a: Dachsbun|207/254|[from] Leech Seed|[of] p1a: Politoed\n|-heal|p1a: Politoed|116/302|[silent]\n|upkeep\n|turn|8\n|\n|t:|1781405148\n|move|p2a: Dachsbun|Wish|p2a: Dachsbun\n|move|p1a: Politoed|Hydro Pump|p2a: Dachsbun\n|-damage|p2a: Dachsbun|0 fnt\n|faint|p2a: Dachsbun\n|\n|-weather|none\n|-end|p1a: Politoed|move: Yawn|[silent]\n|-status|p1a: Politoed|slp\n|upkeep\n|\n|t:|1781405156\n|switch|p2a: Raichu|Raichu-Alola, L87, F|246/246\n|turn|9\n|inactive|bluesun000 has 120 seconds left.\n|\n|t:|1781405179\n|switch|p1a: Appletun|Appletun, L92, F|343/352\n|move|p2a: Raichu|Nasty Plot|p2a: Raichu\n|-boost|p2a: Raichu|spa|2\n|\n|-heal|p1a: Appletun|352/352|[from] item: Leftovers\n|upkeep\n|turn|10\n|\n|t:|1781405189\n|switch|p1a: Politoed|Politoed, L88, M|116/302 slp\n|-weather|RainDance|[from] ability: Drizzle|[of] p1a: Politoed\n|-terastallize|p2a: Raichu|Fairy\n|move|p2a: Raichu|Alluring Voice|p1a: Politoed\n|-damage|p1a: Politoed|0 fnt\n|faint|p1a: Politoed\n|-damage|p2a: Raichu|222/246|[from] item: Life Orb\n|\n|-weather|RainDance|[upkeep]\n|upkeep\n|inactive|bluesun000 has 120 seconds left.\n|inactive|bluesun000 has 90 seconds left.\n|\n|t:|1781405240\n|switch|p1a: Granbull|Granbull, L88, M|302/302\n|-ability|p1a: Granbull|Intimidate|boost\n|-unboost|p2a: Raichu|atk|1\n|turn|11\n|\n|t:|1781405250\n|move|p2a: Raichu|Alluring Voice|p1a: Granbull\n|-damage|p1a: Granbull|16/302\n|-damage|p2a: Raichu|198/246|[from] item: Life Orb\n|move|p1a: Granbull|Thunder Wave|p2a: Raichu\n|-status|p2a: Raichu|par\n|\n|-weather|RainDance|[upkeep]\n|-heal|p1a: Granbull|34/302|[from] item: Leftovers\n|upkeep\n|turn|12\n|inactive|bluesun000 has 90 seconds left.\n|\n|t:|1781405263\n|switch|p2a: Talonflame|Talonflame, L83, M|265/265\n|move|p1a: Granbull|Play Rough|p2a: Talonflame\n|-resisted|p2a: Talonflame\n|-damage|p2a: Talonflame|192/265\n|-unboost|p2a: Talonflame|atk|1\n|\n|-weather|RainDance|[upkeep]\n|-heal|p1a: Granbull|52/302|[from] item: Leftovers\n|upkeep\n|turn|13\n|inactive|bluesun000 has 90 seconds left.\n|\n|t:|1781405296\n|move|p2a: Talonflame|Brave Bird|p1a: Granbull\n|-damage|p1a: Granbull|0 fnt\n|faint|p1a: Granbull\n|-damage|p2a: Talonflame|175/265|[from] Recoil\n|\n|-weather|RainDance|[upkeep]\n|upkeep\n|inactive|bluesun000 has 60 seconds left.\n|\n|t:|1781405311\n|switch|p1a: Hariyama|Hariyama, L87, F|392/392 brn\n|turn|14\n|inactive|bluesun000 has 60 seconds left.\n|\n|t:|1781405322\n|switch|p2a: Mamoswine|Mamoswine, L81, F|311/311\n|move|p1a: Hariyama|Fake Out|p2a: Mamoswine\n|-damage|p2a: Mamoswine|252/311\n|\n|-weather|none\n|-damage|p1a: Hariyama|368/392 brn|[from] brn\n|upkeep\n|turn|15\n|inactive|bluesun000 has 60 seconds left.\n|inactive|bluesun000 has 30 seconds left.\n|\n|t:|1781405369\n|move|p2a: Mamoswine|Earthquake|p1a: Hariyama\n|-damage|p1a: Hariyama|121/392 brn\n|move|p1a: Hariyama|Facade|p2a: Mamoswine\n|-damage|p2a: Mamoswine|62/311\n|\n|-damage|p1a: Hariyama|97/392 brn|[from] brn\n|upkeep\n|turn|16\n|inactive|bluesun000 has 30 seconds left.\n|\n|t:|1781405378\n|switch|p1a: Appletun|Appletun, L92, F|352/352\n|move|p2a: Mamoswine|Earthquake|p1a: Appletun\n|-resisted|p1a: Appletun\n|-damage|p1a: Appletun|255/352\n|\n|-heal|p1a: Appletun|277/352|[from] item: Leftovers\n|upkeep\n|turn|17\n|\n|t:|1781405387\n|switch|p2a: Talonflame|Talonflame, L83, M|175/265\n|move|p1a: Appletun|Leech Seed|p2a: Talonflame\n|-start|p2a: Talonflame|move: Leech Seed\n|\n|-heal|p1a: Appletun|299/352|[from] item: Leftovers\n|-damage|p2a: Talonflame|142/265|[from] Leech Seed|[of] p1a: Appletun\n|-heal|p1a: Appletun|332/352|[silent]\n|upkeep\n|turn|18\n|inactive|bluesun000 has 30 seconds left.\n|\n|t:|1781405410\n|switch|p2a: Mamoswine|Mamoswine, L81, F|62/311\n|move|p1a: Appletun|Recover|p1a: Appletun\n|-heal|p1a: Appletun|352/352\n|\n|upkeep\n|turn|19\n|inactive|bluesun000 has 30 seconds left.\n|\n|t:|1781405424\n|move|p2a: Mamoswine|Icicle Crash|p1a: Appletun\n|-supereffective|p1a: Appletun\n|-damage|p1a: Appletun|28/352\n|move|p1a: Appletun|Apple Acid|p2a: Mamoswine\n|-supereffective|p2a: Mamoswine\n|-damage|p2a: Mamoswine|0 fnt\n|faint|p2a: Mamoswine\n|\n|-heal|p1a: Appletun|50/352|[from] item: Leftovers\n|upkeep\n|\n|t:|1781405432\n|switch|p2a: Talonflame|Talonflame, L83, M|142/265\n|turn|20\n|inactive|bluesun000 has 30 seconds left.\n|\n|t:|1781405450\n|move|p2a: Talonflame|Brave Bird|p1a: Appletun\n|-supereffective|p1a: Appletun\n|-damage|p1a: Appletun|0 fnt\n|faint|p1a: Appletun\n|-damage|p2a: Talonflame|125/265|[from] Recoil\n|\n|upkeep\n|inactive|bluesun000 has 30 seconds left this turn.\n|\n|t:|1781405455\n|switch|p1a: Hariyama|Hariyama, L87, F|97/392 brn\n|turn|21\n|inactive|bluesun000 has 30 seconds left.\n|inactive|bluesun000 has 20 seconds left.\n|inactive|bluesun000 has 15 seconds left.\n|\n|t:|1781405478\n|-terastallize|p1a: Hariyama|Normal\n|move|p1a: Hariyama|Fake Out|p2a: Talonflame\n|-damage|p2a: Talonflame|23/265\n|cant|p2a: Talonflame|flinch\n|\n|-damage|p1a: Hariyama|73/392 brn|[from] brn\n|upkeep\n|turn|22\n|inactive|bluesun000 has 25 seconds left this turn.\n|inactive|bluesun000 has 20 seconds left.\n|\n|t:|1781405484\n|switch|p1a: Roaring Moon|Roaring Moon, L72|270/270\n|move|p2a: Talonflame|Brave Bird|p1a: Roaring Moon\n|-damage|p1a: Roaring Moon|123/270\n|-damage|p2a: Talonflame|0 fnt|[from] Recoil\n|faint|p2a: Talonflame\n|\n|upkeep\n|\n|t:|1781405493\n|switch|p2a: Raichu|Raichu-Alola, L87, F, tera:Fairy|198/246 par\n|turn|23\n|inactive|bluesun000 has 30 seconds left.\n|\n|t:|1781405498\n|move|p1a: Roaring Moon|Iron Head|p2a: Raichu\n|-supereffective|p2a: Raichu\n|-damage|p2a: Raichu|0 fnt\n|faint|p2a: Raichu\n|\n|upkeep\n|\n|t:|1781405503\n|switch|p2a: Conkeldurr|Conkeldurr, L80, F|299/299\n|turn|24\n|\n|t:|1781405517\n|move|p2a: Conkeldurr|Mach Punch|p1a: Roaring Moon\n|-supereffective|p1a: Roaring Moon\n|-damage|p1a: Roaring Moon|0 fnt\n|faint|p1a: Roaring Moon\n|-end|p1a: Roaring Moon|Protosynthesis|[silent]\n|\n|-status|p2a: Conkeldurr|brn|[from] item: Flame Orb\n|upkeep\n|\n|t:|1781405521\n|switch|p1a: Alcremie|Alcremie-Caramel-Swirl, L90, F|263/263\n|turn|25\n|\n|t:|1781405535\n|move|p1a: Alcremie|Alluring Voice|p2a: Conkeldurr\n|-supereffective|p2a: Conkeldurr\n|-damage|p2a: Conkeldurr|3/299 brn\n|move|p2a: Conkeldurr|Facade|p1a: Alcremie\n|-crit|p1a: Alcremie\n|-damage|p1a: Alcremie|0 fnt\n|faint|p1a: Alcremie\n|\n|-damage|p2a: Conkeldurr|0 fnt|[from] brn\n|faint|p2a: Conkeldurr\n|upkeep\n|\n|t:|1781405544\n|switch|p1a: Hariyama|Hariyama, L87, F, tera:Normal|73/392 brn\n|switch|p2a: Flamigo|Flamigo, L82, M|269/269\n|turn|26\n|\n|t:|1781405553\n|move|p1a: Hariyama|Fake Out|p2a: Flamigo\n|-damage|p2a: Flamigo|179/269\n|cant|p2a: Flamigo|flinch\n|\n|-damage|p1a: Hariyama|49/392 brn|[from] brn\n|upkeep\n|turn|27\n|\n|t:|1781405557\n|move|p2a: Flamigo|Brave Bird|p1a: Hariyama\n|-damage|p1a: Hariyama|0 fnt\n|faint|p1a: Hariyama\n|-damage|p2a: Flamigo|163/269|[from] Recoil\n|-damage|p2a: Flamigo|137/269|[from] item: Life Orb\n|\n|win|Wigglystuff\n", "uploadtime": 1781405011, "views": 6, "formatid": "gen9randombattle", "rating": null, "private": 0, "password": null}