{"id": "gen9randombattle-2631376578", "format": "[Gen 9] Random Battle", "players": ["Dfrrnspa97", "marper8"], "log": "|j|\u203dDfrrnspa97\n|j|\u2606marper8\n|t:|1781377385\n|gametype|singles\n|player|p1|Dfrrnspa97|265|2243\n|player|p2|marper8|102|2210\n|gen|9\n|tier|[Gen 9] Random Battle\n|rated|\n|rule|Species Clause: Limit one of each Pok\u00e9mon\n|rule|HP Percentage Mod: HP is shown in percentages\n|rule|Sleep Clause Mod: Limit one foe put to sleep\n|rule|Illusion Level Mod: Illusion disguises the Pok\u00e9mon's true level\n|\n|t:|1781377385\n|teamsize|p1|6\n|teamsize|p2|6\n|start\n|switch|p1a: Carbink|Carbink, L90|236/236\n|switch|p2a: Rotom|Rotom, L88|231/231\n|turn|1\n|inactive|Battle timer is ON: inactive players will automatically lose when time's up. (requested by marper8)\n|\n|t:|1781377395\n|switch|p1a: Pawmot|Pawmot, L80, F|243/243\n|move|p2a: Rotom|Nasty Plot|p2a: Rotom\n|-boost|p2a: Rotom|spa|2\n|\n|upkeep\n|turn|2\n|\n|t:|1781377398\n|move|p1a: Pawmot|Knock Off|p2a: Rotom\n|-supereffective|p2a: Rotom\n|-damage|p2a: Rotom|18/231\n|-enditem|p2a: Rotom|Life Orb|[from] move: Knock Off|[of] p1a: Pawmot\n|-damage|p1a: Pawmot|219/243|[from] item: Life Orb\n|move|p2a: Rotom|Shadow Ball|p1a: Pawmot\n|-damage|p1a: Pawmot|0 fnt\n|faint|p1a: Pawmot\n|\n|upkeep\n|\n|t:|1781377402\n|switch|p1a: Furret|Furret, L94, F|312/312\n|turn|3\n|\n|t:|1781377407\n|switch|p2a: Forretress|Forretress, L84, F|263/263\n|move|p1a: Furret|U-turn|p2a: Forretress\n|-resisted|p2a: Forretress\n|-damage|p2a: Forretress|234/263\n|\n|t:|1781377412\n|switch|p1a: Arceus|Arceus-Dark, L71|288/288|[from] U-turn\n|\n|-heal|p2a: Forretress|250/263|[from] item: Leftovers\n|upkeep\n|turn|4\n|\n|t:|1781377418\n|move|p1a: Arceus|Calm Mind|p1a: Arceus\n|-boost|p1a: Arceus|spa|1\n|-boost|p1a: Arceus|spd|1\n|move|p2a: Forretress|Toxic Spikes|p1a: Arceus\n|-sidestart|p1: Dfrrnspa97|move: Toxic Spikes\n|\n|-heal|p2a: Forretress|263/263|[from] item: Leftovers\n|upkeep\n|turn|5\n|\n|t:|1781377422\n|move|p1a: Arceus|Calm Mind|p1a: Arceus\n|-boost|p1a: Arceus|spa|1\n|-boost|p1a: Arceus|spd|1\n|move|p2a: Forretress|Volt Switch|p1a: Arceus\n|-damage|p1a: Arceus|271/288\n|\n|t:|1781377423\n|switch|p2a: Mudsdale|Mudsdale, L83, F|302/302|[from] Volt Switch\n|\n|upkeep\n|turn|6\n|\n|t:|1781377426\n|move|p1a: Arceus|Judgment|p2a: Mudsdale\n|-damage|p2a: Mudsdale|91/302\n|-ability|p2a: Mudsdale|Stamina|boost\n|-boost|p2a: Mudsdale|def|1\n|move|p2a: Mudsdale|Roar|p1a: Arceus\n|drag|p1a: Flamigo|Flamigo, L82, M|269/269\n|\n|-heal|p2a: Mudsdale|109/302|[from] item: Leftovers\n|upkeep\n|turn|7\n|\n|t:|1781377435\n|switch|p2a: Rotom|Rotom, L88|18/231\n|move|p1a: Flamigo|Swords Dance|p1a: Flamigo\n|-boost|p1a: Flamigo|atk|2\n|\n|upkeep\n|turn|8\n|\n|t:|1781377449\n|switch|p1a: Carbink|Carbink, L90|236/236\n|-status|p1a: Carbink|psn\n|move|p2a: Rotom|Thunderbolt|p1a: Carbink\n|-damage|p1a: Carbink|176/236 psn\n|\n|-damage|p1a: Carbink|147/236 psn|[from] psn\n|upkeep\n|turn|9\n|\n|t:|1781377453\n|switch|p2a: Forretress|Forretress, L84, F|263/263\n|move|p1a: Carbink|Moonblast|p2a: Forretress\n|-resisted|p2a: Forretress\n|-damage|p2a: Forretress|215/263\n|\n|-heal|p2a: Forretress|231/263|[from] item: Leftovers\n|-damage|p1a: Carbink|118/236 psn|[from] psn\n|upkeep\n|turn|10\n|\n|t:|1781377460\n|switch|p1a: Arceus|Arceus-Dark, L71|271/288\n|-status|p1a: Arceus|psn\n|move|p2a: Forretress|Toxic Spikes|p1a: Arceus\n|-sidestart|p1: Dfrrnspa97|move: Toxic Spikes\n|\n|-heal|p2a: Forretress|247/263|[from] item: Leftovers\n|-damage|p1a: Arceus|235/288 psn|[from] psn\n|upkeep\n|turn|11\n|\n|t:|1781377464\n|move|p1a: Arceus|Calm Mind|p1a: Arceus\n|-boost|p1a: Arceus|spa|1\n|-boost|p1a: Arceus|spd|1\n|move|p2a: Forretress|Volt Switch|p1a: Arceus\n|-damage|p1a: Arceus|213/288 psn\n|\n|t:|1781377467\n|switch|p2a: Leafeon|Leafeon, L88, M|258/258|[from] Volt Switch\n|\n|-damage|p1a: Arceus|177/288 psn|[from] psn\n|upkeep\n|turn|12\n|\n|t:|1781377470\n|-terastallize|p1a: Arceus|Poison\n|move|p2a: Leafeon|Leaf Blade|p1a: Arceus\n|-resisted|p1a: Arceus\n|-damage|p1a: Arceus|109/288 psn\n|-damage|p2a: Leafeon|233/258|[from] item: Life Orb\n|move|p1a: Arceus|Sludge Bomb|p2a: Leafeon\n|-supereffective|p2a: Leafeon\n|-damage|p2a: Leafeon|0 fnt\n|faint|p2a: Leafeon\n|\n|-damage|p1a: Arceus|73/288 psn|[from] psn\n|upkeep\n|\n|t:|1781377477\n|switch|p2a: Forretress|Forretress, L84, F|247/263\n|turn|13\n|\n|t:|1781377480\n|move|p1a: Arceus|Recover|p1a: Arceus\n|-heal|p1a: Arceus|217/288 psn\n|move|p2a: Forretress|Iron Head|p1a: Arceus\n|-damage|p1a: Arceus|139/288 psn\n|\n|-heal|p2a: Forretress|263/263|[from] item: Leftovers\n|-damage|p1a: Arceus|103/288 psn|[from] psn\n|upkeep\n|turn|14\n|\n|t:|1781377483\n|move|p1a: Arceus|Recover|p1a: Arceus\n|-heal|p1a: Arceus|247/288 psn\n|move|p2a: Forretress|Iron Head|p1a: Arceus\n|-damage|p1a: Arceus|178/288 psn\n|\n|-damage|p1a: Arceus|142/288 psn|[from] psn\n|upkeep\n|turn|15\n|\n|t:|1781377486\n|move|p1a: Arceus|Recover|p1a: Arceus\n|-heal|p1a: Arceus|286/288 psn\n|move|p2a: Forretress|Volt Switch|p1a: Arceus\n|-damage|p1a: Arceus|263/288 psn\n|\n|t:|1781377488\n|switch|p2a: Copperajah|Copperajah, L86, F|350/350|[from] Volt Switch\n|\n|-damage|p1a: Arceus|227/288 psn|[from] psn\n|upkeep\n|turn|16\n|\n|t:|1781377492\n|move|p1a: Arceus|Judgment|p2a: Copperajah\n|-damage|p2a: Copperajah|157/350\n|move|p2a: Copperajah|Iron Head|p1a: Arceus\n|-damage|p1a: Arceus|63/288 psn\n|\n|-damage|p1a: Arceus|27/288 psn|[from] psn\n|upkeep\n|turn|17\n|\n|t:|1781377498\n|move|p1a: Arceus|Judgment|p2a: Copperajah\n|-damage|p2a: Copperajah|0 fnt\n|faint|p2a: Copperajah\n|\n|-damage|p1a: Arceus|0 fnt|[from] psn\n|faint|p1a: Arceus\n|upkeep\n|\n|t:|1781377504\n|switch|p1a: Furret|Furret, L94, F|312/312\n|switch|p2a: Mudsdale|Mudsdale, L83, F|109/302\n|-status|p1a: Furret|tox\n|-item|p2a: Mudsdale|Leftovers|[from] ability: Frisk|[of] p1a: Furret\n|turn|18\n|\n|t:|1781377510\n|move|p1a: Furret|Knock Off|p2a: Mudsdale\n|-damage|p2a: Mudsdale|10/302\n|-ability|p2a: Mudsdale|Stamina|boost\n|-boost|p2a: Mudsdale|def|1\n|-enditem|p2a: Mudsdale|Leftovers|[from] move: Knock Off|[of] p1a: Furret\n|move|p2a: Mudsdale|Earthquake|p1a: Furret\n|-damage|p1a: Furret|164/312 tox\n|\n|-damage|p1a: Furret|145/312 tox|[from] psn\n|upkeep\n|turn|19\n|\n|t:|1781377515\n|move|p1a: Furret|Knock Off|p2a: Mudsdale\n|-damage|p2a: Mudsdale|0 fnt\n|faint|p2a: Mudsdale\n|\n|-damage|p1a: Furret|107/312 tox|[from] psn\n|upkeep\n|\n|t:|1781377517\n|switch|p2a: Forretress|Forretress, L84, F|263/263\n|turn|20\n|\n|t:|1781377524\n|switch|p1a: Granbull|Granbull, L88, M|302/302\n|-status|p1a: Granbull|tox\n|-ability|p1a: Granbull|Intimidate|boost\n|-unboost|p2a: Forretress|atk|1\n|move|p2a: Forretress|Rapid Spin|p1a: Granbull\n|-damage|p1a: Granbull|280/302 tox\n|-boost|p2a: Forretress|spe|1\n|\n|-heal|p1a: Granbull|298/302 tox|[from] item: Leftovers\n|-damage|p1a: Granbull|280/302 tox|[from] psn\n|upkeep\n|turn|21\n|\n|t:|1781377528\n|move|p2a: Forretress|Iron Head|p1a: Granbull\n|-supereffective|p1a: Granbull\n|-damage|p1a: Granbull|176/302 tox\n|move|p1a: Granbull|Encore|p2a: Forretress\n|-start|p2a: Forretress|Encore\n|\n|-heal|p1a: Granbull|194/302 tox|[from] item: Leftovers\n|-damage|p1a: Granbull|158/302 tox|[from] psn\n|upkeep\n|turn|22\n|\n|t:|1781377532\n|move|p2a: Forretress|Iron Head|p1a: Granbull\n|-supereffective|p1a: Granbull\n|-damage|p1a: Granbull|50/302 tox\n|move|p1a: Granbull|Thunder Wave|p2a: Forretress\n|-status|p2a: Forretress|par\n|\n|-heal|p1a: Granbull|68/302 tox|[from] item: Leftovers\n|-damage|p1a: Granbull|14/302 tox|[from] psn\n|upkeep\n|turn|23\n|\n|t:|1781377538\n|move|p1a: Granbull|Earthquake|p2a: Forretress\n|-damage|p2a: Forretress|203/263 par\n|move|p2a: Forretress|Iron Head|p1a: Granbull\n|-supereffective|p1a: Granbull\n|-crit|p1a: Granbull\n|-damage|p1a: Granbull|0 fnt\n|faint|p1a: Granbull\n|\n|-heal|p2a: Forretress|219/263 par|[from] item: Leftovers\n|upkeep\n|\n|t:|1781377541\n|switch|p1a: Carbink|Carbink, L90|118/236 psn\n|turn|24\n|\n|t:|1781377544\n|move|p1a: Carbink|Iron Defense|p1a: Carbink\n|-boost|p1a: Carbink|def|2\n|move|p2a: Forretress|Iron Head|p1a: Carbink\n|-supereffective|p1a: Carbink\n|-damage|p1a: Carbink|42/236 psn\n|\n|-heal|p2a: Forretress|235/263 par|[from] item: Leftovers\n|-damage|p1a: Carbink|13/236 psn|[from] psn\n|-end|p2a: Forretress|Encore\n|upkeep\n|turn|25\n|\n|t:|1781377548\n|move|p1a: Carbink|Rest|p1a: Carbink\n|-status|p1a: Carbink|slp|[from] move: Rest\n|-heal|p1a: Carbink|236/236 slp|[silent]\n|-enditem|p1a: Carbink|Chesto Berry|[eat]\n|-curestatus|p1a: Carbink|slp|[msg]\n|move|p2a: Forretress|Iron Head|p1a: Carbink\n|-supereffective|p1a: Carbink\n|-damage|p1a: Carbink|172/236\n|\n|-heal|p2a: Forretress|251/263 par|[from] item: Leftovers\n|upkeep\n|turn|26\n|\n|t:|1781377551\n|move|p1a: Carbink|Iron Defense|p1a: Carbink\n|-boost|p1a: Carbink|def|2\n|move|p2a: Forretress|Iron Head|p1a: Carbink\n|-supereffective|p1a: Carbink\n|-damage|p1a: Carbink|124/236\n|\n|-heal|p2a: Forretress|263/263 par|[from] item: Leftovers\n|upkeep\n|turn|27\n|\n|t:|1781377556\n|move|p1a: Carbink|Iron Defense|p1a: Carbink\n|-boost|p1a: Carbink|def|2\n|move|p2a: Forretress|Volt Switch|p1a: Carbink\n|-damage|p1a: Carbink|103/236\n|\n|t:|1781377558\n|switch|p2a: Skeledirge|Skeledirge, L79, F|294/294|[from] Volt Switch\n|\n|upkeep\n|turn|28\n|\n|t:|1781377564\n|switch|p1a: Flamigo|Flamigo, L82, M|269/269\n|move|p2a: Skeledirge|Flame Charge|p1a: Flamigo\n|-damage|p1a: Flamigo|226/269\n|-boost|p2a: Skeledirge|spe|1\n|\n|upkeep\n|turn|29\n|\n|t:|1781377568\n|switch|p2a: Forretress|Forretress, L84, F|263/263 par\n|move|p1a: Flamigo|Throat Chop|p2a: Forretress\n|-damage|p2a: Forretress|208/263 par\n|-start|p2a: Forretress|Throat Chop|[silent]\n|-damage|p1a: Flamigo|200/269|[from] item: Life Orb\n|\n|-heal|p2a: Forretress|224/263 par|[from] item: Leftovers\n|upkeep\n|turn|30\n|\n|t:|1781377573\n|move|p1a: Flamigo|Swords Dance|p1a: Flamigo\n|-boost|p1a: Flamigo|atk|2\n|move|p2a: Forretress|Iron Head|p1a: Flamigo\n|-damage|p1a: Flamigo|101/269\n|\n|-heal|p2a: Forretress|240/263 par|[from] item: Leftovers\n|-end|p2a: Forretress|Throat Chop|[silent]\n|upkeep\n|turn|31\n|\n|t:|1781377576\n|move|p1a: Flamigo|Brave Bird|p2a: Forretress\n|-damage|p2a: Forretress|0 fnt\n|faint|p2a: Forretress\n|-damage|p1a: Flamigo|22/269|[from] Recoil\n|-damage|p1a: Flamigo|0 fnt|[from] item: Life Orb\n|faint|p1a: Flamigo\n|\n|upkeep\n|\n|t:|1781377580\n|switch|p1a: Furret|Furret, L94, F|107/312 tox\n|switch|p2a: Rotom|Rotom, L88|18/231\n|turn|32\n|\n|t:|1781377583\n|move|p1a: Furret|Knock Off|p2a: Rotom\n|-supereffective|p2a: Rotom\n|-damage|p2a: Rotom|0 fnt\n|faint|p2a: Rotom\n|\n|-damage|p1a: Furret|88/312 tox|[from] psn\n|upkeep\n|\n|t:|1781377585\n|switch|p2a: Skeledirge|Skeledirge, L79, F|294/294\n|turn|33\n|\n|t:|1781377586\n|move|p1a: Furret|Knock Off|p2a: Skeledirge\n|-supereffective|p2a: Skeledirge\n|-damage|p2a: Skeledirge|84/294\n|-enditem|p2a: Skeledirge|Heavy-Duty Boots|[from] move: Knock Off|[of] p1a: Furret\n|move|p2a: Skeledirge|Slack Off|p2a: Skeledirge\n|-heal|p2a: Skeledirge|231/294\n|\n|-damage|p1a: Furret|50/312 tox|[from] psn\n|upkeep\n|turn|34\n|\n|t:|1781377589\n|switch|p1a: Carbink|Carbink, L90|103/236\n|-status|p1a: Carbink|tox\n|move|p2a: Skeledirge|Slack Off|p2a: Skeledirge\n|-heal|p2a: Skeledirge|294/294\n|\n|-damage|p1a: Carbink|89/236 tox|[from] psn\n|upkeep\n|turn|35\n|\n|t:|1781377593\n|move|p2a: Skeledirge|Flame Charge|p1a: Carbink\n|-resisted|p1a: Carbink\n|-damage|p1a: Carbink|77/236 tox\n|-boost|p2a: Skeledirge|spe|1\n|move|p1a: Carbink|Rest|p1a: Carbink\n|-status|p1a: Carbink|slp|[from] move: Rest\n|-heal|p1a: Carbink|236/236 slp|[silent]\n|\n|upkeep\n|turn|36\n|\n|t:|1781377601\n|move|p2a: Skeledirge|Flame Charge|p1a: Carbink\n|-resisted|p1a: Carbink\n|-damage|p1a: Carbink|224/236 slp\n|-boost|p2a: Skeledirge|spe|1\n|cant|p1a: Carbink|slp\n|\n|upkeep\n|turn|37\n|\n|t:|1781377608\n|move|p2a: Skeledirge|Torch Song|p1a: Carbink\n|-resisted|p1a: Carbink\n|-damage|p1a: Carbink|200/236 slp\n|-boost|p2a: Skeledirge|spa|1\n|cant|p1a: Carbink|slp\n|\n|upkeep\n|turn|38\n|-message|Dfrrnspa97 forfeited.\n|\n|win|marper8\n", "uploadtime": 1781377387, "views": 6, "formatid": "gen9randombattle", "rating": null, "private": 0, "password": null}