{"id": "gen9randombattle-2631955417", "format": "[Gen 9] Random Battle", "players": ["hmmjrji", "minianchoa"], "log": "|j|\u2606hmmjrji\n|j|\u2606minianchoa\n|t:|1781459618\n|gametype|singles\n|player|p1|hmmjrji|266|1975\n|player|p2|minianchoa|170|2013\n|gen|9\n|tier|[Gen 9] Random Battle\n|rated|\n|rule|Species Clause: Limit one of each Pok\u00e9mon\n|rule|HP Percentage Mod: HP is shown in percentages\n|rule|Sleep Clause Mod: Limit one foe put to sleep\n|rule|Illusion Level Mod: Illusion disguises the Pok\u00e9mon's true level\n|\n|t:|1781459618\n|teamsize|p1|6\n|teamsize|p2|6\n|start\n|switch|p1a: Lunala|Lunala, L70|308/308\n|switch|p2a: Porygon-Z|Porygon-Z, L83|277/277\n|turn|1\n|inactive|Battle timer is ON: inactive players will automatically lose when time's up. (requested by minianchoa)\n|\n|t:|1781459625\n|switch|p1a: Vigoroth|Vigoroth, L85, M|275/275\n|move|p2a: Porygon-Z|Shadow Ball|p1a: Vigoroth\n|-immune|p1a: Vigoroth\n|\n|upkeep\n|turn|2\n|\n|t:|1781459632\n|switch|p2a: Scizor|Scizor, L79, M|240/240\n|move|p1a: Vigoroth|Body Slam|p2a: Scizor\n|-resisted|p2a: Scizor\n|-damage|p2a: Scizor|202/240\n|\n|upkeep\n|turn|3\n|\n|t:|1781459643\n|move|p1a: Vigoroth|Bulk Up|p1a: Vigoroth\n|-boost|p1a: Vigoroth|atk|1\n|-boost|p1a: Vigoroth|def|1\n|move|p2a: Scizor|Knock Off|p1a: Vigoroth\n|-damage|p1a: Vigoroth|222/275\n|-enditem|p1a: Vigoroth|Eviolite|[from] move: Knock Off|[of] p2a: Scizor\n|\n|upkeep\n|turn|4\n|\n|t:|1781459652\n|switch|p2a: Sandaconda|Sandaconda, L84, F|258/258\n|move|p1a: Vigoroth|Body Slam|p2a: Sandaconda\n|-damage|p2a: Sandaconda|158/258\n|\n|-heal|p2a: Sandaconda|174/258|[from] item: Leftovers\n|upkeep\n|turn|5\n|\n|t:|1781459659\n|move|p1a: Vigoroth|Bulk Up|p1a: Vigoroth\n|-boost|p1a: Vigoroth|atk|1\n|-boost|p1a: Vigoroth|def|1\n|move|p2a: Sandaconda|Glare|p1a: Vigoroth\n|-status|p1a: Vigoroth|par\n|\n|-heal|p2a: Sandaconda|190/258|[from] item: Leftovers\n|upkeep\n|turn|6\n|\n|t:|1781459663\n|move|p2a: Sandaconda|Stealth Rock|p1a: Vigoroth\n|-sidestart|p1: hmmjrji|move: Stealth Rock\n|move|p1a: Vigoroth|Bulk Up|p1a: Vigoroth\n|-boost|p1a: Vigoroth|atk|1\n|-boost|p1a: Vigoroth|def|1\n|\n|-heal|p2a: Sandaconda|206/258|[from] item: Leftovers\n|upkeep\n|turn|7\n|\n|t:|1781459672\n|switch|p2a: Lucario|Lucario, L84, F|255/255\n|move|p1a: Vigoroth|Body Slam|p2a: Lucario\n|-resisted|p2a: Lucario\n|-damage|p2a: Lucario|128/255\n|\n|upkeep\n|turn|8\n|\n|t:|1781459677\n|move|p2a: Lucario|Aura Sphere|p1a: Vigoroth\n|-supereffective|p1a: Vigoroth\n|-damage|p1a: Vigoroth|0 fnt\n|faint|p1a: Vigoroth\n|-damage|p2a: Lucario|103/255|[from] item: Life Orb\n|\n|upkeep\n|\n|t:|1781459690\n|switch|p1a: Eelektross|Eelektross, L87, F|290/290\n|-damage|p1a: Eelektross|254/290|[from] Stealth Rock\n|turn|9\n|\n|t:|1781459720\n|switch|p2a: Ribombee|Ribombee, L83, M|235/235\n|move|p1a: Eelektross|Discharge|p2a: Ribombee\n|-damage|p2a: Ribombee|130/235\n|\n|upkeep\n|turn|10\n|\n|t:|1781459726\n|move|p2a: Ribombee|Sticky Web|p1a: Eelektross\n|-sidestart|p1: hmmjrji|move: Sticky Web\n|move|p1a: Eelektross|Discharge|p2a: Ribombee\n|-crit|p2a: Ribombee\n|-damage|p2a: Ribombee|0 fnt\n|faint|p2a: Ribombee\n|\n|upkeep\n|\n|t:|1781459737\n|switch|p2a: Scizor|Scizor, L79, M|202/240\n|turn|11\n|\n|t:|1781459742\n|move|p2a: Scizor|U-turn|p1a: Eelektross\n|-damage|p1a: Eelektross|128/290\n|\n|t:|1781459747\n|switch|p2a: Sandaconda|Sandaconda, L84, F|206/258|[from] U-turn\n|move|p1a: Eelektross|Discharge|p2a: Sandaconda\n|-immune|p2a: Sandaconda\n|\n|-heal|p2a: Sandaconda|222/258|[from] item: Leftovers\n|upkeep\n|turn|12\n|\n|t:|1781459753\n|move|p2a: Sandaconda|Stone Edge|p1a: Eelektross\n|-damage|p1a: Eelektross|51/290\n|move|p1a: Eelektross|Giga Drain|p2a: Sandaconda\n|-supereffective|p2a: Sandaconda\n|-damage|p2a: Sandaconda|92/258\n|-heal|p1a: Eelektross|116/290|[from] drain|[of] p2a: Sandaconda\n|\n|-heal|p2a: Sandaconda|108/258|[from] item: Leftovers\n|upkeep\n|turn|13\n|\n|t:|1781459759\n|switch|p2a: Scizor|Scizor, L79, M|202/240\n|move|p1a: Eelektross|Giga Drain|p2a: Scizor\n|-resisted|p2a: Scizor\n|-damage|p2a: Scizor|185/240\n|-heal|p1a: Eelektross|125/290|[from] drain|[of] p2a: Scizor\n|\n|upkeep\n|turn|14\n|\n|t:|1781459767\n|move|p2a: Scizor|U-turn|p1a: Eelektross\n|-crit|p1a: Eelektross\n|-damage|p1a: Eelektross|0 fnt\n|faint|p1a: Eelektross\n|\n|t:|1781459770\n|switch|p2a: Sandaconda|Sandaconda, L84, F|108/258|[from] U-turn\n|\n|-heal|p2a: Sandaconda|124/258|[from] item: Leftovers\n|upkeep\n|\n|t:|1781459783\n|switch|p1a: Phione|Phione, L91|293/293\n|-damage|p1a: Phione|257/293|[from] Stealth Rock\n|-activate|p1a: Phione|move: Sticky Web\n|-unboost|p1a: Phione|spe|1\n|turn|15\n|\n|t:|1781459793\n|switch|p2a: Girafarig|Girafarig, L89, F|269/269\n|move|p1a: Phione|Scald|p2a: Girafarig\n|-damage|p2a: Girafarig|205/269\n|-status|p2a: Girafarig|brn\n|\n|-heal|p1a: Phione|275/293|[from] item: Leftovers\n|-damage|p2a: Girafarig|189/269 brn|[from] brn\n|upkeep\n|turn|16\n|\n|t:|1781459801\n|switch|p1a: Lunala|Lunala, L70|308/308\n|-damage|p1a: Lunala|270/308|[from] Stealth Rock\n|-activate|p1a: Lunala|move: Sticky Web\n|-unboost|p1a: Lunala|spe|1\n|move|p2a: Girafarig|Thunderbolt|p1a: Lunala\n|-damage|p1a: Lunala|196/308\n|\n|-heal|p1a: Lunala|215/308|[from] item: Leftovers\n|-damage|p2a: Girafarig|173/269 brn|[from] brn\n|upkeep\n|turn|17\n|\n|t:|1781459808\n|switch|p2a: Scizor|Scizor, L79, M|185/240\n|move|p1a: Lunala|Calm Mind|p1a: Lunala\n|-boost|p1a: Lunala|spa|1\n|-boost|p1a: Lunala|spd|1\n|\n|-heal|p1a: Lunala|234/308|[from] item: Leftovers\n|upkeep\n|turn|18\n|\n|t:|1781459823\n|-terastallize|p1a: Lunala|Fairy\n|move|p2a: Scizor|Knock Off|p1a: Lunala\n|-resisted|p1a: Lunala\n|-crit|p1a: Lunala\n|-damage|p1a: Lunala|139/308\n|-enditem|p1a: Lunala|Leftovers|[from] move: Knock Off|[of] p2a: Scizor\n|move|p1a: Lunala|Moongeist Beam|p2a: Scizor\n|-damage|p2a: Scizor|7/240\n|\n|upkeep\n|turn|19\n|\n|t:|1781459839\n|switch|p2a: Girafarig|Girafarig, L89, F|173/269 brn\n|switch|p1a: Phione|Phione, L91|275/293\n|-damage|p1a: Phione|239/293|[from] Stealth Rock\n|-activate|p1a: Phione|move: Sticky Web\n|-unboost|p1a: Phione|spe|1\n|\n|-heal|p1a: Phione|257/293|[from] item: Leftovers\n|-damage|p2a: Girafarig|157/269 brn|[from] brn\n|upkeep\n|turn|20\n|\n|t:|1781459844\n|move|p2a: Girafarig|Nasty Plot|p2a: Girafarig\n|-boost|p2a: Girafarig|spa|2\n|move|p1a: Phione|Scald|p2a: Girafarig\n|-damage|p2a: Girafarig|91/269 brn\n|\n|-heal|p1a: Phione|275/293|[from] item: Leftovers\n|-damage|p2a: Girafarig|75/269 brn|[from] brn\n|upkeep\n|turn|21\n|\n|t:|1781459854\n|move|p2a: Girafarig|Thunderbolt|p1a: Phione\n|-supereffective|p1a: Phione\n|-damage|p1a: Phione|5/293\n|-status|p1a: Phione|par\n|move|p1a: Phione|Scald|p2a: Girafarig\n|-damage|p2a: Girafarig|5/269 brn\n|\n|-heal|p1a: Phione|23/293 par|[from] item: Leftovers\n|-damage|p2a: Girafarig|0 fnt|[from] brn\n|faint|p2a: Girafarig\n|upkeep\n|\n|t:|1781459864\n|switch|p2a: Sandaconda|Sandaconda, L84, F|124/258\n|turn|22\n|\n|t:|1781459868\n|move|p2a: Sandaconda|Earthquake|p1a: Phione\n|-damage|p1a: Phione|0 fnt\n|faint|p1a: Phione\n|\n|-heal|p2a: Sandaconda|140/258|[from] item: Leftovers\n|upkeep\n|\n|t:|1781459870\n|switch|p1a: Whimsicott|Whimsicott, L84, M|238/238\n|-damage|p1a: Whimsicott|209/238|[from] Stealth Rock\n|-activate|p1a: Whimsicott|move: Sticky Web\n|-unboost|p1a: Whimsicott|spe|1\n|turn|23\n|\n|t:|1781459883\n|switch|p2a: Lucario|Lucario, L84, F|103/255\n|move|p1a: Whimsicott|Moonblast|p2a: Lucario\n|-damage|p2a: Lucario|0 fnt\n|faint|p2a: Lucario\n|\n|-heal|p1a: Whimsicott|223/238|[from] item: Leftovers\n|upkeep\n|\n|t:|1781459892\n|switch|p2a: Scizor|Scizor, L79, M|7/240\n|turn|24\n|\n|t:|1781459898\n|switch|p1a: Lunala|Lunala, L70, tera:Fairy|139/308\n|-damage|p1a: Lunala|101/308|[from] Stealth Rock\n|-activate|p1a: Lunala|move: Sticky Web\n|-unboost|p1a: Lunala|spe|1\n|-terastallize|p2a: Scizor|Steel\n|move|p2a: Scizor|Bullet Punch|p1a: Lunala\n|-supereffective|p1a: Lunala\n|-damage|p1a: Lunala|0 fnt\n|faint|p1a: Lunala\n|\n|upkeep\n|\n|t:|1781459902\n|switch|p1a: Rabsca|Rabsca, L91, M|284/284\n|turn|25\n|\n|t:|1781459923\n|switch|p2a: Porygon-Z|Porygon-Z, L83|277/277\n|move|p1a: Rabsca|Revival Blessing|p1a: Rabsca\n|\n|t:|1781459926\n|-heal|p1: Vigoroth|137/275|[from] move: Revival Blessing\n|\n|upkeep\n|turn|26\n|\n|t:|1781459930\n|move|p2a: Porygon-Z|Nasty Plot|p2a: Porygon-Z\n|-boost|p2a: Porygon-Z|spa|2\n|move|p1a: Rabsca|Psychic|p2a: Porygon-Z\n|-damage|p2a: Porygon-Z|120/277\n|\n|upkeep\n|turn|27\n|\n|t:|1781459934\n|move|p2a: Porygon-Z|Shadow Ball|p1a: Rabsca\n|-supereffective|p1a: Rabsca\n|-damage|p1a: Rabsca|0 fnt\n|faint|p1a: Rabsca\n|-damage|p2a: Porygon-Z|93/277|[from] item: Life Orb\n|\n|upkeep\n|\n|t:|1781459942\n|switch|p1a: Whimsicott|Whimsicott, L84, M|223/238\n|-damage|p1a: Whimsicott|194/238|[from] Stealth Rock\n|-activate|p1a: Whimsicott|move: Sticky Web\n|-unboost|p1a: Whimsicott|spe|1\n|turn|28\n|\n|t:|1781459949\n|move|p1a: Whimsicott|Stun Spore|p2a: Porygon-Z\n|-status|p2a: Porygon-Z|par\n|move|p2a: Porygon-Z|Tri Attack|p1a: Whimsicott\n|-damage|p1a: Whimsicott|0 fnt\n|faint|p1a: Whimsicott\n|-damage|p2a: Porygon-Z|66/277 par|[from] item: Life Orb\n|\n|upkeep\n|\n|t:|1781459952\n|switch|p1a: Vigoroth|Vigoroth, L85, M|137/275\n|-damage|p1a: Vigoroth|103/275|[from] Stealth Rock\n|-activate|p1a: Vigoroth|move: Sticky Web\n|-unboost|p1a: Vigoroth|spe|1\n|turn|29\n|\n|t:|1781459957\n|move|p1a: Vigoroth|Slack Off|p1a: Vigoroth\n|-heal|p1a: Vigoroth|241/275\n|move|p2a: Porygon-Z|Tri Attack|p1a: Vigoroth\n|-damage|p1a: Vigoroth|0 fnt\n|faint|p1a: Vigoroth\n|-damage|p2a: Porygon-Z|39/277 par|[from] item: Life Orb\n|\n|win|minianchoa\n", "uploadtime": 1781459619, "views": 6, "formatid": "gen9randombattle", "rating": null, "private": 0, "password": null}