{"id": "gen9randombattle-2631423119", "format": "[Gen 9] Random Battle", "players": ["fat boy wonder", "MasterSlash001"], "log": "|j|\u2606fat boy wonder\n|j|\u2606MasterSlash001\n|t:|1781382828\n|gametype|singles\n|player|p1|fat boy wonder|169|1957\n|player|p2|MasterSlash001|volkner|2000\n|gen|9\n|tier|[Gen 9] Random Battle\n|rated|\n|rule|Species Clause: Limit one of each Pok\u00e9mon\n|rule|HP Percentage Mod: HP is shown in percentages\n|rule|Sleep Clause Mod: Limit one foe put to sleep\n|rule|Illusion Level Mod: Illusion disguises the Pok\u00e9mon's true level\n|\n|t:|1781382828\n|teamsize|p1|6\n|teamsize|p2|6\n|start\n|switch|p1a: Brambleghast|Brambleghast, L88, F|240/240\n|switch|p2a: Basculin|Basculin-Blue-Striped, L86, M|261/261\n|turn|1\n|inactive|Battle timer is ON: inactive players will automatically lose when time's up. (requested by MasterSlash001)\n|\n|t:|1781382834\n|move|p2a: Basculin|Flip Turn|p1a: Brambleghast\n|-resisted|p1a: Brambleghast\n|-damage|p1a: Brambleghast|167/240\n|\n|t:|1781382838\n|switch|p2a: Amoonguss|Amoonguss, L82, F|321/321|[from] Flip Turn\n|move|p1a: Brambleghast|Power Whip|p2a: Amoonguss\n|-resisted|p2a: Amoonguss\n|-damage|p2a: Amoonguss|272/321\n|\n|-heal|p2a: Amoonguss|292/321|[from] item: Leftovers\n|upkeep\n|turn|2\n|\n|t:|1781382847\n|move|p1a: Brambleghast|Poltergeist|p2a: Amoonguss\n|-activate|p2a: Amoonguss|move: Poltergeist|Leftovers\n|-damage|p2a: Amoonguss|127/321\n|move|p2a: Amoonguss|Sludge Bomb|p1a: Brambleghast\n|-damage|p1a: Brambleghast|76/240\n|\n|-heal|p2a: Amoonguss|147/321|[from] item: Leftovers\n|upkeep\n|turn|3\n|\n|t:|1781382860\n|move|p1a: Brambleghast|Strength Sap|p2a: Amoonguss\n|-unboost|p2a: Amoonguss|atk|1\n|-heal|p1a: Brambleghast|240/240\n|move|p2a: Amoonguss|Sludge Bomb|p1a: Brambleghast\n|-damage|p1a: Brambleghast|144/240\n|\n|-heal|p2a: Amoonguss|167/321|[from] item: Leftovers\n|upkeep\n|turn|4\n|\n|t:|1781382868\n|move|p1a: Brambleghast|Poltergeist|p2a: Amoonguss\n|-activate|p2a: Amoonguss|move: Poltergeist|Leftovers\n|-damage|p2a: Amoonguss|0 fnt\n|faint|p2a: Amoonguss\n|\n|upkeep\n|\n|t:|1781382877\n|switch|p2a: Rotom|Rotom, L88|231/231\n|turn|5\n|\n|t:|1781382892\n|switch|p1a: Terrakion|Terrakion, L79|273/273\n|move|p2a: Rotom|Will-O-Wisp|p1a: Terrakion\n|-status|p1a: Terrakion|brn\n|\n|-damage|p1a: Terrakion|256/273 brn|[from] brn\n|upkeep\n|turn|6\n|\n|t:|1781382902\n|move|p1a: Terrakion|Stone Edge|p2a: Rotom|[miss]\n|-miss|p1a: Terrakion|p2a: Rotom\n|move|p2a: Rotom|Nasty Plot|p2a: Rotom\n|-boost|p2a: Rotom|spa|2\n|\n|-damage|p1a: Terrakion|239/273 brn|[from] brn\n|upkeep\n|turn|7\n|\n|t:|1781382910\n|move|p1a: Terrakion|Stone Edge|p2a: Rotom\n|-damage|p2a: Rotom|147/231\n|move|p2a: Rotom|Thunderbolt|p1a: Terrakion\n|-damage|p1a: Terrakion|0 fnt\n|faint|p1a: Terrakion\n|-damage|p2a: Rotom|124/231|[from] item: Life Orb\n|\n|upkeep\n|\n|t:|1781382920\n|switch|p1a: Walking Wake|Walking Wake, L79|286/286\n|turn|8\n|\n|t:|1781382927\n|move|p1a: Walking Wake|Draco Meteor|p2a: Rotom\n|-damage|p2a: Rotom|0 fnt\n|-unboost|p1a: Walking Wake|spa|2\n|faint|p2a: Rotom\n|-damage|p1a: Walking Wake|258/286|[from] item: Life Orb\n|\n|upkeep\n|\n|t:|1781382938\n|switch|p2a: Volcarona|Volcarona, L77, M|257/257\n|turn|9\n|\n|t:|1781382943\n|-end|p1a: Walking Wake|Protosynthesis|[silent]\n|switch|p1a: Ninetales|Ninetales-Alola, L78, F|242/242\n|-weather|Snowscape|[from] ability: Snow Warning|[of] p1a: Ninetales\n|move|p2a: Volcarona|Quiver Dance|p2a: Volcarona\n|-boost|p2a: Volcarona|spa|1\n|-boost|p2a: Volcarona|spd|1\n|-boost|p2a: Volcarona|spe|1\n|\n|-weather|Snowscape|[upkeep]\n|upkeep\n|turn|10\n|\n|t:|1781382951\n|move|p2a: Volcarona|Fire Blast|p1a: Ninetales\n|-supereffective|p1a: Ninetales\n|-damage|p1a: Ninetales|0 fnt\n|faint|p1a: Ninetales\n|\n|-weather|Snowscape|[upkeep]\n|upkeep\n|\n|t:|1781382964\n|switch|p1a: Braviary|Braviary-Hisui, L85, M|326/326\n|turn|11\n|\n|t:|1781382974\n|move|p2a: Volcarona|Fire Blast|p1a: Braviary\n|-damage|p1a: Braviary|121/326\n|move|p1a: Braviary|Esper Wing|p2a: Volcarona\n|-damage|p2a: Volcarona|163/257\n|-boost|p1a: Braviary|spe|1\n|\n|-weather|Snowscape|[upkeep]\n|upkeep\n|turn|12\n|\n|t:|1781382983\n|move|p2a: Volcarona|Fire Blast|p1a: Braviary\n|-damage|p1a: Braviary|0 fnt\n|faint|p1a: Braviary\n|\n|-weather|Snowscape|[upkeep]\n|upkeep\n|\n|t:|1781382985\n|switch|p1a: Solgaleo|Solgaleo, L74|325/325\n|turn|13\n|\n|t:|1781382993\n|move|p2a: Volcarona|Fire Blast|p1a: Solgaleo\n|-supereffective|p1a: Solgaleo\n|-damage|p1a: Solgaleo|0 fnt\n|faint|p1a: Solgaleo\n|\n|-weather|none\n|upkeep\n|\n|t:|1781382997\n|switch|p1a: Walking Wake|Walking Wake, L79|258/286\n|turn|14\n|\n|t:|1781383004\n|-terastallize|p2a: Volcarona|Water\n|move|p2a: Volcarona|Quiver Dance|p2a: Volcarona\n|-boost|p2a: Volcarona|spa|1\n|-boost|p2a: Volcarona|spd|1\n|-boost|p2a: Volcarona|spe|1\n|move|p1a: Walking Wake|Sunny Day|p1a: Walking Wake\n|-weather|SunnyDay\n|-activate|p1a: Walking Wake|ability: Protosynthesis\n|-start|p1a: Walking Wake|protosynthesisspa\n|\n|-weather|SunnyDay|[upkeep]\n|upkeep\n|turn|15\n|\n|t:|1781383014\n|move|p2a: Volcarona|Giga Drain|p1a: Walking Wake\n|-damage|p1a: Walking Wake|122/286\n|-heal|p2a: Volcarona|231/257|[from] drain|[of] p1a: Walking Wake\n|move|p1a: Walking Wake|Hydro Steam|p2a: Volcarona\n|-resisted|p2a: Volcarona\n|-damage|p2a: Volcarona|178/257\n|-damage|p1a: Walking Wake|94/286|[from] item: Life Orb\n|\n|-weather|SunnyDay|[upkeep]\n|upkeep\n|turn|16\n|-message|fat boy wonder forfeited.\n|\n|win|MasterSlash001\n", "uploadtime": 1781382830, "views": 7, "formatid": "gen9randombattle", "rating": null, "private": 0, "password": null}