{"id": "gen9randombattle-2631753029", "format": "[Gen 9] Random Battle", "players": ["FantasyWind", "Zibabu"], "log": "|j|\u203dFantasyWind\n|j|\u2606Zibabu\n|t:|1781434060\n|gametype|singles\n|player|p1|FantasyWind|rosa|1978\n|player|p2|Zibabu|101|1918\n|gen|9\n|tier|[Gen 9] Random Battle\n|rated|\n|rule|Species Clause: Limit one of each Pok\u00e9mon\n|rule|HP Percentage Mod: HP is shown in percentages\n|rule|Sleep Clause Mod: Limit one foe put to sleep\n|rule|Illusion Level Mod: Illusion disguises the Pok\u00e9mon's true level\n|\n|t:|1781434060\n|teamsize|p1|6\n|teamsize|p2|6\n|start\n|switch|p1a: Sandaconda|Sandaconda, L84, M|258/258\n|switch|p2a: Gurdurr|Gurdurr, L85, F|283/283\n|turn|1\n|inactive|Battle timer is ON: inactive players will automatically lose when time's up. (requested by Zibabu)\n|inactive|FantasyWind also wants the timer to be on.\n|\n|t:|1781434075\n|switch|p1a: Galvantula|Galvantula, L82, M|249/249\n|move|p2a: Gurdurr|Knock Off|p1a: Galvantula\n|-damage|p1a: Galvantula|147/249\n|-enditem|p1a: Galvantula|Heavy-Duty Boots|[from] move: Knock Off|[of] p2a: Gurdurr\n|\n|upkeep\n|turn|2\n|\n|t:|1781434084\n|move|p1a: Galvantula|Sticky Web|p2a: Gurdurr\n|-sidestart|p2: Zibabu|move: Sticky Web\n|move|p2a: Gurdurr|Knock Off|p1a: Galvantula\n|-damage|p1a: Galvantula|78/249\n|\n|upkeep\n|turn|3\n|\n|t:|1781434090\n|move|p1a: Galvantula|Thunder|p2a: Gurdurr\n|-damage|p2a: Gurdurr|168/283\n|-status|p2a: Gurdurr|par\n|cant|p2a: Gurdurr|par\n|\n|upkeep\n|turn|4\n|\n|t:|1781434097\n|switch|p2a: Palossand|Palossand, L89, M|296/296\n|-activate|p2a: Palossand|move: Sticky Web\n|-unboost|p2a: Palossand|spe|1\n|move|p1a: Galvantula|Thunder|p2a: Palossand\n|-immune|p2a: Palossand\n|\n|upkeep\n|turn|5\n|\n|t:|1781434108\n|switch|p1a: Gliscor|Gliscor, L76, M|239/239\n|move|p2a: Palossand|Shadow Ball|p1a: Gliscor\n|-damage|p1a: Gliscor|125/239\n|-unboost|p1a: Gliscor|spd|1\n|\n|-status|p1a: Gliscor|tox|[from] item: Toxic Orb\n|upkeep\n|turn|6\n|\n|t:|1781434113\n|switch|p1a: Porygon-Z|Porygon-Z, L83|277/277\n|move|p2a: Palossand|Shadow Ball|p1a: Porygon-Z\n|-immune|p1a: Porygon-Z\n|\n|upkeep\n|turn|7\n|\n|t:|1781434121\n|move|p1a: Porygon-Z|Nasty Plot|p1a: Porygon-Z\n|-boost|p1a: Porygon-Z|spa|2\n|move|p2a: Palossand|Sludge Bomb|p1a: Porygon-Z\n|-crit|p1a: Porygon-Z\n|-damage|p1a: Porygon-Z|142/277\n|\n|upkeep\n|turn|8\n|\n|t:|1781434123\n|move|p1a: Porygon-Z|Shadow Ball|p2a: Palossand\n|-supereffective|p2a: Palossand\n|-damage|p2a: Palossand|0 fnt\n|faint|p2a: Palossand\n|-damage|p1a: Porygon-Z|115/277|[from] item: Life Orb\n|\n|upkeep\n|\n|t:|1781434127\n|switch|p2a: Gurdurr|Gurdurr, L85, F|168/283 par\n|-activate|p2a: Gurdurr|move: Sticky Web\n|-unboost|p2a: Gurdurr|spe|1\n|turn|9\n|\n|t:|1781434131\n|-terastallize|p1a: Porygon-Z|Ghost\n|move|p2a: Gurdurr|Mach Punch|p1a: Porygon-Z\n|-immune|p1a: Porygon-Z\n|move|p1a: Porygon-Z|Tri Attack|p2a: Gurdurr\n|-damage|p2a: Gurdurr|0 fnt\n|faint|p2a: Gurdurr\n|-damage|p1a: Porygon-Z|88/277|[from] item: Life Orb\n|\n|upkeep\n|\n|t:|1781434137\n|switch|p2a: Snorlax|Snorlax, L82, M|397/397\n|-activate|p2a: Snorlax|move: Sticky Web\n|-unboost|p2a: Snorlax|spe|1\n|turn|10\n|\n|t:|1781434140\n|move|p1a: Porygon-Z|Tri Attack|p2a: Snorlax\n|-damage|p2a: Snorlax|167/397\n|-status|p2a: Snorlax|brn\n|-damage|p1a: Porygon-Z|61/277|[from] item: Life Orb\n|move|p2a: Snorlax|Earthquake|p1a: Porygon-Z\n|-damage|p1a: Porygon-Z|18/277\n|\n|-damage|p2a: Snorlax|143/397 brn|[from] brn\n|upkeep\n|turn|11\n|\n|t:|1781434144\n|move|p1a: Porygon-Z|Tri Attack|p2a: Snorlax\n|-damage|p2a: Snorlax|0 fnt\n|faint|p2a: Snorlax\n|-damage|p1a: Porygon-Z|0 fnt|[from] item: Life Orb\n|faint|p1a: Porygon-Z\n|\n|upkeep\n|\n|t:|1781434151\n|switch|p1a: Gliscor|Gliscor, L76, M|125/239 tox\n|switch|p2a: Infernape|Infernape, L82, F|259/259\n|-activate|p2a: Infernape|move: Sticky Web\n|-unboost|p2a: Infernape|spe|1\n|turn|12\n|\n|t:|1781434158\n|move|p1a: Gliscor|Toxic|p2a: Infernape\n|-status|p2a: Infernape|tox\n|move|p2a: Infernape|Flare Blitz|p1a: Gliscor\n|-crit|p1a: Gliscor\n|-damage|p1a: Gliscor|0 fnt\n|faint|p1a: Gliscor\n|-damage|p2a: Infernape|218/259 tox|[from] Recoil\n|\n|-damage|p2a: Infernape|202/259 tox|[from] psn\n|upkeep\n|\n|t:|1781434162\n|switch|p1a: Galvantula|Galvantula, L82, M|78/249\n|turn|13\n|\n|t:|1781434165\n|switch|p2a: Lanturn|Lanturn, L89, F|367/367\n|-activate|p2a: Lanturn|move: Sticky Web\n|-unboost|p2a: Lanturn|spe|1\n|move|p1a: Galvantula|Thunder|p2a: Lanturn\n|-immune|p2a: Lanturn|[from] ability: Volt Absorb\n|\n|upkeep\n|turn|14\n|\n|t:|1781434170\n|move|p1a: Galvantula|Bug Buzz|p2a: Lanturn\n|-damage|p2a: Lanturn|276/367\n|move|p2a: Lanturn|Scald|p1a: Galvantula\n|-damage|p1a: Galvantula|0 fnt\n|faint|p1a: Galvantula\n|\n|-heal|p2a: Lanturn|298/367|[from] item: Leftovers\n|upkeep\n|\n|t:|1781434181\n|switch|p1a: Arceus|Arceus-Steel, L70|284/284\n|turn|15\n|\n|t:|1781434184\n|move|p1a: Arceus|Calm Mind|p1a: Arceus\n|-boost|p1a: Arceus|spa|1\n|-boost|p1a: Arceus|spd|1\n|move|p2a: Lanturn|Thunder Wave|p1a: Arceus\n|-status|p1a: Arceus|par\n|\n|-heal|p2a: Lanturn|320/367|[from] item: Leftovers\n|upkeep\n|turn|16\n|\n|t:|1781434188\n|switch|p2a: Infernape|Infernape, L82, F|202/259 tox\n|-activate|p2a: Infernape|move: Sticky Web\n|-unboost|p2a: Infernape|spe|1\n|move|p1a: Arceus|Calm Mind|p1a: Arceus\n|-boost|p1a: Arceus|spa|1\n|-boost|p1a: Arceus|spd|1\n|\n|-damage|p2a: Infernape|186/259 tox|[from] psn\n|upkeep\n|turn|17\n|\n|t:|1781434193\n|switch|p1a: Sandaconda|Sandaconda, L84, M|258/258\n|move|p2a: Infernape|Close Combat|p1a: Sandaconda\n|-damage|p1a: Sandaconda|122/258\n|-unboost|p2a: Infernape|def|1\n|-unboost|p2a: Infernape|spd|1\n|\n|-damage|p2a: Infernape|154/259 tox|[from] psn\n|upkeep\n|turn|18\n|\n|t:|1781434195\n|move|p1a: Sandaconda|Earthquake|p2a: Infernape\n|-supereffective|p2a: Infernape\n|-damage|p2a: Infernape|0 fnt\n|faint|p2a: Infernape\n|\n|upkeep\n|\n|t:|1781434197\n|switch|p2a: Minior|Minior-Green, L79|224/224\n|-formechange|p2a: Minior|Minior-Meteor||[from] ability: Shields Down\n|turn|19\n|\n|t:|1781434202\n|move|p1a: Sandaconda|Coil|p1a: Sandaconda\n|-boost|p1a: Sandaconda|atk|1\n|-boost|p1a: Sandaconda|def|1\n|-boost|p1a: Sandaconda|accuracy|1\n|move|p2a: Minior|Shell Smash|p2a: Minior\n|-unboost|p2a: Minior|def|1\n|-unboost|p2a: Minior|spd|1\n|-boost|p2a: Minior|atk|2\n|-boost|p2a: Minior|spa|2\n|-boost|p2a: Minior|spe|2\n|-enditem|p2a: Minior|White Herb\n|-clearnegativeboost|p2a: Minior|[silent]\n|\n|upkeep\n|turn|20\n|\n|t:|1781434211\n|-terastallize|p2a: Minior|Flying\n|move|p2a: Minior|Acrobatics|p1a: Sandaconda\n|-damage|p1a: Sandaconda|32/258\n|move|p1a: Sandaconda|Coil|p1a: Sandaconda\n|-boost|p1a: Sandaconda|atk|1\n|-boost|p1a: Sandaconda|def|1\n|-boost|p1a: Sandaconda|accuracy|1\n|\n|upkeep\n|turn|21\n|\n|t:|1781434215\n|move|p2a: Minior|Acrobatics|p1a: Sandaconda\n|-damage|p1a: Sandaconda|0 fnt\n|faint|p1a: Sandaconda\n|\n|upkeep\n|\n|t:|1781434220\n|switch|p1a: Arceus|Arceus-Steel, L70|284/284 par\n|turn|22\n|\n|t:|1781434223\n|move|p2a: Minior|Earthquake|p1a: Arceus\n|-supereffective|p1a: Arceus\n|-damage|p1a: Arceus|110/284 par\n|move|p1a: Arceus|Judgment|p2a: Minior\n|-damage|p2a: Minior|125/224\n|\n|upkeep\n|turn|23\n|\n|t:|1781434226\n|move|p2a: Minior|Earthquake|p1a: Arceus\n|-supereffective|p1a: Arceus\n|-damage|p1a: Arceus|0 fnt\n|faint|p1a: Arceus\n|\n|upkeep\n|\n|t:|1781434228\n|switch|p1a: Vivillon|Vivillon-Savanna, L83, M|268/268\n|turn|24\n|\n|t:|1781434231\n|move|p2a: Minior|Acrobatics|p1a: Vivillon\n|-supereffective|p1a: Vivillon\n|-damage|p1a: Vivillon|0 fnt\n|faint|p1a: Vivillon\n|\n|win|Zibabu\n", "uploadtime": 1781434061, "views": 3, "formatid": "gen9randombattle", "rating": null, "private": 0, "password": null}