{"id": "gen9randombattle-2631425043", "format": "[Gen 9] Random Battle", "players": ["Jgallo13", "monrayhudson"], "log": "|j|\u2606Jgallo13\n|j|\u2606monrayhudson\n|t:|1781383056\n|gametype|singles\n|player|p1|Jgallo13|101|1849\n|player|p2|monrayhudson|blue|1939\n|gen|9\n|tier|[Gen 9] Random Battle\n|rated|\n|rule|Species Clause: Limit one of each Pok\u00e9mon\n|rule|HP Percentage Mod: HP is shown in percentages\n|rule|Sleep Clause Mod: Limit one foe put to sleep\n|rule|Illusion Level Mod: Illusion disguises the Pok\u00e9mon's true level\n|\n|t:|1781383056\n|teamsize|p1|6\n|teamsize|p2|6\n|start\n|switch|p1a: Goodra|Goodra, L85, M|292/292\n|switch|p2a: Milotic|Milotic, L83, M|293/293\n|turn|1\n|inactive|Battle timer is ON: inactive players will automatically lose when time's up. (requested by Jgallo13)\n|\n|t:|1781383082\n|move|p1a: Goodra|Knock Off|p2a: Milotic\n|-damage|p2a: Milotic|206/293\n|-enditem|p2a: Milotic|Leftovers|[from] move: Knock Off|[of] p1a: Goodra\n|move|p2a: Milotic|Ice Beam|p1a: Goodra\n|-supereffective|p1a: Goodra\n|-damage|p1a: Goodra|230/292\n|\n|upkeep\n|turn|2\n|\n|t:|1781383090\n|move|p1a: Goodra|Draco Meteor|p2a: Milotic\n|-damage|p2a: Milotic|95/293\n|-unboost|p1a: Goodra|spa|2\n|move|p2a: Milotic|Recover|p2a: Milotic\n|-heal|p2a: Milotic|242/293\n|\n|upkeep\n|turn|3\n|\n|t:|1781383099\n|switch|p1a: Heracross|Heracross, L80, M|259/259\n|move|p2a: Milotic|Ice Beam|p1a: Heracross\n|-damage|p1a: Heracross|189/259\n|\n|-status|p1a: Heracross|brn|[from] item: Flame Orb\n|upkeep\n|turn|4\n|\n|t:|1781383112\n|switch|p2a: Hatterene|Hatterene, L85, F|236/236\n|move|p1a: Heracross|Trailblaze|p2a: Hatterene\n|-damage|p2a: Hatterene|179/236\n|-boost|p1a: Heracross|spe|1\n|\n|-heal|p2a: Hatterene|193/236|[from] item: Leftovers\n|-damage|p1a: Heracross|173/259 brn|[from] brn\n|upkeep\n|turn|5\n|\n|t:|1781383121\n|-terastallize|p1a: Heracross|Normal\n|move|p1a: Heracross|Facade|p2a: Hatterene\n|-damage|p2a: Hatterene|0 fnt\n|faint|p2a: Hatterene\n|\n|-damage|p1a: Heracross|157/259 brn|[from] brn\n|upkeep\n|\n|t:|1781383144\n|switch|p2a: Krookodile|Krookodile, L79, M|280/280\n|-ability|p2a: Krookodile|Intimidate|boost\n|-unboost|p1a: Heracross|atk|1\n|turn|6\n|inactive|monrayhudson has 120 seconds left.\n|\n|t:|1781383184\n|-terastallize|p2a: Krookodile|Poison\n|move|p1a: Heracross|Close Combat|p2a: Krookodile\n|-resisted|p2a: Krookodile\n|-damage|p2a: Krookodile|199/280\n|-unboost|p1a: Heracross|def|1\n|-unboost|p1a: Heracross|spd|1\n|move|p2a: Krookodile|Earthquake|p1a: Heracross\n|-damage|p1a: Heracross|0 fnt\n|faint|p1a: Heracross\n|\n|-heal|p2a: Krookodile|216/280|[from] item: Leftovers\n|upkeep\n|\n|t:|1781383200\n|switch|p1a: Pyroar|Pyroar, L88, M|295/295\n|-ability|p1a: Pyroar|Unnerve\n|turn|7\n|\n|t:|1781383204\n|move|p1a: Pyroar|Will-O-Wisp|p2a: Krookodile\n|-status|p2a: Krookodile|brn\n|move|p2a: Krookodile|Earthquake|p1a: Pyroar\n|-supereffective|p1a: Pyroar\n|-damage|p1a: Pyroar|177/295\n|\n|-heal|p2a: Krookodile|233/280 brn|[from] item: Leftovers\n|-damage|p2a: Krookodile|216/280 brn|[from] brn\n|upkeep\n|turn|8\n|\n|t:|1781383211\n|switch|p1a: Vivillon|Vivillon-Archipelago, L83, M|268/268\n|move|p2a: Krookodile|Earthquake|p1a: Vivillon\n|-immune|p1a: Vivillon\n|\n|-heal|p2a: Krookodile|233/280 brn|[from] item: Leftovers\n|-damage|p2a: Krookodile|216/280 brn|[from] brn\n|upkeep\n|turn|9\n|\n|t:|1781383217\n|switch|p2a: Milotic|Milotic, L83, M|242/293\n|move|p1a: Vivillon|Quiver Dance|p1a: Vivillon\n|-boost|p1a: Vivillon|spa|1\n|-boost|p1a: Vivillon|spd|1\n|-boost|p1a: Vivillon|spe|1\n|\n|upkeep\n|turn|10\n|\n|t:|1781383225\n|move|p1a: Vivillon|Sleep Powder|p2a: Milotic\n|-status|p2a: Milotic|slp|[from] move: Sleep Powder\n|cant|p2a: Milotic|slp\n|\n|upkeep\n|turn|11\n|\n|t:|1781383233\n|switch|p2a: Iron Boulder|Iron Boulder, L77|265/265\n|move|p1a: Vivillon|Quiver Dance|p1a: Vivillon\n|-boost|p1a: Vivillon|spa|1\n|-boost|p1a: Vivillon|spd|1\n|-boost|p1a: Vivillon|spe|1\n|\n|upkeep\n|turn|12\n|\n|t:|1781383243\n|move|p1a: Vivillon|Hurricane|p2a: Iron Boulder\n|-resisted|p2a: Iron Boulder\n|-damage|p2a: Iron Boulder|158/265\n|move|p2a: Iron Boulder|Mighty Cleave|p1a: Vivillon\n|-supereffective|p1a: Vivillon\n|-damage|p1a: Vivillon|0 fnt\n|faint|p1a: Vivillon\n|-damage|p2a: Iron Boulder|132/265|[from] item: Life Orb\n|\n|upkeep\n|\n|t:|1781383260\n|switch|p1a: Arboliva|Arboliva, L91, M|288/288\n|turn|13\n|\n|t:|1781383272\n|-end|p2a: Iron Boulder|Quark Drive|[silent]\n|switch|p2a: Appletun|Appletun, L92, F|352/352\n|move|p1a: Arboliva|Leech Seed|p2a: Appletun\n|-immune|p2a: Appletun\n|\n|upkeep\n|turn|14\n|\n|t:|1781383282\n|switch|p1a: Goodra|Goodra, L85, M|230/292\n|move|p2a: Appletun|Apple Acid|p1a: Goodra\n|-ability|p1a: Goodra|Sap Sipper|boost\n|-boost|p1a: Goodra|atk|1\n|\n|upkeep\n|turn|15\n|\n|t:|1781383308\n|switch|p2a: Krookodile|Krookodile, L79, M, tera:Poison|216/280 brn\n|-ability|p2a: Krookodile|Intimidate|boost\n|-unboost|p1a: Goodra|atk|1\n|move|p1a: Goodra|Knock Off|p2a: Krookodile\n|-damage|p2a: Krookodile|137/280 brn\n|-enditem|p2a: Krookodile|Leftovers|[from] move: Knock Off|[of] p1a: Goodra\n|\n|-damage|p2a: Krookodile|120/280 brn|[from] brn\n|upkeep\n|turn|16\n|\n|t:|1781383316\n|move|p2a: Krookodile|Knock Off|p1a: Goodra\n|-damage|p1a: Goodra|171/292\n|-enditem|p1a: Goodra|Assault Vest|[from] move: Knock Off|[of] p2a: Krookodile\n|move|p1a: Goodra|Fire Blast|p2a: Krookodile\n|-damage|p2a: Krookodile|8/280 brn\n|\n|-damage|p2a: Krookodile|0 fnt|[from] brn\n|faint|p2a: Krookodile\n|upkeep\n|inactive|monrayhudson has 120 seconds left.\n|\n|t:|1781383336\n|switch|p2a: Milotic|Milotic, L83, M|242/293 slp\n|turn|17\n|\n|t:|1781383350\n|move|p1a: Goodra|Earthquake|p2a: Milotic\n|-damage|p2a: Milotic|162/293 slp\n|-curestatus|p2a: Milotic|slp|[msg]\n|move|p2a: Milotic|Recover|p2a: Milotic\n|-heal|p2a: Milotic|293/293\n|\n|upkeep\n|turn|18\n|\n|t:|1781383370\n|switch|p1a: Arboliva|Arboliva, L91, M|288/288\n|move|p2a: Milotic|Ice Beam|p1a: Arboliva\n|-supereffective|p1a: Arboliva\n|-damage|p1a: Arboliva|196/288\n|\n|upkeep\n|turn|19\n|\n|t:|1781383376\n|switch|p2a: Appletun|Appletun, L92, F|352/352\n|move|p1a: Arboliva|Hyper Voice|p2a: Appletun\n|-damage|p2a: Appletun|226/352\n|\n|-heal|p2a: Appletun|248/352|[from] item: Leftovers\n|upkeep\n|turn|20\n|\n|t:|1781383401\n|switch|p1a: Pyroar|Pyroar, L88, M|177/295\n|-ability|p1a: Pyroar|Unnerve\n|move|p2a: Appletun|Dragon Tail|p1a: Pyroar\n|-damage|p1a: Pyroar|105/295\n|drag|p1a: Arboliva|Arboliva, L91, M|196/288\n|\n|-heal|p2a: Appletun|270/352|[from] item: Leftovers\n|upkeep\n|turn|21\n|inactive|monrayhudson has 120 seconds left.\n|\n|t:|1781383432\n|move|p1a: Arboliva|Hyper Voice|p2a: Appletun\n|-damage|p2a: Appletun|126/352\n|move|p2a: Appletun|Dragon Pulse|p1a: Arboliva\n|-damage|p1a: Arboliva|108/288\n|-enditem|p1a: Arboliva|Sitrus Berry|[eat]\n|-heal|p1a: Arboliva|180/288|[from] item: Sitrus Berry\n|\n|-heal|p2a: Appletun|148/352|[from] item: Leftovers\n|upkeep\n|turn|22\n|\n|t:|1781383438\n|move|p1a: Arboliva|Hyper Voice|p2a: Appletun\n|-damage|p2a: Appletun|10/352\n|move|p2a: Appletun|Recover|p2a: Appletun\n|-heal|p2a: Appletun|186/352\n|\n|-heal|p2a: Appletun|208/352|[from] item: Leftovers\n|-item|p1a: Arboliva|Sitrus Berry|[from] ability: Harvest\n|upkeep\n|turn|23\n|l|\u2606Jgallo13\n|inactive|Jgallo13 disconnected and has a minute to reconnect!\n|player|p1|\n|j|\u2606Jgallo13\n|inactive|Jgallo13 reconnected and has 120 seconds left.\n|player|p1|Jgallo13|101|\n|\n|t:|1781383488\n|move|p1a: Arboliva|Hyper Voice|p2a: Appletun\n|-damage|p2a: Appletun|69/352\n|move|p2a: Appletun|Recover|p2a: Appletun\n|-heal|p2a: Appletun|245/352\n|\n|-heal|p2a: Appletun|267/352|[from] item: Leftovers\n|upkeep\n|turn|24\n|\n|t:|1781383497\n|move|p1a: Arboliva|Hyper Voice|p2a: Appletun\n|-damage|p2a: Appletun|131/352\n|move|p2a: Appletun|Dragon Tail|p1a: Arboliva\n|-damage|p1a: Arboliva|113/288\n|-enditem|p1a: Arboliva|Sitrus Berry|[eat]\n|-heal|p1a: Arboliva|185/288|[from] item: Sitrus Berry\n|drag|p1a: Goodra|Goodra, L85, M|171/292\n|\n|-heal|p2a: Appletun|153/352|[from] item: Leftovers\n|upkeep\n|turn|25\n|\n|t:|1781383504\n|switch|p2a: Milotic|Milotic, L83, M|293/293\n|move|p1a: Goodra|Draco Meteor|p2a: Milotic\n|-damage|p2a: Milotic|170/293\n|-unboost|p1a: Goodra|spa|2\n|\n|upkeep\n|turn|26\n|inactive|Jgallo13 has 120 seconds left.\n|l|\u2606Jgallo13\n|inactive|Jgallo13 disconnected and has a minute to reconnect!\n|player|p1|\n|inactive|Jgallo13 has 30 seconds to reconnect!\n|inactive|Jgallo13 has 20 seconds to reconnect!\n|j|\u2606Jgallo13\n|inactive|Jgallo13 reconnected and has 75 seconds left.\n|player|p1|Jgallo13|101|\n|\n|t:|1781383560\n|move|p1a: Goodra|Earthquake|p2a: Milotic\n|-damage|p2a: Milotic|80/293\n|move|p2a: Milotic|Ice Beam|p1a: Goodra\n|-supereffective|p1a: Goodra\n|-damage|p1a: Goodra|87/292\n|\n|upkeep\n|turn|27\n|\n|t:|1781383565\n|move|p1a: Goodra|Earthquake|p2a: Milotic\n|-damage|p2a: Milotic|0 fnt\n|faint|p2a: Milotic\n|\n|upkeep\n|\n|t:|1781383568\n|switch|p2a: Iron Boulder|Iron Boulder, L77|132/265\n|turn|28\n|\n|t:|1781383572\n|move|p2a: Iron Boulder|Mighty Cleave|p1a: Goodra\n|-damage|p1a: Goodra|0 fnt\n|faint|p1a: Goodra\n|-damage|p2a: Iron Boulder|106/265|[from] item: Life Orb\n|\n|upkeep\n|\n|t:|1781383581\n|switch|p1a: Pyroar|Pyroar, L88, M|105/295\n|-ability|p1a: Pyroar|Unnerve\n|turn|29\n|\n|t:|1781383589\n|-end|p2a: Iron Boulder|Quark Drive|[silent]\n|switch|p2a: Appletun|Appletun, L92, F|153/352\n|move|p1a: Pyroar|Will-O-Wisp|p2a: Appletun\n|-status|p2a: Appletun|brn\n|\n|-heal|p2a: Appletun|175/352 brn|[from] item: Leftovers\n|-damage|p2a: Appletun|153/352 brn|[from] brn\n|upkeep\n|turn|30\n|\n|t:|1781383594\n|move|p1a: Pyroar|Fire Blast|p2a: Appletun\n|-damage|p2a: Appletun|80/352 brn\n|move|p2a: Appletun|Recover|p2a: Appletun\n|-heal|p2a: Appletun|256/352 brn\n|\n|-heal|p2a: Appletun|278/352 brn|[from] item: Leftovers\n|-damage|p2a: Appletun|256/352 brn|[from] brn\n|upkeep\n|turn|31\n|\n|t:|1781383599\n|move|p1a: Pyroar|Hyper Voice|p2a: Appletun\n|-damage|p2a: Appletun|136/352 brn\n|move|p2a: Appletun|Dragon Pulse|p1a: Pyroar\n|-damage|p1a: Pyroar|0 fnt\n|faint|p1a: Pyroar\n|\n|-heal|p2a: Appletun|158/352 brn|[from] item: Leftovers\n|-damage|p2a: Appletun|136/352 brn|[from] brn\n|upkeep\n|\n|t:|1781383607\n|switch|p1a: Arboliva|Arboliva, L91, M|185/288\n|turn|32\n|inactive|Jgallo13 has 120 seconds left.\n|\n|t:|1781383617\n|move|p1a: Arboliva|Hyper Voice|p2a: Appletun\n|-damage|p2a: Appletun|6/352 brn\n|move|p2a: Appletun|Dragon Pulse|p1a: Arboliva\n|-damage|p1a: Arboliva|101/288\n|\n|-heal|p2a: Appletun|28/352 brn|[from] item: Leftovers\n|-damage|p2a: Appletun|6/352 brn|[from] brn\n|upkeep\n|turn|33\n|inactive|Jgallo13 has 120 seconds left.\n|\n|t:|1781383626\n|move|p1a: Arboliva|Substitute|p1a: Arboliva\n|-start|p1a: Arboliva|Substitute\n|-damage|p1a: Arboliva|29/288\n|move|p2a: Appletun|Dragon Pulse|p1a: Arboliva\n|-end|p1a: Arboliva|Substitute\n|\n|-heal|p2a: Appletun|28/352 brn|[from] item: Leftovers\n|-damage|p2a: Appletun|6/352 brn|[from] brn\n|-item|p1a: Arboliva|Sitrus Berry|[from] ability: Harvest\n|upkeep\n|-enditem|p1a: Arboliva|Sitrus Berry|[eat]\n|-heal|p1a: Arboliva|101/288|[from] item: Sitrus Berry\n|turn|34\n|inactive|Jgallo13 has 120 seconds left.\n|\n|t:|1781383637\n|move|p1a: Arboliva|Hyper Voice|p2a: Appletun\n|-damage|p2a: Appletun|0 fnt\n|faint|p2a: Appletun\n|\n|-item|p1a: Arboliva|Sitrus Berry|[from] ability: Harvest\n|upkeep\n|-enditem|p1a: Arboliva|Sitrus Berry|[eat]\n|-heal|p1a: Arboliva|173/288|[from] item: Sitrus Berry\n|\n|t:|1781383649\n|switch|p2a: Iron Boulder|Iron Boulder, L77|106/265\n|turn|35\n|\n|t:|1781383651\n|move|p2a: Iron Boulder|Close Combat|p1a: Arboliva\n|-supereffective|p1a: Arboliva\n|-crit|p1a: Arboliva\n|-damage|p1a: Arboliva|0 fnt\n|-unboost|p2a: Iron Boulder|def|1\n|-unboost|p2a: Iron Boulder|spd|1\n|faint|p1a: Arboliva\n|-damage|p2a: Iron Boulder|80/265|[from] item: Life Orb\n|\n|upkeep\n|\n|t:|1781383655\n|switch|p1a: Arceus|Arceus-Ghost, L69|280/280\n|turn|36\n|\n|t:|1781383668\n|move|p2a: Iron Boulder|Mighty Cleave|p1a: Arceus\n|-damage|p1a: Arceus|163/280\n|-damage|p2a: Iron Boulder|54/265|[from] item: Life Orb\n|move|p1a: Arceus|Judgment|p2a: Iron Boulder\n|-supereffective|p2a: Iron Boulder\n|-crit|p2a: Iron Boulder\n|-damage|p2a: Iron Boulder|0 fnt\n|faint|p2a: Iron Boulder\n|-end|p2a: Iron Boulder|Quark Drive|[silent]\n|\n|upkeep\n|\n|t:|1781383670\n|switch|p2a: Gouging Fire|Gouging Fire, L74|277/277\n|turn|37\n|\n|t:|1781383675\n|move|p1a: Arceus|Judgment|p2a: Gouging Fire\n|-damage|p2a: Gouging Fire|172/277\n|move|p2a: Gouging Fire|Dragon Dance|p2a: Gouging Fire\n|-boost|p2a: Gouging Fire|atk|1\n|-boost|p2a: Gouging Fire|spe|1\n|\n|upkeep\n|turn|38\n|l|\u2606Jgallo13\n|inactive|Jgallo13 disconnected and has a minute to reconnect!\n|player|p1|\n|inactive|Jgallo13 has 30 seconds to reconnect!\n|inactive|Jgallo13 has 20 seconds to reconnect!\n|inactive|Jgallo13 has 15 seconds to reconnect!\n|inactive|Jgallo13 has 10 seconds to reconnect!\n|inactive|Jgallo13 has 5 seconds to reconnect!\n|-message|Jgallo13 lost due to inactivity.\n|\n|win|monrayhudson\n|raw|Jgallo13's rating: 1849 &rarr; <strong>1834</strong><br />(-15 for losing)\n|raw|monrayhudson's rating: 1939 &rarr; <strong>1954</strong><br />(+15 for winning)\n", "uploadtime": 1781383735, "views": 9, "formatid": "gen9randombattle", "rating": 1834, "private": 0, "password": null}