{"id": "gen9randombattle-2631446040", "format": "[Gen 9] Random Battle", "players": ["Caradecoso", "purpledactyl"], "log": "|j|\u2606Caradecoso\n|j|\u2606purpledactyl\n|t:|1781385629\n|gametype|singles\n|player|p1|Caradecoso|cameraman|1306\n|player|p2|purpledactyl|skyla|1370\n|gen|9\n|tier|[Gen 9] Random Battle\n|rated|\n|rule|Species Clause: Limit one of each Pok\u00e9mon\n|rule|HP Percentage Mod: HP is shown in percentages\n|rule|Sleep Clause Mod: Limit one foe put to sleep\n|rule|Illusion Level Mod: Illusion disguises the Pok\u00e9mon's true level\n|\n|t:|1781385629\n|teamsize|p1|6\n|teamsize|p2|6\n|start\n|switch|p1a: Sudowoodo|Sudowoodo, L94, M|284/284\n|switch|p2a: Mabosstiff|Mabosstiff, L86, M|278/278\n|turn|1\n|\n|t:|1781385680\n|switch|p2a: Excadrill|Excadrill, L79, M|303/303\n|-ability|p2a: Excadrill|Mold Breaker\n|move|p1a: Sudowoodo|Head Smash|p2a: Excadrill\n|-resisted|p2a: Excadrill\n|-damage|p2a: Excadrill|238/303\n|\n|-heal|p2a: Excadrill|256/303|[from] item: Leftovers\n|upkeep\n|turn|2\n|\n|t:|1781385705\n|move|p2a: Excadrill|Swords Dance|p2a: Excadrill\n|-boost|p2a: Excadrill|atk|2\n|move|p1a: Sudowoodo|Earthquake|p2a: Excadrill\n|-supereffective|p2a: Excadrill\n|-damage|p2a: Excadrill|0 fnt\n|faint|p2a: Excadrill\n|\n|upkeep\n|\n|t:|1781385720\n|switch|p2a: Deoxys|Deoxys-Defense, L84|221/221\n|-ability|p2a: Deoxys|Pressure\n|turn|3\n|\n|t:|1781385725\n|move|p2a: Deoxys|Cosmic Power|p2a: Deoxys\n|-boost|p2a: Deoxys|def|1\n|-boost|p2a: Deoxys|spd|1\n|move|p1a: Sudowoodo|Stealth Rock|p2a: Deoxys\n|-sidestart|p2: purpledactyl|move: Stealth Rock\n|\n|upkeep\n|turn|4\n|\n|t:|1781385784\n|switch|p1a: Registeel|Registeel, L81|262/262\n|move|p2a: Deoxys|Cosmic Power|p2a: Deoxys\n|-boost|p2a: Deoxys|def|1\n|-boost|p2a: Deoxys|spd|1\n|\n|upkeep\n|turn|5\n|\n|t:|1781385790\n|move|p2a: Deoxys|Night Shade|p1a: Registeel\n|-damage|p1a: Registeel|178/262\n|move|p1a: Registeel|Thunder Wave|p2a: Deoxys\n|-status|p2a: Deoxys|par\n|\n|-heal|p1a: Registeel|194/262|[from] item: Leftovers\n|upkeep\n|turn|6\n|\n|t:|1781385803\n|switch|p1a: Sudowoodo|Sudowoodo, L94, M|284/284\n|move|p2a: Deoxys|Night Shade|p1a: Sudowoodo\n|-damage|p1a: Sudowoodo|200/284\n|\n|-heal|p1a: Sudowoodo|217/284|[from] item: Leftovers\n|upkeep\n|turn|7\n|\n|t:|1781385808\n|move|p1a: Sudowoodo|Head Smash|p2a: Deoxys\n|-damage|p2a: Deoxys|158/221 par\n|move|p2a: Deoxys|Cosmic Power|p2a: Deoxys\n|-boost|p2a: Deoxys|def|1\n|-boost|p2a: Deoxys|spd|1\n|\n|-heal|p1a: Sudowoodo|234/284|[from] item: Leftovers\n|-heal|p2a: Deoxys|171/221 par|[from] item: Leftovers\n|upkeep\n|turn|8\n|\n|t:|1781385813\n|move|p1a: Sudowoodo|Head Smash|p2a: Deoxys\n|-damage|p2a: Deoxys|119/221 par\n|move|p2a: Deoxys|Cosmic Power|p2a: Deoxys\n|-boost|p2a: Deoxys|def|1\n|-boost|p2a: Deoxys|spd|1\n|\n|-heal|p1a: Sudowoodo|251/284|[from] item: Leftovers\n|-heal|p2a: Deoxys|132/221 par|[from] item: Leftovers\n|upkeep\n|turn|9\n|\n|t:|1781385818\n|move|p1a: Sudowoodo|Head Smash|p2a: Deoxys\n|-crit|p2a: Deoxys\n|-damage|p2a: Deoxys|0 fnt\n|faint|p2a: Deoxys\n|\n|-heal|p1a: Sudowoodo|268/284|[from] item: Leftovers\n|upkeep\n|\n|t:|1781385828\n|switch|p2a: Mabosstiff|Mabosstiff, L86, M|278/278\n|-damage|p2a: Mabosstiff|244/278|[from] Stealth Rock\n|turn|10\n|\n|t:|1781385835\n|move|p2a: Mabosstiff|Crunch|p1a: Sudowoodo\n|-damage|p1a: Sudowoodo|159/284\n|-unboost|p1a: Sudowoodo|def|1\n|move|p1a: Sudowoodo|Head Smash|p2a: Mabosstiff|[miss]\n|-miss|p1a: Sudowoodo|p2a: Mabosstiff\n|\n|-heal|p1a: Sudowoodo|176/284|[from] item: Leftovers\n|upkeep\n|turn|11\n|\n|t:|1781385847\n|switch|p1a: Registeel|Registeel, L81|194/262\n|move|p2a: Mabosstiff|Crunch|p1a: Registeel\n|-damage|p1a: Registeel|0 fnt\n|faint|p1a: Registeel\n|\n|upkeep\n|c|\u2606Caradecoso|Lol\n|\n|t:|1781385858\n|switch|p1a: Rotom|Rotom-Wash, L82|216/216\n|turn|12\n|c|\u2606Caradecoso|Balanced I think\n|\n|t:|1781385871\n|move|p2a: Mabosstiff|Crunch|p1a: Rotom\n|-damage|p1a: Rotom|72/216\n|move|p1a: Rotom|Will-O-Wisp|p2a: Mabosstiff\n|-status|p2a: Mabosstiff|brn\n|\n|-heal|p1a: Rotom|85/216|[from] item: Leftovers\n|-damage|p2a: Mabosstiff|227/278 brn|[from] brn\n|upkeep\n|turn|13\n|\n|t:|1781385883\n|switch|p1a: Hitmonlee|Hitmonlee, L85, M|223/223\n|move|p2a: Mabosstiff|Crunch|p1a: Hitmonlee\n|-resisted|p1a: Hitmonlee\n|-damage|p1a: Hitmonlee|117/223\n|\n|-damage|p2a: Mabosstiff|210/278 brn|[from] brn\n|upkeep\n|turn|14\n|\n|t:|1781385896\n|move|p1a: Hitmonlee|Knock Off|p2a: Mabosstiff\n|-resisted|p2a: Mabosstiff\n|-damage|p2a: Mabosstiff|148/278 brn\n|-enditem|p2a: Mabosstiff|Choice Band|[from] move: Knock Off|[of] p1a: Hitmonlee\n|move|p2a: Mabosstiff|Crunch|p1a: Hitmonlee\n|-resisted|p1a: Hitmonlee\n|-damage|p1a: Hitmonlee|81/223\n|\n|-damage|p2a: Mabosstiff|131/278 brn|[from] brn\n|upkeep\n|turn|15\n|\n|t:|1781385906\n|switch|p1a: Sudowoodo|Sudowoodo, L94, M|176/284\n|move|p2a: Mabosstiff|Play Rough|p1a: Sudowoodo\n|-damage|p1a: Sudowoodo|119/284\n|\n|-heal|p1a: Sudowoodo|136/284|[from] item: Leftovers\n|-damage|p2a: Mabosstiff|114/278 brn|[from] brn\n|upkeep\n|turn|16\n|\n|t:|1781385918\n|move|p2a: Mabosstiff|Crunch|p1a: Sudowoodo\n|-damage|p1a: Sudowoodo|97/284\n|move|p1a: Sudowoodo|Earthquake|p2a: Mabosstiff\n|-damage|p2a: Mabosstiff|21/278 brn\n|\n|-heal|p1a: Sudowoodo|114/284|[from] item: Leftovers\n|-damage|p2a: Mabosstiff|4/278 brn|[from] brn\n|upkeep\n|turn|17\n|\n|t:|1781385923\n|switch|p1a: Comfey|Comfey, L85, M|225/225\n|move|p2a: Mabosstiff|Crunch|p1a: Comfey\n|-resisted|p1a: Comfey\n|-damage|p1a: Comfey|174/225\n|\n|-heal|p1a: Comfey|188/225|[from] item: Leftovers\n|-damage|p2a: Mabosstiff|0 fnt|[from] brn\n|faint|p2a: Mabosstiff\n|upkeep\n|\n|t:|1781385934\n|switch|p2a: Pincurchin|Pincurchin, M|258/258\n|-damage|p2a: Pincurchin|226/258|[from] Stealth Rock\n|-fieldstart|move: Electric Terrain|[from] ability: Electric Surge|[of] p2a: Pincurchin\n|turn|18\n|\n|t:|1781385942\n|move|p1a: Comfey|Calm Mind|p1a: Comfey\n|-boost|p1a: Comfey|spa|1\n|-boost|p1a: Comfey|spd|1\n|move|p2a: Pincurchin|Spikes|p1a: Comfey\n|-sidestart|p1: Caradecoso|Spikes\n|\n|-heal|p1a: Comfey|202/225|[from] item: Leftovers\n|-heal|p2a: Pincurchin|242/258|[from] item: Leftovers\n|upkeep\n|turn|19\n|\n|t:|1781385948\n|move|p1a: Comfey|Calm Mind|p1a: Comfey\n|-boost|p1a: Comfey|spa|1\n|-boost|p1a: Comfey|spd|1\n|move|p2a: Pincurchin|Discharge|p1a: Comfey\n|-damage|p1a: Comfey|142/225\n|-status|p1a: Comfey|par\n|\n|-heal|p1a: Comfey|156/225 par|[from] item: Leftovers\n|-heal|p2a: Pincurchin|258/258|[from] item: Leftovers\n|upkeep\n|turn|20\n|\n|t:|1781385958\n|move|p1a: Comfey|Calm Mind|p1a: Comfey\n|-boost|p1a: Comfey|spa|1\n|-boost|p1a: Comfey|spd|1\n|move|p2a: Pincurchin|Spikes|p1a: Comfey\n|-sidestart|p1: Caradecoso|Spikes\n|\n|-heal|p1a: Comfey|170/225 par|[from] item: Leftovers\n|upkeep\n|turn|21\n|\n|t:|1781385962\n|move|p1a: Comfey|Calm Mind|p1a: Comfey\n|-boost|p1a: Comfey|spa|1\n|-boost|p1a: Comfey|spd|1\n|move|p2a: Pincurchin|Spikes|p1a: Comfey\n|-sidestart|p1: Caradecoso|Spikes\n|\n|-heal|p1a: Comfey|184/225 par|[from] item: Leftovers\n|upkeep\n|turn|22\n|\n|t:|1781385968\n|move|p1a: Comfey|Calm Mind|p1a: Comfey\n|-boost|p1a: Comfey|spa|1\n|-boost|p1a: Comfey|spd|1\n|move|p2a: Pincurchin|Discharge|p1a: Comfey\n|-damage|p1a: Comfey|145/225 par\n|\n|-heal|p1a: Comfey|159/225 par|[from] item: Leftovers\n|-fieldend|move: Electric Terrain\n|upkeep\n|turn|23\n|\n|t:|1781385978\n|cant|p1a: Comfey|par\n|move|p2a: Pincurchin|Discharge|p1a: Comfey\n|-damage|p1a: Comfey|129/225 par\n|\n|-heal|p1a: Comfey|143/225 par|[from] item: Leftovers\n|upkeep\n|turn|24\n|\n|t:|1781385982\n|move|p1a: Comfey|Calm Mind|p1a: Comfey\n|-boost|p1a: Comfey|spa|1\n|-boost|p1a: Comfey|spd|1\n|move|p2a: Pincurchin|Discharge|p1a: Comfey\n|-damage|p1a: Comfey|119/225 par\n|\n|-heal|p1a: Comfey|133/225 par|[from] item: Leftovers\n|upkeep\n|turn|25\n|\n|t:|1781385986\n|move|p1a: Comfey|Draining Kiss|p2a: Pincurchin\n|-damage|p2a: Pincurchin|99/258\n|-heal|p1a: Comfey|225/225 par|[from] drain|[of] p2a: Pincurchin\n|move|p2a: Pincurchin|Discharge|p1a: Comfey\n|-damage|p1a: Comfey|198/225 par\n|\n|-heal|p1a: Comfey|212/225 par|[from] item: Leftovers\n|-heal|p2a: Pincurchin|115/258|[from] item: Leftovers\n|upkeep\n|turn|26\n|\n|t:|1781385992\n|move|p1a: Comfey|Draining Kiss|p2a: Pincurchin\n|-damage|p2a: Pincurchin|0 fnt\n|-heal|p1a: Comfey|225/225 par|[from] drain|[of] p2a: Pincurchin\n|faint|p2a: Pincurchin\n|\n|upkeep\n|\n|t:|1781385995\n|switch|p2a: Gouging Fire|Gouging Fire, L74|277/277\n|turn|27\n|\n|t:|1781386011\n|move|p2a: Gouging Fire|Heat Crash|p1a: Comfey\n|-damage|p1a: Comfey|117/225 par\n|move|p1a: Comfey|Stored Power|p2a: Gouging Fire\n|-damage|p2a: Gouging Fire|0 fnt\n|faint|p2a: Gouging Fire\n|-end|p2a: Gouging Fire|Protosynthesis|[silent]\n|\n|-heal|p1a: Comfey|131/225 par|[from] item: Leftovers\n|upkeep\n|\n|t:|1781386016\n|switch|p2a: Arceus|Arceus-Ice, L72|291/291\n|-damage|p2a: Arceus|219/291|[from] Stealth Rock\n|turn|28\n|\n|t:|1781386021\n|-terastallize|p2a: Arceus|Electric\n|move|p1a: Comfey|Giga Drain|p2a: Arceus\n|-damage|p2a: Arceus|45/291\n|-heal|p1a: Comfey|218/225 par|[from] drain|[of] p2a: Arceus\n|move|p2a: Arceus|Calm Mind|p2a: Arceus\n|-boost|p2a: Arceus|spa|1\n|-boost|p2a: Arceus|spd|1\n|\n|-heal|p1a: Comfey|225/225 par|[from] item: Leftovers\n|upkeep\n|turn|29\n|\n|t:|1781386027\n|cant|p1a: Comfey|par\n|move|p2a: Arceus|Recover|p2a: Arceus\n|-heal|p2a: Arceus|191/291\n|\n|upkeep\n|turn|30\n|\n|t:|1781386035\n|cant|p1a: Comfey|par\n|move|p2a: Arceus|Calm Mind|p2a: Arceus\n|-boost|p2a: Arceus|spa|1\n|-boost|p2a: Arceus|spd|1\n|\n|upkeep\n|turn|31\n|\n|t:|1781386038\n|move|p1a: Comfey|Draining Kiss|p2a: Arceus\n|-damage|p2a: Arceus|110/291\n|move|p2a: Arceus|Calm Mind|p2a: Arceus\n|-boost|p2a: Arceus|spa|1\n|-boost|p2a: Arceus|spd|1\n|\n|upkeep\n|turn|32\n|\n|t:|1781386043\n|move|p2a: Arceus|Recover|p2a: Arceus\n|-heal|p2a: Arceus|256/291\n|move|p1a: Comfey|Stored Power|p2a: Arceus\n|-damage|p2a: Arceus|24/291\n|\n|upkeep\n|turn|33\n|\n|t:|1781386050\n|move|p2a: Arceus|Judgment|p1a: Comfey\n|-damage|p1a: Comfey|168/225 par\n|move|p1a: Comfey|Stored Power|p2a: Arceus\n|-damage|p2a: Arceus|0 fnt\n|faint|p2a: Arceus\n|\n|win|Caradecoso\n|raw|Caradecoso's rating: 1306 &rarr; <strong>1330</strong><br />(+24 for winning)\n|raw|purpledactyl's rating: 1370 &rarr; <strong>1346</strong><br />(-24 for losing)\n|c|\u2606Caradecoso|Ggwp\n|l|\u2606purpledactyl\n|player|p2|\n", "uploadtime": 1781386061, "views": 4, "formatid": "gen9randombattle", "rating": 1330, "private": 0, "password": null}