{"id": "gen9randombattle-2631474501", "format": "[Gen 9] Random Battle", "players": ["Arcangel666", "Rambie Drascal"], "log": "|j|\u2606Arcangel666\n|j|\u2606Rambie Drascal\n|t:|1781389374\n|gametype|singles\n|player|p1|Arcangel666|piers-masters|2060\n|player|p2|Rambie Drascal|ninjaboy|2114\n|gen|9\n|tier|[Gen 9] Random Battle\n|rated|\n|rule|Species Clause: Limit one of each Pok\u00e9mon\n|rule|HP Percentage Mod: HP is shown in percentages\n|rule|Sleep Clause Mod: Limit one foe put to sleep\n|rule|Illusion Level Mod: Illusion disguises the Pok\u00e9mon's true level\n|\n|t:|1781389374\n|teamsize|p1|6\n|teamsize|p2|6\n|start\n|switch|p1a: Illumise|Illumise, L91, F|266/266\n|switch|p2a: Zarude|Zarude-Dada, L77|288/288\n|turn|1\n|inactive|Battle timer is ON: inactive players will automatically lose when time's up. (requested by Rambie Drascal)\n|\n|t:|1781389384\n|switch|p2a: Zebstrika|Zebstrika, L87, M|272/272\n|move|p1a: Illumise|Bug Buzz|p2a: Zebstrika\n|-damage|p2a: Zebstrika|154/272\n|\n|upkeep\n|turn|2\n|\n|t:|1781389391\n|switch|p1a: Gliscor|Gliscor, L76, M|239/239\n|move|p2a: Zebstrika|Overheat|p1a: Gliscor\n|-damage|p1a: Gliscor|92/239\n|-unboost|p2a: Zebstrika|spa|2\n|-damage|p2a: Zebstrika|127/272|[from] item: Life Orb\n|\n|-status|p1a: Gliscor|tox|[from] item: Toxic Orb\n|upkeep\n|turn|3\n|\n|t:|1781389397\n|switch|p2a: Dodrio|Dodrio, L85, F|241/241\n|move|p1a: Gliscor|Toxic|p2a: Dodrio\n|-status|p2a: Dodrio|tox\n|\n|-damage|p2a: Dodrio|226/241 tox|[from] psn\n|-heal|p1a: Gliscor|121/239 tox|[from] ability: Poison Heal\n|upkeep\n|turn|4\n|\n|t:|1781389401\n|move|p1a: Gliscor|Protect|p1a: Gliscor\n|-singleturn|p1a: Gliscor|Protect\n|move|p2a: Dodrio|Brave Bird|p1a: Gliscor\n|-activate|p1a: Gliscor|move: Protect\n|\n|-damage|p2a: Dodrio|196/241 tox|[from] psn\n|-heal|p1a: Gliscor|150/239 tox|[from] ability: Poison Heal\n|upkeep\n|turn|5\n|\n|t:|1781389415\n|switch|p1a: Chimecho|Chimecho, L93, M|290/290\n|move|p2a: Dodrio|Brave Bird|p1a: Chimecho\n|-crit|p1a: Chimecho\n|-damage|p1a: Chimecho|0 fnt\n|faint|p1a: Chimecho\n|-damage|p2a: Dodrio|100/241 tox|[from] Recoil\n|\n|-damage|p2a: Dodrio|55/241 tox|[from] psn\n|upkeep\n|\n|t:|1781389421\n|switch|p1a: Mesprit|Mesprit, L85|275/275\n|turn|6\n|\n|t:|1781389424\n|switch|p2a: Heatran|Heatran, L79, M|273/273\n|-item|p2a: Heatran|Air Balloon\n|move|p1a: Mesprit|Stealth Rock|p2a: Heatran\n|-sidestart|p2: Rambie Drascal|move: Stealth Rock\n|\n|upkeep\n|turn|7\n|\n|t:|1781389432\n|move|p1a: Mesprit|Psychic Noise|p2a: Heatran\n|-resisted|p2a: Heatran\n|-damage|p2a: Heatran|231/273\n|-start|p2a: Heatran|move: Heal Block\n|-enditem|p2a: Heatran|Air Balloon\n|move|p2a: Heatran|Lava Plume|p1a: Mesprit\n|-damage|p1a: Mesprit|199/275\n|\n|-heal|p1a: Mesprit|216/275|[from] item: Leftovers\n|upkeep\n|turn|8\n|\n|t:|1781389440\n|move|p1a: Mesprit|Thunder Wave|p2a: Heatran\n|-status|p2a: Heatran|par\n|move|p2a: Heatran|Stealth Rock|p1a: Mesprit\n|-sidestart|p1: Arcangel666|move: Stealth Rock\n|\n|-heal|p1a: Mesprit|233/275|[from] item: Leftovers\n|-end|p2a: Heatran|move: Heal Block\n|upkeep\n|turn|9\n|\n|t:|1781389446\n|move|p1a: Mesprit|Psychic Noise|p2a: Heatran\n|-resisted|p2a: Heatran\n|-damage|p2a: Heatran|192/273 par\n|-start|p2a: Heatran|move: Heal Block\n|move|p2a: Heatran|Lava Plume|p1a: Mesprit\n|-damage|p1a: Mesprit|157/275\n|-status|p1a: Mesprit|brn\n|\n|-heal|p1a: Mesprit|174/275 brn|[from] item: Leftovers\n|-damage|p1a: Mesprit|157/275 brn|[from] brn\n|upkeep\n|turn|10\n|\n|t:|1781389453\n|move|p1a: Mesprit|Psychic Noise|p2a: Heatran\n|-resisted|p2a: Heatran\n|-damage|p2a: Heatran|154/273 par\n|move|p2a: Heatran|Lava Plume|p1a: Mesprit\n|-damage|p1a: Mesprit|79/275 brn\n|\n|-heal|p1a: Mesprit|96/275 brn|[from] item: Leftovers\n|-damage|p1a: Mesprit|79/275 brn|[from] brn\n|-end|p2a: Heatran|move: Heal Block\n|upkeep\n|turn|11\n|\n|t:|1781389460\n|move|p1a: Mesprit|Psychic Noise|p2a: Heatran\n|-resisted|p2a: Heatran\n|-damage|p2a: Heatran|115/273 par\n|-start|p2a: Heatran|move: Heal Block\n|move|p2a: Heatran|Lava Plume|p1a: Mesprit\n|-damage|p1a: Mesprit|1/275 brn\n|\n|-heal|p1a: Mesprit|18/275 brn|[from] item: Leftovers\n|-damage|p1a: Mesprit|1/275 brn|[from] brn\n|upkeep\n|turn|12\n|\n|t:|1781389469\n|switch|p2a: Zarude|Zarude-Dada, L77|288/288\n|-damage|p2a: Zarude|252/288|[from] Stealth Rock\n|move|p1a: Mesprit|Psychic Noise|p2a: Zarude\n|-immune|p2a: Zarude\n|\n|-heal|p1a: Mesprit|18/275 brn|[from] item: Leftovers\n|-damage|p1a: Mesprit|1/275 brn|[from] brn\n|upkeep\n|turn|13\n|\n|t:|1781389473\n|move|p2a: Zarude|U-turn|p1a: Mesprit\n|-supereffective|p1a: Mesprit\n|-damage|p1a: Mesprit|0 fnt\n|faint|p1a: Mesprit\n|\n|t:|1781389478\n|switch|p2a: Dodrio|Dodrio, L85, F|55/241 tox|[from] U-turn\n|-damage|p2a: Dodrio|0 fnt|[from] Stealth Rock\n|faint|p2a: Dodrio\n|\n|upkeep\n|c|\u2606Rambie Drascal|oop\n|\n|t:|1781389488\n|switch|p2a: Zarude|Zarude-Dada, L77|252/288\n|switch|p1a: Gliscor|Gliscor, L76, M|150/239 tox\n|-damage|p2a: Zarude|216/288|[from] Stealth Rock\n|-damage|p1a: Gliscor|121/239 tox|[from] Stealth Rock\n|turn|14\n|\n|t:|1781389492\n|move|p1a: Gliscor|Protect|p1a: Gliscor\n|-singleturn|p1a: Gliscor|Protect\n|move|p2a: Zarude|Power Whip|p1a: Gliscor\n|-activate|p1a: Gliscor|move: Protect\n|\n|-heal|p1a: Gliscor|150/239 tox|[from] ability: Poison Heal\n|upkeep\n|turn|15\n|\n|t:|1781389499\n|switch|p1a: Vespiquen|Vespiquen, L99, F|299/299\n|-ability|p1a: Vespiquen|Pressure\n|move|p2a: Zarude|Power Whip|p1a: Vespiquen\n|-resisted|p1a: Vespiquen\n|-damage|p1a: Vespiquen|262/299\n|\n|upkeep\n|turn|16\n|\n|t:|1781389503\n|switch|p2a: Heatran|Heatran, L79, M|115/273 par\n|-damage|p2a: Heatran|81/273 par|[from] Stealth Rock\n|move|p1a: Vespiquen|Spikes|p2a: Heatran\n|-sidestart|p2: Rambie Drascal|Spikes\n|\n|upkeep\n|turn|17\n|\n|t:|1781389508\n|move|p1a: Vespiquen|Spikes|p2a: Heatran\n|-sidestart|p2: Rambie Drascal|Spikes\n|move|p2a: Heatran|Lava Plume|p1a: Vespiquen\n|-supereffective|p1a: Vespiquen\n|-damage|p1a: Vespiquen|116/299\n|\n|upkeep\n|turn|18\n|\n|t:|1781389513\n|move|p1a: Vespiquen|Roost|p1a: Vespiquen\n|-heal|p1a: Vespiquen|266/299\n|-singleturn|p1a: Vespiquen|move: Roost\n|move|p2a: Heatran|Lava Plume|p1a: Vespiquen\n|-supereffective|p1a: Vespiquen\n|-damage|p1a: Vespiquen|114/299\n|\n|upkeep\n|turn|19\n|\n|t:|1781389521\n|move|p1a: Vespiquen|Spikes|p2a: Heatran\n|-sidestart|p2: Rambie Drascal|Spikes\n|move|p2a: Heatran|Lava Plume|p1a: Vespiquen\n|-supereffective|p1a: Vespiquen\n|-damage|p1a: Vespiquen|0 fnt\n|faint|p1a: Vespiquen\n|\n|upkeep\n|\n|t:|1781389525\n|switch|p1a: Gliscor|Gliscor, L76, M|150/239 tox\n|-damage|p1a: Gliscor|121/239 tox|[from] Stealth Rock\n|turn|20\n|\n|t:|1781389531\n|-terastallize|p2a: Heatran|Flying\n|move|p1a: Gliscor|Protect|p1a: Gliscor\n|-singleturn|p1a: Gliscor|Protect\n|move|p2a: Heatran|Lava Plume|p1a: Gliscor\n|-activate|p1a: Gliscor|move: Protect\n|\n|-heal|p1a: Gliscor|150/239 tox|[from] ability: Poison Heal\n|upkeep\n|turn|21\n|\n|t:|1781389537\n|switch|p1a: Regigigas|Regigigas, L84|322/322\n|-damage|p1a: Regigigas|282/322|[from] Stealth Rock\n|-start|p1a: Regigigas|ability: Slow Start\n|move|p2a: Heatran|Lava Plume|p1a: Regigigas\n|-damage|p1a: Regigigas|209/322\n|-status|p1a: Regigigas|brn\n|\n|-heal|p1a: Regigigas|229/322 brn|[from] item: Leftovers\n|-damage|p1a: Regigigas|209/322 brn|[from] brn\n|upkeep\n|turn|22\n|\n|t:|1781389546\n|switch|p2a: Zebstrika|Zebstrika, L87, M|127/272\n|-damage|p2a: Zebstrika|93/272|[from] Stealth Rock\n|-damage|p2a: Zebstrika|25/272|[from] Spikes\n|move|p1a: Regigigas|Rest|p1a: Regigigas\n|-status|p1a: Regigigas|slp|[from] move: Rest\n|-heal|p1a: Regigigas|322/322 slp|[silent]\n|\n|upkeep\n|turn|23\n|\n|t:|1781389551\n|move|p2a: Zebstrika|Supercell Slam|p1a: Regigigas\n|-damage|p1a: Regigigas|193/322 slp\n|-damage|p2a: Zebstrika|0 fnt|[from] item: Life Orb\n|faint|p2a: Zebstrika\n|cant|p1a: Regigigas|slp\n|move|p1a: Regigigas|Sleep Talk|p1a: Regigigas\n|move|p1a: Regigigas|Body Slam|p2: Zebstrika|[from] move: Sleep Talk|[notarget]\n|-fail|p1a: Regigigas\n|\n|-heal|p1a: Regigigas|213/322 slp|[from] item: Leftovers\n|upkeep\n|\n|t:|1781389565\n|switch|p2a: Zarude|Zarude-Dada, L77|216/288\n|-damage|p2a: Zarude|180/288|[from] Stealth Rock\n|-damage|p2a: Zarude|108/288|[from] Spikes\n|turn|24\n|\n|t:|1781389570\n|move|p2a: Zarude|Knock Off|p1a: Regigigas\n|-damage|p1a: Regigigas|95/322 slp\n|-enditem|p1a: Regigigas|Leftovers|[from] move: Knock Off|[of] p2a: Zarude\n|cant|p1a: Regigigas|slp\n|move|p1a: Regigigas|Sleep Talk|p1a: Regigigas\n|move|p1a: Regigigas|Rest||[from] move: Sleep Talk|[still]\n|-fail|p1a: Regigigas\n|\n|upkeep\n|turn|25\n|\n|t:|1781389575\n|move|p2a: Zarude|Knock Off|p1a: Regigigas\n|-damage|p1a: Regigigas|10/322 slp\n|-curestatus|p1a: Regigigas|slp|[msg]\n|move|p1a: Regigigas|Rest|p1a: Regigigas\n|-status|p1a: Regigigas|slp|[from] move: Rest\n|-heal|p1a: Regigigas|322/322 slp|[silent]\n|\n|upkeep\n|turn|26\n|\n|t:|1781389581\n|move|p2a: Zarude|Knock Off|p1a: Regigigas\n|-damage|p1a: Regigigas|237/322 slp\n|cant|p1a: Regigigas|slp\n|move|p1a: Regigigas|Sleep Talk|p1a: Regigigas\n|move|p1a: Regigigas|Rest||[from] move: Sleep Talk|[still]\n|-fail|p1a: Regigigas\n|\n|-end|p1a: Regigigas|Slow Start\n|upkeep\n|turn|27\n|\n|t:|1781389586\n|cant|p1a: Regigigas|slp\n|move|p1a: Regigigas|Sleep Talk|p1a: Regigigas\n|move|p1a: Regigigas|Rest||[from] move: Sleep Talk|[still]\n|-fail|p1a: Regigigas\n|move|p2a: Zarude|Knock Off|p1a: Regigigas\n|-damage|p1a: Regigigas|146/322 slp\n|\n|upkeep\n|turn|28\n|\n|t:|1781389592\n|switch|p2a: Heatran|Heatran, L79, M, tera:Flying|81/273 par\n|-damage|p2a: Heatran|13/273 par|[from] Stealth Rock\n|-curestatus|p1a: Regigigas|slp|[msg]\n|move|p1a: Regigigas|Body Slam|p2a: Heatran\n|-damage|p2a: Heatran|0 fnt\n|faint|p2a: Heatran\n|\n|upkeep\n|\n|t:|1781389597\n|switch|p2a: Zarude|Zarude-Dada, L77|108/288\n|-damage|p2a: Zarude|72/288|[from] Stealth Rock\n|-damage|p2a: Zarude|0 fnt|[from] Spikes\n|faint|p2a: Zarude\n|\n|t:|1781389603\n|switch|p2a: Alomomola|Alomomola, L87, M|429/429\n|turn|29\n|\n|t:|1781389607\n|move|p1a: Regigigas|Knock Off|p2a: Alomomola\n|-damage|p2a: Alomomola|327/429\n|-enditem|p2a: Alomomola|Heavy-Duty Boots|[from] move: Knock Off|[of] p1a: Regigigas\n|move|p2a: Alomomola|Scald|p1a: Regigigas\n|-damage|p1a: Regigigas|103/322\n|-status|p1a: Regigigas|brn\n|\n|-damage|p1a: Regigigas|83/322 brn|[from] brn\n|upkeep\n|turn|30\n|\n|t:|1781389614\n|move|p1a: Regigigas|Rest|p1a: Regigigas\n|-status|p1a: Regigigas|slp|[from] move: Rest\n|-heal|p1a: Regigigas|322/322 slp|[silent]\n|move|p2a: Alomomola|Scald|p1a: Regigigas\n|-damage|p1a: Regigigas|280/322 slp\n|\n|upkeep\n|turn|31\n|\n|t:|1781389617\n|cant|p1a: Regigigas|slp\n|move|p1a: Regigigas|Sleep Talk|p1a: Regigigas\n|move|p1a: Regigigas|Knock Off|p2a: Alomomola|[from] move: Sleep Talk\n|-damage|p2a: Alomomola|257/429\n|move|p2a: Alomomola|Scald|p1a: Regigigas\n|-damage|p1a: Regigigas|240/322 slp\n|\n|upkeep\n|turn|32\n|\n|t:|1781389625\n|cant|p1a: Regigigas|slp\n|move|p1a: Regigigas|Sleep Talk|p1a: Regigigas\n|move|p1a: Regigigas|Knock Off|p2a: Alomomola|[from] move: Sleep Talk\n|-damage|p2a: Alomomola|190/429\n|move|p2a: Alomomola|Scald|p1a: Regigigas\n|-damage|p1a: Regigigas|194/322 slp\n|\n|upkeep\n|turn|33\n|\n|t:|1781389632\n|-curestatus|p1a: Regigigas|slp|[msg]\n|move|p1a: Regigigas|Body Slam|p2a: Alomomola\n|-damage|p2a: Alomomola|45/429\n|-status|p2a: Alomomola|par\n|move|p2a: Alomomola|Wish|p2a: Alomomola\n|\n|upkeep\n|turn|34\n|\n|t:|1781389639\n|move|p2a: Alomomola|Protect|p2a: Alomomola\n|-singleturn|p2a: Alomomola|Protect\n|move|p1a: Regigigas|Body Slam|p2a: Alomomola\n|-activate|p2a: Alomomola|move: Protect\n|\n|-heal|p2a: Alomomola|259/429 par|[from] move: Wish|[wisher] Alomomola\n|upkeep\n|turn|35\n|\n|t:|1781389642\n|move|p1a: Regigigas|Body Slam|p2a: Alomomola\n|-damage|p2a: Alomomola|130/429 par\n|move|p2a: Alomomola|Wish|p2a: Alomomola\n|\n|upkeep\n|turn|36\n|\n|t:|1781389646\n|move|p2a: Alomomola|Protect|p2a: Alomomola\n|-singleturn|p2a: Alomomola|Protect\n|move|p1a: Regigigas|Body Slam|p2a: Alomomola\n|-activate|p2a: Alomomola|move: Protect\n|\n|-heal|p2a: Alomomola|344/429 par|[from] move: Wish|[wisher] Alomomola\n|upkeep\n|turn|37\n|\n|t:|1781389649\n|move|p1a: Regigigas|Body Slam|p2a: Alomomola\n|-damage|p2a: Alomomola|199/429 par\n|move|p2a: Alomomola|Wish|p2a: Alomomola\n|\n|upkeep\n|turn|38\n|\n|t:|1781389656\n|move|p1a: Regigigas|Body Slam|p2a: Alomomola\n|-damage|p2a: Alomomola|51/429 par\n|move|p2a: Alomomola|Scald|p1a: Regigigas\n|-damage|p1a: Regigigas|151/322\n|\n|-heal|p2a: Alomomola|265/429 par|[from] move: Wish|[wisher] Alomomola\n|upkeep\n|turn|39\n|\n|t:|1781389663\n|move|p1a: Regigigas|Body Slam|p2a: Alomomola\n|-damage|p2a: Alomomola|130/429 par\n|move|p2a: Alomomola|Wish|p2a: Alomomola\n|\n|upkeep\n|turn|40\n|\n|t:|1781389667\n|cant|p2a: Alomomola|par\n|move|p1a: Regigigas|Body Slam|p2a: Alomomola\n|-damage|p2a: Alomomola|0 fnt\n|faint|p2a: Alomomola\n|\n|upkeep\n|\n|t:|1781389669\n|switch|p2a: Delibird|Delibird, F|252/252\n|turn|41\n|\n|t:|1781389674\n|move|p1a: Regigigas|Body Slam|p2a: Delibird\n|-damage|p2a: Delibird|81/252\n|move|p2a: Delibird|Brave Bird|p1a: Regigigas|[miss]\n|-miss|p2a: Delibird|p1a: Regigigas\n|\n|upkeep\n|turn|42\n|-message|Rambie Drascal forfeited.\n|\n|win|Arcangel666\n", "uploadtime": 1781389376, "views": 3, "formatid": "gen9randombattle", "rating": null, "private": 0, "password": null}