{"id": "gen9randombattle-2632014591", "format": "[Gen 9] Random Battle", "players": ["dyfufy", "yhjet"], "log": "|j|\u2606dyfufy\n|j|\u2606yhjet\n|t:|1781466082\n|gametype|singles\n|player|p1|dyfufy|2|1000\n|player|p2|yhjet|lucas|1000\n|gen|9\n|tier|[Gen 9] Random Battle\n|rated|\n|rule|Species Clause: Limit one of each Pok\u00e9mon\n|rule|HP Percentage Mod: HP is shown in percentages\n|rule|Sleep Clause Mod: Limit one foe put to sleep\n|rule|Illusion Level Mod: Illusion disguises the Pok\u00e9mon's true level\n|\n|t:|1781466082\n|teamsize|p1|6\n|teamsize|p2|6\n|start\n|switch|p1a: Lumineon|Lumineon, L93, F|279/279\n|switch|p2a: Magcargo|Magcargo, L95, M|268/268\n|turn|1\n|\n|t:|1781466100\n|switch|p2a: Qwilfish|Qwilfish-Hisui, L83, F|244/244\n|-ability|p2a: Qwilfish|Intimidate|boost\n|-unboost|p1a: Lumineon|atk|1\n|move|p1a: Lumineon|Hydro Pump|p2a: Qwilfish|[miss]\n|-miss|p1a: Lumineon|p2a: Qwilfish\n|\n|upkeep\n|turn|2\n|\n|t:|1781466111\n|move|p1a: Lumineon|U-turn|p2a: Qwilfish\n|-damage|p2a: Qwilfish|223/244\n|\n|t:|1781466131\n|switch|p1a: Golduck|Golduck, L90, M|290/290|[from] U-turn\n|-ability|p1a: Golduck|Cloud Nine\n|move|p2a: Qwilfish|Spikes|p1a: Golduck\n|-sidestart|p1: dyfufy|Spikes\n|\n|upkeep\n|turn|3\n|\n|t:|1781466143\n|switch|p2a: Granbull|Granbull, L88, F|302/302\n|-ability|p2a: Granbull|Intimidate|boost\n|-unboost|p1a: Golduck|atk|1\n|move|p1a: Golduck|Encore||[still]\n|-fail|p1a: Golduck\n|\n|upkeep\n|turn|4\n|\n|t:|1781466158\n|move|p1a: Golduck|Hydro Pump|p2a: Granbull\n|-damage|p2a: Granbull|125/302\n|move|p2a: Granbull|Thunder Wave|p1a: Golduck\n|-status|p1a: Golduck|par\n|\n|-heal|p2a: Granbull|143/302|[from] item: Leftovers\n|upkeep\n|turn|5\n|\n|t:|1781466183\n|move|p2a: Granbull|Play Rough|p1a: Golduck\n|-damage|p1a: Golduck|166/290 par\n|move|p1a: Golduck|Hydro Pump|p2a: Granbull\n|-damage|p2a: Granbull|0 fnt\n|faint|p2a: Granbull\n|\n|-heal|p1a: Golduck|184/290 par|[from] item: Leftovers\n|upkeep\n|\n|t:|1781466190\n|switch|p2a: Raging Bolt|Raging Bolt, L78|323/323\n|turn|6\n|\n|t:|1781466223\n|switch|p1a: Slowking|Slowking-Galar, L85, F|300/300\n|-damage|p1a: Slowking|263/300|[from] Spikes\n|move|p2a: Raging Bolt|Calm Mind|p2a: Raging Bolt\n|-boost|p2a: Raging Bolt|spa|1\n|-boost|p2a: Raging Bolt|spd|1\n|\n|upkeep\n|turn|7\n|\n|t:|1781466244\n|-end|p2a: Raging Bolt|Protosynthesis|[silent]\n|switch|p2a: Qwilfish|Qwilfish-Hisui, L83, F|223/244\n|-ability|p2a: Qwilfish|Intimidate|boost\n|-unboost|p1a: Slowking|atk|1\n|move|p1a: Slowking|Psychic Noise|p2a: Qwilfish\n|-immune|p2a: Qwilfish\n|\n|upkeep\n|turn|8\n|\n|t:|1781466273\n|switch|p1a: Golduck|Golduck, L90, M|184/290 par\n|-damage|p1a: Golduck|148/290 par|[from] Spikes\n|-ability|p1a: Golduck|Cloud Nine\n|move|p2a: Qwilfish|Spikes|p1a: Golduck\n|-sidestart|p1: dyfufy|Spikes\n|\n|-heal|p1a: Golduck|166/290 par|[from] item: Leftovers\n|upkeep\n|turn|9\n|\n|t:|1781466284\n|move|p2a: Qwilfish|Crunch|p1a: Golduck\n|-damage|p1a: Golduck|76/290 par\n|move|p1a: Golduck|Encore|p2a: Qwilfish\n|-start|p2a: Qwilfish|Encore\n|\n|-heal|p1a: Golduck|94/290 par|[from] item: Leftovers\n|upkeep\n|turn|10\n|\n|t:|1781466294\n|move|p2a: Qwilfish|Crunch|p1a: Golduck\n|-damage|p1a: Golduck|16/290 par\n|cant|p1a: Golduck|par\n|\n|-heal|p1a: Golduck|34/290 par|[from] item: Leftovers\n|upkeep\n|turn|11\n|\n|t:|1781466302\n|move|p2a: Qwilfish|Crunch|p1a: Golduck\n|-damage|p1a: Golduck|0 fnt\n|faint|p1a: Golduck\n|\n|upkeep\n|\n|t:|1781466311\n|switch|p1a: Virizion|Virizion, L82|283/283\n|-damage|p1a: Virizion|236/283|[from] Spikes\n|turn|12\n|\n|t:|1781466326\n|switch|p2a: Arceus|Arceus-Fighting, L70|284/284\n|move|p1a: Virizion|Close Combat|p2a: Arceus\n|-crit|p2a: Arceus\n|-damage|p2a: Arceus|85/284\n|-unboost|p1a: Virizion|def|1\n|-unboost|p1a: Virizion|spd|1\n|-damage|p1a: Virizion|208/283|[from] item: Life Orb\n|\n|upkeep\n|turn|13\n|\n|t:|1781466336\n|switch|p2a: Qwilfish|Qwilfish-Hisui, L83, F|223/244\n|-ability|p2a: Qwilfish|Intimidate|boost\n|-unboost|p1a: Virizion|atk|1\n|move|p1a: Virizion|Close Combat|p2a: Qwilfish\n|-damage|p2a: Qwilfish|152/244\n|-unboost|p1a: Virizion|def|1\n|-unboost|p1a: Virizion|spd|1\n|-damage|p1a: Virizion|180/283|[from] item: Life Orb\n|\n|upkeep\n|turn|14\n|\n|t:|1781466361\n|switch|p1a: Slowking|Slowking-Galar, L85, F|300/300\n|-damage|p1a: Slowking|250/300|[from] Spikes\n|move|p2a: Qwilfish|Gunk Shot|p1a: Slowking\n|-resisted|p1a: Slowking\n|-damage|p1a: Slowking|187/300\n|\n|upkeep\n|turn|15\n|\n|t:|1781466385\n|switch|p1a: Lumineon|Lumineon, L93, F|279/279\n|move|p2a: Qwilfish|Taunt|p1a: Lumineon\n|-start|p1a: Lumineon|move: Taunt\n|\n|upkeep\n|turn|16\n|\n|t:|1781466407\n|move|p1a: Lumineon|Hydro Pump|p2a: Qwilfish\n|-damage|p2a: Qwilfish|38/244\n|move|p2a: Qwilfish|Gunk Shot|p1a: Lumineon\n|-damage|p1a: Lumineon|144/279\n|\n|upkeep\n|turn|17\n|\n|t:|1781466415\n|move|p1a: Lumineon|U-turn|p2a: Qwilfish\n|-damage|p2a: Qwilfish|4/244\n|\n|t:|1781466420\n|switch|p1a: Slowking|Slowking-Galar, L85, F|287/300|[from] U-turn\n|-damage|p1a: Slowking|237/300|[from] Spikes\n|move|p2a: Qwilfish|Gunk Shot|p1a: Slowking\n|-resisted|p1a: Slowking\n|-damage|p1a: Slowking|171/300\n|\n|upkeep\n|turn|18\n|\n|t:|1781466437\n|switch|p1a: Lumineon|Lumineon, L93, F|144/279\n|move|p2a: Qwilfish|Crunch|p1a: Lumineon\n|-damage|p1a: Lumineon|65/279\n|\n|upkeep\n|turn|19\n|\n|t:|1781466447\n|switch|p2a: Raging Bolt|Raging Bolt, L78|323/323\n|move|p1a: Lumineon|Ice Beam|p2a: Raging Bolt\n|-supereffective|p2a: Raging Bolt\n|-damage|p2a: Raging Bolt|193/323\n|\n|-heal|p2a: Raging Bolt|213/323|[from] item: Leftovers\n|upkeep\n|turn|20\n|\n|t:|1781466458\n|move|p1a: Lumineon|U-turn|p2a: Raging Bolt\n|-damage|p2a: Raging Bolt|165/323\n|\n|t:|1781466466\n|switch|p1a: Slowking|Slowking-Galar, L85, F|271/300|[from] U-turn\n|-damage|p1a: Slowking|221/300|[from] Spikes\n|move|p2a: Raging Bolt|Thunderbolt|p1a: Slowking\n|-damage|p1a: Slowking|164/300\n|\n|-heal|p2a: Raging Bolt|185/323|[from] item: Leftovers\n|upkeep\n|turn|21\n|\n|t:|1781466478\n|move|p2a: Raging Bolt|Calm Mind|p2a: Raging Bolt\n|-boost|p2a: Raging Bolt|spa|1\n|-boost|p2a: Raging Bolt|spd|1\n|move|p1a: Slowking|Psychic Noise|p2a: Raging Bolt\n|-damage|p2a: Raging Bolt|124/323\n|-start|p2a: Raging Bolt|move: Heal Block\n|\n|upkeep\n|turn|22\n|\n|t:|1781466489\n|move|p2a: Raging Bolt|Thunderbolt|p1a: Slowking\n|-damage|p1a: Slowking|68/300\n|move|p1a: Slowking|Future Sight|p2a: Raging Bolt\n|-start|p1a: Slowking|move: Future Sight\n|\n|-end|p2a: Raging Bolt|move: Heal Block\n|upkeep\n|turn|23\n|\n|t:|1781466509\n|switch|p1a: Virizion|Virizion, L82|180/283\n|-damage|p1a: Virizion|133/283|[from] Spikes\n|move|p2a: Raging Bolt|Thunderbolt|p1a: Virizion\n|-resisted|p1a: Virizion\n|-damage|p1a: Virizion|67/283\n|\n|-heal|p2a: Raging Bolt|144/323|[from] item: Leftovers\n|upkeep\n|turn|24\n|\n|t:|1781466521\n|-end|p2a: Raging Bolt|Protosynthesis|[silent]\n|switch|p2a: Qwilfish|Qwilfish-Hisui, L83, F|4/244\n|-ability|p2a: Qwilfish|Intimidate|boost\n|-unboost|p1a: Virizion|atk|1\n|move|p1a: Virizion|Close Combat|p2a: Qwilfish\n|-damage|p2a: Qwilfish|0 fnt\n|-unboost|p1a: Virizion|def|1\n|-unboost|p1a: Virizion|spd|1\n|faint|p2a: Qwilfish\n|-damage|p1a: Virizion|39/283|[from] item: Life Orb\n|\n|-hint|Future Sight did not hit because the target is fainted.\n|upkeep\n|\n|t:|1781466529\n|switch|p2a: Magcargo|Magcargo, L95, M|268/268\n|turn|25\n|\n|t:|1781466541\n|move|p1a: Virizion|Stone Edge|p2a: Magcargo\n|-supereffective|p2a: Magcargo\n|-damage|p2a: Magcargo|185/268\n|-ability|p2a: Magcargo|Weak Armor|boost\n|-unboost|p2a: Magcargo|def|1\n|-boost|p2a: Magcargo|spe|2\n|-damage|p1a: Virizion|11/283|[from] item: Life Orb\n|move|p2a: Magcargo|Shell Smash|p2a: Magcargo\n|-unboost|p2a: Magcargo|def|1\n|-unboost|p2a: Magcargo|spd|1\n|-boost|p2a: Magcargo|atk|2\n|-boost|p2a: Magcargo|spa|2\n|-boost|p2a: Magcargo|spe|2\n|\n|upkeep\n|turn|26\n|\n|t:|1781466556\n|move|p2a: Magcargo|Power Gem|p1a: Virizion\n|-resisted|p1a: Virizion\n|-damage|p1a: Virizion|0 fnt\n|faint|p1a: Virizion\n|\n|upkeep\n|\n|t:|1781466581\n|switch|p1a: Froslass|Froslass, L87, F|263/263\n|-damage|p1a: Froslass|220/263|[from] Spikes\n|turn|27\n|\n|t:|1781466595\n|move|p2a: Magcargo|Power Gem|p1a: Froslass\n|-supereffective|p1a: Froslass\n|-damage|p1a: Froslass|0 fnt\n|-start|p2a: Magcargo|Disable|Power Gem|[from] ability: Cursed Body|[of] p1a: Froslass\n|faint|p1a: Froslass\n|\n|upkeep\n|\n|t:|1781466608\n|switch|p1a: Lumineon|Lumineon, L93, F|65/279\n|turn|28\n|\n|t:|1781466613\n|move|p2a: Magcargo|Earth Power|p1a: Lumineon\n|-damage|p1a: Lumineon|0 fnt\n|faint|p1a: Lumineon\n|\n|upkeep\n|\n|t:|1781466623\n|switch|p1a: Slowking|Slowking-Galar, L85, F|168/300\n|-damage|p1a: Slowking|118/300|[from] Spikes\n|turn|29\n|\n|t:|1781466630\n|move|p2a: Magcargo|Earth Power|p1a: Slowking\n|-supereffective|p1a: Slowking\n|-damage|p1a: Slowking|0 fnt\n|faint|p1a: Slowking\n|\n|upkeep\n|\n|t:|1781466635\n|switch|p1a: Venomoth|Venomoth, L84, F|255/255\n|turn|30\n|\n|t:|1781466639\n|move|p2a: Magcargo|Fire Blast|p1a: Venomoth\n|-supereffective|p1a: Venomoth\n|-damage|p1a: Venomoth|0 fnt\n|faint|p1a: Venomoth\n|\n|win|yhjet\n|raw|dyfufy's rating: 1000 &rarr; <strong>1000</strong><br />(+0 for losing)\n|raw|yhjet's rating: 1000 &rarr; <strong>1040</strong><br />(+40 for winning)\n", "uploadtime": 1781466641, "views": 3, "formatid": "gen9randombattle", "rating": 1000, "private": 0, "password": null}