{"id": "gen9randombattle-2632006697", "format": "[Gen 9] Random Battle", "players": ["EnthusiastAmateur", "Chakraisgae"], "log": "|j|\u2606EnthusiastAmateur\n|j|\u2606Chakraisgae\n|t:|1781465222\n|gametype|singles\n|player|p1|EnthusiastAmateur|265|2138\n|player|p2|Chakraisgae|2|2151\n|gen|9\n|tier|[Gen 9] Random Battle\n|rated|\n|rule|Species Clause: Limit one of each Pok\u00e9mon\n|rule|HP Percentage Mod: HP is shown in percentages\n|rule|Sleep Clause Mod: Limit one foe put to sleep\n|rule|Illusion Level Mod: Illusion disguises the Pok\u00e9mon's true level\n|\n|t:|1781465222\n|teamsize|p1|6\n|teamsize|p2|6\n|start\n|switch|p1a: Roaring Moon|Roaring Moon, L72|270/270\n|switch|p2a: Brambleghast|Brambleghast, L88, M|240/240\n|turn|1\n|inactive|Battle timer is ON: inactive players will automatically lose when time's up. (requested by EnthusiastAmateur)\n|\n|t:|1781465247\n|switch|p2a: Clefable|Clefable, L83, M|293/293\n|move|p1a: Roaring Moon|Knock Off|p2a: Clefable\n|-resisted|p2a: Clefable\n|-damage|p2a: Clefable|234/293\n|-enditem|p2a: Clefable|Life Orb|[from] move: Knock Off|[of] p1a: Roaring Moon\n|\n|upkeep\n|turn|2\n|\n|t:|1781465271\n|move|p1a: Roaring Moon|Iron Head|p2a: Clefable\n|-supereffective|p2a: Clefable\n|-damage|p2a: Clefable|112/293\n|cant|p2a: Clefable|flinch\n|\n|upkeep\n|turn|3\n|l|\u2606Chakraisgae\n|inactive|Chakraisgae disconnected and has a minute to reconnect!\n|player|p2|\n|inactive|Chakraisgae has 30 seconds to reconnect!\n|j|\u2606Chakraisgae\n|inactive|Chakraisgae reconnected and has 90 seconds left.\n|player|p2|Chakraisgae|2|\n|inactive|EnthusiastAmateur has 120 seconds left.\n|\n|t:|1781465351\n|-end|p1a: Roaring Moon|Protosynthesis|[silent]\n|switch|p1a: Trevenant|Trevenant, L89, F|296/296\n|switch|p2a: Scyther|Scyther, L82, M|249/249\n|\n|upkeep\n|turn|4\n|inactive|EnthusiastAmateur has 120 seconds left.\n|\n|t:|1781465365\n|move|p2a: Scyther|Swords Dance|p2a: Scyther\n|-boost|p2a: Scyther|atk|2\n|move|p1a: Trevenant|Will-O-Wisp|p2a: Scyther\n|-status|p2a: Scyther|brn\n|\n|-damage|p2a: Scyther|234/249 brn|[from] brn\n|upkeep\n|turn|5\n|inactive|EnthusiastAmateur has 120 seconds left.\n|\n|t:|1781465376\n|switch|p1a: Tauros|Tauros, L82, M|257/257\n|move|p2a: Scyther|Dual Wingbeat|p1a: Tauros\n|-damage|p1a: Tauros|198/257\n|-damage|p1a: Tauros|137/257\n|-hitcount|p1a: Tauros|2\n|\n|-damage|p2a: Scyther|219/249 brn|[from] brn\n|upkeep\n|turn|6\n|inactive|EnthusiastAmateur has 120 seconds left.\n|\n|t:|1781465390\n|move|p1a: Tauros|Body Slam|p2a: Scyther\n|-damage|p2a: Scyther|55/249 brn\n|move|p2a: Scyther|Close Combat|p1a: Tauros\n|-supereffective|p1a: Tauros\n|-damage|p1a: Tauros|0 fnt\n|-unboost|p2a: Scyther|def|1\n|-unboost|p2a: Scyther|spd|1\n|faint|p1a: Tauros\n|\n|-damage|p2a: Scyther|40/249 brn|[from] brn\n|upkeep\n|inactive|EnthusiastAmateur has 120 seconds left.\n|\n|t:|1781465414\n|switch|p1a: Flutter Mane|Flutter Mane, L74|203/203\n|turn|7\n|inactive|Chakraisgae has 90 seconds left.\n|\n|t:|1781465424\n|move|p1a: Flutter Mane|Shadow Ball|p2a: Scyther\n|-damage|p2a: Scyther|0 fnt\n|faint|p2a: Scyther\n|\n|upkeep\n|\n|t:|1781465428\n|switch|p2a: Dudunsparce|Dudunsparce, L83, F|343/343\n|turn|8\n|inactive|EnthusiastAmateur has 120 seconds left.\n|\n|t:|1781465433\n|-end|p1a: Flutter Mane|Protosynthesis|[silent]\n|switch|p1a: Trevenant|Trevenant, L89, F|296/296\n|move|p2a: Dudunsparce|Calm Mind|p2a: Dudunsparce\n|-boost|p2a: Dudunsparce|spa|1\n|-boost|p2a: Dudunsparce|spd|1\n|\n|upkeep\n|turn|9\n|\n|t:|1781465439\n|move|p1a: Trevenant|Will-O-Wisp|p2a: Dudunsparce|[miss]\n|-miss|p1a: Trevenant|p2a: Dudunsparce\n|move|p2a: Dudunsparce|Shadow Ball|p1a: Trevenant\n|-supereffective|p1a: Trevenant\n|-damage|p1a: Trevenant|134/296\n|-unboost|p1a: Trevenant|spd|1\n|\n|upkeep\n|turn|10\n|\n|t:|1781465448\n|move|p1a: Trevenant|Drain Punch|p2a: Dudunsparce\n|-supereffective|p2a: Dudunsparce\n|-damage|p2a: Dudunsparce|153/343\n|-heal|p1a: Trevenant|229/296|[from] drain|[of] p2a: Dudunsparce\n|-damage|p1a: Trevenant|200/296|[from] item: Life Orb\n|move|p2a: Dudunsparce|Shadow Ball|p1a: Trevenant\n|-supereffective|p1a: Trevenant\n|-damage|p1a: Trevenant|0 fnt\n|faint|p1a: Trevenant\n|\n|-heal|p2a: Dudunsparce|174/343|[from] item: Leftovers\n|upkeep\n|\n|t:|1781465461\n|switch|p1a: Flutter Mane|Flutter Mane, L74|203/203\n|turn|11\n|\n|t:|1781465466\n|move|p1a: Flutter Mane|Moonblast|p2a: Dudunsparce\n|-damage|p2a: Dudunsparce|50/343\n|-unboost|p2a: Dudunsparce|spa|1\n|move|p2a: Dudunsparce|Roost|p2a: Dudunsparce\n|-heal|p2a: Dudunsparce|222/343\n|-singleturn|p2a: Dudunsparce|move: Roost\n|\n|-heal|p2a: Dudunsparce|243/343|[from] item: Leftovers\n|upkeep\n|turn|12\n|\n|t:|1781465474\n|-end|p1a: Flutter Mane|Protosynthesis|[silent]\n|switch|p1a: Roaring Moon|Roaring Moon, L72|270/270\n|move|p2a: Dudunsparce|Calm Mind|p2a: Dudunsparce\n|-boost|p2a: Dudunsparce|spa|1\n|-boost|p2a: Dudunsparce|spd|1\n|\n|-heal|p2a: Dudunsparce|264/343|[from] item: Leftovers\n|upkeep\n|turn|13\n|\n|t:|1781465486\n|move|p1a: Roaring Moon|Knock Off|p2a: Dudunsparce\n|-damage|p2a: Dudunsparce|161/343\n|-ability|p2a: Dudunsparce|Rattled|boost\n|-boost|p2a: Dudunsparce|spe|1\n|-enditem|p2a: Dudunsparce|Leftovers|[from] move: Knock Off|[of] p1a: Roaring Moon\n|move|p2a: Dudunsparce|Boomburst|p1a: Roaring Moon\n|-damage|p1a: Roaring Moon|45/270\n|\n|upkeep\n|turn|14\n|\n|t:|1781465502\n|move|p1a: Roaring Moon|Iron Head|p2a: Dudunsparce\n|-damage|p2a: Dudunsparce|100/343\n|move|p2a: Dudunsparce|Roost|p2a: Dudunsparce\n|-heal|p2a: Dudunsparce|272/343\n|-singleturn|p2a: Dudunsparce|move: Roost\n|\n|upkeep\n|turn|15\n|\n|t:|1781465512\n|move|p1a: Roaring Moon|Outrage|p2a: Dudunsparce\n|-crit|p2a: Dudunsparce\n|-damage|p2a: Dudunsparce|59/343\n|move|p2a: Dudunsparce|Shadow Ball|p1a: Roaring Moon\n|-resisted|p1a: Roaring Moon\n|-damage|p1a: Roaring Moon|5/270\n|\n|upkeep\n|turn|16\n|\n|t:|1781465519\n|move|p1a: Roaring Moon|Outrage|p2a: Dudunsparce|[from] lockedmove\n|-crit|p2a: Dudunsparce\n|-damage|p2a: Dudunsparce|0 fnt\n|faint|p2a: Dudunsparce\n|\n|upkeep\n|\n|t:|1781465524\n|switch|p2a: Clefable|Clefable, L83, M|112/293\n|turn|17\n|\n|t:|1781465532\n|move|p1a: Roaring Moon|Outrage|p2a: Clefable|[from] lockedmove\n|-immune|p2a: Clefable\n|-start|p1a: Roaring Moon|confusion|[fatigue]\n|-enditem|p1a: Roaring Moon|Lum Berry|[eat]\n|-end|p1a: Roaring Moon|confusion\n|move|p2a: Clefable|Moonlight|p2a: Clefable\n|-heal|p2a: Clefable|258/293\n|\n|upkeep\n|turn|18\n|\n|t:|1781465541\n|move|p1a: Roaring Moon|Iron Head|p2a: Clefable\n|-supereffective|p2a: Clefable\n|-damage|p2a: Clefable|128/293\n|move|p2a: Clefable|Thunder Wave|p1a: Roaring Moon\n|-status|p1a: Roaring Moon|par\n|\n|upkeep\n|turn|19\n|\n|t:|1781465549\n|move|p2a: Clefable|Moonlight|p2a: Clefable\n|-heal|p2a: Clefable|274/293\n|move|p1a: Roaring Moon|Iron Head|p2a: Clefable\n|-supereffective|p2a: Clefable\n|-damage|p2a: Clefable|144/293\n|\n|upkeep\n|turn|20\n|\n|t:|1781465569\n|move|p2a: Clefable|Moonblast|p1a: Roaring Moon\n|-supereffective|p1a: Roaring Moon\n|-damage|p1a: Roaring Moon|0 fnt\n|faint|p1a: Roaring Moon\n|-end|p1a: Roaring Moon|Protosynthesis|[silent]\n|\n|upkeep\n|\n|t:|1781465573\n|switch|p1a: Flutter Mane|Flutter Mane, L74|203/203\n|turn|21\n|\n|t:|1781465590\n|move|p1a: Flutter Mane|Moonblast|p2a: Clefable\n|-damage|p2a: Clefable|2/293\n|-unboost|p2a: Clefable|spa|1\n|move|p2a: Clefable|Thunder Wave|p1a: Flutter Mane\n|-status|p1a: Flutter Mane|par\n|\n|upkeep\n|turn|22\n|\n|t:|1781465596\n|move|p2a: Clefable|Moonblast|p1a: Flutter Mane\n|-damage|p1a: Flutter Mane|146/203 par\n|-unboost|p1a: Flutter Mane|spa|1\n|move|p1a: Flutter Mane|Moonblast|p2a: Clefable\n|-damage|p2a: Clefable|0 fnt\n|faint|p2a: Clefable\n|\n|upkeep\n|\n|t:|1781465599\n|switch|p2a: Magnezone|Magnezone, L85|258/258\n|turn|23\n|inactive|EnthusiastAmateur has 120 seconds left.\n|\n|t:|1781465646\n|-end|p1a: Flutter Mane|Protosynthesis|[silent]\n|switch|p1a: Abomasnow|Abomasnow, L84, F|287/287\n|-weather|Snowscape|[from] ability: Snow Warning|[of] p1a: Abomasnow\n|move|p2a: Magnezone|Flash Cannon|p1a: Abomasnow\n|-supereffective|p1a: Abomasnow\n|-damage|p1a: Abomasnow|65/287\n|\n|-weather|Snowscape|[upkeep]\n|upkeep\n|turn|24\n|\n|t:|1781465652\n|move|p2a: Magnezone|Flash Cannon|p1a: Abomasnow\n|-supereffective|p1a: Abomasnow\n|-damage|p1a: Abomasnow|0 fnt\n|faint|p1a: Abomasnow\n|\n|-weather|Snowscape|[upkeep]\n|upkeep\n|\n|t:|1781465655\n|switch|p1a: Malamar|Malamar, L82, F|275/275\n|turn|25\n|\n|t:|1781465660\n|move|p1a: Malamar|Superpower|p2a: Magnezone\n|-supereffective|p2a: Magnezone\n|-damage|p2a: Magnezone|134/258\n|-boost|p1a: Malamar|atk|1\n|-boost|p1a: Malamar|def|1\n|move|p2a: Magnezone|Volt Switch|p1a: Malamar\n|-damage|p1a: Malamar|157/275\n|\n|t:|1781465669\n|switch|p2a: Zebstrika|Zebstrika, L87, F|272/272|[from] Volt Switch\n|\n|-weather|Snowscape|[upkeep]\n|-heal|p1a: Malamar|174/275|[from] item: Leftovers\n|upkeep\n|turn|26\n|\n|t:|1781465677\n|move|p2a: Zebstrika|Volt Switch|p1a: Malamar\n|-damage|p1a: Malamar|73/275\n|-damage|p2a: Zebstrika|245/272|[from] item: Life Orb\n|\n|t:|1781465679\n|switch|p2a: Brambleghast|Brambleghast, L88, M|240/240|[from] Volt Switch\n|move|p1a: Malamar|Superpower|p2a: Brambleghast\n|-immune|p2a: Brambleghast\n|\n|-weather|Snowscape|[upkeep]\n|-heal|p1a: Malamar|90/275|[from] item: Leftovers\n|upkeep\n|turn|27\n|\n|t:|1781465686\n|move|p2a: Brambleghast|Poltergeist|p1a: Malamar|[miss]\n|-miss|p2a: Brambleghast|p1a: Malamar\n|move|p1a: Malamar|Rest|p1a: Malamar\n|-status|p1a: Malamar|slp|[from] move: Rest\n|-heal|p1a: Malamar|275/275 slp|[silent]\n|\n|-weather|none\n|upkeep\n|turn|28\n|\n|t:|1781465696\n|move|p2a: Brambleghast|Poltergeist|p1a: Malamar\n|-activate|p1a: Malamar|move: Poltergeist|Leftovers\n|-damage|p1a: Malamar|173/275 slp\n|cant|p1a: Malamar|slp\n|move|p1a: Malamar|Sleep Talk|p1a: Malamar\n|move|p1a: Malamar|Superpower|p2a: Brambleghast|[from] move: Sleep Talk\n|-immune|p2a: Brambleghast\n|\n|-heal|p1a: Malamar|190/275 slp|[from] item: Leftovers\n|upkeep\n|turn|29\n|\n|t:|1781465708\n|move|p2a: Brambleghast|Power Whip|p1a: Malamar\n|-damage|p1a: Malamar|81/275 slp\n|cant|p1a: Malamar|slp\n|move|p1a: Malamar|Sleep Talk|p1a: Malamar\n|move|p1a: Malamar|Rest||[from] move: Sleep Talk|[still]\n|-fail|p1a: Malamar\n|\n|-heal|p1a: Malamar|98/275 slp|[from] item: Leftovers\n|upkeep\n|turn|30\n|\n|t:|1781465718\n|move|p2a: Brambleghast|Power Whip|p1a: Malamar\n|-damage|p1a: Malamar|0 fnt\n|faint|p1a: Malamar\n|\n|upkeep\n|\n|t:|1781465721\n|switch|p1a: Flutter Mane|Flutter Mane, L74|146/203 par\n|turn|31\n|\n|t:|1781465728\n|-terastallize|p2a: Brambleghast|Steel\n|move|p2a: Brambleghast|Poltergeist|p1a: Flutter Mane\n|-activate|p1a: Flutter Mane|move: Poltergeist|Choice Specs\n|-supereffective|p1a: Flutter Mane\n|-damage|p1a: Flutter Mane|0 fnt\n|faint|p1a: Flutter Mane\n|-end|p1a: Flutter Mane|Protosynthesis|[silent]\n|\n|win|Chakraisgae\n", "uploadtime": 1781465223, "views": 5, "formatid": "gen9randombattle", "rating": null, "private": 0, "password": null}