{"id": "gen9randombattle-2631724213", "format": "[Gen 9] Random Battle", "players": ["Davide070701", "AssaultLei"], "log": "|j|\u2606Davide070701\n|j|\u2606AssaultLei\n|t:|1781428947\n|gametype|singles\n|player|p1|Davide070701|170|1955\n|player|p2|AssaultLei|pokemonranger-gen4|1957\n|gen|9\n|tier|[Gen 9] Random Battle\n|rated|\n|rule|Species Clause: Limit one of each Pok\u00e9mon\n|rule|HP Percentage Mod: HP is shown in percentages\n|rule|Sleep Clause Mod: Limit one foe put to sleep\n|rule|Illusion Level Mod: Illusion disguises the Pok\u00e9mon's true level\n|\n|t:|1781428947\n|teamsize|p1|6\n|teamsize|p2|6\n|start\n|switch|p1a: Volcarona|Volcarona, L77, F|257/257\n|switch|p2a: Gogoat|Gogoat, L88, M|360/360\n|turn|1\n|inactive|Battle timer is ON: inactive players will automatically lose when time's up. (requested by Davide070701)\n|\n|t:|1781428987\n|switch|p2a: Skuntank|Skuntank, L84, F|310/310\n|move|p1a: Volcarona|Fiery Dance|p2a: Skuntank\n|-damage|p2a: Skuntank|199/310\n|-boost|p1a: Volcarona|spa|1\n|\n|-heal|p2a: Skuntank|218/310|[from] item: Leftovers\n|upkeep\n|turn|2\n|\n|t:|1781428998\n|move|p1a: Volcarona|Fiery Dance|p2a: Skuntank\n|-damage|p2a: Skuntank|41/310\n|-boost|p1a: Volcarona|spa|1\n|move|p2a: Skuntank|Gunk Shot|p1a: Volcarona\n|-damage|p1a: Volcarona|100/257\n|\n|-heal|p2a: Skuntank|60/310|[from] item: Leftovers\n|upkeep\n|turn|3\n|\n|t:|1781429009\n|move|p1a: Volcarona|Quiver Dance|p1a: Volcarona\n|-boost|p1a: Volcarona|spa|1\n|-boost|p1a: Volcarona|spd|1\n|-boost|p1a: Volcarona|spe|1\n|move|p2a: Skuntank|Toxic Spikes|p1a: Volcarona\n|-sidestart|p1: Davide070701|move: Toxic Spikes\n|\n|-heal|p2a: Skuntank|79/310|[from] item: Leftovers\n|upkeep\n|turn|4\n|\n|t:|1781429016\n|move|p1a: Volcarona|Fiery Dance|p2a: Skuntank\n|-damage|p2a: Skuntank|0 fnt\n|faint|p2a: Skuntank\n|\n|upkeep\n|\n|t:|1781429037\n|switch|p2a: Miraidon|Miraidon, L65|238/238\n|-fieldstart|move: Electric Terrain|[from] ability: Hadron Engine|[of] p2a: Miraidon\n|turn|5\n|\n|t:|1781429048\n|-terastallize|p1a: Volcarona|Ground\n|move|p1a: Volcarona|Tera Blast|p2a: Miraidon|[anim] Tera Blast Ground\n|-supereffective|p2a: Miraidon\n|-damage|p2a: Miraidon|0 fnt\n|faint|p2a: Miraidon\n|\n|upkeep\n|inactive|AssaultLei has 120 seconds left.\n|\n|t:|1781429075\n|switch|p2a: Passimian|Passimian, L83, F|302/302\n|turn|6\n|\n|t:|1781429082\n|move|p1a: Volcarona|Tera Blast|p2a: Passimian|[anim] Tera Blast Ground\n|-damage|p2a: Passimian|0 fnt\n|faint|p2a: Passimian\n|\n|upkeep\n|inactive|AssaultLei has 120 seconds left.\n|\n|t:|1781429089\n|switch|p2a: Gogoat|Gogoat, L88, M|360/360\n|turn|7\n|\n|t:|1781429092\n|move|p1a: Volcarona|Fiery Dance|p2a: Gogoat\n|-supereffective|p2a: Gogoat\n|-damage|p2a: Gogoat|0 fnt\n|faint|p2a: Gogoat\n|\n|upkeep\n|-message|AssaultLei forfeited.\n|\n|win|Davide070701\n", "uploadtime": 1781428948, "views": 3, "formatid": "gen9randombattle", "rating": null, "private": 0, "password": null}