{"id": "gen9randombattle-2631607874", "format": "[Gen 9] Random Battle", "players": ["Bigoleg", "Tutudile"], "log": "|j|\u2606Bigoleg\n|j|\u2606Tutudile\n|t:|1781408094\n|gametype|singles\n|player|p1|Bigoleg|169|2043\n|player|p2|Tutudile|red|2186\n|gen|9\n|tier|[Gen 9] Random Battle\n|rated|\n|rule|Species Clause: Limit one of each Pok\u00e9mon\n|rule|HP Percentage Mod: HP is shown in percentages\n|rule|Sleep Clause Mod: Limit one foe put to sleep\n|rule|Illusion Level Mod: Illusion disguises the Pok\u00e9mon's true level\n|\n|t:|1781408094\n|teamsize|p1|6\n|teamsize|p2|6\n|start\n|switch|p1a: Pecharunt|Pecharunt, L77|262/262\n|switch|p2a: Cinccino|Cinccino, L83, M|260/260\n|turn|1\n|\n|t:|1781408109\n|switch|p2a: Perrserker|Perrserker, L89, M|269/269\n|move|p1a: Pecharunt|Malignant Chain|p2a: Perrserker\n|-immune|p2a: Perrserker\n|\n|upkeep\n|turn|2\n|inactive|Battle timer is ON: inactive players will automatically lose when time's up. (requested by Tutudile)\n|\n|t:|1781408116\n|move|p1a: Pecharunt|Parting Shot|p2a: Perrserker\n|-unboost|p2a: Perrserker|atk|1\n|-unboost|p2a: Perrserker|spa|1\n|\n|t:|1781408118\n|switch|p1a: Tauros|Tauros-Paldea-Blaze, L81, M|252/252|[from] Parting Shot\n|move|p2a: Perrserker|Knock Off|p1a: Tauros\n|-resisted|p1a: Tauros\n|-damage|p1a: Tauros|208/252\n|-enditem|p1a: Tauros|Sitrus Berry|[from] move: Knock Off|[of] p2a: Perrserker\n|-damage|p2a: Perrserker|243/269|[from] item: Life Orb\n|\n|upkeep\n|turn|3\n|\n|t:|1781408136\n|switch|p2a: Kingdra|Kingdra, L84, F|263/263\n|move|p1a: Tauros|Bulk Up|p1a: Tauros\n|-boost|p1a: Tauros|atk|1\n|-boost|p1a: Tauros|def|1\n|\n|upkeep\n|turn|4\n|\n|t:|1781408145\n|move|p1a: Tauros|Substitute|p1a: Tauros\n|-start|p1a: Tauros|Substitute\n|-damage|p1a: Tauros|145/252\n|move|p2a: Kingdra|Dragon Dance|p2a: Kingdra\n|-boost|p2a: Kingdra|atk|1\n|-boost|p2a: Kingdra|spe|1\n|\n|upkeep\n|turn|5\n|\n|t:|1781408152\n|move|p2a: Kingdra|Waterfall|p1a: Tauros\n|-supereffective|p1a: Tauros\n|-end|p1a: Tauros|Substitute\n|move|p1a: Tauros|Bulk Up|p1a: Tauros\n|-boost|p1a: Tauros|atk|1\n|-boost|p1a: Tauros|def|1\n|\n|upkeep\n|turn|6\n|\n|t:|1781408160\n|-terastallize|p1a: Tauros|Water\n|move|p2a: Kingdra|Wave Crash|p1a: Tauros\n|-resisted|p1a: Tauros\n|-damage|p1a: Tauros|102/252\n|-damage|p2a: Kingdra|249/263|[from] Recoil\n|move|p1a: Tauros|Bulk Up|p1a: Tauros\n|-boost|p1a: Tauros|atk|1\n|-boost|p1a: Tauros|def|1\n|\n|upkeep\n|turn|7\n|inactive|Tutudile has 120 seconds left.\n|\n|t:|1781408192\n|switch|p2a: Volbeat|Volbeat, L90, M|263/263\n|move|p1a: Tauros|Close Combat|p2a: Volbeat\n|-resisted|p2a: Volbeat\n|-damage|p2a: Volbeat|95/263\n|-unboost|p1a: Tauros|def|1\n|-unboost|p1a: Tauros|spd|1\n|\n|upkeep\n|turn|8\n|\n|t:|1781408202\n|move|p2a: Volbeat|Thunder Wave|p1a: Tauros|[miss]\n|-miss|p2a: Volbeat|p1a: Tauros\n|move|p1a: Tauros|Raging Bull|p2a: Volbeat\n|-supereffective|p2a: Volbeat\n|-damage|p2a: Volbeat|0 fnt\n|faint|p2a: Volbeat\n|\n|upkeep\n|inactive|Tutudile has 120 seconds left.\n|l|\u2606Bigoleg\n|inactive|Bigoleg disconnected and has a minute to reconnect!\n|player|p1|\n|\n|t:|1781408225\n|switch|p2a: Cinccino|Cinccino, L83, M|260/260\n|turn|9\n|j|\u2606Bigoleg\n|inactive|Bigoleg reconnected and has 140 seconds left.\n|player|p1|Bigoleg|169|\n|\n|t:|1781408246\n|switch|p2a: Oricorio|Oricorio-Pom-Pom, L82, F|257/257\n|move|p1a: Tauros|Raging Bull|p2a: Oricorio\n|-damage|p2a: Oricorio|0 fnt\n|faint|p2a: Oricorio\n|\n|upkeep\n|\n|t:|1781408253\n|switch|p2a: Cinccino|Cinccino, L83, M|260/260\n|turn|10\n|\n|t:|1781408261\n|move|p2a: Cinccino|Bullet Seed|p1a: Tauros\n|-supereffective|p1a: Tauros\n|-damage|p1a: Tauros|76/252\n|-supereffective|p1a: Tauros\n|-damage|p1a: Tauros|50/252\n|-supereffective|p1a: Tauros\n|-damage|p1a: Tauros|26/252\n|-supereffective|p1a: Tauros\n|-damage|p1a: Tauros|0 fnt\n|faint|p1a: Tauros\n|-hitcount|p1: Tauros|4\n|\n|upkeep\n|\n|t:|1781408271\n|switch|p1a: Entei|Entei, L78|307/307\n|turn|11\n|\n|t:|1781408275\n|switch|p2a: Kingdra|Kingdra, L84, F|249/263\n|move|p1a: Entei|Sacred Fire|p2a: Kingdra\n|-resisted|p2a: Kingdra\n|-damage|p2a: Kingdra|212/263\n|\n|upkeep\n|turn|12\n|\n|t:|1781408284\n|switch|p1a: Arboliva|Arboliva, L91, M|290/290\n|move|p2a: Kingdra|Dragon Dance|p2a: Kingdra\n|-boost|p2a: Kingdra|atk|1\n|-boost|p2a: Kingdra|spe|1\n|\n|upkeep\n|turn|13\n|\n|t:|1781408302\n|switch|p2a: Perrserker|Perrserker, L89, M|243/269\n|move|p1a: Arboliva|Strength Sap|p2a: Perrserker\n|-unboost|p2a: Perrserker|atk|1\n|\n|upkeep\n|turn|14\n|\n|t:|1781408309\n|move|p2a: Perrserker|Stealth Rock|p1a: Arboliva\n|-sidestart|p1: Bigoleg|move: Stealth Rock\n|move|p1a: Arboliva|Earth Power|p2a: Perrserker\n|-supereffective|p2a: Perrserker\n|-damage|p2a: Perrserker|31/269\n|\n|upkeep\n|turn|15\n|\n|t:|1781408321\n|move|p2a: Perrserker|Knock Off|p1a: Arboliva\n|-damage|p1a: Arboliva|207/290\n|-fieldstart|move: Grassy Terrain|[from] ability: Seed Sower|[of] p1a: Arboliva\n|-enditem|p1a: Arboliva|Leftovers|[from] move: Knock Off|[of] p2a: Perrserker\n|-damage|p2a: Perrserker|5/269|[from] item: Life Orb\n|move|p1a: Arboliva|Earth Power|p2a: Perrserker\n|-supereffective|p2a: Perrserker\n|-damage|p2a: Perrserker|0 fnt\n|faint|p2a: Perrserker\n|\n|-heal|p1a: Arboliva|225/290|[from] Grassy Terrain\n|upkeep\n|\n|t:|1781408334\n|switch|p2a: Mamoswine|Mamoswine, L81, F|311/311\n|turn|16\n|\n|t:|1781408339\n|move|p2a: Mamoswine|Icicle Crash|p1a: Arboliva\n|-supereffective|p1a: Arboliva\n|-damage|p1a: Arboliva|0 fnt\n|faint|p1a: Arboliva\n|\n|upkeep\n|\n|t:|1781408352\n|switch|p1a: Entei|Entei, L78|307/307\n|-damage|p1a: Entei|231/307|[from] Stealth Rock\n|turn|17\n|\n|t:|1781408356\n|switch|p2a: Kingdra|Kingdra, L84, F|212/263\n|move|p1a: Entei|Sacred Fire|p2a: Kingdra|[miss]\n|-miss|p1a: Entei|p2a: Kingdra\n|\n|-heal|p1a: Entei|250/307|[from] Grassy Terrain\n|-heal|p2a: Kingdra|228/263|[from] Grassy Terrain\n|upkeep\n|turn|18\n|\n|t:|1781408365\n|move|p1a: Entei|Sacred Fire|p2a: Kingdra\n|-resisted|p2a: Kingdra\n|-damage|p2a: Kingdra|190/263\n|-status|p2a: Kingdra|brn\n|-enditem|p2a: Kingdra|Lum Berry|[eat]\n|-curestatus|p2a: Kingdra|brn|[msg]\n|move|p2a: Kingdra|Dragon Dance|p2a: Kingdra\n|-boost|p2a: Kingdra|atk|1\n|-boost|p2a: Kingdra|spe|1\n|\n|-heal|p2a: Kingdra|206/263|[from] Grassy Terrain\n|-heal|p1a: Entei|269/307|[from] Grassy Terrain\n|upkeep\n|turn|19\n|\n|t:|1781408379\n|switch|p1a: Hydrapple|Hydrapple, L83, F|312/312\n|-damage|p1a: Hydrapple|273/312|[from] Stealth Rock\n|move|p2a: Kingdra|Waterfall|p1a: Hydrapple\n|-resisted|p1a: Hydrapple\n|-damage|p1a: Hydrapple|249/312\n|\n|-heal|p2a: Kingdra|222/263|[from] Grassy Terrain\n|-heal|p1a: Hydrapple|268/312|[from] Grassy Terrain\n|-fieldend|move: Grassy Terrain\n|upkeep\n|turn|20\n|\n|t:|1781408390\n|move|p2a: Kingdra|Outrage|p1a: Hydrapple\n|-supereffective|p1a: Hydrapple\n|-damage|p1a: Hydrapple|0 fnt\n|faint|p1a: Hydrapple\n|\n|upkeep\n|\n|t:|1781408395\n|switch|p1a: Pecharunt|Pecharunt, L77|262/262\n|-damage|p1a: Pecharunt|230/262|[from] Stealth Rock\n|turn|21\n|\n|t:|1781408399\n|move|p2a: Kingdra|Outrage|p1a: Pecharunt|[from] lockedmove\n|-damage|p1a: Pecharunt|97/262\n|move|p1a: Pecharunt|Malignant Chain|p2a: Kingdra\n|-damage|p2a: Kingdra|149/263\n|\n|-heal|p1a: Pecharunt|113/262|[from] item: Leftovers\n|upkeep\n|turn|22\n|\n|t:|1781408409\n|move|p2a: Kingdra|Outrage|p1a: Pecharunt|[from] lockedmove\n|-damage|p1a: Pecharunt|0 fnt\n|faint|p1a: Pecharunt\n|-start|p2a: Kingdra|confusion|[fatigue]\n|\n|upkeep\n|\n|t:|1781408414\n|switch|p1a: Cyclizar|Cyclizar, L83, M|252/252\n|turn|23\n|\n|t:|1781408421\n|-activate|p2a: Kingdra|confusion\n|move|p2a: Kingdra|Outrage|p1a: Cyclizar\n|-supereffective|p1a: Cyclizar\n|-damage|p1a: Cyclizar|0 fnt\n|faint|p1a: Cyclizar\n|\n|upkeep\n|c|\u2606Bigoleg|Bad rng\n|\n|t:|1781408429\n|switch|p1a: Entei|Entei, L78|269/307\n|-damage|p1a: Entei|193/307|[from] Stealth Rock\n|turn|24\n|\n|t:|1781408434\n|move|p1a: Entei|Extreme Speed|p2a: Kingdra\n|-damage|p2a: Kingdra|70/263\n|-activate|p2a: Kingdra|confusion\n|move|p2a: Kingdra|Outrage|p1a: Entei|[from] lockedmove\n|-damage|p1a: Entei|0 fnt\n|faint|p1a: Entei\n|\n|win|Tutudile\n", "uploadtime": 1781408096, "views": 3, "formatid": "gen9randombattle", "rating": null, "private": 0, "password": null}