{"id": "gen9randombattle-2631549918", "format": "[Gen 9] Random Battle", "players": ["sjzimnotgood", "SoCapable"], "log": "|j|\u2606sjzimnotgood\n|j|\u2606SoCapable\n|t:|1781399959\n|gametype|singles\n|player|p1|sjzimnotgood|266|2171\n|player|p2|SoCapable|silver|2205\n|gen|9\n|tier|[Gen 9] Random Battle\n|rated|\n|rule|Species Clause: Limit one of each Pok\u00e9mon\n|rule|HP Percentage Mod: HP is shown in percentages\n|rule|Sleep Clause Mod: Limit one foe put to sleep\n|rule|Illusion Level Mod: Illusion disguises the Pok\u00e9mon's true level\n|\n|t:|1781399959\n|teamsize|p1|6\n|teamsize|p2|6\n|start\n|switch|p1a: Politoed|Politoed, L88, F|302/302\n|switch|p2a: Grumpig|Grumpig, L92, F|297/297\n|-weather|RainDance|[from] ability: Drizzle|[of] p1a: Politoed\n|turn|1\n|inactive|Battle timer is ON: inactive players will automatically lose when time's up. (requested by sjzimnotgood)\n|\n|t:|1781400005\n|switch|p2a: Electrode|Electrode-Hisui, L87|246/246\n|move|p1a: Politoed|Weather Ball|p2a: Electrode\n|-resisted|p2a: Electrode\n|-damage|p2a: Electrode|113/246\n|\n|-weather|RainDance|[upkeep]\n|-heal|p2a: Electrode|128/246|[from] item: Leftovers\n|upkeep\n|turn|2\n|\n|t:|1781400015\n|switch|p1a: Sunflora|Sunflora, F|312/312\n|move|p2a: Electrode|Substitute|p2a: Electrode\n|-start|p2a: Electrode|Substitute\n|-damage|p2a: Electrode|67/246\n|\n|-weather|RainDance|[upkeep]\n|-heal|p2a: Electrode|82/246|[from] item: Leftovers\n|upkeep\n|turn|3\n|\n|t:|1781400026\n|move|p2a: Electrode|Giga Drain|p1a: Sunflora\n|-resisted|p1a: Sunflora\n|-damage|p1a: Sunflora|280/312\n|-heal|p2a: Electrode|98/246|[from] drain|[of] p1a: Sunflora\n|move|p1a: Sunflora|Weather Ball|p2a: Electrode\n|-resisted|p2a: Electrode\n|-end|p2a: Electrode|Substitute\n|-damage|p1a: Sunflora|249/312|[from] item: Life Orb\n|\n|-weather|RainDance|[upkeep]\n|-heal|p2a: Electrode|113/246|[from] item: Leftovers\n|upkeep\n|turn|4\n|\n|t:|1781400042\n|switch|p2a: Grumpig|Grumpig, L92, F|297/297\n|switch|p1a: Meloetta|Meloetta, L82|298/298\n|\n|-weather|RainDance|[upkeep]\n|upkeep\n|turn|5\n|\n|t:|1781400050\n|switch|p2a: Klefki|Klefki, L84, F|233/233\n|move|p1a: Meloetta|Calm Mind|p1a: Meloetta\n|-boost|p1a: Meloetta|spa|1\n|-boost|p1a: Meloetta|spd|1\n|\n|-weather|none\n|upkeep\n|turn|6\n|\n|t:|1781400053\n|switch|p1a: Groudon|Groudon, L72, shiny|263/263\n|-weather|SunnyDay|[from] ability: Drought|[of] p1a: Groudon\n|move|p2a: Klefki|Spikes|p1a: Groudon\n|-sidestart|p1: sjzimnotgood|Spikes\n|\n|-weather|SunnyDay|[upkeep]\n|upkeep\n|turn|7\n|\n|t:|1781400059\n|switch|p2a: Grumpig|Grumpig, L92, F|297/297\n|move|p1a: Groudon|Stealth Rock|p2a: Grumpig\n|-sidestart|p2: SoCapable|move: Stealth Rock\n|\n|-weather|SunnyDay|[upkeep]\n|upkeep\n|turn|8\n|\n|t:|1781400064\n|move|p2a: Grumpig|Psychic|p1a: Groudon\n|-damage|p1a: Groudon|139/263\n|move|p1a: Groudon|Will-O-Wisp|p2a: Grumpig\n|-status|p2a: Grumpig|brn\n|\n|-weather|SunnyDay|[upkeep]\n|-heal|p1a: Groudon|155/263|[from] item: Leftovers\n|-damage|p2a: Grumpig|279/297 brn|[from] brn\n|upkeep\n|turn|9\n|\n|t:|1781400079\n|move|p2a: Grumpig|Psychic|p1a: Groudon\n|-damage|p1a: Groudon|35/263\n|move|p1a: Groudon|Precipice Blades|p2a: Grumpig\n|-damage|p2a: Grumpig|128/297 brn\n|\n|-weather|SunnyDay|[upkeep]\n|-heal|p2a: Grumpig|146/297 brn|[from] item: Leftovers\n|-heal|p1a: Groudon|51/263|[from] item: Leftovers\n|-damage|p2a: Grumpig|128/297 brn|[from] brn\n|upkeep\n|turn|10\n|\n|t:|1781400086\n|switch|p1a: Meloetta|Meloetta, L82|298/298\n|-damage|p1a: Meloetta|261/298|[from] Spikes\n|move|p2a: Grumpig|Earth Power|p1a: Meloetta\n|-damage|p1a: Meloetta|207/298\n|\n|-weather|none\n|-heal|p2a: Grumpig|146/297 brn|[from] item: Leftovers\n|-heal|p1a: Meloetta|225/298|[from] item: Leftovers\n|-damage|p2a: Grumpig|128/297 brn|[from] brn\n|upkeep\n|turn|11\n|\n|t:|1781400091\n|switch|p2a: Klefki|Klefki, L84, F|233/233\n|-damage|p2a: Klefki|219/233|[from] Stealth Rock\n|switch|p1a: Groudon|Groudon, L72, shiny|51/263\n|-damage|p1a: Groudon|19/263|[from] Spikes\n|-weather|SunnyDay|[from] ability: Drought|[of] p1a: Groudon\n|\n|-weather|SunnyDay|[upkeep]\n|-heal|p2a: Klefki|233/233|[from] item: Leftovers\n|-heal|p1a: Groudon|35/263|[from] item: Leftovers\n|upkeep\n|turn|12\n|\n|t:|1781400095\n|move|p2a: Klefki|Foul Play|p1a: Groudon\n|-damage|p1a: Groudon|0 fnt\n|faint|p1a: Groudon\n|\n|-weather|SunnyDay|[upkeep]\n|upkeep\n|\n|t:|1781400099\n|switch|p1a: Sunflora|Sunflora, F|249/312\n|-damage|p1a: Sunflora|210/312|[from] Spikes\n|turn|13\n|\n|t:|1781400105\n|switch|p2a: Grumpig|Grumpig, L92, F|128/297 brn\n|-damage|p2a: Grumpig|91/297 brn|[from] Stealth Rock\n|move|p1a: Sunflora|Weather Ball|p2a: Grumpig\n|-damage|p2a: Grumpig|17/297 brn\n|-damage|p1a: Sunflora|179/312|[from] item: Life Orb\n|\n|-weather|SunnyDay|[upkeep]\n|-heal|p2a: Grumpig|35/297 brn|[from] item: Leftovers\n|-damage|p2a: Grumpig|17/297 brn|[from] brn\n|upkeep\n|turn|14\n|\n|t:|1781400110\n|move|p1a: Sunflora|Weather Ball|p2a: Grumpig\n|-damage|p2a: Grumpig|0 fnt\n|faint|p2a: Grumpig\n|-damage|p1a: Sunflora|148/312|[from] item: Life Orb\n|\n|-weather|SunnyDay|[upkeep]\n|upkeep\n|\n|t:|1781400120\n|switch|p2a: Moltres|Moltres, L81|278/278\n|turn|15\n|\n|t:|1781400131\n|switch|p1a: Politoed|Politoed, L88, F|302/302\n|-damage|p1a: Politoed|265/302|[from] Spikes\n|-weather|RainDance|[from] ability: Drizzle|[of] p1a: Politoed\n|move|p2a: Moltres|Brave Bird|p1a: Politoed\n|-damage|p1a: Politoed|123/302\n|-damage|p2a: Moltres|231/278|[from] Recoil\n|\n|-weather|RainDance|[upkeep]\n|upkeep\n|turn|16\n|\n|t:|1781400137\n|switch|p1a: Empoleon|Empoleon, L84, M|278/278\n|-damage|p1a: Empoleon|244/278|[from] Spikes\n|move|p2a: Moltres|Brave Bird|p1a: Empoleon\n|-resisted|p1a: Empoleon\n|-damage|p1a: Empoleon|181/278\n|-damage|p2a: Moltres|210/278|[from] Recoil\n|\n|-weather|RainDance|[upkeep]\n|-heal|p1a: Empoleon|198/278|[from] item: Leftovers\n|upkeep\n|turn|17\n|\n|t:|1781400143\n|switch|p2a: Electrode|Electrode-Hisui, L87|113/246\n|-damage|p2a: Electrode|83/246|[from] Stealth Rock\n|move|p1a: Empoleon|Surf|p2a: Electrode\n|-resisted|p2a: Electrode\n|-damage|p2a: Electrode|0 fnt\n|faint|p2a: Electrode\n|\n|-weather|RainDance|[upkeep]\n|-heal|p1a: Empoleon|215/278|[from] item: Leftovers\n|upkeep\n|\n|t:|1781400147\n|switch|p2a: Hitmontop|Hitmontop, L88, M|231/231\n|-damage|p2a: Hitmontop|217/231|[from] Stealth Rock\n|turn|18\n|\n|t:|1781400161\n|move|p2a: Hitmontop|Bulk Up|p2a: Hitmontop\n|-boost|p2a: Hitmontop|atk|1\n|-boost|p2a: Hitmontop|def|1\n|move|p1a: Empoleon|Surf|p2a: Hitmontop\n|-damage|p2a: Hitmontop|79/231\n|\n|-weather|RainDance|[upkeep]\n|-heal|p2a: Hitmontop|93/231|[from] item: Leftovers\n|-heal|p1a: Empoleon|232/278|[from] item: Leftovers\n|upkeep\n|turn|19\n|\n|t:|1781400165\n|-terastallize|p1a: Empoleon|Flying\n|move|p2a: Hitmontop|Close Combat|p1a: Empoleon\n|-resisted|p1a: Empoleon\n|-damage|p1a: Empoleon|131/278\n|-unboost|p2a: Hitmontop|def|1\n|-unboost|p2a: Hitmontop|spd|1\n|move|p1a: Empoleon|Surf|p2a: Hitmontop\n|-crit|p2a: Hitmontop\n|-damage|p2a: Hitmontop|0 fnt\n|faint|p2a: Hitmontop\n|\n|-weather|none\n|-heal|p1a: Empoleon|148/278|[from] item: Leftovers\n|upkeep\n|\n|t:|1781400185\n|switch|p2a: Moltres|Moltres, L81|210/278\n|turn|20\n|\n|t:|1781400187\n|switch|p1a: Politoed|Politoed, L88, F|123/302\n|-damage|p1a: Politoed|86/302|[from] Spikes\n|-weather|RainDance|[from] ability: Drizzle|[of] p1a: Politoed\n|move|p2a: Moltres|Fire Blast|p1a: Politoed|[miss]\n|-miss|p2a: Moltres|p1a: Politoed\n|\n|-weather|RainDance|[upkeep]\n|upkeep\n|turn|21\n|\n|t:|1781400193\n|move|p2a: Moltres|Brave Bird|p1a: Politoed\n|-damage|p1a: Politoed|0 fnt\n|faint|p1a: Politoed\n|-damage|p2a: Moltres|182/278|[from] Recoil\n|\n|-weather|RainDance|[upkeep]\n|upkeep\n|\n|t:|1781400194\n|switch|p1a: Empoleon|Empoleon, L84, M, tera:Flying|148/278\n|turn|22\n|\n|t:|1781400217\n|move|p2a: Moltres|Brave Bird|p1a: Empoleon\n|-damage|p1a: Empoleon|18/278\n|-damage|p2a: Moltres|139/278|[from] Recoil\n|move|p1a: Empoleon|Roost|p1a: Empoleon\n|-heal|p1a: Empoleon|157/278\n|-hint|If a Terastallized Pokemon uses Roost, it remains Flying-type.\n|\n|-weather|RainDance|[upkeep]\n|-heal|p1a: Empoleon|174/278|[from] item: Leftovers\n|upkeep\n|turn|23\n|\n|t:|1781400223\n|move|p2a: Moltres|Brave Bird|p1a: Empoleon\n|-damage|p1a: Empoleon|45/278\n|-damage|p2a: Moltres|96/278|[from] Recoil\n|move|p1a: Empoleon|Roost|p1a: Empoleon\n|-heal|p1a: Empoleon|184/278\n|-hint|If a Terastallized Pokemon uses Roost, it remains Flying-type.\n|\n|-weather|RainDance|[upkeep]\n|-heal|p1a: Empoleon|201/278|[from] item: Leftovers\n|upkeep\n|turn|24\n|\n|t:|1781400235\n|move|p2a: Moltres|Roost|p2a: Moltres\n|-heal|p2a: Moltres|235/278\n|-singleturn|p2a: Moltres|move: Roost\n|move|p1a: Empoleon|Surf|p2a: Moltres\n|-supereffective|p2a: Moltres\n|-damage|p2a: Moltres|0 fnt\n|faint|p2a: Moltres\n|\n|-weather|none\n|-heal|p1a: Empoleon|218/278|[from] item: Leftovers\n|upkeep\n|\n|t:|1781400237\n|switch|p2a: Klefki|Klefki, L84, F|233/233\n|-damage|p2a: Klefki|219/233|[from] Stealth Rock\n|turn|25\n|\n|t:|1781400243\n|move|p2a: Klefki|Thunder Wave|p1a: Empoleon\n|-status|p1a: Empoleon|par\n|move|p1a: Empoleon|Surf|p2a: Klefki\n|-damage|p2a: Klefki|117/233\n|\n|-heal|p2a: Klefki|131/233|[from] item: Leftovers\n|-heal|p1a: Empoleon|235/278 par|[from] item: Leftovers\n|upkeep\n|turn|26\n|\n|t:|1781400249\n|move|p2a: Klefki|Spikes|p1a: Empoleon\n|-sidestart|p1: sjzimnotgood|Spikes\n|move|p1a: Empoleon|Surf|p2a: Klefki\n|-damage|p2a: Klefki|14/233\n|\n|-heal|p2a: Klefki|28/233|[from] item: Leftovers\n|-heal|p1a: Empoleon|252/278 par|[from] item: Leftovers\n|upkeep\n|turn|27\n|\n|t:|1781400256\n|move|p2a: Klefki|Dazzling Gleam|p1a: Empoleon\n|-damage|p1a: Empoleon|186/278 par\n|move|p1a: Empoleon|Surf|p2a: Klefki\n|-damage|p2a: Klefki|0 fnt\n|faint|p2a: Klefki\n|\n|-heal|p1a: Empoleon|203/278 par|[from] item: Leftovers\n|upkeep\n|\n|t:|1781400258\n|switch|p2a: Ursaluna|Ursaluna, L79, M|335/335\n|-damage|p2a: Ursaluna|315/335|[from] Stealth Rock\n|turn|28\n|\n|t:|1781400263\n|-terastallize|p2a: Ursaluna|Normal\n|move|p2a: Ursaluna|Trailblaze|p1a: Empoleon\n|-resisted|p1a: Empoleon\n|-damage|p1a: Empoleon|183/278 par\n|-boost|p2a: Ursaluna|spe|1\n|move|p1a: Empoleon|Surf|p2a: Ursaluna\n|-damage|p2a: Ursaluna|191/335\n|\n|-heal|p1a: Empoleon|200/278 par|[from] item: Leftovers\n|-status|p2a: Ursaluna|brn|[from] item: Flame Orb\n|upkeep\n|turn|29\n|\n|t:|1781400271\n|move|p2a: Ursaluna|Trailblaze|p1a: Empoleon\n|-resisted|p1a: Empoleon\n|-damage|p1a: Empoleon|170/278 par\n|-boost|p2a: Ursaluna|spe|1\n|cant|p1a: Empoleon|par\n|\n|-heal|p1a: Empoleon|187/278 par|[from] item: Leftovers\n|-damage|p2a: Ursaluna|171/335 brn|[from] brn\n|upkeep\n|turn|30\n|\n|t:|1781400277\n|move|p2a: Ursaluna|Facade|p1a: Empoleon\n|-crit|p1a: Empoleon\n|-damage|p1a: Empoleon|0 fnt\n|faint|p1a: Empoleon\n|\n|-damage|p2a: Ursaluna|151/335 brn|[from] brn\n|upkeep\n|c|\u2606sjzimnotgood|gg\n|\n|t:|1781400296\n|switch|p1a: Sunflora|Sunflora, F|148/312\n|-damage|p1a: Sunflora|96/312|[from] Spikes\n|turn|31\n|\n|t:|1781400301\n|move|p2a: Ursaluna|Facade|p1a: Sunflora\n|-damage|p1a: Sunflora|0 fnt\n|faint|p1a: Sunflora\n|\n|-damage|p2a: Ursaluna|131/335 brn|[from] brn\n|upkeep\n|\n|t:|1781400304\n|switch|p1a: Meloetta|Meloetta, L82|225/298\n|-damage|p1a: Meloetta|176/298|[from] Spikes\n|turn|32\n|\n|t:|1781400308\n|move|p2a: Ursaluna|Facade|p1a: Meloetta\n|-damage|p1a: Meloetta|0 fnt\n|faint|p1a: Meloetta\n|\n|-damage|p2a: Ursaluna|111/335 brn|[from] brn\n|upkeep\n|\n|t:|1781400311\n|switch|p1a: Shaymin|Shaymin-Sky, L73|266/266\n|turn|33\n|\n|t:|1781400317\n|move|p2a: Ursaluna|Facade|p1a: Shaymin\n|-crit|p1a: Shaymin\n|-damage|p1a: Shaymin|0 fnt\n|faint|p1a: Shaymin\n|\n|win|SoCapable\n", "uploadtime": 1781399960, "views": 3, "formatid": "gen9randombattle", "rating": null, "private": 0, "password": null}