{"id": "gen9randombattle-2631780260", "format": "[Gen 9] Random Battle", "players": ["Zabalilla", "junghoking"], "log": "|j|\u2606Zabalilla\n|j|\u2606junghoking\n|t:|1781438538\n|gametype|singles\n|player|p1|Zabalilla|2|1936\n|player|p2|junghoking|nate|1963\n|gen|9\n|tier|[Gen 9] Random Battle\n|rated|\n|rule|Species Clause: Limit one of each Pok\u00e9mon\n|rule|HP Percentage Mod: HP is shown in percentages\n|rule|Sleep Clause Mod: Limit one foe put to sleep\n|rule|Illusion Level Mod: Illusion disguises the Pok\u00e9mon's true level\n|\n|t:|1781438538\n|teamsize|p1|6\n|teamsize|p2|6\n|start\n|switch|p1a: Meowscarada|Meowscarada, L78, M|247/247\n|switch|p2a: Blissey|Blissey, L85, F|572/572\n|turn|1\n|inactive|Battle timer is ON: inactive players will automatically lose when time's up. (requested by junghoking)\n|\n|t:|1781438556\n|move|p1a: Meowscarada|Flower Trick|p2a: Blissey\n|-start|p1a: Meowscarada|typechange|Grass|[from] ability: Protean\n|-crit|p2a: Blissey\n|-damage|p2a: Blissey|115/572\n|move|p2a: Blissey|Stealth Rock|p1a: Meowscarada\n|-sidestart|p1: Zabalilla|move: Stealth Rock\n|\n|-heal|p2a: Blissey|150/572|[from] item: Leftovers\n|upkeep\n|turn|2\n|\n|t:|1781438568\n|move|p1a: Meowscarada|Flower Trick|p2a: Blissey\n|-crit|p2a: Blissey\n|-damage|p2a: Blissey|0 fnt\n|faint|p2a: Blissey\n|\n|upkeep\n|\n|t:|1781438587\n|switch|p2a: Chien-Pao|Chien-Pao, L72|234/234\n|-ability|p2a: Chien-Pao|Sword of Ruin\n|turn|3\n|\n|t:|1781438592\n|switch|p1a: Torkoal|Torkoal, L88, M|266/266\n|-weather|SunnyDay|[from] ability: Drought|[of] p1a: Torkoal\n|move|p2a: Chien-Pao|Icicle Crash|p1a: Torkoal\n|-resisted|p1a: Torkoal\n|-damage|p1a: Torkoal|217/266\n|\n|-weather|SunnyDay|[upkeep]\n|upkeep\n|turn|4\n|\n|t:|1781438596\n|switch|p2a: Hippowdon|Hippowdon, L82, F|311/311\n|-weather|Sandstorm|[from] ability: Sand Stream|[of] p2a: Hippowdon\n|move|p1a: Torkoal|Rapid Spin|p2a: Hippowdon\n|-damage|p2a: Hippowdon|282/311\n|-boost|p1a: Torkoal|spe|1\n|-sideend|p1: Zabalilla|Stealth Rock|[from] move: Rapid Spin|[of] p1a: Torkoal\n|\n|-weather|Sandstorm|[upkeep]\n|-damage|p1a: Torkoal|201/266|[from] Sandstorm\n|-heal|p2a: Hippowdon|301/311|[from] item: Leftovers\n|upkeep\n|turn|5\n|\n|t:|1781438605\n|switch|p1a: Kilowattrel|Kilowattrel, L83, F|252/252\n|move|p2a: Hippowdon|Earthquake|p1a: Kilowattrel\n|-immune|p1a: Kilowattrel\n|\n|-weather|Sandstorm|[upkeep]\n|-damage|p1a: Kilowattrel|237/252|[from] Sandstorm\n|-heal|p2a: Hippowdon|311/311|[from] item: Leftovers\n|upkeep\n|turn|6\n|\n|t:|1781438612\n|move|p1a: Kilowattrel|Hurricane|p2a: Hippowdon|[miss]\n|-miss|p1a: Kilowattrel|p2a: Hippowdon\n|move|p2a: Hippowdon|Stone Edge|p1a: Kilowattrel\n|-supereffective|p1a: Kilowattrel\n|-damage|p1a: Kilowattrel|53/252\n|\n|-weather|Sandstorm|[upkeep]\n|-damage|p1a: Kilowattrel|38/252|[from] Sandstorm\n|upkeep\n|turn|7\n|\n|t:|1781438619\n|move|p1a: Kilowattrel|Hurricane|p2a: Hippowdon\n|-damage|p2a: Hippowdon|158/311\n|move|p2a: Hippowdon|Curse|p2a: Hippowdon\n|-unboost|p2a: Hippowdon|spe|1\n|-boost|p2a: Hippowdon|atk|1\n|-boost|p2a: Hippowdon|def|1\n|\n|-weather|Sandstorm|[upkeep]\n|-damage|p1a: Kilowattrel|23/252|[from] Sandstorm\n|-heal|p2a: Hippowdon|177/311|[from] item: Leftovers\n|upkeep\n|turn|8\n|\n|t:|1781438628\n|move|p1a: Kilowattrel|Hurricane|p2a: Hippowdon\n|-damage|p2a: Hippowdon|42/311\n|-start|p2a: Hippowdon|confusion\n|-activate|p2a: Hippowdon|confusion\n|-damage|p2a: Hippowdon|15/311|[from] confusion\n|\n|-weather|none\n|-heal|p2a: Hippowdon|34/311|[from] item: Leftovers\n|upkeep\n|turn|9\n|\n|t:|1781438632\n|move|p1a: Kilowattrel|Hurricane|p2a: Hippowdon\n|-damage|p2a: Hippowdon|0 fnt\n|faint|p2a: Hippowdon\n|\n|upkeep\n|\n|t:|1781438635\n|switch|p2a: Lycanroc|Lycanroc-Dusk, L81, M|254/254\n|turn|10\n|\n|t:|1781438638\n|move|p2a: Lycanroc|Accelerock|p1a: Kilowattrel\n|-supereffective|p1a: Kilowattrel\n|-damage|p1a: Kilowattrel|0 fnt\n|faint|p1a: Kilowattrel\n|\n|upkeep\n|\n|t:|1781438640\n|switch|p1a: Meowscarada|Meowscarada, L78, M|247/247\n|turn|11\n|\n|t:|1781438646\n|switch|p2a: Chien-Pao|Chien-Pao, L72|234/234\n|-ability|p2a: Chien-Pao|Sword of Ruin\n|move|p1a: Meowscarada|U-turn|p2a: Chien-Pao\n|-start|p1a: Meowscarada|typechange|Bug|[from] ability: Protean\n|-supereffective|p2a: Chien-Pao\n|-crit|p2a: Chien-Pao\n|-damage|p2a: Chien-Pao|0 fnt\n|faint|p2a: Chien-Pao\n|\n|t:|1781438652\n|switch|p1a: Sylveon|Sylveon, L85, M|300/300|[from] U-turn\n|\n|upkeep\n|\n|t:|1781438659\n|switch|p2a: Lycanroc|Lycanroc-Dusk, L81, M|254/254\n|turn|12\n|\n|t:|1781438662\n|move|p2a: Lycanroc|Stone Edge|p1a: Sylveon\n|-damage|p1a: Sylveon|92/300\n|move|p1a: Sylveon|Hyper Voice|p2a: Lycanroc\n|-damage|p2a: Lycanroc|71/254\n|\n|-heal|p1a: Sylveon|110/300|[from] item: Leftovers\n|upkeep\n|turn|13\n|\n|t:|1781438667\n|move|p2a: Lycanroc|Stone Edge|p1a: Sylveon\n|-crit|p1a: Sylveon\n|-damage|p1a: Sylveon|0 fnt\n|faint|p1a: Sylveon\n|\n|upkeep\n|\n|t:|1781438670\n|switch|p1a: Meowscarada|Meowscarada, L78, M|247/247\n|turn|14\n|\n|t:|1781438676\n|switch|p2a: Golurk|Golurk, L87|297/297\n|move|p1a: Meowscarada|Flower Trick|p2a: Golurk\n|-start|p1a: Meowscarada|typechange|Grass|[from] ability: Protean\n|-supereffective|p2a: Golurk\n|-crit|p2a: Golurk\n|-damage|p2a: Golurk|0 fnt\n|faint|p2a: Golurk\n|\n|upkeep\n|\n|t:|1781438680\n|switch|p2a: Regieleki|Regieleki, L79|256/256\n|turn|15\n|\n|t:|1781438682\n|-terastallize|p2a: Regieleki|Ice\n|move|p2a: Regieleki|Tera Blast|p1a: Meowscarada|[anim] Tera Blast Ice\n|-supereffective|p1a: Meowscarada\n|-damage|p1a: Meowscarada|55/247\n|move|p1a: Meowscarada|Flower Trick|p2a: Regieleki\n|-crit|p2a: Regieleki\n|-damage|p2a: Regieleki|15/256\n|\n|upkeep\n|turn|16\n|\n|t:|1781438686\n|move|p2a: Regieleki|Tera Blast|p1a: Meowscarada|[anim] Tera Blast Ice\n|-supereffective|p1a: Meowscarada\n|-damage|p1a: Meowscarada|0 fnt\n|faint|p1a: Meowscarada\n|\n|upkeep\n|\n|t:|1781438688\n|switch|p1a: Torkoal|Torkoal, L88, M|201/266\n|-weather|SunnyDay|[from] ability: Drought|[of] p1a: Torkoal\n|turn|17\n|\n|t:|1781438693\n|move|p2a: Regieleki|Thunderbolt|p1a: Torkoal\n|-damage|p1a: Torkoal|48/266\n|-status|p1a: Torkoal|par\n|move|p1a: Torkoal|Rapid Spin|p2a: Regieleki\n|-damage|p2a: Regieleki|0 fnt\n|-boost|p1a: Torkoal|spe|1\n|faint|p2a: Regieleki\n|\n|-weather|SunnyDay|[upkeep]\n|upkeep\n|\n|t:|1781438696\n|switch|p2a: Lycanroc|Lycanroc-Dusk, L81, M|71/254\n|turn|18\n|\n|t:|1781438698\n|move|p2a: Lycanroc|Stone Edge|p1a: Torkoal\n|-supereffective|p1a: Torkoal\n|-damage|p1a: Torkoal|0 fnt\n|faint|p1a: Torkoal\n|\n|-weather|SunnyDay|[upkeep]\n|upkeep\n|\n|t:|1781438702\n|switch|p1a: Kyogre|Kyogre, L71|259/259\n|-weather|RainDance|[from] ability: Drizzle|[of] p1a: Kyogre\n|turn|19\n|\n|t:|1781438704\n|move|p1a: Kyogre|Water Spout|p2a: Lycanroc\n|-supereffective|p2a: Lycanroc\n|-damage|p2a: Lycanroc|0 fnt\n|faint|p2a: Lycanroc\n|\n|win|Zabalilla\n", "uploadtime": 1781438539, "views": 6, "formatid": "gen9randombattle", "rating": null, "private": 0, "password": null}