{"id": "gen9randombattle-2631431878", "format": "[Gen 9] Random Battle", "players": ["Dion.023", "OGKUSHONDECK"], "log": "|j|\u203dDion.023\n|j|\u2606OGKUSHONDECK\n|t:|1781383898\n|gametype|singles\n|player|p1|Dion.023|102|2022\n|player|p2|OGKUSHONDECK|biker-gen1rb|1997\n|gen|9\n|tier|[Gen 9] Random Battle\n|rated|\n|rule|Species Clause: Limit one of each Pok\u00e9mon\n|rule|HP Percentage Mod: HP is shown in percentages\n|rule|Sleep Clause Mod: Limit one foe put to sleep\n|rule|Illusion Level Mod: Illusion disguises the Pok\u00e9mon's true level\n|\n|t:|1781383898\n|teamsize|p1|6\n|teamsize|p2|6\n|start\n|switch|p1a: Vigoroth|Vigoroth, L85, M|275/275\n|switch|p2a: Sinistcha|Sinistcha, L83|254/254\n|turn|1\n|inactive|Battle timer is ON: inactive players will automatically lose when time's up. (requested by Dion.023)\n|\n|t:|1781383923\n|switch|p1a: Masquerain|Masquerain, L87, F|264/264\n|-ability|p1a: Masquerain|Intimidate|boost\n|-unboost|p2a: Sinistcha|atk|1\n|move|p2a: Sinistcha|Matcha Gotcha|p1a: Masquerain\n|-resisted|p1a: Masquerain\n|-damage|p1a: Masquerain|238/264\n|\n|upkeep\n|turn|2\n|\n|t:|1781383940\n|switch|p2a: Cobalion|Cobalion, L80|277/277\n|move|p1a: Masquerain|Quiver Dance|p1a: Masquerain\n|-boost|p1a: Masquerain|spa|1\n|-boost|p1a: Masquerain|spd|1\n|-boost|p1a: Masquerain|spe|1\n|\n|upkeep\n|turn|3\n|\n|t:|1781383950\n|move|p1a: Masquerain|Hurricane|p2a: Cobalion\n|-damage|p2a: Cobalion|37/277\n|move|p2a: Cobalion|Stone Edge|p1a: Masquerain\n|-supereffective|p1a: Masquerain\n|-damage|p1a: Masquerain|0 fnt\n|faint|p1a: Masquerain\n|-damage|p2a: Cobalion|10/277|[from] item: Life Orb\n|\n|upkeep\n|\n|t:|1781383963\n|switch|p1a: Eiscue|Eiscue, L88, F|274/274\n|turn|4\n|\n|t:|1781383990\n|switch|p2a: Raikou|Raikou, L81|278/278\n|-ability|p2a: Raikou|Pressure\n|move|p1a: Eiscue|Belly Drum|p1a: Eiscue\n|-damage|p1a: Eiscue|137/274\n|-setboost|p1a: Eiscue|atk|6|[from] move: Belly Drum\n|-enditem|p1a: Eiscue|Sitrus Berry|[eat]\n|-heal|p1a: Eiscue|205/274|[from] item: Sitrus Berry\n|\n|upkeep\n|turn|5\n|\n|t:|1781384002\n|move|p2a: Raikou|Volt Switch|p1a: Eiscue\n|-damage|p1a: Eiscue|84/274\n|\n|t:|1781384004\n|switch|p2a: Cobalion|Cobalion, L80|10/277|[from] Volt Switch\n|move|p1a: Eiscue|Ice Spinner|p2a: Cobalion\n|-resisted|p2a: Cobalion\n|-damage|p2a: Cobalion|0 fnt\n|faint|p2a: Cobalion\n|\n|upkeep\n|\n|t:|1781384006\n|switch|p2a: Raikou|Raikou, L81|278/278\n|-ability|p2a: Raikou|Pressure\n|turn|6\n|\n|t:|1781384008\n|move|p2a: Raikou|Thunderbolt|p1a: Eiscue\n|-damage|p1a: Eiscue|0 fnt\n|faint|p1a: Eiscue\n|\n|upkeep\n|\n|t:|1781384012\n|switch|p1a: Vigoroth|Vigoroth, L85, M|275/275\n|turn|7\n|\n|t:|1781384018\n|switch|p1a: Flamigo|Flamigo, L82, M|269/269\n|move|p2a: Raikou|Thunderbolt|p1a: Flamigo\n|-supereffective|p1a: Flamigo\n|-damage|p1a: Flamigo|0 fnt\n|faint|p1a: Flamigo\n|\n|upkeep\n|l|\u203dDion.023\n|inactive|Dion.023 disconnected and has a minute to reconnect!\n|player|p1|\n|inactive|Dion.023 has 30 seconds to reconnect!\n|inactive|Dion.023 has 20 seconds to reconnect!\n|inactive|Dion.023 has 15 seconds to reconnect!\n|inactive|Dion.023 has 10 seconds to reconnect!\n|inactive|Dion.023 has 5 seconds to reconnect!\n|-message|Dion.023 lost due to inactivity.\n|\n|win|OGKUSHONDECK\n", "uploadtime": 1781383900, "views": 9, "formatid": "gen9randombattle", "rating": null, "private": 0, "password": null}