{"id": "gen9randombattle-2631884198", "format": "[Gen 9] Random Battle", "players": ["imuseless123", "malpicatepica"], "log": "|j|\u2606imuseless123\n|j|\u2606malpicatepica\n|t:|1781451836\n|gametype|singles\n|player|p1|imuseless123|flannery|2085\n|player|p2|malpicatepica|266|2017\n|gen|9\n|tier|[Gen 9] Random Battle\n|rated|\n|rule|Species Clause: Limit one of each Pok\u00e9mon\n|rule|HP Percentage Mod: HP is shown in percentages\n|rule|Sleep Clause Mod: Limit one foe put to sleep\n|rule|Illusion Level Mod: Illusion disguises the Pok\u00e9mon's true level\n|\n|t:|1781451836\n|teamsize|p1|6\n|teamsize|p2|6\n|start\n|switch|p1a: Flareon|Flareon, L90, M|263/263\n|switch|p2a: Conkeldurr|Conkeldurr, L80, F|299/299\n|turn|1\n|inactive|Battle timer is ON: inactive players will automatically lose when time's up. (requested by malpicatepica)\n|inactive|imuseless123 also wants the timer to be on.\n|\n|t:|1781451859\n|move|p1a: Flareon|Flare Blitz|p2a: Conkeldurr\n|-damage|p2a: Conkeldurr|124/299\n|-status|p2a: Conkeldurr|brn\n|-damage|p1a: Flareon|205/263|[from] Recoil\n|move|p2a: Conkeldurr|Knock Off|p1a: Flareon\n|-damage|p1a: Flareon|58/263\n|-enditem|p1a: Flareon|Toxic Orb|[from] move: Knock Off|[of] p2a: Conkeldurr\n|\n|-damage|p2a: Conkeldurr|106/299 brn|[from] brn\n|upkeep\n|turn|2\n|\n|t:|1781451862\n|move|p1a: Flareon|Quick Attack|p2a: Conkeldurr\n|-damage|p2a: Conkeldurr|65/299 brn\n|move|p2a: Conkeldurr|Mach Punch|p1a: Flareon\n|-damage|p1a: Flareon|0 fnt\n|faint|p1a: Flareon\n|\n|-damage|p2a: Conkeldurr|47/299 brn|[from] brn\n|upkeep\n|\n|t:|1781451880\n|switch|p1a: Charizard|Charizard, L85, F|271/271\n|turn|3\n|\n|t:|1781451884\n|switch|p2a: Sableye|Sableye, L88, F|231/231\n|move|p1a: Charizard|Flare Blitz|p2a: Sableye\n|-damage|p2a: Sableye|113/231\n|-damage|p1a: Charizard|232/271|[from] Recoil\n|\n|-heal|p2a: Sableye|127/231|[from] item: Leftovers\n|upkeep\n|turn|4\n|\n|t:|1781451891\n|move|p2a: Sableye|Thunder Wave|p1a: Charizard\n|-status|p1a: Charizard|par\n|cant|p1a: Charizard|par\n|\n|-heal|p2a: Sableye|141/231|[from] item: Leftovers\n|upkeep\n|turn|5\n|\n|t:|1781451896\n|move|p2a: Sableye|Knock Off|p1a: Charizard\n|-damage|p1a: Charizard|132/271 par\n|-enditem|p1a: Charizard|Heavy-Duty Boots|[from] move: Knock Off|[of] p2a: Sableye\n|move|p1a: Charizard|Flare Blitz|p2a: Sableye\n|-damage|p2a: Sableye|5/231\n|-damage|p1a: Charizard|87/271 par|[from] Recoil\n|\n|-heal|p2a: Sableye|19/231|[from] item: Leftovers\n|upkeep\n|turn|6\n|\n|t:|1781451902\n|move|p2a: Sableye|Recover|p2a: Sableye\n|-heal|p2a: Sableye|135/231\n|move|p1a: Charizard|Flare Blitz|p2a: Sableye\n|-damage|p2a: Sableye|0 fnt\n|faint|p2a: Sableye\n|-damage|p1a: Charizard|42/271 par|[from] Recoil\n|\n|upkeep\n|\n|t:|1781451904\n|switch|p2a: Basculin|Basculin-Blue-Striped, L86, F|261/261\n|turn|7\n|\n|t:|1781451911\n|move|p2a: Basculin|Flip Turn|p1a: Charizard\n|-supereffective|p1a: Charizard\n|-damage|p1a: Charizard|0 fnt\n|faint|p1a: Charizard\n|\n|t:|1781451917\n|switch|p2a: Conkeldurr|Conkeldurr, L80, F|47/299 brn|[from] Flip Turn\n|\n|-damage|p2a: Conkeldurr|29/299 brn|[from] brn\n|upkeep\n|\n|t:|1781451933\n|switch|p1a: Ditto|Ditto, L87|225/225\n|-transform|p1a: Ditto|p2a: Conkeldurr|[from] ability: Imposter\n|turn|8\n|\n|t:|1781451954\n|move|p1a: Ditto|Mach Punch|p2a: Conkeldurr\n|-damage|p2a: Conkeldurr|0 fnt\n|faint|p2a: Conkeldurr\n|\n|upkeep\n|\n|t:|1781451960\n|switch|p2a: Drifblim|Drifblim, L86, F|398/398\n|turn|9\n|\n|t:|1781451965\n|switch|p1a: Kingdra|Kingdra, L84, M|263/263\n|move|p2a: Drifblim|Shadow Ball|p1a: Kingdra\n|-damage|p1a: Kingdra|178/263\n|\n|upkeep\n|turn|10\n|\n|t:|1781451970\n|move|p1a: Kingdra|Dragon Dance|p1a: Kingdra\n|-boost|p1a: Kingdra|atk|1\n|-boost|p1a: Kingdra|spe|1\n|move|p2a: Drifblim|Shadow Ball|p1a: Kingdra\n|-damage|p1a: Kingdra|105/263\n|\n|upkeep\n|turn|11\n|\n|t:|1781451982\n|move|p1a: Kingdra|Outrage|p2a: Drifblim\n|-crit|p2a: Drifblim\n|-damage|p2a: Drifblim|0 fnt\n|-damage|p1a: Kingdra|40/263|[from] ability: Aftermath|[of] p2a: Drifblim\n|faint|p2a: Drifblim\n|\n|upkeep\n|\n|t:|1781451997\n|switch|p2a: Arceus|Arceus-Electric, L70|284/284\n|turn|12\n|\n|t:|1781451998\n|move|p1a: Kingdra|Outrage|p2a: Arceus|[from] lockedmove\n|-damage|p2a: Arceus|103/284\n|move|p2a: Arceus|Judgment|p1a: Kingdra\n|-damage|p1a: Kingdra|0 fnt\n|faint|p1a: Kingdra\n|\n|upkeep\n|\n|t:|1781452008\n|switch|p1a: Cloyster|Cloyster, L80, M|211/211\n|turn|13\n|\n|t:|1781452012\n|-terastallize|p1a: Cloyster|Ground\n|move|p2a: Arceus|Judgment|p1a: Cloyster\n|-immune|p1a: Cloyster\n|move|p1a: Cloyster|Shell Smash|p1a: Cloyster\n|-unboost|p1a: Cloyster|def|1\n|-unboost|p1a: Cloyster|spd|1\n|-boost|p1a: Cloyster|atk|2\n|-boost|p1a: Cloyster|spa|2\n|-boost|p1a: Cloyster|spe|2\n|-enditem|p1a: Cloyster|White Herb\n|-clearnegativeboost|p1a: Cloyster|[silent]\n|\n|upkeep\n|turn|14\n|\n|t:|1781452020\n|move|p1a: Cloyster|Drill Run|p2a: Arceus\n|-supereffective|p2a: Arceus\n|-damage|p2a: Arceus|0 fnt\n|faint|p2a: Arceus\n|\n|upkeep\n|\n|t:|1781452023\n|switch|p2a: Basculin|Basculin-Blue-Striped, L86, F|261/261\n|turn|15\n|\n|t:|1781452025\n|-terastallize|p2a: Basculin|Water\n|move|p2a: Basculin|Aqua Jet|p1a: Cloyster\n|-supereffective|p1a: Cloyster\n|-damage|p1a: Cloyster|95/211\n|move|p1a: Cloyster|Drill Run|p2a: Basculin\n|-damage|p2a: Basculin|81/261\n|\n|upkeep\n|turn|16\n|\n|t:|1781452031\n|switch|p1a: Hydrapple|Hydrapple, L83, F|312/312\n|move|p2a: Basculin|Aqua Jet|p1a: Hydrapple\n|-resisted|p1a: Hydrapple\n|-damage|p1a: Hydrapple|291/312\n|\n|upkeep\n|turn|17\n|\n|t:|1781452041\n|move|p2a: Basculin|Aqua Jet|p1a: Hydrapple\n|-resisted|p1a: Hydrapple\n|-damage|p1a: Hydrapple|272/312\n|move|p1a: Hydrapple|Fickle Beam|p2a: Basculin|[anim] Fickle Beam All Out\n|-activate|p1a: Hydrapple|move: Fickle Beam\n|-damage|p2a: Basculin|0 fnt\n|faint|p2a: Basculin\n|-damage|p1a: Hydrapple|241/312|[from] item: Life Orb\n|\n|upkeep\n|\n|t:|1781452042\n|switch|p2a: Noctowl|Noctowl, L95, M|344/344\n|turn|18\n|\n|t:|1781452046\n|move|p2a: Noctowl|Calm Mind|p2a: Noctowl\n|-boost|p2a: Noctowl|spa|1\n|-boost|p2a: Noctowl|spd|1\n|move|p1a: Hydrapple|Fickle Beam|p2a: Noctowl\n|-damage|p2a: Noctowl|270/344\n|-damage|p1a: Hydrapple|210/312|[from] item: Life Orb\n|\n|upkeep\n|turn|19\n|\n|t:|1781452059\n|switch|p1a: Cloyster|Cloyster, L80, M, tera:Ground|95/211\n|move|p2a: Noctowl|Calm Mind|p2a: Noctowl\n|-boost|p2a: Noctowl|spa|1\n|-boost|p2a: Noctowl|spd|1\n|\n|upkeep\n|turn|20\n|\n|t:|1781452062\n|move|p2a: Noctowl|Hyper Voice|p1a: Cloyster\n|-damage|p1a: Cloyster|0 fnt\n|faint|p1a: Cloyster\n|\n|upkeep\n|\n|t:|1781452064\n|switch|p1a: Hydrapple|Hydrapple, L83, F|312/312\n|turn|21\n|\n|t:|1781452067\n|move|p2a: Noctowl|Hurricane|p1a: Hydrapple|[miss]\n|-miss|p2a: Noctowl|p1a: Hydrapple\n|move|p1a: Hydrapple|Fickle Beam|p2a: Noctowl\n|-damage|p2a: Noctowl|219/344\n|-damage|p1a: Hydrapple|281/312|[from] item: Life Orb\n|\n|upkeep\n|turn|22\n|\n|t:|1781452069\n|move|p2a: Noctowl|Roost|p2a: Noctowl\n|-heal|p2a: Noctowl|344/344\n|-singleturn|p2a: Noctowl|move: Roost\n|move|p1a: Hydrapple|Fickle Beam|p2a: Noctowl|[anim] Fickle Beam All Out\n|-activate|p1a: Hydrapple|move: Fickle Beam\n|-damage|p2a: Noctowl|231/344\n|-damage|p1a: Hydrapple|250/312|[from] item: Life Orb\n|\n|upkeep\n|turn|23\n|\n|t:|1781452071\n|move|p2a: Noctowl|Hurricane|p1a: Hydrapple\n|-supereffective|p1a: Hydrapple\n|-damage|p1a: Hydrapple|0 fnt\n|faint|p1a: Hydrapple\n|\n|upkeep\n|\n|t:|1781452072\n|switch|p1a: Ditto|Ditto, L87|225/225\n|-transform|p1a: Ditto|p2a: Noctowl|[from] ability: Imposter\n|turn|24\n|\n|t:|1781452079\n|move|p1a: Ditto|Hurricane|p2a: Noctowl\n|-damage|p2a: Noctowl|125/344\n|move|p2a: Noctowl|Roost|p2a: Noctowl\n|-heal|p2a: Noctowl|297/344\n|-singleturn|p2a: Noctowl|move: Roost\n|\n|upkeep\n|turn|25\n|\n|t:|1781452083\n|move|p1a: Ditto|Hurricane|p2a: Noctowl\n|-damage|p2a: Noctowl|195/344\n|move|p2a: Noctowl|Calm Mind|p2a: Noctowl\n|-boost|p2a: Noctowl|spa|1\n|-boost|p2a: Noctowl|spd|1\n|\n|upkeep\n|turn|26\n|\n|t:|1781452085\n|move|p1a: Ditto|Hurricane|p2a: Noctowl\n|-damage|p2a: Noctowl|114/344\n|move|p2a: Noctowl|Roost|p2a: Noctowl\n|-heal|p2a: Noctowl|286/344\n|-singleturn|p2a: Noctowl|move: Roost\n|\n|upkeep\n|turn|27\n|\n|t:|1781452089\n|move|p1a: Ditto|Hurricane|p2a: Noctowl\n|-damage|p2a: Noctowl|208/344\n|move|p2a: Noctowl|Calm Mind|p2a: Noctowl\n|-boost|p2a: Noctowl|spa|1\n|-boost|p2a: Noctowl|spd|1\n|\n|upkeep\n|turn|28\n|\n|t:|1781452091\n|move|p1a: Ditto|Hurricane|p2a: Noctowl\n|-damage|p2a: Noctowl|141/344\n|-start|p2a: Noctowl|confusion\n|-activate|p2a: Noctowl|confusion\n|move|p2a: Noctowl|Roost|p2a: Noctowl\n|-heal|p2a: Noctowl|313/344\n|-singleturn|p2a: Noctowl|move: Roost\n|\n|upkeep\n|turn|29\n|-message|imuseless123 forfeited.\n|\n|win|malpicatepica\n", "uploadtime": 1781451838, "views": 5, "formatid": "gen9randombattle", "rating": null, "private": 0, "password": null}