{"id": "gen9randombattle-2631835727", "format": "[Gen 9] Random Battle", "players": ["IceColdAcer", "zeropepsi"], "log": "|j|\u2606IceColdAcer\n|j|\u2606zeropepsi\n|t:|1781446230\n|gametype|singles\n|player|p1|IceColdAcer|acetrainer|2011\n|player|p2|zeropepsi|hilbert|2038\n|gen|9\n|tier|[Gen 9] Random Battle\n|rated|\n|rule|Species Clause: Limit one of each Pok\u00e9mon\n|rule|HP Percentage Mod: HP is shown in percentages\n|rule|Sleep Clause Mod: Limit one foe put to sleep\n|rule|Illusion Level Mod: Illusion disguises the Pok\u00e9mon's true level\n|\n|t:|1781446230\n|teamsize|p1|6\n|teamsize|p2|6\n|start\n|switch|p1a: Darkrai|Darkrai, L77|234/234\n|switch|p2a: Bombirdier|Bombirdier, L85, F|258/258\n|turn|1\n|inactive|Battle timer is ON: inactive players will automatically lose when time's up. (requested by zeropepsi)\n|\n|t:|1781446240\n|switch|p1a: Archaludon|Archaludon, L78, F|268/268\n|move|p2a: Bombirdier|U-turn|p1a: Archaludon\n|-resisted|p1a: Archaludon\n|-damage|p1a: Archaludon|246/268\n|-ability|p1a: Archaludon|Stamina|boost\n|-boost|p1a: Archaludon|def|1\n|\n|t:|1781446248\n|switch|p2a: Brute Bonnet|Brute Bonnet, L80|309/309|[from] U-turn\n|\n|upkeep\n|turn|2\n|\n|t:|1781446254\n|move|p1a: Archaludon|Swords Dance|p1a: Archaludon\n|-boost|p1a: Archaludon|atk|2\n|move|p2a: Brute Bonnet|Close Combat|p1a: Archaludon\n|-supereffective|p1a: Archaludon\n|-damage|p1a: Archaludon|134/268\n|-unboost|p2a: Brute Bonnet|def|1\n|-unboost|p2a: Brute Bonnet|spd|1\n|-ability|p1a: Archaludon|Stamina|boost\n|-boost|p1a: Archaludon|def|1\n|\n|upkeep\n|turn|3\n|\n|t:|1781446262\n|-end|p2a: Brute Bonnet|Protosynthesis|[silent]\n|switch|p2a: Forretress|Forretress, L84, F|263/263\n|move|p1a: Archaludon|Outrage|p2a: Forretress\n|-resisted|p2a: Forretress\n|-damage|p2a: Forretress|182/263\n|\n|-heal|p2a: Forretress|198/263|[from] item: Leftovers\n|upkeep\n|turn|4\n|\n|t:|1781446265\n|move|p1a: Archaludon|Outrage|p2a: Forretress|[from] lockedmove\n|-resisted|p2a: Forretress\n|-crit|p2a: Forretress\n|-damage|p2a: Forretress|77/263\n|-start|p1a: Archaludon|confusion|[fatigue]\n|-enditem|p1a: Archaludon|Lum Berry|[eat]\n|-end|p1a: Archaludon|confusion\n|move|p2a: Forretress|Thunder Wave|p1a: Archaludon\n|-status|p1a: Archaludon|par\n|\n|-heal|p2a: Forretress|93/263|[from] item: Leftovers\n|upkeep\n|turn|5\n|\n|t:|1781446269\n|move|p2a: Forretress|Stealth Rock|p1a: Archaludon\n|-sidestart|p1: IceColdAcer|move: Stealth Rock\n|cant|p1a: Archaludon|par\n|\n|-heal|p2a: Forretress|109/263|[from] item: Leftovers\n|upkeep\n|turn|6\n|\n|t:|1781446272\n|move|p2a: Forretress|Spikes|p1a: Archaludon\n|-sidestart|p1: IceColdAcer|Spikes\n|move|p1a: Archaludon|Earthquake|p2a: Forretress\n|-damage|p2a: Forretress|18/263\n|\n|-heal|p2a: Forretress|34/263|[from] item: Leftovers\n|upkeep\n|turn|7\n|\n|t:|1781446277\n|move|p2a: Forretress|Spikes|p1a: Archaludon\n|-sidestart|p1: IceColdAcer|Spikes\n|move|p1a: Archaludon|Earthquake|p2a: Forretress\n|-damage|p2a: Forretress|0 fnt\n|faint|p2a: Forretress\n|\n|upkeep\n|\n|t:|1781446282\n|switch|p2a: Lunala|Lunala, L70|308/308\n|turn|8\n|\n|t:|1781446289\n|move|p2a: Lunala|Moongeist Beam|p1a: Archaludon\n|-damage|p1a: Archaludon|0 fnt\n|faint|p1a: Archaludon\n|\n|upkeep\n|\n|t:|1781446295\n|switch|p1a: Darkrai|Darkrai, L77|234/234\n|-damage|p1a: Darkrai|205/234|[from] Stealth Rock\n|-damage|p1a: Darkrai|166/234|[from] Spikes\n|turn|9\n|\n|t:|1781446299\n|switch|p2a: Brute Bonnet|Brute Bonnet, L80|309/309\n|move|p1a: Darkrai|Nasty Plot|p1a: Darkrai\n|-boost|p1a: Darkrai|spa|2\n|\n|-heal|p1a: Darkrai|180/234|[from] item: Leftovers\n|upkeep\n|turn|10\n|\n|t:|1781446305\n|-terastallize|p1a: Darkrai|Poison\n|move|p1a: Darkrai|Sludge Bomb|p2a: Brute Bonnet\n|-supereffective|p2a: Brute Bonnet\n|-damage|p2a: Brute Bonnet|0 fnt\n|faint|p2a: Brute Bonnet\n|-end|p2a: Brute Bonnet|Protosynthesis|[silent]\n|\n|-heal|p1a: Darkrai|194/234|[from] item: Leftovers\n|upkeep\n|\n|t:|1781446318\n|switch|p2a: Bombirdier|Bombirdier, L85, F|258/258\n|turn|11\n|\n|t:|1781446321\n|move|p1a: Darkrai|Sludge Bomb|p2a: Bombirdier\n|-damage|p2a: Bombirdier|59/258\n|move|p2a: Bombirdier|Brave Bird|p1a: Darkrai\n|-damage|p1a: Darkrai|37/234\n|-damage|p2a: Bombirdier|7/258|[from] Recoil\n|\n|-heal|p1a: Darkrai|51/234|[from] item: Leftovers\n|upkeep\n|turn|12\n|\n|t:|1781446332\n|move|p1a: Darkrai|Sludge Bomb|p2a: Bombirdier\n|-damage|p2a: Bombirdier|0 fnt\n|faint|p2a: Bombirdier\n|\n|-heal|p1a: Darkrai|65/234|[from] item: Leftovers\n|upkeep\n|\n|t:|1781446334\n|switch|p2a: Swanna|Swanna, L89, M|278/278\n|turn|13\n|\n|t:|1781446342\n|move|p1a: Darkrai|Sludge Bomb|p2a: Swanna\n|-damage|p2a: Swanna|35/278\n|move|p2a: Swanna|Brave Bird|p1a: Darkrai\n|-damage|p1a: Darkrai|0 fnt\n|faint|p1a: Darkrai\n|-damage|p2a: Swanna|14/278|[from] Recoil\n|\n|upkeep\n|\n|t:|1781446351\n|switch|p1a: Cinderace|Cinderace, L77, F|249/249\n|turn|14\n|\n|t:|1781446355\n|move|p1a: Cinderace|Pyro Ball|p2a: Swanna\n|-resisted|p2a: Swanna\n|-damage|p2a: Swanna|0 fnt\n|faint|p2a: Swanna\n|\n|upkeep\n|\n|t:|1781446362\n|switch|p2a: Vileplume|Vileplume, L85, M|266/266\n|turn|15\n|\n|t:|1781446366\n|-terastallize|p2a: Vileplume|Water\n|move|p1a: Cinderace|Court Change|p1a: Cinderace\n|-start|p1a: Cinderace|typechange|Normal|[from] ability: Libero\n|-swapsideconditions\n|-activate|p1a: Cinderace|move: Court Change\n|move|p2a: Vileplume|Strength Sap|p1a: Cinderace\n|-unboost|p1a: Cinderace|atk|1\n|\n|upkeep\n|turn|16\n|\n|t:|1781446374\n|move|p1a: Cinderace|U-turn|p2a: Vileplume\n|-damage|p2a: Vileplume|233/266\n|\n|t:|1781446379\n|switch|p1a: Masquerain|Masquerain, L87, M|264/264|[from] U-turn\n|-ability|p1a: Masquerain|Intimidate|boost\n|-unboost|p2a: Vileplume|atk|1\n|move|p2a: Vileplume|Sludge Bomb|p1a: Masquerain\n|-damage|p1a: Masquerain|144/264\n|-status|p1a: Masquerain|psn\n|\n|-heal|p2a: Vileplume|249/266|[from] item: Leftovers\n|-damage|p1a: Masquerain|111/264 psn|[from] psn\n|upkeep\n|turn|17\n|\n|t:|1781446396\n|move|p1a: Masquerain|Hurricane|p2a: Vileplume|[miss]\n|-miss|p1a: Masquerain|p2a: Vileplume\n|move|p2a: Vileplume|Sludge Bomb|p1a: Masquerain\n|-damage|p1a: Masquerain|0 fnt\n|faint|p1a: Masquerain\n|\n|-heal|p2a: Vileplume|265/266|[from] item: Leftovers\n|upkeep\n|\n|t:|1781446399\n|switch|p1a: Abomasnow|Abomasnow, L84, M|287/287\n|-weather|Snowscape|[from] ability: Snow Warning|[of] p1a: Abomasnow\n|turn|18\n|\n|t:|1781446406\n|move|p1a: Abomasnow|Wood Hammer|p2a: Vileplume\n|-supereffective|p2a: Vileplume\n|-damage|p2a: Vileplume|25/266\n|-damage|p1a: Abomasnow|208/287|[from] Recoil\n|move|p2a: Vileplume|Strength Sap|p1a: Abomasnow\n|-unboost|p1a: Abomasnow|atk|1\n|-heal|p2a: Vileplume|228/266\n|\n|-weather|Snowscape|[upkeep]\n|-heal|p2a: Vileplume|244/266|[from] item: Leftovers\n|upkeep\n|turn|19\n|\n|t:|1781446416\n|move|p1a: Abomasnow|Wood Hammer|p2a: Vileplume\n|-supereffective|p2a: Vileplume\n|-damage|p2a: Vileplume|68/266\n|-damage|p1a: Abomasnow|150/287|[from] Recoil\n|move|p2a: Vileplume|Strength Sap|p1a: Abomasnow\n|-unboost|p1a: Abomasnow|atk|1\n|-heal|p2a: Vileplume|203/266\n|\n|-weather|Snowscape|[upkeep]\n|-heal|p2a: Vileplume|219/266|[from] item: Leftovers\n|upkeep\n|turn|20\n|\n|t:|1781446422\n|move|p1a: Abomasnow|Aurora Veil|p1a: Abomasnow\n|-sidestart|p1: IceColdAcer|move: Aurora Veil\n|move|p2a: Vileplume|Strength Sap|p1a: Abomasnow\n|-unboost|p1a: Abomasnow|atk|1\n|-heal|p2a: Vileplume|266/266\n|\n|-weather|Snowscape|[upkeep]\n|upkeep\n|turn|21\n|\n|t:|1781446428\n|switch|p1a: Wyrdeer|Wyrdeer, L87, M|321/321\n|-ability|p1a: Wyrdeer|Intimidate|boost\n|-unboost|p2a: Vileplume|atk|1\n|move|p2a: Vileplume|Sludge Bomb|p1a: Wyrdeer\n|-damage|p1a: Wyrdeer|264/321\n|-status|p1a: Wyrdeer|psn\n|\n|-weather|Snowscape|[upkeep]\n|-heal|p1a: Wyrdeer|284/321 psn|[from] item: Leftovers\n|-damage|p1a: Wyrdeer|244/321 psn|[from] psn\n|upkeep\n|turn|22\n|\n|t:|1781446438\n|switch|p2a: Lunala|Lunala, L70|308/308\n|-damage|p2a: Lunala|270/308|[from] Stealth Rock\n|-damage|p2a: Lunala|219/308|[from] Spikes\n|move|p1a: Wyrdeer|Psychic Noise|p2a: Lunala\n|-resisted|p2a: Lunala\n|-damage|p2a: Lunala|174/308\n|-start|p2a: Lunala|move: Heal Block\n|\n|-weather|none\n|-heal|p1a: Wyrdeer|264/321 psn|[from] item: Leftovers\n|-damage|p1a: Wyrdeer|224/321 psn|[from] psn\n|upkeep\n|turn|23\n|\n|t:|1781446447\n|move|p2a: Lunala|Calm Mind|p2a: Lunala\n|-boost|p2a: Lunala|spa|1\n|-boost|p2a: Lunala|spd|1\n|move|p1a: Wyrdeer|Thunder Wave|p2a: Lunala\n|-status|p2a: Lunala|par\n|\n|-heal|p1a: Wyrdeer|244/321 psn|[from] item: Leftovers\n|-damage|p1a: Wyrdeer|204/321 psn|[from] psn\n|-end|p2a: Lunala|move: Heal Block\n|upkeep\n|turn|24\n|\n|t:|1781446453\n|move|p1a: Wyrdeer|Psychic Noise|p2a: Lunala\n|-resisted|p2a: Lunala\n|-damage|p2a: Lunala|142/308 par\n|-start|p2a: Lunala|move: Heal Block\n|move|p2a: Lunala|Focus Blast|p1a: Wyrdeer\n|-damage|p1a: Wyrdeer|142/321 psn\n|\n|-heal|p1a: Wyrdeer|162/321 psn|[from] item: Leftovers\n|-damage|p1a: Wyrdeer|122/321 psn|[from] psn\n|upkeep\n|turn|25\n|\n|t:|1781446461\n|move|p1a: Wyrdeer|Megahorn|p2a: Lunala|[miss]\n|-miss|p1a: Wyrdeer|p2a: Lunala\n|cant|p2a: Lunala|par\n|\n|-heal|p1a: Wyrdeer|142/321 psn|[from] item: Leftovers\n|-damage|p1a: Wyrdeer|102/321 psn|[from] psn\n|-end|p2a: Lunala|move: Heal Block\n|upkeep\n|turn|26\n|\n|t:|1781446464\n|move|p1a: Wyrdeer|Psychic Noise|p2a: Lunala\n|-resisted|p2a: Lunala\n|-crit|p2a: Lunala\n|-damage|p2a: Lunala|78/308 par\n|-start|p2a: Lunala|move: Heal Block\n|move|p2a: Lunala|Focus Blast|p1a: Wyrdeer\n|-damage|p1a: Wyrdeer|38/321 psn\n|\n|-heal|p1a: Wyrdeer|58/321 psn|[from] item: Leftovers\n|-damage|p1a: Wyrdeer|18/321 psn|[from] psn\n|upkeep\n|turn|27\n|\n|t:|1781446468\n|move|p1a: Wyrdeer|Earthquake|p2a: Lunala\n|-damage|p2a: Lunala|0 fnt\n|faint|p2a: Lunala\n|\n|-heal|p1a: Wyrdeer|38/321 psn|[from] item: Leftovers\n|-damage|p1a: Wyrdeer|0 fnt|[from] psn\n|faint|p1a: Wyrdeer\n|-sideend|p1: IceColdAcer|move: Aurora Veil\n|upkeep\n|\n|t:|1781446474\n|switch|p2a: Vileplume|Vileplume, L85, M, tera:Water|266/266\n|switch|p1a: Abomasnow|Abomasnow, L84, M|150/287\n|-weather|Snowscape|[from] ability: Snow Warning|[of] p1a: Abomasnow\n|-damage|p2a: Vileplume|233/266|[from] Stealth Rock\n|-damage|p2a: Vileplume|189/266|[from] Spikes\n|turn|28\n|\n|t:|1781446481\n|move|p1a: Abomasnow|Wood Hammer|p2a: Vileplume\n|-supereffective|p2a: Vileplume\n|-damage|p2a: Vileplume|0 fnt\n|faint|p2a: Vileplume\n|-damage|p1a: Abomasnow|88/287|[from] Recoil\n|\n|win|IceColdAcer\n", "uploadtime": 1781446232, "views": 3, "formatid": "gen9randombattle", "rating": null, "private": 0, "password": null}