{"id": "gen9randombattle-2631739890", "format": "[Gen 9] Random Battle", "players": ["joebidenfan1245", "DaMoistAvocado"], "log": "|j|\u2606joebidenfan1245\n|j|\u2606DaMoistAvocado\n|t:|1781431783\n|gametype|singles\n|player|p1|joebidenfan1245|265|1966\n|player|p2|DaMoistAvocado|steven|2019\n|gen|9\n|tier|[Gen 9] Random Battle\n|rated|\n|rule|Species Clause: Limit one of each Pok\u00e9mon\n|rule|HP Percentage Mod: HP is shown in percentages\n|rule|Sleep Clause Mod: Limit one foe put to sleep\n|rule|Illusion Level Mod: Illusion disguises the Pok\u00e9mon's true level\n|\n|t:|1781431783\n|teamsize|p1|6\n|teamsize|p2|6\n|start\n|switch|p1a: Blaziken|Blaziken, L76, F|247/247\n|switch|p2a: Ambipom|Ambipom, L84, F|263/263\n|turn|1\n|inactive|Battle timer is ON: inactive players will automatically lose when time's up. (requested by joebidenfan1245)\n|\n|t:|1781431811\n|move|p2a: Ambipom|Double-Edge|p1a: Blaziken\n|-damage|p1a: Blaziken|52/247\n|-damage|p2a: Ambipom|199/263|[from] Recoil\n|move|p1a: Blaziken|Swords Dance|p1a: Blaziken\n|-boost|p1a: Blaziken|atk|2\n|\n|-ability|p1a: Blaziken|Speed Boost|boost\n|-boost|p1a: Blaziken|spe|1\n|upkeep\n|turn|2\n|\n|t:|1781431820\n|switch|p2a: Alomomola|Alomomola, L87, F|429/429\n|move|p1a: Blaziken|Knock Off|p2a: Alomomola\n|-damage|p2a: Alomomola|260/429\n|-enditem|p2a: Alomomola|Leftovers|[from] move: Knock Off|[of] p1a: Blaziken\n|-damage|p1a: Blaziken|28/247|[from] item: Life Orb\n|\n|-ability|p1a: Blaziken|Speed Boost|boost\n|-boost|p1a: Blaziken|spe|1\n|upkeep\n|turn|3\n|\n|t:|1781431829\n|move|p1a: Blaziken|Close Combat|p2a: Alomomola\n|-damage|p2a: Alomomola|0 fnt\n|-unboost|p1a: Blaziken|def|1\n|-unboost|p1a: Blaziken|spd|1\n|faint|p2a: Alomomola\n|-damage|p1a: Blaziken|4/247|[from] item: Life Orb\n|\n|-ability|p1a: Blaziken|Speed Boost|boost\n|-boost|p1a: Blaziken|spe|1\n|upkeep\n|\n|t:|1781431835\n|switch|p2a: Ambipom|Ambipom, L84, F|199/263\n|turn|4\n|\n|t:|1781431838\n|move|p2a: Ambipom|Fake Out|p1a: Blaziken\n|-damage|p1a: Blaziken|0 fnt\n|faint|p1a: Blaziken\n|\n|upkeep\n|\n|t:|1781431862\n|switch|p1a: Clawitzer|Clawitzer, L87, M|265/265\n|turn|5\n|\n|t:|1781431866\n|move|p2a: Ambipom|U-turn|p1a: Clawitzer\n|-damage|p1a: Clawitzer|215/265\n|\n|t:|1781431880\n|switch|p2a: Rillaboom|Rillaboom, L79, M|288/288|[from] U-turn\n|-fieldstart|move: Grassy Terrain|[from] ability: Grassy Surge|[of] p2a: Rillaboom\n|move|p1a: Clawitzer|Aura Sphere|p2a: Rillaboom\n|-damage|p2a: Rillaboom|146/288\n|\n|-heal|p2a: Rillaboom|164/288|[from] Grassy Terrain\n|-heal|p1a: Clawitzer|231/265|[from] Grassy Terrain\n|upkeep\n|turn|6\n|inactive|DaMoistAvocado has 120 seconds left.\n|\n|t:|1781431934\n|switch|p1a: Fezandipiti|Fezandipiti, L82, M|278/278\n|move|p2a: Rillaboom|Wood Hammer|p1a: Fezandipiti\n|-resisted|p1a: Fezandipiti\n|-damage|p1a: Fezandipiti|153/278\n|-damage|p2a: Rillaboom|123/288|[from] Recoil\n|-damage|p2a: Rillaboom|95/288|[from] item: Life Orb\n|\n|-heal|p1a: Fezandipiti|170/278|[from] Grassy Terrain\n|-heal|p1a: Fezandipiti|187/278|[from] item: Leftovers\n|-heal|p2a: Rillaboom|113/288|[from] Grassy Terrain\n|upkeep\n|turn|7\n|\n|t:|1781431953\n|switch|p2a: Rampardos|Rampardos, L90, F|321/321\n|move|p1a: Fezandipiti|Gunk Shot|p2a: Rampardos|[miss]\n|-miss|p1a: Fezandipiti|p2a: Rampardos\n|\n|-heal|p1a: Fezandipiti|204/278|[from] Grassy Terrain\n|-heal|p1a: Fezandipiti|221/278|[from] item: Leftovers\n|upkeep\n|turn|8\n|inactive|joebidenfan1245 has 120 seconds left.\n|\n|t:|1781431986\n|switch|p1a: Dudunsparce|Dudunsparce-Three-Segment, L83, F|343/343\n|move|p2a: Rampardos|Zen Headbutt|p1a: Dudunsparce\n|-damage|p1a: Dudunsparce|156/343\n|\n|-heal|p1a: Dudunsparce|177/343|[from] Grassy Terrain\n|-heal|p1a: Dudunsparce|198/343|[from] item: Leftovers\n|upkeep\n|turn|9\n|\n|t:|1781432013\n|move|p2a: Rampardos|Rock Slide|p1a: Dudunsparce\n|-damage|p1a: Dudunsparce|0 fnt\n|faint|p1a: Dudunsparce\n|\n|-fieldend|move: Grassy Terrain\n|upkeep\n|\n|t:|1781432018\n|switch|p1a: Clawitzer|Clawitzer, L87, M|231/265\n|turn|10\n|inactive|DaMoistAvocado has 90 seconds left.\n|\n|t:|1781432041\n|move|p2a: Rampardos|Rock Slide|p1a: Clawitzer\n|-damage|p1a: Clawitzer|5/265\n|move|p1a: Clawitzer|Aura Sphere|p2a: Rampardos\n|-supereffective|p2a: Rampardos\n|-damage|p2a: Rampardos|27/321\n|\n|upkeep\n|turn|11\n|\n|t:|1781432050\n|move|p2a: Rampardos|Fire Punch|p1a: Clawitzer\n|-resisted|p1a: Clawitzer\n|-damage|p1a: Clawitzer|0 fnt\n|faint|p1a: Clawitzer\n|\n|upkeep\n|\n|t:|1781432067\n|switch|p1a: Cryogonal|Cryogonal, L89|287/287\n|turn|12\n|inactive|DaMoistAvocado has 90 seconds left.\n|\n|t:|1781432089\n|move|p1a: Cryogonal|Flash Cannon|p2a: Rampardos\n|-supereffective|p2a: Rampardos\n|-damage|p2a: Rampardos|0 fnt\n|faint|p2a: Rampardos\n|\n|upkeep\n|inactive|DaMoistAvocado has 90 seconds left.\n|\n|t:|1781432103\n|switch|p2a: Pawmot|Pawmot, L80, F|243/243\n|turn|13\n|inactive|DaMoistAvocado has 90 seconds left.\n|inactive|DaMoistAvocado has 60 seconds left.\n|\n|t:|1781432138\n|switch|p1a: Fezandipiti|Fezandipiti, L82, M|221/278\n|move|p2a: Pawmot|Close Combat|p1a: Fezandipiti\n|-resisted|p1a: Fezandipiti\n|-damage|p1a: Fezandipiti|170/278\n|-unboost|p2a: Pawmot|def|1\n|-unboost|p2a: Pawmot|spd|1\n|-damage|p2a: Pawmot|219/243|[from] item: Life Orb\n|\n|-heal|p1a: Fezandipiti|187/278|[from] item: Leftovers\n|upkeep\n|turn|14\n|\n|t:|1781432150\n|move|p2a: Pawmot|Double Shock|p1a: Fezandipiti\n|-damage|p1a: Fezandipiti|6/278\n|-start|p2a: Pawmot|typechange|???/Fighting|[from] move: Double Shock\n|-damage|p2a: Pawmot|195/243|[from] item: Life Orb\n|move|p1a: Fezandipiti|Swords Dance|p1a: Fezandipiti\n|-boost|p1a: Fezandipiti|atk|2\n|\n|-heal|p1a: Fezandipiti|23/278|[from] item: Leftovers\n|upkeep\n|turn|15\n|\n|t:|1781432160\n|move|p2a: Pawmot|Ice Punch|p1a: Fezandipiti\n|-damage|p1a: Fezandipiti|0 fnt\n|faint|p1a: Fezandipiti\n|-damage|p2a: Pawmot|171/243|[from] item: Life Orb\n|\n|upkeep\n|\n|t:|1781432163\n|switch|p1a: Hoopa|Hoopa-Unbound, L80|259/259\n|turn|16\n|inactive|DaMoistAvocado has 60 seconds left.\n|\n|t:|1781432217\n|switch|p2a: Minior|Minior-Green, L79|224/224\n|-formechange|p2a: Minior|Minior-Meteor||[from] ability: Shields Down\n|move|p1a: Hoopa|Drain Punch|p2a: Minior\n|-damage|p2a: Minior|123/224\n|\n|upkeep\n|turn|17\n|\n|t:|1781432230\n|move|p1a: Hoopa|Drain Punch|p2a: Minior\n|-damage|p2a: Minior|14/224\n|move|p2a: Minior|Shell Smash|p2a: Minior\n|-unboost|p2a: Minior|def|1\n|-unboost|p2a: Minior|spd|1\n|-boost|p2a: Minior|atk|2\n|-boost|p2a: Minior|spa|2\n|-boost|p2a: Minior|spe|2\n|-enditem|p2a: Minior|White Herb\n|-clearnegativeboost|p2a: Minior|[silent]\n|\n|-formechange|p2a: Minior|Minior-Green||[from] ability: Shields Down\n|upkeep\n|turn|18\n|\n|t:|1781432235\n|move|p2a: Minior|Acrobatics|p1a: Hoopa\n|-damage|p1a: Hoopa|0 fnt\n|faint|p1a: Hoopa\n|\n|upkeep\n|\n|t:|1781432237\n|switch|p1a: Cryogonal|Cryogonal, L89|287/287\n|turn|19\n|inactive|joebidenfan1245 has 120 seconds left.\n|inactive|DaMoistAvocado has 60 seconds left.\n|\n|t:|1781432253\n|-terastallize|p1a: Cryogonal|Steel\n|move|p2a: Minior|Acrobatics|p1a: Cryogonal\n|-resisted|p1a: Cryogonal\n|-damage|p1a: Cryogonal|143/287\n|move|p1a: Cryogonal|Rapid Spin|p2a: Minior\n|-resisted|p2a: Minior\n|-damage|p2a: Minior|0 fnt\n|-boost|p1a: Cryogonal|spe|1\n|faint|p2a: Minior\n|\n|upkeep\n|\n|t:|1781432265\n|switch|p2a: Pawmot|Pawmot, L80, F|171/243\n|turn|20\n|c|\u2606joebidenfan1245|inshallah freeze\n|\n|t:|1781432274\n|move|p1a: Cryogonal|Freeze-Dry|p2a: Pawmot\n|-damage|p2a: Pawmot|56/243\n|move|p2a: Pawmot|Close Combat|p1a: Cryogonal\n|-supereffective|p1a: Cryogonal\n|-damage|p1a: Cryogonal|0 fnt\n|-unboost|p2a: Pawmot|def|1\n|-unboost|p2a: Pawmot|spd|1\n|faint|p1a: Cryogonal\n|-damage|p2a: Pawmot|32/243|[from] item: Life Orb\n|\n|win|DaMoistAvocado\n", "uploadtime": 1781431785, "views": 3, "formatid": "gen9randombattle", "rating": null, "private": 0, "password": null}