{"id": "gen9randombattle-2631460027", "format": "[Gen 9] Random Battle", "players": ["fortnitekid1212", "taipeiqueen22"], "log": "|j|\u2606fortnitekid1212\n|j|\u2606taipeiqueen22\n|t:|1781387373\n|gametype|singles\n|player|p1|fortnitekid1212|169|1943\n|player|p2|taipeiqueen22|erika|1979\n|gen|9\n|tier|[Gen 9] Random Battle\n|rated|\n|rule|Species Clause: Limit one of each Pok\u00e9mon\n|rule|HP Percentage Mod: HP is shown in percentages\n|rule|Sleep Clause Mod: Limit one foe put to sleep\n|rule|Illusion Level Mod: Illusion disguises the Pok\u00e9mon's true level\n|\n|t:|1781387373\n|teamsize|p1|6\n|teamsize|p2|6\n|start\n|switch|p1a: Rabsca|Rabsca, L91, M|284/284\n|switch|p2a: Houndstone|Houndstone, L86, F|264/264\n|turn|1\n|inactive|Battle timer is ON: inactive players will automatically lose when time's up. (requested by fortnitekid1212)\n|\n|t:|1781387383\n|switch|p1a: Porygon2|Porygon2, L81|270/270\n|-ability|p1a: Porygon2|Download|boost\n|-boost|p1a: Porygon2|spa|1\n|move|p2a: Houndstone|Poltergeist|p1a: Porygon2\n|-immune|p1a: Porygon2\n|\n|upkeep\n|turn|2\n|\n|t:|1781387411\n|switch|p2a: Iron Boulder|Iron Boulder, L77|265/265\n|move|p1a: Porygon2|Discharge|p2a: Iron Boulder\n|-damage|p2a: Iron Boulder|183/265\n|-status|p2a: Iron Boulder|par\n|\n|upkeep\n|turn|3\n|\n|t:|1781387425\n|switch|p1a: Shaymin|Shaymin, L82|298/298\n|cant|p2a: Iron Boulder|par\n|\n|upkeep\n|turn|4\n|inactive|taipeiqueen22 has 120 seconds left.\n|\n|t:|1781387447\n|-end|p2a: Iron Boulder|Quark Drive|[silent]\n|switch|p2a: Eternatus|Eternatus, L69|308/308\n|-ability|p2a: Eternatus|Pressure\n|move|p1a: Shaymin|Seed Flare|p2a: Eternatus\n|-resisted|p2a: Eternatus\n|-damage|p2a: Eternatus|273/308\n|\n|upkeep\n|turn|5\n|inactive|taipeiqueen22 has 120 seconds left.\n|\n|t:|1781387471\n|move|p2a: Eternatus|Sludge Bomb|p1a: Shaymin\n|-supereffective|p1a: Shaymin\n|-damage|p1a: Shaymin|128/298\n|-status|p1a: Shaymin|psn\n|move|p1a: Shaymin|Earth Power|p2a: Eternatus\n|-supereffective|p2a: Eternatus\n|-crit|p2a: Eternatus\n|-damage|p2a: Eternatus|55/308\n|\n|-heal|p1a: Shaymin|146/298 psn|[from] item: Leftovers\n|-damage|p1a: Shaymin|109/298 psn|[from] psn\n|upkeep\n|turn|6\n|\n|t:|1781387482\n|-curestatus|p1a: Shaymin|psn|[from] ability: Natural Cure|[silent]\n|switch|p1a: Pecharunt|Pecharunt, L77|262/262\n|move|p2a: Eternatus|Sludge Bomb|p1a: Pecharunt\n|-resisted|p1a: Pecharunt\n|-crit|p1a: Pecharunt\n|-damage|p1a: Pecharunt|228/262\n|\n|-heal|p1a: Pecharunt|244/262|[from] item: Leftovers\n|upkeep\n|turn|7\n|\n|t:|1781387489\n|move|p2a: Eternatus|Recover|p2a: Eternatus\n|-heal|p2a: Eternatus|209/308\n|move|p1a: Pecharunt|Nasty Plot|p1a: Pecharunt\n|-boost|p1a: Pecharunt|spa|2\n|\n|-heal|p1a: Pecharunt|260/262|[from] item: Leftovers\n|upkeep\n|turn|8\n|inactive|fortnitekid1212 has 120 seconds left.\n|\n|t:|1781387541\n|move|p2a: Eternatus|Dynamax Cannon|p1a: Pecharunt\n|-damage|p1a: Pecharunt|155/262\n|move|p1a: Pecharunt|Shadow Ball|p2a: Eternatus\n|-damage|p2a: Eternatus|67/308\n|\n|-heal|p1a: Pecharunt|171/262|[from] item: Leftovers\n|upkeep\n|turn|9\n|\n|t:|1781387549\n|move|p2a: Eternatus|Dynamax Cannon|p1a: Pecharunt\n|-damage|p1a: Pecharunt|69/262\n|move|p1a: Pecharunt|Recover|p1a: Pecharunt\n|-heal|p1a: Pecharunt|200/262\n|\n|-heal|p1a: Pecharunt|216/262|[from] item: Leftovers\n|upkeep\n|turn|10\n|\n|t:|1781387558\n|switch|p2a: Toedscruel|Toedscruel, L87, M|281/281\n|move|p1a: Pecharunt|Shadow Ball|p2a: Toedscruel\n|-damage|p2a: Toedscruel|181/281\n|\n|-heal|p2a: Toedscruel|198/281|[from] item: Leftovers\n|-heal|p1a: Pecharunt|232/262|[from] item: Leftovers\n|upkeep\n|turn|11\n|inactive|fortnitekid1212 has 120 seconds left.\n|\n|t:|1781387569\n|move|p2a: Toedscruel|Knock Off|p1a: Pecharunt\n|-supereffective|p1a: Pecharunt\n|-damage|p1a: Pecharunt|158/262\n|-enditem|p1a: Pecharunt|Leftovers|[from] move: Knock Off|[of] p2a: Toedscruel\n|move|p1a: Pecharunt|Malignant Chain|p2a: Toedscruel\n|-damage|p2a: Toedscruel|75/281\n|\n|-heal|p2a: Toedscruel|92/281|[from] item: Leftovers\n|upkeep\n|turn|12\n|\n|t:|1781387575\n|move|p2a: Toedscruel|Earth Power|p1a: Pecharunt\n|-supereffective|p1a: Pecharunt\n|-damage|p1a: Pecharunt|0 fnt\n|faint|p1a: Pecharunt\n|\n|-heal|p2a: Toedscruel|109/281|[from] item: Leftovers\n|upkeep\n|\n|t:|1781387581\n|switch|p1a: Porygon2|Porygon2, L81|270/270\n|-ability|p1a: Porygon2|Download|boost\n|-boost|p1a: Porygon2|atk|1\n|turn|13\n|\n|t:|1781387588\n|move|p2a: Toedscruel|Knock Off|p1a: Porygon2\n|-damage|p1a: Porygon2|232/270\n|-enditem|p1a: Porygon2|Eviolite|[from] move: Knock Off|[of] p2a: Toedscruel\n|move|p1a: Porygon2|Ice Beam|p2a: Toedscruel\n|-supereffective|p2a: Toedscruel\n|-damage|p2a: Toedscruel|0 fnt\n|faint|p2a: Toedscruel\n|\n|upkeep\n|\n|t:|1781387612\n|switch|p2a: Mew|Mew, L82|298/298\n|turn|14\n|\n|t:|1781387621\n|move|p2a: Mew|Nasty Plot|p2a: Mew\n|-boost|p2a: Mew|spa|2\n|move|p1a: Porygon2|Tri Attack|p2a: Mew\n|-damage|p2a: Mew|220/298\n|\n|upkeep\n|turn|15\n|\n|t:|1781387628\n|move|p2a: Mew|Aura Sphere|p1a: Porygon2\n|-supereffective|p1a: Porygon2\n|-damage|p1a: Porygon2|0 fnt\n|faint|p1a: Porygon2\n|-damage|p2a: Mew|191/298|[from] item: Life Orb\n|\n|upkeep\n|\n|t:|1781387634\n|switch|p1a: Rabsca|Rabsca, L91, M|284/284\n|turn|16\n|\n|t:|1781387638\n|move|p2a: Mew|Dark Pulse|p1a: Rabsca\n|-supereffective|p1a: Rabsca\n|-damage|p1a: Rabsca|42/284\n|-damage|p2a: Mew|162/298|[from] item: Life Orb\n|move|p1a: Rabsca|Trick Room|p1a: Rabsca\n|-fieldstart|move: Trick Room|[of] p1a: Rabsca\n|\n|upkeep\n|turn|17\n|\n|t:|1781387649\n|switch|p2a: Houndstone|Houndstone, L86, F|264/264\n|move|p1a: Rabsca|Bug Buzz|p2a: Houndstone\n|-resisted|p2a: Houndstone\n|-damage|p2a: Houndstone|225/264\n|\n|upkeep\n|turn|18\n|\n|t:|1781387664\n|move|p2a: Houndstone|Shadow Sneak|p1a: Rabsca\n|-supereffective|p1a: Rabsca\n|-damage|p1a: Rabsca|0 fnt\n|faint|p1a: Rabsca\n|\n|upkeep\n|\n|t:|1781387668\n|switch|p1a: Probopass|Probopass, L91, F|257/257\n|turn|19\n|inactive|taipeiqueen22 has 120 seconds left.\n|\n|t:|1781387715\n|switch|p2a: Mew|Mew, L82|162/298\n|move|p1a: Probopass|Iron Defense|p1a: Probopass\n|-boost|p1a: Probopass|def|2\n|\n|upkeep\n|turn|20\n|\n|t:|1781387731\n|-terastallize|p1a: Probopass|Fighting\n|move|p1a: Probopass|Body Press|p2a: Mew\n|-resisted|p2a: Mew\n|-damage|p2a: Mew|36/298\n|move|p2a: Mew|Nasty Plot|p2a: Mew\n|-boost|p2a: Mew|spa|2\n|\n|-fieldend|move: Trick Room\n|upkeep\n|turn|21\n|\n|t:|1781387743\n|move|p2a: Mew|Psyshock|p1a: Probopass\n|-supereffective|p1a: Probopass\n|-damage|p1a: Probopass|122/257\n|-damage|p2a: Mew|7/298|[from] item: Life Orb\n|move|p1a: Probopass|Flash Cannon|p2a: Mew\n|-damage|p2a: Mew|0 fnt\n|faint|p2a: Mew\n|\n|-heal|p1a: Probopass|138/257|[from] item: Leftovers\n|upkeep\n|inactive|taipeiqueen22 has 90 seconds left.\n|\n|t:|1781387779\n|switch|p2a: Eternatus|Eternatus, L69|67/308\n|-ability|p2a: Eternatus|Pressure\n|turn|22\n|\n|t:|1781387791\n|move|p2a: Eternatus|Dynamax Cannon|p1a: Probopass\n|-damage|p1a: Probopass|83/257\n|move|p1a: Probopass|Flash Cannon|p2a: Eternatus\n|-damage|p2a: Eternatus|0 fnt\n|faint|p2a: Eternatus\n|\n|-heal|p1a: Probopass|99/257|[from] item: Leftovers\n|upkeep\n|inactive|taipeiqueen22 has 90 seconds left.\n|\n|t:|1781387798\n|switch|p2a: Regieleki|Regieleki, L79|256/256\n|turn|23\n|\n|t:|1781387811\n|-terastallize|p2a: Regieleki|Electric\n|move|p2a: Regieleki|Thunderbolt|p1a: Probopass\n|-damage|p1a: Probopass|0 fnt\n|faint|p1a: Probopass\n|\n|upkeep\n|\n|t:|1781387816\n|switch|p1a: Shaymin|Shaymin, L82|109/298\n|turn|24\n|\n|t:|1781387819\n|move|p2a: Regieleki|Volt Switch|p1a: Shaymin\n|-resisted|p1a: Shaymin\n|-damage|p1a: Shaymin|43/298\n|\n|t:|1781387823\n|switch|p2a: Houndstone|Houndstone, L86, F|225/264|[from] Volt Switch\n|move|p1a: Shaymin|Synthesis|p1a: Shaymin\n|-heal|p1a: Shaymin|192/298\n|\n|-heal|p1a: Shaymin|210/298|[from] item: Leftovers\n|upkeep\n|turn|25\n|\n|t:|1781387831\n|move|p1a: Shaymin|Seed Flare|p2a: Houndstone\n|-damage|p2a: Houndstone|150/264\n|move|p2a: Houndstone|Poltergeist|p1a: Shaymin\n|-activate|p1a: Shaymin|move: Poltergeist|Leftovers\n|-damage|p1a: Shaymin|93/298\n|\n|-heal|p1a: Shaymin|111/298|[from] item: Leftovers\n|upkeep\n|turn|26\n|inactive|fortnitekid1212 has 120 seconds left.\n|\n|t:|1781387862\n|move|p1a: Shaymin|Synthesis|p1a: Shaymin\n|-heal|p1a: Shaymin|260/298\n|move|p2a: Houndstone|Poltergeist|p1a: Shaymin\n|-activate|p1a: Shaymin|move: Poltergeist|Leftovers\n|-damage|p1a: Shaymin|136/298\n|\n|-heal|p1a: Shaymin|154/298|[from] item: Leftovers\n|upkeep\n|turn|27\n|\n|t:|1781387875\n|move|p1a: Shaymin|Synthesis|p1a: Shaymin\n|-heal|p1a: Shaymin|298/298\n|move|p2a: Houndstone|Poltergeist|p1a: Shaymin\n|-activate|p1a: Shaymin|move: Poltergeist|Leftovers\n|-damage|p1a: Shaymin|171/298\n|\n|-heal|p1a: Shaymin|189/298|[from] item: Leftovers\n|upkeep\n|turn|28\n|inactive|fortnitekid1212 has 120 seconds left.\n|\n|t:|1781387906\n|move|p1a: Shaymin|Seed Flare|p2a: Houndstone\n|-damage|p2a: Houndstone|81/264\n|move|p2a: Houndstone|Play Rough|p1a: Shaymin\n|-damage|p1a: Shaymin|128/298\n|\n|-heal|p1a: Shaymin|146/298|[from] item: Leftovers\n|upkeep\n|turn|29\n|\n|t:|1781387914\n|move|p1a: Shaymin|Synthesis|p1a: Shaymin\n|-heal|p1a: Shaymin|295/298\n|move|p2a: Houndstone|Poltergeist|p1a: Shaymin\n|-activate|p1a: Shaymin|move: Poltergeist|Leftovers\n|-damage|p1a: Shaymin|172/298\n|\n|-heal|p1a: Shaymin|190/298|[from] item: Leftovers\n|upkeep\n|turn|30\n|\n|t:|1781387920\n|move|p1a: Shaymin|Seed Flare|p2a: Houndstone\n|-damage|p2a: Houndstone|0 fnt\n|faint|p2a: Houndstone\n|\n|-heal|p1a: Shaymin|208/298|[from] item: Leftovers\n|upkeep\n|\n|t:|1781387927\n|switch|p2a: Regieleki|Regieleki, L79, tera:Electric|256/256\n|turn|31\n|\n|t:|1781387934\n|move|p2a: Regieleki|Volt Switch|p1a: Shaymin\n|-resisted|p1a: Shaymin\n|-damage|p1a: Shaymin|142/298\n|\n|t:|1781387937\n|switch|p2a: Iron Boulder|Iron Boulder, L77|183/265 par|[from] Volt Switch\n|move|p1a: Shaymin|Synthesis|p1a: Shaymin\n|-heal|p1a: Shaymin|291/298\n|\n|-heal|p1a: Shaymin|298/298|[from] item: Leftovers\n|upkeep\n|turn|32\n|\n|t:|1781387944\n|move|p1a: Shaymin|Seed Flare|p2a: Iron Boulder\n|-supereffective|p2a: Iron Boulder\n|-damage|p2a: Iron Boulder|0 fnt\n|faint|p2a: Iron Boulder\n|-end|p2a: Iron Boulder|Quark Drive|[silent]\n|\n|upkeep\n|\n|t:|1781387946\n|switch|p2a: Regieleki|Regieleki, L79, tera:Electric|256/256\n|turn|33\n|-message|taipeiqueen22 forfeited.\n|\n|win|fortnitekid1212\n", "uploadtime": 1781387374, "views": 4, "formatid": "gen9randombattle", "rating": null, "private": 0, "password": null}