{"id": "gen9randombattle-2631522714", "format": "[Gen 9] Random Battle", "players": ["stallwinsall", "ajtehpro"], "log": "|j|\u2606stallwinsall\n|j|\u2606ajtehpro\n|t:|1781396189\n|gametype|singles\n|player|p1|stallwinsall|1|2007\n|player|p2|ajtehpro|170|2004\n|gen|9\n|tier|[Gen 9] Random Battle\n|rated|\n|rule|Species Clause: Limit one of each Pok\u00e9mon\n|rule|HP Percentage Mod: HP is shown in percentages\n|rule|Sleep Clause Mod: Limit one foe put to sleep\n|rule|Illusion Level Mod: Illusion disguises the Pok\u00e9mon's true level\n|\n|t:|1781396189\n|teamsize|p1|6\n|teamsize|p2|6\n|start\n|switch|p1a: Klawf|Klawf, L90, F|272/272\n|switch|p2a: Persian|Persian-Alola, L86, M|252/252\n|turn|1\n|inactive|Battle timer is ON: inactive players will automatically lose when time's up. (requested by stallwinsall)\n|\n|t:|1781396202\n|move|p2a: Persian|Thunder Wave|p1a: Klawf\n|-status|p1a: Klawf|par\n|move|p1a: Klawf|Stealth Rock|p2a: Persian\n|-sidestart|p2: ajtehpro|move: Stealth Rock\n|\n|upkeep\n|turn|2\n|\n|t:|1781396207\n|move|p2a: Persian|Parting Shot|p1a: Klawf\n|-unboost|p1a: Klawf|atk|1\n|-unboost|p1a: Klawf|spa|1\n|\n|t:|1781396222\n|switch|p2a: Mew|Mew, L82|298/298|[from] Parting Shot\n|-damage|p2a: Mew|261/298|[from] Stealth Rock\n|move|p1a: Klawf|Knock Off|p2a: Mew\n|-supereffective|p2a: Mew\n|-damage|p2a: Mew|136/298\n|-enditem|p2a: Mew|Leftovers|[from] move: Knock Off|[of] p1a: Klawf\n|-damage|p1a: Klawf|245/272 par|[from] item: Life Orb\n|\n|upkeep\n|turn|3\n|\n|t:|1781396231\n|switch|p1a: Mightyena|Mightyena, L96, F|290/290\n|-ability|p1a: Mightyena|Intimidate|boost\n|-unboost|p2a: Mew|atk|1\n|move|p2a: Mew|Toxic Spikes|p1a: Mightyena\n|-sidestart|p1: stallwinsall|move: Toxic Spikes\n|\n|upkeep\n|turn|4\n|\n|t:|1781396244\n|move|p2a: Mew|U-turn|p1a: Mightyena\n|-supereffective|p1a: Mightyena\n|-damage|p1a: Mightyena|228/290\n|\n|t:|1781396253\n|switch|p2a: Arceus|Arceus-Bug, L73|295/295|[from] U-turn\n|-damage|p2a: Arceus|222/295|[from] Stealth Rock\n|move|p1a: Mightyena|Throat Chop|p2a: Arceus\n|-crit|p2a: Arceus\n|-damage|p2a: Arceus|92/295\n|-start|p2a: Arceus|Throat Chop|[silent]\n|\n|upkeep\n|turn|5\n|inactive|stallwinsall has 120 seconds left.\n|\n|t:|1781396288\n|switch|p1a: Klawf|Klawf, L90, F|272/272 par\n|move|p2a: Arceus|Recover|p2a: Arceus\n|-heal|p2a: Arceus|240/295\n|\n|-end|p2a: Arceus|Throat Chop|[silent]\n|upkeep\n|turn|6\n|\n|t:|1781396303\n|move|p2a: Arceus|Judgment|p1a: Klawf\n|-damage|p1a: Klawf|127/272 par\n|move|p1a: Klawf|Stone Edge|p2a: Arceus\n|-supereffective|p2a: Arceus\n|-damage|p2a: Arceus|0 fnt\n|faint|p2a: Arceus\n|-damage|p1a: Klawf|100/272 par|[from] item: Life Orb\n|\n|upkeep\n|\n|t:|1781396312\n|switch|p2a: Persian|Persian-Alola, L86, M|252/252\n|turn|7\n|inactive|stallwinsall has 120 seconds left.\n|\n|t:|1781396352\n|move|p2a: Persian|Foul Play|p1a: Klawf\n|-damage|p1a: Klawf|21/272 par\n|move|p1a: Klawf|Stone Edge|p2a: Persian\n|-damage|p2a: Persian|155/252\n|-damage|p1a: Klawf|0 fnt|[from] item: Life Orb\n|faint|p1a: Klawf\n|\n|upkeep\n|\n|t:|1781396355\n|switch|p1a: Ribombee|Ribombee, L83, F|235/235\n|turn|8\n|\n|t:|1781396364\n|switch|p2a: Dusknoir|Dusknoir, L89, M|225/225\n|-damage|p2a: Dusknoir|197/225|[from] Stealth Rock\n|-item|p1a: Ribombee|Heavy-Duty Boots|[from] ability: Frisk|[of] p2a: Dusknoir\n|move|p1a: Ribombee|Quiver Dance|p1a: Ribombee\n|-boost|p1a: Ribombee|spa|1\n|-boost|p1a: Ribombee|spd|1\n|-boost|p1a: Ribombee|spe|1\n|\n|-heal|p2a: Dusknoir|211/225|[from] item: Leftovers\n|upkeep\n|turn|9\n|inactive|stallwinsall has 120 seconds left.\n|\n|t:|1781396372\n|move|p1a: Ribombee|Moonblast|p2a: Dusknoir\n|-damage|p2a: Dusknoir|108/225\n|move|p2a: Dusknoir|Poltergeist|p1a: Ribombee\n|-activate|p1a: Ribombee|move: Poltergeist|Heavy-Duty Boots\n|-damage|p1a: Ribombee|46/235\n|\n|-heal|p2a: Dusknoir|122/225|[from] item: Leftovers\n|upkeep\n|turn|10\n|\n|t:|1781396378\n|move|p1a: Ribombee|Moonblast|p2a: Dusknoir\n|-damage|p2a: Dusknoir|31/225\n|move|p2a: Dusknoir|Poltergeist|p1a: Ribombee|[miss]\n|-miss|p2a: Dusknoir|p1a: Ribombee\n|\n|-heal|p2a: Dusknoir|45/225|[from] item: Leftovers\n|upkeep\n|turn|11\n|\n|t:|1781396383\n|move|p1a: Ribombee|Moonblast|p2a: Dusknoir\n|-damage|p2a: Dusknoir|0 fnt\n|faint|p2a: Dusknoir\n|\n|upkeep\n|\n|t:|1781396393\n|switch|p2a: Munkidori|Munkidori, L79, M|269/269\n|-damage|p2a: Munkidori|236/269|[from] Stealth Rock\n|turn|12\n|\n|t:|1781396398\n|-terastallize|p1a: Ribombee|Ground\n|move|p1a: Ribombee|Tera Blast|p2a: Munkidori|[anim] Tera Blast Ground\n|-supereffective|p2a: Munkidori\n|-damage|p2a: Munkidori|0 fnt\n|faint|p2a: Munkidori\n|\n|upkeep\n|-message|ajtehpro forfeited.\n|\n|win|stallwinsall\n", "uploadtime": 1781396192, "views": 3, "formatid": "gen9randombattle", "rating": null, "private": 0, "password": null}