{"id": "gen9randombattle-2631876552", "format": "[Gen 9] Random Battle", "players": ["grabschaender", "cosmic_dark"], "log": "|j|\u2606grabschaender\n|j|\u2606cosmic_dark\n|t:|1781450977\n|gametype|singles\n|player|p1|grabschaender|candice|2279\n|player|p2|cosmic_dark|hilda-wonderlauncher|2291\n|gen|9\n|tier|[Gen 9] Random Battle\n|rated|\n|rule|Species Clause: Limit one of each Pok\u00e9mon\n|rule|HP Percentage Mod: HP is shown in percentages\n|rule|Sleep Clause Mod: Limit one foe put to sleep\n|rule|Illusion Level Mod: Illusion disguises the Pok\u00e9mon's true level\n|\n|t:|1781450977\n|teamsize|p1|6\n|teamsize|p2|6\n|start\n|switch|p1a: Avalugg|Avalugg, L88, M|310/310\n|switch|p2a: Darkrai|Darkrai, L77|234/234\n|turn|1\n|inactive|Battle timer is ON: inactive players will automatically lose when time's up. (requested by cosmic_dark)\n|\n|t:|1781450985\n|move|p2a: Darkrai|Substitute|p2a: Darkrai\n|-start|p2a: Darkrai|Substitute\n|-damage|p2a: Darkrai|176/234\n|move|p1a: Avalugg|Body Press|p2a: Darkrai\n|-supereffective|p2a: Darkrai\n|-end|p2a: Darkrai|Substitute\n|\n|-heal|p2a: Darkrai|190/234|[from] item: Leftovers\n|upkeep\n|turn|2\n|\n|t:|1781450991\n|move|p2a: Darkrai|Dark Pulse|p1a: Avalugg\n|-damage|p1a: Avalugg|162/310\n|move|p1a: Avalugg|Body Press|p2a: Darkrai\n|-supereffective|p2a: Darkrai\n|-damage|p2a: Darkrai|0 fnt\n|faint|p2a: Darkrai\n|\n|upkeep\n|\n|t:|1781451001\n|switch|p2a: Cinderace|Cinderace, L77, M|249/249\n|turn|3\n|\n|t:|1781451006\n|switch|p1a: Regirock|Regirock, L83|268/268\n|move|p2a: Cinderace|Pyro Ball|p1a: Regirock\n|-resisted|p1a: Regirock\n|-damage|p1a: Regirock|236/268\n|\n|upkeep\n|turn|4\n|\n|t:|1781451013\n|move|p2a: Cinderace|U-turn|p1a: Regirock\n|-start|p2a: Cinderace|typechange|Bug|[from] ability: Libero\n|-damage|p1a: Regirock|197/268\n|\n|t:|1781451017\n|switch|p2a: Raikou|Raikou, L81|278/278|[from] U-turn\n|-ability|p2a: Raikou|Pressure\n|move|p1a: Regirock|Body Press|p2a: Raikou\n|-damage|p2a: Raikou|166/278\n|\n|-heal|p2a: Raikou|183/278|[from] item: Leftovers\n|upkeep\n|turn|5\n|\n|t:|1781451026\n|switch|p1a: Raichu|Raichu-Alola, L87, M|246/246\n|move|p2a: Raikou|Scald|p1a: Raichu\n|-damage|p1a: Raichu|188/246\n|\n|-heal|p2a: Raikou|200/278|[from] item: Leftovers\n|upkeep\n|turn|6\n|\n|t:|1781451030\n|move|p1a: Raichu|Psychic|p2a: Raikou\n|-damage|p2a: Raikou|52/278\n|move|p2a: Raikou|Scald|p1a: Raichu\n|-damage|p1a: Raichu|124/246\n|\n|-heal|p2a: Raikou|69/278|[from] item: Leftovers\n|upkeep\n|turn|7\n|\n|t:|1781451037\n|move|p1a: Raichu|Psychic|p2a: Raikou\n|-damage|p2a: Raikou|0 fnt\n|faint|p2a: Raikou\n|\n|upkeep\n|\n|t:|1781451045\n|switch|p2a: Cyclizar|Cyclizar, L83, F|252/252\n|turn|8\n|\n|t:|1781451050\n|switch|p1a: Chimecho|Chimecho, L93, F|290/290\n|move|p2a: Cyclizar|Shed Tail|p2a: Cyclizar\n|-start|p2a: Cyclizar|Substitute|[from] move: Shed Tail\n|-damage|p2a: Cyclizar|126/252\n|\n|t:|1781451057\n|switch|p2a: Vivillon|Vivillon-Garden, L83, M|268/268|[from] Shed Tail\n|\n|upkeep\n|turn|9\n|\n|t:|1781451061\n|move|p2a: Vivillon|Sleep Powder|p1a: Chimecho\n|-status|p1a: Chimecho|slp|[from] move: Sleep Powder\n|cant|p1a: Chimecho|slp\n|\n|upkeep\n|turn|10\n|\n|t:|1781451075\n|switch|p1a: Oricorio|Oricorio-Sensu, L85, M|266/266\n|move|p2a: Vivillon|Quiver Dance|p2a: Vivillon\n|-boost|p2a: Vivillon|spa|1\n|-boost|p2a: Vivillon|spd|1\n|-boost|p2a: Vivillon|spe|1\n|-activate|p1a: Oricorio|ability: Dancer\n|move|p1a: Oricorio|Quiver Dance|p1a: Oricorio|[from] ability: Dancer\n|-boost|p1a: Oricorio|spa|1\n|-boost|p1a: Oricorio|spd|1\n|-boost|p1a: Oricorio|spe|1\n|\n|upkeep\n|turn|11\n|\n|t:|1781451080\n|move|p1a: Oricorio|Quiver Dance|p1a: Oricorio\n|-boost|p1a: Oricorio|spa|1\n|-boost|p1a: Oricorio|spd|1\n|-boost|p1a: Oricorio|spe|1\n|move|p2a: Vivillon|Hurricane|p1a: Oricorio\n|-damage|p1a: Oricorio|176/266\n|\n|upkeep\n|turn|12\n|\n|t:|1781451085\n|move|p1a: Oricorio|Revelation Dance|p2a: Vivillon\n|-end|p2a: Vivillon|Substitute\n|move|p2a: Vivillon|Hurricane|p1a: Oricorio\n|-damage|p1a: Oricorio|76/266\n|-start|p1a: Oricorio|confusion\n|\n|upkeep\n|turn|13\n|\n|t:|1781451092\n|-activate|p1a: Oricorio|confusion\n|-damage|p1a: Oricorio|57/266|[from] confusion\n|move|p2a: Vivillon|Hurricane|p1a: Oricorio\n|-damage|p1a: Oricorio|0 fnt\n|faint|p1a: Oricorio\n|\n|upkeep\n|\n|t:|1781451096\n|switch|p1a: Regirock|Regirock, L83|197/268\n|turn|14\n|\n|t:|1781451101\n|-terastallize|p2a: Vivillon|Ground\n|move|p2a: Vivillon|Tera Blast|p1a: Regirock|[anim] Tera Blast Ground\n|-supereffective|p1a: Regirock\n|-damage|p1a: Regirock|0 fnt\n|faint|p1a: Regirock\n|\n|upkeep\n|\n|t:|1781451105\n|switch|p1a: Koraidon|Koraidon, L64|235/235\n|-weather|SunnyDay|[from] ability: Orichalcum Pulse|[of] p1a: Koraidon\n|-activate|p1a: Koraidon|Orichalcum Pulse|[source]\n|turn|15\n|\n|t:|1781451113\n|-terastallize|p1a: Koraidon|Fire\n|move|p2a: Vivillon|Tera Blast|p1a: Koraidon|[anim] Tera Blast Ground\n|-supereffective|p1a: Koraidon\n|-damage|p1a: Koraidon|0 fnt\n|faint|p1a: Koraidon\n|\n|-weather|SunnyDay|[upkeep]\n|upkeep\n|-message|grabschaender forfeited.\n|\n|win|cosmic_dark\n", "uploadtime": 1781450978, "views": 3, "formatid": "gen9randombattle", "rating": null, "private": 0, "password": null}