{"id": "gen9randombattle-2631879572", "format": "[Gen 9] Random Battle", "players": ["coolx1", "who is xi"], "log": "|j|\u2606coolx1\n|j|\u2606who is xi\n|t:|1781451319\n|gametype|singles\n|player|p1|coolx1|169|2078\n|player|p2|who is xi|policeman|2123\n|gen|9\n|tier|[Gen 9] Random Battle\n|rated|\n|rule|Species Clause: Limit one of each Pok\u00e9mon\n|rule|HP Percentage Mod: HP is shown in percentages\n|rule|Sleep Clause Mod: Limit one foe put to sleep\n|rule|Illusion Level Mod: Illusion disguises the Pok\u00e9mon's true level\n|\n|t:|1781451319\n|teamsize|p1|6\n|teamsize|p2|6\n|start\n|switch|p1a: Weavile|Weavile, L79, F|239/239\n|switch|p2a: Cryogonal|Cryogonal, L89|287/287\n|turn|1\n|inactive|Battle timer is ON: inactive players will automatically lose when time's up. (requested by coolx1)\n|\n|t:|1781451358\n|move|p1a: Weavile|Low Kick|p2a: Cryogonal\n|-supereffective|p2a: Cryogonal\n|-damage|p2a: Cryogonal|0 fnt\n|faint|p2a: Cryogonal\n|\n|upkeep\n|\n|t:|1781451362\n|switch|p2a: Typhlosion|Typhlosion-Hisui, L83, M|257/257\n|turn|2\n|\n|t:|1781451376\n|switch|p1a: Milotic|Milotic, L83, M|293/293\n|move|p2a: Typhlosion|Calm Mind|p2a: Typhlosion\n|-boost|p2a: Typhlosion|spa|1\n|-boost|p2a: Typhlosion|spd|1\n|\n|upkeep\n|turn|3\n|\n|t:|1781451386\n|switch|p2a: Tatsugiri|Tatsugiri, L87, M|260/260\n|move|p1a: Milotic|Haze|p1a: Milotic\n|-clearallboost\n|\n|upkeep\n|turn|4\n|\n|t:|1781451405\n|switch|p1a: Glalie|Glalie, L96, F|309/309\n|move|p2a: Tatsugiri|Nasty Plot|p2a: Tatsugiri\n|-boost|p2a: Tatsugiri|spa|2\n|\n|upkeep\n|turn|5\n|\n|t:|1781451412\n|move|p1a: Glalie|Freeze-Dry|p2a: Tatsugiri\n|-supereffective|p2a: Tatsugiri\n|-damage|p2a: Tatsugiri|0 fnt\n|faint|p2a: Tatsugiri\n|\n|upkeep\n|\n|t:|1781451416\n|switch|p2a: Arceus|Arceus, L68|276/276\n|turn|6\n|\n|t:|1781451425\n|move|p1a: Glalie|Taunt|p2a: Arceus\n|-start|p2a: Arceus|move: Taunt\n|cant|p2a: Arceus|move: Taunt|Swords Dance\n|\n|upkeep\n|turn|7\n|\n|t:|1781451443\n|switch|p2a: Typhlosion|Typhlosion-Hisui, L83, M|257/257\n|move|p1a: Glalie|Spikes|p2a: Typhlosion\n|-sidestart|p2: who is xi|Spikes\n|\n|upkeep\n|turn|8\n|l|\u2606coolx1\n|inactive|coolx1 disconnected and has a minute to reconnect!\n|player|p1|\n|j|\u2606coolx1\n|inactive|coolx1 reconnected and has 145 seconds left.\n|player|p1|coolx1|169|\n|\n|t:|1781451455\n|switch|p1a: Milotic|Milotic, L83, M|293/293\n|move|p2a: Typhlosion|Fire Blast|p1a: Milotic\n|-resisted|p1a: Milotic\n|-damage|p1a: Milotic|246/293\n|\n|-heal|p1a: Milotic|264/293|[from] item: Leftovers\n|upkeep\n|turn|9\n|\n|t:|1781451464\n|switch|p2a: Great Tusk|Great Tusk, L77|304/304\n|-damage|p2a: Great Tusk|266/304|[from] Spikes\n|move|p1a: Milotic|Scald|p2a: Great Tusk\n|-supereffective|p2a: Great Tusk\n|-damage|p2a: Great Tusk|14/304\n|\n|-heal|p1a: Milotic|282/293|[from] item: Leftovers\n|-heal|p2a: Great Tusk|33/304|[from] item: Leftovers\n|upkeep\n|turn|10\n|inactive|who is xi has 120 seconds left.\n|inactive|who is xi has 90 seconds left.\n|l|\u2606who is xi\n|inactive|who is xi disconnected and has a minute to reconnect!\n|player|p2|\n|inactive|who is xi has 30 seconds to reconnect!\n|inactive|who is xi has 20 seconds to reconnect!\n|inactive|who is xi has 15 seconds to reconnect!\n|inactive|who is xi has 10 seconds to reconnect!\n|inactive|who is xi has 5 seconds to reconnect!\n|-message|who is xi lost due to inactivity.\n|\n|win|coolx1\n", "uploadtime": 1781451321, "views": 3, "formatid": "gen9randombattle", "rating": null, "private": 0, "password": null}