{"id": "gen9randombattle-2631422749", "format": "[Gen 9] Random Battle", "players": ["frostpkmn", "philschmil"], "log": "|j|\u2606frostpkmn\n|j|\u2606philschmil\n|t:|1781382783\n|gametype|singles\n|player|p1|frostpkmn|ruinmaniac-gen3rs|2026\n|player|p2|philschmil|alder|2003\n|gen|9\n|tier|[Gen 9] Random Battle\n|rated|\n|rule|Species Clause: Limit one of each Pok\u00e9mon\n|rule|HP Percentage Mod: HP is shown in percentages\n|rule|Sleep Clause Mod: Limit one foe put to sleep\n|rule|Illusion Level Mod: Illusion disguises the Pok\u00e9mon's true level\n|\n|t:|1781382783\n|teamsize|p1|6\n|teamsize|p2|6\n|start\n|switch|p1a: Toxapex|Toxapex, L82, M|216/216\n|switch|p2a: Charizard|Charizard, L85, F|271/271\n|turn|1\n|inactive|Battle timer is ON: inactive players will automatically lose when time's up. (requested by philschmil)\n|inactive|frostpkmn also wants the timer to be on.\n|inactive|frostpkmn has 120 seconds left.\n|\n|t:|1781382824\n|switch|p2a: Cetitan|Cetitan, L82, F, shiny|413/413\n|move|p1a: Toxapex|Toxic Spikes|p2a: Cetitan\n|-sidestart|p2: philschmil|move: Toxic Spikes\n|\n|upkeep\n|turn|2\n|c|\u2606frostpkmn|thats a pretty one\n|c|\u2606philschmil|so sick\n|\n|t:|1781382848\n|move|p2a: Cetitan|Earthquake|p1a: Toxapex\n|-supereffective|p1a: Toxapex\n|-damage|p1a: Toxapex|83/216\n|-damage|p2a: Cetitan|372/413|[from] item: Life Orb\n|move|p1a: Toxapex|Haze|p1a: Toxapex\n|-clearallboost\n|\n|-heal|p1a: Toxapex|96/216|[from] item: Leftovers\n|upkeep\n|turn|3\n|inactive|frostpkmn has 120 seconds left.\n|\n|t:|1781382874\n|switch|p1a: Dudunsparce|Dudunsparce-Three-Segment, L83, F|343/343\n|move|p2a: Cetitan|Earthquake|p1a: Dudunsparce\n|-damage|p1a: Dudunsparce|242/343\n|-damage|p2a: Cetitan|331/413|[from] item: Life Orb\n|\n|-heal|p1a: Dudunsparce|263/343|[from] item: Leftovers\n|upkeep\n|turn|4\n|inactive|frostpkmn has 120 seconds left.\n|\n|t:|1781382883\n|move|p2a: Cetitan|Icicle Crash|p1a: Dudunsparce\n|-damage|p1a: Dudunsparce|80/343\n|move|p1a: Dudunsparce|Roost|p1a: Dudunsparce\n|-heal|p1a: Dudunsparce|252/343\n|-singleturn|p1a: Dudunsparce|move: Roost\n|\n|-heal|p1a: Dudunsparce|273/343|[from] item: Leftovers\n|upkeep\n|turn|5\n|\n|t:|1781382892\n|move|p2a: Cetitan|Icicle Crash|p1a: Dudunsparce\n|-damage|p1a: Dudunsparce|94/343\n|move|p1a: Dudunsparce|Boomburst|p2a: Cetitan\n|-damage|p2a: Cetitan|142/413\n|\n|-heal|p1a: Dudunsparce|115/343|[from] item: Leftovers\n|upkeep\n|turn|6\n|\n|t:|1781382903\n|switch|p1a: Toxapex|Toxapex, L82, M|168/216\n|move|p2a: Cetitan|Icicle Crash|p1a: Toxapex\n|-resisted|p1a: Toxapex\n|-damage|p1a: Toxapex|113/216\n|\n|-heal|p1a: Toxapex|126/216|[from] item: Leftovers\n|upkeep\n|turn|7\n|\n|t:|1781382908\n|switch|p1a: Dudunsparce|Dudunsparce-Three-Segment, L83, F|115/343\n|move|p2a: Cetitan|Earthquake|p1a: Dudunsparce\n|-damage|p1a: Dudunsparce|12/343\n|-damage|p2a: Cetitan|101/413|[from] item: Life Orb\n|\n|-heal|p1a: Dudunsparce|33/343|[from] item: Leftovers\n|upkeep\n|turn|8\n|\n|t:|1781382913\n|move|p2a: Cetitan|Earthquake|p1a: Dudunsparce\n|-damage|p1a: Dudunsparce|0 fnt\n|faint|p1a: Dudunsparce\n|-damage|p2a: Cetitan|60/413|[from] item: Life Orb\n|\n|upkeep\n|\n|t:|1781382921\n|switch|p1a: Excadrill|Excadrill, L79, F|303/303\n|-ability|p1a: Excadrill|Mold Breaker\n|turn|9\n|\n|t:|1781382927\n|move|p2a: Cetitan|Ice Shard|p1a: Excadrill\n|-damage|p1a: Excadrill|216/303\n|-damage|p2a: Cetitan|19/413|[from] item: Life Orb\n|move|p1a: Excadrill|Iron Head|p2a: Cetitan\n|-supereffective|p2a: Cetitan\n|-damage|p2a: Cetitan|0 fnt\n|faint|p2a: Cetitan\n|\n|-heal|p1a: Excadrill|234/303|[from] item: Leftovers\n|upkeep\n|\n|t:|1781382931\n|switch|p2a: Charizard|Charizard, L85, F|271/271\n|turn|10\n|\n|t:|1781382939\n|switch|p1a: Crawdaunt|Crawdaunt, L84, F|243/243\n|move|p2a: Charizard|Flamethrower|p1a: Crawdaunt\n|-resisted|p1a: Crawdaunt\n|-damage|p1a: Crawdaunt|165/243\n|\n|upkeep\n|turn|11\n|\n|t:|1781382956\n|move|p1a: Crawdaunt|Aqua Jet|p2a: Charizard\n|-supereffective|p2a: Charizard\n|-damage|p2a: Charizard|89/271\n|-damage|p1a: Crawdaunt|141/243|[from] item: Life Orb\n|move|p2a: Charizard|Hurricane|p1a: Crawdaunt\n|-damage|p1a: Crawdaunt|0 fnt\n|faint|p1a: Crawdaunt\n|\n|upkeep\n|\n|t:|1781382969\n|switch|p1a: Ampharos|Ampharos, L88, F|302/302\n|turn|12\n|\n|t:|1781382974\n|switch|p2a: Sandaconda|Sandaconda, L84, F|258/258\n|-status|p2a: Sandaconda|psn\n|move|p1a: Ampharos|Thunderbolt|p2a: Sandaconda\n|-immune|p2a: Sandaconda\n|\n|-damage|p2a: Sandaconda|226/258 psn|[from] psn\n|upkeep\n|turn|13\n|\n|t:|1781382992\n|move|p2a: Sandaconda|Earthquake|p1a: Ampharos\n|-supereffective|p1a: Ampharos\n|-damage|p1a: Ampharos|98/302\n|move|p1a: Ampharos|Dazzling Gleam|p2a: Sandaconda\n|-damage|p2a: Sandaconda|106/258 psn\n|-damage|p1a: Ampharos|68/302|[from] item: Life Orb\n|\n|-activate|p2a: Sandaconda|ability: Shed Skin\n|-curestatus|p2a: Sandaconda|psn|[msg]\n|-heal|p2a: Sandaconda|122/258|[from] item: Leftovers\n|upkeep\n|turn|14\n|\n|t:|1781382998\n|switch|p1a: Amoonguss|Amoonguss, L82, F|321/321\n|move|p2a: Sandaconda|Earthquake|p1a: Amoonguss\n|-damage|p1a: Amoonguss|183/321\n|\n|-heal|p2a: Sandaconda|138/258|[from] item: Leftovers\n|-heal|p1a: Amoonguss|203/321|[from] item: Leftovers\n|upkeep\n|turn|15\n|\n|t:|1781383010\n|switch|p2a: Charizard|Charizard, L85, F|89/271\n|move|p1a: Amoonguss|Spore|p2a: Charizard\n|-status|p2a: Charizard|slp|[from] move: Spore\n|\n|-heal|p1a: Amoonguss|223/321|[from] item: Leftovers\n|upkeep\n|turn|16\n|\n|t:|1781383015\n|switch|p2a: Sunflora|Sunflora, F|312/312\n|-status|p2a: Sunflora|psn\n|move|p1a: Amoonguss|Sludge Bomb|p2a: Sunflora\n|-supereffective|p2a: Sunflora\n|-damage|p2a: Sunflora|178/312 psn\n|\n|-heal|p1a: Amoonguss|243/321|[from] item: Leftovers\n|-damage|p2a: Sunflora|139/312 psn|[from] psn\n|upkeep\n|turn|17\n|\n|t:|1781383030\n|move|p2a: Sunflora|Earth Power|p1a: Amoonguss\n|-crit|p1a: Amoonguss\n|-damage|p1a: Amoonguss|43/321\n|-damage|p2a: Sunflora|108/312 psn|[from] item: Life Orb\n|move|p1a: Amoonguss|Sludge Bomb|p2a: Sunflora\n|-supereffective|p2a: Sunflora\n|-damage|p2a: Sunflora|0 fnt\n|faint|p2a: Sunflora\n|\n|-heal|p1a: Amoonguss|63/321|[from] item: Leftovers\n|upkeep\n|\n|t:|1781383037\n|switch|p2a: Sandaconda|Sandaconda, L84, F|138/258\n|-status|p2a: Sandaconda|psn\n|turn|18\n|\n|t:|1781383049\n|switch|p1a: Ampharos|Ampharos, L88, F|68/302\n|move|p2a: Sandaconda|Earthquake|p1a: Ampharos\n|-supereffective|p1a: Ampharos\n|-damage|p1a: Ampharos|0 fnt\n|faint|p1a: Ampharos\n|\n|-activate|p2a: Sandaconda|ability: Shed Skin\n|-curestatus|p2a: Sandaconda|psn|[msg]\n|-heal|p2a: Sandaconda|154/258|[from] item: Leftovers\n|upkeep\n|\n|t:|1781383057\n|switch|p1a: Amoonguss|Amoonguss, L82, F|170/321\n|turn|19\n|\n|t:|1781383062\n|move|p2a: Sandaconda|Glare|p1a: Amoonguss\n|-status|p1a: Amoonguss|par\n|move|p1a: Amoonguss|Giga Drain|p2a: Sandaconda\n|-supereffective|p2a: Sandaconda\n|-damage|p2a: Sandaconda|0 fnt\n|-heal|p1a: Amoonguss|247/321 par|[from] drain|[of] p2a: Sandaconda\n|faint|p2a: Sandaconda\n|\n|-heal|p1a: Amoonguss|267/321 par|[from] item: Leftovers\n|upkeep\n|\n|t:|1781383070\n|switch|p2a: Golurk|Golurk, L87|297/297\n|-status|p2a: Golurk|psn\n|turn|20\n|\n|t:|1781383080\n|-terastallize|p2a: Golurk|Ghost\n|move|p2a: Golurk|Poltergeist|p1a: Amoonguss\n|-activate|p1a: Amoonguss|move: Poltergeist|Leftovers\n|-damage|p1a: Amoonguss|0 fnt\n|faint|p1a: Amoonguss\n|\n|-damage|p2a: Golurk|260/297 psn|[from] psn\n|upkeep\n|\n|t:|1781383099\n|switch|p1a: Excadrill|Excadrill, L79, F|234/303\n|-ability|p1a: Excadrill|Mold Breaker\n|turn|21\n|\n|t:|1781383103\n|move|p1a: Excadrill|Iron Head|p2a: Golurk\n|-damage|p2a: Golurk|161/297 psn\n|cant|p2a: Golurk|flinch\n|\n|-heal|p1a: Excadrill|252/303|[from] item: Leftovers\n|-damage|p2a: Golurk|124/297 psn|[from] psn\n|upkeep\n|turn|22\n|\n|t:|1781383114\n|move|p1a: Excadrill|Earthquake|p2a: Golurk\n|-damage|p2a: Golurk|0 fnt\n|faint|p2a: Golurk\n|\n|-heal|p1a: Excadrill|270/303|[from] item: Leftovers\n|upkeep\n|\n|t:|1781383121\n|switch|p2a: Drednaw|Drednaw, L81, M|278/278\n|-status|p2a: Drednaw|psn\n|turn|23\n|c|\u2606frostpkmn|holy bail\n|\n|t:|1781383146\n|move|p1a: Excadrill|Earthquake|p2a: Drednaw\n|-supereffective|p2a: Drednaw\n|-damage|p2a: Drednaw|38/278 psn\n|move|p2a: Drednaw|Shell Smash|p2a: Drednaw\n|-unboost|p2a: Drednaw|def|1\n|-unboost|p2a: Drednaw|spd|1\n|-boost|p2a: Drednaw|atk|2\n|-boost|p2a: Drednaw|spa|2\n|-boost|p2a: Drednaw|spe|2\n|-enditem|p2a: Drednaw|White Herb\n|-clearnegativeboost|p2a: Drednaw|[silent]\n|\n|-heal|p1a: Excadrill|288/303|[from] item: Leftovers\n|-damage|p2a: Drednaw|4/278 psn|[from] psn\n|upkeep\n|turn|24\n|\n|t:|1781383154\n|move|p2a: Drednaw|Earthquake|p1a: Excadrill\n|-supereffective|p1a: Excadrill\n|-damage|p1a: Excadrill|0 fnt\n|faint|p1a: Excadrill\n|\n|-damage|p2a: Drednaw|0 fnt|[from] psn\n|faint|p2a: Drednaw\n|upkeep\n|\n|t:|1781383158\n|switch|p1a: Toxapex|Toxapex, L82, M|198/216\n|switch|p2a: Charizard|Charizard, L85, F|89/271 slp\n|turn|25\n|\n|t:|1781383161\n|cant|p2a: Charizard|slp\n|move|p1a: Toxapex|Liquidation|p2a: Charizard\n|-supereffective|p2a: Charizard\n|-damage|p2a: Charizard|0 fnt\n|faint|p2a: Charizard\n|\n|win|frostpkmn\n", "uploadtime": 1781382785, "views": 8, "formatid": "gen9randombattle", "rating": null, "private": 0, "password": null}