{"id": "gen9randombattle-2631381678", "format": "[Gen 9] Random Battle", "players": ["bluesun000", "opik8"], "log": "|j|\u2606bluesun000\n|j|\u2606opik8\n|t:|1781377986\n|gametype|singles\n|player|p1|bluesun000|palmer|1966\n|player|p2|opik8|colress|1970\n|gen|9\n|tier|[Gen 9] Random Battle\n|rated|\n|rule|Species Clause: Limit one of each Pok\u00e9mon\n|rule|HP Percentage Mod: HP is shown in percentages\n|rule|Sleep Clause Mod: Limit one foe put to sleep\n|rule|Illusion Level Mod: Illusion disguises the Pok\u00e9mon's true level\n|\n|t:|1781377986\n|teamsize|p1|6\n|teamsize|p2|6\n|start\n|switch|p1a: Persian|Persian, L92, F|269/269\n|switch|p2a: Gastrodon|Gastrodon-East, L86, M|331/331\n|turn|1\n|inactive|Battle timer is ON: inactive players will automatically lose when time's up. (requested by bluesun000)\n|\n|t:|1781377996\n|move|p1a: Persian|Fake Out|p2a: Gastrodon\n|-damage|p2a: Gastrodon|240/331\n|cant|p2a: Gastrodon|flinch\n|\n|-heal|p2a: Gastrodon|260/331|[from] item: Leftovers\n|upkeep\n|turn|2\n|\n|t:|1781378024\n|switch|p1a: Gardevoir|Gardevoir, L83, F|249/249\n|-ability|p1a: Gardevoir|Storm Drain|Trace|[from] ability: Trace|[of] p2a: Gastrodon\n|switch|p2a: Ceruledge|Ceruledge, L78, F|245/245\n|\n|upkeep\n|turn|3\n|\n|t:|1781378031\n|switch|p1a: Dondozo|Dondozo, L78, F|362/362\n|move|p2a: Ceruledge|Poltergeist|p1a: Dondozo\n|-activate|p1a: Dondozo|move: Poltergeist|Leftovers\n|-damage|p1a: Dondozo|248/362\n|\n|-heal|p1a: Dondozo|270/362|[from] item: Leftovers\n|upkeep\n|turn|4\n|\n|t:|1781378043\n|switch|p2a: Gastrodon|Gastrodon-East, L86, M|260/331\n|switch|p1a: Flareon|Flareon, L90, F|263/263\n|\n|-heal|p2a: Gastrodon|280/331|[from] item: Leftovers\n|-status|p1a: Flareon|tox|[from] item: Toxic Orb\n|upkeep\n|turn|5\n|\n|t:|1781378057\n|move|p1a: Flareon|Trailblaze|p2a: Gastrodon\n|-supereffective|p2a: Gastrodon\n|-damage|p2a: Gastrodon|0 fnt\n|-boost|p1a: Flareon|spe|1\n|faint|p2a: Gastrodon\n|\n|-damage|p1a: Flareon|247/263 tox|[from] psn\n|upkeep\n|\n|t:|1781378060\n|switch|p2a: Basculin|Basculin, L86, F|261/261\n|turn|6\n|\n|t:|1781378081\n|switch|p2a: Ceruledge|Ceruledge, L78, F|245/245\n|-terastallize|p1a: Flareon|Normal\n|move|p1a: Flareon|Facade|p2a: Ceruledge\n|-immune|p2a: Ceruledge\n|\n|-damage|p1a: Flareon|215/263 tox|[from] psn\n|upkeep\n|turn|7\n|\n|t:|1781378090\n|move|p1a: Flareon|Flare Blitz|p2a: Ceruledge\n|-resisted|p2a: Ceruledge\n|-damage|p2a: Ceruledge|97/245\n|-ability|p2a: Ceruledge|Weak Armor|boost\n|-unboost|p2a: Ceruledge|def|1\n|-boost|p2a: Ceruledge|spe|2\n|-damage|p1a: Flareon|166/263 tox|[from] Recoil\n|move|p2a: Ceruledge|Bitter Blade|p1a: Flareon\n|-damage|p1a: Flareon|34/263 tox\n|-heal|p2a: Ceruledge|163/245|[from] drain|[of] p1a: Flareon\n|\n|-damage|p1a: Flareon|0 fnt|[from] psn\n|faint|p1a: Flareon\n|upkeep\n|\n|t:|1781378108\n|switch|p1a: Dondozo|Dondozo, L78, F|270/362\n|turn|8\n|\n|t:|1781378116\n|switch|p2a: Fezandipiti|Fezandipiti, L82, M|278/278\n|move|p1a: Dondozo|Curse|p1a: Dondozo\n|-unboost|p1a: Dondozo|spe|1\n|-boost|p1a: Dondozo|atk|1\n|-boost|p1a: Dondozo|def|1\n|\n|-heal|p1a: Dondozo|292/362|[from] item: Leftovers\n|upkeep\n|turn|9\n|\n|t:|1781378124\n|move|p2a: Fezandipiti|Moonblast|p1a: Dondozo\n|-crit|p1a: Dondozo\n|-damage|p1a: Dondozo|142/362\n|-status|p1a: Dondozo|tox|[from] ability: Toxic Chain|[of] p2a: Fezandipiti\n|move|p1a: Dondozo|Wave Crash|p2a: Fezandipiti\n|-crit|p2a: Fezandipiti\n|-damage|p2a: Fezandipiti|5/278\n|-damage|p1a: Dondozo|52/362 tox|[from] Recoil\n|\n|-heal|p2a: Fezandipiti|22/278|[from] item: Leftovers\n|-heal|p1a: Dondozo|74/362 tox|[from] item: Leftovers\n|-damage|p1a: Dondozo|52/362 tox|[from] psn\n|upkeep\n|turn|10\n|\n|t:|1781378131\n|move|p2a: Fezandipiti|Moonblast|p1a: Dondozo\n|-crit|p1a: Dondozo\n|-damage|p1a: Dondozo|0 fnt\n|faint|p1a: Dondozo\n|\n|-heal|p2a: Fezandipiti|39/278|[from] item: Leftovers\n|upkeep\n|\n|t:|1781378147\n|switch|p1a: Gardevoir|Gardevoir, L83, F|249/249\n|-ability|p1a: Gardevoir|Toxic Chain|Trace|[from] ability: Trace|[of] p2a: Fezandipiti\n|turn|11\n|\n|t:|1781378166\n|move|p1a: Gardevoir|Psychic|p2a: Fezandipiti\n|-supereffective|p2a: Fezandipiti\n|-damage|p2a: Fezandipiti|0 fnt\n|faint|p2a: Fezandipiti\n|\n|upkeep\n|\n|t:|1781378169\n|switch|p2a: Chimecho|Chimecho, L93, F|290/290\n|turn|12\n|\n|t:|1781378175\n|move|p1a: Gardevoir|Psychic|p2a: Chimecho\n|-resisted|p2a: Chimecho\n|-damage|p2a: Chimecho|234/290\n|move|p2a: Chimecho|Cosmic Power|p2a: Chimecho\n|-boost|p2a: Chimecho|def|1\n|-boost|p2a: Chimecho|spd|1\n|\n|-heal|p2a: Chimecho|252/290|[from] item: Leftovers\n|upkeep\n|turn|13\n|\n|t:|1781378180\n|move|p1a: Gardevoir|Psychic|p2a: Chimecho\n|-resisted|p2a: Chimecho\n|-damage|p2a: Chimecho|218/290\n|move|p2a: Chimecho|Cosmic Power|p2a: Chimecho\n|-boost|p2a: Chimecho|def|1\n|-boost|p2a: Chimecho|spd|1\n|\n|-heal|p2a: Chimecho|236/290|[from] item: Leftovers\n|upkeep\n|turn|14\n|\n|t:|1781378199\n|move|p1a: Gardevoir|Psychic|p2a: Chimecho\n|-resisted|p2a: Chimecho\n|-damage|p2a: Chimecho|212/290\n|move|p2a: Chimecho|Cosmic Power|p2a: Chimecho\n|-boost|p2a: Chimecho|def|1\n|-boost|p2a: Chimecho|spd|1\n|\n|-heal|p2a: Chimecho|230/290|[from] item: Leftovers\n|upkeep\n|turn|15\n|\n|t:|1781378206\n|move|p1a: Gardevoir|Psychic|p2a: Chimecho\n|-resisted|p2a: Chimecho\n|-damage|p2a: Chimecho|208/290\n|move|p2a: Chimecho|Cosmic Power|p2a: Chimecho\n|-boost|p2a: Chimecho|def|1\n|-boost|p2a: Chimecho|spd|1\n|\n|-heal|p2a: Chimecho|226/290|[from] item: Leftovers\n|upkeep\n|turn|16\n|\n|t:|1781378209\n|move|p1a: Gardevoir|Psychic|p2a: Chimecho\n|-resisted|p2a: Chimecho\n|-damage|p2a: Chimecho|207/290\n|move|p2a: Chimecho|Cosmic Power|p2a: Chimecho\n|-boost|p2a: Chimecho|def|1\n|-boost|p2a: Chimecho|spd|1\n|\n|-heal|p2a: Chimecho|225/290|[from] item: Leftovers\n|upkeep\n|turn|17\n|\n|t:|1781378211\n|move|p1a: Gardevoir|Psychic|p2a: Chimecho\n|-resisted|p2a: Chimecho\n|-damage|p2a: Chimecho|210/290\n|move|p2a: Chimecho|Cosmic Power|p2a: Chimecho\n|-boost|p2a: Chimecho|def|1\n|-boost|p2a: Chimecho|spd|1\n|\n|-heal|p2a: Chimecho|228/290|[from] item: Leftovers\n|upkeep\n|turn|18\n|\n|t:|1781378214\n|move|p1a: Gardevoir|Psychic|p2a: Chimecho\n|-resisted|p2a: Chimecho\n|-damage|p2a: Chimecho|215/290\n|move|p2a: Chimecho|Stored Power|p1a: Gardevoir\n|-resisted|p1a: Gardevoir\n|-damage|p1a: Gardevoir|102/249\n|\n|-heal|p2a: Chimecho|233/290|[from] item: Leftovers\n|upkeep\n|turn|19\n|\n|t:|1781378216\n|move|p1a: Gardevoir|Psychic|p2a: Chimecho\n|-resisted|p2a: Chimecho\n|-damage|p2a: Chimecho|220/290\n|-status|p2a: Chimecho|tox|[from] ability: Toxic Chain|[of] p1a: Gardevoir\n|move|p2a: Chimecho|Stored Power|p1a: Gardevoir\n|-resisted|p1a: Gardevoir\n|-crit|p1a: Gardevoir\n|-damage|p1a: Gardevoir|0 fnt\n|faint|p1a: Gardevoir\n|\n|-heal|p2a: Chimecho|238/290 tox|[from] item: Leftovers\n|-damage|p2a: Chimecho|220/290 tox|[from] psn\n|upkeep\n|\n|t:|1781378220\n|switch|p1a: Persian|Persian, L92, F|269/269\n|turn|20\n|\n|t:|1781378224\n|move|p1a: Persian|Fake Out|p2a: Chimecho\n|-damage|p2a: Chimecho|204/290 tox\n|cant|p2a: Chimecho|flinch\n|\n|-heal|p2a: Chimecho|222/290 tox|[from] item: Leftovers\n|-damage|p2a: Chimecho|186/290 tox|[from] psn\n|upkeep\n|turn|21\n|\n|t:|1781378240\n|move|p1a: Persian|U-turn|p2a: Chimecho\n|-supereffective|p2a: Chimecho\n|-damage|p2a: Chimecho|164/290 tox\n|\n|t:|1781378250\n|switch|p1a: Blaziken|Blaziken, L76, F|247/247|[from] U-turn\n|move|p2a: Chimecho|Stored Power|p1a: Blaziken\n|-supereffective|p1a: Blaziken\n|-damage|p1a: Blaziken|0 fnt\n|faint|p1a: Blaziken\n|\n|-heal|p2a: Chimecho|182/290 tox|[from] item: Leftovers\n|-damage|p2a: Chimecho|128/290 tox|[from] psn\n|upkeep\n|\n|t:|1781378254\n|switch|p1a: Persian|Persian, L92, F|269/269\n|turn|22\n|\n|t:|1781378257\n|move|p1a: Persian|Fake Out|p2a: Chimecho\n|-damage|p2a: Chimecho|109/290 tox\n|cant|p2a: Chimecho|flinch\n|\n|-heal|p2a: Chimecho|127/290 tox|[from] item: Leftovers\n|-damage|p2a: Chimecho|55/290 tox|[from] psn\n|upkeep\n|turn|23\n|\n|t:|1781378275\n|move|p1a: Persian|U-turn|p2a: Chimecho\n|-supereffective|p2a: Chimecho\n|-damage|p2a: Chimecho|31/290 tox\n|\n|t:|1781378276\n|switch|p1a: Virizion|Virizion, L82|283/283|[from] U-turn\n|move|p2a: Chimecho|Stored Power|p1a: Virizion\n|-supereffective|p1a: Virizion\n|-damage|p1a: Virizion|0 fnt\n|faint|p1a: Virizion\n|\n|-heal|p2a: Chimecho|49/290 tox|[from] item: Leftovers\n|-damage|p2a: Chimecho|0 fnt|[from] psn\n|faint|p2a: Chimecho\n|upkeep\n|\n|t:|1781378280\n|switch|p1a: Persian|Persian, L92, F|269/269\n|switch|p2a: Ceruledge|Ceruledge, L78, F|163/245\n|turn|24\n|\n|t:|1781378286\n|move|p1a: Persian|Knock Off|p2a: Ceruledge\n|-supereffective|p2a: Ceruledge\n|-damage|p2a: Ceruledge|25/245\n|-ability|p2a: Ceruledge|Weak Armor|boost\n|-unboost|p2a: Ceruledge|def|1\n|-boost|p2a: Ceruledge|spe|2\n|-enditem|p2a: Ceruledge|Heavy-Duty Boots|[from] move: Knock Off|[of] p1a: Persian\n|move|p2a: Ceruledge|Bitter Blade|p1a: Persian\n|-damage|p1a: Persian|155/269\n|-heal|p2a: Ceruledge|82/245|[from] drain|[of] p1a: Persian\n|\n|upkeep\n|turn|25\n|\n|t:|1781378295\n|move|p2a: Ceruledge|Bitter Blade|p1a: Persian\n|-damage|p1a: Persian|29/269\n|-heal|p2a: Ceruledge|145/245|[from] drain|[of] p1a: Persian\n|move|p1a: Persian|Knock Off|p2a: Ceruledge\n|-supereffective|p2a: Ceruledge\n|-damage|p2a: Ceruledge|9/245\n|-ability|p2a: Ceruledge|Weak Armor|boost\n|-unboost|p2a: Ceruledge|def|1\n|-boost|p2a: Ceruledge|spe|2\n|\n|upkeep\n|turn|26\n|\n|t:|1781378298\n|move|p2a: Ceruledge|Bitter Blade|p1a: Persian\n|-damage|p1a: Persian|0 fnt\n|-heal|p2a: Ceruledge|24/245|[from] drain|[of] p1a: Persian\n|faint|p1a: Persian\n|\n|win|opik8\n", "uploadtime": 1781377989, "views": 6, "formatid": "gen9randombattle", "rating": null, "private": 0, "password": null}