{"id": "gen9randombattle-2631752996", "format": "[Gen 9] Random Battle", "players": ["Tuki VN", "demoivrestheorem"], "log": "|j|\u2606Tuki VN\n|j|\u2606demoivrestheorem\n|t:|1781434053\n|gametype|singles\n|player|p1|Tuki VN|lance-gen1rb|2008\n|player|p2|demoivrestheorem|richboy|1938\n|gen|9\n|tier|[Gen 9] Random Battle\n|rated|\n|rule|Species Clause: Limit one of each Pok\u00e9mon\n|rule|HP Percentage Mod: HP is shown in percentages\n|rule|Sleep Clause Mod: Limit one foe put to sleep\n|rule|Illusion Level Mod: Illusion disguises the Pok\u00e9mon's true level\n|\n|t:|1781434053\n|teamsize|p1|6\n|teamsize|p2|6\n|start\n|switch|p1a: Okidogi|Okidogi, L77, M|262/262\n|switch|p2a: Blastoise|Blastoise, L80, M|258/258\n|turn|1\n|inactive|Battle timer is ON: inactive players will automatically lose when time's up. (requested by demoivrestheorem)\n|\n|t:|1781434063\n|move|p2a: Blastoise|Shell Smash|p2a: Blastoise\n|-unboost|p2a: Blastoise|def|1\n|-unboost|p2a: Blastoise|spd|1\n|-boost|p2a: Blastoise|atk|2\n|-boost|p2a: Blastoise|spa|2\n|-boost|p2a: Blastoise|spe|2\n|-enditem|p2a: Blastoise|White Herb\n|-clearnegativeboost|p2a: Blastoise|[silent]\n|move|p1a: Okidogi|Gunk Shot|p2a: Blastoise\n|-damage|p2a: Blastoise|120/258\n|-status|p2a: Blastoise|psn\n|\n|-damage|p2a: Blastoise|88/258 psn|[from] psn\n|upkeep\n|turn|2\n|\n|t:|1781434075\n|switch|p1a: Palkia|Palkia-Origin, L72|249/249\n|-ability|p1a: Palkia|Pressure\n|move|p2a: Blastoise|Earthquake|p1a: Palkia\n|-damage|p1a: Palkia|129/249\n|\n|-damage|p2a: Blastoise|56/258 psn|[from] psn\n|upkeep\n|turn|3\n|\n|t:|1781434086\n|move|p2a: Blastoise|Ice Beam|p1a: Palkia\n|-damage|p1a: Palkia|37/249\n|move|p1a: Palkia|Hydro Pump|p2a: Blastoise\n|-resisted|p2a: Blastoise\n|-damage|p2a: Blastoise|0 fnt\n|faint|p2a: Blastoise\n|\n|upkeep\n|\n|t:|1781434094\n|switch|p2a: Dodrio|Dodrio, L85, F|241/241\n|turn|4\n|\n|t:|1781434101\n|move|p2a: Dodrio|Brave Bird|p1a: Palkia\n|-damage|p1a: Palkia|0 fnt\n|faint|p1a: Palkia\n|-damage|p2a: Dodrio|229/241|[from] Recoil\n|\n|upkeep\n|\n|t:|1781434108\n|switch|p1a: Sableye|Sableye, L88, M|231/231\n|turn|5\n|\n|t:|1781434115\n|switch|p2a: Scovillain|Scovillain, L91, F|266/266\n|move|p1a: Sableye|Thunder Wave|p2a: Scovillain\n|-status|p2a: Scovillain|par\n|\n|upkeep\n|turn|6\n|\n|t:|1781434120\n|move|p1a: Sableye|Knock Off|p2a: Scovillain\n|-damage|p2a: Scovillain|166/266 par\n|-enditem|p2a: Scovillain|Leftovers|[from] move: Knock Off|[of] p1a: Sableye\n|move|p2a: Scovillain|Leech Seed|p1a: Sableye\n|-start|p1a: Sableye|move: Leech Seed\n|\n|-damage|p1a: Sableye|203/231|[from] Leech Seed|[of] p2a: Scovillain\n|-heal|p2a: Scovillain|194/266 par|[silent]\n|upkeep\n|turn|7\n|\n|t:|1781434126\n|move|p1a: Sableye|Knock Off|p2a: Scovillain\n|-damage|p2a: Scovillain|125/266 par\n|cant|p2a: Scovillain|par\n|\n|-heal|p1a: Sableye|217/231|[from] item: Leftovers\n|-damage|p1a: Sableye|189/231|[from] Leech Seed|[of] p2a: Scovillain\n|-heal|p2a: Scovillain|153/266 par|[silent]\n|upkeep\n|turn|8\n|\n|t:|1781434130\n|move|p1a: Sableye|Encore|p2a: Scovillain\n|-start|p2a: Scovillain|Encore\n|move|p2a: Scovillain|Leech Seed||[still]\n|-fail|p2a: Scovillain\n|\n|-heal|p1a: Sableye|203/231|[from] item: Leftovers\n|-damage|p1a: Sableye|175/231|[from] Leech Seed|[of] p2a: Scovillain\n|-heal|p2a: Scovillain|181/266 par|[silent]\n|upkeep\n|turn|9\n|\n|t:|1781434136\n|move|p1a: Sableye|Knock Off|p2a: Scovillain\n|-damage|p2a: Scovillain|109/266 par\n|move|p2a: Scovillain|Leech Seed|p1a: Sableye|[miss]\n|-miss|p2a: Scovillain|p1a: Sableye\n|\n|-heal|p1a: Sableye|189/231|[from] item: Leftovers\n|-damage|p1a: Sableye|161/231|[from] Leech Seed|[of] p2a: Scovillain\n|-heal|p2a: Scovillain|137/266 par|[silent]\n|upkeep\n|turn|10\n|\n|t:|1781434139\n|switch|p2a: Iron Thorns|Iron Thorns, L83|302/302\n|-enditem|p2a: Iron Thorns|Booster Energy\n|-activate|p2a: Iron Thorns|ability: Quark Drive|[fromitem]\n|-start|p2a: Iron Thorns|quarkdriveatk\n|move|p1a: Sableye|Knock Off|p2a: Iron Thorns\n|-damage|p2a: Iron Thorns|247/302\n|\n|-heal|p1a: Sableye|175/231|[from] item: Leftovers\n|-damage|p1a: Sableye|147/231|[from] Leech Seed|[of] p2a: Iron Thorns\n|-heal|p2a: Iron Thorns|275/302|[silent]\n|upkeep\n|turn|11\n|\n|t:|1781434148\n|switch|p1a: Okidogi|Okidogi, L77, M|262/262\n|move|p2a: Iron Thorns|Wild Charge|p1a: Okidogi\n|-damage|p1a: Okidogi|117/262\n|-damage|p2a: Iron Thorns|239/302|[from] Recoil\n|\n|upkeep\n|turn|12\n|\n|t:|1781434159\n|-end|p2a: Iron Thorns|Quark Drive|[silent]\n|switch|p2a: Swalot|Swalot, L90, F|326/326\n|move|p1a: Okidogi|Drain Punch|p2a: Swalot\n|-resisted|p2a: Swalot\n|-damage|p2a: Swalot|282/326\n|-damage|p1a: Okidogi|95/262|[from] ability: Liquid Ooze|[of] p2a: Swalot\n|\n|-heal|p2a: Swalot|302/326|[from] item: Leftovers\n|upkeep\n|turn|13\n|\n|t:|1781434168\n|move|p1a: Okidogi|Psychic Fangs|p2a: Swalot\n|-supereffective|p2a: Swalot\n|-damage|p2a: Swalot|170/326\n|move|p2a: Swalot|Knock Off|p1a: Okidogi\n|-resisted|p1a: Okidogi\n|-damage|p1a: Okidogi|65/262\n|-enditem|p1a: Okidogi|Assault Vest|[from] move: Knock Off|[of] p2a: Swalot\n|\n|-heal|p2a: Swalot|190/326|[from] item: Leftovers\n|upkeep\n|turn|14\n|\n|t:|1781434174\n|move|p1a: Okidogi|Knock Off|p2a: Swalot\n|-damage|p2a: Swalot|117/326\n|-enditem|p2a: Swalot|Leftovers|[from] move: Knock Off|[of] p1a: Okidogi\n|move|p2a: Swalot|Earthquake|p1a: Okidogi\n|-supereffective|p1a: Okidogi\n|-damage|p1a: Okidogi|0 fnt\n|faint|p1a: Okidogi\n|\n|upkeep\n|\n|t:|1781434187\n|switch|p1a: Sableye|Sableye, L88, M|147/231\n|turn|15\n|\n|t:|1781434191\n|move|p2a: Swalot|Knock Off|p1a: Sableye\n|-damage|p1a: Sableye|72/231\n|-enditem|p1a: Sableye|Leftovers|[from] move: Knock Off|[of] p2a: Swalot\n|move|p1a: Sableye|Knock Off|p2a: Swalot\n|-damage|p2a: Swalot|56/326\n|\n|upkeep\n|turn|16\n|\n|t:|1781434197\n|switch|p2a: Scovillain|Scovillain, L91, F|137/266 par\n|move|p1a: Sableye|Thunder Wave|p2a: Scovillain\n|-fail|p2a: Scovillain|par\n|\n|upkeep\n|turn|17\n|\n|t:|1781434201\n|move|p1a: Sableye|Recover|p1a: Sableye\n|-heal|p1a: Sableye|188/231\n|move|p2a: Scovillain|Leech Seed|p1a: Sableye\n|-start|p1a: Sableye|move: Leech Seed\n|\n|-damage|p1a: Sableye|160/231|[from] Leech Seed|[of] p2a: Scovillain\n|-heal|p2a: Scovillain|165/266 par|[silent]\n|upkeep\n|turn|18\n|\n|t:|1781434208\n|switch|p2a: Iron Thorns|Iron Thorns, L83|239/302\n|move|p1a: Sableye|Encore||[still]\n|-fail|p1a: Sableye\n|\n|-damage|p1a: Sableye|132/231|[from] Leech Seed|[of] p2a: Iron Thorns\n|-heal|p2a: Iron Thorns|267/302|[silent]\n|upkeep\n|turn|19\n|\n|t:|1781434212\n|move|p2a: Iron Thorns|Dragon Dance|p2a: Iron Thorns\n|-boost|p2a: Iron Thorns|atk|1\n|-boost|p2a: Iron Thorns|spe|1\n|move|p1a: Sableye|Knock Off|p2a: Iron Thorns\n|-damage|p2a: Iron Thorns|216/302\n|\n|-damage|p1a: Sableye|104/231|[from] Leech Seed|[of] p2a: Iron Thorns\n|-heal|p2a: Iron Thorns|244/302|[silent]\n|upkeep\n|turn|20\n|\n|t:|1781434217\n|move|p1a: Sableye|Encore|p2a: Iron Thorns\n|-start|p2a: Iron Thorns|Encore\n|move|p2a: Iron Thorns|Dragon Dance|p2a: Iron Thorns\n|-boost|p2a: Iron Thorns|atk|1\n|-boost|p2a: Iron Thorns|spe|1\n|\n|-damage|p1a: Sableye|76/231|[from] Leech Seed|[of] p2a: Iron Thorns\n|-heal|p2a: Iron Thorns|272/302|[silent]\n|upkeep\n|turn|21\n|\n|t:|1781434220\n|move|p1a: Sableye|Recover|p1a: Sableye\n|-heal|p1a: Sableye|192/231\n|move|p2a: Iron Thorns|Dragon Dance|p2a: Iron Thorns\n|-boost|p2a: Iron Thorns|atk|1\n|-boost|p2a: Iron Thorns|spe|1\n|\n|-damage|p1a: Sableye|164/231|[from] Leech Seed|[of] p2a: Iron Thorns\n|-heal|p2a: Iron Thorns|300/302|[silent]\n|upkeep\n|turn|22\n|\n|t:|1781434223\n|move|p2a: Iron Thorns|Dragon Dance|p2a: Iron Thorns\n|-boost|p2a: Iron Thorns|atk|1\n|-boost|p2a: Iron Thorns|spe|1\n|move|p1a: Sableye|Knock Off|p2a: Iron Thorns\n|-damage|p2a: Iron Thorns|249/302\n|\n|-damage|p1a: Sableye|136/231|[from] Leech Seed|[of] p2a: Iron Thorns\n|-heal|p2a: Iron Thorns|277/302|[silent]\n|-end|p2a: Iron Thorns|Encore\n|upkeep\n|turn|23\n|\n|t:|1781434228\n|-end|p2a: Iron Thorns|Quark Drive|[silent]\n|switch|p2a: Scovillain|Scovillain, L91, F|165/266 par\n|move|p1a: Sableye|Encore||[still]\n|-fail|p1a: Sableye\n|\n|-damage|p1a: Sableye|108/231|[from] Leech Seed|[of] p2a: Scovillain\n|-heal|p2a: Scovillain|193/266 par|[silent]\n|upkeep\n|turn|24\n|\n|t:|1781434236\n|move|p1a: Sableye|Knock Off|p2a: Scovillain\n|-damage|p2a: Scovillain|126/266 par\n|move|p2a: Scovillain|Flamethrower|p1a: Sableye\n|-damage|p1a: Sableye|0 fnt\n|faint|p1a: Sableye\n|\n|upkeep\n|\n|t:|1781434246\n|switch|p1a: Mabosstiff|Mabosstiff, L86, M|278/278\n|turn|25\n|\n|t:|1781434248\n|move|p1a: Mabosstiff|Crunch|p2a: Scovillain\n|-damage|p2a: Scovillain|0 fnt\n|faint|p2a: Scovillain\n|\n|upkeep\n|\n|t:|1781434253\n|switch|p2a: Dodrio|Dodrio, L85, F|229/241\n|turn|26\n|\n|t:|1781434257\n|move|p2a: Dodrio|Brave Bird|p1a: Mabosstiff\n|-damage|p1a: Mabosstiff|68/278\n|-damage|p2a: Dodrio|160/241|[from] Recoil\n|move|p1a: Mabosstiff|Crunch|p2a: Dodrio\n|-damage|p2a: Dodrio|0 fnt\n|faint|p2a: Dodrio\n|\n|upkeep\n|\n|t:|1781434264\n|switch|p2a: Bruxish|Bruxish, L85, F|254/254\n|turn|27\n|\n|t:|1781434268\n|move|p2a: Bruxish|Wave Crash|p1a: Mabosstiff\n|-damage|p1a: Mabosstiff|0 fnt\n|faint|p1a: Mabosstiff\n|-damage|p2a: Bruxish|232/254|[from] Recoil\n|\n|upkeep\n|\n|t:|1781434272\n|switch|p1a: Glastrier|Glastrier, L86|312/312\n|turn|28\n|\n|t:|1781434277\n|move|p2a: Bruxish|Wave Crash|p1a: Glastrier\n|-damage|p1a: Glastrier|173/312\n|-damage|p2a: Bruxish|186/254|[from] Recoil\n|move|p1a: Glastrier|Icicle Crash|p2a: Bruxish\n|-resisted|p2a: Bruxish\n|-damage|p2a: Bruxish|105/254\n|\n|upkeep\n|turn|29\n|\n|t:|1781434283\n|move|p2a: Bruxish|Wave Crash|p1a: Glastrier\n|-damage|p1a: Glastrier|20/312\n|-damage|p2a: Bruxish|55/254|[from] Recoil\n|move|p1a: Glastrier|Icicle Crash|p2a: Bruxish\n|-resisted|p2a: Bruxish\n|-damage|p2a: Bruxish|0 fnt\n|faint|p2a: Bruxish\n|-ability|p1a: Glastrier|Chilling Neigh|boost\n|-boost|p1a: Glastrier|atk|1\n|\n|upkeep\n|\n|t:|1781434286\n|switch|p2a: Swalot|Swalot, L90, F|56/326\n|turn|30\n|\n|t:|1781434289\n|move|p2a: Swalot|Knock Off|p1a: Glastrier\n|-damage|p1a: Glastrier|0 fnt\n|-enditem|p1a: Glastrier|Heavy-Duty Boots|[from] move: Knock Off|[of] p2a: Swalot\n|faint|p1a: Glastrier\n|\n|upkeep\n|\n|t:|1781434291\n|switch|p1a: Mewtwo|Mewtwo, L72|272/272\n|-ability|p1a: Mewtwo|Pressure\n|turn|31\n|\n|t:|1781434298\n|move|p1a: Mewtwo|Nasty Plot|p1a: Mewtwo\n|-boost|p1a: Mewtwo|spa|2\n|move|p2a: Swalot|Knock Off|p1a: Mewtwo\n|-supereffective|p1a: Mewtwo\n|-damage|p1a: Mewtwo|136/272\n|-enditem|p1a: Mewtwo|Life Orb|[from] move: Knock Off|[of] p2a: Swalot\n|\n|upkeep\n|turn|32\n|\n|t:|1781434304\n|move|p1a: Mewtwo|Dark Pulse|p2a: Swalot\n|-damage|p2a: Swalot|0 fnt\n|faint|p2a: Swalot\n|\n|upkeep\n|\n|t:|1781434307\n|switch|p2a: Iron Thorns|Iron Thorns, L83|277/302\n|turn|33\n|\n|t:|1781434323\n|-terastallize|p1a: Mewtwo|Psychic\n|move|p1a: Mewtwo|Psystrike|p2a: Iron Thorns\n|-damage|p2a: Iron Thorns|41/302\n|move|p2a: Iron Thorns|Dragon Dance|p2a: Iron Thorns\n|-boost|p2a: Iron Thorns|atk|1\n|-boost|p2a: Iron Thorns|spe|1\n|\n|upkeep\n|turn|34\n|\n|t:|1781434331\n|move|p2a: Iron Thorns|Wild Charge|p1a: Mewtwo\n|-damage|p1a: Mewtwo|0 fnt\n|faint|p1a: Mewtwo\n|-damage|p2a: Iron Thorns|7/302|[from] Recoil\n|\n|win|demoivrestheorem\n", "uploadtime": 1781434055, "views": 3, "formatid": "gen9randombattle", "rating": null, "private": 0, "password": null}