{"id": "gen9randombattle-2631434942", "format": "[Gen 9] Random Battle", "players": ["nocomment3", "twoblickys"], "log": "|j|\u2606nocomment3\n|j|\u2606twoblickys\n|t:|1781384273\n|gametype|singles\n|player|p1|nocomment3|2|2165\n|player|p2|twoblickys|2|2106\n|gen|9\n|tier|[Gen 9] Random Battle\n|rated|\n|rule|Species Clause: Limit one of each Pok\u00e9mon\n|rule|HP Percentage Mod: HP is shown in percentages\n|rule|Sleep Clause Mod: Limit one foe put to sleep\n|rule|Illusion Level Mod: Illusion disguises the Pok\u00e9mon's true level\n|\n|t:|1781384273\n|teamsize|p1|6\n|teamsize|p2|6\n|start\n|switch|p1a: Tinkaton|Tinkaton, L82, F|274/274\n|switch|p2a: Dialga|Dialga, L73|266/266\n|-ability|p1a: Tinkaton|Mold Breaker\n|-ability|p2a: Dialga|Pressure\n|turn|1\n|\n|t:|1781384289\n|switch|p1a: Poliwrath|Poliwrath, L88, F|302/302\n|move|p2a: Dialga|Thunder Wave|p1a: Poliwrath\n|-status|p1a: Poliwrath|par\n|\n|upkeep\n|turn|2\n|inactive|Battle timer is ON: inactive players will automatically lose when time's up. (requested by twoblickys)\n|\n|t:|1781384295\n|switch|p2a: Gallade|Gallade, L80, M|240/240\n|move|p1a: Poliwrath|Close Combat|p2a: Gallade\n|-resisted|p2a: Gallade\n|-damage|p2a: Gallade|124/240\n|-unboost|p1a: Poliwrath|def|1\n|-unboost|p1a: Poliwrath|spd|1\n|-damage|p1a: Poliwrath|272/302 par|[from] item: Life Orb\n|\n|upkeep\n|turn|3\n|\n|t:|1781384302\n|switch|p1a: Tinkaton|Tinkaton, L82, F|274/274\n|-ability|p1a: Tinkaton|Mold Breaker\n|move|p2a: Gallade|Sacred Sword|p1a: Tinkaton\n|-damage|p1a: Tinkaton|31/274\n|-damage|p2a: Gallade|100/240|[from] item: Life Orb\n|\n|-heal|p1a: Tinkaton|48/274|[from] item: Leftovers\n|upkeep\n|turn|4\n|\n|t:|1781384309\n|switch|p2a: Dialga|Dialga, L73|266/266\n|-ability|p2a: Dialga|Pressure\n|move|p1a: Tinkaton|Swords Dance|p1a: Tinkaton\n|-boost|p1a: Tinkaton|atk|2\n|\n|-heal|p1a: Tinkaton|65/274|[from] item: Leftovers\n|upkeep\n|turn|5\n|\n|t:|1781384316\n|move|p1a: Tinkaton|Play Rough|p2a: Dialga\n|-damage|p2a: Dialga|127/266\n|move|p2a: Dialga|Heavy Slam|p1a: Tinkaton\n|-damage|p1a: Tinkaton|0 fnt\n|faint|p1a: Tinkaton\n|\n|-heal|p2a: Dialga|143/266|[from] item: Leftovers\n|upkeep\n|\n|t:|1781384322\n|switch|p1a: Mesprit|Mesprit, L85|275/275\n|turn|6\n|\n|t:|1781384328\n|move|p1a: Mesprit|Trick|p2a: Dialga\n|-activate|p1a: Mesprit|move: Trick|[of] p2a: Dialga\n|-item|p2a: Dialga|Choice Scarf|[from] move: Trick\n|-item|p1a: Mesprit|Leftovers|[from] move: Trick\n|move|p2a: Dialga|Thunder Wave|p1a: Mesprit|[miss]\n|-miss|p2a: Dialga|p1a: Mesprit\n|\n|upkeep\n|turn|7\n|\n|t:|1781384334\n|switch|p2a: Gallade|Gallade, L80, M|100/240\n|switch|p1a: Poliwrath|Poliwrath, L88, F|272/302 par\n|\n|upkeep\n|turn|8\n|\n|t:|1781384339\n|switch|p1a: Mesprit|Mesprit, L85|275/275\n|move|p2a: Gallade|Night Slash|p1a: Mesprit\n|-supereffective|p1a: Mesprit\n|-damage|p1a: Mesprit|98/275\n|-damage|p2a: Gallade|76/240|[from] item: Life Orb\n|\n|-heal|p1a: Mesprit|115/275|[from] item: Leftovers\n|upkeep\n|turn|9\n|\n|t:|1781384344\n|switch|p2a: Dialga|Dialga, L73|143/266\n|-ability|p2a: Dialga|Pressure\n|move|p1a: Mesprit|Dazzling Gleam|p2a: Dialga\n|-damage|p2a: Dialga|72/266\n|\n|-heal|p1a: Mesprit|132/275|[from] item: Leftovers\n|upkeep\n|turn|10\n|\n|t:|1781384347\n|move|p2a: Dialga|Draco Meteor|p1a: Mesprit\n|-crit|p1a: Mesprit\n|-damage|p1a: Mesprit|0 fnt\n|-unboost|p2a: Dialga|spa|2\n|faint|p1a: Mesprit\n|\n|upkeep\n|\n|t:|1781384350\n|switch|p1a: Maushold|Maushold-Four, L76|238/238\n|turn|11\n|\n|t:|1781384356\n|switch|p2a: Quagsire|Quagsire, L84, M|297/297\n|move|p1a: Maushold|Tidy Up|p1a: Maushold\n|-boost|p1a: Maushold|atk|1\n|-boost|p1a: Maushold|spe|1\n|\n|upkeep\n|turn|12\n|\n|t:|1781384364\n|-terastallize|p1a: Maushold|Normal\n|move|p1a: Maushold|Population Bomb|p2a: Quagsire\n|-damage|p2a: Quagsire|269/297\n|-damage|p2a: Quagsire|239/297\n|-damage|p2a: Quagsire|207/297\n|-damage|p2a: Quagsire|177/297\n|-damage|p2a: Quagsire|145/297\n|-damage|p2a: Quagsire|117/297\n|-damage|p2a: Quagsire|87/297\n|-damage|p2a: Quagsire|59/297\n|-damage|p2a: Quagsire|31/297\n|-damage|p2a: Quagsire|0 fnt\n|faint|p2a: Quagsire\n|-hitcount|p2: Quagsire|10\n|\n|upkeep\n|inactive|twoblickys has 120 seconds left.\n|inactive|twoblickys has 90 seconds left.\n|\n|t:|1781384430\n|switch|p2a: Lucario|Lucario, L84, M|255/255\n|turn|13\n|\n|t:|1781384444\n|switch|p1a: Toxapex|Toxapex, L82, M|216/216\n|-terastallize|p2a: Lucario|Fighting\n|move|p2a: Lucario|Vacuum Wave|p1a: Toxapex\n|-resisted|p1a: Toxapex\n|-damage|p1a: Toxapex|186/216\n|-damage|p2a: Lucario|230/255|[from] item: Life Orb\n|\n|-heal|p1a: Toxapex|199/216|[from] item: Leftovers\n|upkeep\n|turn|14\n|inactive|twoblickys has 90 seconds left.\n|\n|t:|1781384460\n|switch|p2a: Phione|Phione, L91|293/293\n|move|p1a: Toxapex|Toxic Spikes|p2a: Phione\n|-sidestart|p2: twoblickys|move: Toxic Spikes\n|\n|-heal|p1a: Toxapex|212/216|[from] item: Leftovers\n|upkeep\n|turn|15\n|inactive|twoblickys has 90 seconds left.\n|\n|t:|1781384472\n|switch|p2a: Gallade|Gallade, L80, M|76/240\n|-status|p2a: Gallade|psn\n|switch|p1a: Poliwrath|Poliwrath, L88, F|272/302 par\n|\n|-damage|p2a: Gallade|46/240 psn|[from] psn\n|upkeep\n|turn|16\n|\n|t:|1781384499\n|switch|p1a: Toxapex|Toxapex, L82, M|216/216\n|move|p2a: Gallade|Psycho Cut|p1a: Toxapex\n|-supereffective|p1a: Toxapex\n|-damage|p1a: Toxapex|0 fnt\n|faint|p1a: Toxapex\n|-damage|p2a: Gallade|22/240 psn|[from] item: Life Orb\n|\n|-damage|p2a: Gallade|0 fnt|[from] psn\n|faint|p2a: Gallade\n|upkeep\n|\n|t:|1781384514\n|switch|p2a: Mewtwo|Mewtwo, L72|272/272\n|switch|p1a: Poliwrath|Poliwrath, L88, F|272/302 par\n|-status|p2a: Mewtwo|psn\n|-ability|p2a: Mewtwo|Pressure\n|turn|17\n|\n|t:|1781384518\n|move|p2a: Mewtwo|Psystrike|p1a: Poliwrath\n|-supereffective|p1a: Poliwrath\n|-damage|p1a: Poliwrath|7/302 par\n|-damage|p2a: Mewtwo|245/272 psn|[from] item: Life Orb\n|cant|p1a: Poliwrath|par\n|\n|-damage|p2a: Mewtwo|211/272 psn|[from] psn\n|upkeep\n|turn|18\n|\n|t:|1781384521\n|move|p2a: Mewtwo|Psystrike|p1a: Poliwrath\n|-supereffective|p1a: Poliwrath\n|-damage|p1a: Poliwrath|0 fnt\n|faint|p1a: Poliwrath\n|-damage|p2a: Mewtwo|184/272 psn|[from] item: Life Orb\n|\n|-damage|p2a: Mewtwo|150/272 psn|[from] psn\n|upkeep\n|\n|t:|1781384528\n|switch|p1a: Magearna|Magearna, L77|250/250\n|turn|19\n|\n|t:|1781384533\n|move|p2a: Mewtwo|Aura Sphere|p1a: Magearna\n|-damage|p1a: Magearna|177/250\n|-damage|p2a: Mewtwo|123/272 psn|[from] item: Life Orb\n|move|p1a: Magearna|Shift Gear|p1a: Magearna\n|-boost|p1a: Magearna|spe|2\n|-boost|p1a: Magearna|atk|1\n|\n|-damage|p2a: Mewtwo|89/272 psn|[from] psn\n|upkeep\n|turn|20\n|\n|t:|1781384545\n|move|p1a: Magearna|Shift Gear|p1a: Magearna\n|-boost|p1a: Magearna|spe|2\n|-boost|p1a: Magearna|atk|1\n|move|p2a: Mewtwo|Aura Sphere|p1a: Magearna\n|-damage|p1a: Magearna|107/250\n|-damage|p2a: Mewtwo|62/272 psn|[from] item: Life Orb\n|\n|-damage|p2a: Mewtwo|28/272 psn|[from] psn\n|upkeep\n|turn|21\n|\n|t:|1781384548\n|move|p1a: Magearna|Iron Head|p2a: Mewtwo\n|-damage|p2a: Mewtwo|0 fnt\n|faint|p2a: Mewtwo\n|-ability|p1a: Magearna|Soul-Heart|boost\n|-boost|p1a: Magearna|spa|1\n|\n|upkeep\n|\n|t:|1781384557\n|switch|p2a: Phione|Phione, L91|293/293\n|-status|p2a: Phione|psn\n|turn|22\n|\n|t:|1781384566\n|move|p1a: Magearna|Iron Head|p2a: Phione\n|-resisted|p2a: Phione\n|-damage|p2a: Phione|226/293 psn\n|move|p2a: Phione|Scald|p1a: Magearna\n|-damage|p1a: Magearna|29/250\n|\n|-heal|p2a: Phione|244/293 psn|[from] item: Leftovers\n|-damage|p2a: Phione|208/293 psn|[from] psn\n|upkeep\n|turn|23\n|\n|t:|1781384580\n|move|p1a: Magearna|Fleur Cannon|p2a: Phione\n|-damage|p2a: Phione|0 fnt\n|-unboost|p1a: Magearna|spa|2\n|faint|p2a: Phione\n|-ability|p1a: Magearna|Soul-Heart|boost\n|-boost|p1a: Magearna|spa|1\n|\n|upkeep\n|\n|t:|1781384586\n|switch|p2a: Lucario|Lucario, L84, M, tera:Fighting|230/255\n|-status|p2a: Lucario|psn\n|turn|24\n|\n|t:|1781384588\n|move|p2a: Lucario|Vacuum Wave|p1a: Magearna\n|-damage|p1a: Magearna|0 fnt\n|faint|p1a: Magearna\n|-damage|p2a: Lucario|205/255 psn|[from] item: Life Orb\n|\n|-damage|p2a: Lucario|174/255 psn|[from] psn\n|upkeep\n|\n|t:|1781384590\n|switch|p1a: Maushold|Maushold-Four, L76, tera:Normal|238/238\n|turn|25\n|\n|t:|1781384591\n|move|p2a: Lucario|Vacuum Wave|p1a: Maushold\n|-supereffective|p1a: Maushold\n|-damage|p1a: Maushold|40/238\n|-damage|p2a: Lucario|149/255 psn|[from] item: Life Orb\n|move|p1a: Maushold|Population Bomb|p2a: Lucario\n|-damage|p2a: Lucario|111/255 psn\n|-damage|p2a: Lucario|71/255 psn\n|-damage|p2a: Lucario|37/255 psn\n|-damage|p2a: Lucario|0 fnt\n|faint|p2a: Lucario\n|-hitcount|p2: Lucario|4\n|\n|upkeep\n|\n|t:|1781384593\n|switch|p2a: Dialga|Dialga, L73|72/266\n|-ability|p2a: Dialga|Pressure\n|turn|26\n|\n|t:|1781384599\n|move|p2a: Dialga|Heavy Slam|p1a: Maushold\n|-damage|p1a: Maushold|0 fnt\n|faint|p1a: Maushold\n|\n|win|twoblickys\n", "uploadtime": 1781384274, "views": 10, "formatid": "gen9randombattle", "rating": null, "private": 0, "password": null}