{"id": "gen9randombattle-2631370821", "format": "[Gen 9] Random Battle", "players": ["parathasocks", "shiworm"], "log": "|j|\u2606parathasocks\n|j|\u2606shiworm\n|t:|1781376728\n|gametype|singles\n|player|p1|parathasocks|102|1951\n|player|p2|shiworm|miku-psychic|1937\n|gen|9\n|tier|[Gen 9] Random Battle\n|rated|\n|rule|Species Clause: Limit one of each Pok\u00e9mon\n|rule|HP Percentage Mod: HP is shown in percentages\n|rule|Sleep Clause Mod: Limit one foe put to sleep\n|rule|Illusion Level Mod: Illusion disguises the Pok\u00e9mon's true level\n|\n|t:|1781376728\n|teamsize|p1|6\n|teamsize|p2|6\n|start\n|switch|p1a: Tentacruel|Tentacruel, L84, F|272/272\n|switch|p2a: Volbeat|Volbeat, L90, M|263/263\n|turn|1\n|inactive|Battle timer is ON: inactive players will automatically lose when time's up. (requested by shiworm)\n|inactive|parathasocks has 120 seconds left.\n|\n|t:|1781376777\n|move|p1a: Tentacruel|Surf|p2a: Volbeat\n|-damage|p2a: Volbeat|176/263\n|move|p2a: Volbeat|Lunge|p1a: Tentacruel\n|-resisted|p1a: Tentacruel\n|-damage|p1a: Tentacruel|223/272\n|-unboost|p1a: Tentacruel|atk|1\n|\n|upkeep\n|turn|2\n|\n|t:|1781376782\n|move|p2a: Volbeat|Thunder Wave|p1a: Tentacruel\n|-status|p1a: Tentacruel|par\n|move|p1a: Tentacruel|Knock Off|p2a: Volbeat\n|-damage|p2a: Volbeat|134/263\n|-enditem|p2a: Volbeat|Heavy-Duty Boots|[from] move: Knock Off|[of] p1a: Tentacruel\n|\n|upkeep\n|turn|3\n|\n|t:|1781376794\n|switch|p1a: Hypno|Hypno, L95, M|315/315\n|move|p2a: Volbeat|Roost|p2a: Volbeat\n|-heal|p2a: Volbeat|263/263\n|-singleturn|p2a: Volbeat|move: Roost\n|\n|upkeep\n|turn|4\n|\n|t:|1781376801\n|move|p2a: Volbeat|Lunge|p1a: Hypno\n|-supereffective|p1a: Hypno\n|-damage|p1a: Hypno|157/315\n|-unboost|p1a: Hypno|atk|1\n|move|p1a: Hypno|Toxic|p2a: Volbeat\n|-status|p2a: Volbeat|tox\n|\n|-heal|p1a: Hypno|176/315|[from] item: Leftovers\n|-damage|p2a: Volbeat|247/263 tox|[from] psn\n|upkeep\n|turn|5\n|-message|parathasocks forfeited.\n|\n|win|shiworm\n", "uploadtime": 1781376730, "views": 6, "formatid": "gen9randombattle", "rating": null, "private": 0, "password": null}