{"id": "gen9randombattle-2631983179", "format": "[Gen 9] Random Battle", "players": ["RoLi404", "randomdude8876"], "log": "|j|\u2606RoLi404\n|j|\u2606randomdude8876\n|t:|1781462627\n|gametype|singles\n|player|p1|RoLi404|jacinthe|1943\n|player|p2|randomdude8876|hiker-gen4|1906\n|gen|9\n|tier|[Gen 9] Random Battle\n|rated|\n|rule|Species Clause: Limit one of each Pok\u00e9mon\n|rule|HP Percentage Mod: HP is shown in percentages\n|rule|Sleep Clause Mod: Limit one foe put to sleep\n|rule|Illusion Level Mod: Illusion disguises the Pok\u00e9mon's true level\n|\n|t:|1781462627\n|teamsize|p1|6\n|teamsize|p2|6\n|start\n|switch|p1a: Misdreavus|Misdreavus, L90, F|254/254\n|switch|p2a: Regieleki|Regieleki, L79|256/256\n|turn|1\n|inactive|Battle timer is ON: inactive players will automatically lose when time's up. (requested by randomdude8876)\n|inactive|RoLi404 also wants the timer to be on.\n|\n|t:|1781462641\n|move|p2a: Regieleki|Volt Switch|p1a: Misdreavus\n|-damage|p1a: Misdreavus|185/254\n|\n|t:|1781462644\n|switch|p2a: Illumise|Illumise, L91, F|266/266|[from] Volt Switch\n|move|p1a: Misdreavus|Will-O-Wisp|p2a: Illumise\n|-status|p2a: Illumise|brn\n|\n|-damage|p2a: Illumise|250/266 brn|[from] brn\n|upkeep\n|turn|2\n|\n|t:|1781462653\n|switch|p1a: Corviknight|Corviknight, L80, M|288/288\n|move|p2a: Illumise|Thunder Wave|p1a: Corviknight\n|-status|p1a: Corviknight|par\n|\n|-damage|p2a: Illumise|234/266 brn|[from] brn\n|upkeep\n|turn|3\n|\n|t:|1781462666\n|switch|p2a: Swampert|Swampert, L83, M|302/302\n|move|p1a: Corviknight|U-turn|p2a: Swampert\n|-damage|p2a: Swampert|262/302\n|\n|t:|1781462677\n|switch|p1a: Meowscarada|Meowscarada, L78, F|247/247|[from] U-turn\n|\n|-heal|p2a: Swampert|280/302|[from] item: Leftovers\n|upkeep\n|turn|4\n|\n|t:|1781462687\n|switch|p2a: Kyurem|Kyurem-Black, L71|295/295\n|-ability|p2a: Kyurem|Teravolt\n|move|p1a: Meowscarada|Knock Off|p2a: Kyurem\n|-start|p1a: Meowscarada|typechange|Dark|[from] ability: Protean\n|-damage|p2a: Kyurem|159/295\n|-enditem|p2a: Kyurem|Loaded Dice|[from] move: Knock Off|[of] p1a: Meowscarada\n|-damage|p1a: Meowscarada|223/247|[from] item: Life Orb\n|\n|upkeep\n|turn|5\n|\n|t:|1781462703\n|switch|p1a: Misdreavus|Misdreavus, L90, F|185/254\n|move|p2a: Kyurem|Dragon Dance|p2a: Kyurem\n|-boost|p2a: Kyurem|atk|1\n|-boost|p2a: Kyurem|spe|1\n|\n|upkeep\n|turn|6\n|\n|t:|1781462712\n|-terastallize|p2a: Kyurem|Electric\n|move|p2a: Kyurem|Fusion Bolt|p1a: Misdreavus\n|-damage|p1a: Misdreavus|49/254\n|move|p1a: Misdreavus|Will-O-Wisp|p2a: Kyurem\n|-status|p2a: Kyurem|brn\n|\n|-damage|p2a: Kyurem|141/295 brn|[from] brn\n|upkeep\n|turn|7\n|\n|t:|1781462721\n|move|p2a: Kyurem|Fusion Bolt|p1a: Misdreavus\n|-damage|p1a: Misdreavus|0 fnt\n|faint|p1a: Misdreavus\n|\n|-damage|p2a: Kyurem|123/295 brn|[from] brn\n|upkeep\n|\n|t:|1781462735\n|switch|p1a: Politoed|Politoed, L88, M|302/302\n|-weather|RainDance|[from] ability: Drizzle|[of] p1a: Politoed\n|turn|8\n|\n|t:|1781462743\n|move|p2a: Kyurem|Fusion Bolt|p1a: Politoed\n|-supereffective|p1a: Politoed\n|-damage|p1a: Politoed|116/302\n|move|p1a: Politoed|Hydro Pump|p2a: Kyurem\n|-damage|p2a: Kyurem|0 fnt\n|faint|p2a: Kyurem\n|\n|-weather|RainDance|[upkeep]\n|upkeep\n|\n|t:|1781462750\n|switch|p2a: Regieleki|Regieleki, L79|256/256\n|turn|9\n|\n|t:|1781462757\n|move|p2a: Regieleki|Thunderbolt|p1a: Politoed\n|-supereffective|p1a: Politoed\n|-damage|p1a: Politoed|0 fnt\n|faint|p1a: Politoed\n|\n|-weather|RainDance|[upkeep]\n|upkeep\n|\n|t:|1781462760\n|switch|p1a: Meowscarada|Meowscarada, L78, F|223/247\n|turn|10\n|\n|t:|1781462765\n|move|p2a: Regieleki|Volt Switch|p1a: Meowscarada\n|-resisted|p1a: Meowscarada\n|-damage|p1a: Meowscarada|158/247\n|\n|t:|1781462768\n|switch|p2a: Ludicolo|Ludicolo, L90, F|290/290|[from] Volt Switch\n|move|p1a: Meowscarada|Triple Axel|p2a: Ludicolo\n|-start|p1a: Meowscarada|typechange|Ice|[from] ability: Protean\n|-damage|p2a: Ludicolo|261/290\n|-damage|p2a: Ludicolo|201/290\n|-damage|p2a: Ludicolo|107/290\n|-hitcount|p2a: Ludicolo|3\n|-damage|p1a: Meowscarada|134/247|[from] item: Life Orb\n|\n|-weather|RainDance|[upkeep]\n|upkeep\n|turn|11\n|\n|t:|1781462782\n|switch|p1a: Charizard|Charizard, L85, M|271/271\n|move|p2a: Ludicolo|Hydro Pump|p1a: Charizard\n|-supereffective|p1a: Charizard\n|-damage|p1a: Charizard|0 fnt\n|faint|p1a: Charizard\n|\n|-weather|RainDance|[upkeep]\n|upkeep\n|\n|t:|1781462784\n|switch|p1a: Corviknight|Corviknight, L80, M|288/288 par\n|turn|12\n|\n|t:|1781462807\n|-terastallize|p1a: Corviknight|Dragon\n|move|p2a: Ludicolo|Hydro Pump|p1a: Corviknight\n|-resisted|p1a: Corviknight\n|-damage|p1a: Corviknight|124/288 par\n|cant|p1a: Corviknight|par\n|\n|-weather|none\n|-heal|p1a: Corviknight|142/288 par|[from] item: Leftovers\n|upkeep\n|turn|13\n|\n|t:|1781462817\n|switch|p2a: Beartic|Beartic, L91, M|321/321\n|move|p1a: Corviknight|Roost|p1a: Corviknight\n|-heal|p1a: Corviknight|286/288 par\n|\n|-heal|p1a: Corviknight|288/288 par|[from] item: Leftovers\n|upkeep\n|turn|14\n|\n|t:|1781462823\n|switch|p1a: Calyrex|Calyrex-Shadow, L64|235/235\n|-ability|p1a: Calyrex|As One\n|-ability|p1a: Calyrex|Unnerve\n|move|p2a: Beartic|Snowscape|p2a: Beartic\n|-weather|Snowscape\n|\n|-weather|Snowscape|[upkeep]\n|upkeep\n|turn|15\n|\n|t:|1781462828\n|move|p2a: Beartic|Icicle Crash|p1a: Calyrex\n|-damage|p1a: Calyrex|54/235\n|move|p1a: Calyrex|Astral Barrage|p2a: Beartic\n|-damage|p2a: Beartic|161/321\n|-damage|p1a: Calyrex|31/235|[from] item: Life Orb\n|\n|-weather|Snowscape|[upkeep]\n|upkeep\n|turn|16\n|\n|t:|1781462834\n|move|p2a: Beartic|Earthquake|p1a: Calyrex\n|-damage|p1a: Calyrex|0 fnt\n|faint|p1a: Calyrex\n|\n|-weather|Snowscape|[upkeep]\n|upkeep\n|\n|t:|1781462843\n|switch|p1a: Corviknight|Corviknight, L80, M, tera:Dragon|288/288 par\n|turn|17\n|\n|t:|1781462848\n|move|p2a: Beartic|Icicle Crash|p1a: Corviknight|[miss]\n|-miss|p2a: Beartic|p1a: Corviknight\n|cant|p1a: Corviknight|par\n|\n|-weather|Snowscape|[upkeep]\n|upkeep\n|turn|18\n|\n|t:|1781462852\n|move|p2a: Beartic|Icicle Crash|p1a: Corviknight\n|-supereffective|p1a: Corviknight\n|-damage|p1a: Corviknight|48/288 par\n|cant|p1a: Corviknight|flinch\n|\n|-weather|none\n|-heal|p1a: Corviknight|66/288 par|[from] item: Leftovers\n|upkeep\n|turn|19\n|\n|t:|1781462857\n|move|p2a: Beartic|Snowscape|p2a: Beartic\n|-weather|Snowscape\n|move|p1a: Corviknight|Brave Bird|p2a: Beartic\n|-damage|p2a: Beartic|88/321\n|-damage|p1a: Corviknight|42/288 par|[from] Recoil\n|\n|-weather|Snowscape|[upkeep]\n|-heal|p1a: Corviknight|60/288 par|[from] item: Leftovers\n|upkeep\n|turn|20\n|\n|t:|1781462861\n|move|p2a: Beartic|Close Combat|p1a: Corviknight\n|-damage|p1a: Corviknight|0 fnt\n|-unboost|p2a: Beartic|def|1\n|-unboost|p2a: Beartic|spd|1\n|faint|p1a: Corviknight\n|\n|-weather|Snowscape|[upkeep]\n|upkeep\n|\n|t:|1781462863\n|switch|p1a: Meowscarada|Meowscarada, L78, F|134/247\n|turn|21\n|\n|t:|1781462865\n|move|p2a: Beartic|Close Combat|p1a: Meowscarada\n|-supereffective|p1a: Meowscarada\n|-crit|p1a: Meowscarada\n|-damage|p1a: Meowscarada|0 fnt\n|-unboost|p2a: Beartic|def|1\n|-unboost|p2a: Beartic|spd|1\n|faint|p1a: Meowscarada\n|\n|win|randomdude8876\n", "uploadtime": 1781462628, "views": 4, "formatid": "gen9randombattle", "rating": null, "private": 0, "password": null}