{"id": "gen9randombattle-2631918252", "format": "[Gen 9] Random Battle", "players": ["antho17###", "joonnabi"], "log": "|j|\u2606antho17###\n|j|\u2606joonnabi\n|t:|1781455511\n|gametype|singles\n|player|p1|antho17###|2|2032\n|player|p2|joonnabi|linebacker|1953\n|gen|9\n|tier|[Gen 9] Random Battle\n|rated|\n|rule|Species Clause: Limit one of each Pok\u00e9mon\n|rule|HP Percentage Mod: HP is shown in percentages\n|rule|Sleep Clause Mod: Limit one foe put to sleep\n|rule|Illusion Level Mod: Illusion disguises the Pok\u00e9mon's true level\n|\n|t:|1781455511\n|teamsize|p1|6\n|teamsize|p2|6\n|start\n|switch|p1a: Crabominable|Crabominable, L90, M|321/321\n|switch|p2a: Charizard|Charizard, L85, F|271/271\n|turn|1\n|\n|t:|1781455527\n|switch|p2a: Milotic|Milotic, L83, F|293/293\n|switch|p1a: Dipplin|Dipplin, L88, M|284/284\n|\n|upkeep\n|turn|2\n|\n|t:|1781455535\n|move|p2a: Milotic|Ice Beam|p1a: Dipplin\n|-supereffective|p1a: Dipplin\n|-damage|p1a: Dipplin|92/284\n|move|p1a: Dipplin|Giga Drain|p2a: Milotic\n|-supereffective|p2a: Milotic\n|-damage|p2a: Milotic|153/293\n|-heal|p1a: Dipplin|162/284|[from] drain|[of] p2a: Milotic\n|\n|-heal|p2a: Milotic|171/293|[from] item: Leftovers\n|upkeep\n|turn|3\n|\n|t:|1781455552\n|switch|p1a: Poliwrath|Poliwrath, L88, M|302/302\n|move|p2a: Milotic|Ice Beam|p1a: Poliwrath\n|-resisted|p1a: Poliwrath\n|-damage|p1a: Poliwrath|273/302\n|\n|-heal|p2a: Milotic|189/293|[from] item: Leftovers\n|-heal|p1a: Poliwrath|291/302|[from] item: Leftovers\n|upkeep\n|turn|4\n|\n|t:|1781455558\n|move|p1a: Poliwrath|Bulk Up|p1a: Poliwrath\n|-boost|p1a: Poliwrath|atk|1\n|-boost|p1a: Poliwrath|def|1\n|move|p2a: Milotic|Dragon Tail|p1a: Poliwrath\n|-damage|p1a: Poliwrath|273/302\n|drag|p1a: Dipplin|Dipplin, L88, M|162/284\n|\n|-heal|p2a: Milotic|207/293|[from] item: Leftovers\n|upkeep\n|turn|5\n|inactive|Battle timer is ON: inactive players will automatically lose when time's up. (requested by antho17###)\n|\n|t:|1781455564\n|switch|p1a: Poliwrath|Poliwrath, L88, M|273/302\n|move|p2a: Milotic|Ice Beam|p1a: Poliwrath\n|-resisted|p1a: Poliwrath\n|-damage|p1a: Poliwrath|243/302\n|-status|p1a: Poliwrath|frz\n|\n|-heal|p2a: Milotic|225/293|[from] item: Leftovers\n|-heal|p1a: Poliwrath|261/302 frz|[from] item: Leftovers\n|upkeep\n|turn|6\n|\n|t:|1781455567\n|cant|p1a: Poliwrath|frz\n|move|p2a: Milotic|Dragon Tail|p1a: Poliwrath\n|-damage|p1a: Poliwrath|234/302 frz\n|drag|p1a: Staraptor|Staraptor, L79, M|263/263\n|\n|-heal|p2a: Milotic|243/293|[from] item: Leftovers\n|upkeep\n|turn|7\n|\n|t:|1781455577\n|move|p1a: Staraptor|Brave Bird|p2a: Milotic\n|-damage|p2a: Milotic|0 fnt\n|faint|p2a: Milotic\n|-damage|p1a: Staraptor|183/263|[from] Recoil\n|\n|upkeep\n|\n|t:|1781455586\n|switch|p2a: Arceus|Arceus-Steel, L70|284/284\n|turn|8\n|\n|t:|1781455593\n|switch|p1a: Groudon|Groudon, L72|263/263\n|-weather|SunnyDay|[from] ability: Drought|[of] p1a: Groudon\n|move|p2a: Arceus|Will-O-Wisp|p1a: Groudon\n|-status|p1a: Groudon|brn\n|\n|-weather|SunnyDay|[upkeep]\n|-damage|p1a: Groudon|247/263 brn|[from] brn\n|upkeep\n|turn|9\n|\n|t:|1781455599\n|switch|p2a: Pelipper|Pelipper, L86, F|243/243\n|-weather|RainDance|[from] ability: Drizzle|[of] p2a: Pelipper\n|move|p1a: Groudon|Thunder Wave|p2a: Pelipper\n|-status|p2a: Pelipper|par\n|\n|-weather|RainDance|[upkeep]\n|-heal|p1a: Groudon|263/263 brn|[from] item: Leftovers\n|-damage|p1a: Groudon|247/263 brn|[from] brn\n|upkeep\n|turn|10\n|inactive|antho17### has 120 seconds left.\n|\n|t:|1781455630\n|switch|p1a: Poliwrath|Poliwrath, L88, M|234/302 frz\n|move|p2a: Pelipper|Hurricane|p1a: Poliwrath\n|-supereffective|p1a: Poliwrath\n|-crit|p1a: Poliwrath\n|-damage|p1a: Poliwrath|0 fnt\n|faint|p1a: Poliwrath\n|\n|-weather|RainDance|[upkeep]\n|upkeep\n|\n|t:|1781455633\n|switch|p1a: Staraptor|Staraptor, L79, M|183/263\n|turn|11\n|\n|t:|1781455639\n|switch|p2a: Arceus|Arceus-Steel, L70|284/284\n|move|p1a: Staraptor|Brave Bird|p2a: Arceus\n|-resisted|p2a: Arceus\n|-damage|p2a: Arceus|170/284\n|-damage|p1a: Staraptor|145/263|[from] Recoil\n|\n|-weather|RainDance|[upkeep]\n|upkeep\n|turn|12\n|\n|t:|1781455646\n|switch|p1a: Dipplin|Dipplin, L88, M|162/284\n|move|p2a: Arceus|Judgment|p1a: Dipplin\n|-damage|p1a: Dipplin|86/284\n|\n|-weather|RainDance|[upkeep]\n|upkeep\n|turn|13\n|\n|t:|1781455655\n|move|p2a: Arceus|Judgment|p1a: Dipplin\n|-damage|p1a: Dipplin|5/284\n|move|p1a: Dipplin|Recover|p1a: Dipplin\n|-heal|p1a: Dipplin|147/284\n|\n|-weather|none\n|upkeep\n|turn|14\n|\n|t:|1781455664\n|move|p2a: Arceus|Will-O-Wisp|p1a: Dipplin|[miss]\n|-miss|p2a: Arceus|p1a: Dipplin\n|move|p1a: Dipplin|Giga Drain|p2a: Arceus\n|-resisted|p2a: Arceus\n|-damage|p2a: Arceus|128/284\n|-heal|p1a: Dipplin|168/284|[from] drain|[of] p2a: Arceus\n|\n|upkeep\n|turn|15\n|\n|t:|1781455670\n|move|p2a: Arceus|Recover|p2a: Arceus\n|-heal|p2a: Arceus|270/284\n|move|p1a: Dipplin|Recover|p1a: Dipplin\n|-heal|p1a: Dipplin|284/284\n|\n|upkeep\n|turn|16\n|\n|t:|1781455688\n|switch|p1a: Groudon|Groudon, L72|247/263 brn\n|-weather|SunnyDay|[from] ability: Drought|[of] p1a: Groudon\n|move|p2a: Arceus|Will-O-Wisp|p1a: Groudon\n|-fail|p1a: Groudon|brn\n|\n|-weather|SunnyDay|[upkeep]\n|-heal|p1a: Groudon|263/263 brn|[from] item: Leftovers\n|-damage|p1a: Groudon|247/263 brn|[from] brn\n|upkeep\n|turn|17\n|\n|t:|1781455697\n|switch|p2a: Pelipper|Pelipper, L86, F|243/243 par\n|-weather|RainDance|[from] ability: Drizzle|[of] p2a: Pelipper\n|switch|p1a: Staraptor|Staraptor, L79, M|145/263\n|\n|-weather|RainDance|[upkeep]\n|upkeep\n|turn|18\n|\n|t:|1781455703\n|move|p1a: Staraptor|Close Combat|p2a: Pelipper\n|-resisted|p2a: Pelipper\n|-damage|p2a: Pelipper|185/243 par\n|-unboost|p1a: Staraptor|def|1\n|-unboost|p1a: Staraptor|spd|1\n|move|p2a: Pelipper|Weather Ball|p1a: Staraptor\n|-damage|p1a: Staraptor|0 fnt\n|faint|p1a: Staraptor\n|\n|-weather|RainDance|[upkeep]\n|upkeep\n|\n|t:|1781455710\n|switch|p1a: Crabominable|Crabominable, L90, M|321/321\n|turn|19\n|\n|t:|1781455714\n|move|p1a: Crabominable|Ice Hammer|p2a: Pelipper\n|-damage|p2a: Pelipper|0 fnt\n|-unboost|p1a: Crabominable|spe|1\n|faint|p2a: Pelipper\n|\n|-weather|RainDance|[upkeep]\n|upkeep\n|\n|t:|1781455720\n|switch|p2a: Girafarig|Girafarig, L89, M|269/269\n|turn|20\n|\n|t:|1781455729\n|move|p2a: Girafarig|Nasty Plot|p2a: Girafarig\n|-boost|p2a: Girafarig|spa|2\n|move|p1a: Crabominable|Ice Hammer|p2a: Girafarig\n|-damage|p2a: Girafarig|65/269\n|-unboost|p1a: Crabominable|spe|1\n|\n|-weather|RainDance|[upkeep]\n|upkeep\n|turn|21\n|\n|t:|1781455744\n|move|p2a: Girafarig|Psyshock|p1a: Crabominable\n|-supereffective|p1a: Crabominable\n|-damage|p1a: Crabominable|0 fnt\n|faint|p1a: Crabominable\n|\n|-weather|none\n|upkeep\n|\n|t:|1781455748\n|switch|p1a: Dipplin|Dipplin, L88, M|284/284\n|turn|22\n|\n|t:|1781455751\n|move|p1a: Dipplin|Sucker Punch|p2a: Girafarig\n|-supereffective|p2a: Girafarig\n|-damage|p2a: Girafarig|0 fnt\n|faint|p2a: Girafarig\n|\n|upkeep\n|\n|t:|1781455763\n|switch|p2a: Gogoat|Gogoat, L88, F|360/360\n|turn|23\n|\n|t:|1781455771\n|switch|p1a: Groudon|Groudon, L72|247/263 brn\n|-weather|SunnyDay|[from] ability: Drought|[of] p1a: Groudon\n|move|p2a: Gogoat|Bulk Up|p2a: Gogoat\n|-boost|p2a: Gogoat|atk|1\n|-boost|p2a: Gogoat|def|1\n|\n|-weather|SunnyDay|[upkeep]\n|-heal|p1a: Groudon|263/263 brn|[from] item: Leftovers\n|-damage|p1a: Groudon|247/263 brn|[from] brn\n|upkeep\n|turn|24\n|\n|t:|1781455780\n|move|p1a: Groudon|Thunder Wave|p2a: Gogoat\n|-status|p2a: Gogoat|par\n|move|p2a: Gogoat|Bulk Up|p2a: Gogoat\n|-boost|p2a: Gogoat|atk|1\n|-boost|p2a: Gogoat|def|1\n|\n|-weather|SunnyDay|[upkeep]\n|-heal|p1a: Groudon|263/263 brn|[from] item: Leftovers\n|-damage|p1a: Groudon|247/263 brn|[from] brn\n|upkeep\n|turn|25\n|\n|t:|1781455788\n|-terastallize|p1a: Groudon|Fire\n|move|p1a: Groudon|Swords Dance|p1a: Groudon\n|-boost|p1a: Groudon|atk|2\n|move|p2a: Gogoat|Horn Leech|p1a: Groudon\n|-resisted|p1a: Groudon\n|-damage|p1a: Groudon|178/263 brn\n|\n|-weather|SunnyDay|[upkeep]\n|-heal|p1a: Groudon|194/263 brn|[from] item: Leftovers\n|-damage|p1a: Groudon|178/263 brn|[from] brn\n|upkeep\n|turn|26\n|\n|t:|1781455798\n|move|p1a: Groudon|Heat Crash|p2a: Gogoat\n|-supereffective|p2a: Gogoat\n|-damage|p2a: Gogoat|108/360 par\n|move|p2a: Gogoat|Earthquake|p1a: Groudon\n|-supereffective|p1a: Groudon\n|-damage|p1a: Groudon|0 fnt\n|faint|p1a: Groudon\n|\n|-weather|SunnyDay|[upkeep]\n|-heal|p2a: Gogoat|130/360 par|[from] item: Leftovers\n|upkeep\n|\n|t:|1781455807\n|switch|p1a: Cloyster|Cloyster, L80, F|211/211\n|turn|27\n|\n|t:|1781455813\n|move|p1a: Cloyster|Icicle Spear|p2a: Gogoat\n|-supereffective|p2a: Gogoat\n|-damage|p2a: Gogoat|100/360 par\n|-supereffective|p2a: Gogoat\n|-damage|p2a: Gogoat|70/360 par\n|-supereffective|p2a: Gogoat\n|-damage|p2a: Gogoat|40/360 par\n|-supereffective|p2a: Gogoat\n|-damage|p2a: Gogoat|8/360 par\n|-supereffective|p2a: Gogoat\n|-damage|p2a: Gogoat|0 fnt\n|faint|p2a: Gogoat\n|-hitcount|p2: Gogoat|5\n|\n|-weather|none\n|upkeep\n|\n|t:|1781455819\n|switch|p2a: Arceus|Arceus-Steel, L70|270/284\n|turn|28\n|\n|t:|1781455835\n|switch|p1a: Dipplin|Dipplin, L88, M|284/284\n|move|p2a: Arceus|Will-O-Wisp|p1a: Dipplin\n|-status|p1a: Dipplin|brn\n|\n|-damage|p1a: Dipplin|267/284 brn|[from] brn\n|upkeep\n|turn|29\n|\n|t:|1781455843\n|switch|p2a: Charizard|Charizard, L85, F|271/271\n|move|p1a: Dipplin|Giga Drain|p2a: Charizard\n|-resisted|p2a: Charizard\n|-damage|p2a: Charizard|247/271\n|-heal|p1a: Dipplin|279/284 brn|[from] drain|[of] p2a: Charizard\n|\n|-damage|p1a: Dipplin|262/284 brn|[from] brn\n|upkeep\n|turn|30\n|\n|t:|1781455850\n|move|p2a: Charizard|Dragon Dance|p2a: Charizard\n|-boost|p2a: Charizard|atk|1\n|-boost|p2a: Charizard|spe|1\n|move|p1a: Dipplin|Dragon Pulse|p2a: Charizard\n|-damage|p2a: Charizard|142/271\n|\n|-damage|p1a: Dipplin|245/284 brn|[from] brn\n|upkeep\n|turn|31\n|\n|t:|1781455854\n|move|p2a: Charizard|Outrage|p1a: Dipplin\n|-supereffective|p1a: Dipplin\n|-damage|p1a: Dipplin|113/284 brn\n|move|p1a: Dipplin|Dragon Pulse|p2a: Charizard\n|-damage|p2a: Charizard|46/271\n|\n|-damage|p1a: Dipplin|96/284 brn|[from] brn\n|upkeep\n|turn|32\n|\n|t:|1781455861\n|move|p2a: Charizard|Outrage|p1a: Dipplin|[from] lockedmove\n|-supereffective|p1a: Dipplin\n|-damage|p1a: Dipplin|0 fnt\n|faint|p1a: Dipplin\n|-start|p2a: Charizard|confusion|[fatigue]\n|\n|upkeep\n|\n|t:|1781455863\n|switch|p1a: Cloyster|Cloyster, L80, F|211/211\n|turn|33\n|\n|t:|1781455865\n|-activate|p2a: Charizard|confusion\n|-damage|p2a: Charizard|4/271|[from] confusion\n|move|p1a: Cloyster|Shell Smash|p1a: Cloyster\n|-unboost|p1a: Cloyster|def|1\n|-unboost|p1a: Cloyster|spd|1\n|-boost|p1a: Cloyster|atk|2\n|-boost|p1a: Cloyster|spa|2\n|-boost|p1a: Cloyster|spe|2\n|-enditem|p1a: Cloyster|White Herb\n|-clearnegativeboost|p1a: Cloyster|[silent]\n|\n|upkeep\n|turn|34\n|\n|t:|1781455873\n|-end|p2a: Charizard|confusion\n|move|p2a: Charizard|Flare Blitz|p1a: Cloyster\n|-damage|p1a: Cloyster|64/211\n|-damage|p2a: Charizard|0 fnt|[from] Recoil\n|faint|p2a: Charizard\n|move|p1a: Cloyster|Icicle Spear|p2: Charizard|[notarget]\n|-fail|p1a: Cloyster\n|\n|upkeep\n|\n|t:|1781455876\n|switch|p2a: Arceus|Arceus-Steel, L70|270/284\n|turn|35\n|\n|t:|1781455883\n|-terastallize|p2a: Arceus|Ghost\n|move|p1a: Cloyster|Drill Run|p2a: Arceus\n|-damage|p2a: Arceus|173/284\n|move|p2a: Arceus|Judgment|p1a: Cloyster\n|-damage|p1a: Cloyster|0 fnt\n|faint|p1a: Cloyster\n|\n|win|joonnabi\n", "uploadtime": 1781455514, "views": 3, "formatid": "gen9randombattle", "rating": null, "private": 0, "password": null}