{"id": "gen9randombattle-2631859353", "format": "[Gen 9] Random Battle", "players": ["Hunrito", "Mandodragon"], "log": "|j|\u2606Hunrito\n|j|\u2606Mandodragon\n|t:|1781449055\n|gametype|singles\n|player|p1|Hunrito|102|1967\n|player|p2|Mandodragon|hiker|1910\n|gen|9\n|tier|[Gen 9] Random Battle\n|rated|\n|rule|Species Clause: Limit one of each Pok\u00e9mon\n|rule|HP Percentage Mod: HP is shown in percentages\n|rule|Sleep Clause Mod: Limit one foe put to sleep\n|rule|Illusion Level Mod: Illusion disguises the Pok\u00e9mon's true level\n|\n|t:|1781449055\n|teamsize|p1|6\n|teamsize|p2|6\n|start\n|switch|p1a: Mew|Mew, L82|298/298\n|switch|p2a: Diancie|Diancie, L82|216/216\n|turn|1\n|inactive|Battle timer is ON: inactive players will automatically lose when time's up. (requested by Mandodragon)\n|inactive|Hunrito also wants the timer to be on.\n|\n|t:|1781449068\n|move|p1a: Mew|Hydro Pump|p2a: Diancie\n|-supereffective|p2a: Diancie\n|-damage|p2a: Diancie|91/216\n|-damage|p1a: Mew|269/298|[from] item: Life Orb\n|move|p2a: Diancie|Diamond Storm|p1a: Mew\n|-damage|p1a: Mew|181/298\n|\n|-heal|p2a: Diancie|104/216|[from] item: Leftovers\n|upkeep\n|turn|2\n|\n|t:|1781449082\n|switch|p2a: Scizor|Scizor, L79, M|240/240\n|move|p1a: Mew|Nasty Plot|p1a: Mew\n|-boost|p1a: Mew|spa|2\n|\n|upkeep\n|turn|3\n|\n|t:|1781449089\n|move|p1a: Mew|Fire Blast|p2a: Scizor\n|-supereffective|p2a: Scizor\n|-damage|p2a: Scizor|0 fnt\n|faint|p2a: Scizor\n|-damage|p1a: Mew|152/298|[from] item: Life Orb\n|\n|upkeep\n|\n|t:|1781449095\n|switch|p2a: Weavile|Weavile, L79, F|240/240\n|turn|4\n|\n|t:|1781449100\n|switch|p1a: Alomomola|Alomomola, L87, M|429/429\n|move|p2a: Weavile|Triple Axel|p1a: Alomomola\n|-resisted|p1a: Alomomola\n|-damage|p1a: Alomomola|417/429\n|-resisted|p1a: Alomomola\n|-crit|p1a: Alomomola\n|-damage|p1a: Alomomola|384/429\n|-resisted|p1a: Alomomola\n|-damage|p1a: Alomomola|348/429\n|-hitcount|p1a: Alomomola|3\n|\n|upkeep\n|turn|5\n|\n|t:|1781449111\n|switch|p2a: Swalot|Swalot, L90, M|326/326\n|move|p1a: Alomomola|Scald|p2a: Swalot\n|-damage|p2a: Swalot|278/326\n|\n|-heal|p2a: Swalot|298/326|[from] item: Leftovers\n|upkeep\n|turn|6\n|\n|t:|1781449120\n|move|p1a: Alomomola|Wish|p1a: Alomomola\n|move|p2a: Swalot|Swords Dance|p2a: Swalot\n|-boost|p2a: Swalot|atk|2\n|\n|-heal|p2a: Swalot|318/326|[from] item: Leftovers\n|upkeep\n|turn|7\n|\n|t:|1781449129\n|move|p1a: Alomomola|Scald|p2a: Swalot\n|-damage|p2a: Swalot|269/326\n|move|p2a: Swalot|Knock Off|p1a: Alomomola\n|-damage|p1a: Alomomola|210/429\n|-enditem|p1a: Alomomola|Heavy-Duty Boots|[from] move: Knock Off|[of] p2a: Swalot\n|\n|-heal|p1a: Alomomola|424/429|[from] move: Wish|[wisher] Alomomola\n|-heal|p2a: Swalot|289/326|[from] item: Leftovers\n|upkeep\n|turn|8\n|\n|t:|1781449139\n|move|p1a: Alomomola|Scald|p2a: Swalot\n|-damage|p2a: Swalot|238/326\n|move|p2a: Swalot|Gunk Shot|p1a: Alomomola\n|-damage|p1a: Alomomola|183/429\n|\n|-heal|p2a: Swalot|258/326|[from] item: Leftovers\n|upkeep\n|turn|9\n|\n|t:|1781449147\n|move|p1a: Alomomola|Scald|p2a: Swalot\n|-damage|p2a: Swalot|204/326\n|move|p2a: Swalot|Gunk Shot|p1a: Alomomola|[miss]\n|-miss|p2a: Swalot|p1a: Alomomola\n|\n|-heal|p2a: Swalot|224/326|[from] item: Leftovers\n|upkeep\n|turn|10\n|\n|t:|1781449153\n|move|p1a: Alomomola|Scald|p2a: Swalot\n|-damage|p2a: Swalot|172/326\n|move|p2a: Swalot|Gunk Shot|p1a: Alomomola\n|-damage|p1a: Alomomola|0 fnt\n|faint|p1a: Alomomola\n|\n|-heal|p2a: Swalot|192/326|[from] item: Leftovers\n|upkeep\n|\n|t:|1781449161\n|switch|p1a: Entei|Entei, L78|307/307\n|turn|11\n|\n|t:|1781449166\n|move|p1a: Entei|Sacred Fire|p2a: Swalot\n|-crit|p2a: Swalot\n|-damage|p2a: Swalot|0 fnt\n|faint|p2a: Swalot\n|\n|upkeep\n|\n|t:|1781449173\n|switch|p2a: Blastoise|Blastoise, L80, M|258/258\n|turn|12\n|\n|t:|1781449177\n|switch|p1a: Abomasnow|Abomasnow, L84, F|287/287\n|-weather|Snowscape|[from] ability: Snow Warning|[of] p1a: Abomasnow\n|move|p2a: Blastoise|Shell Smash|p2a: Blastoise\n|-unboost|p2a: Blastoise|def|1\n|-unboost|p2a: Blastoise|spd|1\n|-boost|p2a: Blastoise|atk|2\n|-boost|p2a: Blastoise|spa|2\n|-boost|p2a: Blastoise|spe|2\n|-enditem|p2a: Blastoise|White Herb\n|-clearnegativeboost|p2a: Blastoise|[silent]\n|\n|-weather|Snowscape|[upkeep]\n|upkeep\n|turn|13\n|\n|t:|1781449190\n|move|p2a: Blastoise|Ice Beam|p1a: Abomasnow\n|-damage|p1a: Abomasnow|171/287\n|move|p1a: Abomasnow|Aurora Veil|p1a: Abomasnow\n|-sidestart|p1: Hunrito|move: Aurora Veil\n|\n|-weather|Snowscape|[upkeep]\n|upkeep\n|turn|14\n|\n|t:|1781449200\n|-terastallize|p2a: Blastoise|Steel\n|move|p2a: Blastoise|Ice Beam|p1a: Abomasnow\n|-damage|p1a: Abomasnow|121/287\n|move|p1a: Abomasnow|Wood Hammer|p2a: Blastoise\n|-resisted|p2a: Blastoise\n|-damage|p2a: Blastoise|200/258\n|-damage|p1a: Abomasnow|102/287|[from] Recoil\n|\n|-weather|Snowscape|[upkeep]\n|upkeep\n|turn|15\n|\n|t:|1781449209\n|move|p2a: Blastoise|Ice Beam|p1a: Abomasnow\n|-damage|p1a: Abomasnow|46/287\n|move|p1a: Abomasnow|Blizzard|p2a: Blastoise\n|-resisted|p2a: Blastoise\n|-damage|p2a: Blastoise|146/258\n|\n|-weather|Snowscape|[upkeep]\n|upkeep\n|turn|16\n|\n|t:|1781449217\n|move|p2a: Blastoise|Ice Beam|p1a: Abomasnow\n|-damage|p1a: Abomasnow|0 fnt\n|faint|p1a: Abomasnow\n|\n|-weather|none\n|upkeep\n|\n|t:|1781449221\n|switch|p1a: Entei|Entei, L78|307/307\n|turn|17\n|\n|t:|1781449226\n|move|p2a: Blastoise|Hydro Pump|p1a: Entei\n|-supereffective|p1a: Entei\n|-damage|p1a: Entei|66/307\n|move|p1a: Entei|Sacred Fire|p2a: Blastoise\n|-supereffective|p2a: Blastoise\n|-damage|p2a: Blastoise|0 fnt\n|faint|p2a: Blastoise\n|\n|upkeep\n|\n|t:|1781449234\n|switch|p2a: Weavile|Weavile, L79, F|240/240\n|turn|18\n|\n|t:|1781449237\n|move|p2a: Weavile|Knock Off|p1a: Entei\n|-damage|p1a: Entei|3/307\n|-enditem|p1a: Entei|Choice Band|[from] move: Knock Off|[of] p2a: Weavile\n|move|p1a: Entei|Sacred Fire|p2a: Weavile\n|-supereffective|p2a: Weavile\n|-damage|p2a: Weavile|0 fnt\n|faint|p2a: Weavile\n|\n|upkeep\n|\n|t:|1781449246\n|switch|p2a: Comfey|Comfey, L85, M|225/225\n|turn|19\n|\n|t:|1781449250\n|move|p2a: Comfey|Draining Kiss|p1a: Entei\n|-resisted|p1a: Entei\n|-damage|p1a: Entei|0 fnt\n|faint|p1a: Entei\n|\n|upkeep\n|\n|t:|1781449252\n|switch|p1a: Toxtricity|Toxtricity, L82, M|257/257\n|turn|20\n|\n|t:|1781449257\n|move|p1a: Toxtricity|Sludge Wave|p2a: Comfey\n|-supereffective|p2a: Comfey\n|-damage|p2a: Comfey|45/225\n|move|p2a: Comfey|Taunt|p1a: Toxtricity\n|-start|p1a: Toxtricity|move: Taunt\n|\n|-heal|p2a: Comfey|59/225|[from] item: Leftovers\n|-sideend|p1: Hunrito|move: Aurora Veil\n|upkeep\n|turn|21\n|\n|t:|1781449266\n|switch|p2a: Diancie|Diancie, L82|104/216\n|move|p1a: Toxtricity|Sludge Wave|p2a: Diancie\n|-damage|p2a: Diancie|37/216\n|\n|-heal|p2a: Diancie|50/216|[from] item: Leftovers\n|upkeep\n|turn|22\n|\n|t:|1781449273\n|move|p1a: Toxtricity|Sludge Wave|p2a: Diancie\n|-damage|p2a: Diancie|0 fnt\n|faint|p2a: Diancie\n|\n|upkeep\n|-message|Mandodragon forfeited.\n|\n|win|Hunrito\n", "uploadtime": 1781449057, "views": 6, "formatid": "gen9randombattle", "rating": null, "private": 0, "password": null}