{"id": "gen9randombattle-2632015016", "format": "[Gen 9] Random Battle", "players": ["Dfrrnspa97", "discodiscogoodgood"], "log": "|j|\u2606Dfrrnspa97\n|j|\u2606discodiscogoodgood\n|t:|1781466128\n|gametype|singles\n|player|p1|Dfrrnspa97|169|2145\n|player|p2|discodiscogoodgood|musician|2101\n|gen|9\n|tier|[Gen 9] Random Battle\n|rated|\n|rule|Species Clause: Limit one of each Pok\u00e9mon\n|rule|HP Percentage Mod: HP is shown in percentages\n|rule|Sleep Clause Mod: Limit one foe put to sleep\n|rule|Illusion Level Mod: Illusion disguises the Pok\u00e9mon's true level\n|\n|t:|1781466128\n|teamsize|p1|6\n|teamsize|p2|6\n|start\n|switch|p1a: Altaria|Altaria, L89, M|278/278\n|switch|p2a: Decidueye|Decidueye-Hisui, L87, M|295/295\n|turn|1\n|\n|t:|1781466137\n|switch|p1a: Delphox|Delphox, L84, M|263/263\n|switch|p2a: Beartic|Beartic, L91, F|321/321\n|\n|upkeep\n|turn|2\n|\n|t:|1781466141\n|switch|p2a: Ditto|Ditto, L87|225/225\n|-transform|p2a: Ditto|p1a: Delphox|[from] ability: Imposter\n|move|p1a: Delphox|Nasty Plot|p1a: Delphox\n|-boost|p1a: Delphox|spa|2\n|\n|upkeep\n|turn|3\n|inactive|Battle timer is ON: inactive players will automatically lose when time's up. (requested by Dfrrnspa97)\n|\n|t:|1781466151\n|switch|p2a: Beartic|Beartic, L91, F|321/321\n|move|p1a: Delphox|Fire Blast|p2a: Beartic\n|-supereffective|p2a: Beartic\n|-damage|p2a: Beartic|0 fnt\n|faint|p2a: Beartic\n|\n|upkeep\n|\n|t:|1781466156\n|switch|p2a: Primarina|Primarina, L83, F|268/268\n|turn|4\n|j| DikkeBende\n|\n|t:|1781466164\n|-terastallize|p1a: Delphox|Grass\n|move|p1a: Delphox|Grass Knot|p2a: Primarina\n|-supereffective|p2a: Primarina\n|-damage|p2a: Primarina|50/268\n|move|p2a: Primarina|Psychic Noise|p1a: Delphox\n|-resisted|p1a: Delphox\n|-damage|p1a: Delphox|218/263\n|-start|p1a: Delphox|move: Heal Block\n|\n|-heal|p2a: Primarina|66/268|[from] item: Leftovers\n|upkeep\n|turn|5\n|\n|t:|1781466168\n|move|p1a: Delphox|Psyshock|p2a: Primarina\n|-damage|p2a: Primarina|0 fnt\n|faint|p2a: Primarina\n|\n|-end|p1a: Delphox|move: Heal Block\n|upkeep\n|\n|t:|1781466171\n|switch|p2a: Ditto|Ditto, L87|225/225\n|-transform|p2a: Ditto|p1a: Delphox|[from] ability: Imposter\n|-start|p2a: Ditto|typechange|Fire/Psychic|[silent]\n|turn|6\n|\n|t:|1781466174\n|switch|p1a: Skeledirge|Skeledirge, L79, F|294/294\n|move|p2a: Ditto|Fire Blast|p1a: Skeledirge|[miss]\n|-miss|p2a: Ditto|p1a: Skeledirge\n|\n|upkeep\n|turn|7\n|\n|t:|1781466199\n|switch|p2a: Ribombee|Ribombee, L83, M|235/235\n|move|p1a: Skeledirge|Torch Song|p2a: Ribombee\n|-supereffective|p2a: Ribombee\n|-damage|p2a: Ribombee|43/235\n|-boost|p1a: Skeledirge|spa|1\n|\n|upkeep\n|turn|8\n|\n|t:|1781466209\n|move|p2a: Ribombee|Sticky Web|p1a: Skeledirge\n|-sidestart|p1: Dfrrnspa97|move: Sticky Web\n|move|p1a: Skeledirge|Flame Charge|p2a: Ribombee\n|-supereffective|p2a: Ribombee\n|-damage|p2a: Ribombee|0 fnt\n|-boost|p1a: Skeledirge|spe|1\n|faint|p2a: Ribombee\n|\n|upkeep\n|\n|t:|1781466213\n|switch|p2a: Ditto|Ditto, L87|225/225\n|-transform|p2a: Ditto|p1a: Skeledirge|[from] ability: Imposter\n|turn|9\n|\n|t:|1781466219\n|switch|p1a: Altaria|Altaria, L89, M|278/278\n|move|p2a: Ditto|Shadow Ball|p1a: Altaria\n|-damage|p1a: Altaria|166/278\n|\n|upkeep\n|turn|10\n|\n|t:|1781466223\n|move|p2a: Ditto|Shadow Ball|p1a: Altaria\n|-damage|p1a: Altaria|64/278\n|move|p1a: Altaria|Roost|p1a: Altaria\n|-heal|p1a: Altaria|203/278\n|-singleturn|p1a: Altaria|move: Roost\n|\n|upkeep\n|turn|11\n|\n|t:|1781466228\n|move|p2a: Ditto|Shadow Ball|p1a: Altaria\n|-damage|p1a: Altaria|91/278\n|move|p1a: Altaria|Roost|p1a: Altaria\n|-heal|p1a: Altaria|230/278\n|-singleturn|p1a: Altaria|move: Roost\n|\n|upkeep\n|turn|12\n|\n|t:|1781466231\n|move|p2a: Ditto|Shadow Ball|p1a: Altaria\n|-damage|p1a: Altaria|110/278\n|move|p1a: Altaria|Roost|p1a: Altaria\n|-heal|p1a: Altaria|249/278\n|-singleturn|p1a: Altaria|move: Roost\n|\n|upkeep\n|turn|13\n|\n|t:|1781466235\n|move|p2a: Ditto|Shadow Ball|p1a: Altaria\n|-crit|p1a: Altaria\n|-damage|p1a: Altaria|78/278\n|move|p1a: Altaria|Roost|p1a: Altaria\n|-heal|p1a: Altaria|217/278\n|-singleturn|p1a: Altaria|move: Roost\n|\n|upkeep\n|turn|14\n|\n|t:|1781466241\n|switch|p2a: Decidueye|Decidueye-Hisui, L87, M|295/295\n|move|p1a: Altaria|Defog|p2a: Decidueye\n|-unboost|p2a: Decidueye|evasion|1\n|-sideend|p1: Dfrrnspa97|Sticky Web|[from] move: Defog|[of] p1a: Altaria\n|\n|upkeep\n|turn|15\n|\n|t:|1781466248\n|move|p1a: Altaria|Brave Bird|p2a: Decidueye\n|-supereffective|p2a: Decidueye\n|-damage|p2a: Decidueye|0 fnt\n|faint|p2a: Decidueye\n|-damage|p1a: Altaria|120/278|[from] Recoil\n|\n|upkeep\n|\n|t:|1781466251\n|switch|p2a: Annihilape|Annihilape, L76, F|292/292\n|turn|16\n|\n|t:|1781466259\n|-terastallize|p2a: Annihilape|Steel\n|move|p1a: Altaria|Brave Bird|p2a: Annihilape\n|-resisted|p2a: Annihilape\n|-damage|p2a: Annihilape|226/292\n|-damage|p1a: Altaria|98/278|[from] Recoil\n|move|p2a: Annihilape|Bulk Up|p2a: Annihilape\n|-boost|p2a: Annihilape|atk|1\n|-boost|p2a: Annihilape|def|1\n|\n|-heal|p2a: Annihilape|244/292|[from] item: Leftovers\n|upkeep\n|turn|17\n|\n|t:|1781466263\n|move|p1a: Altaria|Haze|p1a: Altaria\n|-clearallboost\n|move|p2a: Annihilape|Rage Fist|p1a: Altaria\n|-crit|p1a: Altaria\n|-damage|p1a: Altaria|0 fnt\n|faint|p1a: Altaria\n|\n|-heal|p2a: Annihilape|262/292|[from] item: Leftovers\n|upkeep\n|\n|t:|1781466266\n|switch|p1a: Delphox|Delphox, L84, M, tera:Grass|218/263\n|turn|18\n|\n|t:|1781466269\n|switch|p2a: Ditto|Ditto, L87|225/225\n|-transform|p2a: Ditto|p1a: Delphox|[from] ability: Imposter\n|move|p1a: Delphox|Fire Blast|p2a: Ditto\n|-resisted|p2a: Ditto\n|-damage|p2a: Ditto|166/225\n|\n|upkeep\n|turn|19\n|\n|t:|1781466277\n|switch|p1a: Skeledirge|Skeledirge, L79, F|294/294\n|move|p2a: Ditto|Psyshock|p1a: Skeledirge\n|-damage|p1a: Skeledirge|197/294\n|\n|upkeep\n|turn|20\n|\n|t:|1781466282\n|move|p2a: Ditto|Psyshock|p1a: Skeledirge\n|-damage|p1a: Skeledirge|98/294\n|move|p1a: Skeledirge|Shadow Ball|p2a: Ditto\n|-supereffective|p2a: Ditto\n|-damage|p2a: Ditto|22/225\n|-unboost|p2a: Ditto|spd|1\n|\n|upkeep\n|turn|21\n|\n|t:|1781466291\n|move|p2a: Ditto|Psyshock|p1a: Skeledirge\n|-damage|p1a: Skeledirge|8/294\n|move|p1a: Skeledirge|Flame Charge|p2a: Ditto\n|-resisted|p2a: Ditto\n|-damage|p2a: Ditto|0 fnt\n|-boost|p1a: Skeledirge|spe|1\n|faint|p2a: Ditto\n|\n|upkeep\n|\n|t:|1781466294\n|switch|p2a: Annihilape|Annihilape, L76, F, tera:Steel|262/292\n|turn|22\n|\n|t:|1781466299\n|move|p1a: Skeledirge|Torch Song|p2a: Annihilape\n|-supereffective|p2a: Annihilape\n|-damage|p2a: Annihilape|94/292\n|-boost|p1a: Skeledirge|spa|1\n|move|p2a: Annihilape|Rage Fist|p1a: Skeledirge\n|-supereffective|p1a: Skeledirge\n|-damage|p1a: Skeledirge|0 fnt\n|faint|p1a: Skeledirge\n|\n|-heal|p2a: Annihilape|112/292|[from] item: Leftovers\n|upkeep\n|\n|t:|1781466304\n|switch|p1a: Tauros|Tauros-Paldea-Aqua, L81, M|254/254\n|-ability|p1a: Tauros|Intimidate|boost\n|-unboost|p2a: Annihilape|atk|1\n|-ability|p2a: Annihilape|Defiant|boost\n|-boost|p2a: Annihilape|atk|2\n|turn|23\n|\n|t:|1781466310\n|move|p1a: Tauros|Close Combat|p2a: Annihilape\n|-supereffective|p2a: Annihilape\n|-damage|p2a: Annihilape|0 fnt\n|-unboost|p1a: Tauros|def|1\n|-unboost|p1a: Tauros|spd|1\n|faint|p2a: Annihilape\n|\n|win|Dfrrnspa97\n", "uploadtime": 1781466131, "views": 2, "formatid": "gen9randombattle", "rating": null, "private": 0, "password": null}