{"id": "gen9randombattle-2631909967", "format": "[Gen 9] Random Battle", "players": ["xakxa01", "Matteo222"], "log": "|j|\u2606xakxa01\n|j|\u2606Matteo222\n|t:|1781454624\n|gametype|singles\n|player|p1|xakxa01|rocketgrunt|1290\n|player|p2|Matteo222|101|1251\n|gen|9\n|tier|[Gen 9] Random Battle\n|rated|\n|rule|Species Clause: Limit one of each Pok\u00e9mon\n|rule|HP Percentage Mod: HP is shown in percentages\n|rule|Sleep Clause Mod: Limit one foe put to sleep\n|rule|Illusion Level Mod: Illusion disguises the Pok\u00e9mon's true level\n|\n|t:|1781454624\n|teamsize|p1|6\n|teamsize|p2|6\n|start\n|switch|p1a: Sinistcha|Sinistcha, L83|254/254\n|switch|p2a: Smeargle|Smeargle, L95, M|258/258\n|turn|1\n|inactive|Battle timer is ON: inactive players will automatically lose when time's up. (requested by xakxa01)\n|\n|t:|1781454632\n|move|p2a: Smeargle|Shell Smash|p2a: Smeargle\n|-unboost|p2a: Smeargle|def|1\n|-unboost|p2a: Smeargle|spd|1\n|-boost|p2a: Smeargle|atk|2\n|-boost|p2a: Smeargle|spa|2\n|-boost|p2a: Smeargle|spe|2\n|move|p1a: Sinistcha|Calm Mind|p1a: Sinistcha\n|-boost|p1a: Sinistcha|spa|1\n|-boost|p1a: Sinistcha|spd|1\n|\n|upkeep\n|turn|2\n|\n|t:|1781454642\n|move|p2a: Smeargle|Power Trip|p1a: Sinistcha\n|-supereffective|p1a: Sinistcha\n|-damage|p1a: Sinistcha|66/254\n|move|p1a: Sinistcha|Strength Sap|p2a: Smeargle\n|-unboost|p2a: Smeargle|atk|1\n|-heal|p1a: Sinistcha|250/254\n|\n|-heal|p1a: Sinistcha|254/254|[from] item: Leftovers\n|upkeep\n|turn|3\n|\n|t:|1781454655\n|move|p2a: Smeargle|Shell Smash|p2a: Smeargle\n|-unboost|p2a: Smeargle|def|1\n|-unboost|p2a: Smeargle|spd|1\n|-boost|p2a: Smeargle|atk|2\n|-boost|p2a: Smeargle|spa|2\n|-boost|p2a: Smeargle|spe|2\n|move|p1a: Sinistcha|Strength Sap|p2a: Smeargle\n|-unboost|p2a: Smeargle|atk|1\n|\n|upkeep\n|turn|4\n|\n|t:|1781454664\n|move|p2a: Smeargle|Power Trip|p1a: Sinistcha\n|-supereffective|p1a: Sinistcha\n|-damage|p1a: Sinistcha|6/254\n|move|p1a: Sinistcha|Matcha Gotcha|p2a: Smeargle\n|-damage|p2a: Smeargle|0 fnt\n|-heal|p1a: Sinistcha|135/254|[from] drain|[of] p2a: Smeargle\n|faint|p2a: Smeargle\n|\n|-heal|p1a: Sinistcha|150/254|[from] item: Leftovers\n|upkeep\n|\n|t:|1781454692\n|switch|p2a: Vileplume|Vileplume, L85, F|266/266\n|turn|5\n|\n|t:|1781454701\n|move|p1a: Sinistcha|Calm Mind|p1a: Sinistcha\n|-boost|p1a: Sinistcha|spa|1\n|-boost|p1a: Sinistcha|spd|1\n|move|p2a: Vileplume|Sludge Bomb|p1a: Sinistcha\n|-damage|p1a: Sinistcha|89/254\n|\n|-heal|p1a: Sinistcha|104/254|[from] item: Leftovers\n|upkeep\n|turn|6\n|\n|t:|1781454710\n|move|p1a: Sinistcha|Strength Sap|p2a: Vileplume\n|-unboost|p2a: Vileplume|atk|1\n|-heal|p1a: Sinistcha|245/254\n|move|p2a: Vileplume|Sludge Bomb|p1a: Sinistcha\n|-damage|p1a: Sinistcha|182/254\n|-status|p1a: Sinistcha|psn\n|\n|-heal|p1a: Sinistcha|197/254 psn|[from] item: Leftovers\n|-damage|p1a: Sinistcha|166/254 psn|[from] psn\n|upkeep\n|turn|7\n|\n|t:|1781454721\n|move|p1a: Sinistcha|Shadow Ball|p2a: Vileplume\n|-damage|p2a: Vileplume|82/266\n|move|p2a: Vileplume|Sludge Bomb|p1a: Sinistcha\n|-damage|p1a: Sinistcha|105/254 psn\n|\n|-heal|p1a: Sinistcha|120/254 psn|[from] item: Leftovers\n|-heal|p2a: Vileplume|98/266|[from] item: Leftovers\n|-damage|p1a: Sinistcha|89/254 psn|[from] psn\n|upkeep\n|turn|8\n|\n|t:|1781454730\n|move|p1a: Sinistcha|Shadow Ball|p2a: Vileplume\n|-damage|p2a: Vileplume|0 fnt\n|faint|p2a: Vileplume\n|\n|-heal|p1a: Sinistcha|104/254 psn|[from] item: Leftovers\n|-damage|p1a: Sinistcha|73/254 psn|[from] psn\n|upkeep\n|\n|t:|1781454740\n|switch|p2a: Flygon|Flygon, L82, F|265/265\n|turn|9\n|\n|t:|1781454748\n|move|p2a: Flygon|Outrage|p1a: Sinistcha\n|-damage|p1a: Sinistcha|0 fnt\n|faint|p1a: Sinistcha\n|\n|upkeep\n|\n|t:|1781454766\n|switch|p1a: Goodra|Goodra, L85, M|292/292\n|turn|10\n|\n|t:|1781454771\n|-terastallize|p1a: Goodra|Fire\n|move|p2a: Flygon|Outrage|p1a: Goodra|[from] lockedmove\n|-damage|p1a: Goodra|151/292\n|-start|p2a: Flygon|confusion|[fatigue]\n|-enditem|p2a: Flygon|Lum Berry|[eat]\n|-end|p2a: Flygon|confusion\n|move|p1a: Goodra|Draco Meteor|p2a: Flygon|[miss]\n|-miss|p1a: Goodra|p2a: Flygon\n|\n|upkeep\n|turn|11\n|\n|t:|1781454786\n|switch|p1a: Deoxys|Deoxys-Defense, L84|221/221\n|-ability|p1a: Deoxys|Pressure\n|move|p2a: Flygon|Earthquake|p1a: Deoxys\n|-crit|p1a: Deoxys\n|-damage|p1a: Deoxys|131/221\n|\n|-heal|p1a: Deoxys|144/221|[from] item: Leftovers\n|upkeep\n|turn|12\n|\n|t:|1781454796\n|switch|p2a: Crawdaunt|Crawdaunt, L84, M|243/243\n|move|p1a: Deoxys|Cosmic Power|p1a: Deoxys\n|-boost|p1a: Deoxys|def|1\n|-boost|p1a: Deoxys|spd|1\n|\n|-heal|p1a: Deoxys|157/221|[from] item: Leftovers\n|upkeep\n|turn|13\n|\n|t:|1781454807\n|move|p1a: Deoxys|Recover|p1a: Deoxys\n|-heal|p1a: Deoxys|221/221\n|move|p2a: Crawdaunt|Knock Off|p1a: Deoxys\n|-supereffective|p1a: Deoxys\n|-damage|p1a: Deoxys|25/221\n|-enditem|p1a: Deoxys|Leftovers|[from] move: Knock Off|[of] p2a: Crawdaunt\n|\n|upkeep\n|turn|14\n|\n|t:|1781454814\n|move|p1a: Deoxys|Night Shade|p2a: Crawdaunt\n|-damage|p2a: Crawdaunt|159/243\n|move|p2a: Crawdaunt|Knock Off|p1a: Deoxys\n|-supereffective|p1a: Deoxys\n|-damage|p1a: Deoxys|0 fnt\n|faint|p1a: Deoxys\n|\n|upkeep\n|\n|t:|1781454822\n|switch|p1a: Crabominable|Crabominable, L90, M|321/321\n|turn|15\n|\n|t:|1781454837\n|-terastallize|p2a: Crawdaunt|Fighting\n|move|p2a: Crawdaunt|Knock Off|p1a: Crabominable\n|-resisted|p1a: Crabominable\n|-damage|p1a: Crabominable|229/321\n|-enditem|p1a: Crabominable|Assault Vest|[from] move: Knock Off|[of] p2a: Crawdaunt\n|move|p1a: Crabominable|Drain Punch|p2a: Crawdaunt\n|-damage|p2a: Crawdaunt|5/243\n|-heal|p1a: Crabominable|306/321|[from] drain|[of] p2a: Crawdaunt\n|\n|upkeep\n|turn|16\n|\n|t:|1781454848\n|move|p2a: Crawdaunt|Knock Off|p1a: Crabominable\n|-resisted|p1a: Crabominable\n|-damage|p1a: Crabominable|240/321\n|move|p1a: Crabominable|Drain Punch|p2a: Crawdaunt\n|-crit|p2a: Crawdaunt\n|-damage|p2a: Crawdaunt|0 fnt\n|-heal|p1a: Crabominable|243/321|[from] drain|[of] p2a: Crawdaunt\n|faint|p2a: Crawdaunt\n|\n|upkeep\n|\n|t:|1781454853\n|switch|p2a: Iron Crown|Iron Crown, L78|268/268\n|turn|17\n|\n|t:|1781454867\n|switch|p1a: Goodra|Goodra, L85, M, tera:Fire|151/292\n|move|p2a: Iron Crown|Tachyon Cutter|p1a: Goodra\n|-resisted|p1a: Goodra\n|-damage|p1a: Goodra|133/292\n|-resisted|p1a: Goodra\n|-damage|p1a: Goodra|115/292\n|-hitcount|p1a: Goodra|2\n|\n|upkeep\n|turn|18\n|\n|t:|1781454882\n|-end|p2a: Iron Crown|Quark Drive|[silent]\n|switch|p2a: Flygon|Flygon, L82, F|265/265\n|move|p1a: Goodra|Fire Blast|p2a: Flygon\n|-resisted|p2a: Flygon\n|-damage|p2a: Flygon|191/265\n|\n|upkeep\n|turn|19\n|\n|t:|1781454902\n|switch|p1a: Leafeon|Leafeon, L88, M|258/258\n|move|p2a: Flygon|Earthquake|p1a: Leafeon\n|-resisted|p1a: Leafeon\n|-damage|p1a: Leafeon|222/258\n|\n|-heal|p1a: Leafeon|238/258|[from] item: Leftovers\n|upkeep\n|turn|20\n|\n|t:|1781454912\n|switch|p2a: Chansey|Chansey, L85, F|564/564\n|move|p1a: Leafeon|Knock Off|p2a: Chansey\n|-damage|p2a: Chansey|371/564\n|-enditem|p2a: Chansey|Eviolite|[from] move: Knock Off|[of] p1a: Leafeon\n|\n|-heal|p1a: Leafeon|254/258|[from] item: Leftovers\n|upkeep\n|turn|21\n|\n|t:|1781454923\n|move|p1a: Leafeon|Substitute|p1a: Leafeon\n|-start|p1a: Leafeon|Substitute\n|-damage|p1a: Leafeon|190/258\n|move|p2a: Chansey|Stealth Rock|p1a: Leafeon\n|-sidestart|p1: xakxa01|move: Stealth Rock\n|\n|-heal|p1a: Leafeon|206/258|[from] item: Leftovers\n|upkeep\n|turn|22\n|\n|t:|1781454931\n|move|p1a: Leafeon|Swords Dance|p1a: Leafeon\n|-boost|p1a: Leafeon|atk|2\n|move|p2a: Chansey|Seismic Toss|p1a: Leafeon\n|-end|p1a: Leafeon|Substitute\n|\n|-heal|p1a: Leafeon|222/258|[from] item: Leftovers\n|upkeep\n|turn|23\n|\n|t:|1781454939\n|move|p1a: Leafeon|Leaf Blade|p2a: Chansey\n|-damage|p2a: Chansey|0 fnt\n|faint|p2a: Chansey\n|\n|-heal|p1a: Leafeon|238/258|[from] item: Leftovers\n|upkeep\n|\n|t:|1781454943\n|switch|p2a: Iron Crown|Iron Crown, L78|268/268\n|turn|24\n|\n|t:|1781454949\n|move|p1a: Leafeon|Knock Off|p2a: Iron Crown\n|-supereffective|p2a: Iron Crown\n|-damage|p2a: Iron Crown|0 fnt\n|-enditem|p2a: Iron Crown|Choice Specs|[from] move: Knock Off|[of] p1a: Leafeon\n|faint|p2a: Iron Crown\n|-end|p2a: Iron Crown|Quark Drive|[silent]\n|\n|-heal|p1a: Leafeon|254/258|[from] item: Leftovers\n|upkeep\n|\n|t:|1781454952\n|switch|p2a: Flygon|Flygon, L82, F|191/265\n|turn|25\n|\n|t:|1781454957\n|move|p1a: Leafeon|Leaf Blade|p2a: Flygon\n|-damage|p2a: Flygon|0 fnt\n|faint|p2a: Flygon\n|\n|win|xakxa01\n|raw|xakxa01's rating: 1290 &rarr; <strong>1312</strong><br />(+22 for winning)\n|raw|Matteo222's rating: 1251 &rarr; <strong>1229</strong><br />(-22 for losing)\n|c|\u2606xakxa01|gg\n", "uploadtime": 1781454961, "views": 3, "formatid": "gen9randombattle", "rating": 1229, "private": 0, "password": null}