{"id": "gen9randombattle-2631398581", "format": "[Gen 9] Random Battle", "players": ["good pork", "JayCroc"], "log": "|j|\u2606good pork\n|j|\u2606JayCroc\n|t:|1781379926\n|gametype|singles\n|player|p1|good pork|266|2062\n|player|p2|JayCroc|ivor|2096\n|gen|9\n|tier|[Gen 9] Random Battle\n|rated|\n|rule|Species Clause: Limit one of each Pok\u00e9mon\n|rule|HP Percentage Mod: HP is shown in percentages\n|rule|Sleep Clause Mod: Limit one foe put to sleep\n|rule|Illusion Level Mod: Illusion disguises the Pok\u00e9mon's true level\n|\n|t:|1781379926\n|teamsize|p1|6\n|teamsize|p2|6\n|start\n|switch|p1a: Groudon|Groudon, L72|263/263\n|switch|p2a: Beartic|Beartic, L91, F|321/321\n|-weather|SunnyDay|[from] ability: Drought|[of] p1a: Groudon\n|turn|1\n|\n|t:|1781379946\n|move|p1a: Groudon|Will-O-Wisp|p2a: Beartic\n|-status|p2a: Beartic|brn\n|move|p2a: Beartic|Icicle Crash|p1a: Groudon\n|-supereffective|p1a: Groudon\n|-damage|p1a: Groudon|152/263\n|\n|-weather|SunnyDay|[upkeep]\n|-heal|p1a: Groudon|168/263|[from] item: Leftovers\n|-damage|p2a: Beartic|301/321 brn|[from] brn\n|upkeep\n|turn|2\n|\n|t:|1781379958\n|switch|p1a: Samurott|Samurott-Hisui, L77, M|265/265\n|move|p2a: Beartic|Swords Dance|p2a: Beartic\n|-boost|p2a: Beartic|atk|2\n|\n|-weather|SunnyDay|[upkeep]\n|-damage|p2a: Beartic|281/321 brn|[from] brn\n|upkeep\n|turn|3\n|\n|t:|1781379966\n|move|p1a: Samurott|Ceaseless Edge|p2a: Beartic\n|-damage|p2a: Beartic|143/321 brn\n|-sidestart|p2: JayCroc|Spikes\n|move|p2a: Beartic|Close Combat|p1a: Samurott\n|-supereffective|p1a: Samurott\n|-crit|p1a: Samurott\n|-damage|p1a: Samurott|0 fnt\n|-unboost|p2a: Beartic|def|1\n|-unboost|p2a: Beartic|spd|1\n|faint|p1a: Samurott\n|\n|-weather|SunnyDay|[upkeep]\n|-damage|p2a: Beartic|123/321 brn|[from] brn\n|upkeep\n|\n|t:|1781379973\n|switch|p1a: Groudon|Groudon, L72|168/263\n|turn|4\n|\n|t:|1781379979\n|move|p2a: Beartic|Aqua Jet|p1a: Groudon\n|-supereffective|p1a: Groudon\n|-damage|p1a: Groudon|133/263\n|move|p1a: Groudon|Heat Crash|p2a: Beartic\n|-supereffective|p2a: Beartic\n|-damage|p2a: Beartic|0 fnt\n|faint|p2a: Beartic\n|\n|-weather|SunnyDay|[upkeep]\n|-heal|p1a: Groudon|149/263|[from] item: Leftovers\n|upkeep\n|\n|t:|1781379991\n|switch|p2a: Manaphy|Manaphy, L78|284/284\n|-damage|p2a: Manaphy|249/284|[from] Spikes\n|turn|5\n|\n|t:|1781380007\n|switch|p1a: Reshiram|Reshiram, L76|277/277\n|-ability|p1a: Reshiram|Turboblaze\n|move|p2a: Manaphy|Tail Glow|p2a: Manaphy\n|-boost|p2a: Manaphy|spa|3\n|\n|-weather|none\n|-heal|p2a: Manaphy|266/284|[from] item: Leftovers\n|upkeep\n|turn|6\n|\n|t:|1781380031\n|move|p2a: Manaphy|Surf|p1a: Reshiram\n|-damage|p1a: Reshiram|99/277\n|move|p1a: Reshiram|Dragon Dance|p1a: Reshiram\n|-boost|p1a: Reshiram|atk|1\n|-boost|p1a: Reshiram|spe|1\n|\n|-heal|p2a: Manaphy|283/284|[from] item: Leftovers\n|upkeep\n|turn|7\n|\n|t:|1781380038\n|move|p1a: Reshiram|Outrage|p2a: Manaphy\n|-damage|p2a: Manaphy|111/284\n|move|p2a: Manaphy|Ice Beam|p1a: Reshiram\n|-damage|p1a: Reshiram|0 fnt\n|faint|p1a: Reshiram\n|\n|-heal|p2a: Manaphy|128/284|[from] item: Leftovers\n|upkeep\n|\n|t:|1781380041\n|switch|p1a: Heracross|Heracross, L80, F|259/259\n|turn|8\n|\n|t:|1781380052\n|move|p1a: Heracross|Close Combat|p2a: Manaphy\n|-damage|p2a: Manaphy|0 fnt\n|-unboost|p1a: Heracross|def|1\n|-unboost|p1a: Heracross|spd|1\n|faint|p2a: Manaphy\n|-ability|p1a: Heracross|Moxie|boost\n|-boost|p1a: Heracross|atk|1\n|\n|upkeep\n|\n|t:|1781380059\n|switch|p2a: Gardevoir|Gardevoir, L83, F|249/249\n|-damage|p2a: Gardevoir|218/249|[from] Spikes\n|-ability|p2a: Gardevoir|Moxie|Trace|[from] ability: Trace|[of] p1a: Heracross\n|turn|9\n|\n|t:|1781380068\n|switch|p1a: Groudon|Groudon, L72|149/263\n|-weather|SunnyDay|[from] ability: Drought|[of] p1a: Groudon\n|move|p2a: Gardevoir|Moonblast|p1a: Groudon\n|-damage|p1a: Groudon|2/263\n|\n|-weather|SunnyDay|[upkeep]\n|-heal|p1a: Groudon|18/263|[from] item: Leftovers\n|upkeep\n|turn|10\n|\n|t:|1781380076\n|move|p2a: Gardevoir|Moonblast|p1a: Groudon\n|-damage|p1a: Groudon|0 fnt\n|faint|p1a: Groudon\n|-ability|p2a: Gardevoir|Moxie|boost\n|-boost|p2a: Gardevoir|atk|1\n|\n|-weather|SunnyDay|[upkeep]\n|upkeep\n|\n|t:|1781380079\n|switch|p1a: Braviary|Braviary, L85, M|309/309\n|turn|11\n|\n|t:|1781380113\n|move|p2a: Gardevoir|Moonblast|p1a: Braviary\n|-damage|p1a: Braviary|164/309\n|-unboost|p1a: Braviary|spa|1\n|-ability|p1a: Braviary|Defiant|boost\n|-boost|p1a: Braviary|atk|2\n|move|p1a: Braviary|Brave Bird|p2a: Gardevoir\n|-damage|p2a: Gardevoir|0 fnt\n|faint|p2a: Gardevoir\n|-damage|p1a: Braviary|92/309|[from] Recoil\n|\n|-weather|SunnyDay|[upkeep]\n|upkeep\n|\n|t:|1781380124\n|switch|p2a: Salamence|Salamence, L77, F|273/273\n|-ability|p2a: Salamence|Intimidate|boost\n|-unboost|p1a: Braviary|atk|1\n|-ability|p1a: Braviary|Defiant|boost\n|-boost|p1a: Braviary|atk|2\n|turn|12\n|\n|t:|1781380169\n|move|p2a: Salamence|Dual Wingbeat|p1a: Braviary\n|-crit|p1a: Braviary\n|-damage|p1a: Braviary|17/309\n|-damage|p1a: Braviary|0 fnt\n|faint|p1a: Braviary\n|-hitcount|p1: Braviary|2\n|\n|-weather|SunnyDay|[upkeep]\n|upkeep\n|\n|t:|1781380173\n|switch|p1a: Honchkrow|Honchkrow, L86, F|312/312\n|turn|13\n|\n|t:|1781380179\n|switch|p2a: Gumshoos|Gumshoos, L95, M|321/321\n|-damage|p2a: Gumshoos|281/321|[from] Spikes\n|move|p1a: Honchkrow|Brave Bird|p2a: Gumshoos\n|-damage|p2a: Gumshoos|101/321\n|-damage|p1a: Honchkrow|253/312|[from] Recoil\n|\n|-weather|none\n|upkeep\n|turn|14\n|\n|t:|1781380188\n|switch|p2a: Registeel|Registeel, L81|262/262\n|-damage|p2a: Registeel|230/262|[from] Spikes\n|move|p1a: Honchkrow|Brave Bird|p2a: Registeel\n|-resisted|p2a: Registeel\n|-damage|p2a: Registeel|171/262\n|-damage|p1a: Honchkrow|234/312|[from] Recoil\n|\n|-heal|p2a: Registeel|187/262|[from] item: Leftovers\n|upkeep\n|turn|15\n|\n|t:|1781380198\n|move|p1a: Honchkrow|Heat Wave|p2a: Registeel\n|-supereffective|p2a: Registeel\n|-crit|p2a: Registeel\n|-damage|p2a: Registeel|45/262\n|move|p2a: Registeel|Thunder Wave|p1a: Honchkrow\n|-status|p1a: Honchkrow|par\n|\n|-heal|p2a: Registeel|61/262|[from] item: Leftovers\n|upkeep\n|turn|16\n|\n|t:|1781380207\n|move|p2a: Registeel|Stealth Rock|p1a: Honchkrow\n|-sidestart|p1: good pork|move: Stealth Rock\n|cant|p1a: Honchkrow|par\n|\n|-heal|p2a: Registeel|77/262|[from] item: Leftovers\n|upkeep\n|turn|17\n|\n|t:|1781380214\n|move|p2a: Registeel|Iron Head|p1a: Honchkrow\n|-damage|p1a: Honchkrow|149/312 par\n|move|p1a: Honchkrow|Heat Wave|p2a: Registeel\n|-supereffective|p2a: Registeel\n|-damage|p2a: Registeel|0 fnt\n|faint|p2a: Registeel\n|-ability|p1a: Honchkrow|Moxie|boost\n|-boost|p1a: Honchkrow|atk|1\n|\n|upkeep\n|\n|t:|1781380222\n|switch|p2a: Salamence|Salamence, L77, F|273/273\n|-ability|p2a: Salamence|Intimidate|boost\n|-unboost|p1a: Honchkrow|atk|1\n|turn|18\n|\n|t:|1781380226\n|move|p2a: Salamence|Dragon Dance|p2a: Salamence\n|-boost|p2a: Salamence|atk|1\n|-boost|p2a: Salamence|spe|1\n|move|p1a: Honchkrow|Brave Bird|p2a: Salamence\n|-crit|p2a: Salamence\n|-damage|p2a: Salamence|12/273\n|-damage|p1a: Honchkrow|63/312 par|[from] Recoil\n|\n|upkeep\n|turn|19\n|\n|t:|1781380234\n|cant|p1a: Honchkrow|par\n|move|p2a: Salamence|Roost|p2a: Salamence\n|-heal|p2a: Salamence|149/273\n|-singleturn|p2a: Salamence|move: Roost\n|\n|upkeep\n|turn|20\n|\n|t:|1781380240\n|move|p2a: Salamence|Roost|p2a: Salamence\n|-heal|p2a: Salamence|273/273\n|-singleturn|p2a: Salamence|move: Roost\n|move|p1a: Honchkrow|Brave Bird|p2a: Salamence\n|-damage|p2a: Salamence|99/273\n|-damage|p1a: Honchkrow|6/312 par|[from] Recoil\n|\n|upkeep\n|turn|21\n|\n|t:|1781380248\n|move|p2a: Salamence|Roost|p2a: Salamence\n|-heal|p2a: Salamence|236/273\n|-singleturn|p2a: Salamence|move: Roost\n|move|p1a: Honchkrow|Brave Bird|p2a: Salamence\n|-damage|p2a: Salamence|40/273\n|-damage|p1a: Honchkrow|0 fnt|[from] Recoil\n|faint|p1a: Honchkrow\n|\n|upkeep\n|\n|t:|1781380251\n|switch|p1a: Heracross|Heracross, L80, F|259/259\n|-damage|p1a: Heracross|227/259|[from] Stealth Rock\n|turn|22\n|c|\u2606good pork|Gg\n|\n|t:|1781380266\n|-terastallize|p2a: Salamence|Steel\n|-terastallize|p1a: Heracross|Bug\n|move|p2a: Salamence|Roost|p2a: Salamence\n|-heal|p2a: Salamence|177/273\n|move|p1a: Heracross|Close Combat|p2a: Salamence\n|-supereffective|p2a: Salamence\n|-damage|p2a: Salamence|0 fnt\n|-unboost|p1a: Heracross|def|1\n|-unboost|p1a: Heracross|spd|1\n|faint|p2a: Salamence\n|-ability|p1a: Heracross|Moxie|boost\n|-boost|p1a: Heracross|atk|1\n|\n|upkeep\n|c|\u2606good pork|Nvm you threw\n|-message|JayCroc forfeited.\n|\n|win|good pork\n", "uploadtime": 1781379928, "views": 7, "formatid": "gen9randombattle", "rating": null, "private": 0, "password": null}