{"id": "gen9randombattle-2631912512", "format": "[Gen 9] Random Battle", "players": ["guigasrvr", "fizmoniri"], "log": "|j|\u2606guigasrvr\n|j|\u2606fizmoniri\n|t:|1781454893\n|gametype|singles\n|player|p1|guigasrvr|ninjaboy|1238\n|player|p2|fizmoniri|canari|1220\n|gen|9\n|tier|[Gen 9] Random Battle\n|rated|\n|rule|Species Clause: Limit one of each Pok\u00e9mon\n|rule|HP Percentage Mod: HP is shown in percentages\n|rule|Sleep Clause Mod: Limit one foe put to sleep\n|rule|Illusion Level Mod: Illusion disguises the Pok\u00e9mon's true level\n|\n|t:|1781454893\n|teamsize|p1|6\n|teamsize|p2|6\n|start\n|switch|p1a: Reshiram|Reshiram, L76|277/277\n|switch|p2a: Gengar|Gengar, L81, M|230/230\n|-ability|p1a: Reshiram|Turboblaze\n|turn|1\n|\n|t:|1781454900\n|move|p2a: Gengar|Nasty Plot|p2a: Gengar\n|-boost|p2a: Gengar|spa|2\n|move|p1a: Reshiram|Earth Power|p2a: Gengar\n|-supereffective|p2a: Gengar\n|-damage|p2a: Gengar|68/230\n|\n|upkeep\n|turn|2\n|\n|t:|1781454909\n|move|p2a: Gengar|Sludge Wave|p1a: Reshiram\n|-damage|p1a: Reshiram|27/277\n|-damage|p2a: Gengar|45/230|[from] item: Life Orb\n|move|p1a: Reshiram|Earth Power|p2a: Gengar\n|-supereffective|p2a: Gengar\n|-damage|p2a: Gengar|0 fnt\n|-start|p1a: Reshiram|Disable|Earth Power|[from] ability: Cursed Body|[of] p2a: Gengar\n|faint|p2a: Gengar\n|\n|upkeep\n|\n|t:|1781454914\n|switch|p2a: Excadrill|Excadrill, L79, F|303/303\n|-ability|p2a: Excadrill|Mold Breaker\n|turn|3\n|\n|t:|1781454946\n|move|p2a: Excadrill|Earthquake|p1a: Reshiram\n|-supereffective|p1a: Reshiram\n|-damage|p1a: Reshiram|0 fnt\n|faint|p1a: Reshiram\n|\n|upkeep\n|\n|t:|1781454951\n|switch|p1a: Hypno|Hypno, L95, F|315/315\n|turn|4\n|\n|t:|1781454958\n|move|p2a: Excadrill|Rock Slide|p1a: Hypno\n|-damage|p1a: Hypno|250/315\n|move|p1a: Hypno|Encore|p2a: Excadrill\n|-start|p2a: Excadrill|Encore\n|\n|-heal|p1a: Hypno|269/315|[from] item: Leftovers\n|upkeep\n|turn|5\n|\n|t:|1781454963\n|switch|p1a: Forretress|Forretress, L84, M|263/263\n|move|p2a: Excadrill|Rock Slide|p1a: Forretress\n|-damage|p1a: Forretress|220/263\n|\n|-heal|p1a: Forretress|236/263|[from] item: Leftovers\n|upkeep\n|turn|6\n|\n|t:|1781454966\n|move|p2a: Excadrill|Rock Slide|p1a: Forretress\n|-damage|p1a: Forretress|192/263\n|cant|p1a: Forretress|flinch\n|\n|-heal|p1a: Forretress|208/263|[from] item: Leftovers\n|upkeep\n|turn|7\n|\n|t:|1781454972\n|move|p2a: Excadrill|Rock Slide|p1a: Forretress|[miss]\n|-miss|p2a: Excadrill|p1a: Forretress\n|move|p1a: Forretress|Spikes|p2a: Excadrill\n|-sidestart|p2: fizmoniri|Spikes\n|\n|-heal|p1a: Forretress|224/263|[from] item: Leftovers\n|-end|p2a: Excadrill|Encore\n|upkeep\n|turn|8\n|\n|t:|1781454979\n|move|p2a: Excadrill|Earthquake|p1a: Forretress\n|-damage|p1a: Forretress|131/263\n|move|p1a: Forretress|Stealth Rock|p2a: Excadrill\n|-sidestart|p2: fizmoniri|move: Stealth Rock\n|\n|-heal|p1a: Forretress|147/263|[from] item: Leftovers\n|upkeep\n|turn|9\n|\n|t:|1781454982\n|move|p2a: Excadrill|Earthquake|p1a: Forretress\n|-damage|p1a: Forretress|56/263\n|move|p1a: Forretress|Spikes|p2a: Excadrill\n|-sidestart|p2: fizmoniri|Spikes\n|\n|-heal|p1a: Forretress|72/263|[from] item: Leftovers\n|upkeep\n|turn|10\n|\n|t:|1781454987\n|move|p2a: Excadrill|Rapid Spin|p1a: Forretress\n|-resisted|p1a: Forretress\n|-damage|p1a: Forretress|57/263\n|-boost|p2a: Excadrill|spe|1\n|-sideend|p2: fizmoniri|Spikes|[from] move: Rapid Spin|[of] p2a: Excadrill\n|-sideend|p2: fizmoniri|Stealth Rock|[from] move: Rapid Spin|[of] p2a: Excadrill\n|move|p1a: Forretress|Spikes|p2a: Excadrill\n|-sidestart|p2: fizmoniri|Spikes\n|\n|-heal|p1a: Forretress|73/263|[from] item: Leftovers\n|upkeep\n|turn|11\n|\n|t:|1781455000\n|switch|p1a: Oinkologne|Oinkologne-F, L92, F|361/361\n|move|p2a: Excadrill|Earthquake|p1a: Oinkologne\n|-damage|p1a: Oinkologne|231/361\n|\n|-heal|p1a: Oinkologne|253/361|[from] item: Leftovers\n|upkeep\n|turn|12\n|\n|t:|1781455007\n|move|p2a: Excadrill|Rock Slide|p1a: Oinkologne\n|-damage|p1a: Oinkologne|191/361\n|cant|p1a: Oinkologne|flinch\n|\n|-heal|p1a: Oinkologne|213/361|[from] item: Leftovers\n|upkeep\n|turn|13\n|\n|t:|1781455013\n|move|p2a: Excadrill|Earthquake|p1a: Oinkologne\n|-damage|p1a: Oinkologne|72/361\n|move|p1a: Oinkologne|High Horsepower|p2a: Excadrill\n|-supereffective|p2a: Excadrill\n|-damage|p2a: Excadrill|99/303\n|\n|-heal|p1a: Oinkologne|94/361|[from] item: Leftovers\n|upkeep\n|turn|14\n|\n|t:|1781455021\n|move|p2a: Excadrill|Earthquake|p1a: Oinkologne\n|-damage|p1a: Oinkologne|0 fnt\n|faint|p1a: Oinkologne\n|\n|upkeep\n|\n|t:|1781455025\n|switch|p1a: Magnezone|Magnezone, L85|258/258\n|turn|15\n|\n|t:|1781455030\n|move|p2a: Excadrill|Earthquake|p1a: Magnezone\n|-supereffective|p1a: Magnezone\n|-damage|p1a: Magnezone|0 fnt\n|faint|p1a: Magnezone\n|\n|upkeep\n|\n|t:|1781455033\n|switch|p1a: Raikou|Raikou, L81|278/278\n|-ability|p1a: Raikou|Pressure\n|turn|16\n|\n|t:|1781455040\n|move|p2a: Excadrill|Earthquake|p1a: Raikou\n|-supereffective|p1a: Raikou\n|-damage|p1a: Raikou|0 fnt\n|faint|p1a: Raikou\n|\n|upkeep\n|-message|guigasrvr forfeited.\n|\n|win|fizmoniri\n|raw|guigasrvr's rating: 1238 &rarr; <strong>1212</strong><br />(-26 for losing)\n|raw|fizmoniri's rating: 1220 &rarr; <strong>1246</strong><br />(+26 for winning)\n|l|\u2606guigasrvr\n|player|p1|\n|c|\u2606fizmoniri|dumbass\n", "uploadtime": 1781455052, "views": 16, "formatid": "gen9randombattle", "rating": 1212, "private": 0, "password": null}