{"id": "gen9randombattle-2631985075", "format": "[Gen 9] Random Battle", "players": ["SteelixPrismGX", "tiziown"], "log": "|j|\u2606SteelixPrismGX\n|j|\u2606tiziown\n|t:|1781462837\n|gametype|singles\n|player|p1|SteelixPrismGX|siebold|2077\n|player|p2|tiziown|rocker-gen3|2134\n|gen|9\n|tier|[Gen 9] Random Battle\n|rated|\n|rule|Species Clause: Limit one of each Pok\u00e9mon\n|rule|HP Percentage Mod: HP is shown in percentages\n|rule|Sleep Clause Mod: Limit one foe put to sleep\n|rule|Illusion Level Mod: Illusion disguises the Pok\u00e9mon's true level\n|\n|t:|1781462837\n|teamsize|p1|6\n|teamsize|p2|6\n|start\n|switch|p1a: Stonjourner|Stonjourner, L91, M|330/330\n|switch|p2a: Great Tusk|Great Tusk, L77|304/304\n|turn|1\n|inactive|Battle timer is ON: inactive players will automatically lose when time's up. (requested by SteelixPrismGX)\n|\n|t:|1781462856\n|switch|p1a: Zapdos|Zapdos-Galar, L77|265/265\n|move|p2a: Great Tusk|Bulk Up|p2a: Great Tusk\n|-boost|p2a: Great Tusk|atk|1\n|-boost|p2a: Great Tusk|def|1\n|\n|upkeep\n|turn|2\n|\n|t:|1781462874\n|move|p1a: Zapdos|Brave Bird|p2a: Great Tusk\n|-supereffective|p2a: Great Tusk\n|-damage|p2a: Great Tusk|100/304\n|-damage|p1a: Zapdos|198/265|[from] Recoil\n|move|p2a: Great Tusk|Rapid Spin|p1a: Zapdos\n|-damage|p1a: Zapdos|136/265\n|-boost|p2a: Great Tusk|spe|1\n|\n|-heal|p2a: Great Tusk|119/304|[from] item: Leftovers\n|upkeep\n|turn|3\n|\n|t:|1781462890\n|-terastallize|p2a: Great Tusk|Steel\n|move|p2a: Great Tusk|Bulk Up|p2a: Great Tusk\n|-boost|p2a: Great Tusk|atk|1\n|-boost|p2a: Great Tusk|def|1\n|move|p1a: Zapdos|Brave Bird|p2a: Great Tusk\n|-resisted|p2a: Great Tusk\n|-damage|p2a: Great Tusk|77/304\n|-damage|p1a: Zapdos|122/265|[from] Recoil\n|\n|-heal|p2a: Great Tusk|96/304|[from] item: Leftovers\n|upkeep\n|turn|4\n|\n|t:|1781462903\n|switch|p1a: Stonjourner|Stonjourner, L91, M|330/330\n|move|p2a: Great Tusk|Close Combat|p1a: Stonjourner\n|-supereffective|p1a: Stonjourner\n|-damage|p1a: Stonjourner|0 fnt\n|-unboost|p2a: Great Tusk|def|1\n|-unboost|p2a: Great Tusk|spd|1\n|faint|p1a: Stonjourner\n|\n|-heal|p2a: Great Tusk|115/304|[from] item: Leftovers\n|upkeep\n|\n|t:|1781462912\n|switch|p1a: Zapdos|Zapdos-Galar, L77|122/265\n|turn|5\n|\n|t:|1781462918\n|move|p2a: Great Tusk|Close Combat|p1a: Zapdos\n|-resisted|p1a: Zapdos\n|-damage|p1a: Zapdos|0 fnt\n|-unboost|p2a: Great Tusk|def|1\n|-unboost|p2a: Great Tusk|spd|1\n|faint|p1a: Zapdos\n|\n|-heal|p2a: Great Tusk|134/304|[from] item: Leftovers\n|upkeep\n|\n|t:|1781462923\n|switch|p1a: Enamorus|Enamorus, L79, F|247/247\n|turn|6\n|\n|t:|1781462953\n|-end|p2a: Great Tusk|Protosynthesis|[silent]\n|switch|p2a: Tropius|Tropius, L91, F|328/328\n|move|p1a: Enamorus|Earth Power|p2a: Tropius\n|-immune|p2a: Tropius\n|\n|upkeep\n|turn|7\n|\n|t:|1781462962\n|switch|p1a: Ogerpon|Ogerpon-Cornerstone, L76, F|247/247\n|move|p2a: Tropius|Leech Seed|p1a: Ogerpon\n|-immune|p1a: Ogerpon\n|\n|upkeep\n|turn|8\n|\n|t:|1781462980\n|switch|p2a: Iron Hands|Iron Hands, L79|373/373\n|move|p1a: Ogerpon|Ivy Cudgel|p2a: Iron Hands|[anim] Ivy Cudgel Rock\n|-resisted|p2a: Iron Hands\n|-damage|p2a: Iron Hands|318/373\n|\n|-heal|p2a: Iron Hands|341/373|[from] item: Leftovers\n|upkeep\n|turn|9\n|\n|t:|1781462987\n|switch|p1a: Enamorus|Enamorus, L79, F|247/247\n|move|p2a: Iron Hands|Ice Punch|p1a: Enamorus\n|-supereffective|p1a: Enamorus\n|-damage|p1a: Enamorus|75/247\n|-status|p1a: Enamorus|frz\n|\n|-heal|p1a: Enamorus|90/247 frz|[from] item: Leftovers\n|-heal|p2a: Iron Hands|364/373|[from] item: Leftovers\n|upkeep\n|turn|10\n|\n|t:|1781462994\n|cant|p1a: Enamorus|frz\n|move|p2a: Iron Hands|Ice Punch|p1a: Enamorus\n|-supereffective|p1a: Enamorus\n|-damage|p1a: Enamorus|0 fnt\n|faint|p1a: Enamorus\n|\n|-heal|p2a: Iron Hands|373/373|[from] item: Leftovers\n|upkeep\n|\n|t:|1781462997\n|switch|p1a: Deoxys|Deoxys, L74|196/196\n|-ability|p1a: Deoxys|Pressure\n|turn|11\n|\n|t:|1781463004\n|-end|p2a: Iron Hands|Quark Drive|[silent]\n|switch|p2a: Mightyena|Mightyena, L96, M|290/290\n|-ability|p2a: Mightyena|Intimidate|boost\n|-unboost|p1a: Deoxys|atk|1\n|move|p1a: Deoxys|Knock Off|p2a: Mightyena\n|-resisted|p2a: Mightyena\n|-damage|p2a: Mightyena|255/290\n|-enditem|p2a: Mightyena|Assault Vest|[from] move: Knock Off|[of] p1a: Deoxys\n|-damage|p1a: Deoxys|177/196|[from] item: Life Orb\n|\n|upkeep\n|turn|12\n|\n|t:|1781463019\n|switch|p1a: Houndoom|Houndoom, L87, M|272/272\n|move|p2a: Mightyena|Throat Chop|p1a: Houndoom\n|-resisted|p1a: Houndoom\n|-damage|p1a: Houndoom|201/272\n|-start|p1a: Houndoom|Throat Chop|[silent]\n|\n|upkeep\n|turn|13\n|\n|t:|1781463034\n|switch|p2a: Tornadus|Tornadus-Therian, L79, M|254/254\n|move|p1a: Houndoom|Nasty Plot|p1a: Houndoom\n|-boost|p1a: Houndoom|spa|2\n|\n|-end|p1a: Houndoom|Throat Chop|[silent]\n|upkeep\n|turn|14\n|\n|t:|1781463040\n|-terastallize|p1a: Houndoom|Poison\n|move|p2a: Tornadus|Bleakwind Storm|p1a: Houndoom\n|-damage|p1a: Houndoom|93/272\n|-unboost|p1a: Houndoom|spe|1\n|move|p1a: Houndoom|Fire Blast|p2a: Tornadus|[miss]\n|-miss|p1a: Houndoom|p2a: Tornadus\n|\n|upkeep\n|turn|15\n|-message|SteelixPrismGX forfeited.\n|\n|win|tiziown\n", "uploadtime": 1781462839, "views": 3, "formatid": "gen9randombattle", "rating": null, "private": 0, "password": null}