{"id": "gen9randombattle-2631413556", "format": "[Gen 9] Random Battle", "players": ["KinglerCookie", "torippy"], "log": "|j|\u2606KinglerCookie\n|j|\u2606torippy\n|t:|1781381680\n|gametype|singles\n|player|p1|KinglerCookie|miku-ground|1703\n|player|p2|torippy|101|1686\n|gen|9\n|tier|[Gen 9] Random Battle\n|rated|\n|rule|Species Clause: Limit one of each Pok\u00e9mon\n|rule|HP Percentage Mod: HP is shown in percentages\n|rule|Sleep Clause Mod: Limit one foe put to sleep\n|rule|Illusion Level Mod: Illusion disguises the Pok\u00e9mon's true level\n|\n|t:|1781381680\n|teamsize|p1|6\n|teamsize|p2|6\n|start\n|switch|p1a: Kleavor|Kleavor, L78, M|237/237\n|switch|p2a: Drifblim|Drifblim, L86, M|398/398\n|turn|1\n|\n|t:|1781381698\n|switch|p2a: Magnezone|Magnezone, L85|258/258\n|move|p1a: Kleavor|Stone Axe|p2a: Magnezone\n|-resisted|p2a: Magnezone\n|-crit|p2a: Magnezone\n|-damage|p2a: Magnezone|154/258\n|-sidestart|p2: torippy|move: Stealth Rock\n|\n|upkeep\n|turn|2\n|\n|t:|1781381711\n|switch|p1a: Appletun|Appletun, L92, F|352/352\n|move|p2a: Magnezone|Volt Switch|p1a: Appletun\n|-resisted|p1a: Appletun\n|-damage|p1a: Appletun|319/352\n|\n|t:|1781381721\n|switch|p2a: Hydreigon|Hydreigon, L79, F|275/275|[from] Volt Switch\n|-damage|p2a: Hydreigon|241/275|[from] Stealth Rock\n|\n|-heal|p1a: Appletun|341/352|[from] item: Leftovers\n|upkeep\n|turn|3\n|\n|t:|1781381725\n|switch|p1a: Enamorus|Enamorus, L79, F|247/247\n|move|p2a: Hydreigon|Draco Meteor|p1a: Enamorus\n|-immune|p1a: Enamorus\n|\n|upkeep\n|turn|4\n|\n|t:|1781381729\n|switch|p2a: Magnezone|Magnezone, L85|154/258\n|-damage|p2a: Magnezone|138/258|[from] Stealth Rock\n|move|p1a: Enamorus|Substitute|p1a: Enamorus\n|-start|p1a: Enamorus|Substitute\n|-damage|p1a: Enamorus|186/247\n|\n|-heal|p1a: Enamorus|201/247|[from] item: Leftovers\n|upkeep\n|turn|5\n|\n|t:|1781381732\n|move|p2a: Magnezone|Flash Cannon|p1a: Enamorus\n|-supereffective|p1a: Enamorus\n|-end|p1a: Enamorus|Substitute\n|move|p1a: Enamorus|Earth Power|p2a: Magnezone\n|-supereffective|p2a: Magnezone\n|-damage|p2a: Magnezone|0 fnt\n|faint|p2a: Magnezone\n|\n|-heal|p1a: Enamorus|216/247|[from] item: Leftovers\n|upkeep\n|\n|t:|1781381740\n|switch|p2a: Drifblim|Drifblim, L86, M|398/398\n|turn|6\n|\n|t:|1781381744\n|move|p1a: Enamorus|Calm Mind|p1a: Enamorus\n|-boost|p1a: Enamorus|spa|1\n|-boost|p1a: Enamorus|spd|1\n|move|p2a: Drifblim|Defog|p1a: Enamorus\n|-unboost|p1a: Enamorus|evasion|1\n|-sideend|p2: torippy|Stealth Rock|[from] move: Defog|[of] p2a: Drifblim\n|\n|-heal|p1a: Enamorus|231/247|[from] item: Leftovers\n|upkeep\n|turn|7\n|\n|t:|1781381750\n|switch|p2a: Entei|Entei, L78|307/307\n|move|p1a: Enamorus|Calm Mind|p1a: Enamorus\n|-boost|p1a: Enamorus|spa|1\n|-boost|p1a: Enamorus|spd|1\n|\n|-heal|p1a: Enamorus|246/247|[from] item: Leftovers\n|upkeep\n|turn|8\n|\n|t:|1781381755\n|move|p1a: Enamorus|Earth Power|p2a: Entei\n|-supereffective|p2a: Entei\n|-damage|p2a: Entei|0 fnt\n|faint|p2a: Entei\n|\n|-heal|p1a: Enamorus|247/247|[from] item: Leftovers\n|upkeep\n|-message|torippy forfeited.\n|\n|win|KinglerCookie\n|raw|KinglerCookie's rating: 1703 &rarr; <strong>1722</strong><br />(+19 for winning)\n|raw|torippy's rating: 1686 &rarr; <strong>1667</strong><br />(-19 for losing)\n|l|\u2606torippy\n|player|p2|\n", "uploadtime": 1781381760, "views": 7, "formatid": "gen9randombattle", "rating": 1667, "private": 0, "password": null}