{"id": "gen9randombattle-2631415856", "format": "[Gen 9] Random Battle", "players": ["Ismusicalschool", "fatgamerpro"], "log": "|j|\u2606Ismusicalschool\n|j|\u2606fatgamerpro\n|t:|1781381962\n|gametype|singles\n|player|p1|Ismusicalschool|caitlin|1940\n|player|p2|fatgamerpro|ruinmaniac|1919\n|gen|9\n|tier|[Gen 9] Random Battle\n|rated|\n|rule|Species Clause: Limit one of each Pok\u00e9mon\n|rule|HP Percentage Mod: HP is shown in percentages\n|rule|Sleep Clause Mod: Limit one foe put to sleep\n|rule|Illusion Level Mod: Illusion disguises the Pok\u00e9mon's true level\n|\n|t:|1781381962\n|teamsize|p1|6\n|teamsize|p2|6\n|start\n|switch|p1a: Volbeat|Volbeat, L90, M|263/263\n|switch|p2a: Palkia|Palkia, L75|259/259\n|-ability|p2a: Palkia|Pressure\n|turn|1\n|inactive|Battle timer is ON: inactive players will automatically lose when time's up. (requested by fatgamerpro)\n|\n|t:|1781381981\n|switch|p2a: Dunsparce|Dunsparce, L86, F|312/312\n|move|p1a: Volbeat|Thunder Wave|p2a: Dunsparce\n|-status|p2a: Dunsparce|par\n|\n|upkeep\n|turn|2\n|\n|t:|1781381990\n|switch|p1a: Crabominable|Crabominable, L90, M|321/321\n|move|p2a: Dunsparce|Body Slam|p1a: Crabominable\n|-crit|p1a: Crabominable\n|-damage|p1a: Crabominable|206/321\n|\n|upkeep\n|turn|3\n|\n|t:|1781382009\n|switch|p2a: Arbok|Arbok, L87, F|246/246\n|-ability|p2a: Arbok|Intimidate|boost\n|-unboost|p1a: Crabominable|atk|1\n|move|p1a: Crabominable|Drain Punch|p2a: Arbok\n|-resisted|p2a: Arbok\n|-damage|p2a: Arbok|161/246\n|-heal|p1a: Crabominable|249/321|[from] drain|[of] p2a: Arbok\n|\n|-heal|p2a: Arbok|176/246|[from] item: Leftovers\n|upkeep\n|turn|4\n|\n|t:|1781382019\n|switch|p1a: Volbeat|Volbeat, L90, M|263/263\n|move|p2a: Arbok|Gunk Shot|p1a: Volbeat|[miss]\n|-miss|p2a: Arbok|p1a: Volbeat\n|\n|-heal|p2a: Arbok|191/246|[from] item: Leftovers\n|upkeep\n|turn|5\n|\n|t:|1781382026\n|switch|p2a: Dunsparce|Dunsparce, L86, F|312/312 par\n|move|p1a: Volbeat|Lunge|p2a: Dunsparce\n|-damage|p2a: Dunsparce|249/312 par\n|-unboost|p2a: Dunsparce|atk|1\n|\n|upkeep\n|turn|6\n|\n|t:|1781382042\n|switch|p1a: Crabominable|Crabominable, L90, M|249/321\n|move|p2a: Dunsparce|Body Slam|p1a: Crabominable\n|-damage|p1a: Crabominable|201/321\n|-status|p1a: Crabominable|par\n|\n|upkeep\n|turn|7\n|\n|t:|1781382065\n|switch|p2a: Dodrio|Dodrio, L85, M|241/241\n|cant|p1a: Crabominable|par\n|\n|upkeep\n|turn|8\n|\n|t:|1781382077\n|-terastallize|p1a: Crabominable|Ground\n|move|p2a: Dodrio|Brave Bird|p1a: Crabominable\n|-damage|p1a: Crabominable|0 fnt\n|faint|p1a: Crabominable\n|-damage|p2a: Dodrio|175/241|[from] Recoil\n|\n|upkeep\n|inactive|Ismusicalschool has 120 seconds left.\n|\n|t:|1781382088\n|switch|p1a: Gouging Fire|Gouging Fire, L74|277/277\n|turn|9\n|\n|t:|1781382094\n|switch|p2a: Arbok|Arbok, L87, F|191/246\n|-ability|p2a: Arbok|Intimidate|boost\n|-unboost|p1a: Gouging Fire|atk|1\n|move|p1a: Gouging Fire|Dragon Dance|p1a: Gouging Fire\n|-boost|p1a: Gouging Fire|atk|1\n|-boost|p1a: Gouging Fire|spe|1\n|\n|-heal|p2a: Arbok|206/246|[from] item: Leftovers\n|upkeep\n|turn|10\n|\n|t:|1781382106\n|move|p1a: Gouging Fire|Dragon Dance|p1a: Gouging Fire\n|-boost|p1a: Gouging Fire|atk|1\n|-boost|p1a: Gouging Fire|spe|1\n|move|p2a: Arbok|Earthquake|p1a: Gouging Fire\n|-supereffective|p1a: Gouging Fire\n|-damage|p1a: Gouging Fire|143/277\n|\n|-heal|p2a: Arbok|221/246|[from] item: Leftovers\n|upkeep\n|turn|11\n|\n|t:|1781382118\n|move|p1a: Gouging Fire|Outrage|p2a: Arbok\n|-damage|p2a: Arbok|10/246\n|move|p2a: Arbok|Earthquake|p1a: Gouging Fire\n|-supereffective|p1a: Gouging Fire\n|-damage|p1a: Gouging Fire|5/277\n|\n|-heal|p2a: Arbok|25/246|[from] item: Leftovers\n|upkeep\n|turn|12\n|\n|t:|1781382122\n|move|p2a: Arbok|Sucker Punch|p1a: Gouging Fire\n|-damage|p1a: Gouging Fire|0 fnt\n|faint|p1a: Gouging Fire\n|-end|p1a: Gouging Fire|Protosynthesis|[silent]\n|\n|-heal|p2a: Arbok|40/246|[from] item: Leftovers\n|upkeep\n|\n|t:|1781382135\n|switch|p1a: Volbeat|Volbeat, L90, M|263/263\n|turn|13\n|\n|t:|1781382141\n|switch|p2a: Dunsparce|Dunsparce, L86, F|249/312 par\n|move|p1a: Volbeat|Encore||[still]\n|-fail|p1a: Volbeat\n|\n|upkeep\n|turn|14\n|\n|t:|1781382150\n|switch|p1a: Regidrago|Regidrago, L77|435/435\n|move|p2a: Dunsparce|Body Slam|p1a: Regidrago\n|-damage|p1a: Regidrago|308/435\n|-status|p1a: Regidrago|par\n|-enditem|p1a: Regidrago|Lum Berry|[eat]\n|-curestatus|p1a: Regidrago|par|[msg]\n|\n|upkeep\n|turn|15\n|\n|t:|1781382155\n|move|p1a: Regidrago|Dragon Dance|p1a: Regidrago\n|-boost|p1a: Regidrago|atk|1\n|-boost|p1a: Regidrago|spe|1\n|move|p2a: Dunsparce|Body Slam|p1a: Regidrago\n|-damage|p1a: Regidrago|179/435\n|-status|p1a: Regidrago|par\n|\n|upkeep\n|turn|16\n|\n|t:|1781382163\n|move|p1a: Regidrago|Dragon Dance|p1a: Regidrago\n|-boost|p1a: Regidrago|atk|1\n|-boost|p1a: Regidrago|spe|1\n|move|p2a: Dunsparce|Body Slam|p1a: Regidrago\n|-damage|p1a: Regidrago|56/435 par\n|\n|upkeep\n|turn|17\n|\n|t:|1781382171\n|move|p1a: Regidrago|Outrage|p2a: Dunsparce\n|-damage|p2a: Dunsparce|0 fnt\n|faint|p2a: Dunsparce\n|\n|upkeep\n|\n|t:|1781382179\n|switch|p2a: Arbok|Arbok, L87, F|40/246\n|-ability|p2a: Arbok|Intimidate|boost\n|-unboost|p1a: Regidrago|atk|1\n|turn|18\n|\n|t:|1781382183\n|move|p2a: Arbok|Earthquake|p1a: Regidrago\n|-damage|p1a: Regidrago|0 fnt\n|faint|p1a: Regidrago\n|\n|-heal|p2a: Arbok|55/246|[from] item: Leftovers\n|upkeep\n|\n|t:|1781382186\n|switch|p1a: Suicune|Suicune, L82|298/298\n|-ability|p1a: Suicune|Pressure\n|turn|19\n|\n|t:|1781382191\n|move|p2a: Arbok|Gunk Shot|p1a: Suicune\n|-damage|p1a: Suicune|180/298\n|move|p1a: Suicune|Scald|p2a: Arbok\n|-damage|p2a: Arbok|0 fnt\n|faint|p2a: Arbok\n|\n|-heal|p1a: Suicune|198/298|[from] item: Leftovers\n|upkeep\n|\n|t:|1781382196\n|switch|p2a: Victreebel|Victreebel, L90, F|290/290\n|turn|20\n|\n|t:|1781382208\n|switch|p1a: Volbeat|Volbeat, L90, M|263/263\n|move|p2a: Victreebel|Knock Off|p1a: Volbeat\n|-damage|p1a: Volbeat|140/263\n|-enditem|p1a: Volbeat|Heavy-Duty Boots|[from] move: Knock Off|[of] p2a: Victreebel\n|-damage|p2a: Victreebel|261/290|[from] item: Life Orb\n|\n|upkeep\n|turn|21\n|\n|t:|1781382214\n|move|p1a: Volbeat|Thunder Wave|p2a: Victreebel\n|-status|p2a: Victreebel|par\n|move|p2a: Victreebel|Sludge Wave|p1a: Volbeat\n|-damage|p1a: Volbeat|0 fnt\n|faint|p1a: Volbeat\n|-damage|p2a: Victreebel|232/290 par|[from] item: Life Orb\n|\n|upkeep\n|\n|t:|1781382219\n|switch|p1a: Suicune|Suicune, L82|198/298\n|-ability|p1a: Suicune|Pressure\n|turn|22\n|\n|t:|1781382225\n|move|p1a: Suicune|Calm Mind|p1a: Suicune\n|-boost|p1a: Suicune|spa|1\n|-boost|p1a: Suicune|spd|1\n|cant|p2a: Victreebel|par\n|\n|-heal|p1a: Suicune|216/298|[from] item: Leftovers\n|upkeep\n|turn|23\n|\n|t:|1781382233\n|move|p1a: Suicune|Substitute|p1a: Suicune\n|-start|p1a: Suicune|Substitute\n|-damage|p1a: Suicune|142/298\n|move|p2a: Victreebel|Power Whip|p1a: Suicune\n|-supereffective|p1a: Suicune\n|-end|p1a: Suicune|Substitute\n|-damage|p2a: Victreebel|203/290 par|[from] item: Life Orb\n|\n|-heal|p1a: Suicune|160/298|[from] item: Leftovers\n|upkeep\n|turn|24\n|\n|t:|1781382243\n|switch|p2a: Froslass|Froslass, L87, F|263/263\n|move|p1a: Suicune|Substitute|p1a: Suicune\n|-start|p1a: Suicune|Substitute\n|-damage|p1a: Suicune|86/298\n|\n|-heal|p1a: Suicune|104/298|[from] item: Leftovers\n|upkeep\n|turn|25\n|\n|t:|1781382248\n|move|p2a: Froslass|Poltergeist|p1a: Suicune\n|-activate|p1a: Suicune|move: Poltergeist|Leftovers\n|-end|p1a: Suicune|Substitute\n|move|p1a: Suicune|Scald|p2a: Froslass\n|-damage|p2a: Froslass|133/263\n|-status|p2a: Froslass|brn\n|-start|p1a: Suicune|Disable|Scald|[from] ability: Cursed Body|[of] p2a: Froslass\n|\n|-heal|p1a: Suicune|122/298|[from] item: Leftovers\n|-damage|p2a: Froslass|117/263 brn|[from] brn\n|upkeep\n|turn|26\n|\n|t:|1781382263\n|move|p2a: Froslass|Taunt|p1a: Suicune\n|-start|p1a: Suicune|move: Taunt\n|cant|p1a: Suicune|move: Taunt|Calm Mind\n|\n|-heal|p1a: Suicune|140/298|[from] item: Leftovers\n|-damage|p2a: Froslass|101/263 brn|[from] brn\n|upkeep\n|turn|27\n|\n|t:|1781382267\n|move|p2a: Froslass|Poltergeist|p1a: Suicune\n|-activate|p1a: Suicune|move: Poltergeist|Leftovers\n|-damage|p1a: Suicune|99/298\n|move|p1a: Suicune|Ice Beam|p2a: Froslass\n|-resisted|p2a: Froslass\n|-damage|p2a: Froslass|53/263 brn\n|\n|-heal|p1a: Suicune|117/298|[from] item: Leftovers\n|-damage|p2a: Froslass|37/263 brn|[from] brn\n|upkeep\n|turn|28\n|\n|t:|1781382277\n|move|p2a: Froslass|Poltergeist|p1a: Suicune\n|-activate|p1a: Suicune|move: Poltergeist|Leftovers\n|-damage|p1a: Suicune|72/298\n|move|p1a: Suicune|Ice Beam|p2a: Froslass\n|-resisted|p2a: Froslass\n|-damage|p2a: Froslass|0 fnt\n|faint|p2a: Froslass\n|\n|-heal|p1a: Suicune|90/298|[from] item: Leftovers\n|-end|p1a: Suicune|move: Taunt\n|-end|p1a: Suicune|Disable\n|upkeep\n|\n|t:|1781382292\n|switch|p2a: Dodrio|Dodrio, L85, M|175/241\n|turn|29\n|\n|t:|1781382299\n|move|p2a: Dodrio|Brave Bird|p1a: Suicune\n|-damage|p1a: Suicune|0 fnt\n|faint|p1a: Suicune\n|-damage|p2a: Dodrio|145/241|[from] Recoil\n|\n|upkeep\n|\n|t:|1781382302\n|switch|p1a: Chimecho|Chimecho, L93, F|290/290\n|turn|30\n|\n|t:|1781382313\n|move|p2a: Dodrio|Brave Bird|p1a: Chimecho\n|-crit|p1a: Chimecho\n|-damage|p1a: Chimecho|0 fnt\n|faint|p1a: Chimecho\n|-damage|p2a: Dodrio|49/241|[from] Recoil\n|\n|win|fatgamerpro\n", "uploadtime": 1781381964, "views": 8, "formatid": "gen9randombattle", "rating": null, "private": 0, "password": null}