{"id": "gen9randombattle-2631563534", "format": "[Gen 9] Random Battle", "players": ["Budgers", "JayCroc"], "log": "|j|\u2606Budgers\n|j|\u2606JayCroc\n|t:|1781401852\n|gametype|singles\n|player|p1|Budgers|169|1902\n|player|p2|JayCroc|ivor|1979\n|gen|9\n|tier|[Gen 9] Random Battle\n|rated|\n|rule|Species Clause: Limit one of each Pok\u00e9mon\n|rule|HP Percentage Mod: HP is shown in percentages\n|rule|Sleep Clause Mod: Limit one foe put to sleep\n|rule|Illusion Level Mod: Illusion disguises the Pok\u00e9mon's true level\n|\n|t:|1781401852\n|teamsize|p1|6\n|teamsize|p2|6\n|start\n|switch|p1a: Torterra|Torterra, L78, F|276/276\n|switch|p2a: Magmortar|Magmortar, L88, F|275/275\n|turn|1\n|inactive|Battle timer is ON: inactive players will automatically lose when time's up. (requested by Budgers)\n|\n|t:|1781401866\n|switch|p1a: Eternatus|Eternatus, L69|308/308\n|-ability|p1a: Eternatus|Pressure\n|move|p2a: Magmortar|Fire Blast|p1a: Eternatus|[miss]\n|-miss|p2a: Magmortar|p1a: Eternatus\n|\n|upkeep\n|turn|2\n|\n|t:|1781401887\n|move|p1a: Eternatus|Toxic Spikes|p2a: Magmortar\n|-sidestart|p2: JayCroc|move: Toxic Spikes\n|move|p2a: Magmortar|Earthquake|p1a: Eternatus\n|-supereffective|p1a: Eternatus\n|-damage|p1a: Eternatus|146/308\n|\n|-heal|p1a: Eternatus|165/308|[from] item: Leftovers\n|upkeep\n|turn|3\n|\n|t:|1781401895\n|move|p1a: Eternatus|Dynamax Cannon|p2a: Magmortar\n|-damage|p2a: Magmortar|176/275\n|move|p2a: Magmortar|Earthquake|p1a: Eternatus\n|-supereffective|p1a: Eternatus\n|-damage|p1a: Eternatus|0 fnt\n|faint|p1a: Eternatus\n|\n|upkeep\n|\n|t:|1781401911\n|switch|p1a: Deoxys|Deoxys, L74|196/196\n|-ability|p1a: Deoxys|Pressure\n|turn|4\n|\n|t:|1781401918\n|move|p1a: Deoxys|Psycho Boost|p2a: Magmortar\n|-damage|p2a: Magmortar|0 fnt\n|-unboost|p1a: Deoxys|spa|2\n|faint|p2a: Magmortar\n|-damage|p1a: Deoxys|177/196|[from] item: Life Orb\n|\n|upkeep\n|\n|t:|1781401931\n|switch|p2a: Lumineon|Lumineon, L93, F|279/279\n|-status|p2a: Lumineon|psn\n|turn|5\n|\n|t:|1781401935\n|switch|p1a: Meganium|Meganium, L90, F|290/290\n|move|p2a: Lumineon|Hydro Pump|p1a: Meganium|[miss]\n|-miss|p2a: Lumineon|p1a: Meganium\n|\n|-damage|p2a: Lumineon|245/279 psn|[from] psn\n|upkeep\n|turn|6\n|\n|t:|1781401946\n|switch|p2a: Tropius|Tropius, L91, F|328/328\n|move|p1a: Meganium|Petal Blizzard|p2a: Tropius\n|-resisted|p2a: Tropius\n|-damage|p2a: Tropius|306/328\n|\n|upkeep\n|turn|7\n|\n|t:|1781401953\n|move|p1a: Meganium|Knock Off|p2a: Tropius\n|-damage|p2a: Tropius|243/328\n|-enditem|p2a: Tropius|Sitrus Berry|[from] move: Knock Off|[of] p1a: Meganium\n|move|p2a: Tropius|Substitute|p2a: Tropius\n|-start|p2a: Tropius|Substitute\n|-damage|p2a: Tropius|161/328\n|\n|upkeep\n|turn|8\n|\n|t:|1781401960\n|switch|p1a: Cetitan|Cetitan, L82, M|412/412\n|move|p2a: Tropius|Air Slash|p1a: Cetitan\n|-damage|p1a: Cetitan|307/412\n|\n|upkeep\n|turn|9\n|\n|t:|1781401967\n|move|p1a: Cetitan|Ice Spinner|p2a: Tropius\n|-supereffective|p2a: Tropius\n|-end|p2a: Tropius|Substitute\n|move|p2a: Tropius|Leech Seed|p1a: Cetitan\n|-start|p1a: Cetitan|move: Leech Seed\n|\n|-damage|p1a: Cetitan|256/412|[from] Leech Seed|[of] p2a: Tropius\n|-heal|p2a: Tropius|212/328|[silent]\n|upkeep\n|turn|10\n|\n|t:|1781401980\n|switch|p1a: Deoxys|Deoxys, L74|177/196\n|-ability|p1a: Deoxys|Pressure\n|switch|p2a: Lumineon|Lumineon, L93, F|245/279 psn\n|\n|-damage|p2a: Lumineon|211/279 psn|[from] psn\n|upkeep\n|turn|11\n|\n|t:|1781401988\n|move|p1a: Deoxys|Psycho Boost|p2a: Lumineon\n|-damage|p2a: Lumineon|23/279 psn\n|-unboost|p1a: Deoxys|spa|2\n|-damage|p1a: Deoxys|158/196|[from] item: Life Orb\n|move|p2a: Lumineon|Hydro Pump|p1a: Deoxys|[miss]\n|-miss|p2a: Lumineon|p1a: Deoxys\n|\n|-damage|p2a: Lumineon|0 fnt|[from] psn\n|faint|p2a: Lumineon\n|upkeep\n|\n|t:|1781402001\n|switch|p2a: Ursaring|Ursaring, L84, F|288/288\n|-status|p2a: Ursaring|psn\n|turn|12\n|\n|t:|1781402007\n|move|p1a: Deoxys|Superpower|p2a: Ursaring\n|-supereffective|p2a: Ursaring\n|-damage|p2a: Ursaring|23/288 psn\n|-unboost|p1a: Deoxys|atk|1\n|-unboost|p1a: Deoxys|def|1\n|-damage|p1a: Deoxys|139/196|[from] item: Life Orb\n|move|p2a: Ursaring|Facade|p1a: Deoxys\n|-damage|p1a: Deoxys|0 fnt\n|faint|p1a: Deoxys\n|\n|-damage|p2a: Ursaring|0 fnt|[from] psn\n|faint|p2a: Ursaring\n|upkeep\n|\n|t:|1781402019\n|switch|p1a: Cetitan|Cetitan, L82, M|256/412\n|switch|p2a: Rotom|Rotom, L88|231/231\n|turn|13\n|\n|t:|1781402024\n|move|p2a: Rotom|Will-O-Wisp|p1a: Cetitan\n|-status|p1a: Cetitan|brn\n|move|p1a: Cetitan|Ice Spinner|p2a: Rotom\n|-damage|p2a: Rotom|185/231\n|\n|-damage|p1a: Cetitan|231/412 brn|[from] brn\n|upkeep\n|turn|14\n|\n|t:|1781402037\n|move|p2a: Rotom|Volt Switch|p1a: Cetitan\n|-damage|p1a: Cetitan|79/412 brn\n|-enditem|p1a: Cetitan|Sitrus Berry|[eat]\n|-heal|p1a: Cetitan|182/412 brn|[from] item: Sitrus Berry\n|-damage|p2a: Rotom|162/231|[from] item: Life Orb\n|\n|t:|1781402042\n|switch|p2a: Cloyster|Cloyster, L80, M|211/211|[from] Volt Switch\n|-status|p2a: Cloyster|psn\n|move|p1a: Cetitan|Ice Spinner|p2a: Cloyster\n|-resisted|p2a: Cloyster\n|-damage|p2a: Cloyster|204/211 psn\n|\n|-damage|p2a: Cloyster|178/211 psn|[from] psn\n|-damage|p1a: Cetitan|157/412 brn|[from] brn\n|upkeep\n|turn|15\n|\n|t:|1781402059\n|move|p1a: Cetitan|Earthquake|p2a: Cloyster\n|-damage|p2a: Cloyster|156/211 psn\n|move|p2a: Cloyster|Shell Smash|p2a: Cloyster\n|-unboost|p2a: Cloyster|def|1\n|-unboost|p2a: Cloyster|spd|1\n|-boost|p2a: Cloyster|atk|2\n|-boost|p2a: Cloyster|spa|2\n|-boost|p2a: Cloyster|spe|2\n|-enditem|p2a: Cloyster|White Herb\n|-clearnegativeboost|p2a: Cloyster|[silent]\n|\n|-damage|p2a: Cloyster|130/211 psn|[from] psn\n|-damage|p1a: Cetitan|132/412 brn|[from] brn\n|upkeep\n|turn|16\n|\n|t:|1781402070\n|move|p1a: Cetitan|Ice Shard|p2a: Cloyster\n|-resisted|p2a: Cloyster\n|-damage|p2a: Cloyster|127/211 psn\n|move|p2a: Cloyster|Rock Blast|p1a: Cetitan\n|-supereffective|p1a: Cetitan\n|-damage|p1a: Cetitan|44/412 brn\n|-supereffective|p1a: Cetitan\n|-damage|p1a: Cetitan|0 fnt\n|faint|p1a: Cetitan\n|-hitcount|p1: Cetitan|2\n|\n|-damage|p2a: Cloyster|101/211 psn|[from] psn\n|upkeep\n|\n|t:|1781402073\n|switch|p1a: Meganium|Meganium, L90, F|290/290\n|turn|17\n|\n|t:|1781402084\n|-terastallize|p1a: Meganium|Water\n|move|p2a: Cloyster|Icicle Spear|p1a: Meganium\n|-resisted|p1a: Meganium\n|-damage|p1a: Meganium|267/290\n|-resisted|p1a: Meganium\n|-damage|p1a: Meganium|245/290\n|-resisted|p1a: Meganium\n|-damage|p1a: Meganium|223/290\n|-resisted|p1a: Meganium\n|-damage|p1a: Meganium|202/290\n|-resisted|p1a: Meganium\n|-damage|p1a: Meganium|183/290\n|-hitcount|p1a: Meganium|5\n|move|p1a: Meganium|Petal Blizzard|p2a: Cloyster\n|-supereffective|p2a: Cloyster\n|-damage|p2a: Cloyster|0 fnt\n|faint|p2a: Cloyster\n|\n|-heal|p1a: Meganium|201/290|[from] item: Leftovers\n|upkeep\n|\n|t:|1781402099\n|switch|p2a: Rotom|Rotom, L88|162/231\n|turn|18\n|\n|t:|1781402102\n|move|p2a: Rotom|Will-O-Wisp|p1a: Meganium\n|-status|p1a: Meganium|brn\n|move|p1a: Meganium|Knock Off|p2a: Rotom\n|-supereffective|p2a: Rotom\n|-damage|p2a: Rotom|94/231\n|-enditem|p2a: Rotom|Life Orb|[from] move: Knock Off|[of] p1a: Meganium\n|\n|-heal|p1a: Meganium|219/290 brn|[from] item: Leftovers\n|-damage|p1a: Meganium|201/290 brn|[from] brn\n|upkeep\n|turn|19\n|\n|t:|1781402112\n|move|p2a: Rotom|Thunderbolt|p1a: Meganium\n|-supereffective|p1a: Meganium\n|-damage|p1a: Meganium|37/290 brn\n|move|p1a: Meganium|Petal Blizzard|p2a: Rotom\n|-damage|p2a: Rotom|13/231\n|\n|-heal|p1a: Meganium|55/290 brn|[from] item: Leftovers\n|-damage|p1a: Meganium|37/290 brn|[from] brn\n|upkeep\n|turn|20\n|\n|t:|1781402120\n|move|p2a: Rotom|Thunderbolt|p1a: Meganium\n|-supereffective|p1a: Meganium\n|-damage|p1a: Meganium|0 fnt\n|faint|p1a: Meganium\n|\n|upkeep\n|\n|t:|1781402123\n|switch|p1a: Cinccino|Cinccino, L83, M|260/260\n|turn|21\n|\n|t:|1781402127\n|move|p1a: Cinccino|Bullet Seed|p2a: Rotom\n|-damage|p2a: Rotom|0 fnt\n|faint|p2a: Rotom\n|-hitcount|p2: Rotom|1\n|\n|upkeep\n|-message|JayCroc forfeited.\n|\n|win|Budgers\n", "uploadtime": 1781401855, "views": 5, "formatid": "gen9randombattle", "rating": null, "private": 0, "password": null}