{"id": "gen9randombattle-2631406264", "format": "[Gen 9] Random Battle", "players": ["David07xd", "Satoshi36"], "log": "|j|\u2606David07xd\n|j|\u2606Satoshi36\n|t:|1781380812\n|gametype|singles\n|player|p1|David07xd|1|\n|player|p2|Satoshi36|ash-alola|\n|gen|9\n|tier|[Gen 9] Random Battle\n|rule|Species Clause: Limit one of each Pok\u00e9mon\n|rule|HP Percentage Mod: HP is shown in percentages\n|rule|Sleep Clause Mod: Limit one foe put to sleep\n|rule|Illusion Level Mod: Illusion disguises the Pok\u00e9mon's true level\n|\n|t:|1781380812\n|teamsize|p1|6\n|teamsize|p2|6\n|start\n|switch|p1a: Magnezone|Magnezone, L85|258/258\n|switch|p2a: Donphan|Donphan, L84, M|288/288\n|turn|1\n|l|\u2606David07xd\n|player|p1|\n|j|\u2606David07xd\n|player|p1|David07xd|1|\n|\n|t:|1781380864\n|switch|p1a: Donphan|Donphan, L84, F|288/288\n|move|p2a: Donphan|Knock Off|p1a: Donphan\n|-damage|p1a: Donphan|225/288\n|-enditem|p1a: Donphan|Leftovers|[from] move: Knock Off|[of] p2a: Donphan\n|\n|upkeep\n|turn|2\n|c|\u2606Satoshi36|xd\n|l|\u2606David07xd\n|player|p1|\n|j|\u2606David07xd\n|player|p1|David07xd|1|\n|\n|t:|1781380884\n|move|p2a: Donphan|Ice Shard|p1a: Donphan\n|-supereffective|p1a: Donphan\n|-damage|p1a: Donphan|167/288\n|move|p1a: Donphan|Ice Spinner|p2a: Donphan\n|-supereffective|p2a: Donphan\n|-damage|p2a: Donphan|186/288\n|\n|upkeep\n|turn|3\n|j| yuiluna\n|c| yuiluna|Waos es mario\n|\n|t:|1781380921\n|move|p2a: Donphan|Ice Shard|p1a: Donphan\n|-supereffective|p1a: Donphan\n|-damage|p1a: Donphan|113/288\n|move|p1a: Donphan|Ice Spinner|p2a: Donphan\n|-supereffective|p2a: Donphan\n|-damage|p2a: Donphan|74/288\n|\n|upkeep\n|turn|4\n|\n|t:|1781380930\n|switch|p1a: Magnezone|Magnezone, L85|258/258\n|move|p2a: Donphan|Ice Shard|p1a: Magnezone\n|-resisted|p1a: Magnezone\n|-damage|p1a: Magnezone|244/258\n|\n|upkeep\n|turn|5\n|l| yuiluna\n|\n|t:|1781380939\n|move|p1a: Magnezone|Body Press|p2a: Donphan\n|-damage|p2a: Donphan|17/288\n|move|p2a: Donphan|Earthquake|p1a: Magnezone\n|-supereffective|p1a: Magnezone\n|-damage|p1a: Magnezone|0 fnt\n|faint|p1a: Magnezone\n|\n|upkeep\n|\n|t:|1781380947\n|switch|p1a: Alomomola|Alomomola, L87, M|429/429\n|turn|6\n|\n|t:|1781380957\n|move|p1a: Alomomola|Flip Turn|p2a: Donphan\n|-supereffective|p2a: Donphan\n|-damage|p2a: Donphan|0 fnt\n|faint|p2a: Donphan\n|j| yuiluna\n|\n|t:|1781380962\n|switch|p1a: Donphan|Donphan, L84, F|113/288|[from] Flip Turn\n|\n|upkeep\n|\n|t:|1781380971\n|switch|p2a: Flapple|Flapple, L88, F|266/266\n|turn|7\n|\n|t:|1781380975\n|move|p2a: Flapple|Grav Apple|p1a: Donphan\n|-supereffective|p1a: Donphan\n|-damage|p1a: Donphan|0 fnt\n|faint|p1a: Donphan\n|\n|upkeep\n|\n|t:|1781380982\n|switch|p1a: Ribombee|Ribombee, L83, M|235/235\n|turn|8\n|\n|t:|1781380999\n|switch|p2a: Ho-Oh|Ho-Oh, L71|268/268\n|move|p1a: Ribombee|Sticky Web|p2a: Ho-Oh\n|-sidestart|p2: Satoshi36|move: Sticky Web\n|\n|upkeep\n|turn|9\n|\n|t:|1781381007\n|switch|p1a: Alomomola|Alomomola, L87, M|429/429\n|move|p2a: Ho-Oh|Sacred Fire|p1a: Alomomola\n|-resisted|p1a: Alomomola\n|-damage|p1a: Alomomola|382/429\n|-status|p1a: Alomomola|brn\n|\n|-damage|p1a: Alomomola|356/429 brn|[from] brn\n|upkeep\n|turn|10\n|\n|t:|1781381025\n|switch|p2a: Flapple|Flapple, L88, F|266/266\n|-activate|p2a: Flapple|move: Sticky Web\n|-unboost|p2a: Flapple|spe|1\n|move|p1a: Alomomola|Flip Turn|p2a: Flapple\n|-resisted|p2a: Flapple\n|-crit|p2a: Flapple\n|-damage|p2a: Flapple|255/266\n|\n|t:|1781381037\n|switch|p1a: Hoopa|Hoopa-Unbound, L80|259/259|[from] Flip Turn\n|\n|upkeep\n|turn|11\n|\n|t:|1781381043\n|move|p1a: Hoopa|Gunk Shot|p2a: Flapple\n|-supereffective|p2a: Flapple\n|-damage|p2a: Flapple|7/266\n|move|p2a: Flapple|U-turn|p1a: Hoopa\n|-supereffective|p1a: Hoopa\n|-damage|p1a: Hoopa|0 fnt\n|faint|p1a: Hoopa\n|\n|t:|1781381051\n|switch|p2a: Chesnaught|Chesnaught, L84, F|285/285|[from] U-turn\n|-activate|p2a: Chesnaught|move: Sticky Web\n|-unboost|p2a: Chesnaught|spe|1\n|\n|upkeep\n|\n|t:|1781381057\n|switch|p1a: Ribombee|Ribombee, L83, M|235/235\n|turn|12\n|\n|t:|1781381065\n|move|p1a: Ribombee|Moonblast|p2a: Chesnaught\n|-supereffective|p2a: Chesnaught\n|-damage|p2a: Chesnaught|69/285\n|-unboost|p2a: Chesnaught|spa|1\n|move|p2a: Chesnaught|Trailblaze|p1a: Ribombee\n|-resisted|p1a: Ribombee\n|-damage|p1a: Ribombee|199/235\n|-boost|p2a: Chesnaught|spe|1\n|\n|-heal|p2a: Chesnaught|86/285|[from] item: Leftovers\n|upkeep\n|turn|13\n|\n|t:|1781381077\n|move|p1a: Ribombee|Moonblast|p2a: Chesnaught\n|-supereffective|p2a: Chesnaught\n|-damage|p2a: Chesnaught|0 fnt\n|faint|p2a: Chesnaught\n|\n|upkeep\n|\n|t:|1781381080\n|switch|p2a: Ho-Oh|Ho-Oh, L71|268/268\n|turn|14\n|\n|t:|1781381089\n|move|p1a: Ribombee|Stun Spore|p2a: Ho-Oh\n|-status|p2a: Ho-Oh|par\n|cant|p2a: Ho-Oh|par\n|\n|upkeep\n|turn|15\n|\n|t:|1781381097\n|switch|p1a: Alomomola|Alomomola, L87, M|429/429 brn\n|move|p2a: Ho-Oh|Brave Bird|p1a: Alomomola\n|-damage|p1a: Alomomola|303/429 brn\n|-damage|p2a: Ho-Oh|226/268 par|[from] Recoil\n|\n|-damage|p1a: Alomomola|277/429 brn|[from] brn\n|upkeep\n|turn|16\n|\n|t:|1781381114\n|switch|p2a: Deoxys|Deoxys-Attack, L72|191/191\n|-activate|p2a: Deoxys|move: Sticky Web\n|-unboost|p2a: Deoxys|spe|1\n|-ability|p2a: Deoxys|Pressure\n|move|p1a: Alomomola|Flip Turn|p2a: Deoxys\n|-damage|p2a: Deoxys|110/191\n|\n|t:|1781381122\n|switch|p1a: Ribombee|Ribombee, L83, M|199/235|[from] Flip Turn\n|\n|upkeep\n|turn|17\n|\n|t:|1781381128\n|move|p1a: Ribombee|Bug Buzz|p2a: Deoxys\n|-supereffective|p2a: Deoxys\n|-damage|p2a: Deoxys|0 fnt\n|faint|p2a: Deoxys\n|\n|upkeep\n|\n|t:|1781381133\n|switch|p2a: Medicham|Medicham, L86, M|243/243\n|-activate|p2a: Medicham|move: Sticky Web\n|-unboost|p2a: Medicham|spe|1\n|turn|18\n|\n|t:|1781381140\n|move|p1a: Ribombee|Stun Spore|p2a: Medicham|[miss]\n|-miss|p1a: Ribombee|p2a: Medicham\n|move|p2a: Medicham|Zen Headbutt|p1a: Ribombee\n|-damage|p1a: Ribombee|42/235\n|\n|upkeep\n|turn|19\n|\n|t:|1781381148\n|move|p1a: Ribombee|Moonblast|p2a: Medicham\n|-supereffective|p2a: Medicham\n|-damage|p2a: Medicham|43/243\n|move|p2a: Medicham|Zen Headbutt|p1a: Ribombee\n|-damage|p1a: Ribombee|0 fnt\n|faint|p1a: Ribombee\n|\n|upkeep\n|\n|t:|1781381157\n|switch|p1a: Alomomola|Alomomola, L87, M|420/429 brn\n|turn|20\n|\n|t:|1781381160\n|move|p2a: Medicham|Zen Headbutt|p1a: Alomomola|[miss]\n|-miss|p2a: Medicham|p1a: Alomomola\n|move|p1a: Alomomola|Flip Turn|p2a: Medicham\n|-damage|p2a: Medicham|15/243\n|\n|t:|1781381166\n|switch|p1a: Sneasler|Sneasler, L74, M|240/240|[from] Flip Turn\n|\n|upkeep\n|turn|21\n|\n|t:|1781381175\n|move|p1a: Sneasler|Gunk Shot|p2a: Medicham\n|-damage|p2a: Medicham|0 fnt\n|faint|p2a: Medicham\n|\n|upkeep\n|\n|t:|1781381180\n|switch|p2a: Flapple|Flapple, L88, F|7/266\n|-activate|p2a: Flapple|move: Sticky Web\n|-unboost|p2a: Flapple|spe|1\n|turn|22\n|\n|t:|1781381188\n|move|p1a: Sneasler|Gunk Shot|p2a: Flapple\n|-supereffective|p2a: Flapple\n|-damage|p2a: Flapple|0 fnt\n|faint|p2a: Flapple\n|\n|upkeep\n|\n|t:|1781381192\n|switch|p2a: Ho-Oh|Ho-Oh, L71|268/268 par\n|turn|23\n|\n|t:|1781381197\n|-terastallize|p2a: Ho-Oh|Ground\n|move|p1a: Sneasler|Swords Dance|p1a: Sneasler\n|-boost|p1a: Sneasler|atk|2\n|cant|p2a: Ho-Oh|par\n|\n|upkeep\n|turn|24\n|\n|t:|1781381208\n|-terastallize|p1a: Sneasler|Flying\n|move|p1a: Sneasler|Acrobatics|p2a: Ho-Oh\n|-damage|p2a: Ho-Oh|129/268 par\n|move|p2a: Ho-Oh|Earthquake|p1a: Sneasler\n|-immune|p1a: Sneasler\n|\n|upkeep\n|turn|25\n|\n|t:|1781381223\n|move|p1a: Sneasler|Acrobatics|p2a: Ho-Oh\n|-damage|p2a: Ho-Oh|0 fnt\n|faint|p2a: Ho-Oh\n|\n|win|David07xd\n|l|\u2606Satoshi36\n|player|p2|\n", "uploadtime": 1781381228, "views": 9, "formatid": "gen9randombattle", "rating": null, "private": 0, "password": null}