{"id": "gen9randombattle-2631569680", "format": "[Gen 9] Random Battle", "players": ["Elcosito69", "charizardrekt"], "log": "|j|\u2606Elcosito69\n|j|\u203dcharizardrekt\n|t:|1781402666\n|gametype|singles\n|player|p1|Elcosito69|266|1694\n|player|p2|charizardrekt|red|1744\n|gen|9\n|tier|[Gen 9] Random Battle\n|rated|\n|rule|Species Clause: Limit one of each Pok\u00e9mon\n|rule|HP Percentage Mod: HP is shown in percentages\n|rule|Sleep Clause Mod: Limit one foe put to sleep\n|rule|Illusion Level Mod: Illusion disguises the Pok\u00e9mon's true level\n|\n|t:|1781402666\n|teamsize|p1|6\n|teamsize|p2|6\n|start\n|switch|p1a: Emboar|Emboar, L84, M|322/322\n|switch|p2a: Armarouge|Armarouge, L80, F|267/267\n|turn|1\n|inactive|Battle timer is ON: inactive players will automatically lose when time's up. (requested by charizardrekt)\n|inactive|Elcosito69 has 120 seconds left.\n|\n|t:|1781402703\n|switch|p2a: Mudsdale|Mudsdale, L83, F|302/302\n|switch|p1a: Ludicolo|Ludicolo, L90, F|290/290\n|\n|upkeep\n|turn|2\n|inactive|charizardrekt has 120 seconds left.\n|\n|t:|1781402746\n|switch|p2a: Sinistcha|Sinistcha, L83|254/254\n|move|p1a: Ludicolo|Rain Dance|p1a: Ludicolo\n|-weather|RainDance\n|\n|-weather|RainDance|[upkeep]\n|upkeep\n|turn|3\n|\n|t:|1781402753\n|move|p1a: Ludicolo|Ice Beam|p2a: Sinistcha\n|-supereffective|p2a: Sinistcha\n|-damage|p2a: Sinistcha|72/254\n|-damage|p1a: Ludicolo|261/290|[from] item: Life Orb\n|move|p2a: Sinistcha|Matcha Gotcha|p1a: Ludicolo\n|-damage|p1a: Ludicolo|182/290\n|-heal|p2a: Sinistcha|112/254|[from] drain|[of] p1a: Ludicolo\n|\n|-weather|RainDance|[upkeep]\n|-heal|p2a: Sinistcha|127/254|[from] item: Leftovers\n|upkeep\n|turn|4\n|inactive|charizardrekt has 120 seconds left.\n|\n|t:|1781402781\n|switch|p2a: Politoed|Politoed, L88, F|302/302\n|move|p1a: Ludicolo|Ice Beam|p2a: Politoed\n|-resisted|p2a: Politoed\n|-damage|p2a: Politoed|266/302\n|-damage|p1a: Ludicolo|153/290|[from] item: Life Orb\n|\n|-weather|RainDance|[upkeep]\n|upkeep\n|turn|5\n|\n|t:|1781402786\n|move|p1a: Ludicolo|Giga Drain|p2a: Politoed\n|-supereffective|p2a: Politoed\n|-crit|p2a: Politoed\n|-damage|p2a: Politoed|0 fnt\n|-heal|p1a: Ludicolo|286/290|[from] drain|[of] p2a: Politoed\n|faint|p2a: Politoed\n|-damage|p1a: Ludicolo|257/290|[from] item: Life Orb\n|\n|-weather|RainDance|[upkeep]\n|upkeep\n|\n|t:|1781402805\n|switch|p2a: Sinistcha|Sinistcha, L83|127/254\n|turn|6\n|\n|t:|1781402810\n|-terastallize|p2a: Sinistcha|Steel\n|move|p1a: Ludicolo|Ice Beam|p2a: Sinistcha\n|-resisted|p2a: Sinistcha\n|-crit|p2a: Sinistcha\n|-damage|p2a: Sinistcha|50/254\n|-damage|p1a: Ludicolo|228/290|[from] item: Life Orb\n|move|p2a: Sinistcha|Strength Sap|p1a: Ludicolo\n|-unboost|p1a: Ludicolo|atk|1\n|-heal|p2a: Sinistcha|181/254\n|\n|-weather|none\n|-heal|p2a: Sinistcha|196/254|[from] item: Leftovers\n|upkeep\n|turn|7\n|\n|t:|1781402824\n|move|p1a: Ludicolo|Hydro Pump|p2a: Sinistcha|[miss]\n|-miss|p1a: Ludicolo|p2a: Sinistcha\n|move|p2a: Sinistcha|Calm Mind|p2a: Sinistcha\n|-boost|p2a: Sinistcha|spa|1\n|-boost|p2a: Sinistcha|spd|1\n|\n|-heal|p2a: Sinistcha|211/254|[from] item: Leftovers\n|upkeep\n|turn|8\n|\n|t:|1781402828\n|switch|p1a: Emboar|Emboar, L84, M|322/322\n|move|p2a: Sinistcha|Calm Mind|p2a: Sinistcha\n|-boost|p2a: Sinistcha|spa|1\n|-boost|p2a: Sinistcha|spd|1\n|\n|-heal|p2a: Sinistcha|226/254|[from] item: Leftovers\n|upkeep\n|turn|9\n|\n|t:|1781402839\n|move|p2a: Sinistcha|Strength Sap|p1a: Emboar\n|-unboost|p1a: Emboar|atk|1\n|-heal|p2a: Sinistcha|254/254\n|move|p1a: Emboar|Drain Punch|p2a: Sinistcha\n|-supereffective|p2a: Sinistcha\n|-damage|p2a: Sinistcha|146/254\n|\n|-heal|p2a: Sinistcha|161/254|[from] item: Leftovers\n|upkeep\n|turn|10\n|\n|t:|1781402852\n|move|p2a: Sinistcha|Strength Sap|p1a: Emboar\n|-unboost|p1a: Emboar|atk|1\n|-heal|p2a: Sinistcha|254/254\n|move|p1a: Emboar|Trailblaze|p2a: Sinistcha\n|-resisted|p2a: Sinistcha\n|-damage|p2a: Sinistcha|245/254\n|-boost|p1a: Emboar|spe|1\n|\n|-heal|p2a: Sinistcha|254/254|[from] item: Leftovers\n|upkeep\n|turn|11\n|\n|t:|1781402860\n|switch|p1a: Ursaring|Ursaring, L84, F|288/288\n|move|p2a: Sinistcha|Shadow Ball|p1a: Ursaring\n|-immune|p1a: Ursaring\n|\n|upkeep\n|turn|12\n|\n|t:|1781402866\n|move|p2a: Sinistcha|Strength Sap|p1a: Ursaring\n|-unboost|p1a: Ursaring|atk|1\n|move|p1a: Ursaring|Earthquake|p2a: Sinistcha\n|-supereffective|p2a: Sinistcha\n|-damage|p2a: Sinistcha|140/254\n|\n|-heal|p2a: Sinistcha|155/254|[from] item: Leftovers\n|upkeep\n|turn|13\n|\n|t:|1781402878\n|move|p2a: Sinistcha|Strength Sap|p1a: Ursaring\n|-unboost|p1a: Ursaring|atk|1\n|-heal|p2a: Sinistcha|254/254\n|move|p1a: Ursaring|Earthquake|p2a: Sinistcha\n|-supereffective|p2a: Sinistcha\n|-damage|p2a: Sinistcha|182/254\n|\n|-heal|p2a: Sinistcha|197/254|[from] item: Leftovers\n|upkeep\n|turn|14\n|\n|t:|1781402883\n|move|p2a: Sinistcha|Matcha Gotcha|p1a: Ursaring\n|-damage|p1a: Ursaring|150/288\n|-heal|p2a: Sinistcha|254/254|[from] drain|[of] p1a: Ursaring\n|-status|p1a: Ursaring|brn\n|move|p1a: Ursaring|Earthquake|p2a: Sinistcha\n|-supereffective|p2a: Sinistcha\n|-damage|p2a: Sinistcha|144/254\n|\n|-heal|p2a: Sinistcha|159/254|[from] item: Leftovers\n|-damage|p1a: Ursaring|132/288 brn|[from] brn\n|upkeep\n|turn|15\n|\n|t:|1781402893\n|move|p2a: Sinistcha|Matcha Gotcha|p1a: Ursaring|[miss]\n|-miss|p2a: Sinistcha|p1a: Ursaring\n|move|p1a: Ursaring|Body Slam|p2a: Sinistcha\n|-resisted|p2a: Sinistcha\n|-damage|p2a: Sinistcha|123/254\n|\n|-heal|p2a: Sinistcha|138/254|[from] item: Leftovers\n|-damage|p1a: Ursaring|114/288 brn|[from] brn\n|upkeep\n|turn|16\n|\n|t:|1781402904\n|move|p2a: Sinistcha|Matcha Gotcha|p1a: Ursaring\n|-damage|p1a: Ursaring|0 fnt\n|-heal|p2a: Sinistcha|195/254|[from] drain|[of] p1a: Ursaring\n|faint|p1a: Ursaring\n|\n|-heal|p2a: Sinistcha|210/254|[from] item: Leftovers\n|upkeep\n|\n|t:|1781402927\n|switch|p1a: Ludicolo|Ludicolo, L90, F|228/290\n|turn|17\n|\n|t:|1781402931\n|move|p1a: Ludicolo|Rain Dance|p1a: Ludicolo\n|-weather|RainDance\n|move|p2a: Sinistcha|Shadow Ball|p1a: Ludicolo\n|-crit|p1a: Ludicolo\n|-damage|p1a: Ludicolo|0 fnt\n|faint|p1a: Ludicolo\n|\n|-weather|RainDance|[upkeep]\n|-heal|p2a: Sinistcha|225/254|[from] item: Leftovers\n|upkeep\n|\n|t:|1781402942\n|switch|p1a: Arceus|Arceus, L68|276/276\n|turn|18\n|\n|t:|1781402948\n|switch|p1a: Vespiquen|Vespiquen, L99, F|299/299\n|-ability|p1a: Vespiquen|Pressure\n|move|p2a: Sinistcha|Matcha Gotcha|p1a: Vespiquen\n|-resisted|p1a: Vespiquen\n|-damage|p1a: Vespiquen|258/299\n|-heal|p2a: Sinistcha|246/254|[from] drain|[of] p1a: Vespiquen\n|-status|p1a: Vespiquen|brn\n|\n|-weather|RainDance|[upkeep]\n|-heal|p2a: Sinistcha|254/254|[from] item: Leftovers\n|-damage|p1a: Vespiquen|240/299 brn|[from] brn\n|upkeep\n|turn|19\n|\n|t:|1781402956\n|move|p2a: Sinistcha|Shadow Ball|p1a: Vespiquen\n|-damage|p1a: Vespiquen|80/299 brn\n|move|p1a: Vespiquen|U-turn|p2a: Sinistcha\n|-resisted|p2a: Sinistcha\n|-damage|p2a: Sinistcha|233/254\n|\n|t:|1781402962\n|switch|p1a: Emboar|Emboar, L84, M|322/322|[from] U-turn\n|\n|-weather|RainDance|[upkeep]\n|-heal|p2a: Sinistcha|248/254|[from] item: Leftovers\n|upkeep\n|turn|20\n|\n|t:|1781402969\n|move|p2a: Sinistcha|Strength Sap|p1a: Emboar\n|-unboost|p1a: Emboar|atk|1\n|-heal|p2a: Sinistcha|254/254\n|move|p1a: Emboar|Trailblaze|p2a: Sinistcha\n|-resisted|p2a: Sinistcha\n|-damage|p2a: Sinistcha|243/254\n|-boost|p1a: Emboar|spe|1\n|\n|-weather|RainDance|[upkeep]\n|-heal|p2a: Sinistcha|254/254|[from] item: Leftovers\n|upkeep\n|turn|21\n|\n|t:|1781402974\n|move|p1a: Emboar|Drain Punch|p2a: Sinistcha\n|-supereffective|p2a: Sinistcha\n|-damage|p2a: Sinistcha|150/254\n|move|p2a: Sinistcha|Strength Sap|p1a: Emboar\n|-unboost|p1a: Emboar|atk|1\n|-heal|p2a: Sinistcha|254/254\n|\n|-weather|none\n|upkeep\n|turn|22\n|\n|t:|1781402981\n|move|p1a: Emboar|Bulk Up|p1a: Emboar\n|-boost|p1a: Emboar|atk|1\n|-boost|p1a: Emboar|def|1\n|move|p2a: Sinistcha|Shadow Ball|p1a: Emboar\n|-damage|p1a: Emboar|84/322\n|-unboost|p1a: Emboar|spd|1\n|\n|-heal|p1a: Emboar|104/322|[from] item: Leftovers\n|upkeep\n|turn|23\n|\n|t:|1781402984\n|move|p1a: Emboar|Drain Punch|p2a: Sinistcha\n|-supereffective|p2a: Sinistcha\n|-damage|p2a: Sinistcha|140/254\n|-heal|p1a: Emboar|161/322|[from] drain|[of] p2a: Sinistcha\n|move|p2a: Sinistcha|Shadow Ball|p1a: Emboar\n|-damage|p1a: Emboar|0 fnt\n|faint|p1a: Emboar\n|\n|-heal|p2a: Sinistcha|155/254|[from] item: Leftovers\n|upkeep\n|-message|Elcosito69 forfeited.\n|\n|win|charizardrekt\n|raw|Elcosito69's rating: 1694 &rarr; <strong>1677</strong><br />(-17 for losing)\n|raw|charizardrekt's rating: 1744 &rarr; <strong>1761</strong><br />(+17 for winning)\n|l|\u2606Elcosito69\n|player|p1|\n", "uploadtime": 1781403001, "views": 4, "formatid": "gen9randombattle", "rating": 1677, "private": 0, "password": null}