{"id": "gen9randombattle-2631450530", "format": "[Gen 9] Random Battle", "players": ["SnorlaxMunchies", "Decadegen"], "log": "|j|\u2606SnorlaxMunchies\n|j|\u2606Decadegen\n|t:|1781386177\n|gametype|singles\n|player|p1|SnorlaxMunchies|baker|1677\n|player|p2|Decadegen|170|1653\n|gen|9\n|tier|[Gen 9] Random Battle\n|rated|\n|rule|Species Clause: Limit one of each Pok\u00e9mon\n|rule|HP Percentage Mod: HP is shown in percentages\n|rule|Sleep Clause Mod: Limit one foe put to sleep\n|rule|Illusion Level Mod: Illusion disguises the Pok\u00e9mon's true level\n|\n|t:|1781386177\n|teamsize|p1|6\n|teamsize|p2|6\n|start\n|switch|p1a: Sunflora|Sunflora, M|312/312\n|switch|p2a: Charizard|Charizard, L85, F|271/271\n|turn|1\n|inactive|Battle timer is ON: inactive players will automatically lose when time's up. (requested by SnorlaxMunchies)\n|\n|t:|1781386189\n|switch|p1a: Blaziken|Blaziken, L76, M|247/247\n|move|p2a: Charizard|Flamethrower|p1a: Blaziken\n|-resisted|p1a: Blaziken\n|-damage|p1a: Blaziken|178/247\n|\n|upkeep\n|turn|2\n|\n|t:|1781386197\n|move|p2a: Charizard|Hurricane|p1a: Blaziken\n|-supereffective|p1a: Blaziken\n|-crit|p1a: Blaziken\n|-damage|p1a: Blaziken|0 fnt\n|faint|p1a: Blaziken\n|\n|upkeep\n|\n|t:|1781386203\n|switch|p1a: Duraludon|Duraludon, L82, F|249/249\n|turn|3\n|\n|t:|1781386223\n|move|p2a: Charizard|Flamethrower|p1a: Duraludon\n|-damage|p1a: Duraludon|141/249\n|move|p1a: Duraludon|Thunder Wave|p2a: Charizard\n|-status|p2a: Charizard|par\n|\n|upkeep\n|turn|4\n|\n|t:|1781386233\n|move|p1a: Duraludon|Draco Meteor|p2a: Charizard|[miss]\n|-miss|p1a: Duraludon|p2a: Charizard\n|move|p2a: Charizard|Earthquake|p1a: Duraludon\n|-supereffective|p1a: Duraludon\n|-damage|p1a: Duraludon|73/249\n|\n|upkeep\n|turn|5\n|\n|t:|1781386240\n|move|p1a: Duraludon|Draco Meteor|p2a: Charizard\n|-damage|p2a: Charizard|123/271 par\n|-unboost|p1a: Duraludon|spa|2\n|move|p2a: Charizard|Flamethrower|p1a: Duraludon\n|-damage|p1a: Duraludon|0 fnt\n|faint|p1a: Duraludon\n|\n|upkeep\n|\n|t:|1781386252\n|switch|p1a: Sawsbuck|Sawsbuck-Winter, L88, F|284/284\n|turn|6\n|\n|t:|1781386256\n|move|p1a: Sawsbuck|Headbutt|p2a: Charizard\n|-damage|p2a: Charizard|1/271 par\n|-damage|p1a: Sawsbuck|256/284|[from] item: Life Orb\n|cant|p2a: Charizard|flinch\n|\n|upkeep\n|turn|7\n|\n|t:|1781386263\n|move|p1a: Sawsbuck|Horn Leech|p2a: Charizard\n|-resisted|p2a: Charizard\n|-damage|p2a: Charizard|0 fnt\n|-heal|p1a: Sawsbuck|257/284|[from] drain|[of] p2a: Charizard\n|faint|p2a: Charizard\n|-damage|p1a: Sawsbuck|229/284|[from] item: Life Orb\n|\n|upkeep\n|\n|t:|1781386267\n|switch|p2a: Araquanid|Araquanid, L82, M|246/246\n|turn|8\n|\n|t:|1781386274\n|move|p1a: Sawsbuck|Swords Dance|p1a: Sawsbuck\n|-boost|p1a: Sawsbuck|atk|2\n|move|p2a: Araquanid|Sticky Web|p1a: Sawsbuck\n|-sidestart|p1: SnorlaxMunchies|move: Sticky Web\n|\n|upkeep\n|turn|9\n|\n|t:|1781386280\n|move|p1a: Sawsbuck|Headbutt|p2a: Araquanid\n|-damage|p2a: Araquanid|43/246\n|-damage|p1a: Sawsbuck|201/284|[from] item: Life Orb\n|move|p2a: Araquanid|Leech Life|p1a: Sawsbuck\n|-supereffective|p1a: Sawsbuck\n|-damage|p1a: Sawsbuck|45/284\n|-heal|p2a: Araquanid|121/246|[from] drain|[of] p1a: Sawsbuck\n|\n|upkeep\n|turn|10\n|\n|t:|1781386289\n|move|p1a: Sawsbuck|Horn Leech|p2a: Araquanid\n|-damage|p2a: Araquanid|0 fnt\n|-heal|p1a: Sawsbuck|106/284|[from] drain|[of] p2a: Araquanid\n|faint|p2a: Araquanid\n|-damage|p1a: Sawsbuck|78/284|[from] item: Life Orb\n|\n|upkeep\n|\n|t:|1781386295\n|switch|p2a: Lumineon|Lumineon, L93, M|279/279\n|turn|11\n|\n|t:|1781386300\n|move|p2a: Lumineon|Ice Beam|p1a: Sawsbuck\n|-supereffective|p1a: Sawsbuck\n|-damage|p1a: Sawsbuck|0 fnt\n|faint|p1a: Sawsbuck\n|\n|upkeep\n|\n|t:|1781386306\n|switch|p1a: Froslass|Froslass, L87, F|263/263\n|-activate|p1a: Froslass|move: Sticky Web\n|-unboost|p1a: Froslass|spe|1\n|turn|12\n|\n|t:|1781386316\n|move|p2a: Lumineon|Encore||[still]\n|-fail|p2a: Lumineon\n|move|p1a: Froslass|Poltergeist|p2a: Lumineon\n|-activate|p2a: Lumineon|move: Poltergeist|Heavy-Duty Boots\n|-damage|p2a: Lumineon|173/279\n|\n|upkeep\n|turn|13\n|\n|t:|1781386325\n|move|p2a: Lumineon|U-turn|p1a: Froslass\n|-resisted|p1a: Froslass\n|-crit|p1a: Froslass\n|-damage|p1a: Froslass|226/263\n|\n|t:|1781386330\n|switch|p2a: Arceus|Arceus-Bug, L73|295/295|[from] U-turn\n|move|p1a: Froslass|Poltergeist|p2a: Arceus\n|-activate|p2a: Arceus|move: Poltergeist|Insect Plate\n|-damage|p2a: Arceus|193/295\n|\n|upkeep\n|turn|14\n|\n|t:|1781386338\n|move|p2a: Arceus|Fire Blast|p1a: Froslass\n|-supereffective|p1a: Froslass\n|-damage|p1a: Froslass|52/263\n|move|p1a: Froslass|Taunt|p2a: Arceus\n|-start|p2a: Arceus|move: Taunt\n|\n|upkeep\n|turn|15\n|\n|t:|1781386346\n|move|p2a: Arceus|Fire Blast|p1a: Froslass\n|-supereffective|p1a: Froslass\n|-damage|p1a: Froslass|0 fnt\n|faint|p1a: Froslass\n|\n|upkeep\n|\n|t:|1781386353\n|switch|p1a: Noctowl|Noctowl, L95, M|344/344\n|turn|16\n|\n|t:|1781386363\n|move|p2a: Arceus|Fire Blast|p1a: Noctowl\n|-damage|p1a: Noctowl|287/344\n|move|p1a: Noctowl|Calm Mind|p1a: Noctowl\n|-boost|p1a: Noctowl|spa|1\n|-boost|p1a: Noctowl|spd|1\n|\n|upkeep\n|turn|17\n|\n|t:|1781386377\n|switch|p2a: Lumineon|Lumineon, L93, M|173/279\n|move|p1a: Noctowl|Hurricane|p2a: Lumineon|[miss]\n|-miss|p1a: Noctowl|p2a: Lumineon\n|\n|upkeep\n|turn|18\n|\n|t:|1781386384\n|-terastallize|p1a: Noctowl|Normal\n|move|p2a: Lumineon|Ice Beam|p1a: Noctowl\n|-damage|p1a: Noctowl|255/344\n|move|p1a: Noctowl|Hyper Voice|p2a: Lumineon\n|-damage|p2a: Lumineon|0 fnt\n|faint|p2a: Lumineon\n|\n|upkeep\n|\n|t:|1781386388\n|switch|p2a: Mew|Mew, L82|298/298\n|turn|19\n|\n|t:|1781386395\n|-terastallize|p2a: Mew|Fighting\n|move|p2a: Mew|Aura Sphere|p1a: Noctowl\n|-supereffective|p1a: Noctowl\n|-damage|p1a: Noctowl|135/344\n|-damage|p2a: Mew|269/298|[from] item: Life Orb\n|move|p1a: Noctowl|Hyper Voice|p2a: Mew\n|-damage|p2a: Mew|67/298\n|\n|upkeep\n|turn|20\n|\n|t:|1781386410\n|move|p2a: Mew|Nasty Plot|p2a: Mew\n|-boost|p2a: Mew|spa|2\n|move|p1a: Noctowl|Roost|p1a: Noctowl\n|-heal|p1a: Noctowl|307/344\n|\n|upkeep\n|turn|21\n|\n|t:|1781386416\n|move|p2a: Mew|Aura Sphere|p1a: Noctowl\n|-supereffective|p1a: Noctowl\n|-damage|p1a: Noctowl|50/344\n|-damage|p2a: Mew|38/298|[from] item: Life Orb\n|move|p1a: Noctowl|Hyper Voice|p2a: Mew\n|-damage|p2a: Mew|0 fnt\n|faint|p2a: Mew\n|\n|upkeep\n|\n|t:|1781386427\n|switch|p2a: Arceus|Arceus-Bug, L73|193/295\n|turn|22\n|\n|t:|1781386436\n|move|p2a: Arceus|Judgment|p1a: Noctowl\n|-damage|p1a: Noctowl|0 fnt\n|faint|p1a: Noctowl\n|\n|upkeep\n|\n|t:|1781386441\n|switch|p1a: Sunflora|Sunflora, M|312/312\n|-activate|p1a: Sunflora|move: Sticky Web\n|-unboost|p1a: Sunflora|spe|1\n|turn|23\n|\n|t:|1781386446\n|move|p2a: Arceus|Judgment|p1a: Sunflora\n|-supereffective|p1a: Sunflora\n|-damage|p1a: Sunflora|96/312\n|move|p1a: Sunflora|Sludge Bomb|p2a: Arceus\n|-damage|p2a: Arceus|59/295\n|\n|upkeep\n|turn|24\n|-message|SnorlaxMunchies forfeited.\n|\n|win|Decadegen\n|raw|SnorlaxMunchies's rating: 1677 &rarr; <strong>1656</strong><br />(-21 for losing)\n|raw|Decadegen's rating: 1653 &rarr; <strong>1674</strong><br />(+21 for winning)\n|l|\u2606SnorlaxMunchies\n|player|p1|\n", "uploadtime": 1781386455, "views": 3, "formatid": "gen9randombattle", "rating": 1656, "private": 0, "password": null}