{"id": "gen9randombattle-2631777647", "format": "[Gen 9] Random Battle", "players": ["JayClaw", "Tuki VN"], "log": "|j|\u2606JayClaw\n|j|\u2606Tuki VN\n|t:|1781438129\n|gametype|singles\n|player|p1|JayClaw|red|2018\n|player|p2|Tuki VN|lance-gen1rb|2014\n|gen|9\n|tier|[Gen 9] Random Battle\n|rated|\n|rule|Species Clause: Limit one of each Pok\u00e9mon\n|rule|HP Percentage Mod: HP is shown in percentages\n|rule|Sleep Clause Mod: Limit one foe put to sleep\n|rule|Illusion Level Mod: Illusion disguises the Pok\u00e9mon's true level\n|\n|t:|1781438129\n|teamsize|p1|6\n|teamsize|p2|6\n|start\n|switch|p1a: Oranguru|Oranguru, L92, F|315/315\n|switch|p2a: Terapagos|Terapagos, L77, F|265/265\n|-activate|p2a: Terapagos|ability: Tera Shift\n|detailschange|p2a: Terapagos|Terapagos-Terastal, L77, F\n|-heal|p2a: Terapagos|273/273|[silent]\n|turn|1\n|\n|t:|1781438168\n|switch|p1a: Snorlax|Snorlax, L82, M|397/397\n|move|p2a: Terapagos|Calm Mind|p2a: Terapagos\n|-boost|p2a: Terapagos|spa|1\n|-boost|p2a: Terapagos|spd|1\n|\n|upkeep\n|turn|2\n|\n|t:|1781438177\n|switch|p2a: Kleavor|Kleavor, L78, M|237/237\n|move|p1a: Snorlax|Body Slam|p2a: Kleavor\n|-resisted|p2a: Kleavor\n|-damage|p2a: Kleavor|185/237\n|-status|p2a: Kleavor|par\n|\n|upkeep\n|turn|3\n|\n|t:|1781438187\n|switch|p1a: Forretress|Forretress, L84, M|263/263\n|cant|p2a: Kleavor|par\n|\n|upkeep\n|turn|4\n|\n|t:|1781438197\n|switch|p2a: Grumpig|Grumpig, L92, M|297/297\n|move|p1a: Forretress|Stealth Rock|p2a: Grumpig\n|-sidestart|p2: Tuki VN|move: Stealth Rock\n|\n|upkeep\n|turn|5\n|\n|t:|1781438225\n|switch|p1a: Oranguru|Oranguru, L92, F|315/315\n|move|p2a: Grumpig|Trick|p1a: Oranguru\n|-activate|p2a: Grumpig|move: Trick|[of] p1a: Oranguru\n|-item|p1a: Oranguru|Choice Scarf|[from] move: Trick\n|-item|p2a: Grumpig|Life Orb|[from] move: Trick\n|\n|upkeep\n|turn|6\n|\n|t:|1781438252\n|switch|p1a: Snorlax|Snorlax, L82, M|397/397\n|move|p2a: Grumpig|Focus Blast|p1a: Snorlax\n|-supereffective|p1a: Snorlax\n|-damage|p1a: Snorlax|173/397\n|-damage|p2a: Grumpig|268/297|[from] item: Life Orb\n|\n|-heal|p1a: Snorlax|197/397|[from] item: Leftovers\n|upkeep\n|turn|7\n|\n|t:|1781438266\n|switch|p1a: Oranguru|Oranguru, L92, F|315/315\n|move|p2a: Grumpig|Focus Blast|p1a: Oranguru|[miss]\n|-miss|p2a: Grumpig|p1a: Oranguru\n|\n|upkeep\n|turn|8\n|\n|t:|1781438272\n|move|p1a: Oranguru|Hyper Voice|p2a: Grumpig\n|-damage|p2a: Grumpig|184/297\n|move|p2a: Grumpig|Focus Blast|p1a: Oranguru\n|-damage|p1a: Oranguru|216/315\n|-damage|p2a: Grumpig|155/297|[from] item: Life Orb\n|\n|upkeep\n|turn|9\n|\n|t:|1781438277\n|switch|p2a: Excadrill|Excadrill, L79, F|303/303\n|-damage|p2a: Excadrill|294/303|[from] Stealth Rock\n|-ability|p2a: Excadrill|Mold Breaker\n|move|p1a: Oranguru|Hyper Voice|p2a: Excadrill\n|-resisted|p2a: Excadrill\n|-damage|p2a: Excadrill|226/303\n|\n|-heal|p2a: Excadrill|244/303|[from] item: Leftovers\n|upkeep\n|turn|10\n|\n|t:|1781438287\n|switch|p1a: Wugtrio|Wugtrio, L91, F|212/212\n|move|p2a: Excadrill|Swords Dance|p2a: Excadrill\n|-boost|p2a: Excadrill|atk|2\n|\n|-heal|p2a: Excadrill|262/303|[from] item: Leftovers\n|upkeep\n|turn|11\n|\n|t:|1781438297\n|-terastallize|p2a: Excadrill|Grass\n|move|p1a: Wugtrio|Liquidation|p2a: Excadrill\n|-resisted|p2a: Excadrill\n|-damage|p2a: Excadrill|140/303\n|-unboost|p2a: Excadrill|def|1\n|move|p2a: Excadrill|Earthquake|p1a: Wugtrio\n|-damage|p1a: Wugtrio|0 fnt\n|faint|p1a: Wugtrio\n|\n|-heal|p2a: Excadrill|158/303|[from] item: Leftovers\n|upkeep\n|\n|t:|1781438312\n|switch|p1a: Oranguru|Oranguru, L92, F|216/315\n|turn|12\n|\n|t:|1781438317\n|switch|p2a: Shiftry|Shiftry, L89, F|305/305\n|-damage|p2a: Shiftry|267/305|[from] Stealth Rock\n|move|p1a: Oranguru|Psyshock|p2a: Shiftry\n|-immune|p2a: Shiftry\n|\n|upkeep\n|turn|13\n|\n|t:|1781438332\n|switch|p1a: Iron Hands|Iron Hands, L79|373/373\n|move|p2a: Shiftry|Knock Off|p1a: Iron Hands\n|-resisted|p1a: Iron Hands\n|-crit|p1a: Iron Hands\n|-damage|p1a: Iron Hands|268/373\n|-enditem|p1a: Iron Hands|Leftovers|[from] move: Knock Off|[of] p2a: Shiftry\n|-damage|p2a: Shiftry|237/305|[from] item: Life Orb\n|\n|upkeep\n|turn|14\n|\n|t:|1781438346\n|move|p2a: Shiftry|Will-O-Wisp|p1a: Iron Hands|[miss]\n|-miss|p2a: Shiftry|p1a: Iron Hands\n|move|p1a: Iron Hands|Thunder Punch|p2a: Shiftry\n|-resisted|p2a: Shiftry\n|-damage|p2a: Shiftry|179/305\n|\n|upkeep\n|turn|15\n|j| leoisgay69\n|\n|t:|1781438353\n|move|p2a: Shiftry|Will-O-Wisp|p1a: Iron Hands\n|-status|p1a: Iron Hands|brn\n|move|p1a: Iron Hands|Drain Punch|p2a: Shiftry\n|-supereffective|p2a: Shiftry\n|-damage|p2a: Shiftry|65/305\n|-heal|p1a: Iron Hands|325/373 brn|[from] drain|[of] p2a: Shiftry\n|\n|-damage|p1a: Iron Hands|302/373 brn|[from] brn\n|upkeep\n|turn|16\n|\n|t:|1781438360\n|switch|p2a: Grumpig|Grumpig, L92, M|155/297\n|-damage|p2a: Grumpig|118/297|[from] Stealth Rock\n|move|p1a: Iron Hands|Swords Dance|p1a: Iron Hands\n|-boost|p1a: Iron Hands|atk|2\n|\n|-damage|p1a: Iron Hands|279/373 brn|[from] brn\n|upkeep\n|turn|17\n|\n|t:|1781438365\n|-end|p1a: Iron Hands|Quark Drive|[silent]\n|switch|p1a: Oranguru|Oranguru, L92, F|216/315\n|move|p2a: Grumpig|Psychic|p1a: Oranguru\n|-resisted|p1a: Oranguru\n|-damage|p1a: Oranguru|163/315\n|-damage|p2a: Grumpig|89/297|[from] item: Life Orb\n|\n|upkeep\n|turn|18\n|\n|t:|1781438371\n|move|p1a: Oranguru|Hyper Voice|p2a: Grumpig\n|-damage|p2a: Grumpig|4/297\n|move|p2a: Grumpig|Focus Blast|p1a: Oranguru\n|-damage|p1a: Oranguru|63/315\n|-damage|p2a: Grumpig|0 fnt|[from] item: Life Orb\n|faint|p2a: Grumpig\n|\n|upkeep\n|\n|t:|1781438382\n|switch|p2a: Excadrill|Excadrill, L79, F, tera:Grass|158/303\n|-damage|p2a: Excadrill|121/303|[from] Stealth Rock\n|-ability|p2a: Excadrill|Mold Breaker\n|turn|19\n|\n|t:|1781438388\n|move|p1a: Oranguru|Hyper Voice|p2a: Excadrill\n|-damage|p2a: Excadrill|0 fnt\n|faint|p2a: Excadrill\n|\n|upkeep\n|\n|t:|1781438392\n|switch|p2a: Terapagos|Terapagos-Terastal, L77, F|273/273\n|turn|20\n|\n|t:|1781438408\n|switch|p1a: Snorlax|Snorlax, L82, M|197/397\n|move|p2a: Terapagos|Calm Mind|p2a: Terapagos\n|-boost|p2a: Terapagos|spa|1\n|-boost|p2a: Terapagos|spd|1\n|\n|-heal|p1a: Snorlax|221/397|[from] item: Leftovers\n|upkeep\n|turn|21\n|\n|t:|1781438415\n|move|p2a: Terapagos|Rapid Spin|p1a: Snorlax\n|-damage|p1a: Snorlax|164/397\n|-boost|p2a: Terapagos|spe|1\n|-sideend|p2: Tuki VN|Stealth Rock|[from] move: Rapid Spin|[of] p2a: Terapagos\n|move|p1a: Snorlax|Rest|p1a: Snorlax\n|-status|p1a: Snorlax|slp|[from] move: Rest\n|-heal|p1a: Snorlax|397/397 slp|[silent]\n|\n|upkeep\n|turn|22\n|\n|t:|1781438421\n|move|p2a: Terapagos|Calm Mind|p2a: Terapagos\n|-boost|p2a: Terapagos|spa|1\n|-boost|p2a: Terapagos|spd|1\n|cant|p1a: Snorlax|slp\n|move|p1a: Snorlax|Sleep Talk|p1a: Snorlax\n|move|p1a: Snorlax|Rest||[from] move: Sleep Talk|[still]\n|-fail|p1a: Snorlax\n|\n|upkeep\n|turn|23\n|\n|t:|1781438427\n|move|p2a: Terapagos|Tera Starstorm|p1a: Snorlax\n|-damage|p1a: Snorlax|207/397 slp\n|cant|p1a: Snorlax|slp\n|move|p1a: Snorlax|Sleep Talk|p1a: Snorlax\n|move|p1a: Snorlax|Curse|p1a: Snorlax|[from] move: Sleep Talk\n|-unboost|p1a: Snorlax|spe|1\n|-boost|p1a: Snorlax|atk|1\n|-boost|p1a: Snorlax|def|1\n|\n|-heal|p1a: Snorlax|231/397 slp|[from] item: Leftovers\n|upkeep\n|turn|24\n|\n|t:|1781438436\n|move|p2a: Terapagos|Calm Mind|p2a: Terapagos\n|-boost|p2a: Terapagos|spa|1\n|-boost|p2a: Terapagos|spd|1\n|-curestatus|p1a: Snorlax|slp|[msg]\n|move|p1a: Snorlax|Rest|p1a: Snorlax\n|-status|p1a: Snorlax|slp|[from] move: Rest\n|-heal|p1a: Snorlax|397/397 slp|[silent]\n|\n|upkeep\n|turn|25\n|\n|t:|1781438439\n|move|p2a: Terapagos|Tera Starstorm|p1a: Snorlax\n|-damage|p1a: Snorlax|135/397 slp\n|cant|p1a: Snorlax|slp\n|move|p1a: Snorlax|Sleep Talk|p1a: Snorlax\n|move|p1a: Snorlax|Rest||[from] move: Sleep Talk|[still]\n|-fail|p1a: Snorlax\n|\n|-heal|p1a: Snorlax|159/397 slp|[from] item: Leftovers\n|upkeep\n|turn|26\n|\n|t:|1781438452\n|move|p2a: Terapagos|Tera Starstorm|p1a: Snorlax\n|-damage|p1a: Snorlax|0 fnt\n|faint|p1a: Snorlax\n|\n|upkeep\n|\n|t:|1781438456\n|switch|p1a: Probopass|Probopass, L91, F|257/257\n|turn|27\n|\n|t:|1781438476\n|switch|p1a: Iron Hands|Iron Hands, L79|279/373 brn\n|move|p2a: Terapagos|Dark Pulse|p1a: Iron Hands\n|-resisted|p1a: Iron Hands\n|-damage|p1a: Iron Hands|198/373 brn\n|\n|-damage|p1a: Iron Hands|175/373 brn|[from] brn\n|upkeep\n|turn|28\n|\n|t:|1781438483\n|move|p2a: Terapagos|Tera Starstorm|p1a: Iron Hands\n|-damage|p1a: Iron Hands|0 fnt\n|faint|p1a: Iron Hands\n|-end|p1a: Iron Hands|Quark Drive|[silent]\n|\n|upkeep\n|\n|t:|1781438485\n|switch|p1a: Probopass|Probopass, L91, F|257/257\n|turn|29\n|\n|t:|1781438491\n|move|p2a: Terapagos|Tera Starstorm|p1a: Probopass\n|-resisted|p1a: Probopass\n|-damage|p1a: Probopass|216/257\n|move|p1a: Probopass|Iron Defense|p1a: Probopass\n|-boost|p1a: Probopass|def|2\n|\n|upkeep\n|turn|30\n|\n|t:|1781438496\n|move|p2a: Terapagos|Dark Pulse|p1a: Probopass\n|-damage|p1a: Probopass|134/257\n|cant|p1a: Probopass|flinch\n|\n|upkeep\n|turn|31\n|\n|t:|1781438505\n|switch|p2a: Shiftry|Shiftry, L89, F|65/305\n|move|p1a: Probopass|Rest|p1a: Probopass\n|-status|p1a: Probopass|slp|[from] move: Rest\n|-heal|p1a: Probopass|257/257 slp|[silent]\n|-enditem|p1a: Probopass|Chesto Berry|[eat]\n|-curestatus|p1a: Probopass|slp|[msg]\n|\n|upkeep\n|turn|32\n|\n|t:|1781438513\n|move|p2a: Shiftry|Leaf Storm|p1a: Probopass\n|-damage|p1a: Probopass|140/257\n|-unboost|p2a: Shiftry|spa|2\n|-damage|p2a: Shiftry|35/305|[from] item: Life Orb\n|move|p1a: Probopass|Body Press|p2a: Shiftry\n|-supereffective|p2a: Shiftry\n|-damage|p2a: Shiftry|0 fnt\n|faint|p2a: Shiftry\n|\n|upkeep\n|\n|t:|1781438519\n|switch|p2a: Miraidon|Miraidon, L65|238/238\n|-fieldstart|move: Electric Terrain|[from] ability: Hadron Engine|[of] p2a: Miraidon\n|turn|33\n|\n|t:|1781438525\n|switch|p1a: Forretress|Forretress, L84, M|263/263\n|move|p2a: Miraidon|Electro Drift|p1a: Forretress\n|-crit|p1a: Forretress\n|-ability|p1a: Forretress|Sturdy\n|-damage|p1a: Forretress|1/263\n|-damage|p2a: Miraidon|215/238|[from] item: Life Orb\n|\n|-heal|p1a: Forretress|17/263|[from] item: Leftovers\n|upkeep\n|turn|34\n|\n|t:|1781438533\n|move|p2a: Miraidon|Electro Drift|p1a: Forretress\n|-damage|p1a: Forretress|0 fnt\n|faint|p1a: Forretress\n|-damage|p2a: Miraidon|192/238|[from] item: Life Orb\n|\n|upkeep\n|j| MeantMage\n|\n|t:|1781438536\n|switch|p1a: Oranguru|Oranguru, L92, F|63/315\n|turn|35\n|\n|t:|1781438560\n|switch|p2a: Kleavor|Kleavor, L78, M|185/237 par\n|-terastallize|p1a: Oranguru|Normal\n|move|p1a: Oranguru|Hyper Voice|p2a: Kleavor\n|-resisted|p2a: Kleavor\n|-damage|p2a: Kleavor|94/237 par\n|\n|upkeep\n|turn|36\n|\n|t:|1781438569\n|move|p1a: Oranguru|Hyper Voice|p2a: Kleavor\n|-resisted|p2a: Kleavor\n|-damage|p2a: Kleavor|1/237 par\n|move|p2a: Kleavor|Stone Axe|p1a: Oranguru\n|-damage|p1a: Oranguru|0 fnt\n|-sidestart|p1: JayClaw|move: Stealth Rock\n|faint|p1a: Oranguru\n|\n|upkeep\n|\n|t:|1781438575\n|switch|p1a: Probopass|Probopass, L91, F|140/257\n|-damage|p1a: Probopass|124/257|[from] Stealth Rock\n|turn|37\n|\n|t:|1781438582\n|move|p1a: Probopass|Iron Defense|p1a: Probopass\n|-boost|p1a: Probopass|def|2\n|move|p2a: Kleavor|Close Combat|p1a: Probopass\n|-supereffective|p1a: Probopass\n|-damage|p1a: Probopass|0 fnt\n|-unboost|p2a: Kleavor|def|1\n|-unboost|p2a: Kleavor|spd|1\n|faint|p1a: Probopass\n|\n|win|Tuki VN\n", "uploadtime": 1781438132, "views": 6, "formatid": "gen9randombattle", "rating": null, "private": 0, "password": null}