{"id": "gen9randombattle-2631495074", "format": "[Gen 9] Random Battle", "players": ["jlgr123", "el Mush-o"], "log": "|j|\u2606jlgr123\n|j|\u2606el Mush-o\n|t:|1781392249\n|gametype|singles\n|player|p1|jlgr123|102|1925\n|player|p2|el Mush-o|unknown|1916\n|gen|9\n|tier|[Gen 9] Random Battle\n|rated|\n|rule|Species Clause: Limit one of each Pok\u00e9mon\n|rule|HP Percentage Mod: HP is shown in percentages\n|rule|Sleep Clause Mod: Limit one foe put to sleep\n|rule|Illusion Level Mod: Illusion disguises the Pok\u00e9mon's true level\n|\n|t:|1781392249\n|teamsize|p1|6\n|teamsize|p2|6\n|start\n|switch|p1a: Charizard|Charizard, L85, M|271/271\n|switch|p2a: Talonflame|Talonflame, L83, F|265/265\n|turn|1\n|inactive|Battle timer is ON: inactive players will automatically lose when time's up. (requested by jlgr123)\n|\n|t:|1781392276\n|switch|p2a: Mightyena|Mightyena, L96, M|290/290\n|-ability|p2a: Mightyena|Intimidate|boost\n|-unboost|p1a: Charizard|atk|1\n|move|p1a: Charizard|Swords Dance|p1a: Charizard\n|-boost|p1a: Charizard|atk|2\n|\n|upkeep\n|turn|2\n|\n|t:|1781392287\n|move|p1a: Charizard|Flare Blitz|p2a: Mightyena\n|-damage|p2a: Mightyena|121/290\n|-status|p2a: Mightyena|brn\n|-damage|p1a: Charizard|215/271|[from] Recoil\n|move|p2a: Mightyena|Poison Fang|p1a: Charizard\n|-damage|p1a: Charizard|192/271\n|-status|p1a: Charizard|tox\n|\n|-damage|p1a: Charizard|176/271 tox|[from] psn\n|-damage|p2a: Mightyena|103/290 brn|[from] brn\n|upkeep\n|turn|3\n|\n|t:|1781392305\n|switch|p2a: Arcanine|Arcanine, L84, F|288/288\n|-ability|p2a: Arcanine|Intimidate|boost\n|-unboost|p1a: Charizard|atk|1\n|move|p1a: Charizard|Swords Dance|p1a: Charizard\n|-boost|p1a: Charizard|atk|2\n|\n|-damage|p1a: Charizard|144/271 tox|[from] psn\n|upkeep\n|turn|4\n|\n|t:|1781392316\n|switch|p2a: Mightyena|Mightyena, L96, M|103/290 brn\n|-ability|p2a: Mightyena|Intimidate|boost\n|-unboost|p1a: Charizard|atk|1\n|move|p1a: Charizard|Outrage|p2a: Mightyena\n|-damage|p2a: Mightyena|0 fnt\n|faint|p2a: Mightyena\n|\n|-damage|p1a: Charizard|96/271 tox|[from] psn\n|upkeep\n|\n|t:|1781392339\n|switch|p2a: Mandibuzz|Mandibuzz, L85, F|326/326\n|turn|5\n|\n|t:|1781392342\n|move|p1a: Charizard|Outrage|p2a: Mandibuzz|[from] lockedmove\n|-damage|p2a: Mandibuzz|218/326\n|move|p2a: Mandibuzz|Foul Play|p1a: Charizard\n|-damage|p1a: Charizard|0 fnt\n|faint|p1a: Charizard\n|\n|upkeep\n|\n|t:|1781392363\n|switch|p1a: Minior|Minior, L79|224/224\n|-formechange|p1a: Minior|Minior-Meteor||[from] ability: Shields Down\n|turn|6\n|\n|t:|1781392382\n|switch|p2a: Arcanine|Arcanine, L84, F|288/288\n|-ability|p2a: Arcanine|Intimidate|boost\n|-unboost|p1a: Minior|atk|1\n|-enditem|p1a: Minior|White Herb\n|-clearnegativeboost|p1a: Minior|[silent]\n|move|p1a: Minior|Shell Smash|p1a: Minior\n|-unboost|p1a: Minior|def|1\n|-unboost|p1a: Minior|spd|1\n|-boost|p1a: Minior|atk|2\n|-boost|p1a: Minior|spa|2\n|-boost|p1a: Minior|spe|2\n|\n|upkeep\n|turn|7\n|\n|t:|1781392393\n|move|p1a: Minior|Shell Smash|p1a: Minior\n|-unboost|p1a: Minior|def|1\n|-unboost|p1a: Minior|spd|1\n|-boost|p1a: Minior|atk|2\n|-boost|p1a: Minior|spa|2\n|-boost|p1a: Minior|spe|2\n|move|p2a: Arcanine|Roar|p1a: Minior\n|drag|p1a: Blastoise|Blastoise, L80, M|258/258\n|\n|upkeep\n|turn|8\n|\n|t:|1781392403\n|switch|p2a: Ampharos|Ampharos, L88, F|302/302\n|move|p1a: Blastoise|Hydro Pump|p2a: Ampharos\n|-damage|p2a: Ampharos|238/302\n|\n|upkeep\n|turn|9\n|\n|t:|1781392412\n|-terastallize|p1a: Blastoise|Ground\n|move|p1a: Blastoise|Shell Smash|p1a: Blastoise\n|-unboost|p1a: Blastoise|def|1\n|-unboost|p1a: Blastoise|spd|1\n|-boost|p1a: Blastoise|atk|2\n|-boost|p1a: Blastoise|spa|2\n|-boost|p1a: Blastoise|spe|2\n|-enditem|p1a: Blastoise|White Herb\n|-clearnegativeboost|p1a: Blastoise|[silent]\n|move|p2a: Ampharos|Discharge|p1a: Blastoise\n|-immune|p1a: Blastoise\n|\n|upkeep\n|turn|10\n|\n|t:|1781392431\n|switch|p2a: Mandibuzz|Mandibuzz, L85, F|218/326\n|move|p1a: Blastoise|Hydro Pump|p2a: Mandibuzz\n|-damage|p2a: Mandibuzz|32/326\n|\n|upkeep\n|turn|11\n|\n|t:|1781392439\n|move|p1a: Blastoise|Ice Beam|p2a: Mandibuzz\n|-supereffective|p2a: Mandibuzz\n|-damage|p2a: Mandibuzz|0 fnt\n|faint|p2a: Mandibuzz\n|\n|upkeep\n|inactive|el Mush-o has 120 seconds left.\n|\n|t:|1781392470\n|switch|p2a: Gumshoos|Gumshoos, L95, F|321/321\n|turn|12\n|inactive|el Mush-o has 120 seconds left.\n|\n|t:|1781392487\n|-terastallize|p2a: Gumshoos|Normal\n|move|p1a: Blastoise|Earthquake|p2a: Gumshoos\n|-damage|p2a: Gumshoos|120/321\n|move|p2a: Gumshoos|Double-Edge|p1a: Blastoise\n|-crit|p1a: Blastoise\n|-damage|p1a: Blastoise|0 fnt\n|faint|p1a: Blastoise\n|-damage|p2a: Gumshoos|35/321|[from] Recoil\n|\n|upkeep\n|\n|t:|1781392501\n|switch|p1a: Minior|Minior, L79|224/224\n|-formechange|p1a: Minior|Minior-Meteor||[from] ability: Shields Down\n|turn|13\n|inactive|el Mush-o has 120 seconds left.\n|\n|t:|1781392514\n|move|p1a: Minior|Acrobatics|p2a: Gumshoos\n|-crit|p2a: Gumshoos\n|-damage|p2a: Gumshoos|0 fnt\n|faint|p2a: Gumshoos\n|\n|upkeep\n|\n|t:|1781392530\n|switch|p2a: Ampharos|Ampharos, L88, F|238/302\n|turn|14\n|\n|t:|1781392535\n|move|p2a: Ampharos|Volt Switch|p1a: Minior\n|-supereffective|p1a: Minior\n|-damage|p1a: Minior|36/224\n|\n|t:|1781392539\n|switch|p2a: Arcanine|Arcanine, L84, F|288/288|[from] Volt Switch\n|-ability|p2a: Arcanine|Intimidate|boost\n|-unboost|p1a: Minior|atk|1\n|move|p1a: Minior|Earthquake|p2a: Arcanine\n|-supereffective|p2a: Arcanine\n|-damage|p2a: Arcanine|228/288\n|\n|-formechange|p1a: Minior|Minior||[from] ability: Shields Down\n|upkeep\n|turn|15\n|inactive|el Mush-o has 120 seconds left.\n|\n|t:|1781392555\n|move|p1a: Minior|Power Gem|p2a: Arcanine\n|-supereffective|p2a: Arcanine\n|-damage|p2a: Arcanine|58/288\n|move|p2a: Arcanine|Flare Blitz|p1a: Minior\n|-resisted|p1a: Minior\n|-damage|p1a: Minior|0 fnt\n|faint|p1a: Minior\n|-damage|p2a: Arcanine|46/288|[from] Recoil\n|\n|upkeep\n|\n|t:|1781392573\n|switch|p1a: Sneasler|Sneasler, L74, M|240/240\n|turn|16\n|inactive|el Mush-o has 120 seconds left.\n|\n|t:|1781392586\n|switch|p2a: Ampharos|Ampharos, L88, F|238/302\n|move|p1a: Sneasler|Dire Claw|p2a: Ampharos\n|-damage|p2a: Ampharos|126/302\n|\n|upkeep\n|turn|17\n|inactive|el Mush-o has 120 seconds left.\n|\n|t:|1781392608\n|move|p1a: Sneasler|Dire Claw|p2a: Ampharos\n|-damage|p2a: Ampharos|0 fnt\n|-status|p1a: Sneasler|par|[from] ability: Static|[of] p2a: Ampharos\n|faint|p2a: Ampharos\n|\n|upkeep\n|inactive|el Mush-o has 90 seconds left.\n|\n|t:|1781392643\n|switch|p2a: Arcanine|Arcanine, L84, F|46/288\n|-ability|p2a: Arcanine|Intimidate|boost\n|-unboost|p1a: Sneasler|atk|1\n|turn|18\n|\n|t:|1781392648\n|move|p2a: Arcanine|Morning Sun|p2a: Arcanine\n|-heal|p2a: Arcanine|190/288\n|move|p1a: Sneasler|Dire Claw|p2a: Arcanine\n|-damage|p2a: Arcanine|105/288\n|-status|p2a: Arcanine|psn|[from] ability: Poison Touch|[of] p1a: Sneasler\n|\n|-damage|p2a: Arcanine|69/288 psn|[from] psn\n|upkeep\n|turn|19\n|\n|t:|1781392659\n|move|p2a: Arcanine|Morning Sun|p2a: Arcanine\n|-heal|p2a: Arcanine|213/288 psn\n|move|p1a: Sneasler|Dire Claw|p2a: Arcanine\n|-damage|p2a: Arcanine|126/288 psn\n|\n|-damage|p2a: Arcanine|90/288 psn|[from] psn\n|upkeep\n|turn|20\n|\n|t:|1781392670\n|switch|p1a: Roaring Moon|Roaring Moon, L72|270/270\n|move|p2a: Arcanine|Morning Sun|p2a: Arcanine\n|-heal|p2a: Arcanine|234/288 psn\n|\n|-damage|p2a: Arcanine|198/288 psn|[from] psn\n|upkeep\n|turn|21\n|\n|t:|1781392679\n|-end|p1a: Roaring Moon|Protosynthesis|[silent]\n|switch|p1a: Sneasler|Sneasler, L74, M|240/240 par\n|move|p2a: Arcanine|Roar|p1a: Sneasler\n|drag|p1a: Roaring Moon|Roaring Moon, L72|270/270\n|\n|-damage|p2a: Arcanine|162/288 psn|[from] psn\n|upkeep\n|turn|22\n|\n|t:|1781392691\n|move|p1a: Roaring Moon|Knock Off|p2a: Arcanine\n|-damage|p2a: Arcanine|11/288 psn\n|-enditem|p2a: Arcanine|Heavy-Duty Boots|[from] move: Knock Off|[of] p1a: Roaring Moon\n|move|p2a: Arcanine|Morning Sun|p2a: Arcanine\n|-heal|p2a: Arcanine|155/288 psn\n|\n|-damage|p2a: Arcanine|119/288 psn|[from] psn\n|upkeep\n|turn|23\n|\n|t:|1781392701\n|move|p1a: Roaring Moon|Knock Off|p2a: Arcanine\n|-damage|p2a: Arcanine|17/288 psn\n|move|p2a: Arcanine|Close Combat|p1a: Roaring Moon\n|-supereffective|p1a: Roaring Moon\n|-damage|p1a: Roaring Moon|30/270\n|-unboost|p2a: Arcanine|def|1\n|-unboost|p2a: Arcanine|spd|1\n|\n|-damage|p2a: Arcanine|0 fnt|[from] psn\n|faint|p2a: Arcanine\n|upkeep\n|\n|t:|1781392707\n|switch|p2a: Talonflame|Talonflame, L83, F|265/265\n|turn|24\n|inactive|el Mush-o has 120 seconds left.\n|\n|t:|1781392714\n|move|p2a: Talonflame|Tera Blast|p1a: Roaring Moon\n|-damage|p1a: Roaring Moon|0 fnt\n|faint|p1a: Roaring Moon\n|-end|p1a: Roaring Moon|Protosynthesis|[silent]\n|\n|upkeep\n|\n|t:|1781392720\n|switch|p1a: Sneasler|Sneasler, L74, M|240/240 par\n|turn|25\n|\n|t:|1781392727\n|move|p2a: Talonflame|Brave Bird|p1a: Sneasler\n|-supereffective|p1a: Sneasler\n|-damage|p1a: Sneasler|0 fnt\n|faint|p1a: Sneasler\n|-damage|p2a: Talonflame|186/265|[from] Recoil\n|\n|upkeep\n|\n|t:|1781392735\n|switch|p1a: Alcremie|Alcremie, L90, F|263/263\n|turn|26\n|\n|t:|1781392740\n|move|p2a: Talonflame|Swords Dance|p2a: Talonflame\n|-boost|p2a: Talonflame|atk|2\n|move|p1a: Alcremie|Alluring Voice|p2a: Talonflame\n|-resisted|p2a: Talonflame\n|-damage|p2a: Talonflame|121/265\n|-start|p2a: Talonflame|confusion\n|\n|upkeep\n|turn|27\n|\n|t:|1781392750\n|-activate|p2a: Talonflame|confusion\n|-damage|p2a: Talonflame|58/265|[from] confusion\n|move|p1a: Alcremie|Tera Blast|p2a: Talonflame\n|-damage|p2a: Talonflame|0 fnt\n|faint|p2a: Talonflame\n|\n|win|jlgr123\n|raw|jlgr123's rating: 1925 &rarr; <strong>1944</strong><br />(+19 for winning)\n|raw|el Mush-o's rating: 1916 &rarr; <strong>1897</strong><br />(-19 for losing)\n|l|\u2606el Mush-o\n|player|p2|\n", "uploadtime": 1781392251, "views": 3, "formatid": "gen9randombattle", "rating": 1897, "private": 0, "password": null}