{"id": "gen9randombattle-2631584072", "format": "[Gen 9] Random Battle", "players": ["cebollanegra", "ahh_ceh"], "log": "|j|\u2606cebollanegra\n|j|\u2606ahh_ceh\n|t:|1781404648\n|gametype|singles\n|player|p1|cebollanegra|101|1346\n|player|p2|ahh_ceh|1|1320\n|gen|9\n|tier|[Gen 9] Random Battle\n|rated|\n|rule|Species Clause: Limit one of each Pok\u00e9mon\n|rule|HP Percentage Mod: HP is shown in percentages\n|rule|Sleep Clause Mod: Limit one foe put to sleep\n|rule|Illusion Level Mod: Illusion disguises the Pok\u00e9mon's true level\n|\n|t:|1781404648\n|teamsize|p1|6\n|teamsize|p2|6\n|start\n|switch|p1a: Lugia|Lugia, L73|275/275\n|switch|p2a: Minun|Minun, L95, M|268/268\n|turn|1\n|inactive|Battle timer is ON: inactive players will automatically lose when time's up. (requested by ahh_ceh)\n|\n|t:|1781404692\n|move|p2a: Minun|Nasty Plot|p2a: Minun\n|-boost|p2a: Minun|spa|2\n|move|p1a: Lugia|Earth Power|p2a: Minun\n|-supereffective|p2a: Minun\n|-damage|p2a: Minun|188/268\n|\n|upkeep\n|turn|2\n|\n|t:|1781404725\n|switch|p1a: Ursaring|Ursaring, L84, F|288/288\n|-terastallize|p2a: Minun|Fairy\n|move|p2a: Minun|Nasty Plot|p2a: Minun\n|-boost|p2a: Minun|spa|2\n|\n|-status|p1a: Ursaring|tox|[from] item: Toxic Orb\n|upkeep\n|turn|3\n|\n|t:|1781404732\n|move|p2a: Minun|Thunderbolt|p1a: Ursaring\n|-damage|p1a: Ursaring|0 fnt\n|faint|p1a: Ursaring\n|-damage|p2a: Minun|162/268|[from] item: Life Orb\n|\n|upkeep\n|\n|t:|1781404743\n|switch|p1a: Clefable|Clefable, L83, F|293/293\n|turn|4\n|\n|t:|1781404755\n|move|p2a: Minun|Thunderbolt|p1a: Clefable\n|-damage|p1a: Clefable|0 fnt\n|faint|p1a: Clefable\n|-damage|p2a: Minun|136/268|[from] item: Life Orb\n|\n|upkeep\n|\n|t:|1781404760\n|switch|p1a: Mightyena|Mightyena, L96, M|290/290\n|-ability|p1a: Mightyena|Intimidate|boost\n|-unboost|p2a: Minun|atk|1\n|turn|5\n|\n|t:|1781404773\n|move|p2a: Minun|Alluring Voice|p1a: Mightyena\n|-supereffective|p1a: Mightyena\n|-damage|p1a: Mightyena|0 fnt\n|faint|p1a: Mightyena\n|-damage|p2a: Minun|110/268|[from] item: Life Orb\n|\n|upkeep\n|\n|t:|1781404781\n|switch|p1a: Lugia|Lugia, L73|275/275\n|turn|6\n|\n|t:|1781404786\n|-terastallize|p1a: Lugia|Ground\n|move|p2a: Minun|Thunderbolt|p1a: Lugia\n|-immune|p1a: Lugia\n|move|p1a: Lugia|Calm Mind|p1a: Lugia\n|-boost|p1a: Lugia|spa|1\n|-boost|p1a: Lugia|spd|1\n|\n|upkeep\n|turn|7\n|\n|t:|1781404792\n|move|p2a: Minun|Encore|p1a: Lugia\n|-start|p1a: Lugia|Encore\n|move|p1a: Lugia|Calm Mind|p1a: Lugia\n|-boost|p1a: Lugia|spa|1\n|-boost|p1a: Lugia|spd|1\n|\n|upkeep\n|turn|8\n|\n|t:|1781404795\n|switch|p1a: Poliwrath|Poliwrath, L88, F|302/302\n|move|p2a: Minun|Alluring Voice|p1a: Poliwrath\n|-supereffective|p1a: Poliwrath\n|-damage|p1a: Poliwrath|0 fnt\n|faint|p1a: Poliwrath\n|-damage|p2a: Minun|84/268|[from] item: Life Orb\n|\n|upkeep\n|\n|t:|1781404796\n|switch|p1a: Weezing|Weezing, L88, F|258/258\n|turn|9\n|inactive|cebollanegra has 120 seconds left.\n|\n|t:|1781404841\n|move|p2a: Minun|Thunderbolt|p1a: Weezing\n|-damage|p1a: Weezing|0 fnt\n|faint|p1a: Weezing\n|-damage|p2a: Minun|58/268|[from] item: Life Orb\n|\n|upkeep\n|\n|t:|1781404843\n|switch|p1a: Lugia|Lugia, L73, tera:Ground|275/275\n|turn|10\n|\n|t:|1781404847\n|move|p2a: Minun|Alluring Voice|p1a: Lugia\n|-damage|p1a: Lugia|146/275\n|-damage|p2a: Minun|32/268|[from] item: Life Orb\n|move|p1a: Lugia|Aeroblast|p2a: Minun\n|-damage|p2a: Minun|0 fnt\n|faint|p2a: Minun\n|\n|upkeep\n|\n|t:|1781404853\n|switch|p2a: Palafin|Palafin, L77, M|281/281\n|turn|11\n|inactive|cebollanegra has 120 seconds left.\n|\n|t:|1781404877\n|detailschange|p2a: Palafin|Palafin-Hero, L77, M\n|switch|p2a: Plusle|Plusle, L95, F|268/268\n|move|p1a: Lugia|Aeroblast|p2a: Plusle\n|-resisted|p2a: Plusle\n|-damage|p2a: Plusle|229/268\n|\n|upkeep\n|turn|12\n|\n|t:|1781404882\n|move|p2a: Plusle|Encore|p1a: Lugia\n|-start|p1a: Lugia|Encore\n|move|p1a: Lugia|Aeroblast|p2a: Plusle\n|-resisted|p2a: Plusle\n|-damage|p2a: Plusle|193/268\n|\n|upkeep\n|turn|13\n|-message|cebollanegra forfeited.\n|\n|win|ahh_ceh\n|raw|cebollanegra's rating: 1346 &rarr; <strong>1325</strong><br />(-21 for losing)\n|raw|ahh_ceh's rating: 1320 &rarr; <strong>1341</strong><br />(+21 for winning)\n|l|\u2606cebollanegra\n|player|p1|\n", "uploadtime": 1781404890, "views": 13, "formatid": "gen9randombattle", "rating": 1325, "private": 0, "password": null}