{"id": "gen9randombattle-2631943944", "format": "[Gen 9] Random Battle", "players": ["mysticle\u2666marshadow", "69latrikpelo69"], "log": "|j|\u2606mysticle\u2666marshadow\n|j|\u260669latrikpelo69\n|t:|1781458358\n|gametype|singles\n|player|p1|mysticle\u2666marshadow|unknownf|1937\n|player|p2|69latrikpelo69|pokemaniac|1950\n|gen|9\n|tier|[Gen 9] Random Battle\n|rated|\n|rule|Species Clause: Limit one of each Pok\u00e9mon\n|rule|HP Percentage Mod: HP is shown in percentages\n|rule|Sleep Clause Mod: Limit one foe put to sleep\n|rule|Illusion Level Mod: Illusion disguises the Pok\u00e9mon's true level\n|\n|t:|1781458358\n|teamsize|p1|6\n|teamsize|p2|6\n|start\n|switch|p1a: Malamar|Malamar, L82, F|275/275\n|switch|p2a: Infernape|Infernape, L82, F|259/259\n|turn|1\n|\n|t:|1781458371\n|switch|p1a: Ceruledge|Ceruledge, L78, M|245/245\n|move|p2a: Infernape|Knock Off|p1a: Ceruledge\n|-supereffective|p1a: Ceruledge\n|-damage|p1a: Ceruledge|15/245\n|-ability|p1a: Ceruledge|Weak Armor|boost\n|-unboost|p1a: Ceruledge|def|1\n|-boost|p1a: Ceruledge|spe|2\n|-enditem|p1a: Ceruledge|Heavy-Duty Boots|[from] move: Knock Off|[of] p2a: Infernape\n|\n|upkeep\n|turn|2\n|\n|t:|1781458382\n|move|p1a: Ceruledge|Poltergeist|p2a: Infernape\n|-activate|p2a: Infernape|move: Poltergeist|Choice Band\n|-damage|p2a: Infernape|106/259\n|move|p2a: Infernape|Knock Off|p1a: Ceruledge\n|-supereffective|p1a: Ceruledge\n|-damage|p1a: Ceruledge|0 fnt\n|faint|p1a: Ceruledge\n|\n|upkeep\n|\n|t:|1781458391\n|switch|p1a: Mandibuzz|Mandibuzz, L85, F|326/326\n|turn|3\n|\n|t:|1781458403\n|switch|p2a: Hydreigon|Hydreigon, L79, M|275/275\n|move|p1a: Mandibuzz|Foul Play|p2a: Hydreigon\n|-resisted|p2a: Hydreigon\n|-damage|p2a: Hydreigon|219/275\n|\n|upkeep\n|turn|4\n|\n|t:|1781458410\n|move|p2a: Hydreigon|Draco Meteor|p1a: Mandibuzz\n|-damage|p1a: Mandibuzz|131/326\n|-unboost|p2a: Hydreigon|spa|2\n|move|p1a: Mandibuzz|Brave Bird|p2a: Hydreigon\n|-damage|p2a: Hydreigon|120/275\n|-damage|p1a: Mandibuzz|98/326|[from] Recoil\n|\n|upkeep\n|turn|5\n|\n|t:|1781458423\n|switch|p2a: Phione|Phione, L91|293/293\n|move|p1a: Mandibuzz|Roost|p1a: Mandibuzz\n|-heal|p1a: Mandibuzz|261/326\n|-singleturn|p1a: Mandibuzz|move: Roost\n|\n|upkeep\n|turn|6\n|\n|t:|1781458436\n|switch|p1a: Malamar|Malamar, L82, F|275/275\n|move|p2a: Phione|Take Heart|p2a: Phione\n|-boost|p2a: Phione|spa|1\n|-boost|p2a: Phione|spd|1\n|\n|upkeep\n|turn|7\n|\n|t:|1781458442\n|move|p2a: Phione|Scald|p1a: Malamar\n|-damage|p1a: Malamar|130/275\n|move|p1a: Malamar|Superpower|p2a: Phione\n|-damage|p2a: Phione|210/293\n|-boost|p1a: Malamar|atk|1\n|-boost|p1a: Malamar|def|1\n|\n|-heal|p2a: Phione|228/293|[from] item: Leftovers\n|-heal|p1a: Malamar|147/275|[from] item: Leftovers\n|upkeep\n|turn|8\n|\n|t:|1781458448\n|move|p2a: Phione|Scald|p1a: Malamar\n|-damage|p1a: Malamar|6/275\n|-status|p1a: Malamar|brn\n|move|p1a: Malamar|Knock Off|p2a: Phione\n|-damage|p2a: Phione|164/293\n|-enditem|p2a: Phione|Leftovers|[from] move: Knock Off|[of] p1a: Malamar\n|\n|-heal|p1a: Malamar|23/275 brn|[from] item: Leftovers\n|-damage|p1a: Malamar|6/275 brn|[from] brn\n|upkeep\n|turn|9\n|\n|t:|1781458453\n|move|p2a: Phione|Scald|p1a: Malamar\n|-damage|p1a: Malamar|0 fnt\n|faint|p1a: Malamar\n|\n|upkeep\n|\n|t:|1781458478\n|switch|p1a: Espeon|Espeon, L84, F|246/246\n|turn|10\n|\n|t:|1781458482\n|move|p1a: Espeon|Psychic|p2a: Phione\n|-damage|p2a: Phione|59/293\n|-damage|p1a: Espeon|222/246|[from] item: Life Orb\n|move|p2a: Phione|Scald|p1a: Espeon\n|-damage|p1a: Espeon|96/246\n|\n|upkeep\n|turn|11\n|\n|t:|1781458486\n|move|p1a: Espeon|Psychic|p2a: Phione\n|-damage|p2a: Phione|0 fnt\n|faint|p2a: Phione\n|-damage|p1a: Espeon|72/246|[from] item: Life Orb\n|\n|upkeep\n|\n|t:|1781458495\n|switch|p2a: Jumpluff|Jumpluff, L87, M|271/271\n|turn|12\n|\n|t:|1781458500\n|switch|p1a: Mandibuzz|Mandibuzz, L85, F|261/326\n|move|p2a: Jumpluff|Acrobatics|p1a: Mandibuzz\n|-damage|p1a: Mandibuzz|188/326\n|\n|upkeep\n|turn|13\n|\n|t:|1781458524\n|move|p2a: Jumpluff|Leech Seed|p1a: Mandibuzz\n|-start|p1a: Mandibuzz|move: Leech Seed\n|move|p1a: Mandibuzz|Brave Bird|p2a: Jumpluff\n|-supereffective|p2a: Jumpluff\n|-damage|p2a: Jumpluff|67/271\n|-damage|p1a: Mandibuzz|121/326|[from] Recoil\n|\n|-damage|p1a: Mandibuzz|81/326|[from] Leech Seed|[of] p2a: Jumpluff\n|-heal|p2a: Jumpluff|107/271|[silent]\n|upkeep\n|turn|14\n|\n|t:|1781458536\n|switch|p1a: Dunsparce|Dunsparce, L86, F|312/312\n|move|p2a: Jumpluff|Strength Sap|p1a: Dunsparce\n|-unboost|p1a: Dunsparce|atk|1\n|-heal|p2a: Jumpluff|271/271\n|\n|upkeep\n|turn|15\n|\n|t:|1781458543\n|move|p2a: Jumpluff|Substitute|p2a: Jumpluff\n|-start|p2a: Jumpluff|Substitute\n|-damage|p2a: Jumpluff|204/271\n|move|p1a: Dunsparce|Body Slam|p2a: Jumpluff\n|-activate|p2a: Jumpluff|move: Substitute|[damage]\n|\n|upkeep\n|turn|16\n|\n|t:|1781458547\n|move|p2a: Jumpluff|Leech Seed|p1a: Dunsparce\n|-start|p1a: Dunsparce|move: Leech Seed\n|move|p1a: Dunsparce|Body Slam|p2a: Jumpluff\n|-end|p2a: Jumpluff|Substitute\n|\n|-damage|p1a: Dunsparce|273/312|[from] Leech Seed|[of] p2a: Jumpluff\n|-heal|p2a: Jumpluff|243/271|[silent]\n|upkeep\n|turn|17\n|\n|t:|1781458550\n|switch|p1a: Mandibuzz|Mandibuzz, L85, F|81/326\n|move|p2a: Jumpluff|Substitute|p2a: Jumpluff\n|-start|p2a: Jumpluff|Substitute\n|-damage|p2a: Jumpluff|176/271\n|\n|upkeep\n|turn|18\n|\n|t:|1781458554\n|move|p2a: Jumpluff|Leech Seed|p1a: Mandibuzz\n|-start|p1a: Mandibuzz|move: Leech Seed\n|move|p1a: Mandibuzz|Foul Play|p2a: Jumpluff\n|-end|p2a: Jumpluff|Substitute\n|\n|-damage|p1a: Mandibuzz|41/326|[from] Leech Seed|[of] p2a: Jumpluff\n|-heal|p2a: Jumpluff|216/271|[silent]\n|upkeep\n|turn|19\n|\n|t:|1781458558\n|move|p2a: Jumpluff|Acrobatics|p1a: Mandibuzz\n|-damage|p1a: Mandibuzz|0 fnt\n|faint|p1a: Mandibuzz\n|\n|upkeep\n|\n|t:|1781458561\n|switch|p1a: Rayquaza|Rayquaza, L72|270/270\n|-ability|p1a: Rayquaza|Air Lock\n|turn|20\n|\n|t:|1781458566\n|move|p2a: Jumpluff|Leech Seed|p1a: Rayquaza\n|-start|p1a: Rayquaza|move: Leech Seed\n|move|p1a: Rayquaza|Dragon Ascent|p2a: Jumpluff\n|-supereffective|p2a: Jumpluff\n|-damage|p2a: Jumpluff|0 fnt\n|-unboost|p1a: Rayquaza|def|1\n|-unboost|p1a: Rayquaza|spd|1\n|faint|p2a: Jumpluff\n|\n|upkeep\n|\n|t:|1781458584\n|switch|p2a: Braviary|Braviary-Hisui, L85, M|326/326\n|turn|21\n|\n|t:|1781458595\n|switch|p1a: Espeon|Espeon, L84, F|72/246\n|move|p2a: Braviary|Esper Wing|p1a: Espeon\n|-resisted|p1a: Espeon\n|-damage|p1a: Espeon|0 fnt\n|-boost|p2a: Braviary|spe|1\n|faint|p1a: Espeon\n|\n|upkeep\n|\n|t:|1781458597\n|switch|p1a: Dunsparce|Dunsparce, L86, F|273/312\n|turn|22\n|\n|t:|1781458601\n|move|p2a: Braviary|Esper Wing|p1a: Dunsparce\n|-damage|p1a: Dunsparce|143/312\n|-boost|p2a: Braviary|spe|1\n|move|p1a: Dunsparce|Body Slam|p2a: Braviary\n|-damage|p2a: Braviary|235/326\n|-status|p2a: Braviary|par\n|\n|upkeep\n|turn|23\n|\n|t:|1781458604\n|cant|p2a: Braviary|par\n|move|p1a: Dunsparce|Roost|p1a: Dunsparce\n|-heal|p1a: Dunsparce|299/312\n|-singleturn|p1a: Dunsparce|move: Roost\n|\n|upkeep\n|turn|24\n|\n|t:|1781458611\n|cant|p2a: Braviary|par\n|move|p1a: Dunsparce|Body Slam|p2a: Braviary\n|-damage|p2a: Braviary|141/326 par\n|\n|upkeep\n|turn|25\n|\n|t:|1781458613\n|cant|p2a: Braviary|par\n|move|p1a: Dunsparce|Body Slam|p2a: Braviary\n|-damage|p2a: Braviary|48/326 par\n|\n|upkeep\n|turn|26\n|\n|t:|1781458615\n|cant|p2a: Braviary|par\n|move|p1a: Dunsparce|Body Slam|p2a: Braviary\n|-damage|p2a: Braviary|0 fnt\n|faint|p2a: Braviary\n|\n|upkeep\n|\n|t:|1781458618\n|switch|p2a: Infernape|Infernape, L82, F|106/259\n|turn|27\n|\n|t:|1781458623\n|move|p2a: Infernape|Knock Off|p1a: Dunsparce\n|-damage|p1a: Dunsparce|215/312\n|-enditem|p1a: Dunsparce|Eviolite|[from] move: Knock Off|[of] p2a: Infernape\n|move|p1a: Dunsparce|Earthquake|p2a: Infernape\n|-supereffective|p2a: Infernape\n|-damage|p2a: Infernape|0 fnt\n|faint|p2a: Infernape\n|\n|upkeep\n|\n|t:|1781458647\n|switch|p2a: Hydreigon|Hydreigon, L79, M|120/275\n|turn|28\n|\n|t:|1781458661\n|move|p2a: Hydreigon|Dark Pulse|p1a: Dunsparce\n|-damage|p1a: Dunsparce|59/312\n|move|p1a: Dunsparce|Body Slam|p2a: Hydreigon\n|-damage|p2a: Hydreigon|38/275\n|\n|upkeep\n|turn|29\n|\n|t:|1781458667\n|move|p2a: Hydreigon|Dark Pulse|p1a: Dunsparce\n|-damage|p1a: Dunsparce|0 fnt\n|faint|p1a: Dunsparce\n|\n|upkeep\n|\n|t:|1781458668\n|switch|p1a: Rayquaza|Rayquaza, L72|270/270\n|-ability|p1a: Rayquaza|Air Lock\n|turn|30\n|\n|t:|1781458675\n|move|p1a: Rayquaza|Extreme Speed|p2a: Hydreigon\n|-damage|p2a: Hydreigon|0 fnt\n|faint|p2a: Hydreigon\n|\n|upkeep\n|\n|t:|1781458681\n|switch|p2a: Medicham|Medicham, L86, F|243/243\n|turn|31\n|\n|t:|1781458699\n|-terastallize|p2a: Medicham|Fighting\n|-terastallize|p1a: Rayquaza|Normal\n|move|p2a: Medicham|Close Combat|p1a: Rayquaza\n|-supereffective|p1a: Rayquaza\n|-damage|p1a: Rayquaza|0 fnt\n|-unboost|p2a: Medicham|def|1\n|-unboost|p2a: Medicham|spd|1\n|faint|p1a: Rayquaza\n|\n|win|69latrikpelo69\n", "uploadtime": 1781458361, "views": 3, "formatid": "gen9randombattle", "rating": null, "private": 0, "password": null}