{"id": "gen9randombattle-2632009609", "format": "[Gen 9] Random Battle", "players": ["bilabong", "Ringeltaube"], "log": "|j|\u2606bilabong\n|j|\u2606Ringeltaube\n|t:|1781465538\n|gametype|singles\n|player|p1|bilabong|1|1963\n|player|p2|Ringeltaube|2|1900\n|gen|9\n|tier|[Gen 9] Random Battle\n|rated|\n|rule|Species Clause: Limit one of each Pok\u00e9mon\n|rule|HP Percentage Mod: HP is shown in percentages\n|rule|Sleep Clause Mod: Limit one foe put to sleep\n|rule|Illusion Level Mod: Illusion disguises the Pok\u00e9mon's true level\n|\n|t:|1781465538\n|teamsize|p1|6\n|teamsize|p2|6\n|start\n|switch|p1a: Hitmontop|Hitmontop, L88, M|231/231\n|switch|p2a: Sudowoodo|Sudowoodo, L94, M|284/284\n|-ability|p1a: Hitmontop|Intimidate|boost\n|-unboost|p2a: Sudowoodo|atk|1\n|turn|1\n|\n|t:|1781465558\n|switch|p2a: Volcarona|Volcarona, L77, F|257/257\n|move|p1a: Hitmontop|Close Combat|p2a: Volcarona\n|-resisted|p2a: Volcarona\n|-damage|p2a: Volcarona|167/257\n|-unboost|p1a: Hitmontop|def|1\n|-unboost|p1a: Hitmontop|spd|1\n|-status|p1a: Hitmontop|brn|[from] ability: Flame Body|[of] p2a: Volcarona\n|\n|-damage|p1a: Hitmontop|217/231 brn|[from] brn\n|upkeep\n|turn|2\n|\n|t:|1781465569\n|switch|p1a: Infernape|Infernape, L82, M|259/259\n|move|p2a: Volcarona|Giga Drain|p1a: Infernape\n|-resisted|p1a: Infernape\n|-damage|p1a: Infernape|223/259\n|-heal|p2a: Volcarona|185/257|[from] drain|[of] p1a: Infernape\n|\n|upkeep\n|turn|3\n|\n|t:|1781465575\n|switch|p2a: Sudowoodo|Sudowoodo, L94, M|284/284\n|move|p1a: Infernape|Flare Blitz|p2a: Sudowoodo\n|-resisted|p2a: Sudowoodo\n|-damage|p2a: Sudowoodo|234/284\n|-damage|p1a: Infernape|206/259|[from] Recoil\n|\n|upkeep\n|turn|4\n|\n|t:|1781465582\n|switch|p1a: Hitmontop|Hitmontop, L88, M|217/231 brn\n|-ability|p1a: Hitmontop|Intimidate|boost\n|-unboost|p2a: Sudowoodo|atk|1\n|move|p2a: Sudowoodo|Wood Hammer|p1a: Hitmontop\n|-damage|p1a: Hitmontop|124/231 brn\n|\n|-damage|p1a: Hitmontop|110/231 brn|[from] brn\n|upkeep\n|turn|5\n|\n|t:|1781465593\n|switch|p2a: Venusaur|Venusaur, L84, F|272/272\n|move|p1a: Hitmontop|Close Combat|p2a: Venusaur\n|-resisted|p2a: Venusaur\n|-damage|p2a: Venusaur|237/272\n|-unboost|p1a: Hitmontop|def|1\n|-unboost|p1a: Hitmontop|spd|1\n|\n|-heal|p2a: Venusaur|254/272|[from] item: Leftovers\n|-damage|p1a: Hitmontop|96/231 brn|[from] brn\n|upkeep\n|turn|6\n|\n|t:|1781465600\n|switch|p1a: Scizor|Scizor, L79, M|240/240\n|move|p2a: Venusaur|Sludge Bomb|p1a: Scizor\n|-immune|p1a: Scizor\n|\n|-heal|p2a: Venusaur|271/272|[from] item: Leftovers\n|upkeep\n|turn|7\n|\n|t:|1781465606\n|switch|p2a: Volcarona|Volcarona, L77, F|185/257\n|move|p1a: Scizor|Knock Off|p2a: Volcarona\n|-damage|p2a: Volcarona|49/257\n|-enditem|p2a: Volcarona|Heavy-Duty Boots|[from] move: Knock Off|[of] p1a: Scizor\n|-damage|p1a: Scizor|216/240|[from] item: Life Orb\n|\n|upkeep\n|turn|8\n|\n|t:|1781465620\n|switch|p1a: Infernape|Infernape, L82, M|206/259\n|move|p2a: Volcarona|Fire Blast|p1a: Infernape|[miss]\n|-miss|p2a: Volcarona|p1a: Infernape\n|\n|upkeep\n|turn|9\n|\n|t:|1781465635\n|move|p1a: Infernape|Close Combat|p2a: Volcarona\n|-resisted|p2a: Volcarona\n|-damage|p2a: Volcarona|0 fnt\n|-unboost|p1a: Infernape|def|1\n|-unboost|p1a: Infernape|spd|1\n|faint|p2a: Volcarona\n|\n|upkeep\n|\n|t:|1781465645\n|switch|p2a: Porygon-Z|Porygon-Z, L83|277/277\n|-ability|p2a: Porygon-Z|Download|boost\n|-boost|p2a: Porygon-Z|spa|1\n|turn|10\n|\n|t:|1781465667\n|switch|p1a: Hitmontop|Hitmontop, L88, M|96/231 brn\n|-ability|p1a: Hitmontop|Intimidate|boost\n|-unboost|p2a: Porygon-Z|atk|1\n|move|p2a: Porygon-Z|Tri Attack|p1a: Hitmontop\n|-damage|p1a: Hitmontop|0 fnt\n|faint|p1a: Hitmontop\n|\n|upkeep\n|\n|t:|1781465679\n|switch|p1a: Scizor|Scizor, L79, M|216/240\n|turn|11\n|\n|t:|1781465693\n|move|p2a: Porygon-Z|Tri Attack|p1a: Scizor\n|-resisted|p1a: Scizor\n|-damage|p1a: Scizor|123/240\n|move|p1a: Scizor|Knock Off|p2a: Porygon-Z\n|-crit|p2a: Porygon-Z\n|-damage|p2a: Porygon-Z|103/277\n|-enditem|p2a: Porygon-Z|Choice Scarf|[from] move: Knock Off|[of] p1a: Scizor\n|-damage|p1a: Scizor|99/240|[from] item: Life Orb\n|\n|upkeep\n|turn|12\n|\n|t:|1781465702\n|move|p1a: Scizor|Bullet Punch|p2a: Porygon-Z\n|-damage|p2a: Porygon-Z|0 fnt\n|faint|p2a: Porygon-Z\n|-damage|p1a: Scizor|75/240|[from] item: Life Orb\n|\n|upkeep\n|\n|t:|1781465707\n|switch|p2a: Miraidon|Miraidon, L65|238/238\n|-fieldstart|move: Electric Terrain|[from] ability: Hadron Engine|[of] p2a: Miraidon\n|turn|13\n|\n|t:|1781465719\n|move|p2a: Miraidon|Electro Drift|p1a: Scizor\n|-damage|p1a: Scizor|0 fnt\n|faint|p1a: Scizor\n|-damage|p2a: Miraidon|215/238|[from] item: Life Orb\n|\n|upkeep\n|\n|t:|1781465734\n|switch|p1a: Ditto|Ditto, L87|225/225\n|-transform|p1a: Ditto|p2a: Miraidon|[from] ability: Imposter\n|-activate|p1a: Ditto|ability: Hadron Engine\n|turn|14\n|\n|t:|1781465741\n|switch|p2a: Venusaur|Venusaur, L84, F|271/272\n|move|p1a: Ditto|Draco Meteor|p2a: Venusaur\n|-damage|p2a: Venusaur|111/272\n|-unboost|p1a: Ditto|spa|2\n|\n|-heal|p2a: Venusaur|128/272|[from] item: Leftovers\n|upkeep\n|turn|15\n|\n|t:|1781465749\n|switch|p1a: Infernape|Infernape, L82, M|206/259\n|move|p2a: Venusaur|Synthesis|p2a: Venusaur\n|-heal|p2a: Venusaur|264/272\n|\n|-heal|p2a: Venusaur|272/272|[from] item: Leftovers\n|upkeep\n|turn|16\n|\n|t:|1781465752\n|-terastallize|p2a: Venusaur|Water\n|move|p1a: Infernape|Flare Blitz|p2a: Venusaur\n|-resisted|p2a: Venusaur\n|-damage|p2a: Venusaur|205/272\n|-damage|p1a: Infernape|184/259|[from] Recoil\n|move|p2a: Venusaur|Earth Power|p1a: Infernape\n|-supereffective|p1a: Infernape\n|-damage|p1a: Infernape|20/259\n|\n|-heal|p2a: Venusaur|222/272|[from] item: Leftovers\n|upkeep\n|turn|17\n|\n|t:|1781465762\n|move|p1a: Infernape|Flare Blitz|p2a: Venusaur\n|-resisted|p2a: Venusaur\n|-damage|p2a: Venusaur|131/272\n|-damage|p1a: Infernape|0 fnt|[from] Recoil\n|faint|p1a: Infernape\n|move|p2a: Venusaur|Earth Power|p1: Infernape|[notarget]\n|-fail|p2a: Venusaur\n|\n|-heal|p2a: Venusaur|148/272|[from] item: Leftovers\n|-fieldend|move: Electric Terrain\n|upkeep\n|\n|t:|1781465766\n|switch|p1a: Iron Leaves|Iron Leaves, L80|275/275\n|turn|18\n|\n|t:|1781465771\n|move|p1a: Iron Leaves|Leaf Blade|p2a: Venusaur\n|-supereffective|p2a: Venusaur\n|-damage|p2a: Venusaur|0 fnt\n|faint|p2a: Venusaur\n|-damage|p1a: Iron Leaves|248/275|[from] item: Life Orb\n|\n|upkeep\n|\n|t:|1781465776\n|switch|p2a: Mismagius|Mismagius, L86, M|243/243\n|turn|19\n|\n|t:|1781465788\n|-end|p1a: Iron Leaves|Quark Drive|[silent]\n|switch|p1a: Cinderace|Cinderace, L77, F|249/249\n|move|p2a: Mismagius|Shadow Ball|p1a: Cinderace\n|-damage|p1a: Cinderace|87/249\n|\n|upkeep\n|turn|20\n|\n|t:|1781465793\n|move|p2a: Mismagius|Shadow Ball|p1a: Cinderace\n|-crit|p1a: Cinderace\n|-damage|p1a: Cinderace|0 fnt\n|faint|p1a: Cinderace\n|\n|upkeep\n|\n|t:|1781465798\n|switch|p1a: Ditto|Ditto, L87|225/225\n|-transform|p1a: Ditto|p2a: Mismagius|[from] ability: Imposter\n|turn|21\n|\n|t:|1781465803\n|move|p1a: Ditto|Shadow Ball|p2a: Mismagius\n|-supereffective|p2a: Mismagius\n|-damage|p2a: Mismagius|91/243\n|move|p2a: Mismagius|Shadow Ball|p1a: Ditto\n|-supereffective|p1a: Ditto\n|-crit|p1a: Ditto\n|-damage|p1a: Ditto|0 fnt\n|faint|p1a: Ditto\n|\n|upkeep\n|\n|t:|1781465808\n|switch|p1a: Iron Leaves|Iron Leaves, L80|248/275\n|turn|22\n|\n|t:|1781465815\n|-terastallize|p1a: Iron Leaves|Fighting\n|move|p2a: Mismagius|Shadow Ball|p1a: Iron Leaves\n|-damage|p1a: Iron Leaves|112/275\n|move|p1a: Iron Leaves|Leaf Blade|p2a: Mismagius\n|-damage|p2a: Mismagius|0 fnt\n|faint|p2a: Mismagius\n|-damage|p1a: Iron Leaves|85/275|[from] item: Life Orb\n|\n|upkeep\n|\n|t:|1781465824\n|switch|p2a: Miraidon|Miraidon, L65|215/238\n|-fieldstart|move: Electric Terrain|[from] ability: Hadron Engine|[of] p2a: Miraidon\n|-activate|p1a: Iron Leaves|ability: Quark Drive\n|-start|p1a: Iron Leaves|quarkdriveatk\n|turn|23\n|\n|t:|1781465828\n|move|p2a: Miraidon|Electro Drift|p1a: Iron Leaves\n|-damage|p1a: Iron Leaves|0 fnt\n|faint|p1a: Iron Leaves\n|-end|p1a: Iron Leaves|Quark Drive|[silent]\n|-damage|p2a: Miraidon|192/238|[from] item: Life Orb\n|\n|win|Ringeltaube\n", "uploadtime": 1781465539, "views": 5, "formatid": "gen9randombattle", "rating": null, "private": 0, "password": null}