{"id": "gen9randombattle-2631771850", "format": "[Gen 9] Random Battle", "players": ["chkffhkgd", "vbehsjjdeb"], "log": "|j|\u2606chkffhkgd\n|j|\u2606vbehsjjdeb\n|t:|1781437195\n|gametype|singles\n|player|p1|chkffhkgd|101|1000\n|player|p2|vbehsjjdeb|266|1000\n|gen|9\n|tier|[Gen 9] Random Battle\n|rated|\n|rule|Species Clause: Limit one of each Pok\u00e9mon\n|rule|HP Percentage Mod: HP is shown in percentages\n|rule|Sleep Clause Mod: Limit one foe put to sleep\n|rule|Illusion Level Mod: Illusion disguises the Pok\u00e9mon's true level\n|\n|t:|1781437195\n|teamsize|p1|6\n|teamsize|p2|6\n|start\n|switch|p1a: Walking Wake|Walking Wake, L79|286/286\n|switch|p2a: Flapple|Flapple, L88, F|266/266\n|turn|1\n|\n|t:|1781437211\n|move|p1a: Walking Wake|Flamethrower|p2a: Flapple\n|-damage|p2a: Flapple|131/266\n|move|p2a: Flapple|Dragon Dance|p2a: Flapple\n|-boost|p2a: Flapple|atk|1\n|-boost|p2a: Flapple|spe|1\n|\n|upkeep\n|turn|2\n|\n|t:|1781437225\n|move|p2a: Flapple|Outrage|p1a: Walking Wake|[miss]\n|-miss|p2a: Flapple|p1a: Walking Wake\n|move|p1a: Walking Wake|Flamethrower|p2a: Flapple\n|-crit|p2a: Flapple\n|-damage|p2a: Flapple|0 fnt\n|faint|p2a: Flapple\n|\n|upkeep\n|\n|t:|1781437231\n|switch|p2a: Minun|Minun, L95, M|268/268\n|turn|3\n|\n|t:|1781437253\n|-end|p1a: Walking Wake|Protosynthesis|[silent]\n|switch|p1a: Venusaur|Venusaur, L84, F|272/272\n|move|p2a: Minun|Nasty Plot|p2a: Minun\n|-boost|p2a: Minun|spa|2\n|\n|upkeep\n|turn|4\n|\n|t:|1781437278\n|switch|p2a: Munkidori|Munkidori, L79, M|269/269\n|move|p1a: Venusaur|Sludge Bomb|p2a: Munkidori\n|-resisted|p2a: Munkidori\n|-damage|p2a: Munkidori|237/269\n|\n|upkeep\n|turn|5\n|\n|t:|1781437291\n|move|p2a: Munkidori|Psychic Noise|p1a: Venusaur\n|-supereffective|p1a: Venusaur\n|-damage|p1a: Venusaur|102/272\n|-start|p1a: Venusaur|move: Heal Block\n|move|p1a: Venusaur|Leech Seed|p2a: Munkidori|[miss]\n|-miss|p1a: Venusaur|p2a: Munkidori\n|\n|upkeep\n|turn|6\n|\n|t:|1781437305\n|switch|p1a: Zacian|Zacian, L69|241/241\n|-ability|p1a: Zacian|Intrepid Sword|boost\n|-boost|p1a: Zacian|atk|1\n|move|p2a: Munkidori|Psychic Noise|p1a: Zacian\n|-damage|p1a: Zacian|154/241\n|-start|p1a: Zacian|move: Heal Block\n|-status|p1a: Zacian|tox|[from] ability: Toxic Chain|[of] p2a: Munkidori\n|\n|-damage|p1a: Zacian|139/241 tox|[from] psn\n|upkeep\n|turn|7\n|\n|t:|1781437314\n|move|p1a: Zacian|Play Rough|p2a: Munkidori\n|-resisted|p2a: Munkidori\n|-damage|p2a: Munkidori|132/269\n|-damage|p1a: Zacian|115/241 tox|[from] item: Life Orb\n|move|p2a: Munkidori|Sludge Wave|p1a: Zacian\n|-supereffective|p1a: Zacian\n|-damage|p1a: Zacian|0 fnt\n|faint|p1a: Zacian\n|\n|upkeep\n|\n|t:|1781437319\n|switch|p1a: Venusaur|Venusaur, L84, F|102/272\n|turn|8\n|\n|t:|1781437325\n|move|p2a: Munkidori|Psychic Noise|p1a: Venusaur\n|-supereffective|p1a: Venusaur\n|-damage|p1a: Venusaur|0 fnt\n|faint|p1a: Venusaur\n|\n|upkeep\n|\n|t:|1781437330\n|switch|p1a: Venomoth|Venomoth, L84, F|255/255\n|turn|9\n|\n|t:|1781437342\n|move|p2a: Munkidori|Psychic Noise|p1a: Venomoth\n|-supereffective|p1a: Venomoth\n|-damage|p1a: Venomoth|45/255\n|-start|p1a: Venomoth|move: Heal Block\n|move|p1a: Venomoth|Sleep Powder|p2a: Munkidori|[miss]\n|-miss|p1a: Venomoth|p2a: Munkidori\n|\n|upkeep\n|turn|10\n|\n|t:|1781437354\n|move|p2a: Munkidori|Psychic Noise|p1a: Venomoth\n|-supereffective|p1a: Venomoth\n|-damage|p1a: Venomoth|0 fnt\n|faint|p1a: Venomoth\n|\n|upkeep\n|\n|t:|1781437357\n|switch|p1a: Walking Wake|Walking Wake, L79|286/286\n|turn|11\n|\n|t:|1781437373\n|move|p1a: Walking Wake|Hydro Pump|p2a: Munkidori\n|-damage|p2a: Munkidori|0 fnt\n|faint|p2a: Munkidori\n|\n|upkeep\n|\n|t:|1781437379\n|switch|p2a: Minun|Minun, L95, M|268/268\n|turn|12\n|inactive|Battle timer is ON: inactive players will automatically lose when time's up. (requested by chkffhkgd)\n|\n|t:|1781437382\n|-end|p1a: Walking Wake|Protosynthesis|[silent]\n|switch|p1a: Tropius|Tropius, L91, F|328/328\n|move|p2a: Minun|Nasty Plot|p2a: Minun\n|-boost|p2a: Minun|spa|2\n|\n|upkeep\n|turn|13\n|\n|t:|1781437387\n|move|p1a: Tropius|Protect|p1a: Tropius\n|-singleturn|p1a: Tropius|Protect\n|move|p2a: Minun|Thunderbolt|p1a: Tropius\n|-activate|p1a: Tropius|move: Protect\n|\n|upkeep\n|turn|14\n|\n|t:|1781437398\n|move|p2a: Minun|Thunderbolt|p1a: Tropius\n|-damage|p1a: Tropius|102/328\n|-enditem|p1a: Tropius|Sitrus Berry|[eat]\n|-heal|p1a: Tropius|184/328|[from] item: Sitrus Berry\n|-damage|p2a: Minun|242/268|[from] item: Life Orb\n|move|p1a: Tropius|Air Slash|p2a: Minun\n|-resisted|p2a: Minun\n|-damage|p2a: Minun|211/268\n|\n|-item|p1a: Tropius|Sitrus Berry|[from] ability: Harvest\n|upkeep\n|turn|15\n|\n|t:|1781437407\n|move|p1a: Tropius|Protect|p1a: Tropius\n|-singleturn|p1a: Tropius|Protect\n|move|p2a: Minun|Thunderbolt|p1a: Tropius\n|-activate|p1a: Tropius|move: Protect\n|\n|upkeep\n|turn|16\n|\n|t:|1781437419\n|move|p2a: Minun|Thunderbolt|p1a: Tropius\n|-damage|p1a: Tropius|0 fnt\n|faint|p1a: Tropius\n|-damage|p2a: Minun|185/268|[from] item: Life Orb\n|\n|upkeep\n|\n|t:|1781437422\n|switch|p1a: Suicune|Suicune, L82|298/298\n|-ability|p1a: Suicune|Pressure\n|turn|17\n|\n|t:|1781437427\n|move|p2a: Minun|Thunderbolt|p1a: Suicune\n|-supereffective|p1a: Suicune\n|-damage|p1a: Suicune|0 fnt\n|faint|p1a: Suicune\n|-damage|p2a: Minun|159/268|[from] item: Life Orb\n|\n|upkeep\n|\n|t:|1781437429\n|switch|p1a: Walking Wake|Walking Wake, L79|286/286\n|turn|18\n|\n|t:|1781437437\n|move|p2a: Minun|Thunderbolt|p1a: Walking Wake\n|-damage|p1a: Walking Wake|8/286\n|-damage|p2a: Minun|133/268|[from] item: Life Orb\n|move|p1a: Walking Wake|Draco Meteor|p2a: Minun\n|-damage|p2a: Minun|0 fnt\n|-unboost|p1a: Walking Wake|spa|2\n|faint|p2a: Minun\n|\n|upkeep\n|inactiveoff|Battle timer is now OFF.\n|\n|t:|1781437449\n|switch|p2a: Dodrio|Dodrio, L85, M|241/241\n|turn|19\n|\n|t:|1781437452\n|move|p2a: Dodrio|Quick Attack|p1a: Walking Wake\n|-damage|p1a: Walking Wake|0 fnt\n|faint|p1a: Walking Wake\n|-end|p1a: Walking Wake|Protosynthesis|[silent]\n|\n|win|vbehsjjdeb\n|raw|chkffhkgd's rating: 1000 &rarr; <strong>1000</strong><br />(+0 for losing)\n|raw|vbehsjjdeb's rating: 1000 &rarr; <strong>1040</strong><br />(+40 for winning)\n|l|\u2606vbehsjjdeb\n|player|p2|\n", "uploadtime": 1781437460, "views": 3, "formatid": "gen9randombattle", "rating": 1000, "private": 0, "password": null}