{"id": "gen9randombattle-2631651889", "format": "[Gen 9] Random Battle", "players": ["sonoffin", "gothampaladin"], "log": "|badge|p2|bronze|gen9randombattle|100-9\n|uhtml|medal-msg|<div class=\"broadcast-blue\">Curious what those medals under the avatar are? PS now has Ladder Seasons! For more information, check out the <a href=\"https://www.smogon.com/forums/threads/3740067/\">thread on Smogon.</a></div>\n|j|\u2606sonoffin\n|j|\u2606gothampaladin\n|t:|1781415217\n|gametype|singles\n|player|p1|sonoffin|hilbert-wonderlauncher|2210\n|player|p2|gothampaladin|flannery|2258\n|gen|9\n|tier|[Gen 9] Random Battle\n|rated|\n|rule|Species Clause: Limit one of each Pok\u00e9mon\n|rule|HP Percentage Mod: HP is shown in percentages\n|rule|Sleep Clause Mod: Limit one foe put to sleep\n|rule|Illusion Level Mod: Illusion disguises the Pok\u00e9mon's true level\n|\n|t:|1781415217\n|teamsize|p1|6\n|teamsize|p2|6\n|start\n|switch|p1a: Slaking|Slaking, L84, F|389/389\n|switch|p2a: Magnezone|Magnezone, L85|258/258\n|turn|1\n|inactive|Battle timer is ON: inactive players will automatically lose when time's up. (requested by sonoffin)\n|\n|t:|1781415223\n|switch|p2a: Corviknight|Corviknight, L80, M|288/288\n|-ability|p2a: Corviknight|Pressure\n|move|p1a: Slaking|Knock Off|p2a: Corviknight\n|-damage|p2a: Corviknight|147/288\n|-damage|p1a: Slaking|325/389|[from] item: Rocky Helmet|[of] p2a: Corviknight\n|-enditem|p2a: Corviknight|Rocky Helmet|[from] move: Knock Off|[of] p1a: Slaking\n|\n|upkeep\n|turn|2\n|\n|t:|1781415235\n|switch|p1a: Sandaconda|Sandaconda, L84, F|258/258\n|move|p2a: Corviknight|Roost|p2a: Corviknight\n|-heal|p2a: Corviknight|288/288\n|-singleturn|p2a: Corviknight|move: Roost\n|\n|upkeep\n|turn|3\n|\n|t:|1781415258\n|switch|p2a: Gumshoos|Gumshoos, L95, F|321/321\n|move|p1a: Sandaconda|Coil|p1a: Sandaconda\n|-boost|p1a: Sandaconda|atk|1\n|-boost|p1a: Sandaconda|def|1\n|-boost|p1a: Sandaconda|accuracy|1\n|\n|upkeep\n|turn|4\n|\n|t:|1781415267\n|move|p1a: Sandaconda|Coil|p1a: Sandaconda\n|-boost|p1a: Sandaconda|atk|1\n|-boost|p1a: Sandaconda|def|1\n|-boost|p1a: Sandaconda|accuracy|1\n|move|p2a: Gumshoos|Double-Edge|p1a: Sandaconda\n|-damage|p1a: Sandaconda|155/258\n|-damage|p2a: Gumshoos|287/321|[from] Recoil\n|\n|-heal|p1a: Sandaconda|171/258|[from] item: Leftovers\n|upkeep\n|turn|5\n|\n|t:|1781415277\n|move|p1a: Sandaconda|Coil|p1a: Sandaconda\n|-boost|p1a: Sandaconda|atk|1\n|-boost|p1a: Sandaconda|def|1\n|-boost|p1a: Sandaconda|accuracy|1\n|move|p2a: Gumshoos|Double-Edge|p1a: Sandaconda\n|-damage|p1a: Sandaconda|87/258\n|-damage|p2a: Gumshoos|259/321|[from] Recoil\n|\n|-heal|p1a: Sandaconda|103/258|[from] item: Leftovers\n|upkeep\n|turn|6\n|-message|gothampaladin forfeited.\n|\n|win|sonoffin\n", "uploadtime": 1781415219, "views": 4, "formatid": "gen9randombattle", "rating": null, "private": 0, "password": null}