{"id": "gen9randombattle-2631385079", "format": "[Gen 9] Random Battle", "players": ["Usummega", "qiuescent"], "log": "|j|\u2606Usummega\n|j|\u203dqiuescent\n|t:|1781378380\n|gametype|singles\n|player|p1|Usummega|maxie-gen6|2300\n|player|p2|qiuescent|265|2219\n|gen|9\n|tier|[Gen 9] Random Battle\n|rated|\n|rule|Species Clause: Limit one of each Pok\u00e9mon\n|rule|HP Percentage Mod: HP is shown in percentages\n|rule|Sleep Clause Mod: Limit one foe put to sleep\n|rule|Illusion Level Mod: Illusion disguises the Pok\u00e9mon's true level\n|\n|t:|1781378380\n|teamsize|p1|6\n|teamsize|p2|6\n|start\n|switch|p1a: Orthworm|Orthworm, L88, M|266/266\n|switch|p2a: Tentacruel|Tentacruel, L84, F|272/272\n|turn|1\n|inactive|Battle timer is ON: inactive players will automatically lose when time's up. (requested by qiuescent)\n|inactive|Usummega has 120 seconds left.\n|\n|t:|1781378430\n|switch|p1a: Arbok|Arbok, L87, F|246/246\n|-ability|p1a: Arbok|Intimidate|boost\n|-unboost|p2a: Tentacruel|atk|1\n|move|p2a: Tentacruel|Surf|p1a: Arbok\n|-damage|p1a: Arbok|161/246\n|\n|-heal|p1a: Arbok|176/246|[from] item: Leftovers\n|upkeep\n|turn|2\n|\n|t:|1781378436\n|move|p2a: Tentacruel|Surf|p1a: Arbok\n|-damage|p1a: Arbok|82/246\n|move|p1a: Arbok|Earthquake|p2a: Tentacruel\n|-supereffective|p2a: Tentacruel\n|-damage|p2a: Tentacruel|80/272\n|\n|-heal|p1a: Arbok|97/246|[from] item: Leftovers\n|upkeep\n|turn|3\n|\n|t:|1781378442\n|move|p2a: Tentacruel|Surf|p1a: Arbok\n|-damage|p1a: Arbok|10/246\n|move|p1a: Arbok|Earthquake|p2a: Tentacruel\n|-supereffective|p2a: Tentacruel\n|-damage|p2a: Tentacruel|0 fnt\n|faint|p2a: Tentacruel\n|\n|-heal|p1a: Arbok|25/246|[from] item: Leftovers\n|upkeep\n|\n|t:|1781378451\n|switch|p2a: Forretress|Forretress, L84, M|263/263\n|turn|4\n|inactive|Usummega has 120 seconds left.\n|\n|t:|1781378482\n|switch|p1a: Houndoom|Houndoom, L87, F|272/272\n|move|p2a: Forretress|Thunder Wave|p1a: Houndoom\n|-status|p1a: Houndoom|par\n|\n|upkeep\n|turn|5\n|\n|t:|1781378491\n|move|p2a: Forretress|Stealth Rock|p1a: Houndoom\n|-sidestart|p1: Usummega|move: Stealth Rock\n|move|p1a: Houndoom|Fire Blast|p2a: Forretress\n|-supereffective|p2a: Forretress\n|-ability|p2a: Forretress|Sturdy\n|-damage|p2a: Forretress|1/263\n|\n|-heal|p2a: Forretress|17/263|[from] item: Leftovers\n|upkeep\n|turn|6\n|\n|t:|1781378497\n|move|p2a: Forretress|Spikes|p1a: Houndoom\n|-sidestart|p1: Usummega|Spikes\n|move|p1a: Houndoom|Dark Pulse|p2a: Forretress\n|-crit|p2a: Forretress\n|-damage|p2a: Forretress|0 fnt\n|faint|p2a: Forretress\n|\n|upkeep\n|\n|t:|1781378504\n|switch|p2a: Trevenant|Trevenant, L89, F|296/296\n|turn|7\n|inactive|Usummega has 120 seconds left.\n|\n|t:|1781378542\n|switch|p1a: Dodrio|Dodrio, L85, F|241/241\n|move|p2a: Trevenant|Drain Punch|p1a: Dodrio\n|-damage|p1a: Dodrio|130/241\n|\n|upkeep\n|turn|8\n|\n|t:|1781378561\n|switch|p2a: Arboliva|Arboliva, L91, F|288/288\n|move|p1a: Dodrio|Brave Bird|p2a: Arboliva\n|-supereffective|p2a: Arboliva\n|-damage|p2a: Arboliva|24/288\n|-enditem|p2a: Arboliva|Sitrus Berry|[eat]\n|-heal|p2a: Arboliva|96/288|[from] item: Sitrus Berry\n|-damage|p1a: Dodrio|43/241|[from] Recoil\n|\n|upkeep\n|turn|9\n|inactive|Usummega has 120 seconds left.\n|\n|t:|1781378569\n|move|p1a: Dodrio|Brave Bird|p2a: Arboliva\n|-supereffective|p2a: Arboliva\n|-damage|p2a: Arboliva|0 fnt\n|faint|p2a: Arboliva\n|-damage|p1a: Dodrio|11/241|[from] Recoil\n|\n|upkeep\n|\n|t:|1781378570\n|switch|p2a: Mismagius|Mismagius, L86, M|243/243\n|turn|10\n|\n|t:|1781378582\n|switch|p1a: Houndoom|Houndoom, L87, F|272/272 par\n|move|p2a: Mismagius|Dazzling Gleam|p1a: Houndoom\n|-damage|p1a: Houndoom|177/272 par\n|\n|upkeep\n|turn|11\n|\n|t:|1781378598\n|switch|p2a: Dragonite|Dragonite, L74, F|257/257\n|move|p1a: Houndoom|Fire Blast|p2a: Dragonite\n|-resisted|p2a: Dragonite\n|-damage|p2a: Dragonite|225/257\n|\n|upkeep\n|turn|12\n|\n|t:|1781378619\n|move|p2a: Dragonite|Roost|p2a: Dragonite\n|-heal|p2a: Dragonite|257/257\n|-singleturn|p2a: Dragonite|move: Roost\n|move|p1a: Houndoom|Sludge Bomb|p2a: Dragonite\n|-damage|p2a: Dragonite|217/257\n|\n|upkeep\n|turn|13\n|\n|t:|1781378627\n|move|p2a: Dragonite|Earthquake|p1a: Houndoom\n|-supereffective|p1a: Houndoom\n|-damage|p1a: Houndoom|0 fnt\n|faint|p1a: Houndoom\n|\n|upkeep\n|\n|t:|1781378633\n|switch|p1a: Florges|Florges, L85, F|271/271\n|-damage|p1a: Florges|238/271|[from] Stealth Rock\n|-damage|p1a: Florges|205/271|[from] Spikes\n|turn|14\n|\n|t:|1781378637\n|switch|p2a: Trevenant|Trevenant, L89, F|296/296\n|move|p1a: Florges|Moonblast|p2a: Trevenant\n|-damage|p2a: Trevenant|176/296\n|\n|-heal|p1a: Florges|221/271|[from] item: Leftovers\n|upkeep\n|turn|15\n|\n|t:|1781378651\n|move|p1a: Florges|Protect|p1a: Florges\n|-singleturn|p1a: Florges|Protect\n|move|p2a: Trevenant|Wood Hammer|p1a: Florges\n|-activate|p1a: Florges|move: Protect\n|\n|-heal|p1a: Florges|237/271|[from] item: Leftovers\n|upkeep\n|turn|16\n|\n|t:|1781378667\n|switch|p1a: Arbok|Arbok, L87, F|25/246\n|-damage|p1a: Arbok|0 fnt|[from] Stealth Rock\n|faint|p1a: Arbok\n|move|p2a: Trevenant|Wood Hammer|p1: Arbok|[notarget]\n|-fail|p2a: Trevenant\n|\n|upkeep\n|\n|t:|1781378670\n|switch|p1a: Dodrio|Dodrio, L85, F|11/241\n|turn|17\n|\n|t:|1781378673\n|switch|p2a: Mismagius|Mismagius, L86, M|243/243\n|move|p1a: Dodrio|Brave Bird|p2a: Mismagius\n|-damage|p2a: Mismagius|47/243\n|-damage|p1a: Dodrio|0 fnt|[from] Recoil\n|faint|p1a: Dodrio\n|\n|upkeep\n|\n|t:|1781378676\n|switch|p1a: Florges|Florges, L85, F|237/271\n|-damage|p1a: Florges|204/271|[from] Stealth Rock\n|-damage|p1a: Florges|171/271|[from] Spikes\n|turn|18\n|\n|t:|1781378685\n|move|p2a: Mismagius|Mystical Fire|p1a: Florges\n|-damage|p1a: Florges|117/271\n|-unboost|p1a: Florges|spa|1\n|move|p1a: Florges|Moonblast|p2a: Mismagius\n|-crit|p2a: Mismagius\n|-damage|p2a: Mismagius|0 fnt\n|faint|p2a: Mismagius\n|\n|-heal|p1a: Florges|133/271|[from] item: Leftovers\n|upkeep\n|\n|t:|1781378695\n|switch|p2a: Trevenant|Trevenant, L89, F|176/296\n|turn|19\n|inactive|Usummega has 120 seconds left.\n|\n|t:|1781378739\n|move|p1a: Florges|Protect|p1a: Florges\n|-singleturn|p1a: Florges|Protect\n|move|p2a: Trevenant|Poltergeist|p1a: Florges\n|-activate|p1a: Florges|move: Protect\n|\n|-heal|p1a: Florges|149/271|[from] item: Leftovers\n|upkeep\n|turn|20\n|\n|t:|1781378744\n|move|p1a: Florges|Wish|p1a: Florges\n|move|p2a: Trevenant|Poltergeist|p1a: Florges\n|-activate|p1a: Florges|move: Poltergeist|Leftovers\n|-damage|p1a: Florges|0 fnt\n|faint|p1a: Florges\n|\n|upkeep\n|\n|t:|1781378750\n|switch|p1a: Orthworm|Orthworm, L88, M|266/266\n|-damage|p1a: Orthworm|250/266|[from] Stealth Rock\n|-damage|p1a: Orthworm|217/266|[from] Spikes\n|turn|21\n|inactive|Usummega has 120 seconds left.\n|\n|t:|1781378756\n|move|p1a: Orthworm|Heavy Slam|p2a: Trevenant\n|-damage|p2a: Trevenant|71/296\n|move|p2a: Trevenant|Poltergeist|p1a: Orthworm\n|-activate|p1a: Orthworm|move: Poltergeist|Leftovers\n|-damage|p1a: Orthworm|87/266\n|\n|-heal|p1a: Orthworm|222/266|[from] move: Wish|[wisher] Florges\n|-heal|p1a: Orthworm|238/266|[from] item: Leftovers\n|upkeep\n|turn|22\n|\n|t:|1781378764\n|move|p1a: Orthworm|Heavy Slam|p2a: Trevenant\n|-damage|p2a: Trevenant|0 fnt\n|faint|p2a: Trevenant\n|\n|-heal|p1a: Orthworm|254/266|[from] item: Leftovers\n|upkeep\n|\n|t:|1781378770\n|switch|p2a: Dragonite|Dragonite, L74, F|217/257\n|turn|23\n|\n|t:|1781378779\n|move|p1a: Orthworm|Heavy Slam|p2a: Dragonite\n|-damage|p2a: Dragonite|171/257\n|move|p2a: Dragonite|Dragon Dance|p2a: Dragonite\n|-boost|p2a: Dragonite|atk|1\n|-boost|p2a: Dragonite|spe|1\n|\n|-heal|p1a: Orthworm|266/266|[from] item: Leftovers\n|upkeep\n|turn|24\n|\n|t:|1781378786\n|move|p2a: Dragonite|Dragon Dance|p2a: Dragonite\n|-boost|p2a: Dragonite|atk|1\n|-boost|p2a: Dragonite|spe|1\n|move|p1a: Orthworm|Shed Tail|p1a: Orthworm\n|-start|p1a: Orthworm|Substitute|[from] move: Shed Tail\n|-damage|p1a: Orthworm|133/266\n|\n|t:|1781378789\n|switch|p1a: Tatsugiri|Tatsugiri, L87, M|260/260|[from] Shed Tail\n|\n|upkeep\n|turn|25\n|\n|t:|1781378801\n|-terastallize|p2a: Dragonite|Ground\n|move|p2a: Dragonite|Earthquake|p1a: Tatsugiri\n|-crit|p1a: Tatsugiri\n|-end|p1a: Tatsugiri|Substitute\n|move|p1a: Tatsugiri|Rapid Spin|p2a: Dragonite\n|-damage|p2a: Dragonite|143/257\n|-boost|p1a: Tatsugiri|spe|1\n|-sideend|p1: Usummega|Spikes|[from] move: Rapid Spin|[of] p1a: Tatsugiri\n|-sideend|p1: Usummega|Stealth Rock|[from] move: Rapid Spin|[of] p1a: Tatsugiri\n|\n|upkeep\n|turn|26\n|\n|t:|1781378806\n|switch|p1a: Orthworm|Orthworm, L88, M|133/266\n|move|p2a: Dragonite|Outrage|p1a: Orthworm\n|-resisted|p1a: Orthworm\n|-damage|p1a: Orthworm|55/266\n|\n|-heal|p1a: Orthworm|71/266|[from] item: Leftovers\n|upkeep\n|turn|27\n|\n|t:|1781378812\n|move|p2a: Dragonite|Outrage|p1a: Orthworm|[from] lockedmove\n|-resisted|p1a: Orthworm\n|-damage|p1a: Orthworm|0 fnt\n|faint|p1a: Orthworm\n|-start|p2a: Dragonite|confusion|[fatigue]\n|\n|upkeep\n|\n|t:|1781378814\n|switch|p1a: Tatsugiri|Tatsugiri, L87, M|260/260\n|turn|28\n|\n|t:|1781378819\n|-terastallize|p1a: Tatsugiri|Steel\n|-activate|p2a: Dragonite|confusion\n|-damage|p2a: Dragonite|81/257|[from] confusion\n|move|p1a: Tatsugiri|Hydro Pump|p2a: Dragonite\n|-supereffective|p2a: Dragonite\n|-damage|p2a: Dragonite|0 fnt\n|faint|p2a: Dragonite\n|\n|win|Usummega\n", "inputlog": ">version a8376a258c1d4662feba110a92103f3664a72141\n>start {\"formatid\":\"gen9randombattle\",\"seed\":\"sodium,372b7158467f70108fc382e1d2e2498f\",\"rated\":\"Rated battle\"}\n>player p1 {\"name\":\"Usummega\",\"avatar\":\"maxie-gen6\",\"rating\":2300,\"seed\":\"sodium,3458c71cb968319926803b46f3ee3800\"}\n>player p2 {\"name\":\"qiuescent\",\"avatar\":\"265\",\"rating\":2219,\"seed\":\"sodium,f68bb455ae3eac4978b6a9ab398b5851\"}\n>p1 switch 2\n>p2 move surf\n>p1 move earthquake\n>p2 move surf\n>p1 move earthquake\n>p2 move surf\n>p2 switch 4\n>p1 switch 5\n>p2 move thunderwave\n>p1 move fireblast\n>p2 move stealthrock\n>p1 move darkpulse\n>p2 move spikes\n>p2 switch 3\n>p1 switch 3\n>p2 move drainpunch\n>p1 move bravebird\n>p2 switch 2\n>p1 move bravebird\n>p2 move hypervoice\n>p2 switch 6\n>p1 switch 3\n>p2 move dazzlinggleam\n>p1 move fireblast\n>p2 switch 5\n>p1 move sludgebomb\n>p2 move roost\n>p1 move sludgebomb\n>p2 move earthquake\n>p1 switch 4\n>p1 move moonblast\n>p2 switch 2\n>p1 move protect\n>p2 move woodhammer\n>p1 switch 5\n>p2 move woodhammer\n>p1 switch 3\n>p1 move bravebird\n>p2 switch 5\n>p1 switch 5\n>p1 move moonblast\n>p2 move mysticalfire\n>p2 switch 5\n>p1 move protect\n>p2 move poltergeist\n>p1 move wish\n>p2 move poltergeist\n>p1 switch 2\n>p1 move heavyslam\n>p2 move poltergeist\n>p1 move heavyslam\n>p2 move poltergeist\n>p2 switch 2\n>p1 move heavyslam\n>p2 move dragondance\n>p1 move shedtail\n>p2 move dragondance\n>p1 switch 6\n>p1 move rapidspin\n>p2 move earthquake terastallize\n>p1 switch 6\n>p2 move outrage\n>p1 move heavyslam\n>p2 move outrage\n>p1 switch 6\n>p1 move hydropump terastallize\n>p2 move outrage", "uploadtime": 1781378382, "views": 7, "formatid": "gen9randombattle", "rating": null, "private": 0, "password": null}