{"id": "gen9randombattle-2631441750", "format": "[Gen 9] Random Battle", "players": ["Lord Stantler", "Ara Ara Armin"], "log": "|j|\u2606Lord Stantler\n|j|\u2606Ara Ara Armin\n|t:|1781385108\n|gametype|singles\n|player|p1|Lord Stantler|102|1983\n|player|p2|Ara Ara Armin|265|1963\n|gen|9\n|tier|[Gen 9] Random Battle\n|rated|\n|rule|Species Clause: Limit one of each Pok\u00e9mon\n|rule|HP Percentage Mod: HP is shown in percentages\n|rule|Sleep Clause Mod: Limit one foe put to sleep\n|rule|Illusion Level Mod: Illusion disguises the Pok\u00e9mon's true level\n|\n|t:|1781385108\n|teamsize|p1|6\n|teamsize|p2|6\n|start\n|switch|p1a: Articuno|Articuno-Galar, L84|288/288\n|switch|p2a: Typhlosion|Typhlosion-Hisui, L83, F|257/257\n|turn|1\n|inactive|Battle timer is ON: inactive players will automatically lose when time's up. (requested by Lord Stantler)\n|\n|t:|1781385121\n|switch|p1a: Muk|Muk, L86, M|321/321\n|move|p2a: Typhlosion|Shadow Ball|p1a: Muk\n|-damage|p1a: Muk|237/321\n|\n|-heal|p1a: Muk|257/321|[from] item: Leftovers\n|upkeep\n|turn|2\n|\n|t:|1781385130\n|switch|p2a: Poliwrath|Poliwrath, L88, F|302/302\n|move|p1a: Muk|Toxic Spikes|p2a: Poliwrath\n|-sidestart|p2: Ara Ara Armin|move: Toxic Spikes\n|\n|-heal|p1a: Muk|277/321|[from] item: Leftovers\n|upkeep\n|turn|3\n|\n|t:|1781385140\n|move|p2a: Poliwrath|Knock Off|p1a: Muk\n|-damage|p1a: Muk|173/321\n|-enditem|p1a: Muk|Leftovers|[from] move: Knock Off|[of] p2a: Poliwrath\n|-damage|p2a: Poliwrath|272/302|[from] item: Life Orb\n|move|p1a: Muk|Knock Off|p2a: Poliwrath\n|-resisted|p2a: Poliwrath\n|-crit|p2a: Poliwrath\n|-damage|p2a: Poliwrath|215/302\n|-enditem|p2a: Poliwrath|Life Orb|[from] move: Knock Off|[of] p1a: Muk\n|\n|upkeep\n|turn|4\n|\n|t:|1781385162\n|switch|p1a: Gogoat|Gogoat, L88, M|360/360\n|move|p2a: Poliwrath|Rain Dance|p2a: Poliwrath\n|-weather|RainDance\n|\n|-weather|RainDance|[upkeep]\n|upkeep\n|turn|5\n|\n|t:|1781385172\n|switch|p2a: Grafaiai|Grafaiai, L86, M|249/249\n|-sideend|p2: Ara Ara Armin|move: Toxic Spikes|[of] p2a: Grafaiai\n|move|p1a: Gogoat|Horn Leech|p2a: Grafaiai\n|-resisted|p2a: Grafaiai\n|-damage|p2a: Grafaiai|190/249\n|\n|-weather|RainDance|[upkeep]\n|upkeep\n|turn|6\n|\n|t:|1781385187\n|move|p2a: Grafaiai|Knock Off|p1a: Gogoat\n|-damage|p1a: Gogoat|239/360\n|-enditem|p1a: Gogoat|Leftovers|[from] move: Knock Off|[of] p2a: Grafaiai\n|-damage|p2a: Grafaiai|166/249|[from] item: Life Orb\n|move|p1a: Gogoat|Earthquake|p2a: Grafaiai\n|-supereffective|p2a: Grafaiai\n|-damage|p2a: Grafaiai|0 fnt\n|faint|p2a: Grafaiai\n|\n|-weather|RainDance|[upkeep]\n|upkeep\n|\n|t:|1781385202\n|switch|p2a: Giratina|Giratina, L75|349/349\n|-ability|p2a: Giratina|Pressure\n|turn|7\n|\n|t:|1781385214\n|switch|p1a: Honchkrow|Honchkrow, L86, M|312/312\n|move|p2a: Giratina|Will-O-Wisp|p1a: Honchkrow\n|-status|p1a: Honchkrow|brn\n|\n|-weather|RainDance|[upkeep]\n|-damage|p1a: Honchkrow|293/312 brn|[from] brn\n|upkeep\n|turn|8\n|\n|t:|1781385229\n|switch|p2a: Poliwrath|Poliwrath, L88, F|215/302\n|move|p1a: Honchkrow|U-turn|p2a: Poliwrath\n|-resisted|p2a: Poliwrath\n|-damage|p2a: Poliwrath|201/302\n|\n|t:|1781385234\n|switch|p1a: Gogoat|Gogoat, L88, M|239/360|[from] U-turn\n|\n|-weather|none\n|upkeep\n|turn|9\n|\n|t:|1781385241\n|switch|p2a: Giratina|Giratina, L75|349/349\n|-ability|p2a: Giratina|Pressure\n|switch|p1a: Honchkrow|Honchkrow, L86, M|293/312 brn\n|\n|-damage|p1a: Honchkrow|274/312 brn|[from] brn\n|upkeep\n|turn|10\n|\n|t:|1781385257\n|move|p1a: Honchkrow|Heat Wave|p2a: Giratina\n|-resisted|p2a: Giratina\n|-damage|p2a: Giratina|317/349\n|move|p2a: Giratina|Dragon Tail|p1a: Honchkrow\n|-damage|p1a: Honchkrow|204/312 brn\n|drag|p1a: Sylveon|Sylveon, L85, F|300/300\n|\n|-heal|p2a: Giratina|338/349|[from] item: Leftovers\n|upkeep\n|turn|11\n|\n|t:|1781385274\n|switch|p2a: Bellibolt|Bellibolt, L84, F|320/320\n|move|p1a: Sylveon|Calm Mind|p1a: Sylveon\n|-boost|p1a: Sylveon|spa|1\n|-boost|p1a: Sylveon|spd|1\n|\n|upkeep\n|turn|12\n|\n|t:|1781385293\n|move|p1a: Sylveon|Hyper Voice|p2a: Bellibolt\n|-damage|p2a: Bellibolt|124/320\n|-start|p2a: Bellibolt|Charge|Hyper Voice|[from] ability: Electromorphosis\n|move|p2a: Bellibolt|Toxic|p1a: Sylveon\n|-status|p1a: Sylveon|tox\n|\n|-heal|p2a: Bellibolt|144/320|[from] item: Leftovers\n|-damage|p1a: Sylveon|282/300 tox|[from] psn\n|upkeep\n|turn|13\n|\n|t:|1781385298\n|move|p1a: Sylveon|Hyper Voice|p2a: Bellibolt\n|-damage|p2a: Bellibolt|0 fnt\n|faint|p2a: Bellibolt\n|\n|-heal|p1a: Sylveon|300/300 tox|[from] item: Leftovers\n|-damage|p1a: Sylveon|264/300 tox|[from] psn\n|upkeep\n|\n|t:|1781385304\n|switch|p2a: Giratina|Giratina, L75|338/349\n|-ability|p2a: Giratina|Pressure\n|turn|14\n|\n|t:|1781385315\n|-terastallize|p2a: Giratina|Fairy\n|move|p2a: Giratina|Shadow Ball|p1a: Sylveon\n|-damage|p1a: Sylveon|230/300 tox\n|move|p1a: Sylveon|Hyper Voice|p2a: Giratina\n|-damage|p2a: Giratina|166/349\n|\n|-heal|p2a: Giratina|187/349|[from] item: Leftovers\n|-heal|p1a: Sylveon|248/300 tox|[from] item: Leftovers\n|-damage|p1a: Sylveon|194/300 tox|[from] psn\n|upkeep\n|turn|15\n|\n|t:|1781385327\n|move|p2a: Giratina|Shadow Ball|p1a: Sylveon\n|-damage|p1a: Sylveon|155/300 tox\n|move|p1a: Sylveon|Hyper Voice|p2a: Giratina\n|-damage|p2a: Giratina|21/349\n|\n|-heal|p2a: Giratina|42/349|[from] item: Leftovers\n|-heal|p1a: Sylveon|173/300 tox|[from] item: Leftovers\n|-damage|p1a: Sylveon|101/300 tox|[from] psn\n|upkeep\n|turn|16\n|\n|t:|1781385334\n|move|p2a: Giratina|Shadow Ball|p1a: Sylveon\n|-damage|p1a: Sylveon|64/300 tox\n|move|p1a: Sylveon|Hyper Voice|p2a: Giratina\n|-damage|p2a: Giratina|0 fnt\n|faint|p2a: Giratina\n|\n|-heal|p1a: Sylveon|82/300 tox|[from] item: Leftovers\n|-damage|p1a: Sylveon|0 fnt|[from] psn\n|faint|p1a: Sylveon\n|upkeep\n|\n|t:|1781385343\n|switch|p2a: Typhlosion|Typhlosion-Hisui, L83, F|257/257\n|switch|p1a: Muk|Muk, L86, M|173/321\n|turn|17\n|\n|t:|1781385356\n|move|p2a: Typhlosion|Eruption|p1a: Muk\n|-damage|p1a: Muk|1/321\n|move|p1a: Muk|Toxic Spikes|p2a: Typhlosion\n|-sidestart|p2: Ara Ara Armin|move: Toxic Spikes\n|\n|upkeep\n|turn|18\n|\n|t:|1781385363\n|switch|p1a: Entei|Entei, L78|307/307\n|move|p2a: Typhlosion|Eruption|p1a: Entei\n|-resisted|p1a: Entei\n|-crit|p1a: Entei\n|-damage|p1a: Entei|139/307\n|\n|upkeep\n|turn|19\n|\n|t:|1781385374\n|switch|p2a: Poliwrath|Poliwrath, L88, F|201/302\n|-status|p2a: Poliwrath|psn\n|move|p1a: Entei|Stomping Tantrum|p2a: Poliwrath\n|-damage|p2a: Poliwrath|133/302 psn\n|\n|-damage|p2a: Poliwrath|96/302 psn|[from] psn\n|upkeep\n|turn|20\n|\n|t:|1781385384\n|switch|p1a: Muk|Muk, L86, M|1/321\n|move|p2a: Poliwrath|Close Combat|p1a: Muk\n|-resisted|p1a: Muk\n|-damage|p1a: Muk|0 fnt\n|-unboost|p2a: Poliwrath|def|1\n|-unboost|p2a: Poliwrath|spd|1\n|faint|p1a: Muk\n|\n|-damage|p2a: Poliwrath|59/302 psn|[from] psn\n|upkeep\n|\n|t:|1781385409\n|switch|p1a: Honchkrow|Honchkrow, L86, M|204/312 brn\n|turn|21\n|\n|t:|1781385412\n|move|p2a: Poliwrath|Close Combat|p1a: Honchkrow\n|-damage|p1a: Honchkrow|14/312 brn\n|-unboost|p2a: Poliwrath|def|1\n|-unboost|p2a: Poliwrath|spd|1\n|move|p1a: Honchkrow|Brave Bird|p2a: Poliwrath\n|-supereffective|p2a: Poliwrath\n|-damage|p2a: Poliwrath|0 fnt\n|faint|p2a: Poliwrath\n|-ability|p1a: Honchkrow|Moxie|boost\n|-boost|p1a: Honchkrow|atk|1\n|-damage|p1a: Honchkrow|0 fnt|[from] Recoil\n|faint|p1a: Honchkrow\n|\n|upkeep\n|\n|t:|1781385425\n|switch|p2a: Virizion|Virizion, L82|283/283\n|switch|p1a: Entei|Entei, L78|139/307\n|-status|p2a: Virizion|psn\n|turn|22\n|\n|t:|1781385436\n|move|p2a: Virizion|Close Combat|p1a: Entei\n|-damage|p1a: Entei|0 fnt\n|-unboost|p2a: Virizion|def|1\n|-unboost|p2a: Virizion|spd|1\n|faint|p1a: Entei\n|-damage|p2a: Virizion|255/283 psn|[from] item: Life Orb\n|\n|-damage|p2a: Virizion|220/283 psn|[from] psn\n|upkeep\n|\n|t:|1781385441\n|switch|p1a: Articuno|Articuno-Galar, L84|288/288\n|turn|23\n|\n|t:|1781385447\n|-terastallize|p1a: Articuno|Steel\n|move|p2a: Virizion|Stone Edge|p1a: Articuno\n|-resisted|p1a: Articuno\n|-crit|p1a: Articuno\n|-damage|p1a: Articuno|222/288\n|-damage|p2a: Virizion|192/283 psn|[from] item: Life Orb\n|move|p1a: Articuno|Freezing Glare|p2a: Virizion\n|-supereffective|p2a: Virizion\n|-damage|p2a: Virizion|0 fnt\n|faint|p2a: Virizion\n|\n|upkeep\n|\n|t:|1781385450\n|switch|p2a: Typhlosion|Typhlosion-Hisui, L83, F|257/257\n|-status|p2a: Typhlosion|psn\n|turn|24\n|\n|t:|1781385457\n|move|p2a: Typhlosion|Eruption|p1a: Articuno\n|-supereffective|p1a: Articuno\n|-damage|p1a: Articuno|0 fnt\n|faint|p1a: Articuno\n|\n|-damage|p2a: Typhlosion|225/257 psn|[from] psn\n|upkeep\n|\n|t:|1781385459\n|switch|p1a: Gogoat|Gogoat, L88, M|239/360\n|turn|25\n|\n|t:|1781385461\n|move|p2a: Typhlosion|Eruption|p1a: Gogoat\n|-supereffective|p1a: Gogoat\n|-damage|p1a: Gogoat|0 fnt\n|faint|p1a: Gogoat\n|\n|win|Ara Ara Armin\n", "inputlog": ">version a8376a258c1d4662feba110a92103f3664a72141\n>start {\"formatid\":\"gen9randombattle\",\"seed\":\"sodium,d2787e526053dcabacb4b78f779cece1\",\"rated\":\"Rated battle\"}\n>player p1 {\"name\":\"Lord Stantler\",\"avatar\":\"102\",\"rating\":1983,\"seed\":\"sodium,cd7b42c58dbf1d2294d6aaf8669618a3\"}\n>player p2 {\"name\":\"Ara Ara Armin\",\"avatar\":\"265\",\"rating\":1963,\"seed\":\"sodium,01d05926a8ccb2d12f1b11da6854a794\"}\n>p1 switch 2\n>p2 move shadowball\n>p1 move toxicspikes\n>p2 switch 4\n>p1 move knockoff\n>p2 move knockoff\n>p1 switch 3\n>p2 move raindance\n>p1 move hornleech\n>p2 switch 5\n>p1 move earthquake\n>p2 move knockoff\n>p2 switch 6\n>p1 switch 5\n>p2 move willowisp\n>p1 move uturn\n>p2 switch 5\n>p1 switch 5\n>p1 switch 5\n>p2 switch 5\n>p1 move heatwave\n>p2 move dragontail\n>p1 move calmmind\n>p2 switch 2\n>p1 move hypervoice\n>p2 move toxic\n>p1 move hypervoice\n>p2 move slackoff\n>p2 switch 2\n>p1 move hypervoice\n>p2 move shadowball terastallize\n>p1 move hypervoice\n>p2 move shadowball\n>p1 move hypervoice\n>p2 move shadowball\n>p1 switch 3\n>p2 switch 4\n>p1 move toxicspikes\n>p2 move eruption\n>p1 switch 6\n>p2 move eruption\n>p1 move stompingtantrum\n>p2 switch 5\n>p1 switch 6\n>p2 move closecombat\n>p1 switch 4\n>p1 move bravebird\n>p2 move closecombat\n>p1 switch 6\n>p2 switch 3\n>p1 move sacredfire\n>p2 move closecombat\n>p1 switch 2\n>p1 move freezingglare terastallize\n>p2 move stoneedge\n>p2 switch 5\n>p1 move freezingglare\n>p2 move eruption\n>p1 switch 5\n>p1 move earthquake\n>p2 move eruption", "uploadtime": 1781385110, "views": 8, "formatid": "gen9randombattle", "rating": null, "private": 0, "password": null}