{"id": "gen9randombattle-2632003232", "format": "[Gen 9] Random Battle", "players": ["Jenome", "edryx"], "log": "|j|\u2606Jenome\n|j|\u2606edryx\n|t:|1781464844\n|gametype|singles\n|player|p1|Jenome|gentleman-gen4|1609\n|player|p2|edryx|265|1570\n|gen|9\n|tier|[Gen 9] Random Battle\n|rated|\n|rule|Species Clause: Limit one of each Pok\u00e9mon\n|rule|HP Percentage Mod: HP is shown in percentages\n|rule|Sleep Clause Mod: Limit one foe put to sleep\n|rule|Illusion Level Mod: Illusion disguises the Pok\u00e9mon's true level\n|\n|t:|1781464844\n|teamsize|p1|6\n|teamsize|p2|6\n|start\n|switch|p1a: Klawf|Klawf, L90, F|272/272\n|switch|p2a: Ariados|Ariados, L95, M|287/287\n|turn|1\n|\n|t:|1781464868\n|move|p1a: Klawf|Stone Edge|p2a: Ariados\n|-supereffective|p2a: Ariados\n|-damage|p2a: Ariados|15/287\n|move|p2a: Ariados|Sticky Web|p1a: Klawf\n|-sidestart|p1: Jenome|move: Sticky Web\n|\n|upkeep\n|turn|2\n|inactive|Battle timer is ON: inactive players will automatically lose when time's up. (requested by Jenome)\n|\n|t:|1781464877\n|move|p1a: Klawf|Knock Off|p2a: Ariados\n|-damage|p2a: Ariados|0 fnt\n|-enditem|p2a: Ariados|Focus Sash|[from] move: Knock Off|[of] p1a: Klawf\n|faint|p2a: Ariados\n|\n|upkeep\n|\n|t:|1781464883\n|switch|p2a: Primarina|Primarina, L83, M|268/268\n|turn|3\n|\n|t:|1781464890\n|move|p1a: Klawf|Stone Edge|p2a: Primarina\n|-damage|p2a: Primarina|129/268\n|move|p2a: Primarina|Hydro Pump|p1a: Klawf|[miss]\n|-miss|p2a: Primarina|p1a: Klawf\n|\n|upkeep\n|turn|4\n|\n|t:|1781464910\n|move|p1a: Klawf|Stone Edge|p2a: Primarina|[miss]\n|-miss|p1a: Klawf|p2a: Primarina\n|move|p2a: Primarina|Hydro Pump|p1a: Klawf|[miss]\n|-miss|p2a: Primarina|p1a: Klawf\n|\n|upkeep\n|turn|5\n|c|\u2606edryx|:')\n|\n|t:|1781464916\n|move|p1a: Klawf|Stone Edge|p2a: Primarina\n|-damage|p2a: Primarina|0 fnt\n|faint|p2a: Primarina\n|\n|upkeep\n|\n|t:|1781464922\n|switch|p2a: Diancie|Diancie, L82|216/216\n|turn|6\n|\n|t:|1781464932\n|move|p1a: Klawf|Swords Dance|p1a: Klawf\n|-boost|p1a: Klawf|atk|2\n|move|p2a: Diancie|Diamond Storm|p1a: Klawf\n|-damage|p1a: Klawf|197/272\n|\n|upkeep\n|turn|7\n|\n|t:|1781464939\n|move|p1a: Klawf|Crabhammer|p2a: Diancie\n|-supereffective|p2a: Diancie\n|-damage|p2a: Diancie|0 fnt\n|faint|p2a: Diancie\n|\n|upkeep\n|\n|t:|1781464942\n|switch|p2a: Cinderace|Cinderace, L77, M|249/249\n|turn|8\n|\n|t:|1781464952\n|move|p2a: Cinderace|High Jump Kick|p1a: Klawf\n|-start|p2a: Cinderace|typechange|Fighting|[from] ability: Libero\n|-supereffective|p1a: Klawf\n|-damage|p1a: Klawf|0 fnt\n|faint|p1a: Klawf\n|\n|upkeep\n|\n|t:|1781464956\n|switch|p1a: Tropius|Tropius, L91, F|328/328\n|turn|9\n|\n|t:|1781464972\n|switch|p2a: Gengar|Gengar, L81, M|230/230\n|move|p1a: Tropius|Dragon Dance|p1a: Tropius\n|-boost|p1a: Tropius|atk|1\n|-boost|p1a: Tropius|spe|1\n|\n|upkeep\n|turn|10\n|\n|t:|1781464987\n|move|p2a: Gengar|Encore|p1a: Tropius\n|-start|p1a: Tropius|Encore\n|move|p1a: Tropius|Dragon Dance|p1a: Tropius\n|-boost|p1a: Tropius|atk|1\n|-boost|p1a: Tropius|spe|1\n|\n|upkeep\n|turn|11\n|\n|t:|1781464995\n|switch|p1a: Raging Bolt|Raging Bolt, L78|323/323\n|-activate|p1a: Raging Bolt|move: Sticky Web\n|-unboost|p1a: Raging Bolt|spe|1\n|move|p2a: Gengar|Sludge Wave|p1a: Raging Bolt\n|-damage|p1a: Raging Bolt|144/323\n|-damage|p2a: Gengar|207/230|[from] item: Life Orb\n|\n|-heal|p1a: Raging Bolt|164/323|[from] item: Leftovers\n|upkeep\n|turn|12\n|\n|t:|1781465001\n|move|p2a: Gengar|Sludge Wave|p1a: Raging Bolt\n|-damage|p1a: Raging Bolt|0 fnt\n|faint|p1a: Raging Bolt\n|-end|p1a: Raging Bolt|Protosynthesis|[silent]\n|-damage|p2a: Gengar|184/230|[from] item: Life Orb\n|\n|upkeep\n|\n|t:|1781465016\n|switch|p1a: Magmortar|Magmortar, L88, F|275/275\n|turn|13\n|\n|t:|1781465022\n|move|p2a: Gengar|Sludge Wave|p1a: Magmortar\n|-damage|p1a: Magmortar|126/275\n|-damage|p2a: Gengar|161/230|[from] item: Life Orb\n|move|p1a: Magmortar|Knock Off|p2a: Gengar\n|-supereffective|p2a: Gengar\n|-damage|p2a: Gengar|0 fnt\n|-enditem|p2a: Gengar|Life Orb|[from] move: Knock Off|[of] p1a: Magmortar\n|faint|p2a: Gengar\n|\n|upkeep\n|\n|t:|1781465031\n|switch|p2a: Cinderace|Cinderace, L77, M|249/249\n|turn|14\n|\n|t:|1781465056\n|move|p2a: Cinderace|Gunk Shot|p1a: Magmortar\n|-start|p2a: Cinderace|typechange|Poison|[from] ability: Libero\n|-damage|p1a: Magmortar|0 fnt\n|faint|p1a: Magmortar\n|\n|upkeep\n|inactive|Jenome has 120 seconds left.\n|\n|t:|1781465067\n|switch|p1a: Piloswine|Piloswine, L85, M|309/309\n|-activate|p1a: Piloswine|move: Sticky Web\n|-unboost|p1a: Piloswine|spe|1\n|turn|15\n|\n|t:|1781465079\n|-terastallize|p2a: Cinderace|Fighting\n|move|p2a: Cinderace|High Jump Kick|p1a: Piloswine|[miss]\n|-miss|p2a: Cinderace|p1a: Piloswine\n|-damage|p2a: Cinderace|125/249|[from] highjumpkick\n|move|p1a: Piloswine|Earthquake|p2a: Cinderace\n|-damage|p2a: Cinderace|0 fnt\n|faint|p2a: Cinderace\n|\n|upkeep\n|c|\u2606edryx|:)))))))))))))\n|\n|t:|1781465090\n|switch|p2a: Slither Wing|Slither Wing, L81|270/270\n|turn|16\n|\n|t:|1781465108\n|move|p2a: Slither Wing|Close Combat|p1a: Piloswine\n|-supereffective|p1a: Piloswine\n|-damage|p1a: Piloswine|33/309\n|-unboost|p2a: Slither Wing|def|1\n|-unboost|p2a: Slither Wing|spd|1\n|-damage|p2a: Slither Wing|243/270|[from] item: Life Orb\n|move|p1a: Piloswine|Icicle Crash|p2a: Slither Wing\n|-damage|p2a: Slither Wing|87/270\n|\n|upkeep\n|turn|17\n|-message|edryx forfeited.\n|\n|win|Jenome\n|raw|Jenome's rating: 1609 &rarr; <strong>1627</strong><br />(+18 for winning)\n|raw|edryx's rating: 1570 &rarr; <strong>1552</strong><br />(-18 for losing)\n|l|\u2606edryx\n|player|p2|\n", "uploadtime": 1781465119, "views": 1, "formatid": "gen9randombattle", "rating": 1552, "private": 0, "password": null}