{"id": "gen9randombattle-2631591601", "format": "[Gen 9] Random Battle", "players": ["TimsIceCap", "Smalls32"], "log": "|j|\u2606TimsIceCap\n|j|\u2606Smalls32\n|html|<table width=\"100%\"><tr><td align=\"left\">TimsIceCap</td><td align=\"right\">Smalls32</tr><tr><td align=\"left\"><i class=\"fa fa-circle-o\"></i> <i class=\"fa fa-circle-o\"></i> <i class=\"fa fa-circle-o\"></i> <i class=\"fa fa-circle-o\"></i> </td><td align=\"right\"><i class=\"fa fa-circle-o\"></i> <i class=\"fa fa-circle-o\"></i> <i class=\"fa fa-circle-o\"></i> <i class=\"fa fa-circle-o\"></i> </tr></table>\n|uhtml|bestof|<h2><strong>Game 1</strong> of <a href=\"/game-bestof7-gen9randombattle-2631591600\">a best-of-7</a></h2>\n|t:|1781405677\n|gametype|singles\n|player|p1|TimsIceCap|az|\n|player|p2|Smalls32|hoopster|\n|gen|9\n|tier|[Gen 9] Random Battle\n|rule|Species Clause: Limit one of each Pok\u00e9mon\n|rule|HP Percentage Mod: HP is shown in percentages\n|rule|Sleep Clause Mod: Limit one foe put to sleep\n|rule|Illusion Level Mod: Illusion disguises the Pok\u00e9mon's true level\n|raw|<div class=\"infobox\"><details class=\"readmore\" open><summary><strong>1 custom rule:</strong></summary> Best of = 7</details></div>\n|\n|t:|1781405677\n|teamsize|p1|6\n|teamsize|p2|6\n|start\n|switch|p1a: Iron Leaves|Iron Leaves, L80|275/275\n|switch|p2a: Skarmory|Skarmory, L80, F|235/235\n|turn|1\n|inactive|Battle timer is ON: inactive players will automatically lose when time's up. (requested by TimsIceCap)\n|\n|t:|1781405705\n|-end|p1a: Iron Leaves|Quark Drive|[silent]\n|switch|p1a: Lanturn|Lanturn, L89, F|367/367\n|move|p2a: Skarmory|Stealth Rock|p1a: Lanturn\n|-sidestart|p1: TimsIceCap|move: Stealth Rock\n|\n|upkeep\n|turn|2\n|inactive|Smalls32 has 270 seconds left.\n|\n|t:|1781405743\n|switch|p2a: Bastiodon|Bastiodon, L89, M|252/252\n|move|p1a: Lanturn|Scald|p2a: Bastiodon\n|-supereffective|p2a: Bastiodon\n|-damage|p2a: Bastiodon|142/252\n|\n|upkeep\n|turn|3\n|inactive|Smalls32 has 270 seconds left.\n|\n|t:|1781405767\n|switch|p2a: Greedent|Greedent, L86, M|347/347\n|move|p1a: Lanturn|Scald|p2a: Greedent\n|-damage|p2a: Greedent|265/347\n|\n|upkeep\n|turn|4\n|\n|t:|1781405780\n|move|p1a: Lanturn|Volt Switch|p2a: Greedent\n|-damage|p2a: Greedent|184/347\n|\n|t:|1781405782\n|switch|p1a: Great Tusk|Great Tusk, L77|304/304|[from] Volt Switch\n|-damage|p1a: Great Tusk|295/304|[from] Stealth Rock\n|-enditem|p1a: Great Tusk|Booster Energy\n|-activate|p1a: Great Tusk|ability: Protosynthesis|[fromitem]\n|-start|p1a: Great Tusk|protosynthesisatk\n|move|p2a: Greedent|Knock Off|p1a: Great Tusk\n|-resisted|p1a: Great Tusk\n|-damage|p1a: Great Tusk|275/304\n|\n|upkeep\n|turn|5\n|\n|t:|1781405802\n|switch|p2a: Sylveon|Sylveon, L85, F|300/300\n|move|p1a: Great Tusk|Bulk Up|p1a: Great Tusk\n|-boost|p1a: Great Tusk|atk|1\n|-boost|p1a: Great Tusk|def|1\n|\n|upkeep\n|turn|6\n|\n|t:|1781405809\n|move|p1a: Great Tusk|Earthquake|p2a: Sylveon\n|-damage|p2a: Sylveon|23/300\n|move|p2a: Sylveon|Hyper Voice|p1a: Great Tusk\n|-supereffective|p1a: Great Tusk\n|-damage|p1a: Great Tusk|0 fnt\n|faint|p1a: Great Tusk\n|-end|p1a: Great Tusk|Protosynthesis|[silent]\n|\n|-heal|p2a: Sylveon|41/300|[from] item: Leftovers\n|upkeep\n|\n|t:|1781405826\n|switch|p1a: Lanturn|Lanturn, L89, F|367/367\n|turn|7\n|\n|t:|1781405830\n|move|p2a: Sylveon|Protect|p2a: Sylveon\n|-singleturn|p2a: Sylveon|Protect\n|move|p1a: Lanturn|Thunderbolt|p2a: Sylveon\n|-activate|p2a: Sylveon|move: Protect\n|\n|-heal|p2a: Sylveon|59/300|[from] item: Leftovers\n|upkeep\n|turn|8\n|\n|t:|1781405839\n|switch|p2a: Garchomp|Garchomp, L74, F|282/282\n|move|p1a: Lanturn|Scald|p2a: Garchomp\n|-damage|p2a: Garchomp|188/282\n|-status|p2a: Garchomp|brn\n|\n|-damage|p2a: Garchomp|171/282 brn|[from] brn\n|upkeep\n|turn|9\n|\n|t:|1781405850\n|switch|p1a: Galvantula|Galvantula, L82, F|249/249\n|move|p2a: Garchomp|Earthquake|p1a: Galvantula\n|-damage|p1a: Galvantula|180/249\n|\n|-damage|p2a: Garchomp|154/282 brn|[from] brn\n|upkeep\n|turn|10\n|\n|t:|1781405865\n|switch|p2a: Sylveon|Sylveon, L85, F|59/300\n|move|p1a: Galvantula|Bug Buzz|p2a: Sylveon\n|-resisted|p2a: Sylveon\n|-damage|p2a: Sylveon|25/300\n|\n|-heal|p2a: Sylveon|43/300|[from] item: Leftovers\n|upkeep\n|turn|11\n|\n|t:|1781405877\n|move|p2a: Sylveon|Protect|p2a: Sylveon\n|-singleturn|p2a: Sylveon|Protect\n|move|p1a: Galvantula|Thunder|p2a: Sylveon\n|-activate|p2a: Sylveon|move: Protect\n|\n|-heal|p2a: Sylveon|61/300|[from] item: Leftovers\n|upkeep\n|turn|12\n|\n|t:|1781405891\n|switch|p2a: Garchomp|Garchomp, L74, F|154/282 brn\n|move|p1a: Galvantula|Thunder|p2a: Garchomp\n|-immune|p2a: Garchomp\n|\n|-damage|p2a: Garchomp|137/282 brn|[from] brn\n|upkeep\n|turn|13\n|\n|t:|1781405896\n|move|p1a: Galvantula|Bug Buzz|p2a: Garchomp\n|-damage|p2a: Garchomp|29/282 brn\n|move|p2a: Garchomp|Spikes|p1a: Galvantula\n|-sidestart|p1: TimsIceCap|Spikes\n|\n|-damage|p2a: Garchomp|12/282 brn|[from] brn\n|upkeep\n|turn|14\n|\n|t:|1781405900\n|move|p1a: Galvantula|Sticky Web|p2a: Garchomp\n|-sidestart|p2: Smalls32|move: Sticky Web\n|move|p2a: Garchomp|Earthquake|p1a: Galvantula\n|-damage|p1a: Galvantula|115/249\n|\n|-damage|p2a: Garchomp|0 fnt|[from] brn\n|faint|p2a: Garchomp\n|upkeep\n|inactive|Smalls32 has 270 seconds left.\n|\n|t:|1781405938\n|switch|p2a: Greedent|Greedent, L86, M|184/347\n|-activate|p2a: Greedent|move: Sticky Web\n|-unboost|p2a: Greedent|spe|1\n|turn|15\n|\n|t:|1781405954\n|switch|p1a: Iron Leaves|Iron Leaves, L80|275/275\n|-damage|p1a: Iron Leaves|241/275|[from] Stealth Rock\n|-damage|p1a: Iron Leaves|207/275|[from] Spikes\n|move|p2a: Greedent|Double-Edge|p1a: Iron Leaves\n|-damage|p1a: Iron Leaves|80/275\n|-damage|p2a: Greedent|142/347|[from] Recoil\n|-enditem|p2a: Greedent|Sitrus Berry|[eat]\n|-heal|p2a: Greedent|228/347|[from] item: Sitrus Berry\n|-heal|p2a: Greedent|343/347|[from] ability: Cheek Pouch\n|\n|upkeep\n|turn|16\n|inactive|Smalls32 has 270 seconds left.\n|\n|t:|1781405969\n|move|p1a: Iron Leaves|Close Combat|p2a: Greedent\n|-supereffective|p2a: Greedent\n|-damage|p2a: Greedent|59/347\n|-unboost|p1a: Iron Leaves|def|1\n|-unboost|p1a: Iron Leaves|spd|1\n|move|p2a: Greedent|Knock Off|p1a: Iron Leaves\n|-supereffective|p1a: Iron Leaves\n|-damage|p1a: Iron Leaves|0 fnt\n|-enditem|p1a: Iron Leaves|Choice Band|[from] move: Knock Off|[of] p2a: Greedent\n|faint|p1a: Iron Leaves\n|-end|p1a: Iron Leaves|Quark Drive|[silent]\n|\n|upkeep\n|\n|t:|1781405976\n|switch|p1a: Lanturn|Lanturn, L89, F|367/367\n|turn|17\n|\n|t:|1781405985\n|move|p1a: Lanturn|Scald|p2a: Greedent\n|-crit|p2a: Greedent\n|-damage|p2a: Greedent|0 fnt\n|faint|p2a: Greedent\n|\n|upkeep\n|inactive|Smalls32 has 270 seconds left.\n|\n|t:|1781406008\n|switch|p2a: Sylveon|Sylveon, L85, F|61/300\n|-activate|p2a: Sylveon|move: Sticky Web\n|-unboost|p2a: Sylveon|spe|1\n|turn|18\n|\n|t:|1781406013\n|switch|p1a: Cinderace|Cinderace, L77, M|249/249\n|-damage|p1a: Cinderace|187/249|[from] Stealth Rock\n|-damage|p1a: Cinderace|156/249|[from] Spikes\n|move|p2a: Sylveon|Protect||[still]\n|-fail|p2a: Sylveon\n|\n|-heal|p2a: Sylveon|79/300|[from] item: Leftovers\n|upkeep\n|turn|19\n|inactive|Smalls32 has 270 seconds left.\n|\n|t:|1781406027\n|move|p1a: Cinderace|Pyro Ball|p2a: Sylveon\n|-damage|p2a: Sylveon|0 fnt\n|faint|p2a: Sylveon\n|\n|upkeep\n|inactive|Smalls32 has 270 seconds left.\n|inactive|Smalls32 has 240 seconds left.\n|\n|t:|1781406073\n|switch|p2a: Bastiodon|Bastiodon, L89, M|142/252\n|-activate|p2a: Bastiodon|move: Sticky Web\n|-unboost|p2a: Bastiodon|spe|1\n|turn|20\n|\n|t:|1781406091\n|switch|p1a: Lanturn|Lanturn, L89, F|367/367\n|move|p2a: Bastiodon|Rest|p2a: Bastiodon\n|-status|p2a: Bastiodon|slp|[from] move: Rest\n|-heal|p2a: Bastiodon|252/252 slp|[silent]\n|-enditem|p2a: Bastiodon|Chesto Berry|[eat]\n|-curestatus|p2a: Bastiodon|slp|[msg]\n|\n|upkeep\n|turn|21\n|\n|t:|1781406095\n|move|p1a: Lanturn|Scald|p2a: Bastiodon\n|-supereffective|p2a: Bastiodon\n|-damage|p2a: Bastiodon|154/252\n|move|p2a: Bastiodon|Iron Defense|p2a: Bastiodon\n|-boost|p2a: Bastiodon|def|2\n|\n|upkeep\n|turn|22\n|inactive|Smalls32 has 240 seconds left.\n|\n|t:|1781406101\n|move|p1a: Lanturn|Scald|p2a: Bastiodon\n|-supereffective|p2a: Bastiodon\n|-damage|p2a: Bastiodon|44/252\n|move|p2a: Bastiodon|Body Press|p1a: Lanturn\n|-damage|p1a: Lanturn|105/367\n|\n|upkeep\n|turn|23\n|\n|t:|1781406109\n|move|p1a: Lanturn|Scald|p2a: Bastiodon\n|-supereffective|p2a: Bastiodon\n|-damage|p2a: Bastiodon|0 fnt\n|faint|p2a: Bastiodon\n|\n|upkeep\n|inactive|Smalls32 has 240 seconds left.\n|\n|t:|1781406141\n|switch|p2a: Frosmoth|Frosmoth, L82, F|249/249\n|turn|24\n|\n|t:|1781406160\n|move|p1a: Lanturn|Thunder Wave|p2a: Frosmoth\n|-status|p2a: Frosmoth|par\n|cant|p2a: Frosmoth|par\n|\n|upkeep\n|turn|25\n|\n|t:|1781406170\n|move|p1a: Lanturn|Volt Switch|p2a: Frosmoth\n|-damage|p2a: Frosmoth|217/249 par\n|\n|t:|1781406183\n|switch|p1a: Baxcalibur|Baxcalibur, L75, F|295/295|[from] Volt Switch\n|-damage|p1a: Baxcalibur|222/295|[from] Stealth Rock\n|-damage|p1a: Baxcalibur|186/295|[from] Spikes\n|cant|p2a: Frosmoth|par\n|\n|upkeep\n|turn|26\n|inactive|Smalls32 has 210 seconds left.\n|c|\u2606TimsIceCap|!dt lanturn\n|c|\u2606TimsIceCap|/raw <div class=\"message\"><ul class=\"utilichart\"><li class=\"result\"><span class=\"col numcol\">PU</span> <span class=\"col iconcol\"><psicon pokemon=\"lanturn\"/></span> <span class=\"col pokemonnamecol\" style=\"white-space:nowrap\"><a href=\"https://dex.pokemonshowdown.com/pokemon/lanturn\" target=\"_blank\">Lanturn</a></span> <span class=\"col typecol\"><img src=\"https://play.pokemonshowdown.com/sprites/types/Water.png\" alt=\"Water\" height=\"14\" width=\"32\"><img src=\"https://play.pokemonshowdown.com/sprites/types/Electric.png\" alt=\"Electric\" height=\"14\" width=\"32\"></span> <span style=\"float:left;min-height:26px\"><span class=\"col twoabilitycol\">Volt Absorb<br />Illuminate</span><span class=\"col abilitycol\"><em>Water Absorb</em></span></span><span style=\"float:left;min-height:26px\"><span class=\"col statcol\"><em>HP</em><br />125</span> <span class=\"col statcol\"><em>Atk</em><br />58</span> <span class=\"col statcol\"><em>Def</em><br />58</span> <span class=\"col statcol\"><em>SpA</em><br />76</span> <span class=\"col statcol\"><em>SpD</em><br />76</span> <span class=\"col statcol\"><em>Spe</em><br />67</span> <span class=\"col bstcol\"><em>BST<br />460</em></span> </span></li><li style=\"clear:both\"></li></ul></div>\n|c|\u2606TimsIceCap|/raw <font size=\"1\"><font color=\"#686868\">Dex#:</font> 171&nbsp;|&ThickSpace;<font color=\"#686868\">Gen:</font> 2&nbsp;|&ThickSpace;<font color=\"#686868\">Height:</font> 1.2 m&nbsp;|&ThickSpace;<font color=\"#686868\">Weight:</font> 22.5 kg <em>(40 BP)</em>&nbsp;|&ThickSpace;<font color=\"#686868\">Dex Colour:</font> Blue&nbsp;|&ThickSpace;<font color=\"#686868\">Egg Group(s):</font> Water 2&nbsp;|&ThickSpace;<font color=\"#686868\">Pre-Evolution:</font> Chinchou&nbsp;|&ThickSpace;<font color=\"#686868\">Does Not Evolve</font></font>\n\n|\n|t:|1781406232\n|move|p1a: Baxcalibur|Glaive Rush|p2a: Frosmoth\n|-damage|p2a: Frosmoth|0 fnt\n|-singlemove|p1a: Baxcalibur|Glaive Rush|[silent]\n|faint|p2a: Frosmoth\n|\n|upkeep\n|\n|t:|1781406236\n|switch|p2a: Skarmory|Skarmory, L80, F|235/235\n|turn|27\n|\n|t:|1781406257\n|switch|p1a: Lanturn|Lanturn, L89, F|105/367\n|move|p2a: Skarmory|Brave Bird|p1a: Lanturn\n|-resisted|p1a: Lanturn\n|-damage|p1a: Lanturn|44/367\n|-damage|p2a: Skarmory|215/235|[from] Recoil\n|\n|-heal|p2a: Skarmory|229/235|[from] item: Leftovers\n|upkeep\n|turn|28\n|\n|t:|1781406273\n|move|p1a: Lanturn|Scald|p2a: Skarmory\n|-damage|p2a: Skarmory|138/235\n|move|p2a: Skarmory|Brave Bird|p1a: Lanturn\n|-resisted|p1a: Lanturn\n|-damage|p1a: Lanturn|0 fnt\n|faint|p1a: Lanturn\n|-damage|p2a: Skarmory|123/235|[from] Recoil\n|\n|-heal|p2a: Skarmory|137/235|[from] item: Leftovers\n|upkeep\n|\n|t:|1781406278\n|switch|p1a: Galvantula|Galvantula, L82, F|115/249\n|turn|29\n|\n|t:|1781406295\n|-terastallize|p2a: Skarmory|Dragon\n|move|p1a: Galvantula|Thunder|p2a: Skarmory|[miss]\n|-miss|p1a: Galvantula|p2a: Skarmory\n|move|p2a: Skarmory|Brave Bird|p1a: Galvantula\n|-damage|p1a: Galvantula|0 fnt\n|faint|p1a: Galvantula\n|-damage|p2a: Skarmory|99/235|[from] Recoil\n|\n|-heal|p2a: Skarmory|113/235|[from] item: Leftovers\n|upkeep\n|\n|t:|1781406299\n|switch|p1a: Baxcalibur|Baxcalibur, L75, F|186/295\n|-damage|p1a: Baxcalibur|113/295|[from] Stealth Rock\n|-damage|p1a: Baxcalibur|77/295|[from] Spikes\n|turn|30\n|\n|t:|1781406305\n|move|p1a: Baxcalibur|Glaive Rush|p2a: Skarmory\n|-supereffective|p2a: Skarmory\n|-damage|p2a: Skarmory|0 fnt\n|-singlemove|p1a: Baxcalibur|Glaive Rush|[silent]\n|faint|p2a: Skarmory\n|\n|win|TimsIceCap\n||TimsIceCap is ready for game 2.\n|inactive|Smalls32 has 30 seconds to confirm battle start!\n", "inputlog": ">version a8376a258c1d4662feba110a92103f3664a72141\n>start {\"formatid\":\"gen9randombattle@@@Best of = 7\",\"seed\":\"sodium,2352ff270fc9355819e5d9ee556cf636\"}\n>player p1 {\"name\":\"TimsIceCap\",\"avatar\":\"az\",\"rating\":0,\"seed\":\"sodium,13f51cbbdc65ebb8efe5116853f69aea\"}\n>player p2 {\"name\":\"Smalls32\",\"avatar\":\"hoopster\",\"rating\":0,\"seed\":\"sodium,8c0850e1965ccf3d194130fd2ff1c54d\"}\n>p1 switch 2\n>p2 move stealthrock\n>p1 move scald\n>p2 switch 2\n>p1 move scald\n>p2 switch 6\n>p1 move voltswitch\n>p2 move knockoff\n>p1 switch 3\n>p1 move bulkup\n>p2 switch 4\n>p1 move earthquake\n>p2 move hypervoice\n>p1 switch 3\n>p1 move thunderbolt\n>p2 move protect\n>p1 move scald\n>p2 switch 5\n>p1 switch 6\n>p2 move earthquake\n>p1 move bugbuzz\n>p2 switch 5\n>p1 move thunder\n>p2 move protect\n>p1 move thunder\n>p2 switch 5\n>p1 move bugbuzz\n>p2 move spikes\n>p1 move stickyweb\n>p2 move earthquake\n>p2 switch 4\n>p1 switch 2\n>p2 move doubleedge\n>p1 move closecombat\n>p2 move knockoff\n>p1 switch 6\n>p1 move scald\n>p2 move earthquake\n>p2 switch 5\n>p1 switch 4\n>p2 move protect\n>p1 move pyroball\n>p2 move hypervoice\n>p2 switch 6\n>p1 switch 4\n>p2 move rest\n>p1 move scald\n>p2 move irondefense\n>p1 move scald\n>p2 move bodypress\n>p1 move scald\n>p2 move rest\n>p2 switch 3\n>p1 move thunderwave\n>p2 move gigadrain\n>p1 move voltswitch\n>p2 move gigadrain\n>p1 switch 5\n>chat \u2606TimsIceCap|!dt lanturn\n>p1 move glaiverush\n>p2 move icebeam\n>p2 switch 2\n>p1 switch 5\n>p2 move bravebird\n>p1 move scald\n>p2 move bravebird\n>p1 switch 2\n>p1 move thunder\n>p2 move bravebird terastallize\n>p1 switch 5\n>p1 move glaiverush\n>p2 move bravebird", "uploadtime": 1781406317, "views": 4, "formatid": "gen9randombattle", "rating": null, "private": 0, "password": null}