{"id": "gen9randombattle-2631566287", "format": "[Gen 9] Random Battle", "players": ["Mitchel531", "ViPa"], "log": "|j|\u2606Mitchel531\n|j|\u2606ViPa\n|t:|1781402215\n|gametype|singles\n|player|p1|Mitchel531|169|2096\n|player|p2|ViPa|guitarist|2193\n|gen|9\n|tier|[Gen 9] Random Battle\n|rated|\n|rule|Species Clause: Limit one of each Pok\u00e9mon\n|rule|HP Percentage Mod: HP is shown in percentages\n|rule|Sleep Clause Mod: Limit one foe put to sleep\n|rule|Illusion Level Mod: Illusion disguises the Pok\u00e9mon's true level\n|\n|t:|1781402215\n|teamsize|p1|6\n|teamsize|p2|6\n|start\n|switch|p1a: Bronzong|Bronzong, L88|261/261\n|switch|p2a: Tsareena|Tsareena, L87, F|267/267\n|turn|1\n|\n|t:|1781402229\n|move|p2a: Tsareena|Knock Off|p1a: Bronzong\n|-supereffective|p1a: Bronzong\n|-damage|p1a: Bronzong|121/261\n|-enditem|p1a: Bronzong|Leftovers|[from] move: Knock Off|[of] p2a: Tsareena\n|move|p1a: Bronzong|Stealth Rock|p2a: Tsareena\n|-sidestart|p2: ViPa|move: Stealth Rock\n|\n|upkeep\n|turn|2\n|\n|t:|1781402240\n|move|p2a: Tsareena|Knock Off|p1a: Bronzong\n|-supereffective|p1a: Bronzong\n|-damage|p1a: Bronzong|29/261\n|move|p1a: Bronzong|Hypnosis|p2a: Tsareena\n|-status|p2a: Tsareena|slp|[from] move: Hypnosis\n|\n|upkeep\n|turn|3\n|\n|t:|1781402252\n|cant|p2a: Tsareena|slp\n|move|p1a: Bronzong|Psychic Noise|p2a: Tsareena\n|-damage|p2a: Tsareena|201/267 slp\n|-start|p2a: Tsareena|move: Heal Block\n|\n|upkeep\n|turn|4\n|\n|t:|1781402263\n|-curestatus|p2a: Tsareena|slp|[msg]\n|move|p2a: Tsareena|Knock Off|p1a: Bronzong\n|-supereffective|p1a: Bronzong\n|-damage|p1a: Bronzong|0 fnt\n|faint|p1a: Bronzong\n|\n|-end|p2a: Tsareena|move: Heal Block\n|upkeep\n|\n|t:|1781402272\n|switch|p1a: Flamigo|Flamigo, L82, M|269/269\n|turn|5\n|\n|t:|1781402282\n|switch|p2a: Girafarig|Girafarig, L89, F|269/269\n|-damage|p2a: Girafarig|236/269|[from] Stealth Rock\n|move|p1a: Flamigo|Swords Dance|p1a: Flamigo\n|-boost|p1a: Flamigo|atk|2\n|\n|upkeep\n|turn|6\n|\n|t:|1781402291\n|move|p2a: Girafarig|Psyshock|p1a: Flamigo\n|-supereffective|p1a: Flamigo\n|-damage|p1a: Flamigo|51/269\n|move|p1a: Flamigo|Brave Bird|p2a: Girafarig\n|-damage|p2a: Girafarig|0 fnt\n|faint|p2a: Girafarig\n|-damage|p1a: Flamigo|0 fnt|[from] Recoil\n|faint|p1a: Flamigo\n|\n|upkeep\n|\n|t:|1781402305\n|switch|p2a: Incineroar|Incineroar, L82, M|290/290\n|switch|p1a: Roaring Moon|Roaring Moon, L72|270/270\n|-damage|p2a: Incineroar|218/290|[from] Stealth Rock\n|-ability|p2a: Incineroar|Intimidate|boost\n|-unboost|p1a: Roaring Moon|atk|1\n|turn|7\n|\n|t:|1781402315\n|move|p1a: Roaring Moon|U-turn|p2a: Incineroar\n|-damage|p2a: Incineroar|169/290\n|\n|t:|1781402325\n|-end|p1a: Roaring Moon|Protosynthesis|[silent]\n|switch|p1a: Iron Thorns|Iron Thorns, L83|302/302|[from] U-turn\n|-enditem|p1a: Iron Thorns|Booster Energy\n|-activate|p1a: Iron Thorns|ability: Quark Drive|[fromitem]\n|-start|p1a: Iron Thorns|quarkdriveatk\n|move|p2a: Incineroar|Knock Off|p1a: Iron Thorns\n|-damage|p1a: Iron Thorns|236/302\n|\n|upkeep\n|turn|8\n|\n|t:|1781402336\n|move|p1a: Iron Thorns|Dragon Dance|p1a: Iron Thorns\n|-boost|p1a: Iron Thorns|atk|1\n|-boost|p1a: Iron Thorns|spe|1\n|move|p2a: Incineroar|Close Combat|p1a: Iron Thorns\n|-supereffective|p1a: Iron Thorns\n|-damage|p1a: Iron Thorns|78/302\n|-unboost|p2a: Incineroar|def|1\n|-unboost|p2a: Incineroar|spd|1\n|\n|upkeep\n|turn|9\n|\n|t:|1781402347\n|move|p1a: Iron Thorns|Earthquake|p2a: Incineroar\n|-supereffective|p2a: Incineroar\n|-damage|p2a: Incineroar|0 fnt\n|faint|p2a: Incineroar\n|\n|upkeep\n|\n|t:|1781402350\n|switch|p2a: Tsareena|Tsareena, L87, F|201/267\n|-damage|p2a: Tsareena|168/267|[from] Stealth Rock\n|turn|10\n|\n|t:|1781402366\n|move|p2a: Tsareena|Triple Axel|p1a: Iron Thorns\n|-damage|p1a: Iron Thorns|62/302\n|-damage|p1a: Iron Thorns|33/302\n|-damage|p1a: Iron Thorns|0 fnt\n|faint|p1a: Iron Thorns\n|-end|p1a: Iron Thorns|Quark Drive|[silent]\n|-hitcount|p1: Iron Thorns|3\n|\n|upkeep\n|\n|t:|1781402381\n|switch|p1a: Chimecho|Chimecho, L93, F|290/290\n|turn|11\n|\n|t:|1781402391\n|switch|p2a: Bellossom|Bellossom, L84, F|263/263\n|-damage|p2a: Bellossom|231/263|[from] Stealth Rock\n|move|p1a: Chimecho|Psychic Noise|p2a: Bellossom\n|-crit|p2a: Bellossom\n|-damage|p2a: Bellossom|110/263\n|-start|p2a: Bellossom|move: Heal Block\n|\n|upkeep\n|turn|12\n|\n|t:|1781402396\n|move|p1a: Chimecho|Psychic Noise|p2a: Bellossom\n|-damage|p2a: Bellossom|16/263\n|move|p2a: Bellossom|Quiver Dance|p2a: Bellossom\n|-boost|p2a: Bellossom|spa|1\n|-boost|p2a: Bellossom|spd|1\n|-boost|p2a: Bellossom|spe|1\n|\n|-end|p2a: Bellossom|move: Heal Block\n|upkeep\n|turn|13\n|\n|t:|1781402413\n|move|p2a: Bellossom|Strength Sap|p1a: Chimecho\n|-unboost|p1a: Chimecho|atk|1\n|-heal|p2a: Bellossom|114/263\n|move|p1a: Chimecho|Encore|p2a: Bellossom\n|-start|p2a: Bellossom|Encore\n|\n|-heal|p2a: Bellossom|130/263|[from] item: Leftovers\n|upkeep\n|turn|14\n|\n|t:|1781402424\n|switch|p1a: Florges|Florges-Orange, L85, F|271/271\n|move|p2a: Bellossom|Strength Sap|p1a: Florges\n|-unboost|p1a: Florges|atk|1\n|-heal|p2a: Bellossom|245/263\n|\n|-heal|p2a: Bellossom|261/263|[from] item: Leftovers\n|upkeep\n|turn|15\n|\n|t:|1781402431\n|move|p2a: Bellossom|Strength Sap|p1a: Florges\n|-unboost|p1a: Florges|atk|1\n|-heal|p2a: Bellossom|263/263\n|move|p1a: Florges|Calm Mind|p1a: Florges\n|-boost|p1a: Florges|spa|1\n|-boost|p1a: Florges|spd|1\n|\n|upkeep\n|turn|16\n|\n|t:|1781402436\n|move|p2a: Bellossom|Strength Sap|p1a: Florges\n|-unboost|p1a: Florges|atk|1\n|move|p1a: Florges|Calm Mind|p1a: Florges\n|-boost|p1a: Florges|spa|1\n|-boost|p1a: Florges|spd|1\n|\n|-end|p2a: Bellossom|Encore\n|upkeep\n|turn|17\n|\n|t:|1781402439\n|move|p2a: Bellossom|Quiver Dance|p2a: Bellossom\n|-boost|p2a: Bellossom|spa|1\n|-boost|p2a: Bellossom|spd|1\n|-boost|p2a: Bellossom|spe|1\n|move|p1a: Florges|Calm Mind|p1a: Florges\n|-boost|p1a: Florges|spa|1\n|-boost|p1a: Florges|spd|1\n|\n|upkeep\n|turn|18\n|\n|t:|1781402441\n|move|p2a: Bellossom|Quiver Dance|p2a: Bellossom\n|-boost|p2a: Bellossom|spa|1\n|-boost|p2a: Bellossom|spd|1\n|-boost|p2a: Bellossom|spe|1\n|move|p1a: Florges|Calm Mind|p1a: Florges\n|-boost|p1a: Florges|spa|1\n|-boost|p1a: Florges|spd|1\n|\n|upkeep\n|turn|19\n|\n|t:|1781402444\n|move|p2a: Bellossom|Quiver Dance|p2a: Bellossom\n|-boost|p2a: Bellossom|spa|1\n|-boost|p2a: Bellossom|spd|1\n|-boost|p2a: Bellossom|spe|1\n|move|p1a: Florges|Calm Mind|p1a: Florges\n|-boost|p1a: Florges|spa|1\n|-boost|p1a: Florges|spd|1\n|\n|upkeep\n|turn|20\n|\n|t:|1781402447\n|move|p2a: Bellossom|Quiver Dance|p2a: Bellossom\n|-boost|p2a: Bellossom|spa|1\n|-boost|p2a: Bellossom|spd|1\n|-boost|p2a: Bellossom|spe|1\n|move|p1a: Florges|Calm Mind|p1a: Florges\n|-boost|p1a: Florges|spa|1\n|-boost|p1a: Florges|spd|1\n|\n|upkeep\n|turn|21\n|\n|t:|1781402449\n|move|p2a: Bellossom|Quiver Dance|p2a: Bellossom\n|-boost|p2a: Bellossom|spa|1\n|-boost|p2a: Bellossom|spd|1\n|-boost|p2a: Bellossom|spe|1\n|move|p1a: Florges|Moonblast|p2a: Bellossom\n|-damage|p2a: Bellossom|166/263\n|\n|-heal|p2a: Bellossom|182/263|[from] item: Leftovers\n|upkeep\n|turn|22\n|\n|t:|1781402456\n|move|p2a: Bellossom|Giga Drain|p1a: Florges\n|-crit|p1a: Florges\n|-damage|p1a: Florges|0 fnt\n|-heal|p2a: Bellossom|263/263|[from] drain|[of] p1a: Florges\n|faint|p1a: Florges\n|\n|upkeep\n|-message|Mitchel531 forfeited.\n|\n|win|ViPa\n", "inputlog": ">version a8376a258c1d4662feba110a92103f3664a72141\n>start {\"formatid\":\"gen9randombattle\",\"seed\":\"sodium,2b7d4720cc37ceaf368d8f82ab3d8c77\",\"rated\":\"Rated battle\"}\n>player p1 {\"name\":\"Mitchel531\",\"avatar\":\"169\",\"rating\":2096,\"seed\":\"sodium,de104360a6e9593279312235b3c0025e\"}\n>player p2 {\"name\":\"ViPa\",\"avatar\":\"guitarist\",\"rating\":2193,\"seed\":\"sodium,4f6065d515e57f1d53a065b3cde4e9c0\"}\n>p1 move stealthrock\n>p2 move knockoff\n>p1 move hypnosis\n>p2 move knockoff\n>p1 move psychicnoise\n>p2 move knockoff\n>p1 move psychicnoise\n>p2 move knockoff\n>p1 switch 6\n>p1 move swordsdance\n>p2 switch 3\n>p1 move bravebird\n>p2 move psyshock\n>p1 switch 4\n>p2 switch 5\n>p1 move uturn\n>p2 move knockoff\n>p1 switch 3\n>p1 move dragondance\n>p2 move closecombat\n>p1 move earthquake\n>p2 move closecombat\n>p2 switch 3\n>p1 move stoneedge\n>p2 move tripleaxel\n>p1 switch 2\n>p1 move psychicnoise\n>p2 switch 4\n>p1 move psychicnoise\n>p2 move quiverdance\n>p1 move encore\n>p2 move strengthsap\n>p1 switch 5\n>p2 move strengthsap\n>p1 move calmmind\n>p2 move strengthsap\n>p1 move calmmind\n>p2 move strengthsap\n>p1 move calmmind\n>p2 move quiverdance\n>p1 move calmmind\n>p2 move quiverdance\n>p1 move calmmind\n>p2 move quiverdance\n>p1 move calmmind\n>p2 move quiverdance\n>p1 move moonblast\n>p2 move quiverdance\n>p1 move moonblast\n>p2 move gigadrain\n>forcelose p1", "uploadtime": 1781402218, "views": 7, "formatid": "gen9randombattle", "rating": null, "private": 0, "password": null}