{"id": "gen9randombattle-2631538121", "format": "[Gen 9] Random Battle", "players": ["darkiway", "Kosaji"], "log": "|j|\u2606darkiway\n|j|\u2606Kosaji\n|t:|1781398329\n|gametype|singles\n|player|p1|darkiway|lady|1969\n|player|p2|Kosaji|zinnia-masters|1945\n|gen|9\n|tier|[Gen 9] Random Battle\n|rated|\n|rule|Species Clause: Limit one of each Pok\u00e9mon\n|rule|HP Percentage Mod: HP is shown in percentages\n|rule|Sleep Clause Mod: Limit one foe put to sleep\n|rule|Illusion Level Mod: Illusion disguises the Pok\u00e9mon's true level\n|\n|t:|1781398329\n|teamsize|p1|6\n|teamsize|p2|6\n|start\n|switch|p1a: Dugtrio|Dugtrio-Alola, L84, F|196/196\n|switch|p2a: Eelektross|Eelektross, L87, M|290/290\n|turn|1\n|inactive|Battle timer is ON: inactive players will automatically lose when time's up. (requested by Kosaji)\n|\n|t:|1781398351\n|switch|p1a: Landorus|Landorus, L75, M|257/257\n|move|p2a: Eelektross|Giga Drain|p1a: Landorus\n|-damage|p1a: Landorus|182/257\n|\n|upkeep\n|turn|2\n|\n|t:|1781398358\n|move|p1a: Landorus|Nasty Plot|p1a: Landorus\n|-boost|p1a: Landorus|spa|2\n|move|p2a: Eelektross|Dragon Tail|p1a: Landorus\n|-damage|p1a: Landorus|125/257\n|drag|p1a: Lilligant|Lilligant, L86, F|261/261\n|\n|upkeep\n|turn|3\n|\n|t:|1781398378\n|move|p1a: Lilligant|Sleep Powder|p2a: Eelektross\n|-status|p2a: Eelektross|slp|[from] move: Sleep Powder\n|cant|p2a: Eelektross|slp\n|\n|upkeep\n|turn|4\n|\n|t:|1781398395\n|switch|p1a: Landorus|Landorus, L75, M|125/257\n|switch|p2a: Slaking|Slaking, L84, F|389/389\n|\n|upkeep\n|turn|5\n|\n|t:|1781398403\n|move|p2a: Slaking|Knock Off|p1a: Landorus\n|-damage|p1a: Landorus|0 fnt\n|-enditem|p1a: Landorus|Life Orb|[from] move: Knock Off|[of] p2a: Slaking\n|faint|p1a: Landorus\n|\n|upkeep\n|\n|t:|1781398412\n|switch|p1a: Cacturne|Cacturne, L92, F|278/278\n|turn|6\n|\n|t:|1781398430\n|switch|p2a: Iron Treads|Iron Treads, L77|265/265\n|move|p1a: Cacturne|Knock Off|p2a: Iron Treads\n|-damage|p2a: Iron Treads|116/265\n|-enditem|p2a: Iron Treads|Assault Vest|[from] move: Knock Off|[of] p1a: Cacturne\n|-damage|p1a: Cacturne|251/278|[from] item: Life Orb\n|\n|upkeep\n|turn|7\n|\n|t:|1781398435\n|move|p2a: Iron Treads|Iron Head|p1a: Cacturne\n|-damage|p1a: Cacturne|148/278\n|move|p1a: Cacturne|Swords Dance|p1a: Cacturne\n|-boost|p1a: Cacturne|atk|2\n|\n|upkeep\n|turn|8\n|\n|t:|1781398448\n|-end|p2a: Iron Treads|Quark Drive|[silent]\n|switch|p2a: Vigoroth|Vigoroth, L85, M|275/275\n|move|p1a: Cacturne|Sucker Punch||[still]\n|-fail|p1a: Cacturne\n|\n|upkeep\n|turn|9\n|\n|t:|1781398453\n|move|p2a: Vigoroth|Body Slam|p1a: Cacturne\n|-damage|p1a: Cacturne|49/278\n|move|p1a: Cacturne|Knock Off|p2a: Vigoroth\n|-damage|p2a: Vigoroth|9/275\n|-enditem|p2a: Vigoroth|Eviolite|[from] move: Knock Off|[of] p1a: Cacturne\n|-damage|p1a: Cacturne|22/278|[from] item: Life Orb\n|\n|upkeep\n|turn|10\n|\n|t:|1781398459\n|move|p2a: Vigoroth|Slack Off|p2a: Vigoroth\n|-heal|p2a: Vigoroth|147/275\n|move|p1a: Cacturne|Seed Bomb|p2a: Vigoroth\n|-damage|p2a: Vigoroth|0 fnt\n|faint|p2a: Vigoroth\n|-damage|p1a: Cacturne|0 fnt|[from] item: Life Orb\n|faint|p1a: Cacturne\n|\n|upkeep\n|\n|t:|1781398470\n|switch|p2a: Eelektross|Eelektross, L87, M|290/290 slp\n|switch|p1a: Dugtrio|Dugtrio-Alola, L84, F|196/196\n|turn|11\n|\n|t:|1781398482\n|switch|p1a: Fezandipiti|Fezandipiti, L82, M|278/278\n|-curestatus|p2a: Eelektross|slp|[msg]\n|move|p2a: Eelektross|Giga Drain|p1a: Fezandipiti\n|-resisted|p1a: Fezandipiti\n|-damage|p1a: Fezandipiti|254/278\n|\n|-heal|p1a: Fezandipiti|271/278|[from] item: Leftovers\n|upkeep\n|turn|12\n|\n|t:|1781398490\n|switch|p2a: Iron Treads|Iron Treads, L77|116/265\n|move|p1a: Fezandipiti|Beat Up|p2a: Iron Treads\n|-damage|p2a: Iron Treads|107/265\n|-damage|p2a: Iron Treads|97/265\n|-damage|p2a: Iron Treads|90/265\n|-damage|p2a: Iron Treads|82/265\n|-hitcount|p2a: Iron Treads|4\n|\n|-heal|p1a: Fezandipiti|278/278|[from] item: Leftovers\n|upkeep\n|turn|13\n|\n|t:|1781398498\n|switch|p1a: Lilligant|Lilligant, L86, F|261/261\n|move|p2a: Iron Treads|Iron Head|p1a: Lilligant\n|-damage|p1a: Lilligant|179/261\n|\n|upkeep\n|turn|14\n|\n|t:|1781398509\n|-end|p2a: Iron Treads|Quark Drive|[silent]\n|switch|p2a: Eelektross|Eelektross, L87, M|290/290\n|move|p1a: Lilligant|Quiver Dance|p1a: Lilligant\n|-boost|p1a: Lilligant|spa|1\n|-boost|p1a: Lilligant|spd|1\n|-boost|p1a: Lilligant|spe|1\n|\n|upkeep\n|turn|15\n|\n|t:|1781398514\n|move|p1a: Lilligant|Sleep Powder|p2a: Eelektross|[miss]\n|-miss|p1a: Lilligant|p2a: Eelektross\n|move|p2a: Eelektross|U-turn|p1a: Lilligant\n|-supereffective|p1a: Lilligant\n|-damage|p1a: Lilligant|41/261\n|\n|t:|1781398521\n|switch|p2a: Flapple|Flapple, L88, M|266/266|[from] U-turn\n|\n|upkeep\n|turn|16\n|\n|t:|1781398529\n|switch|p1a: Fezandipiti|Fezandipiti, L82, M|278/278\n|move|p2a: Flapple|Sucker Punch||[still]\n|-fail|p2a: Flapple\n|\n|upkeep\n|turn|17\n|\n|t:|1781398539\n|switch|p2a: Iron Treads|Iron Treads, L77|82/265\n|move|p1a: Fezandipiti|Moonblast|p2a: Iron Treads\n|-resisted|p2a: Iron Treads\n|-damage|p2a: Iron Treads|34/265\n|\n|upkeep\n|turn|18\n|\n|t:|1781398545\n|move|p1a: Fezandipiti|Moonblast|p2a: Iron Treads\n|-resisted|p2a: Iron Treads\n|-damage|p2a: Iron Treads|0 fnt\n|faint|p2a: Iron Treads\n|-end|p2a: Iron Treads|Quark Drive|[silent]\n|\n|upkeep\n|\n|t:|1781398556\n|switch|p2a: Slaking|Slaking, L84, F|389/389\n|turn|19\n|\n|t:|1781398562\n|switch|p1a: Lilligant|Lilligant, L86, F|41/261\n|move|p2a: Slaking|Earthquake|p1a: Lilligant\n|-resisted|p1a: Lilligant\n|-damage|p1a: Lilligant|0 fnt\n|faint|p1a: Lilligant\n|\n|upkeep\n|\n|t:|1781398568\n|switch|p1a: Dugtrio|Dugtrio-Alola, L84, F|196/196\n|turn|20\n|\n|t:|1781398574\n|switch|p1a: Fezandipiti|Fezandipiti, L82, M|278/278\n|cant|p2a: Slaking|ability: Truant\n|\n|upkeep\n|turn|21\n|\n|t:|1781398580\n|move|p2a: Slaking|Earthquake|p1a: Fezandipiti\n|-supereffective|p1a: Fezandipiti\n|-damage|p1a: Fezandipiti|0 fnt\n|faint|p1a: Fezandipiti\n|\n|upkeep\n|\n|t:|1781398593\n|switch|p1a: Dugtrio|Dugtrio-Alola, L84, F|196/196\n|turn|22\n|inactive|Kosaji has 120 seconds left.\n|\n|t:|1781398636\n|move|p1a: Dugtrio|Swords Dance|p1a: Dugtrio\n|-boost|p1a: Dugtrio|atk|2\n|cant|p2a: Slaking|ability: Truant\n|\n|upkeep\n|turn|23\n|\n|t:|1781398641\n|move|p1a: Dugtrio|Iron Head|p2a: Slaking\n|-damage|p2a: Slaking|178/389\n|-damage|p1a: Dugtrio|177/196|[from] item: Life Orb\n|move|p2a: Slaking|Earthquake|p1a: Dugtrio\n|-supereffective|p1a: Dugtrio\n|-damage|p1a: Dugtrio|0 fnt\n|faint|p1a: Dugtrio\n|\n|upkeep\n|\n|t:|1781398646\n|switch|p1a: Arceus|Arceus-Poison, L70|284/284\n|turn|24\n|\n|t:|1781398654\n|switch|p2a: Eelektross|Eelektross, L87, M|290/290\n|move|p1a: Arceus|Swords Dance|p1a: Arceus\n|-boost|p1a: Arceus|atk|2\n|\n|upkeep\n|turn|25\n|\n|t:|1781398658\n|move|p1a: Arceus|Gunk Shot|p2a: Eelektross\n|-damage|p2a: Eelektross|40/290\n|move|p2a: Eelektross|Discharge|p1a: Arceus\n|-damage|p1a: Arceus|193/284\n|-status|p1a: Arceus|par\n|\n|upkeep\n|turn|26\n|\n|t:|1781398665\n|move|p2a: Eelektross|Discharge|p1a: Arceus\n|-damage|p1a: Arceus|103/284 par\n|move|p1a: Arceus|Swords Dance|p1a: Arceus\n|-boost|p1a: Arceus|atk|2\n|\n|upkeep\n|turn|27\n|\n|t:|1781398670\n|move|p1a: Arceus|Extreme Speed|p2a: Eelektross\n|-damage|p2a: Eelektross|0 fnt\n|faint|p2a: Eelektross\n|\n|upkeep\n|\n|t:|1781398680\n|switch|p2a: Raging Bolt|Raging Bolt, L78|323/323\n|turn|28\n|\n|t:|1781398687\n|-terastallize|p1a: Arceus|Normal\n|move|p1a: Arceus|Extreme Speed|p2a: Raging Bolt\n|-damage|p2a: Raging Bolt|110/323\n|move|p2a: Raging Bolt|Draco Meteor|p1a: Arceus\n|-damage|p1a: Arceus|0 fnt\n|-unboost|p2a: Raging Bolt|spa|2\n|faint|p1a: Arceus\n|\n|win|Kosaji\n", "inputlog": ">version a8376a258c1d4662feba110a92103f3664a72141\n>start {\"formatid\":\"gen9randombattle\",\"seed\":\"sodium,0f4409f9f95ddc81e461a8fcd982f295\",\"rated\":\"Rated battle\"}\n>player p1 {\"name\":\"darkiway\",\"avatar\":\"lady\",\"rating\":1969,\"seed\":\"sodium,e5afd34a328440a68afc1e59320bc784\"}\n>player p2 {\"name\":\"Kosaji\",\"avatar\":\"zinnia-masters\",\"rating\":1945,\"seed\":\"sodium,427e1e49de4b872e82fd634434ec5614\"}\n>p1 switch 6\n>p2 move gigadrain\n>p1 move nastyplot\n>p2 move dragontail\n>p1 move sleeppowder\n>p2 move uturn\n>p1 switch 3\n>p2 switch 4\n>p1 move focusblast\n>p2 move knockoff\n>p1 switch 4\n>p1 move knockoff\n>p2 switch 6\n>p1 move swordsdance\n>p2 move ironhead\n>p1 move suckerpunch\n>p2 switch 2\n>p1 move knockoff\n>p2 move bodyslam\n>p1 move seedbomb\n>p2 move slackoff\n>p1 switch 6\n>p2 switch 4\n>p1 switch 5\n>p2 move gigadrain\n>p1 move beatup\n>p2 switch 2\n>p1 switch 3\n>p2 move ironhead\n>p1 move quiverdance\n>p2 switch 2\n>p1 move sleeppowder\n>p2 move uturn\n>p2 switch 3\n>p1 switch 3\n>p2 move suckerpunch\n>p1 move moonblast\n>p2 switch 2\n>p1 move moonblast\n>p2 move earthquake\n>p2 switch 6\n>p1 switch 3\n>p2 move earthquake\n>p1 switch 5\n>p1 switch 3\n>p2 move earthquake\n>p1 move gunkshot\n>p2 move earthquake\n>p1 switch 3\n>p1 move swordsdance\n>p2 move earthquake\n>p1 move ironhead\n>p2 move earthquake\n>p1 switch 2\n>p1 move swordsdance\n>p2 switch 3\n>p1 move gunkshot\n>p2 move discharge\n>p1 move swordsdance\n>p2 move discharge\n>p1 move extremespeed\n>p2 move discharge\n>p2 switch 5\n>p1 move extremespeed terastallize\n>p2 move dracometeor", "uploadtime": 1781398330, "views": 6, "formatid": "gen9randombattle", "rating": null, "private": 0, "password": null}