{"id": "gen9randombattle-2632010452", "format": "[Gen 9] Random Battle", "players": ["htran", "pagenfranskane"], "log": "|j|\u2606htran\n|j|\u2606pagenfranskane\n|t:|1781465630\n|gametype|singles\n|player|p1|htran|lucas|1985\n|player|p2|pagenfranskane|battlegirl|1960\n|gen|9\n|tier|[Gen 9] Random Battle\n|rated|\n|rule|Species Clause: Limit one of each Pok\u00e9mon\n|rule|HP Percentage Mod: HP is shown in percentages\n|rule|Sleep Clause Mod: Limit one foe put to sleep\n|rule|Illusion Level Mod: Illusion disguises the Pok\u00e9mon's true level\n|\n|t:|1781465630\n|teamsize|p1|6\n|teamsize|p2|6\n|start\n|switch|p1a: Girafarig|Girafarig, L89, F|269/269\n|switch|p2a: Magcargo|Magcargo, L95, F|268/268\n|turn|1\n|inactive|Battle timer is ON: inactive players will automatically lose when time's up. (requested by htran)\n|\n|t:|1781465640\n|switch|p2a: Rampardos|Rampardos, L90, F|321/321\n|move|p1a: Girafarig|Nasty Plot|p1a: Girafarig\n|-boost|p1a: Girafarig|spa|2\n|\n|upkeep\n|turn|2\n|\n|t:|1781465644\n|move|p2a: Rampardos|Head Smash|p1a: Girafarig\n|-damage|p1a: Girafarig|62/269\n|-damage|p2a: Rampardos|217/321|[from] Recoil\n|move|p1a: Girafarig|Psychic|p2a: Rampardos\n|-damage|p2a: Rampardos|0 fnt\n|faint|p2a: Rampardos\n|\n|upkeep\n|\n|t:|1781465649\n|switch|p2a: Flapple|Flapple, L88, F|266/266\n|turn|3\n|\n|t:|1781465664\n|switch|p1a: Pawmot|Pawmot, L80, M|243/243\n|move|p2a: Flapple|Dragon Dance|p2a: Flapple\n|-boost|p2a: Flapple|atk|1\n|-boost|p2a: Flapple|spe|1\n|\n|upkeep\n|turn|4\n|\n|t:|1781465673\n|switch|p1a: Dugtrio|Dugtrio-Alola, L84, F|196/196\n|move|p2a: Flapple|Grav Apple|p1a: Dugtrio\n|-damage|p1a: Dugtrio|0 fnt\n|faint|p1a: Dugtrio\n|\n|upkeep\n|\n|t:|1781465680\n|switch|p1a: Serperior|Serperior, L79, M|248/248\n|turn|5\n|\n|t:|1781465697\n|move|p2a: Flapple|Outrage|p1a: Serperior\n|-damage|p1a: Serperior|0 fnt\n|faint|p1a: Serperior\n|\n|upkeep\n|\n|t:|1781465701\n|switch|p1a: Solgaleo|Solgaleo, L74|325/325\n|turn|6\n|\n|t:|1781465704\n|move|p2a: Flapple|Outrage|p1a: Solgaleo|[from] lockedmove\n|-resisted|p1a: Solgaleo\n|-damage|p1a: Solgaleo|163/325\n|move|p1a: Solgaleo|Sunsteel Strike|p2a: Flapple\n|-damage|p2a: Flapple|155/266\n|\n|-heal|p1a: Solgaleo|183/325|[from] item: Leftovers\n|upkeep\n|turn|7\n|\n|t:|1781465707\n|move|p2a: Flapple|Outrage|p1a: Solgaleo|[from] lockedmove\n|-resisted|p1a: Solgaleo\n|-damage|p1a: Solgaleo|0 fnt\n|faint|p1a: Solgaleo\n|-start|p2a: Flapple|confusion|[fatigue]\n|-enditem|p2a: Flapple|Lum Berry|[eat]\n|-end|p2a: Flapple|confusion\n|\n|upkeep\n|-message|htran forfeited.\n|\n|win|pagenfranskane\n", "uploadtime": 1781465633, "views": 8, "formatid": "gen9randombattle", "rating": null, "private": 0, "password": null}