{"id": "gen9randombattle-2631569109", "format": "[Gen 9] Random Battle", "players": ["Jardenat", "isnothingeasy"], "log": "|j|\u2606Jardenat\n|j|\u2606isnothingeasy\n|t:|1781402590\n|gametype|singles\n|player|p1|Jardenat|marlon|2024\n|player|p2|isnothingeasy|lady|2036\n|gen|9\n|tier|[Gen 9] Random Battle\n|rated|\n|rule|Species Clause: Limit one of each Pok\u00e9mon\n|rule|HP Percentage Mod: HP is shown in percentages\n|rule|Sleep Clause Mod: Limit one foe put to sleep\n|rule|Illusion Level Mod: Illusion disguises the Pok\u00e9mon's true level\n|\n|t:|1781402590\n|teamsize|p1|6\n|teamsize|p2|6\n|start\n|switch|p1a: Galvantula|Galvantula, L82, F|249/249\n|switch|p2a: Pachirisu|Pachirisu, L96, F|271/271\n|turn|1\n|\n|t:|1781402618\n|move|p2a: Pachirisu|Super Fang|p1a: Galvantula\n|-damage|p1a: Galvantula|125/249\n|move|p1a: Galvantula|Sticky Web|p2a: Pachirisu\n|-sidestart|p2: isnothingeasy|move: Sticky Web\n|\n|upkeep\n|turn|2\n|inactive|Battle timer is ON: inactive players will automatically lose when time's up. (requested by Jardenat)\n|\n|t:|1781402629\n|move|p2a: Pachirisu|U-turn|p1a: Galvantula\n|-damage|p1a: Galvantula|71/249\n|\n|t:|1781402635\n|switch|p2a: Regice|Regice, L88|284/284|[from] U-turn\n|move|p1a: Galvantula|Bug Buzz|p2a: Regice\n|-damage|p2a: Regice|239/284\n|\n|upkeep\n|turn|3\n|\n|t:|1781402646\n|switch|p1a: Entei|Entei, L78|307/307\n|move|p2a: Regice|Ice Beam|p1a: Entei\n|-resisted|p1a: Entei\n|-damage|p1a: Entei|243/307\n|\n|upkeep\n|turn|4\n|\n|t:|1781402657\n|switch|p2a: Iron Moth|Iron Moth, L78|253/253\n|-activate|p2a: Iron Moth|move: Sticky Web\n|-unboost|p2a: Iron Moth|spe|1\n|move|p1a: Entei|Sacred Fire|p2a: Iron Moth\n|-resisted|p2a: Iron Moth\n|-damage|p2a: Iron Moth|150/253\n|\n|upkeep\n|turn|5\n|\n|t:|1781402668\n|switch|p1a: Galvantula|Galvantula, L82, F|71/249\n|move|p2a: Iron Moth|Sludge Wave|p1a: Galvantula\n|-damage|p1a: Galvantula|0 fnt\n|faint|p1a: Galvantula\n|\n|upkeep\n|\n|t:|1781402680\n|switch|p1a: Groudon|Groudon, L72|263/263\n|-weather|SunnyDay|[from] ability: Drought|[of] p1a: Groudon\n|turn|6\n|\n|t:|1781402699\n|-end|p2a: Iron Moth|Quark Drive|[silent]\n|switch|p2a: Manaphy|Manaphy, L78|284/284\n|-activate|p2a: Manaphy|move: Sticky Web\n|-unboost|p2a: Manaphy|spe|1\n|move|p1a: Groudon|Precipice Blades|p2a: Manaphy\n|-damage|p2a: Manaphy|163/284\n|\n|-weather|SunnyDay|[upkeep]\n|-heal|p2a: Manaphy|180/284|[from] item: Leftovers\n|upkeep\n|turn|7\n|\n|t:|1781402711\n|switch|p1a: Palafin|Palafin, L77, M|281/281\n|move|p2a: Manaphy|Ice Beam|p1a: Palafin\n|-resisted|p1a: Palafin\n|-damage|p1a: Palafin|242/281\n|\n|-weather|SunnyDay|[upkeep]\n|-heal|p2a: Manaphy|197/284|[from] item: Leftovers\n|upkeep\n|turn|8\n|\n|t:|1781402725\n|move|p1a: Palafin|Flip Turn|p2a: Manaphy\n|-resisted|p2a: Manaphy\n|-damage|p2a: Manaphy|182/284\n|\n|t:|1781402730\n|detailschange|p1a: Palafin|Palafin-Hero, L77, M\n|switch|p1a: Scyther|Scyther, L82, M|249/249|[from] Flip Turn\n|move|p2a: Manaphy|Energy Ball|p1a: Scyther\n|-resisted|p1a: Scyther\n|-damage|p1a: Scyther|234/249\n|\n|-weather|SunnyDay|[upkeep]\n|-heal|p2a: Manaphy|199/284|[from] item: Leftovers\n|upkeep\n|turn|9\n|\n|t:|1781402755\n|move|p1a: Scyther|Dual Wingbeat|p2a: Manaphy\n|-damage|p2a: Manaphy|130/284\n|-damage|p2a: Manaphy|63/284\n|-hitcount|p2a: Manaphy|2\n|move|p2a: Manaphy|Ice Beam|p1a: Scyther\n|-supereffective|p1a: Scyther\n|-damage|p1a: Scyther|110/249\n|\n|-weather|SunnyDay|[upkeep]\n|-heal|p2a: Manaphy|80/284|[from] item: Leftovers\n|upkeep\n|turn|10\n|\n|t:|1781402774\n|move|p1a: Scyther|Dual Wingbeat|p2a: Manaphy\n|-damage|p2a: Manaphy|14/284\n|-damage|p2a: Manaphy|0 fnt\n|faint|p2a: Manaphy\n|-hitcount|p2: Manaphy|2\n|\n|-weather|none\n|upkeep\n|\n|t:|1781402787\n|switch|p2a: Pachirisu|Pachirisu, L96, F|271/271\n|-activate|p2a: Pachirisu|move: Sticky Web\n|-unboost|p2a: Pachirisu|spe|1\n|turn|11\n|\n|t:|1781402793\n|move|p1a: Scyther|U-turn|p2a: Pachirisu\n|-damage|p2a: Pachirisu|195/271\n|\n|t:|1781402803\n|switch|p1a: Groudon|Groudon, L72|263/263|[from] U-turn\n|-weather|SunnyDay|[from] ability: Drought|[of] p1a: Groudon\n|move|p2a: Pachirisu|U-turn|p1a: Groudon\n|-damage|p1a: Groudon|229/263\n|\n|t:|1781402807\n|switch|p2a: Regice|Regice, L88|239/284|[from] U-turn\n|\n|-weather|SunnyDay|[upkeep]\n|-heal|p1a: Groudon|245/263|[from] item: Leftovers\n|upkeep\n|turn|12\n|\n|t:|1781402813\n|switch|p1a: Entei|Entei, L78|243/307\n|move|p2a: Regice|Ice Beam|p1a: Entei\n|-resisted|p1a: Entei\n|-damage|p1a: Entei|177/307\n|\n|-weather|SunnyDay|[upkeep]\n|upkeep\n|turn|13\n|\n|t:|1781402828\n|move|p1a: Entei|Sacred Fire|p2a: Regice\n|-supereffective|p2a: Regice\n|-damage|p2a: Regice|0 fnt\n|faint|p2a: Regice\n|\n|-weather|SunnyDay|[upkeep]\n|upkeep\n|\n|t:|1781402841\n|switch|p2a: Basculin|Basculin-Blue-Striped, L86, F|261/261\n|-activate|p2a: Basculin|move: Sticky Web\n|-unboost|p2a: Basculin|spe|1\n|turn|14\n|\n|t:|1781402869\n|switch|p1a: Scyther|Scyther, L82, M|110/249\n|move|p2a: Basculin|Flip Turn|p1a: Scyther\n|-damage|p1a: Scyther|44/249\n|\n|t:|1781402873\n|switch|p2a: Morpeko|Morpeko, L88, M|245/245|[from] Flip Turn\n|-activate|p2a: Morpeko|move: Sticky Web\n|-unboost|p2a: Morpeko|spe|1\n|\n|-weather|SunnyDay|[upkeep]\n|-formechange|p2a: Morpeko|Morpeko-Hangry||[from] ability: Hunger Switch\n|upkeep\n|turn|15\n|\n|t:|1781402883\n|move|p1a: Scyther|U-turn|p2a: Morpeko\n|-supereffective|p2a: Morpeko\n|-damage|p2a: Morpeko|35/245\n|\n|t:|1781402887\n|switch|p1a: Groudon|Groudon, L72|245/263|[from] U-turn\n|move|p2a: Morpeko|Rapid Spin|p1a: Groudon\n|-damage|p1a: Groudon|213/263\n|-boost|p2a: Morpeko|spe|1\n|-sideend|p2: isnothingeasy|Sticky Web|[from] move: Rapid Spin|[of] p2a: Morpeko\n|\n|-weather|none\n|-heal|p2a: Morpeko|50/245|[from] item: Leftovers\n|-heal|p1a: Groudon|229/263|[from] item: Leftovers\n|-formechange|p2a: Morpeko|Morpeko||[from] ability: Hunger Switch\n|upkeep\n|turn|16\n|\n|t:|1781402900\n|move|p2a: Morpeko|Knock Off|p1a: Groudon\n|-damage|p1a: Groudon|144/263\n|-enditem|p1a: Groudon|Leftovers|[from] move: Knock Off|[of] p2a: Morpeko\n|move|p1a: Groudon|Precipice Blades|p2a: Morpeko\n|-supereffective|p2a: Morpeko\n|-damage|p2a: Morpeko|0 fnt\n|faint|p2a: Morpeko\n|\n|upkeep\n|\n|t:|1781402906\n|switch|p2a: Basculin|Basculin-Blue-Striped, L86, F|261/261\n|turn|17\n|inactive|Jardenat has 120 seconds left.\n|\n|t:|1781402940\n|move|p2a: Basculin|Flip Turn|p1a: Groudon\n|-supereffective|p1a: Groudon\n|-damage|p1a: Groudon|0 fnt\n|faint|p1a: Groudon\n|\n|t:|1781402949\n|switch|p2a: Iron Moth|Iron Moth, L78|150/253|[from] Flip Turn\n|\n|upkeep\n|inactive|Jardenat has 120 seconds left.\n|\n|t:|1781402988\n|switch|p1a: Scyther|Scyther, L82, M|44/249\n|turn|18\n|\n|t:|1781402998\n|move|p1a: Scyther|Dual Wingbeat|p2a: Iron Moth\n|-damage|p2a: Iron Moth|53/253\n|-damage|p2a: Iron Moth|0 fnt\n|faint|p2a: Iron Moth\n|-end|p2a: Iron Moth|Quark Drive|[silent]\n|-hitcount|p2: Iron Moth|2\n|\n|upkeep\n|\n|t:|1781403001\n|switch|p2a: Pachirisu|Pachirisu, L96, F|195/271\n|turn|19\n|\n|t:|1781403007\n|switch|p1a: Entei|Entei, L78|177/307\n|move|p2a: Pachirisu|Thunderbolt|p1a: Entei\n|-crit|p1a: Entei\n|-damage|p1a: Entei|50/307\n|-status|p1a: Entei|par\n|\n|upkeep\n|turn|20\n|inactive|Jardenat has 120 seconds left.\n|\n|t:|1781403020\n|cant|p1a: Entei|par\n|move|p2a: Pachirisu|Thunderbolt|p1a: Entei\n|-damage|p1a: Entei|0 fnt\n|faint|p1a: Entei\n|\n|upkeep\n|inactive|Jardenat has 120 seconds left.\n|\n|t:|1781403029\n|switch|p1a: Palafin|Palafin-Hero, L77, M|242/281\n|-activate|p1a: Palafin|ability: Zero to Hero\n|turn|21\n|inactive|Jardenat has 120 seconds left.\n|\n|t:|1781403042\n|move|p1a: Palafin|Jet Punch|p2a: Pachirisu\n|-damage|p2a: Pachirisu|63/271\n|move|p2a: Pachirisu|Thunderbolt|p1a: Palafin\n|-supereffective|p1a: Palafin\n|-damage|p1a: Palafin|86/281\n|\n|upkeep\n|turn|22\n|\n|t:|1781403061\n|switch|p2a: Basculin|Basculin-Blue-Striped, L86, F|261/261\n|move|p1a: Palafin|Jet Punch|p2a: Basculin\n|-resisted|p2a: Basculin\n|-damage|p2a: Basculin|190/261\n|\n|upkeep\n|turn|23\n|\n|t:|1781403069\n|move|p1a: Palafin|Jet Punch|p2a: Basculin\n|-resisted|p2a: Basculin\n|-damage|p2a: Basculin|121/261\n|move|p2a: Basculin|Flip Turn|p1a: Palafin\n|-resisted|p1a: Palafin\n|-damage|p1a: Palafin|24/281\n|\n|t:|1781403071\n|switch|p2a: Pachirisu|Pachirisu, L96, F|63/271|[from] Flip Turn\n|\n|upkeep\n|turn|24\n|\n|t:|1781403080\n|switch|p2a: Basculin|Basculin-Blue-Striped, L86, F|121/261\n|move|p1a: Palafin|Jet Punch|p2a: Basculin\n|-resisted|p2a: Basculin\n|-crit|p2a: Basculin\n|-damage|p2a: Basculin|15/261\n|\n|upkeep\n|turn|25\n|\n|t:|1781403088\n|move|p2a: Basculin|Aqua Jet|p1a: Palafin\n|-resisted|p1a: Palafin\n|-damage|p1a: Palafin|0 fnt\n|faint|p1a: Palafin\n|\n|upkeep\n|\n|t:|1781403092\n|switch|p1a: Spectrier|Spectrier, L75|274/274\n|turn|26\n|\n|t:|1781403113\n|move|p2a: Basculin|Aqua Jet|p1a: Spectrier\n|-damage|p1a: Spectrier|154/274\n|move|p1a: Spectrier|Shadow Ball|p2a: Basculin\n|-damage|p2a: Basculin|0 fnt\n|faint|p2a: Basculin\n|-ability|p1a: Spectrier|Grim Neigh|boost\n|-boost|p1a: Spectrier|spa|1\n|-damage|p1a: Spectrier|127/274|[from] item: Life Orb\n|\n|upkeep\n|-message|isnothingeasy forfeited.\n|\n|win|Jardenat\n", "inputlog": ">version a8376a258c1d4662feba110a92103f3664a72141\n>start {\"formatid\":\"gen9randombattle\",\"seed\":\"sodium,67007a136e6e26099780a8728e74df15\",\"rated\":\"Rated battle\"}\n>player p1 {\"name\":\"Jardenat\",\"avatar\":\"marlon\",\"rating\":2024,\"seed\":\"sodium,8faaef83487e6e5d1e6325e1b1f090fe\"}\n>player p2 {\"name\":\"isnothingeasy\",\"avatar\":\"lady\",\"rating\":2036,\"seed\":\"sodium,5ad93cc76c3376c27fdbf7e54dd3aa20\"}\n>p1 move stickyweb\n>p2 move superfang\n>p1 move bugbuzz\n>p2 move uturn\n>p2 switch 6\n>p1 switch 6\n>p2 move icebeam\n>p1 move sacredfire\n>p2 switch 3\n>p1 switch 6\n>p2 move sludgewave\n>p1 switch 3\n>p1 move precipiceblades\n>p2 switch 4\n>p1 switch 5\n>p2 move icebeam\n>p1 move flipturn\n>p2 move energyball\n>p1 switch 4\n>p1 move dualwingbeat\n>p2 move icebeam\n>p1 move dualwingbeat\n>p2 move icebeam\n>p2 switch 6\n>p1 move uturn\n>p2 move uturn\n>p1 switch 5\n>p2 switch 3\n>p1 switch 6\n>p2 move icebeam\n>p1 move sacredfire\n>p2 move thunderwave\n>p2 switch 5\n>p1 switch 5\n>p2 move flipturn\n>p2 switch 2\n>p1 move uturn\n>p2 move rapidspin\n>p1 switch 6\n>p1 move precipiceblades\n>p2 move knockoff\n>p2 switch 2\n>p1 move willowisp\n>p2 move flipturn\n>p2 switch 4\n>p1 switch 6\n>p1 move dualwingbeat\n>p2 move fierydance\n>p2 switch 3\n>p1 switch 5\n>p2 move thunderbolt\n>p1 move extremespeed\n>p2 move thunderbolt\n>p1 switch 4\n>p1 move jetpunch\n>p2 move thunderbolt\n>p1 move jetpunch\n>p2 switch 4\n>p1 move jetpunch\n>p2 move flipturn\n>p2 switch 4\n>p1 move jetpunch\n>p2 switch 4\n>p1 move jetpunch\n>p2 move aquajet\n>p1 switch 2\n>p1 move shadowball\n>p2 move aquajet\n>forcelose p2", "uploadtime": 1781402593, "views": 4, "formatid": "gen9randombattle", "rating": null, "private": 0, "password": null}