{"id": "gen9randombattle-2631993682", "format": "[Gen 9] Random Battle", "players": ["aceguy123", "Chakraisgae"], "log": "|j|\u2606aceguy123\n|j|\u2606Chakraisgae\n|t:|1781463789\n|gametype|singles\n|player|p1|aceguy123|firebreather|2247\n|player|p2|Chakraisgae|2|2141\n|gen|9\n|tier|[Gen 9] Random Battle\n|rated|\n|rule|Species Clause: Limit one of each Pok\u00e9mon\n|rule|HP Percentage Mod: HP is shown in percentages\n|rule|Sleep Clause Mod: Limit one foe put to sleep\n|rule|Illusion Level Mod: Illusion disguises the Pok\u00e9mon's true level\n|\n|t:|1781463789\n|teamsize|p1|6\n|teamsize|p2|6\n|start\n|switch|p1a: Volcanion|Volcanion, L79|255/255\n|switch|p2a: Squawkabilly|Squawkabilly-Blue, L85, M|278/278\n|turn|1\n|inactive|Battle timer is ON: inactive players will automatically lose when time's up. (requested by aceguy123)\n|\n|t:|1781463812\n|move|p2a: Squawkabilly|U-turn|p1a: Volcanion\n|-resisted|p1a: Volcanion\n|-damage|p1a: Volcanion|233/255\n|\n|t:|1781463816\n|switch|p2a: Luvdisc|Luvdisc, M|247/247|[from] U-turn\n|move|p1a: Volcanion|Steam Eruption|p2a: Luvdisc\n|-resisted|p2a: Luvdisc\n|-damage|p2a: Luvdisc|181/247\n|\n|upkeep\n|turn|2\n|\n|t:|1781463823\n|move|p2a: Luvdisc|Substitute|p2a: Luvdisc\n|-start|p2a: Luvdisc|Substitute\n|-damage|p2a: Luvdisc|120/247\n|move|p1a: Volcanion|Flame Charge|p2a: Luvdisc\n|-resisted|p2a: Luvdisc\n|-activate|p2a: Luvdisc|move: Substitute|[damage]\n|-boost|p1a: Volcanion|spe|1\n|\n|upkeep\n|turn|3\n|\n|t:|1781463832\n|move|p2a: Luvdisc|Endeavor|p1a: Volcanion\n|-damage|p1a: Volcanion|120/255\n|move|p1a: Volcanion|Flame Charge|p2a: Luvdisc\n|-resisted|p2a: Luvdisc\n|-activate|p2a: Luvdisc|move: Substitute|[damage]\n|-boost|p1a: Volcanion|spe|1\n|\n|upkeep\n|turn|4\n|\n|t:|1781463845\n|move|p1a: Volcanion|Flame Charge|p2a: Luvdisc\n|-resisted|p2a: Luvdisc\n|-end|p2a: Luvdisc|Substitute\n|-boost|p1a: Volcanion|spe|1\n|move|p2a: Luvdisc|Substitute|p2a: Luvdisc\n|-start|p2a: Luvdisc|Substitute\n|-damage|p2a: Luvdisc|59/247\n|\n|upkeep\n|turn|5\n|\n|t:|1781463852\n|move|p1a: Volcanion|Earth Power|p2a: Luvdisc\n|-end|p2a: Luvdisc|Substitute\n|move|p2a: Luvdisc|Endeavor|p1a: Volcanion\n|-damage|p1a: Volcanion|59/255\n|\n|upkeep\n|turn|6\n|\n|t:|1781463866\n|move|p1a: Volcanion|Steam Eruption|p2a: Luvdisc\n|-resisted|p2a: Luvdisc\n|-damage|p2a: Luvdisc|0 fnt\n|faint|p2a: Luvdisc\n|\n|upkeep\n|\n|t:|1781463876\n|switch|p2a: Mesprit|Mesprit, L85|275/275\n|turn|7\n|\n|t:|1781463881\n|move|p1a: Volcanion|Steam Eruption|p2a: Mesprit\n|-damage|p2a: Mesprit|166/275\n|move|p2a: Mesprit|Psychic|p1a: Volcanion\n|-damage|p1a: Volcanion|0 fnt\n|faint|p1a: Volcanion\n|\n|upkeep\n|\n|t:|1781463905\n|switch|p1a: Necrozma|Necrozma-Dawn-Wings, L76|272/272\n|turn|8\n|\n|t:|1781463925\n|switch|p2a: Squawkabilly|Squawkabilly-Blue, L85, M|278/278\n|move|p1a: Necrozma|Dragon Dance|p1a: Necrozma\n|-boost|p1a: Necrozma|atk|1\n|-boost|p1a: Necrozma|spe|1\n|\n|-status|p2a: Squawkabilly|brn|[from] item: Flame Orb\n|upkeep\n|turn|9\n|\n|t:|1781463935\n|move|p1a: Necrozma|Photon Geyser|p2a: Squawkabilly\n|-damage|p2a: Squawkabilly|19/278 brn\n|-damage|p1a: Necrozma|245/272|[from] item: Life Orb\n|move|p2a: Squawkabilly|U-turn|p1a: Necrozma\n|-damage|p1a: Necrozma|177/272\n|\n|t:|1781463946\n|switch|p2a: Mesprit|Mesprit, L85|166/275|[from] U-turn\n|\n|upkeep\n|turn|10\n|\n|t:|1781463961\n|move|p2a: Mesprit|Shadow Ball|p1a: Necrozma\n|-supereffective|p1a: Necrozma\n|-damage|p1a: Necrozma|24/272\n|move|p1a: Necrozma|Moongeist Beam|p2a: Mesprit\n|-supereffective|p2a: Mesprit\n|-damage|p2a: Mesprit|0 fnt\n|faint|p2a: Mesprit\n|-damage|p1a: Necrozma|0 fnt|[from] item: Life Orb\n|faint|p1a: Necrozma\n|\n|upkeep\n|\n|t:|1781463977\n|switch|p2a: Squawkabilly|Squawkabilly-Blue, L85, M|19/278 brn\n|switch|p1a: Tauros|Tauros-Paldea-Blaze, L81, M|252/252\n|turn|11\n|\n|t:|1781463988\n|move|p2a: Squawkabilly|Quick Attack|p1a: Tauros\n|-damage|p1a: Tauros|188/252\n|move|p1a: Tauros|Substitute|p1a: Tauros\n|-start|p1a: Tauros|Substitute\n|-damage|p1a: Tauros|125/252\n|-enditem|p1a: Tauros|Sitrus Berry|[eat]\n|-heal|p1a: Tauros|188/252|[from] item: Sitrus Berry\n|\n|-damage|p2a: Squawkabilly|2/278 brn|[from] brn\n|upkeep\n|turn|12\n|\n|t:|1781463996\n|move|p1a: Tauros|Substitute|p1a: Tauros\n|-fail|p1a: Tauros|move: Substitute\n|move|p2a: Squawkabilly|Facade|p1a: Tauros\n|-end|p1a: Tauros|Substitute\n|\n|-damage|p2a: Squawkabilly|0 fnt|[from] brn\n|faint|p2a: Squawkabilly\n|-activate|p1a: Tauros|ability: Cud Chew\n|-enditem|p1a: Tauros|Sitrus Berry|[eat]\n|-heal|p1a: Tauros|251/252|[from] item: Sitrus Berry\n|upkeep\n|\n|t:|1781464003\n|switch|p2a: Sandy Shocks|Sandy Shocks, L80|267/267\n|turn|13\n|\n|t:|1781464010\n|switch|p1a: Blissey|Blissey, L85, F|572/572\n|move|p2a: Sandy Shocks|Stealth Rock|p1a: Blissey\n|-sidestart|p1: aceguy123|move: Stealth Rock\n|\n|upkeep\n|turn|14\n|\n|t:|1781464014\n|move|p2a: Sandy Shocks|Volt Switch|p1a: Blissey\n|-damage|p1a: Blissey|512/572\n|\n|t:|1781464023\n|-end|p2a: Sandy Shocks|Protosynthesis|[silent]\n|switch|p2a: Iron Valiant|Iron Valiant, L78|244/244|[from] Volt Switch\n|move|p1a: Blissey|Seismic Toss|p2a: Iron Valiant\n|-damage|p2a: Iron Valiant|159/244\n|\n|-heal|p1a: Blissey|547/572|[from] item: Leftovers\n|upkeep\n|turn|15\n|\n|t:|1781464039\n|switch|p1a: Tauros|Tauros-Paldea-Blaze, L81, M|251/252\n|-damage|p1a: Tauros|220/252|[from] Stealth Rock\n|move|p2a: Iron Valiant|Close Combat|p1a: Tauros\n|-damage|p1a: Tauros|47/252\n|-unboost|p2a: Iron Valiant|def|1\n|-unboost|p2a: Iron Valiant|spd|1\n|-damage|p2a: Iron Valiant|135/244|[from] item: Life Orb\n|\n|upkeep\n|turn|16\n|\n|t:|1781464046\n|move|p2a: Iron Valiant|Close Combat|p1a: Tauros\n|-damage|p1a: Tauros|0 fnt\n|-unboost|p2a: Iron Valiant|def|1\n|-unboost|p2a: Iron Valiant|spd|1\n|faint|p1a: Tauros\n|-damage|p2a: Iron Valiant|111/244|[from] item: Life Orb\n|\n|upkeep\n|\n|t:|1781464059\n|switch|p1a: Dudunsparce|Dudunsparce, L83, M|343/343\n|-damage|p1a: Dudunsparce|301/343|[from] Stealth Rock\n|turn|17\n|\n|t:|1781464074\n|-end|p2a: Iron Valiant|Quark Drive|[silent]\n|switch|p2a: Sandy Shocks|Sandy Shocks, L80|267/267\n|-terastallize|p1a: Dudunsparce|Ground\n|move|p1a: Dudunsparce|Boomburst|p2a: Sandy Shocks\n|-damage|p2a: Sandy Shocks|123/267\n|\n|-heal|p1a: Dudunsparce|322/343|[from] item: Leftovers\n|upkeep\n|turn|18\n|\n|t:|1781464079\n|move|p2a: Sandy Shocks|Earth Power|p1a: Dudunsparce\n|-damage|p1a: Dudunsparce|204/343\n|move|p1a: Dudunsparce|Boomburst|p2a: Sandy Shocks\n|-damage|p2a: Sandy Shocks|0 fnt\n|faint|p2a: Sandy Shocks\n|-end|p2a: Sandy Shocks|Protosynthesis|[silent]\n|\n|-heal|p1a: Dudunsparce|225/343|[from] item: Leftovers\n|upkeep\n|\n|t:|1781464086\n|switch|p2a: Bellossom|Bellossom, L84, F|263/263\n|turn|19\n|\n|t:|1781464092\n|switch|p2a: Iron Valiant|Iron Valiant, L78|111/244\n|move|p1a: Dudunsparce|Toxic|p2a: Iron Valiant\n|-status|p2a: Iron Valiant|tox\n|\n|-heal|p1a: Dudunsparce|246/343|[from] item: Leftovers\n|-damage|p2a: Iron Valiant|96/244 tox|[from] psn\n|upkeep\n|turn|20\n|inactive|Chakraisgae has 120 seconds left.\n|\n|t:|1781464129\n|-terastallize|p2a: Iron Valiant|Fairy\n|move|p2a: Iron Valiant|Moonblast|p1a: Dudunsparce\n|-damage|p1a: Dudunsparce|30/343\n|-damage|p2a: Iron Valiant|72/244 tox|[from] item: Life Orb\n|move|p1a: Dudunsparce|Boomburst|p2a: Iron Valiant\n|-damage|p2a: Iron Valiant|0 fnt\n|faint|p2a: Iron Valiant\n|-end|p2a: Iron Valiant|Quark Drive|[silent]\n|\n|-heal|p1a: Dudunsparce|51/343|[from] item: Leftovers\n|upkeep\n|\n|t:|1781464137\n|switch|p2a: Bellossom|Bellossom, L84, F|263/263\n|turn|21\n|\n|t:|1781464139\n|move|p1a: Dudunsparce|Toxic|p2a: Bellossom\n|-status|p2a: Bellossom|tox\n|move|p2a: Bellossom|Giga Drain|p1a: Dudunsparce\n|-supereffective|p1a: Dudunsparce\n|-damage|p1a: Dudunsparce|0 fnt\n|faint|p1a: Dudunsparce\n|\n|-damage|p2a: Bellossom|247/263 tox|[from] psn\n|upkeep\n|\n|t:|1781464143\n|switch|p1a: Blissey|Blissey, L85, F|547/572\n|-damage|p1a: Blissey|476/572|[from] Stealth Rock\n|turn|22\n|-message|Chakraisgae forfeited.\n|\n|win|aceguy123\n", "inputlog": ">version a8376a258c1d4662feba110a92103f3664a72141\n>start {\"formatid\":\"gen9randombattle\",\"seed\":\"sodium,c9f3bfc4e3ec139541474616d52c2759\",\"rated\":\"Rated battle\"}\n>player p1 {\"name\":\"aceguy123\",\"avatar\":\"firebreather\",\"rating\":2247,\"seed\":\"sodium,81199d619a89a7a8002b7f2c45ea5edb\"}\n>player p2 {\"name\":\"Chakraisgae\",\"avatar\":\"2\",\"rating\":2141,\"seed\":\"sodium,09f0c3829f819c61601a3cfe8db437ee\"}\n>p1 move steameruption\n>p2 move uturn\n>p2 switch 3\n>p1 move flamecharge\n>p2 move substitute\n>p1 move flamecharge\n>p2 move endeavor\n>p1 move flamecharge\n>p2 move substitute\n>p1 move earthpower\n>p2 move endeavor\n>p1 move steameruption\n>p2 move endeavor\n>p2 switch 6\n>p1 move steameruption\n>p2 move psychic\n>p1 switch 4\n>p1 move dragondance\n>p2 switch 3\n>p1 move photongeyser\n>p2 move uturn\n>p2 switch 3\n>p1 move moongeistbeam\n>p2 move shadowball\n>p1 switch 6\n>p2 switch 3\n>p1 move substitute\n>p2 move quickattack\n>p1 move substitute\n>p2 move facade\n>p2 switch 5\n>p1 switch 3\n>p2 move stealthrock\n>p1 move seismictoss\n>p2 move voltswitch\n>p2 switch 4\n>p1 switch 3\n>p2 move closecombat\n>p1 move ragingbull\n>p2 move closecombat\n>p1 switch 5\n>p1 move boomburst terastallize\n>p2 switch 4\n>p1 move boomburst\n>p2 move earthpower\n>p2 switch 2\n>p1 move toxic\n>p2 switch 4\n>p1 move boomburst\n>p2 move moonblast terastallize\n>p2 switch 4\n>p1 move toxic\n>p2 move gigadrain\n>p1 switch 3\n>forcelose p2", "uploadtime": 1781463792, "views": 5, "formatid": "gen9randombattle", "rating": null, "private": 0, "password": null}