{"id": "gen9randombattle-2631494938", "format": "[Gen 9] Random Battle", "players": ["Profschnitzel", "boxhero147"], "log": "|j|\u2606Profschnitzel\n|j|\u2606boxhero147\n|t:|1781392231\n|gametype|singles\n|player|p1|Profschnitzel|steven|2005\n|player|p2|boxhero147|169|2047\n|gen|9\n|tier|[Gen 9] Random Battle\n|rated|\n|rule|Species Clause: Limit one of each Pok\u00e9mon\n|rule|HP Percentage Mod: HP is shown in percentages\n|rule|Sleep Clause Mod: Limit one foe put to sleep\n|rule|Illusion Level Mod: Illusion disguises the Pok\u00e9mon's true level\n|\n|t:|1781392231\n|teamsize|p1|6\n|teamsize|p2|6\n|start\n|switch|p1a: Glimmora|Glimmora, L75, F|248/248\n|switch|p2a: Brambleghast|Brambleghast, L88, M|240/240\n|turn|1\n|inactive|Battle timer is ON: inactive players will automatically lose when time's up. (requested by Profschnitzel)\n|\n|t:|1781392243\n|move|p2a: Brambleghast|Power Whip|p1a: Glimmora\n|-damage|p1a: Glimmora|61/248\n|-activate|p1a: Glimmora|ability: Toxic Debris\n|-sidestart|p2: boxhero147|move: Toxic Spikes\n|move|p1a: Glimmora|Sludge Wave|p2a: Brambleghast\n|-damage|p2a: Brambleghast|125/240\n|\n|upkeep\n|turn|2\n|\n|t:|1781392257\n|switch|p1a: Dodrio|Dodrio, L85, M|241/241\n|move|p2a: Brambleghast|Poltergeist|p1a: Dodrio\n|-immune|p1a: Dodrio\n|\n|upkeep\n|turn|3\n|\n|t:|1781392263\n|switch|p2a: Komala|Komala, L88, F|258/258\n|-ability|p2a: Komala|Comatose\n|move|p1a: Dodrio|Knock Off|p2a: Komala\n|-damage|p2a: Komala|161/258\n|-enditem|p2a: Komala|Choice Band|[from] move: Knock Off|[of] p1a: Dodrio\n|\n|upkeep\n|turn|4\n|\n|t:|1781392277\n|switch|p1a: Glimmora|Glimmora, L75, F|61/248\n|move|p2a: Komala|Body Slam|p1a: Glimmora\n|-resisted|p1a: Glimmora\n|-damage|p1a: Glimmora|0 fnt\n|-activate|p1a: Glimmora|ability: Toxic Debris\n|-sidestart|p2: boxhero147|move: Toxic Spikes\n|faint|p1a: Glimmora\n|\n|upkeep\n|\n|t:|1781392293\n|switch|p1a: Vigoroth|Vigoroth, L85, M|275/275\n|turn|5\n|\n|t:|1781392314\n|move|p1a: Vigoroth|Bulk Up|p1a: Vigoroth\n|-boost|p1a: Vigoroth|atk|1\n|-boost|p1a: Vigoroth|def|1\n|move|p2a: Komala|Knock Off|p1a: Vigoroth\n|-damage|p1a: Vigoroth|230/275\n|-enditem|p1a: Vigoroth|Eviolite|[from] move: Knock Off|[of] p2a: Komala\n|\n|upkeep\n|turn|6\n|\n|t:|1781392321\n|move|p1a: Vigoroth|Knock Off|p2a: Komala\n|-damage|p2a: Komala|93/258\n|move|p2a: Komala|U-turn|p1a: Vigoroth\n|-damage|p1a: Vigoroth|181/275\n|\n|t:|1781392327\n|switch|p2a: Brambleghast|Brambleghast, L88, M|125/240|[from] U-turn\n|\n|upkeep\n|turn|7\n|\n|t:|1781392331\n|move|p2a: Brambleghast|Rapid Spin|p1a: Vigoroth\n|-damage|p1a: Vigoroth|146/275\n|-boost|p2a: Brambleghast|spe|1\n|-sideend|p2: boxhero147|Toxic Spikes|[from] move: Rapid Spin|[of] p2a: Brambleghast\n|move|p1a: Vigoroth|Knock Off|p2a: Brambleghast\n|-supereffective|p2a: Brambleghast\n|-damage|p2a: Brambleghast|0 fnt\n|-enditem|p2a: Brambleghast|Heavy-Duty Boots|[from] move: Knock Off|[of] p1a: Vigoroth\n|faint|p2a: Brambleghast\n|\n|upkeep\n|\n|t:|1781392337\n|switch|p2a: Ribombee|Ribombee, L83, M|235/235\n|turn|8\n|\n|t:|1781392341\n|move|p2a: Ribombee|Sticky Web|p1a: Vigoroth\n|-sidestart|p1: Profschnitzel|move: Sticky Web\n|move|p1a: Vigoroth|Body Slam|p2a: Ribombee\n|-damage|p2a: Ribombee|73/235\n|\n|upkeep\n|turn|9\n|\n|t:|1781392346\n|move|p2a: Ribombee|Moonblast|p1a: Vigoroth\n|-damage|p1a: Vigoroth|20/275\n|move|p1a: Vigoroth|Slack Off|p1a: Vigoroth\n|-heal|p1a: Vigoroth|158/275\n|\n|upkeep\n|turn|10\n|\n|t:|1781392351\n|move|p2a: Ribombee|Moonblast|p1a: Vigoroth\n|-damage|p1a: Vigoroth|11/275\n|move|p1a: Vigoroth|Slack Off|p1a: Vigoroth\n|-heal|p1a: Vigoroth|149/275\n|\n|upkeep\n|turn|11\n|\n|t:|1781392355\n|move|p2a: Ribombee|Moonblast|p1a: Vigoroth\n|-crit|p1a: Vigoroth\n|-damage|p1a: Vigoroth|0 fnt\n|faint|p1a: Vigoroth\n|\n|upkeep\n|\n|t:|1781392362\n|switch|p1a: Venusaur|Venusaur, L84, M|272/272\n|-activate|p1a: Venusaur|move: Sticky Web\n|-unboost|p1a: Venusaur|spe|1\n|turn|12\n|\n|t:|1781392370\n|move|p2a: Ribombee|Bug Buzz|p1a: Venusaur\n|-damage|p1a: Venusaur|190/272\n|move|p1a: Venusaur|Substitute|p1a: Venusaur\n|-start|p1a: Venusaur|Substitute\n|-damage|p1a: Venusaur|122/272\n|\n|-heal|p1a: Venusaur|139/272|[from] item: Leftovers\n|upkeep\n|turn|13\n|\n|t:|1781392374\n|move|p2a: Ribombee|Bug Buzz|p1a: Venusaur\n|-crit|p1a: Venusaur\n|-damage|p1a: Venusaur|15/272\n|-unboost|p1a: Venusaur|spd|1\n|move|p1a: Venusaur|Sludge Bomb|p2a: Ribombee\n|-supereffective|p2a: Ribombee\n|-damage|p2a: Ribombee|0 fnt\n|faint|p2a: Ribombee\n|\n|-heal|p1a: Venusaur|32/272|[from] item: Leftovers\n|upkeep\n|\n|t:|1781392384\n|switch|p2a: Armarouge|Armarouge, L80, M|267/267\n|turn|14\n|\n|t:|1781392387\n|move|p2a: Armarouge|Meteor Beam||[still]\n|-prepare|p2a: Armarouge|Meteor Beam\n|-boost|p2a: Armarouge|spa|1\n|-enditem|p2a: Armarouge|Power Herb\n|-anim|p2a: Armarouge|Meteor Beam|p1a: Venusaur\n|-end|p1a: Venusaur|Substitute\n|move|p1a: Venusaur|Leech Seed|p2a: Armarouge\n|-start|p2a: Armarouge|move: Leech Seed\n|\n|-heal|p1a: Venusaur|49/272|[from] item: Leftovers\n|-damage|p2a: Armarouge|234/267|[from] Leech Seed|[of] p1a: Venusaur\n|-heal|p1a: Venusaur|82/272|[silent]\n|upkeep\n|turn|15\n|\n|t:|1781392394\n|switch|p1a: Dondozo|Dondozo, L78, F|362/362\n|-activate|p1a: Dondozo|move: Sticky Web\n|-unboost|p1a: Dondozo|spe|1\n|move|p2a: Armarouge|Psyshock|p1a: Dondozo\n|-damage|p1a: Dondozo|281/362\n|\n|-heal|p1a: Dondozo|303/362|[from] item: Leftovers\n|-damage|p2a: Armarouge|201/267|[from] Leech Seed|[of] p1a: Dondozo\n|-heal|p1a: Dondozo|336/362|[silent]\n|upkeep\n|turn|16\n|\n|t:|1781392403\n|-terastallize|p1a: Dondozo|Dragon\n|move|p2a: Armarouge|Energy Ball|p1a: Dondozo\n|-resisted|p1a: Dondozo\n|-damage|p1a: Dondozo|288/362\n|move|p1a: Dondozo|Wave Crash|p2a: Armarouge\n|-supereffective|p2a: Armarouge\n|-damage|p2a: Armarouge|0 fnt\n|faint|p2a: Armarouge\n|-damage|p1a: Dondozo|222/362|[from] Recoil\n|\n|-heal|p1a: Dondozo|244/362|[from] item: Leftovers\n|upkeep\n|\n|t:|1781392409\n|switch|p2a: Komala|Komala, L88, F|93/258\n|-ability|p2a: Komala|Comatose\n|turn|17\n|\n|t:|1781392412\n|move|p2a: Komala|Body Slam|p1a: Dondozo\n|-damage|p1a: Dondozo|139/362\n|move|p1a: Dondozo|Curse|p1a: Dondozo\n|-unboost|p1a: Dondozo|spe|1\n|-boost|p1a: Dondozo|atk|1\n|-boost|p1a: Dondozo|def|1\n|\n|-heal|p1a: Dondozo|161/362|[from] item: Leftovers\n|upkeep\n|turn|18\n|\n|t:|1781392416\n|move|p2a: Komala|Knock Off|p1a: Dondozo\n|-damage|p1a: Dondozo|109/362\n|-enditem|p1a: Dondozo|Leftovers|[from] move: Knock Off|[of] p2a: Komala\n|move|p1a: Dondozo|Rest|p1a: Dondozo\n|-status|p1a: Dondozo|slp|[from] move: Rest\n|-heal|p1a: Dondozo|362/362 slp|[silent]\n|\n|upkeep\n|turn|19\n|\n|t:|1781392419\n|move|p2a: Komala|U-turn|p1a: Dondozo\n|-damage|p1a: Dondozo|327/362 slp\n|\n|t:|1781392422\n|switch|p2a: Feraligatr|Feraligatr, L79, F|264/264|[from] U-turn\n|cant|p1a: Dondozo|slp\n|move|p1a: Dondozo|Sleep Talk|p1a: Dondozo\n|move|p1a: Dondozo|Rest||[from] move: Sleep Talk|[still]\n|-fail|p1a: Dondozo\n|\n|upkeep\n|turn|20\n|\n|t:|1781392429\n|move|p2a: Feraligatr|Ice Punch|p1a: Dondozo\n|-supereffective|p1a: Dondozo\n|-damage|p1a: Dondozo|228/362 slp\n|cant|p1a: Dondozo|slp\n|move|p1a: Dondozo|Sleep Talk|p1a: Dondozo\n|move|p1a: Dondozo|Rest||[from] move: Sleep Talk|[still]\n|-fail|p1a: Dondozo\n|\n|upkeep\n|turn|21\n|\n|t:|1781392433\n|move|p2a: Feraligatr|Ice Punch|p1a: Dondozo\n|-supereffective|p1a: Dondozo\n|-damage|p1a: Dondozo|124/362 slp\n|-curestatus|p1a: Dondozo|slp|[msg]\n|move|p1a: Dondozo|Curse|p1a: Dondozo\n|-unboost|p1a: Dondozo|spe|1\n|-boost|p1a: Dondozo|atk|1\n|-boost|p1a: Dondozo|def|1\n|\n|upkeep\n|turn|22\n|\n|t:|1781392436\n|move|p2a: Feraligatr|Ice Punch|p1a: Dondozo\n|-supereffective|p1a: Dondozo\n|-damage|p1a: Dondozo|43/362\n|move|p1a: Dondozo|Rest|p1a: Dondozo\n|-status|p1a: Dondozo|slp|[from] move: Rest\n|-heal|p1a: Dondozo|362/362 slp|[silent]\n|\n|upkeep\n|turn|23\n|\n|t:|1781392439\n|move|p2a: Feraligatr|Dragon Dance|p2a: Feraligatr\n|-boost|p2a: Feraligatr|atk|1\n|-boost|p2a: Feraligatr|spe|1\n|cant|p1a: Dondozo|slp\n|move|p1a: Dondozo|Sleep Talk|p1a: Dondozo\n|move|p1a: Dondozo|Rest||[from] move: Sleep Talk|[still]\n|-fail|p1a: Dondozo\n|\n|upkeep\n|turn|24\n|\n|t:|1781392442\n|move|p2a: Feraligatr|Ice Punch|p1a: Dondozo\n|-supereffective|p1a: Dondozo\n|-damage|p1a: Dondozo|292/362 slp\n|cant|p1a: Dondozo|slp\n|move|p1a: Dondozo|Sleep Talk|p1a: Dondozo\n|move|p1a: Dondozo|Curse|p1a: Dondozo|[from] move: Sleep Talk\n|-unboost|p1a: Dondozo|spe|1\n|-boost|p1a: Dondozo|atk|1\n|-boost|p1a: Dondozo|def|1\n|\n|upkeep\n|turn|25\n|\n|t:|1781392445\n|move|p2a: Feraligatr|Ice Punch|p1a: Dondozo\n|-supereffective|p1a: Dondozo\n|-damage|p1a: Dondozo|230/362 slp\n|-curestatus|p1a: Dondozo|slp|[msg]\n|move|p1a: Dondozo|Wave Crash|p2a: Feraligatr\n|-resisted|p2a: Feraligatr\n|-damage|p2a: Feraligatr|137/264\n|-damage|p1a: Dondozo|188/362|[from] Recoil\n|\n|upkeep\n|turn|26\n|\n|t:|1781392449\n|move|p2a: Feraligatr|Ice Punch|p1a: Dondozo\n|-supereffective|p1a: Dondozo\n|-crit|p1a: Dondozo\n|-damage|p1a: Dondozo|0 fnt\n|faint|p1a: Dondozo\n|\n|upkeep\n|\n|t:|1781392454\n|switch|p1a: Arceus|Arceus-Flying, L69|279/279\n|turn|27\n|\n|t:|1781392458\n|move|p2a: Feraligatr|Ice Punch|p1a: Arceus\n|-supereffective|p1a: Arceus\n|-damage|p1a: Arceus|42/279\n|move|p1a: Arceus|Judgment|p2a: Feraligatr\n|-damage|p2a: Feraligatr|23/264\n|\n|upkeep\n|turn|28\n|\n|t:|1781392461\n|move|p2a: Feraligatr|Ice Punch|p1a: Arceus\n|-supereffective|p1a: Arceus\n|-damage|p1a: Arceus|0 fnt\n|faint|p1a: Arceus\n|\n|upkeep\n|\n|t:|1781392463\n|switch|p1a: Dodrio|Dodrio, L85, M|241/241\n|turn|29\n|\n|t:|1781392465\n|move|p2a: Feraligatr|Ice Punch|p1a: Dodrio\n|-supereffective|p1a: Dodrio\n|-damage|p1a: Dodrio|0 fnt\n|faint|p1a: Dodrio\n|\n|upkeep\n|-message|Profschnitzel forfeited.\n|\n|win|boxhero147\n", "inputlog": ">version a8376a258c1d4662feba110a92103f3664a72141\n>start {\"formatid\":\"gen9randombattle\",\"seed\":\"sodium,048b54abcd3991d33a3f24b0207e0b72\",\"rated\":\"Rated battle\"}\n>player p1 {\"name\":\"Profschnitzel\",\"avatar\":\"steven\",\"rating\":2005,\"seed\":\"sodium,3ad050f8c13723e90128773e11e0ef9b\"}\n>player p2 {\"name\":\"boxhero147\",\"avatar\":\"169\",\"rating\":2047,\"seed\":\"sodium,3e19dbcd1860038feabba094393cbb1c\"}\n>p1 move sludgewave\n>p2 move powerwhip\n>p1 switch 6\n>p2 move poltergeist\n>p1 move knockoff\n>p2 switch 2\n>p1 switch 6\n>p2 move bodyslam\n>p1 switch 2\n>p1 move bulkup\n>p2 move knockoff\n>p1 move knockoff\n>p2 move uturn\n>p2 switch 2\n>p1 move knockoff\n>p2 move rapidspin\n>p2 switch 6\n>p1 move bodyslam\n>p2 move stickyweb\n>p1 move slackoff\n>p2 move moonblast\n>p1 move slackoff\n>p2 move moonblast\n>p1 move slackoff\n>p2 move moonblast\n>p1 switch 5\n>p1 move substitute\n>p2 move bugbuzz\n>p1 move sludgebomb\n>p2 move bugbuzz\n>p2 switch 5\n>p1 move leechseed\n>p2 move meteorbeam\n>p1 switch 4\n>p2 move psyshock\n>p1 move wavecrash terastallize\n>p2 move energyball\n>p2 switch 2\n>p1 move curse\n>p2 move bodyslam\n>p1 move rest\n>p2 move knockoff\n>p1 move sleeptalk\n>p2 move uturn\n>p2 switch 4\n>p1 move sleeptalk\n>p2 move icepunch\n>p1 move curse\n>p2 move icepunch\n>p1 move rest\n>p2 move icepunch\n>p1 move sleeptalk\n>p2 move dragondance\n>p1 move sleeptalk\n>p2 move icepunch\n>p1 move wavecrash\n>p2 move icepunch\n>p1 move wavecrash\n>p2 move icepunch\n>p1 switch 3\n>p1 move judgment\n>p2 move icepunch\n>p1 move judgment\n>p2 move icepunch\n>p1 switch 6\n>p1 move knockoff\n>p2 move icepunch\n>forcelose p1", "uploadtime": 1781392233, "views": 4, "formatid": "gen9randombattle", "rating": null, "private": 0, "password": null}