{"id": "gen9randombattle-2631625234", "format": "[Gen 9] Random Battle", "players": ["Selikgay", "Mindtree"], "log": "|j|\u2606Selikgay\n|j|\u2606Mindtree\n|t:|1781410776\n|gametype|singles\n|player|p1|Selikgay|1|1000\n|player|p2|Mindtree|169|1013\n|gen|9\n|tier|[Gen 9] Random Battle\n|rated|\n|rule|Species Clause: Limit one of each Pok\u00e9mon\n|rule|HP Percentage Mod: HP is shown in percentages\n|rule|Sleep Clause Mod: Limit one foe put to sleep\n|rule|Illusion Level Mod: Illusion disguises the Pok\u00e9mon's true level\n|\n|t:|1781410776\n|teamsize|p1|6\n|teamsize|p2|6\n|start\n|switch|p1a: Duraludon|Duraludon, L82, M|249/249\n|switch|p2a: Roaring Moon|Roaring Moon, L72|270/270\n|turn|1\n|inactive|Battle timer is ON: inactive players will automatically lose when time's up. (requested by Mindtree)\n|\n|t:|1781410802\n|-terastallize|p2a: Roaring Moon|Poison\n|move|p2a: Roaring Moon|Earthquake|p1a: Duraludon\n|-supereffective|p1a: Duraludon\n|-damage|p1a: Duraludon|171/249\n|move|p1a: Duraludon|Draco Meteor|p2a: Roaring Moon\n|-damage|p2a: Roaring Moon|114/270\n|-unboost|p1a: Duraludon|spa|2\n|\n|upkeep\n|turn|2\n|\n|t:|1781410814\n|move|p2a: Roaring Moon|Outrage|p1a: Duraludon\n|-damage|p1a: Duraludon|107/249\n|move|p1a: Duraludon|Draco Meteor|p2a: Roaring Moon\n|-damage|p2a: Roaring Moon|38/270\n|-unboost|p1a: Duraludon|spa|2\n|\n|upkeep\n|turn|3\n|\n|t:|1781410842\n|move|p2a: Roaring Moon|Outrage|p1a: Duraludon|[from] lockedmove\n|-damage|p1a: Duraludon|41/249\n|move|p1a: Duraludon|Dragon Tail|p2a: Roaring Moon\n|-damage|p2a: Roaring Moon|0 fnt\n|faint|p2a: Roaring Moon\n|-end|p2a: Roaring Moon|Protosynthesis|[silent]\n|\n|upkeep\n|\n|t:|1781410854\n|switch|p2a: Regieleki|Regieleki, L79|256/256\n|turn|4\n|\n|t:|1781410873\n|switch|p1a: Calyrex|Calyrex-Ice, L72|263/263\n|-ability|p1a: Calyrex|As One\n|-ability|p1a: Calyrex|Unnerve\n|move|p2a: Regieleki|Thunderbolt|p1a: Calyrex\n|-damage|p1a: Calyrex|155/263\n|\n|upkeep\n|turn|5\n|\n|t:|1781410891\n|move|p2a: Regieleki|Volt Switch|p1a: Calyrex\n|-damage|p1a: Calyrex|62/263\n|\n|t:|1781410897\n|switch|p2a: Umbreon|Umbreon, L84, F|297/297|[from] Volt Switch\n|move|p1a: Calyrex|High Horsepower|p2a: Umbreon\n|-damage|p2a: Umbreon|228/297\n|\n|-heal|p2a: Umbreon|246/297|[from] item: Leftovers\n|upkeep\n|turn|6\n|\n|t:|1781410916\n|switch|p1a: Lumineon|Lumineon, L93, F|279/279\n|move|p2a: Umbreon|Foul Play|p1a: Lumineon\n|-damage|p1a: Lumineon|212/279\n|\n|-heal|p2a: Umbreon|264/297|[from] item: Leftovers\n|upkeep\n|turn|7\n|\n|t:|1781410930\n|move|p1a: Lumineon|Alluring Voice|p2a: Umbreon\n|-supereffective|p2a: Umbreon\n|-damage|p2a: Umbreon|160/297\n|-damage|p1a: Lumineon|185/279|[from] item: Life Orb\n|move|p2a: Umbreon|Toxic|p1a: Lumineon|[miss]\n|-miss|p2a: Umbreon|p1a: Lumineon\n|\n|-heal|p2a: Umbreon|178/297|[from] item: Leftovers\n|upkeep\n|turn|8\n|\n|t:|1781410947\n|move|p2a: Umbreon|Protect|p2a: Umbreon\n|-singleturn|p2a: Umbreon|Protect\n|move|p1a: Lumineon|Alluring Voice|p2a: Umbreon\n|-activate|p2a: Umbreon|move: Protect\n|\n|-heal|p2a: Umbreon|196/297|[from] item: Leftovers\n|upkeep\n|turn|9\n|\n|t:|1781410956\n|switch|p1a: Duraludon|Duraludon, L82, M|41/249\n|move|p2a: Umbreon|Wish|p2a: Umbreon\n|\n|-heal|p2a: Umbreon|214/297|[from] item: Leftovers\n|upkeep\n|turn|10\n|\n|t:|1781410968\n|move|p1a: Duraludon|Flash Cannon|p2a: Umbreon\n|-damage|p2a: Umbreon|141/297\n|move|p2a: Umbreon|Foul Play|p1a: Duraludon\n|-damage|p1a: Duraludon|0 fnt\n|faint|p1a: Duraludon\n|\n|-heal|p2a: Umbreon|289/297|[from] move: Wish|[wisher] Umbreon\n|-heal|p2a: Umbreon|297/297|[from] item: Leftovers\n|upkeep\n|inactive|Selikgay has 120 seconds left.\n|\n|t:|1781410983\n|switch|p1a: Roaring Moon|Roaring Moon, L72|270/270\n|turn|11\n|\n|t:|1781410990\n|move|p1a: Roaring Moon|Outrage|p2a: Umbreon\n|-damage|p2a: Umbreon|138/297\n|move|p2a: Umbreon|Toxic|p1a: Roaring Moon\n|-status|p1a: Roaring Moon|tox\n|\n|-heal|p2a: Umbreon|156/297|[from] item: Leftovers\n|-damage|p1a: Roaring Moon|254/270 tox|[from] psn\n|upkeep\n|turn|12\n|\n|t:|1781411001\n|move|p2a: Umbreon|Protect|p2a: Umbreon\n|-singleturn|p2a: Umbreon|Protect\n|move|p1a: Roaring Moon|Outrage|p2a: Umbreon|[from] lockedmove\n|-activate|p2a: Umbreon|move: Protect\n|-start|p1a: Roaring Moon|confusion|[fatigue]\n|\n|-heal|p2a: Umbreon|174/297|[from] item: Leftovers\n|-damage|p1a: Roaring Moon|222/270 tox|[from] psn\n|upkeep\n|turn|13\n|\n|t:|1781411015\n|-end|p1a: Roaring Moon|Protosynthesis|[silent]\n|switch|p1a: Grumpig|Grumpig, L92, F|297/297\n|move|p2a: Umbreon|Wish|p2a: Umbreon\n|\n|-heal|p2a: Umbreon|192/297|[from] item: Leftovers\n|upkeep\n|turn|14\n|\n|t:|1781411025\n|move|p1a: Grumpig|Psyshock|p2a: Umbreon\n|-immune|p2a: Umbreon\n|move|p2a: Umbreon|Foul Play|p1a: Grumpig\n|-supereffective|p1a: Grumpig\n|-damage|p1a: Grumpig|195/297\n|\n|-heal|p2a: Umbreon|297/297|[from] move: Wish|[wisher] Umbreon\n|-heal|p1a: Grumpig|213/297|[from] item: Leftovers\n|upkeep\n|turn|15\n|\n|t:|1781411037\n|move|p1a: Grumpig|Focus Blast|p2a: Umbreon\n|-supereffective|p2a: Umbreon\n|-damage|p2a: Umbreon|167/297\n|move|p2a: Umbreon|Foul Play|p1a: Grumpig\n|-supereffective|p1a: Grumpig\n|-damage|p1a: Grumpig|111/297\n|\n|-heal|p1a: Grumpig|129/297|[from] item: Leftovers\n|-heal|p2a: Umbreon|185/297|[from] item: Leftovers\n|upkeep\n|turn|16\n|\n|t:|1781411052\n|move|p2a: Umbreon|Protect|p2a: Umbreon\n|-singleturn|p2a: Umbreon|Protect\n|move|p1a: Grumpig|Focus Blast|p2a: Umbreon\n|-activate|p2a: Umbreon|move: Protect\n|\n|-heal|p1a: Grumpig|147/297|[from] item: Leftovers\n|-heal|p2a: Umbreon|203/297|[from] item: Leftovers\n|upkeep\n|turn|17\n|\n|t:|1781411063\n|switch|p1a: Roaring Moon|Roaring Moon, L72|222/270 tox\n|move|p2a: Umbreon|Wish|p2a: Umbreon\n|\n|-heal|p2a: Umbreon|221/297|[from] item: Leftovers\n|-damage|p1a: Roaring Moon|206/270 tox|[from] psn\n|upkeep\n|turn|18\n|\n|t:|1781411073\n|move|p1a: Roaring Moon|Outrage|p2a: Umbreon\n|-damage|p2a: Umbreon|70/297\n|move|p2a: Umbreon|Foul Play|p1a: Roaring Moon\n|-resisted|p1a: Roaring Moon\n|-damage|p1a: Roaring Moon|126/270 tox\n|\n|-heal|p2a: Umbreon|218/297|[from] move: Wish|[wisher] Umbreon\n|-heal|p2a: Umbreon|236/297|[from] item: Leftovers\n|-damage|p1a: Roaring Moon|94/270 tox|[from] psn\n|upkeep\n|turn|19\n|\n|t:|1781411088\n|move|p2a: Umbreon|Protect|p2a: Umbreon\n|-singleturn|p2a: Umbreon|Protect\n|move|p1a: Roaring Moon|Outrage|p2a: Umbreon|[from] lockedmove\n|-activate|p2a: Umbreon|move: Protect\n|-start|p1a: Roaring Moon|confusion|[fatigue]\n|\n|-heal|p2a: Umbreon|254/297|[from] item: Leftovers\n|-damage|p1a: Roaring Moon|46/270 tox|[from] psn\n|upkeep\n|turn|20\n|\n|t:|1781411100\n|-end|p1a: Roaring Moon|Protosynthesis|[silent]\n|switch|p1a: Calyrex|Calyrex-Ice, L72|62/263\n|-ability|p1a: Calyrex|As One\n|-ability|p1a: Calyrex|Unnerve\n|move|p2a: Umbreon|Foul Play|p1a: Calyrex\n|-supereffective|p1a: Calyrex\n|-damage|p1a: Calyrex|0 fnt\n|faint|p1a: Calyrex\n|\n|-heal|p2a: Umbreon|272/297|[from] item: Leftovers\n|upkeep\n|\n|t:|1781411104\n|switch|p1a: Iron Bundle|Iron Bundle, L78|215/215\n|turn|21\n|\n|t:|1781411116\n|move|p1a: Iron Bundle|Hydro Pump|p2a: Umbreon\n|-damage|p2a: Umbreon|137/297\n|move|p2a: Umbreon|Toxic|p1a: Iron Bundle\n|-status|p1a: Iron Bundle|tox\n|\n|-heal|p2a: Umbreon|155/297|[from] item: Leftovers\n|-damage|p1a: Iron Bundle|202/215 tox|[from] psn\n|upkeep\n|turn|22\n|\n|t:|1781411130\n|-end|p1a: Iron Bundle|Quark Drive|[silent]\n|switch|p1a: Grumpig|Grumpig, L92, F|147/297\n|move|p2a: Umbreon|Protect||[still]\n|-fail|p2a: Umbreon\n|\n|-heal|p1a: Grumpig|165/297|[from] item: Leftovers\n|-heal|p2a: Umbreon|173/297|[from] item: Leftovers\n|upkeep\n|turn|23\n|\n|t:|1781411141\n|move|p1a: Grumpig|Nasty Plot|p1a: Grumpig\n|-boost|p1a: Grumpig|spa|2\n|move|p2a: Umbreon|Wish|p2a: Umbreon\n|\n|-heal|p1a: Grumpig|183/297|[from] item: Leftovers\n|-heal|p2a: Umbreon|191/297|[from] item: Leftovers\n|upkeep\n|turn|24\n|\n|t:|1781411154\n|move|p1a: Grumpig|Focus Blast|p2a: Umbreon\n|-supereffective|p2a: Umbreon\n|-damage|p2a: Umbreon|0 fnt\n|faint|p2a: Umbreon\n|\n|-heal|p1a: Grumpig|201/297|[from] item: Leftovers\n|upkeep\n|\n|t:|1781411159\n|switch|p2a: Regieleki|Regieleki, L79|256/256\n|turn|25\n|\n|t:|1781411178\n|move|p2a: Regieleki|Explosion|p1a: Grumpig\n|-damage|p1a: Grumpig|20/297\n|faint|p2a: Regieleki\n|move|p1a: Grumpig|Focus Blast|p2: Regieleki|[notarget]\n|-fail|p1a: Grumpig\n|\n|-heal|p1a: Grumpig|38/297|[from] item: Leftovers\n|upkeep\n|\n|t:|1781411195\n|switch|p2a: Swanna|Swanna, L89, M|278/278\n|turn|26\n|\n|t:|1781411211\n|switch|p1a: Roaring Moon|Roaring Moon, L72|46/270 tox\n|move|p2a: Swanna|Knock Off|p1a: Roaring Moon\n|-resisted|p1a: Roaring Moon\n|-damage|p1a: Roaring Moon|0 fnt\n|-enditem|p1a: Roaring Moon|Choice Band|[from] move: Knock Off|[of] p2a: Swanna\n|faint|p1a: Roaring Moon\n|-end|p1a: Roaring Moon|Protosynthesis|[silent]\n|\n|upkeep\n|\n|t:|1781411220\n|switch|p1a: Lumineon|Lumineon, L93, F|185/279\n|turn|27\n|\n|t:|1781411229\n|switch|p2a: Tsareena|Tsareena, L87, F|267/267\n|move|p1a: Lumineon|Ice Beam|p2a: Tsareena\n|-supereffective|p2a: Tsareena\n|-crit|p2a: Tsareena\n|-damage|p2a: Tsareena|62/267\n|-damage|p1a: Lumineon|158/279|[from] item: Life Orb\n|\n|upkeep\n|turn|28\n|\n|t:|1781411246\n|switch|p2a: Swanna|Swanna, L89, M|278/278\n|move|p1a: Lumineon|Ice Beam|p2a: Swanna\n|-damage|p2a: Swanna|181/278\n|-damage|p1a: Lumineon|131/279|[from] item: Life Orb\n|\n|upkeep\n|turn|29\n|\n|t:|1781411253\n|switch|p1a: Iron Bundle|Iron Bundle, L78|202/215 tox\n|move|p2a: Swanna|Brave Bird|p1a: Iron Bundle\n|-damage|p1a: Iron Bundle|93/215 tox\n|-damage|p2a: Swanna|145/278|[from] Recoil\n|\n|-damage|p1a: Iron Bundle|80/215 tox|[from] psn\n|upkeep\n|turn|30\n|\n|t:|1781411267\n|move|p1a: Iron Bundle|Freeze-Dry|p2a: Swanna\n|-supereffective|p2a: Swanna\n|-damage|p2a: Swanna|0 fnt\n|faint|p2a: Swanna\n|\n|-damage|p1a: Iron Bundle|54/215 tox|[from] psn\n|upkeep\n|\n|t:|1781411271\n|switch|p2a: Drifblim|Drifblim, L86, F|396/396\n|turn|31\n|\n|t:|1781411288\n|move|p1a: Iron Bundle|Freeze-Dry|p2a: Drifblim\n|-supereffective|p2a: Drifblim\n|-damage|p2a: Drifblim|52/396\n|-enditem|p2a: Drifblim|Sitrus Berry|[eat]\n|-heal|p2a: Drifblim|151/396|[from] item: Sitrus Berry\n|move|p2a: Drifblim|Shadow Ball|p1a: Iron Bundle\n|-damage|p1a: Iron Bundle|0 fnt\n|faint|p1a: Iron Bundle\n|-end|p1a: Iron Bundle|Quark Drive|[silent]\n|\n|upkeep\n|\n|t:|1781411304\n|switch|p1a: Lumineon|Lumineon, L93, F|131/279\n|turn|32\n|\n|t:|1781411315\n|move|p2a: Drifblim|Strength Sap|p1a: Lumineon\n|-unboost|p1a: Lumineon|atk|1\n|-heal|p2a: Drifblim|284/396\n|move|p1a: Lumineon|Alluring Voice|p2a: Drifblim\n|-damage|p2a: Drifblim|181/396\n|-damage|p1a: Lumineon|104/279|[from] item: Life Orb\n|\n|upkeep\n|turn|33\n|\n|t:|1781411329\n|move|p2a: Drifblim|Strength Sap|p1a: Lumineon\n|-unboost|p1a: Lumineon|atk|1\n|-heal|p2a: Drifblim|269/396\n|move|p1a: Lumineon|Ice Beam|p2a: Drifblim\n|-supereffective|p2a: Drifblim\n|-damage|p2a: Drifblim|64/396\n|-damage|p1a: Lumineon|77/279|[from] item: Life Orb\n|\n|upkeep\n|turn|34\n|\n|t:|1781411345\n|move|p2a: Drifblim|Strength Sap|p1a: Lumineon\n|-unboost|p1a: Lumineon|atk|1\n|-heal|p2a: Drifblim|130/396\n|move|p1a: Lumineon|Ice Beam|p2a: Drifblim\n|-supereffective|p2a: Drifblim\n|-damage|p2a: Drifblim|0 fnt\n|faint|p2a: Drifblim\n|-damage|p1a: Lumineon|50/279|[from] item: Life Orb\n|\n|upkeep\n|\n|t:|1781411355\n|switch|p2a: Tsareena|Tsareena, L87, F|62/267\n|turn|35\n|\n|t:|1781411363\n|move|p1a: Lumineon|Ice Beam|p2a: Tsareena\n|-supereffective|p2a: Tsareena\n|-damage|p2a: Tsareena|0 fnt\n|faint|p2a: Tsareena\n|-damage|p1a: Lumineon|23/279|[from] item: Life Orb\n|\n|win|Selikgay\n|raw|Selikgay's rating: 1000 &rarr; <strong>1041</strong><br />(+41 for winning)\n|raw|Mindtree's rating: 1013 &rarr; <strong>1001</strong><br />(-12 for losing)\n|l|\u2606Mindtree\n|player|p2|\n", "inputlog": ">version a8376a258c1d4662feba110a92103f3664a72141\n>start {\"formatid\":\"gen9randombattle\",\"seed\":\"sodium,ea779bfd596831254dc8a9fa3cb7cbc6\",\"rated\":\"Rated battle\"}\n>player p1 {\"name\":\"Selikgay\",\"avatar\":\"1\",\"rating\":1000,\"seed\":\"sodium,08863ee3b0b9a4373ee4a1ae5f993e2d\"}\n>player p2 {\"name\":\"Mindtree\",\"avatar\":\"169\",\"rating\":1013,\"seed\":\"sodium,49b4bf79242c338546a0d5553fa33525\"}\n>p1 move dracometeor\n>p2 move earthquake terastallize\n>p1 move dracometeor\n>p2 move outrage\n>p1 move dragontail\n>p2 move outrage\n>p2 switch 2\n>p1 switch 6\n>p2 move thunderbolt\n>p1 move highhorsepower\n>p2 move voltswitch\n>p2 switch 5\n>p1 switch 2\n>p2 move foulplay\n>p1 move alluringvoice\n>p2 move toxic\n>p1 move alluringvoice\n>p2 move protect\n>p1 switch 6\n>p2 move wish\n>p1 move flashcannon\n>p2 move foulplay\n>p1 switch 5\n>p1 move outrage\n>p2 move toxic\n>p1 move outrage\n>p2 move protect\n>p1 switch 4\n>p2 move wish\n>p1 move psyshock\n>p2 move foulplay\n>p1 move focusblast\n>p2 move foulplay\n>p1 move focusblast\n>p2 move protect\n>p1 switch 4\n>p2 move wish\n>p1 move outrage\n>p2 move foulplay\n>p1 move outrage\n>p2 move protect\n>p1 switch 2\n>p2 move foulplay\n>p1 switch 3\n>p1 move hydropump\n>p2 move toxic\n>p1 switch 4\n>p2 move protect\n>p1 move nastyplot\n>p2 move wish\n>p1 move focusblast\n>p2 move toxic\n>p2 switch 5\n>p1 move focusblast\n>p2 move explosion\n>p2 switch 3\n>p1 switch 2\n>p2 move knockoff\n>p1 switch 6\n>p1 move icebeam\n>p2 switch 6\n>p1 move icebeam\n>p2 switch 6\n>p1 switch 4\n>p2 move bravebird\n>p1 move freezedry\n>p2 move roost\n>p2 switch 4\n>p1 move freezedry\n>p2 move shadowball\n>p1 switch 4\n>p1 move alluringvoice\n>p2 move strengthsap\n>p1 move icebeam\n>p2 move strengthsap\n>p1 move icebeam\n>p2 move strengthsap\n>p2 switch 6\n>p1 move icebeam\n>p2 move synthesis", "uploadtime": 1781411393, "views": 16, "formatid": "gen9randombattle", "rating": 1001, "private": 0, "password": null}