{"id": "gen9randombattle-2631716646", "format": "[Gen 9] Random Battle", "players": ["mundigsters", "FQBgo"], "log": "|j|\u2606mundigsters\n|j|\u2606FQBgo\n|t:|1781427532\n|gametype|singles\n|player|p1|mundigsters|2|1929\n|player|p2|FQBgo|266|1933\n|gen|9\n|tier|[Gen 9] Random Battle\n|rated|\n|rule|Species Clause: Limit one of each Pok\u00e9mon\n|rule|HP Percentage Mod: HP is shown in percentages\n|rule|Sleep Clause Mod: Limit one foe put to sleep\n|rule|Illusion Level Mod: Illusion disguises the Pok\u00e9mon's true level\n|\n|t:|1781427532\n|teamsize|p1|6\n|teamsize|p2|6\n|start\n|switch|p1a: Milotic|Milotic, L83, M|293/293\n|switch|p2a: Cramorant|Cramorant, L86, M|261/261\n|turn|1\n|inactive|Battle timer is ON: inactive players will automatically lose when time's up. (requested by FQBgo)\n|\n|t:|1781427555\n|switch|p2a: Vikavolt|Vikavolt, L83, F|263/263\n|move|p1a: Milotic|Scald|p2a: Vikavolt\n|-damage|p2a: Vikavolt|166/263\n|\n|upkeep\n|turn|2\n|\n|t:|1781427565\n|move|p2a: Vikavolt|Sticky Web|p1a: Milotic\n|-sidestart|p1: mundigsters|move: Sticky Web\n|move|p1a: Milotic|Dragon Tail|p2a: Vikavolt\n|-crit|p2a: Vikavolt\n|-damage|p2a: Vikavolt|124/263\n|drag|p2a: Cramorant|Cramorant, L86, M|261/261\n|\n|upkeep\n|turn|3\n|\n|t:|1781427573\n|move|p2a: Cramorant|Brave Bird|p1a: Milotic\n|-damage|p1a: Milotic|155/293\n|-damage|p2a: Cramorant|215/261|[from] Recoil\n|move|p1a: Milotic|Scald|p2a: Cramorant\n|-resisted|p2a: Cramorant\n|-damage|p2a: Cramorant|176/261\n|\n|-heal|p1a: Milotic|173/293|[from] item: Leftovers\n|upkeep\n|turn|4\n|\n|t:|1781427576\n|move|p2a: Cramorant|Surf|p1a: Milotic\n|-formechange|p2a: Cramorant|Cramorant-Gulping|\n|-resisted|p1a: Milotic\n|-damage|p1a: Milotic|138/293\n|move|p1a: Milotic|Recover|p1a: Milotic\n|-heal|p1a: Milotic|285/293\n|\n|-heal|p1a: Milotic|293/293|[from] item: Leftovers\n|upkeep\n|turn|5\n|\n|t:|1781427584\n|move|p2a: Cramorant|Roost|p2a: Cramorant\n|-heal|p2a: Cramorant|261/261\n|-singleturn|p2a: Cramorant|move: Roost\n|move|p1a: Milotic|Dragon Tail|p2a: Cramorant\n|-damage|p2a: Cramorant|220/261\n|-damage|p1a: Milotic|220/293|[from] ability: Gulp Missile|[of] p2a: Cramorant\n|-unboost|p1a: Milotic|def|1\n|-ability|p1a: Milotic|Competitive|boost\n|-boost|p1a: Milotic|spa|2\n|-formechange|p2a: Cramorant|Cramorant|\n|drag|p2a: Meloetta|Meloetta, L82|298/298\n|\n|-heal|p1a: Milotic|238/293|[from] item: Leftovers\n|upkeep\n|turn|6\n|\n|t:|1781427606\n|move|p2a: Meloetta|Knock Off|p1a: Milotic\n|-damage|p1a: Milotic|122/293\n|-enditem|p1a: Milotic|Leftovers|[from] move: Knock Off|[of] p2a: Meloetta\n|-damage|p2a: Meloetta|269/298|[from] item: Life Orb\n|move|p1a: Milotic|Scald|p2a: Meloetta\n|-damage|p2a: Meloetta|139/298\n|\n|upkeep\n|turn|7\n|\n|t:|1781427617\n|move|p2a: Meloetta|Close Combat|p1a: Milotic\n|-damage|p1a: Milotic|0 fnt\n|-unboost|p2a: Meloetta|def|1\n|-unboost|p2a: Meloetta|spd|1\n|faint|p1a: Milotic\n|-damage|p2a: Meloetta|110/298|[from] item: Life Orb\n|\n|upkeep\n|\n|t:|1781427633\n|switch|p1a: Vivillon|Vivillon-Tundra, L83, F|268/268\n|turn|8\n|\n|t:|1781427642\n|move|p2a: Meloetta|Triple Axel|p1a: Vivillon|[miss]\n|-miss|p2a: Meloetta|p1a: Vivillon\n|move|p1a: Vivillon|Quiver Dance|p1a: Vivillon\n|-boost|p1a: Vivillon|spa|1\n|-boost|p1a: Vivillon|spd|1\n|-boost|p1a: Vivillon|spe|1\n|\n|upkeep\n|turn|9\n|\n|t:|1781427648\n|move|p1a: Vivillon|Bug Buzz|p2a: Meloetta\n|-supereffective|p2a: Meloetta\n|-damage|p2a: Meloetta|0 fnt\n|faint|p2a: Meloetta\n|\n|upkeep\n|\n|t:|1781427660\n|switch|p2a: Persian|Persian, L92, F|269/269\n|turn|10\n|\n|t:|1781427666\n|-terastallize|p2a: Persian|Normal\n|move|p2a: Persian|Fake Out|p1a: Vivillon\n|-damage|p1a: Vivillon|136/268\n|cant|p1a: Vivillon|flinch\n|\n|upkeep\n|turn|11\n|\n|t:|1781427675\n|switch|p2a: Vikavolt|Vikavolt, L83, F|124/263\n|move|p1a: Vivillon|Sleep Powder|p2a: Vikavolt\n|-status|p2a: Vikavolt|slp|[from] move: Sleep Powder\n|\n|upkeep\n|turn|12\n|\n|t:|1781427681\n|switch|p2a: Cramorant|Cramorant, L86, M|220/261\n|move|p1a: Vivillon|Quiver Dance|p1a: Vivillon\n|-boost|p1a: Vivillon|spa|1\n|-boost|p1a: Vivillon|spd|1\n|-boost|p1a: Vivillon|spe|1\n|\n|upkeep\n|turn|13\n|\n|t:|1781427686\n|move|p1a: Vivillon|Hurricane|p2a: Cramorant\n|-damage|p2a: Cramorant|16/261\n|move|p2a: Cramorant|Brave Bird|p1a: Vivillon\n|-supereffective|p1a: Vivillon\n|-damage|p1a: Vivillon|0 fnt\n|faint|p1a: Vivillon\n|-damage|p2a: Cramorant|0 fnt|[from] Recoil\n|faint|p2a: Cramorant\n|\n|upkeep\n|\n|t:|1781427696\n|switch|p2a: Persian|Persian, L92, F, tera:Normal|269/269\n|switch|p1a: Ninetales|Ninetales-Alola, L78, M|242/242\n|-activate|p1a: Ninetales|move: Sticky Web\n|-unboost|p1a: Ninetales|spe|1\n|-weather|Snowscape|[from] ability: Snow Warning|[of] p1a: Ninetales\n|turn|14\n|\n|t:|1781427701\n|move|p2a: Persian|Fake Out|p1a: Ninetales\n|-damage|p1a: Ninetales|170/242\n|cant|p1a: Ninetales|flinch\n|\n|-weather|Snowscape|[upkeep]\n|upkeep\n|turn|15\n|\n|t:|1781427727\n|-terastallize|p1a: Ninetales|Steel\n|move|p2a: Persian|Knock Off|p1a: Ninetales\n|-damage|p1a: Ninetales|99/242\n|-enditem|p1a: Ninetales|Light Clay|[from] move: Knock Off|[of] p2a: Persian\n|move|p1a: Ninetales|Aurora Veil|p1a: Ninetales\n|-sidestart|p1: mundigsters|move: Aurora Veil\n|\n|-weather|Snowscape|[upkeep]\n|upkeep\n|turn|16\n|\n|t:|1781427738\n|move|p2a: Persian|U-turn|p1a: Ninetales\n|-resisted|p1a: Ninetales\n|-damage|p1a: Ninetales|84/242\n|\n|t:|1781427746\n|switch|p2a: Vikavolt|Vikavolt, L83, F|124/263 slp|[from] U-turn\n|move|p1a: Ninetales|Blizzard|p2a: Vikavolt\n|-damage|p2a: Vikavolt|28/263 slp\n|\n|-weather|Snowscape|[upkeep]\n|upkeep\n|turn|17\n|\n|t:|1781427755\n|move|p1a: Ninetales|Blizzard|p2a: Vikavolt\n|-damage|p2a: Vikavolt|0 fnt\n|faint|p2a: Vikavolt\n|\n|-weather|Snowscape|[upkeep]\n|upkeep\n|\n|t:|1781427757\n|switch|p2a: Persian|Persian, L92, F, tera:Normal|269/269\n|turn|18\n|\n|t:|1781427770\n|move|p2a: Persian|Fake Out|p1a: Ninetales\n|-resisted|p1a: Ninetales\n|-damage|p1a: Ninetales|54/242\n|cant|p1a: Ninetales|flinch\n|\n|-weather|none\n|upkeep\n|turn|19\n|\n|t:|1781427785\n|move|p2a: Persian|Double-Edge|p1a: Ninetales\n|-resisted|p1a: Ninetales\n|-damage|p1a: Ninetales|2/242\n|-damage|p2a: Persian|252/269|[from] Recoil\n|move|p1a: Ninetales|Moonblast|p2a: Persian\n|-damage|p2a: Persian|159/269\n|-unboost|p2a: Persian|spa|1\n|\n|-sideend|p1: mundigsters|move: Aurora Veil\n|upkeep\n|turn|20\n|\n|t:|1781427792\n|move|p2a: Persian|Knock Off|p1a: Ninetales\n|-damage|p1a: Ninetales|0 fnt\n|faint|p1a: Ninetales\n|\n|upkeep\n|\n|t:|1781427801\n|switch|p1a: Luxray|Luxray, L88, F|283/283\n|-activate|p1a: Luxray|move: Sticky Web\n|-unboost|p1a: Luxray|spe|1\n|turn|21\n|\n|t:|1781427808\n|move|p2a: Persian|U-turn|p1a: Luxray\n|-damage|p1a: Luxray|238/283\n|\n|t:|1781427811\n|switch|p2a: Appletun|Appletun, L92, F|352/352|[from] U-turn\n|move|p1a: Luxray|Supercell Slam|p2a: Appletun\n|-resisted|p2a: Appletun\n|-damage|p2a: Appletun|316/352\n|\n|-heal|p2a: Appletun|338/352|[from] item: Leftovers\n|-status|p1a: Luxray|brn|[from] item: Flame Orb\n|upkeep\n|turn|22\n|\n|t:|1781427831\n|move|p1a: Luxray|Trailblaze|p2a: Appletun\n|-resisted|p2a: Appletun\n|-damage|p2a: Appletun|320/352\n|-boost|p1a: Luxray|spe|1\n|move|p2a: Appletun|Apple Acid|p1a: Luxray\n|-damage|p1a: Luxray|123/283 brn\n|-unboost|p1a: Luxray|spd|1\n|\n|-heal|p2a: Appletun|342/352|[from] item: Leftovers\n|-damage|p1a: Luxray|106/283 brn|[from] brn\n|upkeep\n|turn|23\n|\n|t:|1781427839\n|move|p1a: Luxray|Facade|p2a: Appletun\n|-damage|p2a: Appletun|161/352\n|move|p2a: Appletun|Apple Acid|p1a: Luxray\n|-damage|p1a: Luxray|0 fnt\n|faint|p1a: Luxray\n|\n|-heal|p2a: Appletun|183/352|[from] item: Leftovers\n|upkeep\n|\n|t:|1781427844\n|switch|p1a: Cinccino|Cinccino, L83, M|260/260\n|-activate|p1a: Cinccino|move: Sticky Web\n|-unboost|p1a: Cinccino|spe|1\n|turn|24\n|inactive|FQBgo has 120 seconds left.\n|\n|t:|1781427877\n|move|p1a: Cinccino|Triple Axel|p2a: Appletun\n|-supereffective|p2a: Appletun\n|-damage|p2a: Appletun|143/352\n|-supereffective|p2a: Appletun\n|-damage|p2a: Appletun|67/352\n|-supereffective|p2a: Appletun\n|-damage|p2a: Appletun|0 fnt\n|faint|p2a: Appletun\n|-hitcount|p2: Appletun|3\n|\n|upkeep\n|\n|t:|1781427880\n|switch|p2a: Persian|Persian, L92, F, tera:Normal|159/269\n|turn|25\n|l|\u2606mundigsters\n|inactive|mundigsters disconnected and has a minute to reconnect!\n|player|p1|\n|inactive|mundigsters has 30 seconds to reconnect!\n|inactive|mundigsters has 20 seconds to reconnect!\n|inactive|mundigsters has 15 seconds to reconnect!\n|inactive|mundigsters has 10 seconds to reconnect!\n|inactive|mundigsters has 5 seconds to reconnect!\n|-message|mundigsters lost due to inactivity.\n|\n|win|FQBgo\n", "uploadtime": 1781427534, "views": 4, "formatid": "gen9randombattle", "rating": null, "private": 0, "password": null}