{"id": "gen9randombattle-2631385432", "format": "[Gen 9] Random Battle", "players": ["centrallimittheory", "Sighmyers"], "log": "|j|\u2606centrallimittheory\n|j|\u2606Sighmyers\n|t:|1781378418\n|gametype|singles\n|player|p1|centrallimittheory|crasherwake|1998\n|player|p2|Sighmyers|170|1977\n|gen|9\n|tier|[Gen 9] Random Battle\n|rated|\n|rule|Species Clause: Limit one of each Pok\u00e9mon\n|rule|HP Percentage Mod: HP is shown in percentages\n|rule|Sleep Clause Mod: Limit one foe put to sleep\n|rule|Illusion Level Mod: Illusion disguises the Pok\u00e9mon's true level\n|\n|t:|1781378418\n|teamsize|p1|6\n|teamsize|p2|6\n|start\n|switch|p1a: Bellibolt|Bellibolt, L84, M|320/320\n|switch|p2a: Breloom|Breloom, L83, F|235/235\n|turn|1\n|inactive|Battle timer is ON: inactive players will automatically lose when time's up. (requested by centrallimittheory)\n|\n|t:|1781378432\n|move|p2a: Breloom|Swords Dance|p2a: Breloom\n|-boost|p2a: Breloom|atk|2\n|move|p1a: Bellibolt|Toxic|p2a: Breloom\n|-status|p2a: Breloom|tox\n|\n|-damage|p2a: Breloom|221/235 tox|[from] psn\n|upkeep\n|turn|2\n|\n|t:|1781378455\n|move|p2a: Breloom|Bullet Seed|p1a: Bellibolt\n|-damage|p1a: Bellibolt|190/320\n|-start|p1a: Bellibolt|Charge|Bullet Seed|[from] ability: Electromorphosis\n|-damage|p1a: Bellibolt|72/320\n|-start|p1a: Bellibolt|Charge|Bullet Seed|[from] ability: Electromorphosis\n|-damage|p1a: Bellibolt|0 fnt\n|faint|p1a: Bellibolt\n|-hitcount|p1: Bellibolt|3\n|-damage|p2a: Breloom|198/235 tox|[from] item: Life Orb\n|\n|-damage|p2a: Breloom|170/235 tox|[from] psn\n|upkeep\n|inactive|centrallimittheory has 120 seconds left.\n|\n|t:|1781378481\n|switch|p1a: Pincurchin|Pincurchin, F|258/258\n|-fieldstart|move: Electric Terrain|[from] ability: Electric Surge|[of] p1a: Pincurchin\n|turn|3\n|\n|t:|1781378486\n|move|p2a: Breloom|Bullet Seed|p1a: Pincurchin\n|-crit|p1a: Pincurchin\n|-damage|p1a: Pincurchin|105/258\n|-damage|p1a: Pincurchin|8/258\n|-damage|p1a: Pincurchin|0 fnt\n|faint|p1a: Pincurchin\n|-hitcount|p1: Pincurchin|3\n|-damage|p2a: Breloom|147/235 tox|[from] item: Life Orb\n|\n|-damage|p2a: Breloom|105/235 tox|[from] psn\n|upkeep\n|inactive|centrallimittheory has 120 seconds left.\n|\n|t:|1781378494\n|switch|p1a: Umbreon|Umbreon, L84, F|297/297\n|turn|4\n|\n|t:|1781378498\n|move|p1a: Umbreon|Protect|p1a: Umbreon\n|-singleturn|p1a: Umbreon|Protect\n|move|p2a: Breloom|Swords Dance|p2a: Breloom\n|-boost|p2a: Breloom|atk|2\n|\n|-damage|p2a: Breloom|49/235 tox|[from] psn\n|upkeep\n|turn|5\n|\n|t:|1781378504\n|switch|p1a: Gurdurr|Gurdurr, L85, M|283/283\n|move|p2a: Breloom|Bullet Seed|p1a: Gurdurr\n|-damage|p1a: Gurdurr|145/283\n|-damage|p1a: Gurdurr|27/283\n|-crit|p1a: Gurdurr\n|-damage|p1a: Gurdurr|0 fnt\n|faint|p1a: Gurdurr\n|-hitcount|p1: Gurdurr|3\n|-damage|p2a: Breloom|26/235 tox|[from] item: Life Orb\n|\n|-damage|p2a: Breloom|0 fnt|[from] psn\n|faint|p2a: Breloom\n|upkeep\n|\n|t:|1781378512\n|switch|p2a: Passimian|Passimian, L83, M|302/302\n|switch|p1a: Sandaconda|Sandaconda, L84, F|258/258\n|turn|6\n|\n|t:|1781378527\n|move|p2a: Passimian|Bulk Up|p2a: Passimian\n|-boost|p2a: Passimian|atk|1\n|-boost|p2a: Passimian|def|1\n|move|p1a: Sandaconda|Glare|p2a: Passimian\n|-status|p2a: Passimian|par\n|\n|upkeep\n|turn|7\n|\n|t:|1781378533\n|move|p1a: Sandaconda|Stealth Rock|p2a: Passimian\n|-sidestart|p2: Sighmyers|move: Stealth Rock\n|cant|p2a: Passimian|par\n|\n|-fieldend|move: Electric Terrain\n|upkeep\n|turn|8\n|\n|t:|1781378536\n|move|p1a: Sandaconda|Earthquake|p2a: Passimian\n|-damage|p2a: Passimian|227/302 par\n|move|p2a: Passimian|Drain Punch|p1a: Sandaconda\n|-damage|p1a: Sandaconda|149/258\n|-heal|p2a: Passimian|282/302 par|[from] drain|[of] p1a: Sandaconda\n|\n|-heal|p1a: Sandaconda|165/258|[from] item: Leftovers\n|-heal|p2a: Passimian|300/302 par|[from] item: Leftovers\n|upkeep\n|turn|9\n|\n|t:|1781378544\n|move|p1a: Sandaconda|Earthquake|p2a: Passimian\n|-damage|p2a: Passimian|224/302 par\n|move|p2a: Passimian|Knock Off|p1a: Sandaconda\n|-damage|p1a: Sandaconda|79/258\n|-enditem|p1a: Sandaconda|Leftovers|[from] move: Knock Off|[of] p2a: Passimian\n|\n|-heal|p2a: Passimian|242/302 par|[from] item: Leftovers\n|upkeep\n|turn|10\n|\n|t:|1781378546\n|move|p1a: Sandaconda|Earthquake|p2a: Passimian\n|-damage|p2a: Passimian|169/302 par\n|move|p2a: Passimian|Drain Punch|p1a: Sandaconda\n|-damage|p1a: Sandaconda|0 fnt\n|-heal|p2a: Passimian|209/302 par|[from] drain|[of] p1a: Sandaconda\n|faint|p1a: Sandaconda\n|\n|-heal|p2a: Passimian|227/302 par|[from] item: Leftovers\n|upkeep\n|\n|t:|1781378551\n|switch|p1a: Sawsbuck|Sawsbuck-Summer, L88, M|284/284\n|turn|11\n|\n|t:|1781378555\n|move|p1a: Sawsbuck|Swords Dance|p1a: Sawsbuck\n|-boost|p1a: Sawsbuck|atk|2\n|move|p2a: Passimian|Drain Punch|p1a: Sawsbuck\n|-supereffective|p1a: Sawsbuck\n|-damage|p1a: Sawsbuck|0 fnt\n|-heal|p2a: Passimian|302/302 par|[from] drain|[of] p1a: Sawsbuck\n|faint|p1a: Sawsbuck\n|\n|upkeep\n|-message|centrallimittheory forfeited.\n|\n|win|Sighmyers\n|raw|centrallimittheory's rating: 1998 &rarr; <strong>1977</strong><br />(-21 for losing)\n|raw|Sighmyers's rating: 1977 &rarr; <strong>1998</strong><br />(+21 for winning)\n", "inputlog": ">version a8376a258c1d4662feba110a92103f3664a72141\n>start {\"formatid\":\"gen9randombattle\",\"seed\":\"sodium,a562a2eff7046460d24feee8669747cd\",\"rated\":\"Rated battle\"}\n>player p1 {\"name\":\"centrallimittheory\",\"avatar\":\"crasherwake\",\"rating\":1998,\"seed\":\"sodium,ed5aa379d76df3dad235f48b74d5212e\"}\n>player p2 {\"name\":\"Sighmyers\",\"avatar\":\"170\",\"rating\":1977,\"seed\":\"sodium,a2fe70b9903ed871a79e717d65fce765\"}\n>p1 move toxic\n>p2 move swordsdance\n>p1 move thunderbolt\n>p2 move bulletseed\n>p1 switch 6\n>p1 move recover\n>p2 move bulletseed\n>p1 switch 3\n>p1 move protect\n>p2 move swordsdance\n>p1 switch 2\n>p2 move bulletseed\n>p1 switch 5\n>p2 switch 6\n>p1 move glare\n>p2 move bulkup\n>p1 move stealthrock\n>p2 move knockoff\n>p1 move earthquake\n>p2 move drainpunch\n>p1 move earthquake\n>p2 move knockoff\n>p1 move earthquake\n>p2 move drainpunch\n>p1 switch 4\n>p1 move swordsdance\n>p2 move drainpunch\n>forcelose p1", "uploadtime": 1781378420, "views": 10, "formatid": "gen9randombattle", "rating": 1977, "private": 0, "password": null}