{"id": "gen9randombattle-2631465109", "format": "[Gen 9] Random Battle", "players": ["Fortre", "monrayhudson"], "log": "|j|\u2606Fortre\n|j|\u2606monrayhudson\n|t:|1781388039\n|gametype|singles\n|player|p1|Fortre|1|2023\n|player|p2|monrayhudson|blue|1951\n|gen|9\n|tier|[Gen 9] Random Battle\n|rated|\n|rule|Species Clause: Limit one of each Pok\u00e9mon\n|rule|HP Percentage Mod: HP is shown in percentages\n|rule|Sleep Clause Mod: Limit one foe put to sleep\n|rule|Illusion Level Mod: Illusion disguises the Pok\u00e9mon's true level\n|\n|t:|1781388039\n|teamsize|p1|6\n|teamsize|p2|6\n|start\n|switch|p1a: Mienshao|Mienshao, L83, M|244/244\n|switch|p2a: Toxtricity|Toxtricity, L82, M|257/257\n|turn|1\n|l|\u2606monrayhudson\n|player|p2|\n|j|\u2606monrayhudson\n|player|p2|monrayhudson|blue|\n|\n|t:|1781388062\n|move|p1a: Mienshao|Fake Out|p2a: Toxtricity\n|-damage|p2a: Toxtricity|218/257\n|cant|p2a: Toxtricity|flinch\n|\n|upkeep\n|turn|2\n|\n|t:|1781388066\n|move|p1a: Mienshao|Knock Off|p2a: Toxtricity\n|-damage|p2a: Toxtricity|110/257\n|-enditem|p2a: Toxtricity|Throat Spray|[from] move: Knock Off|[of] p1a: Mienshao\n|move|p2a: Toxtricity|Shift Gear|p2a: Toxtricity\n|-boost|p2a: Toxtricity|spe|2\n|-boost|p2a: Toxtricity|atk|1\n|\n|upkeep\n|turn|3\n|\n|t:|1781388077\n|switch|p1a: Muk|Muk, L86, F|321/321\n|move|p2a: Toxtricity|Boomburst|p1a: Muk\n|-damage|p1a: Muk|198/321\n|\n|-heal|p1a: Muk|218/321|[from] item: Leftovers\n|upkeep\n|turn|4\n|\n|t:|1781388093\n|move|p2a: Toxtricity|Boomburst|p1a: Muk\n|-damage|p1a: Muk|103/321\n|move|p1a: Muk|Knock Off|p2a: Toxtricity\n|-damage|p2a: Toxtricity|44/257\n|\n|-heal|p1a: Muk|123/321|[from] item: Leftovers\n|upkeep\n|turn|5\n|\n|t:|1781388118\n|move|p2a: Toxtricity|Boomburst|p1a: Muk\n|-damage|p1a: Muk|0 fnt\n|faint|p1a: Muk\n|\n|upkeep\n|\n|t:|1781388124\n|switch|p1a: Mienshao|Mienshao, L83, M|244/244\n|turn|6\n|\n|t:|1781388136\n|move|p1a: Mienshao|Fake Out|p2a: Toxtricity\n|-damage|p2a: Toxtricity|3/257\n|cant|p2a: Toxtricity|flinch\n|\n|upkeep\n|turn|7\n|\n|t:|1781388144\n|move|p2a: Toxtricity|Gunk Shot|p1a: Mienshao\n|-damage|p1a: Mienshao|6/244\n|move|p1a: Mienshao|Knock Off|p2a: Toxtricity\n|-damage|p2a: Toxtricity|0 fnt\n|faint|p2a: Toxtricity\n|\n|upkeep\n|\n|t:|1781388166\n|switch|p2a: Hydreigon|Hydreigon, L79, M|275/275\n|turn|8\n|\n|t:|1781388170\n|switch|p1a: Sylveon|Sylveon, L85, F|300/300\n|move|p2a: Hydreigon|Dark Pulse|p1a: Sylveon\n|-resisted|p1a: Sylveon\n|-damage|p1a: Sylveon|250/300\n|\n|-heal|p1a: Sylveon|268/300|[from] item: Leftovers\n|upkeep\n|turn|9\n|\n|t:|1781388176\n|switch|p2a: Grumpig|Grumpig, L92, M|297/297\n|move|p1a: Sylveon|Hyper Voice|p2a: Grumpig\n|-damage|p2a: Grumpig|188/297\n|\n|-heal|p2a: Grumpig|206/297|[from] item: Leftovers\n|-heal|p1a: Sylveon|286/300|[from] item: Leftovers\n|upkeep\n|turn|10\n|\n|t:|1781388198\n|move|p2a: Grumpig|Psychic|p1a: Sylveon\n|-damage|p1a: Sylveon|201/300\n|move|p1a: Sylveon|Calm Mind|p1a: Sylveon\n|-boost|p1a: Sylveon|spa|1\n|-boost|p1a: Sylveon|spd|1\n|\n|-heal|p2a: Grumpig|224/297|[from] item: Leftovers\n|-heal|p1a: Sylveon|219/300|[from] item: Leftovers\n|upkeep\n|turn|11\n|\n|t:|1781388211\n|switch|p2a: Camerupt|Camerupt, L91, F|275/275\n|move|p1a: Sylveon|Hyper Voice|p2a: Camerupt\n|-resisted|p2a: Camerupt\n|-damage|p2a: Camerupt|178/275\n|\n|-heal|p1a: Sylveon|237/300|[from] item: Leftovers\n|-heal|p2a: Camerupt|195/275|[from] item: Leftovers\n|upkeep\n|turn|12\n|\n|t:|1781388222\n|switch|p1a: Lapras|Lapras, L87, M|367/367\n|move|p2a: Camerupt|Roar|p1a: Lapras\n|drag|p1a: Exeggutor|Exeggutor, L89, M|314/314\n|\n|-heal|p2a: Camerupt|212/275|[from] item: Leftovers\n|upkeep\n|turn|13\n|\n|t:|1781388239\n|move|p1a: Exeggutor|Sleep Powder|p2a: Camerupt\n|-status|p2a: Camerupt|slp|[from] move: Sleep Powder\n|cant|p2a: Camerupt|slp\n|\n|-heal|p2a: Camerupt|229/275 slp|[from] item: Leftovers\n|upkeep\n|turn|14\n|\n|t:|1781388260\n|switch|p1a: Lapras|Lapras, L87, M|367/367\n|cant|p2a: Camerupt|slp\n|\n|-heal|p2a: Camerupt|246/275 slp|[from] item: Leftovers\n|upkeep\n|turn|15\n|\n|t:|1781388266\n|switch|p2a: Grumpig|Grumpig, L92, M|224/297\n|move|p1a: Lapras|Waterfall|p2a: Grumpig\n|-damage|p2a: Grumpig|127/297\n|\n|-heal|p2a: Grumpig|145/297|[from] item: Leftovers\n|upkeep\n|turn|16\n|\n|t:|1781388305\n|move|p2a: Grumpig|Nasty Plot|p2a: Grumpig\n|-boost|p2a: Grumpig|spa|2\n|move|p1a: Lapras|Dragon Dance|p1a: Lapras\n|-boost|p1a: Lapras|atk|1\n|-boost|p1a: Lapras|spe|1\n|\n|-heal|p2a: Grumpig|163/297|[from] item: Leftovers\n|upkeep\n|turn|17\n|inactive|Battle timer is ON: inactive players will automatically lose when time's up. (requested by monrayhudson)\n|inactive|Fortre has 120 seconds left.\n|inactive|Fortre has 90 seconds left.\n|\n|t:|1781388379\n|move|p1a: Lapras|Waterfall|p2a: Grumpig\n|-damage|p2a: Grumpig|28/297\n|move|p2a: Grumpig|Psychic|p1a: Lapras\n|-damage|p1a: Lapras|172/367\n|\n|-heal|p2a: Grumpig|46/297|[from] item: Leftovers\n|upkeep\n|turn|18\n|\n|t:|1781388399\n|move|p1a: Lapras|Waterfall|p2a: Grumpig\n|-damage|p2a: Grumpig|0 fnt\n|faint|p2a: Grumpig\n|\n|upkeep\n|inactive|monrayhudson has 120 seconds left.\n|inactive|monrayhudson has 90 seconds left.\n|\n|t:|1781388450\n|switch|p2a: Gouging Fire|Gouging Fire, L74|277/277\n|turn|19\n|inactive|monrayhudson has 90 seconds left.\n|\n|t:|1781388460\n|-terastallize|p1a: Lapras|Ground\n|move|p1a: Lapras|Earthquake|p2a: Gouging Fire\n|-supereffective|p2a: Gouging Fire\n|-damage|p2a: Gouging Fire|5/277\n|move|p2a: Gouging Fire|Dragon Dance|p2a: Gouging Fire\n|-boost|p2a: Gouging Fire|atk|1\n|-boost|p2a: Gouging Fire|spe|1\n|\n|upkeep\n|turn|20\n|l|\u2606Fortre\n|inactive|Fortre disconnected and has a minute to reconnect!\n|player|p1|\n|j|\u2606Fortre\n|inactive|Fortre reconnected and has 140 seconds left.\n|player|p1|Fortre|1|\n|\n|t:|1781388483\n|switch|p1a: Ceruledge|Ceruledge, L78, F|245/245\n|move|p2a: Gouging Fire|Outrage|p1a: Ceruledge\n|-damage|p1a: Ceruledge|52/245\n|-ability|p1a: Ceruledge|Weak Armor|boost\n|-unboost|p1a: Ceruledge|def|1\n|-boost|p1a: Ceruledge|spe|2\n|\n|upkeep\n|turn|21\n|\n|t:|1781388489\n|move|p1a: Ceruledge|Bitter Blade|p2a: Gouging Fire\n|-resisted|p2a: Gouging Fire\n|-damage|p2a: Gouging Fire|0 fnt\n|-heal|p1a: Ceruledge|55/245|[from] drain|[of] p2a: Gouging Fire\n|faint|p2a: Gouging Fire\n|-end|p2a: Gouging Fire|Protosynthesis|[silent]\n|\n|upkeep\n|inactive|monrayhudson has 90 seconds left.\n|\n|t:|1781388510\n|switch|p2a: Hydreigon|Hydreigon, L79, M|275/275\n|turn|22\n|\n|t:|1781388530\n|move|p1a: Ceruledge|Close Combat|p2a: Hydreigon\n|-supereffective|p2a: Hydreigon\n|-damage|p2a: Hydreigon|81/275\n|-unboost|p1a: Ceruledge|def|1\n|-unboost|p1a: Ceruledge|spd|1\n|move|p2a: Hydreigon|Dark Pulse|p1a: Ceruledge\n|-supereffective|p1a: Ceruledge\n|-damage|p1a: Ceruledge|0 fnt\n|faint|p1a: Ceruledge\n|\n|upkeep\n|\n|t:|1781388536\n|switch|p1a: Sylveon|Sylveon, L85, F|237/300\n|turn|23\n|\n|t:|1781388542\n|switch|p2a: Camerupt|Camerupt, L91, F|246/275 slp\n|switch|p1a: Mienshao|Mienshao, L83, M|87/244\n|\n|-heal|p2a: Camerupt|263/275 slp|[from] item: Leftovers\n|upkeep\n|turn|24\n|\n|t:|1781388546\n|move|p1a: Mienshao|Fake Out|p2a: Camerupt\n|-damage|p2a: Camerupt|227/275 slp\n|-curestatus|p2a: Camerupt|slp|[msg]\n|cant|p2a: Camerupt|flinch\n|\n|-heal|p2a: Camerupt|244/275|[from] item: Leftovers\n|upkeep\n|turn|25\n|\n|t:|1781388571\n|move|p1a: Mienshao|U-turn|p2a: Camerupt\n|-resisted|p2a: Camerupt\n|-damage|p2a: Camerupt|209/275\n|\n|t:|1781388572\n|switch|p1a: Exeggutor|Exeggutor, L89, M|314/314|[from] U-turn\n|move|p2a: Camerupt|Earthquake|p1a: Exeggutor\n|-resisted|p1a: Exeggutor\n|-damage|p1a: Exeggutor|253/314\n|\n|-heal|p2a: Camerupt|226/275|[from] item: Leftovers\n|upkeep\n|turn|26\n|\n|t:|1781388583\n|move|p1a: Exeggutor|Sleep Powder|p2a: Camerupt|[miss]\n|-miss|p1a: Exeggutor|p2a: Camerupt\n|move|p2a: Camerupt|Overheat|p1a: Exeggutor\n|-supereffective|p1a: Exeggutor\n|-damage|p1a: Exeggutor|0 fnt\n|-unboost|p2a: Camerupt|spa|2\n|faint|p1a: Exeggutor\n|\n|-heal|p2a: Camerupt|243/275|[from] item: Leftovers\n|upkeep\n|\n|t:|1781388589\n|switch|p1a: Lapras|Lapras, L87, M, tera:Ground|172/367\n|turn|27\n|\n|t:|1781388599\n|switch|p2a: Hydreigon|Hydreigon, L79, M|81/275\n|move|p1a: Lapras|Waterfall|p2a: Hydreigon\n|-resisted|p2a: Hydreigon\n|-damage|p2a: Hydreigon|38/275\n|\n|upkeep\n|turn|28\n|\n|t:|1781388617\n|move|p2a: Hydreigon|Flash Cannon|p1a: Lapras\n|-damage|p1a: Lapras|83/367\n|move|p1a: Lapras|Icicle Spear|p2a: Hydreigon\n|-supereffective|p2a: Hydreigon\n|-damage|p2a: Hydreigon|0 fnt\n|faint|p2a: Hydreigon\n|-hitcount|p2: Hydreigon|1\n|\n|upkeep\n|inactive|monrayhudson has 120 seconds left.\n|\n|t:|1781388638\n|switch|p2a: Camerupt|Camerupt, L91, F|243/275\n|turn|29\n|\n|t:|1781388650\n|-terastallize|p2a: Camerupt|Water\n|move|p1a: Lapras|Icicle Spear|p2a: Camerupt\n|-resisted|p2a: Camerupt\n|-damage|p2a: Camerupt|228/275\n|-resisted|p2a: Camerupt\n|-damage|p2a: Camerupt|213/275\n|-resisted|p2a: Camerupt\n|-damage|p2a: Camerupt|199/275\n|-resisted|p2a: Camerupt\n|-damage|p2a: Camerupt|186/275\n|-hitcount|p2a: Camerupt|4\n|move|p2a: Camerupt|Earthquake|p1a: Lapras\n|-damage|p1a: Lapras|0 fnt\n|faint|p1a: Lapras\n|\n|-heal|p2a: Camerupt|203/275|[from] item: Leftovers\n|upkeep\n|\n|t:|1781388654\n|switch|p1a: Mienshao|Mienshao, L83, M|168/244\n|turn|30\n|\n|t:|1781388658\n|move|p1a: Mienshao|Fake Out|p2a: Camerupt\n|-damage|p2a: Camerupt|168/275\n|cant|p2a: Camerupt|flinch\n|\n|-heal|p2a: Camerupt|185/275|[from] item: Leftovers\n|upkeep\n|turn|31\n|\n|t:|1781388663\n|move|p1a: Mienshao|Knock Off|p2a: Camerupt\n|-damage|p2a: Camerupt|100/275\n|-enditem|p2a: Camerupt|Leftovers|[from] move: Knock Off|[of] p1a: Mienshao\n|move|p2a: Camerupt|Earthquake|p1a: Mienshao\n|-damage|p1a: Mienshao|6/244\n|\n|upkeep\n|turn|32\n|\n|t:|1781388667\n|move|p1a: Mienshao|Close Combat|p2a: Camerupt\n|-damage|p2a: Camerupt|0 fnt\n|-unboost|p1a: Mienshao|def|1\n|-unboost|p1a: Mienshao|spd|1\n|faint|p2a: Camerupt\n|\n|upkeep\n|\n|t:|1781388669\n|switch|p2a: Torterra|Torterra, L78, F|276/276\n|turn|33\n|\n|t:|1781388677\n|move|p1a: Mienshao|Knock Off|p2a: Torterra\n|-damage|p2a: Torterra|195/276\n|-enditem|p2a: Torterra|Loaded Dice|[from] move: Knock Off|[of] p1a: Mienshao\n|move|p2a: Torterra|Shell Smash|p2a: Torterra\n|-unboost|p2a: Torterra|def|1\n|-unboost|p2a: Torterra|spd|1\n|-boost|p2a: Torterra|atk|2\n|-boost|p2a: Torterra|spa|2\n|-boost|p2a: Torterra|spe|2\n|\n|upkeep\n|turn|34\n|\n|t:|1781388683\n|move|p2a: Torterra|Bullet Seed|p1a: Mienshao\n|-damage|p1a: Mienshao|0 fnt\n|faint|p1a: Mienshao\n|-hitcount|p1: Mienshao|1\n|\n|upkeep\n|\n|t:|1781388684\n|switch|p1a: Sylveon|Sylveon, L85, F|237/300\n|turn|35\n|\n|t:|1781388689\n|move|p1a: Sylveon|Protect|p1a: Sylveon\n|-singleturn|p1a: Sylveon|Protect\n|move|p2a: Torterra|Headlong Rush|p1a: Sylveon\n|-activate|p1a: Sylveon|move: Protect\n|\n|-heal|p1a: Sylveon|255/300|[from] item: Leftovers\n|upkeep\n|turn|36\n|\n|t:|1781388691\n|move|p2a: Torterra|Headlong Rush|p1a: Sylveon\n|-damage|p1a: Sylveon|0 fnt\n|-unboost|p2a: Torterra|def|1\n|-unboost|p2a: Torterra|spd|1\n|faint|p1a: Sylveon\n|\n|win|monrayhudson\n", "inputlog": ">version a8376a258c1d4662feba110a92103f3664a72141\n>start {\"formatid\":\"gen9randombattle\",\"seed\":\"sodium,9dc78412583c4db327b228d47a98e15b\",\"rated\":\"Rated battle\"}\n>player p1 {\"name\":\"Fortre\",\"avatar\":\"1\",\"rating\":2023,\"seed\":\"sodium,44fd028a902181f838c87fe57c10362c\"}\n>player p2 {\"name\":\"monrayhudson\",\"avatar\":\"blue\",\"rating\":1951,\"seed\":\"sodium,41387688b692d76897016c4c360fbf75\"}\n>p1 move fakeout\n>p2 move boomburst\n>p1 move knockoff\n>p2 move shiftgear\n>p1 switch 3\n>p2 move boomburst\n>p1 move knockoff\n>p2 move boomburst\n>p1 move knockoff\n>p2 move boomburst\n>p1 switch 3\n>p1 move fakeout\n>p2 move boomburst\n>p1 move knockoff\n>p2 move gunkshot\n>p2 switch 5\n>p1 switch 5\n>p2 move darkpulse\n>p1 move hypervoice\n>p2 switch 4\n>p1 move calmmind\n>p2 move psychic\n>p1 move hypervoice\n>p2 switch 2\n>p1 switch 4\n>p2 move roar\n>p1 move sleeppowder\n>p2 move stealthrock\n>p1 switch 2\n>p2 move roar\n>p1 move waterfall\n>p2 switch 2\n>p1 move dragondance\n>p2 move nastyplot\n>p1 move waterfall\n>p2 move psychic\n>p1 move waterfall\n>p2 move psychic\n>p2 switch 3\n>p1 move earthquake terastallize\n>p2 move dragondance\n>p1 switch 6\n>p2 move outrage\n>p1 move bitterblade\n>p2 move outrage\n>p2 switch 4\n>p1 move closecombat\n>p2 move darkpulse\n>p1 switch 4\n>p1 switch 5\n>p2 switch 2\n>p1 move fakeout\n>p2 move earthquake\n>p1 move uturn\n>p2 move earthquake\n>p1 switch 2\n>p1 move sleeppowder\n>p2 move overheat\n>p1 switch 6\n>p1 move waterfall\n>p2 switch 2\n>p1 move iciclespear\n>p2 move flashcannon\n>p2 switch 2\n>p1 move iciclespear\n>p2 move earthquake terastallize\n>p1 switch 2\n>p1 move fakeout\n>p2 move earthquake\n>p1 move knockoff\n>p2 move earthquake\n>p1 move closecombat\n>p2 move stealthrock\n>p2 switch 6\n>p1 move knockoff\n>p2 move shellsmash\n>p1 move uturn\n>p2 move bulletseed\n>p1 switch 5\n>p1 move protect\n>p2 move headlongrush\n>p1 move hypervoice\n>p2 move headlongrush", "uploadtime": 1781388041, "views": 9, "formatid": "gen9randombattle", "rating": null, "private": 0, "password": null}