{"id": "gen9randombattle-2631753721", "format": "[Gen 9] Random Battle", "players": ["jfer4", "Okidoyuuki"], "log": "|j|\u2606jfer4\n|j|\u2606Okidoyuuki\n|t:|1781434178\n|gametype|singles\n|player|p1|jfer4|266|1983\n|player|p2|Okidoyuuki|2|1933\n|gen|9\n|tier|[Gen 9] Random Battle\n|rated|\n|rule|Species Clause: Limit one of each Pok\u00e9mon\n|rule|HP Percentage Mod: HP is shown in percentages\n|rule|Sleep Clause Mod: Limit one foe put to sleep\n|rule|Illusion Level Mod: Illusion disguises the Pok\u00e9mon's true level\n|\n|t:|1781434178\n|teamsize|p1|6\n|teamsize|p2|6\n|start\n|switch|p1a: Thundurus|Thundurus-Therian, L80, M|258/258\n|switch|p2a: Blastoise|Blastoise, L80, M|258/258\n|turn|1\n|\n|t:|1781434190\n|-terastallize|p2a: Blastoise|Electric\n|move|p1a: Thundurus|Thunderbolt|p2a: Blastoise\n|-resisted|p2a: Blastoise\n|-damage|p2a: Blastoise|207/258\n|move|p2a: Blastoise|Shell Smash|p2a: Blastoise\n|-unboost|p2a: Blastoise|def|1\n|-unboost|p2a: Blastoise|spd|1\n|-boost|p2a: Blastoise|atk|2\n|-boost|p2a: Blastoise|spa|2\n|-boost|p2a: Blastoise|spe|2\n|-enditem|p2a: Blastoise|White Herb\n|-clearnegativeboost|p2a: Blastoise|[silent]\n|\n|upkeep\n|turn|2\n|inactive|Battle timer is ON: inactive players will automatically lose when time's up. (requested by jfer4)\n|\n|t:|1781434207\n|move|p2a: Blastoise|Ice Beam|p1a: Thundurus\n|-supereffective|p1a: Thundurus\n|-damage|p1a: Thundurus|24/258\n|move|p1a: Thundurus|Focus Blast|p2a: Blastoise\n|-damage|p2a: Blastoise|107/258\n|\n|upkeep\n|turn|3\n|\n|t:|1781434217\n|move|p2a: Blastoise|Ice Beam|p1a: Thundurus\n|-supereffective|p1a: Thundurus\n|-damage|p1a: Thundurus|0 fnt\n|faint|p1a: Thundurus\n|\n|upkeep\n|\n|t:|1781434223\n|switch|p1a: Hariyama|Hariyama, L87, M|392/392\n|turn|4\n|\n|t:|1781434227\n|move|p2a: Blastoise|Hydro Pump|p1a: Hariyama\n|-damage|p1a: Hariyama|235/392\n|move|p1a: Hariyama|Close Combat|p2a: Blastoise\n|-damage|p2a: Blastoise|0 fnt\n|-unboost|p1a: Hariyama|def|1\n|-unboost|p1a: Hariyama|spd|1\n|faint|p2a: Blastoise\n|\n|upkeep\n|\n|t:|1781434241\n|switch|p2a: Azelf|Azelf, L82|257/257\n|turn|5\n|\n|t:|1781434249\n|switch|p1a: Masquerain|Masquerain, L87, F|264/264\n|-ability|p1a: Masquerain|Intimidate|boost\n|-unboost|p2a: Azelf|atk|1\n|move|p2a: Azelf|Psyshock|p1a: Masquerain\n|-damage|p1a: Masquerain|108/264\n|-damage|p2a: Azelf|232/257|[from] item: Life Orb\n|\n|upkeep\n|turn|6\n|\n|t:|1781434267\n|move|p2a: Azelf|Psyshock|p1a: Masquerain\n|-damage|p1a: Masquerain|0 fnt\n|faint|p1a: Masquerain\n|-damage|p2a: Azelf|207/257|[from] item: Life Orb\n|\n|upkeep\n|\n|t:|1781434272\n|switch|p1a: Malamar|Malamar, L82, F|275/275\n|turn|7\n|\n|t:|1781434278\n|move|p2a: Azelf|Dazzling Gleam|p1a: Malamar\n|-supereffective|p1a: Malamar\n|-damage|p1a: Malamar|85/275\n|-damage|p2a: Azelf|182/257|[from] item: Life Orb\n|move|p1a: Malamar|Knock Off|p2a: Azelf\n|-supereffective|p2a: Azelf\n|-damage|p2a: Azelf|0 fnt\n|-enditem|p2a: Azelf|Life Orb|[from] move: Knock Off|[of] p1a: Malamar\n|faint|p2a: Azelf\n|\n|upkeep\n|\n|t:|1781434289\n|switch|p2a: Urshifu|Urshifu-Rapid-Strike, L75, F|274/274\n|turn|8\n|\n|t:|1781434295\n|move|p2a: Urshifu|Surging Strikes|p1a: Malamar\n|-crit|p1a: Malamar\n|-damage|p1a: Malamar|22/275\n|-crit|p1a: Malamar\n|-damage|p1a: Malamar|0 fnt\n|faint|p1a: Malamar\n|-hitcount|p1: Malamar|2\n|\n|upkeep\n|\n|t:|1781434299\n|switch|p1a: Trevenant|Trevenant, L89, F|296/296\n|turn|9\n|\n|t:|1781434306\n|switch|p2a: Morpeko|Morpeko, L88, F|245/245\n|move|p1a: Trevenant|Toxic|p2a: Morpeko\n|-status|p2a: Morpeko|tox\n|\n|-damage|p2a: Morpeko|230/245 tox|[from] psn\n|-formechange|p2a: Morpeko|Morpeko-Hangry||[from] ability: Hunger Switch\n|upkeep\n|turn|10\n|\n|t:|1781434323\n|move|p1a: Trevenant|Protect|p1a: Trevenant\n|-singleturn|p1a: Trevenant|Protect\n|move|p2a: Morpeko|Parting Shot|p1a: Trevenant\n|-activate|p1a: Trevenant|move: Protect\n|\n|-damage|p2a: Morpeko|200/245 tox|[from] psn\n|-formechange|p2a: Morpeko|Morpeko||[from] ability: Hunger Switch\n|upkeep\n|turn|11\n|\n|t:|1781434336\n|move|p2a: Morpeko|Aura Wheel|p1a: Trevenant\n|-resisted|p1a: Trevenant\n|-damage|p1a: Trevenant|231/296\n|-boost|p2a: Morpeko|spe|1\n|move|p1a: Trevenant|Poltergeist|p2a: Morpeko\n|-activate|p2a: Morpeko|move: Poltergeist|Heavy-Duty Boots\n|-resisted|p2a: Morpeko\n|-damage|p2a: Morpeko|110/245 tox\n|\n|-damage|p2a: Morpeko|65/245 tox|[from] psn\n|-formechange|p2a: Morpeko|Morpeko-Hangry||[from] ability: Hunger Switch\n|upkeep\n|turn|12\n|\n|t:|1781434353\n|switch|p2a: Tauros|Tauros, L82, M|257/257\n|move|p1a: Trevenant|Protect||[still]\n|-fail|p1a: Trevenant\n|\n|upkeep\n|turn|13\n|\n|t:|1781434359\n|move|p2a: Tauros|Throat Chop|p1a: Trevenant\n|-supereffective|p1a: Trevenant\n|-damage|p1a: Trevenant|44/296\n|-enditem|p1a: Trevenant|Sitrus Berry|[eat]\n|-heal|p1a: Trevenant|118/296|[from] item: Sitrus Berry\n|move|p1a: Trevenant|Drain Punch|p2a: Tauros\n|-supereffective|p2a: Tauros\n|-damage|p2a: Tauros|141/257\n|-heal|p1a: Trevenant|176/296|[from] drain|[of] p2a: Tauros\n|\n|-item|p1a: Trevenant|Sitrus Berry|[from] ability: Harvest\n|upkeep\n|turn|14\n|\n|t:|1781434375\n|switch|p1a: Hariyama|Hariyama, L87, M|235/392\n|move|p2a: Tauros|Throat Chop|p1a: Hariyama\n|-resisted|p1a: Hariyama\n|-damage|p1a: Hariyama|177/392\n|\n|upkeep\n|turn|15\n|\n|t:|1781434382\n|switch|p2a: Morpeko|Morpeko, L88, F|65/245 tox\n|move|p1a: Hariyama|Close Combat|p2a: Morpeko\n|-supereffective|p2a: Morpeko\n|-damage|p2a: Morpeko|0 fnt\n|-unboost|p1a: Hariyama|def|1\n|-unboost|p1a: Hariyama|spd|1\n|faint|p2a: Morpeko\n|\n|upkeep\n|\n|t:|1781434397\n|switch|p2a: Urshifu|Urshifu-Rapid-Strike, L75, F|274/274\n|turn|16\n|\n|t:|1781434403\n|move|p2a: Urshifu|U-turn|p1a: Hariyama\n|-resisted|p1a: Hariyama\n|-damage|p1a: Hariyama|108/392\n|\n|t:|1781434407\n|switch|p2a: Tauros|Tauros, L82, M|141/257|[from] U-turn\n|move|p1a: Hariyama|Close Combat|p2a: Tauros\n|-supereffective|p2a: Tauros\n|-damage|p2a: Tauros|0 fnt\n|-unboost|p1a: Hariyama|def|1\n|-unboost|p1a: Hariyama|spd|1\n|faint|p2a: Tauros\n|\n|upkeep\n|\n|t:|1781434417\n|switch|p2a: Rayquaza|Rayquaza, L72|270/270\n|-ability|p2a: Rayquaza|Air Lock\n|turn|17\n|\n|t:|1781434426\n|move|p2a: Rayquaza|Swords Dance|p2a: Rayquaza\n|-boost|p2a: Rayquaza|atk|2\n|move|p1a: Hariyama|Stone Edge|p2a: Rayquaza\n|-supereffective|p2a: Rayquaza\n|-damage|p2a: Rayquaza|68/270\n|\n|upkeep\n|turn|18\n|\n|t:|1781434438\n|move|p2a: Rayquaza|Extreme Speed|p1a: Hariyama\n|-damage|p1a: Hariyama|0 fnt\n|faint|p1a: Hariyama\n|\n|upkeep\n|\n|t:|1781434461\n|switch|p1a: Trevenant|Trevenant, L89, F|176/296\n|turn|19\n|inactive|jfer4 has 120 seconds left.\n|\n|t:|1781434484\n|move|p2a: Rayquaza|Dragon Ascent|p1a: Trevenant\n|-supereffective|p1a: Trevenant\n|-damage|p1a: Trevenant|0 fnt\n|-unboost|p2a: Rayquaza|def|1\n|-unboost|p2a: Rayquaza|spd|1\n|faint|p1a: Trevenant\n|\n|upkeep\n|\n|t:|1781434489\n|switch|p1a: Veluza|Veluza, L85, M|292/292\n|turn|20\n|inactive|jfer4 has 120 seconds left.\n|\n|t:|1781434510\n|move|p2a: Rayquaza|Dragon Ascent|p1a: Veluza\n|-damage|p1a: Veluza|4/292\n|-unboost|p2a: Rayquaza|def|1\n|-unboost|p2a: Rayquaza|spd|1\n|move|p1a: Veluza|Psycho Cut|p2a: Rayquaza\n|-damage|p2a: Rayquaza|0 fnt\n|faint|p2a: Rayquaza\n|\n|upkeep\n|\n|t:|1781434518\n|switch|p2a: Urshifu|Urshifu-Rapid-Strike, L75, F|274/274\n|turn|21\n|\n|t:|1781434524\n|-terastallize|p1a: Veluza|Dark\n|move|p2a: Urshifu|Close Combat|p1a: Veluza\n|-supereffective|p1a: Veluza\n|-damage|p1a: Veluza|0 fnt\n|-unboost|p2a: Urshifu|def|1\n|-unboost|p2a: Urshifu|spd|1\n|faint|p1a: Veluza\n|\n|win|Okidoyuuki\n", "inputlog": ">version a8376a258c1d4662feba110a92103f3664a72141\n>start {\"formatid\":\"gen9randombattle\",\"seed\":\"sodium,dad3f3a088a56753d53468caab710fb0\",\"rated\":\"Rated battle\"}\n>player p1 {\"name\":\"jfer4\",\"avatar\":\"266\",\"rating\":1983,\"seed\":\"sodium,527f4eea5753b1bdf2f67529c6899be6\"}\n>player p2 {\"name\":\"Okidoyuuki\",\"avatar\":\"2\",\"rating\":1933,\"seed\":\"sodium,050e4b4bf6875bcc9354cca6fc863824\"}\n>p1 move thunderbolt\n>p2 move shellsmash terastallize\n>p1 move focusblast\n>p2 move icebeam\n>p1 move focusblast\n>p2 move icebeam\n>p1 switch 3\n>p1 move closecombat\n>p2 move hydropump\n>p2 switch 6\n>p1 switch 2\n>p2 move psyshock\n>p1 move uturn\n>p2 move psyshock\n>p1 switch 5\n>p1 move knockoff\n>p2 move dazzlinggleam\n>p2 switch 2\n>p1 move psychocut\n>p2 move surgingstrikes\n>p1 switch 4\n>p1 move toxic\n>p2 switch 4\n>p1 move protect\n>p2 move partingshot\n>p1 move poltergeist\n>p2 move aurawheel\n>p1 move protect\n>p2 switch 3\n>p1 move drainpunch\n>p2 move throatchop\n>p1 switch 2\n>p2 move throatchop\n>p1 move closecombat\n>p2 switch 3\n>p2 switch 4\n>p1 move closecombat\n>p2 move uturn\n>p2 switch 3\n>p2 switch 5\n>p1 move stoneedge\n>p2 move swordsdance\n>p1 move knockoff\n>p2 move extremespeed\n>p1 switch 2\n>p1 move poltergeist\n>p2 move dragonascent\n>p1 switch 6\n>p1 move psychocut\n>p2 move dragonascent\n>p2 switch 3\n>p1 move psychocut terastallize\n>p2 move closecombat", "uploadtime": 1781434181, "views": 5, "formatid": "gen9randombattle", "rating": null, "private": 0, "password": null}