{"id": "gen9randombattle-2631877185", "format": "[Gen 9] Random Battle", "players": ["f91swdg", "barretjd"], "log": "|j|\u2606f91swdg\n|j|\u2606barretjd\n|t:|1781451049\n|gametype|singles\n|player|p1|f91swdg|biker-gen4|2191\n|player|p2|barretjd|101|2263\n|gen|9\n|tier|[Gen 9] Random Battle\n|rated|\n|rule|Species Clause: Limit one of each Pok\u00e9mon\n|rule|HP Percentage Mod: HP is shown in percentages\n|rule|Sleep Clause Mod: Limit one foe put to sleep\n|rule|Illusion Level Mod: Illusion disguises the Pok\u00e9mon's true level\n|\n|t:|1781451049\n|teamsize|p1|6\n|teamsize|p2|6\n|start\n|switch|p1a: Brute Bonnet|Brute Bonnet, L80|309/309\n|switch|p2a: Regirock|Regirock, L83|268/268\n|turn|1\n|inactive|Battle timer is ON: inactive players will automatically lose when time's up. (requested by f91swdg)\n|\n|t:|1781451070\n|switch|p2a: Scizor|Scizor, L79, F|240/240\n|move|p1a: Brute Bonnet|Spore|p2a: Scizor\n|-status|p2a: Scizor|slp|[from] move: Spore\n|\n|upkeep\n|turn|2\n|\n|t:|1781451075\n|-end|p1a: Brute Bonnet|Protosynthesis|[silent]\n|switch|p1a: Coalossal|Coalossal, L89, F|341/341\n|cant|p2a: Scizor|slp\n|\n|upkeep\n|turn|3\n|\n|t:|1781451082\n|switch|p2a: Camerupt|Camerupt, L91, F|275/275\n|move|p1a: Coalossal|Rapid Spin|p2a: Camerupt\n|-damage|p2a: Camerupt|235/275\n|-boost|p1a: Coalossal|spe|1\n|\n|-heal|p2a: Camerupt|252/275|[from] item: Leftovers\n|upkeep\n|turn|4\n|\n|t:|1781451095\n|switch|p1a: Honchkrow|Honchkrow, L86, M|312/312\n|move|p2a: Camerupt|Stealth Rock|p1a: Honchkrow\n|-sidestart|p1: f91swdg|move: Stealth Rock\n|\n|-heal|p2a: Camerupt|269/275|[from] item: Leftovers\n|upkeep\n|turn|5\n|\n|t:|1781451100\n|move|p1a: Honchkrow|Brave Bird|p2a: Camerupt\n|-damage|p2a: Camerupt|98/275\n|-damage|p1a: Honchkrow|256/312|[from] Recoil\n|move|p2a: Camerupt|Overheat|p1a: Honchkrow\n|-damage|p1a: Honchkrow|25/312\n|-unboost|p2a: Camerupt|spa|2\n|\n|-heal|p2a: Camerupt|115/275|[from] item: Leftovers\n|upkeep\n|turn|6\n|\n|t:|1781451113\n|switch|p2a: Regirock|Regirock, L83|268/268\n|move|p1a: Honchkrow|U-turn|p2a: Regirock\n|-damage|p2a: Regirock|237/268\n|\n|t:|1781451117\n|switch|p1a: Serperior|Serperior, L79, F|248/248|[from] U-turn\n|-damage|p1a: Serperior|217/248|[from] Stealth Rock\n|\n|upkeep\n|turn|7\n|\n|t:|1781451129\n|switch|p2a: Rabsca|Rabsca, L91, F|284/284\n|move|p1a: Serperior|Leaf Storm|p2a: Rabsca\n|-resisted|p2a: Rabsca\n|-damage|p2a: Rabsca|228/284\n|-boost|p1a: Serperior|spa|2\n|-damage|p1a: Serperior|193/248|[from] item: Life Orb\n|\n|upkeep\n|turn|8\n|\n|t:|1781451142\n|switch|p2a: Suicune|Suicune, L82|298/298\n|-ability|p2a: Suicune|Pressure\n|-terastallize|p1a: Serperior|Fire\n|move|p1a: Serperior|Leaf Storm|p2a: Suicune\n|-supereffective|p2a: Suicune\n|-damage|p2a: Suicune|0 fnt\n|-boost|p1a: Serperior|spa|2\n|faint|p2a: Suicune\n|-damage|p1a: Serperior|169/248|[from] item: Life Orb\n|\n|upkeep\n|inactive|barretjd has 120 seconds left.\n|\n|t:|1781451170\n|switch|p2a: Scizor|Scizor, L79, F|240/240 slp\n|turn|9\n|inactive|barretjd has 120 seconds left.\n|\n|t:|1781451181\n|move|p1a: Serperior|Tera Blast|p2a: Scizor|[anim] Tera Blast Fire\n|-supereffective|p2a: Scizor\n|-damage|p2a: Scizor|0 fnt\n|faint|p2a: Scizor\n|-damage|p1a: Serperior|145/248|[from] item: Life Orb\n|\n|upkeep\n|inactive|barretjd has 120 seconds left.\n|-message|barretjd forfeited.\n|\n|win|f91swdg\n", "inputlog": ">version a8376a258c1d4662feba110a92103f3664a72141\n>start {\"formatid\":\"gen9randombattle\",\"seed\":\"sodium,3189fce0778cfd7f82a6594536a3cbfe\",\"rated\":\"Rated battle\"}\n>player p1 {\"name\":\"f91swdg\",\"avatar\":\"biker-gen4\",\"rating\":2191,\"seed\":\"sodium,c8420cd22d8def1d0327a983692e6e95\"}\n>player p2 {\"name\":\"barretjd\",\"avatar\":\"101\",\"rating\":2263,\"seed\":\"sodium,318d796dea9a112746bf551d1c9bf7b9\"}\n>p1 move spore\n>p2 switch 5\n>p1 switch 5\n>p2 move uturn\n>p1 move rapidspin\n>p2 switch 6\n>p1 switch 3\n>p2 move stealthrock\n>p1 move bravebird\n>p2 move overheat\n>p1 move uturn\n>p2 switch 5\n>p1 switch 2\n>p1 move leafstorm\n>p2 switch 4\n>p1 move leafstorm terastallize\n>p2 switch 3\n>p2 switch 6\n>p1 move terablast\n>p2 move knockoff\n>forcelose p2", "uploadtime": 1781451051, "views": 4, "formatid": "gen9randombattle", "rating": null, "private": 0, "password": null}