{"id": "gen9randombattle-2631920711", "format": "[Gen 9] Random Battle", "players": ["Daruma", "Knayrus"], "log": "|j|\u2606Daruma\n|j|\u2606Knayrus\n|t:|1781455774\n|gametype|singles\n|player|p1|Daruma|#ruplixsleekslushrushers|2084\n|player|p2|Knayrus|drayden|2153\n|gen|9\n|tier|[Gen 9] Random Battle\n|rated|\n|rule|Species Clause: Limit one of each Pok\u00e9mon\n|rule|HP Percentage Mod: HP is shown in percentages\n|rule|Sleep Clause Mod: Limit one foe put to sleep\n|rule|Illusion Level Mod: Illusion disguises the Pok\u00e9mon's true level\n|\n|t:|1781455774\n|teamsize|p1|6\n|teamsize|p2|6\n|start\n|switch|p1a: Leafeon|Leafeon, L88, M|258/258\n|switch|p2a: Kingambit|Kingambit, L74, M|270/270\n|turn|1\n|inactive|Battle timer is ON: inactive players will automatically lose when time's up. (requested by Daruma)\n|\n|t:|1781455791\n|switch|p1a: Ursaring|Ursaring, L84, F|288/288\n|move|p2a: Kingambit|Kowtow Cleave|p1a: Ursaring\n|-damage|p1a: Ursaring|218/288\n|\n|upkeep\n|turn|2\n|\n|t:|1781455804\n|-end|p2a: Kingambit|fallenundefined|[silent]\n|switch|p2a: Vileplume|Vileplume, L85, F|266/266\n|move|p1a: Ursaring|Body Slam|p2a: Vileplume\n|-damage|p2a: Vileplume|149/266\n|-status|p1a: Ursaring|psn|[from] ability: Effect Spore|[of] p2a: Vileplume\n|\n|-heal|p2a: Vileplume|165/266|[from] item: Leftovers\n|-damage|p1a: Ursaring|182/288 psn|[from] psn\n|upkeep\n|turn|3\n|\n|t:|1781455814\n|switch|p2a: Kingambit|Kingambit, L74, M|270/270\n|move|p1a: Ursaring|Body Slam|p2a: Kingambit\n|-resisted|p2a: Kingambit\n|-damage|p2a: Kingambit|195/270\n|-status|p2a: Kingambit|par\n|\n|-heal|p2a: Kingambit|211/270 par|[from] item: Leftovers\n|-damage|p1a: Ursaring|146/288 psn|[from] psn\n|upkeep\n|turn|4\n|\n|t:|1781455829\n|move|p2a: Kingambit|Sucker Punch|p1a: Ursaring\n|-damage|p1a: Ursaring|85/288 psn\n|move|p1a: Ursaring|Earthquake|p2a: Kingambit\n|-supereffective|p2a: Kingambit\n|-damage|p2a: Kingambit|0 fnt\n|faint|p2a: Kingambit\n|-end|p2a: Kingambit|fallenundefined|[silent]\n|\n|-damage|p1a: Ursaring|49/288 psn|[from] psn\n|upkeep\n|\n|t:|1781455836\n|switch|p2a: Barraskewda|Barraskewda, L81, M|231/231\n|turn|5\n|\n|t:|1781455845\n|switch|p1a: Leafeon|Leafeon, L88, M|258/258\n|move|p2a: Barraskewda|Flip Turn|p1a: Leafeon\n|-resisted|p1a: Leafeon\n|-damage|p1a: Leafeon|221/258\n|\n|t:|1781455847\n|switch|p2a: Vileplume|Vileplume, L85, F|165/266|[from] Flip Turn\n|\n|-heal|p1a: Leafeon|237/258|[from] item: Leftovers\n|-heal|p2a: Vileplume|181/266|[from] item: Leftovers\n|upkeep\n|turn|6\n|\n|t:|1781455855\n|switch|p1a: Illumise|Illumise, L91, F|266/266\n|move|p2a: Vileplume|Strength Sap|p1a: Illumise\n|-unboost|p1a: Illumise|atk|1\n|-heal|p2a: Vileplume|266/266\n|\n|upkeep\n|turn|7\n|\n|t:|1781455867\n|move|p1a: Illumise|Thunder Wave|p2a: Vileplume\n|-status|p2a: Vileplume|par\n|move|p2a: Vileplume|Sludge Bomb|p1a: Illumise\n|-damage|p1a: Illumise|163/266\n|\n|upkeep\n|turn|8\n|\n|t:|1781455873\n|switch|p1a: Iron Moth|Iron Moth, L78|253/253\n|move|p2a: Vileplume|Sludge Bomb|p1a: Iron Moth\n|-resisted|p1a: Iron Moth\n|-damage|p1a: Iron Moth|202/253\n|\n|upkeep\n|turn|9\n|\n|t:|1781455894\n|switch|p2a: Barraskewda|Barraskewda, L81, M|231/231\n|move|p1a: Iron Moth|U-turn|p2a: Barraskewda\n|-damage|p2a: Barraskewda|187/231\n|\n|t:|1781455898\n|-end|p1a: Iron Moth|Quark Drive|[silent]\n|switch|p1a: Illumise|Illumise, L91, F|163/266|[from] U-turn\n|\n|upkeep\n|turn|10\n|\n|t:|1781455902\n|switch|p2a: Vileplume|Vileplume, L85, F|266/266 par\n|move|p1a: Illumise|Roost|p1a: Illumise\n|-heal|p1a: Illumise|266/266\n|-singleturn|p1a: Illumise|move: Roost\n|\n|upkeep\n|turn|11\n|\n|t:|1781455909\n|switch|p1a: Iron Moth|Iron Moth, L78|202/253\n|move|p2a: Vileplume|Sleep Powder|p1a: Iron Moth\n|-status|p1a: Iron Moth|slp|[from] move: Sleep Powder\n|\n|upkeep\n|turn|12\n|\n|t:|1781455916\n|cant|p1a: Iron Moth|slp\n|cant|p2a: Vileplume|par\n|\n|upkeep\n|turn|13\n|\n|t:|1781455921\n|switch|p2a: Barraskewda|Barraskewda, L81, M|187/231\n|cant|p1a: Iron Moth|slp\n|\n|upkeep\n|turn|14\n|\n|t:|1781455927\n|-end|p1a: Iron Moth|Quark Drive|[silent]\n|switch|p1a: Leafeon|Leafeon, L88, M|237/258\n|move|p2a: Barraskewda|Flip Turn|p1a: Leafeon\n|-resisted|p1a: Leafeon\n|-damage|p1a: Leafeon|201/258\n|\n|t:|1781455931\n|switch|p2a: Vileplume|Vileplume, L85, F|266/266 par|[from] Flip Turn\n|\n|-heal|p1a: Leafeon|217/258|[from] item: Leftovers\n|upkeep\n|turn|15\n|\n|t:|1781455937\n|switch|p1a: Iron Moth|Iron Moth, L78|202/253 slp\n|cant|p2a: Vileplume|par\n|\n|upkeep\n|turn|16\n|\n|t:|1781455943\n|switch|p2a: Barraskewda|Barraskewda, L81, M|187/231\n|cant|p1a: Iron Moth|slp\n|\n|upkeep\n|turn|17\n|\n|t:|1781455948\n|-end|p1a: Iron Moth|Quark Drive|[silent]\n|switch|p1a: Leafeon|Leafeon, L88, M|217/258\n|move|p2a: Barraskewda|Flip Turn|p1a: Leafeon\n|-resisted|p1a: Leafeon\n|-crit|p1a: Leafeon\n|-damage|p1a: Leafeon|163/258\n|\n|t:|1781455951\n|switch|p2a: Vileplume|Vileplume, L85, F|266/266 par|[from] Flip Turn\n|\n|-heal|p1a: Leafeon|179/258|[from] item: Leftovers\n|upkeep\n|turn|18\n|\n|t:|1781455962\n|switch|p1a: Iron Moth|Iron Moth, L78|202/253 slp\n|switch|p2a: Gothitelle|Gothitelle, L90, M|272/272\n|\n|upkeep\n|turn|19\n|\n|t:|1781455972\n|-curestatus|p1a: Iron Moth|slp|[msg]\n|move|p1a: Iron Moth|U-turn|p2a: Gothitelle\n|-supereffective|p2a: Gothitelle\n|-damage|p2a: Gothitelle|208/272\n|\n|t:|1781455977\n|-end|p1a: Iron Moth|Quark Drive|[silent]\n|switch|p1a: Illumise|Illumise, L91, F|266/266|[from] U-turn\n|move|p2a: Gothitelle|Psychic Noise|p1a: Illumise\n|-damage|p1a: Illumise|182/266\n|-start|p1a: Illumise|move: Heal Block\n|\n|-heal|p2a: Gothitelle|225/272|[from] item: Leftovers\n|upkeep\n|turn|20\n|\n|t:|1781455985\n|switch|p2a: Vileplume|Vileplume, L85, F|266/266 par\n|move|p1a: Illumise|Bug Buzz|p2a: Vileplume\n|-damage|p2a: Vileplume|173/266 par\n|-unboost|p2a: Vileplume|spd|1\n|\n|-heal|p2a: Vileplume|189/266 par|[from] item: Leftovers\n|-end|p1a: Illumise|move: Heal Block\n|upkeep\n|turn|21\n|\n|t:|1781455993\n|move|p1a: Illumise|Bug Buzz|p2a: Vileplume\n|-damage|p2a: Vileplume|51/266 par\n|move|p2a: Vileplume|Sleep Powder|p1a: Illumise|[miss]\n|-miss|p2a: Vileplume|p1a: Illumise\n|\n|-heal|p2a: Vileplume|67/266 par|[from] item: Leftovers\n|upkeep\n|turn|22\n|\n|t:|1781456001\n|move|p1a: Illumise|Bug Buzz|p2a: Vileplume\n|-damage|p2a: Vileplume|0 fnt\n|faint|p2a: Vileplume\n|\n|upkeep\n|\n|t:|1781456004\n|switch|p2a: Lycanroc|Lycanroc-Midnight, L89, F|296/296\n|turn|23\n|\n|t:|1781456007\n|switch|p1a: Toedscruel|Toedscruel, L87, M|281/281\n|move|p2a: Lycanroc|Stone Edge|p1a: Toedscruel\n|-resisted|p1a: Toedscruel\n|-damage|p1a: Toedscruel|178/281\n|-damage|p2a: Lycanroc|267/296|[from] item: Life Orb\n|\n|-heal|p1a: Toedscruel|195/281|[from] item: Leftovers\n|upkeep\n|turn|24\n|\n|t:|1781456015\n|switch|p2a: Gothitelle|Gothitelle, L90, M|225/272\n|move|p1a: Toedscruel|Earth Power|p2a: Gothitelle\n|-damage|p2a: Gothitelle|158/272\n|\n|-heal|p1a: Toedscruel|212/281|[from] item: Leftovers\n|-heal|p2a: Gothitelle|175/272|[from] item: Leftovers\n|upkeep\n|turn|25\n|\n|t:|1781456022\n|move|p1a: Toedscruel|Leaf Storm|p2a: Gothitelle\n|-damage|p2a: Gothitelle|69/272\n|-unboost|p1a: Toedscruel|spa|2\n|move|p2a: Gothitelle|Calm Mind|p2a: Gothitelle\n|-boost|p2a: Gothitelle|spa|1\n|-boost|p2a: Gothitelle|spd|1\n|\n|-heal|p1a: Toedscruel|229/281|[from] item: Leftovers\n|-heal|p2a: Gothitelle|86/272|[from] item: Leftovers\n|upkeep\n|turn|26\n|\n|t:|1781456027\n|move|p1a: Toedscruel|Rapid Spin|p2a: Gothitelle\n|-damage|p2a: Gothitelle|60/272\n|-boost|p1a: Toedscruel|spe|1\n|move|p2a: Gothitelle|Psychic Noise|p1a: Toedscruel\n|-damage|p1a: Toedscruel|123/281\n|-start|p1a: Toedscruel|move: Heal Block\n|\n|-heal|p2a: Gothitelle|77/272|[from] item: Leftovers\n|upkeep\n|turn|27\n|\n|t:|1781456036\n|move|p1a: Toedscruel|Rapid Spin|p2a: Gothitelle\n|-damage|p2a: Gothitelle|50/272\n|-boost|p1a: Toedscruel|spe|1\n|move|p2a: Gothitelle|Calm Mind|p2a: Gothitelle\n|-boost|p2a: Gothitelle|spa|1\n|-boost|p2a: Gothitelle|spd|1\n|\n|-heal|p2a: Gothitelle|67/272|[from] item: Leftovers\n|-end|p1a: Toedscruel|move: Heal Block\n|upkeep\n|turn|28\n|\n|t:|1781456039\n|move|p1a: Toedscruel|Rapid Spin|p2a: Gothitelle\n|-damage|p2a: Gothitelle|38/272\n|-boost|p1a: Toedscruel|spe|1\n|move|p2a: Gothitelle|Psychic Noise|p1a: Toedscruel\n|-damage|p1a: Toedscruel|0 fnt\n|faint|p1a: Toedscruel\n|\n|-heal|p2a: Gothitelle|55/272|[from] item: Leftovers\n|upkeep\n|\n|t:|1781456046\n|switch|p1a: Leafeon|Leafeon, L88, M|179/258\n|turn|29\n|\n|t:|1781456056\n|move|p1a: Leafeon|Leaf Blade|p2a: Gothitelle\n|-crit|p2a: Gothitelle\n|-damage|p2a: Gothitelle|0 fnt\n|faint|p2a: Gothitelle\n|\n|-heal|p1a: Leafeon|195/258|[from] item: Leftovers\n|upkeep\n|\n|t:|1781456062\n|switch|p2a: Barraskewda|Barraskewda, L81, M|187/231\n|turn|30\n|\n|t:|1781456067\n|switch|p1a: Ursaring|Ursaring, L84, F|49/288 psn\n|move|p2a: Barraskewda|Throat Chop|p1a: Ursaring\n|-damage|p1a: Ursaring|0 fnt\n|faint|p1a: Ursaring\n|\n|upkeep\n|\n|t:|1781456071\n|switch|p1a: Illumise|Illumise, L91, F|182/266\n|turn|31\n|\n|t:|1781456074\n|switch|p2a: Lycanroc|Lycanroc-Midnight, L89, F|267/296\n|move|p1a: Illumise|Thunder Wave|p2a: Lycanroc\n|-status|p2a: Lycanroc|par\n|\n|upkeep\n|turn|32\n|\n|t:|1781456080\n|move|p1a: Illumise|Bug Buzz|p2a: Lycanroc\n|-damage|p2a: Lycanroc|177/296 par\n|cant|p2a: Lycanroc|par\n|\n|upkeep\n|turn|33\n|\n|t:|1781456085\n|switch|p1a: Iron Moth|Iron Moth, L78|202/253\n|move|p2a: Lycanroc|Stone Edge|p1a: Iron Moth\n|-supereffective|p1a: Iron Moth\n|-damage|p1a: Iron Moth|0 fnt\n|faint|p1a: Iron Moth\n|-end|p1a: Iron Moth|Quark Drive|[silent]\n|-damage|p2a: Lycanroc|148/296 par|[from] item: Life Orb\n|\n|upkeep\n|\n|t:|1781456086\n|switch|p1a: Leafeon|Leafeon, L88, M|195/258\n|turn|34\n|\n|t:|1781456091\n|move|p1a: Leafeon|Leaf Blade|p2a: Lycanroc\n|-supereffective|p2a: Lycanroc\n|-damage|p2a: Lycanroc|0 fnt\n|faint|p2a: Lycanroc\n|\n|-heal|p1a: Leafeon|211/258|[from] item: Leftovers\n|upkeep\n|\n|t:|1781456097\n|switch|p2a: Barraskewda|Barraskewda, L81, M|187/231\n|turn|35\n|\n|t:|1781456109\n|switch|p1a: Illumise|Illumise, L91, F|182/266\n|move|p2a: Barraskewda|Throat Chop|p1a: Illumise\n|-damage|p1a: Illumise|84/266\n|-start|p1a: Illumise|Throat Chop|[silent]\n|\n|upkeep\n|turn|36\n|\n|t:|1781456114\n|move|p1a: Illumise|Roost|p1a: Illumise\n|-heal|p1a: Illumise|217/266\n|-singleturn|p1a: Illumise|move: Roost\n|move|p2a: Barraskewda|Throat Chop|p1a: Illumise\n|-crit|p1a: Illumise\n|-damage|p1a: Illumise|80/266\n|\n|-end|p1a: Illumise|Throat Chop|[silent]\n|upkeep\n|turn|37\n|\n|t:|1781456117\n|move|p1a: Illumise|Roost|p1a: Illumise\n|-heal|p1a: Illumise|213/266\n|-singleturn|p1a: Illumise|move: Roost\n|move|p2a: Barraskewda|Throat Chop|p1a: Illumise\n|-damage|p1a: Illumise|109/266\n|-start|p1a: Illumise|Throat Chop|[silent]\n|\n|upkeep\n|turn|38\n|\n|t:|1781456120\n|move|p1a: Illumise|Roost|p1a: Illumise\n|-heal|p1a: Illumise|242/266\n|-singleturn|p1a: Illumise|move: Roost\n|move|p2a: Barraskewda|Throat Chop|p1a: Illumise\n|-damage|p1a: Illumise|139/266\n|\n|-end|p1a: Illumise|Throat Chop|[silent]\n|upkeep\n|turn|39\n|\n|t:|1781456123\n|move|p1a: Illumise|Roost|p1a: Illumise\n|-heal|p1a: Illumise|266/266\n|-singleturn|p1a: Illumise|move: Roost\n|move|p2a: Barraskewda|Throat Chop|p1a: Illumise\n|-crit|p1a: Illumise\n|-damage|p1a: Illumise|111/266\n|-start|p1a: Illumise|Throat Chop|[silent]\n|\n|upkeep\n|turn|40\n|\n|t:|1781456130\n|move|p1a: Illumise|Roost|p1a: Illumise\n|-heal|p1a: Illumise|244/266\n|-singleturn|p1a: Illumise|move: Roost\n|move|p2a: Barraskewda|Throat Chop|p1a: Illumise\n|-damage|p1a: Illumise|139/266\n|\n|-end|p1a: Illumise|Throat Chop|[silent]\n|upkeep\n|turn|41\n|\n|t:|1781456133\n|move|p1a: Illumise|Thunder Wave|p2a: Barraskewda\n|-status|p2a: Barraskewda|par\n|move|p2a: Barraskewda|Throat Chop|p1a: Illumise\n|-damage|p1a: Illumise|41/266\n|-start|p1a: Illumise|Throat Chop|[silent]\n|\n|upkeep\n|turn|42\n|\n|t:|1781456138\n|move|p1a: Illumise|Roost|p1a: Illumise\n|-heal|p1a: Illumise|174/266\n|-singleturn|p1a: Illumise|move: Roost\n|move|p2a: Barraskewda|Throat Chop|p1a: Illumise\n|-damage|p1a: Illumise|83/266\n|\n|-end|p1a: Illumise|Throat Chop|[silent]\n|upkeep\n|turn|43\n|\n|t:|1781456143\n|move|p1a: Illumise|Roost|p1a: Illumise\n|-heal|p1a: Illumise|216/266\n|-singleturn|p1a: Illumise|move: Roost\n|cant|p2a: Barraskewda|par\n|\n|upkeep\n|turn|44\n|\n|t:|1781456147\n|move|p1a: Illumise|Bug Buzz|p2a: Barraskewda\n|-damage|p2a: Barraskewda|51/231 par\n|move|p2a: Barraskewda|Throat Chop|p1a: Illumise\n|-damage|p1a: Illumise|112/266\n|-start|p1a: Illumise|Throat Chop|[silent]\n|\n|upkeep\n|turn|45\n|\n|t:|1781456154\n|move|p1a: Illumise|Thunder Wave|p2a: Barraskewda\n|-fail|p2a: Barraskewda|par\n|cant|p2a: Barraskewda|par\n|\n|-end|p1a: Illumise|Throat Chop|[silent]\n|upkeep\n|turn|46\n|\n|t:|1781456163\n|move|p1a: Illumise|Bug Buzz|p2a: Barraskewda\n|-damage|p2a: Barraskewda|0 fnt\n|faint|p2a: Barraskewda\n|\n|upkeep\n|\n|t:|1781456165\n|switch|p2a: Kyogre|Kyogre, L71|259/259\n|-weather|RainDance|[from] ability: Drizzle|[of] p2a: Kyogre\n|turn|47\n|\n|t:|1781456169\n|-terastallize|p2a: Kyogre|Water\n|move|p1a: Illumise|Thunder Wave|p2a: Kyogre\n|-status|p2a: Kyogre|par\n|cant|p2a: Kyogre|par\n|\n|-weather|RainDance|[upkeep]\n|upkeep\n|turn|48\n|-message|Knayrus forfeited.\n|\n|win|Daruma\n", "inputlog": ">version a8376a258c1d4662feba110a92103f3664a72141\n>start {\"formatid\":\"gen9randombattle\",\"seed\":\"sodium,1fe7da861cb4a6efd1852f847f5b19ce\",\"rated\":\"Rated battle\"}\n>player p1 {\"name\":\"Daruma\",\"avatar\":\"#ruplixsleekslushrushers\",\"rating\":2084,\"seed\":\"sodium,b450907e822fd6697f9028260f4cd06e\"}\n>player p2 {\"name\":\"Knayrus\",\"avatar\":\"drayden\",\"rating\":2153,\"seed\":\"sodium,371c956f779a786fde5b7a2cc21c3d67\"}\n>p1 switch 3\n>p2 move kowtowcleave\n>p1 move bodyslam\n>p2 switch 6\n>p1 move bodyslam\n>p2 switch 6\n>p1 move earthquake\n>p2 move suckerpunch\n>p2 switch 2\n>p1 switch 3\n>p2 move flipturn\n>p2 switch 6\n>p1 switch 2\n>p2 move strengthsap\n>p1 move thunderwave\n>p2 move sludgebomb\n>p1 switch 6\n>p2 move sludgebomb\n>p1 move uturn\n>p2 switch 6\n>p1 switch 6\n>p1 move roost\n>p2 switch 6\n>p1 switch 6\n>p2 move sleeppowder\n>p1 move sludgewave\n>p2 move sludgebomb\n>p1 move fireblast\n>p2 switch 6\n>p1 switch 2\n>p2 move flipturn\n>p2 switch 6\n>p1 switch 2\n>p2 move sludgebomb\n>p1 move fireblast\n>p2 switch 6\n>p1 switch 2\n>p2 move flipturn\n>p2 switch 6\n>p1 switch 2\n>p2 switch 4\n>p1 move uturn\n>p2 move psychicnoise\n>p1 switch 6\n>p1 move bugbuzz\n>p2 switch 4\n>p1 move bugbuzz\n>p2 move sleeppowder\n>p1 move bugbuzz\n>p2 move strengthsap\n>p2 switch 3\n>p1 switch 5\n>p2 move stoneedge\n>p1 move earthpower\n>p2 switch 4\n>p1 move leafstorm\n>p2 move calmmind\n>p1 move rapidspin\n>p2 move psychicnoise\n>p1 move rapidspin\n>p2 move calmmind\n>p1 move rapidspin\n>p2 move psychicnoise\n>p1 switch 2\n>p1 move leafblade\n>p2 move psychicnoise\n>p2 switch 6\n>p1 switch 3\n>p2 move throatchop\n>p1 switch 5\n>p1 move thunderwave\n>p2 switch 4\n>p1 move bugbuzz\n>p2 move stoneedge\n>p1 switch 6\n>p2 move stoneedge\n>p1 switch 3\n>p1 move leafblade\n>p2 move stoneedge\n>p2 switch 4\n>p1 switch 6\n>p2 move throatchop\n>p1 move roost\n>p2 move throatchop\n>p1 move roost\n>p2 move throatchop\n>p1 move roost\n>p2 move throatchop\n>p1 move roost\n>p2 move throatchop\n>p1 move roost\n>p2 move throatchop\n>p1 move thunderwave\n>p2 move throatchop\n>p1 move roost\n>p2 move throatchop\n>p1 move roost\n>p2 move throatchop\n>p1 move bugbuzz\n>p2 move throatchop\n>p1 move thunderwave\n>p2 move throatchop\n>p1 move bugbuzz\n>p2 move throatchop\n>p2 switch 5\n>p1 move thunderwave\n>p2 move waterspout terastallize\n>forcelose p2", "uploadtime": 1781455776, "views": 5, "formatid": "gen9randombattle", "rating": null, "private": 0, "password": null}