{"id": "gen9randombattle-2631382865", "format": "[Gen 9] Random Battle", "players": ["UncleKrack", "Inza09"], "log": "|j|\u2606UncleKrack\n|j|\u2606Inza09\n|t:|1781378126\n|gametype|singles\n|player|p1|UncleKrack|emmet|1571\n|player|p2|Inza09|102|1558\n|gen|9\n|tier|[Gen 9] Random Battle\n|rated|\n|rule|Species Clause: Limit one of each Pok\u00e9mon\n|rule|HP Percentage Mod: HP is shown in percentages\n|rule|Sleep Clause Mod: Limit one foe put to sleep\n|rule|Illusion Level Mod: Illusion disguises the Pok\u00e9mon's true level\n|\n|t:|1781378126\n|teamsize|p1|6\n|teamsize|p2|6\n|start\n|switch|p1a: Toxapex|Toxapex, L82, F|216/216\n|switch|p2a: Rabsca|Rabsca, L91, M|284/284\n|turn|1\n|inactive|Battle timer is ON: inactive players will automatically lose when time's up. (requested by UncleKrack)\n|\n|t:|1781378144\n|switch|p1a: Arceus|Arceus-Flying, L69|279/279\n|move|p2a: Rabsca|Psychic|p1a: Arceus\n|-damage|p1a: Arceus|153/279\n|\n|upkeep\n|turn|2\n|\n|t:|1781378153\n|switch|p2a: Magnezone|Magnezone, L85|258/258\n|move|p1a: Arceus|Recover|p1a: Arceus\n|-heal|p1a: Arceus|279/279\n|\n|upkeep\n|turn|3\n|\n|t:|1781378161\n|switch|p1a: Hatterene|Hatterene, L85, F|236/236\n|move|p2a: Magnezone|Thunderbolt|p1a: Hatterene\n|-damage|p1a: Hatterene|158/236\n|\n|upkeep\n|turn|4\n|inactive|UncleKrack has 120 seconds left.\n|\n|t:|1781378193\n|switch|p2a: Squawkabilly|Squawkabilly-Yellow, L89, M|291/291\n|switch|p1a: Toxapex|Toxapex, L82, F|216/216\n|\n|upkeep\n|turn|5\n|inactive|UncleKrack has 120 seconds left.\n|\n|t:|1781378208\n|move|p2a: Squawkabilly|Parting Shot|p1a: Toxapex\n|-unboost|p1a: Toxapex|atk|1\n|-unboost|p1a: Toxapex|spa|1\n|\n|t:|1781378212\n|switch|p2a: Swalot|Swalot, L90, M|326/326|[from] Parting Shot\n|move|p1a: Toxapex|Toxic|p2a: Swalot\n|-immune|p2a: Swalot\n|\n|upkeep\n|turn|6\n|\n|t:|1781378223\n|switch|p1a: Hatterene|Hatterene, L85, F|158/236\n|move|p2a: Swalot|Earthquake|p1a: Hatterene\n|-damage|p1a: Hatterene|90/236\n|\n|upkeep\n|turn|7\n|\n|t:|1781378235\n|move|p2a: Swalot|Earthquake|p1a: Hatterene\n|-damage|p1a: Hatterene|31/236\n|move|p1a: Hatterene|Psychic Noise|p2a: Swalot\n|-supereffective|p2a: Swalot\n|-damage|p2a: Swalot|120/326\n|-start|p2a: Swalot|move: Heal Block\n|\n|upkeep\n|turn|8\n|\n|t:|1781378243\n|switch|p1a: Arceus|Arceus-Flying, L69|279/279\n|move|p2a: Swalot|Earthquake|p1a: Arceus\n|-immune|p1a: Arceus\n|\n|-end|p2a: Swalot|move: Heal Block\n|upkeep\n|turn|9\n|\n|t:|1781378250\n|move|p1a: Arceus|Calm Mind|p1a: Arceus\n|-boost|p1a: Arceus|spa|1\n|-boost|p1a: Arceus|spd|1\n|move|p2a: Swalot|Toxic|p1a: Arceus\n|-status|p1a: Arceus|tox\n|\n|-heal|p2a: Swalot|140/326|[from] item: Leftovers\n|-damage|p1a: Arceus|262/279 tox|[from] psn\n|upkeep\n|turn|10\n|\n|t:|1781378258\n|move|p2a: Swalot|Protect|p2a: Swalot\n|-singleturn|p2a: Swalot|Protect\n|move|p1a: Arceus|Earth Power|p2a: Swalot\n|-activate|p2a: Swalot|move: Protect\n|\n|-heal|p2a: Swalot|160/326|[from] item: Leftovers\n|-damage|p1a: Arceus|228/279 tox|[from] psn\n|upkeep\n|turn|11\n|\n|t:|1781378265\n|switch|p2a: Articuno|Articuno, L86|295/295\n|-ability|p2a: Articuno|Pressure\n|move|p1a: Arceus|Judgment|p2a: Articuno\n|-damage|p2a: Articuno|190/295\n|\n|-damage|p1a: Arceus|177/279 tox|[from] psn\n|upkeep\n|turn|12\n|\n|t:|1781378277\n|switch|p1a: Hatterene|Hatterene, L85, F|31/236\n|move|p2a: Articuno|Roost|p2a: Articuno\n|-heal|p2a: Articuno|295/295\n|-singleturn|p2a: Articuno|move: Roost\n|\n|upkeep\n|turn|13\n|\n|t:|1781378281\n|move|p2a: Articuno|Freeze-Dry|p1a: Hatterene\n|-damage|p1a: Hatterene|0 fnt\n|faint|p1a: Hatterene\n|\n|upkeep\n|\n|t:|1781378284\n|switch|p1a: Avalugg|Avalugg-Hisui, L90, F|317/317\n|turn|14\n|\n|t:|1781378309\n|switch|p2a: Keldeo|Keldeo-Resolute, L79|273/273\n|move|p1a: Avalugg|Stone Edge|p2a: Keldeo\n|-resisted|p2a: Keldeo\n|-damage|p2a: Keldeo|194/273\n|\n|upkeep\n|turn|15\n|\n|t:|1781378319\n|switch|p1a: Slowking|Slowking, L88, F|310/310\n|move|p2a: Keldeo|Secret Sword|p1a: Slowking\n|-resisted|p1a: Slowking\n|-damage|p1a: Slowking|240/310\n|-damage|p2a: Keldeo|167/273|[from] item: Life Orb\n|\n|upkeep\n|turn|16\n|\n|t:|1781378324\n|switch|p2a: Rabsca|Rabsca, L91, M|284/284\n|move|p1a: Slowking|Future Sight|p2a: Rabsca\n|-start|p1a: Slowking|move: Future Sight\n|\n|upkeep\n|turn|17\n|\n|t:|1781378331\n|move|p2a: Rabsca|Bug Buzz|p1a: Slowking\n|-supereffective|p1a: Slowking\n|-damage|p1a: Slowking|34/310\n|-prepare|p1a: Slowking|Chilly Reception|[premajor]\n|move|p1a: Slowking|Chilly Reception|p1a: Slowking\n|-weather|Snowscape\n|\n|t:|1781378336\n|switch|p1a: Arceus|Arceus-Flying, L69|177/279 tox|[from] Chilly Reception\n|\n|-weather|Snowscape|[upkeep]\n|-damage|p1a: Arceus|160/279 tox|[from] psn\n|upkeep\n|turn|18\n|\n|t:|1781378343\n|switch|p2a: Magnezone|Magnezone, L85|258/258\n|move|p1a: Arceus|Recover|p1a: Arceus\n|-heal|p1a: Arceus|279/279 tox\n|\n|-weather|Snowscape|[upkeep]\n|-end|p2a: Magnezone|move: Future Sight\n|-resisted|p2a: Magnezone\n|-damage|p2a: Magnezone|193/258\n|-damage|p1a: Arceus|245/279 tox|[from] psn\n|upkeep\n|turn|19\n|\n|t:|1781378353\n|-terastallize|p1a: Arceus|Ground\n|move|p2a: Magnezone|Volt Switch|p1a: Arceus\n|-immune|p1a: Arceus\n|move|p1a: Arceus|Earth Power|p2a: Magnezone\n|-supereffective|p2a: Magnezone\n|-damage|p2a: Magnezone|0 fnt\n|faint|p2a: Magnezone\n|\n|-weather|Snowscape|[upkeep]\n|-damage|p1a: Arceus|194/279 tox|[from] psn\n|upkeep\n|\n|t:|1781378356\n|switch|p2a: Articuno|Articuno, L86|295/295\n|-ability|p2a: Articuno|Pressure\n|turn|20\n|\n|t:|1781378364\n|switch|p1a: Avalugg|Avalugg-Hisui, L90, F|317/317\n|move|p2a: Articuno|Freeze-Dry|p1a: Avalugg\n|-resisted|p1a: Avalugg\n|-damage|p1a: Avalugg|248/317\n|\n|-weather|Snowscape|[upkeep]\n|upkeep\n|turn|21\n|\n|t:|1781378371\n|switch|p2a: Keldeo|Keldeo-Resolute, L79|167/273\n|move|p1a: Avalugg|Body Press|p2a: Keldeo\n|-damage|p2a: Keldeo|61/273\n|\n|-weather|none\n|upkeep\n|turn|22\n|\n|t:|1781378378\n|switch|p1a: Slowking|Slowking, L88, F|137/310\n|move|p2a: Keldeo|Secret Sword|p1a: Slowking\n|-resisted|p1a: Slowking\n|-damage|p1a: Slowking|64/310\n|-damage|p2a: Keldeo|34/273|[from] item: Life Orb\n|\n|upkeep\n|turn|23\n|\n|t:|1781378384\n|move|p2a: Keldeo|Air Slash|p1a: Slowking\n|-damage|p1a: Slowking|7/310\n|-damage|p2a: Keldeo|7/273|[from] item: Life Orb\n|move|p1a: Slowking|Slack Off|p1a: Slowking\n|-heal|p1a: Slowking|162/310\n|\n|upkeep\n|turn|24\n|\n|t:|1781378389\n|move|p2a: Keldeo|Air Slash|p1a: Slowking\n|-damage|p1a: Slowking|100/310\n|-damage|p2a: Keldeo|0 fnt|[from] item: Life Orb\n|faint|p2a: Keldeo\n|move|p1a: Slowking|Future Sight|p2: Keldeo\n|-start|p1a: Slowking|move: Future Sight\n|\n|upkeep\n|\n|t:|1781378402\n|switch|p2a: Rabsca|Rabsca, L91, M|284/284\n|turn|25\n|\n|t:|1781378411\n|switch|p1a: Toxapex|Toxapex, L82, F|216/216\n|move|p2a: Rabsca|Bug Buzz|p1a: Toxapex\n|-resisted|p1a: Toxapex\n|-damage|p1a: Toxapex|169/216\n|\n|-heal|p1a: Toxapex|182/216|[from] item: Leftovers\n|upkeep\n|turn|26\n|\n|t:|1781378421\n|move|p2a: Rabsca|Psychic|p1a: Toxapex\n|-supereffective|p1a: Toxapex\n|-damage|p1a: Toxapex|18/216\n|move|p1a: Toxapex|Liquidation|p2a: Rabsca\n|-damage|p2a: Rabsca|226/284\n|\n|-end|p2a: Rabsca|move: Future Sight\n|-resisted|p2a: Rabsca\n|-damage|p2a: Rabsca|169/284\n|-heal|p1a: Toxapex|31/216|[from] item: Leftovers\n|upkeep\n|turn|27\n|\n|t:|1781378436\n|switch|p1a: Arceus|Arceus-Flying, L69, tera:Ground|194/279 tox\n|move|p2a: Rabsca|Recover|p2a: Rabsca\n|-heal|p2a: Rabsca|284/284\n|\n|-damage|p1a: Arceus|177/279 tox|[from] psn\n|upkeep\n|turn|28\n|\n|t:|1781378446\n|move|p1a: Arceus|Calm Mind|p1a: Arceus\n|-boost|p1a: Arceus|spa|1\n|-boost|p1a: Arceus|spd|1\n|move|p2a: Rabsca|Psychic|p1a: Arceus\n|-damage|p1a: Arceus|101/279 tox\n|\n|-damage|p1a: Arceus|67/279 tox|[from] psn\n|upkeep\n|turn|29\n|\n|t:|1781378455\n|move|p1a: Arceus|Recover|p1a: Arceus\n|-heal|p1a: Arceus|207/279 tox\n|move|p2a: Rabsca|Recover||[still]\n|-fail|p2a: Rabsca|heal\n|\n|-damage|p1a: Arceus|156/279 tox|[from] psn\n|upkeep\n|turn|30\n|\n|t:|1781378460\n|move|p1a: Arceus|Recover|p1a: Arceus\n|-heal|p1a: Arceus|279/279 tox\n|move|p2a: Rabsca|Psychic|p1a: Arceus\n|-damage|p1a: Arceus|204/279 tox\n|\n|-damage|p1a: Arceus|136/279 tox|[from] psn\n|upkeep\n|turn|31\n|\n|t:|1781378466\n|move|p1a: Arceus|Judgment|p2a: Rabsca\n|-supereffective|p2a: Rabsca\n|-damage|p2a: Rabsca|14/284\n|move|p2a: Rabsca|Revival Blessing|p2a: Rabsca\n|\n|t:|1781378474\n|-heal|p2: Keldeo|136/273|[from] move: Revival Blessing\n|\n|-damage|p1a: Arceus|51/279 tox|[from] psn\n|upkeep\n|turn|32\n|\n|t:|1781378485\n|switch|p1a: Toxapex|Toxapex, L82, F|103/216\n|move|p2a: Rabsca|Recover|p2a: Rabsca\n|-heal|p2a: Rabsca|156/284\n|\n|-heal|p1a: Toxapex|116/216|[from] item: Leftovers\n|upkeep\n|turn|33\n|\n|t:|1781378493\n|switch|p1a: Slowking|Slowking, L88, F|203/310\n|move|p2a: Rabsca|Psychic|p1a: Slowking\n|-resisted|p1a: Slowking\n|-damage|p1a: Slowking|147/310\n|\n|upkeep\n|turn|34\n|\n|t:|1781378497\n|switch|p1a: Toxapex|Toxapex, L82, F|188/216\n|move|p2a: Rabsca|Bug Buzz|p1a: Toxapex\n|-resisted|p1a: Toxapex\n|-damage|p1a: Toxapex|143/216\n|\n|-heal|p1a: Toxapex|156/216|[from] item: Leftovers\n|upkeep\n|turn|35\n|\n|t:|1781378506\n|switch|p1a: Arceus|Arceus-Flying, L69, tera:Ground|51/279 tox\n|move|p2a: Rabsca|Recover|p2a: Rabsca\n|-heal|p2a: Rabsca|284/284\n|\n|-damage|p1a: Arceus|34/279 tox|[from] psn\n|upkeep\n|turn|36\n|\n|t:|1781378513\n|move|p1a: Arceus|Recover|p1a: Arceus\n|-heal|p1a: Arceus|174/279 tox\n|move|p2a: Rabsca|Psychic|p1a: Arceus\n|-damage|p1a: Arceus|62/279 tox\n|\n|-damage|p1a: Arceus|28/279 tox|[from] psn\n|upkeep\n|turn|37\n|\n|t:|1781378515\n|move|p1a: Arceus|Recover|p1a: Arceus\n|-heal|p1a: Arceus|168/279 tox\n|move|p2a: Rabsca|Psychic|p1a: Arceus\n|-damage|p1a: Arceus|45/279 tox\n|\n|-damage|p1a: Arceus|0 fnt|[from] psn\n|faint|p1a: Arceus\n|upkeep\n|\n|t:|1781378519\n|switch|p1a: Ambipom|Ambipom, L84, F|263/263\n|turn|38\n|\n|t:|1781378532\n|move|p1a: Ambipom|Triple Axel|p2a: Rabsca|[miss]\n|-miss|p1a: Ambipom|p2a: Rabsca\n|move|p2a: Rabsca|Psychic|p1a: Ambipom\n|-damage|p1a: Ambipom|113/263\n|\n|upkeep\n|turn|39\n|\n|t:|1781378537\n|move|p1a: Ambipom|Triple Axel|p2a: Rabsca\n|-damage|p2a: Rabsca|251/284\n|-hitcount|p2a: Rabsca|1\n|move|p2a: Rabsca|Psychic|p1a: Ambipom\n|-damage|p1a: Ambipom|0 fnt\n|faint|p1a: Ambipom\n|\n|upkeep\n|\n|t:|1781378543\n|switch|p1a: Avalugg|Avalugg-Hisui, L90, F|248/317\n|turn|40\n|\n|t:|1781378551\n|move|p2a: Rabsca|Psychic|p1a: Avalugg\n|-damage|p1a: Avalugg|22/317\n|move|p1a: Avalugg|Stone Edge|p2a: Rabsca\n|-supereffective|p2a: Rabsca\n|-damage|p2a: Rabsca|0 fnt\n|faint|p2a: Rabsca\n|\n|upkeep\n|\n|t:|1781378565\n|switch|p2a: Articuno|Articuno, L86|295/295\n|-ability|p2a: Articuno|Pressure\n|turn|41\n|\n|t:|1781378572\n|move|p2a: Articuno|Freeze-Dry|p1a: Avalugg\n|-resisted|p1a: Avalugg\n|-damage|p1a: Avalugg|0 fnt\n|faint|p1a: Avalugg\n|\n|upkeep\n|\n|t:|1781378577\n|switch|p1a: Toxapex|Toxapex, L82, F|216/216\n|turn|42\n|\n|t:|1781378582\n|move|p2a: Articuno|Freeze-Dry|p1a: Toxapex\n|-supereffective|p1a: Toxapex\n|-damage|p1a: Toxapex|108/216\n|move|p1a: Toxapex|Toxic|p2a: Articuno\n|-status|p2a: Articuno|tox\n|\n|-heal|p1a: Toxapex|121/216|[from] item: Leftovers\n|-damage|p2a: Articuno|277/295 tox|[from] psn\n|upkeep\n|turn|43\n|\n|t:|1781378591\n|move|p2a: Articuno|Freeze-Dry|p1a: Toxapex\n|-supereffective|p1a: Toxapex\n|-damage|p1a: Toxapex|13/216\n|move|p1a: Toxapex|Recover|p1a: Toxapex\n|-heal|p1a: Toxapex|121/216\n|\n|-heal|p1a: Toxapex|134/216|[from] item: Leftovers\n|-damage|p2a: Articuno|241/295 tox|[from] psn\n|upkeep\n|turn|44\n|\n|t:|1781378599\n|switch|p2a: Swalot|Swalot, L90, M|160/326\n|move|p1a: Toxapex|Recover|p1a: Toxapex\n|-heal|p1a: Toxapex|216/216\n|\n|-heal|p2a: Swalot|180/326|[from] item: Leftovers\n|upkeep\n|turn|45\n|\n|t:|1781378611\n|move|p2a: Swalot|Toxic|p1a: Toxapex\n|-immune|p1a: Toxapex\n|move|p1a: Toxapex|Liquidation|p2a: Swalot\n|-damage|p2a: Swalot|122/326\n|\n|-heal|p2a: Swalot|142/326|[from] item: Leftovers\n|upkeep\n|turn|46\n|\n|t:|1781378617\n|move|p2a: Swalot|Protect|p2a: Swalot\n|-singleturn|p2a: Swalot|Protect\n|move|p1a: Toxapex|Liquidation|p2a: Swalot\n|-activate|p2a: Swalot|move: Protect\n|\n|-heal|p2a: Swalot|162/326|[from] item: Leftovers\n|upkeep\n|turn|47\n|\n|t:|1781378619\n|move|p2a: Swalot|Earthquake|p1a: Toxapex\n|-supereffective|p1a: Toxapex\n|-damage|p1a: Toxapex|122/216\n|move|p1a: Toxapex|Liquidation|p2a: Swalot\n|-damage|p2a: Swalot|104/326\n|\n|-heal|p2a: Swalot|124/326|[from] item: Leftovers\n|-heal|p1a: Toxapex|135/216|[from] item: Leftovers\n|upkeep\n|turn|48\n|\n|t:|1781378626\n|move|p2a: Swalot|Earthquake|p1a: Toxapex\n|-supereffective|p1a: Toxapex\n|-damage|p1a: Toxapex|43/216\n|move|p1a: Toxapex|Recover|p1a: Toxapex\n|-heal|p1a: Toxapex|151/216\n|\n|-heal|p2a: Swalot|144/326|[from] item: Leftovers\n|-heal|p1a: Toxapex|164/216|[from] item: Leftovers\n|upkeep\n|turn|49\n|\n|t:|1781378630\n|move|p2a: Swalot|Earthquake|p1a: Toxapex\n|-supereffective|p1a: Toxapex\n|-damage|p1a: Toxapex|76/216\n|move|p1a: Toxapex|Recover|p1a: Toxapex\n|-heal|p1a: Toxapex|184/216\n|\n|-heal|p2a: Swalot|164/326|[from] item: Leftovers\n|-heal|p1a: Toxapex|197/216|[from] item: Leftovers\n|upkeep\n|turn|50\n|\n|t:|1781378635\n|switch|p1a: Slowking|Slowking, L88, F|250/310\n|move|p2a: Swalot|Earthquake|p1a: Slowking\n|-damage|p1a: Slowking|182/310\n|\n|-heal|p2a: Swalot|184/326|[from] item: Leftovers\n|upkeep\n|turn|51\n|\n|t:|1781378638\n|move|p2a: Swalot|Toxic|p1a: Slowking\n|-status|p1a: Slowking|tox\n|move|p1a: Slowking|Future Sight|p2a: Swalot\n|-start|p1a: Slowking|move: Future Sight\n|\n|-heal|p2a: Swalot|204/326|[from] item: Leftovers\n|-damage|p1a: Slowking|163/310 tox|[from] psn\n|upkeep\n|turn|52\n|\n|t:|1781378647\n|move|p2a: Swalot|Sludge Bomb|p1a: Slowking\n|-damage|p1a: Slowking|85/310 tox\n|move|p1a: Slowking|Slack Off|p1a: Slowking\n|-heal|p1a: Slowking|240/310 tox\n|\n|-heal|p2a: Swalot|224/326|[from] item: Leftovers\n|-damage|p1a: Slowking|202/310 tox|[from] psn\n|upkeep\n|turn|53\n|\n|t:|1781378658\n|switch|p2a: Keldeo|Keldeo-Resolute, L79|136/273\n|-prepare|p1a: Slowking|Chilly Reception|[premajor]\n|move|p1a: Slowking|Chilly Reception|p1a: Slowking\n|-weather|Snowscape\n|\n|t:|1781378662\n|switch|p1a: Toxapex|Toxapex, L82, F|216/216|[from] Chilly Reception\n|\n|-weather|Snowscape|[upkeep]\n|-end|p2a: Keldeo|move: Future Sight\n|-supereffective|p2a: Keldeo\n|-damage|p2a: Keldeo|0 fnt\n|faint|p2a: Keldeo\n|upkeep\n|\n|t:|1781378671\n|switch|p2a: Squawkabilly|Squawkabilly-Yellow, L89, M|291/291\n|turn|54\n|\n|t:|1781378682\n|-terastallize|p2a: Squawkabilly|Normal\n|move|p2a: Squawkabilly|Double-Edge|p1a: Toxapex\n|-damage|p1a: Toxapex|38/216\n|-damage|p2a: Squawkabilly|232/291|[from] Recoil\n|move|p1a: Toxapex|Toxic|p2a: Squawkabilly\n|-status|p2a: Squawkabilly|tox\n|\n|-weather|Snowscape|[upkeep]\n|-heal|p1a: Toxapex|51/216|[from] item: Leftovers\n|-damage|p2a: Squawkabilly|214/291 tox|[from] psn\n|upkeep\n|turn|55\n|\n|t:|1781378702\n|move|p2a: Squawkabilly|Double-Edge|p1a: Toxapex\n|-damage|p1a: Toxapex|0 fnt\n|faint|p1a: Toxapex\n|-damage|p2a: Squawkabilly|197/291 tox|[from] Recoil\n|\n|-weather|Snowscape|[upkeep]\n|-damage|p2a: Squawkabilly|161/291 tox|[from] psn\n|upkeep\n|\n|t:|1781378704\n|switch|p1a: Slowking|Slowking, L88, F|305/310 tox\n|turn|56\n|\n|t:|1781378708\n|move|p2a: Squawkabilly|Double-Edge|p1a: Slowking|[miss]\n|-miss|p2a: Squawkabilly|p1a: Slowking\n|move|p1a: Slowking|Future Sight|p2a: Squawkabilly\n|-start|p1a: Slowking|move: Future Sight\n|\n|-weather|Snowscape|[upkeep]\n|-damage|p2a: Squawkabilly|107/291 tox|[from] psn\n|-damage|p1a: Slowking|286/310 tox|[from] psn\n|upkeep\n|turn|57\n|\n|t:|1781378712\n|move|p2a: Squawkabilly|Double-Edge|p1a: Slowking|[miss]\n|-miss|p2a: Squawkabilly|p1a: Slowking\n|move|p1a: Slowking|Slack Off|p1a: Slowking\n|-heal|p1a: Slowking|310/310 tox\n|\n|-weather|none\n|-damage|p2a: Squawkabilly|35/291 tox|[from] psn\n|-damage|p1a: Slowking|272/310 tox|[from] psn\n|upkeep\n|turn|58\n|\n|t:|1781378726\n|move|p2a: Squawkabilly|Double-Edge|p1a: Slowking\n|-damage|p1a: Slowking|0 fnt\n|faint|p1a: Slowking\n|-damage|p2a: Squawkabilly|0 fnt|[from] Recoil\n|faint|p2a: Squawkabilly\n|\n|win|Inza09\n|raw|UncleKrack's rating: 1571 &rarr; <strong>1550</strong><br />(-21 for losing)\n|raw|Inza09's rating: 1558 &rarr; <strong>1579</strong><br />(+21 for winning)\n", "inputlog": ">version a8376a258c1d4662feba110a92103f3664a72141\n>start {\"formatid\":\"gen9randombattle\",\"seed\":\"sodium,8f7560247145edc1f2b8a2359ea6279c\",\"rated\":\"Rated battle\"}\n>player p1 {\"name\":\"UncleKrack\",\"avatar\":\"emmet\",\"rating\":1571,\"seed\":\"sodium,6b7685809629d8daa911db4112519b44\"}\n>player p2 {\"name\":\"Inza09\",\"avatar\":\"102\",\"rating\":1558,\"seed\":\"sodium,928f2e696e62dbdb6063aa76fc6675ab\"}\n>p1 switch 3\n>p2 move psychic\n>p1 move recover\n>p2 switch 5\n>p1 switch 6\n>p2 move thunderbolt\n>p1 switch 3\n>p2 switch 4\n>p1 move toxic\n>p2 move partingshot\n>p2 switch 6\n>p1 switch 3\n>p2 move earthquake\n>p1 move psychicnoise\n>p2 move earthquake\n>p1 switch 6\n>p2 move earthquake\n>p1 move calmmind\n>p2 move toxic\n>p1 move earthpower\n>p2 move protect\n>p1 move judgment\n>p2 switch 3\n>p1 switch 6\n>p2 move roost\n>p1 move nuzzle\n>p2 move freezedry\n>p1 switch 4\n>p1 move stoneedge\n>p2 switch 2\n>p1 switch 2\n>p2 move secretsword\n>p1 move futuresight\n>p2 switch 5\n>p1 move chillyreception\n>p2 move bugbuzz\n>p1 switch 6\n>p1 move recover\n>p2 switch 4\n>p1 move earthpower terastallize\n>p2 move voltswitch\n>p2 switch 2\n>p1 switch 2\n>p2 move freezedry\n>p1 move bodypress\n>p2 switch 5\n>p1 switch 6\n>p2 move secretsword\n>p1 move slackoff\n>p2 move airslash\n>p1 move futuresight\n>p2 move airslash\n>p2 switch 4\n>p1 switch 3\n>p2 move bugbuzz\n>p1 move liquidation\n>p2 move psychic\n>p1 switch 2\n>p2 move recover\n>p1 move calmmind\n>p2 move psychic\n>p1 move recover\n>p2 move recover\n>p1 move recover\n>p2 move psychic\n>p1 move judgment\n>p2 move revivalblessing\n>p2 switch 4\n>p1 switch 2\n>p2 move recover\n>p1 switch 3\n>p2 move psychic\n>p1 switch 3\n>p2 move bugbuzz\n>p1 switch 2\n>p2 move recover\n>p1 move recover\n>p2 move psychic\n>p1 move recover\n>p2 move psychic\n>p1 switch 5\n>p1 move tripleaxel\n>p2 move psychic\n>p1 move tripleaxel\n>p2 move psychic\n>p1 switch 6\n>p1 move stoneedge\n>p2 move psychic\n>p2 switch 5\n>p1 move recover\n>p2 move freezedry\n>p1 switch 2\n>p1 move toxic\n>p2 move freezedry\n>p1 move recover\n>p2 move freezedry\n>p1 move recover\n>p2 switch 3\n>p1 move liquidation\n>p2 move toxic\n>p1 move liquidation\n>p2 move protect\n>p1 move liquidation\n>p2 move earthquake\n>p1 move recover\n>p2 move earthquake\n>p1 move recover\n>p2 move earthquake\n>p1 switch 3\n>p2 move earthquake\n>p1 move futuresight\n>p2 move toxic\n>p1 move slackoff\n>p2 move sludgebomb\n>p1 move chillyreception\n>p2 switch 4\n>p1 switch 3\n>p2 switch 6\n>p1 move toxic\n>p2 move doubleedge terastallize\n>p1 move recover\n>p2 move doubleedge\n>p1 switch 3\n>p1 move futuresight\n>p2 move doubleedge\n>p1 move slackoff\n>p2 move doubleedge\n>p1 move slackoff\n>p2 move doubleedge", "uploadtime": 1781378726, "views": 6, "formatid": "gen9randombattle", "rating": 1550, "private": 0, "password": null, "player_dets": [{"name": "UncleKrack", "avatar": "emmet", "rating": 1571, "seed": "sodium,6b7685809629d8daa911db4112519b44"}, {"name": "Inza09", "avatar": "102", "rating": 1558, "seed": "sodium,928f2e696e62dbdb6063aa76fc6675ab"}], "teams_full": [{"Toxapex": {"name": "Toxapex", "species": "Toxapex", "speciesId": "toxapex", "gender": "F", "shiny": false, "level": 82, "moves": ["toxic", "recover", "liquidation", "haze"], "ability": "Regenerator", "evs": {"hp": 85, "atk": 85, "def": 85, "spa": 85, "spd": 85, "spe": 85}, "ivs": {"hp": 31, "atk": 31, "def": 31, "spa": 31, "spd": 31, "spe": 31}, "item": "Leftovers", "teraType": "Flying", "role": "Bulky Support", "bvs": {"hp": 50, "atk": 63, "def": 152, "spa": 53, "spd": 142, "spe": 35}, "stats": {"hp": 216, "atk": 150, "def": 296, "spa": 134, "spd": 280, "spe": 105}, "types": ["Poison", "Water"]}, "Slowking": {"name": "Slowking", "species": "Slowking", "speciesId": "slowking", "gender": "F", "shiny": false, "level": 88, "moves": ["slackoff", "chillyreception", "scald", "futuresight"], "ability": "Regenerator", "evs": {"hp": 85, "atk": 0, "def": 85, "spa": 85, "spd": 85, "spe": 85}, "ivs": {"hp": 31, "atk": 0, "def": 31, "spa": 31, "spd": 31, "spe": 31}, "item": "Heavy-Duty Boots", "teraType": "Dragon", "role": "Fast Support", "bvs": {"hp": 95, "atk": 75, "def": 80, "spa": 100, "spd": 110, "spe": 30}, "stats": {"hp": 310, "atk": 137, "def": 191, "spa": 226, "spd": 244, "spe": 103}, "types": ["Water", "Psychic"]}, "Arceus": {"name": "Arceus", "species": "Arceus-Flying", "speciesId": "arceusflying", "gender": "N", "shiny": false, "level": 69, "moves": ["calmmind", "recover", "judgment", "earthpower"], "ability": "Multitype", "evs": {"hp": 81, "atk": 0, "def": 85, "spa": 85, "spd": 85, "spe": 85}, "ivs": {"hp": 31, "atk": 0, "def": 31, "spa": 31, "spd": 31, "spe": 31}, "item": "Sky Plate", "teraType": "Ground", "role": "Bulky Setup", "bvs": {"hp": 120, "atk": 120, "def": 120, "spa": 120, "spd": 120, "spe": 120}, "stats": {"hp": 279, "atk": 170, "def": 206, "spa": 206, "spd": 206, "spe": 206}, "types": ["Flying"]}, "Avalugg": {"name": "Avalugg", "species": "Avalugg-Hisui", "speciesId": "avalugghisui", "gender": "F", "shiny": false, "level": 90, "moves": ["bodypress", "recover", "stoneedge", "avalanche"], "ability": "Sturdy", "evs": {"hp": 85, "atk": 85, "def": 85, "spa": 85, "spd": 85, "spe": 85}, "ivs": {"hp": 31, "atk": 31, "def": 31, "spa": 31, "spd": 31, "spe": 31}, "item": "Heavy-Duty Boots", "teraType": "Ghost", "role": "Bulky Attacker", "bvs": {"hp": 95, "atk": 127, "def": 184, "spa": 34, "spd": 36, "spe": 38}, "stats": {"hp": 317, "atk": 280, "def": 383, "spa": 113, "spd": 116, "spe": 120}, "types": ["Ice", "Rock"]}, "Ambipom": {"name": "Ambipom", "species": "Ambipom", "speciesId": "ambipom", "gender": "F", "shiny": false, "level": 84, "moves": ["knockoff", "doubleedge", "tripleaxel", "uturn"], "ability": "Technician", "evs": {"hp": 85, "atk": 85, "def": 85, "spa": 85, "spd": 85, "spe": 85}, "ivs": {"hp": 31, "atk": 31, "def": 31, "spa": 31, "spd": 31, "spe": 31}, "item": "Choice Band", "teraType": "Ice", "role": "Fast Attacker", "bvs": {"hp": 75, "atk": 100, "def": 66, "spa": 60, "spd": 66, "spe": 115}, "stats": {"hp": 263, "atk": 216, "def": 159, "spa": 149, "spd": 159, "spe": 241}, "types": ["Normal"]}, "Hatterene": {"name": "Hatterene", "species": "Hatterene", "speciesId": "hatterene", "gender": "F", "shiny": false, "level": 85, "moves": ["mysticalfire", "psychicnoise", "drainingkiss", "nuzzle"], "ability": "Magic Bounce", "evs": {"hp": 85, "atk": 85, "def": 85, "spa": 85, "spd": 85, "spe": 85}, "ivs": {"hp": 31, "atk": 31, "def": 31, "spa": 31, "spd": 31, "spe": 31}, "item": "Assault Vest", "teraType": "Fairy", "role": "AV Pivot", "bvs": {"hp": 57, "atk": 90, "def": 95, "spa": 136, "spd": 103, "spe": 29}, "stats": {"hp": 236, "atk": 202, "def": 210, "spa": 280, "spd": 224, "spe": 98}, "types": ["Psychic", "Fairy"]}}, {"Rabsca": {"name": "Rabsca", "species": "Rabsca", "speciesId": "rabsca", "gender": "M", "shiny": false, "level": 91, "moves": ["recover", "bugbuzz", "psychic", "revivalblessing"], "ability": "Synchronize", "evs": {"hp": 85, "atk": 0, "def": 85, "spa": 85, "spd": 85, "spe": 85}, "ivs": {"hp": 31, "atk": 0, "def": 31, "spa": 31, "spd": 31, "spe": 31}, "item": "Heavy-Duty Boots", "teraType": "Steel", "role": "Wallbreaker", "bvs": {"hp": 75, "atk": 50, "def": 85, "spa": 115, "spd": 100, "spe": 45}, "stats": {"hp": 284, "atk": 96, "def": 207, "spa": 261, "spd": 234, "spe": 134}, "types": ["Bug", "Psychic"]}, "Keldeo": {"name": "Keldeo", "species": "Keldeo-Resolute", "speciesId": "keldeoresolute", "gender": "N", "shiny": false, "level": 79, "moves": ["calmmind", "secretsword", "airslash", "hydropump"], "ability": "Justified", "evs": {"hp": 85, "atk": 0, "def": 85, "spa": 85, "spd": 85, "spe": 85}, "ivs": {"hp": 31, "atk": 0, "def": 31, "spa": 31, "spd": 31, "spe": 31}, "item": "Life Orb", "teraType": "Fighting", "role": "Fast Attacker", "bvs": {"hp": 91, "atk": 72, "def": 90, "spa": 129, "spd": 90, "spe": 108}, "stats": {"hp": 273, "atk": 118, "def": 188, "spa": 249, "spd": 188, "spe": 216}, "types": ["Water", "Fighting"]}, "Articuno": {"name": "Articuno", "species": "Articuno", "speciesId": "articuno", "gender": "N", "shiny": false, "level": 86, "moves": ["bravebird", "roost", "freezedry", "substitute"], "ability": "Pressure", "evs": {"hp": 85, "atk": 85, "def": 85, "spa": 85, "spd": 85, "spe": 85}, "ivs": {"hp": 31, "atk": 31, "def": 31, "spa": 31, "spd": 31, "spe": 31}, "item": "Heavy-Duty Boots", "teraType": "Steel", "role": "Bulky Support", "bvs": {"hp": 90, "atk": 85, "def": 100, "spa": 95, "spd": 125, "spe": 85}, "stats": {"hp": 295, "atk": 195, "def": 221, "spa": 213, "spd": 264, "spe": 195}, "types": ["Ice", "Flying"]}, "Squawkabilly": {"name": "Squawkabilly", "species": "Squawkabilly-Yellow", "speciesId": "squawkabillyyellow", "gender": "M", "shiny": false, "level": 89, "moves": ["bravebird", "partingshot", "doubleedge", "quickattack"], "ability": "Hustle", "evs": {"hp": 85, "atk": 85, "def": 85, "spa": 85, "spd": 85, "spe": 85}, "ivs": {"hp": 31, "atk": 31, "def": 31, "spa": 31, "spd": 31, "spe": 31}, "item": "Heavy-Duty Boots", "teraType": "Normal", "role": "Wallbreaker", "bvs": {"hp": 82, "atk": 96, "def": 51, "spa": 45, "spd": 51, "spe": 92}, "stats": {"hp": 291, "atk": 222, "def": 142, "spa": 131, "spd": 142, "spe": 215}, "types": ["Normal", "Flying"]}, "Magnezone": {"name": "Magnezone", "species": "Magnezone", "speciesId": "magnezone", "gender": "N", "shiny": false, "level": 85, "moves": ["bodypress", "voltswitch", "thunderbolt", "flashcannon"], "ability": "Magnet Pull", "evs": {"hp": 85, "atk": 0, "def": 85, "spa": 85, "spd": 85, "spe": 85}, "ivs": {"hp": 31, "atk": 0, "def": 31, "spa": 31, "spd": 31, "spe": 31}, "item": "Choice Scarf", "teraType": "Electric", "role": "Fast Attacker", "bvs": {"hp": 70, "atk": 70, "def": 115, "spa": 130, "spd": 90, "spe": 60}, "stats": {"hp": 258, "atk": 124, "def": 244, "spa": 270, "spd": 202, "spe": 151}, "types": ["Electric", "Steel"]}, "Swalot": {"name": "Swalot", "species": "Swalot", "speciesId": "swalot", "gender": "M", "shiny": false, "level": 90, "moves": ["protect", "earthquake", "sludgebomb", "toxic"], "ability": "Liquid Ooze", "evs": {"hp": 85, "atk": 85, "def": 85, "spa": 85, "spd": 85, "spe": 85}, "ivs": {"hp": 31, "atk": 31, "def": 31, "spa": 31, "spd": 31, "spe": 31}, "item": "Leftovers", "teraType": "Ground", "role": "Bulky Support", "bvs": {"hp": 100, "atk": 73, "def": 83, "spa": 73, "spd": 83, "spe": 55}, "stats": {"hp": 326, "atk": 183, "def": 201, "spa": 183, "spd": 201, "spe": 150}, "types": ["Poison"]}}]}