{"id": "gen9randombattle-2631867578", "format": "[Gen 9] Random Battle", "players": ["GeYaLe", "Geeta's Wig"], "log": "|j|\u2606GeYaLe\n|j|\u2606Geeta's Wig\n|t:|1781449975\n|gametype|singles\n|player|p1|GeYaLe|cynthia|1850\n|player|p2|Geeta's Wig|geeta|1910\n|gen|9\n|tier|[Gen 9] Random Battle\n|rated|\n|rule|Species Clause: Limit one of each Pok\u00e9mon\n|rule|HP Percentage Mod: HP is shown in percentages\n|rule|Sleep Clause Mod: Limit one foe put to sleep\n|rule|Illusion Level Mod: Illusion disguises the Pok\u00e9mon's true level\n|\n|t:|1781449975\n|teamsize|p1|6\n|teamsize|p2|6\n|start\n|switch|p1a: Hitmonlee|Hitmonlee, L85, M|223/223\n|switch|p2a: Empoleon|Empoleon, L84, M|278/278\n|turn|1\n|inactive|Battle timer is ON: inactive players will automatically lose when time's up. (requested by GeYaLe)\n|\n|t:|1781449981\n|switch|p2a: Arcanine|Arcanine, L84, F|288/288\n|-ability|p2a: Arcanine|Intimidate|boost\n|-unboost|p1a: Hitmonlee|atk|1\n|move|p1a: Hitmonlee|High Jump Kick|p2a: Arcanine\n|-damage|p2a: Arcanine|65/288\n|\n|upkeep\n|turn|2\n|\n|t:|1781449996\n|switch|p1a: Rotom|Rotom-Wash, L82|216/216\n|move|p2a: Arcanine|Flare Blitz|p1a: Rotom\n|-resisted|p1a: Rotom\n|-damage|p1a: Rotom|160/216\n|-damage|p2a: Arcanine|47/288|[from] Recoil\n|\n|-heal|p1a: Rotom|173/216|[from] item: Leftovers\n|upkeep\n|turn|3\n|\n|t:|1781450003\n|switch|p2a: Arboliva|Arboliva, L91, M|288/288\n|move|p1a: Rotom|Discharge|p2a: Arboliva\n|-resisted|p2a: Arboliva\n|-damage|p2a: Arboliva|254/288\n|\n|-heal|p1a: Rotom|186/216|[from] item: Leftovers\n|upkeep\n|turn|4\n|inactive|Geeta's Wig has 120 seconds left.\n|\n|t:|1781450038\n|move|p1a: Rotom|Discharge|p2a: Arboliva\n|-resisted|p2a: Arboliva\n|-crit|p2a: Arboliva\n|-damage|p2a: Arboliva|202/288\n|move|p2a: Arboliva|Leech Seed|p1a: Rotom\n|-start|p1a: Rotom|move: Leech Seed\n|\n|-heal|p1a: Rotom|199/216|[from] item: Leftovers\n|-damage|p1a: Rotom|172/216|[from] Leech Seed|[of] p2a: Arboliva\n|-heal|p2a: Arboliva|229/288|[silent]\n|upkeep\n|turn|5\n|inactive|Geeta's Wig has 120 seconds left.\n|\n|t:|1781450056\n|switch|p1a: Braviary|Braviary, L85, M|309/309\n|move|p2a: Arboliva|Hyper Voice|p1a: Braviary\n|-damage|p1a: Braviary|156/309\n|\n|upkeep\n|turn|6\n|\n|t:|1781450085\n|move|p1a: Braviary|Close Combat|p2a: Arboliva\n|-supereffective|p2a: Arboliva\n|-damage|p2a: Arboliva|25/288\n|-unboost|p1a: Braviary|def|1\n|-unboost|p1a: Braviary|spd|1\n|-enditem|p2a: Arboliva|Sitrus Berry|[eat]\n|-heal|p2a: Arboliva|97/288|[from] item: Sitrus Berry\n|move|p2a: Arboliva|Hyper Voice|p1a: Braviary\n|-damage|p1a: Braviary|0 fnt\n|faint|p1a: Braviary\n|\n|upkeep\n|\n|t:|1781450097\n|switch|p1a: Hitmonlee|Hitmonlee, L85, M|223/223\n|turn|7\n|\n|t:|1781450109\n|move|p2a: Arboliva|Protect|p2a: Arboliva\n|-singleturn|p2a: Arboliva|Protect\n|move|p1a: Hitmonlee|High Jump Kick|p2a: Arboliva\n|-activate|p2a: Arboliva|move: Protect\n|-damage|p1a: Hitmonlee|112/223|[from] highjumpkick\n|\n|-item|p2a: Arboliva|Sitrus Berry|[from] ability: Harvest\n|upkeep\n|-enditem|p2a: Arboliva|Sitrus Berry|[eat]\n|-heal|p2a: Arboliva|169/288|[from] item: Sitrus Berry\n|turn|8\n|\n|t:|1781450114\n|switch|p2a: Arcanine|Arcanine, L84, F|47/288\n|-ability|p2a: Arcanine|Intimidate|boost\n|-unboost|p1a: Hitmonlee|atk|1\n|move|p1a: Hitmonlee|High Jump Kick|p2a: Arcanine\n|-damage|p2a: Arcanine|0 fnt\n|faint|p2a: Arcanine\n|\n|upkeep\n|\n|t:|1781450115\n|switch|p2a: Arboliva|Arboliva, L91, M|169/288\n|turn|9\n|\n|t:|1781450119\n|switch|p1a: Zarude|Zarude-Dada, L77|288/288\n|move|p2a: Arboliva|Leech Seed|p1a: Zarude\n|-immune|p1a: Zarude\n|\n|upkeep\n|turn|10\n|\n|t:|1781450123\n|switch|p2a: Goodra|Goodra, L85, F|292/292\n|move|p1a: Zarude|Swords Dance|p1a: Zarude\n|-boost|p1a: Zarude|atk|2\n|\n|upkeep\n|turn|11\n|\n|t:|1781450126\n|move|p1a: Zarude|Knock Off|p2a: Goodra\n|-damage|p2a: Goodra|72/292\n|-enditem|p2a: Goodra|Assault Vest|[from] move: Knock Off|[of] p1a: Zarude\n|move|p2a: Goodra|Sludge Bomb|p1a: Zarude\n|-supereffective|p1a: Zarude\n|-damage|p1a: Zarude|144/288\n|\n|-heal|p1a: Zarude|162/288|[from] item: Leftovers\n|upkeep\n|turn|12\n|\n|t:|1781450129\n|move|p1a: Zarude|Knock Off|p2a: Goodra\n|-damage|p2a: Goodra|0 fnt\n|faint|p2a: Goodra\n|\n|-heal|p1a: Zarude|180/288|[from] item: Leftovers\n|upkeep\n|\n|t:|1781450135\n|switch|p2a: Cinccino|Cinccino, L83, M|260/260\n|turn|13\n|\n|t:|1781450141\n|move|p2a: Cinccino|Triple Axel|p1a: Zarude\n|-supereffective|p1a: Zarude\n|-damage|p1a: Zarude|144/288\n|-supereffective|p1a: Zarude\n|-damage|p1a: Zarude|64/288\n|-supereffective|p1a: Zarude\n|-damage|p1a: Zarude|0 fnt\n|faint|p1a: Zarude\n|-hitcount|p1: Zarude|3\n|\n|upkeep\n|\n|t:|1781450152\n|switch|p1a: Rotom|Rotom-Wash, L82|172/216\n|turn|14\n|\n|t:|1781450160\n|-terastallize|p1a: Rotom|Electric\n|move|p2a: Cinccino|Bullet Seed|p1a: Rotom\n|-damage|p1a: Rotom|150/216\n|-damage|p1a: Rotom|126/216\n|-damage|p1a: Rotom|104/216\n|-damage|p1a: Rotom|80/216\n|-hitcount|p1a: Rotom|4\n|move|p1a: Rotom|Will-O-Wisp|p2a: Cinccino\n|-status|p2a: Cinccino|brn\n|\n|-heal|p1a: Rotom|93/216|[from] item: Leftovers\n|-damage|p2a: Cinccino|244/260 brn|[from] brn\n|upkeep\n|turn|15\n|\n|t:|1781450163\n|move|p2a: Cinccino|Tidy Up|p2a: Cinccino\n|-boost|p2a: Cinccino|atk|1\n|-boost|p2a: Cinccino|spe|1\n|move|p1a: Rotom|Pain Split|p2a: Cinccino\n|-sethp|p2a: Cinccino|168/260 brn|[from] move: Pain Split|[silent]\n|-sethp|p1a: Rotom|168/216|[from] move: Pain Split\n|\n|-heal|p1a: Rotom|181/216|[from] item: Leftovers\n|-damage|p2a: Cinccino|152/260 brn|[from] brn\n|upkeep\n|turn|16\n|\n|t:|1781450167\n|move|p2a: Cinccino|Tail Slap|p1a: Rotom\n|-damage|p1a: Rotom|157/216\n|-damage|p1a: Rotom|130/216\n|-damage|p1a: Rotom|105/216\n|-damage|p1a: Rotom|79/216\n|-hitcount|p1a: Rotom|4\n|move|p1a: Rotom|Hydro Pump|p2a: Cinccino\n|-damage|p2a: Cinccino|0 fnt\n|faint|p2a: Cinccino\n|\n|-heal|p1a: Rotom|92/216|[from] item: Leftovers\n|upkeep\n|\n|t:|1781450177\n|switch|p2a: Arboliva|Arboliva, L91, M|169/288\n|turn|17\n|\n|t:|1781450185\n|move|p1a: Rotom|Pain Split|p2a: Arboliva\n|-sethp|p2a: Arboliva|130/288|[from] move: Pain Split|[silent]\n|-sethp|p1a: Rotom|130/216|[from] move: Pain Split\n|move|p2a: Arboliva|Substitute|p2a: Arboliva\n|-start|p2a: Arboliva|Substitute\n|-damage|p2a: Arboliva|58/288\n|\n|-heal|p1a: Rotom|143/216|[from] item: Leftovers\n|-item|p2a: Arboliva|Sitrus Berry|[from] ability: Harvest\n|upkeep\n|-enditem|p2a: Arboliva|Sitrus Berry|[eat]\n|-heal|p2a: Arboliva|130/288|[from] item: Sitrus Berry\n|turn|18\n|\n|t:|1781450195\n|switch|p1a: Kyogre|Kyogre, L71|259/259\n|-weather|RainDance|[from] ability: Drizzle|[of] p1a: Kyogre\n|move|p2a: Arboliva|Leech Seed|p1a: Kyogre\n|-start|p1a: Kyogre|move: Leech Seed\n|\n|-weather|RainDance|[upkeep]\n|-damage|p1a: Kyogre|227/259|[from] Leech Seed|[of] p2a: Arboliva\n|-heal|p2a: Arboliva|162/288|[silent]\n|upkeep\n|turn|19\n|\n|t:|1781450201\n|move|p2a: Arboliva|Protect|p2a: Arboliva\n|-singleturn|p2a: Arboliva|Protect\n|move|p1a: Kyogre|Calm Mind|p1a: Kyogre\n|-boost|p1a: Kyogre|spa|1\n|-boost|p1a: Kyogre|spd|1\n|\n|-weather|RainDance|[upkeep]\n|-heal|p1a: Kyogre|243/259|[from] item: Leftovers\n|-damage|p1a: Kyogre|211/259|[from] Leech Seed|[of] p2a: Arboliva\n|-heal|p2a: Arboliva|194/288|[silent]\n|-item|p2a: Arboliva|Sitrus Berry|[from] ability: Harvest\n|upkeep\n|turn|20\n|\n|t:|1781450204\n|move|p1a: Kyogre|Ice Beam|p2a: Arboliva\n|-supereffective|p2a: Arboliva\n|-end|p2a: Arboliva|Substitute\n|move|p2a: Arboliva|Substitute|p2a: Arboliva\n|-start|p2a: Arboliva|Substitute\n|-damage|p2a: Arboliva|122/288\n|-enditem|p2a: Arboliva|Sitrus Berry|[eat]\n|-heal|p2a: Arboliva|194/288|[from] item: Sitrus Berry\n|\n|-weather|RainDance|[upkeep]\n|-heal|p1a: Kyogre|227/259|[from] item: Leftovers\n|-damage|p1a: Kyogre|195/259|[from] Leech Seed|[of] p2a: Arboliva\n|-heal|p2a: Arboliva|226/288|[silent]\n|upkeep\n|turn|21\n|\n|t:|1781450209\n|move|p2a: Arboliva|Protect|p2a: Arboliva\n|-singleturn|p2a: Arboliva|Protect\n|move|p1a: Kyogre|Ice Beam|p2a: Arboliva\n|-activate|p2a: Arboliva|move: Protect\n|\n|-weather|RainDance|[upkeep]\n|-heal|p1a: Kyogre|211/259|[from] item: Leftovers\n|-damage|p1a: Kyogre|179/259|[from] Leech Seed|[of] p2a: Arboliva\n|-heal|p2a: Arboliva|258/288|[silent]\n|upkeep\n|turn|22\n|\n|t:|1781450212\n|move|p1a: Kyogre|Calm Mind|p1a: Kyogre\n|-boost|p1a: Kyogre|spa|1\n|-boost|p1a: Kyogre|spd|1\n|move|p2a: Arboliva|Substitute|p2a: Arboliva\n|-fail|p2a: Arboliva|move: Substitute\n|\n|-weather|none\n|-heal|p1a: Kyogre|195/259|[from] item: Leftovers\n|-damage|p1a: Kyogre|163/259|[from] Leech Seed|[of] p2a: Arboliva\n|-heal|p2a: Arboliva|288/288|[silent]\n|-item|p2a: Arboliva|Sitrus Berry|[from] ability: Harvest\n|upkeep\n|turn|23\n|\n|t:|1781450215\n|move|p2a: Arboliva|Protect|p2a: Arboliva\n|-singleturn|p2a: Arboliva|Protect\n|move|p1a: Kyogre|Ice Beam|p2a: Arboliva\n|-activate|p2a: Arboliva|move: Protect\n|\n|-heal|p1a: Kyogre|179/259|[from] item: Leftovers\n|-damage|p1a: Kyogre|147/259|[from] Leech Seed|[of] p2a: Arboliva\n|upkeep\n|turn|24\n|\n|t:|1781450222\n|move|p1a: Kyogre|Ice Beam|p2a: Arboliva\n|-supereffective|p2a: Arboliva\n|-end|p2a: Arboliva|Substitute\n|move|p2a: Arboliva|Substitute|p2a: Arboliva\n|-start|p2a: Arboliva|Substitute\n|-damage|p2a: Arboliva|216/288\n|\n|-heal|p1a: Kyogre|163/259|[from] item: Leftovers\n|-damage|p1a: Kyogre|131/259|[from] Leech Seed|[of] p2a: Arboliva\n|-heal|p2a: Arboliva|248/288|[silent]\n|upkeep\n|turn|25\n|\n|t:|1781450225\n|move|p2a: Arboliva|Protect|p2a: Arboliva\n|-singleturn|p2a: Arboliva|Protect\n|move|p1a: Kyogre|Ice Beam|p2a: Arboliva\n|-activate|p2a: Arboliva|move: Protect\n|\n|-heal|p1a: Kyogre|147/259|[from] item: Leftovers\n|-damage|p1a: Kyogre|115/259|[from] Leech Seed|[of] p2a: Arboliva\n|-heal|p2a: Arboliva|280/288|[silent]\n|upkeep\n|turn|26\n|\n|t:|1781450227\n|move|p1a: Kyogre|Ice Beam|p2a: Arboliva\n|-supereffective|p2a: Arboliva\n|-end|p2a: Arboliva|Substitute\n|move|p2a: Arboliva|Substitute|p2a: Arboliva\n|-start|p2a: Arboliva|Substitute\n|-damage|p2a: Arboliva|208/288\n|\n|-heal|p1a: Kyogre|131/259|[from] item: Leftovers\n|-damage|p1a: Kyogre|99/259|[from] Leech Seed|[of] p2a: Arboliva\n|-heal|p2a: Arboliva|240/288|[silent]\n|upkeep\n|turn|27\n|\n|t:|1781450231\n|move|p2a: Arboliva|Protect|p2a: Arboliva\n|-singleturn|p2a: Arboliva|Protect\n|move|p1a: Kyogre|Ice Beam|p2a: Arboliva\n|-activate|p2a: Arboliva|move: Protect\n|\n|-heal|p1a: Kyogre|115/259|[from] item: Leftovers\n|-damage|p1a: Kyogre|83/259|[from] Leech Seed|[of] p2a: Arboliva\n|-heal|p2a: Arboliva|272/288|[silent]\n|upkeep\n|turn|28\n|\n|t:|1781450233\n|move|p1a: Kyogre|Ice Beam|p2a: Arboliva\n|-supereffective|p2a: Arboliva\n|-end|p2a: Arboliva|Substitute\n|move|p2a: Arboliva|Substitute|p2a: Arboliva\n|-start|p2a: Arboliva|Substitute\n|-damage|p2a: Arboliva|200/288\n|\n|-heal|p1a: Kyogre|99/259|[from] item: Leftovers\n|-damage|p1a: Kyogre|67/259|[from] Leech Seed|[of] p2a: Arboliva\n|-heal|p2a: Arboliva|232/288|[silent]\n|upkeep\n|turn|29\n|\n|t:|1781450236\n|move|p2a: Arboliva|Protect|p2a: Arboliva\n|-singleturn|p2a: Arboliva|Protect\n|move|p1a: Kyogre|Calm Mind|p1a: Kyogre\n|-boost|p1a: Kyogre|spa|1\n|-boost|p1a: Kyogre|spd|1\n|\n|-heal|p1a: Kyogre|83/259|[from] item: Leftovers\n|-damage|p1a: Kyogre|51/259|[from] Leech Seed|[of] p2a: Arboliva\n|-heal|p2a: Arboliva|264/288|[silent]\n|upkeep\n|turn|30\n|\n|t:|1781450239\n|move|p1a: Kyogre|Ice Beam|p2a: Arboliva\n|-supereffective|p2a: Arboliva\n|-end|p2a: Arboliva|Substitute\n|move|p2a: Arboliva|Substitute|p2a: Arboliva\n|-start|p2a: Arboliva|Substitute\n|-damage|p2a: Arboliva|192/288\n|\n|-heal|p1a: Kyogre|67/259|[from] item: Leftovers\n|-damage|p1a: Kyogre|35/259|[from] Leech Seed|[of] p2a: Arboliva\n|-heal|p2a: Arboliva|224/288|[silent]\n|upkeep\n|turn|31\n|\n|t:|1781450244\n|switch|p1a: Rotom|Rotom-Wash, L82, tera:Electric|143/216\n|move|p2a: Arboliva|Protect||[still]\n|-fail|p2a: Arboliva\n|\n|-heal|p1a: Rotom|156/216|[from] item: Leftovers\n|upkeep\n|turn|32\n|\n|t:|1781450258\n|move|p1a: Rotom|Hydro Pump|p2a: Arboliva|[miss]\n|-miss|p1a: Rotom|p2a: Arboliva\n|move|p2a: Arboliva|Leech Seed|p1a: Rotom\n|-start|p1a: Rotom|move: Leech Seed\n|\n|-heal|p1a: Rotom|169/216|[from] item: Leftovers\n|-damage|p1a: Rotom|142/216|[from] Leech Seed|[of] p2a: Arboliva\n|-heal|p2a: Arboliva|251/288|[silent]\n|upkeep\n|turn|33\n|\n|t:|1781450262\n|switch|p1a: Hitmonlee|Hitmonlee, L85, M|112/223\n|move|p2a: Arboliva|Protect||[still]\n|-fail|p2a: Arboliva\n|\n|upkeep\n|turn|34\n|\n|t:|1781450268\n|move|p2a: Arboliva|Protect|p2a: Arboliva\n|-singleturn|p2a: Arboliva|Protect\n|move|p1a: Hitmonlee|High Jump Kick|p2a: Arboliva\n|-activate|p2a: Arboliva|move: Protect\n|-damage|p1a: Hitmonlee|1/223|[from] highjumpkick\n|\n|upkeep\n|turn|35\n|\n|t:|1781450272\n|move|p1a: Hitmonlee|High Jump Kick|p2a: Arboliva\n|-supereffective|p2a: Arboliva\n|-end|p2a: Arboliva|Substitute\n|move|p2a: Arboliva|Substitute|p2a: Arboliva\n|-start|p2a: Arboliva|Substitute\n|-damage|p2a: Arboliva|179/288\n|\n|upkeep\n|turn|36\n|\n|t:|1781450278\n|switch|p1a: Iron Valiant|Iron Valiant, L78|244/244\n|move|p2a: Arboliva|Leech Seed|p1a: Iron Valiant\n|-start|p1a: Iron Valiant|move: Leech Seed\n|\n|-damage|p1a: Iron Valiant|214/244|[from] Leech Seed|[of] p2a: Arboliva\n|-heal|p2a: Arboliva|209/288|[silent]\n|upkeep\n|turn|37\n|\n|t:|1781450282\n|-end|p1a: Iron Valiant|Quark Drive|[silent]\n|switch|p1a: Hitmonlee|Hitmonlee, L85, M|1/223\n|move|p2a: Arboliva|Hyper Voice|p1a: Hitmonlee\n|-damage|p1a: Hitmonlee|0 fnt\n|faint|p1a: Hitmonlee\n|\n|upkeep\n|\n|t:|1781450286\n|switch|p1a: Iron Valiant|Iron Valiant, L78|214/244\n|turn|38\n|\n|t:|1781450290\n|move|p1a: Iron Valiant|Close Combat|p2a: Arboliva\n|-supereffective|p2a: Arboliva\n|-end|p2a: Arboliva|Substitute\n|-unboost|p1a: Iron Valiant|def|1\n|-unboost|p1a: Iron Valiant|spd|1\n|-damage|p1a: Iron Valiant|190/244|[from] item: Life Orb\n|move|p2a: Arboliva|Hyper Voice|p1a: Iron Valiant\n|-damage|p1a: Iron Valiant|0 fnt\n|faint|p1a: Iron Valiant\n|-end|p1a: Iron Valiant|Quark Drive|[silent]\n|\n|upkeep\n|\n|t:|1781450296\n|switch|p1a: Kyogre|Kyogre, L71|35/259\n|-weather|RainDance|[from] ability: Drizzle|[of] p1a: Kyogre\n|turn|39\n|\n|t:|1781450299\n|move|p1a: Kyogre|Ice Beam|p2a: Arboliva\n|-supereffective|p2a: Arboliva\n|-damage|p2a: Arboliva|99/288\n|-enditem|p2a: Arboliva|Sitrus Berry|[eat]\n|-heal|p2a: Arboliva|171/288|[from] item: Sitrus Berry\n|move|p2a: Arboliva|Hyper Voice|p1a: Kyogre\n|-damage|p1a: Kyogre|0 fnt\n|faint|p1a: Kyogre\n|\n|-weather|RainDance|[upkeep]\n|-item|p2a: Arboliva|Sitrus Berry|[from] ability: Harvest\n|upkeep\n|\n|t:|1781450301\n|switch|p1a: Rotom|Rotom-Wash, L82, tera:Electric|142/216\n|turn|40\n|\n|t:|1781450304\n|move|p1a: Rotom|Hydro Pump|p2a: Arboliva\n|-resisted|p2a: Arboliva\n|-damage|p2a: Arboliva|100/288\n|-enditem|p2a: Arboliva|Sitrus Berry|[eat]\n|-heal|p2a: Arboliva|172/288|[from] item: Sitrus Berry\n|move|p2a: Arboliva|Leech Seed|p1a: Rotom\n|-start|p1a: Rotom|move: Leech Seed\n|\n|-weather|RainDance|[upkeep]\n|-heal|p1a: Rotom|155/216|[from] item: Leftovers\n|-damage|p1a: Rotom|128/216|[from] Leech Seed|[of] p2a: Arboliva\n|-heal|p2a: Arboliva|199/288|[silent]\n|-item|p2a: Arboliva|Sitrus Berry|[from] ability: Harvest\n|upkeep\n|turn|41\n|\n|t:|1781450315\n|move|p1a: Rotom|Hydro Pump|p2a: Arboliva\n|-resisted|p2a: Arboliva\n|-damage|p2a: Arboliva|132/288\n|-enditem|p2a: Arboliva|Sitrus Berry|[eat]\n|-heal|p2a: Arboliva|204/288|[from] item: Sitrus Berry\n|move|p2a: Arboliva|Substitute|p2a: Arboliva\n|-start|p2a: Arboliva|Substitute\n|-damage|p2a: Arboliva|132/288\n|\n|-weather|RainDance|[upkeep]\n|-heal|p1a: Rotom|141/216|[from] item: Leftovers\n|-damage|p1a: Rotom|114/216|[from] Leech Seed|[of] p2a: Arboliva\n|-heal|p2a: Arboliva|159/288|[silent]\n|upkeep\n|turn|42\n|c|\u2606Geeta's Wig|GG\n|-message|GeYaLe forfeited.\n|\n|win|Geeta's Wig\n|raw|GeYaLe's rating: 1850 &rarr; <strong>1833</strong><br />(-17 for losing)\n|raw|Geeta&apos;s Wig's rating: 1910 &rarr; <strong>1927</strong><br />(+17 for winning)\n", "inputlog": ">version a8376a258c1d4662feba110a92103f3664a72141\n>start {\"formatid\":\"gen9randombattle\",\"seed\":\"sodium,ed99933280da1663df89a23358ae6a2a\",\"rated\":\"Rated battle\"}\n>player p1 {\"name\":\"GeYaLe\",\"avatar\":\"cynthia\",\"rating\":1850,\"seed\":\"sodium,901d1404f57dccfce69f4d8b9025c4bc\"}\n>player p2 {\"name\":\"Geeta's Wig\",\"avatar\":\"geeta\",\"rating\":1910,\"seed\":\"sodium,fd1796f4184ed58294b6119d0a622bc2\"}\n>p1 move highjumpkick\n>p2 switch 6\n>p1 switch 3\n>p2 move flareblitz\n>p1 move discharge\n>p2 switch 5\n>p1 move discharge\n>p2 move leechseed\n>p1 switch 4\n>p2 move hypervoice\n>p1 move closecombat\n>p2 move hypervoice\n>p1 switch 3\n>p1 move highjumpkick\n>p2 move protect\n>p1 move highjumpkick\n>p2 switch 5\n>p2 switch 5\n>p1 switch 2\n>p2 move leechseed\n>p1 move swordsdance\n>p2 switch 2\n>p1 move knockoff\n>p2 move sludgebomb\n>p1 move knockoff\n>p2 move sludgebomb\n>p2 switch 3\n>p1 move knockoff\n>p2 move tripleaxel\n>p1 switch 4\n>p1 move willowisp terastallize\n>p2 move bulletseed\n>p1 move painsplit\n>p2 move tidyup\n>p1 move hydropump\n>p2 move tailslap\n>p2 switch 2\n>p1 move painsplit\n>p2 move substitute\n>p1 switch 5\n>p2 move leechseed\n>p1 move calmmind\n>p2 move protect\n>p1 move icebeam\n>p2 move substitute\n>p1 move icebeam\n>p2 move protect\n>p1 move calmmind\n>p2 move substitute\n>p1 move icebeam\n>p2 move protect\n>p1 move icebeam\n>p2 move substitute\n>p1 move icebeam\n>p2 move protect\n>p1 move icebeam\n>p2 move substitute\n>p1 move icebeam\n>p2 move protect\n>p1 move icebeam\n>p2 move substitute\n>p1 move calmmind\n>p2 move protect\n>p1 move icebeam\n>p2 move substitute\n>p1 switch 5\n>p2 move protect\n>p1 move hydropump\n>p2 move leechseed\n>p1 switch 2\n>p2 move protect\n>p1 move highjumpkick\n>p2 move protect\n>p1 move highjumpkick\n>p2 move substitute\n>p1 switch 6\n>p2 move leechseed\n>p1 switch 6\n>p2 move hypervoice\n>p1 switch 6\n>p1 move closecombat\n>p2 move hypervoice\n>p1 switch 5\n>p1 move icebeam\n>p2 move hypervoice\n>p1 switch 2\n>p1 move hydropump\n>p2 move leechseed\n>p1 move hydropump\n>p2 move substitute\n>chat \u2606Geeta's Wig|GG\n>forcelose p1", "uploadtime": 1781450323, "views": 5, "formatid": "gen9randombattle", "rating": 1833, "private": 0, "password": null, "player_dets": [{"name": "GeYaLe", "avatar": "cynthia", "rating": 1850, "seed": "sodium,901d1404f57dccfce69f4d8b9025c4bc"}, {"name": "Geeta's Wig", "avatar": "geeta", "rating": 1910, "seed": "sodium,fd1796f4184ed58294b6119d0a622bc2"}], "teams_full": [{"Hitmonlee": {"name": "Hitmonlee", "species": "Hitmonlee", "speciesId": "hitmonlee", "gender": "M", "shiny": false, "level": 85, "moves": ["stoneedge", "highjumpkick", "knockoff", "machpunch"], "ability": "Reckless", "evs": {"hp": 81, "atk": 85, "def": 85, "spa": 85, "spd": 85, "spe": 85}, "ivs": {"hp": 31, "atk": 31, "def": 31, "spa": 31, "spd": 31, "spe": 31}, "item": "Choice Band", "teraType": "Fighting", "role": "Fast Attacker", "bvs": {"hp": 50, "atk": 120, "def": 53, "spa": 35, "spd": 110, "spe": 87}, "stats": {"hp": 223, "atk": 253, "def": 139, "spa": 108, "spd": 236, "spe": 197}}, "Zarude": {"name": "Zarude", "species": "Zarude-Dada", "speciesId": "zarude", "gender": "N", "shiny": false, "level": 77, "moves": ["synthesis", "knockoff", "powerwhip", "swordsdance"], "ability": "Leaf Guard", "evs": {"hp": 85, "atk": 85, "def": 85, "spa": 85, "spd": 85, "spe": 85}, "ivs": {"hp": 31, "atk": 31, "def": 31, "spa": 31, "spd": 31, "spe": 31}, "item": "Leftovers", "teraType": "Grass", "role": "Fast Bulky Setup", "bvs": {"hp": 105, "atk": 120, "def": 105, "spa": 70, "spd": 95, "spe": 105}, "stats": {"hp": 288, "atk": 229, "def": 206, "spa": 152, "spd": 191, "spe": 206}}, "Rotom": {"name": "Rotom", "species": "Rotom-Wash", "speciesId": "rotomwash", "gender": "N", "shiny": false, "level": 82, "moves": ["painsplit", "discharge", "hydropump", "willowisp"], "ability": "Levitate", "evs": {"hp": 85, "atk": 0, "def": 85, "spa": 85, "spd": 85, "spe": 85}, "ivs": {"hp": 31, "atk": 0, "def": 31, "spa": 31, "spd": 31, "spe": 31}, "item": "Leftovers", "teraType": "Electric", "role": "Bulky Support", "bvs": {"hp": 50, "atk": 65, "def": 107, "spa": 105, "spd": 107, "spe": 86}, "stats": {"hp": 216, "atk": 111, "def": 223, "spa": 219, "spd": 223, "spe": 188}}, "Braviary": {"name": "Braviary", "species": "Braviary", "speciesId": "braviary", "gender": "M", "shiny": false, "level": 85, "moves": ["bulkup", "bravebird", "closecombat", "roost"], "ability": "Defiant", "evs": {"hp": 85, "atk": 85, "def": 85, "spa": 85, "spd": 85, "spe": 85}, "ivs": {"hp": 31, "atk": 31, "def": 31, "spa": 31, "spd": 31, "spe": 31}, "item": "Heavy-Duty Boots", "teraType": "Fighting", "role": "Fast Bulky Setup", "bvs": {"hp": 100, "atk": 123, "def": 75, "spa": 57, "spd": 75, "spe": 80}, "stats": {"hp": 309, "atk": 258, "def": 176, "spa": 146, "spd": 176, "spe": 185}}, "Kyogre": {"name": "Kyogre", "species": "Kyogre", "speciesId": "kyogre", "gender": "N", "shiny": false, "level": 71, "moves": ["thunder", "icebeam", "calmmind", "originpulse"], "ability": "Drizzle", "evs": {"hp": 85, "atk": 0, "def": 85, "spa": 85, "spd": 85, "spe": 85}, "ivs": {"hp": 31, "atk": 0, "def": 31, "spa": 31, "spd": 31, "spe": 31}, "item": "Leftovers", "teraType": "Dragon", "role": "Bulky Setup", "bvs": {"hp": 100, "atk": 100, "def": 90, "spa": 150, "spd": 140, "spe": 90}, "stats": {"hp": 259, "atk": 147, "def": 169, "spa": 254, "spd": 240, "spe": 169}}, "Iron Valiant": {"name": "Iron Valiant", "species": "Iron Valiant", "speciesId": "ironvaliant", "gender": "N", "shiny": false, "level": 78, "moves": ["moonblast", "calmmind", "closecombat", "psychic"], "ability": "Quark Drive", "evs": {"hp": 85, "atk": 85, "def": 85, "spa": 85, "spd": 85, "spe": 85}, "ivs": {"hp": 31, "atk": 31, "def": 31, "spa": 31, "spd": 31, "spe": 31}, "item": "Life Orb", "teraType": "Fighting", "role": "Fast Attacker", "bvs": {"hp": 74, "atk": 130, "def": 90, "spa": 120, "spd": 60, "spe": 116}, "stats": {"hp": 244, "atk": 248, "def": 185, "spa": 232, "spd": 139, "spe": 226}}}, {"Empoleon": {"name": "Empoleon", "species": "Empoleon", "speciesId": "empoleon", "gender": "M", "shiny": false, "level": 84, "moves": ["roost", "surf", "knockoff", "yawn"], "ability": "Competitive", "evs": {"hp": 85, "atk": 85, "def": 85, "spa": 85, "spd": 85, "spe": 85}, "ivs": {"hp": 31, "atk": 31, "def": 31, "spa": 31, "spd": 31, "spe": 31}, "item": "Leftovers", "teraType": "Grass", "role": "Bulky Support", "bvs": {"hp": 84, "atk": 86, "def": 88, "spa": 111, "spd": 101, "spe": 60}, "stats": {"hp": 278, "atk": 193, "def": 196, "spa": 235, "spd": 218, "spe": 149}}, "Goodra": {"name": "Goodra", "species": "Goodra", "speciesId": "goodra", "gender": "F", "shiny": false, "level": 85, "moves": ["fireblast", "knockoff", "dracometeor", "sludgebomb"], "ability": "Sap Sipper", "evs": {"hp": 85, "atk": 85, "def": 85, "spa": 85, "spd": 85, "spe": 85}, "ivs": {"hp": 31, "atk": 31, "def": 31, "spa": 31, "spd": 31, "spe": 31}, "item": "Assault Vest", "teraType": "Fire", "role": "AV Pivot", "bvs": {"hp": 90, "atk": 100, "def": 70, "spa": 110, "spd": 150, "spe": 80}, "stats": {"hp": 292, "atk": 219, "def": 168, "spa": 236, "spd": 304, "spe": 185}}, "Cinccino": {"name": "Cinccino", "species": "Cinccino", "speciesId": "cinccino", "gender": "M", "shiny": false, "level": 83, "moves": ["tailslap", "tidyup", "bulletseed", "tripleaxel"], "ability": "Technician", "evs": {"hp": 85, "atk": 85, "def": 85, "spa": 85, "spd": 85, "spe": 85}, "ivs": {"hp": 31, "atk": 31, "def": 31, "spa": 31, "spd": 31, "spe": 31}, "item": "Loaded Dice", "teraType": "Grass", "role": "Fast Attacker", "bvs": {"hp": 75, "atk": 95, "def": 60, "spa": 65, "spd": 60, "spe": 115}, "stats": {"hp": 260, "atk": 205, "def": 147, "spa": 156, "spd": 147, "spe": 239}}, "Latias": {"name": "Latias", "species": "Latias", "speciesId": "latias", "gender": "F", "shiny": false, "level": 79, "moves": ["recover", "psyshock", "dracometeor", "calmmind"], "ability": "Levitate", "evs": {"hp": 85, "atk": 0, "def": 85, "spa": 85, "spd": 85, "spe": 85}, "ivs": {"hp": 31, "atk": 0, "def": 31, "spa": 31, "spd": 31, "spe": 31}, "item": "Soul Dew", "teraType": "Steel", "role": "Fast Bulky Setup", "bvs": {"hp": 80, "atk": 80, "def": 90, "spa": 110, "spd": 130, "spe": 110}, "stats": {"hp": 256, "atk": 131, "def": 188, "spa": 219, "spd": 251, "spe": 219}}, "Arboliva": {"name": "Arboliva", "species": "Arboliva", "speciesId": "arboliva", "gender": "M", "shiny": false, "level": 91, "moves": ["leechseed", "substitute", "hypervoice", "protect"], "ability": "Harvest", "evs": {"hp": 77, "atk": 0, "def": 85, "spa": 85, "spd": 85, "spe": 85}, "ivs": {"hp": 31, "atk": 0, "def": 31, "spa": 31, "spd": 31, "spe": 31}, "item": "Sitrus Berry", "teraType": "Poison", "role": "Bulky Support", "bvs": {"hp": 78, "atk": 69, "def": 90, "spa": 125, "spd": 109, "spe": 39}, "stats": {"hp": 288, "atk": 130, "def": 216, "spa": 279, "spd": 250, "spe": 123}}, "Arcanine": {"name": "Arcanine", "species": "Arcanine", "speciesId": "arcanine", "gender": "F", "shiny": false, "level": 84, "moves": ["roar", "morningsun", "flareblitz", "closecombat"], "ability": "Intimidate", "evs": {"hp": 85, "atk": 85, "def": 85, "spa": 85, "spd": 85, "spe": 85}, "ivs": {"hp": 31, "atk": 31, "def": 31, "spa": 31, "spd": 31, "spe": 31}, "item": "Heavy-Duty Boots", "teraType": "Fighting", "role": "Bulky Attacker", "bvs": {"hp": 90, "atk": 110, "def": 80, "spa": 100, "spd": 80, "spe": 95}, "stats": {"hp": 288, "atk": 233, "def": 183, "spa": 216, "spd": 183, "spe": 208}}}]}