{"id": "gen9randombattle-2631795784", "format": "[Gen 9] Random Battle", "players": ["jsjsiis", "BigBadElbow"], "log": "|j|\u2606jsjsiis\n|j|\u2606BigBadElbow\n|t:|1781440884\n|gametype|singles\n|player|p1|jsjsiis|1|1941\n|player|p2|BigBadElbow|101|1887\n|gen|9\n|tier|[Gen 9] Random Battle\n|rated|\n|rule|Species Clause: Limit one of each Pok\u00e9mon\n|rule|HP Percentage Mod: HP is shown in percentages\n|rule|Sleep Clause Mod: Limit one foe put to sleep\n|rule|Illusion Level Mod: Illusion disguises the Pok\u00e9mon's true level\n|\n|t:|1781440884\n|teamsize|p1|6\n|teamsize|p2|6\n|start\n|switch|p1a: Honchkrow|Honchkrow, L86, F|312/312\n|switch|p2a: Ariados|Ariados, L95, M|287/287\n|turn|1\n|inactive|Battle timer is ON: inactive players will automatically lose when time's up. (requested by BigBadElbow)\n|\n|t:|1781440895\n|move|p1a: Honchkrow|Brave Bird|p2a: Ariados\n|-supereffective|p2a: Ariados\n|-enditem|p2a: Ariados|Focus Sash\n|-damage|p2a: Ariados|1/287\n|-damage|p1a: Honchkrow|218/312|[from] Recoil\n|move|p2a: Ariados|Sticky Web|p1a: Honchkrow\n|-sidestart|p1: jsjsiis|move: Sticky Web\n|\n|upkeep\n|turn|2\n|\n|t:|1781440901\n|switch|p2a: Lycanroc|Lycanroc, L86, F|269/269\n|move|p1a: Honchkrow|Lash Out|p2a: Lycanroc\n|-damage|p2a: Lycanroc|155/269\n|\n|upkeep\n|turn|3\n|\n|t:|1781440910\n|move|p2a: Lycanroc|Stone Edge|p1a: Honchkrow|[miss]\n|-miss|p2a: Lycanroc|p1a: Honchkrow\n|move|p1a: Honchkrow|Thunder Wave|p2a: Lycanroc\n|-status|p2a: Lycanroc|par\n|\n|upkeep\n|turn|4\n|\n|t:|1781440915\n|move|p1a: Honchkrow|Sucker Punch|p2a: Lycanroc\n|-damage|p2a: Lycanroc|35/269 par\n|move|p2a: Lycanroc|Stone Edge|p1a: Honchkrow\n|-supereffective|p1a: Honchkrow\n|-damage|p1a: Honchkrow|0 fnt\n|faint|p1a: Honchkrow\n|-damage|p2a: Lycanroc|9/269 par|[from] item: Life Orb\n|\n|upkeep\n|\n|t:|1781440921\n|switch|p1a: Mesprit|Mesprit, L85|275/275\n|turn|5\n|\n|t:|1781440925\n|move|p1a: Mesprit|Psychic Noise|p2a: Lycanroc\n|-damage|p2a: Lycanroc|0 fnt\n|faint|p2a: Lycanroc\n|\n|upkeep\n|\n|t:|1781440931\n|switch|p2a: Chi-Yu|Chi-Yu, L77|211/211\n|-ability|p2a: Chi-Yu|Beads of Ruin\n|turn|6\n|\n|t:|1781440938\n|move|p2a: Chi-Yu|Nasty Plot|p2a: Chi-Yu\n|-boost|p2a: Chi-Yu|spa|2\n|move|p1a: Mesprit|U-turn|p2a: Chi-Yu\n|-damage|p2a: Chi-Yu|148/211\n|\n|t:|1781440946\n|switch|p1a: Ninetales|Ninetales-Alola, L78, F|242/242|[from] U-turn\n|-activate|p1a: Ninetales|move: Sticky Web\n|-unboost|p1a: Ninetales|spe|1\n|-weather|Snowscape|[from] ability: Snow Warning|[of] p1a: Ninetales\n|\n|-weather|Snowscape|[upkeep]\n|upkeep\n|turn|7\n|\n|t:|1781440964\n|-terastallize|p1a: Ninetales|Water\n|move|p2a: Chi-Yu|Fire Blast|p1a: Ninetales\n|-resisted|p1a: Ninetales\n|-damage|p1a: Ninetales|87/242\n|move|p1a: Ninetales|Aurora Veil|p1a: Ninetales\n|-sidestart|p1: jsjsiis|move: Aurora Veil\n|\n|-weather|Snowscape|[upkeep]\n|upkeep\n|turn|8\n|\n|t:|1781440971\n|move|p2a: Chi-Yu|Dark Pulse|p1a: Ninetales\n|-damage|p1a: Ninetales|0 fnt\n|faint|p1a: Ninetales\n|\n|-weather|Snowscape|[upkeep]\n|upkeep\n|\n|t:|1781440974\n|switch|p1a: Mesprit|Mesprit, L85|275/275\n|turn|9\n|\n|t:|1781440975\n|move|p2a: Chi-Yu|Dark Pulse|p1a: Mesprit\n|-supereffective|p1a: Mesprit\n|-damage|p1a: Mesprit|131/275\n|move|p1a: Mesprit|Drain Punch|p2a: Chi-Yu\n|-supereffective|p2a: Chi-Yu\n|-damage|p2a: Chi-Yu|12/211\n|-heal|p1a: Mesprit|199/275|[from] drain|[of] p2a: Chi-Yu\n|\n|-weather|Snowscape|[upkeep]\n|upkeep\n|turn|10\n|\n|t:|1781440982\n|move|p2a: Chi-Yu|Dark Pulse|p1a: Mesprit\n|-supereffective|p1a: Mesprit\n|-crit|p1a: Mesprit\n|-damage|p1a: Mesprit|0 fnt\n|faint|p1a: Mesprit\n|\n|-weather|none\n|upkeep\n|\n|t:|1781440988\n|switch|p1a: Persian|Persian, L92, M|269/269\n|-activate|p1a: Persian|move: Sticky Web\n|-unboost|p1a: Persian|spe|1\n|turn|11\n|\n|t:|1781440994\n|move|p2a: Chi-Yu|Dark Pulse|p1a: Persian\n|-damage|p1a: Persian|131/269\n|move|p1a: Persian|U-turn|p2a: Chi-Yu\n|-damage|p2a: Chi-Yu|0 fnt\n|faint|p2a: Chi-Yu\n|\n|t:|1781440999\n|switch|p1a: Articuno|Articuno-Galar, L84|288/288|[from] U-turn\n|\n|upkeep\n|\n|t:|1781441007\n|switch|p2a: Flutter Mane|Flutter Mane, L74|203/203\n|turn|12\n|\n|t:|1781441014\n|switch|p1a: Persian|Persian, L92, M|131/269\n|-activate|p1a: Persian|move: Sticky Web\n|-unboost|p1a: Persian|spe|1\n|move|p2a: Flutter Mane|Shadow Ball|p1a: Persian\n|-immune|p1a: Persian\n|\n|upkeep\n|turn|13\n|\n|t:|1781441018\n|move|p2a: Flutter Mane|Moonblast|p1a: Persian\n|-damage|p1a: Persian|52/269\n|-damage|p2a: Flutter Mane|183/203|[from] item: Life Orb\n|move|p1a: Persian|Knock Off|p2a: Flutter Mane\n|-damage|p2a: Flutter Mane|20/203\n|-enditem|p2a: Flutter Mane|Life Orb|[from] move: Knock Off|[of] p1a: Persian\n|\n|upkeep\n|turn|14\n|\n|t:|1781441023\n|move|p2a: Flutter Mane|Moonblast|p1a: Persian\n|-damage|p1a: Persian|0 fnt\n|faint|p1a: Persian\n|\n|-sideend|p1: jsjsiis|move: Aurora Veil\n|upkeep\n|\n|t:|1781441026\n|switch|p1a: Articuno|Articuno-Galar, L84|288/288\n|turn|15\n|\n|t:|1781441029\n|move|p2a: Flutter Mane|Shadow Ball|p1a: Articuno\n|-supereffective|p1a: Articuno\n|-damage|p1a: Articuno|142/288\n|move|p1a: Articuno|Freezing Glare|p2a: Flutter Mane\n|-damage|p2a: Flutter Mane|0 fnt\n|faint|p2a: Flutter Mane\n|-end|p2a: Flutter Mane|Protosynthesis|[silent]\n|\n|upkeep\n|\n|t:|1781441037\n|switch|p2a: Vivillon|Vivillon-Marine, L83, M|268/268\n|turn|16\n|\n|t:|1781441043\n|-terastallize|p2a: Vivillon|Ground\n|move|p1a: Articuno|Hurricane|p2a: Vivillon\n|-crit|p2a: Vivillon\n|-damage|p2a: Vivillon|0 fnt\n|faint|p2a: Vivillon\n|\n|upkeep\n|\n|t:|1781441052\n|switch|p2a: Toxicroak|Toxicroak, L84, M|277/277\n|turn|17\n|\n|t:|1781441057\n|move|p1a: Articuno|Freezing Glare|p2a: Toxicroak\n|-supereffective|p2a: Toxicroak\n|-damage|p2a: Toxicroak|0 fnt\n|faint|p2a: Toxicroak\n|\n|upkeep\n|-message|BigBadElbow forfeited.\n|\n|win|jsjsiis\n|raw|jsjsiis's rating: 1941 &rarr; <strong>1958</strong><br />(+17 for winning)\n|raw|BigBadElbow's rating: 1887 &rarr; <strong>1870</strong><br />(-17 for losing)\n", "inputlog": ">version a8376a258c1d4662feba110a92103f3664a72141\n>start {\"formatid\":\"gen9randombattle\",\"seed\":\"sodium,ca50976f3b8c45e58c358f527fbeaf36\",\"rated\":\"Rated battle\"}\n>player p1 {\"name\":\"jsjsiis\",\"avatar\":\"1\",\"rating\":1941,\"seed\":\"sodium,ae884959422ede8268ec3d9dfbdb4d86\"}\n>player p2 {\"name\":\"BigBadElbow\",\"avatar\":\"101\",\"rating\":1887,\"seed\":\"sodium,235a245ea7bc217f6c0d07c1800f3e32\"}\n>p1 move bravebird\n>p2 move stickyweb\n>p1 move lashout\n>p2 switch 5\n>p1 move thunderwave\n>p2 move stoneedge\n>p1 move suckerpunch\n>p2 move stoneedge\n>p1 switch 6\n>p1 move psychicnoise\n>p2 move crunch\n>p2 switch 6\n>p1 move uturn\n>p2 move nastyplot\n>p1 switch 4\n>p1 move auroraveil terastallize\n>p2 move fireblast\n>p1 move moonblast\n>p2 move darkpulse\n>p1 switch 4\n>p1 move drainpunch\n>p2 move darkpulse\n>p1 move drainpunch\n>p2 move darkpulse\n>p1 switch 2\n>p1 move uturn\n>p2 move darkpulse\n>p1 switch 3\n>p2 switch 2\n>p1 switch 3\n>p2 move shadowball\n>p1 move knockoff\n>p2 move moonblast\n>p1 move knockoff\n>p2 move moonblast\n>p1 switch 3\n>p1 move freezingglare\n>p2 move shadowball\n>p2 switch 4\n>p1 move hurricane\n>p2 move quiverdance terastallize\n>p2 switch 3\n>p1 move freezingglare\n>p2 move knockoff\n>forcelose p2", "uploadtime": 1781441061, "views": 4, "formatid": "gen9randombattle", "rating": 1870, "private": 0, "password": null}