{"id": "gen9randombattle-2631912017", "format": "[Gen 9] Random Battle", "players": ["crustlemuscle", "DEVILICEMIN"], "log": "|j|\u2606crustlemuscle\n|j|\u2606DEVILICEMIN\n|t:|1781454840\n|gametype|singles\n|player|p1|crustlemuscle|169|1971\n|player|p2|DEVILICEMIN|265|2032\n|gen|9\n|tier|[Gen 9] Random Battle\n|rated|\n|rule|Species Clause: Limit one of each Pok\u00e9mon\n|rule|HP Percentage Mod: HP is shown in percentages\n|rule|Sleep Clause Mod: Limit one foe put to sleep\n|rule|Illusion Level Mod: Illusion disguises the Pok\u00e9mon's true level\n|\n|t:|1781454840\n|teamsize|p1|6\n|teamsize|p2|6\n|start\n|switch|p1a: Ceruledge|Ceruledge, L78, M|245/245\n|switch|p2a: Skuntank|Skuntank, L84, M|310/310\n|turn|1\n|\n|t:|1781454868\n|-terastallize|p1a: Ceruledge|Fighting\n|move|p2a: Skuntank|Toxic Spikes|p1a: Ceruledge\n|-sidestart|p1: crustlemuscle|move: Toxic Spikes\n|move|p1a: Ceruledge|Swords Dance|p1a: Ceruledge\n|-boost|p1a: Ceruledge|atk|2\n|\n|upkeep\n|turn|2\n|\n|t:|1781454882\n|move|p2a: Skuntank|Gunk Shot|p1a: Ceruledge\n|-damage|p1a: Ceruledge|92/245\n|-status|p1a: Ceruledge|psn\n|-ability|p1a: Ceruledge|Weak Armor|boost\n|-unboost|p1a: Ceruledge|def|1\n|-boost|p1a: Ceruledge|spe|2\n|move|p1a: Ceruledge|Close Combat|p2a: Skuntank\n|-enditem|p2a: Skuntank|Focus Sash\n|-damage|p2a: Skuntank|1/310\n|-unboost|p1a: Ceruledge|def|1\n|-unboost|p1a: Ceruledge|spd|1\n|\n|-damage|p1a: Ceruledge|62/245 psn|[from] psn\n|upkeep\n|turn|3\n|\n|t:|1781454896\n|move|p1a: Ceruledge|Bitter Blade|p2a: Skuntank\n|-damage|p2a: Skuntank|0 fnt\n|-heal|p1a: Ceruledge|63/245 psn|[from] drain|[of] p2a: Skuntank\n|-damage|p1a: Ceruledge|2/245 psn|[from] ability: Aftermath|[of] p2a: Skuntank\n|faint|p2a: Skuntank\n|\n|-damage|p1a: Ceruledge|0 fnt|[from] psn\n|faint|p1a: Ceruledge\n|upkeep\n|\n|t:|1781454915\n|switch|p2a: Farigiraf|Farigiraf, L90, M|362/362\n|switch|p1a: Talonflame|Talonflame, L83, M|265/265\n|turn|4\n|\n|t:|1781454921\n|move|p1a: Talonflame|Swords Dance|p1a: Talonflame\n|-boost|p1a: Talonflame|atk|2\n|move|p2a: Farigiraf|Psychic Noise|p1a: Talonflame\n|-damage|p1a: Talonflame|144/265\n|-start|p1a: Talonflame|move: Heal Block\n|\n|upkeep\n|turn|5\n|\n|t:|1781454940\n|move|p1a: Talonflame|Swords Dance|p1a: Talonflame\n|-boost|p1a: Talonflame|atk|2\n|move|p2a: Farigiraf|Psychic Noise|p1a: Talonflame\n|-damage|p1a: Talonflame|27/265\n|\n|-end|p1a: Talonflame|move: Heal Block\n|upkeep\n|turn|6\n|\n|t:|1781454948\n|move|p1a: Talonflame|Flare Blitz|p2a: Farigiraf\n|-damage|p2a: Farigiraf|0 fnt\n|faint|p2a: Farigiraf\n|-damage|p1a: Talonflame|0 fnt|[from] Recoil\n|faint|p1a: Talonflame\n|\n|upkeep\n|\n|t:|1781454955\n|switch|p1a: Dusknoir|Dusknoir, L89, F|225/225\n|switch|p2a: Terrakion|Terrakion, L79|273/273\n|-status|p1a: Dusknoir|psn\n|-item|p2a: Terrakion|Choice Band|[from] ability: Frisk|[of] p1a: Dusknoir\n|turn|7\n|\n|t:|1781454965\n|switch|p2a: Gumshoos|Gumshoos, L95, F|321/321\n|move|p1a: Dusknoir|Will-O-Wisp|p2a: Gumshoos\n|-status|p2a: Gumshoos|brn\n|\n|-damage|p1a: Dusknoir|197/225 psn|[from] psn\n|-damage|p2a: Gumshoos|301/321 brn|[from] brn\n|upkeep\n|turn|8\n|\n|t:|1781454976\n|move|p2a: Gumshoos|Knock Off|p1a: Dusknoir\n|-supereffective|p1a: Dusknoir\n|-crit|p1a: Dusknoir\n|-damage|p1a: Dusknoir|50/225 psn\n|-enditem|p1a: Dusknoir|Leftovers|[from] move: Knock Off|[of] p2a: Gumshoos\n|move|p1a: Dusknoir|Earthquake|p2a: Gumshoos\n|-damage|p2a: Gumshoos|208/321 brn\n|\n|-damage|p1a: Dusknoir|22/225 psn|[from] psn\n|-damage|p2a: Gumshoos|188/321 brn|[from] brn\n|upkeep\n|turn|9\n|\n|t:|1781454985\n|move|p2a: Gumshoos|Knock Off|p1a: Dusknoir\n|-supereffective|p1a: Dusknoir\n|-damage|p1a: Dusknoir|0 fnt\n|faint|p1a: Dusknoir\n|\n|-damage|p2a: Gumshoos|168/321 brn|[from] brn\n|upkeep\n|\n|t:|1781455004\n|switch|p1a: Shiftry|Shiftry, L89, F|305/305\n|-status|p1a: Shiftry|psn\n|turn|10\n|\n|t:|1781455017\n|move|p1a: Shiftry|Knock Off|p2a: Gumshoos\n|-damage|p2a: Gumshoos|0 fnt\n|-enditem|p2a: Gumshoos|Choice Band|[from] move: Knock Off|[of] p1a: Shiftry\n|faint|p2a: Gumshoos\n|-damage|p1a: Shiftry|275/305 psn|[from] item: Life Orb\n|\n|-damage|p1a: Shiftry|237/305 psn|[from] psn\n|upkeep\n|\n|t:|1781455020\n|switch|p2a: Mienshao|Mienshao, L83, F|243/243\n|turn|11\n|\n|t:|1781455028\n|move|p2a: Mienshao|U-turn|p1a: Shiftry\n|-supereffective|p1a: Shiftry\n|-damage|p1a: Shiftry|0 fnt\n|faint|p1a: Shiftry\n|\n|t:|1781455031\n|switch|p2a: Terrakion|Terrakion, L79|273/273|[from] U-turn\n|\n|upkeep\n|\n|t:|1781455048\n|switch|p1a: Espeon|Espeon, L84, M|246/246\n|-status|p1a: Espeon|psn\n|turn|12\n|\n|t:|1781455053\n|switch|p2a: Dialga|Dialga, L73|266/266\n|-ability|p2a: Dialga|Pressure\n|move|p1a: Espeon|Psyshock|p2a: Dialga\n|-resisted|p2a: Dialga\n|-damage|p2a: Dialga|208/266\n|-damage|p1a: Espeon|222/246 psn|[from] item: Life Orb\n|\n|-heal|p2a: Dialga|224/266|[from] item: Leftovers\n|-damage|p1a: Espeon|192/246 psn|[from] psn\n|upkeep\n|turn|13\n|\n|t:|1781455064\n|switch|p1a: Blissey|Blissey, L85, F|572/572\n|-status|p1a: Blissey|psn\n|move|p2a: Dialga|Heavy Slam|p1a: Blissey\n|-damage|p1a: Blissey|244/572 psn\n|\n|-heal|p2a: Dialga|240/266|[from] item: Leftovers\n|-heal|p1a: Blissey|279/572 psn|[from] item: Leftovers\n|-damage|p1a: Blissey|208/572 psn|[from] psn\n|upkeep\n|turn|14\n|\n|t:|1781455075\n|move|p2a: Dialga|Heavy Slam|p1a: Blissey\n|-damage|p1a: Blissey|0 fnt\n|faint|p1a: Blissey\n|\n|-heal|p2a: Dialga|256/266|[from] item: Leftovers\n|upkeep\n|-message|crustlemuscle forfeited.\n|\n|win|DEVILICEMIN\n", "inputlog": ">version a8376a258c1d4662feba110a92103f3664a72141\n>start {\"formatid\":\"gen9randombattle\",\"seed\":\"sodium,1c283b36e176e35e4969aa0423db35ba\",\"rated\":\"Rated battle\"}\n>player p1 {\"name\":\"crustlemuscle\",\"avatar\":\"169\",\"rating\":1971,\"seed\":\"sodium,74aec8207403a7252057392b7badbb51\"}\n>player p2 {\"name\":\"DEVILICEMIN\",\"avatar\":\"265\",\"rating\":2032,\"seed\":\"sodium,934ba1660c76aa116d6f598db1a5289e\"}\n>p1 move swordsdance terastallize\n>p2 move toxicspikes\n>p1 move closecombat\n>p2 move gunkshot\n>p1 move bitterblade\n>p2 move toxicspikes\n>p1 switch 4\n>p2 switch 3\n>p1 move swordsdance\n>p2 move psychicnoise\n>p1 move swordsdance\n>p2 move psychicnoise\n>p1 move flareblitz\n>p2 move psychicnoise\n>p1 switch 2\n>p2 switch 6\n>p1 move willowisp\n>p2 switch 5\n>p1 move earthquake\n>p2 move knockoff\n>p1 move painsplit\n>p2 move knockoff\n>p1 switch 3\n>p1 move knockoff\n>p2 move knockoff\n>p2 switch 2\n>p1 move tailwind\n>p2 move uturn\n>p2 switch 5\n>p1 switch 5\n>p1 move psyshock\n>p2 switch 4\n>p1 switch 6\n>p2 move heavyslam\n>p1 move thunderwave\n>p2 move heavyslam\n>forcelose p1", "uploadtime": 1781454842, "views": 5, "formatid": "gen9randombattle", "rating": null, "private": 0, "password": null}