{"id": "gen9randombattle-2631922885", "format": "[Gen 9] Random Battle", "players": ["Profschnitzel", "personanongrattata"], "log": "|j|\u2606Profschnitzel\n|j|\u2606personanongrattata\n|t:|1781456015\n|gametype|singles\n|player|p1|Profschnitzel|steven|2092\n|player|p2|personanongrattata|youngster-gen4dp|2130\n|gen|9\n|tier|[Gen 9] Random Battle\n|rated|\n|rule|Species Clause: Limit one of each Pok\u00e9mon\n|rule|HP Percentage Mod: HP is shown in percentages\n|rule|Sleep Clause Mod: Limit one foe put to sleep\n|rule|Illusion Level Mod: Illusion disguises the Pok\u00e9mon's true level\n|\n|t:|1781456015\n|teamsize|p1|6\n|teamsize|p2|6\n|start\n|switch|p1a: Persian|Persian-Alola, L86, F|252/252\n|switch|p2a: Cobalion|Cobalion, L80|277/277\n|turn|1\n|inactive|Battle timer is ON: inactive players will automatically lose when time's up. (requested by personanongrattata)\n|inactive|Profschnitzel also wants the timer to be on.\n|\n|t:|1781456042\n|switch|p1a: Dedenne|Dedenne, L88, M|261/261\n|move|p2a: Cobalion|Calm Mind|p2a: Cobalion\n|-boost|p2a: Cobalion|spa|1\n|-boost|p2a: Cobalion|spd|1\n|\n|upkeep\n|turn|2\n|\n|t:|1781456047\n|switch|p2a: Gastrodon|Gastrodon, L86, M|331/331\n|move|p1a: Dedenne|Nuzzle|p2a: Gastrodon\n|-immune|p2a: Gastrodon\n|\n|upkeep\n|turn|3\n|\n|t:|1781456062\n|switch|p1a: Persian|Persian-Alola, L86, F|252/252\n|move|p2a: Gastrodon|Stealth Rock|p1a: Persian\n|-sidestart|p1: Profschnitzel|move: Stealth Rock\n|\n|upkeep\n|turn|4\n|\n|t:|1781456075\n|switch|p2a: Cobalion|Cobalion, L80|277/277\n|move|p1a: Persian|Nasty Plot|p1a: Persian\n|-boost|p1a: Persian|spa|2\n|\n|upkeep\n|turn|5\n|\n|t:|1781456082\n|move|p1a: Persian|Hypnosis|p2a: Cobalion\n|-status|p2a: Cobalion|slp|[from] move: Hypnosis\n|cant|p2a: Cobalion|slp\n|\n|upkeep\n|turn|6\n|inactive|personanongrattata has 120 seconds left.\n|\n|t:|1781456133\n|switch|p2a: Virizion|Virizion, L82|283/283\n|move|p1a: Persian|Nasty Plot|p1a: Persian\n|-boost|p1a: Persian|spa|2\n|\n|upkeep\n|turn|7\n|\n|t:|1781456141\n|-terastallize|p1a: Persian|Electric\n|move|p1a: Persian|Thunderbolt|p2a: Virizion\n|-resisted|p2a: Virizion\n|-damage|p2a: Virizion|196/283\n|move|p2a: Virizion|Swords Dance|p2a: Virizion\n|-boost|p2a: Virizion|atk|2\n|\n|upkeep\n|turn|8\n|\n|t:|1781456156\n|move|p1a: Persian|Thunderbolt|p2a: Virizion\n|-resisted|p2a: Virizion\n|-damage|p2a: Virizion|109/283\n|-status|p2a: Virizion|par\n|move|p2a: Virizion|Swords Dance|p2a: Virizion\n|-boost|p2a: Virizion|atk|2\n|\n|upkeep\n|turn|9\n|\n|t:|1781456162\n|move|p1a: Persian|Dark Pulse|p2a: Virizion\n|-resisted|p2a: Virizion\n|-damage|p2a: Virizion|31/283 par\n|-ability|p2a: Virizion|Justified|boost\n|-boost|p2a: Virizion|atk|1\n|move|p2a: Virizion|Close Combat|p1a: Persian\n|-damage|p1a: Persian|0 fnt\n|-unboost|p2a: Virizion|def|1\n|-unboost|p2a: Virizion|spd|1\n|faint|p1a: Persian\n|-damage|p2a: Virizion|3/283 par|[from] item: Life Orb\n|\n|upkeep\n|\n|t:|1781456177\n|switch|p1a: Dedenne|Dedenne, L88, M|261/261\n|-damage|p1a: Dedenne|229/261|[from] Stealth Rock\n|turn|10\n|\n|t:|1781456179\n|switch|p2a: Gastrodon|Gastrodon, L86, M|331/331\n|move|p1a: Dedenne|U-turn|p2a: Gastrodon\n|-damage|p2a: Gastrodon|288/331\n|\n|t:|1781456181\n|switch|p1a: Corviknight|Corviknight, L80, M|288/288|[from] U-turn\n|-damage|p1a: Corviknight|252/288|[from] Stealth Rock\n|-ability|p1a: Corviknight|Pressure\n|\n|-heal|p1a: Corviknight|270/288|[from] item: Leftovers\n|-heal|p2a: Gastrodon|308/331|[from] item: Leftovers\n|upkeep\n|turn|11\n|\n|t:|1781456197\n|switch|p2a: Jumpluff|Jumpluff, L87, F|271/271\n|move|p1a: Corviknight|Defog|p2a: Jumpluff\n|-unboost|p2a: Jumpluff|evasion|1\n|-sideend|p1: Profschnitzel|Stealth Rock|[from] move: Defog|[of] p1a: Corviknight\n|\n|-heal|p1a: Corviknight|288/288|[from] item: Leftovers\n|upkeep\n|turn|12\n|\n|t:|1781456202\n|move|p2a: Jumpluff|Leech Seed|p1a: Corviknight\n|-start|p1a: Corviknight|move: Leech Seed\n|move|p1a: Corviknight|Brave Bird|p2a: Jumpluff\n|-supereffective|p2a: Jumpluff\n|-damage|p2a: Jumpluff|37/271\n|-damage|p1a: Corviknight|211/288|[from] Recoil\n|\n|-heal|p1a: Corviknight|229/288|[from] item: Leftovers\n|-damage|p1a: Corviknight|193/288|[from] Leech Seed|[of] p2a: Jumpluff\n|-heal|p2a: Jumpluff|73/271|[silent]\n|upkeep\n|turn|13\n|\n|t:|1781456208\n|switch|p1a: Dedenne|Dedenne, L88, M|229/261\n|move|p2a: Jumpluff|Strength Sap|p1a: Dedenne\n|-unboost|p1a: Dedenne|atk|1\n|-heal|p2a: Jumpluff|225/271\n|\n|upkeep\n|turn|14\n|\n|t:|1781456214\n|switch|p2a: Gastrodon|Gastrodon, L86, M|308/331\n|move|p1a: Dedenne|Dazzling Gleam|p2a: Gastrodon\n|-damage|p2a: Gastrodon|226/331\n|\n|-heal|p2a: Gastrodon|246/331|[from] item: Leftovers\n|upkeep\n|turn|15\n|inactive|personanongrattata has 120 seconds left.\n|\n|t:|1781456249\n|move|p1a: Dedenne|U-turn|p2a: Gastrodon\n|-damage|p2a: Gastrodon|217/331\n|\n|t:|1781456251\n|switch|p1a: Chimecho|Chimecho, L93, F|290/290|[from] U-turn\n|move|p2a: Gastrodon|Stealth Rock|p1a: Chimecho\n|-sidestart|p1: Profschnitzel|move: Stealth Rock\n|\n|-heal|p2a: Gastrodon|237/331|[from] item: Leftovers\n|upkeep\n|turn|16\n|inactive|personanongrattata has 120 seconds left.\n|\n|t:|1781456278\n|switch|p2a: Jumpluff|Jumpluff, L87, F|225/271\n|move|p1a: Chimecho|Encore||[still]\n|-fail|p1a: Chimecho\n|\n|upkeep\n|turn|17\n|\n|t:|1781456282\n|move|p2a: Jumpluff|Leech Seed|p1a: Chimecho\n|-start|p1a: Chimecho|move: Leech Seed\n|move|p1a: Chimecho|Psychic Noise|p2a: Jumpluff\n|-damage|p2a: Jumpluff|135/271\n|-start|p2a: Jumpluff|move: Heal Block\n|\n|-damage|p1a: Chimecho|254/290|[from] Leech Seed|[of] p2a: Jumpluff\n|upkeep\n|turn|18\n|\n|t:|1781456285\n|switch|p2a: Gastrodon|Gastrodon, L86, M|237/331\n|switch|p1a: Corviknight|Corviknight, L80, M|193/288\n|-damage|p1a: Corviknight|157/288|[from] Stealth Rock\n|-ability|p1a: Corviknight|Pressure\n|\n|-heal|p1a: Corviknight|175/288|[from] item: Leftovers\n|-heal|p2a: Gastrodon|257/331|[from] item: Leftovers\n|upkeep\n|turn|19\n|\n|t:|1781456292\n|switch|p2a: Jumpluff|Jumpluff, L87, F|135/271\n|move|p1a: Corviknight|Defog|p2a: Jumpluff\n|-unboost|p2a: Jumpluff|evasion|1\n|-sideend|p1: Profschnitzel|Stealth Rock|[from] move: Defog|[of] p1a: Corviknight\n|\n|-heal|p1a: Corviknight|193/288|[from] item: Leftovers\n|upkeep\n|turn|20\n|\n|t:|1781456298\n|move|p2a: Jumpluff|Strength Sap|p1a: Corviknight\n|-unboost|p1a: Corviknight|atk|1\n|-heal|p2a: Jumpluff|271/271\n|move|p1a: Corviknight|Brave Bird|p2a: Jumpluff\n|-supereffective|p2a: Jumpluff\n|-damage|p2a: Jumpluff|97/271\n|-damage|p1a: Corviknight|136/288|[from] Recoil\n|\n|-heal|p1a: Corviknight|154/288|[from] item: Leftovers\n|upkeep\n|turn|21\n|\n|t:|1781456303\n|move|p2a: Jumpluff|Substitute|p2a: Jumpluff\n|-start|p2a: Jumpluff|Substitute\n|-damage|p2a: Jumpluff|30/271\n|move|p1a: Corviknight|Roost|p1a: Corviknight\n|-heal|p1a: Corviknight|288/288\n|-singleturn|p1a: Corviknight|move: Roost\n|\n|upkeep\n|turn|22\n|\n|t:|1781456309\n|switch|p1a: Dedenne|Dedenne, L88, M|229/261\n|move|p2a: Jumpluff|Leech Seed|p1a: Dedenne\n|-start|p1a: Dedenne|move: Leech Seed\n|\n|-damage|p1a: Dedenne|197/261|[from] Leech Seed|[of] p2a: Jumpluff\n|-heal|p2a: Jumpluff|62/271|[silent]\n|upkeep\n|turn|23\n|\n|t:|1781456331\n|move|p2a: Jumpluff|Strength Sap|p1a: Dedenne\n|-unboost|p1a: Dedenne|atk|1\n|-heal|p2a: Jumpluff|214/271\n|move|p1a: Dedenne|U-turn|p2a: Jumpluff\n|-activate|p2a: Jumpluff|move: Substitute|[damage]\n|\n|t:|1781456338\n|switch|p1a: Chimecho|Chimecho, L93, F|254/290|[from] U-turn\n|\n|-heal|p1a: Chimecho|272/290|[from] item: Leftovers\n|upkeep\n|turn|24\n|inactive|personanongrattata has 120 seconds left.\n|\n|t:|1781456383\n|switch|p2a: Virizion|Virizion, L82|3/283 par\n|move|p1a: Chimecho|Encore||[still]\n|-fail|p1a: Chimecho\n|\n|-heal|p1a: Chimecho|290/290|[from] item: Leftovers\n|upkeep\n|turn|25\n|\n|t:|1781456387\n|move|p1a: Chimecho|Psychic Noise|p2a: Virizion\n|-supereffective|p2a: Virizion\n|-damage|p2a: Virizion|0 fnt\n|faint|p2a: Virizion\n|\n|upkeep\n|\n|t:|1781456394\n|switch|p2a: Gastrodon|Gastrodon, L86, M|257/331\n|turn|26\n|\n|t:|1781456402\n|move|p1a: Chimecho|Knock Off|p2a: Gastrodon\n|-damage|p2a: Gastrodon|200/331\n|-enditem|p2a: Gastrodon|Leftovers|[from] move: Knock Off|[of] p1a: Chimecho\n|move|p2a: Gastrodon|Sludge Bomb|p1a: Chimecho\n|-damage|p1a: Chimecho|229/290\n|\n|-heal|p1a: Chimecho|247/290|[from] item: Leftovers\n|upkeep\n|turn|27\n|inactive|personanongrattata has 120 seconds left.\n|\n|t:|1781456418\n|move|p1a: Chimecho|Psychic Noise|p2a: Gastrodon\n|-damage|p2a: Gastrodon|100/331\n|-start|p2a: Gastrodon|move: Heal Block\n|move|p2a: Gastrodon|Stealth Rock|p1a: Chimecho\n|-sidestart|p1: Profschnitzel|move: Stealth Rock\n|\n|-heal|p1a: Chimecho|265/290|[from] item: Leftovers\n|upkeep\n|turn|28\n|\n|t:|1781456429\n|switch|p2a: Wugtrio|Wugtrio, L91, M, shiny|212/212\n|move|p1a: Chimecho|Psychic Noise|p2a: Wugtrio\n|-damage|p2a: Wugtrio|104/212\n|-start|p2a: Wugtrio|move: Heal Block\n|\n|-heal|p1a: Chimecho|283/290|[from] item: Leftovers\n|upkeep\n|turn|29\n|inactive|personanongrattata has 120 seconds left.\n|\n|t:|1781456445\n|switch|p1a: Corviknight|Corviknight, L80, M|288/288\n|-damage|p1a: Corviknight|252/288|[from] Stealth Rock\n|-ability|p1a: Corviknight|Pressure\n|move|p2a: Wugtrio|Throat Chop|p1a: Corviknight\n|-damage|p1a: Corviknight|154/288\n|-start|p1a: Corviknight|Throat Chop|[silent]\n|\n|-heal|p1a: Corviknight|172/288|[from] item: Leftovers\n|-end|p2a: Wugtrio|move: Heal Block\n|upkeep\n|turn|30\n|c|\u2606Profschnitzel|nice\n|\n|t:|1781456453\n|switch|p2a: Spectrier|Spectrier, L75|274/274\n|move|p1a: Corviknight|Roost|p1a: Corviknight\n|-heal|p1a: Corviknight|288/288\n|-singleturn|p1a: Corviknight|move: Roost\n|\n|-end|p1a: Corviknight|Throat Chop|[silent]\n|upkeep\n|turn|31\n|inactive|personanongrattata has 120 seconds left.\n|\n|t:|1781456481\n|move|p2a: Spectrier|Nasty Plot|p2a: Spectrier\n|-boost|p2a: Spectrier|spa|2\n|move|p1a: Corviknight|Brave Bird|p2a: Spectrier\n|-damage|p2a: Spectrier|115/274\n|-damage|p1a: Corviknight|236/288|[from] Recoil\n|\n|-heal|p1a: Corviknight|254/288|[from] item: Leftovers\n|upkeep\n|turn|32\n|c|\u2606Profschnitzel|shiny wug\n|\n|t:|1781456488\n|move|p2a: Spectrier|Shadow Ball|p1a: Corviknight\n|-crit|p1a: Corviknight\n|-damage|p1a: Corviknight|0 fnt\n|faint|p1a: Corviknight\n|-ability|p2a: Spectrier|Grim Neigh|boost\n|-boost|p2a: Spectrier|spa|1\n|-damage|p2a: Spectrier|88/274|[from] item: Life Orb\n|\n|upkeep\n|\n|t:|1781456497\n|switch|p1a: Noivern|Noivern, L82, M|274/274\n|-damage|p1a: Noivern|206/274|[from] Stealth Rock\n|turn|33\n|\n|t:|1781456505\n|switch|p2a: Gastrodon|Gastrodon, L86, M|100/331\n|move|p1a: Noivern|Flamethrower|p2a: Gastrodon\n|-resisted|p2a: Gastrodon\n|-damage|p2a: Gastrodon|53/331\n|\n|upkeep\n|turn|34\n|\n|t:|1781456508\n|move|p1a: Noivern|Flamethrower|p2a: Gastrodon\n|-resisted|p2a: Gastrodon\n|-damage|p2a: Gastrodon|3/331\n|move|p2a: Gastrodon|Recover|p2a: Gastrodon\n|-heal|p2a: Gastrodon|169/331\n|\n|upkeep\n|turn|35\n|\n|t:|1781456513\n|switch|p1a: Chimecho|Chimecho, L93, F|283/290\n|-damage|p1a: Chimecho|247/290|[from] Stealth Rock\n|move|p2a: Gastrodon|Sludge Bomb|p1a: Chimecho\n|-damage|p1a: Chimecho|185/290\n|\n|-heal|p1a: Chimecho|203/290|[from] item: Leftovers\n|upkeep\n|turn|36\n|\n|t:|1781456521\n|move|p1a: Chimecho|Psychic Noise|p2a: Gastrodon\n|-damage|p2a: Gastrodon|70/331\n|-start|p2a: Gastrodon|move: Heal Block\n|move|p2a: Gastrodon|Sludge Bomb|p1a: Chimecho\n|-damage|p1a: Chimecho|141/290\n|-status|p1a: Chimecho|psn\n|\n|-heal|p1a: Chimecho|159/290 psn|[from] item: Leftovers\n|-damage|p1a: Chimecho|123/290 psn|[from] psn\n|upkeep\n|turn|37\n|\n|t:|1781456529\n|switch|p2a: Wugtrio|Wugtrio, L91, M, shiny|104/212\n|move|p1a: Chimecho|Recover|p1a: Chimecho\n|-heal|p1a: Chimecho|268/290 psn\n|\n|-heal|p1a: Chimecho|286/290 psn|[from] item: Leftovers\n|-damage|p1a: Chimecho|250/290 psn|[from] psn\n|upkeep\n|turn|38\n|\n|t:|1781456537\n|move|p2a: Wugtrio|Throat Chop|p1a: Chimecho\n|-supereffective|p1a: Chimecho\n|-damage|p1a: Chimecho|60/290 psn\n|-start|p1a: Chimecho|Throat Chop|[silent]\n|cant|p1a: Chimecho|move: Throat Chop\n|\n|-heal|p1a: Chimecho|78/290 psn|[from] item: Leftovers\n|-damage|p1a: Chimecho|42/290 psn|[from] psn\n|upkeep\n|turn|39\n|\n|t:|1781456544\n|switch|p1a: Noivern|Noivern, L82, M|206/274\n|-damage|p1a: Noivern|138/274|[from] Stealth Rock\n|move|p2a: Wugtrio|Throat Chop|p1a: Noivern\n|-damage|p1a: Noivern|34/274\n|-start|p1a: Noivern|Throat Chop|[silent]\n|\n|upkeep\n|turn|40\n|\n|t:|1781456559\n|switch|p2a: Gastrodon|Gastrodon, L86, M|70/331\n|move|p1a: Noivern|Draco Meteor|p2a: Gastrodon\n|-damage|p2a: Gastrodon|0 fnt\n|-unboost|p1a: Noivern|spa|2\n|faint|p2a: Gastrodon\n|\n|-end|p1a: Noivern|Throat Chop|[silent]\n|upkeep\n|\n|t:|1781456573\n|switch|p2a: Cobalion|Cobalion, L80|277/277 slp\n|turn|41\n|\n|t:|1781456577\n|switch|p1a: Dedenne|Dedenne, L88, M|197/261\n|-damage|p1a: Dedenne|165/261|[from] Stealth Rock\n|cant|p2a: Cobalion|slp\n|\n|upkeep\n|turn|42\n|\n|t:|1781456584\n|move|p1a: Dedenne|Thunderbolt|p2a: Cobalion\n|-damage|p2a: Cobalion|163/277 slp\n|cant|p2a: Cobalion|slp\n|\n|-heal|p2a: Cobalion|180/277 slp|[from] item: Leftovers\n|upkeep\n|turn|43\n|\n|t:|1781456597\n|move|p1a: Dedenne|Thunderbolt|p2a: Cobalion\n|-damage|p2a: Cobalion|59/277 slp\n|-curestatus|p2a: Cobalion|slp|[msg]\n|move|p2a: Cobalion|Calm Mind|p2a: Cobalion\n|-boost|p2a: Cobalion|spa|1\n|-boost|p2a: Cobalion|spd|1\n|\n|-heal|p2a: Cobalion|76/277|[from] item: Leftovers\n|upkeep\n|turn|44\n|\n|t:|1781456605\n|move|p1a: Dedenne|Thunderbolt|p2a: Cobalion\n|-damage|p2a: Cobalion|1/277\n|move|p2a: Cobalion|Flash Cannon|p1a: Dedenne\n|-damage|p1a: Dedenne|38/261\n|-enditem|p1a: Dedenne|Sitrus Berry|[eat]\n|-heal|p1a: Dedenne|103/261|[from] item: Sitrus Berry\n|-heal|p1a: Dedenne|190/261|[from] ability: Cheek Pouch\n|\n|-heal|p2a: Cobalion|18/277|[from] item: Leftovers\n|upkeep\n|turn|45\n|\n|t:|1781456629\n|move|p2a: Cobalion|Vacuum Wave|p1a: Dedenne\n|-resisted|p1a: Dedenne\n|-damage|p1a: Dedenne|160/261\n|move|p1a: Dedenne|Thunderbolt|p2a: Cobalion\n|-damage|p2a: Cobalion|0 fnt\n|faint|p2a: Cobalion\n|\n|upkeep\n|\n|t:|1781456632\n|switch|p2a: Wugtrio|Wugtrio, L91, M, shiny|104/212\n|turn|46\n|\n|t:|1781456639\n|move|p2a: Wugtrio|Liquidation|p1a: Dedenne\n|-damage|p1a: Dedenne|0 fnt\n|faint|p1a: Dedenne\n|\n|upkeep\n|\n|t:|1781456642\n|switch|p1a: Raichu|Raichu, L88, F|249/249\n|-damage|p1a: Raichu|218/249|[from] Stealth Rock\n|turn|47\n|\n|t:|1781456662\n|-terastallize|p2a: Wugtrio|Water\n|move|p2a: Wugtrio|Liquidation|p1a: Raichu\n|-damage|p1a: Raichu|0 fnt\n|faint|p1a: Raichu\n|\n|upkeep\n|-message|Profschnitzel forfeited.\n|\n|win|personanongrattata\n", "inputlog": ">version a8376a258c1d4662feba110a92103f3664a72141\n>start {\"formatid\":\"gen9randombattle\",\"seed\":\"sodium,64af582ae880831cd35323dad52846f5\",\"rated\":\"Rated battle\"}\n>player p1 {\"name\":\"Profschnitzel\",\"avatar\":\"steven\",\"rating\":2092,\"seed\":\"sodium,c526adfd693083719b92e14230a94a22\"}\n>player p2 {\"name\":\"personanongrattata\",\"avatar\":\"youngster-gen4dp\",\"rating\":2130,\"seed\":\"sodium,175bbbe56f115e47ce1f039176cfabed\"}\n>p1 switch 4\n>p2 move calmmind\n>p1 move nuzzle\n>p2 switch 2\n>p1 switch 4\n>p2 move stealthrock\n>p1 move nastyplot\n>p2 switch 2\n>p1 move hypnosis\n>p2 move flashcannon\n>p1 move nastyplot\n>p2 switch 5\n>p1 move thunderbolt terastallize\n>p2 move swordsdance\n>p1 move thunderbolt\n>p2 move swordsdance\n>p1 move darkpulse\n>p2 move closecombat\n>p1 switch 4\n>p1 move uturn\n>p2 switch 2\n>p1 switch 5\n>p1 move defog\n>p2 switch 3\n>p1 move bravebird\n>p2 move leechseed\n>p1 switch 5\n>p2 move strengthsap\n>p1 move dazzlinggleam\n>p2 switch 3\n>p1 move uturn\n>p2 move stealthrock\n>p1 switch 6\n>p1 move encore\n>p2 switch 3\n>p1 move psychicnoise\n>p2 move leechseed\n>p1 switch 5\n>p2 switch 3\n>p1 move defog\n>p2 switch 3\n>p1 move bravebird\n>p2 move strengthsap\n>p1 move roost\n>p2 move substitute\n>p1 switch 6\n>p2 move leechseed\n>p1 move uturn\n>p2 move strengthsap\n>p1 switch 5\n>p1 move encore\n>p2 switch 2\n>p1 move psychicnoise\n>p2 move leafblade\n>p2 switch 3\n>p1 move knockoff\n>p2 move sludgebomb\n>p1 move psychicnoise\n>p2 move stealthrock\n>p1 move psychicnoise\n>p2 switch 4\n>p1 switch 6\n>p2 move throatchop\n>chat \u2606Profschnitzel|nice\n>p1 move roost\n>p2 switch 6\n>p1 move bravebird\n>p2 move nastyplot\n>chat \u2606Profschnitzel|shiny wug\n>p1 move bravebird\n>p2 move shadowball\n>p1 switch 3\n>p1 move flamethrower\n>p2 switch 4\n>p1 move flamethrower\n>p2 move recover\n>p1 switch 6\n>p2 move sludgebomb\n>p1 move psychicnoise\n>p2 move sludgebomb\n>p1 move recover\n>p2 switch 6\n>p1 move psychicnoise\n>p2 move throatchop\n>p1 switch 6\n>p2 move throatchop\n>p1 move dracometeor\n>p2 switch 6\n>p2 switch 5\n>p1 switch 5\n>p2 move calmmind\n>p1 move thunderbolt\n>p2 move calmmind\n>p1 move thunderbolt\n>p2 move calmmind\n>p1 move thunderbolt\n>p2 move flashcannon\n>p1 move thunderbolt\n>p2 move vacuumwave\n>p2 switch 6\n>p1 move thunderbolt\n>p2 move liquidation\n>p1 switch 2\n>p1 move thunderbolt\n>p2 move liquidation terastallize\n>forcelose p1", "uploadtime": 1781456018, "views": 7, "formatid": "gen9randombattle", "rating": null, "private": 0, "password": null}