{"id": "gen9randombattle-2631802191", "format": "[Gen 9] Random Battle", "players": ["Dunkin_Smeargle", "Barniekiller42064"], "log": "|j|\u2606Dunkin_Smeargle\n|j|\u2606Barniekiller42064\n|t:|1781441802\n|gametype|singles\n|player|p1|Dunkin_Smeargle|artist-gen4|2007\n|player|p2|Barniekiller42064|crasherwake|2042\n|gen|9\n|tier|[Gen 9] Random Battle\n|rated|\n|rule|Species Clause: Limit one of each Pok\u00e9mon\n|rule|HP Percentage Mod: HP is shown in percentages\n|rule|Sleep Clause Mod: Limit one foe put to sleep\n|rule|Illusion Level Mod: Illusion disguises the Pok\u00e9mon's true level\n|\n|t:|1781441802\n|teamsize|p1|6\n|teamsize|p2|6\n|start\n|switch|p1a: Qwilfish|Qwilfish-Hisui, L83, M|244/244\n|switch|p2a: Enamorus|Enamorus, L79, F|247/247\n|-ability|p1a: Qwilfish|Intimidate|boost\n|-unboost|p2a: Enamorus|atk|1\n|turn|1\n|inactive|Battle timer is ON: inactive players will automatically lose when time's up. (requested by Barniekiller42064)\n|\n|t:|1781441812\n|move|p2a: Enamorus|Earth Power|p1a: Qwilfish\n|-supereffective|p1a: Qwilfish\n|-damage|p1a: Qwilfish|104/244\n|move|p1a: Qwilfish|Spikes|p2a: Enamorus\n|-sidestart|p2: Barniekiller42064|Spikes\n|\n|upkeep\n|turn|2\n|\n|t:|1781441825\n|switch|p1a: Golduck|Golduck, L90, M|290/290\n|-ability|p1a: Golduck|Cloud Nine\n|move|p2a: Enamorus|Moonblast|p1a: Golduck\n|-damage|p1a: Golduck|179/290\n|-unboost|p1a: Golduck|spa|1\n|\n|-heal|p1a: Golduck|197/290|[from] item: Leftovers\n|upkeep\n|turn|3\n|\n|t:|1781441840\n|move|p2a: Enamorus|Calm Mind|p2a: Enamorus\n|-boost|p2a: Enamorus|spa|1\n|-boost|p2a: Enamorus|spd|1\n|move|p1a: Golduck|Ice Beam|p2a: Enamorus\n|-supereffective|p2a: Enamorus\n|-damage|p2a: Enamorus|177/247\n|\n|-heal|p1a: Golduck|215/290|[from] item: Leftovers\n|upkeep\n|turn|4\n|\n|t:|1781441851\n|switch|p1a: Perrserker|Perrserker, L89, F|269/269\n|move|p2a: Enamorus|Moonblast|p1a: Perrserker\n|-resisted|p1a: Perrserker\n|-damage|p1a: Perrserker|155/269\n|\n|upkeep\n|turn|5\n|\n|t:|1781441863\n|switch|p1a: Serperior|Serperior, L79, F|248/248\n|move|p2a: Enamorus|Earth Power|p1a: Serperior\n|-resisted|p1a: Serperior\n|-damage|p1a: Serperior|191/248\n|\n|upkeep\n|turn|6\n|\n|t:|1781441869\n|move|p1a: Serperior|Glare|p2a: Enamorus\n|-status|p2a: Enamorus|par\n|move|p2a: Enamorus|Moonblast|p1a: Serperior\n|-damage|p1a: Serperior|16/248\n|\n|upkeep\n|turn|7\n|\n|t:|1781441881\n|switch|p1a: Perrserker|Perrserker, L89, F|155/269\n|move|p2a: Enamorus|Mystical Fire|p1a: Perrserker\n|-supereffective|p1a: Perrserker\n|-damage|p1a: Perrserker|0 fnt\n|faint|p1a: Perrserker\n|\n|upkeep\n|\n|t:|1781441890\n|switch|p1a: Qwilfish|Qwilfish-Hisui, L83, M|104/244\n|-ability|p1a: Qwilfish|Intimidate|boost\n|-unboost|p2a: Enamorus|atk|1\n|turn|8\n|\n|t:|1781441899\n|switch|p2a: Magcargo|Magcargo, L95, M|268/268\n|move|p1a: Qwilfish|Gunk Shot|p2a: Magcargo\n|-resisted|p2a: Magcargo\n|-damage|p2a: Magcargo|224/268\n|\n|upkeep\n|turn|9\n|\n|t:|1781441911\n|move|p1a: Qwilfish|Spikes|p2a: Magcargo\n|-sidestart|p2: Barniekiller42064|Spikes\n|move|p2a: Magcargo|Stealth Rock|p1a: Qwilfish\n|-sidestart|p1: Dunkin_Smeargle|move: Stealth Rock\n|\n|upkeep\n|turn|10\n|\n|t:|1781441921\n|switch|p2a: Ariados|Ariados, L95, M|287/287\n|move|p1a: Qwilfish|Spikes|p2a: Ariados\n|-sidestart|p2: Barniekiller42064|Spikes\n|\n|upkeep\n|turn|11\n|\n|t:|1781441942\n|switch|p1a: Golduck|Golduck, L90, M|215/290\n|-damage|p1a: Golduck|179/290|[from] Stealth Rock\n|-ability|p1a: Golduck|Cloud Nine\n|move|p2a: Ariados|Sticky Web|p1a: Golduck\n|-sidestart|p1: Dunkin_Smeargle|move: Sticky Web\n|\n|-heal|p1a: Golduck|197/290|[from] item: Leftovers\n|upkeep\n|turn|12\n|\n|t:|1781441955\n|switch|p2a: Dedenne|Dedenne, L88, F|261/261\n|-damage|p2a: Dedenne|196/261|[from] Spikes\n|move|p1a: Golduck|Nasty Plot|p1a: Golduck\n|-boost|p1a: Golduck|spa|2\n|\n|-heal|p1a: Golduck|215/290|[from] item: Leftovers\n|upkeep\n|turn|13\n|\n|t:|1781441964\n|move|p2a: Dedenne|Nuzzle|p1a: Golduck\n|-supereffective|p1a: Golduck\n|-damage|p1a: Golduck|179/290\n|-status|p1a: Golduck|par\n|move|p1a: Golduck|Hydro Pump|p2a: Dedenne\n|-damage|p2a: Dedenne|0 fnt\n|faint|p2a: Dedenne\n|\n|-heal|p1a: Golduck|197/290 par|[from] item: Leftovers\n|upkeep\n|\n|t:|1781441971\n|switch|p2a: Ariados|Ariados, L95, M|287/287\n|turn|14\n|\n|t:|1781441976\n|move|p2a: Ariados|Poison Jab|p1a: Golduck\n|-damage|p1a: Golduck|91/290 par\n|move|p1a: Golduck|Hydro Pump|p2a: Ariados\n|-damage|p2a: Ariados|8/287\n|\n|-heal|p1a: Golduck|109/290 par|[from] item: Leftovers\n|upkeep\n|turn|15\n|\n|t:|1781441983\n|move|p2a: Ariados|Megahorn|p1a: Golduck\n|-damage|p1a: Golduck|0 fnt\n|faint|p1a: Golduck\n|\n|upkeep\n|\n|t:|1781442008\n|switch|p1a: Qwilfish|Qwilfish-Hisui, L83, M|104/244\n|-damage|p1a: Qwilfish|74/244|[from] Stealth Rock\n|-activate|p1a: Qwilfish|move: Sticky Web\n|-unboost|p1a: Qwilfish|spe|1\n|-ability|p1a: Qwilfish|Intimidate|boost\n|-unboost|p2a: Ariados|atk|1\n|turn|16\n|\n|t:|1781442019\n|move|p2a: Ariados|Knock Off|p1a: Qwilfish\n|-resisted|p1a: Qwilfish\n|-damage|p1a: Qwilfish|55/244\n|-enditem|p1a: Qwilfish|Eviolite|[from] move: Knock Off|[of] p2a: Ariados\n|move|p1a: Qwilfish|Toxic Spikes|p2a: Ariados\n|-sidestart|p2: Barniekiller42064|move: Toxic Spikes\n|\n|upkeep\n|turn|17\n|\n|t:|1781442026\n|switch|p2a: Magcargo|Magcargo, L95, M|224/268\n|move|p1a: Qwilfish|Crunch|p2a: Magcargo\n|-damage|p2a: Magcargo|166/268\n|-unboost|p2a: Magcargo|def|1\n|\n|upkeep\n|turn|18\n|\n|t:|1781442033\n|move|p1a: Qwilfish|Gunk Shot|p2a: Magcargo\n|-resisted|p2a: Magcargo\n|-damage|p2a: Magcargo|99/268\n|-status|p2a: Magcargo|psn\n|move|p2a: Magcargo|Lava Plume|p1a: Qwilfish\n|-damage|p1a: Qwilfish|0 fnt\n|faint|p1a: Qwilfish\n|\n|-damage|p2a: Magcargo|66/268 psn|[from] psn\n|upkeep\n|\n|t:|1781442050\n|switch|p1a: Raging Bolt|Raging Bolt, L78|323/323\n|-damage|p1a: Raging Bolt|283/323|[from] Stealth Rock\n|-activate|p1a: Raging Bolt|move: Sticky Web\n|-unboost|p1a: Raging Bolt|spe|1\n|-enditem|p1a: Raging Bolt|Booster Energy\n|-activate|p1a: Raging Bolt|ability: Protosynthesis|[fromitem]\n|-start|p1a: Raging Bolt|protosynthesisspa\n|turn|19\n|\n|t:|1781442058\n|move|p1a: Raging Bolt|Thunderclap||[still]\n|-fail|p1a: Raging Bolt\n|move|p2a: Magcargo|Yawn|p1a: Raging Bolt\n|-start|p1a: Raging Bolt|move: Yawn|[of] p2a: Magcargo\n|\n|-damage|p2a: Magcargo|33/268 psn|[from] psn\n|upkeep\n|turn|20\n|\n|t:|1781442065\n|-end|p1a: Raging Bolt|Protosynthesis|[silent]\n|switch|p1a: Serperior|Serperior, L79, F|16/248\n|-damage|p1a: Serperior|0 fnt|[from] Stealth Rock\n|faint|p1a: Serperior\n|move|p2a: Magcargo|Lava Plume|p1: Serperior|[notarget]\n|-fail|p2a: Magcargo\n|\n|-damage|p2a: Magcargo|0 fnt|[from] psn\n|faint|p2a: Magcargo\n|upkeep\n|\n|t:|1781442082\n|switch|p1a: Raging Bolt|Raging Bolt, L78|283/323\n|switch|p2a: Ariados|Ariados, L95, M|8/287\n|-damage|p1a: Raging Bolt|243/323|[from] Stealth Rock\n|-activate|p1a: Raging Bolt|move: Sticky Web\n|-unboost|p1a: Raging Bolt|spe|1\n|-sideend|p2: Barniekiller42064|move: Toxic Spikes|[of] p2a: Ariados\n|turn|21\n|\n|t:|1781442090\n|move|p1a: Raging Bolt|Thunderclap|p2a: Ariados\n|-damage|p2a: Ariados|0 fnt\n|faint|p2a: Ariados\n|\n|upkeep\n|\n|t:|1781442094\n|switch|p2a: Annihilape|Annihilape, L76, F|292/292\n|-damage|p2a: Annihilape|219/292|[from] Spikes\n|turn|22\n|\n|t:|1781442101\n|move|p2a: Annihilape|Taunt|p1a: Raging Bolt\n|-start|p1a: Raging Bolt|move: Taunt\n|cant|p1a: Raging Bolt|move: Taunt|Calm Mind\n|\n|-heal|p2a: Annihilape|237/292|[from] item: Leftovers\n|upkeep\n|turn|23\n|\n|t:|1781442121\n|move|p2a: Annihilape|Bulk Up|p2a: Annihilape\n|-boost|p2a: Annihilape|atk|1\n|-boost|p2a: Annihilape|def|1\n|move|p1a: Raging Bolt|Thunderbolt|p2a: Annihilape\n|-damage|p2a: Annihilape|125/292\n|\n|-heal|p2a: Annihilape|143/292|[from] item: Leftovers\n|upkeep\n|turn|24\n|\n|t:|1781442129\n|-terastallize|p1a: Raging Bolt|Fairy\n|move|p2a: Annihilape|Drain Punch|p1a: Raging Bolt\n|-resisted|p1a: Raging Bolt\n|-damage|p1a: Raging Bolt|186/323\n|-heal|p2a: Annihilape|172/292|[from] drain|[of] p1a: Raging Bolt\n|move|p1a: Raging Bolt|Thunderbolt|p2a: Annihilape\n|-damage|p2a: Annihilape|43/292\n|\n|-heal|p2a: Annihilape|61/292|[from] item: Leftovers\n|-end|p1a: Raging Bolt|move: Taunt\n|upkeep\n|turn|25\n|\n|t:|1781442140\n|move|p1a: Raging Bolt|Thunderclap||[still]\n|-fail|p1a: Raging Bolt\n|move|p2a: Annihilape|Bulk Up|p2a: Annihilape\n|-boost|p2a: Annihilape|atk|1\n|-boost|p2a: Annihilape|def|1\n|\n|-heal|p2a: Annihilape|79/292|[from] item: Leftovers\n|upkeep\n|turn|26\n|\n|t:|1781442153\n|move|p1a: Raging Bolt|Thunderclap||[still]\n|-fail|p1a: Raging Bolt\n|move|p2a: Annihilape|Bulk Up|p2a: Annihilape\n|-boost|p2a: Annihilape|atk|1\n|-boost|p2a: Annihilape|def|1\n|\n|-heal|p2a: Annihilape|97/292|[from] item: Leftovers\n|upkeep\n|turn|27\n|\n|t:|1781442161\n|move|p1a: Raging Bolt|Thunderclap|p2a: Annihilape\n|-damage|p2a: Annihilape|12/292\n|move|p2a: Annihilape|Rage Fist|p1a: Raging Bolt\n|-damage|p1a: Raging Bolt|0 fnt\n|faint|p1a: Raging Bolt\n|-end|p1a: Raging Bolt|Protosynthesis|[silent]\n|\n|-heal|p2a: Annihilape|30/292|[from] item: Leftovers\n|upkeep\n|\n|t:|1781442170\n|switch|p1a: Cetitan|Cetitan, L82, F|412/412\n|-damage|p1a: Cetitan|309/412|[from] Stealth Rock\n|-activate|p1a: Cetitan|move: Sticky Web\n|-unboost|p1a: Cetitan|spe|1\n|turn|28\n|\n|t:|1781442176\n|move|p1a: Cetitan|Ice Shard|p2a: Annihilape\n|-damage|p2a: Annihilape|5/292\n|move|p2a: Annihilape|Rage Fist|p1a: Cetitan\n|-damage|p1a: Cetitan|0 fnt\n|faint|p1a: Cetitan\n|\n|win|Barniekiller42064\n", "uploadtime": 1781441804, "views": 6, "formatid": "gen9randombattle", "rating": null, "private": 0, "password": null}