{"id": "gen9randombattle-2631716677", "format": "[Gen 9] Random Battle", "players": ["Fuk ICE", "trevorstmcgoodbody"], "log": "|j|\u2606Fuk ICE\n|j|\u2606trevorstmcgoodbody\n|t:|1781427540\n|gametype|singles\n|player|p1|Fuk ICE|101|2140\n|player|p2|trevorstmcgoodbody|169|2093\n|gen|9\n|tier|[Gen 9] Random Battle\n|rated|\n|rule|Species Clause: Limit one of each Pok\u00e9mon\n|rule|HP Percentage Mod: HP is shown in percentages\n|rule|Sleep Clause Mod: Limit one foe put to sleep\n|rule|Illusion Level Mod: Illusion disguises the Pok\u00e9mon's true level\n|\n|t:|1781427540\n|teamsize|p1|6\n|teamsize|p2|6\n|start\n|switch|p1a: Chansey|Chansey, L85, F|564/564\n|switch|p2a: Palossand|Palossand, L89, F|296/296\n|turn|1\n|inactive|Battle timer is ON: inactive players will automatically lose when time's up. (requested by trevorstmcgoodbody)\n|\n|t:|1781427552\n|switch|p1a: Barraskewda|Barraskewda, L81, F|231/231\n|switch|p2a: Magnezone|Magnezone, L85|258/258\n|\n|upkeep\n|turn|2\n|\n|t:|1781427562\n|move|p1a: Barraskewda|Flip Turn|p2a: Magnezone\n|-damage|p2a: Magnezone|170/258\n|\n|t:|1781427570\n|switch|p1a: Garchomp|Garchomp, L74, F|282/282|[from] Flip Turn\n|move|p2a: Magnezone|Volt Switch|p1a: Garchomp\n|-immune|p1a: Garchomp\n|\n|upkeep\n|turn|3\n|\n|t:|1781427577\n|switch|p2a: Kleavor|Kleavor, L78, M|237/237\n|move|p1a: Garchomp|Spikes|p2a: Kleavor\n|-sidestart|p2: trevorstmcgoodbody|Spikes\n|\n|upkeep\n|turn|4\n|\n|t:|1781427587\n|move|p1a: Garchomp|Earthquake|p2a: Kleavor\n|-damage|p2a: Kleavor|134/237\n|move|p2a: Kleavor|Stone Axe|p1a: Garchomp\n|-resisted|p1a: Garchomp\n|-damage|p1a: Garchomp|215/282\n|-damage|p2a: Kleavor|105/237|[from] ability: Rough Skin|[of] p1a: Garchomp\n|-damage|p2a: Kleavor|66/237|[from] item: Rocky Helmet|[of] p1a: Garchomp\n|-sidestart|p1: Fuk ICE|move: Stealth Rock\n|\n|upkeep\n|turn|5\n|\n|t:|1781427598\n|move|p1a: Garchomp|Earthquake|p2a: Kleavor\n|-damage|p2a: Kleavor|0 fnt\n|faint|p2a: Kleavor\n|\n|upkeep\n|\n|t:|1781427610\n|switch|p2a: Palossand|Palossand, L89, F|296/296\n|-damage|p2a: Palossand|259/296|[from] Spikes\n|turn|6\n|\n|t:|1781427621\n|switch|p1a: Barraskewda|Barraskewda, L81, F|231/231\n|-damage|p1a: Barraskewda|203/231|[from] Stealth Rock\n|move|p2a: Palossand|Earth Power|p1a: Barraskewda\n|-damage|p1a: Barraskewda|37/231\n|\n|-heal|p2a: Palossand|277/296|[from] item: Leftovers\n|upkeep\n|turn|7\n|\n|t:|1781427631\n|switch|p2a: Lumineon|Lumineon, L93, F|279/279\n|-damage|p2a: Lumineon|245/279|[from] Spikes\n|move|p1a: Barraskewda|Waterfall|p2a: Lumineon\n|-ability|p2a: Lumineon|Storm Drain|boost\n|-boost|p2a: Lumineon|spa|1\n|\n|upkeep\n|turn|8\n|\n|t:|1781427651\n|switch|p1a: Chansey|Chansey, L85, F|564/564\n|-damage|p1a: Chansey|494/564|[from] Stealth Rock\n|switch|p2a: Gothitelle|Gothitelle, L90, F|272/272\n|-damage|p2a: Gothitelle|238/272|[from] Spikes\n|\n|-heal|p2a: Gothitelle|255/272|[from] item: Leftovers\n|upkeep\n|turn|9\n|\n|t:|1781427660\n|-terastallize|p2a: Gothitelle|Steel\n|move|p2a: Gothitelle|Calm Mind|p2a: Gothitelle\n|-boost|p2a: Gothitelle|spa|1\n|-boost|p2a: Gothitelle|spd|1\n|move|p1a: Chansey|Thunder Wave|p2a: Gothitelle\n|-status|p2a: Gothitelle|par\n|\n|-heal|p2a: Gothitelle|272/272 par|[from] item: Leftovers\n|upkeep\n|turn|10\n|\n|t:|1781427669\n|move|p1a: Chansey|Seismic Toss|p2a: Gothitelle\n|-damage|p2a: Gothitelle|187/272 par\n|move|p2a: Gothitelle|Psychic Noise|p1a: Chansey\n|-damage|p1a: Chansey|418/564\n|-start|p1a: Chansey|move: Heal Block\n|\n|-heal|p2a: Gothitelle|204/272 par|[from] item: Leftovers\n|upkeep\n|turn|11\n|\n|t:|1781427676\n|move|p1a: Chansey|Seismic Toss|p2a: Gothitelle\n|-damage|p2a: Gothitelle|119/272 par\n|move|p2a: Gothitelle|Psychic Noise|p1a: Chansey\n|-damage|p1a: Chansey|343/564\n|\n|-heal|p2a: Gothitelle|136/272 par|[from] item: Leftovers\n|-end|p1a: Chansey|move: Heal Block\n|upkeep\n|turn|12\n|\n|t:|1781427682\n|switch|p2a: Ariados|Ariados, L95, M|287/287\n|move|p1a: Chansey|Seismic Toss|p2a: Ariados\n|-damage|p2a: Ariados|202/287\n|\n|upkeep\n|turn|13\n|\n|t:|1781427694\n|switch|p1a: Barraskewda|Barraskewda, L81, F|37/231\n|-damage|p1a: Barraskewda|9/231|[from] Stealth Rock\n|move|p2a: Ariados|Sticky Web|p1a: Barraskewda\n|-sidestart|p1: Fuk ICE|move: Sticky Web\n|\n|upkeep\n|turn|14\n|\n|t:|1781427701\n|move|p2a: Ariados|Sucker Punch|p1a: Barraskewda\n|-damage|p1a: Barraskewda|0 fnt\n|faint|p1a: Barraskewda\n|\n|upkeep\n|\n|t:|1781427713\n|switch|p1a: Garchomp|Garchomp, L74, F|215/282\n|-damage|p1a: Garchomp|198/282|[from] Stealth Rock\n|-activate|p1a: Garchomp|move: Sticky Web\n|-unboost|p1a: Garchomp|spe|1\n|turn|15\n|\n|t:|1781427719\n|switch|p2a: Palossand|Palossand, L89, F|277/296\n|-damage|p2a: Palossand|240/296|[from] Spikes\n|move|p1a: Garchomp|Earthquake|p2a: Palossand\n|-damage|p2a: Palossand|158/296\n|\n|-heal|p2a: Palossand|176/296|[from] item: Leftovers\n|upkeep\n|turn|16\n|\n|t:|1781427731\n|switch|p1a: Furret|Furret, L94, F|312/312\n|-damage|p1a: Furret|273/312|[from] Stealth Rock\n|-activate|p1a: Furret|move: Sticky Web\n|-unboost|p1a: Furret|spe|1\n|-item|p2a: Palossand|Leftovers|[from] ability: Frisk|[of] p1a: Furret\n|move|p2a: Palossand|Earth Power|p1a: Furret\n|-damage|p1a: Furret|135/312\n|\n|-heal|p2a: Palossand|194/296|[from] item: Leftovers\n|upkeep\n|turn|17\n|\n|t:|1781427739\n|move|p1a: Furret|Tidy Up|p1a: Furret\n|-sideend|p1: Fuk ICE|Stealth Rock\n|-sideend|p1: Fuk ICE|Sticky Web\n|-sideend|p2: trevorstmcgoodbody|Spikes\n|-activate|p1a: Furret|move: Tidy Up\n|-boost|p1a: Furret|atk|1\n|-boost|p1a: Furret|spe|1\n|move|p2a: Palossand|Earth Power|p1a: Furret\n|-damage|p1a: Furret|0 fnt\n|faint|p1a: Furret\n|\n|-heal|p2a: Palossand|212/296|[from] item: Leftovers\n|upkeep\n|\n|t:|1781427746\n|switch|p1a: Klawf|Klawf, L90, F|272/272\n|turn|18\n|\n|t:|1781427751\n|switch|p2a: Lumineon|Lumineon, L93, F|245/279\n|move|p1a: Klawf|Knock Off|p2a: Lumineon\n|-damage|p2a: Lumineon|140/279\n|-enditem|p2a: Lumineon|Life Orb|[from] move: Knock Off|[of] p1a: Klawf\n|-damage|p1a: Klawf|245/272|[from] item: Life Orb\n|\n|upkeep\n|turn|19\n|\n|t:|1781427762\n|switch|p1a: Chansey|Chansey, L85, F|343/564\n|move|p2a: Lumineon|Hydro Pump|p1a: Chansey\n|-damage|p1a: Chansey|283/564\n|\n|upkeep\n|turn|20\n|\n|t:|1781427771\n|switch|p2a: Ariados|Ariados, L95, M|202/287\n|move|p1a: Chansey|Soft-Boiled|p1a: Chansey\n|-heal|p1a: Chansey|564/564\n|\n|upkeep\n|turn|21\n|\n|t:|1781427784\n|switch|p1a: Luxray|Luxray, L88, M|283/283\n|move|p2a: Ariados|Sticky Web|p1a: Luxray\n|-sidestart|p1: Fuk ICE|move: Sticky Web\n|\n|-status|p1a: Luxray|brn|[from] item: Flame Orb\n|upkeep\n|turn|22\n|\n|t:|1781427793\n|move|p1a: Luxray|Trailblaze|p2a: Ariados\n|-resisted|p2a: Ariados\n|-damage|p2a: Ariados|185/287\n|-boost|p1a: Luxray|spe|1\n|move|p2a: Ariados|Megahorn|p1a: Luxray\n|-damage|p1a: Luxray|124/283 brn\n|\n|-damage|p1a: Luxray|107/283 brn|[from] brn\n|upkeep\n|turn|23\n|\n|t:|1781427800\n|switch|p2a: Palossand|Palossand, L89, F|212/296\n|move|p1a: Luxray|Facade|p2a: Palossand\n|-immune|p2a: Palossand\n|\n|-heal|p2a: Palossand|230/296|[from] item: Leftovers\n|-damage|p1a: Luxray|90/283 brn|[from] brn\n|upkeep\n|turn|24\n|\n|t:|1781427811\n|move|p1a: Luxray|Trailblaze|p2a: Palossand\n|-supereffective|p2a: Palossand\n|-damage|p2a: Palossand|116/296\n|-boost|p1a: Luxray|spe|1\n|move|p2a: Palossand|Shore Up|p2a: Palossand\n|-heal|p2a: Palossand|264/296\n|\n|-heal|p2a: Palossand|282/296|[from] item: Leftovers\n|-damage|p1a: Luxray|73/283 brn|[from] brn\n|upkeep\n|turn|25\n|\n|t:|1781427826\n|switch|p2a: Gothitelle|Gothitelle, L90, F, tera:Steel|136/272 par\n|move|p1a: Luxray|Trailblaze|p2a: Gothitelle\n|-resisted|p2a: Gothitelle\n|-damage|p2a: Gothitelle|103/272 par\n|-boost|p1a: Luxray|spe|1\n|\n|-heal|p2a: Gothitelle|120/272 par|[from] item: Leftovers\n|-damage|p1a: Luxray|56/283 brn|[from] brn\n|upkeep\n|turn|26\n|\n|t:|1781427830\n|switch|p2a: Palossand|Palossand, L89, F|282/296\n|move|p1a: Luxray|Play Rough|p2a: Palossand|[miss]\n|-miss|p1a: Luxray|p2a: Palossand\n|\n|-heal|p2a: Palossand|296/296|[from] item: Leftovers\n|-damage|p1a: Luxray|39/283 brn|[from] brn\n|upkeep\n|turn|27\n|\n|t:|1781427839\n|switch|p2a: Gothitelle|Gothitelle, L90, F, tera:Steel|120/272 par\n|move|p1a: Luxray|Trailblaze|p2a: Gothitelle\n|-resisted|p2a: Gothitelle\n|-damage|p2a: Gothitelle|87/272 par\n|-boost|p1a: Luxray|spe|1\n|\n|-heal|p2a: Gothitelle|104/272 par|[from] item: Leftovers\n|-damage|p1a: Luxray|22/283 brn|[from] brn\n|upkeep\n|turn|28\n|\n|t:|1781427844\n|switch|p2a: Palossand|Palossand, L89, F|296/296\n|move|p1a: Luxray|Play Rough|p2a: Palossand\n|-damage|p2a: Palossand|199/296\n|\n|-heal|p2a: Palossand|217/296|[from] item: Leftovers\n|-damage|p1a: Luxray|5/283 brn|[from] brn\n|upkeep\n|turn|29\n|\n|t:|1781427847\n|move|p1a: Luxray|Trailblaze|p2a: Palossand\n|-supereffective|p2a: Palossand\n|-damage|p2a: Palossand|115/296\n|-boost|p1a: Luxray|spe|1\n|move|p2a: Palossand|Shore Up|p2a: Palossand\n|-heal|p2a: Palossand|263/296\n|\n|-heal|p2a: Palossand|281/296|[from] item: Leftovers\n|-damage|p1a: Luxray|0 fnt|[from] brn\n|faint|p1a: Luxray\n|upkeep\n|\n|t:|1781427855\n|switch|p1a: Klawf|Klawf, L90, F|272/272\n|-activate|p1a: Klawf|move: Sticky Web\n|-unboost|p1a: Klawf|spe|1\n|turn|30\n|\n|t:|1781427863\n|switch|p2a: Gothitelle|Gothitelle, L90, F, tera:Steel|104/272 par\n|move|p1a: Klawf|Knock Off|p2a: Gothitelle\n|-damage|p2a: Gothitelle|18/272 par\n|-enditem|p2a: Gothitelle|Leftovers|[from] move: Knock Off|[of] p1a: Klawf\n|-damage|p1a: Klawf|245/272|[from] item: Life Orb\n|\n|upkeep\n|turn|31\n|\n|t:|1781427867\n|move|p1a: Klawf|Knock Off|p2a: Gothitelle\n|-damage|p2a: Gothitelle|0 fnt\n|faint|p2a: Gothitelle\n|-damage|p1a: Klawf|218/272|[from] item: Life Orb\n|\n|upkeep\n|\n|t:|1781427879\n|switch|p2a: Lumineon|Lumineon, L93, F|140/279\n|turn|32\n|\n|t:|1781427883\n|switch|p1a: Chansey|Chansey, L85, F|564/564\n|-activate|p1a: Chansey|move: Sticky Web\n|-unboost|p1a: Chansey|spe|1\n|move|p2a: Lumineon|Hydro Pump|p1a: Chansey\n|-damage|p1a: Chansey|501/564\n|\n|upkeep\n|turn|33\n|\n|t:|1781427891\n|switch|p2a: Palossand|Palossand, L89, F|281/296\n|switch|p1a: Klawf|Klawf, L90, F|272/272\n|-activate|p1a: Klawf|move: Sticky Web\n|-unboost|p1a: Klawf|spe|1\n|\n|-heal|p2a: Palossand|296/296|[from] item: Leftovers\n|upkeep\n|turn|34\n|\n|t:|1781427902\n|move|p1a: Klawf|Knock Off|p2a: Palossand\n|-supereffective|p2a: Palossand\n|-damage|p2a: Palossand|127/296\n|-enditem|p2a: Palossand|Leftovers|[from] move: Knock Off|[of] p1a: Klawf\n|-damage|p1a: Klawf|245/272|[from] item: Life Orb\n|move|p2a: Palossand|Earth Power|p1a: Klawf\n|-supereffective|p1a: Klawf\n|-damage|p1a: Klawf|0 fnt\n|faint|p1a: Klawf\n|\n|upkeep\n|\n|t:|1781427905\n|switch|p1a: Garchomp|Garchomp, L74, F|198/282\n|-activate|p1a: Garchomp|move: Sticky Web\n|-unboost|p1a: Garchomp|spe|1\n|turn|35\n|\n|t:|1781427924\n|move|p1a: Garchomp|Outrage|p2a: Palossand\n|-damage|p2a: Palossand|27/296\n|move|p2a: Palossand|Shore Up|p2a: Palossand\n|-heal|p2a: Palossand|175/296\n|\n|upkeep\n|turn|36\n|-message|Fuk ICE forfeited.\n|\n|win|trevorstmcgoodbody\n", "inputlog": ">version a8376a258c1d4662feba110a92103f3664a72141\n>start {\"formatid\":\"gen9randombattle\",\"seed\":\"sodium,4b86ab6876c42efdbb60f241d7f1d59b\",\"rated\":\"Rated battle\"}\n>player p1 {\"name\":\"Fuk ICE\",\"avatar\":\"101\",\"rating\":2140,\"seed\":\"sodium,8cf9e1eef429544f4b6127bef01d93bb\"}\n>player p2 {\"name\":\"trevorstmcgoodbody\",\"avatar\":\"169\",\"rating\":2093,\"seed\":\"sodium,b99ffe6c8f6463b9c51b19dc05d37de0\"}\n>p1 switch 4\n>p2 switch 3\n>p1 move flipturn\n>p2 move voltswitch\n>p1 switch 3\n>p1 move spikes\n>p2 switch 4\n>p1 move earthquake\n>p2 move stoneaxe\n>p1 move earthquake\n>p2 move closecombat\n>p2 switch 3\n>p1 switch 3\n>p2 move earthpower\n>p1 move waterfall\n>p2 switch 5\n>p1 switch 4\n>p2 switch 2\n>p1 move thunderwave\n>p2 move calmmind terastallize\n>p1 move seismictoss\n>p2 move psychicnoise\n>p1 move seismictoss\n>p2 move psychicnoise\n>p1 move seismictoss\n>p2 switch 6\n>p1 switch 4\n>p2 move stickyweb\n>p1 move psychicfangs\n>p2 move suckerpunch\n>p1 switch 3\n>p1 move earthquake\n>p2 switch 5\n>p1 switch 5\n>p2 move earthpower\n>p1 move tidyup\n>p2 move earthpower\n>p1 switch 2\n>p1 move knockoff\n>p2 switch 2\n>p1 switch 4\n>p2 move hydropump\n>p1 move softboiled\n>p2 switch 5\n>p1 switch 6\n>p2 move stickyweb\n>p1 move trailblaze\n>p2 move megahorn\n>p1 move facade\n>p2 switch 2\n>p1 move trailblaze\n>p2 move shoreup\n>p1 move trailblaze\n>p2 switch 6\n>p1 move playrough\n>p2 switch 6\n>p1 move trailblaze\n>p2 switch 6\n>p1 move playrough\n>p2 switch 6\n>p1 move trailblaze\n>p2 move shoreup\n>p1 switch 4\n>p1 move knockoff\n>p2 switch 6\n>p1 move knockoff\n>p2 move thunderbolt\n>p2 switch 5\n>p1 switch 6\n>p2 move hydropump\n>p1 switch 6\n>p2 switch 6\n>p1 move knockoff\n>p2 move earthpower\n>p1 switch 5\n>p1 move outrage\n>p2 move shoreup\n>forcelose p1", "uploadtime": 1781427542, "views": 4, "formatid": "gen9randombattle", "rating": null, "private": 0, "password": null}