{"id": "gen9randombattle-2631828238", "format": "[Gen 9] Random Battle", "players": ["kapersthekrap", "xxzfn"], "log": "|j|\u2606kapersthekrap\n|j|\u2606xxzfn\n|t:|1781445316\n|gametype|singles\n|player|p1|kapersthekrap|alder|2185\n|player|p2|xxzfn|102|2254\n|gen|9\n|tier|[Gen 9] Random Battle\n|rated|\n|rule|Species Clause: Limit one of each Pok\u00e9mon\n|rule|HP Percentage Mod: HP is shown in percentages\n|rule|Sleep Clause Mod: Limit one foe put to sleep\n|rule|Illusion Level Mod: Illusion disguises the Pok\u00e9mon's true level\n|\n|t:|1781445316\n|teamsize|p1|6\n|teamsize|p2|6\n|start\n|switch|p1a: Revavroom|Revavroom, L79, M|256/256\n|switch|p2a: Ogerpon|Ogerpon-Cornerstone, L76, F|247/247\n|turn|1\n|inactive|Battle timer is ON: inactive players will automatically lose when time's up. (requested by kapersthekrap)\n|inactive|xxzfn also wants the timer to be on.\n|inactive|xxzfn has 120 seconds left.\n|\n|t:|1781445354\n|move|p2a: Ogerpon|Superpower|p1a: Revavroom\n|-damage|p1a: Revavroom|149/256\n|-unboost|p2a: Ogerpon|atk|1\n|-unboost|p2a: Ogerpon|def|1\n|move|p1a: Revavroom|Iron Head|p2a: Ogerpon\n|-supereffective|p2a: Ogerpon\n|-ability|p2a: Ogerpon|Sturdy\n|-damage|p2a: Ogerpon|1/247\n|-damage|p1a: Revavroom|124/256|[from] item: Life Orb\n|\n|upkeep\n|turn|2\n|\n|t:|1781445363\n|move|p2a: Ogerpon|Superpower|p1a: Revavroom\n|-damage|p1a: Revavroom|53/256\n|-unboost|p2a: Ogerpon|atk|1\n|-unboost|p2a: Ogerpon|def|1\n|move|p1a: Revavroom|Iron Head|p2a: Ogerpon\n|-supereffective|p2a: Ogerpon\n|-damage|p2a: Ogerpon|0 fnt\n|faint|p2a: Ogerpon\n|-damage|p1a: Revavroom|28/256|[from] item: Life Orb\n|\n|upkeep\n|\n|t:|1781445372\n|switch|p2a: Oricorio|Oricorio, L84, F|263/263\n|turn|3\n|\n|t:|1781445377\n|move|p2a: Oricorio|Revelation Dance|p1a: Revavroom\n|-supereffective|p1a: Revavroom\n|-damage|p1a: Revavroom|0 fnt\n|faint|p1a: Revavroom\n|\n|upkeep\n|\n|t:|1781445382\n|switch|p1a: Lanturn|Lanturn, L89, M|367/367\n|turn|4\n|\n|t:|1781445387\n|switch|p2a: Arboliva|Arboliva, L91, F|290/290\n|move|p1a: Lanturn|Scald|p2a: Arboliva\n|-resisted|p2a: Arboliva\n|-damage|p2a: Arboliva|258/290\n|-status|p2a: Arboliva|brn\n|-fieldstart|move: Grassy Terrain|[from] ability: Seed Sower|[of] p2a: Arboliva\n|\n|-heal|p2a: Arboliva|276/290 brn|[from] Grassy Terrain\n|-heal|p2a: Arboliva|290/290 brn|[from] item: Leftovers\n|-damage|p2a: Arboliva|272/290 brn|[from] brn\n|upkeep\n|turn|5\n|\n|t:|1781445409\n|switch|p1a: Furret|Furret, L94, M|312/312\n|-item|p2a: Arboliva|Leftovers|[from] ability: Frisk|[of] p1a: Furret\n|move|p2a: Arboliva|Energy Ball|p1a: Furret\n|-damage|p1a: Furret|95/312\n|\n|-heal|p1a: Furret|114/312|[from] Grassy Terrain\n|-heal|p2a: Arboliva|290/290 brn|[from] Grassy Terrain\n|-damage|p2a: Arboliva|272/290 brn|[from] brn\n|upkeep\n|turn|6\n|c|\u2606kapersthekrap|does tidy up get rid of terrain?\n|inactive|xxzfn has 120 seconds left.\n|\n|t:|1781445441\n|move|p1a: Furret|Trick|p2a: Arboliva\n|-activate|p1a: Furret|move: Trick|[of] p2a: Arboliva\n|-item|p2a: Arboliva|Choice Band|[from] move: Trick\n|-item|p1a: Furret|Leftovers|[from] move: Trick\n|move|p2a: Arboliva|Strength Sap|p1a: Furret\n|-unboost|p1a: Furret|atk|1\n|-heal|p2a: Arboliva|290/290 brn\n|\n|-heal|p1a: Furret|133/312|[from] Grassy Terrain\n|-heal|p1a: Furret|152/312|[from] item: Leftovers\n|-damage|p2a: Arboliva|272/290 brn|[from] brn\n|upkeep\n|turn|7\n|\n|t:|1781445456\n|switch|p2a: Passimian|Passimian, L83, M|302/302\n|move|p1a: Furret|Double-Edge|p2a: Passimian\n|-damage|p2a: Passimian|223/302\n|-damage|p1a: Furret|126/312|[from] Recoil\n|\n|-heal|p2a: Passimian|241/302|[from] Grassy Terrain\n|-heal|p1a: Furret|145/312|[from] Grassy Terrain\n|-heal|p1a: Furret|164/312|[from] item: Leftovers\n|upkeep\n|turn|8\n|\n|t:|1781445464\n|move|p2a: Passimian|Close Combat|p1a: Furret\n|-supereffective|p1a: Furret\n|-damage|p1a: Furret|0 fnt\n|-unboost|p2a: Passimian|def|1\n|-unboost|p2a: Passimian|spd|1\n|faint|p1a: Furret\n|\n|-heal|p2a: Passimian|259/302|[from] Grassy Terrain\n|-fieldend|move: Grassy Terrain\n|upkeep\n|\n|t:|1781445481\n|switch|p1a: Dusknoir|Dusknoir, L89, F|225/225\n|-item|p2a: Passimian|Choice Scarf|[from] ability: Frisk|[of] p1a: Dusknoir\n|turn|9\n|\n|t:|1781445492\n|switch|p2a: Arboliva|Arboliva, L91, F|272/290 brn\n|move|p1a: Dusknoir|Substitute|p1a: Dusknoir\n|-start|p1a: Dusknoir|Substitute\n|-damage|p1a: Dusknoir|169/225\n|\n|-heal|p1a: Dusknoir|183/225|[from] item: Leftovers\n|-damage|p2a: Arboliva|254/290 brn|[from] brn\n|upkeep\n|turn|10\n|\n|t:|1781445499\n|-singleturn|p1a: Dusknoir|move: Focus Punch\n|move|p2a: Arboliva|Energy Ball|p1a: Dusknoir\n|-end|p1a: Dusknoir|Substitute\n|move|p1a: Dusknoir|Focus Punch|p2a: Arboliva\n|-supereffective|p2a: Arboliva\n|-damage|p2a: Arboliva|32/290 brn\n|-fieldstart|move: Grassy Terrain|[from] ability: Seed Sower|[of] p2a: Arboliva\n|\n|-heal|p1a: Dusknoir|197/225|[from] Grassy Terrain\n|-heal|p1a: Dusknoir|211/225|[from] item: Leftovers\n|-heal|p2a: Arboliva|50/290 brn|[from] Grassy Terrain\n|-damage|p2a: Arboliva|32/290 brn|[from] brn\n|upkeep\n|turn|11\n|\n|t:|1781445505\n|switch|p1a: Archaludon|Archaludon, L78, M|268/268\n|move|p2a: Arboliva|Energy Ball|p1a: Archaludon\n|-resisted|p1a: Archaludon\n|-damage|p1a: Archaludon|213/268\n|-ability|p1a: Archaludon|Stamina|boost\n|-boost|p1a: Archaludon|def|1\n|\n|-heal|p1a: Archaludon|229/268|[from] Grassy Terrain\n|-heal|p1a: Archaludon|245/268|[from] item: Leftovers\n|-heal|p2a: Arboliva|50/290 brn|[from] Grassy Terrain\n|-damage|p2a: Arboliva|32/290 brn|[from] brn\n|upkeep\n|turn|12\n|\n|t:|1781445510\n|switch|p2a: Oricorio|Oricorio, L84, F|263/263\n|move|p1a: Archaludon|Stealth Rock|p2a: Oricorio\n|-sidestart|p2: xxzfn|move: Stealth Rock\n|\n|-heal|p1a: Archaludon|261/268|[from] Grassy Terrain\n|-heal|p1a: Archaludon|268/268|[from] item: Leftovers\n|upkeep\n|turn|13\n|\n|t:|1781445517\n|switch|p1a: Lanturn|Lanturn, L89, M|367/367\n|move|p2a: Oricorio|Quiver Dance|p2a: Oricorio\n|-boost|p2a: Oricorio|spa|1\n|-boost|p2a: Oricorio|spd|1\n|-boost|p2a: Oricorio|spe|1\n|\n|upkeep\n|turn|14\n|\n|t:|1781445536\n|-terastallize|p2a: Oricorio|Ground\n|-terastallize|p1a: Lanturn|Flying\n|move|p2a: Oricorio|Quiver Dance|p2a: Oricorio\n|-boost|p2a: Oricorio|spa|1\n|-boost|p2a: Oricorio|spd|1\n|-boost|p2a: Oricorio|spe|1\n|move|p1a: Lanturn|Scald|p2a: Oricorio\n|-supereffective|p2a: Oricorio\n|-damage|p2a: Oricorio|171/263\n|\n|-heal|p2a: Oricorio|187/263|[from] Grassy Terrain\n|-fieldend|move: Grassy Terrain\n|upkeep\n|turn|15\n|\n|t:|1781445542\n|move|p2a: Oricorio|Quiver Dance|p2a: Oricorio\n|-boost|p2a: Oricorio|spa|1\n|-boost|p2a: Oricorio|spd|1\n|-boost|p2a: Oricorio|spe|1\n|move|p1a: Lanturn|Scald|p2a: Oricorio\n|-supereffective|p2a: Oricorio\n|-damage|p2a: Oricorio|109/263\n|-status|p2a: Oricorio|brn\n|\n|-damage|p2a: Oricorio|93/263 brn|[from] brn\n|upkeep\n|turn|16\n|\n|t:|1781445550\n|move|p2a: Oricorio|Quiver Dance|p2a: Oricorio\n|-boost|p2a: Oricorio|spa|1\n|-boost|p2a: Oricorio|spd|1\n|-boost|p2a: Oricorio|spe|1\n|move|p1a: Lanturn|Scald|p2a: Oricorio\n|-supereffective|p2a: Oricorio\n|-damage|p2a: Oricorio|33/263 brn\n|\n|-damage|p2a: Oricorio|17/263 brn|[from] brn\n|upkeep\n|turn|17\n|\n|t:|1781445556\n|move|p2a: Oricorio|Roost|p2a: Oricorio\n|-heal|p2a: Oricorio|149/263 brn\n|move|p1a: Lanturn|Scald|p2a: Oricorio\n|-supereffective|p2a: Oricorio\n|-damage|p2a: Oricorio|89/263 brn\n|\n|-damage|p2a: Oricorio|73/263 brn|[from] brn\n|upkeep\n|turn|18\n|\n|t:|1781445558\n|move|p2a: Oricorio|Roost|p2a: Oricorio\n|-heal|p2a: Oricorio|205/263 brn\n|move|p1a: Lanturn|Scald|p2a: Oricorio\n|-supereffective|p2a: Oricorio\n|-damage|p2a: Oricorio|139/263 brn\n|\n|-damage|p2a: Oricorio|123/263 brn|[from] brn\n|upkeep\n|turn|19\n|\n|t:|1781445560\n|move|p2a: Oricorio|Roost|p2a: Oricorio\n|-heal|p2a: Oricorio|255/263 brn\n|move|p1a: Lanturn|Scald|p2a: Oricorio\n|-supereffective|p2a: Oricorio\n|-damage|p2a: Oricorio|193/263 brn\n|\n|-damage|p2a: Oricorio|177/263 brn|[from] brn\n|upkeep\n|turn|20\n|\n|t:|1781445564\n|move|p2a: Oricorio|Hurricane|p1a: Lanturn\n|-damage|p1a: Lanturn|16/367\n|move|p1a: Lanturn|Scald|p2a: Oricorio\n|-supereffective|p2a: Oricorio\n|-damage|p2a: Oricorio|105/263 brn\n|\n|-heal|p1a: Lanturn|38/367|[from] item: Leftovers\n|-damage|p2a: Oricorio|89/263 brn|[from] brn\n|upkeep\n|turn|21\n|\n|t:|1781445567\n|move|p2a: Oricorio|Roost|p2a: Oricorio\n|-heal|p2a: Oricorio|221/263 brn\n|move|p1a: Lanturn|Scald|p2a: Oricorio\n|-supereffective|p2a: Oricorio\n|-damage|p2a: Oricorio|149/263 brn\n|\n|-heal|p1a: Lanturn|60/367|[from] item: Leftovers\n|-damage|p2a: Oricorio|133/263 brn|[from] brn\n|upkeep\n|turn|22\n|\n|t:|1781445569\n|move|p2a: Oricorio|Quiver Dance|p2a: Oricorio\n|-boost|p2a: Oricorio|spa|1\n|-boost|p2a: Oricorio|spd|1\n|-boost|p2a: Oricorio|spe|1\n|move|p1a: Lanturn|Scald|p2a: Oricorio\n|-supereffective|p2a: Oricorio\n|-damage|p2a: Oricorio|79/263 brn\n|\n|-heal|p1a: Lanturn|82/367|[from] item: Leftovers\n|-damage|p2a: Oricorio|63/263 brn|[from] brn\n|upkeep\n|turn|23\n|\n|t:|1781445572\n|move|p2a: Oricorio|Roost|p2a: Oricorio\n|-heal|p2a: Oricorio|195/263 brn\n|move|p1a: Lanturn|Scald|p2a: Oricorio\n|-supereffective|p2a: Oricorio\n|-damage|p2a: Oricorio|141/263 brn\n|\n|-heal|p1a: Lanturn|104/367|[from] item: Leftovers\n|-damage|p2a: Oricorio|125/263 brn|[from] brn\n|upkeep\n|turn|24\n|\n|t:|1781445574\n|move|p2a: Oricorio|Hurricane|p1a: Lanturn|[miss]\n|-miss|p2a: Oricorio|p1a: Lanturn\n|move|p1a: Lanturn|Scald|p2a: Oricorio\n|-supereffective|p2a: Oricorio\n|-damage|p2a: Oricorio|69/263 brn\n|\n|-heal|p1a: Lanturn|126/367|[from] item: Leftovers\n|-damage|p2a: Oricorio|53/263 brn|[from] brn\n|upkeep\n|turn|25\n|\n|t:|1781445576\n|move|p2a: Oricorio|Roost|p2a: Oricorio\n|-heal|p2a: Oricorio|185/263 brn\n|move|p1a: Lanturn|Scald|p2a: Oricorio\n|-supereffective|p2a: Oricorio\n|-damage|p2a: Oricorio|135/263 brn\n|\n|-heal|p1a: Lanturn|148/367|[from] item: Leftovers\n|-damage|p2a: Oricorio|119/263 brn|[from] brn\n|upkeep\n|turn|26\n|\n|t:|1781445578\n|move|p2a: Oricorio|Hurricane|p1a: Lanturn|[miss]\n|-miss|p2a: Oricorio|p1a: Lanturn\n|move|p1a: Lanturn|Scald|p2a: Oricorio\n|-supereffective|p2a: Oricorio\n|-damage|p2a: Oricorio|65/263 brn\n|\n|-heal|p1a: Lanturn|170/367|[from] item: Leftovers\n|-damage|p2a: Oricorio|49/263 brn|[from] brn\n|upkeep\n|turn|27\n|\n|t:|1781445580\n|move|p2a: Oricorio|Roost|p2a: Oricorio\n|-heal|p2a: Oricorio|181/263 brn\n|move|p1a: Lanturn|Scald|p2a: Oricorio\n|-supereffective|p2a: Oricorio\n|-damage|p2a: Oricorio|121/263 brn\n|\n|-heal|p1a: Lanturn|192/367|[from] item: Leftovers\n|-damage|p2a: Oricorio|105/263 brn|[from] brn\n|upkeep\n|turn|28\n|\n|t:|1781445584\n|move|p2a: Oricorio|Hurricane|p1a: Lanturn\n|-damage|p1a: Lanturn|0 fnt\n|faint|p1a: Lanturn\n|\n|-damage|p2a: Oricorio|89/263 brn|[from] brn\n|upkeep\n|c|\u2606kapersthekrap|no crit is insanely lucky\n|\n|t:|1781445597\n|switch|p1a: Hoopa|Hoopa-Unbound, L80|259/259\n|turn|29\n|\n|t:|1781445600\n|move|p2a: Oricorio|Revelation Dance|p1a: Hoopa\n|-damage|p1a: Hoopa|85/259\n|move|p1a: Hoopa|Hyperspace Fury|p2a: Oricorio\n|-damage|p2a: Oricorio|0 fnt\n|-unboost|p1a: Hoopa|def|1\n|faint|p2a: Oricorio\n|\n|upkeep\n|\n|t:|1781445612\n|switch|p2a: Iron Valiant|Iron Valiant, L78|244/244\n|-damage|p2a: Iron Valiant|229/244|[from] Stealth Rock\n|turn|30\n|\n|t:|1781445617\n|switch|p1a: Dusknoir|Dusknoir, L89, F|211/225\n|-item|p2a: Iron Valiant|Life Orb|[from] ability: Frisk|[of] p1a: Dusknoir\n|move|p2a: Iron Valiant|Moonblast|p1a: Dusknoir\n|-damage|p1a: Dusknoir|116/225\n|-damage|p2a: Iron Valiant|205/244|[from] item: Life Orb\n|\n|-heal|p1a: Dusknoir|130/225|[from] item: Leftovers\n|upkeep\n|turn|31\n|\n|t:|1781445623\n|move|p2a: Iron Valiant|Knock Off|p1a: Dusknoir\n|-supereffective|p1a: Dusknoir\n|-damage|p1a: Dusknoir|0 fnt\n|-enditem|p1a: Dusknoir|Leftovers|[from] move: Knock Off|[of] p2a: Iron Valiant\n|faint|p1a: Dusknoir\n|-damage|p2a: Iron Valiant|181/244|[from] item: Life Orb\n|\n|upkeep\n|\n|t:|1781445629\n|switch|p1a: Archaludon|Archaludon, L78, M|268/268\n|turn|32\n|\n|t:|1781445632\n|move|p2a: Iron Valiant|Close Combat|p1a: Archaludon\n|-supereffective|p1a: Archaludon\n|-damage|p1a: Archaludon|0 fnt\n|-unboost|p2a: Iron Valiant|def|1\n|-unboost|p2a: Iron Valiant|spd|1\n|faint|p1a: Archaludon\n|-damage|p2a: Iron Valiant|157/244|[from] item: Life Orb\n|\n|upkeep\n|\n|t:|1781445635\n|switch|p1a: Hoopa|Hoopa-Unbound, L80|85/259\n|turn|33\n|\n|t:|1781445637\n|move|p2a: Iron Valiant|Knock Off|p1a: Hoopa\n|-damage|p1a: Hoopa|0 fnt\n|-enditem|p1a: Hoopa|Assault Vest|[from] move: Knock Off|[of] p2a: Iron Valiant\n|faint|p1a: Hoopa\n|-damage|p2a: Iron Valiant|133/244|[from] item: Life Orb\n|\n|win|xxzfn\n", "inputlog": ">version a8376a258c1d4662feba110a92103f3664a72141\n>start {\"formatid\":\"gen9randombattle\",\"seed\":\"sodium,efd0c8ea8dde8d33ff6953949c15853f\",\"rated\":\"Rated battle\"}\n>player p1 {\"name\":\"kapersthekrap\",\"avatar\":\"alder\",\"rating\":2185,\"seed\":\"sodium,f9fbd31b89790e59880c7dc720f011ed\"}\n>player p2 {\"name\":\"xxzfn\",\"avatar\":\"102\",\"rating\":2254,\"seed\":\"sodium,b15e4a1c02578b76456dd6d4fb59dcfc\"}\n>p1 move ironhead\n>p2 move superpower\n>p1 move ironhead\n>p2 move superpower\n>p2 switch 2\n>p1 move gunkshot\n>p2 move revelationdance\n>p1 switch 3\n>p1 move scald\n>p2 switch 4\n>p1 switch 5\n>p2 move energyball\n>chat \u2606kapersthekrap|does tidy up get rid of terrain?\n>p1 move trick\n>p2 move strengthsap\n>p1 move doubleedge\n>p2 switch 5\n>p1 move uturn\n>p2 move closecombat\n>p1 switch 2\n>p1 move substitute\n>p2 switch 5\n>p1 move focuspunch\n>p2 move energyball\n>p1 switch 4\n>p2 move energyball\n>p1 move stealthrock\n>p2 switch 4\n>p1 switch 5\n>p2 move quiverdance\n>p1 move scald terastallize\n>p2 move quiverdance terastallize\n>p1 move scald\n>p2 move quiverdance\n>p1 move scald\n>p2 move quiverdance\n>p1 move scald\n>p2 move roost\n>p1 move scald\n>p2 move roost\n>p1 move scald\n>p2 move roost\n>p1 move scald\n>p2 move hurricane\n>p1 move scald\n>p2 move roost\n>p1 move scald\n>p2 move quiverdance\n>p1 move scald\n>p2 move roost\n>p1 move scald\n>p2 move hurricane\n>p1 move scald\n>p2 move roost\n>p1 move scald\n>p2 move hurricane\n>p1 move scald\n>p2 move roost\n>p1 move scald\n>p2 move hurricane\n>chat \u2606kapersthekrap|no crit is insanely lucky\n>p1 switch 6\n>p1 move hyperspacefury\n>p2 move revelationdance\n>p2 switch 3\n>p1 switch 4\n>p2 move moonblast\n>p1 move painsplit\n>p2 move knockoff\n>p1 switch 5\n>p1 move flashcannon\n>p2 move closecombat\n>p1 switch 4\n>p1 move psychic\n>p2 move knockoff", "uploadtime": 1781445318, "views": 7, "formatid": "gen9randombattle", "rating": null, "private": 0, "password": null}