{"id": "gen9randombattle-2632005848", "format": "[Gen 9] Random Battle", "players": ["PrimalRazz", "spp1"], "log": "|j|\u2606PrimalRazz\n|j|\u2606spp1\n|t:|1781465128\n|gametype|singles\n|player|p1|PrimalRazz|scientist|1907\n|player|p2|spp1|102|1938\n|gen|9\n|tier|[Gen 9] Random Battle\n|rated|\n|rule|Species Clause: Limit one of each Pok\u00e9mon\n|rule|HP Percentage Mod: HP is shown in percentages\n|rule|Sleep Clause Mod: Limit one foe put to sleep\n|rule|Illusion Level Mod: Illusion disguises the Pok\u00e9mon's true level\n|\n|t:|1781465128\n|teamsize|p1|6\n|teamsize|p2|6\n|start\n|switch|p1a: Furret|Furret, L94, M|312/312\n|switch|p2a: Sandaconda|Sandaconda, L84, M|258/258\n|-item|p2a: Sandaconda|Leftovers|[from] ability: Frisk|[of] p1a: Furret\n|turn|1\n|inactive|Battle timer is ON: inactive players will automatically lose when time's up. (requested by spp1)\n|\n|t:|1781465148\n|switch|p1a: Politoed|Politoed, L88, M|302/302\n|-weather|RainDance|[from] ability: Drizzle|[of] p1a: Politoed\n|switch|p2a: Volcarona|Volcarona, L77, M|257/257\n|\n|-weather|RainDance|[upkeep]\n|upkeep\n|turn|2\n|inactive|spp1 has 120 seconds left.\n|\n|t:|1781465182\n|switch|p2a: Poliwrath|Poliwrath, L88, F|302/302\n|move|p1a: Politoed|Hydro Pump|p2a: Poliwrath\n|-immune|p2a: Poliwrath|[from] ability: Water Absorb\n|\n|-weather|RainDance|[upkeep]\n|upkeep\n|turn|3\n|\n|t:|1781465210\n|move|p1a: Politoed|Hypnosis|p2a: Poliwrath|[miss]\n|-miss|p1a: Politoed|p2a: Poliwrath\n|move|p2a: Poliwrath|Knock Off|p1a: Politoed\n|-damage|p1a: Politoed|219/302\n|-enditem|p1a: Politoed|Leftovers|[from] move: Knock Off|[of] p2a: Poliwrath\n|\n|-weather|RainDance|[upkeep]\n|upkeep\n|turn|4\n|\n|t:|1781465218\n|move|p1a: Politoed|Ice Beam|p2a: Poliwrath\n|-resisted|p2a: Poliwrath\n|-damage|p2a: Poliwrath|269/302\n|move|p2a: Poliwrath|Drain Punch|p1a: Politoed\n|-damage|p1a: Politoed|128/302\n|-heal|p2a: Poliwrath|302/302|[from] drain|[of] p1a: Politoed\n|\n|-weather|RainDance|[upkeep]\n|upkeep\n|turn|5\n|\n|t:|1781465227\n|move|p1a: Politoed|Hypnosis|p2a: Poliwrath\n|-status|p2a: Poliwrath|slp|[from] move: Hypnosis\n|cant|p2a: Poliwrath|slp\n|\n|-weather|none\n|upkeep\n|turn|6\n|\n|t:|1781465230\n|switch|p1a: Toxtricity|Toxtricity, L82, M|257/257\n|-curestatus|p2a: Poliwrath|slp|[msg]\n|move|p2a: Poliwrath|Drain Punch|p1a: Toxtricity\n|-resisted|p1a: Toxtricity\n|-damage|p1a: Toxtricity|200/257\n|\n|upkeep\n|turn|7\n|\n|t:|1781465243\n|switch|p2a: Sandaconda|Sandaconda, L84, M|258/258\n|move|p1a: Toxtricity|Overdrive|p2a: Sandaconda\n|-immune|p2a: Sandaconda\n|\n|upkeep\n|turn|8\n|\n|t:|1781465247\n|switch|p1a: Piloswine|Piloswine, L85, F|309/309\n|move|p2a: Sandaconda|Earthquake|p1a: Piloswine\n|-damage|p1a: Piloswine|233/309\n|\n|upkeep\n|turn|9\n|\n|t:|1781465252\n|switch|p2a: Poliwrath|Poliwrath, L88, F|302/302\n|move|p1a: Piloswine|Stealth Rock|p2a: Poliwrath\n|-sidestart|p2: spp1|move: Stealth Rock\n|\n|upkeep\n|turn|10\n|\n|t:|1781465261\n|move|p2a: Poliwrath|Knock Off|p1a: Piloswine\n|-damage|p1a: Piloswine|176/309\n|-enditem|p1a: Piloswine|Eviolite|[from] move: Knock Off|[of] p2a: Poliwrath\n|move|p1a: Piloswine|Roar|p2a: Poliwrath\n|drag|p2a: Bombirdier|Bombirdier, L85, F|258/258\n|\n|upkeep\n|turn|11\n|\n|t:|1781465268\n|move|p2a: Bombirdier|U-turn|p1a: Piloswine\n|-damage|p1a: Piloswine|115/309\n|\n|t:|1781465271\n|switch|p2a: Poliwrath|Poliwrath, L88, F|302/302|[from] U-turn\n|-damage|p2a: Poliwrath|284/302|[from] Stealth Rock\n|move|p1a: Piloswine|Roar|p2a: Poliwrath\n|drag|p2a: Sandaconda|Sandaconda, L84, M|258/258\n|-damage|p2a: Sandaconda|242/258|[from] Stealth Rock\n|\n|-heal|p2a: Sandaconda|258/258|[from] item: Leftovers\n|upkeep\n|turn|12\n|\n|t:|1781465280\n|switch|p2a: Poliwrath|Poliwrath, L88, F|284/302\n|-damage|p2a: Poliwrath|266/302|[from] Stealth Rock\n|move|p1a: Piloswine|Icicle Crash|p2a: Poliwrath\n|-resisted|p2a: Poliwrath\n|-damage|p2a: Poliwrath|221/302\n|\n|-heal|p2a: Poliwrath|239/302|[from] item: Leftovers\n|upkeep\n|turn|13\n|\n|t:|1781465286\n|move|p2a: Poliwrath|Drain Punch|p1a: Piloswine\n|-supereffective|p1a: Piloswine\n|-damage|p1a: Piloswine|0 fnt\n|-heal|p2a: Poliwrath|297/302|[from] drain|[of] p1a: Piloswine\n|faint|p1a: Piloswine\n|\n|-heal|p2a: Poliwrath|302/302|[from] item: Leftovers\n|upkeep\n|\n|t:|1781465306\n|switch|p1a: Toxtricity|Toxtricity, L82, M|200/257\n|turn|14\n|\n|t:|1781465312\n|-terastallize|p2a: Poliwrath|Steel\n|move|p2a: Poliwrath|Knock Off|p1a: Toxtricity\n|-damage|p1a: Toxtricity|116/257\n|-enditem|p1a: Toxtricity|Choice Specs|[from] move: Knock Off|[of] p2a: Poliwrath\n|move|p1a: Toxtricity|Overdrive|p2a: Poliwrath\n|-damage|p2a: Poliwrath|188/302\n|\n|-heal|p2a: Poliwrath|206/302|[from] item: Leftovers\n|upkeep\n|turn|15\n|\n|t:|1781465321\n|move|p2a: Poliwrath|Liquidation|p1a: Toxtricity\n|-damage|p1a: Toxtricity|4/257\n|move|p1a: Toxtricity|Volt Switch|p2a: Poliwrath\n|-damage|p2a: Poliwrath|131/302\n|\n|t:|1781465335\n|switch|p1a: Hitmonchan|Hitmonchan, L87, M|229/229|[from] Volt Switch\n|\n|-heal|p2a: Poliwrath|149/302|[from] item: Leftovers\n|upkeep\n|turn|16\n|\n|t:|1781465342\n|switch|p2a: Volcarona|Volcarona, L77, M|257/257\n|move|p1a: Hitmonchan|Bulk Up|p1a: Hitmonchan\n|-boost|p1a: Hitmonchan|atk|1\n|-boost|p1a: Hitmonchan|def|1\n|\n|upkeep\n|turn|17\n|\n|t:|1781465346\n|move|p2a: Volcarona|Fire Blast|p1a: Hitmonchan\n|-damage|p1a: Hitmonchan|121/229\n|move|p1a: Hitmonchan|Bulk Up|p1a: Hitmonchan\n|-boost|p1a: Hitmonchan|atk|1\n|-boost|p1a: Hitmonchan|def|1\n|\n|-heal|p1a: Hitmonchan|135/229|[from] item: Leftovers\n|upkeep\n|turn|18\n|\n|t:|1781465352\n|move|p2a: Volcarona|Quiver Dance|p2a: Volcarona\n|-boost|p2a: Volcarona|spa|1\n|-boost|p2a: Volcarona|spd|1\n|-boost|p2a: Volcarona|spe|1\n|move|p1a: Hitmonchan|Knock Off|p2a: Volcarona\n|-damage|p2a: Volcarona|46/257\n|-status|p1a: Hitmonchan|brn|[from] ability: Flame Body|[of] p2a: Volcarona\n|-enditem|p2a: Volcarona|Heavy-Duty Boots|[from] move: Knock Off|[of] p1a: Hitmonchan\n|\n|-heal|p1a: Hitmonchan|149/229 brn|[from] item: Leftovers\n|-damage|p1a: Hitmonchan|135/229 brn|[from] brn\n|upkeep\n|turn|19\n|\n|t:|1781465368\n|move|p2a: Volcarona|Fire Blast|p1a: Hitmonchan\n|-damage|p1a: Hitmonchan|0 fnt\n|faint|p1a: Hitmonchan\n|\n|upkeep\n|\n|t:|1781465371\n|switch|p1a: Politoed|Politoed, L88, M|128/302\n|-weather|RainDance|[from] ability: Drizzle|[of] p1a: Politoed\n|turn|20\n|\n|t:|1781465377\n|switch|p2a: Poliwrath|Poliwrath, L88, F, tera:Steel|149/302\n|-damage|p2a: Poliwrath|131/302|[from] Stealth Rock\n|move|p1a: Politoed|Haze|p1a: Politoed\n|-clearallboost\n|\n|-weather|RainDance|[upkeep]\n|-heal|p2a: Poliwrath|149/302|[from] item: Leftovers\n|upkeep\n|turn|21\n|\n|t:|1781465384\n|move|p1a: Politoed|Ice Beam|p2a: Poliwrath\n|-resisted|p2a: Poliwrath\n|-crit|p2a: Poliwrath\n|-damage|p2a: Poliwrath|105/302\n|move|p2a: Poliwrath|Drain Punch|p1a: Politoed\n|-damage|p1a: Politoed|29/302\n|-heal|p2a: Poliwrath|155/302|[from] drain|[of] p1a: Politoed\n|\n|-weather|RainDance|[upkeep]\n|-heal|p2a: Poliwrath|173/302|[from] item: Leftovers\n|upkeep\n|turn|22\n|\n|t:|1781465391\n|move|p2a: Poliwrath|Drain Punch|p1a: Politoed\n|-damage|p1a: Politoed|0 fnt\n|-heal|p2a: Poliwrath|188/302|[from] drain|[of] p1a: Politoed\n|faint|p1a: Politoed\n|\n|-weather|RainDance|[upkeep]\n|-heal|p2a: Poliwrath|206/302|[from] item: Leftovers\n|upkeep\n|\n|t:|1781465418\n|switch|p1a: Zacian|Zacian-Crowned, L64|225/225\n|-ability|p1a: Zacian|Intrepid Sword|boost\n|-boost|p1a: Zacian|atk|1\n|turn|23\n|\n|t:|1781465426\n|move|p1a: Zacian|Swords Dance|p1a: Zacian\n|-boost|p1a: Zacian|atk|2\n|move|p2a: Poliwrath|Liquidation|p1a: Zacian\n|-damage|p1a: Zacian|75/225\n|\n|-weather|RainDance|[upkeep]\n|-heal|p2a: Poliwrath|224/302|[from] item: Leftovers\n|upkeep\n|turn|24\n|\n|t:|1781465430\n|switch|p2a: Volcarona|Volcarona, L77, M|46/257\n|-damage|p2a: Volcarona|0 fnt|[from] Stealth Rock\n|faint|p2a: Volcarona\n|move|p1a: Zacian|Close Combat|p2: Volcarona|[notarget]\n|-fail|p1a: Zacian\n|\n|-weather|none\n|upkeep\n|\n|t:|1781465438\n|switch|p2a: Ditto|Ditto, L87|225/225\n|-damage|p2a: Ditto|197/225|[from] Stealth Rock\n|-transform|p2a: Ditto|p1a: Zacian|[from] ability: Imposter\n|-ability|p2a: Ditto|Intrepid Sword|boost\n|-boost|p2a: Ditto|atk|1\n|turn|25\n|\n|t:|1781465451\n|switch|p1a: Toxtricity|Toxtricity, L82, M|4/257\n|move|p2a: Ditto|Behemoth Blade|p1a: Toxtricity\n|-resisted|p1a: Toxtricity\n|-damage|p1a: Toxtricity|0 fnt\n|faint|p1a: Toxtricity\n|\n|upkeep\n|-message|PrimalRazz forfeited.\n|\n|win|spp1\n", "uploadtime": 1781465129, "views": 5, "formatid": "gen9randombattle", "rating": null, "private": 0, "password": null}