{"id": "gen9randombattle-2631430398", "format": "[Gen 9] Random Battle", "players": ["potaziolove", "mkds"], "log": "|j|\u2606potaziolove\n|j|\u2606mkds\n|t:|1781383708\n|gametype|singles\n|player|p1|potaziolove|teacher|1859\n|player|p2|mkds|170|1886\n|gen|9\n|tier|[Gen 9] Random Battle\n|rated|\n|rule|Species Clause: Limit one of each Pok\u00e9mon\n|rule|HP Percentage Mod: HP is shown in percentages\n|rule|Sleep Clause Mod: Limit one foe put to sleep\n|rule|Illusion Level Mod: Illusion disguises the Pok\u00e9mon's true level\n|\n|t:|1781383708\n|teamsize|p1|6\n|teamsize|p2|6\n|start\n|switch|p1a: Malamar|Malamar, L82, M|275/275\n|switch|p2a: Emboar|Emboar, L84, F|322/322\n|turn|1\n|inactive|Battle timer is ON: inactive players will automatically lose when time's up. (requested by mkds)\n|\n|t:|1781383733\n|switch|p2a: Volbeat|Volbeat, L90, M|263/263\n|move|p1a: Malamar|Superpower|p2a: Volbeat\n|-resisted|p2a: Volbeat\n|-damage|p2a: Volbeat|220/263\n|-boost|p1a: Malamar|atk|1\n|-boost|p1a: Malamar|def|1\n|\n|upkeep\n|turn|2\n|\n|t:|1781383757\n|switch|p1a: Vileplume|Vileplume, L85, M|266/266\n|move|p2a: Volbeat|U-turn|p1a: Vileplume\n|-crit|p1a: Vileplume\n|-damage|p1a: Vileplume|158/266\n|\n|t:|1781383776\n|switch|p2a: Typhlosion|Typhlosion-Hisui, L83, F|257/257|[from] U-turn\n|\n|-heal|p1a: Vileplume|174/266|[from] item: Leftovers\n|upkeep\n|turn|3\n|\n|t:|1781383797\n|switch|p1a: Phione|Phione, L91|293/293\n|move|p2a: Typhlosion|Eruption|p1a: Phione\n|-resisted|p1a: Phione\n|-damage|p1a: Phione|197/293\n|\n|-heal|p1a: Phione|215/293|[from] item: Leftovers\n|upkeep\n|turn|4\n|\n|t:|1781383808\n|switch|p2a: Volbeat|Volbeat, L90, M|220/263\n|move|p1a: Phione|Scald|p2a: Volbeat\n|-damage|p2a: Volbeat|141/263\n|\n|-heal|p1a: Phione|233/293|[from] item: Leftovers\n|upkeep\n|turn|5\n|\n|t:|1781383828\n|move|p2a: Volbeat|Roost|p2a: Volbeat\n|-heal|p2a: Volbeat|263/263\n|-singleturn|p2a: Volbeat|move: Roost\n|move|p1a: Phione|Scald|p2a: Volbeat\n|-crit|p2a: Volbeat\n|-damage|p2a: Volbeat|136/263\n|-status|p2a: Volbeat|brn\n|\n|-heal|p1a: Phione|251/293|[from] item: Leftovers\n|-damage|p2a: Volbeat|120/263 brn|[from] brn\n|upkeep\n|turn|6\n|\n|t:|1781383840\n|move|p2a: Volbeat|Thunder Wave|p1a: Phione\n|-status|p1a: Phione|par\n|move|p1a: Phione|Scald|p2a: Volbeat\n|-damage|p2a: Volbeat|35/263 brn\n|\n|-heal|p1a: Phione|269/293 par|[from] item: Leftovers\n|-damage|p2a: Volbeat|19/263 brn|[from] brn\n|upkeep\n|turn|7\n|\n|t:|1781383859\n|move|p2a: Volbeat|Roost|p2a: Volbeat\n|-heal|p2a: Volbeat|151/263 brn\n|-singleturn|p2a: Volbeat|move: Roost\n|move|p1a: Phione|Rest|p1a: Phione\n|-status|p1a: Phione|slp|[from] move: Rest\n|-heal|p1a: Phione|293/293 slp|[silent]\n|\n|-damage|p2a: Volbeat|135/263 brn|[from] brn\n|upkeep\n|turn|8\n|\n|t:|1781383868\n|switch|p1a: Vileplume|Vileplume, L85, M|174/266\n|move|p2a: Volbeat|Encore||[still]\n|-fail|p2a: Volbeat\n|\n|-heal|p1a: Vileplume|190/266|[from] item: Leftovers\n|-damage|p2a: Volbeat|119/263 brn|[from] brn\n|upkeep\n|turn|9\n|\n|t:|1781383878\n|move|p2a: Volbeat|Thunder Wave|p1a: Vileplume\n|-status|p1a: Vileplume|par\n|move|p1a: Vileplume|Sludge Bomb|p2a: Volbeat\n|-damage|p2a: Volbeat|19/263 brn\n|\n|-heal|p1a: Vileplume|206/266 par|[from] item: Leftovers\n|-damage|p2a: Volbeat|3/263 brn|[from] brn\n|upkeep\n|turn|10\n|\n|t:|1781383887\n|move|p2a: Volbeat|Roost|p2a: Volbeat\n|-heal|p2a: Volbeat|135/263 brn\n|-singleturn|p2a: Volbeat|move: Roost\n|move|p1a: Vileplume|Sludge Bomb|p2a: Volbeat\n|-crit|p2a: Volbeat\n|-damage|p2a: Volbeat|0 fnt\n|faint|p2a: Volbeat\n|\n|-heal|p1a: Vileplume|222/266 par|[from] item: Leftovers\n|upkeep\n|\n|t:|1781383902\n|switch|p2a: Beartic|Beartic, L91, M|321/321\n|turn|11\n|\n|t:|1781383910\n|switch|p1a: Eiscue|Eiscue, L88, F|274/274\n|move|p2a: Beartic|Icicle Crash|p1a: Eiscue\n|-activate|p1a: Eiscue|ability: Ice Face\n|-damage|p1a: Eiscue|274/274\n|detailschange|p1a: Eiscue|Eiscue-Noice, L88, F\n|\n|upkeep\n|turn|12\n|\n|t:|1781383938\n|move|p1a: Eiscue|Belly Drum|p1a: Eiscue\n|-damage|p1a: Eiscue|137/274\n|-setboost|p1a: Eiscue|atk|6|[from] move: Belly Drum\n|-enditem|p1a: Eiscue|Sitrus Berry|[eat]\n|-heal|p1a: Eiscue|205/274|[from] item: Sitrus Berry\n|move|p2a: Beartic|Icicle Crash|p1a: Eiscue\n|-resisted|p1a: Eiscue\n|-damage|p1a: Eiscue|100/274\n|\n|upkeep\n|turn|13\n|\n|t:|1781383948\n|move|p1a: Eiscue|Liquidation|p2a: Beartic\n|-damage|p2a: Beartic|84/321\n|move|p2a: Beartic|Icicle Crash|p1a: Eiscue\n|-resisted|p1a: Eiscue\n|-damage|p1a: Eiscue|0 fnt\n|faint|p1a: Eiscue\n|\n|upkeep\n|\n|t:|1781383953\n|switch|p1a: Malamar|Malamar, L82, M|275/275\n|turn|14\n|\n|t:|1781383960\n|move|p1a: Malamar|Knock Off|p2a: Beartic\n|-damage|p2a: Beartic|0 fnt\n|-enditem|p2a: Beartic|Choice Band|[from] move: Knock Off|[of] p1a: Malamar\n|faint|p2a: Beartic\n|\n|upkeep\n|inactive|mkds has 120 seconds left.\n|\n|t:|1781383987\n|switch|p2a: Emboar|Emboar, L84, F|322/322\n|turn|15\n|inactive|mkds has 120 seconds left.\n|\n|t:|1781383998\n|move|p2a: Emboar|Flare Blitz|p1a: Malamar\n|-damage|p1a: Malamar|91/275\n|-damage|p2a: Emboar|261/322|[from] Recoil\n|move|p1a: Malamar|Superpower|p2a: Emboar\n|-damage|p2a: Emboar|162/322\n|-boost|p1a: Malamar|atk|1\n|-boost|p1a: Malamar|def|1\n|\n|-heal|p1a: Malamar|108/275|[from] item: Leftovers\n|upkeep\n|turn|16\n|inactive|mkds has 120 seconds left.\n|\n|t:|1781384010\n|move|p2a: Emboar|Flare Blitz|p1a: Malamar\n|-crit|p1a: Malamar\n|-damage|p1a: Malamar|0 fnt\n|faint|p1a: Malamar\n|-damage|p2a: Emboar|126/322|[from] Recoil\n|\n|upkeep\n|\n|t:|1781384012\n|switch|p1a: Phione|Phione, L91|293/293 slp\n|turn|17\n|\n|t:|1781384020\n|switch|p2a: Meganium|Meganium, L90, F|290/290\n|cant|p1a: Phione|slp\n|move|p1a: Phione|Sleep Talk|p1a: Phione\n|move|p1a: Phione|Scald|p2a: Meganium|[from] move: Sleep Talk\n|-resisted|p2a: Meganium\n|-damage|p2a: Meganium|254/290\n|\n|-heal|p2a: Meganium|272/290|[from] item: Leftovers\n|upkeep\n|turn|18\n|\n|t:|1781384033\n|switch|p1a: Vileplume|Vileplume, L85, M|222/266 par\n|move|p2a: Meganium|Knock Off|p1a: Vileplume\n|-damage|p1a: Vileplume|152/266 par\n|-enditem|p1a: Vileplume|Leftovers|[from] move: Knock Off|[of] p2a: Meganium\n|\n|-heal|p2a: Meganium|290/290|[from] item: Leftovers\n|upkeep\n|turn|19\n|\n|t:|1781384044\n|switch|p2a: Farigiraf|Farigiraf, L90, M|362/362\n|move|p1a: Vileplume|Sludge Bomb|p2a: Farigiraf\n|-damage|p2a: Farigiraf|251/362\n|\n|-heal|p2a: Farigiraf|273/362|[from] item: Leftovers\n|upkeep\n|turn|20\n|\n|t:|1781384053\n|switch|p1a: Ting-Lu|Ting-Lu, L78|370/370\n|-ability|p1a: Ting-Lu|Vessel of Ruin\n|move|p2a: Farigiraf|Psychic Noise|p1a: Ting-Lu\n|-immune|p1a: Ting-Lu\n|\n|-heal|p2a: Farigiraf|295/362|[from] item: Leftovers\n|upkeep\n|turn|21\n|\n|t:|1781384064\n|move|p2a: Farigiraf|Wish|p2a: Farigiraf\n|move|p1a: Ting-Lu|Stealth Rock|p2a: Farigiraf\n|-sidestart|p2: mkds|move: Stealth Rock\n|\n|-heal|p2a: Farigiraf|317/362|[from] item: Leftovers\n|upkeep\n|turn|22\n|\n|t:|1781384081\n|move|p2a: Farigiraf|Body Slam|p1a: Ting-Lu\n|-damage|p1a: Ting-Lu|292/370\n|move|p1a: Ting-Lu|Earthquake|p2a: Farigiraf\n|-damage|p2a: Farigiraf|211/362\n|\n|-heal|p2a: Farigiraf|362/362|[from] move: Wish|[wisher] Farigiraf\n|-heal|p1a: Ting-Lu|315/370|[from] item: Leftovers\n|upkeep\n|turn|23\n|\n|t:|1781384092\n|move|p2a: Farigiraf|Body Slam|p1a: Ting-Lu\n|-damage|p1a: Ting-Lu|230/370\n|-status|p1a: Ting-Lu|par\n|cant|p1a: Ting-Lu|par\n|\n|-heal|p1a: Ting-Lu|253/370 par|[from] item: Leftovers\n|upkeep\n|turn|24\n|\n|t:|1781384101\n|move|p2a: Farigiraf|Body Slam|p1a: Ting-Lu\n|-damage|p1a: Ting-Lu|178/370 par\n|move|p1a: Ting-Lu|Throat Chop|p2a: Farigiraf\n|-supereffective|p2a: Farigiraf\n|-damage|p2a: Farigiraf|180/362\n|-start|p2a: Farigiraf|Throat Chop|[silent]\n|\n|-heal|p2a: Farigiraf|202/362|[from] item: Leftovers\n|-heal|p1a: Ting-Lu|201/370 par|[from] item: Leftovers\n|upkeep\n|turn|25\n|\n|t:|1781384113\n|move|p2a: Farigiraf|Body Slam|p1a: Ting-Lu\n|-damage|p1a: Ting-Lu|116/370 par\n|move|p1a: Ting-Lu|Throat Chop|p2a: Farigiraf\n|-supereffective|p2a: Farigiraf\n|-damage|p2a: Farigiraf|22/362\n|\n|-heal|p2a: Farigiraf|44/362|[from] item: Leftovers\n|-heal|p1a: Ting-Lu|139/370 par|[from] item: Leftovers\n|-end|p2a: Farigiraf|Throat Chop|[silent]\n|upkeep\n|turn|26\n|\n|t:|1781384124\n|move|p2a: Farigiraf|Wish|p2a: Farigiraf\n|move|p1a: Ting-Lu|Throat Chop|p2a: Farigiraf\n|-supereffective|p2a: Farigiraf\n|-damage|p2a: Farigiraf|0 fnt\n|faint|p2a: Farigiraf\n|\n|-heal|p1a: Ting-Lu|162/370 par|[from] item: Leftovers\n|upkeep\n|\n|t:|1781384133\n|switch|p2a: Emboar|Emboar, L84, F|126/322\n|-damage|p2a: Emboar|86/322|[from] Stealth Rock\n|turn|27\n|\n|t:|1781384142\n|move|p2a: Emboar|Close Combat|p1a: Ting-Lu\n|-supereffective|p1a: Ting-Lu\n|-damage|p1a: Ting-Lu|0 fnt\n|-unboost|p2a: Emboar|def|1\n|-unboost|p2a: Emboar|spd|1\n|faint|p1a: Ting-Lu\n|\n|-heal|p2a: Emboar|267/322|[from] move: Wish|[wisher] Farigiraf\n|upkeep\n|\n|t:|1781384152\n|switch|p1a: Vileplume|Vileplume, L85, M|152/266 par\n|turn|28\n|\n|t:|1781384162\n|switch|p2a: Typhlosion|Typhlosion-Hisui, L83, F|257/257\n|-damage|p2a: Typhlosion|193/257|[from] Stealth Rock\n|move|p1a: Vileplume|Sleep Powder|p2a: Typhlosion\n|-status|p2a: Typhlosion|slp|[from] move: Sleep Powder\n|\n|upkeep\n|turn|29\n|\n|t:|1781384180\n|switch|p1a: Phione|Phione, L91|293/293 slp\n|cant|p2a: Typhlosion|slp\n|\n|upkeep\n|turn|30\n|\n|t:|1781384187\n|switch|p2a: Meganium|Meganium, L90, F|290/290\n|-damage|p2a: Meganium|254/290|[from] Stealth Rock\n|cant|p1a: Phione|slp\n|move|p1a: Phione|Sleep Talk|p1a: Phione\n|move|p1a: Phione|Scald|p2a: Meganium|[from] move: Sleep Talk\n|-resisted|p2a: Meganium\n|-damage|p2a: Meganium|217/290\n|\n|-heal|p2a: Meganium|235/290|[from] item: Leftovers\n|upkeep\n|turn|31\n|\n|t:|1781384209\n|switch|p1a: Vileplume|Vileplume, L85, M|152/266 par\n|move|p2a: Meganium|Knock Off|p1a: Vileplume\n|-damage|p1a: Vileplume|106/266 par\n|\n|-heal|p2a: Meganium|253/290|[from] item: Leftovers\n|upkeep\n|turn|32\n|\n|t:|1781384225\n|move|p2a: Meganium|Energy Ball|p1a: Vileplume\n|-resisted|p1a: Vileplume\n|-damage|p1a: Vileplume|82/266 par\n|move|p1a: Vileplume|Strength Sap|p2a: Meganium\n|-unboost|p2a: Meganium|atk|1\n|-heal|p1a: Vileplume|266/266 par\n|\n|-heal|p2a: Meganium|271/290|[from] item: Leftovers\n|upkeep\n|turn|33\n|\n|t:|1781384235\n|move|p2a: Meganium|Encore|p1a: Vileplume\n|-start|p1a: Vileplume|Encore\n|move|p1a: Vileplume|Strength Sap|p2a: Meganium\n|-unboost|p2a: Meganium|atk|1\n|\n|-heal|p2a: Meganium|289/290|[from] item: Leftovers\n|upkeep\n|turn|34\n|\n|t:|1781384244\n|switch|p2a: Typhlosion|Typhlosion-Hisui, L83, F|193/257 slp\n|-damage|p2a: Typhlosion|129/257 slp|[from] Stealth Rock\n|move|p1a: Vileplume|Strength Sap|p2a: Typhlosion\n|-unboost|p2a: Typhlosion|atk|1\n|\n|upkeep\n|turn|35\n|\n|t:|1781384253\n|switch|p1a: Phione|Phione, L91|293/293 slp\n|-curestatus|p2a: Typhlosion|slp|[msg]\n|move|p2a: Typhlosion|Shadow Ball|p1a: Phione\n|-damage|p1a: Phione|202/293 slp\n|\n|-heal|p1a: Phione|220/293 slp|[from] item: Leftovers\n|upkeep\n|turn|36\n|\n|t:|1781384263\n|move|p2a: Typhlosion|Shadow Ball|p1a: Phione\n|-damage|p1a: Phione|123/293 slp\n|-curestatus|p1a: Phione|slp|[msg]\n|move|p1a: Phione|Scald|p2a: Typhlosion\n|-supereffective|p2a: Typhlosion\n|-damage|p2a: Typhlosion|0 fnt\n|faint|p2a: Typhlosion\n|\n|-heal|p1a: Phione|141/293|[from] item: Leftovers\n|upkeep\n|inactive|mkds has 120 seconds left.\n|\n|t:|1781384286\n|switch|p2a: Meganium|Meganium, L90, F|289/290\n|-damage|p2a: Meganium|253/290|[from] Stealth Rock\n|turn|37\n|\n|t:|1781384294\n|switch|p1a: Vileplume|Vileplume, L85, M|266/266 par\n|switch|p2a: Emboar|Emboar, L84, F|267/322\n|-damage|p2a: Emboar|227/322|[from] Stealth Rock\n|\n|upkeep\n|turn|38\n|\n|t:|1781384302\n|switch|p1a: Phione|Phione, L91|141/293\n|move|p2a: Emboar|Flare Blitz|p1a: Phione\n|-resisted|p1a: Phione\n|-damage|p1a: Phione|45/293\n|-damage|p2a: Emboar|195/322|[from] Recoil\n|\n|-heal|p1a: Phione|63/293|[from] item: Leftovers\n|upkeep\n|turn|39\n|\n|t:|1781384311\n|move|p2a: Emboar|Flare Blitz|p1a: Phione\n|-resisted|p1a: Phione\n|-damage|p1a: Phione|0 fnt\n|faint|p1a: Phione\n|-damage|p2a: Emboar|174/322|[from] Recoil\n|\n|upkeep\n|\n|t:|1781384320\n|switch|p1a: Mudsdale|Mudsdale, L83, F|302/302\n|turn|40\n|\n|t:|1781384326\n|switch|p2a: Meganium|Meganium, L90, F|253/290\n|-damage|p2a: Meganium|217/290|[from] Stealth Rock\n|move|p1a: Mudsdale|Roar|p2a: Meganium\n|drag|p2a: Emboar|Emboar, L84, F|174/322\n|-damage|p2a: Emboar|134/322|[from] Stealth Rock\n|\n|upkeep\n|turn|41\n|\n|t:|1781384340\n|switch|p2a: Meganium|Meganium, L90, F|217/290\n|-damage|p2a: Meganium|181/290|[from] Stealth Rock\n|move|p1a: Mudsdale|Earthquake|p2a: Meganium\n|-resisted|p2a: Meganium\n|-damage|p2a: Meganium|128/290\n|\n|-heal|p2a: Meganium|146/290|[from] item: Leftovers\n|upkeep\n|turn|42\n|\n|t:|1781384352\n|switch|p1a: Vileplume|Vileplume, L85, M|266/266 par\n|move|p2a: Meganium|Synthesis|p2a: Meganium\n|-heal|p2a: Meganium|290/290\n|\n|upkeep\n|turn|43\n|\n|t:|1781384371\n|-terastallize|p2a: Meganium|Poison\n|move|p2a: Meganium|Energy Ball|p1a: Vileplume\n|-resisted|p1a: Vileplume\n|-damage|p1a: Vileplume|242/266 par\n|move|p1a: Vileplume|Sludge Bomb|p2a: Meganium\n|-resisted|p2a: Meganium\n|-damage|p2a: Meganium|243/290\n|\n|-heal|p2a: Meganium|261/290|[from] item: Leftovers\n|upkeep\n|turn|44\n|\n|t:|1781384385\n|move|p2a: Meganium|Encore|p1a: Vileplume\n|-start|p1a: Vileplume|Encore\n|move|p1a: Vileplume|Sludge Bomb|p2a: Meganium\n|-resisted|p2a: Meganium\n|-damage|p2a: Meganium|210/290\n|\n|-heal|p2a: Meganium|228/290|[from] item: Leftovers\n|upkeep\n|turn|45\n|\n|t:|1781384398\n|move|p2a: Meganium|Energy Ball|p1a: Vileplume\n|-resisted|p1a: Vileplume\n|-crit|p1a: Vileplume\n|-damage|p1a: Vileplume|208/266 par\n|move|p1a: Vileplume|Sludge Bomb|p2a: Meganium\n|-resisted|p2a: Meganium\n|-damage|p2a: Meganium|183/290\n|\n|-heal|p2a: Meganium|201/290|[from] item: Leftovers\n|upkeep\n|turn|46\n|\n|t:|1781384408\n|move|p2a: Meganium|Energy Ball|p1a: Vileplume\n|-resisted|p1a: Vileplume\n|-damage|p1a: Vileplume|186/266 par\n|move|p1a: Vileplume|Sludge Bomb|p2a: Meganium\n|-resisted|p2a: Meganium\n|-crit|p2a: Meganium\n|-damage|p2a: Meganium|129/290\n|\n|-heal|p2a: Meganium|147/290|[from] item: Leftovers\n|-end|p1a: Vileplume|Encore\n|upkeep\n|turn|47\n|\n|t:|1781384419\n|move|p2a: Meganium|Encore|p1a: Vileplume\n|-start|p1a: Vileplume|Encore\n|move|p1a: Vileplume|Sludge Bomb|p2a: Meganium\n|-resisted|p2a: Meganium\n|-damage|p2a: Meganium|105/290\n|\n|-heal|p2a: Meganium|123/290|[from] item: Leftovers\n|upkeep\n|turn|48\n|\n|t:|1781384427\n|move|p2a: Meganium|Synthesis|p2a: Meganium\n|-heal|p2a: Meganium|268/290\n|move|p1a: Vileplume|Sludge Bomb|p2a: Meganium\n|-resisted|p2a: Meganium\n|-damage|p2a: Meganium|222/290\n|\n|-heal|p2a: Meganium|240/290|[from] item: Leftovers\n|upkeep\n|turn|49\n|\n|t:|1781384444\n|move|p2a: Meganium|Energy Ball|p1a: Vileplume\n|-resisted|p1a: Vileplume\n|-damage|p1a: Vileplume|164/266 par\n|cant|p1a: Vileplume|par\n|\n|-heal|p2a: Meganium|258/290|[from] item: Leftovers\n|-end|p1a: Vileplume|Encore\n|upkeep\n|turn|50\n|\n|t:|1781384453\n|move|p2a: Meganium|Encore|p1a: Vileplume\n|-start|p1a: Vileplume|Encore\n|move|p1a: Vileplume|Sludge Bomb|p2a: Meganium\n|-resisted|p2a: Meganium\n|-crit|p2a: Meganium\n|-damage|p2a: Meganium|182/290\n|\n|-heal|p2a: Meganium|200/290|[from] item: Leftovers\n|upkeep\n|turn|51\n|\n|t:|1781384463\n|move|p2a: Meganium|Energy Ball|p1a: Vileplume\n|-resisted|p1a: Vileplume\n|-damage|p1a: Vileplume|139/266 par\n|move|p1a: Vileplume|Sludge Bomb|p2a: Meganium\n|-resisted|p2a: Meganium\n|-damage|p2a: Meganium|153/290\n|\n|-heal|p2a: Meganium|171/290|[from] item: Leftovers\n|upkeep\n|turn|52\n|\n|t:|1781384473\n|move|p2a: Meganium|Energy Ball|p1a: Vileplume\n|-resisted|p1a: Vileplume\n|-damage|p1a: Vileplume|113/266 par\n|move|p1a: Vileplume|Sludge Bomb|p2a: Meganium\n|-resisted|p2a: Meganium\n|-damage|p2a: Meganium|125/290\n|\n|-heal|p2a: Meganium|143/290|[from] item: Leftovers\n|-end|p1a: Vileplume|Encore\n|upkeep\n|turn|53\n|\n|t:|1781384483\n|move|p2a: Meganium|Encore|p1a: Vileplume\n|-start|p1a: Vileplume|Encore\n|move|p1a: Vileplume|Sludge Bomb|p2a: Meganium\n|-resisted|p2a: Meganium\n|-damage|p2a: Meganium|98/290\n|\n|-heal|p2a: Meganium|116/290|[from] item: Leftovers\n|upkeep\n|turn|54\n|\n|t:|1781384492\n|move|p2a: Meganium|Synthesis|p2a: Meganium\n|-heal|p2a: Meganium|261/290\n|move|p1a: Vileplume|Sludge Bomb|p2a: Meganium\n|-resisted|p2a: Meganium\n|-damage|p2a: Meganium|217/290\n|\n|-heal|p2a: Meganium|235/290|[from] item: Leftovers\n|upkeep\n|turn|55\n|\n|t:|1781384500\n|move|p2a: Meganium|Energy Ball|p1a: Vileplume\n|-resisted|p1a: Vileplume\n|-crit|p1a: Vileplume\n|-damage|p1a: Vileplume|75/266 par\n|cant|p1a: Vileplume|par\n|\n|-heal|p2a: Meganium|253/290|[from] item: Leftovers\n|-end|p1a: Vileplume|Encore\n|upkeep\n|turn|56\n|\n|t:|1781384510\n|move|p2a: Meganium|Encore|p1a: Vileplume\n|-start|p1a: Vileplume|Encore\n|cant|p1a: Vileplume|par\n|\n|-heal|p2a: Meganium|271/290|[from] item: Leftovers\n|upkeep\n|turn|57\n|\n|t:|1781384517\n|move|p2a: Meganium|Energy Ball|p1a: Vileplume\n|-resisted|p1a: Vileplume\n|-damage|p1a: Vileplume|53/266 par\n|move|p1a: Vileplume|Sludge Bomb|p2a: Meganium\n|-resisted|p2a: Meganium\n|-damage|p2a: Meganium|220/290\n|\n|-heal|p2a: Meganium|238/290|[from] item: Leftovers\n|upkeep\n|turn|58\n|\n|t:|1781384531\n|move|p2a: Meganium|Energy Ball|p1a: Vileplume\n|-resisted|p1a: Vileplume\n|-damage|p1a: Vileplume|28/266 par\n|-unboost|p1a: Vileplume|spd|1\n|move|p1a: Vileplume|Sludge Bomb|p2a: Meganium\n|-resisted|p2a: Meganium\n|-damage|p2a: Meganium|192/290\n|\n|-heal|p2a: Meganium|210/290|[from] item: Leftovers\n|-end|p1a: Vileplume|Encore\n|upkeep\n|turn|59\n|\n|t:|1781384542\n|move|p2a: Meganium|Energy Ball|p1a: Vileplume\n|-resisted|p1a: Vileplume\n|-damage|p1a: Vileplume|0 fnt\n|faint|p1a: Vileplume\n|\n|-heal|p2a: Meganium|228/290|[from] item: Leftovers\n|upkeep\n|\n|t:|1781384544\n|switch|p1a: Mudsdale|Mudsdale, L83, F|302/302\n|turn|60\n|\n|t:|1781384551\n|-terastallize|p1a: Mudsdale|Steel\n|move|p2a: Meganium|Energy Ball|p1a: Mudsdale\n|-resisted|p1a: Mudsdale\n|-damage|p1a: Mudsdale|252/302\n|-ability|p1a: Mudsdale|Stamina|boost\n|-boost|p1a: Mudsdale|def|1\n|move|p1a: Mudsdale|Earthquake|p2a: Meganium\n|-supereffective|p2a: Meganium\n|-damage|p2a: Meganium|16/290\n|\n|-heal|p2a: Meganium|34/290|[from] item: Leftovers\n|-heal|p1a: Mudsdale|270/302|[from] item: Leftovers\n|upkeep\n|turn|61\n|\n|t:|1781384581\n|move|p2a: Meganium|Encore|p1a: Mudsdale\n|-start|p1a: Mudsdale|Encore\n|move|p1a: Mudsdale|Earthquake|p2a: Meganium\n|-supereffective|p2a: Meganium\n|-damage|p2a: Meganium|0 fnt\n|faint|p2a: Meganium\n|\n|-heal|p1a: Mudsdale|288/302|[from] item: Leftovers\n|upkeep\n|\n|t:|1781384590\n|switch|p2a: Emboar|Emboar, L84, F|134/322\n|-damage|p2a: Emboar|94/322|[from] Stealth Rock\n|turn|62\n|\n|t:|1781384607\n|move|p2a: Emboar|Flare Blitz|p1a: Mudsdale\n|-supereffective|p1a: Mudsdale\n|-damage|p1a: Mudsdale|58/302\n|-status|p1a: Mudsdale|brn\n|-ability|p1a: Mudsdale|Stamina|boost\n|-boost|p1a: Mudsdale|def|1\n|-damage|p2a: Emboar|18/322|[from] Recoil\n|move|p1a: Mudsdale|Earthquake|p2a: Emboar\n|-supereffective|p2a: Emboar\n|-damage|p2a: Emboar|0 fnt\n|faint|p2a: Emboar\n|\n|win|potaziolove\n|raw|potaziolove's rating: 1859 &rarr; <strong>1881</strong><br />(+22 for winning)\n|raw|mkds's rating: 1886 &rarr; <strong>1864</strong><br />(-22 for losing)\n|c|\u2606potaziolove|Gg wp\n", "uploadtime": 1781384616, "views": 16, "formatid": "gen9randombattle", "rating": 1864, "private": 0, "password": null}