{"id": "gen9randombattle-2631766281", "format": "[Gen 9] Random Battle", "players": ["huh blue", "Tuki VN"], "log": "|j|\u2606huh blue\n|j|\u2606Tuki VN\n|t:|1781436297\n|gametype|singles\n|player|p1|huh blue|steven|1927\n|player|p2|Tuki VN|lance-gen1rb|2000\n|gen|9\n|tier|[Gen 9] Random Battle\n|rated|\n|rule|Species Clause: Limit one of each Pok\u00e9mon\n|rule|HP Percentage Mod: HP is shown in percentages\n|rule|Sleep Clause Mod: Limit one foe put to sleep\n|rule|Illusion Level Mod: Illusion disguises the Pok\u00e9mon's true level\n|\n|t:|1781436297\n|teamsize|p1|6\n|teamsize|p2|6\n|start\n|switch|p1a: Lugia|Lugia, L73|275/275\n|switch|p2a: Amoonguss|Amoonguss, L82, M|321/321\n|turn|1\n|inactive|Battle timer is ON: inactive players will automatically lose when time's up. (requested by huh blue)\n|\n|t:|1781436306\n|switch|p1a: Vigoroth|Vigoroth, L85, M|275/275\n|move|p2a: Amoonguss|Sludge Bomb|p1a: Vigoroth\n|-damage|p1a: Vigoroth|205/275\n|-status|p1a: Vigoroth|psn\n|\n|-damage|p1a: Vigoroth|171/275 psn|[from] psn\n|upkeep\n|turn|2\n|\n|t:|1781436320\n|switch|p1a: Latios|Latios, L78, M|253/253\n|switch|p2a: Bronzong|Bronzong, L88|261/261\n|\n|upkeep\n|turn|3\n|\n|t:|1781436333\n|switch|p1a: Ninetales|Ninetales-Alola, L78, F|242/242\n|-weather|Snowscape|[from] ability: Snow Warning|[of] p1a: Ninetales\n|move|p2a: Bronzong|Stealth Rock|p1a: Ninetales\n|-sidestart|p1: huh blue|move: Stealth Rock\n|\n|-weather|Snowscape|[upkeep]\n|upkeep\n|turn|4\n|\n|t:|1781436339\n|move|p1a: Ninetales|Encore|p2a: Bronzong\n|-start|p2a: Bronzong|Encore\n|move|p2a: Bronzong|Stealth Rock||[still]\n|-fail|p2a: Bronzong\n|\n|-weather|Snowscape|[upkeep]\n|upkeep\n|turn|5\n|\n|t:|1781436346\n|switch|p2a: Goodra|Goodra-Hisui, L82, F|265/265\n|move|p1a: Ninetales|Aurora Veil|p1a: Ninetales\n|-sidestart|p1: huh blue|move: Aurora Veil\n|\n|-weather|Snowscape|[upkeep]\n|upkeep\n|turn|6\n|\n|t:|1781436360\n|switch|p1a: Toxicroak|Toxicroak, L84, F|277/277\n|-damage|p1a: Toxicroak|260/277|[from] Stealth Rock\n|move|p2a: Goodra|Heavy Slam|p1a: Toxicroak\n|-damage|p1a: Toxicroak|181/277\n|\n|-weather|Snowscape|[upkeep]\n|upkeep\n|turn|7\n|\n|t:|1781436372\n|switch|p2a: Amoonguss|Amoonguss, L82, M|321/321\n|move|p1a: Toxicroak|Close Combat|p2a: Amoonguss\n|-resisted|p2a: Amoonguss\n|-damage|p2a: Amoonguss|202/321\n|-unboost|p1a: Toxicroak|def|1\n|-unboost|p1a: Toxicroak|spd|1\n|\n|-weather|none\n|-heal|p2a: Amoonguss|222/321|[from] item: Leftovers\n|upkeep\n|turn|8\n|\n|t:|1781436382\n|move|p1a: Toxicroak|Close Combat|p2a: Amoonguss\n|-resisted|p2a: Amoonguss\n|-damage|p2a: Amoonguss|103/321\n|-unboost|p1a: Toxicroak|def|1\n|-unboost|p1a: Toxicroak|spd|1\n|move|p2a: Amoonguss|Spore|p1a: Toxicroak\n|-status|p1a: Toxicroak|slp|[from] move: Spore\n|\n|-heal|p2a: Amoonguss|123/321|[from] item: Leftovers\n|upkeep\n|turn|9\n|inactive|huh blue has 120 seconds left.\n|\n|t:|1781436423\n|switch|p1a: Ninetales|Ninetales-Alola, L78, F|242/242\n|-damage|p1a: Ninetales|182/242|[from] Stealth Rock\n|-weather|Snowscape|[from] ability: Snow Warning|[of] p1a: Ninetales\n|switch|p2a: Bronzong|Bronzong, L88|261/261\n|\n|-weather|Snowscape|[upkeep]\n|upkeep\n|turn|10\n|\n|t:|1781436427\n|switch|p1a: Ogerpon|Ogerpon, L80, F|259/259\n|-damage|p1a: Ogerpon|227/259|[from] Stealth Rock\n|move|p2a: Bronzong|Iron Head|p1a: Ogerpon\n|-damage|p1a: Ogerpon|181/259\n|\n|-weather|Snowscape|[upkeep]\n|upkeep\n|turn|11\n|\n|t:|1781436437\n|move|p1a: Ogerpon|Swords Dance|p1a: Ogerpon\n|-boost|p1a: Ogerpon|atk|2\n|move|p2a: Bronzong|Iron Head|p1a: Ogerpon\n|-damage|p1a: Ogerpon|132/259\n|\n|-weather|Snowscape|[upkeep]\n|upkeep\n|turn|12\n|\n|t:|1781436447\n|move|p1a: Ogerpon|Knock Off|p2a: Bronzong\n|-supereffective|p2a: Bronzong\n|-damage|p2a: Bronzong|0 fnt\n|-enditem|p2a: Bronzong|Leftovers|[from] move: Knock Off|[of] p1a: Ogerpon\n|faint|p2a: Bronzong\n|-damage|p1a: Ogerpon|107/259|[from] item: Life Orb\n|\n|-weather|Snowscape|[upkeep]\n|-sideend|p1: huh blue|move: Aurora Veil\n|upkeep\n|\n|t:|1781436463\n|switch|p2a: Amoonguss|Amoonguss, L82, M|230/321\n|turn|13\n|\n|t:|1781436468\n|move|p1a: Ogerpon|Knock Off|p2a: Amoonguss\n|-damage|p2a: Amoonguss|0 fnt\n|-enditem|p2a: Amoonguss|Leftovers|[from] move: Knock Off|[of] p1a: Ogerpon\n|faint|p2a: Amoonguss\n|-damage|p1a: Ogerpon|82/259|[from] item: Life Orb\n|\n|-weather|none\n|upkeep\n|\n|t:|1781436479\n|switch|p2a: Moltres|Moltres-Galar, L79|271/271\n|turn|14\n|\n|t:|1781436483\n|switch|p1a: Ninetales|Ninetales-Alola, L78, F|182/242\n|-damage|p1a: Ninetales|122/242|[from] Stealth Rock\n|-weather|Snowscape|[from] ability: Snow Warning|[of] p1a: Ninetales\n|move|p2a: Moltres|Hurricane|p1a: Ninetales\n|-damage|p1a: Ninetales|14/242\n|\n|-weather|Snowscape|[upkeep]\n|upkeep\n|turn|15\n|\n|t:|1781436492\n|move|p1a: Ninetales|Aurora Veil|p1a: Ninetales\n|-sidestart|p1: huh blue|move: Aurora Veil\n|move|p2a: Moltres|Fiery Wrath|p1a: Ninetales\n|-resisted|p1a: Ninetales\n|-damage|p1a: Ninetales|0 fnt\n|faint|p1a: Ninetales\n|\n|-weather|Snowscape|[upkeep]\n|upkeep\n|\n|t:|1781436496\n|switch|p1a: Toxicroak|Toxicroak, L84, F|181/277 slp\n|-damage|p1a: Toxicroak|164/277 slp|[from] Stealth Rock\n|turn|16\n|\n|t:|1781436502\n|cant|p1a: Toxicroak|slp\n|move|p2a: Moltres|Nasty Plot|p2a: Moltres\n|-boost|p2a: Moltres|spa|2\n|\n|-weather|Snowscape|[upkeep]\n|upkeep\n|turn|17\n|\n|t:|1781436531\n|cant|p1a: Toxicroak|slp\n|move|p2a: Moltres|Hurricane|p1a: Toxicroak\n|-supereffective|p1a: Toxicroak\n|-damage|p1a: Toxicroak|0 fnt\n|faint|p1a: Toxicroak\n|\n|-weather|Snowscape|[upkeep]\n|upkeep\n|\n|t:|1781436537\n|switch|p1a: Vigoroth|Vigoroth, L85, M|171/275 psn\n|-damage|p1a: Vigoroth|137/275 psn|[from] Stealth Rock\n|turn|18\n|\n|t:|1781436542\n|move|p1a: Vigoroth|Knock Off|p2a: Moltres\n|-resisted|p2a: Moltres\n|-damage|p2a: Moltres|241/271\n|-enditem|p2a: Moltres|Chesto Berry|[from] move: Knock Off|[of] p1a: Vigoroth\n|move|p2a: Moltres|Hurricane|p1a: Vigoroth\n|-damage|p1a: Vigoroth|47/275 psn\n|\n|-weather|none\n|-damage|p1a: Vigoroth|13/275 psn|[from] psn\n|upkeep\n|turn|19\n|\n|t:|1781436547\n|move|p1a: Vigoroth|Body Slam|p2a: Moltres\n|-damage|p2a: Moltres|156/271\n|move|p2a: Moltres|Fiery Wrath|p1a: Vigoroth\n|-damage|p1a: Vigoroth|0 fnt\n|faint|p1a: Vigoroth\n|\n|upkeep\n|\n|t:|1781436551\n|switch|p1a: Latios|Latios, L78, M|253/253\n|-damage|p1a: Latios|222/253|[from] Stealth Rock\n|turn|20\n|\n|t:|1781436555\n|move|p1a: Latios|Draco Meteor|p2a: Moltres\n|-damage|p2a: Moltres|14/271\n|-unboost|p1a: Latios|spa|2\n|-ability|p2a: Moltres|Berserk|boost\n|-boost|p2a: Moltres|spa|1\n|move|p2a: Moltres|Rest|p2a: Moltres\n|-status|p2a: Moltres|slp|[from] move: Rest\n|-heal|p2a: Moltres|271/271 slp|[silent]\n|\n|upkeep\n|turn|21\n|\n|t:|1781436563\n|switch|p1a: Ogerpon|Ogerpon, L80, F|82/259\n|-damage|p1a: Ogerpon|50/259|[from] Stealth Rock\n|cant|p2a: Moltres|slp\n|\n|upkeep\n|turn|22\n|\n|t:|1781436567\n|move|p1a: Ogerpon|Swords Dance|p1a: Ogerpon\n|-boost|p1a: Ogerpon|atk|2\n|cant|p2a: Moltres|slp\n|\n|-sideend|p1: huh blue|move: Aurora Veil\n|upkeep\n|turn|23\n|\n|t:|1781436569\n|move|p1a: Ogerpon|Superpower|p2a: Moltres\n|-damage|p2a: Moltres|31/271 slp\n|-unboost|p1a: Ogerpon|atk|1\n|-unboost|p1a: Ogerpon|def|1\n|-ability|p2a: Moltres|Berserk|boost\n|-boost|p2a: Moltres|spa|1\n|-damage|p1a: Ogerpon|25/259|[from] item: Life Orb\n|-curestatus|p2a: Moltres|slp|[msg]\n|move|p2a: Moltres|Fiery Wrath|p1a: Ogerpon\n|-damage|p1a: Ogerpon|0 fnt\n|faint|p1a: Ogerpon\n|\n|upkeep\n|\n|t:|1781436573\n|switch|p1a: Latios|Latios, L78, M|222/253\n|-damage|p1a: Latios|191/253|[from] Stealth Rock\n|turn|24\n|\n|t:|1781436577\n|move|p1a: Latios|Aura Sphere|p2a: Moltres\n|-damage|p2a: Moltres|0 fnt\n|faint|p2a: Moltres\n|\n|upkeep\n|\n|t:|1781436581\n|switch|p2a: Tropius|Tropius, L91, F|328/328\n|turn|25\n|\n|t:|1781436585\n|move|p1a: Latios|Luster Purge|p2a: Tropius\n|-damage|p2a: Tropius|207/328\n|move|p2a: Tropius|Leech Seed|p1a: Latios|[miss]\n|-miss|p2a: Tropius|p1a: Latios\n|\n|upkeep\n|turn|26\n|\n|t:|1781436589\n|move|p1a: Latios|Luster Purge|p2a: Tropius\n|-damage|p2a: Tropius|86/328\n|-unboost|p2a: Tropius|spd|1\n|-enditem|p2a: Tropius|Sitrus Berry|[eat]\n|-heal|p2a: Tropius|168/328|[from] item: Sitrus Berry\n|move|p2a: Tropius|Leech Seed|p1a: Latios\n|-start|p1a: Latios|move: Leech Seed\n|\n|-damage|p1a: Latios|160/253|[from] Leech Seed|[of] p2a: Tropius\n|-heal|p2a: Tropius|199/328|[silent]\n|upkeep\n|turn|27\n|\n|t:|1781436595\n|move|p2a: Tropius|Protect|p2a: Tropius\n|-singleturn|p2a: Tropius|Protect\n|move|p1a: Latios|Luster Purge|p2a: Tropius\n|-activate|p2a: Tropius|move: Protect\n|\n|-damage|p1a: Latios|129/253|[from] Leech Seed|[of] p2a: Tropius\n|-heal|p2a: Tropius|230/328|[silent]\n|-item|p2a: Tropius|Sitrus Berry|[from] ability: Harvest\n|upkeep\n|turn|28\n|\n|t:|1781436603\n|move|p1a: Latios|Recover|p1a: Latios\n|-heal|p1a: Latios|253/253\n|move|p2a: Tropius|Substitute|p2a: Tropius\n|-start|p2a: Tropius|Substitute\n|-damage|p2a: Tropius|148/328\n|-enditem|p2a: Tropius|Sitrus Berry|[eat]\n|-heal|p2a: Tropius|230/328|[from] item: Sitrus Berry\n|\n|-damage|p1a: Latios|222/253|[from] Leech Seed|[of] p2a: Tropius\n|-heal|p2a: Tropius|261/328|[silent]\n|-item|p2a: Tropius|Sitrus Berry|[from] ability: Harvest\n|upkeep\n|turn|29\n|\n|t:|1781436609\n|switch|p1a: Lugia|Lugia, L73|275/275\n|move|p2a: Tropius|Protect||[still]\n|-fail|p2a: Tropius\n|\n|upkeep\n|turn|30\n|\n|t:|1781436613\n|move|p1a: Lugia|Aeroblast|p2a: Tropius|[miss]\n|-miss|p1a: Lugia|p2a: Tropius\n|move|p2a: Tropius|Leech Seed|p1a: Lugia\n|-start|p1a: Lugia|move: Leech Seed\n|\n|-damage|p1a: Lugia|241/275|[from] Leech Seed|[of] p2a: Tropius\n|-heal|p2a: Tropius|295/328|[silent]\n|upkeep\n|turn|31\n|\n|t:|1781436623\n|switch|p1a: Latios|Latios, L78, M|222/253\n|-damage|p1a: Latios|191/253|[from] Stealth Rock\n|switch|p2a: Electivire|Electivire, L84, M|263/263\n|\n|upkeep\n|turn|32\n|\n|t:|1781436631\n|move|p1a: Latios|Luster Purge|p2a: Electivire\n|-damage|p2a: Electivire|122/263\n|-unboost|p2a: Electivire|spd|1\n|move|p2a: Electivire|Knock Off|p1a: Latios\n|-supereffective|p1a: Latios\n|-damage|p1a: Latios|0 fnt\n|-enditem|p1a: Latios|Soul Dew|[from] move: Knock Off|[of] p2a: Electivire\n|faint|p1a: Latios\n|\n|upkeep\n|\n|t:|1781436657\n|switch|p1a: Lugia|Lugia, L73|241/275\n|turn|33\n|\n|t:|1781436662\n|-terastallize|p1a: Lugia|Ground\n|move|p2a: Electivire|Knock Off|p1a: Lugia\n|-damage|p1a: Lugia|130/275\n|-enditem|p1a: Lugia|Heavy-Duty Boots|[from] move: Knock Off|[of] p2a: Electivire\n|move|p1a: Lugia|Calm Mind|p1a: Lugia\n|-boost|p1a: Lugia|spa|1\n|-boost|p1a: Lugia|spd|1\n|\n|upkeep\n|turn|34\n|inactive|huh blue has 120 seconds left.\n|\n|t:|1781436694\n|switch|p2a: Tropius|Tropius, L91, F|295/328\n|move|p1a: Lugia|Recover|p1a: Lugia\n|-heal|p1a: Lugia|268/275\n|\n|upkeep\n|turn|35\n|\n|t:|1781436699\n|move|p1a: Lugia|Aeroblast|p2a: Tropius\n|-supereffective|p2a: Tropius\n|-damage|p2a: Tropius|71/328\n|-enditem|p2a: Tropius|Sitrus Berry|[eat]\n|-heal|p2a: Tropius|153/328|[from] item: Sitrus Berry\n|move|p2a: Tropius|Leech Seed|p1a: Lugia\n|-start|p1a: Lugia|move: Leech Seed\n|\n|-damage|p1a: Lugia|234/275|[from] Leech Seed|[of] p2a: Tropius\n|-heal|p2a: Tropius|187/328|[silent]\n|-item|p2a: Tropius|Sitrus Berry|[from] ability: Harvest\n|upkeep\n|turn|36\n|\n|t:|1781436709\n|move|p1a: Lugia|Calm Mind|p1a: Lugia\n|-boost|p1a: Lugia|spa|1\n|-boost|p1a: Lugia|spd|1\n|move|p2a: Tropius|Air Slash|p1a: Lugia|[miss]\n|-miss|p2a: Tropius|p1a: Lugia\n|\n|-damage|p1a: Lugia|200/275|[from] Leech Seed|[of] p2a: Tropius\n|-heal|p2a: Tropius|221/328|[silent]\n|upkeep\n|turn|37\n|\n|t:|1781436715\n|switch|p2a: Goodra|Goodra-Hisui, L82, F|265/265\n|move|p1a: Lugia|Calm Mind|p1a: Lugia\n|-boost|p1a: Lugia|spa|1\n|-boost|p1a: Lugia|spd|1\n|\n|-damage|p1a: Lugia|166/275|[from] Leech Seed|[of] p2a: Goodra\n|upkeep\n|turn|38\n|\n|t:|1781436728\n|move|p1a: Lugia|Earth Power|p2a: Goodra\n|-supereffective|p2a: Goodra\n|-damage|p2a: Goodra|103/265\n|move|p2a: Goodra|Heavy Slam|p1a: Lugia\n|-damage|p1a: Lugia|132/275\n|\n|-damage|p1a: Lugia|98/275|[from] Leech Seed|[of] p2a: Goodra\n|-heal|p2a: Goodra|137/265|[silent]\n|upkeep\n|turn|39\n|\n|t:|1781436734\n|move|p1a: Lugia|Earth Power|p2a: Goodra\n|-supereffective|p2a: Goodra\n|-damage|p2a: Goodra|0 fnt\n|faint|p2a: Goodra\n|\n|upkeep\n|\n|t:|1781436738\n|switch|p2a: Electivire|Electivire, L84, M|122/263\n|turn|40\n|\n|t:|1781436742\n|-terastallize|p2a: Electivire|Ice\n|move|p2a: Electivire|Ice Punch|p1a: Lugia\n|-supereffective|p1a: Lugia\n|-damage|p1a: Lugia|0 fnt\n|faint|p1a: Lugia\n|\n|win|Tuki VN\n", "inputlog": ">version a8376a258c1d4662feba110a92103f3664a72141\n>start {\"formatid\":\"gen9randombattle\",\"seed\":\"sodium,584bba2fcfa1a3bd210547a339a2c101\",\"rated\":\"Rated battle\"}\n>player p1 {\"name\":\"huh blue\",\"avatar\":\"steven\",\"rating\":1927,\"seed\":\"sodium,9ede5aa626724141aa2e053ed58f1d09\"}\n>player p2 {\"name\":\"Tuki VN\",\"avatar\":\"lance-gen1rb\",\"rating\":2000,\"seed\":\"sodium,c06eb5049e749ebe56e8dd610609ba01\"}\n>p1 switch 4\n>p2 move sludgebomb\n>p1 switch 3\n>p2 switch 5\n>p1 switch 5\n>p2 move stealthrock\n>p1 move encore\n>p2 move ironhead\n>p1 move auroraveil\n>p2 switch 4\n>p1 switch 2\n>p2 move heavyslam\n>p1 move closecombat\n>p2 switch 5\n>p1 move closecombat\n>p2 move spore\n>p1 switch 2\n>p2 switch 4\n>p1 switch 6\n>p2 move ironhead\n>p1 move swordsdance\n>p2 move ironhead\n>p1 move knockoff\n>p2 move psychicnoise\n>p2 switch 4\n>p1 move knockoff\n>p2 move sludgebomb\n>p2 switch 6\n>p1 switch 6\n>p2 move hurricane\n>p1 move auroraveil\n>p2 move fierywrath\n>p1 switch 2\n>p1 move closecombat\n>p2 move nastyplot\n>p1 move closecombat\n>p2 move hurricane\n>p1 switch 3\n>p1 move knockoff\n>p2 move hurricane\n>p1 move bodyslam\n>p2 move fierywrath\n>p1 switch 5\n>p1 move dracometeor\n>p2 move rest\n>p1 switch 6\n>p2 move fierywrath\n>p1 move swordsdance\n>p2 move fierywrath\n>p1 move superpower\n>p2 move fierywrath\n>p1 switch 6\n>p1 move aurasphere\n>p2 move fierywrath\n>p2 switch 2\n>p1 move lusterpurge\n>p2 move leechseed\n>p1 move lusterpurge\n>p2 move leechseed\n>p1 move lusterpurge\n>p2 move protect\n>p1 move recover\n>p2 move substitute\n>p1 switch 4\n>p2 move protect\n>p1 move aeroblast\n>p2 move leechseed\n>p1 switch 4\n>p2 switch 3\n>p1 move lusterpurge\n>p2 move knockoff\n>p1 switch 4\n>p1 move calmmind terastallize\n>p2 move knockoff\n>p1 move recover\n>p2 switch 3\n>p1 move aeroblast\n>p2 move leechseed\n>p1 move calmmind\n>p2 move airslash\n>p1 move calmmind\n>p2 switch 5\n>p1 move earthpower\n>p2 move heavyslam\n>p1 move earthpower\n>p2 move heavyslam\n>p2 switch 3\n>p1 move earthpower\n>p2 move icepunch terastallize", "uploadtime": 1781436300, "views": 5, "formatid": "gen9randombattle", "rating": null, "private": 0, "password": null}