{"id": "gen9randombattle-2631384600", "format": "[Gen 9] Random Battle", "players": ["Iridescent70", "bluesun000"], "log": "|j|\u2606Iridescent70\n|j|\u2606bluesun000\n|t:|1781378324\n|gametype|singles\n|player|p1|Iridescent70|lady|1962\n|player|p2|bluesun000|palmer|1946\n|gen|9\n|tier|[Gen 9] Random Battle\n|rated|\n|rule|Species Clause: Limit one of each Pok\u00e9mon\n|rule|HP Percentage Mod: HP is shown in percentages\n|rule|Sleep Clause Mod: Limit one foe put to sleep\n|rule|Illusion Level Mod: Illusion disguises the Pok\u00e9mon's true level\n|\n|t:|1781378324\n|teamsize|p1|6\n|teamsize|p2|6\n|start\n|switch|p1a: Bronzong|Bronzong, L88|261/261\n|switch|p2a: Espeon|Espeon, L84, M|246/246\n|turn|1\n|inactive|Battle timer is ON: inactive players will automatically lose when time's up. (requested by bluesun000)\n|\n|t:|1781378353\n|switch|p2a: Pikachu|Pikachu-Kalos, L93, F|216/216\n|move|p1a: Bronzong|Earthquake|p2a: Pikachu\n|-supereffective|p2a: Pikachu\n|-damage|p2a: Pikachu|0 fnt\n|faint|p2a: Pikachu\n|\n|upkeep\n|\n|t:|1781378365\n|switch|p2a: Espeon|Espeon, L84, M|246/246\n|turn|2\n|\n|t:|1781378370\n|switch|p1a: Honchkrow|Honchkrow, L86, F|312/312\n|move|p2a: Espeon|Shadow Ball|p1a: Honchkrow\n|-resisted|p1a: Honchkrow\n|-damage|p1a: Honchkrow|247/312\n|-damage|p2a: Espeon|222/246|[from] item: Life Orb\n|\n|upkeep\n|turn|3\n|\n|t:|1781378377\n|move|p1a: Honchkrow|Sucker Punch|p2a: Espeon\n|-supereffective|p2a: Espeon\n|-damage|p2a: Espeon|0 fnt\n|faint|p2a: Espeon\n|-ability|p1a: Honchkrow|Moxie|boost\n|-boost|p1a: Honchkrow|atk|1\n|\n|upkeep\n|\n|t:|1781378383\n|switch|p2a: Overqwil|Overqwil, L82, F|274/274\n|-ability|p2a: Overqwil|Intimidate|boost\n|-unboost|p1a: Honchkrow|atk|1\n|turn|4\n|\n|t:|1781378393\n|move|p2a: Overqwil|Swords Dance|p2a: Overqwil\n|-boost|p2a: Overqwil|atk|2\n|move|p1a: Honchkrow|U-turn|p2a: Overqwil\n|-damage|p2a: Overqwil|207/274\n|\n|t:|1781378397\n|switch|p1a: Hitmonlee|Hitmonlee, L85, M|223/223|[from] U-turn\n|\n|upkeep\n|turn|5\n|\n|t:|1781378407\n|move|p1a: Hitmonlee|High Jump Kick|p2a: Overqwil\n|-damage|p2a: Overqwil|0 fnt\n|faint|p2a: Overqwil\n|\n|upkeep\n|\n|t:|1781378413\n|switch|p2a: Kingdra|Kingdra, L84, M|263/263\n|turn|6\n|\n|t:|1781378417\n|switch|p2a: Sableye|Sableye, L88, M|231/231\n|move|p1a: Hitmonlee|High Jump Kick|p2a: Sableye\n|-immune|p2a: Sableye\n|-damage|p1a: Hitmonlee|112/223|[from] highjumpkick\n|\n|upkeep\n|turn|7\n|\n|t:|1781378423\n|switch|p1a: Ninetales|Ninetales-Alola, L78, F|242/242\n|-weather|Snowscape|[from] ability: Snow Warning|[of] p1a: Ninetales\n|move|p2a: Sableye|Knock Off|p1a: Ninetales\n|-resisted|p1a: Ninetales\n|-damage|p1a: Ninetales|203/242\n|-enditem|p1a: Ninetales|Light Clay|[from] move: Knock Off|[of] p2a: Sableye\n|\n|-weather|Snowscape|[upkeep]\n|upkeep\n|turn|8\n|\n|t:|1781378428\n|move|p2a: Sableye|Thunder Wave|p1a: Ninetales\n|-status|p1a: Ninetales|par\n|cant|p1a: Ninetales|par\n|\n|-weather|Snowscape|[upkeep]\n|upkeep\n|turn|9\n|\n|t:|1781378440\n|switch|p2a: Ceruledge|Ceruledge, L78, M|245/245\n|cant|p1a: Ninetales|par\n|\n|-weather|Snowscape|[upkeep]\n|upkeep\n|turn|10\n|\n|t:|1781378451\n|switch|p1a: Honchkrow|Honchkrow, L86, F|247/312\n|move|p2a: Ceruledge|Swords Dance|p2a: Ceruledge\n|-boost|p2a: Ceruledge|atk|2\n|\n|-weather|Snowscape|[upkeep]\n|upkeep\n|turn|11\n|\n|t:|1781378471\n|move|p1a: Honchkrow|Sucker Punch|p2a: Ceruledge\n|-supereffective|p2a: Ceruledge\n|-damage|p2a: Ceruledge|35/245\n|-ability|p2a: Ceruledge|Weak Armor|boost\n|-unboost|p2a: Ceruledge|def|1\n|-boost|p2a: Ceruledge|spe|2\n|move|p2a: Ceruledge|Bitter Blade|p1a: Honchkrow\n|-damage|p1a: Honchkrow|0 fnt\n|-heal|p2a: Ceruledge|159/245|[from] drain|[of] p1a: Honchkrow\n|faint|p1a: Honchkrow\n|\n|-weather|none\n|upkeep\n|\n|t:|1781378477\n|switch|p1a: Skeledirge|Skeledirge, L79, M|294/294\n|turn|12\n|inactive|bluesun000 has 120 seconds left.\n|inactive|bluesun000 has 90 seconds left.\n|\n|t:|1781378542\n|-terastallize|p2a: Ceruledge|Ghost\n|-terastallize|p1a: Skeledirge|Water\n|move|p2a: Ceruledge|Poltergeist|p1a: Skeledirge\n|-activate|p1a: Skeledirge|move: Poltergeist|Heavy-Duty Boots\n|-damage|p1a: Skeledirge|142/294\n|move|p1a: Skeledirge|Shadow Ball|p2a: Ceruledge\n|-supereffective|p2a: Ceruledge\n|-damage|p2a: Ceruledge|0 fnt\n|faint|p2a: Ceruledge\n|\n|upkeep\n|\n|t:|1781378564\n|switch|p2a: Sableye|Sableye, L88, M|231/231\n|turn|13\n|\n|t:|1781378573\n|switch|p1a: Ninetales|Ninetales-Alola, L78, F|203/242 par\n|-weather|Snowscape|[from] ability: Snow Warning|[of] p1a: Ninetales\n|move|p2a: Sableye|Encore||[still]\n|-fail|p2a: Sableye\n|\n|-weather|Snowscape|[upkeep]\n|upkeep\n|turn|14\n|\n|t:|1781378578\n|move|p2a: Sableye|Knock Off|p1a: Ninetales\n|-resisted|p1a: Ninetales\n|-damage|p1a: Ninetales|179/242 par\n|move|p1a: Ninetales|Moonblast|p2a: Sableye\n|-supereffective|p2a: Sableye\n|-damage|p2a: Sableye|49/231\n|\n|-weather|Snowscape|[upkeep]\n|-heal|p2a: Sableye|63/231|[from] item: Leftovers\n|upkeep\n|turn|15\n|\n|t:|1781378590\n|move|p2a: Sableye|Recover|p2a: Sableye\n|-heal|p2a: Sableye|179/231\n|move|p1a: Ninetales|Moonblast|p2a: Sableye\n|-supereffective|p2a: Sableye\n|-damage|p2a: Sableye|0 fnt\n|faint|p2a: Sableye\n|\n|-weather|Snowscape|[upkeep]\n|upkeep\n|\n|t:|1781378592\n|switch|p2a: Kingdra|Kingdra, L84, M|263/263\n|turn|16\n|inactive|bluesun000 has 90 seconds left.\n|\n|t:|1781378601\n|move|p2a: Kingdra|Dragon Dance|p2a: Kingdra\n|-boost|p2a: Kingdra|atk|1\n|-boost|p2a: Kingdra|spe|1\n|move|p1a: Ninetales|Freeze-Dry|p2a: Kingdra\n|-supereffective|p2a: Kingdra\n|-damage|p2a: Kingdra|35/263\n|\n|-weather|Snowscape|[upkeep]\n|upkeep\n|turn|17\n|\n|t:|1781378609\n|move|p2a: Kingdra|Waterfall|p1a: Ninetales\n|-damage|p1a: Ninetales|74/242 par\n|move|p1a: Ninetales|Freeze-Dry|p2a: Kingdra\n|-supereffective|p2a: Kingdra\n|-damage|p2a: Kingdra|0 fnt\n|faint|p2a: Kingdra\n|\n|win|Iridescent70\n", "inputlog": ">version a8376a258c1d4662feba110a92103f3664a72141\n>start {\"formatid\":\"gen9randombattle\",\"seed\":\"sodium,d2557cf0d941378402f78be5a986b2df\",\"rated\":\"Rated battle\"}\n>player p1 {\"name\":\"Iridescent70\",\"avatar\":\"lady\",\"rating\":1962,\"seed\":\"sodium,a7502033f990bd39197b3923cbfc1cee\"}\n>player p2 {\"name\":\"bluesun000\",\"avatar\":\"palmer\",\"rating\":1946,\"seed\":\"sodium,39cdc8d64ce53fb9c6c3a5681e3beae3\"}\n>p1 move earthquake\n>p2 switch 5\n>p2 switch 5\n>p1 switch 2\n>p2 move shadowball\n>p1 move suckerpunch\n>p2 move alluringvoice\n>p2 switch 3\n>p1 move uturn\n>p2 move swordsdance\n>p1 switch 5\n>p1 move highjumpkick\n>p2 move scaleshot\n>p2 switch 4\n>p1 move highjumpkick\n>p2 switch 2\n>p1 switch 4\n>p2 move knockoff\n>p1 move moonblast\n>p2 move thunderwave\n>p1 move moonblast\n>p2 switch 6\n>p1 switch 5\n>p2 move swordsdance\n>p1 move suckerpunch\n>p2 move bitterblade\n>p1 switch 6\n>p1 move shadowball terastallize\n>p2 move poltergeist terastallize\n>p2 switch 6\n>p1 switch 5\n>p2 move encore\n>p1 move moonblast\n>p2 move knockoff\n>p1 move moonblast\n>p2 move recover\n>p2 switch 2\n>p1 move freezedry\n>p2 move dragondance\n>p1 move freezedry\n>p2 move waterfall", "uploadtime": 1781378326, "views": 9, "formatid": "gen9randombattle", "rating": null, "private": 0, "password": null}