{"id": "gen9randombattle-2631736254", "format": "[Gen 9] Random Battle", "players": ["vogabal", "DaMoistAvocado"], "log": "|j|\u2606vogabal\n|j|\u2606DaMoistAvocado\n|t:|1781431120\n|gametype|singles\n|player|p1|vogabal|169|1966\n|player|p2|DaMoistAvocado|steven|1983\n|gen|9\n|tier|[Gen 9] Random Battle\n|rated|\n|rule|Species Clause: Limit one of each Pok\u00e9mon\n|rule|HP Percentage Mod: HP is shown in percentages\n|rule|Sleep Clause Mod: Limit one foe put to sleep\n|rule|Illusion Level Mod: Illusion disguises the Pok\u00e9mon's true level\n|\n|t:|1781431120\n|teamsize|p1|6\n|teamsize|p2|6\n|start\n|switch|p1a: Umbreon|Umbreon, L84, M|297/297\n|switch|p2a: Granbull|Granbull, L88, F|302/302\n|-ability|p2a: Granbull|Intimidate|boost\n|-unboost|p1a: Umbreon|atk|1\n|turn|1\n|\n|t:|1781431169\n|move|p1a: Umbreon|Toxic|p2a: Granbull\n|-status|p2a: Granbull|tox\n|move|p2a: Granbull|Play Rough|p1a: Umbreon|[miss]\n|-miss|p2a: Granbull|p1a: Umbreon\n|\n|-damage|p2a: Granbull|284/302 tox|[from] psn\n|upkeep\n|turn|2\n|\n|t:|1781431173\n|switch|p1a: Copperajah|Copperajah, L86, F|350/350\n|switch|p2a: Conkeldurr|Conkeldurr, L80, M|299/299\n|\n|-status|p2a: Conkeldurr|brn|[from] item: Flame Orb\n|upkeep\n|turn|3\n|\n|t:|1781431179\n|switch|p1a: Dedenne|Dedenne, L88, F|261/261\n|move|p2a: Conkeldurr|Close Combat|p1a: Dedenne\n|-resisted|p1a: Dedenne\n|-damage|p1a: Dedenne|118/261\n|-unboost|p2a: Conkeldurr|def|1\n|-unboost|p2a: Conkeldurr|spd|1\n|-enditem|p1a: Dedenne|Sitrus Berry|[eat]\n|-heal|p1a: Dedenne|183/261|[from] item: Sitrus Berry\n|-heal|p1a: Dedenne|261/261|[from] ability: Cheek Pouch\n|\n|-damage|p2a: Conkeldurr|281/299 brn|[from] brn\n|upkeep\n|turn|4\n|\n|t:|1781431187\n|switch|p2a: Slowking|Slowking-Galar, L85, F|300/300\n|move|p1a: Dedenne|Dazzling Gleam|p2a: Slowking\n|-resisted|p2a: Slowking\n|-damage|p2a: Slowking|275/300\n|\n|upkeep\n|turn|5\n|\n|t:|1781431189\n|move|p1a: Dedenne|U-turn|p2a: Slowking\n|-damage|p2a: Slowking|236/300\n|\n|t:|1781431191\n|switch|p1a: Copperajah|Copperajah, L86, F|350/350|[from] U-turn\n|move|p2a: Slowking|Sludge Bomb|p1a: Copperajah\n|-immune|p1a: Copperajah\n|\n|upkeep\n|turn|6\n|\n|t:|1781431236\n|move|p1a: Copperajah|Iron Head|p2a: Slowking\n|-damage|p2a: Slowking|45/300\n|move|p2a: Slowking|Fire Blast|p1a: Copperajah\n|-supereffective|p1a: Copperajah\n|-damage|p1a: Copperajah|124/350\n|\n|upkeep\n|turn|7\n|\n|t:|1781431243\n|switch|p2a: Sandaconda|Sandaconda, L84, F|258/258\n|move|p1a: Copperajah|Play Rough|p2a: Sandaconda\n|-damage|p2a: Sandaconda|148/258\n|\n|-heal|p2a: Sandaconda|164/258|[from] item: Leftovers\n|upkeep\n|turn|8\n|\n|t:|1781431251\n|switch|p1a: Araquanid|Araquanid, L82, M|246/246\n|move|p2a: Sandaconda|Earthquake|p1a: Araquanid\n|-resisted|p1a: Araquanid\n|-damage|p1a: Araquanid|191/246\n|\n|-heal|p2a: Sandaconda|180/258|[from] item: Leftovers\n|upkeep\n|turn|9\n|\n|t:|1781431265\n|move|p2a: Sandaconda|Stone Edge|p1a: Araquanid\n|-supereffective|p1a: Araquanid\n|-damage|p1a: Araquanid|31/246\n|move|p1a: Araquanid|Hydro Pump|p2a: Sandaconda\n|-supereffective|p2a: Sandaconda\n|-damage|p2a: Sandaconda|0 fnt\n|faint|p2a: Sandaconda\n|\n|upkeep\n|\n|t:|1781431287\n|switch|p2a: Conkeldurr|Conkeldurr, L80, M|281/299 brn\n|turn|10\n|\n|t:|1781431292\n|switch|p1a: Copperajah|Copperajah, L86, F|124/350\n|move|p2a: Conkeldurr|Facade|p1a: Copperajah\n|-resisted|p1a: Copperajah\n|-damage|p1a: Copperajah|26/350\n|\n|-damage|p2a: Conkeldurr|263/299 brn|[from] brn\n|upkeep\n|turn|11\n|\n|t:|1781431296\n|move|p2a: Conkeldurr|Mach Punch|p1a: Copperajah\n|-supereffective|p1a: Copperajah\n|-damage|p1a: Copperajah|0 fnt\n|faint|p1a: Copperajah\n|\n|-damage|p2a: Conkeldurr|245/299 brn|[from] brn\n|upkeep\n|\n|t:|1781431298\n|switch|p1a: Dedenne|Dedenne, L88, F|261/261\n|turn|12\n|\n|t:|1781431303\n|switch|p2a: Slowking|Slowking-Galar, L85, F|145/300\n|move|p1a: Dedenne|U-turn|p2a: Slowking\n|-damage|p2a: Slowking|105/300\n|\n|t:|1781431305\n|switch|p1a: Araquanid|Araquanid, L82, M|31/246|[from] U-turn\n|\n|upkeep\n|turn|13\n|\n|t:|1781431309\n|move|p1a: Araquanid|Sticky Web|p2a: Slowking\n|-sidestart|p2: DaMoistAvocado|move: Sticky Web\n|move|p2a: Slowking|Sludge Bomb|p1a: Araquanid\n|-crit|p1a: Araquanid\n|-damage|p1a: Araquanid|0 fnt\n|faint|p1a: Araquanid\n|\n|upkeep\n|\n|t:|1781431315\n|switch|p1a: Gastrodon|Gastrodon, L86, F|331/331\n|turn|14\n|\n|t:|1781431319\n|switch|p2a: Whimsicott|Whimsicott, L84, F|238/238\n|-activate|p2a: Whimsicott|move: Sticky Web\n|-unboost|p2a: Whimsicott|spe|1\n|move|p1a: Gastrodon|Earthquake|p2a: Whimsicott\n|-resisted|p2a: Whimsicott\n|-damage|p2a: Whimsicott|192/238\n|\n|-heal|p2a: Whimsicott|206/238|[from] item: Leftovers\n|upkeep\n|turn|15\n|\n|t:|1781431354\n|switch|p1a: Emboar|Emboar, L84, F|322/322\n|move|p2a: Whimsicott|Leech Seed|p1a: Emboar\n|-start|p1a: Emboar|move: Leech Seed\n|\n|-heal|p2a: Whimsicott|220/238|[from] item: Leftovers\n|-damage|p1a: Emboar|282/322|[from] Leech Seed|[of] p2a: Whimsicott\n|-heal|p2a: Whimsicott|238/238|[silent]\n|upkeep\n|turn|16\n|\n|t:|1781431360\n|move|p2a: Whimsicott|Substitute|p2a: Whimsicott\n|-start|p2a: Whimsicott|Substitute\n|-damage|p2a: Whimsicott|179/238\n|move|p1a: Emboar|Knock Off|p2a: Whimsicott\n|-resisted|p2a: Whimsicott\n|-activate|p2a: Whimsicott|move: Substitute|[damage]\n|\n|-heal|p2a: Whimsicott|193/238|[from] item: Leftovers\n|-damage|p1a: Emboar|242/322|[from] Leech Seed|[of] p2a: Whimsicott\n|-heal|p2a: Whimsicott|233/238|[silent]\n|upkeep\n|turn|17\n|-message|vogabal forfeited.\n|\n|win|DaMoistAvocado\n", "uploadtime": 1781431123, "views": 6, "formatid": "gen9randombattle", "rating": null, "private": 0, "password": null}