{"id": "gen9randombattle-2631658796", "format": "[Gen 9] Random Battle", "players": ["Rinkito", "demoivrestheorem"], "log": "|j|\u2606Rinkito\n|j|\u2606demoivrestheorem\n|t:|1781416452\n|gametype|singles\n|player|p1|Rinkito|102|1906\n|player|p2|demoivrestheorem|richboy|1965\n|gen|9\n|tier|[Gen 9] Random Battle\n|rated|\n|rule|Species Clause: Limit one of each Pok\u00e9mon\n|rule|HP Percentage Mod: HP is shown in percentages\n|rule|Sleep Clause Mod: Limit one foe put to sleep\n|rule|Illusion Level Mod: Illusion disguises the Pok\u00e9mon's true level\n|\n|t:|1781416452\n|teamsize|p1|6\n|teamsize|p2|6\n|start\n|switch|p1a: Regieleki|Regieleki, L79|256/256\n|switch|p2a: Hitmonchan|Hitmonchan, L87, M|229/229\n|turn|1\n|\n|t:|1781416465\n|move|p1a: Regieleki|Volt Switch|p2a: Hitmonchan\n|-damage|p2a: Hitmonchan|139/229\n|inactive|Battle timer is ON: inactive players will automatically lose when time's up. (requested by demoivrestheorem)\n|\n|t:|1781416476\n|switch|p1a: Latios|Latios, L78, M|253/253|[from] Volt Switch\n|move|p2a: Hitmonchan|Knock Off|p1a: Latios\n|-supereffective|p1a: Latios\n|-damage|p1a: Latios|22/253\n|-enditem|p1a: Latios|Choice Specs|[from] move: Knock Off|[of] p2a: Hitmonchan\n|-damage|p2a: Hitmonchan|117/229|[from] item: Life Orb\n|\n|upkeep\n|turn|2\n|\n|t:|1781416500\n|switch|p2a: Cryogonal|Cryogonal, L89|287/287\n|move|p1a: Latios|Luster Purge|p2a: Cryogonal\n|-damage|p2a: Cryogonal|206/287\n|\n|upkeep\n|turn|3\n|\n|t:|1781416508\n|switch|p1a: Oinkologne|Oinkologne, L92, M|352/352\n|move|p2a: Cryogonal|Rapid Spin|p1a: Oinkologne\n|-damage|p1a: Oinkologne|327/352\n|-boost|p2a: Cryogonal|spe|1\n|\n|-heal|p1a: Oinkologne|349/352|[from] item: Leftovers\n|upkeep\n|turn|4\n|\n|t:|1781416513\n|move|p2a: Cryogonal|Ice Beam|p1a: Oinkologne\n|-damage|p1a: Oinkologne|301/352\n|move|p1a: Oinkologne|Curse|p1a: Oinkologne\n|-unboost|p1a: Oinkologne|spe|1\n|-boost|p1a: Oinkologne|atk|1\n|-boost|p1a: Oinkologne|def|1\n|\n|-heal|p1a: Oinkologne|323/352|[from] item: Leftovers\n|upkeep\n|turn|5\n|\n|t:|1781416523\n|switch|p2a: Clawitzer|Clawitzer, L87, F|265/265\n|move|p1a: Oinkologne|Body Slam|p2a: Clawitzer\n|-damage|p2a: Clawitzer|118/265\n|-status|p2a: Clawitzer|par\n|\n|-heal|p1a: Oinkologne|345/352|[from] item: Leftovers\n|upkeep\n|turn|6\n|\n|t:|1781416530\n|move|p1a: Oinkologne|Body Slam|p2a: Clawitzer\n|-damage|p2a: Clawitzer|0 fnt\n|faint|p2a: Clawitzer\n|\n|-heal|p1a: Oinkologne|352/352|[from] item: Leftovers\n|upkeep\n|\n|t:|1781416538\n|switch|p2a: Hitmonchan|Hitmonchan, L87, M|117/229\n|turn|7\n|\n|t:|1781416540\n|move|p2a: Hitmonchan|Drain Punch|p1a: Oinkologne\n|-supereffective|p1a: Oinkologne\n|-damage|p1a: Oinkologne|165/352\n|-heal|p2a: Hitmonchan|211/229|[from] drain|[of] p1a: Oinkologne\n|-damage|p2a: Hitmonchan|189/229|[from] item: Life Orb\n|move|p1a: Oinkologne|Body Slam|p2a: Hitmonchan\n|-damage|p2a: Hitmonchan|18/229\n|-status|p2a: Hitmonchan|par\n|\n|-heal|p1a: Oinkologne|187/352|[from] item: Leftovers\n|upkeep\n|turn|8\n|\n|t:|1781416551\n|move|p2a: Hitmonchan|Mach Punch|p1a: Oinkologne\n|-supereffective|p1a: Oinkologne\n|-damage|p1a: Oinkologne|86/352\n|-damage|p2a: Hitmonchan|0 fnt|[from] item: Life Orb\n|faint|p2a: Hitmonchan\n|move|p1a: Oinkologne|Body Slam|p2: Hitmonchan|[notarget]\n|-fail|p1a: Oinkologne\n|\n|-heal|p1a: Oinkologne|108/352|[from] item: Leftovers\n|upkeep\n|\n|t:|1781416560\n|switch|p2a: Eelektross|Eelektross, L87, M|290/290\n|turn|9\n|\n|t:|1781416564\n|move|p2a: Eelektross|Coil|p2a: Eelektross\n|-boost|p2a: Eelektross|atk|1\n|-boost|p2a: Eelektross|def|1\n|-boost|p2a: Eelektross|accuracy|1\n|move|p1a: Oinkologne|Body Slam|p2a: Eelektross\n|-damage|p2a: Eelektross|182/290\n|\n|-heal|p2a: Eelektross|200/290|[from] item: Leftovers\n|-heal|p1a: Oinkologne|130/352|[from] item: Leftovers\n|upkeep\n|turn|10\n|\n|t:|1781416571\n|move|p2a: Eelektross|Drain Punch|p1a: Oinkologne\n|-supereffective|p1a: Oinkologne\n|-damage|p1a: Oinkologne|4/352\n|-heal|p2a: Eelektross|263/290|[from] drain|[of] p1a: Oinkologne\n|move|p1a: Oinkologne|Curse|p1a: Oinkologne\n|-unboost|p1a: Oinkologne|spe|1\n|-boost|p1a: Oinkologne|atk|1\n|-boost|p1a: Oinkologne|def|1\n|\n|-heal|p2a: Eelektross|281/290|[from] item: Leftovers\n|-heal|p1a: Oinkologne|26/352|[from] item: Leftovers\n|upkeep\n|turn|11\n|\n|t:|1781416578\n|move|p2a: Eelektross|Knock Off|p1a: Oinkologne\n|-damage|p1a: Oinkologne|0 fnt\n|-enditem|p1a: Oinkologne|Leftovers|[from] move: Knock Off|[of] p2a: Eelektross\n|faint|p1a: Oinkologne\n|\n|-heal|p2a: Eelektross|290/290|[from] item: Leftovers\n|upkeep\n|\n|t:|1781416586\n|switch|p1a: Latios|Latios, L78, M|22/253\n|turn|12\n|inactive|demoivrestheorem has 120 seconds left.\n|\n|t:|1781416645\n|move|p1a: Latios|Draco Meteor|p2a: Eelektross\n|-damage|p2a: Eelektross|130/290\n|-unboost|p1a: Latios|spa|2\n|move|p2a: Eelektross|Drain Punch|p1a: Latios\n|-resisted|p1a: Latios\n|-damage|p1a: Latios|0 fnt\n|-heal|p2a: Eelektross|141/290|[from] drain|[of] p1a: Latios\n|faint|p1a: Latios\n|\n|-heal|p2a: Eelektross|159/290|[from] item: Leftovers\n|upkeep\n|\n|t:|1781416665\n|switch|p1a: Reuniclus|Reuniclus, L88, M|337/337\n|turn|13\n|\n|t:|1781416668\n|move|p2a: Eelektross|Knock Off|p1a: Reuniclus\n|-supereffective|p1a: Reuniclus\n|-damage|p1a: Reuniclus|59/337\n|-enditem|p1a: Reuniclus|Life Orb|[from] move: Knock Off|[of] p2a: Eelektross\n|move|p1a: Reuniclus|Psychic|p2a: Eelektross\n|-damage|p2a: Eelektross|29/290\n|\n|-heal|p2a: Eelektross|47/290|[from] item: Leftovers\n|upkeep\n|turn|14\n|\n|t:|1781416675\n|move|p2a: Eelektross|Knock Off|p1a: Reuniclus\n|-supereffective|p1a: Reuniclus\n|-damage|p1a: Reuniclus|0 fnt\n|faint|p1a: Reuniclus\n|\n|-heal|p2a: Eelektross|65/290|[from] item: Leftovers\n|upkeep\n|\n|t:|1781416677\n|switch|p1a: Regieleki|Regieleki, L79|256/256\n|turn|15\n|\n|t:|1781416682\n|move|p1a: Regieleki|Thunderbolt|p2a: Eelektross\n|-resisted|p2a: Eelektross\n|-damage|p2a: Eelektross|0 fnt\n|faint|p2a: Eelektross\n|\n|upkeep\n|\n|t:|1781416687\n|switch|p2a: Cryogonal|Cryogonal, L89|206/287\n|turn|16\n|\n|t:|1781416691\n|move|p1a: Regieleki|Thunderbolt|p2a: Cryogonal\n|-damage|p2a: Cryogonal|122/287\n|move|p2a: Cryogonal|Ice Beam|p1a: Regieleki\n|-damage|p1a: Regieleki|91/256\n|\n|upkeep\n|turn|17\n|\n|t:|1781416696\n|move|p1a: Regieleki|Volt Switch|p2a: Cryogonal\n|-damage|p2a: Cryogonal|50/287\n|\n|t:|1781416708\n|switch|p1a: Feraligatr|Feraligatr, L79, M|264/264|[from] Volt Switch\n|move|p2a: Cryogonal|Recover|p2a: Cryogonal\n|-heal|p2a: Cryogonal|194/287\n|\n|upkeep\n|turn|18\n|\n|t:|1781416712\n|-terastallize|p2a: Cryogonal|Electric\n|move|p2a: Cryogonal|Tera Blast|p1a: Feraligatr|[anim] Tera Blast Electric\n|-supereffective|p1a: Feraligatr\n|-damage|p1a: Feraligatr|60/264\n|move|p1a: Feraligatr|Dragon Dance|p1a: Feraligatr\n|-boost|p1a: Feraligatr|atk|1\n|-boost|p1a: Feraligatr|spe|1\n|\n|upkeep\n|turn|19\n|\n|t:|1781416722\n|move|p1a: Feraligatr|Liquidation|p2a: Cryogonal\n|-damage|p2a: Cryogonal|0 fnt\n|faint|p2a: Cryogonal\n|\n|upkeep\n|\n|t:|1781416729\n|switch|p2a: Mesprit|Mesprit, L85|275/275\n|turn|20\n|\n|t:|1781416734\n|move|p1a: Feraligatr|Liquidation|p2a: Mesprit\n|-crit|p2a: Mesprit\n|-damage|p2a: Mesprit|0 fnt\n|faint|p2a: Mesprit\n|\n|upkeep\n|\n|t:|1781416737\n|switch|p2a: Cyclizar|Cyclizar, L83, M|252/252\n|turn|21\n|\n|t:|1781416740\n|move|p1a: Feraligatr|Ice Punch|p2a: Cyclizar\n|-supereffective|p2a: Cyclizar\n|-damage|p2a: Cyclizar|0 fnt\n|faint|p2a: Cyclizar\n|\n|win|Rinkito\n", "inputlog": ">version a8376a258c1d4662feba110a92103f3664a72141\n>start {\"formatid\":\"gen9randombattle\",\"seed\":\"sodium,2eeacdb5bea36e9083b171d9035b2009\",\"rated\":\"Rated battle\"}\n>player p1 {\"name\":\"Rinkito\",\"avatar\":\"102\",\"rating\":1906,\"seed\":\"sodium,dc2433336385573e43c2b69d2de1ec2e\"}\n>player p2 {\"name\":\"demoivrestheorem\",\"avatar\":\"richboy\",\"rating\":1965,\"seed\":\"sodium,9afdf4d921253f9846c2d33a8e271c9c\"}\n>p1 move voltswitch\n>p2 move knockoff\n>p1 switch 3\n>p1 move lusterpurge\n>p2 switch 3\n>p1 switch 2\n>p2 move rapidspin\n>p1 move curse\n>p2 move icebeam\n>p1 move bodyslam\n>p2 switch 2\n>p1 move bodyslam\n>p2 move aurasphere\n>p2 switch 3\n>p1 move bodyslam\n>p2 move drainpunch\n>p1 move bodyslam\n>p2 move machpunch\n>p2 switch 6\n>p1 move bodyslam\n>p2 move coil\n>p1 move curse\n>p2 move drainpunch\n>p1 move bodyslam\n>p2 move knockoff\n>p1 switch 2\n>p1 move dracometeor\n>p2 move drainpunch\n>p1 switch 5\n>p1 move psychic\n>p2 move knockoff\n>p1 move psychic\n>p2 move knockoff\n>p1 switch 3\n>p1 move thunderbolt\n>p2 move drainpunch\n>p2 switch 2\n>p1 move thunderbolt\n>p2 move icebeam\n>p1 move voltswitch\n>p2 move recover\n>p1 switch 6\n>p1 move dragondance\n>p2 move terablast terastallize\n>p1 move liquidation\n>p2 move terablast\n>p2 switch 5\n>p1 move liquidation\n>p2 move thunderbolt\n>p2 switch 4\n>p1 move icepunch\n>p2 move knockoff", "uploadtime": 1781416455, "views": 3, "formatid": "gen9randombattle", "rating": null, "private": 0, "password": null}