{"id": "gen9randombattle-2631384860", "format": "[Gen 9] Random Battle", "players": ["cococem", "TheeSalesman"], "log": "|j|\u2606cococem\n|j|\u2606TheeSalesman\n|t:|1781378355\n|gametype|singles\n|player|p1|cococem|baker|2118\n|player|p2|TheeSalesman|clerk|2065\n|gen|9\n|tier|[Gen 9] Random Battle\n|rated|\n|rule|Species Clause: Limit one of each Pok\u00e9mon\n|rule|HP Percentage Mod: HP is shown in percentages\n|rule|Sleep Clause Mod: Limit one foe put to sleep\n|rule|Illusion Level Mod: Illusion disguises the Pok\u00e9mon's true level\n|\n|t:|1781378355\n|teamsize|p1|6\n|teamsize|p2|6\n|start\n|switch|p1a: Flamigo|Flamigo, L82, M|269/269\n|switch|p2a: Decidueye|Decidueye-Hisui, L87, F|295/295\n|turn|1\n|inactive|Battle timer is ON: inactive players will automatically lose when time's up. (requested by TheeSalesman)\n|\n|t:|1781378365\n|switch|p2a: Greedent|Greedent, L86, M|347/347\n|move|p1a: Flamigo|Close Combat|p2a: Greedent\n|-supereffective|p2a: Greedent\n|-damage|p2a: Greedent|25/347\n|-unboost|p1a: Flamigo|def|1\n|-unboost|p1a: Flamigo|spd|1\n|-enditem|p2a: Greedent|Sitrus Berry|[eat]\n|-heal|p2a: Greedent|111/347|[from] item: Sitrus Berry\n|-heal|p2a: Greedent|226/347|[from] ability: Cheek Pouch\n|-damage|p1a: Flamigo|243/269|[from] item: Life Orb\n|\n|upkeep\n|turn|2\n|\n|t:|1781378377\n|switch|p2a: Arceus|Arceus-Bug, L73|295/295\n|move|p1a: Flamigo|Close Combat|p2a: Arceus\n|-resisted|p2a: Arceus\n|-damage|p2a: Arceus|218/295\n|-unboost|p1a: Flamigo|def|1\n|-unboost|p1a: Flamigo|spd|1\n|-damage|p1a: Flamigo|217/269|[from] item: Life Orb\n|\n|upkeep\n|turn|3\n|\n|t:|1781378384\n|move|p2a: Arceus|Fire Blast|p1a: Flamigo\n|-crit|p1a: Flamigo\n|-damage|p1a: Flamigo|0 fnt\n|faint|p1a: Flamigo\n|\n|upkeep\n|\n|t:|1781378394\n|switch|p1a: Gumshoos|Gumshoos, L95, F|321/321\n|turn|4\n|\n|t:|1781378401\n|switch|p2a: Greedent|Greedent, L86, M|226/347\n|move|p1a: Gumshoos|U-turn|p2a: Greedent\n|-damage|p2a: Greedent|43/347\n|\n|t:|1781378405\n|switch|p1a: Leavanny|Leavanny, L86, M|269/269|[from] U-turn\n|\n|upkeep\n|turn|5\n|\n|t:|1781378412\n|move|p1a: Leavanny|Sticky Web|p2a: Greedent\n|-sidestart|p2: TheeSalesman|move: Sticky Web\n|move|p2a: Greedent|Body Slam|p1a: Leavanny\n|-damage|p1a: Leavanny|163/269\n|\n|upkeep\n|turn|6\n|\n|t:|1781378414\n|move|p1a: Leavanny|Bullet Seed|p2a: Greedent\n|-damage|p2a: Greedent|16/347\n|-damage|p2a: Greedent|0 fnt\n|faint|p2a: Greedent\n|-hitcount|p2: Greedent|2\n|\n|upkeep\n|\n|t:|1781378425\n|switch|p2a: Terapagos|Terapagos, L77, F|265/265\n|-activate|p2a: Terapagos|ability: Tera Shift\n|detailschange|p2a: Terapagos|Terapagos-Terastal, L77, F\n|-heal|p2a: Terapagos|273/273|[silent]\n|turn|7\n|\n|t:|1781378428\n|switch|p1a: Houndstone|Houndstone, L86, F|264/264\n|move|p2a: Terapagos|Rapid Spin|p1a: Houndstone\n|-immune|p1a: Houndstone\n|\n|upkeep\n|turn|8\n|\n|t:|1781378435\n|switch|p2a: Grimmsnarl|Grimmsnarl, L83, M|293/293\n|-activate|p2a: Grimmsnarl|move: Sticky Web\n|-unboost|p2a: Grimmsnarl|spe|1\n|move|p1a: Houndstone|Body Press|p2a: Grimmsnarl\n|-damage|p2a: Grimmsnarl|212/293\n|\n|upkeep\n|turn|9\n|\n|t:|1781378454\n|switch|p1a: Gumshoos|Gumshoos, L95, F|321/321\n|move|p2a: Grimmsnarl|Thunder Wave|p1a: Gumshoos\n|-status|p1a: Gumshoos|par\n|\n|upkeep\n|turn|10\n|\n|t:|1781378456\n|move|p2a: Grimmsnarl|Reflect|p2a: Grimmsnarl\n|-sidestart|p2: TheeSalesman|Reflect\n|move|p1a: Gumshoos|Knock Off|p2a: Grimmsnarl\n|-resisted|p2a: Grimmsnarl\n|-damage|p2a: Grimmsnarl|189/293\n|-enditem|p2a: Grimmsnarl|Light Clay|[from] move: Knock Off|[of] p1a: Gumshoos\n|\n|upkeep\n|turn|11\n|\n|t:|1781378462\n|switch|p1a: Houndstone|Houndstone, L86, F|264/264\n|move|p2a: Grimmsnarl|Spirit Break|p1a: Houndstone\n|-damage|p1a: Houndstone|225/264\n|-unboost|p1a: Houndstone|spa|1\n|\n|-heal|p1a: Houndstone|241/264|[from] item: Leftovers\n|upkeep\n|turn|12\n|\n|t:|1781378467\n|move|p1a: Houndstone|Body Press|p2a: Grimmsnarl\n|-damage|p2a: Grimmsnarl|151/293\n|move|p2a: Grimmsnarl|Spirit Break|p1a: Houndstone\n|-damage|p1a: Houndstone|201/264\n|-unboost|p1a: Houndstone|spa|1\n|\n|-heal|p1a: Houndstone|217/264|[from] item: Leftovers\n|upkeep\n|turn|13\n|\n|t:|1781378474\n|move|p2a: Grimmsnarl|Thunder Wave|p1a: Houndstone\n|-status|p1a: Houndstone|par\n|cant|p1a: Houndstone|par\n|\n|-heal|p1a: Houndstone|233/264 par|[from] item: Leftovers\n|upkeep\n|turn|14\n|\n|t:|1781378480\n|switch|p2a: Arceus|Arceus-Bug, L73|218/295\n|-activate|p2a: Arceus|move: Sticky Web\n|-unboost|p2a: Arceus|spe|1\n|cant|p1a: Houndstone|par\n|\n|-heal|p1a: Houndstone|249/264 par|[from] item: Leftovers\n|upkeep\n|turn|15\n|\n|t:|1781378484\n|switch|p1a: Gumshoos|Gumshoos, L95, F|321/321 par\n|move|p2a: Arceus|Fire Blast|p1a: Gumshoos\n|-damage|p1a: Gumshoos|236/321 par\n|\n|upkeep\n|turn|16\n|\n|t:|1781378490\n|move|p2a: Arceus|Judgment|p1a: Gumshoos\n|-damage|p1a: Gumshoos|97/321 par\n|move|p1a: Gumshoos|Double-Edge|p2a: Arceus\n|-damage|p2a: Arceus|106/295\n|-damage|p1a: Gumshoos|60/321 par|[from] Recoil\n|\n|upkeep\n|turn|17\n|\n|t:|1781378495\n|move|p2a: Arceus|Recover|p2a: Arceus\n|-heal|p2a: Arceus|254/295\n|move|p1a: Gumshoos|Double-Edge|p2a: Arceus\n|-damage|p2a: Arceus|139/295\n|-damage|p1a: Gumshoos|22/321 par|[from] Recoil\n|\n|-sideend|p2: TheeSalesman|Reflect\n|upkeep\n|turn|18\n|\n|t:|1781378498\n|move|p2a: Arceus|Judgment|p1a: Gumshoos\n|-damage|p1a: Gumshoos|0 fnt\n|faint|p1a: Gumshoos\n|\n|upkeep\n|\n|t:|1781378503\n|switch|p1a: Rillaboom|Rillaboom, L79, M|288/288\n|-fieldstart|move: Grassy Terrain|[from] ability: Grassy Surge|[of] p1a: Rillaboom\n|turn|19\n|\n|t:|1781378507\n|-terastallize|p1a: Rillaboom|Grass\n|move|p1a: Rillaboom|Wood Hammer|p2a: Arceus\n|-resisted|p2a: Arceus\n|-damage|p2a: Arceus|0 fnt\n|faint|p2a: Arceus\n|-damage|p1a: Rillaboom|242/288|[from] Recoil\n|\n|-heal|p1a: Rillaboom|260/288|[from] Grassy Terrain\n|upkeep\n|\n|t:|1781378513\n|switch|p2a: Decidueye|Decidueye-Hisui, L87, F|295/295\n|-activate|p2a: Decidueye|move: Sticky Web\n|-unboost|p2a: Decidueye|spe|1\n|turn|20\n|\n|t:|1781378523\n|switch|p2a: Grimmsnarl|Grimmsnarl, L83, M|151/293\n|-activate|p2a: Grimmsnarl|move: Sticky Web\n|-unboost|p2a: Grimmsnarl|spe|1\n|move|p1a: Rillaboom|Wood Hammer|p2a: Grimmsnarl\n|-damage|p2a: Grimmsnarl|0 fnt\n|faint|p2a: Grimmsnarl\n|-damage|p1a: Rillaboom|210/288|[from] Recoil\n|\n|-heal|p1a: Rillaboom|228/288|[from] Grassy Terrain\n|upkeep\n|\n|t:|1781378532\n|switch|p2a: Terapagos|Terapagos-Terastal, L77, F|273/273\n|turn|21\n|\n|t:|1781378537\n|switch|p1a: Houndstone|Houndstone, L86, F|249/264 par\n|move|p2a: Terapagos|Rapid Spin|p1a: Houndstone\n|-immune|p1a: Houndstone\n|\n|-heal|p1a: Houndstone|264/264 par|[from] Grassy Terrain\n|upkeep\n|turn|22\n|\n|t:|1781378544\n|move|p2a: Terapagos|Dark Pulse|p1a: Houndstone\n|-supereffective|p1a: Houndstone\n|-damage|p1a: Houndstone|170/264 par\n|cant|p1a: Houndstone|par\n|\n|-heal|p1a: Houndstone|186/264 par|[from] Grassy Terrain\n|-heal|p1a: Houndstone|202/264 par|[from] item: Leftovers\n|upkeep\n|turn|23\n|\n|t:|1781378548\n|move|p2a: Terapagos|Dark Pulse|p1a: Houndstone\n|-supereffective|p1a: Houndstone\n|-damage|p1a: Houndstone|118/264 par\n|cant|p1a: Houndstone|flinch\n|\n|-heal|p1a: Houndstone|134/264 par|[from] Grassy Terrain\n|-heal|p1a: Houndstone|150/264 par|[from] item: Leftovers\n|-fieldend|move: Grassy Terrain\n|upkeep\n|turn|24\n|\n|t:|1781378551\n|move|p2a: Terapagos|Dark Pulse|p1a: Houndstone\n|-supereffective|p1a: Houndstone\n|-damage|p1a: Houndstone|58/264 par\n|move|p1a: Houndstone|Body Press|p2a: Terapagos\n|-activate|p2a: Terapagos|ability: Tera Shell\n|-resisted|p2a: Terapagos\n|-damage|p2a: Terapagos|245/273\n|\n|-heal|p1a: Houndstone|74/264 par|[from] item: Leftovers\n|upkeep\n|turn|25\n|\n|t:|1781378555\n|move|p2a: Terapagos|Dark Pulse|p1a: Houndstone\n|-supereffective|p1a: Houndstone\n|-damage|p1a: Houndstone|0 fnt\n|faint|p1a: Houndstone\n|\n|upkeep\n|\n|t:|1781378556\n|switch|p1a: Rillaboom|Rillaboom, L79, M, tera:Grass|228/288\n|-fieldstart|move: Grassy Terrain|[from] ability: Grassy Surge|[of] p1a: Rillaboom\n|turn|26\n|\n|t:|1781378565\n|-terastallize|p2a: Terapagos|Stellar\n|detailschange|p2a: Terapagos|Terapagos-Stellar, L77, F, tera:Stellar\n|-heal|p2a: Terapagos|345/373|[silent]\n|-ability|p2a: Terapagos|Teraform Zero\n|-fieldend|move: Grassy Terrain\n|move|p1a: Rillaboom|Wood Hammer|p2a: Terapagos\n|-damage|p2a: Terapagos|101/373\n|-damage|p1a: Rillaboom|147/288|[from] Recoil\n|move|p2a: Terapagos|Rapid Spin|p1a: Rillaboom\n|-crit|p1a: Rillaboom\n|-damage|p1a: Rillaboom|33/288\n|-boost|p2a: Terapagos|spe|1\n|-sideend|p2: TheeSalesman|Sticky Web|[from] move: Rapid Spin|[of] p2a: Terapagos\n|\n|upkeep\n|turn|27\n|\n|t:|1781378576\n|move|p2a: Terapagos|Tera Starstorm|p1a: Rillaboom\n|-supereffective|p1a: Rillaboom\n|-damage|p1a: Rillaboom|0 fnt\n|faint|p1a: Rillaboom\n|\n|upkeep\n|\n|t:|1781378577\n|switch|p1a: Morpeko|Morpeko, L88, M|245/245\n|turn|28\n|\n|t:|1781378580\n|move|p2a: Terapagos|Tera Starstorm|p1a: Morpeko\n|-damage|p1a: Morpeko|115/245\n|move|p1a: Morpeko|Aura Wheel|p2a: Terapagos\n|-damage|p2a: Terapagos|0 fnt\n|-boost|p1a: Morpeko|spe|1\n|faint|p2a: Terapagos\n|detailschange|p2: Terapagos|Terapagos, L77, F|[silent]\n|\n|-heal|p1a: Morpeko|130/245|[from] item: Leftovers\n|-formechange|p1a: Morpeko|Morpeko-Hangry||[from] ability: Hunger Switch\n|upkeep\n|\n|t:|1781378583\n|switch|p2a: Decidueye|Decidueye-Hisui, L87, F|295/295\n|turn|29\n|\n|t:|1781378586\n|switch|p1a: Leavanny|Leavanny, L86, M|163/269\n|move|p2a: Decidueye|Triple Arrows|p1a: Leavanny\n|-resisted|p1a: Leavanny\n|-damage|p1a: Leavanny|100/269\n|\n|upkeep\n|turn|30\n|\n|t:|1781378588\n|move|p1a: Leavanny|Triple Axel|p2a: Decidueye\n|-supereffective|p2a: Decidueye\n|-damage|p2a: Decidueye|261/295\n|-supereffective|p2a: Decidueye\n|-damage|p2a: Decidueye|195/295\n|-supereffective|p2a: Decidueye\n|-damage|p2a: Decidueye|103/295\n|-hitcount|p2a: Decidueye|3\n|move|p2a: Decidueye|Triple Arrows|p1a: Leavanny\n|-resisted|p1a: Leavanny\n|-damage|p1a: Leavanny|43/269\n|-unboost|p1a: Leavanny|def|1\n|\n|-heal|p2a: Decidueye|121/295|[from] item: Leftovers\n|upkeep\n|turn|31\n|\n|t:|1781378590\n|move|p1a: Leavanny|Triple Axel|p2a: Decidueye\n|-supereffective|p2a: Decidueye\n|-damage|p2a: Decidueye|87/295\n|-supereffective|p2a: Decidueye\n|-damage|p2a: Decidueye|19/295\n|-supereffective|p2a: Decidueye\n|-damage|p2a: Decidueye|0 fnt\n|faint|p2a: Decidueye\n|-hitcount|p2: Decidueye|3\n|\n|upkeep\n|\n|t:|1781378591\n|switch|p2a: Excadrill|Excadrill, L79, M|303/303\n|-ability|p2a: Excadrill|Mold Breaker\n|turn|32\n|\n|t:|1781378597\n|move|p1a: Leavanny|Bullet Seed|p2a: Excadrill\n|-damage|p2a: Excadrill|261/303\n|-damage|p2a: Excadrill|215/303\n|-damage|p2a: Excadrill|175/303\n|-damage|p2a: Excadrill|132/303\n|-hitcount|p2a: Excadrill|4\n|move|p2a: Excadrill|Rapid Spin|p1a: Leavanny\n|-damage|p1a: Leavanny|0 fnt\n|-boost|p2a: Excadrill|spe|1\n|faint|p1a: Leavanny\n|\n|-heal|p2a: Excadrill|150/303|[from] item: Leftovers\n|upkeep\n|\n|t:|1781378598\n|switch|p1a: Morpeko|Morpeko, L88, M|130/245\n|turn|33\n|-message|cococem forfeited.\n|\n|win|TheeSalesman\n", "inputlog": ">version a8376a258c1d4662feba110a92103f3664a72141\n>start {\"formatid\":\"gen9randombattle\",\"seed\":\"sodium,8fba4c1c8b005b2be6706950327ec217\",\"rated\":\"Rated battle\"}\n>player p1 {\"name\":\"cococem\",\"avatar\":\"baker\",\"rating\":2118,\"seed\":\"sodium,d46909b02e2faa8dbbb8474c603287e6\"}\n>player p2 {\"name\":\"TheeSalesman\",\"avatar\":\"clerk\",\"rating\":2065,\"seed\":\"sodium,65f41e6098234be264b21b704602cfd4\"}\n>p1 move closecombat\n>p2 switch 2\n>p1 move closecombat\n>p2 switch 6\n>p1 move bravebird\n>p2 move fireblast\n>p1 switch 6\n>p1 move uturn\n>p2 switch 6\n>p1 switch 5\n>p1 move stickyweb\n>p2 move bodyslam\n>p1 move bulletseed\n>p2 move bodyslam\n>p2 switch 3\n>p1 switch 2\n>p2 move rapidspin\n>p1 move bodypress\n>p2 switch 5\n>p1 switch 5\n>p2 move thunderwave\n>p1 move knockoff\n>p2 move reflect\n>p1 switch 5\n>p2 move spiritbreak\n>p1 move bodypress\n>p2 move spiritbreak\n>p1 move bodypress\n>p2 move thunderwave\n>p1 move bodypress\n>p2 switch 6\n>p1 switch 5\n>p2 move fireblast\n>p1 move doubleedge\n>p2 move judgment\n>p1 move doubleedge\n>p2 move recover\n>p1 move doubleedge\n>p2 move judgment\n>p1 switch 3\n>p1 move woodhammer terastallize\n>p2 move judgment\n>p2 switch 2\n>p1 move woodhammer\n>p2 switch 6\n>p2 switch 5\n>p1 switch 5\n>p2 move rapidspin\n>p1 move bodypress\n>p2 move darkpulse\n>p1 move bodypress\n>p2 move darkpulse\n>p1 move bodypress\n>p2 move darkpulse\n>p1 move bodypress\n>p2 move darkpulse\n>p1 switch 5\n>p1 move woodhammer\n>p2 move rapidspin terastallize\n>p1 move woodhammer\n>p2 move terastarstorm\n>p1 switch 4\n>p1 move aurawheel\n>p2 move terastarstorm\n>p2 switch 6\n>p1 switch 2\n>p2 move triplearrows\n>p1 move tripleaxel\n>p2 move triplearrows\n>p1 move tripleaxel\n>p2 move triplearrows\n>p2 switch 4\n>p1 move bulletseed\n>p2 move rapidspin\n>p1 switch 2\n>forcelose p1", "uploadtime": 1781378356, "views": 8, "formatid": "gen9randombattle", "rating": null, "private": 0, "password": null}