{"id": "gen9randombattle-2631387136", "format": "[Gen 9] Random Battle", "players": ["A_stuff", "mnolk"], "log": "|j|\u2606A_stuff\n|j|\u2606mnolk\n|t:|1781378619\n|gametype|singles\n|player|p1|A_stuff|lucas|1068\n|player|p2|mnolk|265|1085\n|gen|9\n|tier|[Gen 9] Random Battle\n|rated|\n|rule|Species Clause: Limit one of each Pok\u00e9mon\n|rule|HP Percentage Mod: HP is shown in percentages\n|rule|Sleep Clause Mod: Limit one foe put to sleep\n|rule|Illusion Level Mod: Illusion disguises the Pok\u00e9mon's true level\n|\n|t:|1781378619\n|teamsize|p1|6\n|teamsize|p2|6\n|start\n|switch|p1a: Vikavolt|Vikavolt, L83, F|263/263\n|switch|p2a: Mienshao|Mienshao, L83, M|244/244\n|turn|1\n|inactive|Battle timer is ON: inactive players will automatically lose when time's up. (requested by A_stuff)\n|\n|t:|1781378636\n|-terastallize|p2a: Mienshao|Dark\n|move|p2a: Mienshao|Fake Out|p1a: Vikavolt\n|-damage|p1a: Vikavolt|227/263\n|cant|p1a: Vikavolt|flinch\n|\n|upkeep\n|turn|2\n|\n|t:|1781378651\n|move|p2a: Mienshao|Knock Off|p1a: Vikavolt\n|-damage|p1a: Vikavolt|109/263\n|-enditem|p1a: Vikavolt|Heavy-Duty Boots|[from] move: Knock Off|[of] p2a: Mienshao\n|move|p1a: Vikavolt|Sticky Web|p2a: Mienshao\n|-sidestart|p2: mnolk|move: Sticky Web\n|\n|upkeep\n|turn|3\n|\n|t:|1781378663\n|move|p2a: Mienshao|Fake Out||[still]\n|-hint|Fake Out only works on your first turn out.\n|-fail|p2a: Mienshao\n|move|p1a: Vikavolt|Bug Buzz|p2a: Mienshao\n|-supereffective|p2a: Mienshao\n|-damage|p2a: Mienshao|8/244\n|\n|upkeep\n|turn|4\n|\n|t:|1781378670\n|move|p2a: Mienshao|Fake Out||[still]\n|-hint|Fake Out only works on your first turn out.\n|-fail|p2a: Mienshao\n|move|p1a: Vikavolt|Volt Switch|p2a: Mienshao\n|-damage|p2a: Mienshao|0 fnt\n|faint|p2a: Mienshao\n|\n|t:|1781378678\n|switch|p1a: Minior|Minior, L79|224/224|[from] Volt Switch\n|-formechange|p1a: Minior|Minior-Meteor||[from] ability: Shields Down\n|\n|upkeep\n|\n|t:|1781378688\n|switch|p2a: Kingdra|Kingdra, L84, M|263/263\n|-activate|p2a: Kingdra|move: Sticky Web\n|-unboost|p2a: Kingdra|spe|1\n|turn|5\n|\n|t:|1781378701\n|move|p1a: Minior|Shell Smash|p1a: Minior\n|-unboost|p1a: Minior|def|1\n|-unboost|p1a: Minior|spd|1\n|-boost|p1a: Minior|atk|2\n|-boost|p1a: Minior|spa|2\n|-boost|p1a: Minior|spe|2\n|-enditem|p1a: Minior|White Herb\n|-clearnegativeboost|p1a: Minior|[silent]\n|move|p2a: Kingdra|Dragon Dance|p2a: Kingdra\n|-boost|p2a: Kingdra|atk|1\n|-boost|p2a: Kingdra|spe|1\n|\n|upkeep\n|turn|6\n|\n|t:|1781378715\n|move|p1a: Minior|Acrobatics|p2a: Kingdra\n|-damage|p2a: Kingdra|125/263\n|move|p2a: Kingdra|Wave Crash|p1a: Minior\n|-supereffective|p1a: Minior\n|-damage|p1a: Minior|0 fnt\n|faint|p1a: Minior\n|-damage|p2a: Kingdra|51/263|[from] Recoil\n|\n|upkeep\n|\n|t:|1781378725\n|switch|p1a: Vikavolt|Vikavolt, L83, F|109/263\n|turn|7\n|\n|t:|1781378736\n|move|p2a: Kingdra|Wave Crash|p1a: Vikavolt\n|-damage|p1a: Vikavolt|0 fnt\n|faint|p1a: Vikavolt\n|-damage|p2a: Kingdra|15/263|[from] Recoil\n|\n|upkeep\n|\n|t:|1781378754\n|switch|p1a: Spiritomb|Spiritomb, L89, F|234/234\n|turn|8\n|\n|t:|1781378763\n|move|p1a: Spiritomb|Shadow Sneak|p2a: Kingdra\n|-damage|p2a: Kingdra|0 fnt\n|faint|p2a: Kingdra\n|\n|upkeep\n|\n|t:|1781378771\n|switch|p2a: Gholdengo|Gholdengo, L77|261/261\n|-activate|p2a: Gholdengo|move: Sticky Web\n|-unboost|p2a: Gholdengo|spe|1\n|turn|9\n|\n|t:|1781378779\n|move|p2a: Gholdengo|Nasty Plot|p2a: Gholdengo\n|-boost|p2a: Gholdengo|spa|2\n|move|p1a: Spiritomb|Poltergeist|p2a: Gholdengo\n|-activate|p2a: Gholdengo|move: Poltergeist|Leftovers\n|-supereffective|p2a: Gholdengo\n|-damage|p2a: Gholdengo|3/261\n|\n|-heal|p2a: Gholdengo|19/261|[from] item: Leftovers\n|upkeep\n|turn|10\n|\n|t:|1781378787\n|move|p1a: Spiritomb|Shadow Sneak|p2a: Gholdengo\n|-supereffective|p2a: Gholdengo\n|-damage|p2a: Gholdengo|0 fnt\n|faint|p2a: Gholdengo\n|\n|upkeep\n|\n|t:|1781378791\n|switch|p2a: Meowstic|Meowstic-F, L89, F|277/277\n|-activate|p2a: Meowstic|move: Sticky Web\n|-unboost|p2a: Meowstic|spe|1\n|-ability|p2a: Meowstic|Competitive|boost\n|-boost|p2a: Meowstic|spa|2\n|turn|11\n|\n|t:|1781378797\n|move|p2a: Meowstic|Alluring Voice|p1a: Spiritomb\n|-supereffective|p1a: Spiritomb\n|-damage|p1a: Spiritomb|0 fnt\n|faint|p1a: Spiritomb\n|-damage|p2a: Meowstic|250/277|[from] item: Life Orb\n|\n|upkeep\n|\n|t:|1781378808\n|switch|p1a: Iron Moth|Iron Moth, L78|253/253\n|turn|12\n|\n|t:|1781378828\n|move|p1a: Iron Moth|Fiery Dance|p2a: Meowstic\n|-damage|p2a: Meowstic|144/277\n|-boost|p1a: Iron Moth|spa|1\n|move|p2a: Meowstic|Nasty Plot|p2a: Meowstic\n|-boost|p2a: Meowstic|spa|2\n|\n|upkeep\n|turn|13\n|\n|t:|1781378838\n|move|p1a: Iron Moth|Sludge Wave|p2a: Meowstic\n|-damage|p2a: Meowstic|0 fnt\n|faint|p2a: Meowstic\n|\n|upkeep\n|\n|t:|1781378844\n|switch|p2a: Luvdisc|Luvdisc, F|247/247\n|turn|14\n|\n|t:|1781378849\n|-terastallize|p1a: Iron Moth|Grass\n|move|p2a: Luvdisc|Flip Turn|p1a: Iron Moth\n|-resisted|p1a: Iron Moth\n|-damage|p1a: Iron Moth|223/253\n|\n|t:|1781378854\n|switch|p2a: Blaziken|Blaziken, L76, M|247/247|[from] Flip Turn\n|-activate|p2a: Blaziken|move: Sticky Web\n|-unboost|p2a: Blaziken|spe|1\n|move|p1a: Iron Moth|Energy Ball|p2a: Blaziken\n|-resisted|p2a: Blaziken\n|-damage|p2a: Blaziken|135/247\n|\n|upkeep\n|turn|15\n|\n|t:|1781378862\n|move|p1a: Iron Moth|Sludge Wave|p2a: Blaziken\n|-damage|p2a: Blaziken|0 fnt\n|faint|p2a: Blaziken\n|\n|upkeep\n|\n|t:|1781378865\n|switch|p2a: Luvdisc|Luvdisc, F|247/247\n|turn|16\n|\n|t:|1781378868\n|move|p2a: Luvdisc|Substitute|p2a: Luvdisc\n|-start|p2a: Luvdisc|Substitute\n|-damage|p2a: Luvdisc|186/247\n|move|p1a: Iron Moth|Energy Ball|p2a: Luvdisc\n|-supereffective|p2a: Luvdisc\n|-end|p2a: Luvdisc|Substitute\n|\n|upkeep\n|turn|17\n|\n|t:|1781378875\n|move|p2a: Luvdisc|Endeavor|p1a: Iron Moth\n|-damage|p1a: Iron Moth|186/253\n|move|p1a: Iron Moth|Energy Ball|p2a: Luvdisc\n|-supereffective|p2a: Luvdisc\n|-damage|p2a: Luvdisc|0 fnt\n|faint|p2a: Luvdisc\n|\n|win|A_stuff\n|raw|A_stuff's rating: 1068 &rarr; <strong>1102</strong><br />(+34 for winning)\n|raw|mnolk's rating: 1114 &rarr; <strong>1086</strong><br />(-28 for losing)\n|l|\u2606mnolk\n|player|p2|\n", "inputlog": ">version a8376a258c1d4662feba110a92103f3664a72141\n>start {\"formatid\":\"gen9randombattle\",\"seed\":\"sodium,8241fcfffc4ce63ba58c3fab85ac7fff\",\"rated\":\"Rated battle\"}\n>player p1 {\"name\":\"A_stuff\",\"avatar\":\"lucas\",\"rating\":1068,\"seed\":\"sodium,678b005cf38084b24ac5ff709653ff55\"}\n>player p2 {\"name\":\"mnolk\",\"avatar\":\"265\",\"rating\":1085,\"seed\":\"sodium,dc07a15dec632c51a840cafe39185eb4\"}\n>p1 move stickyweb\n>p2 move fakeout terastallize\n>p1 move stickyweb\n>p2 move knockoff\n>p1 move bugbuzz\n>p2 move fakeout\n>p1 move voltswitch\n>p2 move fakeout\n>p1 switch 3\n>p2 switch 5\n>p1 move shellsmash\n>p2 move dragondance\n>p1 move acrobatics\n>p2 move wavecrash\n>p1 switch 3\n>p1 move voltswitch\n>p2 move wavecrash\n>p1 switch 6\n>p1 move shadowsneak\n>p2 move outrage\n>p2 switch 3\n>p1 move poltergeist\n>p2 move nastyplot\n>p1 move shadowsneak\n>p2 move shadowball\n>p2 switch 6\n>p1 move poltergeist\n>p2 move alluringvoice\n>p1 switch 2\n>p1 move fierydance\n>p2 move nastyplot\n>p1 move sludgewave\n>p2 move psyshock\n>p2 switch 4\n>p1 move energyball terastallize\n>p2 move flipturn\n>p2 switch 2\n>p1 move sludgewave\n>p2 move flareblitz\n>p2 switch 2\n>p1 move energyball\n>p2 move substitute\n>p1 move energyball\n>p2 move endeavor", "uploadtime": 1781378911, "views": 9, "formatid": "gen9randombattle", "rating": 1086, "private": 0, "password": null}