{"id": "gen9randombattle-2631792334", "format": "[Gen 9] Random Battle", "players": ["joebidenfan1245", "Andy_Galla"], "log": "|j|\u203djoebidenfan1245\n|j|\u2606Andy_Galla\n|t:|1781440364\n|gametype|singles\n|player|p1|joebidenfan1245|265|1992\n|player|p2|Andy_Galla|bugcatcher-gen4dp|1904\n|gen|9\n|tier|[Gen 9] Random Battle\n|rated|\n|rule|Species Clause: Limit one of each Pok\u00e9mon\n|rule|HP Percentage Mod: HP is shown in percentages\n|rule|Sleep Clause Mod: Limit one foe put to sleep\n|rule|Illusion Level Mod: Illusion disguises the Pok\u00e9mon's true level\n|\n|t:|1781440364\n|teamsize|p1|6\n|teamsize|p2|6\n|start\n|switch|p1a: Araquanid|Araquanid, L82, M|246/246\n|switch|p2a: Bombirdier|Bombirdier, L85, F|258/258\n|turn|1\n|\n|t:|1781440390\n|switch|p1a: Greedent|Greedent, L86, M|347/347\n|move|p2a: Bombirdier|Brave Bird|p1a: Greedent\n|-damage|p1a: Greedent|209/347\n|-damage|p2a: Bombirdier|212/258|[from] Recoil\n|\n|upkeep\n|turn|2\n|\n|t:|1781440403\n|move|p2a: Bombirdier|Knock Off|p1a: Greedent\n|-damage|p1a: Greedent|112/347\n|-enditem|p1a: Greedent|Sitrus Berry|[from] move: Knock Off|[of] p2a: Bombirdier\n|move|p1a: Greedent|Body Slam|p2a: Bombirdier\n|-damage|p2a: Bombirdier|116/258\n|-status|p2a: Bombirdier|par\n|\n|upkeep\n|turn|3\n|\n|t:|1781440415\n|move|p2a: Bombirdier|Brave Bird|p1a: Greedent\n|-damage|p1a: Greedent|0 fnt\n|faint|p1a: Greedent\n|-damage|p2a: Bombirdier|79/258 par|[from] Recoil\n|\n|upkeep\n|\n|t:|1781440426\n|switch|p1a: Araquanid|Araquanid, L82, M|246/246\n|turn|4\n|\n|t:|1781440431\n|move|p1a: Araquanid|Liquidation|p2a: Bombirdier\n|-damage|p2a: Bombirdier|0 fnt\n|faint|p2a: Bombirdier\n|\n|upkeep\n|\n|t:|1781440441\n|switch|p2a: Morpeko|Morpeko, L88, M|245/245\n|turn|5\n|\n|t:|1781440448\n|switch|p1a: Pikachu|Pikachu, L93, M|216/216\n|move|p2a: Morpeko|Aura Wheel|p1a: Pikachu\n|-ability|p1a: Pikachu|Lightning Rod|boost\n|-boost|p1a: Pikachu|spa|1\n|\n|-formechange|p2a: Morpeko|Morpeko-Hangry||[from] ability: Hunger Switch\n|upkeep\n|turn|6\n|\n|t:|1781440458\n|move|p1a: Pikachu|Fake Out|p2a: Morpeko\n|-damage|p2a: Morpeko|190/245\n|cant|p2a: Morpeko|flinch\n|\n|-formechange|p2a: Morpeko|Morpeko||[from] ability: Hunger Switch\n|upkeep\n|turn|7\n|\n|t:|1781440470\n|move|p2a: Morpeko|Parting Shot|p1a: Pikachu\n|-unboost|p1a: Pikachu|atk|1\n|-unboost|p1a: Pikachu|spa|1\n|\n|t:|1781440477\n|switch|p2a: Granbull|Granbull, L88, M|302/302|[from] Parting Shot\n|-ability|p2a: Granbull|Intimidate|boost\n|-unboost|p1a: Pikachu|atk|1\n|move|p1a: Pikachu|Surf|p2a: Granbull\n|-damage|p2a: Granbull|172/302\n|\n|-heal|p2a: Granbull|190/302|[from] item: Leftovers\n|upkeep\n|turn|8\n|\n|t:|1781440489\n|move|p1a: Pikachu|Volt Switch|p2a: Granbull\n|-damage|p2a: Granbull|55/302\n|\n|t:|1781440494\n|switch|p1a: Leafeon|Leafeon, L88, M|258/258|[from] Volt Switch\n|move|p2a: Granbull|Play Rough|p1a: Leafeon\n|-damage|p1a: Leafeon|165/258\n|\n|-heal|p2a: Granbull|73/302|[from] item: Leftovers\n|upkeep\n|turn|9\n|inactive|Battle timer is ON: inactive players will automatically lose when time's up. (requested by joebidenfan1245)\n|\n|t:|1781440515\n|move|p1a: Leafeon|Leaf Blade|p2a: Granbull\n|-damage|p2a: Granbull|0 fnt\n|faint|p2a: Granbull\n|-damage|p1a: Leafeon|140/258|[from] item: Life Orb\n|\n|upkeep\n|\n|t:|1781440525\n|switch|p2a: Dialga|Dialga-Origin, L73|266/266\n|-ability|p2a: Dialga|Pressure\n|turn|10\n|\n|t:|1781440539\n|move|p1a: Leafeon|Knock Off|p2a: Dialga\n|-damage|p2a: Dialga|200/266\n|-damage|p1a: Leafeon|115/258|[from] item: Life Orb\n|move|p2a: Dialga|Stealth Rock|p1a: Leafeon\n|-sidestart|p1: joebidenfan1245|move: Stealth Rock\n|\n|upkeep\n|turn|11\n|\n|t:|1781440565\n|move|p1a: Leafeon|Synthesis|p1a: Leafeon\n|-heal|p1a: Leafeon|244/258\n|move|p2a: Dialga|Fire Blast|p1a: Leafeon\n|-supereffective|p1a: Leafeon\n|-damage|p1a: Leafeon|50/258\n|\n|upkeep\n|turn|12\n|\n|t:|1781440591\n|move|p1a: Leafeon|Knock Off|p2a: Dialga\n|-damage|p2a: Dialga|135/266\n|-damage|p1a: Leafeon|25/258|[from] item: Life Orb\n|move|p2a: Dialga|Fire Blast|p1a: Leafeon\n|-supereffective|p1a: Leafeon\n|-damage|p1a: Leafeon|0 fnt\n|faint|p1a: Leafeon\n|\n|upkeep\n|\n|t:|1781440595\n|switch|p1a: Feraligatr|Feraligatr, L79, F|264/264\n|-damage|p1a: Feraligatr|231/264|[from] Stealth Rock\n|turn|13\n|\n|t:|1781440607\n|move|p2a: Dialga|Draco Meteor|p1a: Feraligatr\n|-damage|p1a: Feraligatr|33/264\n|-unboost|p2a: Dialga|spa|2\n|move|p1a: Feraligatr|Dragon Dance|p1a: Feraligatr\n|-boost|p1a: Feraligatr|atk|1\n|-boost|p1a: Feraligatr|spe|1\n|\n|upkeep\n|turn|14\n|\n|t:|1781440623\n|move|p1a: Feraligatr|Crunch|p2a: Dialga\n|-damage|p2a: Dialga|23/266\n|move|p2a: Dialga|Heavy Slam|p1a: Feraligatr\n|-resisted|p1a: Feraligatr\n|-damage|p1a: Feraligatr|0 fnt\n|faint|p1a: Feraligatr\n|\n|upkeep\n|\n|t:|1781440635\n|switch|p1a: Pikachu|Pikachu, L93, M|216/216\n|-damage|p1a: Pikachu|189/216|[from] Stealth Rock\n|turn|15\n|\n|t:|1781440646\n|move|p1a: Pikachu|Fake Out|p2a: Dialga\n|-resisted|p2a: Dialga\n|-damage|p2a: Dialga|1/266\n|cant|p2a: Dialga|flinch\n|\n|upkeep\n|turn|16\n|\n|t:|1781440661\n|move|p1a: Pikachu|Surf|p2a: Dialga\n|-resisted|p2a: Dialga\n|-damage|p2a: Dialga|0 fnt\n|faint|p2a: Dialga\n|\n|upkeep\n|\n|t:|1781440670\n|switch|p2a: Morpeko|Morpeko, L88, M|190/245\n|turn|17\n|\n|t:|1781440678\n|move|p2a: Morpeko|Rapid Spin|p1a: Pikachu\n|-crit|p1a: Pikachu\n|-damage|p1a: Pikachu|96/216\n|-boost|p2a: Morpeko|spe|1\n|move|p1a: Pikachu|Surf|p2a: Morpeko\n|-damage|p2a: Morpeko|67/245\n|\n|-formechange|p2a: Morpeko|Morpeko-Hangry||[from] ability: Hunger Switch\n|upkeep\n|turn|18\n|\n|t:|1781440688\n|switch|p1a: Honchkrow|Honchkrow, L86, F|312/312\n|move|p2a: Morpeko|Aura Wheel|p1a: Honchkrow\n|-resisted|p1a: Honchkrow\n|-damage|p1a: Honchkrow|218/312\n|-boost|p2a: Morpeko|spe|1\n|\n|-formechange|p2a: Morpeko|Morpeko||[from] ability: Hunger Switch\n|upkeep\n|turn|19\n|\n|t:|1781440699\n|move|p2a: Morpeko|Parting Shot|p1a: Honchkrow\n|-unboost|p1a: Honchkrow|atk|1\n|-unboost|p1a: Honchkrow|spa|1\n|\n|t:|1781440707\n|switch|p2a: Cryogonal|Cryogonal, L89|287/287|[from] Parting Shot\n|move|p1a: Honchkrow|Brave Bird|p2a: Cryogonal\n|-damage|p2a: Cryogonal|128/287\n|-damage|p1a: Honchkrow|166/312|[from] Recoil\n|\n|upkeep\n|turn|20\n|\n|t:|1781440719\n|move|p2a: Cryogonal|Recover|p2a: Cryogonal\n|-heal|p2a: Cryogonal|272/287\n|move|p1a: Honchkrow|Thunder Wave|p2a: Cryogonal\n|-status|p2a: Cryogonal|par\n|\n|upkeep\n|turn|21\n|\n|t:|1781440739\n|move|p1a: Honchkrow|Brave Bird|p2a: Cryogonal\n|-damage|p2a: Cryogonal|116/287 par\n|-damage|p1a: Honchkrow|115/312|[from] Recoil\n|move|p2a: Cryogonal|Freeze-Dry|p1a: Honchkrow\n|-supereffective|p1a: Honchkrow\n|-damage|p1a: Honchkrow|0 fnt\n|faint|p1a: Honchkrow\n|\n|upkeep\n|\n|t:|1781440744\n|switch|p1a: Pikachu|Pikachu, L93, M|96/216\n|-damage|p1a: Pikachu|69/216|[from] Stealth Rock\n|turn|22\n|\n|t:|1781440760\n|move|p1a: Pikachu|Volt Tackle|p2a: Cryogonal\n|-damage|p2a: Cryogonal|0 fnt\n|faint|p2a: Cryogonal\n|-damage|p1a: Pikachu|31/216|[from] Recoil\n|\n|upkeep\n|\n|t:|1781440766\n|switch|p2a: Morpeko|Morpeko, L88, M|67/245\n|turn|23\n|\n|t:|1781440775\n|move|p2a: Morpeko|Rapid Spin|p1a: Pikachu\n|-damage|p1a: Pikachu|0 fnt\n|-boost|p2a: Morpeko|spe|1\n|faint|p1a: Pikachu\n|\n|-formechange|p2a: Morpeko|Morpeko-Hangry||[from] ability: Hunger Switch\n|upkeep\n|\n|t:|1781440777\n|switch|p1a: Araquanid|Araquanid, L82, M|246/246\n|turn|24\n|\n|t:|1781440793\n|move|p2a: Morpeko|Aura Wheel|p1a: Araquanid\n|-damage|p1a: Araquanid|126/246\n|-boost|p2a: Morpeko|spe|1\n|move|p1a: Araquanid|Leech Life|p2a: Morpeko\n|-supereffective|p2a: Morpeko\n|-damage|p2a: Morpeko|0 fnt\n|-heal|p1a: Araquanid|160/246|[from] drain|[of] p2a: Morpeko\n|faint|p2a: Morpeko\n|\n|upkeep\n|\n|t:|1781440807\n|switch|p2a: Lumineon|Lumineon, L93, F|279/279\n|turn|25\n|\n|t:|1781440813\n|move|p2a: Lumineon|Alluring Voice|p1a: Araquanid\n|-damage|p1a: Araquanid|111/246\n|-damage|p2a: Lumineon|252/279|[from] item: Life Orb\n|move|p1a: Araquanid|Leech Life|p2a: Lumineon\n|-damage|p2a: Lumineon|188/279\n|-heal|p1a: Araquanid|143/246|[from] drain|[of] p2a: Lumineon\n|\n|upkeep\n|turn|26\n|\n|t:|1781440828\n|move|p2a: Lumineon|Alluring Voice|p1a: Araquanid\n|-damage|p1a: Araquanid|88/246\n|-damage|p2a: Lumineon|161/279|[from] item: Life Orb\n|move|p1a: Araquanid|Leech Life|p2a: Lumineon\n|-damage|p2a: Lumineon|98/279\n|-heal|p1a: Araquanid|120/246|[from] drain|[of] p2a: Lumineon\n|\n|upkeep\n|turn|27\n|l|\u2606Andy_Galla\n|inactive|Andy_Galla disconnected and has a minute to reconnect!\n|player|p2|\n|inactive|Andy_Galla has 30 seconds to reconnect!\n|j|\u2606Andy_Galla\n|inactive|Andy_Galla reconnected and has 95 seconds left.\n|player|p2|Andy_Galla|bugcatcher-gen4dp|\n|inactive|Andy_Galla has 90 seconds left.\n|\n|t:|1781440883\n|move|p2a: Lumineon|Alluring Voice|p1a: Araquanid\n|-crit|p1a: Araquanid\n|-damage|p1a: Araquanid|37/246\n|-damage|p2a: Lumineon|71/279|[from] item: Life Orb\n|move|p1a: Araquanid|Leech Life|p2a: Lumineon\n|-damage|p2a: Lumineon|11/279\n|-heal|p1a: Araquanid|67/246|[from] drain|[of] p2a: Lumineon\n|\n|upkeep\n|turn|28\n|inactive|Andy_Galla has 90 seconds left.\n|inactive|joebidenfan1245 has 120 seconds left.\n|\n|t:|1781440937\n|move|p2a: Lumineon|Alluring Voice|p1a: Araquanid\n|-damage|p1a: Araquanid|15/246\n|-damage|p2a: Lumineon|0 fnt|[from] item: Life Orb\n|faint|p2a: Lumineon\n|\n|win|joebidenfan1245\n", "inputlog": ">version a8376a258c1d4662feba110a92103f3664a72141\n>start {\"formatid\":\"gen9randombattle\",\"seed\":\"sodium,cee0ab0ad57719cae5705ef11a2f6378\",\"rated\":\"Rated battle\"}\n>player p1 {\"name\":\"joebidenfan1245\",\"avatar\":\"265\",\"rating\":1992,\"seed\":\"sodium,d7df97c1297f81bfcc001da53e7a0717\"}\n>player p2 {\"name\":\"Andy_Galla\",\"avatar\":\"bugcatcher-gen4dp\",\"rating\":1904,\"seed\":\"sodium,0e3e968c4140af9b9caee5f42316b4b1\"}\n>p1 switch 3\n>p2 move bravebird\n>p1 move bodyslam\n>p2 move knockoff\n>p1 move bodyslam\n>p2 move bravebird\n>p1 switch 3\n>p1 move liquidation\n>p2 move bravebird\n>p2 switch 2\n>p1 switch 4\n>p2 move aurawheel\n>p1 move fakeout\n>p2 move partingshot\n>p1 move surf\n>p2 move partingshot\n>p2 switch 6\n>p1 move voltswitch\n>p2 move playrough\n>p1 switch 2\n>p1 move leafblade\n>p2 move thunderwave\n>p2 switch 3\n>p1 move knockoff\n>p2 move stealthrock\n>p1 move synthesis\n>p2 move fireblast\n>p1 move knockoff\n>p2 move fireblast\n>p1 switch 5\n>p1 move dragondance\n>p2 move dracometeor\n>p1 move crunch\n>p2 move heavyslam\n>p1 switch 2\n>p1 move fakeout\n>p2 move fireblast\n>p1 move surf\n>p2 move dracometeor\n>p2 switch 6\n>p1 move surf\n>p2 move rapidspin\n>p1 switch 6\n>p2 move aurawheel\n>p1 move bravebird\n>p2 move partingshot\n>p2 switch 4\n>p1 move thunderwave\n>p2 move recover\n>p1 move bravebird\n>p2 move freezedry\n>p1 switch 6\n>p1 move volttackle\n>p2 move freezedry\n>p2 switch 4\n>p1 move surf\n>p2 move rapidspin\n>p1 switch 4\n>p1 move leechlife\n>p2 move aurawheel\n>p2 switch 5\n>p1 move leechlife\n>p2 move alluringvoice\n>p1 move leechlife\n>p2 move alluringvoice\n>p1 move leechlife\n>p2 move alluringvoice\n>p1 move leechlife\n>p2 move alluringvoice", "uploadtime": 1781440366, "views": 4, "formatid": "gen9randombattle", "rating": null, "private": 0, "password": null}