{"id": "gen9randombattle-2631990055", "format": "[Gen 9] Random Battle", "players": ["jfjfjfb", "Guest 26277465"], "log": "|j|\u2606jfjfjfb\n|j|\u203dGuest 26277465\n|t:|1781463385\n|gametype|singles\n|player|p1|jfjfjfb|265|1045\n|player|p2|Guest 26277465|101|1055\n|gen|9\n|tier|[Gen 9] Random Battle\n|rated|\n|rule|Species Clause: Limit one of each Pok\u00e9mon\n|rule|HP Percentage Mod: HP is shown in percentages\n|rule|Sleep Clause Mod: Limit one foe put to sleep\n|rule|Illusion Level Mod: Illusion disguises the Pok\u00e9mon's true level\n|\n|t:|1781463385\n|teamsize|p1|6\n|teamsize|p2|6\n|start\n|switch|p1a: Gliscor|Gliscor, L76, F|239/239\n|switch|p2a: Lumineon|Lumineon, L93, F|279/279\n|turn|1\n|inactive|Battle timer is ON: inactive players will automatically lose when time's up. (requested by jfjfjfb)\n|\n|t:|1781463392\n|move|p2a: Lumineon|Ice Beam|p1a: Gliscor\n|-supereffective|p1a: Gliscor\n|-damage|p1a: Gliscor|0 fnt\n|faint|p1a: Gliscor\n|\n|upkeep\n|\n|t:|1781463399\n|switch|p1a: Morpeko|Morpeko, L88, F|245/245\n|turn|2\n|\n|t:|1781463405\n|move|p2a: Lumineon|U-turn|p1a: Morpeko\n|-supereffective|p1a: Morpeko\n|-damage|p1a: Morpeko|125/245\n|\n|t:|1781463408\n|switch|p2a: Qwilfish|Qwilfish-Hisui, L83, M|244/244|[from] U-turn\n|-ability|p2a: Qwilfish|Intimidate|boost\n|-unboost|p1a: Morpeko|atk|1\n|move|p1a: Morpeko|Aura Wheel|p2a: Qwilfish\n|-damage|p2a: Qwilfish|181/244\n|-boost|p1a: Morpeko|spe|1\n|\n|-formechange|p1a: Morpeko|Morpeko-Hangry||[from] ability: Hunger Switch\n|upkeep\n|turn|3\n|\n|t:|1781463421\n|move|p1a: Morpeko|Parting Shot|p2a: Qwilfish\n|-unboost|p2a: Qwilfish|atk|1\n|-unboost|p2a: Qwilfish|spa|1\n|\n|t:|1781463429\n|switch|p1a: Klefki|Klefki, L84, F|233/233|[from] Parting Shot\n|move|p2a: Qwilfish|Gunk Shot|p1a: Klefki\n|-immune|p1a: Klefki\n|\n|upkeep\n|turn|4\n|\n|t:|1781463450\n|move|p1a: Klefki|Spikes|p2a: Qwilfish\n|-sidestart|p2: Guest 26277465|Spikes\n|move|p2a: Qwilfish|Toxic Spikes|p1a: Klefki\n|-sidestart|p1: jfjfjfb|move: Toxic Spikes\n|\n|upkeep\n|turn|5\n|\n|t:|1781463456\n|move|p1a: Klefki|Spikes|p2a: Qwilfish\n|-sidestart|p2: Guest 26277465|Spikes\n|move|p2a: Qwilfish|Toxic Spikes|p1a: Klefki\n|-sidestart|p1: jfjfjfb|move: Toxic Spikes\n|\n|upkeep\n|turn|6\n|\n|t:|1781463459\n|move|p1a: Klefki|Spikes|p2a: Qwilfish\n|-sidestart|p2: Guest 26277465|Spikes\n|move|p2a: Qwilfish|Crunch|p1a: Klefki\n|-resisted|p1a: Klefki\n|-damage|p1a: Klefki|206/233\n|\n|-heal|p1a: Klefki|220/233|[from] item: Leftovers\n|upkeep\n|turn|7\n|\n|t:|1781463462\n|move|p1a: Klefki|Thunder Wave|p2a: Qwilfish\n|-hint|Since gen 7, Dark is immune to Prankster moves.\n|-immune|p2a: Qwilfish\n|move|p2a: Qwilfish|Crunch|p1a: Klefki\n|-resisted|p1a: Klefki\n|-damage|p1a: Klefki|195/233\n|-unboost|p1a: Klefki|def|1\n|\n|-heal|p1a: Klefki|209/233|[from] item: Leftovers\n|upkeep\n|turn|8\n|\n|t:|1781463477\n|move|p1a: Klefki|Thunder Wave|p2a: Qwilfish\n|-hint|Since gen 7, Dark is immune to Prankster moves.\n|-immune|p2a: Qwilfish\n|move|p2a: Qwilfish|Crunch|p1a: Klefki\n|-resisted|p1a: Klefki\n|-damage|p1a: Klefki|172/233\n|\n|-heal|p1a: Klefki|186/233|[from] item: Leftovers\n|upkeep\n|turn|9\n|\n|t:|1781463486\n|move|p2a: Qwilfish|Crunch|p1a: Klefki\n|-resisted|p1a: Klefki\n|-damage|p1a: Klefki|145/233\n|move|p1a: Klefki|Dazzling Gleam|p2a: Qwilfish\n|-damage|p2a: Qwilfish|109/244\n|\n|-heal|p1a: Klefki|159/233|[from] item: Leftovers\n|upkeep\n|turn|10\n|\n|t:|1781463496\n|move|p2a: Qwilfish|Crunch|p1a: Klefki\n|-resisted|p1a: Klefki\n|-damage|p1a: Klefki|120/233\n|move|p1a: Klefki|Dazzling Gleam|p2a: Qwilfish\n|-damage|p2a: Qwilfish|40/244\n|\n|-heal|p1a: Klefki|134/233|[from] item: Leftovers\n|upkeep\n|turn|11\n|\n|t:|1781463502\n|switch|p2a: Rotom|Rotom-Mow, L87|229/229\n|move|p1a: Klefki|Dazzling Gleam|p2a: Rotom\n|-damage|p2a: Rotom|165/229\n|\n|-heal|p2a: Rotom|179/229|[from] item: Leftovers\n|-heal|p1a: Klefki|148/233|[from] item: Leftovers\n|upkeep\n|turn|12\n|\n|t:|1781463515\n|switch|p1a: Cacturne|Cacturne, L92, M|278/278\n|-status|p1a: Cacturne|tox\n|move|p2a: Rotom|Nasty Plot|p2a: Rotom\n|-boost|p2a: Rotom|spa|2\n|\n|-heal|p2a: Rotom|193/229|[from] item: Leftovers\n|-damage|p1a: Cacturne|261/278 tox|[from] psn\n|upkeep\n|turn|13\n|\n|t:|1781463532\n|move|p2a: Rotom|Leaf Storm|p1a: Cacturne\n|-resisted|p1a: Cacturne\n|-damage|p1a: Cacturne|81/278 tox\n|-unboost|p2a: Rotom|spa|2\n|move|p1a: Cacturne|Knock Off|p2a: Rotom\n|-damage|p2a: Rotom|55/229\n|-enditem|p2a: Rotom|Leftovers|[from] move: Knock Off|[of] p1a: Cacturne\n|-damage|p1a: Cacturne|54/278 tox|[from] item: Life Orb\n|\n|-damage|p1a: Cacturne|20/278 tox|[from] psn\n|upkeep\n|turn|14\n|\n|t:|1781463538\n|move|p1a: Cacturne|Sucker Punch||[still]\n|-fail|p1a: Cacturne\n|move|p2a: Rotom|Nasty Plot|p2a: Rotom\n|-boost|p2a: Rotom|spa|2\n|\n|-damage|p1a: Cacturne|0 fnt|[from] psn\n|faint|p1a: Cacturne\n|upkeep\n|\n|t:|1781463550\n|switch|p1a: Squawkabilly|Squawkabilly, L85, F|278/278\n|turn|15\n|\n|t:|1781463560\n|move|p1a: Squawkabilly|Facade|p2a: Rotom\n|-damage|p2a: Rotom|0 fnt\n|faint|p2a: Rotom\n|\n|-status|p1a: Squawkabilly|brn|[from] item: Flame Orb\n|upkeep\n|\n|t:|1781463566\n|switch|p2a: Iron Leaves|Iron Leaves, L80|275/275\n|-damage|p2a: Iron Leaves|207/275|[from] Spikes\n|turn|16\n|\n|t:|1781463570\n|-terastallize|p2a: Iron Leaves|Fighting\n|move|p2a: Iron Leaves|Close Combat|p1a: Squawkabilly\n|-damage|p1a: Squawkabilly|0 fnt\n|-unboost|p2a: Iron Leaves|def|1\n|-unboost|p2a: Iron Leaves|spd|1\n|faint|p1a: Squawkabilly\n|\n|upkeep\n|\n|t:|1781463590\n|switch|p1a: Morpeko|Morpeko, L88, F|125/245\n|turn|17\n|\n|t:|1781463600\n|move|p1a: Morpeko|Aura Wheel|p2a: Iron Leaves\n|-damage|p2a: Iron Leaves|11/275\n|-boost|p1a: Morpeko|spe|1\n|move|p2a: Iron Leaves|Close Combat|p1a: Morpeko\n|-supereffective|p1a: Morpeko\n|-damage|p1a: Morpeko|0 fnt\n|-unboost|p2a: Iron Leaves|def|1\n|-unboost|p2a: Iron Leaves|spd|1\n|faint|p1a: Morpeko\n|\n|upkeep\n|\n|t:|1781463618\n|switch|p1a: Cloyster|Cloyster, L80, F|211/211\n|-status|p1a: Cloyster|tox\n|turn|18\n|\n|t:|1781463623\n|-terastallize|p1a: Cloyster|Ground\n|move|p2a: Iron Leaves|Close Combat|p1a: Cloyster\n|-damage|p1a: Cloyster|78/211 tox\n|-unboost|p2a: Iron Leaves|def|1\n|-unboost|p2a: Iron Leaves|spd|1\n|move|p1a: Cloyster|Shell Smash|p1a: Cloyster\n|-unboost|p1a: Cloyster|def|1\n|-unboost|p1a: Cloyster|spd|1\n|-boost|p1a: Cloyster|atk|2\n|-boost|p1a: Cloyster|spa|2\n|-boost|p1a: Cloyster|spe|2\n|-enditem|p1a: Cloyster|White Herb\n|-clearnegativeboost|p1a: Cloyster|[silent]\n|\n|-damage|p1a: Cloyster|65/211 tox|[from] psn\n|upkeep\n|turn|19\n|\n|t:|1781463632\n|move|p1a: Cloyster|Icicle Spear|p2a: Iron Leaves\n|-damage|p2a: Iron Leaves|0 fnt\n|faint|p2a: Iron Leaves\n|-end|p2a: Iron Leaves|Quark Drive|[silent]\n|-hitcount|p2: Iron Leaves|1\n|\n|-damage|p1a: Cloyster|39/211 tox|[from] psn\n|upkeep\n|\n|t:|1781463636\n|switch|p2a: Lumineon|Lumineon, L93, F|279/279\n|turn|20\n|\n|t:|1781463643\n|switch|p2a: Qwilfish|Qwilfish-Hisui, L83, M|40/244\n|-damage|p2a: Qwilfish|0 fnt|[from] Spikes\n|faint|p2a: Qwilfish\n|move|p1a: Cloyster|Drill Run|p2: Qwilfish|[notarget]\n|-fail|p1a: Cloyster\n|\n|-damage|p1a: Cloyster|0 fnt|[from] psn\n|faint|p1a: Cloyster\n|upkeep\n|\n|t:|1781463653\n|switch|p2a: Chi-Yu|Chi-Yu, L77|211/211\n|switch|p1a: Klefki|Klefki, L84, F|148/233\n|-ability|p2a: Chi-Yu|Beads of Ruin\n|turn|21\n|\n|t:|1781463658\n|move|p1a: Klefki|Thunder Wave|p2a: Chi-Yu\n|-hint|Since gen 7, Dark is immune to Prankster moves.\n|-immune|p2a: Chi-Yu\n|move|p2a: Chi-Yu|Nasty Plot|p2a: Chi-Yu\n|-boost|p2a: Chi-Yu|spa|2\n|\n|-heal|p1a: Klefki|162/233|[from] item: Leftovers\n|upkeep\n|turn|22\n|\n|t:|1781463665\n|move|p2a: Chi-Yu|Dark Pulse|p1a: Klefki\n|-resisted|p1a: Klefki\n|-damage|p1a: Klefki|46/233\n|move|p1a: Klefki|Foul Play|p2a: Chi-Yu\n|-resisted|p2a: Chi-Yu\n|-damage|p2a: Chi-Yu|188/211\n|\n|-heal|p1a: Klefki|60/233|[from] item: Leftovers\n|upkeep\n|turn|23\n|\n|t:|1781463672\n|move|p2a: Chi-Yu|Dark Pulse|p1a: Klefki\n|-resisted|p1a: Klefki\n|-damage|p1a: Klefki|0 fnt\n|faint|p1a: Klefki\n|\n|win|Guest 26277465\n|raw|jfjfjfb's rating: 1045 &rarr; <strong>1030</strong><br />(-15 for losing)\n|raw|Guest 26277465's rating: 1088 &rarr; <strong>1111</strong><br />(+23 for winning)\n|l|\u2606jfjfjfb\n|player|p1|\n", "inputlog": ">version a8376a258c1d4662feba110a92103f3664a72141\n>start {\"formatid\":\"gen9randombattle\",\"seed\":\"sodium,e36056a559f9e03fc769dcdedfca3c31\",\"rated\":\"Rated battle\"}\n>player p1 {\"name\":\"jfjfjfb\",\"avatar\":\"265\",\"rating\":1045,\"seed\":\"sodium,4d3c5ebab1b1fb6ca0a5b7319c592d33\"}\n>player p2 {\"name\":\"Guest 26277465\",\"avatar\":\"101\",\"rating\":1055,\"seed\":\"sodium,9075125c4037d5efcd44822a06d5d98c\"}\n>p1 move toxicspikes\n>p2 move icebeam\n>p1 switch 3\n>p1 move aurawheel\n>p2 move uturn\n>p2 switch 6\n>p1 move partingshot\n>p2 move gunkshot\n>p1 switch 4\n>p1 move spikes\n>p2 move toxicspikes\n>p1 move spikes\n>p2 move toxicspikes\n>p1 move spikes\n>p2 move crunch\n>p1 move thunderwave\n>p2 move crunch\n>p1 move thunderwave\n>p2 move crunch\n>p1 move dazzlinggleam\n>p2 move crunch\n>p1 move dazzlinggleam\n>p2 move crunch\n>p1 move dazzlinggleam\n>p2 switch 4\n>p1 switch 2\n>p2 move nastyplot\n>p1 move knockoff\n>p2 move leafstorm\n>p1 move suckerpunch\n>p2 move nastyplot\n>p1 switch 5\n>p1 move facade\n>p2 move thunderbolt\n>p2 switch 5\n>p1 move bravebird\n>p2 move closecombat terastallize\n>p1 switch 4\n>p1 move aurawheel\n>p2 move closecombat\n>p1 switch 6\n>p1 move shellsmash terastallize\n>p2 move closecombat\n>p1 move iciclespear\n>p2 move closecombat\n>p2 switch 6\n>p1 move drillrun\n>p2 switch 4\n>p1 switch 2\n>p2 switch 2\n>p1 move thunderwave\n>p2 move nastyplot\n>p1 move foulplay\n>p2 move darkpulse\n>p1 move dazzlinggleam\n>p2 move darkpulse", "uploadtime": 1781463731, "views": 7, "formatid": "gen9randombattle", "rating": 1030, "private": 0, "password": null}