{"id": "gen9randombattle-2631962898", "format": "[Gen 9] Random Battle", "players": ["cansermaro8", "nhlist"], "log": "|j|\u2606cansermaro8\n|j|\u2606nhlist\n|t:|1781460408\n|gametype|singles\n|player|p1|cansermaro8|266|2173\n|player|p2|nhlist|hiker-gen4|2214\n|gen|9\n|tier|[Gen 9] Random Battle\n|rated|\n|rule|Species Clause: Limit one of each Pok\u00e9mon\n|rule|HP Percentage Mod: HP is shown in percentages\n|rule|Sleep Clause Mod: Limit one foe put to sleep\n|rule|Illusion Level Mod: Illusion disguises the Pok\u00e9mon's true level\n|\n|t:|1781460408\n|teamsize|p1|6\n|teamsize|p2|6\n|start\n|switch|p1a: Bronzong|Bronzong, L88|261/261\n|switch|p2a: Malamar|Malamar, L82, F|275/275\n|turn|1\n|\n|t:|1781460423\n|switch|p1a: Forretress|Forretress, L84, F|263/263\n|move|p2a: Malamar|Knock Off|p1a: Forretress\n|-damage|p1a: Forretress|194/263\n|-enditem|p1a: Forretress|Leftovers|[from] move: Knock Off|[of] p2a: Malamar\n|\n|upkeep\n|turn|2\n|\n|t:|1781460427\n|move|p2a: Malamar|Superpower|p1a: Forretress\n|-damage|p1a: Forretress|143/263\n|-boost|p2a: Malamar|atk|1\n|-boost|p2a: Malamar|def|1\n|move|p1a: Forretress|Thunder Wave|p2a: Malamar\n|-status|p2a: Malamar|par\n|\n|upkeep\n|turn|3\n|\n|t:|1781460431\n|switch|p1a: Noctowl|Noctowl, L95, F|344/344\n|move|p2a: Malamar|Superpower|p1a: Noctowl\n|-damage|p1a: Noctowl|184/344\n|-boost|p2a: Malamar|atk|1\n|-boost|p2a: Malamar|def|1\n|\n|upkeep\n|turn|4\n|\n|t:|1781460455\n|move|p1a: Noctowl|Hyper Voice|p2a: Malamar\n|-damage|p2a: Malamar|154/275 par\n|move|p2a: Malamar|Rest|p2a: Malamar\n|-status|p2a: Malamar|slp|[from] move: Rest\n|-heal|p2a: Malamar|275/275 slp|[silent]\n|\n|upkeep\n|turn|5\n|\n|t:|1781460458\n|move|p1a: Noctowl|Hurricane|p2a: Malamar|[miss]\n|-miss|p1a: Noctowl|p2a: Malamar\n|cant|p2a: Malamar|slp\n|move|p2a: Malamar|Sleep Talk|p2a: Malamar\n|move|p2a: Malamar|Superpower|p1a: Noctowl|[from] move: Sleep Talk\n|-damage|p1a: Noctowl|0 fnt\n|-boost|p2a: Malamar|atk|1\n|-boost|p2a: Malamar|def|1\n|faint|p1a: Noctowl\n|\n|upkeep\n|\n|t:|1781460466\n|switch|p1a: Crawdaunt|Crawdaunt, L84, F|243/243\n|turn|6\n|\n|t:|1781460468\n|cant|p2a: Malamar|slp\n|move|p2a: Malamar|Sleep Talk|p2a: Malamar\n|move|p2a: Malamar|Superpower|p1a: Crawdaunt|[from] move: Sleep Talk\n|-supereffective|p1a: Crawdaunt\n|-damage|p1a: Crawdaunt|0 fnt\n|-boost|p2a: Malamar|atk|1\n|-boost|p2a: Malamar|def|1\n|faint|p1a: Crawdaunt\n|\n|upkeep\n|-message|cansermaro8 forfeited.\n|\n|win|nhlist\n", "inputlog": ">version a8376a258c1d4662feba110a92103f3664a72141\n>start {\"formatid\":\"gen9randombattle\",\"seed\":\"sodium,e33f046db381ca74b384bdc4948f5011\",\"rated\":\"Rated battle\"}\n>player p1 {\"name\":\"cansermaro8\",\"avatar\":\"266\",\"rating\":2173,\"seed\":\"sodium,ba27b39d02b8c9c5b752df8ad192da4f\"}\n>player p2 {\"name\":\"nhlist\",\"avatar\":\"hiker-gen4\",\"rating\":2214,\"seed\":\"sodium,e4ab3cd9dc2d8d2bf276d04d9177eaf8\"}\n>p1 switch 4\n>p2 move knockoff\n>p1 move thunderwave\n>p2 move superpower\n>p1 switch 6\n>p2 move superpower\n>p1 move hypervoice\n>p2 move rest\n>p1 move hurricane\n>p2 move sleeptalk\n>p1 switch 2\n>p1 move knockoff\n>p2 move sleeptalk\n>forcelose p1", "uploadtime": 1781460410, "views": 10, "formatid": "gen9randombattle", "rating": null, "private": 0, "password": null}