{"id": "gen9randombattle-2631873842", "format": "[Gen 9] Random Battle", "players": ["Matuidi14", "Breachingtrout"], "log": "|j|\u2606Matuidi14\n|j|\u2606Breachingtrout\n|t:|1781450675\n|gametype|singles\n|player|p1|Matuidi14|clown|2212\n|player|p2|Breachingtrout|1|2267\n|gen|9\n|tier|[Gen 9] Random Battle\n|rated|\n|rule|Species Clause: Limit one of each Pok\u00e9mon\n|rule|HP Percentage Mod: HP is shown in percentages\n|rule|Sleep Clause Mod: Limit one foe put to sleep\n|rule|Illusion Level Mod: Illusion disguises the Pok\u00e9mon's true level\n|\n|t:|1781450675\n|teamsize|p1|6\n|teamsize|p2|6\n|start\n|switch|p1a: Lokix|Lokix, L82, F|251/251\n|switch|p2a: Vigoroth|Vigoroth, L85, F|275/275\n|turn|1\n|\n|t:|1781450698\n|move|p2a: Vigoroth|Bulk Up|p2a: Vigoroth\n|-boost|p2a: Vigoroth|atk|1\n|-boost|p2a: Vigoroth|def|1\n|move|p1a: Lokix|Knock Off|p2a: Vigoroth\n|-damage|p2a: Vigoroth|226/275\n|-enditem|p2a: Vigoroth|Eviolite|[from] move: Knock Off|[of] p1a: Lokix\n|\n|upkeep\n|turn|2\n|\n|t:|1781450705\n|switch|p1a: Quagsire|Quagsire, L84, F|297/297\n|move|p2a: Vigoroth|Body Slam|p1a: Quagsire\n|-damage|p1a: Quagsire|216/297\n|-status|p1a: Quagsire|par\n|\n|-heal|p1a: Quagsire|234/297 par|[from] item: Leftovers\n|upkeep\n|turn|3\n|inactive|Battle timer is ON: inactive players will automatically lose when time's up. (requested by Matuidi14)\n|\n|t:|1781450713\n|switch|p2a: Glaceon|Glaceon, L94, F|275/275\n|move|p1a: Quagsire|Spikes|p2a: Glaceon\n|-sidestart|p2: Breachingtrout|Spikes\n|\n|-heal|p1a: Quagsire|252/297 par|[from] item: Leftovers\n|upkeep\n|turn|4\n|\n|t:|1781450718\n|switch|p1a: Komala|Komala, L88, F|258/258\n|-ability|p1a: Komala|Comatose\n|move|p2a: Glaceon|Freeze-Dry|p1a: Komala\n|-damage|p1a: Komala|185/258\n|\n|upkeep\n|turn|5\n|\n|t:|1781450738\n|switch|p2a: Vigoroth|Vigoroth, L85, F|226/275\n|-damage|p2a: Vigoroth|192/275|[from] Spikes\n|move|p1a: Komala|Knock Off|p2a: Vigoroth\n|-damage|p2a: Vigoroth|132/275\n|\n|upkeep\n|turn|6\n|\n|t:|1781450743\n|switch|p1a: Quagsire|Quagsire, L84, F|252/297 par\n|move|p2a: Vigoroth|Slack Off|p2a: Vigoroth\n|-heal|p2a: Vigoroth|270/275\n|\n|-heal|p1a: Quagsire|270/297 par|[from] item: Leftovers\n|upkeep\n|turn|7\n|\n|t:|1781450753\n|switch|p2a: Porygon2|Porygon2, L81|270/270\n|-damage|p2a: Porygon2|237/270|[from] Spikes\n|-ability|p2a: Porygon2|Download|boost\n|-boost|p2a: Porygon2|spa|1\n|move|p1a: Quagsire|Toxic|p2a: Porygon2\n|-status|p2a: Porygon2|tox\n|\n|-heal|p1a: Quagsire|288/297 par|[from] item: Leftovers\n|-damage|p2a: Porygon2|221/270 tox|[from] psn\n|upkeep\n|turn|8\n|\n|t:|1781450760\n|switch|p1a: Komala|Komala, L88, F|185/258\n|-ability|p1a: Komala|Comatose\n|move|p2a: Porygon2|Tri Attack|p1a: Komala\n|-damage|p1a: Komala|103/258\n|\n|-damage|p2a: Porygon2|189/270 tox|[from] psn\n|upkeep\n|turn|9\n|\n|t:|1781450775\n|move|p1a: Komala|Knock Off|p2a: Porygon2\n|-damage|p2a: Porygon2|131/270 tox\n|-enditem|p2a: Porygon2|Eviolite|[from] move: Knock Off|[of] p1a: Komala\n|move|p2a: Porygon2|Tri Attack|p1a: Komala\n|-damage|p1a: Komala|30/258\n|\n|-damage|p2a: Porygon2|83/270 tox|[from] psn\n|upkeep\n|turn|10\n|\n|t:|1781450780\n|move|p1a: Komala|Body Slam|p2a: Porygon2\n|-damage|p2a: Porygon2|0 fnt\n|faint|p2a: Porygon2\n|\n|upkeep\n|\n|t:|1781450787\n|switch|p2a: Glaceon|Glaceon, L94, F|275/275\n|turn|11\n|\n|t:|1781450790\n|move|p2a: Glaceon|Freeze-Dry|p1a: Komala\n|-damage|p1a: Komala|0 fnt\n|faint|p1a: Komala\n|\n|upkeep\n|\n|t:|1781450795\n|switch|p1a: Zapdos|Zapdos, L78|268/268\n|turn|12\n|inactive|Breachingtrout has 120 seconds left.\n|\n|t:|1781450827\n|-terastallize|p1a: Zapdos|Steel\n|move|p2a: Glaceon|Protect|p2a: Glaceon\n|-singleturn|p2a: Glaceon|Protect\n|move|p1a: Zapdos|Hurricane|p2a: Glaceon\n|-activate|p2a: Glaceon|move: Protect\n|\n|upkeep\n|turn|13\n|\n|t:|1781450833\n|switch|p2a: Vigoroth|Vigoroth, L85, F|270/275\n|-damage|p2a: Vigoroth|236/275|[from] Spikes\n|move|p1a: Zapdos|Hurricane|p2a: Vigoroth\n|-damage|p2a: Vigoroth|55/275\n|\n|upkeep\n|turn|14\n|\n|t:|1781450841\n|switch|p1a: Quagsire|Quagsire, L84, F|288/297 par\n|move|p2a: Vigoroth|Earthquake|p1a: Quagsire\n|-damage|p1a: Quagsire|220/297 par\n|\n|-heal|p1a: Quagsire|238/297 par|[from] item: Leftovers\n|upkeep\n|turn|15\n|\n|t:|1781450854\n|move|p2a: Vigoroth|Slack Off|p2a: Vigoroth\n|-heal|p2a: Vigoroth|193/275\n|move|p1a: Quagsire|Spikes|p2a: Vigoroth\n|-sidestart|p2: Breachingtrout|Spikes\n|\n|-heal|p1a: Quagsire|256/297 par|[from] item: Leftovers\n|upkeep\n|turn|16\n|\n|t:|1781450858\n|move|p2a: Vigoroth|Body Slam|p1a: Quagsire\n|-damage|p1a: Quagsire|180/297 par\n|cant|p1a: Quagsire|par\n|\n|-heal|p1a: Quagsire|198/297 par|[from] item: Leftovers\n|upkeep\n|turn|17\n|\n|t:|1781450866\n|switch|p2a: Mismagius|Mismagius, L86, F|243/243\n|move|p1a: Quagsire|Toxic|p2a: Mismagius\n|-status|p2a: Mismagius|tox\n|\n|-heal|p1a: Quagsire|216/297 par|[from] item: Leftovers\n|-damage|p2a: Mismagius|228/243 tox|[from] psn\n|upkeep\n|turn|18\n|\n|t:|1781450873\n|switch|p1a: Lokix|Lokix, L82, F|251/251\n|move|p2a: Mismagius|Shadow Ball|p1a: Lokix\n|-resisted|p1a: Lokix\n|-damage|p1a: Lokix|145/251\n|-unboost|p1a: Lokix|spd|1\n|\n|-damage|p2a: Mismagius|198/243 tox|[from] psn\n|upkeep\n|turn|19\n|\n|t:|1781450880\n|move|p1a: Lokix|First Impression|p2a: Mismagius\n|-resisted|p2a: Mismagius\n|-damage|p2a: Mismagius|46/243 tox\n|move|p2a: Mismagius|Shadow Ball|p1a: Lokix\n|-resisted|p1a: Lokix\n|-damage|p1a: Lokix|0 fnt\n|faint|p1a: Lokix\n|\n|-damage|p2a: Mismagius|1/243 tox|[from] psn\n|upkeep\n|\n|t:|1781450884\n|switch|p1a: Zapdos|Zapdos, L78, tera:Steel|268/268\n|turn|20\n|\n|t:|1781450907\n|switch|p2a: Vigoroth|Vigoroth, L85, F|193/275\n|-damage|p2a: Vigoroth|148/275|[from] Spikes\n|move|p1a: Zapdos|Roost||[still]\n|-fail|p1a: Zapdos|heal\n|\n|upkeep\n|turn|21\n|\n|t:|1781450910\n|switch|p1a: Quagsire|Quagsire, L84, F|216/297 par\n|move|p2a: Vigoroth|Earthquake|p1a: Quagsire\n|-damage|p1a: Quagsire|150/297 par\n|\n|-heal|p1a: Quagsire|168/297 par|[from] item: Leftovers\n|upkeep\n|turn|22\n|\n|t:|1781450916\n|switch|p2a: Glaceon|Glaceon, L94, F|275/275\n|move|p1a: Quagsire|Recover|p1a: Quagsire\n|-heal|p1a: Quagsire|297/297 par\n|\n|upkeep\n|turn|23\n|\n|t:|1781450922\n|switch|p1a: Zapdos|Zapdos, L78, tera:Steel|268/268\n|move|p2a: Glaceon|Freeze-Dry|p1a: Zapdos\n|-resisted|p1a: Zapdos\n|-damage|p1a: Zapdos|205/268\n|\n|upkeep\n|turn|24\n|\n|t:|1781450925\n|move|p1a: Zapdos|Discharge|p2a: Glaceon\n|-damage|p2a: Glaceon|196/275\n|-status|p2a: Glaceon|par\n|move|p2a: Glaceon|Calm Mind|p2a: Glaceon\n|-boost|p2a: Glaceon|spa|1\n|-boost|p2a: Glaceon|spd|1\n|\n|upkeep\n|turn|25\n|\n|t:|1781450937\n|move|p1a: Zapdos|Hurricane|p2a: Glaceon\n|-damage|p2a: Glaceon|118/275 par\n|cant|p2a: Glaceon|par\n|\n|upkeep\n|turn|26\n|\n|t:|1781450956\n|move|p1a: Zapdos|Hurricane|p2a: Glaceon\n|-damage|p2a: Glaceon|52/275 par\n|-start|p2a: Glaceon|confusion\n|-activate|p2a: Glaceon|confusion\n|cant|p2a: Glaceon|par\n|\n|upkeep\n|turn|27\n|\n|t:|1781450962\n|-activate|p2a: Glaceon|confusion\n|-damage|p2a: Glaceon|39/275 par|[from] confusion\n|move|p1a: Zapdos|Discharge|p2a: Glaceon\n|-damage|p2a: Glaceon|0 fnt\n|faint|p2a: Glaceon\n|\n|upkeep\n|\n|t:|1781450965\n|switch|p2a: Mismagius|Mismagius, L86, F|1/243 tox\n|turn|28\n|\n|t:|1781450968\n|move|p2a: Mismagius|Mystical Fire|p1a: Zapdos\n|-supereffective|p1a: Zapdos\n|-damage|p1a: Zapdos|31/268\n|-unboost|p1a: Zapdos|spa|1\n|move|p1a: Zapdos|Roost|p1a: Zapdos\n|-heal|p1a: Zapdos|165/268\n|\n|-damage|p2a: Mismagius|0 fnt|[from] psn\n|faint|p2a: Mismagius\n|upkeep\n|\n|t:|1781450974\n|switch|p2a: Passimian|Passimian, L83, F|302/302\n|-damage|p2a: Passimian|252/302|[from] Spikes\n|turn|29\n|\n|t:|1781450978\n|switch|p1a: Quagsire|Quagsire, L84, F|297/297 par\n|move|p2a: Passimian|Close Combat|p1a: Quagsire\n|-damage|p1a: Quagsire|86/297 par\n|-unboost|p2a: Passimian|def|1\n|-unboost|p2a: Passimian|spd|1\n|\n|-heal|p1a: Quagsire|104/297 par|[from] item: Leftovers\n|upkeep\n|turn|30\n|\n|t:|1781450989\n|switch|p1a: Thundurus|Thundurus, L80, M|258/258\n|move|p2a: Passimian|Close Combat|p1a: Thundurus\n|-resisted|p1a: Thundurus\n|-damage|p1a: Thundurus|123/258\n|-unboost|p2a: Passimian|def|1\n|-unboost|p2a: Passimian|spd|1\n|\n|upkeep\n|turn|31\n|\n|t:|1781451000\n|switch|p2a: Vigoroth|Vigoroth, L85, F|148/275\n|-damage|p2a: Vigoroth|103/275|[from] Spikes\n|move|p1a: Thundurus|Thunderbolt|p2a: Vigoroth\n|-damage|p2a: Vigoroth|0 fnt\n|faint|p2a: Vigoroth\n|\n|upkeep\n|\n|t:|1781451003\n|switch|p2a: Annihilape|Annihilape, L76, M|292/292\n|-damage|p2a: Annihilape|244/292|[from] Spikes\n|turn|32\n|\n|t:|1781451013\n|move|p1a: Thundurus|Taunt|p2a: Annihilape\n|-start|p2a: Annihilape|move: Taunt\n|move|p2a: Annihilape|Rage Fist|p1a: Thundurus\n|-damage|p1a: Thundurus|63/258\n|\n|-heal|p2a: Annihilape|262/292|[from] item: Leftovers\n|upkeep\n|turn|33\n|\n|t:|1781451020\n|move|p1a: Thundurus|Thunderbolt|p2a: Annihilape\n|-damage|p2a: Annihilape|142/292\n|move|p2a: Annihilape|Rage Fist|p1a: Thundurus\n|-damage|p1a: Thundurus|0 fnt\n|faint|p1a: Thundurus\n|\n|-heal|p2a: Annihilape|160/292|[from] item: Leftovers\n|upkeep\n|\n|t:|1781451023\n|switch|p1a: Latias|Latias, L79, F|256/256\n|turn|34\n|\n|t:|1781451027\n|-terastallize|p2a: Annihilape|Water\n|move|p1a: Latias|Psyshock|p2a: Annihilape\n|-damage|p2a: Annihilape|40/292\n|move|p2a: Annihilape|Rage Fist|p1a: Latias\n|-supereffective|p1a: Latias\n|-damage|p1a: Latias|0 fnt\n|faint|p1a: Latias\n|\n|-heal|p2a: Annihilape|58/292|[from] item: Leftovers\n|-end|p2a: Annihilape|move: Taunt\n|upkeep\n|\n|t:|1781451029\n|switch|p1a: Zapdos|Zapdos, L78, tera:Steel|165/268\n|turn|35\n|\n|t:|1781451034\n|move|p1a: Zapdos|Discharge|p2a: Annihilape\n|-supereffective|p2a: Annihilape\n|-damage|p2a: Annihilape|0 fnt\n|faint|p2a: Annihilape\n|\n|upkeep\n|\n|t:|1781451036\n|switch|p2a: Passimian|Passimian, L83, F|252/302\n|-damage|p2a: Passimian|202/302|[from] Spikes\n|turn|36\n|\n|t:|1781451039\n|move|p1a: Zapdos|U-turn|p2a: Passimian\n|-resisted|p2a: Passimian\n|-damage|p2a: Passimian|182/302\n|\n|t:|1781451046\n|switch|p1a: Quagsire|Quagsire, L84, F|104/297 par|[from] U-turn\n|move|p2a: Passimian|Close Combat|p1a: Quagsire\n|-damage|p1a: Quagsire|0 fnt\n|-unboost|p2a: Passimian|def|1\n|-unboost|p2a: Passimian|spd|1\n|faint|p1a: Quagsire\n|\n|upkeep\n|inactive|Matuidi14 has 120 seconds left.\n|inactive|Matuidi14 has 90 seconds left.\n|inactive|Matuidi14 has 60 seconds left.\n|\n|t:|1781451142\n|switch|p1a: Zapdos|Zapdos, L78, tera:Steel|165/268\n|turn|37\n|inactive|Matuidi14 has 60 seconds left.\n|\n|t:|1781451172\n|move|p1a: Zapdos|Hurricane|p2a: Passimian\n|-supereffective|p2a: Passimian\n|-damage|p2a: Passimian|0 fnt\n|faint|p2a: Passimian\n|\n|win|Matuidi14\n", "inputlog": ">version a8376a258c1d4662feba110a92103f3664a72141\n>start {\"formatid\":\"gen9randombattle\",\"seed\":\"sodium,085020f371b57c6387987d61d4010f9a\",\"rated\":\"Rated battle\"}\n>player p1 {\"name\":\"Matuidi14\",\"avatar\":\"clown\",\"rating\":2212,\"seed\":\"sodium,461a25c0c5e9df2fd8d56abe5a8bea5f\"}\n>player p2 {\"name\":\"Breachingtrout\",\"avatar\":\"1\",\"rating\":2267,\"seed\":\"sodium,3a520c7c3ba5a0098b6d22b3c46c72ae\"}\n>p1 move knockoff\n>p2 move bulkup\n>p1 switch 6\n>p2 move bodyslam\n>p1 move spikes\n>p2 switch 2\n>p1 switch 3\n>p2 move freezedry\n>p1 move knockoff\n>p2 switch 2\n>p1 switch 3\n>p2 move slackoff\n>p1 move toxic\n>p2 switch 4\n>p1 switch 3\n>p2 move triattack\n>p1 move knockoff\n>p2 move triattack\n>p1 move bodyslam\n>p2 move triattack\n>p2 switch 2\n>p1 move knockoff\n>p2 move freezedry\n>p1 switch 2\n>p1 move hurricane terastallize\n>p2 move protect\n>p1 move hurricane\n>p2 switch 4\n>p1 switch 3\n>p2 move earthquake\n>p1 move spikes\n>p2 move slackoff\n>p1 move toxic\n>p2 move bodyslam\n>p1 move toxic\n>p2 switch 6\n>p1 switch 6\n>p2 move shadowball\n>p1 move firstimpression\n>p2 move shadowball\n>p1 switch 3\n>p1 move roost\n>p2 switch 6\n>p1 switch 6\n>p2 move earthquake\n>p1 move recover\n>p2 switch 4\n>p1 switch 6\n>p2 move freezedry\n>p1 move discharge\n>p2 move calmmind\n>p1 move hurricane\n>p2 move wish\n>p1 move hurricane\n>p2 move wish\n>p1 move discharge\n>p2 move protect\n>p2 switch 6\n>p1 move roost\n>p2 move mysticalfire\n>p2 switch 5\n>p1 switch 6\n>p2 move closecombat\n>p1 switch 5\n>p2 move closecombat\n>p1 move thunderbolt\n>p2 switch 4\n>p2 switch 3\n>p1 move taunt\n>p2 move ragefist\n>p1 move thunderbolt\n>p2 move ragefist\n>p1 switch 4\n>p1 move psyshock\n>p2 move ragefist terastallize\n>p1 switch 6\n>p1 move discharge\n>p2 move drainpunch\n>p2 switch 4\n>p1 move uturn\n>p2 move closecombat\n>p1 switch 5\n>p1 switch 5\n>p1 move hurricane\n>p2 move closecombat", "uploadtime": 1781450678, "views": 4, "formatid": "gen9randombattle", "rating": null, "private": 0, "password": null}