{"id": "gen9randombattle-2631511619", "format": "[Gen 9] Random Battle", "players": ["Rheny", "Budgers"], "log": "|j|\u2606Rheny\n|j|\u2606Budgers\n|t:|1781394572\n|gametype|singles\n|player|p1|Rheny|miku-ghost|1939\n|player|p2|Budgers|169|1987\n|gen|9\n|tier|[Gen 9] Random Battle\n|rated|\n|rule|Species Clause: Limit one of each Pok\u00e9mon\n|rule|HP Percentage Mod: HP is shown in percentages\n|rule|Sleep Clause Mod: Limit one foe put to sleep\n|rule|Illusion Level Mod: Illusion disguises the Pok\u00e9mon's true level\n|\n|t:|1781394572\n|teamsize|p1|6\n|teamsize|p2|6\n|start\n|switch|p1a: Drednaw|Drednaw, L81, F|278/278\n|switch|p2a: Chi-Yu|Chi-Yu, L77|211/211\n|-ability|p2a: Chi-Yu|Beads of Ruin\n|turn|1\n|\n|t:|1781394582\n|move|p2a: Chi-Yu|Dark Pulse|p1a: Drednaw\n|-damage|p1a: Drednaw|137/278\n|move|p1a: Drednaw|Shell Smash|p1a: Drednaw\n|-unboost|p1a: Drednaw|def|1\n|-unboost|p1a: Drednaw|spd|1\n|-boost|p1a: Drednaw|atk|2\n|-boost|p1a: Drednaw|spa|2\n|-boost|p1a: Drednaw|spe|2\n|-enditem|p1a: Drednaw|White Herb\n|-clearnegativeboost|p1a: Drednaw|[silent]\n|\n|upkeep\n|turn|2\n|\n|t:|1781394589\n|switch|p2a: Bellibolt|Bellibolt, L84, F|320/320\n|move|p1a: Drednaw|Liquidation|p2a: Bellibolt\n|-damage|p2a: Bellibolt|130/320\n|-unboost|p2a: Bellibolt|def|1\n|-start|p2a: Bellibolt|Charge|Liquidation|[from] ability: Electromorphosis\n|\n|-heal|p2a: Bellibolt|150/320|[from] item: Leftovers\n|upkeep\n|turn|3\n|\n|t:|1781394595\n|move|p1a: Drednaw|Liquidation|p2a: Bellibolt\n|-damage|p2a: Bellibolt|0 fnt\n|faint|p2a: Bellibolt\n|\n|upkeep\n|\n|t:|1781394601\n|switch|p2a: Ambipom|Ambipom, L84, M|263/263\n|turn|4\n|inactive|Battle timer is ON: inactive players will automatically lose when time's up. (requested by Budgers)\n|\n|t:|1781394606\n|move|p2a: Ambipom|Fake Out|p1a: Drednaw\n|-resisted|p1a: Drednaw\n|-damage|p1a: Drednaw|95/278\n|cant|p1a: Drednaw|flinch\n|\n|upkeep\n|turn|5\n|\n|t:|1781394613\n|switch|p2a: Glimmora|Glimmora, L75, M|248/248\n|-terastallize|p1a: Drednaw|Dark\n|move|p1a: Drednaw|Crunch|p2a: Glimmora\n|-damage|p2a: Glimmora|0 fnt\n|-activate|p2a: Glimmora|ability: Toxic Debris\n|-sidestart|p1: Rheny|move: Toxic Spikes\n|faint|p2a: Glimmora\n|\n|upkeep\n|\n|t:|1781394615\n|switch|p2a: Terapagos|Terapagos, L77, F|265/265\n|-activate|p2a: Terapagos|ability: Tera Shift\n|detailschange|p2a: Terapagos|Terapagos-Terastal, L77, F\n|-heal|p2a: Terapagos|273/273|[silent]\n|turn|6\n|\n|t:|1781394626\n|move|p1a: Drednaw|Stone Edge|p2a: Terapagos\n|-activate|p2a: Terapagos|ability: Tera Shell\n|-resisted|p2a: Terapagos\n|-damage|p2a: Terapagos|174/273\n|move|p2a: Terapagos|Tera Starstorm|p1a: Drednaw\n|-damage|p1a: Drednaw|0 fnt\n|faint|p1a: Drednaw\n|\n|upkeep\n|\n|t:|1781394630\n|switch|p1a: Arbok|Arbok, L87, F|246/246\n|-sideend|p1: Rheny|move: Toxic Spikes|[of] p1a: Arbok\n|-ability|p1a: Arbok|Intimidate|boost\n|-unboost|p2a: Terapagos|atk|1\n|turn|7\n|\n|t:|1781394634\n|switch|p2a: Ambipom|Ambipom, L84, M|263/263\n|move|p1a: Arbok|Gunk Shot|p2a: Ambipom\n|-damage|p2a: Ambipom|106/263\n|-status|p2a: Ambipom|psn\n|\n|-damage|p2a: Ambipom|74/263 psn|[from] psn\n|upkeep\n|turn|8\n|\n|t:|1781394641\n|move|p2a: Ambipom|Fake Out|p1a: Arbok\n|-damage|p1a: Arbok|162/246\n|cant|p1a: Arbok|flinch\n|\n|-heal|p1a: Arbok|177/246|[from] item: Leftovers\n|-damage|p2a: Ambipom|42/263 psn|[from] psn\n|upkeep\n|turn|9\n|\n|t:|1781394644\n|move|p1a: Arbok|Sucker Punch|p2a: Ambipom\n|-damage|p2a: Ambipom|0 fnt\n|faint|p2a: Ambipom\n|\n|-heal|p1a: Arbok|192/246|[from] item: Leftovers\n|upkeep\n|\n|t:|1781394648\n|switch|p2a: Chi-Yu|Chi-Yu, L77|211/211\n|-ability|p2a: Chi-Yu|Beads of Ruin\n|turn|10\n|\n|t:|1781394650\n|move|p2a: Chi-Yu|Nasty Plot|p2a: Chi-Yu\n|-boost|p2a: Chi-Yu|spa|2\n|move|p1a: Arbok|Earthquake|p2a: Chi-Yu\n|-supereffective|p2a: Chi-Yu\n|-damage|p2a: Chi-Yu|29/211\n|\n|-heal|p1a: Arbok|207/246|[from] item: Leftovers\n|upkeep\n|turn|11\n|\n|t:|1781394655\n|switch|p2a: Terapagos|Terapagos-Terastal, L77, F|174/273\n|move|p1a: Arbok|Sucker Punch||[still]\n|-fail|p1a: Arbok\n|\n|-heal|p1a: Arbok|222/246|[from] item: Leftovers\n|upkeep\n|turn|12\n|\n|t:|1781394658\n|move|p1a: Arbok|Gunk Shot|p2a: Terapagos\n|-damage|p2a: Terapagos|48/273\n|move|p2a: Terapagos|Calm Mind|p2a: Terapagos\n|-boost|p2a: Terapagos|spa|1\n|-boost|p2a: Terapagos|spd|1\n|\n|-heal|p1a: Arbok|237/246|[from] item: Leftovers\n|upkeep\n|turn|13\n|\n|t:|1781394666\n|-terastallize|p2a: Terapagos|Stellar\n|detailschange|p2a: Terapagos|Terapagos-Stellar, L77, F, tera:Stellar\n|-heal|p2a: Terapagos|148/373|[silent]\n|move|p1a: Arbok|Earthquake|p2a: Terapagos\n|-damage|p2a: Terapagos|85/373\n|move|p2a: Terapagos|Rest|p2a: Terapagos\n|-status|p2a: Terapagos|slp|[from] move: Rest\n|-heal|p2a: Terapagos|373/373 slp|[silent]\n|-enditem|p2a: Terapagos|Chesto Berry|[eat]\n|-curestatus|p2a: Terapagos|slp|[msg]\n|\n|-heal|p1a: Arbok|246/246|[from] item: Leftovers\n|upkeep\n|turn|14\n|\n|t:|1781394677\n|move|p1a: Arbok|Gunk Shot|p2a: Terapagos\n|-damage|p2a: Terapagos|261/373\n|-status|p2a: Terapagos|psn\n|move|p2a: Terapagos|Tera Starstorm|p1a: Arbok\n|-damage|p1a: Arbok|86/246\n|\n|-heal|p1a: Arbok|101/246|[from] item: Leftovers\n|-damage|p2a: Terapagos|215/373 psn|[from] psn\n|upkeep\n|turn|15\n|\n|t:|1781394683\n|move|p1a: Arbok|Gunk Shot|p2a: Terapagos\n|-damage|p2a: Terapagos|88/373 psn\n|move|p2a: Terapagos|Tera Starstorm|p1a: Arbok\n|-crit|p1a: Arbok\n|-damage|p1a: Arbok|0 fnt\n|faint|p1a: Arbok\n|\n|-damage|p2a: Terapagos|42/373 psn|[from] psn\n|upkeep\n|\n|t:|1781394696\n|switch|p1a: Mewtwo|Mewtwo, L72|272/272\n|-ability|p1a: Mewtwo|Pressure\n|turn|16\n|\n|t:|1781394702\n|switch|p2a: Chi-Yu|Chi-Yu, L77|29/211\n|-ability|p2a: Chi-Yu|Beads of Ruin\n|move|p1a: Mewtwo|Aura Sphere|p2a: Chi-Yu\n|-supereffective|p2a: Chi-Yu\n|-damage|p2a: Chi-Yu|0 fnt\n|faint|p2a: Chi-Yu\n|-damage|p1a: Mewtwo|245/272|[from] item: Life Orb\n|\n|upkeep\n|\n|t:|1781394704\n|switch|p2a: Cramorant|Cramorant, L86, M|261/261\n|turn|17\n|\n|t:|1781394711\n|move|p1a: Mewtwo|Psystrike|p2a: Cramorant\n|-damage|p2a: Cramorant|69/261\n|-damage|p1a: Mewtwo|218/272|[from] item: Life Orb\n|move|p2a: Cramorant|Surf|p1a: Mewtwo\n|-formechange|p2a: Cramorant|Cramorant-Gorging|\n|-damage|p1a: Mewtwo|119/272\n|\n|upkeep\n|turn|18\n|\n|t:|1781394716\n|move|p1a: Mewtwo|Psystrike|p2a: Cramorant\n|-damage|p2a: Cramorant|0 fnt\n|-damage|p1a: Mewtwo|51/272|[from] ability: Gulp Missile|[of] p2a: Cramorant\n|-status|p1a: Mewtwo|par\n|-formechange|p2a: Cramorant|Cramorant|\n|faint|p2a: Cramorant\n|-damage|p1a: Mewtwo|24/272 par|[from] item: Life Orb\n|\n|upkeep\n|\n|t:|1781394717\n|switch|p2a: Terapagos|Terapagos-Stellar, L77, F, tera:Stellar|42/373 psn\n|turn|19\n|\n|t:|1781394731\n|switch|p1a: Porygon-Z|Porygon-Z, L83|277/277\n|move|p2a: Terapagos|Rest|p2a: Terapagos\n|-status|p2a: Terapagos|slp|[from] move: Rest\n|-heal|p2a: Terapagos|373/373 slp|[silent]\n|\n|upkeep\n|turn|20\n|\n|t:|1781394739\n|move|p1a: Porygon-Z|Nasty Plot|p1a: Porygon-Z\n|-boost|p1a: Porygon-Z|spa|2\n|cant|p2a: Terapagos|slp\n|\n|upkeep\n|turn|21\n|\n|t:|1781394741\n|move|p1a: Porygon-Z|Tera Blast|p2a: Terapagos\n|-damage|p2a: Terapagos|14/373 slp\n|-damage|p1a: Porygon-Z|250/277|[from] item: Life Orb\n|cant|p2a: Terapagos|slp\n|\n|upkeep\n|turn|22\n|c|\u2606Rheny|GG\n|-message|Budgers forfeited.\n|\n|win|Rheny\n", "inputlog": ">version a8376a258c1d4662feba110a92103f3664a72141\n>start {\"formatid\":\"gen9randombattle\",\"seed\":\"sodium,c17df8dda5b1a685e79d924cfec889c7\",\"rated\":\"Rated battle\"}\n>player p1 {\"name\":\"Rheny\",\"avatar\":\"miku-ghost\",\"rating\":1939,\"seed\":\"sodium,19d09d02e6104a6a17bac2c990f76872\"}\n>player p2 {\"name\":\"Budgers\",\"avatar\":\"169\",\"rating\":1987,\"seed\":\"sodium,9933660538ae143874314e8ec56e99eb\"}\n>p1 move shellsmash\n>p2 move darkpulse\n>p1 move liquidation\n>p2 switch 6\n>p1 move liquidation\n>p2 move muddywater\n>p2 switch 4\n>p1 move liquidation\n>p2 move fakeout\n>p1 move crunch terastallize\n>p2 switch 5\n>p2 switch 2\n>p1 move stoneedge\n>p2 move terastarstorm\n>p1 switch 5\n>p1 move gunkshot\n>p2 switch 5\n>p1 move coil\n>p2 move fakeout\n>p1 move suckerpunch\n>p2 move doubleedge\n>p2 switch 6\n>p1 move earthquake\n>p2 move nastyplot\n>p1 move suckerpunch\n>p2 switch 5\n>p1 move gunkshot\n>p2 move calmmind\n>p1 move earthquake\n>p2 move rest terastallize\n>p1 move gunkshot\n>p2 move terastarstorm\n>p1 move gunkshot\n>p2 move terastarstorm\n>p1 switch 6\n>p1 move aurasphere\n>p2 switch 5\n>p2 switch 3\n>p1 move psystrike\n>p2 move surf\n>p1 move psystrike\n>p2 move surf\n>p2 switch 5\n>p1 switch 2\n>p2 move rest\n>p1 move nastyplot\n>p2 move calmmind\n>p1 move terablast\n>p2 move terastarstorm\n>chat \u2606Rheny|GG\n>forcelose p2", "uploadtime": 1781394575, "views": 5, "formatid": "gen9randombattle", "rating": null, "private": 0, "password": null}