{"id": "gen9randombattle-2631627234", "format": "[Gen 9] Random Battle", "players": ["MakotoV7", "sondaw"], "log": "|j|\u2606MakotoV7\n|j|\u203dsondaw\n|t:|1781411088\n|gametype|singles\n|player|p1|MakotoV7|steven|2157\n|player|p2|sondaw|101|2217\n|gen|9\n|tier|[Gen 9] Random Battle\n|rated|\n|rule|Species Clause: Limit one of each Pok\u00e9mon\n|rule|HP Percentage Mod: HP is shown in percentages\n|rule|Sleep Clause Mod: Limit one foe put to sleep\n|rule|Illusion Level Mod: Illusion disguises the Pok\u00e9mon's true level\n|\n|t:|1781411088\n|teamsize|p1|6\n|teamsize|p2|6\n|start\n|switch|p1a: Clodsire|Clodsire, L81, M|343/343\n|switch|p2a: Lunala|Lunala, L70|308/308\n|turn|1\n|inactive|Battle timer is ON: inactive players will automatically lose when time's up. (requested by MakotoV7)\n|inactive|sondaw has 120 seconds left.\n|inactive|sondaw has 90 seconds left.\n|\n|t:|1781411164\n|switch|p1a: Houndoom|Houndoom, L87, M|272/272\n|move|p2a: Lunala|Calm Mind|p2a: Lunala\n|-boost|p2a: Lunala|spa|1\n|-boost|p2a: Lunala|spd|1\n|\n|upkeep\n|turn|2\n|\n|t:|1781411172\n|switch|p2a: Inteleon|Inteleon, L81, M|246/246\n|move|p1a: Houndoom|Dark Pulse|p2a: Inteleon\n|-damage|p2a: Inteleon|108/246\n|\n|upkeep\n|turn|3\n|\n|t:|1781411182\n|switch|p1a: Clodsire|Clodsire, L81, M|343/343\n|move|p2a: Inteleon|U-turn|p1a: Clodsire\n|-resisted|p1a: Clodsire\n|-crit|p1a: Clodsire\n|-damage|p1a: Clodsire|297/343\n|\n|t:|1781411194\n|switch|p2a: Klawf|Klawf, L90, M|272/272|[from] U-turn\n|\n|-heal|p1a: Clodsire|318/343|[from] item: Leftovers\n|upkeep\n|turn|4\n|\n|t:|1781411198\n|move|p2a: Klawf|Swords Dance|p2a: Klawf\n|-boost|p2a: Klawf|atk|2\n|move|p1a: Clodsire|Toxic|p2a: Klawf\n|-status|p2a: Klawf|tox\n|\n|-heal|p1a: Clodsire|339/343|[from] item: Leftovers\n|-damage|p2a: Klawf|255/272 tox|[from] psn\n|upkeep\n|turn|5\n|\n|t:|1781411212\n|move|p2a: Klawf|High Horsepower|p1a: Clodsire\n|-supereffective|p1a: Clodsire\n|-damage|p1a: Clodsire|0 fnt\n|faint|p1a: Clodsire\n|\n|-damage|p2a: Klawf|221/272 tox|[from] psn\n|upkeep\n|\n|t:|1781411221\n|switch|p1a: Dugtrio|Dugtrio, L84, F|196/196\n|turn|6\n|\n|t:|1781411230\n|move|p1a: Dugtrio|Earthquake|p2a: Klawf\n|-supereffective|p2a: Klawf\n|-damage|p2a: Klawf|0 fnt\n|faint|p2a: Klawf\n|\n|upkeep\n|\n|t:|1781411237\n|switch|p2a: Chesnaught|Chesnaught, L84, F|285/285\n|turn|7\n|\n|t:|1781411242\n|switch|p1a: Vivillon|Vivillon-High Plains, L83, F|268/268\n|move|p2a: Chesnaught|Iron Defense|p2a: Chesnaught\n|-boost|p2a: Chesnaught|def|2\n|\n|upkeep\n|turn|8\n|\n|t:|1781411249\n|switch|p2a: Jirachi|Jirachi, L80|291/291\n|move|p1a: Vivillon|Quiver Dance|p1a: Vivillon\n|-boost|p1a: Vivillon|spa|1\n|-boost|p1a: Vivillon|spd|1\n|-boost|p1a: Vivillon|spe|1\n|\n|upkeep\n|turn|9\n|\n|t:|1781411254\n|move|p1a: Vivillon|Sleep Powder|p2a: Jirachi\n|-status|p2a: Jirachi|slp|[from] move: Sleep Powder\n|cant|p2a: Jirachi|slp\n|\n|upkeep\n|turn|10\n|\n|t:|1781411261\n|switch|p2a: Lunala|Lunala, L70|308/308\n|move|p1a: Vivillon|Bug Buzz|p2a: Lunala\n|-damage|p2a: Lunala|239/308\n|\n|-heal|p2a: Lunala|258/308|[from] item: Leftovers\n|upkeep\n|turn|11\n|\n|t:|1781411265\n|move|p1a: Vivillon|Quiver Dance|p1a: Vivillon\n|-boost|p1a: Vivillon|spa|1\n|-boost|p1a: Vivillon|spd|1\n|-boost|p1a: Vivillon|spe|1\n|move|p2a: Lunala|Calm Mind|p2a: Lunala\n|-boost|p2a: Lunala|spa|1\n|-boost|p2a: Lunala|spd|1\n|\n|-heal|p2a: Lunala|277/308|[from] item: Leftovers\n|upkeep\n|turn|12\n|\n|t:|1781411270\n|move|p1a: Vivillon|Hurricane|p2a: Lunala\n|-crit|p2a: Lunala\n|-damage|p2a: Lunala|0 fnt\n|faint|p2a: Lunala\n|\n|upkeep\n|\n|t:|1781411275\n|switch|p2a: Haxorus|Haxorus, L77, F|244/244\n|-ability|p2a: Haxorus|Mold Breaker\n|turn|13\n|\n|t:|1781411284\n|-terastallize|p2a: Haxorus|Steel\n|move|p1a: Vivillon|Hurricane|p2a: Haxorus\n|-resisted|p2a: Haxorus\n|-damage|p2a: Haxorus|115/244\n|move|p2a: Haxorus|Dragon Dance|p2a: Haxorus\n|-boost|p2a: Haxorus|atk|1\n|-boost|p2a: Haxorus|spe|1\n|\n|upkeep\n|turn|14\n|\n|t:|1781411291\n|move|p1a: Vivillon|Hurricane|p2a: Haxorus\n|-resisted|p2a: Haxorus\n|-damage|p2a: Haxorus|0 fnt\n|faint|p2a: Haxorus\n|\n|upkeep\n|-message|sondaw forfeited.\n|\n|win|MakotoV7\n", "inputlog": ">version a8376a258c1d4662feba110a92103f3664a72141\n>start {\"formatid\":\"gen9randombattle\",\"seed\":\"sodium,111fbf5b5d76f54258ae7d5ef08593f4\",\"rated\":\"Rated battle\"}\n>player p1 {\"name\":\"MakotoV7\",\"avatar\":\"steven\",\"rating\":2157,\"seed\":\"sodium,568a5533aa01fb9328f2e40b33072d37\"}\n>player p2 {\"name\":\"sondaw\",\"avatar\":\"101\",\"rating\":2217,\"seed\":\"sodium,42b2c36d157a76854dffda0cec668855\"}\n>p1 switch 5\n>p2 move calmmind\n>p1 move darkpulse\n>p2 switch 2\n>p1 switch 5\n>p2 move uturn\n>p2 switch 4\n>p1 move toxic\n>p2 move swordsdance\n>p1 move recover\n>p2 move highhorsepower\n>p1 switch 4\n>p1 move earthquake\n>p2 move crabhammer\n>p2 switch 3\n>p1 switch 2\n>p2 move irondefense\n>p1 move quiverdance\n>p2 switch 5\n>p1 move sleeppowder\n>p2 move uturn\n>p1 move bugbuzz\n>p2 switch 2\n>p1 move quiverdance\n>p2 move calmmind\n>p1 move hurricane\n>p2 move moonlight\n>p2 switch 6\n>p1 move hurricane\n>p2 move dragondance terastallize\n>p1 move hurricane\n>p2 move dragondance\n>forcelose p2", "uploadtime": 1781411089, "views": 4, "formatid": "gen9randombattle", "rating": null, "private": 0, "password": null}