{"id": "gen9randombattle-2631844138", "format": "[Gen 9] Random Battle", "players": ["joebidenfan1245", "64stadiumannouncer"], "log": "|j|\u203djoebidenfan1245\n|j|\u260664stadiumannouncer\n|t:|1781447256\n|gametype|singles\n|player|p1|joebidenfan1245|265|2023\n|player|p2|64stadiumannouncer|1|2024\n|gen|9\n|tier|[Gen 9] Random Battle\n|rated|\n|rule|Species Clause: Limit one of each Pok\u00e9mon\n|rule|HP Percentage Mod: HP is shown in percentages\n|rule|Sleep Clause Mod: Limit one foe put to sleep\n|rule|Illusion Level Mod: Illusion disguises the Pok\u00e9mon's true level\n|\n|t:|1781447256\n|teamsize|p1|6\n|teamsize|p2|6\n|start\n|switch|p1a: Delibird|Delibird, F|252/252\n|switch|p2a: Garchomp|Garchomp, L74, M|282/282\n|turn|1\n|inactive|Battle timer is ON: inactive players will automatically lose when time's up. (requested by joebidenfan1245)\n|\n|t:|1781447288\n|switch|p1a: Grimmsnarl|Grimmsnarl, L83, M|293/293\n|switch|p2a: Cetitan|Cetitan, L82, M|412/412\n|\n|upkeep\n|turn|2\n|\n|t:|1781447304\n|move|p1a: Grimmsnarl|Reflect|p1a: Grimmsnarl\n|-sidestart|p1: joebidenfan1245|Reflect\n|move|p2a: Cetitan|Belly Drum|p2a: Cetitan\n|-damage|p2a: Cetitan|206/412\n|-setboost|p2a: Cetitan|atk|6|[from] move: Belly Drum\n|-enditem|p2a: Cetitan|Sitrus Berry|[eat]\n|-heal|p2a: Cetitan|309/412|[from] item: Sitrus Berry\n|\n|upkeep\n|turn|3\n|\n|t:|1781447312\n|move|p1a: Grimmsnarl|Parting Shot|p2a: Cetitan\n|-unboost|p2a: Cetitan|atk|1\n|-unboost|p2a: Cetitan|spa|1\n|\n|t:|1781447328\n|switch|p1a: Delibird|Delibird, F|252/252|[from] Parting Shot\n|move|p2a: Cetitan|Ice Spinner|p1a: Delibird\n|-damage|p1a: Delibird|51/252\n|\n|upkeep\n|turn|4\n|\n|t:|1781447337\n|move|p2a: Cetitan|Ice Shard|p1a: Delibird\n|-damage|p1a: Delibird|0 fnt\n|faint|p1a: Delibird\n|\n|upkeep\n|\n|t:|1781447340\n|switch|p1a: Barraskewda|Barraskewda, L81, F|231/231\n|turn|5\n|\n|t:|1781447352\n|move|p1a: Barraskewda|Close Combat|p2a: Cetitan\n|-supereffective|p2a: Cetitan\n|-damage|p2a: Cetitan|0 fnt\n|-unboost|p1a: Barraskewda|def|1\n|-unboost|p1a: Barraskewda|spd|1\n|faint|p2a: Cetitan\n|\n|upkeep\n|\n|t:|1781447370\n|switch|p2a: Garchomp|Garchomp, L74, M|282/282\n|turn|6\n|\n|t:|1781447378\n|switch|p1a: Grimmsnarl|Grimmsnarl, L83, M|293/293\n|move|p2a: Garchomp|Spikes|p1a: Grimmsnarl\n|-sidestart|p1: joebidenfan1245|Spikes\n|\n|upkeep\n|turn|7\n|\n|t:|1781447388\n|switch|p2a: Glimmora|Glimmora, L75, F|248/248\n|move|p1a: Grimmsnarl|Spirit Break|p2a: Glimmora\n|-resisted|p2a: Glimmora\n|-damage|p2a: Glimmora|202/248\n|-unboost|p2a: Glimmora|spa|1\n|-activate|p2a: Glimmora|ability: Toxic Debris\n|-sidestart|p1: joebidenfan1245|move: Toxic Spikes\n|\n|upkeep\n|turn|8\n|\n|t:|1781447400\n|move|p1a: Grimmsnarl|Parting Shot|p2a: Glimmora\n|-unboost|p2a: Glimmora|atk|1\n|-unboost|p2a: Glimmora|spa|1\n|\n|t:|1781447404\n|switch|p1a: Barraskewda|Barraskewda, L81, F|231/231|[from] Parting Shot\n|-damage|p1a: Barraskewda|203/231|[from] Spikes\n|-status|p1a: Barraskewda|psn\n|move|p2a: Glimmora|Meteor Beam||[still]\n|-prepare|p2a: Glimmora|Meteor Beam\n|-boost|p2a: Glimmora|spa|1\n|-enditem|p2a: Glimmora|Power Herb\n|-anim|p2a: Glimmora|Meteor Beam|p1a: Barraskewda\n|-damage|p1a: Barraskewda|77/231 psn\n|\n|-damage|p1a: Barraskewda|49/231 psn|[from] psn\n|upkeep\n|turn|9\n|\n|t:|1781447423\n|switch|p2a: Slowbro|Slowbro, L85, F|300/300\n|move|p1a: Barraskewda|Waterfall|p2a: Slowbro\n|-resisted|p2a: Slowbro\n|-damage|p2a: Slowbro|237/300\n|\n|-damage|p1a: Barraskewda|21/231 psn|[from] psn\n|-sideend|p1: joebidenfan1245|Reflect\n|upkeep\n|turn|10\n|\n|t:|1781447442\n|move|p1a: Barraskewda|Waterfall|p2a: Slowbro\n|-resisted|p2a: Slowbro\n|-damage|p2a: Slowbro|183/300\n|move|p2a: Slowbro|Scald|p1a: Barraskewda\n|-resisted|p1a: Barraskewda\n|-damage|p1a: Barraskewda|0 fnt\n|faint|p1a: Barraskewda\n|\n|upkeep\n|\n|t:|1781447461\n|switch|p1a: Mandibuzz|Mandibuzz, L85, F|326/326\n|turn|11\n|\n|t:|1781447474\n|move|p1a: Mandibuzz|U-turn|p2a: Slowbro\n|-supereffective|p2a: Slowbro\n|-damage|p2a: Slowbro|123/300\n|\n|t:|1781447482\n|switch|p1a: Farigiraf|Farigiraf, L90, F|362/362|[from] U-turn\n|-damage|p1a: Farigiraf|317/362|[from] Spikes\n|-status|p1a: Farigiraf|psn\n|move|p2a: Slowbro|Scald|p1a: Farigiraf\n|-damage|p1a: Farigiraf|217/362 psn\n|\n|-heal|p1a: Farigiraf|239/362 psn|[from] item: Leftovers\n|-damage|p1a: Farigiraf|194/362 psn|[from] psn\n|upkeep\n|turn|12\n|\n|t:|1781447496\n|switch|p2a: Glimmora|Glimmora, L75, F|202/248\n|move|p1a: Farigiraf|Body Slam|p2a: Glimmora\n|-resisted|p2a: Glimmora\n|-damage|p2a: Glimmora|145/248\n|-status|p2a: Glimmora|par\n|-activate|p2a: Glimmora|ability: Toxic Debris\n|-sidestart|p1: joebidenfan1245|move: Toxic Spikes\n|\n|-heal|p1a: Farigiraf|216/362 psn|[from] item: Leftovers\n|-damage|p1a: Farigiraf|171/362 psn|[from] psn\n|upkeep\n|turn|13\n|\n|t:|1781447515\n|move|p1a: Farigiraf|Psychic Noise|p2a: Glimmora\n|-supereffective|p2a: Glimmora\n|-damage|p2a: Glimmora|0 fnt\n|faint|p2a: Glimmora\n|\n|-heal|p1a: Farigiraf|193/362 psn|[from] item: Leftovers\n|-damage|p1a: Farigiraf|148/362 psn|[from] psn\n|upkeep\n|inactive|64stadiumannouncer has 120 seconds left.\n|\n|t:|1781447542\n|switch|p2a: Garchomp|Garchomp, L74, M|282/282\n|turn|14\n|\n|t:|1781447546\n|switch|p1a: Grimmsnarl|Grimmsnarl, L83, M|293/293\n|-damage|p1a: Grimmsnarl|257/293|[from] Spikes\n|-status|p1a: Grimmsnarl|tox\n|move|p2a: Garchomp|Spikes|p1a: Grimmsnarl\n|-sidestart|p1: joebidenfan1245|Spikes\n|\n|-damage|p1a: Grimmsnarl|239/293 tox|[from] psn\n|upkeep\n|turn|15\n|inactive|64stadiumannouncer has 120 seconds left.\n|\n|t:|1781447563\n|-terastallize|p2a: Garchomp|Ground\n|move|p1a: Grimmsnarl|Reflect|p1a: Grimmsnarl\n|-sidestart|p1: joebidenfan1245|Reflect\n|move|p2a: Garchomp|Earthquake|p1a: Grimmsnarl\n|-damage|p1a: Grimmsnarl|159/293 tox\n|\n|-damage|p1a: Grimmsnarl|123/293 tox|[from] psn\n|upkeep\n|turn|16\n|\n|t:|1781447573\n|move|p1a: Grimmsnarl|Parting Shot|p2a: Garchomp\n|-unboost|p2a: Garchomp|atk|1\n|-unboost|p2a: Garchomp|spa|1\n|\n|t:|1781447577\n|switch|p1a: Mandibuzz|Mandibuzz, L85, F|326/326|[from] Parting Shot\n|move|p2a: Garchomp|Spikes|p1a: Mandibuzz\n|-sidestart|p1: joebidenfan1245|Spikes\n|\n|upkeep\n|turn|17\n|\n|t:|1781447582\n|move|p1a: Mandibuzz|Toxic|p2a: Garchomp\n|-status|p2a: Garchomp|tox\n|move|p2a: Garchomp|Dragon Tail|p1a: Mandibuzz|[miss]\n|-miss|p2a: Garchomp|p1a: Mandibuzz\n|\n|-damage|p2a: Garchomp|265/282 tox|[from] psn\n|upkeep\n|turn|18\n|\n|t:|1781447593\n|move|p1a: Mandibuzz|Foul Play|p2a: Garchomp\n|-damage|p2a: Garchomp|187/282 tox\n|-damage|p1a: Mandibuzz|286/326|[from] ability: Rough Skin|[of] p2a: Garchomp\n|-damage|p1a: Mandibuzz|232/326|[from] item: Rocky Helmet|[of] p2a: Garchomp\n|move|p2a: Garchomp|Dragon Tail|p1a: Mandibuzz|[miss]\n|-miss|p2a: Garchomp|p1a: Mandibuzz\n|\n|-damage|p2a: Garchomp|153/282 tox|[from] psn\n|upkeep\n|turn|19\n|\n|t:|1781447610\n|move|p1a: Mandibuzz|Roost|p1a: Mandibuzz\n|-heal|p1a: Mandibuzz|326/326\n|-singleturn|p1a: Mandibuzz|move: Roost\n|move|p2a: Garchomp|Dragon Tail|p1a: Mandibuzz\n|-damage|p1a: Mandibuzz|310/326\n|drag|p1a: Grimmsnarl|Grimmsnarl, L83, M|123/293 tox\n|-damage|p1a: Grimmsnarl|50/293 tox|[from] Spikes\n|\n|-damage|p2a: Garchomp|102/282 tox|[from] psn\n|-damage|p1a: Grimmsnarl|32/293 tox|[from] psn\n|upkeep\n|turn|20\n|\n|t:|1781447633\n|move|p1a: Grimmsnarl|Light Screen|p1a: Grimmsnarl\n|-sidestart|p1: joebidenfan1245|move: Light Screen\n|move|p2a: Garchomp|Dragon Tail|p1a: Grimmsnarl\n|-immune|p1a: Grimmsnarl\n|\n|-damage|p2a: Garchomp|34/282 tox|[from] psn\n|-damage|p1a: Grimmsnarl|0 fnt|[from] psn\n|faint|p1a: Grimmsnarl\n|upkeep\n|\n|t:|1781447639\n|switch|p1a: Mandibuzz|Mandibuzz, L85, F|310/326\n|turn|21\n|\n|t:|1781447649\n|move|p1a: Mandibuzz|Foul Play|p2a: Garchomp\n|-damage|p2a: Garchomp|0 fnt\n|-damage|p1a: Mandibuzz|270/326|[from] ability: Rough Skin|[of] p2a: Garchomp\n|-damage|p1a: Mandibuzz|216/326|[from] item: Rocky Helmet|[of] p2a: Garchomp\n|faint|p2a: Garchomp\n|\n|upkeep\n|inactive|64stadiumannouncer has 120 seconds left.\n|\n|t:|1781447675\n|switch|p2a: Slowbro|Slowbro, L85, F|223/300\n|turn|22\n|\n|t:|1781447678\n|move|p1a: Mandibuzz|Toxic|p2a: Slowbro\n|-status|p2a: Slowbro|tox\n|move|p2a: Slowbro|Scald|p1a: Mandibuzz\n|-damage|p1a: Mandibuzz|177/326\n|-status|p1a: Mandibuzz|brn\n|\n|-damage|p2a: Slowbro|205/300 tox|[from] psn\n|-damage|p1a: Mandibuzz|157/326 brn|[from] brn\n|-sideend|p1: joebidenfan1245|Reflect\n|upkeep\n|turn|23\n|\n|t:|1781447689\n|switch|p2a: Medicham|Medicham, L86, M|243/243\n|move|p1a: Mandibuzz|Roost|p1a: Mandibuzz\n|-heal|p1a: Mandibuzz|320/326 brn\n|-singleturn|p1a: Mandibuzz|move: Roost\n|\n|-damage|p1a: Mandibuzz|300/326 brn|[from] brn\n|upkeep\n|turn|24\n|inactive|64stadiumannouncer has 120 seconds left.\n|\n|t:|1781447712\n|switch|p1a: Farigiraf|Farigiraf, L90, F|148/362 psn\n|-damage|p1a: Farigiraf|58/362 psn|[from] Spikes\n|move|p2a: Medicham|Close Combat|p1a: Farigiraf\n|-damage|p1a: Farigiraf|0 fnt\n|-unboost|p2a: Medicham|def|1\n|-unboost|p2a: Medicham|spd|1\n|faint|p1a: Farigiraf\n|\n|upkeep\n|\n|t:|1781447715\n|switch|p1a: Mienshao|Mienshao, L83, F|243/243\n|-damage|p1a: Mienshao|183/243|[from] Spikes\n|-status|p1a: Mienshao|tox\n|turn|25\n|\n|t:|1781447725\n|move|p2a: Medicham|Close Combat|p1a: Mienshao\n|-damage|p1a: Mienshao|0 fnt\n|-unboost|p2a: Medicham|def|1\n|-unboost|p2a: Medicham|spd|1\n|faint|p1a: Mienshao\n|\n|upkeep\n|\n|t:|1781447729\n|switch|p1a: Mandibuzz|Mandibuzz, L85, F|300/326 brn\n|turn|26\n|\n|t:|1781447739\n|switch|p2a: Slowbro|Slowbro, L85, F|300/300 tox\n|move|p1a: Mandibuzz|Foul Play|p2a: Slowbro\n|-supereffective|p2a: Slowbro\n|-damage|p2a: Slowbro|246/300 tox\n|\n|-damage|p2a: Slowbro|228/300 tox|[from] psn\n|-damage|p1a: Mandibuzz|280/326 brn|[from] brn\n|upkeep\n|turn|27\n|\n|t:|1781447754\n|move|p1a: Mandibuzz|Foul Play|p2a: Slowbro\n|-supereffective|p2a: Slowbro\n|-damage|p2a: Slowbro|176/300 tox\n|move|p2a: Slowbro|Body Press|p1a: Mandibuzz\n|-damage|p1a: Mandibuzz|227/326 brn\n|\n|-damage|p2a: Slowbro|140/300 tox|[from] psn\n|-damage|p1a: Mandibuzz|207/326 brn|[from] brn\n|-sideend|p1: joebidenfan1245|move: Light Screen\n|upkeep\n|turn|28\n|\n|t:|1781447763\n|move|p1a: Mandibuzz|Toxic|p2a: Slowbro\n|-fail|p2a: Slowbro|tox\n|move|p2a: Slowbro|Scald|p1a: Mandibuzz\n|-crit|p1a: Mandibuzz\n|-damage|p1a: Mandibuzz|74/326 brn\n|\n|-damage|p2a: Slowbro|86/300 tox|[from] psn\n|-damage|p1a: Mandibuzz|54/326 brn|[from] brn\n|upkeep\n|turn|29\n|\n|t:|1781447772\n|move|p1a: Mandibuzz|Roost|p1a: Mandibuzz\n|-heal|p1a: Mandibuzz|217/326 brn\n|-singleturn|p1a: Mandibuzz|move: Roost\n|move|p2a: Slowbro|Scald|p1a: Mandibuzz\n|-damage|p1a: Mandibuzz|127/326 brn\n|\n|-damage|p2a: Slowbro|14/300 tox|[from] psn\n|-damage|p1a: Mandibuzz|107/326 brn|[from] brn\n|upkeep\n|turn|30\n|\n|t:|1781447782\n|move|p1a: Mandibuzz|Roost|p1a: Mandibuzz\n|-heal|p1a: Mandibuzz|270/326 brn\n|-singleturn|p1a: Mandibuzz|move: Roost\n|move|p2a: Slowbro|Scald|p1a: Mandibuzz\n|-damage|p1a: Mandibuzz|191/326 brn\n|\n|-damage|p2a: Slowbro|0 fnt|[from] psn\n|faint|p2a: Slowbro\n|-damage|p1a: Mandibuzz|171/326 brn|[from] brn\n|upkeep\n|\n|t:|1781447791\n|switch|p2a: Medicham|Medicham, L86, M|243/243\n|turn|31\n|\n|t:|1781447797\n|move|p2a: Medicham|Trick|p1a: Mandibuzz\n|-activate|p2a: Medicham|move: Trick|[of] p1a: Mandibuzz\n|-item|p1a: Mandibuzz|Choice Scarf|[from] move: Trick\n|-item|p2a: Medicham|Heavy-Duty Boots|[from] move: Trick\n|move|p1a: Mandibuzz|Toxic|p2a: Medicham\n|-status|p2a: Medicham|tox\n|\n|-damage|p2a: Medicham|228/243 tox|[from] psn\n|-damage|p1a: Mandibuzz|151/326 brn|[from] brn\n|upkeep\n|turn|32\n|\n|t:|1781447805\n|move|p1a: Mandibuzz|Toxic|p2a: Medicham\n|-fail|p2a: Medicham|tox\n|move|p2a: Medicham|Close Combat|p1a: Mandibuzz\n|-damage|p1a: Mandibuzz|0 fnt\n|-unboost|p2a: Medicham|def|1\n|-unboost|p2a: Medicham|spd|1\n|faint|p1a: Mandibuzz\n|\n|win|64stadiumannouncer\n", "uploadtime": 1781447258, "views": 4, "formatid": "gen9randombattle", "rating": null, "private": 0, "password": null}