{"id": "gen9randombattle-2632020845", "format": "[Gen 9] Random Battle", "players": ["TSM-Virgil", "Shomsnack"], "log": "|j|\u2606TSM-Virgil\n|j|\u203dShomsnack\n|t:|1781466775\n|gametype|singles\n|player|p1|TSM-Virgil|acetrainer|2064\n|player|p2|Shomsnack|2|2038\n|gen|9\n|tier|[Gen 9] Random Battle\n|rated|\n|rule|Species Clause: Limit one of each Pok\u00e9mon\n|rule|HP Percentage Mod: HP is shown in percentages\n|rule|Sleep Clause Mod: Limit one foe put to sleep\n|rule|Illusion Level Mod: Illusion disguises the Pok\u00e9mon's true level\n|\n|t:|1781466775\n|teamsize|p1|6\n|teamsize|p2|6\n|start\n|switch|p1a: Gouging Fire|Gouging Fire, L74|277/277\n|switch|p2a: Eelektross|Eelektross, L87, M|290/290\n|turn|1\n|inactive|Battle timer is ON: inactive players will automatically lose when time's up. (requested by TSM-Virgil)\n|\n|t:|1781466793\n|move|p1a: Gouging Fire|Dragon Dance|p1a: Gouging Fire\n|-boost|p1a: Gouging Fire|atk|1\n|-boost|p1a: Gouging Fire|spe|1\n|move|p2a: Eelektross|Coil|p2a: Eelektross\n|-boost|p2a: Eelektross|atk|1\n|-boost|p2a: Eelektross|def|1\n|-boost|p2a: Eelektross|accuracy|1\n|\n|upkeep\n|turn|2\n|\n|t:|1781466802\n|-end|p1a: Gouging Fire|Protosynthesis|[silent]\n|switch|p1a: Rotom|Rotom-Wash, L82|216/216\n|move|p2a: Eelektross|Coil|p2a: Eelektross\n|-boost|p2a: Eelektross|atk|1\n|-boost|p2a: Eelektross|def|1\n|-boost|p2a: Eelektross|accuracy|1\n|\n|upkeep\n|turn|3\n|\n|t:|1781466805\n|move|p1a: Rotom|Will-O-Wisp|p2a: Eelektross\n|-status|p2a: Eelektross|brn\n|move|p2a: Eelektross|Drain Punch|p1a: Rotom\n|-damage|p1a: Rotom|157/216\n|\n|-heal|p1a: Rotom|170/216|[from] item: Leftovers\n|-damage|p2a: Eelektross|272/290 brn|[from] brn\n|upkeep\n|turn|4\n|\n|t:|1781466817\n|move|p1a: Rotom|Hydro Pump|p2a: Eelektross|[miss]\n|-miss|p1a: Rotom|p2a: Eelektross\n|move|p2a: Eelektross|Knock Off|p1a: Rotom\n|-damage|p1a: Rotom|101/216\n|-enditem|p1a: Rotom|Leftovers|[from] move: Knock Off|[of] p2a: Eelektross\n|\n|-heal|p2a: Eelektross|290/290 brn|[from] item: Leftovers\n|-damage|p2a: Eelektross|272/290 brn|[from] brn\n|upkeep\n|turn|5\n|\n|t:|1781466820\n|move|p1a: Rotom|Hydro Pump|p2a: Eelektross\n|-damage|p2a: Eelektross|143/290 brn\n|move|p2a: Eelektross|Coil|p2a: Eelektross\n|-boost|p2a: Eelektross|atk|1\n|-boost|p2a: Eelektross|def|1\n|-boost|p2a: Eelektross|accuracy|1\n|\n|-heal|p2a: Eelektross|161/290 brn|[from] item: Leftovers\n|-damage|p2a: Eelektross|143/290 brn|[from] brn\n|upkeep\n|turn|6\n|\n|t:|1781466823\n|move|p1a: Rotom|Hydro Pump|p2a: Eelektross\n|-damage|p2a: Eelektross|13/290 brn\n|move|p2a: Eelektross|Drain Punch|p1a: Rotom\n|-damage|p1a: Rotom|31/216\n|-heal|p2a: Eelektross|48/290 brn|[from] drain|[of] p1a: Rotom\n|\n|-heal|p2a: Eelektross|66/290 brn|[from] item: Leftovers\n|-damage|p2a: Eelektross|48/290 brn|[from] brn\n|upkeep\n|turn|7\n|\n|t:|1781466826\n|move|p1a: Rotom|Thunderbolt|p2a: Eelektross\n|-resisted|p2a: Eelektross\n|-damage|p2a: Eelektross|3/290 brn\n|move|p2a: Eelektross|Drain Punch|p1a: Rotom\n|-damage|p1a: Rotom|0 fnt\n|-heal|p2a: Eelektross|19/290 brn|[from] drain|[of] p1a: Rotom\n|faint|p1a: Rotom\n|\n|-heal|p2a: Eelektross|37/290 brn|[from] item: Leftovers\n|-damage|p2a: Eelektross|19/290 brn|[from] brn\n|upkeep\n|\n|t:|1781466840\n|switch|p1a: Klefki|Klefki, L84, F|233/233\n|turn|8\n|\n|t:|1781466845\n|move|p1a: Klefki|Dazzling Gleam|p2a: Eelektross\n|-damage|p2a: Eelektross|0 fnt\n|faint|p2a: Eelektross\n|\n|upkeep\n|\n|t:|1781466848\n|switch|p2a: Clodsire|Clodsire, L81, F|343/343\n|turn|9\n|\n|t:|1781466860\n|move|p1a: Klefki|Spikes|p2a: Clodsire\n|-sidestart|p2: Shomsnack|Spikes\n|move|p2a: Clodsire|Earthquake|p1a: Klefki\n|-supereffective|p1a: Klefki\n|-damage|p1a: Klefki|87/233\n|\n|-heal|p1a: Klefki|101/233|[from] item: Leftovers\n|upkeep\n|turn|10\n|\n|t:|1781466863\n|move|p1a: Klefki|Spikes|p2a: Clodsire\n|-sidestart|p2: Shomsnack|Spikes\n|move|p2a: Clodsire|Earthquake|p1a: Klefki\n|-supereffective|p1a: Klefki\n|-damage|p1a: Klefki|0 fnt\n|faint|p1a: Klefki\n|\n|upkeep\n|\n|t:|1781466865\n|switch|p1a: Greedent|Greedent, L86, M|347/347\n|turn|11\n|\n|t:|1781466868\n|move|p1a: Greedent|Swords Dance|p1a: Greedent\n|-boost|p1a: Greedent|atk|2\n|move|p2a: Clodsire|Toxic|p1a: Greedent\n|-status|p1a: Greedent|tox\n|\n|-damage|p1a: Greedent|326/347 tox|[from] psn\n|upkeep\n|turn|12\n|inactive|TSM-Virgil has 120 seconds left.\n|\n|t:|1781466920\n|move|p1a: Greedent|Knock Off|p2a: Clodsire\n|-damage|p2a: Clodsire|165/343\n|-enditem|p2a: Clodsire|Leftovers|[from] move: Knock Off|[of] p1a: Greedent\n|move|p2a: Clodsire|Earthquake|p1a: Greedent\n|-damage|p1a: Greedent|254/347 tox\n|\n|-damage|p1a: Greedent|212/347 tox|[from] psn\n|upkeep\n|turn|13\n|\n|t:|1781466924\n|move|p1a: Greedent|Body Slam|p2a: Clodsire\n|-damage|p2a: Clodsire|0 fnt\n|faint|p2a: Clodsire\n|\n|-damage|p1a: Greedent|149/347 tox|[from] psn\n|upkeep\n|-enditem|p1a: Greedent|Sitrus Berry|[eat]\n|-heal|p1a: Greedent|235/347 tox|[from] item: Sitrus Berry\n|-heal|p1a: Greedent|347/347 tox|[from] ability: Cheek Pouch\n|\n|t:|1781466929\n|switch|p2a: Quagsire|Quagsire, L84, M|297/297\n|-damage|p2a: Quagsire|248/297|[from] Spikes\n|turn|14\n|\n|t:|1781466931\n|move|p2a: Quagsire|Earthquake|p1a: Greedent\n|-damage|p1a: Greedent|257/347 tox\n|move|p1a: Greedent|Body Slam|p2a: Quagsire\n|-damage|p2a: Quagsire|148/297\n|\n|-heal|p2a: Quagsire|166/297|[from] item: Leftovers\n|-damage|p1a: Greedent|173/347 tox|[from] psn\n|upkeep\n|turn|15\n|\n|t:|1781466935\n|move|p2a: Quagsire|Recover|p2a: Quagsire\n|-heal|p2a: Quagsire|297/297\n|move|p1a: Greedent|Body Slam|p2a: Quagsire\n|-damage|p2a: Quagsire|194/297\n|\n|-heal|p2a: Quagsire|212/297|[from] item: Leftovers\n|-damage|p1a: Greedent|68/347 tox|[from] psn\n|upkeep\n|turn|16\n|\n|t:|1781466937\n|move|p2a: Quagsire|Recover|p2a: Quagsire\n|-heal|p2a: Quagsire|297/297\n|move|p1a: Greedent|Body Slam|p2a: Quagsire\n|-damage|p2a: Quagsire|203/297\n|-status|p2a: Quagsire|par\n|\n|-heal|p2a: Quagsire|221/297 par|[from] item: Leftovers\n|-damage|p1a: Greedent|0 fnt|[from] psn\n|faint|p1a: Greedent\n|upkeep\n|c|\u2606TSM-Virgil|Now theres the Unaware goober\n|\n|t:|1781466953\n|switch|p1a: Roaring Moon|Roaring Moon, L72|270/270\n|turn|17\n|\n|t:|1781466966\n|move|p1a: Roaring Moon|Dragon Dance|p1a: Roaring Moon\n|-boost|p1a: Roaring Moon|atk|1\n|-boost|p1a: Roaring Moon|spe|1\n|cant|p2a: Quagsire|par\n|\n|-heal|p2a: Quagsire|239/297 par|[from] item: Leftovers\n|upkeep\n|turn|18\n|\n|t:|1781466973\n|move|p1a: Roaring Moon|Knock Off|p2a: Quagsire\n|-damage|p2a: Quagsire|130/297 par\n|-enditem|p2a: Quagsire|Leftovers|[from] move: Knock Off|[of] p1a: Roaring Moon\n|move|p2a: Quagsire|Earthquake|p1a: Roaring Moon\n|-damage|p1a: Roaring Moon|137/270\n|\n|upkeep\n|turn|19\n|\n|t:|1781466979\n|move|p1a: Roaring Moon|Outrage|p2a: Quagsire\n|-damage|p2a: Quagsire|0 fnt\n|faint|p2a: Quagsire\n|\n|upkeep\n|\n|t:|1781466981\n|switch|p2a: Mimikyu|Mimikyu, L79, F|216/216\n|-damage|p2a: Mimikyu|180/216|[from] Spikes\n|turn|20\n|\n|t:|1781466983\n|move|p1a: Roaring Moon|Outrage|p2a: Mimikyu|[from] lockedmove\n|-immune|p2a: Mimikyu\n|move|p2a: Mimikyu|Drain Punch|p1a: Roaring Moon\n|-supereffective|p1a: Roaring Moon\n|-damage|p1a: Roaring Moon|0 fnt\n|-heal|p2a: Mimikyu|216/216|[from] drain|[of] p1a: Roaring Moon\n|faint|p1a: Roaring Moon\n|-end|p1a: Roaring Moon|Protosynthesis|[silent]\n|-damage|p2a: Mimikyu|195/216|[from] item: Life Orb\n|\n|upkeep\n|\n|t:|1781466987\n|switch|p1a: Gouging Fire|Gouging Fire, L74|277/277\n|turn|21\n|\n|t:|1781466992\n|move|p2a: Mimikyu|Swords Dance|p2a: Mimikyu\n|-boost|p2a: Mimikyu|atk|2\n|move|p1a: Gouging Fire|Dragon Dance|p1a: Gouging Fire\n|-boost|p1a: Gouging Fire|atk|1\n|-boost|p1a: Gouging Fire|spe|1\n|\n|upkeep\n|turn|22\n|\n|t:|1781467001\n|move|p1a: Gouging Fire|Heat Crash|p2a: Mimikyu\n|-activate|p2a: Mimikyu|ability: Disguise\n|-damage|p2a: Mimikyu|195/216\n|detailschange|p2a: Mimikyu|Mimikyu-Busted, L79, F\n|-damage|p2a: Mimikyu|168/216|[from] pokemon: Mimikyu-Busted\n|move|p2a: Mimikyu|Play Rough|p1a: Gouging Fire\n|-damage|p1a: Gouging Fire|90/277\n|-damage|p2a: Mimikyu|147/216|[from] item: Life Orb\n|\n|upkeep\n|turn|23\n|\n|t:|1781467004\n|move|p2a: Mimikyu|Shadow Sneak|p1a: Gouging Fire\n|-damage|p1a: Gouging Fire|8/277\n|-damage|p2a: Mimikyu|126/216|[from] item: Life Orb\n|move|p1a: Gouging Fire|Morning Sun|p1a: Gouging Fire\n|-heal|p1a: Gouging Fire|146/277\n|\n|upkeep\n|turn|24\n|\n|t:|1781467017\n|move|p1a: Gouging Fire|Heat Crash|p2a: Mimikyu\n|-damage|p2a: Mimikyu|0 fnt\n|faint|p2a: Mimikyu\n|\n|upkeep\n|\n|t:|1781467020\n|switch|p2a: Typhlosion|Typhlosion-Hisui, L83, M|257/257\n|-damage|p2a: Typhlosion|215/257|[from] Spikes\n|turn|25\n|\n|t:|1781467023\n|move|p2a: Typhlosion|Shadow Ball|p1a: Gouging Fire\n|-damage|p1a: Gouging Fire|31/277\n|move|p1a: Gouging Fire|Outrage|p2a: Typhlosion\n|-damage|p2a: Typhlosion|16/257\n|\n|upkeep\n|turn|26\n|\n|t:|1781467027\n|move|p2a: Typhlosion|Shadow Ball|p1a: Gouging Fire\n|-damage|p1a: Gouging Fire|0 fnt\n|faint|p1a: Gouging Fire\n|-end|p1a: Gouging Fire|Protosynthesis|[silent]\n|\n|upkeep\n|\n|t:|1781467029\n|switch|p1a: Frosmoth|Frosmoth, L82, M|249/249\n|turn|27\n|\n|t:|1781467031\n|switch|p2a: Virizion|Virizion, L82|283/283\n|-damage|p2a: Virizion|236/283|[from] Spikes\n|move|p1a: Frosmoth|Quiver Dance|p1a: Frosmoth\n|-boost|p1a: Frosmoth|spa|1\n|-boost|p1a: Frosmoth|spd|1\n|-boost|p1a: Frosmoth|spe|1\n|\n|upkeep\n|turn|28\n|\n|t:|1781467038\n|-terastallize|p1a: Frosmoth|Water\n|-terastallize|p2a: Virizion|Rock\n|move|p1a: Frosmoth|Quiver Dance|p1a: Frosmoth\n|-boost|p1a: Frosmoth|spa|1\n|-boost|p1a: Frosmoth|spd|1\n|-boost|p1a: Frosmoth|spe|1\n|move|p2a: Virizion|Stone Edge|p1a: Frosmoth\n|-damage|p1a: Frosmoth|84/249\n|-damage|p2a: Virizion|208/283|[from] item: Life Orb\n|\n|upkeep\n|turn|29\n|\n|t:|1781467043\n|move|p1a: Frosmoth|Giga Drain|p2a: Virizion\n|-supereffective|p2a: Virizion\n|-damage|p2a: Virizion|38/283\n|-heal|p1a: Frosmoth|169/249|[from] drain|[of] p2a: Virizion\n|move|p2a: Virizion|Leaf Blade|p1a: Frosmoth\n|-supereffective|p1a: Frosmoth\n|-damage|p1a: Frosmoth|0 fnt\n|faint|p1a: Frosmoth\n|-damage|p2a: Virizion|10/283|[from] item: Life Orb\n|\n|win|Shomsnack\n", "inputlog": ">version a8376a258c1d4662feba110a92103f3664a72141\n>start {\"formatid\":\"gen9randombattle\",\"seed\":\"sodium,2e4b4691f51893e142367fa0ffbaa8e9\",\"rated\":\"Rated battle\"}\n>player p1 {\"name\":\"TSM-Virgil\",\"avatar\":\"acetrainer\",\"rating\":2064,\"seed\":\"sodium,d9945856113593062be2d1fca23bb9fb\"}\n>player p2 {\"name\":\"Shomsnack\",\"avatar\":\"2\",\"rating\":2038,\"seed\":\"sodium,d1cd728af93ace3b8129aeb1046a6d88\"}\n>p1 move dragondance\n>p2 move coil\n>p1 switch 5\n>p2 move coil\n>p1 move willowisp\n>p2 move drainpunch\n>p1 move hydropump\n>p2 move knockoff\n>p1 move hydropump\n>p2 move coil\n>p1 move hydropump\n>p2 move drainpunch\n>p1 move thunderbolt\n>p2 move drainpunch\n>p1 switch 4\n>p1 move dazzlinggleam\n>p2 move drainpunch\n>p2 switch 5\n>p1 move spikes\n>p2 move earthquake\n>p1 move spikes\n>p2 move earthquake\n>p1 switch 3\n>p1 move swordsdance\n>p2 move toxic\n>p1 move knockoff\n>p2 move earthquake\n>p1 move bodyslam\n>p2 move earthquake\n>p2 switch 4\n>p1 move bodyslam\n>p2 move earthquake\n>p1 move bodyslam\n>p2 move recover\n>p1 move bodyslam\n>p2 move recover\n>chat \u2606TSM-Virgil|Now theres the Unaware goober \n>p1 switch 2\n>p1 move dragondance\n>p2 move earthquake\n>p1 move knockoff\n>p2 move earthquake\n>p1 move outrage\n>p2 move recover\n>p2 switch 3\n>p1 move outrage\n>p2 move drainpunch\n>p1 switch 5\n>p1 move dragondance\n>p2 move swordsdance\n>p1 move heatcrash\n>p2 move playrough\n>p1 move morningsun\n>p2 move shadowsneak\n>p1 move heatcrash\n>p2 move playrough\n>p2 switch 6\n>p1 move outrage\n>p2 move shadowball\n>p1 move outrage\n>p2 move shadowball\n>p1 switch 6\n>p1 move quiverdance\n>p2 switch 2\n>p1 move quiverdance terastallize\n>p2 move stoneedge terastallize\n>p1 move gigadrain\n>p2 move leafblade", "uploadtime": 1781466777, "views": 5, "formatid": "gen9randombattle", "rating": null, "private": 0, "password": null}