{"id": "gen9randombattle-2631580811", "format": "[Gen 9] Random Battle", "players": ["Blrrrd", "randomnoob459"], "log": "|j|\u2606Blrrrd\n|j|\u203drandomnoob459\n|t:|1781404204\n|gametype|singles\n|player|p1|Blrrrd|beni-ninja|1582\n|player|p2|randomnoob459|169|1551\n|gen|9\n|tier|[Gen 9] Random Battle\n|rated|\n|rule|Species Clause: Limit one of each Pok\u00e9mon\n|rule|HP Percentage Mod: HP is shown in percentages\n|rule|Sleep Clause Mod: Limit one foe put to sleep\n|rule|Illusion Level Mod: Illusion disguises the Pok\u00e9mon's true level\n|\n|t:|1781404204\n|teamsize|p1|6\n|teamsize|p2|6\n|start\n|switch|p1a: Swalot|Swalot, L90, M|326/326\n|switch|p2a: Mewtwo|Mewtwo, L72|272/272\n|-ability|p2a: Mewtwo|Unnerve\n|turn|1\n|inactive|Battle timer is ON: inactive players will automatically lose when time's up. (requested by Blrrrd)\n|\n|t:|1781404213\n|move|p2a: Mewtwo|Nasty Plot|p2a: Mewtwo\n|-boost|p2a: Mewtwo|spa|2\n|move|p1a: Swalot|Thunder Wave|p2a: Mewtwo\n|-status|p2a: Mewtwo|par\n|\n|upkeep\n|turn|2\n|\n|t:|1781404220\n|move|p1a: Swalot|Knock Off|p2a: Mewtwo\n|-supereffective|p2a: Mewtwo\n|-damage|p2a: Mewtwo|126/272 par\n|-enditem|p2a: Mewtwo|Life Orb|[from] move: Knock Off|[of] p1a: Swalot\n|cant|p2a: Mewtwo|par\n|\n|upkeep\n|turn|3\n|\n|t:|1781404226\n|move|p1a: Swalot|Knock Off|p2a: Mewtwo\n|-supereffective|p2a: Mewtwo\n|-damage|p2a: Mewtwo|20/272 par\n|move|p2a: Mewtwo|Psystrike|p1a: Swalot\n|-supereffective|p1a: Swalot\n|-damage|p1a: Swalot|0 fnt\n|faint|p1a: Swalot\n|\n|upkeep\n|\n|t:|1781404231\n|switch|p1a: Hitmontop|Hitmontop, L88, M|231/231\n|turn|4\n|\n|t:|1781404242\n|switch|p2a: Lugia|Lugia, L73|275/275\n|move|p1a: Hitmontop|Rapid Spin|p2a: Lugia\n|-damage|p2a: Lugia|250/275\n|-boost|p1a: Hitmontop|spe|1\n|\n|upkeep\n|turn|5\n|\n|t:|1781404250\n|move|p1a: Hitmontop|Bulk Up|p1a: Hitmontop\n|-boost|p1a: Hitmontop|atk|1\n|-boost|p1a: Hitmontop|def|1\n|move|p2a: Lugia|Aeroblast|p1a: Hitmontop\n|-supereffective|p1a: Hitmontop\n|-damage|p1a: Hitmontop|111/231\n|\n|-heal|p1a: Hitmontop|125/231|[from] item: Leftovers\n|upkeep\n|turn|6\n|\n|t:|1781404259\n|move|p1a: Hitmontop|Triple Axel|p2a: Lugia|[miss]\n|-miss|p1a: Hitmontop|p2a: Lugia\n|move|p2a: Lugia|Aeroblast|p1a: Hitmontop\n|-supereffective|p1a: Hitmontop\n|-crit|p1a: Hitmontop\n|-damage|p1a: Hitmontop|0 fnt\n|faint|p1a: Hitmontop\n|\n|upkeep\n|\n|t:|1781404267\n|switch|p1a: Politoed|Politoed, L88, F|302/302\n|-weather|RainDance|[from] ability: Drizzle|[of] p1a: Politoed\n|turn|7\n|\n|t:|1781404272\n|move|p2a: Lugia|Calm Mind|p2a: Lugia\n|-boost|p2a: Lugia|spa|1\n|-boost|p2a: Lugia|spd|1\n|move|p1a: Politoed|Hydro Pump|p2a: Lugia\n|-damage|p2a: Lugia|106/275\n|\n|-weather|RainDance|[upkeep]\n|upkeep\n|turn|8\n|\n|t:|1781404283\n|switch|p2a: Chansey|Chansey, L85, F|564/564\n|move|p1a: Politoed|Hydro Pump|p2a: Chansey\n|-damage|p2a: Chansey|408/564\n|\n|-weather|RainDance|[upkeep]\n|upkeep\n|turn|9\n|\n|t:|1781404292\n|switch|p1a: Breloom|Breloom, L83, M|235/235\n|move|p2a: Chansey|Stealth Rock|p1a: Breloom\n|-sidestart|p1: Blrrrd|move: Stealth Rock\n|\n|-weather|RainDance|[upkeep]\n|upkeep\n|turn|10\n|\n|t:|1781404301\n|switch|p2a: Lugia|Lugia, L73|106/275\n|move|p1a: Breloom|Bullet Seed|p2a: Lugia\n|-resisted|p2a: Lugia\n|-damage|p2a: Lugia|77/275\n|-resisted|p2a: Lugia\n|-damage|p2a: Lugia|50/275\n|-resisted|p2a: Lugia\n|-damage|p2a: Lugia|24/275\n|-resisted|p2a: Lugia\n|-damage|p2a: Lugia|0 fnt\n|faint|p2a: Lugia\n|-hitcount|p2: Lugia|4\n|-damage|p1a: Breloom|212/235|[from] item: Life Orb\n|\n|-weather|RainDance|[upkeep]\n|upkeep\n|\n|t:|1781404328\n|switch|p2a: Regirock|Regirock, L83|268/268\n|turn|11\n|\n|t:|1781404355\n|-terastallize|p2a: Regirock|Fighting\n|move|p1a: Breloom|Swords Dance|p1a: Breloom\n|-boost|p1a: Breloom|atk|2\n|move|p2a: Regirock|Thunder Wave|p1a: Breloom\n|-status|p1a: Breloom|par\n|\n|-weather|none\n|upkeep\n|turn|12\n|\n|t:|1781404364\n|move|p2a: Regirock|Iron Defense|p2a: Regirock\n|-boost|p2a: Regirock|def|2\n|move|p1a: Breloom|Bullet Seed|p2a: Regirock\n|-damage|p2a: Regirock|236/268\n|-damage|p2a: Regirock|205/268\n|-damage|p2a: Regirock|173/268\n|-hitcount|p2a: Regirock|3\n|-damage|p1a: Breloom|189/235 par|[from] item: Life Orb\n|\n|-heal|p2a: Regirock|189/268|[from] item: Leftovers\n|upkeep\n|turn|13\n|\n|t:|1781404370\n|move|p2a: Regirock|Iron Defense|p2a: Regirock\n|-boost|p2a: Regirock|def|2\n|move|p1a: Breloom|Bullet Seed|p2a: Regirock\n|-damage|p2a: Regirock|168/268\n|-damage|p2a: Regirock|145/268\n|-damage|p2a: Regirock|122/268\n|-damage|p2a: Regirock|99/268\n|-damage|p2a: Regirock|78/268\n|-hitcount|p2a: Regirock|5\n|-damage|p1a: Breloom|166/235 par|[from] item: Life Orb\n|\n|-heal|p2a: Regirock|94/268|[from] item: Leftovers\n|upkeep\n|turn|14\n|\n|t:|1781404376\n|move|p2a: Regirock|Body Press|p1a: Breloom\n|-damage|p1a: Breloom|0 fnt\n|faint|p1a: Breloom\n|\n|-heal|p2a: Regirock|110/268|[from] item: Leftovers\n|upkeep\n|\n|t:|1781404387\n|switch|p1a: Politoed|Politoed, L88, F|302/302\n|-damage|p1a: Politoed|265/302|[from] Stealth Rock\n|-weather|RainDance|[from] ability: Drizzle|[of] p1a: Politoed\n|turn|15\n|\n|t:|1781404390\n|switch|p2a: Chansey|Chansey, L85, F|408/564\n|move|p1a: Politoed|Weather Ball|p2a: Chansey\n|-damage|p2a: Chansey|266/564\n|\n|-weather|RainDance|[upkeep]\n|upkeep\n|turn|16\n|\n|t:|1781404396\n|move|p1a: Politoed|Weather Ball|p2a: Chansey\n|-damage|p2a: Chansey|119/564\n|move|p2a: Chansey|Soft-Boiled|p2a: Chansey\n|-heal|p2a: Chansey|401/564\n|\n|-weather|RainDance|[upkeep]\n|upkeep\n|turn|17\n|\n|t:|1781404401\n|switch|p1a: Ogerpon|Ogerpon-Wellspring, L76, F|247/247\n|-damage|p1a: Ogerpon|217/247|[from] Stealth Rock\n|move|p2a: Chansey|Thunder Wave|p1a: Ogerpon\n|-status|p1a: Ogerpon|par\n|\n|-weather|RainDance|[upkeep]\n|upkeep\n|turn|18\n|\n|t:|1781404410\n|switch|p2a: Mewtwo|Mewtwo, L72|20/272 par\n|-ability|p2a: Mewtwo|Unnerve\n|move|p1a: Ogerpon|Encore||[still]\n|-fail|p1a: Ogerpon\n|\n|-weather|RainDance|[upkeep]\n|upkeep\n|turn|19\n|\n|t:|1781404418\n|switch|p1a: Politoed|Politoed, L88, F|265/302\n|-damage|p1a: Politoed|228/302|[from] Stealth Rock\n|move|p2a: Mewtwo|Psystrike|p1a: Politoed\n|-damage|p1a: Politoed|116/302\n|\n|-weather|none\n|upkeep\n|turn|20\n|\n|t:|1781404429\n|move|p1a: Politoed|Hydro Pump|p2a: Mewtwo\n|-damage|p2a: Mewtwo|0 fnt\n|faint|p2a: Mewtwo\n|\n|upkeep\n|\n|t:|1781404433\n|switch|p2a: Chansey|Chansey, L85, F|401/564\n|turn|21\n|\n|t:|1781404438\n|move|p1a: Politoed|Hydro Pump|p2a: Chansey\n|-damage|p2a: Chansey|301/564\n|move|p2a: Chansey|Seismic Toss|p1a: Politoed\n|-damage|p1a: Politoed|31/302\n|\n|upkeep\n|turn|22\n|\n|t:|1781404442\n|move|p1a: Politoed|Hydro Pump|p2a: Chansey|[miss]\n|-miss|p1a: Politoed|p2a: Chansey\n|move|p2a: Chansey|Seismic Toss|p1a: Politoed\n|-damage|p1a: Politoed|0 fnt\n|faint|p1a: Politoed\n|\n|upkeep\n|\n|t:|1781404447\n|switch|p1a: Ogerpon|Ogerpon-Wellspring, L76, F|217/247 par\n|-damage|p1a: Ogerpon|187/247 par|[from] Stealth Rock\n|turn|23\n|\n|t:|1781404458\n|switch|p2a: Regirock|Regirock, L83, tera:Fighting|110/268\n|-terastallize|p1a: Ogerpon|Water\n|detailschange|p1a: Ogerpon|Ogerpon-Wellspring-Tera, L76, F, tera:Water\n|-ability|p1a: Ogerpon|Embody Aspect (Wellspring)|boost\n|-boost|p1a: Ogerpon|spd|1\n|move|p1a: Ogerpon|Ivy Cudgel|p2a: Regirock|[anim] Ivy Cudgel Water\n|-damage|p2a: Regirock|24/268\n|\n|-heal|p2a: Regirock|40/268|[from] item: Leftovers\n|upkeep\n|turn|24\n|\n|t:|1781404470\n|move|p2a: Regirock|Body Press|p1a: Ogerpon\n|-damage|p1a: Ogerpon|21/247 par\n|move|p1a: Ogerpon|Ivy Cudgel|p2a: Regirock|[anim] Ivy Cudgel Water\n|-damage|p2a: Regirock|0 fnt\n|faint|p2a: Regirock\n|\n|upkeep\n|\n|t:|1781404476\n|switch|p2a: Conkeldurr|Conkeldurr, L80, F|299/299\n|turn|25\n|\n|t:|1781404482\n|move|p2a: Conkeldurr|Facade|p1a: Ogerpon\n|-damage|p1a: Ogerpon|0 fnt\n|faint|p1a: Ogerpon\n|detailschange|p1: Ogerpon|Ogerpon-Wellspring, L76, F|[silent]\n|\n|-status|p2a: Conkeldurr|brn|[from] item: Flame Orb\n|upkeep\n|\n|t:|1781404483\n|switch|p1a: Noctowl|Noctowl, L95, F|344/344\n|turn|26\n|\n|t:|1781404496\n|switch|p2a: Garganacl|Garganacl, L80, M|291/291\n|move|p1a: Noctowl|Hurricane|p2a: Garganacl\n|-resisted|p2a: Garganacl\n|-damage|p2a: Garganacl|149/291\n|\n|-heal|p2a: Garganacl|167/291|[from] item: Leftovers\n|upkeep\n|turn|27\n|\n|t:|1781404503\n|move|p1a: Noctowl|Calm Mind|p1a: Noctowl\n|-boost|p1a: Noctowl|spa|1\n|-boost|p1a: Noctowl|spd|1\n|move|p2a: Garganacl|Salt Cure|p1a: Noctowl\n|-supereffective|p1a: Noctowl\n|-crit|p1a: Noctowl\n|-damage|p1a: Noctowl|170/344\n|-start|p1a: Noctowl|Salt Cure\n|\n|-heal|p2a: Garganacl|185/291|[from] item: Leftovers\n|-damage|p1a: Noctowl|127/344|[from] Salt Cure\n|upkeep\n|turn|28\n|\n|t:|1781404516\n|move|p1a: Noctowl|Hurricane|p2a: Garganacl|[miss]\n|-miss|p1a: Noctowl|p2a: Garganacl\n|move|p2a: Garganacl|Iron Defense|p2a: Garganacl\n|-boost|p2a: Garganacl|def|2\n|\n|-heal|p2a: Garganacl|203/291|[from] item: Leftovers\n|-damage|p1a: Noctowl|84/344|[from] Salt Cure\n|upkeep\n|turn|29\n|\n|t:|1781404518\n|move|p1a: Noctowl|Hurricane|p2a: Garganacl\n|-resisted|p2a: Garganacl\n|-damage|p2a: Garganacl|5/291\n|move|p2a: Garganacl|Body Press|p1a: Noctowl\n|-damage|p1a: Noctowl|0 fnt\n|faint|p1a: Noctowl\n|\n|win|randomnoob459\n|raw|Blrrrd's rating: 1582 &rarr; <strong>1560</strong><br />(-22 for losing)\n|raw|randomnoob459's rating: 1551 &rarr; <strong>1573</strong><br />(+22 for winning)\n|l|\u2606Blrrrd\n|player|p1|\n", "uploadtime": 1781404532, "views": 3, "formatid": "gen9randombattle", "rating": 1560, "private": 0, "password": null}