{"id": "gen9randombattle-2632011067", "format": "[Gen 9] Random Battle", "players": ["htran", "napoliones"], "log": "|j|\u2606htran\n|j|\u2606napoliones\n|t:|1781465694\n|gametype|singles\n|player|p1|htran|lucas|1985\n|player|p2|napoliones|102|2038\n|gen|9\n|tier|[Gen 9] Random Battle\n|rated|\n|rule|Species Clause: Limit one of each Pok\u00e9mon\n|rule|HP Percentage Mod: HP is shown in percentages\n|rule|Sleep Clause Mod: Limit one foe put to sleep\n|rule|Illusion Level Mod: Illusion disguises the Pok\u00e9mon's true level\n|\n|t:|1781465694\n|teamsize|p1|6\n|teamsize|p2|6\n|start\n|switch|p1a: Samurott|Samurott-Hisui, L77, F|265/265\n|switch|p2a: Cinccino|Cinccino, L83, F|260/260\n|turn|1\n|inactive|Battle timer is ON: inactive players will automatically lose when time's up. (requested by napoliones)\n|inactive|htran also wants the timer to be on.\n|c|\u2606napoliones|gl hf :)\n|\n|t:|1781465709\n|move|p2a: Cinccino|Bullet Seed|p1a: Samurott\n|-supereffective|p1a: Samurott\n|-damage|p1a: Samurott|199/265\n|-supereffective|p1a: Samurott\n|-damage|p1a: Samurott|139/265\n|-supereffective|p1a: Samurott\n|-damage|p1a: Samurott|75/265\n|-supereffective|p1a: Samurott\n|-damage|p1a: Samurott|19/265\n|-supereffective|p1a: Samurott\n|-crit|p1a: Samurott\n|-damage|p1a: Samurott|0 fnt\n|faint|p1a: Samurott\n|-hitcount|p1: Samurott|5\n|\n|upkeep\n|\n|t:|1781465718\n|switch|p1a: Okidogi|Okidogi, L77, M|262/262\n|turn|2\n|\n|t:|1781465733\n|switch|p2a: Okidogi|Okidogi, L77, M|262/262\n|move|p1a: Okidogi|Bulk Up|p1a: Okidogi\n|-boost|p1a: Okidogi|atk|1\n|-boost|p1a: Okidogi|def|1\n|\n|upkeep\n|turn|3\n|\n|t:|1781465744\n|move|p1a: Okidogi|Knock Off|p2a: Okidogi\n|-resisted|p2a: Okidogi\n|-damage|p2a: Okidogi|218/262\n|-enditem|p2a: Okidogi|Leftovers|[from] move: Knock Off|[of] p1a: Okidogi\n|move|p2a: Okidogi|Bulk Up|p2a: Okidogi\n|-boost|p2a: Okidogi|atk|1\n|-boost|p2a: Okidogi|def|1\n|\n|upkeep\n|turn|4\n|\n|t:|1781465751\n|switch|p1a: Quagsire|Quagsire, L84, F|297/297\n|move|p2a: Okidogi|Knock Off|p1a: Quagsire\n|-damage|p1a: Quagsire|225/297\n|-enditem|p1a: Quagsire|Leftovers|[from] move: Knock Off|[of] p2a: Okidogi\n|\n|upkeep\n|turn|5\n|\n|t:|1781465756\n|switch|p2a: Electrode|Electrode-Hisui, L87|246/246\n|move|p1a: Quagsire|Earthquake|p2a: Electrode\n|-damage|p2a: Electrode|140/246\n|\n|upkeep\n|turn|6\n|\n|t:|1781465766\n|switch|p1a: Zapdos|Zapdos, L78|268/268\n|move|p2a: Electrode|Thunderbolt|p1a: Zapdos\n|-damage|p1a: Zapdos|154/268\n|-damage|p2a: Electrode|116/246|[from] item: Life Orb\n|\n|upkeep\n|turn|7\n|\n|t:|1781465776\n|move|p2a: Electrode|Taunt|p1a: Zapdos\n|-start|p1a: Zapdos|move: Taunt\n|move|p1a: Zapdos|U-turn|p2a: Electrode\n|-supereffective|p2a: Electrode\n|-damage|p2a: Electrode|20/246\n|\n|t:|1781465782\n|switch|p1a: Quagsire|Quagsire, L84, F|225/297|[from] U-turn\n|\n|upkeep\n|turn|8\n|\n|t:|1781465793\n|switch|p1a: Zapdos|Zapdos, L78|154/268\n|move|p2a: Electrode|Giga Drain|p1a: Zapdos\n|-resisted|p1a: Zapdos\n|-damage|p1a: Zapdos|103/268\n|-heal|p2a: Electrode|46/246|[from] drain|[of] p1a: Zapdos\n|-damage|p2a: Electrode|22/246|[from] item: Life Orb\n|\n|upkeep\n|turn|9\n|\n|t:|1781465803\n|-terastallize|p1a: Zapdos|Electric\n|move|p2a: Electrode|Thunderbolt|p1a: Zapdos\n|-resisted|p1a: Zapdos\n|-damage|p1a: Zapdos|46/268\n|-damage|p2a: Electrode|0 fnt|[from] item: Life Orb\n|faint|p2a: Electrode\n|move|p1a: Zapdos|U-turn|p2: Electrode|[notarget]\n|-fail|p1a: Zapdos\n|\n|upkeep\n|\n|t:|1781465817\n|switch|p2a: Cinccino|Cinccino, L83, F|260/260\n|turn|10\n|\n|t:|1781465839\n|move|p2a: Cinccino|Bullet Seed|p1a: Zapdos\n|-damage|p1a: Zapdos|15/268\n|-damage|p1a: Zapdos|0 fnt\n|faint|p1a: Zapdos\n|-hitcount|p1: Zapdos|2\n|\n|upkeep\n|\n|t:|1781465841\n|switch|p1a: Hitmonchan|Hitmonchan, L87, M|229/229\n|turn|11\n|\n|t:|1781465846\n|switch|p2a: Okidogi|Okidogi, L77, M|218/262\n|move|p1a: Hitmonchan|Rapid Spin|p2a: Okidogi\n|-damage|p2a: Okidogi|184/262\n|-boost|p1a: Hitmonchan|spe|1\n|\n|upkeep\n|turn|12\n|\n|t:|1781465858\n|move|p1a: Hitmonchan|Taunt|p2a: Okidogi\n|-start|p2a: Okidogi|move: Taunt\n|move|p2a: Okidogi|Drain Punch|p1a: Hitmonchan\n|-damage|p1a: Hitmonchan|138/229\n|-heal|p2a: Okidogi|230/262|[from] drain|[of] p1a: Hitmonchan\n|\n|-heal|p1a: Hitmonchan|152/229|[from] item: Leftovers\n|upkeep\n|turn|13\n|\n|t:|1781465861\n|switch|p1a: Mewtwo|Mewtwo, L72|272/272\n|-ability|p1a: Mewtwo|Pressure\n|move|p2a: Okidogi|Drain Punch|p1a: Mewtwo\n|-resisted|p1a: Mewtwo\n|-damage|p1a: Mewtwo|224/272\n|-heal|p2a: Okidogi|254/262|[from] drain|[of] p1a: Mewtwo\n|-status|p1a: Mewtwo|tox|[from] ability: Toxic Chain|[of] p2a: Okidogi\n|\n|-damage|p1a: Mewtwo|207/272 tox|[from] psn\n|upkeep\n|turn|14\n|\n|t:|1781465865\n|switch|p2a: Clawitzer|Clawitzer, L87, F|265/265\n|move|p1a: Mewtwo|Psystrike|p2a: Clawitzer\n|-damage|p2a: Clawitzer|119/265\n|-damage|p1a: Mewtwo|180/272 tox|[from] item: Life Orb\n|\n|-damage|p1a: Mewtwo|146/272 tox|[from] psn\n|upkeep\n|turn|15\n|\n|t:|1781465879\n|move|p1a: Mewtwo|Psystrike|p2a: Clawitzer\n|-damage|p2a: Clawitzer|0 fnt\n|faint|p2a: Clawitzer\n|-damage|p1a: Mewtwo|119/272 tox|[from] item: Life Orb\n|\n|-damage|p1a: Mewtwo|68/272 tox|[from] psn\n|upkeep\n|\n|t:|1781465887\n|switch|p2a: Cinccino|Cinccino, L83, F|260/260\n|turn|16\n|\n|t:|1781465900\n|switch|p1a: Hitmonchan|Hitmonchan, L87, M|152/229\n|move|p2a: Cinccino|Bullet Seed|p1a: Hitmonchan\n|-damage|p1a: Hitmonchan|125/229\n|-damage|p1a: Hitmonchan|99/229\n|-damage|p1a: Hitmonchan|72/229\n|-damage|p1a: Hitmonchan|42/229\n|-damage|p1a: Hitmonchan|17/229\n|-hitcount|p1a: Hitmonchan|5\n|\n|-heal|p1a: Hitmonchan|31/229|[from] item: Leftovers\n|upkeep\n|turn|17\n|\n|t:|1781465906\n|switch|p2a: Okidogi|Okidogi, L77, M|254/262\n|move|p1a: Hitmonchan|Drain Punch|p2a: Okidogi\n|-resisted|p2a: Okidogi\n|-damage|p2a: Okidogi|209/262\n|-heal|p1a: Hitmonchan|54/229|[from] drain|[of] p2a: Okidogi\n|\n|-heal|p1a: Hitmonchan|68/229|[from] item: Leftovers\n|upkeep\n|turn|18\n|\n|t:|1781465916\n|switch|p1a: Quagsire|Quagsire, L84, F|225/297\n|move|p2a: Okidogi|Drain Punch|p1a: Quagsire\n|-damage|p1a: Quagsire|147/297\n|-heal|p2a: Okidogi|248/262|[from] drain|[of] p1a: Quagsire\n|\n|upkeep\n|turn|19\n|\n|t:|1781465924\n|switch|p2a: Ogerpon|Ogerpon-Hearthflame, L74, F|239/239\n|-ability|p2a: Ogerpon|Mold Breaker\n|move|p1a: Quagsire|Toxic|p2a: Ogerpon\n|-status|p2a: Ogerpon|tox\n|\n|-damage|p2a: Ogerpon|225/239 tox|[from] psn\n|upkeep\n|turn|20\n|\n|t:|1781465934\n|switch|p1a: Hitmonchan|Hitmonchan, L87, M|68/229\n|move|p2a: Ogerpon|Power Whip|p1a: Hitmonchan\n|-damage|p1a: Hitmonchan|0 fnt\n|faint|p1a: Hitmonchan\n|\n|-damage|p2a: Ogerpon|197/239 tox|[from] psn\n|upkeep\n|\n|t:|1781465936\n|switch|p1a: Okidogi|Okidogi, L77, M|262/262\n|turn|21\n|\n|t:|1781465942\n|switch|p2a: Okidogi|Okidogi, L77, M|248/262\n|move|p1a: Okidogi|Bulk Up|p1a: Okidogi\n|-boost|p1a: Okidogi|atk|1\n|-boost|p1a: Okidogi|def|1\n|\n|upkeep\n|turn|22\n|\n|t:|1781465964\n|move|p2a: Okidogi|Bulk Up|p2a: Okidogi\n|-boost|p2a: Okidogi|atk|1\n|-boost|p2a: Okidogi|def|1\n|move|p1a: Okidogi|Bulk Up|p1a: Okidogi\n|-boost|p1a: Okidogi|atk|1\n|-boost|p1a: Okidogi|def|1\n|\n|upkeep\n|turn|23\n|\n|t:|1781465971\n|move|p1a: Okidogi|Bulk Up|p1a: Okidogi\n|-boost|p1a: Okidogi|atk|1\n|-boost|p1a: Okidogi|def|1\n|move|p2a: Okidogi|Bulk Up|p2a: Okidogi\n|-boost|p2a: Okidogi|atk|1\n|-boost|p2a: Okidogi|def|1\n|\n|upkeep\n|turn|24\n|\n|t:|1781465976\n|move|p2a: Okidogi|Bulk Up|p2a: Okidogi\n|-boost|p2a: Okidogi|atk|1\n|-boost|p2a: Okidogi|def|1\n|move|p1a: Okidogi|Bulk Up|p1a: Okidogi\n|-boost|p1a: Okidogi|atk|1\n|-boost|p1a: Okidogi|def|1\n|\n|upkeep\n|turn|25\n|\n|t:|1781465978\n|move|p2a: Okidogi|Bulk Up|p2a: Okidogi\n|-boost|p2a: Okidogi|atk|1\n|-boost|p2a: Okidogi|def|1\n|move|p1a: Okidogi|Bulk Up|p1a: Okidogi\n|-boost|p1a: Okidogi|atk|1\n|-boost|p1a: Okidogi|def|1\n|\n|upkeep\n|turn|26\n|\n|t:|1781465982\n|move|p2a: Okidogi|Bulk Up|p2a: Okidogi\n|-boost|p2a: Okidogi|atk|1\n|-boost|p2a: Okidogi|def|1\n|move|p1a: Okidogi|Bulk Up|p1a: Okidogi\n|-boost|p1a: Okidogi|atk|1\n|-boost|p1a: Okidogi|def|1\n|\n|upkeep\n|turn|27\n|\n|t:|1781465984\n|move|p1a: Okidogi|Drain Punch|p2a: Okidogi\n|-resisted|p2a: Okidogi\n|-damage|p2a: Okidogi|206/262\n|move|p2a: Okidogi|Bulk Up|p2a: Okidogi\n|-boost|p2a: Okidogi|atk|1\n|-boost|p2a: Okidogi|def|1\n|\n|upkeep\n|turn|28\n|\n|t:|1781465989\n|move|p1a: Okidogi|Drain Punch|p2a: Okidogi\n|-resisted|p2a: Okidogi\n|-damage|p2a: Okidogi|170/262\n|move|p2a: Okidogi|Knock Off|p1a: Okidogi\n|-resisted|p1a: Okidogi\n|-damage|p1a: Okidogi|230/262\n|-enditem|p1a: Okidogi|Leftovers|[from] move: Knock Off|[of] p2a: Okidogi\n|\n|upkeep\n|turn|29\n|\n|t:|1781465997\n|move|p1a: Okidogi|Drain Punch|p2a: Okidogi\n|-resisted|p2a: Okidogi\n|-damage|p2a: Okidogi|136/262\n|-heal|p1a: Okidogi|247/262|[from] drain|[of] p2a: Okidogi\n|move|p2a: Okidogi|Drain Punch|p1a: Okidogi\n|-resisted|p1a: Okidogi\n|-damage|p1a: Okidogi|210/262\n|-heal|p2a: Okidogi|155/262|[from] drain|[of] p1a: Okidogi\n|\n|upkeep\n|turn|30\n|\n|t:|1781466001\n|move|p2a: Okidogi|Drain Punch|p1a: Okidogi\n|-resisted|p1a: Okidogi\n|-damage|p1a: Okidogi|173/262\n|-heal|p2a: Okidogi|174/262|[from] drain|[of] p1a: Okidogi\n|move|p1a: Okidogi|Drain Punch|p2a: Okidogi\n|-resisted|p2a: Okidogi\n|-damage|p2a: Okidogi|138/262\n|-heal|p1a: Okidogi|191/262|[from] drain|[of] p2a: Okidogi\n|\n|upkeep\n|turn|31\n|\n|t:|1781466003\n|move|p2a: Okidogi|Drain Punch|p1a: Okidogi\n|-resisted|p1a: Okidogi\n|-damage|p1a: Okidogi|152/262\n|-heal|p2a: Okidogi|158/262|[from] drain|[of] p1a: Okidogi\n|move|p1a: Okidogi|Gunk Shot|p2a: Okidogi\n|-resisted|p2a: Okidogi\n|-damage|p2a: Okidogi|104/262\n|\n|upkeep\n|turn|32\n|\n|t:|1781466005\n|move|p2a: Okidogi|Drain Punch|p1a: Okidogi\n|-resisted|p1a: Okidogi\n|-damage|p1a: Okidogi|118/262\n|-heal|p2a: Okidogi|121/262|[from] drain|[of] p1a: Okidogi\n|move|p1a: Okidogi|Drain Punch|p2a: Okidogi\n|-resisted|p2a: Okidogi\n|-damage|p2a: Okidogi|82/262\n|-heal|p1a: Okidogi|138/262|[from] drain|[of] p2a: Okidogi\n|\n|upkeep\n|turn|33\n|\n|t:|1781466008\n|move|p1a: Okidogi|Drain Punch|p2a: Okidogi\n|-resisted|p2a: Okidogi\n|-damage|p2a: Okidogi|49/262\n|-heal|p1a: Okidogi|155/262|[from] drain|[of] p2a: Okidogi\n|move|p2a: Okidogi|Drain Punch|p1a: Okidogi\n|-resisted|p1a: Okidogi\n|-damage|p1a: Okidogi|119/262\n|-heal|p2a: Okidogi|67/262|[from] drain|[of] p1a: Okidogi\n|\n|upkeep\n|turn|34\n|\n|t:|1781466010\n|move|p2a: Okidogi|Drain Punch|p1a: Okidogi\n|-resisted|p1a: Okidogi\n|-damage|p1a: Okidogi|83/262\n|-heal|p2a: Okidogi|85/262|[from] drain|[of] p1a: Okidogi\n|move|p1a: Okidogi|Drain Punch|p2a: Okidogi\n|-resisted|p2a: Okidogi\n|-damage|p2a: Okidogi|46/262\n|-heal|p1a: Okidogi|103/262|[from] drain|[of] p2a: Okidogi\n|\n|upkeep\n|turn|35\n|\n|t:|1781466012\n|move|p2a: Okidogi|Drain Punch|p1a: Okidogi\n|-resisted|p1a: Okidogi\n|-damage|p1a: Okidogi|67/262\n|-heal|p2a: Okidogi|64/262|[from] drain|[of] p1a: Okidogi\n|move|p1a: Okidogi|Drain Punch|p2a: Okidogi\n|-resisted|p2a: Okidogi\n|-damage|p2a: Okidogi|29/262\n|-heal|p1a: Okidogi|85/262|[from] drain|[of] p2a: Okidogi\n|\n|upkeep\n|turn|36\n|\n|t:|1781466015\n|move|p2a: Okidogi|Drain Punch|p1a: Okidogi\n|-resisted|p1a: Okidogi\n|-damage|p1a: Okidogi|49/262\n|-heal|p2a: Okidogi|47/262|[from] drain|[of] p1a: Okidogi\n|move|p1a: Okidogi|Drain Punch|p2a: Okidogi\n|-resisted|p2a: Okidogi\n|-damage|p2a: Okidogi|8/262\n|-heal|p1a: Okidogi|69/262|[from] drain|[of] p2a: Okidogi\n|\n|upkeep\n|turn|37\n|\n|t:|1781466017\n|move|p2a: Okidogi|Drain Punch|p1a: Okidogi\n|-resisted|p1a: Okidogi\n|-damage|p1a: Okidogi|32/262\n|-heal|p2a: Okidogi|27/262|[from] drain|[of] p1a: Okidogi\n|move|p1a: Okidogi|Drain Punch|p2a: Okidogi\n|-resisted|p2a: Okidogi\n|-damage|p2a: Okidogi|0 fnt\n|-heal|p1a: Okidogi|46/262|[from] drain|[of] p2a: Okidogi\n|faint|p2a: Okidogi\n|\n|upkeep\n|inactive|napoliones has 120 seconds left.\n|\n|t:|1781466047\n|switch|p2a: Ogerpon|Ogerpon-Hearthflame, L74, F|197/239 tox\n|-ability|p2a: Ogerpon|Mold Breaker\n|turn|38\n|\n|t:|1781466055\n|-terastallize|p2a: Ogerpon|Fire\n|detailschange|p2a: Ogerpon|Ogerpon-Hearthflame-Tera, L74, F, tera:Fire\n|-ability|p2a: Ogerpon|Embody Aspect (Hearthflame)|boost\n|-boost|p2a: Ogerpon|atk|1\n|move|p2a: Ogerpon|Ivy Cudgel|p1a: Okidogi|[anim] Ivy Cudgel Fire\n|-damage|p1a: Okidogi|0 fnt\n|faint|p1a: Okidogi\n|\n|-damage|p2a: Ogerpon|183/239 tox|[from] psn\n|upkeep\n|\n|t:|1781466071\n|switch|p1a: Mewtwo|Mewtwo, L72|68/272 tox\n|-ability|p1a: Mewtwo|Pressure\n|turn|39\n|\n|t:|1781466079\n|switch|p2a: Kingdra|Kingdra, L84, F|263/263\n|move|p1a: Mewtwo|Psystrike|p2a: Kingdra\n|-damage|p2a: Kingdra|119/263\n|-damage|p1a: Mewtwo|41/272 tox|[from] item: Life Orb\n|\n|-damage|p1a: Mewtwo|24/272 tox|[from] psn\n|upkeep\n|turn|40\n|inactive|htran has 120 seconds left.\n|\n|t:|1781466112\n|move|p1a: Mewtwo|Psystrike|p2a: Kingdra\n|-damage|p2a: Kingdra|0 fnt\n|faint|p2a: Kingdra\n|-damage|p1a: Mewtwo|0 fnt|[from] item: Life Orb\n|faint|p1a: Mewtwo\n|\n|upkeep\n|inactive|htran has 120 seconds left.\n|-message|htran forfeited.\n|\n|win|napoliones\n", "inputlog": ">version a8376a258c1d4662feba110a92103f3664a72141\n>start {\"formatid\":\"gen9randombattle\",\"seed\":\"sodium,5da32434f6fb2471267ad7f9fb9a1db1\",\"rated\":\"Rated battle\"}\n>player p1 {\"name\":\"htran\",\"avatar\":\"lucas\",\"rating\":1985,\"seed\":\"sodium,61e81e83ee23c872c0731b7e8c1c7882\"}\n>player p2 {\"name\":\"napoliones\",\"avatar\":\"102\",\"rating\":2038,\"seed\":\"sodium,6de6cb7b2a177478b55ff1aa006b5694\"}\n>chat \u2606napoliones|gl hf :)\n>p1 move ceaselessedge\n>p2 move bulletseed\n>p1 switch 6\n>p1 move bulkup\n>p2 switch 4\n>p1 move knockoff\n>p2 move bulkup\n>p1 switch 5\n>p2 move knockoff\n>p1 move earthquake\n>p2 switch 2\n>p1 switch 3\n>p2 move thunderbolt\n>p1 move uturn\n>p2 move taunt\n>p1 switch 3\n>p1 switch 3\n>p2 move gigadrain\n>p1 move uturn terastallize\n>p2 move thunderbolt\n>p2 switch 4\n>p1 move hurricane\n>p2 move bulletseed\n>p1 switch 2\n>p1 move rapidspin\n>p2 switch 2\n>p1 move taunt\n>p2 move drainpunch\n>p1 switch 4\n>p2 move drainpunch\n>p1 move psystrike\n>p2 switch 5\n>p1 move psystrike\n>p2 move dragonpulse\n>p2 switch 2\n>p1 switch 4\n>p2 move bulletseed\n>p1 move drainpunch\n>p2 switch 5\n>p1 switch 3\n>p2 move drainpunch\n>p1 move toxic\n>p2 switch 6\n>p1 switch 3\n>p2 move powerwhip\n>p1 switch 5\n>p1 move bulkup\n>p2 switch 6\n>p1 move bulkup\n>p2 move bulkup\n>p1 move bulkup\n>p2 move bulkup\n>p1 move bulkup\n>p2 move bulkup\n>p1 move bulkup\n>p2 move bulkup\n>p1 move bulkup\n>p2 move bulkup\n>p1 move drainpunch\n>p2 move bulkup\n>p1 move drainpunch\n>p2 move knockoff\n>p1 move drainpunch\n>p2 move drainpunch\n>p1 move drainpunch\n>p2 move drainpunch\n>p1 move gunkshot\n>p2 move drainpunch\n>p1 move drainpunch\n>p2 move drainpunch\n>p1 move drainpunch\n>p2 move drainpunch\n>p1 move drainpunch\n>p2 move drainpunch\n>p1 move drainpunch\n>p2 move drainpunch\n>p1 move drainpunch\n>p2 move drainpunch\n>p1 move drainpunch\n>p2 move drainpunch\n>p2 switch 6\n>p1 move drainpunch\n>p2 move ivycudgel terastallize\n>p1 switch 4\n>p1 move psystrike\n>p2 switch 3\n>p1 move psystrike\n>p2 move dragondance\n>forcelose p1", "uploadtime": 1781465695, "views": 6, "formatid": "gen9randombattle", "rating": null, "private": 0, "password": null}