{"id": "gen9randombattle-2631604124", "format": "[Gen 9] Random Battle", "players": ["vivid inkcap", "thescreenporchdoor"], "log": "|j|\u2606vivid inkcap\n|j|\u2606thescreenporchdoor\n|t:|1781407522\n|gametype|singles\n|player|p1|vivid inkcap|aromalady|\n|player|p2|thescreenporchdoor|266|\n|gen|9\n|tier|[Gen 9] Random Battle\n|rule|Species Clause: Limit one of each Pok\u00e9mon\n|rule|HP Percentage Mod: HP is shown in percentages\n|rule|Sleep Clause Mod: Limit one foe put to sleep\n|rule|Illusion Level Mod: Illusion disguises the Pok\u00e9mon's true level\n|\n|t:|1781407522\n|teamsize|p1|6\n|teamsize|p2|6\n|start\n|switch|p1a: Swampert|Swampert, L83, F|302/302\n|switch|p2a: Iron Boulder|Iron Boulder, L77|265/265\n|turn|1\n|inactive|Battle timer is ON: inactive players will automatically lose when time's up. (requested by vivid inkcap)\n|\n|t:|1781407535\n|move|p2a: Iron Boulder|Zen Headbutt|p1a: Swampert|[miss]\n|-miss|p2a: Iron Boulder|p1a: Swampert\n|move|p1a: Swampert|Earthquake|p2a: Iron Boulder\n|-supereffective|p2a: Iron Boulder\n|-damage|p2a: Iron Boulder|0 fnt\n|faint|p2a: Iron Boulder\n|-end|p2a: Iron Boulder|Quark Drive|[silent]\n|\n|upkeep\n|\n|t:|1781407548\n|switch|p2a: Bellossom|Bellossom, L84, M|263/263\n|turn|2\n|\n|t:|1781407556\n|move|p1a: Swampert|Ice Beam|p2a: Bellossom\n|-supereffective|p2a: Bellossom\n|-damage|p2a: Bellossom|161/263\n|move|p2a: Bellossom|Giga Drain|p1a: Swampert\n|-supereffective|p1a: Swampert\n|-damage|p1a: Swampert|0 fnt\n|-heal|p2a: Bellossom|263/263|[from] drain|[of] p1a: Swampert\n|faint|p1a: Swampert\n|\n|upkeep\n|\n|t:|1781407573\n|switch|p1a: Hydrapple|Hydrapple, L83, M|312/312\n|turn|3\n|\n|t:|1781407586\n|switch|p2a: Blaziken|Blaziken, L76, F|247/247\n|move|p1a: Hydrapple|Dragon Tail|p2a: Blaziken\n|-damage|p2a: Blaziken|175/247\n|drag|p2a: Cinderace|Cinderace, L77, F|249/249\n|\n|upkeep\n|turn|4\n|\n|t:|1781407595\n|move|p2a: Cinderace|Gunk Shot|p1a: Hydrapple|[miss]\n|-start|p2a: Cinderace|typechange|Poison|[from] ability: Libero\n|-miss|p2a: Cinderace|p1a: Hydrapple\n|move|p1a: Hydrapple|Earth Power|p2a: Cinderace\n|-supereffective|p2a: Cinderace\n|-damage|p2a: Cinderace|73/249\n|-unboost|p2a: Cinderace|spd|1\n|\n|upkeep\n|turn|5\n|\n|t:|1781407608\n|move|p2a: Cinderace|Gunk Shot|p1a: Hydrapple\n|-supereffective|p1a: Hydrapple\n|-damage|p1a: Hydrapple|108/312\n|move|p1a: Hydrapple|Earth Power|p2a: Cinderace\n|-supereffective|p2a: Cinderace\n|-damage|p2a: Cinderace|0 fnt\n|faint|p2a: Cinderace\n|\n|upkeep\n|\n|t:|1781407619\n|switch|p2a: Blaziken|Blaziken, L76, F|175/247\n|turn|6\n|\n|t:|1781407624\n|move|p2a: Blaziken|Flare Blitz|p1a: Hydrapple\n|-damage|p1a: Hydrapple|0 fnt\n|faint|p1a: Hydrapple\n|-damage|p2a: Blaziken|139/247|[from] Recoil\n|-damage|p2a: Blaziken|115/247|[from] item: Life Orb\n|\n|-ability|p2a: Blaziken|Speed Boost|boost\n|-boost|p2a: Blaziken|spe|1\n|upkeep\n|\n|t:|1781407634\n|switch|p1a: Cresselia|Cresselia, L80, F|323/323\n|turn|7\n|\n|t:|1781407648\n|switch|p2a: Oranguru|Oranguru, L92, F|315/315\n|move|p1a: Cresselia|Calm Mind|p1a: Cresselia\n|-boost|p1a: Cresselia|spa|1\n|-boost|p1a: Cresselia|spd|1\n|\n|upkeep\n|turn|8\n|\n|t:|1781407666\n|move|p1a: Cresselia|Calm Mind|p1a: Cresselia\n|-boost|p1a: Cresselia|spa|1\n|-boost|p1a: Cresselia|spd|1\n|move|p2a: Oranguru|Thunderbolt|p1a: Cresselia\n|-damage|p1a: Cresselia|291/323\n|\n|-heal|p1a: Cresselia|311/323|[from] item: Leftovers\n|upkeep\n|turn|9\n|\n|t:|1781407677\n|move|p1a: Cresselia|Moonblast|p2a: Oranguru\n|-damage|p2a: Oranguru|235/315\n|move|p2a: Oranguru|Thunderbolt|p1a: Cresselia\n|-damage|p1a: Cresselia|281/323\n|-status|p1a: Cresselia|par\n|\n|-heal|p2a: Oranguru|254/315|[from] item: Leftovers\n|-heal|p1a: Cresselia|301/323 par|[from] item: Leftovers\n|upkeep\n|turn|10\n|\n|t:|1781407696\n|switch|p1a: Squawkabilly|Squawkabilly-White, L89, M|291/291\n|move|p2a: Oranguru|Thunderbolt|p1a: Squawkabilly\n|-supereffective|p1a: Squawkabilly\n|-damage|p1a: Squawkabilly|87/291\n|\n|-heal|p2a: Oranguru|273/315|[from] item: Leftovers\n|upkeep\n|turn|11\n|\n|t:|1781407708\n|move|p1a: Squawkabilly|Foul Play|p2a: Oranguru\n|-supereffective|p2a: Oranguru\n|-damage|p2a: Oranguru|95/315\n|move|p2a: Oranguru|Thunderbolt|p1a: Squawkabilly\n|-supereffective|p1a: Squawkabilly\n|-damage|p1a: Squawkabilly|0 fnt\n|faint|p1a: Squawkabilly\n|\n|-heal|p2a: Oranguru|114/315|[from] item: Leftovers\n|upkeep\n|\n|t:|1781407719\n|switch|p1a: Indeedee|Indeedee-F, L90, F|272/272\n|-fieldstart|move: Psychic Terrain|[from] ability: Psychic Surge|[of] p1a: Indeedee\n|turn|12\n|\n|t:|1781407735\n|move|p1a: Indeedee|Calm Mind|p1a: Indeedee\n|-boost|p1a: Indeedee|spa|1\n|-boost|p1a: Indeedee|spd|1\n|move|p2a: Oranguru|Focus Blast|p1a: Indeedee\n|-damage|p1a: Indeedee|217/272\n|\n|-heal|p2a: Oranguru|133/315|[from] item: Leftovers\n|upkeep\n|turn|13\n|\n|t:|1781407747\n|move|p1a: Indeedee|Hyper Voice|p2a: Oranguru\n|-damage|p2a: Oranguru|0 fnt\n|faint|p2a: Oranguru\n|-damage|p1a: Indeedee|190/272|[from] item: Life Orb\n|\n|upkeep\n|\n|t:|1781407758\n|switch|p2a: Blaziken|Blaziken, L76, F|115/247\n|turn|14\n|\n|t:|1781407763\n|move|p1a: Indeedee|Psychic|p2a: Blaziken\n|-supereffective|p2a: Blaziken\n|-damage|p2a: Blaziken|0 fnt\n|faint|p2a: Blaziken\n|-damage|p1a: Indeedee|163/272|[from] item: Life Orb\n|\n|upkeep\n|\n|t:|1781407772\n|switch|p2a: Galvantula|Galvantula, L82, F|249/249\n|turn|15\n|\n|t:|1781407792\n|move|p2a: Galvantula|Bug Buzz|p1a: Indeedee\n|-supereffective|p1a: Indeedee\n|-damage|p1a: Indeedee|71/272\n|move|p1a: Indeedee|Psychic|p2a: Galvantula\n|-damage|p2a: Galvantula|0 fnt\n|faint|p2a: Galvantula\n|-damage|p1a: Indeedee|44/272|[from] item: Life Orb\n|\n|upkeep\n|\n|t:|1781407799\n|switch|p2a: Bellossom|Bellossom, L84, M|263/263\n|turn|16\n|\n|t:|1781407816\n|move|p1a: Indeedee|Psychic|p2a: Bellossom\n|-damage|p2a: Bellossom|16/263\n|-damage|p1a: Indeedee|17/272|[from] item: Life Orb\n|move|p2a: Bellossom|Giga Drain|p1a: Indeedee\n|-damage|p1a: Indeedee|0 fnt\n|-heal|p2a: Bellossom|25/263|[from] drain|[of] p1a: Indeedee\n|faint|p1a: Indeedee\n|\n|-heal|p2a: Bellossom|41/263|[from] item: Leftovers\n|-fieldend|move: Psychic Terrain\n|upkeep\n|inactive|vivid inkcap has 270 seconds left.\n|\n|t:|1781407844\n|switch|p1a: Cresselia|Cresselia, L80, F|301/323 par\n|turn|17\n|\n|t:|1781407854\n|move|p2a: Bellossom|Giga Drain|p1a: Cresselia\n|-damage|p1a: Cresselia|241/323 par\n|-heal|p2a: Bellossom|71/263|[from] drain|[of] p1a: Cresselia\n|move|p1a: Cresselia|Psyshock|p2a: Bellossom\n|-damage|p2a: Bellossom|5/263\n|\n|-heal|p2a: Bellossom|21/263|[from] item: Leftovers\n|-heal|p1a: Cresselia|261/323 par|[from] item: Leftovers\n|upkeep\n|turn|18\n|\n|t:|1781407866\n|move|p2a: Bellossom|Strength Sap|p1a: Cresselia\n|-unboost|p1a: Cresselia|atk|1\n|-heal|p2a: Bellossom|138/263\n|move|p1a: Cresselia|Psyshock|p2a: Bellossom\n|-crit|p2a: Bellossom\n|-damage|p2a: Bellossom|41/263\n|\n|-heal|p2a: Bellossom|57/263|[from] item: Leftovers\n|-heal|p1a: Cresselia|281/323 par|[from] item: Leftovers\n|upkeep\n|turn|19\n|inactive|vivid inkcap has 270 seconds left.\n|inactiveoff|Battle timer is now OFF.\n|\n|t:|1781407896\n|move|p2a: Bellossom|Strength Sap|p1a: Cresselia\n|-unboost|p1a: Cresselia|atk|1\n|-heal|p2a: Bellossom|135/263\n|cant|p1a: Cresselia|par\n|\n|-heal|p2a: Bellossom|151/263|[from] item: Leftovers\n|-heal|p1a: Cresselia|301/323 par|[from] item: Leftovers\n|upkeep\n|turn|20\n|\n|t:|1781407908\n|-terastallize|p2a: Bellossom|Fire\n|move|p2a: Bellossom|Tera Blast|p1a: Cresselia|[anim] Tera Blast Fire\n|-damage|p1a: Cresselia|231/323 par\n|cant|p1a: Cresselia|par\n|\n|-heal|p2a: Bellossom|167/263|[from] item: Leftovers\n|-heal|p1a: Cresselia|251/323 par|[from] item: Leftovers\n|upkeep\n|turn|21\n|\n|t:|1781407923\n|move|p2a: Bellossom|Tera Blast|p1a: Cresselia|[anim] Tera Blast Fire\n|-damage|p1a: Cresselia|182/323 par\n|cant|p1a: Cresselia|par\n|\n|-heal|p2a: Bellossom|183/263|[from] item: Leftovers\n|-heal|p1a: Cresselia|202/323 par|[from] item: Leftovers\n|upkeep\n|turn|22\n|\n|t:|1781407929\n|move|p2a: Bellossom|Tera Blast|p1a: Cresselia|[anim] Tera Blast Fire\n|-damage|p1a: Cresselia|141/323 par\n|move|p1a: Cresselia|Psyshock|p2a: Bellossom\n|-damage|p2a: Bellossom|125/263\n|\n|-heal|p2a: Bellossom|141/263|[from] item: Leftovers\n|-heal|p1a: Cresselia|161/323 par|[from] item: Leftovers\n|upkeep\n|turn|23\n|\n|t:|1781407937\n|move|p2a: Bellossom|Tera Blast|p1a: Cresselia|[anim] Tera Blast Fire\n|-damage|p1a: Cresselia|91/323 par\n|cant|p1a: Cresselia|par\n|\n|-heal|p2a: Bellossom|157/263|[from] item: Leftovers\n|-heal|p1a: Cresselia|111/323 par|[from] item: Leftovers\n|upkeep\n|turn|24\n|\n|t:|1781407946\n|move|p2a: Bellossom|Giga Drain|p1a: Cresselia\n|-damage|p1a: Cresselia|51/323 par\n|-heal|p2a: Bellossom|187/263|[from] drain|[of] p1a: Cresselia\n|move|p1a: Cresselia|Psyshock|p2a: Bellossom\n|-damage|p2a: Bellossom|120/263\n|\n|-heal|p2a: Bellossom|136/263|[from] item: Leftovers\n|-heal|p1a: Cresselia|71/323 par|[from] item: Leftovers\n|upkeep\n|turn|25\n|\n|t:|1781407958\n|move|p2a: Bellossom|Giga Drain|p1a: Cresselia\n|-damage|p1a: Cresselia|4/323 par\n|-heal|p2a: Bellossom|170/263|[from] drain|[of] p1a: Cresselia\n|move|p1a: Cresselia|Psyshock|p2a: Bellossom\n|-damage|p2a: Bellossom|107/263\n|\n|-heal|p2a: Bellossom|123/263|[from] item: Leftovers\n|-heal|p1a: Cresselia|24/323 par|[from] item: Leftovers\n|upkeep\n|turn|26\n|\n|t:|1781407966\n|move|p2a: Bellossom|Giga Drain|p1a: Cresselia\n|-damage|p1a: Cresselia|0 fnt\n|-heal|p2a: Bellossom|135/263|[from] drain|[of] p1a: Cresselia\n|faint|p1a: Cresselia\n|\n|-heal|p2a: Bellossom|151/263|[from] item: Leftovers\n|upkeep\n|\n|t:|1781407973\n|switch|p1a: Alomomola|Alomomola, L87, F|429/429\n|turn|27\n|\n|t:|1781407986\n|move|p1a: Alomomola|Scald|p2a: Bellossom\n|-supereffective|p2a: Bellossom\n|-damage|p2a: Bellossom|59/263\n|move|p2a: Bellossom|Giga Drain|p1a: Alomomola\n|-supereffective|p1a: Alomomola\n|-damage|p1a: Alomomola|205/429\n|-heal|p2a: Bellossom|171/263|[from] drain|[of] p1a: Alomomola\n|\n|-heal|p1a: Alomomola|231/429|[from] item: Leftovers\n|-heal|p2a: Bellossom|187/263|[from] item: Leftovers\n|upkeep\n|turn|28\n|\n|t:|1781407997\n|move|p1a: Alomomola|Scald|p2a: Bellossom\n|-supereffective|p2a: Bellossom\n|-crit|p2a: Bellossom\n|-damage|p2a: Bellossom|59/263\n|move|p2a: Bellossom|Strength Sap|p1a: Alomomola\n|-unboost|p1a: Alomomola|atk|1\n|-heal|p2a: Bellossom|239/263\n|\n|-heal|p1a: Alomomola|257/429|[from] item: Leftovers\n|-heal|p2a: Bellossom|255/263|[from] item: Leftovers\n|upkeep\n|turn|29\n|c|\u2606vivid inkcap|BELLOSOM FUCKING GOD\n|\n|t:|1781408008\n|move|p1a: Alomomola|Scald|p2a: Bellossom\n|-supereffective|p2a: Bellossom\n|-damage|p2a: Bellossom|171/263\n|move|p2a: Bellossom|Giga Drain|p1a: Alomomola\n|-supereffective|p1a: Alomomola\n|-damage|p1a: Alomomola|21/429\n|-heal|p2a: Bellossom|263/263|[from] drain|[of] p1a: Alomomola\n|\n|-heal|p1a: Alomomola|47/429|[from] item: Leftovers\n|upkeep\n|turn|30\n|c|\u2606vivid inkcap|WHAT THF UCK\n|c|\u2606vivid inkcap|GO BELLOSOM GO\n|\n|t:|1781408022\n|move|p1a: Alomomola|Scald|p2a: Bellossom\n|-supereffective|p2a: Bellossom\n|-damage|p2a: Bellossom|177/263\n|move|p2a: Bellossom|Giga Drain|p1a: Alomomola\n|-supereffective|p1a: Alomomola\n|-damage|p1a: Alomomola|0 fnt\n|-heal|p2a: Bellossom|201/263|[from] drain|[of] p1a: Alomomola\n|faint|p1a: Alomomola\n|\n|win|thescreenporchdoor\n", "inputlog": ">version a8376a258c1d4662feba110a92103f3664a72141\n>start {\"formatid\":\"gen9randombattle\",\"seed\":\"sodium,3e2bf9e32c9551854a02c7c8718b07cf\"}\n>player p1 {\"name\":\"vivid inkcap\",\"avatar\":\"aromalady\",\"rating\":0,\"seed\":\"sodium,94d3610956784824d09b136ebeec13f9\"}\n>player p2 {\"name\":\"thescreenporchdoor\",\"avatar\":\"266\",\"rating\":0,\"seed\":\"sodium,51f1ad492fc74139cfafc5c3b0eddeef\"}\n>p1 move earthquake\n>p2 move zenheadbutt\n>p2 switch 6\n>p1 move icebeam\n>p2 move gigadrain\n>p1 switch 3\n>p1 move dragontail\n>p2 switch 4\n>p1 move earthpower\n>p2 move gunkshot\n>p1 move earthpower\n>p2 move gunkshot\n>p2 switch 3\n>p1 move earthpower\n>p2 move flareblitz\n>p1 switch 4\n>p1 move calmmind\n>p2 switch 2\n>p1 move calmmind\n>p2 move thunderbolt\n>p1 move moonblast\n>p2 move thunderbolt\n>p1 switch 6\n>p2 move thunderbolt\n>p1 move foulplay\n>p2 move thunderbolt\n>p1 switch 2\n>p1 move calmmind\n>p2 move focusblast\n>p1 move hypervoice\n>p2 move focusblast\n>p2 switch 2\n>p1 move psychic\n>p2 move knockoff\n>p2 switch 5\n>p1 move psychic\n>p2 move bugbuzz\n>p2 switch 4\n>p1 move psychic\n>p2 move gigadrain\n>p1 switch 6\n>p1 move psyshock\n>p2 move gigadrain\n>p1 move psyshock\n>p2 move strengthsap\n>p1 move psyshock\n>p2 move strengthsap\n>p1 move psyshock\n>p2 move terablast terastallize\n>p1 move calmmind\n>p2 move terablast\n>p1 move psyshock\n>p2 move terablast\n>p1 move psyshock\n>p2 move terablast\n>p1 move psyshock\n>p2 move gigadrain\n>p1 move psyshock\n>p2 move gigadrain\n>p1 move psyshock\n>p2 move gigadrain\n>p1 switch 5\n>p1 move scald\n>p2 move gigadrain\n>p1 move scald\n>p2 move strengthsap\n>chat \u2606vivid inkcap|BELLOSOM FUCKING GOD\n>p1 move scald\n>p2 move gigadrain\n>chat \u2606vivid inkcap|WHAT THF UCK\n>chat \u2606vivid inkcap|GO BELLOSOM GO\n>p1 move scald\n>p2 move gigadrain", "uploadtime": 1781408033, "views": 6, "formatid": "gen9randombattle", "rating": null, "private": 0, "password": null}