{"id": "gen9randombattle-2631429084", "format": "[Gen 9] Random Battle", "players": ["aerimorla", "Sekkari-"], "log": "|j|\u2606aerimorla\n|j|\u2606Sekkari-\n|t:|1781383555\n|gametype|singles\n|player|p1|aerimorla|ethan|2072\n|player|p2|Sekkari-|170|2155\n|gen|9\n|tier|[Gen 9] Random Battle\n|rated|\n|rule|Species Clause: Limit one of each Pok\u00e9mon\n|rule|HP Percentage Mod: HP is shown in percentages\n|rule|Sleep Clause Mod: Limit one foe put to sleep\n|rule|Illusion Level Mod: Illusion disguises the Pok\u00e9mon's true level\n|\n|t:|1781383555\n|teamsize|p1|6\n|teamsize|p2|6\n|start\n|switch|p1a: Sawsbuck|Sawsbuck-Winter, L88, M|284/284\n|switch|p2a: Arboliva|Arboliva, L91, M|288/288\n|turn|1\n|\n|t:|1781383580\n|move|p1a: Sawsbuck|Swords Dance|p1a: Sawsbuck\n|-boost|p1a: Sawsbuck|atk|2\n|move|p2a: Arboliva|Substitute|p2a: Arboliva\n|-start|p2a: Arboliva|Substitute\n|-damage|p2a: Arboliva|216/288\n|\n|upkeep\n|turn|2\n|\n|t:|1781383587\n|move|p1a: Sawsbuck|Horn Leech|p2a: Arboliva\n|-resisted|p2a: Arboliva\n|-end|p2a: Arboliva|Substitute\n|-damage|p1a: Sawsbuck|256/284|[from] item: Life Orb\n|move|p2a: Arboliva|Substitute|p2a: Arboliva\n|-start|p2a: Arboliva|Substitute\n|-damage|p2a: Arboliva|144/288\n|-enditem|p2a: Arboliva|Sitrus Berry|[eat]\n|-heal|p2a: Arboliva|216/288|[from] item: Sitrus Berry\n|\n|-item|p2a: Arboliva|Sitrus Berry|[from] ability: Harvest\n|upkeep\n|turn|3\n|\n|t:|1781383598\n|move|p1a: Sawsbuck|Horn Leech|p2a: Arboliva\n|-resisted|p2a: Arboliva\n|-end|p2a: Arboliva|Substitute\n|-heal|p1a: Sawsbuck|284/284|[from] drain|[of] p2a: Arboliva\n|-damage|p1a: Sawsbuck|256/284|[from] item: Life Orb\n|move|p2a: Arboliva|Substitute|p2a: Arboliva\n|-start|p2a: Arboliva|Substitute\n|-damage|p2a: Arboliva|144/288\n|-enditem|p2a: Arboliva|Sitrus Berry|[eat]\n|-heal|p2a: Arboliva|216/288|[from] item: Sitrus Berry\n|\n|upkeep\n|turn|4\n|\n|t:|1781383607\n|move|p2a: Arboliva|Protect|p2a: Arboliva\n|-singleturn|p2a: Arboliva|Protect\n|move|p1a: Sawsbuck|Horn Leech|p2a: Arboliva\n|-activate|p2a: Arboliva|move: Protect\n|\n|upkeep\n|turn|5\n|\n|t:|1781383610\n|move|p1a: Sawsbuck|Horn Leech|p2a: Arboliva\n|-resisted|p2a: Arboliva\n|-end|p2a: Arboliva|Substitute\n|-heal|p1a: Sawsbuck|284/284|[from] drain|[of] p2a: Arboliva\n|-damage|p1a: Sawsbuck|256/284|[from] item: Life Orb\n|move|p2a: Arboliva|Substitute|p2a: Arboliva\n|-start|p2a: Arboliva|Substitute\n|-damage|p2a: Arboliva|144/288\n|\n|-item|p2a: Arboliva|Sitrus Berry|[from] ability: Harvest\n|upkeep\n|-enditem|p2a: Arboliva|Sitrus Berry|[eat]\n|-heal|p2a: Arboliva|216/288|[from] item: Sitrus Berry\n|turn|6\n|\n|t:|1781383614\n|move|p1a: Sawsbuck|Double-Edge|p2a: Arboliva\n|-crit|p2a: Arboliva\n|-end|p2a: Arboliva|Substitute\n|-damage|p1a: Sawsbuck|232/284|[from] Recoil|[of] p2a: Arboliva\n|-damage|p1a: Sawsbuck|204/284|[from] item: Life Orb\n|move|p2a: Arboliva|Hyper Voice|p1a: Sawsbuck\n|-damage|p1a: Sawsbuck|47/284\n|\n|-item|p2a: Arboliva|Sitrus Berry|[from] ability: Harvest\n|upkeep\n|turn|7\n|\n|t:|1781383625\n|move|p1a: Sawsbuck|Double-Edge|p2a: Arboliva\n|-damage|p2a: Arboliva|0 fnt\n|faint|p2a: Arboliva\n|-damage|p1a: Sawsbuck|0 fnt|[from] Recoil\n|faint|p1a: Sawsbuck\n|\n|upkeep\n|\n|t:|1781383632\n|switch|p1a: Yanmega|Yanmega, L82, M|275/275\n|switch|p2a: Brute Bonnet|Brute Bonnet, L80|309/309\n|turn|8\n|\n|t:|1781383647\n|-end|p2a: Brute Bonnet|Protosynthesis|[silent]\n|switch|p2a: Frosmoth|Frosmoth, L82, M|249/249\n|move|p1a: Yanmega|Bug Buzz|p2a: Frosmoth\n|-damage|p2a: Frosmoth|165/249\n|-unboost|p2a: Frosmoth|spd|1\n|\n|upkeep\n|turn|9\n|\n|t:|1781383656\n|switch|p1a: Slowbro|Slowbro-Galar, L87, F|307/307\n|move|p2a: Frosmoth|Ice Beam|p1a: Slowbro\n|-damage|p1a: Slowbro|228/307\n|\n|upkeep\n|turn|10\n|\n|t:|1781383665\n|switch|p2a: Gliscor|Gliscor, L76, F|239/239\n|move|p1a: Slowbro|Fire Blast|p2a: Gliscor\n|-damage|p2a: Gliscor|130/239\n|\n|-status|p2a: Gliscor|tox|[from] item: Toxic Orb\n|upkeep\n|turn|11\n|\n|t:|1781383671\n|switch|p1a: Mesprit|Mesprit, L85|275/275\n|move|p2a: Gliscor|Earthquake|p1a: Mesprit\n|-immune|p1a: Mesprit|[from] ability: Levitate\n|\n|-heal|p2a: Gliscor|159/239 tox|[from] ability: Poison Heal\n|upkeep\n|turn|12\n|\n|t:|1781383674\n|move|p2a: Gliscor|Protect|p2a: Gliscor\n|-singleturn|p2a: Gliscor|Protect\n|move|p1a: Mesprit|Psychic Noise|p2a: Gliscor\n|-activate|p2a: Gliscor|move: Protect\n|\n|-heal|p2a: Gliscor|188/239 tox|[from] ability: Poison Heal\n|upkeep\n|turn|13\n|\n|t:|1781383677\n|switch|p2a: Frosmoth|Frosmoth, L82, M|165/249\n|move|p1a: Mesprit|Psychic Noise|p2a: Frosmoth\n|-damage|p2a: Frosmoth|123/249\n|-start|p2a: Frosmoth|move: Heal Block\n|\n|upkeep\n|turn|14\n|\n|t:|1781383680\n|move|p1a: Mesprit|Drain Punch|p2a: Frosmoth\n|-damage|p2a: Frosmoth|50/249\n|move|p2a: Frosmoth|Quiver Dance|p2a: Frosmoth\n|-boost|p2a: Frosmoth|spa|1\n|-boost|p2a: Frosmoth|spd|1\n|-boost|p2a: Frosmoth|spe|1\n|\n|-end|p2a: Frosmoth|move: Heal Block\n|upkeep\n|turn|15\n|\n|t:|1781383685\n|switch|p1a: Slowbro|Slowbro-Galar, L87, F|307/307\n|move|p2a: Frosmoth|Bug Buzz|p1a: Slowbro\n|-damage|p1a: Slowbro|181/307\n|-unboost|p1a: Slowbro|spd|1\n|\n|upkeep\n|turn|16\n|\n|t:|1781383689\n|switch|p1a: Toxapex|Toxapex, L82, F|216/216\n|move|p2a: Frosmoth|Bug Buzz|p1a: Toxapex\n|-resisted|p1a: Toxapex\n|-damage|p1a: Toxapex|155/216\n|\n|upkeep\n|turn|17\n|\n|t:|1781383692\n|move|p2a: Frosmoth|Giga Drain|p1a: Toxapex\n|-damage|p1a: Toxapex|95/216\n|-heal|p2a: Frosmoth|80/249|[from] drain|[of] p1a: Toxapex\n|move|p1a: Toxapex|Liquidation|p2a: Frosmoth\n|-damage|p2a: Frosmoth|0 fnt\n|faint|p2a: Frosmoth\n|\n|upkeep\n|\n|t:|1781383700\n|switch|p2a: Smeargle|Smeargle, L95, F|258/258\n|turn|18\n|\n|t:|1781383704\n|move|p2a: Smeargle|Spore|p1a: Toxapex\n|-status|p1a: Toxapex|slp|[from] move: Spore\n|cant|p1a: Toxapex|slp\n|\n|upkeep\n|turn|19\n|\n|t:|1781383713\n|switch|p1a: Slowbro|Slowbro-Galar, L87, F|283/307\n|move|p2a: Smeargle|Ceaseless Edge|p1a: Slowbro\n|-supereffective|p1a: Slowbro\n|-damage|p1a: Slowbro|239/307\n|-sidestart|p1: aerimorla|Spikes\n|\n|upkeep\n|turn|20\n|\n|t:|1781383719\n|move|p2a: Smeargle|Ceaseless Edge|p1a: Slowbro\n|-supereffective|p1a: Slowbro\n|-damage|p1a: Slowbro|197/307\n|-sidestart|p1: aerimorla|Spikes\n|move|p1a: Slowbro|Shell Side Arm|p2a: Smeargle|[anim] Shell Side Arm Physical\n|-damage|p2a: Smeargle|90/258\n|-hint|Physical Shell Side Arm\n|\n|upkeep\n|turn|21\n|\n|t:|1781383726\n|move|p2a: Smeargle|Ceaseless Edge|p1a: Slowbro\n|-supereffective|p1a: Slowbro\n|-damage|p1a: Slowbro|151/307\n|-sidestart|p1: aerimorla|Spikes\n|move|p1a: Slowbro|Shell Side Arm|p2a: Smeargle|[anim] Shell Side Arm Physical\n|-damage|p2a: Smeargle|0 fnt\n|-hint|Physical Shell Side Arm\n|faint|p2a: Smeargle\n|\n|upkeep\n|\n|t:|1781383729\n|switch|p2a: Gliscor|Gliscor, L76, F|188/239 tox\n|turn|22\n|\n|t:|1781383734\n|move|p2a: Gliscor|Earthquake|p1a: Slowbro\n|-supereffective|p1a: Slowbro\n|-damage|p1a: Slowbro|5/307\n|move|p1a: Slowbro|Psychic|p2a: Gliscor\n|-damage|p2a: Gliscor|56/239 tox\n|\n|-heal|p2a: Gliscor|85/239 tox|[from] ability: Poison Heal\n|upkeep\n|turn|23\n|\n|t:|1781383737\n|move|p2a: Gliscor|Earthquake|p1a: Slowbro\n|-supereffective|p1a: Slowbro\n|-damage|p1a: Slowbro|0 fnt\n|faint|p1a: Slowbro\n|\n|-heal|p2a: Gliscor|114/239 tox|[from] ability: Poison Heal\n|upkeep\n|\n|t:|1781383741\n|switch|p1a: Yanmega|Yanmega, L82, M|275/275\n|turn|24\n|\n|t:|1781383745\n|move|p2a: Gliscor|Protect|p2a: Gliscor\n|-singleturn|p2a: Gliscor|Protect\n|move|p1a: Yanmega|Bug Buzz|p2a: Gliscor\n|-activate|p2a: Gliscor|move: Protect\n|\n|-heal|p2a: Gliscor|143/239 tox|[from] ability: Poison Heal\n|upkeep\n|turn|25\n|\n|t:|1781383748\n|move|p1a: Yanmega|Bug Buzz|p2a: Gliscor\n|-resisted|p2a: Gliscor\n|-damage|p2a: Gliscor|0 fnt\n|faint|p2a: Gliscor\n|\n|upkeep\n|\n|t:|1781383768\n|switch|p2a: Brute Bonnet|Brute Bonnet, L80|309/309\n|turn|26\n|\n|t:|1781383771\n|-terastallize|p2a: Brute Bonnet|Poison\n|move|p1a: Yanmega|Bug Buzz|p2a: Brute Bonnet\n|-resisted|p2a: Brute Bonnet\n|-damage|p2a: Brute Bonnet|165/309\n|move|p2a: Brute Bonnet|Crunch|p1a: Yanmega\n|-damage|p1a: Yanmega|181/275\n|-unboost|p1a: Yanmega|def|1\n|\n|-heal|p2a: Brute Bonnet|184/309|[from] item: Leftovers\n|upkeep\n|turn|27\n|\n|t:|1781383778\n|switch|p1a: Mesprit|Mesprit, L85|275/275\n|move|p2a: Brute Bonnet|Crunch|p1a: Mesprit\n|-supereffective|p1a: Mesprit\n|-damage|p1a: Mesprit|113/275\n|-unboost|p1a: Mesprit|def|1\n|\n|-heal|p1a: Mesprit|130/275|[from] item: Leftovers\n|-heal|p2a: Brute Bonnet|203/309|[from] item: Leftovers\n|upkeep\n|turn|28\n|\n|t:|1781383783\n|move|p2a: Brute Bonnet|Sucker Punch|p1a: Mesprit\n|-supereffective|p1a: Mesprit\n|-damage|p1a: Mesprit|0 fnt\n|faint|p1a: Mesprit\n|\n|-heal|p2a: Brute Bonnet|222/309|[from] item: Leftovers\n|upkeep\n|\n|t:|1781383798\n|switch|p1a: Yanmega|Yanmega, L82, M|181/275\n|turn|29\n|\n|t:|1781383801\n|move|p1a: Yanmega|Bug Buzz|p2a: Brute Bonnet\n|-resisted|p2a: Brute Bonnet\n|-damage|p2a: Brute Bonnet|76/309\n|move|p2a: Brute Bonnet|Crunch|p1a: Yanmega\n|-damage|p1a: Yanmega|84/275\n|\n|-heal|p2a: Brute Bonnet|95/309|[from] item: Leftovers\n|upkeep\n|turn|30\n|\n|t:|1781383807\n|move|p2a: Brute Bonnet|Sucker Punch|p1a: Yanmega\n|-damage|p1a: Yanmega|0 fnt\n|faint|p1a: Yanmega\n|\n|-heal|p2a: Brute Bonnet|114/309|[from] item: Leftovers\n|upkeep\n|\n|t:|1781383811\n|switch|p1a: Clefable|Clefable, L83, M|293/293\n|turn|31\n|\n|t:|1781383816\n|move|p1a: Clefable|Calm Mind|p1a: Clefable\n|-boost|p1a: Clefable|spa|1\n|-boost|p1a: Clefable|spd|1\n|move|p2a: Brute Bonnet|Spore|p1a: Clefable\n|-message|Sleep Clause Mod activated.\n|-hint|Sleep Clause Mod prevents players from putting more than one of their opponent's Pok\u00e9mon to sleep at a time\n|\n|-heal|p2a: Brute Bonnet|133/309|[from] item: Leftovers\n|upkeep\n|turn|32\n|\n|t:|1781383820\n|move|p1a: Clefable|Fire Blast|p2a: Brute Bonnet\n|-damage|p2a: Brute Bonnet|0 fnt\n|faint|p2a: Brute Bonnet\n|-end|p2a: Brute Bonnet|Protosynthesis|[silent]\n|\n|upkeep\n|\n|t:|1781383821\n|switch|p2a: Alcremie|Alcremie-Caramel-Swirl, L90, F|263/263\n|turn|33\n|\n|t:|1781383825\n|move|p2a: Alcremie|Calm Mind|p2a: Alcremie\n|-boost|p2a: Alcremie|spa|1\n|-boost|p2a: Alcremie|spd|1\n|move|p1a: Clefable|Moonblast|p2a: Alcremie\n|-damage|p2a: Alcremie|168/263\n|\n|-heal|p2a: Alcremie|184/263|[from] item: Leftovers\n|upkeep\n|turn|34\n|\n|t:|1781383828\n|move|p2a: Alcremie|Calm Mind|p2a: Alcremie\n|-boost|p2a: Alcremie|spa|1\n|-boost|p2a: Alcremie|spd|1\n|move|p1a: Clefable|Calm Mind|p1a: Clefable\n|-boost|p1a: Clefable|spa|1\n|-boost|p1a: Clefable|spd|1\n|\n|-heal|p2a: Alcremie|200/263|[from] item: Leftovers\n|upkeep\n|turn|35\n|\n|t:|1781383830\n|move|p2a: Alcremie|Calm Mind|p2a: Alcremie\n|-boost|p2a: Alcremie|spa|1\n|-boost|p2a: Alcremie|spd|1\n|move|p1a: Clefable|Calm Mind|p1a: Clefable\n|-boost|p1a: Clefable|spa|1\n|-boost|p1a: Clefable|spd|1\n|\n|-heal|p2a: Alcremie|216/263|[from] item: Leftovers\n|upkeep\n|turn|36\n|\n|t:|1781383832\n|move|p2a: Alcremie|Calm Mind|p2a: Alcremie\n|-boost|p2a: Alcremie|spa|1\n|-boost|p2a: Alcremie|spd|1\n|move|p1a: Clefable|Calm Mind|p1a: Clefable\n|-boost|p1a: Clefable|spa|1\n|-boost|p1a: Clefable|spd|1\n|\n|-heal|p2a: Alcremie|232/263|[from] item: Leftovers\n|upkeep\n|turn|37\n|\n|t:|1781383833\n|move|p2a: Alcremie|Psyshock|p1a: Clefable\n|-damage|p1a: Clefable|37/293\n|move|p1a: Clefable|Calm Mind|p1a: Clefable\n|-boost|p1a: Clefable|spa|1\n|-boost|p1a: Clefable|spd|1\n|\n|-heal|p2a: Alcremie|248/263|[from] item: Leftovers\n|upkeep\n|turn|38\n|-message|aerimorla forfeited.\n|\n|win|Sekkari-\n", "inputlog": ">version a8376a258c1d4662feba110a92103f3664a72141\n>start {\"formatid\":\"gen9randombattle\",\"seed\":\"sodium,d0496a40ee021624c9bf8b3fc534bd4c\",\"rated\":\"Rated battle\"}\n>player p1 {\"name\":\"aerimorla\",\"avatar\":\"ethan\",\"rating\":2072,\"seed\":\"sodium,e0cafa9e96bf7063ede836e29b7eb46d\"}\n>player p2 {\"name\":\"Sekkari-\",\"avatar\":\"170\",\"rating\":2155,\"seed\":\"sodium,abf17926e38ffa31a03001d736c3bc5d\"}\n>p1 move swordsdance\n>p2 move substitute\n>p1 move hornleech\n>p2 move substitute\n>p1 move hornleech\n>p2 move substitute\n>p1 move hornleech\n>p2 move protect\n>p1 move hornleech\n>p2 move substitute\n>p1 move doubleedge\n>p2 move hypervoice\n>p1 move doubleedge\n>p2 move hypervoice\n>p1 switch 3\n>p2 switch 3\n>p1 move bugbuzz\n>p2 switch 5\n>p1 switch 6\n>p2 move icebeam\n>p1 move fireblast\n>p2 switch 4\n>p1 switch 2\n>p2 move earthquake\n>p1 move psychicnoise\n>p2 move protect\n>p1 move psychicnoise\n>p2 switch 4\n>p1 move drainpunch\n>p2 move quiverdance\n>p1 switch 2\n>p2 move bugbuzz\n>p1 switch 4\n>p2 move bugbuzz\n>p1 move liquidation\n>p2 move gigadrain\n>p2 switch 2\n>p1 move haze\n>p2 move spore\n>p1 switch 4\n>p2 move ceaselessedge\n>p1 move shellsidearm\n>p2 move ceaselessedge\n>p1 move shellsidearm\n>p2 move ceaselessedge\n>p2 switch 4\n>p1 move psychic\n>p2 move earthquake\n>p1 move psychic\n>p2 move earthquake\n>p1 switch 6\n>p1 move bugbuzz\n>p2 move protect\n>p1 move bugbuzz\n>p2 move toxic\n>p2 switch 5\n>p1 move bugbuzz\n>p2 move crunch terastallize\n>p1 switch 2\n>p2 move crunch\n>p1 move psychicnoise\n>p2 move suckerpunch\n>p1 switch 2\n>p1 move bugbuzz\n>p2 move crunch\n>p1 move bugbuzz\n>p2 move suckerpunch\n>p1 switch 5\n>p1 move calmmind\n>p2 move spore\n>p1 move fireblast\n>p2 move seedbomb\n>p2 switch 6\n>p1 move moonblast\n>p2 move calmmind\n>p1 move calmmind\n>p2 move calmmind\n>p1 move calmmind\n>p2 move calmmind\n>p1 move calmmind\n>p2 move calmmind\n>p1 move calmmind\n>p2 move psyshock\n>forcelose p1", "uploadtime": 1781383557, "views": 9, "formatid": "gen9randombattle", "rating": null, "private": 0, "password": null}