{"id": "gen9randombattle-2631744216", "format": "[Gen 9] Random Battle", "players": ["green8Bit", "Where is the hax"], "log": "|j|\u2606green8Bit\n|j|\u2606Where is the hax\n|t:|1781432536\n|gametype|singles\n|player|p1|green8Bit|102|2089\n|player|p2|Where is the hax|266|2008\n|gen|9\n|tier|[Gen 9] Random Battle\n|rated|\n|rule|Species Clause: Limit one of each Pok\u00e9mon\n|rule|HP Percentage Mod: HP is shown in percentages\n|rule|Sleep Clause Mod: Limit one foe put to sleep\n|rule|Illusion Level Mod: Illusion disguises the Pok\u00e9mon's true level\n|\n|t:|1781432536\n|teamsize|p1|6\n|teamsize|p2|6\n|start\n|switch|p1a: Mimikyu|Mimikyu, L79, M|216/216\n|switch|p2a: Veluza|Veluza, L85, M|292/292\n|turn|1\n|\n|t:|1781432559\n|switch|p2a: Orthworm|Orthworm, L88, M|266/266\n|move|p1a: Mimikyu|Swords Dance|p1a: Mimikyu\n|-boost|p1a: Mimikyu|atk|2\n|\n|upkeep\n|turn|2\n|\n|t:|1781432591\n|move|p1a: Mimikyu|Swords Dance|p1a: Mimikyu\n|-boost|p1a: Mimikyu|atk|2\n|move|p2a: Orthworm|Coil|p2a: Orthworm\n|-boost|p2a: Orthworm|atk|1\n|-boost|p2a: Orthworm|def|1\n|-boost|p2a: Orthworm|accuracy|1\n|\n|upkeep\n|turn|3\n|\n|t:|1781432606\n|move|p1a: Mimikyu|Swords Dance|p1a: Mimikyu\n|-boost|p1a: Mimikyu|atk|2\n|move|p2a: Orthworm|Coil|p2a: Orthworm\n|-boost|p2a: Orthworm|atk|1\n|-boost|p2a: Orthworm|def|1\n|-boost|p2a: Orthworm|accuracy|1\n|\n|upkeep\n|turn|4\n|\n|t:|1781432613\n|move|p1a: Mimikyu|Shadow Claw|p2a: Orthworm\n|-damage|p2a: Orthworm|169/266\n|-damage|p1a: Mimikyu|195/216|[from] item: Life Orb\n|move|p2a: Orthworm|Coil|p2a: Orthworm\n|-boost|p2a: Orthworm|atk|1\n|-boost|p2a: Orthworm|def|1\n|-boost|p2a: Orthworm|accuracy|1\n|\n|upkeep\n|turn|5\n|\n|t:|1781432624\n|move|p1a: Mimikyu|Shadow Claw|p2a: Orthworm\n|-damage|p2a: Orthworm|86/266\n|-damage|p1a: Mimikyu|174/216|[from] item: Life Orb\n|move|p2a: Orthworm|Coil|p2a: Orthworm\n|-boost|p2a: Orthworm|atk|1\n|-boost|p2a: Orthworm|def|1\n|-boost|p2a: Orthworm|accuracy|1\n|\n|upkeep\n|turn|6\n|\n|t:|1781432635\n|move|p1a: Mimikyu|Shadow Claw|p2a: Orthworm\n|-damage|p2a: Orthworm|15/266\n|-damage|p1a: Mimikyu|153/216|[from] item: Life Orb\n|move|p2a: Orthworm|Rest|p2a: Orthworm\n|-status|p2a: Orthworm|slp|[from] move: Rest\n|-heal|p2a: Orthworm|266/266 slp|[silent]\n|-enditem|p2a: Orthworm|Chesto Berry|[eat]\n|-curestatus|p2a: Orthworm|slp|[msg]\n|\n|upkeep\n|turn|7\n|\n|t:|1781432645\n|move|p1a: Mimikyu|Shadow Claw|p2a: Orthworm\n|-damage|p2a: Orthworm|200/266\n|-damage|p1a: Mimikyu|132/216|[from] item: Life Orb\n|move|p2a: Orthworm|Iron Tail|p1a: Mimikyu\n|-activate|p1a: Mimikyu|ability: Disguise\n|-damage|p1a: Mimikyu|132/216\n|-unboost|p1a: Mimikyu|def|1\n|detailschange|p1a: Mimikyu|Mimikyu-Busted, L79, M\n|-damage|p1a: Mimikyu|105/216|[from] pokemon: Mimikyu-Busted\n|\n|upkeep\n|turn|8\n|\n|t:|1781432649\n|move|p1a: Mimikyu|Shadow Claw|p2a: Orthworm\n|-damage|p2a: Orthworm|129/266\n|-damage|p1a: Mimikyu|84/216|[from] item: Life Orb\n|move|p2a: Orthworm|Iron Tail|p1a: Mimikyu\n|-supereffective|p1a: Mimikyu\n|-damage|p1a: Mimikyu|0 fnt\n|faint|p1a: Mimikyu\n|\n|upkeep\n|\n|t:|1781432661\n|switch|p1a: Hypno|Hypno, L95, F|315/315\n|turn|9\n|\n|t:|1781432679\n|move|p1a: Hypno|Focus Blast|p2a: Orthworm\n|-supereffective|p2a: Orthworm\n|-damage|p2a: Orthworm|0 fnt\n|faint|p2a: Orthworm\n|\n|upkeep\n|inactive|Battle timer is ON: inactive players will automatically lose when time's up. (requested by green8Bit)\n|\n|t:|1781432719\n|switch|p2a: Magcargo|Magcargo, L95, F|268/268\n|turn|10\n|inactive|green8Bit has 120 seconds left.\n|inactive|Where is the hax has 120 seconds left.\n|\n|t:|1781432774\n|switch|p1a: Sudowoodo|Sudowoodo, L94, M|284/284\n|move|p2a: Magcargo|Yawn|p1a: Sudowoodo\n|-start|p1a: Sudowoodo|move: Yawn|[of] p2a: Magcargo\n|\n|upkeep\n|turn|11\n|inactive|Where is the hax has 90 seconds left.\n|inactive|green8Bit has 90 seconds left.\n|\n|t:|1781432816\n|switch|p2a: Veluza|Veluza, L85, M|292/292\n|switch|p1a: Hypno|Hypno, L95, F|315/315\n|\n|upkeep\n|turn|12\n|inactive|green8Bit has 90 seconds left.\n|\n|t:|1781432827\n|move|p1a: Hypno|Toxic|p2a: Veluza\n|-status|p2a: Veluza|tox\n|move|p2a: Veluza|Fillet Away|p2a: Veluza\n|-boost|p2a: Veluza|atk|2\n|-boost|p2a: Veluza|spa|2\n|-boost|p2a: Veluza|spe|2\n|-damage|p2a: Veluza|146/292 tox\n|-enditem|p2a: Veluza|Sitrus Berry|[eat]\n|-heal|p2a: Veluza|219/292 tox|[from] item: Sitrus Berry\n|\n|-damage|p2a: Veluza|201/292 tox|[from] psn\n|upkeep\n|turn|13\n|inactive|Where is the hax has 90 seconds left.\n|\n|t:|1781432850\n|move|p1a: Hypno|Protect|p1a: Hypno\n|-singleturn|p1a: Hypno|Protect\n|move|p2a: Veluza|Night Slash|p1a: Hypno\n|-activate|p1a: Hypno|move: Protect\n|\n|-damage|p2a: Veluza|165/292 tox|[from] psn\n|upkeep\n|turn|14\n|inactive|green8Bit has 90 seconds left.\n|inactive|Where is the hax has 60 seconds left.\n|\n|t:|1781432885\n|move|p1a: Hypno|Protect|p1a: Hypno\n|-singleturn|p1a: Hypno|Protect\n|move|p2a: Veluza|Aqua Cutter|p1a: Hypno\n|-activate|p1a: Hypno|move: Protect\n|\n|-damage|p2a: Veluza|111/292 tox|[from] psn\n|upkeep\n|turn|15\n|\n|t:|1781432896\n|move|p1a: Hypno|Protect||[still]\n|-fail|p1a: Hypno\n|move|p2a: Veluza|Aqua Cutter|p1a: Hypno\n|-crit|p1a: Hypno\n|-damage|p1a: Hypno|0 fnt\n|faint|p1a: Hypno\n|\n|-damage|p2a: Veluza|39/292 tox|[from] psn\n|upkeep\n|inactive|green8Bit has 60 seconds left.\n|\n|t:|1781432937\n|switch|p1a: Muk|Muk-Alola, L82, M|306/306\n|turn|16\n|\n|t:|1781432944\n|move|p1a: Muk|Shadow Sneak|p2a: Veluza\n|-supereffective|p2a: Veluza\n|-damage|p2a: Veluza|0 fnt\n|faint|p2a: Veluza\n|\n|upkeep\n|\n|t:|1781432957\n|switch|p2a: Magcargo|Magcargo, L95, F|268/268\n|turn|17\n|inactive|green8Bit has 60 seconds left.\n|\n|t:|1781432972\n|switch|p1a: Sudowoodo|Sudowoodo, L94, M|284/284\n|move|p2a: Magcargo|Lava Plume|p1a: Sudowoodo\n|-resisted|p1a: Sudowoodo\n|-damage|p1a: Sudowoodo|226/284\n|\n|upkeep\n|turn|18\n|inactive|green8Bit has 60 seconds left.\n|\n|t:|1781432996\n|move|p2a: Magcargo|Lava Plume|p1a: Sudowoodo\n|-resisted|p1a: Sudowoodo\n|-damage|p1a: Sudowoodo|166/284\n|move|p1a: Sudowoodo|Head Smash|p2a: Magcargo\n|-supereffective|p2a: Magcargo\n|-damage|p2a: Magcargo|0 fnt\n|-status|p1a: Sudowoodo|brn|[from] ability: Flame Body|[of] p2a: Magcargo\n|faint|p2a: Magcargo\n|\n|-damage|p1a: Sudowoodo|149/284 brn|[from] brn\n|upkeep\n|\n|t:|1781433003\n|switch|p2a: Victreebel|Victreebel, L90, M|290/290\n|turn|19\n|\n|t:|1781433009\n|move|p2a: Victreebel|Swords Dance|p2a: Victreebel\n|-boost|p2a: Victreebel|atk|2\n|move|p1a: Sudowoodo|Head Smash|p2a: Victreebel\n|-damage|p2a: Victreebel|124/290\n|\n|-damage|p1a: Sudowoodo|132/284 brn|[from] brn\n|upkeep\n|turn|20\n|\n|t:|1781433021\n|move|p2a: Victreebel|Power Whip|p1a: Sudowoodo\n|-supereffective|p1a: Sudowoodo\n|-damage|p1a: Sudowoodo|0 fnt\n|faint|p1a: Sudowoodo\n|-damage|p2a: Victreebel|95/290|[from] item: Life Orb\n|\n|upkeep\n|\n|t:|1781433040\n|switch|p1a: Muk|Muk-Alola, L82, M|306/306\n|turn|21\n|inactive|green8Bit has 60 seconds left.\n|\n|t:|1781433059\n|move|p1a: Muk|Shadow Sneak|p2a: Victreebel\n|-damage|p2a: Victreebel|60/290\n|move|p2a: Victreebel|Power Whip|p1a: Muk\n|-resisted|p1a: Muk\n|-damage|p1a: Muk|72/306\n|-damage|p2a: Victreebel|31/290|[from] item: Life Orb\n|\n|upkeep\n|turn|22\n|inactive|Where is the hax has 90 seconds left.\n|\n|t:|1781433065\n|move|p2a: Victreebel|Sucker Punch|p1a: Muk\n|-resisted|p1a: Muk\n|-damage|p1a: Muk|0 fnt\n|faint|p1a: Muk\n|-damage|p2a: Victreebel|2/290|[from] item: Life Orb\n|\n|upkeep\n|inactive|green8Bit has 60 seconds left.\n|\n|t:|1781433092\n|switch|p1a: Pincurchin|Pincurchin, F|258/258\n|-fieldstart|move: Electric Terrain|[from] ability: Electric Surge|[of] p1a: Pincurchin\n|turn|23\n|\n|t:|1781433101\n|switch|p1a: Farigiraf|Farigiraf, L90, F|362/362\n|move|p2a: Victreebel|Poison Jab|p1a: Farigiraf\n|-damage|p1a: Farigiraf|81/362\n|-status|p1a: Farigiraf|psn\n|-damage|p2a: Victreebel|0 fnt|[from] item: Life Orb\n|faint|p2a: Victreebel\n|\n|-heal|p1a: Farigiraf|103/362 psn|[from] item: Leftovers\n|-damage|p1a: Farigiraf|58/362 psn|[from] psn\n|upkeep\n|inactive|Where is the hax has 90 seconds left.\n|\n|t:|1781433123\n|switch|p2a: Flutter Mane|Flutter Mane, L74|203/203\n|turn|24\n|inactive|green8Bit has 60 seconds left.\n|\n|t:|1781433129\n|move|p2a: Flutter Mane|Moonblast|p1a: Farigiraf\n|-damage|p1a: Farigiraf|0 fnt\n|faint|p1a: Farigiraf\n|-damage|p2a: Flutter Mane|183/203|[from] item: Life Orb\n|\n|upkeep\n|\n|t:|1781433130\n|switch|p1a: Pincurchin|Pincurchin, F|258/258\n|turn|25\n|\n|t:|1781433146\n|move|p2a: Flutter Mane|Moonblast|p1a: Pincurchin\n|-damage|p1a: Pincurchin|149/258\n|-damage|p2a: Flutter Mane|163/203|[from] item: Life Orb\n|move|p1a: Pincurchin|Zing Zap|p2a: Flutter Mane\n|-damage|p2a: Flutter Mane|0 fnt\n|faint|p2a: Flutter Mane\n|-end|p2a: Flutter Mane|Protosynthesis|[silent]\n|\n|-heal|p1a: Pincurchin|165/258|[from] item: Leftovers\n|upkeep\n|\n|t:|1781433149\n|switch|p2a: Klawf|Klawf, L90, M|272/272\n|turn|26\n|inactive|green8Bit has 60 seconds left.\n|\n|t:|1781433181\n|-terastallize|p1a: Pincurchin|Water\n|move|p2a: Klawf|High Horsepower|p1a: Pincurchin\n|-damage|p1a: Pincurchin|103/258\n|move|p1a: Pincurchin|Recover|p1a: Pincurchin\n|-heal|p1a: Pincurchin|232/258\n|\n|-heal|p1a: Pincurchin|248/258|[from] item: Leftovers\n|upkeep\n|turn|27\n|inactive|green8Bit has 60 seconds left.\n|\n|t:|1781433210\n|move|p2a: Klawf|High Horsepower|p1a: Pincurchin\n|-damage|p1a: Pincurchin|185/258\n|move|p1a: Pincurchin|Curse|p1a: Pincurchin\n|-unboost|p1a: Pincurchin|spe|1\n|-boost|p1a: Pincurchin|atk|1\n|-boost|p1a: Pincurchin|def|1\n|\n|-heal|p1a: Pincurchin|201/258|[from] item: Leftovers\n|-fieldend|move: Electric Terrain\n|upkeep\n|turn|28\n|inactive|Where is the hax has 120 seconds left.\n|\n|t:|1781433221\n|-terastallize|p2a: Klawf|Water\n|move|p2a: Klawf|High Horsepower|p1a: Pincurchin\n|-damage|p1a: Pincurchin|154/258\n|move|p1a: Pincurchin|Curse|p1a: Pincurchin\n|-unboost|p1a: Pincurchin|spe|1\n|-boost|p1a: Pincurchin|atk|1\n|-boost|p1a: Pincurchin|def|1\n|\n|-heal|p1a: Pincurchin|170/258|[from] item: Leftovers\n|upkeep\n|turn|29\n|\n|t:|1781433226\n|move|p2a: Klawf|High Horsepower|p1a: Pincurchin\n|-damage|p1a: Pincurchin|140/258\n|move|p1a: Pincurchin|Zing Zap|p2a: Klawf\n|-supereffective|p2a: Klawf\n|-damage|p2a: Klawf|0 fnt\n|faint|p2a: Klawf\n|\n|win|green8Bit\n|raw|green8Bit's rating: 2089 &rarr; <strong>2104</strong><br />(+15 for winning)\n|raw|Where is the hax's rating: 2008 &rarr; <strong>1993</strong><br />(-15 for losing)\n", "inputlog": ">version a8376a258c1d4662feba110a92103f3664a72141\n>start {\"formatid\":\"gen9randombattle\",\"seed\":\"sodium,ba9417d128cf5149c5807d5493f71dd0\",\"rated\":\"Rated battle\"}\n>player p1 {\"name\":\"green8Bit\",\"avatar\":\"102\",\"rating\":2089,\"seed\":\"sodium,01f8616eb4f4adecfcc61bba7c379281\"}\n>player p2 {\"name\":\"Where is the hax\",\"avatar\":\"266\",\"rating\":2008,\"seed\":\"sodium,5c1d1d0d24dfab45f8d98ea9122904d2\"}\n>p1 move swordsdance\n>p2 switch 3\n>p1 move swordsdance\n>p2 move coil\n>p1 move swordsdance\n>p2 move coil\n>p1 move shadowclaw\n>p2 move coil\n>p1 move shadowclaw\n>p2 move coil\n>p1 move shadowclaw\n>p2 move rest\n>p1 move shadowclaw\n>p2 move irontail\n>p1 move shadowclaw\n>p2 move irontail\n>p1 switch 3\n>p1 move focusblast\n>p2 move irontail\n>p2 switch 2\n>p1 switch 6\n>p2 move yawn\n>p1 switch 6\n>p2 switch 3\n>p1 move toxic\n>p2 move filletaway\n>p1 move protect\n>p2 move nightslash\n>p1 move protect\n>p2 move aquacutter\n>p1 move protect\n>p2 move aquacutter\n>p1 switch 5\n>p1 move shadowsneak\n>p2 move aquacutter\n>p2 switch 3\n>p1 switch 6\n>p2 move lavaplume\n>p1 move headsmash\n>p2 move lavaplume\n>p2 switch 5\n>p1 move headsmash\n>p2 move swordsdance\n>p1 move headsmash\n>p2 move powerwhip\n>p1 switch 6\n>p1 move shadowsneak\n>p2 move powerwhip\n>p1 move shadowsneak\n>p2 move suckerpunch\n>p1 switch 4\n>p1 switch 2\n>p2 move poisonjab\n>p2 switch 6\n>p1 move psychicnoise\n>p2 move moonblast\n>p1 switch 2\n>p1 move zingzap\n>p2 move moonblast\n>p2 switch 4\n>p1 move recover terastallize\n>p2 move highhorsepower\n>p1 move curse\n>p2 move highhorsepower\n>p1 move curse\n>p2 move highhorsepower terastallize\n>p1 move zingzap\n>p2 move highhorsepower", "uploadtime": 1781432538, "views": 5, "formatid": "gen9randombattle", "rating": 1993, "private": 0, "password": null}