{"id": "gen9randombattle-2631979185", "format": "[Gen 9] Random Battle", "players": ["gieedhhw", "pomodoropj"], "log": "|j|\u2606gieedhhw\n|j|\u2606pomodoropj\n|t:|1781462195\n|gametype|singles\n|player|p1|gieedhhw|policeman-gen4|1041\n|player|p2|pomodoropj|ingo|1084\n|gen|9\n|tier|[Gen 9] Random Battle\n|rated|\n|rule|Species Clause: Limit one of each Pok\u00e9mon\n|rule|HP Percentage Mod: HP is shown in percentages\n|rule|Sleep Clause Mod: Limit one foe put to sleep\n|rule|Illusion Level Mod: Illusion disguises the Pok\u00e9mon's true level\n|\n|t:|1781462195\n|teamsize|p1|6\n|teamsize|p2|6\n|start\n|switch|p1a: Girafarig|Girafarig, L89, F|269/269\n|switch|p2a: Gothitelle|Gothitelle, L90, M|272/272\n|turn|1\n|\n|t:|1781462213\n|move|p2a: Gothitelle|Dark Pulse|p1a: Girafarig\n|-supereffective|p1a: Girafarig\n|-damage|p1a: Girafarig|165/269\n|cant|p1a: Girafarig|flinch\n|\n|upkeep\n|turn|2\n|\n|t:|1781462236\n|move|p2a: Gothitelle|Dark Pulse|p1a: Girafarig\n|-supereffective|p1a: Girafarig\n|-damage|p1a: Girafarig|67/269\n|move|p1a: Girafarig|Shadow Ball|p2a: Gothitelle\n|-supereffective|p2a: Gothitelle\n|-damage|p2a: Gothitelle|174/272\n|\n|upkeep\n|turn|3\n|\n|t:|1781462257\n|move|p2a: Gothitelle|Dark Pulse|p1a: Girafarig\n|-supereffective|p1a: Girafarig\n|-damage|p1a: Girafarig|0 fnt\n|faint|p1a: Girafarig\n|\n|upkeep\n|\n|t:|1781462265\n|switch|p1a: Brambleghast|Brambleghast, L88, F|240/240\n|turn|4\n|\n|t:|1781462271\n|move|p2a: Gothitelle|Dark Pulse|p1a: Brambleghast\n|-supereffective|p1a: Brambleghast\n|-damage|p1a: Brambleghast|96/240\n|move|p1a: Brambleghast|Poltergeist|p2a: Gothitelle\n|-activate|p2a: Gothitelle|move: Poltergeist|Choice Scarf\n|-supereffective|p2a: Gothitelle\n|-damage|p2a: Gothitelle|0 fnt\n|faint|p2a: Gothitelle\n|\n|upkeep\n|\n|t:|1781462297\n|switch|p2a: Girafarig|Girafarig, L89, M|269/269\n|turn|5\n|\n|t:|1781462306\n|move|p1a: Brambleghast|Poltergeist|p2a: Girafarig\n|-immune|p2a: Girafarig\n|move|p2a: Girafarig|Psyshock|p1a: Brambleghast\n|-damage|p1a: Brambleghast|0 fnt\n|faint|p1a: Brambleghast\n|\n|upkeep\n|\n|t:|1781462324\n|switch|p1a: Arceus|Arceus-Rock, L74|300/300\n|turn|6\n|\n|t:|1781462365\n|switch|p2a: Milotic|Milotic, L83, M|293/293\n|-terastallize|p1a: Arceus|Ground\n|move|p1a: Arceus|Earth Power|p2a: Milotic\n|-damage|p2a: Milotic|226/293\n|\n|-heal|p2a: Milotic|244/293|[from] item: Leftovers\n|upkeep\n|turn|7\n|inactive|Battle timer is ON: inactive players will automatically lose when time's up. (requested by gieedhhw)\n|\n|t:|1781462392\n|switch|p1a: Dudunsparce|Dudunsparce, L83, F|343/343\n|move|p2a: Milotic|Ice Beam|p1a: Dudunsparce\n|-damage|p1a: Dudunsparce|270/343\n|\n|-heal|p2a: Milotic|262/293|[from] item: Leftovers\n|-heal|p1a: Dudunsparce|291/343|[from] item: Leftovers\n|upkeep\n|turn|8\n|\n|t:|1781462408\n|move|p2a: Milotic|Scald|p1a: Dudunsparce\n|-damage|p1a: Dudunsparce|191/343\n|-status|p1a: Dudunsparce|brn\n|move|p1a: Dudunsparce|Calm Mind|p1a: Dudunsparce\n|-boost|p1a: Dudunsparce|spa|1\n|-boost|p1a: Dudunsparce|spd|1\n|\n|-heal|p2a: Milotic|280/293|[from] item: Leftovers\n|-heal|p1a: Dudunsparce|212/343 brn|[from] item: Leftovers\n|-damage|p1a: Dudunsparce|191/343 brn|[from] brn\n|upkeep\n|turn|9\n|\n|t:|1781462425\n|move|p2a: Milotic|Haze|p2a: Milotic\n|-clearallboost\n|move|p1a: Dudunsparce|Calm Mind|p1a: Dudunsparce\n|-boost|p1a: Dudunsparce|spa|1\n|-boost|p1a: Dudunsparce|spd|1\n|\n|-heal|p2a: Milotic|293/293|[from] item: Leftovers\n|-heal|p1a: Dudunsparce|212/343 brn|[from] item: Leftovers\n|-damage|p1a: Dudunsparce|191/343 brn|[from] brn\n|upkeep\n|turn|10\n|\n|t:|1781462438\n|move|p2a: Milotic|Haze|p2a: Milotic\n|-clearallboost\n|move|p1a: Dudunsparce|Boomburst|p2a: Milotic\n|-damage|p2a: Milotic|182/293\n|\n|-heal|p2a: Milotic|200/293|[from] item: Leftovers\n|-heal|p1a: Dudunsparce|212/343 brn|[from] item: Leftovers\n|-damage|p1a: Dudunsparce|191/343 brn|[from] brn\n|upkeep\n|turn|11\n|\n|t:|1781462450\n|move|p2a: Milotic|Ice Beam|p1a: Dudunsparce\n|-damage|p1a: Dudunsparce|121/343 brn\n|move|p1a: Dudunsparce|Boomburst|p2a: Milotic\n|-damage|p2a: Milotic|89/293\n|\n|-heal|p2a: Milotic|107/293|[from] item: Leftovers\n|-heal|p1a: Dudunsparce|142/343 brn|[from] item: Leftovers\n|-damage|p1a: Dudunsparce|121/343 brn|[from] brn\n|upkeep\n|turn|12\n|\n|t:|1781462464\n|move|p2a: Milotic|Recover|p2a: Milotic\n|-heal|p2a: Milotic|254/293\n|move|p1a: Dudunsparce|Boomburst|p2a: Milotic\n|-damage|p2a: Milotic|154/293\n|\n|-heal|p2a: Milotic|172/293|[from] item: Leftovers\n|-heal|p1a: Dudunsparce|142/343 brn|[from] item: Leftovers\n|-damage|p1a: Dudunsparce|121/343 brn|[from] brn\n|upkeep\n|turn|13\n|\n|t:|1781462475\n|move|p2a: Milotic|Recover|p2a: Milotic\n|-heal|p2a: Milotic|293/293\n|move|p1a: Dudunsparce|Roost|p1a: Dudunsparce\n|-heal|p1a: Dudunsparce|293/343 brn\n|-singleturn|p1a: Dudunsparce|move: Roost\n|\n|-heal|p1a: Dudunsparce|314/343 brn|[from] item: Leftovers\n|-damage|p1a: Dudunsparce|293/343 brn|[from] brn\n|upkeep\n|turn|14\n|\n|t:|1781462493\n|move|p2a: Milotic|Ice Beam|p1a: Dudunsparce\n|-damage|p1a: Dudunsparce|217/343 brn\n|move|p1a: Dudunsparce|Calm Mind|p1a: Dudunsparce\n|-boost|p1a: Dudunsparce|spa|1\n|-boost|p1a: Dudunsparce|spd|1\n|\n|-heal|p1a: Dudunsparce|238/343 brn|[from] item: Leftovers\n|-damage|p1a: Dudunsparce|217/343 brn|[from] brn\n|upkeep\n|turn|15\n|inactive|pomodoropj has 120 seconds left.\n|\n|t:|1781462509\n|move|p2a: Milotic|Ice Beam|p1a: Dudunsparce\n|-damage|p1a: Dudunsparce|166/343 brn\n|move|p1a: Dudunsparce|Earth Power|p2a: Milotic\n|-crit|p2a: Milotic\n|-damage|p2a: Milotic|196/293\n|\n|-heal|p2a: Milotic|214/293|[from] item: Leftovers\n|-heal|p1a: Dudunsparce|187/343 brn|[from] item: Leftovers\n|-damage|p1a: Dudunsparce|166/343 brn|[from] brn\n|upkeep\n|turn|16\n|inactive|pomodoropj has 120 seconds left.\n|\n|t:|1781462520\n|move|p2a: Milotic|Ice Beam|p1a: Dudunsparce\n|-damage|p1a: Dudunsparce|120/343 brn\n|move|p1a: Dudunsparce|Roost|p1a: Dudunsparce\n|-heal|p1a: Dudunsparce|292/343 brn\n|-singleturn|p1a: Dudunsparce|move: Roost\n|\n|-heal|p2a: Milotic|232/293|[from] item: Leftovers\n|-heal|p1a: Dudunsparce|313/343 brn|[from] item: Leftovers\n|-damage|p1a: Dudunsparce|292/343 brn|[from] brn\n|upkeep\n|turn|17\n|\n|t:|1781462534\n|move|p2a: Milotic|Haze|p2a: Milotic\n|-clearallboost\n|move|p1a: Dudunsparce|Earth Power|p2a: Milotic\n|-damage|p2a: Milotic|186/293\n|\n|-heal|p2a: Milotic|204/293|[from] item: Leftovers\n|-heal|p1a: Dudunsparce|313/343 brn|[from] item: Leftovers\n|-damage|p1a: Dudunsparce|292/343 brn|[from] brn\n|upkeep\n|turn|18\n|\n|t:|1781462548\n|move|p2a: Milotic|Ice Beam|p1a: Dudunsparce\n|-damage|p1a: Dudunsparce|215/343 brn\n|move|p1a: Dudunsparce|Earth Power|p2a: Milotic\n|-damage|p2a: Milotic|159/293\n|\n|-heal|p2a: Milotic|177/293|[from] item: Leftovers\n|-heal|p1a: Dudunsparce|236/343 brn|[from] item: Leftovers\n|-damage|p1a: Dudunsparce|215/343 brn|[from] brn\n|upkeep\n|turn|19\n|\n|t:|1781462561\n|move|p2a: Milotic|Ice Beam|p1a: Dudunsparce\n|-damage|p1a: Dudunsparce|146/343 brn\n|move|p1a: Dudunsparce|Boomburst|p2a: Milotic\n|-damage|p2a: Milotic|83/293\n|\n|-heal|p2a: Milotic|101/293|[from] item: Leftovers\n|-heal|p1a: Dudunsparce|167/343 brn|[from] item: Leftovers\n|-damage|p1a: Dudunsparce|146/343 brn|[from] brn\n|upkeep\n|turn|20\n|\n|t:|1781462572\n|move|p2a: Milotic|Recover|p2a: Milotic\n|-heal|p2a: Milotic|248/293\n|move|p1a: Dudunsparce|Roost|p1a: Dudunsparce\n|-heal|p1a: Dudunsparce|318/343 brn\n|-singleturn|p1a: Dudunsparce|move: Roost\n|\n|-heal|p2a: Milotic|266/293|[from] item: Leftovers\n|-heal|p1a: Dudunsparce|339/343 brn|[from] item: Leftovers\n|-damage|p1a: Dudunsparce|318/343 brn|[from] brn\n|upkeep\n|turn|21\n|\n|t:|1781462584\n|move|p2a: Milotic|Ice Beam|p1a: Dudunsparce\n|-damage|p1a: Dudunsparce|240/343 brn\n|move|p1a: Dudunsparce|Boomburst|p2a: Milotic\n|-damage|p2a: Milotic|169/293\n|\n|-heal|p2a: Milotic|187/293|[from] item: Leftovers\n|-heal|p1a: Dudunsparce|261/343 brn|[from] item: Leftovers\n|-damage|p1a: Dudunsparce|240/343 brn|[from] brn\n|upkeep\n|turn|22\n|\n|t:|1781462594\n|move|p2a: Milotic|Ice Beam|p1a: Dudunsparce\n|-damage|p1a: Dudunsparce|168/343 brn\n|move|p1a: Dudunsparce|Calm Mind|p1a: Dudunsparce\n|-boost|p1a: Dudunsparce|spa|1\n|-boost|p1a: Dudunsparce|spd|1\n|\n|-heal|p2a: Milotic|205/293|[from] item: Leftovers\n|-heal|p1a: Dudunsparce|189/343 brn|[from] item: Leftovers\n|-damage|p1a: Dudunsparce|168/343 brn|[from] brn\n|upkeep\n|turn|23\n|\n|t:|1781462605\n|move|p2a: Milotic|Haze|p2a: Milotic\n|-clearallboost\n|move|p1a: Dudunsparce|Boomburst|p2a: Milotic\n|-damage|p2a: Milotic|112/293\n|\n|-heal|p2a: Milotic|130/293|[from] item: Leftovers\n|-heal|p1a: Dudunsparce|189/343 brn|[from] item: Leftovers\n|-damage|p1a: Dudunsparce|168/343 brn|[from] brn\n|upkeep\n|turn|24\n|\n|t:|1781462615\n|move|p2a: Milotic|Recover|p2a: Milotic\n|-heal|p2a: Milotic|277/293\n|move|p1a: Dudunsparce|Boomburst|p2a: Milotic\n|-damage|p2a: Milotic|180/293\n|\n|-heal|p2a: Milotic|198/293|[from] item: Leftovers\n|-heal|p1a: Dudunsparce|189/343 brn|[from] item: Leftovers\n|-damage|p1a: Dudunsparce|168/343 brn|[from] brn\n|upkeep\n|turn|25\n|\n|t:|1781462631\n|move|p2a: Milotic|Ice Beam|p1a: Dudunsparce\n|-damage|p1a: Dudunsparce|96/343 brn\n|move|p1a: Dudunsparce|Boomburst|p2a: Milotic\n|-damage|p2a: Milotic|92/293\n|\n|-heal|p2a: Milotic|110/293|[from] item: Leftovers\n|-heal|p1a: Dudunsparce|117/343 brn|[from] item: Leftovers\n|-damage|p1a: Dudunsparce|96/343 brn|[from] brn\n|upkeep\n|turn|26\n|inactive|pomodoropj has 120 seconds left.\n|\n|t:|1781462661\n|-terastallize|p2a: Milotic|Steel\n|move|p2a: Milotic|Recover|p2a: Milotic\n|-heal|p2a: Milotic|257/293\n|move|p1a: Dudunsparce|Roost|p1a: Dudunsparce\n|-heal|p1a: Dudunsparce|268/343 brn\n|-singleturn|p1a: Dudunsparce|move: Roost\n|\n|-heal|p2a: Milotic|275/293|[from] item: Leftovers\n|-heal|p1a: Dudunsparce|289/343 brn|[from] item: Leftovers\n|-damage|p1a: Dudunsparce|268/343 brn|[from] brn\n|upkeep\n|turn|27\n|inactive|pomodoropj has 120 seconds left.\n|\n|t:|1781462676\n|switch|p1a: Ho-Oh|Ho-Oh, L71|268/268\n|move|p2a: Milotic|Ice Beam|p1a: Ho-Oh\n|-damage|p1a: Ho-Oh|217/268\n|\n|-heal|p2a: Milotic|293/293|[from] item: Leftovers\n|upkeep\n|turn|28\n|inactive|pomodoropj has 120 seconds left.\n|\n|t:|1781462708\n|switch|p2a: Electrode|Electrode-Hisui, L87|246/246\n|move|p1a: Ho-Oh|Sacred Fire|p2a: Electrode\n|-supereffective|p2a: Electrode\n|-damage|p2a: Electrode|18/246\n|-status|p2a: Electrode|brn\n|\n|-heal|p2a: Electrode|33/246 brn|[from] item: Leftovers\n|-damage|p2a: Electrode|18/246 brn|[from] brn\n|upkeep\n|turn|29\n|inactive|pomodoropj has 90 seconds left.\n|\n|t:|1781462723\n|move|p2a: Electrode|Thunderbolt|p1a: Ho-Oh\n|-supereffective|p1a: Ho-Oh\n|-damage|p1a: Ho-Oh|89/268\n|move|p1a: Ho-Oh|Brave Bird|p2a: Electrode\n|-damage|p2a: Electrode|0 fnt\n|faint|p2a: Electrode\n|-damage|p1a: Ho-Oh|83/268|[from] Recoil\n|\n|upkeep\n|inactive|pomodoropj has 90 seconds left.\n|\n|t:|1781462739\n|switch|p2a: Girafarig|Girafarig, L89, M|269/269\n|turn|30\n|\n|t:|1781462744\n|switch|p1a: Arceus|Arceus-Rock, L74, tera:Ground|300/300\n|move|p2a: Girafarig|Thunderbolt|p1a: Arceus\n|-immune|p1a: Arceus\n|\n|upkeep\n|turn|31\n|inactive|pomodoropj has 90 seconds left.\n|\n|t:|1781462770\n|switch|p2a: Brambleghast|Brambleghast, L88, M|240/240\n|move|p1a: Arceus|Judgment|p2a: Brambleghast\n|-damage|p2a: Brambleghast|108/240\n|\n|-heal|p2a: Brambleghast|123/240|[from] item: Leftovers\n|upkeep\n|turn|32\n|\n|t:|1781462779\n|move|p1a: Arceus|Earth Power|p2a: Brambleghast\n|-resisted|p2a: Brambleghast\n|-damage|p2a: Brambleghast|70/240\n|-unboost|p2a: Brambleghast|spd|1\n|move|p2a: Brambleghast|Leech Seed|p1a: Arceus\n|-start|p1a: Arceus|move: Leech Seed\n|\n|-heal|p2a: Brambleghast|85/240|[from] item: Leftovers\n|-damage|p1a: Arceus|263/300|[from] Leech Seed|[of] p2a: Brambleghast\n|-heal|p2a: Brambleghast|122/240|[silent]\n|upkeep\n|turn|33\n|\n|t:|1781462796\n|move|p1a: Arceus|Judgment|p2a: Brambleghast\n|-damage|p2a: Brambleghast|0 fnt\n|faint|p2a: Brambleghast\n|\n|upkeep\n|\n|t:|1781462806\n|switch|p2a: Milotic|Milotic, L83, M, tera:Steel|293/293\n|turn|34\n|\n|t:|1781462812\n|move|p1a: Arceus|Judgment|p2a: Milotic\n|-resisted|p2a: Milotic\n|-damage|p2a: Milotic|249/293\n|move|p2a: Milotic|Scald|p1a: Arceus\n|-supereffective|p1a: Arceus\n|-damage|p1a: Arceus|113/300\n|-status|p1a: Arceus|brn\n|\n|-heal|p2a: Milotic|267/293|[from] item: Leftovers\n|-damage|p1a: Arceus|76/300 brn|[from] Leech Seed|[of] p2a: Milotic\n|-heal|p2a: Milotic|293/293|[silent]\n|-damage|p1a: Arceus|58/300 brn|[from] brn\n|upkeep\n|turn|35\n|inactive|pomodoropj has 90 seconds left.\n|\n|t:|1781462833\n|switch|p1a: Ho-Oh|Ho-Oh, L71|172/268\n|move|p2a: Milotic|Ice Beam|p1a: Ho-Oh\n|-damage|p1a: Ho-Oh|124/268\n|-status|p1a: Ho-Oh|frz\n|\n|upkeep\n|turn|36\n|\n|t:|1781462841\n|move|p2a: Milotic|Scald|p1a: Ho-Oh\n|-supereffective|p1a: Ho-Oh\n|-damage|p1a: Ho-Oh|0 fnt\n|faint|p1a: Ho-Oh\n|\n|upkeep\n|\n|t:|1781462849\n|switch|p1a: Gengar|Gengar, L81, M|230/230\n|turn|37\n|inactive|pomodoropj has 90 seconds left.\n|\n|t:|1781462878\n|switch|p2a: Urshifu|Urshifu, L74, F|270/270\n|move|p1a: Gengar|Shadow Ball|p2a: Urshifu\n|-resisted|p2a: Urshifu\n|-damage|p2a: Urshifu|173/270\n|-damage|p1a: Gengar|207/230|[from] item: Life Orb\n|\n|upkeep\n|turn|38\n|\n|t:|1781462895\n|move|p1a: Gengar|Toxic Spikes|p2a: Urshifu\n|-sidestart|p2: pomodoropj|move: Toxic Spikes\n|move|p2a: Urshifu|Wicked Blow|p1a: Gengar\n|-supereffective|p1a: Gengar\n|-crit|p1a: Gengar\n|-damage|p1a: Gengar|0 fnt\n|faint|p1a: Gengar\n|\n|upkeep\n|\n|t:|1781462904\n|switch|p1a: Dudunsparce|Dudunsparce, L83, F|268/343 brn\n|turn|39\n|\n|t:|1781462916\n|move|p2a: Urshifu|Wicked Blow|p1a: Dudunsparce\n|-crit|p1a: Dudunsparce\n|-damage|p1a: Dudunsparce|70/343 brn\n|-ability|p1a: Dudunsparce|Rattled|boost\n|-boost|p1a: Dudunsparce|spe|1\n|move|p1a: Dudunsparce|Boomburst|p2a: Urshifu\n|-damage|p2a: Urshifu|0 fnt\n|faint|p2a: Urshifu\n|\n|-heal|p1a: Dudunsparce|91/343 brn|[from] item: Leftovers\n|-damage|p1a: Dudunsparce|70/343 brn|[from] brn\n|upkeep\n|\n|t:|1781462928\n|switch|p2a: Milotic|Milotic, L83, M, tera:Steel|293/293\n|turn|40\n|\n|t:|1781462947\n|move|p1a: Dudunsparce|Roost|p1a: Dudunsparce\n|-heal|p1a: Dudunsparce|242/343 brn\n|-singleturn|p1a: Dudunsparce|move: Roost\n|move|p2a: Milotic|Ice Beam|p1a: Dudunsparce\n|-damage|p1a: Dudunsparce|165/343 brn\n|\n|-heal|p1a: Dudunsparce|186/343 brn|[from] item: Leftovers\n|-damage|p1a: Dudunsparce|165/343 brn|[from] brn\n|upkeep\n|turn|41\n|inactive|pomodoropj has 90 seconds left.\n|inactive|gieedhhw has 120 seconds left.\n|inactive|gieedhhw has 90 seconds left.\n|\n|t:|1781463013\n|move|p1a: Dudunsparce|Boomburst|p2a: Milotic\n|-resisted|p2a: Milotic\n|-damage|p2a: Milotic|242/293\n|move|p2a: Milotic|Ice Beam|p1a: Dudunsparce\n|-damage|p1a: Dudunsparce|89/343 brn\n|\n|-heal|p1a: Dudunsparce|110/343 brn|[from] item: Leftovers\n|-heal|p2a: Milotic|260/293|[from] item: Leftovers\n|-damage|p1a: Dudunsparce|89/343 brn|[from] brn\n|upkeep\n|turn|42\n|\n|t:|1781463024\n|move|p1a: Dudunsparce|Roost|p1a: Dudunsparce\n|-heal|p1a: Dudunsparce|261/343 brn\n|-singleturn|p1a: Dudunsparce|move: Roost\n|move|p2a: Milotic|Ice Beam|p1a: Dudunsparce\n|-damage|p1a: Dudunsparce|182/343 brn\n|\n|-heal|p1a: Dudunsparce|203/343 brn|[from] item: Leftovers\n|-heal|p2a: Milotic|278/293|[from] item: Leftovers\n|-damage|p1a: Dudunsparce|182/343 brn|[from] brn\n|upkeep\n|turn|43\n|\n|t:|1781463037\n|move|p1a: Dudunsparce|Earth Power|p2a: Milotic\n|-supereffective|p2a: Milotic\n|-damage|p2a: Milotic|192/293\n|move|p2a: Milotic|Ice Beam|p1a: Dudunsparce\n|-damage|p1a: Dudunsparce|103/343 brn\n|\n|-heal|p1a: Dudunsparce|124/343 brn|[from] item: Leftovers\n|-heal|p2a: Milotic|210/293|[from] item: Leftovers\n|-damage|p1a: Dudunsparce|103/343 brn|[from] brn\n|upkeep\n|turn|44\n|\n|t:|1781463048\n|move|p1a: Dudunsparce|Earth Power|p2a: Milotic\n|-supereffective|p2a: Milotic\n|-damage|p2a: Milotic|116/293\n|move|p2a: Milotic|Scald|p1a: Dudunsparce\n|-damage|p1a: Dudunsparce|12/343 brn\n|\n|-heal|p1a: Dudunsparce|33/343 brn|[from] item: Leftovers\n|-heal|p2a: Milotic|134/293|[from] item: Leftovers\n|-damage|p1a: Dudunsparce|12/343 brn|[from] brn\n|upkeep\n|turn|45\n|\n|t:|1781463060\n|move|p1a: Dudunsparce|Roost|p1a: Dudunsparce\n|-heal|p1a: Dudunsparce|184/343 brn\n|-singleturn|p1a: Dudunsparce|move: Roost\n|move|p2a: Milotic|Scald|p1a: Dudunsparce\n|-damage|p1a: Dudunsparce|82/343 brn\n|\n|-heal|p1a: Dudunsparce|103/343 brn|[from] item: Leftovers\n|-heal|p2a: Milotic|152/293|[from] item: Leftovers\n|-damage|p1a: Dudunsparce|82/343 brn|[from] brn\n|upkeep\n|turn|46\n|\n|t:|1781463076\n|move|p1a: Dudunsparce|Roost|p1a: Dudunsparce\n|-heal|p1a: Dudunsparce|254/343 brn\n|-singleturn|p1a: Dudunsparce|move: Roost\n|move|p2a: Milotic|Scald|p1a: Dudunsparce\n|-damage|p1a: Dudunsparce|151/343 brn\n|\n|-heal|p1a: Dudunsparce|172/343 brn|[from] item: Leftovers\n|-heal|p2a: Milotic|170/293|[from] item: Leftovers\n|-damage|p1a: Dudunsparce|151/343 brn|[from] brn\n|upkeep\n|turn|47\n|\n|t:|1781463089\n|move|p1a: Dudunsparce|Earth Power|p2a: Milotic\n|-supereffective|p2a: Milotic\n|-damage|p2a: Milotic|86/293\n|move|p2a: Milotic|Recover|p2a: Milotic\n|-heal|p2a: Milotic|233/293\n|\n|-heal|p1a: Dudunsparce|172/343 brn|[from] item: Leftovers\n|-heal|p2a: Milotic|251/293|[from] item: Leftovers\n|-damage|p1a: Dudunsparce|151/343 brn|[from] brn\n|upkeep\n|turn|48\n|\n|t:|1781463102\n|move|p1a: Dudunsparce|Earth Power|p2a: Milotic\n|-supereffective|p2a: Milotic\n|-damage|p2a: Milotic|169/293\n|move|p2a: Milotic|Scald|p1a: Dudunsparce\n|-damage|p1a: Dudunsparce|46/343 brn\n|\n|-heal|p1a: Dudunsparce|67/343 brn|[from] item: Leftovers\n|-heal|p2a: Milotic|187/293|[from] item: Leftovers\n|-damage|p1a: Dudunsparce|46/343 brn|[from] brn\n|upkeep\n|turn|49\n|inactive|gieedhhw has 60 seconds left.\n|\n|t:|1781463148\n|move|p1a: Dudunsparce|Earth Power|p2a: Milotic\n|-supereffective|p2a: Milotic\n|-damage|p2a: Milotic|95/293\n|move|p2a: Milotic|Recover|p2a: Milotic\n|-heal|p2a: Milotic|242/293\n|\n|-heal|p1a: Dudunsparce|67/343 brn|[from] item: Leftovers\n|-heal|p2a: Milotic|260/293|[from] item: Leftovers\n|-damage|p1a: Dudunsparce|46/343 brn|[from] brn\n|upkeep\n|turn|50\n|inactive|gieedhhw has 30 seconds left.\n|\n|t:|1781463171\n|move|p1a: Dudunsparce|Earth Power|p2a: Milotic\n|-supereffective|p2a: Milotic\n|-damage|p2a: Milotic|178/293\n|move|p2a: Milotic|Scald|p1a: Dudunsparce\n|-damage|p1a: Dudunsparce|0 fnt\n|faint|p1a: Dudunsparce\n|\n|-heal|p2a: Milotic|196/293|[from] item: Leftovers\n|upkeep\n|inactive|gieedhhw has 30 seconds left.\n|\n|t:|1781463182\n|switch|p1a: Arceus|Arceus-Rock, L74, tera:Ground|58/300 brn\n|turn|51\n|inactive|pomodoropj has 90 seconds left.\n|\n|t:|1781463187\n|move|p1a: Arceus|Judgment|p2a: Milotic\n|-resisted|p2a: Milotic\n|-damage|p2a: Milotic|153/293\n|move|p2a: Milotic|Scald|p1a: Arceus\n|-supereffective|p1a: Arceus\n|-damage|p1a: Arceus|0 fnt\n|faint|p1a: Arceus\n|\n|win|pomodoropj\n|raw|gieedhhw's rating: 1041 &rarr; <strong>1027</strong><br />(-14 for losing)\n|raw|pomodoropj's rating: 1084 &rarr; <strong>1108</strong><br />(+24 for winning)\n|l|\u2606gieedhhw\n|player|p1|\n|c|\u2606pomodoropj|\ud83e\udd40\n", "inputlog": ">version a8376a258c1d4662feba110a92103f3664a72141\n>start {\"formatid\":\"gen9randombattle\",\"seed\":\"sodium,46cc430f0bf01e55d0b04ca701b96689\",\"rated\":\"Rated battle\"}\n>player p1 {\"name\":\"gieedhhw\",\"avatar\":\"policeman-gen4\",\"rating\":1041,\"seed\":\"sodium,c683c3f7c9ecacbc71bba654b35809dc\"}\n>player p2 {\"name\":\"pomodoropj\",\"avatar\":\"ingo\",\"rating\":1084,\"seed\":\"sodium,0e0815e2f307646a0430486282dd0b60\"}\n>p1 move psychic\n>p2 move darkpulse\n>p1 move shadowball\n>p2 move darkpulse\n>p1 move shadowball\n>p2 move darkpulse\n>p1 switch 3\n>p1 move poltergeist\n>p2 move darkpulse\n>p2 switch 2\n>p1 move poltergeist\n>p2 move psyshock\n>p1 switch 6\n>p1 move earthpower terastallize\n>p2 switch 4\n>p1 switch 5\n>p2 move icebeam\n>p1 move calmmind\n>p2 move scald\n>p1 move calmmind\n>p2 move haze\n>p1 move boomburst\n>p2 move haze\n>p1 move boomburst\n>p2 move icebeam\n>p1 move boomburst\n>p2 move recover\n>p1 move roost\n>p2 move recover\n>p1 move calmmind\n>p2 move icebeam\n>p1 move earthpower\n>p2 move icebeam\n>p1 move roost\n>p2 move icebeam\n>p1 move earthpower\n>p2 move haze\n>p1 move earthpower\n>p2 move icebeam\n>p1 move boomburst\n>p2 move icebeam\n>p1 move roost\n>p2 move recover\n>p1 move boomburst\n>p2 move icebeam\n>p1 move calmmind\n>p2 move icebeam\n>p1 move boomburst\n>p2 move haze\n>p1 move boomburst\n>p2 move recover\n>p1 move boomburst\n>p2 move icebeam\n>p1 move roost\n>p2 move recover terastallize\n>p1 switch 2\n>p2 move icebeam\n>p1 move sacredfire\n>p2 switch 5\n>p1 move bravebird\n>p2 move thunderbolt\n>p2 switch 4\n>p1 switch 5\n>p2 move thunderbolt\n>p1 move judgment\n>p2 switch 6\n>p1 move earthpower\n>p2 move leechseed\n>p1 move judgment\n>p2 move powerwhip\n>p2 switch 5\n>p1 move judgment\n>p2 move scald\n>p1 switch 5\n>p2 move icebeam\n>p1 move sacredfire\n>p2 move scald\n>p1 switch 4\n>p1 move shadowball\n>p2 switch 3\n>p1 move toxicspikes\n>p2 move wickedblow\n>p1 switch 2\n>p1 move boomburst\n>p2 move wickedblow\n>p2 switch 3\n>p1 move roost\n>p2 move icebeam\n>p1 move boomburst\n>p2 move icebeam\n>p1 move roost\n>p2 move icebeam\n>p1 move earthpower\n>p2 move icebeam\n>p1 move earthpower\n>p2 move scald\n>p1 move roost\n>p2 move scald\n>p1 move roost\n>p2 move scald\n>p1 move earthpower\n>p2 move recover\n>p1 move earthpower\n>p2 move scald\n>p1 move earthpower\n>p2 move recover\n>p1 move earthpower\n>p2 move scald\n>p1 switch 5\n>p1 move judgment\n>p2 move scald", "uploadtime": 1781463214, "views": 5, "formatid": "gen9randombattle", "rating": 1027, "private": 0, "password": null, "player_dets": [{"name": "gieedhhw", "avatar": "policeman-gen4", "rating": 1041, "seed": "sodium,c683c3f7c9ecacbc71bba654b35809dc"}, {"name": "pomodoropj", "avatar": "ingo", "rating": 1084, "seed": "sodium,0e0815e2f307646a0430486282dd0b60"}], "teams_full": [{"Girafarig": {"name": "Girafarig", "species": "Girafarig", "speciesId": "girafarig", "gender": "F", "shiny": false, "level": 89, "moves": ["shadowball", "thunderbolt", "nastyplot", "psychic"], "ability": "Sap Sipper", "evs": {"hp": 85, "atk": 0, "def": 85, "spa": 85, "spd": 85, "spe": 85}, "ivs": {"hp": 31, "atk": 0, "def": 31, "spa": 31, "spd": 31, "spe": 31}, "item": "Eviolite", "teraType": "Psychic", "role": "Bulky Setup", "bvs": {"hp": 70, "atk": 80, "def": 65, "spa": 90, "spd": 65, "spe": 85}, "stats": {"hp": 269, "atk": 147, "def": 166, "spa": 211, "spd": 166, "spe": 202}, "types": ["Normal", "Psychic"]}, "Ho-Oh": {"name": "Ho-Oh", "species": "Ho-Oh", "speciesId": "hooh", "gender": "N", "shiny": false, "level": 71, "moves": ["recover", "earthquake", "bravebird", "sacredfire"], "ability": "Regenerator", "evs": {"hp": 85, "atk": 85, "def": 85, "spa": 85, "spd": 85, "spe": 85}, "ivs": {"hp": 31, "atk": 31, "def": 31, "spa": 31, "spd": 31, "spe": 31}, "item": "Heavy-Duty Boots", "teraType": "Ground", "role": "Bulky Attacker", "bvs": {"hp": 106, "atk": 130, "def": 90, "spa": 110, "spd": 154, "spe": 90}, "stats": {"hp": 268, "atk": 226, "def": 169, "spa": 198, "spd": 260, "spe": 169}, "types": ["Fire", "Flying"]}, "Brambleghast": {"name": "Brambleghast", "species": "Brambleghast", "speciesId": "brambleghast", "gender": "F", "shiny": false, "level": 88, "moves": ["strengthsap", "poltergeist", "powerwhip", "rapidspin"], "ability": "Wind Rider", "evs": {"hp": 85, "atk": 85, "def": 85, "spa": 85, "spd": 85, "spe": 85}, "ivs": {"hp": 31, "atk": 31, "def": 31, "spa": 31, "spd": 31, "spe": 31}, "item": "Heavy-Duty Boots", "teraType": "Water", "role": "Fast Support", "bvs": {"hp": 55, "atk": 115, "def": 70, "spa": 80, "spd": 70, "spe": 90}, "stats": {"hp": 240, "atk": 253, "def": 173, "spa": 191, "spd": 173, "spe": 209}, "types": ["Grass", "Ghost"]}, "Gengar": {"name": "Gengar", "species": "Gengar", "speciesId": "gengar", "gender": "M", "shiny": false, "level": 81, "moves": ["toxicspikes", "encore", "shadowball", "sludgewave"], "ability": "Cursed Body", "evs": {"hp": 85, "atk": 0, "def": 85, "spa": 85, "spd": 85, "spe": 85}, "ivs": {"hp": 31, "atk": 0, "def": 31, "spa": 31, "spd": 31, "spe": 31}, "item": "Life Orb", "teraType": "Ghost", "role": "Fast Attacker", "bvs": {"hp": 60, "atk": 65, "def": 60, "spa": 130, "spd": 75, "spe": 110}, "stats": {"hp": 230, "atk": 110, "def": 144, "spa": 257, "spd": 168, "spe": 225}, "types": ["Ghost", "Poison"]}, "Dudunsparce": {"name": "Dudunsparce", "species": "Dudunsparce", "speciesId": "dudunsparce", "gender": "F", "shiny": false, "level": 83, "moves": ["boomburst", "earthpower", "calmmind", "roost"], "ability": "Rattled", "evs": {"hp": 85, "atk": 0, "def": 85, "spa": 85, "spd": 85, "spe": 85}, "ivs": {"hp": 31, "atk": 0, "def": 31, "spa": 31, "spd": 31, "spe": 31}, "item": "Leftovers", "teraType": "Poison", "role": "Bulky Setup", "bvs": {"hp": 125, "atk": 100, "def": 80, "spa": 85, "spd": 75, "spe": 55}, "stats": {"hp": 343, "atk": 171, "def": 180, "spa": 189, "spd": 172, "spe": 139}, "types": ["Normal"]}, "Arceus": {"name": "Arceus", "species": "Arceus-Rock", "speciesId": "arceusrock", "gender": "N", "shiny": false, "level": 74, "moves": ["recover", "calmmind", "earthpower", "judgment"], "ability": "Multitype", "evs": {"hp": 85, "atk": 0, "def": 85, "spa": 85, "spd": 85, "spe": 85}, "ivs": {"hp": 31, "atk": 0, "def": 31, "spa": 31, "spd": 31, "spe": 31}, "item": "Stone Plate", "teraType": "Ground", "role": "Bulky Setup", "bvs": {"hp": 120, "atk": 120, "def": 120, "spa": 120, "spd": 120, "spe": 120}, "stats": {"hp": 300, "atk": 182, "def": 221, "spa": 221, "spd": 221, "spe": 221}, "types": ["Rock"]}}, {"Gothitelle": {"name": "Gothitelle", "species": "Gothitelle", "speciesId": "gothitelle", "gender": "M", "shiny": false, "level": 90, "moves": ["trick", "darkpulse", "focusblast", "psychic"], "ability": "Shadow Tag", "evs": {"hp": 85, "atk": 0, "def": 85, "spa": 85, "spd": 85, "spe": 85}, "ivs": {"hp": 31, "atk": 0, "def": 31, "spa": 31, "spd": 31, "spe": 31}, "item": "Choice Scarf", "teraType": "Flying", "role": "Fast Attacker", "bvs": {"hp": 70, "atk": 55, "def": 95, "spa": 95, "spd": 110, "spe": 65}, "stats": {"hp": 272, "atk": 104, "def": 222, "spa": 222, "spd": 249, "spe": 168}, "types": ["Psychic"]}, "Girafarig": {"name": "Girafarig", "species": "Girafarig", "speciesId": "girafarig", "gender": "M", "shiny": false, "level": 89, "moves": ["nastyplot", "psyshock", "hypervoice", "thunderbolt"], "ability": "Sap Sipper", "evs": {"hp": 85, "atk": 0, "def": 85, "spa": 85, "spd": 85, "spe": 85}, "ivs": {"hp": 31, "atk": 0, "def": 31, "spa": 31, "spd": 31, "spe": 31}, "item": "Eviolite", "teraType": "Electric", "role": "Fast Bulky Setup", "bvs": {"hp": 70, "atk": 80, "def": 65, "spa": 90, "spd": 65, "spe": 85}, "stats": {"hp": 269, "atk": 147, "def": 166, "spa": 211, "spd": 166, "spe": 202}, "types": ["Normal", "Psychic"]}, "Urshifu": {"name": "Urshifu", "species": "Urshifu", "speciesId": "urshifu", "gender": "F", "shiny": false, "level": 74, "moves": ["wickedblow", "suckerpunch", "poisonjab", "closecombat"], "ability": "Unseen Fist", "evs": {"hp": 85, "atk": 85, "def": 85, "spa": 85, "spd": 85, "spe": 85}, "ivs": {"hp": 31, "atk": 31, "def": 31, "spa": 31, "spd": 31, "spe": 31}, "item": "Choice Band", "teraType": "Poison", "role": "Fast Attacker", "bvs": {"hp": 100, "atk": 130, "def": 100, "spa": 63, "spd": 60, "spe": 97}, "stats": {"hp": 270, "atk": 235, "def": 191, "spa": 136, "spd": 132, "spe": 187}, "types": ["Fighting", "Dark"]}, "Milotic": {"name": "Milotic", "species": "Milotic", "speciesId": "milotic", "gender": "M", "shiny": false, "level": 83, "moves": ["haze", "recover", "scald", "icebeam"], "ability": "Competitive", "evs": {"hp": 85, "atk": 0, "def": 85, "spa": 85, "spd": 85, "spe": 85}, "ivs": {"hp": 31, "atk": 0, "def": 31, "spa": 31, "spd": 31, "spe": 31}, "item": "Leftovers", "teraType": "Steel", "role": "Bulky Attacker", "bvs": {"hp": 95, "atk": 60, "def": 79, "spa": 100, "spd": 125, "spe": 81}, "stats": {"hp": 293, "atk": 104, "def": 179, "spa": 214, "spd": 255, "spe": 182}, "types": ["Water"]}, "Electrode": {"name": "Electrode", "species": "Electrode-Hisui", "speciesId": "electrodehisui", "gender": "N", "shiny": false, "level": 87, "moves": ["leechseed", "thunderbolt", "gigadrain", "substitute"], "ability": "Soundproof", "evs": {"hp": 85, "atk": 0, "def": 85, "spa": 85, "spd": 85, "spe": 85}, "ivs": {"hp": 31, "atk": 0, "def": 31, "spa": 31, "spd": 31, "spe": 31}, "item": "Leftovers", "teraType": "Poison", "role": "Fast Support", "bvs": {"hp": 60, "atk": 50, "def": 70, "spa": 80, "spd": 80, "spe": 150}, "stats": {"hp": 246, "atk": 92, "def": 172, "spa": 189, "spd": 189, "spe": 311}, "types": ["Electric", "Grass"]}, "Brambleghast": {"name": "Brambleghast", "species": "Brambleghast", "speciesId": "brambleghast", "gender": "M", "shiny": false, "level": 88, "moves": ["poltergeist", "substitute", "leechseed", "powerwhip"], "ability": "Wind Rider", "evs": {"hp": 85, "atk": 85, "def": 85, "spa": 85, "spd": 85, "spe": 85}, "ivs": {"hp": 31, "atk": 31, "def": 31, "spa": 31, "spd": 31, "spe": 31}, "item": "Leftovers", "teraType": "Fairy", "role": "Fast Support", "bvs": {"hp": 55, "atk": 115, "def": 70, "spa": 80, "spd": 70, "spe": 90}, "stats": {"hp": 240, "atk": 253, "def": 173, "spa": 191, "spd": 173, "spe": 209}, "types": ["Grass", "Ghost"]}}]}