{"id": "gen9randombattle-2631857126", "format": "[Gen 9] Random Battle", "players": ["aceguy123", "duuhhao"], "log": "|j|\u2606aceguy123\n|j|\u2606duuhhao\n|t:|1781448788\n|gametype|singles\n|player|p1|aceguy123|firebreather|2250\n|player|p2|duuhhao|clair|2318\n|gen|9\n|tier|[Gen 9] Random Battle\n|rated|\n|rule|Species Clause: Limit one of each Pok\u00e9mon\n|rule|HP Percentage Mod: HP is shown in percentages\n|rule|Sleep Clause Mod: Limit one foe put to sleep\n|rule|Illusion Level Mod: Illusion disguises the Pok\u00e9mon's true level\n|\n|t:|1781448788\n|teamsize|p1|6\n|teamsize|p2|6\n|start\n|switch|p1a: Articuno|Articuno-Galar, L84|288/288\n|switch|p2a: Persian|Persian-Alola, L86, F|252/252\n|turn|1\n|inactive|Battle timer is ON: inactive players will automatically lose when time's up. (requested by aceguy123)\n|inactive|aceguy123 has 120 seconds left.\n|\n|t:|1781448844\n|move|p2a: Persian|Thunder Wave|p1a: Articuno\n|-status|p1a: Articuno|par\n|move|p1a: Articuno|Calm Mind|p1a: Articuno\n|-boost|p1a: Articuno|spa|1\n|-boost|p1a: Articuno|spd|1\n|\n|upkeep\n|turn|2\n|\n|t:|1781448860\n|move|p2a: Persian|Foul Play|p1a: Articuno\n|-supereffective|p1a: Articuno\n|-damage|p1a: Articuno|138/288 par\n|move|p1a: Articuno|Hurricane|p2a: Persian\n|-damage|p2a: Persian|12/252\n|-start|p2a: Persian|confusion\n|\n|upkeep\n|turn|3\n|\n|t:|1781448868\n|-activate|p2a: Persian|confusion\n|move|p2a: Persian|Foul Play|p1a: Articuno\n|-supereffective|p1a: Articuno\n|-damage|p1a: Articuno|0 fnt\n|faint|p1a: Articuno\n|\n|upkeep\n|\n|t:|1781448873\n|switch|p1a: Dugtrio|Dugtrio, L84, M|196/196\n|turn|4\n|\n|t:|1781448877\n|move|p1a: Dugtrio|Earthquake|p2a: Persian\n|-damage|p2a: Persian|0 fnt\n|faint|p2a: Persian\n|\n|upkeep\n|\n|t:|1781448883\n|switch|p2a: Leavanny|Leavanny, L86, M|269/269\n|turn|5\n|\n|t:|1781448895\n|switch|p1a: Victreebel|Victreebel, L90, F|290/290\n|move|p2a: Leavanny|Sticky Web|p1a: Victreebel\n|-sidestart|p1: aceguy123|move: Sticky Web\n|\n|upkeep\n|turn|6\n|\n|t:|1781448900\n|move|p2a: Leavanny|Triple Axel|p1a: Victreebel\n|-supereffective|p1a: Victreebel\n|-damage|p1a: Victreebel|254/290\n|-supereffective|p1a: Victreebel\n|-damage|p1a: Victreebel|180/290\n|-supereffective|p1a: Victreebel\n|-damage|p1a: Victreebel|72/290\n|-hitcount|p1a: Victreebel|3\n|move|p1a: Victreebel|Poison Jab|p2a: Leavanny\n|-supereffective|p2a: Leavanny\n|-damage|p2a: Leavanny|0 fnt\n|faint|p2a: Leavanny\n|-damage|p1a: Victreebel|43/290|[from] item: Life Orb\n|\n|upkeep\n|\n|t:|1781448914\n|switch|p2a: Landorus|Landorus, L75, M|257/257\n|turn|7\n|\n|t:|1781448918\n|move|p1a: Victreebel|Sucker Punch|p2a: Landorus\n|-damage|p2a: Landorus|171/257\n|-damage|p1a: Victreebel|14/290|[from] item: Life Orb\n|move|p2a: Landorus|Earth Power|p1a: Victreebel\n|-crit|p1a: Victreebel\n|-damage|p1a: Victreebel|0 fnt\n|faint|p1a: Victreebel\n|\n|upkeep\n|\n|t:|1781448935\n|switch|p1a: Electivire|Electivire, L84, F|263/263\n|-activate|p1a: Electivire|move: Sticky Web\n|-unboost|p1a: Electivire|spe|1\n|turn|8\n|\n|t:|1781448943\n|-terastallize|p1a: Electivire|Ground\n|move|p2a: Landorus|Earth Power|p1a: Electivire\n|-damage|p1a: Electivire|99/263\n|move|p1a: Electivire|Ice Punch|p2a: Landorus\n|-supereffective|p2a: Landorus\n|-damage|p2a: Landorus|0 fnt\n|faint|p2a: Landorus\n|-damage|p1a: Electivire|73/263|[from] item: Life Orb\n|\n|upkeep\n|\n|t:|1781448953\n|switch|p2a: Houndoom|Houndoom, L87, M|272/272\n|turn|9\n|\n|t:|1781448958\n|move|p2a: Houndoom|Dark Pulse|p1a: Electivire\n|-damage|p1a: Electivire|0 fnt\n|faint|p1a: Electivire\n|\n|upkeep\n|\n|t:|1781448960\n|switch|p1a: Dugtrio|Dugtrio, L84, M|196/196\n|-activate|p1a: Dugtrio|move: Sticky Web\n|-unboost|p1a: Dugtrio|spe|1\n|turn|10\n|\n|t:|1781448964\n|-terastallize|p2a: Houndoom|Fire\n|move|p2a: Houndoom|Fire Blast|p1a: Dugtrio\n|-damage|p1a: Dugtrio|0 fnt\n|faint|p1a: Dugtrio\n|\n|upkeep\n|\n|t:|1781448969\n|switch|p1a: Arbok|Arbok, L87, F|246/246\n|-activate|p1a: Arbok|move: Sticky Web\n|-unboost|p1a: Arbok|spe|1\n|-ability|p1a: Arbok|Intimidate|boost\n|-unboost|p2a: Houndoom|atk|1\n|turn|11\n|\n|t:|1781448972\n|move|p2a: Houndoom|Fire Blast|p1a: Arbok\n|-damage|p1a: Arbok|50/246\n|move|p1a: Arbok|Earthquake|p2a: Houndoom\n|-supereffective|p2a: Houndoom\n|-damage|p2a: Houndoom|60/272\n|\n|-heal|p1a: Arbok|65/246|[from] item: Leftovers\n|upkeep\n|turn|12\n|\n|t:|1781448976\n|move|p2a: Houndoom|Sucker Punch|p1a: Arbok\n|-damage|p1a: Arbok|4/246\n|move|p1a: Arbok|Sucker Punch||[still]\n|-fail|p1a: Arbok\n|\n|-heal|p1a: Arbok|19/246|[from] item: Leftovers\n|upkeep\n|turn|13\n|\n|t:|1781448980\n|move|p2a: Houndoom|Dark Pulse|p1a: Arbok\n|-damage|p1a: Arbok|0 fnt\n|faint|p1a: Arbok\n|\n|upkeep\n|\n|t:|1781448982\n|switch|p1a: Zoroark|Zoroark, L83, F|235/235\n|-activate|p1a: Zoroark|move: Sticky Web\n|-unboost|p1a: Zoroark|spe|1\n|turn|14\n|-message|aceguy123 forfeited.\n|\n|t:|1781448987\n|move|p2a: Houndoom|Fire Blast|p1a: Zoroark\n|-damage|p1a: Zoroark|0 fnt\n|faint|p1a: Zoroark\n|\n|win|duuhhao\n", "inputlog": ">version a8376a258c1d4662feba110a92103f3664a72141\n>start {\"formatid\":\"gen9randombattle\",\"seed\":\"sodium,0bce8ee05f0095747f953f129eead264\",\"rated\":\"Rated battle\"}\n>player p1 {\"name\":\"aceguy123\",\"avatar\":\"firebreather\",\"rating\":2250,\"seed\":\"sodium,c694094dadc61ccd802a86d59ac44853\"}\n>player p2 {\"name\":\"duuhhao\",\"avatar\":\"clair\",\"rating\":2318,\"seed\":\"sodium,9fdcaa8206ebd5a7ee6f78a857836183\"}\n>p1 move calmmind\n>p2 move thunderwave\n>p1 move hurricane\n>p2 move foulplay\n>p1 move recover\n>p2 move foulplay\n>p1 switch 6\n>p1 move earthquake\n>p2 move partingshot\n>p2 switch 3\n>p1 switch 2\n>p2 move stickyweb\n>p1 move poisonjab\n>p2 move tripleaxel\n>p2 switch 2\n>p1 move suckerpunch\n>p2 move earthpower\n>p1 switch 3\n>p1 move icepunch terastallize\n>p2 move earthpower\n>p2 switch 5\n>p1 move earthquake\n>p2 move darkpulse\n>p1 switch 2\n>p1 move earthquake\n>p2 move fireblast terastallize\n>p1 switch 5\n>p1 move earthquake\n>p2 move fireblast\n>p1 move suckerpunch\n>p2 move suckerpunch\n>p1 move coil\n>p2 move darkpulse\n>p1 switch 4\n>p1 move darkpulse\n>p2 move fireblast", "uploadtime": 1781448790, "views": 6, "formatid": "gen9randombattle", "rating": null, "private": 0, "password": null}