{"id": "gen9randombattle-2631409325", "format": "[Gen 9] Random Battle", "players": ["nano jump", "Miercalito"], "log": "|badge|p1|bronze|gen9randombattle|100-9\n|uhtml|medal-msg|<div class=\"broadcast-blue\">Curious what those medals under the avatar are? PS now has Ladder Seasons! For more information, check out the <a href=\"https://www.smogon.com/forums/threads/3740067/\">thread on Smogon.</a></div>\n|j|\u2606nano jump\n|j|\u2606Miercalito\n|t:|1781381177\n|gametype|singles\n|player|p1|nano jump|steven-masters|2274\n|player|p2|Miercalito|266|2245\n|gen|9\n|tier|[Gen 9] Random Battle\n|rated|\n|rule|Species Clause: Limit one of each Pok\u00e9mon\n|rule|HP Percentage Mod: HP is shown in percentages\n|rule|Sleep Clause Mod: Limit one foe put to sleep\n|rule|Illusion Level Mod: Illusion disguises the Pok\u00e9mon's true level\n|\n|t:|1781381177\n|teamsize|p1|6\n|teamsize|p2|6\n|start\n|switch|p1a: Misdreavus|Misdreavus, L90, M|254/254\n|switch|p2a: Azelf|Azelf, L82|257/257\n|turn|1\n|inactive|Battle timer is ON: inactive players will automatically lose when time's up. (requested by Miercalito)\n|\n|t:|1781381184\n|move|p2a: Azelf|Psychic|p1a: Misdreavus\n|-damage|p1a: Misdreavus|164/254\n|-unboost|p1a: Misdreavus|spd|1\n|-damage|p2a: Azelf|232/257|[from] item: Life Orb\n|move|p1a: Misdreavus|Shadow Ball|p2a: Azelf\n|-supereffective|p2a: Azelf\n|-damage|p2a: Azelf|8/257\n|\n|upkeep\n|turn|2\n|\n|t:|1781381193\n|switch|p2a: Regieleki|Regieleki, L79|256/256\n|move|p1a: Misdreavus|Calm Mind|p1a: Misdreavus\n|-boost|p1a: Misdreavus|spa|1\n|-boost|p1a: Misdreavus|spd|1\n|\n|upkeep\n|turn|3\n|\n|t:|1781381198\n|move|p2a: Regieleki|Volt Switch|p1a: Misdreavus\n|-damage|p1a: Misdreavus|100/254\n|\n|t:|1781381201\n|switch|p2a: Azumarill|Azumarill, L82, M|298/298|[from] Volt Switch\n|move|p1a: Misdreavus|Calm Mind|p1a: Misdreavus\n|-boost|p1a: Misdreavus|spa|1\n|-boost|p1a: Misdreavus|spd|1\n|\n|upkeep\n|turn|4\n|\n|t:|1781381205\n|move|p1a: Misdreavus|Will-O-Wisp|p2a: Azumarill\n|-status|p2a: Azumarill|brn\n|move|p2a: Azumarill|Liquidation|p1a: Misdreavus\n|-damage|p1a: Misdreavus|33/254\n|\n|-damage|p2a: Azumarill|280/298 brn|[from] brn\n|upkeep\n|turn|5\n|\n|t:|1781381210\n|move|p1a: Misdreavus|Draining Kiss|p2a: Azumarill\n|-damage|p2a: Azumarill|193/298 brn\n|-heal|p1a: Misdreavus|98/254|[from] drain|[of] p2a: Azumarill\n|move|p2a: Azumarill|Liquidation|p1a: Misdreavus\n|-damage|p1a: Misdreavus|38/254\n|-unboost|p1a: Misdreavus|def|1\n|\n|-damage|p2a: Azumarill|175/298 brn|[from] brn\n|upkeep\n|turn|6\n|\n|t:|1781381216\n|move|p1a: Misdreavus|Draining Kiss|p2a: Azumarill\n|-damage|p2a: Azumarill|90/298 brn\n|-heal|p1a: Misdreavus|102/254|[from] drain|[of] p2a: Azumarill\n|move|p2a: Azumarill|Liquidation|p1a: Misdreavus\n|-damage|p1a: Misdreavus|0 fnt\n|faint|p1a: Misdreavus\n|\n|-damage|p2a: Azumarill|72/298 brn|[from] brn\n|upkeep\n|\n|t:|1781381224\n|switch|p1a: Articuno|Articuno, L86|295/295\n|-ability|p1a: Articuno|Pressure\n|turn|7\n|\n|t:|1781381227\n|move|p1a: Articuno|Substitute|p1a: Articuno\n|-start|p1a: Articuno|Substitute\n|-damage|p1a: Articuno|222/295\n|move|p2a: Azumarill|Liquidation|p1a: Articuno\n|-end|p1a: Articuno|Substitute\n|\n|-damage|p2a: Azumarill|54/298 brn|[from] brn\n|upkeep\n|turn|8\n|\n|t:|1781381229\n|move|p1a: Articuno|Freeze-Dry|p2a: Azumarill\n|-supereffective|p2a: Azumarill\n|-damage|p2a: Azumarill|0 fnt\n|faint|p2a: Azumarill\n|\n|upkeep\n|\n|t:|1781381231\n|switch|p2a: Azelf|Azelf, L82|8/257\n|turn|9\n|\n|t:|1781381234\n|move|p2a: Azelf|Explosion|p1a: Articuno\n|-damage|p1a: Articuno|2/295\n|faint|p2a: Azelf\n|move|p1a: Articuno|Roost|p1a: Articuno\n|-heal|p1a: Articuno|150/295\n|-singleturn|p1a: Articuno|move: Roost\n|\n|upkeep\n|\n|t:|1781381239\n|switch|p2a: Regieleki|Regieleki, L79|256/256\n|turn|10\n|\n|t:|1781381242\n|switch|p1a: Umbreon|Umbreon, L84, M|297/297\n|move|p2a: Regieleki|Volt Switch|p1a: Umbreon\n|-damage|p1a: Umbreon|215/297\n|\n|t:|1781381245\n|switch|p2a: Spidops|Spidops, L96, F|271/271|[from] Volt Switch\n|\n|-heal|p1a: Umbreon|233/297|[from] item: Leftovers\n|upkeep\n|turn|11\n|\n|t:|1781381247\n|move|p1a: Umbreon|Toxic|p2a: Spidops\n|-status|p2a: Spidops|tox\n|move|p2a: Spidops|Sticky Web|p1a: Umbreon\n|-sidestart|p1: nano jump|move: Sticky Web\n|\n|-heal|p1a: Umbreon|251/297|[from] item: Leftovers\n|-damage|p2a: Spidops|255/271 tox|[from] psn\n|upkeep\n|turn|12\n|\n|t:|1781381249\n|move|p1a: Umbreon|Wish|p1a: Umbreon\n|move|p2a: Spidops|Spikes|p1a: Umbreon\n|-sidestart|p1: nano jump|Spikes\n|\n|-heal|p1a: Umbreon|269/297|[from] item: Leftovers\n|-damage|p2a: Spidops|223/271 tox|[from] psn\n|upkeep\n|turn|13\n|\n|t:|1781381251\n|switch|p1a: Articuno|Articuno, L86|150/295\n|-ability|p1a: Articuno|Pressure\n|move|p2a: Spidops|Circle Throw|p1a: Articuno\n|-damage|p1a: Articuno|65/295\n|drag|p1a: Annihilape|Annihilape, L76, F|292/292\n|-activate|p1a: Annihilape|move: Sticky Web\n|-unboost|p1a: Annihilape|spe|1\n|-ability|p1a: Annihilape|Defiant|boost\n|-boost|p1a: Annihilape|atk|2\n|-damage|p1a: Annihilape|256/292|[from] Spikes\n|\n|-heal|p1a: Annihilape|292/292|[from] move: Wish|[wisher] Umbreon\n|-damage|p2a: Spidops|175/271 tox|[from] psn\n|upkeep\n|turn|14\n|\n|t:|1781381258\n|move|p2a: Spidops|Spikes|p1a: Annihilape\n|-sidestart|p1: nano jump|Spikes\n|move|p1a: Annihilape|Gunk Shot|p2a: Spidops\n|-damage|p2a: Spidops|37/271 tox\n|\n|-damage|p2a: Spidops|0 fnt|[from] psn\n|faint|p2a: Spidops\n|upkeep\n|\n|t:|1781381264\n|switch|p2a: Regieleki|Regieleki, L79|256/256\n|turn|15\n|\n|t:|1781381268\n|move|p2a: Regieleki|Volt Switch|p1a: Annihilape\n|-damage|p1a: Annihilape|174/292\n|\n|t:|1781381269\n|switch|p2a: Tsareena|Tsareena, L87, F|267/267|[from] Volt Switch\n|move|p1a: Annihilape|Rage Fist|p2a: Tsareena\n|-damage|p2a: Tsareena|77/267\n|\n|-heal|p1a: Annihilape|192/292|[from] item: Leftovers\n|upkeep\n|turn|16\n|\n|t:|1781381274\n|switch|p1a: Articuno|Articuno, L86|65/295\n|-ability|p1a: Articuno|Pressure\n|move|p2a: Tsareena|Power Whip|p1a: Articuno\n|-resisted|p1a: Articuno\n|-damage|p1a: Articuno|0 fnt\n|faint|p1a: Articuno\n|\n|upkeep\n|\n|t:|1781381278\n|switch|p1a: Chien-Pao|Chien-Pao, L72|234/234\n|-ability|p1a: Chien-Pao|Sword of Ruin\n|turn|17\n|\n|t:|1781381283\n|switch|p2a: Hitmontop|Hitmontop, L88, M|231/231\n|-ability|p2a: Hitmontop|Intimidate|boost\n|-unboost|p1a: Chien-Pao|atk|1\n|move|p1a: Chien-Pao|Throat Chop|p2a: Hitmontop\n|-resisted|p2a: Hitmontop\n|-damage|p2a: Hitmontop|202/231\n|-start|p2a: Hitmontop|Throat Chop|[silent]\n|\n|upkeep\n|turn|18\n|\n|t:|1781381289\n|switch|p1a: Annihilape|Annihilape, L76, F|192/292\n|-activate|p1a: Annihilape|move: Sticky Web\n|-unboost|p1a: Annihilape|spe|1\n|-ability|p1a: Annihilape|Defiant|boost\n|-boost|p1a: Annihilape|atk|2\n|-damage|p1a: Annihilape|144/292|[from] Spikes\n|move|p2a: Hitmontop|Earthquake|p1a: Annihilape\n|-damage|p1a: Annihilape|0 fnt\n|faint|p1a: Annihilape\n|\n|-end|p2a: Hitmontop|Throat Chop|[silent]\n|upkeep\n|\n|t:|1781381291\n|switch|p1a: Umbreon|Umbreon, L84, M|269/297\n|-activate|p1a: Umbreon|move: Sticky Web\n|-unboost|p1a: Umbreon|spe|1\n|-damage|p1a: Umbreon|220/297|[from] Spikes\n|turn|19\n|\n|t:|1781381300\n|switch|p2a: Tsareena|Tsareena, L87, F|77/267\n|move|p1a: Umbreon|Toxic|p2a: Tsareena\n|-status|p2a: Tsareena|tox\n|\n|-heal|p1a: Umbreon|238/297|[from] item: Leftovers\n|-damage|p2a: Tsareena|61/267 tox|[from] psn\n|upkeep\n|turn|20\n|\n|t:|1781381303\n|switch|p2a: Hitmontop|Hitmontop, L88, M|202/231\n|-ability|p2a: Hitmontop|Intimidate|boost\n|-unboost|p1a: Umbreon|atk|1\n|move|p1a: Umbreon|Protect||[still]\n|-fail|p1a: Umbreon\n|\n|-heal|p1a: Umbreon|256/297|[from] item: Leftovers\n|upkeep\n|turn|21\n|\n|t:|1781381306\n|-terastallize|p1a: Umbreon|Poison\n|move|p2a: Hitmontop|Close Combat|p1a: Umbreon\n|-resisted|p1a: Umbreon\n|-damage|p1a: Umbreon|174/297\n|-unboost|p2a: Hitmontop|def|1\n|-unboost|p2a: Hitmontop|spd|1\n|move|p1a: Umbreon|Toxic|p2a: Hitmontop\n|-status|p2a: Hitmontop|tox\n|\n|-heal|p1a: Umbreon|192/297|[from] item: Leftovers\n|-damage|p2a: Hitmontop|188/231 tox|[from] psn\n|upkeep\n|turn|22\n|\n|t:|1781381308\n|switch|p2a: Regieleki|Regieleki, L79|256/256\n|move|p1a: Umbreon|Wish|p1a: Umbreon\n|\n|-heal|p1a: Umbreon|210/297|[from] item: Leftovers\n|upkeep\n|turn|23\n|\n|t:|1781381316\n|move|p1a: Umbreon|Protect|p1a: Umbreon\n|-singleturn|p1a: Umbreon|Protect\n|move|p2a: Regieleki|Volt Switch|p1a: Umbreon\n|-activate|p1a: Umbreon|move: Protect\n|\n|-heal|p1a: Umbreon|297/297|[from] move: Wish|[wisher] Umbreon\n|upkeep\n|turn|24\n|\n|t:|1781381319\n|move|p2a: Regieleki|Volt Switch|p1a: Umbreon\n|-damage|p1a: Umbreon|221/297\n|\n|t:|1781381321\n|switch|p2a: Hitmontop|Hitmontop, L88, M|188/231 tox|[from] Volt Switch\n|-ability|p2a: Hitmontop|Intimidate|boost\n|-unboost|p1a: Umbreon|atk|1\n|move|p1a: Umbreon|Wish|p1a: Umbreon\n|\n|-heal|p1a: Umbreon|239/297|[from] item: Leftovers\n|-damage|p2a: Hitmontop|174/231 tox|[from] psn\n|upkeep\n|turn|25\n|\n|t:|1781381327\n|switch|p2a: Tsareena|Tsareena, L87, F|61/267 tox\n|move|p1a: Umbreon|Foul Play|p2a: Tsareena\n|-damage|p2a: Tsareena|0 fnt\n|faint|p2a: Tsareena\n|\n|-heal|p1a: Umbreon|297/297|[from] move: Wish|[wisher] Umbreon\n|upkeep\n|\n|t:|1781381329\n|switch|p2a: Hitmontop|Hitmontop, L88, M|174/231 tox\n|-ability|p2a: Hitmontop|Intimidate|boost\n|-unboost|p1a: Umbreon|atk|1\n|turn|26\n|\n|t:|1781381330\n|move|p1a: Umbreon|Protect|p1a: Umbreon\n|-singleturn|p1a: Umbreon|Protect\n|move|p2a: Hitmontop|Earthquake|p1a: Umbreon\n|-activate|p1a: Umbreon|move: Protect\n|\n|-damage|p2a: Hitmontop|160/231 tox|[from] psn\n|upkeep\n|turn|27\n|\n|t:|1781381332\n|move|p2a: Hitmontop|Earthquake|p1a: Umbreon\n|-supereffective|p1a: Umbreon\n|-damage|p1a: Umbreon|87/297\n|move|p1a: Umbreon|Wish|p1a: Umbreon\n|\n|-heal|p1a: Umbreon|105/297|[from] item: Leftovers\n|-damage|p2a: Hitmontop|132/231 tox|[from] psn\n|upkeep\n|turn|28\n|\n|t:|1781381336\n|switch|p2a: Regieleki|Regieleki, L79|256/256\n|move|p1a: Umbreon|Protect||[still]\n|-fail|p1a: Umbreon\n|\n|-heal|p1a: Umbreon|253/297|[from] move: Wish|[wisher] Umbreon\n|-heal|p1a: Umbreon|271/297|[from] item: Leftovers\n|upkeep\n|turn|29\n|\n|t:|1781381339\n|move|p2a: Regieleki|Thunderbolt|p1a: Umbreon\n|-damage|p1a: Umbreon|169/297\n|move|p1a: Umbreon|Wish|p1a: Umbreon\n|\n|-heal|p1a: Umbreon|187/297|[from] item: Leftovers\n|upkeep\n|turn|30\n|\n|t:|1781381344\n|move|p2a: Regieleki|Volt Switch|p1a: Umbreon\n|-damage|p1a: Umbreon|112/297\n|\n|t:|1781381346\n|switch|p2a: Hitmontop|Hitmontop, L88, M|132/231 tox|[from] Volt Switch\n|-ability|p2a: Hitmontop|Intimidate|boost\n|-unboost|p1a: Umbreon|atk|1\n|move|p1a: Umbreon|Toxic|p2a: Hitmontop\n|-fail|p2a: Hitmontop|tox\n|\n|-heal|p1a: Umbreon|260/297|[from] move: Wish|[wisher] Umbreon\n|-heal|p1a: Umbreon|278/297|[from] item: Leftovers\n|-damage|p2a: Hitmontop|118/231 tox|[from] psn\n|upkeep\n|turn|31\n|\n|t:|1781381348\n|move|p1a: Umbreon|Protect|p1a: Umbreon\n|-singleturn|p1a: Umbreon|Protect\n|move|p2a: Hitmontop|Earthquake|p1a: Umbreon\n|-activate|p1a: Umbreon|move: Protect\n|\n|-heal|p1a: Umbreon|296/297|[from] item: Leftovers\n|-damage|p2a: Hitmontop|90/231 tox|[from] psn\n|upkeep\n|turn|32\n|\n|t:|1781381350\n|move|p2a: Hitmontop|Earthquake|p1a: Umbreon\n|-supereffective|p1a: Umbreon\n|-damage|p1a: Umbreon|100/297\n|move|p1a: Umbreon|Wish|p1a: Umbreon\n|\n|-heal|p1a: Umbreon|118/297|[from] item: Leftovers\n|-damage|p2a: Hitmontop|48/231 tox|[from] psn\n|upkeep\n|turn|33\n|\n|t:|1781381354\n|switch|p2a: Regieleki|Regieleki, L79|256/256\n|move|p1a: Umbreon|Protect||[still]\n|-fail|p1a: Umbreon\n|\n|-heal|p1a: Umbreon|266/297|[from] move: Wish|[wisher] Umbreon\n|-heal|p1a: Umbreon|284/297|[from] item: Leftovers\n|upkeep\n|turn|34\n|-message|Miercalito forfeited.\n|\n|win|nano jump\n", "inputlog": ">version a8376a258c1d4662feba110a92103f3664a72141\n>start {\"formatid\":\"gen9randombattle\",\"seed\":\"sodium,dabdc82db58759f297ae308dc307aa81\",\"rated\":\"Rated battle\"}\n>player p1 {\"name\":\"nano jump\",\"avatar\":\"steven-masters\",\"rating\":2274,\"seed\":\"sodium,11c83e8b93eb83fb3b0423e7890496a6\"}\n>player p2 {\"name\":\"Miercalito\",\"avatar\":\"266\",\"rating\":2245,\"seed\":\"sodium,821197eb9952f550fc1d31364eeb32ea\"}\n>p1 move shadowball\n>p2 move psychic\n>p1 move calmmind\n>p2 switch 6\n>p1 move calmmind\n>p2 move voltswitch\n>p2 switch 5\n>p1 move willowisp\n>p2 move liquidation\n>p1 move drainingkiss\n>p2 move liquidation\n>p1 move drainingkiss\n>p2 move liquidation\n>p1 switch 6\n>p1 move substitute\n>p2 move liquidation\n>p1 move freezedry\n>p2 move liquidation\n>p2 switch 6\n>p1 move roost\n>p2 move explosion\n>p2 switch 5\n>p1 switch 2\n>p2 move voltswitch\n>p2 switch 2\n>p1 move toxic\n>p2 move stickyweb\n>p1 move wish\n>p2 move spikes\n>p1 switch 2\n>p2 move circlethrow\n>p1 move gunkshot\n>p2 move spikes\n>p2 switch 2\n>p1 move ragefist\n>p2 move voltswitch\n>p2 switch 3\n>p1 switch 4\n>p2 move powerwhip\n>p1 switch 3\n>p1 move throatchop\n>p2 switch 4\n>p1 switch 4\n>p2 move earthquake\n>p1 switch 2\n>p1 move toxic\n>p2 switch 4\n>p1 move protect\n>p2 switch 4\n>p1 move toxic terastallize\n>p2 move closecombat\n>p1 move wish\n>p2 switch 3\n>p1 move protect\n>p2 move voltswitch\n>p1 move wish\n>p2 move voltswitch\n>p2 switch 3\n>p1 move foulplay\n>p2 switch 4\n>p2 switch 4\n>p1 move protect\n>p2 move earthquake\n>p1 move wish\n>p2 move earthquake\n>p1 move protect\n>p2 switch 3\n>p1 move wish\n>p2 move thunderbolt\n>p1 move toxic\n>p2 move voltswitch\n>p2 switch 3\n>p1 move protect\n>p2 move earthquake\n>p1 move wish\n>p2 move earthquake\n>p1 move protect\n>p2 switch 3\n>forcelose p2", "uploadtime": 1781381180, "views": 12, "formatid": "gen9randombattle", "rating": null, "private": 0, "password": null}