{"id": "gen9randombattle-2631484586", "format": "[Gen 9] Random Battle", "players": ["noellepy", "notendistic"], "log": "|j|\u2606noellepy\n|j|\u2606notendistic\n|t:|1781390865\n|gametype|singles\n|player|p1|noellepy|cheryl|\n|player|p2|notendistic|lusamine-masters|\n|gen|9\n|tier|[Gen 9] Random Battle\n|rule|Species Clause: Limit one of each Pok\u00e9mon\n|rule|HP Percentage Mod: HP is shown in percentages\n|rule|Sleep Clause Mod: Limit one foe put to sleep\n|rule|Illusion Level Mod: Illusion disguises the Pok\u00e9mon's true level\n|\n|t:|1781390865\n|teamsize|p1|6\n|teamsize|p2|6\n|start\n|switch|p1a: Vaporeon|Vaporeon, L86, F|364/364\n|switch|p2a: Kleavor|Kleavor, L78, M|237/237\n|turn|1\n|inactive|Battle timer is ON: inactive players will automatically lose when time's up. (requested by notendistic)\n|\n|t:|1781390897\n|move|p2a: Kleavor|U-turn|p1a: Vaporeon\n|-damage|p1a: Vaporeon|264/364\n|\n|t:|1781390908\n|switch|p2a: Dedenne|Dedenne, L88, M|261/261|[from] U-turn\n|move|p1a: Vaporeon|Scald|p2a: Dedenne\n|-damage|p2a: Dedenne|152/261\n|\n|-heal|p1a: Vaporeon|286/364|[from] item: Leftovers\n|upkeep\n|turn|2\n|\n|t:|1781390915\n|move|p2a: Dedenne|Thunderbolt|p1a: Vaporeon\n|-supereffective|p1a: Vaporeon\n|-damage|p1a: Vaporeon|124/364\n|move|p1a: Vaporeon|Wish|p1a: Vaporeon\n|\n|-heal|p1a: Vaporeon|146/364|[from] item: Leftovers\n|upkeep\n|turn|3\n|\n|t:|1781390938\n|move|p1a: Vaporeon|Protect|p1a: Vaporeon\n|-singleturn|p1a: Vaporeon|Protect\n|move|p2a: Dedenne|Thunderbolt|p1a: Vaporeon\n|-activate|p1a: Vaporeon|move: Protect\n|\n|-heal|p1a: Vaporeon|328/364|[from] move: Wish|[wisher] Vaporeon\n|-heal|p1a: Vaporeon|350/364|[from] item: Leftovers\n|upkeep\n|turn|4\n|\n|t:|1781390949\n|move|p2a: Dedenne|Thunderbolt|p1a: Vaporeon\n|-supereffective|p1a: Vaporeon\n|-damage|p1a: Vaporeon|192/364\n|move|p1a: Vaporeon|Wish|p1a: Vaporeon\n|\n|-heal|p1a: Vaporeon|214/364|[from] item: Leftovers\n|upkeep\n|turn|5\n|\n|t:|1781390978\n|switch|p2a: Polteageist|Polteageist-Antique, L78|222/222\n|move|p1a: Vaporeon|Flip Turn|p2a: Polteageist\n|-damage|p2a: Polteageist|161/222\n|\n|t:|1781390990\n|switch|p1a: Terapagos|Terapagos, L77, F|265/265|[from] Flip Turn\n|-activate|p1a: Terapagos|ability: Tera Shift\n|detailschange|p1a: Terapagos|Terapagos-Terastal, L77, F\n|-heal|p1a: Terapagos|273/273|[silent]\n|\n|upkeep\n|turn|6\n|inactive|notendistic has 270 seconds left.\n|\n|t:|1781391017\n|move|p1a: Terapagos|Calm Mind|p1a: Terapagos\n|-boost|p1a: Terapagos|spa|1\n|-boost|p1a: Terapagos|spd|1\n|move|p2a: Polteageist|Shell Smash|p2a: Polteageist\n|-unboost|p2a: Polteageist|def|1\n|-unboost|p2a: Polteageist|spd|1\n|-boost|p2a: Polteageist|atk|2\n|-boost|p2a: Polteageist|spa|2\n|-boost|p2a: Polteageist|spe|2\n|-enditem|p2a: Polteageist|White Herb\n|-clearnegativeboost|p2a: Polteageist|[silent]\n|\n|upkeep\n|turn|7\n|inactive|notendistic has 270 seconds left.\n|inactive|noellepy has 270 seconds left.\n|\n|t:|1781391035\n|move|p2a: Polteageist|Shell Smash|p2a: Polteageist\n|-unboost|p2a: Polteageist|def|1\n|-unboost|p2a: Polteageist|spd|1\n|-boost|p2a: Polteageist|atk|2\n|-boost|p2a: Polteageist|spa|2\n|-boost|p2a: Polteageist|spe|2\n|move|p1a: Terapagos|Calm Mind|p1a: Terapagos\n|-boost|p1a: Terapagos|spa|1\n|-boost|p1a: Terapagos|spd|1\n|\n|upkeep\n|turn|8\n|\n|t:|1781391050\n|-terastallize|p2a: Polteageist|Psychic\n|move|p2a: Polteageist|Stored Power|p1a: Terapagos\n|-activate|p1a: Terapagos|ability: Tera Shell\n|-resisted|p1a: Terapagos\n|-damage|p1a: Terapagos|43/273\n|move|p1a: Terapagos|Dark Pulse|p2a: Polteageist\n|-supereffective|p2a: Polteageist\n|-damage|p2a: Polteageist|0 fnt\n|-start|p1a: Terapagos|Disable|Dark Pulse|[from] ability: Cursed Body|[of] p2a: Polteageist\n|faint|p2a: Polteageist\n|\n|upkeep\n|\n|t:|1781391062\n|switch|p2a: Kleavor|Kleavor, L78, M|237/237\n|turn|9\n|\n|t:|1781391086\n|move|p2a: Kleavor|Stone Axe|p1a: Terapagos\n|-damage|p1a: Terapagos|0 fnt\n|-sidestart|p1: noellepy|move: Stealth Rock\n|faint|p1a: Terapagos\n|\n|upkeep\n|inactive|noellepy has 270 seconds left.\n|\n|t:|1781391111\n|switch|p1a: Lucario|Lucario, L84, F|255/255\n|-damage|p1a: Lucario|248/255|[from] Stealth Rock\n|turn|10\n|inactive|notendistic has 270 seconds left.\n|inactive|noellepy has 240 seconds left.\n|inactive|noellepy has 210 seconds left.\n|\n|t:|1781391191\n|switch|p2a: Clawitzer|Clawitzer, L87, F|265/265\n|move|p1a: Lucario|Nasty Plot|p1a: Lucario\n|-boost|p1a: Lucario|spa|2\n|\n|upkeep\n|turn|11\n|\n|t:|1781391203\n|move|p1a: Lucario|Focus Blast|p2a: Clawitzer\n|-damage|p2a: Clawitzer|43/265\n|-damage|p1a: Lucario|223/255|[from] item: Life Orb\n|move|p2a: Clawitzer|Water Pulse|p1a: Lucario\n|-damage|p1a: Lucario|82/255\n|\n|upkeep\n|turn|12\n|\n|t:|1781391207\n|move|p1a: Lucario|Vacuum Wave|p2a: Clawitzer\n|-damage|p2a: Clawitzer|0 fnt\n|faint|p2a: Clawitzer\n|-damage|p1a: Lucario|57/255|[from] item: Life Orb\n|\n|upkeep\n|inactive|notendistic has 240 seconds left.\n|\n|t:|1781391234\n|switch|p2a: Dedenne|Dedenne, L88, M|152/261\n|turn|13\n|\n|t:|1781391251\n|move|p2a: Dedenne|Thunderbolt|p1a: Lucario\n|-damage|p1a: Lucario|0 fnt\n|faint|p1a: Lucario\n|\n|upkeep\n|\n|t:|1781391268\n|switch|p1a: Flareon|Flareon, L90, M|263/263\n|-damage|p1a: Flareon|198/263|[from] Stealth Rock\n|turn|14\n|inactive|noellepy has 180 seconds left.\n|inactive|notendistic has 240 seconds left.\n|\n|t:|1781391309\n|-terastallize|p1a: Flareon|Normal\n|move|p2a: Dedenne|U-turn|p1a: Flareon\n|-damage|p1a: Flareon|155/263\n|\n|t:|1781391321\n|switch|p2a: Hitmontop|Hitmontop, L88, M|231/231|[from] U-turn\n|move|p1a: Flareon|Trailblaze|p2a: Hitmontop\n|-damage|p2a: Hitmontop|185/231\n|-boost|p1a: Flareon|spe|1\n|\n|-heal|p2a: Hitmontop|199/231|[from] item: Leftovers\n|-status|p1a: Flareon|tox|[from] item: Toxic Orb\n|upkeep\n|turn|15\n|\n|t:|1781391333\n|move|p1a: Flareon|Facade|p2a: Hitmontop\n|-damage|p2a: Hitmontop|0 fnt\n|faint|p2a: Hitmontop\n|\n|-damage|p1a: Flareon|139/263 tox|[from] psn\n|upkeep\n|inactive|notendistic has 210 seconds left.\n|\n|t:|1781391348\n|switch|p2a: Donphan|Donphan, L84, M|288/288\n|turn|16\n|\n|t:|1781391358\n|move|p1a: Flareon|Facade|p2a: Donphan\n|-damage|p2a: Donphan|30/288\n|move|p2a: Donphan|Knock Off|p1a: Flareon\n|-damage|p1a: Flareon|0 fnt\n|-enditem|p1a: Flareon|Toxic Orb|[from] move: Knock Off|[of] p2a: Donphan\n|faint|p1a: Flareon\n|\n|upkeep\n|\n|t:|1781391377\n|switch|p1a: Basculegion|Basculegion-F, L83, F|335/335\n|-damage|p1a: Basculegion|294/335|[from] Stealth Rock\n|turn|17\n|\n|t:|1781391384\n|move|p1a: Basculegion|Flip Turn|p2a: Donphan\n|-supereffective|p2a: Donphan\n|-damage|p2a: Donphan|0 fnt\n|faint|p2a: Donphan\n|\n|t:|1781391388\n|switch|p1a: Vaporeon|Vaporeon, L86, F|214/364|[from] Flip Turn\n|-damage|p1a: Vaporeon|169/364|[from] Stealth Rock\n|\n|-heal|p1a: Vaporeon|191/364|[from] item: Leftovers\n|upkeep\n|\n|t:|1781391394\n|switch|p2a: Dedenne|Dedenne, L88, M|152/261\n|turn|18\n|inactive|noellepy has 180 seconds left.\n|\n|t:|1781391403\n|move|p2a: Dedenne|Thunderbolt|p1a: Vaporeon\n|-supereffective|p1a: Vaporeon\n|-damage|p1a: Vaporeon|11/364\n|move|p1a: Vaporeon|Wish|p1a: Vaporeon\n|\n|-heal|p1a: Vaporeon|33/364|[from] item: Leftovers\n|upkeep\n|turn|19\n|inactive|noellepy has 180 seconds left.\n|inactive|notendistic has 240 seconds left.\n|\n|t:|1781391425\n|move|p1a: Vaporeon|Protect|p1a: Vaporeon\n|-singleturn|p1a: Vaporeon|Protect\n|move|p2a: Dedenne|U-turn|p1a: Vaporeon\n|-activate|p1a: Vaporeon|move: Protect\n|\n|-heal|p1a: Vaporeon|215/364|[from] move: Wish|[wisher] Vaporeon\n|-heal|p1a: Vaporeon|237/364|[from] item: Leftovers\n|upkeep\n|turn|20\n|\n|t:|1781391445\n|move|p2a: Dedenne|Thunderbolt|p1a: Vaporeon\n|-supereffective|p1a: Vaporeon\n|-damage|p1a: Vaporeon|63/364\n|move|p1a: Vaporeon|Scald|p2a: Dedenne\n|-damage|p2a: Dedenne|35/261\n|-enditem|p2a: Dedenne|Sitrus Berry|[eat]\n|-heal|p2a: Dedenne|100/261|[from] item: Sitrus Berry\n|-heal|p2a: Dedenne|187/261|[from] ability: Cheek Pouch\n|\n|-heal|p1a: Vaporeon|85/364|[from] item: Leftovers\n|upkeep\n|turn|21\n|\n|t:|1781391454\n|move|p2a: Dedenne|Thunderbolt|p1a: Vaporeon\n|-supereffective|p1a: Vaporeon\n|-damage|p1a: Vaporeon|0 fnt\n|faint|p1a: Vaporeon\n|\n|upkeep\n|inactive|noellepy has 150 seconds left.\n|\n|t:|1781391476\n|switch|p1a: Minior|Minior-Indigo, L79|224/224\n|-damage|p1a: Minior|168/224|[from] Stealth Rock\n|-formechange|p1a: Minior|Minior-Meteor||[from] ability: Shields Down\n|turn|22\n|inactive|notendistic has 270 seconds left.\n|\n|t:|1781391481\n|move|p2a: Dedenne|Thunderbolt|p1a: Minior\n|-supereffective|p1a: Minior\n|-damage|p1a: Minior|4/224\n|move|p1a: Minior|Earthquake|p2a: Dedenne\n|-supereffective|p2a: Dedenne\n|-damage|p2a: Dedenne|71/261\n|\n|-formechange|p1a: Minior|Minior-Indigo||[from] ability: Shields Down\n|upkeep\n|turn|23\n|\n|t:|1781391487\n|switch|p2a: Kleavor|Kleavor, L78, M|237/237\n|move|p1a: Minior|Earthquake|p2a: Kleavor\n|-damage|p2a: Kleavor|169/237\n|\n|upkeep\n|turn|24\n|\n|t:|1781391496\n|move|p1a: Minior|Power Gem|p2a: Kleavor\n|-supereffective|p2a: Kleavor\n|-damage|p2a: Kleavor|0 fnt\n|faint|p2a: Kleavor\n|\n|upkeep\n|\n|t:|1781391501\n|switch|p2a: Dedenne|Dedenne, L88, M|71/261\n|turn|25\n|\n|t:|1781391518\n|move|p1a: Minior|Earthquake|p2a: Dedenne\n|-supereffective|p2a: Dedenne\n|-damage|p2a: Dedenne|0 fnt\n|faint|p2a: Dedenne\n|\n|win|noellepy\n", "inputlog": ">version a8376a258c1d4662feba110a92103f3664a72141\n>start {\"formatid\":\"gen9randombattle\",\"seed\":\"sodium,1a13a4c2aa63e499700771cd1050b9f2\"}\n>player p1 {\"name\":\"noellepy\",\"avatar\":\"cheryl\",\"rating\":0,\"seed\":\"sodium,4c196d8a7a6abd87663c964e393bb140\"}\n>player p2 {\"name\":\"notendistic\",\"avatar\":\"lusamine-masters\",\"rating\":0,\"seed\":\"sodium,0f29c4b7b5df401f7957f89621f2ae2d\"}\n>p1 move scald\n>p2 move uturn\n>p2 switch 5\n>p1 move wish\n>p2 move thunderbolt\n>p1 move protect\n>p2 move thunderbolt\n>p1 move wish\n>p2 move thunderbolt\n>p1 move flipturn\n>p2 switch 4\n>p1 switch 5\n>p1 move calmmind\n>p2 move shellsmash\n>p1 move calmmind\n>p2 move shellsmash\n>p1 move darkpulse\n>p2 move storedpower terastallize\n>p2 switch 5\n>p1 move terastarstorm\n>p2 move stoneaxe\n>p1 switch 6\n>p1 move nastyplot\n>p2 switch 2\n>p1 move focusblast\n>p2 move waterpulse\n>p1 move vacuumwave\n>p2 move waterpulse\n>p2 switch 4\n>p1 move flashcannon\n>p2 move thunderbolt\n>p1 switch 2\n>p1 move trailblaze terastallize\n>p2 move uturn\n>p2 switch 6\n>p1 move facade\n>p2 move closecombat\n>p2 switch 3\n>p1 move facade\n>p2 move knockoff\n>p1 switch 3\n>p1 move flipturn\n>p2 move knockoff\n>p1 switch 5\n>p2 switch 6\n>p1 move wish\n>p2 move thunderbolt\n>p1 move protect\n>p2 move uturn\n>p1 move scald\n>p2 move thunderbolt\n>p1 move scald\n>p2 move thunderbolt\n>p1 switch 4\n>p1 move earthquake\n>p2 move thunderbolt\n>p1 move earthquake\n>p2 switch 2\n>p1 move powergem\n>p2 move uturn\n>p2 switch 2\n>p1 move earthquake\n>p2 move thunderbolt", "uploadtime": 1781391525, "views": 5, "formatid": "gen9randombattle", "rating": null, "private": 0, "password": null}