{"id": "gen9randombattle-2631624028", "format": "[Gen 9] Random Battle", "players": ["bulrug", "euphoricpoptarts"], "log": "|j|\u203dbulrug\n|j|\u2606euphoricpoptarts\n|t:|1781410583\n|gametype|singles\n|player|p1|bulrug|burglar|2069\n|player|p2|euphoricpoptarts|unknown|2090\n|gen|9\n|tier|[Gen 9] Random Battle\n|rated|\n|rule|Species Clause: Limit one of each Pok\u00e9mon\n|rule|HP Percentage Mod: HP is shown in percentages\n|rule|Sleep Clause Mod: Limit one foe put to sleep\n|rule|Illusion Level Mod: Illusion disguises the Pok\u00e9mon's true level\n|\n|t:|1781410583\n|teamsize|p1|6\n|teamsize|p2|6\n|start\n|switch|p1a: Iron Thorns|Iron Thorns, L83|302/302\n|switch|p2a: Arceus|Arceus-Psychic, L69|280/280\n|-item|p1a: Iron Thorns|Air Balloon\n|turn|1\n|inactive|Battle timer is ON: inactive players will automatically lose when time's up. (requested by euphoricpoptarts)\n|\n|t:|1781410593\n|move|p2a: Arceus|Cosmic Power|p2a: Arceus\n|-boost|p2a: Arceus|def|1\n|-boost|p2a: Arceus|spd|1\n|move|p1a: Iron Thorns|Wild Charge|p2a: Arceus\n|-damage|p2a: Arceus|207/280\n|-damage|p1a: Iron Thorns|284/302|[from] Recoil\n|\n|upkeep\n|turn|2\n|\n|t:|1781410600\n|-end|p1a: Iron Thorns|Quark Drive|[silent]\n|switch|p1a: Dunsparce|Dunsparce, L86, M|312/312\n|move|p2a: Arceus|Cosmic Power|p2a: Arceus\n|-boost|p2a: Arceus|def|1\n|-boost|p2a: Arceus|spd|1\n|\n|upkeep\n|turn|3\n|\n|t:|1781410608\n|move|p2a: Arceus|Cosmic Power|p2a: Arceus\n|-boost|p2a: Arceus|def|1\n|-boost|p2a: Arceus|spd|1\n|move|p1a: Dunsparce|Body Slam|p2a: Arceus\n|-damage|p2a: Arceus|176/280\n|-status|p2a: Arceus|par\n|\n|upkeep\n|turn|4\n|\n|t:|1781410613\n|move|p1a: Dunsparce|Coil|p1a: Dunsparce\n|-boost|p1a: Dunsparce|atk|1\n|-boost|p1a: Dunsparce|def|1\n|-boost|p1a: Dunsparce|accuracy|1\n|move|p2a: Arceus|Body Press|p1a: Dunsparce\n|-supereffective|p1a: Dunsparce\n|-damage|p1a: Dunsparce|196/312\n|\n|upkeep\n|turn|5\n|\n|t:|1781410618\n|move|p1a: Dunsparce|Body Slam|p2a: Arceus\n|-damage|p2a: Arceus|131/280 par\n|move|p2a: Arceus|Cosmic Power|p2a: Arceus\n|-boost|p2a: Arceus|def|1\n|-boost|p2a: Arceus|spd|1\n|\n|upkeep\n|turn|6\n|\n|t:|1781410621\n|move|p1a: Dunsparce|Coil|p1a: Dunsparce\n|-boost|p1a: Dunsparce|atk|1\n|-boost|p1a: Dunsparce|def|1\n|-boost|p1a: Dunsparce|accuracy|1\n|move|p2a: Arceus|Recover|p2a: Arceus\n|-heal|p2a: Arceus|271/280 par\n|\n|upkeep\n|turn|7\n|\n|t:|1781410632\n|move|p1a: Dunsparce|Coil|p1a: Dunsparce\n|-boost|p1a: Dunsparce|atk|1\n|-boost|p1a: Dunsparce|def|1\n|-boost|p1a: Dunsparce|accuracy|1\n|move|p2a: Arceus|Stored Power|p1a: Dunsparce\n|-damage|p1a: Dunsparce|36/312\n|\n|upkeep\n|turn|8\n|\n|t:|1781410639\n|move|p1a: Dunsparce|Body Slam|p2a: Arceus\n|-damage|p2a: Arceus|205/280 par\n|move|p2a: Arceus|Cosmic Power|p2a: Arceus\n|-boost|p2a: Arceus|def|1\n|-boost|p2a: Arceus|spd|1\n|\n|upkeep\n|turn|9\n|\n|t:|1781410645\n|move|p1a: Dunsparce|Body Slam|p2a: Arceus\n|-damage|p2a: Arceus|156/280 par\n|cant|p2a: Arceus|par\n|\n|upkeep\n|turn|10\n|\n|t:|1781410648\n|move|p1a: Dunsparce|Body Slam|p2a: Arceus\n|-damage|p2a: Arceus|102/280 par\n|move|p2a: Arceus|Recover|p2a: Arceus\n|-heal|p2a: Arceus|242/280 par\n|\n|upkeep\n|turn|11\n|\n|t:|1781410651\n|move|p1a: Dunsparce|Coil|p1a: Dunsparce\n|-boost|p1a: Dunsparce|atk|1\n|-boost|p1a: Dunsparce|def|1\n|-boost|p1a: Dunsparce|accuracy|1\n|move|p2a: Arceus|Stored Power|p1a: Dunsparce\n|-damage|p1a: Dunsparce|0 fnt\n|faint|p1a: Dunsparce\n|\n|upkeep\n|\n|t:|1781410654\n|switch|p1a: Espeon|Espeon, L84, M|246/246\n|turn|12\n|\n|t:|1781410659\n|-terastallize|p1a: Espeon|Psychic\n|move|p1a: Espeon|Psyshock|p2a: Arceus\n|-resisted|p2a: Arceus\n|-damage|p2a: Arceus|213/280 par\n|-damage|p1a: Espeon|222/246|[from] item: Life Orb\n|move|p2a: Arceus|Body Press|p1a: Espeon\n|-resisted|p1a: Espeon\n|-damage|p1a: Espeon|116/246\n|\n|upkeep\n|turn|13\n|\n|t:|1781410667\n|move|p1a: Espeon|Shadow Ball|p2a: Arceus\n|-supereffective|p2a: Arceus\n|-crit|p2a: Arceus\n|-damage|p2a: Arceus|0 fnt\n|faint|p2a: Arceus\n|-damage|p1a: Espeon|92/246|[from] item: Life Orb\n|\n|upkeep\n|\n|t:|1781410679\n|switch|p2a: Regieleki|Regieleki, L79|256/256\n|turn|14\n|n|\u2606bulrug|bulrug\n|\n|t:|1781410689\n|switch|p1a: Chesnaught|Chesnaught, L84, M|285/285\n|move|p2a: Regieleki|Volt Switch|p1a: Chesnaught\n|-resisted|p1a: Chesnaught\n|-damage|p1a: Chesnaught|231/285\n|l|\u2606bulrug\n|inactive|bulrug disconnected and has a minute to reconnect!\n|player|p1|\n|\n|t:|1781410696\n|switch|p2a: Scyther|Scyther, L82, F|249/249|[from] Volt Switch\n|\n|-heal|p1a: Chesnaught|248/285|[from] item: Leftovers\n|upkeep\n|turn|15\n|j|\u2606bulrug\n|inactive|bulrug reconnected and has 150 seconds left.\n|player|p1|bulrug|burglar|\n|\n|t:|1781410703\n|switch|p1a: Iron Thorns|Iron Thorns, L83|284/302\n|-item|p1a: Iron Thorns|Air Balloon\n|move|p2a: Scyther|Dual Wingbeat|p1a: Iron Thorns\n|-resisted|p1a: Iron Thorns\n|-damage|p1a: Iron Thorns|271/302\n|-enditem|p1a: Iron Thorns|Air Balloon\n|-resisted|p1a: Iron Thorns\n|-damage|p1a: Iron Thorns|257/302\n|-hitcount|p1a: Iron Thorns|2\n|\n|upkeep\n|turn|16\n|l|\u203dbulrug\n|inactive|bulrug disconnected and has a minute to reconnect!\n|player|p1|\n|j|\u203dbulrug\n|inactive|bulrug reconnected and has 145 seconds left.\n|player|p1|bulrug|burglar|\n|n|\u203dbulrug|bulrug\n|\n|t:|1781410715\n|move|p2a: Scyther|U-turn|p1a: Iron Thorns\n|-damage|p1a: Iron Thorns|194/302\n|\n|t:|1781410722\n|switch|p2a: Pincurchin|Pincurchin, M|258/258|[from] U-turn\n|-fieldstart|move: Electric Terrain|[from] ability: Electric Surge|[of] p2a: Pincurchin\n|-activate|p1a: Iron Thorns|ability: Quark Drive\n|-start|p1a: Iron Thorns|quarkdriveatk\n|move|p1a: Iron Thorns|Wild Charge|p2a: Pincurchin\n|-resisted|p2a: Pincurchin\n|-damage|p2a: Pincurchin|178/258\n|-damage|p1a: Iron Thorns|174/302|[from] Recoil\n|\n|-heal|p2a: Pincurchin|194/258|[from] item: Leftovers\n|upkeep\n|turn|17\n|\n|t:|1781410729\n|move|p1a: Iron Thorns|Stone Edge|p2a: Pincurchin\n|-damage|p2a: Pincurchin|46/258\n|move|p2a: Pincurchin|Liquidation|p1a: Iron Thorns\n|-supereffective|p1a: Iron Thorns\n|-damage|p1a: Iron Thorns|10/302\n|\n|-heal|p2a: Pincurchin|62/258|[from] item: Leftovers\n|upkeep\n|turn|18\n|\n|t:|1781410735\n|move|p1a: Iron Thorns|Wild Charge|p2a: Pincurchin\n|-resisted|p2a: Pincurchin\n|-damage|p2a: Pincurchin|0 fnt\n|faint|p2a: Pincurchin\n|-damage|p1a: Iron Thorns|0 fnt|[from] Recoil\n|faint|p1a: Iron Thorns\n|-end|p1a: Iron Thorns|Quark Drive|[silent]\n|\n|upkeep\n|\n|t:|1781410743\n|switch|p1a: Lycanroc|Lycanroc, L86, M|269/269\n|switch|p2a: Regieleki|Regieleki, L79|256/256\n|turn|19\n|j| Yutomishima\n|\n|t:|1781410752\n|move|p2a: Regieleki|Thunderbolt|p1a: Lycanroc\n|-damage|p1a: Lycanroc|46/269\n|move|p1a: Lycanroc|Stone Edge|p2a: Regieleki\n|-crit|p2a: Regieleki\n|-damage|p2a: Regieleki|0 fnt\n|faint|p2a: Regieleki\n|-damage|p1a: Lycanroc|20/269|[from] item: Life Orb\n|\n|upkeep\n|\n|t:|1781410767\n|switch|p2a: Regigigas|Regigigas, L84|322/322\n|-start|p2a: Regigigas|ability: Slow Start\n|turn|20\n|\n|t:|1781410776\n|switch|p1a: Chesnaught|Chesnaught, L84, M|248/285\n|move|p2a: Regigigas|Knock Off|p1a: Chesnaught\n|-resisted|p1a: Chesnaught\n|-damage|p1a: Chesnaught|227/285\n|-enditem|p1a: Chesnaught|Leftovers|[from] move: Knock Off|[of] p2a: Regigigas\n|\n|-fieldend|move: Electric Terrain\n|upkeep\n|turn|21\n|\n|t:|1781410785\n|switch|p2a: Staraptor|Staraptor, L79, M|263/263\n|move|p1a: Chesnaught|Iron Defense|p1a: Chesnaught\n|-boost|p1a: Chesnaught|def|2\n|\n|upkeep\n|turn|22\n|\n|t:|1781410788\n|move|p2a: Staraptor|Brave Bird|p1a: Chesnaught\n|-supereffective|p1a: Chesnaught\n|-damage|p1a: Chesnaught|0 fnt\n|faint|p1a: Chesnaught\n|-damage|p2a: Staraptor|188/263|[from] Recoil\n|\n|upkeep\n|\n|t:|1781410794\n|switch|p1a: Toucannon|Toucannon, L88, F|284/284\n|turn|23\n|\n|t:|1781410814\n|-singleturn|p1a: Toucannon|move: Beak Blast\n|move|p2a: Staraptor|Brave Bird|p1a: Toucannon\n|-damage|p1a: Toucannon|38/284\n|-status|p2a: Staraptor|brn\n|-damage|p2a: Staraptor|107/263 brn|[from] Recoil\n|move|p1a: Toucannon|Beak Blast|p2a: Staraptor\n|-damage|p2a: Staraptor|0 fnt\n|faint|p2a: Staraptor\n|\n|upkeep\n|\n|t:|1781410818\n|switch|p2a: Regigigas|Regigigas, L84|322/322\n|-start|p2a: Regigigas|ability: Slow Start\n|turn|24\n|\n|t:|1781410826\n|move|p1a: Toucannon|Boomburst|p2a: Regigigas\n|-damage|p2a: Regigigas|214/322\n|move|p2a: Regigigas|Knock Off|p1a: Toucannon\n|-damage|p1a: Toucannon|0 fnt\n|-enditem|p1a: Toucannon|Heavy-Duty Boots|[from] move: Knock Off|[of] p2a: Regigigas\n|faint|p1a: Toucannon\n|\n|-heal|p2a: Regigigas|234/322|[from] item: Leftovers\n|upkeep\n|\n|t:|1781410829\n|switch|p1a: Espeon|Espeon, L84, M, tera:Psychic|92/246\n|turn|25\n|\n|t:|1781410839\n|move|p1a: Espeon|Psyshock|p2a: Regigigas\n|-damage|p2a: Regigigas|70/322\n|-damage|p1a: Espeon|68/246|[from] item: Life Orb\n|move|p2a: Regigigas|Knock Off|p1a: Espeon\n|-supereffective|p1a: Espeon\n|-damage|p1a: Espeon|0 fnt\n|-enditem|p1a: Espeon|Life Orb|[from] move: Knock Off|[of] p2a: Regigigas\n|faint|p1a: Espeon\n|\n|-heal|p2a: Regigigas|90/322|[from] item: Leftovers\n|upkeep\n|\n|t:|1781410841\n|switch|p1a: Lycanroc|Lycanroc, L86, M|20/269\n|turn|26\n|\n|t:|1781410844\n|move|p1a: Lycanroc|Close Combat|p2a: Regigigas\n|-supereffective|p2a: Regigigas\n|-damage|p2a: Regigigas|0 fnt\n|-unboost|p1a: Lycanroc|def|1\n|-unboost|p1a: Lycanroc|spd|1\n|faint|p2a: Regigigas\n|-end|p2a: Regigigas|Slow Start|[silent]\n|-damage|p1a: Lycanroc|0 fnt|[from] item: Life Orb\n|faint|p1a: Lycanroc\n|\n|win|euphoricpoptarts\n", "inputlog": ">version a8376a258c1d4662feba110a92103f3664a72141\n>start {\"formatid\":\"gen9randombattle\",\"seed\":\"sodium,59ac3fa6a04b3e80efc66bd1f2e09b5b\",\"rated\":\"Rated battle\"}\n>player p1 {\"name\":\"bulrug\",\"avatar\":\"burglar\",\"rating\":2069,\"seed\":\"sodium,1314f47d16969b63e647968852b394a7\"}\n>player p2 {\"name\":\"euphoricpoptarts\",\"avatar\":\"unknown\",\"rating\":2090,\"seed\":\"sodium,2258a2d899bdbc52e51b92bcdafead25\"}\n>p1 move wildcharge\n>p2 move cosmicpower\n>p1 switch 3\n>p2 move cosmicpower\n>p1 move bodyslam\n>p2 move cosmicpower\n>p1 move coil\n>p2 move bodypress\n>p1 move bodyslam\n>p2 move cosmicpower\n>p1 move coil\n>p2 move recover\n>p1 move coil\n>p2 move storedpower\n>p1 move bodyslam\n>p2 move cosmicpower\n>p1 move bodyslam\n>p2 move storedpower\n>p1 move bodyslam\n>p2 move recover\n>p1 move coil\n>p2 move storedpower\n>p1 switch 2\n>p1 move psyshock terastallize\n>p2 move bodypress\n>p1 move shadowball\n>p2 move cosmicpower\n>p2 switch 6\n>p1 switch 6\n>p2 move voltswitch\n>p2 switch 2\n>p1 switch 3\n>p2 move dualwingbeat\n>p1 move wildcharge\n>p2 move uturn\n>p2 switch 5\n>p1 move stoneedge\n>p2 move liquidation\n>p1 move wildcharge\n>p2 move liquidation\n>p1 switch 4\n>p2 switch 2\n>p1 move stoneedge\n>p2 move thunderbolt\n>p2 switch 4\n>p1 switch 3\n>p2 move knockoff\n>p1 move irondefense\n>p2 switch 3\n>p1 move bodypress\n>p2 move bravebird\n>p1 switch 5\n>p1 move beakblast\n>p2 move bravebird\n>p2 switch 3\n>p1 move boomburst\n>p2 move knockoff\n>p1 switch 6\n>p1 move psyshock\n>p2 move knockoff\n>p1 switch 3\n>p1 move closecombat\n>p2 move knockoff", "uploadtime": 1781410586, "views": 7, "formatid": "gen9randombattle", "rating": null, "private": 0, "password": null}