{"id": "gen9randombattle-2631930449", "format": "[Gen 9] Random Battle", "players": ["pukeko_damn", "lobo5209"], "log": "|j|\u2606pukeko_damn\n|j|\u2606lobo5209\n|t:|1781456852\n|gametype|singles\n|player|p1|pukeko_damn|fisherman-gen4|1399\n|player|p2|lobo5209|101|1381\n|gen|9\n|tier|[Gen 9] Random Battle\n|rated|\n|rule|Species Clause: Limit one of each Pok\u00e9mon\n|rule|HP Percentage Mod: HP is shown in percentages\n|rule|Sleep Clause Mod: Limit one foe put to sleep\n|rule|Illusion Level Mod: Illusion disguises the Pok\u00e9mon's true level\n|\n|t:|1781456852\n|teamsize|p1|6\n|teamsize|p2|6\n|start\n|switch|p1a: Iron Moth|Iron Moth, L78|253/253\n|switch|p2a: Talonflame|Talonflame, L83, M|265/265\n|turn|1\n|inactive|Battle timer is ON: inactive players will automatically lose when time's up. (requested by pukeko_damn)\n|\n|t:|1781456861\n|-end|p1a: Iron Moth|Quark Drive|[silent]\n|switch|p1a: Houndstone|Houndstone, L86, F|264/264\n|move|p2a: Talonflame|U-turn|p1a: Houndstone\n|-resisted|p1a: Houndstone\n|-damage|p1a: Houndstone|255/264\n|\n|t:|1781456876\n|switch|p2a: Greedent|Greedent, L86, M|347/347|[from] U-turn\n|\n|-heal|p1a: Houndstone|264/264|[from] item: Leftovers\n|upkeep\n|turn|2\n|\n|t:|1781456879\n|move|p1a: Houndstone|Will-O-Wisp|p2a: Greedent\n|-status|p2a: Greedent|brn\n|move|p2a: Greedent|Swords Dance|p2a: Greedent\n|-boost|p2a: Greedent|atk|2\n|\n|-damage|p2a: Greedent|326/347 brn|[from] brn\n|upkeep\n|turn|3\n|\n|t:|1781456884\n|move|p1a: Houndstone|Body Press|p2a: Greedent\n|-supereffective|p2a: Greedent\n|-damage|p2a: Greedent|210/347 brn\n|move|p2a: Greedent|Swords Dance|p2a: Greedent\n|-boost|p2a: Greedent|atk|2\n|\n|-damage|p2a: Greedent|189/347 brn|[from] brn\n|upkeep\n|turn|4\n|\n|t:|1781456897\n|move|p1a: Houndstone|Body Press|p2a: Greedent\n|-supereffective|p2a: Greedent\n|-damage|p2a: Greedent|73/347 brn\n|-enditem|p2a: Greedent|Sitrus Berry|[eat]\n|-heal|p2a: Greedent|159/347 brn|[from] item: Sitrus Berry\n|-heal|p2a: Greedent|274/347 brn|[from] ability: Cheek Pouch\n|move|p2a: Greedent|Swords Dance|p2a: Greedent\n|-boost|p2a: Greedent|atk|2\n|\n|-damage|p2a: Greedent|253/347 brn|[from] brn\n|upkeep\n|turn|5\n|\n|t:|1781456901\n|move|p1a: Houndstone|Body Press|p2a: Greedent\n|-supereffective|p2a: Greedent\n|-damage|p2a: Greedent|151/347 brn\n|move|p2a: Greedent|Knock Off|p1a: Houndstone\n|-supereffective|p1a: Houndstone\n|-damage|p1a: Houndstone|144/264\n|-enditem|p1a: Houndstone|Leftovers|[from] move: Knock Off|[of] p2a: Greedent\n|\n|-damage|p2a: Greedent|130/347 brn|[from] brn\n|upkeep\n|turn|6\n|\n|t:|1781456905\n|move|p1a: Houndstone|Body Press|p2a: Greedent\n|-supereffective|p2a: Greedent\n|-damage|p2a: Greedent|28/347 brn\n|move|p2a: Greedent|Earthquake|p1a: Houndstone\n|-damage|p1a: Houndstone|23/264\n|\n|-damage|p2a: Greedent|7/347 brn|[from] brn\n|upkeep\n|turn|7\n|\n|t:|1781456912\n|move|p1a: Houndstone|Body Press|p2a: Greedent\n|-supereffective|p2a: Greedent\n|-damage|p2a: Greedent|0 fnt\n|faint|p2a: Greedent\n|\n|upkeep\n|\n|t:|1781456918\n|switch|p2a: Talonflame|Talonflame, L83, M|265/265\n|turn|8\n|\n|t:|1781456922\n|move|p1a: Houndstone|Shadow Sneak|p2a: Talonflame\n|-damage|p2a: Talonflame|214/265\n|move|p2a: Talonflame|Overheat|p1a: Houndstone\n|-damage|p1a: Houndstone|0 fnt\n|-unboost|p2a: Talonflame|spa|2\n|faint|p1a: Houndstone\n|\n|upkeep\n|\n|t:|1781456932\n|switch|p1a: Politoed|Politoed, L88, F|302/302\n|-weather|RainDance|[from] ability: Drizzle|[of] p1a: Politoed\n|turn|9\n|\n|t:|1781456937\n|move|p2a: Talonflame|U-turn|p1a: Politoed\n|-crit|p1a: Politoed\n|-damage|p1a: Politoed|228/302\n|\n|t:|1781456941\n|switch|p2a: Jolteon|Jolteon, L84, M|246/246|[from] U-turn\n|move|p1a: Politoed|Hydro Pump|p2a: Jolteon\n|-damage|p2a: Jolteon|0 fnt\n|faint|p2a: Jolteon\n|\n|-weather|RainDance|[upkeep]\n|upkeep\n|\n|t:|1781456952\n|switch|p2a: Empoleon|Empoleon, L84, F|278/278\n|turn|10\n|\n|t:|1781456964\n|switch|p1a: Goodra|Goodra, L85, F|292/292\n|move|p2a: Empoleon|Roar|p1a: Goodra\n|drag|p1a: Politoed|Politoed, L88, F|228/302\n|\n|-weather|RainDance|[upkeep]\n|upkeep\n|turn|11\n|\n|t:|1781456971\n|move|p1a: Politoed|Focus Blast|p2a: Empoleon\n|-supereffective|p2a: Empoleon\n|-damage|p2a: Empoleon|36/278\n|move|p2a: Empoleon|Ice Beam|p1a: Politoed\n|-resisted|p1a: Politoed\n|-damage|p1a: Politoed|199/302\n|\n|-weather|RainDance|[upkeep]\n|-heal|p2a: Empoleon|53/278|[from] item: Leftovers\n|upkeep\n|turn|12\n|\n|t:|1781456975\n|move|p1a: Politoed|Focus Blast|p2a: Empoleon|[miss]\n|-miss|p1a: Politoed|p2a: Empoleon\n|move|p2a: Empoleon|Roost|p2a: Empoleon\n|-heal|p2a: Empoleon|192/278\n|-singleturn|p2a: Empoleon|move: Roost\n|\n|-weather|RainDance|[upkeep]\n|-heal|p2a: Empoleon|209/278|[from] item: Leftovers\n|upkeep\n|turn|13\n|\n|t:|1781456985\n|switch|p2a: Talonflame|Talonflame, L83, M|214/265\n|move|p1a: Politoed|Focus Blast|p2a: Talonflame\n|-resisted|p2a: Talonflame\n|-damage|p2a: Talonflame|140/265\n|\n|-weather|none\n|upkeep\n|turn|14\n|\n|t:|1781456989\n|switch|p1a: Diancie|Diancie, L82|216/216\n|move|p2a: Talonflame|Roost|p2a: Talonflame\n|-heal|p2a: Talonflame|265/265\n|-singleturn|p2a: Talonflame|move: Roost\n|\n|upkeep\n|turn|15\n|\n|t:|1781456994\n|move|p2a: Talonflame|U-turn|p1a: Diancie\n|-resisted|p1a: Diancie\n|-damage|p1a: Diancie|201/216\n|\n|t:|1781456998\n|switch|p2a: Empoleon|Empoleon, L84, F|209/278|[from] U-turn\n|move|p1a: Diancie|Calm Mind|p1a: Diancie\n|-boost|p1a: Diancie|spa|1\n|-boost|p1a: Diancie|spd|1\n|\n|-heal|p2a: Empoleon|226/278|[from] item: Leftovers\n|-heal|p1a: Diancie|214/216|[from] item: Leftovers\n|upkeep\n|turn|16\n|\n|t:|1781457003\n|move|p2a: Empoleon|Surf|p1a: Diancie\n|-supereffective|p1a: Diancie\n|-damage|p1a: Diancie|118/216\n|move|p1a: Diancie|Calm Mind|p1a: Diancie\n|-boost|p1a: Diancie|spa|1\n|-boost|p1a: Diancie|spd|1\n|\n|-heal|p2a: Empoleon|243/278|[from] item: Leftovers\n|-heal|p1a: Diancie|131/216|[from] item: Leftovers\n|upkeep\n|turn|17\n|\n|t:|1781457006\n|move|p2a: Empoleon|Surf|p1a: Diancie\n|-supereffective|p1a: Diancie\n|-damage|p1a: Diancie|57/216\n|move|p1a: Diancie|Calm Mind|p1a: Diancie\n|-boost|p1a: Diancie|spa|1\n|-boost|p1a: Diancie|spd|1\n|\n|-heal|p2a: Empoleon|260/278|[from] item: Leftovers\n|-heal|p1a: Diancie|70/216|[from] item: Leftovers\n|upkeep\n|turn|18\n|\n|t:|1781457017\n|move|p2a: Empoleon|Surf|p1a: Diancie\n|-supereffective|p1a: Diancie\n|-damage|p1a: Diancie|10/216\n|move|p1a: Diancie|Earth Power|p2a: Empoleon\n|-supereffective|p2a: Empoleon\n|-damage|p2a: Empoleon|0 fnt\n|faint|p2a: Empoleon\n|\n|-heal|p1a: Diancie|23/216|[from] item: Leftovers\n|upkeep\n|\n|t:|1781457020\n|switch|p2a: Talonflame|Talonflame, L83, M|265/265\n|turn|19\n|\n|t:|1781457024\n|move|p2a: Talonflame|Brave Bird|p1a: Diancie\n|-resisted|p1a: Diancie\n|-damage|p1a: Diancie|0 fnt\n|faint|p1a: Diancie\n|-damage|p2a: Talonflame|257/265|[from] Recoil\n|\n|upkeep\n|\n|t:|1781457029\n|switch|p1a: Politoed|Politoed, L88, F|199/302\n|-weather|RainDance|[from] ability: Drizzle|[of] p1a: Politoed\n|turn|20\n|\n|t:|1781457036\n|move|p2a: Talonflame|Brave Bird|p1a: Politoed\n|-damage|p1a: Politoed|70/302\n|-damage|p2a: Talonflame|214/265|[from] Recoil\n|move|p1a: Politoed|Hydro Pump|p2a: Talonflame|[miss]\n|-miss|p1a: Politoed|p2a: Talonflame\n|\n|-weather|RainDance|[upkeep]\n|upkeep\n|turn|21\n|\n|t:|1781457040\n|move|p2a: Talonflame|Brave Bird|p1a: Politoed\n|-damage|p1a: Politoed|0 fnt\n|faint|p1a: Politoed\n|-damage|p2a: Talonflame|191/265|[from] Recoil\n|\n|-weather|RainDance|[upkeep]\n|upkeep\n|\n|t:|1781457044\n|switch|p1a: Iron Moth|Iron Moth, L78|253/253\n|turn|22\n|\n|t:|1781457060\n|move|p2a: Talonflame|Brave Bird|p1a: Iron Moth\n|-damage|p1a: Iron Moth|109/253\n|-damage|p2a: Talonflame|143/265|[from] Recoil\n|move|p1a: Iron Moth|Sludge Wave|p2a: Talonflame\n|-damage|p2a: Talonflame|13/265\n|\n|-weather|RainDance|[upkeep]\n|upkeep\n|turn|23\n|\n|t:|1781457065\n|move|p2a: Talonflame|Brave Bird|p1a: Iron Moth\n|-damage|p1a: Iron Moth|0 fnt\n|faint|p1a: Iron Moth\n|-end|p1a: Iron Moth|Quark Drive|[silent]\n|-damage|p2a: Talonflame|0 fnt|[from] Recoil\n|faint|p2a: Talonflame\n|\n|-weather|RainDance|[upkeep]\n|upkeep\n|\n|t:|1781457077\n|switch|p2a: Flamigo|Flamigo, L82, F|269/269\n|switch|p1a: Goodra|Goodra, L85, F|292/292\n|turn|24\n|\n|t:|1781457088\n|move|p2a: Flamigo|Brave Bird|p1a: Goodra\n|-damage|p1a: Goodra|70/292\n|-damage|p2a: Flamigo|196/269|[from] Recoil\n|move|p1a: Goodra|Draco Meteor|p2a: Flamigo\n|-crit|p2a: Flamigo\n|-damage|p2a: Flamigo|0 fnt\n|-unboost|p1a: Goodra|spa|2\n|faint|p2a: Flamigo\n|\n|-weather|none\n|upkeep\n|\n|t:|1781457091\n|switch|p2a: Mienshao|Mienshao, L83, M|244/244\n|turn|25\n|\n|t:|1781457096\n|move|p2a: Mienshao|Swords Dance|p2a: Mienshao\n|-boost|p2a: Mienshao|atk|2\n|move|p1a: Goodra|Power Whip|p2a: Mienshao\n|-damage|p2a: Mienshao|129/244\n|\n|upkeep\n|turn|26\n|\n|t:|1781457100\n|move|p2a: Mienshao|Knock Off|p1a: Goodra\n|-damage|p1a: Goodra|0 fnt\n|-enditem|p1a: Goodra|Assault Vest|[from] move: Knock Off|[of] p2a: Mienshao\n|faint|p1a: Goodra\n|-damage|p2a: Mienshao|105/244|[from] item: Life Orb\n|\n|upkeep\n|\n|t:|1781457102\n|switch|p1a: Kingambit|Kingambit, L74, M|270/270\n|-activate|p1a: Kingambit|ability: Supreme Overlord\n|-start|p1a: Kingambit|fallen5|[silent]\n|turn|27\n|\n|t:|1781457109\n|-terastallize|p2a: Mienshao|Fighting\n|-terastallize|p1a: Kingambit|Flying\n|move|p2a: Mienshao|Close Combat|p1a: Kingambit\n|-resisted|p1a: Kingambit\n|-damage|p1a: Kingambit|27/270\n|-unboost|p2a: Mienshao|def|1\n|-unboost|p2a: Mienshao|spd|1\n|-damage|p2a: Mienshao|81/244|[from] item: Life Orb\n|move|p1a: Kingambit|Swords Dance|p1a: Kingambit\n|-boost|p1a: Kingambit|atk|2\n|\n|-heal|p1a: Kingambit|43/270|[from] item: Leftovers\n|upkeep\n|turn|28\n|\n|t:|1781457118\n|move|p1a: Kingambit|Sucker Punch|p2a: Mienshao\n|-resisted|p2a: Mienshao\n|-damage|p2a: Mienshao|0 fnt\n|faint|p2a: Mienshao\n|\n|win|pukeko_damn\n|raw|pukeko_damn's rating: 1399 &rarr; <strong>1418</strong><br />(+19 for winning)\n|raw|lobo5209's rating: 1381 &rarr; <strong>1362</strong><br />(-19 for losing)\n|c|\u2606pukeko_damn|gg\n", "inputlog": ">version a8376a258c1d4662feba110a92103f3664a72141\n>start {\"formatid\":\"gen9randombattle\",\"seed\":\"sodium,339607ee6db7ffe82e82a650730f2562\",\"rated\":\"Rated battle\"}\n>player p1 {\"name\":\"pukeko_damn\",\"avatar\":\"fisherman-gen4\",\"rating\":1399,\"seed\":\"sodium,9b2fb2be58ed416f0b5f93b0927340dc\"}\n>player p2 {\"name\":\"lobo5209\",\"avatar\":\"101\",\"rating\":1381,\"seed\":\"sodium,a06d24228f59c3b3c704b4f5adb5ee36\"}\n>p1 switch 6\n>p2 move uturn\n>p2 switch 6\n>p1 move willowisp\n>p2 move swordsdance\n>p1 move bodypress\n>p2 move swordsdance\n>p1 move bodypress\n>p2 move swordsdance\n>p1 move bodypress\n>p2 move knockoff\n>p1 move bodypress\n>p2 move earthquake\n>p1 move bodypress\n>p2 move knockoff\n>p2 switch 6\n>p1 move shadowsneak\n>p2 move overheat\n>p1 switch 5\n>p1 move hydropump\n>p2 move uturn\n>p2 switch 5\n>p2 switch 4\n>p1 switch 3\n>p2 move roar\n>p1 move focusblast\n>p2 move icebeam\n>p1 move focusblast\n>p2 move roost\n>p1 move focusblast\n>p2 switch 5\n>p1 switch 4\n>p2 move roost\n>p1 move calmmind\n>p2 move uturn\n>p2 switch 5\n>p1 move calmmind\n>p2 move surf\n>p1 move calmmind\n>p2 move surf\n>p1 move earthpower\n>p2 move surf\n>p2 switch 5\n>p1 move diamondstorm\n>p2 move bravebird\n>p1 switch 4\n>p1 move hydropump\n>p2 move bravebird\n>p1 move hydropump\n>p2 move bravebird\n>p1 switch 6\n>p1 move sludgewave\n>p2 move bravebird\n>p1 move toxicspikes\n>p2 move bravebird\n>p1 switch 3\n>p2 switch 3\n>p1 move dracometeor\n>p2 move bravebird\n>p2 switch 2\n>p1 move powerwhip\n>p2 move swordsdance\n>p1 move powerwhip\n>p2 move knockoff\n>p1 switch 2\n>p1 move swordsdance terastallize\n>p2 move closecombat terastallize\n>p1 move suckerpunch\n>p2 move poisonjab", "uploadtime": 1781457124, "views": 8, "formatid": "gen9randombattle", "rating": 1362, "private": 0, "password": null}