{"id": "gen9randombattle-2631940847", "format": "[Gen 9] Random Battle", "players": ["EduArdo1516", "UmbreonSolitario"], "log": "|j|\u2606EduArdo1516\n|j|\u2606UmbreonSolitario\n|t:|1781458007\n|gametype|singles\n|player|p1|EduArdo1516|101|2010\n|player|p2|UmbreonSolitario|266|1990\n|gen|9\n|tier|[Gen 9] Random Battle\n|rated|\n|rule|Species Clause: Limit one of each Pok\u00e9mon\n|rule|HP Percentage Mod: HP is shown in percentages\n|rule|Sleep Clause Mod: Limit one foe put to sleep\n|rule|Illusion Level Mod: Illusion disguises the Pok\u00e9mon's true level\n|\n|t:|1781458007\n|teamsize|p1|6\n|teamsize|p2|6\n|start\n|switch|p1a: Electrode|Electrode-Hisui, L87|246/246\n|switch|p2a: Forretress|Forretress, L84, F|263/263\n|turn|1\n|inactive|Battle timer is ON: inactive players will automatically lose when time's up. (requested by EduArdo1516)\n|\n|t:|1781458024\n|move|p1a: Electrode|Thunderbolt|p2a: Forretress\n|-damage|p2a: Forretress|146/263\n|move|p2a: Forretress|Stealth Rock|p1a: Electrode\n|-sidestart|p1: EduArdo1516|move: Stealth Rock\n|\n|-heal|p2a: Forretress|162/263|[from] item: Leftovers\n|upkeep\n|turn|2\n|\n|t:|1781458034\n|move|p1a: Electrode|Thunderbolt|p2a: Forretress\n|-damage|p2a: Forretress|47/263\n|move|p2a: Forretress|Rapid Spin|p1a: Electrode\n|-damage|p1a: Electrode|210/246\n|-boost|p2a: Forretress|spe|1\n|\n|-heal|p1a: Electrode|225/246|[from] item: Leftovers\n|-heal|p2a: Forretress|63/263|[from] item: Leftovers\n|upkeep\n|turn|3\n|\n|t:|1781458041\n|move|p1a: Electrode|Thunderbolt|p2a: Forretress\n|-damage|p2a: Forretress|0 fnt\n|faint|p2a: Forretress\n|\n|-heal|p1a: Electrode|240/246|[from] item: Leftovers\n|upkeep\n|\n|t:|1781458045\n|switch|p2a: Hariyama|Hariyama, L87, M|392/392\n|turn|4\n|\n|t:|1781458050\n|switch|p1a: Fezandipiti|Fezandipiti, L82, M|278/278\n|-damage|p1a: Fezandipiti|244/278|[from] Stealth Rock\n|move|p2a: Hariyama|Knock Off|p1a: Fezandipiti\n|-resisted|p1a: Fezandipiti\n|-damage|p1a: Fezandipiti|197/278\n|-enditem|p1a: Fezandipiti|Leftovers|[from] move: Knock Off|[of] p2a: Hariyama\n|\n|upkeep\n|turn|5\n|l|\u2606EduArdo1516\n|inactive|EduArdo1516 disconnected and has a minute to reconnect!\n|player|p1|\n|inactive|EduArdo1516 has 30 seconds to reconnect!\n|j|\u2606EduArdo1516\n|inactive|EduArdo1516 reconnected and has 100 seconds left.\n|player|p1|EduArdo1516|101|\n|inactive|EduArdo1516 has 90 seconds left.\n|\n|t:|1781458120\n|move|p1a: Fezandipiti|Beat Up|p2a: Hariyama\n|-resisted|p2a: Hariyama\n|-damage|p2a: Hariyama|385/392\n|-resisted|p2a: Hariyama\n|-crit|p2a: Hariyama\n|-damage|p2a: Hariyama|376/392\n|-resisted|p2a: Hariyama\n|-damage|p2a: Hariyama|370/392\n|-status|p2a: Hariyama|tox|[from] ability: Toxic Chain|[of] p1a: Fezandipiti\n|-resisted|p2a: Hariyama\n|-damage|p2a: Hariyama|365/392 tox\n|-resisted|p2a: Hariyama\n|-crit|p2a: Hariyama\n|-damage|p2a: Hariyama|355/392 tox\n|-resisted|p2a: Hariyama\n|-crit|p2a: Hariyama\n|-damage|p2a: Hariyama|349/392 tox\n|-hitcount|p2a: Hariyama|6\n|move|p2a: Hariyama|Heavy Slam|p1a: Fezandipiti\n|-supereffective|p1a: Fezandipiti\n|-damage|p1a: Fezandipiti|0 fnt\n|faint|p1a: Fezandipiti\n|\n|-damage|p2a: Hariyama|325/392 tox|[from] psn\n|upkeep\n|inactive|EduArdo1516 has 60 seconds left.\n|\n|t:|1781458158\n|switch|p1a: Electrode|Electrode-Hisui, L87|240/246\n|-damage|p1a: Electrode|210/246|[from] Stealth Rock\n|turn|6\n|\n|t:|1781458163\n|move|p1a: Electrode|Leech Seed|p2a: Hariyama\n|-start|p2a: Hariyama|move: Leech Seed\n|move|p2a: Hariyama|Close Combat|p1a: Electrode\n|-damage|p1a: Electrode|41/246\n|-unboost|p2a: Hariyama|def|1\n|-unboost|p2a: Hariyama|spd|1\n|\n|-heal|p1a: Electrode|56/246|[from] item: Leftovers\n|-damage|p2a: Hariyama|276/392 tox|[from] Leech Seed|[of] p1a: Electrode\n|-heal|p1a: Electrode|105/246|[silent]\n|-damage|p2a: Hariyama|228/392 tox|[from] psn\n|upkeep\n|turn|7\n|inactive|EduArdo1516 has 60 seconds left.\n|\n|t:|1781458173\n|move|p1a: Electrode|Substitute|p1a: Electrode\n|-start|p1a: Electrode|Substitute\n|-damage|p1a: Electrode|44/246\n|move|p2a: Hariyama|Close Combat|p1a: Electrode\n|-end|p1a: Electrode|Substitute\n|-unboost|p2a: Hariyama|def|1\n|-unboost|p2a: Hariyama|spd|1\n|\n|-heal|p1a: Electrode|59/246|[from] item: Leftovers\n|-damage|p2a: Hariyama|179/392 tox|[from] Leech Seed|[of] p1a: Electrode\n|-heal|p1a: Electrode|108/246|[silent]\n|-damage|p2a: Hariyama|107/392 tox|[from] psn\n|upkeep\n|turn|8\n|\n|t:|1781458179\n|move|p1a: Electrode|Giga Drain|p2a: Hariyama\n|-damage|p2a: Hariyama|0 fnt\n|-heal|p1a: Electrode|162/246|[from] drain|[of] p2a: Hariyama\n|faint|p2a: Hariyama\n|\n|-heal|p1a: Electrode|177/246|[from] item: Leftovers\n|upkeep\n|\n|t:|1781458183\n|switch|p2a: Breloom|Breloom, L83, M|235/235\n|turn|9\n|\n|t:|1781458196\n|switch|p1a: Coalossal|Coalossal, L89, M|341/341\n|move|p2a: Breloom|Swords Dance|p2a: Breloom\n|-boost|p2a: Breloom|atk|2\n|\n|upkeep\n|turn|10\n|\n|t:|1781458201\n|move|p2a: Breloom|Bullet Seed|p1a: Coalossal\n|-damage|p1a: Coalossal|246/341\n|-damage|p1a: Coalossal|152/341\n|-damage|p1a: Coalossal|58/341\n|-hitcount|p1a: Coalossal|3\n|-damage|p2a: Breloom|212/235|[from] item: Life Orb\n|move|p1a: Coalossal|Flamethrower|p2a: Breloom\n|-supereffective|p2a: Breloom\n|-damage|p2a: Breloom|0 fnt\n|faint|p2a: Breloom\n|\n|upkeep\n|\n|t:|1781458210\n|switch|p2a: Garchomp|Garchomp, L74, F|282/282\n|turn|11\n|inactive|EduArdo1516 has 90 seconds left.\n|\n|t:|1781458221\n|move|p2a: Garchomp|Earthquake|p1a: Coalossal\n|-supereffective|p1a: Coalossal\n|-damage|p1a: Coalossal|0 fnt\n|faint|p1a: Coalossal\n|\n|upkeep\n|inactive|EduArdo1516 has 90 seconds left.\n|l|\u2606EduArdo1516\n|inactive|EduArdo1516 disconnected and has a minute to reconnect!\n|player|p1|\n|j|\u2606EduArdo1516\n|inactive|EduArdo1516 reconnected and has 55 seconds left.\n|player|p1|EduArdo1516|101|\n|\n|t:|1781458265\n|switch|p1a: Greninja|Greninja, L80, M|246/246\n|-damage|p1a: Greninja|216/246|[from] Stealth Rock\n|turn|12\n|inactive|EduArdo1516 has 60 seconds left.\n|\n|t:|1781458279\n|switch|p2a: Slowking|Slowking-Galar, L85, F|300/300\n|move|p1a: Greninja|Hydro Pump|p2a: Slowking\n|-start|p1a: Greninja|typechange|Water|[from] ability: Protean\n|-damage|p2a: Slowking|171/300\n|-damage|p1a: Greninja|192/246|[from] item: Life Orb\n|\n|-heal|p2a: Slowking|189/300|[from] item: Leftovers\n|upkeep\n|turn|13\n|inactive|EduArdo1516 has 60 seconds left.\n|\n|t:|1781458295\n|move|p1a: Greninja|U-turn|p2a: Slowking\n|-damage|p2a: Slowking|124/300\n|-damage|p1a: Greninja|168/246|[from] item: Life Orb\n|\n|t:|1781458300\n|switch|p1a: Archaludon|Archaludon, L78, F|268/268|[from] U-turn\n|-damage|p1a: Archaludon|252/268|[from] Stealth Rock\n|move|p2a: Slowking|Thunder Wave|p1a: Archaludon\n|-status|p1a: Archaludon|par\n|-enditem|p1a: Archaludon|Lum Berry|[eat]\n|-curestatus|p1a: Archaludon|par|[msg]\n|\n|-heal|p2a: Slowking|142/300|[from] item: Leftovers\n|upkeep\n|turn|14\n|inactive|EduArdo1516 has 60 seconds left.\n|\n|t:|1781458309\n|move|p1a: Archaludon|Swords Dance|p1a: Archaludon\n|-boost|p1a: Archaludon|atk|2\n|move|p2a: Slowking|Thunder Wave|p1a: Archaludon\n|-status|p1a: Archaludon|par\n|\n|-heal|p2a: Slowking|160/300|[from] item: Leftovers\n|upkeep\n|turn|15\n|\n|t:|1781458317\n|switch|p2a: Metagross|Metagross, L79|256/256\n|cant|p1a: Archaludon|par\n|\n|upkeep\n|turn|16\n|\n|t:|1781458326\n|switch|p2a: Garchomp|Garchomp, L74, F|282/282\n|-terastallize|p1a: Archaludon|Ground\n|move|p1a: Archaludon|Earthquake|p2a: Garchomp\n|-damage|p2a: Garchomp|77/282\n|\n|upkeep\n|turn|17\n|\n|t:|1781458350\n|move|p2a: Garchomp|Swords Dance|p2a: Garchomp\n|-boost|p2a: Garchomp|atk|2\n|move|p1a: Archaludon|Earthquake|p2a: Garchomp\n|-damage|p2a: Garchomp|0 fnt\n|faint|p2a: Garchomp\n|\n|upkeep\n|\n|t:|1781458351\n|switch|p2a: Metagross|Metagross, L79|256/256\n|turn|18\n|inactive|EduArdo1516 has 90 seconds left.\n|\n|t:|1781458357\n|move|p2a: Metagross|Heavy Slam|p1a: Archaludon\n|-damage|p1a: Archaludon|83/268 par\n|-ability|p1a: Archaludon|Stamina|boost\n|-boost|p1a: Archaludon|def|1\n|move|p1a: Archaludon|Earthquake|p2a: Metagross\n|-supereffective|p2a: Metagross\n|-damage|p2a: Metagross|0 fnt\n|faint|p2a: Metagross\n|\n|upkeep\n|\n|t:|1781458360\n|switch|p2a: Slowking|Slowking-Galar, L85, F|260/300\n|turn|19\n|\n|t:|1781458365\n|move|p2a: Slowking|Psyshock|p1a: Archaludon\n|-damage|p1a: Archaludon|28/268 par\n|-ability|p1a: Archaludon|Stamina|boost\n|-boost|p1a: Archaludon|def|1\n|move|p1a: Archaludon|Earthquake|p2a: Slowking\n|-supereffective|p2a: Slowking\n|-damage|p2a: Slowking|0 fnt\n|faint|p2a: Slowking\n|\n|win|EduArdo1516\n", "inputlog": ">version a8376a258c1d4662feba110a92103f3664a72141\n>start {\"formatid\":\"gen9randombattle\",\"seed\":\"sodium,e308748a7f759230fc9d3c740a0e48af\",\"rated\":\"Rated battle\"}\n>player p1 {\"name\":\"EduArdo1516\",\"avatar\":\"101\",\"rating\":2010,\"seed\":\"sodium,ed03c94f4d27b6e505eb70bf04eed0b2\"}\n>player p2 {\"name\":\"UmbreonSolitario\",\"avatar\":\"266\",\"rating\":1990,\"seed\":\"sodium,a8c2f3f9bc6366cce5785ed6ea372485\"}\n>p1 move thunderbolt\n>p2 move stealthrock\n>p1 move thunderbolt\n>p2 move rapidspin\n>p1 move thunderbolt\n>p2 move rapidspin\n>p2 switch 2\n>p1 switch 6\n>p2 move knockoff\n>p1 move beatup\n>p2 move heavyslam\n>p1 switch 6\n>p1 move leechseed\n>p2 move closecombat\n>p1 move substitute\n>p2 move closecombat\n>p1 move gigadrain\n>p2 move closecombat\n>p2 switch 3\n>p1 switch 2\n>p2 move swordsdance\n>p1 move flamethrower\n>p2 move bulletseed\n>p2 switch 5\n>p1 move rapidspin\n>p2 move earthquake\n>p1 switch 3\n>p1 move hydropump\n>p2 switch 6\n>p1 move uturn\n>p2 move thunderwave\n>p1 switch 5\n>p1 move swordsdance\n>p2 move thunderwave\n>p1 move earthquake\n>p2 switch 4\n>p1 move earthquake terastallize\n>p2 switch 6\n>p1 move earthquake\n>p2 move swordsdance\n>p2 switch 6\n>p1 move earthquake\n>p2 move heavyslam\n>p2 switch 4\n>p1 move earthquake\n>p2 move psyshock", "uploadtime": 1781458008, "views": 4, "formatid": "gen9randombattle", "rating": null, "private": 0, "password": null}