{"id": "gen9randombattle-2631540654", "format": "[Gen 9] Random Battle", "players": ["xand69", "KVO723"], "log": "|j|\u2606xand69\n|j|\u2606KVO723\n|t:|1781398668\n|gametype|singles\n|player|p1|xand69|102|1509\n|player|p2|KVO723|102|1462\n|gen|9\n|tier|[Gen 9] Random Battle\n|rated|\n|rule|Species Clause: Limit one of each Pok\u00e9mon\n|rule|HP Percentage Mod: HP is shown in percentages\n|rule|Sleep Clause Mod: Limit one foe put to sleep\n|rule|Illusion Level Mod: Illusion disguises the Pok\u00e9mon's true level\n|\n|t:|1781398668\n|teamsize|p1|6\n|teamsize|p2|6\n|start\n|switch|p1a: Swalot|Swalot, L90, M|326/326\n|switch|p2a: Morpeko|Morpeko, L88, M|245/245\n|turn|1\n|inactive|Battle timer is ON: inactive players will automatically lose when time's up. (requested by xand69)\n|\n|t:|1781398695\n|switch|p2a: Zacian|Zacian-Crowned, L64|225/225\n|-ability|p2a: Zacian|Intrepid Sword|boost\n|-boost|p2a: Zacian|atk|1\n|move|p1a: Swalot|Earthquake|p2a: Zacian\n|-supereffective|p2a: Zacian\n|-damage|p2a: Zacian|79/225\n|\n|upkeep\n|turn|2\n|c|\u2606KVO723|I remembered he had that as I switched \ud83d\ude2d\n|\n|t:|1781398722\n|move|p2a: Zacian|Behemoth Blade|p1a: Swalot\n|-damage|p1a: Swalot|193/326\n|move|p1a: Swalot|Earthquake|p2a: Zacian\n|-supereffective|p2a: Zacian\n|-damage|p2a: Zacian|0 fnt\n|faint|p2a: Zacian\n|\n|-heal|p1a: Swalot|213/326|[from] item: Leftovers\n|upkeep\n|\n|t:|1781398729\n|switch|p2a: Groudon|Groudon, L72|263/263\n|-weather|SunnyDay|[from] ability: Drought|[of] p2a: Groudon\n|turn|3\n|\n|t:|1781398735\n|switch|p1a: Dudunsparce|Dudunsparce, L83, M|343/343\n|move|p2a: Groudon|Precipice Blades|p1a: Dudunsparce\n|-damage|p1a: Dudunsparce|208/343\n|\n|-weather|SunnyDay|[upkeep]\n|-heal|p1a: Dudunsparce|229/343|[from] item: Leftovers\n|upkeep\n|turn|4\n|\n|t:|1781398757\n|move|p2a: Groudon|Heat Crash|p1a: Dudunsparce\n|-damage|p1a: Dudunsparce|82/343\n|move|p1a: Dudunsparce|Glare|p2a: Groudon\n|-status|p2a: Groudon|par\n|\n|-weather|SunnyDay|[upkeep]\n|-heal|p1a: Dudunsparce|103/343|[from] item: Leftovers\n|upkeep\n|turn|5\n|\n|t:|1781398761\n|move|p1a: Dudunsparce|Roost|p1a: Dudunsparce\n|-heal|p1a: Dudunsparce|275/343\n|-singleturn|p1a: Dudunsparce|move: Roost\n|move|p2a: Groudon|Heat Crash|p1a: Dudunsparce\n|-damage|p1a: Dudunsparce|133/343\n|\n|-weather|SunnyDay|[upkeep]\n|-heal|p1a: Dudunsparce|154/343|[from] item: Leftovers\n|upkeep\n|turn|6\n|\n|t:|1781398774\n|switch|p2a: Gardevoir|Gardevoir, L83, F|249/249\n|-ability|p2a: Gardevoir|Serene Grace|Trace|[from] ability: Trace|[of] p1a: Dudunsparce\n|move|p1a: Dudunsparce|Roost|p1a: Dudunsparce\n|-heal|p1a: Dudunsparce|326/343\n|-singleturn|p1a: Dudunsparce|move: Roost\n|\n|-weather|SunnyDay|[upkeep]\n|-heal|p1a: Dudunsparce|343/343|[from] item: Leftovers\n|upkeep\n|turn|7\n|\n|t:|1781398784\n|move|p2a: Gardevoir|Focus Blast|p1a: Dudunsparce\n|-supereffective|p1a: Dudunsparce\n|-damage|p1a: Dudunsparce|0 fnt\n|faint|p1a: Dudunsparce\n|\n|-weather|none\n|upkeep\n|\n|t:|1781398788\n|switch|p1a: Volbeat|Volbeat, L90, M|263/263\n|turn|8\n|\n|t:|1781398794\n|switch|p2a: Groudon|Groudon, L72|263/263 par\n|-weather|SunnyDay|[from] ability: Drought|[of] p2a: Groudon\n|move|p1a: Volbeat|Lunge|p2a: Groudon\n|-damage|p2a: Groudon|194/263 par\n|-unboost|p2a: Groudon|atk|1\n|\n|-weather|SunnyDay|[upkeep]\n|-heal|p2a: Groudon|210/263 par|[from] item: Leftovers\n|upkeep\n|turn|9\n|\n|t:|1781398800\n|switch|p1a: Swalot|Swalot, L90, M|213/326\n|move|p2a: Groudon|Thunder Wave|p1a: Swalot\n|-status|p1a: Swalot|par\n|\n|-weather|SunnyDay|[upkeep]\n|-heal|p2a: Groudon|226/263 par|[from] item: Leftovers\n|-heal|p1a: Swalot|233/326 par|[from] item: Leftovers\n|upkeep\n|turn|10\n|\n|t:|1781398803\n|cant|p2a: Groudon|par\n|cant|p1a: Swalot|par\n|\n|-weather|SunnyDay|[upkeep]\n|-heal|p2a: Groudon|242/263 par|[from] item: Leftovers\n|-heal|p1a: Swalot|253/326 par|[from] item: Leftovers\n|upkeep\n|turn|11\n|\n|t:|1781398805\n|move|p2a: Groudon|Precipice Blades|p1a: Swalot\n|-supereffective|p1a: Swalot\n|-damage|p1a: Swalot|89/326 par\n|cant|p1a: Swalot|par\n|\n|-weather|SunnyDay|[upkeep]\n|-heal|p2a: Groudon|258/263 par|[from] item: Leftovers\n|-heal|p1a: Swalot|109/326 par|[from] item: Leftovers\n|upkeep\n|turn|12\n|\n|t:|1781398809\n|move|p1a: Swalot|Protect|p1a: Swalot\n|-singleturn|p1a: Swalot|Protect\n|cant|p2a: Groudon|par\n|\n|-weather|none\n|-heal|p2a: Groudon|263/263 par|[from] item: Leftovers\n|-heal|p1a: Swalot|129/326 par|[from] item: Leftovers\n|upkeep\n|turn|13\n|\n|t:|1781398812\n|move|p2a: Groudon|Precipice Blades|p1a: Swalot|[miss]\n|-miss|p2a: Groudon|p1a: Swalot\n|move|p1a: Swalot|Sludge Bomb|p2a: Groudon\n|-resisted|p2a: Groudon\n|-damage|p2a: Groudon|213/263 par\n|\n|-heal|p2a: Groudon|229/263 par|[from] item: Leftovers\n|-heal|p1a: Swalot|149/326 par|[from] item: Leftovers\n|upkeep\n|turn|14\n|\n|t:|1781398823\n|switch|p2a: Camerupt|Camerupt, L91, F|275/275\n|cant|p1a: Swalot|par\n|\n|-heal|p1a: Swalot|169/326 par|[from] item: Leftovers\n|upkeep\n|turn|15\n|\n|t:|1781398828\n|move|p2a: Camerupt|Stealth Rock|p1a: Swalot\n|-sidestart|p1: xand69|move: Stealth Rock\n|move|p1a: Swalot|Earthquake|p2a: Camerupt\n|-supereffective|p2a: Camerupt\n|-damage|p2a: Camerupt|163/275\n|\n|-heal|p2a: Camerupt|180/275|[from] item: Leftovers\n|-heal|p1a: Swalot|189/326 par|[from] item: Leftovers\n|upkeep\n|turn|16\n|\n|t:|1781398839\n|move|p2a: Camerupt|Earthquake|p1a: Swalot\n|-supereffective|p1a: Swalot\n|-damage|p1a: Swalot|0 fnt\n|faint|p1a: Swalot\n|\n|-heal|p2a: Camerupt|197/275|[from] item: Leftovers\n|upkeep\n|\n|t:|1781398848\n|switch|p1a: Volbeat|Volbeat, L90, M|263/263\n|turn|17\n|\n|t:|1781398853\n|switch|p2a: Groudon|Groudon, L72|229/263 par\n|-weather|SunnyDay|[from] ability: Drought|[of] p2a: Groudon\n|move|p1a: Volbeat|Encore||[still]\n|-fail|p1a: Volbeat\n|\n|-weather|SunnyDay|[upkeep]\n|-heal|p2a: Groudon|245/263 par|[from] item: Leftovers\n|upkeep\n|turn|18\n|\n|t:|1781398876\n|switch|p1a: Dragalge|Dragalge, L88, F|258/258\n|-damage|p1a: Dragalge|226/258|[from] Stealth Rock\n|move|p2a: Groudon|Heat Crash|p1a: Dragalge\n|-resisted|p1a: Dragalge\n|-damage|p1a: Dragalge|162/258\n|\n|-weather|SunnyDay|[upkeep]\n|-heal|p1a: Dragalge|178/258|[from] item: Leftovers\n|-heal|p2a: Groudon|261/263 par|[from] item: Leftovers\n|upkeep\n|turn|19\n|\n|t:|1781398879\n|move|p1a: Dragalge|Focus Blast|p2a: Groudon\n|-damage|p2a: Groudon|158/263 par\n|move|p2a: Groudon|Precipice Blades|p1a: Dragalge|[miss]\n|-miss|p2a: Groudon|p1a: Dragalge\n|\n|-weather|SunnyDay|[upkeep]\n|-heal|p1a: Dragalge|194/258|[from] item: Leftovers\n|-heal|p2a: Groudon|174/263 par|[from] item: Leftovers\n|upkeep\n|turn|20\n|\n|t:|1781398881\n|move|p1a: Dragalge|Focus Blast|p2a: Groudon|[miss]\n|-miss|p1a: Dragalge|p2a: Groudon\n|cant|p2a: Groudon|par\n|\n|-weather|SunnyDay|[upkeep]\n|-heal|p1a: Dragalge|210/258|[from] item: Leftovers\n|-heal|p2a: Groudon|190/263 par|[from] item: Leftovers\n|upkeep\n|turn|21\n|\n|t:|1781398884\n|move|p1a: Dragalge|Focus Blast|p2a: Groudon|[miss]\n|-miss|p1a: Dragalge|p2a: Groudon\n|cant|p2a: Groudon|par\n|\n|-weather|none\n|-heal|p1a: Dragalge|226/258|[from] item: Leftovers\n|-heal|p2a: Groudon|206/263 par|[from] item: Leftovers\n|upkeep\n|turn|22\n|\n|t:|1781398886\n|move|p1a: Dragalge|Focus Blast|p2a: Groudon\n|-damage|p2a: Groudon|102/263 par\n|cant|p2a: Groudon|par\n|\n|-heal|p1a: Dragalge|242/258|[from] item: Leftovers\n|-heal|p2a: Groudon|118/263 par|[from] item: Leftovers\n|upkeep\n|turn|23\n|\n|t:|1781398905\n|move|p1a: Dragalge|Draco Meteor|p2a: Groudon|[miss]\n|-miss|p1a: Dragalge|p2a: Groudon\n|cant|p2a: Groudon|par\n|\n|-heal|p1a: Dragalge|258/258|[from] item: Leftovers\n|-heal|p2a: Groudon|134/263 par|[from] item: Leftovers\n|upkeep\n|turn|24\n|c|\u2606KVO723|Oh my para\n|\n|t:|1781398917\n|move|p1a: Dragalge|Focus Blast|p2a: Groudon\n|-damage|p2a: Groudon|30/263 par\n|move|p2a: Groudon|Precipice Blades|p1a: Dragalge\n|-supereffective|p1a: Dragalge\n|-damage|p1a: Dragalge|0 fnt\n|faint|p1a: Dragalge\n|\n|-heal|p2a: Groudon|46/263 par|[from] item: Leftovers\n|upkeep\n|\n|t:|1781398920\n|switch|p1a: Glalie|Glalie, L96, F|309/309\n|turn|25\n|c|\u2606KVO723|Like sheesh\n|\n|t:|1781398934\n|switch|p2a: Gardevoir|Gardevoir, L83, F|249/249\n|-ability|p2a: Gardevoir|Inner Focus|Trace|[from] ability: Trace|[of] p1a: Glalie\n|move|p1a: Glalie|Freeze-Dry|p2a: Gardevoir\n|-damage|p2a: Gardevoir|185/249\n|\n|upkeep\n|turn|26\n|\n|t:|1781398949\n|switch|p2a: Groudon|Groudon, L72|46/263 par\n|-weather|SunnyDay|[from] ability: Drought|[of] p2a: Groudon\n|move|p1a: Glalie|Spikes|p2a: Groudon\n|-sidestart|p2: KVO723|Spikes\n|\n|-weather|SunnyDay|[upkeep]\n|-heal|p2a: Groudon|62/263 par|[from] item: Leftovers\n|upkeep\n|turn|27\n|\n|t:|1781398957\n|move|p1a: Glalie|Freeze-Dry|p2a: Groudon\n|-supereffective|p2a: Groudon\n|-damage|p2a: Groudon|0 fnt\n|faint|p2a: Groudon\n|\n|-weather|SunnyDay|[upkeep]\n|upkeep\n|\n|t:|1781398966\n|switch|p2a: Camerupt|Camerupt, L91, F|197/275\n|-damage|p2a: Camerupt|163/275|[from] Spikes\n|turn|28\n|\n|t:|1781398970\n|move|p1a: Glalie|Earthquake|p2a: Camerupt\n|-supereffective|p2a: Camerupt\n|-damage|p2a: Camerupt|33/275\n|move|p2a: Camerupt|Overheat|p1a: Glalie\n|-supereffective|p1a: Glalie\n|-damage|p1a: Glalie|0 fnt\n|-unboost|p2a: Camerupt|spa|2\n|faint|p1a: Glalie\n|\n|-weather|SunnyDay|[upkeep]\n|-heal|p2a: Camerupt|50/275|[from] item: Leftovers\n|upkeep\n|\n|t:|1781398974\n|switch|p1a: Serperior|Serperior, L79, F|248/248\n|-damage|p1a: Serperior|217/248|[from] Stealth Rock\n|turn|29\n|\n|t:|1781398983\n|move|p1a: Serperior|Substitute|p1a: Serperior\n|-start|p1a: Serperior|Substitute\n|-damage|p1a: Serperior|155/248\n|move|p2a: Camerupt|Overheat|p1a: Serperior\n|-supereffective|p1a: Serperior\n|-end|p1a: Serperior|Substitute\n|-unboost|p2a: Camerupt|spa|2\n|\n|-weather|SunnyDay|[upkeep]\n|-heal|p1a: Serperior|170/248|[from] item: Leftovers\n|-heal|p2a: Camerupt|67/275|[from] item: Leftovers\n|upkeep\n|turn|30\n|\n|t:|1781398988\n|move|p1a: Serperior|Substitute|p1a: Serperior\n|-start|p1a: Serperior|Substitute\n|-damage|p1a: Serperior|108/248\n|move|p2a: Camerupt|Overheat|p1a: Serperior\n|-supereffective|p1a: Serperior\n|-end|p1a: Serperior|Substitute\n|-unboost|p2a: Camerupt|spa|2\n|\n|-weather|none\n|-heal|p1a: Serperior|123/248|[from] item: Leftovers\n|-heal|p2a: Camerupt|84/275|[from] item: Leftovers\n|upkeep\n|turn|31\n|\n|t:|1781398991\n|move|p1a: Serperior|Leech Seed|p2a: Camerupt\n|-start|p2a: Camerupt|move: Leech Seed\n|move|p2a: Camerupt|Overheat|p1a: Serperior\n|-supereffective|p1a: Serperior\n|-damage|p1a: Serperior|39/248\n|\n|-heal|p1a: Serperior|54/248|[from] item: Leftovers\n|-heal|p2a: Camerupt|101/275|[from] item: Leftovers\n|-damage|p2a: Camerupt|67/275|[from] Leech Seed|[of] p1a: Serperior\n|-heal|p1a: Serperior|88/248|[silent]\n|upkeep\n|turn|32\n|\n|t:|1781398994\n|switch|p2a: Gardevoir|Gardevoir, L83, F|185/249\n|-damage|p2a: Gardevoir|154/249|[from] Spikes\n|-ability|p2a: Gardevoir|Contrary|Trace|[from] ability: Trace|[of] p1a: Serperior\n|move|p1a: Serperior|Substitute|p1a: Serperior\n|-start|p1a: Serperior|Substitute\n|-damage|p1a: Serperior|26/248\n|\n|-heal|p1a: Serperior|41/248|[from] item: Leftovers\n|upkeep\n|turn|33\n|\n|t:|1781398997\n|move|p1a: Serperior|Leech Seed|p2a: Gardevoir\n|-start|p2a: Gardevoir|move: Leech Seed\n|move|p2a: Gardevoir|Mystical Fire|p1a: Serperior\n|-supereffective|p1a: Serperior\n|-end|p1a: Serperior|Substitute\n|\n|-heal|p1a: Serperior|56/248|[from] item: Leftovers\n|-damage|p2a: Gardevoir|123/249|[from] Leech Seed|[of] p1a: Serperior\n|-heal|p1a: Serperior|87/248|[silent]\n|upkeep\n|turn|34\n|\n|t:|1781399001\n|move|p1a: Serperior|Substitute|p1a: Serperior\n|-start|p1a: Serperior|Substitute\n|-damage|p1a: Serperior|25/248\n|move|p2a: Gardevoir|Mystical Fire|p1a: Serperior\n|-supereffective|p1a: Serperior\n|-end|p1a: Serperior|Substitute\n|\n|-heal|p1a: Serperior|40/248|[from] item: Leftovers\n|-damage|p2a: Gardevoir|92/249|[from] Leech Seed|[of] p1a: Serperior\n|-heal|p1a: Serperior|71/248|[silent]\n|upkeep\n|turn|35\n|\n|t:|1781399003\n|move|p1a: Serperior|Substitute|p1a: Serperior\n|-start|p1a: Serperior|Substitute\n|-damage|p1a: Serperior|9/248\n|move|p2a: Gardevoir|Mystical Fire|p1a: Serperior\n|-supereffective|p1a: Serperior\n|-end|p1a: Serperior|Substitute\n|\n|-heal|p1a: Serperior|24/248|[from] item: Leftovers\n|-damage|p2a: Gardevoir|61/249|[from] Leech Seed|[of] p1a: Serperior\n|-heal|p1a: Serperior|55/248|[silent]\n|upkeep\n|turn|36\n|\n|t:|1781399007\n|move|p1a: Serperior|Tera Blast|p2a: Gardevoir\n|-damage|p2a: Gardevoir|28/249\n|move|p2a: Gardevoir|Mystical Fire|p1a: Serperior\n|-supereffective|p1a: Serperior\n|-damage|p1a: Serperior|0 fnt\n|faint|p1a: Serperior\n|\n|upkeep\n|\n|t:|1781399010\n|switch|p1a: Volbeat|Volbeat, L90, M|263/263\n|turn|37\n|\n|t:|1781399020\n|switch|p2a: Morpeko|Morpeko, L88, M|245/245\n|-damage|p2a: Morpeko|215/245|[from] Spikes\n|move|p1a: Volbeat|Lunge|p2a: Morpeko\n|-supereffective|p2a: Morpeko\n|-damage|p2a: Morpeko|27/245\n|-unboost|p2a: Morpeko|atk|1\n|\n|-heal|p2a: Morpeko|42/245|[from] item: Leftovers\n|-formechange|p2a: Morpeko|Morpeko-Hangry||[from] ability: Hunger Switch\n|upkeep\n|turn|38\n|\n|t:|1781399028\n|move|p2a: Morpeko|Aura Wheel|p1a: Volbeat\n|-damage|p1a: Volbeat|173/263\n|-boost|p2a: Morpeko|spe|1\n|move|p1a: Volbeat|Lunge|p2a: Morpeko\n|-supereffective|p2a: Morpeko\n|-damage|p2a: Morpeko|0 fnt\n|faint|p2a: Morpeko\n|\n|upkeep\n|\n|t:|1781399037\n|switch|p2a: Palkia|Palkia-Origin, L72|249/249\n|-damage|p2a: Palkia|218/249|[from] Spikes\n|-ability|p2a: Palkia|Pressure\n|turn|39\n|\n|t:|1781399042\n|move|p1a: Volbeat|Thunder Wave|p2a: Palkia\n|-status|p2a: Palkia|par\n|cant|p2a: Palkia|par\n|\n|upkeep\n|turn|40\n|\n|t:|1781399044\n|move|p1a: Volbeat|Lunge|p2a: Palkia\n|-damage|p2a: Palkia|133/249 par\n|-unboost|p2a: Palkia|atk|1\n|move|p2a: Palkia|Fire Blast|p1a: Volbeat\n|-supereffective|p1a: Volbeat\n|-damage|p1a: Volbeat|29/263\n|\n|upkeep\n|turn|41\n|\n|t:|1781399050\n|-terastallize|p1a: Volbeat|Water\n|move|p1a: Volbeat|Roost|p1a: Volbeat\n|-heal|p1a: Volbeat|161/263\n|cant|p2a: Palkia|par\n|\n|upkeep\n|turn|42\n|c|\u2606KVO723|This AGAIM\n|\n|t:|1781399063\n|-terastallize|p2a: Palkia|Dragon\n|move|p1a: Volbeat|Roost|p1a: Volbeat\n|-heal|p1a: Volbeat|263/263\n|move|p2a: Palkia|Draco Meteor|p1a: Volbeat\n|-damage|p1a: Volbeat|33/263\n|-unboost|p2a: Palkia|spa|2\n|\n|upkeep\n|turn|43\n|\n|t:|1781399070\n|move|p1a: Volbeat|Roost|p1a: Volbeat\n|-heal|p1a: Volbeat|165/263\n|move|p2a: Palkia|Draco Meteor|p1a: Volbeat\n|-damage|p1a: Volbeat|47/263\n|-unboost|p2a: Palkia|spa|2\n|\n|upkeep\n|turn|44\n|c|\u2606KVO723|Oh well, what can ya do\n|\n|t:|1781399076\n|switch|p2a: Gardevoir|Gardevoir, L83, F|28/249\n|-damage|p2a: Gardevoir|0 fnt|[from] Spikes\n|faint|p2a: Gardevoir\n|move|p1a: Volbeat|Roost|p1a: Volbeat\n|-heal|p1a: Volbeat|179/263\n|\n|upkeep\n|\n|t:|1781399078\n|switch|p2a: Camerupt|Camerupt, L91, F|67/275\n|-damage|p2a: Camerupt|33/275|[from] Spikes\n|turn|45\n|\n|t:|1781399082\n|move|p1a: Volbeat|Lunge|p2a: Camerupt\n|-resisted|p2a: Camerupt\n|-damage|p2a: Camerupt|0 fnt\n|faint|p2a: Camerupt\n|\n|upkeep\n|\n|t:|1781399084\n|switch|p2a: Palkia|Palkia-Origin, L72, tera:Dragon|133/249 par\n|-damage|p2a: Palkia|102/249 par|[from] Spikes\n|-ability|p2a: Palkia|Pressure\n|turn|46\n|\n|t:|1781399087\n|move|p1a: Volbeat|Roost|p1a: Volbeat\n|-heal|p1a: Volbeat|263/263\n|move|p2a: Palkia|Draco Meteor|p1a: Volbeat\n|-damage|p1a: Volbeat|27/263\n|-unboost|p2a: Palkia|spa|2\n|\n|upkeep\n|turn|47\n|\n|t:|1781399091\n|move|p1a: Volbeat|Roost|p1a: Volbeat\n|-heal|p1a: Volbeat|159/263\n|move|p2a: Palkia|Draco Meteor|p1a: Volbeat\n|-damage|p1a: Volbeat|43/263\n|-unboost|p2a: Palkia|spa|2\n|\n|upkeep\n|turn|48\n|\n|t:|1781399095\n|move|p1a: Volbeat|Roost|p1a: Volbeat\n|-heal|p1a: Volbeat|175/263\n|cant|p2a: Palkia|par\n|\n|upkeep\n|turn|49\n|\n|t:|1781399100\n|move|p1a: Volbeat|Lunge|p2a: Palkia\n|-damage|p2a: Palkia|17/249 par\n|-unboost|p2a: Palkia|atk|1\n|cant|p2a: Palkia|par\n|\n|upkeep\n|turn|50\n|c|\u2606xand69|gg\n|\n|t:|1781399103\n|move|p1a: Volbeat|Lunge|p2a: Palkia\n|-damage|p2a: Palkia|0 fnt\n|faint|p2a: Palkia\n|\n|win|xand69\n|raw|xand69's rating: 1513 &rarr; <strong>1530</strong><br />(+17 for winning)\n|raw|KVO723's rating: 1462 &rarr; <strong>1445</strong><br />(-17 for losing)\n|l|\u2606xand69\n|player|p1|\n", "inputlog": ">version a8376a258c1d4662feba110a92103f3664a72141\n>start {\"formatid\":\"gen9randombattle\",\"seed\":\"sodium,9a70400af4bf9d0bfc7feb67f70ac9f7\",\"rated\":\"Rated battle\"}\n>player p1 {\"name\":\"xand69\",\"avatar\":\"102\",\"rating\":1509,\"seed\":\"sodium,4cdf34bea688d736f318bfe7904e9241\"}\n>player p2 {\"name\":\"KVO723\",\"avatar\":\"102\",\"rating\":1462,\"seed\":\"sodium,99a47c1313bd3d4691ecf9997dba9d78\"}\n>p1 move earthquake\n>p2 switch 2\n>chat \u2606KVO723|I remembered he had that as I switched \ud83d\ude2d\n>p1 move earthquake\n>p2 move behemothblade\n>p2 switch 6\n>p1 switch 4\n>p2 move precipiceblades\n>p1 move glare\n>p2 move heatcrash\n>p1 move roost\n>p2 move heatcrash\n>p1 move roost\n>p2 switch 4\n>p1 move glare\n>p2 move focusblast\n>p1 switch 6\n>p1 move lunge\n>p2 switch 4\n>p1 switch 4\n>p2 move thunderwave\n>p1 move earthquake\n>p2 move precipiceblades\n>p1 move earthquake\n>p2 move precipiceblades\n>p1 move protect\n>p2 move precipiceblades\n>p1 move sludgebomb\n>p2 move precipiceblades\n>p1 move earthquake\n>p2 switch 3\n>p1 move earthquake\n>p2 move stealthrock\n>p1 move earthquake\n>p2 move earthquake\n>p1 switch 4\n>p1 move encore\n>p2 switch 3\n>p1 switch 5\n>p2 move heatcrash\n>p1 move focusblast\n>p2 move precipiceblades\n>p1 move focusblast\n>p2 move precipiceblades\n>p1 move focusblast\n>p2 move precipiceblades\n>p1 move focusblast\n>p2 move precipiceblades\n>p1 move dracometeor\n>p2 move precipiceblades\n>chat \u2606KVO723|Oh my para\n>p1 move focusblast\n>p2 move precipiceblades\n>p1 switch 3\n>chat \u2606KVO723|Like sheesh\n>p1 move freezedry\n>p2 switch 4\n>p1 move spikes\n>p2 switch 4\n>p1 move freezedry\n>p2 move heatcrash\n>p2 switch 3\n>p1 move earthquake\n>p2 move overheat\n>p1 switch 2\n>p1 move substitute\n>p2 move overheat\n>p1 move substitute\n>p2 move overheat\n>p1 move leechseed\n>p2 move overheat\n>p1 move substitute\n>p2 switch 4\n>p1 move leechseed\n>p2 move mysticalfire\n>p1 move substitute\n>p2 move mysticalfire\n>p1 move substitute\n>p2 move mysticalfire\n>p1 move terablast\n>p2 move mysticalfire\n>p1 switch 5\n>p1 move lunge\n>p2 switch 2\n>p1 move lunge\n>p2 move aurawheel\n>p2 switch 5\n>p1 move thunderwave\n>p2 move fireblast\n>p1 move lunge\n>p2 move fireblast\n>p1 move roost terastallize\n>p2 move dracometeor\n>chat \u2606KVO723|This AGAIM\n>p1 move roost\n>p2 move dracometeor terastallize\n>p1 move roost\n>p2 move dracometeor\n>chat \u2606KVO723|Oh well, what can ya do\n>p1 move roost\n>p2 switch 2\n>p2 switch 4\n>p1 move lunge\n>p2 move willowisp\n>p2 switch 2\n>p1 move roost\n>p2 move dracometeor\n>p1 move roost\n>p2 move dracometeor\n>p1 move roost\n>p2 move dracometeor\n>p1 move lunge\n>p2 move dracometeor\n>chat \u2606xand69|gg\n>p1 move lunge\n>p2 move thunderwave", "uploadtime": 1781399134, "views": 3, "formatid": "gen9randombattle", "rating": 1445, "private": 0, "password": null, "player_dets": [{"name": "xand69", "avatar": "102", "rating": 1509, "seed": "sodium,4cdf34bea688d736f318bfe7904e9241"}, {"name": "KVO723", "avatar": "102", "rating": 1462, "seed": "sodium,99a47c1313bd3d4691ecf9997dba9d78"}], "teams_full": [{"Swalot": {"name": "Swalot", "species": "Swalot", "speciesId": "swalot", "gender": "M", "shiny": false, "level": 90, "moves": ["protect", "sludgebomb", "toxic", "earthquake"], "ability": "Liquid Ooze", "evs": {"hp": 85, "atk": 85, "def": 85, "spa": 85, "spd": 85, "spe": 85}, "ivs": {"hp": 31, "atk": 31, "def": 31, "spa": 31, "spd": 31, "spe": 31}, "item": "Leftovers", "teraType": "Ground", "role": "Bulky Support", "bvs": {"hp": 100, "atk": 73, "def": 83, "spa": 73, "spd": 83, "spe": 55}, "stats": {"hp": 326, "atk": 183, "def": 201, "spa": 183, "spd": 201, "spe": 150}, "types": ["Poison"]}, "Serperior": {"name": "Serperior", "species": "Serperior", "speciesId": "serperior", "gender": "F", "shiny": false, "level": 79, "moves": ["leechseed", "substitute", "leafstorm", "terablast"], "ability": "Contrary", "evs": {"hp": 85, "atk": 85, "def": 85, "spa": 85, "spd": 85, "spe": 85}, "ivs": {"hp": 31, "atk": 31, "def": 31, "spa": 31, "spd": 31, "spe": 31}, "item": "Leftovers", "teraType": "Rock", "role": "Tera Blast user", "bvs": {"hp": 75, "atk": 75, "def": 95, "spa": 75, "spd": 95, "spe": 113}, "stats": {"hp": 248, "atk": 164, "def": 196, "spa": 164, "spd": 196, "spe": 224}, "types": ["Grass"]}, "Glalie": {"name": "Glalie", "species": "Glalie", "speciesId": "glalie", "gender": "F", "shiny": false, "level": 96, "moves": ["taunt", "freezedry", "earthquake", "spikes"], "ability": "Inner Focus", "evs": {"hp": 85, "atk": 85, "def": 85, "spa": 85, "spd": 85, "spe": 85}, "ivs": {"hp": 31, "atk": 31, "def": 31, "spa": 31, "spd": 31, "spe": 31}, "item": "Heavy-Duty Boots", "teraType": "Ghost", "role": "Fast Support", "bvs": {"hp": 80, "atk": 80, "def": 80, "spa": 80, "spd": 80, "spe": 80}, "stats": {"hp": 309, "atk": 208, "def": 208, "spa": 208, "spd": 208, "spe": 208}, "types": ["Ice"]}, "Dudunsparce": {"name": "Dudunsparce", "species": "Dudunsparce", "speciesId": "dudunsparce", "gender": "M", "shiny": false, "level": 83, "moves": ["glare", "headbutt", "roost", "earthquake"], "ability": "Serene Grace", "evs": {"hp": 85, "atk": 85, "def": 85, "spa": 85, "spd": 85, "spe": 85}, "ivs": {"hp": 31, "atk": 31, "def": 31, "spa": 31, "spd": 31, "spe": 31}, "item": "Leftovers", "teraType": "Ground", "role": "Bulky Support", "bvs": {"hp": 125, "atk": 100, "def": 80, "spa": 85, "spd": 75, "spe": 55}, "stats": {"hp": 343, "atk": 214, "def": 180, "spa": 189, "spd": 172, "spe": 139}, "types": ["Normal"]}, "Dragalge": {"name": "Dragalge", "species": "Dragalge", "speciesId": "dragalge", "gender": "F", "shiny": false, "level": 88, "moves": ["toxic", "sludgewave", "focusblast", "dracometeor"], "ability": "Adaptability", "evs": {"hp": 85, "atk": 0, "def": 85, "spa": 85, "spd": 85, "spe": 85}, "ivs": {"hp": 31, "atk": 0, "def": 31, "spa": 31, "spd": 31, "spe": 31}, "item": "Leftovers", "teraType": "Fighting", "role": "Bulky Attacker", "bvs": {"hp": 65, "atk": 75, "def": 90, "spa": 97, "spd": 123, "spe": 44}, "stats": {"hp": 258, "atk": 137, "def": 209, "spa": 221, "spd": 267, "spe": 128}, "types": ["Poison", "Dragon"]}, "Volbeat": {"name": "Volbeat", "species": "Volbeat", "speciesId": "volbeat", "gender": "M", "shiny": false, "level": 90, "moves": ["encore", "roost", "thunderwave", "lunge"], "ability": "Prankster", "evs": {"hp": 85, "atk": 85, "def": 85, "spa": 85, "spd": 85, "spe": 85}, "ivs": {"hp": 31, "atk": 31, "def": 31, "spa": 31, "spd": 31, "spe": 31}, "item": "Heavy-Duty Boots", "teraType": "Water", "role": "Bulky Attacker", "bvs": {"hp": 65, "atk": 73, "def": 75, "spa": 47, "spd": 85, "spe": 85}, "stats": {"hp": 263, "atk": 183, "def": 186, "spa": 136, "spd": 204, "spe": 204}, "types": ["Bug"]}}, {"Morpeko": {"name": "Morpeko", "species": "Morpeko", "speciesId": "morpeko", "gender": "M", "shiny": false, "level": 88, "moves": ["knockoff", "rapidspin", "aurawheel", "protect"], "ability": "Hunger Switch", "evs": {"hp": 85, "atk": 85, "def": 85, "spa": 85, "spd": 85, "spe": 85}, "ivs": {"hp": 31, "atk": 31, "def": 31, "spa": 31, "spd": 31, "spe": 31}, "item": "Leftovers", "teraType": "Electric", "role": "Bulky Attacker", "bvs": {"hp": 58, "atk": 95, "def": 58, "spa": 70, "spd": 58, "spe": 97}, "stats": {"hp": 245, "atk": 217, "def": 152, "spa": 173, "spd": 152, "spe": 221}, "types": ["Electric", "Dark"]}, "Zacian": {"name": "Zacian", "species": "Zacian", "speciesId": "zaciancrowned", "gender": "N", "shiny": false, "level": 64, "moves": ["closecombat", "swordsdance", "behemothblade", "playrough"], "ability": "Intrepid Sword", "evs": {"hp": 85, "atk": 85, "def": 85, "spa": 85, "spd": 85, "spe": 85}, "ivs": {"hp": 31, "atk": 31, "def": 31, "spa": 31, "spd": 31, "spe": 31}, "item": "Rusted Sword", "teraType": "Fighting", "role": "Setup Sweeper", "bvs": {"hp": 92, "atk": 120, "def": 115, "spa": 80, "spd": 115, "spe": 138}, "stats": {"hp": 225, "atk": 191, "def": 185, "spa": 140, "spd": 185, "spe": 214}, "types": ["Fairy"]}, "Camerupt": {"name": "Camerupt", "species": "Camerupt", "speciesId": "camerupt", "gender": "F", "shiny": false, "level": 91, "moves": ["overheat", "stealthrock", "willowisp", "earthquake"], "ability": "Solid Rock", "evs": {"hp": 85, "atk": 85, "def": 85, "spa": 85, "spd": 85, "spe": 85}, "ivs": {"hp": 31, "atk": 31, "def": 31, "spa": 31, "spd": 31, "spe": 31}, "item": "Leftovers", "teraType": "Water", "role": "Bulky Support", "bvs": {"hp": 70, "atk": 100, "def": 70, "spa": 105, "spd": 75, "spe": 40}, "stats": {"hp": 275, "atk": 234, "def": 179, "spa": 243, "spd": 188, "spe": 125}, "types": ["Fire", "Ground"]}, "Gardevoir": {"name": "Gardevoir", "species": "Gardevoir", "speciesId": "gardevoir", "gender": "F", "shiny": false, "level": 83, "moves": ["moonblast", "psychic", "mysticalfire", "focusblast"], "ability": "Trace", "evs": {"hp": 85, "atk": 0, "def": 85, "spa": 85, "spd": 85, "spe": 85}, "ivs": {"hp": 31, "atk": 0, "def": 31, "spa": 31, "spd": 31, "spe": 31}, "item": "Choice Specs", "teraType": "Fighting", "role": "Fast Attacker", "bvs": {"hp": 68, "atk": 65, "def": 65, "spa": 125, "spd": 115, "spe": 80}, "stats": {"hp": 249, "atk": 112, "def": 156, "spa": 255, "spd": 239, "spe": 180}, "types": ["Psychic", "Fairy"]}, "Palkia": {"name": "Palkia", "species": "Palkia-Origin", "speciesId": "palkiaorigin", "gender": "N", "shiny": false, "level": 72, "moves": ["fireblast", "hydropump", "thunderwave", "dracometeor"], "ability": "Pressure", "evs": {"hp": 85, "atk": 0, "def": 85, "spa": 85, "spd": 85, "spe": 85}, "ivs": {"hp": 31, "atk": 0, "def": 31, "spa": 31, "spd": 31, "spe": 31}, "item": "Lustrous Globe", "teraType": "Dragon", "role": "Bulky Attacker", "bvs": {"hp": 90, "atk": 100, "def": 100, "spa": 150, "spd": 120, "spe": 120}, "stats": {"hp": 249, "atk": 149, "def": 186, "spa": 258, "spd": 215, "spe": 215}, "types": ["Water", "Dragon"]}, "Groudon": {"name": "Groudon", "species": "Groudon", "speciesId": "groudon", "gender": "N", "shiny": false, "level": 72, "moves": ["precipiceblades", "thunderwave", "swordsdance", "heatcrash"], "ability": "Drought", "evs": {"hp": 85, "atk": 85, "def": 85, "spa": 85, "spd": 85, "spe": 85}, "ivs": {"hp": 31, "atk": 31, "def": 31, "spa": 31, "spd": 31, "spe": 31}, "item": "Leftovers", "teraType": "Fire", "role": "Bulky Setup", "bvs": {"hp": 100, "atk": 150, "def": 140, "spa": 100, "spd": 90, "spe": 90}, "stats": {"hp": 263, "atk": 258, "def": 244, "spa": 186, "spd": 172, "spe": 172}, "types": ["Ground"]}}]}