{"id": "gen9randombattle-2631779250", "format": "[Gen 9] Random Battle", "players": ["macchinista franco", "Iuxazo"], "log": "|j|\u2606macchinista franco\n|j|\u2606Iuxazo\n|t:|1781438381\n|gametype|singles\n|player|p1|macchinista franco|bugcatcher-gen4dp|1353\n|player|p2|Iuxazo|fisherman-gen4|1390\n|gen|9\n|tier|[Gen 9] Random Battle\n|rated|\n|rule|Species Clause: Limit one of each Pok\u00e9mon\n|rule|HP Percentage Mod: HP is shown in percentages\n|rule|Sleep Clause Mod: Limit one foe put to sleep\n|rule|Illusion Level Mod: Illusion disguises the Pok\u00e9mon's true level\n|\n|t:|1781438381\n|teamsize|p1|6\n|teamsize|p2|6\n|start\n|switch|p1a: Tyranitar|Tyranitar, L78, M|284/284\n|switch|p2a: Bastiodon|Bastiodon, L89, F|252/252\n|-weather|Sandstorm|[from] ability: Sand Stream|[of] p1a: Tyranitar\n|turn|1\n|inactive|Battle timer is ON: inactive players will automatically lose when time's up. (requested by Iuxazo)\n|inactive|macchinista franco has 120 seconds left.\n|inactive|macchinista franco has 90 seconds left.\n|\n|t:|1781438456\n|switch|p1a: Vikavolt|Vikavolt, L83, F|263/263\n|-terastallize|p2a: Bastiodon|Fighting\n|move|p2a: Bastiodon|Body Press|p1a: Vikavolt\n|-resisted|p1a: Vikavolt\n|-damage|p1a: Vikavolt|196/263\n|\n|-weather|Sandstorm|[upkeep]\n|-damage|p1a: Vikavolt|180/263|[from] Sandstorm\n|-damage|p2a: Bastiodon|237/252|[from] Sandstorm\n|upkeep\n|turn|2\n|\n|t:|1781438471\n|move|p1a: Vikavolt|Sticky Web|p2a: Bastiodon\n|-sidestart|p2: Iuxazo|move: Sticky Web\n|move|p2a: Bastiodon|Iron Defense|p2a: Bastiodon\n|-boost|p2a: Bastiodon|def|2\n|\n|-weather|Sandstorm|[upkeep]\n|-damage|p1a: Vikavolt|164/263|[from] Sandstorm\n|-damage|p2a: Bastiodon|222/252|[from] Sandstorm\n|upkeep\n|turn|3\n|\n|t:|1781438477\n|move|p1a: Vikavolt|Thunderbolt|p2a: Bastiodon\n|-damage|p2a: Bastiodon|134/252\n|move|p2a: Bastiodon|Body Press|p1a: Vikavolt\n|-resisted|p1a: Vikavolt\n|-damage|p1a: Vikavolt|29/263\n|\n|-weather|Sandstorm|[upkeep]\n|-damage|p1a: Vikavolt|13/263|[from] Sandstorm\n|-damage|p2a: Bastiodon|119/252|[from] Sandstorm\n|upkeep\n|turn|4\n|\n|t:|1781438487\n|move|p1a: Vikavolt|Thunderbolt|p2a: Bastiodon\n|-damage|p2a: Bastiodon|38/252\n|move|p2a: Bastiodon|Foul Play|p1a: Vikavolt\n|-damage|p1a: Vikavolt|0 fnt\n|faint|p1a: Vikavolt\n|\n|-weather|Sandstorm|[upkeep]\n|-damage|p2a: Bastiodon|23/252|[from] Sandstorm\n|upkeep\n|\n|t:|1781438497\n|switch|p1a: Cresselia|Cresselia, L80, F|323/323\n|turn|5\n|\n|t:|1781438503\n|move|p1a: Cresselia|Thunderbolt|p2a: Bastiodon\n|-damage|p2a: Bastiodon|0 fnt\n|faint|p2a: Bastiodon\n|\n|-weather|none\n|upkeep\n|\n|t:|1781438517\n|switch|p2a: Grumpig|Grumpig, L92, M|297/297\n|-activate|p2a: Grumpig|move: Sticky Web\n|-unboost|p2a: Grumpig|spe|1\n|turn|6\n|\n|t:|1781438527\n|move|p1a: Cresselia|Calm Mind|p1a: Cresselia\n|-boost|p1a: Cresselia|spa|1\n|-boost|p1a: Cresselia|spd|1\n|move|p2a: Grumpig|Nasty Plot|p2a: Grumpig\n|-boost|p2a: Grumpig|spa|2\n|\n|upkeep\n|turn|7\n|\n|t:|1781438537\n|move|p1a: Cresselia|Thunderbolt|p2a: Grumpig\n|-damage|p2a: Grumpig|244/297\n|move|p2a: Grumpig|Nasty Plot|p2a: Grumpig\n|-boost|p2a: Grumpig|spa|2\n|\n|-heal|p2a: Grumpig|262/297|[from] item: Leftovers\n|upkeep\n|turn|8\n|\n|t:|1781438544\n|move|p1a: Cresselia|Calm Mind|p1a: Cresselia\n|-boost|p1a: Cresselia|spa|1\n|-boost|p1a: Cresselia|spd|1\n|move|p2a: Grumpig|Shadow Ball|p1a: Cresselia\n|-supereffective|p1a: Cresselia\n|-damage|p1a: Cresselia|165/323\n|\n|-heal|p1a: Cresselia|185/323|[from] item: Leftovers\n|-heal|p2a: Grumpig|280/297|[from] item: Leftovers\n|upkeep\n|turn|9\n|\n|t:|1781438548\n|move|p1a: Cresselia|Calm Mind|p1a: Cresselia\n|-boost|p1a: Cresselia|spa|1\n|-boost|p1a: Cresselia|spd|1\n|move|p2a: Grumpig|Shadow Ball|p1a: Cresselia\n|-supereffective|p1a: Cresselia\n|-damage|p1a: Cresselia|59/323\n|-unboost|p1a: Cresselia|spd|1\n|\n|-heal|p1a: Cresselia|79/323|[from] item: Leftovers\n|-heal|p2a: Grumpig|297/297|[from] item: Leftovers\n|upkeep\n|turn|10\n|\n|t:|1781438552\n|move|p1a: Cresselia|Moonlight|p1a: Cresselia\n|-heal|p1a: Cresselia|240/323\n|move|p2a: Grumpig|Shadow Ball|p1a: Cresselia\n|-supereffective|p1a: Cresselia\n|-damage|p1a: Cresselia|74/323\n|\n|-heal|p1a: Cresselia|94/323|[from] item: Leftovers\n|upkeep\n|turn|11\n|\n|t:|1781438561\n|move|p1a: Cresselia|Psyshock|p2a: Grumpig\n|-resisted|p2a: Grumpig\n|-damage|p2a: Grumpig|198/297\n|move|p2a: Grumpig|Shadow Ball|p1a: Cresselia\n|-supereffective|p1a: Cresselia\n|-damage|p1a: Cresselia|0 fnt\n|faint|p1a: Cresselia\n|\n|-heal|p2a: Grumpig|216/297|[from] item: Leftovers\n|upkeep\n|\n|t:|1781438568\n|switch|p1a: Tyranitar|Tyranitar, L78, M|284/284\n|-weather|Sandstorm|[from] ability: Sand Stream|[of] p1a: Tyranitar\n|turn|12\n|\n|t:|1781438577\n|switch|p2a: Vileplume|Vileplume, L85, F|266/266\n|-activate|p2a: Vileplume|move: Sticky Web\n|-unboost|p2a: Vileplume|spe|1\n|move|p1a: Tyranitar|Knock Off|p2a: Vileplume\n|-damage|p2a: Vileplume|151/266\n|-status|p1a: Tyranitar|psn|[from] ability: Effect Spore|[of] p2a: Vileplume\n|-enditem|p2a: Vileplume|Leftovers|[from] move: Knock Off|[of] p1a: Tyranitar\n|\n|-weather|Sandstorm|[upkeep]\n|-damage|p2a: Vileplume|135/266|[from] Sandstorm\n|-damage|p1a: Tyranitar|249/284 psn|[from] psn\n|upkeep\n|turn|13\n|\n|t:|1781438590\n|switch|p1a: Infernape|Infernape, L82, M|259/259\n|move|p2a: Vileplume|Strength Sap|p1a: Infernape\n|-unboost|p1a: Infernape|atk|1\n|-heal|p2a: Vileplume|266/266\n|\n|-weather|Sandstorm|[upkeep]\n|-damage|p1a: Infernape|243/259|[from] Sandstorm\n|-damage|p2a: Vileplume|250/266|[from] Sandstorm\n|upkeep\n|turn|14\n|\n|t:|1781438602\n|switch|p2a: Palkia|Palkia, L75|259/259\n|-activate|p2a: Palkia|move: Sticky Web\n|-unboost|p2a: Palkia|spe|1\n|-ability|p2a: Palkia|Pressure\n|move|p1a: Infernape|Flare Blitz|p2a: Palkia\n|-resisted|p2a: Palkia\n|-damage|p2a: Palkia|239/259\n|-damage|p1a: Infernape|236/259|[from] Recoil\n|\n|-weather|Sandstorm|[upkeep]\n|-damage|p1a: Infernape|220/259|[from] Sandstorm\n|-damage|p2a: Palkia|223/259|[from] Sandstorm\n|upkeep\n|turn|15\n|\n|t:|1781438610\n|switch|p1a: Empoleon|Empoleon, L84, M|278/278\n|move|p2a: Palkia|Thunder Wave|p1a: Empoleon\n|-status|p1a: Empoleon|par\n|\n|-weather|Sandstorm|[upkeep]\n|-damage|p2a: Palkia|207/259|[from] Sandstorm\n|upkeep\n|turn|16\n|\n|t:|1781438622\n|switch|p2a: Vileplume|Vileplume, L85, F|250/266\n|-activate|p2a: Vileplume|move: Sticky Web\n|-unboost|p2a: Vileplume|spe|1\n|move|p1a: Empoleon|Yawn|p2a: Vileplume\n|-start|p2a: Vileplume|move: Yawn|[of] p1a: Empoleon\n|\n|-weather|none\n|upkeep\n|turn|17\n|\n|t:|1781438631\n|move|p2a: Vileplume|Leech Seed|p1a: Empoleon\n|-start|p1a: Empoleon|move: Leech Seed\n|cant|p1a: Empoleon|par\n|\n|-damage|p1a: Empoleon|244/278 par|[from] Leech Seed|[of] p2a: Vileplume\n|-heal|p2a: Vileplume|266/266|[silent]\n|-end|p2a: Vileplume|move: Yawn|[silent]\n|-status|p2a: Vileplume|slp\n|upkeep\n|turn|18\n|\n|t:|1781438640\n|cant|p2a: Vileplume|slp\n|move|p1a: Empoleon|Flip Turn|p2a: Vileplume\n|-resisted|p2a: Vileplume\n|-damage|p2a: Vileplume|236/266 slp\n|\n|t:|1781438646\n|switch|p1a: Furret|Furret, L94, M|312/312|[from] Flip Turn\n|\n|upkeep\n|turn|19\n|\n|t:|1781438654\n|move|p1a: Furret|Tidy Up|p1a: Furret\n|-sideend|p2: Iuxazo|Sticky Web\n|-activate|p1a: Furret|move: Tidy Up\n|-boost|p1a: Furret|atk|1\n|-boost|p1a: Furret|spe|1\n|-curestatus|p2a: Vileplume|slp|[msg]\n|move|p2a: Vileplume|Strength Sap|p1a: Furret\n|-unboost|p1a: Furret|atk|1\n|-heal|p2a: Vileplume|266/266\n|\n|upkeep\n|turn|20\n|\n|t:|1781438667\n|move|p1a: Furret|Double-Edge|p2a: Vileplume\n|-damage|p2a: Vileplume|83/266\n|-damage|p1a: Furret|252/312|[from] Recoil\n|-damage|p1a: Furret|221/312|[from] item: Life Orb\n|move|p2a: Vileplume|Strength Sap|p1a: Furret\n|-unboost|p1a: Furret|atk|1\n|-heal|p2a: Vileplume|266/266\n|\n|upkeep\n|turn|21\n|\n|t:|1781438673\n|switch|p1a: Infernape|Infernape, L82, M|220/259\n|move|p2a: Vileplume|Strength Sap|p1a: Infernape\n|-unboost|p1a: Infernape|atk|1\n|\n|upkeep\n|turn|22\n|\n|t:|1781438680\n|switch|p2a: Palkia|Palkia, L75|207/259\n|-ability|p2a: Palkia|Pressure\n|move|p1a: Infernape|U-turn|p2a: Palkia\n|-damage|p2a: Palkia|176/259\n|\n|t:|1781438686\n|switch|p1a: Furret|Furret, L94, M|221/312|[from] U-turn\n|-item|p2a: Palkia|Lustrous Orb|[from] ability: Frisk|[of] p1a: Furret\n|\n|upkeep\n|turn|23\n|\n|t:|1781438691\n|move|p1a: Furret|Tidy Up|p1a: Furret\n|-boost|p1a: Furret|atk|1\n|-boost|p1a: Furret|spe|1\n|move|p2a: Palkia|Thunder Wave|p1a: Furret\n|-status|p1a: Furret|par\n|\n|upkeep\n|turn|24\n|\n|t:|1781438695\n|move|p2a: Palkia|Draco Meteor|p1a: Furret\n|-damage|p1a: Furret|0 fnt\n|-unboost|p2a: Palkia|spa|2\n|faint|p1a: Furret\n|\n|upkeep\n|\n|t:|1781438699\n|switch|p1a: Tyranitar|Tyranitar, L78, M|249/284 psn\n|-weather|Sandstorm|[from] ability: Sand Stream|[of] p1a: Tyranitar\n|turn|25\n|\n|t:|1781438714\n|switch|p2a: Vileplume|Vileplume, L85, F|266/266\n|move|p1a: Tyranitar|Dragon Dance|p1a: Tyranitar\n|-boost|p1a: Tyranitar|atk|1\n|-boost|p1a: Tyranitar|spe|1\n|\n|-weather|Sandstorm|[upkeep]\n|-damage|p2a: Vileplume|250/266|[from] Sandstorm\n|-damage|p1a: Tyranitar|214/284 psn|[from] psn\n|upkeep\n|turn|26\n|\n|t:|1781438722\n|move|p1a: Tyranitar|Stone Edge|p2a: Vileplume|[miss]\n|-miss|p1a: Tyranitar|p2a: Vileplume\n|move|p2a: Vileplume|Strength Sap|p1a: Tyranitar\n|-unboost|p1a: Tyranitar|atk|1\n|-heal|p2a: Vileplume|266/266\n|\n|-weather|Sandstorm|[upkeep]\n|-damage|p2a: Vileplume|250/266|[from] Sandstorm\n|-damage|p1a: Tyranitar|179/284 psn|[from] psn\n|upkeep\n|turn|27\n|-message|macchinista franco forfeited.\n|\n|win|Iuxazo\n|raw|macchinista franco's rating: 1353 &rarr; <strong>1335</strong><br />(-18 for losing)\n|raw|Iuxazo's rating: 1390 &rarr; <strong>1408</strong><br />(+18 for winning)\n|l|\u2606macchinista franco\n|player|p1|\n", "inputlog": ">version a8376a258c1d4662feba110a92103f3664a72141\n>start {\"formatid\":\"gen9randombattle\",\"seed\":\"sodium,43985411b52cb4941d15723fe940fc1b\",\"rated\":\"Rated battle\"}\n>player p1 {\"name\":\"macchinista franco\",\"avatar\":\"bugcatcher-gen4dp\",\"rating\":1353,\"seed\":\"sodium,5238e4f26165f93d78acc9e357cd7492\"}\n>player p2 {\"name\":\"Iuxazo\",\"avatar\":\"fisherman-gen4\",\"rating\":1390,\"seed\":\"sodium,db2920b05a4d10bba6cf437c8c05980c\"}\n>p1 switch 4\n>p2 move bodypress terastallize\n>p1 move stickyweb\n>p2 move irondefense\n>p1 move thunderbolt\n>p2 move bodypress\n>p1 move thunderbolt\n>p2 move foulplay\n>p1 switch 5\n>p1 move thunderbolt\n>p2 move rest\n>p2 switch 4\n>p1 move calmmind\n>p2 move nastyplot\n>p1 move thunderbolt\n>p2 move nastyplot\n>p1 move calmmind\n>p2 move shadowball\n>p1 move calmmind\n>p2 move shadowball\n>p1 move moonlight\n>p2 move shadowball\n>p1 move psyshock\n>p2 move shadowball\n>p1 switch 4\n>p1 move knockoff\n>p2 switch 6\n>p1 switch 6\n>p2 move strengthsap\n>p1 move flareblitz\n>p2 switch 5\n>p1 switch 2\n>p2 move thunderwave\n>p1 move yawn\n>p2 switch 5\n>p1 move surf\n>p2 move leechseed\n>p1 move flipturn\n>p2 move strengthsap\n>p1 switch 3\n>p1 move tidyup\n>p2 move strengthsap\n>p1 move doubleedge\n>p2 move strengthsap\n>p1 switch 2\n>p2 move strengthsap\n>p1 move uturn\n>p2 switch 5\n>p1 switch 2\n>p1 move tidyup\n>p2 move thunderwave\n>p1 move doubleedge\n>p2 move dracometeor\n>p1 switch 6\n>p1 move dragondance\n>p2 switch 5\n>p1 move stoneedge\n>p2 move strengthsap\n>forcelose p1", "uploadtime": 1781438729, "views": 3, "formatid": "gen9randombattle", "rating": 1335, "private": 0, "password": null}