{"id": "gen9randombattle-2631896786", "format": "[Gen 9] Random Battle", "players": ["randomdude8876", "newsock"], "log": "|j|\u2606randomdude8876\n|j|\u2606newsock\n|t:|1781453203\n|gametype|singles\n|player|p1|randomdude8876|hiker-gen4|1928\n|player|p2|newsock|2|1928\n|gen|9\n|tier|[Gen 9] Random Battle\n|rated|\n|rule|Species Clause: Limit one of each Pok\u00e9mon\n|rule|HP Percentage Mod: HP is shown in percentages\n|rule|Sleep Clause Mod: Limit one foe put to sleep\n|rule|Illusion Level Mod: Illusion disguises the Pok\u00e9mon's true level\n|\n|t:|1781453203\n|teamsize|p1|6\n|teamsize|p2|6\n|start\n|switch|p1a: Giratina|Giratina-Origin, L72|335/335\n|switch|p2a: Kyogre|Kyogre, L71|259/259\n|-weather|RainDance|[from] ability: Drizzle|[of] p2a: Kyogre\n|turn|1\n|inactive|Battle timer is ON: inactive players will automatically lose when time's up. (requested by randomdude8876)\n|\n|t:|1781453230\n|switch|p2a: Magnezone|Magnezone, L85|258/258\n|move|p1a: Giratina|Poltergeist|p2a: Magnezone\n|-activate|p2a: Magnezone|move: Poltergeist|Assault Vest\n|-damage|p2a: Magnezone|168/258\n|\n|-weather|RainDance|[upkeep]\n|upkeep\n|turn|2\n|\n|t:|1781453258\n|move|p1a: Giratina|Poltergeist|p2a: Magnezone\n|-activate|p2a: Magnezone|move: Poltergeist|Assault Vest\n|-damage|p2a: Magnezone|68/258\n|move|p2a: Magnezone|Flash Cannon|p1a: Giratina\n|-damage|p1a: Giratina|176/335\n|-unboost|p1a: Giratina|spd|1\n|\n|-weather|RainDance|[upkeep]\n|upkeep\n|turn|3\n|\n|t:|1781453266\n|move|p1a: Giratina|Poltergeist|p2a: Magnezone\n|-activate|p2a: Magnezone|move: Poltergeist|Assault Vest\n|-crit|p2a: Magnezone\n|-damage|p2a: Magnezone|0 fnt\n|faint|p2a: Magnezone\n|\n|-weather|RainDance|[upkeep]\n|upkeep\n|\n|t:|1781453272\n|switch|p2a: Kyogre|Kyogre, L71|259/259\n|turn|4\n|\n|t:|1781453285\n|switch|p1a: Magnezone|Magnezone, L85|258/258\n|move|p2a: Kyogre|Water Spout|p1a: Magnezone\n|-damage|p1a: Magnezone|0 fnt\n|faint|p1a: Magnezone\n|\n|-weather|RainDance|[upkeep]\n|upkeep\n|\n|t:|1781453293\n|switch|p1a: Giratina|Giratina-Origin, L72|176/335\n|turn|5\n|\n|t:|1781453313\n|switch|p2a: Terapagos|Terapagos, L77, M|265/265\n|-activate|p2a: Terapagos|ability: Tera Shift\n|detailschange|p2a: Terapagos|Terapagos-Terastal, L77, M\n|-heal|p2a: Terapagos|273/273|[silent]\n|move|p1a: Giratina|Poltergeist|p2a: Terapagos\n|-immune|p2a: Terapagos\n|\n|-weather|none\n|upkeep\n|turn|6\n|\n|t:|1781453323\n|move|p2a: Terapagos|Calm Mind|p2a: Terapagos\n|-boost|p2a: Terapagos|spa|1\n|-boost|p2a: Terapagos|spd|1\n|move|p1a: Giratina|Dragon Tail|p2a: Terapagos\n|-activate|p2a: Terapagos|ability: Tera Shell\n|-resisted|p2a: Terapagos\n|-damage|p2a: Terapagos|243/273\n|drag|p2a: Vaporeon|Vaporeon, L86, F|364/364\n|\n|upkeep\n|turn|7\n|\n|t:|1781453332\n|move|p1a: Giratina|Poltergeist|p2a: Vaporeon\n|-activate|p2a: Vaporeon|move: Poltergeist|Leftovers\n|-damage|p2a: Vaporeon|208/364\n|move|p2a: Vaporeon|Scald|p1a: Giratina\n|-resisted|p1a: Giratina\n|-damage|p1a: Giratina|122/335\n|\n|-heal|p2a: Vaporeon|230/364|[from] item: Leftovers\n|upkeep\n|turn|8\n|l|\u2606randomdude8876\n|inactive|randomdude8876 disconnected and has a minute to reconnect!\n|player|p1|\n|inactive|randomdude8876 has 30 seconds to reconnect!\n|inactive|randomdude8876 has 20 seconds to reconnect!\n|inactive|randomdude8876 has 15 seconds to reconnect!\n|inactive|randomdude8876 has 10 seconds to reconnect!\n|j|\u2606randomdude8876\n|inactive|randomdude8876 reconnected and has 90 seconds left.\n|player|p1|randomdude8876|hiker-gen4|\n|\n|t:|1781453403\n|move|p1a: Giratina|Draco Meteor|p2a: Vaporeon\n|-damage|p2a: Vaporeon|88/364\n|-unboost|p1a: Giratina|spa|2\n|move|p2a: Vaporeon|Wish|p2a: Vaporeon\n|\n|-heal|p2a: Vaporeon|110/364|[from] item: Leftovers\n|upkeep\n|turn|9\n|l|\u2606randomdude8876\n|inactive|randomdude8876 disconnected and has a minute to reconnect!\n|player|p1|\n|inactive|newsock has 120 seconds left.\n|inactive|randomdude8876 has 30 seconds to reconnect!\n|inactive|randomdude8876 has 20 seconds to reconnect!\n|inactive|randomdude8876 has 15 seconds to reconnect!\n|inactive|randomdude8876 has 10 seconds to reconnect!\n|j|\u2606randomdude8876\n|inactive|randomdude8876 reconnected and has 25 seconds left.\n|player|p1|randomdude8876|hiker-gen4|\n|\n|t:|1781453472\n|switch|p1a: Fezandipiti|Fezandipiti, L82, M|278/278\n|move|p2a: Vaporeon|Protect||[still]\n|-fail|p2a: Vaporeon\n|\n|-heal|p2a: Vaporeon|292/364|[from] move: Wish|[wisher] Vaporeon\n|-heal|p2a: Vaporeon|314/364|[from] item: Leftovers\n|upkeep\n|turn|10\n|inactive|randomdude8876 has 30 seconds left.\n|\n|t:|1781453481\n|move|p1a: Fezandipiti|Gunk Shot|p2a: Vaporeon\n|-damage|p2a: Vaporeon|173/364\n|-status|p2a: Vaporeon|tox|[from] ability: Toxic Chain|[of] p1a: Fezandipiti\n|move|p2a: Vaporeon|Scald|p1a: Fezandipiti\n|-crit|p1a: Fezandipiti\n|-damage|p1a: Fezandipiti|170/278\n|-status|p1a: Fezandipiti|brn\n|\n|-heal|p1a: Fezandipiti|187/278 brn|[from] item: Leftovers\n|-heal|p2a: Vaporeon|195/364 tox|[from] item: Leftovers\n|-damage|p2a: Vaporeon|173/364 tox|[from] psn\n|-damage|p1a: Fezandipiti|170/278 brn|[from] brn\n|upkeep\n|turn|11\n|inactive|randomdude8876 has 30 seconds left.\n|\n|t:|1781453493\n|move|p1a: Fezandipiti|U-turn|p2a: Vaporeon\n|-damage|p2a: Vaporeon|145/364 tox\n|inactive|randomdude8876 has 30 seconds left.\n|\n|t:|1781453500\n|switch|p1a: Inteleon|Inteleon, L81, F|246/246|[from] U-turn\n|move|p2a: Vaporeon|Wish|p2a: Vaporeon\n|\n|-heal|p2a: Vaporeon|167/364 tox|[from] item: Leftovers\n|-damage|p2a: Vaporeon|123/364 tox|[from] psn\n|upkeep\n|turn|12\n|\n|t:|1781453511\n|switch|p1a: Giratina|Giratina-Origin, L72|122/335\n|move|p2a: Vaporeon|Scald|p1a: Giratina\n|-resisted|p1a: Giratina\n|-damage|p1a: Giratina|75/335\n|\n|-heal|p2a: Vaporeon|305/364 tox|[from] move: Wish|[wisher] Vaporeon\n|-heal|p2a: Vaporeon|327/364 tox|[from] item: Leftovers\n|-damage|p2a: Vaporeon|261/364 tox|[from] psn\n|upkeep\n|turn|13\n|\n|t:|1781453517\n|move|p1a: Giratina|Poltergeist|p2a: Vaporeon\n|-activate|p2a: Vaporeon|move: Poltergeist|Leftovers\n|-damage|p2a: Vaporeon|113/364 tox\n|move|p2a: Vaporeon|Scald|p1a: Giratina\n|-resisted|p1a: Giratina\n|-damage|p1a: Giratina|21/335\n|-status|p1a: Giratina|brn\n|\n|-heal|p2a: Vaporeon|135/364 tox|[from] item: Leftovers\n|-damage|p2a: Vaporeon|47/364 tox|[from] psn\n|-damage|p1a: Giratina|1/335 brn|[from] brn\n|upkeep\n|turn|14\n|\n|t:|1781453529\n|move|p1a: Giratina|Draco Meteor|p2a: Vaporeon|[miss]\n|-miss|p1a: Giratina|p2a: Vaporeon\n|move|p2a: Vaporeon|Wish|p2a: Vaporeon\n|\n|-heal|p2a: Vaporeon|69/364 tox|[from] item: Leftovers\n|-damage|p2a: Vaporeon|0 fnt|[from] psn\n|faint|p2a: Vaporeon\n|-damage|p1a: Giratina|0 fnt|[from] brn\n|faint|p1a: Giratina\n|upkeep\n|\n|t:|1781453538\n|switch|p1a: Inteleon|Inteleon, L81, F|246/246\n|switch|p2a: Terapagos|Terapagos-Terastal, L77, M|243/273\n|turn|15\n|\n|t:|1781453542\n|move|p1a: Inteleon|Hydro Pump|p2a: Terapagos\n|-damage|p2a: Terapagos|63/273\n|move|p2a: Terapagos|Calm Mind|p2a: Terapagos\n|-boost|p2a: Terapagos|spa|1\n|-boost|p2a: Terapagos|spd|1\n|\n|-heal|p2a: Terapagos|245/273|[from] move: Wish|[wisher] Vaporeon\n|upkeep\n|turn|16\n|\n|t:|1781453553\n|move|p1a: Inteleon|Hydro Pump|p2a: Terapagos\n|-damage|p2a: Terapagos|131/273\n|move|p2a: Terapagos|Calm Mind|p2a: Terapagos\n|-boost|p2a: Terapagos|spa|1\n|-boost|p2a: Terapagos|spd|1\n|\n|upkeep\n|turn|17\n|\n|t:|1781453561\n|-terastallize|p1a: Inteleon|Water\n|move|p1a: Inteleon|Hydro Pump|p2a: Terapagos\n|-damage|p2a: Terapagos|3/273\n|move|p2a: Terapagos|Rest|p2a: Terapagos\n|-status|p2a: Terapagos|slp|[from] move: Rest\n|-heal|p2a: Terapagos|273/273 slp|[silent]\n|-enditem|p2a: Terapagos|Chesto Berry|[eat]\n|-curestatus|p2a: Terapagos|slp|[msg]\n|\n|upkeep\n|turn|18\n|inactive|randomdude8876 has 60 seconds left.\n|\n|t:|1781453574\n|move|p1a: Inteleon|Hydro Pump|p2a: Terapagos\n|-activate|p2a: Terapagos|ability: Tera Shell\n|-resisted|p2a: Terapagos\n|-damage|p2a: Terapagos|217/273\n|move|p2a: Terapagos|Tera Starstorm|p1a: Inteleon\n|-damage|p1a: Inteleon|0 fnt\n|faint|p1a: Inteleon\n|\n|upkeep\n|\n|t:|1781453579\n|switch|p1a: Porygon2|Porygon2, L81|270/270\n|-ability|p1a: Porygon2|Download|boost\n|-boost|p1a: Porygon2|atk|1\n|turn|19\n|\n|t:|1781453585\n|move|p2a: Terapagos|Tera Starstorm|p1a: Porygon2\n|-damage|p1a: Porygon2|129/270\n|move|p1a: Porygon2|Thunder Wave|p2a: Terapagos\n|-status|p2a: Terapagos|par\n|\n|upkeep\n|turn|20\n|\n|t:|1781453592\n|move|p1a: Porygon2|Tera Blast|p2a: Terapagos\n|-damage|p2a: Terapagos|175/273 par\n|move|p2a: Terapagos|Calm Mind|p2a: Terapagos\n|-boost|p2a: Terapagos|spa|1\n|-boost|p2a: Terapagos|spd|1\n|\n|upkeep\n|turn|21\n|-message|randomdude8876 forfeited.\n|\n|win|newsock\n", "inputlog": ">version a8376a258c1d4662feba110a92103f3664a72141\n>start {\"formatid\":\"gen9randombattle\",\"seed\":\"sodium,ea89286016f1b5fca4b133df4cbf1ed6\",\"rated\":\"Rated battle\"}\n>player p1 {\"name\":\"randomdude8876\",\"avatar\":\"hiker-gen4\",\"rating\":1928,\"seed\":\"sodium,67029ee0d93f3df0462aeb9337bd952a\"}\n>player p2 {\"name\":\"newsock\",\"avatar\":\"2\",\"rating\":1928,\"seed\":\"sodium,5147bcd8e149bc9bcb5beb7819de0cd9\"}\n>p1 move poltergeist\n>p2 switch 3\n>p1 move poltergeist\n>p2 move flashcannon\n>p1 move poltergeist\n>p2 move flashcannon\n>p2 switch 3\n>p1 switch 5\n>p2 move waterspout\n>p1 switch 5\n>p1 move poltergeist\n>p2 switch 2\n>p1 move dragontail\n>p2 move calmmind\n>p1 move poltergeist\n>p2 move scald\n>p1 move dracometeor\n>p2 move wish\n>p1 switch 3\n>p2 move protect\n>p1 move gunkshot\n>p2 move scald\n>p1 move uturn\n>p2 move wish\n>p1 switch 6\n>p1 switch 3\n>p2 move scald\n>p1 move poltergeist\n>p2 move scald\n>p1 move dracometeor\n>p2 move wish\n>p1 switch 3\n>p2 switch 4\n>p1 move hydropump\n>p2 move calmmind\n>p1 move hydropump\n>p2 move calmmind\n>p1 move hydropump terastallize\n>p2 move rest\n>p1 move hydropump\n>p2 move terastarstorm\n>p1 switch 2\n>p1 move thunderwave\n>p2 move terastarstorm\n>p1 move terablast\n>p2 move calmmind\n>forcelose p1", "uploadtime": 1781453205, "views": 7, "formatid": "gen9randombattle", "rating": null, "private": 0, "password": null}