{"id": "gen9randombattle-2631836745", "format": "[Gen 9] Random Battle", "players": ["NidKrosis", "meme slurper"], "log": "|j|\u2606NidKrosis\n|j|\u2606meme slurper\n|t:|1781446353\n|gametype|singles\n|player|p1|NidKrosis|karen|1900\n|player|p2|meme slurper|burglar|1944\n|gen|9\n|tier|[Gen 9] Random Battle\n|rated|\n|rule|Species Clause: Limit one of each Pok\u00e9mon\n|rule|HP Percentage Mod: HP is shown in percentages\n|rule|Sleep Clause Mod: Limit one foe put to sleep\n|rule|Illusion Level Mod: Illusion disguises the Pok\u00e9mon's true level\n|\n|t:|1781446353\n|teamsize|p1|6\n|teamsize|p2|6\n|start\n|switch|p1a: Ariados|Ariados, L95, M|287/287\n|switch|p2a: Alomomola|Alomomola, L87, F|429/429\n|turn|1\n|inactive|Battle timer is ON: inactive players will automatically lose when time's up. (requested by meme slurper)\n|inactive|NidKrosis also wants the timer to be on.\n|\n|t:|1781446363\n|move|p2a: Alomomola|Flip Turn|p1a: Ariados\n|-damage|p1a: Ariados|224/287\n|\n|t:|1781446366\n|switch|p2a: Lycanroc|Lycanroc, L86, M|269/269|[from] Flip Turn\n|move|p1a: Ariados|Sticky Web|p2a: Lycanroc\n|-sidestart|p2: meme slurper|move: Sticky Web\n|\n|upkeep\n|turn|2\n|\n|t:|1781446374\n|move|p2a: Lycanroc|Swords Dance|p2a: Lycanroc\n|-boost|p2a: Lycanroc|atk|2\n|move|p1a: Ariados|Megahorn|p2a: Lycanroc\n|-damage|p2a: Lycanroc|73/269\n|\n|upkeep\n|turn|3\n|\n|t:|1781446377\n|move|p2a: Lycanroc|Accelerock|p1a: Ariados\n|-supereffective|p1a: Ariados\n|-damage|p1a: Ariados|0 fnt\n|faint|p1a: Ariados\n|-damage|p2a: Lycanroc|47/269|[from] item: Life Orb\n|\n|upkeep\n|\n|t:|1781446383\n|switch|p1a: Munkidori|Munkidori, L79, M|269/269\n|turn|4\n|\n|t:|1781446398\n|move|p1a: Munkidori|Fake Out|p2a: Lycanroc\n|-resisted|p2a: Lycanroc\n|-damage|p2a: Lycanroc|34/269\n|-status|p2a: Lycanroc|tox|[from] ability: Toxic Chain|[of] p1a: Munkidori\n|cant|p2a: Lycanroc|flinch\n|\n|-damage|p2a: Lycanroc|18/269 tox|[from] psn\n|upkeep\n|turn|5\n|\n|t:|1781446411\n|switch|p1a: Carbink|Carbink, L90|236/236\n|move|p2a: Lycanroc|Accelerock|p1a: Carbink\n|-damage|p1a: Carbink|157/236\n|-damage|p2a: Lycanroc|0 fnt|[from] item: Life Orb\n|faint|p2a: Lycanroc\n|\n|upkeep\n|\n|t:|1781446424\n|switch|p2a: Alomomola|Alomomola, L87, F|429/429\n|turn|6\n|\n|t:|1781446428\n|switch|p1a: Munkidori|Munkidori, L79, M|269/269\n|move|p2a: Alomomola|Scald|p1a: Munkidori\n|-damage|p1a: Munkidori|230/269\n|-status|p1a: Munkidori|brn\n|\n|-damage|p1a: Munkidori|214/269 brn|[from] brn\n|upkeep\n|turn|7\n|\n|t:|1781446433\n|move|p2a: Alomomola|Protect|p2a: Alomomola\n|-singleturn|p2a: Alomomola|Protect\n|move|p1a: Munkidori|Psychic Noise|p2a: Alomomola\n|-activate|p2a: Alomomola|move: Protect\n|\n|-damage|p1a: Munkidori|198/269 brn|[from] brn\n|upkeep\n|turn|8\n|\n|t:|1781446436\n|move|p1a: Munkidori|Sludge Wave|p2a: Alomomola\n|-damage|p2a: Alomomola|270/429\n|move|p2a: Alomomola|Flip Turn|p1a: Munkidori\n|-damage|p1a: Munkidori|129/269 brn\n|\n|t:|1781446446\n|switch|p2a: Salazzle|Salazzle, L83, F|249/249|[from] Flip Turn\n|\n|-damage|p1a: Munkidori|113/269 brn|[from] brn\n|upkeep\n|turn|9\n|\n|t:|1781446455\n|switch|p2a: Alomomola|Alomomola, L87, F|413/429\n|move|p1a: Munkidori|Psychic Noise|p2a: Alomomola\n|-damage|p2a: Alomomola|269/429\n|-start|p2a: Alomomola|move: Heal Block\n|\n|-damage|p1a: Munkidori|97/269 brn|[from] brn\n|upkeep\n|turn|10\n|\n|t:|1781446458\n|move|p1a: Munkidori|Sludge Wave|p2a: Alomomola\n|-damage|p2a: Alomomola|104/429\n|move|p2a: Alomomola|Flip Turn|p1a: Munkidori\n|-damage|p1a: Munkidori|28/269 brn\n|\n|t:|1781446461\n|switch|p2a: Salazzle|Salazzle, L83, F|249/249|[from] Flip Turn\n|\n|-damage|p1a: Munkidori|12/269 brn|[from] brn\n|upkeep\n|turn|11\n|\n|t:|1781446465\n|move|p2a: Salazzle|Sludge Wave|p1a: Munkidori\n|-resisted|p1a: Munkidori\n|-damage|p1a: Munkidori|0 fnt\n|faint|p1a: Munkidori\n|\n|upkeep\n|\n|t:|1781446468\n|switch|p1a: Dragonite|Dragonite, L74, F|257/257\n|turn|12\n|\n|t:|1781446474\n|switch|p2a: Alomomola|Alomomola, L87, F|247/429\n|move|p1a: Dragonite|Earthquake|p2a: Alomomola\n|-damage|p2a: Alomomola|178/429\n|\n|upkeep\n|turn|13\n|\n|t:|1781446484\n|move|p2a: Alomomola|Flip Turn|p1a: Dragonite\n|-resisted|p1a: Dragonite\n|-damage|p1a: Dragonite|242/257\n|\n|t:|1781446486\n|switch|p2a: Wyrdeer|Wyrdeer, L87, M|321/321|[from] Flip Turn\n|-activate|p2a: Wyrdeer|move: Sticky Web\n|-unboost|p2a: Wyrdeer|spe|1\n|-ability|p2a: Wyrdeer|Intimidate|boost\n|-unboost|p1a: Dragonite|atk|1\n|move|p1a: Dragonite|Dragon Dance|p1a: Dragonite\n|-boost|p1a: Dragonite|atk|1\n|-boost|p1a: Dragonite|spe|1\n|\n|upkeep\n|turn|14\n|\n|t:|1781446494\n|move|p1a: Dragonite|Dragon Dance|p1a: Dragonite\n|-boost|p1a: Dragonite|atk|1\n|-boost|p1a: Dragonite|spe|1\n|move|p2a: Wyrdeer|Thunder Wave|p1a: Dragonite|[miss]\n|-miss|p2a: Wyrdeer|p1a: Dragonite\n|\n|upkeep\n|turn|15\n|\n|t:|1781446499\n|move|p1a: Dragonite|Outrage|p2a: Wyrdeer\n|-damage|p2a: Wyrdeer|96/321\n|move|p2a: Wyrdeer|Thunder Wave|p1a: Dragonite\n|-status|p1a: Dragonite|par\n|\n|-heal|p2a: Wyrdeer|116/321|[from] item: Leftovers\n|upkeep\n|turn|16\n|\n|t:|1781446503\n|move|p1a: Dragonite|Outrage|p2a: Wyrdeer|[from] lockedmove\n|-damage|p2a: Wyrdeer|0 fnt\n|faint|p2a: Wyrdeer\n|\n|upkeep\n|\n|t:|1781446516\n|switch|p2a: Quaquaval|Quaquaval, L79, F|264/264\n|-activate|p2a: Quaquaval|move: Sticky Web\n|-unboost|p2a: Quaquaval|spe|1\n|turn|17\n|\n|t:|1781446531\n|move|p1a: Dragonite|Outrage|p2a: Quaquaval|[from] lockedmove\n|-damage|p2a: Quaquaval|56/264\n|-start|p1a: Dragonite|confusion|[fatigue]\n|move|p2a: Quaquaval|Triple Axel|p1a: Dragonite\n|-supereffective|p1a: Dragonite\n|-damage|p1a: Dragonite|138/257 par\n|-supereffective|p1a: Dragonite\n|-damage|p1a: Dragonite|0 fnt\n|faint|p1a: Dragonite\n|-ability|p2a: Quaquaval|Moxie|boost\n|-boost|p2a: Quaquaval|atk|1\n|-hitcount|p1: Dragonite|2\n|\n|upkeep\n|\n|t:|1781446540\n|switch|p1a: Ditto|Ditto, L87|225/225\n|-transform|p1a: Ditto|p2a: Quaquaval|[from] ability: Imposter\n|turn|18\n|\n|t:|1781446549\n|move|p1a: Ditto|Aqua Step|p2a: Quaquaval\n|-resisted|p2a: Quaquaval\n|-damage|p2a: Quaquaval|0 fnt\n|-boost|p1a: Ditto|spe|1\n|faint|p2a: Quaquaval\n|-ability|p1a: Ditto|Moxie|boost\n|-boost|p1a: Ditto|atk|1\n|\n|upkeep\n|\n|t:|1781446551\n|switch|p2a: Alomomola|Alomomola, L87, F|321/429\n|turn|19\n|\n|t:|1781446554\n|switch|p1a: Reuniclus|Reuniclus, L88, F|337/337\n|move|p2a: Alomomola|Scald|p1a: Reuniclus\n|-damage|p1a: Reuniclus|286/337\n|\n|upkeep\n|turn|20\n|\n|t:|1781446556\n|move|p2a: Alomomola|Flip Turn|p1a: Reuniclus\n|-crit|p1a: Reuniclus\n|-damage|p1a: Reuniclus|196/337\n|\n|t:|1781446560\n|switch|p2a: Salazzle|Salazzle, L83, F|249/249|[from] Flip Turn\n|move|p1a: Reuniclus|Calm Mind|p1a: Reuniclus\n|-boost|p1a: Reuniclus|spa|1\n|-boost|p1a: Reuniclus|spd|1\n|\n|upkeep\n|turn|21\n|\n|t:|1781446564\n|move|p2a: Salazzle|Nasty Plot|p2a: Salazzle\n|-boost|p2a: Salazzle|spa|2\n|move|p1a: Reuniclus|Recover|p1a: Reuniclus\n|-heal|p1a: Reuniclus|337/337\n|\n|upkeep\n|turn|22\n|\n|t:|1781446571\n|-terastallize|p2a: Salazzle|Grass\n|move|p2a: Salazzle|Fire Blast|p1a: Reuniclus|[miss]\n|-miss|p2a: Salazzle|p1a: Reuniclus\n|move|p1a: Reuniclus|Psyshock|p2a: Salazzle\n|-damage|p2a: Salazzle|0 fnt\n|faint|p2a: Salazzle\n|\n|upkeep\n|\n|t:|1781446575\n|switch|p2a: Braviary|Braviary, L85, M|309/309\n|turn|23\n|\n|t:|1781446579\n|move|p2a: Braviary|Bulk Up|p2a: Braviary\n|-boost|p2a: Braviary|atk|1\n|-boost|p2a: Braviary|def|1\n|move|p1a: Reuniclus|Psyshock|p2a: Braviary\n|-damage|p2a: Braviary|136/309\n|\n|upkeep\n|turn|24\n|\n|t:|1781446586\n|move|p2a: Braviary|Brave Bird|p1a: Reuniclus\n|-damage|p1a: Reuniclus|66/337\n|-damage|p2a: Braviary|47/309|[from] Recoil\n|move|p1a: Reuniclus|Psyshock|p2a: Braviary\n|-damage|p2a: Braviary|0 fnt\n|faint|p2a: Braviary\n|\n|upkeep\n|-message|meme slurper forfeited.\n|\n|win|NidKrosis\n", "inputlog": ">version a8376a258c1d4662feba110a92103f3664a72141\n>start {\"formatid\":\"gen9randombattle\",\"seed\":\"sodium,472b702811ca30602dd5338491e1ceed\",\"rated\":\"Rated battle\"}\n>player p1 {\"name\":\"NidKrosis\",\"avatar\":\"karen\",\"rating\":1900,\"seed\":\"sodium,82a4671afaba9b48f26473e0bc7d9dfb\"}\n>player p2 {\"name\":\"meme slurper\",\"avatar\":\"burglar\",\"rating\":1944,\"seed\":\"sodium,4158e2dbd90a6c1b89e1bbc556284a6b\"}\n>p1 move stickyweb\n>p2 move flipturn\n>p2 switch 5\n>p1 move megahorn\n>p2 move swordsdance\n>p1 move suckerpunch\n>p2 move accelerock\n>p1 switch 3\n>p1 move fakeout\n>p2 move accelerock\n>p1 switch 6\n>p2 move accelerock\n>p2 switch 5\n>p1 switch 6\n>p2 move scald\n>p1 move psychicnoise\n>p2 move protect\n>p1 move sludgewave\n>p2 move flipturn\n>p2 switch 6\n>p1 move psychicnoise\n>p2 switch 6\n>p1 move sludgewave\n>p2 move flipturn\n>p2 switch 6\n>p1 move psychicnoise\n>p2 move sludgewave\n>p1 switch 5\n>p1 move earthquake\n>p2 switch 6\n>p1 move dragondance\n>p2 move flipturn\n>p2 switch 3\n>p1 move dragondance\n>p2 move thunderwave\n>p1 move outrage\n>p2 move thunderwave\n>p1 move outrage\n>p2 move psychicnoise\n>p2 switch 2\n>p1 move outrage\n>p2 move tripleaxel\n>p1 switch 4\n>p1 move aquastep\n>p2 move tripleaxel\n>p2 switch 3\n>p1 switch 2\n>p2 move scald\n>p1 move calmmind\n>p2 move flipturn\n>p2 switch 6\n>p1 move recover\n>p2 move nastyplot\n>p1 move psyshock\n>p2 move fireblast terastallize\n>p2 switch 4\n>p1 move psyshock\n>p2 move bulkup\n>p1 move psyshock\n>p2 move bravebird\n>forcelose p2", "uploadtime": 1781446355, "views": 4, "formatid": "gen9randombattle", "rating": null, "private": 0, "password": null}