{"id": "gen9randombattle-2631917813", "format": "[Gen 9] Random Battle", "players": ["schleeby", "fick runk"], "log": "|j|\u2606schleeby\n|j|\u2606fick runk\n|t:|1781455460\n|gametype|singles\n|player|p1|schleeby|rosa|2048\n|player|p2|fick runk|parasollady|1989\n|gen|9\n|tier|[Gen 9] Random Battle\n|rated|\n|rule|Species Clause: Limit one of each Pok\u00e9mon\n|rule|HP Percentage Mod: HP is shown in percentages\n|rule|Sleep Clause Mod: Limit one foe put to sleep\n|rule|Illusion Level Mod: Illusion disguises the Pok\u00e9mon's true level\n|\n|t:|1781455460\n|teamsize|p1|6\n|teamsize|p2|6\n|start\n|switch|p1a: Salamence|Salamence, L77, M|273/273\n|switch|p2a: Forretress|Forretress, L84, F|263/263\n|-ability|p1a: Salamence|Intimidate|boost\n|-unboost|p2a: Forretress|atk|1\n|turn|1\n|inactive|Battle timer is ON: inactive players will automatically lose when time's up. (requested by fick runk)\n|\n|t:|1781455479\n|switch|p1a: Rotom|Rotom-Mow, L87|229/229\n|move|p2a: Forretress|Stealth Rock|p1a: Rotom\n|-sidestart|p1: schleeby|move: Stealth Rock\n|\n|upkeep\n|turn|2\n|\n|t:|1781455499\n|switch|p2a: Raichu|Raichu-Alola, L87, M|246/246\n|move|p1a: Rotom|Volt Switch|p2a: Raichu\n|-resisted|p2a: Raichu\n|-damage|p2a: Raichu|204/246\n|\n|t:|1781455514\n|switch|p1a: Lycanroc|Lycanroc, L86, F|269/269|[from] Volt Switch\n|-damage|p1a: Lycanroc|236/269|[from] Stealth Rock\n|\n|upkeep\n|turn|3\n|\n|t:|1781455518\n|switch|p2a: Forretress|Forretress, L84, F|263/263\n|move|p1a: Lycanroc|Stone Edge|p2a: Forretress\n|-damage|p2a: Forretress|138/263\n|-damage|p1a: Lycanroc|210/269|[from] item: Life Orb\n|\n|-heal|p2a: Forretress|154/263|[from] item: Leftovers\n|upkeep\n|turn|4\n|\n|t:|1781455527\n|switch|p1a: Rotom|Rotom-Mow, L87|229/229\n|-damage|p1a: Rotom|201/229|[from] Stealth Rock\n|move|p2a: Forretress|Toxic Spikes|p1a: Rotom\n|-sidestart|p1: schleeby|move: Toxic Spikes\n|\n|-heal|p2a: Forretress|170/263|[from] item: Leftovers\n|upkeep\n|turn|5\n|\n|t:|1781455530\n|switch|p2a: Raichu|Raichu-Alola, L87, M|204/246\n|move|p1a: Rotom|Thunderbolt|p2a: Raichu\n|-resisted|p2a: Raichu\n|-damage|p2a: Raichu|153/246\n|\n|upkeep\n|turn|6\n|\n|t:|1781455541\n|move|p1a: Rotom|Thunderbolt|p2a: Raichu\n|-resisted|p2a: Raichu\n|-damage|p2a: Raichu|103/246\n|move|p2a: Raichu|Psyshock|p1a: Rotom\n|-damage|p1a: Rotom|99/229\n|\n|upkeep\n|turn|7\n|\n|t:|1781455548\n|move|p1a: Rotom|Thunderbolt|p2a: Raichu\n|-resisted|p2a: Raichu\n|-damage|p2a: Raichu|48/246\n|move|p2a: Raichu|Psyshock|p1a: Rotom\n|-damage|p1a: Rotom|0 fnt\n|faint|p1a: Rotom\n|\n|upkeep\n|\n|t:|1781455552\n|switch|p1a: Lycanroc|Lycanroc, L86, F|210/269\n|-damage|p1a: Lycanroc|177/269|[from] Stealth Rock\n|-status|p1a: Lycanroc|psn\n|turn|8\n|\n|t:|1781455555\n|switch|p2a: Forretress|Forretress, L84, F|170/263\n|move|p1a: Lycanroc|Close Combat|p2a: Forretress\n|-damage|p2a: Forretress|74/263\n|-unboost|p1a: Lycanroc|def|1\n|-unboost|p1a: Lycanroc|spd|1\n|-damage|p1a: Lycanroc|151/269 psn|[from] item: Life Orb\n|\n|-heal|p2a: Forretress|90/263|[from] item: Leftovers\n|-damage|p1a: Lycanroc|118/269 psn|[from] psn\n|upkeep\n|turn|9\n|\n|t:|1781455560\n|switch|p2a: Sinistcha|Sinistcha, L83|254/254\n|move|p1a: Lycanroc|Close Combat|p2a: Sinistcha\n|-immune|p2a: Sinistcha\n|\n|-damage|p1a: Lycanroc|85/269 psn|[from] psn\n|upkeep\n|turn|10\n|\n|t:|1781455563\n|move|p1a: Lycanroc|Taunt|p2a: Sinistcha\n|-start|p2a: Sinistcha|move: Taunt\n|cant|p2a: Sinistcha|move: Taunt|Strength Sap\n|\n|-damage|p1a: Lycanroc|52/269 psn|[from] psn\n|upkeep\n|turn|11\n|\n|t:|1781455570\n|move|p1a: Lycanroc|Stone Edge|p2a: Sinistcha\n|-damage|p2a: Sinistcha|102/254\n|-damage|p1a: Lycanroc|26/269 psn|[from] item: Life Orb\n|move|p2a: Sinistcha|Matcha Gotcha|p1a: Lycanroc\n|-supereffective|p1a: Lycanroc\n|-damage|p1a: Lycanroc|0 fnt\n|-heal|p2a: Sinistcha|115/254|[from] drain|[of] p1a: Lycanroc\n|faint|p1a: Lycanroc\n|\n|-heal|p2a: Sinistcha|130/254|[from] item: Leftovers\n|upkeep\n|\n|t:|1781455573\n|switch|p1a: Mismagius|Mismagius, L86, F|243/243\n|-damage|p1a: Mismagius|213/243|[from] Stealth Rock\n|turn|12\n|\n|t:|1781455576\n|switch|p2a: Noctowl|Noctowl, L95, M|344/344\n|move|p1a: Mismagius|Shadow Ball|p2a: Noctowl\n|-immune|p2a: Noctowl\n|\n|upkeep\n|turn|13\n|\n|t:|1781455581\n|switch|p1a: Lucario|Lucario, L84, F|255/255\n|-damage|p1a: Lucario|248/255|[from] Stealth Rock\n|move|p2a: Noctowl|Hurricane|p1a: Lucario|[miss]\n|-miss|p2a: Noctowl|p1a: Lucario\n|\n|upkeep\n|turn|14\n|\n|t:|1781455587\n|move|p1a: Lucario|Nasty Plot|p1a: Lucario\n|-boost|p1a: Lucario|spa|2\n|move|p2a: Noctowl|Hurricane|p1a: Lucario\n|-damage|p1a: Lucario|77/255\n|-start|p1a: Lucario|confusion\n|\n|upkeep\n|turn|15\n|\n|t:|1781455590\n|-activate|p1a: Lucario|confusion\n|-damage|p1a: Lucario|49/255|[from] confusion\n|move|p2a: Noctowl|Hyper Voice|p1a: Lucario\n|-resisted|p1a: Lucario\n|-damage|p1a: Lucario|0 fnt\n|faint|p1a: Lucario\n|\n|upkeep\n|-message|schleeby forfeited.\n|\n|win|fick runk\n", "inputlog": ">version a8376a258c1d4662feba110a92103f3664a72141\n>start {\"formatid\":\"gen9randombattle\",\"seed\":\"sodium,7a01ab3b33ff78dd7e7c2688ff104b1c\",\"rated\":\"Rated battle\"}\n>player p1 {\"name\":\"schleeby\",\"avatar\":\"rosa\",\"rating\":2048,\"seed\":\"sodium,81cbc81f3e92c5029351e17eea9187d2\"}\n>player p2 {\"name\":\"fick runk\",\"avatar\":\"parasollady\",\"rating\":1989,\"seed\":\"sodium,52f392fc3383efafdf711b50b8ef5a27\"}\n>p1 switch 4\n>p2 move stealthrock\n>p1 move voltswitch\n>p2 switch 4\n>p1 switch 5\n>p1 move stoneedge\n>p2 switch 4\n>p1 switch 5\n>p2 move toxicspikes\n>p1 move thunderbolt\n>p2 switch 4\n>p1 move thunderbolt\n>p2 move psyshock\n>p1 move thunderbolt\n>p2 move psyshock\n>p1 switch 5\n>p1 move closecombat\n>p2 switch 4\n>p1 move closecombat\n>p2 switch 2\n>p1 move taunt\n>p2 move strengthsap\n>p1 move stoneedge\n>p2 move matchagotcha\n>p1 switch 2\n>p1 move shadowball\n>p2 switch 5\n>p1 switch 6\n>p2 move hurricane\n>p1 move nastyplot\n>p2 move hurricane\n>p1 move flashcannon\n>p2 move hypervoice\n>forcelose p1", "uploadtime": 1781455464, "views": 4, "formatid": "gen9randombattle", "rating": null, "private": 0, "password": null}