{"id": "gen9randombattle-2631942632", "format": "[Gen 9] Random Battle", "players": ["Kuroko1213", "nichisbad"], "log": "|j|\u2606Kuroko1213\n|j|\u2606nichisbad\n|t:|1781458211\n|gametype|singles\n|player|p1|Kuroko1213|101|1079\n|player|p2|nichisbad|benga|1049\n|gen|9\n|tier|[Gen 9] Random Battle\n|rated|\n|rule|Species Clause: Limit one of each Pok\u00e9mon\n|rule|HP Percentage Mod: HP is shown in percentages\n|rule|Sleep Clause Mod: Limit one foe put to sleep\n|rule|Illusion Level Mod: Illusion disguises the Pok\u00e9mon's true level\n|\n|t:|1781458211\n|teamsize|p1|6\n|teamsize|p2|6\n|start\n|switch|p1a: Golduck|Golduck, L90, M|290/290\n|switch|p2a: Regidrago|Regidrago, L77|435/435\n|-ability|p1a: Golduck|Cloud Nine\n|turn|1\n|\n|t:|1781458228\n|move|p1a: Golduck|Ice Beam|p2a: Regidrago\n|-supereffective|p2a: Regidrago\n|-damage|p2a: Regidrago|67/435\n|move|p2a: Regidrago|Dragon Dance|p2a: Regidrago\n|-boost|p2a: Regidrago|atk|1\n|-boost|p2a: Regidrago|spe|1\n|\n|upkeep\n|turn|2\n|\n|t:|1781458240\n|move|p2a: Regidrago|Draco Meteor|p1a: Golduck\n|-damage|p1a: Golduck|127/290\n|-unboost|p2a: Regidrago|spa|2\n|move|p1a: Golduck|Ice Beam|p2a: Regidrago\n|-supereffective|p2a: Regidrago\n|-damage|p2a: Regidrago|0 fnt\n|faint|p2a: Regidrago\n|\n|upkeep\n|\n|t:|1781458255\n|switch|p2a: Dedenne|Dedenne, L88, F|261/261\n|turn|3\n|inactive|Battle timer is ON: inactive players will automatically lose when time's up. (requested by nichisbad)\n|\n|t:|1781458271\n|switch|p1a: Dugtrio|Dugtrio, L84, M|196/196\n|move|p2a: Dedenne|Thunderbolt|p1a: Dugtrio\n|-immune|p1a: Dugtrio\n|\n|upkeep\n|turn|4\n|\n|t:|1781458288\n|move|p1a: Dugtrio|Swords Dance|p1a: Dugtrio\n|-boost|p1a: Dugtrio|atk|2\n|move|p2a: Dedenne|U-turn|p1a: Dugtrio\n|-damage|p1a: Dugtrio|138/196\n|\n|t:|1781458293\n|switch|p2a: Gyarados|Gyarados, L79, F|280/280|[from] U-turn\n|\n|upkeep\n|turn|5\n|\n|t:|1781458305\n|-terastallize|p1a: Dugtrio|Ghost\n|move|p1a: Dugtrio|Stone Edge|p2a: Gyarados\n|-supereffective|p2a: Gyarados\n|-damage|p2a: Gyarados|0 fnt\n|faint|p2a: Gyarados\n|-damage|p1a: Dugtrio|119/196|[from] item: Life Orb\n|\n|upkeep\n|\n|t:|1781458315\n|switch|p2a: Banette|Banette, L93, F|270/270\n|turn|6\n|\n|t:|1781458320\n|move|p1a: Dugtrio|Sucker Punch|p2a: Banette\n|-supereffective|p2a: Banette\n|-damage|p2a: Banette|0 fnt\n|-start|p1a: Dugtrio|Disable|Sucker Punch|[from] ability: Cursed Body|[of] p2a: Banette\n|faint|p2a: Banette\n|-damage|p1a: Dugtrio|100/196|[from] item: Life Orb\n|\n|upkeep\n|\n|t:|1781458328\n|switch|p2a: Dedenne|Dedenne, L88, F|261/261\n|turn|7\n|\n|t:|1781458336\n|move|p1a: Dugtrio|Earthquake|p2a: Dedenne\n|-supereffective|p2a: Dedenne\n|-damage|p2a: Dedenne|0 fnt\n|faint|p2a: Dedenne\n|-damage|p1a: Dugtrio|81/196|[from] item: Life Orb\n|\n|upkeep\n|\n|t:|1781458345\n|switch|p2a: Veluza|Veluza, L85, F|292/292\n|turn|8\n|\n|t:|1781458359\n|move|p1a: Dugtrio|Earthquake|p2a: Veluza\n|-damage|p2a: Veluza|0 fnt\n|faint|p2a: Veluza\n|-damage|p1a: Dugtrio|62/196|[from] item: Life Orb\n|\n|upkeep\n|\n|t:|1781458365\n|switch|p2a: Torterra|Torterra, L78, M|276/276\n|turn|9\n|\n|t:|1781458374\n|move|p1a: Dugtrio|Earthquake|p2a: Torterra\n|-resisted|p2a: Torterra\n|-damage|p2a: Torterra|140/276\n|-damage|p1a: Dugtrio|43/196|[from] item: Life Orb\n|move|p2a: Torterra|Shell Smash|p2a: Torterra\n|-unboost|p2a: Torterra|def|1\n|-unboost|p2a: Torterra|spd|1\n|-boost|p2a: Torterra|atk|2\n|-boost|p2a: Torterra|spa|2\n|-boost|p2a: Torterra|spe|2\n|\n|-end|p1a: Dugtrio|Disable\n|upkeep\n|turn|10\n|\n|t:|1781458400\n|-terastallize|p2a: Torterra|Ground\n|move|p1a: Dugtrio|Sucker Punch|p2a: Torterra\n|-damage|p2a: Torterra|0 fnt\n|faint|p2a: Torterra\n|-damage|p1a: Dugtrio|24/196|[from] item: Life Orb\n|\n|win|Kuroko1213\n|raw|Kuroko1213's rating: 1079 &rarr; <strong>1105</strong><br />(+26 for winning)\n|raw|nichisbad's rating: 1049 &rarr; <strong>1033</strong><br />(-16 for losing)\n", "uploadtime": 1781458415, "views": 5, "formatid": "gen9randombattle", "rating": 1033, "private": 0, "password": null}