{"id": "gen9randombattle-2631368823", "format": "[Gen 9] Random Battle", "players": ["Usummega", "Dfrrnspa97"], "log": "|badge|p2|bronze|gen9randombattle|100-9\n|uhtml|medal-msg|<div class=\"broadcast-blue\">Curious what those medals under the avatar are? PS now has Ladder Seasons! For more information, check out the <a href=\"https://www.smogon.com/forums/threads/3740067/\">thread on Smogon.</a></div>\n|j|\u2606Usummega\n|j|\u203dDfrrnspa97\n|t:|1781376500\n|gametype|singles\n|player|p1|Usummega|maxie-gen6|2226\n|player|p2|Dfrrnspa97|265|2321\n|gen|9\n|tier|[Gen 9] Random Battle\n|rated|\n|rule|Species Clause: Limit one of each Pok\u00e9mon\n|rule|HP Percentage Mod: HP is shown in percentages\n|rule|Sleep Clause Mod: Limit one foe put to sleep\n|rule|Illusion Level Mod: Illusion disguises the Pok\u00e9mon's true level\n|\n|t:|1781376500\n|teamsize|p1|6\n|teamsize|p2|6\n|start\n|switch|p1a: Venomoth|Venomoth, L84, M|255/255\n|switch|p2a: Cramorant|Cramorant, L86, F|261/261\n|turn|1\n|inactive|Battle timer is ON: inactive players will automatically lose when time's up. (requested by Dfrrnspa97)\n|\n|t:|1781376522\n|switch|p1a: Shaymin|Shaymin, L82|298/298\n|move|p2a: Cramorant|Surf|p1a: Shaymin\n|-formechange|p2a: Cramorant|Cramorant-Gulping|\n|-resisted|p1a: Shaymin\n|-damage|p1a: Shaymin|256/298\n|\n|-heal|p1a: Shaymin|274/298|[from] item: Leftovers\n|upkeep\n|turn|2\n|\n|t:|1781376529\n|move|p1a: Shaymin|Substitute|p1a: Shaymin\n|-start|p1a: Shaymin|Substitute\n|-damage|p1a: Shaymin|200/298\n|move|p2a: Cramorant|Brave Bird|p1a: Shaymin\n|-supereffective|p1a: Shaymin\n|-end|p1a: Shaymin|Substitute\n|-damage|p2a: Cramorant|237/261|[from] Recoil|[of] p1a: Shaymin\n|\n|-heal|p1a: Shaymin|218/298|[from] item: Leftovers\n|upkeep\n|turn|3\n|inactive|Usummega has 120 seconds left.\n|\n|t:|1781376566\n|switch|p1a: Groudon|Groudon, L72|263/263\n|-weather|SunnyDay|[from] ability: Drought|[of] p1a: Groudon\n|move|p2a: Cramorant|Brave Bird|p1a: Groudon\n|-damage|p1a: Groudon|164/263\n|-damage|p2a: Cramorant|204/261|[from] Recoil\n|\n|-weather|SunnyDay|[upkeep]\n|-heal|p1a: Groudon|180/263|[from] item: Leftovers\n|upkeep\n|turn|4\n|inactive|Usummega has 120 seconds left.\n|\n|t:|1781376582\n|move|p2a: Cramorant|Surf|p1a: Groudon\n|-supereffective|p1a: Groudon\n|-damage|p1a: Groudon|78/263\n|move|p1a: Groudon|Stone Edge|p2a: Cramorant\n|-supereffective|p2a: Cramorant\n|-damage|p2a: Cramorant|0 fnt\n|-damage|p1a: Groudon|13/263|[from] ability: Gulp Missile|[of] p2a: Cramorant\n|-unboost|p1a: Groudon|def|1\n|-formechange|p2a: Cramorant|Cramorant|\n|faint|p2a: Cramorant\n|\n|-weather|SunnyDay|[upkeep]\n|-heal|p1a: Groudon|29/263|[from] item: Leftovers\n|upkeep\n|\n|t:|1781376588\n|switch|p2a: Kyogre|Kyogre, L71|259/259\n|-weather|RainDance|[from] ability: Drizzle|[of] p2a: Kyogre\n|turn|5\n|inactive|Usummega has 120 seconds left.\n|\n|t:|1781376623\n|move|p2a: Kyogre|Water Spout|p1a: Groudon\n|-supereffective|p1a: Groudon\n|-damage|p1a: Groudon|0 fnt\n|faint|p1a: Groudon\n|\n|-weather|RainDance|[upkeep]\n|upkeep\n|\n|t:|1781376628\n|switch|p1a: Shaymin|Shaymin, L82|218/298\n|turn|6\n|\n|t:|1781376636\n|switch|p2a: Gholdengo|Gholdengo, L77|261/261\n|move|p1a: Shaymin|Leech Seed|p2a: Gholdengo\n|-immune|p2a: Gholdengo|[from] ability: Good as Gold\n|\n|-weather|RainDance|[upkeep]\n|-heal|p1a: Shaymin|236/298|[from] item: Leftovers\n|upkeep\n|turn|7\n|inactive|Usummega has 90 seconds left.\n|\n|t:|1781376676\n|move|p1a: Shaymin|Seed Flare|p2a: Gholdengo\n|-resisted|p2a: Gholdengo\n|-damage|p2a: Gholdengo|195/261\n|-unboost|p2a: Gholdengo|spd|2\n|move|p2a: Gholdengo|Shadow Ball|p1a: Shaymin\n|-damage|p1a: Shaymin|154/298\n|-unboost|p1a: Shaymin|spd|1\n|\n|-weather|RainDance|[upkeep]\n|-heal|p1a: Shaymin|172/298|[from] item: Leftovers\n|-heal|p2a: Gholdengo|211/261|[from] item: Leftovers\n|upkeep\n|turn|8\n|\n|t:|1781376691\n|switch|p1a: Vespiquen|Vespiquen, L99, F|299/299\n|-ability|p1a: Vespiquen|Pressure\n|switch|p2a: Tauros|Tauros-Paldea-Combat, L82, M|257/257\n|-ability|p2a: Tauros|Intimidate|boost\n|-unboost|p1a: Vespiquen|atk|1\n|\n|-weather|RainDance|[upkeep]\n|upkeep\n|turn|9\n|inactive|Usummega has 60 seconds left.\n|\n|t:|1781376737\n|-terastallize|p2a: Tauros|Steel\n|move|p2a: Tauros|Bulk Up|p2a: Tauros\n|-boost|p2a: Tauros|atk|1\n|-boost|p2a: Tauros|def|1\n|move|p1a: Vespiquen|Spikes|p2a: Tauros\n|-sidestart|p2: Dfrrnspa97|Spikes\n|\n|-weather|none\n|upkeep\n|turn|10\n|\n|t:|1781376757\n|switch|p1a: Stonjourner|Stonjourner, L91, F|330/330\n|move|p2a: Tauros|Bulk Up|p2a: Tauros\n|-boost|p2a: Tauros|atk|1\n|-boost|p2a: Tauros|def|1\n|\n|upkeep\n|turn|11\n|\n|t:|1781376766\n|-terastallize|p1a: Stonjourner|Ground\n|move|p2a: Tauros|Close Combat|p1a: Stonjourner\n|-damage|p1a: Stonjourner|91/330\n|-unboost|p2a: Tauros|def|1\n|-unboost|p2a: Tauros|spd|1\n|-damage|p2a: Tauros|232/257|[from] item: Life Orb\n|move|p1a: Stonjourner|Rock Polish|p1a: Stonjourner\n|-boost|p1a: Stonjourner|spe|2\n|\n|upkeep\n|turn|12\n|\n|t:|1781376774\n|switch|p2a: Umbreon|Umbreon, L84, M|297/297\n|-damage|p2a: Umbreon|260/297|[from] Spikes\n|move|p1a: Stonjourner|Earthquake|p2a: Umbreon\n|-damage|p2a: Umbreon|100/297\n|-damage|p1a: Stonjourner|58/330|[from] item: Life Orb\n|\n|-heal|p2a: Umbreon|118/297|[from] item: Leftovers\n|upkeep\n|turn|13\n|\n|t:|1781376789\n|move|p2a: Umbreon|Protect|p2a: Umbreon\n|-singleturn|p2a: Umbreon|Protect\n|move|p1a: Stonjourner|Earthquake|p2a: Umbreon\n|-activate|p2a: Umbreon|move: Protect\n|\n|-heal|p2a: Umbreon|136/297|[from] item: Leftovers\n|upkeep\n|turn|14\n|\n|t:|1781376794\n|move|p1a: Stonjourner|Earthquake|p2a: Umbreon\n|-damage|p2a: Umbreon|0 fnt\n|faint|p2a: Umbreon\n|-damage|p1a: Stonjourner|25/330|[from] item: Life Orb\n|\n|upkeep\n|\n|t:|1781376804\n|switch|p2a: Grafaiai|Grafaiai, L86, F|249/249\n|turn|15\n|j| haxion\n|\n|t:|1781376814\n|move|p2a: Grafaiai|Parting Shot|p1a: Stonjourner\n|-unboost|p1a: Stonjourner|atk|1\n|-unboost|p1a: Stonjourner|spa|1\n|\n|t:|1781376817\n|switch|p2a: Kyogre|Kyogre, L71|259/259|[from] Parting Shot\n|-damage|p2a: Kyogre|227/259|[from] Spikes\n|-weather|RainDance|[from] ability: Drizzle|[of] p2a: Kyogre\n|move|p1a: Stonjourner|Earthquake|p2a: Kyogre\n|-damage|p2a: Kyogre|87/259\n|-damage|p1a: Stonjourner|0 fnt|[from] item: Life Orb\n|faint|p1a: Stonjourner\n|\n|-weather|RainDance|[upkeep]\n|upkeep\n|\n|t:|1781376826\n|switch|p1a: Vespiquen|Vespiquen, L99, F|299/299\n|-ability|p1a: Vespiquen|Pressure\n|turn|16\n|\n|t:|1781376835\n|move|p2a: Kyogre|Thunder|p1a: Vespiquen\n|-supereffective|p1a: Vespiquen\n|-damage|p1a: Vespiquen|179/299\n|move|p1a: Vespiquen|Spikes|p2a: Kyogre\n|-sidestart|p2: Dfrrnspa97|Spikes\n|\n|-weather|RainDance|[upkeep]\n|upkeep\n|turn|17\n|\n|t:|1781376841\n|switch|p2a: Tauros|Tauros-Paldea-Combat, L82, M, tera:Steel|232/257\n|-damage|p2a: Tauros|190/257|[from] Spikes\n|-ability|p2a: Tauros|Intimidate|boost\n|-unboost|p1a: Vespiquen|atk|1\n|switch|p1a: Shaymin|Shaymin, L82|172/298\n|\n|-weather|RainDance|[upkeep]\n|-heal|p1a: Shaymin|190/298|[from] item: Leftovers\n|upkeep\n|turn|18\n|inactive|Usummega has 90 seconds left.\n|\n|t:|1781376846\n|move|p1a: Shaymin|Leech Seed|p2a: Tauros\n|-start|p2a: Tauros|move: Leech Seed\n|move|p2a: Tauros|Bulk Up|p2a: Tauros\n|-boost|p2a: Tauros|atk|1\n|-boost|p2a: Tauros|def|1\n|\n|-weather|RainDance|[upkeep]\n|-heal|p1a: Shaymin|208/298|[from] item: Leftovers\n|-damage|p2a: Tauros|158/257|[from] Leech Seed|[of] p1a: Shaymin\n|-heal|p1a: Shaymin|240/298|[silent]\n|upkeep\n|turn|19\n|\n|t:|1781376853\n|move|p2a: Tauros|Close Combat|p1a: Shaymin\n|-damage|p1a: Shaymin|9/298\n|-unboost|p2a: Tauros|def|1\n|-unboost|p2a: Tauros|spd|1\n|-damage|p2a: Tauros|133/257|[from] item: Life Orb\n|move|p1a: Shaymin|Substitute|p1a: Shaymin\n|-fail|p1a: Shaymin|move: Substitute|[weak]\n|\n|-weather|none\n|-heal|p1a: Shaymin|27/298|[from] item: Leftovers\n|-damage|p2a: Tauros|101/257|[from] Leech Seed|[of] p1a: Shaymin\n|-heal|p1a: Shaymin|59/298|[silent]\n|upkeep\n|turn|20\n|\n|t:|1781376858\n|switch|p1a: Vespiquen|Vespiquen, L99, F|179/299\n|-ability|p1a: Vespiquen|Pressure\n|move|p2a: Tauros|Iron Head|p1a: Vespiquen\n|-damage|p1a: Vespiquen|58/299\n|-damage|p2a: Tauros|76/257|[from] item: Life Orb\n|\n|-damage|p2a: Tauros|44/257|[from] Leech Seed|[of] p1a: Vespiquen\n|-heal|p1a: Vespiquen|90/299|[silent]\n|upkeep\n|turn|21\n|\n|t:|1781376866\n|switch|p1a: Ceruledge|Ceruledge, L78, F|245/245\n|move|p2a: Tauros|Iron Head|p1a: Ceruledge\n|-resisted|p1a: Ceruledge\n|-damage|p1a: Ceruledge|144/245\n|-ability|p1a: Ceruledge|Weak Armor|boost\n|-unboost|p1a: Ceruledge|def|1\n|-boost|p1a: Ceruledge|spe|2\n|-damage|p2a: Tauros|19/257|[from] item: Life Orb\n|\n|-damage|p2a: Tauros|0 fnt|[from] Leech Seed|[of] p1a: Ceruledge\n|-heal|p1a: Ceruledge|163/245|[silent]\n|faint|p2a: Tauros\n|upkeep\n|\n|t:|1781376869\n|switch|p2a: Kyogre|Kyogre, L71|87/259\n|-damage|p2a: Kyogre|44/259|[from] Spikes\n|-weather|RainDance|[from] ability: Drizzle|[of] p2a: Kyogre\n|turn|22\n|\n|t:|1781376874\n|move|p1a: Ceruledge|Close Combat|p2a: Kyogre\n|-damage|p2a: Kyogre|0 fnt\n|-unboost|p1a: Ceruledge|def|1\n|-unboost|p1a: Ceruledge|spd|1\n|faint|p2a: Kyogre\n|\n|-weather|RainDance|[upkeep]\n|upkeep\n|-message|Dfrrnspa97 forfeited.\n|\n|win|Usummega\n", "inputlog": ">version a8376a258c1d4662feba110a92103f3664a72141\n>start {\"formatid\":\"gen9randombattle\",\"seed\":\"sodium,06d6df5446210ef45e261680326ce2de\",\"rated\":\"Rated battle\"}\n>player p1 {\"name\":\"Usummega\",\"avatar\":\"maxie-gen6\",\"rating\":2226,\"seed\":\"sodium,e17cfbe440fa362c23eca2b765f08406\"}\n>player p2 {\"name\":\"Dfrrnspa97\",\"avatar\":\"265\",\"rating\":2321,\"seed\":\"sodium,b7315b8b7e5af1f8a1b3189ecfb91681\"}\n>p1 switch 4\n>p2 move surf\n>p1 move substitute\n>p2 move bravebird\n>p1 switch 5\n>p2 move bravebird\n>p1 move stoneedge\n>p2 move surf\n>p2 switch 3\n>p1 move precipiceblades\n>p2 move waterspout\n>p1 switch 5\n>p1 move leechseed\n>p2 switch 5\n>p1 move seedflare\n>p2 move shadowball\n>p1 switch 3\n>p2 switch 2\n>p1 move spikes\n>p2 move bulkup terastallize\n>p1 switch 2\n>p2 move bulkup\n>p1 move rockpolish terastallize\n>p2 move closecombat\n>p1 move earthquake\n>p2 switch 4\n>p1 move earthquake\n>p2 move protect\n>p1 move earthquake\n>p2 move wish\n>p2 switch 6\n>p1 move earthquake\n>p2 move partingshot\n>p2 switch 5\n>p1 switch 2\n>p1 move spikes\n>p2 move thunder\n>p1 switch 3\n>p2 switch 4\n>p1 move leechseed\n>p2 move bulkup\n>p1 move substitute\n>p2 move closecombat\n>p1 switch 3\n>p2 move ironhead\n>p1 switch 6\n>p2 move ironhead\n>p2 switch 4\n>p1 move closecombat\n>p2 move originpulse\n>forcelose p2", "uploadtime": 1781376501, "views": 8, "formatid": "gen9randombattle", "rating": null, "private": 0, "password": null}