{"id": "gen9randombattle-2631772495", "format": "[Gen 9] Random Battle", "players": ["tttttttttyyygggg", "danmoses"], "log": "|j|\u2606tttttttttyyygggg\n|j|\u2606danmoses\n|t:|1781437300\n|gametype|singles\n|player|p1|tttttttttyyygggg|101|1942\n|player|p2|danmoses|whitney|1916\n|gen|9\n|tier|[Gen 9] Random Battle\n|rated|\n|rule|Species Clause: Limit one of each Pok\u00e9mon\n|rule|HP Percentage Mod: HP is shown in percentages\n|rule|Sleep Clause Mod: Limit one foe put to sleep\n|rule|Illusion Level Mod: Illusion disguises the Pok\u00e9mon's true level\n|\n|t:|1781437300\n|teamsize|p1|6\n|teamsize|p2|6\n|start\n|switch|p1a: Forretress|Forretress, L84, F|263/263\n|switch|p2a: Scyther|Scyther, L82, F|249/249\n|turn|1\n|inactive|Battle timer is ON: inactive players will automatically lose when time's up. (requested by danmoses)\n|inactive|tttttttttyyygggg also wants the timer to be on.\n|\n|t:|1781437320\n|move|p2a: Scyther|Swords Dance|p2a: Scyther\n|-boost|p2a: Scyther|atk|2\n|move|p1a: Forretress|Rapid Spin|p2a: Scyther\n|-damage|p2a: Scyther|221/249\n|-boost|p1a: Forretress|spe|1\n|\n|upkeep\n|turn|2\n|\n|t:|1781437327\n|move|p2a: Scyther|Dual Wingbeat|p1a: Forretress\n|-damage|p1a: Forretress|176/263\n|-damage|p1a: Forretress|86/263\n|-hitcount|p1a: Forretress|2\n|move|p1a: Forretress|Rapid Spin|p2a: Scyther\n|-damage|p2a: Scyther|195/249\n|-boost|p1a: Forretress|spe|1\n|\n|-heal|p1a: Forretress|102/263|[from] item: Leftovers\n|upkeep\n|turn|3\n|\n|t:|1781437335\n|move|p1a: Forretress|Iron Head|p2a: Scyther\n|-damage|p2a: Scyther|135/249\n|move|p2a: Scyther|Dual Wingbeat|p1a: Forretress\n|-damage|p1a: Forretress|3/263\n|-damage|p1a: Forretress|0 fnt\n|faint|p1a: Forretress\n|-hitcount|p1: Forretress|2\n|\n|upkeep\n|\n|t:|1781437354\n|switch|p1a: Iron Hands|Iron Hands, L79|373/373\n|turn|4\n|\n|t:|1781437361\n|move|p2a: Scyther|Dual Wingbeat|p1a: Iron Hands\n|-damage|p1a: Iron Hands|249/373\n|-damage|p1a: Iron Hands|132/373\n|-hitcount|p1a: Iron Hands|2\n|move|p1a: Iron Hands|Ice Punch|p2a: Scyther\n|-supereffective|p2a: Scyther\n|-damage|p2a: Scyther|37/249\n|-status|p2a: Scyther|frz\n|\n|-heal|p1a: Iron Hands|155/373|[from] item: Leftovers\n|upkeep\n|turn|5\n|\n|t:|1781437373\n|-end|p1a: Iron Hands|Quark Drive|[silent]\n|switch|p1a: Excadrill|Excadrill, L79, M|303/303\n|-ability|p1a: Excadrill|Mold Breaker\n|-curestatus|p2a: Scyther|frz|[msg]\n|move|p2a: Scyther|Dual Wingbeat|p1a: Excadrill\n|-resisted|p1a: Excadrill\n|-damage|p1a: Excadrill|210/303\n|-resisted|p1a: Excadrill\n|-damage|p1a: Excadrill|126/303\n|-hitcount|p1a: Excadrill|2\n|\n|upkeep\n|turn|6\n|\n|t:|1781437381\n|move|p2a: Scyther|Bug Bite|p1a: Excadrill\n|-resisted|p1a: Excadrill\n|-damage|p1a: Excadrill|0 fnt\n|faint|p1a: Excadrill\n|\n|upkeep\n|-message|tttttttttyyygggg forfeited.\n|\n|win|danmoses\n", "inputlog": ">version a8376a258c1d4662feba110a92103f3664a72141\n>start {\"formatid\":\"gen9randombattle\",\"seed\":\"sodium,9988929e6f5f5fb2eaf977526a96625a\",\"rated\":\"Rated battle\"}\n>player p1 {\"name\":\"tttttttttyyygggg\",\"avatar\":\"101\",\"rating\":1942,\"seed\":\"sodium,8843481e543c90192ffddfee67b29402\"}\n>player p2 {\"name\":\"danmoses\",\"avatar\":\"whitney\",\"rating\":1916,\"seed\":\"sodium,11f8874796e6ec7323c1a19d88127d63\"}\n>p1 move rapidspin\n>p2 move swordsdance\n>p1 move rapidspin\n>p2 move dualwingbeat\n>p1 move ironhead\n>p2 move dualwingbeat\n>p1 switch 4\n>p1 move icepunch\n>p2 move dualwingbeat\n>p1 switch 2\n>p2 move dualwingbeat\n>p1 move rapidspin\n>p2 move bugbite\n>forcelose p1", "uploadtime": 1781437302, "views": 6, "formatid": "gen9randombattle", "rating": null, "private": 0, "password": null}