{"id": "gen9randombattle-2631617894", "format": "[Gen 9] Random Battle", "players": ["moomoo798", "Biggusnoobus"], "log": "|j|\u2606moomoo798\n|j|\u2606Biggusnoobus\n|t:|1781409622\n|gametype|singles\n|player|p1|moomoo798|jasmine|1956\n|player|p2|Biggusnoobus|cyrus|1911\n|gen|9\n|tier|[Gen 9] Random Battle\n|rated|\n|rule|Species Clause: Limit one of each Pok\u00e9mon\n|rule|HP Percentage Mod: HP is shown in percentages\n|rule|Sleep Clause Mod: Limit one foe put to sleep\n|rule|Illusion Level Mod: Illusion disguises the Pok\u00e9mon's true level\n|\n|t:|1781409622\n|teamsize|p1|6\n|teamsize|p2|6\n|start\n|switch|p1a: Leavanny|Leavanny, L86, M|269/269\n|switch|p2a: Tinkaton|Tinkaton, L82, F|274/274\n|-ability|p2a: Tinkaton|Mold Breaker\n|turn|1\n|inactive|Battle timer is ON: inactive players will automatically lose when time's up. (requested by moomoo798)\n|\n|t:|1781409652\n|move|p1a: Leavanny|Sticky Web|p2a: Tinkaton\n|-sidestart|p2: Biggusnoobus|move: Sticky Web\n|move|p2a: Tinkaton|Gigaton Hammer|p1a: Leavanny\n|-damage|p1a: Leavanny|122/269\n|\n|upkeep\n|turn|2\n|\n|t:|1781409671\n|move|p1a: Leavanny|Knock Off|p2a: Tinkaton\n|-resisted|p2a: Tinkaton\n|-damage|p2a: Tinkaton|228/274\n|-enditem|p2a: Tinkaton|Leftovers|[from] move: Knock Off|[of] p1a: Leavanny\n|move|p2a: Tinkaton|Play Rough|p1a: Leavanny|[miss]\n|-miss|p2a: Tinkaton|p1a: Leavanny\n|\n|upkeep\n|turn|3\n|\n|t:|1781409682\n|move|p1a: Leavanny|Lunge|p2a: Tinkaton\n|-resisted|p2a: Tinkaton\n|-damage|p2a: Tinkaton|203/274\n|-unboost|p2a: Tinkaton|atk|1\n|move|p2a: Tinkaton|Gigaton Hammer|p1a: Leavanny\n|-damage|p1a: Leavanny|38/269\n|\n|upkeep\n|turn|4\n|\n|t:|1781409689\n|move|p1a: Leavanny|Lunge|p2a: Tinkaton\n|-resisted|p2a: Tinkaton\n|-damage|p2a: Tinkaton|167/274\n|-unboost|p2a: Tinkaton|atk|1\n|move|p2a: Tinkaton|Swords Dance|p2a: Tinkaton\n|-boost|p2a: Tinkaton|atk|2\n|\n|upkeep\n|turn|5\n|\n|t:|1781409711\n|switch|p1a: Dudunsparce|Dudunsparce, L83, M|343/343\n|move|p2a: Tinkaton|Swords Dance|p2a: Tinkaton\n|-boost|p2a: Tinkaton|atk|2\n|\n|upkeep\n|turn|6\n|\n|t:|1781409718\n|move|p2a: Tinkaton|Gigaton Hammer|p1a: Dudunsparce\n|-damage|p1a: Dudunsparce|40/343\n|move|p1a: Dudunsparce|Earthquake|p2a: Tinkaton\n|-supereffective|p2a: Tinkaton\n|-crit|p2a: Tinkaton\n|-damage|p2a: Tinkaton|0 fnt\n|faint|p2a: Tinkaton\n|\n|-heal|p1a: Dudunsparce|61/343|[from] item: Leftovers\n|upkeep\n|\n|t:|1781409727\n|switch|p2a: Kyurem|Kyurem-White, L73|303/303\n|-activate|p2a: Kyurem|move: Sticky Web\n|-unboost|p2a: Kyurem|spe|1\n|-ability|p2a: Kyurem|Turboblaze\n|turn|7\n|\n|t:|1781409731\n|move|p2a: Kyurem|Freeze-Dry|p1a: Dudunsparce\n|-damage|p1a: Dudunsparce|0 fnt\n|faint|p1a: Dudunsparce\n|\n|upkeep\n|\n|t:|1781409742\n|switch|p1a: Tyranitar|Tyranitar, L78, F|284/284\n|-weather|Sandstorm|[from] ability: Sand Stream|[of] p1a: Tyranitar\n|turn|8\n|\n|t:|1781409753\n|switch|p2a: Clodsire|Clodsire, L81, F|343/343\n|-activate|p2a: Clodsire|move: Sticky Web\n|-unboost|p2a: Clodsire|spe|1\n|move|p1a: Tyranitar|Stealth Rock|p2a: Clodsire\n|-sidestart|p2: Biggusnoobus|move: Stealth Rock\n|\n|-weather|Sandstorm|[upkeep]\n|upkeep\n|turn|9\n|\n|t:|1781409777\n|move|p1a: Tyranitar|Knock Off|p2a: Clodsire\n|-damage|p2a: Clodsire|195/343\n|-enditem|p2a: Clodsire|Leftovers|[from] move: Knock Off|[of] p1a: Tyranitar\n|move|p2a: Clodsire|Earthquake|p1a: Tyranitar\n|-supereffective|p1a: Tyranitar\n|-damage|p1a: Tyranitar|134/284\n|\n|-weather|Sandstorm|[upkeep]\n|-heal|p1a: Tyranitar|151/284|[from] item: Leftovers\n|upkeep\n|turn|10\n|\n|t:|1781409781\n|move|p1a: Tyranitar|Earthquake|p2a: Clodsire\n|-supereffective|p2a: Clodsire\n|-damage|p2a: Clodsire|0 fnt\n|faint|p2a: Clodsire\n|\n|-weather|Sandstorm|[upkeep]\n|-heal|p1a: Tyranitar|168/284|[from] item: Leftovers\n|upkeep\n|\n|t:|1781409785\n|switch|p2a: Dudunsparce|Dudunsparce-Three-Segment, L83, M|343/343\n|-activate|p2a: Dudunsparce|move: Sticky Web\n|-unboost|p2a: Dudunsparce|spe|1\n|-damage|p2a: Dudunsparce|301/343|[from] Stealth Rock\n|turn|11\n|\n|t:|1781409794\n|switch|p1a: Dipplin|Dipplin, L88, M|284/284\n|move|p2a: Dudunsparce|Glare|p1a: Dipplin\n|-status|p1a: Dipplin|par\n|\n|-weather|Sandstorm|[upkeep]\n|-damage|p2a: Dudunsparce|280/343|[from] Sandstorm\n|-damage|p1a: Dipplin|267/284 par|[from] Sandstorm\n|-heal|p2a: Dudunsparce|301/343|[from] item: Leftovers\n|upkeep\n|turn|12\n|\n|t:|1781409799\n|move|p2a: Dudunsparce|Headbutt|p1a: Dipplin\n|-damage|p1a: Dipplin|224/284 par\n|cant|p1a: Dipplin|flinch\n|\n|-weather|none\n|-heal|p2a: Dudunsparce|322/343|[from] item: Leftovers\n|upkeep\n|turn|13\n|\n|t:|1781409808\n|move|p2a: Dudunsparce|Headbutt|p1a: Dipplin\n|-damage|p1a: Dipplin|181/284 par\n|move|p1a: Dipplin|Dragon Tail|p2a: Dudunsparce\n|-damage|p2a: Dudunsparce|256/343\n|drag|p2a: Kyurem|Kyurem-White, L73|303/303\n|-activate|p2a: Kyurem|move: Sticky Web\n|-unboost|p2a: Kyurem|spe|1\n|-damage|p2a: Kyurem|228/303|[from] Stealth Rock\n|-ability|p2a: Kyurem|Turboblaze\n|\n|upkeep\n|turn|14\n|\n|t:|1781409813\n|switch|p1a: Magearna|Magearna, L77|250/250\n|move|p2a: Kyurem|Freeze-Dry|p1a: Magearna\n|-resisted|p1a: Magearna\n|-damage|p1a: Magearna|208/250\n|\n|-heal|p1a: Magearna|223/250|[from] item: Leftovers\n|upkeep\n|turn|15\n|\n|t:|1781409822\n|switch|p2a: Deoxys|Deoxys-Defense, L84|221/221\n|-activate|p2a: Deoxys|move: Sticky Web\n|-unboost|p2a: Deoxys|spe|1\n|-damage|p2a: Deoxys|194/221|[from] Stealth Rock\n|-ability|p2a: Deoxys|Pressure\n|move|p1a: Magearna|Aura Sphere|p2a: Deoxys\n|-resisted|p2a: Deoxys\n|-damage|p2a: Deoxys|174/221\n|\n|-heal|p1a: Magearna|238/250|[from] item: Leftovers\n|upkeep\n|turn|16\n|\n|t:|1781409833\n|switch|p1a: Tyranitar|Tyranitar, L78, F|168/284\n|-weather|Sandstorm|[from] ability: Sand Stream|[of] p1a: Tyranitar\n|move|p2a: Deoxys|Teleport|p2a: Deoxys\n|\n|t:|1781409838\n|switch|p2a: Dudunsparce|Dudunsparce-Three-Segment, L83, M|256/343|[from] Teleport\n|-activate|p2a: Dudunsparce|move: Sticky Web\n|-unboost|p2a: Dudunsparce|spe|1\n|-damage|p2a: Dudunsparce|214/343|[from] Stealth Rock\n|\n|-weather|Sandstorm|[upkeep]\n|-damage|p2a: Dudunsparce|193/343|[from] Sandstorm\n|-heal|p1a: Tyranitar|185/284|[from] item: Leftovers\n|-heal|p2a: Dudunsparce|214/343|[from] item: Leftovers\n|upkeep\n|turn|17\n|\n|t:|1781409851\n|switch|p1a: Dipplin|Dipplin, L88, M|181/284 par\n|move|p2a: Dudunsparce|Glare|p1a: Dipplin\n|-fail|p1a: Dipplin|par\n|\n|-weather|Sandstorm|[upkeep]\n|-damage|p2a: Dudunsparce|193/343|[from] Sandstorm\n|-damage|p1a: Dipplin|164/284 par|[from] Sandstorm\n|-heal|p2a: Dudunsparce|214/343|[from] item: Leftovers\n|upkeep\n|turn|18\n|\n|t:|1781409854\n|move|p2a: Dudunsparce|Headbutt|p1a: Dipplin\n|-damage|p1a: Dipplin|121/284 par\n|cant|p1a: Dipplin|flinch\n|\n|-weather|Sandstorm|[upkeep]\n|-damage|p2a: Dudunsparce|193/343|[from] Sandstorm\n|-damage|p1a: Dipplin|104/284 par|[from] Sandstorm\n|-heal|p2a: Dudunsparce|214/343|[from] item: Leftovers\n|upkeep\n|turn|19\n|\n|t:|1781409857\n|move|p2a: Dudunsparce|Headbutt|p1a: Dipplin\n|-damage|p1a: Dipplin|65/284 par\n|cant|p1a: Dipplin|flinch\n|\n|-weather|Sandstorm|[upkeep]\n|-damage|p2a: Dudunsparce|193/343|[from] Sandstorm\n|-damage|p1a: Dipplin|48/284 par|[from] Sandstorm\n|-heal|p2a: Dudunsparce|214/343|[from] item: Leftovers\n|upkeep\n|turn|20\n|\n|t:|1781409859\n|move|p2a: Dudunsparce|Headbutt|p1a: Dipplin\n|-damage|p1a: Dipplin|6/284 par\n|cant|p1a: Dipplin|flinch\n|\n|-weather|none\n|-heal|p2a: Dudunsparce|235/343|[from] item: Leftovers\n|upkeep\n|turn|21\n|\n|t:|1781409863\n|move|p2a: Dudunsparce|Headbutt|p1a: Dipplin\n|-damage|p1a: Dipplin|0 fnt\n|faint|p1a: Dipplin\n|\n|-heal|p2a: Dudunsparce|256/343|[from] item: Leftovers\n|upkeep\n|\n|t:|1781409867\n|switch|p1a: Leavanny|Leavanny, L86, M|38/269\n|turn|22\n|\n|t:|1781409871\n|move|p1a: Leavanny|Knock Off|p2a: Dudunsparce\n|-damage|p2a: Dudunsparce|177/343\n|-enditem|p2a: Dudunsparce|Leftovers|[from] move: Knock Off|[of] p1a: Leavanny\n|move|p2a: Dudunsparce|Headbutt|p1a: Leavanny\n|-damage|p1a: Leavanny|0 fnt\n|faint|p1a: Leavanny\n|\n|upkeep\n|\n|t:|1781409889\n|switch|p1a: Magearna|Magearna, L77|238/250\n|turn|23\n|\n|t:|1781409894\n|move|p1a: Magearna|Aura Sphere|p2a: Dudunsparce\n|-supereffective|p2a: Dudunsparce\n|-damage|p2a: Dudunsparce|35/343\n|move|p2a: Dudunsparce|Glare|p1a: Magearna\n|-status|p1a: Magearna|par\n|\n|-heal|p1a: Magearna|250/250 par|[from] item: Leftovers\n|upkeep\n|turn|24\n|\n|t:|1781409901\n|move|p2a: Dudunsparce|Roost|p2a: Dudunsparce\n|-heal|p2a: Dudunsparce|207/343\n|-singleturn|p2a: Dudunsparce|move: Roost\n|cant|p1a: Magearna|par\n|\n|upkeep\n|turn|25\n|\n|t:|1781409911\n|move|p2a: Dudunsparce|Earthquake|p1a: Magearna\n|-supereffective|p1a: Magearna\n|-damage|p1a: Magearna|112/250 par\n|move|p1a: Magearna|Aura Sphere|p2a: Dudunsparce\n|-supereffective|p2a: Dudunsparce\n|-damage|p2a: Dudunsparce|75/343\n|\n|-heal|p1a: Magearna|127/250 par|[from] item: Leftovers\n|upkeep\n|turn|26\n|\n|t:|1781409915\n|move|p2a: Dudunsparce|Earthquake|p1a: Magearna\n|-supereffective|p1a: Magearna\n|-damage|p1a: Magearna|11/250 par\n|move|p1a: Magearna|Aura Sphere|p2a: Dudunsparce\n|-supereffective|p2a: Dudunsparce\n|-damage|p2a: Dudunsparce|0 fnt\n|faint|p2a: Dudunsparce\n|-ability|p1a: Magearna|Soul-Heart|boost\n|-boost|p1a: Magearna|spa|1\n|\n|-heal|p1a: Magearna|26/250 par|[from] item: Leftovers\n|upkeep\n|\n|t:|1781409921\n|switch|p2a: Golem|Golem-Alola, L93, M|300/300\n|-activate|p2a: Golem|move: Sticky Web\n|-unboost|p2a: Golem|spe|1\n|-damage|p2a: Golem|263/300|[from] Stealth Rock\n|turn|27\n|\n|t:|1781409926\n|move|p2a: Golem|Rock Polish|p2a: Golem\n|-boost|p2a: Golem|spe|2\n|move|p1a: Magearna|Fleur Cannon|p2a: Golem\n|-damage|p2a: Golem|0 fnt\n|-unboost|p1a: Magearna|spa|2\n|faint|p2a: Golem\n|-ability|p1a: Magearna|Soul-Heart|boost\n|-boost|p1a: Magearna|spa|1\n|\n|-heal|p1a: Magearna|41/250 par|[from] item: Leftovers\n|upkeep\n|\n|t:|1781409935\n|switch|p2a: Kyurem|Kyurem-White, L73|228/303\n|-activate|p2a: Kyurem|move: Sticky Web\n|-unboost|p2a: Kyurem|spe|1\n|-damage|p2a: Kyurem|153/303|[from] Stealth Rock\n|-ability|p2a: Kyurem|Turboblaze\n|turn|28\n|\n|t:|1781409938\n|move|p2a: Kyurem|Earth Power|p1a: Magearna\n|-supereffective|p1a: Magearna\n|-crit|p1a: Magearna\n|-damage|p1a: Magearna|0 fnt\n|faint|p1a: Magearna\n|\n|upkeep\n|\n|t:|1781409941\n|switch|p1a: Cyclizar|Cyclizar, L83, M|252/252\n|turn|29\n|\n|t:|1781409950\n|move|p1a: Cyclizar|Knock Off|p2a: Kyurem\n|-damage|p2a: Kyurem|75/303\n|-enditem|p2a: Kyurem|Choice Scarf|[from] move: Knock Off|[of] p1a: Cyclizar\n|move|p2a: Kyurem|Earth Power|p1a: Cyclizar\n|-damage|p1a: Cyclizar|160/252\n|\n|upkeep\n|turn|30\n|\n|t:|1781409954\n|move|p1a: Cyclizar|Draco Meteor|p2a: Kyurem\n|-supereffective|p2a: Kyurem\n|-damage|p2a: Kyurem|0 fnt\n|-unboost|p1a: Cyclizar|spa|2\n|faint|p2a: Kyurem\n|\n|upkeep\n|\n|t:|1781409957\n|switch|p2a: Deoxys|Deoxys-Defense, L84|174/221\n|-activate|p2a: Deoxys|move: Sticky Web\n|-unboost|p2a: Deoxys|spe|1\n|-damage|p2a: Deoxys|147/221|[from] Stealth Rock\n|-ability|p2a: Deoxys|Pressure\n|turn|31\n|\n|t:|1781409963\n|move|p1a: Cyclizar|Knock Off|p2a: Deoxys\n|-supereffective|p2a: Deoxys\n|-damage|p2a: Deoxys|67/221\n|-damage|p1a: Cyclizar|118/252|[from] item: Rocky Helmet|[of] p2a: Deoxys\n|-enditem|p2a: Deoxys|Rocky Helmet|[from] move: Knock Off|[of] p1a: Cyclizar\n|move|p2a: Deoxys|Knock Off|p1a: Cyclizar\n|-damage|p1a: Cyclizar|45/252\n|-enditem|p1a: Cyclizar|Heavy-Duty Boots|[from] move: Knock Off|[of] p2a: Deoxys\n|\n|upkeep\n|turn|32\n|\n|t:|1781409970\n|switch|p1a: Tyranitar|Tyranitar, L78, F|185/284\n|-weather|Sandstorm|[from] ability: Sand Stream|[of] p1a: Tyranitar\n|move|p2a: Deoxys|Recover|p2a: Deoxys\n|-heal|p2a: Deoxys|178/221\n|\n|-weather|Sandstorm|[upkeep]\n|-damage|p2a: Deoxys|165/221|[from] Sandstorm\n|-heal|p1a: Tyranitar|202/284|[from] item: Leftovers\n|upkeep\n|turn|33\n|\n|t:|1781409982\n|-terastallize|p2a: Deoxys|Fairy\n|move|p1a: Tyranitar|Knock Off|p2a: Deoxys\n|-resisted|p2a: Deoxys\n|-damage|p2a: Deoxys|142/221\n|move|p2a: Deoxys|Knock Off|p1a: Tyranitar\n|-resisted|p1a: Tyranitar\n|-damage|p1a: Tyranitar|177/284\n|-enditem|p1a: Tyranitar|Leftovers|[from] move: Knock Off|[of] p2a: Deoxys\n|\n|-weather|Sandstorm|[upkeep]\n|-damage|p2a: Deoxys|129/221|[from] Sandstorm\n|upkeep\n|turn|34\n|\n|t:|1781409994\n|-terastallize|p1a: Tyranitar|Rock\n|move|p1a: Tyranitar|Stone Edge|p2a: Deoxys\n|-damage|p2a: Deoxys|21/221\n|move|p2a: Deoxys|Knock Off|p1a: Tyranitar\n|-damage|p1a: Tyranitar|146/284\n|\n|-weather|Sandstorm|[upkeep]\n|-damage|p2a: Deoxys|8/221|[from] Sandstorm\n|upkeep\n|turn|35\n|\n|t:|1781410000\n|move|p1a: Tyranitar|Knock Off|p2a: Deoxys\n|-resisted|p2a: Deoxys\n|-damage|p2a: Deoxys|0 fnt\n|faint|p2a: Deoxys\n|\n|win|moomoo798\n", "inputlog": ">version a8376a258c1d4662feba110a92103f3664a72141\n>start {\"formatid\":\"gen9randombattle\",\"seed\":\"sodium,1d0f94b6b634db336f9879b3434d7cdf\",\"rated\":\"Rated battle\"}\n>player p1 {\"name\":\"moomoo798\",\"avatar\":\"jasmine\",\"rating\":1956,\"seed\":\"sodium,c3a243c289d5f000952fdd49cc89d8bc\"}\n>player p2 {\"name\":\"Biggusnoobus\",\"avatar\":\"cyrus\",\"rating\":1911,\"seed\":\"sodium,c5dc7aa13902606738001b019d29fcee\"}\n>p1 move stickyweb\n>p2 move gigatonhammer\n>p1 move knockoff\n>p2 move playrough\n>p1 move lunge\n>p2 move gigatonhammer\n>p1 move lunge\n>p2 move swordsdance\n>p1 switch 2\n>p2 move swordsdance\n>p1 move earthquake\n>p2 move gigatonhammer\n>p2 switch 3\n>p1 move roost\n>p2 move freezedry\n>p1 switch 3\n>p1 move stealthrock\n>p2 switch 5\n>p1 move knockoff\n>p2 move earthquake\n>p1 move earthquake\n>p2 move recover\n>p2 switch 6\n>p1 switch 4\n>p2 move glare\n>p1 move dragontail\n>p2 move headbutt\n>p1 move dragontail\n>p2 move headbutt\n>p1 switch 6\n>p2 move freezedry\n>p1 move aurasphere\n>p2 switch 2\n>p1 switch 4\n>p2 move teleport\n>p2 switch 5\n>p1 switch 6\n>p2 move glare\n>p1 move recover\n>p2 move headbutt\n>p1 move recover\n>p2 move headbutt\n>p1 move recover\n>p2 move headbutt\n>p1 move recover\n>p2 move headbutt\n>p1 switch 2\n>p1 move knockoff\n>p2 move headbutt\n>p1 switch 4\n>p1 move aurasphere\n>p2 move glare\n>p1 move flashcannon\n>p2 move roost\n>p1 move aurasphere\n>p2 move earthquake\n>p1 move aurasphere\n>p2 move earthquake\n>p2 switch 4\n>p1 move fleurcannon\n>p2 move rockpolish\n>p2 switch 2\n>p1 move flashcannon\n>p2 move earthpower\n>p1 switch 5\n>p1 move knockoff\n>p2 move earthpower\n>p1 move dracometeor\n>p2 move freezedry\n>p2 switch 5\n>p1 move knockoff\n>p2 move knockoff\n>p1 switch 6\n>p2 move recover\n>p1 move knockoff\n>p2 move knockoff terastallize\n>p1 move stoneedge terastallize\n>p2 move knockoff\n>p1 move knockoff\n>p2 move recover", "uploadtime": 1781409624, "views": 4, "formatid": "gen9randombattle", "rating": null, "private": 0, "password": null}