{"id": "gen9randombattle-2631600770", "format": "[Gen 9] Random Battle", "players": ["S\ufe0fMystX", "Tutudile"], "log": "|j|\u2606S\ufe0fMystX\n|j|\u2606Tutudile\n|t:|1781407004\n|gametype|singles\n|player|p1|S\ufe0fMystX|dancer|2122\n|player|p2|Tutudile|red|2209\n|gen|9\n|tier|[Gen 9] Random Battle\n|rated|\n|rule|Species Clause: Limit one of each Pok\u00e9mon\n|rule|HP Percentage Mod: HP is shown in percentages\n|rule|Sleep Clause Mod: Limit one foe put to sleep\n|rule|Illusion Level Mod: Illusion disguises the Pok\u00e9mon's true level\n|\n|t:|1781407004\n|teamsize|p1|6\n|teamsize|p2|6\n|start\n|switch|p1a: Ribombee|Ribombee, L83, M|235/235\n|switch|p2a: Spidops|Spidops, L96, F|271/271\n|turn|1\n|c|\u2606S\ufe0fMystX|i won't sticky if you don't sticky.\n|inactive|Battle timer is ON: inactive players will automatically lose when time's up. (requested by Tutudile)\n|\n|t:|1781407024\n|move|p1a: Ribombee|Moonblast|p2a: Spidops\n|-damage|p2a: Spidops|189/271\n|move|p2a: Spidops|Sticky Web|p1a: Ribombee\n|-sidestart|p1: S\ufe0fMystX|move: Sticky Web\n|\n|upkeep\n|turn|2\n|c|\u2606S\ufe0fMystX|you stickied.\n|\n|t:|1781407036\n|move|p1a: Ribombee|Sticky Web|p2a: Spidops\n|-sidestart|p2: Tutudile|move: Sticky Web\n|move|p2a: Spidops|Spikes|p1a: Ribombee\n|-sidestart|p1: S\ufe0fMystX|Spikes\n|\n|upkeep\n|turn|3\n|\n|t:|1781407042\n|move|p1a: Ribombee|Moonblast|p2a: Spidops\n|-damage|p2a: Spidops|104/271\n|move|p2a: Spidops|Spikes|p1a: Ribombee\n|-sidestart|p1: S\ufe0fMystX|Spikes\n|\n|upkeep\n|turn|4\n|\n|t:|1781407048\n|move|p1a: Ribombee|Moonblast|p2a: Spidops\n|-damage|p2a: Spidops|17/271\n|move|p2a: Spidops|Spikes|p1a: Ribombee\n|-sidestart|p1: S\ufe0fMystX|Spikes\n|\n|upkeep\n|turn|5\n|c|\u2606S\ufe0fMystX|you're not very nice.\n|\n|t:|1781407057\n|move|p1a: Ribombee|Moonblast|p2a: Spidops\n|-damage|p2a: Spidops|0 fnt\n|faint|p2a: Spidops\n|\n|upkeep\n|\n|t:|1781407065\n|switch|p2a: Sudowoodo|Sudowoodo, L94, M|284/284\n|-activate|p2a: Sudowoodo|move: Sticky Web\n|-unboost|p2a: Sudowoodo|spe|1\n|turn|6\n|\n|t:|1781407075\n|move|p1a: Ribombee|Moonblast|p2a: Sudowoodo\n|-damage|p2a: Sudowoodo|175/284\n|move|p2a: Sudowoodo|Head Smash|p1a: Ribombee\n|-supereffective|p1a: Ribombee\n|-enditem|p1a: Ribombee|Focus Sash\n|-damage|p1a: Ribombee|1/235\n|\n|upkeep\n|turn|7\n|\n|t:|1781407085\n|move|p1a: Ribombee|Moonblast|p2a: Sudowoodo\n|-damage|p2a: Sudowoodo|67/284\n|move|p2a: Sudowoodo|Head Smash|p1a: Ribombee\n|-supereffective|p1a: Ribombee\n|-damage|p1a: Ribombee|0 fnt\n|faint|p1a: Ribombee\n|\n|upkeep\n|\n|t:|1781407106\n|switch|p1a: Coalossal|Coalossal, L89, F|341/341\n|turn|8\n|\n|t:|1781407122\n|switch|p2a: Dusknoir|Dusknoir, L89, F|225/225\n|-activate|p2a: Dusknoir|move: Sticky Web\n|-unboost|p2a: Dusknoir|spe|1\n|-item|p1a: Coalossal|Heavy-Duty Boots|[from] ability: Frisk|[of] p2a: Dusknoir\n|-terastallize|p1a: Coalossal|Grass\n|move|p1a: Coalossal|Rapid Spin|p2a: Dusknoir\n|-immune|p2a: Dusknoir\n|\n|upkeep\n|turn|9\n|c|\u2606S\ufe0fMystX|ahhh okay.\n|\n|t:|1781407138\n|switch|p1a: Reuniclus|Reuniclus, L88, M|337/337\n|-activate|p1a: Reuniclus|move: Sticky Web\n|-unboost|p1a: Reuniclus|spe|1\n|move|p2a: Dusknoir|Will-O-Wisp|p1a: Reuniclus\n|-status|p1a: Reuniclus|brn\n|\n|upkeep\n|turn|10\n|c|\u2606S\ufe0fMystX|we can both be mean about this.\n|\n|t:|1781407148\n|move|p2a: Dusknoir|Poltergeist|p1a: Reuniclus|[miss]\n|-miss|p2a: Dusknoir|p1a: Reuniclus\n|move|p1a: Reuniclus|Psychic|p2a: Dusknoir\n|-damage|p2a: Dusknoir|107/225\n|\n|-heal|p2a: Dusknoir|121/225|[from] item: Leftovers\n|upkeep\n|turn|11\n|\n|t:|1781407158\n|move|p2a: Dusknoir|Poltergeist|p1a: Reuniclus\n|-activate|p1a: Reuniclus|move: Poltergeist|Life Orb\n|-supereffective|p1a: Reuniclus\n|-damage|p1a: Reuniclus|73/337 brn\n|move|p1a: Reuniclus|Psychic|p2a: Dusknoir\n|-damage|p2a: Dusknoir|0 fnt\n|faint|p2a: Dusknoir\n|\n|upkeep\n|\n|t:|1781407173\n|switch|p2a: Moltres|Moltres-Galar, L79|271/271\n|turn|12\n|\n|t:|1781407184\n|switch|p1a: Muk|Muk-Alola, L82, F|306/306\n|-activate|p1a: Muk|move: Sticky Web\n|-unboost|p1a: Muk|spe|1\n|-damage|p1a: Muk|230/306|[from] Spikes\n|move|p2a: Moltres|Nasty Plot|p2a: Moltres\n|-boost|p2a: Moltres|spa|2\n|\n|upkeep\n|turn|13\n|\n|t:|1781407193\n|move|p2a: Moltres|Hurricane|p1a: Muk|[miss]\n|-miss|p2a: Moltres|p1a: Muk\n|move|p1a: Muk|Knock Off|p2a: Moltres\n|-resisted|p2a: Moltres\n|-damage|p2a: Moltres|219/271\n|-enditem|p2a: Moltres|Weakness Policy|[from] move: Knock Off|[of] p1a: Muk\n|\n|upkeep\n|turn|14\n|\n|t:|1781407203\n|move|p2a: Moltres|Hurricane|p1a: Muk\n|-damage|p1a: Muk|110/306\n|-start|p1a: Muk|confusion\n|-activate|p1a: Muk|confusion\n|move|p1a: Muk|Drain Punch|p2a: Moltres\n|-damage|p2a: Moltres|160/271\n|-heal|p1a: Muk|140/306|[from] drain|[of] p2a: Moltres\n|\n|upkeep\n|turn|15\n|\n|t:|1781407213\n|move|p2a: Moltres|Hurricane|p1a: Muk\n|-damage|p1a: Muk|14/306\n|-end|p1a: Muk|confusion\n|move|p1a: Muk|Gunk Shot|p2a: Moltres\n|-damage|p2a: Moltres|15/271\n|-status|p2a: Moltres|psn\n|-ability|p2a: Moltres|Berserk|boost\n|-boost|p2a: Moltres|spa|1\n|\n|-damage|p2a: Moltres|0 fnt|[from] psn\n|faint|p2a: Moltres\n|upkeep\n|c|\u2606S\ufe0fMystX|...shoulda took my offer earlier.\n|c|\u2606S\ufe0fMystX|ppl don't list.\n|\n|t:|1781407232\n|switch|p2a: Thundurus|Thundurus-Therian, L80, M|258/258\n|turn|16\n|\n|t:|1781407236\n|move|p1a: Muk|Shadow Sneak|p2a: Thundurus\n|-damage|p2a: Thundurus|225/258\n|-status|p2a: Thundurus|psn|[from] ability: Poison Touch|[of] p1a: Muk\n|move|p2a: Thundurus|Sludge Wave|p1a: Muk\n|-resisted|p1a: Muk\n|-damage|p1a: Muk|0 fnt\n|faint|p1a: Muk\n|\n|-damage|p2a: Thundurus|193/258 psn|[from] psn\n|upkeep\n|\n|t:|1781407254\n|switch|p1a: Coalossal|Coalossal, L89, F, tera:Grass|341/341\n|turn|17\n|\n|t:|1781407259\n|-terastallize|p2a: Thundurus|Poison\n|move|p2a: Thundurus|Sludge Wave|p1a: Coalossal\n|-supereffective|p1a: Coalossal\n|-damage|p1a: Coalossal|0 fnt\n|faint|p1a: Coalossal\n|\n|-damage|p2a: Thundurus|161/258 psn|[from] psn\n|upkeep\n|c|\u2606S\ufe0fMystX|oh. you're specs.\n|c|\u2606S\ufe0fMystX|why\n|\n|t:|1781407278\n|switch|p1a: Krookodile|Krookodile, L79, M|280/280\n|-activate|p1a: Krookodile|move: Sticky Web\n|-unboost|p1a: Krookodile|spe|1\n|-damage|p1a: Krookodile|210/280|[from] Spikes\n|-ability|p1a: Krookodile|Intimidate|boost\n|-unboost|p2a: Thundurus|atk|1\n|turn|18\n|\n|t:|1781407289\n|switch|p2a: Sudowoodo|Sudowoodo, L94, M|67/284\n|-activate|p2a: Sudowoodo|move: Sticky Web\n|-unboost|p2a: Sudowoodo|spe|1\n|move|p1a: Krookodile|Earthquake|p2a: Sudowoodo\n|-supereffective|p2a: Sudowoodo\n|-damage|p2a: Sudowoodo|0 fnt\n|faint|p2a: Sudowoodo\n|\n|upkeep\n|\n|t:|1781407298\n|switch|p2a: Gastrodon|Gastrodon, L86, F|331/331\n|-activate|p2a: Gastrodon|move: Sticky Web\n|-unboost|p2a: Gastrodon|spe|1\n|turn|19\n|\n|t:|1781407308\n|switch|p1a: Reuniclus|Reuniclus, L88, M|73/337 brn\n|-activate|p1a: Reuniclus|move: Sticky Web\n|-unboost|p1a: Reuniclus|spe|1\n|move|p2a: Gastrodon|Surf|p1a: Reuniclus\n|-damage|p1a: Reuniclus|0 fnt\n|faint|p1a: Reuniclus\n|\n|upkeep\n|\n|t:|1781407314\n|switch|p1a: Azumarill|Azumarill, L82, F|298/298\n|-activate|p1a: Azumarill|move: Sticky Web\n|-unboost|p1a: Azumarill|spe|1\n|-damage|p1a: Azumarill|224/298|[from] Spikes\n|turn|20\n|\n|t:|1781407321\n|move|p1a: Azumarill|Play Rough|p2a: Gastrodon\n|-damage|p2a: Gastrodon|118/331\n|-unboost|p2a: Gastrodon|atk|1\n|move|p2a: Gastrodon|Clear Smog|p1a: Azumarill\n|-supereffective|p1a: Azumarill\n|-damage|p1a: Azumarill|142/298\n|-clearboost|p1a: Azumarill\n|\n|-heal|p2a: Gastrodon|138/331|[from] item: Leftovers\n|upkeep\n|turn|21\n|c|\u2606S\ufe0fMystX|appreciate that.\n|\n|t:|1781407335\n|switch|p2a: Thundurus|Thundurus-Therian, L80, M, tera:Poison|161/258 psn\n|-activate|p2a: Thundurus|move: Sticky Web\n|-unboost|p2a: Thundurus|spe|1\n|move|p1a: Azumarill|Play Rough|p2a: Thundurus\n|-resisted|p2a: Thundurus\n|-damage|p2a: Thundurus|53/258 psn\n|\n|-damage|p2a: Thundurus|21/258 psn|[from] psn\n|upkeep\n|turn|22\n|-message|Tutudile forfeited.\n|\n|win|S\ufe0fMystX\n|raw|S\ufe0fMystX's rating: 2122 &rarr; <strong>2147</strong><br />(+25 for winning)\n|raw|Tutudile's rating: 2209 &rarr; <strong>2184</strong><br />(-25 for losing)\n", "inputlog": ">version a8376a258c1d4662feba110a92103f3664a72141\n>start {\"formatid\":\"gen9randombattle\",\"seed\":\"sodium,2d40632453b1673207875a2209e57548\",\"rated\":\"Rated battle\"}\n>player p1 {\"name\":\"S\ufe0fMystX\",\"avatar\":\"dancer\",\"rating\":2122,\"seed\":\"sodium,0a72e1efab7a1022a0aff03a07e1462c\"}\n>player p2 {\"name\":\"Tutudile\",\"avatar\":\"red\",\"rating\":2209,\"seed\":\"sodium,e3845a7497c10eff1be35ee0ff8ca909\"}\n>chat \u2606S\ufe0fMystX|i won't sticky if you don't sticky.\n>p1 move moonblast\n>p2 move stickyweb\n>chat \u2606S\ufe0fMystX|you stickied.\n>p1 move stickyweb\n>p2 move spikes\n>p1 move moonblast\n>p2 move spikes\n>p1 move moonblast\n>p2 move spikes\n>chat \u2606S\ufe0fMystX|you're not very nice.\n>p1 move moonblast\n>p2 move toxicspikes\n>p2 switch 6\n>p1 move moonblast\n>p2 move headsmash\n>p1 move moonblast\n>p2 move headsmash\n>p1 switch 5\n>p1 move rapidspin terastallize\n>p2 switch 2\n>chat \u2606S\ufe0fMystX|ahhh okay.\n>p1 switch 6\n>p2 move willowisp\n>chat \u2606S\ufe0fMystX|we can both be mean about this.\n>p1 move psychic\n>p2 move poltergeist\n>p1 move psychic\n>p2 move poltergeist\n>p2 switch 4\n>p1 switch 4\n>p2 move nastyplot\n>p1 move knockoff\n>p2 move hurricane\n>p1 move drainpunch\n>p2 move hurricane\n>p1 move gunkshot\n>p2 move hurricane\n>chat \u2606S\ufe0fMystX|...shoulda took my offer earlier.\n>chat \u2606S\ufe0fMystX|ppl don't list.\n>p2 switch 3\n>p1 move shadowsneak\n>p2 move sludgewave\n>p1 switch 6\n>p1 move rapidspin\n>p2 move sludgewave terastallize\n>chat \u2606S\ufe0fMystX|oh. you're specs.\n>chat \u2606S\ufe0fMystX|why\n>p1 switch 3\n>p1 move earthquake\n>p2 switch 2\n>p2 switch 5\n>p1 switch 4\n>p2 move surf\n>p1 switch 2\n>p1 move playrough\n>p2 move clearsmog\n>chat \u2606S\ufe0fMystX|appreciate that.\n>p1 move playrough\n>p2 switch 2\n>forcelose p2", "uploadtime": 1781407006, "views": 6, "formatid": "gen9randombattle", "rating": 2147, "private": 0, "password": null}