{"id": "gen9randombattle-2631865486", "format": "[Gen 9] Random Battle", "players": ["Dunkin_Smeargle", "Sarvesh legend 001"], "log": "|j|\u2606Dunkin_Smeargle\n|j|\u2606Sarvesh legend 001\n|t:|1781449742\n|gametype|singles\n|player|p1|Dunkin_Smeargle|artist-gen4|1922\n|player|p2|Sarvesh legend 001|red|1919\n|gen|9\n|tier|[Gen 9] Random Battle\n|rated|\n|rule|Species Clause: Limit one of each Pok\u00e9mon\n|rule|HP Percentage Mod: HP is shown in percentages\n|rule|Sleep Clause Mod: Limit one foe put to sleep\n|rule|Illusion Level Mod: Illusion disguises the Pok\u00e9mon's true level\n|\n|t:|1781449742\n|teamsize|p1|6\n|teamsize|p2|6\n|start\n|switch|p1a: Slowking|Slowking-Galar, L85, F|300/300\n|switch|p2a: Jumpluff|Jumpluff, L87, F|271/271\n|turn|1\n|inactive|Battle timer is ON: inactive players will automatically lose when time's up. (requested by Sarvesh legend 001)\n|\n|t:|1781449759\n|switch|p2a: Vikavolt|Vikavolt, L83, F|263/263\n|move|p1a: Slowking|Sludge Bomb|p2a: Vikavolt\n|-damage|p2a: Vikavolt|134/263\n|\n|upkeep\n|turn|2\n|\n|t:|1781449772\n|move|p2a: Vikavolt|Sticky Web|p1a: Slowking\n|-sidestart|p1: Dunkin_Smeargle|move: Sticky Web\n|move|p1a: Slowking|Sludge Bomb|p2a: Vikavolt\n|-damage|p2a: Vikavolt|13/263\n|\n|upkeep\n|turn|3\n|\n|t:|1781449781\n|switch|p2a: Goodra|Goodra-Hisui, L82, M|265/265\n|-prepare|p1a: Slowking|Chilly Reception|[premajor]\n|move|p1a: Slowking|Chilly Reception|p1a: Slowking\n|-weather|Snowscape\n|\n|t:|1781449786\n|switch|p1a: Iron Treads|Iron Treads, L77|265/265|[from] Chilly Reception\n|-activate|p1a: Iron Treads|move: Sticky Web\n|-unboost|p1a: Iron Treads|spe|1\n|\n|-weather|Snowscape|[upkeep]\n|upkeep\n|turn|4\n|\n|t:|1781449793\n|move|p2a: Goodra|Hydro Pump|p1a: Iron Treads\n|-supereffective|p1a: Iron Treads\n|-damage|p1a: Iron Treads|121/265\n|move|p1a: Iron Treads|Rapid Spin|p2a: Goodra\n|-resisted|p2a: Goodra\n|-damage|p2a: Goodra|251/265\n|-boost|p1a: Iron Treads|spe|1\n|-sideend|p1: Dunkin_Smeargle|Sticky Web|[from] move: Rapid Spin|[of] p1a: Iron Treads\n|\n|-weather|Snowscape|[upkeep]\n|upkeep\n|turn|5\n|\n|t:|1781449802\n|move|p1a: Iron Treads|Earthquake|p2a: Goodra\n|-supereffective|p2a: Goodra\n|-damage|p2a: Goodra|51/265\n|move|p2a: Goodra|Hydro Pump|p1a: Iron Treads\n|-supereffective|p1a: Iron Treads\n|-damage|p1a: Iron Treads|0 fnt\n|faint|p1a: Iron Treads\n|-end|p1a: Iron Treads|Quark Drive|[silent]\n|\n|-weather|Snowscape|[upkeep]\n|upkeep\n|\n|t:|1781449820\n|switch|p1a: Landorus|Landorus, L75, M|257/257\n|turn|6\n|\n|t:|1781449828\n|switch|p2a: Jumpluff|Jumpluff, L87, F|271/271\n|move|p1a: Landorus|Earth Power|p2a: Jumpluff\n|-immune|p2a: Jumpluff\n|\n|-weather|Snowscape|[upkeep]\n|upkeep\n|turn|7\n|\n|t:|1781449844\n|move|p2a: Jumpluff|Leech Seed|p1a: Landorus\n|-start|p1a: Landorus|move: Leech Seed\n|move|p1a: Landorus|Stealth Rock|p2a: Jumpluff\n|-sidestart|p2: Sarvesh legend 001|move: Stealth Rock\n|\n|-weather|none\n|-damage|p1a: Landorus|225/257|[from] Leech Seed|[of] p2a: Jumpluff\n|upkeep\n|turn|8\n|\n|t:|1781449865\n|switch|p1a: Slowking|Slowking-Galar, L85, F|300/300\n|move|p2a: Jumpluff|Substitute|p2a: Jumpluff\n|-start|p2a: Jumpluff|Substitute\n|-damage|p2a: Jumpluff|204/271\n|\n|upkeep\n|turn|9\n|\n|t:|1781449871\n|move|p2a: Jumpluff|Leech Seed|p1a: Slowking\n|-start|p1a: Slowking|move: Leech Seed\n|move|p1a: Slowking|Sludge Bomb|p2a: Jumpluff\n|-supereffective|p2a: Jumpluff\n|-end|p2a: Jumpluff|Substitute\n|\n|-damage|p1a: Slowking|263/300|[from] Leech Seed|[of] p2a: Jumpluff\n|-heal|p2a: Jumpluff|241/271|[silent]\n|upkeep\n|turn|10\n|\n|t:|1781449879\n|move|p2a: Jumpluff|Substitute|p2a: Jumpluff\n|-start|p2a: Jumpluff|Substitute\n|-damage|p2a: Jumpluff|174/271\n|move|p1a: Slowking|Psychic Noise|p2a: Jumpluff\n|-damage|p2a: Jumpluff|90/271\n|-start|p2a: Jumpluff|move: Heal Block\n|\n|-damage|p1a: Slowking|226/300|[from] Leech Seed|[of] p2a: Jumpluff\n|upkeep\n|turn|11\n|\n|t:|1781449888\n|move|p2a: Jumpluff|Acrobatics|p1a: Slowking\n|-damage|p1a: Slowking|136/300\n|move|p1a: Slowking|Psychic Noise|p2a: Jumpluff\n|-damage|p2a: Jumpluff|5/271\n|\n|-damage|p1a: Slowking|99/300|[from] Leech Seed|[of] p2a: Jumpluff\n|-end|p2a: Jumpluff|move: Heal Block\n|upkeep\n|turn|12\n|\n|t:|1781449906\n|move|p2a: Jumpluff|Strength Sap|p1a: Slowking\n|-unboost|p1a: Slowking|atk|1\n|-heal|p2a: Jumpluff|120/271\n|move|p1a: Slowking|Slack Off|p1a: Slowking\n|-heal|p1a: Slowking|249/300\n|\n|-damage|p1a: Slowking|212/300|[from] Leech Seed|[of] p2a: Jumpluff\n|-heal|p2a: Jumpluff|157/271|[silent]\n|upkeep\n|turn|13\n|\n|t:|1781449915\n|move|p2a: Jumpluff|Acrobatics|p1a: Slowking\n|-damage|p1a: Slowking|122/300\n|move|p1a: Slowking|Psychic Noise|p2a: Jumpluff\n|-damage|p2a: Jumpluff|69/271\n|-start|p2a: Jumpluff|move: Heal Block\n|\n|-damage|p1a: Slowking|85/300|[from] Leech Seed|[of] p2a: Jumpluff\n|upkeep\n|turn|14\n|\n|t:|1781449925\n|move|p2a: Jumpluff|Acrobatics|p1a: Slowking\n|-damage|p1a: Slowking|4/300\n|move|p1a: Slowking|Psychic Noise|p2a: Jumpluff\n|-damage|p2a: Jumpluff|0 fnt\n|faint|p2a: Jumpluff\n|\n|upkeep\n|\n|t:|1781449932\n|switch|p2a: Vikavolt|Vikavolt, L83, F|13/263\n|turn|15\n|\n|t:|1781449942\n|move|p2a: Vikavolt|Sticky Web|p1a: Slowking\n|-sidestart|p1: Dunkin_Smeargle|move: Sticky Web\n|move|p1a: Slowking|Psychic Noise|p2a: Vikavolt\n|-damage|p2a: Vikavolt|0 fnt\n|faint|p2a: Vikavolt\n|\n|upkeep\n|\n|t:|1781449955\n|switch|p2a: Groudon|Groudon, L72|263/263\n|-damage|p2a: Groudon|247/263|[from] Stealth Rock\n|-weather|SunnyDay|[from] ability: Drought|[of] p2a: Groudon\n|turn|16\n|\n|t:|1781449975\n|switch|p1a: Giratina|Giratina, L75|349/349\n|-activate|p1a: Giratina|move: Sticky Web\n|-unboost|p1a: Giratina|spe|1\n|-ability|p1a: Giratina|Pressure\n|move|p2a: Groudon|Swords Dance|p2a: Groudon\n|-boost|p2a: Groudon|atk|2\n|\n|-weather|SunnyDay|[upkeep]\n|-heal|p2a: Groudon|263/263|[from] item: Leftovers\n|upkeep\n|turn|17\n|\n|t:|1781449985\n|move|p2a: Groudon|Thunder Wave|p1a: Giratina\n|-status|p1a: Giratina|par\n|move|p1a: Giratina|Dragon Pulse|p2a: Groudon\n|-damage|p2a: Groudon|175/263\n|\n|-weather|SunnyDay|[upkeep]\n|-heal|p2a: Groudon|191/263|[from] item: Leftovers\n|upkeep\n|turn|18\n|\n|t:|1781449992\n|move|p2a: Groudon|Swords Dance|p2a: Groudon\n|-boost|p2a: Groudon|atk|2\n|move|p1a: Giratina|Dragon Pulse|p2a: Groudon\n|-damage|p2a: Groudon|110/263\n|\n|-weather|SunnyDay|[upkeep]\n|-heal|p2a: Groudon|126/263|[from] item: Leftovers\n|upkeep\n|turn|19\n|\n|t:|1781450001\n|switch|p1a: Squawkabilly|Squawkabilly-Yellow, L89, M|291/291\n|move|p2a: Groudon|Precipice Blades|p1a: Squawkabilly\n|-immune|p1a: Squawkabilly\n|\n|-weather|SunnyDay|[upkeep]\n|-heal|p2a: Groudon|142/263|[from] item: Leftovers\n|upkeep\n|turn|20\n|\n|t:|1781450008\n|move|p1a: Squawkabilly|Brave Bird|p2a: Groudon\n|-damage|p2a: Groudon|0 fnt\n|faint|p2a: Groudon\n|-damage|p1a: Squawkabilly|244/291|[from] Recoil\n|\n|-weather|none\n|upkeep\n|\n|t:|1781450014\n|switch|p2a: Latias|Latias, L79, F|256/256\n|-damage|p2a: Latias|224/256|[from] Stealth Rock\n|turn|21\n|\n|t:|1781450022\n|move|p2a: Latias|Draco Meteor|p1a: Squawkabilly\n|-damage|p1a: Squawkabilly|27/291\n|-unboost|p2a: Latias|spa|2\n|move|p1a: Squawkabilly|Brave Bird|p2a: Latias|[miss]\n|-miss|p1a: Squawkabilly|p2a: Latias\n|\n|upkeep\n|turn|22\n|\n|t:|1781450029\n|move|p2a: Latias|Draco Meteor|p1a: Squawkabilly\n|-damage|p1a: Squawkabilly|0 fnt\n|-unboost|p2a: Latias|spa|2\n|faint|p1a: Squawkabilly\n|\n|upkeep\n|\n|t:|1781450036\n|switch|p1a: Chandelure|Chandelure, L83, M|235/235\n|turn|23\n|\n|t:|1781450040\n|switch|p2a: Goodra|Goodra-Hisui, L82, M|51/265\n|-damage|p2a: Goodra|35/265|[from] Stealth Rock\n|move|p1a: Chandelure|Calm Mind|p1a: Chandelure\n|-boost|p1a: Chandelure|spa|1\n|-boost|p1a: Chandelure|spd|1\n|\n|upkeep\n|turn|24\n|\n|t:|1781450053\n|move|p1a: Chandelure|Flame Charge|p2a: Goodra\n|-damage|p2a: Goodra|2/265\n|-boost|p1a: Chandelure|spe|1\n|move|p2a: Goodra|Dragon Tail|p1a: Chandelure\n|-damage|p1a: Chandelure|175/235\n|drag|p1a: Landorus|Landorus, L75, M|225/257\n|\n|upkeep\n|turn|25\n|\n|t:|1781450063\n|move|p1a: Landorus|Earth Power|p2a: Goodra\n|-supereffective|p2a: Goodra\n|-damage|p2a: Goodra|0 fnt\n|faint|p2a: Goodra\n|\n|upkeep\n|\n|t:|1781450066\n|switch|p2a: Latias|Latias, L79, F|224/256\n|-damage|p2a: Latias|192/256|[from] Stealth Rock\n|turn|26\n|\n|t:|1781450086\n|move|p2a: Latias|Calm Mind|p2a: Latias\n|-boost|p2a: Latias|spa|1\n|-boost|p2a: Latias|spd|1\n|move|p1a: Landorus|Rock Slide|p2a: Latias|[miss]\n|-miss|p1a: Landorus|p2a: Latias\n|\n|upkeep\n|turn|27\n|\n|t:|1781450098\n|switch|p1a: Giratina|Giratina, L75|349/349 par\n|-activate|p1a: Giratina|move: Sticky Web\n|-unboost|p1a: Giratina|spe|1\n|-ability|p1a: Giratina|Pressure\n|move|p2a: Latias|Psyshock|p1a: Giratina\n|-damage|p1a: Giratina|225/349 par\n|\n|-heal|p1a: Giratina|246/349 par|[from] item: Leftovers\n|upkeep\n|turn|28\n|\n|t:|1781450109\n|move|p2a: Latias|Draco Meteor|p1a: Giratina\n|-supereffective|p1a: Giratina\n|-damage|p1a: Giratina|0 fnt\n|-unboost|p2a: Latias|spa|2\n|faint|p1a: Giratina\n|\n|upkeep\n|\n|t:|1781450115\n|switch|p1a: Chandelure|Chandelure, L83, M|175/235\n|turn|29\n|\n|t:|1781450118\n|move|p2a: Latias|Calm Mind|p2a: Latias\n|-boost|p2a: Latias|spa|1\n|-boost|p2a: Latias|spd|1\n|move|p1a: Chandelure|Flame Charge|p2a: Latias\n|-resisted|p2a: Latias\n|-damage|p2a: Latias|174/256\n|-boost|p1a: Chandelure|spe|1\n|\n|upkeep\n|turn|30\n|\n|t:|1781450127\n|move|p1a: Chandelure|Calm Mind|p1a: Chandelure\n|-boost|p1a: Chandelure|spa|1\n|-boost|p1a: Chandelure|spd|1\n|move|p2a: Latias|Psyshock|p1a: Chandelure\n|-crit|p1a: Chandelure\n|-damage|p1a: Chandelure|21/235\n|\n|upkeep\n|turn|31\n|\n|t:|1781450134\n|-terastallize|p2a: Latias|Steel\n|move|p1a: Chandelure|Shadow Ball|p2a: Latias\n|-damage|p2a: Latias|110/256\n|move|p2a: Latias|Psyshock|p1a: Chandelure\n|-damage|p1a: Chandelure|0 fnt\n|faint|p1a: Chandelure\n|\n|upkeep\n|-message|Dunkin_Smeargle forfeited.\n|\n|win|Sarvesh legend 001\n", "inputlog": ">version a8376a258c1d4662feba110a92103f3664a72141\n>start {\"formatid\":\"gen9randombattle\",\"seed\":\"sodium,df0bdca6635b6b59211117b849187b7f\",\"rated\":\"Rated battle\"}\n>player p1 {\"name\":\"Dunkin_Smeargle\",\"avatar\":\"artist-gen4\",\"rating\":1922,\"seed\":\"sodium,cb16777b8ed034f03196d5fe697ab2b6\"}\n>player p2 {\"name\":\"Sarvesh legend 001\",\"avatar\":\"red\",\"rating\":1919,\"seed\":\"sodium,425499f2f542e678b1cfef0a34695721\"}\n>p1 move sludgebomb\n>p2 switch 4\n>p1 move sludgebomb\n>p2 move stickyweb\n>p1 move chillyreception\n>p2 switch 2\n>p1 switch 5\n>p1 move rapidspin\n>p2 move hydropump\n>p1 move earthquake\n>p2 move hydropump\n>p1 switch 2\n>p1 move earthpower\n>p2 switch 4\n>p1 move stealthrock\n>p2 move leechseed\n>p1 switch 5\n>p2 move substitute\n>p1 move sludgebomb\n>p2 move leechseed\n>p1 move psychicnoise\n>p2 move substitute\n>p1 move psychicnoise\n>p2 move acrobatics\n>p1 move slackoff\n>p2 move strengthsap\n>p1 move psychicnoise\n>p2 move acrobatics\n>p1 move psychicnoise\n>p2 move acrobatics\n>p2 switch 2\n>p1 move psychicnoise\n>p2 move stickyweb\n>p2 switch 5\n>p1 switch 6\n>p2 move swordsdance\n>p1 move dragonpulse\n>p2 move thunderwave\n>p1 move dragonpulse\n>p2 move swordsdance\n>p1 switch 4\n>p2 move precipiceblades\n>p1 move bravebird\n>p2 move heatcrash\n>p2 switch 3\n>p1 move bravebird\n>p2 move dracometeor\n>p1 move bravebird\n>p2 move dracometeor\n>p1 switch 3\n>p1 move calmmind\n>p2 switch 4\n>p1 move flamecharge\n>p2 move dragontail\n>p1 move earthpower\n>p2 move hydropump\n>p2 switch 4\n>p1 move rockslide\n>p2 move calmmind\n>p1 switch 4\n>p2 move psyshock\n>p1 move dragonpulse\n>p2 move dracometeor\n>p1 switch 5\n>p1 move flamecharge\n>p2 move calmmind\n>p1 move calmmind\n>p2 move psyshock\n>p1 move shadowball\n>p2 move psyshock terastallize\n>forcelose p1", "uploadtime": 1781449744, "views": 13, "formatid": "gen9randombattle", "rating": null, "private": 0, "password": null}