{"id": "gen9randombattle-2631460940", "format": "[Gen 9] Random Battle", "players": ["just._.muffins", "marblina"], "log": "|j|\u2606just._.muffins\n|j|\u2606marblina\n|t:|1781387491\n|gametype|singles\n|player|p1|just._.muffins|miku-ghost|1385\n|player|p2|marblina|2|1392\n|gen|9\n|tier|[Gen 9] Random Battle\n|rated|\n|rule|Species Clause: Limit one of each Pok\u00e9mon\n|rule|HP Percentage Mod: HP is shown in percentages\n|rule|Sleep Clause Mod: Limit one foe put to sleep\n|rule|Illusion Level Mod: Illusion disguises the Pok\u00e9mon's true level\n|\n|t:|1781387491\n|teamsize|p1|6\n|teamsize|p2|6\n|start\n|switch|p1a: Cresselia|Cresselia, L80, F|323/323\n|switch|p2a: Golem|Golem-Alola, L93, F|300/300\n|turn|1\n|inactive|Battle timer is ON: inactive players will automatically lose when time's up. (requested by just._.muffins)\n|\n|t:|1781387503\n|move|p1a: Cresselia|Calm Mind|p1a: Cresselia\n|-boost|p1a: Cresselia|spa|1\n|-boost|p1a: Cresselia|spd|1\n|move|p2a: Golem|Rock Polish|p2a: Golem\n|-boost|p2a: Golem|spe|2\n|\n|upkeep\n|turn|2\n|inactive|marblina has 120 seconds left.\n|\n|t:|1781387538\n|move|p2a: Golem|Double-Edge|p1a: Cresselia\n|-damage|p1a: Cresselia|60/323\n|-damage|p2a: Golem|213/300|[from] Recoil\n|-damage|p2a: Golem|183/300|[from] item: Life Orb\n|move|p1a: Cresselia|Psyshock|p2a: Golem\n|-damage|p2a: Golem|116/300\n|\n|-heal|p1a: Cresselia|80/323|[from] item: Leftovers\n|upkeep\n|turn|3\n|inactive|marblina has 120 seconds left.\n|\n|t:|1781387550\n|switch|p1a: Groudon|Groudon, L72|263/263\n|-weather|SunnyDay|[from] ability: Drought|[of] p1a: Groudon\n|move|p2a: Golem|Double-Edge|p1a: Groudon\n|-immune|p1a: Groudon\n|\n|-weather|SunnyDay|[upkeep]\n|upkeep\n|turn|4\n|inactive|marblina has 120 seconds left.\n|\n|t:|1781387564\n|move|p2a: Golem|Earthquake|p1a: Groudon\n|-damage|p1a: Groudon|147/263\n|-damage|p2a: Golem|86/300|[from] item: Life Orb\n|move|p1a: Groudon|Swords Dance|p1a: Groudon\n|-boost|p1a: Groudon|atk|2\n|\n|-weather|SunnyDay|[upkeep]\n|-heal|p1a: Groudon|163/263|[from] item: Leftovers\n|upkeep\n|turn|5\n|inactive|marblina has 120 seconds left.\n|\n|t:|1781387578\n|move|p2a: Golem|Earthquake|p1a: Groudon\n|-damage|p1a: Groudon|54/263\n|-damage|p2a: Golem|56/300|[from] item: Life Orb\n|move|p1a: Groudon|Precipice Blades|p2a: Golem\n|-supereffective|p2a: Golem\n|-damage|p2a: Golem|0 fnt\n|faint|p2a: Golem\n|\n|-weather|SunnyDay|[upkeep]\n|-heal|p1a: Groudon|70/263|[from] item: Leftovers\n|upkeep\n|inactive|marblina has 120 seconds left.\n|\n|t:|1781387596\n|switch|p2a: Gumshoos|Gumshoos, L95, M|321/321\n|turn|6\n|\n|t:|1781387602\n|move|p1a: Groudon|Heat Crash|p2a: Gumshoos\n|-damage|p2a: Gumshoos|24/321\n|move|p2a: Gumshoos|Double-Edge|p1a: Groudon\n|-damage|p1a: Groudon|0 fnt\n|faint|p1a: Groudon\n|-damage|p2a: Gumshoos|1/321|[from] Recoil\n|\n|-weather|SunnyDay|[upkeep]\n|upkeep\n|\n|t:|1781387611\n|switch|p1a: Whimsicott|Whimsicott, L84, M|238/238\n|turn|7\n|\n|t:|1781387617\n|switch|p2a: Whiscash|Whiscash, L88, F|337/337\n|move|p1a: Whimsicott|Moonblast|p2a: Whiscash\n|-damage|p2a: Whiscash|247/337\n|-unboost|p2a: Whiscash|spa|1\n|\n|-weather|none\n|-heal|p2a: Whiscash|268/337|[from] item: Leftovers\n|upkeep\n|turn|8\n|inactive|marblina has 120 seconds left.\n|\n|t:|1781387634\n|switch|p2a: Cobalion|Cobalion, L80|277/277\n|move|p1a: Whimsicott|Leech Seed|p2a: Cobalion\n|-start|p2a: Cobalion|move: Leech Seed\n|\n|-damage|p2a: Cobalion|243/277|[from] Leech Seed|[of] p1a: Whimsicott\n|upkeep\n|turn|9\n|\n|t:|1781387644\n|move|p1a: Whimsicott|Substitute|p1a: Whimsicott\n|-start|p1a: Whimsicott|Substitute\n|-damage|p1a: Whimsicott|179/238\n|move|p2a: Cobalion|Flash Cannon|p1a: Whimsicott\n|-supereffective|p1a: Whimsicott\n|-end|p1a: Whimsicott|Substitute\n|\n|-heal|p1a: Whimsicott|193/238|[from] item: Leftovers\n|-heal|p2a: Cobalion|260/277|[from] item: Leftovers\n|-damage|p2a: Cobalion|226/277|[from] Leech Seed|[of] p1a: Whimsicott\n|-heal|p1a: Whimsicott|227/238|[silent]\n|upkeep\n|turn|10\n|\n|t:|1781387655\n|switch|p2a: Dodrio|Dodrio, L85, F|241/241\n|-terastallize|p1a: Whimsicott|Poison\n|move|p1a: Whimsicott|Substitute|p1a: Whimsicott\n|-start|p1a: Whimsicott|Substitute\n|-damage|p1a: Whimsicott|168/238\n|\n|-heal|p1a: Whimsicott|182/238|[from] item: Leftovers\n|upkeep\n|turn|11\n|\n|t:|1781387666\n|move|p1a: Whimsicott|Leech Seed|p2a: Dodrio\n|-start|p2a: Dodrio|move: Leech Seed\n|move|p2a: Dodrio|Drill Run|p1a: Whimsicott\n|-supereffective|p1a: Whimsicott\n|-crit|p1a: Whimsicott\n|-end|p1a: Whimsicott|Substitute\n|\n|-heal|p1a: Whimsicott|196/238|[from] item: Leftovers\n|-damage|p2a: Dodrio|211/241|[from] Leech Seed|[of] p1a: Whimsicott\n|-heal|p1a: Whimsicott|226/238|[silent]\n|upkeep\n|turn|12\n|\n|t:|1781387675\n|move|p1a: Whimsicott|Substitute|p1a: Whimsicott\n|-start|p1a: Whimsicott|Substitute\n|-damage|p1a: Whimsicott|167/238\n|move|p2a: Dodrio|Drill Run|p1a: Whimsicott\n|-supereffective|p1a: Whimsicott\n|-end|p1a: Whimsicott|Substitute\n|\n|-heal|p1a: Whimsicott|181/238|[from] item: Leftovers\n|-damage|p2a: Dodrio|181/241|[from] Leech Seed|[of] p1a: Whimsicott\n|-heal|p1a: Whimsicott|211/238|[silent]\n|upkeep\n|turn|13\n|c|\u2606marblina|ur just gonnna keep spaming this arent u\n|\n|t:|1781387687\n|switch|p2a: Lanturn|Lanturn, L89, F|367/367\n|move|p1a: Whimsicott|Substitute|p1a: Whimsicott\n|-start|p1a: Whimsicott|Substitute\n|-damage|p1a: Whimsicott|152/238\n|\n|-heal|p1a: Whimsicott|166/238|[from] item: Leftovers\n|upkeep\n|turn|14\n|\n|t:|1781387697\n|move|p1a: Whimsicott|Leech Seed|p2a: Lanturn\n|-start|p2a: Lanturn|move: Leech Seed\n|move|p2a: Lanturn|Thunderbolt|p1a: Whimsicott\n|-crit|p1a: Whimsicott\n|-end|p1a: Whimsicott|Substitute\n|\n|-heal|p1a: Whimsicott|180/238|[from] item: Leftovers\n|-damage|p2a: Lanturn|322/367|[from] Leech Seed|[of] p1a: Whimsicott\n|-heal|p1a: Whimsicott|225/238|[silent]\n|upkeep\n|turn|15\n|\n|t:|1781387709\n|move|p1a: Whimsicott|Moonblast|p2a: Lanturn\n|-damage|p2a: Lanturn|240/367\n|move|p2a: Lanturn|Thunder Wave|p1a: Whimsicott\n|-status|p1a: Whimsicott|par\n|\n|-heal|p2a: Lanturn|262/367|[from] item: Leftovers\n|-heal|p1a: Whimsicott|238/238 par|[from] item: Leftovers\n|-damage|p2a: Lanturn|217/367|[from] Leech Seed|[of] p1a: Whimsicott\n|upkeep\n|turn|16\n|\n|t:|1781387721\n|switch|p2a: Dodrio|Dodrio, L85, F|181/241\n|switch|p1a: Plusle|Plusle, L95, M|268/268\n|\n|upkeep\n|turn|17\n|\n|t:|1781387729\n|move|p2a: Dodrio|Drill Run|p1a: Plusle\n|-supereffective|p1a: Plusle\n|-damage|p1a: Plusle|82/268\n|move|p1a: Plusle|Thunderbolt|p2a: Dodrio\n|-supereffective|p2a: Dodrio\n|-crit|p2a: Dodrio\n|-damage|p2a: Dodrio|0 fnt\n|faint|p2a: Dodrio\n|-damage|p1a: Plusle|56/268|[from] item: Life Orb\n|\n|upkeep\n|\n|t:|1781387749\n|switch|p2a: Cobalion|Cobalion, L80|226/277\n|turn|18\n|\n|t:|1781387753\n|switch|p2a: Lanturn|Lanturn, L89, F|217/367\n|move|p1a: Plusle|Thunderbolt|p2a: Lanturn\n|-heal|p2a: Lanturn|308/367|[from] ability: Volt Absorb|[of] p1a: Plusle\n|\n|-heal|p2a: Lanturn|330/367|[from] item: Leftovers\n|upkeep\n|turn|19\n|\n|t:|1781387763\n|move|p1a: Plusle|Grass Knot|p2a: Lanturn\n|-supereffective|p2a: Lanturn\n|-damage|p2a: Lanturn|236/367\n|-damage|p1a: Plusle|30/268|[from] item: Life Orb\n|move|p2a: Lanturn|Scald|p1a: Plusle\n|-damage|p1a: Plusle|0 fnt\n|faint|p1a: Plusle\n|\n|-heal|p2a: Lanturn|258/367|[from] item: Leftovers\n|upkeep\n|\n|t:|1781387770\n|switch|p1a: Cresselia|Cresselia, L80, F|80/323\n|turn|20\n|\n|t:|1781387775\n|move|p1a: Cresselia|Moonlight|p1a: Cresselia\n|-heal|p1a: Cresselia|241/323\n|move|p2a: Lanturn|Thunderbolt|p1a: Cresselia\n|-damage|p1a: Cresselia|169/323\n|\n|-heal|p1a: Cresselia|189/323|[from] item: Leftovers\n|-heal|p2a: Lanturn|280/367|[from] item: Leftovers\n|upkeep\n|turn|21\n|\n|t:|1781387782\n|move|p1a: Cresselia|Calm Mind|p1a: Cresselia\n|-boost|p1a: Cresselia|spa|1\n|-boost|p1a: Cresselia|spd|1\n|move|p2a: Lanturn|Thunder Wave|p1a: Cresselia\n|-status|p1a: Cresselia|par\n|\n|-heal|p2a: Lanturn|302/367|[from] item: Leftovers\n|-heal|p1a: Cresselia|209/323 par|[from] item: Leftovers\n|upkeep\n|turn|22\n|\n|t:|1781387790\n|switch|p2a: Gumshoos|Gumshoos, L95, M|1/321\n|move|p1a: Cresselia|Psyshock|p2a: Gumshoos\n|-damage|p2a: Gumshoos|0 fnt\n|faint|p2a: Gumshoos\n|\n|-heal|p1a: Cresselia|229/323 par|[from] item: Leftovers\n|upkeep\n|\n|t:|1781387809\n|switch|p2a: Whiscash|Whiscash, L88, F|268/337\n|turn|23\n|\n|t:|1781387814\n|move|p2a: Whiscash|Hydro Pump|p1a: Cresselia\n|-damage|p1a: Cresselia|168/323 par\n|move|p1a: Cresselia|Psyshock|p2a: Whiscash\n|-damage|p2a: Whiscash|166/337\n|\n|-heal|p2a: Whiscash|187/337|[from] item: Leftovers\n|-heal|p1a: Cresselia|188/323 par|[from] item: Leftovers\n|upkeep\n|turn|24\n|\n|t:|1781387824\n|move|p2a: Whiscash|Hydro Pump|p1a: Cresselia|[miss]\n|-miss|p2a: Whiscash|p1a: Cresselia\n|move|p1a: Cresselia|Psyshock|p2a: Whiscash\n|-damage|p2a: Whiscash|78/337\n|\n|-heal|p2a: Whiscash|99/337|[from] item: Leftovers\n|-heal|p1a: Cresselia|208/323 par|[from] item: Leftovers\n|upkeep\n|turn|25\n|\n|t:|1781387836\n|move|p2a: Whiscash|Hydro Pump|p1a: Cresselia|[miss]\n|-miss|p2a: Whiscash|p1a: Cresselia\n|move|p1a: Cresselia|Psyshock|p2a: Whiscash\n|-damage|p2a: Whiscash|0 fnt\n|faint|p2a: Whiscash\n|\n|-heal|p1a: Cresselia|228/323 par|[from] item: Leftovers\n|upkeep\n|c|\u2606marblina|so i miss\n|c|\u2606marblina|but u dont get para\n|c|\u2606marblina|k\n|\n|t:|1781387850\n|switch|p2a: Lanturn|Lanturn, L89, F|302/367\n|turn|26\n|\n|t:|1781387862\n|move|p2a: Lanturn|Thunderbolt|p1a: Cresselia\n|-damage|p1a: Cresselia|179/323 par\n|move|p1a: Cresselia|Psyshock|p2a: Lanturn\n|-damage|p2a: Lanturn|182/367\n|\n|-heal|p2a: Lanturn|204/367|[from] item: Leftovers\n|-heal|p1a: Cresselia|199/323 par|[from] item: Leftovers\n|upkeep\n|turn|27\n|\n|t:|1781387871\n|move|p2a: Lanturn|Thunderbolt|p1a: Cresselia\n|-damage|p1a: Cresselia|147/323 par\n|cant|p1a: Cresselia|par\n|\n|-heal|p2a: Lanturn|226/367|[from] item: Leftovers\n|-heal|p1a: Cresselia|167/323 par|[from] item: Leftovers\n|upkeep\n|turn|28\n|\n|t:|1781387877\n|move|p2a: Lanturn|Thunderbolt|p1a: Cresselia\n|-damage|p1a: Cresselia|119/323 par\n|cant|p1a: Cresselia|par\n|\n|-heal|p2a: Lanturn|248/367|[from] item: Leftovers\n|-heal|p1a: Cresselia|139/323 par|[from] item: Leftovers\n|upkeep\n|turn|29\n|\n|t:|1781387883\n|move|p2a: Lanturn|Thunderbolt|p1a: Cresselia\n|-damage|p1a: Cresselia|90/323 par\n|move|p1a: Cresselia|Moonlight|p1a: Cresselia\n|-heal|p1a: Cresselia|251/323 par\n|\n|-heal|p2a: Lanturn|270/367|[from] item: Leftovers\n|-heal|p1a: Cresselia|271/323 par|[from] item: Leftovers\n|upkeep\n|turn|30\n|-message|marblina forfeited.\n|\n|win|just._.muffins\n|raw|just._.muffins's rating: 1385 &rarr; <strong>1405</strong><br />(+20 for winning)\n|raw|marblina's rating: 1392 &rarr; <strong>1372</strong><br />(-20 for losing)\n|l|\u2606marblina\n|player|p2|\n|c|\u2606just._.muffins|LMAO\n", "uploadtime": 1781387894, "views": 4, "formatid": "gen9randombattle", "rating": 1372, "private": 0, "password": null}