{"id": "gen9randombattle-2631714172", "format": "[Gen 9] Random Battle", "players": ["8btry8", "DarkWight"], "log": "|j|\u26068btry8\n|j|\u2606DarkWight\n|t:|1781427063\n|gametype|singles\n|player|p1|8btry8|1|1941\n|player|p2|DarkWight|170|2018\n|gen|9\n|tier|[Gen 9] Random Battle\n|rated|\n|rule|Species Clause: Limit one of each Pok\u00e9mon\n|rule|HP Percentage Mod: HP is shown in percentages\n|rule|Sleep Clause Mod: Limit one foe put to sleep\n|rule|Illusion Level Mod: Illusion disguises the Pok\u00e9mon's true level\n|\n|t:|1781427063\n|teamsize|p1|6\n|teamsize|p2|6\n|start\n|switch|p1a: Ursaluna|Ursaluna, L79, F|335/335\n|switch|p2a: Drednaw|Drednaw, L81, F|278/278\n|turn|1\n|\n|t:|1781427106\n|move|p2a: Drednaw|Shell Smash|p2a: Drednaw\n|-unboost|p2a: Drednaw|def|1\n|-unboost|p2a: Drednaw|spd|1\n|-boost|p2a: Drednaw|atk|2\n|-boost|p2a: Drednaw|spa|2\n|-boost|p2a: Drednaw|spe|2\n|-enditem|p2a: Drednaw|White Herb\n|-clearnegativeboost|p2a: Drednaw|[silent]\n|move|p1a: Ursaluna|Headlong Rush|p2a: Drednaw\n|-supereffective|p2a: Drednaw\n|-damage|p2a: Drednaw|0 fnt\n|-unboost|p1a: Ursaluna|def|1\n|-unboost|p1a: Ursaluna|spd|1\n|faint|p2a: Drednaw\n|\n|-status|p1a: Ursaluna|brn|[from] item: Flame Orb\n|upkeep\n|\n|t:|1781427124\n|switch|p2a: Kommo-o|Kommo-o, L78, M|245/245\n|turn|2\n|\n|t:|1781427128\n|switch|p1a: Grumpig|Grumpig, L92, F|297/297\n|move|p2a: Kommo-o|Close Combat|p1a: Grumpig\n|-resisted|p1a: Grumpig\n|-damage|p1a: Grumpig|226/297\n|-unboost|p2a: Kommo-o|def|1\n|-unboost|p2a: Kommo-o|spd|1\n|\n|upkeep\n|turn|3\n|\n|t:|1781427134\n|switch|p2a: Indeedee|Indeedee-F, L90, F|272/272\n|-fieldstart|move: Psychic Terrain|[from] ability: Psychic Surge|[of] p2a: Indeedee\n|move|p1a: Grumpig|Psychic|p2a: Indeedee\n|-resisted|p2a: Indeedee\n|-damage|p2a: Indeedee|218/272\n|\n|upkeep\n|turn|4\n|\n|t:|1781427145\n|move|p1a: Grumpig|Psychic|p2a: Indeedee\n|-resisted|p2a: Indeedee\n|-damage|p2a: Indeedee|161/272\n|move|p2a: Indeedee|Hyper Voice|p1a: Grumpig\n|-damage|p1a: Grumpig|117/297\n|-damage|p2a: Indeedee|134/272|[from] item: Life Orb\n|\n|upkeep\n|turn|5\n|\n|t:|1781427149\n|move|p1a: Grumpig|Psychic|p2a: Indeedee\n|-resisted|p2a: Indeedee\n|-crit|p2a: Indeedee\n|-damage|p2a: Indeedee|48/272\n|-unboost|p2a: Indeedee|spd|1\n|move|p2a: Indeedee|Hyper Voice|p1a: Grumpig\n|-damage|p1a: Grumpig|16/297\n|-damage|p2a: Indeedee|21/272|[from] item: Life Orb\n|\n|upkeep\n|turn|6\n|\n|t:|1781427154\n|move|p1a: Grumpig|Psychic|p2a: Indeedee\n|-resisted|p2a: Indeedee\n|-crit|p2a: Indeedee\n|-damage|p2a: Indeedee|0 fnt\n|faint|p2a: Indeedee\n|\n|upkeep\n|\n|t:|1781427159\n|switch|p2a: Palkia|Palkia, L75|259/259\n|-ability|p2a: Palkia|Pressure\n|turn|7\n|\n|t:|1781427170\n|move|p1a: Grumpig|Psychic|p2a: Palkia\n|-damage|p2a: Palkia|136/259\n|move|p2a: Palkia|Spacial Rend|p1a: Grumpig\n|-damage|p1a: Grumpig|0 fnt\n|faint|p1a: Grumpig\n|\n|-fieldend|move: Psychic Terrain\n|upkeep\n|\n|t:|1781427172\n|switch|p1a: Phione|Phione, L91|293/293\n|turn|8\n|\n|t:|1781427176\n|move|p2a: Palkia|Spacial Rend|p1a: Phione\n|-damage|p1a: Phione|164/293\n|move|p1a: Phione|Take Heart|p1a: Phione\n|-boost|p1a: Phione|spa|1\n|-boost|p1a: Phione|spd|1\n|\n|-heal|p1a: Phione|182/293|[from] item: Leftovers\n|upkeep\n|turn|9\n|\n|t:|1781427187\n|move|p2a: Palkia|Spacial Rend|p1a: Phione\n|-damage|p1a: Phione|94/293\n|move|p1a: Phione|Grass Knot|p2a: Palkia\n|-damage|p2a: Palkia|24/259\n|\n|-heal|p1a: Phione|112/293|[from] item: Leftovers\n|upkeep\n|turn|10\n|\n|t:|1781427200\n|move|p2a: Palkia|Spacial Rend|p1a: Phione\n|-damage|p1a: Phione|22/293\n|move|p1a: Phione|Ice Beam|p2a: Palkia\n|-damage|p2a: Palkia|0 fnt\n|faint|p2a: Palkia\n|\n|-heal|p1a: Phione|40/293|[from] item: Leftovers\n|upkeep\n|\n|t:|1781427205\n|switch|p2a: Kommo-o|Kommo-o, L78, M|245/245\n|turn|11\n|\n|t:|1781427209\n|move|p1a: Phione|Ice Beam|p2a: Kommo-o\n|-supereffective|p2a: Kommo-o\n|-damage|p2a: Kommo-o|73/245\n|move|p2a: Kommo-o|Scale Shot|p1a: Phione\n|-damage|p1a: Phione|12/293\n|-damage|p1a: Phione|0 fnt\n|faint|p1a: Phione\n|-hitcount|p1: Phione|2\n|-unboost|p2a: Kommo-o|def|1\n|-boost|p2a: Kommo-o|spe|1\n|\n|upkeep\n|\n|t:|1781427214\n|switch|p1a: Zarude|Zarude, L77|288/288\n|turn|12\n|\n|t:|1781427217\n|move|p1a: Zarude|Close Combat|p2a: Kommo-o\n|-damage|p2a: Kommo-o|0 fnt\n|-unboost|p1a: Zarude|def|1\n|-unboost|p1a: Zarude|spd|1\n|faint|p2a: Kommo-o\n|\n|upkeep\n|\n|t:|1781427220\n|switch|p2a: Emboar|Emboar, L84, F|322/322\n|turn|13\n|\n|t:|1781427233\n|switch|p1a: Mandibuzz|Mandibuzz, L85, F|326/326\n|move|p2a: Emboar|Trailblaze|p1a: Mandibuzz\n|-resisted|p1a: Mandibuzz\n|-damage|p1a: Mandibuzz|307/326\n|-boost|p2a: Emboar|spe|1\n|\n|upkeep\n|turn|14\n|\n|t:|1781427239\n|move|p2a: Emboar|Bulk Up|p2a: Emboar\n|-boost|p2a: Emboar|atk|1\n|-boost|p2a: Emboar|def|1\n|move|p1a: Mandibuzz|U-turn|p2a: Emboar\n|-resisted|p2a: Emboar\n|-damage|p2a: Emboar|314/322\n|\n|t:|1781427244\n|switch|p1a: Ursaluna|Ursaluna, L79, F|335/335 brn|[from] U-turn\n|\n|-heal|p2a: Emboar|322/322|[from] item: Leftovers\n|-damage|p1a: Ursaluna|315/335 brn|[from] brn\n|upkeep\n|turn|15\n|-message|8btry8 forfeited.\n|\n|win|DarkWight\n|raw|8btry8's rating: 1941 &rarr; <strong>1925</strong><br />(-16 for losing)\n|raw|DarkWight's rating: 2018 &rarr; <strong>2034</strong><br />(+16 for winning)\n", "inputlog": ">version a8376a258c1d4662feba110a92103f3664a72141\n>start {\"formatid\":\"gen9randombattle\",\"seed\":\"sodium,0eccf5fc7c7ba501380ad0159c08d542\",\"rated\":\"Rated battle\"}\n>player p1 {\"name\":\"8btry8\",\"avatar\":\"1\",\"rating\":1941,\"seed\":\"sodium,8108120aff1bf55a121a926955b40449\"}\n>player p2 {\"name\":\"DarkWight\",\"avatar\":\"170\",\"rating\":2018,\"seed\":\"sodium,2c658782b2f01225804f6938910afd2b\"}\n>p1 move headlongrush\n>p2 move shellsmash\n>p2 switch 2\n>p1 switch 6\n>p2 move closecombat\n>p1 move psychic\n>p2 switch 4\n>p1 move psychic\n>p2 move hypervoice\n>p1 move psychic\n>p2 move hypervoice\n>p1 move psychic\n>p2 move hypervoice\n>p2 switch 3\n>p1 move psychic\n>p2 move spacialrend\n>p1 switch 4\n>p1 move takeheart\n>p2 move spacialrend\n>p1 move grassknot\n>p2 move spacialrend\n>p1 move icebeam\n>p2 move spacialrend\n>p2 switch 4\n>p1 move icebeam\n>p2 move scaleshot\n>p1 switch 3\n>p1 move closecombat\n>p2 move closecombat\n>p2 switch 6\n>p1 switch 2\n>p2 move trailblaze\n>p1 move uturn\n>p2 move bulkup\n>p1 switch 6\n>forcelose p1", "uploadtime": 1781427246, "views": 4, "formatid": "gen9randombattle", "rating": 1925, "private": 0, "password": null}