{"id": "gen9randombattle-2631957766", "format": "[Gen 9] Random Battle", "players": ["Jefejenaro", "Astrokid11"], "log": "|j|\u2606Jefejenaro\n|j|\u2606Astrokid11\n|t:|1781459864\n|gametype|singles\n|player|p1|Jefejenaro|wallace|1971\n|player|p2|Astrokid11|2|1959\n|gen|9\n|tier|[Gen 9] Random Battle\n|rated|\n|rule|Species Clause: Limit one of each Pok\u00e9mon\n|rule|HP Percentage Mod: HP is shown in percentages\n|rule|Sleep Clause Mod: Limit one foe put to sleep\n|rule|Illusion Level Mod: Illusion disguises the Pok\u00e9mon's true level\n|\n|t:|1781459864\n|teamsize|p1|6\n|teamsize|p2|6\n|start\n|switch|p1a: Meowstic|Meowstic-F, L89, F|277/277\n|switch|p2a: Arboliva|Arboliva, L91, F|288/288\n|turn|1\n|inactive|Battle timer is ON: inactive players will automatically lose when time's up. (requested by Astrokid11)\n|\n|t:|1781459896\n|switch|p2a: Qwilfish|Qwilfish-Hisui, L83, M|244/244\n|-ability|p2a: Qwilfish|Intimidate|boost\n|-unboost|p1a: Meowstic|atk|1\n|-ability|p1a: Meowstic|Competitive|boost\n|-boost|p1a: Meowstic|spa|2\n|move|p1a: Meowstic|Nasty Plot|p1a: Meowstic\n|-boost|p1a: Meowstic|spa|2\n|\n|upkeep\n|turn|2\n|inactive|Jefejenaro has 120 seconds left.\n|\n|t:|1781459932\n|-terastallize|p1a: Meowstic|Fairy\n|move|p1a: Meowstic|Alluring Voice|p2a: Qwilfish\n|-damage|p2a: Qwilfish|0 fnt\n|faint|p2a: Qwilfish\n|-damage|p1a: Meowstic|250/277|[from] item: Life Orb\n|\n|upkeep\n|\n|t:|1781459961\n|switch|p2a: Gholdengo|Gholdengo, L77|261/261\n|turn|3\n|inactive|Jefejenaro has 120 seconds left.\n|\n|t:|1781459986\n|move|p2a: Gholdengo|Make It Rain|p1a: Meowstic\n|-supereffective|p1a: Meowstic\n|-damage|p1a: Meowstic|0 fnt\n|-unboost|p2a: Gholdengo|spa|1\n|faint|p1a: Meowstic\n|\n|upkeep\n|l|\u2606Astrokid11\n|inactive|Astrokid11 disconnected and has a minute to reconnect!\n|player|p2|\n|\n|t:|1781459999\n|switch|p1a: Krookodile|Krookodile, L79, M|280/280\n|-ability|p1a: Krookodile|Intimidate|boost\n|-unboost|p2a: Gholdengo|atk|1\n|turn|4\n|j|\u2606Astrokid11\n|inactive|Astrokid11 reconnected and has 130 seconds left.\n|player|p2|Astrokid11|2|\n|inactive|Astrokid11 has 120 seconds left.\n|\n|t:|1781460031\n|switch|p2a: Arceus|Arceus-Dragon, L71|288/288\n|move|p1a: Krookodile|Knock Off|p2a: Arceus\n|-damage|p2a: Arceus|186/288\n|\n|upkeep\n|turn|5\n|inactive|Astrokid11 has 120 seconds left.\n|\n|t:|1781460043\n|switch|p2a: Lumineon|Lumineon, L93, M|279/279\n|switch|p1a: Dialga|Dialga, L73|266/266\n|-ability|p1a: Dialga|Pressure\n|\n|upkeep\n|turn|6\n|inactive|Jefejenaro has 120 seconds left.\n|\n|t:|1781460066\n|switch|p2a: Gholdengo|Gholdengo, L77|261/261\n|move|p1a: Dialga|Draco Meteor|p2a: Gholdengo\n|-resisted|p2a: Gholdengo\n|-damage|p2a: Gholdengo|182/261\n|-unboost|p1a: Dialga|spa|2\n|\n|upkeep\n|turn|7\n|\n|t:|1781460078\n|switch|p1a: Krookodile|Krookodile, L79, M|280/280\n|-ability|p1a: Krookodile|Intimidate|boost\n|-unboost|p2a: Gholdengo|atk|1\n|move|p2a: Gholdengo|Focus Blast|p1a: Krookodile|[miss]\n|-miss|p2a: Gholdengo|p1a: Krookodile\n|\n|upkeep\n|turn|8\n|\n|t:|1781460085\n|switch|p1a: Okidogi|Okidogi, L77, M|262/262\n|move|p2a: Gholdengo|Focus Blast|p1a: Okidogi\n|-resisted|p1a: Okidogi\n|-damage|p1a: Okidogi|215/262\n|-unboost|p1a: Okidogi|spd|1\n|\n|-heal|p1a: Okidogi|231/262|[from] item: Leftovers\n|upkeep\n|turn|9\n|\n|t:|1781460091\n|switch|p2a: Arceus|Arceus-Dragon, L71|186/288\n|move|p1a: Okidogi|Knock Off|p2a: Arceus\n|-damage|p2a: Arceus|139/288\n|-status|p2a: Arceus|tox|[from] ability: Toxic Chain|[of] p1a: Okidogi\n|\n|-heal|p1a: Okidogi|247/262|[from] item: Leftovers\n|-damage|p2a: Arceus|121/288 tox|[from] psn\n|upkeep\n|turn|10\n|inactive|Jefejenaro has 120 seconds left.\n|\n|t:|1781460117\n|switch|p1a: Dialga|Dialga, L73|266/266\n|-ability|p1a: Dialga|Pressure\n|move|p2a: Arceus|Outrage|p1a: Dialga\n|-damage|p1a: Dialga|154/266\n|\n|-damage|p2a: Arceus|85/288 tox|[from] psn\n|upkeep\n|turn|11\n|\n|t:|1781460129\n|move|p2a: Arceus|Outrage|p1a: Dialga|[from] lockedmove\n|-damage|p1a: Dialga|36/266\n|move|p1a: Dialga|Heavy Slam|p2a: Arceus\n|-damage|p2a: Arceus|34/288 tox\n|\n|-damage|p2a: Arceus|0 fnt|[from] psn\n|faint|p2a: Arceus\n|upkeep\n|\n|t:|1781460145\n|switch|p2a: Lumineon|Lumineon, L93, M|279/279\n|turn|12\n|\n|t:|1781460165\n|move|p2a: Lumineon|Ice Beam|p1a: Dialga\n|-damage|p1a: Dialga|0 fnt\n|faint|p1a: Dialga\n|-damage|p2a: Lumineon|252/279|[from] item: Life Orb\n|\n|upkeep\n|\n|t:|1781460175\n|switch|p1a: Okidogi|Okidogi, L77, M|247/262\n|turn|13\n|\n|t:|1781460191\n|move|p2a: Lumineon|Hydro Pump|p1a: Okidogi\n|-damage|p1a: Okidogi|91/262\n|-damage|p2a: Lumineon|225/279|[from] item: Life Orb\n|move|p1a: Okidogi|Knock Off|p2a: Lumineon\n|-damage|p2a: Lumineon|155/279\n|-enditem|p2a: Lumineon|Life Orb|[from] move: Knock Off|[of] p1a: Okidogi\n|\n|-heal|p1a: Okidogi|107/262|[from] item: Leftovers\n|upkeep\n|turn|14\n|\n|t:|1781460202\n|move|p2a: Lumineon|Hydro Pump|p1a: Okidogi|[miss]\n|-miss|p2a: Lumineon|p1a: Okidogi\n|move|p1a: Okidogi|Drain Punch|p2a: Lumineon\n|-damage|p2a: Lumineon|67/279\n|-heal|p1a: Okidogi|151/262|[from] drain|[of] p2a: Lumineon\n|-status|p2a: Lumineon|tox|[from] ability: Toxic Chain|[of] p1a: Okidogi\n|\n|-heal|p1a: Okidogi|167/262|[from] item: Leftovers\n|-damage|p2a: Lumineon|50/279 tox|[from] psn\n|upkeep\n|turn|15\n|\n|t:|1781460206\n|move|p2a: Lumineon|Hydro Pump|p1a: Okidogi\n|-damage|p1a: Okidogi|44/262\n|move|p1a: Okidogi|Drain Punch|p2a: Lumineon\n|-damage|p2a: Lumineon|0 fnt\n|-heal|p1a: Okidogi|69/262|[from] drain|[of] p2a: Lumineon\n|faint|p2a: Lumineon\n|\n|-heal|p1a: Okidogi|85/262|[from] item: Leftovers\n|upkeep\n|\n|t:|1781460211\n|switch|p2a: Cinccino|Cinccino, L83, M|260/260\n|turn|16\n|\n|t:|1781460215\n|move|p2a: Cinccino|Tail Slap|p1a: Okidogi\n|-damage|p1a: Okidogi|52/262\n|-damage|p1a: Okidogi|16/262\n|-damage|p1a: Okidogi|0 fnt\n|faint|p1a: Okidogi\n|-hitcount|p1: Okidogi|3\n|\n|upkeep\n|\n|t:|1781460218\n|switch|p1a: Krookodile|Krookodile, L79, M|280/280\n|-ability|p1a: Krookodile|Intimidate|boost\n|-unboost|p2a: Cinccino|atk|1\n|turn|17\n|\n|t:|1781460222\n|-terastallize|p2a: Cinccino|Grass\n|move|p2a: Cinccino|Bullet Seed|p1a: Krookodile\n|-supereffective|p1a: Krookodile\n|-damage|p1a: Krookodile|218/280\n|-supereffective|p1a: Krookodile\n|-damage|p1a: Krookodile|162/280\n|-supereffective|p1a: Krookodile\n|-damage|p1a: Krookodile|102/280\n|-supereffective|p1a: Krookodile\n|-damage|p1a: Krookodile|42/280\n|-hitcount|p1a: Krookodile|4\n|move|p1a: Krookodile|Knock Off|p2a: Cinccino\n|-damage|p2a: Cinccino|40/260\n|-enditem|p2a: Cinccino|Loaded Dice|[from] move: Knock Off|[of] p1a: Krookodile\n|\n|upkeep\n|turn|18\n|\n|t:|1781460246\n|switch|p1a: Vivillon|Vivillon-Elegant, L83, M|268/268\n|move|p2a: Cinccino|U-turn|p1a: Vivillon\n|-resisted|p1a: Vivillon\n|-damage|p1a: Vivillon|245/268\n|\n|t:|1781460263\n|switch|p2a: Gholdengo|Gholdengo, L77|182/261|[from] U-turn\n|\n|upkeep\n|turn|19\n|inactive|Jefejenaro has 120 seconds left.\n|\n|t:|1781460303\n|move|p2a: Gholdengo|Trick|p1a: Vivillon\n|-activate|p2a: Gholdengo|move: Trick|[of] p1a: Vivillon\n|-item|p1a: Vivillon|Choice Scarf|[from] move: Trick\n|-item|p2a: Gholdengo|Heavy-Duty Boots|[from] move: Trick\n|move|p1a: Vivillon|Quiver Dance|p1a: Vivillon\n|-boost|p1a: Vivillon|spa|1\n|-boost|p1a: Vivillon|spd|1\n|-boost|p1a: Vivillon|spe|1\n|\n|upkeep\n|turn|20\n|\n|t:|1781460312\n|switch|p1a: Krookodile|Krookodile, L79, M|42/280\n|-ability|p1a: Krookodile|Intimidate|boost\n|-unboost|p2a: Gholdengo|atk|1\n|move|p2a: Gholdengo|Make It Rain|p1a: Krookodile\n|-damage|p1a: Krookodile|0 fnt\n|-unboost|p2a: Gholdengo|spa|1\n|faint|p1a: Krookodile\n|\n|upkeep\n|\n|t:|1781460317\n|switch|p1a: Bombirdier|Bombirdier, L85, F|258/258\n|turn|21\n|\n|t:|1781460330\n|move|p1a: Bombirdier|Knock Off|p2a: Gholdengo\n|-supereffective|p2a: Gholdengo\n|-damage|p2a: Gholdengo|0 fnt\n|-enditem|p2a: Gholdengo|Heavy-Duty Boots|[from] move: Knock Off|[of] p1a: Bombirdier\n|faint|p2a: Gholdengo\n|\n|upkeep\n|\n|t:|1781460342\n|switch|p2a: Arboliva|Arboliva, L91, F|288/288\n|turn|22\n|inactive|Jefejenaro has 120 seconds left.\n|\n|t:|1781460371\n|move|p1a: Bombirdier|Brave Bird|p2a: Arboliva\n|-supereffective|p2a: Arboliva\n|-damage|p2a: Arboliva|48/288\n|-enditem|p2a: Arboliva|Sitrus Berry|[eat]\n|-heal|p2a: Arboliva|120/288|[from] item: Sitrus Berry\n|-damage|p1a: Bombirdier|179/258|[from] Recoil\n|move|p2a: Arboliva|Hyper Voice|p1a: Bombirdier\n|-damage|p1a: Bombirdier|37/258\n|\n|-item|p2a: Arboliva|Sitrus Berry|[from] ability: Harvest\n|upkeep\n|-enditem|p2a: Arboliva|Sitrus Berry|[eat]\n|-heal|p2a: Arboliva|192/288|[from] item: Sitrus Berry\n|turn|23\n|\n|t:|1781460382\n|move|p1a: Bombirdier|Brave Bird|p2a: Arboliva\n|-supereffective|p2a: Arboliva\n|-damage|p2a: Arboliva|0 fnt\n|faint|p2a: Arboliva\n|-damage|p1a: Bombirdier|0 fnt|[from] Recoil\n|faint|p1a: Bombirdier\n|\n|upkeep\n|\n|t:|1781460385\n|switch|p1a: Vivillon|Vivillon-Elegant, L83, M|245/268\n|switch|p2a: Cinccino|Cinccino, L83, M, tera:Grass|40/260\n|turn|24\n|inactive|Jefejenaro has 120 seconds left.\n|\n|t:|1781460405\n|move|p1a: Vivillon|Tera Blast|p2a: Cinccino\n|-damage|p2a: Cinccino|0 fnt\n|faint|p2a: Cinccino\n|\n|win|Jefejenaro\n", "inputlog": ">version a8376a258c1d4662feba110a92103f3664a72141\n>start {\"formatid\":\"gen9randombattle\",\"seed\":\"sodium,c62804607013e577bf95b31626c28125\",\"rated\":\"Rated battle\"}\n>player p1 {\"name\":\"Jefejenaro\",\"avatar\":\"wallace\",\"rating\":1971,\"seed\":\"sodium,b912fd36fc69e2ff58442c9175ddc6d9\"}\n>player p2 {\"name\":\"Astrokid11\",\"avatar\":\"2\",\"rating\":1959,\"seed\":\"sodium,0862cfefa850eec53e62df3665a5a086\"}\n>p1 move nastyplot\n>p2 switch 2\n>p1 move alluringvoice terastallize\n>p2 move crunch\n>p2 switch 4\n>p1 move thunderbolt\n>p2 move makeitrain\n>p1 switch 3\n>p1 move knockoff\n>p2 switch 6\n>p1 switch 6\n>p2 switch 5\n>p1 move dracometeor\n>p2 switch 6\n>p1 switch 6\n>p2 move focusblast\n>p1 switch 4\n>p2 move focusblast\n>p1 move knockoff\n>p2 switch 5\n>p1 switch 6\n>p2 move outrage\n>p1 move heavyslam\n>p2 move outrage\n>p2 switch 6\n>p1 move dracometeor\n>p2 move icebeam\n>p1 switch 6\n>p1 move knockoff\n>p2 move hydropump\n>p1 move drainpunch\n>p2 move hydropump\n>p1 move drainpunch\n>p2 move hydropump\n>p2 switch 3\n>p1 move knockoff\n>p2 move tailslap\n>p1 switch 4\n>p1 move knockoff\n>p2 move bulletseed terastallize\n>p1 switch 5\n>p2 move uturn\n>p2 switch 5\n>p1 move quiverdance\n>p2 move trick\n>p1 switch 5\n>p2 move makeitrain\n>p1 switch 2\n>p1 move knockoff\n>p2 move makeitrain\n>p2 switch 2\n>p1 move bravebird\n>p2 move hypervoice\n>p1 move bravebird\n>p2 move hypervoice\n>p1 switch 5\n>p2 switch 5\n>p1 move terablast\n>p2 move tripleaxel", "uploadtime": 1781459866, "views": 10, "formatid": "gen9randombattle", "rating": null, "private": 0, "password": null}