{"id": "gen9randombattle-2631520067", "format": "[Gen 9] Random Battle", "players": ["bigolron", "freeze magnet"], "log": "|j|\u2606bigolron\n|j|\u2606freeze magnet\n|t:|1781395810\n|gametype|singles\n|player|p1|bigolron|mars|1944\n|player|p2|freeze magnet|gambler|1903\n|gen|9\n|tier|[Gen 9] Random Battle\n|rated|\n|rule|Species Clause: Limit one of each Pok\u00e9mon\n|rule|HP Percentage Mod: HP is shown in percentages\n|rule|Sleep Clause Mod: Limit one foe put to sleep\n|rule|Illusion Level Mod: Illusion disguises the Pok\u00e9mon's true level\n|\n|t:|1781395810\n|teamsize|p1|6\n|teamsize|p2|6\n|start\n|switch|p1a: Probopass|Probopass, L91, F|257/257\n|switch|p2a: Talonflame|Talonflame, L83, F|265/265\n|turn|1\n|inactive|Battle timer is ON: inactive players will automatically lose when time's up. (requested by freeze magnet)\n|\n|t:|1781395828\n|switch|p2a: Pincurchin|Pincurchin, F|258/258\n|-fieldstart|move: Electric Terrain|[from] ability: Electric Surge|[of] p2a: Pincurchin\n|move|p1a: Probopass|Power Gem|p2a: Pincurchin\n|-damage|p2a: Pincurchin|191/258\n|\n|-heal|p2a: Pincurchin|207/258|[from] item: Leftovers\n|upkeep\n|turn|2\n|\n|t:|1781395833\n|switch|p1a: Swampert|Swampert, L83, M|302/302\n|move|p2a: Pincurchin|Spikes|p1a: Swampert\n|-sidestart|p1: bigolron|Spikes\n|\n|-heal|p2a: Pincurchin|223/258|[from] item: Leftovers\n|upkeep\n|turn|3\n|\n|t:|1781395837\n|move|p1a: Swampert|Stealth Rock|p2a: Pincurchin\n|-sidestart|p2: freeze magnet|move: Stealth Rock\n|move|p2a: Pincurchin|Scald|p1a: Swampert\n|-damage|p1a: Swampert|227/302\n|\n|-heal|p1a: Swampert|245/302|[from] item: Leftovers\n|-heal|p2a: Pincurchin|239/258|[from] item: Leftovers\n|upkeep\n|turn|4\n|\n|t:|1781395840\n|switch|p2a: Squawkabilly|Squawkabilly-Blue, L85, M|278/278\n|-damage|p2a: Squawkabilly|209/278|[from] Stealth Rock\n|move|p1a: Swampert|Earthquake|p2a: Squawkabilly\n|-immune|p2a: Squawkabilly\n|\n|-heal|p1a: Swampert|263/302|[from] item: Leftovers\n|-status|p2a: Squawkabilly|brn|[from] item: Flame Orb\n|upkeep\n|turn|5\n|\n|t:|1781395845\n|switch|p1a: Probopass|Probopass, L91, F|257/257\n|-damage|p1a: Probopass|225/257|[from] Spikes\n|move|p2a: Squawkabilly|Facade|p1a: Probopass\n|-resisted|p1a: Probopass\n|-damage|p1a: Probopass|192/257\n|\n|-heal|p1a: Probopass|208/257|[from] item: Leftovers\n|-damage|p2a: Squawkabilly|192/278 brn|[from] brn\n|-fieldend|move: Electric Terrain\n|upkeep\n|turn|6\n|\n|t:|1781395849\n|switch|p2a: Pincurchin|Pincurchin, F|239/258\n|-damage|p2a: Pincurchin|207/258|[from] Stealth Rock\n|-fieldstart|move: Electric Terrain|[from] ability: Electric Surge|[of] p2a: Pincurchin\n|move|p1a: Probopass|Power Gem|p2a: Pincurchin\n|-damage|p2a: Pincurchin|132/258\n|\n|-heal|p1a: Probopass|224/257|[from] item: Leftovers\n|-heal|p2a: Pincurchin|148/258|[from] item: Leftovers\n|upkeep\n|turn|7\n|\n|t:|1781395852\n|switch|p1a: Swampert|Swampert, L83, M|263/302\n|-damage|p1a: Swampert|226/302|[from] Spikes\n|move|p2a: Pincurchin|Scald|p1a: Swampert\n|-damage|p1a: Swampert|151/302\n|-status|p1a: Swampert|brn\n|\n|-heal|p1a: Swampert|169/302 brn|[from] item: Leftovers\n|-heal|p2a: Pincurchin|164/258|[from] item: Leftovers\n|-damage|p1a: Swampert|151/302 brn|[from] brn\n|upkeep\n|turn|8\n|\n|t:|1781395855\n|move|p1a: Swampert|Flip Turn|p2a: Pincurchin\n|-damage|p2a: Pincurchin|135/258\n|\n|t:|1781395862\n|switch|p1a: Magmortar|Magmortar, L88, M|275/275|[from] Flip Turn\n|move|p2a: Pincurchin|Recover|p2a: Pincurchin\n|-heal|p2a: Pincurchin|258/258\n|\n|upkeep\n|turn|9\n|\n|t:|1781395865\n|move|p1a: Magmortar|Will-O-Wisp|p2a: Pincurchin|[miss]\n|-miss|p1a: Magmortar|p2a: Pincurchin\n|move|p2a: Pincurchin|Scald|p1a: Magmortar\n|-supereffective|p1a: Magmortar\n|-damage|p1a: Magmortar|133/275\n|\n|upkeep\n|turn|10\n|\n|t:|1781395872\n|switch|p1a: Swampert|Swampert, L83, M|151/302 brn\n|-damage|p1a: Swampert|114/302 brn|[from] Spikes\n|move|p2a: Pincurchin|Scald|p1a: Swampert\n|-damage|p1a: Swampert|40/302 brn\n|\n|-heal|p1a: Swampert|58/302 brn|[from] item: Leftovers\n|-damage|p1a: Swampert|40/302 brn|[from] brn\n|-fieldend|move: Electric Terrain\n|upkeep\n|turn|11\n|\n|t:|1781395874\n|move|p1a: Swampert|Earthquake|p2a: Pincurchin\n|-supereffective|p2a: Pincurchin\n|-damage|p2a: Pincurchin|158/258\n|move|p2a: Pincurchin|Spikes|p1a: Swampert\n|-sidestart|p1: bigolron|Spikes\n|\n|-heal|p1a: Swampert|58/302 brn|[from] item: Leftovers\n|-heal|p2a: Pincurchin|174/258|[from] item: Leftovers\n|-damage|p1a: Swampert|40/302 brn|[from] brn\n|upkeep\n|turn|12\n|\n|t:|1781395877\n|move|p1a: Swampert|Yawn|p2a: Pincurchin\n|-start|p2a: Pincurchin|move: Yawn|[of] p1a: Swampert\n|move|p2a: Pincurchin|Recover|p2a: Pincurchin\n|-heal|p2a: Pincurchin|258/258\n|\n|-heal|p1a: Swampert|58/302 brn|[from] item: Leftovers\n|-damage|p1a: Swampert|40/302 brn|[from] brn\n|upkeep\n|turn|13\n|\n|t:|1781395884\n|switch|p2a: Talonflame|Talonflame, L83, F|265/265\n|move|p1a: Swampert|Flip Turn|p2a: Talonflame\n|-supereffective|p2a: Talonflame\n|-damage|p2a: Talonflame|139/265\n|\n|t:|1781395891\n|switch|p1a: Feraligatr|Feraligatr, L79, F|264/264|[from] Flip Turn\n|-damage|p1a: Feraligatr|220/264|[from] Spikes\n|\n|upkeep\n|turn|14\n|\n|t:|1781395898\n|switch|p1a: Swampert|Swampert, L83, M|40/302 brn\n|-damage|p1a: Swampert|0 fnt|[from] Spikes\n|faint|p1a: Swampert\n|move|p2a: Talonflame|Will-O-Wisp|p1: Swampert|[notarget]\n|-fail|p2a: Talonflame\n|\n|upkeep\n|\n|t:|1781395903\n|switch|p1a: Magmortar|Magmortar, L88, M|133/275\n|turn|15\n|\n|t:|1781395910\n|move|p2a: Talonflame|Roost|p2a: Talonflame\n|-heal|p2a: Talonflame|265/265\n|-singleturn|p2a: Talonflame|move: Roost\n|move|p1a: Magmortar|Knock Off|p2a: Talonflame\n|-damage|p2a: Talonflame|182/265\n|-enditem|p2a: Talonflame|Heavy-Duty Boots|[from] move: Knock Off|[of] p1a: Magmortar\n|\n|upkeep\n|turn|16\n|\n|t:|1781395932\n|move|p2a: Talonflame|Brave Bird|p1a: Magmortar\n|-damage|p1a: Magmortar|1/275\n|-damage|p2a: Talonflame|138/265|[from] Recoil\n|move|p1a: Magmortar|Knock Off|p2a: Talonflame\n|-damage|p2a: Talonflame|78/265\n|\n|upkeep\n|turn|17\n|\n|t:|1781395938\n|move|p2a: Talonflame|Roost|p2a: Talonflame\n|-heal|p2a: Talonflame|211/265\n|-singleturn|p2a: Talonflame|move: Roost\n|move|p1a: Magmortar|Earthquake|p2a: Talonflame\n|-supereffective|p2a: Talonflame\n|-damage|p2a: Talonflame|17/265\n|\n|upkeep\n|turn|18\n|\n|t:|1781395942\n|move|p2a: Talonflame|Brave Bird|p1a: Magmortar\n|-crit|p1a: Magmortar\n|-damage|p1a: Magmortar|0 fnt\n|faint|p1a: Magmortar\n|-damage|p2a: Talonflame|16/265|[from] Recoil\n|\n|upkeep\n|\n|t:|1781395945\n|switch|p1a: Mightyena|Mightyena, L96, F|290/290\n|-damage|p1a: Mightyena|242/290|[from] Spikes\n|-ability|p1a: Mightyena|Intimidate|boost\n|-unboost|p2a: Talonflame|atk|1\n|turn|19\n|\n|t:|1781395948\n|move|p2a: Talonflame|Roost|p2a: Talonflame\n|-heal|p2a: Talonflame|149/265\n|-singleturn|p2a: Talonflame|move: Roost\n|move|p1a: Mightyena|Throat Chop|p2a: Talonflame\n|-damage|p2a: Talonflame|0 fnt\n|faint|p2a: Talonflame\n|\n|upkeep\n|\n|t:|1781395952\n|switch|p2a: Lokix|Lokix, L82, F|251/251\n|-damage|p2a: Lokix|189/251|[from] Stealth Rock\n|turn|20\n|\n|t:|1781395973\n|switch|p1a: Probopass|Probopass, L91, F|224/257\n|-damage|p1a: Probopass|182/257|[from] Spikes\n|move|p2a: Lokix|Swords Dance|p2a: Lokix\n|-boost|p2a: Lokix|atk|2\n|\n|-heal|p1a: Probopass|198/257|[from] item: Leftovers\n|upkeep\n|turn|21\n|\n|t:|1781395976\n|move|p2a: Lokix|Knock Off|p1a: Probopass\n|-damage|p1a: Probopass|23/257\n|-enditem|p1a: Probopass|Leftovers|[from] move: Knock Off|[of] p2a: Lokix\n|-damage|p2a: Lokix|164/251|[from] item: Life Orb\n|move|p1a: Probopass|Power Gem|p2a: Lokix\n|-supereffective|p2a: Lokix\n|-damage|p2a: Lokix|0 fnt\n|faint|p2a: Lokix\n|\n|upkeep\n|\n|t:|1781395984\n|switch|p2a: Diancie|Diancie, L82|216/216\n|-damage|p2a: Diancie|189/216|[from] Stealth Rock\n|turn|22\n|\n|t:|1781395988\n|move|p2a: Diancie|Earth Power|p1a: Probopass\n|-supereffective|p1a: Probopass\n|-damage|p1a: Probopass|0 fnt\n|faint|p1a: Probopass\n|\n|-heal|p2a: Diancie|202/216|[from] item: Leftovers\n|upkeep\n|\n|t:|1781395990\n|switch|p1a: Feraligatr|Feraligatr, L79, F|220/264\n|-damage|p1a: Feraligatr|176/264|[from] Spikes\n|turn|23\n|\n|t:|1781395993\n|-terastallize|p2a: Diancie|Water\n|move|p1a: Feraligatr|Dragon Dance|p1a: Feraligatr\n|-boost|p1a: Feraligatr|atk|1\n|-boost|p1a: Feraligatr|spe|1\n|move|p2a: Diancie|Diamond Storm|p1a: Feraligatr|[miss]\n|-miss|p2a: Diancie|p1a: Feraligatr\n|\n|-heal|p2a: Diancie|215/216|[from] item: Leftovers\n|upkeep\n|turn|24\n|\n|t:|1781395998\n|-terastallize|p1a: Feraligatr|Grass\n|move|p1a: Feraligatr|Trailblaze|p2a: Diancie\n|-supereffective|p2a: Diancie\n|-damage|p2a: Diancie|49/216\n|move|p2a: Diancie|Diamond Storm|p1a: Feraligatr\n|-damage|p1a: Feraligatr|83/264\n|-boost|p2a: Diancie|def|2\n|\n|-heal|p2a: Diancie|62/216|[from] item: Leftovers\n|upkeep\n|turn|25\n|\n|t:|1781396003\n|move|p1a: Feraligatr|Trailblaze|p2a: Diancie\n|-supereffective|p2a: Diancie\n|-damage|p2a: Diancie|0 fnt\n|faint|p2a: Diancie\n|\n|upkeep\n|\n|t:|1781396009\n|switch|p2a: Ditto|Ditto, L87|225/225\n|-damage|p2a: Ditto|197/225|[from] Stealth Rock\n|-transform|p2a: Ditto|p1a: Feraligatr|[from] ability: Imposter\n|-start|p2a: Ditto|typechange|Water|[silent]\n|turn|26\n|\n|t:|1781396038\n|switch|p1a: Mightyena|Mightyena, L96, F|242/290\n|-damage|p1a: Mightyena|194/290|[from] Spikes\n|-ability|p1a: Mightyena|Intimidate|boost\n|-unboost|p2a: Ditto|atk|1\n|move|p2a: Ditto|Ice Punch|p1a: Mightyena\n|-damage|p1a: Mightyena|116/290\n|\n|upkeep\n|turn|27\n|\n|t:|1781396045\n|switch|p2a: Pincurchin|Pincurchin, F|258/258\n|-damage|p2a: Pincurchin|226/258|[from] Stealth Rock\n|-fieldstart|move: Electric Terrain|[from] ability: Electric Surge|[of] p2a: Pincurchin\n|move|p1a: Mightyena|Sucker Punch||[still]\n|-fail|p1a: Mightyena\n|\n|-heal|p2a: Pincurchin|242/258|[from] item: Leftovers\n|upkeep\n|turn|28\n|\n|t:|1781396050\n|switch|p1a: Feraligatr|Feraligatr, L79, F, tera:Grass|83/264\n|-damage|p1a: Feraligatr|39/264|[from] Spikes\n|move|p2a: Pincurchin|Discharge|p1a: Feraligatr\n|-resisted|p1a: Feraligatr\n|-damage|p1a: Feraligatr|0 fnt\n|faint|p1a: Feraligatr\n|\n|-heal|p2a: Pincurchin|258/258|[from] item: Leftovers\n|upkeep\n|\n|t:|1781396051\n|switch|p1a: Grimmsnarl|Grimmsnarl, L83, M|293/293\n|-damage|p1a: Grimmsnarl|245/293|[from] Spikes\n|turn|29\n|\n|t:|1781396054\n|move|p1a: Grimmsnarl|Spirit Break|p2a: Pincurchin\n|-damage|p2a: Pincurchin|185/258\n|-unboost|p2a: Pincurchin|spa|1\n|move|p2a: Pincurchin|Discharge|p1a: Grimmsnarl\n|-damage|p1a: Grimmsnarl|139/293\n|\n|-heal|p2a: Pincurchin|201/258|[from] item: Leftovers\n|upkeep\n|turn|30\n|\n|t:|1781396058\n|move|p1a: Grimmsnarl|Spirit Break|p2a: Pincurchin\n|-damage|p2a: Pincurchin|129/258\n|-unboost|p2a: Pincurchin|spa|1\n|move|p2a: Pincurchin|Scald|p1a: Grimmsnarl\n|-damage|p1a: Grimmsnarl|94/293\n|\n|-heal|p2a: Pincurchin|145/258|[from] item: Leftovers\n|upkeep\n|turn|31\n|\n|t:|1781396062\n|switch|p1a: Mightyena|Mightyena, L96, F|116/290\n|-damage|p1a: Mightyena|68/290|[from] Spikes\n|-ability|p1a: Mightyena|Intimidate|boost\n|-unboost|p2a: Pincurchin|atk|1\n|move|p2a: Pincurchin|Recover|p2a: Pincurchin\n|-heal|p2a: Pincurchin|258/258\n|\n|-fieldend|move: Electric Terrain\n|upkeep\n|turn|32\n|\n|t:|1781396066\n|move|p1a: Mightyena|Throat Chop|p2a: Pincurchin\n|-damage|p2a: Pincurchin|129/258\n|-start|p2a: Pincurchin|Throat Chop|[silent]\n|move|p2a: Pincurchin|Discharge|p1a: Mightyena\n|-damage|p1a: Mightyena|2/290\n|\n|-heal|p2a: Pincurchin|145/258|[from] item: Leftovers\n|upkeep\n|turn|33\n|-message|bigolron forfeited.\n|\n|t:|1781396070\n|switch|p2a: Ditto|Ditto, L87|197/225\n|-damage|p2a: Ditto|169/225|[from] Stealth Rock\n|-transform|p2a: Ditto|p1a: Mightyena|[from] ability: Imposter\n|-ability|p2a: Ditto|Intimidate|boost\n|-unboost|p1a: Mightyena|atk|1\n|move|p1a: Mightyena|Throat Chop|p2a: Ditto\n|-resisted|p2a: Ditto\n|-damage|p2a: Ditto|111/225\n|-start|p2a: Ditto|Throat Chop|[silent]\n|\n|upkeep\n|turn|34\n|\n|win|freeze magnet\n", "uploadtime": 1781395812, "views": 3, "formatid": "gen9randombattle", "rating": null, "private": 0, "password": null}