{"id": "gen9randombattle-2631455565", "format": "[Gen 9] Random Battle", "players": ["ultranickhurt", "g fhkbjnlk."], "log": "|j|\u2606ultranickhurt\n|j|\u2606g fhkbjnlk.\n|t:|1781386804\n|gametype|singles\n|player|p1|ultranickhurt|nate|1000\n|player|p2|g fhkbjnlk.|2|1000\n|gen|9\n|tier|[Gen 9] Random Battle\n|rated|\n|rule|Species Clause: Limit one of each Pok\u00e9mon\n|rule|HP Percentage Mod: HP is shown in percentages\n|rule|Sleep Clause Mod: Limit one foe put to sleep\n|rule|Illusion Level Mod: Illusion disguises the Pok\u00e9mon's true level\n|\n|t:|1781386804\n|teamsize|p1|6\n|teamsize|p2|6\n|start\n|switch|p1a: Zebstrika|Zebstrika, L87, F|272/272\n|switch|p2a: Bisharp|Bisharp, L79, F|232/232\n|turn|1\n|\n|t:|1781386816\n|move|p1a: Zebstrika|High Horsepower|p2a: Bisharp\n|-supereffective|p2a: Bisharp\n|-damage|p2a: Bisharp|118/232\n|-damage|p1a: Zebstrika|245/272|[from] item: Life Orb\n|move|p2a: Bisharp|Swords Dance|p2a: Bisharp\n|-boost|p2a: Bisharp|atk|2\n|\n|upkeep\n|turn|2\n|\n|t:|1781386824\n|move|p1a: Zebstrika|Overheat|p2a: Bisharp\n|-supereffective|p2a: Bisharp\n|-damage|p2a: Bisharp|0 fnt\n|-unboost|p1a: Zebstrika|spa|2\n|faint|p2a: Bisharp\n|-damage|p1a: Zebstrika|218/272|[from] item: Life Orb\n|\n|upkeep\n|\n|t:|1781386836\n|switch|p2a: Vikavolt|Vikavolt, L83, F|263/263\n|turn|3\n|\n|t:|1781386849\n|move|p1a: Zebstrika|Volt Switch|p2a: Vikavolt\n|-resisted|p2a: Vikavolt\n|-damage|p2a: Vikavolt|240/263\n|-damage|p1a: Zebstrika|191/272|[from] item: Life Orb\n|\n|t:|1781386852\n|switch|p1a: Thundurus|Thundurus-Therian, L80, M|258/258|[from] Volt Switch\n|move|p2a: Vikavolt|Sticky Web|p1a: Thundurus\n|-sidestart|p1: ultranickhurt|move: Sticky Web\n|\n|upkeep\n|turn|4\n|\n|t:|1781386864\n|switch|p2a: Bellibolt|Bellibolt, L84, M|320/320\n|move|p1a: Thundurus|Nasty Plot|p1a: Thundurus\n|-boost|p1a: Thundurus|spa|2\n|\n|upkeep\n|turn|5\n|\n|t:|1781386873\n|move|p1a: Thundurus|Psychic|p2a: Bellibolt\n|-damage|p2a: Bellibolt|164/320\n|-start|p2a: Bellibolt|Charge|Psychic|[from] ability: Electromorphosis\n|move|p2a: Bellibolt|Toxic|p1a: Thundurus\n|-status|p1a: Thundurus|tox\n|\n|-heal|p2a: Bellibolt|184/320|[from] item: Leftovers\n|-damage|p1a: Thundurus|242/258 tox|[from] psn\n|upkeep\n|turn|6\n|\n|t:|1781386885\n|-terastallize|p1a: Thundurus|Psychic\n|move|p1a: Thundurus|Psychic|p2a: Bellibolt\n|-damage|p2a: Bellibolt|0 fnt\n|faint|p2a: Bellibolt\n|\n|-damage|p1a: Thundurus|210/258 tox|[from] psn\n|upkeep\n|\n|t:|1781386897\n|switch|p2a: Altaria|Altaria, L89, M|278/278\n|turn|7\n|\n|t:|1781386904\n|move|p1a: Thundurus|Psychic|p2a: Altaria\n|-damage|p2a: Altaria|91/278\n|move|p2a: Altaria|Dragon Dance|p2a: Altaria\n|-boost|p2a: Altaria|atk|1\n|-boost|p2a: Altaria|spe|1\n|\n|-damage|p1a: Thundurus|162/258 tox|[from] psn\n|upkeep\n|turn|8\n|\n|t:|1781386912\n|move|p2a: Altaria|Brave Bird|p1a: Thundurus\n|-damage|p1a: Thundurus|0 fnt\n|faint|p1a: Thundurus\n|-damage|p2a: Altaria|38/278|[from] Recoil\n|\n|upkeep\n|\n|t:|1781386938\n|switch|p1a: Zebstrika|Zebstrika, L87, F|191/272\n|-activate|p1a: Zebstrika|move: Sticky Web\n|-unboost|p1a: Zebstrika|spe|1\n|turn|9\n|inactive|Battle timer is ON: inactive players will automatically lose when time's up. (requested by ultranickhurt)\n|\n|t:|1781386944\n|move|p2a: Altaria|Roost|p2a: Altaria\n|-heal|p2a: Altaria|177/278\n|-singleturn|p2a: Altaria|move: Roost\n|move|p1a: Zebstrika|Volt Switch|p2a: Altaria\n|-resisted|p2a: Altaria\n|-damage|p2a: Altaria|141/278\n|-damage|p1a: Zebstrika|164/272|[from] item: Life Orb\n|inactive|ultranickhurt has 120 seconds left.\n|\n|t:|1781386981\n|switch|p1a: Indeedee|Indeedee, L84, M|238/238|[from] Volt Switch\n|-activate|p1a: Indeedee|move: Sticky Web\n|-unboost|p1a: Indeedee|spe|1\n|-fieldstart|move: Psychic Terrain|[from] ability: Psychic Surge|[of] p1a: Indeedee\n|\n|upkeep\n|turn|10\n|\n|t:|1781386990\n|-terastallize|p2a: Altaria|Steel\n|move|p2a: Altaria|Dragon Dance|p2a: Altaria\n|-boost|p2a: Altaria|atk|1\n|-boost|p2a: Altaria|spe|1\n|move|p1a: Indeedee|Expanding Force|p2a: Altaria\n|-resisted|p2a: Altaria\n|-damage|p2a: Altaria|72/278\n|\n|upkeep\n|turn|11\n|\n|t:|1781387006\n|move|p2a: Altaria|Roost|p2a: Altaria\n|-heal|p2a: Altaria|211/278\n|move|p1a: Indeedee|Expanding Force|p2a: Altaria\n|-resisted|p2a: Altaria\n|-damage|p2a: Altaria|141/278\n|\n|upkeep\n|turn|12\n|\n|t:|1781387012\n|switch|p1a: Zebstrika|Zebstrika, L87, F|164/272\n|-activate|p1a: Zebstrika|move: Sticky Web\n|-unboost|p1a: Zebstrika|spe|1\n|move|p2a: Altaria|Roost|p2a: Altaria\n|-heal|p2a: Altaria|278/278\n|\n|upkeep\n|turn|13\n|\n|t:|1781387019\n|move|p2a: Altaria|Earthquake|p1a: Zebstrika\n|-supereffective|p1a: Zebstrika\n|-damage|p1a: Zebstrika|0 fnt\n|faint|p1a: Zebstrika\n|\n|-fieldend|move: Psychic Terrain\n|upkeep\n|\n|t:|1781387022\n|switch|p1a: Scrafty|Scrafty, L83, M|244/244\n|-activate|p1a: Scrafty|move: Sticky Web\n|-unboost|p1a: Scrafty|spe|1\n|turn|14\n|\n|t:|1781387027\n|move|p2a: Altaria|Brave Bird|p1a: Scrafty\n|-supereffective|p1a: Scrafty\n|-damage|p1a: Scrafty|0 fnt\n|faint|p1a: Scrafty\n|-damage|p2a: Altaria|197/278|[from] Recoil\n|\n|upkeep\n|\n|t:|1781387033\n|switch|p1a: Amoonguss|Amoonguss, L82, M|321/321\n|-activate|p1a: Amoonguss|move: Sticky Web\n|-unboost|p1a: Amoonguss|spe|1\n|turn|15\n|\n|t:|1781387037\n|move|p2a: Altaria|Brave Bird|p1a: Amoonguss\n|-supereffective|p1a: Amoonguss\n|-damage|p1a: Amoonguss|0 fnt\n|-damage|p2a: Altaria|151/278|[from] item: Rocky Helmet|[of] p1a: Amoonguss\n|faint|p1a: Amoonguss\n|-damage|p2a: Altaria|45/278|[from] Recoil\n|\n|upkeep\n|-message|ultranickhurt forfeited.\n|\n|win|g fhkbjnlk.\n|raw|ultranickhurt's rating: 1000 &rarr; <strong>1000</strong><br />(+0 for losing)\n|raw|g fhkbjnlk.'s rating: 1000 &rarr; <strong>1040</strong><br />(+40 for winning)\n|l|\u2606ultranickhurt\n|player|p1|\n", "inputlog": ">version a8376a258c1d4662feba110a92103f3664a72141\n>start {\"formatid\":\"gen9randombattle\",\"seed\":\"sodium,96f05b65e526f707280cd6fabc2ee48f\",\"rated\":\"Rated battle\"}\n>player p1 {\"name\":\"ultranickhurt\",\"avatar\":\"nate\",\"rating\":1000,\"seed\":\"sodium,0b3b7a9ce96708c0d6e869eb9229d954\"}\n>player p2 {\"name\":\"g fhkbjnlk.\",\"avatar\":\"2\",\"rating\":1000,\"seed\":\"sodium,5a8d1ed1ac018bcfeb9bd915acee407e\"}\n>p1 move highhorsepower\n>p2 move swordsdance\n>p1 move overheat\n>p2 move throatchop\n>p2 switch 2\n>p1 move voltswitch\n>p2 move stickyweb\n>p1 switch 5\n>p1 move nastyplot\n>p2 switch 5\n>p1 move psychic\n>p2 move toxic\n>p1 move psychic terastallize\n>p2 move muddywater\n>p2 switch 4\n>p1 move psychic\n>p2 move dragondance\n>p1 move thunderbolt\n>p2 move bravebird\n>p1 switch 5\n>p1 move voltswitch\n>p2 move roost\n>p1 switch 3\n>p1 move expandingforce\n>p2 move dragondance terastallize\n>p1 move expandingforce\n>p2 move roost\n>p1 switch 3\n>p2 move roost\n>p1 move overheat\n>p2 move earthquake\n>p1 switch 2\n>p1 move drainpunch\n>p2 move bravebird\n>p1 switch 6\n>p1 move spore\n>p2 move bravebird\n>forcelose p1", "uploadtime": 1781387047, "views": 6, "formatid": "gen9randombattle", "rating": 1000, "private": 0, "password": null}