{"id": "gen9randombattle-2631375432", "format": "[Gen 9] Random Battle", "players": ["Chicken347", "Meloeita!"], "log": "|j|\u2606Chicken347\n|j|\u2606Meloeita!\n|t:|1781377250\n|gametype|singles\n|player|p1|Chicken347|266|2004\n|player|p2|Meloeita!|170|2009\n|gen|9\n|tier|[Gen 9] Random Battle\n|rated|\n|rule|Species Clause: Limit one of each Pok\u00e9mon\n|rule|HP Percentage Mod: HP is shown in percentages\n|rule|Sleep Clause Mod: Limit one foe put to sleep\n|rule|Illusion Level Mod: Illusion disguises the Pok\u00e9mon's true level\n|\n|t:|1781377250\n|teamsize|p1|6\n|teamsize|p2|6\n|start\n|switch|p1a: Primarina|Primarina, L83, F|268/268\n|switch|p2a: Eelektross|Eelektross, L87, M|290/290\n|turn|1\n|inactive|Battle timer is ON: inactive players will automatically lose when time's up. (requested by Chicken347)\n|\n|t:|1781377283\n|switch|p2a: Blissey|Blissey, L85, F|572/572\n|move|p1a: Primarina|Flip Turn|p2a: Blissey\n|-damage|p2a: Blissey|433/572\n|\n|t:|1781377295\n|switch|p1a: Zapdos|Zapdos-Galar, L77|265/265|[from] Flip Turn\n|\n|-heal|p2a: Blissey|468/572|[from] item: Leftovers\n|upkeep\n|turn|2\n|\n|t:|1781377302\n|switch|p2a: Vileplume|Vileplume, L85, M|266/266\n|move|p1a: Zapdos|U-turn|p2a: Vileplume\n|-damage|p2a: Vileplume|188/266\n|\n|t:|1781377309\n|switch|p1a: Chandelure|Chandelure, L83, F|235/235|[from] U-turn\n|\n|-heal|p2a: Vileplume|204/266|[from] item: Leftovers\n|upkeep\n|turn|3\n|\n|t:|1781377319\n|switch|p2a: Blissey|Blissey, L85, F|468/572\n|move|p1a: Chandelure|Trick|p2a: Blissey\n|-activate|p1a: Chandelure|move: Trick|[of] p2a: Blissey\n|-item|p2a: Blissey|Choice Scarf|[from] move: Trick\n|-item|p1a: Chandelure|Leftovers|[from] move: Trick\n|\n|upkeep\n|turn|4\n|\n|t:|1781377327\n|switch|p1a: Garchomp|Garchomp, L74, M|282/282\n|move|p2a: Blissey|Thunder Wave|p1a: Garchomp\n|-immune|p1a: Garchomp\n|\n|upkeep\n|turn|5\n|\n|t:|1781377335\n|switch|p2a: Breloom|Breloom, L83, M|235/235\n|move|p1a: Garchomp|Swords Dance|p1a: Garchomp\n|-boost|p1a: Garchomp|atk|2\n|\n|upkeep\n|turn|6\n|\n|t:|1781377344\n|move|p1a: Garchomp|Scale Shot|p2a: Breloom\n|-damage|p2a: Breloom|175/235\n|-damage|p2a: Breloom|123/235\n|-damage|p2a: Breloom|65/235\n|-damage|p2a: Breloom|11/235\n|-hitcount|p2a: Breloom|4\n|-unboost|p1a: Garchomp|def|1\n|-boost|p1a: Garchomp|spe|1\n|move|p2a: Breloom|Spore|p1a: Garchomp\n|-status|p1a: Garchomp|slp|[from] move: Spore\n|\n|upkeep\n|turn|7\n|\n|t:|1781377362\n|cant|p1a: Garchomp|slp\n|move|p2a: Breloom|Bullet Seed|p1a: Garchomp\n|-damage|p1a: Garchomp|175/282 slp\n|-damage|p1a: Garchomp|81/282 slp\n|-damage|p1a: Garchomp|0 fnt\n|faint|p1a: Garchomp\n|-hitcount|p1: Garchomp|3\n|-damage|p2a: Breloom|0 fnt|[from] item: Life Orb\n|faint|p2a: Breloom\n|\n|upkeep\n|\n|t:|1781377378\n|switch|p1a: Zapdos|Zapdos-Galar, L77|265/265\n|switch|p2a: Jirachi|Jirachi, L80|291/291\n|turn|8\n|\n|t:|1781377396\n|-terastallize|p1a: Zapdos|Dark\n|move|p2a: Jirachi|Stealth Rock|p1a: Zapdos\n|-sidestart|p1: Chicken347|move: Stealth Rock\n|move|p1a: Zapdos|Knock Off|p2a: Jirachi\n|-supereffective|p2a: Jirachi\n|-damage|p2a: Jirachi|0 fnt\n|-enditem|p2a: Jirachi|Leftovers|[from] move: Knock Off|[of] p1a: Zapdos\n|faint|p2a: Jirachi\n|\n|upkeep\n|\n|t:|1781377404\n|switch|p2a: Vileplume|Vileplume, L85, M|204/266\n|turn|9\n|\n|t:|1781377410\n|switch|p1a: Chandelure|Chandelure, L83, F|235/235\n|-damage|p1a: Chandelure|177/235|[from] Stealth Rock\n|move|p2a: Vileplume|Sleep Powder|p1a: Chandelure\n|-status|p1a: Chandelure|slp|[from] move: Sleep Powder\n|\n|-heal|p1a: Chandelure|191/235 slp|[from] item: Leftovers\n|-heal|p2a: Vileplume|220/266|[from] item: Leftovers\n|upkeep\n|turn|10\n|\n|t:|1781377426\n|switch|p2a: Eelektross|Eelektross, L87, M|290/290\n|cant|p1a: Chandelure|slp\n|\n|-heal|p1a: Chandelure|205/235 slp|[from] item: Leftovers\n|upkeep\n|turn|11\n|\n|t:|1781377437\n|-curestatus|p1a: Chandelure|slp|[msg]\n|move|p1a: Chandelure|Fire Blast|p2a: Eelektross\n|-damage|p2a: Eelektross|118/290\n|move|p2a: Eelektross|Supercell Slam|p1a: Chandelure|[miss]\n|-miss|p2a: Eelektross|p1a: Chandelure\n|-damage|p2a: Eelektross|0 fnt|[from] supercellslam\n|faint|p2a: Eelektross\n|\n|-heal|p1a: Chandelure|219/235|[from] item: Leftovers\n|upkeep\n|-message|Meloeita! forfeited.\n|\n|win|Chicken347\n", "inputlog": ">version a8376a258c1d4662feba110a92103f3664a72141\n>start {\"formatid\":\"gen9randombattle\",\"seed\":\"sodium,f0cae71c8064bf1b897d3ae5cf8788b6\",\"rated\":\"Rated battle\"}\n>player p1 {\"name\":\"Chicken347\",\"avatar\":\"266\",\"rating\":2004,\"seed\":\"sodium,8c7d4ad8f88fd4f0b2260f1e0c2ea585\"}\n>player p2 {\"name\":\"Meloeita!\",\"avatar\":\"170\",\"rating\":2009,\"seed\":\"sodium,aa8f9fc8671c6ff2fe602292495ebb22\"}\n>p1 move flipturn\n>p2 switch 4\n>p1 switch 3\n>p1 move uturn\n>p2 switch 5\n>p1 switch 5\n>p1 move trick\n>p2 switch 5\n>p1 switch 6\n>p2 move thunderwave\n>p1 move swordsdance\n>p2 switch 3\n>p1 move scaleshot\n>p2 move spore\n>p1 move earthquake\n>p2 move bulletseed\n>p1 switch 5\n>p2 switch 6\n>p1 move knockoff terastallize\n>p2 move stealthrock\n>p2 switch 5\n>p1 switch 6\n>p2 move sleeppowder\n>p1 move fireblast\n>p2 switch 4\n>p1 move fireblast\n>p2 move supercellslam\n>forcelose p2", "uploadtime": 1781377253, "views": 9, "formatid": "gen9randombattle", "rating": null, "private": 0, "password": null}