{"id": "gen9randombattle-2631656745", "format": "[Gen 9] Random Battle", "players": ["Il0VEKAT", "NhutNam807"], "log": "|j|\u2606Il0VEKAT\n|j|\u2606NhutNam807\n|t:|1781416081\n|gametype|singles\n|player|p1|Il0VEKAT|hilda|1139\n|player|p2|NhutNam807|101|1185\n|gen|9\n|tier|[Gen 9] Random Battle\n|rated|\n|rule|Species Clause: Limit one of each Pok\u00e9mon\n|rule|HP Percentage Mod: HP is shown in percentages\n|rule|Sleep Clause Mod: Limit one foe put to sleep\n|rule|Illusion Level Mod: Illusion disguises the Pok\u00e9mon's true level\n|\n|t:|1781416081\n|teamsize|p1|6\n|teamsize|p2|6\n|start\n|switch|p1a: Weavile|Weavile, L79, M|240/240\n|switch|p2a: Gyarados|Gyarados, L79, F|280/280\n|-ability|p2a: Gyarados|Intimidate|boost\n|-unboost|p1a: Weavile|atk|1\n|turn|1\n|inactive|Battle timer is ON: inactive players will automatically lose when time's up. (requested by NhutNam807)\n|\n|t:|1781416111\n|switch|p1a: Orthworm|Orthworm, L88, M|266/266\n|switch|p2a: Entei|Entei, L78|307/307\n|\n|upkeep\n|turn|2\n|\n|t:|1781416135\n|switch|p1a: Feraligatr|Feraligatr, L79, F|264/264\n|move|p2a: Entei|Sacred Fire|p1a: Feraligatr\n|-resisted|p1a: Feraligatr\n|-damage|p1a: Feraligatr|193/264\n|-status|p1a: Feraligatr|brn\n|\n|-damage|p1a: Feraligatr|177/264 brn|[from] brn\n|upkeep\n|turn|3\n|\n|t:|1781416148\n|switch|p2a: Gyarados|Gyarados, L79, F|280/280\n|-ability|p2a: Gyarados|Intimidate|boost\n|-unboost|p1a: Feraligatr|atk|1\n|move|p1a: Feraligatr|Dragon Dance|p1a: Feraligatr\n|-boost|p1a: Feraligatr|atk|1\n|-boost|p1a: Feraligatr|spe|1\n|\n|-damage|p1a: Feraligatr|161/264 brn|[from] brn\n|upkeep\n|turn|4\n|\n|t:|1781416162\n|move|p1a: Feraligatr|Dragon Dance|p1a: Feraligatr\n|-boost|p1a: Feraligatr|atk|1\n|-boost|p1a: Feraligatr|spe|1\n|move|p2a: Gyarados|Earthquake|p1a: Feraligatr\n|-damage|p1a: Feraligatr|85/264 brn\n|\n|-damage|p1a: Feraligatr|69/264 brn|[from] brn\n|upkeep\n|turn|5\n|\n|t:|1781416177\n|move|p1a: Feraligatr|Dragon Dance|p1a: Feraligatr\n|-boost|p1a: Feraligatr|atk|1\n|-boost|p1a: Feraligatr|spe|1\n|move|p2a: Gyarados|Earthquake|p1a: Feraligatr\n|-damage|p1a: Feraligatr|0 fnt\n|faint|p1a: Feraligatr\n|\n|upkeep\n|\n|t:|1781416187\n|switch|p1a: Weavile|Weavile, L79, M|240/240\n|turn|6\n|\n|t:|1781416195\n|switch|p2a: Entei|Entei, L78|307/307\n|move|p1a: Weavile|Swords Dance|p1a: Weavile\n|-boost|p1a: Weavile|atk|2\n|\n|upkeep\n|turn|7\n|\n|t:|1781416206\n|move|p1a: Weavile|Knock Off|p2a: Entei\n|-damage|p2a: Entei|82/307\n|-enditem|p2a: Entei|Choice Band|[from] move: Knock Off|[of] p1a: Weavile\n|move|p2a: Entei|Sacred Fire|p1a: Weavile\n|-supereffective|p1a: Weavile\n|-damage|p1a: Weavile|0 fnt\n|faint|p1a: Weavile\n|\n|upkeep\n|\n|t:|1781416214\n|switch|p1a: Serperior|Serperior, L79, F|248/248\n|turn|8\n|\n|t:|1781416217\n|-terastallize|p1a: Serperior|Dragon\n|move|p1a: Serperior|Leaf Storm|p2a: Entei\n|-resisted|p2a: Entei\n|-damage|p2a: Entei|4/307\n|-boost|p1a: Serperior|spa|2\n|-damage|p1a: Serperior|224/248|[from] item: Life Orb\n|move|p2a: Entei|Sacred Fire|p1a: Serperior\n|-resisted|p1a: Serperior\n|-damage|p1a: Serperior|174/248\n|\n|upkeep\n|turn|9\n|\n|t:|1781416231\n|switch|p2a: Gardevoir|Gardevoir, L83, F|249/249\n|-ability|p2a: Gardevoir|Contrary|Trace|[from] ability: Trace|[of] p1a: Serperior\n|move|p1a: Serperior|Leaf Storm|p2a: Gardevoir\n|-damage|p2a: Gardevoir|18/249\n|-boost|p1a: Serperior|spa|2\n|-damage|p1a: Serperior|150/248|[from] item: Life Orb\n|\n|upkeep\n|turn|10\n|\n|t:|1781416244\n|move|p2a: Gardevoir|Moonblast|p1a: Serperior\n|-supereffective|p1a: Serperior\n|-damage|p1a: Serperior|0 fnt\n|faint|p1a: Serperior\n|\n|upkeep\n|\n|t:|1781416258\n|switch|p1a: Orthworm|Orthworm, L88, M|266/266\n|turn|11\n|-message|Il0VEKAT forfeited.\n|\n|win|NhutNam807\n|raw|Il0VEKAT's rating: 1139 &rarr; <strong>1117</strong><br />(-22 for losing)\n|raw|NhutNam807's rating: 1185 &rarr; <strong>1207</strong><br />(+22 for winning)\n|l|\u2606Il0VEKAT\n|player|p1|\n|j|\u2606Il0VEKAT\n|player|p1|Il0VEKAT|hilda|\n", "uploadtime": 1781416264, "views": 2, "formatid": "gen9randombattle", "rating": 1117, "private": 0, "password": null}