{"id": "gen9randombattle-2631915066", "format": "[Gen 9] Random Battle", "players": ["MiracleEggy", "thatdankcharizard"], "log": "|j|\u203dMiracleEggy\n|j|\u2606thatdankcharizard\n|t:|1781455164\n|gametype|singles\n|player|p1|MiracleEggy|soliera|2065\n|player|p2|thatdankcharizard|266|2058\n|gen|9\n|tier|[Gen 9] Random Battle\n|rated|\n|rule|Species Clause: Limit one of each Pok\u00e9mon\n|rule|HP Percentage Mod: HP is shown in percentages\n|rule|Sleep Clause Mod: Limit one foe put to sleep\n|rule|Illusion Level Mod: Illusion disguises the Pok\u00e9mon's true level\n|\n|t:|1781455164\n|teamsize|p1|6\n|teamsize|p2|6\n|start\n|switch|p1a: Eelektross|Eelektross, L87, M|290/290\n|switch|p2a: Raging Bolt|Raging Bolt, L78|323/323\n|turn|1\n|inactive|Battle timer is ON: inactive players will automatically lose when time's up. (requested by MiracleEggy)\n|inactive|MiracleEggy has 120 seconds left.\n|\n|t:|1781455200\n|switch|p1a: Gogoat|Gogoat, L88, F|360/360\n|move|p2a: Raging Bolt|Calm Mind|p2a: Raging Bolt\n|-boost|p2a: Raging Bolt|spa|1\n|-boost|p2a: Raging Bolt|spd|1\n|\n|upkeep\n|turn|2\n|\n|t:|1781455215\n|move|p1a: Gogoat|Earthquake|p2a: Raging Bolt\n|-supereffective|p2a: Raging Bolt\n|-damage|p2a: Raging Bolt|165/323\n|move|p2a: Raging Bolt|Draco Meteor|p1a: Gogoat\n|-damage|p1a: Gogoat|131/360\n|-unboost|p2a: Raging Bolt|spa|2\n|\n|-heal|p1a: Gogoat|153/360|[from] item: Leftovers\n|-heal|p2a: Raging Bolt|185/323|[from] item: Leftovers\n|upkeep\n|turn|3\n|\n|t:|1781455227\n|-end|p2a: Raging Bolt|Protosynthesis|[silent]\n|switch|p2a: Forretress|Forretress, L84, M|263/263\n|move|p1a: Gogoat|Milk Drink|p1a: Gogoat\n|-heal|p1a: Gogoat|333/360\n|\n|-heal|p1a: Gogoat|355/360|[from] item: Leftovers\n|upkeep\n|turn|4\n|\n|t:|1781455245\n|move|p1a: Gogoat|Earthquake|p2a: Forretress\n|-damage|p2a: Forretress|210/263\n|move|p2a: Forretress|Stealth Rock|p1a: Gogoat\n|-sidestart|p1: MiracleEggy|move: Stealth Rock\n|\n|-heal|p1a: Gogoat|360/360|[from] item: Leftovers\n|-heal|p2a: Forretress|226/263|[from] item: Leftovers\n|upkeep\n|turn|5\n|\n|t:|1781455248\n|switch|p1a: Chandelure|Chandelure, L83, M|235/235\n|move|p2a: Forretress|Thunder Wave|p1a: Chandelure|[miss]\n|-miss|p2a: Forretress|p1a: Chandelure\n|\n|-heal|p2a: Forretress|242/263|[from] item: Leftovers\n|upkeep\n|turn|6\n|\n|t:|1781455272\n|switch|p2a: Phione|Phione, L91|293/293\n|move|p1a: Chandelure|Fire Blast|p2a: Phione\n|-resisted|p2a: Phione\n|-damage|p2a: Phione|212/293\n|\n|-heal|p2a: Phione|230/293|[from] item: Leftovers\n|upkeep\n|turn|7\n|\n|t:|1781455281\n|switch|p1a: Regieleki|Regieleki, L79|256/256\n|-damage|p1a: Regieleki|224/256|[from] Stealth Rock\n|move|p2a: Phione|Scald|p1a: Regieleki\n|-damage|p1a: Regieleki|100/256\n|-status|p1a: Regieleki|brn\n|\n|-heal|p2a: Phione|248/293|[from] item: Leftovers\n|-damage|p1a: Regieleki|84/256 brn|[from] brn\n|upkeep\n|turn|8\n|\n|t:|1781455290\n|switch|p2a: Raging Bolt|Raging Bolt, L78|185/323\n|move|p1a: Regieleki|Volt Switch|p2a: Raging Bolt\n|-resisted|p2a: Raging Bolt\n|-damage|p2a: Raging Bolt|159/323\n|\n|t:|1781455296\n|switch|p1a: Gogoat|Gogoat, L88, F|360/360|[from] Volt Switch\n|-damage|p1a: Gogoat|315/360|[from] Stealth Rock\n|\n|-heal|p1a: Gogoat|337/360|[from] item: Leftovers\n|-heal|p2a: Raging Bolt|179/323|[from] item: Leftovers\n|upkeep\n|turn|9\n|\n|t:|1781455306\n|-end|p2a: Raging Bolt|Protosynthesis|[silent]\n|switch|p2a: Chesnaught|Chesnaught, L84, F|285/285\n|move|p1a: Gogoat|Bulk Up|p1a: Gogoat\n|-boost|p1a: Gogoat|atk|1\n|-boost|p1a: Gogoat|def|1\n|\n|-heal|p1a: Gogoat|359/360|[from] item: Leftovers\n|upkeep\n|turn|10\n|\n|t:|1781455314\n|switch|p1a: Regieleki|Regieleki, L79|84/256 brn\n|-damage|p1a: Regieleki|52/256 brn|[from] Stealth Rock\n|move|p2a: Chesnaught|Knock Off|p1a: Regieleki\n|-damage|p1a: Regieleki|0 fnt\n|-enditem|p1a: Regieleki|Magnet|[from] move: Knock Off|[of] p2a: Chesnaught\n|faint|p1a: Regieleki\n|\n|upkeep\n|\n|t:|1781455322\n|switch|p1a: Chandelure|Chandelure, L83, M|235/235\n|turn|11\n|\n|t:|1781455344\n|move|p1a: Chandelure|Fire Blast|p2a: Chesnaught\n|-supereffective|p2a: Chesnaught\n|-damage|p2a: Chesnaught|0 fnt\n|faint|p2a: Chesnaught\n|\n|upkeep\n|\n|t:|1781455351\n|switch|p2a: Phione|Phione, L91|248/293\n|turn|12\n|inactive|MiracleEggy has 120 seconds left.\n|\n|t:|1781455381\n|switch|p1a: Eelektross|Eelektross, L87, M|290/290\n|-damage|p1a: Eelektross|254/290|[from] Stealth Rock\n|move|p2a: Phione|Scald|p1a: Eelektross\n|-damage|p1a: Eelektross|172/290\n|\n|-heal|p2a: Phione|266/293|[from] item: Leftovers\n|-heal|p1a: Eelektross|190/290|[from] item: Leftovers\n|upkeep\n|turn|13\n|\n|t:|1781455391\n|switch|p2a: Raging Bolt|Raging Bolt, L78|179/323\n|move|p1a: Eelektross|Coil|p1a: Eelektross\n|-boost|p1a: Eelektross|atk|1\n|-boost|p1a: Eelektross|def|1\n|-boost|p1a: Eelektross|accuracy|1\n|\n|-heal|p2a: Raging Bolt|199/323|[from] item: Leftovers\n|-heal|p1a: Eelektross|208/290|[from] item: Leftovers\n|upkeep\n|turn|14\n|\n|t:|1781455398\n|move|p2a: Raging Bolt|Calm Mind|p2a: Raging Bolt\n|-boost|p2a: Raging Bolt|spa|1\n|-boost|p2a: Raging Bolt|spd|1\n|move|p1a: Eelektross|Drain Punch|p2a: Raging Bolt\n|-damage|p2a: Raging Bolt|91/323\n|-heal|p1a: Eelektross|262/290|[from] drain|[of] p2a: Raging Bolt\n|\n|-heal|p2a: Raging Bolt|111/323|[from] item: Leftovers\n|-heal|p1a: Eelektross|280/290|[from] item: Leftovers\n|upkeep\n|turn|15\n|\n|t:|1781455404\n|move|p2a: Raging Bolt|Draco Meteor|p1a: Eelektross\n|-damage|p1a: Eelektross|30/290\n|-unboost|p2a: Raging Bolt|spa|2\n|move|p1a: Eelektross|Drain Punch|p2a: Raging Bolt\n|-damage|p2a: Raging Bolt|16/323\n|-heal|p1a: Eelektross|78/290|[from] drain|[of] p2a: Raging Bolt\n|\n|-heal|p2a: Raging Bolt|36/323|[from] item: Leftovers\n|-heal|p1a: Eelektross|96/290|[from] item: Leftovers\n|upkeep\n|turn|16\n|\n|t:|1781455433\n|move|p2a: Raging Bolt|Draco Meteor|p1a: Eelektross\n|-damage|p1a: Eelektross|0 fnt\n|-unboost|p2a: Raging Bolt|spa|2\n|faint|p1a: Eelektross\n|\n|-heal|p2a: Raging Bolt|56/323|[from] item: Leftovers\n|upkeep\n|\n|t:|1781455440\n|switch|p1a: Chandelure|Chandelure, L83, M|235/235\n|turn|17\n|\n|t:|1781455463\n|move|p1a: Chandelure|Calm Mind|p1a: Chandelure\n|-boost|p1a: Chandelure|spa|1\n|-boost|p1a: Chandelure|spd|1\n|move|p2a: Raging Bolt|Thunderbolt|p1a: Chandelure\n|-damage|p1a: Chandelure|207/235\n|\n|-heal|p2a: Raging Bolt|76/323|[from] item: Leftovers\n|upkeep\n|turn|18\n|\n|t:|1781455474\n|move|p1a: Chandelure|Calm Mind|p1a: Chandelure\n|-boost|p1a: Chandelure|spa|1\n|-boost|p1a: Chandelure|spd|1\n|move|p2a: Raging Bolt|Calm Mind|p2a: Raging Bolt\n|-boost|p2a: Raging Bolt|spa|1\n|-boost|p2a: Raging Bolt|spd|1\n|\n|-heal|p2a: Raging Bolt|96/323|[from] item: Leftovers\n|upkeep\n|turn|19\n|\n|t:|1781455479\n|move|p1a: Chandelure|Calm Mind|p1a: Chandelure\n|-boost|p1a: Chandelure|spa|1\n|-boost|p1a: Chandelure|spd|1\n|move|p2a: Raging Bolt|Calm Mind|p2a: Raging Bolt\n|-boost|p2a: Raging Bolt|spa|1\n|-boost|p2a: Raging Bolt|spd|1\n|\n|-heal|p2a: Raging Bolt|116/323|[from] item: Leftovers\n|upkeep\n|turn|20\n|\n|t:|1781455483\n|move|p1a: Chandelure|Shadow Ball|p2a: Raging Bolt\n|-damage|p2a: Raging Bolt|0 fnt\n|faint|p2a: Raging Bolt\n|-end|p2a: Raging Bolt|Protosynthesis|[silent]\n|\n|upkeep\n|\n|t:|1781455486\n|switch|p2a: Rampardos|Rampardos, L90, M|321/321\n|turn|21\n|\n|t:|1781455505\n|switch|p1a: Gogoat|Gogoat, L88, F|359/360\n|-damage|p1a: Gogoat|314/360|[from] Stealth Rock\n|move|p2a: Rampardos|Rock Slide|p1a: Gogoat\n|-damage|p1a: Gogoat|80/360\n|\n|-heal|p1a: Gogoat|102/360|[from] item: Leftovers\n|upkeep\n|turn|22\n|\n|t:|1781455509\n|move|p2a: Rampardos|Rock Slide|p1a: Gogoat|[miss]\n|-miss|p2a: Rampardos|p1a: Gogoat\n|move|p1a: Gogoat|Horn Leech|p2a: Rampardos\n|-supereffective|p2a: Rampardos\n|-damage|p2a: Rampardos|105/321\n|-heal|p1a: Gogoat|210/360|[from] drain|[of] p2a: Rampardos\n|\n|-heal|p1a: Gogoat|232/360|[from] item: Leftovers\n|upkeep\n|turn|23\n|\n|t:|1781455518\n|move|p2a: Rampardos|Rock Slide|p1a: Gogoat|[miss]\n|-miss|p2a: Rampardos|p1a: Gogoat\n|move|p1a: Gogoat|Horn Leech|p2a: Rampardos\n|-supereffective|p2a: Rampardos\n|-damage|p2a: Rampardos|0 fnt\n|-heal|p1a: Gogoat|285/360|[from] drain|[of] p2a: Rampardos\n|faint|p2a: Rampardos\n|\n|-heal|p1a: Gogoat|307/360|[from] item: Leftovers\n|upkeep\n|\n|t:|1781455523\n|switch|p2a: Typhlosion|Typhlosion, L84, M|267/267\n|turn|24\n|inactive|MiracleEggy has 120 seconds left.\n|\n|t:|1781455563\n|switch|p1a: Chandelure|Chandelure, L83, M|207/235\n|move|p2a: Typhlosion|Eruption|p1a: Chandelure\n|-start|p1a: Chandelure|ability: Flash Fire\n|\n|upkeep\n|turn|25\n|inactive|MiracleEggy has 120 seconds left.\n|\n|t:|1781455568\n|switch|p2a: Phione|Phione, L91|266/293\n|move|p1a: Chandelure|Calm Mind|p1a: Chandelure\n|-boost|p1a: Chandelure|spa|1\n|-boost|p1a: Chandelure|spd|1\n|\n|-heal|p2a: Phione|284/293|[from] item: Leftovers\n|upkeep\n|turn|26\n|\n|t:|1781455578\n|-terastallize|p1a: Chandelure|Ghost\n|move|p2a: Phione|Scald|p1a: Chandelure\n|-damage|p1a: Chandelure|146/235\n|-status|p1a: Chandelure|brn\n|move|p1a: Chandelure|Calm Mind|p1a: Chandelure\n|-boost|p1a: Chandelure|spa|1\n|-boost|p1a: Chandelure|spd|1\n|\n|-heal|p2a: Phione|293/293|[from] item: Leftovers\n|-damage|p1a: Chandelure|132/235 brn|[from] brn\n|upkeep\n|turn|27\n|\n|t:|1781455592\n|move|p2a: Phione|Take Heart|p2a: Phione\n|-boost|p2a: Phione|spa|1\n|-boost|p2a: Phione|spd|1\n|move|p1a: Chandelure|Shadow Ball|p2a: Phione\n|-damage|p2a: Phione|89/293\n|\n|-heal|p2a: Phione|107/293|[from] item: Leftovers\n|-damage|p1a: Chandelure|118/235 brn|[from] brn\n|upkeep\n|turn|28\n|\n|t:|1781455606\n|move|p2a: Phione|Scald|p1a: Chandelure\n|-damage|p1a: Chandelure|60/235 brn\n|move|p1a: Chandelure|Shadow Ball|p2a: Phione\n|-damage|p2a: Phione|0 fnt\n|faint|p2a: Phione\n|\n|-damage|p1a: Chandelure|46/235 brn|[from] brn\n|upkeep\n|\n|t:|1781455611\n|switch|p2a: Typhlosion|Typhlosion, L84, M|267/267\n|turn|29\n|\n|t:|1781455616\n|move|p2a: Typhlosion|Scorching Sands|p1a: Chandelure\n|-damage|p1a: Chandelure|18/235 brn\n|move|p1a: Chandelure|Shadow Ball|p2a: Typhlosion\n|-damage|p2a: Typhlosion|0 fnt\n|faint|p2a: Typhlosion\n|\n|-damage|p1a: Chandelure|4/235 brn|[from] brn\n|upkeep\n|\n|t:|1781455619\n|switch|p2a: Forretress|Forretress, L84, M|242/263\n|turn|30\n|\n|t:|1781455627\n|-terastallize|p2a: Forretress|Water\n|move|p1a: Chandelure|Shadow Ball|p2a: Forretress\n|-damage|p2a: Forretress|0 fnt\n|faint|p2a: Forretress\n|\n|win|MiracleEggy\n", "inputlog": ">version a8376a258c1d4662feba110a92103f3664a72141\n>start {\"formatid\":\"gen9randombattle\",\"seed\":\"sodium,cebb1d684e0831ea23fd373b3311124a\",\"rated\":\"Rated battle\"}\n>player p1 {\"name\":\"MiracleEggy\",\"avatar\":\"soliera\",\"rating\":2065,\"seed\":\"sodium,cf0be1eda423e221f11e3b12a31dffed\"}\n>player p2 {\"name\":\"thatdankcharizard\",\"avatar\":\"266\",\"rating\":2058,\"seed\":\"sodium,327df42163f2e667a4e5a9259c8949cb\"}\n>p1 switch 4\n>p2 move calmmind\n>p1 move earthquake\n>p2 move dracometeor\n>p1 move milkdrink\n>p2 switch 5\n>p1 move earthquake\n>p2 move stealthrock\n>p1 switch 5\n>p2 move thunderwave\n>p1 move fireblast\n>p2 switch 2\n>p1 switch 3\n>p2 move scald\n>p1 move voltswitch\n>p2 switch 5\n>p1 switch 5\n>p1 move bulkup\n>p2 switch 3\n>p1 switch 5\n>p2 move knockoff\n>p1 switch 3\n>p1 move fireblast\n>p2 move knockoff\n>p2 switch 5\n>p1 switch 4\n>p2 move scald\n>p1 move coil\n>p2 switch 3\n>p1 move drainpunch\n>p2 move calmmind\n>p1 move drainpunch\n>p2 move dracometeor\n>p1 move drainpunch\n>p2 move dracometeor\n>p1 switch 4\n>p1 move calmmind\n>p2 move thunderbolt\n>p1 move calmmind\n>p2 move calmmind\n>p1 move calmmind\n>p2 move calmmind\n>p1 move shadowball\n>p2 move calmmind\n>p2 switch 4\n>p1 switch 5\n>p2 move rockslide\n>p1 move hornleech\n>p2 move rockslide\n>p1 move hornleech\n>p2 move rockslide\n>p2 switch 6\n>p1 switch 5\n>p2 move eruption\n>p1 move calmmind\n>p2 switch 3\n>p1 move calmmind terastallize\n>p2 move scald\n>p1 move shadowball\n>p2 move takeheart\n>p1 move shadowball\n>p2 move scald\n>p2 switch 3\n>p1 move shadowball\n>p2 move scorchingsands\n>p2 switch 2\n>p1 move shadowball\n>p2 move thunderwave terastallize", "uploadtime": 1781455166, "views": 5, "formatid": "gen9randombattle", "rating": null, "private": 0, "password": null}