{"id": "gen9randombattle-2631462938", "format": "[Gen 9] Random Battle", "players": ["Arayze", "balilou"], "log": "|j|\u203dArayze\n|j|\u2606balilou\n|t:|1781387745\n|gametype|singles\n|player|p1|Arayze|flint|1903\n|player|p2|balilou|169|1916\n|gen|9\n|tier|[Gen 9] Random Battle\n|rated|\n|rule|Species Clause: Limit one of each Pok\u00e9mon\n|rule|HP Percentage Mod: HP is shown in percentages\n|rule|Sleep Clause Mod: Limit one foe put to sleep\n|rule|Illusion Level Mod: Illusion disguises the Pok\u00e9mon's true level\n|\n|t:|1781387745\n|teamsize|p1|6\n|teamsize|p2|6\n|start\n|switch|p1a: Regieleki|Regieleki, L79|256/256\n|switch|p2a: Quagsire|Quagsire, L84, F|297/297\n|turn|1\n|inactive|Battle timer is ON: inactive players will automatically lose when time's up. (requested by Arayze)\n|\n|t:|1781387758\n|switch|p1a: Hitmonchan|Hitmonchan, L87, M|229/229\n|move|p2a: Quagsire|Toxic|p1a: Hitmonchan|[miss]\n|-miss|p2a: Quagsire|p1a: Hitmonchan\n|\n|upkeep\n|turn|2\n|\n|t:|1781387762\n|move|p1a: Hitmonchan|Taunt|p2a: Quagsire\n|-start|p2a: Quagsire|move: Taunt\n|move|p2a: Quagsire|Earthquake|p1a: Hitmonchan\n|-crit|p1a: Hitmonchan\n|-damage|p1a: Hitmonchan|70/229\n|\n|-heal|p1a: Hitmonchan|84/229|[from] item: Leftovers\n|upkeep\n|turn|3\n|\n|t:|1781387769\n|move|p1a: Hitmonchan|Drain Punch|p2a: Quagsire\n|-damage|p2a: Quagsire|195/297\n|-heal|p1a: Hitmonchan|135/229|[from] drain|[of] p2a: Quagsire\n|move|p2a: Quagsire|Earthquake|p1a: Hitmonchan\n|-damage|p1a: Hitmonchan|42/229\n|\n|-heal|p1a: Hitmonchan|56/229|[from] item: Leftovers\n|-heal|p2a: Quagsire|213/297|[from] item: Leftovers\n|upkeep\n|turn|4\n|\n|t:|1781387773\n|move|p1a: Hitmonchan|Drain Punch|p2a: Quagsire\n|-damage|p2a: Quagsire|98/297\n|-heal|p1a: Hitmonchan|114/229|[from] drain|[of] p2a: Quagsire\n|move|p2a: Quagsire|Earthquake|p1a: Hitmonchan\n|-crit|p1a: Hitmonchan\n|-damage|p1a: Hitmonchan|0 fnt\n|faint|p1a: Hitmonchan\n|\n|-heal|p2a: Quagsire|116/297|[from] item: Leftovers\n|-end|p2a: Quagsire|move: Taunt\n|upkeep\n|\n|t:|1781387780\n|switch|p1a: Serperior|Serperior, L79, M|248/248\n|turn|5\n|\n|t:|1781387785\n|switch|p2a: Leavanny|Leavanny, L86, F|269/269\n|move|p1a: Serperior|Substitute|p1a: Serperior\n|-start|p1a: Serperior|Substitute\n|-damage|p1a: Serperior|186/248\n|\n|-heal|p1a: Serperior|201/248|[from] item: Leftovers\n|upkeep\n|turn|6\n|\n|t:|1781387791\n|move|p1a: Serperior|Leaf Storm|p2a: Leavanny|[miss]\n|-miss|p1a: Serperior|p2a: Leavanny\n|move|p2a: Leavanny|Sticky Web|p1a: Serperior\n|-sidestart|p1: Arayze|move: Sticky Web\n|\n|-heal|p1a: Serperior|216/248|[from] item: Leftovers\n|upkeep\n|turn|7\n|\n|t:|1781387794\n|move|p1a: Serperior|Leaf Storm|p2a: Leavanny\n|-resisted|p2a: Leavanny\n|-damage|p2a: Leavanny|245/269\n|-boost|p1a: Serperior|spa|2\n|move|p2a: Leavanny|Triple Axel|p1a: Serperior\n|-supereffective|p1a: Serperior\n|-activate|p1a: Serperior|move: Substitute|[damage]\n|-supereffective|p1a: Serperior\n|-end|p1a: Serperior|Substitute\n|-supereffective|p1a: Serperior\n|-damage|p1a: Serperior|126/248\n|-hitcount|p1a: Serperior|3\n|\n|-heal|p1a: Serperior|141/248|[from] item: Leftovers\n|upkeep\n|turn|8\n|\n|t:|1781387800\n|-terastallize|p1a: Serperior|Water\n|move|p1a: Serperior|Dragon Pulse|p2a: Leavanny\n|-damage|p2a: Leavanny|152/269\n|move|p2a: Leavanny|Triple Axel|p1a: Serperior|[miss]\n|-miss|p2a: Leavanny|p1a: Serperior\n|\n|-heal|p1a: Serperior|156/248|[from] item: Leftovers\n|upkeep\n|turn|9\n|\n|t:|1781387807\n|move|p1a: Serperior|Leaf Storm|p2a: Leavanny|[miss]\n|-miss|p1a: Serperior|p2a: Leavanny\n|move|p2a: Leavanny|Bullet Seed|p1a: Serperior\n|-supereffective|p1a: Serperior\n|-damage|p1a: Serperior|100/248\n|-supereffective|p1a: Serperior\n|-damage|p1a: Serperior|46/248\n|-supereffective|p1a: Serperior\n|-damage|p1a: Serperior|0 fnt\n|faint|p1a: Serperior\n|-hitcount|p1: Serperior|3\n|\n|upkeep\n|\n|t:|1781387817\n|switch|p1a: Oricorio|Oricorio-Pom-Pom, L82, F|257/257\n|turn|10\n|\n|t:|1781387823\n|move|p2a: Leavanny|Triple Axel|p1a: Oricorio|[miss]\n|-miss|p2a: Leavanny|p1a: Oricorio\n|move|p1a: Oricorio|Quiver Dance|p1a: Oricorio\n|-boost|p1a: Oricorio|spa|1\n|-boost|p1a: Oricorio|spd|1\n|-boost|p1a: Oricorio|spe|1\n|\n|upkeep\n|turn|11\n|\n|t:|1781387828\n|move|p1a: Oricorio|Hurricane|p2a: Leavanny\n|-supereffective|p2a: Leavanny\n|-damage|p2a: Leavanny|0 fnt\n|faint|p2a: Leavanny\n|\n|upkeep\n|\n|t:|1781387835\n|switch|p2a: Grumpig|Grumpig, L92, F|297/297\n|turn|12\n|\n|t:|1781387842\n|move|p1a: Oricorio|Revelation Dance|p2a: Grumpig\n|-damage|p2a: Grumpig|191/297\n|move|p2a: Grumpig|Nasty Plot|p2a: Grumpig\n|-boost|p2a: Grumpig|spa|2\n|\n|-heal|p2a: Grumpig|209/297|[from] item: Leftovers\n|upkeep\n|turn|13\n|\n|t:|1781387846\n|move|p1a: Oricorio|Hurricane|p2a: Grumpig\n|-damage|p2a: Grumpig|88/297\n|move|p2a: Grumpig|Psyshock|p1a: Oricorio\n|-damage|p1a: Oricorio|17/257\n|\n|-heal|p2a: Grumpig|106/297|[from] item: Leftovers\n|upkeep\n|turn|14\n|\n|t:|1781387858\n|move|p1a: Oricorio|Hurricane|p2a: Grumpig|[miss]\n|-miss|p1a: Oricorio|p2a: Grumpig\n|move|p2a: Grumpig|Psyshock|p1a: Oricorio\n|-damage|p1a: Oricorio|0 fnt\n|faint|p1a: Oricorio\n|\n|-heal|p2a: Grumpig|124/297|[from] item: Leftovers\n|upkeep\n|\n|t:|1781387862\n|switch|p1a: Regieleki|Regieleki, L79|256/256\n|-activate|p1a: Regieleki|move: Sticky Web\n|-unboost|p1a: Regieleki|spe|1\n|turn|15\n|\n|t:|1781387868\n|move|p1a: Regieleki|Rapid Spin|p2a: Grumpig\n|-damage|p2a: Grumpig|83/297\n|-boost|p1a: Regieleki|spe|1\n|-sideend|p1: Arayze|Sticky Web|[from] move: Rapid Spin|[of] p1a: Regieleki\n|move|p2a: Grumpig|Earth Power|p1a: Regieleki\n|-supereffective|p1a: Regieleki\n|-damage|p1a: Regieleki|0 fnt\n|faint|p1a: Regieleki\n|\n|-heal|p2a: Grumpig|101/297|[from] item: Leftovers\n|upkeep\n|\n|t:|1781387874\n|switch|p1a: Urshifu|Urshifu-Rapid-Strike, L75, F|274/274\n|turn|16\n|\n|t:|1781387879\n|move|p2a: Grumpig|Earth Power|p1a: Urshifu\n|-damage|p1a: Urshifu|64/274\n|move|p1a: Urshifu|Surging Strikes|p2a: Grumpig\n|-crit|p2a: Grumpig\n|-damage|p2a: Grumpig|31/297\n|-crit|p2a: Grumpig\n|-damage|p2a: Grumpig|0 fnt\n|faint|p2a: Grumpig\n|-hitcount|p2: Grumpig|2\n|\n|upkeep\n|\n|t:|1781387891\n|switch|p2a: Tornadus|Tornadus, L82, M|263/263\n|turn|17\n|\n|t:|1781387896\n|switch|p1a: Regice|Regice, L88|284/284\n|move|p2a: Tornadus|Grass Knot|p1a: Regice\n|-damage|p1a: Regice|227/284\n|\n|upkeep\n|turn|18\n|\n|t:|1781387902\n|switch|p2a: Quagsire|Quagsire, L84, F|116/297\n|move|p1a: Regice|Thunder Wave|p2a: Quagsire\n|-immune|p2a: Quagsire\n|\n|-heal|p2a: Quagsire|134/297|[from] item: Leftovers\n|upkeep\n|turn|19\n|\n|t:|1781387907\n|move|p1a: Regice|Ice Beam|p2a: Quagsire\n|-damage|p2a: Quagsire|1/297\n|move|p2a: Quagsire|Toxic|p1a: Regice\n|-status|p1a: Regice|tox\n|\n|-heal|p2a: Quagsire|19/297|[from] item: Leftovers\n|-damage|p1a: Regice|210/284 tox|[from] psn\n|upkeep\n|turn|20\n|\n|t:|1781387912\n|move|p1a: Regice|Ice Beam|p2a: Quagsire\n|-damage|p2a: Quagsire|0 fnt\n|faint|p2a: Quagsire\n|\n|-damage|p1a: Regice|176/284 tox|[from] psn\n|upkeep\n|\n|t:|1781387920\n|switch|p2a: Klefki|Klefki, L84, F|233/233\n|turn|21\n|\n|t:|1781387927\n|move|p2a: Klefki|Spikes|p1a: Regice\n|-sidestart|p1: Arayze|Spikes\n|move|p1a: Regice|Thunder Wave|p2a: Klefki\n|-status|p2a: Klefki|par\n|\n|-damage|p1a: Regice|125/284 tox|[from] psn\n|upkeep\n|turn|22\n|\n|t:|1781387930\n|cant|p2a: Klefki|par\n|move|p1a: Regice|Thunderbolt|p2a: Klefki\n|-damage|p2a: Klefki|158/233 par\n|\n|-heal|p2a: Klefki|172/233 par|[from] item: Leftovers\n|-damage|p1a: Regice|57/284 tox|[from] psn\n|upkeep\n|turn|23\n|\n|t:|1781387934\n|move|p2a: Klefki|Spikes|p1a: Regice\n|-sidestart|p1: Arayze|Spikes\n|move|p1a: Regice|Thunderbolt|p2a: Klefki\n|-damage|p2a: Klefki|98/233 par\n|\n|-heal|p2a: Klefki|112/233 par|[from] item: Leftovers\n|-damage|p1a: Regice|0 fnt|[from] psn\n|faint|p1a: Regice\n|upkeep\n|\n|t:|1781387937\n|switch|p1a: Urshifu|Urshifu-Rapid-Strike, L75, F|64/274\n|-damage|p1a: Urshifu|19/274|[from] Spikes\n|turn|24\n|\n|t:|1781387941\n|move|p1a: Urshifu|Aqua Jet|p2a: Klefki\n|-damage|p2a: Klefki|48/233 par\n|move|p2a: Klefki|Thunder Wave|p1a: Urshifu\n|-status|p1a: Urshifu|par\n|\n|-heal|p2a: Klefki|62/233 par|[from] item: Leftovers\n|upkeep\n|turn|25\n|\n|t:|1781387945\n|move|p1a: Urshifu|Aqua Jet|p2a: Klefki\n|-damage|p2a: Klefki|2/233 par\n|move|p2a: Klefki|Dazzling Gleam|p1a: Urshifu\n|-supereffective|p1a: Urshifu\n|-damage|p1a: Urshifu|0 fnt\n|faint|p1a: Urshifu\n|\n|win|balilou\n", "inputlog": ">version a8376a258c1d4662feba110a92103f3664a72141\n>start {\"formatid\":\"gen9randombattle\",\"seed\":\"sodium,ae10c79619c64d25f950514182804ce7\",\"rated\":\"Rated battle\"}\n>player p1 {\"name\":\"Arayze\",\"avatar\":\"flint\",\"rating\":1903,\"seed\":\"sodium,1cf2570082a175f5e0620029b24bbeea\"}\n>player p2 {\"name\":\"balilou\",\"avatar\":\"169\",\"rating\":1916,\"seed\":\"sodium,4b88f4edd2f0d267a174ee22be95faf1\"}\n>p1 switch 4\n>p2 move toxic\n>p1 move taunt\n>p2 move earthquake\n>p1 move drainpunch\n>p2 move earthquake\n>p1 move drainpunch\n>p2 move earthquake\n>p1 switch 2\n>p1 move substitute\n>p2 switch 2\n>p1 move leafstorm\n>p2 move stickyweb\n>p1 move leafstorm\n>p2 move tripleaxel\n>p1 move dragonpulse terastallize\n>p2 move tripleaxel\n>p1 move leafstorm\n>p2 move bulletseed\n>p1 switch 5\n>p1 move quiverdance\n>p2 move tripleaxel\n>p1 move hurricane\n>p2 move tripleaxel\n>p2 switch 5\n>p1 move revelationdance\n>p2 move nastyplot\n>p1 move hurricane\n>p2 move psyshock\n>p1 move hurricane\n>p2 move psyshock\n>p1 switch 4\n>p1 move rapidspin\n>p2 move earthpower\n>p1 switch 3\n>p1 move surgingstrikes\n>p2 move earthpower\n>p2 switch 3\n>p1 switch 6\n>p2 move grassknot\n>p1 move thunderwave\n>p2 switch 2\n>p1 move icebeam\n>p2 move toxic\n>p1 move icebeam\n>p2 move recover\n>p2 switch 6\n>p1 move thunderwave\n>p2 move spikes\n>p1 move thunderbolt\n>p2 move spikes\n>p1 move thunderbolt\n>p2 move spikes\n>p1 switch 6\n>p1 move aquajet\n>p2 move thunderwave\n>p1 move aquajet\n>p2 move dazzlinggleam", "uploadtime": 1781387746, "views": 8, "formatid": "gen9randombattle", "rating": null, "private": 0, "password": null}