{"id": "gen9randombattle-2631992335", "format": "[Gen 9] Random Battle", "players": ["titofer", "nickolassbomfim"], "log": "|j|\u2606titofer\n|j|\u2606nickolassbomfim\n|t:|1781463643\n|gametype|singles\n|player|p1|titofer|169|1971\n|player|p2|nickolassbomfim|red-masters|1979\n|gen|9\n|tier|[Gen 9] Random Battle\n|rated|\n|rule|Species Clause: Limit one of each Pok\u00e9mon\n|rule|HP Percentage Mod: HP is shown in percentages\n|rule|Sleep Clause Mod: Limit one foe put to sleep\n|rule|Illusion Level Mod: Illusion disguises the Pok\u00e9mon's true level\n|\n|t:|1781463643\n|teamsize|p1|6\n|teamsize|p2|6\n|start\n|switch|p1a: Copperajah|Copperajah, L86, F|350/350\n|switch|p2a: Glimmora|Glimmora, L75, M|248/248\n|turn|1\n|inactive|Battle timer is ON: inactive players will automatically lose when time's up. (requested by nickolassbomfim)\n|\n|t:|1781463664\n|move|p2a: Glimmora|Earth Power|p1a: Copperajah\n|-supereffective|p1a: Copperajah\n|-damage|p1a: Copperajah|208/350\n|move|p1a: Copperajah|Iron Head|p2a: Glimmora\n|-supereffective|p2a: Glimmora\n|-damage|p2a: Glimmora|0 fnt\n|-activate|p2a: Glimmora|ability: Toxic Debris\n|-sidestart|p1: titofer|move: Toxic Spikes\n|faint|p2a: Glimmora\n|\n|upkeep\n|\n|t:|1781463668\n|switch|p2a: Mamoswine|Mamoswine, L81, F|311/311\n|turn|2\n|inactive|titofer has 120 seconds left.\n|\n|t:|1781463707\n|move|p2a: Mamoswine|Earthquake|p1a: Copperajah\n|-supereffective|p1a: Copperajah\n|-damage|p1a: Copperajah|0 fnt\n|faint|p1a: Copperajah\n|\n|upkeep\n|\n|t:|1781463710\n|switch|p1a: Salazzle|Salazzle, L83, F|249/249\n|-sideend|p1: titofer|move: Toxic Spikes|[of] p1a: Salazzle\n|turn|3\n|\n|t:|1781463718\n|switch|p1a: Breloom|Breloom, L83, F|235/235\n|move|p2a: Mamoswine|Earthquake|p1a: Breloom\n|-resisted|p1a: Breloom\n|-damage|p1a: Breloom|125/235\n|\n|upkeep\n|turn|4\n|\n|t:|1781463736\n|switch|p2a: Zarude|Zarude-Dada, L77|288/288\n|move|p1a: Breloom|Bullet Seed|p2a: Zarude\n|-resisted|p2a: Zarude\n|-damage|p2a: Zarude|259/288\n|-resisted|p2a: Zarude\n|-damage|p2a: Zarude|228/288\n|-resisted|p2a: Zarude\n|-damage|p2a: Zarude|197/288\n|-hitcount|p2a: Zarude|3\n|-damage|p1a: Breloom|102/235|[from] item: Life Orb\n|\n|upkeep\n|turn|5\n|\n|t:|1781463741\n|move|p1a: Breloom|Mach Punch|p2a: Zarude\n|-supereffective|p2a: Zarude\n|-damage|p2a: Zarude|15/288\n|-damage|p1a: Breloom|79/235|[from] item: Life Orb\n|move|p2a: Zarude|Close Combat|p1a: Breloom\n|-damage|p1a: Breloom|0 fnt\n|-unboost|p2a: Zarude|def|1\n|-unboost|p2a: Zarude|spd|1\n|faint|p1a: Breloom\n|\n|upkeep\n|\n|t:|1781463746\n|switch|p1a: Salazzle|Salazzle, L83, F|249/249\n|turn|6\n|\n|t:|1781463752\n|move|p2a: Zarude|Close Combat|p1a: Salazzle\n|-resisted|p1a: Salazzle\n|-damage|p1a: Salazzle|190/249\n|-unboost|p2a: Zarude|def|1\n|-unboost|p2a: Zarude|spd|1\n|move|p1a: Salazzle|Flamethrower|p2a: Zarude\n|-supereffective|p2a: Zarude\n|-damage|p2a: Zarude|0 fnt\n|faint|p2a: Zarude\n|\n|-heal|p1a: Salazzle|205/249|[from] item: Leftovers\n|upkeep\n|\n|t:|1781463756\n|switch|p2a: Regidrago|Regidrago, L77|435/435\n|turn|7\n|\n|t:|1781463763\n|move|p1a: Salazzle|Toxic|p2a: Regidrago\n|-status|p2a: Regidrago|tox\n|-enditem|p2a: Regidrago|Lum Berry|[eat]\n|-curestatus|p2a: Regidrago|tox|[msg]\n|move|p2a: Regidrago|Dragon Dance|p2a: Regidrago\n|-boost|p2a: Regidrago|atk|1\n|-boost|p2a: Regidrago|spe|1\n|\n|-heal|p1a: Salazzle|220/249|[from] item: Leftovers\n|upkeep\n|turn|8\n|\n|t:|1781463772\n|switch|p1a: Dunsparce|Dunsparce, L86, F|312/312\n|move|p2a: Regidrago|Outrage|p1a: Dunsparce\n|-damage|p1a: Dunsparce|138/312\n|\n|upkeep\n|turn|9\n|\n|t:|1781463776\n|move|p2a: Regidrago|Outrage|p1a: Dunsparce|[from] lockedmove\n|-damage|p1a: Dunsparce|0 fnt\n|faint|p1a: Dunsparce\n|-start|p2a: Regidrago|confusion|[fatigue]\n|\n|upkeep\n|\n|t:|1781463778\n|switch|p1a: Cetitan|Cetitan, L82, F|412/412\n|turn|10\n|\n|t:|1781463788\n|-terastallize|p2a: Regidrago|Dragon\n|-activate|p2a: Regidrago|confusion\n|-damage|p2a: Regidrago|378/435|[from] confusion\n|move|p1a: Cetitan|Ice Spinner|p2a: Regidrago\n|-supereffective|p2a: Regidrago\n|-damage|p2a: Regidrago|96/435\n|\n|upkeep\n|turn|11\n|\n|t:|1781463793\n|move|p1a: Cetitan|Ice Shard|p2a: Regidrago\n|-supereffective|p2a: Regidrago\n|-damage|p2a: Regidrago|0 fnt\n|faint|p2a: Regidrago\n|\n|upkeep\n|\n|t:|1781463795\n|switch|p2a: Hitmonchan|Hitmonchan, L87, M|229/229\n|turn|12\n|\n|t:|1781463805\n|switch|p1a: Salazzle|Salazzle, L83, F|220/249\n|move|p2a: Hitmonchan|Drain Punch|p1a: Salazzle\n|-resisted|p1a: Salazzle\n|-damage|p1a: Salazzle|145/249\n|\n|-heal|p1a: Salazzle|160/249|[from] item: Leftovers\n|upkeep\n|turn|13\n|\n|t:|1781463807\n|move|p1a: Salazzle|Toxic|p2a: Hitmonchan\n|-status|p2a: Hitmonchan|tox\n|move|p2a: Hitmonchan|Rapid Spin|p1a: Salazzle\n|-damage|p1a: Salazzle|102/249\n|-boost|p2a: Hitmonchan|spe|1\n|\n|-heal|p1a: Salazzle|117/249|[from] item: Leftovers\n|-damage|p2a: Hitmonchan|215/229 tox|[from] psn\n|upkeep\n|turn|14\n|\n|t:|1781463813\n|move|p2a: Hitmonchan|Knock Off|p1a: Salazzle\n|-damage|p1a: Salazzle|18/249\n|-enditem|p1a: Salazzle|Leftovers|[from] move: Knock Off|[of] p2a: Hitmonchan\n|move|p1a: Salazzle|Flamethrower|p2a: Hitmonchan\n|-damage|p2a: Hitmonchan|128/229 tox\n|\n|-heal|p2a: Hitmonchan|142/229 tox|[from] item: Leftovers\n|-damage|p2a: Hitmonchan|114/229 tox|[from] psn\n|upkeep\n|turn|15\n|\n|t:|1781463822\n|move|p1a: Salazzle|Protect|p1a: Salazzle\n|-singleturn|p1a: Salazzle|Protect\n|move|p2a: Hitmonchan|Rapid Spin|p1a: Salazzle\n|-activate|p1a: Salazzle|move: Protect\n|\n|-heal|p2a: Hitmonchan|128/229 tox|[from] item: Leftovers\n|-damage|p2a: Hitmonchan|86/229 tox|[from] psn\n|upkeep\n|turn|16\n|\n|t:|1781463827\n|move|p1a: Salazzle|Protect|p1a: Salazzle\n|-singleturn|p1a: Salazzle|Protect\n|move|p2a: Hitmonchan|Rapid Spin|p1a: Salazzle\n|-activate|p1a: Salazzle|move: Protect\n|\n|-heal|p2a: Hitmonchan|100/229 tox|[from] item: Leftovers\n|-damage|p2a: Hitmonchan|44/229 tox|[from] psn\n|upkeep\n|turn|17\n|\n|t:|1781463836\n|move|p2a: Hitmonchan|Drain Punch|p1a: Salazzle\n|-resisted|p1a: Salazzle\n|-damage|p1a: Salazzle|0 fnt\n|-heal|p2a: Hitmonchan|53/229 tox|[from] drain|[of] p1a: Salazzle\n|faint|p1a: Salazzle\n|\n|-heal|p2a: Hitmonchan|67/229 tox|[from] item: Leftovers\n|-damage|p2a: Hitmonchan|0 fnt|[from] psn\n|faint|p2a: Hitmonchan\n|upkeep\n|\n|t:|1781463843\n|switch|p1a: Gallade|Gallade, L80, M|240/240\n|switch|p2a: Mamoswine|Mamoswine, L81, F|311/311\n|turn|18\n|\n|t:|1781463848\n|move|p2a: Mamoswine|Earthquake|p1a: Gallade\n|-damage|p1a: Gallade|17/240\n|move|p1a: Gallade|Sacred Sword|p2a: Mamoswine\n|-supereffective|p2a: Mamoswine\n|-damage|p2a: Mamoswine|0 fnt\n|faint|p2a: Mamoswine\n|-damage|p1a: Gallade|0 fnt|[from] item: Life Orb\n|faint|p1a: Gallade\n|\n|upkeep\n|\n|t:|1781463852\n|switch|p2a: Garganacl|Garganacl, L80, F|291/291\n|switch|p1a: Cetitan|Cetitan, L82, F|412/412\n|turn|19\n|\n|t:|1781463858\n|move|p1a: Cetitan|Belly Drum|p1a: Cetitan\n|-damage|p1a: Cetitan|206/412\n|-setboost|p1a: Cetitan|atk|6|[from] move: Belly Drum\n|-enditem|p1a: Cetitan|Sitrus Berry|[eat]\n|-heal|p1a: Cetitan|309/412|[from] item: Sitrus Berry\n|move|p2a: Garganacl|Iron Defense|p2a: Garganacl\n|-boost|p2a: Garganacl|def|2\n|\n|upkeep\n|turn|20\n|\n|t:|1781463861\n|move|p1a: Cetitan|Earthquake|p2a: Garganacl\n|-supereffective|p2a: Garganacl\n|-damage|p2a: Garganacl|71/291\n|move|p2a: Garganacl|Body Press|p1a: Cetitan\n|-supereffective|p1a: Cetitan\n|-damage|p1a: Cetitan|0 fnt\n|faint|p1a: Cetitan\n|\n|win|nickolassbomfim\n", "inputlog": ">version a8376a258c1d4662feba110a92103f3664a72141\n>start {\"formatid\":\"gen9randombattle\",\"seed\":\"sodium,6b7355e06b0a43e6546aa0628f8a5773\",\"rated\":\"Rated battle\"}\n>player p1 {\"name\":\"titofer\",\"avatar\":\"169\",\"rating\":1971,\"seed\":\"sodium,6758c797995ed73848cc60c4a110bad1\"}\n>player p2 {\"name\":\"nickolassbomfim\",\"avatar\":\"red-masters\",\"rating\":1979,\"seed\":\"sodium,82e70c12b43785b489e9694d7a65407d\"}\n>p1 move ironhead\n>p2 move earthpower\n>p2 switch 5\n>p1 move ironhead\n>p2 move earthquake\n>p1 switch 6\n>p1 switch 5\n>p2 move earthquake\n>p1 move bulletseed\n>p2 switch 2\n>p1 move machpunch\n>p2 move closecombat\n>p1 switch 5\n>p1 move flamethrower\n>p2 move closecombat\n>p2 switch 6\n>p1 move toxic\n>p2 move dragondance\n>p1 switch 2\n>p2 move outrage\n>p1 move bodyslam\n>p2 move outrage\n>p1 switch 4\n>p1 move icespinner\n>p2 move outrage terastallize\n>p1 move iceshard\n>p2 move outrage\n>p2 switch 4\n>p1 switch 2\n>p2 move drainpunch\n>p1 move toxic\n>p2 move rapidspin\n>p1 move flamethrower\n>p2 move knockoff\n>p1 move protect\n>p2 move rapidspin\n>p1 move protect\n>p2 move rapidspin\n>p1 move flamethrower\n>p2 move drainpunch\n>p1 switch 3\n>p2 switch 2\n>p1 move sacredsword\n>p2 move earthquake\n>p1 switch 2\n>p2 switch 3\n>p1 move bellydrum\n>p2 move irondefense\n>p1 move earthquake\n>p2 move bodypress", "uploadtime": 1781463645, "views": 6, "formatid": "gen9randombattle", "rating": null, "private": 0, "password": null}