{"id": "gen9randombattle-2631979045", "format": "[Gen 9] Random Battle", "players": ["magicaldc", "OverthereStair"], "log": "|j|\u2606magicaldc\n|j|\u2606OverthereStair\n|t:|1781462179\n|gametype|singles\n|player|p1|magicaldc|102|2019\n|player|p2|OverthereStair|hilda|2018\n|gen|9\n|tier|[Gen 9] Random Battle\n|rated|\n|rule|Species Clause: Limit one of each Pok\u00e9mon\n|rule|HP Percentage Mod: HP is shown in percentages\n|rule|Sleep Clause Mod: Limit one foe put to sleep\n|rule|Illusion Level Mod: Illusion disguises the Pok\u00e9mon's true level\n|\n|t:|1781462179\n|teamsize|p1|6\n|teamsize|p2|6\n|start\n|switch|p1a: Eiscue|Eiscue, L88, M|274/274\n|switch|p2a: Lucario|Lucario, L84, M|255/255\n|turn|1\n|inactive|Battle timer is ON: inactive players will automatically lose when time's up. (requested by OverthereStair)\n|\n|t:|1781462200\n|switch|p2a: Dialga|Dialga-Origin, L73|266/266\n|-ability|p2a: Dialga|Pressure\n|switch|p1a: Plusle|Plusle, L95, F|268/268\n|\n|upkeep\n|turn|2\n|\n|t:|1781462214\n|switch|p1a: Registeel|Registeel, L81|262/262\n|move|p2a: Dialga|Draco Meteor|p1a: Registeel\n|-resisted|p1a: Registeel\n|-damage|p1a: Registeel|199/262\n|-unboost|p2a: Dialga|spa|2\n|\n|-heal|p1a: Registeel|215/262|[from] item: Leftovers\n|upkeep\n|turn|3\n|\n|t:|1781462219\n|move|p2a: Dialga|Stealth Rock|p1a: Registeel\n|-sidestart|p1: magicaldc|move: Stealth Rock\n|move|p1a: Registeel|Thunder Wave|p2a: Dialga\n|-status|p2a: Dialga|par\n|\n|-heal|p1a: Registeel|231/262|[from] item: Leftovers\n|upkeep\n|turn|4\n|\n|t:|1781462223\n|switch|p2a: Ho-Oh|Ho-Oh, L71|268/268\n|move|p1a: Registeel|Body Press|p2a: Ho-Oh\n|-resisted|p2a: Ho-Oh\n|-damage|p2a: Ho-Oh|227/268\n|\n|-heal|p1a: Registeel|247/262|[from] item: Leftovers\n|upkeep\n|turn|5\n|\n|t:|1781462226\n|move|p2a: Ho-Oh|Sacred Fire|p1a: Registeel\n|-supereffective|p1a: Registeel\n|-damage|p1a: Registeel|115/262\n|-status|p1a: Registeel|brn\n|move|p1a: Registeel|Thunder Wave|p2a: Ho-Oh\n|-status|p2a: Ho-Oh|par\n|\n|-heal|p1a: Registeel|131/262 brn|[from] item: Leftovers\n|-damage|p1a: Registeel|115/262 brn|[from] brn\n|upkeep\n|turn|6\n|\n|t:|1781462236\n|switch|p1a: Plusle|Plusle, L95, F|268/268\n|-damage|p1a: Plusle|235/268|[from] Stealth Rock\n|move|p2a: Ho-Oh|Sacred Fire|p1a: Plusle\n|-damage|p1a: Plusle|94/268\n|-status|p1a: Plusle|brn\n|\n|-damage|p1a: Plusle|78/268 brn|[from] brn\n|upkeep\n|turn|7\n|\n|t:|1781462244\n|switch|p2a: Torterra|Torterra, L78, F|276/276\n|move|p1a: Plusle|Thunderbolt|p2a: Torterra\n|-immune|p2a: Torterra\n|\n|-damage|p1a: Plusle|62/268 brn|[from] brn\n|upkeep\n|turn|8\n|\n|t:|1781462250\n|move|p1a: Plusle|Grass Knot|p2a: Torterra\n|-damage|p2a: Torterra|146/276\n|-damage|p1a: Plusle|36/268 brn|[from] item: Life Orb\n|move|p2a: Torterra|Shell Smash|p2a: Torterra\n|-unboost|p2a: Torterra|def|1\n|-unboost|p2a: Torterra|spd|1\n|-boost|p2a: Torterra|atk|2\n|-boost|p2a: Torterra|spa|2\n|-boost|p2a: Torterra|spe|2\n|\n|-damage|p1a: Plusle|20/268 brn|[from] brn\n|upkeep\n|turn|9\n|\n|t:|1781462255\n|move|p2a: Torterra|Bullet Seed|p1a: Plusle\n|-damage|p1a: Plusle|0 fnt\n|faint|p1a: Plusle\n|-hitcount|p1: Plusle|1\n|\n|upkeep\n|\n|t:|1781462268\n|switch|p1a: Registeel|Registeel, L81|115/262 brn\n|-damage|p1a: Registeel|99/262 brn|[from] Stealth Rock\n|turn|10\n|\n|t:|1781462272\n|move|p2a: Torterra|Headlong Rush|p1a: Registeel\n|-supereffective|p1a: Registeel\n|-damage|p1a: Registeel|0 fnt\n|-unboost|p2a: Torterra|def|1\n|-unboost|p2a: Torterra|spd|1\n|faint|p1a: Registeel\n|\n|upkeep\n|\n|t:|1781462278\n|switch|p1a: Azumarill|Azumarill, L82, M|298/298\n|-damage|p1a: Azumarill|261/298|[from] Stealth Rock\n|turn|11\n|\n|t:|1781462281\n|move|p1a: Azumarill|Aqua Jet|p2a: Torterra\n|-crit|p2a: Torterra\n|-damage|p2a: Torterra|0 fnt\n|faint|p2a: Torterra\n|\n|upkeep\n|\n|t:|1781462284\n|switch|p2a: Serperior|Serperior, L79, M|248/248\n|turn|12\n|\n|t:|1781462289\n|switch|p1a: Zekrom|Zekrom, L71|259/259\n|-damage|p1a: Zekrom|227/259|[from] Stealth Rock\n|-ability|p1a: Zekrom|Teravolt\n|move|p2a: Serperior|Substitute|p2a: Serperior\n|-start|p2a: Serperior|Substitute\n|-damage|p2a: Serperior|186/248\n|\n|-heal|p2a: Serperior|201/248|[from] item: Leftovers\n|-heal|p1a: Zekrom|243/259|[from] item: Leftovers\n|upkeep\n|turn|13\n|\n|t:|1781462299\n|move|p2a: Serperior|Leech Seed|p1a: Zekrom\n|-start|p1a: Zekrom|move: Leech Seed\n|move|p1a: Zekrom|Outrage|p2a: Serperior\n|-end|p2a: Serperior|Substitute\n|\n|-heal|p2a: Serperior|216/248|[from] item: Leftovers\n|-heal|p1a: Zekrom|259/259|[from] item: Leftovers\n|-damage|p1a: Zekrom|227/259|[from] Leech Seed|[of] p2a: Serperior\n|-heal|p2a: Serperior|248/248|[silent]\n|upkeep\n|turn|14\n|\n|t:|1781462302\n|move|p2a: Serperior|Substitute|p2a: Serperior\n|-start|p2a: Serperior|Substitute\n|-damage|p2a: Serperior|186/248\n|move|p1a: Zekrom|Outrage|p2a: Serperior|[from] lockedmove\n|-end|p2a: Serperior|Substitute\n|-start|p1a: Zekrom|confusion|[fatigue]\n|\n|-heal|p2a: Serperior|201/248|[from] item: Leftovers\n|-heal|p1a: Zekrom|243/259|[from] item: Leftovers\n|-damage|p1a: Zekrom|211/259|[from] Leech Seed|[of] p2a: Serperior\n|-heal|p2a: Serperior|233/248|[silent]\n|upkeep\n|turn|15\n|\n|t:|1781462310\n|switch|p1a: Squawkabilly|Squawkabilly, L85, M|278/278\n|-damage|p1a: Squawkabilly|209/278|[from] Stealth Rock\n|move|p2a: Serperior|Substitute|p2a: Serperior\n|-start|p2a: Serperior|Substitute\n|-damage|p2a: Serperior|171/248\n|\n|-heal|p2a: Serperior|186/248|[from] item: Leftovers\n|-status|p1a: Squawkabilly|brn|[from] item: Flame Orb\n|upkeep\n|turn|16\n|\n|t:|1781462316\n|move|p2a: Serperior|Leaf Storm|p1a: Squawkabilly\n|-resisted|p1a: Squawkabilly\n|-damage|p1a: Squawkabilly|137/278 brn\n|-boost|p2a: Serperior|spa|2\n|move|p1a: Squawkabilly|U-turn|p2a: Serperior\n|-supereffective|p2a: Serperior\n|-end|p2a: Serperior|Substitute\n|\n|t:|1781462322\n|switch|p1a: Zekrom|Zekrom, L71|211/259|[from] U-turn\n|-damage|p1a: Zekrom|179/259|[from] Stealth Rock\n|-ability|p1a: Zekrom|Teravolt\n|\n|-heal|p2a: Serperior|201/248|[from] item: Leftovers\n|-heal|p1a: Zekrom|195/259|[from] item: Leftovers\n|upkeep\n|turn|17\n|\n|t:|1781462331\n|switch|p2a: Luvdisc|Luvdisc, M|247/247\n|-terastallize|p1a: Zekrom|Fairy\n|move|p1a: Zekrom|Outrage|p2a: Luvdisc\n|-damage|p2a: Luvdisc|94/247\n|\n|-heal|p1a: Zekrom|211/259|[from] item: Leftovers\n|upkeep\n|turn|18\n|\n|t:|1781462335\n|move|p2a: Luvdisc|Endeavor|p1a: Zekrom\n|-damage|p1a: Zekrom|94/259\n|move|p1a: Zekrom|Outrage|p2a: Luvdisc|[from] lockedmove\n|-damage|p2a: Luvdisc|0 fnt\n|faint|p2a: Luvdisc\n|\n|-heal|p1a: Zekrom|110/259|[from] item: Leftovers\n|upkeep\n|\n|t:|1781462339\n|switch|p2a: Lucario|Lucario, L84, M|255/255\n|turn|19\n|\n|t:|1781462342\n|move|p2a: Lucario|Meteor Mash|p1a: Zekrom\n|-supereffective|p1a: Zekrom\n|-damage|p1a: Zekrom|0 fnt\n|faint|p1a: Zekrom\n|-damage|p2a: Lucario|230/255|[from] item: Life Orb\n|\n|upkeep\n|\n|t:|1781462345\n|switch|p1a: Squawkabilly|Squawkabilly, L85, M|137/278 brn\n|-damage|p1a: Squawkabilly|68/278 brn|[from] Stealth Rock\n|turn|20\n|\n|t:|1781462350\n|switch|p2a: Ho-Oh|Ho-Oh, L71|268/268 par\n|move|p1a: Squawkabilly|Brave Bird|p2a: Ho-Oh\n|-damage|p2a: Ho-Oh|43/268 par\n|-damage|p1a: Squawkabilly|0 fnt|[from] Recoil\n|faint|p1a: Squawkabilly\n|\n|upkeep\n|\n|t:|1781462356\n|switch|p1a: Eiscue|Eiscue, L88, M|274/274\n|-damage|p1a: Eiscue|206/274|[from] Stealth Rock\n|turn|21\n|\n|t:|1781462361\n|switch|p2a: Serperior|Serperior, L79, M|201/248\n|move|p1a: Eiscue|Belly Drum|p1a: Eiscue\n|-damage|p1a: Eiscue|69/274\n|-setboost|p1a: Eiscue|atk|6|[from] move: Belly Drum\n|-enditem|p1a: Eiscue|Sitrus Berry|[eat]\n|-heal|p1a: Eiscue|137/274|[from] item: Sitrus Berry\n|\n|-heal|p2a: Serperior|216/248|[from] item: Leftovers\n|upkeep\n|turn|22\n|\n|t:|1781462366\n|-terastallize|p2a: Serperior|Fire\n|move|p2a: Serperior|Tera Blast|p1a: Eiscue|[anim] Tera Blast Fire\n|-supereffective|p1a: Eiscue\n|-damage|p1a: Eiscue|17/274\n|move|p1a: Eiscue|Ice Spinner|p2a: Serperior\n|-resisted|p2a: Serperior\n|-damage|p2a: Serperior|51/248\n|\n|-heal|p2a: Serperior|66/248|[from] item: Leftovers\n|upkeep\n|turn|23\n|\n|t:|1781462371\n|move|p2a: Serperior|Tera Blast|p1a: Eiscue|[anim] Tera Blast Fire\n|-supereffective|p1a: Eiscue\n|-crit|p1a: Eiscue\n|-damage|p1a: Eiscue|0 fnt\n|faint|p1a: Eiscue\n|\n|-heal|p2a: Serperior|81/248|[from] item: Leftovers\n|upkeep\n|\n|t:|1781462373\n|switch|p1a: Azumarill|Azumarill, L82, M|261/298\n|-damage|p1a: Azumarill|224/298|[from] Stealth Rock\n|turn|24\n|\n|t:|1781462377\n|move|p1a: Azumarill|Aqua Jet|p2a: Serperior\n|-supereffective|p2a: Serperior\n|-damage|p2a: Serperior|0 fnt\n|faint|p2a: Serperior\n|\n|upkeep\n|\n|t:|1781462381\n|switch|p2a: Dialga|Dialga-Origin, L73|266/266 par\n|-ability|p2a: Dialga|Pressure\n|turn|25\n|\n|t:|1781462383\n|move|p1a: Azumarill|Aqua Jet|p2a: Dialga\n|-resisted|p2a: Dialga\n|-damage|p2a: Dialga|230/266 par\n|move|p2a: Dialga|Flash Cannon|p1a: Azumarill\n|-damage|p1a: Azumarill|97/298\n|\n|upkeep\n|turn|26\n|\n|t:|1781462386\n|move|p1a: Azumarill|Aqua Jet|p2a: Dialga\n|-resisted|p2a: Dialga\n|-damage|p2a: Dialga|194/266 par\n|cant|p2a: Dialga|par\n|\n|upkeep\n|turn|27\n|\n|t:|1781462388\n|move|p1a: Azumarill|Aqua Jet|p2a: Dialga\n|-resisted|p2a: Dialga\n|-damage|p2a: Dialga|162/266 par\n|move|p2a: Dialga|Flash Cannon|p1a: Azumarill\n|-damage|p1a: Azumarill|0 fnt\n|faint|p1a: Azumarill\n|\n|win|OverthereStair\n", "inputlog": ">version a8376a258c1d4662feba110a92103f3664a72141\n>start {\"formatid\":\"gen9randombattle\",\"seed\":\"sodium,611c183b783ea78ce41c8fad610f96a6\",\"rated\":\"Rated battle\"}\n>player p1 {\"name\":\"magicaldc\",\"avatar\":\"102\",\"rating\":2019,\"seed\":\"sodium,3b873719b539b60395004578b59b1134\"}\n>player p2 {\"name\":\"OverthereStair\",\"avatar\":\"hilda\",\"rating\":2018,\"seed\":\"sodium,be7711ec545e84498571383b67277a13\"}\n>p1 switch 4\n>p2 switch 2\n>p1 switch 5\n>p2 move dracometeor\n>p1 move thunderwave\n>p2 move stealthrock\n>p1 move bodypress\n>p2 switch 3\n>p1 move thunderwave\n>p2 move sacredfire\n>p1 switch 5\n>p2 move sacredfire\n>p1 move thunderbolt\n>p2 switch 6\n>p1 move grassknot\n>p2 move shellsmash\n>p1 move grassknot\n>p2 move bulletseed\n>p1 switch 5\n>p1 move bodypress\n>p2 move headlongrush\n>p1 switch 2\n>p1 move aquajet\n>p2 move bulletseed\n>p2 switch 4\n>p1 switch 6\n>p2 move substitute\n>p1 move outrage\n>p2 move leechseed\n>p1 move outrage\n>p2 move substitute\n>p1 switch 3\n>p2 move substitute\n>p1 move uturn\n>p2 move leafstorm\n>p1 switch 3\n>p1 move outrage terastallize\n>p2 switch 5\n>p1 move outrage\n>p2 move endeavor\n>p2 switch 2\n>p1 move outrage\n>p2 move meteormash\n>p1 switch 3\n>p1 move bravebird\n>p2 switch 6\n>p1 switch 4\n>p1 move bellydrum\n>p2 switch 5\n>p1 move icespinner\n>p2 move terablast terastallize\n>p1 move liquidation\n>p2 move terablast\n>p1 switch 6\n>p1 move aquajet\n>p2 move leafstorm\n>p2 switch 3\n>p1 move aquajet\n>p2 move flashcannon\n>p1 move aquajet\n>p2 move flashcannon\n>p1 move aquajet\n>p2 move flashcannon", "uploadtime": 1781462181, "views": 4, "formatid": "gen9randombattle", "rating": null, "private": 0, "password": null}