{"id": "gen9randombattle-2631995270", "format": "[Gen 9] Random Battle", "players": ["Jaceconwaythe 2", "Jjjjujjjk"], "log": "|j|\u203dJaceconwaythe 2\n|j|\u2606Jjjjujjjk\n|t:|1781463964\n|gametype|singles\n|player|p1|Jaceconwaythe 2|pokemaniac|1000\n|player|p2|Jjjjujjjk|1|1000\n|gen|9\n|tier|[Gen 9] Random Battle\n|rated|\n|rule|Species Clause: Limit one of each Pok\u00e9mon\n|rule|HP Percentage Mod: HP is shown in percentages\n|rule|Sleep Clause Mod: Limit one foe put to sleep\n|rule|Illusion Level Mod: Illusion disguises the Pok\u00e9mon's true level\n|\n|t:|1781463964\n|teamsize|p1|6\n|teamsize|p2|6\n|start\n|switch|p1a: Grafaiai|Grafaiai, L86, F|249/249\n|switch|p2a: Necrozma|Necrozma, L80|286/286\n|turn|1\n|\n|t:|1781463985\n|-terastallize|p1a: Grafaiai|Dark\n|move|p1a: Grafaiai|Knock Off|p2a: Necrozma\n|-supereffective|p2a: Necrozma\n|-damage|p2a: Necrozma|132/286\n|-enditem|p2a: Necrozma|Weakness Policy\n|-boost|p2a: Necrozma|atk|2|[from] item: Weakness Policy\n|-boost|p2a: Necrozma|spa|2|[from] item: Weakness Policy\n|-status|p2a: Necrozma|psn|[from] ability: Poison Touch|[of] p1a: Grafaiai\n|move|p2a: Necrozma|Photon Geyser|p1a: Grafaiai\n|-immune|p1a: Grafaiai\n|\n|-damage|p2a: Necrozma|97/286 psn|[from] psn\n|upkeep\n|turn|2\n|\n|t:|1781464005\n|switch|p2a: Basculin|Basculin, L86, F|261/261\n|move|p1a: Grafaiai|U-turn|p2a: Basculin\n|-damage|p2a: Basculin|200/261\n|\n|t:|1781464018\n|switch|p1a: Gyarados|Gyarados, L79, M|280/280|[from] U-turn\n|\n|upkeep\n|turn|3\n|\n|t:|1781464030\n|move|p2a: Basculin|Double-Edge|p1a: Gyarados\n|-damage|p1a: Gyarados|131/280\n|-damage|p2a: Basculin|151/261|[from] Recoil\n|move|p1a: Gyarados|Tera Blast|p2a: Basculin\n|-damage|p2a: Basculin|104/261\n|\n|upkeep\n|turn|4\n|\n|t:|1781464060\n|move|p2a: Basculin|Double-Edge|p1a: Gyarados\n|-damage|p1a: Gyarados|0 fnt\n|faint|p1a: Gyarados\n|-damage|p2a: Basculin|61/261|[from] Recoil\n|\n|upkeep\n|\n|t:|1781464066\n|switch|p1a: Grafaiai|Grafaiai, L86, F, tera:Dark|249/249\n|turn|5\n|\n|t:|1781464102\n|move|p1a: Grafaiai|Knock Off|p2a: Basculin\n|-damage|p2a: Basculin|0 fnt\n|-enditem|p2a: Basculin|Choice Band|[from] move: Knock Off|[of] p1a: Grafaiai\n|faint|p2a: Basculin\n|\n|upkeep\n|\n|t:|1781464115\n|switch|p2a: Slither Wing|Slither Wing, L81|270/270\n|turn|6\n|\n|t:|1781464123\n|switch|p1a: Mudsdale|Mudsdale, L83, M|302/302\n|move|p2a: Slither Wing|Close Combat|p1a: Mudsdale\n|-damage|p1a: Mudsdale|170/302\n|-unboost|p2a: Slither Wing|def|1\n|-unboost|p2a: Slither Wing|spd|1\n|-ability|p1a: Mudsdale|Stamina|boost\n|-boost|p1a: Mudsdale|def|1\n|\n|-heal|p1a: Mudsdale|188/302|[from] item: Leftovers\n|upkeep\n|turn|7\n|\n|t:|1781464142\n|-end|p2a: Slither Wing|Protosynthesis|[silent]\n|switch|p2a: Passimian|Passimian, L83, M|302/302\n|move|p1a: Mudsdale|Stone Edge|p2a: Passimian\n|-resisted|p2a: Passimian\n|-damage|p2a: Passimian|258/302\n|\n|-heal|p2a: Passimian|276/302|[from] item: Leftovers\n|-heal|p1a: Mudsdale|206/302|[from] item: Leftovers\n|upkeep\n|turn|8\n|\n|t:|1781464167\n|move|p2a: Passimian|Drain Punch|p1a: Mudsdale\n|-damage|p1a: Mudsdale|143/302\n|-heal|p2a: Passimian|302/302|[from] drain|[of] p1a: Mudsdale\n|-ability|p1a: Mudsdale|Stamina|boost\n|-boost|p1a: Mudsdale|def|1\n|move|p1a: Mudsdale|Earthquake|p2a: Passimian\n|-damage|p2a: Passimian|181/302\n|\n|-heal|p2a: Passimian|199/302|[from] item: Leftovers\n|-heal|p1a: Mudsdale|161/302|[from] item: Leftovers\n|upkeep\n|turn|9\n|\n|t:|1781464180\n|move|p2a: Passimian|Knock Off|p1a: Mudsdale\n|-damage|p1a: Mudsdale|125/302\n|-ability|p1a: Mudsdale|Stamina|boost\n|-boost|p1a: Mudsdale|def|1\n|-enditem|p1a: Mudsdale|Leftovers|[from] move: Knock Off|[of] p2a: Passimian\n|move|p1a: Mudsdale|Stone Edge|p2a: Passimian\n|-resisted|p2a: Passimian\n|-damage|p2a: Passimian|154/302\n|\n|-heal|p2a: Passimian|172/302|[from] item: Leftovers\n|upkeep\n|turn|10\n|\n|t:|1781464196\n|move|p2a: Passimian|Drain Punch|p1a: Mudsdale\n|-damage|p1a: Mudsdale|89/302\n|-heal|p2a: Passimian|190/302|[from] drain|[of] p1a: Mudsdale\n|-ability|p1a: Mudsdale|Stamina|boost\n|-boost|p1a: Mudsdale|def|1\n|move|p1a: Mudsdale|Earthquake|p2a: Passimian\n|-damage|p2a: Passimian|61/302\n|\n|-heal|p2a: Passimian|79/302|[from] item: Leftovers\n|upkeep\n|turn|11\n|\n|t:|1781464214\n|move|p2a: Passimian|Drain Punch|p1a: Mudsdale\n|-damage|p1a: Mudsdale|61/302\n|-heal|p2a: Passimian|93/302|[from] drain|[of] p1a: Mudsdale\n|-ability|p1a: Mudsdale|Stamina|boost\n|-boost|p1a: Mudsdale|def|1\n|move|p1a: Mudsdale|Earthquake|p2a: Passimian\n|-damage|p2a: Passimian|0 fnt\n|faint|p2a: Passimian\n|\n|upkeep\n|\n|t:|1781464224\n|switch|p2a: Deoxys|Deoxys-Speed, L82|216/216\n|-ability|p2a: Deoxys|Pressure\n|turn|12\n|\n|t:|1781464243\n|move|p2a: Deoxys|Superpower|p1a: Mudsdale\n|-damage|p1a: Mudsdale|31/302\n|-unboost|p2a: Deoxys|atk|1\n|-unboost|p2a: Deoxys|def|1\n|-ability|p1a: Mudsdale|Stamina|boost\n|-boost|p1a: Mudsdale|def|1\n|-damage|p2a: Deoxys|195/216|[from] item: Life Orb\n|move|p1a: Mudsdale|Earthquake|p2a: Deoxys\n|-damage|p2a: Deoxys|18/216\n|\n|upkeep\n|turn|13\n|\n|t:|1781464254\n|move|p2a: Deoxys|Psycho Boost|p1a: Mudsdale\n|-damage|p1a: Mudsdale|0 fnt\n|-unboost|p2a: Deoxys|spa|2\n|faint|p1a: Mudsdale\n|-damage|p2a: Deoxys|0 fnt|[from] item: Life Orb\n|faint|p2a: Deoxys\n|\n|upkeep\n|\n|t:|1781464264\n|switch|p2a: Gyarados|Gyarados, L79, M|280/280\n|switch|p1a: Okidogi|Okidogi, L77, M|262/262\n|turn|14\n|\n|t:|1781464274\n|switch|p1a: Porygon-Z|Porygon-Z, L83|277/277\n|move|p2a: Gyarados|Earthquake|p1a: Porygon-Z\n|-damage|p1a: Porygon-Z|183/277\n|\n|upkeep\n|turn|15\n|\n|t:|1781464284\n|-terastallize|p2a: Gyarados|Ground\n|move|p1a: Porygon-Z|Thunderbolt|p2a: Gyarados\n|-immune|p2a: Gyarados\n|move|p2a: Gyarados|Dragon Dance|p2a: Gyarados\n|-boost|p2a: Gyarados|atk|1\n|-boost|p2a: Gyarados|spe|1\n|\n|upkeep\n|turn|16\n|\n|t:|1781464295\n|switch|p1a: Baxcalibur|Baxcalibur, L75, M|295/295\n|move|p2a: Gyarados|Stone Edge|p1a: Baxcalibur\n|-supereffective|p1a: Baxcalibur\n|-damage|p1a: Baxcalibur|53/295\n|\n|upkeep\n|turn|17\n|\n|t:|1781464303\n|move|p2a: Gyarados|Waterfall|p1a: Baxcalibur\n|-resisted|p1a: Baxcalibur\n|-damage|p1a: Baxcalibur|0 fnt\n|faint|p1a: Baxcalibur\n|-ability|p2a: Gyarados|Moxie|boost\n|-boost|p2a: Gyarados|atk|1\n|\n|upkeep\n|\n|t:|1781464319\n|switch|p1a: Okidogi|Okidogi, L77, M|262/262\n|turn|18\n|\n|t:|1781464330\n|move|p2a: Gyarados|Earthquake|p1a: Okidogi\n|-supereffective|p1a: Okidogi\n|-damage|p1a: Okidogi|0 fnt\n|faint|p1a: Okidogi\n|-ability|p2a: Gyarados|Moxie|boost\n|-boost|p2a: Gyarados|atk|1\n|\n|upkeep\n|-message|Jaceconwaythe 2 forfeited.\n|\n|win|Jjjjujjjk\n|raw|Jaceconwaythe 2's rating: 1000 &rarr; <strong>1000</strong><br />(+0 for losing)\n|raw|Jjjjujjjk's rating: 1000 &rarr; <strong>1040</strong><br />(+40 for winning)\n|l|\u203dJaceconwaythe 2\n|player|p1|\n", "uploadtime": 1781464340, "views": 1, "formatid": "gen9randombattle", "rating": 1000, "private": 0, "password": null}