{"id": "gen9randombattle-2631941128", "format": "[Gen 9] Random Battle", "players": ["cuv8f7fi", "wrhfbwafb"], "log": "|j|\u2606cuv8f7fi\n|j|\u2606wrhfbwafb\n|t:|1781458040\n|gametype|singles\n|player|p1|cuv8f7fi|266|1040\n|player|p2|wrhfbwafb|266|1000\n|gen|9\n|tier|[Gen 9] Random Battle\n|rated|\n|rule|Species Clause: Limit one of each Pok\u00e9mon\n|rule|HP Percentage Mod: HP is shown in percentages\n|rule|Sleep Clause Mod: Limit one foe put to sleep\n|rule|Illusion Level Mod: Illusion disguises the Pok\u00e9mon's true level\n|\n|t:|1781458040\n|teamsize|p1|6\n|teamsize|p2|6\n|start\n|switch|p1a: Slowbro|Slowbro-Galar, L87, F|307/307\n|switch|p2a: Archaludon|Archaludon, L78, M|268/268\n|turn|1\n|\n|t:|1781458058\n|move|p2a: Archaludon|Thunder Wave|p1a: Slowbro\n|-status|p1a: Slowbro|par\n|cant|p1a: Slowbro|par\n|\n|upkeep\n|turn|2\n|inactive|Battle timer is ON: inactive players will automatically lose when time's up. (requested by wrhfbwafb)\n|\n|t:|1781458075\n|switch|p2a: Lycanroc|Lycanroc-Dusk, L81, F|254/254\n|cant|p1a: Slowbro|par\n|\n|upkeep\n|turn|3\n|\n|t:|1781458089\n|move|p2a: Lycanroc|Stone Edge|p1a: Slowbro\n|-damage|p1a: Slowbro|163/307 par\n|cant|p1a: Slowbro|par\n|\n|upkeep\n|turn|4\n|\n|t:|1781458096\n|move|p2a: Lycanroc|Stone Edge|p1a: Slowbro\n|-crit|p1a: Slowbro\n|-damage|p1a: Slowbro|0 fnt\n|faint|p1a: Slowbro\n|\n|upkeep\n|\n|t:|1781458104\n|switch|p1a: Palafin|Palafin, L77, F|281/281\n|turn|5\n|\n|t:|1781458112\n|switch|p2a: Araquanid|Araquanid, L82, M|246/246\n|move|p1a: Palafin|Flip Turn|p2a: Araquanid\n|-resisted|p2a: Araquanid\n|-crit|p2a: Araquanid\n|-damage|p2a: Araquanid|198/246\n|\n|t:|1781458123\n|detailschange|p1a: Palafin|Palafin-Hero, L77, F\n|switch|p1a: Whimsicott|Whimsicott, L84, M|238/238|[from] Flip Turn\n|\n|upkeep\n|turn|6\n|\n|t:|1781458138\n|move|p1a: Whimsicott|Substitute|p1a: Whimsicott\n|-start|p1a: Whimsicott|Substitute\n|-damage|p1a: Whimsicott|179/238\n|move|p2a: Araquanid|Sticky Web|p1a: Whimsicott\n|-sidestart|p1: cuv8f7fi|move: Sticky Web\n|\n|-heal|p1a: Whimsicott|193/238|[from] item: Leftovers\n|upkeep\n|turn|7\n|\n|t:|1781458148\n|switch|p2a: Cryogonal|Cryogonal, L89|287/287\n|move|p1a: Whimsicott|Leech Seed|p2a: Cryogonal\n|-start|p2a: Cryogonal|move: Leech Seed\n|\n|-heal|p1a: Whimsicott|207/238|[from] item: Leftovers\n|-damage|p2a: Cryogonal|252/287|[from] Leech Seed|[of] p1a: Whimsicott\n|-heal|p1a: Whimsicott|238/238|[silent]\n|upkeep\n|turn|8\n|\n|t:|1781458166\n|move|p1a: Whimsicott|Moonblast|p2a: Cryogonal\n|-damage|p2a: Cryogonal|191/287\n|move|p2a: Cryogonal|Ice Beam|p1a: Whimsicott\n|-supereffective|p1a: Whimsicott\n|-end|p1a: Whimsicott|Substitute\n|\n|-damage|p2a: Cryogonal|156/287|[from] Leech Seed|[of] p1a: Whimsicott\n|upkeep\n|turn|9\n|\n|t:|1781458177\n|move|p1a: Whimsicott|Substitute|p1a: Whimsicott\n|-start|p1a: Whimsicott|Substitute\n|-damage|p1a: Whimsicott|179/238\n|move|p2a: Cryogonal|Rapid Spin|p1a: Whimsicott\n|-activate|p1a: Whimsicott|move: Substitute|[damage]\n|-end|p2a: Cryogonal|Leech Seed|[from] move: Rapid Spin|[of] p2a: Cryogonal\n|-boost|p2a: Cryogonal|spe|1\n|\n|-heal|p1a: Whimsicott|193/238|[from] item: Leftovers\n|upkeep\n|turn|10\n|\n|t:|1781458189\n|move|p1a: Whimsicott|Leech Seed|p2a: Cryogonal\n|-start|p2a: Cryogonal|move: Leech Seed\n|move|p2a: Cryogonal|Ice Beam|p1a: Whimsicott\n|-supereffective|p1a: Whimsicott\n|-end|p1a: Whimsicott|Substitute\n|\n|-heal|p1a: Whimsicott|207/238|[from] item: Leftovers\n|-damage|p2a: Cryogonal|121/287|[from] Leech Seed|[of] p1a: Whimsicott\n|-heal|p1a: Whimsicott|238/238|[silent]\n|upkeep\n|turn|11\n|\n|t:|1781458199\n|move|p1a: Whimsicott|Substitute|p1a: Whimsicott\n|-start|p1a: Whimsicott|Substitute\n|-damage|p1a: Whimsicott|179/238\n|move|p2a: Cryogonal|Ice Beam|p1a: Whimsicott\n|-supereffective|p1a: Whimsicott\n|-end|p1a: Whimsicott|Substitute\n|\n|-heal|p1a: Whimsicott|193/238|[from] item: Leftovers\n|-damage|p2a: Cryogonal|86/287|[from] Leech Seed|[of] p1a: Whimsicott\n|-heal|p1a: Whimsicott|228/238|[silent]\n|upkeep\n|turn|12\n|\n|t:|1781458210\n|move|p1a: Whimsicott|Substitute|p1a: Whimsicott\n|-start|p1a: Whimsicott|Substitute\n|-damage|p1a: Whimsicott|169/238\n|move|p2a: Cryogonal|Recover|p2a: Cryogonal\n|-heal|p2a: Cryogonal|230/287\n|\n|-heal|p1a: Whimsicott|183/238|[from] item: Leftovers\n|-damage|p2a: Cryogonal|195/287|[from] Leech Seed|[of] p1a: Whimsicott\n|-heal|p1a: Whimsicott|218/238|[silent]\n|upkeep\n|turn|13\n|l|\u2606wrhfbwafb\n|inactive|wrhfbwafb disconnected and has a minute to reconnect!\n|player|p2|\n|inactive|wrhfbwafb has 30 seconds to reconnect!\n|inactive|wrhfbwafb has 20 seconds to reconnect!\n|inactive|wrhfbwafb has 15 seconds to reconnect!\n|inactive|wrhfbwafb has 10 seconds to reconnect!\n|inactive|wrhfbwafb has 5 seconds to reconnect!\n|-message|wrhfbwafb lost due to inactivity.\n|\n|win|cuv8f7fi\n|raw|cuv8f7fi's rating: 1040 &rarr; <strong>1070</strong><br />(+30 for winning)\n|raw|wrhfbwafb's rating: 1000 &rarr; <strong>1000</strong><br />(+0 for losing)\n", "inputlog": ">version a8376a258c1d4662feba110a92103f3664a72141\n>start {\"formatid\":\"gen9randombattle\",\"seed\":\"sodium,fc8d0a0c9b6401288d69bcdcd45256a1\",\"rated\":\"Rated battle\"}\n>player p1 {\"name\":\"cuv8f7fi\",\"avatar\":\"266\",\"rating\":1040,\"seed\":\"sodium,301392f61a9a91e0de781da3de5e0945\"}\n>player p2 {\"name\":\"wrhfbwafb\",\"avatar\":\"266\",\"rating\":1000,\"seed\":\"sodium,42bda7c5cc4297d4577339029674734f\"}\n>p1 move fireblast\n>p2 move thunderwave\n>p1 move fireblast\n>p2 switch 3\n>p1 move shellsidearm\n>p2 move stoneedge\n>p1 move fireblast\n>p2 move stoneedge\n>p1 switch 6\n>p1 move flipturn\n>p2 switch 4\n>p1 switch 3\n>p1 move substitute\n>p2 move stickyweb\n>p1 move leechseed\n>p2 switch 2\n>p1 move moonblast\n>p2 move icebeam\n>p1 move substitute\n>p2 move rapidspin\n>p1 move leechseed\n>p2 move icebeam\n>p1 move substitute\n>p2 move icebeam\n>p1 move substitute\n>p2 move recover\n>forcelose p2", "uploadtime": 1781458276, "views": 4, "formatid": "gen9randombattle", "rating": 1000, "private": 0, "password": null}