{"id": "gen9randombattle-2631901355", "format": "[Gen 9] Random Battle", "players": ["pixeo", "Micael Lopes"], "log": "|j|\u2606pixeo\n|j|\u2606Micael Lopes\n|t:|1781453696\n|gametype|singles\n|player|p1|pixeo|266|1676\n|player|p2|Micael Lopes|benga|1691\n|gen|9\n|tier|[Gen 9] Random Battle\n|rated|\n|rule|Species Clause: Limit one of each Pok\u00e9mon\n|rule|HP Percentage Mod: HP is shown in percentages\n|rule|Sleep Clause Mod: Limit one foe put to sleep\n|rule|Illusion Level Mod: Illusion disguises the Pok\u00e9mon's true level\n|\n|t:|1781453696\n|teamsize|p1|6\n|teamsize|p2|6\n|start\n|switch|p1a: Piloswine|Piloswine, L85, M|309/309\n|switch|p2a: Blastoise|Blastoise, L80, M|258/258\n|turn|1\n|inactive|Battle timer is ON: inactive players will automatically lose when time's up. (requested by Micael Lopes)\n|inactive|pixeo also wants the timer to be on.\n|\n|t:|1781453711\n|move|p2a: Blastoise|Shell Smash|p2a: Blastoise\n|-unboost|p2a: Blastoise|def|1\n|-unboost|p2a: Blastoise|spd|1\n|-boost|p2a: Blastoise|atk|2\n|-boost|p2a: Blastoise|spa|2\n|-boost|p2a: Blastoise|spe|2\n|-enditem|p2a: Blastoise|White Herb\n|-clearnegativeboost|p2a: Blastoise|[silent]\n|move|p1a: Piloswine|Roar|p2a: Blastoise\n|drag|p2a: Raikou|Raikou, L81|278/278\n|-ability|p2a: Raikou|Pressure\n|\n|upkeep\n|turn|2\n|\n|t:|1781453738\n|move|p2a: Raikou|Scald|p1a: Piloswine\n|-supereffective|p1a: Piloswine\n|-damage|p1a: Piloswine|197/309\n|-status|p1a: Piloswine|brn\n|move|p1a: Piloswine|Earthquake|p2a: Raikou\n|-supereffective|p2a: Raikou\n|-damage|p2a: Raikou|143/278\n|\n|-heal|p2a: Raikou|160/278|[from] item: Leftovers\n|-damage|p1a: Piloswine|178/309 brn|[from] brn\n|upkeep\n|turn|3\n|\n|t:|1781453748\n|switch|p2a: Iron Valiant|Iron Valiant, L78|244/244\n|move|p1a: Piloswine|Earthquake|p2a: Iron Valiant\n|-damage|p2a: Iron Valiant|181/244\n|\n|-damage|p1a: Piloswine|159/309 brn|[from] brn\n|upkeep\n|turn|4\n|\n|t:|1781453756\n|switch|p1a: Qwilfish|Qwilfish-Hisui, L83, M|244/244\n|-ability|p1a: Qwilfish|Intimidate|boost\n|-unboost|p2a: Iron Valiant|atk|1\n|move|p2a: Iron Valiant|Close Combat|p1a: Qwilfish\n|-damage|p1a: Qwilfish|161/244\n|-unboost|p2a: Iron Valiant|def|1\n|-unboost|p2a: Iron Valiant|spd|1\n|-damage|p2a: Iron Valiant|157/244|[from] item: Life Orb\n|\n|upkeep\n|turn|5\n|\n|t:|1781453766\n|-end|p2a: Iron Valiant|Quark Drive|[silent]\n|switch|p2a: Electivire|Electivire, L84, M|263/263\n|move|p1a: Qwilfish|Toxic Spikes|p2a: Electivire\n|-sidestart|p2: Micael Lopes|move: Toxic Spikes\n|\n|upkeep\n|turn|6\n|\n|t:|1781453772\n|switch|p1a: Kricketune|Kricketune, L99, M|312/312\n|move|p2a: Electivire|Earthquake|p1a: Kricketune\n|-resisted|p1a: Kricketune\n|-damage|p1a: Kricketune|244/312\n|-damage|p2a: Electivire|237/263|[from] item: Life Orb\n|\n|upkeep\n|turn|7\n|inactive|Micael Lopes has 120 seconds left.\n|\n|t:|1781453810\n|move|p2a: Electivire|Bulk Up|p2a: Electivire\n|-boost|p2a: Electivire|atk|1\n|-boost|p2a: Electivire|def|1\n|move|p1a: Kricketune|Pounce|p2a: Electivire\n|-damage|p2a: Electivire|156/263\n|-unboost|p2a: Electivire|spe|1\n|\n|upkeep\n|turn|8\n|\n|t:|1781453828\n|move|p1a: Kricketune|Sticky Web|p2a: Electivire\n|-sidestart|p2: Micael Lopes|move: Sticky Web\n|move|p2a: Electivire|Supercell Slam|p1a: Kricketune\n|-damage|p1a: Kricketune|0 fnt\n|faint|p1a: Kricketune\n|-damage|p2a: Electivire|130/263|[from] item: Life Orb\n|\n|upkeep\n|\n|t:|1781453838\n|switch|p1a: Gastrodon|Gastrodon-East, L86, M|331/331\n|turn|9\n|\n|t:|1781453848\n|move|p2a: Electivire|Ice Punch|p1a: Gastrodon\n|-crit|p1a: Gastrodon\n|-damage|p1a: Gastrodon|113/331\n|-status|p1a: Gastrodon|frz\n|-damage|p2a: Electivire|104/263|[from] item: Life Orb\n|cant|p1a: Gastrodon|frz\n|\n|-heal|p1a: Gastrodon|133/331 frz|[from] item: Leftovers\n|upkeep\n|turn|10\n|\n|t:|1781453853\n|move|p2a: Electivire|Bulk Up|p2a: Electivire\n|-boost|p2a: Electivire|atk|1\n|-boost|p2a: Electivire|def|1\n|cant|p1a: Gastrodon|frz\n|\n|-heal|p1a: Gastrodon|153/331 frz|[from] item: Leftovers\n|upkeep\n|turn|11\n|\n|t:|1781453866\n|move|p2a: Electivire|Earthquake|p1a: Gastrodon\n|-damage|p1a: Gastrodon|0 fnt\n|faint|p1a: Gastrodon\n|-damage|p2a: Electivire|78/263|[from] item: Life Orb\n|\n|upkeep\n|\n|t:|1781453869\n|switch|p1a: Qwilfish|Qwilfish-Hisui, L83, M|161/244\n|-ability|p1a: Qwilfish|Intimidate|boost\n|-unboost|p2a: Electivire|atk|1\n|turn|12\n|inactive|Micael Lopes has 120 seconds left.\n|\n|t:|1781453910\n|switch|p1a: Piloswine|Piloswine, L85, M|159/309 brn\n|move|p2a: Electivire|Earthquake|p1a: Piloswine\n|-damage|p1a: Piloswine|47/309 brn\n|-damage|p2a: Electivire|52/263|[from] item: Life Orb\n|\n|-damage|p1a: Piloswine|28/309 brn|[from] brn\n|upkeep\n|turn|13\n|\n|t:|1781453915\n|move|p1a: Piloswine|Ice Shard|p2a: Electivire\n|-damage|p2a: Electivire|40/263\n|move|p2a: Electivire|Earthquake|p1a: Piloswine\n|-damage|p1a: Piloswine|0 fnt\n|faint|p1a: Piloswine\n|-damage|p2a: Electivire|14/263|[from] item: Life Orb\n|\n|upkeep\n|\n|t:|1781453920\n|switch|p1a: Qwilfish|Qwilfish-Hisui, L83, M|161/244\n|-ability|p1a: Qwilfish|Intimidate|boost\n|-unboost|p2a: Electivire|atk|1\n|turn|14\n|inactive|Micael Lopes has 120 seconds left.\n|inactive|Micael Lopes has 90 seconds left.\n|\n|t:|1781453967\n|move|p1a: Qwilfish|Crunch|p2a: Electivire\n|-damage|p2a: Electivire|0 fnt\n|faint|p2a: Electivire\n|\n|upkeep\n|inactive|Micael Lopes has 90 seconds left.\n|\n|t:|1781453974\n|switch|p2a: Infernape|Infernape, L82, M|259/259\n|-status|p2a: Infernape|psn\n|-activate|p2a: Infernape|move: Sticky Web\n|-unboost|p2a: Infernape|spe|1\n|turn|15\n|\n|t:|1781453987\n|move|p2a: Infernape|Flare Blitz|p1a: Qwilfish\n|-damage|p1a: Qwilfish|79/244\n|-damage|p2a: Infernape|232/259 psn|[from] Recoil\n|move|p1a: Qwilfish|Gunk Shot|p2a: Infernape|[miss]\n|-miss|p1a: Qwilfish|p2a: Infernape\n|\n|-damage|p2a: Infernape|200/259 psn|[from] psn\n|upkeep\n|turn|16\n|\n|t:|1781453996\n|move|p2a: Infernape|Flare Blitz|p1a: Qwilfish\n|-damage|p1a: Qwilfish|0 fnt\n|faint|p1a: Qwilfish\n|-damage|p2a: Infernape|174/259 psn|[from] Recoil\n|\n|-damage|p2a: Infernape|142/259 psn|[from] psn\n|upkeep\n|\n|t:|1781453999\n|switch|p1a: Iron Boulder|Iron Boulder, L77|265/265\n|-enditem|p1a: Iron Boulder|Booster Energy\n|-activate|p1a: Iron Boulder|ability: Quark Drive|[fromitem]\n|-start|p1a: Iron Boulder|quarkdrivespe\n|turn|17\n|\n|t:|1781454009\n|move|p1a: Iron Boulder|Swords Dance|p1a: Iron Boulder\n|-boost|p1a: Iron Boulder|atk|2\n|move|p2a: Infernape|Flare Blitz|p1a: Iron Boulder\n|-resisted|p1a: Iron Boulder\n|-damage|p1a: Iron Boulder|190/265\n|-damage|p2a: Infernape|117/259 psn|[from] Recoil\n|\n|-damage|p2a: Infernape|85/259 psn|[from] psn\n|upkeep\n|turn|18\n|\n|t:|1781454020\n|move|p1a: Iron Boulder|Mighty Cleave|p2a: Infernape\n|-crit|p2a: Infernape\n|-damage|p2a: Infernape|0 fnt\n|faint|p2a: Infernape\n|\n|upkeep\n|\n|t:|1781454027\n|switch|p2a: Blastoise|Blastoise, L80, M|258/258\n|-status|p2a: Blastoise|psn\n|-activate|p2a: Blastoise|move: Sticky Web\n|-unboost|p2a: Blastoise|spe|1\n|turn|19\n|\n|t:|1781454033\n|-terastallize|p1a: Iron Boulder|Fighting\n|move|p1a: Iron Boulder|Mighty Cleave|p2a: Blastoise\n|-damage|p2a: Blastoise|63/258 psn\n|move|p2a: Blastoise|Hydro Pump|p1a: Iron Boulder\n|-damage|p1a: Iron Boulder|55/265\n|\n|-damage|p2a: Blastoise|31/258 psn|[from] psn\n|upkeep\n|turn|20\n|\n|t:|1781454040\n|move|p1a: Iron Boulder|Mighty Cleave|p2a: Blastoise\n|-damage|p2a: Blastoise|0 fnt\n|faint|p2a: Blastoise\n|\n|upkeep\n|\n|t:|1781454056\n|switch|p2a: Regidrago|Regidrago, L77|435/435\n|-status|p2a: Regidrago|psn\n|-enditem|p2a: Regidrago|Lum Berry|[eat]\n|-curestatus|p2a: Regidrago|psn|[msg]\n|-activate|p2a: Regidrago|move: Sticky Web\n|-unboost|p2a: Regidrago|spe|1\n|turn|21\n|inactive|pixeo has 120 seconds left.\n|\n|t:|1781454095\n|move|p1a: Iron Boulder|Close Combat|p2a: Regidrago\n|-damage|p2a: Regidrago|32/435\n|-unboost|p1a: Iron Boulder|def|1\n|-unboost|p1a: Iron Boulder|spd|1\n|move|p2a: Regidrago|Earthquake|p1a: Iron Boulder\n|-damage|p1a: Iron Boulder|0 fnt\n|faint|p1a: Iron Boulder\n|-end|p1a: Iron Boulder|Quark Drive|[silent]\n|\n|upkeep\n|inactive|pixeo has 90 seconds left.\n|inactive|pixeo has 60 seconds left.\n|inactive|pixeo has 30 seconds left.\n|inactive|pixeo has 20 seconds left.\n|inactive|pixeo has 15 seconds left.\n|inactive|pixeo has 10 seconds left.\n|inactive|pixeo has 5 seconds left.\n|-message|pixeo lost due to inactivity.\n|\n|win|Micael Lopes\n|raw|pixeo's rating: 1676 &rarr; <strong>1656</strong><br />(-20 for losing)\n|raw|Micael Lopes's rating: 1669 &rarr; <strong>1689</strong><br />(+20 for winning)\n|c|\u2606Micael Lopes|**__Sexy game.__**\n|l|\u2606pixeo\n|player|p1|\n", "inputlog": ">version a8376a258c1d4662feba110a92103f3664a72141\n>start {\"formatid\":\"gen9randombattle\",\"seed\":\"sodium,5ac24377a16392d7e7e11835af16731e\",\"rated\":\"Rated battle\"}\n>player p1 {\"name\":\"pixeo\",\"avatar\":\"266\",\"rating\":1676,\"seed\":\"sodium,ba84dfa423076bf72cf8c1566e3c908d\"}\n>player p2 {\"name\":\"Micael Lopes\",\"avatar\":\"benga\",\"rating\":1691,\"seed\":\"sodium,e63b07213d874c3a1e26307e2dccbcff\"}\n>p1 move roar\n>p2 move shellsmash\n>p1 move earthquake\n>p2 move scald\n>p1 move earthquake\n>p2 switch 6\n>p1 switch 3\n>p2 move closecombat\n>p1 move toxicspikes\n>p2 switch 5\n>p1 switch 6\n>p2 move earthquake\n>p1 move pounce\n>p2 move bulkup\n>p1 move stickyweb\n>p2 move supercellslam\n>p1 switch 4\n>p1 move stealthrock\n>p2 move icepunch\n>p1 move stealthrock\n>p2 move bulkup\n>p1 move stealthrock\n>p2 move earthquake\n>p1 switch 6\n>p1 switch 3\n>p2 move earthquake\n>p1 move iceshard\n>p2 move earthquake\n>p1 switch 3\n>p1 move crunch\n>p2 move earthquake\n>p2 switch 3\n>p1 move gunkshot\n>p2 move flareblitz\n>p1 move spikes\n>p2 move flareblitz\n>p1 switch 5\n>p1 move swordsdance\n>p2 move flareblitz\n>p1 move mightycleave\n>p2 move flareblitz\n>p2 switch 4\n>p1 move mightycleave terastallize\n>p2 move hydropump\n>p1 move mightycleave\n>p2 move earthquake\n>p2 switch 2\n>p1 move closecombat\n>p2 move earthquake\n>forcelose p1", "uploadtime": 1781454348, "views": 7, "formatid": "gen9randombattle", "rating": 1656, "private": 0, "password": null}