{"id": "gen9randombattle-2631523817", "format": "[Gen 9] Random Battle", "players": ["46455i", "memebraker"], "log": "|j|\u260646455i\n|j|\u2606memebraker\n|t:|1781396337\n|gametype|singles\n|player|p1|46455i|fisherman-gen4|2184\n|player|p2|memebraker|bugcatcher-gen4dp|2133\n|gen|9\n|tier|[Gen 9] Random Battle\n|rated|\n|rule|Species Clause: Limit one of each Pok\u00e9mon\n|rule|HP Percentage Mod: HP is shown in percentages\n|rule|Sleep Clause Mod: Limit one foe put to sleep\n|rule|Illusion Level Mod: Illusion disguises the Pok\u00e9mon's true level\n|\n|t:|1781396337\n|teamsize|p1|6\n|teamsize|p2|6\n|start\n|switch|p1a: Emboar|Emboar, L84, M|322/322\n|switch|p2a: Roaring Moon|Roaring Moon, L72|270/270\n|turn|1\n|j| rufoush\n|\n|t:|1781396349\n|move|p2a: Roaring Moon|Knock Off|p1a: Emboar\n|-resisted|p1a: Emboar\n|-damage|p1a: Emboar|257/322\n|-enditem|p1a: Emboar|Assault Vest|[from] move: Knock Off|[of] p2a: Roaring Moon\n|move|p1a: Emboar|Flare Blitz|p2a: Roaring Moon\n|-resisted|p2a: Roaring Moon\n|-damage|p2a: Roaring Moon|140/270\n|-damage|p1a: Emboar|214/322|[from] Recoil\n|\n|upkeep\n|turn|2\n|\n|t:|1781396360\n|move|p2a: Roaring Moon|Outrage|p1a: Emboar\n|-damage|p1a: Emboar|70/322\n|move|p1a: Emboar|Close Combat|p2a: Roaring Moon\n|-supereffective|p2a: Roaring Moon\n|-damage|p2a: Roaring Moon|0 fnt\n|-unboost|p1a: Emboar|def|1\n|-unboost|p1a: Emboar|spd|1\n|faint|p2a: Roaring Moon\n|-end|p2a: Roaring Moon|Protosynthesis|[silent]\n|\n|upkeep\n|\n|t:|1781396369\n|switch|p2a: Floatzel|Floatzel, L86, M|286/286\n|turn|3\n|\n|t:|1781396374\n|move|p1a: Emboar|Sucker Punch|p2a: Floatzel\n|-damage|p2a: Floatzel|212/286\n|move|p2a: Floatzel|Flip Turn|p1a: Emboar\n|-supereffective|p1a: Emboar\n|-damage|p1a: Emboar|0 fnt\n|faint|p1a: Emboar\n|\n|t:|1781396381\n|switch|p2a: Magmortar|Magmortar, L88, F|275/275|[from] Flip Turn\n|\n|upkeep\n|\n|t:|1781396386\n|switch|p1a: Palkia|Palkia, L75|259/259\n|-ability|p1a: Palkia|Pressure\n|turn|4\n|\n|t:|1781396399\n|move|p2a: Magmortar|Thunderbolt|p1a: Palkia\n|-damage|p1a: Palkia|178/259\n|move|p1a: Palkia|Spacial Rend|p2a: Magmortar\n|-damage|p2a: Magmortar|112/275\n|\n|upkeep\n|turn|5\n|\n|t:|1781396407\n|move|p2a: Magmortar|Thunderbolt|p1a: Palkia\n|-damage|p1a: Palkia|106/259\n|move|p1a: Palkia|Spacial Rend|p2a: Magmortar\n|-damage|p2a: Magmortar|0 fnt\n|faint|p2a: Magmortar\n|\n|upkeep\n|\n|t:|1781396417\n|switch|p2a: Sawsbuck|Sawsbuck-Summer, L88, F|284/284\n|turn|6\n|\n|t:|1781396422\n|move|p2a: Sawsbuck|Double-Edge|p1a: Palkia\n|-damage|p1a: Palkia|0 fnt\n|faint|p1a: Palkia\n|-damage|p2a: Sawsbuck|249/284|[from] Recoil\n|-damage|p2a: Sawsbuck|221/284|[from] item: Life Orb\n|\n|upkeep\n|\n|t:|1781396425\n|switch|p1a: Mightyena|Mightyena, L96, M|290/290\n|-ability|p1a: Mightyena|Intimidate|boost\n|-unboost|p2a: Sawsbuck|atk|1\n|turn|7\n|\n|t:|1781396439\n|move|p2a: Sawsbuck|Swords Dance|p2a: Sawsbuck\n|-boost|p2a: Sawsbuck|atk|2\n|move|p1a: Mightyena|Crunch|p2a: Sawsbuck\n|-damage|p2a: Sawsbuck|107/284\n|\n|upkeep\n|turn|8\n|\n|t:|1781396447\n|move|p1a: Mightyena|Sucker Punch|p2a: Sawsbuck\n|-damage|p2a: Sawsbuck|8/284\n|move|p2a: Sawsbuck|Horn Leech|p1a: Mightyena\n|-damage|p1a: Mightyena|115/290\n|-heal|p2a: Sawsbuck|96/284|[from] drain|[of] p1a: Mightyena\n|-damage|p2a: Sawsbuck|68/284|[from] item: Life Orb\n|\n|-heal|p1a: Mightyena|133/290|[from] item: Leftovers\n|upkeep\n|turn|9\n|\n|t:|1781396459\n|move|p2a: Sawsbuck|Horn Leech|p1a: Mightyena\n|-damage|p1a: Mightyena|0 fnt\n|-heal|p2a: Sawsbuck|135/284|[from] drain|[of] p1a: Mightyena\n|faint|p1a: Mightyena\n|-damage|p2a: Sawsbuck|107/284|[from] item: Life Orb\n|\n|upkeep\n|\n|t:|1781396462\n|switch|p1a: Hitmontop|Hitmontop, L88, M|231/231\n|turn|10\n|\n|t:|1781396469\n|move|p2a: Sawsbuck|Double-Edge|p1a: Hitmontop\n|-damage|p1a: Hitmontop|0 fnt\n|faint|p1a: Hitmontop\n|-damage|p2a: Sawsbuck|31/284|[from] Recoil\n|-damage|p2a: Sawsbuck|3/284|[from] item: Life Orb\n|\n|upkeep\n|\n|t:|1781396477\n|switch|p1a: Pincurchin|Pincurchin, M|258/258\n|-fieldstart|move: Electric Terrain|[from] ability: Electric Surge|[of] p1a: Pincurchin\n|turn|11\n|\n|t:|1781396494\n|move|p2a: Sawsbuck|Horn Leech|p1a: Pincurchin\n|-damage|p1a: Pincurchin|112/258\n|-heal|p2a: Sawsbuck|76/284|[from] drain|[of] p1a: Pincurchin\n|-damage|p2a: Sawsbuck|48/284|[from] item: Life Orb\n|move|p1a: Pincurchin|Curse|p1a: Pincurchin\n|-unboost|p1a: Pincurchin|spe|1\n|-boost|p1a: Pincurchin|atk|1\n|-boost|p1a: Pincurchin|def|1\n|\n|-heal|p1a: Pincurchin|128/258|[from] item: Leftovers\n|upkeep\n|turn|12\n|\n|t:|1781396503\n|move|p2a: Sawsbuck|Double-Edge|p1a: Pincurchin\n|-damage|p1a: Pincurchin|0 fnt\n|faint|p1a: Pincurchin\n|-damage|p2a: Sawsbuck|6/284|[from] Recoil\n|-damage|p2a: Sawsbuck|0 fnt|[from] item: Life Orb\n|faint|p2a: Sawsbuck\n|\n|upkeep\n|\n|t:|1781396511\n|switch|p2a: Floatzel|Floatzel, L86, M|212/286\n|switch|p1a: Gogoat|Gogoat, L88, F|360/360\n|turn|13\n|\n|t:|1781396523\n|-terastallize|p1a: Gogoat|Water\n|move|p2a: Floatzel|Flip Turn|p1a: Gogoat\n|-resisted|p1a: Gogoat\n|-damage|p1a: Gogoat|295/360\n|\n|t:|1781396546\n|switch|p2a: Hitmonchan|Hitmonchan, L87, M|229/229|[from] Flip Turn\n|move|p1a: Gogoat|Bulk Up|p1a: Gogoat\n|-boost|p1a: Gogoat|atk|1\n|-boost|p1a: Gogoat|def|1\n|\n|-heal|p1a: Gogoat|317/360|[from] item: Leftovers\n|upkeep\n|turn|14\n|\n|t:|1781396561\n|move|p2a: Hitmonchan|Swords Dance|p2a: Hitmonchan\n|-boost|p2a: Hitmonchan|atk|2\n|move|p1a: Gogoat|Bulk Up|p1a: Gogoat\n|-boost|p1a: Gogoat|atk|1\n|-boost|p1a: Gogoat|def|1\n|\n|-heal|p1a: Gogoat|339/360|[from] item: Leftovers\n|upkeep\n|turn|15\n|\n|t:|1781396570\n|move|p2a: Hitmonchan|Knock Off|p1a: Gogoat\n|-damage|p1a: Gogoat|221/360\n|-enditem|p1a: Gogoat|Leftovers|[from] move: Knock Off|[of] p2a: Hitmonchan\n|-damage|p2a: Hitmonchan|207/229|[from] item: Life Orb\n|move|p1a: Gogoat|Horn Leech|p2a: Hitmonchan\n|-damage|p2a: Hitmonchan|20/229\n|-heal|p1a: Gogoat|315/360|[from] drain|[of] p2a: Hitmonchan\n|\n|-fieldend|move: Electric Terrain\n|upkeep\n|turn|16\n|\n|t:|1781396579\n|-terastallize|p2a: Hitmonchan|Fighting\n|move|p2a: Hitmonchan|Drain Punch|p1a: Gogoat\n|-damage|p1a: Gogoat|78/360\n|-heal|p2a: Hitmonchan|139/229|[from] drain|[of] p1a: Gogoat\n|-damage|p2a: Hitmonchan|117/229|[from] item: Life Orb\n|move|p1a: Gogoat|Horn Leech|p2a: Hitmonchan\n|-damage|p2a: Hitmonchan|0 fnt\n|-heal|p1a: Gogoat|137/360|[from] drain|[of] p2a: Hitmonchan\n|faint|p2a: Hitmonchan\n|\n|upkeep\n|\n|t:|1781396599\n|switch|p2a: Floatzel|Floatzel, L86, M|212/286\n|turn|17\n|\n|t:|1781396618\n|move|p2a: Floatzel|Flip Turn|p1a: Gogoat\n|-resisted|p1a: Gogoat\n|-damage|p1a: Gogoat|104/360\n|inactive|Battle timer is ON: inactive players will automatically lose when time's up. (requested by 46455i)\n|\n|t:|1781396621\n|switch|p2a: Appletun|Appletun, L92, M|352/352|[from] Flip Turn\n|move|p1a: Gogoat|Milk Drink|p1a: Gogoat\n|-heal|p1a: Gogoat|284/360\n|\n|upkeep\n|turn|18\n|j| random0person__\n|\n|t:|1781396629\n|move|p1a: Gogoat|Bulk Up|p1a: Gogoat\n|-boost|p1a: Gogoat|atk|1\n|-boost|p1a: Gogoat|def|1\n|move|p2a: Appletun|Draco Meteor|p1a: Gogoat\n|-damage|p1a: Gogoat|109/360\n|-unboost|p2a: Appletun|spa|2\n|\n|upkeep\n|turn|19\n|\n|t:|1781396635\n|move|p1a: Gogoat|Milk Drink|p1a: Gogoat\n|-heal|p1a: Gogoat|289/360\n|move|p2a: Appletun|Draco Meteor|p1a: Gogoat\n|-damage|p1a: Gogoat|205/360\n|-unboost|p2a: Appletun|spa|2\n|\n|upkeep\n|turn|20\n|\n|t:|1781396640\n|move|p1a: Gogoat|Bulk Up|p1a: Gogoat\n|-boost|p1a: Gogoat|atk|1\n|-boost|p1a: Gogoat|def|1\n|move|p2a: Appletun|Draco Meteor|p1a: Gogoat\n|-damage|p1a: Gogoat|145/360\n|-unboost|p2a: Appletun|spa|2\n|\n|upkeep\n|turn|21\n|\n|t:|1781396643\n|move|p1a: Gogoat|Milk Drink|p1a: Gogoat\n|-heal|p1a: Gogoat|325/360\n|move|p2a: Appletun|Draco Meteor|p1a: Gogoat\n|-crit|p1a: Gogoat\n|-damage|p1a: Gogoat|57/360\n|\n|upkeep\n|turn|22\n|\n|t:|1781396651\n|switch|p2a: Floatzel|Floatzel, L86, M|212/286\n|move|p1a: Gogoat|Milk Drink|p1a: Gogoat\n|-heal|p1a: Gogoat|237/360\n|\n|upkeep\n|turn|23\n|\n|t:|1781396663\n|move|p2a: Floatzel|Wave Crash|p1a: Gogoat\n|-resisted|p1a: Gogoat\n|-damage|p1a: Gogoat|196/360\n|-damage|p2a: Floatzel|198/286|[from] Recoil\n|move|p1a: Gogoat|Bulk Up|p1a: Gogoat\n|-boost|p1a: Gogoat|atk|1\n|-boost|p1a: Gogoat|def|1\n|\n|upkeep\n|turn|24\n|\n|t:|1781396666\n|move|p2a: Floatzel|Wave Crash|p1a: Gogoat\n|-resisted|p1a: Gogoat\n|-damage|p1a: Gogoat|161/360\n|-damage|p2a: Floatzel|186/286|[from] Recoil\n|move|p1a: Gogoat|Bulk Up|p1a: Gogoat\n|-boost|p1a: Gogoat|atk|1\n|-boost|p1a: Gogoat|def|1\n|\n|upkeep\n|turn|25\n|\n|t:|1781396670\n|move|p2a: Floatzel|Wave Crash|p1a: Gogoat\n|-resisted|p1a: Gogoat\n|-crit|p1a: Gogoat\n|-damage|p1a: Gogoat|0 fnt\n|faint|p1a: Gogoat\n|-damage|p2a: Floatzel|133/286|[from] Recoil\n|\n|win|memebraker\n|raw|46455i's rating: 2184 &rarr; <strong>2161</strong><br />(-23 for losing)\n|raw|memebraker's rating: 2133 &rarr; <strong>2156</strong><br />(+23 for winning)\n", "inputlog": ">version a8376a258c1d4662feba110a92103f3664a72141\n>start {\"formatid\":\"gen9randombattle\",\"seed\":\"sodium,6f135e7ade98a2bc6c4d7f237bb3855f\",\"rated\":\"Rated battle\"}\n>player p1 {\"name\":\"46455i\",\"avatar\":\"fisherman-gen4\",\"rating\":2184,\"seed\":\"sodium,f00c29b6223efca923404b8e2c2e3d7e\"}\n>player p2 {\"name\":\"memebraker\",\"avatar\":\"bugcatcher-gen4dp\",\"rating\":2133,\"seed\":\"sodium,4fc0390c0a568f9d6458a58a418c666f\"}\n>p1 move flareblitz\n>p2 move knockoff\n>p1 move closecombat\n>p2 move outrage\n>p2 switch 3\n>p1 move suckerpunch\n>p2 move flipturn\n>p2 switch 6\n>p1 switch 6\n>p1 move spacialrend\n>p2 move thunderbolt\n>p1 move spacialrend\n>p2 move thunderbolt\n>p2 switch 5\n>p1 move spacialrend\n>p2 move doubleedge\n>p1 switch 4\n>p1 move crunch\n>p2 move swordsdance\n>p1 move suckerpunch\n>p2 move hornleech\n>p1 move crunch\n>p2 move hornleech\n>p1 switch 3\n>p1 move rapidspin\n>p2 move doubleedge\n>p1 switch 2\n>p1 move curse\n>p2 move hornleech\n>p1 move recover\n>p2 move doubleedge\n>p1 switch 5\n>p2 switch 6\n>p1 move bulkup terastallize\n>p2 move flipturn\n>p2 switch 2\n>p1 move bulkup\n>p2 move swordsdance\n>p1 move hornleech\n>p2 move knockoff\n>p1 move hornleech\n>p2 move drainpunch terastallize\n>p2 switch 2\n>p1 move milkdrink\n>p2 move flipturn\n>p2 switch 4\n>p1 move bulkup\n>p2 move dracometeor\n>p1 move milkdrink\n>p2 move dracometeor\n>p1 move bulkup\n>p2 move dracometeor\n>p1 move milkdrink\n>p2 move dracometeor\n>p1 move milkdrink\n>p2 switch 4\n>p1 move bulkup\n>p2 move wavecrash\n>p1 move bulkup\n>p2 move wavecrash\n>p1 move milkdrink\n>p2 move wavecrash", "uploadtime": 1781396338, "views": 6, "formatid": "gen9randombattle", "rating": 2156, "private": 0, "password": null}