{"id": "gen9randombattle-2631943684", "format": "[Gen 9] Random Battle", "players": ["grddrhgtf", "victor5486"], "log": "|j|\u2606grddrhgtf\n|j|\u2606victor5486\n|t:|1781458330\n|gametype|singles\n|player|p1|grddrhgtf|170|1115\n|player|p2|victor5486|n|1103\n|gen|9\n|tier|[Gen 9] Random Battle\n|rated|\n|rule|Species Clause: Limit one of each Pok\u00e9mon\n|rule|HP Percentage Mod: HP is shown in percentages\n|rule|Sleep Clause Mod: Limit one foe put to sleep\n|rule|Illusion Level Mod: Illusion disguises the Pok\u00e9mon's true level\n|\n|t:|1781458330\n|teamsize|p1|6\n|teamsize|p2|6\n|start\n|switch|p1a: Manaphy|Manaphy, L78|284/284\n|switch|p2a: Heracross|Heracross, L80, M|259/259\n|turn|1\n|inactive|Battle timer is ON: inactive players will automatically lose when time's up. (requested by grddrhgtf)\n|\n|t:|1781458361\n|switch|p1a: Froslass|Froslass, L87, F|263/263\n|move|p2a: Heracross|Megahorn|p1a: Froslass\n|-resisted|p1a: Froslass\n|-crit|p1a: Froslass\n|-damage|p1a: Froslass|75/263\n|\n|upkeep\n|turn|2\n|\n|t:|1781458372\n|move|p1a: Froslass|Destiny Bond|p1a: Froslass\n|-singlemove|p1a: Froslass|Destiny Bond\n|move|p2a: Heracross|Megahorn|p1a: Froslass\n|-resisted|p1a: Froslass\n|-damage|p1a: Froslass|0 fnt\n|-start|p2a: Heracross|Disable|Megahorn|[from] ability: Cursed Body|[of] p1a: Froslass\n|faint|p1a: Froslass\n|-activate|p1a: Froslass|move: Destiny Bond\n|faint|p2a: Heracross\n|\n|upkeep\n|\n|t:|1781458386\n|switch|p1a: Sceptile|Sceptile, L87, M|264/264\n|switch|p2a: Dusknoir|Dusknoir, L89, F|225/225\n|-item|p1a: Sceptile|Life Orb|[from] ability: Frisk|[of] p2a: Dusknoir\n|turn|3\n|\n|t:|1781458395\n|-singleturn|p2a: Dusknoir|move: Focus Punch\n|move|p1a: Sceptile|Leaf Storm|p2a: Dusknoir\n|-damage|p2a: Dusknoir|99/225\n|-unboost|p1a: Sceptile|spa|2\n|-damage|p1a: Sceptile|238/264|[from] item: Life Orb\n|cant|p2a: Dusknoir|Focus Punch|Focus Punch\n|\n|-heal|p2a: Dusknoir|113/225|[from] item: Leftovers\n|upkeep\n|turn|4\n|\n|t:|1781458404\n|move|p1a: Sceptile|Shed Tail|p1a: Sceptile\n|-start|p1a: Sceptile|Substitute|[from] move: Shed Tail\n|-damage|p1a: Sceptile|106/264\n|\n|t:|1781458410\n|switch|p1a: Torterra|Torterra, L78, F|276/276|[from] Shed Tail\n|move|p2a: Dusknoir|Poltergeist|p1a: Torterra\n|-activate|p1a: Torterra|move: Poltergeist|Loaded Dice\n|-end|p1a: Torterra|Substitute\n|\n|-heal|p2a: Dusknoir|127/225|[from] item: Leftovers\n|upkeep\n|turn|5\n|\n|t:|1781458423\n|move|p1a: Torterra|Bullet Seed|p2a: Dusknoir\n|-damage|p2a: Dusknoir|108/225\n|-damage|p2a: Dusknoir|90/225\n|-damage|p2a: Dusknoir|72/225\n|-damage|p2a: Dusknoir|54/225\n|-crit|p2a: Dusknoir\n|-damage|p2a: Dusknoir|26/225\n|-hitcount|p2a: Dusknoir|5\n|move|p2a: Dusknoir|Poltergeist|p1a: Torterra\n|-activate|p1a: Torterra|move: Poltergeist|Loaded Dice\n|-damage|p1a: Torterra|143/276\n|\n|-heal|p2a: Dusknoir|40/225|[from] item: Leftovers\n|upkeep\n|turn|6\n|\n|t:|1781458435\n|move|p1a: Torterra|Bullet Seed|p2a: Dusknoir\n|-damage|p2a: Dusknoir|21/225\n|-damage|p2a: Dusknoir|2/225\n|-damage|p2a: Dusknoir|0 fnt\n|faint|p2a: Dusknoir\n|-hitcount|p2: Dusknoir|3\n|\n|upkeep\n|\n|t:|1781458444\n|switch|p2a: Chi-Yu|Chi-Yu, L77|211/211\n|-ability|p2a: Chi-Yu|Beads of Ruin\n|turn|7\n|\n|t:|1781458452\n|move|p2a: Chi-Yu|Flamethrower|p1a: Torterra\n|-supereffective|p1a: Torterra\n|-damage|p1a: Torterra|0 fnt\n|faint|p1a: Torterra\n|\n|upkeep\n|\n|t:|1781458458\n|switch|p1a: Blaziken|Blaziken, L76, M|247/247\n|turn|8\n|\n|t:|1781458467\n|move|p2a: Chi-Yu|Flamethrower|p1a: Blaziken\n|-resisted|p1a: Blaziken\n|-damage|p1a: Blaziken|102/247\n|move|p1a: Blaziken|Swords Dance|p1a: Blaziken\n|-boost|p1a: Blaziken|atk|2\n|\n|-ability|p1a: Blaziken|Speed Boost|boost\n|-boost|p1a: Blaziken|spe|1\n|upkeep\n|turn|9\n|\n|t:|1781458475\n|move|p1a: Blaziken|Protect|p1a: Blaziken\n|-singleturn|p1a: Blaziken|Protect\n|move|p2a: Chi-Yu|Flamethrower|p1a: Blaziken\n|-activate|p1a: Blaziken|move: Protect\n|\n|-ability|p1a: Blaziken|Speed Boost|boost\n|-boost|p1a: Blaziken|spe|1\n|upkeep\n|turn|10\n|\n|t:|1781458481\n|move|p1a: Blaziken|Close Combat|p2a: Chi-Yu\n|-supereffective|p2a: Chi-Yu\n|-damage|p2a: Chi-Yu|0 fnt\n|-unboost|p1a: Blaziken|def|1\n|-unboost|p1a: Blaziken|spd|1\n|faint|p2a: Chi-Yu\n|-damage|p1a: Blaziken|78/247|[from] item: Life Orb\n|\n|-ability|p1a: Blaziken|Speed Boost|boost\n|-boost|p1a: Blaziken|spe|1\n|upkeep\n|\n|t:|1781458490\n|switch|p2a: Mesprit|Mesprit, L85|275/275\n|turn|11\n|\n|t:|1781458495\n|move|p1a: Blaziken|Flare Blitz|p2a: Mesprit\n|-damage|p2a: Mesprit|0 fnt\n|faint|p2a: Mesprit\n|-damage|p1a: Blaziken|0 fnt|[from] Recoil\n|faint|p1a: Blaziken\n|\n|upkeep\n|\n|t:|1781458501\n|switch|p2a: Swalot|Swalot, L90, M|326/326\n|switch|p1a: Sceptile|Sceptile, L87, M|106/264\n|turn|12\n|\n|t:|1781458510\n|move|p1a: Sceptile|Earthquake|p2a: Swalot\n|-supereffective|p2a: Swalot\n|-damage|p2a: Swalot|165/326\n|-damage|p1a: Sceptile|80/264|[from] item: Life Orb\n|move|p2a: Swalot|Swords Dance|p2a: Swalot\n|-boost|p2a: Swalot|atk|2\n|\n|-heal|p2a: Swalot|185/326|[from] item: Leftovers\n|upkeep\n|turn|13\n|\n|t:|1781458518\n|move|p1a: Sceptile|Earthquake|p2a: Swalot\n|-supereffective|p2a: Swalot\n|-damage|p2a: Swalot|16/326\n|-damage|p1a: Sceptile|54/264|[from] item: Life Orb\n|move|p2a: Swalot|Gunk Shot|p1a: Sceptile\n|-supereffective|p1a: Sceptile\n|-damage|p1a: Sceptile|0 fnt\n|faint|p1a: Sceptile\n|\n|-heal|p2a: Swalot|36/326|[from] item: Leftovers\n|upkeep\n|\n|t:|1781458530\n|switch|p1a: Manaphy|Manaphy, L78|284/284\n|turn|14\n|\n|t:|1781458538\n|move|p1a: Manaphy|Ice Beam|p2a: Swalot\n|-damage|p2a: Swalot|0 fnt\n|faint|p2a: Swalot\n|\n|upkeep\n|\n|t:|1781458541\n|switch|p2a: Gengar|Gengar, L81, F|230/230\n|turn|15\n|\n|t:|1781458551\n|move|p2a: Gengar|Focus Blast|p1a: Manaphy|[miss]\n|-miss|p2a: Gengar|p1a: Manaphy\n|move|p1a: Manaphy|Hydro Pump|p2a: Gengar\n|-damage|p2a: Gengar|109/230\n|-start|p1a: Manaphy|Disable|Hydro Pump|[from] ability: Cursed Body|[of] p2a: Gengar\n|\n|upkeep\n|turn|16\n|\n|t:|1781458559\n|move|p2a: Gengar|Shadow Ball|p1a: Manaphy\n|-damage|p1a: Manaphy|155/284\n|-damage|p2a: Gengar|86/230|[from] item: Life Orb\n|move|p1a: Manaphy|Ice Beam|p2a: Gengar\n|-damage|p2a: Gengar|24/230\n|\n|-heal|p1a: Manaphy|172/284|[from] item: Leftovers\n|upkeep\n|turn|17\n|\n|t:|1781458568\n|move|p2a: Gengar|Sludge Wave|p1a: Manaphy\n|-damage|p1a: Manaphy|32/284\n|-damage|p2a: Gengar|1/230|[from] item: Life Orb\n|move|p1a: Manaphy|Ice Beam|p2a: Gengar\n|-damage|p2a: Gengar|0 fnt\n|faint|p2a: Gengar\n|\n|win|grddrhgtf\n|raw|grddrhgtf's rating: 1115 &rarr; <strong>1139</strong><br />(+24 for winning)\n|raw|victor5486's rating: 1103 &rarr; <strong>1079</strong><br />(-24 for losing)\n|l|\u2606victor5486\n|player|p2|\n", "inputlog": ">version a8376a258c1d4662feba110a92103f3664a72141\n>start {\"formatid\":\"gen9randombattle\",\"seed\":\"sodium,5bc4ae6c72bd8662d6c8cdcc203421dd\",\"rated\":\"Rated battle\"}\n>player p1 {\"name\":\"grddrhgtf\",\"avatar\":\"170\",\"rating\":1115,\"seed\":\"sodium,8705e7d106e848ef46952e85039d07f9\"}\n>player p2 {\"name\":\"victor5486\",\"avatar\":\"n\",\"rating\":1103,\"seed\":\"sodium,2d1f2f17393203f9c76c26c6afc7885c\"}\n>p1 switch 6\n>p2 move megahorn\n>p1 move destinybond\n>p2 move megahorn\n>p1 switch 2\n>p2 switch 6\n>p1 move leafstorm\n>p2 move focuspunch\n>p1 move shedtail\n>p2 move poltergeist\n>p1 switch 4\n>p1 move bulletseed\n>p2 move poltergeist\n>p1 move bulletseed\n>p2 move substitute\n>p2 switch 4\n>p1 move headlongrush\n>p2 move flamethrower\n>p1 switch 3\n>p1 move swordsdance\n>p2 move flamethrower\n>p1 move protect\n>p2 move flamethrower\n>p1 move closecombat\n>p2 move flamethrower\n>p2 switch 5\n>p1 move flareblitz\n>p2 move psychicnoise\n>p1 switch 4\n>p2 switch 2\n>p1 move earthquake\n>p2 move swordsdance\n>p1 move earthquake\n>p2 move gunkshot\n>p1 switch 6\n>p1 move icebeam\n>p2 move gunkshot\n>p2 switch 3\n>p1 move hydropump\n>p2 move focusblast\n>p1 move icebeam\n>p2 move shadowball\n>p1 move icebeam\n>p2 move sludgewave", "uploadtime": 1781458574, "views": 4, "formatid": "gen9randombattle", "rating": 1079, "private": 0, "password": null}