{"id": "gen9randombattle-2631951507", "format": "[Gen 9] Random Battle", "players": ["Astrokid11", "guillespia"], "log": "|j|\u2606Astrokid11\n|j|\u2606guillespia\n|t:|1781459184\n|gametype|singles\n|player|p1|Astrokid11|2|1964\n|player|p2|guillespia|biker-gen4|1909\n|gen|9\n|tier|[Gen 9] Random Battle\n|rated|\n|rule|Species Clause: Limit one of each Pok\u00e9mon\n|rule|HP Percentage Mod: HP is shown in percentages\n|rule|Sleep Clause Mod: Limit one foe put to sleep\n|rule|Illusion Level Mod: Illusion disguises the Pok\u00e9mon's true level\n|\n|t:|1781459184\n|teamsize|p1|6\n|teamsize|p2|6\n|start\n|switch|p1a: Virizion|Virizion, L82|283/283\n|switch|p2a: Copperajah|Copperajah, L86, F|350/350\n|turn|1\n|inactive|Battle timer is ON: inactive players will automatically lose when time's up. (requested by guillespia)\n|\n|t:|1781459195\n|move|p1a: Virizion|Swords Dance|p1a: Virizion\n|-boost|p1a: Virizion|atk|2\n|move|p2a: Copperajah|Heavy Slam|p1a: Virizion\n|-damage|p1a: Virizion|3/283\n|\n|upkeep\n|turn|2\n|inactive|guillespia has 120 seconds left.\n|\n|t:|1781459237\n|switch|p2a: Passimian|Passimian, L83, F|302/302\n|move|p1a: Virizion|Close Combat|p2a: Passimian\n|-damage|p2a: Passimian|17/302\n|-unboost|p1a: Virizion|def|1\n|-unboost|p1a: Virizion|spd|1\n|-damage|p1a: Virizion|0 fnt|[from] item: Life Orb\n|faint|p1a: Virizion\n|\n|upkeep\n|\n|t:|1781459250\n|switch|p1a: Zebstrika|Zebstrika, L87, M|272/272\n|turn|3\n|inactive|guillespia has 120 seconds left.\n|\n|t:|1781459261\n|move|p2a: Passimian|Close Combat|p1a: Zebstrika\n|-damage|p1a: Zebstrika|97/272\n|-unboost|p2a: Passimian|def|1\n|-unboost|p2a: Passimian|spd|1\n|move|p1a: Zebstrika|Volt Switch|p2a: Passimian\n|-damage|p2a: Passimian|0 fnt\n|faint|p2a: Passimian\n|-damage|p1a: Zebstrika|70/272|[from] item: Life Orb\n|\n|t:|1781459272\n|switch|p1a: Leafeon|Leafeon, L88, M|258/258|[from] Volt Switch\n|\n|upkeep\n|inactive|guillespia has 120 seconds left.\n|\n|t:|1781459285\n|switch|p2a: Copperajah|Copperajah, L86, F|350/350\n|turn|4\n|\n|t:|1781459296\n|switch|p1a: Swampert|Swampert, L83, M|302/302\n|move|p2a: Copperajah|Heavy Slam|p1a: Swampert\n|-resisted|p1a: Swampert\n|-damage|p1a: Swampert|182/302\n|\n|-heal|p1a: Swampert|200/302|[from] item: Leftovers\n|upkeep\n|turn|5\n|inactive|guillespia has 120 seconds left.\n|\n|t:|1781459313\n|move|p1a: Swampert|Stealth Rock|p2a: Copperajah\n|-sidestart|p2: guillespia|move: Stealth Rock\n|move|p2a: Copperajah|Heavy Slam|p1a: Swampert\n|-resisted|p1a: Swampert\n|-damage|p1a: Swampert|73/302\n|\n|-heal|p1a: Swampert|91/302|[from] item: Leftovers\n|upkeep\n|turn|6\n|\n|t:|1781459316\n|move|p1a: Swampert|Knock Off|p2a: Copperajah\n|-damage|p2a: Copperajah|270/350\n|-enditem|p2a: Copperajah|Choice Band|[from] move: Knock Off|[of] p1a: Swampert\n|move|p2a: Copperajah|Heavy Slam|p1a: Swampert\n|-resisted|p1a: Swampert\n|-damage|p1a: Swampert|4/302\n|\n|-heal|p1a: Swampert|22/302|[from] item: Leftovers\n|upkeep\n|turn|7\n|\n|t:|1781459322\n|move|p1a: Swampert|Earthquake|p2a: Copperajah\n|-supereffective|p2a: Copperajah\n|-damage|p2a: Copperajah|16/350\n|move|p2a: Copperajah|Knock Off|p1a: Swampert\n|-damage|p1a: Swampert|0 fnt\n|-enditem|p1a: Swampert|Leftovers|[from] move: Knock Off|[of] p2a: Copperajah\n|faint|p1a: Swampert\n|\n|upkeep\n|\n|t:|1781459329\n|switch|p1a: Drifblim|Drifblim, L86, F|398/398\n|turn|8\n|\n|t:|1781459334\n|move|p1a: Drifblim|Shadow Ball|p2a: Copperajah\n|-damage|p2a: Copperajah|0 fnt\n|faint|p2a: Copperajah\n|\n|upkeep\n|\n|t:|1781459341\n|switch|p2a: Beartic|Beartic, L91, F|321/321\n|turn|9\n|\n|t:|1781459350\n|move|p1a: Drifblim|Strength Sap|p2a: Beartic\n|-unboost|p2a: Beartic|atk|1\n|move|p2a: Beartic|Swords Dance|p2a: Beartic\n|-boost|p2a: Beartic|atk|2\n|\n|upkeep\n|turn|10\n|\n|t:|1781459358\n|move|p1a: Drifblim|Air Slash|p2a: Beartic\n|-damage|p2a: Beartic|246/321\n|move|p2a: Beartic|Swords Dance|p2a: Beartic\n|-boost|p2a: Beartic|atk|2\n|\n|upkeep\n|turn|11\n|\n|t:|1781459363\n|move|p1a: Drifblim|Air Slash|p2a: Beartic\n|-crit|p2a: Beartic\n|-damage|p2a: Beartic|132/321\n|cant|p2a: Beartic|flinch\n|\n|upkeep\n|turn|12\n|\n|t:|1781459370\n|move|p1a: Drifblim|Air Slash|p2a: Beartic\n|-damage|p2a: Beartic|56/321\n|move|p2a: Beartic|Icicle Crash|p1a: Drifblim\n|-supereffective|p1a: Drifblim\n|-damage|p1a: Drifblim|0 fnt\n|faint|p1a: Drifblim\n|\n|upkeep\n|\n|t:|1781459374\n|switch|p1a: Leafeon|Leafeon, L88, M|258/258\n|turn|13\n|\n|t:|1781459379\n|move|p1a: Leafeon|Leaf Blade|p2a: Beartic\n|-damage|p2a: Beartic|0 fnt\n|faint|p2a: Beartic\n|-damage|p1a: Leafeon|233/258|[from] item: Life Orb\n|\n|upkeep\n|\n|t:|1781459384\n|switch|p2a: Meloetta|Meloetta, L82|298/298\n|-damage|p2a: Meloetta|261/298|[from] Stealth Rock\n|turn|14\n|\n|t:|1781459406\n|move|p1a: Leafeon|Swords Dance|p1a: Leafeon\n|-boost|p1a: Leafeon|atk|2\n|move|p2a: Meloetta|Relic Song|p1a: Leafeon\n|-damage|p1a: Leafeon|77/258\n|-formechange|p2a: Meloetta|Meloetta-Pirouette|[msg]\n|-damage|p2a: Meloetta|232/298|[from] item: Life Orb\n|\n|upkeep\n|turn|15\n|\n|t:|1781459414\n|move|p2a: Meloetta|Triple Axel|p1a: Leafeon|[miss]\n|-miss|p2a: Meloetta|p1a: Leafeon\n|move|p1a: Leafeon|Leaf Blade|p2a: Meloetta\n|-damage|p2a: Meloetta|0 fnt\n|faint|p2a: Meloetta\n|-damage|p1a: Leafeon|52/258|[from] item: Life Orb\n|\n|upkeep\n|\n|t:|1781459422\n|switch|p2a: Lumineon|Lumineon, L93, M|279/279\n|-damage|p2a: Lumineon|245/279|[from] Stealth Rock\n|turn|16\n|\n|t:|1781459430\n|move|p2a: Lumineon|Ice Beam|p1a: Leafeon\n|-supereffective|p1a: Leafeon\n|-damage|p1a: Leafeon|0 fnt\n|faint|p1a: Leafeon\n|-damage|p2a: Lumineon|218/279|[from] item: Life Orb\n|\n|upkeep\n|\n|t:|1781459433\n|switch|p1a: Zebstrika|Zebstrika, L87, M|70/272\n|turn|17\n|\n|t:|1781459439\n|-terastallize|p2a: Lumineon|Fairy\n|move|p1a: Zebstrika|Volt Switch|p2a: Lumineon\n|-damage|p2a: Lumineon|140/279\n|-damage|p1a: Zebstrika|43/272|[from] item: Life Orb\n|\n|t:|1781459441\n|switch|p1a: Oranguru|Oranguru, L92, F|315/315|[from] Volt Switch\n|move|p2a: Lumineon|Ice Beam|p1a: Oranguru\n|-damage|p1a: Oranguru|255/315\n|-damage|p2a: Lumineon|113/279|[from] item: Life Orb\n|\n|-heal|p1a: Oranguru|274/315|[from] item: Leftovers\n|upkeep\n|turn|18\n|\n|t:|1781459450\n|move|p2a: Lumineon|Hydro Pump|p1a: Oranguru|[miss]\n|-miss|p2a: Lumineon|p1a: Oranguru\n|move|p1a: Oranguru|Psychic|p2a: Lumineon\n|-damage|p2a: Lumineon|17/279\n|\n|-heal|p1a: Oranguru|293/315|[from] item: Leftovers\n|upkeep\n|turn|19\n|\n|t:|1781459455\n|move|p2a: Lumineon|Hydro Pump|p1a: Oranguru\n|-damage|p1a: Oranguru|176/315\n|-damage|p2a: Lumineon|0 fnt|[from] item: Life Orb\n|faint|p2a: Lumineon\n|move|p1a: Oranguru|Nasty Plot|p1a: Oranguru\n|-boost|p1a: Oranguru|spa|2\n|\n|-heal|p1a: Oranguru|195/315|[from] item: Leftovers\n|upkeep\n|\n|t:|1781459458\n|switch|p2a: Pawmot|Pawmot, L80, F|243/243\n|-damage|p2a: Pawmot|228/243|[from] Stealth Rock\n|turn|20\n|\n|t:|1781459460\n|move|p2a: Pawmot|Knock Off|p1a: Oranguru\n|-supereffective|p1a: Oranguru\n|-damage|p1a: Oranguru|0 fnt\n|-enditem|p1a: Oranguru|Leftovers|[from] move: Knock Off|[of] p2a: Pawmot\n|faint|p1a: Oranguru\n|-damage|p2a: Pawmot|204/243|[from] item: Life Orb\n|\n|upkeep\n|\n|t:|1781459462\n|switch|p1a: Zebstrika|Zebstrika, L87, M|43/272\n|turn|21\n|\n|t:|1781459472\n|-terastallize|p1a: Zebstrika|Ground\n|move|p1a: Zebstrika|High Horsepower|p2a: Pawmot\n|-supereffective|p2a: Pawmot\n|-crit|p2a: Pawmot\n|-damage|p2a: Pawmot|0 fnt\n|faint|p2a: Pawmot\n|-damage|p1a: Zebstrika|16/272|[from] item: Life Orb\n|\n|win|Astrokid11\n", "inputlog": ">version a8376a258c1d4662feba110a92103f3664a72141\n>start {\"formatid\":\"gen9randombattle\",\"seed\":\"sodium,0fb9604b15e37d416cdc911320b638ac\",\"rated\":\"Rated battle\"}\n>player p1 {\"name\":\"Astrokid11\",\"avatar\":\"2\",\"rating\":1964,\"seed\":\"sodium,2641dfd58decb311e3a1afd6e077284e\"}\n>player p2 {\"name\":\"guillespia\",\"avatar\":\"biker-gen4\",\"rating\":1909,\"seed\":\"sodium,d149e76ccc16584f91ce2905ad2b5982\"}\n>p1 move swordsdance\n>p2 move heavyslam\n>p1 move closecombat\n>p2 switch 2\n>p1 switch 5\n>p1 move voltswitch\n>p2 move closecombat\n>p1 switch 6\n>p2 switch 2\n>p1 switch 2\n>p2 move heavyslam\n>p1 move stealthrock\n>p2 move heavyslam\n>p1 move knockoff\n>p2 move heavyslam\n>p1 move earthquake\n>p2 move knockoff\n>p1 switch 4\n>p1 move shadowball\n>p2 move knockoff\n>p2 switch 3\n>p1 move strengthsap\n>p2 move swordsdance\n>p1 move airslash\n>p2 move swordsdance\n>p1 move airslash\n>p2 move iciclecrash\n>p1 move airslash\n>p2 move iciclecrash\n>p1 switch 2\n>p1 move leafblade\n>p2 move iciclecrash\n>p2 switch 6\n>p1 move swordsdance\n>p2 move relicsong\n>p1 move leafblade\n>p2 move tripleaxel\n>p2 switch 5\n>p1 move leafblade\n>p2 move icebeam\n>p1 switch 6\n>p1 move voltswitch\n>p2 move icebeam terastallize\n>p1 switch 3\n>p1 move psychic\n>p2 move hydropump\n>p1 move nastyplot\n>p2 move hydropump\n>p2 switch 4\n>p1 move psychic\n>p2 move knockoff\n>p1 switch 3\n>p1 move highhorsepower terastallize\n>p2 move knockoff", "uploadtime": 1781459186, "views": 4, "formatid": "gen9randombattle", "rating": null, "private": 0, "password": null}