{"id": "gen9randombattle-2631872771", "format": "[Gen 9] Random Battle", "players": ["MonkeyDspecks", "Bigtitbitch"], "log": "|j|\u2606MonkeyDspecks\n|j|\u2606Bigtitbitch\n|t:|1781450555\n|gametype|singles\n|player|p1|MonkeyDspecks|266|\n|player|p2|Bigtitbitch|1|\n|gen|9\n|tier|[Gen 9] Random Battle\n|rule|Species Clause: Limit one of each Pok\u00e9mon\n|rule|HP Percentage Mod: HP is shown in percentages\n|rule|Sleep Clause Mod: Limit one foe put to sleep\n|rule|Illusion Level Mod: Illusion disguises the Pok\u00e9mon's true level\n|\n|t:|1781450555\n|teamsize|p1|6\n|teamsize|p2|6\n|start\n|switch|p1a: Abomasnow|Abomasnow, L84, M|287/287\n|switch|p2a: Rillaboom|Rillaboom, L79, M|288/288\n|-fieldstart|move: Grassy Terrain|[from] ability: Grassy Surge|[of] p2a: Rillaboom\n|-weather|Snowscape|[from] ability: Snow Warning|[of] p1a: Abomasnow\n|turn|1\n|\n|t:|1781450580\n|move|p2a: Rillaboom|Knock Off|p1a: Abomasnow\n|-damage|p1a: Abomasnow|218/287\n|-enditem|p1a: Abomasnow|Light Clay|[from] move: Knock Off|[of] p2a: Rillaboom\n|-damage|p2a: Rillaboom|260/288|[from] item: Life Orb\n|move|p1a: Abomasnow|Aurora Veil|p1a: Abomasnow\n|-sidestart|p1: MonkeyDspecks|move: Aurora Veil\n|\n|-weather|Snowscape|[upkeep]\n|-heal|p2a: Rillaboom|278/288|[from] Grassy Terrain\n|-heal|p1a: Abomasnow|235/287|[from] Grassy Terrain\n|upkeep\n|turn|2\n|\n|t:|1781450591\n|move|p2a: Rillaboom|Swords Dance|p2a: Rillaboom\n|-boost|p2a: Rillaboom|atk|2\n|move|p1a: Abomasnow|Blizzard|p2a: Rillaboom\n|-supereffective|p2a: Rillaboom\n|-crit|p2a: Rillaboom\n|-damage|p2a: Rillaboom|0 fnt\n|faint|p2a: Rillaboom\n|\n|-weather|Snowscape|[upkeep]\n|-heal|p1a: Abomasnow|252/287|[from] Grassy Terrain\n|upkeep\n|\n|t:|1781450605\n|switch|p2a: Arcanine|Arcanine, L84, M|288/288\n|-ability|p2a: Arcanine|Intimidate|boost\n|-unboost|p1a: Abomasnow|atk|1\n|turn|3\n|\n|t:|1781450615\n|switch|p1a: Keldeo|Keldeo-Resolute, L79|273/273\n|move|p2a: Arcanine|Flare Blitz|p1a: Keldeo\n|-resisted|p1a: Keldeo\n|-damage|p1a: Keldeo|236/273\n|-damage|p2a: Arcanine|276/288|[from] Recoil\n|\n|-weather|Snowscape|[upkeep]\n|-heal|p1a: Keldeo|253/273|[from] Grassy Terrain\n|-heal|p1a: Keldeo|270/273|[from] item: Leftovers\n|-heal|p2a: Arcanine|288/288|[from] Grassy Terrain\n|upkeep\n|turn|4\n|\n|t:|1781450631\n|move|p1a: Keldeo|Calm Mind|p1a: Keldeo\n|-boost|p1a: Keldeo|spa|1\n|-boost|p1a: Keldeo|spd|1\n|move|p2a: Arcanine|Will-O-Wisp|p1a: Keldeo\n|-status|p1a: Keldeo|brn\n|\n|-weather|Snowscape|[upkeep]\n|-heal|p1a: Keldeo|273/273 brn|[from] Grassy Terrain\n|-damage|p1a: Keldeo|256/273 brn|[from] brn\n|upkeep\n|turn|5\n|\n|t:|1781450654\n|move|p1a: Keldeo|Hydro Pump|p2a: Arcanine|[miss]\n|-miss|p1a: Keldeo|p2a: Arcanine\n|move|p2a: Arcanine|Morning Sun|p2a: Arcanine\n|-fail|p2a: Arcanine|heal\n|\n|-weather|none\n|-heal|p1a: Keldeo|273/273 brn|[from] Grassy Terrain\n|-damage|p1a: Keldeo|256/273 brn|[from] brn\n|-sideend|p1: MonkeyDspecks|move: Aurora Veil\n|-fieldend|move: Grassy Terrain\n|upkeep\n|turn|6\n|\n|t:|1781450679\n|switch|p2a: Whimsicott|Whimsicott, L84, F|238/238\n|move|p1a: Keldeo|Hydro Pump|p2a: Whimsicott|[miss]\n|-miss|p1a: Keldeo|p2a: Whimsicott\n|\n|-heal|p1a: Keldeo|273/273 brn|[from] item: Leftovers\n|-damage|p1a: Keldeo|256/273 brn|[from] brn\n|upkeep\n|turn|7\n|\n|t:|1781450690\n|switch|p1a: Abomasnow|Abomasnow, L84, M|252/287\n|-weather|Snowscape|[from] ability: Snow Warning|[of] p1a: Abomasnow\n|move|p2a: Whimsicott|Giga Drain|p1a: Abomasnow\n|-resisted|p1a: Abomasnow\n|-damage|p1a: Abomasnow|217/287\n|\n|-weather|Snowscape|[upkeep]\n|upkeep\n|turn|8\n|\n|t:|1781450700\n|switch|p2a: Arcanine|Arcanine, L84, M|288/288\n|-ability|p2a: Arcanine|Intimidate|boost\n|-unboost|p1a: Abomasnow|atk|1\n|move|p1a: Abomasnow|Aurora Veil|p1a: Abomasnow\n|-sidestart|p1: MonkeyDspecks|move: Aurora Veil\n|\n|-weather|Snowscape|[upkeep]\n|upkeep\n|turn|9\n|\n|t:|1781450711\n|-terastallize|p1a: Abomasnow|Water\n|move|p2a: Arcanine|Flare Blitz|p1a: Abomasnow\n|-resisted|p1a: Abomasnow\n|-damage|p1a: Abomasnow|177/287\n|-damage|p2a: Arcanine|275/288|[from] Recoil\n|move|p1a: Abomasnow|Blizzard|p2a: Arcanine\n|-resisted|p2a: Arcanine\n|-damage|p2a: Arcanine|218/288\n|\n|-weather|Snowscape|[upkeep]\n|upkeep\n|turn|10\n|\n|t:|1781450723\n|switch|p2a: Whimsicott|Whimsicott, L84, F|238/238\n|move|p1a: Abomasnow|Blizzard|p2a: Whimsicott\n|-supereffective|p2a: Whimsicott\n|-damage|p2a: Whimsicott|0 fnt\n|faint|p2a: Whimsicott\n|\n|-weather|Snowscape|[upkeep]\n|upkeep\n|\n|t:|1781450734\n|switch|p2a: Garganacl|Garganacl, L80, F|291/291\n|turn|11\n|\n|t:|1781450740\n|move|p1a: Abomasnow|Wood Hammer|p2a: Garganacl\n|-supereffective|p2a: Garganacl\n|-damage|p2a: Garganacl|171/291\n|-damage|p1a: Abomasnow|137/287|[from] Recoil\n|move|p2a: Garganacl|Iron Defense|p2a: Garganacl\n|-boost|p2a: Garganacl|def|2\n|\n|-weather|none\n|-heal|p2a: Garganacl|189/291|[from] item: Leftovers\n|upkeep\n|turn|12\n|\n|t:|1781450751\n|switch|p1a: Dedenne|Dedenne, L88, M|261/261\n|move|p2a: Garganacl|Body Press|p1a: Dedenne\n|-resisted|p1a: Dedenne\n|-damage|p1a: Dedenne|219/261\n|\n|-heal|p2a: Garganacl|207/291|[from] item: Leftovers\n|-sideend|p1: MonkeyDspecks|move: Aurora Veil\n|upkeep\n|turn|13\n|\n|t:|1781450761\n|move|p1a: Dedenne|Nuzzle|p2a: Garganacl\n|-damage|p2a: Garganacl|200/291\n|move|p2a: Garganacl|Salt Cure|p1a: Dedenne\n|-damage|p1a: Dedenne|167/261\n|-start|p1a: Dedenne|Salt Cure\n|\n|-heal|p2a: Garganacl|218/291|[from] item: Leftovers\n|-damage|p1a: Dedenne|135/261|[from] Salt Cure\n|upkeep\n|turn|14\n|\n|t:|1781450781\n|switch|p2a: Gallade|Gallade, L80, M|240/240\n|move|p1a: Dedenne|Nuzzle|p2a: Gallade\n|-damage|p2a: Gallade|218/240\n|-status|p2a: Gallade|par\n|\n|-damage|p1a: Dedenne|103/261|[from] Salt Cure\n|upkeep\n|-enditem|p1a: Dedenne|Sitrus Berry|[eat]\n|-heal|p1a: Dedenne|168/261|[from] item: Sitrus Berry\n|-heal|p1a: Dedenne|255/261|[from] ability: Cheek Pouch\n|turn|15\n|\n|t:|1781450802\n|move|p1a: Dedenne|Super Fang|p2a: Gallade\n|-damage|p2a: Gallade|109/240 par\n|move|p2a: Gallade|Agility|p2a: Gallade\n|-boost|p2a: Gallade|spe|2\n|\n|-damage|p1a: Dedenne|223/261|[from] Salt Cure\n|upkeep\n|turn|16\n|\n|t:|1781450811\n|move|p1a: Dedenne|Dazzling Gleam|p2a: Gallade\n|-supereffective|p2a: Gallade\n|-damage|p2a: Gallade|0 fnt\n|faint|p2a: Gallade\n|\n|-damage|p1a: Dedenne|191/261|[from] Salt Cure\n|upkeep\n|\n|t:|1781450829\n|switch|p2a: Arcanine|Arcanine, L84, M|218/288\n|-ability|p2a: Arcanine|Intimidate|boost\n|-unboost|p1a: Dedenne|atk|1\n|turn|17\n|\n|t:|1781450835\n|move|p1a: Dedenne|Nuzzle|p2a: Arcanine\n|-damage|p2a: Arcanine|205/288\n|-status|p2a: Arcanine|par\n|cant|p2a: Arcanine|par\n|\n|-damage|p1a: Dedenne|159/261|[from] Salt Cure\n|upkeep\n|turn|18\n|\n|t:|1781450846\n|switch|p1a: Abomasnow|Abomasnow, L84, M, tera:Water|137/287\n|-weather|Snowscape|[from] ability: Snow Warning|[of] p1a: Abomasnow\n|move|p2a: Arcanine|Close Combat|p1a: Abomasnow\n|-damage|p1a: Abomasnow|31/287\n|-unboost|p2a: Arcanine|def|1\n|-unboost|p2a: Arcanine|spd|1\n|\n|-weather|Snowscape|[upkeep]\n|upkeep\n|turn|19\n|\n|t:|1781450858\n|switch|p2a: Garganacl|Garganacl, L80, F|218/291\n|move|p1a: Abomasnow|Aurora Veil|p1a: Abomasnow\n|-sidestart|p1: MonkeyDspecks|move: Aurora Veil\n|\n|-weather|Snowscape|[upkeep]\n|-heal|p2a: Garganacl|236/291|[from] item: Leftovers\n|upkeep\n|turn|20\n|\n|t:|1781450867\n|move|p1a: Abomasnow|Wood Hammer|p2a: Garganacl\n|-supereffective|p2a: Garganacl\n|-damage|p2a: Garganacl|32/291\n|-damage|p1a: Abomasnow|0 fnt|[from] Recoil\n|faint|p1a: Abomasnow\n|move|p2a: Garganacl|Salt Cure|p1: Abomasnow|[notarget]\n|-fail|p2a: Garganacl\n|\n|-weather|Snowscape|[upkeep]\n|-heal|p2a: Garganacl|50/291|[from] item: Leftovers\n|upkeep\n|\n|t:|1781450871\n|switch|p1a: Munkidori|Munkidori, L79, M|269/269\n|turn|21\n|\n|t:|1781450879\n|move|p1a: Munkidori|Psyshock|p2a: Garganacl\n|-damage|p2a: Garganacl|0 fnt\n|faint|p2a: Garganacl\n|-damage|p1a: Munkidori|243/269|[from] item: Life Orb\n|\n|-weather|Snowscape|[upkeep]\n|upkeep\n|\n|t:|1781450887\n|switch|p2a: Arcanine|Arcanine, L84, M|205/288 par\n|-ability|p2a: Arcanine|Intimidate|boost\n|-unboost|p1a: Munkidori|atk|1\n|turn|22\n|\n|t:|1781450893\n|move|p1a: Munkidori|Sludge Wave|p2a: Arcanine\n|-damage|p2a: Arcanine|44/288 par\n|-damage|p1a: Munkidori|217/269|[from] item: Life Orb\n|move|p2a: Arcanine|Morning Sun|p2a: Arcanine\n|-heal|p2a: Arcanine|116/288 par\n|\n|-weather|none\n|upkeep\n|turn|23\n|\n|t:|1781450904\n|-terastallize|p2a: Arcanine|Fighting\n|move|p1a: Munkidori|Sludge Wave|p2a: Arcanine\n|-damage|p2a: Arcanine|0 fnt\n|faint|p2a: Arcanine\n|-damage|p1a: Munkidori|191/269|[from] item: Life Orb\n|\n|-sideend|p1: MonkeyDspecks|move: Aurora Veil\n|upkeep\n|\n|t:|1781450913\n|switch|p2a: Chien-Pao|Chien-Pao, L72|234/234\n|-ability|p2a: Chien-Pao|Sword of Ruin\n|turn|24\n|\n|t:|1781450940\n|switch|p1a: Dedenne|Dedenne, L88, M|159/261\n|move|p2a: Chien-Pao|Throat Chop|p1a: Dedenne\n|-resisted|p1a: Dedenne\n|-damage|p1a: Dedenne|61/261\n|-start|p1a: Dedenne|Throat Chop|[silent]\n|\n|upkeep\n|turn|25\n|\n|t:|1781450947\n|move|p2a: Chien-Pao|Throat Chop|p1a: Dedenne\n|-resisted|p1a: Dedenne\n|-damage|p1a: Dedenne|0 fnt\n|faint|p1a: Dedenne\n|\n|upkeep\n|\n|t:|1781450956\n|switch|p1a: Bellossom|Bellossom, L84, M|263/263\n|turn|26\n|\n|t:|1781450960\n|move|p2a: Chien-Pao|Throat Chop|p1a: Bellossom\n|-damage|p1a: Bellossom|121/263\n|-start|p1a: Bellossom|Throat Chop|[silent]\n|move|p1a: Bellossom|Strength Sap|p2a: Chien-Pao\n|-unboost|p2a: Chien-Pao|atk|1\n|-heal|p1a: Bellossom|263/263\n|\n|upkeep\n|turn|27\n|\n|t:|1781450967\n|move|p2a: Chien-Pao|Throat Chop|p1a: Bellossom\n|-damage|p1a: Bellossom|172/263\n|move|p1a: Bellossom|Strength Sap|p2a: Chien-Pao\n|-unboost|p2a: Chien-Pao|atk|1\n|-heal|p1a: Bellossom|263/263\n|\n|-end|p1a: Bellossom|Throat Chop|[silent]\n|upkeep\n|turn|28\n|\n|t:|1781450974\n|move|p2a: Chien-Pao|Throat Chop|p1a: Bellossom\n|-damage|p1a: Bellossom|191/263\n|-start|p1a: Bellossom|Throat Chop|[silent]\n|move|p1a: Bellossom|Strength Sap|p2a: Chien-Pao\n|-unboost|p2a: Chien-Pao|atk|1\n|-heal|p1a: Bellossom|263/263\n|\n|upkeep\n|turn|29\n|\n|t:|1781450981\n|switch|p1a: Latias|Latias, L79, F|256/256\n|move|p2a: Chien-Pao|Throat Chop|p1a: Latias\n|-supereffective|p1a: Latias\n|-damage|p1a: Latias|140/256\n|-start|p1a: Latias|Throat Chop|[silent]\n|\n|upkeep\n|turn|30\n|\n|t:|1781450990\n|move|p2a: Chien-Pao|Throat Chop|p1a: Latias\n|-supereffective|p1a: Latias\n|-damage|p1a: Latias|18/256\n|move|p1a: Latias|Calm Mind|p1a: Latias\n|-boost|p1a: Latias|spa|1\n|-boost|p1a: Latias|spd|1\n|\n|-end|p1a: Latias|Throat Chop|[silent]\n|upkeep\n|turn|31\n|\n|t:|1781450997\n|move|p2a: Chien-Pao|Throat Chop|p1a: Latias\n|-supereffective|p1a: Latias\n|-damage|p1a: Latias|0 fnt\n|faint|p1a: Latias\n|\n|upkeep\n|\n|t:|1781451000\n|switch|p1a: Bellossom|Bellossom, L84, M|263/263\n|turn|32\n|\n|t:|1781451004\n|move|p2a: Chien-Pao|Throat Chop|p1a: Bellossom\n|-damage|p1a: Bellossom|209/263\n|-start|p1a: Bellossom|Throat Chop|[silent]\n|move|p1a: Bellossom|Moonblast|p2a: Chien-Pao\n|-supereffective|p2a: Chien-Pao\n|-damage|p2a: Chien-Pao|42/234\n|\n|-heal|p1a: Bellossom|225/263|[from] item: Leftovers\n|upkeep\n|turn|33\n|\n|t:|1781451012\n|move|p2a: Chien-Pao|Throat Chop|p1a: Bellossom\n|-damage|p1a: Bellossom|171/263\n|move|p1a: Bellossom|Moonblast|p2a: Chien-Pao\n|-supereffective|p2a: Chien-Pao\n|-damage|p2a: Chien-Pao|0 fnt\n|faint|p2a: Chien-Pao\n|\n|win|MonkeyDspecks\n", "inputlog": ">version a8376a258c1d4662feba110a92103f3664a72141\n>start {\"formatid\":\"gen9randombattle\",\"seed\":\"sodium,39cea9780cb1e7928705f2048a7dbbcc\"}\n>player p1 {\"name\":\"MonkeyDspecks\",\"avatar\":\"266\",\"rating\":0,\"seed\":\"sodium,6fe86d421896a2c52255c277cb075705\"}\n>player p2 {\"name\":\"Bigtitbitch\",\"avatar\":\"1\",\"rating\":0,\"seed\":\"sodium,230097d0f62348963e70f30c01e4482d\"}\n>p1 move auroraveil\n>p2 move knockoff\n>p1 move blizzard\n>p2 move swordsdance\n>p2 switch 6\n>p1 switch 5\n>p2 move flareblitz\n>p1 move calmmind\n>p2 move willowisp\n>p1 move hydropump\n>p2 move morningsun\n>p1 move hydropump\n>p2 switch 4\n>p1 switch 5\n>p2 move gigadrain\n>p1 move auroraveil\n>p2 switch 4\n>p1 move blizzard terastallize\n>p2 move flareblitz\n>p1 move blizzard\n>p2 switch 4\n>p2 switch 2\n>p1 move woodhammer\n>p2 move irondefense\n>p1 switch 3\n>p2 move bodypress\n>p1 move nuzzle\n>p2 move saltcure\n>p1 move nuzzle\n>p2 switch 5\n>p1 move superfang\n>p2 move agility\n>p1 move dazzlinggleam\n>p2 move psychocut\n>p2 switch 4\n>p1 move nuzzle\n>p2 move willowisp\n>p1 switch 3\n>p2 move closecombat\n>p1 move auroraveil\n>p2 switch 5\n>p1 move woodhammer\n>p2 move saltcure\n>p1 switch 4\n>p1 move psyshock\n>p2 move recover\n>p2 switch 5\n>p1 move sludgewave\n>p2 move morningsun\n>p1 move sludgewave\n>p2 move closecombat terastallize\n>p2 switch 3\n>p1 switch 3\n>p2 move throatchop\n>p1 move nuzzle\n>p2 move throatchop\n>p1 switch 2\n>p1 move strengthsap\n>p2 move throatchop\n>p1 move strengthsap\n>p2 move throatchop\n>p1 move strengthsap\n>p2 move throatchop\n>p1 switch 6\n>p2 move throatchop\n>p1 move calmmind\n>p2 move throatchop\n>p1 move calmmind\n>p2 move throatchop\n>p1 switch 6\n>p1 move moonblast\n>p2 move throatchop\n>p1 move moonblast\n>p2 move throatchop", "uploadtime": 1781451013, "views": 4, "formatid": "gen9randombattle", "rating": null, "private": 0, "password": null}