{"id": "gen9randombattle-2631945380", "format": "[Gen 9] Random Battle", "players": ["F Boogie", "RedDudeN64"], "log": "|j|\u2606F Boogie\n|j|\u2606RedDudeN64\n|t:|1781458514\n|gametype|singles\n|player|p1|F Boogie|veteran-gen4|2151\n|player|p2|RedDudeN64|red|2155\n|gen|9\n|tier|[Gen 9] Random Battle\n|rated|\n|rule|Species Clause: Limit one of each Pok\u00e9mon\n|rule|HP Percentage Mod: HP is shown in percentages\n|rule|Sleep Clause Mod: Limit one foe put to sleep\n|rule|Illusion Level Mod: Illusion disguises the Pok\u00e9mon's true level\n|\n|t:|1781458514\n|teamsize|p1|6\n|teamsize|p2|6\n|start\n|switch|p1a: Wigglytuff|Wigglytuff, L96, M|424/424\n|switch|p2a: Virizion|Virizion, L82|283/283\n|turn|1\n|inactive|Battle timer is ON: inactive players will automatically lose when time's up. (requested by RedDudeN64)\n|\n|t:|1781458539\n|move|p2a: Virizion|Swords Dance|p2a: Virizion\n|-boost|p2a: Virizion|atk|2\n|move|p1a: Wigglytuff|Dazzling Gleam|p2a: Virizion\n|-supereffective|p2a: Virizion\n|-damage|p2a: Virizion|133/283\n|\n|upkeep\n|turn|2\n|\n|t:|1781458559\n|move|p1a: Wigglytuff|Protect|p1a: Wigglytuff\n|-singleturn|p1a: Wigglytuff|Protect\n|move|p2a: Virizion|Close Combat|p1a: Wigglytuff\n|-activate|p1a: Wigglytuff|move: Protect\n|\n|upkeep\n|turn|3\n|\n|t:|1781458587\n|move|p2a: Virizion|Close Combat|p1a: Wigglytuff\n|-damage|p1a: Wigglytuff|5/424\n|-unboost|p2a: Virizion|def|1\n|-unboost|p2a: Virizion|spd|1\n|-damage|p2a: Virizion|105/283|[from] item: Life Orb\n|move|p1a: Wigglytuff|Dazzling Gleam|p2a: Virizion\n|-supereffective|p2a: Virizion\n|-damage|p2a: Virizion|0 fnt\n|faint|p2a: Virizion\n|\n|-heal|p1a: Wigglytuff|31/424|[from] item: Leftovers\n|upkeep\n|\n|t:|1781458591\n|switch|p2a: Skuntank|Skuntank, L84, F|310/310\n|turn|4\n|\n|t:|1781458601\n|move|p1a: Wigglytuff|Protect|p1a: Wigglytuff\n|-singleturn|p1a: Wigglytuff|Protect\n|move|p2a: Skuntank|Knock Off|p1a: Wigglytuff\n|-activate|p1a: Wigglytuff|move: Protect\n|\n|-heal|p1a: Wigglytuff|57/424|[from] item: Leftovers\n|upkeep\n|turn|5\n|\n|t:|1781458607\n|switch|p1a: Passimian|Passimian, L83, M|302/302\n|move|p2a: Skuntank|Knock Off|p1a: Passimian\n|-resisted|p1a: Passimian\n|-damage|p1a: Passimian|256/302\n|-enditem|p1a: Passimian|Choice Band|[from] move: Knock Off|[of] p2a: Skuntank\n|\n|upkeep\n|turn|6\n|\n|t:|1781458610\n|move|p2a: Skuntank|Gunk Shot|p1a: Passimian|[miss]\n|-miss|p2a: Skuntank|p1a: Passimian\n|move|p1a: Passimian|Earthquake|p2a: Skuntank\n|-supereffective|p2a: Skuntank\n|-damage|p2a: Skuntank|124/310\n|\n|-heal|p2a: Skuntank|143/310|[from] item: Leftovers\n|upkeep\n|turn|7\n|\n|t:|1781458614\n|move|p2a: Skuntank|Toxic Spikes|p1a: Passimian\n|-sidestart|p1: F Boogie|move: Toxic Spikes\n|move|p1a: Passimian|Earthquake|p2a: Skuntank\n|-supereffective|p2a: Skuntank\n|-damage|p2a: Skuntank|0 fnt\n|faint|p2a: Skuntank\n|\n|upkeep\n|\n|t:|1781458627\n|switch|p2a: Meganium|Meganium, L90, M|290/290\n|turn|8\n|\n|t:|1781458633\n|move|p1a: Passimian|Knock Off|p2a: Meganium\n|-damage|p2a: Meganium|219/290\n|-enditem|p2a: Meganium|Leftovers|[from] move: Knock Off|[of] p1a: Passimian\n|move|p2a: Meganium|Dragon Tail|p1a: Passimian\n|-damage|p1a: Passimian|208/302\n|drag|p1a: Porygon-Z|Porygon-Z, L83|277/277\n|-status|p1a: Porygon-Z|psn\n|\n|-damage|p1a: Porygon-Z|243/277 psn|[from] psn\n|upkeep\n|turn|9\n|\n|t:|1781458660\n|move|p1a: Porygon-Z|Shadow Ball|p2a: Meganium\n|-damage|p2a: Meganium|138/290\n|-damage|p1a: Porygon-Z|216/277 psn|[from] item: Life Orb\n|move|p2a: Meganium|Dragon Tail|p1a: Porygon-Z\n|-damage|p1a: Porygon-Z|162/277 psn\n|drag|p1a: Araquanid|Araquanid, L82, F|246/246\n|\n|upkeep\n|turn|10\n|\n|t:|1781458667\n|move|p2a: Meganium|Knock Off|p1a: Araquanid\n|-damage|p1a: Araquanid|181/246\n|-enditem|p1a: Araquanid|Heavy-Duty Boots|[from] move: Knock Off|[of] p2a: Meganium\n|move|p1a: Araquanid|Sticky Web|p2a: Meganium\n|-sidestart|p2: RedDudeN64|move: Sticky Web\n|\n|upkeep\n|turn|11\n|\n|t:|1781458669\n|move|p1a: Araquanid|Leech Life|p2a: Meganium\n|-supereffective|p2a: Meganium\n|-damage|p2a: Meganium|30/290\n|-heal|p1a: Araquanid|235/246|[from] drain|[of] p2a: Meganium\n|move|p2a: Meganium|Dragon Tail|p1a: Araquanid\n|-damage|p1a: Araquanid|195/246\n|drag|p1a: Abomasnow|Abomasnow, L84, M|287/287\n|-status|p1a: Abomasnow|psn\n|-weather|Snowscape|[from] ability: Snow Warning|[of] p1a: Abomasnow\n|\n|-weather|Snowscape|[upkeep]\n|-damage|p1a: Abomasnow|252/287 psn|[from] psn\n|upkeep\n|turn|12\n|\n|t:|1781458676\n|switch|p2a: Jirachi|Jirachi, L80|291/291\n|-activate|p2a: Jirachi|move: Sticky Web\n|-unboost|p2a: Jirachi|spe|1\n|move|p1a: Abomasnow|Blizzard|p2a: Jirachi\n|-resisted|p2a: Jirachi\n|-damage|p2a: Jirachi|240/291\n|\n|-weather|Snowscape|[upkeep]\n|-heal|p2a: Jirachi|258/291|[from] item: Leftovers\n|-damage|p1a: Abomasnow|217/287 psn|[from] psn\n|upkeep\n|turn|13\n|\n|t:|1781458681\n|move|p1a: Abomasnow|Aurora Veil|p1a: Abomasnow\n|-sidestart|p1: F Boogie|move: Aurora Veil\n|move|p2a: Jirachi|Iron Head|p1a: Abomasnow\n|-supereffective|p1a: Abomasnow\n|-damage|p1a: Abomasnow|157/287 psn\n|\n|-weather|Snowscape|[upkeep]\n|-heal|p2a: Jirachi|276/291|[from] item: Leftovers\n|-damage|p1a: Abomasnow|122/287 psn|[from] psn\n|upkeep\n|turn|14\n|\n|t:|1781458684\n|move|p1a: Abomasnow|Earthquake|p2a: Jirachi\n|-supereffective|p2a: Jirachi\n|-damage|p2a: Jirachi|146/291\n|move|p2a: Jirachi|Wish|p2a: Jirachi\n|\n|-weather|Snowscape|[upkeep]\n|-heal|p2a: Jirachi|164/291|[from] item: Leftovers\n|-damage|p1a: Abomasnow|87/287 psn|[from] psn\n|upkeep\n|turn|15\n|\n|t:|1781458688\n|move|p2a: Jirachi|Protect|p2a: Jirachi\n|-singleturn|p2a: Jirachi|Protect\n|move|p1a: Abomasnow|Blizzard|p2a: Jirachi\n|-activate|p2a: Jirachi|move: Protect\n|\n|-weather|none\n|-heal|p2a: Jirachi|291/291|[from] move: Wish|[wisher] Jirachi\n|-damage|p1a: Abomasnow|52/287 psn|[from] psn\n|upkeep\n|turn|16\n|\n|t:|1781458690\n|move|p1a: Abomasnow|Earthquake|p2a: Jirachi\n|-supereffective|p2a: Jirachi\n|-damage|p2a: Jirachi|163/291\n|move|p2a: Jirachi|Wish|p2a: Jirachi\n|\n|-heal|p2a: Jirachi|181/291|[from] item: Leftovers\n|-damage|p1a: Abomasnow|17/287 psn|[from] psn\n|upkeep\n|turn|17\n|\n|t:|1781458693\n|move|p2a: Jirachi|Protect|p2a: Jirachi\n|-singleturn|p2a: Jirachi|Protect\n|move|p1a: Abomasnow|Earthquake|p2a: Jirachi\n|-activate|p2a: Jirachi|move: Protect\n|\n|-heal|p2a: Jirachi|291/291|[from] move: Wish|[wisher] Jirachi\n|-damage|p1a: Abomasnow|0 fnt|[from] psn\n|faint|p1a: Abomasnow\n|upkeep\n|\n|t:|1781458699\n|switch|p1a: Wigglytuff|Wigglytuff, L96, M|57/424\n|-status|p1a: Wigglytuff|psn\n|turn|18\n|\n|t:|1781458711\n|move|p1a: Wigglytuff|Knock Off|p2a: Jirachi\n|-supereffective|p2a: Jirachi\n|-damage|p2a: Jirachi|149/291\n|-enditem|p2a: Jirachi|Leftovers|[from] move: Knock Off|[of] p1a: Wigglytuff\n|move|p2a: Jirachi|Psychic|p1a: Wigglytuff\n|-damage|p1a: Wigglytuff|2/424 psn\n|\n|-heal|p1a: Wigglytuff|28/424 psn|[from] item: Leftovers\n|-damage|p1a: Wigglytuff|0 fnt|[from] psn\n|faint|p1a: Wigglytuff\n|upkeep\n|\n|t:|1781458720\n|switch|p1a: Enamorus|Enamorus, L79, F|247/247\n|turn|19\n|\n|t:|1781458736\n|move|p1a: Enamorus|Superpower|p2a: Jirachi\n|-damage|p2a: Jirachi|66/291\n|-boost|p1a: Enamorus|atk|1\n|-boost|p1a: Enamorus|def|1\n|move|p2a: Jirachi|Iron Head|p1a: Enamorus\n|-supereffective|p1a: Enamorus\n|-damage|p1a: Enamorus|186/247\n|\n|-heal|p1a: Enamorus|201/247|[from] item: Leftovers\n|upkeep\n|turn|20\n|\n|t:|1781458745\n|switch|p2a: Enamorus|Enamorus-Therian, L83, F|259/259\n|move|p1a: Enamorus|Superpower|p2a: Enamorus\n|-resisted|p2a: Enamorus\n|-damage|p2a: Enamorus|231/259\n|-boost|p1a: Enamorus|atk|1\n|-boost|p1a: Enamorus|def|1\n|\n|-heal|p1a: Enamorus|216/247|[from] item: Leftovers\n|-sideend|p1: F Boogie|move: Aurora Veil\n|upkeep\n|turn|21\n|\n|t:|1781458749\n|move|p1a: Enamorus|Play Rough|p2a: Enamorus\n|-damage|p2a: Enamorus|65/259\n|move|p2a: Enamorus|Moonblast|p1a: Enamorus\n|-damage|p1a: Enamorus|62/247\n|-boost|p1a: Enamorus|spa|1\n|\n|-heal|p1a: Enamorus|77/247|[from] item: Leftovers\n|upkeep\n|turn|22\n|\n|t:|1781458754\n|move|p1a: Enamorus|Play Rough|p2a: Enamorus\n|-damage|p2a: Enamorus|0 fnt\n|faint|p2a: Enamorus\n|\n|-heal|p1a: Enamorus|92/247|[from] item: Leftovers\n|upkeep\n|\n|t:|1781458757\n|switch|p2a: Feraligatr|Feraligatr, L79, F|264/264\n|-activate|p2a: Feraligatr|move: Sticky Web\n|-unboost|p2a: Feraligatr|spe|1\n|turn|23\n|\n|t:|1781458761\n|move|p1a: Enamorus|Play Rough|p2a: Feraligatr\n|-damage|p2a: Feraligatr|83/264\n|move|p2a: Feraligatr|Ice Punch|p1a: Enamorus\n|-supereffective|p1a: Enamorus\n|-damage|p1a: Enamorus|0 fnt\n|faint|p1a: Enamorus\n|\n|upkeep\n|\n|t:|1781458770\n|switch|p1a: Porygon-Z|Porygon-Z, L83|162/277 psn\n|turn|24\n|\n|t:|1781458774\n|move|p1a: Porygon-Z|Tera Blast|p2a: Feraligatr\n|-crit|p2a: Feraligatr\n|-damage|p2a: Feraligatr|0 fnt\n|faint|p2a: Feraligatr\n|-damage|p1a: Porygon-Z|135/277 psn|[from] item: Life Orb\n|\n|-damage|p1a: Porygon-Z|101/277 psn|[from] psn\n|upkeep\n|\n|t:|1781458776\n|switch|p2a: Jirachi|Jirachi, L80|66/291\n|-activate|p2a: Jirachi|move: Sticky Web\n|-unboost|p2a: Jirachi|spe|1\n|turn|25\n|\n|t:|1781458791\n|move|p2a: Jirachi|Protect|p2a: Jirachi\n|-singleturn|p2a: Jirachi|Protect\n|move|p1a: Porygon-Z|Shadow Ball|p2a: Jirachi\n|-activate|p2a: Jirachi|move: Protect\n|\n|-damage|p1a: Porygon-Z|67/277 psn|[from] psn\n|upkeep\n|turn|26\n|\n|t:|1781458794\n|move|p1a: Porygon-Z|Shadow Ball|p2a: Jirachi\n|-supereffective|p2a: Jirachi\n|-damage|p2a: Jirachi|0 fnt\n|faint|p2a: Jirachi\n|-damage|p1a: Porygon-Z|40/277 psn|[from] item: Life Orb\n|\n|-damage|p1a: Porygon-Z|6/277 psn|[from] psn\n|upkeep\n|-message|RedDudeN64 forfeited.\n|\n|win|F Boogie\n", "inputlog": ">version a8376a258c1d4662feba110a92103f3664a72141\n>start {\"formatid\":\"gen9randombattle\",\"seed\":\"sodium,78ac473c4e0635442fd6d048bbab4075\",\"rated\":\"Rated battle\"}\n>player p1 {\"name\":\"F Boogie\",\"avatar\":\"veteran-gen4\",\"rating\":2151,\"seed\":\"sodium,a71656674e2fce8454a9eb21a3dd8c87\"}\n>player p2 {\"name\":\"RedDudeN64\",\"avatar\":\"red\",\"rating\":2155,\"seed\":\"sodium,dc0eeab655680a93631202df96995960\"}\n>p1 move dazzlinggleam\n>p2 move swordsdance\n>p1 move protect\n>p2 move closecombat\n>p1 move dazzlinggleam\n>p2 move closecombat\n>p2 switch 4\n>p1 move protect\n>p2 move knockoff\n>p1 switch 3\n>p2 move knockoff\n>p1 move earthquake\n>p2 move gunkshot\n>p1 move earthquake\n>p2 move toxicspikes\n>p2 switch 3\n>p1 move knockoff\n>p2 move dragontail\n>p1 move shadowball\n>p2 move dragontail\n>p1 move stickyweb\n>p2 move knockoff\n>p1 move leechlife\n>p2 move dragontail\n>p1 move blizzard\n>p2 switch 5\n>p1 move auroraveil\n>p2 move ironhead\n>p1 move earthquake\n>p2 move wish\n>p1 move blizzard\n>p2 move protect\n>p1 move earthquake\n>p2 move wish\n>p1 move earthquake\n>p2 move protect\n>p1 switch 3\n>p1 move knockoff\n>p2 move psychic\n>p1 switch 5\n>p1 move superpower\n>p2 move ironhead\n>p1 move superpower\n>p2 switch 2\n>p1 move playrough\n>p2 move moonblast\n>p1 move playrough\n>p2 move moonblast\n>p2 switch 6\n>p1 move playrough\n>p2 move icepunch\n>p1 switch 6\n>p1 move terablast\n>p2 move liquidation\n>p2 switch 2\n>p1 move shadowball\n>p2 move protect\n>p1 move shadowball\n>p2 move wish\n>forcelose p2", "uploadtime": 1781458516, "views": 4, "formatid": "gen9randombattle", "rating": null, "private": 0, "password": null}