{"id": "gen9randombattle-2631604628", "format": "[Gen 9] Random Battle", "players": ["Kool Kiddo", "Z10101"], "log": "|j|\u2606Kool Kiddo\n|j|\u2606Z10101\n|t:|1781407596\n|gametype|singles\n|player|p1|Kool Kiddo|hilbert|2071\n|player|p2|Z10101|102|2048\n|gen|9\n|tier|[Gen 9] Random Battle\n|rated|\n|rule|Species Clause: Limit one of each Pok\u00e9mon\n|rule|HP Percentage Mod: HP is shown in percentages\n|rule|Sleep Clause Mod: Limit one foe put to sleep\n|rule|Illusion Level Mod: Illusion disguises the Pok\u00e9mon's true level\n|\n|t:|1781407596\n|teamsize|p1|6\n|teamsize|p2|6\n|start\n|switch|p1a: Regirock|Regirock, L83|268/268\n|switch|p2a: Mesprit|Mesprit, L85|275/275\n|turn|1\n|inactive|Battle timer is ON: inactive players will automatically lose when time's up. (requested by Kool Kiddo)\n|\n|t:|1781407611\n|switch|p1a: Krookodile|Krookodile, L79, F|280/280\n|-ability|p1a: Krookodile|Intimidate|boost\n|-unboost|p2a: Mesprit|atk|1\n|move|p2a: Mesprit|Thunder Wave|p1a: Krookodile\n|-immune|p1a: Krookodile\n|\n|upkeep\n|turn|2\n|\n|t:|1781407619\n|switch|p2a: Bombirdier|Bombirdier, L85, F|258/258\n|move|p1a: Krookodile|Knock Off|p2a: Bombirdier\n|-resisted|p2a: Bombirdier\n|-damage|p2a: Bombirdier|207/258\n|-enditem|p2a: Bombirdier|Heavy-Duty Boots|[from] move: Knock Off|[of] p1a: Krookodile\n|\n|upkeep\n|turn|3\n|\n|t:|1781407624\n|move|p1a: Krookodile|Bulk Up|p1a: Krookodile\n|-boost|p1a: Krookodile|atk|1\n|-boost|p1a: Krookodile|def|1\n|move|p2a: Bombirdier|U-turn|p1a: Krookodile\n|-supereffective|p1a: Krookodile\n|-damage|p1a: Krookodile|196/280\n|\n|t:|1781407633\n|switch|p2a: Passimian|Passimian, L83, F|302/302|[from] U-turn\n|\n|-heal|p1a: Krookodile|213/280|[from] item: Leftovers\n|upkeep\n|turn|4\n|\n|t:|1781407638\n|move|p1a: Krookodile|Bulk Up|p1a: Krookodile\n|-boost|p1a: Krookodile|atk|1\n|-boost|p1a: Krookodile|def|1\n|move|p2a: Passimian|Bulk Up|p2a: Passimian\n|-boost|p2a: Passimian|atk|1\n|-boost|p2a: Passimian|def|1\n|\n|-heal|p1a: Krookodile|230/280|[from] item: Leftovers\n|upkeep\n|turn|5\n|\n|t:|1781407644\n|move|p1a: Krookodile|Earthquake|p2a: Passimian\n|-damage|p2a: Passimian|166/302\n|move|p2a: Passimian|Bulk Up|p2a: Passimian\n|-boost|p2a: Passimian|atk|1\n|-boost|p2a: Passimian|def|1\n|\n|-heal|p1a: Krookodile|247/280|[from] item: Leftovers\n|-heal|p2a: Passimian|184/302|[from] item: Leftovers\n|upkeep\n|turn|6\n|\n|t:|1781407648\n|switch|p1a: Masquerain|Masquerain, L87, M|264/264\n|-ability|p1a: Masquerain|Intimidate|boost\n|-unboost|p2a: Passimian|atk|1\n|-ability|p2a: Passimian|Defiant|boost\n|-boost|p2a: Passimian|atk|2\n|move|p2a: Passimian|Drain Punch|p1a: Masquerain\n|-resisted|p1a: Masquerain\n|-damage|p1a: Masquerain|192/264\n|-heal|p2a: Passimian|220/302|[from] drain|[of] p1a: Masquerain\n|\n|-heal|p2a: Passimian|238/302|[from] item: Leftovers\n|upkeep\n|turn|7\n|\n|t:|1781407665\n|switch|p2a: Porygon2|Porygon2, L81|270/270\n|-ability|p2a: Porygon2|Download|boost\n|-boost|p2a: Porygon2|atk|1\n|move|p1a: Masquerain|Quiver Dance|p1a: Masquerain\n|-boost|p1a: Masquerain|spa|1\n|-boost|p1a: Masquerain|spd|1\n|-boost|p1a: Masquerain|spe|1\n|\n|upkeep\n|turn|8\n|\n|t:|1781407669\n|switch|p1a: Regirock|Regirock, L83|268/268\n|move|p2a: Porygon2|Thunder Wave|p1a: Regirock\n|-status|p1a: Regirock|par\n|\n|upkeep\n|turn|9\n|\n|t:|1781407674\n|switch|p2a: Passimian|Passimian, L83, F|238/302\n|cant|p1a: Regirock|par\n|\n|-heal|p2a: Passimian|256/302|[from] item: Leftovers\n|upkeep\n|turn|10\n|\n|t:|1781407677\n|move|p2a: Passimian|Bulk Up|p2a: Passimian\n|-boost|p2a: Passimian|atk|1\n|-boost|p2a: Passimian|def|1\n|move|p1a: Regirock|Iron Defense|p1a: Regirock\n|-boost|p1a: Regirock|def|2\n|\n|-heal|p2a: Passimian|274/302|[from] item: Leftovers\n|upkeep\n|turn|11\n|\n|t:|1781407680\n|move|p2a: Passimian|Knock Off|p1a: Regirock\n|-damage|p1a: Regirock|238/268 par\n|-enditem|p1a: Regirock|Chesto Berry|[from] move: Knock Off|[of] p2a: Passimian\n|move|p1a: Regirock|Iron Defense|p1a: Regirock\n|-boost|p1a: Regirock|def|2\n|\n|-heal|p2a: Passimian|292/302|[from] item: Leftovers\n|upkeep\n|turn|12\n|\n|t:|1781407685\n|move|p2a: Passimian|Bulk Up|p2a: Passimian\n|-boost|p2a: Passimian|atk|1\n|-boost|p2a: Passimian|def|1\n|move|p1a: Regirock|Iron Defense|p1a: Regirock\n|-boost|p1a: Regirock|def|2\n|\n|-heal|p2a: Passimian|302/302|[from] item: Leftovers\n|upkeep\n|turn|13\n|\n|t:|1781407687\n|move|p2a: Passimian|Bulk Up|p2a: Passimian\n|-boost|p2a: Passimian|atk|1\n|-boost|p2a: Passimian|def|1\n|move|p1a: Regirock|Body Press|p2a: Passimian\n|-damage|p2a: Passimian|147/302\n|\n|-heal|p2a: Passimian|165/302|[from] item: Leftovers\n|upkeep\n|turn|14\n|\n|t:|1781407691\n|move|p2a: Passimian|Bulk Up|p2a: Passimian\n|-boost|p2a: Passimian|atk|1\n|-boost|p2a: Passimian|def|1\n|cant|p1a: Regirock|par\n|\n|-heal|p2a: Passimian|183/302|[from] item: Leftovers\n|upkeep\n|turn|15\n|\n|t:|1781407694\n|move|p2a: Passimian|Bulk Up|p2a: Passimian\n|-boost|p2a: Passimian|atk|1\n|-boost|p2a: Passimian|def|1\n|move|p1a: Regirock|Body Press|p2a: Passimian\n|-damage|p2a: Passimian|75/302\n|\n|-heal|p2a: Passimian|93/302|[from] item: Leftovers\n|upkeep\n|turn|16\n|\n|t:|1781407697\n|move|p2a: Passimian|Drain Punch|p1a: Regirock\n|-supereffective|p1a: Regirock\n|-damage|p1a: Regirock|158/268 par\n|-heal|p2a: Passimian|133/302|[from] drain|[of] p1a: Regirock\n|move|p1a: Regirock|Body Press|p2a: Passimian\n|-damage|p2a: Passimian|11/302\n|\n|-heal|p2a: Passimian|29/302|[from] item: Leftovers\n|upkeep\n|turn|17\n|\n|t:|1781407705\n|move|p2a: Passimian|Drain Punch|p1a: Regirock\n|-supereffective|p1a: Regirock\n|-damage|p1a: Regirock|68/268 par\n|-heal|p2a: Passimian|74/302|[from] drain|[of] p1a: Regirock\n|move|p1a: Regirock|Body Press|p2a: Passimian\n|-damage|p2a: Passimian|0 fnt\n|faint|p2a: Passimian\n|\n|upkeep\n|\n|t:|1781407711\n|switch|p2a: Milotic|Milotic, L83, F|293/293\n|turn|18\n|\n|t:|1781407714\n|move|p2a: Milotic|Scald|p1a: Regirock\n|-supereffective|p1a: Regirock\n|-damage|p1a: Regirock|0 fnt\n|faint|p1a: Regirock\n|\n|upkeep\n|\n|t:|1781407718\n|switch|p1a: Espathra|Espathra, L80, F|283/283\n|turn|19\n|\n|t:|1781407725\n|move|p1a: Espathra|Calm Mind|p1a: Espathra\n|-boost|p1a: Espathra|spa|1\n|-boost|p1a: Espathra|spd|1\n|move|p2a: Milotic|Scald|p1a: Espathra\n|-damage|p1a: Espathra|210/283\n|-status|p1a: Espathra|brn\n|\n|-heal|p1a: Espathra|227/283 brn|[from] item: Leftovers\n|-damage|p1a: Espathra|210/283 brn|[from] brn\n|-ability|p1a: Espathra|Speed Boost|boost\n|-boost|p1a: Espathra|spe|1\n|upkeep\n|turn|20\n|\n|t:|1781407730\n|-terastallize|p1a: Espathra|Fairy\n|move|p1a: Espathra|Calm Mind|p1a: Espathra\n|-boost|p1a: Espathra|spa|1\n|-boost|p1a: Espathra|spd|1\n|move|p2a: Milotic|Haze|p2a: Milotic\n|-clearallboost\n|\n|-heal|p1a: Espathra|227/283 brn|[from] item: Leftovers\n|-damage|p1a: Espathra|210/283 brn|[from] brn\n|-ability|p1a: Espathra|Speed Boost|boost\n|-boost|p1a: Espathra|spe|1\n|upkeep\n|turn|21\n|c|\u2606Kool Kiddo|fml\n|\n|t:|1781407737\n|switch|p1a: Electivire|Electivire, L84, F|263/263\n|move|p2a: Milotic|Scald|p1a: Electivire\n|-damage|p1a: Electivire|167/263\n|\n|upkeep\n|turn|22\n|\n|t:|1781407743\n|switch|p2a: Porygon2|Porygon2, L81|270/270\n|-ability|p2a: Porygon2|Download|boost\n|-boost|p2a: Porygon2|atk|1\n|move|p1a: Electivire|Volt Switch|p2a: Porygon2\n|-crit|p2a: Porygon2\n|-damage|p2a: Porygon2|183/270\n|-damage|p1a: Electivire|141/263|[from] item: Life Orb\n|\n|t:|1781407750\n|switch|p1a: Bastiodon|Bastiodon, L89, M|252/252|[from] Volt Switch\n|\n|upkeep\n|turn|23\n|\n|t:|1781407756\n|switch|p2a: Milotic|Milotic, L83, F|293/293\n|move|p1a: Bastiodon|Iron Defense|p1a: Bastiodon\n|-boost|p1a: Bastiodon|def|2\n|\n|upkeep\n|turn|24\n|\n|t:|1781407760\n|move|p2a: Milotic|Scald|p1a: Bastiodon\n|-supereffective|p1a: Bastiodon\n|-damage|p1a: Bastiodon|132/252\n|-status|p1a: Bastiodon|brn\n|move|p1a: Bastiodon|Body Press|p2a: Milotic\n|-damage|p2a: Milotic|186/293\n|\n|-heal|p2a: Milotic|204/293|[from] item: Leftovers\n|-damage|p1a: Bastiodon|117/252 brn|[from] brn\n|upkeep\n|turn|25\n|\n|t:|1781407767\n|move|p2a: Milotic|Haze|p2a: Milotic\n|-clearallboost\n|move|p1a: Bastiodon|Rest|p1a: Bastiodon\n|-status|p1a: Bastiodon|slp|[from] move: Rest\n|-heal|p1a: Bastiodon|252/252 slp|[silent]\n|-enditem|p1a: Bastiodon|Chesto Berry|[eat]\n|-curestatus|p1a: Bastiodon|slp|[msg]\n|\n|-heal|p2a: Milotic|222/293|[from] item: Leftovers\n|upkeep\n|turn|26\n|\n|t:|1781407772\n|move|p2a: Milotic|Scald|p1a: Bastiodon\n|-supereffective|p1a: Bastiodon\n|-damage|p1a: Bastiodon|136/252\n|move|p1a: Bastiodon|Body Press|p2a: Milotic\n|-crit|p2a: Milotic\n|-damage|p2a: Milotic|60/293\n|\n|-heal|p2a: Milotic|78/293|[from] item: Leftovers\n|upkeep\n|turn|27\n|\n|t:|1781407778\n|switch|p1a: Electivire|Electivire, L84, F|141/263\n|move|p2a: Milotic|Recover|p2a: Milotic\n|-heal|p2a: Milotic|225/293\n|\n|-heal|p2a: Milotic|243/293|[from] item: Leftovers\n|upkeep\n|turn|28\n|\n|t:|1781407791\n|switch|p2a: Porygon2|Porygon2, L81|183/270\n|-ability|p2a: Porygon2|Download|boost\n|-boost|p2a: Porygon2|atk|1\n|move|p1a: Electivire|Supercell Slam|p2a: Porygon2\n|-damage|p2a: Porygon2|62/270\n|-damage|p1a: Electivire|115/263|[from] item: Life Orb\n|\n|upkeep\n|turn|29\n|\n|t:|1781407796\n|move|p1a: Electivire|Earthquake|p2a: Porygon2\n|-damage|p2a: Porygon2|0 fnt\n|faint|p2a: Porygon2\n|-damage|p1a: Electivire|89/263|[from] item: Life Orb\n|\n|upkeep\n|\n|t:|1781407800\n|switch|p2a: Leavanny|Leavanny, L86, F|269/269\n|turn|30\n|\n|t:|1781407806\n|move|p1a: Electivire|Flamethrower|p2a: Leavanny\n|-supereffective|p2a: Leavanny\n|-damage|p2a: Leavanny|0 fnt\n|faint|p2a: Leavanny\n|-damage|p1a: Electivire|63/263|[from] item: Life Orb\n|\n|upkeep\n|\n|t:|1781407809\n|switch|p2a: Mesprit|Mesprit, L85|275/275\n|turn|31\n|\n|t:|1781407817\n|move|p1a: Electivire|Volt Switch|p2a: Mesprit\n|-crit|p2a: Mesprit\n|-damage|p2a: Mesprit|158/275\n|-damage|p1a: Electivire|37/263|[from] item: Life Orb\n|\n|t:|1781407821\n|switch|p1a: Krookodile|Krookodile, L79, F|247/280|[from] Volt Switch\n|-ability|p1a: Krookodile|Intimidate|boost\n|-unboost|p2a: Mesprit|atk|1\n|move|p2a: Mesprit|Stealth Rock|p1a: Krookodile\n|-sidestart|p1: Kool Kiddo|move: Stealth Rock\n|\n|-heal|p1a: Krookodile|264/280|[from] item: Leftovers\n|-heal|p2a: Mesprit|175/275|[from] item: Leftovers\n|upkeep\n|turn|32\n|\n|t:|1781407826\n|switch|p2a: Bombirdier|Bombirdier, L85, F|207/258\n|move|p1a: Krookodile|Bulk Up|p1a: Krookodile\n|-boost|p1a: Krookodile|atk|1\n|-boost|p1a: Krookodile|def|1\n|\n|-heal|p1a: Krookodile|280/280|[from] item: Leftovers\n|upkeep\n|turn|33\n|\n|t:|1781407833\n|move|p1a: Krookodile|Gunk Shot|p2a: Bombirdier\n|-damage|p2a: Bombirdier|67/258\n|-status|p2a: Bombirdier|psn\n|move|p2a: Bombirdier|U-turn|p1a: Krookodile\n|-supereffective|p1a: Krookodile\n|-crit|p1a: Krookodile\n|-damage|p1a: Krookodile|86/280\n|\n|t:|1781407838\n|switch|p2a: Milotic|Milotic, L83, F|243/293|[from] U-turn\n|\n|-heal|p1a: Krookodile|103/280|[from] item: Leftovers\n|-heal|p2a: Milotic|261/293|[from] item: Leftovers\n|upkeep\n|turn|34\n|\n|t:|1781407849\n|move|p1a: Krookodile|Knock Off|p2a: Milotic\n|-damage|p2a: Milotic|99/293\n|-enditem|p2a: Milotic|Leftovers|[from] move: Knock Off|[of] p1a: Krookodile\n|move|p2a: Milotic|Scald|p1a: Krookodile\n|-supereffective|p1a: Krookodile\n|-damage|p1a: Krookodile|0 fnt\n|faint|p1a: Krookodile\n|\n|upkeep\n|\n|t:|1781407851\n|switch|p1a: Electivire|Electivire, L84, F|37/263\n|-damage|p1a: Electivire|5/263|[from] Stealth Rock\n|turn|35\n|\n|t:|1781407864\n|switch|p2a: Mesprit|Mesprit, L85|175/275\n|move|p1a: Electivire|Supercell Slam|p2a: Mesprit\n|-damage|p2a: Mesprit|29/275\n|-damage|p1a: Electivire|0 fnt|[from] item: Life Orb\n|faint|p1a: Electivire\n|\n|-heal|p2a: Mesprit|46/275|[from] item: Leftovers\n|upkeep\n|\n|t:|1781407871\n|switch|p1a: Masquerain|Masquerain, L87, M|192/264\n|-ability|p1a: Masquerain|Intimidate|boost\n|-unboost|p2a: Mesprit|atk|1\n|turn|36\n|\n|t:|1781407877\n|move|p1a: Masquerain|Bug Buzz|p2a: Mesprit\n|-supereffective|p2a: Mesprit\n|-damage|p2a: Mesprit|0 fnt\n|faint|p2a: Mesprit\n|\n|upkeep\n|\n|t:|1781407883\n|switch|p2a: Milotic|Milotic, L83, F|99/293\n|turn|37\n|\n|t:|1781407888\n|move|p1a: Masquerain|Hurricane|p2a: Milotic|[miss]\n|-miss|p1a: Masquerain|p2a: Milotic\n|move|p2a: Milotic|Recover|p2a: Milotic\n|-heal|p2a: Milotic|246/293\n|\n|upkeep\n|turn|38\n|\n|t:|1781407892\n|move|p1a: Masquerain|Quiver Dance|p1a: Masquerain\n|-boost|p1a: Masquerain|spa|1\n|-boost|p1a: Masquerain|spd|1\n|-boost|p1a: Masquerain|spe|1\n|move|p2a: Milotic|Ice Beam|p1a: Masquerain\n|-supereffective|p1a: Masquerain\n|-damage|p1a: Masquerain|100/264\n|-status|p1a: Masquerain|frz\n|\n|upkeep\n|turn|39\n|c|\u2606Kool Kiddo|BRU\n|\n|t:|1781407897\n|cant|p1a: Masquerain|frz\n|move|p2a: Milotic|Haze|p2a: Milotic\n|-clearallboost\n|\n|upkeep\n|turn|40\n|c|\u2606Kool Kiddo|BRUH\n|c|\u2606Kool Kiddo|BRUH\n|\n|t:|1781407900\n|-curestatus|p1a: Masquerain|frz|[msg]\n|move|p1a: Masquerain|Hurricane|p2a: Milotic\n|-damage|p2a: Milotic|150/293\n|move|p2a: Milotic|Ice Beam|p1a: Masquerain\n|-supereffective|p1a: Masquerain\n|-damage|p1a: Masquerain|0 fnt\n|faint|p1a: Masquerain\n|\n|upkeep\n|\n|t:|1781407902\n|switch|p1a: Espathra|Espathra, L80, F, tera:Fairy|210/283 brn\n|-damage|p1a: Espathra|175/283 brn|[from] Stealth Rock\n|turn|41\n|\n|t:|1781407909\n|move|p1a: Espathra|Roost|p1a: Espathra\n|-heal|p1a: Espathra|283/283 brn\n|move|p2a: Milotic|Recover|p2a: Milotic\n|-heal|p2a: Milotic|293/293\n|\n|-damage|p1a: Espathra|266/283 brn|[from] brn\n|-ability|p1a: Espathra|Speed Boost|boost\n|-boost|p1a: Espathra|spe|1\n|upkeep\n|turn|42\n|\n|t:|1781407913\n|move|p1a: Espathra|Dazzling Gleam|p2a: Milotic\n|-crit|p2a: Milotic\n|-damage|p2a: Milotic|199/293\n|move|p2a: Milotic|Scald|p1a: Espathra\n|-damage|p1a: Espathra|157/283 brn\n|\n|-heal|p1a: Espathra|174/283 brn|[from] item: Leftovers\n|-damage|p1a: Espathra|157/283 brn|[from] brn\n|-ability|p1a: Espathra|Speed Boost|boost\n|-boost|p1a: Espathra|spe|1\n|upkeep\n|turn|43\n|\n|t:|1781407917\n|move|p1a: Espathra|Dazzling Gleam|p2a: Milotic\n|-damage|p2a: Milotic|136/293\n|move|p2a: Milotic|Haze|p2a: Milotic\n|-clearallboost\n|\n|-heal|p1a: Espathra|174/283 brn|[from] item: Leftovers\n|-damage|p1a: Espathra|157/283 brn|[from] brn\n|-ability|p1a: Espathra|Speed Boost|boost\n|-boost|p1a: Espathra|spe|1\n|upkeep\n|turn|44\n|\n|t:|1781407921\n|move|p1a: Espathra|Calm Mind|p1a: Espathra\n|-boost|p1a: Espathra|spa|1\n|-boost|p1a: Espathra|spd|1\n|move|p2a: Milotic|Recover|p2a: Milotic\n|-heal|p2a: Milotic|283/293\n|\n|-heal|p1a: Espathra|174/283 brn|[from] item: Leftovers\n|-damage|p1a: Espathra|157/283 brn|[from] brn\n|-ability|p1a: Espathra|Speed Boost|boost\n|-boost|p1a: Espathra|spe|1\n|upkeep\n|turn|45\n|\n|t:|1781407924\n|move|p1a: Espathra|Stored Power|p2a: Milotic\n|-damage|p2a: Milotic|163/293\n|move|p2a: Milotic|Haze|p2a: Milotic\n|-clearallboost\n|\n|-heal|p1a: Espathra|174/283 brn|[from] item: Leftovers\n|-damage|p1a: Espathra|157/283 brn|[from] brn\n|-ability|p1a: Espathra|Speed Boost|boost\n|-boost|p1a: Espathra|spe|1\n|upkeep\n|turn|46\n|\n|t:|1781407927\n|move|p1a: Espathra|Dazzling Gleam|p2a: Milotic\n|-damage|p2a: Milotic|99/293\n|move|p2a: Milotic|Recover|p2a: Milotic\n|-heal|p2a: Milotic|246/293\n|\n|-heal|p1a: Espathra|174/283 brn|[from] item: Leftovers\n|-damage|p1a: Espathra|157/283 brn|[from] brn\n|-ability|p1a: Espathra|Speed Boost|boost\n|-boost|p1a: Espathra|spe|1\n|upkeep\n|turn|47\n|\n|t:|1781407936\n|move|p1a: Espathra|Dazzling Gleam|p2a: Milotic\n|-damage|p2a: Milotic|177/293\n|move|p2a: Milotic|Haze|p2a: Milotic\n|-clearallboost\n|\n|-heal|p1a: Espathra|174/283 brn|[from] item: Leftovers\n|-damage|p1a: Espathra|157/283 brn|[from] brn\n|-ability|p1a: Espathra|Speed Boost|boost\n|-boost|p1a: Espathra|spe|1\n|upkeep\n|turn|48\n|\n|t:|1781407943\n|move|p1a: Espathra|Dazzling Gleam|p2a: Milotic\n|-damage|p2a: Milotic|114/293\n|move|p2a: Milotic|Recover|p2a: Milotic\n|-heal|p2a: Milotic|261/293\n|\n|-heal|p1a: Espathra|174/283 brn|[from] item: Leftovers\n|-damage|p1a: Espathra|157/283 brn|[from] brn\n|-ability|p1a: Espathra|Speed Boost|boost\n|-boost|p1a: Espathra|spe|1\n|upkeep\n|turn|49\n|\n|t:|1781407947\n|move|p1a: Espathra|Stored Power|p2a: Milotic\n|-damage|p2a: Milotic|215/293\n|move|p2a: Milotic|Scald|p1a: Espathra\n|-damage|p1a: Espathra|36/283 brn\n|\n|-heal|p1a: Espathra|53/283 brn|[from] item: Leftovers\n|-damage|p1a: Espathra|36/283 brn|[from] brn\n|-ability|p1a: Espathra|Speed Boost|boost\n|-boost|p1a: Espathra|spe|1\n|upkeep\n|turn|50\n|\n|t:|1781407954\n|move|p1a: Espathra|Roost|p1a: Espathra\n|-heal|p1a: Espathra|178/283 brn\n|move|p2a: Milotic|Scald|p1a: Espathra\n|-damage|p1a: Espathra|49/283 brn\n|\n|-heal|p1a: Espathra|66/283 brn|[from] item: Leftovers\n|-damage|p1a: Espathra|49/283 brn|[from] brn\n|-ability|p1a: Espathra|Speed Boost|boost\n|-boost|p1a: Espathra|spe|1\n|upkeep\n|turn|51\n|\n|t:|1781407956\n|move|p1a: Espathra|Roost|p1a: Espathra\n|-heal|p1a: Espathra|191/283 brn\n|move|p2a: Milotic|Scald|p1a: Espathra\n|-damage|p1a: Espathra|71/283 brn\n|\n|-heal|p1a: Espathra|88/283 brn|[from] item: Leftovers\n|-damage|p1a: Espathra|71/283 brn|[from] brn\n|-ability|p1a: Espathra|Speed Boost|boost\n|-boost|p1a: Espathra|spe|1\n|upkeep\n|turn|52\n|\n|t:|1781407960\n|move|p1a: Espathra|Roost|p1a: Espathra\n|-heal|p1a: Espathra|213/283 brn\n|move|p2a: Milotic|Haze|p2a: Milotic\n|-clearallboost\n|\n|-heal|p1a: Espathra|230/283 brn|[from] item: Leftovers\n|-damage|p1a: Espathra|213/283 brn|[from] brn\n|-ability|p1a: Espathra|Speed Boost|boost\n|-boost|p1a: Espathra|spe|1\n|upkeep\n|turn|53\n|\n|t:|1781407965\n|move|p1a: Espathra|Calm Mind|p1a: Espathra\n|-boost|p1a: Espathra|spa|1\n|-boost|p1a: Espathra|spd|1\n|move|p2a: Milotic|Recover|p2a: Milotic\n|-heal|p2a: Milotic|293/293\n|\n|-heal|p1a: Espathra|230/283 brn|[from] item: Leftovers\n|-damage|p1a: Espathra|213/283 brn|[from] brn\n|-ability|p1a: Espathra|Speed Boost|boost\n|-boost|p1a: Espathra|spe|1\n|upkeep\n|turn|54\n|\n|t:|1781407969\n|move|p1a: Espathra|Stored Power|p2a: Milotic\n|-damage|p2a: Milotic|178/293\n|move|p2a: Milotic|Haze|p2a: Milotic\n|-clearallboost\n|\n|-heal|p1a: Espathra|230/283 brn|[from] item: Leftovers\n|-damage|p1a: Espathra|213/283 brn|[from] brn\n|-ability|p1a: Espathra|Speed Boost|boost\n|-boost|p1a: Espathra|spe|1\n|upkeep\n|turn|55\n|\n|t:|1781407976\n|-terastallize|p2a: Milotic|Steel\n|move|p1a: Espathra|Dazzling Gleam|p2a: Milotic\n|-resisted|p2a: Milotic\n|-damage|p2a: Milotic|146/293\n|move|p2a: Milotic|Scald|p1a: Espathra\n|-damage|p1a: Espathra|93/283 brn\n|\n|-heal|p1a: Espathra|110/283 brn|[from] item: Leftovers\n|-damage|p1a: Espathra|93/283 brn|[from] brn\n|-ability|p1a: Espathra|Speed Boost|boost\n|-boost|p1a: Espathra|spe|1\n|upkeep\n|turn|56\n|\n|t:|1781407981\n|move|p1a: Espathra|Roost|p1a: Espathra\n|-heal|p1a: Espathra|235/283 brn\n|move|p2a: Milotic|Scald|p1a: Espathra\n|-damage|p1a: Espathra|126/283 brn\n|\n|-heal|p1a: Espathra|143/283 brn|[from] item: Leftovers\n|-damage|p1a: Espathra|126/283 brn|[from] brn\n|-ability|p1a: Espathra|Speed Boost|boost\n|-boost|p1a: Espathra|spe|1\n|upkeep\n|turn|57\n|\n|t:|1781407986\n|move|p1a: Espathra|Roost|p1a: Espathra\n|-heal|p1a: Espathra|268/283 brn\n|move|p2a: Milotic|Scald|p1a: Espathra\n|-damage|p1a: Espathra|145/283 brn\n|\n|-heal|p1a: Espathra|162/283 brn|[from] item: Leftovers\n|-damage|p1a: Espathra|145/283 brn|[from] brn\n|-ability|p1a: Espathra|Speed Boost|boost\n|-boost|p1a: Espathra|spe|1\n|upkeep\n|turn|58\n|\n|t:|1781407990\n|move|p1a: Espathra|Calm Mind|p1a: Espathra\n|-boost|p1a: Espathra|spa|1\n|-boost|p1a: Espathra|spd|1\n|move|p2a: Milotic|Recover|p2a: Milotic\n|-heal|p2a: Milotic|293/293\n|\n|-heal|p1a: Espathra|162/283 brn|[from] item: Leftovers\n|-damage|p1a: Espathra|145/283 brn|[from] brn\n|-ability|p1a: Espathra|Speed Boost|boost\n|-boost|p1a: Espathra|spe|1\n|upkeep\n|turn|59\n|\n|t:|1781407992\n|move|p1a: Espathra|Stored Power|p2a: Milotic\n|-resisted|p2a: Milotic\n|-damage|p2a: Milotic|192/293\n|move|p2a: Milotic|Haze|p2a: Milotic\n|-clearallboost\n|\n|-heal|p1a: Espathra|162/283 brn|[from] item: Leftovers\n|-damage|p1a: Espathra|145/283 brn|[from] brn\n|-ability|p1a: Espathra|Speed Boost|boost\n|-boost|p1a: Espathra|spe|1\n|upkeep\n|turn|60\n|\n|t:|1781407995\n|move|p1a: Espathra|Dazzling Gleam|p2a: Milotic\n|-resisted|p2a: Milotic\n|-damage|p2a: Milotic|160/293\n|move|p2a: Milotic|Scald|p1a: Espathra\n|-damage|p1a: Espathra|22/283 brn\n|\n|-heal|p1a: Espathra|39/283 brn|[from] item: Leftovers\n|-damage|p1a: Espathra|22/283 brn|[from] brn\n|-ability|p1a: Espathra|Speed Boost|boost\n|-boost|p1a: Espathra|spe|1\n|upkeep\n|turn|61\n|j| BislikeDlacks\n|\n|t:|1781407997\n|move|p1a: Espathra|Roost|p1a: Espathra\n|-heal|p1a: Espathra|164/283 brn\n|move|p2a: Milotic|Scald|p1a: Espathra\n|-damage|p1a: Espathra|46/283 brn\n|\n|-heal|p1a: Espathra|63/283 brn|[from] item: Leftovers\n|-damage|p1a: Espathra|46/283 brn|[from] brn\n|-ability|p1a: Espathra|Speed Boost|boost\n|-boost|p1a: Espathra|spe|1\n|upkeep\n|turn|62\n|\n|t:|1781408000\n|move|p1a: Espathra|Roost|p1a: Espathra\n|-heal|p1a: Espathra|188/283 brn\n|move|p2a: Milotic|Scald|p1a: Espathra\n|-damage|p1a: Espathra|65/283 brn\n|\n|-heal|p1a: Espathra|82/283 brn|[from] item: Leftovers\n|-damage|p1a: Espathra|65/283 brn|[from] brn\n|-ability|p1a: Espathra|Speed Boost|boost\n|-boost|p1a: Espathra|spe|1\n|upkeep\n|turn|63\n|\n|t:|1781408005\n|move|p1a: Espathra|Dazzling Gleam|p2a: Milotic\n|-resisted|p2a: Milotic\n|-damage|p2a: Milotic|130/293\n|move|p2a: Milotic|Scald|p1a: Espathra\n|-damage|p1a: Espathra|0 fnt\n|faint|p1a: Espathra\n|\n|upkeep\n|\n|t:|1781408006\n|switch|p1a: Bastiodon|Bastiodon, L89, M|136/252\n|-damage|p1a: Bastiodon|121/252|[from] Stealth Rock\n|turn|64\n|\n|t:|1781408009\n|move|p2a: Milotic|Scald|p1a: Bastiodon\n|-supereffective|p1a: Bastiodon\n|-damage|p1a: Bastiodon|13/252\n|move|p1a: Bastiodon|Body Press|p2a: Milotic\n|-supereffective|p2a: Milotic\n|-damage|p2a: Milotic|0 fnt\n|faint|p2a: Milotic\n|\n|upkeep\n|\n|t:|1781408014\n|switch|p2a: Bombirdier|Bombirdier, L85, F|67/258 psn\n|turn|65\n|-message|Kool Kiddo forfeited.\n|\n|win|Z10101\n", "inputlog": ">version a8376a258c1d4662feba110a92103f3664a72141\n>start {\"formatid\":\"gen9randombattle\",\"seed\":\"sodium,deea87b56d65c4c29bb17f72a3f25625\",\"rated\":\"Rated battle\"}\n>player p1 {\"name\":\"Kool Kiddo\",\"avatar\":\"hilbert\",\"rating\":2071,\"seed\":\"sodium,7e812812c62e92d26fdc1f9246586c6f\"}\n>player p2 {\"name\":\"Z10101\",\"avatar\":\"102\",\"rating\":2048,\"seed\":\"sodium,33396effdb1c89c05b3e9dd1a3fb10e1\"}\n>p1 switch 6\n>p2 move thunderwave\n>p1 move knockoff\n>p2 switch 2\n>p1 move bulkup\n>p2 move uturn\n>p2 switch 5\n>p1 move bulkup\n>p2 move bulkup\n>p1 move earthquake\n>p2 move bulkup\n>p1 switch 5\n>p2 move drainpunch\n>p1 move quiverdance\n>p2 switch 3\n>p1 switch 6\n>p2 move thunderwave\n>p1 move irondefense\n>p2 switch 3\n>p1 move irondefense\n>p2 move bulkup\n>p1 move irondefense\n>p2 move knockoff\n>p1 move irondefense\n>p2 move bulkup\n>p1 move bodypress\n>p2 move bulkup\n>p1 move bodypress\n>p2 move bulkup\n>p1 move bodypress\n>p2 move bulkup\n>p1 move bodypress\n>p2 move drainpunch\n>p1 move bodypress\n>p2 move drainpunch\n>p2 switch 4\n>p1 move bodypress\n>p2 move scald\n>p1 switch 4\n>p1 move calmmind\n>p2 move scald\n>p1 move calmmind terastallize\n>p2 move haze\n>chat \u2606Kool Kiddo|fml\n>p1 switch 2\n>p2 move scald\n>p1 move voltswitch\n>p2 switch 3\n>p1 switch 3\n>p1 move irondefense\n>p2 switch 3\n>p1 move bodypress\n>p2 move scald\n>p1 move rest\n>p2 move haze\n>p1 move bodypress\n>p2 move scald\n>p1 switch 3\n>p2 move recover\n>p1 move supercellslam\n>p2 switch 3\n>p1 move earthquake\n>p2 move recover\n>p2 switch 6\n>p1 move flamethrower\n>p2 move lunge\n>p2 switch 2\n>p1 move voltswitch\n>p2 move stealthrock\n>p1 switch 5\n>p1 move bulkup\n>p2 switch 5\n>p1 move gunkshot\n>p2 move uturn\n>p2 switch 3\n>p1 move knockoff\n>p2 move scald\n>p1 switch 5\n>p1 move supercellslam\n>p2 switch 5\n>p1 switch 6\n>p1 move bugbuzz\n>p2 move thunderwave\n>p2 switch 5\n>p1 move hurricane\n>p2 move recover\n>p1 move quiverdance\n>p2 move icebeam\n>chat \u2606Kool Kiddo|BRU\n>p1 move hurricane\n>p2 move haze\n>chat \u2606Kool Kiddo|BRUH\n>chat \u2606Kool Kiddo|BRUH\n>p1 move hurricane\n>p2 move icebeam\n>p1 switch 2\n>p1 move roost\n>p2 move recover\n>p1 move dazzlinggleam\n>p2 move scald\n>p1 move dazzlinggleam\n>p2 move haze\n>p1 move calmmind\n>p2 move recover\n>p1 move storedpower\n>p2 move haze\n>p1 move dazzlinggleam\n>p2 move recover\n>p1 move dazzlinggleam\n>p2 move haze\n>p1 move dazzlinggleam\n>p2 move recover\n>p1 move storedpower\n>p2 move scald\n>p1 move roost\n>p2 move scald\n>p1 move roost\n>p2 move scald\n>p1 move roost\n>p2 move haze\n>p1 move calmmind\n>p2 move recover\n>p1 move storedpower\n>p2 move haze\n>p1 move dazzlinggleam\n>p2 move scald terastallize\n>p1 move roost\n>p2 move scald\n>p1 move roost\n>p2 move scald\n>p1 move calmmind\n>p2 move recover\n>p1 move storedpower\n>p2 move haze\n>p1 move dazzlinggleam\n>p2 move scald\n>p1 move roost\n>p2 move scald\n>p1 move roost\n>p2 move scald\n>p1 move dazzlinggleam\n>p2 move scald\n>p1 switch 3\n>p1 move bodypress\n>p2 move scald\n>p2 switch 3\n>forcelose p1", "uploadtime": 1781407597, "views": 7, "formatid": "gen9randombattle", "rating": null, "private": 0, "password": null}