{"id": "gen9randombattle-2631891749", "format": "[Gen 9] Random Battle", "players": ["goooze", "JAVASB"], "log": "|j|\u2606goooze\n|j|\u2606JAVASB\n|t:|1781452662\n|gametype|singles\n|player|p1|goooze|sage|2198\n|player|p2|JAVASB|101|2158\n|gen|9\n|tier|[Gen 9] Random Battle\n|rated|\n|rule|Species Clause: Limit one of each Pok\u00e9mon\n|rule|HP Percentage Mod: HP is shown in percentages\n|rule|Sleep Clause Mod: Limit one foe put to sleep\n|rule|Illusion Level Mod: Illusion disguises the Pok\u00e9mon's true level\n|\n|t:|1781452662\n|teamsize|p1|6\n|teamsize|p2|6\n|start\n|switch|p1a: Heracross|Heracross, L80, F|259/259\n|switch|p2a: Raikou|Raikou, L81|235/235\n|turn|1\n|\n|t:|1781452689\n|switch|p1a: Arboliva|Arboliva, L91, M|288/288\n|move|p2a: Raikou|Psychic|p1a: Arboliva\n|-damage|p1a: Arboliva|217/288\n|-damage|p2a: Raikou|212/235|[from] item: Life Orb\n|\n|upkeep\n|turn|2\n|inactive|Battle timer is ON: inactive players will automatically lose when time's up. (requested by JAVASB)\n|\n|t:|1781452701\n|move|p2a: Raikou|Nasty Plot|p2a: Raikou\n|-boost|p2a: Raikou|spa|2\n|move|p1a: Arboliva|Leech Seed|p2a: Raikou\n|-start|p2a: Raikou|move: Leech Seed\n|\n|-damage|p2a: Raikou|183/235|[from] Leech Seed|[of] p1a: Arboliva\n|-heal|p1a: Arboliva|246/288|[silent]\n|upkeep\n|turn|3\n|\n|t:|1781452720\n|move|p2a: Raikou|Sludge Bomb|p1a: Arboliva\n|-supereffective|p1a: Arboliva\n|-damage|p1a: Arboliva|0 fnt\n|faint|p1a: Arboliva\n|-damage|p2a: Raikou|160/235|[from] item: Life Orb\n|\n|upkeep\n|\n|t:|1781452744\n|switch|p1a: Regigigas|Regigigas, L84|322/322\n|-start|p1a: Regigigas|ability: Slow Start\n|turn|4\n|\n|t:|1781452747\n|move|p2a: Raikou|Dark Pulse|p1a: Regigigas\n|-damage|p1a: Regigigas|118/322\n|-damage|p2a: Raikou|137/235|[from] item: Life Orb\n|move|p1a: Regigigas|Knock Off|p2a: Raikou\n|-resisted|p2a: Raikou\n|-damage|p2a: Raikou|104/235\n|replace|p2a: Zoroark|Zoroark, L83, F\n|-end|p2a: Zoroark|Illusion\n|-hint|Illusion Level Mod is active, so this Pok\u00e9mon's true level was hidden.\n|-enditem|p2a: Zoroark|Life Orb|[from] move: Knock Off|[of] p1a: Regigigas\n|\n|-heal|p1a: Regigigas|138/322|[from] item: Leftovers\n|-damage|p2a: Zoroark|75/235|[from] Leech Seed|[of] p1a: Regigigas\n|-heal|p1a: Regigigas|167/322|[silent]\n|upkeep\n|turn|5\n|\n|t:|1781452761\n|move|p2a: Zoroark|Nasty Plot|p2a: Zoroark\n|-boost|p2a: Zoroark|spa|2\n|move|p1a: Regigigas|Body Slam|p2a: Zoroark\n|-damage|p2a: Zoroark|0 fnt\n|faint|p2a: Zoroark\n|\n|-heal|p1a: Regigigas|187/322|[from] item: Leftovers\n|upkeep\n|\n|t:|1781452767\n|switch|p2a: Shiftry|Shiftry, L89, F|305/305\n|turn|6\n|\n|t:|1781452790\n|switch|p1a: Rayquaza|Rayquaza, L72|270/270\n|-ability|p1a: Rayquaza|Air Lock\n|move|p2a: Shiftry|Knock Off|p1a: Rayquaza\n|-damage|p1a: Rayquaza|97/270\n|-enditem|p1a: Rayquaza|Heavy-Duty Boots|[from] move: Knock Off|[of] p2a: Shiftry\n|-damage|p2a: Shiftry|275/305|[from] item: Life Orb\n|\n|upkeep\n|turn|7\n|\n|t:|1781452803\n|switch|p1a: Heracross|Heracross, L80, F|259/259\n|move|p2a: Shiftry|Knock Off|p1a: Heracross\n|-resisted|p1a: Heracross\n|-damage|p1a: Heracross|172/259\n|-enditem|p1a: Heracross|Flame Orb|[from] move: Knock Off|[of] p2a: Shiftry\n|-damage|p2a: Shiftry|245/305|[from] item: Life Orb\n|\n|upkeep\n|turn|8\n|\n|t:|1781452808\n|switch|p2a: Toxicroak|Toxicroak, L84, F|277/277\n|move|p1a: Heracross|Close Combat|p2a: Toxicroak\n|-resisted|p2a: Toxicroak\n|-damage|p2a: Toxicroak|196/277\n|-unboost|p1a: Heracross|def|1\n|-unboost|p1a: Heracross|spd|1\n|\n|upkeep\n|turn|9\n|\n|t:|1781452814\n|switch|p1a: Regigigas|Regigigas, L84|187/322\n|-start|p1a: Regigigas|ability: Slow Start\n|move|p2a: Toxicroak|Gunk Shot|p1a: Regigigas\n|-damage|p1a: Regigigas|72/322\n|\n|-heal|p1a: Regigigas|92/322|[from] item: Leftovers\n|upkeep\n|turn|10\n|\n|t:|1781452817\n|move|p2a: Toxicroak|Gunk Shot|p1a: Regigigas|[miss]\n|-miss|p2a: Toxicroak|p1a: Regigigas\n|move|p1a: Regigigas|Knock Off|p2a: Toxicroak\n|-resisted|p2a: Toxicroak\n|-damage|p2a: Toxicroak|162/277\n|-enditem|p2a: Toxicroak|Choice Scarf|[from] move: Knock Off|[of] p1a: Regigigas\n|\n|-heal|p1a: Regigigas|112/322|[from] item: Leftovers\n|upkeep\n|turn|11\n|inactive|goooze has 120 seconds left.\n|\n|t:|1781452850\n|move|p2a: Toxicroak|Close Combat|p1a: Regigigas\n|-supereffective|p1a: Regigigas\n|-damage|p1a: Regigigas|0 fnt\n|-unboost|p2a: Toxicroak|def|1\n|-unboost|p2a: Toxicroak|spd|1\n|faint|p1a: Regigigas\n|-end|p1a: Regigigas|Slow Start|[silent]\n|\n|upkeep\n|inactive|goooze has 120 seconds left.\n|\n|t:|1781452867\n|switch|p1a: Zapdos|Zapdos-Galar, L77|265/265\n|turn|12\n|\n|t:|1781452886\n|switch|p2a: Dunsparce|Dunsparce, L86, M|312/312\n|move|p1a: Zapdos|Close Combat|p2a: Dunsparce\n|-supereffective|p2a: Dunsparce\n|-damage|p2a: Dunsparce|31/312\n|-unboost|p1a: Zapdos|def|1\n|-unboost|p1a: Zapdos|spd|1\n|-damage|p1a: Zapdos|239/265|[from] item: Life Orb\n|\n|upkeep\n|turn|13\n|\n|t:|1781452895\n|move|p1a: Zapdos|Knock Off|p2a: Dunsparce\n|-damage|p2a: Dunsparce|0 fnt\n|-enditem|p2a: Dunsparce|Eviolite|[from] move: Knock Off|[of] p1a: Zapdos\n|faint|p2a: Dunsparce\n|-damage|p1a: Zapdos|213/265|[from] item: Life Orb\n|\n|upkeep\n|\n|t:|1781452899\n|switch|p2a: Leavanny|Leavanny, L86, M|269/269\n|turn|14\n|\n|t:|1781452908\n|switch|p1a: Rayquaza|Rayquaza, L72|97/270\n|-ability|p1a: Rayquaza|Air Lock\n|move|p2a: Leavanny|Triple Axel|p1a: Rayquaza\n|-supereffective|p1a: Rayquaza\n|-damage|p1a: Rayquaza|29/270\n|-supereffective|p1a: Rayquaza\n|-damage|p1a: Rayquaza|0 fnt\n|faint|p1a: Rayquaza\n|-hitcount|p1: Rayquaza|2\n|\n|upkeep\n|\n|t:|1781452910\n|switch|p1a: Heracross|Heracross, L80, F|172/259\n|turn|15\n|\n|t:|1781452918\n|move|p2a: Leavanny|Triple Axel|p1a: Heracross\n|-damage|p1a: Heracross|152/259\n|-damage|p1a: Heracross|115/259\n|-damage|p1a: Heracross|57/259\n|-hitcount|p1a: Heracross|3\n|move|p1a: Heracross|Knock Off|p2a: Leavanny\n|-damage|p2a: Leavanny|194/269\n|-enditem|p2a: Leavanny|Loaded Dice|[from] move: Knock Off|[of] p1a: Heracross\n|\n|upkeep\n|turn|16\n|inactive|goooze has 120 seconds left.\n|\n|t:|1781452962\n|move|p2a: Leavanny|Sticky Web|p1a: Heracross\n|-sidestart|p1: goooze|move: Sticky Web\n|move|p1a: Heracross|Close Combat|p2a: Leavanny\n|-resisted|p2a: Leavanny\n|-crit|p2a: Leavanny\n|-damage|p2a: Leavanny|91/269\n|-unboost|p1a: Heracross|def|1\n|-unboost|p1a: Heracross|spd|1\n|\n|upkeep\n|turn|17\n|inactive|JAVASB has 120 seconds left.\n|\n|t:|1781453000\n|move|p2a: Leavanny|Bullet Seed|p1a: Heracross\n|-resisted|p1a: Heracross\n|-damage|p1a: Heracross|33/259\n|-resisted|p1a: Heracross\n|-damage|p1a: Heracross|9/259\n|-resisted|p1a: Heracross\n|-damage|p1a: Heracross|0 fnt\n|faint|p1a: Heracross\n|-hitcount|p1: Heracross|3\n|\n|upkeep\n|\n|t:|1781453008\n|switch|p1a: Zapdos|Zapdos-Galar, L77|213/265\n|turn|18\n|inactive|goooze has 120 seconds left.\n|inactive|JAVASB has 120 seconds left.\n|\n|t:|1781453026\n|-terastallize|p1a: Zapdos|Fighting\n|move|p2a: Leavanny|Triple Axel|p1a: Zapdos\n|-damage|p1a: Zapdos|197/265\n|-damage|p1a: Zapdos|165/265\n|-hitcount|p1a: Zapdos|2\n|move|p1a: Zapdos|Brave Bird|p2a: Leavanny\n|-supereffective|p2a: Leavanny\n|-damage|p2a: Leavanny|0 fnt\n|faint|p2a: Leavanny\n|-damage|p1a: Zapdos|135/265|[from] Recoil\n|-damage|p1a: Zapdos|109/265|[from] item: Life Orb\n|\n|upkeep\n|\n|t:|1781453029\n|switch|p2a: Raikou|Raikou, L81|278/278\n|-ability|p2a: Raikou|Pressure\n|turn|19\n|\n|t:|1781453032\n|switch|p1a: Florges|Florges-Orange, L85, F|271/271\n|-activate|p1a: Florges|move: Sticky Web\n|-unboost|p1a: Florges|spe|1\n|move|p2a: Raikou|Volt Switch|p1a: Florges\n|-damage|p1a: Florges|192/271\n|\n|t:|1781453045\n|switch|p2a: Toxicroak|Toxicroak, L84, F|162/277|[from] Volt Switch\n|\n|-heal|p1a: Florges|208/271|[from] item: Leftovers\n|upkeep\n|turn|20\n|\n|t:|1781453050\n|move|p2a: Toxicroak|Gunk Shot|p1a: Florges\n|-supereffective|p1a: Florges\n|-damage|p1a: Florges|0 fnt\n|faint|p1a: Florges\n|\n|upkeep\n|\n|t:|1781453053\n|switch|p1a: Zapdos|Zapdos-Galar, L77, tera:Fighting|109/265\n|-activate|p1a: Zapdos|move: Sticky Web\n|-unboost|p1a: Zapdos|spe|1\n|-ability|p1a: Zapdos|Defiant|boost\n|-boost|p1a: Zapdos|atk|2\n|turn|21\n|\n|t:|1781453055\n|move|p2a: Toxicroak|Close Combat|p1a: Zapdos\n|-damage|p1a: Zapdos|0 fnt\n|-unboost|p2a: Toxicroak|def|1\n|-unboost|p2a: Toxicroak|spd|1\n|faint|p1a: Zapdos\n|\n|win|JAVASB\n", "inputlog": ">version a8376a258c1d4662feba110a92103f3664a72141\n>start {\"formatid\":\"gen9randombattle\",\"seed\":\"sodium,46cb2d9ba0d7ac51225a45300f977bfa\",\"rated\":\"Rated battle\"}\n>player p1 {\"name\":\"goooze\",\"avatar\":\"sage\",\"rating\":2198,\"seed\":\"sodium,123ef0bcc87f9ab5354d37da32797ea7\"}\n>player p2 {\"name\":\"JAVASB\",\"avatar\":\"101\",\"rating\":2158,\"seed\":\"sodium,21fb282ba9adb1adbea6b359a2d7183b\"}\n>p1 switch 4\n>p2 move psychic\n>p1 move leechseed\n>p2 move nastyplot\n>p1 move hypervoice\n>p2 move sludgebomb\n>p1 switch 3\n>p1 move knockoff\n>p2 move darkpulse\n>p1 move bodyslam\n>p2 move nastyplot\n>p2 switch 2\n>p1 switch 6\n>p2 move knockoff\n>p1 switch 4\n>p2 move knockoff\n>p1 move closecombat\n>p2 switch 3\n>p1 switch 6\n>p2 move gunkshot\n>p1 move knockoff\n>p2 move gunkshot\n>p1 move rest\n>p2 move closecombat\n>p1 switch 2\n>p1 move closecombat\n>p2 switch 4\n>p1 move knockoff\n>p2 move bodyslam\n>p2 switch 5\n>p1 switch 4\n>p2 move tripleaxel\n>p1 switch 6\n>p1 move knockoff\n>p2 move tripleaxel\n>p1 move closecombat\n>p2 move stickyweb\n>p1 move closecombat\n>p2 move bulletseed\n>p1 switch 4\n>p1 move bravebird terastallize\n>p2 move tripleaxel\n>p2 switch 6\n>p1 switch 5\n>p2 move voltswitch\n>p2 switch 4\n>p1 move moonblast\n>p2 move gunkshot\n>p1 switch 5\n>p1 move bravebird\n>p2 move closecombat", "uploadtime": 1781452664, "views": 7, "formatid": "gen9randombattle", "rating": null, "private": 0, "password": null}