{"id": "gen9randombattle-2631469170", "format": "[Gen 9] Random Battle", "players": ["freaky dog", "freezy1029"], "log": "|j|\u2606freaky dog\n|j|\u2606freezy1029\n|t:|1781388588\n|gametype|singles\n|player|p1|freaky dog|266|1455\n|player|p2|freezy1029|102|1441\n|gen|9\n|tier|[Gen 9] Random Battle\n|rated|\n|rule|Species Clause: Limit one of each Pok\u00e9mon\n|rule|HP Percentage Mod: HP is shown in percentages\n|rule|Sleep Clause Mod: Limit one foe put to sleep\n|rule|Illusion Level Mod: Illusion disguises the Pok\u00e9mon's true level\n|\n|t:|1781388588\n|teamsize|p1|6\n|teamsize|p2|6\n|start\n|switch|p1a: Glalie|Glalie, L96, M|309/309\n|switch|p2a: Great Tusk|Great Tusk, L77|304/304\n|turn|1\n|inactive|Battle timer is ON: inactive players will automatically lose when time's up. (requested by freezy1029)\n|\n|t:|1781388611\n|switch|p1a: Hydrapple|Hydrapple, L83, F|312/312\n|-end|p2a: Great Tusk|Protosynthesis|[silent]\n|switch|p2a: Cinderace|Cinderace, L77, M|249/249\n|\n|upkeep\n|turn|2\n|\n|t:|1781388618\n|move|p2a: Cinderace|U-turn|p1a: Hydrapple\n|-start|p2a: Cinderace|typechange|Bug|[from] ability: Libero\n|-supereffective|p1a: Hydrapple\n|-damage|p1a: Hydrapple|126/312\n|\n|t:|1781388630\n|switch|p2a: Chandelure|Chandelure, L83, F|235/235|[from] U-turn\n|move|p1a: Hydrapple|Earth Power|p2a: Chandelure\n|-supereffective|p2a: Chandelure\n|-damage|p2a: Chandelure|50/235\n|-damage|p1a: Hydrapple|95/312|[from] item: Life Orb\n|\n|upkeep\n|turn|3\n|\n|t:|1781388641\n|move|p2a: Chandelure|Shadow Ball|p1a: Hydrapple\n|-damage|p1a: Hydrapple|0 fnt\n|faint|p1a: Hydrapple\n|\n|upkeep\n|\n|t:|1781388649\n|switch|p1a: Glalie|Glalie, L96, M|309/309\n|turn|4\n|\n|t:|1781388655\n|move|p1a: Glalie|Earthquake|p2a: Chandelure\n|-supereffective|p2a: Chandelure\n|-damage|p2a: Chandelure|0 fnt\n|faint|p2a: Chandelure\n|\n|upkeep\n|\n|t:|1781388664\n|switch|p2a: Cinderace|Cinderace, L77, M|249/249\n|turn|5\n|\n|t:|1781388677\n|switch|p1a: Ditto|Ditto, L87|225/225\n|-transform|p1a: Ditto|p2a: Cinderace|[from] ability: Imposter\n|move|p2a: Cinderace|High Jump Kick|p1a: Ditto\n|-start|p2a: Cinderace|typechange|Fighting|[from] ability: Libero\n|-damage|p1a: Ditto|0 fnt\n|faint|p1a: Ditto\n|\n|upkeep\n|inactive|freaky dog has 120 seconds left.\n|\n|t:|1781388706\n|switch|p1a: Honchkrow|Honchkrow, L86, M|312/312\n|turn|6\n|\n|t:|1781388715\n|switch|p2a: Toxapex|Toxapex, L82, F|216/216\n|move|p1a: Honchkrow|Brave Bird|p2a: Toxapex\n|-damage|p2a: Toxapex|99/216\n|-damage|p1a: Honchkrow|260/312|[from] item: Rocky Helmet|[of] p2a: Toxapex\n|-damage|p1a: Honchkrow|221/312|[from] Recoil\n|\n|upkeep\n|turn|7\n|\n|t:|1781388728\n|move|p1a: Honchkrow|Brave Bird|p2a: Toxapex\n|-damage|p2a: Toxapex|0 fnt\n|-damage|p1a: Honchkrow|169/312|[from] item: Rocky Helmet|[of] p2a: Toxapex\n|faint|p2a: Toxapex\n|-ability|p1a: Honchkrow|Moxie|boost\n|-boost|p1a: Honchkrow|atk|1\n|-damage|p1a: Honchkrow|136/312|[from] Recoil\n|\n|upkeep\n|\n|t:|1781388737\n|switch|p2a: Cinderace|Cinderace, L77, M|249/249\n|turn|8\n|\n|t:|1781388743\n|move|p1a: Honchkrow|Sucker Punch|p2a: Cinderace\n|-damage|p2a: Cinderace|66/249\n|move|p2a: Cinderace|U-turn|p1a: Honchkrow\n|-start|p2a: Cinderace|typechange|Bug|[from] ability: Libero\n|-damage|p1a: Honchkrow|0 fnt\n|faint|p1a: Honchkrow\n|\n|t:|1781388750\n|switch|p2a: Shaymin|Shaymin, L82|298/298|[from] U-turn\n|\n|upkeep\n|\n|t:|1781388757\n|switch|p1a: Glalie|Glalie, L96, M|309/309\n|turn|9\n|\n|t:|1781388762\n|move|p2a: Shaymin|Seed Flare|p1a: Glalie\n|-damage|p1a: Glalie|200/309\n|move|p1a: Glalie|Freeze-Dry|p2a: Shaymin\n|-supereffective|p2a: Shaymin\n|-damage|p2a: Shaymin|134/298\n|\n|-heal|p2a: Shaymin|152/298|[from] item: Leftovers\n|upkeep\n|turn|10\n|\n|t:|1781388771\n|move|p2a: Shaymin|Air Slash|p1a: Glalie\n|-damage|p1a: Glalie|149/309\n|move|p1a: Glalie|Freeze-Dry|p2a: Shaymin\n|-supereffective|p2a: Shaymin\n|-damage|p2a: Shaymin|0 fnt\n|faint|p2a: Shaymin\n|\n|upkeep\n|\n|t:|1781388783\n|switch|p2a: Great Tusk|Great Tusk, L77|304/304\n|turn|11\n|\n|t:|1781388797\n|move|p1a: Glalie|Taunt|p2a: Great Tusk\n|-start|p2a: Great Tusk|move: Taunt\n|move|p2a: Great Tusk|Rapid Spin|p1a: Glalie\n|-damage|p1a: Glalie|111/309\n|-boost|p2a: Great Tusk|spe|1\n|\n|upkeep\n|turn|12\n|\n|t:|1781388808\n|move|p2a: Great Tusk|Close Combat|p1a: Glalie\n|-supereffective|p1a: Glalie\n|-damage|p1a: Glalie|0 fnt\n|-unboost|p2a: Great Tusk|def|1\n|-unboost|p2a: Great Tusk|spd|1\n|faint|p1a: Glalie\n|\n|upkeep\n|\n|t:|1781388826\n|switch|p1a: Slither Wing|Slither Wing, L81|270/270\n|turn|13\n|\n|t:|1781388843\n|move|p2a: Great Tusk|Close Combat|p1a: Slither Wing\n|-resisted|p1a: Slither Wing\n|-damage|p1a: Slither Wing|201/270\n|-unboost|p2a: Great Tusk|def|1\n|-unboost|p2a: Great Tusk|spd|1\n|move|p1a: Slither Wing|Close Combat|p2a: Great Tusk\n|-damage|p2a: Great Tusk|8/304\n|-unboost|p1a: Slither Wing|def|1\n|-unboost|p1a: Slither Wing|spd|1\n|-damage|p1a: Slither Wing|174/270|[from] item: Life Orb\n|\n|-heal|p2a: Great Tusk|27/304|[from] item: Leftovers\n|-end|p2a: Great Tusk|move: Taunt\n|upkeep\n|turn|14\n|\n|t:|1781388857\n|move|p2a: Great Tusk|Close Combat|p1a: Slither Wing\n|-resisted|p1a: Slither Wing\n|-damage|p1a: Slither Wing|70/270\n|-unboost|p2a: Great Tusk|def|1\n|-unboost|p2a: Great Tusk|spd|1\n|move|p1a: Slither Wing|Flare Blitz|p2a: Great Tusk\n|-damage|p2a: Great Tusk|0 fnt\n|faint|p2a: Great Tusk\n|-end|p2a: Great Tusk|Protosynthesis|[silent]\n|-damage|p1a: Slither Wing|61/270|[from] Recoil\n|-damage|p1a: Slither Wing|34/270|[from] item: Life Orb\n|\n|upkeep\n|\n|t:|1781388863\n|switch|p2a: Cinderace|Cinderace, L77, M|66/249\n|turn|15\n|\n|t:|1781388871\n|move|p2a: Cinderace|Pyro Ball|p1a: Slither Wing\n|-supereffective|p1a: Slither Wing\n|-damage|p1a: Slither Wing|0 fnt\n|faint|p1a: Slither Wing\n|-end|p1a: Slither Wing|Protosynthesis|[silent]\n|\n|upkeep\n|\n|t:|1781388876\n|switch|p1a: Porygon2|Porygon2, L81|270/270\n|-ability|p1a: Porygon2|Download|boost\n|-boost|p1a: Porygon2|spa|1\n|turn|16\n|\n|t:|1781388883\n|-terastallize|p1a: Porygon2|Electric\n|move|p2a: Cinderace|Pyro Ball|p1a: Porygon2\n|-damage|p1a: Porygon2|153/270\n|move|p1a: Porygon2|Discharge|p2a: Cinderace\n|-crit|p2a: Cinderace\n|-damage|p2a: Cinderace|0 fnt\n|faint|p2a: Cinderace\n|\n|upkeep\n|\n|t:|1781388888\n|switch|p2a: Torterra|Torterra, L78, M|276/276\n|turn|17\n|\n|t:|1781388894\n|-terastallize|p2a: Torterra|Ground\n|move|p1a: Porygon2|Ice Beam|p2a: Torterra\n|-supereffective|p2a: Torterra\n|-damage|p2a: Torterra|50/276\n|move|p2a: Torterra|Shell Smash|p2a: Torterra\n|-unboost|p2a: Torterra|def|1\n|-unboost|p2a: Torterra|spd|1\n|-boost|p2a: Torterra|atk|2\n|-boost|p2a: Torterra|spa|2\n|-boost|p2a: Torterra|spe|2\n|\n|upkeep\n|turn|18\n|\n|t:|1781388904\n|move|p2a: Torterra|Headlong Rush|p1a: Porygon2\n|-supereffective|p1a: Porygon2\n|-damage|p1a: Porygon2|0 fnt\n|-unboost|p2a: Torterra|def|1\n|-unboost|p2a: Torterra|spd|1\n|faint|p1a: Porygon2\n|\n|win|freezy1029\n|raw|freaky dog's rating: 1455 &rarr; <strong>1434</strong><br />(-21 for losing)\n|raw|freezy1029's rating: 1441 &rarr; <strong>1462</strong><br />(+21 for winning)\n|l|\u2606freezy1029\n|player|p2|\n|l|\u2606freaky dog\n|player|p1|\n|j|\u2606freezy1029\n|player|p2|freezy1029|102|\n", "inputlog": ">version a8376a258c1d4662feba110a92103f3664a72141\n>start {\"formatid\":\"gen9randombattle\",\"seed\":\"sodium,ff393ccee795f62b51c5f1dad96ea658\",\"rated\":\"Rated battle\"}\n>player p1 {\"name\":\"freaky dog\",\"avatar\":\"266\",\"rating\":1455,\"seed\":\"sodium,4e8e33d8249420c2eec36919c84098f3\"}\n>player p2 {\"name\":\"freezy1029\",\"avatar\":\"102\",\"rating\":1441,\"seed\":\"sodium,8f7be4ccd9ab68b1d1fe00cc368cb36d\"}\n>p1 switch 3\n>p2 switch 5\n>p1 move earthpower\n>p2 move uturn\n>p2 switch 4\n>p1 move ficklebeam\n>p2 move shadowball\n>p1 switch 3\n>p1 move earthquake\n>p2 move fireblast\n>p2 switch 4\n>p1 switch 5\n>p2 move highjumpkick\n>p1 switch 4\n>p1 move bravebird\n>p2 switch 2\n>p1 move bravebird\n>p2 move recover\n>p2 switch 2\n>p1 move suckerpunch\n>p2 move uturn\n>p2 switch 6\n>p1 switch 5\n>p1 move freezedry\n>p2 move seedflare\n>p1 move freezedry\n>p2 move airslash\n>p2 switch 5\n>p1 move taunt\n>p2 move rapidspin\n>p1 move freezedry\n>p2 move closecombat\n>p1 switch 2\n>p1 move closecombat\n>p2 move closecombat\n>p1 move flareblitz\n>p2 move closecombat\n>p2 switch 6\n>p1 move closecombat\n>p2 move pyroball\n>p1 switch 6\n>p1 move discharge terastallize\n>p2 move pyroball\n>p2 switch 3\n>p1 move icebeam\n>p2 move shellsmash terastallize\n>p1 move icebeam\n>p2 move headlongrush", "uploadtime": 1781388946, "views": 6, "formatid": "gen9randombattle", "rating": 1434, "private": 0, "password": null}