{"id": "gen9randombattle-2631721962", "format": "[Gen 9] Random Battle", "players": ["JayClaw", "Crysys1"], "log": "|j|\u2606JayClaw\n|j|\u2606Crysys1\n|t:|1781428533\n|gametype|singles\n|player|p1|JayClaw|red|2029\n|player|p2|Crysys1|265|2129\n|gen|9\n|tier|[Gen 9] Random Battle\n|rated|\n|rule|Species Clause: Limit one of each Pok\u00e9mon\n|rule|HP Percentage Mod: HP is shown in percentages\n|rule|Sleep Clause Mod: Limit one foe put to sleep\n|rule|Illusion Level Mod: Illusion disguises the Pok\u00e9mon's true level\n|\n|t:|1781428533\n|teamsize|p1|6\n|teamsize|p2|6\n|start\n|switch|p1a: Virizion|Virizion, L82|283/283\n|switch|p2a: Passimian|Passimian, L83, F|302/302\n|turn|1\n|j| mintnight\n|l| mintnight\n|\n|t:|1781428554\n|switch|p1a: Grumpig|Grumpig, L92, M|297/297\n|move|p2a: Passimian|Bulk Up|p2a: Passimian\n|-boost|p2a: Passimian|atk|1\n|-boost|p2a: Passimian|def|1\n|\n|upkeep\n|turn|2\n|\n|t:|1781428576\n|move|p1a: Grumpig|Nasty Plot|p1a: Grumpig\n|-boost|p1a: Grumpig|spa|2\n|move|p2a: Passimian|Knock Off|p1a: Grumpig\n|-supereffective|p1a: Grumpig\n|-damage|p1a: Grumpig|23/297\n|-enditem|p1a: Grumpig|Leftovers|[from] move: Knock Off|[of] p2a: Passimian\n|\n|upkeep\n|turn|3\n|\n|t:|1781428590\n|move|p1a: Grumpig|Focus Blast|p2a: Passimian\n|-damage|p2a: Passimian|60/302\n|move|p2a: Passimian|Knock Off|p1a: Grumpig\n|-supereffective|p1a: Grumpig\n|-damage|p1a: Grumpig|0 fnt\n|faint|p1a: Grumpig\n|\n|-heal|p2a: Passimian|78/302|[from] item: Leftovers\n|upkeep\n|\n|t:|1781428598\n|switch|p1a: Virizion|Virizion, L82|283/283\n|turn|4\n|\n|t:|1781428615\n|move|p1a: Virizion|Close Combat|p2a: Passimian\n|-damage|p2a: Passimian|0 fnt\n|-unboost|p1a: Virizion|def|1\n|-unboost|p1a: Virizion|spd|1\n|faint|p2a: Passimian\n|-damage|p1a: Virizion|255/283|[from] item: Life Orb\n|\n|upkeep\n|\n|t:|1781428618\n|switch|p2a: Cinderace|Cinderace, L77, M|250/250\n|turn|5\n|\n|t:|1781428627\n|switch|p1a: Mandibuzz|Mandibuzz, L85, F|326/326\n|move|p2a: Cinderace|Will-O-Wisp|p1a: Mandibuzz\n|-status|p1a: Mandibuzz|brn\n|\n|-damage|p1a: Mandibuzz|306/326 brn|[from] brn\n|upkeep\n|turn|6\n|\n|t:|1781428650\n|move|p2a: Cinderace|Pyro Ball|p1a: Mandibuzz\n|-damage|p1a: Mandibuzz|203/326 brn\n|move|p1a: Mandibuzz|Foul Play|p2a: Cinderace\n|-damage|p2a: Cinderace|188/250\n|\n|-damage|p1a: Mandibuzz|183/326 brn|[from] brn\n|upkeep\n|turn|7\n|\n|t:|1781428657\n|move|p2a: Cinderace|U-turn|p1a: Mandibuzz\n|-start|p2a: Cinderace|typechange|Bug|[from] ability: Libero\n|-damage|p1a: Mandibuzz|123/326 brn\n|\n|t:|1781428663\n|switch|p2a: Tatsugiri|Tatsugiri, L87, F|260/260|[from] U-turn\n|move|p1a: Mandibuzz|Roost|p1a: Mandibuzz\n|-heal|p1a: Mandibuzz|286/326 brn\n|-singleturn|p1a: Mandibuzz|move: Roost\n|\n|-damage|p1a: Mandibuzz|266/326 brn|[from] brn\n|upkeep\n|turn|8\n|\n|t:|1781428675\n|move|p2a: Tatsugiri|Nasty Plot|p2a: Tatsugiri\n|-boost|p2a: Tatsugiri|spa|2\n|move|p1a: Mandibuzz|U-turn|p2a: Tatsugiri\n|-damage|p2a: Tatsugiri|235/260\n|\n|t:|1781428683\n|switch|p1a: Bruxish|Bruxish, L85, M|254/254|[from] U-turn\n|\n|upkeep\n|turn|9\n|\n|t:|1781428688\n|switch|p2a: Ting-Lu|Ting-Lu, L78|370/370\n|-ability|p2a: Ting-Lu|Vessel of Ruin\n|move|p1a: Bruxish|Psychic Fangs|p2a: Ting-Lu\n|-immune|p2a: Ting-Lu\n|\n|upkeep\n|turn|10\n|\n|t:|1781428703\n|switch|p1a: Virizion|Virizion, L82|255/283\n|move|p2a: Ting-Lu|Heavy Slam|p1a: Virizion\n|-damage|p1a: Virizion|192/283\n|\n|upkeep\n|turn|11\n|\n|t:|1781428743\n|switch|p2a: Cinderace|Cinderace, L77, M|188/250\n|move|p1a: Virizion|Leaf Blade|p2a: Cinderace\n|-resisted|p2a: Cinderace\n|-damage|p2a: Cinderace|117/250\n|-damage|p1a: Virizion|164/283|[from] item: Life Orb\n|\n|upkeep\n|turn|12\n|\n|t:|1781428753\n|switch|p1a: Mandibuzz|Mandibuzz, L85, F|266/326 brn\n|move|p2a: Cinderace|Pyro Ball|p1a: Mandibuzz|[miss]\n|-miss|p2a: Cinderace|p1a: Mandibuzz\n|\n|-damage|p1a: Mandibuzz|246/326 brn|[from] brn\n|upkeep\n|turn|13\n|\n|t:|1781428757\n|move|p2a: Cinderace|U-turn|p1a: Mandibuzz\n|-start|p2a: Cinderace|typechange|Bug|[from] ability: Libero\n|-damage|p1a: Mandibuzz|180/326 brn\n|inactive|Battle timer is ON: inactive players will automatically lose when time's up. (requested by JayClaw)\n|\n|t:|1781428769\n|switch|p2a: Tatsugiri|Tatsugiri, L87, F|235/260|[from] U-turn\n|move|p1a: Mandibuzz|Roost|p1a: Mandibuzz\n|-heal|p1a: Mandibuzz|326/326 brn\n|-singleturn|p1a: Mandibuzz|move: Roost\n|\n|-damage|p1a: Mandibuzz|306/326 brn|[from] brn\n|upkeep\n|turn|14\n|\n|t:|1781428783\n|move|p2a: Tatsugiri|Rapid Spin|p1a: Mandibuzz\n|-damage|p1a: Mandibuzz|285/326 brn\n|-boost|p2a: Tatsugiri|spe|1\n|move|p1a: Mandibuzz|U-turn|p2a: Tatsugiri\n|-damage|p2a: Tatsugiri|211/260\n|\n|t:|1781428794\n|switch|p1a: Perrserker|Perrserker, L89, M|269/269|[from] U-turn\n|\n|upkeep\n|turn|15\n|\n|t:|1781428803\n|switch|p2a: Charizard|Charizard, L85, F|271/271\n|move|p1a: Perrserker|Close Combat|p2a: Charizard\n|-resisted|p2a: Charizard\n|-damage|p2a: Charizard|176/271\n|-unboost|p1a: Perrserker|def|1\n|-unboost|p1a: Perrserker|spd|1\n|-damage|p1a: Perrserker|243/269|[from] item: Life Orb\n|\n|upkeep\n|turn|16\n|\n|t:|1781428819\n|switch|p1a: Mandibuzz|Mandibuzz, L85, F|285/326 brn\n|move|p2a: Charizard|Dragon Dance|p2a: Charizard\n|-boost|p2a: Charizard|atk|1\n|-boost|p2a: Charizard|spe|1\n|\n|-damage|p1a: Mandibuzz|265/326 brn|[from] brn\n|upkeep\n|turn|17\n|\n|t:|1781428824\n|move|p2a: Charizard|Flare Blitz|p1a: Mandibuzz\n|-damage|p1a: Mandibuzz|102/326 brn\n|-damage|p2a: Charizard|122/271|[from] Recoil\n|move|p1a: Mandibuzz|U-turn|p2a: Charizard\n|-resisted|p2a: Charizard\n|-damage|p2a: Charizard|117/271\n|\n|t:|1781428833\n|switch|p1a: Bruxish|Bruxish, L85, M|254/254|[from] U-turn\n|\n|upkeep\n|turn|18\n|\n|t:|1781428850\n|move|p2a: Charizard|Outrage|p1a: Bruxish\n|-damage|p1a: Bruxish|107/254\n|move|p1a: Bruxish|Ice Fang|p2a: Charizard\n|-damage|p2a: Charizard|0 fnt\n|faint|p2a: Charizard\n|\n|upkeep\n|\n|t:|1781428860\n|switch|p2a: Cinderace|Cinderace, L77, M|117/250\n|turn|19\n|\n|t:|1781428873\n|switch|p1a: Mandibuzz|Mandibuzz, L85, F|102/326 brn\n|move|p2a: Cinderace|Pyro Ball|p1a: Mandibuzz\n|-damage|p1a: Mandibuzz|0 fnt\n|faint|p1a: Mandibuzz\n|\n|upkeep\n|\n|t:|1781428893\n|switch|p1a: Vikavolt|Vikavolt, L83, M|263/263\n|turn|20\n|\n|t:|1781428918\n|move|p2a: Cinderace|U-turn|p1a: Vikavolt\n|-start|p2a: Cinderace|typechange|Bug|[from] ability: Libero\n|-damage|p1a: Vikavolt|196/263\n|\n|t:|1781428923\n|switch|p2a: Tatsugiri|Tatsugiri, L87, F|211/260|[from] U-turn\n|move|p1a: Vikavolt|Volt Switch|p2a: Tatsugiri\n|-damage|p2a: Tatsugiri|127/260\n|\n|t:|1781428930\n|switch|p1a: Virizion|Virizion, L82|164/283|[from] Volt Switch\n|\n|upkeep\n|turn|21\n|\n|t:|1781428945\n|switch|p2a: Arceus|Arceus-Bug, L73|295/295\n|move|p1a: Virizion|Leaf Blade|p2a: Arceus\n|-resisted|p2a: Arceus\n|-damage|p2a: Arceus|244/295\n|-damage|p1a: Virizion|136/283|[from] item: Life Orb\n|\n|upkeep\n|turn|22\n|\n|t:|1781428956\n|move|p1a: Virizion|Swords Dance|p1a: Virizion\n|-boost|p1a: Virizion|atk|2\n|move|p2a: Arceus|Calm Mind|p2a: Arceus\n|-boost|p2a: Arceus|spa|1\n|-boost|p2a: Arceus|spd|1\n|\n|upkeep\n|turn|23\n|\n|t:|1781428974\n|-terastallize|p2a: Arceus|Ground\n|move|p1a: Virizion|Leaf Blade|p2a: Arceus\n|-supereffective|p2a: Arceus\n|-damage|p2a: Arceus|0 fnt\n|faint|p2a: Arceus\n|-damage|p1a: Virizion|108/283|[from] item: Life Orb\n|\n|upkeep\n|\n|t:|1781428978\n|switch|p2a: Cinderace|Cinderace, L77, M|117/250\n|turn|24\n|\n|t:|1781428994\n|switch|p1a: Vikavolt|Vikavolt, L83, M|196/263\n|move|p2a: Cinderace|U-turn|p1a: Vikavolt\n|-start|p2a: Cinderace|typechange|Bug|[from] ability: Libero\n|-damage|p1a: Vikavolt|126/263\n|\n|t:|1781428998\n|switch|p2a: Tatsugiri|Tatsugiri, L87, F|127/260|[from] U-turn\n|\n|upkeep\n|turn|25\n|\n|t:|1781429006\n|move|p2a: Tatsugiri|Surf|p1a: Vikavolt\n|-damage|p1a: Vikavolt|0 fnt\n|faint|p1a: Vikavolt\n|\n|upkeep\n|\n|t:|1781429010\n|switch|p1a: Virizion|Virizion, L82|108/283\n|turn|26\n|\n|t:|1781429016\n|move|p1a: Virizion|Close Combat|p2a: Tatsugiri\n|-damage|p2a: Tatsugiri|0 fnt\n|-unboost|p1a: Virizion|def|1\n|-unboost|p1a: Virizion|spd|1\n|faint|p2a: Tatsugiri\n|-damage|p1a: Virizion|80/283|[from] item: Life Orb\n|\n|upkeep\n|\n|t:|1781429019\n|switch|p2a: Cinderace|Cinderace, L77, M|117/250\n|turn|27\n|\n|t:|1781429025\n|move|p2a: Cinderace|Pyro Ball|p1a: Virizion\n|-supereffective|p1a: Virizion\n|-damage|p1a: Virizion|0 fnt\n|faint|p1a: Virizion\n|\n|upkeep\n|\n|t:|1781429029\n|switch|p1a: Bruxish|Bruxish, L85, M|107/254\n|turn|28\n|\n|t:|1781429034\n|move|p1a: Bruxish|Aqua Jet|p2a: Cinderace\n|-supereffective|p2a: Cinderace\n|-damage|p2a: Cinderace|0 fnt\n|faint|p2a: Cinderace\n|\n|upkeep\n|\n|t:|1781429038\n|switch|p2a: Ting-Lu|Ting-Lu, L78|370/370\n|-ability|p2a: Ting-Lu|Vessel of Ruin\n|turn|29\n|\n|t:|1781429049\n|move|p1a: Bruxish|Aqua Jet|p2a: Ting-Lu\n|-supereffective|p2a: Ting-Lu\n|-damage|p2a: Ting-Lu|248/370\n|move|p2a: Ting-Lu|Earthquake|p1a: Bruxish\n|-damage|p1a: Bruxish|0 fnt\n|faint|p1a: Bruxish\n|\n|upkeep\n|\n|t:|1781429052\n|switch|p1a: Perrserker|Perrserker, L89, M|243/269\n|turn|30\n|\n|t:|1781429057\n|-terastallize|p1a: Perrserker|Fighting\n|move|p1a: Perrserker|Close Combat|p2a: Ting-Lu\n|-supereffective|p2a: Ting-Lu\n|-damage|p2a: Ting-Lu|0 fnt\n|-unboost|p1a: Perrserker|def|1\n|-unboost|p1a: Perrserker|spd|1\n|faint|p2a: Ting-Lu\n|-damage|p1a: Perrserker|217/269|[from] item: Life Orb\n|\n|win|JayClaw\n", "inputlog": ">version a8376a258c1d4662feba110a92103f3664a72141\n>start {\"formatid\":\"gen9randombattle\",\"seed\":\"sodium,f99c56ab1e97b62529562419efc3a8a4\",\"rated\":\"Rated battle\"}\n>player p1 {\"name\":\"JayClaw\",\"avatar\":\"red\",\"rating\":2029,\"seed\":\"sodium,6ffb250f31d616d2154f0a056bfc2ee7\"}\n>player p2 {\"name\":\"Crysys1\",\"avatar\":\"265\",\"rating\":2129,\"seed\":\"sodium,ae0d8297d7ffd5a17976066645aa49ef\"}\n>p1 switch 5\n>p2 move bulkup\n>p1 move nastyplot\n>p2 move knockoff\n>p1 move focusblast\n>p2 move knockoff\n>p1 switch 5\n>p1 move closecombat\n>p2 move drainpunch\n>p2 switch 2\n>p1 switch 6\n>p2 move willowisp\n>p1 move foulplay\n>p2 move pyroball\n>p1 move roost\n>p2 move uturn\n>p2 switch 6\n>p1 move uturn\n>p2 move nastyplot\n>p1 switch 2\n>p1 move psychicfangs\n>p2 switch 3\n>p1 switch 6\n>p2 move heavyslam\n>p1 move leafblade\n>p2 switch 6\n>p1 switch 2\n>p2 move pyroball\n>p1 move roost\n>p2 move uturn\n>p2 switch 3\n>p1 move uturn\n>p2 move rapidspin\n>p1 switch 4\n>p1 move closecombat\n>p2 switch 4\n>p1 switch 4\n>p2 move dragondance\n>p1 move uturn\n>p2 move flareblitz\n>p1 switch 6\n>p1 move icefang\n>p2 move outrage\n>p2 switch 3\n>p1 switch 6\n>p2 move pyroball\n>p1 switch 3\n>p1 move voltswitch\n>p2 move uturn\n>p2 switch 4\n>p1 switch 2\n>p1 move leafblade\n>p2 switch 5\n>p1 move swordsdance\n>p2 move calmmind\n>p1 move leafblade\n>p2 move judgment terastallize\n>p2 switch 4\n>p1 switch 2\n>p2 move uturn\n>p2 switch 5\n>p1 move voltswitch\n>p2 move surf\n>p1 switch 2\n>p1 move closecombat\n>p2 move dracometeor\n>p2 switch 5\n>p1 move closecombat\n>p2 move pyroball\n>p1 switch 6\n>p1 move aquajet\n>p2 move uturn\n>p2 switch 6\n>p1 move aquajet\n>p2 move earthquake\n>p1 switch 4\n>p1 move closecombat terastallize\n>p2 move earthquake", "uploadtime": 1781428535, "views": 4, "formatid": "gen9randombattle", "rating": null, "private": 0, "password": null}