{"id": "gen9randombattle-2631486206", "format": "[Gen 9] Random Battle", "players": ["Starfacto", "boxhero147"], "log": "|j|\u2606Starfacto\n|j|\u2606boxhero147\n|t:|1781391111\n|gametype|singles\n|player|p1|Starfacto|boarder|2026\n|player|p2|boxhero147|169|2069\n|gen|9\n|tier|[Gen 9] Random Battle\n|rated|\n|rule|Species Clause: Limit one of each Pok\u00e9mon\n|rule|HP Percentage Mod: HP is shown in percentages\n|rule|Sleep Clause Mod: Limit one foe put to sleep\n|rule|Illusion Level Mod: Illusion disguises the Pok\u00e9mon's true level\n|\n|t:|1781391111\n|teamsize|p1|6\n|teamsize|p2|6\n|start\n|switch|p1a: Okidogi|Okidogi, L77, M|262/262\n|switch|p2a: Pikachu|Pikachu-Kalos, L93, M|216/216\n|turn|1\n|\n|t:|1781391133\n|move|p2a: Pikachu|Fake Out|p1a: Okidogi\n|-damage|p1a: Okidogi|220/262\n|cant|p1a: Okidogi|flinch\n|\n|-heal|p1a: Okidogi|236/262|[from] item: Leftovers\n|upkeep\n|turn|2\n|\n|t:|1781391141\n|move|p2a: Pikachu|Volt Tackle|p1a: Okidogi\n|-crit|p1a: Okidogi\n|-damage|p1a: Okidogi|0 fnt\n|faint|p1a: Okidogi\n|-damage|p2a: Pikachu|138/216|[from] Recoil\n|\n|upkeep\n|\n|t:|1781391145\n|switch|p1a: Floatzel|Floatzel, L86, M|286/286\n|turn|3\n|\n|t:|1781391148\n|-terastallize|p2a: Pikachu|Water\n|move|p1a: Floatzel|Flip Turn|p2a: Pikachu\n|-resisted|p2a: Pikachu\n|-crit|p2a: Pikachu\n|-damage|p2a: Pikachu|12/216\n|\n|t:|1781391155\n|switch|p1a: Excadrill|Excadrill, L79, F|303/303|[from] Flip Turn\n|-ability|p1a: Excadrill|Mold Breaker\n|move|p2a: Pikachu|Volt Tackle|p1a: Excadrill\n|-immune|p1a: Excadrill\n|\n|upkeep\n|turn|4\n|\n|t:|1781391163\n|move|p2a: Pikachu|Volt Tackle|p1a: Excadrill\n|-immune|p1a: Excadrill\n|move|p1a: Excadrill|Rapid Spin|p2a: Pikachu\n|-crit|p2a: Pikachu\n|-damage|p2a: Pikachu|0 fnt\n|-boost|p1a: Excadrill|spe|1\n|faint|p2a: Pikachu\n|\n|upkeep\n|c|\u2606boxhero147|wp\n|\n|t:|1781391173\n|switch|p2a: Wyrdeer|Wyrdeer, L87, M|321/321\n|-ability|p2a: Wyrdeer|Intimidate|boost\n|-unboost|p1a: Excadrill|atk|1\n|turn|5\n|c|\u2606Starfacto|o7\n|c|\u2606boxhero147|o7?\n|\n|t:|1781391185\n|switch|p1a: Vikavolt|Vikavolt, L83, F|263/263\n|move|p2a: Wyrdeer|Earthquake|p1a: Vikavolt\n|-immune|p1a: Vikavolt|[from] ability: Levitate\n|\n|upkeep\n|turn|6\n|c|\u2606Starfacto|Salute\n|\n|t:|1781391196\n|move|p2a: Wyrdeer|Psychic Noise|p1a: Vikavolt\n|-damage|p1a: Vikavolt|169/263\n|-start|p1a: Vikavolt|move: Heal Block\n|move|p1a: Vikavolt|Sticky Web|p2a: Wyrdeer\n|-sidestart|p2: boxhero147|move: Sticky Web\n|\n|upkeep\n|turn|7\n|\n|t:|1781391203\n|move|p2a: Wyrdeer|Psychic Noise|p1a: Vikavolt\n|-damage|p1a: Vikavolt|60/263\n|move|p1a: Vikavolt|Bug Buzz|p2a: Wyrdeer\n|-supereffective|p2a: Wyrdeer\n|-damage|p2a: Wyrdeer|33/321\n|\n|-heal|p2a: Wyrdeer|53/321|[from] item: Leftovers\n|-end|p1a: Vikavolt|move: Heal Block\n|upkeep\n|turn|8\n|c|\u2606boxhero147|ah\n|\n|t:|1781391212\n|move|p2a: Wyrdeer|Psychic Noise|p1a: Vikavolt\n|-damage|p1a: Vikavolt|0 fnt\n|faint|p1a: Vikavolt\n|\n|-heal|p2a: Wyrdeer|73/321|[from] item: Leftovers\n|upkeep\n|\n|t:|1781391215\n|switch|p1a: Excadrill|Excadrill, L79, F|303/303\n|-ability|p1a: Excadrill|Mold Breaker\n|turn|9\n|\n|t:|1781391221\n|move|p1a: Excadrill|Earthquake|p2a: Wyrdeer\n|-damage|p2a: Wyrdeer|0 fnt\n|faint|p2a: Wyrdeer\n|\n|upkeep\n|\n|t:|1781391237\n|switch|p2a: Glaceon|Glaceon, L94, F|275/275\n|turn|10\n|\n|t:|1781391241\n|move|p1a: Excadrill|Iron Head|p2a: Glaceon\n|-supereffective|p2a: Glaceon\n|-damage|p2a: Glaceon|125/275\n|move|p2a: Glaceon|Mud Shot|p1a: Excadrill\n|-supereffective|p1a: Excadrill\n|-damage|p1a: Excadrill|133/303\n|-unboost|p1a: Excadrill|spe|1\n|\n|-heal|p1a: Excadrill|151/303|[from] item: Leftovers\n|upkeep\n|turn|11\n|\n|t:|1781391252\n|move|p2a: Glaceon|Freeze-Dry|p1a: Excadrill\n|-damage|p1a: Excadrill|0 fnt\n|faint|p1a: Excadrill\n|\n|upkeep\n|\n|t:|1781391258\n|switch|p1a: Floatzel|Floatzel, L86, M|286/286\n|turn|12\n|\n|t:|1781391263\n|move|p1a: Floatzel|Wave Crash|p2a: Glaceon\n|-damage|p2a: Glaceon|0 fnt\n|faint|p2a: Glaceon\n|-damage|p1a: Floatzel|245/286|[from] Recoil\n|\n|upkeep\n|\n|t:|1781391267\n|switch|p2a: Mandibuzz|Mandibuzz, L85, F|326/326\n|turn|13\n|\n|t:|1781391271\n|move|p1a: Floatzel|Wave Crash|p2a: Mandibuzz\n|-damage|p2a: Mandibuzz|136/326\n|-damage|p1a: Floatzel|182/286|[from] Recoil\n|move|p2a: Mandibuzz|Roost|p2a: Mandibuzz\n|-heal|p2a: Mandibuzz|299/326\n|-singleturn|p2a: Mandibuzz|move: Roost\n|\n|upkeep\n|turn|14\n|\n|t:|1781391278\n|switch|p1a: Hitmonlee|Hitmonlee, L85, M|223/223\n|move|p2a: Mandibuzz|Roost|p2a: Mandibuzz\n|-heal|p2a: Mandibuzz|326/326\n|-singleturn|p2a: Mandibuzz|move: Roost\n|\n|upkeep\n|turn|15\n|\n|t:|1781391282\n|move|p1a: Hitmonlee|High Jump Kick|p2a: Mandibuzz\n|-damage|p2a: Mandibuzz|55/326\n|move|p2a: Mandibuzz|Brave Bird|p1a: Hitmonlee\n|-supereffective|p1a: Hitmonlee\n|-damage|p1a: Hitmonlee|0 fnt\n|faint|p1a: Hitmonlee\n|-damage|p2a: Mandibuzz|0 fnt|[from] Recoil\n|faint|p2a: Mandibuzz\n|\n|upkeep\n|\n|t:|1781391295\n|switch|p1a: Floatzel|Floatzel, L86, M|182/286\n|switch|p2a: Minun|Minun, L95, F|268/268\n|-activate|p2a: Minun|move: Sticky Web\n|-unboost|p2a: Minun|spe|1\n|turn|16\n|\n|t:|1781391301\n|-terastallize|p1a: Floatzel|Water\n|move|p1a: Floatzel|Wave Crash|p2a: Minun\n|-damage|p2a: Minun|0 fnt\n|faint|p2a: Minun\n|-damage|p1a: Floatzel|94/286|[from] Recoil\n|\n|upkeep\n|\n|t:|1781391305\n|switch|p2a: Chimecho|Chimecho, L93, F|290/290\n|turn|17\n|\n|t:|1781391309\n|move|p1a: Floatzel|Wave Crash|p2a: Chimecho\n|-damage|p2a: Chimecho|26/290\n|-damage|p1a: Floatzel|7/286|[from] Recoil\n|move|p2a: Chimecho|Cosmic Power|p2a: Chimecho\n|-boost|p2a: Chimecho|def|1\n|-boost|p2a: Chimecho|spd|1\n|\n|-heal|p2a: Chimecho|44/290|[from] item: Leftovers\n|upkeep\n|turn|18\n|c|\u2606Starfacto|Gg\n|\n|t:|1781391316\n|move|p1a: Floatzel|Wave Crash|p2a: Chimecho\n|-damage|p2a: Chimecho|0 fnt\n|faint|p2a: Chimecho\n|-damage|p1a: Floatzel|0 fnt|[from] Recoil\n|faint|p1a: Floatzel\n|\n|win|Starfacto\n", "inputlog": ">version a8376a258c1d4662feba110a92103f3664a72141\n>start {\"formatid\":\"gen9randombattle\",\"seed\":\"sodium,9867925012e28694283923e22901db1e\",\"rated\":\"Rated battle\"}\n>player p1 {\"name\":\"Starfacto\",\"avatar\":\"boarder\",\"rating\":2026,\"seed\":\"sodium,aa64c7b260940643a3baa8e29a121b01\"}\n>player p2 {\"name\":\"boxhero147\",\"avatar\":\"169\",\"rating\":2069,\"seed\":\"sodium,258c3db1c33eb38798e70fd2b9338090\"}\n>p1 move knockoff\n>p2 move fakeout\n>p1 move knockoff\n>p2 move volttackle\n>p1 switch 6\n>p1 move flipturn\n>p2 move volttackle terastallize\n>p1 switch 2\n>p1 move rapidspin\n>p2 move volttackle\n>chat \u2606boxhero147|wp\n>p2 switch 5\n>chat \u2606Starfacto|o7 \n>chat \u2606boxhero147|o7?\n>p1 switch 5\n>p2 move earthquake\n>chat \u2606Starfacto|Salute \n>p1 move stickyweb\n>p2 move psychicnoise\n>p1 move bugbuzz\n>p2 move psychicnoise\n>chat \u2606boxhero147|ah\n>p1 move bugbuzz\n>p2 move psychicnoise\n>p1 switch 5\n>p1 move earthquake\n>p2 move earthquake\n>p2 switch 3\n>p1 move ironhead\n>p2 move mudshot\n>p1 move ironhead\n>p2 move freezedry\n>p1 switch 2\n>p1 move wavecrash\n>p2 move freezedry\n>p2 switch 2\n>p1 move wavecrash\n>p2 move roost\n>p1 switch 3\n>p2 move roost\n>p1 move highjumpkick\n>p2 move bravebird\n>p1 switch 3\n>p2 switch 6\n>p1 move wavecrash terastallize\n>p2 move thunderbolt\n>p2 switch 4\n>p1 move wavecrash\n>p2 move cosmicpower\n>chat \u2606Starfacto|Gg\n>p1 move wavecrash\n>p2 move recover", "uploadtime": 1781391114, "views": 4, "formatid": "gen9randombattle", "rating": null, "private": 0, "password": null}