{"id": "gen9randombattle-2631759690", "format": "[Gen 9] Random Battle", "players": ["joebidenfan1245", "JayClaw"], "log": "|j|\u2606joebidenfan1245\n|j|\u2606JayClaw\n|t:|1781435184\n|gametype|singles\n|player|p1|joebidenfan1245|265|1959\n|player|p2|JayClaw|red|2040\n|gen|9\n|tier|[Gen 9] Random Battle\n|rated|\n|rule|Species Clause: Limit one of each Pok\u00e9mon\n|rule|HP Percentage Mod: HP is shown in percentages\n|rule|Sleep Clause Mod: Limit one foe put to sleep\n|rule|Illusion Level Mod: Illusion disguises the Pok\u00e9mon's true level\n|\n|t:|1781435184\n|teamsize|p1|6\n|teamsize|p2|6\n|start\n|switch|p1a: Misdreavus|Misdreavus, L90, M|254/254\n|switch|p2a: Cinderace|Cinderace, L77, F|250/250\n|turn|1\n|\n|t:|1781435207\n|switch|p1a: Tyranitar|Tyranitar, L78, M|284/284\n|-weather|Sandstorm|[from] ability: Sand Stream|[of] p1a: Tyranitar\n|move|p2a: Cinderace|Pyro Ball|p1a: Tyranitar\n|-resisted|p1a: Tyranitar\n|-damage|p1a: Tyranitar|225/284\n|\n|-weather|Sandstorm|[upkeep]\n|-damage|p2a: Cinderace|235/250|[from] Sandstorm\n|-heal|p1a: Tyranitar|242/284|[from] item: Leftovers\n|upkeep\n|turn|2\n|\n|t:|1781435224\n|move|p2a: Cinderace|U-turn|p1a: Tyranitar\n|-start|p2a: Cinderace|typechange|Bug|[from] ability: Libero\n|-supereffective|p1a: Tyranitar\n|-damage|p1a: Tyranitar|98/284\n|\n|t:|1781435231\n|switch|p2a: Tauros|Tauros-Paldea-Combat, L82, M|257/257|[from] U-turn\n|-ability|p2a: Tauros|Intimidate|boost\n|-unboost|p1a: Tyranitar|atk|1\n|move|p1a: Tyranitar|Thunder Wave|p2a: Tauros\n|-status|p2a: Tauros|par\n|\n|-weather|Sandstorm|[upkeep]\n|-damage|p2a: Tauros|241/257 par|[from] Sandstorm\n|-heal|p1a: Tyranitar|115/284|[from] item: Leftovers\n|upkeep\n|turn|3\n|\n|t:|1781435254\n|switch|p1a: Misdreavus|Misdreavus, L90, M|254/254\n|cant|p2a: Tauros|par\n|\n|-weather|Sandstorm|[upkeep]\n|-damage|p1a: Misdreavus|239/254|[from] Sandstorm\n|-damage|p2a: Tauros|225/257 par|[from] Sandstorm\n|upkeep\n|turn|4\n|\n|t:|1781435263\n|move|p1a: Misdreavus|Calm Mind|p1a: Misdreavus\n|-boost|p1a: Misdreavus|spa|1\n|-boost|p1a: Misdreavus|spd|1\n|cant|p2a: Tauros|par\n|\n|-weather|Sandstorm|[upkeep]\n|-damage|p1a: Misdreavus|224/254|[from] Sandstorm\n|-damage|p2a: Tauros|209/257 par|[from] Sandstorm\n|upkeep\n|turn|5\n|\n|t:|1781435268\n|switch|p2a: Cinderace|Cinderace, L77, F|235/250\n|move|p1a: Misdreavus|Draining Kiss|p2a: Cinderace\n|-resisted|p2a: Cinderace\n|-damage|p2a: Cinderace|200/250\n|-heal|p1a: Misdreavus|250/254|[from] drain|[of] p2a: Cinderace\n|\n|-weather|none\n|upkeep\n|turn|6\n|inactive|Battle timer is ON: inactive players will automatically lose when time's up. (requested by joebidenfan1245)\n|\n|t:|1781435302\n|move|p2a: Cinderace|U-turn|p1a: Misdreavus\n|-start|p2a: Cinderace|typechange|Bug|[from] ability: Libero\n|-resisted|p1a: Misdreavus\n|-damage|p1a: Misdreavus|220/254\n|\n|t:|1781435306\n|switch|p2a: Mightyena|Mightyena, L96, F|290/290|[from] U-turn\n|-ability|p2a: Mightyena|Intimidate|boost\n|-unboost|p1a: Misdreavus|atk|1\n|move|p1a: Misdreavus|Shadow Ball|p2a: Mightyena\n|-resisted|p2a: Mightyena\n|-damage|p2a: Mightyena|217/290\n|\n|-heal|p2a: Mightyena|235/290|[from] item: Leftovers\n|upkeep\n|turn|7\n|\n|t:|1781435315\n|move|p1a: Misdreavus|Will-O-Wisp|p2a: Mightyena|[miss]\n|-miss|p1a: Misdreavus|p2a: Mightyena\n|move|p2a: Mightyena|Throat Chop|p1a: Misdreavus\n|-supereffective|p1a: Misdreavus\n|-damage|p1a: Misdreavus|44/254\n|-start|p1a: Misdreavus|Throat Chop|[silent]\n|\n|-heal|p2a: Mightyena|253/290|[from] item: Leftovers\n|upkeep\n|turn|8\n|\n|t:|1781435320\n|switch|p2a: Cinderace|Cinderace, L77, F|200/250\n|move|p1a: Misdreavus|Draining Kiss|p2a: Cinderace\n|-resisted|p2a: Cinderace\n|-damage|p2a: Cinderace|165/250\n|-heal|p1a: Misdreavus|70/254|[from] drain|[of] p2a: Cinderace\n|\n|-end|p1a: Misdreavus|Throat Chop|[silent]\n|upkeep\n|turn|9\n|\n|t:|1781435332\n|switch|p1a: Tyranitar|Tyranitar, L78, M|115/284\n|-weather|Sandstorm|[from] ability: Sand Stream|[of] p1a: Tyranitar\n|move|p2a: Cinderace|Pyro Ball|p1a: Tyranitar\n|-resisted|p1a: Tyranitar\n|-damage|p1a: Tyranitar|61/284\n|\n|-weather|Sandstorm|[upkeep]\n|-damage|p2a: Cinderace|150/250|[from] Sandstorm\n|-heal|p1a: Tyranitar|78/284|[from] item: Leftovers\n|upkeep\n|turn|10\n|\n|t:|1781435354\n|switch|p1a: Quagsire|Quagsire, L84, F|297/297\n|move|p2a: Cinderace|U-turn|p1a: Quagsire\n|-start|p2a: Cinderace|typechange|Bug|[from] ability: Libero\n|-damage|p1a: Quagsire|216/297\n|\n|t:|1781435363\n|switch|p2a: Misdreavus|Misdreavus, L90, M|254/254|[from] U-turn\n|\n|-weather|Sandstorm|[upkeep]\n|-damage|p2a: Misdreavus|239/254|[from] Sandstorm\n|-heal|p1a: Quagsire|234/297|[from] item: Leftovers\n|upkeep\n|turn|11\n|\n|t:|1781435373\n|move|p2a: Misdreavus|Will-O-Wisp|p1a: Quagsire\n|-status|p1a: Quagsire|brn\n|move|p1a: Quagsire|Toxic|p2a: Misdreavus\n|-status|p2a: Misdreavus|tox\n|\n|-weather|Sandstorm|[upkeep]\n|-damage|p2a: Misdreavus|224/254 tox|[from] Sandstorm\n|-heal|p1a: Quagsire|252/297 brn|[from] item: Leftovers\n|-damage|p2a: Misdreavus|209/254 tox|[from] psn\n|-damage|p1a: Quagsire|234/297 brn|[from] brn\n|upkeep\n|turn|12\n|\n|t:|1781435387\n|move|p2a: Misdreavus|Calm Mind|p2a: Misdreavus\n|-boost|p2a: Misdreavus|spa|1\n|-boost|p2a: Misdreavus|spd|1\n|move|p1a: Quagsire|Spikes|p2a: Misdreavus\n|-sidestart|p2: JayClaw|Spikes\n|\n|-weather|Sandstorm|[upkeep]\n|-damage|p2a: Misdreavus|194/254 tox|[from] Sandstorm\n|-heal|p1a: Quagsire|252/297 brn|[from] item: Leftovers\n|-damage|p2a: Misdreavus|164/254 tox|[from] psn\n|-damage|p1a: Quagsire|234/297 brn|[from] brn\n|upkeep\n|turn|13\n|\n|t:|1781435394\n|move|p2a: Misdreavus|Shadow Ball|p1a: Quagsire\n|-damage|p1a: Quagsire|116/297 brn\n|move|p1a: Quagsire|Spikes|p2a: Misdreavus\n|-sidestart|p2: JayClaw|Spikes\n|\n|-weather|none\n|-heal|p1a: Quagsire|134/297 brn|[from] item: Leftovers\n|-damage|p2a: Misdreavus|119/254 tox|[from] psn\n|-damage|p1a: Quagsire|116/297 brn|[from] brn\n|upkeep\n|turn|14\n|\n|t:|1781435404\n|switch|p1a: Misdreavus|Misdreavus, L90, M|70/254\n|move|p2a: Misdreavus|Shadow Ball|p1a: Misdreavus\n|-supereffective|p1a: Misdreavus\n|-damage|p1a: Misdreavus|0 fnt\n|faint|p1a: Misdreavus\n|\n|-damage|p2a: Misdreavus|59/254 tox|[from] psn\n|upkeep\n|\n|t:|1781435426\n|switch|p1a: Cinderace|Cinderace, L77, F|249/249\n|turn|15\n|\n|t:|1781435436\n|switch|p2a: Eternatus|Eternatus, L69|308/308\n|-damage|p2a: Eternatus|257/308|[from] Spikes\n|-ability|p2a: Eternatus|Pressure\n|move|p1a: Cinderace|Pyro Ball|p2a: Eternatus\n|-resisted|p2a: Eternatus\n|-damage|p2a: Eternatus|189/308\n|\n|upkeep\n|turn|16\n|\n|t:|1781435453\n|switch|p1a: Munkidori|Munkidori, L79, M|269/269\n|move|p2a: Eternatus|Dynamax Cannon|p1a: Munkidori\n|-damage|p1a: Munkidori|194/269\n|\n|upkeep\n|turn|17\n|\n|t:|1781435469\n|switch|p2a: Skarmory|Skarmory, L80, M|235/235\n|move|p1a: Munkidori|U-turn|p2a: Skarmory\n|-resisted|p2a: Skarmory\n|-damage|p2a: Skarmory|228/235\n|\n|t:|1781435479\n|switch|p1a: Cinderace|Cinderace, L77, F|249/249|[from] U-turn\n|\n|-heal|p2a: Skarmory|235/235|[from] item: Leftovers\n|upkeep\n|turn|18\n|\n|t:|1781435484\n|switch|p2a: Eternatus|Eternatus, L69|189/308\n|-damage|p2a: Eternatus|138/308|[from] Spikes\n|-ability|p2a: Eternatus|Pressure\n|move|p1a: Cinderace|Pyro Ball|p2a: Eternatus|[miss]\n|-miss|p1a: Cinderace|p2a: Eternatus\n|\n|upkeep\n|turn|19\n|\n|t:|1781435493\n|switch|p1a: Munkidori|Munkidori, L79, M|194/269\n|move|p2a: Eternatus|Recover|p2a: Eternatus\n|-heal|p2a: Eternatus|292/308\n|\n|upkeep\n|turn|20\n|\n|t:|1781435503\n|switch|p2a: Skarmory|Skarmory, L80, M|235/235\n|move|p1a: Munkidori|Psychic Noise|p2a: Skarmory\n|-resisted|p2a: Skarmory\n|-damage|p2a: Skarmory|175/235\n|-start|p2a: Skarmory|move: Heal Block\n|\n|upkeep\n|turn|21\n|\n|t:|1781435513\n|move|p1a: Munkidori|Psychic Noise|p2a: Skarmory\n|-resisted|p2a: Skarmory\n|-damage|p2a: Skarmory|122/235\n|move|p2a: Skarmory|Brave Bird|p1a: Munkidori\n|-damage|p1a: Munkidori|53/269\n|-damage|p2a: Skarmory|75/235|[from] Recoil\n|\n|-end|p2a: Skarmory|move: Heal Block\n|upkeep\n|turn|22\n|\n|t:|1781435529\n|move|p1a: Munkidori|U-turn|p2a: Skarmory\n|-resisted|p2a: Skarmory\n|-damage|p2a: Skarmory|69/235\n|\n|t:|1781435532\n|switch|p1a: Tyranitar|Tyranitar, L78, M|78/284|[from] U-turn\n|-weather|Sandstorm|[from] ability: Sand Stream|[of] p1a: Tyranitar\n|move|p2a: Skarmory|Brave Bird|p1a: Tyranitar\n|-resisted|p1a: Tyranitar\n|-damage|p1a: Tyranitar|36/284\n|-damage|p2a: Skarmory|55/235|[from] Recoil\n|\n|-weather|Sandstorm|[upkeep]\n|-heal|p2a: Skarmory|69/235|[from] item: Leftovers\n|-heal|p1a: Tyranitar|53/284|[from] item: Leftovers\n|upkeep\n|turn|23\n|\n|t:|1781435545\n|move|p2a: Skarmory|Body Press|p1a: Tyranitar\n|-supereffective|p1a: Tyranitar\n|-damage|p1a: Tyranitar|0 fnt\n|faint|p1a: Tyranitar\n|\n|-weather|Sandstorm|[upkeep]\n|-heal|p2a: Skarmory|83/235|[from] item: Leftovers\n|upkeep\n|\n|t:|1781435547\n|switch|p1a: Cinderace|Cinderace, L77, F|249/249\n|turn|24\n|\n|t:|1781435552\n|switch|p2a: Eternatus|Eternatus, L69|292/308\n|-damage|p2a: Eternatus|241/308|[from] Spikes\n|-ability|p2a: Eternatus|Pressure\n|move|p1a: Cinderace|Pyro Ball|p2a: Eternatus\n|-resisted|p2a: Eternatus\n|-damage|p2a: Eternatus|165/308\n|\n|-weather|Sandstorm|[upkeep]\n|-damage|p1a: Cinderace|234/249|[from] Sandstorm\n|-damage|p2a: Eternatus|146/308|[from] Sandstorm\n|upkeep\n|turn|25\n|\n|t:|1781435568\n|switch|p1a: Munkidori|Munkidori, L79, M|53/269\n|move|p2a: Eternatus|Recover|p2a: Eternatus\n|-heal|p2a: Eternatus|300/308\n|\n|-weather|Sandstorm|[upkeep]\n|-damage|p2a: Eternatus|281/308|[from] Sandstorm\n|-damage|p1a: Munkidori|37/269|[from] Sandstorm\n|upkeep\n|turn|26\n|\n|t:|1781435575\n|move|p1a: Munkidori|Fake Out|p2a: Eternatus\n|-damage|p2a: Eternatus|255/308\n|-damage|p1a: Munkidori|0 fnt|[from] item: Rocky Helmet|[of] p2a: Eternatus\n|faint|p1a: Munkidori\n|cant|p2a: Eternatus|flinch\n|\n|-weather|none\n|upkeep\n|\n|t:|1781435581\n|switch|p1a: Crabominable|Crabominable, L90, M|321/321\n|turn|27\n|\n|t:|1781435591\n|switch|p2a: Tauros|Tauros-Paldea-Combat, L82, M|209/257 par\n|-damage|p2a: Tauros|167/257 par|[from] Spikes\n|-ability|p2a: Tauros|Intimidate|boost\n|-unboost|p1a: Crabominable|atk|1\n|move|p1a: Crabominable|Ice Hammer|p2a: Tauros\n|-damage|p2a: Tauros|1/257 par\n|-unboost|p1a: Crabominable|spe|1\n|\n|upkeep\n|turn|28\n|\n|t:|1781435610\n|switch|p1a: Quagsire|Quagsire, L84, F|116/297 brn\n|move|p2a: Tauros|Close Combat|p1a: Quagsire\n|-damage|p1a: Quagsire|0 fnt\n|-unboost|p2a: Tauros|def|1\n|-unboost|p2a: Tauros|spd|1\n|faint|p1a: Quagsire\n|-damage|p2a: Tauros|0 fnt|[from] item: Life Orb\n|faint|p2a: Tauros\n|\n|upkeep\n|\n|t:|1781435623\n|switch|p2a: Cinderace|Cinderace, L77, F|150/250\n|switch|p1a: Crabominable|Crabominable, L90, M|321/321\n|turn|29\n|\n|t:|1781435641\n|-terastallize|p1a: Crabominable|Fighting\n|move|p2a: Cinderace|U-turn|p1a: Crabominable\n|-start|p2a: Cinderace|typechange|Bug|[from] ability: Libero\n|-resisted|p1a: Crabominable\n|-damage|p1a: Crabominable|282/321\n|inactive|JayClaw has 120 seconds left.\n|\n|t:|1781435656\n|switch|p2a: Misdreavus|Misdreavus, L90, M|59/254 tox|[from] U-turn\n|move|p1a: Crabominable|Ice Hammer|p2a: Misdreavus\n|-damage|p2a: Misdreavus|0 fnt\n|-unboost|p1a: Crabominable|spe|1\n|faint|p2a: Misdreavus\n|\n|upkeep\n|inactive|JayClaw has 120 seconds left.\n|\n|t:|1781435668\n|switch|p2a: Skarmory|Skarmory, L80, M|83/235\n|turn|30\n|inactive|JayClaw has 120 seconds left.\n|\n|t:|1781435692\n|switch|p1a: Cinderace|Cinderace, L77, F|234/249\n|move|p2a: Skarmory|Brave Bird|p1a: Cinderace\n|-damage|p1a: Cinderace|113/249\n|-damage|p2a: Skarmory|43/235|[from] Recoil\n|\n|-heal|p2a: Skarmory|57/235|[from] item: Leftovers\n|upkeep\n|turn|31\n|\n|t:|1781435711\n|switch|p1a: Crabominable|Crabominable, L90, M, tera:Fighting|282/321\n|switch|p2a: Eternatus|Eternatus, L69|255/308\n|-damage|p2a: Eternatus|204/308|[from] Spikes\n|-ability|p2a: Eternatus|Pressure\n|\n|upkeep\n|turn|32\n|\n|t:|1781435723\n|switch|p2a: Mightyena|Mightyena, L96, F|253/290\n|-damage|p2a: Mightyena|205/290|[from] Spikes\n|-ability|p2a: Mightyena|Intimidate|boost\n|-unboost|p1a: Crabominable|atk|1\n|move|p1a: Crabominable|Ice Hammer|p2a: Mightyena\n|-damage|p2a: Mightyena|19/290\n|-unboost|p1a: Crabominable|spe|1\n|\n|-heal|p2a: Mightyena|37/290|[from] item: Leftovers\n|upkeep\n|turn|33\n|\n|t:|1781435745\n|move|p2a: Mightyena|Poison Fang|p1a: Crabominable\n|-damage|p1a: Crabominable|239/321\n|move|p1a: Crabominable|Ice Hammer|p2a: Mightyena\n|-damage|p2a: Mightyena|0 fnt\n|-unboost|p1a: Crabominable|spe|1\n|faint|p2a: Mightyena\n|\n|upkeep\n|\n|t:|1781435752\n|switch|p2a: Skarmory|Skarmory, L80, M|57/235\n|turn|34\n|\n|t:|1781435768\n|move|p2a: Skarmory|Brave Bird|p1a: Crabominable\n|-supereffective|p1a: Crabominable\n|-damage|p1a: Crabominable|41/321\n|-damage|p2a: Skarmory|0 fnt|[from] Recoil\n|faint|p2a: Skarmory\n|move|p1a: Crabominable|Ice Hammer|p2: Skarmory|[notarget]\n|-fail|p1a: Crabominable\n|\n|upkeep\n|\n|t:|1781435778\n|switch|p2a: Eternatus|Eternatus, L69|204/308\n|-damage|p2a: Eternatus|153/308|[from] Spikes\n|-ability|p2a: Eternatus|Pressure\n|turn|35\n|\n|t:|1781435783\n|move|p2a: Eternatus|Dynamax Cannon|p1a: Crabominable\n|-damage|p1a: Crabominable|0 fnt\n|faint|p1a: Crabominable\n|\n|upkeep\n|\n|t:|1781435785\n|switch|p1a: Cinderace|Cinderace, L77, F|113/249\n|turn|36\n|\n|t:|1781435796\n|move|p1a: Cinderace|Pyro Ball|p2a: Eternatus\n|-resisted|p2a: Eternatus\n|-damage|p2a: Eternatus|79/308\n|move|p2a: Eternatus|Recover|p2a: Eternatus\n|-heal|p2a: Eternatus|233/308\n|\n|upkeep\n|turn|37\n|-message|joebidenfan1245 forfeited.\n|\n|win|JayClaw\n|raw|joebidenfan1245's rating: 1959 &rarr; <strong>1944</strong><br />(-15 for losing)\n|raw|JayClaw's rating: 2040 &rarr; <strong>2055</strong><br />(+15 for winning)\n", "inputlog": ">version a8376a258c1d4662feba110a92103f3664a72141\n>start {\"formatid\":\"gen9randombattle\",\"seed\":\"sodium,cc1772e8cdf77ac044886693fb8029c0\",\"rated\":\"Rated battle\"}\n>player p1 {\"name\":\"joebidenfan1245\",\"avatar\":\"265\",\"rating\":1959,\"seed\":\"sodium,8df2f8720a708b7f06959202ad58cc58\"}\n>player p2 {\"name\":\"JayClaw\",\"avatar\":\"red\",\"rating\":2040,\"seed\":\"sodium,cdd27fc4d7138e67ad5d9719bb996107\"}\n>p1 switch 3\n>p2 move pyroball\n>p1 move thunderwave\n>p2 move uturn\n>p2 switch 4\n>p1 switch 3\n>p2 move throatchop\n>p1 move calmmind\n>p2 move throatchop\n>p1 move drainingkiss\n>p2 switch 4\n>p1 move shadowball\n>p2 move uturn\n>p2 switch 6\n>p1 move willowisp\n>p2 move throatchop\n>p1 move drainingkiss\n>p2 switch 6\n>p1 switch 3\n>p2 move pyroball\n>p1 switch 5\n>p2 move uturn\n>p2 switch 3\n>p1 move toxic\n>p2 move willowisp\n>p1 move spikes\n>p2 move calmmind\n>p1 move spikes\n>p2 move shadowball\n>p1 switch 3\n>p2 move shadowball\n>p1 switch 2\n>p1 move pyroball\n>p2 switch 5\n>p1 switch 6\n>p2 move dynamaxcannon\n>p1 move uturn\n>p2 switch 2\n>p1 switch 6\n>p1 move pyroball\n>p2 switch 2\n>p1 switch 6\n>p2 move recover\n>p1 move psychicnoise\n>p2 switch 2\n>p1 move psychicnoise\n>p2 move bravebird\n>p1 move uturn\n>p2 move bravebird\n>p1 switch 5\n>p1 move knockoff\n>p2 move bodypress\n>p1 switch 6\n>p1 move pyroball\n>p2 switch 2\n>p1 switch 5\n>p2 move recover\n>p1 move fakeout\n>p2 move flamethrower\n>p1 switch 4\n>p1 move icehammer\n>p2 switch 4\n>p1 switch 3\n>p2 move closecombat\n>p1 switch 3\n>p2 switch 3\n>p1 move icehammer terastallize\n>p2 move uturn\n>p2 switch 5\n>p2 switch 2\n>p1 switch 5\n>p2 move bravebird\n>p1 switch 5\n>p2 switch 4\n>p1 move icehammer\n>p2 switch 6\n>p1 move icehammer\n>p2 move poisonfang\n>p2 switch 4\n>p1 move icehammer\n>p2 move bravebird\n>p2 switch 6\n>p1 move icehammer\n>p2 move dynamaxcannon\n>p1 switch 5\n>p1 move pyroball\n>p2 move recover\n>forcelose p1", "uploadtime": 1781435185, "views": 6, "formatid": "gen9randombattle", "rating": 1944, "private": 0, "password": null, "player_dets": [{"name": "joebidenfan1245", "avatar": "265", "rating": 1959, "seed": "sodium,8df2f8720a708b7f06959202ad58cc58"}, {"name": "JayClaw", "avatar": "red", "rating": 2040, "seed": "sodium,cdd27fc4d7138e67ad5d9719bb996107"}], "teams_full": [{"Misdreavus": {"name": "Misdreavus", "species": "Misdreavus", "speciesId": "misdreavus", "gender": "M", "shiny": false, "level": 90, "moves": ["shadowball", "willowisp", "calmmind", "drainingkiss"], "ability": "Levitate", "evs": {"hp": 85, "atk": 0, "def": 85, "spa": 85, "spd": 85, "spe": 85}, "ivs": {"hp": 31, "atk": 0, "def": 31, "spa": 31, "spd": 31, "spe": 31}, "item": "Eviolite", "teraType": "Fairy", "role": "Bulky Setup", "bvs": {"hp": 60, "atk": 60, "def": 60, "spa": 85, "spd": 85, "spe": 85}, "stats": {"hp": 254, "atk": 113, "def": 159, "spa": 204, "spd": 204, "spe": 204}}, "Cinderace": {"name": "Cinderace", "species": "Cinderace", "speciesId": "cinderace", "gender": "F", "shiny": false, "level": 77, "moves": ["pyroball", "courtchange", "gunkshot", "highjumpkick"], "ability": "Libero", "evs": {"hp": 81, "atk": 85, "def": 85, "spa": 85, "spd": 85, "spe": 85}, "ivs": {"hp": 31, "atk": 31, "def": 31, "spa": 31, "spd": 31, "spe": 31}, "item": "Heavy-Duty Boots", "teraType": "Fighting", "role": "Fast Attacker", "bvs": {"hp": 80, "atk": 116, "def": 75, "spa": 65, "spd": 75, "spe": 119}, "stats": {"hp": 249, "atk": 223, "def": 160, "spa": 145, "spd": 160, "spe": 228}}, "Tyranitar": {"name": "Tyranitar", "species": "Tyranitar", "speciesId": "tyranitar", "gender": "M", "shiny": false, "level": 78, "moves": ["earthquake", "thunderwave", "knockoff", "stoneedge"], "ability": "Sand Stream", "evs": {"hp": 85, "atk": 85, "def": 85, "spa": 85, "spd": 85, "spe": 85}, "ivs": {"hp": 31, "atk": 31, "def": 31, "spa": 31, "spd": 31, "spe": 31}, "item": "Leftovers", "teraType": "Ghost", "role": "Bulky Support", "bvs": {"hp": 100, "atk": 134, "def": 110, "spa": 95, "spd": 100, "spe": 61}, "stats": {"hp": 284, "atk": 254, "def": 217, "spa": 193, "spd": 201, "spe": 140}}, "Crabominable": {"name": "Crabominable", "species": "Crabominable", "speciesId": "crabominable", "gender": "M", "shiny": false, "level": 90, "moves": ["knockoff", "closecombat", "icehammer", "gunkshot"], "ability": "Iron Fist", "evs": {"hp": 85, "atk": 85, "def": 85, "spa": 85, "spd": 85, "spe": 85}, "ivs": {"hp": 31, "atk": 31, "def": 31, "spa": 31, "spd": 31, "spe": 31}, "item": "Choice Band", "teraType": "Fighting", "role": "Wallbreaker", "bvs": {"hp": 97, "atk": 132, "def": 77, "spa": 62, "spd": 67, "spe": 43}, "stats": {"hp": 321, "atk": 289, "def": 190, "spa": 163, "spd": 172, "spe": 129}}, "Quagsire": {"name": "Quagsire", "species": "Quagsire", "speciesId": "quagsire", "gender": "F", "shiny": false, "level": 84, "moves": ["earthquake", "toxic", "recover", "spikes"], "ability": "Unaware", "evs": {"hp": 85, "atk": 85, "def": 85, "spa": 85, "spd": 85, "spe": 85}, "ivs": {"hp": 31, "atk": 31, "def": 31, "spa": 31, "spd": 31, "spe": 31}, "item": "Leftovers", "teraType": "Steel", "role": "Bulky Support", "bvs": {"hp": 95, "atk": 85, "def": 85, "spa": 65, "spd": 65, "spe": 35}, "stats": {"hp": 297, "atk": 191, "def": 191, "spa": 157, "spd": 157, "spe": 107}}, "Munkidori": {"name": "Munkidori", "species": "Munkidori", "speciesId": "munkidori", "gender": "M", "shiny": false, "level": 79, "moves": ["psychicnoise", "sludgewave", "fakeout", "uturn"], "ability": "Toxic Chain", "evs": {"hp": 85, "atk": 85, "def": 85, "spa": 85, "spd": 85, "spe": 85}, "ivs": {"hp": 31, "atk": 31, "def": 31, "spa": 31, "spd": 31, "spe": 31}, "item": "Assault Vest", "teraType": "Dark", "role": "AV Pivot", "bvs": {"hp": 88, "atk": 75, "def": 66, "spa": 130, "spd": 90, "spe": 106}, "stats": {"hp": 269, "atk": 164, "def": 150, "spa": 251, "spd": 188, "spe": 213}}}, {"Cinderace": {"name": "Cinderace", "species": "Cinderace", "speciesId": "cinderace", "gender": "F", "shiny": false, "level": 77, "moves": ["uturn", "courtchange", "willowisp", "pyroball"], "ability": "Libero", "evs": {"hp": 85, "atk": 85, "def": 85, "spa": 85, "spd": 85, "spe": 85}, "ivs": {"hp": 31, "atk": 31, "def": 31, "spa": 31, "spd": 31, "spe": 31}, "item": "Heavy-Duty Boots", "teraType": "Grass", "role": "Fast Support", "bvs": {"hp": 80, "atk": 116, "def": 75, "spa": 65, "spd": 75, "spe": 119}, "stats": {"hp": 250, "atk": 223, "def": 160, "spa": 145, "spd": 160, "spe": 228}}, "Skarmory": {"name": "Skarmory", "species": "Skarmory", "speciesId": "skarmory", "gender": "M", "shiny": false, "level": 80, "moves": ["roost", "irondefense", "bodypress", "bravebird"], "ability": "Sturdy", "evs": {"hp": 85, "atk": 85, "def": 85, "spa": 85, "spd": 85, "spe": 85}, "ivs": {"hp": 31, "atk": 31, "def": 31, "spa": 31, "spd": 31, "spe": 31}, "item": "Leftovers", "teraType": "Fighting", "role": "Bulky Setup", "bvs": {"hp": 65, "atk": 80, "def": 140, "spa": 40, "spd": 70, "spe": 70}, "stats": {"hp": 235, "atk": 174, "def": 270, "spa": 110, "spd": 158, "spe": 158}}, "Misdreavus": {"name": "Misdreavus", "species": "Misdreavus", "speciesId": "misdreavus", "gender": "M", "shiny": false, "level": 90, "moves": ["drainingkiss", "shadowball", "willowisp", "calmmind"], "ability": "Levitate", "evs": {"hp": 85, "atk": 0, "def": 85, "spa": 85, "spd": 85, "spe": 85}, "ivs": {"hp": 31, "atk": 0, "def": 31, "spa": 31, "spd": 31, "spe": 31}, "item": "Eviolite", "teraType": "Fairy", "role": "Bulky Setup", "bvs": {"hp": 60, "atk": 60, "def": 60, "spa": 85, "spd": 85, "spe": 85}, "stats": {"hp": 254, "atk": 113, "def": 159, "spa": 204, "spd": 204, "spe": 204}}, "Tauros": {"name": "Tauros", "species": "Tauros-Paldea-Combat", "speciesId": "taurospaldeacombat", "gender": "M", "shiny": false, "level": 82, "moves": ["bulkup", "closecombat", "earthquake", "throatchop"], "ability": "Intimidate", "evs": {"hp": 85, "atk": 85, "def": 85, "spa": 85, "spd": 85, "spe": 85}, "ivs": {"hp": 31, "atk": 31, "def": 31, "spa": 31, "spd": 31, "spe": 31}, "item": "Life Orb", "teraType": "Dark", "role": "Wallbreaker", "bvs": {"hp": 75, "atk": 110, "def": 105, "spa": 30, "spd": 70, "spe": 100}, "stats": {"hp": 257, "atk": 228, "def": 219, "spa": 96, "spd": 162, "spe": 211}}, "Eternatus": {"name": "Eternatus", "species": "Eternatus", "speciesId": "eternatus", "gender": "N", "shiny": false, "level": 69, "moves": ["recover", "toxicspikes", "flamethrower", "dynamaxcannon"], "ability": "Pressure", "evs": {"hp": 85, "atk": 0, "def": 85, "spa": 85, "spd": 85, "spe": 85}, "ivs": {"hp": 31, "atk": 0, "def": 31, "spa": 31, "spd": 31, "spe": 31}, "item": "Rocky Helmet", "teraType": "Water", "role": "Bulky Support", "bvs": {"hp": 140, "atk": 85, "def": 95, "spa": 145, "spd": 95, "spe": 130}, "stats": {"hp": 308, "atk": 122, "def": 171, "spa": 240, "spd": 171, "spe": 220}}, "Mightyena": {"name": "Mightyena", "species": "Mightyena", "speciesId": "mightyena", "gender": "F", "shiny": false, "level": 96, "moves": ["throatchop", "poisonfang", "suckerpunch", "taunt"], "ability": "Intimidate", "evs": {"hp": 85, "atk": 85, "def": 85, "spa": 85, "spd": 85, "spe": 85}, "ivs": {"hp": 31, "atk": 31, "def": 31, "spa": 31, "spd": 31, "spe": 31}, "item": "Leftovers", "teraType": "Poison", "role": "Bulky Attacker", "bvs": {"hp": 70, "atk": 90, "def": 70, "spa": 60, "spd": 60, "spe": 70}, "stats": {"hp": 290, "atk": 227, "def": 189, "spa": 170, "spd": 170, "spe": 189}}}]}