{"id": "gen9randombattle-2631738780", "format": "[Gen 9] Random Battle", "players": ["BennettOfShowdown", "smokeycool"], "log": "|j|\u2606BennettOfShowdown\n|j|\u2606smokeycool\n|t:|1781431583\n|gametype|singles\n|player|p1|BennettOfShowdown|lucas-gen4pt|1969\n|player|p2|smokeycool|worker|1951\n|gen|9\n|tier|[Gen 9] Random Battle\n|rated|\n|rule|Species Clause: Limit one of each Pok\u00e9mon\n|rule|HP Percentage Mod: HP is shown in percentages\n|rule|Sleep Clause Mod: Limit one foe put to sleep\n|rule|Illusion Level Mod: Illusion disguises the Pok\u00e9mon's true level\n|\n|t:|1781431583\n|teamsize|p1|6\n|teamsize|p2|6\n|start\n|switch|p1a: Dragapult|Dragapult, L77, M|262/262\n|switch|p2a: Gumshoos|Gumshoos, L95, M|321/321\n|turn|1\n|inactive|Battle timer is ON: inactive players will automatically lose when time's up. (requested by smokeycool)\n|\n|t:|1781431591\n|switch|p1a: Hitmonchan|Hitmonchan, L87, M|229/229\n|move|p2a: Gumshoos|Knock Off|p1a: Hitmonchan\n|-resisted|p1a: Hitmonchan\n|-crit|p1a: Hitmonchan\n|-damage|p1a: Hitmonchan|20/229\n|-enditem|p1a: Hitmonchan|Leftovers|[from] move: Knock Off|[of] p2a: Gumshoos\n|\n|upkeep\n|turn|2\n|\n|t:|1781431602\n|switch|p2a: Slither Wing|Slither Wing, L81|270/270\n|-enditem|p2a: Slither Wing|Booster Energy\n|-activate|p2a: Slither Wing|ability: Protosynthesis|[fromitem]\n|-start|p2a: Slither Wing|protosynthesisatk\n|move|p1a: Hitmonchan|Knock Off|p2a: Slither Wing\n|-resisted|p2a: Slither Wing\n|-damage|p2a: Slither Wing|241/270\n|\n|upkeep\n|turn|3\n|\n|t:|1781431606\n|move|p1a: Hitmonchan|Poison Jab|p2a: Slither Wing\n|-damage|p2a: Slither Wing|171/270\n|move|p2a: Slither Wing|Bulk Up|p2a: Slither Wing\n|-boost|p2a: Slither Wing|atk|1\n|-boost|p2a: Slither Wing|def|1\n|\n|upkeep\n|turn|4\n|\n|t:|1781431611\n|move|p1a: Hitmonchan|Poison Jab|p2a: Slither Wing\n|-damage|p2a: Slither Wing|120/270\n|-status|p2a: Slither Wing|psn\n|move|p2a: Slither Wing|Leech Life|p1a: Hitmonchan\n|-resisted|p1a: Hitmonchan\n|-damage|p1a: Hitmonchan|0 fnt\n|-heal|p2a: Slither Wing|130/270 psn|[from] drain|[of] p1a: Hitmonchan\n|faint|p1a: Hitmonchan\n|\n|-damage|p2a: Slither Wing|97/270 psn|[from] psn\n|upkeep\n|\n|t:|1781431622\n|switch|p1a: Dragapult|Dragapult, L77, M|262/262\n|turn|5\n|\n|t:|1781431627\n|move|p1a: Dragapult|Dragon Dance|p1a: Dragapult\n|-boost|p1a: Dragapult|atk|1\n|-boost|p1a: Dragapult|spe|1\n|move|p2a: Slither Wing|Acrobatics|p1a: Dragapult\n|-damage|p1a: Dragapult|19/262\n|\n|-damage|p2a: Slither Wing|64/270 psn|[from] psn\n|upkeep\n|turn|6\n|\n|t:|1781431630\n|move|p1a: Dragapult|Dragon Darts|p2a: Slither Wing\n|-damage|p2a: Slither Wing|0 fnt\n|faint|p2a: Slither Wing\n|-end|p2a: Slither Wing|Protosynthesis|[silent]\n|-damage|p1a: Dragapult|0 fnt|[from] item: Life Orb\n|faint|p1a: Dragapult\n|\n|upkeep\n|\n|t:|1781431637\n|switch|p1a: Ribombee|Ribombee, L83, F|235/235\n|switch|p2a: Gumshoos|Gumshoos, L95, M|321/321\n|turn|7\n|\n|t:|1781431640\n|move|p1a: Ribombee|Stun Spore|p2a: Gumshoos\n|-status|p2a: Gumshoos|par\n|move|p2a: Gumshoos|Double-Edge|p1a: Ribombee\n|-damage|p1a: Ribombee|0 fnt\n|faint|p1a: Ribombee\n|-damage|p2a: Gumshoos|243/321 par|[from] Recoil\n|\n|upkeep\n|c|\u2606BennettOfShowdown|I meant to click sticky webs ack\n|\n|t:|1781431668\n|switch|p1a: Sinistcha|Sinistcha-Masterpiece, L83|254/254\n|turn|8\n|\n|t:|1781431677\n|switch|p2a: Mabosstiff|Mabosstiff, L86, M|278/278\n|move|p1a: Sinistcha|Calm Mind|p1a: Sinistcha\n|-boost|p1a: Sinistcha|spa|1\n|-boost|p1a: Sinistcha|spd|1\n|\n|upkeep\n|turn|9\n|\n|t:|1781431688\n|move|p2a: Mabosstiff|Crunch|p1a: Sinistcha\n|-supereffective|p1a: Sinistcha\n|-damage|p1a: Sinistcha|0 fnt\n|faint|p1a: Sinistcha\n|\n|upkeep\n|\n|t:|1781431697\n|switch|p1a: Maushold|Maushold-Four, L76|238/238\n|turn|10\n|\n|t:|1781431705\n|move|p1a: Maushold|Tidy Up|p1a: Maushold\n|-boost|p1a: Maushold|atk|1\n|-boost|p1a: Maushold|spe|1\n|move|p2a: Mabosstiff|Crunch|p1a: Maushold\n|-damage|p1a: Maushold|18/238\n|\n|upkeep\n|turn|11\n|\n|t:|1781431709\n|move|p1a: Maushold|Population Bomb|p2a: Mabosstiff\n|-damage|p2a: Mabosstiff|245/278\n|-damage|p2a: Mabosstiff|209/278\n|-damage|p2a: Mabosstiff|178/278\n|-damage|p2a: Mabosstiff|147/278\n|-hitcount|p2a: Mabosstiff|4\n|move|p2a: Mabosstiff|Crunch|p1a: Maushold\n|-damage|p1a: Maushold|0 fnt\n|faint|p1a: Maushold\n|\n|upkeep\n|c|\u2606BennettOfShowdown|Damn gg\n|c|\u2606smokeycool|unlucky\n|c|\u2606smokeycool|gg\n|\n|t:|1781431722\n|switch|p1a: Latios|Latios, L78, M|253/253\n|turn|12\n|\n|t:|1781431725\n|-terastallize|p1a: Latios|Steel\n|move|p1a: Latios|Calm Mind|p1a: Latios\n|-boost|p1a: Latios|spa|1\n|-boost|p1a: Latios|spd|1\n|move|p2a: Mabosstiff|Crunch|p1a: Latios\n|-damage|p1a: Latios|79/253\n|-unboost|p1a: Latios|def|1\n|\n|upkeep\n|turn|13\n|\n|t:|1781431728\n|move|p1a: Latios|Draco Meteor|p2a: Mabosstiff\n|-damage|p2a: Mabosstiff|0 fnt\n|-unboost|p1a: Latios|spa|2\n|faint|p2a: Mabosstiff\n|\n|upkeep\n|\n|t:|1781431732\n|switch|p2a: Raichu|Raichu, L88, F|249/249\n|turn|14\n|\n|t:|1781431735\n|move|p2a: Raichu|Thunderbolt|p1a: Latios\n|-damage|p1a: Latios|0 fnt\n|faint|p1a: Latios\n|-damage|p2a: Raichu|225/249|[from] item: Life Orb\n|\n|win|smokeycool\n", "uploadtime": 1781431585, "views": 3, "formatid": "gen9randombattle", "rating": null, "private": 0, "password": null}