{"id": "gen9randombattle-2631978441", "format": "[Gen 9] Random Battle", "players": ["SturmBrightblade", "RainbowTrainerZ"], "log": "|j|\u2606SturmBrightblade\n|j|\u2606RainbowTrainerZ\n|t:|1781462110\n|gametype|singles\n|player|p1|SturmBrightblade|101|1956\n|player|p2|RainbowTrainerZ|169|2067\n|gen|9\n|tier|[Gen 9] Random Battle\n|rated|\n|rule|Species Clause: Limit one of each Pok\u00e9mon\n|rule|HP Percentage Mod: HP is shown in percentages\n|rule|Sleep Clause Mod: Limit one foe put to sleep\n|rule|Illusion Level Mod: Illusion disguises the Pok\u00e9mon's true level\n|\n|t:|1781462110\n|teamsize|p1|6\n|teamsize|p2|6\n|start\n|switch|p1a: Minior|Minior-Blue, L79|224/224\n|switch|p2a: Regidrago|Regidrago, L77|435/435\n|-formechange|p1a: Minior|Minior-Meteor||[from] ability: Shields Down\n|turn|1\n|inactive|Battle timer is ON: inactive players will automatically lose when time's up. (requested by SturmBrightblade)\n|inactive|RainbowTrainerZ has 120 seconds left.\n|\n|t:|1781462150\n|move|p2a: Regidrago|Dragon Dance|p2a: Regidrago\n|-boost|p2a: Regidrago|atk|1\n|-boost|p2a: Regidrago|spe|1\n|move|p1a: Minior|Shell Smash|p1a: Minior\n|-unboost|p1a: Minior|def|1\n|-unboost|p1a: Minior|spd|1\n|-boost|p1a: Minior|atk|2\n|-boost|p1a: Minior|spa|2\n|-boost|p1a: Minior|spe|2\n|-enditem|p1a: Minior|White Herb\n|-clearnegativeboost|p1a: Minior|[silent]\n|\n|upkeep\n|turn|2\n|\n|t:|1781462170\n|-terastallize|p2a: Regidrago|Steel\n|move|p1a: Minior|Acrobatics|p2a: Regidrago\n|-resisted|p2a: Regidrago\n|-damage|p2a: Regidrago|329/435\n|move|p2a: Regidrago|Tera Blast|p1a: Minior|[anim] Tera Blast Steel\n|-supereffective|p1a: Minior\n|-damage|p1a: Minior|0 fnt\n|faint|p1a: Minior\n|-damage|p2a: Regidrago|286/435|[from] item: Life Orb\n|\n|upkeep\n|inactive|SturmBrightblade has 120 seconds left.\n|\n|t:|1781462197\n|switch|p1a: Cacturne|Cacturne, L92, M|278/278\n|turn|3\n|\n|t:|1781462202\n|move|p2a: Regidrago|Tera Blast|p1a: Cacturne|[anim] Tera Blast Steel\n|-damage|p1a: Cacturne|101/278\n|-damage|p2a: Regidrago|243/435|[from] item: Life Orb\n|move|p1a: Cacturne|Knock Off|p2a: Regidrago\n|-damage|p2a: Regidrago|0 fnt\n|-enditem|p2a: Regidrago|Life Orb|[from] move: Knock Off|[of] p1a: Cacturne\n|faint|p2a: Regidrago\n|-damage|p1a: Cacturne|74/278|[from] item: Life Orb\n|\n|upkeep\n|\n|t:|1781462214\n|switch|p2a: Toxapex|Toxapex, L82, M|216/216\n|turn|4\n|\n|t:|1781462231\n|move|p1a: Cacturne|Knock Off|p2a: Toxapex\n|-damage|p2a: Toxapex|103/216\n|-damage|p1a: Cacturne|28/278|[from] item: Rocky Helmet|[of] p2a: Toxapex\n|-enditem|p2a: Toxapex|Rocky Helmet|[from] move: Knock Off|[of] p1a: Cacturne\n|-damage|p1a: Cacturne|1/278|[from] item: Life Orb\n|move|p2a: Toxapex|Toxic Spikes|p1a: Cacturne\n|-sidestart|p1: SturmBrightblade|move: Toxic Spikes\n|\n|upkeep\n|turn|5\n|\n|t:|1781462241\n|move|p1a: Cacturne|Swords Dance|p1a: Cacturne\n|-boost|p1a: Cacturne|atk|2\n|move|p2a: Toxapex|Recover|p2a: Toxapex\n|-heal|p2a: Toxapex|211/216\n|\n|upkeep\n|turn|6\n|\n|t:|1781462249\n|move|p1a: Cacturne|Seed Bomb|p2a: Toxapex\n|-damage|p2a: Toxapex|30/216\n|-damage|p1a: Cacturne|0 fnt|[from] item: Life Orb\n|faint|p1a: Cacturne\n|move|p2a: Toxapex|Haze|p2a: Toxapex\n|-clearallboost\n|\n|upkeep\n|\n|t:|1781462255\n|switch|p1a: Excadrill|Excadrill, L79, F|303/303\n|-ability|p1a: Excadrill|Mold Breaker\n|turn|7\n|\n|t:|1781462270\n|switch|p2a: Coalossal|Coalossal, L89, M|341/341\n|move|p1a: Excadrill|Rapid Spin|p2a: Coalossal\n|-resisted|p2a: Coalossal\n|-damage|p2a: Coalossal|326/341\n|-boost|p1a: Excadrill|spe|1\n|-sideend|p1: SturmBrightblade|Toxic Spikes|[from] move: Rapid Spin|[of] p1a: Excadrill\n|\n|upkeep\n|turn|8\n|\n|t:|1781462280\n|switch|p2a: Brute Bonnet|Brute Bonnet, L80|309/309\n|move|p1a: Excadrill|Earthquake|p2a: Brute Bonnet\n|-resisted|p2a: Brute Bonnet\n|-damage|p2a: Brute Bonnet|255/309\n|\n|-heal|p2a: Brute Bonnet|274/309|[from] item: Leftovers\n|upkeep\n|turn|9\n|\n|t:|1781462289\n|switch|p1a: Cetitan|Cetitan, L82, M|413/413\n|move|p2a: Brute Bonnet|Close Combat|p1a: Cetitan\n|-supereffective|p1a: Cetitan\n|-damage|p1a: Cetitan|185/413\n|-unboost|p2a: Brute Bonnet|def|1\n|-unboost|p2a: Brute Bonnet|spd|1\n|\n|-heal|p2a: Brute Bonnet|293/309|[from] item: Leftovers\n|upkeep\n|turn|10\n|\n|t:|1781462303\n|-end|p2a: Brute Bonnet|Protosynthesis|[silent]\n|switch|p2a: Mesprit|Mesprit, L85|275/275\n|move|p1a: Cetitan|Icicle Crash|p2a: Mesprit|[miss]\n|-miss|p1a: Cetitan|p2a: Mesprit\n|\n|upkeep\n|turn|11\n|\n|t:|1781462311\n|move|p2a: Mesprit|Psychic Noise|p1a: Cetitan\n|-damage|p1a: Cetitan|65/413\n|-start|p1a: Cetitan|move: Heal Block\n|move|p1a: Cetitan|Icicle Crash|p2a: Mesprit\n|-damage|p2a: Mesprit|137/275\n|\n|-heal|p2a: Mesprit|154/275|[from] item: Leftovers\n|upkeep\n|turn|12\n|\n|t:|1781462323\n|move|p2a: Mesprit|Knock Off|p1a: Cetitan\n|-damage|p1a: Cetitan|0 fnt\n|-enditem|p1a: Cetitan|Life Orb|[from] move: Knock Off|[of] p2a: Mesprit\n|faint|p1a: Cetitan\n|\n|-heal|p2a: Mesprit|171/275|[from] item: Leftovers\n|upkeep\n|\n|t:|1781462325\n|switch|p1a: Mismagius|Mismagius, L86, F|243/243\n|turn|13\n|\n|t:|1781462338\n|move|p1a: Mismagius|Mystical Fire|p2a: Mesprit\n|-damage|p2a: Mesprit|88/275\n|-unboost|p2a: Mesprit|spa|1\n|move|p2a: Mesprit|Psychic Noise|p1a: Mismagius\n|-damage|p1a: Mismagius|189/243\n|-start|p1a: Mismagius|move: Heal Block\n|\n|-heal|p2a: Mesprit|105/275|[from] item: Leftovers\n|upkeep\n|turn|14\n|\n|t:|1781462353\n|switch|p2a: Coalossal|Coalossal, L89, M|326/341\n|move|p1a: Mismagius|Mystical Fire|p2a: Coalossal\n|-resisted|p2a: Coalossal\n|-damage|p2a: Coalossal|307/341\n|-unboost|p2a: Coalossal|spa|1\n|\n|-end|p1a: Mismagius|move: Heal Block\n|upkeep\n|turn|15\n|\n|t:|1781462362\n|switch|p1a: Excadrill|Excadrill, L79, F|303/303\n|-ability|p1a: Excadrill|Mold Breaker\n|move|p2a: Coalossal|Will-O-Wisp|p1a: Excadrill\n|-status|p1a: Excadrill|brn\n|\n|-damage|p1a: Excadrill|285/303 brn|[from] brn\n|upkeep\n|turn|16\n|\n|t:|1781462374\n|switch|p2a: Brute Bonnet|Brute Bonnet, L80|293/309\n|move|p1a: Excadrill|Earthquake|p2a: Brute Bonnet\n|-resisted|p2a: Brute Bonnet\n|-crit|p2a: Brute Bonnet\n|-damage|p2a: Brute Bonnet|253/309\n|\n|-heal|p2a: Brute Bonnet|272/309|[from] item: Leftovers\n|-damage|p1a: Excadrill|267/303 brn|[from] brn\n|upkeep\n|turn|17\n|\n|t:|1781462385\n|move|p1a: Excadrill|Iron Head|p2a: Brute Bonnet\n|-damage|p2a: Brute Bonnet|230/309\n|cant|p2a: Brute Bonnet|flinch\n|\n|-heal|p2a: Brute Bonnet|249/309|[from] item: Leftovers\n|-damage|p1a: Excadrill|249/303 brn|[from] brn\n|upkeep\n|turn|18\n|\n|t:|1781462399\n|-end|p2a: Brute Bonnet|Protosynthesis|[silent]\n|switch|p2a: Toxapex|Toxapex, L82, M|102/216\n|move|p1a: Excadrill|Iron Head|p2a: Toxapex\n|-resisted|p2a: Toxapex\n|-damage|p2a: Toxapex|87/216\n|\n|-damage|p1a: Excadrill|231/303 brn|[from] brn\n|upkeep\n|turn|19\n|\n|t:|1781462416\n|switch|p1a: Mismagius|Mismagius, L86, F|189/243\n|switch|p2a: Brute Bonnet|Brute Bonnet, L80|249/309\n|\n|-heal|p2a: Brute Bonnet|268/309|[from] item: Leftovers\n|upkeep\n|turn|20\n|\n|t:|1781462426\n|-terastallize|p1a: Mismagius|Electric\n|move|p2a: Brute Bonnet|Sucker Punch|p1a: Mismagius\n|-damage|p1a: Mismagius|77/243\n|move|p1a: Mismagius|Mystical Fire|p2a: Brute Bonnet\n|-supereffective|p2a: Brute Bonnet\n|-damage|p2a: Brute Bonnet|104/309\n|-unboost|p2a: Brute Bonnet|spa|1\n|\n|-heal|p2a: Brute Bonnet|123/309|[from] item: Leftovers\n|upkeep\n|turn|21\n|\n|t:|1781462440\n|switch|p1a: Oricorio|Oricorio-Pom-Pom, L82, M|257/257\n|move|p2a: Brute Bonnet|Sucker Punch||[still]\n|-fail|p2a: Brute Bonnet\n|\n|-heal|p2a: Brute Bonnet|142/309|[from] item: Leftovers\n|upkeep\n|turn|22\n|\n|t:|1781462448\n|move|p1a: Oricorio|Hurricane|p2a: Brute Bonnet\n|-supereffective|p2a: Brute Bonnet\n|-damage|p2a: Brute Bonnet|0 fnt\n|faint|p2a: Brute Bonnet\n|-end|p2a: Brute Bonnet|Protosynthesis|[silent]\n|\n|upkeep\n|\n|t:|1781462457\n|switch|p2a: Coalossal|Coalossal, L89, M|307/341\n|turn|23\n|\n|t:|1781462462\n|switch|p1a: Excadrill|Excadrill, L79, F|231/303 brn\n|-ability|p1a: Excadrill|Mold Breaker\n|move|p2a: Coalossal|Stone Edge|p1a: Excadrill|[miss]\n|-miss|p2a: Coalossal|p1a: Excadrill\n|\n|-damage|p1a: Excadrill|213/303 brn|[from] brn\n|upkeep\n|turn|24\n|\n|t:|1781462479\n|switch|p2a: Mesprit|Mesprit, L85|105/275\n|move|p1a: Excadrill|Iron Head|p2a: Mesprit\n|-damage|p2a: Mesprit|61/275\n|\n|-heal|p2a: Mesprit|78/275|[from] item: Leftovers\n|-damage|p1a: Excadrill|195/303 brn|[from] brn\n|upkeep\n|turn|25\n|\n|t:|1781462493\n|move|p1a: Excadrill|Iron Head|p2a: Mesprit\n|-damage|p2a: Mesprit|33/275\n|move|p2a: Mesprit|Knock Off|p1a: Excadrill\n|-damage|p1a: Excadrill|98/303 brn\n|-enditem|p1a: Excadrill|Assault Vest|[from] move: Knock Off|[of] p2a: Mesprit\n|\n|-heal|p2a: Mesprit|50/275|[from] item: Leftovers\n|-damage|p1a: Excadrill|80/303 brn|[from] brn\n|upkeep\n|turn|26\n|\n|t:|1781462504\n|move|p1a: Excadrill|Iron Head|p2a: Mesprit\n|-damage|p2a: Mesprit|8/275\n|cant|p2a: Mesprit|flinch\n|\n|-heal|p2a: Mesprit|25/275|[from] item: Leftovers\n|-damage|p1a: Excadrill|62/303 brn|[from] brn\n|upkeep\n|turn|27\n|\n|t:|1781462513\n|move|p1a: Excadrill|Iron Head|p2a: Mesprit\n|-damage|p2a: Mesprit|0 fnt\n|faint|p2a: Mesprit\n|\n|-damage|p1a: Excadrill|44/303 brn|[from] brn\n|upkeep\n|\n|t:|1781462529\n|switch|p2a: Toxapex|Toxapex, L82, M|159/216\n|turn|28\n|\n|t:|1781462547\n|move|p1a: Excadrill|Earthquake|p2a: Toxapex\n|-supereffective|p2a: Toxapex\n|-damage|p2a: Toxapex|83/216\n|move|p2a: Toxapex|Recover|p2a: Toxapex\n|-heal|p2a: Toxapex|191/216\n|\n|-damage|p1a: Excadrill|26/303 brn|[from] brn\n|upkeep\n|turn|29\n|\n|t:|1781462556\n|move|p1a: Excadrill|Earthquake|p2a: Toxapex\n|-supereffective|p2a: Toxapex\n|-damage|p2a: Toxapex|106/216\n|move|p2a: Toxapex|Liquidation|p1a: Excadrill\n|-supereffective|p1a: Excadrill\n|-damage|p1a: Excadrill|0 fnt\n|faint|p1a: Excadrill\n|\n|upkeep\n|\n|t:|1781462563\n|switch|p1a: Oricorio|Oricorio-Pom-Pom, L82, M|257/257\n|turn|30\n|\n|t:|1781462567\n|move|p1a: Oricorio|Revelation Dance|p2a: Toxapex\n|-supereffective|p2a: Toxapex\n|-damage|p2a: Toxapex|0 fnt\n|faint|p2a: Toxapex\n|\n|upkeep\n|\n|t:|1781462573\n|switch|p2a: Coalossal|Coalossal, L89, M|307/341\n|turn|31\n|\n|t:|1781462585\n|move|p1a: Oricorio|Roost||[still]\n|-fail|p1a: Oricorio|heal\n|move|p2a: Coalossal|Stone Edge|p1a: Oricorio\n|-supereffective|p1a: Oricorio\n|-crit|p1a: Oricorio\n|-damage|p1a: Oricorio|0 fnt\n|faint|p1a: Oricorio\n|\n|upkeep\n|c|\u2606SturmBrightblade|well TIL\n|c|\u2606SturmBrightblade|i thought roost would still ground me\n|\n|t:|1781462605\n|switch|p1a: Mismagius|Mismagius, L86, F, tera:Electric|77/243\n|turn|32\n|\n|t:|1781462615\n|move|p1a: Mismagius|Shadow Ball|p2a: Coalossal\n|-damage|p2a: Coalossal|178/341\n|move|p2a: Coalossal|Overheat|p1a: Mismagius\n|-damage|p1a: Mismagius|0 fnt\n|-unboost|p2a: Coalossal|spa|2\n|faint|p1a: Mismagius\n|\n|win|RainbowTrainerZ\n", "inputlog": ">version a8376a258c1d4662feba110a92103f3664a72141\n>start {\"formatid\":\"gen9randombattle\",\"seed\":\"sodium,7607a25ad662f3f317d73308ca71c79b\",\"rated\":\"Rated battle\"}\n>player p1 {\"name\":\"SturmBrightblade\",\"avatar\":\"101\",\"rating\":1956,\"seed\":\"sodium,86a10ed923aef42d41354bdd42f5cb41\"}\n>player p2 {\"name\":\"RainbowTrainerZ\",\"avatar\":\"169\",\"rating\":2067,\"seed\":\"sodium,59fb90449e46c487fde424e4ad3a51b9\"}\n>p1 move shellsmash\n>p2 move dragondance\n>p1 move acrobatics\n>p2 move terablast terastallize\n>p1 switch 6\n>p1 move knockoff\n>p2 move terablast\n>p2 switch 5\n>p1 move knockoff\n>p2 move toxicspikes\n>p1 move swordsdance\n>p2 move recover\n>p1 move seedbomb\n>p2 move haze\n>p1 switch 4\n>p1 move rapidspin\n>p2 switch 6\n>p1 move earthquake\n>p2 switch 2\n>p1 switch 3\n>p2 move closecombat\n>p1 move iciclecrash\n>p2 switch 3\n>p1 move iciclecrash\n>p2 move psychicnoise\n>p1 move iciclecrash\n>p2 move knockoff\n>p1 switch 5\n>p1 move mysticalfire\n>p2 move psychicnoise\n>p1 move mysticalfire\n>p2 switch 2\n>p1 switch 3\n>p2 move willowisp\n>p1 move earthquake\n>p2 switch 3\n>p1 move ironhead\n>p2 move crunch\n>p1 move ironhead\n>p2 switch 6\n>p1 switch 3\n>p2 switch 6\n>p1 move mysticalfire terastallize\n>p2 move suckerpunch\n>p1 switch 2\n>p2 move suckerpunch\n>p1 move hurricane\n>p2 move spore\n>p2 switch 3\n>p1 switch 3\n>p2 move stoneedge\n>p1 move ironhead\n>p2 switch 2\n>p1 move ironhead\n>p2 move knockoff\n>p1 move ironhead\n>p2 move psychicnoise\n>p1 move ironhead\n>p2 move psychicnoise\n>p2 switch 6\n>p1 move earthquake\n>p2 move recover\n>p1 move earthquake\n>p2 move liquidation\n>p1 switch 3\n>p1 move revelationdance\n>p2 move haze\n>p2 switch 2\n>p1 move roost\n>p2 move stoneedge\n>chat \u2606SturmBrightblade|well TIL\n>chat \u2606SturmBrightblade|i thought roost would still ground me\n>p1 switch 2\n>p1 move shadowball\n>p2 move overheat", "uploadtime": 1781462112, "views": 4, "formatid": "gen9randombattle", "rating": null, "private": 0, "password": null}