{"id": "gen9randombattle-2631943060", "format": "[Gen 9] Random Battle", "players": ["hot limon", "TransGirlFromHell"], "log": "|j|\u2606hot limon\n|j|\u2606TransGirlFromHell\n|t:|1781458260\n|gametype|singles\n|player|p1|hot limon|2|1910\n|player|p2|TransGirlFromHell|candice|1954\n|gen|9\n|tier|[Gen 9] Random Battle\n|rated|\n|rule|Species Clause: Limit one of each Pok\u00e9mon\n|rule|HP Percentage Mod: HP is shown in percentages\n|rule|Sleep Clause Mod: Limit one foe put to sleep\n|rule|Illusion Level Mod: Illusion disguises the Pok\u00e9mon's true level\n|\n|t:|1781458260\n|teamsize|p1|6\n|teamsize|p2|6\n|start\n|switch|p1a: Pachirisu|Pachirisu, L96, F|271/271\n|switch|p2a: Magearna|Magearna, L77|250/250\n|turn|1\n|inactive|Battle timer is ON: inactive players will automatically lose when time's up. (requested by hot limon)\n|\n|t:|1781458269\n|switch|p2a: Zebstrika|Zebstrika, L87, F|272/272\n|move|p1a: Pachirisu|Super Fang|p2a: Zebstrika\n|-damage|p2a: Zebstrika|136/272\n|\n|upkeep\n|turn|2\n|\n|t:|1781458284\n|switch|p1a: Sinistcha|Sinistcha-Masterpiece, L83|254/254\n|move|p2a: Zebstrika|High Horsepower|p1a: Sinistcha\n|-resisted|p1a: Sinistcha\n|-damage|p1a: Sinistcha|214/254\n|-damage|p2a: Zebstrika|109/272|[from] item: Life Orb\n|\n|-heal|p1a: Sinistcha|229/254|[from] item: Leftovers\n|upkeep\n|turn|3\n|\n|t:|1781458286\n|move|p2a: Zebstrika|Overheat|p1a: Sinistcha\n|-supereffective|p1a: Sinistcha\n|-damage|p1a: Sinistcha|109/254\n|-unboost|p2a: Zebstrika|spa|2\n|-damage|p2a: Zebstrika|82/272|[from] item: Life Orb\n|move|p1a: Sinistcha|Calm Mind|p1a: Sinistcha\n|-boost|p1a: Sinistcha|spa|1\n|-boost|p1a: Sinistcha|spd|1\n|\n|-heal|p1a: Sinistcha|124/254|[from] item: Leftovers\n|upkeep\n|turn|4\n|\n|t:|1781458293\n|move|p2a: Zebstrika|Volt Switch|p1a: Sinistcha\n|-resisted|p1a: Sinistcha\n|-damage|p1a: Sinistcha|107/254\n|-damage|p2a: Zebstrika|55/272|[from] item: Life Orb\n|\n|t:|1781458296\n|switch|p2a: Latios|Latios, L78, M|253/253|[from] Volt Switch\n|move|p1a: Sinistcha|Shadow Ball|p2a: Latios\n|-supereffective|p2a: Latios\n|-damage|p2a: Latios|0 fnt\n|faint|p2a: Latios\n|\n|-heal|p1a: Sinistcha|122/254|[from] item: Leftovers\n|upkeep\n|\n|t:|1781458300\n|switch|p2a: Zebstrika|Zebstrika, L87, F|55/272\n|turn|5\n|\n|t:|1781458306\n|move|p2a: Zebstrika|Overheat|p1a: Sinistcha\n|-supereffective|p1a: Sinistcha\n|-damage|p1a: Sinistcha|47/254\n|-unboost|p2a: Zebstrika|spa|2\n|-damage|p2a: Zebstrika|28/272|[from] item: Life Orb\n|move|p1a: Sinistcha|Shadow Ball|p2a: Zebstrika\n|-damage|p2a: Zebstrika|0 fnt\n|faint|p2a: Zebstrika\n|\n|-heal|p1a: Sinistcha|62/254|[from] item: Leftovers\n|upkeep\n|\n|t:|1781458310\n|switch|p2a: Meganium|Meganium, L90, M|290/290\n|turn|6\n|\n|t:|1781458321\n|move|p2a: Meganium|Knock Off|p1a: Sinistcha\n|-supereffective|p1a: Sinistcha\n|-damage|p1a: Sinistcha|0 fnt\n|-enditem|p1a: Sinistcha|Leftovers|[from] move: Knock Off|[of] p2a: Meganium\n|faint|p1a: Sinistcha\n|\n|upkeep\n|inactive|hot limon has 120 seconds left.\n|inactive|hot limon has 90 seconds left.\n|\n|t:|1781458400\n|switch|p1a: Palafin|Palafin, L77, F|281/281\n|turn|7\n|\n|t:|1781458403\n|detailschange|p1a: Palafin|Palafin-Hero, L77, F\n|switch|p1a: Flapple|Flapple, L88, M|266/266\n|move|p2a: Meganium|Swords Dance|p2a: Meganium\n|-boost|p2a: Meganium|atk|2\n|\n|upkeep\n|turn|8\n|\n|t:|1781458408\n|move|p2a: Meganium|Knock Off|p1a: Flapple\n|-damage|p1a: Flapple|135/266\n|-enditem|p1a: Flapple|Wide Lens|[from] move: Knock Off|[of] p2a: Meganium\n|move|p1a: Flapple|Dragon Dance|p1a: Flapple\n|-boost|p1a: Flapple|atk|1\n|-boost|p1a: Flapple|spe|1\n|\n|upkeep\n|turn|9\n|\n|t:|1781458413\n|move|p1a: Flapple|Outrage|p2a: Meganium\n|-damage|p2a: Meganium|16/290\n|move|p2a: Meganium|Knock Off|p1a: Flapple\n|-damage|p1a: Flapple|41/266\n|\n|-heal|p2a: Meganium|34/290|[from] item: Leftovers\n|upkeep\n|turn|10\n|\n|t:|1781458417\n|move|p1a: Flapple|Outrage|p2a: Meganium|[from] lockedmove|[miss]\n|-miss|p1a: Flapple|p2a: Meganium\n|-start|p1a: Flapple|confusion|[fatigue]\n|move|p2a: Meganium|Petal Blizzard|p1a: Flapple\n|-resisted|p1a: Flapple\n|-damage|p1a: Flapple|0 fnt\n|faint|p1a: Flapple\n|\n|-heal|p2a: Meganium|52/290|[from] item: Leftovers\n|upkeep\n|\n|t:|1781458422\n|switch|p1a: Pachirisu|Pachirisu, L96, F|271/271\n|turn|11\n|\n|t:|1781458428\n|move|p1a: Pachirisu|U-turn|p2a: Meganium\n|-supereffective|p2a: Meganium\n|-damage|p2a: Meganium|0 fnt\n|faint|p2a: Meganium\n|\n|t:|1781458433\n|switch|p1a: Magcargo|Magcargo, L95, M|268/268|[from] U-turn\n|\n|upkeep\n|\n|t:|1781458436\n|switch|p2a: Primarina|Primarina, L83, F|268/268\n|turn|12\n|\n|t:|1781458440\n|switch|p1a: Pachirisu|Pachirisu, L96, F|271/271\n|move|p2a: Primarina|Psychic Noise|p1a: Pachirisu\n|-damage|p1a: Pachirisu|216/271\n|-start|p1a: Pachirisu|move: Heal Block\n|\n|upkeep\n|turn|13\n|\n|t:|1781458442\n|switch|p2a: Galvantula|Galvantula, L82, M|249/249\n|move|p1a: Pachirisu|Super Fang|p2a: Galvantula|[miss]\n|-miss|p1a: Pachirisu|p2a: Galvantula\n|\n|-end|p1a: Pachirisu|move: Heal Block\n|upkeep\n|turn|14\n|inactive|hot limon has 120 seconds left.\n|\n|t:|1781458478\n|move|p1a: Pachirisu|Super Fang|p2a: Galvantula\n|-damage|p2a: Galvantula|125/249\n|move|p2a: Galvantula|Sticky Web|p1a: Pachirisu\n|-sidestart|p1: hot limon|move: Sticky Web\n|\n|upkeep\n|turn|15\n|inactive|hot limon has 120 seconds left.\n|\n|t:|1781458486\n|move|p1a: Pachirisu|U-turn|p2a: Galvantula\n|-damage|p2a: Galvantula|78/249\n|\n|t:|1781458489\n|switch|p1a: Magcargo|Magcargo, L95, M|268/268|[from] U-turn\n|move|p2a: Galvantula|Bug Buzz|p1a: Magcargo\n|-resisted|p1a: Magcargo\n|-damage|p1a: Magcargo|226/268\n|\n|upkeep\n|turn|16\n|\n|t:|1781458493\n|move|p2a: Galvantula|Thunder|p1a: Magcargo\n|-damage|p1a: Magcargo|127/268\n|-status|p1a: Magcargo|par\n|cant|p1a: Magcargo|par\n|\n|upkeep\n|turn|17\n|\n|t:|1781458496\n|move|p2a: Galvantula|Thunder|p1a: Magcargo\n|-damage|p1a: Magcargo|27/268 par\n|move|p1a: Magcargo|Recover|p1a: Magcargo\n|-heal|p1a: Magcargo|161/268 par\n|\n|upkeep\n|turn|18\n|\n|t:|1781458501\n|switch|p2a: Primarina|Primarina, L83, F|268/268\n|switch|p1a: Pachirisu|Pachirisu, L96, F|216/271\n|-activate|p1a: Pachirisu|move: Sticky Web\n|-unboost|p1a: Pachirisu|spe|1\n|\n|upkeep\n|turn|19\n|\n|t:|1781458507\n|move|p1a: Pachirisu|Super Fang|p2a: Primarina\n|-damage|p2a: Primarina|134/268\n|move|p2a: Primarina|Moonblast|p1a: Pachirisu\n|-crit|p1a: Pachirisu\n|-damage|p1a: Pachirisu|101/271\n|-unboost|p1a: Pachirisu|spa|1\n|\n|-heal|p2a: Primarina|150/268|[from] item: Leftovers\n|upkeep\n|turn|20\n|\n|t:|1781458515\n|switch|p2a: Galvantula|Galvantula, L82, M|78/249\n|move|p1a: Pachirisu|Thunderbolt|p2a: Galvantula\n|-resisted|p2a: Galvantula\n|-damage|p2a: Galvantula|45/249\n|\n|upkeep\n|turn|21\n|\n|t:|1781458519\n|move|p2a: Galvantula|Bug Buzz|p1a: Pachirisu\n|-crit|p1a: Pachirisu\n|-damage|p1a: Pachirisu|17/271\n|move|p1a: Pachirisu|U-turn|p2a: Galvantula\n|-damage|p2a: Galvantula|0 fnt\n|faint|p2a: Galvantula\n|\n|t:|1781458532\n|switch|p1a: Magcargo|Magcargo, L95, M|161/268 par|[from] U-turn\n|\n|upkeep\n|\n|t:|1781458534\n|switch|p2a: Primarina|Primarina, L83, F|150/268\n|turn|22\n|\n|t:|1781458539\n|switch|p1a: Pachirisu|Pachirisu, L96, F|17/271\n|-activate|p1a: Pachirisu|move: Sticky Web\n|-unboost|p1a: Pachirisu|spe|1\n|move|p2a: Primarina|Calm Mind|p2a: Primarina\n|-boost|p2a: Primarina|spa|1\n|-boost|p2a: Primarina|spd|1\n|\n|-heal|p2a: Primarina|166/268|[from] item: Leftovers\n|upkeep\n|turn|23\n|\n|t:|1781458544\n|move|p1a: Pachirisu|Thunderbolt|p2a: Primarina\n|-supereffective|p2a: Primarina\n|-damage|p2a: Primarina|88/268\n|move|p2a: Primarina|Draining Kiss|p1a: Pachirisu\n|-damage|p1a: Pachirisu|0 fnt\n|-heal|p2a: Primarina|101/268|[from] drain|[of] p1a: Pachirisu\n|faint|p1a: Pachirisu\n|\n|-heal|p2a: Primarina|117/268|[from] item: Leftovers\n|upkeep\n|\n|t:|1781458546\n|switch|p1a: Gardevoir|Gardevoir, L83, M|249/249\n|-activate|p1a: Gardevoir|move: Sticky Web\n|-unboost|p1a: Gardevoir|spe|1\n|-ability|p1a: Gardevoir|Liquid Voice|Trace|[from] ability: Trace|[of] p2a: Primarina\n|turn|24\n|\n|t:|1781458554\n|move|p1a: Gardevoir|Psyshock|p2a: Primarina\n|-damage|p2a: Primarina|8/268\n|move|p2a: Primarina|Calm Mind|p2a: Primarina\n|-boost|p2a: Primarina|spa|1\n|-boost|p2a: Primarina|spd|1\n|\n|-heal|p2a: Primarina|24/268|[from] item: Leftovers\n|upkeep\n|turn|25\n|\n|t:|1781458557\n|switch|p2a: Magearna|Magearna, L77|250/250\n|move|p1a: Gardevoir|Psyshock|p2a: Magearna\n|-resisted|p2a: Magearna\n|-damage|p2a: Magearna|201/250\n|\n|-heal|p2a: Magearna|216/250|[from] item: Leftovers\n|upkeep\n|turn|26\n|\n|t:|1781458561\n|switch|p1a: Magcargo|Magcargo, L95, M|161/268 par\n|move|p2a: Magearna|Calm Mind|p2a: Magearna\n|-boost|p2a: Magearna|spa|1\n|-boost|p2a: Magearna|spd|1\n|\n|-heal|p2a: Magearna|231/250|[from] item: Leftovers\n|upkeep\n|turn|27\n|\n|t:|1781458568\n|move|p2a: Magearna|Calm Mind|p2a: Magearna\n|-boost|p2a: Magearna|spa|1\n|-boost|p2a: Magearna|spd|1\n|move|p1a: Magcargo|Lava Plume|p2a: Magearna\n|-supereffective|p2a: Magearna\n|-damage|p2a: Magearna|145/250\n|\n|-heal|p2a: Magearna|160/250|[from] item: Leftovers\n|upkeep\n|turn|28\n|\n|t:|1781458572\n|move|p2a: Magearna|Flash Cannon|p1a: Magcargo\n|-damage|p1a: Magcargo|0 fnt\n|faint|p1a: Magcargo\n|-ability|p2a: Magearna|Soul-Heart|boost\n|-boost|p2a: Magearna|spa|1\n|\n|-heal|p2a: Magearna|175/250|[from] item: Leftovers\n|upkeep\n|\n|t:|1781458575\n|switch|p1a: Gardevoir|Gardevoir, L83, M|249/249\n|-activate|p1a: Gardevoir|move: Sticky Web\n|-unboost|p1a: Gardevoir|spe|1\n|-ability|p1a: Gardevoir|Soul-Heart|Trace|[from] ability: Trace|[of] p2a: Magearna\n|turn|29\n|\n|t:|1781458579\n|-terastallize|p2a: Magearna|Flying\n|move|p1a: Gardevoir|Psyshock|p2a: Magearna\n|-damage|p2a: Magearna|79/250\n|move|p2a: Magearna|Shift Gear|p2a: Magearna\n|-boost|p2a: Magearna|spe|2\n|-boost|p2a: Magearna|atk|1\n|\n|-heal|p2a: Magearna|94/250|[from] item: Leftovers\n|upkeep\n|turn|30\n|\n|t:|1781458589\n|move|p2a: Magearna|Fleur Cannon|p1a: Gardevoir\n|-damage|p1a: Gardevoir|0 fnt\n|-unboost|p2a: Magearna|spa|2\n|faint|p1a: Gardevoir\n|-ability|p2a: Magearna|Soul-Heart|boost\n|-boost|p2a: Magearna|spa|1\n|\n|-heal|p2a: Magearna|109/250|[from] item: Leftovers\n|upkeep\n|\n|t:|1781458593\n|switch|p1a: Palafin|Palafin-Hero, L77, F|281/281\n|-activate|p1a: Palafin|move: Sticky Web\n|-unboost|p1a: Palafin|spe|1\n|-activate|p1a: Palafin|ability: Zero to Hero\n|turn|31\n|\n|t:|1781458599\n|move|p1a: Palafin|Jet Punch|p2a: Magearna\n|-damage|p2a: Magearna|42/250\n|move|p2a: Magearna|Fleur Cannon|p1a: Palafin\n|-damage|p1a: Palafin|0 fnt\n|-unboost|p2a: Magearna|spa|2\n|faint|p1a: Palafin\n|\n|win|TransGirlFromHell\n", "inputlog": ">version a8376a258c1d4662feba110a92103f3664a72141\n>start {\"formatid\":\"gen9randombattle\",\"seed\":\"sodium,8e4854b46bf06b2c230e781cb50c87c2\",\"rated\":\"Rated battle\"}\n>player p1 {\"name\":\"hot limon\",\"avatar\":\"2\",\"rating\":1910,\"seed\":\"sodium,449af2faed91a12118449d46ffdf09f6\"}\n>player p2 {\"name\":\"TransGirlFromHell\",\"avatar\":\"candice\",\"rating\":1954,\"seed\":\"sodium,d1e38d4484da8b38c3c3c2d1fe4a8b09\"}\n>p1 move superfang\n>p2 switch 2\n>p1 switch 3\n>p2 move highhorsepower\n>p1 move calmmind\n>p2 move overheat\n>p1 move shadowball\n>p2 move voltswitch\n>p2 switch 5\n>p2 switch 5\n>p1 move shadowball\n>p2 move overheat\n>p2 switch 3\n>p1 move strengthsap\n>p2 move knockoff\n>p1 switch 6\n>p1 switch 4\n>p2 move swordsdance\n>p1 move dragondance\n>p2 move knockoff\n>p1 move outrage\n>p2 move knockoff\n>p1 move outrage\n>p2 move petalblizzard\n>p1 switch 3\n>p1 move uturn\n>p2 move petalblizzard\n>p1 switch 2\n>p2 switch 6\n>p1 switch 2\n>p2 move psychicnoise\n>p1 move superfang\n>p2 switch 4\n>p1 move superfang\n>p2 move stickyweb\n>p1 move uturn\n>p2 move bugbuzz\n>p1 switch 2\n>p1 move stealthrock\n>p2 move thunder\n>p1 move recover\n>p2 move thunder\n>p1 switch 2\n>p2 switch 4\n>p1 move superfang\n>p2 move moonblast\n>p1 move thunderbolt\n>p2 switch 4\n>p1 move uturn\n>p2 move bugbuzz\n>p1 switch 2\n>p2 switch 4\n>p1 switch 2\n>p2 move calmmind\n>p1 move thunderbolt\n>p2 move drainingkiss\n>p1 switch 5\n>p1 move psyshock\n>p2 move calmmind\n>p1 move psyshock\n>p2 switch 2\n>p1 switch 2\n>p2 move calmmind\n>p1 move lavaplume\n>p2 move calmmind\n>p1 move lavaplume\n>p2 move flashcannon\n>p1 switch 2\n>p1 move psyshock\n>p2 move shiftgear terastallize\n>p1 move psyshock\n>p2 move fleurcannon\n>p1 switch 4\n>p1 move jetpunch\n>p2 move fleurcannon", "uploadtime": 1781458262, "views": 5, "formatid": "gen9randombattle", "rating": null, "private": 0, "password": null}