{"id": "gen9randombattle-2631404910", "format": "[Gen 9] Random Battle", "players": ["Helsa06", "TY SM MY GUY"], "log": "|j|\u2606Helsa06\n|j|\u2606TY SM MY GUY\n|t:|1781380653\n|gametype|singles\n|player|p1|Helsa06|lass|2106\n|player|p2|TY SM MY GUY|hoopster|2224\n|gen|9\n|tier|[Gen 9] Random Battle\n|rated|\n|rule|Species Clause: Limit one of each Pok\u00e9mon\n|rule|HP Percentage Mod: HP is shown in percentages\n|rule|Sleep Clause Mod: Limit one foe put to sleep\n|rule|Illusion Level Mod: Illusion disguises the Pok\u00e9mon's true level\n|\n|t:|1781380653\n|teamsize|p1|6\n|teamsize|p2|6\n|start\n|switch|p1a: Iron Moth|Iron Moth, L78|253/253\n|switch|p2a: Dragapult|Dragapult, L77, M|262/262\n|turn|1\n|inactive|Battle timer is ON: inactive players will automatically lose when time's up. (requested by Helsa06)\n|\n|t:|1781380661\n|move|p2a: Dragapult|Dragon Dance|p2a: Dragapult\n|-boost|p2a: Dragapult|atk|1\n|-boost|p2a: Dragapult|spe|1\n|move|p1a: Iron Moth|Toxic Spikes|p2a: Dragapult\n|-sidestart|p2: TY SM MY GUY|move: Toxic Spikes\n|\n|upkeep\n|turn|2\n|\n|t:|1781380669\n|-end|p1a: Iron Moth|Quark Drive|[silent]\n|switch|p1a: Girafarig|Girafarig, L89, F|269/269\n|move|p2a: Dragapult|Dragon Darts|p1a: Girafarig\n|-damage|p1a: Girafarig|186/269\n|-anim|p2a: Dragapult|Dragon Darts|p1a: Girafarig\n|-damage|p1a: Girafarig|104/269\n|-damage|p2a: Dragapult|236/262|[from] item: Life Orb\n|\n|upkeep\n|turn|3\n|\n|t:|1781380673\n|move|p2a: Dragapult|Dragon Darts|p1a: Girafarig\n|-damage|p1a: Girafarig|26/269\n|-anim|p2a: Dragapult|Dragon Darts|p1a: Girafarig\n|-damage|p1a: Girafarig|0 fnt\n|faint|p1a: Girafarig\n|-damage|p2a: Dragapult|210/262|[from] item: Life Orb\n|\n|upkeep\n|\n|t:|1781380683\n|switch|p1a: Alcremie|Alcremie-Lemon-Cream, L90, F|263/263\n|turn|4\n|\n|t:|1781380688\n|-terastallize|p2a: Dragapult|Ghost\n|move|p2a: Dragapult|Tera Blast|p1a: Alcremie|[anim] Tera Blast Ghost\n|-damage|p1a: Alcremie|50/263\n|-damage|p2a: Dragapult|184/262|[from] item: Life Orb\n|move|p1a: Alcremie|Alluring Voice|p2a: Dragapult\n|-damage|p2a: Dragapult|52/262\n|\n|-heal|p1a: Alcremie|66/263|[from] item: Leftovers\n|upkeep\n|turn|5\n|\n|t:|1781380694\n|move|p2a: Dragapult|Tera Blast|p1a: Alcremie|[anim] Tera Blast Ghost\n|-damage|p1a: Alcremie|0 fnt\n|faint|p1a: Alcremie\n|-damage|p2a: Dragapult|26/262|[from] item: Life Orb\n|\n|upkeep\n|\n|t:|1781380698\n|switch|p1a: Dusknoir|Dusknoir, L89, M|225/225\n|-item|p2a: Dragapult|Life Orb|[from] ability: Frisk|[of] p1a: Dusknoir\n|turn|6\n|\n|t:|1781380706\n|switch|p2a: Wigglytuff|Wigglytuff, L96, F|424/424\n|-status|p2a: Wigglytuff|psn\n|move|p1a: Dusknoir|Poltergeist|p2a: Wigglytuff\n|-immune|p2a: Wigglytuff\n|\n|-damage|p2a: Wigglytuff|371/424 psn|[from] psn\n|upkeep\n|turn|7\n|\n|t:|1781380710\n|move|p2a: Wigglytuff|Knock Off|p1a: Dusknoir\n|-supereffective|p1a: Dusknoir\n|-damage|p1a: Dusknoir|135/225\n|-enditem|p1a: Dusknoir|Leftovers|[from] move: Knock Off|[of] p2a: Wigglytuff\n|move|p1a: Dusknoir|Earthquake|p2a: Wigglytuff\n|-damage|p2a: Wigglytuff|256/424 psn\n|\n|-heal|p2a: Wigglytuff|282/424 psn|[from] item: Leftovers\n|-damage|p2a: Wigglytuff|229/424 psn|[from] psn\n|upkeep\n|turn|8\n|\n|t:|1781380715\n|switch|p1a: Iron Moth|Iron Moth, L78|253/253\n|move|p2a: Wigglytuff|Wish|p2a: Wigglytuff\n|\n|-heal|p2a: Wigglytuff|255/424 psn|[from] item: Leftovers\n|-damage|p2a: Wigglytuff|202/424 psn|[from] psn\n|upkeep\n|turn|9\n|\n|t:|1781380718\n|switch|p2a: Dragapult|Dragapult, L77, M, tera:Ghost|26/262\n|-status|p2a: Dragapult|psn\n|move|p1a: Iron Moth|Toxic Spikes|p2a: Dragapult\n|-sidestart|p2: TY SM MY GUY|move: Toxic Spikes\n|\n|-heal|p2a: Dragapult|238/262 psn|[from] move: Wish|[wisher] Wigglytuff\n|-damage|p2a: Dragapult|206/262 psn|[from] psn\n|upkeep\n|turn|10\n|\n|t:|1781380725\n|move|p2a: Dragapult|Dragon Darts|p1a: Iron Moth\n|-damage|p1a: Iron Moth|158/253\n|-anim|p2a: Dragapult|Dragon Darts|p1a: Iron Moth\n|-damage|p1a: Iron Moth|57/253\n|-damage|p2a: Dragapult|180/262 psn|[from] item: Life Orb\n|move|p1a: Iron Moth|Fiery Dance|p2a: Dragapult\n|-damage|p2a: Dragapult|60/262 psn\n|-boost|p1a: Iron Moth|spa|1\n|\n|-damage|p2a: Dragapult|28/262 psn|[from] psn\n|upkeep\n|turn|11\n|\n|t:|1781380729\n|-end|p1a: Iron Moth|Quark Drive|[silent]\n|switch|p1a: Dusknoir|Dusknoir, L89, M|135/225\n|-item|p2a: Dragapult|Life Orb|[from] ability: Frisk|[of] p1a: Dusknoir\n|move|p2a: Dragapult|Dragon Darts|p1a: Dusknoir\n|-damage|p1a: Dusknoir|84/225\n|-anim|p2a: Dragapult|Dragon Darts|p1a: Dusknoir\n|-damage|p1a: Dusknoir|33/225\n|-damage|p2a: Dragapult|2/262 psn|[from] item: Life Orb\n|\n|-damage|p2a: Dragapult|0 fnt|[from] psn\n|faint|p2a: Dragapult\n|upkeep\n|\n|t:|1781380735\n|switch|p2a: Dialga|Dialga, L73|266/266\n|-ability|p2a: Dialga|Pressure\n|turn|12\n|\n|t:|1781380740\n|move|p2a: Dialga|Heavy Slam|p1a: Dusknoir\n|-damage|p1a: Dusknoir|0 fnt\n|faint|p1a: Dusknoir\n|\n|upkeep\n|\n|t:|1781380743\n|switch|p1a: Medicham|Medicham, L86, F|243/243\n|turn|13\n|\n|t:|1781380746\n|move|p1a: Medicham|Close Combat|p2a: Dialga\n|-supereffective|p2a: Dialga\n|-damage|p2a: Dialga|0 fnt\n|-unboost|p1a: Medicham|def|1\n|-unboost|p1a: Medicham|spd|1\n|faint|p2a: Dialga\n|\n|upkeep\n|\n|t:|1781380751\n|switch|p2a: Dondozo|Dondozo, L78, M|362/362\n|-status|p2a: Dondozo|tox\n|turn|14\n|\n|t:|1781380754\n|switch|p1a: Terrakion|Terrakion, L79|273/273\n|move|p2a: Dondozo|Wave Crash|p1a: Terrakion\n|-supereffective|p1a: Terrakion\n|-damage|p1a: Terrakion|37/273\n|-damage|p2a: Dondozo|284/362 tox|[from] Recoil\n|\n|-heal|p2a: Dondozo|306/362 tox|[from] item: Leftovers\n|-damage|p2a: Dondozo|284/362 tox|[from] psn\n|upkeep\n|turn|15\n|\n|t:|1781380758\n|move|p1a: Terrakion|Close Combat|p2a: Dondozo\n|-damage|p2a: Dondozo|109/362 tox\n|-unboost|p1a: Terrakion|def|1\n|-unboost|p1a: Terrakion|spd|1\n|move|p2a: Dondozo|Curse|p2a: Dondozo\n|-unboost|p2a: Dondozo|spe|1\n|-boost|p2a: Dondozo|atk|1\n|-boost|p2a: Dondozo|def|1\n|\n|-heal|p2a: Dondozo|131/362 tox|[from] item: Leftovers\n|-damage|p2a: Dondozo|87/362 tox|[from] psn\n|upkeep\n|turn|16\n|\n|t:|1781380761\n|move|p1a: Terrakion|Close Combat|p2a: Dondozo\n|-damage|p2a: Dondozo|0 fnt\n|-unboost|p1a: Terrakion|def|1\n|-unboost|p1a: Terrakion|spd|1\n|faint|p2a: Dondozo\n|\n|upkeep\n|\n|t:|1781380766\n|switch|p2a: Crawdaunt|Crawdaunt, L84, M|243/243\n|-status|p2a: Crawdaunt|tox\n|turn|17\n|\n|t:|1781380769\n|move|p2a: Crawdaunt|Aqua Jet|p1a: Terrakion\n|-supereffective|p1a: Terrakion\n|-damage|p1a: Terrakion|0 fnt\n|faint|p1a: Terrakion\n|-damage|p2a: Crawdaunt|219/243 tox|[from] item: Life Orb\n|\n|-damage|p2a: Crawdaunt|204/243 tox|[from] psn\n|upkeep\n|\n|t:|1781380770\n|switch|p1a: Medicham|Medicham, L86, F|243/243\n|turn|18\n|\n|t:|1781380773\n|switch|p2a: Wigglytuff|Wigglytuff, L96, F|202/424 psn\n|move|p1a: Medicham|Close Combat|p2a: Wigglytuff\n|-crit|p2a: Wigglytuff\n|-damage|p2a: Wigglytuff|0 fnt\n|-unboost|p1a: Medicham|def|1\n|-unboost|p1a: Medicham|spd|1\n|faint|p2a: Wigglytuff\n|\n|upkeep\n|\n|t:|1781380775\n|switch|p2a: Crawdaunt|Crawdaunt, L84, M|204/243 tox\n|turn|19\n|\n|t:|1781380778\n|switch|p1a: Iron Moth|Iron Moth, L78|57/253\n|move|p2a: Crawdaunt|Aqua Jet|p1a: Iron Moth\n|-supereffective|p1a: Iron Moth\n|-damage|p1a: Iron Moth|0 fnt\n|faint|p1a: Iron Moth\n|-end|p1a: Iron Moth|Quark Drive|[silent]\n|-damage|p2a: Crawdaunt|180/243 tox|[from] item: Life Orb\n|\n|-damage|p2a: Crawdaunt|165/243 tox|[from] psn\n|upkeep\n|\n|t:|1781380779\n|switch|p1a: Medicham|Medicham, L86, F|243/243\n|turn|20\n|\n|t:|1781380784\n|move|p2a: Crawdaunt|Aqua Jet|p1a: Medicham\n|-damage|p1a: Medicham|142/243\n|-damage|p2a: Crawdaunt|141/243 tox|[from] item: Life Orb\n|move|p1a: Medicham|Close Combat|p2a: Crawdaunt\n|-supereffective|p2a: Crawdaunt\n|-damage|p2a: Crawdaunt|0 fnt\n|-unboost|p1a: Medicham|def|1\n|-unboost|p1a: Medicham|spd|1\n|faint|p2a: Crawdaunt\n|\n|upkeep\n|\n|t:|1781380787\n|switch|p2a: Arceus|Arceus-Dark, L71|288/288\n|-status|p2a: Arceus|tox\n|turn|21\n|\n|t:|1781380790\n|-terastallize|p1a: Medicham|Fighting\n|move|p2a: Arceus|Dazzling Gleam|p1a: Medicham\n|-supereffective|p1a: Medicham\n|-damage|p1a: Medicham|0 fnt\n|faint|p1a: Medicham\n|\n|win|TY SM MY GUY\n", "inputlog": ">version a8376a258c1d4662feba110a92103f3664a72141\n>start {\"formatid\":\"gen9randombattle\",\"seed\":\"sodium,f899101dc05824ebd519548e587e7752\",\"rated\":\"Rated battle\"}\n>player p1 {\"name\":\"Helsa06\",\"avatar\":\"lass\",\"rating\":2106,\"seed\":\"sodium,7387ab7a41fa396f4b0fe8d9e513372d\"}\n>player p2 {\"name\":\"TY SM MY GUY\",\"avatar\":\"hoopster\",\"rating\":2224,\"seed\":\"sodium,bc4decf739b7b2e21201e56b10b5ca86\"}\n>p1 move toxicspikes\n>p2 move dragondance\n>p1 switch 4\n>p2 move dragondarts\n>p1 move psyshock\n>p2 move dragondarts\n>p1 switch 3\n>p1 move alluringvoice\n>p2 move terablast terastallize\n>p1 move alluringvoice\n>p2 move terablast\n>p1 switch 5\n>p1 move poltergeist\n>p2 switch 3\n>p1 move earthquake\n>p2 move knockoff\n>p1 switch 4\n>p2 move wish\n>p1 move toxicspikes\n>p2 switch 3\n>p1 move fierydance\n>p2 move dragondarts\n>p1 switch 4\n>p2 move dragondarts\n>p2 switch 6\n>p1 move painsplit\n>p2 move heavyslam\n>p1 switch 2\n>p1 move closecombat\n>p2 move stealthrock\n>p2 switch 4\n>p1 switch 6\n>p2 move wavecrash\n>p1 move closecombat\n>p2 move curse\n>p1 move closecombat\n>p2 move rest\n>p2 switch 5\n>p1 move closecombat\n>p2 move aquajet\n>p1 switch 6\n>p1 move closecombat\n>p2 switch 3\n>p2 switch 3\n>p1 switch 4\n>p2 move aquajet\n>p1 switch 4\n>p1 move closecombat\n>p2 move aquajet\n>p2 switch 2\n>p1 move closecombat terastallize\n>p2 move dazzlinggleam", "uploadtime": 1781380656, "views": 9, "formatid": "gen9randombattle", "rating": null, "private": 0, "password": null}