{"id": "gen9randombattle-2631549878", "format": "[Gen 9] Random Battle", "players": ["Rheny", "masbahlilganteng"], "log": "|j|\u2606Rheny\n|j|\u2606masbahlilganteng\n|t:|1781399953\n|gametype|singles\n|player|p1|Rheny|miku-ghost|1980\n|player|p2|masbahlilganteng|hoopster|2073\n|gen|9\n|tier|[Gen 9] Random Battle\n|rated|\n|rule|Species Clause: Limit one of each Pok\u00e9mon\n|rule|HP Percentage Mod: HP is shown in percentages\n|rule|Sleep Clause Mod: Limit one foe put to sleep\n|rule|Illusion Level Mod: Illusion disguises the Pok\u00e9mon's true level\n|\n|t:|1781399953\n|teamsize|p1|6\n|teamsize|p2|6\n|start\n|switch|p1a: Cobalion|Cobalion, L80|277/277\n|switch|p2a: Dragonite|Dragonite, L74, F|257/257\n|turn|1\n|inactive|Battle timer is ON: inactive players will automatically lose when time's up. (requested by masbahlilganteng)\n|\n|t:|1781399981\n|switch|p1a: Munkidori|Munkidori, L79, M|269/269\n|switch|p2a: Ampharos|Ampharos, L88, F|302/302\n|\n|upkeep\n|turn|2\n|\n|t:|1781399987\n|move|p1a: Munkidori|Sludge Wave|p2a: Ampharos\n|-damage|p2a: Ampharos|146/302\n|move|p2a: Ampharos|Agility|p2a: Ampharos\n|-boost|p2a: Ampharos|spe|2\n|\n|upkeep\n|turn|3\n|\n|t:|1781399990\n|move|p2a: Ampharos|Thunderbolt|p1a: Munkidori\n|-damage|p1a: Munkidori|109/269\n|-damage|p2a: Ampharos|116/302|[from] item: Life Orb\n|move|p1a: Munkidori|Sludge Wave|p2a: Ampharos\n|-damage|p2a: Ampharos|0 fnt\n|faint|p2a: Ampharos\n|\n|upkeep\n|\n|t:|1781399999\n|switch|p2a: Tornadus|Tornadus, L82, M|263/263\n|turn|4\n|\n|t:|1781400007\n|switch|p1a: Slowbro|Slowbro-Galar, L87, F|307/307\n|move|p2a: Tornadus|Bleakwind Storm|p1a: Slowbro\n|-damage|p1a: Slowbro|163/307\n|-unboost|p1a: Slowbro|spe|1\n|\n|upkeep\n|turn|5\n|\n|t:|1781400015\n|move|p2a: Tornadus|Bleakwind Storm|p1a: Slowbro\n|-damage|p1a: Slowbro|21/307\n|move|p1a: Slowbro|Shell Side Arm|p2a: Tornadus|[anim] Shell Side Arm Physical\n|-damage|p2a: Tornadus|128/263\n|-hint|Physical Shell Side Arm\n|\n|upkeep\n|turn|6\n|\n|t:|1781400022\n|switch|p1a: Vigoroth|Vigoroth, L85, M|275/275\n|move|p2a: Tornadus|Bleakwind Storm|p1a: Vigoroth\n|-damage|p1a: Vigoroth|121/275\n|-unboost|p1a: Vigoroth|spe|1\n|\n|upkeep\n|turn|7\n|\n|t:|1781400030\n|move|p2a: Tornadus|Bleakwind Storm|p1a: Vigoroth\n|-damage|p1a: Vigoroth|0 fnt\n|faint|p1a: Vigoroth\n|\n|upkeep\n|\n|t:|1781400031\n|switch|p1a: Whiscash|Whiscash, L88, F|337/337\n|turn|8\n|\n|t:|1781400034\n|move|p2a: Tornadus|Bleakwind Storm|p1a: Whiscash\n|-damage|p1a: Whiscash|142/337\n|move|p1a: Whiscash|Dragon Dance|p1a: Whiscash\n|-boost|p1a: Whiscash|atk|1\n|-boost|p1a: Whiscash|spe|1\n|\n|upkeep\n|turn|9\n|\n|t:|1781400039\n|move|p1a: Whiscash|Liquidation|p2a: Tornadus\n|-damage|p2a: Tornadus|0 fnt\n|faint|p2a: Tornadus\n|-damage|p1a: Whiscash|109/337|[from] item: Life Orb\n|\n|upkeep\n|c|\u2606Rheny|that has to be specs\n|c|\u2606Rheny|right\n|\n|t:|1781400048\n|switch|p2a: Dragonite|Dragonite, L74, F|257/257\n|turn|10\n|\n|t:|1781400056\n|move|p1a: Whiscash|Stone Edge|p2a: Dragonite\n|-supereffective|p2a: Dragonite\n|-damage|p2a: Dragonite|110/257\n|-damage|p1a: Whiscash|76/337|[from] item: Life Orb\n|move|p2a: Dragonite|Dragon Dance|p2a: Dragonite\n|-boost|p2a: Dragonite|atk|1\n|-boost|p2a: Dragonite|spe|1\n|\n|upkeep\n|turn|11\n|\n|t:|1781400064\n|move|p2a: Dragonite|Earthquake|p1a: Whiscash\n|-damage|p1a: Whiscash|0 fnt\n|faint|p1a: Whiscash\n|\n|upkeep\n|\n|t:|1781400069\n|switch|p1a: Sunflora|Sunflora, M|312/312\n|turn|12\n|\n|t:|1781400094\n|-terastallize|p2a: Dragonite|Flying\n|move|p2a: Dragonite|Tera Blast|p1a: Sunflora|[anim] Tera Blast Flying\n|-supereffective|p1a: Sunflora\n|-damage|p1a: Sunflora|0 fnt\n|faint|p1a: Sunflora\n|\n|upkeep\n|\n|t:|1781400099\n|switch|p1a: Cobalion|Cobalion, L80|277/277\n|turn|13\n|\n|t:|1781400109\n|-terastallize|p1a: Cobalion|Ghost\n|move|p2a: Dragonite|Earthquake|p1a: Cobalion\n|-damage|p1a: Cobalion|197/277\n|move|p1a: Cobalion|Flash Cannon|p2a: Dragonite\n|-damage|p2a: Dragonite|29/257\n|\n|-heal|p1a: Cobalion|214/277|[from] item: Leftovers\n|upkeep\n|turn|14\n|\n|t:|1781400122\n|move|p2a: Dragonite|Tera Blast|p1a: Cobalion|[anim] Tera Blast Flying\n|-damage|p1a: Cobalion|88/277\n|move|p1a: Cobalion|Calm Mind|p1a: Cobalion\n|-boost|p1a: Cobalion|spa|1\n|-boost|p1a: Cobalion|spd|1\n|\n|-heal|p1a: Cobalion|105/277|[from] item: Leftovers\n|upkeep\n|turn|15\n|\n|t:|1781400128\n|move|p1a: Cobalion|Vacuum Wave|p2a: Dragonite\n|-resisted|p2a: Dragonite\n|-damage|p2a: Dragonite|0 fnt\n|faint|p2a: Dragonite\n|\n|-heal|p1a: Cobalion|122/277|[from] item: Leftovers\n|upkeep\n|\n|t:|1781400133\n|switch|p2a: Reuniclus|Reuniclus, L88, F|337/337\n|turn|16\n|\n|t:|1781400145\n|switch|p1a: Munkidori|Munkidori, L79, M|109/269\n|move|p2a: Reuniclus|Psyshock|p1a: Munkidori\n|-damage|p1a: Munkidori|0 fnt\n|faint|p1a: Munkidori\n|\n|upkeep\n|\n|t:|1781400147\n|switch|p1a: Slowbro|Slowbro-Galar, L87, F|123/307\n|turn|17\n|\n|t:|1781400153\n|move|p2a: Reuniclus|Psyshock|p1a: Slowbro\n|-damage|p1a: Slowbro|0 fnt\n|faint|p1a: Slowbro\n|\n|upkeep\n|c|\u2606Rheny|gg\n|-message|Rheny forfeited.\n|\n|win|masbahlilganteng\n|raw|Rheny's rating: 1980 &rarr; <strong>1965</strong><br />(-15 for losing)\n|raw|masbahlilganteng's rating: 2073 &rarr; <strong>2088</strong><br />(+15 for winning)\n", "inputlog": ">version a8376a258c1d4662feba110a92103f3664a72141\n>start {\"formatid\":\"gen9randombattle\",\"seed\":\"sodium,81425f0e0e0b8fb5bda336b34ce1236f\",\"rated\":\"Rated battle\"}\n>player p1 {\"name\":\"Rheny\",\"avatar\":\"miku-ghost\",\"rating\":1980,\"seed\":\"sodium,7b2f21c8210221729442fe86b5982a72\"}\n>player p2 {\"name\":\"masbahlilganteng\",\"avatar\":\"hoopster\",\"rating\":2073,\"seed\":\"sodium,cba0eb9432ff0a8dad57a4abde186333\"}\n>p1 switch 2\n>p2 switch 6\n>p1 move sludgewave\n>p2 move agility\n>p1 move sludgewave\n>p2 move thunderbolt\n>p2 switch 2\n>p1 switch 5\n>p2 move bleakwindstorm\n>p1 move shellsidearm\n>p2 move bleakwindstorm\n>p1 switch 6\n>p2 move bleakwindstorm\n>p1 move bodyslam\n>p2 move bleakwindstorm\n>p1 switch 4\n>p1 move dragondance\n>p2 move bleakwindstorm\n>p1 move liquidation\n>p2 move bleakwindstorm\n>chat \u2606Rheny|that has to be specs \n>chat \u2606Rheny|right\n>p2 switch 6\n>p1 move stoneedge\n>p2 move dragondance\n>p1 move stoneedge\n>p2 move earthquake\n>p1 switch 3\n>p1 move dazzlinggleam\n>p2 move terablast terastallize\n>p1 switch 2\n>p1 move flashcannon terastallize\n>p2 move earthquake\n>p1 move calmmind\n>p2 move terablast\n>p1 move vacuumwave\n>p2 move terablast\n>p2 switch 5\n>p1 switch 5\n>p2 move psyshock\n>p1 switch 6\n>p1 move foulplay\n>p2 move psyshock\n>chat \u2606Rheny|gg\n>forcelose p1", "uploadtime": 1781399954, "views": 5, "formatid": "gen9randombattle", "rating": 1965, "private": 0, "password": null}