{"id": "gen9randombattle-2631483952", "format": "[Gen 9] Random Battle", "players": ["cjvaldez", "Rheny"], "log": "|j|\u2606cjvaldez\n|j|\u2606Rheny\n|t:|1781390771\n|gametype|singles\n|player|p1|cjvaldez|aaron|1904\n|player|p2|Rheny|miku-ghost|1915\n|gen|9\n|tier|[Gen 9] Random Battle\n|rated|\n|rule|Species Clause: Limit one of each Pok\u00e9mon\n|rule|HP Percentage Mod: HP is shown in percentages\n|rule|Sleep Clause Mod: Limit one foe put to sleep\n|rule|Illusion Level Mod: Illusion disguises the Pok\u00e9mon's true level\n|\n|t:|1781390771\n|teamsize|p1|6\n|teamsize|p2|6\n|start\n|switch|p1a: Dragalge|Dragalge, L88, M|258/258\n|switch|p2a: Arcanine|Arcanine-Hisui, L79, F|279/279\n|turn|1\n|inactive|Battle timer is ON: inactive players will automatically lose when time's up. (requested by cjvaldez)\n|\n|t:|1781390802\n|move|p2a: Arcanine|Head Smash|p1a: Dragalge\n|-damage|p1a: Dragalge|48/258\n|move|p1a: Dragalge|Focus Blast|p2a: Arcanine|[miss]\n|-miss|p1a: Dragalge|p2a: Arcanine\n|\n|upkeep\n|turn|2\n|\n|t:|1781390807\n|move|p2a: Arcanine|Head Smash|p1a: Dragalge|[miss]\n|-miss|p2a: Arcanine|p1a: Dragalge\n|move|p1a: Dragalge|Focus Blast|p2a: Arcanine\n|-supereffective|p2a: Arcanine\n|-damage|p2a: Arcanine|57/279\n|\n|upkeep\n|turn|3\n|c|\u2606cjvaldez|:O\n|\n|t:|1781390815\n|switch|p2a: Banette|Banette, L93, F|270/270\n|move|p1a: Dragalge|Sludge Wave|p2a: Banette\n|-resisted|p2a: Banette\n|-damage|p2a: Banette|186/270\n|\n|upkeep\n|turn|4\n|c|\u2606Rheny|yeowch\n|\n|t:|1781390833\n|move|p2a: Banette|Shadow Sneak|p1a: Dragalge\n|-damage|p1a: Dragalge|0 fnt\n|faint|p1a: Dragalge\n|-damage|p2a: Banette|159/270|[from] item: Life Orb\n|\n|upkeep\n|inactive|cjvaldez has 120 seconds left.\n|\n|t:|1781390863\n|switch|p1a: Glaceon|Glaceon, L94, M|275/275\n|turn|5\n|\n|t:|1781390870\n|move|p1a: Glaceon|Mud Shot|p2a: Banette\n|-damage|p2a: Banette|87/270\n|-unboost|p2a: Banette|spe|1\n|move|p2a: Banette|Thunder Wave|p1a: Glaceon\n|-status|p1a: Glaceon|par\n|\n|upkeep\n|turn|6\n|\n|t:|1781390883\n|move|p2a: Banette|Poltergeist|p1a: Glaceon\n|-activate|p1a: Glaceon|move: Poltergeist|Heavy-Duty Boots\n|-damage|p1a: Glaceon|100/275 par\n|-damage|p2a: Banette|60/270|[from] item: Life Orb\n|move|p1a: Glaceon|Wish|p1a: Glaceon\n|\n|upkeep\n|turn|7\n|\n|t:|1781390892\n|switch|p2a: Arcanine|Arcanine-Hisui, L79, F|57/279\n|move|p1a: Glaceon|Protect||[still]\n|-fail|p1a: Glaceon\n|\n|-heal|p1a: Glaceon|237/275 par|[from] move: Wish|[wisher] Glaceon\n|upkeep\n|turn|8\n|\n|t:|1781390901\n|switch|p1a: Scream Tail|Scream Tail, L84|330/330\n|move|p2a: Arcanine|Flare Blitz|p1a: Scream Tail\n|-damage|p1a: Scream Tail|165/330\n|\n|-heal|p1a: Scream Tail|185/330|[from] item: Leftovers\n|upkeep\n|turn|9\n|\n|t:|1781390910\n|switch|p2a: Sandslash|Sandslash-Alola, L88, F|275/275\n|move|p1a: Scream Tail|Dazzling Gleam|p2a: Sandslash\n|-resisted|p2a: Sandslash\n|-damage|p2a: Sandslash|250/275\n|\n|-heal|p1a: Scream Tail|205/330|[from] item: Leftovers\n|upkeep\n|turn|10\n|\n|t:|1781390925\n|-end|p1a: Scream Tail|Protosynthesis|[silent]\n|switch|p1a: Glaceon|Glaceon, L94, M|237/275 par\n|move|p2a: Sandslash|Rapid Spin|p1a: Glaceon\n|-damage|p1a: Glaceon|207/275 par\n|-boost|p2a: Sandslash|spe|1\n|\n|upkeep\n|turn|11\n|\n|t:|1781390938\n|move|p2a: Sandslash|Iron Head|p1a: Glaceon\n|-supereffective|p1a: Glaceon\n|-damage|p1a: Glaceon|55/275 par\n|cant|p1a: Glaceon|flinch\n|\n|upkeep\n|turn|12\n|\n|t:|1781390941\n|move|p2a: Sandslash|Iron Head|p1a: Glaceon\n|-supereffective|p1a: Glaceon\n|-damage|p1a: Glaceon|0 fnt\n|faint|p1a: Glaceon\n|\n|upkeep\n|\n|t:|1781390959\n|switch|p1a: Reshiram|Reshiram, L76|277/277\n|-ability|p1a: Reshiram|Turboblaze\n|turn|13\n|\n|t:|1781390968\n|-terastallize|p1a: Reshiram|Fire\n|move|p2a: Sandslash|Earthquake|p1a: Reshiram\n|-supereffective|p1a: Reshiram\n|-damage|p1a: Reshiram|127/277\n|move|p1a: Reshiram|Dragon Dance|p1a: Reshiram\n|-boost|p1a: Reshiram|atk|1\n|-boost|p1a: Reshiram|spe|1\n|\n|upkeep\n|turn|14\n|\n|t:|1781390973\n|-terastallize|p2a: Sandslash|Water\n|move|p1a: Reshiram|Flare Blitz|p2a: Sandslash\n|-resisted|p2a: Sandslash\n|-damage|p2a: Sandslash|162/275\n|-damage|p1a: Reshiram|98/277|[from] Recoil\n|move|p2a: Sandslash|Earthquake|p1a: Reshiram\n|-supereffective|p1a: Reshiram\n|-damage|p1a: Reshiram|0 fnt\n|faint|p1a: Reshiram\n|\n|upkeep\n|\n|t:|1781390999\n|switch|p1a: Banette|Banette, L93, F|270/270\n|turn|15\n|\n|t:|1781391005\n|move|p2a: Sandslash|Iron Head|p1a: Banette\n|-damage|p1a: Banette|162/270\n|move|p1a: Banette|Poltergeist|p2a: Sandslash\n|-activate|p2a: Sandslash|move: Poltergeist|Assault Vest\n|-damage|p2a: Sandslash|0 fnt\n|faint|p2a: Sandslash\n|-damage|p1a: Banette|135/270|[from] item: Life Orb\n|\n|upkeep\n|\n|t:|1781391018\n|switch|p2a: Banette|Banette, L93, F|60/270\n|turn|16\n|\n|t:|1781391020\n|move|p2a: Banette|Shadow Sneak|p1a: Banette\n|-supereffective|p1a: Banette\n|-damage|p1a: Banette|0 fnt\n|faint|p1a: Banette\n|-damage|p2a: Banette|33/270|[from] item: Life Orb\n|\n|upkeep\n|c|\u2606Rheny|SPEED TIE\n|\n|t:|1781391024\n|switch|p1a: Scream Tail|Scream Tail, L84|205/330\n|turn|17\n|\n|t:|1781391028\n|move|p1a: Scream Tail|Protect|p1a: Scream Tail\n|-singleturn|p1a: Scream Tail|Protect\n|move|p2a: Banette|Poltergeist|p1a: Scream Tail\n|-activate|p1a: Scream Tail|move: Protect\n|\n|-heal|p1a: Scream Tail|225/330|[from] item: Leftovers\n|upkeep\n|turn|18\n|\n|t:|1781391033\n|move|p2a: Banette|Shadow Sneak|p1a: Scream Tail\n|-supereffective|p1a: Scream Tail\n|-damage|p1a: Scream Tail|90/330\n|-damage|p2a: Banette|6/270|[from] item: Life Orb\n|move|p1a: Scream Tail|Wish|p1a: Scream Tail\n|\n|-heal|p1a: Scream Tail|110/330|[from] item: Leftovers\n|upkeep\n|turn|19\n|\n|t:|1781391039\n|move|p2a: Banette|Shadow Sneak|p1a: Scream Tail\n|-supereffective|p1a: Scream Tail\n|-damage|p1a: Scream Tail|0 fnt\n|faint|p1a: Scream Tail\n|-end|p1a: Scream Tail|Protosynthesis|[silent]\n|-damage|p2a: Banette|0 fnt|[from] item: Life Orb\n|faint|p2a: Banette\n|\n|upkeep\n|\n|t:|1781391043\n|switch|p1a: Iron Valiant|Iron Valiant, L78|244/244\n|switch|p2a: Arcanine|Arcanine-Hisui, L79, F|57/279\n|turn|20\n|\n|t:|1781391048\n|move|p2a: Arcanine|Extreme Speed|p1a: Iron Valiant\n|-damage|p1a: Iron Valiant|151/244\n|move|p1a: Iron Valiant|Psychic|p2a: Arcanine\n|-damage|p2a: Arcanine|0 fnt\n|faint|p2a: Arcanine\n|-damage|p1a: Iron Valiant|127/244|[from] item: Life Orb\n|\n|upkeep\n|\n|t:|1781391052\n|switch|p2a: Medicham|Medicham, L86, M|243/243\n|turn|21\n|c|\u2606Rheny|gg\n|\n|t:|1781391063\n|move|p2a: Medicham|Zen Headbutt|p1a: Iron Valiant\n|-supereffective|p1a: Iron Valiant\n|-damage|p1a: Iron Valiant|0 fnt\n|faint|p1a: Iron Valiant\n|-end|p1a: Iron Valiant|Quark Drive|[silent]\n|\n|win|Rheny\n", "inputlog": ">version a8376a258c1d4662feba110a92103f3664a72141\n>start {\"formatid\":\"gen9randombattle\",\"seed\":\"sodium,1fca9953427d67123d82831c5816eb70\",\"rated\":\"Rated battle\"}\n>player p1 {\"name\":\"cjvaldez\",\"avatar\":\"aaron\",\"rating\":1904,\"seed\":\"sodium,2297a59c3cc9ac875ecfae8ec6fe6757\"}\n>player p2 {\"name\":\"Rheny\",\"avatar\":\"miku-ghost\",\"rating\":1915,\"seed\":\"sodium,fd3f7ff04b54d09312ea727ede13b589\"}\n>p1 move focusblast\n>p2 move headsmash\n>p1 move focusblast\n>p2 move headsmash\n>chat \u2606cjvaldez|:O\n>p1 move sludgewave\n>p2 switch 5\n>chat \u2606Rheny|yeowch\n>p1 move dracometeor\n>p2 move shadowsneak\n>p1 switch 5\n>p1 move mudshot\n>p2 move thunderwave\n>p1 move wish\n>p2 move poltergeist\n>p1 move protect\n>p2 switch 5\n>p1 switch 2\n>p2 move flareblitz\n>p1 move dazzlinggleam\n>p2 switch 2\n>p1 switch 2\n>p2 move rapidspin\n>p1 move mudshot\n>p2 move ironhead\n>p1 move mudshot\n>p2 move ironhead\n>p1 switch 4\n>p1 move dragondance terastallize\n>p2 move earthquake\n>p1 move flareblitz\n>p2 move earthquake terastallize\n>p1 switch 6\n>p1 move poltergeist\n>p2 move ironhead\n>p2 switch 5\n>p1 move shadowsneak\n>p2 move shadowsneak\n>chat \u2606Rheny|SPEED TIE\n>p1 switch 2\n>p1 move protect\n>p2 move poltergeist\n>p1 move wish\n>p2 move shadowsneak\n>p1 move dazzlinggleam\n>p2 move shadowsneak\n>p1 switch 3\n>p2 switch 2\n>p1 move psychic\n>p2 move extremespeed\n>p2 switch 4\n>chat \u2606Rheny|gg\n>p1 move moonblast\n>p2 move zenheadbutt", "uploadtime": 1781390772, "views": 5, "formatid": "gen9randombattle", "rating": null, "private": 0, "password": null}