{"id": "gen9randombattle-2631465764", "format": "[Gen 9] Random Battle", "players": ["daktey", "Colddeckj"], "log": "|j|\u2606daktey\n|j|\u2606Colddeckj\n|t:|1781388121\n|gametype|singles\n|player|p1|daktey|101|2027\n|player|p2|Colddeckj|wattson|2051\n|gen|9\n|tier|[Gen 9] Random Battle\n|rated|\n|rule|Species Clause: Limit one of each Pok\u00e9mon\n|rule|HP Percentage Mod: HP is shown in percentages\n|rule|Sleep Clause Mod: Limit one foe put to sleep\n|rule|Illusion Level Mod: Illusion disguises the Pok\u00e9mon's true level\n|\n|t:|1781388121\n|teamsize|p1|6\n|teamsize|p2|6\n|start\n|switch|p1a: Clodsire|Clodsire, L81, M|343/343\n|switch|p2a: Cacturne|Cacturne, L92, F|278/278\n|turn|1\n|inactive|Battle timer is ON: inactive players will automatically lose when time's up. (requested by Colddeckj)\n|\n|t:|1781388138\n|move|p2a: Cacturne|Knock Off|p1a: Clodsire\n|-damage|p1a: Clodsire|104/343\n|-enditem|p1a: Clodsire|Leftovers|[from] move: Knock Off|[of] p2a: Cacturne\n|-damage|p2a: Cacturne|251/278|[from] item: Life Orb\n|move|p1a: Clodsire|Toxic Spikes|p2a: Cacturne\n|-sidestart|p2: Colddeckj|move: Toxic Spikes\n|\n|upkeep\n|turn|2\n|\n|t:|1781388162\n|move|p2a: Cacturne|Knock Off|p1a: Clodsire\n|-damage|p1a: Clodsire|0 fnt\n|faint|p1a: Clodsire\n|-damage|p2a: Cacturne|224/278|[from] item: Life Orb\n|\n|upkeep\n|\n|t:|1781388167\n|switch|p1a: Slither Wing|Slither Wing, L81|270/270\n|turn|3\n|\n|t:|1781388173\n|switch|p2a: Klefki|Klefki, L84, F|233/233\n|move|p1a: Slither Wing|U-turn|p2a: Klefki\n|-resisted|p2a: Klefki\n|-damage|p2a: Klefki|204/233\n|-damage|p1a: Slither Wing|243/270|[from] item: Life Orb\n|\n|t:|1781388190\n|-end|p1a: Slither Wing|Protosynthesis|[silent]\n|switch|p1a: Gouging Fire|Gouging Fire, L74|277/277|[from] U-turn\n|\n|-heal|p2a: Klefki|218/233|[from] item: Leftovers\n|upkeep\n|turn|4\n|\n|t:|1781388199\n|move|p2a: Klefki|Thunder Wave|p1a: Gouging Fire\n|-status|p1a: Gouging Fire|par\n|cant|p1a: Gouging Fire|par\n|\n|-heal|p2a: Klefki|232/233|[from] item: Leftovers\n|upkeep\n|turn|5\n|\n|t:|1781388206\n|move|p2a: Klefki|Spikes|p1a: Gouging Fire\n|-sidestart|p1: daktey|Spikes\n|cant|p1a: Gouging Fire|par\n|\n|-heal|p2a: Klefki|233/233|[from] item: Leftovers\n|upkeep\n|turn|6\n|\n|t:|1781388214\n|switch|p2a: Cacturne|Cacturne, L92, F|224/278\n|-status|p2a: Cacturne|psn\n|move|p1a: Gouging Fire|Dragon Dance|p1a: Gouging Fire\n|-boost|p1a: Gouging Fire|atk|1\n|-boost|p1a: Gouging Fire|spe|1\n|\n|-damage|p2a: Cacturne|190/278 psn|[from] psn\n|upkeep\n|turn|7\n|\n|t:|1781388229\n|move|p2a: Cacturne|Knock Off|p1a: Gouging Fire\n|-damage|p1a: Gouging Fire|105/277 par\n|-enditem|p1a: Gouging Fire|Heavy-Duty Boots|[from] move: Knock Off|[of] p2a: Cacturne\n|-damage|p2a: Cacturne|163/278 psn|[from] item: Life Orb\n|cant|p1a: Gouging Fire|par\n|\n|-damage|p2a: Cacturne|129/278 psn|[from] psn\n|upkeep\n|turn|8\n|-message|daktey forfeited.\n|\n|win|Colddeckj\n", "inputlog": ">version a8376a258c1d4662feba110a92103f3664a72141\n>start {\"formatid\":\"gen9randombattle\",\"seed\":\"sodium,bc831e77d9e249b9a050fb8b70a39987\",\"rated\":\"Rated battle\"}\n>player p1 {\"name\":\"daktey\",\"avatar\":\"101\",\"rating\":2027,\"seed\":\"sodium,a927da156052448e7383a59194be57d7\"}\n>player p2 {\"name\":\"Colddeckj\",\"avatar\":\"wattson\",\"rating\":2051,\"seed\":\"sodium,ff95c66da92397b90f24ee224c626b47\"}\n>p1 move toxicspikes\n>p2 move knockoff\n>p1 move recover\n>p2 move knockoff\n>p1 switch 5\n>p1 move uturn\n>p2 switch 5\n>p1 switch 2\n>p1 move dragondance\n>p2 move thunderwave\n>p1 move dragondance\n>p2 move spikes\n>p1 move dragondance\n>p2 switch 5\n>p1 move heatcrash\n>p2 move knockoff\n>forcelose p1", "uploadtime": 1781388124, "views": 6, "formatid": "gen9randombattle", "rating": null, "private": 0, "password": null}