{"id": "gen9randombattle-2631744884", "format": "[Gen 9] Random Battle", "players": ["Ctannn", "BlitzBurn1992"], "log": "|badge|p1|silver|gen9randombattle|30-9\n|uhtml|medal-msg|<div class=\"broadcast-blue\">Curious what those medals under the avatar are? PS now has Ladder Seasons! For more information, check out the <a href=\"https://www.smogon.com/forums/threads/3740067/\">thread on Smogon.</a></div>\n|j|\u2606Ctannn\n|j|\u2606BlitzBurn1992\n|t:|1781432649\n|gametype|singles\n|player|p1|Ctannn|169|2391\n|player|p2|BlitzBurn1992|1|2297\n|gen|9\n|tier|[Gen 9] Random Battle\n|rated|\n|rule|Species Clause: Limit one of each Pok\u00e9mon\n|rule|HP Percentage Mod: HP is shown in percentages\n|rule|Sleep Clause Mod: Limit one foe put to sleep\n|rule|Illusion Level Mod: Illusion disguises the Pok\u00e9mon's true level\n|\n|t:|1781432649\n|teamsize|p1|6\n|teamsize|p2|6\n|start\n|switch|p1a: Granbull|Granbull, L88, F|302/302\n|switch|p2a: Clawitzer|Clawitzer, L87, M|265/265\n|-ability|p1a: Granbull|Intimidate|boost\n|-unboost|p2a: Clawitzer|atk|1\n|turn|1\n|inactive|Battle timer is ON: inactive players will automatically lose when time's up. (requested by Ctannn)\n|\n|t:|1781432670\n|switch|p1a: Milotic|Milotic, L83, M|293/293\n|move|p2a: Clawitzer|Water Pulse|p1a: Milotic\n|-resisted|p1a: Milotic\n|-damage|p1a: Milotic|219/293\n|\n|-heal|p1a: Milotic|237/293|[from] item: Leftovers\n|upkeep\n|turn|2\n|\n|t:|1781432677\n|switch|p2a: Bellibolt|Bellibolt, L84, M|320/320\n|move|p1a: Milotic|Scald|p2a: Bellibolt\n|-damage|p2a: Bellibolt|227/320\n|-start|p2a: Bellibolt|Charge|Scald|[from] ability: Electromorphosis\n|\n|-heal|p1a: Milotic|255/293|[from] item: Leftovers\n|-heal|p2a: Bellibolt|247/320|[from] item: Leftovers\n|upkeep\n|turn|3\n|\n|t:|1781432685\n|switch|p1a: Palossand|Palossand, L89, F|296/296\n|move|p2a: Bellibolt|Volt Switch|p1a: Palossand\n|-immune|p1a: Palossand\n|-end|p2a: Bellibolt|Charge|[silent]\n|\n|-heal|p2a: Bellibolt|267/320|[from] item: Leftovers\n|upkeep\n|turn|4\n|\n|t:|1781432703\n|switch|p2a: Ursaluna|Ursaluna-Bloodmoon, L79, M|308/308\n|switch|p1a: Walking Wake|Walking Wake, L79|286/286\n|\n|upkeep\n|turn|5\n|\n|t:|1781432710\n|switch|p2a: Clawitzer|Clawitzer, L87, M|265/265\n|move|p1a: Walking Wake|Sunny Day|p1a: Walking Wake\n|-weather|SunnyDay\n|-activate|p1a: Walking Wake|ability: Protosynthesis\n|-start|p1a: Walking Wake|protosynthesisspa\n|\n|-weather|SunnyDay|[upkeep]\n|upkeep\n|turn|6\n|\n|t:|1781432728\n|-end|p1a: Walking Wake|Protosynthesis|[silent]\n|switch|p1a: Granbull|Granbull, L88, F|302/302\n|-ability|p1a: Granbull|Intimidate|boost\n|-unboost|p2a: Clawitzer|atk|1\n|move|p2a: Clawitzer|U-turn|p1a: Granbull\n|-resisted|p1a: Granbull\n|-damage|p1a: Granbull|288/302\n|\n|t:|1781432741\n|switch|p2a: Rampardos|Rampardos, L90, M|321/321|[from] U-turn\n|\n|-weather|SunnyDay|[upkeep]\n|-heal|p1a: Granbull|302/302|[from] item: Leftovers\n|upkeep\n|turn|7\n|\n|t:|1781432746\n|switch|p1a: Palossand|Palossand, L89, F|296/296\n|move|p2a: Rampardos|Head Smash|p1a: Palossand|[miss]\n|-miss|p2a: Rampardos|p1a: Palossand\n|\n|-weather|SunnyDay|[upkeep]\n|upkeep\n|turn|8\n|\n|t:|1781432768\n|switch|p2a: Clawitzer|Clawitzer, L87, M|265/265\n|move|p1a: Palossand|Earth Power|p2a: Clawitzer\n|-damage|p2a: Clawitzer|166/265\n|\n|-weather|SunnyDay|[upkeep]\n|upkeep\n|turn|9\n|\n|t:|1781432787\n|move|p2a: Clawitzer|Dark Pulse|p1a: Palossand\n|-supereffective|p1a: Palossand\n|-damage|p1a: Palossand|0 fnt\n|faint|p1a: Palossand\n|\n|-weather|none\n|upkeep\n|\n|t:|1781432796\n|switch|p1a: Enamorus|Enamorus, L79, F|247/247\n|turn|10\n|\n|t:|1781432809\n|switch|p2a: Bellibolt|Bellibolt, L84, M|267/320\n|move|p1a: Enamorus|Calm Mind|p1a: Enamorus\n|-boost|p1a: Enamorus|spa|1\n|-boost|p1a: Enamorus|spd|1\n|\n|-heal|p2a: Bellibolt|287/320|[from] item: Leftovers\n|upkeep\n|turn|11\n|\n|t:|1781432818\n|-terastallize|p1a: Enamorus|Ground\n|move|p1a: Enamorus|Earth Power|p2a: Bellibolt\n|-supereffective|p2a: Bellibolt\n|-crit|p2a: Bellibolt\n|-damage|p2a: Bellibolt|0 fnt\n|faint|p2a: Bellibolt\n|\n|upkeep\n|\n|t:|1781432836\n|switch|p2a: Clawitzer|Clawitzer, L87, M|166/265\n|turn|12\n|\n|t:|1781432843\n|switch|p1a: Milotic|Milotic, L83, M|255/293\n|move|p2a: Clawitzer|Water Pulse|p1a: Milotic\n|-resisted|p1a: Milotic\n|-damage|p1a: Milotic|187/293\n|-start|p1a: Milotic|confusion\n|\n|-heal|p1a: Milotic|205/293|[from] item: Leftovers\n|upkeep\n|turn|13\n|inactive|Ctannn has 120 seconds left.\n|\n|t:|1781432875\n|switch|p1a: Walking Wake|Walking Wake, L79|286/286\n|switch|p2a: Rampardos|Rampardos, L90, M|321/321\n|\n|upkeep\n|turn|14\n|inactive|Ctannn has 120 seconds left.\n|\n|t:|1781432896\n|-end|p1a: Walking Wake|Protosynthesis|[silent]\n|switch|p1a: Granbull|Granbull, L88, F|302/302\n|-ability|p1a: Granbull|Intimidate|boost\n|-unboost|p2a: Rampardos|atk|1\n|-terastallize|p2a: Rampardos|Rock\n|move|p2a: Rampardos|Head Smash|p1a: Granbull\n|-damage|p1a: Granbull|14/302\n|-damage|p2a: Rampardos|177/321|[from] Recoil\n|\n|-heal|p1a: Granbull|32/302|[from] item: Leftovers\n|upkeep\n|turn|15\n|\n|t:|1781432907\n|switch|p1a: Sableye|Sableye, L88, F|231/231\n|move|p2a: Rampardos|Head Smash|p1a: Sableye\n|-damage|p1a: Sableye|0 fnt\n|faint|p1a: Sableye\n|-damage|p2a: Rampardos|61/321|[from] Recoil\n|\n|upkeep\n|\n|t:|1781432917\n|switch|p1a: Granbull|Granbull, L88, F|32/302\n|-ability|p1a: Granbull|Intimidate|boost\n|-unboost|p2a: Rampardos|atk|1\n|turn|16\n|\n|t:|1781432922\n|switch|p2a: Ursaluna|Ursaluna-Bloodmoon, L79, M|308/308\n|switch|p1a: Milotic|Milotic, L83, M|205/293\n|\n|-heal|p1a: Milotic|223/293|[from] item: Leftovers\n|upkeep\n|turn|17\n|\n|t:|1781432930\n|move|p1a: Milotic|Scald|p2a: Ursaluna\n|-supereffective|p2a: Ursaluna\n|-damage|p2a: Ursaluna|80/308\n|move|p2a: Ursaluna|Calm Mind|p2a: Ursaluna\n|-boost|p2a: Ursaluna|spa|1\n|-boost|p2a: Ursaluna|spd|1\n|\n|-heal|p1a: Milotic|241/293|[from] item: Leftovers\n|-heal|p2a: Ursaluna|99/308|[from] item: Leftovers\n|upkeep\n|turn|18\n|\n|t:|1781432935\n|switch|p2a: Clawitzer|Clawitzer, L87, M|166/265\n|move|p1a: Milotic|Scald|p2a: Clawitzer\n|-resisted|p2a: Clawitzer\n|-damage|p2a: Clawitzer|125/265\n|\n|-heal|p1a: Milotic|259/293|[from] item: Leftovers\n|upkeep\n|turn|19\n|\n|t:|1781432941\n|move|p1a: Milotic|Scald|p2a: Clawitzer\n|-resisted|p2a: Clawitzer\n|-damage|p2a: Clawitzer|83/265\n|move|p2a: Clawitzer|U-turn|p1a: Milotic\n|-damage|p1a: Milotic|214/293\n|\n|t:|1781432951\n|switch|p2a: Rampardos|Rampardos, L90, M, tera:Rock|61/321|[from] U-turn\n|\n|-heal|p1a: Milotic|232/293|[from] item: Leftovers\n|upkeep\n|turn|20\n|\n|t:|1781432960\n|switch|p1a: Granbull|Granbull, L88, F|32/302\n|-ability|p1a: Granbull|Intimidate|boost\n|-unboost|p2a: Rampardos|atk|1\n|move|p2a: Rampardos|Rock Slide|p1a: Granbull\n|-damage|p1a: Granbull|0 fnt\n|faint|p1a: Granbull\n|\n|upkeep\n|\n|t:|1781432967\n|switch|p1a: Enamorus|Enamorus, L79, F, tera:Ground|247/247\n|turn|21\n|\n|t:|1781432975\n|move|p2a: Rampardos|Rock Slide|p1a: Enamorus\n|-resisted|p1a: Enamorus\n|-damage|p1a: Enamorus|140/247\n|move|p1a: Enamorus|Moonblast|p2a: Rampardos\n|-damage|p2a: Rampardos|0 fnt\n|faint|p2a: Rampardos\n|\n|upkeep\n|\n|t:|1781432983\n|switch|p2a: Oricorio|Oricorio-Sensu, L85, M|266/266\n|turn|22\n|\n|t:|1781432992\n|move|p1a: Enamorus|Mystical Fire|p2a: Oricorio\n|-damage|p2a: Oricorio|188/266\n|-unboost|p2a: Oricorio|spa|1\n|move|p2a: Oricorio|Quiver Dance|p2a: Oricorio\n|-boost|p2a: Oricorio|spa|1\n|-boost|p2a: Oricorio|spd|1\n|-boost|p2a: Oricorio|spe|1\n|\n|upkeep\n|turn|23\n|\n|t:|1781433001\n|switch|p1a: Milotic|Milotic, L83, M|232/293\n|move|p2a: Oricorio|Quiver Dance|p2a: Oricorio\n|-boost|p2a: Oricorio|spa|1\n|-boost|p2a: Oricorio|spd|1\n|-boost|p2a: Oricorio|spe|1\n|\n|-heal|p1a: Milotic|250/293|[from] item: Leftovers\n|upkeep\n|turn|24\n|\n|t:|1781433006\n|move|p2a: Oricorio|Hurricane|p1a: Milotic\n|-damage|p1a: Milotic|103/293\n|move|p1a: Milotic|Haze|p1a: Milotic\n|-clearallboost\n|\n|-heal|p1a: Milotic|121/293|[from] item: Leftovers\n|upkeep\n|turn|25\n|\n|t:|1781433012\n|move|p2a: Oricorio|Hurricane|p1a: Milotic\n|-damage|p1a: Milotic|31/293\n|move|p1a: Milotic|Recover|p1a: Milotic\n|-heal|p1a: Milotic|178/293\n|\n|-heal|p1a: Milotic|196/293|[from] item: Leftovers\n|upkeep\n|turn|26\n|\n|t:|1781433019\n|move|p2a: Oricorio|Quiver Dance|p2a: Oricorio\n|-boost|p2a: Oricorio|spa|1\n|-boost|p2a: Oricorio|spd|1\n|-boost|p2a: Oricorio|spe|1\n|move|p1a: Milotic|Ice Beam|p2a: Oricorio\n|-supereffective|p2a: Oricorio\n|-damage|p2a: Oricorio|90/266\n|\n|-heal|p1a: Milotic|214/293|[from] item: Leftovers\n|upkeep\n|turn|27\n|\n|t:|1781433023\n|move|p2a: Oricorio|Roost|p2a: Oricorio\n|-heal|p2a: Oricorio|223/266\n|-singleturn|p2a: Oricorio|move: Roost\n|move|p1a: Milotic|Haze|p1a: Milotic\n|-clearallboost\n|\n|-heal|p1a: Milotic|232/293|[from] item: Leftovers\n|upkeep\n|turn|28\n|\n|t:|1781433027\n|switch|p2a: Ursaluna|Ursaluna-Bloodmoon, L79, M|99/308\n|move|p1a: Milotic|Ice Beam|p2a: Ursaluna\n|-supereffective|p2a: Ursaluna\n|-damage|p2a: Ursaluna|0 fnt\n|faint|p2a: Ursaluna\n|\n|-heal|p1a: Milotic|250/293|[from] item: Leftovers\n|upkeep\n|\n|t:|1781433030\n|switch|p2a: Clawitzer|Clawitzer, L87, M|83/265\n|turn|29\n|\n|t:|1781433055\n|move|p1a: Milotic|Scald|p2a: Clawitzer\n|-resisted|p2a: Clawitzer\n|-damage|p2a: Clawitzer|42/265\n|move|p2a: Clawitzer|Aura Sphere|p1a: Milotic\n|-damage|p1a: Milotic|136/293\n|\n|-heal|p1a: Milotic|154/293|[from] item: Leftovers\n|upkeep\n|turn|30\n|\n|t:|1781433062\n|move|p1a: Milotic|Recover|p1a: Milotic\n|-heal|p1a: Milotic|293/293\n|move|p2a: Clawitzer|Aura Sphere|p1a: Milotic\n|-damage|p1a: Milotic|176/293\n|\n|-heal|p1a: Milotic|194/293|[from] item: Leftovers\n|upkeep\n|turn|31\n|\n|t:|1781433065\n|move|p1a: Milotic|Scald|p2a: Clawitzer\n|-resisted|p2a: Clawitzer\n|-damage|p2a: Clawitzer|2/265\n|-status|p2a: Clawitzer|brn\n|move|p2a: Clawitzer|Aura Sphere|p1a: Milotic\n|-damage|p1a: Milotic|65/293\n|\n|-heal|p1a: Milotic|83/293|[from] item: Leftovers\n|-damage|p2a: Clawitzer|0 fnt|[from] brn\n|faint|p2a: Clawitzer\n|upkeep\n|\n|t:|1781433071\n|switch|p2a: Oricorio|Oricorio-Sensu, L85, M|223/266\n|turn|32\n|\n|t:|1781433074\n|move|p2a: Oricorio|Hurricane|p1a: Milotic\n|-damage|p1a: Milotic|0 fnt\n|faint|p1a: Milotic\n|\n|upkeep\n|\n|t:|1781433081\n|switch|p1a: Enamorus|Enamorus, L79, F, tera:Ground|140/247\n|turn|33\n|\n|t:|1781433086\n|move|p1a: Enamorus|Mystical Fire|p2a: Oricorio\n|-damage|p2a: Oricorio|152/266\n|-unboost|p2a: Oricorio|spa|1\n|move|p2a: Oricorio|Quiver Dance|p2a: Oricorio\n|-boost|p2a: Oricorio|spa|1\n|-boost|p2a: Oricorio|spd|1\n|-boost|p2a: Oricorio|spe|1\n|\n|upkeep\n|turn|34\n|\n|t:|1781433089\n|move|p2a: Oricorio|Quiver Dance|p2a: Oricorio\n|-boost|p2a: Oricorio|spa|1\n|-boost|p2a: Oricorio|spd|1\n|-boost|p2a: Oricorio|spe|1\n|move|p1a: Enamorus|Mystical Fire|p2a: Oricorio\n|-damage|p2a: Oricorio|115/266\n|-unboost|p2a: Oricorio|spa|1\n|\n|upkeep\n|turn|35\n|\n|t:|1781433094\n|move|p2a: Oricorio|Quiver Dance|p2a: Oricorio\n|-boost|p2a: Oricorio|spa|1\n|-boost|p2a: Oricorio|spd|1\n|-boost|p2a: Oricorio|spe|1\n|move|p1a: Enamorus|Calm Mind|p1a: Enamorus\n|-boost|p1a: Enamorus|spa|1\n|-boost|p1a: Enamorus|spd|1\n|\n|upkeep\n|turn|36\n|\n|t:|1781433097\n|move|p2a: Oricorio|Roost|p2a: Oricorio\n|-heal|p2a: Oricorio|248/266\n|-singleturn|p2a: Oricorio|move: Roost\n|move|p1a: Enamorus|Mystical Fire|p2a: Oricorio\n|-damage|p2a: Oricorio|203/266\n|-unboost|p2a: Oricorio|spa|1\n|\n|upkeep\n|turn|37\n|\n|t:|1781433099\n|move|p2a: Oricorio|Quiver Dance|p2a: Oricorio\n|-boost|p2a: Oricorio|spa|1\n|-boost|p2a: Oricorio|spd|1\n|-boost|p2a: Oricorio|spe|1\n|move|p1a: Enamorus|Mystical Fire|p2a: Oricorio\n|-crit|p2a: Oricorio\n|-damage|p2a: Oricorio|33/266\n|-unboost|p2a: Oricorio|spa|1\n|\n|upkeep\n|turn|38\n|\n|t:|1781433104\n|move|p2a: Oricorio|Roost|p2a: Oricorio\n|-heal|p2a: Oricorio|166/266\n|-singleturn|p2a: Oricorio|move: Roost\n|move|p1a: Enamorus|Mystical Fire|p2a: Oricorio\n|-damage|p2a: Oricorio|128/266\n|-unboost|p2a: Oricorio|spa|1\n|\n|upkeep\n|turn|39\n|\n|t:|1781433109\n|move|p2a: Oricorio|Roost|p2a: Oricorio\n|-heal|p2a: Oricorio|261/266\n|-singleturn|p2a: Oricorio|move: Roost\n|move|p1a: Enamorus|Mystical Fire|p2a: Oricorio\n|-damage|p2a: Oricorio|227/266\n|-unboost|p2a: Oricorio|spa|1\n|\n|upkeep\n|turn|40\n|\n|t:|1781433112\n|move|p2a: Oricorio|Quiver Dance|p2a: Oricorio\n|-boost|p2a: Oricorio|spa|1\n|-boost|p2a: Oricorio|spd|1\n|-boost|p2a: Oricorio|spe|1\n|move|p1a: Enamorus|Calm Mind|p1a: Enamorus\n|-boost|p1a: Enamorus|spa|1\n|-boost|p1a: Enamorus|spd|1\n|\n|upkeep\n|turn|41\n|\n|t:|1781433118\n|move|p2a: Oricorio|Quiver Dance|p2a: Oricorio\n|-boost|p2a: Oricorio|spa|1\n|-boost|p2a: Oricorio|spd|1\n|-boost|p2a: Oricorio|spe|1\n|move|p1a: Enamorus|Mystical Fire|p2a: Oricorio\n|-damage|p2a: Oricorio|189/266\n|-unboost|p2a: Oricorio|spa|1\n|\n|upkeep\n|turn|42\n|\n|t:|1781433122\n|move|p2a: Oricorio|Hurricane|p1a: Enamorus\n|-damage|p1a: Enamorus|91/247\n|move|p1a: Enamorus|Mystical Fire|p2a: Oricorio\n|-damage|p2a: Oricorio|154/266\n|-unboost|p2a: Oricorio|spa|1\n|\n|upkeep\n|turn|43\n|\n|t:|1781433130\n|move|p2a: Oricorio|Hurricane|p1a: Enamorus\n|-damage|p1a: Enamorus|52/247\n|-start|p1a: Enamorus|confusion\n|-activate|p1a: Enamorus|confusion\n|-damage|p1a: Enamorus|24/247|[from] confusion\n|\n|upkeep\n|turn|44\n|\n|t:|1781433136\n|move|p2a: Oricorio|Revelation Dance|p1a: Enamorus\n|-crit|p1a: Enamorus\n|-damage|p1a: Enamorus|0 fnt\n|faint|p1a: Enamorus\n|\n|upkeep\n|\n|t:|1781433138\n|switch|p1a: Walking Wake|Walking Wake, L79|286/286\n|turn|45\n|\n|t:|1781433141\n|move|p2a: Oricorio|Roost|p2a: Oricorio\n|-heal|p2a: Oricorio|266/266\n|-singleturn|p2a: Oricorio|move: Roost\n|move|p1a: Walking Wake|Sunny Day|p1a: Walking Wake\n|-weather|SunnyDay\n|-activate|p1a: Walking Wake|ability: Protosynthesis\n|-start|p1a: Walking Wake|protosynthesisspa\n|\n|-weather|SunnyDay|[upkeep]\n|upkeep\n|turn|46\n|\n|t:|1781433146\n|move|p2a: Oricorio|Revelation Dance|p1a: Walking Wake\n|-damage|p1a: Walking Wake|228/286\n|move|p1a: Walking Wake|Hydro Steam|p2a: Oricorio\n|-damage|p2a: Oricorio|200/266\n|-damage|p1a: Walking Wake|200/286|[from] item: Life Orb\n|\n|-weather|SunnyDay|[upkeep]\n|upkeep\n|turn|47\n|\n|t:|1781433148\n|move|p2a: Oricorio|Revelation Dance|p1a: Walking Wake\n|-damage|p1a: Walking Wake|145/286\n|move|p1a: Walking Wake|Hydro Steam|p2a: Oricorio\n|-crit|p2a: Oricorio\n|-damage|p2a: Oricorio|0 fnt\n|faint|p2a: Oricorio\n|-damage|p1a: Walking Wake|117/286|[from] item: Life Orb\n|\n|-weather|SunnyDay|[upkeep]\n|upkeep\n|\n|t:|1781433152\n|switch|p2a: Ceruledge|Ceruledge, L78, F|245/245\n|turn|48\n|\n|t:|1781433158\n|move|p2a: Ceruledge|Shadow Sneak|p1a: Walking Wake\n|-damage|p1a: Walking Wake|66/286\n|move|p1a: Walking Wake|Hydro Steam|p2a: Ceruledge\n|-supereffective|p2a: Ceruledge\n|-damage|p2a: Ceruledge|0 fnt\n|faint|p2a: Ceruledge\n|-damage|p1a: Walking Wake|38/286|[from] item: Life Orb\n|\n|win|Ctannn\n", "inputlog": ">version a8376a258c1d4662feba110a92103f3664a72141\n>start {\"formatid\":\"gen9randombattle\",\"seed\":\"sodium,104479054eb35fc7c065bc358fccb58d\",\"rated\":\"Rated battle\"}\n>player p1 {\"name\":\"Ctannn\",\"avatar\":\"169\",\"rating\":2391,\"seed\":\"sodium,1b9455a58ee6cf4b5579e78b3f6de581\"}\n>player p2 {\"name\":\"BlitzBurn1992\",\"avatar\":\"1\",\"rating\":2297,\"seed\":\"sodium,07230c46a806d25929cf3715a7757b4e\"}\n>p1 switch 3\n>p2 move waterpulse\n>p1 move scald\n>p2 switch 3\n>p1 switch 5\n>p2 move voltswitch\n>p1 switch 2\n>p2 switch 6\n>p1 move sunnyday\n>p2 switch 3\n>p1 switch 3\n>p2 move uturn\n>p2 switch 4\n>p1 switch 2\n>p2 move headsmash\n>p1 move earthpower\n>p2 switch 4\n>p1 move stealthrock\n>p2 move darkpulse\n>p1 switch 4\n>p1 move calmmind\n>p2 switch 6\n>p1 move earthpower terastallize\n>p2 move voltswitch\n>p2 switch 6\n>p1 switch 5\n>p2 move waterpulse\n>p1 switch 3\n>p2 switch 4\n>p1 switch 2\n>p2 move headsmash terastallize\n>p1 switch 6\n>p2 move headsmash\n>p1 switch 6\n>p1 switch 3\n>p2 switch 3\n>p1 move scald\n>p2 move calmmind\n>p1 move scald\n>p2 switch 4\n>p1 move scald\n>p2 move uturn\n>p2 switch 3\n>p1 switch 3\n>p2 move rockslide\n>p1 switch 5\n>p1 move moonblast\n>p2 move rockslide\n>p2 switch 5\n>p1 move mysticalfire\n>p2 move quiverdance\n>p1 switch 3\n>p2 move quiverdance\n>p1 move haze\n>p2 move hurricane\n>p1 move recover\n>p2 move hurricane\n>p1 move icebeam\n>p2 move quiverdance\n>p1 move haze\n>p2 move roost\n>p1 move icebeam\n>p2 switch 4\n>p2 switch 3\n>p1 move scald\n>p2 move aurasphere\n>p1 move recover\n>p2 move aurasphere\n>p1 move scald\n>p2 move aurasphere\n>p2 switch 4\n>p1 move recover\n>p2 move hurricane\n>p1 switch 3\n>p1 move mysticalfire\n>p2 move quiverdance\n>p1 move mysticalfire\n>p2 move quiverdance\n>p1 move calmmind\n>p2 move quiverdance\n>p1 move mysticalfire\n>p2 move roost\n>p1 move mysticalfire\n>p2 move quiverdance\n>p1 move mysticalfire\n>p2 move roost\n>p1 move mysticalfire\n>p2 move roost\n>p1 move calmmind\n>p2 move quiverdance\n>p1 move mysticalfire\n>p2 move quiverdance\n>p1 move mysticalfire\n>p2 move hurricane\n>p1 move mysticalfire\n>p2 move hurricane\n>p1 move mysticalfire\n>p2 move revelationdance\n>p1 switch 2\n>p1 move sunnyday\n>p2 move roost\n>p1 move hydrosteam\n>p2 move revelationdance\n>p1 move hydrosteam\n>p2 move revelationdance\n>p2 switch 2\n>p1 move hydrosteam\n>p2 move shadowsneak", "uploadtime": 1781432651, "views": 5, "formatid": "gen9randombattle", "rating": null, "private": 0, "password": null, "player_dets": [{"name": "Ctannn", "avatar": "169", "rating": 2391, "seed": "sodium,1b9455a58ee6cf4b5579e78b3f6de581"}, {"name": "BlitzBurn1992", "avatar": "1", "rating": 2297, "seed": "sodium,07230c46a806d25929cf3715a7757b4e"}], "teams_full": [{"Granbull": {"name": "Granbull", "species": "Granbull", "speciesId": "granbull", "gender": "F", "shiny": false, "level": 88, "moves": ["playrough", "roar", "earthquake", "thunderwave"], "ability": "Intimidate", "evs": {"hp": 85, "atk": 85, "def": 85, "spa": 85, "spd": 85, "spe": 85}, "ivs": {"hp": 31, "atk": 31, "def": 31, "spa": 31, "spd": 31, "spe": 31}, "item": "Leftovers", "teraType": "Ground", "role": "Bulky Support", "bvs": {"hp": 90, "atk": 120, "def": 75, "spa": 60, "spd": 60, "spe": 45}, "stats": {"hp": 302, "atk": 261, "def": 182, "spa": 156, "spd": 156, "spe": 129}}, "Walking Wake": {"name": "Walking Wake", "species": "Walking Wake", "speciesId": "walkingwake", "gender": "N", "shiny": false, "level": 79, "moves": ["flamethrower", "sunnyday", "dracometeor", "hydrosteam"], "ability": "Protosynthesis", "evs": {"hp": 85, "atk": 0, "def": 85, "spa": 85, "spd": 85, "spe": 85}, "ivs": {"hp": 31, "atk": 0, "def": 31, "spa": 31, "spd": 31, "spe": 31}, "item": "Life Orb", "teraType": "Fire", "role": "Fast Attacker", "bvs": {"hp": 99, "atk": 83, "def": 91, "spa": 125, "spd": 83, "spe": 109}, "stats": {"hp": 286, "atk": 136, "def": 189, "spa": 243, "spd": 177, "spe": 218}}, "Milotic": {"name": "Milotic", "species": "Milotic", "speciesId": "milotic", "gender": "M", "shiny": false, "level": 83, "moves": ["haze", "scald", "recover", "icebeam"], "ability": "Competitive", "evs": {"hp": 85, "atk": 0, "def": 85, "spa": 85, "spd": 85, "spe": 85}, "ivs": {"hp": 31, "atk": 0, "def": 31, "spa": 31, "spd": 31, "spe": 31}, "item": "Leftovers", "teraType": "Dragon", "role": "Bulky Attacker", "bvs": {"hp": 95, "atk": 60, "def": 79, "spa": 100, "spd": 125, "spe": 81}, "stats": {"hp": 293, "atk": 104, "def": 179, "spa": 214, "spd": 255, "spe": 182}}, "Enamorus": {"name": "Enamorus", "species": "Enamorus", "speciesId": "enamorus", "gender": "F", "shiny": false, "level": 79, "moves": ["moonblast", "earthpower", "mysticalfire", "calmmind"], "ability": "Cute Charm", "evs": {"hp": 85, "atk": 0, "def": 85, "spa": 85, "spd": 85, "spe": 85}, "ivs": {"hp": 31, "atk": 0, "def": 31, "spa": 31, "spd": 31, "spe": 31}, "item": "Heavy-Duty Boots", "teraType": "Ground", "role": "Fast Bulky Setup", "bvs": {"hp": 74, "atk": 115, "def": 70, "spa": 135, "spd": 80, "spe": 106}, "stats": {"hp": 247, "atk": 186, "def": 156, "spa": 259, "spd": 172, "spe": 213}}, "Palossand": {"name": "Palossand", "species": "Palossand", "speciesId": "palossand", "gender": "F", "shiny": false, "level": 89, "moves": ["shoreup", "stealthrock", "earthpower", "shadowball"], "ability": "Water Compaction", "evs": {"hp": 85, "atk": 0, "def": 85, "spa": 85, "spd": 85, "spe": 85}, "ivs": {"hp": 31, "atk": 0, "def": 31, "spa": 31, "spd": 31, "spe": 31}, "item": "Leftovers", "teraType": "Poison", "role": "Bulky Support", "bvs": {"hp": 85, "atk": 75, "def": 110, "spa": 100, "spd": 75, "spe": 35}, "stats": {"hp": 296, "atk": 138, "def": 247, "spa": 229, "spd": 184, "spe": 113}}, "Sableye": {"name": "Sableye", "species": "Sableye", "speciesId": "sableye", "gender": "F", "shiny": false, "level": 88, "moves": ["willowisp", "knockoff", "recover", "encore"], "ability": "Prankster", "evs": {"hp": 85, "atk": 85, "def": 85, "spa": 85, "spd": 85, "spe": 85}, "ivs": {"hp": 31, "atk": 31, "def": 31, "spa": 31, "spd": 31, "spe": 31}, "item": "Leftovers", "teraType": "Poison", "role": "Bulky Support", "bvs": {"hp": 50, "atk": 75, "def": 75, "spa": 65, "spd": 65, "spe": 50}, "stats": {"hp": 231, "atk": 182, "def": 182, "spa": 165, "spd": 165, "spe": 138}}}, {"Clawitzer": {"name": "Clawitzer", "species": "Clawitzer", "speciesId": "clawitzer", "gender": "M", "shiny": false, "level": 87, "moves": ["aurasphere", "darkpulse", "waterpulse", "uturn"], "ability": "Mega Launcher", "evs": {"hp": 85, "atk": 85, "def": 85, "spa": 85, "spd": 85, "spe": 85}, "ivs": {"hp": 31, "atk": 31, "def": 31, "spa": 31, "spd": 31, "spe": 31}, "item": "Choice Specs", "teraType": "Fighting", "role": "Wallbreaker", "bvs": {"hp": 71, "atk": 73, "def": 88, "spa": 120, "spd": 89, "spe": 59}, "stats": {"hp": 265, "atk": 177, "def": 203, "spa": 259, "spd": 205, "spe": 152}}, "Ceruledge": {"name": "Ceruledge", "species": "Ceruledge", "speciesId": "ceruledge", "gender": "F", "shiny": false, "level": 78, "moves": ["shadowsneak", "swordsdance", "bitterblade", "poltergeist"], "ability": "Weak Armor", "evs": {"hp": 85, "atk": 85, "def": 85, "spa": 85, "spd": 85, "spe": 85}, "ivs": {"hp": 31, "atk": 31, "def": 31, "spa": 31, "spd": 31, "spe": 31}, "item": "Heavy-Duty Boots", "teraType": "Fire", "role": "Setup Sweeper", "bvs": {"hp": 75, "atk": 125, "def": 80, "spa": 60, "spd": 100, "spe": 85}, "stats": {"hp": 245, "atk": 240, "def": 170, "spa": 139, "spd": 201, "spe": 178}}, "Bellibolt": {"name": "Bellibolt", "species": "Bellibolt", "speciesId": "bellibolt", "gender": "M", "shiny": false, "level": 84, "moves": ["voltswitch", "thunderbolt", "muddywater", "slackoff"], "ability": "Electromorphosis", "evs": {"hp": 85, "atk": 0, "def": 85, "spa": 85, "spd": 85, "spe": 85}, "ivs": {"hp": 31, "atk": 0, "def": 31, "spa": 31, "spd": 31, "spe": 31}, "item": "Leftovers", "teraType": "Electric", "role": "Bulky Attacker", "bvs": {"hp": 109, "atk": 64, "def": 91, "spa": 103, "spd": 83, "spe": 45}, "stats": {"hp": 320, "atk": 112, "def": 201, "spa": 221, "spd": 188, "spe": 124}}, "Rampardos": {"name": "Rampardos", "species": "Rampardos", "speciesId": "rampardos", "gender": "M", "shiny": false, "level": 90, "moves": ["earthquake", "rockslide", "firepunch", "headsmash"], "ability": "Sheer Force", "evs": {"hp": 85, "atk": 85, "def": 85, "spa": 85, "spd": 85, "spe": 85}, "ivs": {"hp": 31, "atk": 31, "def": 31, "spa": 31, "spd": 31, "spe": 31}, "item": "Choice Scarf", "teraType": "Rock", "role": "Fast Attacker", "bvs": {"hp": 97, "atk": 165, "def": 60, "spa": 65, "spd": 50, "spe": 58}, "stats": {"hp": 321, "atk": 348, "def": 159, "spa": 168, "spd": 141, "spe": 156}}, "Oricorio": {"name": "Oricorio", "species": "Oricorio-Sensu", "speciesId": "oricoriosensu", "gender": "M", "shiny": false, "level": 85, "moves": ["hurricane", "quiverdance", "revelationdance", "roost"], "ability": "Dancer", "evs": {"hp": 85, "atk": 0, "def": 85, "spa": 85, "spd": 85, "spe": 85}, "ivs": {"hp": 31, "atk": 0, "def": 31, "spa": 31, "spd": 31, "spe": 31}, "item": "Heavy-Duty Boots", "teraType": "Fighting", "role": "Setup Sweeper", "bvs": {"hp": 75, "atk": 70, "def": 70, "spa": 98, "spd": 70, "spe": 93}, "stats": {"hp": 266, "atk": 124, "def": 168, "spa": 215, "spd": 168, "spe": 207}}, "Ursaluna": {"name": "Ursaluna", "species": "Ursaluna-Bloodmoon", "speciesId": "ursalunabloodmoon", "gender": "M", "shiny": false, "level": 79, "moves": ["bloodmoon", "moonlight", "calmmind", "earthpower"], "ability": "Mind's Eye", "evs": {"hp": 85, "atk": 0, "def": 85, "spa": 85, "spd": 85, "spe": 85}, "ivs": {"hp": 31, "atk": 0, "def": 31, "spa": 31, "spd": 31, "spe": 31}, "item": "Leftovers", "teraType": "Ghost", "role": "Bulky Attacker", "bvs": {"hp": 113, "atk": 70, "def": 120, "spa": 135, "spd": 65, "spe": 52}, "stats": {"hp": 308, "atk": 115, "def": 235, "spa": 259, "spd": 148, "spe": 128}}}]}