{"id": "gen9randombattle-2631988835", "format": "[Gen 9] Random Battle", "players": ["jokaire", "WhatEver2102"], "log": "|j|\u2606jokaire\n|j|\u2606WhatEver2102\n|t:|1781463253\n|gametype|singles\n|player|p1|jokaire|clown|1924\n|player|p2|WhatEver2102|juan|1977\n|gen|9\n|tier|[Gen 9] Random Battle\n|rated|\n|rule|Species Clause: Limit one of each Pok\u00e9mon\n|rule|HP Percentage Mod: HP is shown in percentages\n|rule|Sleep Clause Mod: Limit one foe put to sleep\n|rule|Illusion Level Mod: Illusion disguises the Pok\u00e9mon's true level\n|\n|t:|1781463253\n|teamsize|p1|6\n|teamsize|p2|6\n|start\n|switch|p1a: Sinistcha|Sinistcha-Masterpiece, L83|254/254\n|switch|p2a: Gumshoos|Gumshoos, L95, M|321/321\n|turn|1\n|\n|t:|1781463272\n|switch|p1a: Mudsdale|Mudsdale, L83, F|302/302\n|move|p2a: Gumshoos|Knock Off|p1a: Mudsdale\n|-damage|p1a: Mudsdale|26/302\n|-ability|p1a: Mudsdale|Stamina|boost\n|-boost|p1a: Mudsdale|def|1\n|-enditem|p1a: Mudsdale|Leftovers|[from] move: Knock Off|[of] p2a: Gumshoos\n|\n|upkeep\n|turn|2\n|\n|t:|1781463280\n|move|p2a: Gumshoos|Knock Off|p1a: Mudsdale\n|-damage|p1a: Mudsdale|0 fnt\n|faint|p1a: Mudsdale\n|\n|upkeep\n|\n|t:|1781463285\n|switch|p1a: Registeel|Registeel, L81|262/262\n|turn|3\n|\n|t:|1781463290\n|switch|p2a: Trevenant|Trevenant, L89, M|296/296\n|move|p1a: Registeel|Iron Defense|p1a: Registeel\n|-boost|p1a: Registeel|def|2\n|\n|upkeep\n|turn|4\n|\n|t:|1781463296\n|move|p2a: Trevenant|Poltergeist|p1a: Registeel|[miss]\n|-miss|p2a: Trevenant|p1a: Registeel\n|move|p1a: Registeel|Iron Defense|p1a: Registeel\n|-boost|p1a: Registeel|def|2\n|\n|upkeep\n|turn|5\n|\n|t:|1781463310\n|move|p2a: Trevenant|Poltergeist|p1a: Registeel\n|-activate|p1a: Registeel|move: Poltergeist|Chesto Berry\n|-damage|p1a: Registeel|225/262\n|move|p1a: Registeel|Iron Defense|p1a: Registeel\n|-boost|p1a: Registeel|def|2\n|\n|upkeep\n|turn|6\n|\n|t:|1781463318\n|move|p2a: Trevenant|Drain Punch|p1a: Registeel\n|-supereffective|p1a: Registeel\n|-damage|p1a: Registeel|199/262\n|move|p1a: Registeel|Iron Head|p2a: Trevenant\n|-damage|p2a: Trevenant|229/296\n|\n|upkeep\n|turn|7\n|\n|t:|1781463321\n|move|p2a: Trevenant|Drain Punch|p1a: Registeel\n|-supereffective|p1a: Registeel\n|-damage|p1a: Registeel|175/262\n|-heal|p2a: Trevenant|241/296|[from] drain|[of] p1a: Registeel\n|move|p1a: Registeel|Iron Head|p2a: Trevenant\n|-damage|p2a: Trevenant|172/296\n|\n|upkeep\n|turn|8\n|\n|t:|1781463324\n|move|p2a: Trevenant|Drain Punch|p1a: Registeel\n|-supereffective|p1a: Registeel\n|-damage|p1a: Registeel|153/262\n|-heal|p2a: Trevenant|183/296|[from] drain|[of] p1a: Registeel\n|move|p1a: Registeel|Iron Head|p2a: Trevenant\n|-damage|p2a: Trevenant|113/296\n|-enditem|p2a: Trevenant|Sitrus Berry|[eat]\n|-heal|p2a: Trevenant|187/296|[from] item: Sitrus Berry\n|\n|upkeep\n|turn|9\n|\n|t:|1781463326\n|move|p2a: Trevenant|Drain Punch|p1a: Registeel\n|-supereffective|p1a: Registeel\n|-damage|p1a: Registeel|129/262\n|-heal|p2a: Trevenant|199/296|[from] drain|[of] p1a: Registeel\n|move|p1a: Registeel|Iron Head|p2a: Trevenant\n|-damage|p2a: Trevenant|132/296\n|\n|-item|p2a: Trevenant|Sitrus Berry|[from] ability: Harvest\n|upkeep\n|-enditem|p2a: Trevenant|Sitrus Berry|[eat]\n|-heal|p2a: Trevenant|206/296|[from] item: Sitrus Berry\n|turn|10\n|\n|t:|1781463338\n|move|p2a: Trevenant|Drain Punch|p1a: Registeel\n|-supereffective|p1a: Registeel\n|-damage|p1a: Registeel|105/262\n|-heal|p2a: Trevenant|218/296|[from] drain|[of] p1a: Registeel\n|move|p1a: Registeel|Iron Head|p2a: Trevenant\n|-damage|p2a: Trevenant|146/296\n|\n|-item|p2a: Trevenant|Sitrus Berry|[from] ability: Harvest\n|upkeep\n|-enditem|p2a: Trevenant|Sitrus Berry|[eat]\n|-heal|p2a: Trevenant|220/296|[from] item: Sitrus Berry\n|turn|11\n|\n|t:|1781463346\n|move|p2a: Trevenant|Drain Punch|p1a: Registeel\n|-supereffective|p1a: Registeel\n|-damage|p1a: Registeel|83/262\n|-heal|p2a: Trevenant|231/296|[from] drain|[of] p1a: Registeel\n|move|p1a: Registeel|Iron Head|p2a: Trevenant\n|-damage|p2a: Trevenant|167/296\n|\n|-item|p2a: Trevenant|Sitrus Berry|[from] ability: Harvest\n|upkeep\n|turn|12\n|\n|t:|1781463351\n|switch|p2a: Breloom|Breloom, L83, F|235/235\n|move|p1a: Registeel|Iron Head|p2a: Breloom\n|-damage|p2a: Breloom|163/235\n|\n|upkeep\n|turn|13\n|\n|t:|1781463356\n|move|p2a: Breloom|Mach Punch|p1a: Registeel\n|-supereffective|p1a: Registeel\n|-damage|p1a: Registeel|49/262\n|-damage|p2a: Breloom|140/235|[from] item: Life Orb\n|move|p1a: Registeel|Rest|p1a: Registeel\n|-status|p1a: Registeel|slp|[from] move: Rest\n|-heal|p1a: Registeel|262/262 slp|[silent]\n|-enditem|p1a: Registeel|Chesto Berry|[eat]\n|-curestatus|p1a: Registeel|slp|[msg]\n|\n|upkeep\n|turn|14\n|\n|t:|1781463358\n|move|p2a: Breloom|Spore|p1a: Registeel\n|-status|p1a: Registeel|slp|[from] move: Spore\n|cant|p1a: Registeel|slp\n|\n|upkeep\n|turn|15\n|inactive|Battle timer is ON: inactive players will automatically lose when time's up. (requested by jokaire)\n|\n|t:|1781463393\n|switch|p2a: Scyther|Scyther, L82, M|249/249\n|cant|p1a: Registeel|slp\n|\n|upkeep\n|turn|16\n|\n|t:|1781463398\n|move|p2a: Scyther|Swords Dance|p2a: Scyther\n|-boost|p2a: Scyther|atk|2\n|-curestatus|p1a: Registeel|slp|[msg]\n|move|p1a: Registeel|Body Press|p2a: Scyther\n|-resisted|p2a: Scyther\n|-damage|p2a: Scyther|172/249\n|\n|upkeep\n|turn|17\n|\n|t:|1781463402\n|move|p2a: Scyther|Swords Dance|p2a: Scyther\n|-boost|p2a: Scyther|atk|2\n|move|p1a: Registeel|Body Press|p2a: Scyther\n|-resisted|p2a: Scyther\n|-damage|p2a: Scyther|83/249\n|\n|upkeep\n|turn|18\n|\n|t:|1781463411\n|-terastallize|p2a: Scyther|Fighting\n|move|p2a: Scyther|Close Combat|p1a: Registeel\n|-supereffective|p1a: Registeel\n|-damage|p1a: Registeel|130/262\n|-unboost|p2a: Scyther|def|1\n|-unboost|p2a: Scyther|spd|1\n|move|p1a: Registeel|Body Press|p2a: Scyther\n|-damage|p2a: Scyther|0 fnt\n|faint|p2a: Scyther\n|\n|upkeep\n|\n|t:|1781463416\n|switch|p2a: Breloom|Breloom, L83, F|140/235\n|turn|19\n|\n|t:|1781463418\n|move|p2a: Breloom|Spore|p1a: Registeel\n|-status|p1a: Registeel|slp|[from] move: Spore\n|cant|p1a: Registeel|slp\n|\n|upkeep\n|turn|20\n|\n|t:|1781463425\n|move|p2a: Breloom|Bullet Seed|p1a: Registeel\n|-resisted|p1a: Registeel\n|-damage|p1a: Registeel|125/262 slp\n|-resisted|p1a: Registeel\n|-damage|p1a: Registeel|120/262 slp\n|-hitcount|p1a: Registeel|2\n|-damage|p2a: Breloom|117/235|[from] item: Life Orb\n|-curestatus|p1a: Registeel|slp|[msg]\n|move|p1a: Registeel|Body Press|p2a: Breloom\n|-damage|p2a: Breloom|0 fnt\n|faint|p2a: Breloom\n|\n|upkeep\n|\n|t:|1781463440\n|switch|p2a: Gumshoos|Gumshoos, L95, M|321/321\n|turn|21\n|\n|t:|1781463449\n|move|p2a: Gumshoos|Earthquake|p1a: Registeel\n|-supereffective|p1a: Registeel\n|-damage|p1a: Registeel|64/262\n|move|p1a: Registeel|Rest|p1a: Registeel\n|-status|p1a: Registeel|slp|[from] move: Rest\n|-heal|p1a: Registeel|262/262 slp|[silent]\n|\n|upkeep\n|turn|22\n|\n|t:|1781463451\n|move|p2a: Gumshoos|Earthquake|p1a: Registeel\n|-supereffective|p1a: Registeel\n|-damage|p1a: Registeel|212/262 slp\n|cant|p1a: Registeel|slp\n|\n|upkeep\n|turn|23\n|\n|t:|1781463454\n|move|p2a: Gumshoos|Earthquake|p1a: Registeel\n|-supereffective|p1a: Registeel\n|-damage|p1a: Registeel|154/262 slp\n|cant|p1a: Registeel|slp\n|\n|upkeep\n|turn|24\n|\n|t:|1781463456\n|move|p2a: Gumshoos|Earthquake|p1a: Registeel\n|-supereffective|p1a: Registeel\n|-damage|p1a: Registeel|100/262 slp\n|-curestatus|p1a: Registeel|slp|[msg]\n|move|p1a: Registeel|Body Press|p2a: Gumshoos\n|-supereffective|p2a: Gumshoos\n|-damage|p2a: Gumshoos|0 fnt\n|faint|p2a: Gumshoos\n|\n|upkeep\n|\n|t:|1781463465\n|switch|p2a: Komala|Komala, L88, M|258/258\n|-ability|p2a: Komala|Comatose\n|turn|25\n|\n|t:|1781463471\n|move|p2a: Komala|U-turn|p1a: Registeel\n|-resisted|p1a: Registeel\n|-damage|p1a: Registeel|95/262\n|\n|t:|1781463472\n|switch|p2a: Trevenant|Trevenant, L89, M|167/296|[from] U-turn\n|move|p1a: Registeel|Body Press|p2a: Trevenant\n|-immune|p2a: Trevenant\n|\n|upkeep\n|turn|26\n|\n|t:|1781463476\n|move|p2a: Trevenant|Drain Punch|p1a: Registeel\n|-supereffective|p1a: Registeel\n|-damage|p1a: Registeel|71/262\n|-heal|p2a: Trevenant|179/296|[from] drain|[of] p1a: Registeel\n|move|p1a: Registeel|Iron Head|p2a: Trevenant\n|-damage|p2a: Trevenant|109/296\n|-enditem|p2a: Trevenant|Sitrus Berry|[eat]\n|-heal|p2a: Trevenant|183/296|[from] item: Sitrus Berry\n|\n|upkeep\n|turn|27\n|\n|t:|1781463483\n|move|p2a: Trevenant|Drain Punch|p1a: Registeel\n|-supereffective|p1a: Registeel\n|-damage|p1a: Registeel|49/262\n|-heal|p2a: Trevenant|194/296|[from] drain|[of] p1a: Registeel\n|move|p1a: Registeel|Iron Head|p2a: Trevenant\n|-crit|p2a: Trevenant\n|-damage|p2a: Trevenant|82/296\n|\n|-item|p2a: Trevenant|Sitrus Berry|[from] ability: Harvest\n|upkeep\n|-enditem|p2a: Trevenant|Sitrus Berry|[eat]\n|-heal|p2a: Trevenant|156/296|[from] item: Sitrus Berry\n|turn|28\n|\n|t:|1781463486\n|move|p2a: Trevenant|Drain Punch|p1a: Registeel\n|-supereffective|p1a: Registeel\n|-damage|p1a: Registeel|25/262\n|-heal|p2a: Trevenant|168/296|[from] drain|[of] p1a: Registeel\n|move|p1a: Registeel|Rest|p1a: Registeel\n|-status|p1a: Registeel|slp|[from] move: Rest\n|-heal|p1a: Registeel|262/262 slp|[silent]\n|\n|upkeep\n|turn|29\n|\n|t:|1781463490\n|switch|p2a: Iron Hands|Iron Hands, L79|373/373\n|cant|p1a: Registeel|slp\n|\n|upkeep\n|turn|30\n|\n|t:|1781463494\n|cant|p1a: Registeel|slp\n|move|p2a: Iron Hands|Volt Switch|p1a: Registeel\n|-damage|p1a: Registeel|235/262 slp\n|\n|t:|1781463498\n|-end|p2a: Iron Hands|Quark Drive|[silent]\n|switch|p2a: Trevenant|Trevenant, L89, M|168/296|[from] Volt Switch\n|\n|-item|p2a: Trevenant|Sitrus Berry|[from] ability: Harvest\n|upkeep\n|turn|31\n|\n|t:|1781463504\n|move|p2a: Trevenant|Poltergeist||[still]\n|-fail|p2a: Trevenant\n|-curestatus|p1a: Registeel|slp|[msg]\n|move|p1a: Registeel|Iron Head|p2a: Trevenant\n|-damage|p2a: Trevenant|101/296\n|-enditem|p2a: Trevenant|Sitrus Berry|[eat]\n|-heal|p2a: Trevenant|175/296|[from] item: Sitrus Berry\n|\n|-item|p2a: Trevenant|Sitrus Berry|[from] ability: Harvest\n|upkeep\n|turn|32\n|\n|t:|1781463507\n|move|p2a: Trevenant|Drain Punch|p1a: Registeel\n|-supereffective|p1a: Registeel\n|-damage|p1a: Registeel|211/262\n|-heal|p2a: Trevenant|187/296|[from] drain|[of] p1a: Registeel\n|move|p1a: Registeel|Iron Head|p2a: Trevenant\n|-damage|p2a: Trevenant|115/296\n|-enditem|p2a: Trevenant|Sitrus Berry|[eat]\n|-heal|p2a: Trevenant|189/296|[from] item: Sitrus Berry\n|\n|upkeep\n|turn|33\n|\n|t:|1781463509\n|move|p2a: Trevenant|Drain Punch|p1a: Registeel\n|-supereffective|p1a: Registeel\n|-damage|p1a: Registeel|187/262\n|-heal|p2a: Trevenant|201/296|[from] drain|[of] p1a: Registeel\n|move|p1a: Registeel|Iron Head|p2a: Trevenant\n|-damage|p2a: Trevenant|129/296\n|\n|-item|p2a: Trevenant|Sitrus Berry|[from] ability: Harvest\n|upkeep\n|-enditem|p2a: Trevenant|Sitrus Berry|[eat]\n|-heal|p2a: Trevenant|203/296|[from] item: Sitrus Berry\n|turn|34\n|\n|t:|1781463512\n|move|p2a: Trevenant|Drain Punch|p1a: Registeel\n|-supereffective|p1a: Registeel\n|-damage|p1a: Registeel|163/262\n|-heal|p2a: Trevenant|215/296|[from] drain|[of] p1a: Registeel\n|move|p1a: Registeel|Iron Head|p2a: Trevenant\n|-damage|p2a: Trevenant|151/296\n|\n|upkeep\n|turn|35\n|\n|t:|1781463514\n|move|p2a: Trevenant|Drain Punch|p1a: Registeel\n|-supereffective|p1a: Registeel\n|-damage|p1a: Registeel|139/262\n|-heal|p2a: Trevenant|163/296|[from] drain|[of] p1a: Registeel\n|move|p1a: Registeel|Iron Head|p2a: Trevenant\n|-damage|p2a: Trevenant|93/296\n|\n|-item|p2a: Trevenant|Sitrus Berry|[from] ability: Harvest\n|upkeep\n|-enditem|p2a: Trevenant|Sitrus Berry|[eat]\n|-heal|p2a: Trevenant|167/296|[from] item: Sitrus Berry\n|turn|36\n|\n|t:|1781463516\n|move|p2a: Trevenant|Drain Punch|p1a: Registeel\n|-supereffective|p1a: Registeel\n|-damage|p1a: Registeel|115/262\n|-heal|p2a: Trevenant|179/296|[from] drain|[of] p1a: Registeel\n|move|p1a: Registeel|Iron Head|p2a: Trevenant\n|-damage|p2a: Trevenant|106/296\n|\n|-item|p2a: Trevenant|Sitrus Berry|[from] ability: Harvest\n|upkeep\n|-enditem|p2a: Trevenant|Sitrus Berry|[eat]\n|-heal|p2a: Trevenant|180/296|[from] item: Sitrus Berry\n|turn|37\n|\n|t:|1781463519\n|move|p2a: Trevenant|Drain Punch|p1a: Registeel\n|-supereffective|p1a: Registeel\n|-damage|p1a: Registeel|91/262\n|-heal|p2a: Trevenant|192/296|[from] drain|[of] p1a: Registeel\n|move|p1a: Registeel|Iron Head|p2a: Trevenant\n|-damage|p2a: Trevenant|116/296\n|\n|upkeep\n|turn|38\n|\n|t:|1781463522\n|move|p2a: Trevenant|Drain Punch|p1a: Registeel\n|-supereffective|p1a: Registeel\n|-damage|p1a: Registeel|67/262\n|-heal|p2a: Trevenant|128/296|[from] drain|[of] p1a: Registeel\n|move|p1a: Registeel|Rest|p1a: Registeel\n|-status|p1a: Registeel|slp|[from] move: Rest\n|-heal|p1a: Registeel|262/262 slp|[silent]\n|\n|upkeep\n|turn|39\n|\n|t:|1781463528\n|switch|p2a: Iron Hands|Iron Hands, L79|373/373\n|cant|p1a: Registeel|slp\n|\n|upkeep\n|turn|40\n|\n|t:|1781463531\n|cant|p1a: Registeel|slp\n|move|p2a: Iron Hands|Drain Punch|p1a: Registeel\n|-supereffective|p1a: Registeel\n|-damage|p1a: Registeel|226/262 slp\n|\n|upkeep\n|turn|41\n|\n|t:|1781463534\n|-curestatus|p1a: Registeel|slp|[msg]\n|move|p1a: Registeel|Iron Head|p2a: Iron Hands\n|-resisted|p2a: Iron Hands\n|-damage|p2a: Iron Hands|343/373\n|cant|p2a: Iron Hands|flinch\n|\n|upkeep\n|turn|42\n|\n|t:|1781463539\n|move|p1a: Registeel|Body Press|p2a: Iron Hands\n|-damage|p2a: Iron Hands|76/373\n|move|p2a: Iron Hands|Drain Punch|p1a: Registeel\n|-supereffective|p1a: Registeel\n|-damage|p1a: Registeel|194/262\n|-heal|p2a: Iron Hands|92/373|[from] drain|[of] p1a: Registeel\n|\n|upkeep\n|turn|43\n|\n|t:|1781463543\n|move|p1a: Registeel|Body Press|p2a: Iron Hands\n|-crit|p2a: Iron Hands\n|-damage|p2a: Iron Hands|0 fnt\n|faint|p2a: Iron Hands\n|-end|p2a: Iron Hands|Quark Drive|[silent]\n|\n|upkeep\n|\n|t:|1781463546\n|switch|p2a: Komala|Komala, L88, M|258/258\n|-ability|p2a: Komala|Comatose\n|turn|44\n|\n|t:|1781463549\n|move|p2a: Komala|Knock Off|p1a: Registeel\n|-damage|p1a: Registeel|184/262\n|move|p1a: Registeel|Body Press|p2a: Komala\n|-supereffective|p2a: Komala\n|-damage|p2a: Komala|0 fnt\n|faint|p2a: Komala\n|\n|upkeep\n|\n|t:|1781463552\n|switch|p2a: Trevenant|Trevenant, L89, M|128/296\n|turn|45\n|\n|t:|1781463554\n|move|p2a: Trevenant|Poltergeist||[still]\n|-fail|p2a: Trevenant\n|move|p1a: Registeel|Iron Head|p2a: Trevenant\n|-damage|p2a: Trevenant|62/296\n|\n|-item|p2a: Trevenant|Sitrus Berry|[from] ability: Harvest\n|upkeep\n|-enditem|p2a: Trevenant|Sitrus Berry|[eat]\n|-heal|p2a: Trevenant|136/296|[from] item: Sitrus Berry\n|turn|46\n|\n|t:|1781463556\n|move|p2a: Trevenant|Poltergeist||[still]\n|-fail|p2a: Trevenant\n|move|p1a: Registeel|Iron Head|p2a: Trevenant\n|-damage|p2a: Trevenant|60/296\n|\n|-item|p2a: Trevenant|Sitrus Berry|[from] ability: Harvest\n|upkeep\n|-enditem|p2a: Trevenant|Sitrus Berry|[eat]\n|-heal|p2a: Trevenant|134/296|[from] item: Sitrus Berry\n|turn|47\n|\n|t:|1781463559\n|move|p2a: Trevenant|Protect|p2a: Trevenant\n|-singleturn|p2a: Trevenant|Protect\n|move|p1a: Registeel|Iron Head|p2a: Trevenant\n|-activate|p2a: Trevenant|move: Protect\n|\n|upkeep\n|turn|48\n|\n|t:|1781463561\n|move|p2a: Trevenant|Toxic|p1a: Registeel\n|-immune|p1a: Registeel\n|move|p1a: Registeel|Iron Head|p2a: Trevenant\n|-damage|p2a: Trevenant|68/296\n|\n|-item|p2a: Trevenant|Sitrus Berry|[from] ability: Harvest\n|upkeep\n|-enditem|p2a: Trevenant|Sitrus Berry|[eat]\n|-heal|p2a: Trevenant|142/296|[from] item: Sitrus Berry\n|turn|49\n|\n|t:|1781463563\n|move|p2a: Trevenant|Protect|p2a: Trevenant\n|-singleturn|p2a: Trevenant|Protect\n|move|p1a: Registeel|Iron Head|p2a: Trevenant\n|-activate|p2a: Trevenant|move: Protect\n|\n|upkeep\n|turn|50\n|\n|t:|1781463565\n|move|p2a: Trevenant|Toxic|p1a: Registeel\n|-immune|p1a: Registeel\n|move|p1a: Registeel|Iron Head|p2a: Trevenant\n|-damage|p2a: Trevenant|72/296\n|\n|upkeep\n|turn|51\n|\n|t:|1781463567\n|move|p2a: Trevenant|Protect|p2a: Trevenant\n|-singleturn|p2a: Trevenant|Protect\n|move|p1a: Registeel|Iron Head|p2a: Trevenant\n|-activate|p2a: Trevenant|move: Protect\n|\n|-item|p2a: Trevenant|Sitrus Berry|[from] ability: Harvest\n|upkeep\n|-enditem|p2a: Trevenant|Sitrus Berry|[eat]\n|-heal|p2a: Trevenant|146/296|[from] item: Sitrus Berry\n|turn|52\n|\n|t:|1781463569\n|move|p2a: Trevenant|Toxic|p1a: Registeel\n|-immune|p1a: Registeel\n|move|p1a: Registeel|Iron Defense|p1a: Registeel\n|-boost|p1a: Registeel|def|0\n|\n|-item|p2a: Trevenant|Sitrus Berry|[from] ability: Harvest\n|upkeep\n|-enditem|p2a: Trevenant|Sitrus Berry|[eat]\n|-heal|p2a: Trevenant|220/296|[from] item: Sitrus Berry\n|turn|53\n|\n|t:|1781463571\n|move|p2a: Trevenant|Toxic|p1a: Registeel|[miss]\n|-miss|p2a: Trevenant|p1a: Registeel\n|move|p1a: Registeel|Iron Defense|p1a: Registeel\n|-boost|p1a: Registeel|def|0\n|\n|upkeep\n|turn|54\n|\n|t:|1781463573\n|move|p2a: Trevenant|Toxic|p1a: Registeel\n|-immune|p1a: Registeel\n|move|p1a: Registeel|Iron Defense|p1a: Registeel\n|-boost|p1a: Registeel|def|0\n|\n|-item|p2a: Trevenant|Sitrus Berry|[from] ability: Harvest\n|upkeep\n|turn|55\n|\n|t:|1781463575\n|move|p2a: Trevenant|Protect|p2a: Trevenant\n|-singleturn|p2a: Trevenant|Protect\n|move|p1a: Registeel|Iron Defense|p1a: Registeel\n|-boost|p1a: Registeel|def|0\n|\n|upkeep\n|turn|56\n|\n|t:|1781463578\n|move|p2a: Trevenant|Poltergeist||[still]\n|-fail|p2a: Trevenant\n|move|p1a: Registeel|Iron Defense|p1a: Registeel\n|-boost|p1a: Registeel|def|0\n|\n|upkeep\n|turn|57\n|\n|t:|1781463583\n|move|p2a: Trevenant|Toxic|p1a: Registeel\n|-immune|p1a: Registeel\n|move|p1a: Registeel|Iron Defense|p1a: Registeel\n|-boost|p1a: Registeel|def|0\n|\n|upkeep\n|turn|58\n|\n|t:|1781463585\n|move|p2a: Trevenant|Toxic|p1a: Registeel\n|-immune|p1a: Registeel\n|move|p1a: Registeel|Iron Defense|p1a: Registeel\n|-boost|p1a: Registeel|def|0\n|\n|upkeep\n|turn|59\n|\n|t:|1781463588\n|move|p2a: Trevenant|Toxic|p1a: Registeel\n|-immune|p1a: Registeel\n|move|p1a: Registeel|Iron Defense|p1a: Registeel\n|-boost|p1a: Registeel|def|0\n|\n|upkeep\n|turn|60\n|\n|t:|1781463590\n|move|p2a: Trevenant|Protect|p2a: Trevenant\n|-singleturn|p2a: Trevenant|Protect\n|move|p1a: Registeel|Iron Defense|p1a: Registeel\n|-boost|p1a: Registeel|def|0\n|\n|upkeep\n|turn|61\n|\n|t:|1781463592\n|move|p2a: Trevenant|Toxic|p1a: Registeel\n|-immune|p1a: Registeel\n|move|p1a: Registeel|Iron Defense|p1a: Registeel\n|-boost|p1a: Registeel|def|0\n|\n|upkeep\n|turn|62\n|\n|t:|1781463594\n|move|p2a: Trevenant|Toxic|p1a: Registeel\n|-immune|p1a: Registeel\n|move|p1a: Registeel|Iron Defense|p1a: Registeel\n|-boost|p1a: Registeel|def|0\n|\n|upkeep\n|turn|63\n|\n|t:|1781463595\n|move|p2a: Trevenant|Protect|p2a: Trevenant\n|-singleturn|p2a: Trevenant|Protect\n|move|p1a: Registeel|Iron Defense|p1a: Registeel\n|-boost|p1a: Registeel|def|0\n|\n|upkeep\n|turn|64\n|\n|t:|1781463598\n|move|p2a: Trevenant|Toxic|p1a: Registeel\n|-immune|p1a: Registeel\n|move|p1a: Registeel|Iron Defense|p1a: Registeel\n|-boost|p1a: Registeel|def|0\n|\n|upkeep\n|turn|65\n|\n|t:|1781463601\n|move|p2a: Trevenant|Toxic|p1a: Registeel\n|-immune|p1a: Registeel\n|move|p1a: Registeel|Iron Defense|p1a: Registeel\n|-boost|p1a: Registeel|def|0\n|\n|upkeep\n|turn|66\n|\n|t:|1781463603\n|move|p2a: Trevenant|Protect|p2a: Trevenant\n|-singleturn|p2a: Trevenant|Protect\n|move|p1a: Registeel|Iron Defense|p1a: Registeel\n|-boost|p1a: Registeel|def|0\n|\n|upkeep\n|turn|67\n|\n|t:|1781463605\n|move|p2a: Trevenant|Toxic|p1a: Registeel\n|-immune|p1a: Registeel\n|move|p1a: Registeel|Iron Defense|p1a: Registeel\n|-boost|p1a: Registeel|def|0\n|\n|upkeep\n|turn|68\n|\n|t:|1781463607\n|move|p2a: Trevenant|Protect|p2a: Trevenant\n|-singleturn|p2a: Trevenant|Protect\n|move|p1a: Registeel|Iron Defense|p1a: Registeel\n|-boost|p1a: Registeel|def|0\n|\n|upkeep\n|turn|69\n|\n|t:|1781463610\n|move|p2a: Trevenant|Toxic|p1a: Registeel\n|-immune|p1a: Registeel\n|move|p1a: Registeel|Iron Defense|p1a: Registeel\n|-boost|p1a: Registeel|def|0\n|\n|upkeep\n|turn|70\n|\n|t:|1781463612\n|move|p2a: Trevenant|Toxic|p1a: Registeel\n|-immune|p1a: Registeel\n|move|p1a: Registeel|Iron Defense|p1a: Registeel\n|-boost|p1a: Registeel|def|0\n|\n|upkeep\n|turn|71\n|\n|t:|1781463614\n|move|p2a: Trevenant|Toxic|p1a: Registeel\n|-immune|p1a: Registeel\n|move|p1a: Registeel|Iron Defense|p1a: Registeel\n|-boost|p1a: Registeel|def|0\n|\n|upkeep\n|turn|72\n|\n|t:|1781463618\n|move|p2a: Trevenant|Protect|p2a: Trevenant\n|-singleturn|p2a: Trevenant|Protect\n|move|p1a: Registeel|Iron Defense|p1a: Registeel\n|-boost|p1a: Registeel|def|0\n|\n|upkeep\n|turn|73\n|\n|t:|1781463620\n|move|p2a: Trevenant|Protect||[still]\n|-fail|p2a: Trevenant\n|move|p1a: Registeel|Body Press|p2a: Trevenant\n|-immune|p2a: Trevenant\n|\n|upkeep\n|turn|74\n|\n|t:|1781463623\n|move|p2a: Trevenant|Poltergeist||[still]\n|-fail|p2a: Trevenant\n|move|p1a: Registeel|Body Press|p2a: Trevenant\n|-immune|p2a: Trevenant\n|\n|upkeep\n|turn|75\n|\n|t:|1781463625\n|move|p2a: Trevenant|Protect|p2a: Trevenant\n|-singleturn|p2a: Trevenant|Protect\n|move|p1a: Registeel|Body Press|p2a: Trevenant\n|-activate|p2a: Trevenant|move: Protect\n|\n|upkeep\n|turn|76\n|\n|t:|1781463626\n|move|p2a: Trevenant|Poltergeist||[still]\n|-fail|p2a: Trevenant\n|move|p1a: Registeel|Body Press|p2a: Trevenant\n|-immune|p2a: Trevenant\n|\n|upkeep\n|turn|77\n|\n|t:|1781463628\n|move|p2a: Trevenant|Protect|p2a: Trevenant\n|-singleturn|p2a: Trevenant|Protect\n|move|p1a: Registeel|Body Press|p2a: Trevenant\n|-activate|p2a: Trevenant|move: Protect\n|\n|upkeep\n|turn|78\n|\n|t:|1781463632\n|-terastallize|p1a: Registeel|Fighting\n|move|p2a: Trevenant|Protect||[still]\n|-fail|p2a: Trevenant\n|move|p1a: Registeel|Body Press|p2a: Trevenant\n|-immune|p2a: Trevenant\n|\n|upkeep\n|turn|79\n|\n|t:|1781463634\n|move|p2a: Trevenant|Protect|p2a: Trevenant\n|-singleturn|p2a: Trevenant|Protect\n|move|p1a: Registeel|Body Press|p2a: Trevenant\n|-activate|p2a: Trevenant|move: Protect\n|\n|upkeep\n|turn|80\n|\n|t:|1781463636\n|move|p2a: Trevenant|Protect||[still]\n|-fail|p2a: Trevenant\n|move|p1a: Registeel|Rest|p1a: Registeel\n|-status|p1a: Registeel|slp|[from] move: Rest\n|-heal|p1a: Registeel|262/262 slp|[silent]\n|\n|upkeep\n|turn|81\n|\n|t:|1781463638\n|move|p2a: Trevenant|Protect|p2a: Trevenant\n|-singleturn|p2a: Trevenant|Protect\n|cant|p1a: Registeel|slp\n|\n|upkeep\n|turn|82\n|\n|t:|1781463640\n|-activate|p2a: Trevenant|move: Struggle\n|move|p2a: Trevenant|Struggle|p1a: Registeel\n|-damage|p1a: Registeel|254/262 slp\n|-damage|p2a: Trevenant|146/296|[from] recoil\n|-enditem|p2a: Trevenant|Sitrus Berry|[eat]\n|-heal|p2a: Trevenant|220/296|[from] item: Sitrus Berry\n|cant|p1a: Registeel|slp\n|\n|upkeep\n|turn|83\n|\n|t:|1781463642\n|-activate|p2a: Trevenant|move: Struggle\n|move|p2a: Trevenant|Struggle|p1a: Registeel\n|-damage|p1a: Registeel|246/262 slp\n|-damage|p2a: Trevenant|146/296|[from] recoil\n|-curestatus|p1a: Registeel|slp|[msg]\n|move|p1a: Registeel|Rest|p1a: Registeel\n|-status|p1a: Registeel|slp|[from] move: Rest\n|-heal|p1a: Registeel|262/262 slp|[silent]\n|\n|upkeep\n|turn|84\n|\n|t:|1781463643\n|-activate|p2a: Trevenant|move: Struggle\n|move|p2a: Trevenant|Struggle|p1a: Registeel\n|-damage|p1a: Registeel|254/262 slp\n|-damage|p2a: Trevenant|72/296|[from] recoil\n|cant|p1a: Registeel|slp\n|\n|upkeep\n|turn|85\n|\n|t:|1781463646\n|-activate|p2a: Trevenant|move: Struggle\n|move|p2a: Trevenant|Struggle|p1a: Registeel\n|-damage|p1a: Registeel|246/262 slp\n|-damage|p2a: Trevenant|0 fnt|[from] recoil\n|faint|p2a: Trevenant\n|\n|win|jokaire\n", "inputlog": ">version a8376a258c1d4662feba110a92103f3664a72141\n>start {\"formatid\":\"gen9randombattle\",\"seed\":\"sodium,c8e92aa96f0ee2c8e32feafe0c3655a0\",\"rated\":\"Rated battle\"}\n>player p1 {\"name\":\"jokaire\",\"avatar\":\"clown\",\"rating\":1924,\"seed\":\"sodium,de0c0c1983908095427e82a3852e6f4f\"}\n>player p2 {\"name\":\"WhatEver2102\",\"avatar\":\"juan\",\"rating\":1977,\"seed\":\"sodium,65f8c9c9eda2384276871ead78a3987b\"}\n>p1 switch 4\n>p2 move knockoff\n>p1 move earthquake\n>p2 move knockoff\n>p1 switch 5\n>p1 move irondefense\n>p2 switch 3\n>p1 move irondefense\n>p2 move poltergeist\n>p1 move irondefense\n>p2 move poltergeist\n>p1 move ironhead\n>p2 move drainpunch\n>p1 move ironhead\n>p2 move drainpunch\n>p1 move ironhead\n>p2 move drainpunch\n>p1 move ironhead\n>p2 move drainpunch\n>p1 move ironhead\n>p2 move drainpunch\n>p1 move ironhead\n>p2 move drainpunch\n>p1 move ironhead\n>p2 switch 4\n>p1 move rest\n>p2 move machpunch\n>p1 move ironhead\n>p2 move spore\n>p1 move bodypress\n>p2 switch 5\n>p1 move bodypress\n>p2 move swordsdance\n>p1 move bodypress\n>p2 move swordsdance\n>p1 move bodypress\n>p2 move closecombat terastallize\n>p2 switch 5\n>p1 move bodypress\n>p2 move spore\n>p1 move bodypress\n>p2 move bulletseed\n>p2 switch 3\n>p1 move rest\n>p2 move earthquake\n>p1 move bodypress\n>p2 move earthquake\n>p1 move bodypress\n>p2 move earthquake\n>p1 move bodypress\n>p2 move earthquake\n>p2 switch 2\n>p1 move bodypress\n>p2 move uturn\n>p2 switch 4\n>p1 move ironhead\n>p2 move drainpunch\n>p1 move ironhead\n>p2 move drainpunch\n>p1 move rest\n>p2 move drainpunch\n>p1 move ironhead\n>p2 switch 6\n>p1 move bodypress\n>p2 move voltswitch\n>p2 switch 6\n>p1 move ironhead\n>p2 move poltergeist\n>p1 move ironhead\n>p2 move drainpunch\n>p1 move ironhead\n>p2 move drainpunch\n>p1 move ironhead\n>p2 move drainpunch\n>p1 move ironhead\n>p2 move drainpunch\n>p1 move ironhead\n>p2 move drainpunch\n>p1 move ironhead\n>p2 move drainpunch\n>p1 move rest\n>p2 move drainpunch\n>p1 move ironhead\n>p2 switch 6\n>p1 move bodypress\n>p2 move drainpunch\n>p1 move ironhead\n>p2 move drainpunch\n>p1 move bodypress\n>p2 move drainpunch\n>p1 move bodypress\n>p2 move drainpunch\n>p2 switch 4\n>p1 move bodypress\n>p2 move knockoff\n>p2 switch 6\n>p1 move ironhead\n>p2 move poltergeist\n>p1 move ironhead\n>p2 move poltergeist\n>p1 move ironhead\n>p2 move protect\n>p1 move ironhead\n>p2 move toxic\n>p1 move ironhead\n>p2 move protect\n>p1 move ironhead\n>p2 move toxic\n>p1 move ironhead\n>p2 move protect\n>p1 move irondefense\n>p2 move toxic\n>p1 move irondefense\n>p2 move toxic\n>p1 move irondefense\n>p2 move toxic\n>p1 move irondefense\n>p2 move protect\n>p1 move irondefense\n>p2 move poltergeist\n>p1 move irondefense\n>p2 move toxic\n>p1 move irondefense\n>p2 move toxic\n>p1 move irondefense\n>p2 move toxic\n>p1 move irondefense\n>p2 move protect\n>p1 move irondefense\n>p2 move toxic\n>p1 move irondefense\n>p2 move toxic\n>p1 move irondefense\n>p2 move protect\n>p1 move irondefense\n>p2 move toxic\n>p1 move irondefense\n>p2 move toxic\n>p1 move irondefense\n>p2 move protect\n>p1 move irondefense\n>p2 move toxic\n>p1 move irondefense\n>p2 move protect\n>p1 move irondefense\n>p2 move toxic\n>p1 move irondefense\n>p2 move toxic\n>p1 move irondefense\n>p2 move toxic\n>p1 move irondefense\n>p2 move protect\n>p1 move bodypress\n>p2 move protect\n>p1 move bodypress\n>p2 move poltergeist\n>p1 move bodypress\n>p2 move protect\n>p1 move bodypress\n>p2 move poltergeist\n>p1 move bodypress\n>p2 move protect\n>p1 move bodypress terastallize\n>p2 move protect\n>p1 move bodypress\n>p2 move protect\n>p1 move rest\n>p2 move protect\n>p1 move rest\n>p2 move protect\n>p1 move rest\n>p2 move struggle\n>p1 move rest\n>p2 move struggle\n>p1 move rest\n>p2 move struggle\n>p1 move rest\n>p2 move struggle", "uploadtime": 1781463254, "views": 4, "formatid": "gen9randombattle", "rating": null, "private": 0, "password": null, "player_dets": [{"name": "jokaire", "avatar": "clown", "rating": 1924, "seed": "sodium,de0c0c1983908095427e82a3852e6f4f"}, {"name": "WhatEver2102", "avatar": "juan", "rating": 1977, "seed": "sodium,65f8c9c9eda2384276871ead78a3987b"}], "teams_full": [{"Sinistcha": {"name": "Sinistcha", "species": "Sinistcha-Masterpiece", "speciesId": "sinistcha", "gender": "N", "shiny": false, "level": 83, "moves": ["matchagotcha", "calmmind", "strengthsap", "shadowball"], "ability": "Heatproof", "evs": {"hp": 85, "atk": 0, "def": 85, "spa": 85, "spd": 85, "spe": 85}, "ivs": {"hp": 31, "atk": 0, "def": 31, "spa": 31, "spd": 31, "spe": 31}, "item": "Leftovers", "teraType": "Steel", "role": "Bulky Setup", "bvs": {"hp": 71, "atk": 60, "def": 106, "spa": 121, "spd": 80, "spe": 70}, "stats": {"hp": 254, "atk": 104, "def": 224, "spa": 249, "spd": 180, "spe": 164}}, "Jolteon": {"name": "Jolteon", "species": "Jolteon", "speciesId": "jolteon", "gender": "M", "shiny": false, "level": 84, "moves": ["substitute", "thunderbolt", "terablast", "calmmind"], "ability": "Volt Absorb", "evs": {"hp": 85, "atk": 0, "def": 85, "spa": 85, "spd": 85, "spe": 85}, "ivs": {"hp": 31, "atk": 0, "def": 31, "spa": 31, "spd": 31, "spe": 31}, "item": "Leftovers", "teraType": "Ice", "role": "Tera Blast user", "bvs": {"hp": 65, "atk": 65, "def": 60, "spa": 110, "spd": 95, "spe": 130}, "stats": {"hp": 246, "atk": 114, "def": 149, "spa": 233, "spd": 208, "spe": 267}}, "Suicune": {"name": "Suicune", "species": "Suicune", "speciesId": "suicune", "gender": "N", "shiny": false, "level": 82, "moves": ["calmmind", "rest", "sleeptalk", "scald"], "ability": "Pressure", "evs": {"hp": 85, "atk": 0, "def": 85, "spa": 85, "spd": 85, "spe": 85}, "ivs": {"hp": 31, "atk": 0, "def": 31, "spa": 31, "spd": 31, "spe": 31}, "item": "Leftovers", "teraType": "Dragon", "role": "Bulky Attacker", "bvs": {"hp": 100, "atk": 75, "def": 115, "spa": 90, "spd": 115, "spe": 85}, "stats": {"hp": 298, "atk": 127, "def": 236, "spa": 195, "spd": 236, "spe": 187}}, "Mudsdale": {"name": "Mudsdale", "species": "Mudsdale", "speciesId": "mudsdale", "gender": "F", "shiny": false, "level": 83, "moves": ["roar", "heavyslam", "stoneedge", "earthquake"], "ability": "Stamina", "evs": {"hp": 85, "atk": 85, "def": 85, "spa": 85, "spd": 85, "spe": 85}, "ivs": {"hp": 31, "atk": 31, "def": 31, "spa": 31, "spd": 31, "spe": 31}, "item": "Leftovers", "teraType": "Steel", "role": "Bulky Attacker", "bvs": {"hp": 100, "atk": 125, "def": 100, "spa": 55, "spd": 85, "spe": 35}, "stats": {"hp": 302, "atk": 255, "def": 214, "spa": 139, "spd": 189, "spe": 106}}, "Registeel": {"name": "Registeel", "species": "Registeel", "speciesId": "registeel", "gender": "N", "shiny": false, "level": 81, "moves": ["rest", "bodypress", "ironhead", "irondefense"], "ability": "Clear Body", "evs": {"hp": 85, "atk": 85, "def": 85, "spa": 85, "spd": 85, "spe": 85}, "ivs": {"hp": 31, "atk": 31, "def": 31, "spa": 31, "spd": 31, "spe": 31}, "item": "Chesto Berry", "teraType": "Fighting", "role": "Bulky Setup", "bvs": {"hp": 80, "atk": 75, "def": 150, "spa": 75, "spd": 150, "spe": 50}, "stats": {"hp": 262, "atk": 168, "def": 290, "spa": 168, "spd": 290, "spe": 128}}, "Slaking": {"name": "Slaking", "species": "Slaking", "speciesId": "slaking", "gender": "F", "shiny": false, "level": 84, "moves": ["gigaimpact", "doubleedge", "knockoff", "earthquake"], "ability": "Truant", "evs": {"hp": 85, "atk": 85, "def": 85, "spa": 85, "spd": 85, "spe": 85}, "ivs": {"hp": 31, "atk": 31, "def": 31, "spa": 31, "spd": 31, "spe": 31}, "item": "Choice Band", "teraType": "Ground", "role": "Wallbreaker", "bvs": {"hp": 150, "atk": 160, "def": 100, "spa": 95, "spd": 65, "spe": 100}, "stats": {"hp": 389, "atk": 317, "def": 216, "spa": 208, "spd": 157, "spe": 216}}}, {"Gumshoos": {"name": "Gumshoos", "species": "Gumshoos", "speciesId": "gumshoos", "gender": "M", "shiny": false, "level": 95, "moves": ["doubleedge", "earthquake", "uturn", "knockoff"], "ability": "Stakeout", "evs": {"hp": 85, "atk": 85, "def": 85, "spa": 85, "spd": 85, "spe": 85}, "ivs": {"hp": 31, "atk": 31, "def": 31, "spa": 31, "spd": 31, "spe": 31}, "item": "Choice Band", "teraType": "Normal", "role": "Wallbreaker", "bvs": {"hp": 88, "atk": 110, "def": 60, "spa": 55, "spd": 60, "spe": 45}, "stats": {"hp": 321, "atk": 263, "def": 168, "spa": 158, "spd": 168, "spe": 139}}, "Komala": {"name": "Komala", "species": "Komala", "speciesId": "komala", "gender": "M", "shiny": false, "level": 88, "moves": ["bodyslam", "rapidspin", "uturn", "knockoff"], "ability": "Comatose", "evs": {"hp": 85, "atk": 85, "def": 85, "spa": 85, "spd": 85, "spe": 85}, "ivs": {"hp": 31, "atk": 31, "def": 31, "spa": 31, "spd": 31, "spe": 31}, "item": "Assault Vest", "teraType": "Ghost", "role": "Bulky Support", "bvs": {"hp": 65, "atk": 115, "def": 65, "spa": 75, "spd": 95, "spe": 65}, "stats": {"hp": 258, "atk": 253, "def": 165, "spa": 182, "spd": 217, "spe": 165}}, "Trevenant": {"name": "Trevenant", "species": "Trevenant", "speciesId": "trevenant", "gender": "M", "shiny": false, "level": 89, "moves": ["toxic", "protect", "drainpunch", "poltergeist"], "ability": "Harvest", "evs": {"hp": 85, "atk": 85, "def": 85, "spa": 85, "spd": 85, "spe": 85}, "ivs": {"hp": 31, "atk": 31, "def": 31, "spa": 31, "spd": 31, "spe": 31}, "item": "Sitrus Berry", "teraType": "Fighting", "role": "Bulky Support", "bvs": {"hp": 85, "atk": 110, "def": 76, "spa": 65, "spd": 82, "spe": 56}, "stats": {"hp": 296, "atk": 247, "def": 186, "spa": 166, "spd": 197, "spe": 150}}, "Breloom": {"name": "Breloom", "species": "Breloom", "speciesId": "breloom", "gender": "F", "shiny": false, "level": 83, "moves": ["bulletseed", "spore", "rocktomb", "machpunch"], "ability": "Technician", "evs": {"hp": 85, "atk": 85, "def": 85, "spa": 85, "spd": 85, "spe": 85}, "ivs": {"hp": 31, "atk": 31, "def": 31, "spa": 31, "spd": 31, "spe": 31}, "item": "Life Orb", "teraType": "Rock", "role": "Fast Attacker", "bvs": {"hp": 60, "atk": 130, "def": 80, "spa": 60, "spd": 60, "spe": 70}, "stats": {"hp": 235, "atk": 263, "def": 180, "spa": 147, "spd": 147, "spe": 164}}, "Scyther": {"name": "Scyther", "species": "Scyther", "speciesId": "scyther", "gender": "M", "shiny": false, "level": 82, "moves": ["closecombat", "swordsdance", "bugbite", "dualwingbeat"], "ability": "Technician", "evs": {"hp": 85, "atk": 85, "def": 85, "spa": 85, "spd": 85, "spe": 85}, "ivs": {"hp": 31, "atk": 31, "def": 31, "spa": 31, "spd": 31, "spe": 31}, "item": "Heavy-Duty Boots", "teraType": "Fighting", "role": "Setup Sweeper", "bvs": {"hp": 70, "atk": 110, "def": 80, "spa": 55, "spd": 80, "spe": 105}, "stats": {"hp": 249, "atk": 228, "def": 178, "spa": 137, "spd": 178, "spe": 219}}, "Iron Hands": {"name": "Iron Hands", "species": "Iron Hands", "speciesId": "ironhands", "gender": "N", "shiny": false, "level": 79, "moves": ["drainpunch", "fakeout", "thunderpunch", "voltswitch"], "ability": "Quark Drive", "evs": {"hp": 85, "atk": 85, "def": 85, "spa": 85, "spd": 85, "spe": 85}, "ivs": {"hp": 31, "atk": 31, "def": 31, "spa": 31, "spd": 31, "spe": 31}, "item": "Assault Vest", "teraType": "Electric", "role": "AV Pivot", "bvs": {"hp": 154, "atk": 140, "def": 108, "spa": 50, "spd": 68, "spe": 50}, "stats": {"hp": 373, "atk": 267, "def": 216, "spa": 125, "spd": 153, "spe": 125}}}]}