{"id": "gen9randombattle-2631814935", "format": "[Gen 9] Random Battle", "players": ["hydrologue", "AmygdalanResponse"], "log": "|j|\u2606hydrologue\n|j|\u2606AmygdalanResponse\n|t:|1781443594\n|gametype|singles\n|player|p1|hydrologue|169|1611\n|player|p2|AmygdalanResponse|marshal|1596\n|gen|9\n|tier|[Gen 9] Random Battle\n|rated|\n|rule|Species Clause: Limit one of each Pok\u00e9mon\n|rule|HP Percentage Mod: HP is shown in percentages\n|rule|Sleep Clause Mod: Limit one foe put to sleep\n|rule|Illusion Level Mod: Illusion disguises the Pok\u00e9mon's true level\n|\n|t:|1781443594\n|teamsize|p1|6\n|teamsize|p2|6\n|start\n|switch|p1a: Greedent|Greedent, L86, M|347/347\n|switch|p2a: Vivillon|Vivillon-Marine, L83, M|268/268\n|turn|1\n|inactive|Battle timer is ON: inactive players will automatically lose when time's up. (requested by hydrologue)\n|\n|t:|1781443609\n|move|p2a: Vivillon|Sleep Powder|p1a: Greedent\n|-status|p1a: Greedent|slp|[from] move: Sleep Powder\n|cant|p1a: Greedent|slp\n|\n|upkeep\n|turn|2\n|\n|t:|1781443615\n|move|p2a: Vivillon|Quiver Dance|p2a: Vivillon\n|-boost|p2a: Vivillon|spa|1\n|-boost|p2a: Vivillon|spd|1\n|-boost|p2a: Vivillon|spe|1\n|-curestatus|p1a: Greedent|slp|[msg]\n|move|p1a: Greedent|Double-Edge|p2a: Vivillon\n|-damage|p2a: Vivillon|67/268\n|-damage|p1a: Greedent|281/347|[from] Recoil\n|\n|upkeep\n|turn|3\n|\n|t:|1781443628\n|switch|p1a: Ting-Lu|Ting-Lu, L78|370/370\n|-ability|p1a: Ting-Lu|Vessel of Ruin\n|move|p2a: Vivillon|Sleep Powder|p1a: Ting-Lu\n|-status|p1a: Ting-Lu|slp|[from] move: Sleep Powder\n|\n|upkeep\n|turn|4\n|\n|t:|1781443632\n|switch|p1a: Greedent|Greedent, L86, M|281/347\n|move|p2a: Vivillon|Hurricane|p1a: Greedent\n|-damage|p1a: Greedent|104/347\n|-start|p1a: Greedent|confusion\n|-enditem|p1a: Greedent|Sitrus Berry|[eat]\n|-heal|p1a: Greedent|190/347|[from] item: Sitrus Berry\n|-heal|p1a: Greedent|305/347|[from] ability: Cheek Pouch\n|\n|upkeep\n|turn|5\n|\n|t:|1781443636\n|move|p2a: Vivillon|Hurricane|p1a: Greedent\n|-damage|p1a: Greedent|121/347\n|-activate|p1a: Greedent|confusion\n|-damage|p1a: Greedent|92/347|[from] confusion\n|\n|upkeep\n|turn|6\n|\n|t:|1781443656\n|move|p2a: Vivillon|Hurricane|p1a: Greedent\n|-damage|p1a: Greedent|0 fnt\n|faint|p1a: Greedent\n|\n|upkeep\n|\n|t:|1781443662\n|switch|p1a: Armarouge|Armarouge, L80, F|267/267\n|turn|7\n|\n|t:|1781443679\n|move|p2a: Vivillon|Hurricane|p1a: Armarouge\n|-damage|p1a: Armarouge|80/267\n|move|p1a: Armarouge|Psyshock|p2a: Vivillon\n|-damage|p2a: Vivillon|0 fnt\n|faint|p2a: Vivillon\n|\n|upkeep\n|inactive|AmygdalanResponse has 120 seconds left.\n|\n|t:|1781443700\n|switch|p2a: Mabosstiff|Mabosstiff, L86, M|278/278\n|turn|8\n|\n|t:|1781443716\n|switch|p1a: Toxicroak|Toxicroak, L84, M|277/277\n|move|p2a: Mabosstiff|Crunch|p1a: Toxicroak\n|-resisted|p1a: Toxicroak\n|-crit|p1a: Toxicroak\n|-damage|p1a: Toxicroak|76/277\n|\n|upkeep\n|turn|9\n|inactive|AmygdalanResponse has 120 seconds left.\n|\n|t:|1781443744\n|move|p2a: Mabosstiff|Crunch|p1a: Toxicroak\n|-resisted|p1a: Toxicroak\n|-damage|p1a: Toxicroak|12/277\n|move|p1a: Toxicroak|Close Combat|p2a: Mabosstiff\n|-supereffective|p2a: Mabosstiff\n|-damage|p2a: Mabosstiff|0 fnt\n|-unboost|p1a: Toxicroak|def|1\n|-unboost|p1a: Toxicroak|spd|1\n|faint|p2a: Mabosstiff\n|-damage|p1a: Toxicroak|0 fnt|[from] item: Life Orb\n|faint|p1a: Toxicroak\n|\n|upkeep\n|\n|t:|1781443761\n|switch|p2a: Fezandipiti|Fezandipiti, L82, M|278/278\n|switch|p1a: Armarouge|Armarouge, L80, F|80/267\n|turn|10\n|\n|t:|1781443768\n|switch|p1a: Ting-Lu|Ting-Lu, L78|370/370 slp\n|-ability|p1a: Ting-Lu|Vessel of Ruin\n|move|p2a: Fezandipiti|Beat Up|p1a: Ting-Lu\n|-resisted|p1a: Ting-Lu\n|-damage|p1a: Ting-Lu|366/370 slp\n|-resisted|p1a: Ting-Lu\n|-damage|p1a: Ting-Lu|362/370 slp\n|-resisted|p1a: Ting-Lu\n|-damage|p1a: Ting-Lu|359/370 slp\n|-resisted|p1a: Ting-Lu\n|-damage|p1a: Ting-Lu|355/370 slp\n|-hitcount|p1a: Ting-Lu|4\n|\n|-heal|p1a: Ting-Lu|370/370 slp|[from] item: Leftovers\n|upkeep\n|turn|11\n|inactive|AmygdalanResponse has 120 seconds left.\n|\n|t:|1781443776\n|switch|p2a: Dipplin|Dipplin, L88, M|284/284\n|cant|p1a: Ting-Lu|slp\n|\n|upkeep\n|turn|12\n|\n|t:|1781443779\n|move|p2a: Dipplin|Giga Drain|p1a: Ting-Lu\n|-supereffective|p1a: Ting-Lu\n|-damage|p1a: Ting-Lu|232/370 slp\n|-curestatus|p1a: Ting-Lu|slp|[msg]\n|move|p1a: Ting-Lu|Stealth Rock|p2a: Dipplin\n|-sidestart|p2: AmygdalanResponse|move: Stealth Rock\n|\n|-heal|p1a: Ting-Lu|255/370|[from] item: Leftovers\n|upkeep\n|turn|13\n|\n|t:|1781443783\n|switch|p1a: Amoonguss|Amoonguss, L82, M|321/321\n|move|p2a: Dipplin|Giga Drain|p1a: Amoonguss\n|-resisted|p1a: Amoonguss\n|-damage|p1a: Amoonguss|296/321\n|\n|upkeep\n|turn|14\n|\n|t:|1781443798\n|switch|p2a: Fezandipiti|Fezandipiti, L82, M|278/278\n|-damage|p2a: Fezandipiti|244/278|[from] Stealth Rock\n|move|p1a: Amoonguss|Sludge Bomb|p2a: Fezandipiti\n|-damage|p2a: Fezandipiti|184/278\n|\n|-heal|p2a: Fezandipiti|201/278|[from] item: Leftovers\n|upkeep\n|turn|15\n|\n|t:|1781443803\n|move|p2a: Fezandipiti|Gunk Shot|p1a: Amoonguss\n|-damage|p1a: Amoonguss|146/321\n|move|p1a: Amoonguss|Spore|p2a: Fezandipiti\n|-status|p2a: Fezandipiti|slp|[from] move: Spore\n|\n|-heal|p2a: Fezandipiti|218/278 slp|[from] item: Leftovers\n|upkeep\n|turn|16\n|\n|t:|1781443817\n|switch|p1a: Armarouge|Armarouge, L80, F|80/267\n|cant|p2a: Fezandipiti|slp\n|\n|-heal|p2a: Fezandipiti|235/278 slp|[from] item: Leftovers\n|upkeep\n|turn|17\n|\n|t:|1781443820\n|-curestatus|p2a: Fezandipiti|slp|[msg]\n|move|p2a: Fezandipiti|Beat Up|p1a: Armarouge\n|-supereffective|p1a: Armarouge\n|-damage|p1a: Armarouge|60/267\n|-ability|p1a: Armarouge|Weak Armor|boost\n|-unboost|p1a: Armarouge|def|1\n|-boost|p1a: Armarouge|spe|2\n|-supereffective|p1a: Armarouge\n|-crit|p1a: Armarouge\n|-damage|p1a: Armarouge|18/267\n|-ability|p1a: Armarouge|Weak Armor|boost\n|-unboost|p1a: Armarouge|def|1\n|-boost|p1a: Armarouge|spe|2\n|-status|p1a: Armarouge|tox|[from] ability: Toxic Chain|[of] p2a: Fezandipiti\n|-supereffective|p1a: Armarouge\n|-crit|p1a: Armarouge\n|-damage|p1a: Armarouge|0 fnt\n|faint|p1a: Armarouge\n|-hitcount|p1: Armarouge|3\n|\n|-heal|p2a: Fezandipiti|252/278|[from] item: Leftovers\n|upkeep\n|\n|t:|1781443827\n|switch|p1a: Terapagos|Terapagos, L77, F|265/265\n|-activate|p1a: Terapagos|ability: Tera Shift\n|detailschange|p1a: Terapagos|Terapagos-Terastal, L77, F\n|-heal|p1a: Terapagos|273/273|[silent]\n|turn|18\n|inactive|AmygdalanResponse has 120 seconds left.\n|\n|t:|1781443869\n|move|p2a: Fezandipiti|Beat Up|p1a: Terapagos\n|-activate|p1a: Terapagos|ability: Tera Shell\n|-resisted|p1a: Terapagos\n|-damage|p1a: Terapagos|269/273\n|-status|p1a: Terapagos|tox|[from] ability: Toxic Chain|[of] p2a: Fezandipiti\n|-resisted|p1a: Terapagos\n|-damage|p1a: Terapagos|264/273 tox\n|-resisted|p1a: Terapagos\n|-damage|p1a: Terapagos|260/273 tox\n|-resisted|p1a: Terapagos\n|-damage|p1a: Terapagos|256/273 tox\n|-hitcount|p1a: Terapagos|4\n|move|p1a: Terapagos|Earth Power|p2a: Fezandipiti\n|-supereffective|p2a: Fezandipiti\n|-damage|p2a: Fezandipiti|166/278\n|\n|-heal|p2a: Fezandipiti|183/278|[from] item: Leftovers\n|-damage|p1a: Terapagos|239/273 tox|[from] psn\n|upkeep\n|turn|19\n|\n|t:|1781443885\n|move|p2a: Fezandipiti|Gunk Shot|p1a: Terapagos\n|-crit|p1a: Terapagos\n|-damage|p1a: Terapagos|80/273 tox\n|move|p1a: Terapagos|Calm Mind|p1a: Terapagos\n|-boost|p1a: Terapagos|spa|1\n|-boost|p1a: Terapagos|spd|1\n|\n|-heal|p2a: Fezandipiti|200/278|[from] item: Leftovers\n|-damage|p1a: Terapagos|46/273 tox|[from] psn\n|upkeep\n|turn|20\n|inactive|AmygdalanResponse has 120 seconds left.\n|inactive|AmygdalanResponse has 90 seconds left.\n|\n|t:|1781443931\n|move|p2a: Fezandipiti|Roost|p2a: Fezandipiti\n|-heal|p2a: Fezandipiti|278/278\n|-singleturn|p2a: Fezandipiti|move: Roost\n|move|p1a: Terapagos|Rest|p1a: Terapagos\n|-status|p1a: Terapagos|slp|[from] move: Rest\n|-heal|p1a: Terapagos|273/273 slp|[silent]\n|-enditem|p1a: Terapagos|Chesto Berry|[eat]\n|-curestatus|p1a: Terapagos|slp|[msg]\n|\n|upkeep\n|turn|21\n|\n|t:|1781443939\n|move|p2a: Fezandipiti|Beat Up|p1a: Terapagos\n|-activate|p1a: Terapagos|ability: Tera Shell\n|-resisted|p1a: Terapagos\n|-damage|p1a: Terapagos|269/273\n|-resisted|p1a: Terapagos\n|-damage|p1a: Terapagos|264/273\n|-resisted|p1a: Terapagos\n|-damage|p1a: Terapagos|260/273\n|-status|p1a: Terapagos|tox|[from] ability: Toxic Chain|[of] p2a: Fezandipiti\n|-resisted|p1a: Terapagos\n|-damage|p1a: Terapagos|256/273 tox\n|-hitcount|p1a: Terapagos|4\n|move|p1a: Terapagos|Calm Mind|p1a: Terapagos\n|-boost|p1a: Terapagos|spa|1\n|-boost|p1a: Terapagos|spd|1\n|\n|-damage|p1a: Terapagos|239/273 tox|[from] psn\n|upkeep\n|turn|22\n|\n|t:|1781443955\n|-terastallize|p1a: Terapagos|Stellar\n|detailschange|p1a: Terapagos|Terapagos-Stellar, L77, F, tera:Stellar\n|-heal|p1a: Terapagos|339/373 tox|[silent]\n|move|p2a: Fezandipiti|Gunk Shot|p1a: Terapagos\n|-damage|p1a: Terapagos|227/373 tox\n|move|p1a: Terapagos|Tera Starstorm|p2a: Fezandipiti\n|-damage|p2a: Fezandipiti|106/278\n|\n|-heal|p2a: Fezandipiti|123/278|[from] item: Leftovers\n|-damage|p1a: Terapagos|181/373 tox|[from] psn\n|upkeep\n|turn|23\n|inactive|AmygdalanResponse has 90 seconds left.\n|inactive|AmygdalanResponse has 60 seconds left.\n|\n|t:|1781444023\n|move|p2a: Fezandipiti|Gunk Shot|p1a: Terapagos|[miss]\n|-miss|p2a: Fezandipiti|p1a: Terapagos\n|move|p1a: Terapagos|Earth Power|p2a: Fezandipiti\n|-supereffective|p2a: Fezandipiti\n|-damage|p2a: Fezandipiti|0 fnt\n|faint|p2a: Fezandipiti\n|\n|-damage|p1a: Terapagos|112/373 tox|[from] psn\n|upkeep\n|\n|t:|1781444032\n|switch|p2a: Hypno|Hypno, L95, M|315/315\n|-damage|p2a: Hypno|276/315|[from] Stealth Rock\n|turn|24\n|\n|t:|1781444039\n|move|p2a: Hypno|Psychic Noise|p1a: Terapagos\n|-damage|p1a: Terapagos|75/373 tox\n|-start|p1a: Terapagos|move: Heal Block\n|move|p1a: Terapagos|Tera Starstorm|p2a: Hypno\n|-damage|p2a: Hypno|120/315\n|\n|-heal|p2a: Hypno|139/315|[from] item: Leftovers\n|-damage|p1a: Terapagos|0 fnt|[from] psn\n|faint|p1a: Terapagos\n|detailschange|p1: Terapagos|Terapagos, L77, F|[silent]\n|upkeep\n|\n|t:|1781444044\n|switch|p1a: Ting-Lu|Ting-Lu, L78|255/370\n|-ability|p1a: Ting-Lu|Vessel of Ruin\n|turn|25\n|\n|t:|1781444050\n|switch|p2a: Dipplin|Dipplin, L88, M|284/284\n|-damage|p2a: Dipplin|249/284|[from] Stealth Rock\n|move|p1a: Ting-Lu|Throat Chop|p2a: Dipplin\n|-damage|p2a: Dipplin|206/284\n|-start|p2a: Dipplin|Throat Chop|[silent]\n|\n|-heal|p1a: Ting-Lu|278/370|[from] item: Leftovers\n|upkeep\n|turn|26\n|\n|t:|1781444056\n|switch|p1a: Amoonguss|Amoonguss, L82, M|253/321\n|move|p2a: Dipplin|Dragon Pulse|p1a: Amoonguss\n|-damage|p1a: Amoonguss|136/321\n|\n|-end|p2a: Dipplin|Throat Chop|[silent]\n|upkeep\n|turn|27\n|\n|t:|1781444060\n|move|p2a: Dipplin|Dragon Pulse|p1a: Amoonguss\n|-damage|p1a: Amoonguss|37/321\n|move|p1a: Amoonguss|Sludge Bomb|p2a: Dipplin\n|-supereffective|p2a: Dipplin\n|-damage|p2a: Dipplin|90/284\n|\n|upkeep\n|turn|28\n|\n|t:|1781444074\n|switch|p1a: Ting-Lu|Ting-Lu, L78|278/370\n|-ability|p1a: Ting-Lu|Vessel of Ruin\n|move|p2a: Dipplin|Dragon Pulse|p1a: Ting-Lu\n|-damage|p1a: Ting-Lu|194/370\n|\n|-heal|p1a: Ting-Lu|217/370|[from] item: Leftovers\n|upkeep\n|turn|29\n|\n|t:|1781444081\n|switch|p1a: Amoonguss|Amoonguss, L82, M|144/321\n|move|p2a: Dipplin|Recover|p2a: Dipplin\n|-heal|p2a: Dipplin|232/284\n|\n|upkeep\n|turn|30\n|\n|t:|1781444088\n|switch|p1a: Ting-Lu|Ting-Lu, L78|217/370\n|-ability|p1a: Ting-Lu|Vessel of Ruin\n|move|p2a: Dipplin|Giga Drain|p1a: Ting-Lu\n|-supereffective|p1a: Ting-Lu\n|-damage|p1a: Ting-Lu|53/370\n|-heal|p2a: Dipplin|284/284|[from] drain|[of] p1a: Ting-Lu\n|\n|-heal|p1a: Ting-Lu|76/370|[from] item: Leftovers\n|upkeep\n|turn|31\n|\n|t:|1781444096\n|move|p2a: Dipplin|Dragon Pulse|p1a: Ting-Lu\n|-damage|p1a: Ting-Lu|0 fnt\n|faint|p1a: Ting-Lu\n|\n|upkeep\n|\n|t:|1781444098\n|switch|p1a: Amoonguss|Amoonguss, L82, M|251/321\n|turn|32\n|\n|t:|1781444101\n|move|p2a: Dipplin|Dragon Pulse|p1a: Amoonguss\n|-damage|p1a: Amoonguss|134/321\n|move|p1a: Amoonguss|Sludge Bomb|p2a: Dipplin\n|-supereffective|p2a: Dipplin\n|-damage|p2a: Dipplin|176/284\n|\n|upkeep\n|turn|33\n|\n|t:|1781444103\n|move|p2a: Dipplin|Dragon Pulse|p1a: Amoonguss\n|-damage|p1a: Amoonguss|28/321\n|move|p1a: Amoonguss|Sludge Bomb|p2a: Dipplin\n|-supereffective|p2a: Dipplin\n|-damage|p2a: Dipplin|56/284\n|-status|p2a: Dipplin|psn\n|\n|-damage|p2a: Dipplin|21/284 psn|[from] psn\n|upkeep\n|turn|34\n|\n|t:|1781444106\n|move|p2a: Dipplin|Dragon Pulse|p1a: Amoonguss\n|-damage|p1a: Amoonguss|0 fnt\n|faint|p1a: Amoonguss\n|\n|win|AmygdalanResponse\n|raw|hydrologue's rating: 1611 &rarr; <strong>1591</strong><br />(-20 for losing)\n|raw|AmygdalanResponse's rating: 1613 &rarr; <strong>1633</strong><br />(+20 for winning)\n|l|\u2606hydrologue\n|player|p1|\n", "uploadtime": 1781444114, "views": 2, "formatid": "gen9randombattle", "rating": 1591, "private": 0, "password": null}