{"id": "gen9randombattle-2631966867", "format": "[Gen 9] Random Battle", "players": ["ChadInteleonUser", "skippyjonez"], "log": "|j|\u2606ChadInteleonUser\n|j|\u2606skippyjonez\n|t:|1781460835\n|gametype|singles\n|player|p1|ChadInteleonUser|wallace|2266\n|player|p2|skippyjonez|cameraman|2169\n|gen|9\n|tier|[Gen 9] Random Battle\n|rated|\n|rule|Species Clause: Limit one of each Pok\u00e9mon\n|rule|HP Percentage Mod: HP is shown in percentages\n|rule|Sleep Clause Mod: Limit one foe put to sleep\n|rule|Illusion Level Mod: Illusion disguises the Pok\u00e9mon's true level\n|\n|t:|1781460835\n|teamsize|p1|6\n|teamsize|p2|6\n|start\n|switch|p1a: Mabosstiff|Mabosstiff, L86, M|278/278\n|switch|p2a: Hariyama|Hariyama, L87, M|392/392\n|turn|1\n|inactive|Battle timer is ON: inactive players will automatically lose when time's up. (requested by ChadInteleonUser)\n|\n|t:|1781460857\n|move|p2a: Hariyama|Fake Out|p1a: Mabosstiff\n|-damage|p1a: Mabosstiff|246/278\n|cant|p1a: Mabosstiff|flinch\n|\n|-status|p2a: Hariyama|brn|[from] item: Flame Orb\n|upkeep\n|turn|2\n|\n|t:|1781460869\n|switch|p1a: Tentacruel|Tentacruel, L84, M|272/272\n|move|p2a: Hariyama|Close Combat|p1a: Tentacruel\n|-resisted|p1a: Tentacruel\n|-crit|p1a: Tentacruel\n|-damage|p1a: Tentacruel|31/272\n|-unboost|p2a: Hariyama|def|1\n|-unboost|p2a: Hariyama|spd|1\n|\n|-heal|p1a: Tentacruel|48/272|[from] item: Leftovers\n|-damage|p2a: Hariyama|368/392 brn|[from] brn\n|upkeep\n|turn|3\n|\n|t:|1781460875\n|move|p1a: Tentacruel|Surf|p2a: Hariyama\n|-damage|p2a: Hariyama|218/392 brn\n|move|p2a: Hariyama|Knock Off|p1a: Tentacruel\n|-damage|p1a: Tentacruel|0 fnt\n|-enditem|p1a: Tentacruel|Leftovers|[from] move: Knock Off|[of] p2a: Hariyama\n|faint|p1a: Tentacruel\n|\n|-damage|p2a: Hariyama|194/392 brn|[from] brn\n|upkeep\n|\n|t:|1781460878\n|switch|p1a: Mabosstiff|Mabosstiff, L86, M|246/278\n|turn|4\n|\n|t:|1781460883\n|move|p1a: Mabosstiff|Psychic Fangs|p2a: Hariyama\n|-supereffective|p2a: Hariyama\n|-damage|p2a: Hariyama|0 fnt\n|faint|p2a: Hariyama\n|\n|upkeep\n|\n|t:|1781460891\n|switch|p2a: Camerupt|Camerupt, L91, M|275/275\n|turn|5\n|\n|t:|1781460907\n|switch|p1a: Latios|Latios, L78, M|253/253\n|move|p2a: Camerupt|Stealth Rock|p1a: Latios\n|-sidestart|p1: ChadInteleonUser|move: Stealth Rock\n|\n|upkeep\n|turn|6\n|\n|t:|1781460920\n|switch|p2a: Sandslash|Sandslash-Alola, L88, F|275/275\n|move|p1a: Latios|Draco Meteor|p2a: Sandslash\n|-resisted|p2a: Sandslash\n|-damage|p2a: Sandslash|206/275\n|-unboost|p1a: Latios|spa|2\n|\n|upkeep\n|turn|7\n|\n|t:|1781460934\n|switch|p1a: Ursaring|Ursaring, L84, M|288/288\n|-damage|p1a: Ursaring|252/288|[from] Stealth Rock\n|move|p2a: Sandslash|Rapid Spin|p1a: Ursaring\n|-damage|p1a: Ursaring|222/288\n|-boost|p2a: Sandslash|spe|1\n|\n|upkeep\n|turn|8\n|\n|t:|1781460950\n|move|p2a: Sandslash|Iron Head|p1a: Ursaring\n|-damage|p1a: Ursaring|153/288\n|move|p1a: Ursaring|Earthquake|p2a: Sandslash\n|-supereffective|p2a: Sandslash\n|-damage|p2a: Sandslash|60/275\n|\n|upkeep\n|turn|9\n|\n|t:|1781460963\n|move|p2a: Sandslash|Triple Axel|p1a: Ursaring\n|-crit|p1a: Ursaring\n|-damage|p1a: Ursaring|126/288\n|-damage|p1a: Ursaring|90/288\n|-damage|p1a: Ursaring|32/288\n|-hitcount|p1a: Ursaring|3\n|move|p1a: Ursaring|Rest|p1a: Ursaring\n|-status|p1a: Ursaring|slp|[from] move: Rest\n|-heal|p1a: Ursaring|288/288 slp|[silent]\n|\n|upkeep\n|turn|10\n|\n|t:|1781460984\n|move|p2a: Sandslash|Iron Head|p1a: Ursaring\n|-damage|p1a: Ursaring|213/288 slp\n|cant|p1a: Ursaring|slp\n|cant|p1a: Ursaring|flinch\n|\n|upkeep\n|turn|11\n|\n|t:|1781460989\n|move|p2a: Sandslash|Iron Head|p1a: Ursaring\n|-damage|p1a: Ursaring|144/288 slp\n|cant|p1a: Ursaring|slp\n|move|p1a: Ursaring|Sleep Talk|p1a: Ursaring\n|move|p1a: Ursaring|Earthquake|p2a: Sandslash|[from] move: Sleep Talk\n|-supereffective|p2a: Sandslash\n|-damage|p2a: Sandslash|0 fnt\n|faint|p2a: Sandslash\n|\n|upkeep\n|\n|t:|1781460996\n|switch|p2a: Vileplume|Vileplume, L85, F|266/266\n|turn|12\n|\n|t:|1781461004\n|-curestatus|p1a: Ursaring|slp|[msg]\n|move|p1a: Ursaring|Body Slam|p2a: Vileplume\n|-damage|p2a: Vileplume|140/266\n|move|p2a: Vileplume|Leech Seed|p1a: Ursaring\n|-start|p1a: Ursaring|move: Leech Seed\n|\n|-heal|p2a: Vileplume|156/266|[from] item: Leftovers\n|-damage|p1a: Ursaring|108/288|[from] Leech Seed|[of] p2a: Vileplume\n|-heal|p2a: Vileplume|192/266|[silent]\n|upkeep\n|turn|13\n|\n|t:|1781461017\n|move|p1a: Ursaring|Rest|p1a: Ursaring\n|-status|p1a: Ursaring|slp|[from] move: Rest\n|-heal|p1a: Ursaring|288/288 slp|[silent]\n|move|p2a: Vileplume|Strength Sap|p1a: Ursaring\n|-unboost|p1a: Ursaring|atk|1\n|-heal|p2a: Vileplume|266/266\n|\n|-damage|p1a: Ursaring|252/288 slp|[from] Leech Seed|[of] p2a: Vileplume\n|upkeep\n|turn|14\n|\n|t:|1781461023\n|switch|p1a: Latios|Latios, L78, M|253/253\n|-damage|p1a: Latios|222/253|[from] Stealth Rock\n|move|p2a: Vileplume|Sludge Bomb|p1a: Latios\n|-damage|p1a: Latios|120/253\n|\n|upkeep\n|turn|15\n|\n|t:|1781461034\n|move|p1a: Latios|Recover|p1a: Latios\n|-heal|p1a: Latios|247/253\n|move|p2a: Vileplume|Sludge Bomb|p1a: Latios\n|-damage|p1a: Latios|153/253\n|\n|upkeep\n|turn|16\n|\n|t:|1781461038\n|move|p1a: Latios|Psyshock|p2a: Vileplume\n|-supereffective|p2a: Vileplume\n|-damage|p2a: Vileplume|18/266\n|move|p2a: Vileplume|Leech Seed|p1a: Latios|[miss]\n|-miss|p2a: Vileplume|p1a: Latios\n|\n|-heal|p2a: Vileplume|34/266|[from] item: Leftovers\n|upkeep\n|turn|17\n|\n|t:|1781461046\n|move|p1a: Latios|Psyshock|p2a: Vileplume\n|-supereffective|p2a: Vileplume\n|-damage|p2a: Vileplume|0 fnt\n|faint|p2a: Vileplume\n|\n|upkeep\n|\n|t:|1781461055\n|switch|p2a: Hitmontop|Hitmontop, L88, M|231/231\n|turn|18\n|\n|t:|1781461064\n|-terastallize|p2a: Hitmontop|Ice\n|move|p1a: Latios|Psyshock|p2a: Hitmontop\n|-damage|p2a: Hitmontop|137/231\n|move|p2a: Hitmontop|Rapid Spin|p1a: Latios\n|-damage|p1a: Latios|87/253\n|-boost|p2a: Hitmontop|spe|1\n|\n|-heal|p2a: Hitmontop|151/231|[from] item: Leftovers\n|upkeep\n|turn|19\n|\n|t:|1781461082\n|move|p2a: Hitmontop|Bulk Up|p2a: Hitmontop\n|-boost|p2a: Hitmontop|atk|1\n|-boost|p2a: Hitmontop|def|1\n|move|p1a: Latios|Draco Meteor|p2a: Hitmontop\n|-damage|p2a: Hitmontop|0 fnt\n|-unboost|p1a: Latios|spa|2\n|faint|p2a: Hitmontop\n|\n|upkeep\n|c|\u2606ChadInteleonUser|great move\n|-message|skippyjonez forfeited.\n|\n|win|ChadInteleonUser\n", "inputlog": ">version a8376a258c1d4662feba110a92103f3664a72141\n>start {\"formatid\":\"gen9randombattle\",\"seed\":\"sodium,a3019677a7f0220b38dc13e4ca6b6016\",\"rated\":\"Rated battle\"}\n>player p1 {\"name\":\"ChadInteleonUser\",\"avatar\":\"wallace\",\"rating\":2266,\"seed\":\"sodium,cda37088f7bc46f3a882600a7436ae82\"}\n>player p2 {\"name\":\"skippyjonez\",\"avatar\":\"cameraman\",\"rating\":2169,\"seed\":\"sodium,0b77f7dabfa4eb21f5affa0deb35f8b6\"}\n>p1 move playrough\n>p2 move fakeout\n>p1 switch 5\n>p2 move closecombat\n>p1 move surf\n>p2 move knockoff\n>p1 switch 5\n>p1 move psychicfangs\n>p2 move facade\n>p2 switch 4\n>p1 switch 2\n>p2 move stealthrock\n>p1 move dracometeor\n>p2 switch 2\n>p1 switch 4\n>p2 move rapidspin\n>p1 move earthquake\n>p2 move ironhead\n>p1 move rest\n>p2 move tripleaxel\n>p1 move sleeptalk\n>p2 move ironhead\n>p1 move sleeptalk\n>p2 move ironhead\n>p2 switch 5\n>p1 move bodyslam\n>p2 move leechseed\n>p1 move rest\n>p2 move strengthsap\n>p1 switch 4\n>p2 move sludgebomb\n>p1 move recover\n>p2 move sludgebomb\n>p1 move psyshock\n>p2 move leechseed\n>p1 move psyshock\n>p2 move leechseed\n>p2 switch 6\n>p1 move psyshock\n>p2 move rapidspin terastallize\n>p1 move dracometeor\n>p2 move bulkup\n>chat \u2606ChadInteleonUser|great move\n>forcelose p2", "uploadtime": 1781460837, "views": 10, "formatid": "gen9randombattle", "rating": null, "private": 0, "password": null}