{"id": "gen9randombattle-2631910200", "format": "[Gen 9] Random Battle", "players": ["ftaochaphet", "sondaw"], "log": "|j|\u2606ftaochaphet\n|j|\u2606sondaw\n|t:|1781454649\n|gametype|singles\n|player|p1|ftaochaphet|265|2172\n|player|p2|sondaw|266|2243\n|gen|9\n|tier|[Gen 9] Random Battle\n|rated|\n|rule|Species Clause: Limit one of each Pok\u00e9mon\n|rule|HP Percentage Mod: HP is shown in percentages\n|rule|Sleep Clause Mod: Limit one foe put to sleep\n|rule|Illusion Level Mod: Illusion disguises the Pok\u00e9mon's true level\n|\n|t:|1781454649\n|teamsize|p1|6\n|teamsize|p2|6\n|start\n|switch|p1a: Raikou|Raikou, L81|278/278\n|switch|p2a: Raichu|Raichu, L88, M|249/249\n|-ability|p1a: Raikou|Pressure\n|turn|1\n|inactive|Battle timer is ON: inactive players will automatically lose when time's up. (requested by ftaochaphet)\n|\n|t:|1781454687\n|move|p2a: Raichu|Nasty Plot|p2a: Raichu\n|-boost|p2a: Raichu|spa|2\n|move|p1a: Raikou|Calm Mind|p1a: Raikou\n|-boost|p1a: Raikou|spa|1\n|-boost|p1a: Raikou|spd|1\n|\n|upkeep\n|turn|2\n|\n|t:|1781454697\n|move|p2a: Raichu|Focus Blast|p1a: Raikou\n|-damage|p1a: Raikou|140/278\n|-damage|p2a: Raichu|225/249|[from] item: Life Orb\n|move|p1a: Raikou|Calm Mind|p1a: Raikou\n|-boost|p1a: Raikou|spa|1\n|-boost|p1a: Raikou|spd|1\n|\n|-heal|p1a: Raikou|157/278|[from] item: Leftovers\n|upkeep\n|turn|3\n|inactive|ftaochaphet has 120 seconds left.\n|\n|t:|1781454748\n|switch|p2a: Flapple|Flapple, L88, F|266/266\n|move|p1a: Raikou|Scald|p2a: Flapple\n|-resisted|p2a: Flapple\n|-damage|p2a: Flapple|227/266\n|\n|-heal|p1a: Raikou|174/278|[from] item: Leftovers\n|upkeep\n|turn|4\n|\n|t:|1781454761\n|switch|p1a: Mesprit|Mesprit, L85|275/275\n|move|p2a: Flapple|Grav Apple|p1a: Mesprit\n|-crit|p1a: Mesprit\n|-damage|p1a: Mesprit|0 fnt\n|faint|p1a: Mesprit\n|\n|upkeep\n|\n|t:|1781454770\n|switch|p1a: Banette|Banette, L93, F|270/270\n|turn|5\n|\n|t:|1781454781\n|switch|p2a: Glimmora|Glimmora, L75, M|248/248\n|move|p1a: Banette|Gunk Shot|p2a: Glimmora\n|-resisted|p2a: Glimmora\n|-damage|p2a: Glimmora|204/248\n|-activate|p2a: Glimmora|ability: Toxic Debris\n|-sidestart|p1: ftaochaphet|move: Toxic Spikes\n|-damage|p1a: Banette|243/270|[from] item: Life Orb\n|\n|upkeep\n|turn|6\n|\n|t:|1781454786\n|move|p1a: Banette|Poltergeist|p2a: Glimmora\n|-activate|p2a: Glimmora|move: Poltergeist|Power Herb\n|-damage|p2a: Glimmora|0 fnt\n|-activate|p2a: Glimmora|ability: Toxic Debris\n|-sidestart|p1: ftaochaphet|move: Toxic Spikes\n|faint|p2a: Glimmora\n|-damage|p1a: Banette|216/270|[from] item: Life Orb\n|\n|upkeep\n|\n|t:|1781454798\n|switch|p2a: Squawkabilly|Squawkabilly-Blue, L85, M|278/278\n|turn|7\n|\n|t:|1781454803\n|switch|p1a: Eelektross|Eelektross, L87, M|290/290\n|move|p2a: Squawkabilly|Brave Bird|p1a: Eelektross\n|-resisted|p1a: Eelektross\n|-damage|p1a: Eelektross|221/290\n|-damage|p2a: Squawkabilly|255/278|[from] Recoil\n|\n|-heal|p1a: Eelektross|239/290|[from] item: Leftovers\n|-status|p2a: Squawkabilly|brn|[from] item: Flame Orb\n|upkeep\n|turn|8\n|\n|t:|1781454807\n|move|p2a: Squawkabilly|U-turn|p1a: Eelektross\n|-damage|p1a: Eelektross|165/290\n|\n|t:|1781454809\n|switch|p2a: Raichu|Raichu, L88, M|225/249|[from] U-turn\n|move|p1a: Eelektross|Supercell Slam|p2a: Raichu\n|-ability|p2a: Raichu|Lightning Rod|boost\n|-boost|p2a: Raichu|spa|1\n|-damage|p1a: Eelektross|20/290|[from] supercellslam\n|\n|-heal|p1a: Eelektross|38/290|[from] item: Leftovers\n|upkeep\n|turn|9\n|\n|t:|1781454812\n|move|p2a: Raichu|Thunderbolt|p1a: Eelektross\n|-resisted|p1a: Eelektross\n|-damage|p1a: Eelektross|0 fnt\n|faint|p1a: Eelektross\n|-damage|p2a: Raichu|201/249|[from] item: Life Orb\n|\n|upkeep\n|\n|t:|1781454822\n|switch|p1a: Exeggutor|Exeggutor-Alola, L89, F|314/314\n|-status|p1a: Exeggutor|tox\n|turn|10\n|\n|t:|1781454833\n|switch|p2a: Scyther|Scyther, L82, F|249/249\n|move|p1a: Exeggutor|Draco Meteor|p2a: Scyther\n|-damage|p2a: Scyther|44/249\n|-unboost|p1a: Exeggutor|spa|2\n|\n|-damage|p1a: Exeggutor|295/314 tox|[from] psn\n|upkeep\n|turn|11\n|\n|t:|1781454845\n|switch|p1a: Raikou|Raikou, L81|174/278\n|-status|p1a: Raikou|tox\n|-ability|p1a: Raikou|Pressure\n|move|p2a: Scyther|Dual Wingbeat|p1a: Raikou\n|-resisted|p1a: Raikou\n|-damage|p1a: Raikou|134/278 tox\n|-resisted|p1a: Raikou\n|-damage|p1a: Raikou|97/278 tox\n|-hitcount|p1a: Raikou|2\n|\n|-heal|p1a: Raikou|114/278 tox|[from] item: Leftovers\n|-damage|p1a: Raikou|97/278 tox|[from] psn\n|upkeep\n|turn|12\n|\n|t:|1781454853\n|switch|p2a: Flapple|Flapple, L88, F|227/266\n|move|p1a: Raikou|Scald|p2a: Flapple\n|-resisted|p2a: Flapple\n|-crit|p2a: Flapple\n|-damage|p2a: Flapple|197/266\n|\n|-heal|p1a: Raikou|114/278 tox|[from] item: Leftovers\n|-damage|p1a: Raikou|80/278 tox|[from] psn\n|upkeep\n|turn|13\n|\n|t:|1781454867\n|move|p1a: Raikou|Scald|p2a: Flapple\n|-resisted|p2a: Flapple\n|-damage|p2a: Flapple|179/266\n|move|p2a: Flapple|U-turn|p1a: Raikou\n|-damage|p1a: Raikou|0 fnt\n|faint|p1a: Raikou\n|\n|t:|1781454874\n|switch|p2a: Squawkabilly|Squawkabilly-Blue, L85, M|255/278 brn|[from] U-turn\n|\n|-damage|p2a: Squawkabilly|238/278 brn|[from] brn\n|upkeep\n|l|\u2606sondaw\n|inactive|sondaw disconnected and has a minute to reconnect!\n|player|p2|\n|inactive|ftaochaphet has 120 seconds left.\n|\n|t:|1781454911\n|switch|p1a: Camerupt|Camerupt, L91, M|275/275\n|-status|p1a: Camerupt|tox\n|turn|14\n|j|\u2606sondaw\n|inactive|sondaw reconnected and has 150 seconds left.\n|player|p2|sondaw|266|\n|l|\u2606sondaw\n|inactive|sondaw disconnected and has a minute to reconnect!\n|player|p2|\n|j|\u2606sondaw\n|inactive|sondaw reconnected and has 140 seconds left.\n|player|p2|sondaw|266|\n|\n|t:|1781454933\n|move|p2a: Squawkabilly|U-turn|p1a: Camerupt\n|-resisted|p1a: Camerupt\n|-damage|p1a: Camerupt|235/275 tox\n|\n|t:|1781454939\n|switch|p2a: Scyther|Scyther, L82, F|44/249|[from] U-turn\n|move|p1a: Camerupt|Overheat|p2a: Scyther\n|-supereffective|p2a: Scyther\n|-damage|p2a: Scyther|0 fnt\n|-unboost|p1a: Camerupt|spa|2\n|faint|p2a: Scyther\n|\n|-heal|p1a: Camerupt|252/275 tox|[from] item: Leftovers\n|-damage|p1a: Camerupt|235/275 tox|[from] psn\n|upkeep\n|inactive|sondaw has 120 seconds left.\n|\n|t:|1781454961\n|switch|p2a: Flapple|Flapple, L88, F|179/266\n|turn|15\n|\n|t:|1781454970\n|move|p2a: Flapple|Outrage|p1a: Camerupt\n|-damage|p1a: Camerupt|0 fnt\n|faint|p1a: Camerupt\n|\n|upkeep\n|\n|t:|1781454973\n|switch|p1a: Banette|Banette, L93, F|216/270\n|-status|p1a: Banette|tox\n|turn|16\n|\n|t:|1781454975\n|move|p1a: Banette|Gunk Shot|p2a: Flapple\n|-supereffective|p2a: Flapple\n|-damage|p2a: Flapple|0 fnt\n|faint|p2a: Flapple\n|-damage|p1a: Banette|189/270 tox|[from] item: Life Orb\n|\n|-damage|p1a: Banette|173/270 tox|[from] psn\n|upkeep\n|\n|t:|1781454985\n|switch|p2a: Squawkabilly|Squawkabilly-Blue, L85, M|238/278 brn\n|turn|17\n|\n|t:|1781454998\n|move|p2a: Squawkabilly|Brave Bird|p1a: Banette\n|-damage|p1a: Banette|0 fnt\n|faint|p1a: Banette\n|-damage|p2a: Squawkabilly|181/278 brn|[from] Recoil\n|\n|-damage|p2a: Squawkabilly|164/278 brn|[from] brn\n|upkeep\n|-message|ftaochaphet forfeited.\n|\n|win|sondaw\n", "inputlog": ">version a8376a258c1d4662feba110a92103f3664a72141\n>start {\"formatid\":\"gen9randombattle\",\"seed\":\"sodium,78c0eb02f39d278bccaf5d2ffef79d6f\",\"rated\":\"Rated battle\"}\n>player p1 {\"name\":\"ftaochaphet\",\"avatar\":\"265\",\"rating\":2172,\"seed\":\"sodium,6fd5b8a0c5ce6901df63c2421006e840\"}\n>player p2 {\"name\":\"sondaw\",\"avatar\":\"266\",\"rating\":2243,\"seed\":\"sodium,4e43cc56a472ce3dd0a487649c787bfe\"}\n>p1 move calmmind\n>p2 move nastyplot\n>p1 move calmmind\n>p2 move focusblast\n>p1 move scald\n>p2 switch 5\n>p1 switch 2\n>p2 move gravapple\n>p1 switch 6\n>p1 move gunkshot\n>p2 switch 2\n>p1 move poltergeist\n>p2 move meteorbeam\n>p2 switch 4\n>p1 switch 4\n>p2 move bravebird\n>p1 move supercellslam\n>p2 move uturn\n>p2 switch 5\n>p1 move drainpunch\n>p2 move thunderbolt\n>p1 switch 3\n>p1 move dracometeor\n>p2 switch 6\n>p1 switch 2\n>p2 move dualwingbeat\n>p1 move scald\n>p2 switch 2\n>p1 move scald\n>p2 move uturn\n>p2 switch 5\n>p1 switch 5\n>p1 move overheat\n>p2 move uturn\n>p2 switch 2\n>p2 switch 5\n>p1 move stealthrock\n>p2 move outrage\n>p1 switch 4\n>p1 move gunkshot\n>p2 move outrage\n>p2 switch 2\n>p1 move gunkshot\n>p2 move bravebird\n>forcelose p1", "uploadtime": 1781454651, "views": 4, "formatid": "gen9randombattle", "rating": null, "private": 0, "password": null}