{"id": "gen9randombattle-2631640345", "format": "[Gen 9] Random Battle", "players": ["btheflyingxbox", "alt824"], "log": "|j|\u2606btheflyingxbox\n|j|\u2606alt824\n|t:|1781413220\n|gametype|singles\n|player|p1|btheflyingxbox|hilbert|1314\n|player|p2|alt824|skierf|1312\n|gen|9\n|tier|[Gen 9] Random Battle\n|rated|\n|rule|Species Clause: Limit one of each Pok\u00e9mon\n|rule|HP Percentage Mod: HP is shown in percentages\n|rule|Sleep Clause Mod: Limit one foe put to sleep\n|rule|Illusion Level Mod: Illusion disguises the Pok\u00e9mon's true level\n|\n|t:|1781413220\n|teamsize|p1|6\n|teamsize|p2|6\n|start\n|switch|p1a: Breloom|Breloom, L83, F|235/235\n|switch|p2a: Swalot|Swalot, L90, F|326/326\n|turn|1\n|inactive|Battle timer is ON: inactive players will automatically lose when time's up. (requested by alt824)\n|\n|t:|1781413237\n|switch|p1a: Latias|Latias, L79, F|256/256\n|switch|p2a: Noctowl|Noctowl, L95, M|344/344\n|\n|upkeep\n|turn|2\n|\n|t:|1781413245\n|move|p1a: Latias|Calm Mind|p1a: Latias\n|-boost|p1a: Latias|spa|1\n|-boost|p1a: Latias|spd|1\n|move|p2a: Noctowl|Hyper Voice|p1a: Latias\n|-damage|p1a: Latias|193/256\n|\n|upkeep\n|turn|3\n|\n|t:|1781413251\n|switch|p2a: Bisharp|Bisharp, L79, F|232/232\n|move|p1a: Latias|Psyshock|p2a: Bisharp\n|-immune|p2a: Bisharp\n|\n|upkeep\n|turn|4\n|\n|t:|1781413262\n|move|p1a: Latias|Draco Meteor|p2a: Bisharp\n|-resisted|p2a: Bisharp\n|-damage|p2a: Bisharp|131/232\n|-unboost|p1a: Latias|spa|2\n|move|p2a: Bisharp|Swords Dance|p2a: Bisharp\n|-boost|p2a: Bisharp|atk|2\n|\n|upkeep\n|turn|5\n|\n|t:|1781413274\n|switch|p1a: Oinkologne|Oinkologne-F, L92, F|361/361\n|move|p2a: Bisharp|Iron Head|p1a: Oinkologne\n|-damage|p1a: Oinkologne|150/361\n|\n|-heal|p1a: Oinkologne|172/361|[from] item: Leftovers\n|upkeep\n|turn|6\n|\n|t:|1781413282\n|move|p2a: Bisharp|Sucker Punch|p1a: Oinkologne\n|-damage|p1a: Oinkologne|0 fnt\n|faint|p1a: Oinkologne\n|\n|upkeep\n|\n|t:|1781413294\n|switch|p1a: Breloom|Breloom, L83, F|235/235\n|turn|7\n|\n|t:|1781413299\n|switch|p2a: Noctowl|Noctowl, L95, M|344/344\n|move|p1a: Breloom|Spore|p2a: Noctowl\n|-status|p2a: Noctowl|slp|[from] move: Spore\n|\n|upkeep\n|turn|8\n|\n|t:|1781413308\n|switch|p2a: Swalot|Swalot, L90, F|326/326\n|move|p1a: Breloom|Rock Tomb|p2a: Swalot\n|-crit|p2a: Swalot\n|-damage|p2a: Swalot|178/326\n|-unboost|p2a: Swalot|spe|1\n|-damage|p1a: Breloom|212/235|[from] item: Life Orb\n|\n|-heal|p2a: Swalot|198/326|[from] item: Leftovers\n|upkeep\n|turn|9\n|\n|t:|1781413328\n|switch|p1a: Basculegion|Basculegion-F, L83, F|335/335\n|move|p2a: Swalot|Toxic|p1a: Basculegion\n|-status|p1a: Basculegion|tox\n|\n|-heal|p2a: Swalot|218/326|[from] item: Leftovers\n|-damage|p1a: Basculegion|315/335 tox|[from] psn\n|upkeep\n|turn|10\n|\n|t:|1781413339\n|move|p2a: Swalot|Protect|p2a: Swalot\n|-singleturn|p2a: Swalot|Protect\n|move|p1a: Basculegion|Hydro Pump|p2a: Swalot\n|-activate|p2a: Swalot|move: Protect\n|\n|-heal|p2a: Swalot|238/326|[from] item: Leftovers\n|-damage|p1a: Basculegion|275/335 tox|[from] psn\n|upkeep\n|turn|11\n|\n|t:|1781413347\n|switch|p2a: Breloom|Breloom, L83, M|235/235\n|move|p1a: Basculegion|Hydro Pump|p2a: Breloom\n|-resisted|p2a: Breloom\n|-damage|p2a: Breloom|81/235\n|\n|-damage|p1a: Basculegion|215/335 tox|[from] psn\n|upkeep\n|turn|12\n|\n|t:|1781413362\n|move|p1a: Basculegion|Hydro Pump|p2a: Breloom\n|-resisted|p2a: Breloom\n|-damage|p2a: Breloom|0 fnt\n|faint|p2a: Breloom\n|\n|-damage|p1a: Basculegion|135/335 tox|[from] psn\n|upkeep\n|\n|t:|1781413364\n|switch|p2a: Espathra|Espathra, L80, F|283/283\n|turn|13\n|\n|t:|1781413380\n|move|p2a: Espathra|Calm Mind|p2a: Espathra\n|-boost|p2a: Espathra|spa|1\n|-boost|p2a: Espathra|spd|1\n|move|p1a: Basculegion|Hydro Pump|p2a: Espathra\n|-damage|p2a: Espathra|55/283\n|\n|-heal|p2a: Espathra|72/283|[from] item: Leftovers\n|-damage|p1a: Basculegion|35/335 tox|[from] psn\n|-ability|p2a: Espathra|Speed Boost|boost\n|-boost|p2a: Espathra|spe|1\n|upkeep\n|turn|14\n|\n|t:|1781413390\n|move|p2a: Espathra|Protect|p2a: Espathra\n|-singleturn|p2a: Espathra|Protect\n|move|p1a: Basculegion|Hydro Pump|p2a: Espathra\n|-activate|p2a: Espathra|move: Protect\n|\n|-heal|p2a: Espathra|89/283|[from] item: Leftovers\n|-damage|p1a: Basculegion|0 fnt|[from] psn\n|faint|p1a: Basculegion\n|-ability|p2a: Espathra|Speed Boost|boost\n|-boost|p2a: Espathra|spe|1\n|upkeep\n|\n|t:|1781413402\n|switch|p1a: Latias|Latias, L79, F|193/256\n|turn|15\n|\n|t:|1781413409\n|-terastallize|p2a: Espathra|Fairy\n|move|p2a: Espathra|Calm Mind|p2a: Espathra\n|-boost|p2a: Espathra|spa|1\n|-boost|p2a: Espathra|spd|1\n|move|p1a: Latias|Draco Meteor|p2a: Espathra\n|-immune|p2a: Espathra\n|\n|-heal|p2a: Espathra|106/283|[from] item: Leftovers\n|-ability|p2a: Espathra|Speed Boost|boost\n|-boost|p2a: Espathra|spe|1\n|upkeep\n|turn|16\n|\n|t:|1781413421\n|move|p2a: Espathra|Dazzling Gleam|p1a: Latias\n|-supereffective|p1a: Latias\n|-damage|p1a: Latias|0 fnt\n|faint|p1a: Latias\n|\n|-heal|p2a: Espathra|123/283|[from] item: Leftovers\n|-ability|p2a: Espathra|Speed Boost|boost\n|-boost|p2a: Espathra|spe|1\n|upkeep\n|\n|t:|1781413430\n|switch|p1a: Exeggutor|Exeggutor-Alola, L89, F|314/314\n|-item|p2a: Espathra|Leftovers|[from] ability: Frisk|[of] p1a: Exeggutor\n|turn|17\n|\n|t:|1781413439\n|-terastallize|p1a: Exeggutor|Fire\n|move|p2a: Espathra|Protect|p2a: Espathra\n|-singleturn|p2a: Espathra|Protect\n|move|p1a: Exeggutor|Flamethrower|p2a: Espathra\n|-activate|p2a: Espathra|move: Protect\n|\n|-heal|p2a: Espathra|140/283|[from] item: Leftovers\n|-ability|p2a: Espathra|Speed Boost|boost\n|-boost|p2a: Espathra|spe|1\n|upkeep\n|turn|18\n|\n|t:|1781413448\n|move|p2a: Espathra|Stored Power|p1a: Exeggutor\n|-damage|p1a: Exeggutor|0 fnt\n|faint|p1a: Exeggutor\n|\n|-heal|p2a: Espathra|157/283|[from] item: Leftovers\n|-ability|p2a: Espathra|Speed Boost|boost\n|-boost|p2a: Espathra|spe|1\n|upkeep\n|\n|t:|1781413456\n|switch|p1a: Rampardos|Rampardos, L90, F|321/321\n|turn|19\n|\n|t:|1781413461\n|move|p2a: Espathra|Protect|p2a: Espathra\n|-singleturn|p2a: Espathra|Protect\n|move|p1a: Rampardos|Head Smash|p2a: Espathra\n|-activate|p2a: Espathra|move: Protect\n|\n|-heal|p2a: Espathra|174/283|[from] item: Leftovers\n|upkeep\n|turn|20\n|\n|t:|1781413467\n|move|p2a: Espathra|Stored Power|p1a: Rampardos\n|-damage|p1a: Rampardos|0 fnt\n|faint|p1a: Rampardos\n|\n|-heal|p2a: Espathra|191/283|[from] item: Leftovers\n|upkeep\n|c|\u2606alt824|gg\n|\n|t:|1781413473\n|switch|p1a: Breloom|Breloom, L83, F|212/235\n|turn|21\n|\n|t:|1781413478\n|move|p2a: Espathra|Stored Power|p1a: Breloom\n|-supereffective|p1a: Breloom\n|-damage|p1a: Breloom|0 fnt\n|faint|p1a: Breloom\n|\n|win|alt824\n|raw|btheflyingxbox's rating: 1314 &rarr; <strong>1294</strong><br />(-20 for losing)\n|raw|alt824's rating: 1312 &rarr; <strong>1332</strong><br />(+20 for winning)\n|l|\u2606btheflyingxbox\n|player|p1|\n", "inputlog": ">version a8376a258c1d4662feba110a92103f3664a72141\n>start {\"formatid\":\"gen9randombattle\",\"seed\":\"sodium,2ef65c455d7e766c8659934eda2f4b73\",\"rated\":\"Rated battle\"}\n>player p1 {\"name\":\"btheflyingxbox\",\"avatar\":\"hilbert\",\"rating\":1314,\"seed\":\"sodium,97d80f5e1845f659b34f532279ed569f\"}\n>player p2 {\"name\":\"alt824\",\"avatar\":\"skierf\",\"rating\":1312,\"seed\":\"sodium,eec642d930224432c8621f4c0a6abe12\"}\n>p1 switch 3\n>p2 switch 2\n>p1 move calmmind\n>p2 move hypervoice\n>p1 move psyshock\n>p2 switch 3\n>p1 move dracometeor\n>p2 move swordsdance\n>p1 switch 5\n>p2 move ironhead\n>p1 move highhorsepower\n>p2 move suckerpunch\n>p1 switch 3\n>p1 move spore\n>p2 switch 3\n>p1 move rocktomb\n>p2 switch 2\n>p1 switch 4\n>p2 move toxic\n>p1 move hydropump\n>p2 move protect\n>p1 move hydropump\n>p2 switch 6\n>p1 move hydropump\n>p2 move bulletseed\n>p2 switch 5\n>p1 move hydropump\n>p2 move calmmind\n>p1 move hydropump\n>p2 move protect\n>p1 switch 5\n>p1 move dracometeor\n>p2 move calmmind terastallize\n>p1 move psyshock\n>p2 move dazzlinggleam\n>p1 switch 2\n>p1 move flamethrower terastallize\n>p2 move protect\n>p1 move flamethrower\n>p2 move storedpower\n>p1 switch 6\n>p1 move headsmash\n>p2 move protect\n>p1 move headsmash\n>p2 move storedpower\n>chat \u2606alt824|gg\n>p1 switch 4\n>p1 move bulletseed\n>p2 move storedpower", "uploadtime": 1781413482, "views": 3, "formatid": "gen9randombattle", "rating": 1294, "private": 0, "password": null}