{"id": "gen9randombattle-2631981492", "format": "[Gen 9] Random Battle", "players": ["PineappleCats", "O Man2020"], "log": "|j|\u2606PineappleCats\n|j|\u2606O Man2020\n|t:|1781462446\n|gametype|singles\n|player|p1|PineappleCats|giovanni|1938\n|player|p2|O Man2020|2|1919\n|gen|9\n|tier|[Gen 9] Random Battle\n|rated|\n|rule|Species Clause: Limit one of each Pok\u00e9mon\n|rule|HP Percentage Mod: HP is shown in percentages\n|rule|Sleep Clause Mod: Limit one foe put to sleep\n|rule|Illusion Level Mod: Illusion disguises the Pok\u00e9mon's true level\n|\n|t:|1781462446\n|teamsize|p1|6\n|teamsize|p2|6\n|start\n|switch|p1a: Snorlax|Snorlax, L82, M|397/397\n|switch|p2a: Vaporeon|Vaporeon, L86, F|364/364\n|turn|1\n|inactive|Battle timer is ON: inactive players will automatically lose when time's up. (requested by O Man2020)\n|inactive|PineappleCats also wants the timer to be on.\n|\n|t:|1781462460\n|move|p2a: Vaporeon|Scald|p1a: Snorlax\n|-damage|p1a: Snorlax|310/397\n|move|p1a: Snorlax|Curse|p1a: Snorlax\n|-unboost|p1a: Snorlax|spe|1\n|-boost|p1a: Snorlax|atk|1\n|-boost|p1a: Snorlax|def|1\n|\n|-heal|p1a: Snorlax|334/397|[from] item: Leftovers\n|upkeep\n|turn|2\n|\n|t:|1781462465\n|move|p2a: Vaporeon|Scald|p1a: Snorlax\n|-damage|p1a: Snorlax|243/397\n|-status|p1a: Snorlax|brn\n|move|p1a: Snorlax|Body Slam|p2a: Vaporeon\n|-damage|p2a: Vaporeon|279/364\n|\n|-heal|p2a: Vaporeon|301/364|[from] item: Leftovers\n|-heal|p1a: Snorlax|267/397 brn|[from] item: Leftovers\n|-damage|p1a: Snorlax|243/397 brn|[from] brn\n|upkeep\n|turn|3\n|\n|t:|1781462479\n|move|p2a: Vaporeon|Flip Turn|p1a: Snorlax\n|-damage|p1a: Snorlax|197/397 brn\n|\n|t:|1781462482\n|switch|p2a: Weezing|Weezing, L88, M|258/258|[from] Flip Turn\n|move|p1a: Snorlax|Curse|p1a: Snorlax\n|-unboost|p1a: Snorlax|spe|1\n|-boost|p1a: Snorlax|atk|1\n|-boost|p1a: Snorlax|def|1\n|\n|-heal|p1a: Snorlax|221/397 brn|[from] item: Leftovers\n|-damage|p1a: Snorlax|197/397 brn|[from] brn\n|upkeep\n|turn|4\n|\n|t:|1781462488\n|move|p2a: Weezing|Sludge Bomb|p1a: Snorlax\n|-damage|p1a: Snorlax|116/397 brn\n|move|p1a: Snorlax|Rest|p1a: Snorlax\n|-status|p1a: Snorlax|slp|[from] move: Rest\n|-heal|p1a: Snorlax|397/397 slp|[silent]\n|\n|upkeep\n|turn|5\n|\n|t:|1781462493\n|switch|p2a: Azumarill|Azumarill, L82, M|298/298\n|cant|p1a: Snorlax|slp\n|move|p1a: Snorlax|Sleep Talk|p1a: Snorlax\n|move|p1a: Snorlax|Body Slam|p2a: Azumarill|[from] move: Sleep Talk\n|-damage|p2a: Azumarill|78/298\n|-enditem|p2a: Azumarill|Sitrus Berry|[eat]\n|-heal|p2a: Azumarill|152/298|[from] item: Sitrus Berry\n|\n|upkeep\n|turn|6\n|\n|t:|1781462500\n|move|p2a: Azumarill|Belly Drum|p2a: Azumarill\n|-damage|p2a: Azumarill|3/298\n|-setboost|p2a: Azumarill|atk|6|[from] move: Belly Drum\n|cant|p1a: Snorlax|slp\n|move|p1a: Snorlax|Sleep Talk|p1a: Snorlax\n|move|p1a: Snorlax|Curse|p1a: Snorlax|[from] move: Sleep Talk\n|-unboost|p1a: Snorlax|spe|1\n|-boost|p1a: Snorlax|atk|1\n|-boost|p1a: Snorlax|def|1\n|\n|upkeep\n|turn|7\n|\n|t:|1781462506\n|move|p2a: Azumarill|Liquidation|p1a: Snorlax\n|-damage|p1a: Snorlax|186/397 slp\n|-curestatus|p1a: Snorlax|slp|[msg]\n|move|p1a: Snorlax|Curse|p1a: Snorlax\n|-unboost|p1a: Snorlax|spe|1\n|-boost|p1a: Snorlax|atk|1\n|-boost|p1a: Snorlax|def|1\n|\n|-heal|p1a: Snorlax|210/397|[from] item: Leftovers\n|upkeep\n|turn|8\n|\n|t:|1781462513\n|move|p2a: Azumarill|Play Rough|p1a: Snorlax|[miss]\n|-miss|p2a: Azumarill|p1a: Snorlax\n|move|p1a: Snorlax|Rest|p1a: Snorlax\n|-status|p1a: Snorlax|slp|[from] move: Rest\n|-heal|p1a: Snorlax|397/397 slp|[silent]\n|\n|upkeep\n|turn|9\n|\n|t:|1781462518\n|move|p2a: Azumarill|Play Rough|p1a: Snorlax\n|-crit|p1a: Snorlax\n|-damage|p1a: Snorlax|0 fnt\n|faint|p1a: Snorlax\n|\n|upkeep\n|\n|t:|1781462524\n|switch|p1a: Overqwil|Overqwil, L82, M|274/274\n|-ability|p1a: Overqwil|Intimidate|boost\n|-unboost|p2a: Azumarill|atk|1\n|turn|10\n|\n|t:|1781462529\n|move|p1a: Overqwil|Aqua Jet|p2a: Azumarill\n|-resisted|p2a: Azumarill\n|-damage|p2a: Azumarill|0 fnt\n|faint|p2a: Azumarill\n|\n|upkeep\n|\n|t:|1781462544\n|switch|p2a: Piloswine|Piloswine, L85, F|309/309\n|turn|11\n|\n|t:|1781462550\n|switch|p1a: Eelektross|Eelektross, L87, M|290/290\n|move|p2a: Piloswine|Stealth Rock|p1a: Eelektross\n|-sidestart|p1: PineappleCats|move: Stealth Rock\n|\n|upkeep\n|turn|12\n|\n|t:|1781462559\n|move|p1a: Eelektross|Knock Off|p2a: Piloswine\n|-damage|p2a: Piloswine|251/309\n|-enditem|p2a: Piloswine|Eviolite|[from] move: Knock Off|[of] p1a: Eelektross\n|move|p2a: Piloswine|Icicle Crash|p1a: Eelektross\n|-damage|p1a: Eelektross|184/290\n|\n|upkeep\n|turn|13\n|\n|t:|1781462564\n|switch|p2a: Weezing|Weezing, L88, M|258/258\n|move|p1a: Eelektross|Giga Drain|p2a: Weezing\n|-resisted|p2a: Weezing\n|-damage|p2a: Weezing|226/258\n|-heal|p1a: Eelektross|200/290|[from] drain|[of] p2a: Weezing\n|\n|-heal|p2a: Weezing|242/258|[from] item: Leftovers\n|upkeep\n|turn|14\n|\n|t:|1781462569\n|move|p2a: Weezing|Will-O-Wisp|p1a: Eelektross\n|-status|p1a: Eelektross|brn\n|move|p1a: Eelektross|Discharge|p2a: Weezing\n|-damage|p2a: Weezing|136/258\n|\n|-heal|p2a: Weezing|152/258|[from] item: Leftovers\n|-damage|p1a: Eelektross|182/290 brn|[from] brn\n|upkeep\n|turn|15\n|\n|t:|1781462577\n|switch|p2a: Piloswine|Piloswine, L85, F|251/309\n|move|p1a: Eelektross|Discharge|p2a: Piloswine\n|-immune|p2a: Piloswine\n|\n|-damage|p1a: Eelektross|164/290 brn|[from] brn\n|upkeep\n|turn|16\n|\n|t:|1781462583\n|switch|p2a: Weezing|Weezing, L88, M|152/258\n|move|p1a: Eelektross|Giga Drain|p2a: Weezing\n|-resisted|p2a: Weezing\n|-damage|p2a: Weezing|121/258\n|-heal|p1a: Eelektross|180/290 brn|[from] drain|[of] p2a: Weezing\n|\n|-heal|p2a: Weezing|137/258|[from] item: Leftovers\n|-damage|p1a: Eelektross|162/290 brn|[from] brn\n|upkeep\n|turn|17\n|\n|t:|1781462589\n|move|p2a: Weezing|Sludge Bomb|p1a: Eelektross\n|-damage|p1a: Eelektross|89/290 brn\n|move|p1a: Eelektross|Discharge|p2a: Weezing\n|-damage|p2a: Weezing|34/258\n|-status|p2a: Weezing|par\n|\n|-heal|p2a: Weezing|50/258 par|[from] item: Leftovers\n|-damage|p1a: Eelektross|71/290 brn|[from] brn\n|upkeep\n|turn|18\n|\n|t:|1781462594\n|move|p1a: Eelektross|Discharge|p2a: Weezing\n|-damage|p2a: Weezing|0 fnt\n|faint|p2a: Weezing\n|\n|-damage|p1a: Eelektross|53/290 brn|[from] brn\n|upkeep\n|\n|t:|1781462606\n|switch|p2a: Vaporeon|Vaporeon, L86, F|301/364\n|turn|19\n|\n|t:|1781462609\n|move|p2a: Vaporeon|Scald|p1a: Eelektross\n|-damage|p1a: Eelektross|0 fnt\n|faint|p1a: Eelektross\n|\n|-heal|p2a: Vaporeon|323/364|[from] item: Leftovers\n|upkeep\n|\n|t:|1781462613\n|switch|p1a: Plusle|Plusle, L95, M|268/268\n|-damage|p1a: Plusle|235/268|[from] Stealth Rock\n|turn|20\n|\n|t:|1781462623\n|move|p1a: Plusle|Nasty Plot|p1a: Plusle\n|-boost|p1a: Plusle|spa|2\n|move|p2a: Vaporeon|Scald|p1a: Plusle\n|-damage|p1a: Plusle|133/268\n|-status|p1a: Plusle|brn\n|\n|-heal|p2a: Vaporeon|345/364|[from] item: Leftovers\n|-damage|p1a: Plusle|117/268 brn|[from] brn\n|upkeep\n|turn|21\n|\n|t:|1781462627\n|switch|p2a: Piloswine|Piloswine, L85, F|251/309\n|move|p1a: Plusle|Grass Knot|p2a: Piloswine\n|-supereffective|p2a: Piloswine\n|-damage|p2a: Piloswine|0 fnt\n|faint|p2a: Piloswine\n|-damage|p1a: Plusle|91/268 brn|[from] item: Life Orb\n|\n|-damage|p1a: Plusle|75/268 brn|[from] brn\n|upkeep\n|\n|t:|1781462634\n|switch|p2a: Kyurem|Kyurem-Black, L71|295/295\n|-ability|p2a: Kyurem|Teravolt\n|turn|22\n|\n|t:|1781462638\n|-terastallize|p2a: Kyurem|Electric\n|move|p1a: Plusle|Alluring Voice|p2a: Kyurem\n|-damage|p2a: Kyurem|107/295\n|-damage|p1a: Plusle|49/268 brn|[from] item: Life Orb\n|move|p2a: Kyurem|Dragon Dance|p2a: Kyurem\n|-boost|p2a: Kyurem|atk|1\n|-boost|p2a: Kyurem|spe|1\n|\n|-damage|p1a: Plusle|33/268 brn|[from] brn\n|upkeep\n|turn|23\n|\n|t:|1781462647\n|move|p2a: Kyurem|Icicle Spear|p1a: Plusle\n|-crit|p1a: Plusle\n|-damage|p1a: Plusle|0 fnt\n|faint|p1a: Plusle\n|-hitcount|p1: Plusle|1\n|\n|upkeep\n|\n|t:|1781462651\n|switch|p1a: Overqwil|Overqwil, L82, M|274/274\n|-damage|p1a: Overqwil|240/274|[from] Stealth Rock\n|-ability|p1a: Overqwil|Intimidate|boost\n|-unboost|p2a: Kyurem|atk|1\n|turn|24\n|\n|t:|1781462661\n|move|p2a: Kyurem|Icicle Spear|p1a: Overqwil\n|-damage|p1a: Overqwil|209/274\n|-damage|p1a: Overqwil|178/274\n|-damage|p1a: Overqwil|147/274\n|-crit|p1a: Overqwil\n|-damage|p1a: Overqwil|105/274\n|-hitcount|p1a: Overqwil|4\n|move|p1a: Overqwil|Crunch|p2a: Kyurem\n|-damage|p2a: Kyurem|0 fnt\n|faint|p2a: Kyurem\n|\n|upkeep\n|\n|t:|1781462677\n|switch|p2a: Ho-Oh|Ho-Oh, L71|268/268\n|turn|25\n|\n|t:|1781462684\n|switch|p1a: Milotic|Milotic, L83, F|293/293\n|-damage|p1a: Milotic|257/293|[from] Stealth Rock\n|move|p2a: Ho-Oh|Earthquake|p1a: Milotic\n|-damage|p1a: Milotic|189/293\n|\n|-heal|p1a: Milotic|207/293|[from] item: Leftovers\n|upkeep\n|turn|26\n|\n|t:|1781462692\n|switch|p2a: Vaporeon|Vaporeon, L86, F|345/364\n|move|p1a: Milotic|Dragon Tail|p2a: Vaporeon\n|-damage|p2a: Vaporeon|305/364\n|drag|p2a: Ho-Oh|Ho-Oh, L71|268/268\n|\n|-heal|p1a: Milotic|225/293|[from] item: Leftovers\n|upkeep\n|turn|27\n|\n|t:|1781462698\n|move|p2a: Ho-Oh|Sacred Fire|p1a: Milotic\n|-resisted|p1a: Milotic\n|-damage|p1a: Milotic|177/293\n|-status|p1a: Milotic|brn\n|move|p1a: Milotic|Dragon Tail|p2a: Ho-Oh\n|-damage|p2a: Ho-Oh|249/268\n|drag|p2a: Vaporeon|Vaporeon, L86, F|305/364\n|\n|-heal|p1a: Milotic|195/293 brn|[from] item: Leftovers\n|-heal|p2a: Vaporeon|327/364|[from] item: Leftovers\n|-damage|p1a: Milotic|177/293 brn|[from] brn\n|upkeep\n|turn|28\n|\n|t:|1781462707\n|switch|p1a: Moltres|Moltres-Galar, L79|271/271\n|-damage|p1a: Moltres|204/271|[from] Stealth Rock\n|move|p2a: Vaporeon|Scald|p1a: Moltres\n|-damage|p1a: Moltres|125/271\n|-status|p1a: Moltres|brn\n|-ability|p1a: Moltres|Berserk|boost\n|-boost|p1a: Moltres|spa|1\n|\n|-heal|p2a: Vaporeon|349/364|[from] item: Leftovers\n|-damage|p1a: Moltres|109/271 brn|[from] brn\n|upkeep\n|turn|29\n|\n|t:|1781462714\n|move|p1a: Moltres|Fiery Wrath|p2a: Vaporeon\n|-damage|p2a: Vaporeon|222/364\n|move|p2a: Vaporeon|Scald|p1a: Moltres\n|-damage|p1a: Moltres|28/271 brn\n|\n|-heal|p2a: Vaporeon|244/364|[from] item: Leftovers\n|-damage|p1a: Moltres|12/271 brn|[from] brn\n|upkeep\n|turn|30\n|\n|t:|1781462719\n|move|p1a: Moltres|Fiery Wrath|p2a: Vaporeon\n|-damage|p2a: Vaporeon|124/364\n|move|p2a: Vaporeon|Wish|p2a: Vaporeon\n|\n|-heal|p2a: Vaporeon|146/364|[from] item: Leftovers\n|-damage|p1a: Moltres|0 fnt|[from] brn\n|faint|p1a: Moltres\n|upkeep\n|c|\u2606PineappleCats|man 4/4 burn hits on scald\n|c|\u2606PineappleCats|wtf\n|\n|t:|1781462731\n|switch|p1a: Overqwil|Overqwil, L82, M|105/274\n|-damage|p1a: Overqwil|71/274|[from] Stealth Rock\n|-ability|p1a: Overqwil|Intimidate|boost\n|-unboost|p2a: Vaporeon|atk|1\n|turn|31\n|\n|t:|1781462737\n|move|p2a: Vaporeon|Protect|p2a: Vaporeon\n|-singleturn|p2a: Vaporeon|Protect\n|move|p1a: Overqwil|Gunk Shot|p2a: Vaporeon\n|-activate|p2a: Vaporeon|move: Protect\n|\n|-heal|p2a: Vaporeon|328/364|[from] move: Wish|[wisher] Vaporeon\n|-heal|p2a: Vaporeon|350/364|[from] item: Leftovers\n|upkeep\n|turn|32\n|\n|t:|1781462743\n|move|p1a: Overqwil|Gunk Shot|p2a: Vaporeon\n|-damage|p2a: Vaporeon|68/364\n|move|p2a: Vaporeon|Scald|p1a: Overqwil\n|-damage|p1a: Overqwil|0 fnt\n|faint|p1a: Overqwil\n|\n|-heal|p2a: Vaporeon|90/364|[from] item: Leftovers\n|upkeep\n|\n|t:|1781462747\n|switch|p1a: Milotic|Milotic, L83, F|177/293 brn\n|-damage|p1a: Milotic|141/293 brn|[from] Stealth Rock\n|turn|33\n|\n|t:|1781462750\n|move|p2a: Vaporeon|Protect|p2a: Vaporeon\n|-singleturn|p2a: Vaporeon|Protect\n|move|p1a: Milotic|Ice Beam|p2a: Vaporeon\n|-activate|p2a: Vaporeon|move: Protect\n|\n|-heal|p1a: Milotic|159/293 brn|[from] item: Leftovers\n|-heal|p2a: Vaporeon|112/364|[from] item: Leftovers\n|-damage|p1a: Milotic|141/293 brn|[from] brn\n|upkeep\n|turn|34\n|\n|t:|1781462755\n|switch|p2a: Ho-Oh|Ho-Oh, L71|268/268\n|move|p1a: Milotic|Ice Beam|p2a: Ho-Oh\n|-damage|p2a: Ho-Oh|222/268\n|\n|-heal|p1a: Milotic|159/293 brn|[from] item: Leftovers\n|-damage|p1a: Milotic|141/293 brn|[from] brn\n|upkeep\n|turn|35\n|\n|t:|1781462765\n|move|p1a: Milotic|Recover|p1a: Milotic\n|-heal|p1a: Milotic|288/293 brn\n|move|p2a: Ho-Oh|Brave Bird|p1a: Milotic\n|-damage|p1a: Milotic|150/293 brn\n|-damage|p2a: Ho-Oh|176/268|[from] Recoil\n|\n|-heal|p1a: Milotic|168/293 brn|[from] item: Leftovers\n|-damage|p1a: Milotic|150/293 brn|[from] brn\n|upkeep\n|turn|36\n|\n|t:|1781462773\n|switch|p2a: Vaporeon|Vaporeon, L86, F|112/364\n|move|p1a: Milotic|Scald|p2a: Vaporeon\n|-heal|p2a: Vaporeon|203/364|[from] ability: Water Absorb|[of] p1a: Milotic\n|\n|-heal|p1a: Milotic|168/293 brn|[from] item: Leftovers\n|-heal|p2a: Vaporeon|225/364|[from] item: Leftovers\n|-damage|p1a: Milotic|150/293 brn|[from] brn\n|upkeep\n|turn|37\n|-message|PineappleCats forfeited.\n|\n|win|O Man2020\n|raw|PineappleCats's rating: 1938 &rarr; <strong>1917</strong><br />(-21 for losing)\n|raw|O Man2020's rating: 1919 &rarr; <strong>1940</strong><br />(+21 for winning)\n|l|\u2606PineappleCats\n|player|p1|\n", "inputlog": ">version a8376a258c1d4662feba110a92103f3664a72141\n>start {\"formatid\":\"gen9randombattle\",\"seed\":\"sodium,e21f7d63d3caa0250b0f324714de0bf1\",\"rated\":\"Rated battle\"}\n>player p1 {\"name\":\"PineappleCats\",\"avatar\":\"giovanni\",\"rating\":1938,\"seed\":\"sodium,ac6260898882de1a87031636d924e6b5\"}\n>player p2 {\"name\":\"O Man2020\",\"avatar\":\"2\",\"rating\":1919,\"seed\":\"sodium,fb5a5d2bb122cfcd8f0d902c505f288a\"}\n>p1 move curse\n>p2 move scald\n>p1 move bodyslam\n>p2 move scald\n>p1 move curse\n>p2 move flipturn\n>p2 switch 5\n>p1 move rest\n>p2 move sludgebomb\n>p1 move sleeptalk\n>p2 switch 4\n>p1 move sleeptalk\n>p2 move bellydrum\n>p1 move curse\n>p2 move liquidation\n>p1 move rest\n>p2 move playrough\n>p1 move sleeptalk\n>p2 move playrough\n>p1 switch 5\n>p1 move aquajet\n>p2 move aquajet\n>p2 switch 2\n>p1 switch 6\n>p2 move stealthrock\n>p1 move knockoff\n>p2 move iciclecrash\n>p1 move gigadrain\n>p2 switch 4\n>p1 move discharge\n>p2 move willowisp\n>p1 move discharge\n>p2 switch 4\n>p1 move gigadrain\n>p2 switch 4\n>p1 move discharge\n>p2 move sludgebomb\n>p1 move discharge\n>p2 move sludgebomb\n>p2 switch 5\n>p1 move gigadrain\n>p2 move scald\n>p1 switch 2\n>p1 move nastyplot\n>p2 move scald\n>p1 move grassknot\n>p2 switch 4\n>p2 switch 3\n>p1 move alluringvoice\n>p2 move dragondance terastallize\n>p1 move alluringvoice\n>p2 move iciclespear\n>p1 switch 6\n>p1 move crunch\n>p2 move iciclespear\n>p2 switch 6\n>p1 switch 3\n>p2 move earthquake\n>p1 move dragontail\n>p2 switch 4\n>p1 move dragontail\n>p2 move sacredfire\n>p1 switch 4\n>p2 move scald\n>p1 move fierywrath\n>p2 move scald\n>p1 move fierywrath\n>p2 move wish\n>chat \u2606PineappleCats|man 4/4 burn hits on scald\n>chat \u2606PineappleCats|wtf\n>p1 switch 3\n>p1 move gunkshot\n>p2 move protect\n>p1 move gunkshot\n>p2 move scald\n>p1 switch 4\n>p1 move icebeam\n>p2 move protect\n>p1 move icebeam\n>p2 switch 4\n>p1 move recover\n>p2 move bravebird\n>p1 move scald\n>p2 switch 4\n>forcelose p1", "uploadtime": 1781462447, "views": 11, "formatid": "gen9randombattle", "rating": 1917, "private": 0, "password": null}