{"id": "gen9randombattle-2631957321", "format": "[Gen 9] Random Battle", "players": ["hr1sh4bh", "marcofieten3"], "log": "|j|\u2606hr1sh4bh\n|j|\u2606marcofieten3\n|t:|1781459822\n|gametype|singles\n|player|p1|hr1sh4bh|n|1357\n|player|p2|marcofieten3|170|1403\n|gen|9\n|tier|[Gen 9] Random Battle\n|rated|\n|rule|Species Clause: Limit one of each Pok\u00e9mon\n|rule|HP Percentage Mod: HP is shown in percentages\n|rule|Sleep Clause Mod: Limit one foe put to sleep\n|rule|Illusion Level Mod: Illusion disguises the Pok\u00e9mon's true level\n|\n|t:|1781459822\n|teamsize|p1|6\n|teamsize|p2|6\n|start\n|switch|p1a: Klawf|Klawf, L90, F|272/272\n|switch|p2a: Cinderace|Cinderace, L77, M|249/249\n|turn|1\n|inactive|Battle timer is ON: inactive players will automatically lose when time's up. (requested by marcofieten3)\n|\n|t:|1781459837\n|move|p2a: Cinderace|High Jump Kick|p1a: Klawf\n|-start|p2a: Cinderace|typechange|Fighting|[from] ability: Libero\n|-supereffective|p1a: Klawf\n|-damage|p1a: Klawf|0 fnt\n|faint|p1a: Klawf\n|\n|upkeep\n|\n|t:|1781459846\n|switch|p1a: Iron Jugulis|Iron Jugulis, L77|271/271\n|turn|2\n|inactive|marcofieten3 has 120 seconds left.\n|c|\u2606marcofieten3|!weakness dark, flying\n|c| marcofieten3|/raw <div class=\"infobox\">Dark/Flying:<br /><span class=\"message-effect-weak\">Weaknesses</span>: Electric, Fairy, Ice, Rock<br /><span class=\"message-effect-resist\">Resistances</span>: Dark, Ghost, Grass<br /><span class=\"message-effect-immune\">Immunities</span>: Ground, Psychic, Prankster</div>\n|\n|t:|1781459908\n|switch|p2a: Florges|Florges-Orange, L85, F|271/271\n|move|p1a: Iron Jugulis|Hurricane|p2a: Florges\n|-damage|p2a: Florges|160/271\n|\n|-heal|p2a: Florges|176/271|[from] item: Leftovers\n|upkeep\n|turn|3\n|\n|t:|1781459919\n|-end|p1a: Iron Jugulis|Quark Drive|[silent]\n|switch|p1a: Seviper|Seviper, L93, M|287/287\n|move|p2a: Florges|Calm Mind|p2a: Florges\n|-boost|p2a: Florges|spa|1\n|-boost|p2a: Florges|spd|1\n|\n|-heal|p2a: Florges|192/271|[from] item: Leftovers\n|upkeep\n|turn|4\n|inactive|marcofieten3 has 90 seconds left.\n|\n|t:|1781459945\n|-terastallize|p2a: Florges|Ground\n|move|p2a: Florges|Calm Mind|p2a: Florges\n|-boost|p2a: Florges|spa|1\n|-boost|p2a: Florges|spd|1\n|move|p1a: Seviper|Gunk Shot|p2a: Florges\n|-resisted|p2a: Florges\n|-damage|p2a: Florges|65/271\n|-damage|p1a: Seviper|259/287|[from] item: Life Orb\n|\n|-heal|p2a: Florges|81/271|[from] item: Leftovers\n|upkeep\n|turn|5\n|inactive|marcofieten3 has 90 seconds left.\n|\n|t:|1781459966\n|move|p2a: Florges|Synthesis|p2a: Florges\n|-heal|p2a: Florges|216/271\n|move|p1a: Seviper|Giga Drain|p2a: Florges\n|-supereffective|p2a: Florges\n|-damage|p2a: Florges|156/271\n|-heal|p1a: Seviper|287/287|[from] drain|[of] p2a: Florges\n|-damage|p1a: Seviper|259/287|[from] item: Life Orb\n|\n|-heal|p2a: Florges|172/271|[from] item: Leftovers\n|upkeep\n|turn|6\n|\n|t:|1781459981\n|switch|p1a: Kyurem|Kyurem, L77|319/319\n|-ability|p1a: Kyurem|Pressure\n|move|p2a: Florges|Tera Blast|p1a: Kyurem|[anim] Tera Blast Ground\n|-damage|p1a: Kyurem|97/319\n|\n|-heal|p2a: Florges|188/271|[from] item: Leftovers\n|upkeep\n|turn|7\n|\n|t:|1781459996\n|-terastallize|p1a: Kyurem|Ground\n|move|p1a: Kyurem|Icicle Spear|p2a: Florges\n|-supereffective|p2a: Florges\n|-damage|p2a: Florges|116/271\n|-supereffective|p2a: Florges\n|-damage|p2a: Florges|44/271\n|-supereffective|p2a: Florges\n|-damage|p2a: Florges|0 fnt\n|faint|p2a: Florges\n|-hitcount|p2: Florges|3\n|\n|upkeep\n|inactive|marcofieten3 has 60 seconds left.\n|\n|t:|1781460017\n|switch|p2a: Cinderace|Cinderace, L77, M|249/249\n|turn|8\n|inactive|marcofieten3 has 60 seconds left.\n|\n|t:|1781460030\n|switch|p1a: Iron Jugulis|Iron Jugulis, L77|271/271\n|move|p2a: Cinderace|Pyro Ball|p1a: Iron Jugulis\n|-damage|p1a: Iron Jugulis|85/271\n|\n|upkeep\n|turn|9\n|inactive|marcofieten3 has 60 seconds left.\n|\n|t:|1781460040\n|move|p2a: Cinderace|Pyro Ball|p1a: Iron Jugulis\n|-damage|p1a: Iron Jugulis|0 fnt\n|faint|p1a: Iron Jugulis\n|-end|p1a: Iron Jugulis|Quark Drive|[silent]\n|\n|upkeep\n|\n|t:|1781460044\n|switch|p1a: Lycanroc|Lycanroc-Dusk, L81, M|254/254\n|turn|10\n|\n|t:|1781460053\n|switch|p2a: Swampert|Swampert, L83, F|302/302\n|move|p1a: Lycanroc|Stone Edge|p2a: Swampert\n|-resisted|p2a: Swampert\n|-damage|p2a: Swampert|219/302\n|\n|-heal|p2a: Swampert|237/302|[from] item: Leftovers\n|upkeep\n|turn|11\n|\n|t:|1781460065\n|switch|p1a: Seviper|Seviper, L93, M|259/287\n|move|p2a: Swampert|Yawn|p1a: Seviper\n|-start|p1a: Seviper|move: Yawn|[of] p2a: Swampert\n|\n|-heal|p2a: Swampert|255/302|[from] item: Leftovers\n|upkeep\n|turn|12\n|\n|t:|1781460075\n|move|p1a: Seviper|Giga Drain|p2a: Swampert\n|-supereffective|p2a: Swampert\n|-damage|p2a: Swampert|0 fnt\n|-heal|p1a: Seviper|287/287|[from] drain|[of] p2a: Swampert\n|faint|p2a: Swampert\n|-damage|p1a: Seviper|259/287|[from] item: Life Orb\n|\n|-end|p1a: Seviper|move: Yawn|[silent]\n|-status|p1a: Seviper|slp\n|upkeep\n|c|\u2606marcofieten3|!weakness poison\n|c| marcofieten3|/raw <div class=\"infobox\">Poison:<br /><span class=\"message-effect-weak\">Weaknesses</span>: Ground, Psychic<br /><span class=\"message-effect-resist\">Resistances</span>: Bug, Fairy, Fighting, Grass, Poison<br /><span class=\"message-effect-immune\">Immunities</span>: Toxic</div>\n|inactive|marcofieten3 has 60 seconds left.\n|\n|t:|1781460090\n|switch|p2a: Grumpig|Grumpig, L92, M|297/297\n|turn|13\n|\n|t:|1781460110\n|switch|p1a: Lycanroc|Lycanroc-Dusk, L81, M|254/254\n|move|p2a: Grumpig|Nasty Plot|p2a: Grumpig\n|-boost|p2a: Grumpig|spa|2\n|\n|upkeep\n|turn|14\n|\n|t:|1781460123\n|move|p1a: Lycanroc|Stone Edge|p2a: Grumpig\n|-damage|p2a: Grumpig|89/297\n|move|p2a: Grumpig|Shadow Ball|p1a: Lycanroc\n|-damage|p1a: Lycanroc|80/254\n|\n|-heal|p2a: Grumpig|107/297|[from] item: Leftovers\n|upkeep\n|turn|15\n|inactive|marcofieten3 has 60 seconds left.\n|\n|t:|1781460148\n|move|p1a: Lycanroc|Stone Edge|p2a: Grumpig\n|-damage|p2a: Grumpig|0 fnt\n|faint|p2a: Grumpig\n|\n|upkeep\n|\n|t:|1781460152\n|switch|p2a: Chandelure|Chandelure, L83, F|235/235\n|turn|16\n|inactive|marcofieten3 has 60 seconds left.\n|\n|t:|1781460165\n|move|p2a: Chandelure|Energy Ball|p1a: Lycanroc\n|-supereffective|p1a: Lycanroc\n|-damage|p1a: Lycanroc|0 fnt\n|faint|p1a: Lycanroc\n|\n|upkeep\n|\n|t:|1781460173\n|switch|p1a: Gastrodon|Gastrodon-East, L86, F|331/331\n|turn|17\n|\n|t:|1781460181\n|move|p2a: Chandelure|Energy Ball|p1a: Gastrodon\n|-supereffective|p1a: Gastrodon\n|-damage|p1a: Gastrodon|0 fnt\n|faint|p1a: Gastrodon\n|\n|upkeep\n|\n|t:|1781460187\n|switch|p1a: Seviper|Seviper, L93, M|259/287 slp\n|turn|18\n|\n|t:|1781460198\n|switch|p2a: Koraidon|Koraidon, L64|235/235\n|-weather|SunnyDay|[from] ability: Orichalcum Pulse|[of] p2a: Koraidon\n|-activate|p2a: Koraidon|Orichalcum Pulse|[source]\n|cant|p1a: Seviper|slp\n|\n|-weather|SunnyDay|[upkeep]\n|upkeep\n|turn|19\n|\n|t:|1781460214\n|move|p2a: Koraidon|Swords Dance|p2a: Koraidon\n|-boost|p2a: Koraidon|atk|2\n|cant|p1a: Seviper|slp\n|\n|-weather|SunnyDay|[upkeep]\n|upkeep\n|turn|20\n|\n|t:|1781460220\n|move|p2a: Koraidon|Scale Shot|p1a: Seviper\n|-damage|p1a: Seviper|198/287 slp\n|-damage|p1a: Seviper|128/287 slp\n|-damage|p1a: Seviper|59/287 slp\n|-damage|p1a: Seviper|0 fnt\n|faint|p1a: Seviper\n|-hitcount|p1: Seviper|4\n|-unboost|p2a: Koraidon|def|1\n|-boost|p2a: Koraidon|spe|1\n|\n|-weather|SunnyDay|[upkeep]\n|upkeep\n|\n|t:|1781460228\n|switch|p1a: Kyurem|Kyurem, L77, tera:Ground|97/319\n|-ability|p1a: Kyurem|Pressure\n|turn|21\n|\n|t:|1781460234\n|move|p2a: Koraidon|Scale Shot|p1a: Kyurem\n|-damage|p1a: Kyurem|42/319\n|-damage|p1a: Kyurem|0 fnt\n|faint|p1a: Kyurem\n|-hitcount|p1: Kyurem|2\n|\n|win|marcofieten3\n|raw|hr1sh4bh's rating: 1357 &rarr; <strong>1340</strong><br />(-17 for losing)\n|raw|marcofieten3's rating: 1403 &rarr; <strong>1420</strong><br />(+17 for winning)\n", "inputlog": ">version a8376a258c1d4662feba110a92103f3664a72141\n>start {\"formatid\":\"gen9randombattle\",\"seed\":\"sodium,daa5970835e9e408e5cd0c70353c0ac8\",\"rated\":\"Rated battle\"}\n>player p1 {\"name\":\"hr1sh4bh\",\"avatar\":\"n\",\"rating\":1357,\"seed\":\"sodium,b7a89e634934b75ce93afffb288b2571\"}\n>player p2 {\"name\":\"marcofieten3\",\"avatar\":\"170\",\"rating\":1403,\"seed\":\"sodium,b7cf6c9b17c0dea98ae06d665f513c8e\"}\n>p1 move stoneedge\n>p2 move highjumpkick\n>p1 switch 2\n>chat \u2606marcofieten3|!weakness dark, flying\n>p1 move hurricane\n>p2 switch 2\n>p1 switch 5\n>p2 move calmmind\n>p1 move gunkshot\n>p2 move calmmind terastallize\n>p1 move gigadrain\n>p2 move synthesis\n>p1 switch 4\n>p2 move terablast\n>p1 move iciclespear terastallize\n>p2 move moonblast\n>p2 switch 2\n>p1 switch 5\n>p2 move pyroball\n>p1 move earthpower\n>p2 move pyroball\n>p1 switch 3\n>p1 move stoneedge\n>p2 switch 6\n>p1 switch 4\n>p2 move yawn\n>p1 move gigadrain\n>p2 move knockoff\n>chat \u2606marcofieten3|!weakness poison\n>p2 switch 3\n>p1 switch 4\n>p2 move nastyplot\n>p1 move stoneedge\n>p2 move shadowball\n>p1 move stoneedge\n>p2 move shadowball\n>p2 switch 5\n>p1 move stoneedge\n>p2 move energyball\n>p1 switch 6\n>p1 move earthquake\n>p2 move energyball\n>p1 switch 4\n>p1 move earthquake\n>p2 switch 4\n>p1 move gunkshot\n>p2 move swordsdance\n>p1 move gunkshot\n>p2 move scaleshot\n>p1 switch 5\n>p1 move scaleshot\n>p2 move scaleshot", "uploadtime": 1781460240, "views": 5, "formatid": "gen9randombattle", "rating": 1340, "private": 0, "password": null}