{"id": "gen9randombattle-2631552635", "format": "[Gen 9] Random Battle", "players": ["Vendetta4", "shfy"], "log": "|j|\u2606Vendetta4\n|j|\u2606shfy\n|t:|1781400319\n|gametype|singles\n|player|p1|Vendetta4|linebacker|1046\n|player|p2|shfy|1|1000\n|gen|9\n|tier|[Gen 9] Random Battle\n|rated|\n|rule|Species Clause: Limit one of each Pok\u00e9mon\n|rule|HP Percentage Mod: HP is shown in percentages\n|rule|Sleep Clause Mod: Limit one foe put to sleep\n|rule|Illusion Level Mod: Illusion disguises the Pok\u00e9mon's true level\n|\n|t:|1781400319\n|teamsize|p1|6\n|teamsize|p2|6\n|start\n|switch|p1a: Leafeon|Leafeon, L88, F|258/258\n|switch|p2a: Arboliva|Arboliva, L91, F|288/288\n|turn|1\n|\n|t:|1781400338\n|move|p1a: Leafeon|Swords Dance|p1a: Leafeon\n|-boost|p1a: Leafeon|atk|2\n|move|p2a: Arboliva|Substitute|p2a: Arboliva\n|-start|p2a: Arboliva|Substitute\n|-damage|p2a: Arboliva|216/288\n|\n|upkeep\n|turn|2\n|\n|t:|1781400359\n|move|p1a: Leafeon|Swords Dance|p1a: Leafeon\n|-boost|p1a: Leafeon|atk|2\n|move|p2a: Arboliva|Hyper Voice|p1a: Leafeon\n|-damage|p1a: Leafeon|86/258\n|\n|upkeep\n|turn|3\n|\n|t:|1781400375\n|move|p2a: Arboliva|Protect|p2a: Arboliva\n|-singleturn|p2a: Arboliva|Protect\n|move|p1a: Leafeon|Double-Edge|p2a: Arboliva\n|-activate|p2a: Arboliva|move: Protect\n|\n|upkeep\n|turn|4\n|\n|t:|1781400383\n|move|p1a: Leafeon|Double-Edge|p2a: Arboliva\n|-end|p2a: Arboliva|Substitute\n|-damage|p1a: Leafeon|62/258|[from] Recoil|[of] p2a: Arboliva\n|-damage|p1a: Leafeon|37/258|[from] item: Life Orb\n|move|p2a: Arboliva|Hyper Voice|p1a: Leafeon\n|-damage|p1a: Leafeon|0 fnt\n|faint|p1a: Leafeon\n|\n|upkeep\n|\n|t:|1781400395\n|switch|p1a: Flareon|Flareon, L90, F|263/263\n|turn|5\n|\n|t:|1781400408\n|-terastallize|p2a: Arboliva|Water\n|move|p1a: Flareon|Flare Blitz|p2a: Arboliva\n|-resisted|p2a: Arboliva\n|-damage|p2a: Arboliva|127/288\n|-enditem|p2a: Arboliva|Sitrus Berry|[eat]\n|-heal|p2a: Arboliva|199/288|[from] item: Sitrus Berry\n|-damage|p1a: Flareon|234/263|[from] Recoil\n|move|p2a: Arboliva|Leech Seed|p1a: Flareon\n|-start|p1a: Flareon|move: Leech Seed\n|\n|-damage|p1a: Flareon|202/263|[from] Leech Seed|[of] p2a: Arboliva\n|-heal|p2a: Arboliva|231/288|[silent]\n|-status|p1a: Flareon|tox|[from] item: Toxic Orb\n|upkeep\n|turn|6\n|\n|t:|1781400433\n|move|p1a: Flareon|Trailblaze|p2a: Arboliva\n|-supereffective|p2a: Arboliva\n|-damage|p2a: Arboliva|85/288\n|-boost|p1a: Flareon|spe|1\n|move|p2a: Arboliva|Substitute|p2a: Arboliva\n|-start|p2a: Arboliva|Substitute\n|-damage|p2a: Arboliva|13/288\n|\n|-damage|p1a: Flareon|170/263 tox|[from] Leech Seed|[of] p2a: Arboliva\n|-heal|p2a: Arboliva|45/288|[silent]\n|-damage|p1a: Flareon|154/263 tox|[from] psn\n|upkeep\n|turn|7\n|\n|t:|1781400447\n|move|p2a: Arboliva|Protect|p2a: Arboliva\n|-singleturn|p2a: Arboliva|Protect\n|move|p1a: Flareon|Trailblaze|p2a: Arboliva\n|-activate|p2a: Arboliva|move: Protect\n|\n|-damage|p1a: Flareon|122/263 tox|[from] Leech Seed|[of] p2a: Arboliva\n|-heal|p2a: Arboliva|77/288|[silent]\n|-damage|p1a: Flareon|90/263 tox|[from] psn\n|-item|p2a: Arboliva|Sitrus Berry|[from] ability: Harvest\n|upkeep\n|-enditem|p2a: Arboliva|Sitrus Berry|[eat]\n|-heal|p2a: Arboliva|149/288|[from] item: Sitrus Berry\n|turn|8\n|\n|t:|1781400465\n|move|p1a: Flareon|Facade|p2a: Arboliva\n|-end|p2a: Arboliva|Substitute\n|move|p2a: Arboliva|Hyper Voice|p1a: Flareon\n|-damage|p1a: Flareon|0 fnt\n|faint|p1a: Flareon\n|\n|-item|p2a: Arboliva|Sitrus Berry|[from] ability: Harvest\n|upkeep\n|\n|t:|1781400472\n|switch|p1a: Okidogi|Okidogi, L77, M|262/262\n|turn|9\n|\n|t:|1781400488\n|move|p1a: Okidogi|Gunk Shot|p2a: Arboliva\n|-damage|p2a: Arboliva|25/288\n|-enditem|p2a: Arboliva|Sitrus Berry|[eat]\n|-heal|p2a: Arboliva|97/288|[from] item: Sitrus Berry\n|move|p2a: Arboliva|Leech Seed|p1a: Okidogi\n|-start|p1a: Okidogi|move: Leech Seed\n|\n|-damage|p1a: Okidogi|230/262|[from] Leech Seed|[of] p2a: Arboliva\n|-heal|p2a: Arboliva|129/288|[silent]\n|-item|p2a: Arboliva|Sitrus Berry|[from] ability: Harvest\n|upkeep\n|-enditem|p2a: Arboliva|Sitrus Berry|[eat]\n|-heal|p2a: Arboliva|201/288|[from] item: Sitrus Berry\n|turn|10\n|\n|t:|1781400512\n|move|p2a: Arboliva|Protect|p2a: Arboliva\n|-singleturn|p2a: Arboliva|Protect\n|move|p1a: Okidogi|Gunk Shot|p2a: Arboliva\n|-activate|p2a: Arboliva|move: Protect\n|\n|-damage|p1a: Okidogi|198/262|[from] Leech Seed|[of] p2a: Arboliva\n|-heal|p2a: Arboliva|233/288|[silent]\n|-item|p2a: Arboliva|Sitrus Berry|[from] ability: Harvest\n|upkeep\n|turn|11\n|\n|t:|1781400523\n|move|p1a: Okidogi|Gunk Shot|p2a: Arboliva\n|-damage|p2a: Arboliva|121/288\n|-status|p2a: Arboliva|psn\n|-enditem|p2a: Arboliva|Sitrus Berry|[eat]\n|-heal|p2a: Arboliva|193/288 psn|[from] item: Sitrus Berry\n|move|p2a: Arboliva|Substitute|p2a: Arboliva\n|-start|p2a: Arboliva|Substitute\n|-damage|p2a: Arboliva|121/288 psn\n|\n|-damage|p1a: Okidogi|166/262|[from] Leech Seed|[of] p2a: Arboliva\n|-heal|p2a: Arboliva|153/288 psn|[silent]\n|-damage|p2a: Arboliva|117/288 psn|[from] psn\n|-item|p2a: Arboliva|Sitrus Berry|[from] ability: Harvest\n|upkeep\n|-enditem|p2a: Arboliva|Sitrus Berry|[eat]\n|-heal|p2a: Arboliva|189/288 psn|[from] item: Sitrus Berry\n|turn|12\n|\n|t:|1781400540\n|move|p2a: Arboliva|Protect|p2a: Arboliva\n|-singleturn|p2a: Arboliva|Protect\n|move|p1a: Okidogi|Drain Punch|p2a: Arboliva\n|-activate|p2a: Arboliva|move: Protect\n|\n|-damage|p1a: Okidogi|134/262|[from] Leech Seed|[of] p2a: Arboliva\n|-heal|p2a: Arboliva|221/288 psn|[silent]\n|-damage|p2a: Arboliva|185/288 psn|[from] psn\n|upkeep\n|turn|13\n|\n|t:|1781400556\n|move|p1a: Okidogi|Drain Punch|p2a: Arboliva\n|-end|p2a: Arboliva|Substitute\n|-heal|p1a: Okidogi|170/262|[from] drain|[of] p2a: Arboliva\n|move|p2a: Arboliva|Hyper Voice|p1a: Okidogi\n|-damage|p1a: Okidogi|61/262\n|\n|-damage|p1a: Okidogi|29/262|[from] Leech Seed|[of] p2a: Arboliva\n|-heal|p2a: Arboliva|217/288 psn|[silent]\n|-damage|p2a: Arboliva|181/288 psn|[from] psn\n|-item|p2a: Arboliva|Sitrus Berry|[from] ability: Harvest\n|upkeep\n|turn|14\n|\n|t:|1781400571\n|move|p2a: Arboliva|Protect|p2a: Arboliva\n|-singleturn|p2a: Arboliva|Protect\n|move|p1a: Okidogi|Drain Punch|p2a: Arboliva\n|-activate|p2a: Arboliva|move: Protect\n|\n|-damage|p1a: Okidogi|0 fnt|[from] Leech Seed|[of] p2a: Arboliva\n|-heal|p2a: Arboliva|210/288 psn|[silent]\n|faint|p1a: Okidogi\n|-damage|p2a: Arboliva|174/288 psn|[from] psn\n|upkeep\n|\n|t:|1781400588\n|switch|p1a: Solgaleo|Solgaleo, L74|325/325\n|turn|15\n|\n|t:|1781400607\n|move|p1a: Solgaleo|Earthquake|p2a: Arboliva\n|-damage|p2a: Arboliva|105/288 psn\n|-enditem|p2a: Arboliva|Sitrus Berry|[eat]\n|-heal|p2a: Arboliva|177/288 psn|[from] item: Sitrus Berry\n|move|p2a: Arboliva|Leech Seed|p1a: Solgaleo\n|-start|p1a: Solgaleo|move: Leech Seed\n|\n|-damage|p1a: Solgaleo|285/325|[from] Leech Seed|[of] p2a: Arboliva\n|-heal|p2a: Arboliva|217/288 psn|[silent]\n|-damage|p2a: Arboliva|181/288 psn|[from] psn\n|upkeep\n|turn|16\n|-message|Vendetta4 forfeited.\n|\n|win|shfy\n|raw|Vendetta4's rating: 1079 &rarr; <strong>1052</strong><br />(-27 for losing)\n|raw|shfy's rating: 1000 &rarr; <strong>1049</strong><br />(+49 for winning)\n|l|\u2606Vendetta4\n|player|p1|\n", "uploadtime": 1781400631, "views": 2, "formatid": "gen9randombattle", "rating": 1049, "private": 0, "password": null}