{"id": "gen9randombattle-2631599333", "format": "[Gen 9] Random Battle", "players": ["as4 on show", "Kool Kiddo"], "log": "|j|\u2606as4 on show\n|j|\u2606Kool Kiddo\n|t:|1781406777\n|gametype|singles\n|player|p1|as4 on show|266|1998\n|player|p2|Kool Kiddo|hilbert|2037\n|gen|9\n|tier|[Gen 9] Random Battle\n|rated|\n|rule|Species Clause: Limit one of each Pok\u00e9mon\n|rule|HP Percentage Mod: HP is shown in percentages\n|rule|Sleep Clause Mod: Limit one foe put to sleep\n|rule|Illusion Level Mod: Illusion disguises the Pok\u00e9mon's true level\n|\n|t:|1781406777\n|teamsize|p1|6\n|teamsize|p2|6\n|start\n|switch|p1a: Kricketune|Kricketune, L99, M|311/311\n|switch|p2a: Eternatus|Eternatus, L69|308/308\n|-ability|p2a: Eternatus|Pressure\n|turn|1\n|inactive|Battle timer is ON: inactive players will automatically lose when time's up. (requested by Kool Kiddo)\n|\n|t:|1781406783\n|move|p2a: Eternatus|Toxic Spikes|p1a: Kricketune\n|-sidestart|p1: as4 on show|move: Toxic Spikes\n|move|p1a: Kricketune|Pounce|p2a: Eternatus\n|-resisted|p2a: Eternatus\n|-crit|p2a: Eternatus\n|-damage|p2a: Eternatus|222/308\n|-unboost|p2a: Eternatus|spe|1\n|-damage|p1a: Kricketune|260/311|[from] item: Rocky Helmet|[of] p2a: Eternatus\n|\n|upkeep\n|turn|2\n|\n|t:|1781406789\n|move|p1a: Kricketune|Taunt|p2a: Eternatus\n|-start|p2a: Eternatus|move: Taunt\n|cant|p2a: Eternatus|move: Taunt|Toxic Spikes\n|\n|upkeep\n|turn|3\n|\n|t:|1781406791\n|move|p1a: Kricketune|Sticky Web|p2a: Eternatus\n|-sidestart|p2: Kool Kiddo|move: Sticky Web\n|move|p2a: Eternatus|Flamethrower|p1a: Kricketune\n|-supereffective|p1a: Kricketune\n|-damage|p1a: Kricketune|110/311\n|\n|upkeep\n|turn|4\n|\n|t:|1781406794\n|move|p1a: Kricketune|Knock Off|p2a: Eternatus\n|-damage|p2a: Eternatus|116/308\n|-damage|p1a: Kricketune|59/311|[from] item: Rocky Helmet|[of] p2a: Eternatus\n|-enditem|p2a: Eternatus|Rocky Helmet|[from] move: Knock Off|[of] p1a: Kricketune\n|move|p2a: Eternatus|Flamethrower|p1a: Kricketune\n|-supereffective|p1a: Kricketune\n|-crit|p1a: Kricketune\n|-damage|p1a: Kricketune|0 fnt\n|faint|p1a: Kricketune\n|\n|-end|p2a: Eternatus|move: Taunt\n|upkeep\n|\n|t:|1781406801\n|switch|p1a: Iron Boulder|Iron Boulder, L77|265/265\n|-status|p1a: Iron Boulder|psn\n|turn|5\n|\n|t:|1781406821\n|move|p1a: Iron Boulder|Swords Dance|p1a: Iron Boulder\n|-boost|p1a: Iron Boulder|atk|2\n|move|p2a: Eternatus|Dynamax Cannon|p1a: Iron Boulder\n|-damage|p1a: Iron Boulder|177/265 psn\n|\n|-damage|p1a: Iron Boulder|144/265 psn|[from] psn\n|upkeep\n|turn|6\n|\n|t:|1781406824\n|move|p1a: Iron Boulder|Mighty Cleave|p2a: Eternatus\n|-damage|p2a: Eternatus|0 fnt\n|faint|p2a: Eternatus\n|-damage|p1a: Iron Boulder|118/265 psn|[from] item: Life Orb\n|\n|-damage|p1a: Iron Boulder|85/265 psn|[from] psn\n|upkeep\n|\n|t:|1781406833\n|switch|p2a: Scrafty|Scrafty, L83, M|244/244\n|-activate|p2a: Scrafty|move: Sticky Web\n|-unboost|p2a: Scrafty|spe|1\n|-ability|p2a: Scrafty|Intimidate|boost\n|-unboost|p1a: Iron Boulder|atk|1\n|turn|7\n|\n|t:|1781406837\n|switch|p2a: Clefable|Clefable, L83, F|293/293\n|-activate|p2a: Clefable|move: Sticky Web\n|-unboost|p2a: Clefable|spe|1\n|move|p1a: Iron Boulder|Close Combat|p2a: Clefable\n|-resisted|p2a: Clefable\n|-damage|p2a: Clefable|201/293\n|-unboost|p1a: Iron Boulder|def|1\n|-unboost|p1a: Iron Boulder|spd|1\n|-damage|p1a: Iron Boulder|59/265 psn|[from] item: Life Orb\n|\n|-damage|p1a: Iron Boulder|26/265 psn|[from] psn\n|upkeep\n|turn|8\n|\n|t:|1781406847\n|switch|p2a: Bronzong|Bronzong, L88|261/261\n|move|p1a: Iron Boulder|Close Combat|p2a: Bronzong\n|-damage|p2a: Bronzong|143/261\n|-unboost|p1a: Iron Boulder|def|1\n|-unboost|p1a: Iron Boulder|spd|1\n|-damage|p1a: Iron Boulder|0 fnt|[from] item: Life Orb\n|faint|p1a: Iron Boulder\n|-end|p1a: Iron Boulder|Quark Drive|[silent]\n|\n|-heal|p2a: Bronzong|159/261|[from] item: Leftovers\n|upkeep\n|\n|t:|1781406851\n|switch|p1a: Basculegion|Basculegion-F, L83, F|335/335\n|-status|p1a: Basculegion|psn\n|turn|9\n|\n|t:|1781406862\n|switch|p2a: Scrafty|Scrafty, L83, M|244/244\n|-activate|p2a: Scrafty|move: Sticky Web\n|-unboost|p2a: Scrafty|spe|1\n|-ability|p2a: Scrafty|Intimidate|boost\n|-unboost|p1a: Basculegion|atk|1\n|move|p1a: Basculegion|Hydro Pump|p2a: Scrafty\n|-damage|p2a: Scrafty|104/244\n|\n|-heal|p2a: Scrafty|119/244|[from] item: Leftovers\n|-damage|p1a: Basculegion|294/335 psn|[from] psn\n|upkeep\n|turn|10\n|\n|t:|1781406872\n|move|p1a: Basculegion|Hydro Pump|p2a: Scrafty|[miss]\n|-miss|p1a: Basculegion|p2a: Scrafty\n|move|p2a: Scrafty|Knock Off|p1a: Basculegion\n|-supereffective|p1a: Basculegion\n|-damage|p1a: Basculegion|40/335 psn\n|-enditem|p1a: Basculegion|Assault Vest|[from] move: Knock Off|[of] p2a: Scrafty\n|\n|-heal|p2a: Scrafty|134/244|[from] item: Leftovers\n|-damage|p1a: Basculegion|0 fnt|[from] psn\n|faint|p1a: Basculegion\n|upkeep\n|\n|t:|1781406885\n|switch|p1a: Staraptor|Staraptor, L79, F|263/263\n|turn|11\n|\n|t:|1781406889\n|move|p1a: Staraptor|Brave Bird|p2a: Scrafty\n|-supereffective|p2a: Scrafty\n|-damage|p2a: Scrafty|0 fnt\n|faint|p2a: Scrafty\n|-damage|p1a: Staraptor|219/263|[from] Recoil\n|\n|upkeep\n|\n|t:|1781406896\n|switch|p2a: Bronzong|Bronzong, L88|159/261\n|turn|12\n|\n|t:|1781406900\n|move|p1a: Staraptor|Brave Bird|p2a: Bronzong\n|-resisted|p2a: Bronzong\n|-damage|p2a: Bronzong|71/261\n|-damage|p1a: Staraptor|190/263|[from] Recoil\n|move|p2a: Bronzong|Hypnosis|p1a: Staraptor|[miss]\n|-miss|p2a: Bronzong|p1a: Staraptor\n|\n|-heal|p2a: Bronzong|87/261|[from] item: Leftovers\n|upkeep\n|turn|13\n|\n|t:|1781406904\n|move|p1a: Staraptor|Brave Bird|p2a: Bronzong\n|-resisted|p2a: Bronzong\n|-damage|p2a: Bronzong|0 fnt\n|faint|p2a: Bronzong\n|-damage|p1a: Staraptor|161/263|[from] Recoil\n|\n|upkeep\n|\n|t:|1781406908\n|switch|p2a: Clefable|Clefable, L83, F|201/293\n|-activate|p2a: Clefable|move: Sticky Web\n|-unboost|p2a: Clefable|spe|1\n|turn|14\n|\n|t:|1781406911\n|-terastallize|p2a: Clefable|Steel\n|move|p1a: Staraptor|Brave Bird|p2a: Clefable\n|-resisted|p2a: Clefable\n|-damage|p2a: Clefable|60/293\n|-damage|p1a: Staraptor|114/263|[from] Recoil\n|move|p2a: Clefable|Thunder Wave|p1a: Staraptor\n|-status|p1a: Staraptor|par\n|\n|upkeep\n|turn|15\n|\n|t:|1781406916\n|move|p1a: Staraptor|Brave Bird|p2a: Clefable\n|-resisted|p2a: Clefable\n|-damage|p2a: Clefable|0 fnt\n|faint|p2a: Clefable\n|-damage|p1a: Staraptor|94/263 par|[from] Recoil\n|\n|upkeep\n|\n|t:|1781406919\n|switch|p2a: Fezandipiti|Fezandipiti, L82, M|278/278\n|-activate|p2a: Fezandipiti|move: Sticky Web\n|-unboost|p2a: Fezandipiti|spe|1\n|turn|16\n|\n|t:|1781406922\n|move|p2a: Fezandipiti|Play Rough|p1a: Staraptor\n|-damage|p1a: Staraptor|0 fnt\n|faint|p1a: Staraptor\n|\n|upkeep\n|\n|t:|1781406928\n|switch|p1a: Bastiodon|Bastiodon, L89, F|252/252\n|turn|17\n|\n|t:|1781406932\n|switch|p2a: Appletun|Appletun, L92, M|352/352\n|-activate|p2a: Appletun|move: Sticky Web\n|-unboost|p2a: Appletun|spe|1\n|move|p1a: Bastiodon|Iron Defense|p1a: Bastiodon\n|-boost|p1a: Bastiodon|def|2\n|\n|upkeep\n|turn|18\n|\n|t:|1781406937\n|move|p1a: Bastiodon|Iron Defense|p1a: Bastiodon\n|-boost|p1a: Bastiodon|def|2\n|move|p2a: Appletun|Leech Seed|p1a: Bastiodon\n|-start|p1a: Bastiodon|move: Leech Seed\n|\n|-damage|p1a: Bastiodon|221/252|[from] Leech Seed|[of] p2a: Appletun\n|upkeep\n|turn|19\n|\n|t:|1781406941\n|move|p1a: Bastiodon|Iron Defense|p1a: Bastiodon\n|-boost|p1a: Bastiodon|def|2\n|move|p2a: Appletun|Apple Acid|p1a: Bastiodon\n|-damage|p1a: Bastiodon|152/252\n|-unboost|p1a: Bastiodon|spd|1\n|\n|-damage|p1a: Bastiodon|121/252|[from] Leech Seed|[of] p2a: Appletun\n|upkeep\n|turn|20\n|\n|t:|1781406946\n|switch|p2a: Fezandipiti|Fezandipiti, L82, M|278/278\n|-activate|p2a: Fezandipiti|move: Sticky Web\n|-unboost|p2a: Fezandipiti|spe|1\n|move|p1a: Bastiodon|Rest|p1a: Bastiodon\n|-status|p1a: Bastiodon|slp|[from] move: Rest\n|-heal|p1a: Bastiodon|252/252 slp|[silent]\n|-enditem|p1a: Bastiodon|Chesto Berry|[eat]\n|-curestatus|p1a: Bastiodon|slp|[msg]\n|\n|-damage|p1a: Bastiodon|221/252|[from] Leech Seed|[of] p2a: Fezandipiti\n|upkeep\n|turn|21\n|\n|t:|1781406951\n|-terastallize|p1a: Bastiodon|Fighting\n|move|p2a: Fezandipiti|Swords Dance|p2a: Fezandipiti\n|-boost|p2a: Fezandipiti|atk|2\n|move|p1a: Bastiodon|Body Press|p2a: Fezandipiti\n|-resisted|p2a: Fezandipiti\n|-damage|p2a: Fezandipiti|126/278\n|\n|-heal|p2a: Fezandipiti|143/278|[from] item: Leftovers\n|-damage|p1a: Bastiodon|190/252|[from] Leech Seed|[of] p2a: Fezandipiti\n|-heal|p2a: Fezandipiti|174/278|[silent]\n|upkeep\n|turn|22\n|\n|t:|1781406955\n|move|p2a: Fezandipiti|Play Rough|p1a: Bastiodon\n|-supereffective|p1a: Bastiodon\n|-damage|p1a: Bastiodon|142/252\n|-status|p1a: Bastiodon|tox|[from] ability: Toxic Chain|[of] p2a: Fezandipiti\n|move|p1a: Bastiodon|Body Press|p2a: Fezandipiti\n|-resisted|p2a: Fezandipiti\n|-damage|p2a: Fezandipiti|15/278\n|\n|-heal|p2a: Fezandipiti|32/278|[from] item: Leftovers\n|-damage|p1a: Bastiodon|111/252 tox|[from] Leech Seed|[of] p2a: Fezandipiti\n|-heal|p2a: Fezandipiti|63/278|[silent]\n|-damage|p1a: Bastiodon|96/252 tox|[from] psn\n|upkeep\n|turn|23\n|\n|t:|1781406961\n|move|p2a: Fezandipiti|Play Rough|p1a: Bastiodon\n|-supereffective|p1a: Bastiodon\n|-damage|p1a: Bastiodon|42/252 tox\n|move|p1a: Bastiodon|Body Press|p2a: Fezandipiti\n|-resisted|p2a: Fezandipiti\n|-crit|p2a: Fezandipiti\n|-damage|p2a: Fezandipiti|0 fnt\n|faint|p2a: Fezandipiti\n|\n|-damage|p1a: Bastiodon|12/252 tox|[from] psn\n|upkeep\n|\n|t:|1781406963\n|switch|p2a: Appletun|Appletun, L92, M|352/352\n|-activate|p2a: Appletun|move: Sticky Web\n|-unboost|p2a: Appletun|spe|1\n|turn|24\n|\n|t:|1781406965\n|move|p1a: Bastiodon|Body Press|p2a: Appletun\n|-damage|p2a: Appletun|0 fnt\n|faint|p2a: Appletun\n|\n|win|as4 on show\n", "inputlog": ">version a8376a258c1d4662feba110a92103f3664a72141\n>start {\"formatid\":\"gen9randombattle\",\"seed\":\"sodium,2d65306e791658a27c5a4f43d92415ff\",\"rated\":\"Rated battle\"}\n>player p1 {\"name\":\"as4 on show\",\"avatar\":\"266\",\"rating\":1998,\"seed\":\"sodium,bf1ec66b34984f36a351067f57cbd6d9\"}\n>player p2 {\"name\":\"Kool Kiddo\",\"avatar\":\"hilbert\",\"rating\":2037,\"seed\":\"sodium,5c34c5ff9221692a7fee44950828ac3a\"}\n>p1 move pounce\n>p2 move toxicspikes\n>p1 move taunt\n>p2 move toxicspikes\n>p1 move stickyweb\n>p2 move flamethrower\n>p1 move knockoff\n>p2 move flamethrower\n>p1 switch 4\n>p1 move swordsdance\n>p2 move dynamaxcannon\n>p1 move mightycleave\n>p2 move recover\n>p2 switch 4\n>p1 move closecombat\n>p2 switch 6\n>p1 move closecombat\n>p2 switch 3\n>p1 switch 2\n>p1 move hydropump\n>p2 switch 6\n>p1 move hydropump\n>p2 move knockoff\n>p1 switch 5\n>p1 move bravebird\n>p2 move knockoff\n>p2 switch 6\n>p1 move bravebird\n>p2 move hypnosis\n>p1 move bravebird\n>p2 move psychic\n>p2 switch 3\n>p1 move bravebird\n>p2 move thunderwave terastallize\n>p1 move bravebird\n>p2 move moonlight\n>p2 switch 5\n>p1 move bravebird\n>p2 move playrough\n>p1 switch 3\n>p1 move irondefense\n>p2 switch 2\n>p1 move irondefense\n>p2 move leechseed\n>p1 move irondefense\n>p2 move appleacid\n>p1 move rest\n>p2 switch 2\n>p1 move bodypress terastallize\n>p2 move swordsdance\n>p1 move bodypress\n>p2 move playrough\n>p1 move bodypress\n>p2 move playrough\n>p2 switch 2\n>p1 move bodypress\n>p2 move recover", "uploadtime": 1781406778, "views": 4, "formatid": "gen9randombattle", "rating": null, "private": 0, "password": null}