{"id": "gen9randombattle-2631458153", "format": "[Gen 9] Random Battle", "players": ["awaangawa", "fortnitekid1212"], "log": "|j|\u2606awaangawa\n|j|\u2606fortnitekid1212\n|t:|1781387128\n|gametype|singles\n|player|p1|awaangawa|265|1935\n|player|p2|fortnitekid1212|169|1967\n|gen|9\n|tier|[Gen 9] Random Battle\n|rated|\n|rule|Species Clause: Limit one of each Pok\u00e9mon\n|rule|HP Percentage Mod: HP is shown in percentages\n|rule|Sleep Clause Mod: Limit one foe put to sleep\n|rule|Illusion Level Mod: Illusion disguises the Pok\u00e9mon's true level\n|\n|t:|1781387128\n|teamsize|p1|6\n|teamsize|p2|6\n|start\n|switch|p1a: Pyroar|Pyroar, L88, F|295/295\n|switch|p2a: Sandy Shocks|Sandy Shocks, L80|267/267\n|-ability|p1a: Pyroar|Unnerve\n|turn|1\n|inactive|Battle timer is ON: inactive players will automatically lose when time's up. (requested by awaangawa)\n|\n|t:|1781387153\n|switch|p1a: Torterra|Torterra, L78, M|276/276\n|move|p2a: Sandy Shocks|Spikes|p1a: Torterra\n|-sidestart|p1: awaangawa|Spikes\n|\n|upkeep\n|turn|2\n|\n|t:|1781387162\n|move|p2a: Sandy Shocks|Earth Power|p1a: Torterra\n|-resisted|p1a: Torterra\n|-damage|p1a: Torterra|222/276\n|move|p1a: Torterra|Shell Smash|p1a: Torterra\n|-unboost|p1a: Torterra|def|1\n|-unboost|p1a: Torterra|spd|1\n|-boost|p1a: Torterra|atk|2\n|-boost|p1a: Torterra|spa|2\n|-boost|p1a: Torterra|spe|2\n|\n|upkeep\n|turn|3\n|\n|t:|1781387170\n|move|p1a: Torterra|Shell Smash|p1a: Torterra\n|-unboost|p1a: Torterra|def|1\n|-unboost|p1a: Torterra|spd|1\n|-boost|p1a: Torterra|atk|2\n|-boost|p1a: Torterra|spa|2\n|-boost|p1a: Torterra|spe|2\n|move|p2a: Sandy Shocks|Earth Power|p1a: Torterra\n|-resisted|p1a: Torterra\n|-damage|p1a: Torterra|99/276\n|\n|upkeep\n|turn|4\n|\n|t:|1781387178\n|move|p1a: Torterra|Bullet Seed|p2a: Sandy Shocks\n|-supereffective|p2a: Sandy Shocks\n|-damage|p2a: Sandy Shocks|115/267\n|-supereffective|p2a: Sandy Shocks\n|-damage|p2a: Sandy Shocks|0 fnt\n|faint|p2a: Sandy Shocks\n|-end|p2a: Sandy Shocks|Protosynthesis|[silent]\n|-hitcount|p2: Sandy Shocks|2\n|\n|upkeep\n|\n|t:|1781387197\n|switch|p2a: Lokix|Lokix, L82, M|251/251\n|turn|5\n|\n|t:|1781387209\n|switch|p1a: Tauros|Tauros-Paldea-Combat, L82, M|257/257\n|-damage|p1a: Tauros|225/257|[from] Spikes\n|-ability|p1a: Tauros|Intimidate|boost\n|-unboost|p2a: Lokix|atk|1\n|move|p2a: Lokix|Sucker Punch||[still]\n|-fail|p2a: Lokix\n|\n|upkeep\n|turn|6\n|inactive|fortnitekid1212 has 120 seconds left.\n|\n|t:|1781387239\n|switch|p2a: Espeon|Espeon, L84, M|246/246\n|move|p1a: Tauros|Close Combat|p2a: Espeon\n|-resisted|p2a: Espeon\n|-damage|p2a: Espeon|125/246\n|-unboost|p1a: Tauros|def|1\n|-unboost|p1a: Tauros|spd|1\n|\n|upkeep\n|turn|7\n|\n|t:|1781387265\n|switch|p1a: Ludicolo|Ludicolo, L90, M|290/290\n|-damage|p1a: Ludicolo|254/290|[from] Spikes\n|move|p2a: Espeon|Psychic|p1a: Ludicolo\n|-damage|p1a: Ludicolo|129/290\n|-damage|p2a: Espeon|101/246|[from] item: Life Orb\n|\n|upkeep\n|turn|8\n|inactive|fortnitekid1212 has 120 seconds left.\n|\n|t:|1781387286\n|move|p2a: Espeon|Psychic|p1a: Ludicolo\n|-damage|p1a: Ludicolo|0 fnt\n|faint|p1a: Ludicolo\n|-damage|p2a: Espeon|77/246|[from] item: Life Orb\n|\n|upkeep\n|\n|t:|1781387299\n|switch|p1a: Pyroar|Pyroar, L88, F|295/295\n|-ability|p1a: Pyroar|Unnerve\n|turn|9\n|inactive|fortnitekid1212 has 120 seconds left.\n|inactive|awaangawa has 120 seconds left.\n|inactive|fortnitekid1212 has 90 seconds left.\n|\n|t:|1781387356\n|move|p1a: Pyroar|Hyper Voice|p2a: Espeon\n|-damage|p2a: Espeon|0 fnt\n|faint|p2a: Espeon\n|\n|upkeep\n|\n|t:|1781387363\n|switch|p2a: Koraidon|Koraidon, L64|235/235\n|-weather|SunnyDay|[from] ability: Orichalcum Pulse|[of] p2a: Koraidon\n|-activate|p2a: Koraidon|Orichalcum Pulse|[source]\n|turn|10\n|inactive|awaangawa has 120 seconds left.\n|\n|t:|1781387408\n|move|p1a: Pyroar|Hyper Voice|p2a: Koraidon\n|-damage|p2a: Koraidon|103/235\n|move|p2a: Koraidon|Close Combat|p1a: Pyroar\n|-supereffective|p1a: Pyroar\n|-damage|p1a: Pyroar|0 fnt\n|-unboost|p2a: Koraidon|def|1\n|-unboost|p2a: Koraidon|spd|1\n|faint|p1a: Pyroar\n|\n|-weather|SunnyDay|[upkeep]\n|upkeep\n|inactive|awaangawa has 90 seconds left.\n|\n|t:|1781387432\n|switch|p1a: Tauros|Tauros-Paldea-Combat, L82, M|225/257\n|-damage|p1a: Tauros|193/257|[from] Spikes\n|-ability|p1a: Tauros|Intimidate|boost\n|-unboost|p2a: Koraidon|atk|1\n|turn|11\n|\n|t:|1781387440\n|move|p2a: Koraidon|Close Combat|p1a: Tauros\n|-damage|p1a: Tauros|73/257\n|-unboost|p2a: Koraidon|def|1\n|-unboost|p2a: Koraidon|spd|1\n|move|p1a: Tauros|Close Combat|p2a: Koraidon\n|-damage|p2a: Koraidon|0 fnt\n|-unboost|p1a: Tauros|def|1\n|-unboost|p1a: Tauros|spd|1\n|faint|p2a: Koraidon\n|\n|-weather|SunnyDay|[upkeep]\n|upkeep\n|\n|t:|1781387445\n|switch|p2a: Plusle|Plusle, L95, M|268/268\n|turn|12\n|\n|t:|1781387458\n|move|p2a: Plusle|Thunderbolt|p1a: Tauros\n|-damage|p1a: Tauros|0 fnt\n|faint|p1a: Tauros\n|-damage|p2a: Plusle|242/268|[from] item: Life Orb\n|\n|-weather|SunnyDay|[upkeep]\n|upkeep\n|inactive|awaangawa has 90 seconds left.\n|\n|t:|1781387476\n|switch|p1a: Arceus|Arceus-Electric, L70|284/284\n|-damage|p1a: Arceus|249/284|[from] Spikes\n|turn|13\n|\n|t:|1781387492\n|move|p2a: Plusle|Nasty Plot|p2a: Plusle\n|-boost|p2a: Plusle|spa|2\n|move|p1a: Arceus|Ice Beam|p2a: Plusle\n|-damage|p2a: Plusle|191/268\n|\n|-weather|SunnyDay|[upkeep]\n|upkeep\n|turn|14\n|inactive|awaangawa has 90 seconds left.\n|\n|t:|1781387508\n|switch|p1a: Torterra|Torterra, L78, M|99/276\n|-damage|p1a: Torterra|65/276|[from] Spikes\n|move|p2a: Plusle|Nasty Plot|p2a: Plusle\n|-boost|p2a: Plusle|spa|2\n|\n|-weather|none\n|upkeep\n|turn|15\n|\n|t:|1781387514\n|move|p2a: Plusle|Grass Knot|p1a: Torterra\n|-damage|p1a: Torterra|0 fnt\n|faint|p1a: Torterra\n|-damage|p2a: Plusle|165/268|[from] item: Life Orb\n|\n|upkeep\n|\n|t:|1781387517\n|switch|p1a: Hydreigon|Hydreigon, L79, M|275/275\n|turn|16\n|inactive|fortnitekid1212 has 120 seconds left.\n|\n|t:|1781387533\n|-terastallize|p1a: Hydreigon|Fire\n|move|p2a: Plusle|Thunderbolt|p1a: Hydreigon\n|-damage|p1a: Hydreigon|0 fnt\n|faint|p1a: Hydreigon\n|-damage|p2a: Plusle|139/268|[from] item: Life Orb\n|\n|upkeep\n|-message|awaangawa forfeited.\n|\n|win|fortnitekid1212\n", "inputlog": ">version a8376a258c1d4662feba110a92103f3664a72141\n>start {\"formatid\":\"gen9randombattle\",\"seed\":\"sodium,e8770541339e7ddc8f56fb2677155331\",\"rated\":\"Rated battle\"}\n>player p1 {\"name\":\"awaangawa\",\"avatar\":\"265\",\"rating\":1935,\"seed\":\"sodium,58a68ee861bafa5fe26ba7582685e0f4\"}\n>player p2 {\"name\":\"fortnitekid1212\",\"avatar\":\"169\",\"rating\":1967,\"seed\":\"sodium,87983af6098fe0e42ed9ed35725382d9\"}\n>p1 switch 2\n>p2 move spikes\n>p1 move shellsmash\n>p2 move earthpower\n>p1 move shellsmash\n>p2 move earthpower\n>p1 move bulletseed\n>p2 move earthpower\n>p2 switch 6\n>p1 switch 3\n>p2 move suckerpunch\n>p1 move closecombat\n>p2 switch 2\n>p1 switch 6\n>p2 move psychic\n>p1 move raindance\n>p2 move psychic\n>p1 switch 2\n>p1 move hypervoice\n>p2 move psychic\n>p2 switch 5\n>p1 move hypervoice\n>p2 move closecombat\n>p1 switch 6\n>p1 move closecombat\n>p2 move closecombat\n>p2 switch 4\n>p1 move closecombat\n>p2 move thunderbolt\n>p1 switch 5\n>p1 move icebeam\n>p2 move nastyplot\n>p1 switch 3\n>p2 move nastyplot\n>p1 move headlongrush\n>p2 move grassknot\n>p1 switch 4\n>p1 move fireblast terastallize\n>p2 move thunderbolt\n>forcelose p1", "uploadtime": 1781387129, "views": 6, "formatid": "gen9randombattle", "rating": null, "private": 0, "password": null}