{"id": "gen9randombattle-2631566391", "format": "[Gen 9] Random Battle", "players": ["mayqueen nyannyan", "Node"], "log": "|j|\u2606mayqueen nyannyan\n|j|\u2606Node\n|t:|1781402228\n|gametype|singles\n|player|p1|mayqueen nyannyan|169|2302\n|player|p2|Node|#rbtt9phantoms2|2345\n|gen|9\n|tier|[Gen 9] Random Battle\n|rated|\n|rule|Species Clause: Limit one of each Pok\u00e9mon\n|rule|HP Percentage Mod: HP is shown in percentages\n|rule|Sleep Clause Mod: Limit one foe put to sleep\n|rule|Illusion Level Mod: Illusion disguises the Pok\u00e9mon's true level\n|\n|t:|1781402228\n|teamsize|p1|6\n|teamsize|p2|6\n|start\n|switch|p1a: Veluza|Veluza, L85, M|292/292\n|switch|p2a: Cinccino|Cinccino, L83, F|260/260\n|turn|1\n|inactive|Battle timer is ON: inactive players will automatically lose when time's up. (requested by Node)\n|\n|t:|1781402251\n|move|p2a: Cinccino|Bullet Seed|p1a: Veluza\n|-supereffective|p1a: Veluza\n|-damage|p1a: Veluza|230/292\n|-supereffective|p1a: Veluza\n|-damage|p1a: Veluza|172/292\n|-supereffective|p1a: Veluza\n|-damage|p1a: Veluza|114/292\n|-supereffective|p1a: Veluza\n|-damage|p1a: Veluza|58/292\n|-supereffective|p1a: Veluza\n|-damage|p1a: Veluza|0 fnt\n|faint|p1a: Veluza\n|-hitcount|p1: Veluza|5\n|\n|upkeep\n|\n|t:|1781402260\n|switch|p1a: Entei|Entei, L78|307/307\n|turn|2\n|\n|t:|1781402269\n|switch|p2a: Altaria|Altaria, L89, M|278/278\n|move|p1a: Entei|Sacred Fire|p2a: Altaria\n|-resisted|p2a: Altaria\n|-damage|p2a: Altaria|206/278\n|\n|upkeep\n|turn|3\n|\n|t:|1781402279\n|switch|p1a: Garchomp|Garchomp, L74, M|282/282\n|move|p2a: Altaria|Brave Bird|p1a: Garchomp\n|-damage|p1a: Garchomp|165/282\n|-damage|p2a: Altaria|172/278|[from] ability: Rough Skin|[of] p1a: Garchomp\n|-damage|p2a: Altaria|126/278|[from] item: Rocky Helmet|[of] p1a: Garchomp\n|-damage|p2a: Altaria|87/278|[from] Recoil\n|\n|upkeep\n|turn|4\n|\n|t:|1781402288\n|move|p1a: Garchomp|Spikes|p2a: Altaria\n|-sidestart|p2: Node|Spikes\n|move|p2a: Altaria|Dragon Dance|p2a: Altaria\n|-boost|p2a: Altaria|atk|1\n|-boost|p2a: Altaria|spe|1\n|\n|upkeep\n|turn|5\n|\n|t:|1781402292\n|move|p2a: Altaria|Brave Bird|p1a: Garchomp\n|-damage|p1a: Garchomp|0 fnt\n|-damage|p2a: Altaria|53/278|[from] ability: Rough Skin|[of] p1a: Garchomp\n|-damage|p2a: Altaria|7/278|[from] item: Rocky Helmet|[of] p1a: Garchomp\n|faint|p1a: Garchomp\n|-damage|p2a: Altaria|0 fnt|[from] Recoil\n|faint|p2a: Altaria\n|\n|upkeep\n|\n|t:|1781402301\n|switch|p1a: Entei|Entei, L78|307/307\n|switch|p2a: Iron Boulder|Iron Boulder, L77|265/265\n|-damage|p2a: Iron Boulder|232/265|[from] Spikes\n|turn|6\n|\n|t:|1781402307\n|switch|p1a: Golem|Golem-Alola, L93, F|300/300\n|move|p2a: Iron Boulder|Mighty Cleave|p1a: Golem\n|-damage|p1a: Golem|210/300\n|-damage|p2a: Iron Boulder|206/265|[from] item: Life Orb\n|\n|upkeep\n|turn|7\n|\n|t:|1781402314\n|-end|p2a: Iron Boulder|Quark Drive|[silent]\n|switch|p2a: Gogoat|Gogoat, L88, M|360/360\n|-damage|p2a: Gogoat|315/360|[from] Spikes\n|move|p1a: Golem|Double-Edge|p2a: Gogoat\n|-resisted|p2a: Gogoat\n|-damage|p2a: Gogoat|113/360\n|-damage|p1a: Golem|143/300|[from] Recoil\n|\n|-heal|p2a: Gogoat|135/360|[from] item: Leftovers\n|upkeep\n|turn|8\n|\n|t:|1781402321\n|switch|p1a: Noctowl|Noctowl, L95, M|344/344\n|move|p2a: Gogoat|Milk Drink|p2a: Gogoat\n|-heal|p2a: Gogoat|315/360\n|\n|-heal|p2a: Gogoat|337/360|[from] item: Leftovers\n|upkeep\n|turn|9\n|\n|t:|1781402327\n|switch|p2a: Cinccino|Cinccino, L83, F|260/260\n|-damage|p2a: Cinccino|228/260|[from] Spikes\n|move|p1a: Noctowl|Hurricane|p2a: Cinccino\n|-damage|p2a: Cinccino|41/260\n|-start|p2a: Cinccino|confusion\n|\n|upkeep\n|turn|10\n|\n|t:|1781402336\n|switch|p1a: Golem|Golem-Alola, L93, F|143/300\n|-activate|p2a: Cinccino|confusion\n|move|p2a: Cinccino|Tidy Up|p2a: Cinccino\n|-sideend|p2: Node|Spikes\n|-activate|p2a: Cinccino|move: Tidy Up\n|-boost|p2a: Cinccino|atk|1\n|-boost|p2a: Cinccino|spe|1\n|\n|upkeep\n|turn|11\n|\n|t:|1781402350\n|-activate|p2a: Cinccino|confusion\n|move|p2a: Cinccino|Bullet Seed|p1a: Golem\n|-supereffective|p1a: Golem\n|-damage|p1a: Golem|93/300\n|-supereffective|p1a: Golem\n|-damage|p1a: Golem|41/300\n|-supereffective|p1a: Golem\n|-damage|p1a: Golem|0 fnt\n|faint|p1a: Golem\n|-hitcount|p1: Golem|3\n|\n|upkeep\n|\n|t:|1781402353\n|switch|p1a: Entei|Entei, L78|307/307\n|turn|12\n|\n|t:|1781402368\n|move|p1a: Entei|Extreme Speed|p2a: Cinccino\n|-damage|p2a: Cinccino|0 fnt\n|faint|p2a: Cinccino\n|\n|upkeep\n|\n|t:|1781402373\n|switch|p2a: Bisharp|Bisharp, L79, M|232/232\n|turn|13\n|\n|t:|1781402377\n|switch|p1a: Noctowl|Noctowl, L95, M|344/344\n|move|p2a: Bisharp|Stealth Rock|p1a: Noctowl\n|-sidestart|p1: mayqueen nyannyan|move: Stealth Rock\n|\n|upkeep\n|turn|14\n|\n|t:|1781402385\n|move|p1a: Noctowl|Calm Mind|p1a: Noctowl\n|-boost|p1a: Noctowl|spa|1\n|-boost|p1a: Noctowl|spd|1\n|move|p2a: Bisharp|Throat Chop|p1a: Noctowl\n|-damage|p1a: Noctowl|224/344\n|-start|p1a: Noctowl|Throat Chop|[silent]\n|\n|upkeep\n|turn|15\n|\n|t:|1781402389\n|switch|p2a: Iron Boulder|Iron Boulder, L77|206/265\n|move|p1a: Noctowl|Calm Mind|p1a: Noctowl\n|-boost|p1a: Noctowl|spa|1\n|-boost|p1a: Noctowl|spd|1\n|\n|-end|p1a: Noctowl|Throat Chop|[silent]\n|upkeep\n|turn|16\n|\n|t:|1781402408\n|-terastallize|p2a: Iron Boulder|Fighting\n|-terastallize|p1a: Noctowl|Ground\n|move|p2a: Iron Boulder|Close Combat|p1a: Noctowl\n|-damage|p1a: Noctowl|24/344\n|-unboost|p2a: Iron Boulder|def|1\n|-unboost|p2a: Iron Boulder|spd|1\n|-damage|p2a: Iron Boulder|180/265|[from] item: Life Orb\n|move|p1a: Noctowl|Hyper Voice|p2a: Iron Boulder\n|-damage|p2a: Iron Boulder|0 fnt\n|faint|p2a: Iron Boulder\n|-end|p2a: Iron Boulder|Quark Drive|[silent]\n|\n|upkeep\n|\n|t:|1781402418\n|switch|p2a: Enamorus|Enamorus-Therian, L83, F|259/259\n|turn|17\n|\n|t:|1781402422\n|move|p1a: Noctowl|Roost|p1a: Noctowl\n|-heal|p1a: Noctowl|196/344\n|move|p2a: Enamorus|Agility|p2a: Enamorus\n|-boost|p2a: Enamorus|spe|2\n|\n|upkeep\n|turn|18\n|\n|t:|1781402427\n|move|p2a: Enamorus|Moonblast|p1a: Noctowl\n|-damage|p1a: Noctowl|142/344\n|move|p1a: Noctowl|Roost|p1a: Noctowl\n|-heal|p1a: Noctowl|314/344\n|\n|upkeep\n|turn|19\n|\n|t:|1781402430\n|move|p2a: Enamorus|Superpower|p1a: Noctowl\n|-damage|p1a: Noctowl|196/344\n|-unboost|p2a: Enamorus|atk|1\n|-unboost|p2a: Enamorus|def|1\n|move|p1a: Noctowl|Calm Mind|p1a: Noctowl\n|-boost|p1a: Noctowl|spa|1\n|-boost|p1a: Noctowl|spd|1\n|\n|upkeep\n|turn|20\n|\n|t:|1781402433\n|switch|p2a: Gogoat|Gogoat, L88, M|337/360\n|move|p1a: Noctowl|Roost|p1a: Noctowl\n|-heal|p1a: Noctowl|344/344\n|\n|-heal|p2a: Gogoat|359/360|[from] item: Leftovers\n|upkeep\n|turn|21\n|\n|t:|1781402435\n|move|p1a: Noctowl|Hurricane|p2a: Gogoat\n|-supereffective|p2a: Gogoat\n|-damage|p2a: Gogoat|0 fnt\n|faint|p2a: Gogoat\n|\n|upkeep\n|\n|t:|1781402437\n|switch|p2a: Bisharp|Bisharp, L79, M|232/232\n|turn|22\n|\n|t:|1781402441\n|move|p1a: Noctowl|Hyper Voice|p2a: Bisharp\n|-resisted|p2a: Bisharp\n|-damage|p2a: Bisharp|0 fnt\n|faint|p2a: Bisharp\n|\n|upkeep\n|-message|Node forfeited.\n|\n|win|mayqueen nyannyan\n", "uploadtime": 1781402230, "views": 4, "formatid": "gen9randombattle", "rating": null, "private": 0, "password": null}