{"id": "gen9randombattle-2631541213", "format": "[Gen 9] Random Battle", "players": ["angsi", "mrvile95"], "log": "|j|\u2606angsi\n|j|\u203dmrvile95\n|t:|1781398749\n|gametype|singles\n|player|p1|angsi|1|1902\n|player|p2|mrvile95|266|1900\n|gen|9\n|tier|[Gen 9] Random Battle\n|rated|\n|rule|Species Clause: Limit one of each Pok\u00e9mon\n|rule|HP Percentage Mod: HP is shown in percentages\n|rule|Sleep Clause Mod: Limit one foe put to sleep\n|rule|Illusion Level Mod: Illusion disguises the Pok\u00e9mon's true level\n|\n|t:|1781398749\n|teamsize|p1|6\n|teamsize|p2|6\n|start\n|switch|p1a: Honchkrow|Honchkrow, L86, F|312/312\n|switch|p2a: Cinderace|Cinderace, L77, M|249/249\n|turn|1\n|\n|t:|1781398767\n|switch|p2a: Sandy Shocks|Sandy Shocks, L80|267/267\n|move|p1a: Honchkrow|Thunder Wave|p2a: Sandy Shocks\n|-immune|p2a: Sandy Shocks\n|\n|upkeep\n|turn|2\n|\n|t:|1781398776\n|switch|p1a: Vikavolt|Vikavolt, L83, F|263/263\n|move|p2a: Sandy Shocks|Stealth Rock|p1a: Vikavolt\n|-sidestart|p1: angsi|move: Stealth Rock\n|\n|upkeep\n|turn|3\n|\n|t:|1781398788\n|move|p2a: Sandy Shocks|Spikes|p1a: Vikavolt\n|-sidestart|p1: angsi|Spikes\n|move|p1a: Vikavolt|Sticky Web|p2a: Sandy Shocks\n|-sidestart|p2: mrvile95|move: Sticky Web\n|\n|upkeep\n|turn|4\n|\n|t:|1781398792\n|move|p2a: Sandy Shocks|Spikes|p1a: Vikavolt\n|-sidestart|p1: angsi|Spikes\n|move|p1a: Vikavolt|Energy Ball|p2a: Sandy Shocks\n|-supereffective|p2a: Sandy Shocks\n|-crit|p2a: Sandy Shocks\n|-damage|p2a: Sandy Shocks|0 fnt\n|faint|p2a: Sandy Shocks\n|-end|p2a: Sandy Shocks|Protosynthesis|[silent]\n|\n|upkeep\n|inactive|Battle timer is ON: inactive players will automatically lose when time's up. (requested by angsi)\n|\n|t:|1781398802\n|switch|p2a: Cinderace|Cinderace, L77, M|249/249\n|turn|5\n|\n|t:|1781398807\n|-terastallize|p1a: Vikavolt|Electric\n|move|p2a: Cinderace|Pyro Ball|p1a: Vikavolt\n|-damage|p1a: Vikavolt|149/263\n|move|p1a: Vikavolt|Discharge|p2a: Cinderace\n|-damage|p2a: Cinderace|51/249\n|-status|p2a: Cinderace|par\n|\n|upkeep\n|turn|6\n|\n|t:|1781398824\n|switch|p1a: Politoed|Politoed, L88, M|302/302\n|-damage|p1a: Politoed|265/302|[from] Stealth Rock\n|-damage|p1a: Politoed|215/302|[from] Spikes\n|-weather|RainDance|[from] ability: Drizzle|[of] p1a: Politoed\n|move|p2a: Cinderace|Pyro Ball|p1a: Politoed\n|-resisted|p1a: Politoed\n|-damage|p1a: Politoed|179/302\n|\n|-weather|RainDance|[upkeep]\n|-heal|p1a: Politoed|197/302|[from] item: Leftovers\n|upkeep\n|turn|7\n|\n|t:|1781398829\n|move|p1a: Politoed|Hydro Pump|p2a: Cinderace\n|-supereffective|p2a: Cinderace\n|-damage|p2a: Cinderace|0 fnt\n|faint|p2a: Cinderace\n|\n|-weather|RainDance|[upkeep]\n|-heal|p1a: Politoed|215/302|[from] item: Leftovers\n|upkeep\n|\n|t:|1781398837\n|switch|p2a: Sceptile|Sceptile, L87, M|264/264\n|-activate|p2a: Sceptile|move: Sticky Web\n|-unboost|p2a: Sceptile|spe|1\n|turn|8\n|\n|t:|1781398842\n|move|p1a: Politoed|Ice Beam|p2a: Sceptile\n|-supereffective|p2a: Sceptile\n|-crit|p2a: Sceptile\n|-damage|p2a: Sceptile|74/264\n|move|p2a: Sceptile|Leaf Blade|p1a: Politoed\n|-supereffective|p1a: Politoed\n|-damage|p1a: Politoed|0 fnt\n|faint|p1a: Politoed\n|-damage|p2a: Sceptile|48/264|[from] item: Life Orb\n|\n|-weather|RainDance|[upkeep]\n|upkeep\n|\n|t:|1781398846\n|switch|p1a: Honchkrow|Honchkrow, L86, F|312/312\n|turn|9\n|\n|t:|1781398864\n|move|p2a: Sceptile|Rock Slide|p1a: Honchkrow\n|-supereffective|p1a: Honchkrow\n|-damage|p1a: Honchkrow|130/312\n|-damage|p2a: Sceptile|22/264|[from] item: Life Orb\n|move|p1a: Honchkrow|Lash Out|p2a: Sceptile\n|-damage|p2a: Sceptile|0 fnt\n|faint|p2a: Sceptile\n|-ability|p1a: Honchkrow|Moxie|boost\n|-boost|p1a: Honchkrow|atk|1\n|\n|-weather|RainDance|[upkeep]\n|upkeep\n|\n|t:|1781398870\n|switch|p2a: Scyther|Scyther, L82, F|249/249\n|turn|10\n|\n|t:|1781398880\n|move|p1a: Honchkrow|Sucker Punch|p2a: Scyther\n|-damage|p2a: Scyther|99/249\n|move|p2a: Scyther|Dual Wingbeat|p1a: Honchkrow\n|-damage|p1a: Honchkrow|40/312\n|-damage|p1a: Honchkrow|0 fnt\n|faint|p1a: Honchkrow\n|-hitcount|p1: Honchkrow|2\n|\n|-weather|none\n|upkeep\n|\n|t:|1781398883\n|switch|p1a: Vikavolt|Vikavolt, L83, F, tera:Electric|149/263\n|turn|11\n|\n|t:|1781398887\n|move|p2a: Scyther|U-turn|p1a: Vikavolt\n|-damage|p1a: Vikavolt|74/263\n|\n|t:|1781398890\n|switch|p2a: Ariados|Ariados, L95, F|287/287|[from] U-turn\n|move|p1a: Vikavolt|Discharge|p2a: Ariados\n|-damage|p2a: Ariados|121/287\n|\n|upkeep\n|turn|12\n|\n|t:|1781398896\n|move|p2a: Ariados|Sticky Web|p1a: Vikavolt\n|-sidestart|p1: angsi|move: Sticky Web\n|move|p1a: Vikavolt|Discharge|p2a: Ariados\n|-damage|p2a: Ariados|0 fnt\n|faint|p2a: Ariados\n|\n|upkeep\n|\n|t:|1781398905\n|switch|p2a: Scyther|Scyther, L82, F|99/249\n|turn|13\n|\n|t:|1781398907\n|move|p2a: Scyther|Close Combat|p1a: Vikavolt\n|-damage|p1a: Vikavolt|0 fnt\n|-unboost|p2a: Scyther|def|1\n|-unboost|p2a: Scyther|spd|1\n|faint|p1a: Vikavolt\n|\n|upkeep\n|\n|t:|1781398912\n|switch|p1a: Illumise|Illumise, L91, F|266/266\n|turn|14\n|\n|t:|1781398917\n|move|p1a: Illumise|Thunder Wave|p2a: Scyther\n|-status|p2a: Scyther|par\n|move|p2a: Scyther|Dual Wingbeat|p1a: Illumise\n|-supereffective|p1a: Illumise\n|-damage|p1a: Illumise|132/266\n|-supereffective|p1a: Illumise\n|-damage|p1a: Illumise|4/266\n|-hitcount|p1a: Illumise|2\n|\n|upkeep\n|turn|15\n|\n|t:|1781398925\n|move|p1a: Illumise|Bug Buzz|p2a: Scyther\n|-resisted|p2a: Scyther\n|-damage|p2a: Scyther|30/249 par\n|move|p2a: Scyther|U-turn|p1a: Illumise\n|-damage|p1a: Illumise|0 fnt\n|faint|p1a: Illumise\n|\n|t:|1781398928\n|switch|p2a: Terapagos|Terapagos, L77, M|265/265|[from] U-turn\n|-activate|p2a: Terapagos|ability: Tera Shift\n|detailschange|p2a: Terapagos|Terapagos-Terastal, L77, M\n|-heal|p2a: Terapagos|273/273|[silent]\n|-activate|p2a: Terapagos|move: Sticky Web\n|-unboost|p2a: Terapagos|spe|1\n|\n|upkeep\n|\n|t:|1781398934\n|switch|p1a: Mesprit|Mesprit, L85|275/275\n|-damage|p1a: Mesprit|241/275|[from] Stealth Rock\n|turn|16\n|\n|t:|1781398938\n|move|p1a: Mesprit|Knock Off|p2a: Terapagos\n|-activate|p2a: Terapagos|ability: Tera Shell\n|-resisted|p2a: Terapagos\n|-damage|p2a: Terapagos|238/273\n|-enditem|p2a: Terapagos|Chesto Berry|[from] move: Knock Off|[of] p1a: Mesprit\n|move|p2a: Terapagos|Calm Mind|p2a: Terapagos\n|-boost|p2a: Terapagos|spa|1\n|-boost|p2a: Terapagos|spd|1\n|\n|-heal|p1a: Mesprit|258/275|[from] item: Leftovers\n|upkeep\n|turn|17\n|\n|t:|1781398943\n|move|p1a: Mesprit|Thunder Wave|p2a: Terapagos\n|-status|p2a: Terapagos|par\n|move|p2a: Terapagos|Calm Mind|p2a: Terapagos\n|-boost|p2a: Terapagos|spa|1\n|-boost|p2a: Terapagos|spd|1\n|\n|-heal|p1a: Mesprit|275/275|[from] item: Leftovers\n|upkeep\n|turn|18\n|\n|t:|1781398946\n|switch|p1a: Lucario|Lucario, L84, M|255/255\n|-damage|p1a: Lucario|248/255|[from] Stealth Rock\n|-damage|p1a: Lucario|206/255|[from] Spikes\n|-activate|p1a: Lucario|move: Sticky Web\n|-unboost|p1a: Lucario|spe|1\n|move|p2a: Terapagos|Calm Mind|p2a: Terapagos\n|-boost|p2a: Terapagos|spa|1\n|-boost|p2a: Terapagos|spd|1\n|\n|upkeep\n|turn|19\n|\n|t:|1781398959\n|-terastallize|p2a: Terapagos|Stellar\n|detailschange|p2a: Terapagos|Terapagos-Stellar, L77, M, tera:Stellar\n|-heal|p2a: Terapagos|338/373 par|[silent]\n|move|p1a: Lucario|Close Combat|p2a: Terapagos\n|-supereffective|p2a: Terapagos\n|-crit|p2a: Terapagos\n|-damage|p2a: Terapagos|0 fnt\n|-unboost|p1a: Lucario|def|1\n|-unboost|p1a: Lucario|spd|1\n|faint|p2a: Terapagos\n|detailschange|p2: Terapagos|Terapagos, L77, M|[silent]\n|\n|upkeep\n|l|\u203dmrvile95\n|inactive|mrvile95 disconnected and has a minute to reconnect!\n|player|p2|\n|inactive|mrvile95 has 30 seconds to reconnect!\n|inactive|mrvile95 has 20 seconds to reconnect!\n|inactive|mrvile95 has 15 seconds to reconnect!\n|inactive|mrvile95 has 10 seconds to reconnect!\n|inactive|mrvile95 has 5 seconds to reconnect!\n|-message|mrvile95 lost due to inactivity.\n|\n|win|angsi\n", "inputlog": ">version a8376a258c1d4662feba110a92103f3664a72141\n>start {\"formatid\":\"gen9randombattle\",\"seed\":\"sodium,d15d60e5ef7fb0c0408d5ac650b462a0\",\"rated\":\"Rated battle\"}\n>player p1 {\"name\":\"angsi\",\"avatar\":\"1\",\"rating\":1902,\"seed\":\"sodium,6e0c8f9370edd89ff7a02ad3eb4de7e5\"}\n>player p2 {\"name\":\"mrvile95\",\"avatar\":\"266\",\"rating\":1900,\"seed\":\"sodium,ff7fc4d15d80c37fd7cc2d6e5abff263\"}\n>p1 move thunderwave\n>p2 switch 4\n>p1 switch 5\n>p2 move stealthrock\n>p1 move stickyweb\n>p2 move spikes\n>p1 move energyball\n>p2 move spikes\n>p2 switch 4\n>p1 move discharge terastallize\n>p2 move pyroball\n>p1 switch 4\n>p2 move pyroball\n>p1 move hydropump\n>p2 move gunkshot\n>p2 switch 3\n>p1 move icebeam\n>p2 move leafblade\n>p1 switch 5\n>p1 move lashout\n>p2 move rockslide\n>p2 switch 2\n>p1 move suckerpunch\n>p2 move dualwingbeat\n>p1 switch 4\n>p1 move discharge\n>p2 move uturn\n>p2 switch 5\n>p1 move discharge\n>p2 move stickyweb\n>p2 switch 5\n>p1 move discharge\n>p2 move closecombat\n>p1 switch 2\n>p1 move thunderwave\n>p2 move dualwingbeat\n>p1 move bugbuzz\n>p2 move uturn\n>p2 switch 6\n>p1 switch 6\n>p1 move knockoff\n>p2 move calmmind\n>p1 move thunderwave\n>p2 move calmmind\n>p1 switch 3\n>p2 move calmmind\n>p1 move closecombat\n>p2 move terastarstorm terastallize\n>forcelose p2", "uploadtime": 1781398751, "views": 6, "formatid": "gen9randombattle", "rating": null, "private": 0, "password": null}