{"id": "gen9randombattle-2631856973", "format": "[Gen 9] Random Battle", "players": ["Ryemikyu", "peekatchoum"], "log": "|j|\u2606Ryemikyu\n|j|\u2606peekatchoum\n|t:|1781448771\n|gametype|singles\n|player|p1|Ryemikyu|acerola|2090\n|player|p2|peekatchoum|1|2053\n|gen|9\n|tier|[Gen 9] Random Battle\n|rated|\n|rule|Species Clause: Limit one of each Pok\u00e9mon\n|rule|HP Percentage Mod: HP is shown in percentages\n|rule|Sleep Clause Mod: Limit one foe put to sleep\n|rule|Illusion Level Mod: Illusion disguises the Pok\u00e9mon's true level\n|\n|t:|1781448771\n|teamsize|p1|6\n|teamsize|p2|6\n|start\n|switch|p1a: Basculegion|Basculegion-F, L83, F|335/335\n|switch|p2a: Darkrai|Darkrai, L77|234/234\n|turn|1\n|inactive|Battle timer is ON: inactive players will automatically lose when time's up. (requested by peekatchoum)\n|\n|t:|1781448786\n|switch|p2a: Golduck|Golduck, L90, F|290/290\n|-ability|p2a: Golduck|Cloud Nine\n|move|p1a: Basculegion|Flip Turn|p2a: Golduck\n|-resisted|p2a: Golduck\n|-damage|p2a: Golduck|245/290\n|c|\u2606peekatchoum|the greed\n|c|\u2606Ryemikyu|what lol\n|\n|t:|1781448804\n|switch|p1a: Sinistcha|Sinistcha-Masterpiece, L83|254/254|[from] Flip Turn\n|\n|upkeep\n|turn|2\n|c|\u2606peekatchoum|why wouldnt u hard switch lol\n|c|\u2606Ryemikyu|cause you're not gonna stay in lmao\n|inactive|Ryemikyu has 120 seconds left.\n|\n|t:|1781448834\n|move|p2a: Golduck|Ice Beam|p1a: Sinistcha\n|-supereffective|p1a: Sinistcha\n|-damage|p1a: Sinistcha|24/254\n|move|p1a: Sinistcha|Matcha Gotcha|p2a: Golduck\n|-supereffective|p2a: Golduck\n|-damage|p2a: Golduck|41/290\n|-heal|p1a: Sinistcha|126/254|[from] drain|[of] p2a: Golduck\n|\n|-heal|p1a: Sinistcha|141/254|[from] item: Leftovers\n|upkeep\n|turn|3\n|c|\u2606peekatchoum|why wouldnt i stay in ?\n|inactive|Ryemikyu has 120 seconds left.\n|c|\u2606Ryemikyu|wave crash hurts too much and darkrai is probs ur best wincon\n|c|\u2606Ryemikyu|why risk it\n|c|\u2606peekatchoum|brother i have 6 mons xD\n|c|\u2606Ryemikyu|same!\n|c|\u2606peekatchoum|what in the overpredict is that\n|\n|t:|1781448874\n|switch|p1a: Basculegion|Basculegion-F, L83, F|335/335\n|move|p2a: Golduck|Ice Beam|p1a: Basculegion\n|-resisted|p1a: Basculegion\n|-damage|p1a: Basculegion|293/335\n|\n|upkeep\n|turn|4\n|c|\u2606Ryemikyu|i mean\n|c|\u2606Ryemikyu|it was right\n|c|\u2606Ryemikyu|so\n|inactive|peekatchoum has 120 seconds left.\n|\n|t:|1781448891\n|move|p2a: Golduck|Ice Beam|p1a: Basculegion\n|-resisted|p1a: Basculegion\n|-damage|p1a: Basculegion|252/335\n|move|p1a: Basculegion|Shadow Ball|p2a: Golduck\n|-damage|p2a: Golduck|0 fnt\n|faint|p2a: Golduck\n|\n|upkeep\n|inactive|peekatchoum has 120 seconds left.\n|\n|t:|1781448906\n|switch|p2a: Darkrai|Darkrai, L77|234/234\n|turn|5\n|\n|t:|1781448914\n|move|p2a: Darkrai|Dark Pulse|p1a: Basculegion\n|-supereffective|p1a: Basculegion\n|-damage|p1a: Basculegion|70/335\n|-damage|p2a: Darkrai|211/234|[from] item: Life Orb\n|move|p1a: Basculegion|Flip Turn|p2a: Darkrai\n|-damage|p2a: Darkrai|129/234\n|\n|t:|1781448922\n|switch|p1a: Jumpluff|Jumpluff, L87, M|271/271|[from] Flip Turn\n|\n|upkeep\n|turn|6\n|\n|t:|1781448932\n|move|p1a: Jumpluff|Substitute|p1a: Jumpluff\n|-start|p1a: Jumpluff|Substitute\n|-damage|p1a: Jumpluff|204/271\n|move|p2a: Darkrai|Sludge Bomb|p1a: Jumpluff\n|-supereffective|p1a: Jumpluff\n|-end|p1a: Jumpluff|Substitute\n|-damage|p2a: Darkrai|106/234|[from] item: Life Orb\n|\n|upkeep\n|turn|7\n|\n|t:|1781448941\n|move|p1a: Jumpluff|Substitute|p1a: Jumpluff\n|-start|p1a: Jumpluff|Substitute\n|-damage|p1a: Jumpluff|137/271\n|move|p2a: Darkrai|Sludge Bomb|p1a: Jumpluff\n|-supereffective|p1a: Jumpluff\n|-end|p1a: Jumpluff|Substitute\n|-damage|p2a: Darkrai|83/234|[from] item: Life Orb\n|\n|upkeep\n|turn|8\n|\n|t:|1781448947\n|switch|p2a: Iron Boulder|Iron Boulder, L77|265/265\n|-enditem|p2a: Iron Boulder|Booster Energy\n|-activate|p2a: Iron Boulder|ability: Quark Drive|[fromitem]\n|-start|p2a: Iron Boulder|quarkdrivespe\n|move|p1a: Jumpluff|Acrobatics|p2a: Iron Boulder\n|-resisted|p2a: Iron Boulder\n|-damage|p2a: Iron Boulder|216/265\n|\n|upkeep\n|turn|9\n|\n|t:|1781448961\n|move|p2a: Iron Boulder|Swords Dance|p2a: Iron Boulder\n|-boost|p2a: Iron Boulder|atk|2\n|move|p1a: Jumpluff|Strength Sap|p2a: Iron Boulder\n|-unboost|p2a: Iron Boulder|atk|1\n|-heal|p1a: Jumpluff|271/271\n|\n|upkeep\n|turn|10\n|\n|t:|1781448970\n|switch|p1a: Basculegion|Basculegion-F, L83, F|70/335\n|move|p2a: Iron Boulder|Mighty Cleave|p1a: Basculegion\n|-damage|p1a: Basculegion|0 fnt\n|faint|p1a: Basculegion\n|\n|upkeep\n|\n|t:|1781448975\n|switch|p1a: Luvdisc|Luvdisc, F|247/247\n|turn|11\n|\n|t:|1781448998\n|move|p2a: Iron Boulder|Zen Headbutt|p1a: Luvdisc\n|-damage|p1a: Luvdisc|102/247\n|move|p1a: Luvdisc|Surf|p2a: Iron Boulder\n|-supereffective|p2a: Iron Boulder\n|-damage|p2a: Iron Boulder|84/265\n|\n|upkeep\n|turn|12\n|\n|t:|1781449014\n|move|p2a: Iron Boulder|Mighty Cleave|p1a: Luvdisc\n|-damage|p1a: Luvdisc|0 fnt\n|faint|p1a: Luvdisc\n|\n|upkeep\n|\n|t:|1781449020\n|switch|p1a: Iron Boulder|Iron Boulder, L77|265/265\n|turn|13\n|\n|t:|1781449029\n|move|p2a: Iron Boulder|Mighty Cleave|p1a: Iron Boulder\n|-damage|p1a: Iron Boulder|79/265\n|move|p1a: Iron Boulder|Close Combat|p2a: Iron Boulder\n|-damage|p2a: Iron Boulder|0 fnt\n|-unboost|p1a: Iron Boulder|def|1\n|-unboost|p1a: Iron Boulder|spd|1\n|faint|p2a: Iron Boulder\n|-end|p2a: Iron Boulder|Quark Drive|[silent]\n|-damage|p1a: Iron Boulder|53/265|[from] item: Life Orb\n|\n|upkeep\n|\n|t:|1781449035\n|switch|p2a: Darkrai|Darkrai, L77|83/234\n|turn|14\n|\n|t:|1781449051\n|move|p2a: Darkrai|Sludge Bomb|p1a: Iron Boulder\n|-resisted|p1a: Iron Boulder\n|-crit|p1a: Iron Boulder\n|-damage|p1a: Iron Boulder|0 fnt\n|faint|p1a: Iron Boulder\n|-end|p1a: Iron Boulder|Quark Drive|[silent]\n|-damage|p2a: Darkrai|60/234|[from] item: Life Orb\n|\n|upkeep\n|\n|t:|1781449053\n|switch|p1a: Jumpluff|Jumpluff, L87, M|271/271\n|turn|15\n|\n|t:|1781449059\n|move|p1a: Jumpluff|Acrobatics|p2a: Darkrai\n|-damage|p2a: Darkrai|0 fnt\n|faint|p2a: Darkrai\n|\n|upkeep\n|\n|t:|1781449073\n|switch|p2a: Houndoom|Houndoom, L87, F|272/272\n|turn|16\n|\n|t:|1781449081\n|move|p1a: Jumpluff|Leech Seed|p2a: Houndoom\n|-start|p2a: Houndoom|move: Leech Seed\n|move|p2a: Houndoom|Fire Blast|p1a: Jumpluff|[miss]\n|-miss|p2a: Houndoom|p1a: Jumpluff\n|\n|-damage|p2a: Houndoom|238/272|[from] Leech Seed|[of] p1a: Jumpluff\n|upkeep\n|turn|17\n|c|\u2606peekatchoum|nice\n|\n|t:|1781449098\n|switch|p2a: Lunala|Lunala, L70|308/308\n|move|p1a: Jumpluff|Substitute|p1a: Jumpluff\n|-start|p1a: Jumpluff|Substitute\n|-damage|p1a: Jumpluff|204/271\n|\n|upkeep\n|turn|18\n|\n|t:|1781449105\n|move|p1a: Jumpluff|Leech Seed|p2a: Lunala\n|-start|p2a: Lunala|move: Leech Seed\n|move|p2a: Lunala|Moongeist Beam|p1a: Jumpluff\n|-end|p1a: Jumpluff|Substitute\n|\n|-damage|p2a: Lunala|270/308|[from] Leech Seed|[of] p1a: Jumpluff\n|-heal|p1a: Jumpluff|242/271|[silent]\n|upkeep\n|turn|19\n|\n|t:|1781449113\n|switch|p1a: Frosmoth|Frosmoth, L82, F|249/249\n|move|p2a: Lunala|Moongeist Beam|p1a: Frosmoth\n|-damage|p1a: Frosmoth|156/249\n|\n|-heal|p2a: Lunala|289/308|[from] item: Leftovers\n|-damage|p2a: Lunala|251/308|[from] Leech Seed|[of] p1a: Frosmoth\n|-heal|p1a: Frosmoth|194/249|[silent]\n|upkeep\n|turn|20\n|\n|t:|1781449119\n|switch|p2a: Infernape|Infernape, L82, M|259/259\n|move|p1a: Frosmoth|Quiver Dance|p1a: Frosmoth\n|-boost|p1a: Frosmoth|spa|1\n|-boost|p1a: Frosmoth|spd|1\n|-boost|p1a: Frosmoth|spe|1\n|\n|upkeep\n|turn|21\n|\n|t:|1781449125\n|move|p1a: Frosmoth|Hurricane|p2a: Infernape|[miss]\n|-miss|p1a: Frosmoth|p2a: Infernape\n|move|p2a: Infernape|Close Combat|p1a: Frosmoth\n|-damage|p1a: Frosmoth|0 fnt\n|-unboost|p2a: Infernape|def|1\n|-unboost|p2a: Infernape|spd|1\n|faint|p1a: Frosmoth\n|-damage|p2a: Infernape|234/259|[from] item: Life Orb\n|\n|upkeep\n|\n|t:|1781449130\n|switch|p1a: Jumpluff|Jumpluff, L87, M|242/271\n|turn|22\n|\n|t:|1781449133\n|move|p1a: Jumpluff|Acrobatics|p2a: Infernape\n|-supereffective|p2a: Infernape\n|-damage|p2a: Infernape|0 fnt\n|faint|p2a: Infernape\n|\n|upkeep\n|\n|t:|1781449135\n|switch|p2a: Houndoom|Houndoom, L87, F|238/272\n|turn|23\n|\n|t:|1781449149\n|move|p1a: Jumpluff|Leech Seed|p2a: Houndoom\n|-start|p2a: Houndoom|move: Leech Seed\n|move|p2a: Houndoom|Fire Blast|p1a: Jumpluff\n|-supereffective|p1a: Jumpluff\n|-damage|p1a: Jumpluff|8/271\n|\n|-damage|p2a: Houndoom|204/272|[from] Leech Seed|[of] p1a: Jumpluff\n|-heal|p1a: Jumpluff|42/271|[silent]\n|upkeep\n|turn|24\n|\n|t:|1781449160\n|move|p1a: Jumpluff|Strength Sap|p2a: Houndoom\n|-unboost|p2a: Houndoom|atk|1\n|-heal|p1a: Jumpluff|203/271\n|move|p2a: Houndoom|Dark Pulse|p1a: Jumpluff\n|-damage|p1a: Jumpluff|109/271\n|\n|-damage|p2a: Houndoom|170/272|[from] Leech Seed|[of] p1a: Jumpluff\n|-heal|p1a: Jumpluff|143/271|[silent]\n|upkeep\n|turn|25\n|\n|t:|1781449170\n|move|p1a: Jumpluff|Substitute|p1a: Jumpluff\n|-start|p1a: Jumpluff|Substitute\n|-damage|p1a: Jumpluff|76/271\n|move|p2a: Houndoom|Dark Pulse|p1a: Jumpluff\n|-end|p1a: Jumpluff|Substitute\n|\n|-damage|p2a: Houndoom|136/272|[from] Leech Seed|[of] p1a: Jumpluff\n|-heal|p1a: Jumpluff|110/271|[silent]\n|upkeep\n|turn|26\n|\n|t:|1781449178\n|move|p1a: Jumpluff|Substitute|p1a: Jumpluff\n|-start|p1a: Jumpluff|Substitute\n|-damage|p1a: Jumpluff|43/271\n|move|p2a: Houndoom|Dark Pulse|p1a: Jumpluff\n|-end|p1a: Jumpluff|Substitute\n|\n|-damage|p2a: Houndoom|102/272|[from] Leech Seed|[of] p1a: Jumpluff\n|-heal|p1a: Jumpluff|77/271|[silent]\n|upkeep\n|turn|27\n|\n|t:|1781449187\n|move|p1a: Jumpluff|Acrobatics|p2a: Houndoom\n|-damage|p2a: Houndoom|0 fnt\n|faint|p2a: Houndoom\n|\n|upkeep\n|\n|t:|1781449191\n|switch|p2a: Lunala|Lunala, L70|251/308\n|turn|28\n|\n|t:|1781449197\n|move|p1a: Jumpluff|Leech Seed|p2a: Lunala\n|-start|p2a: Lunala|move: Leech Seed\n|move|p2a: Lunala|Moongeist Beam|p1a: Jumpluff\n|-damage|p1a: Jumpluff|0 fnt\n|faint|p1a: Jumpluff\n|\n|-heal|p2a: Lunala|270/308|[from] item: Leftovers\n|upkeep\n|\n|t:|1781449200\n|switch|p1a: Sinistcha|Sinistcha-Masterpiece, L83|141/254\n|turn|29\n|c|\u2606peekatchoum|why didnt u strength sap\n|\n|t:|1781449225\n|-terastallize|p2a: Lunala|Fighting\n|-terastallize|p1a: Sinistcha|Steel\n|move|p2a: Lunala|Calm Mind|p2a: Lunala\n|-boost|p2a: Lunala|spa|1\n|-boost|p2a: Lunala|spd|1\n|move|p1a: Sinistcha|Strength Sap|p2a: Lunala\n|-unboost|p2a: Lunala|atk|1\n|-heal|p1a: Sinistcha|254/254\n|\n|-heal|p2a: Lunala|289/308|[from] item: Leftovers\n|-damage|p2a: Lunala|251/308|[from] Leech Seed|[of] p1a: Sinistcha\n|upkeep\n|turn|30\n|\n|t:|1781449238\n|move|p2a: Lunala|Focus Blast|p1a: Sinistcha|[miss]\n|-miss|p2a: Lunala|p1a: Sinistcha\n|move|p1a: Sinistcha|Calm Mind|p1a: Sinistcha\n|-boost|p1a: Sinistcha|spa|1\n|-boost|p1a: Sinistcha|spd|1\n|\n|-heal|p2a: Lunala|270/308|[from] item: Leftovers\n|-damage|p2a: Lunala|232/308|[from] Leech Seed|[of] p1a: Sinistcha\n|upkeep\n|turn|31\n|\n|t:|1781449245\n|move|p2a: Lunala|Focus Blast|p1a: Sinistcha\n|-supereffective|p1a: Sinistcha\n|-damage|p1a: Sinistcha|0 fnt\n|faint|p1a: Sinistcha\n|\n|win|peekatchoum\n", "inputlog": ">version a8376a258c1d4662feba110a92103f3664a72141\n>start {\"formatid\":\"gen9randombattle\",\"seed\":\"sodium,c5d0cf2e231e3e67c428b1c6f1da3ae4\",\"rated\":\"Rated battle\"}\n>player p1 {\"name\":\"Ryemikyu\",\"avatar\":\"acerola\",\"rating\":2090,\"seed\":\"sodium,9b96d385bbac4613b7b6d30eb3b6dd40\"}\n>player p2 {\"name\":\"peekatchoum\",\"avatar\":\"1\",\"rating\":2053,\"seed\":\"sodium,7b6d5dcb267e71c98d8f36b093d74122\"}\n>p1 move flipturn\n>p2 switch 5\n>chat \u2606peekatchoum|the greed\n>chat \u2606Ryemikyu|what lol\n>p1 switch 5\n>chat \u2606peekatchoum|why wouldnt u hard switch lol\n>chat \u2606Ryemikyu|cause you're not gonna stay in lmao\n>p1 move matchagotcha\n>p2 move icebeam\n>chat \u2606peekatchoum|why wouldnt i stay in ? \n>chat \u2606Ryemikyu|wave crash hurts too much and darkrai is probs ur best wincon\n>chat \u2606Ryemikyu|why risk it\n>chat \u2606peekatchoum|brother i have 6 mons xD\n>chat \u2606Ryemikyu|same!\n>chat \u2606peekatchoum|what in the overpredict is that\n>p1 switch 5\n>p2 move icebeam\n>chat \u2606Ryemikyu|i mean\n>chat \u2606Ryemikyu|it was right\n>chat \u2606Ryemikyu|so\n>p1 move shadowball\n>p2 move icebeam\n>p2 switch 5\n>p1 move flipturn\n>p2 move darkpulse\n>p1 switch 3\n>p1 move substitute\n>p2 move sludgebomb\n>p1 move substitute\n>p2 move sludgebomb\n>p1 move acrobatics\n>p2 switch 4\n>p1 move strengthsap\n>p2 move swordsdance\n>p1 switch 3\n>p2 move mightycleave\n>p1 switch 2\n>p1 move surf\n>p2 move zenheadbutt\n>p1 move surf\n>p2 move mightycleave\n>p1 switch 4\n>p1 move closecombat\n>p2 move mightycleave\n>p2 switch 4\n>p1 move mightycleave\n>p2 move sludgebomb\n>p1 switch 3\n>p1 move acrobatics\n>p2 move darkpulse\n>p2 switch 2\n>p1 move leechseed\n>p2 move fireblast\n>chat \u2606peekatchoum|nice\n>p1 move substitute\n>p2 switch 6\n>p1 move leechseed\n>p2 move moongeistbeam\n>p1 switch 6\n>p2 move moongeistbeam\n>p1 move quiverdance\n>p2 switch 3\n>p1 move hurricane\n>p2 move closecombat\n>p1 switch 6\n>p1 move acrobatics\n>p2 move flareblitz\n>p2 switch 6\n>p1 move leechseed\n>p2 move fireblast\n>p1 move strengthsap\n>p2 move darkpulse\n>p1 move substitute\n>p2 move darkpulse\n>p1 move substitute\n>p2 move darkpulse\n>p1 move acrobatics\n>p2 move darkpulse\n>p2 switch 3\n>p1 move leechseed\n>p2 move moongeistbeam\n>p1 switch 5\n>chat \u2606peekatchoum|why didnt u strength sap \n>p1 move strengthsap terastallize\n>p2 move calmmind terastallize\n>p1 move calmmind\n>p2 move focusblast\n>p1 move matchagotcha\n>p2 move focusblast", "uploadtime": 1781448772, "views": 5, "formatid": "gen9randombattle", "rating": null, "private": 0, "password": null}