{"id": "gen9randombattle-2631420321", "format": "[Gen 9] Random Battle", "players": ["kirkiz", "Doc Peppa"], "log": "|j|\u2606kirkiz\n|j|\u2606Doc Peppa\n|t:|1781382493\n|gametype|singles\n|player|p1|kirkiz|1|1643\n|player|p2|Doc Peppa|doctor|1584\n|gen|9\n|tier|[Gen 9] Random Battle\n|rated|\n|rule|Species Clause: Limit one of each Pok\u00e9mon\n|rule|HP Percentage Mod: HP is shown in percentages\n|rule|Sleep Clause Mod: Limit one foe put to sleep\n|rule|Illusion Level Mod: Illusion disguises the Pok\u00e9mon's true level\n|\n|t:|1781382494\n|teamsize|p1|6\n|teamsize|p2|6\n|start\n|switch|p1a: Deoxys|Deoxys-Defense, L84|221/221\n|switch|p2a: Leafeon|Leafeon, L88, F|258/258\n|-ability|p1a: Deoxys|Pressure\n|turn|1\n|inactive|Battle timer is ON: inactive players will automatically lose when time's up. (requested by Doc Peppa)\n|\n|t:|1781382519\n|move|p2a: Leafeon|Swords Dance|p2a: Leafeon\n|-boost|p2a: Leafeon|atk|2\n|move|p1a: Deoxys|Stealth Rock|p2a: Leafeon\n|-sidestart|p2: Doc Peppa|move: Stealth Rock\n|\n|upkeep\n|turn|2\n|\n|t:|1781382524\n|-terastallize|p2a: Leafeon|Dark\n|move|p2a: Leafeon|Substitute|p2a: Leafeon\n|-start|p2a: Leafeon|Substitute\n|-damage|p2a: Leafeon|194/258\n|move|p1a: Deoxys|Teleport|p1a: Deoxys\n|\n|t:|1781382540\n|switch|p1a: Dedenne|Dedenne, L88, F|261/261|[from] Teleport\n|\n|-heal|p2a: Leafeon|210/258|[from] item: Leftovers\n|upkeep\n|turn|3\n|\n|t:|1781382545\n|move|p1a: Dedenne|U-turn|p2a: Leafeon\n|-supereffective|p2a: Leafeon\n|-activate|p2a: Leafeon|move: Substitute|[damage]\n|inactive|kirkiz has 120 seconds left.\n|\n|t:|1781382582\n|switch|p1a: Iron Jugulis|Iron Jugulis, L77|271/271|[from] U-turn\n|move|p2a: Leafeon|Knock Off|p1a: Iron Jugulis\n|-resisted|p1a: Iron Jugulis\n|-damage|p1a: Iron Jugulis|139/271\n|-enditem|p1a: Iron Jugulis|Power Herb|[from] move: Knock Off|[of] p2a: Leafeon\n|\n|-heal|p2a: Leafeon|226/258|[from] item: Leftovers\n|upkeep\n|turn|4\n|\n|t:|1781382604\n|move|p2a: Leafeon|Swords Dance|p2a: Leafeon\n|-boost|p2a: Leafeon|atk|2\n|move|p1a: Iron Jugulis|Dark Pulse|p2a: Leafeon\n|-resisted|p2a: Leafeon\n|-end|p2a: Leafeon|Substitute\n|\n|-heal|p2a: Leafeon|242/258|[from] item: Leftovers\n|upkeep\n|turn|5\n|\n|t:|1781382612\n|move|p2a: Leafeon|Substitute|p2a: Leafeon\n|-start|p2a: Leafeon|Substitute\n|-damage|p2a: Leafeon|178/258\n|move|p1a: Iron Jugulis|Earth Power|p2a: Leafeon\n|-end|p2a: Leafeon|Substitute\n|\n|-heal|p2a: Leafeon|194/258|[from] item: Leftovers\n|upkeep\n|turn|6\n|\n|t:|1781382617\n|move|p2a: Leafeon|Leaf Blade|p1a: Iron Jugulis\n|-resisted|p1a: Iron Jugulis\n|-damage|p1a: Iron Jugulis|0 fnt\n|faint|p1a: Iron Jugulis\n|-end|p1a: Iron Jugulis|Quark Drive|[silent]\n|\n|-heal|p2a: Leafeon|210/258|[from] item: Leftovers\n|upkeep\n|\n|t:|1781382623\n|switch|p1a: Dedenne|Dedenne, L88, F|261/261\n|turn|7\n|\n|t:|1781382629\n|switch|p2a: Excadrill|Excadrill, L79, F|303/303\n|-damage|p2a: Excadrill|294/303|[from] Stealth Rock\n|-ability|p2a: Excadrill|Mold Breaker\n|move|p1a: Dedenne|Dazzling Gleam|p2a: Excadrill\n|-resisted|p2a: Excadrill\n|-damage|p2a: Excadrill|255/303\n|\n|upkeep\n|turn|8\n|\n|t:|1781382636\n|move|p1a: Dedenne|U-turn|p2a: Excadrill\n|-resisted|p2a: Excadrill\n|-damage|p2a: Excadrill|229/303\n|\n|t:|1781382638\n|switch|p1a: Ludicolo|Ludicolo, L90, M|290/290|[from] U-turn\n|move|p2a: Excadrill|Rapid Spin|p1a: Ludicolo\n|-damage|p1a: Ludicolo|248/290\n|-boost|p2a: Excadrill|spe|1\n|-sideend|p2: Doc Peppa|Stealth Rock|[from] move: Rapid Spin|[of] p2a: Excadrill\n|\n|upkeep\n|turn|9\n|\n|t:|1781382648\n|switch|p2a: Virizion|Virizion, L82|283/283\n|move|p1a: Ludicolo|Hydro Pump|p2a: Virizion|[miss]\n|-miss|p1a: Ludicolo|p2a: Virizion\n|\n|upkeep\n|turn|10\n|\n|t:|1781382664\n|switch|p1a: Dedenne|Dedenne, L88, F|261/261\n|move|p2a: Virizion|Leaf Blade|p1a: Dedenne\n|-damage|p1a: Dedenne|115/261\n|-enditem|p1a: Dedenne|Sitrus Berry|[eat]\n|-heal|p1a: Dedenne|180/261|[from] item: Sitrus Berry\n|-heal|p1a: Dedenne|261/261|[from] ability: Cheek Pouch\n|-damage|p2a: Virizion|255/283|[from] item: Life Orb\n|\n|upkeep\n|turn|11\n|\n|t:|1781382673\n|switch|p2a: Excadrill|Excadrill, L79, F|229/303\n|-ability|p2a: Excadrill|Mold Breaker\n|move|p1a: Dedenne|Dazzling Gleam|p2a: Excadrill\n|-resisted|p2a: Excadrill\n|-damage|p2a: Excadrill|192/303\n|\n|upkeep\n|turn|12\n|\n|t:|1781382680\n|move|p1a: Dedenne|U-turn|p2a: Excadrill\n|-resisted|p2a: Excadrill\n|-damage|p2a: Excadrill|164/303\n|\n|t:|1781382690\n|switch|p1a: Ludicolo|Ludicolo, L90, M|248/290|[from] U-turn\n|move|p2a: Excadrill|Rock Slide|p1a: Ludicolo\n|-damage|p1a: Ludicolo|178/290\n|\n|upkeep\n|turn|13\n|\n|t:|1781382701\n|move|p2a: Excadrill|Rock Slide|p1a: Ludicolo\n|-damage|p1a: Ludicolo|113/290\n|move|p1a: Ludicolo|Ice Beam|p2a: Excadrill\n|-damage|p2a: Excadrill|71/303\n|\n|upkeep\n|turn|14\n|\n|t:|1781382707\n|move|p2a: Excadrill|Rock Slide|p1a: Ludicolo\n|-damage|p1a: Ludicolo|41/290\n|cant|p1a: Ludicolo|flinch\n|\n|upkeep\n|turn|15\n|\n|t:|1781382714\n|move|p2a: Excadrill|Rock Slide|p1a: Ludicolo\n|-damage|p1a: Ludicolo|0 fnt\n|faint|p1a: Ludicolo\n|\n|upkeep\n|\n|t:|1781382734\n|switch|p1a: Dedenne|Dedenne, L88, F|261/261\n|turn|16\n|\n|t:|1781382737\n|move|p1a: Dedenne|Dazzling Gleam|p2a: Excadrill\n|-resisted|p2a: Excadrill\n|-damage|p2a: Excadrill|34/303\n|move|p2a: Excadrill|Rapid Spin|p1a: Dedenne\n|-damage|p1a: Dedenne|204/261\n|-boost|p2a: Excadrill|spe|1\n|\n|upkeep\n|turn|17\n|\n|t:|1781382742\n|-terastallize|p1a: Dedenne|Flying\n|move|p2a: Excadrill|Iron Head|p1a: Dedenne\n|-damage|p1a: Dedenne|77/261\n|move|p1a: Dedenne|Dazzling Gleam|p2a: Excadrill\n|-resisted|p2a: Excadrill\n|-damage|p2a: Excadrill|0 fnt\n|faint|p2a: Excadrill\n|\n|upkeep\n|\n|t:|1781382760\n|switch|p2a: Dusknoir|Dusknoir, L89, F|225/225\n|turn|18\n|\n|t:|1781382763\n|move|p1a: Dedenne|Nuzzle|p2a: Dusknoir\n|-damage|p2a: Dusknoir|213/225\n|-status|p2a: Dusknoir|par\n|cant|p2a: Dusknoir|par\n|\n|upkeep\n|turn|19\n|\n|t:|1781382768\n|move|p1a: Dedenne|U-turn|p2a: Dusknoir\n|-resisted|p2a: Dusknoir\n|-damage|p2a: Dusknoir|200/225 par\n|\n|t:|1781382772\n|switch|p1a: Komala|Komala, L88, M|258/258|[from] U-turn\n|-ability|p1a: Komala|Comatose\n|move|p2a: Dusknoir|Trick|p1a: Komala\n|-activate|p2a: Dusknoir|move: Trick|[of] p1a: Komala\n|-item|p1a: Komala|Choice Band|[from] move: Trick\n|-item|p2a: Dusknoir|Assault Vest|[from] move: Trick\n|\n|upkeep\n|turn|20\n|\n|t:|1781382782\n|switch|p2a: Indeedee|Indeedee-F, L90, F|272/272\n|-fieldstart|move: Psychic Terrain|[from] ability: Psychic Surge|[of] p2a: Indeedee\n|move|p1a: Komala|Knock Off|p2a: Indeedee\n|-supereffective|p2a: Indeedee\n|-damage|p2a: Indeedee|0 fnt\n|-enditem|p2a: Indeedee|Choice Specs|[from] move: Knock Off|[of] p1a: Komala\n|faint|p2a: Indeedee\n|\n|upkeep\n|\n|t:|1781382793\n|switch|p2a: Virizion|Virizion, L82|255/283\n|turn|21\n|\n|t:|1781382800\n|switch|p1a: Deoxys|Deoxys-Defense, L84|221/221\n|-ability|p1a: Deoxys|Pressure\n|move|p2a: Virizion|Stone Edge|p1a: Deoxys|[miss]\n|-miss|p2a: Virizion|p1a: Deoxys\n|\n|upkeep\n|turn|22\n|\n|t:|1781382806\n|switch|p2a: Leafeon|Leafeon, L88, F, tera:Dark|210/258\n|move|p1a: Deoxys|Teleport|p1a: Deoxys\n|\n|t:|1781382808\n|switch|p1a: Dedenne|Dedenne, L88, F, tera:Flying|77/261|[from] Teleport\n|\n|-heal|p2a: Leafeon|226/258|[from] item: Leftovers\n|upkeep\n|turn|23\n|\n|t:|1781382813\n|switch|p2a: Dusknoir|Dusknoir, L89, F|200/225 par\n|move|p1a: Dedenne|Dazzling Gleam|p2a: Dusknoir\n|-damage|p2a: Dusknoir|161/225 par\n|\n|upkeep\n|turn|24\n|\n|t:|1781382828\n|switch|p1a: Komala|Komala, L88, M|258/258\n|-ability|p1a: Komala|Comatose\n|move|p2a: Dusknoir|Poltergeist|p1a: Komala\n|-immune|p1a: Komala\n|\n|-fieldend|move: Psychic Terrain\n|upkeep\n|turn|25\n|\n|t:|1781382834\n|switch|p2a: Virizion|Virizion, L82|255/283\n|move|p1a: Komala|U-turn|p2a: Virizion\n|-damage|p2a: Virizion|135/283\n|\n|t:|1781382837\n|switch|p1a: Dedenne|Dedenne, L88, F, tera:Flying|77/261|[from] U-turn\n|\n|upkeep\n|turn|26\n|\n|t:|1781382840\n|move|p1a: Dedenne|Dazzling Gleam|p2a: Virizion\n|-supereffective|p2a: Virizion\n|-damage|p2a: Virizion|19/283\n|move|p2a: Virizion|Stone Edge|p1a: Dedenne\n|-supereffective|p1a: Dedenne\n|-damage|p1a: Dedenne|0 fnt\n|faint|p1a: Dedenne\n|-damage|p2a: Virizion|0 fnt|[from] item: Life Orb\n|faint|p2a: Virizion\n|\n|upkeep\n|\n|t:|1781382849\n|switch|p1a: Baxcalibur|Baxcalibur, L75, M|295/295\n|switch|p2a: Klawf|Klawf, L90, F|272/272\n|turn|27\n|\n|t:|1781382856\n|move|p2a: Klawf|Stone Edge|p1a: Baxcalibur\n|-supereffective|p1a: Baxcalibur\n|-damage|p1a: Baxcalibur|0 fnt\n|faint|p1a: Baxcalibur\n|\n|upkeep\n|\n|t:|1781382859\n|switch|p1a: Deoxys|Deoxys-Defense, L84|221/221\n|-ability|p1a: Deoxys|Pressure\n|turn|28\n|\n|t:|1781382862\n|switch|p2a: Dusknoir|Dusknoir, L89, F|161/225 par\n|-item|p1a: Deoxys|Rocky Helmet|[from] ability: Frisk|[of] p2a: Dusknoir\n|move|p1a: Deoxys|Stealth Rock|p2a: Dusknoir\n|-sidestart|p2: Doc Peppa|move: Stealth Rock\n|\n|upkeep\n|turn|29\n|\n|t:|1781382868\n|switch|p1a: Komala|Komala, L88, M|258/258\n|-ability|p1a: Komala|Comatose\n|cant|p2a: Dusknoir|par\n|\n|upkeep\n|turn|30\n|\n|t:|1781382874\n|move|p1a: Komala|U-turn|p2a: Dusknoir\n|-resisted|p2a: Dusknoir\n|-damage|p2a: Dusknoir|130/225 par\n|\n|t:|1781382876\n|switch|p1a: Deoxys|Deoxys-Defense, L84|221/221|[from] U-turn\n|-ability|p1a: Deoxys|Pressure\n|move|p2a: Dusknoir|Earthquake|p1a: Deoxys\n|-damage|p1a: Deoxys|167/221\n|\n|upkeep\n|turn|31\n|\n|t:|1781382885\n|move|p2a: Dusknoir|Poltergeist|p1a: Deoxys\n|-activate|p1a: Deoxys|move: Poltergeist|Rocky Helmet\n|-supereffective|p1a: Deoxys\n|-damage|p1a: Deoxys|0 fnt\n|faint|p1a: Deoxys\n|\n|upkeep\n|\n|t:|1781382890\n|switch|p1a: Komala|Komala, L88, M|258/258\n|-ability|p1a: Komala|Comatose\n|turn|32\n|\n|t:|1781382897\n|switch|p2a: Klawf|Klawf, L90, F|272/272\n|-damage|p2a: Klawf|238/272|[from] Stealth Rock\n|move|p1a: Komala|U-turn|p2a: Klawf\n|-damage|p2a: Klawf|171/272\n|\n|upkeep\n|turn|33\n|\n|t:|1781382907\n|move|p2a: Klawf|Stone Edge|p1a: Komala\n|-damage|p1a: Komala|39/258\n|move|p1a: Komala|U-turn|p2a: Klawf\n|-damage|p2a: Klawf|101/272\n|\n|upkeep\n|turn|34\n|\n|t:|1781382922\n|move|p2a: Klawf|Stone Edge|p1a: Komala\n|-damage|p1a: Komala|0 fnt\n|faint|p1a: Komala\n|\n|win|Doc Peppa\n|raw|kirkiz's rating: 1643 &rarr; <strong>1620</strong><br />(-23 for losing)\n|raw|Doc Peppa's rating: 1584 &rarr; <strong>1607</strong><br />(+23 for winning)\n|l|\u2606kirkiz\n|player|p1|\n", "inputlog": ">version a8376a258c1d4662feba110a92103f3664a72141\n>start {\"formatid\":\"gen9randombattle\",\"seed\":\"sodium,f772cd5fd6b1b9a08e2e197bec24aa5e\",\"rated\":\"Rated battle\"}\n>player p1 {\"name\":\"kirkiz\",\"avatar\":\"1\",\"rating\":1643,\"seed\":\"sodium,5317380994ce787c08885e138058d0c3\"}\n>player p2 {\"name\":\"Doc Peppa\",\"avatar\":\"doctor\",\"rating\":1584,\"seed\":\"sodium,7150910f75582ba3a3b4eddea5a0ccf6\"}\n>p1 move stealthrock\n>p2 move swordsdance\n>p1 move teleport\n>p2 move substitute terastallize\n>p1 switch 4\n>p1 move uturn\n>p2 move knockoff\n>p1 switch 2\n>p1 move darkpulse\n>p2 move swordsdance\n>p1 move earthpower\n>p2 move substitute\n>p1 move earthpower\n>p2 move leafblade\n>p1 switch 2\n>p1 move dazzlinggleam\n>p2 switch 6\n>p1 move uturn\n>p2 move rapidspin\n>p1 switch 3\n>p1 move hydropump\n>p2 switch 2\n>p1 switch 3\n>p2 move leafblade\n>p1 move dazzlinggleam\n>p2 switch 2\n>p1 move uturn\n>p2 move rockslide\n>p1 switch 3\n>p1 move icebeam\n>p2 move rockslide\n>p1 move icebeam\n>p2 move rockslide\n>p1 move icebeam\n>p2 move rockslide\n>p1 switch 3\n>p1 move dazzlinggleam\n>p2 move rapidspin\n>p1 move dazzlinggleam terastallize\n>p2 move ironhead\n>p2 switch 4\n>p1 move nuzzle\n>p2 move trick\n>p1 move uturn\n>p2 move trick\n>p1 switch 5\n>p1 move knockoff\n>p2 switch 3\n>p2 switch 2\n>p1 switch 4\n>p2 move stoneedge\n>p1 move teleport\n>p2 switch 6\n>p1 switch 5\n>p1 move dazzlinggleam\n>p2 switch 3\n>p1 switch 4\n>p2 move poltergeist\n>p1 move uturn\n>p2 switch 6\n>p1 switch 4\n>p1 move dazzlinggleam\n>p2 move stoneedge\n>p1 switch 6\n>p2 switch 5\n>p1 move earthquake\n>p2 move stoneedge\n>p1 switch 5\n>p1 move stealthrock\n>p2 switch 6\n>p1 switch 4\n>p2 move earthquake\n>p1 move uturn\n>p2 move earthquake\n>p1 switch 4\n>p1 move teleport\n>p2 move poltergeist\n>p1 switch 4\n>p1 move uturn\n>p2 switch 6\n>p1 move uturn\n>p2 move stoneedge\n>p1 move uturn\n>p2 move stoneedge", "uploadtime": 1781382927, "views": 7, "formatid": "gen9randombattle", "rating": 1607, "private": 0, "password": null}