{"id": "gen9randombattle-2631941024", "format": "[Gen 9] Random Battle", "players": ["Gokucario", "Diamondscyther"], "log": "|j|\u2606Gokucario\n|j|\u2606Diamondscyther\n|t:|1781458027\n|gametype|singles\n|player|p1|Gokucario|riley|1950\n|player|p2|Diamondscyther|larry|1926\n|gen|9\n|tier|[Gen 9] Random Battle\n|rated|\n|rule|Species Clause: Limit one of each Pok\u00e9mon\n|rule|HP Percentage Mod: HP is shown in percentages\n|rule|Sleep Clause Mod: Limit one foe put to sleep\n|rule|Illusion Level Mod: Illusion disguises the Pok\u00e9mon's true level\n|\n|t:|1781458027\n|teamsize|p1|6\n|teamsize|p2|6\n|start\n|switch|p1a: Raikou|Raikou, L81|235/235\n|switch|p2a: Serperior|Serperior, L79, F|248/248\n|turn|1\n|inactive|Battle timer is ON: inactive players will automatically lose when time's up. (requested by Diamondscyther)\n|\n|t:|1781458042\n|move|p2a: Serperior|Leaf Storm|p1a: Raikou\n|-damage|p1a: Raikou|63/235\n|-boost|p2a: Serperior|spa|2\n|replace|p1a: Zoroark|Zoroark, L83, F\n|-end|p1a: Zoroark|Illusion\n|-hint|Illusion Level Mod is active, so this Pok\u00e9mon's true level was hidden.\n|-damage|p2a: Serperior|224/248|[from] item: Life Orb\n|move|p1a: Zoroark|Sludge Bomb|p2a: Serperior\n|-supereffective|p2a: Serperior\n|-damage|p2a: Serperior|26/248\n|-damage|p1a: Zoroark|40/235|[from] item: Life Orb\n|\n|upkeep\n|turn|2\n|\n|t:|1781458060\n|switch|p1a: Dragapult|Dragapult, L77, M|262/262\n|move|p2a: Serperior|Leaf Storm|p1a: Dragapult\n|-resisted|p1a: Dragapult\n|-damage|p1a: Dragapult|96/262\n|-boost|p2a: Serperior|spa|2\n|-damage|p2a: Serperior|2/248|[from] item: Life Orb\n|\n|upkeep\n|turn|3\n|\n|t:|1781458073\n|move|p1a: Dragapult|U-turn|p2a: Serperior\n|-supereffective|p2a: Serperior\n|-damage|p2a: Serperior|0 fnt\n|faint|p2a: Serperior\n|\n|t:|1781458082\n|switch|p1a: Raikou|Raikou, L81|40/235|[from] U-turn\n|\n|upkeep\n|\n|t:|1781458104\n|switch|p2a: Furret|Furret, L94, M|312/312\n|-item|p1a: Raikou|Life Orb|[from] ability: Frisk|[of] p2a: Furret\n|turn|4\n|\n|t:|1781458115\n|move|p2a: Furret|Knock Off|p1a: Raikou\n|-resisted|p1a: Raikou\n|-damage|p1a: Raikou|0 fnt\n|replace|p1a: Zoroark|Zoroark, L83, F\n|-end|p1a: Zoroark|Illusion\n|-enditem|p1a: Zoroark|Life Orb|[from] move: Knock Off|[of] p2a: Furret\n|faint|p1a: Zoroark\n|-damage|p2a: Furret|281/312|[from] item: Life Orb\n|\n|upkeep\n|\n|t:|1781458126\n|switch|p1a: Garchomp|Garchomp, L74, F|282/282\n|turn|5\n|\n|t:|1781458136\n|move|p2a: Furret|Tidy Up|p2a: Furret\n|-boost|p2a: Furret|atk|1\n|-boost|p2a: Furret|spe|1\n|move|p1a: Garchomp|Scale Shot|p2a: Furret\n|-damage|p2a: Furret|251/312\n|-damage|p2a: Furret|221/312\n|-damage|p2a: Furret|193/312\n|-damage|p2a: Furret|163/312\n|-damage|p2a: Furret|135/312\n|-hitcount|p2a: Furret|5\n|-unboost|p1a: Garchomp|def|1\n|-boost|p1a: Garchomp|spe|1\n|\n|upkeep\n|turn|6\n|\n|t:|1781458143\n|switch|p1a: Dragapult|Dragapult, L77, M|96/262\n|move|p2a: Furret|Double-Edge|p1a: Dragapult\n|-immune|p1a: Dragapult\n|\n|upkeep\n|turn|7\n|\n|t:|1781458145\n|switch|p1a: Garchomp|Garchomp, L74, F|282/282\n|move|p2a: Furret|Knock Off|p1a: Garchomp\n|-damage|p1a: Garchomp|143/282\n|-damage|p2a: Furret|96/312|[from] ability: Rough Skin|[of] p1a: Garchomp\n|-enditem|p1a: Garchomp|Loaded Dice|[from] move: Knock Off|[of] p2a: Furret\n|-damage|p2a: Furret|65/312|[from] item: Life Orb\n|\n|upkeep\n|turn|8\n|\n|t:|1781458152\n|move|p2a: Furret|Double-Edge|p1a: Garchomp\n|-damage|p1a: Garchomp|0 fnt\n|-damage|p2a: Furret|26/312|[from] ability: Rough Skin|[of] p1a: Garchomp\n|faint|p1a: Garchomp\n|-damage|p2a: Furret|0 fnt|[from] Recoil\n|faint|p2a: Furret\n|\n|upkeep\n|\n|t:|1781458160\n|switch|p2a: Slowbro|Slowbro-Galar, L87, M|307/307\n|switch|p1a: Sandy Shocks|Sandy Shocks, L80|267/267\n|turn|9\n|\n|t:|1781458181\n|move|p1a: Sandy Shocks|Earth Power|p2a: Slowbro\n|-supereffective|p2a: Slowbro\n|-damage|p2a: Slowbro|145/307\n|move|p2a: Slowbro|Earthquake|p1a: Sandy Shocks\n|-supereffective|p1a: Sandy Shocks\n|-damage|p1a: Sandy Shocks|113/267\n|\n|-heal|p1a: Sandy Shocks|129/267|[from] item: Leftovers\n|upkeep\n|turn|10\n|\n|t:|1781458188\n|switch|p2a: Leavanny|Leavanny, L86, F|269/269\n|move|p1a: Sandy Shocks|Earth Power|p2a: Leavanny\n|-resisted|p2a: Leavanny\n|-damage|p2a: Leavanny|241/269\n|\n|-heal|p1a: Sandy Shocks|145/267|[from] item: Leftovers\n|upkeep\n|turn|11\n|\n|t:|1781458210\n|move|p1a: Sandy Shocks|Thunder Wave|p2a: Leavanny\n|-status|p2a: Leavanny|par\n|move|p2a: Leavanny|Sticky Web|p1a: Sandy Shocks\n|-sidestart|p1: Gokucario|move: Sticky Web\n|\n|-heal|p1a: Sandy Shocks|161/267|[from] item: Leftovers\n|upkeep\n|turn|12\n|\n|t:|1781458218\n|move|p1a: Sandy Shocks|Spikes|p2a: Leavanny\n|-sidestart|p2: Diamondscyther|Spikes\n|move|p2a: Leavanny|Triple Axel|p1a: Sandy Shocks\n|-supereffective|p1a: Sandy Shocks\n|-damage|p1a: Sandy Shocks|129/267\n|-supereffective|p1a: Sandy Shocks\n|-damage|p1a: Sandy Shocks|67/267\n|-supereffective|p1a: Sandy Shocks\n|-damage|p1a: Sandy Shocks|0 fnt\n|faint|p1a: Sandy Shocks\n|-end|p1a: Sandy Shocks|Protosynthesis|[silent]\n|-hitcount|p1: Sandy Shocks|3\n|\n|upkeep\n|\n|t:|1781458226\n|switch|p1a: Dragapult|Dragapult, L77, M|96/262\n|-activate|p1a: Dragapult|move: Sticky Web\n|-unboost|p1a: Dragapult|spe|1\n|turn|13\n|\n|t:|1781458237\n|switch|p2a: Charizard|Charizard, L85, F|271/271\n|move|p1a: Dragapult|Fire Blast|p2a: Charizard\n|-resisted|p2a: Charizard\n|-damage|p2a: Charizard|216/271\n|\n|upkeep\n|turn|14\n|\n|t:|1781458246\n|switch|p1a: Vaporeon|Vaporeon, L86, F|364/364\n|-activate|p1a: Vaporeon|move: Sticky Web\n|-unboost|p1a: Vaporeon|spe|1\n|move|p2a: Charizard|Hurricane|p1a: Vaporeon\n|-damage|p1a: Vaporeon|234/364\n|\n|-heal|p1a: Vaporeon|256/364|[from] item: Leftovers\n|upkeep\n|turn|15\n|\n|t:|1781458268\n|switch|p2a: Leavanny|Leavanny, L86, F|241/269 par\n|-damage|p2a: Leavanny|208/269 par|[from] Spikes\n|move|p1a: Vaporeon|Scald|p2a: Leavanny\n|-resisted|p2a: Leavanny\n|-crit|p2a: Leavanny\n|-damage|p2a: Leavanny|129/269 par\n|\n|-heal|p1a: Vaporeon|278/364|[from] item: Leftovers\n|upkeep\n|turn|16\n|inactive|Gokucario has 120 seconds left.\n|\n|t:|1781458311\n|-terastallize|p1a: Vaporeon|Ghost\n|move|p1a: Vaporeon|Wish|p1a: Vaporeon\n|move|p2a: Leavanny|Bullet Seed|p1a: Vaporeon\n|-damage|p1a: Vaporeon|238/364\n|-damage|p1a: Vaporeon|201/364\n|-damage|p1a: Vaporeon|165/364\n|-damage|p1a: Vaporeon|125/364\n|-damage|p1a: Vaporeon|85/364\n|-hitcount|p1a: Vaporeon|5\n|\n|-heal|p1a: Vaporeon|107/364|[from] item: Leftovers\n|upkeep\n|turn|17\n|\n|t:|1781458318\n|switch|p1a: Dragapult|Dragapult, L77, M|96/262\n|-activate|p1a: Dragapult|move: Sticky Web\n|-unboost|p1a: Dragapult|spe|1\n|move|p2a: Leavanny|Knock Off|p1a: Dragapult\n|-supereffective|p1a: Dragapult\n|-damage|p1a: Dragapult|0 fnt\n|-enditem|p1a: Dragapult|Choice Specs|[from] move: Knock Off|[of] p2a: Leavanny\n|faint|p1a: Dragapult\n|\n|upkeep\n|\n|t:|1781458325\n|switch|p1a: Raikou|Raikou, L81|278/278\n|-activate|p1a: Raikou|move: Sticky Web\n|-unboost|p1a: Raikou|spe|1\n|-ability|p1a: Raikou|Pressure\n|turn|18\n|\n|t:|1781458329\n|move|p1a: Raikou|Calm Mind|p1a: Raikou\n|-boost|p1a: Raikou|spa|1\n|-boost|p1a: Raikou|spd|1\n|move|p2a: Leavanny|Knock Off|p1a: Raikou\n|-damage|p1a: Raikou|183/278\n|-enditem|p1a: Raikou|Leftovers|[from] move: Knock Off|[of] p2a: Leavanny\n|\n|upkeep\n|turn|19\n|\n|t:|1781458334\n|move|p1a: Raikou|Substitute|p1a: Raikou\n|-start|p1a: Raikou|Substitute\n|-damage|p1a: Raikou|114/278\n|move|p2a: Leavanny|Bullet Seed|p1a: Raikou\n|-activate|p1a: Raikou|move: Substitute|[damage]\n|-activate|p1a: Raikou|move: Substitute|[damage]\n|-end|p1a: Raikou|Substitute\n|-damage|p1a: Raikou|77/278\n|-hitcount|p1a: Raikou|4\n|\n|upkeep\n|turn|20\n|\n|t:|1781458336\n|move|p1a: Raikou|Thunderbolt|p2a: Leavanny\n|-resisted|p2a: Leavanny\n|-damage|p2a: Leavanny|47/269 par\n|move|p2a: Leavanny|Bullet Seed|p1a: Raikou\n|-damage|p1a: Raikou|41/278\n|-damage|p1a: Raikou|8/278\n|-damage|p1a: Raikou|0 fnt\n|faint|p1a: Raikou\n|-hitcount|p1: Raikou|3\n|\n|upkeep\n|-message|Gokucario forfeited.\n|\n|win|Diamondscyther\n", "inputlog": ">version a8376a258c1d4662feba110a92103f3664a72141\n>start {\"formatid\":\"gen9randombattle\",\"seed\":\"sodium,0e4115091d1793a41c8be3ee5feb8a1e\",\"rated\":\"Rated battle\"}\n>player p1 {\"name\":\"Gokucario\",\"avatar\":\"riley\",\"rating\":1950,\"seed\":\"sodium,1dc7f70e9aa0772e16deb37368935b26\"}\n>player p2 {\"name\":\"Diamondscyther\",\"avatar\":\"larry\",\"rating\":1926,\"seed\":\"sodium,7c6751de9b8c59eab00ef27ecb733b77\"}\n>p1 move sludgebomb\n>p2 move leafstorm\n>p1 switch 3\n>p2 move leafstorm\n>p1 move uturn\n>p2 move leafstorm\n>p1 switch 3\n>p2 switch 6\n>p1 move darkpulse\n>p2 move knockoff\n>p1 switch 2\n>p1 move scaleshot\n>p2 move tidyup\n>p1 switch 3\n>p2 move doubleedge\n>p1 switch 3\n>p2 move knockoff\n>p1 move earthquake\n>p2 move doubleedge\n>p1 switch 4\n>p2 switch 3\n>p1 move earthpower\n>p2 move earthquake\n>p1 move earthpower\n>p2 switch 4\n>p1 move thunderwave\n>p2 move stickyweb\n>p1 move spikes\n>p2 move tripleaxel\n>p1 switch 3\n>p1 move fireblast\n>p2 switch 5\n>p1 switch 5\n>p2 move hurricane\n>p1 move scald\n>p2 switch 5\n>p1 move wish terastallize\n>p2 move bulletseed\n>p1 switch 5\n>p2 move knockoff\n>p1 switch 6\n>p1 move calmmind\n>p2 move knockoff\n>p1 move substitute\n>p2 move bulletseed\n>p1 move thunderbolt\n>p2 move bulletseed\n>forcelose p1", "uploadtime": 1781458030, "views": 4, "formatid": "gen9randombattle", "rating": null, "private": 0, "password": null}