{"id": "gen9randombattle-2631804714", "format": "[Gen 9] Random Battle", "players": ["supermancorenswet", "Daruma"], "log": "|j|\u2606supermancorenswet\n|j|\u2606Daruma\n|t:|1781442156\n|gametype|singles\n|player|p1|supermancorenswet|170|2083\n|player|p2|Daruma|#ruplixsleekslushrushers|2176\n|gen|9\n|tier|[Gen 9] Random Battle\n|rated|\n|rule|Species Clause: Limit one of each Pok\u00e9mon\n|rule|HP Percentage Mod: HP is shown in percentages\n|rule|Sleep Clause Mod: Limit one foe put to sleep\n|rule|Illusion Level Mod: Illusion disguises the Pok\u00e9mon's true level\n|\n|t:|1781442156\n|teamsize|p1|6\n|teamsize|p2|6\n|start\n|switch|p1a: Diancie|Diancie, L82|216/216\n|switch|p2a: Chandelure|Chandelure, L83, F|235/235\n|turn|1\n|inactive|Battle timer is ON: inactive players will automatically lose when time's up. (requested by supermancorenswet)\n|\n|t:|1781442183\n|switch|p1a: Luxray|Luxray, L88, F|283/283\n|move|p2a: Chandelure|Trick|p1a: Luxray\n|-activate|p2a: Chandelure|move: Trick|[of] p1a: Luxray\n|-item|p1a: Luxray|Choice Scarf|[from] move: Trick\n|-item|p2a: Chandelure|Flame Orb|[from] move: Trick\n|\n|upkeep\n|turn|2\n|\n|t:|1781442194\n|move|p1a: Luxray|Trailblaze|p2a: Chandelure\n|-resisted|p2a: Chandelure\n|-damage|p2a: Chandelure|214/235\n|-boost|p1a: Luxray|spe|1\n|move|p2a: Chandelure|Fire Blast|p1a: Luxray\n|-damage|p1a: Luxray|123/283\n|\n|upkeep\n|turn|3\n|\n|t:|1781442200\n|move|p1a: Luxray|Trailblaze|p2a: Chandelure\n|-resisted|p2a: Chandelure\n|-damage|p2a: Chandelure|192/235\n|-boost|p1a: Luxray|spe|1\n|move|p2a: Chandelure|Energy Ball|p1a: Luxray\n|-damage|p1a: Luxray|29/283\n|\n|upkeep\n|turn|4\n|\n|t:|1781442202\n|move|p1a: Luxray|Trailblaze|p2a: Chandelure\n|-resisted|p2a: Chandelure\n|-damage|p2a: Chandelure|167/235\n|-boost|p1a: Luxray|spe|1\n|move|p2a: Chandelure|Energy Ball|p1a: Luxray\n|-damage|p1a: Luxray|0 fnt\n|faint|p1a: Luxray\n|\n|upkeep\n|\n|t:|1781442214\n|switch|p1a: Iron Bundle|Iron Bundle, L78|215/215\n|turn|5\n|\n|t:|1781442218\n|switch|p2a: Luvdisc|Luvdisc, F|247/247\n|move|p1a: Iron Bundle|Hydro Pump|p2a: Luvdisc\n|-resisted|p2a: Luvdisc\n|-damage|p2a: Luvdisc|181/247\n|\n|upkeep\n|turn|6\n|\n|t:|1781442230\n|move|p1a: Iron Bundle|Freeze-Dry|p2a: Luvdisc\n|-supereffective|p2a: Luvdisc\n|-damage|p2a: Luvdisc|13/247\n|move|p2a: Luvdisc|Endeavor|p1a: Iron Bundle\n|-damage|p1a: Iron Bundle|13/215\n|\n|upkeep\n|turn|7\n|\n|t:|1781442235\n|switch|p2a: Metagross|Metagross, L79|256/256\n|move|p1a: Iron Bundle|Freeze-Dry|p2a: Metagross\n|-resisted|p2a: Metagross\n|-damage|p2a: Metagross|214/256\n|\n|upkeep\n|turn|8\n|\n|t:|1781442240\n|move|p1a: Iron Bundle|Hydro Pump|p2a: Metagross\n|-damage|p2a: Metagross|82/256\n|move|p2a: Metagross|Agility|p2a: Metagross\n|-boost|p2a: Metagross|spe|2\n|\n|upkeep\n|turn|9\n|\n|t:|1781442244\n|move|p2a: Metagross|Heavy Slam|p1a: Iron Bundle\n|-damage|p1a: Iron Bundle|0 fnt\n|faint|p1a: Iron Bundle\n|-end|p1a: Iron Bundle|Quark Drive|[silent]\n|\n|upkeep\n|\n|t:|1781442254\n|switch|p1a: Regice|Regice, L88|284/284\n|turn|10\n|\n|t:|1781442257\n|move|p2a: Metagross|Heavy Slam|p1a: Regice\n|-supereffective|p1a: Regice\n|-damage|p1a: Regice|120/284\n|move|p1a: Regice|Thunderbolt|p2a: Metagross\n|-damage|p2a: Metagross|5/256\n|-status|p2a: Metagross|par\n|\n|upkeep\n|turn|11\n|\n|t:|1781442261\n|move|p2a: Metagross|Heavy Slam|p1a: Regice\n|-supereffective|p1a: Regice\n|-damage|p1a: Regice|0 fnt\n|faint|p1a: Regice\n|\n|upkeep\n|\n|t:|1781442271\n|switch|p1a: Noivern|Noivern, L82, F|274/274\n|turn|12\n|\n|t:|1781442279\n|move|p1a: Noivern|U-turn|p2a: Metagross\n|-damage|p2a: Metagross|0 fnt\n|faint|p2a: Metagross\n|\n|t:|1781442281\n|switch|p1a: Polteageist|Polteageist, L78|222/222|[from] U-turn\n|\n|upkeep\n|\n|t:|1781442291\n|switch|p2a: Rayquaza|Rayquaza, L72|270/270\n|-ability|p2a: Rayquaza|Air Lock\n|turn|13\n|\n|t:|1781442296\n|move|p2a: Rayquaza|Dragon Ascent|p1a: Polteageist\n|-damage|p1a: Polteageist|0 fnt\n|-unboost|p2a: Rayquaza|def|1\n|-unboost|p2a: Rayquaza|spd|1\n|faint|p1a: Polteageist\n|\n|upkeep\n|\n|t:|1781442302\n|switch|p1a: Diancie|Diancie, L82|216/216\n|turn|14\n|\n|t:|1781442307\n|switch|p2a: Virizion|Virizion, L82|283/283\n|move|p1a: Diancie|Rock Polish|p1a: Diancie\n|-boost|p1a: Diancie|spe|2\n|\n|upkeep\n|turn|15\n|\n|t:|1781442323\n|switch|p1a: Noivern|Noivern, L82, F|274/274\n|move|p2a: Virizion|Leaf Blade|p1a: Noivern\n|-resisted|p1a: Noivern\n|-damage|p1a: Noivern|245/274\n|-damage|p2a: Virizion|255/283|[from] item: Life Orb\n|\n|upkeep\n|turn|16\n|\n|t:|1781442326\n|switch|p2a: Chandelure|Chandelure, L83, F|167/235\n|move|p1a: Noivern|Hurricane|p2a: Chandelure\n|-damage|p2a: Chandelure|2/235\n|\n|upkeep\n|turn|17\n|\n|t:|1781442330\n|move|p1a: Noivern|Hurricane|p2a: Chandelure\n|-damage|p2a: Chandelure|0 fnt\n|faint|p2a: Chandelure\n|\n|upkeep\n|\n|t:|1781442334\n|switch|p2a: Rayquaza|Rayquaza, L72|270/270\n|-ability|p2a: Rayquaza|Air Lock\n|turn|18\n|\n|t:|1781442336\n|move|p1a: Noivern|Hurricane|p2a: Rayquaza\n|-damage|p2a: Rayquaza|98/270\n|move|p2a: Rayquaza|Dragon Ascent|p1a: Noivern\n|-damage|p1a: Noivern|44/274\n|-unboost|p2a: Rayquaza|def|1\n|-unboost|p2a: Rayquaza|spd|1\n|\n|upkeep\n|turn|19\n|\n|t:|1781442341\n|move|p1a: Noivern|Hurricane|p2a: Rayquaza|[miss]\n|-miss|p1a: Noivern|p2a: Rayquaza\n|move|p2a: Rayquaza|Dragon Ascent|p1a: Noivern\n|-damage|p1a: Noivern|0 fnt\n|-unboost|p2a: Rayquaza|def|1\n|-unboost|p2a: Rayquaza|spd|1\n|faint|p1a: Noivern\n|\n|upkeep\n|\n|t:|1781442343\n|switch|p1a: Diancie|Diancie, L82|216/216\n|turn|20\n|\n|t:|1781442346\n|switch|p2a: Virizion|Virizion, L82|255/283\n|move|p1a: Diancie|Diamond Storm|p2a: Virizion\n|-resisted|p2a: Virizion\n|-damage|p2a: Virizion|198/283\n|-boost|p1a: Diancie|def|2\n|\n|upkeep\n|turn|21\n|\n|t:|1781442354\n|-terastallize|p1a: Diancie|Fighting\n|move|p2a: Virizion|Leaf Blade|p1a: Diancie\n|-damage|p1a: Diancie|177/216\n|-damage|p2a: Virizion|170/283|[from] item: Life Orb\n|move|p1a: Diancie|Rock Polish|p1a: Diancie\n|-boost|p1a: Diancie|spe|2\n|\n|-heal|p1a: Diancie|190/216|[from] item: Leftovers\n|upkeep\n|turn|22\n|\n|t:|1781442361\n|move|p1a: Diancie|Diamond Storm|p2a: Virizion\n|-resisted|p2a: Virizion\n|-damage|p2a: Virizion|112/283\n|-boost|p1a: Diancie|def|2\n|move|p2a: Virizion|Close Combat|p1a: Diancie\n|-damage|p1a: Diancie|155/216\n|-unboost|p2a: Virizion|def|1\n|-unboost|p2a: Virizion|spd|1\n|-damage|p2a: Virizion|84/283|[from] item: Life Orb\n|\n|-heal|p1a: Diancie|168/216|[from] item: Leftovers\n|upkeep\n|turn|23\n|\n|t:|1781442367\n|move|p1a: Diancie|Moonblast|p2a: Virizion\n|-supereffective|p2a: Virizion\n|-damage|p2a: Virizion|0 fnt\n|faint|p2a: Virizion\n|\n|-heal|p1a: Diancie|181/216|[from] item: Leftovers\n|upkeep\n|\n|t:|1781442370\n|switch|p2a: Charizard|Charizard, L85, F|271/271\n|turn|24\n|\n|t:|1781442373\n|-terastallize|p2a: Charizard|Fire\n|move|p1a: Diancie|Diamond Storm|p2a: Charizard\n|-supereffective|p2a: Charizard\n|-damage|p2a: Charizard|61/271\n|-boost|p1a: Diancie|def|2\n|move|p2a: Charizard|Hurricane|p1a: Diancie\n|-supereffective|p1a: Diancie\n|-damage|p1a: Diancie|13/216\n|-start|p1a: Diancie|confusion\n|\n|-heal|p1a: Diancie|26/216|[from] item: Leftovers\n|upkeep\n|turn|25\n|\n|t:|1781442384\n|-activate|p1a: Diancie|confusion\n|-damage|p1a: Diancie|21/216|[from] confusion\n|move|p2a: Charizard|Flamethrower|p1a: Diancie\n|-damage|p1a: Diancie|0 fnt\n|faint|p1a: Diancie\n|\n|win|Daruma\n", "uploadtime": 1781442158, "views": 3, "formatid": "gen9randombattle", "rating": null, "private": 0, "password": null}