{"id": "gen9randombattle-2631747847", "format": "[Gen 9] Random Battle", "players": ["trevorstmcgoodbody", "Crysys1"], "log": "|j|\u2606trevorstmcgoodbody\n|j|\u2606Crysys1\n|t:|1781433170\n|gametype|singles\n|player|p1|trevorstmcgoodbody|1|2115\n|player|p2|Crysys1|265|2157\n|gen|9\n|tier|[Gen 9] Random Battle\n|rated|\n|rule|Species Clause: Limit one of each Pok\u00e9mon\n|rule|HP Percentage Mod: HP is shown in percentages\n|rule|Sleep Clause Mod: Limit one foe put to sleep\n|rule|Illusion Level Mod: Illusion disguises the Pok\u00e9mon's true level\n|\n|t:|1781433170\n|teamsize|p1|6\n|teamsize|p2|6\n|start\n|switch|p1a: Quagsire|Quagsire, L84, F|297/297\n|switch|p2a: Froslass|Froslass, L87, F|263/263\n|turn|1\n|inactive|Battle timer is ON: inactive players will automatically lose when time's up. (requested by trevorstmcgoodbody)\n|\n|t:|1781433191\n|move|p2a: Froslass|Taunt|p1a: Quagsire\n|-start|p1a: Quagsire|move: Taunt\n|move|p1a: Quagsire|Earthquake|p2a: Froslass\n|-damage|p2a: Froslass|155/263\n|\n|upkeep\n|turn|2\n|\n|t:|1781433200\n|switch|p2a: Rillaboom|Rillaboom, L79, F|288/288\n|-fieldstart|move: Grassy Terrain|[from] ability: Grassy Surge|[of] p2a: Rillaboom\n|move|p1a: Quagsire|Earthquake|p2a: Rillaboom\n|-resisted|p2a: Rillaboom\n|-damage|p2a: Rillaboom|263/288\n|\n|-heal|p2a: Rillaboom|281/288|[from] Grassy Terrain\n|upkeep\n|turn|3\n|\n|t:|1781433206\n|switch|p1a: Gogoat|Gogoat, L88, F|360/360\n|move|p2a: Rillaboom|Knock Off|p1a: Gogoat\n|-damage|p1a: Gogoat|218/360\n|-enditem|p1a: Gogoat|Leftovers|[from] move: Knock Off|[of] p2a: Rillaboom\n|\n|-heal|p2a: Rillaboom|288/288|[from] Grassy Terrain\n|-heal|p1a: Gogoat|240/360|[from] Grassy Terrain\n|upkeep\n|turn|4\n|\n|t:|1781433216\n|switch|p2a: Froslass|Froslass, L87, F|155/263\n|move|p1a: Gogoat|Horn Leech|p2a: Froslass\n|-damage|p2a: Froslass|31/263\n|-heal|p1a: Gogoat|302/360|[from] drain|[of] p2a: Froslass\n|\n|-heal|p2a: Froslass|47/263|[from] Grassy Terrain\n|-heal|p1a: Gogoat|324/360|[from] Grassy Terrain\n|upkeep\n|turn|5\n|\n|t:|1781433231\n|switch|p1a: Lycanroc|Lycanroc-Dusk, L81, F|254/254\n|move|p2a: Froslass|Triple Axel|p1a: Lycanroc\n|-damage|p1a: Lycanroc|226/254\n|-damage|p1a: Lycanroc|180/254\n|-damage|p1a: Lycanroc|111/254\n|-hitcount|p1a: Lycanroc|3\n|\n|-heal|p2a: Froslass|63/263|[from] Grassy Terrain\n|-heal|p1a: Lycanroc|126/254|[from] Grassy Terrain\n|upkeep\n|turn|6\n|\n|t:|1781433244\n|switch|p2a: Donphan|Donphan, L84, M|288/288\n|move|p1a: Lycanroc|Accelerock|p2a: Donphan\n|-resisted|p2a: Donphan\n|-crit|p2a: Donphan\n|-damage|p2a: Donphan|233/288\n|\n|-heal|p1a: Lycanroc|141/254|[from] Grassy Terrain\n|-heal|p2a: Donphan|251/288|[from] Grassy Terrain\n|-heal|p2a: Donphan|269/288|[from] item: Leftovers\n|-fieldend|move: Grassy Terrain\n|upkeep\n|turn|7\n|\n|t:|1781433254\n|switch|p1a: Quagsire|Quagsire, L84, F|297/297\n|move|p2a: Donphan|Stealth Rock|p1a: Quagsire\n|-sidestart|p1: trevorstmcgoodbody|move: Stealth Rock\n|\n|-heal|p2a: Donphan|287/288|[from] item: Leftovers\n|upkeep\n|turn|8\n|\n|t:|1781433258\n|switch|p2a: Rillaboom|Rillaboom, L79, F|288/288\n|-fieldstart|move: Grassy Terrain|[from] ability: Grassy Surge|[of] p2a: Rillaboom\n|move|p1a: Quagsire|Toxic|p2a: Rillaboom\n|-status|p2a: Rillaboom|tox\n|\n|-damage|p2a: Rillaboom|270/288 tox|[from] psn\n|upkeep\n|turn|9\n|\n|t:|1781433262\n|switch|p1a: Gogoat|Gogoat, L88, F|324/360\n|-damage|p1a: Gogoat|279/360|[from] Stealth Rock\n|move|p2a: Rillaboom|Wood Hammer|p1a: Gogoat\n|-ability|p1a: Gogoat|Sap Sipper|boost\n|-boost|p1a: Gogoat|atk|1\n|\n|-heal|p2a: Rillaboom|288/288 tox|[from] Grassy Terrain\n|-heal|p1a: Gogoat|301/360|[from] Grassy Terrain\n|-damage|p2a: Rillaboom|252/288 tox|[from] psn\n|upkeep\n|turn|10\n|\n|t:|1781433267\n|switch|p2a: Noivern|Noivern, L82, M|274/274\n|move|p1a: Gogoat|Horn Leech|p2a: Noivern\n|-resisted|p2a: Noivern\n|-damage|p2a: Noivern|224/274\n|-heal|p1a: Gogoat|326/360|[from] drain|[of] p2a: Noivern\n|\n|-heal|p1a: Gogoat|348/360|[from] Grassy Terrain\n|upkeep\n|turn|11\n|\n|t:|1781433285\n|switch|p1a: Glalie|Glalie, L96, F|309/309\n|move|p2a: Noivern|Hurricane|p1a: Glalie|[miss]\n|-miss|p2a: Noivern|p1a: Glalie\n|\n|upkeep\n|turn|12\n|inactive|Crysys1 has 120 seconds left.\n|\n|t:|1781433318\n|-terastallize|p2a: Noivern|Fire\n|move|p2a: Noivern|Flamethrower|p1a: Glalie\n|-supereffective|p1a: Glalie\n|-damage|p1a: Glalie|139/309\n|-status|p1a: Glalie|brn\n|move|p1a: Glalie|Freeze-Dry|p2a: Noivern\n|-resisted|p2a: Noivern\n|-damage|p2a: Noivern|181/274\n|\n|-heal|p2a: Noivern|198/274|[from] Grassy Terrain\n|-heal|p1a: Glalie|158/309 brn|[from] Grassy Terrain\n|-damage|p1a: Glalie|139/309 brn|[from] brn\n|-fieldend|move: Grassy Terrain\n|upkeep\n|turn|13\n|\n|t:|1781433333\n|move|p2a: Noivern|Flamethrower|p1a: Glalie\n|-supereffective|p1a: Glalie\n|-damage|p1a: Glalie|0 fnt\n|faint|p1a: Glalie\n|\n|upkeep\n|\n|t:|1781433343\n|switch|p1a: Quagsire|Quagsire, L84, F|297/297\n|-damage|p1a: Quagsire|279/297|[from] Stealth Rock\n|turn|14\n|\n|t:|1781433350\n|switch|p2a: Rillaboom|Rillaboom, L79, F|252/288 tox\n|-fieldstart|move: Grassy Terrain|[from] ability: Grassy Surge|[of] p2a: Rillaboom\n|move|p1a: Quagsire|Earthquake|p2a: Rillaboom\n|-resisted|p2a: Rillaboom\n|-damage|p2a: Rillaboom|229/288 tox\n|\n|-heal|p2a: Rillaboom|247/288 tox|[from] Grassy Terrain\n|-heal|p1a: Quagsire|297/297|[from] Grassy Terrain\n|-damage|p2a: Rillaboom|229/288 tox|[from] psn\n|upkeep\n|turn|15\n|\n|t:|1781433360\n|move|p2a: Rillaboom|U-turn|p1a: Quagsire\n|-damage|p1a: Quagsire|214/297\n|\n|t:|1781433364\n|switch|p2a: Froslass|Froslass, L87, F|63/263|[from] U-turn\n|move|p1a: Quagsire|Toxic|p2a: Froslass\n|-status|p2a: Froslass|tox\n|\n|-heal|p2a: Froslass|79/263 tox|[from] Grassy Terrain\n|-heal|p1a: Quagsire|232/297|[from] Grassy Terrain\n|-heal|p1a: Quagsire|250/297|[from] item: Leftovers\n|-damage|p2a: Froslass|63/263 tox|[from] psn\n|upkeep\n|turn|16\n|\n|t:|1781433381\n|move|p2a: Froslass|Spikes|p1a: Quagsire\n|-sidestart|p1: trevorstmcgoodbody|Spikes\n|move|p1a: Quagsire|Recover|p1a: Quagsire\n|-heal|p1a: Quagsire|297/297\n|\n|-heal|p2a: Froslass|79/263 tox|[from] Grassy Terrain\n|-damage|p2a: Froslass|47/263 tox|[from] psn\n|upkeep\n|turn|17\n|\n|t:|1781433390\n|switch|p2a: Rillaboom|Rillaboom, L79, F|229/288 tox\n|move|p1a: Quagsire|Spikes|p2a: Rillaboom\n|-sidestart|p2: Crysys1|Spikes\n|\n|-heal|p2a: Rillaboom|247/288 tox|[from] Grassy Terrain\n|-damage|p2a: Rillaboom|229/288 tox|[from] psn\n|upkeep\n|turn|18\n|\n|t:|1781433393\n|switch|p1a: Gogoat|Gogoat, L88, F|348/360\n|-damage|p1a: Gogoat|303/360|[from] Stealth Rock\n|-damage|p1a: Gogoat|258/360|[from] Spikes\n|move|p2a: Rillaboom|U-turn|p1a: Gogoat\n|-supereffective|p1a: Gogoat\n|-damage|p1a: Gogoat|54/360\n|\n|t:|1781433398\n|switch|p2a: Noivern|Noivern, L82, M, tera:Fire|198/274|[from] U-turn\n|\n|-heal|p2a: Noivern|215/274|[from] Grassy Terrain\n|-heal|p1a: Gogoat|76/360|[from] Grassy Terrain\n|-fieldend|move: Grassy Terrain\n|upkeep\n|turn|19\n|\n|t:|1781433402\n|move|p2a: Noivern|Flamethrower|p1a: Gogoat\n|-supereffective|p1a: Gogoat\n|-damage|p1a: Gogoat|0 fnt\n|faint|p1a: Gogoat\n|\n|upkeep\n|inactive|trevorstmcgoodbody has 120 seconds left.\n|\n|t:|1781433432\n|switch|p1a: Quagsire|Quagsire, L84, F|297/297\n|-damage|p1a: Quagsire|279/297|[from] Stealth Rock\n|-damage|p1a: Quagsire|242/297|[from] Spikes\n|turn|20\n|\n|t:|1781433445\n|switch|p2a: Rillaboom|Rillaboom, L79, F|229/288 tox\n|-damage|p2a: Rillaboom|193/288 tox|[from] Spikes\n|-fieldstart|move: Grassy Terrain|[from] ability: Grassy Surge|[of] p2a: Rillaboom\n|move|p1a: Quagsire|Earthquake|p2a: Rillaboom\n|-resisted|p2a: Rillaboom\n|-damage|p2a: Rillaboom|168/288 tox\n|\n|-heal|p2a: Rillaboom|186/288 tox|[from] Grassy Terrain\n|-heal|p1a: Quagsire|260/297|[from] Grassy Terrain\n|-heal|p1a: Quagsire|278/297|[from] item: Leftovers\n|-damage|p2a: Rillaboom|168/288 tox|[from] psn\n|upkeep\n|turn|21\n|\n|t:|1781433455\n|switch|p1a: Girafarig|Girafarig, L89, M|269/269\n|-damage|p1a: Girafarig|236/269|[from] Stealth Rock\n|-damage|p1a: Girafarig|203/269|[from] Spikes\n|move|p2a: Rillaboom|Wood Hammer|p1a: Girafarig\n|-ability|p1a: Girafarig|Sap Sipper|boost\n|-boost|p1a: Girafarig|atk|1\n|\n|-heal|p1a: Girafarig|219/269|[from] Grassy Terrain\n|-heal|p2a: Rillaboom|186/288 tox|[from] Grassy Terrain\n|-damage|p2a: Rillaboom|150/288 tox|[from] psn\n|upkeep\n|turn|22\n|\n|t:|1781433463\n|switch|p2a: Froslass|Froslass, L87, F|47/263 tox\n|-damage|p2a: Froslass|15/263 tox|[from] Spikes\n|move|p1a: Girafarig|Psychic|p2a: Froslass\n|-damage|p2a: Froslass|0 fnt\n|faint|p2a: Froslass\n|\n|-heal|p1a: Girafarig|235/269|[from] Grassy Terrain\n|upkeep\n|\n|t:|1781433471\n|switch|p2a: Mewtwo|Mewtwo, L72|272/272\n|-ability|p2a: Mewtwo|Unnerve\n|-damage|p2a: Mewtwo|238/272|[from] Spikes\n|turn|23\n|\n|t:|1781433479\n|switch|p1a: Wo-Chien|Wo-Chien, L83|277/277\n|-damage|p1a: Wo-Chien|243/277|[from] Stealth Rock\n|-damage|p1a: Wo-Chien|209/277|[from] Spikes\n|-ability|p1a: Wo-Chien|Tablets of Ruin\n|move|p2a: Mewtwo|Nasty Plot|p2a: Mewtwo\n|-boost|p2a: Mewtwo|spa|2\n|\n|-heal|p2a: Mewtwo|255/272|[from] Grassy Terrain\n|-heal|p1a: Wo-Chien|226/277|[from] Grassy Terrain\n|-heal|p1a: Wo-Chien|243/277|[from] item: Leftovers\n|upkeep\n|turn|24\n|\n|t:|1781433486\n|move|p2a: Mewtwo|Aura Sphere|p1a: Wo-Chien\n|-supereffective|p1a: Wo-Chien\n|-damage|p1a: Wo-Chien|9/277\n|-damage|p2a: Mewtwo|228/272|[from] item: Life Orb\n|move|p1a: Wo-Chien|Knock Off|p2a: Mewtwo\n|-supereffective|p2a: Mewtwo\n|-damage|p2a: Mewtwo|22/272\n|-enditem|p2a: Mewtwo|Life Orb|[from] move: Knock Off|[of] p1a: Wo-Chien\n|\n|-heal|p2a: Mewtwo|39/272|[from] Grassy Terrain\n|-heal|p1a: Wo-Chien|26/277|[from] Grassy Terrain\n|-heal|p1a: Wo-Chien|43/277|[from] item: Leftovers\n|-fieldend|move: Grassy Terrain\n|upkeep\n|turn|25\n|\n|t:|1781433495\n|move|p2a: Mewtwo|Aura Sphere|p1a: Wo-Chien\n|-supereffective|p1a: Wo-Chien\n|-damage|p1a: Wo-Chien|0 fnt\n|faint|p1a: Wo-Chien\n|\n|upkeep\n|\n|t:|1781433503\n|switch|p1a: Lycanroc|Lycanroc-Dusk, L81, F|141/254\n|-damage|p1a: Lycanroc|110/254|[from] Stealth Rock\n|-damage|p1a: Lycanroc|79/254|[from] Spikes\n|turn|26\n|\n|t:|1781433510\n|switch|p2a: Donphan|Donphan, L84, M|287/288\n|-damage|p2a: Donphan|251/288|[from] Spikes\n|move|p1a: Lycanroc|Accelerock|p2a: Donphan\n|-resisted|p2a: Donphan\n|-damage|p2a: Donphan|217/288\n|\n|-heal|p2a: Donphan|235/288|[from] item: Leftovers\n|upkeep\n|turn|27\n|\n|t:|1781433519\n|move|p1a: Lycanroc|Accelerock|p2a: Donphan\n|-resisted|p2a: Donphan\n|-damage|p2a: Donphan|199/288\n|move|p2a: Donphan|Earthquake|p1a: Lycanroc\n|-supereffective|p1a: Lycanroc\n|-damage|p1a: Lycanroc|0 fnt\n|faint|p1a: Lycanroc\n|\n|-heal|p2a: Donphan|217/288|[from] item: Leftovers\n|upkeep\n|\n|t:|1781433526\n|switch|p1a: Girafarig|Girafarig, L89, M|235/269\n|-damage|p1a: Girafarig|202/269|[from] Stealth Rock\n|-damage|p1a: Girafarig|169/269|[from] Spikes\n|turn|28\n|\n|t:|1781433531\n|move|p1a: Girafarig|Psychic|p2a: Donphan\n|-damage|p2a: Donphan|90/288\n|move|p2a: Donphan|Knock Off|p1a: Girafarig\n|-supereffective|p1a: Girafarig\n|-damage|p1a: Girafarig|37/269\n|-enditem|p1a: Girafarig|Eviolite|[from] move: Knock Off|[of] p2a: Donphan\n|\n|-heal|p2a: Donphan|108/288|[from] item: Leftovers\n|upkeep\n|turn|29\n|\n|t:|1781433536\n|move|p2a: Donphan|Ice Shard|p1a: Girafarig\n|-damage|p1a: Girafarig|0 fnt\n|faint|p1a: Girafarig\n|\n|-heal|p2a: Donphan|126/288|[from] item: Leftovers\n|upkeep\n|\n|t:|1781433538\n|switch|p1a: Quagsire|Quagsire, L84, F|278/297\n|-damage|p1a: Quagsire|260/297|[from] Stealth Rock\n|-damage|p1a: Quagsire|223/297|[from] Spikes\n|turn|30\n|\n|t:|1781433546\n|move|p2a: Donphan|Earthquake|p1a: Quagsire\n|-damage|p1a: Quagsire|90/297\n|move|p1a: Quagsire|Recover|p1a: Quagsire\n|-heal|p1a: Quagsire|239/297\n|\n|-heal|p2a: Donphan|144/288|[from] item: Leftovers\n|-heal|p1a: Quagsire|257/297|[from] item: Leftovers\n|upkeep\n|turn|31\n|\n|t:|1781433550\n|move|p2a: Donphan|Knock Off|p1a: Quagsire\n|-damage|p1a: Quagsire|170/297\n|-enditem|p1a: Quagsire|Leftovers|[from] move: Knock Off|[of] p2a: Donphan\n|move|p1a: Quagsire|Toxic|p2a: Donphan\n|-status|p2a: Donphan|tox\n|\n|-heal|p2a: Donphan|162/288 tox|[from] item: Leftovers\n|-damage|p2a: Donphan|144/288 tox|[from] psn\n|upkeep\n|turn|32\n|\n|t:|1781433554\n|move|p2a: Donphan|Earthquake|p1a: Quagsire\n|-damage|p1a: Quagsire|41/297\n|move|p1a: Quagsire|Recover|p1a: Quagsire\n|-heal|p1a: Quagsire|190/297\n|\n|-heal|p2a: Donphan|162/288 tox|[from] item: Leftovers\n|-damage|p2a: Donphan|126/288 tox|[from] psn\n|upkeep\n|turn|33\n|\n|t:|1781433557\n|move|p2a: Donphan|Earthquake|p1a: Quagsire\n|-damage|p1a: Quagsire|54/297\n|move|p1a: Quagsire|Recover|p1a: Quagsire\n|-heal|p1a: Quagsire|203/297\n|\n|-heal|p2a: Donphan|144/288 tox|[from] item: Leftovers\n|-damage|p2a: Donphan|90/288 tox|[from] psn\n|upkeep\n|turn|34\n|\n|t:|1781433560\n|move|p2a: Donphan|Earthquake|p1a: Quagsire\n|-damage|p1a: Quagsire|83/297\n|move|p1a: Quagsire|Recover|p1a: Quagsire\n|-heal|p1a: Quagsire|232/297\n|\n|-heal|p2a: Donphan|108/288 tox|[from] item: Leftovers\n|-damage|p2a: Donphan|36/288 tox|[from] psn\n|upkeep\n|turn|35\n|\n|t:|1781433564\n|switch|p2a: Rillaboom|Rillaboom, L79, F|150/288 tox\n|-damage|p2a: Rillaboom|114/288 tox|[from] Spikes\n|-fieldstart|move: Grassy Terrain|[from] ability: Grassy Surge|[of] p2a: Rillaboom\n|move|p1a: Quagsire|Recover|p1a: Quagsire\n|-heal|p1a: Quagsire|297/297\n|\n|-heal|p2a: Rillaboom|132/288 tox|[from] Grassy Terrain\n|-damage|p2a: Rillaboom|114/288 tox|[from] psn\n|upkeep\n|turn|36\n|\n|t:|1781433579\n|-terastallize|p1a: Quagsire|Poison\n|move|p2a: Rillaboom|Wood Hammer|p1a: Quagsire\n|-resisted|p1a: Quagsire\n|-damage|p1a: Quagsire|165/297\n|-damage|p2a: Rillaboom|70/288 tox|[from] Recoil\n|move|p1a: Quagsire|Spikes|p2a: Rillaboom\n|-sidestart|p2: Crysys1|Spikes\n|\n|-heal|p2a: Rillaboom|88/288 tox|[from] Grassy Terrain\n|-heal|p1a: Quagsire|183/297|[from] Grassy Terrain\n|-damage|p2a: Rillaboom|52/288 tox|[from] psn\n|upkeep\n|turn|37\n|\n|t:|1781433582\n|move|p2a: Rillaboom|Wood Hammer|p1a: Quagsire\n|-resisted|p1a: Quagsire\n|-damage|p1a: Quagsire|54/297\n|-damage|p2a: Rillaboom|9/288 tox|[from] Recoil\n|move|p1a: Quagsire|Recover|p1a: Quagsire\n|-heal|p1a: Quagsire|203/297\n|\n|-heal|p2a: Rillaboom|27/288 tox|[from] Grassy Terrain\n|-heal|p1a: Quagsire|221/297|[from] Grassy Terrain\n|-damage|p2a: Rillaboom|0 fnt|[from] psn\n|faint|p2a: Rillaboom\n|upkeep\n|\n|t:|1781433588\n|switch|p2a: Noivern|Noivern, L82, M, tera:Fire|215/274\n|turn|38\n|\n|t:|1781433595\n|move|p2a: Noivern|Defog|p1a: Quagsire\n|-unboost|p1a: Quagsire|evasion|1\n|-sideend|p1: trevorstmcgoodbody|Spikes|[from] move: Defog|[of] p2a: Noivern\n|-sideend|p1: trevorstmcgoodbody|Stealth Rock|[from] move: Defog|[of] p2a: Noivern\n|-sideend|p2: Crysys1|Spikes|[from] move: Defog|[of] p2a: Noivern\n|-fieldend|move: Grassy Terrain\n|move|p1a: Quagsire|Recover|p1a: Quagsire\n|-heal|p1a: Quagsire|297/297\n|\n|upkeep\n|turn|39\n|\n|t:|1781433604\n|switch|p2a: Donphan|Donphan, L84, M|36/288 tox\n|move|p1a: Quagsire|Spikes|p2a: Donphan\n|-sidestart|p2: Crysys1|Spikes\n|\n|-heal|p2a: Donphan|54/288 tox|[from] item: Leftovers\n|-damage|p2a: Donphan|36/288 tox|[from] psn\n|upkeep\n|turn|40\n|\n|t:|1781433611\n|move|p2a: Donphan|Earthquake|p1a: Quagsire\n|-supereffective|p1a: Quagsire\n|-damage|p1a: Quagsire|31/297\n|move|p1a: Quagsire|Earthquake|p2a: Donphan\n|-damage|p2a: Donphan|0 fnt\n|faint|p2a: Donphan\n|\n|upkeep\n|\n|t:|1781433616\n|switch|p2a: Mewtwo|Mewtwo, L72|39/272\n|-ability|p2a: Mewtwo|Unnerve\n|-damage|p2a: Mewtwo|5/272|[from] Spikes\n|turn|41\n|\n|t:|1781433620\n|move|p2a: Mewtwo|Psystrike|p1a: Quagsire\n|-supereffective|p1a: Quagsire\n|-damage|p1a: Quagsire|0 fnt\n|faint|p1a: Quagsire\n|\n|win|Crysys1\n", "inputlog": ">version a8376a258c1d4662feba110a92103f3664a72141\n>start {\"formatid\":\"gen9randombattle\",\"seed\":\"sodium,d057ec16915ef742ad716db38ff395ce\",\"rated\":\"Rated battle\"}\n>player p1 {\"name\":\"trevorstmcgoodbody\",\"avatar\":\"1\",\"rating\":2115,\"seed\":\"sodium,280a80e2bf47c0e1b9036f1a4b71b630\"}\n>player p2 {\"name\":\"Crysys1\",\"avatar\":\"265\",\"rating\":2157,\"seed\":\"sodium,ce2179978d9b28f507d63d2b0fb1f2f0\"}\n>p1 move earthquake\n>p2 move taunt\n>p1 move earthquake\n>p2 switch 3\n>p1 switch 6\n>p2 move knockoff\n>p1 move hornleech\n>p2 switch 3\n>p1 switch 5\n>p2 move tripleaxel\n>p1 move accelerock\n>p2 switch 5\n>p1 switch 6\n>p2 move stealthrock\n>p1 move toxic\n>p2 switch 3\n>p1 switch 5\n>p2 move woodhammer\n>p1 move hornleech\n>p2 switch 2\n>p1 switch 4\n>p2 move hurricane\n>p1 move freezedry\n>p2 move flamethrower terastallize\n>p1 move earthquake\n>p2 move flamethrower\n>p1 switch 5\n>p1 move earthquake\n>p2 switch 2\n>p1 move toxic\n>p2 move uturn\n>p2 switch 5\n>p1 move recover\n>p2 move spikes\n>p1 move spikes\n>p2 switch 5\n>p1 switch 4\n>p2 move uturn\n>p2 switch 2\n>p1 move rockslide\n>p2 move flamethrower\n>p1 switch 4\n>p1 move earthquake\n>p2 switch 2\n>p1 switch 3\n>p2 move woodhammer\n>p1 move psychic\n>p2 switch 5\n>p2 switch 4\n>p1 switch 2\n>p2 move nastyplot\n>p1 move knockoff\n>p2 move aurasphere\n>p1 move leechseed\n>p2 move aurasphere\n>p1 switch 6\n>p1 move accelerock\n>p2 switch 3\n>p1 move accelerock\n>p2 move earthquake\n>p1 switch 2\n>p1 move psychic\n>p2 move knockoff\n>p1 move psychic\n>p2 move iceshard\n>p1 switch 3\n>p1 move recover\n>p2 move earthquake\n>p1 move toxic\n>p2 move knockoff\n>p1 move recover\n>p2 move earthquake\n>p1 move recover\n>p2 move earthquake\n>p1 move recover\n>p2 move earthquake\n>p1 move recover\n>p2 switch 5\n>p1 move spikes terastallize\n>p2 move woodhammer\n>p1 move recover\n>p2 move woodhammer\n>p2 switch 2\n>p1 move recover\n>p2 move defog\n>p1 move spikes\n>p2 switch 5\n>p1 move earthquake\n>p2 move earthquake\n>p2 switch 3\n>p1 move spikes\n>p2 move psystrike", "uploadtime": 1781433172, "views": 6, "formatid": "gen9randombattle", "rating": null, "private": 0, "password": null, "player_dets": [{"name": "trevorstmcgoodbody", "avatar": "1", "rating": 2115, "seed": "sodium,280a80e2bf47c0e1b9036f1a4b71b630"}, {"name": "Crysys1", "avatar": "265", "rating": 2157, "seed": "sodium,ce2179978d9b28f507d63d2b0fb1f2f0"}], "teams_full": [{"Quagsire": {"name": "Quagsire", "species": "Quagsire", "speciesId": "quagsire", "gender": "F", "shiny": false, "level": 84, "moves": ["spikes", "toxic", "earthquake", "recover"], "ability": "Unaware", "evs": {"hp": 85, "atk": 85, "def": 85, "spa": 85, "spd": 85, "spe": 85}, "ivs": {"hp": 31, "atk": 31, "def": 31, "spa": 31, "spd": 31, "spe": 31}, "item": "Leftovers", "teraType": "Poison", "role": "Bulky Support", "bvs": {"hp": 95, "atk": 85, "def": 85, "spa": 65, "spd": 65, "spe": 35}, "stats": {"hp": 297, "atk": 191, "def": 191, "spa": 157, "spd": 157, "spe": 107}}, "Wo-Chien": {"name": "Wo-Chien", "species": "Wo-Chien", "speciesId": "wochien", "gender": "N", "shiny": false, "level": 83, "moves": ["protect", "knockoff", "ruination", "leechseed"], "ability": "Tablets of Ruin", "evs": {"hp": 85, "atk": 85, "def": 85, "spa": 85, "spd": 85, "spe": 85}, "ivs": {"hp": 31, "atk": 31, "def": 31, "spa": 31, "spd": 31, "spe": 31}, "item": "Leftovers", "teraType": "Poison", "role": "Bulky Support", "bvs": {"hp": 85, "atk": 85, "def": 100, "spa": 95, "spd": 135, "spe": 70}, "stats": {"hp": 277, "atk": 189, "def": 214, "spa": 205, "spd": 272, "spe": 164}}, "Girafarig": {"name": "Girafarig", "species": "Girafarig", "speciesId": "girafarig", "gender": "M", "shiny": false, "level": 89, "moves": ["dazzlinggleam", "psychic", "nastyplot", "shadowball"], "ability": "Sap Sipper", "evs": {"hp": 85, "atk": 0, "def": 85, "spa": 85, "spd": 85, "spe": 85}, "ivs": {"hp": 31, "atk": 0, "def": 31, "spa": 31, "spd": 31, "spe": 31}, "item": "Eviolite", "teraType": "Psychic", "role": "Bulky Setup", "bvs": {"hp": 70, "atk": 80, "def": 65, "spa": 90, "spd": 65, "spe": 85}, "stats": {"hp": 269, "atk": 147, "def": 166, "spa": 211, "spd": 166, "spe": 202}}, "Glalie": {"name": "Glalie", "species": "Glalie", "speciesId": "glalie", "gender": "F", "shiny": false, "level": 96, "moves": ["taunt", "freezedry", "earthquake", "spikes"], "ability": "Inner Focus", "evs": {"hp": 85, "atk": 85, "def": 85, "spa": 85, "spd": 85, "spe": 85}, "ivs": {"hp": 31, "atk": 31, "def": 31, "spa": 31, "spd": 31, "spe": 31}, "item": "Heavy-Duty Boots", "teraType": "Ghost", "role": "Fast Support", "bvs": {"hp": 80, "atk": 80, "def": 80, "spa": 80, "spd": 80, "spe": 80}, "stats": {"hp": 309, "atk": 208, "def": 208, "spa": 208, "spd": 208, "spe": 208}}, "Lycanroc": {"name": "Lycanroc", "species": "Lycanroc-Dusk", "speciesId": "lycanrocdusk", "gender": "F", "shiny": false, "level": 81, "moves": ["psychicfangs", "closecombat", "stoneedge", "accelerock"], "ability": "Tough Claws", "evs": {"hp": 85, "atk": 85, "def": 85, "spa": 85, "spd": 85, "spe": 85}, "ivs": {"hp": 31, "atk": 31, "def": 31, "spa": 31, "spd": 31, "spe": 31}, "item": "Choice Band", "teraType": "Fighting", "role": "Wallbreaker", "bvs": {"hp": 75, "atk": 117, "def": 65, "spa": 55, "spd": 65, "spe": 110}, "stats": {"hp": 254, "atk": 236, "def": 152, "spa": 136, "spd": 152, "spe": 225}}, "Gogoat": {"name": "Gogoat", "species": "Gogoat", "speciesId": "gogoat", "gender": "F", "shiny": false, "level": 88, "moves": ["hornleech", "bulkup", "rockslide", "milkdrink"], "ability": "Sap Sipper", "evs": {"hp": 85, "atk": 85, "def": 85, "spa": 85, "spd": 85, "spe": 85}, "ivs": {"hp": 31, "atk": 31, "def": 31, "spa": 31, "spd": 31, "spe": 31}, "item": "Leftovers", "teraType": "Water", "role": "Bulky Setup", "bvs": {"hp": 123, "atk": 100, "def": 62, "spa": 97, "spd": 81, "spe": 68}, "stats": {"hp": 360, "atk": 226, "def": 159, "spa": 221, "spd": 193, "spe": 170}}}, {"Froslass": {"name": "Froslass", "species": "Froslass", "speciesId": "froslass", "gender": "F", "shiny": false, "level": 87, "moves": ["tripleaxel", "spikes", "taunt", "poltergeist"], "ability": "Cursed Body", "evs": {"hp": 81, "atk": 85, "def": 85, "spa": 85, "spd": 85, "spe": 85}, "ivs": {"hp": 31, "atk": 31, "def": 31, "spa": 31, "spd": 31, "spe": 31}, "item": "Wide Lens", "teraType": "Ghost", "role": "Fast Support", "bvs": {"hp": 70, "atk": 80, "def": 70, "spa": 80, "spd": 70, "spe": 110}, "stats": {"hp": 263, "atk": 189, "def": 172, "spa": 189, "spd": 172, "spe": 241}}, "Noivern": {"name": "Noivern", "species": "Noivern", "speciesId": "noivern", "gender": "M", "shiny": false, "level": 82, "moves": ["hurricane", "defog", "flamethrower", "dracometeor"], "ability": "Infiltrator", "evs": {"hp": 85, "atk": 0, "def": 85, "spa": 85, "spd": 85, "spe": 85}, "ivs": {"hp": 31, "atk": 0, "def": 31, "spa": 31, "spd": 31, "spe": 31}, "item": "Heavy-Duty Boots", "teraType": "Fire", "role": "Fast Support", "bvs": {"hp": 85, "atk": 70, "def": 80, "spa": 97, "spd": 80, "spe": 123}, "stats": {"hp": 274, "atk": 119, "def": 178, "spa": 206, "spd": 178, "spe": 249}}, "Rillaboom": {"name": "Rillaboom", "species": "Rillaboom", "speciesId": "rillaboom", "gender": "F", "shiny": false, "level": 79, "moves": ["uturn", "woodhammer", "knockoff", "grassyglide"], "ability": "Grassy Surge", "evs": {"hp": 85, "atk": 85, "def": 85, "spa": 85, "spd": 85, "spe": 85}, "ivs": {"hp": 31, "atk": 31, "def": 31, "spa": 31, "spd": 31, "spe": 31}, "item": "Choice Band", "teraType": "Grass", "role": "Wallbreaker", "bvs": {"hp": 100, "atk": 125, "def": 90, "spa": 60, "spd": 70, "spe": 85}, "stats": {"hp": 288, "atk": 243, "def": 188, "spa": 140, "spd": 156, "spe": 180}}, "Mewtwo": {"name": "Mewtwo", "species": "Mewtwo", "speciesId": "mewtwo", "gender": "N", "shiny": false, "level": 72, "moves": ["nastyplot", "psystrike", "aurasphere", "darkpulse"], "ability": "Unnerve", "evs": {"hp": 85, "atk": 0, "def": 85, "spa": 85, "spd": 85, "spe": 85}, "ivs": {"hp": 31, "atk": 0, "def": 31, "spa": 31, "spd": 31, "spe": 31}, "item": "Life Orb", "teraType": "Dark", "role": "Setup Sweeper", "bvs": {"hp": 106, "atk": 110, "def": 90, "spa": 154, "spd": 90, "spe": 130}, "stats": {"hp": 272, "atk": 163, "def": 172, "spa": 264, "spd": 172, "spe": 229}}, "Donphan": {"name": "Donphan", "species": "Donphan", "speciesId": "donphan", "gender": "M", "shiny": false, "level": 84, "moves": ["stealthrock", "knockoff", "earthquake", "iceshard"], "ability": "Sturdy", "evs": {"hp": 85, "atk": 85, "def": 85, "spa": 85, "spd": 85, "spe": 85}, "ivs": {"hp": 31, "atk": 31, "def": 31, "spa": 31, "spd": 31, "spe": 31}, "item": "Leftovers", "teraType": "Water", "role": "Bulky Support", "bvs": {"hp": 90, "atk": 120, "def": 120, "spa": 60, "spd": 60, "spe": 50}, "stats": {"hp": 288, "atk": 250, "def": 250, "spa": 149, "spd": 149, "spe": 132}}, "Urshifu": {"name": "Urshifu", "species": "Urshifu-Rapid-Strike", "speciesId": "urshifurapidstrike", "gender": "M", "shiny": false, "level": 75, "moves": ["closecombat", "aquajet", "swordsdance", "surgingstrikes"], "ability": "Unseen Fist", "evs": {"hp": 85, "atk": 85, "def": 85, "spa": 85, "spd": 85, "spe": 85}, "ivs": {"hp": 31, "atk": 31, "def": 31, "spa": 31, "spd": 31, "spe": 31}, "item": "Life Orb", "teraType": "Water", "role": "Fast Attacker", "bvs": {"hp": 100, "atk": 130, "def": 100, "spa": 63, "spd": 60, "spe": 97}, "stats": {"hp": 274, "atk": 239, "def": 194, "spa": 138, "spd": 134, "spe": 189}}}]}