{"id": "gen9randombattle-2631468998", "format": "[Gen 9] Random Battle", "players": ["Tarunda", "gnostechnician"], "log": "|j|\u2606Tarunda\n|j|\u2606gnostechnician\n|t:|1781388565\n|gametype|singles\n|player|p1|Tarunda|wallace|2016\n|player|p2|gnostechnician|burglar-gen1rb|2015\n|gen|9\n|tier|[Gen 9] Random Battle\n|rated|\n|rule|Species Clause: Limit one of each Pok\u00e9mon\n|rule|HP Percentage Mod: HP is shown in percentages\n|rule|Sleep Clause Mod: Limit one foe put to sleep\n|rule|Illusion Level Mod: Illusion disguises the Pok\u00e9mon's true level\n|\n|t:|1781388565\n|teamsize|p1|6\n|teamsize|p2|6\n|start\n|switch|p1a: Vikavolt|Vikavolt, L83, F|263/263\n|switch|p2a: Quagsire|Quagsire, L84, F|297/297\n|turn|1\n|inactive|Battle timer is ON: inactive players will automatically lose when time's up. (requested by Tarunda)\n|inactive|Tarunda has 120 seconds left.\n|\n|t:|1781388615\n|switch|p2a: Perrserker|Perrserker, L89, M|269/269\n|move|p1a: Vikavolt|Bug Buzz|p2a: Perrserker\n|-resisted|p2a: Perrserker\n|-damage|p2a: Perrserker|186/269\n|\n|upkeep\n|turn|2\n|inactive|Tarunda has 120 seconds left.\n|\n|t:|1781388647\n|move|p2a: Perrserker|Stealth Rock|p1a: Vikavolt\n|-sidestart|p1: Tarunda|move: Stealth Rock\n|move|p1a: Vikavolt|Sticky Web|p2a: Perrserker\n|-sidestart|p2: gnostechnician|move: Sticky Web\n|\n|upkeep\n|turn|3\n|\n|t:|1781388653\n|move|p2a: Perrserker|Knock Off|p1a: Vikavolt\n|-damage|p1a: Vikavolt|124/263\n|-enditem|p1a: Vikavolt|Heavy-Duty Boots|[from] move: Knock Off|[of] p2a: Perrserker\n|-damage|p2a: Perrserker|160/269|[from] item: Life Orb\n|move|p1a: Vikavolt|Discharge|p2a: Perrserker\n|-damage|p2a: Perrserker|21/269\n|-status|p2a: Perrserker|par\n|\n|upkeep\n|turn|4\n|\n|t:|1781388662\n|move|p1a: Vikavolt|Discharge|p2a: Perrserker\n|-damage|p2a: Perrserker|0 fnt\n|faint|p2a: Perrserker\n|\n|upkeep\n|\n|t:|1781388674\n|switch|p2a: Dodrio|Dodrio, L85, F|241/241\n|turn|5\n|\n|t:|1781388681\n|switch|p1a: Coalossal|Coalossal, L89, M|341/341\n|move|p2a: Dodrio|Brave Bird|p1a: Coalossal\n|-resisted|p1a: Coalossal\n|-damage|p1a: Coalossal|288/341\n|-status|p2a: Dodrio|brn|[from] ability: Flame Body|[of] p1a: Coalossal\n|-damage|p2a: Dodrio|224/241 brn|[from] Recoil\n|\n|-damage|p2a: Dodrio|209/241 brn|[from] brn\n|upkeep\n|turn|6\n|\n|t:|1781388692\n|move|p2a: Dodrio|Drill Run|p1a: Coalossal\n|-supereffective|p1a: Coalossal\n|-damage|p1a: Coalossal|186/341\n|move|p1a: Coalossal|Rapid Spin|p2a: Dodrio\n|-damage|p2a: Dodrio|171/241 brn\n|-boost|p1a: Coalossal|spe|1\n|-sideend|p1: Tarunda|Stealth Rock|[from] move: Rapid Spin|[of] p1a: Coalossal\n|\n|-damage|p2a: Dodrio|156/241 brn|[from] brn\n|upkeep\n|turn|7\n|\n|t:|1781388702\n|move|p2a: Dodrio|Drill Run|p1a: Coalossal\n|-supereffective|p1a: Coalossal\n|-damage|p1a: Coalossal|86/341\n|move|p1a: Coalossal|Stone Edge|p2a: Dodrio\n|-supereffective|p2a: Dodrio\n|-damage|p2a: Dodrio|0 fnt\n|faint|p2a: Dodrio\n|\n|upkeep\n|\n|t:|1781388716\n|switch|p2a: Galvantula|Galvantula, L82, F|249/249\n|turn|8\n|\n|t:|1781388725\n|move|p2a: Galvantula|Thunder|p1a: Coalossal|[miss]\n|-miss|p2a: Galvantula|p1a: Coalossal\n|move|p1a: Coalossal|Overheat|p2a: Galvantula\n|-supereffective|p2a: Galvantula\n|-damage|p2a: Galvantula|0 fnt\n|-unboost|p1a: Coalossal|spa|2\n|faint|p2a: Galvantula\n|\n|upkeep\n|\n|t:|1781388749\n|switch|p2a: Decidueye|Decidueye, L88, M|281/281\n|turn|9\n|\n|t:|1781388755\n|move|p2a: Decidueye|Leaf Storm|p1a: Coalossal\n|-damage|p1a: Coalossal|0 fnt\n|-unboost|p2a: Decidueye|spa|2\n|faint|p1a: Coalossal\n|\n|upkeep\n|inactive|Tarunda has 120 seconds left.\n|\n|t:|1781388786\n|switch|p1a: Pelipper|Pelipper, L86, F|243/243\n|-weather|RainDance|[from] ability: Drizzle|[of] p1a: Pelipper\n|turn|10\n|\n|t:|1781388798\n|switch|p2a: Dedenne|Dedenne, L88, M|261/261\n|-activate|p2a: Dedenne|move: Sticky Web\n|-unboost|p2a: Dedenne|spe|1\n|move|p1a: Pelipper|Knock Off|p2a: Dedenne\n|-resisted|p2a: Dedenne\n|-damage|p2a: Dedenne|234/261\n|-enditem|p2a: Dedenne|Sitrus Berry|[from] move: Knock Off|[of] p1a: Pelipper\n|\n|-weather|RainDance|[upkeep]\n|upkeep\n|turn|11\n|inactive|Tarunda has 120 seconds left.\n|\n|t:|1781388831\n|switch|p1a: Porygon-Z|Porygon-Z, L83|277/277\n|move|p2a: Dedenne|Thunderbolt|p1a: Porygon-Z\n|-damage|p1a: Porygon-Z|181/277\n|\n|-weather|RainDance|[upkeep]\n|upkeep\n|turn|12\n|\n|t:|1781388840\n|move|p1a: Porygon-Z|Tera Blast|p2a: Dedenne\n|-damage|p2a: Dedenne|18/261\n|-damage|p1a: Porygon-Z|154/277|[from] item: Life Orb\n|move|p2a: Dedenne|Nuzzle|p1a: Porygon-Z\n|-damage|p1a: Porygon-Z|135/277\n|-status|p1a: Porygon-Z|par\n|\n|-weather|RainDance|[upkeep]\n|upkeep\n|turn|13\n|inactive|Tarunda has 120 seconds left.\n|\n|t:|1781388852\n|move|p2a: Dedenne|Thunderbolt|p1a: Porygon-Z\n|-damage|p1a: Porygon-Z|39/277 par\n|move|p1a: Porygon-Z|Tera Blast|p2a: Dedenne\n|-damage|p2a: Dedenne|0 fnt\n|faint|p2a: Dedenne\n|-damage|p1a: Porygon-Z|12/277 par|[from] item: Life Orb\n|\n|-weather|RainDance|[upkeep]\n|upkeep\n|\n|t:|1781388857\n|switch|p2a: Decidueye|Decidueye, L88, M|281/281\n|turn|14\n|\n|t:|1781388865\n|move|p2a: Decidueye|U-turn|p1a: Porygon-Z\n|-damage|p1a: Porygon-Z|0 fnt\n|faint|p1a: Porygon-Z\n|\n|t:|1781388867\n|switch|p2a: Quagsire|Quagsire, L84, F|297/297|[from] U-turn\n|-activate|p2a: Quagsire|move: Sticky Web\n|-unboost|p2a: Quagsire|spe|1\n|\n|-weather|none\n|upkeep\n|\n|t:|1781388876\n|switch|p1a: Pelipper|Pelipper, L86, F|243/243\n|-weather|RainDance|[from] ability: Drizzle|[of] p1a: Pelipper\n|turn|15\n|\n|t:|1781388901\n|move|p1a: Pelipper|Hurricane|p2a: Quagsire\n|-damage|p2a: Quagsire|150/297\n|move|p2a: Quagsire|Recover|p2a: Quagsire\n|-heal|p2a: Quagsire|297/297\n|\n|-weather|RainDance|[upkeep]\n|upkeep\n|turn|16\n|\n|t:|1781388908\n|-terastallize|p1a: Pelipper|Water\n|move|p1a: Pelipper|Hydro Pump|p2a: Quagsire\n|-damage|p2a: Quagsire|0 fnt\n|faint|p2a: Quagsire\n|\n|-weather|RainDance|[upkeep]\n|upkeep\n|\n|t:|1781388912\n|switch|p2a: Decidueye|Decidueye, L88, M|281/281\n|turn|17\n|\n|t:|1781388920\n|switch|p1a: Vikavolt|Vikavolt, L83, F|124/263\n|move|p2a: Decidueye|Leaf Storm|p1a: Vikavolt\n|-resisted|p1a: Vikavolt\n|-damage|p1a: Vikavolt|30/263\n|-unboost|p2a: Decidueye|spa|2\n|\n|-weather|RainDance|[upkeep]\n|upkeep\n|turn|18\n|\n|t:|1781388927\n|move|p2a: Decidueye|Spirit Shackle|p1a: Vikavolt\n|-damage|p1a: Vikavolt|0 fnt\n|faint|p1a: Vikavolt\n|\n|-weather|RainDance|[upkeep]\n|upkeep\n|\n|t:|1781388936\n|switch|p1a: Flamigo|Flamigo, L82, M|269/269\n|turn|19\n|\n|t:|1781388942\n|move|p1a: Flamigo|Brave Bird|p2a: Decidueye\n|-supereffective|p2a: Decidueye\n|-damage|p2a: Decidueye|0 fnt\n|faint|p2a: Decidueye\n|-damage|p1a: Flamigo|176/269|[from] Recoil\n|-damage|p1a: Flamigo|150/269|[from] item: Life Orb\n|\n|win|Tarunda\n", "uploadtime": 1781388568, "views": 3, "formatid": "gen9randombattle", "rating": null, "private": 0, "password": null}