{"id": "gen9randombattle-2631876449", "format": "[Gen 9] Random Battle", "players": ["Hogrider2000", "metaltunder"], "log": "|j|\u203dHogrider2000\n|j|\u2606metaltunder\n|t:|1781450966\n|gametype|singles\n|player|p1|Hogrider2000|1|2079\n|player|p2|metaltunder|palmer|2082\n|gen|9\n|tier|[Gen 9] Random Battle\n|rated|\n|rule|Species Clause: Limit one of each Pok\u00e9mon\n|rule|HP Percentage Mod: HP is shown in percentages\n|rule|Sleep Clause Mod: Limit one foe put to sleep\n|rule|Illusion Level Mod: Illusion disguises the Pok\u00e9mon's true level\n|\n|t:|1781450966\n|teamsize|p1|6\n|teamsize|p2|6\n|start\n|switch|p1a: Flygon|Flygon, L82, M|265/265\n|switch|p2a: Sudowoodo|Sudowoodo, L94, M|284/284\n|turn|1\n|inactive|Battle timer is ON: inactive players will automatically lose when time's up. (requested by metaltunder)\n|\n|t:|1781450975\n|switch|p2a: Scream Tail|Scream Tail, L84|330/330\n|move|p1a: Flygon|Dragon Dance|p1a: Flygon\n|-boost|p1a: Flygon|atk|1\n|-boost|p1a: Flygon|spe|1\n|\n|upkeep\n|turn|2\n|inactive|Hogrider2000 has 120 seconds left.\n|\n|t:|1781451033\n|-terastallize|p1a: Flygon|Ground\n|move|p1a: Flygon|Earthquake|p2a: Scream Tail\n|-damage|p2a: Scream Tail|158/330\n|move|p2a: Scream Tail|Play Rough|p1a: Flygon\n|-damage|p1a: Flygon|181/265\n|\n|-heal|p2a: Scream Tail|178/330|[from] item: Leftovers\n|upkeep\n|turn|3\n|\n|t:|1781451039\n|-end|p2a: Scream Tail|Protosynthesis|[silent]\n|switch|p2a: Sceptile|Sceptile, L87, M|264/264\n|move|p1a: Flygon|Dragon Dance|p1a: Flygon\n|-boost|p1a: Flygon|atk|1\n|-boost|p1a: Flygon|spe|1\n|\n|upkeep\n|turn|4\n|\n|t:|1781451054\n|move|p1a: Flygon|Outrage|p2a: Sceptile\n|-damage|p2a: Sceptile|0 fnt\n|faint|p2a: Sceptile\n|\n|upkeep\n|\n|t:|1781451057\n|switch|p2a: Scream Tail|Scream Tail, L84|178/330\n|turn|5\n|\n|t:|1781451059\n|move|p1a: Flygon|Outrage|p2a: Scream Tail|[from] lockedmove\n|-immune|p2a: Scream Tail\n|-start|p1a: Flygon|confusion|[fatigue]\n|-enditem|p1a: Flygon|Lum Berry|[eat]\n|-end|p1a: Flygon|confusion\n|move|p2a: Scream Tail|Encore|p1a: Flygon\n|-start|p1a: Flygon|Encore\n|\n|-heal|p2a: Scream Tail|198/330|[from] item: Leftovers\n|upkeep\n|turn|6\n|inactive|Hogrider2000 has 120 seconds left.\n|\n|t:|1781451068\n|switch|p1a: Rotom|Rotom-Frost, L87|229/229\n|move|p2a: Scream Tail|Wish|p2a: Scream Tail\n|\n|-heal|p2a: Scream Tail|218/330|[from] item: Leftovers\n|upkeep\n|turn|7\n|\n|t:|1781451079\n|-end|p2a: Scream Tail|Protosynthesis|[silent]\n|switch|p2a: Arceus|Arceus-Fairy, L69|280/280\n|move|p1a: Rotom|Will-O-Wisp|p2a: Arceus\n|-status|p2a: Arceus|brn\n|\n|-damage|p2a: Arceus|263/280 brn|[from] brn\n|upkeep\n|turn|8\n|\n|t:|1781451082\n|move|p2a: Arceus|Calm Mind|p2a: Arceus\n|-boost|p2a: Arceus|spa|1\n|-boost|p2a: Arceus|spd|1\n|move|p1a: Rotom|Volt Switch|p2a: Arceus\n|-damage|p2a: Arceus|211/280 brn\n|\n|t:|1781451085\n|switch|p1a: Girafarig|Girafarig, L89, F|269/269|[from] Volt Switch\n|\n|-damage|p2a: Arceus|194/280 brn|[from] brn\n|upkeep\n|turn|9\n|\n|t:|1781451088\n|move|p2a: Arceus|Judgment|p1a: Girafarig\n|-crit|p1a: Girafarig\n|-damage|p1a: Girafarig|95/269\n|move|p1a: Girafarig|Psyshock|p2a: Arceus\n|-damage|p2a: Arceus|104/280 brn\n|\n|-damage|p2a: Arceus|87/280 brn|[from] brn\n|upkeep\n|turn|10\n|\n|t:|1781451093\n|move|p2a: Arceus|Recover|p2a: Arceus\n|-heal|p2a: Arceus|227/280 brn\n|move|p1a: Girafarig|Psyshock|p2a: Arceus\n|-damage|p2a: Arceus|136/280 brn\n|\n|-damage|p2a: Arceus|119/280 brn|[from] brn\n|upkeep\n|turn|11\n|\n|t:|1781451103\n|move|p2a: Arceus|Judgment|p1a: Girafarig\n|-damage|p1a: Girafarig|0 fnt\n|faint|p1a: Girafarig\n|\n|-damage|p2a: Arceus|102/280 brn|[from] brn\n|upkeep\n|\n|t:|1781451106\n|switch|p1a: Flygon|Flygon, L82, M, tera:Ground|181/265\n|turn|12\n|\n|t:|1781451109\n|switch|p2a: Milotic|Milotic, L83, F|293/293\n|move|p1a: Flygon|Earthquake|p2a: Milotic\n|-crit|p2a: Milotic\n|-damage|p2a: Milotic|85/293\n|\n|-heal|p2a: Milotic|103/293|[from] item: Leftovers\n|upkeep\n|turn|13\n|\n|t:|1781451129\n|move|p1a: Flygon|Earthquake|p2a: Milotic\n|-damage|p2a: Milotic|0 fnt\n|faint|p2a: Milotic\n|\n|upkeep\n|\n|t:|1781451134\n|switch|p2a: Pikachu|Pikachu-Alola, L93, F|216/216\n|turn|14\n|\n|t:|1781451141\n|switch|p1a: Cacturne|Cacturne, L92, F|278/278\n|-terastallize|p2a: Pikachu|Water\n|move|p2a: Pikachu|Surf|p1a: Cacturne\n|-immune|p1a: Cacturne|[from] ability: Water Absorb\n|\n|upkeep\n|turn|15\n|\n|t:|1781451147\n|switch|p2a: Sudowoodo|Sudowoodo, L94, M|284/284\n|move|p1a: Cacturne|Seed Bomb|p2a: Sudowoodo\n|-supereffective|p2a: Sudowoodo\n|-damage|p2a: Sudowoodo|73/284\n|-damage|p1a: Cacturne|251/278|[from] item: Life Orb\n|\n|upkeep\n|turn|16\n|\n|t:|1781451151\n|move|p2a: Sudowoodo|Sucker Punch|p1a: Cacturne\n|-resisted|p1a: Cacturne\n|-damage|p1a: Cacturne|199/278\n|move|p1a: Cacturne|Seed Bomb|p2a: Sudowoodo\n|-supereffective|p2a: Sudowoodo\n|-damage|p2a: Sudowoodo|0 fnt\n|faint|p2a: Sudowoodo\n|-damage|p1a: Cacturne|172/278|[from] item: Life Orb\n|\n|upkeep\n|\n|t:|1781451152\n|switch|p2a: Scream Tail|Scream Tail, L84|218/330\n|turn|17\n|\n|t:|1781451155\n|move|p2a: Scream Tail|Wish|p2a: Scream Tail\n|move|p1a: Cacturne|Knock Off|p2a: Scream Tail\n|-damage|p2a: Scream Tail|57/330\n|-enditem|p2a: Scream Tail|Leftovers|[from] move: Knock Off|[of] p1a: Cacturne\n|-damage|p1a: Cacturne|145/278|[from] item: Life Orb\n|\n|upkeep\n|turn|18\n|\n|t:|1781451158\n|switch|p1a: Rotom|Rotom-Frost, L87|229/229\n|move|p2a: Scream Tail|Protect||[still]\n|-fail|p2a: Scream Tail\n|\n|-heal|p2a: Scream Tail|222/330|[from] move: Wish|[wisher] Scream Tail\n|upkeep\n|turn|19\n|\n|t:|1781451160\n|move|p2a: Scream Tail|Wish|p2a: Scream Tail\n|move|p1a: Rotom|Will-O-Wisp|p2a: Scream Tail\n|-status|p2a: Scream Tail|brn\n|\n|-damage|p2a: Scream Tail|202/330 brn|[from] brn\n|upkeep\n|turn|20\n|\n|t:|1781451168\n|switch|p1a: Flygon|Flygon, L82, M, tera:Ground|181/265\n|move|p2a: Scream Tail|Play Rough|p1a: Flygon\n|-damage|p1a: Flygon|141/265\n|\n|-heal|p2a: Scream Tail|330/330 brn|[from] move: Wish|[wisher] Scream Tail\n|-damage|p2a: Scream Tail|310/330 brn|[from] brn\n|upkeep\n|turn|21\n|inactive|metaltunder has 120 seconds left.\n|\n|t:|1781451202\n|move|p2a: Scream Tail|Play Rough|p1a: Flygon\n|-damage|p1a: Flygon|101/265\n|move|p1a: Flygon|Dragon Dance|p1a: Flygon\n|-boost|p1a: Flygon|atk|1\n|-boost|p1a: Flygon|spe|1\n|\n|-damage|p2a: Scream Tail|290/330 brn|[from] brn\n|upkeep\n|turn|22\n|\n|t:|1781451206\n|move|p1a: Flygon|Earthquake|p2a: Scream Tail\n|-damage|p2a: Scream Tail|98/330 brn\n|move|p2a: Scream Tail|Encore|p1a: Flygon\n|-start|p1a: Flygon|Encore\n|\n|-damage|p2a: Scream Tail|78/330 brn|[from] brn\n|upkeep\n|turn|23\n|\n|t:|1781451215\n|-end|p2a: Scream Tail|Protosynthesis|[silent]\n|switch|p2a: Arceus|Arceus-Fairy, L69|102/280 brn\n|move|p1a: Flygon|Earthquake|p2a: Arceus\n|-damage|p2a: Arceus|0 fnt\n|faint|p2a: Arceus\n|\n|upkeep\n|\n|t:|1781451216\n|switch|p2a: Pikachu|Pikachu-Alola, L93, F, tera:Water|216/216\n|turn|24\n|-message|metaltunder forfeited.\n|\n|win|Hogrider2000\n", "inputlog": ">version a8376a258c1d4662feba110a92103f3664a72141\n>start {\"formatid\":\"gen9randombattle\",\"seed\":\"sodium,061abfead36085309bf75233c84d78d1\",\"rated\":\"Rated battle\"}\n>player p1 {\"name\":\"Hogrider2000\",\"avatar\":\"1\",\"rating\":2079,\"seed\":\"sodium,63ff4e0017b5334d493da8f44cd26fb5\"}\n>player p2 {\"name\":\"metaltunder\",\"avatar\":\"palmer\",\"rating\":2082,\"seed\":\"sodium,22c18d7eec627a0b416c1b41ec125016\"}\n>p1 move dragondance\n>p2 switch 2\n>p1 move earthquake terastallize\n>p2 move playrough\n>p1 move dragondance\n>p2 switch 6\n>p1 move outrage\n>p2 move leafstorm\n>p2 switch 6\n>p1 move outrage\n>p2 move encore\n>p1 switch 4\n>p2 move wish\n>p1 move willowisp\n>p2 switch 3\n>p1 move voltswitch\n>p2 move calmmind\n>p1 switch 3\n>p1 move psyshock\n>p2 move judgment\n>p1 move psyshock\n>p2 move recover\n>p1 move psyshock\n>p2 move judgment\n>p1 switch 4\n>p1 move earthquake\n>p2 switch 5\n>p1 move earthquake\n>p2 move scald\n>p2 switch 4\n>p1 switch 2\n>p2 move surf terastallize\n>p1 move seedbomb\n>p2 switch 2\n>p1 move seedbomb\n>p2 move suckerpunch\n>p2 switch 3\n>p1 move knockoff\n>p2 move wish\n>p1 switch 3\n>p2 move protect\n>p1 move willowisp\n>p2 move wish\n>p1 switch 2\n>p2 move playrough\n>p1 move dragondance\n>p2 move playrough\n>p1 move earthquake\n>p2 move encore\n>p1 move earthquake\n>p2 switch 5\n>p2 switch 2\n>forcelose p2", "uploadtime": 1781450968, "views": 4, "formatid": "gen9randombattle", "rating": null, "private": 0, "password": null}