{"id": "gen9randombattle-2631562426", "format": "[Gen 9] Random Battle", "players": ["2broke4champions", "Estrace"], "log": "|j|\u26062broke4champions\n|j|\u203dEstrace\n|t:|1781401706\n|gametype|singles\n|player|p1|2broke4champions|102|1989\n|player|p2|Estrace|clair|2008\n|gen|9\n|tier|[Gen 9] Random Battle\n|rated|\n|rule|Species Clause: Limit one of each Pok\u00e9mon\n|rule|HP Percentage Mod: HP is shown in percentages\n|rule|Sleep Clause Mod: Limit one foe put to sleep\n|rule|Illusion Level Mod: Illusion disguises the Pok\u00e9mon's true level\n|\n|t:|1781401706\n|teamsize|p1|6\n|teamsize|p2|6\n|start\n|switch|p1a: Orthworm|Orthworm, L88, M|266/266\n|switch|p2a: Iron Treads|Iron Treads, L77|265/265\n|turn|1\n|\n|t:|1781401717\n|move|p2a: Iron Treads|Volt Switch|p1a: Orthworm\n|-damage|p1a: Orthworm|220/266\n|\n|t:|1781401730\n|-end|p2a: Iron Treads|Quark Drive|[silent]\n|switch|p2a: Mimikyu|Mimikyu, L79, M|216/216|[from] Volt Switch\n|move|p1a: Orthworm|Body Press|p2a: Mimikyu\n|-immune|p2a: Mimikyu\n|\n|-heal|p1a: Orthworm|236/266|[from] item: Leftovers\n|upkeep\n|turn|2\n|\n|t:|1781401739\n|switch|p2a: Iron Treads|Iron Treads, L77|265/265\n|move|p1a: Orthworm|Heavy Slam|p2a: Iron Treads\n|-resisted|p2a: Iron Treads\n|-damage|p2a: Iron Treads|247/265\n|\n|-heal|p1a: Orthworm|252/266|[from] item: Leftovers\n|upkeep\n|turn|3\n|\n|t:|1781401744\n|move|p2a: Iron Treads|Volt Switch|p1a: Orthworm\n|-damage|p1a: Orthworm|203/266\n|\n|t:|1781401748\n|-end|p2a: Iron Treads|Quark Drive|[silent]\n|switch|p2a: Mimikyu|Mimikyu, L79, M|216/216|[from] Volt Switch\n|move|p1a: Orthworm|Spikes|p2a: Mimikyu\n|-sidestart|p2: Estrace|Spikes\n|\n|-heal|p1a: Orthworm|219/266|[from] item: Leftovers\n|upkeep\n|turn|4\n|\n|t:|1781401755\n|switch|p2a: Iron Treads|Iron Treads, L77|247/265\n|-damage|p2a: Iron Treads|214/265|[from] Spikes\n|move|p1a: Orthworm|Heavy Slam|p2a: Iron Treads\n|-resisted|p2a: Iron Treads\n|-damage|p2a: Iron Treads|195/265\n|\n|-heal|p1a: Orthworm|235/266|[from] item: Leftovers\n|upkeep\n|turn|5\n|\n|t:|1781401763\n|move|p2a: Iron Treads|Rapid Spin|p1a: Orthworm\n|-resisted|p1a: Orthworm\n|-damage|p1a: Orthworm|224/266\n|-boost|p2a: Iron Treads|spe|1\n|-sideend|p2: Estrace|Spikes|[from] move: Rapid Spin|[of] p2a: Iron Treads\n|move|p1a: Orthworm|Spikes|p2a: Iron Treads\n|-sidestart|p2: Estrace|Spikes\n|\n|-heal|p1a: Orthworm|240/266|[from] item: Leftovers\n|upkeep\n|turn|6\n|\n|t:|1781401772\n|move|p2a: Iron Treads|Rapid Spin|p1a: Orthworm\n|-resisted|p1a: Orthworm\n|-damage|p1a: Orthworm|228/266\n|-boost|p2a: Iron Treads|spe|1\n|-sideend|p2: Estrace|Spikes|[from] move: Rapid Spin|[of] p2a: Iron Treads\n|move|p1a: Orthworm|Heavy Slam|p2a: Iron Treads\n|-resisted|p2a: Iron Treads\n|-damage|p2a: Iron Treads|177/265\n|\n|-heal|p1a: Orthworm|244/266|[from] item: Leftovers\n|upkeep\n|turn|7\n|\n|t:|1781401780\n|move|p2a: Iron Treads|Volt Switch|p1a: Orthworm\n|-damage|p1a: Orthworm|197/266\n|\n|t:|1781401783\n|-end|p2a: Iron Treads|Quark Drive|[silent]\n|switch|p2a: Goodra|Goodra, L85, M|292/292|[from] Volt Switch\n|move|p1a: Orthworm|Spikes|p2a: Goodra\n|-sidestart|p2: Estrace|Spikes\n|\n|-heal|p1a: Orthworm|213/266|[from] item: Leftovers\n|upkeep\n|turn|8\n|c|\u26062broke4champions|goob dra\n|\n|t:|1781401808\n|switch|p1a: Spiritomb|Spiritomb, L89, F|234/234\n|move|p2a: Goodra|Fire Blast|p1a: Spiritomb\n|-damage|p1a: Spiritomb|159/234\n|\n|-heal|p1a: Spiritomb|173/234|[from] item: Leftovers\n|upkeep\n|turn|9\n|\n|t:|1781401825\n|move|p2a: Goodra|Fire Blast|p1a: Spiritomb\n|-damage|p1a: Spiritomb|107/234\n|move|p1a: Spiritomb|Toxic|p2a: Goodra\n|-status|p2a: Goodra|tox\n|\n|-heal|p1a: Spiritomb|121/234|[from] item: Leftovers\n|-damage|p2a: Goodra|274/292 tox|[from] psn\n|upkeep\n|turn|10\n|\n|t:|1781401830\n|move|p2a: Goodra|Draco Meteor|p1a: Spiritomb\n|-damage|p1a: Spiritomb|0 fnt\n|-unboost|p2a: Goodra|spa|2\n|faint|p1a: Spiritomb\n|\n|-damage|p2a: Goodra|238/292 tox|[from] psn\n|upkeep\n|\n|t:|1781401850\n|switch|p1a: Gliscor|Gliscor, L76, F|239/239\n|turn|11\n|\n|t:|1781401857\n|switch|p2a: Cryogonal|Cryogonal, L89|287/287\n|move|p1a: Gliscor|Substitute|p1a: Gliscor\n|-start|p1a: Gliscor|Substitute\n|-damage|p1a: Gliscor|180/239\n|\n|-status|p1a: Gliscor|tox|[from] item: Toxic Orb\n|upkeep\n|turn|12\n|\n|t:|1781401864\n|move|p2a: Cryogonal|Freeze-Dry|p1a: Gliscor\n|-supereffective|p1a: Gliscor\n|-end|p1a: Gliscor|Substitute\n|move|p1a: Gliscor|Toxic|p2a: Cryogonal\n|-status|p2a: Cryogonal|tox\n|\n|-damage|p2a: Cryogonal|270/287 tox|[from] psn\n|-heal|p1a: Gliscor|209/239 tox|[from] ability: Poison Heal\n|upkeep\n|turn|13\n|\n|t:|1781401868\n|move|p1a: Gliscor|Protect|p1a: Gliscor\n|-singleturn|p1a: Gliscor|Protect\n|move|p2a: Cryogonal|Freeze-Dry|p1a: Gliscor\n|-activate|p1a: Gliscor|move: Protect\n|\n|-damage|p2a: Cryogonal|236/287 tox|[from] psn\n|-heal|p1a: Gliscor|238/239 tox|[from] ability: Poison Heal\n|upkeep\n|turn|14\n|\n|t:|1781401876\n|switch|p2a: Iron Treads|Iron Treads, L77|177/265\n|-damage|p2a: Iron Treads|144/265|[from] Spikes\n|switch|p1a: Trevenant|Trevenant, L89, M|296/296\n|\n|upkeep\n|turn|15\n|\n|t:|1781401885\n|move|p2a: Iron Treads|Volt Switch|p1a: Trevenant\n|-resisted|p1a: Trevenant\n|-damage|p1a: Trevenant|279/296\n|\n|t:|1781401891\n|-end|p2a: Iron Treads|Quark Drive|[silent]\n|switch|p2a: Mimikyu|Mimikyu, L79, M|216/216|[from] Volt Switch\n|-damage|p2a: Mimikyu|189/216|[from] Spikes\n|move|p1a: Trevenant|Poltergeist|p2a: Mimikyu\n|-activate|p2a: Mimikyu|move: Poltergeist|Life Orb\n|-activate|p2a: Mimikyu|ability: Disguise\n|-damage|p2a: Mimikyu|189/216\n|detailschange|p2a: Mimikyu|Mimikyu-Busted, L79, M\n|-damage|p2a: Mimikyu|162/216|[from] pokemon: Mimikyu-Busted\n|\n|upkeep\n|turn|16\n|\n|t:|1781401901\n|switch|p1a: Dondozo|Dondozo, L78, F|362/362\n|move|p2a: Mimikyu|Shadow Claw|p1a: Dondozo\n|-damage|p1a: Dondozo|287/362\n|-damage|p2a: Mimikyu|141/216|[from] item: Life Orb\n|\n|-heal|p1a: Dondozo|309/362|[from] item: Leftovers\n|upkeep\n|turn|17\n|\n|t:|1781401922\n|switch|p2a: Luxray|Luxray, L88, M|284/284\n|-damage|p2a: Luxray|249/284|[from] Spikes\n|-ability|p2a: Luxray|Intimidate|boost\n|-unboost|p1a: Dondozo|atk|1\n|move|p1a: Dondozo|Wave Crash|p2a: Luxray\n|-damage|p2a: Luxray|165/284\n|-damage|p1a: Dondozo|281/362|[from] Recoil\n|\n|-heal|p1a: Dondozo|303/362|[from] item: Leftovers\n|upkeep\n|turn|18\n|\n|t:|1781401949\n|switch|p2a: Cryogonal|Cryogonal, L89|236/287 tox\n|switch|p1a: Gliscor|Gliscor, L76, F|238/239 tox\n|\n|-damage|p2a: Cryogonal|219/287 tox|[from] psn\n|-heal|p1a: Gliscor|239/239 tox|[from] ability: Poison Heal\n|upkeep\n|turn|19\n|\n|t:|1781401964\n|switch|p2a: Goodra|Goodra, L85, M|238/292 tox\n|-damage|p2a: Goodra|202/292 tox|[from] Spikes\n|move|p1a: Gliscor|Protect||[still]\n|-fail|p1a: Gliscor\n|\n|-damage|p2a: Goodra|184/292 tox|[from] psn\n|upkeep\n|turn|20\n|\n|t:|1781401975\n|switch|p2a: Iron Treads|Iron Treads, L77|144/265\n|-damage|p2a: Iron Treads|111/265|[from] Spikes\n|move|p1a: Gliscor|Substitute|p1a: Gliscor\n|-start|p1a: Gliscor|Substitute\n|-damage|p1a: Gliscor|180/239 tox\n|\n|-heal|p1a: Gliscor|209/239 tox|[from] ability: Poison Heal\n|upkeep\n|turn|21\n|\n|t:|1781401982\n|move|p2a: Iron Treads|Rapid Spin|p1a: Gliscor\n|-activate|p1a: Gliscor|move: Substitute|[damage]\n|-sideend|p2: Estrace|Spikes|[from] move: Rapid Spin|[of] p2a: Iron Treads\n|-boost|p2a: Iron Treads|spe|1\n|move|p1a: Gliscor|Earthquake|p2a: Iron Treads\n|-supereffective|p2a: Iron Treads\n|-damage|p2a: Iron Treads|0 fnt\n|faint|p2a: Iron Treads\n|-end|p2a: Iron Treads|Quark Drive|[silent]\n|\n|-heal|p1a: Gliscor|238/239 tox|[from] ability: Poison Heal\n|upkeep\n|-message|Estrace forfeited.\n|\n|win|2broke4champions\n", "inputlog": ">version a8376a258c1d4662feba110a92103f3664a72141\n>start {\"formatid\":\"gen9randombattle\",\"seed\":\"sodium,ef2553e5e676b19889ec3964f9399087\",\"rated\":\"Rated battle\"}\n>player p1 {\"name\":\"2broke4champions\",\"avatar\":\"102\",\"rating\":1989,\"seed\":\"sodium,5d0486190997857775b424246c8f4676\"}\n>player p2 {\"name\":\"Estrace\",\"avatar\":\"clair\",\"rating\":2008,\"seed\":\"sodium,46065842158aaa897140236e0aa3e74b\"}\n>p1 move bodypress\n>p2 move voltswitch\n>p2 switch 2\n>p1 move heavyslam\n>p2 switch 2\n>p1 move spikes\n>p2 move voltswitch\n>p2 switch 2\n>p1 move heavyslam\n>p2 switch 2\n>p1 move spikes\n>p2 move rapidspin\n>p1 move heavyslam\n>p2 move rapidspin\n>p1 move spikes\n>p2 move voltswitch\n>p2 switch 4\n>chat \u26062broke4champions|goob dra\n>p1 switch 6\n>p2 move fireblast\n>p1 move toxic\n>p2 move fireblast\n>p1 move painsplit\n>p2 move dracometeor\n>p1 switch 4\n>p1 move substitute\n>p2 switch 5\n>p1 move toxic\n>p2 move freezedry\n>p1 move protect\n>p2 move freezedry\n>p1 switch 5\n>p2 switch 4\n>p1 move poltergeist\n>p2 move voltswitch\n>p2 switch 2\n>p1 switch 2\n>p2 move shadowclaw\n>p1 move wavecrash\n>p2 switch 6\n>p1 switch 5\n>p2 switch 4\n>p1 move protect\n>p2 switch 5\n>p1 move substitute\n>p2 switch 2\n>p1 move earthquake\n>p2 move rapidspin\n>forcelose p2", "uploadtime": 1781401707, "views": 4, "formatid": "gen9randombattle", "rating": null, "private": 0, "password": null}