{"id": "gen9randombattle-2631880022", "format": "[Gen 9] Random Battle", "players": ["i love wo chien", "Priyonto"], "log": "|j|\u2606i love wo chien\n|j|\u2606Priyonto\n|t:|1781451370\n|gametype|singles\n|player|p1|i love wo chien|chase|1905\n|player|p2|Priyonto|nate|1905\n|gen|9\n|tier|[Gen 9] Random Battle\n|rated|\n|rule|Species Clause: Limit one of each Pok\u00e9mon\n|rule|HP Percentage Mod: HP is shown in percentages\n|rule|Sleep Clause Mod: Limit one foe put to sleep\n|rule|Illusion Level Mod: Illusion disguises the Pok\u00e9mon's true level\n|\n|t:|1781451370\n|teamsize|p1|6\n|teamsize|p2|6\n|start\n|switch|p1a: Sableye|Sableye, L88, F|231/231\n|switch|p2a: Volbeat|Volbeat, L90, M|263/263\n|turn|1\n|inactive|Battle timer is ON: inactive players will automatically lose when time's up. (requested by i love wo chien)\n|c|\u2606i love wo chien|glhf\n|\n|t:|1781451396\n|move|p1a: Sableye|Will-O-Wisp|p2a: Volbeat\n|-status|p2a: Volbeat|brn\n|move|p2a: Volbeat|Lunge|p1a: Sableye\n|-damage|p1a: Sableye|187/231\n|-unboost|p1a: Sableye|atk|1\n|\n|-heal|p1a: Sableye|201/231|[from] item: Leftovers\n|-damage|p2a: Volbeat|247/263 brn|[from] brn\n|upkeep\n|turn|2\n|\n|t:|1781451423\n|move|p2a: Volbeat|Lunge|p1a: Sableye\n|-damage|p1a: Sableye|159/231\n|-unboost|p1a: Sableye|atk|1\n|move|p1a: Sableye|Knock Off|p2a: Volbeat\n|-damage|p2a: Volbeat|195/263 brn\n|-enditem|p2a: Volbeat|Heavy-Duty Boots|[from] move: Knock Off|[of] p1a: Sableye\n|\n|-heal|p1a: Sableye|173/231|[from] item: Leftovers\n|-damage|p2a: Volbeat|179/263 brn|[from] brn\n|upkeep\n|turn|3\n|\n|t:|1781451441\n|switch|p2a: Dialga|Dialga, L73|266/266\n|-ability|p2a: Dialga|Pressure\n|move|p1a: Sableye|Will-O-Wisp|p2a: Dialga|[miss]\n|-miss|p1a: Sableye|p2a: Dialga\n|\n|-heal|p1a: Sableye|187/231|[from] item: Leftovers\n|upkeep\n|turn|4\n|\n|t:|1781451457\n|move|p2a: Dialga|Draco Meteor|p1a: Sableye\n|-damage|p1a: Sableye|13/231\n|-unboost|p2a: Dialga|spa|2\n|move|p1a: Sableye|Knock Off|p2a: Dialga\n|-damage|p2a: Dialga|224/266\n|-enditem|p2a: Dialga|Leftovers|[from] move: Knock Off|[of] p1a: Sableye\n|\n|-heal|p1a: Sableye|27/231|[from] item: Leftovers\n|upkeep\n|turn|5\n|\n|t:|1781451466\n|move|p1a: Sableye|Recover|p1a: Sableye\n|-heal|p1a: Sableye|143/231\n|move|p2a: Dialga|Heavy Slam|p1a: Sableye\n|-damage|p1a: Sableye|20/231\n|\n|-heal|p1a: Sableye|34/231|[from] item: Leftovers\n|upkeep\n|turn|6\n|inactive|i love wo chien has 120 seconds left.\n|\n|t:|1781451501\n|switch|p1a: Zamazenta|Zamazenta, L71|248/248\n|-ability|p1a: Zamazenta|Dauntless Shield|boost\n|-boost|p1a: Zamazenta|def|1\n|move|p2a: Dialga|Heavy Slam|p1a: Zamazenta\n|-damage|p1a: Zamazenta|197/248\n|\n|-heal|p1a: Zamazenta|212/248|[from] item: Leftovers\n|upkeep\n|turn|7\n|inactive|i love wo chien has 120 seconds left.\n|\n|t:|1781451510\n|switch|p1a: Sableye|Sableye, L88, F|34/231\n|move|p2a: Dialga|Stealth Rock|p1a: Sableye\n|-sidestart|p1: i love wo chien|move: Stealth Rock\n|\n|-heal|p1a: Sableye|48/231|[from] item: Leftovers\n|upkeep\n|turn|8\n|inactive|i love wo chien has 120 seconds left.\n|\n|t:|1781451532\n|switch|p2a: Tornadus|Tornadus, L82, M|263/263\n|move|p1a: Sableye|Encore||[still]\n|-fail|p1a: Sableye\n|\n|-heal|p1a: Sableye|62/231|[from] item: Leftovers\n|upkeep\n|turn|9\n|inactive|i love wo chien has 120 seconds left.\n|\n|t:|1781451574\n|switch|p1a: Piloswine|Piloswine, L85, F|309/309\n|-damage|p1a: Piloswine|271/309|[from] Stealth Rock\n|move|p2a: Tornadus|Bleakwind Storm|p1a: Piloswine\n|-damage|p1a: Piloswine|124/309\n|\n|upkeep\n|turn|10\n|inactive|i love wo chien has 90 seconds left.\n|j| Pauliet456\n|\n|t:|1781451595\n|move|p1a: Piloswine|Ice Shard|p2a: Tornadus\n|-supereffective|p2a: Tornadus\n|-damage|p2a: Tornadus|161/263\n|move|p2a: Tornadus|Bleakwind Storm|p1a: Piloswine|[miss]\n|-miss|p2a: Tornadus|p1a: Piloswine\n|\n|upkeep\n|turn|11\n|l| Pauliet456\n|inactive|i love wo chien has 90 seconds left.\n|inactive|Priyonto has 120 seconds left.\n|\n|t:|1781451622\n|move|p2a: Tornadus|Bleakwind Storm|p1a: Piloswine\n|-damage|p1a: Piloswine|0 fnt\n|faint|p1a: Piloswine\n|\n|upkeep\n|inactive|i love wo chien has 90 seconds left.\n|\n|t:|1781451636\n|switch|p1a: Pikachu|Pikachu-Partner, L93, F|216/216\n|-damage|p1a: Pikachu|189/216|[from] Stealth Rock\n|turn|12\n|inactive|i love wo chien has 90 seconds left.\n|inactive|Priyonto has 120 seconds left.\n|\n|t:|1781451657\n|switch|p2a: Dialga|Dialga, L73|224/266\n|-ability|p2a: Dialga|Pressure\n|move|p1a: Pikachu|Volt Tackle|p2a: Dialga\n|-resisted|p2a: Dialga\n|-damage|p2a: Dialga|130/266\n|-status|p2a: Dialga|par\n|-damage|p1a: Pikachu|158/216|[from] Recoil\n|\n|upkeep\n|turn|13\n|inactive|Priyonto has 120 seconds left.\n|inactive|i love wo chien has 60 seconds left.\n|\n|t:|1781451699\n|switch|p1a: Venusaur|Venusaur, L84, M|272/272\n|-damage|p1a: Venusaur|238/272|[from] Stealth Rock\n|move|p2a: Dialga|Draco Meteor|p1a: Venusaur\n|-damage|p1a: Venusaur|99/272\n|-unboost|p2a: Dialga|spa|2\n|\n|-heal|p1a: Venusaur|116/272|[from] item: Leftovers\n|upkeep\n|turn|14\n|\n|t:|1781451723\n|move|p1a: Venusaur|Sludge Bomb|p2a: Dialga\n|-immune|p2a: Dialga\n|move|p2a: Dialga|Fire Blast|p1a: Venusaur\n|-supereffective|p1a: Venusaur\n|-damage|p1a: Venusaur|32/272\n|\n|-heal|p1a: Venusaur|49/272|[from] item: Leftovers\n|upkeep\n|turn|15\n|inactive|Priyonto has 90 seconds left.\n|\n|t:|1781451749\n|move|p1a: Venusaur|Sludge Bomb|p2a: Dialga\n|-immune|p2a: Dialga\n|cant|p2a: Dialga|par\n|\n|-heal|p1a: Venusaur|66/272|[from] item: Leftovers\n|upkeep\n|turn|16\n|\n|t:|1781451755\n|move|p1a: Venusaur|Synthesis|p1a: Venusaur\n|-heal|p1a: Venusaur|202/272\n|move|p2a: Dialga|Fire Blast|p1a: Venusaur\n|-supereffective|p1a: Venusaur\n|-damage|p1a: Venusaur|118/272\n|\n|-heal|p1a: Venusaur|135/272|[from] item: Leftovers\n|upkeep\n|turn|17\n|inactive|Priyonto has 90 seconds left.\n|\n|t:|1781451766\n|switch|p2a: Arbok|Arbok, L87, M|246/246\n|-ability|p2a: Arbok|Intimidate|boost\n|-unboost|p1a: Venusaur|atk|1\n|move|p1a: Venusaur|Synthesis|p1a: Venusaur\n|-heal|p1a: Venusaur|271/272\n|\n|-heal|p1a: Venusaur|272/272|[from] item: Leftovers\n|upkeep\n|turn|18\n|inactive|Priyonto has 90 seconds left.\n|\n|t:|1781451780\n|move|p2a: Arbok|Trailblaze|p1a: Venusaur\n|-resisted|p1a: Venusaur\n|-damage|p1a: Venusaur|262/272\n|-boost|p2a: Arbok|spe|1\n|move|p1a: Venusaur|Knock Off|p2a: Arbok\n|-damage|p2a: Arbok|195/246\n|-enditem|p2a: Arbok|Leftovers|[from] move: Knock Off|[of] p1a: Venusaur\n|\n|-heal|p1a: Venusaur|272/272|[from] item: Leftovers\n|upkeep\n|turn|19\n|inactive|Priyonto has 90 seconds left.\n|\n|t:|1781451794\n|switch|p1a: Zamazenta|Zamazenta, L71|212/248\n|-damage|p1a: Zamazenta|197/248|[from] Stealth Rock\n|move|p2a: Arbok|Gunk Shot|p1a: Zamazenta|[miss]\n|-miss|p2a: Arbok|p1a: Zamazenta\n|\n|-heal|p1a: Zamazenta|212/248|[from] item: Leftovers\n|upkeep\n|turn|20\n|inactive|Priyonto has 90 seconds left.\n|\n|t:|1781451811\n|switch|p2a: Tornadus|Tornadus, L82, M|161/263\n|move|p1a: Zamazenta|Iron Defense|p1a: Zamazenta\n|-boost|p1a: Zamazenta|def|2\n|\n|-heal|p1a: Zamazenta|227/248|[from] item: Leftovers\n|upkeep\n|turn|21\n|\n|t:|1781451819\n|move|p1a: Zamazenta|Substitute|p1a: Zamazenta\n|-start|p1a: Zamazenta|Substitute\n|-damage|p1a: Zamazenta|165/248\n|move|p2a: Tornadus|Bleakwind Storm|p1a: Zamazenta\n|-supereffective|p1a: Zamazenta\n|-end|p1a: Zamazenta|Substitute\n|\n|-heal|p1a: Zamazenta|180/248|[from] item: Leftovers\n|upkeep\n|turn|22\n|inactive|Priyonto has 90 seconds left.\n|\n|t:|1781451834\n|move|p1a: Zamazenta|Substitute|p1a: Zamazenta\n|-start|p1a: Zamazenta|Substitute\n|-damage|p1a: Zamazenta|118/248\n|move|p2a: Tornadus|Bleakwind Storm|p1a: Zamazenta|[miss]\n|-miss|p2a: Tornadus|p1a: Zamazenta\n|\n|-heal|p1a: Zamazenta|133/248|[from] item: Leftovers\n|upkeep\n|turn|23\n|\n|t:|1781451844\n|switch|p2a: Volbeat|Volbeat, L90, M|179/263 brn\n|-terastallize|p1a: Zamazenta|Fighting\n|move|p1a: Zamazenta|Body Press|p2a: Volbeat\n|-resisted|p2a: Volbeat\n|-damage|p2a: Volbeat|75/263 brn\n|\n|-heal|p1a: Zamazenta|148/248|[from] item: Leftovers\n|-damage|p2a: Volbeat|59/263 brn|[from] brn\n|upkeep\n|turn|24\n|inactive|Priyonto has 90 seconds left.\n|\n|t:|1781451855\n|move|p2a: Volbeat|Encore|p1a: Zamazenta\n|-start|p1a: Zamazenta|Encore\n|move|p1a: Zamazenta|Body Press|p2a: Volbeat\n|-resisted|p2a: Volbeat\n|-damage|p2a: Volbeat|0 fnt\n|faint|p2a: Volbeat\n|\n|-heal|p1a: Zamazenta|163/248|[from] item: Leftovers\n|upkeep\n|\n|t:|1781451875\n|switch|p2a: Tornadus|Tornadus, L82, M|161/263\n|turn|25\n|\n|t:|1781451880\n|move|p1a: Zamazenta|Body Press|p2a: Tornadus\n|-resisted|p2a: Tornadus\n|-damage|p2a: Tornadus|57/263\n|move|p2a: Tornadus|Heat Wave|p1a: Zamazenta|[miss]\n|-miss|p2a: Tornadus|p1a: Zamazenta\n|\n|-heal|p1a: Zamazenta|178/248|[from] item: Leftovers\n|upkeep\n|turn|26\n|c|\u2606i love wo chien|sorry\n|-message|Priyonto forfeited.\n|\n|win|i love wo chien\n", "inputlog": ">version a8376a258c1d4662feba110a92103f3664a72141\n>start {\"formatid\":\"gen9randombattle\",\"seed\":\"sodium,c35e38b3334b23fded26c8629992bb8a\",\"rated\":\"Rated battle\"}\n>player p1 {\"name\":\"i love wo chien\",\"avatar\":\"chase\",\"rating\":1905,\"seed\":\"sodium,6be517cd698340aedd5562ecebcd6865\"}\n>player p2 {\"name\":\"Priyonto\",\"avatar\":\"nate\",\"rating\":1905,\"seed\":\"sodium,b09dc711de85cec196787b3be062dd2b\"}\n>chat \u2606i love wo chien|glhf\n>p1 move willowisp\n>p2 move lunge\n>p1 move knockoff\n>p2 move lunge\n>p1 move willowisp\n>p2 switch 2\n>p1 move knockoff\n>p2 move dracometeor\n>p1 move recover\n>p2 move heavyslam\n>p1 switch 5\n>p2 move heavyslam\n>p1 switch 5\n>p2 move stealthrock\n>p1 move encore\n>p2 switch 4\n>p1 switch 6\n>p2 move bleakwindstorm\n>p1 move iceshard\n>p2 move bleakwindstorm\n>p1 move stealthrock\n>p2 move bleakwindstorm\n>p1 switch 3\n>p1 move volttackle\n>p2 switch 4\n>p1 switch 4\n>p2 move dracometeor\n>p1 move sludgebomb\n>p2 move fireblast\n>p1 move sludgebomb\n>p2 move fireblast\n>p1 move synthesis\n>p2 move fireblast\n>p1 move synthesis\n>p2 switch 5\n>p1 move knockoff\n>p2 move trailblaze\n>p1 switch 5\n>p2 move gunkshot\n>p1 move irondefense\n>p2 switch 4\n>p1 move substitute\n>p2 move bleakwindstorm\n>p1 move substitute\n>p2 move bleakwindstorm\n>p1 move bodypress terastallize\n>p2 switch 2\n>p1 move bodypress\n>p2 move encore\n>p2 switch 2\n>p1 move bodypress\n>p2 move heatwave\n>chat \u2606i love wo chien|sorry\n>forcelose p2", "uploadtime": 1781451372, "views": 12, "formatid": "gen9randombattle", "rating": null, "private": 0, "password": null}