{"id": "gen9randombattle-2631910387", "format": "[Gen 9] Random Battle", "players": ["pagenfranskane", "fart's cologne"], "log": "|j|\u2606pagenfranskane\n|j|\u2606fart's cologne\n|t:|1781454670\n|gametype|singles\n|player|p1|pagenfranskane|battlegirl|2037\n|player|p2|fart's cologne|266|2033\n|gen|9\n|tier|[Gen 9] Random Battle\n|rated|\n|rule|Species Clause: Limit one of each Pok\u00e9mon\n|rule|HP Percentage Mod: HP is shown in percentages\n|rule|Sleep Clause Mod: Limit one foe put to sleep\n|rule|Illusion Level Mod: Illusion disguises the Pok\u00e9mon's true level\n|\n|t:|1781454670\n|teamsize|p1|6\n|teamsize|p2|6\n|start\n|switch|p1a: Klefki|Klefki, L84, M|233/233\n|switch|p2a: Lucario|Lucario, L84, M|255/255\n|turn|1\n|inactive|Battle timer is ON: inactive players will automatically lose when time's up. (requested by fart's cologne)\n|\n|t:|1781454710\n|switch|p2a: Hippowdon|Hippowdon, L82, F|311/311\n|-weather|Sandstorm|[from] ability: Sand Stream|[of] p2a: Hippowdon\n|move|p1a: Klefki|Thunder Wave|p2a: Hippowdon\n|-immune|p2a: Hippowdon\n|\n|-weather|Sandstorm|[upkeep]\n|upkeep\n|turn|2\n|\n|t:|1781454720\n|switch|p1a: Umbreon|Umbreon, L84, M|297/297\n|move|p2a: Hippowdon|Earthquake|p1a: Umbreon\n|-damage|p1a: Umbreon|204/297\n|\n|-weather|Sandstorm|[upkeep]\n|-damage|p1a: Umbreon|186/297|[from] Sandstorm\n|-heal|p1a: Umbreon|204/297|[from] item: Leftovers\n|upkeep\n|turn|3\n|\n|t:|1781454739\n|switch|p2a: Lucario|Lucario, L84, M|255/255\n|move|p1a: Umbreon|Foul Play|p2a: Lucario\n|-resisted|p2a: Lucario\n|-damage|p2a: Lucario|198/255\n|\n|-weather|Sandstorm|[upkeep]\n|-damage|p1a: Umbreon|186/297|[from] Sandstorm\n|-heal|p1a: Umbreon|204/297|[from] item: Leftovers\n|upkeep\n|turn|4\n|\n|t:|1781454752\n|switch|p1a: Raichu|Raichu-Alola, L87, M|246/246\n|move|p2a: Lucario|Nasty Plot|p2a: Lucario\n|-boost|p2a: Lucario|spa|2\n|\n|-weather|Sandstorm|[upkeep]\n|-damage|p1a: Raichu|231/246|[from] Sandstorm\n|upkeep\n|turn|5\n|\n|t:|1781454773\n|switch|p2a: Hippowdon|Hippowdon, L82, F|311/311\n|move|p1a: Raichu|Psychic|p2a: Hippowdon\n|-damage|p2a: Hippowdon|122/311\n|\n|-weather|none\n|-heal|p2a: Hippowdon|141/311|[from] item: Leftovers\n|upkeep\n|turn|6\n|inactive|fart's cologne has 120 seconds left.\n|\n|t:|1781454799\n|-terastallize|p2a: Hippowdon|Steel\n|move|p1a: Raichu|Psychic|p2a: Hippowdon\n|-resisted|p2a: Hippowdon\n|-damage|p2a: Hippowdon|59/311\n|move|p2a: Hippowdon|Slack Off|p2a: Hippowdon\n|-heal|p2a: Hippowdon|215/311\n|\n|-heal|p2a: Hippowdon|234/311|[from] item: Leftovers\n|upkeep\n|turn|7\n|\n|t:|1781454817\n|switch|p1a: Masquerain|Masquerain, L87, F|264/264\n|-ability|p1a: Masquerain|Intimidate|boost\n|-unboost|p2a: Hippowdon|atk|1\n|switch|p2a: Lucario|Lucario, L84, M|198/255\n|\n|upkeep\n|turn|8\n|\n|t:|1781454827\n|move|p2a: Lucario|Nasty Plot|p2a: Lucario\n|-boost|p2a: Lucario|spa|2\n|move|p1a: Masquerain|U-turn|p2a: Lucario\n|-resisted|p2a: Lucario\n|-damage|p2a: Lucario|183/255\n|\n|t:|1781454829\n|switch|p1a: Raichu|Raichu-Alola, L87, M|231/246|[from] U-turn\n|\n|upkeep\n|turn|9\n|\n|t:|1781454838\n|move|p1a: Raichu|Thunderbolt|p2a: Lucario\n|-damage|p2a: Lucario|6/255\n|move|p2a: Lucario|Flash Cannon|p1a: Raichu\n|-resisted|p1a: Raichu\n|-crit|p1a: Raichu\n|-damage|p1a: Raichu|54/246\n|-damage|p2a: Lucario|0 fnt|[from] item: Life Orb\n|faint|p2a: Lucario\n|\n|upkeep\n|inactive|fart's cologne has 120 seconds left.\n|\n|t:|1781454851\n|switch|p2a: Hippowdon|Hippowdon, L82, F, tera:Steel|234/311\n|-weather|Sandstorm|[from] ability: Sand Stream|[of] p2a: Hippowdon\n|turn|10\n|inactive|pagenfranskane has 120 seconds left.\n|\n|t:|1781454884\n|move|p1a: Raichu|Thunderbolt|p2a: Hippowdon\n|-damage|p2a: Hippowdon|48/311\n|move|p2a: Hippowdon|Stone Edge|p1a: Raichu\n|-damage|p1a: Raichu|0 fnt\n|faint|p1a: Raichu\n|\n|-weather|Sandstorm|[upkeep]\n|-heal|p2a: Hippowdon|67/311|[from] item: Leftovers\n|upkeep\n|inactive|pagenfranskane has 120 seconds left.\n|\n|t:|1781454892\n|switch|p1a: Masquerain|Masquerain, L87, F|264/264\n|-ability|p1a: Masquerain|Intimidate|boost\n|-unboost|p2a: Hippowdon|atk|1\n|turn|11\n|\n|t:|1781454905\n|switch|p2a: Dondozo|Dondozo, L78, F|362/362\n|move|p1a: Masquerain|U-turn|p2a: Dondozo\n|-damage|p2a: Dondozo|313/362\n|\n|t:|1781454911\n|switch|p1a: Gardevoir|Gardevoir, L83, M|249/249|[from] U-turn\n|-ability|p1a: Gardevoir|Unaware|Trace|[from] ability: Trace|[of] p2a: Dondozo\n|\n|-weather|Sandstorm|[upkeep]\n|-damage|p1a: Gardevoir|234/249|[from] Sandstorm\n|-damage|p2a: Dondozo|291/362|[from] Sandstorm\n|-heal|p2a: Dondozo|313/362|[from] item: Leftovers\n|upkeep\n|turn|12\n|\n|t:|1781454924\n|move|p1a: Gardevoir|Moonblast|p2a: Dondozo\n|-damage|p2a: Dondozo|145/362\n|move|p2a: Dondozo|Wave Crash|p1a: Gardevoir\n|-damage|p1a: Gardevoir|99/249\n|-damage|p2a: Dondozo|100/362|[from] Recoil\n|\n|-weather|Sandstorm|[upkeep]\n|-damage|p1a: Gardevoir|84/249|[from] Sandstorm\n|-damage|p2a: Dondozo|78/362|[from] Sandstorm\n|-heal|p2a: Dondozo|100/362|[from] item: Leftovers\n|upkeep\n|turn|13\n|\n|t:|1781454950\n|switch|p2a: Hippowdon|Hippowdon, L82, F, tera:Steel|67/311\n|move|p1a: Gardevoir|Moonblast|p2a: Hippowdon\n|-resisted|p2a: Hippowdon\n|-damage|p2a: Hippowdon|0 fnt\n|faint|p2a: Hippowdon\n|\n|-weather|Sandstorm|[upkeep]\n|-damage|p1a: Gardevoir|69/249|[from] Sandstorm\n|upkeep\n|inactive|fart's cologne has 120 seconds left.\n|\n|t:|1781454967\n|switch|p2a: Pikachu|Pikachu-Hoenn, L93, F|216/216\n|turn|14\n|inactive|fart's cologne has 120 seconds left.\n|\n|t:|1781454974\n|move|p2a: Pikachu|Fake Out|p1a: Gardevoir\n|-damage|p1a: Gardevoir|7/249\n|cant|p1a: Gardevoir|flinch\n|\n|-weather|none\n|upkeep\n|turn|15\n|\n|t:|1781454982\n|move|p1a: Gardevoir|Moonblast|p2a: Pikachu\n|-damage|p2a: Pikachu|45/216\n|move|p2a: Pikachu|Volt Tackle|p1a: Gardevoir\n|-damage|p1a: Gardevoir|0 fnt\n|faint|p1a: Gardevoir\n|-damage|p2a: Pikachu|43/216|[from] Recoil\n|\n|upkeep\n|\n|t:|1781454990\n|switch|p1a: Eternatus|Eternatus, L69|308/308\n|-ability|p1a: Eternatus|Pressure\n|turn|16\n|\n|t:|1781454997\n|switch|p2a: Sandaconda|Sandaconda, L84, M|258/258\n|move|p1a: Eternatus|Dynamax Cannon|p2a: Sandaconda\n|-damage|p2a: Sandaconda|131/258\n|\n|-heal|p2a: Sandaconda|147/258|[from] item: Leftovers\n|upkeep\n|turn|17\n|\n|t:|1781455011\n|move|p1a: Eternatus|Dynamax Cannon|p2a: Sandaconda\n|-damage|p2a: Sandaconda|26/258\n|move|p2a: Sandaconda|Earthquake|p1a: Eternatus\n|-supereffective|p1a: Eternatus\n|-crit|p1a: Eternatus\n|-damage|p1a: Eternatus|0 fnt\n|faint|p1a: Eternatus\n|\n|-heal|p2a: Sandaconda|42/258|[from] item: Leftovers\n|upkeep\n|\n|t:|1781455014\n|switch|p1a: Masquerain|Masquerain, L87, F|264/264\n|-ability|p1a: Masquerain|Intimidate|boost\n|-unboost|p2a: Sandaconda|atk|1\n|turn|18\n|\n|t:|1781455028\n|move|p1a: Masquerain|Sticky Web|p2a: Sandaconda\n|-sidestart|p2: fart's cologne|move: Sticky Web\n|move|p2a: Sandaconda|Stone Edge|p1a: Masquerain|[miss]\n|-miss|p2a: Sandaconda|p1a: Masquerain\n|\n|-heal|p2a: Sandaconda|58/258|[from] item: Leftovers\n|upkeep\n|turn|19\n|\n|t:|1781455038\n|move|p1a: Masquerain|Hurricane|p2a: Sandaconda\n|-damage|p2a: Sandaconda|0 fnt\n|faint|p2a: Sandaconda\n|\n|upkeep\n|\n|t:|1781455057\n|switch|p2a: Hitmonchan|Hitmonchan, L87, M|229/229\n|-activate|p2a: Hitmonchan|move: Sticky Web\n|-unboost|p2a: Hitmonchan|spe|1\n|turn|20\n|\n|t:|1781455068\n|move|p1a: Masquerain|Hurricane|p2a: Hitmonchan|[miss]\n|-miss|p1a: Masquerain|p2a: Hitmonchan\n|move|p2a: Hitmonchan|Rapid Spin|p1a: Masquerain\n|-damage|p1a: Masquerain|212/264\n|-boost|p2a: Hitmonchan|spe|1\n|-sideend|p2: fart's cologne|Sticky Web|[from] move: Rapid Spin|[of] p2a: Hitmonchan\n|\n|upkeep\n|turn|21\n|\n|t:|1781455082\n|move|p1a: Masquerain|U-turn|p2a: Hitmonchan\n|-resisted|p2a: Hitmonchan\n|-damage|p2a: Hitmonchan|198/229\n|\n|t:|1781455085\n|switch|p1a: Klefki|Klefki, L84, M|233/233|[from] U-turn\n|move|p2a: Hitmonchan|Knock Off|p1a: Klefki\n|-resisted|p1a: Klefki\n|-damage|p1a: Klefki|192/233\n|-enditem|p1a: Klefki|Leftovers|[from] move: Knock Off|[of] p2a: Hitmonchan\n|\n|-heal|p2a: Hitmonchan|212/229|[from] item: Leftovers\n|upkeep\n|turn|22\n|\n|t:|1781455096\n|move|p2a: Hitmonchan|Drain Punch|p1a: Klefki\n|-damage|p1a: Klefki|96/233\n|-heal|p2a: Hitmonchan|229/229|[from] drain|[of] p1a: Klefki\n|move|p1a: Klefki|Play Rough|p2a: Hitmonchan\n|-supereffective|p2a: Hitmonchan\n|-damage|p2a: Hitmonchan|55/229\n|\n|-heal|p2a: Hitmonchan|69/229|[from] item: Leftovers\n|upkeep\n|turn|23\n|\n|t:|1781455107\n|move|p1a: Klefki|Thunder Wave|p2a: Hitmonchan\n|-status|p2a: Hitmonchan|par\n|move|p2a: Hitmonchan|Drain Punch|p1a: Klefki\n|-crit|p1a: Klefki\n|-damage|p1a: Klefki|0 fnt\n|-heal|p2a: Hitmonchan|117/229 par|[from] drain|[of] p1a: Klefki\n|faint|p1a: Klefki\n|\n|-heal|p2a: Hitmonchan|131/229 par|[from] item: Leftovers\n|upkeep\n|\n|t:|1781455113\n|switch|p1a: Masquerain|Masquerain, L87, F|212/264\n|-ability|p1a: Masquerain|Intimidate|boost\n|-unboost|p2a: Hitmonchan|atk|1\n|turn|24\n|\n|t:|1781455124\n|move|p1a: Masquerain|Sticky Web|p2a: Hitmonchan\n|-sidestart|p2: fart's cologne|move: Sticky Web\n|move|p2a: Hitmonchan|Knock Off|p1a: Masquerain\n|-crit|p1a: Masquerain\n|-damage|p1a: Masquerain|60/264\n|-enditem|p1a: Masquerain|Heavy-Duty Boots|[from] move: Knock Off|[of] p2a: Hitmonchan\n|\n|-heal|p2a: Hitmonchan|145/229 par|[from] item: Leftovers\n|upkeep\n|turn|25\n|\n|t:|1781455133\n|move|p1a: Masquerain|Hurricane|p2a: Hitmonchan\n|-supereffective|p2a: Hitmonchan\n|-damage|p2a: Hitmonchan|0 fnt\n|faint|p2a: Hitmonchan\n|\n|upkeep\n|\n|t:|1781455138\n|switch|p2a: Pikachu|Pikachu-Hoenn, L93, F|43/216\n|-activate|p2a: Pikachu|move: Sticky Web\n|-unboost|p2a: Pikachu|spe|1\n|turn|26\n|\n|t:|1781455151\n|switch|p1a: Umbreon|Umbreon, L84, M|204/297\n|move|p2a: Pikachu|Fake Out|p1a: Umbreon\n|-damage|p1a: Umbreon|165/297\n|\n|-heal|p1a: Umbreon|183/297|[from] item: Leftovers\n|upkeep\n|turn|27\n|\n|t:|1781455159\n|switch|p2a: Dondozo|Dondozo, L78, F|100/362\n|-activate|p2a: Dondozo|move: Sticky Web\n|-unboost|p2a: Dondozo|spe|1\n|move|p1a: Umbreon|Foul Play|p2a: Dondozo\n|-damage|p2a: Dondozo|16/362\n|\n|-heal|p1a: Umbreon|201/297|[from] item: Leftovers\n|-heal|p2a: Dondozo|38/362|[from] item: Leftovers\n|upkeep\n|turn|28\n|\n|t:|1781455170\n|move|p1a: Umbreon|Foul Play|p2a: Dondozo\n|-damage|p2a: Dondozo|0 fnt\n|faint|p2a: Dondozo\n|\n|-heal|p1a: Umbreon|219/297|[from] item: Leftovers\n|upkeep\n|-message|fart's cologne forfeited.\n|\n|win|pagenfranskane\n", "inputlog": ">version a8376a258c1d4662feba110a92103f3664a72141\n>start {\"formatid\":\"gen9randombattle\",\"seed\":\"sodium,d73e209647598259ee7f485338044064\",\"rated\":\"Rated battle\"}\n>player p1 {\"name\":\"pagenfranskane\",\"avatar\":\"battlegirl\",\"rating\":2037,\"seed\":\"sodium,e1d91ddf8c2e5ed69e567f9f3bea5933\"}\n>player p2 {\"name\":\"fart's cologne\",\"avatar\":\"266\",\"rating\":2033,\"seed\":\"sodium,2a353da6b282eb94ad304f815816c815\"}\n>p1 move thunderwave\n>p2 switch 3\n>p1 switch 2\n>p2 move earthquake\n>p1 move foulplay\n>p2 switch 3\n>p1 switch 5\n>p2 move nastyplot\n>p1 move psychic\n>p2 switch 3\n>p1 move psychic\n>p2 move slackoff terastallize\n>p1 switch 4\n>p2 switch 3\n>p1 move uturn\n>p2 move nastyplot\n>p1 switch 4\n>p1 move thunderbolt\n>p2 move flashcannon\n>p2 switch 3\n>p1 move thunderbolt\n>p2 move stoneedge\n>p1 switch 4\n>p1 move uturn\n>p2 switch 6\n>p1 switch 3\n>p1 move moonblast\n>p2 move wavecrash\n>p1 move moonblast\n>p2 switch 6\n>p2 switch 2\n>p1 move moonblast\n>p2 move fakeout\n>p1 move moonblast\n>p2 move volttackle\n>p1 switch 6\n>p1 move dynamaxcannon\n>p2 switch 4\n>p1 move dynamaxcannon\n>p2 move earthquake\n>p1 switch 3\n>p1 move stickyweb\n>p2 move stoneedge\n>p1 move hurricane\n>p2 move rest\n>p2 switch 5\n>p1 move hurricane\n>p2 move rapidspin\n>p1 move uturn\n>p2 move knockoff\n>p1 switch 2\n>p1 move playrough\n>p2 move drainpunch\n>p1 move thunderwave\n>p2 move drainpunch\n>p1 switch 2\n>p1 move stickyweb\n>p2 move knockoff\n>p1 move hurricane\n>p2 move rapidspin\n>p2 switch 4\n>p1 switch 5\n>p2 move fakeout\n>p1 move foulplay\n>p2 switch 6\n>p1 move foulplay\n>p2 move rest\n>forcelose p2", "uploadtime": 1781454672, "views": 4, "formatid": "gen9randombattle", "rating": null, "private": 0, "password": null}