{"id": "gen9randombattle-2631460581", "format": "[Gen 9] Random Battle", "players": ["marper8", "Tutudile"], "log": "|j|\u2606marper8\n|j|\u2606Tutudile\n|t:|1781387445\n|gametype|singles\n|player|p1|marper8|265|2195\n|player|p2|Tutudile|red|2140\n|gen|9\n|tier|[Gen 9] Random Battle\n|rated|\n|rule|Species Clause: Limit one of each Pok\u00e9mon\n|rule|HP Percentage Mod: HP is shown in percentages\n|rule|Sleep Clause Mod: Limit one foe put to sleep\n|rule|Illusion Level Mod: Illusion disguises the Pok\u00e9mon's true level\n|\n|t:|1781387445\n|teamsize|p1|6\n|teamsize|p2|6\n|start\n|switch|p1a: Veluza|Veluza, L85, F|292/292\n|switch|p2a: Volcarona|Volcarona, L77, F|257/257\n|turn|1\n|inactive|Battle timer is ON: inactive players will automatically lose when time's up. (requested by Tutudile)\n|\n|t:|1781387464\n|move|p1a: Veluza|Aqua Cutter|p2a: Volcarona\n|-supereffective|p2a: Volcarona\n|-damage|p2a: Volcarona|0 fnt\n|faint|p2a: Volcarona\n|\n|upkeep\n|\n|t:|1781387474\n|switch|p2a: Hydreigon|Hydreigon, L79, F|275/275\n|turn|2\n|\n|t:|1781387479\n|switch|p1a: Skuntank|Skuntank, L84, F|310/310\n|move|p2a: Hydreigon|Draco Meteor|p1a: Skuntank|[miss]\n|-miss|p2a: Hydreigon|p1a: Skuntank\n|\n|upkeep\n|turn|3\n|\n|t:|1781387485\n|move|p2a: Hydreigon|Draco Meteor|p1a: Skuntank\n|-damage|p1a: Skuntank|36/310\n|-unboost|p2a: Hydreigon|spa|2\n|move|p1a: Skuntank|Gunk Shot|p2a: Hydreigon|[miss]\n|-miss|p1a: Skuntank|p2a: Hydreigon\n|\n|upkeep\n|turn|4\n|\n|t:|1781387493\n|move|p2a: Hydreigon|Draco Meteor|p1a: Skuntank\n|-damage|p1a: Skuntank|0 fnt\n|-unboost|p2a: Hydreigon|spa|2\n|faint|p1a: Skuntank\n|\n|upkeep\n|\n|t:|1781387495\n|switch|p1a: Beartic|Beartic, L91, M|321/321\n|turn|5\n|\n|t:|1781387505\n|switch|p2a: Grafaiai|Grafaiai, L86, F|249/249\n|move|p1a: Beartic|Swords Dance|p1a: Beartic\n|-boost|p1a: Beartic|atk|2\n|\n|upkeep\n|turn|6\n|\n|t:|1781387514\n|move|p2a: Grafaiai|Low Kick|p1a: Beartic\n|-supereffective|p1a: Beartic\n|-damage|p1a: Beartic|113/321\n|-status|p1a: Beartic|psn|[from] ability: Poison Touch|[of] p2a: Grafaiai\n|-damage|p2a: Grafaiai|225/249|[from] item: Life Orb\n|move|p1a: Beartic|Swords Dance|p1a: Beartic\n|-boost|p1a: Beartic|atk|2\n|\n|-damage|p1a: Beartic|73/321 psn|[from] psn\n|upkeep\n|turn|7\n|\n|t:|1781387525\n|move|p2a: Grafaiai|Low Kick|p1a: Beartic\n|-supereffective|p1a: Beartic\n|-damage|p1a: Beartic|0 fnt\n|faint|p1a: Beartic\n|-damage|p2a: Grafaiai|201/249|[from] item: Life Orb\n|\n|upkeep\n|\n|t:|1781387529\n|switch|p1a: Terrakion|Terrakion, L79|273/273\n|turn|8\n|\n|t:|1781387535\n|move|p2a: Grafaiai|Low Kick|p1a: Terrakion\n|-supereffective|p1a: Terrakion\n|-damage|p1a: Terrakion|36/273\n|-damage|p2a: Grafaiai|177/249|[from] item: Life Orb\n|move|p1a: Terrakion|Close Combat|p2a: Grafaiai\n|-damage|p2a: Grafaiai|0 fnt\n|-unboost|p1a: Terrakion|def|1\n|-unboost|p1a: Terrakion|spd|1\n|faint|p2a: Grafaiai\n|\n|upkeep\n|\n|t:|1781387556\n|switch|p2a: Azelf|Azelf, L82|257/257\n|turn|9\n|\n|t:|1781387563\n|move|p2a: Azelf|Psychic|p1a: Terrakion\n|-supereffective|p1a: Terrakion\n|-damage|p1a: Terrakion|0 fnt\n|faint|p1a: Terrakion\n|-damage|p2a: Azelf|232/257|[from] item: Life Orb\n|\n|upkeep\n|\n|t:|1781387568\n|switch|p1a: Veluza|Veluza, L85, F|292/292\n|turn|10\n|inactive|Tutudile has 120 seconds left.\n|\n|t:|1781387604\n|move|p1a: Veluza|Night Slash|p2a: Azelf\n|-supereffective|p2a: Azelf\n|-crit|p2a: Azelf\n|-damage|p2a: Azelf|0 fnt\n|faint|p2a: Azelf\n|\n|upkeep\n|\n|t:|1781387610\n|switch|p2a: Hydreigon|Hydreigon, L79, F|275/275\n|turn|11\n|\n|t:|1781387613\n|switch|p1a: Swanna|Swanna, L89, M|278/278\n|move|p2a: Hydreigon|Dark Pulse|p1a: Swanna\n|-damage|p1a: Swanna|112/278\n|\n|upkeep\n|turn|12\n|inactive|Tutudile has 120 seconds left.\n|l|\u2606Tutudile\n|inactive|Tutudile disconnected and has a minute to reconnect!\n|player|p2|\n|inactive|Tutudile has 30 seconds to reconnect!\n|inactive|Tutudile has 20 seconds to reconnect!\n|inactive|Tutudile has 15 seconds to reconnect!\n|j|\u2606Tutudile\n|inactive|Tutudile reconnected and has 75 seconds left.\n|player|p2|Tutudile|red|\n|\n|t:|1781387686\n|move|p1a: Swanna|Brave Bird|p2a: Hydreigon\n|-damage|p2a: Hydreigon|139/275\n|-damage|p1a: Swanna|67/278|[from] Recoil\n|move|p2a: Hydreigon|Dark Pulse|p1a: Swanna\n|-damage|p1a: Swanna|0 fnt\n|faint|p1a: Swanna\n|\n|upkeep\n|\n|t:|1781387688\n|switch|p1a: Pikachu|Pikachu-World, L93, M|216/216\n|turn|13\n|\n|t:|1781387697\n|switch|p2a: Quagsire|Quagsire, L84, F|297/297\n|move|p1a: Pikachu|Fake Out|p2a: Quagsire\n|-damage|p2a: Quagsire|253/297\n|\n|-heal|p2a: Quagsire|271/297|[from] item: Leftovers\n|upkeep\n|turn|14\n|\n|t:|1781387709\n|-terastallize|p1a: Pikachu|Water\n|move|p1a: Pikachu|Surf|p2a: Quagsire\n|-damage|p2a: Quagsire|79/297\n|move|p2a: Quagsire|Earthquake|p1a: Pikachu\n|-damage|p1a: Pikachu|59/216\n|\n|-heal|p2a: Quagsire|97/297|[from] item: Leftovers\n|upkeep\n|turn|15\n|\n|t:|1781387722\n|move|p1a: Pikachu|Surf|p2a: Quagsire\n|-damage|p2a: Quagsire|0 fnt\n|faint|p2a: Quagsire\n|\n|upkeep\n|\n|t:|1781387727\n|switch|p2a: Latias|Latias, L79, F|256/256\n|turn|16\n|\n|t:|1781387734\n|-terastallize|p2a: Latias|Steel\n|move|p1a: Pikachu|Volt Tackle|p2a: Latias\n|-damage|p2a: Latias|42/256\n|-damage|p1a: Pikachu|0 fnt|[from] Recoil\n|faint|p1a: Pikachu\n|move|p2a: Latias|Psyshock|p1: Pikachu|[notarget]\n|-fail|p2a: Latias\n|\n|upkeep\n|\n|t:|1781387738\n|switch|p1a: Veluza|Veluza, L85, F|292/292\n|turn|17\n|\n|t:|1781387745\n|move|p1a: Veluza|Aqua Cutter|p2a: Latias\n|-damage|p2a: Latias|0 fnt\n|faint|p2a: Latias\n|\n|upkeep\n|\n|t:|1781387750\n|switch|p2a: Hydreigon|Hydreigon, L79, F|139/275\n|turn|18\n|\n|t:|1781387753\n|move|p1a: Veluza|Aqua Cutter|p2a: Hydreigon\n|-resisted|p2a: Hydreigon\n|-damage|p2a: Hydreigon|75/275\n|move|p2a: Hydreigon|Dark Pulse|p1a: Veluza\n|-supereffective|p1a: Veluza\n|-damage|p1a: Veluza|0 fnt\n|faint|p1a: Veluza\n|\n|win|Tutudile\n", "inputlog": ">version a8376a258c1d4662feba110a92103f3664a72141\n>start {\"formatid\":\"gen9randombattle\",\"seed\":\"sodium,213ee753937591edc2b0f9185e1593be\",\"rated\":\"Rated battle\"}\n>player p1 {\"name\":\"marper8\",\"avatar\":\"265\",\"rating\":2195,\"seed\":\"sodium,fa7f34739c3ca6e82aaedac595a56ee9\"}\n>player p2 {\"name\":\"Tutudile\",\"avatar\":\"red\",\"rating\":2140,\"seed\":\"sodium,a575e60b366d6949bc09ccb5280e412c\"}\n>p1 move aquacutter\n>p2 move bugbuzz\n>p2 switch 3\n>p1 switch 2\n>p2 move dracometeor\n>p1 move gunkshot\n>p2 move dracometeor\n>p1 move knockoff\n>p2 move dracometeor\n>p1 switch 5\n>p1 move swordsdance\n>p2 switch 6\n>p1 move swordsdance\n>p2 move lowkick\n>p1 move iciclecrash\n>p2 move lowkick\n>p1 switch 6\n>p1 move closecombat\n>p2 move lowkick\n>p2 switch 5\n>p1 move closecombat\n>p2 move psychic\n>p1 switch 2\n>p1 move nightslash\n>p2 move dazzlinggleam\n>p2 switch 6\n>p1 switch 3\n>p2 move darkpulse\n>p1 move bravebird\n>p2 move darkpulse\n>p1 switch 4\n>p1 move fakeout\n>p2 switch 2\n>p1 move surf terastallize\n>p2 move earthquake\n>p1 move surf\n>p2 move earthquake\n>p2 switch 4\n>p1 move volttackle\n>p2 move psyshock terastallize\n>p1 switch 3\n>p1 move aquacutter\n>p2 move dracometeor\n>p2 switch 2\n>p1 move aquacutter\n>p2 move darkpulse", "uploadtime": 1781387447, "views": 6, "formatid": "gen9randombattle", "rating": null, "private": 0, "password": null}