{"id": "gen9randombattle-2631596699", "format": "[Gen 9] Random Battle", "players": ["Meowerdoom", "euphoricpoptarts"], "log": "|j|\u2606Meowerdoom\n|j|\u2606euphoricpoptarts\n|t:|1781406401\n|gametype|singles\n|player|p1|Meowerdoom|burgh|2139\n|player|p2|euphoricpoptarts|unknown|2113\n|gen|9\n|tier|[Gen 9] Random Battle\n|rated|\n|rule|Species Clause: Limit one of each Pok\u00e9mon\n|rule|HP Percentage Mod: HP is shown in percentages\n|rule|Sleep Clause Mod: Limit one foe put to sleep\n|rule|Illusion Level Mod: Illusion disguises the Pok\u00e9mon's true level\n|\n|t:|1781406401\n|teamsize|p1|6\n|teamsize|p2|6\n|start\n|switch|p1a: Greedent|Greedent, L86, M|347/347\n|switch|p2a: Ambipom|Ambipom, L84, M|263/263\n|turn|1\n|inactive|Battle timer is ON: inactive players will automatically lose when time's up. (requested by euphoricpoptarts)\n|\n|t:|1781406414\n|switch|p1a: Garchomp|Garchomp, L74, M|282/282\n|move|p2a: Ambipom|Fake Out|p1a: Garchomp\n|-damage|p1a: Garchomp|203/282\n|-damage|p2a: Ambipom|231/263|[from] ability: Rough Skin|[of] p1a: Garchomp\n|-damage|p2a: Ambipom|188/263|[from] item: Rocky Helmet|[of] p1a: Garchomp\n|\n|upkeep\n|turn|2\n|\n|t:|1781406432\n|switch|p2a: Cramorant|Cramorant, L86, M|261/261\n|move|p1a: Garchomp|Stealth Rock|p2a: Cramorant\n|-sidestart|p2: euphoricpoptarts|move: Stealth Rock\n|\n|upkeep\n|turn|3\n|inactive|Meowerdoom has 120 seconds left.\n|\n|t:|1781406481\n|switch|p1a: Gumshoos|Gumshoos, L95, M|321/321\n|move|p2a: Cramorant|Surf|p1a: Gumshoos\n|-formechange|p2a: Cramorant|Cramorant-Gulping|\n|-damage|p1a: Gumshoos|212/321\n|\n|upkeep\n|turn|4\n|\n|t:|1781406490\n|move|p2a: Cramorant|Defog|p1a: Gumshoos\n|-unboost|p1a: Gumshoos|evasion|1\n|-sideend|p2: euphoricpoptarts|Stealth Rock|[from] move: Defog|[of] p2a: Cramorant\n|move|p1a: Gumshoos|Double-Edge|p2a: Cramorant\n|-damage|p2a: Cramorant|0 fnt\n|-damage|p1a: Gumshoos|132/321|[from] ability: Gulp Missile|[of] p2a: Cramorant\n|-unboost|p1a: Gumshoos|def|1\n|-formechange|p2a: Cramorant|Cramorant|\n|faint|p2a: Cramorant\n|-damage|p1a: Gumshoos|46/321|[from] Recoil\n|\n|upkeep\n|\n|t:|1781406499\n|switch|p2a: Ambipom|Ambipom, L84, M|188/263\n|turn|5\n|\n|t:|1781406501\n|move|p2a: Ambipom|Knock Off|p1a: Gumshoos\n|-damage|p1a: Gumshoos|0 fnt\n|-enditem|p1a: Gumshoos|Choice Band|[from] move: Knock Off|[of] p2a: Ambipom\n|faint|p1a: Gumshoos\n|\n|upkeep\n|\n|t:|1781406503\n|switch|p1a: Garchomp|Garchomp, L74, M|203/282\n|turn|6\n|\n|t:|1781406513\n|-terastallize|p2a: Ambipom|Normal\n|move|p2a: Ambipom|Double-Edge|p1a: Garchomp\n|-damage|p1a: Garchomp|0 fnt\n|-damage|p2a: Ambipom|156/263|[from] ability: Rough Skin|[of] p1a: Garchomp\n|-damage|p2a: Ambipom|113/263|[from] item: Rocky Helmet|[of] p1a: Garchomp\n|faint|p1a: Garchomp\n|-damage|p2a: Ambipom|46/263|[from] Recoil\n|\n|upkeep\n|\n|t:|1781406521\n|switch|p1a: Greedent|Greedent, L86, M|347/347\n|turn|7\n|\n|t:|1781406529\n|move|p2a: Ambipom|U-turn|p1a: Greedent\n|-damage|p1a: Greedent|301/347\n|\n|t:|1781406531\n|switch|p2a: Hitmonlee|Hitmonlee, L85, M|224/224|[from] U-turn\n|move|p1a: Greedent|Swords Dance|p1a: Greedent\n|-boost|p1a: Greedent|atk|2\n|\n|upkeep\n|turn|8\n|\n|t:|1781406542\n|-terastallize|p1a: Greedent|Ghost\n|move|p2a: Hitmonlee|Knock Off|p1a: Greedent\n|-supereffective|p1a: Greedent\n|-damage|p1a: Greedent|145/347\n|-enditem|p1a: Greedent|Sitrus Berry|[from] move: Knock Off|[of] p2a: Hitmonlee\n|move|p1a: Greedent|Body Slam|p2a: Hitmonlee\n|-damage|p2a: Hitmonlee|0 fnt\n|faint|p2a: Hitmonlee\n|\n|upkeep\n|\n|t:|1781406555\n|switch|p2a: Cinderace|Cinderace, L77, F|249/249\n|turn|9\n|\n|t:|1781406561\n|move|p2a: Cinderace|Pyro Ball|p1a: Greedent\n|-damage|p1a: Greedent|0 fnt\n|faint|p1a: Greedent\n|\n|upkeep\n|\n|t:|1781406571\n|switch|p1a: Flamigo|Flamigo, L82, M|269/269\n|turn|10\n|\n|t:|1781406577\n|move|p2a: Cinderace|Pyro Ball|p1a: Flamigo\n|-damage|p1a: Flamigo|46/269\n|move|p1a: Flamigo|Brave Bird|p2a: Cinderace\n|-damage|p2a: Cinderace|38/249\n|-damage|p1a: Flamigo|0 fnt|[from] Recoil\n|faint|p1a: Flamigo\n|\n|upkeep\n|inactive|Meowerdoom has 120 seconds left.\n|\n|t:|1781406610\n|switch|p1a: Dusknoir|Dusknoir, L89, M|225/225\n|-item|p2a: Cinderace|Choice Band|[from] ability: Frisk|[of] p1a: Dusknoir\n|turn|11\n|\n|t:|1781406615\n|move|p1a: Dusknoir|Shadow Sneak|p2a: Cinderace\n|-damage|p2a: Cinderace|0 fnt\n|faint|p2a: Cinderace\n|\n|upkeep\n|\n|t:|1781406620\n|switch|p2a: Ambipom|Ambipom, L84, M, tera:Normal|46/263\n|turn|12\n|\n|t:|1781406627\n|move|p2a: Ambipom|Knock Off|p1a: Dusknoir\n|-supereffective|p1a: Dusknoir\n|-damage|p1a: Dusknoir|123/225\n|-enditem|p1a: Dusknoir|Leftovers|[from] move: Knock Off|[of] p2a: Ambipom\n|move|p1a: Dusknoir|Earthquake|p2a: Ambipom\n|-damage|p2a: Ambipom|0 fnt\n|faint|p2a: Ambipom\n|\n|upkeep\n|\n|t:|1781406641\n|switch|p2a: Volcarona|Volcarona, L77, M|257/257\n|turn|13\n|\n|t:|1781406649\n|move|p2a: Volcarona|Fiery Dance|p1a: Dusknoir\n|-damage|p1a: Dusknoir|60/225\n|-boost|p2a: Volcarona|spa|1\n|move|p1a: Dusknoir|Poltergeist|p2a: Volcarona\n|-activate|p2a: Volcarona|move: Poltergeist|Heavy-Duty Boots\n|-damage|p2a: Volcarona|88/257\n|\n|upkeep\n|turn|14\n|\n|t:|1781406658\n|move|p1a: Dusknoir|Shadow Sneak|p2a: Volcarona\n|-damage|p2a: Volcarona|24/257\n|-status|p1a: Dusknoir|brn|[from] ability: Flame Body|[of] p2a: Volcarona\n|move|p2a: Volcarona|Fiery Dance|p1a: Dusknoir\n|-damage|p1a: Dusknoir|0 fnt\n|-boost|p2a: Volcarona|spa|1\n|faint|p1a: Dusknoir\n|\n|upkeep\n|\n|t:|1781406659\n|switch|p1a: Sneasler|Sneasler, L74, M|240/240\n|turn|15\n|\n|t:|1781406663\n|move|p1a: Sneasler|Dire Claw|p2a: Volcarona\n|-damage|p2a: Volcarona|0 fnt\n|faint|p2a: Volcarona\n|\n|upkeep\n|\n|t:|1781406665\n|switch|p2a: Dugtrio|Dugtrio, L84, M|196/196\n|turn|16\n|\n|t:|1781406668\n|move|p2a: Dugtrio|Earthquake|p1a: Sneasler\n|-supereffective|p1a: Sneasler\n|-damage|p1a: Sneasler|0 fnt\n|faint|p1a: Sneasler\n|-damage|p2a: Dugtrio|177/196|[from] item: Life Orb\n|\n|win|euphoricpoptarts\n", "inputlog": ">version a8376a258c1d4662feba110a92103f3664a72141\n>start {\"formatid\":\"gen9randombattle\",\"seed\":\"sodium,031b687f5facb3185ba0f05911d18ebc\",\"rated\":\"Rated battle\"}\n>player p1 {\"name\":\"Meowerdoom\",\"avatar\":\"burgh\",\"rating\":2139,\"seed\":\"sodium,aa5e9cb70e7ce09cdba6d552ca54acda\"}\n>player p2 {\"name\":\"euphoricpoptarts\",\"avatar\":\"unknown\",\"rating\":2113,\"seed\":\"sodium,f2e098edef9bc46fb55da112d33827d1\"}\n>p1 switch 2\n>p2 move fakeout\n>p1 move stealthrock\n>p2 switch 2\n>p1 switch 5\n>p2 move surf\n>p1 move doubleedge\n>p2 move defog\n>p2 switch 2\n>p1 move doubleedge\n>p2 move knockoff\n>p1 switch 5\n>p1 move stealthrock\n>p2 move doubleedge terastallize\n>p1 switch 2\n>p1 move swordsdance\n>p2 move uturn\n>p2 switch 5\n>p1 move bodyslam terastallize\n>p2 move knockoff\n>p2 switch 6\n>p1 move earthquake\n>p2 move pyroball\n>p1 switch 6\n>p1 move bravebird\n>p2 move pyroball\n>p1 switch 4\n>p1 move shadowsneak\n>p2 move pyroball\n>p2 switch 5\n>p1 move earthquake\n>p2 move knockoff\n>p2 switch 4\n>p1 move poltergeist\n>p2 move fierydance\n>p1 move shadowsneak\n>p2 move fierydance\n>p1 switch 3\n>p1 move direclaw\n>p2 move fierydance\n>p2 switch 3\n>p1 move direclaw\n>p2 move earthquake", "uploadtime": 1781406403, "views": 7, "formatid": "gen9randombattle", "rating": null, "private": 0, "password": null}