{"id": "gen9randombattle-2631533468", "format": "[Gen 9] Random Battle", "players": ["ollies724", "Petilil37"], "log": "|j|\u2606ollies724\n|j|\u203dPetilil37\n|t:|1781397680\n|gametype|singles\n|player|p1|ollies724|266|1980\n|player|p2|Petilil37|266|2003\n|gen|9\n|tier|[Gen 9] Random Battle\n|rated|\n|rule|Species Clause: Limit one of each Pok\u00e9mon\n|rule|HP Percentage Mod: HP is shown in percentages\n|rule|Sleep Clause Mod: Limit one foe put to sleep\n|rule|Illusion Level Mod: Illusion disguises the Pok\u00e9mon's true level\n|\n|t:|1781397680\n|teamsize|p1|6\n|teamsize|p2|6\n|start\n|switch|p1a: Venusaur|Venusaur, L84, M|272/272\n|switch|p2a: Azelf|Azelf, L82|257/257\n|turn|1\n|\n|t:|1781397719\n|switch|p1a: Comfey|Comfey, L85, M|225/225\n|move|p2a: Azelf|U-turn|p1a: Comfey\n|-resisted|p1a: Comfey\n|-damage|p1a: Comfey|196/225\n|\n|t:|1781397725\n|switch|p2a: Hippowdon|Hippowdon, L82, M|311/311|[from] U-turn\n|-weather|Sandstorm|[from] ability: Sand Stream|[of] p2a: Hippowdon\n|\n|-weather|Sandstorm|[upkeep]\n|-damage|p1a: Comfey|182/225|[from] Sandstorm\n|-heal|p1a: Comfey|196/225|[from] item: Leftovers\n|upkeep\n|turn|2\n|\n|t:|1781397731\n|move|p1a: Comfey|Calm Mind|p1a: Comfey\n|-boost|p1a: Comfey|spa|1\n|-boost|p1a: Comfey|spd|1\n|move|p2a: Hippowdon|Stealth Rock|p1a: Comfey\n|-sidestart|p1: ollies724|move: Stealth Rock\n|\n|-weather|Sandstorm|[upkeep]\n|-damage|p1a: Comfey|182/225|[from] Sandstorm\n|-heal|p1a: Comfey|196/225|[from] item: Leftovers\n|upkeep\n|turn|3\n|\n|t:|1781397744\n|switch|p2a: Arcanine|Arcanine, L84, M|288/288\n|-ability|p2a: Arcanine|Intimidate|boost\n|-unboost|p1a: Comfey|atk|1\n|move|p1a: Comfey|Calm Mind|p1a: Comfey\n|-boost|p1a: Comfey|spa|1\n|-boost|p1a: Comfey|spd|1\n|\n|-weather|Sandstorm|[upkeep]\n|-damage|p1a: Comfey|182/225|[from] Sandstorm\n|-damage|p2a: Arcanine|270/288|[from] Sandstorm\n|-heal|p1a: Comfey|196/225|[from] item: Leftovers\n|upkeep\n|turn|4\n|\n|t:|1781397760\n|move|p1a: Comfey|Stored Power|p2a: Arcanine\n|-damage|p2a: Arcanine|136/288\n|move|p2a: Arcanine|Roar|p1a: Comfey\n|drag|p1a: Minun|Minun, L95, F|268/268\n|-damage|p1a: Minun|235/268|[from] Stealth Rock\n|\n|-weather|Sandstorm|[upkeep]\n|-damage|p1a: Minun|219/268|[from] Sandstorm\n|-damage|p2a: Arcanine|118/288|[from] Sandstorm\n|upkeep\n|turn|5\n|\n|t:|1781397772\n|switch|p2a: Dugtrio|Dugtrio-Alola, L84, F|196/196\n|move|p1a: Minun|Thunderbolt|p2a: Dugtrio\n|-immune|p2a: Dugtrio\n|\n|-weather|none\n|upkeep\n|turn|6\n|\n|t:|1781397779\n|switch|p1a: Donphan|Donphan, L84, F|288/288\n|-damage|p1a: Donphan|270/288|[from] Stealth Rock\n|move|p2a: Dugtrio|Swords Dance|p2a: Dugtrio\n|-boost|p2a: Dugtrio|atk|2\n|\n|-heal|p1a: Donphan|288/288|[from] item: Leftovers\n|upkeep\n|turn|7\n|\n|t:|1781397786\n|move|p2a: Dugtrio|Iron Head|p1a: Donphan\n|-damage|p1a: Donphan|109/288\n|-damage|p2a: Dugtrio|177/196|[from] item: Life Orb\n|cant|p1a: Donphan|flinch\n|\n|-heal|p1a: Donphan|127/288|[from] item: Leftovers\n|upkeep\n|turn|8\n|c|\u2606ollies724|damn\n|\n|t:|1781397811\n|move|p2a: Dugtrio|Earthquake|p1a: Donphan\n|-damage|p1a: Donphan|0 fnt\n|faint|p1a: Donphan\n|-damage|p2a: Dugtrio|158/196|[from] item: Life Orb\n|\n|upkeep\n|\n|t:|1781397815\n|switch|p1a: Barraskewda|Barraskewda, L81, M|231/231\n|-damage|p1a: Barraskewda|203/231|[from] Stealth Rock\n|turn|9\n|\n|t:|1781397818\n|switch|p2a: Whimsicott|Whimsicott, L84, M|238/238\n|move|p1a: Barraskewda|Waterfall|p2a: Whimsicott\n|-resisted|p2a: Whimsicott\n|-damage|p2a: Whimsicott|163/238\n|\n|upkeep\n|turn|10\n|\n|t:|1781397823\n|switch|p1a: Venusaur|Venusaur, L84, M|272/272\n|-damage|p1a: Venusaur|238/272|[from] Stealth Rock\n|move|p2a: Whimsicott|U-turn|p1a: Venusaur\n|-crit|p1a: Venusaur\n|-damage|p1a: Venusaur|177/272\n|\n|t:|1781397826\n|switch|p2a: Azelf|Azelf, L82|257/257|[from] U-turn\n|\n|-heal|p1a: Venusaur|194/272|[from] item: Leftovers\n|upkeep\n|turn|11\n|\n|t:|1781397845\n|-terastallize|p1a: Venusaur|Steel\n|move|p2a: Azelf|Psychic|p1a: Venusaur\n|-resisted|p1a: Venusaur\n|-damage|p1a: Venusaur|113/272\n|move|p1a: Venusaur|Sleep Powder|p2a: Azelf\n|-status|p2a: Azelf|slp|[from] move: Sleep Powder\n|\n|-heal|p1a: Venusaur|130/272|[from] item: Leftovers\n|upkeep\n|turn|12\n|\n|t:|1781397871\n|cant|p2a: Azelf|slp\n|move|p1a: Venusaur|Earth Power|p2a: Azelf\n|-immune|p2a: Azelf|[from] ability: Levitate\n|\n|-heal|p1a: Venusaur|147/272|[from] item: Leftovers\n|upkeep\n|turn|13\n|\n|t:|1781397877\n|switch|p2a: Dugtrio|Dugtrio-Alola, L84, F|158/196\n|move|p1a: Venusaur|Synthesis|p1a: Venusaur\n|-heal|p1a: Venusaur|272/272\n|\n|upkeep\n|turn|14\n|\n|t:|1781397883\n|move|p2a: Dugtrio|Earthquake|p1a: Venusaur\n|-supereffective|p1a: Venusaur\n|-damage|p1a: Venusaur|0 fnt\n|faint|p1a: Venusaur\n|-damage|p2a: Dugtrio|139/196|[from] item: Life Orb\n|\n|upkeep\n|-message|ollies724 forfeited.\n|\n|win|Petilil37\n", "inputlog": ">version a8376a258c1d4662feba110a92103f3664a72141\n>start {\"formatid\":\"gen9randombattle\",\"seed\":\"sodium,8f39a40cc64763ef67e0ebad965aa126\",\"rated\":\"Rated battle\"}\n>player p1 {\"name\":\"ollies724\",\"avatar\":\"266\",\"rating\":1980,\"seed\":\"sodium,e0ef11469a4f505c94c6a74ceb4f618e\"}\n>player p2 {\"name\":\"Petilil37\",\"avatar\":\"266\",\"rating\":2003,\"seed\":\"sodium,983016a52d3e0bbb3e7cbd3099cd2222\"}\n>p1 switch 2\n>p2 move uturn\n>p2 switch 2\n>p1 move calmmind\n>p2 move stealthrock\n>p1 move calmmind\n>p2 switch 6\n>p1 move storedpower\n>p2 move roar\n>p1 move thunderbolt\n>p2 switch 5\n>p1 switch 6\n>p2 move swordsdance\n>p1 move earthquake\n>p2 move ironhead\n>chat \u2606ollies724|damn\n>p1 move stealthrock\n>p2 move earthquake\n>p1 switch 3\n>p1 move waterfall\n>p2 switch 4\n>p1 switch 2\n>p2 move uturn\n>p2 switch 2\n>p1 move sleeppowder terastallize\n>p2 move psychic\n>p1 move earthpower\n>p2 move psychic\n>p1 move synthesis\n>p2 switch 4\n>p1 move earthpower\n>p2 move earthquake\n>forcelose p1", "uploadtime": 1781397682, "views": 4, "formatid": "gen9randombattle", "rating": null, "private": 0, "password": null}