{"id": "gen9randombattle-2631934097", "format": "[Gen 9] Random Battle", "players": ["Gotayuga", "Ziggiii"], "log": "|j|\u2606Gotayuga\n|j|\u2606Ziggiii\n|t:|1781457265\n|gametype|singles\n|player|p1|Gotayuga|ninjaboy|1245\n|player|p2|Ziggiii|bugcatcher-gen4dp|1263\n|gen|9\n|tier|[Gen 9] Random Battle\n|rated|\n|rule|Species Clause: Limit one of each Pok\u00e9mon\n|rule|HP Percentage Mod: HP is shown in percentages\n|rule|Sleep Clause Mod: Limit one foe put to sleep\n|rule|Illusion Level Mod: Illusion disguises the Pok\u00e9mon's true level\n|\n|t:|1781457265\n|teamsize|p1|6\n|teamsize|p2|6\n|start\n|switch|p1a: Urshifu|Urshifu, L74, F|270/270\n|switch|p2a: Torkoal|Torkoal, L88, F|266/266\n|-weather|SunnyDay|[from] ability: Drought|[of] p2a: Torkoal\n|turn|1\n|\n|t:|1781457290\n|move|p1a: Urshifu|Wicked Blow|p2a: Torkoal\n|-crit|p2a: Torkoal\n|-damage|p2a: Torkoal|145/266\n|move|p2a: Torkoal|Fire Blast|p1a: Urshifu\n|-damage|p1a: Urshifu|15/270\n|\n|-weather|SunnyDay|[upkeep]\n|upkeep\n|turn|2\n|\n|t:|1781457304\n|move|p1a: Urshifu|Wicked Blow|p2a: Torkoal\n|-crit|p2a: Torkoal\n|-damage|p2a: Torkoal|36/266\n|move|p2a: Torkoal|Stealth Rock|p1a: Urshifu\n|-sidestart|p1: Gotayuga|move: Stealth Rock\n|\n|-weather|SunnyDay|[upkeep]\n|upkeep\n|turn|3\n|\n|t:|1781457309\n|move|p1a: Urshifu|Wicked Blow|p2a: Torkoal\n|-crit|p2a: Torkoal\n|-damage|p2a: Torkoal|0 fnt\n|faint|p2a: Torkoal\n|\n|-weather|SunnyDay|[upkeep]\n|upkeep\n|\n|t:|1781457313\n|switch|p2a: Whimsicott|Whimsicott, L84, F|238/238\n|turn|4\n|\n|t:|1781457322\n|switch|p1a: Qwilfish|Qwilfish-Hisui, L83, M|244/244\n|-damage|p1a: Qwilfish|214/244|[from] Stealth Rock\n|-ability|p1a: Qwilfish|Intimidate|boost\n|-unboost|p2a: Whimsicott|atk|1\n|move|p2a: Whimsicott|Moonblast|p1a: Qwilfish\n|-damage|p1a: Qwilfish|135/244\n|-unboost|p1a: Qwilfish|spa|1\n|\n|-weather|SunnyDay|[upkeep]\n|upkeep\n|turn|5\n|\n|t:|1781457341\n|switch|p2a: Ampharos|Ampharos, L88, M|302/302\n|move|p1a: Qwilfish|Gunk Shot|p2a: Ampharos\n|-damage|p2a: Ampharos|176/302\n|-status|p2a: Ampharos|psn\n|\n|-weather|none\n|-damage|p2a: Ampharos|139/302 psn|[from] psn\n|upkeep\n|turn|6\n|\n|t:|1781457350\n|move|p1a: Qwilfish|Toxic Spikes|p2a: Ampharos\n|-sidestart|p2: Ziggiii|move: Toxic Spikes\n|move|p2a: Ampharos|Thunderbolt|p1a: Qwilfish\n|-damage|p1a: Qwilfish|26/244\n|\n|-damage|p2a: Ampharos|102/302 psn|[from] psn\n|upkeep\n|turn|7\n|\n|t:|1781457359\n|move|p1a: Qwilfish|Toxic Spikes|p2a: Ampharos\n|-sidestart|p2: Ziggiii|move: Toxic Spikes\n|move|p2a: Ampharos|Thunderbolt|p1a: Qwilfish\n|-damage|p1a: Qwilfish|0 fnt\n|faint|p1a: Qwilfish\n|\n|-damage|p2a: Ampharos|65/302 psn|[from] psn\n|upkeep\n|\n|t:|1781457373\n|switch|p1a: Porygon2|Porygon2, L81|270/270\n|-damage|p1a: Porygon2|237/270|[from] Stealth Rock\n|-ability|p1a: Porygon2|Download|boost\n|-boost|p1a: Porygon2|atk|1\n|turn|8\n|\n|t:|1781457400\n|move|p2a: Ampharos|Focus Blast|p1a: Porygon2|[miss]\n|-miss|p2a: Ampharos|p1a: Porygon2\n|move|p1a: Porygon2|Tri Attack|p2a: Ampharos\n|-damage|p2a: Ampharos|10/302 psn\n|\n|-damage|p2a: Ampharos|0 fnt|[from] psn\n|faint|p2a: Ampharos\n|upkeep\n|\n|t:|1781457406\n|switch|p2a: Regice|Regice, L88|284/284\n|turn|9\n|\n|t:|1781457415\n|move|p1a: Porygon2|Tri Attack|p2a: Regice\n|-damage|p2a: Regice|239/284\n|move|p2a: Regice|Thunderbolt|p1a: Porygon2\n|-damage|p1a: Porygon2|187/270\n|\n|upkeep\n|turn|10\n|\n|t:|1781457424\n|move|p1a: Porygon2|Tri Attack|p2a: Regice\n|-damage|p2a: Regice|200/284\n|move|p2a: Regice|Ice Beam|p1a: Porygon2\n|-damage|p1a: Porygon2|114/270\n|\n|upkeep\n|turn|11\n|\n|t:|1781457430\n|move|p1a: Porygon2|Recover|p1a: Porygon2\n|-heal|p1a: Porygon2|249/270\n|move|p2a: Regice|Ice Beam|p1a: Porygon2\n|-damage|p1a: Porygon2|173/270\n|\n|upkeep\n|turn|12\n|\n|t:|1781457439\n|move|p1a: Porygon2|Tri Attack|p2a: Regice\n|-damage|p2a: Regice|160/284\n|move|p2a: Regice|Ice Beam|p1a: Porygon2\n|-damage|p1a: Porygon2|101/270\n|\n|upkeep\n|turn|13\n|\n|t:|1781457445\n|move|p1a: Porygon2|Recover|p1a: Porygon2\n|-heal|p1a: Porygon2|236/270\n|move|p2a: Regice|Ice Beam|p1a: Porygon2\n|-damage|p1a: Porygon2|167/270\n|\n|upkeep\n|turn|14\n|\n|t:|1781457451\n|move|p1a: Porygon2|Tri Attack|p2a: Regice\n|-damage|p2a: Regice|120/284\n|move|p2a: Regice|Rest|p2a: Regice\n|-status|p2a: Regice|slp|[from] move: Rest\n|-heal|p2a: Regice|284/284 slp|[silent]\n|\n|upkeep\n|turn|15\n|\n|t:|1781457460\n|switch|p1a: Staraptor|Staraptor, L79, M|263/263\n|-damage|p1a: Staraptor|198/263|[from] Stealth Rock\n|cant|p2a: Regice|slp\n|move|p2a: Regice|Sleep Talk|p2a: Regice\n|move|p2a: Regice|Rest||[from] move: Sleep Talk|[still]\n|-fail|p2a: Regice\n|\n|upkeep\n|turn|16\n|\n|t:|1781457469\n|-terastallize|p1a: Staraptor|Fighting\n|move|p1a: Staraptor|Close Combat|p2a: Regice\n|-supereffective|p2a: Regice\n|-damage|p2a: Regice|0 fnt\n|-unboost|p1a: Staraptor|def|1\n|-unboost|p1a: Staraptor|spd|1\n|faint|p2a: Regice\n|\n|upkeep\n|\n|t:|1781457472\n|switch|p2a: Whimsicott|Whimsicott, L84, F|238/238\n|-status|p2a: Whimsicott|tox\n|turn|17\n|\n|t:|1781457480\n|switch|p1a: Urshifu|Urshifu, L74, F|15/270\n|-damage|p1a: Urshifu|0 fnt|[from] Stealth Rock\n|faint|p1a: Urshifu\n|move|p2a: Whimsicott|Leech Seed|p1: Urshifu|[notarget]\n|-fail|p2a: Whimsicott\n|\n|-damage|p2a: Whimsicott|224/238 tox|[from] psn\n|upkeep\n|\n|t:|1781457491\n|switch|p1a: Leafeon|Leafeon, L88, M|258/258\n|-damage|p1a: Leafeon|226/258|[from] Stealth Rock\n|turn|18\n|\n|t:|1781457502\n|move|p2a: Whimsicott|Moonblast|p1a: Leafeon\n|-damage|p1a: Leafeon|127/258\n|move|p1a: Leafeon|Swords Dance|p1a: Leafeon\n|-boost|p1a: Leafeon|atk|2\n|\n|-heal|p2a: Whimsicott|238/238 tox|[from] item: Leftovers\n|-damage|p2a: Whimsicott|210/238 tox|[from] psn\n|upkeep\n|turn|19\n|\n|t:|1781457512\n|move|p2a: Whimsicott|Encore|p1a: Leafeon\n|-start|p1a: Leafeon|Encore\n|move|p1a: Leafeon|Swords Dance|p1a: Leafeon\n|-boost|p1a: Leafeon|atk|2\n|\n|-heal|p2a: Whimsicott|224/238 tox|[from] item: Leftovers\n|-damage|p2a: Whimsicott|182/238 tox|[from] psn\n|upkeep\n|turn|20\n|\n|t:|1781457517\n|switch|p1a: Azelf|Azelf, L82|257/257\n|-damage|p1a: Azelf|225/257|[from] Stealth Rock\n|move|p2a: Whimsicott|Substitute|p2a: Whimsicott\n|-start|p2a: Whimsicott|Substitute\n|-damage|p2a: Whimsicott|123/238 tox\n|\n|-heal|p2a: Whimsicott|137/238 tox|[from] item: Leftovers\n|-damage|p2a: Whimsicott|81/238 tox|[from] psn\n|upkeep\n|turn|21\n|\n|t:|1781457527\n|move|p2a: Whimsicott|Moonblast|p1a: Azelf\n|-damage|p1a: Azelf|117/257\n|-unboost|p1a: Azelf|spa|1\n|move|p1a: Azelf|Fire Blast|p2a: Whimsicott\n|-supereffective|p2a: Whimsicott\n|-end|p2a: Whimsicott|Substitute\n|-damage|p1a: Azelf|92/257|[from] item: Life Orb\n|\n|-heal|p2a: Whimsicott|95/238 tox|[from] item: Leftovers\n|-damage|p2a: Whimsicott|25/238 tox|[from] psn\n|upkeep\n|turn|22\n|\n|t:|1781457537\n|switch|p1a: Leafeon|Leafeon, L88, M|127/258\n|-damage|p1a: Leafeon|95/258|[from] Stealth Rock\n|move|p2a: Whimsicott|Moonblast|p1a: Leafeon\n|-damage|p1a: Leafeon|0 fnt\n|faint|p1a: Leafeon\n|\n|-heal|p2a: Whimsicott|39/238 tox|[from] item: Leftovers\n|-damage|p2a: Whimsicott|0 fnt|[from] psn\n|faint|p2a: Whimsicott\n|upkeep\n|\n|t:|1781457548\n|switch|p2a: Milotic|Milotic, L83, F|293/293\n|switch|p1a: Azelf|Azelf, L82|92/257\n|-damage|p1a: Azelf|60/257|[from] Stealth Rock\n|-status|p2a: Milotic|tox\n|turn|23\n|\n|t:|1781457557\n|move|p1a: Azelf|Knock Off|p2a: Milotic\n|-damage|p2a: Milotic|181/293 tox\n|-enditem|p2a: Milotic|Leftovers|[from] move: Knock Off|[of] p1a: Azelf\n|-damage|p1a: Azelf|35/257|[from] item: Life Orb\n|move|p2a: Milotic|Scald|p1a: Azelf\n|-damage|p1a: Azelf|0 fnt\n|faint|p1a: Azelf\n|\n|-damage|p2a: Milotic|163/293 tox|[from] psn\n|upkeep\n|\n|t:|1781457564\n|switch|p1a: Porygon2|Porygon2, L81|167/270\n|-damage|p1a: Porygon2|134/270|[from] Stealth Rock\n|-ability|p1a: Porygon2|Download|boost\n|-boost|p1a: Porygon2|atk|1\n|turn|24\n|\n|t:|1781457591\n|move|p1a: Porygon2|Recover|p1a: Porygon2\n|-heal|p1a: Porygon2|269/270\n|move|p2a: Milotic|Dragon Tail|p1a: Porygon2\n|-damage|p1a: Porygon2|249/270\n|drag|p1a: Staraptor|Staraptor, L79, M, tera:Fighting|198/263\n|-damage|p1a: Staraptor|182/263|[from] Stealth Rock\n|\n|-damage|p2a: Milotic|127/293 tox|[from] psn\n|upkeep\n|turn|25\n|\n|t:|1781457600\n|move|p1a: Staraptor|Brave Bird|p2a: Milotic\n|-damage|p2a: Milotic|0 fnt\n|faint|p2a: Milotic\n|-damage|p1a: Staraptor|140/263|[from] Recoil\n|\n|upkeep\n|\n|t:|1781457602\n|switch|p2a: Espathra|Espathra, L80, F|283/283\n|-status|p2a: Espathra|tox\n|turn|26\n|\n|t:|1781457607\n|move|p2a: Espathra|Calm Mind|p2a: Espathra\n|-boost|p2a: Espathra|spa|1\n|-boost|p2a: Espathra|spd|1\n|move|p1a: Staraptor|Brave Bird|p2a: Espathra\n|-damage|p2a: Espathra|0 fnt\n|faint|p2a: Espathra\n|-damage|p1a: Staraptor|47/263|[from] Recoil\n|\n|win|Gotayuga\n|raw|Gotayuga's rating: 1245 &rarr; <strong>1273</strong><br />(+28 for winning)\n|raw|Ziggiii's rating: 1290 &rarr; <strong>1262</strong><br />(-28 for losing)\n|l|\u2606Ziggiii\n|player|p2|\n", "inputlog": ">version a8376a258c1d4662feba110a92103f3664a72141\n>start {\"formatid\":\"gen9randombattle\",\"seed\":\"sodium,c3b11f92a8e525883e2f6e23a8c2ed4e\",\"rated\":\"Rated battle\"}\n>player p1 {\"name\":\"Gotayuga\",\"avatar\":\"ninjaboy\",\"rating\":1245,\"seed\":\"sodium,5f274a36c1680a836c87b9b54178b2dc\"}\n>player p2 {\"name\":\"Ziggiii\",\"avatar\":\"bugcatcher-gen4dp\",\"rating\":1263,\"seed\":\"sodium,c376089f06c683d0fc42bbd24c82ee84\"}\n>p1 move wickedblow\n>p2 move fireblast\n>p1 move wickedblow\n>p2 move stealthrock\n>p1 move wickedblow\n>p2 move earthquake\n>p2 switch 4\n>p1 switch 2\n>p2 move moonblast\n>p1 move gunkshot\n>p2 switch 2\n>p1 move toxicspikes\n>p2 move thunderbolt\n>p1 move toxicspikes\n>p2 move thunderbolt\n>p1 switch 5\n>p1 move triattack\n>p2 move focusblast\n>p2 switch 5\n>p1 move triattack\n>p2 move thunderbolt\n>p1 move triattack\n>p2 move icebeam\n>p1 move recover\n>p2 move icebeam\n>p1 move triattack\n>p2 move icebeam\n>p1 move recover\n>p2 move icebeam\n>p1 move triattack\n>p2 move rest\n>p1 switch 4\n>p2 move sleeptalk\n>p1 move closecombat terastallize\n>p2 move sleeptalk\n>p2 switch 2\n>p1 switch 2\n>p2 move leechseed\n>p1 switch 6\n>p1 move swordsdance\n>p2 move moonblast\n>p1 move doubleedge\n>p2 move encore\n>p1 switch 3\n>p2 move substitute\n>p1 move fireblast\n>p2 move moonblast\n>p1 switch 3\n>p2 move moonblast\n>p1 switch 3\n>p2 switch 6\n>p1 move knockoff\n>p2 move scald\n>p1 switch 4\n>p1 move recover\n>p2 move dragontail\n>p1 move bravebird\n>p2 move scald\n>p2 switch 3\n>p1 move bravebird\n>p2 move calmmind", "uploadtime": 1781457618, "views": 10, "formatid": "gen9randombattle", "rating": 1262, "private": 0, "password": null}