{"id": "gen9randombattle-2631896091", "format": "[Gen 9] Random Battle", "players": ["Kids_ghost13", "Reulsen"], "log": "|j|\u2606Kids_ghost13\n|j|\u2606Reulsen\n|t:|1781453129\n|gametype|singles\n|player|p1|Kids_ghost13|169|1886\n|player|p2|Reulsen|red|1968\n|gen|9\n|tier|[Gen 9] Random Battle\n|rated|\n|rule|Species Clause: Limit one of each Pok\u00e9mon\n|rule|HP Percentage Mod: HP is shown in percentages\n|rule|Sleep Clause Mod: Limit one foe put to sleep\n|rule|Illusion Level Mod: Illusion disguises the Pok\u00e9mon's true level\n|\n|t:|1781453129\n|teamsize|p1|6\n|teamsize|p2|6\n|start\n|switch|p1a: Mandibuzz|Mandibuzz, L85, F|326/326\n|switch|p2a: Palafin|Palafin, L77, F|281/281\n|turn|1\n|\n|t:|1781453148\n|detailschange|p2a: Palafin|Palafin-Hero, L77, F\n|switch|p2a: Avalugg|Avalugg-Hisui, L90, F|317/317\n|move|p1a: Mandibuzz|Toxic|p2a: Avalugg\n|-status|p2a: Avalugg|tox\n|\n|-damage|p2a: Avalugg|298/317 tox|[from] psn\n|upkeep\n|turn|2\n|inactive|Battle timer is ON: inactive players will automatically lose when time's up. (requested by Reulsen)\n|\n|t:|1781453181\n|switch|p1a: Revavroom|Revavroom, L79, F|256/256\n|move|p2a: Avalugg|Stone Edge|p1a: Revavroom\n|-resisted|p1a: Revavroom\n|-damage|p1a: Revavroom|180/256\n|\n|-damage|p2a: Avalugg|260/317 tox|[from] psn\n|upkeep\n|turn|3\n|\n|t:|1781453196\n|switch|p2a: Sandslash|Sandslash, L89, F|278/278\n|move|p1a: Revavroom|Iron Head|p2a: Sandslash\n|-damage|p2a: Sandslash|183/278\n|-damage|p1a: Revavroom|155/256|[from] item: Life Orb\n|\n|-heal|p2a: Sandslash|200/278|[from] item: Leftovers\n|upkeep\n|turn|4\n|\n|t:|1781453219\n|move|p1a: Revavroom|Iron Head|p2a: Sandslash\n|-damage|p2a: Sandslash|99/278\n|-damage|p1a: Revavroom|130/256|[from] item: Life Orb\n|cant|p2a: Sandslash|flinch\n|\n|-heal|p2a: Sandslash|116/278|[from] item: Leftovers\n|upkeep\n|turn|5\n|inactive|Kids_ghost13 has 120 seconds left.\n|\n|t:|1781453241\n|switch|p2a: Palafin|Palafin-Hero, L77, F|281/281\n|-activate|p2a: Palafin|ability: Zero to Hero\n|move|p1a: Revavroom|Iron Head|p2a: Palafin\n|-resisted|p2a: Palafin\n|-damage|p2a: Palafin|221/281\n|-damage|p1a: Revavroom|105/256|[from] item: Life Orb\n|\n|-heal|p2a: Palafin|238/281|[from] item: Leftovers\n|upkeep\n|turn|6\n|inactive|Kids_ghost13 has 120 seconds left.\n|\n|t:|1781453278\n|move|p2a: Palafin|Bulk Up|p2a: Palafin\n|-boost|p2a: Palafin|atk|1\n|-boost|p2a: Palafin|def|1\n|move|p1a: Revavroom|Gunk Shot|p2a: Palafin\n|-damage|p2a: Palafin|129/281\n|-damage|p1a: Revavroom|80/256|[from] item: Life Orb\n|\n|-heal|p2a: Palafin|146/281|[from] item: Leftovers\n|upkeep\n|turn|7\n|\n|t:|1781453292\n|switch|p1a: Zarude|Zarude, L77|288/288\n|move|p2a: Palafin|Jet Punch|p1a: Zarude\n|-resisted|p1a: Zarude\n|-damage|p1a: Zarude|227/288\n|\n|-heal|p2a: Palafin|163/281|[from] item: Leftovers\n|upkeep\n|turn|8\n|inactive|Kids_ghost13 has 90 seconds left.\n|inactive|Kids_ghost13 has 60 seconds left.\n|\n|t:|1781453347\n|-terastallize|p2a: Palafin|Dragon\n|move|p1a: Zarude|Power Whip|p2a: Palafin|[miss]\n|-miss|p1a: Zarude|p2a: Palafin\n|move|p2a: Palafin|Ice Punch|p1a: Zarude\n|-supereffective|p1a: Zarude\n|-damage|p1a: Zarude|39/288\n|-status|p1a: Zarude|frz\n|\n|-heal|p2a: Palafin|180/281|[from] item: Leftovers\n|upkeep\n|turn|9\n|\n|t:|1781453358\n|cant|p1a: Zarude|frz\n|move|p2a: Palafin|Bulk Up|p2a: Palafin\n|-boost|p2a: Palafin|atk|1\n|-boost|p2a: Palafin|def|1\n|\n|-heal|p2a: Palafin|197/281|[from] item: Leftovers\n|upkeep\n|turn|10\n|\n|t:|1781453369\n|cant|p1a: Zarude|frz\n|move|p2a: Palafin|Bulk Up|p2a: Palafin\n|-boost|p2a: Palafin|atk|1\n|-boost|p2a: Palafin|def|1\n|\n|-heal|p2a: Palafin|214/281|[from] item: Leftovers\n|upkeep\n|turn|11\n|\n|t:|1781453377\n|cant|p1a: Zarude|frz\n|move|p2a: Palafin|Bulk Up|p2a: Palafin\n|-boost|p2a: Palafin|atk|1\n|-boost|p2a: Palafin|def|1\n|\n|-heal|p2a: Palafin|231/281|[from] item: Leftovers\n|upkeep\n|turn|12\n|\n|t:|1781453385\n|cant|p1a: Zarude|frz\n|move|p2a: Palafin|Bulk Up|p2a: Palafin\n|-boost|p2a: Palafin|atk|1\n|-boost|p2a: Palafin|def|1\n|\n|-heal|p2a: Palafin|248/281|[from] item: Leftovers\n|upkeep\n|turn|13\n|\n|t:|1781453401\n|cant|p1a: Zarude|frz\n|move|p2a: Palafin|Bulk Up|p2a: Palafin\n|-boost|p2a: Palafin|atk|1\n|-boost|p2a: Palafin|def|1\n|\n|-heal|p2a: Palafin|265/281|[from] item: Leftovers\n|upkeep\n|turn|14\n|\n|t:|1781453407\n|move|p2a: Palafin|Jet Punch|p1a: Zarude\n|-resisted|p1a: Zarude\n|-damage|p1a: Zarude|0 fnt\n|faint|p1a: Zarude\n|\n|-heal|p2a: Palafin|281/281|[from] item: Leftovers\n|upkeep\n|\n|t:|1781453427\n|switch|p1a: Volcarona|Volcarona, L77, F|257/257\n|turn|15\n|\n|t:|1781453436\n|move|p1a: Volcarona|Fire Blast|p2a: Palafin\n|-resisted|p2a: Palafin\n|-damage|p2a: Palafin|206/281\n|move|p2a: Palafin|Wave Crash|p1a: Volcarona\n|-supereffective|p1a: Volcarona\n|-crit|p1a: Volcarona\n|-damage|p1a: Volcarona|0 fnt\n|faint|p1a: Volcarona\n|-damage|p2a: Palafin|121/281|[from] Recoil\n|\n|-heal|p2a: Palafin|138/281|[from] item: Leftovers\n|upkeep\n|\n|t:|1781453448\n|switch|p1a: Lycanroc|Lycanroc, L86, F|269/269\n|turn|16\n|\n|t:|1781453458\n|move|p1a: Lycanroc|Accelerock|p2a: Palafin\n|-damage|p2a: Palafin|119/281\n|move|p2a: Palafin|Jet Punch|p1a: Lycanroc\n|-supereffective|p1a: Lycanroc\n|-damage|p1a: Lycanroc|0 fnt\n|faint|p1a: Lycanroc\n|\n|-heal|p2a: Palafin|136/281|[from] item: Leftovers\n|upkeep\n|-message|Kids_ghost13 forfeited.\n|\n|win|Reulsen\n|raw|Kids_ghost13's rating: 1886 &rarr; <strong>1871</strong><br />(-15 for losing)\n|raw|Reulsen's rating: 1968 &rarr; <strong>1983</strong><br />(+15 for winning)\n", "uploadtime": 1781453462, "views": 2, "formatid": "gen9randombattle", "rating": 1871, "private": 0, "password": null}