{"id": "gen9randombattle-2631545659", "format": "[Gen 9] Random Battle", "players": ["JayClaw", "PikaTru"], "log": "|j|\u2606JayClaw\n|j|\u2606PikaTru\n|t:|1781399367\n|gametype|singles\n|player|p1|JayClaw|red|2095\n|player|p2|PikaTru|170|2056\n|gen|9\n|tier|[Gen 9] Random Battle\n|rated|\n|rule|Species Clause: Limit one of each Pok\u00e9mon\n|rule|HP Percentage Mod: HP is shown in percentages\n|rule|Sleep Clause Mod: Limit one foe put to sleep\n|rule|Illusion Level Mod: Illusion disguises the Pok\u00e9mon's true level\n|\n|t:|1781399367\n|teamsize|p1|6\n|teamsize|p2|6\n|start\n|switch|p1a: Kingambit|Kingambit, L74, M|270/270\n|switch|p2a: Piloswine|Piloswine, L85, M|309/309\n|turn|1\n|inactive|Battle timer is ON: inactive players will automatically lose when time's up. (requested by PikaTru)\n|\n|t:|1781399392\n|-end|p1a: Kingambit|fallenundefined|[silent]\n|switch|p1a: Lapras|Lapras, L87, F|367/367\n|move|p2a: Piloswine|Stealth Rock|p1a: Lapras\n|-sidestart|p1: JayClaw|move: Stealth Rock\n|\n|upkeep\n|turn|2\n|j| xdxdxd333\n|\n|t:|1781399407\n|switch|p2a: Mienshao|Mienshao, L83, M|244/244\n|move|p1a: Lapras|Sparkling Aria|p2a: Mienshao\n|-damage|p2a: Mienshao|58/244\n|\n|upkeep\n|turn|3\n|\n|t:|1781399421\n|switch|p1a: Hydrapple|Hydrapple, L83, M|312/312\n|-damage|p1a: Hydrapple|273/312|[from] Stealth Rock\n|move|p2a: Mienshao|Knock Off|p1a: Hydrapple\n|-damage|p1a: Hydrapple|182/312\n|-enditem|p1a: Hydrapple|Assault Vest|[from] move: Knock Off|[of] p2a: Mienshao\n|-damage|p2a: Mienshao|34/244|[from] item: Life Orb\n|\n|upkeep\n|turn|4\n|\n|t:|1781399433\n|move|p2a: Mienshao|Triple Axel|p1a: Hydrapple\n|-supereffective|p1a: Hydrapple\n|-damage|p1a: Hydrapple|99/312\n|-supereffective|p1a: Hydrapple\n|-damage|p1a: Hydrapple|0 fnt\n|faint|p1a: Hydrapple\n|-hitcount|p1: Hydrapple|2\n|-damage|p2a: Mienshao|10/244|[from] item: Life Orb\n|\n|upkeep\n|\n|t:|1781399449\n|switch|p1a: Salazzle|Salazzle, L83, F|249/249\n|-damage|p1a: Salazzle|187/249|[from] Stealth Rock\n|turn|5\n|\n|t:|1781399458\n|switch|p2a: Seviper|Seviper, L93, F|287/287\n|move|p1a: Salazzle|Toxic|p2a: Seviper\n|-status|p2a: Seviper|tox\n|\n|-heal|p1a: Salazzle|202/249|[from] item: Leftovers\n|-damage|p2a: Seviper|270/287 tox|[from] psn\n|upkeep\n|turn|6\n|\n|t:|1781399471\n|move|p1a: Salazzle|Protect|p1a: Salazzle\n|-singleturn|p1a: Salazzle|Protect\n|move|p2a: Seviper|Trailblaze|p1a: Salazzle\n|-activate|p1a: Salazzle|move: Protect\n|\n|-heal|p1a: Salazzle|217/249|[from] item: Leftovers\n|-heal|p2a: Seviper|287/287 tox|[from] item: Leftovers\n|-damage|p2a: Seviper|253/287 tox|[from] psn\n|upkeep\n|turn|7\n|\n|t:|1781399484\n|switch|p1a: Kingambit|Kingambit, L74, M|270/270\n|-damage|p1a: Kingambit|254/270|[from] Stealth Rock\n|-activate|p1a: Kingambit|ability: Supreme Overlord\n|-start|p1a: Kingambit|fallen1|[silent]\n|switch|p2a: Mienshao|Mienshao, L83, M|91/244\n|\n|-heal|p1a: Kingambit|270/270|[from] item: Leftovers\n|upkeep\n|turn|8\n|\n|t:|1781399496\n|switch|p2a: Seviper|Seviper, L93, F|253/287 tox\n|move|p1a: Kingambit|Iron Head|p2a: Seviper\n|-damage|p2a: Seviper|138/287 tox\n|\n|-heal|p2a: Seviper|155/287 tox|[from] item: Leftovers\n|-damage|p2a: Seviper|138/287 tox|[from] psn\n|upkeep\n|turn|9\n|\n|t:|1781399508\n|move|p2a: Seviper|Earthquake|p1a: Kingambit\n|-supereffective|p1a: Kingambit\n|-damage|p1a: Kingambit|122/270\n|move|p1a: Kingambit|Iron Head|p2a: Seviper\n|-damage|p2a: Seviper|26/287 tox\n|\n|-heal|p2a: Seviper|43/287 tox|[from] item: Leftovers\n|-heal|p1a: Kingambit|138/270|[from] item: Leftovers\n|-damage|p2a: Seviper|9/287 tox|[from] psn\n|upkeep\n|turn|10\n|\n|t:|1781399520\n|move|p2a: Seviper|Earthquake|p1a: Kingambit\n|-supereffective|p1a: Kingambit\n|-damage|p1a: Kingambit|0 fnt\n|faint|p1a: Kingambit\n|-end|p1a: Kingambit|fallen1|[silent]\n|\n|-heal|p2a: Seviper|26/287 tox|[from] item: Leftovers\n|-damage|p2a: Seviper|0 fnt|[from] psn\n|faint|p2a: Seviper\n|upkeep\n|\n|t:|1781399532\n|switch|p2a: Mienshao|Mienshao, L83, M|172/244\n|switch|p1a: Lapras|Lapras, L87, F|367/367\n|-damage|p1a: Lapras|276/367|[from] Stealth Rock\n|turn|11\n|\n|t:|1781399542\n|switch|p1a: Salazzle|Salazzle, L83, F|217/249\n|-damage|p1a: Salazzle|155/249|[from] Stealth Rock\n|move|p2a: Mienshao|Close Combat|p1a: Salazzle\n|-resisted|p1a: Salazzle\n|-damage|p1a: Salazzle|24/249\n|-unboost|p2a: Mienshao|def|1\n|-unboost|p2a: Mienshao|spd|1\n|-damage|p2a: Mienshao|148/244|[from] item: Life Orb\n|\n|-heal|p1a: Salazzle|39/249|[from] item: Leftovers\n|upkeep\n|turn|12\n|\n|t:|1781399556\n|switch|p2a: Piloswine|Piloswine, L85, M|309/309\n|move|p1a: Salazzle|Toxic|p2a: Piloswine\n|-status|p2a: Piloswine|tox\n|\n|-heal|p1a: Salazzle|54/249|[from] item: Leftovers\n|-damage|p2a: Piloswine|290/309 tox|[from] psn\n|upkeep\n|turn|13\n|\n|t:|1781399562\n|move|p1a: Salazzle|Protect|p1a: Salazzle\n|-singleturn|p1a: Salazzle|Protect\n|move|p2a: Piloswine|Earthquake|p1a: Salazzle\n|-activate|p1a: Salazzle|move: Protect\n|\n|-heal|p1a: Salazzle|69/249|[from] item: Leftovers\n|-damage|p2a: Piloswine|252/309 tox|[from] psn\n|upkeep\n|turn|14\n|\n|t:|1781399572\n|switch|p1a: Lapras|Lapras, L87, F|276/367\n|-damage|p1a: Lapras|185/367|[from] Stealth Rock\n|move|p2a: Piloswine|Roar|p1a: Lapras\n|drag|p1a: Clefable|Clefable, L83, M|293/293\n|\n|-damage|p2a: Piloswine|195/309 tox|[from] psn\n|upkeep\n|turn|15\n|\n|t:|1781399594\n|switch|p2a: Archaludon|Archaludon, L78, M|268/268\n|move|p1a: Clefable|Moonblast|p2a: Archaludon\n|-damage|p2a: Archaludon|104/268\n|-unboost|p2a: Archaludon|spa|1\n|-ability|p2a: Archaludon|Stamina|boost\n|-boost|p2a: Archaludon|def|1\n|\n|-heal|p2a: Archaludon|120/268|[from] item: Leftovers\n|upkeep\n|turn|16\n|inactive|JayClaw has 120 seconds left.\n|\n|t:|1781399614\n|move|p2a: Archaludon|Flash Cannon|p1a: Clefable\n|-supereffective|p1a: Clefable\n|-damage|p1a: Clefable|171/293\n|move|p1a: Clefable|Moonblast|p2a: Archaludon\n|-damage|p2a: Archaludon|0 fnt\n|faint|p2a: Archaludon\n|\n|upkeep\n|\n|t:|1781399617\n|switch|p2a: Landorus|Landorus-Therian, L76, M|260/260\n|-ability|p2a: Landorus|Intimidate|boost\n|-unboost|p1a: Clefable|atk|1\n|turn|17\n|inactive|JayClaw has 120 seconds left.\n|\n|t:|1781399632\n|switch|p1a: Meganium|Meganium, L90, M|290/290\n|-damage|p1a: Meganium|254/290|[from] Stealth Rock\n|move|p2a: Landorus|Taunt|p1a: Meganium\n|-start|p1a: Meganium|move: Taunt\n|\n|-heal|p1a: Meganium|272/290|[from] item: Leftovers\n|upkeep\n|turn|18\n|\n|t:|1781399643\n|move|p1a: Meganium|Energy Ball|p2a: Landorus\n|-damage|p2a: Landorus|145/260\n|move|p2a: Landorus|U-turn|p1a: Meganium\n|-supereffective|p1a: Meganium\n|-damage|p1a: Meganium|170/290\n|\n|t:|1781399652\n|switch|p2a: Heracross|Heracross, L80, M|259/259|[from] U-turn\n|\n|-heal|p1a: Meganium|188/290|[from] item: Leftovers\n|upkeep\n|turn|19\n|\n|t:|1781399664\n|switch|p1a: Lapras|Lapras, L87, F|185/367\n|-damage|p1a: Lapras|94/367|[from] Stealth Rock\n|move|p2a: Heracross|Megahorn|p1a: Lapras\n|-damage|p1a: Lapras|0 fnt\n|faint|p1a: Lapras\n|-ability|p2a: Heracross|Moxie|boost\n|-boost|p2a: Heracross|atk|1\n|\n|upkeep\n|inactive|JayClaw has 120 seconds left.\n|\n|t:|1781399681\n|switch|p1a: Clefable|Clefable, L83, M|171/293\n|turn|20\n|\n|t:|1781399702\n|move|p2a: Heracross|Megahorn|p1a: Clefable\n|-resisted|p1a: Clefable\n|-damage|p1a: Clefable|0 fnt\n|faint|p1a: Clefable\n|-ability|p2a: Heracross|Moxie|boost\n|-boost|p2a: Heracross|atk|1\n|\n|upkeep\n|\n|t:|1781399710\n|switch|p1a: Salazzle|Salazzle, L83, F|69/249\n|-damage|p1a: Salazzle|7/249|[from] Stealth Rock\n|turn|21\n|\n|t:|1781399725\n|move|p1a: Salazzle|Flamethrower|p2a: Heracross\n|-supereffective|p2a: Heracross\n|-damage|p2a: Heracross|49/259\n|move|p2a: Heracross|Megahorn|p1a: Salazzle\n|-resisted|p1a: Salazzle\n|-damage|p1a: Salazzle|0 fnt\n|faint|p1a: Salazzle\n|-ability|p2a: Heracross|Moxie|boost\n|-boost|p2a: Heracross|atk|1\n|\n|upkeep\n|\n|t:|1781399733\n|switch|p1a: Meganium|Meganium, L90, M|188/290\n|-damage|p1a: Meganium|152/290|[from] Stealth Rock\n|turn|22\n|\n|t:|1781399737\n|move|p1a: Meganium|Energy Ball|p2a: Heracross\n|-resisted|p2a: Heracross\n|-damage|p2a: Heracross|0 fnt\n|faint|p2a: Heracross\n|\n|-heal|p1a: Meganium|170/290|[from] item: Leftovers\n|upkeep\n|\n|t:|1781399740\n|switch|p2a: Mienshao|Mienshao, L83, M|229/244\n|turn|23\n|\n|t:|1781399752\n|move|p2a: Mienshao|Knock Off|p1a: Meganium\n|-damage|p1a: Meganium|78/290\n|-enditem|p1a: Meganium|Leftovers|[from] move: Knock Off|[of] p2a: Mienshao\n|-damage|p2a: Mienshao|205/244|[from] item: Life Orb\n|move|p1a: Meganium|Energy Ball|p2a: Mienshao\n|-damage|p2a: Mienshao|25/244\n|\n|upkeep\n|turn|24\n|-message|JayClaw forfeited.\n|\n|win|PikaTru\n|raw|JayClaw's rating: 2095 &rarr; <strong>2073</strong><br />(-22 for losing)\n|raw|PikaTru's rating: 2056 &rarr; <strong>2078</strong><br />(+22 for winning)\n", "inputlog": ">version a8376a258c1d4662feba110a92103f3664a72141\n>start {\"formatid\":\"gen9randombattle\",\"seed\":\"sodium,b327fb724c48f9991b1c577286815a35\",\"rated\":\"Rated battle\"}\n>player p1 {\"name\":\"JayClaw\",\"avatar\":\"red\",\"rating\":2095,\"seed\":\"sodium,154d147c1f54d93e2780a36ab1447651\"}\n>player p2 {\"name\":\"PikaTru\",\"avatar\":\"170\",\"rating\":2056,\"seed\":\"sodium,9b4c855d6fd6831aeccac8098fce81c1\"}\n>p1 switch 3\n>p2 move stealthrock\n>p1 move sparklingaria\n>p2 switch 4\n>p1 switch 2\n>p2 move knockoff\n>p1 move dragontail\n>p2 move tripleaxel\n>p1 switch 4\n>p1 move toxic\n>p2 switch 6\n>p1 move protect\n>p2 move trailblaze\n>p1 switch 3\n>p2 switch 6\n>p1 move ironhead\n>p2 switch 6\n>p1 move ironhead\n>p2 move earthquake\n>p1 move ironhead\n>p2 move earthquake\n>p1 switch 2\n>p2 switch 6\n>p1 switch 3\n>p2 move closecombat\n>p1 move toxic\n>p2 switch 4\n>p1 move protect\n>p2 move earthquake\n>p1 switch 3\n>p2 move roar\n>p1 move moonblast\n>p2 switch 5\n>p1 move moonblast\n>p2 move flashcannon\n>p2 switch 3\n>p1 switch 5\n>p2 move taunt\n>p1 move energyball\n>p2 move uturn\n>p2 switch 2\n>p1 switch 6\n>p2 move megahorn\n>p1 switch 5\n>p1 move moonblast\n>p2 move megahorn\n>p1 switch 3\n>p1 move flamethrower\n>p2 move megahorn\n>p1 switch 6\n>p1 move energyball\n>p2 move megahorn\n>p2 switch 4\n>p1 move energyball\n>p2 move knockoff\n>forcelose p1", "uploadtime": 1781399369, "views": 6, "formatid": "gen9randombattle", "rating": 2073, "private": 0, "password": null}