{"id": "gen9randombattle-2631633131", "format": "[Gen 9] Random Battle", "players": ["who is to say", "Derpager"], "log": "|j|\u2606who is to say\n|j|\u2606Derpager\n|t:|1781412036\n|gametype|singles\n|player|p1|who is to say|170|2225\n|player|p2|Derpager|170|2169\n|gen|9\n|tier|[Gen 9] Random Battle\n|rated|\n|rule|Species Clause: Limit one of each Pok\u00e9mon\n|rule|HP Percentage Mod: HP is shown in percentages\n|rule|Sleep Clause Mod: Limit one foe put to sleep\n|rule|Illusion Level Mod: Illusion disguises the Pok\u00e9mon's true level\n|\n|t:|1781412036\n|teamsize|p1|6\n|teamsize|p2|6\n|start\n|switch|p1a: Milotic|Milotic, L83, M|293/293\n|switch|p2a: Smeargle|Smeargle, L95, M|258/258\n|turn|1\n|\n|t:|1781412064\n|move|p2a: Smeargle|Spore|p1a: Milotic\n|-status|p1a: Milotic|slp|[from] move: Spore\n|cant|p1a: Milotic|slp\n|\n|upkeep\n|turn|2\n|\n|t:|1781412075\n|move|p2a: Smeargle|Shell Smash|p2a: Smeargle\n|-unboost|p2a: Smeargle|def|1\n|-unboost|p2a: Smeargle|spd|1\n|-boost|p2a: Smeargle|atk|2\n|-boost|p2a: Smeargle|spa|2\n|-boost|p2a: Smeargle|spe|2\n|cant|p1a: Milotic|slp\n|\n|upkeep\n|turn|3\n|\n|t:|1781412080\n|switch|p1a: Dragapult|Dragapult, L77, M|262/262\n|move|p2a: Smeargle|Population Bomb|p1a: Dragapult\n|-immune|p1a: Dragapult\n|\n|upkeep\n|turn|4\n|\n|t:|1781412102\n|move|p2a: Smeargle|Power Trip|p1a: Dragapult\n|-supereffective|p1a: Dragapult\n|-damage|p1a: Dragapult|36/262\n|move|p1a: Dragapult|Dragon Darts|p2a: Smeargle\n|-damage|p2a: Smeargle|77/258\n|-anim|p1a: Dragapult|Dragon Darts|p2a: Smeargle\n|-damage|p2a: Smeargle|0 fnt\n|faint|p2a: Smeargle\n|-damage|p1a: Dragapult|10/262|[from] item: Life Orb\n|\n|upkeep\n|\n|t:|1781412127\n|switch|p2a: Victreebel|Victreebel, L90, M|290/290\n|turn|5\n|\n|t:|1781412140\n|move|p2a: Victreebel|Sucker Punch|p1a: Dragapult\n|-supereffective|p1a: Dragapult\n|-damage|p1a: Dragapult|0 fnt\n|faint|p1a: Dragapult\n|-damage|p2a: Victreebel|261/290|[from] item: Life Orb\n|\n|upkeep\n|\n|t:|1781412142\n|switch|p1a: Arbok|Arbok, L87, M|246/246\n|-ability|p1a: Arbok|Intimidate|boost\n|-unboost|p2a: Victreebel|atk|1\n|turn|6\n|\n|t:|1781412150\n|switch|p2a: Duraludon|Duraludon, L82, M|249/249\n|move|p1a: Arbok|Coil|p1a: Arbok\n|-boost|p1a: Arbok|atk|1\n|-boost|p1a: Arbok|def|1\n|-boost|p1a: Arbok|accuracy|1\n|\n|upkeep\n|turn|7\n|\n|t:|1781412156\n|move|p1a: Arbok|Earthquake|p2a: Duraludon\n|-supereffective|p2a: Duraludon\n|-crit|p2a: Duraludon\n|-damage|p2a: Duraludon|65/249\n|move|p2a: Duraludon|Draco Meteor|p1a: Arbok\n|-damage|p1a: Arbok|95/246\n|-unboost|p2a: Duraludon|spa|2\n|\n|-heal|p1a: Arbok|110/246|[from] item: Leftovers\n|upkeep\n|turn|8\n|\n|t:|1781412168\n|move|p1a: Arbok|Earthquake|p2a: Duraludon\n|-supereffective|p2a: Duraludon\n|-damage|p2a: Duraludon|0 fnt\n|faint|p2a: Duraludon\n|\n|-heal|p1a: Arbok|125/246|[from] item: Leftovers\n|upkeep\n|\n|t:|1781412186\n|switch|p2a: Raging Bolt|Raging Bolt, L78|323/323\n|turn|9\n|\n|t:|1781412199\n|move|p1a: Arbok|Earthquake|p2a: Raging Bolt\n|-supereffective|p2a: Raging Bolt\n|-crit|p2a: Raging Bolt\n|-damage|p2a: Raging Bolt|0 fnt\n|faint|p2a: Raging Bolt\n|-end|p2a: Raging Bolt|Protosynthesis|[silent]\n|\n|-heal|p1a: Arbok|140/246|[from] item: Leftovers\n|upkeep\n|\n|t:|1781412211\n|switch|p2a: Scizor|Scizor, L79, F|240/240\n|turn|10\n|\n|t:|1781412218\n|move|p1a: Arbok|Earthquake|p2a: Scizor\n|-damage|p2a: Scizor|140/240\n|move|p2a: Scizor|Swords Dance|p2a: Scizor\n|-boost|p2a: Scizor|atk|2\n|\n|-heal|p1a: Arbok|155/246|[from] item: Leftovers\n|upkeep\n|turn|11\n|\n|t:|1781412229\n|move|p2a: Scizor|Bullet Punch|p1a: Arbok\n|-damage|p1a: Arbok|17/246\n|-damage|p2a: Scizor|116/240|[from] item: Life Orb\n|move|p1a: Arbok|Earthquake|p2a: Scizor\n|-damage|p2a: Scizor|4/240\n|\n|-heal|p1a: Arbok|32/246|[from] item: Leftovers\n|upkeep\n|turn|12\n|\n|t:|1781412233\n|move|p2a: Scizor|Bullet Punch|p1a: Arbok\n|-damage|p1a: Arbok|0 fnt\n|faint|p1a: Arbok\n|-damage|p2a: Scizor|0 fnt|[from] item: Life Orb\n|faint|p2a: Scizor\n|\n|upkeep\n|\n|t:|1781412244\n|switch|p1a: Farigiraf|Farigiraf, L90, F|362/362\n|switch|p2a: Victreebel|Victreebel, L90, M|261/290\n|turn|13\n|\n|t:|1781412259\n|move|p2a: Victreebel|Swords Dance|p2a: Victreebel\n|-boost|p2a: Victreebel|atk|2\n|move|p1a: Farigiraf|Body Slam|p2a: Victreebel\n|-damage|p2a: Victreebel|155/290\n|\n|upkeep\n|turn|14\n|\n|t:|1781412284\n|move|p2a: Victreebel|Poison Jab|p1a: Farigiraf\n|-damage|p1a: Farigiraf|66/362\n|-damage|p2a: Victreebel|126/290|[from] item: Life Orb\n|move|p1a: Farigiraf|Psychic Noise|p2a: Victreebel\n|-supereffective|p2a: Victreebel\n|-crit|p2a: Victreebel\n|-damage|p2a: Victreebel|0 fnt\n|faint|p2a: Victreebel\n|\n|-heal|p1a: Farigiraf|88/362|[from] item: Leftovers\n|upkeep\n|\n|t:|1781412288\n|switch|p2a: Moltres|Moltres-Galar, L79|271/271\n|turn|15\n|\n|t:|1781412297\n|move|p2a: Moltres|Nasty Plot|p2a: Moltres\n|-boost|p2a: Moltres|spa|2\n|move|p1a: Farigiraf|Body Slam|p2a: Moltres\n|-damage|p2a: Moltres|168/271\n|\n|-heal|p1a: Farigiraf|110/362|[from] item: Leftovers\n|upkeep\n|turn|16\n|\n|t:|1781412324\n|move|p2a: Moltres|Nasty Plot|p2a: Moltres\n|-boost|p2a: Moltres|spa|2\n|move|p1a: Farigiraf|Body Slam|p2a: Moltres\n|-damage|p2a: Moltres|65/271\n|-status|p2a: Moltres|par\n|-ability|p2a: Moltres|Berserk|boost\n|-boost|p2a: Moltres|spa|1\n|\n|-heal|p1a: Farigiraf|132/362|[from] item: Leftovers\n|upkeep\n|turn|17\n|\n|t:|1781412332\n|-terastallize|p2a: Moltres|Steel\n|move|p1a: Farigiraf|Body Slam|p2a: Moltres\n|-resisted|p2a: Moltres\n|-damage|p2a: Moltres|13/271 par\n|cant|p2a: Moltres|par\n|\n|-heal|p1a: Farigiraf|154/362|[from] item: Leftovers\n|upkeep\n|turn|18\n|\n|t:|1781412339\n|move|p1a: Farigiraf|Body Slam|p2a: Moltres\n|-resisted|p2a: Moltres\n|-damage|p2a: Moltres|0 fnt\n|faint|p2a: Moltres\n|\n|win|who is to say\n", "inputlog": ">version a8376a258c1d4662feba110a92103f3664a72141\n>start {\"formatid\":\"gen9randombattle\",\"seed\":\"sodium,3e180286561433270f430591f1c95b58\",\"rated\":\"Rated battle\"}\n>player p1 {\"name\":\"who is to say\",\"avatar\":\"170\",\"rating\":2225,\"seed\":\"sodium,7dac67700a0b740fdef169036c5ef136\"}\n>player p2 {\"name\":\"Derpager\",\"avatar\":\"170\",\"rating\":2169,\"seed\":\"sodium,c3aa1c14d5c5032afa96ac77227dacd0\"}\n>p1 move scald\n>p2 move spore\n>p1 move scald\n>p2 move shellsmash\n>p1 switch 5\n>p2 move populationbomb\n>p1 move dragondarts\n>p2 move powertrip\n>p2 switch 6\n>p1 move fireblast\n>p2 move suckerpunch\n>p1 switch 4\n>p1 move coil\n>p2 switch 2\n>p1 move earthquake\n>p2 move dracometeor\n>p1 move earthquake\n>p2 move dracometeor\n>p2 switch 3\n>p1 move earthquake\n>p2 move dracometeor\n>p2 switch 4\n>p1 move earthquake\n>p2 move swordsdance\n>p1 move earthquake\n>p2 move bulletpunch\n>p1 move earthquake\n>p2 move bulletpunch\n>p1 switch 6\n>p2 switch 2\n>p1 move bodyslam\n>p2 move swordsdance\n>p1 move psychicnoise\n>p2 move poisonjab\n>p2 switch 5\n>p1 move bodyslam\n>p2 move nastyplot\n>p1 move bodyslam\n>p2 move nastyplot\n>p1 move bodyslam\n>p2 move rest terastallize\n>p1 move bodyslam\n>p2 move rest", "uploadtime": 1781412037, "views": 7, "formatid": "gen9randombattle", "rating": null, "private": 0, "password": null}