{"id": "gen9randombattle-2631919052", "format": "[Gen 9] Random Battle", "players": ["schleeby", "Crinjal"], "log": "|j|\u2606schleeby\n|j|\u2606Crinjal\n|t:|1781455597\n|gametype|singles\n|player|p1|schleeby|rosa|2025\n|player|p2|Crinjal|veteran|2015\n|gen|9\n|tier|[Gen 9] Random Battle\n|rated|\n|rule|Species Clause: Limit one of each Pok\u00e9mon\n|rule|HP Percentage Mod: HP is shown in percentages\n|rule|Sleep Clause Mod: Limit one foe put to sleep\n|rule|Illusion Level Mod: Illusion disguises the Pok\u00e9mon's true level\n|\n|t:|1781455597\n|teamsize|p1|6\n|teamsize|p2|6\n|start\n|switch|p1a: Dondozo|Dondozo, L78, F|362/362\n|switch|p2a: Medicham|Medicham, L86, F|243/243\n|turn|1\n|\n|t:|1781455610\n|switch|p1a: Rotom|Rotom, L88|231/231\n|move|p2a: Medicham|Close Combat|p1a: Rotom\n|-immune|p1a: Rotom\n|\n|upkeep\n|turn|2\n|inactive|Battle timer is ON: inactive players will automatically lose when time's up. (requested by schleeby)\n|\n|t:|1781455629\n|switch|p2a: Comfey|Comfey, L85, F|225/225\n|move|p1a: Rotom|Will-O-Wisp|p2a: Comfey\n|-status|p2a: Comfey|brn\n|\n|-damage|p2a: Comfey|211/225 brn|[from] brn\n|upkeep\n|turn|3\n|\n|t:|1781455646\n|move|p2a: Comfey|Calm Mind|p2a: Comfey\n|-boost|p2a: Comfey|spa|1\n|-boost|p2a: Comfey|spd|1\n|move|p1a: Rotom|Volt Switch|p2a: Comfey\n|-damage|p2a: Comfey|156/225 brn\n|-damage|p1a: Rotom|208/231|[from] item: Life Orb\n|\n|t:|1781455649\n|switch|p1a: Palafin|Palafin, L77, M|281/281|[from] Volt Switch\n|\n|-heal|p2a: Comfey|170/225 brn|[from] item: Leftovers\n|-damage|p2a: Comfey|156/225 brn|[from] brn\n|upkeep\n|turn|4\n|\n|t:|1781455660\n|detailschange|p1a: Palafin|Palafin-Hero, L77, M\n|switch|p1a: Dondozo|Dondozo, L78, F|362/362\n|move|p2a: Comfey|Giga Drain|p1a: Dondozo\n|-supereffective|p1a: Dondozo\n|-damage|p1a: Dondozo|226/362\n|-heal|p2a: Comfey|224/225 brn|[from] drain|[of] p1a: Dondozo\n|\n|-heal|p2a: Comfey|225/225 brn|[from] item: Leftovers\n|-heal|p1a: Dondozo|248/362|[from] item: Leftovers\n|-damage|p2a: Comfey|211/225 brn|[from] brn\n|upkeep\n|turn|5\n|\n|t:|1781455683\n|move|p2a: Comfey|Calm Mind|p2a: Comfey\n|-boost|p2a: Comfey|spa|1\n|-boost|p2a: Comfey|spd|1\n|move|p1a: Dondozo|Wave Crash|p2a: Comfey\n|-damage|p2a: Comfey|109/225 brn\n|-damage|p1a: Dondozo|214/362|[from] Recoil\n|\n|-heal|p2a: Comfey|123/225 brn|[from] item: Leftovers\n|-heal|p1a: Dondozo|236/362|[from] item: Leftovers\n|-damage|p2a: Comfey|109/225 brn|[from] brn\n|upkeep\n|turn|6\n|\n|t:|1781455695\n|move|p2a: Comfey|Giga Drain|p1a: Dondozo\n|-supereffective|p1a: Dondozo\n|-damage|p1a: Dondozo|98/362\n|-heal|p2a: Comfey|178/225 brn|[from] drain|[of] p1a: Dondozo\n|move|p1a: Dondozo|Wave Crash|p2a: Comfey\n|-damage|p2a: Comfey|61/225 brn\n|-damage|p1a: Dondozo|59/362|[from] Recoil\n|\n|-heal|p2a: Comfey|75/225 brn|[from] item: Leftovers\n|-heal|p1a: Dondozo|81/362|[from] item: Leftovers\n|-damage|p2a: Comfey|61/225 brn|[from] brn\n|upkeep\n|turn|7\n|\n|t:|1781455703\n|move|p2a: Comfey|Giga Drain|p1a: Dondozo\n|-supereffective|p1a: Dondozo\n|-damage|p1a: Dondozo|0 fnt\n|-heal|p2a: Comfey|102/225 brn|[from] drain|[of] p1a: Dondozo\n|faint|p1a: Dondozo\n|\n|-heal|p2a: Comfey|116/225 brn|[from] item: Leftovers\n|-damage|p2a: Comfey|102/225 brn|[from] brn\n|upkeep\n|\n|t:|1781455706\n|switch|p1a: Palafin|Palafin-Hero, L77, M|281/281\n|-activate|p1a: Palafin|ability: Zero to Hero\n|turn|8\n|\n|t:|1781455713\n|-terastallize|p1a: Palafin|Steel\n|move|p2a: Comfey|Giga Drain|p1a: Palafin\n|-resisted|p1a: Palafin\n|-damage|p1a: Palafin|232/281\n|-heal|p2a: Comfey|127/225 brn|[from] drain|[of] p1a: Palafin\n|move|p1a: Palafin|Jet Punch|p2a: Comfey\n|-damage|p2a: Comfey|42/225 brn\n|\n|-heal|p2a: Comfey|56/225 brn|[from] item: Leftovers\n|-heal|p1a: Palafin|249/281|[from] item: Leftovers\n|-damage|p2a: Comfey|42/225 brn|[from] brn\n|upkeep\n|turn|9\n|\n|t:|1781455729\n|move|p2a: Comfey|Draining Kiss|p1a: Palafin\n|-resisted|p1a: Palafin\n|-damage|p1a: Palafin|197/281\n|-heal|p2a: Comfey|81/225 brn|[from] drain|[of] p1a: Palafin\n|move|p1a: Palafin|Jet Punch|p2a: Comfey\n|-damage|p2a: Comfey|3/225 brn\n|\n|-heal|p2a: Comfey|17/225 brn|[from] item: Leftovers\n|-heal|p1a: Palafin|214/281|[from] item: Leftovers\n|-damage|p2a: Comfey|3/225 brn|[from] brn\n|upkeep\n|turn|10\n|\n|t:|1781455742\n|move|p2a: Comfey|Draining Kiss|p1a: Palafin\n|-resisted|p1a: Palafin\n|-damage|p1a: Palafin|157/281\n|-heal|p2a: Comfey|46/225 brn|[from] drain|[of] p1a: Palafin\n|move|p1a: Palafin|Jet Punch|p2a: Comfey\n|-damage|p2a: Comfey|0 fnt\n|faint|p2a: Comfey\n|\n|-heal|p1a: Palafin|174/281|[from] item: Leftovers\n|upkeep\n|\n|t:|1781455754\n|switch|p2a: Medicham|Medicham, L86, F|243/243\n|turn|11\n|\n|t:|1781455762\n|move|p1a: Palafin|Bulk Up|p1a: Palafin\n|-boost|p1a: Palafin|atk|1\n|-boost|p1a: Palafin|def|1\n|move|p2a: Medicham|Trick|p1a: Palafin\n|-activate|p2a: Medicham|move: Trick|[of] p1a: Palafin\n|-item|p1a: Palafin|Choice Band|[from] move: Trick\n|-item|p2a: Medicham|Leftovers|[from] move: Trick\n|\n|upkeep\n|turn|12\n|\n|t:|1781455772\n|move|p1a: Palafin|Jet Punch|p2a: Medicham\n|-damage|p2a: Medicham|56/243\n|move|p2a: Medicham|Close Combat|p1a: Palafin\n|-supereffective|p1a: Palafin\n|-crit|p1a: Palafin\n|-damage|p1a: Palafin|0 fnt\n|-unboost|p2a: Medicham|def|1\n|-unboost|p2a: Medicham|spd|1\n|faint|p1a: Palafin\n|\n|-heal|p2a: Medicham|71/243|[from] item: Leftovers\n|upkeep\n|\n|t:|1781455775\n|switch|p1a: Rotom|Rotom, L88|208/231\n|turn|13\n|\n|t:|1781455786\n|move|p1a: Rotom|Volt Switch|p2a: Medicham\n|-damage|p2a: Medicham|0 fnt\n|faint|p2a: Medicham\n|-damage|p1a: Rotom|185/231|[from] item: Life Orb\n|\n|t:|1781455790\n|switch|p1a: Cyclizar|Cyclizar, L83, M|252/252|[from] Volt Switch\n|\n|upkeep\n|\n|t:|1781455817\n|switch|p2a: Ho-Oh|Ho-Oh, L71|268/268\n|turn|14\n|\n|t:|1781455829\n|move|p1a: Cyclizar|Draco Meteor|p2a: Ho-Oh\n|-damage|p2a: Ho-Oh|178/268\n|-unboost|p1a: Cyclizar|spa|2\n|move|p2a: Ho-Oh|Sacred Fire|p1a: Cyclizar\n|-resisted|p1a: Cyclizar\n|-damage|p1a: Cyclizar|190/252\n|-status|p1a: Cyclizar|brn\n|\n|-damage|p1a: Cyclizar|175/252 brn|[from] brn\n|upkeep\n|turn|15\n|\n|t:|1781455841\n|move|p1a: Cyclizar|Shed Tail|p1a: Cyclizar\n|-start|p1a: Cyclizar|Substitute|[from] move: Shed Tail\n|-damage|p1a: Cyclizar|49/252 brn\n|\n|t:|1781455849\n|switch|p1a: Rotom|Rotom, L88|185/231|[from] Shed Tail\n|move|p2a: Ho-Oh|Earthquake|p1a: Rotom\n|-immune|p1a: Rotom|[from] ability: Levitate\n|\n|upkeep\n|turn|16\n|\n|t:|1781455862\n|switch|p2a: Zekrom|Zekrom, L71|259/259\n|-ability|p2a: Zekrom|Teravolt\n|move|p1a: Rotom|Thunderbolt|p2a: Zekrom\n|-resisted|p2a: Zekrom\n|-damage|p2a: Zekrom|227/259\n|-damage|p1a: Rotom|162/231|[from] item: Life Orb\n|\n|-heal|p2a: Zekrom|243/259|[from] item: Leftovers\n|upkeep\n|turn|17\n|\n|t:|1781455877\n|move|p1a: Rotom|Will-O-Wisp|p2a: Zekrom\n|-status|p2a: Zekrom|brn\n|move|p2a: Zekrom|Bolt Strike|p1a: Rotom\n|-resisted|p1a: Rotom\n|-activate|p1a: Rotom|move: Substitute|[damage]\n|\n|-heal|p2a: Zekrom|259/259 brn|[from] item: Leftovers\n|-damage|p2a: Zekrom|243/259 brn|[from] brn\n|upkeep\n|turn|18\n|\n|t:|1781455882\n|move|p1a: Rotom|Shadow Ball|p2a: Zekrom\n|-damage|p2a: Zekrom|113/259 brn\n|-damage|p1a: Rotom|139/231|[from] item: Life Orb\n|move|p2a: Zekrom|Bolt Strike|p1a: Rotom\n|-resisted|p1a: Rotom\n|-end|p1a: Rotom|Substitute\n|\n|-heal|p2a: Zekrom|129/259 brn|[from] item: Leftovers\n|-damage|p2a: Zekrom|113/259 brn|[from] brn\n|upkeep\n|turn|19\n|\n|t:|1781455889\n|move|p1a: Rotom|Shadow Ball|p2a: Zekrom\n|-damage|p2a: Zekrom|0 fnt\n|faint|p2a: Zekrom\n|-damage|p1a: Rotom|116/231|[from] item: Life Orb\n|\n|upkeep\n|\n|t:|1781455892\n|switch|p2a: Kyogre|Kyogre, L71|259/259\n|-weather|RainDance|[from] ability: Drizzle|[of] p2a: Kyogre\n|turn|20\n|inactive|schleeby has 120 seconds left.\n|\n|t:|1781455923\n|switch|p1a: Porygon-Z|Porygon-Z, L83|277/277\n|move|p2a: Kyogre|Water Spout|p1a: Porygon-Z\n|-damage|p1a: Porygon-Z|0 fnt\n|faint|p1a: Porygon-Z\n|\n|-weather|RainDance|[upkeep]\n|upkeep\n|\n|t:|1781455925\n|switch|p1a: Roaring Moon|Roaring Moon, L72|270/270\n|-enditem|p1a: Roaring Moon|Booster Energy\n|-activate|p1a: Roaring Moon|ability: Protosynthesis|[fromitem]\n|-start|p1a: Roaring Moon|protosynthesisatk\n|turn|21\n|inactive|Crinjal has 120 seconds left.\n|\n|t:|1781455966\n|switch|p2a: Ho-Oh|Ho-Oh, L71|267/268\n|move|p1a: Roaring Moon|Dragon Dance|p1a: Roaring Moon\n|-boost|p1a: Roaring Moon|atk|1\n|-boost|p1a: Roaring Moon|spe|1\n|\n|-weather|RainDance|[upkeep]\n|upkeep\n|turn|22\n|\n|t:|1781455977\n|move|p1a: Roaring Moon|Outrage|p2a: Ho-Oh\n|-damage|p2a: Ho-Oh|0 fnt\n|faint|p2a: Ho-Oh\n|\n|-weather|RainDance|[upkeep]\n|upkeep\n|\n|t:|1781455981\n|switch|p2a: Breloom|Breloom, L83, F|235/235\n|turn|23\n|inactive|Crinjal has 120 seconds left.\n|\n|t:|1781455992\n|-terastallize|p2a: Breloom|Fighting\n|move|p2a: Breloom|Mach Punch|p1a: Roaring Moon\n|-supereffective|p1a: Roaring Moon\n|-damage|p1a: Roaring Moon|0 fnt\n|faint|p1a: Roaring Moon\n|-end|p1a: Roaring Moon|Protosynthesis|[silent]\n|-damage|p2a: Breloom|212/235|[from] item: Life Orb\n|\n|-weather|RainDance|[upkeep]\n|upkeep\n|\n|t:|1781455998\n|switch|p1a: Cyclizar|Cyclizar, L83, M|133/252 brn\n|turn|24\n|\n|t:|1781456006\n|switch|p1a: Rotom|Rotom, L88|116/231\n|move|p2a: Breloom|Bullet Seed|p1a: Rotom\n|-damage|p1a: Rotom|50/231\n|-damage|p1a: Rotom|0 fnt\n|faint|p1a: Rotom\n|-hitcount|p1: Rotom|2\n|-damage|p2a: Breloom|189/235|[from] item: Life Orb\n|\n|-weather|none\n|upkeep\n|\n|t:|1781456009\n|switch|p1a: Cyclizar|Cyclizar, L83, M|217/252 brn\n|turn|25\n|\n|t:|1781456013\n|move|p2a: Breloom|Mach Punch|p1a: Cyclizar\n|-supereffective|p1a: Cyclizar\n|-damage|p1a: Cyclizar|0 fnt\n|faint|p1a: Cyclizar\n|-damage|p2a: Breloom|166/235|[from] item: Life Orb\n|\n|win|Crinjal\n", "inputlog": ">version a8376a258c1d4662feba110a92103f3664a72141\n>start {\"formatid\":\"gen9randombattle\",\"seed\":\"sodium,f8cb6a32910ba740f958124e12f7c185\",\"rated\":\"Rated battle\"}\n>player p1 {\"name\":\"schleeby\",\"avatar\":\"rosa\",\"rating\":2025,\"seed\":\"sodium,1f2068fa10b22f0c2b387d3d5015564c\"}\n>player p2 {\"name\":\"Crinjal\",\"avatar\":\"veteran\",\"rating\":2015,\"seed\":\"sodium,95b7e66cac93d6e201f3416a355b1bf8\"}\n>p1 switch 2\n>p2 move closecombat\n>p1 move willowisp\n>p2 switch 2\n>p1 move voltswitch\n>p2 move calmmind\n>p1 switch 5\n>p1 switch 2\n>p2 move gigadrain\n>p1 move wavecrash\n>p2 move calmmind\n>p1 move wavecrash\n>p2 move gigadrain\n>p1 move wavecrash\n>p2 move gigadrain\n>p1 switch 2\n>p1 move jetpunch terastallize\n>p2 move gigadrain\n>p1 move jetpunch\n>p2 move drainingkiss\n>p1 move jetpunch\n>p2 move drainingkiss\n>p2 switch 2\n>p1 move bulkup\n>p2 move trick\n>p1 move jetpunch\n>p2 move closecombat\n>p1 switch 5\n>p1 move voltswitch\n>p2 move zenheadbutt\n>p1 switch 3\n>p2 switch 6\n>p1 move dracometeor\n>p2 move sacredfire\n>p1 move shedtail\n>p2 move earthquake\n>p1 switch 3\n>p1 move thunderbolt\n>p2 switch 5\n>p1 move willowisp\n>p2 move boltstrike\n>p1 move shadowball\n>p2 move boltstrike\n>p1 move shadowball\n>p2 move boltstrike\n>p2 switch 3\n>p1 switch 4\n>p2 move waterspout\n>p1 switch 6\n>p1 move dragondance\n>p2 switch 5\n>p1 move outrage\n>p2 move sacredfire\n>p2 switch 4\n>p1 move outrage\n>p2 move machpunch terastallize\n>p1 switch 3\n>p1 switch 4\n>p2 move bulletseed\n>p1 switch 4\n>p1 move dracometeor\n>p2 move machpunch", "uploadtime": 1781455599, "views": 5, "formatid": "gen9randombattle", "rating": null, "private": 0, "password": null}