{"id": "gen9randombattle-2631780449", "format": "[Gen 9] Random Battle", "players": ["healboy009", "vCreeze"], "log": "|j|\u2606healboy009\n|j|\u2606vCreeze\n|t:|1781438569\n|gametype|singles\n|player|p1|healboy009|lucas|1919\n|player|p2|vCreeze|marnie-masters|1995\n|gen|9\n|tier|[Gen 9] Random Battle\n|rated|\n|rule|Species Clause: Limit one of each Pok\u00e9mon\n|rule|HP Percentage Mod: HP is shown in percentages\n|rule|Sleep Clause Mod: Limit one foe put to sleep\n|rule|Illusion Level Mod: Illusion disguises the Pok\u00e9mon's true level\n|\n|t:|1781438569\n|teamsize|p1|6\n|teamsize|p2|6\n|start\n|switch|p1a: Raikou|Raikou, L81|278/278\n|switch|p2a: Farigiraf|Farigiraf, L90, M|362/362\n|-ability|p1a: Raikou|Pressure\n|turn|1\n|\n|t:|1781438602\n|switch|p2a: Exeggutor|Exeggutor-Alola, L89, F|314/314\n|-item|p1a: Raikou|Choice Specs|[from] ability: Frisk|[of] p2a: Exeggutor\n|move|p1a: Raikou|Volt Switch|p2a: Exeggutor\n|-resisted|p2a: Exeggutor\n|-damage|p2a: Exeggutor|281/314\n|inactive|Battle timer is ON: inactive players will automatically lose when time's up. (requested by vCreeze)\n|\n|t:|1781438624\n|switch|p1a: Flareon|Flareon, L90, M|263/263|[from] Volt Switch\n|\n|-status|p1a: Flareon|tox|[from] item: Toxic Orb\n|upkeep\n|turn|2\n|\n|t:|1781438647\n|switch|p2a: Toxapex|Toxapex, L82, F|216/216\n|move|p1a: Flareon|Trailblaze|p2a: Toxapex\n|-damage|p2a: Toxapex|161/216\n|-boost|p1a: Flareon|spe|1\n|-damage|p1a: Flareon|220/263 tox|[from] item: Rocky Helmet|[of] p2a: Toxapex\n|\n|-damage|p1a: Flareon|204/263 tox|[from] psn\n|upkeep\n|turn|3\n|inactive|vCreeze has 120 seconds left.\n|\n|t:|1781438676\n|-terastallize|p1a: Flareon|Normal\n|move|p1a: Flareon|Facade|p2a: Toxapex\n|-damage|p2a: Toxapex|0 fnt\n|-damage|p1a: Flareon|161/263 tox|[from] item: Rocky Helmet|[of] p2a: Toxapex\n|faint|p2a: Toxapex\n|\n|-damage|p1a: Flareon|129/263 tox|[from] psn\n|upkeep\n|inactive|vCreeze has 90 seconds left.\n|\n|t:|1781438712\n|switch|p2a: Farigiraf|Farigiraf, L90, M|362/362\n|turn|4\n|\n|t:|1781438715\n|move|p2a: Farigiraf|Protect|p2a: Farigiraf\n|-singleturn|p2a: Farigiraf|Protect\n|move|p1a: Flareon|Facade|p2a: Farigiraf\n|-activate|p2a: Farigiraf|move: Protect\n|\n|-damage|p1a: Flareon|81/263 tox|[from] psn\n|upkeep\n|turn|5\n|\n|t:|1781438723\n|move|p1a: Flareon|Facade|p2a: Farigiraf\n|-damage|p2a: Farigiraf|0 fnt\n|faint|p2a: Farigiraf\n|\n|-damage|p1a: Flareon|17/263 tox|[from] psn\n|upkeep\n|\n|t:|1781438730\n|switch|p2a: Dugtrio|Dugtrio, L84, F|196/196\n|turn|6\n|\n|t:|1781438734\n|move|p2a: Dugtrio|Sucker Punch|p1a: Flareon\n|-damage|p1a: Flareon|0 fnt\n|faint|p1a: Flareon\n|-damage|p2a: Dugtrio|177/196|[from] item: Life Orb\n|\n|upkeep\n|\n|t:|1781438740\n|switch|p1a: Arboliva|Arboliva, L91, M|288/288\n|turn|7\n|inactive|vCreeze has 120 seconds left.\n|\n|t:|1781438768\n|switch|p2a: Iron Hands|Iron Hands, L79|373/373\n|move|p1a: Arboliva|Substitute|p1a: Arboliva\n|-start|p1a: Arboliva|Substitute\n|-damage|p1a: Arboliva|216/288\n|\n|upkeep\n|turn|8\n|\n|t:|1781438776\n|move|p2a: Iron Hands|Drain Punch|p1a: Arboliva\n|-supereffective|p1a: Arboliva\n|-end|p1a: Arboliva|Substitute\n|move|p1a: Arboliva|Leech Seed|p2a: Iron Hands\n|-start|p2a: Iron Hands|move: Leech Seed\n|\n|-damage|p2a: Iron Hands|327/373|[from] Leech Seed|[of] p1a: Arboliva\n|-heal|p1a: Arboliva|262/288|[silent]\n|upkeep\n|turn|9\n|\n|t:|1781438783\n|-end|p2a: Iron Hands|Quark Drive|[silent]\n|switch|p2a: Exeggutor|Exeggutor-Alola, L89, F|281/314\n|-item|p1a: Arboliva|Sitrus Berry|[from] ability: Frisk|[of] p2a: Exeggutor\n|move|p1a: Arboliva|Substitute|p1a: Arboliva\n|-start|p1a: Arboliva|Substitute\n|-damage|p1a: Arboliva|190/288\n|\n|upkeep\n|turn|10\n|\n|t:|1781438793\n|move|p2a: Exeggutor|Flamethrower|p1a: Arboliva\n|-supereffective|p1a: Arboliva\n|-end|p1a: Arboliva|Substitute\n|move|p1a: Arboliva|Hyper Voice|p2a: Exeggutor\n|-damage|p2a: Exeggutor|127/314\n|\n|upkeep\n|turn|11\n|\n|t:|1781438802\n|switch|p1a: Tatsugiri|Tatsugiri, L87, M|260/260\n|move|p2a: Exeggutor|Flamethrower|p1a: Tatsugiri\n|-resisted|p1a: Tatsugiri\n|-damage|p1a: Tatsugiri|229/260\n|\n|upkeep\n|turn|12\n|\n|t:|1781438808\n|switch|p2a: Iron Hands|Iron Hands, L79|327/373\n|move|p1a: Tatsugiri|Rapid Spin|p2a: Iron Hands\n|-damage|p2a: Iron Hands|306/373\n|-boost|p1a: Tatsugiri|spe|1\n|\n|-heal|p2a: Iron Hands|329/373|[from] item: Leftovers\n|upkeep\n|turn|13\n|\n|t:|1781438813\n|move|p1a: Tatsugiri|Nasty Plot|p1a: Tatsugiri\n|-boost|p1a: Tatsugiri|spa|2\n|move|p2a: Iron Hands|Drain Punch|p1a: Tatsugiri\n|-damage|p1a: Tatsugiri|109/260\n|-heal|p2a: Iron Hands|373/373|[from] drain|[of] p1a: Tatsugiri\n|\n|upkeep\n|turn|14\n|\n|t:|1781438823\n|-end|p2a: Iron Hands|Quark Drive|[silent]\n|switch|p2a: Walking Wake|Walking Wake, L79|286/286\n|move|p1a: Tatsugiri|Draco Meteor|p2a: Walking Wake\n|-supereffective|p2a: Walking Wake\n|-damage|p2a: Walking Wake|0 fnt\n|-unboost|p1a: Tatsugiri|spa|2\n|faint|p2a: Walking Wake\n|-end|p2a: Walking Wake|Protosynthesis|[silent]\n|\n|upkeep\n|\n|t:|1781438827\n|switch|p2a: Dugtrio|Dugtrio, L84, F|177/196\n|turn|15\n|\n|t:|1781438834\n|-terastallize|p2a: Dugtrio|Dark\n|move|p2a: Dugtrio|Sucker Punch|p1a: Tatsugiri\n|-damage|p1a: Tatsugiri|0 fnt\n|faint|p1a: Tatsugiri\n|-damage|p2a: Dugtrio|158/196|[from] item: Life Orb\n|\n|upkeep\n|\n|t:|1781438845\n|switch|p1a: Arboliva|Arboliva, L91, M|190/288\n|turn|16\n|\n|t:|1781438849\n|switch|p2a: Exeggutor|Exeggutor-Alola, L89, F|127/314\n|-item|p1a: Arboliva|Sitrus Berry|[from] ability: Frisk|[of] p2a: Exeggutor\n|move|p1a: Arboliva|Substitute|p1a: Arboliva\n|-start|p1a: Arboliva|Substitute\n|-damage|p1a: Arboliva|118/288\n|-enditem|p1a: Arboliva|Sitrus Berry|[eat]\n|-heal|p1a: Arboliva|190/288|[from] item: Sitrus Berry\n|\n|-item|p1a: Arboliva|Sitrus Berry|[from] ability: Harvest\n|upkeep\n|turn|17\n|\n|t:|1781438854\n|move|p2a: Exeggutor|Flamethrower|p1a: Arboliva\n|-supereffective|p1a: Arboliva\n|-end|p1a: Arboliva|Substitute\n|move|p1a: Arboliva|Hyper Voice|p2a: Exeggutor\n|-damage|p2a: Exeggutor|0 fnt\n|faint|p2a: Exeggutor\n|\n|upkeep\n|\n|t:|1781438857\n|switch|p2a: Iron Hands|Iron Hands, L79|373/373\n|turn|18\n|\n|t:|1781438865\n|move|p2a: Iron Hands|Drain Punch|p1a: Arboliva\n|-supereffective|p1a: Arboliva\n|-damage|p1a: Arboliva|4/288\n|-enditem|p1a: Arboliva|Sitrus Berry|[eat]\n|-heal|p1a: Arboliva|76/288|[from] item: Sitrus Berry\n|move|p1a: Arboliva|Leech Seed|p2a: Iron Hands\n|-start|p2a: Iron Hands|move: Leech Seed\n|\n|-damage|p2a: Iron Hands|327/373|[from] Leech Seed|[of] p1a: Arboliva\n|-heal|p1a: Arboliva|122/288|[silent]\n|upkeep\n|turn|19\n|\n|t:|1781438875\n|move|p1a: Arboliva|Protect|p1a: Arboliva\n|-singleturn|p1a: Arboliva|Protect\n|move|p2a: Iron Hands|Drain Punch|p1a: Arboliva\n|-activate|p1a: Arboliva|move: Protect\n|\n|-heal|p2a: Iron Hands|350/373|[from] item: Leftovers\n|-damage|p2a: Iron Hands|304/373|[from] Leech Seed|[of] p1a: Arboliva\n|-heal|p1a: Arboliva|168/288|[silent]\n|-item|p1a: Arboliva|Sitrus Berry|[from] ability: Harvest\n|upkeep\n|turn|20\n|\n|t:|1781438889\n|switch|p1a: Bellibolt|Bellibolt, L84, F|320/320\n|move|p2a: Iron Hands|Drain Punch|p1a: Bellibolt\n|-damage|p1a: Bellibolt|229/320\n|-heal|p2a: Iron Hands|350/373|[from] drain|[of] p1a: Bellibolt\n|-start|p1a: Bellibolt|Charge|Drain Punch|[from] ability: Electromorphosis\n|\n|-heal|p2a: Iron Hands|373/373|[from] item: Leftovers\n|-heal|p1a: Bellibolt|249/320|[from] item: Leftovers\n|-damage|p2a: Iron Hands|327/373|[from] Leech Seed|[of] p1a: Bellibolt\n|-heal|p1a: Bellibolt|295/320|[silent]\n|upkeep\n|turn|21\n|\n|t:|1781438899\n|move|p2a: Iron Hands|Swords Dance|p2a: Iron Hands\n|-boost|p2a: Iron Hands|atk|2\n|move|p1a: Bellibolt|Thunderbolt|p2a: Iron Hands\n|-resisted|p2a: Iron Hands\n|-damage|p2a: Iron Hands|194/373\n|-end|p1a: Bellibolt|Charge|[silent]\n|\n|-heal|p2a: Iron Hands|217/373|[from] item: Leftovers\n|-heal|p1a: Bellibolt|315/320|[from] item: Leftovers\n|-damage|p2a: Iron Hands|171/373|[from] Leech Seed|[of] p1a: Bellibolt\n|-heal|p1a: Bellibolt|320/320|[silent]\n|upkeep\n|turn|22\n|\n|t:|1781438913\n|move|p2a: Iron Hands|Swords Dance|p2a: Iron Hands\n|-boost|p2a: Iron Hands|atk|2\n|move|p1a: Bellibolt|Toxic|p2a: Iron Hands\n|-status|p2a: Iron Hands|tox\n|\n|-heal|p2a: Iron Hands|194/373 tox|[from] item: Leftovers\n|-damage|p2a: Iron Hands|148/373 tox|[from] Leech Seed|[of] p1a: Bellibolt\n|-damage|p2a: Iron Hands|125/373 tox|[from] psn\n|upkeep\n|turn|23\n|\n|t:|1781438918\n|move|p2a: Iron Hands|Drain Punch|p1a: Bellibolt\n|-damage|p1a: Bellibolt|34/320\n|-heal|p2a: Iron Hands|268/373 tox|[from] drain|[of] p1a: Bellibolt\n|-start|p1a: Bellibolt|Charge|Drain Punch|[from] ability: Electromorphosis\n|move|p1a: Bellibolt|Thunderbolt|p2a: Iron Hands\n|-resisted|p2a: Iron Hands\n|-damage|p2a: Iron Hands|142/373 tox\n|-end|p1a: Bellibolt|Charge|[silent]\n|\n|-heal|p2a: Iron Hands|165/373 tox|[from] item: Leftovers\n|-heal|p1a: Bellibolt|54/320|[from] item: Leftovers\n|-damage|p2a: Iron Hands|119/373 tox|[from] Leech Seed|[of] p1a: Bellibolt\n|-heal|p1a: Bellibolt|100/320|[silent]\n|-damage|p2a: Iron Hands|73/373 tox|[from] psn\n|upkeep\n|turn|24\n|\n|t:|1781438931\n|move|p2a: Iron Hands|Drain Punch|p1a: Bellibolt\n|-damage|p1a: Bellibolt|0 fnt\n|-heal|p2a: Iron Hands|123/373 tox|[from] drain|[of] p1a: Bellibolt\n|faint|p1a: Bellibolt\n|\n|-heal|p2a: Iron Hands|146/373 tox|[from] item: Leftovers\n|-damage|p2a: Iron Hands|77/373 tox|[from] psn\n|upkeep\n|\n|t:|1781438941\n|switch|p1a: Meloetta|Meloetta, L82|298/298\n|turn|25\n|\n|t:|1781438944\n|-end|p2a: Iron Hands|Quark Drive|[silent]\n|switch|p2a: Dugtrio|Dugtrio, L84, F, tera:Dark|158/196\n|move|p1a: Meloetta|Relic Song|p2a: Dugtrio\n|-damage|p2a: Dugtrio|6/196\n|-formechange|p1a: Meloetta|Meloetta-Pirouette|[msg]\n|-damage|p1a: Meloetta|269/298|[from] item: Life Orb\n|\n|upkeep\n|turn|26\n|\n|t:|1781438952\n|move|p2a: Dugtrio|Sucker Punch|p1a: Meloetta\n|-resisted|p1a: Meloetta\n|-damage|p1a: Meloetta|218/298\n|-damage|p2a: Dugtrio|0 fnt|[from] item: Life Orb\n|faint|p2a: Dugtrio\n|move|p1a: Meloetta|Knock Off|p2: Dugtrio|[notarget]\n|-fail|p1a: Meloetta\n|\n|upkeep\n|-message|vCreeze forfeited.\n|\n|win|healboy009\n", "uploadtime": 1781438571, "views": 5, "formatid": "gen9randombattle", "rating": null, "private": 0, "password": null}