{"id": "gen9randombattle-2631984912", "format": "[Gen 9] Random Battle", "players": ["titofer", "RidleyAlex"], "log": "|j|\u2606titofer\n|j|\u2606RidleyAlex\n|t:|1781462820\n|gametype|singles\n|player|p1|titofer|169|2015\n|player|p2|RidleyAlex|zinnia|1986\n|gen|9\n|tier|[Gen 9] Random Battle\n|rated|\n|rule|Species Clause: Limit one of each Pok\u00e9mon\n|rule|HP Percentage Mod: HP is shown in percentages\n|rule|Sleep Clause Mod: Limit one foe put to sleep\n|rule|Illusion Level Mod: Illusion disguises the Pok\u00e9mon's true level\n|\n|t:|1781462820\n|teamsize|p1|6\n|teamsize|p2|6\n|start\n|switch|p1a: Golem|Golem, L87, F|281/281\n|switch|p2a: Beartic|Beartic, L91, F|321/321\n|turn|1\n|\n|t:|1781462832\n|move|p2a: Beartic|Icicle Crash|p1a: Golem\n|-supereffective|p1a: Golem\n|-damage|p1a: Golem|87/281\n|cant|p1a: Golem|flinch\n|\n|upkeep\n|turn|2\n|\n|t:|1781462838\n|move|p2a: Beartic|Icicle Crash|p1a: Golem\n|-supereffective|p1a: Golem\n|-damage|p1a: Golem|0 fnt\n|faint|p1a: Golem\n|\n|upkeep\n|\n|t:|1781462847\n|switch|p1a: Gurdurr|Gurdurr, L85, M|283/283\n|turn|3\n|\n|t:|1781462853\n|switch|p2a: Uxie|Uxie, L83|260/260\n|move|p1a: Gurdurr|Knock Off|p2a: Uxie\n|-supereffective|p2a: Uxie\n|-damage|p2a: Uxie|154/260\n|-enditem|p2a: Uxie|Leftovers|[from] move: Knock Off|[of] p1a: Gurdurr\n|\n|upkeep\n|turn|4\n|\n|t:|1781462860\n|switch|p1a: Regigigas|Regigigas, L84|322/322\n|-start|p1a: Regigigas|ability: Slow Start\n|move|p2a: Uxie|Stealth Rock|p1a: Regigigas\n|-sidestart|p1: titofer|move: Stealth Rock\n|\n|upkeep\n|turn|5\n|\n|t:|1781462871\n|move|p2a: Uxie|Thunder Wave|p1a: Regigigas\n|-status|p1a: Regigigas|par\n|move|p1a: Regigigas|Body Slam|p2a: Uxie\n|-damage|p2a: Uxie|106/260\n|-status|p2a: Uxie|par\n|\n|upkeep\n|turn|6\n|inactive|Battle timer is ON: inactive players will automatically lose when time's up. (requested by titofer)\n|\n|t:|1781462878\n|cant|p2a: Uxie|par\n|move|p1a: Regigigas|Knock Off|p2a: Uxie\n|-supereffective|p2a: Uxie\n|-damage|p2a: Uxie|58/260 par\n|\n|upkeep\n|turn|7\n|\n|t:|1781462886\n|move|p2a: Uxie|U-turn|p1a: Regigigas\n|-damage|p1a: Regigigas|290/322 par\n|\n|t:|1781462910\n|switch|p2a: Rampardos|Rampardos, L90, M|321/321|[from] U-turn\n|cant|p1a: Regigigas|par\n|\n|-heal|p1a: Regigigas|310/322 par|[from] item: Leftovers\n|upkeep\n|turn|8\n|\n|t:|1781462917\n|move|p2a: Rampardos|Head Smash|p1a: Regigigas\n|-damage|p1a: Regigigas|69/322 par\n|-damage|p2a: Rampardos|200/321|[from] Recoil\n|move|p1a: Regigigas|Knock Off|p2a: Rampardos\n|-damage|p2a: Rampardos|131/321\n|-enditem|p2a: Rampardos|Choice Scarf|[from] move: Knock Off|[of] p1a: Regigigas\n|\n|-heal|p1a: Regigigas|89/322 par|[from] item: Leftovers\n|upkeep\n|turn|9\n|\n|t:|1781462932\n|switch|p1a: Gurdurr|Gurdurr, L85, M|283/283\n|-damage|p1a: Gurdurr|266/283|[from] Stealth Rock\n|move|p2a: Rampardos|Earthquake|p1a: Gurdurr\n|-damage|p1a: Gurdurr|182/283\n|\n|upkeep\n|turn|10\n|\n|t:|1781462941\n|switch|p2a: Uxie|Uxie, L83|58/260 par\n|move|p1a: Gurdurr|Knock Off|p2a: Uxie\n|-supereffective|p2a: Uxie\n|-damage|p2a: Uxie|0 fnt\n|faint|p2a: Uxie\n|\n|upkeep\n|inactive|RidleyAlex has 120 seconds left.\n|\n|t:|1781462975\n|switch|p2a: Pawmot|Pawmot, L80, M|243/243\n|turn|11\n|\n|t:|1781462983\n|move|p2a: Pawmot|Double Shock|p1a: Gurdurr\n|-damage|p1a: Gurdurr|89/283\n|-start|p2a: Pawmot|typechange|???/Fighting|[from] move: Double Shock\n|move|p1a: Gurdurr|Drain Punch|p2a: Pawmot\n|-damage|p2a: Pawmot|132/243\n|-heal|p1a: Gurdurr|145/283|[from] drain|[of] p2a: Pawmot\n|\n|upkeep\n|turn|12\n|\n|t:|1781462997\n|move|p2a: Pawmot|Close Combat|p1a: Gurdurr\n|-damage|p1a: Gurdurr|57/283\n|-unboost|p2a: Pawmot|def|1\n|-unboost|p2a: Pawmot|spd|1\n|move|p1a: Gurdurr|Drain Punch|p2a: Pawmot\n|-damage|p2a: Pawmot|0 fnt\n|-heal|p1a: Gurdurr|123/283|[from] drain|[of] p2a: Pawmot\n|faint|p2a: Pawmot\n|\n|upkeep\n|\n|t:|1781463007\n|switch|p2a: Samurott|Samurott-Hisui, L77, F|265/265\n|turn|13\n|\n|t:|1781463011\n|-terastallize|p2a: Samurott|Water\n|move|p2a: Samurott|Razor Shell|p1a: Gurdurr\n|-damage|p1a: Gurdurr|0 fnt\n|faint|p1a: Gurdurr\n|\n|upkeep\n|\n|t:|1781463025\n|switch|p1a: Raikou|Raikou, L81|278/278\n|-damage|p1a: Raikou|244/278|[from] Stealth Rock\n|-ability|p1a: Raikou|Pressure\n|turn|14\n|\n|t:|1781463031\n|switch|p2a: Frosmoth|Frosmoth, L82, F|249/249\n|move|p1a: Raikou|Thunderbolt|p2a: Frosmoth\n|-damage|p2a: Frosmoth|202/249\n|\n|-heal|p1a: Raikou|261/278|[from] item: Leftovers\n|upkeep\n|turn|15\n|\n|t:|1781463039\n|switch|p1a: Probopass|Probopass, L91, F|257/257\n|-damage|p1a: Probopass|241/257|[from] Stealth Rock\n|move|p2a: Frosmoth|Ice Beam|p1a: Probopass\n|-resisted|p1a: Probopass\n|-damage|p1a: Probopass|205/257\n|\n|-heal|p1a: Probopass|221/257|[from] item: Leftovers\n|upkeep\n|turn|16\n|\n|t:|1781463056\n|switch|p2a: Rampardos|Rampardos, L90, M|131/321\n|move|p1a: Probopass|Iron Defense|p1a: Probopass\n|-boost|p1a: Probopass|def|2\n|\n|-heal|p1a: Probopass|237/257|[from] item: Leftovers\n|upkeep\n|turn|17\n|\n|t:|1781463072\n|-terastallize|p1a: Probopass|Fighting\n|move|p2a: Rampardos|Earthquake|p1a: Probopass\n|-damage|p1a: Probopass|199/257\n|move|p1a: Probopass|Body Press|p2a: Rampardos\n|-supereffective|p2a: Rampardos\n|-damage|p2a: Rampardos|0 fnt\n|faint|p2a: Rampardos\n|\n|-heal|p1a: Probopass|215/257|[from] item: Leftovers\n|upkeep\n|\n|t:|1781463081\n|switch|p2a: Frosmoth|Frosmoth, L82, F|202/249\n|turn|18\n|\n|t:|1781463085\n|move|p2a: Frosmoth|Hurricane|p1a: Probopass\n|-supereffective|p1a: Probopass\n|-damage|p1a: Probopass|109/257\n|-start|p1a: Probopass|confusion\n|-activate|p1a: Probopass|confusion\n|move|p1a: Probopass|Body Press|p2a: Frosmoth\n|-damage|p2a: Frosmoth|0 fnt\n|faint|p2a: Frosmoth\n|\n|-heal|p1a: Probopass|125/257|[from] item: Leftovers\n|upkeep\n|\n|t:|1781463093\n|switch|p2a: Samurott|Samurott-Hisui, L77, F, tera:Water|265/265\n|turn|19\n|\n|t:|1781463097\n|move|p2a: Samurott|Sacred Sword|p1a: Probopass\n|-crit|p1a: Probopass\n|-damage|p1a: Probopass|0 fnt\n|faint|p1a: Probopass\n|\n|upkeep\n|\n|t:|1781463112\n|switch|p1a: Raikou|Raikou, L81|261/278\n|-damage|p1a: Raikou|227/278|[from] Stealth Rock\n|-ability|p1a: Raikou|Pressure\n|turn|20\n|\n|t:|1781463119\n|move|p1a: Raikou|Thunderbolt|p2a: Samurott\n|-supereffective|p2a: Samurott\n|-damage|p2a: Samurott|0 fnt\n|faint|p2a: Samurott\n|\n|-heal|p1a: Raikou|244/278|[from] item: Leftovers\n|upkeep\n|\n|t:|1781463122\n|switch|p2a: Beartic|Beartic, L91, F|321/321\n|turn|21\n|\n|t:|1781463125\n|move|p1a: Raikou|Thunderbolt|p2a: Beartic\n|-damage|p2a: Beartic|215/321\n|move|p2a: Beartic|Earthquake|p1a: Raikou\n|-supereffective|p1a: Raikou\n|-damage|p1a: Raikou|2/278\n|\n|-heal|p1a: Raikou|19/278|[from] item: Leftovers\n|upkeep\n|turn|22\n|\n|t:|1781463130\n|move|p2a: Beartic|Aqua Jet|p1a: Raikou\n|-damage|p1a: Raikou|0 fnt\n|faint|p1a: Raikou\n|\n|upkeep\n|\n|t:|1781463135\n|switch|p1a: Regigigas|Regigigas, L84|89/322 par\n|-damage|p1a: Regigigas|49/322 par|[from] Stealth Rock\n|-start|p1a: Regigigas|ability: Slow Start\n|turn|23\n|\n|t:|1781463139\n|move|p2a: Beartic|Icicle Crash|p1a: Regigigas\n|-damage|p1a: Regigigas|0 fnt\n|faint|p1a: Regigigas\n|-end|p1a: Regigigas|Slow Start|[silent]\n|\n|upkeep\n|\n|t:|1781463141\n|switch|p1a: Wigglytuff|Wigglytuff, L96, M|424/424\n|-damage|p1a: Wigglytuff|371/424|[from] Stealth Rock\n|turn|24\n|\n|t:|1781463149\n|move|p2a: Beartic|Icicle Crash|p1a: Wigglytuff\n|-damage|p1a: Wigglytuff|187/424\n|cant|p1a: Wigglytuff|flinch\n|\n|-heal|p1a: Wigglytuff|213/424|[from] item: Leftovers\n|upkeep\n|turn|25\n|\n|t:|1781463154\n|move|p2a: Beartic|Icicle Crash|p1a: Wigglytuff\n|-damage|p1a: Wigglytuff|32/424\n|move|p1a: Wigglytuff|Thunder Wave|p2a: Beartic\n|-status|p2a: Beartic|par\n|\n|-heal|p1a: Wigglytuff|58/424|[from] item: Leftovers\n|upkeep\n|turn|26\n|\n|t:|1781463162\n|move|p1a: Wigglytuff|Alluring Voice|p2a: Beartic\n|-damage|p2a: Beartic|112/321 par\n|move|p2a: Beartic|Earthquake|p1a: Wigglytuff\n|-damage|p1a: Wigglytuff|0 fnt\n|faint|p1a: Wigglytuff\n|\n|win|RidleyAlex\n", "inputlog": ">version a8376a258c1d4662feba110a92103f3664a72141\n>start {\"formatid\":\"gen9randombattle\",\"seed\":\"sodium,e60c3636be44b8a94e98173f6e19d2b7\",\"rated\":\"Rated battle\"}\n>player p1 {\"name\":\"titofer\",\"avatar\":\"169\",\"rating\":2015,\"seed\":\"sodium,407fc12091a746968bc257791a40de20\"}\n>player p2 {\"name\":\"RidleyAlex\",\"avatar\":\"zinnia\",\"rating\":1986,\"seed\":\"sodium,b6b28870e5154462fcc485a995a00d20\"}\n>p1 move stealthrock\n>p2 move iciclecrash\n>p1 move stealthrock\n>p2 move iciclecrash\n>p1 switch 6\n>p1 move knockoff\n>p2 switch 5\n>p1 switch 3\n>p2 move stealthrock\n>p1 move bodyslam\n>p2 move thunderwave\n>p1 move knockoff\n>p2 move uturn\n>p1 move substitute\n>p2 move uturn\n>p2 switch 4\n>p1 move knockoff\n>p2 move headsmash\n>p1 switch 3\n>p2 move earthquake\n>p1 move knockoff\n>p2 switch 4\n>p2 switch 2\n>p1 move drainpunch\n>p2 move doubleshock\n>p1 move drainpunch\n>p2 move closecombat\n>p2 switch 6\n>p1 move drainpunch\n>p2 move razorshell terastallize\n>p1 switch 5\n>p1 move thunderbolt\n>p2 switch 3\n>p1 switch 2\n>p2 move icebeam\n>p1 move irondefense\n>p2 switch 4\n>p1 move bodypress terastallize\n>p2 move earthquake\n>p2 switch 4\n>p1 move bodypress\n>p2 move hurricane\n>p2 switch 3\n>p1 move bodypress\n>p2 move sacredsword\n>p1 switch 2\n>p1 move thunderbolt\n>p2 move sacredsword\n>p2 switch 5\n>p1 move thunderbolt\n>p2 move earthquake\n>p1 move thunderbolt\n>p2 move aquajet\n>p1 switch 3\n>p1 move bodyslam\n>p2 move iciclecrash\n>p1 switch 4\n>p1 move thunderwave\n>p2 move iciclecrash\n>p1 move thunderwave\n>p2 move iciclecrash\n>p1 move alluringvoice\n>p2 move earthquake", "uploadtime": 1781462822, "views": 4, "formatid": "gen9randombattle", "rating": null, "private": 0, "password": null}