{"id": "gen9randombattle-2631747810", "format": "[Gen 9] Random Battle", "players": ["FQBgo", "Jadasteel"], "log": "|j|\u2606FQBgo\n|j|\u2606Jadasteel\n|t:|1781433163\n|gametype|singles\n|player|p1|FQBgo|102|1948\n|player|p2|Jadasteel|fantina|2027\n|gen|9\n|tier|[Gen 9] Random Battle\n|rated|\n|rule|Species Clause: Limit one of each Pok\u00e9mon\n|rule|HP Percentage Mod: HP is shown in percentages\n|rule|Sleep Clause Mod: Limit one foe put to sleep\n|rule|Illusion Level Mod: Illusion disguises the Pok\u00e9mon's true level\n|\n|t:|1781433163\n|teamsize|p1|6\n|teamsize|p2|6\n|start\n|switch|p1a: Cetitan|Cetitan, L82, F|413/413\n|switch|p2a: Grimmsnarl|Grimmsnarl, L83, M|293/293\n|turn|1\n|inactive|Battle timer is ON: inactive players will automatically lose when time's up. (requested by FQBgo)\n|\n|t:|1781433180\n|move|p2a: Grimmsnarl|Reflect|p2a: Grimmsnarl\n|-sidestart|p2: Jadasteel|Reflect\n|move|p1a: Cetitan|Icicle Crash|p2a: Grimmsnarl|[miss]\n|-miss|p1a: Cetitan|p2a: Grimmsnarl\n|\n|upkeep\n|turn|2\n|\n|t:|1781433187\n|move|p2a: Grimmsnarl|Parting Shot|p1a: Cetitan\n|-unboost|p1a: Cetitan|atk|1\n|-unboost|p1a: Cetitan|spa|1\n|\n|t:|1781433196\n|switch|p2a: Kleavor|Kleavor, L78, F|237/237|[from] Parting Shot\n|move|p1a: Cetitan|Icicle Crash|p2a: Kleavor\n|-damage|p2a: Kleavor|180/237\n|\n|upkeep\n|turn|3\n|\n|t:|1781433218\n|switch|p1a: Magearna|Magearna-Original, L77|250/250\n|move|p2a: Kleavor|Stone Axe|p1a: Magearna\n|-resisted|p1a: Magearna\n|-damage|p1a: Magearna|196/250\n|-sidestart|p1: FQBgo|move: Stealth Rock\n|\n|-heal|p1a: Magearna|211/250|[from] item: Leftovers\n|upkeep\n|turn|4\n|\n|t:|1781433228\n|switch|p2a: Magmortar|Magmortar, L88, F|275/275\n|move|p1a: Magearna|Flash Cannon|p2a: Magmortar\n|-resisted|p2a: Magmortar\n|-damage|p2a: Magmortar|232/275\n|\n|-heal|p1a: Magearna|226/250|[from] item: Leftovers\n|upkeep\n|turn|5\n|\n|t:|1781433243\n|switch|p1a: Snorlax|Snorlax, L82, F|397/397\n|-damage|p1a: Snorlax|348/397|[from] Stealth Rock\n|move|p2a: Magmortar|Knock Off|p1a: Snorlax\n|-damage|p1a: Snorlax|248/397\n|-enditem|p1a: Snorlax|Leftovers|[from] move: Knock Off|[of] p2a: Magmortar\n|\n|upkeep\n|turn|6\n|\n|t:|1781433251\n|move|p2a: Magmortar|Focus Blast|p1a: Snorlax\n|-supereffective|p1a: Snorlax\n|-damage|p1a: Snorlax|56/397\n|move|p1a: Snorlax|Curse|p1a: Snorlax\n|-unboost|p1a: Snorlax|spe|1\n|-boost|p1a: Snorlax|atk|1\n|-boost|p1a: Snorlax|def|1\n|\n|upkeep\n|turn|7\n|\n|t:|1781433258\n|move|p2a: Magmortar|Thunderbolt|p1a: Snorlax\n|-damage|p1a: Snorlax|0 fnt\n|faint|p1a: Snorlax\n|\n|upkeep\n|\n|t:|1781433276\n|switch|p1a: Dusknoir|Dusknoir, L89, F|225/225\n|-damage|p1a: Dusknoir|197/225|[from] Stealth Rock\n|-item|p2a: Magmortar|Heavy-Duty Boots|[from] ability: Frisk|[of] p1a: Dusknoir\n|turn|8\n|\n|t:|1781433284\n|switch|p2a: Grimmsnarl|Grimmsnarl, L83, M|293/293\n|move|p1a: Dusknoir|Earthquake|p2a: Grimmsnarl\n|-damage|p2a: Grimmsnarl|212/293\n|\n|-sideend|p2: Jadasteel|Reflect\n|upkeep\n|turn|9\n|\n|t:|1781433292\n|move|p2a: Grimmsnarl|Reflect|p2a: Grimmsnarl\n|-sidestart|p2: Jadasteel|Reflect\n|move|p1a: Dusknoir|Earthquake|p2a: Grimmsnarl\n|-damage|p2a: Grimmsnarl|133/293\n|\n|upkeep\n|turn|10\n|\n|t:|1781433301\n|move|p2a: Grimmsnarl|Parting Shot|p1a: Dusknoir\n|-unboost|p1a: Dusknoir|atk|1\n|-unboost|p1a: Dusknoir|spa|1\n|\n|t:|1781433310\n|switch|p2a: Kleavor|Kleavor, L78, F|180/237|[from] Parting Shot\n|move|p1a: Dusknoir|Earthquake|p2a: Kleavor\n|-damage|p2a: Kleavor|140/237\n|\n|upkeep\n|turn|11\n|\n|t:|1781433317\n|switch|p1a: Magearna|Magearna-Original, L77|226/250\n|-damage|p1a: Magearna|211/250|[from] Stealth Rock\n|move|p2a: Kleavor|Stone Axe|p1a: Magearna\n|-resisted|p1a: Magearna\n|-damage|p1a: Magearna|160/250\n|\n|-heal|p1a: Magearna|175/250|[from] item: Leftovers\n|upkeep\n|turn|12\n|\n|t:|1781433331\n|switch|p2a: Magmortar|Magmortar, L88, F|232/275\n|move|p1a: Magearna|Thunder Wave|p2a: Magmortar\n|-status|p2a: Magmortar|par\n|\n|-heal|p1a: Magearna|190/250|[from] item: Leftovers\n|upkeep\n|turn|13\n|\n|t:|1781433343\n|switch|p1a: Dusknoir|Dusknoir, L89, F|197/225\n|-damage|p1a: Dusknoir|169/225|[from] Stealth Rock\n|-item|p2a: Magmortar|Heavy-Duty Boots|[from] ability: Frisk|[of] p1a: Dusknoir\n|move|p2a: Magmortar|Fire Blast|p1a: Dusknoir\n|-damage|p1a: Dusknoir|58/225\n|\n|upkeep\n|turn|14\n|\n|t:|1781433353\n|move|p1a: Dusknoir|Earthquake|p2a: Magmortar\n|-supereffective|p2a: Magmortar\n|-damage|p2a: Magmortar|93/275 par\n|move|p2a: Magmortar|Knock Off|p1a: Dusknoir\n|-supereffective|p1a: Dusknoir\n|-damage|p1a: Dusknoir|0 fnt\n|-enditem|p1a: Dusknoir|Choice Band|[from] move: Knock Off|[of] p2a: Magmortar\n|faint|p1a: Dusknoir\n|\n|upkeep\n|\n|t:|1781433372\n|switch|p1a: Cetitan|Cetitan, L82, F|413/413\n|-damage|p1a: Cetitan|310/413|[from] Stealth Rock\n|turn|15\n|\n|t:|1781433381\n|move|p1a: Cetitan|Liquidation|p2a: Magmortar\n|-supereffective|p2a: Magmortar\n|-damage|p2a: Magmortar|0 fnt\n|faint|p2a: Magmortar\n|\n|upkeep\n|\n|t:|1781433394\n|switch|p2a: Kleavor|Kleavor, L78, F|140/237\n|turn|16\n|\n|t:|1781433403\n|-terastallize|p1a: Cetitan|Water\n|move|p2a: Kleavor|Stone Axe|p1a: Cetitan|[miss]\n|-miss|p2a: Kleavor|p1a: Cetitan\n|move|p1a: Cetitan|Liquidation|p2a: Kleavor\n|-supereffective|p2a: Kleavor\n|-damage|p2a: Kleavor|0 fnt\n|faint|p2a: Kleavor\n|\n|-sideend|p2: Jadasteel|Reflect\n|upkeep\n|\n|t:|1781433407\n|switch|p2a: Grimmsnarl|Grimmsnarl, L83, M|133/293\n|turn|17\n|\n|t:|1781433413\n|move|p2a: Grimmsnarl|Reflect|p2a: Grimmsnarl\n|-sidestart|p2: Jadasteel|Reflect\n|move|p1a: Cetitan|Liquidation|p2a: Grimmsnarl\n|-damage|p2a: Grimmsnarl|37/293\n|\n|upkeep\n|turn|18\n|\n|t:|1781433419\n|move|p2a: Grimmsnarl|Parting Shot|p1a: Cetitan\n|-unboost|p1a: Cetitan|atk|1\n|-unboost|p1a: Cetitan|spa|1\n|\n|t:|1781433430\n|switch|p2a: Porygon-Z|Porygon-Z, L83|277/277|[from] Parting Shot\n|move|p1a: Cetitan|Liquidation|p2a: Porygon-Z\n|-damage|p2a: Porygon-Z|218/277\n|\n|upkeep\n|turn|19\n|\n|t:|1781433444\n|switch|p1a: Magearna|Magearna-Original, L77|190/250\n|-damage|p1a: Magearna|175/250|[from] Stealth Rock\n|-terastallize|p2a: Porygon-Z|Electric\n|move|p2a: Porygon-Z|Thunderbolt|p1a: Magearna\n|-damage|p1a: Magearna|0 fnt\n|faint|p1a: Magearna\n|-damage|p2a: Porygon-Z|191/277|[from] item: Life Orb\n|\n|upkeep\n|inactive|FQBgo has 120 seconds left.\n|\n|t:|1781433470\n|switch|p1a: Sylveon|Sylveon, L85, M|300/300\n|-damage|p1a: Sylveon|263/300|[from] Stealth Rock\n|turn|20\n|\n|t:|1781433478\n|move|p2a: Porygon-Z|Nasty Plot|p2a: Porygon-Z\n|-boost|p2a: Porygon-Z|spa|2\n|move|p1a: Sylveon|Wish|p1a: Sylveon\n|\n|-heal|p1a: Sylveon|281/300|[from] item: Leftovers\n|upkeep\n|turn|21\n|\n|t:|1781433488\n|move|p2a: Porygon-Z|Thunderbolt|p1a: Sylveon\n|-damage|p1a: Sylveon|0 fnt\n|faint|p1a: Sylveon\n|-damage|p2a: Porygon-Z|164/277|[from] item: Life Orb\n|\n|upkeep\n|\n|t:|1781433494\n|switch|p1a: Serperior|Serperior, L79, M|248/248\n|-damage|p1a: Serperior|217/248|[from] Stealth Rock\n|turn|22\n|\n|t:|1781433499\n|move|p1a: Serperior|Leaf Storm|p2a: Porygon-Z\n|-damage|p2a: Porygon-Z|20/277\n|-boost|p1a: Serperior|spa|2\n|-damage|p1a: Serperior|193/248|[from] item: Life Orb\n|move|p2a: Porygon-Z|Ice Beam|p1a: Serperior\n|-supereffective|p1a: Serperior\n|-crit|p1a: Serperior\n|-damage|p1a: Serperior|0 fnt\n|faint|p1a: Serperior\n|-damage|p2a: Porygon-Z|0 fnt|[from] item: Life Orb\n|faint|p2a: Porygon-Z\n|\n|upkeep\n|-message|FQBgo forfeited.\n|\n|win|Jadasteel\n", "inputlog": ">version a8376a258c1d4662feba110a92103f3664a72141\n>start {\"formatid\":\"gen9randombattle\",\"seed\":\"sodium,ad794ee5fe35e6cac0dd4a1fe2a1afa4\",\"rated\":\"Rated battle\"}\n>player p1 {\"name\":\"FQBgo\",\"avatar\":\"102\",\"rating\":1948,\"seed\":\"sodium,d154d7413584b5317d8d87912995f202\"}\n>player p2 {\"name\":\"Jadasteel\",\"avatar\":\"fantina\",\"rating\":2027,\"seed\":\"sodium,7c1ab94910aee29dc5c8960ac990c1dd\"}\n>p1 move iciclecrash\n>p2 move reflect\n>p1 move iciclecrash\n>p2 move partingshot\n>p2 switch 4\n>p1 switch 3\n>p2 move stoneaxe\n>p1 move flashcannon\n>p2 switch 3\n>p1 switch 5\n>p2 move knockoff\n>p1 move curse\n>p2 move focusblast\n>p1 move earthquake\n>p2 move thunderbolt\n>p1 switch 6\n>p1 move earthquake\n>p2 switch 4\n>p1 move earthquake\n>p2 move reflect\n>p1 move earthquake\n>p2 move partingshot\n>p2 switch 3\n>p1 switch 5\n>p2 move stoneaxe\n>p1 move thunderwave\n>p2 switch 4\n>p1 switch 5\n>p2 move fireblast\n>p1 move earthquake\n>p2 move knockoff\n>p1 switch 3\n>p1 move liquidation\n>p2 move knockoff\n>p2 switch 4\n>p1 move liquidation terastallize\n>p2 move stoneaxe\n>p2 switch 3\n>p1 move liquidation\n>p2 move reflect\n>p1 move liquidation\n>p2 move partingshot\n>p2 switch 2\n>p1 switch 5\n>p2 move thunderbolt terastallize\n>p1 switch 4\n>p1 move wish\n>p2 move nastyplot\n>p1 move calmmind\n>p2 move thunderbolt\n>p1 switch 2\n>p1 move leafstorm\n>p2 move icebeam\n>forcelose p1", "uploadtime": 1781433165, "views": 6, "formatid": "gen9randombattle", "rating": null, "private": 0, "password": null}