{"id": "gen9randombattle-2631965271", "format": "[Gen 9] Random Battle", "players": ["LuxemBougie", "philschmil"], "log": "|j|\u203dLuxemBougie\n|j|\u2606philschmil\n|t:|1781460660\n|gametype|singles\n|player|p1|LuxemBougie|cynthia|1904\n|player|p2|philschmil|alder|1957\n|gen|9\n|tier|[Gen 9] Random Battle\n|rated|\n|rule|Species Clause: Limit one of each Pok\u00e9mon\n|rule|HP Percentage Mod: HP is shown in percentages\n|rule|Sleep Clause Mod: Limit one foe put to sleep\n|rule|Illusion Level Mod: Illusion disguises the Pok\u00e9mon's true level\n|\n|t:|1781460660\n|teamsize|p1|6\n|teamsize|p2|6\n|start\n|switch|p1a: Medicham|Medicham, L86, F|243/243\n|switch|p2a: Gothitelle|Gothitelle, L90, F|272/272\n|turn|1\n|inactive|Battle timer is ON: inactive players will automatically lose when time's up. (requested by philschmil)\n|\n|t:|1781460673\n|move|p1a: Medicham|Poison Jab|p2a: Gothitelle\n|-damage|p2a: Gothitelle|160/272\n|-status|p2a: Gothitelle|psn\n|move|p2a: Gothitelle|Calm Mind|p2a: Gothitelle\n|-boost|p2a: Gothitelle|spa|1\n|-boost|p2a: Gothitelle|spd|1\n|\n|-heal|p2a: Gothitelle|177/272 psn|[from] item: Leftovers\n|-damage|p2a: Gothitelle|143/272 psn|[from] psn\n|upkeep\n|turn|2\n|\n|t:|1781460679\n|move|p1a: Medicham|Poison Jab|p2a: Gothitelle\n|-damage|p2a: Gothitelle|34/272 psn\n|move|p2a: Gothitelle|Psychic Noise|p1a: Medicham\n|-damage|p1a: Medicham|89/243\n|-start|p1a: Medicham|move: Heal Block\n|\n|-heal|p2a: Gothitelle|51/272 psn|[from] item: Leftovers\n|-damage|p2a: Gothitelle|17/272 psn|[from] psn\n|upkeep\n|turn|3\n|\n|t:|1781460686\n|move|p1a: Medicham|Poison Jab|p2a: Gothitelle\n|-damage|p2a: Gothitelle|0 fnt\n|faint|p2a: Gothitelle\n|\n|-end|p1a: Medicham|move: Heal Block\n|upkeep\n|\n|t:|1781460693\n|switch|p2a: Garchomp|Garchomp, L74, F|282/282\n|turn|4\n|\n|t:|1781460704\n|switch|p1a: Calyrex|Calyrex-Ice, L72|263/263\n|-ability|p1a: Calyrex|As One\n|-ability|p1a: Calyrex|Unnerve\n|move|p2a: Garchomp|Earthquake|p1a: Calyrex\n|-damage|p1a: Calyrex|187/263\n|\n|upkeep\n|turn|5\n|\n|t:|1781460717\n|switch|p2a: Cloyster|Cloyster, L80, F|211/211\n|move|p1a: Calyrex|Glacial Lance|p2a: Cloyster\n|-resisted|p2a: Cloyster\n|-damage|p2a: Cloyster|192/211\n|\n|upkeep\n|turn|6\n|\n|t:|1781460743\n|move|p2a: Cloyster|Shell Smash|p2a: Cloyster\n|-unboost|p2a: Cloyster|def|1\n|-unboost|p2a: Cloyster|spd|1\n|-boost|p2a: Cloyster|atk|2\n|-boost|p2a: Cloyster|spa|2\n|-boost|p2a: Cloyster|spe|2\n|-enditem|p2a: Cloyster|White Herb\n|-clearnegativeboost|p2a: Cloyster|[silent]\n|move|p1a: Calyrex|Close Combat|p2a: Cloyster\n|-supereffective|p2a: Cloyster\n|-damage|p2a: Cloyster|86/211\n|-unboost|p1a: Calyrex|def|1\n|-unboost|p1a: Calyrex|spd|1\n|\n|upkeep\n|turn|7\n|\n|t:|1781460755\n|move|p2a: Cloyster|Rock Blast|p1a: Calyrex\n|-supereffective|p1a: Calyrex\n|-damage|p1a: Calyrex|109/263\n|-enditem|p1a: Calyrex|Weakness Policy\n|-boost|p1a: Calyrex|atk|2|[from] item: Weakness Policy\n|-boost|p1a: Calyrex|spa|2|[from] item: Weakness Policy\n|-supereffective|p1a: Calyrex\n|-damage|p1a: Calyrex|35/263\n|-supereffective|p1a: Calyrex\n|-damage|p1a: Calyrex|0 fnt\n|faint|p1a: Calyrex\n|-hitcount|p1: Calyrex|3\n|\n|upkeep\n|inactive|LuxemBougie has 120 seconds left.\n|inactive|LuxemBougie has 90 seconds left.\n|inactive|LuxemBougie has 60 seconds left.\n|\n|t:|1781460862\n|switch|p1a: Glalie|Glalie, L96, M|309/309\n|turn|8\n|\n|t:|1781460874\n|-terastallize|p1a: Glalie|Water\n|move|p2a: Cloyster|Rock Blast|p1a: Glalie\n|-damage|p1a: Glalie|276/309\n|-damage|p1a: Glalie|247/309\n|-damage|p1a: Glalie|218/309\n|-damage|p1a: Glalie|185/309\n|-damage|p1a: Glalie|154/309\n|-hitcount|p1a: Glalie|5\n|move|p1a: Glalie|Freeze-Dry|p2a: Cloyster\n|-damage|p2a: Cloyster|0 fnt\n|faint|p2a: Cloyster\n|\n|upkeep\n|\n|t:|1781460877\n|switch|p2a: Zekrom|Zekrom, L71|259/259\n|-ability|p2a: Zekrom|Teravolt\n|turn|9\n|\n|t:|1781460883\n|-terastallize|p2a: Zekrom|Fairy\n|move|p1a: Glalie|Taunt|p2a: Zekrom\n|-start|p2a: Zekrom|move: Taunt\n|cant|p2a: Zekrom|move: Taunt|Dragon Dance\n|\n|upkeep\n|turn|10\n|\n|t:|1781460894\n|move|p1a: Glalie|Freeze-Dry|p2a: Zekrom\n|-damage|p2a: Zekrom|172/259\n|move|p2a: Zekrom|Bolt Strike|p1a: Glalie\n|-supereffective|p1a: Glalie\n|-damage|p1a: Glalie|0 fnt\n|faint|p1a: Glalie\n|\n|-heal|p2a: Zekrom|188/259|[from] item: Leftovers\n|upkeep\n|\n|t:|1781460901\n|switch|p1a: Gholdengo|Gholdengo, L77|261/261\n|turn|11\n|\n|t:|1781460909\n|switch|p2a: Scrafty|Scrafty, L83, F|244/244\n|-ability|p2a: Scrafty|Intimidate|boost\n|-unboost|p1a: Gholdengo|atk|1\n|move|p1a: Gholdengo|Nasty Plot|p1a: Gholdengo\n|-boost|p1a: Gholdengo|spa|2\n|\n|upkeep\n|turn|12\n|\n|t:|1781460917\n|move|p1a: Gholdengo|Focus Blast|p2a: Scrafty\n|-supereffective|p2a: Scrafty\n|-damage|p2a: Scrafty|0 fnt\n|faint|p2a: Scrafty\n|\n|upkeep\n|\n|t:|1781460938\n|switch|p2a: Garchomp|Garchomp, L74, F|282/282\n|turn|13\n|\n|t:|1781460950\n|move|p2a: Garchomp|Earthquake|p1a: Gholdengo\n|-supereffective|p1a: Gholdengo\n|-damage|p1a: Gholdengo|39/261\n|move|p1a: Gholdengo|Make It Rain|p2a: Garchomp\n|-damage|p2a: Garchomp|0 fnt\n|-unboost|p1a: Gholdengo|spa|1\n|faint|p2a: Garchomp\n|\n|-heal|p1a: Gholdengo|55/261|[from] item: Leftovers\n|upkeep\n|\n|t:|1781460957\n|switch|p2a: Decidueye|Decidueye, L88, M|281/281\n|turn|14\n|\n|t:|1781460962\n|move|p2a: Decidueye|Shadow Sneak|p1a: Gholdengo\n|-supereffective|p1a: Gholdengo\n|-damage|p1a: Gholdengo|0 fnt\n|faint|p1a: Gholdengo\n|-damage|p2a: Decidueye|253/281|[from] item: Life Orb\n|\n|upkeep\n|inactive|LuxemBougie has 90 seconds left.\n|\n|t:|1781460969\n|switch|p1a: Mienshao|Mienshao, L83, M|243/243\n|turn|15\n|\n|t:|1781460980\n|move|p1a: Mienshao|Knock Off|p2a: Decidueye\n|-supereffective|p2a: Decidueye\n|-damage|p2a: Decidueye|3/281\n|-enditem|p2a: Decidueye|Life Orb|[from] move: Knock Off|[of] p1a: Mienshao\n|move|p2a: Decidueye|Poltergeist|p1a: Mienshao\n|-activate|p1a: Mienshao|move: Poltergeist|Choice Band\n|-damage|p1a: Mienshao|63/243\n|\n|upkeep\n|turn|16\n|\n|t:|1781460987\n|move|p2a: Decidueye|Shadow Sneak|p1a: Mienshao\n|-damage|p1a: Mienshao|0 fnt\n|faint|p1a: Mienshao\n|\n|upkeep\n|\n|t:|1781460992\n|switch|p1a: Medicham|Medicham, L86, F|89/243\n|turn|17\n|\n|t:|1781460999\n|move|p1a: Medicham|Bullet Punch|p2a: Decidueye\n|-damage|p2a: Decidueye|0 fnt\n|faint|p2a: Decidueye\n|\n|upkeep\n|\n|t:|1781461001\n|switch|p2a: Zekrom|Zekrom, L71, tera:Fairy|188/259\n|-ability|p2a: Zekrom|Teravolt\n|turn|18\n|\n|t:|1781461008\n|move|p1a: Medicham|Bullet Punch|p2a: Zekrom\n|-supereffective|p2a: Zekrom\n|-damage|p2a: Zekrom|82/259\n|move|p2a: Zekrom|Dragon Dance|p2a: Zekrom\n|-boost|p2a: Zekrom|atk|1\n|-boost|p2a: Zekrom|spe|1\n|\n|-heal|p2a: Zekrom|98/259|[from] item: Leftovers\n|upkeep\n|turn|19\n|\n|t:|1781461013\n|move|p1a: Medicham|Bullet Punch|p2a: Zekrom\n|-supereffective|p2a: Zekrom\n|-damage|p2a: Zekrom|0 fnt\n|faint|p2a: Zekrom\n|\n|win|LuxemBougie\n", "inputlog": ">version a8376a258c1d4662feba110a92103f3664a72141\n>start {\"formatid\":\"gen9randombattle\",\"seed\":\"sodium,aa0bd99abfcccf5b44e0a7fa0fff5da3\",\"rated\":\"Rated battle\"}\n>player p1 {\"name\":\"LuxemBougie\",\"avatar\":\"cynthia\",\"rating\":1904,\"seed\":\"sodium,f66fdc61284e6c0099f0e3955dc8b462\"}\n>player p2 {\"name\":\"philschmil\",\"avatar\":\"alder\",\"rating\":1957,\"seed\":\"sodium,d8c92dbb3eb8f36104ea38e7fa3eda12\"}\n>p1 move poisonjab\n>p2 move calmmind\n>p1 move poisonjab\n>p2 move psychicnoise\n>p1 move poisonjab\n>p2 move psychicnoise\n>p2 switch 4\n>p1 switch 2\n>p2 move earthquake\n>p1 move glaciallance\n>p2 switch 2\n>p1 move closecombat\n>p2 move shellsmash\n>p1 move closecombat\n>p2 move rockblast\n>p1 switch 6\n>p1 move freezedry terastallize\n>p2 move rockblast\n>p2 switch 5\n>p1 move taunt\n>p2 move dragondance terastallize\n>p1 move freezedry\n>p2 move boltstrike\n>p1 switch 5\n>p1 move nastyplot\n>p2 switch 3\n>p1 move focusblast\n>p2 move dragondance\n>p2 switch 2\n>p1 move makeitrain\n>p2 move earthquake\n>p2 switch 6\n>p1 move shadowball\n>p2 move shadowsneak\n>p1 switch 3\n>p1 move knockoff\n>p2 move poltergeist\n>p1 move knockoff\n>p2 move shadowsneak\n>p1 switch 2\n>p1 move bulletpunch\n>p2 move shadowsneak\n>p2 switch 3\n>p1 move bulletpunch\n>p2 move dragondance\n>p1 move bulletpunch\n>p2 move boltstrike", "uploadtime": 1781460662, "views": 7, "formatid": "gen9randombattle", "rating": null, "private": 0, "password": null}