{"id": "gen9randombattle-2631618208", "format": "[Gen 9] Random Battle", "players": ["irisowl776", "Azevedo2705"], "log": "|j|\u2606irisowl776\n|j|\u2606Azevedo2705\n|t:|1781409672\n|gametype|singles\n|player|p1|irisowl776|psychicf|1385\n|player|p2|Azevedo2705|cynthia-gen4|1352\n|gen|9\n|tier|[Gen 9] Random Battle\n|rated|\n|rule|Species Clause: Limit one of each Pok\u00e9mon\n|rule|HP Percentage Mod: HP is shown in percentages\n|rule|Sleep Clause Mod: Limit one foe put to sleep\n|rule|Illusion Level Mod: Illusion disguises the Pok\u00e9mon's true level\n|\n|t:|1781409672\n|teamsize|p1|6\n|teamsize|p2|6\n|start\n|switch|p1a: Snorlax|Snorlax, L82, M|397/397\n|switch|p2a: Iron Bundle|Iron Bundle, L78|215/215\n|turn|1\n|inactive|Battle timer is ON: inactive players will automatically lose when time's up. (requested by Azevedo2705)\n|\n|t:|1781409699\n|switch|p1a: Hypno|Hypno, L95, F|315/315\n|move|p2a: Iron Bundle|Hydro Pump|p1a: Hypno|[miss]\n|-miss|p2a: Iron Bundle|p1a: Hypno\n|\n|upkeep\n|turn|2\n|\n|t:|1781409714\n|move|p2a: Iron Bundle|Hydro Pump|p1a: Hypno|[miss]\n|-miss|p2a: Iron Bundle|p1a: Hypno\n|move|p1a: Hypno|Toxic|p2a: Iron Bundle\n|-status|p2a: Iron Bundle|tox\n|\n|-damage|p2a: Iron Bundle|202/215 tox|[from] psn\n|upkeep\n|turn|3\n|n|!Azevedo2705|azevedo2705\n|\n|t:|1781409735\n|move|p2a: Iron Bundle|Encore|p1a: Hypno\n|-start|p1a: Hypno|Encore\n|move|p1a: Hypno|Toxic|p2a: Iron Bundle\n|-fail|p2a: Iron Bundle|tox\n|\n|-damage|p2a: Iron Bundle|176/215 tox|[from] psn\n|upkeep\n|turn|4\n|\n|t:|1781409744\n|switch|p1a: Snorlax|Snorlax, L82, M|397/397\n|move|p2a: Iron Bundle|Ice Beam|p1a: Snorlax\n|-damage|p1a: Snorlax|354/397\n|\n|-heal|p1a: Snorlax|378/397|[from] item: Leftovers\n|-damage|p2a: Iron Bundle|137/215 tox|[from] psn\n|upkeep\n|turn|5\n|\n|t:|1781409751\n|move|p2a: Iron Bundle|Hydro Pump|p1a: Snorlax|[miss]\n|-miss|p2a: Iron Bundle|p1a: Snorlax\n|move|p1a: Snorlax|Body Slam|p2a: Iron Bundle\n|-damage|p2a: Iron Bundle|49/215 tox\n|\n|-heal|p1a: Snorlax|397/397|[from] item: Leftovers\n|-damage|p2a: Iron Bundle|0 fnt|[from] psn\n|faint|p2a: Iron Bundle\n|-end|p2a: Iron Bundle|Quark Drive|[silent]\n|upkeep\n|\n|t:|1781409760\n|switch|p2a: Medicham|Medicham, L86, F|243/243\n|turn|6\n|\n|t:|1781409772\n|switch|p1a: Hypno|Hypno, L95, F|315/315\n|move|p2a: Medicham|Ice Punch|p1a: Hypno\n|-damage|p1a: Hypno|192/315\n|\n|-heal|p1a: Hypno|211/315|[from] item: Leftovers\n|upkeep\n|turn|7\n|\n|t:|1781409782\n|move|p2a: Medicham|Ice Punch|p1a: Hypno\n|-damage|p1a: Hypno|81/315\n|move|p1a: Hypno|Psychic Noise|p2a: Medicham\n|-damage|p2a: Medicham|150/243\n|-start|p2a: Medicham|move: Heal Block\n|\n|-heal|p1a: Hypno|100/315|[from] item: Leftovers\n|upkeep\n|turn|8\n|\n|t:|1781409792\n|switch|p1a: Snorlax|Snorlax, L82, M|397/397\n|move|p2a: Medicham|Ice Punch|p1a: Snorlax\n|-damage|p1a: Snorlax|328/397\n|\n|-heal|p1a: Snorlax|352/397|[from] item: Leftovers\n|-end|p2a: Medicham|move: Heal Block\n|upkeep\n|turn|9\n|\n|t:|1781409806\n|switch|p2a: Lucario|Lucario, L84, M|255/255\n|move|p1a: Snorlax|Body Slam|p2a: Lucario\n|-resisted|p2a: Lucario\n|-damage|p2a: Lucario|202/255\n|\n|-heal|p1a: Snorlax|376/397|[from] item: Leftovers\n|upkeep\n|turn|10\n|\n|t:|1781409813\n|move|p2a: Lucario|Close Combat|p1a: Snorlax\n|-supereffective|p1a: Snorlax\n|-damage|p1a: Snorlax|0 fnt\n|-unboost|p2a: Lucario|def|1\n|-unboost|p2a: Lucario|spd|1\n|faint|p1a: Snorlax\n|-damage|p2a: Lucario|177/255|[from] item: Life Orb\n|\n|upkeep\n|\n|t:|1781409837\n|switch|p1a: Porygon-Z|Porygon-Z, L83|277/277\n|turn|11\n|\n|t:|1781409846\n|-terastallize|p1a: Porygon-Z|Ghost\n|move|p1a: Porygon-Z|Shadow Ball|p2a: Lucario\n|-damage|p2a: Lucario|0 fnt\n|faint|p2a: Lucario\n|\n|upkeep\n|\n|t:|1781409852\n|switch|p2a: Copperajah|Copperajah, L86, F|350/350\n|turn|12\n|\n|t:|1781409855\n|switch|p1a: Hypno|Hypno, L95, F|100/315\n|move|p2a: Copperajah|Knock Off|p1a: Hypno\n|-supereffective|p1a: Hypno\n|-damage|p1a: Hypno|0 fnt\n|-enditem|p1a: Hypno|Leftovers|[from] move: Knock Off|[of] p2a: Copperajah\n|faint|p1a: Hypno\n|\n|upkeep\n|\n|t:|1781409873\n|switch|p1a: Iron Thorns|Iron Thorns, L83|302/302\n|-enditem|p1a: Iron Thorns|Booster Energy\n|-activate|p1a: Iron Thorns|ability: Quark Drive|[fromitem]\n|-start|p1a: Iron Thorns|quarkdriveatk\n|turn|13\n|\n|t:|1781409890\n|move|p1a: Iron Thorns|Earthquake|p2a: Copperajah\n|-supereffective|p2a: Copperajah\n|-damage|p2a: Copperajah|60/350\n|move|p2a: Copperajah|Knock Off|p1a: Iron Thorns\n|-damage|p1a: Iron Thorns|228/302\n|\n|upkeep\n|turn|14\n|\n|t:|1781409901\n|switch|p2a: Kilowattrel|Kilowattrel, L83, M|252/252\n|move|p1a: Iron Thorns|Earthquake|p2a: Kilowattrel\n|-immune|p2a: Kilowattrel\n|\n|upkeep\n|turn|15\n|\n|t:|1781409909\n|switch|p2a: Medicham|Medicham, L86, F|150/243\n|move|p1a: Iron Thorns|Stone Edge|p2a: Medicham\n|-resisted|p2a: Medicham\n|-damage|p2a: Medicham|60/243\n|\n|upkeep\n|turn|16\n|\n|t:|1781409923\n|move|p2a: Medicham|Close Combat|p1a: Iron Thorns\n|-supereffective|p1a: Iron Thorns\n|-damage|p1a: Iron Thorns|0 fnt\n|-unboost|p2a: Medicham|def|1\n|-unboost|p2a: Medicham|spd|1\n|faint|p1a: Iron Thorns\n|-end|p1a: Iron Thorns|Quark Drive|[silent]\n|\n|upkeep\n|\n|t:|1781409925\n|switch|p1a: Porygon-Z|Porygon-Z, L83, tera:Ghost|277/277\n|turn|17\n|\n|t:|1781409937\n|move|p1a: Porygon-Z|Ice Beam|p2a: Medicham\n|-damage|p2a: Medicham|0 fnt\n|faint|p2a: Medicham\n|\n|upkeep\n|\n|t:|1781409944\n|switch|p2a: Copperajah|Copperajah, L86, F|60/350\n|turn|18\n|\n|t:|1781409949\n|move|p1a: Porygon-Z|Ice Beam|p2a: Copperajah\n|-resisted|p2a: Copperajah\n|-damage|p2a: Copperajah|10/350\n|move|p2a: Copperajah|Knock Off|p1a: Porygon-Z\n|-supereffective|p1a: Porygon-Z\n|-damage|p1a: Porygon-Z|0 fnt\n|-enditem|p1a: Porygon-Z|Choice Scarf|[from] move: Knock Off|[of] p2a: Copperajah\n|faint|p1a: Porygon-Z\n|\n|upkeep\n|\n|t:|1781409958\n|switch|p1a: Lunala|Lunala, L70|308/308\n|turn|19\n|\n|t:|1781409965\n|move|p1a: Lunala|Psyshock|p2a: Copperajah\n|-resisted|p2a: Copperajah\n|-damage|p2a: Copperajah|0 fnt\n|faint|p2a: Copperajah\n|\n|upkeep\n|\n|t:|1781409970\n|switch|p2a: Volbeat|Volbeat, L90, M|263/263\n|turn|20\n|\n|t:|1781409976\n|move|p2a: Volbeat|Encore|p1a: Lunala\n|-start|p1a: Lunala|Encore\n|move|p1a: Lunala|Psyshock|p2a: Volbeat\n|-damage|p2a: Volbeat|172/263\n|\n|upkeep\n|turn|21\n|\n|t:|1781409982\n|move|p2a: Volbeat|Thunder Wave|p1a: Lunala\n|-status|p1a: Lunala|par\n|move|p1a: Lunala|Psyshock|p2a: Volbeat\n|-damage|p2a: Volbeat|81/263\n|\n|upkeep\n|turn|22\n|\n|t:|1781409987\n|move|p2a: Volbeat|U-turn|p1a: Lunala\n|-damage|p1a: Lunala|268/308 par\n|\n|t:|1781409992\n|switch|p2a: Kilowattrel|Kilowattrel, L83, M|252/252|[from] U-turn\n|move|p1a: Lunala|Psyshock|p2a: Kilowattrel\n|-damage|p2a: Kilowattrel|143/252\n|\n|-heal|p1a: Lunala|287/308 par|[from] item: Leftovers\n|-end|p1a: Lunala|Encore\n|upkeep\n|turn|23\n|\n|t:|1781409998\n|move|p2a: Kilowattrel|Discharge|p1a: Lunala\n|-damage|p1a: Lunala|200/308 par\n|cant|p1a: Lunala|par\n|\n|-heal|p1a: Lunala|219/308 par|[from] item: Leftovers\n|upkeep\n|turn|24\n|\n|t:|1781410003\n|-terastallize|p2a: Kilowattrel|Steel\n|move|p2a: Kilowattrel|Discharge|p1a: Lunala\n|-damage|p1a: Lunala|123/308 par\n|move|p1a: Lunala|Moongeist Beam|p2a: Kilowattrel\n|-damage|p2a: Kilowattrel|20/252\n|\n|-heal|p1a: Lunala|142/308 par|[from] item: Leftovers\n|upkeep\n|turn|25\n|\n|t:|1781410011\n|move|p2a: Kilowattrel|Hurricane|p1a: Lunala\n|-damage|p1a: Lunala|19/308 par\n|move|p1a: Lunala|Psyshock|p2a: Kilowattrel\n|-resisted|p2a: Kilowattrel\n|-damage|p2a: Kilowattrel|0 fnt\n|faint|p2a: Kilowattrel\n|\n|-heal|p1a: Lunala|38/308 par|[from] item: Leftovers\n|upkeep\n|\n|t:|1781410014\n|switch|p2a: Volbeat|Volbeat, L90, M|81/263\n|turn|26\n|\n|t:|1781410018\n|move|p2a: Volbeat|U-turn|p1a: Lunala\n|-damage|p1a: Lunala|0 fnt\n|faint|p1a: Lunala\n|\n|upkeep\n|\n|t:|1781410020\n|switch|p1a: Lilligant|Lilligant, L86, F|261/261\n|turn|27\n|\n|t:|1781410026\n|move|p2a: Volbeat|Roost|p2a: Volbeat\n|-heal|p2a: Volbeat|213/263\n|-singleturn|p2a: Volbeat|move: Roost\n|move|p1a: Lilligant|Petal Dance|p2a: Volbeat\n|-resisted|p2a: Volbeat\n|-damage|p2a: Volbeat|117/263\n|-damage|p1a: Lilligant|235/261|[from] item: Life Orb\n|\n|upkeep\n|turn|28\n|\n|t:|1781410032\n|move|p2a: Volbeat|Roost|p2a: Volbeat\n|-heal|p2a: Volbeat|249/263\n|-singleturn|p2a: Volbeat|move: Roost\n|move|p1a: Lilligant|Petal Dance|p2a: Volbeat|[from] lockedmove\n|-resisted|p2a: Volbeat\n|-crit|p2a: Volbeat\n|-damage|p2a: Volbeat|119/263\n|-damage|p1a: Lilligant|209/261|[from] item: Life Orb\n|\n|upkeep\n|turn|29\n|\n|t:|1781410035\n|move|p2a: Volbeat|Roost|p2a: Volbeat\n|-heal|p2a: Volbeat|251/263\n|-singleturn|p2a: Volbeat|move: Roost\n|move|p1a: Lilligant|Sleep Powder|p2a: Volbeat\n|-status|p2a: Volbeat|slp|[from] move: Sleep Powder\n|\n|upkeep\n|turn|30\n|\n|t:|1781410043\n|cant|p2a: Volbeat|slp\n|move|p1a: Lilligant|Quiver Dance|p1a: Lilligant\n|-boost|p1a: Lilligant|spa|1\n|-boost|p1a: Lilligant|spd|1\n|-boost|p1a: Lilligant|spe|1\n|\n|upkeep\n|turn|31\n|\n|t:|1781410046\n|move|p1a: Lilligant|Petal Dance|p2a: Volbeat\n|-resisted|p2a: Volbeat\n|-damage|p2a: Volbeat|122/263 slp\n|-damage|p1a: Lilligant|183/261|[from] item: Life Orb\n|cant|p2a: Volbeat|slp\n|\n|upkeep\n|turn|32\n|\n|t:|1781410048\n|cant|p2a: Volbeat|slp\n|move|p1a: Lilligant|Petal Dance|p2a: Volbeat|[from] lockedmove\n|-resisted|p2a: Volbeat\n|-damage|p2a: Volbeat|0 fnt\n|faint|p2a: Volbeat\n|-damage|p1a: Lilligant|157/261|[from] item: Life Orb\n|\n|win|irisowl776\n", "inputlog": ">version a8376a258c1d4662feba110a92103f3664a72141\n>start {\"formatid\":\"gen9randombattle\",\"seed\":\"sodium,d64a7ab094ff5cd9d6ebff5ef512171f\",\"rated\":\"Rated battle\"}\n>player p1 {\"name\":\"irisowl776\",\"avatar\":\"psychicf\",\"rating\":1385,\"seed\":\"sodium,0a011c34c0b303136921905118ad52cc\"}\n>player p2 {\"name\":\"Azevedo2705\",\"avatar\":\"cynthia-gen4\",\"rating\":1352,\"seed\":\"sodium,d48b90bc288e8f134edd70fc63d4eed7\"}\n>p1 switch 6\n>p2 move hydropump\n>p1 move toxic\n>p2 move hydropump\n>chat \u2606Azevedo2705|fuck you iron bundle\n>p1 move psychicnoise\n>p2 move encore\n>p1 switch 6\n>p2 move icebeam\n>p1 move bodyslam\n>p2 move hydropump\n>p2 switch 2\n>p1 switch 6\n>p2 move icepunch\n>p1 move psychicnoise\n>p2 move icepunch\n>p1 switch 6\n>p2 move icepunch\n>p1 move bodyslam\n>p2 switch 4\n>p1 move bodyslam\n>p2 move closecombat\n>p1 switch 3\n>p1 move shadowball terastallize\n>p2 move closecombat\n>p2 switch 3\n>p1 switch 6\n>p2 move knockoff\n>p1 switch 2\n>p1 move earthquake\n>p2 move knockoff\n>p1 move earthquake\n>p2 switch 5\n>p1 move stoneedge\n>p2 switch 4\n>p1 move stoneedge\n>p2 move closecombat\n>p1 switch 6\n>p1 move icebeam\n>p2 move closecombat\n>p2 switch 5\n>p1 move icebeam\n>p2 move knockoff\n>p1 switch 5\n>p1 move psyshock\n>p2 move knockoff\n>p2 switch 6\n>p1 move moongeistbeam\n>p2 move encore\n>p1 move psyshock\n>p2 move thunderwave\n>p1 move psyshock\n>p2 move uturn\n>p2 switch 4\n>p1 move moongeistbeam\n>p2 move discharge\n>p1 move moongeistbeam\n>p2 move discharge terastallize\n>p1 move psyshock\n>p2 move hurricane\n>p2 switch 4\n>p1 move moongeistbeam\n>p2 move uturn\n>p1 switch 4\n>p1 move petaldance\n>p2 move roost\n>p1 move petaldance\n>p2 move roost\n>p1 move sleeppowder\n>p2 move roost\n>p1 move quiverdance\n>p2 move roost\n>p1 move petaldance\n>p2 move uturn\n>p1 move petaldance\n>p2 move encore", "uploadtime": 1781409727, "views": 3, "formatid": "gen9randombattle", "rating": null, "private": 0, "password": null}