{"id": "gen9randombattle-2631573915", "format": "[Gen 9] Random Battle", "players": ["masbahlilganteng", "faaskaas"], "log": "|j|\u2606masbahlilganteng\n|j|\u2606faaskaas\n|t:|1781403249\n|gametype|singles\n|player|p1|masbahlilganteng|hoopster|2075\n|player|p2|faaskaas|hiker-gen4|2140\n|gen|9\n|tier|[Gen 9] Random Battle\n|rated|\n|rule|Species Clause: Limit one of each Pok\u00e9mon\n|rule|HP Percentage Mod: HP is shown in percentages\n|rule|Sleep Clause Mod: Limit one foe put to sleep\n|rule|Illusion Level Mod: Illusion disguises the Pok\u00e9mon's true level\n|\n|t:|1781403249\n|teamsize|p1|6\n|teamsize|p2|6\n|start\n|switch|p1a: Basculegion|Basculegion-F, L83, F|335/335\n|switch|p2a: Manaphy|Manaphy, L78|284/284\n|turn|1\n|inactive|Battle timer is ON: inactive players will automatically lose when time's up. (requested by faaskaas)\n|inactive|masbahlilganteng also wants the timer to be on.\n|inactive|faaskaas has 120 seconds left.\n|\n|t:|1781403281\n|move|p2a: Manaphy|Energy Ball|p1a: Basculegion\n|-supereffective|p1a: Basculegion\n|-damage|p1a: Basculegion|241/335\n|move|p1a: Basculegion|Shadow Ball|p2a: Manaphy\n|-damage|p2a: Manaphy|162/284\n|-unboost|p2a: Manaphy|spd|1\n|\n|-heal|p2a: Manaphy|179/284|[from] item: Leftovers\n|upkeep\n|turn|2\n|\n|t:|1781403299\n|switch|p2a: Greedent|Greedent, L86, F|347/347\n|move|p1a: Basculegion|Hydro Pump|p2a: Greedent\n|-damage|p2a: Greedent|183/347\n|\n|upkeep\n|turn|3\n|\n|t:|1781403322\n|move|p1a: Basculegion|Wave Crash|p2a: Greedent\n|-damage|p2a: Greedent|31/347\n|-enditem|p2a: Greedent|Sitrus Berry|[eat]\n|-heal|p2a: Greedent|117/347|[from] item: Sitrus Berry\n|-heal|p2a: Greedent|232/347|[from] ability: Cheek Pouch\n|-damage|p1a: Basculegion|191/335|[from] Recoil\n|move|p2a: Greedent|Knock Off|p1a: Basculegion\n|-supereffective|p1a: Basculegion\n|-damage|p1a: Basculegion|21/335\n|-enditem|p1a: Basculegion|Assault Vest|[from] move: Knock Off|[of] p2a: Greedent\n|\n|upkeep\n|turn|4\n|\n|t:|1781403332\n|move|p1a: Basculegion|Hydro Pump|p2a: Greedent|[miss]\n|-miss|p1a: Basculegion|p2a: Greedent\n|move|p2a: Greedent|Knock Off|p1a: Basculegion\n|-supereffective|p1a: Basculegion\n|-damage|p1a: Basculegion|0 fnt\n|faint|p1a: Basculegion\n|\n|upkeep\n|\n|t:|1781403339\n|switch|p1a: Kricketune|Kricketune, L99, M|312/312\n|turn|5\n|\n|t:|1781403349\n|move|p1a: Kricketune|Taunt|p2a: Greedent\n|-start|p2a: Greedent|move: Taunt\n|cant|p2a: Greedent|move: Taunt|Swords Dance\n|\n|upkeep\n|turn|6\n|\n|t:|1781403357\n|move|p1a: Kricketune|Sticky Web|p2a: Greedent\n|-sidestart|p2: faaskaas|move: Sticky Web\n|move|p2a: Greedent|Double-Edge|p1a: Kricketune\n|-damage|p1a: Kricketune|152/312\n|-damage|p2a: Greedent|179/347|[from] Recoil\n|\n|upkeep\n|turn|7\n|\n|t:|1781403361\n|move|p1a: Kricketune|Pounce|p2a: Greedent\n|-damage|p2a: Greedent|91/347\n|-unboost|p2a: Greedent|spe|1\n|move|p2a: Greedent|Double-Edge|p1a: Kricketune\n|-damage|p1a: Kricketune|0 fnt\n|faint|p1a: Kricketune\n|-damage|p2a: Greedent|41/347|[from] Recoil\n|\n|-end|p2a: Greedent|move: Taunt\n|upkeep\n|\n|t:|1781403368\n|switch|p1a: Probopass|Probopass, L91, F|257/257\n|turn|8\n|\n|t:|1781403374\n|switch|p2a: Manaphy|Manaphy, L78|179/284\n|-activate|p2a: Manaphy|move: Sticky Web\n|-unboost|p2a: Manaphy|spe|1\n|move|p1a: Probopass|Flash Cannon|p2a: Manaphy\n|-resisted|p2a: Manaphy\n|-damage|p2a: Manaphy|142/284\n|\n|-heal|p2a: Manaphy|159/284|[from] item: Leftovers\n|upkeep\n|turn|9\n|\n|t:|1781403382\n|switch|p1a: Sinistcha|Sinistcha-Masterpiece, L83|254/254\n|move|p2a: Manaphy|Hydro Pump|p1a: Sinistcha\n|-resisted|p1a: Sinistcha\n|-crit|p1a: Sinistcha\n|-damage|p1a: Sinistcha|173/254\n|\n|-heal|p1a: Sinistcha|188/254|[from] item: Leftovers\n|-heal|p2a: Manaphy|176/284|[from] item: Leftovers\n|upkeep\n|turn|10\n|\n|t:|1781403387\n|switch|p2a: Ogerpon|Ogerpon-Hearthflame, L74, F|239/239\n|-activate|p2a: Ogerpon|move: Sticky Web\n|-unboost|p2a: Ogerpon|spe|1\n|-ability|p2a: Ogerpon|Mold Breaker\n|move|p1a: Sinistcha|Calm Mind|p1a: Sinistcha\n|-boost|p1a: Sinistcha|spa|1\n|-boost|p1a: Sinistcha|spd|1\n|\n|-heal|p1a: Sinistcha|203/254|[from] item: Leftovers\n|upkeep\n|turn|11\n|\n|t:|1781403391\n|move|p1a: Sinistcha|Strength Sap|p2a: Ogerpon\n|-unboost|p2a: Ogerpon|atk|1\n|-heal|p1a: Sinistcha|254/254\n|move|p2a: Ogerpon|Ivy Cudgel|p1a: Sinistcha|[anim] Ivy Cudgel Fire\n|-supereffective|p1a: Sinistcha\n|-damage|p1a: Sinistcha|126/254\n|\n|-heal|p1a: Sinistcha|141/254|[from] item: Leftovers\n|upkeep\n|turn|12\n|\n|t:|1781403403\n|move|p1a: Sinistcha|Strength Sap|p2a: Ogerpon\n|-unboost|p2a: Ogerpon|atk|1\n|-heal|p1a: Sinistcha|254/254\n|move|p2a: Ogerpon|Knock Off|p1a: Sinistcha\n|-supereffective|p1a: Sinistcha\n|-damage|p1a: Sinistcha|180/254\n|-enditem|p1a: Sinistcha|Leftovers|[from] move: Knock Off|[of] p2a: Ogerpon\n|\n|upkeep\n|turn|13\n|\n|t:|1781403410\n|switch|p2a: Revavroom|Revavroom, L79, M|256/256\n|-activate|p2a: Revavroom|move: Sticky Web\n|-unboost|p2a: Revavroom|spe|1\n|move|p1a: Sinistcha|Shadow Ball|p2a: Revavroom\n|-damage|p2a: Revavroom|51/256\n|-unboost|p2a: Revavroom|spd|1\n|\n|upkeep\n|turn|14\n|\n|t:|1781403417\n|move|p1a: Sinistcha|Shadow Ball|p2a: Revavroom\n|-damage|p2a: Revavroom|0 fnt\n|faint|p2a: Revavroom\n|\n|upkeep\n|\n|t:|1781403424\n|switch|p2a: Ogerpon|Ogerpon-Hearthflame, L74, F|239/239\n|-activate|p2a: Ogerpon|move: Sticky Web\n|-unboost|p2a: Ogerpon|spe|1\n|-ability|p2a: Ogerpon|Mold Breaker\n|turn|15\n|\n|t:|1781403434\n|move|p1a: Sinistcha|Strength Sap|p2a: Ogerpon\n|-unboost|p2a: Ogerpon|atk|1\n|-heal|p1a: Sinistcha|254/254\n|move|p2a: Ogerpon|Swords Dance|p2a: Ogerpon\n|-boost|p2a: Ogerpon|atk|2\n|\n|upkeep\n|turn|16\n|inactive|faaskaas has 120 seconds left.\n|\n|t:|1781403468\n|-terastallize|p2a: Ogerpon|Fire\n|detailschange|p2a: Ogerpon|Ogerpon-Hearthflame-Tera, L74, F, tera:Fire\n|-ability|p2a: Ogerpon|Embody Aspect (Hearthflame)|boost\n|-boost|p2a: Ogerpon|atk|1\n|move|p1a: Sinistcha|Shadow Ball|p2a: Ogerpon\n|-damage|p2a: Ogerpon|89/239\n|move|p2a: Ogerpon|Ivy Cudgel|p1a: Sinistcha|[anim] Ivy Cudgel Fire\n|-supereffective|p1a: Sinistcha\n|-damage|p1a: Sinistcha|0 fnt\n|faint|p1a: Sinistcha\n|\n|upkeep\n|\n|t:|1781403489\n|switch|p1a: Delphox|Delphox, L84, F|263/263\n|turn|17\n|\n|t:|1781403495\n|move|p1a: Delphox|Psyshock|p2a: Ogerpon\n|-damage|p2a: Ogerpon|0 fnt\n|faint|p2a: Ogerpon\n|detailschange|p2: Ogerpon|Ogerpon-Hearthflame, L74, F|[silent]\n|\n|upkeep\n|\n|t:|1781403502\n|switch|p2a: Dragonite|Dragonite, L74, F|257/257\n|turn|18\n|\n|t:|1781403516\n|move|p1a: Delphox|Psyshock|p2a: Dragonite\n|-damage|p2a: Dragonite|203/257\n|move|p2a: Dragonite|Dragon Dance|p2a: Dragonite\n|-boost|p2a: Dragonite|atk|1\n|-boost|p2a: Dragonite|spe|1\n|\n|upkeep\n|turn|19\n|\n|t:|1781403524\n|move|p2a: Dragonite|Dragon Dance|p2a: Dragonite\n|-boost|p2a: Dragonite|atk|1\n|-boost|p2a: Dragonite|spe|1\n|move|p1a: Delphox|Psyshock|p2a: Dragonite\n|-damage|p2a: Dragonite|98/257\n|\n|upkeep\n|turn|20\n|\n|t:|1781403537\n|switch|p1a: Delibird|Delibird, F|252/252\n|move|p2a: Dragonite|Earthquake|p1a: Delibird\n|-immune|p1a: Delibird\n|\n|upkeep\n|turn|21\n|\n|t:|1781403545\n|move|p2a: Dragonite|Outrage|p1a: Delibird\n|-damage|p1a: Delibird|0 fnt\n|faint|p1a: Delibird\n|\n|upkeep\n|\n|t:|1781403548\n|switch|p1a: Probopass|Probopass, L91, F|257/257\n|turn|22\n|\n|t:|1781403555\n|move|p2a: Dragonite|Outrage|p1a: Probopass|[from] lockedmove\n|-resisted|p1a: Probopass\n|-damage|p1a: Probopass|182/257\n|-start|p2a: Dragonite|confusion|[fatigue]\n|move|p1a: Probopass|Iron Defense|p1a: Probopass\n|-boost|p1a: Probopass|def|2\n|\n|-heal|p1a: Probopass|198/257|[from] item: Leftovers\n|upkeep\n|turn|23\n|\n|t:|1781403562\n|switch|p2a: Manaphy|Manaphy, L78|176/284\n|-activate|p2a: Manaphy|move: Sticky Web\n|-unboost|p2a: Manaphy|spe|1\n|-terastallize|p1a: Probopass|Fighting\n|move|p1a: Probopass|Power Gem|p2a: Manaphy\n|-damage|p2a: Manaphy|91/284\n|\n|-heal|p2a: Manaphy|108/284|[from] item: Leftovers\n|-heal|p1a: Probopass|214/257|[from] item: Leftovers\n|upkeep\n|turn|24\n|\n|t:|1781403570\n|move|p2a: Manaphy|Tail Glow|p2a: Manaphy\n|-boost|p2a: Manaphy|spa|3\n|move|p1a: Probopass|Body Press|p2a: Manaphy\n|-damage|p2a: Manaphy|0 fnt\n|faint|p2a: Manaphy\n|\n|-heal|p1a: Probopass|230/257|[from] item: Leftovers\n|upkeep\n|\n|t:|1781403574\n|switch|p2a: Dragonite|Dragonite, L74, F|98/257\n|turn|25\n|\n|t:|1781403576\n|move|p2a: Dragonite|Dragon Dance|p2a: Dragonite\n|-boost|p2a: Dragonite|atk|1\n|-boost|p2a: Dragonite|spe|1\n|move|p1a: Probopass|Power Gem|p2a: Dragonite\n|-supereffective|p2a: Dragonite\n|-crit|p2a: Dragonite\n|-damage|p2a: Dragonite|0 fnt\n|faint|p2a: Dragonite\n|\n|-heal|p1a: Probopass|246/257|[from] item: Leftovers\n|upkeep\n|\n|t:|1781403579\n|switch|p2a: Baxcalibur|Baxcalibur, L75, F|296/296\n|turn|26\n|\n|t:|1781403582\n|move|p2a: Baxcalibur|Icicle Crash|p1a: Probopass\n|-damage|p1a: Probopass|213/257\n|move|p1a: Probopass|Body Press|p2a: Baxcalibur\n|-supereffective|p2a: Baxcalibur\n|-damage|p2a: Baxcalibur|0 fnt\n|faint|p2a: Baxcalibur\n|\n|-heal|p1a: Probopass|229/257|[from] item: Leftovers\n|upkeep\n|-message|faaskaas forfeited.\n|\n|win|masbahlilganteng\n|raw|masbahlilganteng's rating: 2075 &rarr; <strong>2099</strong><br />(+24 for winning)\n|raw|faaskaas's rating: 2140 &rarr; <strong>2116</strong><br />(-24 for losing)\n|l|\u2606faaskaas\n|player|p2|\n", "inputlog": ">version a8376a258c1d4662feba110a92103f3664a72141\n>start {\"formatid\":\"gen9randombattle\",\"seed\":\"sodium,53fb0d7ee629e955197b992037a9aa3a\",\"rated\":\"Rated battle\"}\n>player p1 {\"name\":\"masbahlilganteng\",\"avatar\":\"hoopster\",\"rating\":2075,\"seed\":\"sodium,34b7e6ceb3027d4e6ad6f2edd2e0dcb1\"}\n>player p2 {\"name\":\"faaskaas\",\"avatar\":\"hiker-gen4\",\"rating\":2140,\"seed\":\"sodium,303384292ae8f6f9f18bf7511fba51d6\"}\n>p1 move shadowball\n>p2 move energyball\n>p1 move hydropump\n>p2 switch 5\n>p1 move wavecrash\n>p2 move knockoff\n>p1 move hydropump\n>p2 move knockoff\n>p1 switch 2\n>p1 move taunt\n>p2 move swordsdance\n>p1 move stickyweb\n>p2 move doubleedge\n>p1 move pounce\n>p2 move doubleedge\n>p1 switch 5\n>p1 move flashcannon\n>p2 switch 5\n>p1 switch 6\n>p2 move hydropump\n>p1 move calmmind\n>p2 switch 3\n>p1 move strengthsap\n>p2 move ivycudgel\n>p1 move strengthsap\n>p2 move knockoff\n>p1 move shadowball\n>p2 switch 2\n>p1 move shadowball\n>p2 move shiftgear\n>p2 switch 2\n>p1 move strengthsap\n>p2 move swordsdance\n>p1 move shadowball\n>p2 move ivycudgel terastallize\n>p1 switch 4\n>p1 move psyshock\n>p2 move knockoff\n>p2 switch 4\n>p1 move psyshock\n>p2 move dragondance\n>p1 move psyshock\n>p2 move dragondance\n>p1 switch 3\n>p2 move earthquake\n>p1 move icespinner\n>p2 move outrage\n>p1 switch 6\n>p1 move irondefense\n>p2 move outrage\n>p1 move powergem terastallize\n>p2 switch 3\n>p1 move bodypress\n>p2 move tailglow\n>p2 switch 3\n>p1 move powergem\n>p2 move dragondance\n>p2 switch 6\n>p1 move bodypress\n>p2 move iciclecrash\n>forcelose p2", "uploadtime": 1781403252, "views": 7, "formatid": "gen9randombattle", "rating": 2099, "private": 0, "password": null}