{"id": "gen9randombattle-2631878797", "format": "[Gen 9] Random Battle", "players": ["who is xi", "Chickenadoboy"], "log": "|j|\u2606who is xi\n|j|\u2606Chickenadoboy\n|t:|1781451232\n|gametype|singles\n|player|p1|who is xi|policeman|2123\n|player|p2|Chickenadoboy|266|2110\n|gen|9\n|tier|[Gen 9] Random Battle\n|rated|\n|rule|Species Clause: Limit one of each Pok\u00e9mon\n|rule|HP Percentage Mod: HP is shown in percentages\n|rule|Sleep Clause Mod: Limit one foe put to sleep\n|rule|Illusion Level Mod: Illusion disguises the Pok\u00e9mon's true level\n|\n|t:|1781451232\n|teamsize|p1|6\n|teamsize|p2|6\n|start\n|switch|p1a: Lumineon|Lumineon, L93, M|279/279\n|switch|p2a: Mandibuzz|Mandibuzz, L85, F|326/326\n|turn|1\n|inactive|Battle timer is ON: inactive players will automatically lose when time's up. (requested by who is xi)\n|\n|t:|1781451241\n|move|p1a: Lumineon|Ice Beam|p2a: Mandibuzz\n|-supereffective|p2a: Mandibuzz\n|-damage|p2a: Mandibuzz|210/326\n|move|p2a: Mandibuzz|Knock Off|p1a: Lumineon\n|-damage|p1a: Lumineon|204/279\n|-enditem|p1a: Lumineon|Heavy-Duty Boots|[from] move: Knock Off|[of] p2a: Mandibuzz\n|\n|upkeep\n|turn|2\n|\n|t:|1781451250\n|move|p1a: Lumineon|Ice Beam|p2a: Mandibuzz\n|-supereffective|p2a: Mandibuzz\n|-damage|p2a: Mandibuzz|86/326\n|move|p2a: Mandibuzz|Roost|p2a: Mandibuzz\n|-heal|p2a: Mandibuzz|249/326\n|-singleturn|p2a: Mandibuzz|move: Roost\n|\n|upkeep\n|turn|3\n|\n|t:|1781451255\n|switch|p2a: Greedent|Greedent, L86, M|347/347\n|move|p1a: Lumineon|Encore||[still]\n|-fail|p1a: Lumineon\n|\n|upkeep\n|turn|4\n|\n|t:|1781451260\n|move|p1a: Lumineon|Hydro Pump|p2a: Greedent\n|-damage|p2a: Greedent|229/347\n|move|p2a: Greedent|Double-Edge|p1a: Lumineon\n|-damage|p1a: Lumineon|62/279\n|-damage|p2a: Greedent|182/347|[from] Recoil\n|\n|upkeep\n|turn|5\n|\n|t:|1781451266\n|move|p1a: Lumineon|U-turn|p2a: Greedent\n|-damage|p2a: Greedent|135/347\n|-enditem|p2a: Greedent|Sitrus Berry|[eat]\n|-heal|p2a: Greedent|221/347|[from] item: Sitrus Berry\n|-heal|p2a: Greedent|336/347|[from] ability: Cheek Pouch\n|\n|t:|1781451268\n|switch|p1a: Spiritomb|Spiritomb, L89, M|234/234|[from] U-turn\n|move|p2a: Greedent|Knock Off|p1a: Spiritomb\n|-damage|p1a: Spiritomb|181/234\n|-enditem|p1a: Spiritomb|Choice Band|[from] move: Knock Off|[of] p2a: Greedent\n|\n|upkeep\n|turn|6\n|\n|t:|1781451276\n|switch|p2a: Vespiquen|Vespiquen, L99, F|299/299\n|-ability|p2a: Vespiquen|Pressure\n|move|p1a: Spiritomb|Foul Play|p2a: Vespiquen\n|-damage|p2a: Vespiquen|241/299\n|\n|upkeep\n|turn|7\n|\n|t:|1781451279\n|move|p2a: Vespiquen|Spikes|p1a: Spiritomb\n|-sidestart|p1: who is xi|Spikes\n|move|p1a: Spiritomb|Poltergeist|p2a: Vespiquen\n|-activate|p2a: Vespiquen|move: Poltergeist|Heavy-Duty Boots\n|-damage|p2a: Vespiquen|145/299\n|\n|upkeep\n|turn|8\n|\n|t:|1781451286\n|switch|p1a: Rampardos|Rampardos, L90, M|321/321\n|-damage|p1a: Rampardos|281/321|[from] Spikes\n|move|p2a: Vespiquen|Roost|p2a: Vespiquen\n|-heal|p2a: Vespiquen|295/299\n|-singleturn|p2a: Vespiquen|move: Roost\n|\n|upkeep\n|turn|9\n|\n|t:|1781451296\n|switch|p2a: Tauros|Tauros-Paldea-Aqua, L81, M|254/254\n|-ability|p2a: Tauros|Intimidate|boost\n|-unboost|p1a: Rampardos|atk|1\n|move|p1a: Rampardos|Rock Slide|p2a: Tauros\n|-resisted|p2a: Tauros\n|-damage|p2a: Tauros|188/254\n|\n|upkeep\n|turn|10\n|\n|t:|1781451309\n|switch|p1a: Leafeon|Leafeon, L88, F|258/258\n|-damage|p1a: Leafeon|226/258|[from] Spikes\n|move|p2a: Tauros|Bulk Up|p2a: Tauros\n|-boost|p2a: Tauros|atk|1\n|-boost|p2a: Tauros|def|1\n|\n|-heal|p1a: Leafeon|242/258|[from] item: Leftovers\n|upkeep\n|turn|11\n|\n|t:|1781451313\n|switch|p2a: Vespiquen|Vespiquen, L99, F|295/299\n|-ability|p2a: Vespiquen|Pressure\n|move|p1a: Leafeon|Swords Dance|p1a: Leafeon\n|-boost|p1a: Leafeon|atk|2\n|\n|-heal|p1a: Leafeon|258/258|[from] item: Leftovers\n|upkeep\n|turn|12\n|\n|t:|1781451316\n|-terastallize|p1a: Leafeon|Dark\n|move|p1a: Leafeon|Knock Off|p2a: Vespiquen\n|-damage|p2a: Vespiquen|120/299\n|-enditem|p2a: Vespiquen|Heavy-Duty Boots|[from] move: Knock Off|[of] p1a: Leafeon\n|move|p2a: Vespiquen|Hurricane|p1a: Leafeon\n|-damage|p1a: Leafeon|87/258\n|\n|-heal|p1a: Leafeon|103/258|[from] item: Leftovers\n|upkeep\n|turn|13\n|\n|t:|1781451327\n|switch|p2a: Greedent|Greedent, L86, M|336/347\n|move|p1a: Leafeon|Knock Off|p2a: Greedent\n|-damage|p2a: Greedent|176/347\n|\n|-heal|p1a: Leafeon|119/258|[from] item: Leftovers\n|upkeep\n|turn|14\n|\n|t:|1781451333\n|switch|p2a: Tauros|Tauros-Paldea-Aqua, L81, M|188/254\n|-ability|p2a: Tauros|Intimidate|boost\n|-unboost|p1a: Leafeon|atk|1\n|move|p1a: Leafeon|Leaf Blade|p2a: Tauros\n|-supereffective|p2a: Tauros\n|-damage|p2a: Tauros|0 fnt\n|faint|p2a: Tauros\n|\n|-heal|p1a: Leafeon|135/258|[from] item: Leftovers\n|upkeep\n|\n|t:|1781451340\n|switch|p2a: Mandibuzz|Mandibuzz, L85, F|249/326\n|turn|15\n|\n|t:|1781451350\n|switch|p1a: Lumineon|Lumineon, L93, M|62/279\n|-damage|p1a: Lumineon|28/279|[from] Spikes\n|move|p2a: Mandibuzz|Brave Bird|p1a: Lumineon\n|-damage|p1a: Lumineon|0 fnt\n|faint|p1a: Lumineon\n|-damage|p2a: Mandibuzz|240/326|[from] Recoil\n|\n|upkeep\n|\n|t:|1781451353\n|switch|p1a: Rampardos|Rampardos, L90, M|281/321\n|-damage|p1a: Rampardos|241/321|[from] Spikes\n|turn|16\n|\n|t:|1781451357\n|switch|p2a: Greedent|Greedent, L86, M|176/347\n|move|p1a: Rampardos|Rock Slide|p2a: Greedent\n|-damage|p2a: Greedent|0 fnt\n|faint|p2a: Greedent\n|\n|upkeep\n|\n|t:|1781451363\n|switch|p2a: Shiftry|Shiftry, L89, M|305/305\n|turn|17\n|\n|t:|1781451370\n|switch|p1a: Spiritomb|Spiritomb, L89, M|181/234\n|-damage|p1a: Spiritomb|152/234|[from] Spikes\n|move|p2a: Shiftry|Will-O-Wisp|p1a: Spiritomb\n|-status|p1a: Spiritomb|brn\n|\n|-damage|p1a: Spiritomb|138/234 brn|[from] brn\n|upkeep\n|turn|18\n|\n|t:|1781451373\n|switch|p2a: Mandibuzz|Mandibuzz, L85, F|240/326\n|move|p1a: Spiritomb|Foul Play|p2a: Mandibuzz\n|-resisted|p2a: Mandibuzz\n|-damage|p2a: Mandibuzz|224/326\n|\n|-damage|p1a: Spiritomb|124/234 brn|[from] brn\n|upkeep\n|turn|19\n|\n|t:|1781451378\n|switch|p1a: Rampardos|Rampardos, L90, M|241/321\n|-damage|p1a: Rampardos|201/321|[from] Spikes\n|move|p2a: Mandibuzz|Knock Off|p1a: Rampardos\n|-damage|p1a: Rampardos|96/321\n|-enditem|p1a: Rampardos|Life Orb|[from] move: Knock Off|[of] p2a: Mandibuzz\n|\n|upkeep\n|turn|20\n|inactive|Chickenadoboy has 120 seconds left.\n|\n|t:|1781451412\n|switch|p2a: Shiftry|Shiftry, L89, M|305/305\n|move|p1a: Rampardos|Rock Slide|p2a: Shiftry\n|-damage|p2a: Shiftry|89/305\n|\n|upkeep\n|turn|21\n|\n|t:|1781451423\n|switch|p1a: Spiritomb|Spiritomb, L89, M|124/234 brn\n|-damage|p1a: Spiritomb|95/234 brn|[from] Spikes\n|move|p2a: Shiftry|Knock Off|p1a: Spiritomb\n|-damage|p1a: Spiritomb|16/234 brn\n|-damage|p2a: Shiftry|59/305|[from] item: Life Orb\n|\n|-damage|p1a: Spiritomb|2/234 brn|[from] brn\n|upkeep\n|turn|22\n|\n|t:|1781451429\n|move|p2a: Shiftry|Sucker Punch|p1a: Spiritomb\n|-damage|p1a: Spiritomb|0 fnt\n|faint|p1a: Spiritomb\n|-damage|p2a: Shiftry|29/305|[from] item: Life Orb\n|\n|upkeep\n|\n|t:|1781451435\n|switch|p1a: Koraidon|Koraidon, L64|235/235\n|-damage|p1a: Koraidon|206/235|[from] Spikes\n|-weather|SunnyDay|[from] ability: Orichalcum Pulse|[of] p1a: Koraidon\n|-activate|p1a: Koraidon|Orichalcum Pulse|[source]\n|turn|23\n|\n|t:|1781451442\n|move|p1a: Koraidon|Swords Dance|p1a: Koraidon\n|-boost|p1a: Koraidon|atk|2\n|move|p2a: Shiftry|Will-O-Wisp|p1a: Koraidon\n|-status|p1a: Koraidon|brn\n|\n|-weather|SunnyDay|[upkeep]\n|-damage|p1a: Koraidon|192/235 brn|[from] brn\n|upkeep\n|turn|24\n|\n|t:|1781451451\n|move|p1a: Koraidon|Scale Shot|p2a: Shiftry\n|-damage|p2a: Shiftry|0 fnt\n|faint|p2a: Shiftry\n|-hitcount|p2: Shiftry|1\n|-unboost|p1a: Koraidon|def|1\n|-boost|p1a: Koraidon|spe|1\n|\n|-weather|SunnyDay|[upkeep]\n|-damage|p1a: Koraidon|178/235 brn|[from] brn\n|upkeep\n|\n|t:|1781451458\n|switch|p2a: Mandibuzz|Mandibuzz, L85, F|224/326\n|turn|25\n|\n|t:|1781451470\n|move|p1a: Koraidon|Flare Blitz|p2a: Mandibuzz\n|-damage|p2a: Mandibuzz|114/326\n|-damage|p1a: Koraidon|142/235 brn|[from] Recoil\n|move|p2a: Mandibuzz|Brave Bird|p1a: Koraidon\n|-supereffective|p1a: Koraidon\n|-damage|p1a: Koraidon|0 fnt\n|faint|p1a: Koraidon\n|-damage|p2a: Mandibuzz|67/326|[from] Recoil\n|\n|-weather|SunnyDay|[upkeep]\n|upkeep\n|\n|t:|1781451473\n|switch|p1a: Leafeon|Leafeon, L88, F, tera:Dark|135/258\n|-damage|p1a: Leafeon|103/258|[from] Spikes\n|turn|26\n|\n|t:|1781451481\n|move|p1a: Leafeon|Swords Dance|p1a: Leafeon\n|-boost|p1a: Leafeon|atk|2\n|move|p2a: Mandibuzz|Roost|p2a: Mandibuzz\n|-heal|p2a: Mandibuzz|230/326\n|-singleturn|p2a: Mandibuzz|move: Roost\n|\n|-weather|SunnyDay|[upkeep]\n|-heal|p1a: Leafeon|119/258|[from] item: Leftovers\n|upkeep\n|turn|27\n|\n|t:|1781451485\n|move|p1a: Leafeon|Leaf Blade|p2a: Mandibuzz\n|-resisted|p2a: Mandibuzz\n|-damage|p2a: Mandibuzz|128/326\n|move|p2a: Mandibuzz|Brave Bird|p1a: Leafeon\n|-damage|p1a: Leafeon|46/258\n|-damage|p2a: Mandibuzz|104/326|[from] Recoil\n|\n|-weather|none\n|-heal|p1a: Leafeon|62/258|[from] item: Leftovers\n|upkeep\n|turn|28\n|\n|t:|1781451495\n|switch|p2a: Vespiquen|Vespiquen, L99, F|120/299\n|-ability|p2a: Vespiquen|Pressure\n|move|p1a: Leafeon|Knock Off|p2a: Vespiquen\n|-damage|p2a: Vespiquen|0 fnt\n|faint|p2a: Vespiquen\n|\n|-heal|p1a: Leafeon|78/258|[from] item: Leftovers\n|upkeep\n|\n|t:|1781451497\n|switch|p2a: Espeon|Espeon, L84, F|246/246\n|turn|29\n|\n|t:|1781451502\n|move|p2a: Espeon|Alluring Voice|p1a: Leafeon\n|-supereffective|p1a: Leafeon\n|-crit|p1a: Leafeon\n|-damage|p1a: Leafeon|0 fnt\n|faint|p1a: Leafeon\n|-damage|p2a: Espeon|222/246|[from] item: Life Orb\n|\n|upkeep\n|\n|t:|1781451508\n|switch|p1a: Brute Bonnet|Brute Bonnet, L80|309/309\n|-damage|p1a: Brute Bonnet|271/309|[from] Spikes\n|turn|30\n|\n|t:|1781451516\n|-terastallize|p2a: Espeon|Fairy\n|move|p2a: Espeon|Alluring Voice|p1a: Brute Bonnet\n|-supereffective|p1a: Brute Bonnet\n|-damage|p1a: Brute Bonnet|19/309\n|-damage|p2a: Espeon|198/246|[from] item: Life Orb\n|move|p1a: Brute Bonnet|Close Combat|p2a: Espeon\n|-resisted|p2a: Espeon\n|-damage|p2a: Espeon|137/246\n|-unboost|p1a: Brute Bonnet|def|1\n|-unboost|p1a: Brute Bonnet|spd|1\n|\n|-heal|p1a: Brute Bonnet|38/309|[from] item: Leftovers\n|upkeep\n|turn|31\n|\n|t:|1781451523\n|move|p1a: Brute Bonnet|Sucker Punch|p2a: Espeon\n|-resisted|p2a: Espeon\n|-damage|p2a: Espeon|83/246\n|move|p2a: Espeon|Alluring Voice|p1a: Brute Bonnet\n|-supereffective|p1a: Brute Bonnet\n|-damage|p1a: Brute Bonnet|0 fnt\n|faint|p1a: Brute Bonnet\n|-end|p1a: Brute Bonnet|Protosynthesis|[silent]\n|-damage|p2a: Espeon|59/246|[from] item: Life Orb\n|\n|upkeep\n|l|\u2606who is xi\n|inactive|who is xi disconnected and has a minute to reconnect!\n|player|p1|\n|l|\u2606Chickenadoboy\n|inactive|Chickenadoboy disconnected and has a minute to reconnect!\n|player|p2|\n|inactive|who is xi has 30 seconds to reconnect!\n|inactive|who is xi has 20 seconds to reconnect!\n|inactive|who is xi has 15 seconds to reconnect!\n|inactive|who is xi has 10 seconds to reconnect!\n|j| Pauliet456\n|inactive|who is xi has 5 seconds to reconnect!\n|j|\u2606Chickenadoboy\n|inactive|Chickenadoboy reconnected.\n|player|p2|Chickenadoboy|266|\n|-message|who is xi lost due to inactivity.\n|\n|win|Chickenadoboy\n", "inputlog": ">version a8376a258c1d4662feba110a92103f3664a72141\n>start {\"formatid\":\"gen9randombattle\",\"seed\":\"sodium,42698b8eb514b3913c0a0dde5df4121c\",\"rated\":\"Rated battle\"}\n>player p1 {\"name\":\"who is xi\",\"avatar\":\"policeman\",\"rating\":2123,\"seed\":\"sodium,adcfa064e25265b12be71edbcced04e5\"}\n>player p2 {\"name\":\"Chickenadoboy\",\"avatar\":\"266\",\"rating\":2110,\"seed\":\"sodium,0f659c0de499f989078d6c3bd542812a\"}\n>p1 move icebeam\n>p2 move knockoff\n>p1 move icebeam\n>p2 move roost\n>p1 move encore\n>p2 switch 4\n>p1 move hydropump\n>p2 move doubleedge\n>p1 move uturn\n>p2 move knockoff\n>p1 switch 4\n>p1 move foulplay\n>p2 switch 2\n>p1 move poltergeist\n>p2 move spikes\n>p1 switch 3\n>p2 move roost\n>p1 move rockslide\n>p2 switch 6\n>p1 switch 5\n>p2 move bulkup\n>p1 move swordsdance\n>p2 switch 6\n>p1 move knockoff terastallize\n>p2 move hurricane\n>p1 move knockoff\n>p2 switch 2\n>p1 move leafblade\n>p2 switch 6\n>p2 switch 4\n>p1 switch 4\n>p2 move bravebird\n>p1 switch 5\n>p1 move rockslide\n>p2 switch 6\n>p2 switch 3\n>p1 switch 3\n>p2 move willowisp\n>p1 move foulplay\n>p2 switch 6\n>p1 switch 3\n>p2 move knockoff\n>p1 move rockslide\n>p2 switch 6\n>p1 switch 3\n>p2 move knockoff\n>p1 move shadowsneak\n>p2 move suckerpunch\n>p1 switch 6\n>p1 move swordsdance\n>p2 move willowisp\n>p1 move scaleshot\n>p2 move leafstorm\n>p2 switch 6\n>p1 move flareblitz\n>p2 move bravebird\n>p1 switch 4\n>p1 move swordsdance\n>p2 move roost\n>p1 move leafblade\n>p2 move bravebird\n>p1 move knockoff\n>p2 switch 2\n>p2 switch 5\n>p1 move knockoff\n>p2 move alluringvoice\n>p1 switch 2\n>p1 move closecombat\n>p2 move alluringvoice terastallize\n>p1 move suckerpunch\n>p2 move alluringvoice\n>forcelose p1", "uploadtime": 1781451234, "views": 4, "formatid": "gen9randombattle", "rating": null, "private": 0, "password": null}