{"id": "gen9randombattle-2631438414", "format": "[Gen 9] Random Battle", "players": ["Mat19730", "inventthenight"], "log": "|j|\u2606Mat19730\n|j|\u2606inventthenight\n|t:|1781384698\n|gametype|singles\n|player|p1|Mat19730|blue|1718\n|player|p2|inventthenight|pokemonbreeder-gen4|1689\n|gen|9\n|tier|[Gen 9] Random Battle\n|rated|\n|rule|Species Clause: Limit one of each Pok\u00e9mon\n|rule|HP Percentage Mod: HP is shown in percentages\n|rule|Sleep Clause Mod: Limit one foe put to sleep\n|rule|Illusion Level Mod: Illusion disguises the Pok\u00e9mon's true level\n|\n|t:|1781384698\n|teamsize|p1|6\n|teamsize|p2|6\n|start\n|switch|p1a: Brambleghast|Brambleghast, L88, M|240/240\n|switch|p2a: Suicune|Suicune, L82|298/298\n|-ability|p2a: Suicune|Pressure\n|turn|1\n|\n|t:|1781384710\n|switch|p2a: Tauros|Tauros-Paldea-Combat, L82, M|257/257\n|-ability|p2a: Tauros|Intimidate|boost\n|-unboost|p1a: Brambleghast|atk|1\n|move|p1a: Brambleghast|Spikes|p2a: Tauros\n|-sidestart|p2: inventthenight|Spikes\n|\n|upkeep\n|turn|2\n|c|\u2606inventthenight|glhf\n|\n|t:|1781384731\n|switch|p1a: Golduck|Golduck, L90, F|290/290\n|-ability|p1a: Golduck|Cloud Nine\n|move|p2a: Tauros|Throat Chop|p1a: Golduck\n|-damage|p1a: Golduck|206/290\n|-start|p1a: Golduck|Throat Chop|[silent]\n|\n|upkeep\n|turn|3\n|\n|t:|1781384749\n|switch|p2a: Raikou|Raikou, L81|278/278\n|-damage|p2a: Raikou|244/278|[from] Spikes\n|-ability|p2a: Raikou|Pressure\n|move|p1a: Golduck|Hydro Pump|p2a: Raikou\n|-damage|p2a: Raikou|49/278\n|\n|-heal|p2a: Raikou|66/278|[from] item: Leftovers\n|-end|p1a: Golduck|Throat Chop|[silent]\n|upkeep\n|turn|4\n|\n|t:|1781384757\n|switch|p1a: Brambleghast|Brambleghast, L88, M|240/240\n|move|p2a: Raikou|Thunderbolt|p1a: Brambleghast\n|-resisted|p1a: Brambleghast\n|-damage|p1a: Brambleghast|182/240\n|\n|-heal|p2a: Raikou|83/278|[from] item: Leftovers\n|-heal|p1a: Brambleghast|197/240|[from] item: Leftovers\n|upkeep\n|turn|5\n|\n|t:|1781384765\n|switch|p2a: Tauros|Tauros-Paldea-Combat, L82, M|257/257\n|-damage|p2a: Tauros|225/257|[from] Spikes\n|-ability|p2a: Tauros|Intimidate|boost\n|-unboost|p1a: Brambleghast|atk|1\n|move|p1a: Brambleghast|Poltergeist|p2a: Tauros\n|-activate|p2a: Tauros|move: Poltergeist|Choice Band\n|-damage|p2a: Tauros|141/257\n|\n|-heal|p1a: Brambleghast|212/240|[from] item: Leftovers\n|upkeep\n|turn|6\n|\n|t:|1781384776\n|switch|p1a: Golduck|Golduck, L90, F|206/290\n|-ability|p1a: Golduck|Cloud Nine\n|move|p2a: Tauros|Close Combat|p1a: Golduck\n|-damage|p1a: Golduck|17/290\n|-unboost|p2a: Tauros|def|1\n|-unboost|p2a: Tauros|spd|1\n|\n|upkeep\n|turn|7\n|\n|t:|1781384781\n|move|p2a: Tauros|Close Combat|p1a: Golduck\n|-damage|p1a: Golduck|0 fnt\n|-unboost|p2a: Tauros|def|1\n|-unboost|p2a: Tauros|spd|1\n|faint|p1a: Golduck\n|\n|upkeep\n|\n|t:|1781384785\n|switch|p1a: Iron Jugulis|Iron Jugulis, L77|271/271\n|turn|8\n|\n|t:|1781384789\n|switch|p2a: Golem|Golem-Alola, L93, M|300/300\n|-damage|p2a: Golem|263/300|[from] Spikes\n|move|p1a: Iron Jugulis|Meteor Beam||[still]\n|-prepare|p1a: Iron Jugulis|Meteor Beam\n|-boost|p1a: Iron Jugulis|spa|1\n|-enditem|p1a: Iron Jugulis|Power Herb\n|-anim|p1a: Iron Jugulis|Meteor Beam|p2a: Golem\n|-damage|p2a: Golem|110/300\n|\n|upkeep\n|turn|9\n|\n|t:|1781384797\n|move|p1a: Iron Jugulis|Earth Power|p2a: Golem\n|-supereffective|p2a: Golem\n|-crit|p2a: Golem\n|-damage|p2a: Golem|0 fnt\n|faint|p2a: Golem\n|\n|upkeep\n|\n|t:|1781384803\n|switch|p2a: Raikou|Raikou, L81|83/278\n|-damage|p2a: Raikou|49/278|[from] Spikes\n|-ability|p2a: Raikou|Pressure\n|turn|10\n|\n|t:|1781384809\n|-terastallize|p1a: Iron Jugulis|Ground\n|move|p2a: Raikou|Thunderbolt|p1a: Iron Jugulis\n|-immune|p1a: Iron Jugulis\n|move|p1a: Iron Jugulis|Dark Pulse|p2a: Raikou\n|-damage|p2a: Raikou|0 fnt\n|faint|p2a: Raikou\n|\n|upkeep\n|\n|t:|1781384848\n|switch|p2a: Suicune|Suicune, L82|298/298\n|-damage|p2a: Suicune|261/298|[from] Spikes\n|-ability|p2a: Suicune|Pressure\n|turn|11\n|\n|t:|1781384854\n|move|p1a: Iron Jugulis|Dark Pulse|p2a: Suicune\n|-damage|p2a: Suicune|164/298\n|cant|p2a: Suicune|flinch\n|\n|-heal|p2a: Suicune|182/298|[from] item: Leftovers\n|upkeep\n|turn|12\n|\n|t:|1781384862\n|move|p1a: Iron Jugulis|Earth Power|p2a: Suicune\n|-damage|p2a: Suicune|58/298\n|move|p2a: Suicune|Calm Mind|p2a: Suicune\n|-boost|p2a: Suicune|spa|1\n|-boost|p2a: Suicune|spd|1\n|\n|-heal|p2a: Suicune|76/298|[from] item: Leftovers\n|upkeep\n|turn|13\n|\n|t:|1781384867\n|move|p1a: Iron Jugulis|Earth Power|p2a: Suicune\n|-damage|p2a: Suicune|0 fnt\n|faint|p2a: Suicune\n|\n|upkeep\n|\n|t:|1781384874\n|switch|p2a: Terapagos|Terapagos, L77, F|265/265\n|-activate|p2a: Terapagos|ability: Tera Shift\n|detailschange|p2a: Terapagos|Terapagos-Terastal, L77, F\n|-heal|p2a: Terapagos|273/273|[silent]\n|-damage|p2a: Terapagos|239/273|[from] Spikes\n|turn|14\n|\n|t:|1781384878\n|-terastallize|p2a: Terapagos|Stellar\n|detailschange|p2a: Terapagos|Terapagos-Stellar, L77, F, tera:Stellar\n|-heal|p2a: Terapagos|339/373|[silent]\n|move|p1a: Iron Jugulis|Dark Pulse|p2a: Terapagos\n|-crit|p2a: Terapagos\n|-damage|p2a: Terapagos|162/373\n|move|p2a: Terapagos|Tera Starstorm|p1a: Iron Jugulis\n|-supereffective|p1a: Iron Jugulis\n|-crit|p1a: Iron Jugulis\n|-damage|p1a: Iron Jugulis|0 fnt\n|faint|p1a: Iron Jugulis\n|-end|p1a: Iron Jugulis|Quark Drive|[silent]\n|\n|upkeep\n|\n|t:|1781384893\n|switch|p1a: Brambleghast|Brambleghast, L88, M|212/240\n|turn|15\n|\n|t:|1781384901\n|move|p1a: Brambleghast|Spikes|p2a: Terapagos\n|-sidestart|p2: inventthenight|Spikes\n|move|p2a: Terapagos|Tera Starstorm|p1a: Brambleghast\n|-damage|p1a: Brambleghast|87/240\n|\n|-heal|p1a: Brambleghast|102/240|[from] item: Leftovers\n|upkeep\n|turn|16\n|\n|t:|1781384909\n|move|p1a: Brambleghast|Power Whip|p2a: Terapagos\n|-damage|p2a: Terapagos|20/373\n|move|p2a: Terapagos|Rest|p2a: Terapagos\n|-status|p2a: Terapagos|slp|[from] move: Rest\n|-heal|p2a: Terapagos|373/373 slp|[silent]\n|-enditem|p2a: Terapagos|Chesto Berry|[eat]\n|-curestatus|p2a: Terapagos|slp|[msg]\n|\n|-heal|p1a: Brambleghast|117/240|[from] item: Leftovers\n|upkeep\n|turn|17\n|\n|t:|1781384919\n|switch|p1a: Abomasnow|Abomasnow, L84, F|287/287\n|-weather|Snowscape|[from] ability: Snow Warning|[of] p1a: Abomasnow\n|move|p2a: Terapagos|Tera Starstorm|p1a: Abomasnow\n|-damage|p1a: Abomasnow|173/287\n|\n|-weather|Snowscape|[upkeep]\n|upkeep\n|turn|18\n|\n|t:|1781384922\n|move|p2a: Terapagos|Calm Mind|p2a: Terapagos\n|-boost|p2a: Terapagos|spa|1\n|-boost|p2a: Terapagos|spd|1\n|move|p1a: Abomasnow|Aurora Veil|p1a: Abomasnow\n|-sidestart|p1: Mat19730|move: Aurora Veil\n|\n|-weather|Snowscape|[upkeep]\n|upkeep\n|turn|19\n|\n|t:|1781384926\n|move|p2a: Terapagos|Calm Mind|p2a: Terapagos\n|-boost|p2a: Terapagos|spa|1\n|-boost|p2a: Terapagos|spd|1\n|move|p1a: Abomasnow|Earthquake|p2a: Terapagos\n|-damage|p2a: Terapagos|312/373\n|\n|-weather|Snowscape|[upkeep]\n|upkeep\n|turn|20\n|\n|t:|1781384931\n|move|p2a: Terapagos|Calm Mind|p2a: Terapagos\n|-boost|p2a: Terapagos|spa|1\n|-boost|p2a: Terapagos|spd|1\n|move|p1a: Abomasnow|Earthquake|p2a: Terapagos\n|-damage|p2a: Terapagos|252/373\n|\n|-weather|Snowscape|[upkeep]\n|upkeep\n|turn|21\n|\n|t:|1781384935\n|move|p2a: Terapagos|Tera Starstorm|p1a: Abomasnow\n|-damage|p1a: Abomasnow|33/287\n|move|p1a: Abomasnow|Earthquake|p2a: Terapagos\n|-damage|p2a: Terapagos|194/373\n|\n|-weather|none\n|upkeep\n|turn|22\n|\n|t:|1781384939\n|move|p2a: Terapagos|Calm Mind|p2a: Terapagos\n|-boost|p2a: Terapagos|spa|1\n|-boost|p2a: Terapagos|spd|1\n|move|p1a: Abomasnow|Earthquake|p2a: Terapagos\n|-damage|p2a: Terapagos|127/373\n|\n|upkeep\n|turn|23\n|\n|t:|1781384943\n|move|p2a: Terapagos|Rest|p2a: Terapagos\n|-status|p2a: Terapagos|slp|[from] move: Rest\n|-heal|p2a: Terapagos|373/373 slp|[silent]\n|move|p1a: Abomasnow|Earthquake|p2a: Terapagos\n|-damage|p2a: Terapagos|307/373 slp\n|\n|upkeep\n|turn|24\n|\n|t:|1781384961\n|switch|p1a: Blastoise|Blastoise, L80, M|258/258\n|cant|p2a: Terapagos|slp\n|\n|upkeep\n|turn|25\n|\n|t:|1781384964\n|cant|p2a: Terapagos|slp\n|move|p1a: Blastoise|Shell Smash|p1a: Blastoise\n|-unboost|p1a: Blastoise|def|1\n|-unboost|p1a: Blastoise|spd|1\n|-boost|p1a: Blastoise|atk|2\n|-boost|p1a: Blastoise|spa|2\n|-boost|p1a: Blastoise|spe|2\n|-enditem|p1a: Blastoise|White Herb\n|-clearnegativeboost|p1a: Blastoise|[silent]\n|\n|-sideend|p1: Mat19730|move: Aurora Veil\n|upkeep\n|turn|26\n|\n|t:|1781384967\n|move|p1a: Blastoise|Hydro Pump|p2a: Terapagos\n|-damage|p2a: Terapagos|246/373 slp\n|-curestatus|p2a: Terapagos|slp|[msg]\n|move|p2a: Terapagos|Tera Starstorm|p1a: Blastoise\n|-damage|p1a: Blastoise|0 fnt\n|faint|p1a: Blastoise\n|\n|upkeep\n|\n|t:|1781384979\n|switch|p1a: Brambleghast|Brambleghast, L88, M|117/240\n|turn|27\n|\n|t:|1781384983\n|move|p1a: Brambleghast|Power Whip|p2a: Terapagos\n|-damage|p2a: Terapagos|105/373\n|move|p2a: Terapagos|Tera Starstorm|p1a: Brambleghast\n|-damage|p1a: Brambleghast|0 fnt\n|faint|p1a: Brambleghast\n|\n|upkeep\n|\n|t:|1781384990\n|switch|p1a: Polteageist|Polteageist, L78|222/222\n|turn|28\n|\n|t:|1781384993\n|move|p2a: Terapagos|Earth Power|p1a: Polteageist\n|-damage|p1a: Polteageist|28/222\n|move|p1a: Polteageist|Shell Smash|p1a: Polteageist\n|-unboost|p1a: Polteageist|def|1\n|-unboost|p1a: Polteageist|spd|1\n|-boost|p1a: Polteageist|atk|2\n|-boost|p1a: Polteageist|spa|2\n|-boost|p1a: Polteageist|spe|2\n|-enditem|p1a: Polteageist|White Herb\n|-clearnegativeboost|p1a: Polteageist|[silent]\n|\n|upkeep\n|turn|29\n|\n|t:|1781385002\n|move|p1a: Polteageist|Stored Power|p2a: Terapagos\n|-damage|p2a: Terapagos|35/373\n|move|p2a: Terapagos|Earth Power|p1a: Polteageist\n|-crit|p1a: Polteageist\n|-damage|p1a: Polteageist|0 fnt\n|-start|p2a: Terapagos|Disable|Earth Power|[from] ability: Cursed Body|[of] p1a: Polteageist\n|faint|p1a: Polteageist\n|\n|upkeep\n|\n|t:|1781385007\n|switch|p1a: Abomasnow|Abomasnow, L84, F|33/287\n|-weather|Snowscape|[from] ability: Snow Warning|[of] p1a: Abomasnow\n|turn|30\n|\n|t:|1781385011\n|move|p1a: Abomasnow|Ice Shard|p2a: Terapagos\n|-damage|p2a: Terapagos|0 fnt\n|faint|p2a: Terapagos\n|detailschange|p2: Terapagos|Terapagos, L77, F|[silent]\n|\n|-weather|Snowscape|[upkeep]\n|upkeep\n|\n|t:|1781385014\n|switch|p2a: Houndstone|Houndstone, L86, F|264/264\n|-damage|p2a: Houndstone|220/264|[from] Spikes\n|turn|31\n|\n|t:|1781385017\n|move|p2a: Houndstone|Shadow Sneak|p1a: Abomasnow\n|-damage|p1a: Abomasnow|0 fnt\n|faint|p1a: Abomasnow\n|\n|win|inventthenight\n|raw|Mat19730's rating: 1718 &rarr; <strong>1696</strong><br />(-22 for losing)\n|raw|inventthenight's rating: 1689 &rarr; <strong>1711</strong><br />(+22 for winning)\n|c|\u2606inventthenight|gg\n|l|\u2606Mat19730\n|player|p1|\n", "inputlog": ">version a8376a258c1d4662feba110a92103f3664a72141\n>start {\"formatid\":\"gen9randombattle\",\"seed\":\"sodium,fbf839f3cf72ed2b1ffc6008f581ee44\",\"rated\":\"Rated battle\"}\n>player p1 {\"name\":\"Mat19730\",\"avatar\":\"blue\",\"rating\":1718,\"seed\":\"sodium,1d768e08160d3fa0af9a0dd66c11577c\"}\n>player p2 {\"name\":\"inventthenight\",\"avatar\":\"pokemonbreeder-gen4\",\"rating\":1689,\"seed\":\"sodium,be6110ee34e32cec67c21d03dd6f0905\"}\n>p1 move spikes\n>p2 switch 3\n>chat \u2606inventthenight|glhf\n>p1 switch 5\n>p2 move throatchop\n>p1 move hydropump\n>p2 switch 2\n>p1 switch 5\n>p2 move thunderbolt\n>p1 move poltergeist\n>p2 switch 2\n>p1 switch 5\n>p2 move closecombat\n>p1 move flipturn\n>p2 move closecombat\n>p1 switch 3\n>p1 move meteorbeam\n>p2 switch 4\n>p1 move earthpower\n>p2 move rockpolish\n>p2 switch 2\n>p1 move darkpulse terastallize\n>p2 move thunderbolt\n>p2 switch 3\n>p1 move darkpulse\n>p2 move scald\n>p1 move earthpower\n>p2 move calmmind\n>p1 move earthpower\n>p2 move rest\n>p2 switch 6\n>p1 move darkpulse\n>p2 move terastarstorm terastallize\n>p1 switch 5\n>p1 move spikes\n>p2 move terastarstorm\n>p1 move powerwhip\n>p2 move rest\n>p1 switch 6\n>p2 move terastarstorm\n>p1 move auroraveil\n>p2 move calmmind\n>p1 move earthquake\n>p2 move calmmind\n>p1 move earthquake\n>p2 move calmmind\n>p1 move earthquake\n>p2 move terastarstorm\n>p1 move earthquake\n>p2 move calmmind\n>p1 move earthquake\n>p2 move rest\n>p1 switch 2\n>p2 move earthpower\n>p1 move shellsmash\n>p2 move terastarstorm\n>p1 move hydropump\n>p2 move terastarstorm\n>p1 switch 6\n>p1 move powerwhip\n>p2 move terastarstorm\n>p1 switch 4\n>p1 move shellsmash\n>p2 move earthpower\n>p1 move storedpower\n>p2 move earthpower\n>p1 switch 2\n>p1 move iceshard\n>p2 move terastarstorm\n>p2 switch 5\n>p1 move blizzard\n>p2 move shadowsneak", "uploadtime": 1781385022, "views": 9, "formatid": "gen9randombattle", "rating": 1696, "private": 0, "password": null}