{"id": "gen9randombattle-2631437634", "format": "[Gen 9] Random Battle", "players": ["BBUTTER", "fugupineapple"], "log": "|j|\u2606BBUTTER\n|j|\u2606fugupineapple\n|t:|1781384606\n|gametype|singles\n|player|p1|BBUTTER|blue|2067\n|player|p2|fugupineapple|266|2064\n|gen|9\n|tier|[Gen 9] Random Battle\n|rated|\n|rule|Species Clause: Limit one of each Pok\u00e9mon\n|rule|HP Percentage Mod: HP is shown in percentages\n|rule|Sleep Clause Mod: Limit one foe put to sleep\n|rule|Illusion Level Mod: Illusion disguises the Pok\u00e9mon's true level\n|\n|t:|1781384606\n|teamsize|p1|6\n|teamsize|p2|6\n|start\n|switch|p1a: Golem|Golem, L87, F|281/281\n|switch|p2a: Iron Moth|Iron Moth, L78|253/253\n|turn|1\n|\n|t:|1781384616\n|move|p2a: Iron Moth|Energy Ball|p1a: Golem\n|-supereffective|p1a: Golem\n|-ability|p1a: Golem|Sturdy\n|-damage|p1a: Golem|1/281\n|-enditem|p1a: Golem|Weakness Policy\n|-boost|p1a: Golem|atk|2|[from] item: Weakness Policy\n|-boost|p1a: Golem|spa|2|[from] item: Weakness Policy\n|move|p1a: Golem|Rock Polish|p1a: Golem\n|-boost|p1a: Golem|spe|2\n|\n|upkeep\n|turn|2\n|\n|t:|1781384629\n|-end|p2a: Iron Moth|Quark Drive|[silent]\n|switch|p2a: Bombirdier|Bombirdier, L85, M|258/258\n|move|p1a: Golem|Earthquake|p2a: Bombirdier\n|-immune|p2a: Bombirdier\n|\n|upkeep\n|turn|3\n|\n|t:|1781384632\n|move|p1a: Golem|Stone Edge|p2a: Bombirdier\n|-supereffective|p2a: Bombirdier\n|-damage|p2a: Bombirdier|0 fnt\n|faint|p2a: Bombirdier\n|\n|upkeep\n|\n|t:|1781384639\n|switch|p2a: Suicune|Suicune, L82|298/298\n|-ability|p2a: Suicune|Pressure\n|turn|4\n|\n|t:|1781384645\n|move|p1a: Golem|Explosion|p2a: Suicune\n|-damage|p2a: Suicune|0 fnt\n|faint|p1a: Golem\n|faint|p2a: Suicune\n|\n|upkeep\n|inactive|Battle timer is ON: inactive players will automatically lose when time's up. (requested by fugupineapple)\n|\n|t:|1781384652\n|switch|p2a: Leavanny|Leavanny, L86, M|269/269\n|switch|p1a: Dragalge|Dragalge, L88, M|258/258\n|turn|5\n|\n|t:|1781384656\n|move|p2a: Leavanny|Sticky Web|p1a: Dragalge\n|-sidestart|p1: BBUTTER|move: Sticky Web\n|move|p1a: Dragalge|Sludge Wave|p2a: Leavanny\n|-supereffective|p2a: Leavanny\n|-damage|p2a: Leavanny|0 fnt\n|faint|p2a: Leavanny\n|\n|upkeep\n|\n|t:|1781384664\n|switch|p2a: Landorus|Landorus, L75, M|257/257\n|turn|6\n|\n|t:|1781384672\n|switch|p1a: Poliwrath|Poliwrath, L88, M|302/302\n|-activate|p1a: Poliwrath|move: Sticky Web\n|-unboost|p1a: Poliwrath|spe|1\n|move|p2a: Landorus|Nasty Plot|p2a: Landorus\n|-boost|p2a: Landorus|spa|2\n|\n|upkeep\n|turn|7\n|\n|t:|1781384675\n|move|p2a: Landorus|Psychic|p1a: Poliwrath\n|-supereffective|p1a: Poliwrath\n|-damage|p1a: Poliwrath|0 fnt\n|faint|p1a: Poliwrath\n|\n|upkeep\n|\n|t:|1781384686\n|switch|p1a: Mimikyu|Mimikyu, L79, F|216/216\n|-activate|p1a: Mimikyu|move: Sticky Web\n|-unboost|p1a: Mimikyu|spe|1\n|turn|8\n|\n|t:|1781384696\n|move|p2a: Landorus|Earth Power|p1a: Mimikyu\n|-activate|p1a: Mimikyu|ability: Disguise\n|-damage|p1a: Mimikyu|216/216\n|detailschange|p1a: Mimikyu|Mimikyu-Busted, L79, F\n|-damage|p1a: Mimikyu|189/216|[from] pokemon: Mimikyu-Busted\n|move|p1a: Mimikyu|Play Rough|p2a: Landorus\n|-damage|p2a: Landorus|148/257\n|-damage|p1a: Mimikyu|168/216|[from] item: Life Orb\n|\n|upkeep\n|turn|9\n|\n|t:|1781384701\n|move|p1a: Mimikyu|Shadow Sneak|p2a: Landorus\n|-damage|p2a: Landorus|93/257\n|-damage|p1a: Mimikyu|147/216|[from] item: Life Orb\n|move|p2a: Landorus|Earth Power|p1a: Mimikyu\n|-damage|p1a: Mimikyu|0 fnt\n|faint|p1a: Mimikyu\n|\n|upkeep\n|\n|t:|1781384705\n|switch|p1a: Dragalge|Dragalge, L88, M|258/258\n|-activate|p1a: Dragalge|move: Sticky Web\n|-unboost|p1a: Dragalge|spe|1\n|turn|10\n|\n|t:|1781384709\n|-terastallize|p1a: Dragalge|Fighting\n|move|p2a: Landorus|Earth Power|p1a: Dragalge\n|-crit|p1a: Dragalge\n|-damage|p1a: Dragalge|0 fnt\n|faint|p1a: Dragalge\n|\n|upkeep\n|-message|BBUTTER forfeited.\n|\n|win|fugupineapple\n", "inputlog": ">version a8376a258c1d4662feba110a92103f3664a72141\n>start {\"formatid\":\"gen9randombattle\",\"seed\":\"sodium,38f3d60620df5e539b2d48473691fcd0\",\"rated\":\"Rated battle\"}\n>player p1 {\"name\":\"BBUTTER\",\"avatar\":\"blue\",\"rating\":2067,\"seed\":\"sodium,1b1d8a055c94d406663ae091458bf659\"}\n>player p2 {\"name\":\"fugupineapple\",\"avatar\":\"266\",\"rating\":2064,\"seed\":\"sodium,173089c24d3437995ba2216c5a44568b\"}\n>p1 move rockpolish\n>p2 move energyball\n>p1 move earthquake\n>p2 switch 2\n>p1 move stoneedge\n>p2 move uturn\n>p2 switch 4\n>p1 move explosion\n>p2 move scald\n>p1 switch 4\n>p2 switch 5\n>p1 move sludgewave\n>p2 move stickyweb\n>p2 switch 3\n>p1 switch 3\n>p2 move nastyplot\n>p1 move liquidation\n>p2 move psychic\n>p1 switch 6\n>p1 move playrough\n>p2 move earthpower\n>p1 move shadowsneak\n>p2 move earthpower\n>p1 switch 3\n>p1 move dracometeor terastallize\n>p2 move earthpower\n>forcelose p1", "uploadtime": 1781384608, "views": 10, "formatid": "gen9randombattle", "rating": null, "private": 0, "password": null}