{"id": "gen9randombattle-2631958351", "format": "[Gen 9] Random Battle", "players": ["JhuniorCq", "thatdankcharizard"], "log": "|j|\u2606JhuniorCq\n|j|\u2606thatdankcharizard\n|t:|1781459929\n|gametype|singles\n|player|p1|JhuniorCq|169|1953\n|player|p2|thatdankcharizard|266|2055\n|gen|9\n|tier|[Gen 9] Random Battle\n|rated|\n|rule|Species Clause: Limit one of each Pok\u00e9mon\n|rule|HP Percentage Mod: HP is shown in percentages\n|rule|Sleep Clause Mod: Limit one foe put to sleep\n|rule|Illusion Level Mod: Illusion disguises the Pok\u00e9mon's true level\n|\n|t:|1781459929\n|teamsize|p1|6\n|teamsize|p2|6\n|start\n|switch|p1a: Rillaboom|Rillaboom, L79, F|288/288\n|switch|p2a: Giratina|Giratina-Origin, L72|335/335\n|-fieldstart|move: Grassy Terrain|[from] ability: Grassy Surge|[of] p1a: Rillaboom\n|turn|1\n|inactive|Battle timer is ON: inactive players will automatically lose when time's up. (requested by thatdankcharizard)\n|\n|t:|1781459966\n|move|p1a: Rillaboom|U-turn|p2a: Giratina\n|-resisted|p2a: Giratina\n|-damage|p2a: Giratina|290/335\n|\n|t:|1781459973\n|switch|p1a: Bellossom|Bellossom, L84, F|263/263|[from] U-turn\n|move|p2a: Giratina|Will-O-Wisp|p1a: Bellossom\n|-status|p1a: Bellossom|brn\n|\n|-damage|p1a: Bellossom|247/263 brn|[from] brn\n|upkeep\n|turn|2\n|\n|t:|1781459982\n|move|p2a: Giratina|Poltergeist|p1a: Bellossom\n|-activate|p1a: Bellossom|move: Poltergeist|Leftovers\n|-damage|p1a: Bellossom|138/263 brn\n|move|p1a: Bellossom|Moonblast|p2a: Giratina\n|-supereffective|p2a: Giratina\n|-damage|p2a: Giratina|152/335\n|\n|-heal|p1a: Bellossom|154/263 brn|[from] Grassy Terrain\n|-heal|p1a: Bellossom|170/263 brn|[from] item: Leftovers\n|-damage|p1a: Bellossom|154/263 brn|[from] brn\n|upkeep\n|turn|3\n|\n|t:|1781459997\n|switch|p2a: Milotic|Milotic, L83, F|293/293\n|move|p1a: Bellossom|Strength Sap|p2a: Milotic\n|-unboost|p2a: Milotic|atk|1\n|-ability|p2a: Milotic|Competitive|boost\n|-boost|p2a: Milotic|spa|2\n|-heal|p1a: Bellossom|258/263 brn\n|\n|-heal|p1a: Bellossom|263/263 brn|[from] Grassy Terrain\n|-damage|p1a: Bellossom|247/263 brn|[from] brn\n|upkeep\n|turn|4\n|\n|t:|1781460005\n|switch|p1a: Slowking|Slowking, L88, M|310/310\n|-terastallize|p2a: Milotic|Dragon\n|move|p2a: Milotic|Ice Beam|p1a: Slowking\n|-resisted|p1a: Slowking\n|-damage|p1a: Slowking|260/310\n|\n|-heal|p1a: Slowking|279/310|[from] Grassy Terrain\n|-heal|p1a: Slowking|298/310|[from] item: Leftovers\n|upkeep\n|turn|5\n|\n|t:|1781460020\n|switch|p2a: Giratina|Giratina-Origin, L72|152/335\n|move|p1a: Slowking|Thunder Wave|p2a: Giratina\n|-status|p2a: Giratina|par\n|\n|-heal|p1a: Slowking|310/310|[from] Grassy Terrain\n|-fieldend|move: Grassy Terrain\n|upkeep\n|turn|6\n|\n|t:|1781460026\n|switch|p1a: Bellossom|Bellossom, L84, F|247/263 brn\n|cant|p2a: Giratina|par\n|\n|-heal|p1a: Bellossom|263/263 brn|[from] item: Leftovers\n|-damage|p1a: Bellossom|247/263 brn|[from] brn\n|upkeep\n|turn|7\n|\n|t:|1781460032\n|switch|p2a: Milotic|Milotic, L83, F, tera:Dragon|293/293\n|move|p1a: Bellossom|Quiver Dance|p1a: Bellossom\n|-boost|p1a: Bellossom|spa|1\n|-boost|p1a: Bellossom|spd|1\n|-boost|p1a: Bellossom|spe|1\n|\n|-heal|p1a: Bellossom|263/263 brn|[from] item: Leftovers\n|-damage|p1a: Bellossom|247/263 brn|[from] brn\n|upkeep\n|turn|8\n|\n|t:|1781460035\n|move|p1a: Bellossom|Moonblast|p2a: Milotic\n|-supereffective|p2a: Milotic\n|-damage|p2a: Milotic|157/293\n|move|p2a: Milotic|Haze|p2a: Milotic\n|-clearallboost\n|\n|-heal|p2a: Milotic|175/293|[from] item: Leftovers\n|-heal|p1a: Bellossom|263/263 brn|[from] item: Leftovers\n|-damage|p1a: Bellossom|247/263 brn|[from] brn\n|upkeep\n|turn|9\n|\n|t:|1781460041\n|move|p2a: Milotic|Recover|p2a: Milotic\n|-heal|p2a: Milotic|293/293\n|move|p1a: Bellossom|Quiver Dance|p1a: Bellossom\n|-boost|p1a: Bellossom|spa|1\n|-boost|p1a: Bellossom|spd|1\n|-boost|p1a: Bellossom|spe|1\n|\n|-heal|p1a: Bellossom|263/263 brn|[from] item: Leftovers\n|-damage|p1a: Bellossom|247/263 brn|[from] brn\n|upkeep\n|turn|10\n|\n|t:|1781460043\n|move|p1a: Bellossom|Moonblast|p2a: Milotic\n|-supereffective|p2a: Milotic\n|-damage|p2a: Milotic|151/293\n|move|p2a: Milotic|Haze|p2a: Milotic\n|-clearallboost\n|\n|-heal|p2a: Milotic|169/293|[from] item: Leftovers\n|-heal|p1a: Bellossom|263/263 brn|[from] item: Leftovers\n|-damage|p1a: Bellossom|247/263 brn|[from] brn\n|upkeep\n|turn|11\n|\n|t:|1781460050\n|switch|p1a: Slowking|Slowking, L88, M|310/310\n|move|p2a: Milotic|Ice Beam|p1a: Slowking\n|-resisted|p1a: Slowking\n|-damage|p1a: Slowking|282/310\n|\n|-heal|p2a: Milotic|187/293|[from] item: Leftovers\n|-heal|p1a: Slowking|301/310|[from] item: Leftovers\n|upkeep\n|turn|12\n|\n|t:|1781460062\n|switch|p2a: Golurk|Golurk, L87|297/297\n|move|p1a: Slowking|Psychic Noise|p2a: Golurk\n|-damage|p2a: Golurk|200/297\n|-start|p2a: Golurk|move: Heal Block\n|\n|-heal|p1a: Slowking|310/310|[from] item: Leftovers\n|upkeep\n|turn|13\n|inactive|JhuniorCq has 120 seconds left.\n|\n|t:|1781460098\n|switch|p1a: Bellossom|Bellossom, L84, F|247/263 brn\n|move|p2a: Golurk|Stealth Rock|p1a: Bellossom\n|-sidestart|p1: JhuniorCq|move: Stealth Rock\n|\n|-heal|p1a: Bellossom|263/263 brn|[from] item: Leftovers\n|-damage|p1a: Bellossom|247/263 brn|[from] brn\n|-end|p2a: Golurk|move: Heal Block\n|upkeep\n|turn|14\n|\n|t:|1781460112\n|switch|p2a: Toxicroak|Toxicroak, L84, M|277/277\n|move|p1a: Bellossom|Quiver Dance|p1a: Bellossom\n|-boost|p1a: Bellossom|spa|1\n|-boost|p1a: Bellossom|spd|1\n|-boost|p1a: Bellossom|spe|1\n|\n|-heal|p1a: Bellossom|263/263 brn|[from] item: Leftovers\n|-damage|p1a: Bellossom|247/263 brn|[from] brn\n|upkeep\n|turn|15\n|inactive|JhuniorCq has 120 seconds left.\n|\n|t:|1781460133\n|move|p1a: Bellossom|Moonblast|p2a: Toxicroak\n|-damage|p2a: Toxicroak|156/277\n|move|p2a: Toxicroak|Gunk Shot|p1a: Bellossom\n|-supereffective|p1a: Bellossom\n|-damage|p1a: Bellossom|0 fnt\n|faint|p1a: Bellossom\n|\n|upkeep\n|\n|t:|1781460157\n|switch|p1a: Mismagius|Mismagius, L86, F|243/243\n|-damage|p1a: Mismagius|213/243|[from] Stealth Rock\n|turn|16\n|\n|t:|1781460173\n|switch|p2a: Milotic|Milotic, L83, F, tera:Dragon|187/293\n|move|p1a: Mismagius|Shadow Ball|p2a: Milotic\n|-damage|p2a: Milotic|81/293\n|\n|-heal|p2a: Milotic|99/293|[from] item: Leftovers\n|upkeep\n|turn|17\n|\n|t:|1781460181\n|switch|p2a: Giratina|Giratina-Origin, L72|152/335 par\n|move|p1a: Mismagius|Shadow Ball|p2a: Giratina\n|-supereffective|p2a: Giratina\n|-damage|p2a: Giratina|0 fnt\n|faint|p2a: Giratina\n|\n|upkeep\n|\n|t:|1781460188\n|switch|p2a: Wugtrio|Wugtrio, L91, M|212/212\n|turn|18\n|inactive|JhuniorCq has 120 seconds left.\n|\n|t:|1781460222\n|switch|p1a: Dialga|Dialga-Origin, L73|266/266\n|-damage|p1a: Dialga|250/266|[from] Stealth Rock\n|-ability|p1a: Dialga|Pressure\n|move|p2a: Wugtrio|Throat Chop|p1a: Dialga\n|-damage|p1a: Dialga|161/266\n|-start|p1a: Dialga|Throat Chop|[silent]\n|\n|upkeep\n|turn|19\n|\n|t:|1781460242\n|switch|p2a: Golurk|Golurk, L87|200/297\n|move|p1a: Dialga|Draco Meteor|p2a: Golurk\n|-damage|p2a: Golurk|1/297\n|-unboost|p1a: Dialga|spa|2\n|\n|-end|p1a: Dialga|Throat Chop|[silent]\n|upkeep\n|turn|20\n|inactive|JhuniorCq has 90 seconds left.\n|\n|t:|1781460268\n|switch|p2a: Lucario|Lucario, L84, F|255/255\n|move|p1a: Dialga|Flash Cannon|p2a: Lucario\n|-resisted|p2a: Lucario\n|-damage|p2a: Lucario|225/255\n|\n|upkeep\n|turn|21\n|inactive|JhuniorCq has 90 seconds left.\n|\n|t:|1781460282\n|switch|p1a: Slowking|Slowking, L88, M|310/310\n|-damage|p1a: Slowking|272/310|[from] Stealth Rock\n|move|p2a: Lucario|Nasty Plot|p2a: Lucario\n|-boost|p2a: Lucario|spa|2\n|\n|-heal|p1a: Slowking|291/310|[from] item: Leftovers\n|upkeep\n|turn|22\n|inactive|JhuniorCq has 90 seconds left.\n|\n|t:|1781460296\n|move|p2a: Lucario|Focus Blast|p1a: Slowking|[miss]\n|-miss|p2a: Lucario|p1a: Slowking\n|move|p1a: Slowking|Thunder Wave|p2a: Lucario\n|-status|p2a: Lucario|par\n|\n|-heal|p1a: Slowking|310/310|[from] item: Leftovers\n|upkeep\n|turn|23\n|\n|t:|1781460303\n|move|p1a: Slowking|Psychic Noise|p2a: Lucario\n|-damage|p2a: Lucario|126/255 par\n|-start|p2a: Lucario|move: Heal Block\n|move|p2a: Lucario|Flash Cannon|p1a: Slowking\n|-resisted|p1a: Slowking\n|-damage|p1a: Slowking|215/310\n|-damage|p2a: Lucario|101/255 par|[from] item: Life Orb\n|\n|-heal|p1a: Slowking|234/310|[from] item: Leftovers\n|upkeep\n|turn|24\n|\n|t:|1781460315\n|move|p1a: Slowking|Psychic Noise|p2a: Lucario\n|-damage|p2a: Lucario|0 fnt\n|faint|p2a: Lucario\n|\n|-heal|p1a: Slowking|253/310|[from] item: Leftovers\n|upkeep\n|\n|t:|1781460317\n|switch|p2a: Golurk|Golurk, L87|1/297\n|turn|25\n|inactive|JhuniorCq has 90 seconds left.\n|\n|t:|1781460337\n|switch|p1a: Dialga|Dialga-Origin, L73|161/266\n|-damage|p1a: Dialga|145/266|[from] Stealth Rock\n|-ability|p1a: Dialga|Pressure\n|move|p2a: Golurk|Poltergeist|p1a: Dialga\n|-activate|p1a: Dialga|move: Poltergeist|Adamant Crystal\n|-damage|p1a: Dialga|0 fnt\n|faint|p1a: Dialga\n|-damage|p2a: Golurk|0 fnt|[from] item: Life Orb\n|faint|p2a: Golurk\n|\n|upkeep\n|inactive|JhuniorCq has 90 seconds left.\n|\n|t:|1781460355\n|switch|p1a: Slowking|Slowking, L88, M|310/310\n|switch|p2a: Toxicroak|Toxicroak, L84, M|156/277\n|-damage|p1a: Slowking|272/310|[from] Stealth Rock\n|turn|26\n|\n|t:|1781460371\n|move|p2a: Toxicroak|Knock Off|p1a: Slowking\n|-supereffective|p1a: Slowking\n|-damage|p1a: Slowking|50/310\n|-enditem|p1a: Slowking|Leftovers|[from] move: Knock Off|[of] p2a: Toxicroak\n|move|p1a: Slowking|Psychic Noise|p2a: Toxicroak\n|-supereffective|p2a: Toxicroak\n|-damage|p2a: Toxicroak|0 fnt\n|faint|p2a: Toxicroak\n|\n|upkeep\n|\n|t:|1781460375\n|switch|p2a: Wugtrio|Wugtrio, L91, M|212/212\n|turn|27\n|inactive|JhuniorCq has 90 seconds left.\n|\n|t:|1781460394\n|move|p2a: Wugtrio|Throat Chop|p1a: Slowking\n|-supereffective|p1a: Slowking\n|-damage|p1a: Slowking|0 fnt\n|faint|p1a: Slowking\n|\n|upkeep\n|\n|t:|1781460396\n|switch|p1a: Rillaboom|Rillaboom, L79, F|288/288\n|-damage|p1a: Rillaboom|252/288|[from] Stealth Rock\n|-fieldstart|move: Grassy Terrain|[from] ability: Grassy Surge|[of] p1a: Rillaboom\n|turn|28\n|inactive|JhuniorCq has 90 seconds left.\n|\n|t:|1781460403\n|move|p2a: Wugtrio|Throat Chop|p1a: Rillaboom\n|-damage|p1a: Rillaboom|142/288\n|-start|p1a: Rillaboom|Throat Chop|[silent]\n|move|p1a: Rillaboom|Wood Hammer|p2a: Wugtrio\n|-supereffective|p2a: Wugtrio\n|-damage|p2a: Wugtrio|0 fnt\n|-ability|p2a: Wugtrio|Gooey\n|-unboost|p1a: Rillaboom|spe|1\n|faint|p2a: Wugtrio\n|-damage|p1a: Rillaboom|72/288|[from] Recoil\n|\n|-heal|p1a: Rillaboom|90/288|[from] Grassy Terrain\n|upkeep\n|\n|t:|1781460405\n|switch|p2a: Milotic|Milotic, L83, F, tera:Dragon|99/293\n|turn|29\n|\n|t:|1781460413\n|switch|p1a: Mismagius|Mismagius, L86, F|213/243\n|-damage|p1a: Mismagius|183/243|[from] Stealth Rock\n|move|p2a: Milotic|Recover|p2a: Milotic\n|-heal|p2a: Milotic|246/293\n|\n|-heal|p2a: Milotic|264/293|[from] Grassy Terrain\n|-heal|p2a: Milotic|282/293|[from] item: Leftovers\n|upkeep\n|turn|30\n|\n|t:|1781460419\n|move|p1a: Mismagius|Dazzling Gleam|p2a: Milotic\n|-supereffective|p2a: Milotic\n|-damage|p2a: Milotic|124/293\n|move|p2a: Milotic|Scald|p1a: Mismagius\n|-damage|p1a: Mismagius|114/243\n|\n|-heal|p2a: Milotic|142/293|[from] Grassy Terrain\n|-heal|p2a: Milotic|160/293|[from] item: Leftovers\n|upkeep\n|turn|31\n|\n|t:|1781460428\n|-terastallize|p1a: Mismagius|Fairy\n|move|p1a: Mismagius|Dazzling Gleam|p2a: Milotic\n|-supereffective|p2a: Milotic\n|-damage|p2a: Milotic|0 fnt\n|faint|p2a: Milotic\n|\n|win|JhuniorCq\n", "inputlog": ">version a8376a258c1d4662feba110a92103f3664a72141\n>start {\"formatid\":\"gen9randombattle\",\"seed\":\"sodium,65a767d16e800fa844b60c03d1fba04a\",\"rated\":\"Rated battle\"}\n>player p1 {\"name\":\"JhuniorCq\",\"avatar\":\"169\",\"rating\":1953,\"seed\":\"sodium,8e288cdd5803172ee4688f387a2e4044\"}\n>player p2 {\"name\":\"thatdankcharizard\",\"avatar\":\"266\",\"rating\":2055,\"seed\":\"sodium,1a49347563e40f419aac3ea7e4a09093\"}\n>p1 move uturn\n>p2 move willowisp\n>p1 switch 3\n>p1 move moonblast\n>p2 move poltergeist\n>p1 move strengthsap\n>p2 switch 5\n>p1 switch 6\n>p2 move icebeam terastallize\n>p1 move thunderwave\n>p2 switch 5\n>p1 switch 6\n>p2 move poltergeist\n>p1 move quiverdance\n>p2 switch 5\n>p1 move moonblast\n>p2 move haze\n>p1 move quiverdance\n>p2 move recover\n>p1 move moonblast\n>p2 move haze\n>p1 switch 6\n>p2 move icebeam\n>p1 move psychicnoise\n>p2 switch 2\n>p1 switch 6\n>p2 move stealthrock\n>p1 move quiverdance\n>p2 switch 3\n>p1 move moonblast\n>p2 move gunkshot\n>p1 switch 2\n>p1 move shadowball\n>p2 switch 2\n>p1 move shadowball\n>p2 switch 5\n>p2 switch 4\n>p1 switch 5\n>p2 move throatchop\n>p1 move dracometeor\n>p2 switch 3\n>p1 move flashcannon\n>p2 switch 6\n>p1 switch 6\n>p2 move nastyplot\n>p1 move thunderwave\n>p2 move focusblast\n>p1 move psychicnoise\n>p2 move flashcannon\n>p1 move psychicnoise\n>p2 move flashcannon\n>p2 switch 6\n>p1 switch 6\n>p2 move poltergeist\n>p1 switch 6\n>p2 switch 2\n>p1 move psychicnoise\n>p2 move knockoff\n>p2 switch 3\n>p1 move psychicnoise\n>p2 move throatchop\n>p1 switch 3\n>p1 move woodhammer\n>p2 move throatchop\n>p2 switch 5\n>p1 switch 5\n>p2 move recover\n>p1 move dazzlinggleam\n>p2 move scald\n>p1 move dazzlinggleam terastallize\n>p2 move scald", "uploadtime": 1781459931, "views": 6, "formatid": "gen9randombattle", "rating": null, "private": 0, "password": null}