{"id": "gen9randombattle-2631955123", "format": "[Gen 9] Random Battle", "players": ["lkj47", "hot limon"], "log": "|j|\u2606lkj47\n|j|\u2606hot limon\n|t:|1781459587\n|gametype|singles\n|player|p1|lkj47|hilbert|1921\n|player|p2|hot limon|2|1949\n|gen|9\n|tier|[Gen 9] Random Battle\n|rated|\n|rule|Species Clause: Limit one of each Pok\u00e9mon\n|rule|HP Percentage Mod: HP is shown in percentages\n|rule|Sleep Clause Mod: Limit one foe put to sleep\n|rule|Illusion Level Mod: Illusion disguises the Pok\u00e9mon's true level\n|\n|t:|1781459587\n|teamsize|p1|6\n|teamsize|p2|6\n|start\n|switch|p1a: Gurdurr|Gurdurr, L85, M|283/283\n|switch|p2a: Mandibuzz|Mandibuzz, L85, F|326/326\n|turn|1\n|inactive|Battle timer is ON: inactive players will automatically lose when time's up. (requested by hot limon)\n|\n|t:|1781459597\n|move|p2a: Mandibuzz|U-turn|p1a: Gurdurr\n|-resisted|p1a: Gurdurr\n|-damage|p1a: Gurdurr|270/283\n|\n|t:|1781459602\n|switch|p2a: Mewtwo|Mewtwo, L72|272/272|[from] U-turn\n|-ability|p2a: Mewtwo|Unnerve\n|move|p1a: Gurdurr|Bulk Up|p1a: Gurdurr\n|-boost|p1a: Gurdurr|atk|1\n|-boost|p1a: Gurdurr|def|1\n|\n|upkeep\n|turn|2\n|\n|t:|1781459610\n|switch|p1a: Bombirdier|Bombirdier, L85, M|258/258\n|move|p2a: Mewtwo|Psystrike|p1a: Bombirdier\n|-immune|p1a: Bombirdier\n|\n|upkeep\n|turn|3\n|\n|t:|1781459617\n|switch|p2a: Mandibuzz|Mandibuzz, L85, F|326/326\n|move|p1a: Bombirdier|U-turn|p2a: Mandibuzz\n|-damage|p2a: Mandibuzz|258/326\n|\n|t:|1781459624\n|switch|p1a: Gurdurr|Gurdurr, L85, M|270/283|[from] U-turn\n|\n|upkeep\n|turn|4\n|\n|t:|1781459632\n|move|p2a: Mandibuzz|U-turn|p1a: Gurdurr\n|-resisted|p1a: Gurdurr\n|-damage|p1a: Gurdurr|258/283\n|\n|t:|1781459635\n|switch|p2a: Clawitzer|Clawitzer, L87, F|265/265|[from] U-turn\n|move|p1a: Gurdurr|Drain Punch|p2a: Clawitzer\n|-damage|p2a: Clawitzer|183/265\n|-heal|p1a: Gurdurr|283/283|[from] drain|[of] p2a: Clawitzer\n|\n|upkeep\n|turn|5\n|\n|t:|1781459640\n|switch|p1a: Blissey|Blissey, L85, F|572/572\n|move|p2a: Clawitzer|Water Pulse|p1a: Blissey\n|-damage|p1a: Blissey|487/572\n|-start|p1a: Blissey|confusion\n|\n|-heal|p1a: Blissey|522/572|[from] item: Leftovers\n|upkeep\n|turn|6\n|\n|t:|1781459650\n|switch|p1a: Delibird|Delibird, M|252/252\n|move|p2a: Clawitzer|U-turn|p1a: Delibird\n|-resisted|p1a: Delibird\n|-damage|p1a: Delibird|223/252\n|l|\u2606hot limon\n|inactive|hot limon disconnected and has a minute to reconnect!\n|player|p2|\n|inactive|hot limon has 30 seconds to reconnect!\n|inactive|hot limon has 20 seconds to reconnect!\n|inactive|hot limon has 15 seconds to reconnect!\n|inactive|hot limon has 10 seconds to reconnect!\n|inactive|hot limon has 5 seconds to reconnect!\n|-message|hot limon lost due to inactivity.\n|\n|win|lkj47\n", "uploadtime": 1781459589, "views": 5, "formatid": "gen9randombattle", "rating": null, "private": 0, "password": null}