{"id": "gen9randombattle-2631563703", "format": "[Gen 9] Random Battle", "players": ["GhibliX", "Skinger"], "log": "|j|\u2606GhibliX\n|j|\u2606Skinger\n|t:|1781401874\n|gametype|singles\n|player|p1|GhibliX|102|1393\n|player|p2|Skinger|265|1409\n|gen|9\n|tier|[Gen 9] Random Battle\n|rated|\n|rule|Species Clause: Limit one of each Pok\u00e9mon\n|rule|HP Percentage Mod: HP is shown in percentages\n|rule|Sleep Clause Mod: Limit one foe put to sleep\n|rule|Illusion Level Mod: Illusion disguises the Pok\u00e9mon's true level\n|\n|t:|1781401874\n|teamsize|p1|6\n|teamsize|p2|6\n|start\n|switch|p1a: Leavanny|Leavanny, L86, M|269/269\n|switch|p2a: Hawlucha|Hawlucha, L80, F|256/256\n|turn|1\n|inactive|Battle timer is ON: inactive players will automatically lose when time's up. (requested by Skinger)\n|\n|t:|1781401903\n|-terastallize|p1a: Leavanny|Rock\n|move|p2a: Hawlucha|Swords Dance|p2a: Hawlucha\n|-boost|p2a: Hawlucha|atk|2\n|move|p1a: Leavanny|Sticky Web|p2a: Hawlucha\n|-sidestart|p2: Skinger|move: Sticky Web\n|\n|upkeep\n|turn|2\n|\n|t:|1781401917\n|move|p2a: Hawlucha|Swords Dance|p2a: Hawlucha\n|-boost|p2a: Hawlucha|atk|2\n|move|p1a: Leavanny|Triple Axel|p2a: Hawlucha\n|-supereffective|p2a: Hawlucha\n|-damage|p2a: Hawlucha|220/256\n|-supereffective|p2a: Hawlucha\n|-damage|p2a: Hawlucha|144/256\n|-supereffective|p2a: Hawlucha\n|-damage|p2a: Hawlucha|38/256\n|-hitcount|p2a: Hawlucha|3\n|\n|upkeep\n|turn|3\n|\n|t:|1781401931\n|move|p2a: Hawlucha|Close Combat|p1a: Leavanny\n|-supereffective|p1a: Leavanny\n|-damage|p1a: Leavanny|0 fnt\n|-unboost|p2a: Hawlucha|def|1\n|-unboost|p2a: Hawlucha|spd|1\n|faint|p1a: Leavanny\n|-enditem|p2a: Hawlucha|White Herb\n|-clearnegativeboost|p2a: Hawlucha|[silent]\n|\n|upkeep\n|inactive|GhibliX has 120 seconds left.\n|\n|t:|1781401967\n|switch|p1a: Magmortar|Magmortar, L88, F|275/275\n|turn|4\n|\n|t:|1781401975\n|move|p2a: Hawlucha|Acrobatics|p1a: Magmortar\n|-damage|p1a: Magmortar|0 fnt\n|faint|p1a: Magmortar\n|\n|upkeep\n|\n|t:|1781401983\n|switch|p1a: Gastrodon|Gastrodon, L86, M|331/331\n|turn|5\n|\n|t:|1781401986\n|move|p2a: Hawlucha|Acrobatics|p1a: Gastrodon\n|-damage|p1a: Gastrodon|0 fnt\n|faint|p1a: Gastrodon\n|\n|upkeep\n|\n|t:|1781401995\n|switch|p1a: Regigigas|Regigigas, L84|322/322\n|-start|p1a: Regigigas|ability: Slow Start\n|turn|6\n|\n|t:|1781402002\n|-terastallize|p2a: Hawlucha|Flying\n|move|p1a: Regigigas|Protect|p1a: Regigigas\n|-singleturn|p1a: Regigigas|Protect\n|move|p2a: Hawlucha|Acrobatics|p1a: Regigigas\n|-activate|p1a: Regigigas|move: Protect\n|\n|upkeep\n|turn|7\n|\n|t:|1781402014\n|move|p2a: Hawlucha|Acrobatics|p1a: Regigigas\n|-damage|p1a: Regigigas|6/322\n|move|p1a: Regigigas|Substitute|p1a: Regigigas\n|-fail|p1a: Regigigas|move: Substitute|[weak]\n|\n|-heal|p1a: Regigigas|26/322|[from] item: Leftovers\n|upkeep\n|turn|8\n|\n|t:|1781402022\n|move|p2a: Hawlucha|Acrobatics|p1a: Regigigas\n|-damage|p1a: Regigigas|0 fnt\n|faint|p1a: Regigigas\n|-end|p1a: Regigigas|Slow Start|[silent]\n|\n|upkeep\n|\n|t:|1781402024\n|switch|p1a: Ampharos|Ampharos, L88, F|302/302\n|turn|9\n|\n|t:|1781402039\n|move|p2a: Hawlucha|Close Combat|p1a: Ampharos\n|-damage|p1a: Ampharos|0 fnt\n|-unboost|p2a: Hawlucha|def|1\n|-unboost|p2a: Hawlucha|spd|1\n|faint|p1a: Ampharos\n|\n|upkeep\n|\n|t:|1781402046\n|switch|p1a: Blastoise|Blastoise, L80, M|258/258\n|turn|10\n|\n|t:|1781402053\n|move|p2a: Hawlucha|Acrobatics|p1a: Blastoise\n|-damage|p1a: Blastoise|0 fnt\n|faint|p1a: Blastoise\n|\n|win|Skinger\n|raw|GhibliX's rating: 1393 &rarr; <strong>1374</strong><br />(-19 for losing)\n|raw|Skinger's rating: 1409 &rarr; <strong>1428</strong><br />(+19 for winning)\n|l|\u2606GhibliX\n|player|p1|\n", "inputlog": ">version a8376a258c1d4662feba110a92103f3664a72141\n>start {\"formatid\":\"gen9randombattle\",\"seed\":\"sodium,6bfc0ce011787e35c30def61fc8fdba2\",\"rated\":\"Rated battle\"}\n>player p1 {\"name\":\"GhibliX\",\"avatar\":\"102\",\"rating\":1393,\"seed\":\"sodium,34844acd370936763d1e70c9049f47f5\"}\n>player p2 {\"name\":\"Skinger\",\"avatar\":\"265\",\"rating\":1409,\"seed\":\"sodium,0b1aed22a2ead61ed8f103f40729b985\"}\n>p1 move stickyweb terastallize\n>p2 move swordsdance\n>p1 move tripleaxel\n>p2 move swordsdance\n>p1 move tripleaxel\n>p2 move closecombat\n>p1 switch 3\n>p1 move knockoff\n>p2 move acrobatics\n>p1 switch 6\n>p1 move surf\n>p2 move acrobatics\n>p1 switch 2\n>p1 move protect\n>p2 move acrobatics terastallize\n>p1 move substitute\n>p2 move acrobatics\n>p1 move bodyslam\n>p2 move acrobatics\n>p1 switch 5\n>p1 move voltswitch\n>p2 move closecombat\n>p1 switch 4\n>p1 move icebeam\n>p2 move acrobatics", "uploadtime": 1781402061, "views": 5, "formatid": "gen9randombattle", "rating": 1374, "private": 0, "password": null}