{"id": "gen9randombattle-2631472009", "format": "[Gen 9] Random Battle", "players": ["Stefan W", "daktey"], "log": "|j|\u2606Stefan W\n|j|\u2606daktey\n|t:|1781389013\n|gametype|singles\n|player|p1|Stefan W|101|2063\n|player|p2|daktey|101|1969\n|gen|9\n|tier|[Gen 9] Random Battle\n|rated|\n|rule|Species Clause: Limit one of each Pok\u00e9mon\n|rule|HP Percentage Mod: HP is shown in percentages\n|rule|Sleep Clause Mod: Limit one foe put to sleep\n|rule|Illusion Level Mod: Illusion disguises the Pok\u00e9mon's true level\n|\n|t:|1781389013\n|teamsize|p1|6\n|teamsize|p2|6\n|start\n|switch|p1a: Vigoroth|Vigoroth, L85, F|275/275\n|switch|p2a: Flutter Mane|Flutter Mane, L74|203/203\n|turn|1\n|inactive|Battle timer is ON: inactive players will automatically lose when time's up. (requested by daktey)\n|\n|t:|1781389039\n|-end|p2a: Flutter Mane|Protosynthesis|[silent]\n|switch|p2a: Weezing|Weezing-Galar, L86, M|252/252\n|move|p1a: Vigoroth|Knock Off|p2a: Weezing\n|-resisted|p2a: Weezing\n|-damage|p2a: Weezing|229/252\n|-enditem|p2a: Weezing|Leftovers|[from] move: Knock Off|[of] p1a: Vigoroth\n|\n|upkeep\n|turn|2\n|\n|t:|1781389049\n|move|p1a: Vigoroth|Body Slam|p2a: Weezing\n|-damage|p2a: Weezing|168/252\n|move|p2a: Weezing|Will-O-Wisp|p1a: Vigoroth\n|-status|p1a: Vigoroth|brn\n|\n|-damage|p1a: Vigoroth|258/275 brn|[from] brn\n|upkeep\n|turn|3\n|\n|t:|1781389068\n|switch|p2a: Ursaring|Ursaring, L84, M|288/288\n|move|p1a: Vigoroth|Bulk Up|p1a: Vigoroth\n|-boost|p1a: Vigoroth|atk|1\n|-boost|p1a: Vigoroth|def|1\n|\n|-damage|p1a: Vigoroth|241/275 brn|[from] brn\n|upkeep\n|turn|4\n|\n|t:|1781389079\n|move|p1a: Vigoroth|Body Slam|p2a: Ursaring\n|-damage|p2a: Ursaring|246/288\n|-status|p2a: Ursaring|par\n|cant|p2a: Ursaring|par\n|\n|-damage|p1a: Vigoroth|224/275 brn|[from] brn\n|upkeep\n|turn|5\n|\n|t:|1781389102\n|move|p1a: Vigoroth|Bulk Up|p1a: Vigoroth\n|-boost|p1a: Vigoroth|atk|1\n|-boost|p1a: Vigoroth|def|1\n|move|p2a: Ursaring|Body Slam|p1a: Vigoroth\n|-crit|p1a: Vigoroth\n|-damage|p1a: Vigoroth|46/275 brn\n|\n|-damage|p1a: Vigoroth|29/275 brn|[from] brn\n|upkeep\n|turn|6\n|inactive|daktey has 120 seconds left.\n|\n|t:|1781389130\n|switch|p2a: Venomoth|Venomoth, L84, F|255/255\n|move|p1a: Vigoroth|Slack Off|p1a: Vigoroth\n|-heal|p1a: Vigoroth|167/275 brn\n|\n|-damage|p1a: Vigoroth|150/275 brn|[from] brn\n|upkeep\n|turn|7\n|\n|t:|1781389137\n|move|p1a: Vigoroth|Body Slam|p2a: Venomoth\n|-damage|p2a: Venomoth|149/255\n|move|p2a: Venomoth|Quiver Dance|p2a: Venomoth\n|-boost|p2a: Venomoth|spa|1\n|-boost|p2a: Venomoth|spd|1\n|-boost|p2a: Venomoth|spe|1\n|\n|-damage|p1a: Vigoroth|133/275 brn|[from] brn\n|upkeep\n|turn|8\n|\n|t:|1781389152\n|move|p2a: Venomoth|Sludge Wave|p1a: Vigoroth\n|-damage|p1a: Vigoroth|0 fnt\n|faint|p1a: Vigoroth\n|\n|upkeep\n|\n|t:|1781389172\n|switch|p1a: Snorlax|Snorlax, L82, F|397/397\n|turn|9\n|\n|t:|1781389188\n|move|p2a: Venomoth|Sludge Wave|p1a: Snorlax\n|-damage|p1a: Snorlax|276/397\n|move|p1a: Snorlax|Body Slam|p2a: Venomoth\n|-damage|p2a: Venomoth|17/255\n|-status|p2a: Venomoth|par\n|\n|-heal|p1a: Snorlax|300/397|[from] item: Leftovers\n|upkeep\n|turn|10\n|\n|t:|1781389197\n|move|p2a: Venomoth|Sludge Wave|p1a: Snorlax\n|-damage|p1a: Snorlax|179/397\n|move|p1a: Snorlax|Body Slam|p2a: Venomoth\n|-damage|p2a: Venomoth|0 fnt\n|faint|p2a: Venomoth\n|\n|-heal|p1a: Snorlax|203/397|[from] item: Leftovers\n|upkeep\n|inactive|daktey has 120 seconds left.\n|\n|t:|1781389222\n|switch|p2a: Lunala|Lunala, L70|308/308\n|turn|11\n|inactive|Stefan W has 120 seconds left.\n|\n|t:|1781389257\n|switch|p1a: Iron Valiant|Iron Valiant, L78|244/244\n|move|p2a: Lunala|Calm Mind|p2a: Lunala\n|-boost|p2a: Lunala|spa|1\n|-boost|p2a: Lunala|spd|1\n|\n|upkeep\n|turn|12\n|inactive|daktey has 120 seconds left.\n|\n|t:|1781389281\n|move|p1a: Iron Valiant|Knock Off|p2a: Lunala\n|-supereffective|p2a: Lunala\n|-damage|p2a: Lunala|84/308\n|-enditem|p2a: Lunala|Leftovers|[from] move: Knock Off|[of] p1a: Iron Valiant\n|-damage|p1a: Iron Valiant|220/244|[from] item: Life Orb\n|move|p2a: Lunala|Psyshock|p1a: Iron Valiant\n|-supereffective|p1a: Iron Valiant\n|-damage|p1a: Iron Valiant|0 fnt\n|faint|p1a: Iron Valiant\n|-end|p1a: Iron Valiant|Quark Drive|[silent]\n|\n|upkeep\n|inactive|Stefan W has 120 seconds left.\n|\n|t:|1781389312\n|switch|p1a: Dachsbun|Dachsbun, L92, M|254/254\n|turn|13\n|inactive|daktey has 120 seconds left.\n|\n|t:|1781389332\n|move|p1a: Dachsbun|Play Rough|p2a: Lunala\n|-damage|p2a: Lunala|0 fnt\n|faint|p2a: Lunala\n|\n|upkeep\n|\n|t:|1781389339\n|switch|p2a: Weezing|Weezing-Galar, L86, M|168/252\n|turn|14\n|inactive|Stefan W has 120 seconds left.\n|inactive|daktey has 90 seconds left.\n|\n|t:|1781389398\n|switch|p1a: Snorlax|Snorlax, L82, F|203/397\n|move|p2a: Weezing|Strange Steam|p1a: Snorlax\n|-crit|p1a: Snorlax\n|-damage|p1a: Snorlax|82/397\n|\n|-heal|p1a: Snorlax|106/397|[from] item: Leftovers\n|upkeep\n|turn|15\n|inactive|Stefan W has 120 seconds left.\n|\n|t:|1781389412\n|move|p2a: Weezing|Gunk Shot|p1a: Snorlax\n|-damage|p1a: Snorlax|0 fnt\n|faint|p1a: Snorlax\n|\n|upkeep\n|\n|t:|1781389426\n|switch|p1a: Medicham|Medicham, L86, F|243/243\n|turn|16\n|\n|t:|1781389443\n|switch|p2a: Ursaring|Ursaring, L84, M|246/288 par\n|move|p1a: Medicham|Zen Headbutt|p2a: Ursaring\n|-damage|p2a: Ursaring|143/288 par\n|\n|upkeep\n|turn|17\n|\n|t:|1781389451\n|switch|p1a: Dachsbun|Dachsbun, L92, M|254/254\n|cant|p2a: Ursaring|par\n|\n|upkeep\n|turn|18\n|\n|t:|1781389459\n|move|p1a: Dachsbun|Play Rough|p2a: Ursaring\n|-damage|p2a: Ursaring|67/288 par\n|move|p2a: Ursaring|Rest|p2a: Ursaring\n|-status|p2a: Ursaring|slp|[from] move: Rest\n|-heal|p2a: Ursaring|288/288 slp|[silent]\n|\n|upkeep\n|turn|19\n|\n|t:|1781389466\n|move|p1a: Dachsbun|Body Press|p2a: Ursaring\n|-supereffective|p2a: Ursaring\n|-damage|p2a: Ursaring|174/288 slp\n|cant|p2a: Ursaring|slp\n|move|p2a: Ursaring|Sleep Talk|p2a: Ursaring\n|move|p2a: Ursaring|Earthquake|p1a: Dachsbun|[from] move: Sleep Talk\n|-damage|p1a: Dachsbun|148/254\n|\n|-heal|p1a: Dachsbun|163/254|[from] item: Leftovers\n|upkeep\n|turn|20\n|\n|t:|1781389488\n|move|p1a: Dachsbun|Body Press|p2a: Ursaring\n|-supereffective|p2a: Ursaring\n|-damage|p2a: Ursaring|64/288 slp\n|cant|p2a: Ursaring|slp\n|move|p2a: Ursaring|Sleep Talk|p2a: Ursaring\n|move|p2a: Ursaring|Body Slam|p1a: Dachsbun|[from] move: Sleep Talk\n|-damage|p1a: Dachsbun|40/254\n|\n|-heal|p1a: Dachsbun|55/254|[from] item: Leftovers\n|upkeep\n|turn|21\n|\n|t:|1781389506\n|switch|p2a: Flutter Mane|Flutter Mane, L74|203/203\n|move|p1a: Dachsbun|Play Rough|p2a: Flutter Mane\n|-damage|p2a: Flutter Mane|40/203\n|\n|-heal|p1a: Dachsbun|70/254|[from] item: Leftovers\n|upkeep\n|turn|22\n|\n|t:|1781389517\n|move|p1a: Dachsbun|Protect|p1a: Dachsbun\n|-singleturn|p1a: Dachsbun|Protect\n|move|p2a: Flutter Mane|Moonblast|p1a: Dachsbun\n|-activate|p1a: Dachsbun|move: Protect\n|\n|-heal|p1a: Dachsbun|85/254|[from] item: Leftovers\n|upkeep\n|turn|23\n|inactive|Stefan W has 120 seconds left.\n|\n|t:|1781389554\n|-terastallize|p1a: Dachsbun|Steel\n|move|p2a: Flutter Mane|Moonblast|p1a: Dachsbun\n|-resisted|p1a: Dachsbun\n|-damage|p1a: Dachsbun|4/254\n|move|p1a: Dachsbun|Wish|p1a: Dachsbun\n|\n|-heal|p1a: Dachsbun|19/254|[from] item: Leftovers\n|upkeep\n|turn|24\n|inactive|Stefan W has 120 seconds left.\n|\n|t:|1781389566\n|-end|p2a: Flutter Mane|Protosynthesis|[silent]\n|switch|p2a: Floatzel|Floatzel, L86, M|286/286\n|move|p1a: Dachsbun|Protect||[still]\n|-fail|p1a: Dachsbun\n|\n|-heal|p1a: Dachsbun|146/254|[from] move: Wish|[wisher] Dachsbun\n|-heal|p1a: Dachsbun|161/254|[from] item: Leftovers\n|upkeep\n|turn|25\n|inactive|Stefan W has 120 seconds left.\n|\n|t:|1781389596\n|switch|p1a: Sunflora|Sunflora, F|312/312\n|-terastallize|p2a: Floatzel|Water\n|move|p2a: Floatzel|Wave Crash|p1a: Sunflora\n|-resisted|p1a: Sunflora\n|-damage|p1a: Sunflora|159/312\n|-damage|p2a: Floatzel|236/286|[from] Recoil\n|\n|upkeep\n|turn|26\n|\n|t:|1781389612\n|move|p2a: Floatzel|Wave Crash|p1a: Sunflora\n|-resisted|p1a: Sunflora\n|-damage|p1a: Sunflora|0 fnt\n|faint|p1a: Sunflora\n|-damage|p2a: Floatzel|184/286|[from] Recoil\n|\n|upkeep\n|\n|t:|1781389616\n|switch|p1a: Medicham|Medicham, L86, F|243/243\n|turn|27\n|\n|t:|1781389619\n|switch|p2a: Ursaring|Ursaring, L84, M|64/288 slp\n|move|p1a: Medicham|Zen Headbutt|p2a: Ursaring\n|-damage|p2a: Ursaring|0 fnt\n|faint|p2a: Ursaring\n|\n|upkeep\n|\n|t:|1781389626\n|switch|p2a: Flutter Mane|Flutter Mane, L74|40/203\n|turn|28\n|\n|t:|1781389629\n|move|p1a: Medicham|Zen Headbutt|p2a: Flutter Mane\n|-damage|p2a: Flutter Mane|0 fnt\n|faint|p2a: Flutter Mane\n|-end|p2a: Flutter Mane|Protosynthesis|[silent]\n|\n|upkeep\n|inactive|daktey has 90 seconds left.\n|\n|t:|1781389657\n|switch|p2a: Weezing|Weezing-Galar, L86, M|168/252\n|turn|29\n|\n|t:|1781389665\n|move|p1a: Medicham|Zen Headbutt|p2a: Weezing\n|-supereffective|p2a: Weezing\n|-damage|p2a: Weezing|0 fnt\n|faint|p2a: Weezing\n|\n|upkeep\n|\n|t:|1781389669\n|switch|p2a: Floatzel|Floatzel, L86, M, tera:Water|184/286\n|turn|30\n|\n|t:|1781389672\n|switch|p1a: Dachsbun|Dachsbun, L92, M, tera:Steel|161/254\n|move|p2a: Floatzel|Wave Crash|p1a: Dachsbun\n|-damage|p1a: Dachsbun|0 fnt\n|faint|p1a: Dachsbun\n|-damage|p2a: Floatzel|131/286|[from] Recoil\n|\n|upkeep\n|\n|t:|1781389675\n|switch|p1a: Medicham|Medicham, L86, F|243/243\n|turn|31\n|\n|t:|1781389681\n|move|p1a: Medicham|Close Combat|p2a: Floatzel\n|-damage|p2a: Floatzel|0 fnt\n|-unboost|p1a: Medicham|def|1\n|-unboost|p1a: Medicham|spd|1\n|faint|p2a: Floatzel\n|\n|win|Stefan W\n", "inputlog": ">version a8376a258c1d4662feba110a92103f3664a72141\n>start {\"formatid\":\"gen9randombattle\",\"seed\":\"sodium,59646ee09dda04019210ed8959f9566a\",\"rated\":\"Rated battle\"}\n>player p1 {\"name\":\"Stefan W\",\"avatar\":\"101\",\"rating\":2063,\"seed\":\"sodium,0a0339b19c1dc1ff944027e487927893\"}\n>player p2 {\"name\":\"daktey\",\"avatar\":\"101\",\"rating\":1969,\"seed\":\"sodium,fa756fa8b2d86c7eadaf353c19113fb6\"}\n>p1 move knockoff\n>p2 switch 3\n>p1 move bodyslam\n>p2 move willowisp\n>p1 move bulkup\n>p2 switch 5\n>p1 move bodyslam\n>p2 move bodyslam\n>p1 move bulkup\n>p2 move bodyslam\n>p1 move slackoff\n>p2 switch 2\n>p1 move bodyslam\n>p2 move quiverdance\n>p1 move bodyslam\n>p2 move sludgewave\n>p1 switch 3\n>p1 move bodyslam\n>p2 move sludgewave\n>p1 move bodyslam\n>p2 move sludgewave\n>p2 switch 4\n>p1 switch 6\n>p2 move calmmind\n>p1 move knockoff\n>p2 move psyshock\n>p1 switch 4\n>p1 move playrough\n>p2 move moonlight\n>p2 switch 5\n>p1 switch 6\n>p2 move strangesteam\n>p1 move rest\n>p2 move gunkshot\n>p1 switch 5\n>p1 move zenheadbutt\n>p2 switch 2\n>p1 switch 6\n>p2 move rest\n>p1 move playrough\n>p2 move rest\n>p1 move bodypress\n>p2 move sleeptalk\n>p1 move bodypress\n>p2 move sleeptalk\n>p1 move playrough\n>p2 switch 3\n>p1 move protect\n>p2 move moonblast\n>p1 move wish terastallize\n>p2 move moonblast\n>p1 move protect\n>p2 switch 6\n>p1 switch 2\n>p2 move wavecrash terastallize\n>p1 move sludgebomb\n>p2 move wavecrash\n>p1 switch 6\n>p1 move zenheadbutt\n>p2 switch 3\n>p2 switch 6\n>p1 move zenheadbutt\n>p2 move shadowball\n>p2 switch 2\n>p1 move zenheadbutt\n>p2 move willowisp\n>p2 switch 3\n>p1 switch 2\n>p2 move wavecrash\n>p1 switch 2\n>p1 move closecombat\n>p2 move wavecrash", "uploadtime": 1781389015, "views": 7, "formatid": "gen9randombattle", "rating": null, "private": 0, "password": null}