{"id": "gen9randombattle-2631876058", "format": "[Gen 9] Random Battle", "players": ["elvinyl", "randbatsluvr"], "log": "|j|\u2606elvinyl\n|j|\u2606randbatsluvr\n|t:|1781450923\n|gametype|singles\n|player|p1|elvinyl|hooligans|1157\n|player|p2|randbatsluvr|266|1204\n|gen|9\n|tier|[Gen 9] Random Battle\n|rated|\n|rule|Species Clause: Limit one of each Pok\u00e9mon\n|rule|HP Percentage Mod: HP is shown in percentages\n|rule|Sleep Clause Mod: Limit one foe put to sleep\n|rule|Illusion Level Mod: Illusion disguises the Pok\u00e9mon's true level\n|\n|t:|1781450923\n|teamsize|p1|6\n|teamsize|p2|6\n|start\n|switch|p1a: Basculegion|Basculegion-F, L83, F|335/335\n|switch|p2a: Stonjourner|Stonjourner, L91, M|330/330\n|turn|1\n|inactive|Battle timer is ON: inactive players will automatically lose when time's up. (requested by randbatsluvr)\n|\n|t:|1781450937\n|switch|p2a: Ampharos|Ampharos, L88, F|302/302\n|move|p1a: Basculegion|Hydro Pump|p2a: Ampharos\n|-damage|p2a: Ampharos|62/302\n|\n|upkeep\n|turn|2\n|\n|t:|1781450944\n|switch|p2a: Leavanny|Leavanny, L86, M|269/269\n|move|p1a: Basculegion|Hydro Pump|p2a: Leavanny\n|-resisted|p2a: Leavanny\n|-damage|p2a: Leavanny|142/269\n|\n|upkeep\n|turn|3\n|\n|t:|1781450951\n|-terastallize|p2a: Leavanny|Ghost\n|move|p2a: Leavanny|Knock Off|p1a: Basculegion\n|-supereffective|p1a: Basculegion\n|-damage|p1a: Basculegion|161/335\n|-enditem|p1a: Basculegion|Choice Specs|[from] move: Knock Off|[of] p2a: Leavanny\n|move|p1a: Basculegion|Hydro Pump|p2a: Leavanny\n|-damage|p2a: Leavanny|0 fnt\n|faint|p2a: Leavanny\n|\n|upkeep\n|\n|t:|1781450954\n|switch|p2a: Ampharos|Ampharos, L88, F|62/302\n|turn|4\n|\n|t:|1781450961\n|move|p1a: Basculegion|Hydro Pump|p2a: Ampharos\n|-damage|p2a: Ampharos|0 fnt\n|faint|p2a: Ampharos\n|\n|upkeep\n|\n|t:|1781450965\n|switch|p2a: Drednaw|Drednaw, L81, M|278/278\n|turn|5\n|\n|t:|1781450977\n|move|p1a: Basculegion|Hydro Pump|p2a: Drednaw\n|-damage|p2a: Drednaw|92/278\n|move|p2a: Drednaw|Stone Edge|p1a: Basculegion\n|-damage|p1a: Basculegion|22/335\n|\n|upkeep\n|turn|6\n|\n|t:|1781450983\n|move|p1a: Basculegion|Hydro Pump|p2a: Drednaw|[miss]\n|-miss|p1a: Basculegion|p2a: Drednaw\n|move|p2a: Drednaw|Liquidation|p1a: Basculegion\n|-resisted|p1a: Basculegion\n|-damage|p1a: Basculegion|0 fnt\n|faint|p1a: Basculegion\n|\n|upkeep\n|\n|t:|1781450993\n|switch|p1a: Ceruledge|Ceruledge, L78, F|245/245\n|turn|7\n|\n|t:|1781451000\n|switch|p2a: Stonjourner|Stonjourner, L91, M|330/330\n|move|p1a: Ceruledge|Swords Dance|p1a: Ceruledge\n|-boost|p1a: Ceruledge|atk|2\n|\n|upkeep\n|turn|8\n|\n|t:|1781451011\n|move|p2a: Stonjourner|Earthquake|p1a: Ceruledge\n|-supereffective|p1a: Ceruledge\n|-damage|p1a: Ceruledge|0 fnt\n|faint|p1a: Ceruledge\n|-damage|p2a: Stonjourner|297/330|[from] item: Life Orb\n|\n|upkeep\n|\n|t:|1781451017\n|switch|p1a: Lanturn|Lanturn, L89, F|367/367\n|turn|9\n|\n|t:|1781451022\n|switch|p2a: Espeon|Espeon, L84, M|246/246\n|move|p1a: Lanturn|Scald|p2a: Espeon\n|-damage|p2a: Espeon|179/246\n|\n|upkeep\n|turn|10\n|\n|t:|1781451031\n|move|p2a: Espeon|Psychic|p1a: Lanturn\n|-damage|p1a: Lanturn|188/367\n|-damage|p2a: Espeon|155/246|[from] item: Life Orb\n|move|p1a: Lanturn|Volt Switch|p2a: Espeon\n|-crit|p2a: Espeon\n|-damage|p2a: Espeon|64/246\n|\n|t:|1781451042\n|switch|p1a: Komala|Komala, L88, M|258/258|[from] Volt Switch\n|-ability|p1a: Komala|Comatose\n|\n|upkeep\n|turn|11\n|\n|t:|1781451049\n|switch|p2a: Stonjourner|Stonjourner, L91, M|297/330\n|move|p1a: Komala|Knock Off|p2a: Stonjourner\n|-damage|p2a: Stonjourner|240/330\n|-enditem|p2a: Stonjourner|Life Orb|[from] move: Knock Off|[of] p1a: Komala\n|\n|upkeep\n|turn|12\n|\n|t:|1781451060\n|-terastallize|p1a: Komala|Ghost\n|move|p2a: Stonjourner|Stone Edge|p1a: Komala\n|-damage|p1a: Komala|86/258\n|move|p1a: Komala|Earthquake|p2a: Stonjourner\n|-supereffective|p2a: Stonjourner\n|-damage|p2a: Stonjourner|120/330\n|\n|upkeep\n|turn|13\n|\n|t:|1781451069\n|move|p2a: Stonjourner|Stone Edge|p1a: Komala\n|-crit|p1a: Komala\n|-damage|p1a: Komala|0 fnt\n|faint|p1a: Komala\n|\n|upkeep\n|\n|t:|1781451075\n|switch|p1a: Lanturn|Lanturn, L89, F|188/367\n|turn|14\n|\n|t:|1781451081\n|switch|p2a: Sinistcha|Sinistcha, L83|254/254\n|move|p1a: Lanturn|Scald|p2a: Sinistcha\n|-resisted|p2a: Sinistcha\n|-damage|p2a: Sinistcha|209/254\n|\n|-heal|p2a: Sinistcha|224/254|[from] item: Leftovers\n|upkeep\n|turn|15\n|\n|t:|1781451093\n|move|p1a: Lanturn|Volt Switch|p2a: Sinistcha\n|-resisted|p2a: Sinistcha\n|-damage|p2a: Sinistcha|185/254\n|\n|t:|1781451098\n|switch|p1a: Reshiram|Reshiram, L76|277/277|[from] Volt Switch\n|-ability|p1a: Reshiram|Turboblaze\n|move|p2a: Sinistcha|Matcha Gotcha|p1a: Reshiram|[miss]\n|-miss|p2a: Sinistcha|p1a: Reshiram\n|\n|-heal|p2a: Sinistcha|200/254|[from] item: Leftovers\n|upkeep\n|turn|16\n|\n|t:|1781451111\n|move|p1a: Reshiram|Flare Blitz|p2a: Sinistcha\n|-supereffective|p2a: Sinistcha\n|-damage|p2a: Sinistcha|0 fnt\n|faint|p2a: Sinistcha\n|-damage|p1a: Reshiram|211/277|[from] Recoil\n|\n|upkeep\n|\n|t:|1781451115\n|switch|p2a: Stonjourner|Stonjourner, L91, M|120/330\n|turn|17\n|\n|t:|1781451123\n|move|p1a: Reshiram|Stone Edge|p2a: Stonjourner\n|-damage|p2a: Stonjourner|75/330\n|move|p2a: Stonjourner|Stone Edge|p1a: Reshiram\n|-supereffective|p1a: Reshiram\n|-damage|p1a: Reshiram|0 fnt\n|faint|p1a: Reshiram\n|\n|upkeep\n|\n|t:|1781451142\n|switch|p1a: Lanturn|Lanturn, L89, F|188/367\n|turn|18\n|\n|t:|1781451146\n|move|p2a: Stonjourner|Stone Edge|p1a: Lanturn\n|-damage|p1a: Lanturn|11/367\n|move|p1a: Lanturn|Scald|p2a: Stonjourner\n|-supereffective|p2a: Stonjourner\n|-damage|p2a: Stonjourner|0 fnt\n|faint|p2a: Stonjourner\n|\n|upkeep\n|\n|t:|1781451149\n|switch|p2a: Espeon|Espeon, L84, M|64/246\n|turn|19\n|\n|t:|1781451157\n|move|p2a: Espeon|Psychic|p1a: Lanturn\n|-damage|p1a: Lanturn|0 fnt\n|faint|p1a: Lanturn\n|-damage|p2a: Espeon|40/246|[from] item: Life Orb\n|\n|upkeep\n|\n|t:|1781451163\n|switch|p1a: Groudon|Groudon, L72|263/263\n|-weather|SunnyDay|[from] ability: Drought|[of] p1a: Groudon\n|turn|20\n|\n|t:|1781451177\n|move|p2a: Espeon|Psychic|p1a: Groudon\n|-damage|p1a: Groudon|95/263\n|-damage|p2a: Espeon|16/246|[from] item: Life Orb\n|move|p1a: Groudon|Precipice Blades|p2a: Espeon\n|-damage|p2a: Espeon|0 fnt\n|faint|p2a: Espeon\n|\n|-weather|SunnyDay|[upkeep]\n|-heal|p1a: Groudon|111/263|[from] item: Leftovers\n|upkeep\n|\n|t:|1781451181\n|switch|p2a: Drednaw|Drednaw, L81, M|92/278\n|turn|21\n|\n|t:|1781451189\n|move|p1a: Groudon|Precipice Blades|p2a: Drednaw\n|-supereffective|p2a: Drednaw\n|-damage|p2a: Drednaw|0 fnt\n|faint|p2a: Drednaw\n|\n|win|elvinyl\n|raw|elvinyl's rating: 1157 &rarr; <strong>1184</strong><br />(+27 for winning)\n|raw|randbatsluvr's rating: 1184 &rarr; <strong>1157</strong><br />(-27 for losing)\n|l|\u2606randbatsluvr\n|player|p2|\n", "inputlog": ">version a8376a258c1d4662feba110a92103f3664a72141\n>start {\"formatid\":\"gen9randombattle\",\"seed\":\"sodium,7616f9f06d7411776e19c476a80faf05\",\"rated\":\"Rated battle\"}\n>player p1 {\"name\":\"elvinyl\",\"avatar\":\"hooligans\",\"rating\":1157,\"seed\":\"sodium,50585ed2a57562ec7ea6be75198cc00a\"}\n>player p2 {\"name\":\"randbatsluvr\",\"avatar\":\"266\",\"rating\":1204,\"seed\":\"sodium,2b38ae680e0afc4a406a5d0397e38b08\"}\n>p1 move hydropump\n>p2 switch 4\n>p1 move hydropump\n>p2 switch 3\n>p1 move hydropump\n>p2 move knockoff terastallize\n>p2 switch 3\n>p1 move hydropump\n>p2 move voltswitch\n>p2 switch 6\n>p1 move hydropump\n>p2 move stoneedge\n>p1 move hydropump\n>p2 move liquidation\n>p1 switch 2\n>p1 move swordsdance\n>p2 switch 4\n>p1 move closecombat\n>p2 move earthquake\n>p1 switch 5\n>p1 move scald\n>p2 switch 2\n>p1 move voltswitch\n>p2 move psychic\n>p1 switch 4\n>p1 move knockoff\n>p2 switch 2\n>p1 move earthquake terastallize\n>p2 move stoneedge\n>p1 move earthquake\n>p2 move stoneedge\n>p1 switch 4\n>p1 move scald\n>p2 switch 5\n>p1 move voltswitch\n>p2 move matchagotcha\n>p1 switch 6\n>p1 move flareblitz\n>p2 move shadowball\n>p2 switch 5\n>p1 move stoneedge\n>p2 move stoneedge\n>p1 switch 6\n>p1 move scald\n>p2 move stoneedge\n>p2 switch 2\n>p1 move voltswitch\n>p2 move psychic\n>p1 switch 3\n>p1 move precipiceblades\n>p2 move psychic\n>p2 switch 4\n>p1 move precipiceblades\n>p2 move liquidation", "uploadtime": 1781451196, "views": 11, "formatid": "gen9randombattle", "rating": 1157, "private": 0, "password": null}