{"id": "gen9randombattle-2631985222", "format": "[Gen 9] Random Battle", "players": ["thatdankcharizard", "Abe1254"], "log": "|j|\u2606thatdankcharizard\n|j|\u2606Abe1254\n|t:|1781462851\n|gametype|singles\n|player|p1|thatdankcharizard|266|1987\n|player|p2|Abe1254|cheren-gen5bw2|1969\n|gen|9\n|tier|[Gen 9] Random Battle\n|rated|\n|rule|Species Clause: Limit one of each Pok\u00e9mon\n|rule|HP Percentage Mod: HP is shown in percentages\n|rule|Sleep Clause Mod: Limit one foe put to sleep\n|rule|Illusion Level Mod: Illusion disguises the Pok\u00e9mon's true level\n|\n|t:|1781462851\n|teamsize|p1|6\n|teamsize|p2|6\n|start\n|switch|p1a: Mewtwo|Mewtwo, L72|272/272\n|switch|p2a: Moltres|Moltres, L81|278/278\n|-ability|p1a: Mewtwo|Pressure\n|turn|1\n|inactive|Battle timer is ON: inactive players will automatically lose when time's up. (requested by thatdankcharizard)\n|\n|t:|1781462874\n|switch|p2a: Araquanid|Araquanid, L82, M|246/246\n|move|p1a: Mewtwo|Nasty Plot|p1a: Mewtwo\n|-boost|p1a: Mewtwo|spa|2\n|\n|upkeep\n|turn|2\n|\n|t:|1781462903\n|move|p1a: Mewtwo|Psystrike|p2a: Araquanid\n|-damage|p2a: Araquanid|0 fnt\n|faint|p2a: Araquanid\n|-damage|p1a: Mewtwo|245/272|[from] item: Life Orb\n|\n|upkeep\n|\n|t:|1781462915\n|switch|p2a: Gardevoir|Gardevoir, L83, M|249/249\n|-ability|p2a: Gardevoir|Pressure|Trace|[from] ability: Trace|[of] p1a: Mewtwo\n|-ability|p2a: Gardevoir|Pressure\n|turn|3\n|\n|t:|1781462922\n|move|p2a: Gardevoir|Moonblast|p1a: Mewtwo\n|-damage|p1a: Mewtwo|107/272\n|-unboost|p1a: Mewtwo|spa|1\n|move|p1a: Mewtwo|Dark Pulse|p2a: Gardevoir\n|-damage|p2a: Gardevoir|145/249\n|-damage|p1a: Mewtwo|80/272|[from] item: Life Orb\n|\n|upkeep\n|turn|4\n|\n|t:|1781462935\n|switch|p1a: Rotom|Rotom-Frost, L87|229/229\n|move|p2a: Gardevoir|Moonblast|p1a: Rotom\n|-damage|p1a: Rotom|136/229\n|-unboost|p1a: Rotom|spa|1\n|\n|upkeep\n|turn|5\n|\n|t:|1781462950\n|switch|p2a: Moltres|Moltres, L81|278/278\n|move|p1a: Rotom|Thunderbolt|p2a: Moltres\n|-supereffective|p2a: Moltres\n|-damage|p2a: Moltres|114/278\n|\n|upkeep\n|turn|6\n|\n|t:|1781462963\n|move|p1a: Rotom|Thunderbolt|p2a: Moltres\n|-supereffective|p2a: Moltres\n|-damage|p2a: Moltres|0 fnt\n|faint|p2a: Moltres\n|\n|upkeep\n|\n|t:|1781462969\n|switch|p2a: Shiftry|Shiftry, L89, M|305/305\n|turn|7\n|\n|t:|1781462974\n|move|p1a: Rotom|Will-O-Wisp|p2a: Shiftry\n|-status|p2a: Shiftry|brn\n|move|p2a: Shiftry|Tailwind|p2a: Shiftry\n|-sidestart|p2: Abe1254|move: Tailwind\n|-ability|p2a: Shiftry|Wind Rider|boost\n|-boost|p2a: Shiftry|atk|1\n|\n|-damage|p2a: Shiftry|286/305 brn|[from] brn\n|upkeep\n|turn|8\n|\n|t:|1781462983\n|switch|p1a: Hydrapple|Hydrapple, L83, M|312/312\n|move|p2a: Shiftry|Knock Off|p1a: Hydrapple\n|-damage|p1a: Hydrapple|217/312\n|-enditem|p1a: Hydrapple|Life Orb|[from] move: Knock Off|[of] p2a: Shiftry\n|-damage|p2a: Shiftry|256/305 brn|[from] item: Life Orb\n|\n|-damage|p2a: Shiftry|237/305 brn|[from] brn\n|upkeep\n|turn|9\n|\n|t:|1781462992\n|switch|p2a: Gardevoir|Gardevoir, L83, M|145/249\n|-ability|p2a: Gardevoir|Regenerator|Trace|[from] ability: Trace|[of] p1a: Hydrapple\n|move|p1a: Hydrapple|Fickle Beam|p2a: Gardevoir\n|-immune|p2a: Gardevoir\n|\n|upkeep\n|turn|10\n|\n|t:|1781463004\n|switch|p1a: Mewtwo|Mewtwo, L72|80/272\n|-ability|p1a: Mewtwo|Pressure\n|move|p2a: Gardevoir|Moonblast|p1a: Mewtwo\n|-damage|p1a: Mewtwo|0 fnt\n|faint|p1a: Mewtwo\n|\n|-sideend|p2: Abe1254|move: Tailwind\n|upkeep\n|\n|t:|1781463009\n|switch|p1a: Minior|Minior-Green, L79|224/224\n|-formechange|p1a: Minior|Minior-Meteor||[from] ability: Shields Down\n|turn|11\n|\n|t:|1781463016\n|move|p2a: Gardevoir|Moonblast|p1a: Minior\n|-damage|p1a: Minior|113/224\n|-unboost|p1a: Minior|spa|1\n|-enditem|p1a: Minior|White Herb\n|-clearnegativeboost|p1a: Minior|[silent]\n|move|p1a: Minior|Shell Smash|p1a: Minior\n|-unboost|p1a: Minior|def|1\n|-unboost|p1a: Minior|spd|1\n|-boost|p1a: Minior|atk|2\n|-boost|p1a: Minior|spa|2\n|-boost|p1a: Minior|spe|2\n|\n|upkeep\n|turn|12\n|\n|t:|1781463022\n|move|p1a: Minior|Acrobatics|p2a: Gardevoir\n|-damage|p2a: Gardevoir|0 fnt\n|faint|p2a: Gardevoir\n|\n|upkeep\n|\n|t:|1781463032\n|switch|p2a: Feraligatr|Feraligatr, L79, M|264/264\n|turn|13\n|\n|t:|1781463039\n|move|p1a: Minior|Acrobatics|p2a: Feraligatr\n|-damage|p2a: Feraligatr|123/264\n|move|p2a: Feraligatr|Liquidation|p1a: Minior\n|-supereffective|p1a: Minior\n|-damage|p1a: Minior|0 fnt\n|faint|p1a: Minior\n|\n|upkeep\n|\n|t:|1781463045\n|switch|p1a: Gyarados|Gyarados, L79, M|280/280\n|-ability|p1a: Gyarados|Intimidate|boost\n|-unboost|p2a: Feraligatr|atk|1\n|turn|14\n|\n|t:|1781463059\n|switch|p2a: Shiftry|Shiftry, L89, M|237/305 brn\n|move|p1a: Gyarados|Dragon Dance|p1a: Gyarados\n|-boost|p1a: Gyarados|atk|1\n|-boost|p1a: Gyarados|spe|1\n|\n|-damage|p2a: Shiftry|218/305 brn|[from] brn\n|upkeep\n|turn|15\n|\n|t:|1781463064\n|-terastallize|p1a: Gyarados|Flying\n|move|p1a: Gyarados|Tera Blast|p2a: Shiftry|[anim] Tera Blast Flying\n|-supereffective|p2a: Shiftry\n|-damage|p2a: Shiftry|0 fnt\n|faint|p2a: Shiftry\n|\n|upkeep\n|\n|t:|1781463071\n|switch|p2a: Decidueye|Decidueye-Hisui, L87, F|295/295\n|turn|16\n|\n|t:|1781463094\n|-terastallize|p2a: Decidueye|Steel\n|move|p1a: Gyarados|Tera Blast|p2a: Decidueye|[anim] Tera Blast Flying\n|-resisted|p2a: Decidueye\n|-damage|p2a: Decidueye|200/295\n|move|p2a: Decidueye|Triple Arrows|p1a: Gyarados\n|-resisted|p1a: Gyarados\n|-crit|p1a: Gyarados\n|-damage|p1a: Gyarados|188/280\n|-unboost|p1a: Gyarados|def|1\n|\n|-heal|p2a: Decidueye|218/295|[from] item: Leftovers\n|upkeep\n|turn|17\n|\n|t:|1781463103\n|move|p1a: Gyarados|Earthquake|p2a: Decidueye\n|-supereffective|p2a: Decidueye\n|-damage|p2a: Decidueye|0 fnt\n|faint|p2a: Decidueye\n|\n|upkeep\n|\n|t:|1781463105\n|switch|p2a: Feraligatr|Feraligatr, L79, M|123/264\n|turn|18\n|\n|t:|1781463107\n|move|p1a: Gyarados|Tera Blast|p2a: Feraligatr|[anim] Tera Blast Flying\n|-damage|p2a: Feraligatr|0 fnt\n|faint|p2a: Feraligatr\n|\n|win|thatdankcharizard\n|raw|thatdankcharizard's rating: 1987 &rarr; <strong>2006</strong><br />(+19 for winning)\n|raw|Abe1254's rating: 1969 &rarr; <strong>1950</strong><br />(-19 for losing)\n", "inputlog": ">version a8376a258c1d4662feba110a92103f3664a72141\n>start {\"formatid\":\"gen9randombattle\",\"seed\":\"sodium,0f0b6863f086d26b3c90a2425228d804\",\"rated\":\"Rated battle\"}\n>player p1 {\"name\":\"thatdankcharizard\",\"avatar\":\"266\",\"rating\":1987,\"seed\":\"sodium,c23a10ae2f222db21cd24a9e22408b6c\"}\n>player p2 {\"name\":\"Abe1254\",\"avatar\":\"cheren-gen5bw2\",\"rating\":1969,\"seed\":\"sodium,0d62ca1e1152fa462073e3f68b8f9ac3\"}\n>p1 move nastyplot\n>p2 switch 3\n>p1 move psystrike\n>p2 move mirrorcoat\n>p2 switch 4\n>p1 move darkpulse\n>p2 move moonblast\n>p1 switch 5\n>p2 move moonblast\n>p1 move thunderbolt\n>p2 switch 3\n>p1 move thunderbolt\n>p2 move fireblast\n>p2 switch 5\n>p1 move willowisp\n>p2 move tailwind\n>p1 switch 4\n>p2 move knockoff\n>p1 move ficklebeam\n>p2 switch 3\n>p1 switch 5\n>p2 move moonblast\n>p1 switch 3\n>p1 move shellsmash\n>p2 move moonblast\n>p1 move acrobatics\n>p2 move moonblast\n>p2 switch 6\n>p1 move acrobatics\n>p2 move liquidation\n>p1 switch 2\n>p1 move dragondance\n>p2 switch 3\n>p1 move terablast terastallize\n>p2 move tailwind\n>p2 switch 2\n>p1 move terablast\n>p2 move triplearrows terastallize\n>p1 move earthquake\n>p2 move triplearrows\n>p2 switch 3\n>p1 move terablast\n>p2 move dragondance", "uploadtime": 1781462853, "views": 8, "formatid": "gen9randombattle", "rating": 1950, "private": 0, "password": null}