{"id": "gen9randombattle-2631508787", "format": "[Gen 9] Random Battle", "players": ["catlib", "arnavgupta"], "log": "|j|\u2606catlib\n|j|\u2606arnavgupta\n|t:|1781394178\n|gametype|singles\n|player|p1|catlib|birdkeeper|2003\n|player|p2|arnavgupta|drayden|2023\n|gen|9\n|tier|[Gen 9] Random Battle\n|rated|\n|rule|Species Clause: Limit one of each Pok\u00e9mon\n|rule|HP Percentage Mod: HP is shown in percentages\n|rule|Sleep Clause Mod: Limit one foe put to sleep\n|rule|Illusion Level Mod: Illusion disguises the Pok\u00e9mon's true level\n|\n|t:|1781394178\n|teamsize|p1|6\n|teamsize|p2|6\n|start\n|switch|p1a: Golem|Golem, L87, M|281/281\n|switch|p2a: Giratina|Giratina-Origin, L72|335/335\n|turn|1\n|inactive|Battle timer is ON: inactive players will automatically lose when time's up. (requested by catlib)\n|\n|t:|1781394195\n|move|p2a: Giratina|Will-O-Wisp|p1a: Golem\n|-status|p1a: Golem|brn\n|move|p1a: Golem|Stealth Rock|p2a: Giratina\n|-sidestart|p2: arnavgupta|move: Stealth Rock\n|\n|-damage|p1a: Golem|264/281 brn|[from] brn\n|upkeep\n|turn|2\n|\n|t:|1781394207\n|switch|p2a: Uxie|Uxie, L83|260/260\n|-damage|p2a: Uxie|228/260|[from] Stealth Rock\n|switch|p1a: Umbreon|Umbreon, L84, M|297/297\n|\n|-heal|p2a: Uxie|244/260|[from] item: Leftovers\n|upkeep\n|turn|3\n|\n|t:|1781394214\n|move|p2a: Uxie|Yawn|p1a: Umbreon\n|-start|p1a: Umbreon|move: Yawn|[of] p2a: Uxie\n|move|p1a: Umbreon|Toxic|p2a: Uxie\n|-status|p2a: Uxie|tox\n|\n|-heal|p2a: Uxie|260/260 tox|[from] item: Leftovers\n|-damage|p2a: Uxie|244/260 tox|[from] psn\n|upkeep\n|turn|4\n|\n|t:|1781394222\n|switch|p1a: Golem|Golem, L87, M|264/281 brn\n|move|p2a: Uxie|Stealth Rock|p1a: Golem\n|-sidestart|p1: catlib|move: Stealth Rock\n|\n|-heal|p2a: Uxie|260/260 tox|[from] item: Leftovers\n|-damage|p2a: Uxie|228/260 tox|[from] psn\n|-damage|p1a: Golem|247/281 brn|[from] brn\n|upkeep\n|turn|5\n|\n|t:|1781394233\n|switch|p2a: Suicune|Suicune, L82|298/298\n|-damage|p2a: Suicune|261/298|[from] Stealth Rock\n|-ability|p2a: Suicune|Pressure\n|move|p1a: Golem|Stone Edge|p2a: Suicune\n|-damage|p2a: Suicune|201/298\n|\n|-heal|p2a: Suicune|219/298|[from] item: Leftovers\n|-damage|p1a: Golem|230/281 brn|[from] brn\n|upkeep\n|turn|6\n|\n|t:|1781394245\n|switch|p1a: Umbreon|Umbreon, L84, M|297/297\n|-damage|p1a: Umbreon|260/297|[from] Stealth Rock\n|move|p2a: Suicune|Scald|p1a: Umbreon\n|-damage|p1a: Umbreon|200/297\n|\n|-heal|p2a: Suicune|237/298|[from] item: Leftovers\n|-heal|p1a: Umbreon|218/297|[from] item: Leftovers\n|upkeep\n|turn|7\n|\n|t:|1781394252\n|switch|p2a: Skuntank|Skuntank, L84, F|310/310\n|-damage|p2a: Skuntank|272/310|[from] Stealth Rock\n|move|p1a: Umbreon|Toxic|p2a: Skuntank\n|-immune|p2a: Skuntank\n|\n|-heal|p1a: Umbreon|236/297|[from] item: Leftovers\n|upkeep\n|turn|8\n|\n|t:|1781394260\n|move|p2a: Skuntank|Knock Off|p1a: Umbreon\n|-resisted|p1a: Umbreon\n|-damage|p1a: Umbreon|181/297\n|-enditem|p1a: Umbreon|Leftovers|[from] move: Knock Off|[of] p2a: Skuntank\n|-damage|p2a: Skuntank|241/310|[from] item: Life Orb\n|move|p1a: Umbreon|Wish|p1a: Umbreon\n|\n|upkeep\n|turn|9\n|\n|t:|1781394274\n|switch|p1a: Squawkabilly|Squawkabilly-White, L89, M|291/291\n|move|p2a: Skuntank|Gunk Shot|p1a: Squawkabilly\n|-damage|p1a: Squawkabilly|73/291\n|-damage|p2a: Skuntank|210/310|[from] item: Life Orb\n|\n|-heal|p1a: Squawkabilly|221/291|[from] move: Wish|[wisher] Umbreon\n|upkeep\n|turn|10\n|\n|t:|1781394290\n|switch|p2a: Uxie|Uxie, L83|228/260 tox\n|-damage|p2a: Uxie|196/260 tox|[from] Stealth Rock\n|move|p1a: Squawkabilly|Parting Shot|p2a: Uxie\n|-unboost|p2a: Uxie|atk|1\n|-unboost|p2a: Uxie|spa|1\n|\n|t:|1781394296\n|switch|p1a: Umbreon|Umbreon, L84, M|181/297|[from] Parting Shot\n|-damage|p1a: Umbreon|144/297|[from] Stealth Rock\n|\n|-heal|p2a: Uxie|212/260 tox|[from] item: Leftovers\n|-damage|p2a: Uxie|196/260 tox|[from] psn\n|upkeep\n|turn|11\n|\n|t:|1781394303\n|move|p2a: Uxie|Yawn|p1a: Umbreon\n|-start|p1a: Umbreon|move: Yawn|[of] p2a: Uxie\n|move|p1a: Umbreon|Wish|p1a: Umbreon\n|\n|-heal|p2a: Uxie|212/260 tox|[from] item: Leftovers\n|-damage|p2a: Uxie|180/260 tox|[from] psn\n|upkeep\n|turn|12\n|\n|t:|1781394309\n|switch|p1a: Squawkabilly|Squawkabilly-White, L89, M|221/291\n|move|p2a: Uxie|Encore||[still]\n|-fail|p2a: Uxie\n|\n|-heal|p1a: Squawkabilly|291/291|[from] move: Wish|[wisher] Umbreon\n|-heal|p2a: Uxie|196/260 tox|[from] item: Leftovers\n|-damage|p2a: Uxie|148/260 tox|[from] psn\n|upkeep\n|turn|13\n|\n|t:|1781394314\n|move|p1a: Squawkabilly|Brave Bird|p2a: Uxie\n|-crit|p2a: Uxie\n|-damage|p2a: Uxie|0 fnt\n|faint|p2a: Uxie\n|-damage|p1a: Squawkabilly|242/291|[from] Recoil\n|\n|upkeep\n|\n|t:|1781394322\n|switch|p2a: Dondozo|Dondozo, L78, M|362/362\n|-damage|p2a: Dondozo|317/362|[from] Stealth Rock\n|turn|14\n|\n|t:|1781394335\n|move|p1a: Squawkabilly|Parting Shot|p2a: Dondozo\n|-unboost|p2a: Dondozo|atk|1\n|-unboost|p2a: Dondozo|spa|1\n|\n|t:|1781394343\n|switch|p1a: Magnezone|Magnezone, L85|258/258|[from] Parting Shot\n|-damage|p1a: Magnezone|242/258|[from] Stealth Rock\n|move|p2a: Dondozo|Curse|p2a: Dondozo\n|-unboost|p2a: Dondozo|spe|1\n|-boost|p2a: Dondozo|atk|1\n|-boost|p2a: Dondozo|def|1\n|\n|-heal|p2a: Dondozo|339/362|[from] item: Leftovers\n|upkeep\n|turn|15\n|\n|t:|1781394348\n|switch|p2a: Giratina|Giratina-Origin, L72|335/335\n|-damage|p2a: Giratina|294/335|[from] Stealth Rock\n|move|p1a: Magnezone|Volt Switch|p2a: Giratina\n|-resisted|p2a: Giratina\n|-damage|p2a: Giratina|240/335\n|\n|t:|1781394357\n|switch|p1a: Umbreon|Umbreon, L84, M|144/297|[from] Volt Switch\n|-damage|p1a: Umbreon|107/297|[from] Stealth Rock\n|\n|upkeep\n|turn|16\n|\n|t:|1781394362\n|move|p2a: Giratina|Draco Meteor|p1a: Umbreon\n|-damage|p1a: Umbreon|8/297\n|-unboost|p2a: Giratina|spa|2\n|move|p1a: Umbreon|Wish|p1a: Umbreon\n|\n|upkeep\n|turn|17\n|\n|t:|1781394370\n|switch|p2a: Koraidon|Koraidon, L64|235/235\n|-damage|p2a: Koraidon|221/235|[from] Stealth Rock\n|-weather|SunnyDay|[from] ability: Orichalcum Pulse|[of] p2a: Koraidon\n|-activate|p2a: Koraidon|Orichalcum Pulse|[source]\n|move|p1a: Umbreon|Protect||[still]\n|-fail|p1a: Umbreon\n|\n|-weather|SunnyDay|[upkeep]\n|-heal|p1a: Umbreon|156/297|[from] move: Wish|[wisher] Umbreon\n|upkeep\n|turn|18\n|\n|t:|1781394376\n|switch|p1a: Golem|Golem, L87, M|230/281 brn\n|-damage|p1a: Golem|213/281 brn|[from] Stealth Rock\n|move|p2a: Koraidon|Close Combat|p1a: Golem\n|-supereffective|p1a: Golem\n|-damage|p1a: Golem|0 fnt\n|-unboost|p2a: Koraidon|def|1\n|-unboost|p2a: Koraidon|spd|1\n|faint|p1a: Golem\n|\n|-weather|SunnyDay|[upkeep]\n|upkeep\n|\n|t:|1781394392\n|switch|p1a: Squawkabilly|Squawkabilly-White, L89, M|242/291\n|turn|19\n|\n|t:|1781394398\n|switch|p2a: Skuntank|Skuntank, L84, F|210/310\n|-damage|p2a: Skuntank|172/310|[from] Stealth Rock\n|move|p1a: Squawkabilly|Brave Bird|p2a: Skuntank\n|-damage|p2a: Skuntank|0 fnt\n|-damage|p1a: Squawkabilly|170/291|[from] ability: Aftermath|[of] p2a: Skuntank\n|faint|p2a: Skuntank\n|-damage|p1a: Squawkabilly|113/291|[from] Recoil\n|\n|-weather|SunnyDay|[upkeep]\n|upkeep\n|\n|t:|1781394408\n|switch|p2a: Suicune|Suicune, L82|237/298\n|-damage|p2a: Suicune|200/298|[from] Stealth Rock\n|-ability|p2a: Suicune|Pressure\n|turn|20\n|\n|t:|1781394414\n|move|p1a: Squawkabilly|Parting Shot|p2a: Suicune\n|-unboost|p2a: Suicune|atk|1\n|-unboost|p2a: Suicune|spa|1\n|\n|t:|1781394416\n|switch|p1a: Umbreon|Umbreon, L84, M|156/297|[from] Parting Shot\n|-damage|p1a: Umbreon|119/297|[from] Stealth Rock\n|move|p2a: Suicune|Rest|p2a: Suicune\n|-status|p2a: Suicune|slp|[from] move: Rest\n|-heal|p2a: Suicune|298/298 slp|[silent]\n|\n|-weather|SunnyDay|[upkeep]\n|upkeep\n|turn|21\n|\n|t:|1781394422\n|switch|p2a: Koraidon|Koraidon, L64|221/235\n|-damage|p2a: Koraidon|207/235|[from] Stealth Rock\n|-activate|p2a: Koraidon|ability: Orichalcum Pulse\n|move|p1a: Umbreon|Wish|p1a: Umbreon\n|\n|-weather|none\n|upkeep\n|turn|22\n|\n|t:|1781394432\n|switch|p1a: Squawkabilly|Squawkabilly-White, L89, M|113/291\n|move|p2a: Koraidon|Close Combat|p1a: Squawkabilly\n|-damage|p1a: Squawkabilly|0 fnt\n|-unboost|p2a: Koraidon|def|1\n|-unboost|p2a: Koraidon|spd|1\n|faint|p1a: Squawkabilly\n|\n|upkeep\n|\n|t:|1781394443\n|switch|p1a: Mimikyu|Mimikyu, L79, F|216/216\n|-damage|p1a: Mimikyu|189/216|[from] Stealth Rock\n|turn|23\n|\n|t:|1781394447\n|switch|p2a: Dondozo|Dondozo, L78, M|339/362\n|-damage|p2a: Dondozo|294/362|[from] Stealth Rock\n|move|p1a: Mimikyu|Play Rough|p2a: Dondozo\n|-damage|p2a: Dondozo|199/362\n|-damage|p1a: Mimikyu|168/216|[from] item: Life Orb\n|\n|-heal|p2a: Dondozo|221/362|[from] item: Leftovers\n|upkeep\n|turn|24\n|\n|t:|1781394453\n|switch|p1a: Magnezone|Magnezone, L85|242/258\n|-damage|p1a: Magnezone|226/258|[from] Stealth Rock\n|move|p2a: Dondozo|Wave Crash|p1a: Magnezone\n|-crit|p1a: Magnezone\n|-damage|p1a: Magnezone|90/258\n|-damage|p2a: Dondozo|176/362|[from] Recoil\n|\n|-heal|p2a: Dondozo|198/362|[from] item: Leftovers\n|upkeep\n|turn|25\n|\n|t:|1781394458\n|switch|p2a: Giratina|Giratina-Origin, L72|240/335\n|-damage|p2a: Giratina|199/335|[from] Stealth Rock\n|move|p1a: Magnezone|Volt Switch|p2a: Giratina\n|-resisted|p2a: Giratina\n|-damage|p2a: Giratina|149/335\n|\n|t:|1781394463\n|switch|p1a: Umbreon|Umbreon, L84, M|119/297|[from] Volt Switch\n|-damage|p1a: Umbreon|82/297|[from] Stealth Rock\n|\n|upkeep\n|turn|26\n|\n|t:|1781394468\n|move|p2a: Giratina|Draco Meteor|p1a: Umbreon\n|-damage|p1a: Umbreon|0 fnt\n|-unboost|p2a: Giratina|spa|2\n|faint|p1a: Umbreon\n|\n|upkeep\n|\n|t:|1781394471\n|switch|p1a: Mimikyu|Mimikyu, L79, F|168/216\n|-damage|p1a: Mimikyu|141/216|[from] Stealth Rock\n|turn|27\n|\n|t:|1781394476\n|move|p2a: Giratina|Shadow Sneak|p1a: Mimikyu\n|-activate|p1a: Mimikyu|ability: Disguise\n|-damage|p1a: Mimikyu|141/216\n|detailschange|p1a: Mimikyu|Mimikyu-Busted, L79, F\n|-damage|p1a: Mimikyu|114/216|[from] pokemon: Mimikyu-Busted\n|move|p1a: Mimikyu|Play Rough|p2a: Giratina\n|-supereffective|p2a: Giratina\n|-damage|p2a: Giratina|0 fnt\n|faint|p2a: Giratina\n|-damage|p1a: Mimikyu|93/216|[from] item: Life Orb\n|\n|upkeep\n|\n|t:|1781394480\n|switch|p2a: Koraidon|Koraidon, L64|207/235\n|-damage|p2a: Koraidon|193/235|[from] Stealth Rock\n|-weather|SunnyDay|[from] ability: Orichalcum Pulse|[of] p2a: Koraidon\n|-activate|p2a: Koraidon|Orichalcum Pulse|[source]\n|turn|28\n|\n|t:|1781394497\n|move|p2a: Koraidon|Flare Blitz|p1a: Mimikyu\n|-damage|p1a: Mimikyu|0 fnt\n|faint|p1a: Mimikyu\n|-damage|p2a: Koraidon|162/235|[from] Recoil\n|\n|-weather|SunnyDay|[upkeep]\n|upkeep\n|\n|t:|1781394499\n|switch|p1a: Delibird|Delibird, F|252/252\n|turn|29\n|\n|t:|1781394523\n|-terastallize|p2a: Koraidon|Fire\n|move|p2a: Koraidon|Flare Blitz|p1a: Delibird\n|-supereffective|p1a: Delibird\n|-damage|p1a: Delibird|0 fnt\n|faint|p1a: Delibird\n|-damage|p2a: Koraidon|79/235|[from] Recoil\n|\n|-weather|SunnyDay|[upkeep]\n|upkeep\n|l|\u2606catlib\n|inactive|catlib disconnected and has a minute to reconnect!\n|player|p1|\n|inactive|catlib has 30 seconds to reconnect!\n|inactive|catlib has 20 seconds to reconnect!\n|inactive|catlib has 15 seconds to reconnect!\n|inactive|catlib has 10 seconds to reconnect!\n|inactive|catlib has 5 seconds to reconnect!\n|-message|catlib lost due to inactivity.\n|\n|win|arnavgupta\n", "inputlog": ">version a8376a258c1d4662feba110a92103f3664a72141\n>start {\"formatid\":\"gen9randombattle\",\"seed\":\"sodium,3eb8f894c2ad4c768a4b7bea531cb11a\",\"rated\":\"Rated battle\"}\n>player p1 {\"name\":\"catlib\",\"avatar\":\"birdkeeper\",\"rating\":2003,\"seed\":\"sodium,60d68095acb3ec2e442c43234cea01ad\"}\n>player p2 {\"name\":\"arnavgupta\",\"avatar\":\"drayden\",\"rating\":2023,\"seed\":\"sodium,67de28fded1d5727de88fa223a47adc0\"}\n>p1 move stealthrock\n>p2 move willowisp\n>p1 switch 2\n>p2 switch 4\n>p1 move toxic\n>p2 move yawn\n>p1 switch 2\n>p2 move stealthrock\n>p1 move stoneedge\n>p2 switch 5\n>p1 switch 2\n>p2 move scald\n>p1 move toxic\n>p2 switch 6\n>p1 move wish\n>p2 move knockoff\n>p1 switch 3\n>p2 move gunkshot\n>p1 move partingshot\n>p2 switch 5\n>p1 switch 3\n>p1 move wish\n>p2 move yawn\n>p1 switch 3\n>p2 move encore\n>p1 move bravebird\n>p2 move psychicnoise\n>p2 switch 2\n>p1 move partingshot\n>p2 move curse\n>p1 switch 6\n>p1 move voltswitch\n>p2 switch 4\n>p1 switch 3\n>p1 move wish\n>p2 move dracometeor\n>p1 move protect\n>p2 switch 3\n>p1 switch 2\n>p2 move closecombat\n>p1 switch 6\n>p1 move bravebird\n>p2 switch 5\n>p2 switch 6\n>p1 move partingshot\n>p2 move rest\n>p1 switch 2\n>p1 move wish\n>p2 switch 5\n>p1 switch 2\n>p2 move closecombat\n>p1 switch 5\n>p1 move playrough\n>p2 switch 4\n>p1 switch 3\n>p2 move wavecrash\n>p1 move voltswitch\n>p2 switch 3\n>p1 switch 2\n>p1 move toxic\n>p2 move dracometeor\n>p1 switch 3\n>p1 move playrough\n>p2 move shadowsneak\n>p2 switch 4\n>p1 move playrough\n>p2 move flareblitz\n>p1 switch 4\n>p1 move freezedry\n>p2 move flareblitz terastallize\n>forcelose p1", "uploadtime": 1781394179, "views": 5, "formatid": "gen9randombattle", "rating": null, "private": 0, "password": null}