{"id": "gen9randombattle-2631616691", "format": "[Gen 9] Random Battle", "players": ["orakim", "sirsunnyyy"], "log": "|j|\u2606orakim\n|j|\u2606sirsunnyyy\n|t:|1781409434\n|gametype|singles\n|player|p1|orakim|iris-gen5bw2|1958\n|player|p2|sirsunnyyy|harlequin|1924\n|gen|9\n|tier|[Gen 9] Random Battle\n|rated|\n|rule|Species Clause: Limit one of each Pok\u00e9mon\n|rule|HP Percentage Mod: HP is shown in percentages\n|rule|Sleep Clause Mod: Limit one foe put to sleep\n|rule|Illusion Level Mod: Illusion disguises the Pok\u00e9mon's true level\n|\n|t:|1781409434\n|teamsize|p1|6\n|teamsize|p2|6\n|start\n|switch|p1a: Alcremie|Alcremie-Lemon-Cream, L90, F|263/263\n|switch|p2a: Lokix|Lokix, L82, F|251/251\n|turn|1\n|inactive|Battle timer is ON: inactive players will automatically lose when time's up. (requested by sirsunnyyy)\n|\n|t:|1781409452\n|switch|p2a: Ampharos|Ampharos, L88, F|302/302\n|move|p1a: Alcremie|Alluring Voice|p2a: Ampharos\n|-damage|p2a: Ampharos|203/302\n|\n|upkeep\n|turn|2\n|\n|t:|1781409462\n|switch|p1a: Gliscor|Gliscor, L76, M|239/239\n|move|p2a: Ampharos|Thunderbolt|p1a: Gliscor\n|-immune|p1a: Gliscor\n|\n|-status|p1a: Gliscor|tox|[from] item: Toxic Orb\n|upkeep\n|turn|3\n|\n|t:|1781409468\n|switch|p2a: Altaria|Altaria, L89, M|278/278\n|move|p1a: Gliscor|Toxic Spikes|p2a: Altaria\n|-sidestart|p2: sirsunnyyy|move: Toxic Spikes\n|\n|upkeep\n|turn|4\n|\n|t:|1781409480\n|switch|p1a: Illumise|Illumise, L91, F|266/266\n|move|p2a: Altaria|Brave Bird|p1a: Illumise\n|-supereffective|p1a: Illumise\n|-damage|p1a: Illumise|20/266\n|-damage|p2a: Altaria|197/278|[from] Recoil\n|\n|upkeep\n|turn|5\n|\n|t:|1781409498\n|switch|p1a: Gliscor|Gliscor, L76, M|239/239 tox\n|move|p2a: Altaria|Brave Bird|p1a: Gliscor\n|-damage|p1a: Gliscor|142/239 tox\n|-damage|p2a: Altaria|165/278|[from] Recoil\n|\n|-heal|p1a: Gliscor|171/239 tox|[from] ability: Poison Heal\n|upkeep\n|turn|6\n|\n|t:|1781409508\n|switch|p2a: Ampharos|Ampharos, L88, F|203/302\n|-status|p2a: Ampharos|psn\n|move|p1a: Gliscor|Knock Off|p2a: Ampharos\n|-damage|p2a: Ampharos|150/302 psn\n|-enditem|p2a: Ampharos|Life Orb|[from] move: Knock Off|[of] p1a: Gliscor\n|\n|-heal|p1a: Gliscor|200/239 tox|[from] ability: Poison Heal\n|-damage|p2a: Ampharos|113/302 psn|[from] psn\n|upkeep\n|turn|7\n|\n|t:|1781409517\n|move|p1a: Gliscor|Earthquake|p2a: Ampharos\n|-supereffective|p2a: Ampharos\n|-damage|p2a: Ampharos|0 fnt\n|faint|p2a: Ampharos\n|\n|-heal|p1a: Gliscor|229/239 tox|[from] ability: Poison Heal\n|upkeep\n|\n|t:|1781409526\n|switch|p2a: Primarina|Primarina, L83, M|268/268\n|-status|p2a: Primarina|psn\n|turn|8\n|\n|t:|1781409533\n|move|p1a: Gliscor|Protect|p1a: Gliscor\n|-singleturn|p1a: Gliscor|Protect\n|move|p2a: Primarina|Psychic Noise|p1a: Gliscor\n|-activate|p1a: Gliscor|move: Protect\n|\n|-heal|p1a: Gliscor|239/239 tox|[from] ability: Poison Heal\n|-damage|p2a: Primarina|235/268 psn|[from] psn\n|upkeep\n|turn|9\n|\n|t:|1781409543\n|switch|p1a: Alcremie|Alcremie-Lemon-Cream, L90, F|263/263\n|move|p2a: Primarina|Psychic Noise|p1a: Alcremie\n|-damage|p1a: Alcremie|188/263\n|-block|p1a: Alcremie|ability: Aroma Veil|[of] p1a: Alcremie\n|\n|-heal|p1a: Alcremie|204/263|[from] item: Leftovers\n|-heal|p2a: Primarina|251/268 psn|[from] item: Leftovers\n|-damage|p2a: Primarina|218/268 psn|[from] psn\n|upkeep\n|turn|10\n|\n|t:|1781409553\n|move|p1a: Alcremie|Calm Mind|p1a: Alcremie\n|-boost|p1a: Alcremie|spa|1\n|-boost|p1a: Alcremie|spd|1\n|move|p2a: Primarina|Calm Mind|p2a: Primarina\n|-boost|p2a: Primarina|spa|1\n|-boost|p2a: Primarina|spd|1\n|\n|-heal|p1a: Alcremie|220/263|[from] item: Leftovers\n|-heal|p2a: Primarina|234/268 psn|[from] item: Leftovers\n|-damage|p2a: Primarina|201/268 psn|[from] psn\n|upkeep\n|turn|11\n|\n|t:|1781409565\n|switch|p2a: Sableye|Sableye, L88, M|231/231\n|-status|p2a: Sableye|psn\n|move|p1a: Alcremie|Calm Mind|p1a: Alcremie\n|-boost|p1a: Alcremie|spa|1\n|-boost|p1a: Alcremie|spd|1\n|\n|-heal|p1a: Alcremie|236/263|[from] item: Leftovers\n|-damage|p2a: Sableye|203/231 psn|[from] psn\n|upkeep\n|turn|12\n|\n|t:|1781409569\n|switch|p1a: Illumise|Illumise, L91, F|20/266\n|move|p2a: Sableye|Encore||[still]\n|-fail|p2a: Sableye\n|\n|-heal|p2a: Sableye|217/231 psn|[from] item: Leftovers\n|-damage|p2a: Sableye|189/231 psn|[from] psn\n|upkeep\n|turn|13\n|\n|t:|1781409579\n|switch|p2a: Altaria|Altaria, L89, M|165/278\n|move|p1a: Illumise|Roost|p1a: Illumise\n|-heal|p1a: Illumise|153/266\n|-singleturn|p1a: Illumise|move: Roost\n|\n|upkeep\n|turn|14\n|\n|t:|1781409583\n|switch|p1a: Gliscor|Gliscor, L76, M|239/239 tox\n|move|p2a: Altaria|Brave Bird|p1a: Gliscor\n|-damage|p1a: Gliscor|149/239 tox\n|-damage|p2a: Altaria|135/278|[from] Recoil\n|\n|-heal|p1a: Gliscor|178/239 tox|[from] ability: Poison Heal\n|upkeep\n|turn|15\n|\n|t:|1781409597\n|switch|p2a: Primarina|Primarina, L83, M|201/268 psn\n|move|p1a: Gliscor|Knock Off|p2a: Primarina\n|-resisted|p2a: Primarina\n|-damage|p2a: Primarina|168/268 psn\n|-enditem|p2a: Primarina|Leftovers|[from] move: Knock Off|[of] p1a: Gliscor\n|\n|-heal|p1a: Gliscor|207/239 tox|[from] ability: Poison Heal\n|-damage|p2a: Primarina|135/268 psn|[from] psn\n|upkeep\n|turn|16\n|\n|t:|1781409604\n|switch|p1a: Alcremie|Alcremie-Lemon-Cream, L90, F|236/263\n|move|p2a: Primarina|Psychic Noise|p1a: Alcremie\n|-damage|p1a: Alcremie|164/263\n|-block|p1a: Alcremie|ability: Aroma Veil|[of] p1a: Alcremie\n|\n|-heal|p1a: Alcremie|180/263|[from] item: Leftovers\n|-damage|p2a: Primarina|102/268 psn|[from] psn\n|upkeep\n|turn|17\n|\n|t:|1781409622\n|switch|p2a: Altaria|Altaria, L89, M|135/278\n|move|p1a: Alcremie|Calm Mind|p1a: Alcremie\n|-boost|p1a: Alcremie|spa|1\n|-boost|p1a: Alcremie|spd|1\n|\n|-heal|p1a: Alcremie|196/263|[from] item: Leftovers\n|upkeep\n|turn|18\n|\n|t:|1781409629\n|move|p2a: Altaria|Brave Bird|p1a: Alcremie\n|-damage|p1a: Alcremie|73/263\n|-damage|p2a: Altaria|94/278|[from] Recoil\n|move|p1a: Alcremie|Recover|p1a: Alcremie\n|-heal|p1a: Alcremie|205/263\n|\n|-heal|p1a: Alcremie|221/263|[from] item: Leftovers\n|upkeep\n|turn|19\n|\n|t:|1781409633\n|move|p2a: Altaria|Brave Bird|p1a: Alcremie\n|-damage|p1a: Alcremie|103/263\n|-damage|p2a: Altaria|55/278|[from] Recoil\n|move|p1a: Alcremie|Alluring Voice|p2a: Altaria\n|-supereffective|p2a: Altaria\n|-damage|p2a: Altaria|0 fnt\n|faint|p2a: Altaria\n|\n|-heal|p1a: Alcremie|119/263|[from] item: Leftovers\n|upkeep\n|\n|t:|1781409638\n|switch|p2a: Indeedee|Indeedee-F, L90, F|272/272\n|-status|p2a: Indeedee|psn\n|-fieldstart|move: Psychic Terrain|[from] ability: Psychic Surge|[of] p2a: Indeedee\n|turn|20\n|\n|t:|1781409664\n|-terastallize|p1a: Alcremie|Steel\n|move|p2a: Indeedee|Psyshock|p1a: Alcremie\n|-resisted|p1a: Alcremie\n|-damage|p1a: Alcremie|40/263\n|-damage|p2a: Indeedee|245/272 psn|[from] item: Life Orb\n|move|p1a: Alcremie|Recover|p1a: Alcremie\n|-heal|p1a: Alcremie|172/263\n|\n|-heal|p1a: Alcremie|188/263|[from] item: Leftovers\n|-damage|p2a: Indeedee|211/272 psn|[from] psn\n|upkeep\n|turn|21\n|-message|sirsunnyyy forfeited.\n|\n|win|orakim\n", "uploadtime": 1781409436, "views": 3, "formatid": "gen9randombattle", "rating": null, "private": 0, "password": null}