{"id": "gen9randombattle-2631900422", "format": "[Gen 9] Random Battle", "players": ["ogtru", "arthurvh"], "log": "|j|\u2606ogtru\n|j|\u2606arthurvh\n|t:|1781453593\n|gametype|singles\n|player|p1|ogtru|265|1513\n|player|p2|arthurvh|265|1504\n|gen|9\n|tier|[Gen 9] Random Battle\n|rated|\n|rule|Species Clause: Limit one of each Pok\u00e9mon\n|rule|HP Percentage Mod: HP is shown in percentages\n|rule|Sleep Clause Mod: Limit one foe put to sleep\n|rule|Illusion Level Mod: Illusion disguises the Pok\u00e9mon's true level\n|\n|t:|1781453593\n|teamsize|p1|6\n|teamsize|p2|6\n|start\n|switch|p1a: Incineroar|Incineroar, L82, M|290/290\n|switch|p2a: Malamar|Malamar, L82, M|275/275\n|-ability|p1a: Incineroar|Intimidate|boost\n|-boost|p2a: Malamar|atk|1\n|turn|1\n|inactive|Battle timer is ON: inactive players will automatically lose when time's up. (requested by arthurvh)\n|\n|t:|1781453604\n|move|p2a: Malamar|Superpower|p1a: Incineroar\n|-supereffective|p1a: Incineroar\n|-damage|p1a: Incineroar|46/290\n|-boost|p2a: Malamar|atk|1\n|-boost|p2a: Malamar|def|1\n|move|p1a: Incineroar|U-turn|p2a: Malamar\n|-supereffective|p2a: Malamar\n|-damage|p2a: Malamar|123/275\n|\n|t:|1781453609\n|switch|p1a: Slither Wing|Slither Wing, L81|270/270|[from] U-turn\n|\n|-heal|p2a: Malamar|140/275|[from] item: Leftovers\n|upkeep\n|turn|2\n|\n|t:|1781453621\n|move|p1a: Slither Wing|First Impression|p2a: Malamar\n|-supereffective|p2a: Malamar\n|-damage|p2a: Malamar|0 fnt\n|faint|p2a: Malamar\n|-damage|p1a: Slither Wing|243/270|[from] item: Life Orb\n|\n|upkeep\n|\n|t:|1781453635\n|switch|p2a: Zapdos|Zapdos, L78|268/268\n|turn|3\n|\n|t:|1781453640\n|-end|p1a: Slither Wing|Protosynthesis|[silent]\n|switch|p1a: Incineroar|Incineroar, L82, M|46/290\n|-ability|p1a: Incineroar|Intimidate|boost\n|-unboost|p2a: Zapdos|atk|1\n|move|p2a: Zapdos|Discharge|p1a: Incineroar\n|-damage|p1a: Incineroar|0 fnt\n|faint|p1a: Incineroar\n|\n|upkeep\n|\n|t:|1781453649\n|switch|p1a: Crabominable|Crabominable, L90, M|321/321\n|turn|4\n|\n|t:|1781453656\n|switch|p2a: Swalot|Swalot, L90, F|326/326\n|move|p1a: Crabominable|Ice Hammer|p2a: Swalot\n|-damage|p2a: Swalot|127/326\n|-unboost|p1a: Crabominable|spe|1\n|\n|-heal|p2a: Swalot|147/326|[from] item: Leftovers\n|upkeep\n|turn|5\n|\n|t:|1781453668\n|move|p2a: Swalot|Toxic|p1a: Crabominable\n|-status|p1a: Crabominable|tox\n|move|p1a: Crabominable|Earthquake|p2a: Swalot\n|-supereffective|p2a: Swalot\n|-damage|p2a: Swalot|0 fnt\n|faint|p2a: Swalot\n|\n|-damage|p1a: Crabominable|301/321 tox|[from] psn\n|upkeep\n|\n|t:|1781453683\n|switch|p2a: Zapdos|Zapdos, L78|268/268\n|turn|6\n|\n|t:|1781453688\n|move|p2a: Zapdos|Heat Wave|p1a: Crabominable\n|-supereffective|p1a: Crabominable\n|-damage|p1a: Crabominable|193/321 tox\n|move|p1a: Crabominable|Ice Hammer|p2a: Zapdos\n|-supereffective|p2a: Zapdos\n|-damage|p2a: Zapdos|0 fnt\n|-unboost|p1a: Crabominable|spe|1\n|faint|p2a: Zapdos\n|\n|-damage|p1a: Crabominable|153/321 tox|[from] psn\n|upkeep\n|\n|t:|1781453703\n|switch|p2a: Gurdurr|Gurdurr, L85, F|283/283\n|turn|7\n|\n|t:|1781453710\n|move|p2a: Gurdurr|Drain Punch|p1a: Crabominable\n|-supereffective|p1a: Crabominable\n|-damage|p1a: Crabominable|0 fnt\n|faint|p1a: Crabominable\n|\n|upkeep\n|\n|t:|1781453715\n|switch|p1a: Primarina|Primarina, L83, F|268/268\n|turn|8\n|\n|t:|1781453719\n|move|p1a: Primarina|Draining Kiss|p2a: Gurdurr\n|-supereffective|p2a: Gurdurr\n|-damage|p2a: Gurdurr|149/283\n|move|p2a: Gurdurr|Knock Off|p1a: Primarina\n|-resisted|p1a: Primarina\n|-damage|p1a: Primarina|229/268\n|-enditem|p1a: Primarina|Leftovers|[from] move: Knock Off|[of] p2a: Gurdurr\n|\n|upkeep\n|turn|9\n|\n|t:|1781453737\n|switch|p2a: Medicham|Medicham, L86, F|243/243\n|move|p1a: Primarina|Draining Kiss|p2a: Medicham\n|-supereffective|p2a: Medicham\n|-damage|p2a: Medicham|99/243\n|-heal|p1a: Primarina|268/268|[from] drain|[of] p2a: Medicham\n|\n|upkeep\n|turn|10\n|\n|t:|1781453749\n|move|p2a: Medicham|Zen Headbutt|p1a: Primarina\n|-damage|p1a: Primarina|60/268\n|move|p1a: Primarina|Draining Kiss|p2a: Medicham\n|-supereffective|p2a: Medicham\n|-damage|p2a: Medicham|0 fnt\n|-heal|p1a: Primarina|134/268|[from] drain|[of] p2a: Medicham\n|faint|p2a: Medicham\n|\n|upkeep\n|-message|arthurvh forfeited.\n|\n|win|ogtru\n|raw|ogtru's rating: 1513 &rarr; <strong>1532</strong><br />(+19 for winning)\n|raw|arthurvh's rating: 1504 &rarr; <strong>1485</strong><br />(-19 for losing)\n|l|\u2606arthurvh\n|player|p2|\n", "inputlog": ">version a8376a258c1d4662feba110a92103f3664a72141\n>start {\"formatid\":\"gen9randombattle\",\"seed\":\"sodium,099d5cfa4db9b9d3d8af0be2ba4fcb9d\",\"rated\":\"Rated battle\"}\n>player p1 {\"name\":\"ogtru\",\"avatar\":\"265\",\"rating\":1513,\"seed\":\"sodium,03418d1142f085bcb35f0a77eb758391\"}\n>player p2 {\"name\":\"arthurvh\",\"avatar\":\"265\",\"rating\":1504,\"seed\":\"sodium,6f48ae0506345c312309571cfa16d24f\"}\n>p1 move uturn\n>p2 move superpower\n>p1 switch 6\n>p1 move firstimpression\n>p2 move superpower\n>p2 switch 5\n>p1 switch 6\n>p2 move discharge\n>p1 switch 5\n>p1 move icehammer\n>p2 switch 2\n>p1 move earthquake\n>p2 move toxic\n>p2 switch 2\n>p1 move icehammer\n>p2 move heatwave\n>p2 switch 4\n>p1 move knockoff\n>p2 move drainpunch\n>p1 switch 2\n>p1 move drainingkiss\n>p2 move knockoff\n>p1 move drainingkiss\n>p2 switch 3\n>p1 move drainingkiss\n>p2 move zenheadbutt\n>forcelose p2", "uploadtime": 1781453761, "views": 6, "formatid": "gen9randombattle", "rating": 1485, "private": 0, "password": null}