{"id": "gen9randombattle-2631570016", "format": "[Gen 9] Random Battle", "players": ["IAmSecretlyAChair1", "culgui"], "log": "|j|\u2606IAmSecretlyAChair1\n|j|\u2606culgui\n|t:|1781402711\n|gametype|singles\n|player|p1|IAmSecretlyAChair1|gambler|1122\n|player|p2|culgui|unknown|1158\n|gen|9\n|tier|[Gen 9] Random Battle\n|rated|\n|rule|Species Clause: Limit one of each Pok\u00e9mon\n|rule|HP Percentage Mod: HP is shown in percentages\n|rule|Sleep Clause Mod: Limit one foe put to sleep\n|rule|Illusion Level Mod: Illusion disguises the Pok\u00e9mon's true level\n|\n|t:|1781402711\n|teamsize|p1|6\n|teamsize|p2|6\n|start\n|switch|p1a: Illumise|Illumise, L91, F|266/266\n|switch|p2a: Luvdisc|Luvdisc, M|247/247\n|turn|1\n|inactive|Battle timer is ON: inactive players will automatically lose when time's up. (requested by culgui)\n|\n|t:|1781402734\n|move|p1a: Illumise|Encore||[still]\n|-fail|p1a: Illumise\n|move|p2a: Luvdisc|Whirlpool|p1a: Illumise\n|-damage|p1a: Illumise|238/266\n|-activate|p1a: Illumise|move: Whirlpool|[of] p2a: Luvdisc\n|\n|-damage|p1a: Illumise|205/266|[from] move: Whirlpool|[partiallytrapped]\n|upkeep\n|turn|2\n|\n|t:|1781402746\n|move|p1a: Illumise|Encore|p2a: Luvdisc\n|-start|p2a: Luvdisc|Encore\n|move|p2a: Luvdisc|Whirlpool|p1a: Illumise|[miss]\n|-miss|p2a: Luvdisc|p1a: Illumise\n|\n|-damage|p1a: Illumise|172/266|[from] move: Whirlpool|[partiallytrapped]\n|upkeep\n|turn|3\n|\n|t:|1781402767\n|switch|p2a: Pyroar|Pyroar, L88, M|295/295\n|-ability|p2a: Pyroar|Unnerve\n|move|p1a: Illumise|Thunder Wave|p2a: Pyroar\n|-status|p2a: Pyroar|par\n|\n|-end|p1a: Illumise|Whirlpool|[partiallytrapped]|[silent]\n|upkeep\n|turn|4\n|\n|t:|1781402786\n|-terastallize|p1a: Illumise|Water\n|move|p1a: Illumise|Roost|p1a: Illumise\n|-heal|p1a: Illumise|266/266\n|move|p2a: Pyroar|Taunt|p1a: Illumise\n|-start|p1a: Illumise|move: Taunt\n|\n|upkeep\n|turn|5\n|\n|t:|1781402799\n|move|p1a: Illumise|Bug Buzz|p2a: Pyroar\n|-resisted|p2a: Pyroar\n|-damage|p2a: Pyroar|244/295 par\n|move|p2a: Pyroar|Hyper Voice|p1a: Illumise\n|-damage|p1a: Illumise|157/266\n|\n|upkeep\n|turn|6\n|inactive|IAmSecretlyAChair1 has 120 seconds left.\n|\n|t:|1781402828\n|switch|p1a: Banette|Banette, L93, M|270/270\n|move|p2a: Pyroar|Dark Pulse|p1a: Banette\n|-supereffective|p1a: Banette\n|-damage|p1a: Banette|124/270\n|-start|p2a: Pyroar|Disable|Dark Pulse|[from] ability: Cursed Body|[of] p1a: Banette\n|\n|upkeep\n|turn|7\n|inactive|IAmSecretlyAChair1 has 120 seconds left.\n|inactive|culgui has 120 seconds left.\n|\n|t:|1781402859\n|switch|p2a: Luvdisc|Luvdisc, M|247/247\n|move|p1a: Banette|Gunk Shot|p2a: Luvdisc|[miss]\n|-miss|p1a: Banette|p2a: Luvdisc\n|\n|upkeep\n|turn|8\n|inactive|IAmSecretlyAChair1 has 120 seconds left.\n|\n|t:|1781402886\n|move|p2a: Luvdisc|Whirlpool|p1a: Banette\n|-damage|p1a: Banette|90/270\n|-activate|p1a: Banette|move: Whirlpool|[of] p2a: Luvdisc\n|move|p1a: Banette|Swords Dance|p1a: Banette\n|-boost|p1a: Banette|atk|2\n|\n|-damage|p1a: Banette|57/270|[from] move: Whirlpool|[partiallytrapped]\n|upkeep\n|turn|9\n|\n|t:|1781402895\n|move|p1a: Banette|Shadow Sneak|p2a: Luvdisc\n|-damage|p2a: Luvdisc|74/247\n|-damage|p1a: Banette|30/270|[from] item: Life Orb\n|move|p2a: Luvdisc|Surf|p1a: Banette\n|-damage|p1a: Banette|0 fnt\n|-start|p2a: Luvdisc|Disable|Surf|[from] ability: Cursed Body|[of] p1a: Banette\n|faint|p1a: Banette\n|\n|upkeep\n|\n|t:|1781402915\n|switch|p1a: Overqwil|Overqwil, L82, F|274/274\n|-ability|p1a: Overqwil|Intimidate|boost\n|-unboost|p2a: Luvdisc|atk|1\n|turn|10\n|\n|t:|1781402924\n|move|p2a: Luvdisc|Endeavor|p1a: Overqwil\n|-damage|p1a: Overqwil|74/274\n|move|p1a: Overqwil|Scale Shot|p2a: Luvdisc\n|-damage|p2a: Luvdisc|51/247\n|-damage|p2a: Luvdisc|28/247\n|-damage|p2a: Luvdisc|5/247\n|-damage|p2a: Luvdisc|0 fnt\n|faint|p2a: Luvdisc\n|-hitcount|p2: Luvdisc|4\n|-unboost|p1a: Overqwil|def|1\n|-boost|p1a: Overqwil|spe|1\n|\n|upkeep\n|\n|t:|1781402941\n|switch|p2a: Alcremie|Alcremie, L90, F|263/263\n|turn|11\n|\n|t:|1781402949\n|-terastallize|p2a: Alcremie|Steel\n|move|p1a: Overqwil|Gunk Shot|p2a: Alcremie\n|-immune|p2a: Alcremie\n|move|p2a: Alcremie|Alluring Voice|p1a: Overqwil\n|-damage|p1a: Overqwil|0 fnt\n|faint|p1a: Overqwil\n|\n|upkeep\n|inactive|IAmSecretlyAChair1 has 120 seconds left.\n|\n|t:|1781402963\n|switch|p1a: Clodsire|Clodsire, L81, F|343/343\n|turn|12\n|\n|t:|1781402986\n|move|p2a: Alcremie|Calm Mind|p2a: Alcremie\n|-boost|p2a: Alcremie|spa|1\n|-boost|p2a: Alcremie|spd|1\n|move|p1a: Clodsire|Earthquake|p2a: Alcremie\n|-supereffective|p2a: Alcremie\n|-damage|p2a: Alcremie|77/263\n|\n|-heal|p2a: Alcremie|93/263|[from] item: Leftovers\n|upkeep\n|turn|13\n|\n|t:|1781403002\n|move|p2a: Alcremie|Psyshock|p1a: Clodsire\n|-supereffective|p1a: Clodsire\n|-damage|p1a: Clodsire|39/343\n|move|p1a: Clodsire|Earthquake|p2a: Alcremie\n|-supereffective|p2a: Alcremie\n|-damage|p2a: Alcremie|0 fnt\n|faint|p2a: Alcremie\n|\n|-heal|p1a: Clodsire|60/343|[from] item: Leftovers\n|upkeep\n|\n|t:|1781403011\n|switch|p2a: Sableye|Sableye, L88, F|231/231\n|turn|14\n|\n|t:|1781403021\n|move|p2a: Sableye|Knock Off|p1a: Clodsire\n|-damage|p1a: Clodsire|0 fnt\n|-enditem|p1a: Clodsire|Leftovers|[from] move: Knock Off|[of] p2a: Sableye\n|faint|p1a: Clodsire\n|\n|upkeep\n|\n|t:|1781403029\n|switch|p1a: Illumise|Illumise, L91, F, tera:Water|157/266\n|turn|15\n|\n|t:|1781403049\n|switch|p2a: Pyroar|Pyroar, L88, M|244/295 par\n|-ability|p2a: Pyroar|Unnerve\n|move|p1a: Illumise|Encore||[still]\n|-fail|p1a: Illumise\n|\n|upkeep\n|turn|16\n|\n|t:|1781403059\n|move|p1a: Illumise|Encore||[still]\n|-fail|p1a: Illumise\n|move|p2a: Pyroar|Taunt|p1a: Illumise\n|-start|p1a: Illumise|move: Taunt\n|\n|upkeep\n|turn|17\n|\n|t:|1781403072\n|move|p1a: Illumise|Bug Buzz|p2a: Pyroar\n|-resisted|p2a: Pyroar\n|-damage|p2a: Pyroar|187/295 par\n|cant|p2a: Pyroar|par\n|\n|upkeep\n|turn|18\n|\n|t:|1781403078\n|move|p1a: Illumise|Bug Buzz|p2a: Pyroar\n|-resisted|p2a: Pyroar\n|-damage|p2a: Pyroar|132/295 par\n|move|p2a: Pyroar|Hyper Voice|p1a: Illumise\n|-damage|p1a: Illumise|45/266\n|\n|upkeep\n|turn|19\n|inactive|culgui has 120 seconds left.\n|\n|t:|1781403084\n|move|p1a: Illumise|Bug Buzz|p2a: Pyroar\n|-resisted|p2a: Pyroar\n|-damage|p2a: Pyroar|74/295 par\n|move|p2a: Pyroar|Hyper Voice|p1a: Illumise\n|-damage|p1a: Illumise|0 fnt\n|faint|p1a: Illumise\n|\n|upkeep\n|\n|t:|1781403091\n|switch|p1a: Terapagos|Terapagos, L77, F|265/265\n|-activate|p1a: Terapagos|ability: Tera Shift\n|detailschange|p1a: Terapagos|Terapagos-Terastal, L77, F\n|-heal|p1a: Terapagos|273/273|[silent]\n|turn|20\n|\n|t:|1781403110\n|move|p1a: Terapagos|Tera Starstorm|p2a: Pyroar\n|-damage|p2a: Pyroar|0 fnt\n|faint|p2a: Pyroar\n|\n|upkeep\n|\n|t:|1781403118\n|switch|p2a: Sableye|Sableye, L88, F|231/231\n|turn|21\n|\n|t:|1781403129\n|move|p2a: Sableye|Will-O-Wisp|p1a: Terapagos\n|-status|p1a: Terapagos|brn\n|move|p1a: Terapagos|Earth Power|p2a: Sableye\n|-damage|p2a: Sableye|169/231\n|\n|-heal|p2a: Sableye|183/231|[from] item: Leftovers\n|-damage|p1a: Terapagos|256/273 brn|[from] brn\n|upkeep\n|turn|22\n|\n|t:|1781403140\n|move|p2a: Sableye|Encore|p1a: Terapagos\n|-start|p1a: Terapagos|Encore\n|move|p1a: Terapagos|Earth Power|p2a: Sableye\n|-damage|p2a: Sableye|119/231\n|\n|-heal|p2a: Sableye|133/231|[from] item: Leftovers\n|-damage|p1a: Terapagos|239/273 brn|[from] brn\n|upkeep\n|turn|23\n|\n|t:|1781403148\n|move|p1a: Terapagos|Earth Power|p2a: Sableye\n|-damage|p2a: Sableye|69/231\n|move|p2a: Sableye|Knock Off|p1a: Terapagos\n|-damage|p1a: Terapagos|155/273 brn\n|-enditem|p1a: Terapagos|Heavy-Duty Boots|[from] move: Knock Off|[of] p2a: Sableye\n|\n|-heal|p2a: Sableye|83/231|[from] item: Leftovers\n|-damage|p1a: Terapagos|138/273 brn|[from] brn\n|upkeep\n|turn|24\n|\n|t:|1781403159\n|move|p2a: Sableye|Recover|p2a: Sableye\n|-heal|p2a: Sableye|199/231\n|move|p1a: Terapagos|Earth Power|p2a: Sableye\n|-damage|p2a: Sableye|135/231\n|-unboost|p2a: Sableye|spd|1\n|\n|-heal|p2a: Sableye|149/231|[from] item: Leftovers\n|-damage|p1a: Terapagos|121/273 brn|[from] brn\n|-end|p1a: Terapagos|Encore\n|upkeep\n|turn|25\n|\n|t:|1781403171\n|move|p2a: Sableye|Encore|p1a: Terapagos\n|-start|p1a: Terapagos|Encore\n|move|p1a: Terapagos|Earth Power|p2a: Sableye\n|-damage|p2a: Sableye|49/231\n|\n|-heal|p2a: Sableye|63/231|[from] item: Leftovers\n|-damage|p1a: Terapagos|104/273 brn|[from] brn\n|upkeep\n|turn|26\n|\n|t:|1781403182\n|switch|p1a: Sceptile|Sceptile, L87, F|264/264\n|move|p2a: Sableye|Recover|p2a: Sableye\n|-heal|p2a: Sableye|179/231\n|\n|-heal|p2a: Sableye|193/231|[from] item: Leftovers\n|upkeep\n|turn|27\n|\n|t:|1781403193\n|move|p2a: Sableye|Will-O-Wisp|p1a: Sceptile|[miss]\n|-miss|p2a: Sableye|p1a: Sceptile\n|move|p1a: Sceptile|Substitute|p1a: Sceptile\n|-start|p1a: Sceptile|Substitute\n|-damage|p1a: Sceptile|198/264\n|\n|-heal|p1a: Sceptile|214/264|[from] item: Leftovers\n|-heal|p2a: Sableye|207/231|[from] item: Leftovers\n|upkeep\n|turn|28\n|\n|t:|1781403201\n|move|p2a: Sableye|Encore|p1a: Sceptile\n|-start|p1a: Sceptile|Encore\n|move|p1a: Sceptile|Substitute|p1a: Sceptile\n|-fail|p1a: Sceptile|move: Substitute\n|\n|-heal|p1a: Sceptile|230/264|[from] item: Leftovers\n|-heal|p2a: Sableye|221/231|[from] item: Leftovers\n|upkeep\n|turn|29\n|\n|t:|1781403208\n|switch|p1a: Terapagos|Terapagos-Terastal, L77, F|104/273 brn\n|move|p2a: Sableye|Knock Off|p1a: Terapagos\n|-damage|p1a: Terapagos|44/273 brn\n|\n|-heal|p2a: Sableye|231/231|[from] item: Leftovers\n|-damage|p1a: Terapagos|27/273 brn|[from] brn\n|upkeep\n|turn|30\n|\n|t:|1781403218\n|move|p1a: Terapagos|Earth Power|p2a: Sableye\n|-crit|p2a: Sableye\n|-damage|p2a: Sableye|72/231\n|move|p2a: Sableye|Knock Off|p1a: Terapagos\n|-damage|p1a: Terapagos|0 fnt\n|faint|p1a: Terapagos\n|\n|-heal|p2a: Sableye|86/231|[from] item: Leftovers\n|upkeep\n|\n|t:|1781403226\n|switch|p1a: Sceptile|Sceptile, L87, F|230/264\n|turn|31\n|\n|t:|1781403235\n|switch|p2a: Reuniclus|Reuniclus, L88, M|337/337\n|move|p1a: Sceptile|Leech Seed|p2a: Reuniclus\n|-start|p2a: Reuniclus|move: Leech Seed\n|\n|-heal|p1a: Sceptile|246/264|[from] item: Leftovers\n|upkeep\n|turn|32\n|\n|t:|1781403244\n|switch|p2a: Sableye|Sableye, L88, F|86/231\n|move|p1a: Sceptile|Substitute|p1a: Sceptile\n|-start|p1a: Sceptile|Substitute\n|-damage|p1a: Sceptile|180/264\n|\n|-heal|p1a: Sceptile|196/264|[from] item: Leftovers\n|-heal|p2a: Sableye|100/231|[from] item: Leftovers\n|upkeep\n|turn|33\n|\n|t:|1781403250\n|move|p2a: Sableye|Encore|p1a: Sceptile\n|-start|p1a: Sceptile|Encore\n|move|p1a: Sceptile|Substitute|p1a: Sceptile\n|-fail|p1a: Sceptile|move: Substitute\n|\n|-heal|p1a: Sceptile|212/264|[from] item: Leftovers\n|-heal|p2a: Sableye|114/231|[from] item: Leftovers\n|upkeep\n|turn|34\n|\n|t:|1781403261\n|move|p1a: Sceptile|Substitute|p1a: Sceptile\n|-fail|p1a: Sceptile|move: Substitute\n|move|p2a: Sableye|Knock Off|p1a: Sceptile\n|-end|p1a: Sceptile|Substitute\n|\n|-heal|p1a: Sceptile|228/264|[from] item: Leftovers\n|-heal|p2a: Sableye|128/231|[from] item: Leftovers\n|upkeep\n|turn|35\n|\n|t:|1781403270\n|move|p2a: Sableye|Encore||[still]\n|-fail|p2a: Sableye\n|move|p1a: Sceptile|Substitute|p1a: Sceptile\n|-start|p1a: Sceptile|Substitute\n|-damage|p1a: Sceptile|162/264\n|\n|-heal|p1a: Sceptile|178/264|[from] item: Leftovers\n|-heal|p2a: Sableye|142/231|[from] item: Leftovers\n|-end|p1a: Sceptile|Encore\n|upkeep\n|turn|36\n|\n|t:|1781403280\n|move|p2a: Sableye|Encore|p1a: Sceptile\n|-start|p1a: Sceptile|Encore\n|move|p1a: Sceptile|Substitute|p1a: Sceptile\n|-fail|p1a: Sceptile|move: Substitute\n|\n|-heal|p1a: Sceptile|194/264|[from] item: Leftovers\n|-heal|p2a: Sableye|156/231|[from] item: Leftovers\n|upkeep\n|turn|37\n|\n|t:|1781403287\n|move|p1a: Sceptile|Substitute|p1a: Sceptile\n|-fail|p1a: Sceptile|move: Substitute\n|move|p2a: Sableye|Knock Off|p1a: Sceptile\n|-end|p1a: Sceptile|Substitute\n|\n|-heal|p1a: Sceptile|210/264|[from] item: Leftovers\n|-heal|p2a: Sableye|170/231|[from] item: Leftovers\n|upkeep\n|turn|38\n|\n|t:|1781403298\n|move|p1a: Sceptile|Substitute|p1a: Sceptile\n|-start|p1a: Sceptile|Substitute\n|-damage|p1a: Sceptile|144/264\n|move|p2a: Sableye|Knock Off|p1a: Sceptile\n|-end|p1a: Sceptile|Substitute\n|\n|-heal|p1a: Sceptile|160/264|[from] item: Leftovers\n|-heal|p2a: Sableye|184/231|[from] item: Leftovers\n|-end|p1a: Sceptile|Encore\n|upkeep\n|turn|39\n|\n|t:|1781403308\n|move|p2a: Sableye|Encore|p1a: Sceptile\n|-start|p1a: Sceptile|Encore\n|move|p1a: Sceptile|Substitute|p1a: Sceptile\n|-start|p1a: Sceptile|Substitute\n|-damage|p1a: Sceptile|94/264\n|\n|-heal|p1a: Sceptile|110/264|[from] item: Leftovers\n|-heal|p2a: Sableye|198/231|[from] item: Leftovers\n|upkeep\n|turn|40\n|\n|t:|1781403315\n|move|p1a: Sceptile|Substitute|p1a: Sceptile\n|-fail|p1a: Sceptile|move: Substitute\n|move|p2a: Sableye|Knock Off|p1a: Sceptile\n|-end|p1a: Sceptile|Substitute\n|\n|-heal|p1a: Sceptile|126/264|[from] item: Leftovers\n|-heal|p2a: Sableye|212/231|[from] item: Leftovers\n|upkeep\n|turn|41\n|\n|t:|1781403322\n|move|p1a: Sceptile|Substitute|p1a: Sceptile\n|-start|p1a: Sceptile|Substitute\n|-damage|p1a: Sceptile|60/264\n|move|p2a: Sableye|Knock Off|p1a: Sceptile\n|-crit|p1a: Sceptile\n|-end|p1a: Sceptile|Substitute\n|\n|-heal|p1a: Sceptile|76/264|[from] item: Leftovers\n|-heal|p2a: Sableye|226/231|[from] item: Leftovers\n|-end|p1a: Sceptile|Encore\n|upkeep\n|turn|42\n|\n|t:|1781403333\n|move|p2a: Sableye|Encore|p1a: Sceptile\n|-start|p1a: Sceptile|Encore\n|move|p1a: Sceptile|Substitute|p1a: Sceptile\n|-start|p1a: Sceptile|Substitute\n|-damage|p1a: Sceptile|10/264\n|\n|-heal|p1a: Sceptile|26/264|[from] item: Leftovers\n|-heal|p2a: Sableye|231/231|[from] item: Leftovers\n|upkeep\n|turn|43\n|\n|t:|1781403342\n|move|p1a: Sceptile|Substitute|p1a: Sceptile\n|-fail|p1a: Sceptile|move: Substitute\n|move|p2a: Sableye|Knock Off|p1a: Sceptile\n|-end|p1a: Sceptile|Substitute\n|\n|-heal|p1a: Sceptile|42/264|[from] item: Leftovers\n|upkeep\n|turn|44\n|\n|t:|1781403348\n|move|p1a: Sceptile|Substitute|p1a: Sceptile\n|-fail|p1a: Sceptile|move: Substitute|[weak]\n|move|p2a: Sableye|Knock Off|p1a: Sceptile\n|-damage|p1a: Sceptile|0 fnt\n|-enditem|p1a: Sceptile|Leftovers|[from] move: Knock Off|[of] p2a: Sableye\n|faint|p1a: Sceptile\n|\n|win|culgui\n|raw|IAmSecretlyAChair1's rating: 1122 &rarr; <strong>1100</strong><br />(-22 for losing)\n|raw|culgui's rating: 1158 &rarr; <strong>1180</strong><br />(+22 for winning)\n|l|\u2606IAmSecretlyAChair1\n|player|p1|\n", "inputlog": ">version a8376a258c1d4662feba110a92103f3664a72141\n>start {\"formatid\":\"gen9randombattle\",\"seed\":\"sodium,96c42a0c6a66b5541ff8ab1b4f197d94\",\"rated\":\"Rated battle\"}\n>player p1 {\"name\":\"IAmSecretlyAChair1\",\"avatar\":\"gambler\",\"rating\":1122,\"seed\":\"sodium,6c8abbc101e68740b6b29c0f1a8c93fb\"}\n>player p2 {\"name\":\"culgui\",\"avatar\":\"unknown\",\"rating\":1158,\"seed\":\"sodium,c154780315c45ee1020ff6f7f1f14ab9\"}\n>p1 move encore\n>p2 move whirlpool\n>p1 move encore\n>p2 move surf\n>p1 move thunderwave\n>p2 switch 3\n>p1 move roost terastallize\n>p2 move taunt\n>p1 move bugbuzz\n>p2 move hypervoice\n>p1 switch 2\n>p2 move darkpulse\n>p1 move gunkshot\n>p2 switch 3\n>p1 move swordsdance\n>p2 move whirlpool\n>p1 move shadowsneak\n>p2 move surf\n>p1 switch 6\n>p1 move scaleshot\n>p2 move endeavor\n>p2 switch 2\n>p1 move gunkshot\n>p2 move alluringvoice terastallize\n>p1 switch 4\n>p1 move earthquake\n>p2 move calmmind\n>p1 move earthquake\n>p2 move psyshock\n>p2 switch 5\n>p1 move toxic\n>p2 move knockoff\n>p1 switch 2\n>p1 move encore\n>p2 switch 3\n>p1 move encore\n>p2 move taunt\n>p1 move bugbuzz\n>p2 move hypervoice\n>p1 move bugbuzz\n>p2 move hypervoice\n>p1 move bugbuzz\n>p2 move hypervoice\n>p1 switch 3\n>p1 move terastarstorm\n>p2 move fireblast\n>p2 switch 3\n>p1 move earthpower\n>p2 move willowisp\n>p1 move earthpower\n>p2 move encore\n>p1 move earthpower\n>p2 move knockoff\n>p1 move earthpower\n>p2 move recover\n>p1 move earthpower\n>p2 move encore\n>p1 switch 5\n>p2 move recover\n>p1 move substitute\n>p2 move willowisp\n>p1 move gigadrain\n>p2 move encore\n>p1 switch 5\n>p2 move knockoff\n>p1 move earthpower\n>p2 move knockoff\n>p1 switch 5\n>p1 move leechseed\n>p2 switch 6\n>p1 move substitute\n>p2 switch 6\n>p1 move gigadrain\n>p2 move encore\n>p1 move substitute\n>p2 move knockoff\n>p1 move substitute\n>p2 move encore\n>p1 move leechseed\n>p2 move encore\n>p1 move substitute\n>p2 move knockoff\n>p1 move substitute\n>p2 move knockoff\n>p1 move gigadrain\n>p2 move encore\n>p1 move substitute\n>p2 move knockoff\n>p1 move substitute\n>p2 move knockoff\n>p1 move gigadrain\n>p2 move encore\n>p1 move substitute\n>p2 move knockoff\n>p1 move substitute\n>p2 move knockoff", "uploadtime": 1781403371, "views": 3, "formatid": "gen9randombattle", "rating": 1100, "private": 0, "password": null}