{"id": "gen9randombattle-2631980700", "format": "[Gen 9] Random Battle", "players": ["ver1te", "alvx"], "log": "|j|\u2606ver1te\n|j|\u2606alvx\n|t:|1781462360\n|gametype|singles\n|player|p1|ver1te|169|2103\n|player|p2|alvx|alder|2137\n|gen|9\n|tier|[Gen 9] Random Battle\n|rated|\n|rule|Species Clause: Limit one of each Pok\u00e9mon\n|rule|HP Percentage Mod: HP is shown in percentages\n|rule|Sleep Clause Mod: Limit one foe put to sleep\n|rule|Illusion Level Mod: Illusion disguises the Pok\u00e9mon's true level\n|\n|t:|1781462360\n|teamsize|p1|6\n|teamsize|p2|6\n|start\n|switch|p1a: Espathra|Espathra, L80, F|283/283\n|switch|p2a: Kleavor|Kleavor, L78, M|237/237\n|turn|1\n|inactive|Battle timer is ON: inactive players will automatically lose when time's up. (requested by alvx)\n|\n|t:|1781462390\n|switch|p1a: Hitmontop|Hitmontop, L88, M|231/231\n|-ability|p1a: Hitmontop|Intimidate|boost\n|-unboost|p2a: Kleavor|atk|1\n|move|p2a: Kleavor|Swords Dance|p2a: Kleavor\n|-boost|p2a: Kleavor|atk|2\n|\n|upkeep\n|turn|2\n|inactive|alvx has 120 seconds left.\n|\n|t:|1781462423\n|switch|p2a: Gurdurr|Gurdurr, L85, M|283/283\n|move|p1a: Hitmontop|Rapid Spin|p2a: Gurdurr\n|-damage|p2a: Gurdurr|258/283\n|-boost|p1a: Hitmontop|spe|1\n|\n|upkeep\n|turn|3\n|\n|t:|1781462433\n|move|p1a: Hitmontop|Close Combat|p2a: Gurdurr\n|-damage|p2a: Gurdurr|165/283\n|-unboost|p1a: Hitmontop|def|1\n|-unboost|p1a: Hitmontop|spd|1\n|move|p2a: Gurdurr|Knock Off|p1a: Hitmontop\n|-resisted|p1a: Hitmontop\n|-damage|p1a: Hitmontop|181/231\n|-enditem|p1a: Hitmontop|Assault Vest|[from] move: Knock Off|[of] p2a: Gurdurr\n|\n|upkeep\n|turn|4\n|\n|t:|1781462443\n|move|p1a: Hitmontop|Close Combat|p2a: Gurdurr\n|-damage|p2a: Gurdurr|75/283\n|-unboost|p1a: Hitmontop|def|1\n|-unboost|p1a: Hitmontop|spd|1\n|move|p2a: Gurdurr|Drain Punch|p1a: Hitmontop\n|-damage|p1a: Hitmontop|22/231\n|-heal|p2a: Gurdurr|155/283|[from] drain|[of] p1a: Hitmontop\n|\n|upkeep\n|turn|5\n|\n|t:|1781462457\n|move|p2a: Gurdurr|Mach Punch|p1a: Hitmontop\n|-damage|p1a: Hitmontop|0 fnt\n|faint|p1a: Hitmontop\n|\n|upkeep\n|\n|t:|1781462458\n|switch|p1a: Espathra|Espathra, L80, F|283/283\n|turn|6\n|\n|t:|1781462465\n|switch|p2a: Kleavor|Kleavor, L78, M|237/237\n|move|p1a: Espathra|Dazzling Gleam|p2a: Kleavor\n|-damage|p2a: Kleavor|170/237\n|\n|-ability|p1a: Espathra|Speed Boost|boost\n|-boost|p1a: Espathra|spe|1\n|upkeep\n|turn|7\n|\n|t:|1781462478\n|move|p1a: Espathra|Calm Mind|p1a: Espathra\n|-boost|p1a: Espathra|spa|1\n|-boost|p1a: Espathra|spd|1\n|move|p2a: Kleavor|X-Scissor|p1a: Espathra\n|-supereffective|p1a: Espathra\n|-crit|p1a: Espathra\n|-damage|p1a: Espathra|0 fnt\n|faint|p1a: Espathra\n|\n|upkeep\n|\n|t:|1781462486\n|switch|p1a: Dewgong|Dewgong, L94, M|322/322\n|turn|8\n|\n|t:|1781462512\n|switch|p2a: Komala|Komala, L88, M|258/258\n|-ability|p2a: Komala|Comatose\n|move|p1a: Dewgong|Hydro Pump|p2a: Komala\n|-damage|p2a: Komala|189/258\n|\n|upkeep\n|turn|9\n|\n|t:|1781462518\n|move|p1a: Dewgong|Flip Turn|p2a: Komala\n|-damage|p2a: Komala|114/258\n|\n|t:|1781462521\n|switch|p1a: Garganacl|Garganacl, L80, F|291/291|[from] Flip Turn\n|move|p2a: Komala|Body Slam|p1a: Garganacl\n|-resisted|p1a: Garganacl\n|-damage|p1a: Garganacl|248/291\n|\n|-heal|p1a: Garganacl|266/291|[from] item: Leftovers\n|upkeep\n|turn|10\n|\n|t:|1781462531\n|move|p2a: Komala|Knock Off|p1a: Garganacl\n|-damage|p1a: Garganacl|204/291\n|-enditem|p1a: Garganacl|Leftovers|[from] move: Knock Off|[of] p2a: Komala\n|move|p1a: Garganacl|Salt Cure|p2a: Komala\n|-damage|p2a: Komala|66/258\n|-start|p2a: Komala|Salt Cure\n|\n|-damage|p2a: Komala|34/258|[from] Salt Cure\n|upkeep\n|turn|11\n|\n|t:|1781462537\n|switch|p2a: Gurdurr|Gurdurr, L85, M|155/283\n|move|p1a: Garganacl|Stealth Rock|p2a: Gurdurr\n|-sidestart|p2: alvx|move: Stealth Rock\n|\n|upkeep\n|turn|12\n|\n|t:|1781462544\n|switch|p1a: Sneasler|Sneasler, L74, F|240/240\n|move|p2a: Gurdurr|Drain Punch|p1a: Sneasler\n|-resisted|p1a: Sneasler\n|-damage|p1a: Sneasler|180/240\n|-heal|p2a: Gurdurr|185/283|[from] drain|[of] p1a: Sneasler\n|\n|upkeep\n|turn|13\n|\n|t:|1781462555\n|move|p1a: Sneasler|Dire Claw|p2a: Gurdurr\n|-damage|p2a: Gurdurr|95/283\n|-status|p2a: Gurdurr|par\n|move|p2a: Gurdurr|Drain Punch|p1a: Sneasler\n|-resisted|p1a: Sneasler\n|-damage|p1a: Sneasler|81/240\n|-heal|p2a: Gurdurr|145/283 par|[from] drain|[of] p1a: Sneasler\n|\n|upkeep\n|turn|14\n|\n|t:|1781462567\n|move|p1a: Sneasler|Dire Claw|p2a: Gurdurr\n|-damage|p2a: Gurdurr|61/283 par\n|move|p2a: Gurdurr|Drain Punch|p1a: Sneasler\n|-resisted|p1a: Sneasler\n|-damage|p1a: Sneasler|0 fnt\n|-heal|p2a: Gurdurr|102/283 par|[from] drain|[of] p1a: Sneasler\n|faint|p1a: Sneasler\n|\n|upkeep\n|\n|t:|1781462570\n|switch|p1a: Dewgong|Dewgong, L94, M|322/322\n|turn|15\n|\n|t:|1781462580\n|move|p2a: Gurdurr|Mach Punch|p1a: Dewgong\n|-supereffective|p1a: Dewgong\n|-damage|p1a: Dewgong|172/322\n|move|p1a: Dewgong|Hydro Pump|p2a: Gurdurr\n|-damage|p2a: Gurdurr|0 fnt\n|faint|p2a: Gurdurr\n|\n|upkeep\n|\n|t:|1781462591\n|switch|p2a: Rotom|Rotom-Mow, L87|229/229\n|-damage|p2a: Rotom|201/229|[from] Stealth Rock\n|turn|16\n|\n|t:|1781462599\n|move|p2a: Rotom|Thunderbolt|p1a: Dewgong\n|-supereffective|p1a: Dewgong\n|-damage|p1a: Dewgong|0 fnt\n|faint|p1a: Dewgong\n|\n|upkeep\n|\n|t:|1781462601\n|switch|p1a: Ursaring|Ursaring, L84, F|288/288\n|turn|17\n|\n|t:|1781462612\n|switch|p2a: Komala|Komala, L88, M|34/258\n|-damage|p2a: Komala|2/258|[from] Stealth Rock\n|-ability|p2a: Komala|Comatose\n|move|p1a: Ursaring|Swords Dance|p1a: Ursaring\n|-boost|p1a: Ursaring|atk|2\n|\n|-status|p1a: Ursaring|tox|[from] item: Toxic Orb\n|upkeep\n|turn|18\n|\n|t:|1781462627\n|-terastallize|p2a: Komala|Ghost\n|move|p1a: Ursaring|Facade|p2a: Komala\n|-immune|p2a: Komala\n|move|p2a: Komala|Rapid Spin|p1a: Ursaring\n|-damage|p1a: Ursaring|209/288 tox\n|-boost|p2a: Komala|spe|1\n|-sideend|p2: alvx|Stealth Rock|[from] move: Rapid Spin|[of] p2a: Komala\n|\n|-damage|p1a: Ursaring|191/288 tox|[from] psn\n|upkeep\n|turn|19\n|\n|t:|1781462641\n|move|p2a: Komala|Body Slam|p1a: Ursaring\n|-damage|p1a: Ursaring|52/288 tox\n|move|p1a: Ursaring|Crunch|p2a: Komala\n|-supereffective|p2a: Komala\n|-damage|p2a: Komala|0 fnt\n|faint|p2a: Komala\n|\n|-damage|p1a: Ursaring|16/288 tox|[from] psn\n|upkeep\n|\n|t:|1781462651\n|switch|p2a: Rotom|Rotom-Mow, L87|201/229\n|turn|20\n|\n|t:|1781462658\n|move|p2a: Rotom|Volt Switch|p1a: Ursaring\n|-damage|p1a: Ursaring|0 fnt\n|faint|p1a: Ursaring\n|\n|t:|1781462667\n|switch|p2a: Meloetta|Meloetta, L82|298/298|[from] Volt Switch\n|\n|upkeep\n|\n|t:|1781462669\n|switch|p1a: Garganacl|Garganacl, L80, F|204/291\n|turn|21\n|\n|t:|1781462679\n|move|p2a: Meloetta|Hyper Voice|p1a: Garganacl\n|-resisted|p1a: Garganacl\n|-damage|p1a: Garganacl|146/291\n|move|p1a: Garganacl|Salt Cure|p2a: Meloetta\n|-damage|p2a: Meloetta|252/298\n|-start|p2a: Meloetta|Salt Cure\n|\n|-heal|p2a: Meloetta|270/298|[from] item: Leftovers\n|-damage|p2a: Meloetta|233/298|[from] Salt Cure\n|upkeep\n|turn|22\n|\n|t:|1781462683\n|switch|p2a: Rotom|Rotom-Mow, L87|201/229\n|move|p1a: Garganacl|Recover|p1a: Garganacl\n|-heal|p1a: Garganacl|291/291\n|\n|upkeep\n|turn|23\n|\n|t:|1781462688\n|-terastallize|p1a: Garganacl|Dragon\n|move|p2a: Rotom|Leaf Storm|p1a: Garganacl|[miss]\n|-miss|p2a: Rotom|p1a: Garganacl\n|move|p1a: Garganacl|Salt Cure|p2a: Rotom\n|-damage|p2a: Rotom|167/229\n|-start|p2a: Rotom|Salt Cure\n|\n|-damage|p2a: Rotom|139/229|[from] Salt Cure\n|upkeep\n|turn|24\n|\n|t:|1781462694\n|switch|p2a: Kleavor|Kleavor, L78, M|170/237\n|move|p1a: Garganacl|Stealth Rock|p2a: Kleavor\n|-sidestart|p2: alvx|move: Stealth Rock\n|\n|upkeep\n|turn|25\n|\n|t:|1781462701\n|move|p2a: Kleavor|Swords Dance|p2a: Kleavor\n|-boost|p2a: Kleavor|atk|2\n|move|p1a: Garganacl|Salt Cure|p2a: Kleavor\n|-supereffective|p2a: Kleavor\n|-damage|p2a: Kleavor|84/237\n|-start|p2a: Kleavor|Salt Cure\n|\n|-damage|p2a: Kleavor|55/237|[from] Salt Cure\n|upkeep\n|turn|26\n|\n|t:|1781462707\n|move|p2a: Kleavor|X-Scissor|p1a: Garganacl\n|-damage|p1a: Garganacl|69/291\n|move|p1a: Garganacl|Salt Cure|p2a: Kleavor\n|-supereffective|p2a: Kleavor\n|-damage|p2a: Kleavor|0 fnt\n|faint|p2a: Kleavor\n|\n|upkeep\n|\n|t:|1781462713\n|switch|p2a: Rotom|Rotom-Mow, L87|139/229\n|-damage|p2a: Rotom|111/229|[from] Stealth Rock\n|turn|27\n|\n|t:|1781462716\n|move|p2a: Rotom|Leaf Storm|p1a: Garganacl\n|-resisted|p1a: Garganacl\n|-damage|p1a: Garganacl|0 fnt\n|-unboost|p2a: Rotom|spa|2\n|faint|p1a: Garganacl\n|\n|win|alvx\n", "uploadtime": 1781462362, "views": 6, "formatid": "gen9randombattle", "rating": null, "private": 0, "password": null}