{"id": "gen9randombattle-2631839279", "format": "[Gen 9] Random Battle", "players": ["pagenfranskane", "Reulsen"], "log": "|j|\u2606pagenfranskane\n|j|\u2606Reulsen\n|t:|1781446663\n|gametype|singles\n|player|p1|pagenfranskane|battlegirl|1962\n|player|p2|Reulsen|red|1993\n|gen|9\n|tier|[Gen 9] Random Battle\n|rated|\n|rule|Species Clause: Limit one of each Pok\u00e9mon\n|rule|HP Percentage Mod: HP is shown in percentages\n|rule|Sleep Clause Mod: Limit one foe put to sleep\n|rule|Illusion Level Mod: Illusion disguises the Pok\u00e9mon's true level\n|\n|t:|1781446663\n|teamsize|p1|6\n|teamsize|p2|6\n|start\n|switch|p1a: Bronzong|Bronzong, L88|261/261\n|switch|p2a: Volcarona|Volcarona, L77, M|257/257\n|turn|1\n|\n|t:|1781446675\n|switch|p1a: Bellibolt|Bellibolt, L84, F|320/320\n|move|p2a: Volcarona|Fiery Dance|p1a: Bellibolt\n|-damage|p1a: Bellibolt|215/320\n|-boost|p2a: Volcarona|spa|1\n|-start|p1a: Bellibolt|Charge|Fiery Dance|[from] ability: Electromorphosis\n|\n|-heal|p1a: Bellibolt|235/320|[from] item: Leftovers\n|upkeep\n|turn|2\n|\n|t:|1781446692\n|move|p2a: Volcarona|Quiver Dance|p2a: Volcarona\n|-boost|p2a: Volcarona|spa|1\n|-boost|p2a: Volcarona|spd|1\n|-boost|p2a: Volcarona|spe|1\n|move|p1a: Bellibolt|Toxic|p2a: Volcarona\n|-status|p2a: Volcarona|tox\n|\n|-heal|p1a: Bellibolt|255/320|[from] item: Leftovers\n|-damage|p2a: Volcarona|241/257 tox|[from] psn\n|upkeep\n|turn|3\n|\n|t:|1781446699\n|move|p2a: Volcarona|Quiver Dance|p2a: Volcarona\n|-boost|p2a: Volcarona|spa|1\n|-boost|p2a: Volcarona|spd|1\n|-boost|p2a: Volcarona|spe|1\n|move|p1a: Bellibolt|Thunderbolt|p2a: Volcarona\n|-damage|p2a: Volcarona|141/257 tox\n|-end|p1a: Bellibolt|Charge|[silent]\n|\n|-heal|p1a: Bellibolt|275/320|[from] item: Leftovers\n|-damage|p2a: Volcarona|109/257 tox|[from] psn\n|upkeep\n|turn|4\n|\n|t:|1781446705\n|move|p2a: Volcarona|Fiery Dance|p1a: Bellibolt\n|-damage|p1a: Bellibolt|53/320\n|-boost|p2a: Volcarona|spa|1\n|-start|p1a: Bellibolt|Charge|Fiery Dance|[from] ability: Electromorphosis\n|move|p1a: Bellibolt|Slack Off|p1a: Bellibolt\n|-heal|p1a: Bellibolt|213/320\n|\n|-heal|p1a: Bellibolt|233/320|[from] item: Leftovers\n|-damage|p2a: Volcarona|61/257 tox|[from] psn\n|upkeep\n|turn|5\n|inactive|Battle timer is ON: inactive players will automatically lose when time's up. (requested by pagenfranskane)\n|\n|t:|1781446720\n|move|p2a: Volcarona|Fiery Dance|p1a: Bellibolt\n|-damage|p1a: Bellibolt|0 fnt\n|-boost|p2a: Volcarona|spa|1\n|faint|p1a: Bellibolt\n|\n|-damage|p2a: Volcarona|0 fnt|[from] psn\n|faint|p2a: Volcarona\n|upkeep\n|\n|t:|1781446732\n|switch|p2a: Zebstrika|Zebstrika, L87, F|272/272\n|switch|p1a: Amoonguss|Amoonguss, L82, F|321/321\n|turn|6\n|\n|t:|1781446738\n|move|p2a: Zebstrika|Overheat|p1a: Amoonguss\n|-supereffective|p1a: Amoonguss\n|-damage|p1a: Amoonguss|90/321\n|-unboost|p2a: Zebstrika|spa|2\n|-damage|p2a: Zebstrika|245/272|[from] item: Life Orb\n|move|p1a: Amoonguss|Stomping Tantrum|p2a: Zebstrika\n|-supereffective|p2a: Zebstrika\n|-damage|p2a: Zebstrika|131/272\n|\n|-heal|p1a: Amoonguss|110/321|[from] item: Leftovers\n|upkeep\n|turn|7\n|\n|t:|1781446746\n|switch|p1a: Bronzong|Bronzong, L88|261/261\n|move|p2a: Zebstrika|Overheat|p1a: Bronzong|[miss]\n|-miss|p2a: Zebstrika|p1a: Bronzong\n|\n|upkeep\n|turn|8\n|\n|t:|1781446752\n|move|p2a: Zebstrika|Volt Switch|p1a: Bronzong\n|-damage|p1a: Bronzong|229/261\n|-damage|p2a: Zebstrika|104/272|[from] item: Life Orb\n|\n|t:|1781446763\n|switch|p2a: Reuniclus|Reuniclus, L88, F|337/337|[from] Volt Switch\n|move|p1a: Bronzong|Iron Defense|p1a: Bronzong\n|-boost|p1a: Bronzong|def|2\n|\n|-heal|p1a: Bronzong|245/261|[from] item: Leftovers\n|upkeep\n|turn|9\n|\n|t:|1781446775\n|move|p1a: Bronzong|Iron Defense|p1a: Bronzong\n|-boost|p1a: Bronzong|def|2\n|move|p2a: Reuniclus|Calm Mind|p2a: Reuniclus\n|-boost|p2a: Reuniclus|spa|1\n|-boost|p2a: Reuniclus|spd|1\n|\n|-heal|p1a: Bronzong|261/261|[from] item: Leftovers\n|upkeep\n|turn|10\n|\n|t:|1781446779\n|move|p1a: Bronzong|Body Press|p2a: Reuniclus\n|-resisted|p2a: Reuniclus\n|-damage|p2a: Reuniclus|213/337\n|move|p2a: Reuniclus|Focus Blast|p1a: Bronzong\n|-damage|p1a: Bronzong|78/261\n|\n|-heal|p1a: Bronzong|94/261|[from] item: Leftovers\n|upkeep\n|turn|11\n|\n|t:|1781446788\n|move|p1a: Bronzong|Body Press|p2a: Reuniclus\n|-resisted|p2a: Reuniclus\n|-damage|p2a: Reuniclus|89/337\n|move|p2a: Reuniclus|Focus Blast|p1a: Bronzong\n|-damage|p1a: Bronzong|0 fnt\n|faint|p1a: Bronzong\n|\n|upkeep\n|\n|t:|1781446792\n|switch|p1a: Swalot|Swalot, L90, F|326/326\n|turn|12\n|\n|t:|1781446799\n|move|p1a: Swalot|Knock Off|p2a: Reuniclus\n|-supereffective|p2a: Reuniclus\n|-damage|p2a: Reuniclus|0 fnt\n|-enditem|p2a: Reuniclus|Life Orb|[from] move: Knock Off|[of] p1a: Swalot\n|faint|p2a: Reuniclus\n|\n|upkeep\n|\n|t:|1781446817\n|switch|p2a: Dunsparce|Dunsparce, L86, F|312/312\n|turn|13\n|\n|t:|1781446841\n|move|p1a: Swalot|Knock Off|p2a: Dunsparce\n|-damage|p2a: Dunsparce|266/312\n|-enditem|p2a: Dunsparce|Eviolite|[from] move: Knock Off|[of] p1a: Swalot\n|move|p2a: Dunsparce|Coil|p2a: Dunsparce\n|-boost|p2a: Dunsparce|atk|1\n|-boost|p2a: Dunsparce|def|1\n|-boost|p2a: Dunsparce|accuracy|1\n|\n|upkeep\n|turn|14\n|\n|t:|1781446848\n|move|p1a: Swalot|Sludge Bomb|p2a: Dunsparce\n|-damage|p2a: Dunsparce|160/312\n|-status|p2a: Dunsparce|psn\n|move|p2a: Dunsparce|Body Slam|p1a: Swalot\n|-damage|p1a: Swalot|211/326\n|\n|-heal|p1a: Swalot|231/326|[from] item: Leftovers\n|-damage|p2a: Dunsparce|121/312 psn|[from] psn\n|upkeep\n|turn|15\n|\n|t:|1781446856\n|move|p1a: Swalot|Toxic Spikes|p2a: Dunsparce\n|-sidestart|p2: Reulsen|move: Toxic Spikes\n|move|p2a: Dunsparce|Roost|p2a: Dunsparce\n|-heal|p2a: Dunsparce|277/312 psn\n|-singleturn|p2a: Dunsparce|move: Roost\n|\n|-heal|p1a: Swalot|251/326|[from] item: Leftovers\n|-damage|p2a: Dunsparce|238/312 psn|[from] psn\n|upkeep\n|turn|16\n|\n|t:|1781446860\n|move|p1a: Swalot|Sludge Bomb|p2a: Dunsparce\n|-damage|p2a: Dunsparce|135/312 psn\n|move|p2a: Dunsparce|Body Slam|p1a: Swalot\n|-damage|p1a: Swalot|139/326\n|-status|p1a: Swalot|par\n|\n|-heal|p1a: Swalot|159/326 par|[from] item: Leftovers\n|-damage|p2a: Dunsparce|96/312 psn|[from] psn\n|upkeep\n|turn|17\n|\n|t:|1781446867\n|move|p2a: Dunsparce|Roost|p2a: Dunsparce\n|-heal|p2a: Dunsparce|252/312 psn\n|-singleturn|p2a: Dunsparce|move: Roost\n|move|p1a: Swalot|Toxic Spikes|p2a: Dunsparce\n|-sidestart|p2: Reulsen|move: Toxic Spikes\n|\n|-heal|p1a: Swalot|179/326 par|[from] item: Leftovers\n|-damage|p2a: Dunsparce|213/312 psn|[from] psn\n|upkeep\n|turn|18\n|\n|t:|1781446871\n|move|p2a: Dunsparce|Earthquake|p1a: Swalot\n|-supereffective|p1a: Swalot\n|-damage|p1a: Swalot|0 fnt\n|faint|p1a: Swalot\n|\n|-damage|p2a: Dunsparce|174/312 psn|[from] psn\n|upkeep\n|\n|t:|1781446875\n|switch|p1a: Keldeo|Keldeo-Resolute, L79|273/273\n|turn|19\n|\n|t:|1781446881\n|-terastallize|p2a: Dunsparce|Ghost\n|move|p1a: Keldeo|Substitute|p1a: Keldeo\n|-start|p1a: Keldeo|Substitute\n|-damage|p1a: Keldeo|205/273\n|move|p2a: Dunsparce|Body Slam|p1a: Keldeo\n|-end|p1a: Keldeo|Substitute\n|\n|-heal|p1a: Keldeo|222/273|[from] item: Leftovers\n|-damage|p2a: Dunsparce|135/312 psn|[from] psn\n|upkeep\n|turn|20\n|\n|t:|1781446885\n|move|p1a: Keldeo|Substitute|p1a: Keldeo\n|-start|p1a: Keldeo|Substitute\n|-damage|p1a: Keldeo|154/273\n|move|p2a: Dunsparce|Body Slam|p1a: Keldeo\n|-end|p1a: Keldeo|Substitute\n|\n|-heal|p1a: Keldeo|171/273|[from] item: Leftovers\n|-damage|p2a: Dunsparce|96/312 psn|[from] psn\n|upkeep\n|turn|21\n|\n|t:|1781446888\n|move|p1a: Keldeo|Substitute|p1a: Keldeo\n|-start|p1a: Keldeo|Substitute\n|-damage|p1a: Keldeo|103/273\n|move|p2a: Dunsparce|Body Slam|p1a: Keldeo\n|-end|p1a: Keldeo|Substitute\n|\n|-heal|p1a: Keldeo|120/273|[from] item: Leftovers\n|-damage|p2a: Dunsparce|57/312 psn|[from] psn\n|upkeep\n|turn|22\n|\n|t:|1781446891\n|move|p1a: Keldeo|Substitute|p1a: Keldeo\n|-start|p1a: Keldeo|Substitute\n|-damage|p1a: Keldeo|52/273\n|move|p2a: Dunsparce|Body Slam|p1a: Keldeo\n|-end|p1a: Keldeo|Substitute\n|\n|-heal|p1a: Keldeo|69/273|[from] item: Leftovers\n|-damage|p2a: Dunsparce|18/312 psn|[from] psn\n|upkeep\n|turn|23\n|\n|t:|1781446896\n|move|p1a: Keldeo|Substitute|p1a: Keldeo\n|-start|p1a: Keldeo|Substitute\n|-damage|p1a: Keldeo|1/273\n|move|p2a: Dunsparce|Body Slam|p1a: Keldeo\n|-end|p1a: Keldeo|Substitute\n|\n|-heal|p1a: Keldeo|18/273|[from] item: Leftovers\n|-damage|p2a: Dunsparce|0 fnt|[from] psn\n|faint|p2a: Dunsparce\n|upkeep\n|\n|t:|1781446907\n|switch|p2a: Whimsicott|Whimsicott, L84, M|238/238\n|turn|24\n|\n|t:|1781446915\n|switch|p1a: Amoonguss|Amoonguss, L82, F|217/321\n|move|p2a: Whimsicott|U-turn|p1a: Amoonguss\n|-damage|p1a: Amoonguss|170/321\n|\n|t:|1781446918\n|switch|p2a: Zebstrika|Zebstrika, L87, F|104/272|[from] U-turn\n|-status|p2a: Zebstrika|tox\n|\n|-heal|p1a: Amoonguss|190/321|[from] item: Leftovers\n|-damage|p2a: Zebstrika|87/272 tox|[from] psn\n|upkeep\n|turn|25\n|\n|t:|1781446922\n|switch|p1a: Keldeo|Keldeo-Resolute, L79|18/273\n|move|p2a: Zebstrika|Overheat|p1a: Keldeo\n|-resisted|p1a: Keldeo\n|-damage|p1a: Keldeo|0 fnt\n|-unboost|p2a: Zebstrika|spa|2\n|faint|p1a: Keldeo\n|-damage|p2a: Zebstrika|60/272 tox|[from] item: Life Orb\n|\n|-damage|p2a: Zebstrika|26/272 tox|[from] psn\n|upkeep\n|\n|t:|1781446925\n|switch|p1a: Amoonguss|Amoonguss, L82, F|297/321\n|turn|26\n|\n|t:|1781446935\n|move|p2a: Zebstrika|Overheat|p1a: Amoonguss\n|-supereffective|p1a: Amoonguss\n|-damage|p1a: Amoonguss|177/321\n|-unboost|p2a: Zebstrika|spa|2\n|-damage|p2a: Zebstrika|0 fnt|[from] item: Life Orb\n|faint|p2a: Zebstrika\n|move|p1a: Amoonguss|Stomping Tantrum|p2: Zebstrika|[notarget]\n|-fail|p1a: Amoonguss\n|\n|-heal|p1a: Amoonguss|197/321|[from] item: Leftovers\n|upkeep\n|\n|t:|1781446942\n|switch|p2a: Tauros|Tauros-Paldea-Aqua, L81, M|254/254\n|-status|p2a: Tauros|tox\n|-ability|p2a: Tauros|Intimidate|boost\n|-unboost|p1a: Amoonguss|atk|1\n|turn|27\n|\n|t:|1781446946\n|move|p2a: Tauros|Stone Edge|p1a: Amoonguss\n|-damage|p1a: Amoonguss|70/321\n|move|p1a: Amoonguss|Giga Drain|p2a: Tauros\n|-supereffective|p2a: Tauros\n|-damage|p2a: Tauros|92/254 tox\n|-heal|p1a: Amoonguss|151/321|[from] drain|[of] p2a: Tauros\n|\n|-heal|p1a: Amoonguss|171/321|[from] item: Leftovers\n|-damage|p2a: Tauros|77/254 tox|[from] psn\n|upkeep\n|turn|28\n|\n|t:|1781446952\n|move|p2a: Tauros|Stone Edge|p1a: Amoonguss\n|-damage|p1a: Amoonguss|46/321\n|move|p1a: Amoonguss|Giga Drain|p2a: Tauros\n|-supereffective|p2a: Tauros\n|-damage|p2a: Tauros|0 fnt\n|-heal|p1a: Amoonguss|85/321|[from] drain|[of] p2a: Tauros\n|faint|p2a: Tauros\n|\n|-heal|p1a: Amoonguss|105/321|[from] item: Leftovers\n|upkeep\n|-message|Reulsen forfeited.\n|\n|win|pagenfranskane\n", "inputlog": ">version a8376a258c1d4662feba110a92103f3664a72141\n>start {\"formatid\":\"gen9randombattle\",\"seed\":\"sodium,0a79375345d7199377b965ecda814163\",\"rated\":\"Rated battle\"}\n>player p1 {\"name\":\"pagenfranskane\",\"avatar\":\"battlegirl\",\"rating\":1962,\"seed\":\"sodium,f58c72418e559e9319cc177c2248f062\"}\n>player p2 {\"name\":\"Reulsen\",\"avatar\":\"red\",\"rating\":1993,\"seed\":\"sodium,186a92701423b6afa66ab3209a6d0c5c\"}\n>p1 switch 2\n>p2 move fierydance\n>p1 move toxic\n>p2 move quiverdance\n>p1 move thunderbolt\n>p2 move quiverdance\n>p1 move slackoff\n>p2 move fierydance\n>p1 move thunderbolt\n>p2 move fierydance\n>p1 switch 3\n>p2 switch 5\n>p1 move stompingtantrum\n>p2 move overheat\n>p1 switch 2\n>p2 move overheat\n>p1 move irondefense\n>p2 move voltswitch\n>p2 switch 4\n>p1 move irondefense\n>p2 move calmmind\n>p1 move bodypress\n>p2 move focusblast\n>p1 move bodypress\n>p2 move focusblast\n>p1 switch 5\n>p1 move knockoff\n>p2 move psyshock\n>p2 switch 6\n>p1 move knockoff\n>p2 move coil\n>p1 move sludgebomb\n>p2 move bodyslam\n>p1 move toxicspikes\n>p2 move roost\n>p1 move sludgebomb\n>p2 move bodyslam\n>p1 move toxicspikes\n>p2 move roost\n>p1 move sludgebomb\n>p2 move earthquake\n>p1 switch 4\n>p1 move substitute\n>p2 move bodyslam terastallize\n>p1 move substitute\n>p2 move bodyslam\n>p1 move substitute\n>p2 move bodyslam\n>p1 move substitute\n>p2 move bodyslam\n>p1 move substitute\n>p2 move bodyslam\n>p2 switch 3\n>p1 switch 2\n>p2 move uturn\n>p2 switch 4\n>p1 switch 2\n>p2 move overheat\n>p1 switch 2\n>p1 move stompingtantrum\n>p2 move overheat\n>p2 switch 2\n>p1 move gigadrain\n>p2 move stoneedge\n>p1 move gigadrain\n>p2 move stoneedge\n>forcelose p2", "uploadtime": 1781446665, "views": 4, "formatid": "gen9randombattle", "rating": null, "private": 0, "password": null}