{"id": "gen9randombattle-2631559796", "format": "[Gen 9] Random Battle", "players": ["SoCapable", "Sowla"], "log": "|j|\u2606SoCapable\n|j|\u203dSowla\n|t:|1781401336\n|gametype|singles\n|player|p1|SoCapable|silver|2246\n|player|p2|Sowla|1|2277\n|gen|9\n|tier|[Gen 9] Random Battle\n|rated|\n|rule|Species Clause: Limit one of each Pok\u00e9mon\n|rule|HP Percentage Mod: HP is shown in percentages\n|rule|Sleep Clause Mod: Limit one foe put to sleep\n|rule|Illusion Level Mod: Illusion disguises the Pok\u00e9mon's true level\n|\n|t:|1781401336\n|teamsize|p1|6\n|teamsize|p2|6\n|start\n|switch|p1a: Meowscarada|Meowscarada, L78, M|247/247\n|switch|p2a: Scovillain|Scovillain, L91, M|266/266\n|turn|1\n|inactive|Battle timer is ON: inactive players will automatically lose when time's up. (requested by Sowla)\n|\n|t:|1781401346\n|switch|p1a: Volcanion|Volcanion, L79|255/255\n|move|p2a: Scovillain|Overheat|p1a: Volcanion\n|-resisted|p1a: Volcanion\n|-damage|p1a: Volcanion|224/255\n|-unboost|p2a: Scovillain|spa|2\n|\n|upkeep\n|turn|2\n|inactive|SoCapable has 120 seconds left.\n|\n|t:|1781401390\n|switch|p2a: Keldeo|Keldeo-Resolute, L79|273/273\n|move|p1a: Volcanion|Steam Eruption|p2a: Keldeo\n|-resisted|p2a: Keldeo\n|-damage|p2a: Keldeo|202/273\n|\n|upkeep\n|turn|3\n|\n|t:|1781401400\n|switch|p1a: Azumarill|Azumarill, L82, M|298/298\n|move|p2a: Keldeo|Hydro Pump|p1a: Azumarill\n|-resisted|p1a: Azumarill\n|-damage|p1a: Azumarill|204/298\n|-damage|p2a: Keldeo|175/273|[from] item: Life Orb\n|\n|upkeep\n|turn|4\n|\n|t:|1781401408\n|switch|p2a: Orthworm|Orthworm, L88, F|266/266\n|move|p1a: Azumarill|Liquidation|p2a: Orthworm\n|-damage|p2a: Orthworm|164/266\n|\n|-heal|p2a: Orthworm|180/266|[from] item: Leftovers\n|upkeep\n|turn|5\n|\n|t:|1781401418\n|switch|p1a: Volcanion|Volcanion, L79|224/255\n|move|p2a: Orthworm|Stealth Rock|p1a: Volcanion\n|-sidestart|p1: SoCapable|move: Stealth Rock\n|\n|-heal|p2a: Orthworm|196/266|[from] item: Leftovers\n|upkeep\n|turn|6\n|\n|t:|1781401424\n|switch|p2a: Keldeo|Keldeo-Resolute, L79|175/273\n|move|p1a: Volcanion|Flamethrower|p2a: Keldeo\n|-resisted|p2a: Keldeo\n|-damage|p2a: Keldeo|116/273\n|\n|upkeep\n|turn|7\n|\n|t:|1781401429\n|switch|p1a: Muk|Muk-Alola, L82, M|306/306\n|-damage|p1a: Muk|268/306|[from] Stealth Rock\n|move|p2a: Keldeo|Secret Sword|p1a: Muk\n|-damage|p1a: Muk|111/306\n|-damage|p2a: Keldeo|89/273|[from] item: Life Orb\n|\n|upkeep\n|turn|8\n|\n|t:|1781401434\n|move|p2a: Keldeo|Secret Sword|p1a: Muk\n|-damage|p1a: Muk|0 fnt\n|faint|p1a: Muk\n|-damage|p2a: Keldeo|62/273|[from] item: Life Orb\n|\n|upkeep\n|\n|t:|1781401441\n|switch|p1a: Meowscarada|Meowscarada, L78, M|247/247\n|turn|9\n|\n|t:|1781401450\n|move|p1a: Meowscarada|Knock Off|p2a: Keldeo\n|-start|p1a: Meowscarada|typechange|Dark|[from] ability: Protean\n|-resisted|p2a: Keldeo\n|-damage|p2a: Keldeo|11/273\n|-ability|p2a: Keldeo|Justified|boost\n|-boost|p2a: Keldeo|atk|1\n|-enditem|p2a: Keldeo|Life Orb|[from] move: Knock Off|[of] p1a: Meowscarada\n|move|p2a: Keldeo|Secret Sword|p1a: Meowscarada\n|-supereffective|p1a: Meowscarada\n|-damage|p1a: Meowscarada|0 fnt\n|faint|p1a: Meowscarada\n|\n|upkeep\n|-message|SoCapable forfeited.\n|\n|win|Sowla\n", "inputlog": ">version a8376a258c1d4662feba110a92103f3664a72141\n>start {\"formatid\":\"gen9randombattle\",\"seed\":\"sodium,c5e6f789de980cd97e6bac470cab0edb\",\"rated\":\"Rated battle\"}\n>player p1 {\"name\":\"SoCapable\",\"avatar\":\"silver\",\"rating\":2246,\"seed\":\"sodium,e01872391f18697795a3fb7714b4567d\"}\n>player p2 {\"name\":\"Sowla\",\"avatar\":\"1\",\"rating\":2277,\"seed\":\"sodium,629512898a7911de5c312fdf7dfd3492\"}\n>p1 switch 2\n>p2 move overheat\n>p1 move steameruption\n>p2 switch 2\n>p1 switch 5\n>p2 move hydropump\n>p1 move liquidation\n>p2 switch 6\n>p1 switch 5\n>p2 move stealthrock\n>p1 move flamethrower\n>p2 switch 6\n>p1 switch 6\n>p2 move secretsword\n>p1 move knockoff\n>p2 move secretsword\n>p1 switch 2\n>p1 move knockoff\n>p2 move secretsword\n>forcelose p1", "uploadtime": 1781401337, "views": 5, "formatid": "gen9randombattle", "rating": null, "private": 0, "password": null}