{"id": "gen9randombattle-2631781460", "format": "[Gen 9] Random Battle", "players": ["Super Fantasma", "Vetliem"], "log": "|j|\u2606Super Fantasma\n|j|\u2606Vetliem\n|t:|1781438725\n|gametype|singles\n|player|p1|Super Fantasma|lucas|1208\n|player|p2|Vetliem|unknown|1238\n|gen|9\n|tier|[Gen 9] Random Battle\n|rated|\n|rule|Species Clause: Limit one of each Pok\u00e9mon\n|rule|HP Percentage Mod: HP is shown in percentages\n|rule|Sleep Clause Mod: Limit one foe put to sleep\n|rule|Illusion Level Mod: Illusion disguises the Pok\u00e9mon's true level\n|\n|t:|1781438725\n|teamsize|p1|6\n|teamsize|p2|6\n|start\n|switch|p1a: Armarouge|Armarouge, L80, F|267/267\n|switch|p2a: Heracross|Heracross, L80, F|259/259\n|turn|1\n|\n|t:|1781438772\n|switch|p2a: Mudsdale|Mudsdale, L83, M|302/302\n|move|p1a: Armarouge|Armor Cannon|p2a: Mudsdale\n|-damage|p2a: Mudsdale|149/302\n|-unboost|p1a: Armarouge|def|1\n|-unboost|p1a: Armarouge|spd|1\n|-ability|p2a: Mudsdale|Stamina|boost\n|-boost|p2a: Mudsdale|def|1\n|\n|-heal|p2a: Mudsdale|167/302|[from] item: Leftovers\n|upkeep\n|turn|2\n|inactive|Battle timer is ON: inactive players will automatically lose when time's up. (requested by Vetliem)\n|\n|t:|1781438794\n|move|p1a: Armarouge|Energy Ball|p2a: Mudsdale\n|-supereffective|p2a: Mudsdale\n|-damage|p2a: Mudsdale|23/302\n|-ability|p2a: Mudsdale|Stamina|boost\n|-boost|p2a: Mudsdale|def|1\n|move|p2a: Mudsdale|Stealth Rock|p1a: Armarouge\n|-sidestart|p1: Super Fantasma|move: Stealth Rock\n|\n|-heal|p2a: Mudsdale|41/302|[from] item: Leftovers\n|upkeep\n|turn|3\n|\n|t:|1781438805\n|move|p1a: Armarouge|Energy Ball|p2a: Mudsdale\n|-supereffective|p2a: Mudsdale\n|-damage|p2a: Mudsdale|0 fnt\n|faint|p2a: Mudsdale\n|\n|upkeep\n|\n|t:|1781438823\n|switch|p2a: Cyclizar|Cyclizar, L83, F|252/252\n|turn|4\n|\n|t:|1781438840\n|switch|p1a: Dachsbun|Dachsbun, L92, F|254/254\n|-damage|p1a: Dachsbun|223/254|[from] Stealth Rock\n|move|p2a: Cyclizar|Knock Off|p1a: Dachsbun\n|-resisted|p1a: Dachsbun\n|-damage|p1a: Dachsbun|198/254\n|-enditem|p1a: Dachsbun|Leftovers|[from] move: Knock Off|[of] p2a: Cyclizar\n|\n|upkeep\n|turn|5\n|\n|t:|1781438861\n|switch|p2a: Corviknight|Corviknight, L80, M|288/288\n|-ability|p2a: Corviknight|Pressure\n|move|p1a: Dachsbun|Play Rough|p2a: Corviknight|[miss]\n|-miss|p1a: Dachsbun|p2a: Corviknight\n|\n|upkeep\n|turn|6\n|\n|t:|1781438875\n|switch|p1a: Swanna|Swanna, L89, M|278/278\n|move|p2a: Corviknight|Brave Bird|p1a: Swanna\n|-damage|p1a: Swanna|158/278\n|-damage|p2a: Corviknight|248/288|[from] Recoil\n|\n|upkeep\n|turn|7\n|\n|t:|1781438888\n|move|p1a: Swanna|Hydro Pump|p2a: Corviknight\n|-crit|p2a: Corviknight\n|-damage|p2a: Corviknight|40/288\n|move|p2a: Corviknight|Brave Bird|p1a: Swanna\n|-damage|p1a: Swanna|22/278\n|-damage|p2a: Corviknight|0 fnt|[from] Recoil\n|faint|p2a: Corviknight\n|\n|upkeep\n|inactive|Vetliem has 120 seconds left.\n|\n|t:|1781438905\n|switch|p2a: Cyclizar|Cyclizar, L83, F|252/252\n|turn|8\n|\n|t:|1781438916\n|-terastallize|p1a: Swanna|Ground\n|move|p2a: Cyclizar|Rapid Spin|p1a: Swanna\n|-damage|p1a: Swanna|0 fnt\n|-boost|p2a: Cyclizar|spe|1\n|faint|p1a: Swanna\n|\n|upkeep\n|\n|t:|1781438927\n|switch|p1a: Dachsbun|Dachsbun, L92, F|198/254\n|-damage|p1a: Dachsbun|167/254|[from] Stealth Rock\n|turn|9\n|\n|t:|1781438936\n|move|p2a: Cyclizar|Shed Tail|p2a: Cyclizar\n|-start|p2a: Cyclizar|Substitute|[from] move: Shed Tail\n|-damage|p2a: Cyclizar|126/252\n|\n|t:|1781438949\n|switch|p2a: Heracross|Heracross, L80, F|259/259|[from] Shed Tail\n|move|p1a: Dachsbun|Play Rough|p2a: Heracross\n|-supereffective|p2a: Heracross\n|-end|p2a: Heracross|Substitute\n|\n|-status|p2a: Heracross|brn|[from] item: Flame Orb\n|upkeep\n|turn|10\n|\n|t:|1781438967\n|-terastallize|p2a: Heracross|Normal\n|move|p1a: Dachsbun|Play Rough|p2a: Heracross\n|-damage|p2a: Heracross|148/259 brn\n|move|p2a: Heracross|Facade|p1a: Dachsbun\n|-damage|p1a: Dachsbun|0 fnt\n|faint|p1a: Dachsbun\n|\n|-damage|p2a: Heracross|132/259 brn|[from] brn\n|upkeep\n|\n|t:|1781438979\n|switch|p1a: Torkoal|Torkoal, L88, F|266/266\n|-weather|SunnyDay|[from] ability: Drought|[of] p1a: Torkoal\n|turn|11\n|\n|t:|1781438993\n|move|p2a: Heracross|Facade|p1a: Torkoal\n|-damage|p1a: Torkoal|86/266\n|move|p1a: Torkoal|Lava Plume|p2a: Heracross\n|-damage|p2a: Heracross|0 fnt\n|faint|p2a: Heracross\n|\n|-weather|SunnyDay|[upkeep]\n|upkeep\n|\n|t:|1781439007\n|switch|p2a: Cyclizar|Cyclizar, L83, F|210/252\n|turn|12\n|\n|t:|1781439020\n|move|p2a: Cyclizar|Draco Meteor|p1a: Torkoal\n|-damage|p1a: Torkoal|0 fnt\n|-unboost|p2a: Cyclizar|spa|2\n|faint|p1a: Torkoal\n|\n|-weather|SunnyDay|[upkeep]\n|upkeep\n|\n|t:|1781439038\n|switch|p1a: Dugtrio|Dugtrio, L84, M|196/196\n|-damage|p1a: Dugtrio|184/196|[from] Stealth Rock\n|turn|13\n|\n|t:|1781439053\n|move|p1a: Dugtrio|Swords Dance|p1a: Dugtrio\n|-boost|p1a: Dugtrio|atk|2\n|move|p2a: Cyclizar|Shed Tail|p2a: Cyclizar\n|-start|p2a: Cyclizar|Substitute|[from] move: Shed Tail\n|-damage|p2a: Cyclizar|84/252\n|\n|t:|1781439059\n|switch|p2a: Koraidon|Koraidon, L64|235/235|[from] Shed Tail\n|-activate|p2a: Koraidon|ability: Orichalcum Pulse\n|\n|-weather|SunnyDay|[upkeep]\n|upkeep\n|turn|14\n|\n|t:|1781439071\n|move|p1a: Dugtrio|Sucker Punch|p2a: Koraidon\n|-resisted|p2a: Koraidon\n|-end|p2a: Koraidon|Substitute\n|-damage|p1a: Dugtrio|165/196|[from] item: Life Orb\n|move|p2a: Koraidon|Flare Blitz|p1a: Dugtrio\n|-damage|p1a: Dugtrio|0 fnt\n|faint|p1a: Dugtrio\n|-damage|p2a: Koraidon|181/235|[from] Recoil\n|\n|-weather|SunnyDay|[upkeep]\n|upkeep\n|\n|t:|1781439087\n|switch|p1a: Armarouge|Armarouge, L80, F|267/267\n|-damage|p1a: Armarouge|201/267|[from] Stealth Rock\n|turn|15\n|\n|t:|1781439103\n|move|p2a: Koraidon|Scale Shot|p1a: Armarouge\n|-damage|p1a: Armarouge|174/267\n|-ability|p1a: Armarouge|Weak Armor|boost\n|-unboost|p1a: Armarouge|def|1\n|-boost|p1a: Armarouge|spe|2\n|-damage|p1a: Armarouge|135/267\n|-ability|p1a: Armarouge|Weak Armor|boost\n|-unboost|p1a: Armarouge|def|1\n|-boost|p1a: Armarouge|spe|2\n|-damage|p1a: Armarouge|83/267\n|-ability|p1a: Armarouge|Weak Armor|boost\n|-unboost|p1a: Armarouge|def|1\n|-boost|p1a: Armarouge|spe|2\n|-damage|p1a: Armarouge|16/267\n|-ability|p1a: Armarouge|Weak Armor|boost\n|-unboost|p1a: Armarouge|def|1\n|-damage|p1a: Armarouge|0 fnt\n|faint|p1a: Armarouge\n|-hitcount|p1: Armarouge|5\n|-unboost|p2a: Koraidon|def|1\n|-boost|p2a: Koraidon|spe|1\n|\n|-weather|none\n|upkeep\n|inactive|Super Fantasma has 120 seconds left.\n|\n|t:|1781439124\n|switch|p1a: Scrafty|Scrafty, L83, F|244/244\n|-damage|p1a: Scrafty|229/244|[from] Stealth Rock\n|-ability|p1a: Scrafty|Intimidate|boost\n|-unboost|p2a: Koraidon|atk|1\n|turn|16\n|c|\u2606Vetliem|Thank weak armor\n|\n|t:|1781439141\n|move|p2a: Koraidon|Swords Dance|p2a: Koraidon\n|-boost|p2a: Koraidon|atk|2\n|move|p1a: Scrafty|Dragon Dance|p1a: Scrafty\n|-boost|p1a: Scrafty|atk|1\n|-boost|p1a: Scrafty|spe|1\n|\n|-heal|p1a: Scrafty|244/244|[from] item: Leftovers\n|upkeep\n|turn|17\n|\n|t:|1781439155\n|move|p2a: Koraidon|Collision Course|p1a: Scrafty\n|-supereffective|p1a: Scrafty\n|-crit|p1a: Scrafty\n|-damage|p1a: Scrafty|0 fnt\n|faint|p1a: Scrafty\n|\n|win|Vetliem\n|raw|Super Fantasma's rating: 1208 &rarr; <strong>1185</strong><br />(-23 for losing)\n|raw|Vetliem's rating: 1238 &rarr; <strong>1261</strong><br />(+23 for winning)\n|l|\u2606Super Fantasma\n|player|p1|\n", "inputlog": ">version a8376a258c1d4662feba110a92103f3664a72141\n>start {\"formatid\":\"gen9randombattle\",\"seed\":\"sodium,d35397f25b9d0b74597b8574acd31c5e\",\"rated\":\"Rated battle\"}\n>player p1 {\"name\":\"Super Fantasma\",\"avatar\":\"lucas\",\"rating\":1208,\"seed\":\"sodium,d67d2d307ab181903b84b7f29b80d8ea\"}\n>player p2 {\"name\":\"Vetliem\",\"avatar\":\"unknown\",\"rating\":1238,\"seed\":\"sodium,99a7c16ca81c12e8c32ba5d848f4d922\"}\n>p1 move armorcannon\n>p2 switch 2\n>p1 move energyball\n>p2 move stealthrock\n>p1 move energyball\n>p2 move earthquake\n>p2 switch 3\n>p1 switch 5\n>p2 move knockoff\n>p1 move playrough\n>p2 switch 5\n>p1 switch 2\n>p2 move bravebird\n>p1 move hydropump\n>p2 move bravebird\n>p2 switch 5\n>p1 move roost terastallize\n>p2 move rapidspin\n>p1 switch 2\n>p1 move playrough\n>p2 move shedtail\n>p2 switch 2\n>p1 move playrough\n>p2 move facade terastallize\n>p1 switch 6\n>p1 move lavaplume\n>p2 move facade\n>p2 switch 2\n>p1 move solarbeam\n>p2 move dracometeor\n>p1 switch 4\n>p1 move swordsdance\n>p2 move shedtail\n>p2 switch 4\n>p1 move suckerpunch\n>p2 move flareblitz\n>p1 switch 5\n>p1 move psyshock\n>p2 move scaleshot\n>p1 switch 3\n>chat \u2606Vetliem|Thank weak armor\n>p1 move dragondance\n>p2 move swordsdance\n>p1 move poisonjab\n>p2 move collisioncourse", "uploadtime": 1781439166, "views": 8, "formatid": "gen9randombattle", "rating": 1185, "private": 0, "password": null}