{"id": "gen9randombattle-2631399794", "format": "[Gen 9] Random Battle", "players": ["senor pinapple", "Roque_R"], "log": "|j|\u2606senor pinapple\n|j|\u2606Roque_R\n|t:|1781380067\n|gametype|singles\n|player|p1|senor pinapple|169|1028\n|player|p2|Roque_R|juan|1012\n|gen|9\n|tier|[Gen 9] Random Battle\n|rated|\n|rule|Species Clause: Limit one of each Pok\u00e9mon\n|rule|HP Percentage Mod: HP is shown in percentages\n|rule|Sleep Clause Mod: Limit one foe put to sleep\n|rule|Illusion Level Mod: Illusion disguises the Pok\u00e9mon's true level\n|\n|t:|1781380067\n|teamsize|p1|6\n|teamsize|p2|6\n|start\n|switch|p1a: Whimsicott|Whimsicott, L84, F|238/238\n|switch|p2a: Sunflora|Sunflora, F|312/312\n|turn|1\n|\n|t:|1781380084\n|switch|p1a: Tropius|Tropius, L91, M|328/328\n|move|p2a: Sunflora|Sludge Bomb|p1a: Tropius\n|-supereffective|p1a: Tropius\n|-damage|p1a: Tropius|36/328\n|-enditem|p1a: Tropius|Sitrus Berry|[eat]\n|-heal|p1a: Tropius|118/328|[from] item: Sitrus Berry\n|\n|upkeep\n|turn|2\n|\n|t:|1781380093\n|move|p1a: Tropius|Dual Wingbeat|p2a: Sunflora\n|-supereffective|p2a: Sunflora\n|-damage|p2a: Sunflora|222/312\n|-supereffective|p2a: Sunflora\n|-damage|p2a: Sunflora|120/312\n|-hitcount|p2a: Sunflora|2\n|move|p2a: Sunflora|Sludge Bomb|p1a: Tropius\n|-supereffective|p1a: Tropius\n|-damage|p1a: Tropius|0 fnt\n|faint|p1a: Tropius\n|\n|upkeep\n|\n|t:|1781380107\n|switch|p1a: Whimsicott|Whimsicott, L84, F|238/238\n|turn|3\n|\n|t:|1781380128\n|move|p1a: Whimsicott|Moonblast|p2a: Sunflora\n|-damage|p2a: Sunflora|51/312\n|move|p2a: Sunflora|Sludge Bomb|p1a: Whimsicott\n|-supereffective|p1a: Whimsicott\n|-damage|p1a: Whimsicott|0 fnt\n|faint|p1a: Whimsicott\n|\n|upkeep\n|\n|t:|1781380138\n|switch|p1a: Cyclizar|Cyclizar, L83, M|252/252\n|turn|4\n|\n|t:|1781380166\n|move|p1a: Cyclizar|Draco Meteor|p2a: Sunflora\n|-damage|p2a: Sunflora|0 fnt\n|-unboost|p1a: Cyclizar|spa|2\n|faint|p2a: Sunflora\n|\n|upkeep\n|\n|t:|1781380176\n|switch|p2a: Kyurem|Kyurem-White, L73|303/303\n|-ability|p2a: Kyurem|Turboblaze\n|turn|5\n|inactive|Battle timer is ON: inactive players will automatically lose when time's up. (requested by senor pinapple)\n|\n|t:|1781380185\n|move|p1a: Cyclizar|Draco Meteor|p2a: Kyurem\n|-supereffective|p2a: Kyurem\n|-crit|p2a: Kyurem\n|-damage|p2a: Kyurem|0 fnt\n|-unboost|p1a: Cyclizar|spa|2\n|faint|p2a: Kyurem\n|\n|upkeep\n|\n|t:|1781380193\n|switch|p2a: Kingambit|Kingambit, L74, F|270/270\n|-activate|p2a: Kingambit|ability: Supreme Overlord\n|-start|p2a: Kingambit|fallen2|[silent]\n|turn|6\n|inactive|senor pinapple has 120 seconds left.\n|c|\u2606Roque_R|Bro media hora\n|inactive|senor pinapple has 90 seconds left.\n|\n|t:|1781380257\n|move|p1a: Cyclizar|Shed Tail|p1a: Cyclizar\n|-start|p1a: Cyclizar|Substitute|[from] move: Shed Tail\n|-damage|p1a: Cyclizar|126/252\n|\n|t:|1781380260\n|switch|p1a: Gastrodon|Gastrodon, L86, M|331/331|[from] Shed Tail\n|move|p2a: Kingambit|Kowtow Cleave|p1a: Gastrodon\n|-end|p1a: Gastrodon|Substitute\n|\n|upkeep\n|turn|7\n|\n|t:|1781380280\n|-end|p2a: Kingambit|fallen2|[silent]\n|switch|p2a: Eelektross|Eelektross, L87, F|290/290\n|move|p1a: Gastrodon|Stealth Rock|p2a: Eelektross\n|-sidestart|p2: Roque_R|move: Stealth Rock\n|\n|upkeep\n|turn|8\n|\n|t:|1781380300\n|move|p2a: Eelektross|U-turn|p1a: Gastrodon\n|-damage|p1a: Gastrodon|263/331\n|\n|t:|1781380304\n|switch|p2a: Kricketune|Kricketune, L99, M|312/312|[from] U-turn\n|move|p1a: Gastrodon|Sludge Bomb|p2a: Kricketune\n|-damage|p2a: Kricketune|227/312\n|\n|-heal|p1a: Gastrodon|283/331|[from] item: Leftovers\n|upkeep\n|turn|9\n|inactive|senor pinapple has 90 seconds left.\n|\n|t:|1781380342\n|switch|p1a: Excadrill|Excadrill, L79, F|303/303\n|-ability|p1a: Excadrill|Mold Breaker\n|move|p2a: Kricketune|Taunt|p1a: Excadrill\n|-start|p1a: Excadrill|move: Taunt\n|\n|upkeep\n|turn|10\n|inactive|Roque_R has 120 seconds left.\n|\n|t:|1781380359\n|move|p2a: Kricketune|Sticky Web|p1a: Excadrill\n|-sidestart|p1: senor pinapple|move: Sticky Web\n|move|p1a: Excadrill|Rock Slide|p2a: Kricketune\n|-supereffective|p2a: Kricketune\n|-damage|p2a: Kricketune|63/312\n|\n|upkeep\n|turn|11\n|\n|t:|1781380373\n|move|p2a: Kricketune|Sticky Web||[still]\n|-fail|p2a: Kricketune\n|move|p1a: Excadrill|Rapid Spin|p2a: Kricketune\n|-damage|p2a: Kricketune|13/312\n|-boost|p1a: Excadrill|spe|1\n|-sideend|p1: senor pinapple|Sticky Web|[from] move: Rapid Spin|[of] p1a: Excadrill\n|\n|-end|p1a: Excadrill|move: Taunt\n|upkeep\n|turn|12\n|\n|t:|1781380383\n|move|p1a: Excadrill|Rock Slide|p2a: Kricketune\n|-supereffective|p2a: Kricketune\n|-damage|p2a: Kricketune|0 fnt\n|faint|p2a: Kricketune\n|\n|upkeep\n|\n|t:|1781380396\n|switch|p2a: Eelektross|Eelektross, L87, F|290/290\n|-damage|p2a: Eelektross|254/290|[from] Stealth Rock\n|turn|13\n|\n|t:|1781380403\n|move|p1a: Excadrill|Earthquake|p2a: Eelektross\n|-supereffective|p2a: Eelektross\n|-damage|p2a: Eelektross|0 fnt\n|faint|p2a: Eelektross\n|\n|upkeep\n|\n|t:|1781380410\n|switch|p2a: Kingambit|Kingambit, L74, F|270/270\n|-damage|p2a: Kingambit|254/270|[from] Stealth Rock\n|-activate|p2a: Kingambit|ability: Supreme Overlord\n|-start|p2a: Kingambit|fallen4|[silent]\n|turn|14\n|\n|t:|1781380423\n|move|p1a: Excadrill|Earthquake|p2a: Kingambit\n|-supereffective|p2a: Kingambit\n|-damage|p2a: Kingambit|38/270\n|move|p2a: Kingambit|Kowtow Cleave|p1a: Excadrill\n|-damage|p1a: Excadrill|120/303\n|\n|-heal|p2a: Kingambit|54/270|[from] item: Leftovers\n|upkeep\n|turn|15\n|\n|t:|1781380442\n|move|p1a: Excadrill|Earthquake|p2a: Kingambit\n|-supereffective|p2a: Kingambit\n|-damage|p2a: Kingambit|0 fnt\n|faint|p2a: Kingambit\n|-end|p2a: Kingambit|fallen4|[silent]\n|\n|upkeep\n|\n|t:|1781380448\n|switch|p2a: Regirock|Regirock, L83|268/268\n|-damage|p2a: Regirock|235/268|[from] Stealth Rock\n|turn|16\n|\n|t:|1781380466\n|-terastallize|p2a: Regirock|Fighting\n|move|p1a: Excadrill|Earthquake|p2a: Regirock\n|-damage|p2a: Regirock|172/268\n|move|p2a: Regirock|Body Press|p1a: Excadrill\n|-supereffective|p1a: Excadrill\n|-damage|p1a: Excadrill|0 fnt\n|faint|p1a: Excadrill\n|\n|-heal|p2a: Regirock|188/268|[from] item: Leftovers\n|upkeep\n|\n|t:|1781380481\n|switch|p1a: Cyclizar|Cyclizar, L83, M|210/252\n|turn|17\n|\n|t:|1781380486\n|move|p1a: Cyclizar|Draco Meteor|p2a: Regirock\n|-damage|p2a: Regirock|77/268\n|-unboost|p1a: Cyclizar|spa|2\n|move|p2a: Regirock|Body Press|p1a: Cyclizar\n|-supereffective|p1a: Cyclizar\n|-damage|p1a: Cyclizar|0 fnt\n|faint|p1a: Cyclizar\n|\n|-heal|p2a: Regirock|93/268|[from] item: Leftovers\n|upkeep\n|\n|t:|1781380499\n|switch|p1a: Gastrodon|Gastrodon, L86, M|283/331\n|turn|18\n|\n|t:|1781380507\n|move|p2a: Regirock|Body Press|p1a: Gastrodon\n|-damage|p1a: Gastrodon|99/331\n|move|p1a: Gastrodon|Earthquake|p2a: Regirock\n|-crit|p2a: Regirock\n|-damage|p2a: Regirock|20/268\n|\n|-heal|p2a: Regirock|36/268|[from] item: Leftovers\n|-heal|p1a: Gastrodon|119/331|[from] item: Leftovers\n|upkeep\n|turn|19\n|\n|t:|1781380518\n|move|p2a: Regirock|Body Press|p1a: Gastrodon\n|-damage|p1a: Gastrodon|0 fnt\n|faint|p1a: Gastrodon\n|\n|-heal|p2a: Regirock|52/268|[from] item: Leftovers\n|upkeep\n|\n|t:|1781380523\n|switch|p1a: Umbreon|Umbreon, L84, F|297/297\n|turn|20\n|\n|t:|1781380541\n|move|p1a: Umbreon|Protect|p1a: Umbreon\n|-singleturn|p1a: Umbreon|Protect\n|move|p2a: Regirock|Body Press|p1a: Umbreon\n|-activate|p1a: Umbreon|move: Protect\n|\n|-heal|p2a: Regirock|68/268|[from] item: Leftovers\n|upkeep\n|turn|21\n|\n|t:|1781380552\n|move|p1a: Umbreon|Toxic|p2a: Regirock\n|-status|p2a: Regirock|tox\n|move|p2a: Regirock|Body Press|p1a: Umbreon\n|-supereffective|p1a: Umbreon\n|-damage|p1a: Umbreon|45/297\n|\n|-heal|p1a: Umbreon|63/297|[from] item: Leftovers\n|-heal|p2a: Regirock|84/268 tox|[from] item: Leftovers\n|-damage|p2a: Regirock|68/268 tox|[from] psn\n|upkeep\n|turn|22\n|\n|t:|1781380563\n|move|p1a: Umbreon|Protect|p1a: Umbreon\n|-singleturn|p1a: Umbreon|Protect\n|move|p2a: Regirock|Body Press|p1a: Umbreon\n|-activate|p1a: Umbreon|move: Protect\n|\n|-heal|p1a: Umbreon|81/297|[from] item: Leftovers\n|-heal|p2a: Regirock|84/268 tox|[from] item: Leftovers\n|-damage|p2a: Regirock|52/268 tox|[from] psn\n|upkeep\n|turn|23\n|\n|t:|1781380573\n|move|p1a: Umbreon|Protect||[still]\n|-fail|p1a: Umbreon\n|move|p2a: Regirock|Body Press|p1a: Umbreon\n|-supereffective|p1a: Umbreon\n|-damage|p1a: Umbreon|0 fnt\n|faint|p1a: Umbreon\n|\n|win|Roque_R\n|raw|senor pinapple's rating: 1028 &rarr; <strong>1013</strong><br />(-15 for losing)\n|raw|Roque_R's rating: 1012 &rarr; <strong>1052</strong><br />(+40 for winning)\n|l|\u2606senor pinapple\n|player|p1|\n", "inputlog": ">version a8376a258c1d4662feba110a92103f3664a72141\n>start {\"formatid\":\"gen9randombattle\",\"seed\":\"sodium,90ebfe642516c02d7bc8b26431a08b76\",\"rated\":\"Rated battle\"}\n>player p1 {\"name\":\"senor pinapple\",\"avatar\":\"169\",\"rating\":1028,\"seed\":\"sodium,cbcc0aaf07ae2af7d2a8a240f9a3d2c5\"}\n>player p2 {\"name\":\"Roque_R\",\"avatar\":\"juan\",\"rating\":1012,\"seed\":\"sodium,370ae59b4881076d710c8a6a7df5257f\"}\n>p1 switch 3\n>p2 move sludgebomb\n>p1 move dualwingbeat\n>p2 move sludgebomb\n>p1 switch 3\n>p1 move moonblast\n>p2 move sludgebomb\n>p1 switch 2\n>p1 move dracometeor\n>p2 move sludgebomb\n>p2 switch 2\n>p1 move dracometeor\n>p2 move dracometeor\n>p2 switch 3\n>chat \u2606Roque_R|Bro media hora\n>p1 move shedtail\n>p2 move kowtowcleave\n>p1 switch 5\n>p1 move stealthrock\n>p2 switch 4\n>p1 move sludgebomb\n>p2 move uturn\n>p2 switch 6\n>p1 switch 4\n>p2 move taunt\n>p1 move rockslide\n>p2 move stickyweb\n>p1 move rapidspin\n>p2 move stickyweb\n>p1 move rockslide\n>p2 move stickyweb\n>p2 switch 6\n>p1 move earthquake\n>p2 move closecombat\n>p2 switch 4\n>p1 move earthquake\n>p2 move kowtowcleave\n>p1 move earthquake\n>p2 move kowtowcleave\n>p2 switch 5\n>p1 move earthquake\n>p2 move bodypress terastallize\n>p1 switch 5\n>p1 move dracometeor\n>p2 move bodypress\n>p1 switch 4\n>p1 move earthquake\n>p2 move bodypress\n>p1 move recover\n>p2 move bodypress\n>p1 switch 6\n>p1 move protect\n>p2 move bodypress\n>p1 move toxic\n>p2 move bodypress\n>p1 move protect\n>p2 move bodypress\n>p1 move protect\n>p2 move bodypress", "uploadtime": 1781380591, "views": 10, "formatid": "gen9randombattle", "rating": 1013, "private": 0, "password": null}