{"id": "gen9randombattle-2631427676", "format": "[Gen 9] Random Battle", "players": ["itsclover", "xSmurferino"], "log": "|j|\u2606itsclover\n|j|\u2606xSmurferino\n|t:|1781383373\n|gametype|singles\n|player|p1|itsclover|swimmerf|1934\n|player|p2|xSmurferino|169|1907\n|gen|9\n|tier|[Gen 9] Random Battle\n|rated|\n|rule|Species Clause: Limit one of each Pok\u00e9mon\n|rule|HP Percentage Mod: HP is shown in percentages\n|rule|Sleep Clause Mod: Limit one foe put to sleep\n|rule|Illusion Level Mod: Illusion disguises the Pok\u00e9mon's true level\n|\n|t:|1781383373\n|teamsize|p1|6\n|teamsize|p2|6\n|start\n|switch|p1a: Froslass|Froslass, L87, F|263/263\n|switch|p2a: Tinkaton|Tinkaton, L82, F|274/274\n|-ability|p2a: Tinkaton|Mold Breaker\n|turn|1\n|inactive|Battle timer is ON: inactive players will automatically lose when time's up. (requested by itsclover)\n|\n|t:|1781383393\n|switch|p1a: Vaporeon|Vaporeon, L86, M|364/364\n|move|p2a: Tinkaton|Swords Dance|p2a: Tinkaton\n|-boost|p2a: Tinkaton|atk|2\n|\n|upkeep\n|turn|2\n|\n|t:|1781383399\n|move|p2a: Tinkaton|Knock Off|p1a: Vaporeon\n|-damage|p1a: Vaporeon|229/364\n|-enditem|p1a: Vaporeon|Leftovers|[from] move: Knock Off|[of] p2a: Tinkaton\n|move|p1a: Vaporeon|Scald|p2a: Tinkaton\n|-damage|p2a: Tinkaton|192/274\n|-status|p2a: Tinkaton|brn\n|\n|-heal|p2a: Tinkaton|209/274 brn|[from] item: Leftovers\n|-damage|p2a: Tinkaton|192/274 brn|[from] brn\n|upkeep\n|turn|3\n|\n|t:|1781383407\n|move|p2a: Tinkaton|Play Rough|p1a: Vaporeon\n|-crit|p1a: Vaporeon\n|-damage|p1a: Vaporeon|82/364\n|move|p1a: Vaporeon|Wish|p1a: Vaporeon\n|\n|-heal|p2a: Tinkaton|209/274 brn|[from] item: Leftovers\n|-damage|p2a: Tinkaton|192/274 brn|[from] brn\n|upkeep\n|turn|4\n|\n|t:|1781383412\n|switch|p2a: Appletun|Appletun, L92, M|352/352\n|move|p1a: Vaporeon|Scald|p2a: Appletun\n|-resisted|p2a: Appletun\n|-damage|p2a: Appletun|327/352\n|\n|-heal|p1a: Vaporeon|264/364|[from] move: Wish|[wisher] Vaporeon\n|-heal|p2a: Appletun|349/352|[from] item: Leftovers\n|upkeep\n|turn|5\n|\n|t:|1781383440\n|move|p1a: Vaporeon|Protect|p1a: Vaporeon\n|-singleturn|p1a: Vaporeon|Protect\n|move|p2a: Appletun|Leech Seed|p1a: Vaporeon\n|-activate|p1a: Vaporeon|move: Protect\n|\n|-heal|p2a: Appletun|352/352|[from] item: Leftovers\n|upkeep\n|turn|6\n|\n|t:|1781383452\n|switch|p1a: Froslass|Froslass, L87, F|263/263\n|move|p2a: Appletun|Apple Acid|p1a: Froslass\n|-damage|p1a: Froslass|151/263\n|-unboost|p1a: Froslass|spd|1\n|-start|p2a: Appletun|Disable|Apple Acid|[from] ability: Cursed Body|[of] p1a: Froslass\n|\n|upkeep\n|turn|7\n|\n|t:|1781383459\n|switch|p2a: Tinkaton|Tinkaton, L82, F|192/274 brn\n|-ability|p2a: Tinkaton|Mold Breaker\n|move|p1a: Froslass|Spikes|p2a: Tinkaton\n|-sidestart|p2: xSmurferino|Spikes\n|\n|-heal|p2a: Tinkaton|209/274 brn|[from] item: Leftovers\n|-damage|p2a: Tinkaton|192/274 brn|[from] brn\n|upkeep\n|turn|8\n|\n|t:|1781383465\n|switch|p1a: Vaporeon|Vaporeon, L86, M|264/364\n|move|p2a: Tinkaton|Gigaton Hammer|p1a: Vaporeon\n|-resisted|p1a: Vaporeon\n|-damage|p1a: Vaporeon|220/364\n|\n|-heal|p2a: Tinkaton|209/274 brn|[from] item: Leftovers\n|-damage|p2a: Tinkaton|192/274 brn|[from] brn\n|upkeep\n|turn|9\n|\n|t:|1781383471\n|switch|p2a: Appletun|Appletun, L92, M|352/352\n|-damage|p2a: Appletun|308/352|[from] Spikes\n|move|p1a: Vaporeon|Wish|p1a: Vaporeon\n|\n|-heal|p2a: Appletun|330/352|[from] item: Leftovers\n|upkeep\n|turn|10\n|\n|t:|1781383475\n|switch|p1a: Froslass|Froslass, L87, F|151/263\n|move|p2a: Appletun|Apple Acid|p1a: Froslass\n|-damage|p1a: Froslass|33/263\n|-unboost|p1a: Froslass|spd|1\n|\n|-heal|p1a: Froslass|215/263|[from] move: Wish|[wisher] Vaporeon\n|-heal|p2a: Appletun|352/352|[from] item: Leftovers\n|upkeep\n|turn|11\n|\n|t:|1781383484\n|move|p1a: Froslass|Triple Axel|p2a: Appletun\n|-supereffective|p2a: Appletun\n|-damage|p2a: Appletun|312/352\n|-supereffective|p2a: Appletun\n|-damage|p2a: Appletun|228/352\n|-supereffective|p2a: Appletun\n|-damage|p2a: Appletun|108/352\n|-hitcount|p2a: Appletun|3\n|move|p2a: Appletun|Dragon Pulse|p1a: Froslass\n|-damage|p1a: Froslass|16/263\n|\n|-heal|p2a: Appletun|130/352|[from] item: Leftovers\n|upkeep\n|turn|12\n|\n|t:|1781383490\n|switch|p2a: Tinkaton|Tinkaton, L82, F|192/274 brn\n|-damage|p2a: Tinkaton|158/274 brn|[from] Spikes\n|-ability|p2a: Tinkaton|Mold Breaker\n|move|p1a: Froslass|Triple Axel|p2a: Tinkaton\n|-resisted|p2a: Tinkaton\n|-damage|p2a: Tinkaton|147/274 brn\n|-resisted|p2a: Tinkaton\n|-damage|p2a: Tinkaton|123/274 brn\n|-resisted|p2a: Tinkaton\n|-damage|p2a: Tinkaton|88/274 brn\n|-hitcount|p2a: Tinkaton|3\n|\n|-heal|p2a: Tinkaton|105/274 brn|[from] item: Leftovers\n|-damage|p2a: Tinkaton|88/274 brn|[from] brn\n|upkeep\n|turn|13\n|\n|t:|1781383495\n|move|p1a: Froslass|Poltergeist|p2a: Tinkaton\n|-activate|p2a: Tinkaton|move: Poltergeist|Leftovers\n|-damage|p2a: Tinkaton|0 fnt\n|faint|p2a: Tinkaton\n|\n|upkeep\n|\n|t:|1781383499\n|switch|p2a: Iron Bundle|Iron Bundle, L78|215/215\n|-damage|p2a: Iron Bundle|189/215|[from] Spikes\n|turn|14\n|\n|t:|1781383503\n|switch|p1a: Vaporeon|Vaporeon, L86, M|220/364\n|move|p2a: Iron Bundle|Freeze-Dry|p1a: Vaporeon\n|-supereffective|p1a: Vaporeon\n|-damage|p1a: Vaporeon|0 fnt\n|faint|p1a: Vaporeon\n|\n|upkeep\n|\n|t:|1781383516\n|switch|p1a: Raichu|Raichu-Alola, L87, M|246/246\n|turn|15\n|\n|t:|1781383521\n|move|p2a: Iron Bundle|Freeze-Dry|p1a: Raichu\n|-damage|p1a: Raichu|135/246\n|move|p1a: Raichu|Nasty Plot|p1a: Raichu\n|-boost|p1a: Raichu|spa|2\n|\n|upkeep\n|turn|16\n|\n|t:|1781383531\n|-end|p2a: Iron Bundle|Quark Drive|[silent]\n|switch|p2a: Appletun|Appletun, L92, M|130/352\n|-damage|p2a: Appletun|86/352|[from] Spikes\n|move|p1a: Raichu|Thunderbolt|p2a: Appletun\n|-resisted|p2a: Appletun\n|-damage|p2a: Appletun|20/352\n|-damage|p1a: Raichu|111/246|[from] item: Life Orb\n|\n|-heal|p2a: Appletun|42/352|[from] item: Leftovers\n|upkeep\n|turn|17\n|\n|t:|1781383535\n|move|p1a: Raichu|Thunderbolt|p2a: Appletun\n|-resisted|p2a: Appletun\n|-damage|p2a: Appletun|0 fnt\n|faint|p2a: Appletun\n|-damage|p1a: Raichu|87/246|[from] item: Life Orb\n|\n|upkeep\n|\n|t:|1781383539\n|switch|p2a: Iron Bundle|Iron Bundle, L78|189/215\n|-damage|p2a: Iron Bundle|163/215|[from] Spikes\n|turn|18\n|\n|t:|1781383545\n|switch|p1a: Carbink|Carbink, L90|236/236\n|move|p2a: Iron Bundle|Freeze-Dry|p1a: Carbink\n|-crit|p1a: Carbink\n|-damage|p1a: Carbink|134/236\n|\n|upkeep\n|turn|19\n|\n|t:|1781383554\n|-end|p2a: Iron Bundle|Quark Drive|[silent]\n|switch|p2a: Maushold|Maushold, L76|238/238\n|-damage|p2a: Maushold|209/238|[from] Spikes\n|move|p1a: Carbink|Body Press|p2a: Maushold\n|-supereffective|p2a: Maushold\n|-crit|p2a: Maushold\n|-damage|p2a: Maushold|0 fnt\n|faint|p2a: Maushold\n|\n|upkeep\n|\n|t:|1781383557\n|switch|p2a: Iron Bundle|Iron Bundle, L78|163/215\n|-damage|p2a: Iron Bundle|137/215|[from] Spikes\n|turn|20\n|\n|t:|1781383566\n|-terastallize|p1a: Carbink|Fighting\n|move|p2a: Iron Bundle|Hydro Pump|p1a: Carbink\n|-damage|p1a: Carbink|29/236\n|move|p1a: Carbink|Rest|p1a: Carbink\n|-status|p1a: Carbink|slp|[from] move: Rest\n|-heal|p1a: Carbink|236/236 slp|[silent]\n|-enditem|p1a: Carbink|Chesto Berry|[eat]\n|-curestatus|p1a: Carbink|slp|[msg]\n|\n|upkeep\n|turn|21\n|\n|t:|1781383573\n|move|p2a: Iron Bundle|Hydro Pump|p1a: Carbink\n|-damage|p1a: Carbink|113/236\n|move|p1a: Carbink|Body Press|p2a: Iron Bundle\n|-supereffective|p2a: Iron Bundle\n|-damage|p2a: Iron Bundle|0 fnt\n|faint|p2a: Iron Bundle\n|-end|p2a: Iron Bundle|Quark Drive|[silent]\n|\n|upkeep\n|\n|t:|1781383580\n|switch|p2a: Entei|Entei, L78|307/307\n|-damage|p2a: Entei|269/307|[from] Spikes\n|turn|22\n|\n|t:|1781383584\n|move|p2a: Entei|Flare Blitz|p1a: Carbink\n|-damage|p1a: Carbink|0 fnt\n|faint|p1a: Carbink\n|-damage|p2a: Entei|232/307|[from] Recoil\n|\n|upkeep\n|\n|t:|1781383596\n|switch|p1a: Vigoroth|Vigoroth, L85, M|275/275\n|turn|23\n|-message|xSmurferino forfeited.\n|\n|win|itsclover\n", "inputlog": ">version a8376a258c1d4662feba110a92103f3664a72141\n>start {\"formatid\":\"gen9randombattle\",\"seed\":\"sodium,c1537d8fe6293648abaf69fbf5e4c4e3\",\"rated\":\"Rated battle\"}\n>player p1 {\"name\":\"itsclover\",\"avatar\":\"swimmerf\",\"rating\":1934,\"seed\":\"sodium,83c8e4a44577e03c878a5e29c566bf12\"}\n>player p2 {\"name\":\"xSmurferino\",\"avatar\":\"169\",\"rating\":1907,\"seed\":\"sodium,445076d98f9d11f4228c2968a67dc37d\"}\n>p1 switch 6\n>p2 move swordsdance\n>p1 move scald\n>p2 move knockoff\n>p1 move wish\n>p2 move playrough\n>p1 move scald\n>p2 switch 6\n>p1 move protect\n>p2 move leechseed\n>p1 switch 6\n>p2 move appleacid\n>p1 move spikes\n>p2 switch 6\n>p1 switch 6\n>p2 move gigatonhammer\n>p1 move wish\n>p2 switch 6\n>p1 switch 6\n>p2 move appleacid\n>p1 move tripleaxel\n>p2 move dragonpulse\n>p1 move tripleaxel\n>p2 switch 6\n>p1 move poltergeist\n>p2 move gigatonhammer\n>p2 switch 4\n>p1 switch 6\n>p2 move freezedry\n>p1 switch 3\n>p1 move nastyplot\n>p2 move freezedry\n>p1 move thunderbolt\n>p2 switch 6\n>p1 move thunderbolt\n>p2 move recover\n>p2 switch 6\n>p1 switch 5\n>p2 move freezedry\n>p1 move bodypress\n>p2 switch 5\n>p2 switch 5\n>p1 move rest terastallize\n>p2 move hydropump\n>p1 move bodypress\n>p2 move hydropump\n>p2 switch 3\n>p1 move bodypress\n>p2 move flareblitz\n>p1 switch 4\n>forcelose p2", "uploadtime": 1781383375, "views": 9, "formatid": "gen9randombattle", "rating": null, "private": 0, "password": null}