{"id": "gen9randombattle-2631531520", "format": "[Gen 9] Random Battle", "players": ["lkj47", "Elite 4 Waally"], "log": "|j|\u2606lkj47\n|j|\u2606Elite 4 Waally\n|t:|1781397408\n|gametype|singles\n|player|p1|lkj47|hilbert|1892\n|player|p2|Elite 4 Waally|wally|1934\n|gen|9\n|tier|[Gen 9] Random Battle\n|rated|\n|rule|Species Clause: Limit one of each Pok\u00e9mon\n|rule|HP Percentage Mod: HP is shown in percentages\n|rule|Sleep Clause Mod: Limit one foe put to sleep\n|rule|Illusion Level Mod: Illusion disguises the Pok\u00e9mon's true level\n|\n|t:|1781397408\n|teamsize|p1|6\n|teamsize|p2|6\n|start\n|switch|p1a: Jirachi|Jirachi, L80|291/291\n|switch|p2a: Cresselia|Cresselia, L80, F|323/323\n|turn|1\n|\n|t:|1781397470\n|switch|p2a: Pachirisu|Pachirisu, L96, F|271/271\n|move|p1a: Jirachi|Stealth Rock|p2a: Pachirisu\n|-sidestart|p2: Elite 4 Waally|move: Stealth Rock\n|\n|upkeep\n|turn|2\n|\n|t:|1781397475\n|switch|p1a: Raging Bolt|Raging Bolt, L78|323/323\n|move|p2a: Pachirisu|Nuzzle|p1a: Raging Bolt\n|-resisted|p1a: Raging Bolt\n|-damage|p1a: Raging Bolt|319/323\n|\n|-heal|p1a: Raging Bolt|323/323|[from] item: Leftovers\n|upkeep\n|turn|3\n|\n|t:|1781397483\n|move|p2a: Pachirisu|U-turn|p1a: Raging Bolt\n|-damage|p1a: Raging Bolt|281/323\n|\n|t:|1781397488\n|switch|p2a: Cresselia|Cresselia, L80, F|323/323|[from] U-turn\n|-damage|p2a: Cresselia|283/323|[from] Stealth Rock\n|move|p1a: Raging Bolt|Draco Meteor|p2a: Cresselia\n|-damage|p2a: Cresselia|153/323\n|-unboost|p1a: Raging Bolt|spa|2\n|\n|-heal|p2a: Cresselia|173/323|[from] item: Leftovers\n|-heal|p1a: Raging Bolt|301/323|[from] item: Leftovers\n|upkeep\n|turn|4\n|\n|t:|1781397494\n|-end|p1a: Raging Bolt|Protosynthesis|[silent]\n|switch|p1a: Jirachi|Jirachi, L80|291/291\n|move|p2a: Cresselia|Calm Mind|p2a: Cresselia\n|-boost|p2a: Cresselia|spa|1\n|-boost|p2a: Cresselia|spd|1\n|\n|-heal|p2a: Cresselia|193/323|[from] item: Leftovers\n|upkeep\n|turn|5\n|\n|t:|1781397504\n|move|p1a: Jirachi|Iron Head|p2a: Cresselia\n|-damage|p2a: Cresselia|118/323\n|cant|p2a: Cresselia|flinch\n|\n|-heal|p2a: Cresselia|138/323|[from] item: Leftovers\n|upkeep\n|turn|6\n|\n|t:|1781397507\n|move|p1a: Jirachi|Iron Head|p2a: Cresselia\n|-damage|p2a: Cresselia|66/323\n|move|p2a: Cresselia|Moonlight|p2a: Cresselia\n|-heal|p2a: Cresselia|227/323\n|\n|-heal|p2a: Cresselia|247/323|[from] item: Leftovers\n|upkeep\n|turn|7\n|\n|t:|1781397509\n|move|p1a: Jirachi|Iron Head|p2a: Cresselia\n|-damage|p2a: Cresselia|172/323\n|move|p2a: Cresselia|Calm Mind|p2a: Cresselia\n|-boost|p2a: Cresselia|spa|1\n|-boost|p2a: Cresselia|spd|1\n|\n|-heal|p2a: Cresselia|192/323|[from] item: Leftovers\n|upkeep\n|turn|8\n|\n|t:|1781397512\n|move|p1a: Jirachi|Iron Head|p2a: Cresselia\n|-damage|p2a: Cresselia|120/323\n|cant|p2a: Cresselia|flinch\n|\n|-heal|p2a: Cresselia|140/323|[from] item: Leftovers\n|upkeep\n|turn|9\n|\n|t:|1781397515\n|-terastallize|p2a: Cresselia|Steel\n|move|p1a: Jirachi|Iron Head|p2a: Cresselia\n|-resisted|p2a: Cresselia\n|-damage|p2a: Cresselia|105/323\n|cant|p2a: Cresselia|flinch\n|\n|-heal|p2a: Cresselia|125/323|[from] item: Leftovers\n|upkeep\n|turn|10\n|\n|t:|1781397519\n|move|p1a: Jirachi|Iron Head|p2a: Cresselia\n|-resisted|p2a: Cresselia\n|-damage|p2a: Cresselia|88/323\n|move|p2a: Cresselia|Moonlight|p2a: Cresselia\n|-heal|p2a: Cresselia|249/323\n|\n|-heal|p2a: Cresselia|269/323|[from] item: Leftovers\n|upkeep\n|turn|11\n|\n|t:|1781397522\n|move|p1a: Jirachi|Iron Head|p2a: Cresselia\n|-resisted|p2a: Cresselia\n|-damage|p2a: Cresselia|231/323\n|cant|p2a: Cresselia|flinch\n|\n|-heal|p2a: Cresselia|251/323|[from] item: Leftovers\n|upkeep\n|turn|12\n|\n|t:|1781397526\n|move|p1a: Jirachi|Iron Head|p2a: Cresselia\n|-resisted|p2a: Cresselia\n|-damage|p2a: Cresselia|217/323\n|cant|p2a: Cresselia|flinch\n|\n|-heal|p2a: Cresselia|237/323|[from] item: Leftovers\n|upkeep\n|turn|13\n|\n|t:|1781397530\n|move|p1a: Jirachi|Drain Punch|p2a: Cresselia\n|-supereffective|p2a: Cresselia\n|-damage|p2a: Cresselia|151/323\n|move|p2a: Cresselia|Calm Mind|p2a: Cresselia\n|-boost|p2a: Cresselia|spa|1\n|-boost|p2a: Cresselia|spd|1\n|\n|-heal|p2a: Cresselia|171/323|[from] item: Leftovers\n|upkeep\n|turn|14\n|\n|t:|1781397537\n|move|p1a: Jirachi|Iron Head|p2a: Cresselia\n|-resisted|p2a: Cresselia\n|-damage|p2a: Cresselia|138/323\n|cant|p2a: Cresselia|flinch\n|\n|-heal|p2a: Cresselia|158/323|[from] item: Leftovers\n|upkeep\n|turn|15\n|\n|t:|1781397539\n|move|p1a: Jirachi|Iron Head|p2a: Cresselia\n|-resisted|p2a: Cresselia\n|-damage|p2a: Cresselia|125/323\n|move|p2a: Cresselia|Moonlight|p2a: Cresselia\n|-heal|p2a: Cresselia|286/323\n|\n|-heal|p2a: Cresselia|306/323|[from] item: Leftovers\n|upkeep\n|turn|16\n|\n|t:|1781397545\n|switch|p1a: Gholdengo|Gholdengo, L77|261/261\n|move|p2a: Cresselia|Moonblast|p1a: Gholdengo\n|-resisted|p1a: Gholdengo\n|-damage|p1a: Gholdengo|195/261\n|\n|-heal|p2a: Cresselia|323/323|[from] item: Leftovers\n|-heal|p1a: Gholdengo|211/261|[from] item: Leftovers\n|upkeep\n|turn|17\n|\n|t:|1781397550\n|move|p2a: Cresselia|Psyshock|p1a: Gholdengo\n|-resisted|p1a: Gholdengo\n|-damage|p1a: Gholdengo|128/261\n|move|p1a: Gholdengo|Nasty Plot|p1a: Gholdengo\n|-boost|p1a: Gholdengo|spa|2\n|\n|-heal|p1a: Gholdengo|144/261|[from] item: Leftovers\n|upkeep\n|turn|18\n|\n|t:|1781397555\n|move|p2a: Cresselia|Calm Mind|p2a: Cresselia\n|-boost|p2a: Cresselia|spa|1\n|-boost|p2a: Cresselia|spd|1\n|move|p1a: Gholdengo|Focus Blast|p2a: Cresselia\n|-supereffective|p2a: Cresselia\n|-damage|p2a: Cresselia|219/323\n|\n|-heal|p2a: Cresselia|239/323|[from] item: Leftovers\n|-heal|p1a: Gholdengo|160/261|[from] item: Leftovers\n|upkeep\n|turn|19\n|\n|t:|1781397561\n|move|p2a: Cresselia|Calm Mind|p2a: Cresselia\n|-boost|p2a: Cresselia|spa|1\n|-boost|p2a: Cresselia|spd|1\n|move|p1a: Gholdengo|Focus Blast|p2a: Cresselia|[miss]\n|-miss|p1a: Gholdengo|p2a: Cresselia\n|\n|-heal|p2a: Cresselia|259/323|[from] item: Leftovers\n|-heal|p1a: Gholdengo|176/261|[from] item: Leftovers\n|upkeep\n|turn|20\n|\n|t:|1781397563\n|move|p2a: Cresselia|Calm Mind|p2a: Cresselia\n|-boost|p2a: Cresselia|spa|1\n|-boost|p2a: Cresselia|spd|1\n|move|p1a: Gholdengo|Focus Blast|p2a: Cresselia\n|-supereffective|p2a: Cresselia\n|-damage|p2a: Cresselia|185/323\n|\n|-heal|p2a: Cresselia|205/323|[from] item: Leftovers\n|-heal|p1a: Gholdengo|192/261|[from] item: Leftovers\n|upkeep\n|turn|21\n|\n|t:|1781397569\n|move|p2a: Cresselia|Moonlight|p2a: Cresselia\n|-heal|p2a: Cresselia|323/323\n|move|p1a: Gholdengo|Focus Blast|p2a: Cresselia|[miss]\n|-miss|p1a: Gholdengo|p2a: Cresselia\n|\n|-heal|p1a: Gholdengo|208/261|[from] item: Leftovers\n|upkeep\n|turn|22\n|\n|t:|1781397573\n|move|p2a: Cresselia|Psyshock|p1a: Gholdengo\n|-resisted|p1a: Gholdengo\n|-damage|p1a: Gholdengo|85/261\n|move|p1a: Gholdengo|Focus Blast|p2a: Cresselia\n|-supereffective|p2a: Cresselia\n|-damage|p2a: Cresselia|247/323\n|-unboost|p2a: Cresselia|spd|1\n|\n|-heal|p2a: Cresselia|267/323|[from] item: Leftovers\n|-heal|p1a: Gholdengo|101/261|[from] item: Leftovers\n|upkeep\n|turn|23\n|\n|t:|1781397578\n|switch|p1a: Jirachi|Jirachi, L80|291/291\n|move|p2a: Cresselia|Psyshock|p1a: Jirachi\n|-resisted|p1a: Jirachi\n|-damage|p1a: Jirachi|233/291\n|\n|-heal|p1a: Jirachi|251/291|[from] item: Leftovers\n|-heal|p2a: Cresselia|287/323|[from] item: Leftovers\n|upkeep\n|turn|24\n|\n|t:|1781397583\n|move|p1a: Jirachi|Body Slam|p2a: Cresselia\n|-resisted|p2a: Cresselia\n|-damage|p2a: Cresselia|264/323\n|move|p2a: Cresselia|Moonlight|p2a: Cresselia\n|-heal|p2a: Cresselia|323/323\n|\n|-heal|p1a: Jirachi|269/291|[from] item: Leftovers\n|upkeep\n|turn|25\n|\n|t:|1781397671\n|switch|p2a: Kilowattrel|Kilowattrel, L83, M|252/252\n|move|p1a: Jirachi|Body Slam|p2a: Kilowattrel\n|-damage|p2a: Kilowattrel|176/252\n|\n|-heal|p1a: Jirachi|287/291|[from] item: Leftovers\n|upkeep\n|turn|26\n|inactive|Battle timer is ON: inactive players will automatically lose when time's up. (requested by Elite 4 Waally)\n|\n|t:|1781397692\n|switch|p1a: Raging Bolt|Raging Bolt, L78|301/323\n|move|p2a: Kilowattrel|Thunderbolt|p1a: Raging Bolt\n|-resisted|p1a: Raging Bolt\n|-damage|p1a: Raging Bolt|273/323\n|\n|-heal|p1a: Raging Bolt|293/323|[from] item: Leftovers\n|upkeep\n|turn|27\n|\n|t:|1781397697\n|move|p2a: Kilowattrel|U-turn|p1a: Raging Bolt\n|-damage|p1a: Raging Bolt|249/323\n|\n|t:|1781397704\n|switch|p2a: Pachirisu|Pachirisu, L96, F|271/271|[from] U-turn\n|-damage|p2a: Pachirisu|238/271|[from] Stealth Rock\n|move|p1a: Raging Bolt|Calm Mind|p1a: Raging Bolt\n|-boost|p1a: Raging Bolt|spa|1\n|-boost|p1a: Raging Bolt|spd|1\n|\n|-heal|p1a: Raging Bolt|269/323|[from] item: Leftovers\n|upkeep\n|turn|28\n|\n|t:|1781397727\n|-end|p1a: Raging Bolt|Protosynthesis|[silent]\n|switch|p1a: Kingdra|Kingdra, L84, F|263/263\n|move|p2a: Pachirisu|Super Fang|p1a: Kingdra\n|-damage|p1a: Kingdra|132/263\n|\n|upkeep\n|turn|29\n|\n|t:|1781397732\n|move|p2a: Pachirisu|Thunderbolt|p1a: Kingdra\n|-damage|p1a: Kingdra|63/263\n|move|p1a: Kingdra|Rain Dance|p1a: Kingdra\n|-weather|RainDance\n|\n|-weather|RainDance|[upkeep]\n|upkeep\n|turn|30\n|\n|t:|1781397737\n|switch|p2a: Cresselia|Cresselia, L80, F, tera:Steel|323/323\n|-damage|p2a: Cresselia|303/323|[from] Stealth Rock\n|move|p1a: Kingdra|Wave Crash|p2a: Cresselia\n|-damage|p2a: Cresselia|85/323\n|-damage|p1a: Kingdra|0 fnt|[from] Recoil\n|faint|p1a: Kingdra\n|\n|-weather|RainDance|[upkeep]\n|-heal|p2a: Cresselia|105/323|[from] item: Leftovers\n|upkeep\n|\n|t:|1781397764\n|switch|p1a: Jirachi|Jirachi, L80|287/291\n|turn|31\n|\n|t:|1781397769\n|switch|p2a: Kilowattrel|Kilowattrel, L83, M|176/252\n|move|p1a: Jirachi|Body Slam|p2a: Kilowattrel\n|-damage|p2a: Kilowattrel|105/252\n|\n|-weather|RainDance|[upkeep]\n|-heal|p1a: Jirachi|291/291|[from] item: Leftovers\n|upkeep\n|turn|32\n|\n|t:|1781397772\n|move|p2a: Kilowattrel|Roost|p2a: Kilowattrel\n|-heal|p2a: Kilowattrel|231/252\n|-singleturn|p2a: Kilowattrel|move: Roost\n|move|p1a: Jirachi|Body Slam|p2a: Kilowattrel\n|-damage|p2a: Kilowattrel|160/252\n|\n|-weather|RainDance|[upkeep]\n|upkeep\n|turn|33\n|\n|t:|1781397778\n|switch|p1a: Raging Bolt|Raging Bolt, L78|269/323\n|move|p2a: Kilowattrel|U-turn|p1a: Raging Bolt\n|-damage|p1a: Raging Bolt|232/323\n|\n|t:|1781397785\n|switch|p2a: Ribombee|Ribombee, L83, F|235/235|[from] U-turn\n|\n|-weather|none\n|-heal|p1a: Raging Bolt|252/323|[from] item: Leftovers\n|upkeep\n|turn|34\n|inactive|lkj47 has 120 seconds left.\n|\n|t:|1781397829\n|move|p2a: Ribombee|Bug Buzz|p1a: Raging Bolt\n|-damage|p1a: Raging Bolt|156/323\n|move|p1a: Raging Bolt|Thunderbolt|p2a: Ribombee\n|-damage|p2a: Ribombee|102/235\n|\n|-heal|p1a: Raging Bolt|176/323|[from] item: Leftovers\n|upkeep\n|turn|35\n|\n|t:|1781397834\n|move|p1a: Raging Bolt|Thunderclap|p2a: Ribombee\n|-damage|p2a: Ribombee|5/235\n|move|p2a: Ribombee|Moonblast|p1a: Raging Bolt\n|-supereffective|p1a: Raging Bolt\n|-damage|p1a: Raging Bolt|0 fnt\n|faint|p1a: Raging Bolt\n|-end|p1a: Raging Bolt|Protosynthesis|[silent]\n|\n|upkeep\n|\n|t:|1781397839\n|switch|p1a: Jirachi|Jirachi, L80|291/291\n|turn|36\n|\n|t:|1781397841\n|move|p2a: Ribombee|Bug Buzz|p1a: Jirachi\n|-damage|p1a: Jirachi|200/291\n|move|p1a: Jirachi|Drain Punch|p2a: Ribombee\n|-resisted|p2a: Ribombee\n|-damage|p2a: Ribombee|0 fnt\n|-heal|p1a: Jirachi|203/291|[from] drain|[of] p2a: Ribombee\n|faint|p2a: Ribombee\n|\n|-heal|p1a: Jirachi|221/291|[from] item: Leftovers\n|upkeep\n|\n|t:|1781397845\n|switch|p2a: Pachirisu|Pachirisu, L96, F|238/271\n|-damage|p2a: Pachirisu|205/271|[from] Stealth Rock\n|turn|37\n|\n|t:|1781397851\n|switch|p1a: Gholdengo|Gholdengo, L77|101/261\n|move|p2a: Pachirisu|Nuzzle|p1a: Gholdengo\n|-damage|p1a: Gholdengo|85/261\n|-status|p1a: Gholdengo|par\n|\n|-heal|p1a: Gholdengo|101/261 par|[from] item: Leftovers\n|upkeep\n|turn|38\n|\n|t:|1781397855\n|move|p2a: Pachirisu|Thunderbolt|p1a: Gholdengo\n|-crit|p1a: Gholdengo\n|-damage|p1a: Gholdengo|0 fnt\n|faint|p1a: Gholdengo\n|\n|upkeep\n|\n|t:|1781397857\n|switch|p1a: Gyarados|Gyarados, L79, F|280/280\n|-ability|p1a: Gyarados|Intimidate|boost\n|-unboost|p2a: Pachirisu|atk|1\n|turn|39\n|\n|t:|1781397863\n|-terastallize|p1a: Gyarados|Ground\n|move|p2a: Pachirisu|U-turn|p1a: Gyarados\n|-damage|p1a: Gyarados|252/280\n|inactive|Elite 4 Waally has 120 seconds left.\n|\n|t:|1781397893\n|switch|p2a: Cresselia|Cresselia, L80, F, tera:Steel|105/323|[from] U-turn\n|-damage|p2a: Cresselia|85/323|[from] Stealth Rock\n|move|p1a: Gyarados|Dragon Dance|p1a: Gyarados\n|-boost|p1a: Gyarados|atk|1\n|-boost|p1a: Gyarados|spe|1\n|\n|-heal|p2a: Cresselia|105/323|[from] item: Leftovers\n|upkeep\n|turn|40\n|\n|t:|1781397899\n|move|p1a: Gyarados|Waterfall|p2a: Cresselia\n|-damage|p2a: Cresselia|0 fnt\n|faint|p2a: Cresselia\n|\n|upkeep\n|inactive|Elite 4 Waally has 120 seconds left.\n|\n|t:|1781397916\n|switch|p2a: Regidrago|Regidrago, L77|435/435\n|-damage|p2a: Regidrago|381/435|[from] Stealth Rock\n|turn|41\n|\n|t:|1781397935\n|move|p1a: Gyarados|Earthquake|p2a: Regidrago\n|-damage|p2a: Regidrago|123/435\n|move|p2a: Regidrago|Outrage|p1a: Gyarados\n|-damage|p1a: Gyarados|51/280\n|\n|upkeep\n|turn|42\n|\n|t:|1781397948\n|move|p1a: Gyarados|Earthquake|p2a: Regidrago\n|-damage|p2a: Regidrago|0 fnt\n|faint|p2a: Regidrago\n|\n|upkeep\n|\n|t:|1781397950\n|switch|p2a: Arceus|Arceus-Dragon, L71|288/288\n|-damage|p2a: Arceus|252/288|[from] Stealth Rock\n|turn|43\n|\n|t:|1781397960\n|switch|p1a: Jirachi|Jirachi, L80|221/291\n|move|p2a: Arceus|Dragon Dance|p2a: Arceus\n|-boost|p2a: Arceus|atk|1\n|-boost|p2a: Arceus|spe|1\n|\n|-heal|p1a: Jirachi|239/291|[from] item: Leftovers\n|upkeep\n|turn|44\n|\n|t:|1781397963\n|move|p2a: Arceus|Flare Blitz|p1a: Jirachi\n|-supereffective|p1a: Jirachi\n|-damage|p1a: Jirachi|19/291\n|-damage|p2a: Arceus|179/288|[from] Recoil\n|move|p1a: Jirachi|Body Slam|p2a: Arceus\n|-damage|p2a: Arceus|127/288\n|-status|p2a: Arceus|par\n|\n|-heal|p1a: Jirachi|37/291|[from] item: Leftovers\n|upkeep\n|turn|45\n|\n|t:|1781397967\n|move|p1a: Jirachi|Iron Head|p2a: Arceus\n|-damage|p2a: Arceus|57/288 par\n|move|p2a: Arceus|Flare Blitz|p1a: Jirachi\n|-supereffective|p1a: Jirachi\n|-damage|p1a: Jirachi|0 fnt\n|faint|p1a: Jirachi\n|-damage|p2a: Arceus|45/288 par|[from] Recoil\n|\n|upkeep\n|\n|t:|1781397971\n|switch|p1a: Porygon-Z|Porygon-Z, L83|277/277\n|turn|46\n|\n|t:|1781397976\n|move|p1a: Porygon-Z|Agility|p1a: Porygon-Z\n|-boost|p1a: Porygon-Z|spe|2\n|cant|p2a: Arceus|par\n|\n|upkeep\n|turn|47\n|\n|t:|1781397979\n|move|p1a: Porygon-Z|Tera Blast|p2a: Arceus\n|-damage|p2a: Arceus|0 fnt\n|faint|p2a: Arceus\n|-damage|p1a: Porygon-Z|250/277|[from] item: Life Orb\n|\n|upkeep\n|\n|t:|1781397981\n|switch|p2a: Pachirisu|Pachirisu, L96, F|205/271\n|-damage|p2a: Pachirisu|172/271|[from] Stealth Rock\n|turn|48\n|\n|t:|1781397983\n|move|p1a: Porygon-Z|Tera Blast|p2a: Pachirisu\n|-damage|p2a: Pachirisu|68/271\n|-damage|p1a: Porygon-Z|223/277|[from] item: Life Orb\n|move|p2a: Pachirisu|Nuzzle|p1a: Porygon-Z\n|-damage|p1a: Porygon-Z|202/277\n|-status|p1a: Porygon-Z|par\n|\n|upkeep\n|turn|49\n|\n|t:|1781397986\n|move|p2a: Pachirisu|Thunderbolt|p1a: Porygon-Z\n|-damage|p1a: Porygon-Z|117/277 par\n|move|p1a: Porygon-Z|Agility|p1a: Porygon-Z\n|-boost|p1a: Porygon-Z|spe|2\n|\n|upkeep\n|turn|50\n|\n|t:|1781397990\n|cant|p1a: Porygon-Z|par\n|move|p2a: Pachirisu|Thunderbolt|p1a: Porygon-Z\n|-damage|p1a: Porygon-Z|36/277 par\n|\n|upkeep\n|turn|51\n|\n|t:|1781397992\n|move|p1a: Porygon-Z|Tera Blast|p2a: Pachirisu\n|-damage|p2a: Pachirisu|0 fnt\n|faint|p2a: Pachirisu\n|-damage|p1a: Porygon-Z|9/277 par|[from] item: Life Orb\n|\n|upkeep\n|\n|t:|1781397993\n|switch|p2a: Kilowattrel|Kilowattrel, L83, M|160/252\n|turn|52\n|\n|t:|1781397997\n|cant|p1a: Porygon-Z|par\n|move|p2a: Kilowattrel|Roost|p2a: Kilowattrel\n|-heal|p2a: Kilowattrel|252/252\n|-singleturn|p2a: Kilowattrel|move: Roost\n|\n|upkeep\n|turn|53\n|\n|t:|1781398001\n|move|p1a: Porygon-Z|Tera Blast|p2a: Kilowattrel\n|-damage|p2a: Kilowattrel|0 fnt\n|faint|p2a: Kilowattrel\n|-damage|p1a: Porygon-Z|0 fnt|[from] item: Life Orb\n|faint|p1a: Porygon-Z\n|\n|win|lkj47\n|raw|lkj47's rating: 1858 &rarr; <strong>1882</strong><br />(+24 for winning)\n|raw|Elite 4 Waally's rating: 1934 &rarr; <strong>1910</strong><br />(-24 for losing)\n", "inputlog": ">version a8376a258c1d4662feba110a92103f3664a72141\n>start {\"formatid\":\"gen9randombattle\",\"seed\":\"sodium,6ede10a4be6159fa98999340c0ecea1a\",\"rated\":\"Rated battle\"}\n>player p1 {\"name\":\"lkj47\",\"avatar\":\"hilbert\",\"rating\":1892,\"seed\":\"sodium,d415a21ccfa5b1a4958445786d114109\"}\n>player p2 {\"name\":\"Elite 4 Waally\",\"avatar\":\"wally\",\"rating\":1934,\"seed\":\"sodium,626e4948acb79230e00be4302303b525\"}\n>p1 move stealthrock\n>p2 switch 4\n>p1 switch 2\n>p2 move nuzzle\n>p1 move dracometeor\n>p2 move uturn\n>p2 switch 4\n>p1 switch 2\n>p2 move calmmind\n>p1 move ironhead\n>p2 move moonlight\n>p1 move ironhead\n>p2 move moonlight\n>p1 move ironhead\n>p2 move calmmind\n>p1 move ironhead\n>p2 move moonlight\n>p1 move ironhead\n>p2 move moonlight terastallize\n>p1 move ironhead\n>p2 move moonlight\n>p1 move ironhead\n>p2 move calmmind\n>p1 move ironhead\n>p2 move calmmind\n>p1 move drainpunch\n>p2 move calmmind\n>p1 move ironhead\n>p2 move moonlight\n>p1 move ironhead\n>p2 move moonlight\n>p1 switch 6\n>p2 move moonblast\n>p1 move nastyplot\n>p2 move psyshock\n>p1 move focusblast\n>p2 move calmmind\n>p1 move focusblast\n>p2 move calmmind\n>p1 move focusblast\n>p2 move calmmind\n>p1 move focusblast\n>p2 move moonlight\n>p1 move focusblast\n>p2 move psyshock\n>p1 switch 6\n>p2 move psyshock\n>p1 move bodyslam\n>p2 move moonlight\n>p1 move bodyslam\n>p2 switch 6\n>p1 switch 2\n>p2 move thunderbolt\n>p1 move calmmind\n>p2 move uturn\n>p2 switch 4\n>p1 switch 4\n>p2 move superfang\n>p1 move raindance\n>p2 move thunderbolt\n>p1 move wavecrash\n>p2 switch 6\n>p1 switch 2\n>p1 move bodyslam\n>p2 switch 4\n>p1 move bodyslam\n>p2 move roost\n>p1 switch 4\n>p2 move uturn\n>p2 switch 5\n>p1 move thunderbolt\n>p2 move bugbuzz\n>p1 move thunderclap\n>p2 move moonblast\n>p1 switch 4\n>p1 move drainpunch\n>p2 move bugbuzz\n>p2 switch 6\n>p1 switch 6\n>p2 move nuzzle\n>p1 move shadowball\n>p2 move thunderbolt\n>p1 switch 3\n>p1 move dragondance terastallize\n>p2 move uturn\n>p2 switch 4\n>p1 move waterfall\n>p2 move psyshock\n>p2 switch 2\n>p1 move earthquake\n>p2 move outrage\n>p1 move earthquake\n>p2 move outrage\n>p2 switch 3\n>p1 switch 6\n>p2 move dragondance\n>p1 move bodyslam\n>p2 move flareblitz\n>p1 move ironhead\n>p2 move flareblitz\n>p1 switch 5\n>p1 move agility\n>p2 move outrage\n>p1 move terablast\n>p2 move outrage\n>p2 switch 4\n>p1 move terablast\n>p2 move nuzzle\n>p1 move agility\n>p2 move thunderbolt\n>p1 move terablast\n>p2 move thunderbolt\n>p1 move terablast\n>p2 move thunderbolt\n>p2 switch 5\n>p1 move terablast\n>p2 move roost\n>p1 move terablast\n>p2 move thunderbolt", "uploadtime": 1781398001, "views": 4, "formatid": "gen9randombattle", "rating": 1882, "private": 0, "password": null, "player_dets": [{"name": "lkj47", "avatar": "hilbert", "rating": 1892, "seed": "sodium,d415a21ccfa5b1a4958445786d114109"}, {"name": "Elite 4 Waally", "avatar": "wally", "rating": 1934, "seed": "sodium,626e4948acb79230e00be4302303b525"}], "teams_full": [{"Jirachi": {"name": "Jirachi", "species": "Jirachi", "speciesId": "jirachi", "gender": "N", "shiny": false, "level": 80, "moves": ["drainpunch", "bodyslam", "stealthrock", "ironhead"], "ability": "Serene Grace", "evs": {"hp": 85, "atk": 85, "def": 85, "spa": 85, "spd": 85, "spe": 85}, "ivs": {"hp": 31, "atk": 31, "def": 31, "spa": 31, "spd": 31, "spe": 31}, "item": "Leftovers", "teraType": "Fighting", "role": "Bulky Attacker", "bvs": {"hp": 100, "atk": 100, "def": 100, "spa": 100, "spd": 100, "spe": 100}, "stats": {"hp": 291, "atk": 206, "def": 206, "spa": 206, "spd": 206, "spe": 206}, "types": ["Steel", "Psychic"]}, "Raging Bolt": {"name": "Raging Bolt", "species": "Raging Bolt", "speciesId": "ragingbolt", "gender": "N", "shiny": false, "level": 78, "moves": ["calmmind", "dracometeor", "thunderbolt", "thunderclap"], "ability": "Protosynthesis", "evs": {"hp": 85, "atk": 0, "def": 85, "spa": 85, "spd": 85, "spe": 85}, "ivs": {"hp": 31, "atk": 0, "def": 31, "spa": 31, "spd": 31, "spe": 31}, "item": "Leftovers", "teraType": "Electric", "role": "Bulky Setup", "bvs": {"hp": 125, "atk": 73, "def": 91, "spa": 137, "spd": 89, "spe": 75}, "stats": {"hp": 323, "atk": 118, "def": 187, "spa": 259, "spd": 184, "spe": 162}, "types": ["Electric", "Dragon"]}, "Gyarados": {"name": "Gyarados", "species": "Gyarados", "speciesId": "gyarados", "gender": "F", "shiny": false, "level": 79, "moves": ["waterfall", "stoneedge", "dragondance", "earthquake"], "ability": "Intimidate", "evs": {"hp": 85, "atk": 85, "def": 85, "spa": 85, "spd": 85, "spe": 85}, "ivs": {"hp": 31, "atk": 31, "def": 31, "spa": 31, "spd": 31, "spe": 31}, "item": "Heavy-Duty Boots", "teraType": "Ground", "role": "Setup Sweeper", "bvs": {"hp": 95, "atk": 125, "def": 79, "spa": 60, "spd": 100, "spe": 81}, "stats": {"hp": 280, "atk": 243, "def": 170, "spa": 140, "spd": 204, "spe": 174}, "types": ["Water", "Flying"]}, "Kingdra": {"name": "Kingdra", "species": "Kingdra", "speciesId": "kingdra", "gender": "F", "shiny": false, "level": 84, "moves": ["wavecrash", "raindance", "dracometeor", "hurricane"], "ability": "Swift Swim", "evs": {"hp": 85, "atk": 85, "def": 85, "spa": 85, "spd": 85, "spe": 85}, "ivs": {"hp": 31, "atk": 31, "def": 31, "spa": 31, "spd": 31, "spe": 31}, "item": "Life Orb", "teraType": "Water", "role": "Fast Attacker", "bvs": {"hp": 75, "atk": 95, "def": 95, "spa": 95, "spd": 95, "spe": 85}, "stats": {"hp": 263, "atk": 208, "def": 208, "spa": 208, "spd": 208, "spe": 191}, "types": ["Water", "Dragon"]}, "Porygon-Z": {"name": "Porygon-Z", "species": "Porygon-Z", "speciesId": "porygonz", "gender": "N", "shiny": false, "level": 83, "moves": ["agility", "nastyplot", "terablast", "shadowball"], "ability": "Adaptability", "evs": {"hp": 85, "atk": 0, "def": 85, "spa": 85, "spd": 85, "spe": 85}, "ivs": {"hp": 31, "atk": 0, "def": 31, "spa": 31, "spd": 31, "spe": 31}, "item": "Life Orb", "teraType": "Fighting", "role": "Tera Blast user", "bvs": {"hp": 85, "atk": 80, "def": 70, "spa": 135, "spd": 75, "spe": 90}, "stats": {"hp": 277, "atk": 137, "def": 164, "spa": 272, "spd": 172, "spe": 197}, "types": ["Normal"]}, "Gholdengo": {"name": "Gholdengo", "species": "Gholdengo", "speciesId": "gholdengo", "gender": "N", "shiny": false, "level": 77, "moves": ["focusblast", "shadowball", "makeitrain", "nastyplot"], "ability": "Good as Gold", "evs": {"hp": 85, "atk": 0, "def": 85, "spa": 85, "spd": 85, "spe": 85}, "ivs": {"hp": 31, "atk": 0, "def": 31, "spa": 31, "spd": 31, "spe": 31}, "item": "Leftovers", "teraType": "Ghost", "role": "Bulky Attacker", "bvs": {"hp": 87, "atk": 60, "def": 95, "spa": 133, "spd": 91, "spe": 84}, "stats": {"hp": 261, "atk": 97, "def": 191, "spa": 249, "spd": 185, "spe": 174}, "types": ["Steel", "Ghost"]}}, {"Cresselia": {"name": "Cresselia", "species": "Cresselia", "speciesId": "cresselia", "gender": "F", "shiny": false, "level": 80, "moves": ["calmmind", "moonlight", "moonblast", "psyshock"], "ability": "Levitate", "evs": {"hp": 85, "atk": 0, "def": 85, "spa": 85, "spd": 85, "spe": 85}, "ivs": {"hp": 31, "atk": 0, "def": 31, "spa": 31, "spd": 31, "spe": 31}, "item": "Leftovers", "teraType": "Steel", "role": "Bulky Setup", "bvs": {"hp": 120, "atk": 70, "def": 110, "spa": 75, "spd": 120, "spe": 85}, "stats": {"hp": 323, "atk": 117, "def": 222, "spa": 166, "spd": 238, "spe": 182}, "types": ["Psychic"]}, "Regidrago": {"name": "Regidrago", "species": "Regidrago", "speciesId": "regidrago", "gender": "N", "shiny": false, "level": 77, "moves": ["dragonenergy", "earthquake", "outrage", "dracometeor"], "ability": "Dragon's Maw", "evs": {"hp": 85, "atk": 85, "def": 85, "spa": 85, "spd": 85, "spe": 85}, "ivs": {"hp": 31, "atk": 31, "def": 31, "spa": 31, "spd": 31, "spe": 31}, "item": "Choice Scarf", "teraType": "Dragon", "role": "Fast Attacker", "bvs": {"hp": 200, "atk": 100, "def": 50, "spa": 100, "spd": 50, "spe": 80}, "stats": {"hp": 435, "atk": 199, "def": 122, "spa": 199, "spd": 122, "spe": 168}, "types": ["Dragon"]}, "Arceus": {"name": "Arceus", "species": "Arceus-Dragon", "speciesId": "arceusdragon", "gender": "N", "shiny": false, "level": 71, "moves": ["outrage", "flareblitz", "heavyslam", "dragondance"], "ability": "Multitype", "evs": {"hp": 85, "atk": 85, "def": 85, "spa": 85, "spd": 85, "spe": 85}, "ivs": {"hp": 31, "atk": 31, "def": 31, "spa": 31, "spd": 31, "spe": 31}, "item": "Draco Plate", "teraType": "Steel", "role": "Bulky Setup", "bvs": {"hp": 120, "atk": 120, "def": 120, "spa": 120, "spd": 120, "spe": 120}, "stats": {"hp": 288, "atk": 212, "def": 212, "spa": 212, "spd": 212, "spe": 212}, "types": ["Dragon"]}, "Pachirisu": {"name": "Pachirisu", "species": "Pachirisu", "speciesId": "pachirisu", "gender": "F", "shiny": false, "level": 96, "moves": ["thunderbolt", "uturn", "superfang", "nuzzle"], "ability": "Volt Absorb", "evs": {"hp": 85, "atk": 85, "def": 85, "spa": 85, "spd": 85, "spe": 85}, "ivs": {"hp": 31, "atk": 31, "def": 31, "spa": 31, "spd": 31, "spe": 31}, "item": "Assault Vest", "teraType": "Flying", "role": "AV Pivot", "bvs": {"hp": 60, "atk": 45, "def": 70, "spa": 45, "spd": 90, "spe": 95}, "stats": {"hp": 271, "atk": 141, "def": 189, "spa": 141, "spd": 227, "spe": 237}, "types": ["Electric"]}, "Ribombee": {"name": "Ribombee", "species": "Ribombee", "speciesId": "ribombee", "gender": "F", "shiny": false, "level": 83, "moves": ["quiverdance", "bugbuzz", "terablast", "moonblast"], "ability": "Shield Dust", "evs": {"hp": 85, "atk": 0, "def": 85, "spa": 85, "spd": 85, "spe": 85}, "ivs": {"hp": 31, "atk": 0, "def": 31, "spa": 31, "spd": 31, "spe": 31}, "item": "Heavy-Duty Boots", "teraType": "Ground", "role": "Tera Blast user", "bvs": {"hp": 60, "atk": 55, "def": 60, "spa": 95, "spd": 70, "spe": 124}, "stats": {"hp": 235, "atk": 96, "def": 147, "spa": 205, "spd": 164, "spe": 254}, "types": ["Bug", "Fairy"]}, "Kilowattrel": {"name": "Kilowattrel", "species": "Kilowattrel", "speciesId": "kilowattrel", "gender": "M", "shiny": false, "level": 83, "moves": ["roost", "thunderbolt", "hurricane", "uturn"], "ability": "Volt Absorb", "evs": {"hp": 85, "atk": 85, "def": 85, "spa": 85, "spd": 85, "spe": 85}, "ivs": {"hp": 31, "atk": 31, "def": 31, "spa": 31, "spd": 31, "spe": 31}, "item": "Heavy-Duty Boots", "teraType": "Water", "role": "Bulky Attacker", "bvs": {"hp": 70, "atk": 70, "def": 60, "spa": 105, "spd": 60, "spe": 125}, "stats": {"hp": 252, "atk": 164, "def": 147, "spa": 222, "spd": 147, "spe": 255}, "types": ["Electric", "Flying"]}}]}