{"id": "gen9randombattle-2631869475", "format": "[Gen 9] Random Battle", "players": ["SturmBrightblade", "Robin blue 43"], "log": "|j|\u2606SturmBrightblade\n|j|\u2606Robin blue 43\n|t:|1781450185\n|gametype|singles\n|player|p1|SturmBrightblade|169|1977\n|player|p2|Robin blue 43|170|1951\n|gen|9\n|tier|[Gen 9] Random Battle\n|rated|\n|rule|Species Clause: Limit one of each Pok\u00e9mon\n|rule|HP Percentage Mod: HP is shown in percentages\n|rule|Sleep Clause Mod: Limit one foe put to sleep\n|rule|Illusion Level Mod: Illusion disguises the Pok\u00e9mon's true level\n|\n|t:|1781450185\n|teamsize|p1|6\n|teamsize|p2|6\n|start\n|switch|p1a: Gardevoir|Gardevoir, L83, M|249/249\n|switch|p2a: Jumpluff|Jumpluff, L87, M|271/271\n|-ability|p1a: Gardevoir|Infiltrator|Trace|[from] ability: Trace|[of] p2a: Jumpluff\n|turn|1\n|inactive|Battle timer is ON: inactive players will automatically lose when time's up. (requested by SturmBrightblade)\n|\n|t:|1781450209\n|move|p1a: Gardevoir|Psychic|p2a: Jumpluff\n|-damage|p2a: Jumpluff|168/271\n|move|p2a: Jumpluff|Leech Seed|p1a: Gardevoir\n|-start|p1a: Gardevoir|move: Leech Seed\n|\n|-damage|p1a: Gardevoir|218/249|[from] Leech Seed|[of] p2a: Jumpluff\n|-heal|p2a: Jumpluff|199/271|[silent]\n|upkeep\n|turn|2\n|\n|t:|1781450221\n|switch|p1a: Tyranitar|Tyranitar, L78, M|284/284\n|-weather|Sandstorm|[from] ability: Sand Stream|[of] p1a: Tyranitar\n|move|p2a: Jumpluff|Substitute|p2a: Jumpluff\n|-start|p2a: Jumpluff|Substitute\n|-damage|p2a: Jumpluff|132/271\n|\n|-weather|Sandstorm|[upkeep]\n|-damage|p2a: Jumpluff|116/271|[from] Sandstorm\n|upkeep\n|turn|3\n|\n|t:|1781450225\n|move|p2a: Jumpluff|Strength Sap|p1a: Tyranitar\n|-unboost|p1a: Tyranitar|atk|1\n|-heal|p2a: Jumpluff|271/271\n|move|p1a: Tyranitar|Stone Edge|p2a: Jumpluff\n|-supereffective|p2a: Jumpluff\n|-end|p2a: Jumpluff|Substitute\n|\n|-weather|Sandstorm|[upkeep]\n|-damage|p2a: Jumpluff|255/271|[from] Sandstorm\n|upkeep\n|turn|4\n|\n|t:|1781450235\n|switch|p1a: Salazzle|Salazzle, L83, F|249/249\n|move|p2a: Jumpluff|Substitute|p2a: Jumpluff\n|-start|p2a: Jumpluff|Substitute\n|-damage|p2a: Jumpluff|188/271\n|\n|-weather|Sandstorm|[upkeep]\n|-damage|p1a: Salazzle|234/249|[from] Sandstorm\n|-damage|p2a: Jumpluff|172/271|[from] Sandstorm\n|upkeep\n|turn|5\n|\n|t:|1781450240\n|move|p1a: Salazzle|Sludge Wave|p2a: Jumpluff\n|-supereffective|p2a: Jumpluff\n|-end|p2a: Jumpluff|Substitute\n|move|p2a: Jumpluff|Acrobatics|p1a: Salazzle\n|-damage|p1a: Salazzle|119/249\n|\n|-weather|Sandstorm|[upkeep]\n|-damage|p1a: Salazzle|104/249|[from] Sandstorm\n|-damage|p2a: Jumpluff|156/271|[from] Sandstorm\n|upkeep\n|turn|6\n|\n|t:|1781450246\n|switch|p2a: Bastiodon|Bastiodon, L89, M|252/252\n|move|p1a: Salazzle|Fire Blast|p2a: Bastiodon|[miss]\n|-miss|p1a: Salazzle|p2a: Bastiodon\n|\n|-weather|none\n|upkeep\n|turn|7\n|\n|t:|1781450253\n|switch|p1a: Rillaboom|Rillaboom, L79, F|288/288\n|-fieldstart|move: Grassy Terrain|[from] ability: Grassy Surge|[of] p1a: Rillaboom\n|move|p2a: Bastiodon|Foul Play|p1a: Rillaboom\n|-damage|p1a: Rillaboom|205/288\n|\n|-heal|p1a: Rillaboom|223/288|[from] Grassy Terrain\n|upkeep\n|turn|8\n|\n|t:|1781450260\n|switch|p2a: Yanmega|Yanmega, L82, M|275/275\n|move|p1a: Rillaboom|Wood Hammer|p2a: Yanmega\n|-resisted|p2a: Yanmega\n|-damage|p2a: Yanmega|219/275\n|-damage|p1a: Rillaboom|205/288|[from] Recoil\n|-damage|p1a: Rillaboom|177/288|[from] item: Life Orb\n|\n|-heal|p1a: Rillaboom|195/288|[from] Grassy Terrain\n|upkeep\n|turn|9\n|\n|t:|1781450266\n|switch|p1a: Tyranitar|Tyranitar, L78, M|284/284\n|-weather|Sandstorm|[from] ability: Sand Stream|[of] p1a: Tyranitar\n|move|p2a: Yanmega|Air Slash|p1a: Tyranitar\n|-resisted|p1a: Tyranitar\n|-damage|p1a: Tyranitar|200/284\n|\n|-weather|Sandstorm|[upkeep]\n|-damage|p2a: Yanmega|202/275|[from] Sandstorm\n|-heal|p1a: Tyranitar|217/284|[from] Grassy Terrain\n|upkeep\n|turn|10\n|\n|t:|1781450274\n|switch|p2a: Bastiodon|Bastiodon, L89, M|252/252\n|move|p1a: Tyranitar|Dragon Dance|p1a: Tyranitar\n|-boost|p1a: Tyranitar|atk|1\n|-boost|p1a: Tyranitar|spe|1\n|\n|-weather|Sandstorm|[upkeep]\n|-heal|p1a: Tyranitar|234/284|[from] Grassy Terrain\n|upkeep\n|turn|11\n|\n|t:|1781450278\n|move|p1a: Tyranitar|Earthquake|p2a: Bastiodon\n|-supereffective|p2a: Bastiodon\n|-damage|p2a: Bastiodon|128/252\n|move|p2a: Bastiodon|Body Press|p1a: Tyranitar\n|-supereffective|p1a: Tyranitar\n|-crit|p1a: Tyranitar\n|-damage|p1a: Tyranitar|0 fnt\n|faint|p1a: Tyranitar\n|\n|-weather|Sandstorm|[upkeep]\n|-heal|p2a: Bastiodon|143/252|[from] Grassy Terrain\n|-fieldend|move: Grassy Terrain\n|upkeep\n|\n|t:|1781450287\n|switch|p1a: Hydreigon|Hydreigon, L79, F|275/275\n|turn|12\n|\n|t:|1781450294\n|move|p1a: Hydreigon|Dark Pulse|p2a: Bastiodon\n|-damage|p2a: Bastiodon|87/252\n|-damage|p1a: Hydreigon|248/275|[from] item: Life Orb\n|move|p2a: Bastiodon|Body Press|p1a: Hydreigon\n|-supereffective|p1a: Hydreigon\n|-damage|p1a: Hydreigon|58/275\n|\n|-weather|Sandstorm|[upkeep]\n|-damage|p1a: Hydreigon|41/275|[from] Sandstorm\n|upkeep\n|turn|13\n|\n|t:|1781450297\n|move|p1a: Hydreigon|Draco Meteor|p2a: Bastiodon\n|-resisted|p2a: Bastiodon\n|-damage|p2a: Bastiodon|47/252\n|-unboost|p1a: Hydreigon|spa|2\n|-damage|p1a: Hydreigon|14/275|[from] item: Life Orb\n|move|p2a: Bastiodon|Rest|p2a: Bastiodon\n|-status|p2a: Bastiodon|slp|[from] move: Rest\n|-heal|p2a: Bastiodon|252/252 slp|[silent]\n|-enditem|p2a: Bastiodon|Chesto Berry|[eat]\n|-curestatus|p2a: Bastiodon|slp|[msg]\n|\n|-weather|none\n|upkeep\n|turn|14\n|l|\u2606SturmBrightblade\n|inactive|SturmBrightblade disconnected and has a minute to reconnect!\n|player|p1|\n|inactive|SturmBrightblade has 30 seconds to reconnect!\n|inactive|SturmBrightblade has 20 seconds to reconnect!\n|inactive|SturmBrightblade has 15 seconds to reconnect!\n|inactive|SturmBrightblade has 10 seconds to reconnect!\n|inactive|SturmBrightblade has 5 seconds to reconnect!\n|-message|SturmBrightblade lost due to inactivity.\n|\n|win|Robin blue 43\n", "inputlog": ">version a8376a258c1d4662feba110a92103f3664a72141\n>start {\"formatid\":\"gen9randombattle\",\"seed\":\"sodium,735a6c161a33c392a7214889fcb4401e\",\"rated\":\"Rated battle\"}\n>player p1 {\"name\":\"SturmBrightblade\",\"avatar\":\"169\",\"rating\":1977,\"seed\":\"sodium,4a0b8b6f1d026f07d4511ccc8b99af36\"}\n>player p2 {\"name\":\"Robin blue 43\",\"avatar\":\"170\",\"rating\":1951,\"seed\":\"sodium,788228f797c5a54eedfb32e4495cb66b\"}\n>p1 move psychic\n>p2 move leechseed\n>p1 switch 4\n>p2 move substitute\n>p1 move stoneedge\n>p2 move strengthsap\n>p1 switch 3\n>p2 move substitute\n>p1 move sludgewave\n>p2 move acrobatics\n>p1 move fireblast\n>p2 switch 4\n>p1 switch 6\n>p2 move foulplay\n>p1 move woodhammer\n>p2 switch 5\n>p1 switch 3\n>p2 move airslash\n>p1 move dragondance\n>p2 switch 5\n>p1 move earthquake\n>p2 move bodypress\n>p1 switch 5\n>p1 move darkpulse\n>p2 move bodypress\n>p1 move dracometeor\n>p2 move rest\n>forcelose p1", "uploadtime": 1781450187, "views": 15, "formatid": "gen9randombattle", "rating": null, "private": 0, "password": null}