{"id": "gen9randombattle-2631724899", "format": "[Gen 9] Random Battle", "players": ["repains", "AlakazamHer"], "log": "|j|\u2606repains\n|j|\u2606AlakazamHer\n|t:|1781429075\n|gametype|singles\n|player|p1|repains|benga|2118\n|player|p2|AlakazamHer|170|2080\n|gen|9\n|tier|[Gen 9] Random Battle\n|rated|\n|rule|Species Clause: Limit one of each Pok\u00e9mon\n|rule|HP Percentage Mod: HP is shown in percentages\n|rule|Sleep Clause Mod: Limit one foe put to sleep\n|rule|Illusion Level Mod: Illusion disguises the Pok\u00e9mon's true level\n|\n|t:|1781429075\n|teamsize|p1|6\n|teamsize|p2|6\n|start\n|switch|p1a: Lanturn|Lanturn, L89, M|367/367\n|switch|p2a: Meowstic|Meowstic, L89, M|277/277\n|turn|1\n|inactive|Battle timer is ON: inactive players will automatically lose when time's up. (requested by repains)\n|inactive|repains has 120 seconds left.\n|\n|t:|1781429130\n|switch|p2a: Gurdurr|Gurdurr, L85, F|283/283\n|move|p1a: Lanturn|Thunder Wave|p2a: Gurdurr\n|-status|p2a: Gurdurr|par\n|\n|upkeep\n|turn|2\n|\n|t:|1781429144\n|move|p1a: Lanturn|Volt Switch|p2a: Gurdurr\n|-damage|p2a: Gurdurr|213/283 par\n|\n|t:|1781429148\n|switch|p1a: Mudsdale|Mudsdale, L83, F|302/302|[from] Volt Switch\n|move|p2a: Gurdurr|Knock Off|p1a: Mudsdale\n|-damage|p1a: Mudsdale|199/302\n|-ability|p1a: Mudsdale|Stamina|boost\n|-boost|p1a: Mudsdale|def|1\n|-enditem|p1a: Mudsdale|Leftovers|[from] move: Knock Off|[of] p2a: Gurdurr\n|\n|upkeep\n|turn|3\n|\n|t:|1781429156\n|switch|p2a: Milotic|Milotic, L83, F|293/293\n|move|p1a: Mudsdale|Stealth Rock|p2a: Milotic\n|-sidestart|p2: AlakazamHer|move: Stealth Rock\n|\n|upkeep\n|turn|4\n|\n|t:|1781429171\n|switch|p2a: Reshiram|Reshiram, L76|277/277\n|-ability|p2a: Reshiram|Turboblaze\n|switch|p1a: Lanturn|Lanturn, L89, M|367/367\n|\n|upkeep\n|turn|5\n|\n|t:|1781429181\n|switch|p2a: Gurdurr|Gurdurr, L85, F|213/283 par\n|-damage|p2a: Gurdurr|196/283 par|[from] Stealth Rock\n|move|p1a: Lanturn|Thunder Wave|p2a: Gurdurr\n|-fail|p2a: Gurdurr|par\n|\n|upkeep\n|turn|6\n|\n|t:|1781429186\n|move|p1a: Lanturn|Volt Switch|p2a: Gurdurr\n|-damage|p2a: Gurdurr|130/283 par\n|\n|t:|1781429191\n|switch|p1a: Mudsdale|Mudsdale, L83, F|199/302|[from] Volt Switch\n|cant|p2a: Gurdurr|par\n|\n|upkeep\n|turn|7\n|\n|t:|1781429201\n|move|p1a: Mudsdale|Earthquake|p2a: Gurdurr\n|-damage|p2a: Gurdurr|51/283 par\n|cant|p2a: Gurdurr|par\n|\n|upkeep\n|turn|8\n|\n|t:|1781429206\n|move|p1a: Mudsdale|Earthquake|p2a: Gurdurr\n|-damage|p2a: Gurdurr|0 fnt\n|faint|p2a: Gurdurr\n|\n|upkeep\n|\n|t:|1781429207\n|switch|p2a: Shaymin|Shaymin-Sky, L73|266/266\n|turn|9\n|\n|t:|1781429226\n|switch|p1a: Farigiraf|Farigiraf, L90, M|362/362\n|move|p2a: Shaymin|Seed Flare|p1a: Farigiraf\n|-ability|p1a: Farigiraf|Sap Sipper|boost\n|-boost|p1a: Farigiraf|atk|1\n|\n|upkeep\n|turn|10\n|\n|t:|1781429232\n|move|p2a: Shaymin|Air Slash|p1a: Farigiraf\n|-damage|p1a: Farigiraf|283/362\n|cant|p1a: Farigiraf|flinch\n|\n|-heal|p1a: Farigiraf|305/362|[from] item: Leftovers\n|upkeep\n|turn|11\n|\n|t:|1781429237\n|move|p2a: Shaymin|Air Slash|p1a: Farigiraf\n|-damage|p1a: Farigiraf|217/362\n|move|p1a: Farigiraf|Body Slam|p2a: Shaymin\n|-damage|p2a: Shaymin|64/266\n|\n|-heal|p1a: Farigiraf|239/362|[from] item: Leftovers\n|upkeep\n|turn|12\n|\n|t:|1781429240\n|move|p2a: Shaymin|Air Slash|p1a: Farigiraf\n|-damage|p1a: Farigiraf|164/362\n|cant|p1a: Farigiraf|flinch\n|\n|-heal|p1a: Farigiraf|186/362|[from] item: Leftovers\n|upkeep\n|turn|13\n|\n|t:|1781429246\n|move|p2a: Shaymin|Air Slash|p1a: Farigiraf\n|-crit|p1a: Farigiraf\n|-damage|p1a: Farigiraf|59/362\n|move|p1a: Farigiraf|Wish|p1a: Farigiraf\n|\n|-heal|p1a: Farigiraf|81/362|[from] item: Leftovers\n|upkeep\n|turn|14\n|\n|t:|1781429252\n|move|p1a: Farigiraf|Protect|p1a: Farigiraf\n|-singleturn|p1a: Farigiraf|Protect\n|move|p2a: Shaymin|Synthesis|p2a: Shaymin\n|-heal|p2a: Shaymin|197/266\n|\n|-heal|p1a: Farigiraf|262/362|[from] move: Wish|[wisher] Farigiraf\n|-heal|p1a: Farigiraf|284/362|[from] item: Leftovers\n|upkeep\n|turn|15\n|\n|t:|1781429257\n|move|p2a: Shaymin|Air Slash|p1a: Farigiraf\n|-damage|p1a: Farigiraf|202/362\n|move|p1a: Farigiraf|Body Slam|p2a: Shaymin\n|-damage|p2a: Shaymin|8/266\n|-status|p2a: Shaymin|par\n|\n|-heal|p1a: Farigiraf|224/362|[from] item: Leftovers\n|upkeep\n|turn|16\n|-message|AlakazamHer forfeited.\n|\n|win|repains\n", "inputlog": ">version a8376a258c1d4662feba110a92103f3664a72141\n>start {\"formatid\":\"gen9randombattle\",\"seed\":\"sodium,524f030d259c14e01bdddc2325aa17c9\",\"rated\":\"Rated battle\"}\n>player p1 {\"name\":\"repains\",\"avatar\":\"benga\",\"rating\":2118,\"seed\":\"sodium,02535e7a722c708bf01209e32c232dc3\"}\n>player p2 {\"name\":\"AlakazamHer\",\"avatar\":\"170\",\"rating\":2080,\"seed\":\"sodium,74dd1d957af693aae68009101337bca8\"}\n>p1 move thunderwave\n>p2 switch 5\n>p1 move voltswitch\n>p2 move knockoff\n>p1 switch 4\n>p1 move stealthrock\n>p2 switch 3\n>p1 switch 4\n>p2 switch 6\n>p1 move thunderwave\n>p2 switch 3\n>p1 move voltswitch\n>p2 move drainpunch\n>p1 switch 4\n>p1 move earthquake\n>p2 move drainpunch\n>p1 move earthquake\n>p2 move drainpunch\n>p2 switch 4\n>p1 switch 5\n>p2 move seedflare\n>p1 move bodyslam\n>p2 move airslash\n>p1 move bodyslam\n>p2 move airslash\n>p1 move bodyslam\n>p2 move airslash\n>p1 move wish\n>p2 move airslash\n>p1 move protect\n>p2 move synthesis\n>p1 move bodyslam\n>p2 move airslash\n>forcelose p2", "uploadtime": 1781429077, "views": 4, "formatid": "gen9randombattle", "rating": null, "private": 0, "password": null}