{"id": "gen9randombattle-2631510064", "format": "[Gen 9] Random Battle", "players": ["Moxie3317", "bluesun000"], "log": "|j|\u2606Moxie3317\n|j|\u2606bluesun000\n|t:|1781394352\n|gametype|singles\n|player|p1|Moxie3317|falkner|1907\n|player|p2|bluesun000|palmer|1929\n|gen|9\n|tier|[Gen 9] Random Battle\n|rated|\n|rule|Species Clause: Limit one of each Pok\u00e9mon\n|rule|HP Percentage Mod: HP is shown in percentages\n|rule|Sleep Clause Mod: Limit one foe put to sleep\n|rule|Illusion Level Mod: Illusion disguises the Pok\u00e9mon's true level\n|\n|t:|1781394352\n|teamsize|p1|6\n|teamsize|p2|6\n|start\n|switch|p1a: Ninetales|Ninetales, L85, M|263/263\n|switch|p2a: Slowking|Slowking, L88, M|310/310\n|-weather|SunnyDay|[from] ability: Drought|[of] p1a: Ninetales\n|turn|1\n|inactive|Battle timer is ON: inactive players will automatically lose when time's up. (requested by Moxie3317)\n|inactive|bluesun000 also wants the timer to be on.\n|\n|t:|1781394372\n|switch|p1a: Rillaboom|Rillaboom, L79, F|288/288\n|-fieldstart|move: Grassy Terrain|[from] ability: Grassy Surge|[of] p1a: Rillaboom\n|move|p2a: Slowking|Thunder Wave|p1a: Rillaboom\n|-status|p1a: Rillaboom|par\n|\n|-weather|SunnyDay|[upkeep]\n|upkeep\n|turn|2\n|\n|t:|1781394395\n|switch|p2a: Vileplume|Vileplume, L85, M|266/266\n|move|p1a: Rillaboom|Wood Hammer|p2a: Vileplume\n|-resisted|p2a: Vileplume\n|-damage|p2a: Vileplume|208/266\n|-damage|p1a: Rillaboom|269/288 par|[from] Recoil\n|-damage|p1a: Rillaboom|241/288 par|[from] item: Life Orb\n|\n|-weather|SunnyDay|[upkeep]\n|-heal|p2a: Vileplume|224/266|[from] Grassy Terrain\n|-heal|p2a: Vileplume|240/266|[from] item: Leftovers\n|-heal|p1a: Rillaboom|259/288 par|[from] Grassy Terrain\n|upkeep\n|turn|3\n|\n|t:|1781394413\n|switch|p1a: Minior|Minior-Blue, L79|224/224\n|-formechange|p1a: Minior|Minior-Meteor||[from] ability: Shields Down\n|move|p2a: Vileplume|Sludge Bomb|p1a: Minior\n|-resisted|p1a: Minior\n|-damage|p1a: Minior|176/224\n|\n|-weather|SunnyDay|[upkeep]\n|-heal|p2a: Vileplume|256/266|[from] Grassy Terrain\n|-heal|p2a: Vileplume|266/266|[from] item: Leftovers\n|upkeep\n|turn|4\n|\n|t:|1781394423\n|move|p1a: Minior|Shell Smash|p1a: Minior\n|-unboost|p1a: Minior|def|1\n|-unboost|p1a: Minior|spd|1\n|-boost|p1a: Minior|atk|2\n|-boost|p1a: Minior|spa|2\n|-boost|p1a: Minior|spe|2\n|-enditem|p1a: Minior|White Herb\n|-clearnegativeboost|p1a: Minior|[silent]\n|move|p2a: Vileplume|Leech Seed|p1a: Minior\n|-start|p1a: Minior|move: Leech Seed\n|\n|-weather|SunnyDay|[upkeep]\n|-damage|p1a: Minior|148/224|[from] Leech Seed|[of] p2a: Vileplume\n|upkeep\n|turn|5\n|inactive|bluesun000 has 120 seconds left.\n|inactive|bluesun000 has 90 seconds left.\n|\n|t:|1781394469\n|switch|p2a: Rotom|Rotom, L88|231/231\n|move|p1a: Minior|Acrobatics|p2a: Rotom\n|-resisted|p2a: Rotom\n|-damage|p2a: Rotom|157/231\n|\n|-weather|none\n|-damage|p1a: Minior|120/224|[from] Leech Seed|[of] p2a: Rotom\n|-heal|p2a: Rotom|185/231|[silent]\n|-fieldend|move: Grassy Terrain\n|upkeep\n|turn|6\n|inactive|bluesun000 has 90 seconds left.\n|\n|t:|1781394490\n|move|p1a: Minior|Power Gem|p2a: Rotom\n|-damage|p2a: Rotom|77/231\n|move|p2a: Rotom|Thunderbolt|p1a: Minior\n|-supereffective|p1a: Minior\n|-damage|p1a: Minior|0 fnt\n|faint|p1a: Minior\n|-damage|p2a: Rotom|54/231|[from] item: Life Orb\n|\n|upkeep\n|\n|t:|1781394501\n|switch|p1a: Rillaboom|Rillaboom, L79, F|259/288 par\n|-fieldstart|move: Grassy Terrain|[from] ability: Grassy Surge|[of] p1a: Rillaboom\n|turn|7\n|inactive|bluesun000 has 90 seconds left.\n|\n|t:|1781394521\n|switch|p2a: Vileplume|Vileplume, L85, M|266/266\n|switch|p1a: Conkeldurr|Conkeldurr, L80, F|299/299\n|\n|-status|p1a: Conkeldurr|brn|[from] item: Flame Orb\n|upkeep\n|turn|8\n|\n|t:|1781394532\n|move|p2a: Vileplume|Leech Seed|p1a: Conkeldurr\n|-start|p1a: Conkeldurr|move: Leech Seed\n|move|p1a: Conkeldurr|Knock Off|p2a: Vileplume\n|-damage|p2a: Vileplume|146/266\n|-enditem|p2a: Vileplume|Leftovers|[from] move: Knock Off|[of] p1a: Conkeldurr\n|\n|-heal|p2a: Vileplume|162/266|[from] Grassy Terrain\n|-damage|p1a: Conkeldurr|262/299 brn|[from] Leech Seed|[of] p2a: Vileplume\n|-heal|p2a: Vileplume|199/266|[silent]\n|-damage|p1a: Conkeldurr|244/299 brn|[from] brn\n|upkeep\n|turn|9\n|\n|t:|1781394550\n|move|p2a: Vileplume|Strength Sap|p1a: Conkeldurr\n|-unboost|p1a: Conkeldurr|atk|1\n|-heal|p2a: Vileplume|266/266\n|move|p1a: Conkeldurr|Facade|p2a: Vileplume\n|-damage|p2a: Vileplume|138/266\n|\n|-heal|p2a: Vileplume|154/266|[from] Grassy Terrain\n|-heal|p1a: Conkeldurr|262/299 brn|[from] Grassy Terrain\n|-damage|p1a: Conkeldurr|225/299 brn|[from] Leech Seed|[of] p2a: Vileplume\n|-heal|p2a: Vileplume|191/266|[silent]\n|-damage|p1a: Conkeldurr|207/299 brn|[from] brn\n|upkeep\n|turn|10\n|\n|t:|1781394559\n|switch|p1a: Rillaboom|Rillaboom, L79, F|259/288 par\n|move|p2a: Vileplume|Giga Drain|p1a: Rillaboom\n|-resisted|p1a: Rillaboom\n|-damage|p1a: Rillaboom|185/288 par\n|-heal|p2a: Vileplume|228/266|[from] drain|[of] p1a: Rillaboom\n|\n|-heal|p2a: Vileplume|244/266|[from] Grassy Terrain\n|-heal|p1a: Rillaboom|203/288 par|[from] Grassy Terrain\n|upkeep\n|turn|11\n|\n|t:|1781394567\n|switch|p1a: Overqwil|Overqwil, L82, F|274/274\n|-ability|p1a: Overqwil|Intimidate|boost\n|-unboost|p2a: Vileplume|atk|1\n|move|p2a: Vileplume|Sludge Bomb|p1a: Overqwil\n|-resisted|p1a: Overqwil\n|-damage|p1a: Overqwil|206/274\n|\n|-heal|p1a: Overqwil|223/274|[from] Grassy Terrain\n|-heal|p2a: Vileplume|260/266|[from] Grassy Terrain\n|-fieldend|move: Grassy Terrain\n|upkeep\n|turn|12\n|inactive|bluesun000 has 90 seconds left.\n|\n|t:|1781394577\n|move|p1a: Overqwil|Gunk Shot|p2a: Vileplume\n|-damage|p2a: Vileplume|37/266\n|move|p2a: Vileplume|Leech Seed|p1a: Overqwil\n|-start|p1a: Overqwil|move: Leech Seed\n|\n|-damage|p1a: Overqwil|189/274|[from] Leech Seed|[of] p2a: Vileplume\n|-heal|p2a: Vileplume|71/266|[silent]\n|upkeep\n|turn|13\n|inactive|bluesun000 has 90 seconds left.\n|\n|t:|1781394598\n|switch|p2a: Okidogi|Okidogi, L77, M|262/262\n|move|p1a: Overqwil|Gunk Shot|p2a: Okidogi\n|-resisted|p2a: Okidogi\n|-damage|p2a: Okidogi|169/262\n|\n|-damage|p1a: Overqwil|155/274|[from] Leech Seed|[of] p2a: Okidogi\n|-heal|p2a: Okidogi|203/262|[silent]\n|upkeep\n|turn|14\n|\n|t:|1781394620\n|switch|p1a: Noctowl|Noctowl, L95, F|344/344\n|move|p2a: Okidogi|Drain Punch|p1a: Noctowl\n|-damage|p1a: Noctowl|232/344\n|-heal|p2a: Okidogi|259/262|[from] drain|[of] p1a: Noctowl\n|-status|p1a: Noctowl|tox|[from] ability: Toxic Chain|[of] p2a: Okidogi\n|\n|-damage|p1a: Noctowl|211/344 tox|[from] psn\n|upkeep\n|turn|15\n|\n|t:|1781394629\n|switch|p2a: Rotom|Rotom, L88|54/231\n|move|p1a: Noctowl|Hurricane|p2a: Rotom|[miss]\n|-miss|p1a: Noctowl|p2a: Rotom\n|\n|-damage|p1a: Noctowl|169/344 tox|[from] psn\n|upkeep\n|turn|16\n|\n|t:|1781394646\n|move|p2a: Rotom|Thunderbolt|p1a: Noctowl\n|-supereffective|p1a: Noctowl\n|-damage|p1a: Noctowl|0 fnt\n|faint|p1a: Noctowl\n|-damage|p2a: Rotom|31/231|[from] item: Life Orb\n|\n|upkeep\n|\n|t:|1781394651\n|switch|p1a: Ninetales|Ninetales, L85, M|263/263\n|-weather|SunnyDay|[from] ability: Drought|[of] p1a: Ninetales\n|turn|17\n|\n|t:|1781394662\n|move|p1a: Ninetales|Solar Beam||[still]\n|-prepare|p1a: Ninetales|Solar Beam\n|-anim|p1a: Ninetales|Solar Beam|p2a: Rotom\n|-damage|p2a: Rotom|0 fnt\n|faint|p2a: Rotom\n|\n|-weather|SunnyDay|[upkeep]\n|upkeep\n|\n|t:|1781394671\n|switch|p2a: Komala|Komala, L88, M|258/258\n|-ability|p2a: Komala|Comatose\n|turn|18\n|\n|t:|1781394676\n|switch|p1a: Conkeldurr|Conkeldurr, L80, F|207/299 brn\n|move|p2a: Komala|Rapid Spin|p1a: Conkeldurr\n|-damage|p1a: Conkeldurr|144/299 brn\n|-boost|p2a: Komala|spe|1\n|\n|-weather|SunnyDay|[upkeep]\n|-damage|p1a: Conkeldurr|126/299 brn|[from] brn\n|upkeep\n|turn|19\n|inactive|bluesun000 has 60 seconds left.\n|\n|t:|1781394702\n|-terastallize|p2a: Komala|Ghost\n|move|p2a: Komala|Body Slam|p1a: Conkeldurr\n|-damage|p1a: Conkeldurr|18/299 brn\n|move|p1a: Conkeldurr|Close Combat|p2a: Komala\n|-immune|p2a: Komala\n|\n|-weather|SunnyDay|[upkeep]\n|-damage|p1a: Conkeldurr|0 fnt|[from] brn\n|faint|p1a: Conkeldurr\n|upkeep\n|\n|t:|1781394709\n|switch|p1a: Rillaboom|Rillaboom, L79, F|203/288 par\n|-fieldstart|move: Grassy Terrain|[from] ability: Grassy Surge|[of] p1a: Rillaboom\n|turn|20\n|inactive|bluesun000 has 60 seconds left.\n|\n|t:|1781394731\n|move|p2a: Komala|U-turn|p1a: Rillaboom\n|-supereffective|p1a: Rillaboom\n|-damage|p1a: Rillaboom|75/288 par\n|\n|t:|1781394734\n|switch|p2a: Vileplume|Vileplume, L85, M|71/266|[from] U-turn\n|cant|p1a: Rillaboom|par\n|\n|-weather|SunnyDay|[upkeep]\n|-heal|p2a: Vileplume|87/266|[from] Grassy Terrain\n|-heal|p1a: Rillaboom|93/288 par|[from] Grassy Terrain\n|upkeep\n|turn|21\n|\n|t:|1781394741\n|cant|p1a: Rillaboom|par\n|move|p2a: Vileplume|Strength Sap|p1a: Rillaboom\n|-unboost|p1a: Rillaboom|atk|1\n|-heal|p2a: Vileplume|266/266\n|\n|-weather|none\n|-heal|p1a: Rillaboom|111/288 par|[from] Grassy Terrain\n|upkeep\n|turn|22\n|\n|t:|1781394748\n|move|p2a: Vileplume|Sludge Bomb|p1a: Rillaboom\n|-supereffective|p1a: Rillaboom\n|-damage|p1a: Rillaboom|0 fnt\n|faint|p1a: Rillaboom\n|\n|upkeep\n|\n|t:|1781394753\n|switch|p1a: Ninetales|Ninetales, L85, M|263/263\n|-weather|SunnyDay|[from] ability: Drought|[of] p1a: Ninetales\n|turn|23\n|\n|t:|1781394761\n|switch|p2a: Komala|Komala, L88, M, tera:Ghost|258/258\n|-ability|p2a: Komala|Comatose\n|move|p1a: Ninetales|Fire Blast|p2a: Komala\n|-damage|p2a: Komala|162/258\n|\n|-weather|SunnyDay|[upkeep]\n|-heal|p2a: Komala|178/258|[from] Grassy Terrain\n|upkeep\n|turn|24\n|\n|t:|1781394770\n|move|p1a: Ninetales|Fire Blast|p2a: Komala\n|-damage|p2a: Komala|81/258\n|move|p2a: Komala|Body Slam|p1a: Ninetales\n|-damage|p1a: Ninetales|137/263\n|\n|-weather|SunnyDay|[upkeep]\n|-heal|p1a: Ninetales|153/263|[from] Grassy Terrain\n|-heal|p2a: Komala|97/258|[from] Grassy Terrain\n|-fieldend|move: Grassy Terrain\n|upkeep\n|turn|25\n|\n|t:|1781394775\n|move|p1a: Ninetales|Fire Blast|p2a: Komala\n|-damage|p2a: Komala|6/258\n|move|p2a: Komala|Body Slam|p1a: Ninetales\n|-damage|p1a: Ninetales|17/263\n|\n|-weather|SunnyDay|[upkeep]\n|upkeep\n|turn|26\n|\n|t:|1781394778\n|move|p1a: Ninetales|Scorching Sands|p2a: Komala\n|-damage|p2a: Komala|0 fnt\n|faint|p2a: Komala\n|\n|-weather|SunnyDay|[upkeep]\n|upkeep\n|\n|t:|1781394792\n|switch|p2a: Chansey|Chansey, L85, F|564/564\n|turn|27\n|\n|t:|1781394799\n|move|p1a: Ninetales|Scorching Sands|p2a: Chansey\n|-damage|p2a: Chansey|536/564\n|move|p2a: Chansey|Thunder Wave|p1a: Ninetales\n|-status|p1a: Ninetales|par\n|\n|-weather|none\n|upkeep\n|turn|28\n|\n|t:|1781394806\n|move|p2a: Chansey|Seismic Toss|p1a: Ninetales\n|-damage|p1a: Ninetales|0 fnt\n|faint|p1a: Ninetales\n|\n|upkeep\n|\n|t:|1781394807\n|switch|p1a: Overqwil|Overqwil, L82, F|155/274\n|-ability|p1a: Overqwil|Intimidate|boost\n|-unboost|p2a: Chansey|atk|1\n|turn|29\n|inactive|bluesun000 has 120 seconds left.\n|c|\u2606bluesun000|gg\n|\n|t:|1781394819\n|move|p1a: Overqwil|Gunk Shot|p2a: Chansey\n|-damage|p2a: Chansey|46/564\n|move|p2a: Chansey|Thunder Wave|p1a: Overqwil\n|-status|p1a: Overqwil|par\n|\n|upkeep\n|turn|30\n|inactive|bluesun000 has 120 seconds left.\n|-message|Moxie3317 forfeited.\n|\n|win|bluesun000\n", "inputlog": ">version a8376a258c1d4662feba110a92103f3664a72141\n>start {\"formatid\":\"gen9randombattle\",\"seed\":\"sodium,6cf6f2a6c2554d436044faeb48ddc4fa\",\"rated\":\"Rated battle\"}\n>player p1 {\"name\":\"Moxie3317\",\"avatar\":\"falkner\",\"rating\":1907,\"seed\":\"sodium,54148ca03697e980f7f133d25d91ed70\"}\n>player p2 {\"name\":\"bluesun000\",\"avatar\":\"palmer\",\"rating\":1929,\"seed\":\"sodium,a9549782eb5ef29c035c5f28954b1114\"}\n>p1 switch 6\n>p2 move thunderwave\n>p1 move woodhammer\n>p2 switch 6\n>p1 switch 3\n>p2 move sludgebomb\n>p1 move shellsmash\n>p2 move leechseed\n>p1 move acrobatics\n>p2 switch 5\n>p1 move powergem\n>p2 move thunderbolt\n>p1 switch 3\n>p1 switch 5\n>p2 switch 5\n>p1 move knockoff\n>p2 move leechseed\n>p1 move facade\n>p2 move strengthsap\n>p1 switch 5\n>p2 move gigadrain\n>p1 switch 2\n>p2 move sludgebomb\n>p1 move gunkshot\n>p2 move leechseed\n>p1 move gunkshot\n>p2 switch 4\n>p1 switch 4\n>p2 move drainpunch\n>p1 move hurricane\n>p2 switch 5\n>p1 move hurricane\n>p2 move thunderbolt\n>p1 switch 6\n>p1 move solarbeam\n>p2 move thunderbolt\n>p2 switch 2\n>p1 switch 5\n>p2 move rapidspin\n>p1 move closecombat\n>p2 move bodyslam terastallize\n>p1 switch 2\n>p1 move highhorsepower\n>p2 move uturn\n>p2 switch 4\n>p1 move grassyglide\n>p2 move strengthsap\n>p1 move highhorsepower\n>p2 move sludgebomb\n>p1 switch 5\n>p1 move fireblast\n>p2 switch 4\n>p1 move fireblast\n>p2 move bodyslam\n>p1 move fireblast\n>p2 move bodyslam\n>p1 move scorchingsands\n>p2 move bodyslam\n>p2 switch 3\n>p1 move scorchingsands\n>p2 move thunderwave\n>p1 move nastyplot\n>p2 move seismictoss\n>p1 switch 4\n>chat \u2606bluesun000|gg\n>p1 move gunkshot\n>p2 move thunderwave\n>forcelose p1", "uploadtime": 1781394354, "views": 6, "formatid": "gen9randombattle", "rating": null, "private": 0, "password": null}