{"id": "gen9randombattle-2631918279", "format": "[Gen 9] Random Battle", "players": ["alvx", "i'm_new_so_be_cool"], "log": "|badge|p2|bronze|gen9ubers|100-9\n|uhtml|medal-msg|<div class=\"broadcast-blue\">Curious what those medals under the avatar are? PS now has Ladder Seasons! For more information, check out the <a href=\"https://www.smogon.com/forums/threads/3740067/\">thread on Smogon.</a></div>\n|j|\u2606alvx\n|j|\u2606i'm_new_so_be_cool\n|t:|1781455514\n|gametype|singles\n|player|p1|alvx|alder|2114\n|player|p2|i'm_new_so_be_cool|ninjaboy|2171\n|gen|9\n|tier|[Gen 9] Random Battle\n|rated|\n|rule|Species Clause: Limit one of each Pok\u00e9mon\n|rule|HP Percentage Mod: HP is shown in percentages\n|rule|Sleep Clause Mod: Limit one foe put to sleep\n|rule|Illusion Level Mod: Illusion disguises the Pok\u00e9mon's true level\n|\n|t:|1781455514\n|teamsize|p1|6\n|teamsize|p2|6\n|start\n|switch|p1a: Politoed|Politoed, L88, M|302/302\n|switch|p2a: Glastrier|Glastrier, L86|311/311\n|-weather|RainDance|[from] ability: Drizzle|[of] p1a: Politoed\n|turn|1\n|inactive|Battle timer is ON: inactive players will automatically lose when time's up. (requested by alvx)\n|\n|t:|1781455529\n|move|p1a: Politoed|Weather Ball|p2a: Glastrier\n|-damage|p2a: Glastrier|103/311\n|move|p2a: Glastrier|Close Combat|p1a: Politoed\n|-damage|p1a: Politoed|91/302\n|-unboost|p2a: Glastrier|def|1\n|-unboost|p2a: Glastrier|spd|1\n|\n|-weather|RainDance|[upkeep]\n|upkeep\n|turn|2\n|\n|t:|1781455539\n|move|p1a: Politoed|Weather Ball|p2a: Glastrier\n|-damage|p2a: Glastrier|0 fnt\n|faint|p2a: Glastrier\n|\n|-weather|RainDance|[upkeep]\n|upkeep\n|\n|t:|1781455556\n|switch|p2a: Skuntank|Skuntank, L84, F|310/310\n|turn|3\n|\n|t:|1781455580\n|switch|p1a: Solgaleo|Solgaleo, L74|325/325\n|move|p2a: Skuntank|Knock Off|p1a: Solgaleo\n|-supereffective|p1a: Solgaleo\n|-damage|p1a: Solgaleo|96/325\n|-enditem|p1a: Solgaleo|Weakness Policy\n|-boost|p1a: Solgaleo|atk|2|[from] item: Weakness Policy\n|-boost|p1a: Solgaleo|spa|2|[from] item: Weakness Policy\n|-damage|p2a: Skuntank|279/310|[from] item: Life Orb\n|\n|-weather|RainDance|[upkeep]\n|upkeep\n|turn|4\n|inactive|alvx has 120 seconds left.\n|\n|t:|1781455601\n|move|p2a: Skuntank|Knock Off|p1a: Solgaleo\n|-supereffective|p1a: Solgaleo\n|-damage|p1a: Solgaleo|0 fnt\n|faint|p1a: Solgaleo\n|-damage|p2a: Skuntank|248/310|[from] item: Life Orb\n|\n|-weather|RainDance|[upkeep]\n|upkeep\n|inactive|alvx has 120 seconds left.\n|\n|t:|1781455620\n|switch|p1a: Kingambit|Kingambit, L74, F|270/270\n|-activate|p1a: Kingambit|ability: Supreme Overlord\n|-start|p1a: Kingambit|fallen1|[silent]\n|turn|5\n|\n|t:|1781455630\n|move|p2a: Skuntank|Taunt|p1a: Kingambit\n|-start|p1a: Kingambit|move: Taunt\n|move|p1a: Kingambit|Iron Head|p2a: Skuntank\n|-damage|p2a: Skuntank|139/310\n|\n|-weather|none\n|upkeep\n|turn|6\n|inactive|alvx has 120 seconds left.\n|inactive|i'm_new_so_be_cool has 120 seconds left.\n|inactive|i'm_new_so_be_cool has 90 seconds left.\n|inactive|i'm_new_so_be_cool has 60 seconds left.\n|\n|t:|1781455731\n|move|p2a: Skuntank|Knock Off|p1a: Kingambit\n|-resisted|p1a: Kingambit\n|-damage|p1a: Kingambit|218/270\n|-enditem|p1a: Kingambit|Leftovers|[from] move: Knock Off|[of] p2a: Skuntank\n|-damage|p2a: Skuntank|108/310|[from] item: Life Orb\n|move|p1a: Kingambit|Iron Head|p2a: Skuntank\n|-damage|p2a: Skuntank|0 fnt\n|-damage|p1a: Kingambit|151/270|[from] ability: Aftermath|[of] p2a: Skuntank\n|faint|p2a: Skuntank\n|\n|upkeep\n|\n|t:|1781455741\n|switch|p2a: Ogerpon|Ogerpon, L80, F|259/259\n|turn|7\n|inactive|alvx has 120 seconds left.\n|\n|t:|1781455754\n|-end|p1a: Kingambit|fallen1|[silent]\n|switch|p1a: Uxie|Uxie, L83|260/260\n|move|p2a: Ogerpon|Superpower|p1a: Uxie\n|-resisted|p1a: Uxie\n|-damage|p1a: Uxie|212/260\n|-unboost|p2a: Ogerpon|atk|1\n|-unboost|p2a: Ogerpon|def|1\n|-damage|p2a: Ogerpon|234/259|[from] item: Life Orb\n|\n|-heal|p1a: Uxie|228/260|[from] item: Leftovers\n|upkeep\n|turn|8\n|inactive|i'm_new_so_be_cool has 60 seconds left.\n|\n|t:|1781455778\n|switch|p2a: Ribombee|Ribombee, L83, F|235/235\n|move|p1a: Uxie|Stealth Rock|p2a: Ribombee\n|-sidestart|p2: i'm_new_so_be_cool|move: Stealth Rock\n|\n|-heal|p1a: Uxie|244/260|[from] item: Leftovers\n|upkeep\n|turn|9\n|inactive|alvx has 120 seconds left.\n|\n|t:|1781455797\n|move|p2a: Ribombee|Sticky Web|p1a: Uxie\n|-sidestart|p1: alvx|move: Sticky Web\n|move|p1a: Uxie|U-turn|p2a: Ribombee\n|-resisted|p2a: Ribombee\n|-damage|p2a: Ribombee|209/235\n|inactive|alvx has 120 seconds left.\n|\n|t:|1781455814\n|switch|p1a: Politoed|Politoed, L88, M|91/302|[from] U-turn\n|-activate|p1a: Politoed|move: Sticky Web\n|-unboost|p1a: Politoed|spe|1\n|-weather|RainDance|[from] ability: Drizzle|[of] p1a: Politoed\n|\n|-weather|RainDance|[upkeep]\n|upkeep\n|turn|10\n|inactive|i'm_new_so_be_cool has 60 seconds left.\n|\n|t:|1781455837\n|move|p2a: Ribombee|Moonblast|p1a: Politoed\n|-damage|p1a: Politoed|3/302\n|move|p1a: Politoed|Weather Ball|p2a: Ribombee\n|-damage|p2a: Ribombee|0 fnt\n|faint|p2a: Ribombee\n|\n|-weather|RainDance|[upkeep]\n|upkeep\n|inactive|i'm_new_so_be_cool has 30 seconds left.\n|inactive|i'm_new_so_be_cool has 20 seconds left.\n|inactive|i'm_new_so_be_cool has 15 seconds left.\n|inactive|i'm_new_so_be_cool has 10 seconds left.\n|\n|t:|1781455886\n|switch|p2a: Necrozma|Necrozma-Dawn-Wings, L76|272/272\n|-damage|p2a: Necrozma|238/272|[from] Stealth Rock\n|turn|11\n|inactive|i'm_new_so_be_cool has 20 seconds left this turn.\n|inactive|alvx has 120 seconds left.\n|inactive|i'm_new_so_be_cool has 15 seconds left.\n|\n|t:|1781455892\n|move|p2a: Necrozma|Moongeist Beam|p1a: Politoed\n|-damage|p1a: Politoed|0 fnt\n|faint|p1a: Politoed\n|\n|-weather|RainDance|[upkeep]\n|-heal|p2a: Necrozma|255/272|[from] item: Leftovers\n|upkeep\n|inactive|alvx has 120 seconds left.\n|\n|t:|1781455906\n|switch|p1a: Kingambit|Kingambit, L74, F|151/270\n|-activate|p1a: Kingambit|move: Sticky Web\n|-unboost|p1a: Kingambit|spe|1\n|-activate|p1a: Kingambit|ability: Supreme Overlord\n|-start|p1a: Kingambit|fallen2|[silent]\n|turn|12\n|inactive|i'm_new_so_be_cool has 30 seconds left this turn.\n|inactive|alvx has 120 seconds left.\n|\n|t:|1781455915\n|-terastallize|p2a: Necrozma|Dark\n|move|p2a: Necrozma|Calm Mind|p2a: Necrozma\n|-boost|p2a: Necrozma|spa|1\n|-boost|p2a: Necrozma|spd|1\n|move|p1a: Kingambit|Kowtow Cleave|p2a: Necrozma\n|-resisted|p2a: Necrozma\n|-damage|p2a: Necrozma|200/272\n|\n|-weather|RainDance|[upkeep]\n|-heal|p2a: Necrozma|217/272|[from] item: Leftovers\n|upkeep\n|turn|13\n|inactive|alvx has 120 seconds left.\n|\n|t:|1781455930\n|move|p2a: Necrozma|Moongeist Beam|p1a: Kingambit\n|-resisted|p1a: Kingambit\n|-damage|p1a: Kingambit|37/270\n|move|p1a: Kingambit|Iron Head|p2a: Necrozma\n|-damage|p2a: Necrozma|112/272\n|\n|-weather|none\n|-heal|p2a: Necrozma|129/272|[from] item: Leftovers\n|upkeep\n|turn|14\n|inactive|alvx has 120 seconds left.\n|\n|t:|1781455949\n|-end|p1a: Kingambit|fallen2|[silent]\n|switch|p1a: Uxie|Uxie, L83|244/260\n|move|p2a: Necrozma|Moonlight|p2a: Necrozma\n|-heal|p2a: Necrozma|265/272\n|\n|-heal|p1a: Uxie|260/260|[from] item: Leftovers\n|-heal|p2a: Necrozma|272/272|[from] item: Leftovers\n|upkeep\n|turn|15\n|inactive|alvx has 120 seconds left.\n|\n|t:|1781455968\n|switch|p2a: Dusknoir|Dusknoir, L89, F|225/225\n|-damage|p2a: Dusknoir|197/225|[from] Stealth Rock\n|-item|p1a: Uxie|Leftovers|[from] ability: Frisk|[of] p2a: Dusknoir\n|-terastallize|p1a: Uxie|Dark\n|move|p1a: Uxie|Yawn|p2a: Dusknoir\n|-start|p2a: Dusknoir|move: Yawn|[of] p1a: Uxie\n|\n|upkeep\n|turn|16\n|inactive|alvx has 120 seconds left.\n|\n|t:|1781455982\n|move|p1a: Uxie|Psychic Noise|p2a: Dusknoir\n|-damage|p2a: Dusknoir|149/225\n|-start|p2a: Dusknoir|move: Heal Block\n|cant|p2a: Dusknoir|move: Heal Block|Leech Life\n|\n|-end|p2a: Dusknoir|move: Yawn|[silent]\n|-status|p2a: Dusknoir|slp\n|upkeep\n|turn|17\n|\n|t:|1781455996\n|switch|p2a: Necrozma|Necrozma-Dawn-Wings, L76, tera:Dark|272/272\n|-damage|p2a: Necrozma|238/272|[from] Stealth Rock\n|move|p1a: Uxie|U-turn|p2a: Necrozma\n|-supereffective|p2a: Necrozma\n|-damage|p2a: Necrozma|175/272\n|inactive|alvx has 120 seconds left.\n|\n|t:|1781456014\n|switch|p1a: Breloom|Breloom, L83, F|235/235|[from] U-turn\n|-activate|p1a: Breloom|move: Sticky Web\n|-unboost|p1a: Breloom|spe|1\n|\n|-heal|p2a: Necrozma|192/272|[from] item: Leftovers\n|upkeep\n|turn|18\n|inactive|alvx has 120 seconds left.\n|inactive|i'm_new_so_be_cool has 30 seconds left.\n|inactive|i'm_new_so_be_cool has 20 seconds left.\n|inactive|i'm_new_so_be_cool has 15 seconds left.\n|inactive|i'm_new_so_be_cool has 10 seconds left.\n|j| boutiqswitch\n|inactive|i'm_new_so_be_cool has 5 seconds left.\n|-message|i'm_new_so_be_cool lost due to inactivity.\n|\n|win|alvx\n", "inputlog": ">version a8376a258c1d4662feba110a92103f3664a72141\n>start {\"formatid\":\"gen9randombattle\",\"seed\":\"sodium,22c1d00199da5ed5ec1d115cda69714e\",\"rated\":\"Rated battle\"}\n>player p1 {\"name\":\"alvx\",\"avatar\":\"alder\",\"rating\":2114,\"seed\":\"sodium,3b33b55226fbc4c55f165aac0e632144\"}\n>player p2 {\"name\":\"i'm_new_so_be_cool\",\"avatar\":\"ninjaboy\",\"rating\":2171,\"seed\":\"sodium,02045bfa56eb522fef8ce1483a6a732c\"}\n>p1 move weatherball\n>p2 move closecombat\n>p1 move weatherball\n>p2 move closecombat\n>p2 switch 2\n>p1 switch 3\n>p2 move knockoff\n>p1 move flamecharge\n>p2 move knockoff\n>p1 switch 4\n>p1 move ironhead\n>p2 move taunt\n>p1 move ironhead\n>p2 move knockoff\n>p2 switch 5\n>p1 switch 2\n>p2 move superpower\n>p1 move stealthrock\n>p2 switch 3\n>p1 move uturn\n>p2 move stickyweb\n>p1 switch 3\n>p1 move weatherball\n>p2 move moonblast\n>p2 switch 4\n>p1 move weatherball\n>p2 move moongeistbeam\n>p1 switch 2\n>p1 move kowtowcleave\n>p2 move calmmind terastallize\n>p1 move ironhead\n>p2 move moongeistbeam\n>p1 switch 3\n>p2 move moonlight\n>p1 move yawn terastallize\n>p2 switch 6\n>p1 move psychicnoise\n>p2 move leechlife\n>p1 move uturn\n>p2 switch 6\n>p1 switch 6\n>forcelose p2", "uploadtime": 1781455516, "views": 5, "formatid": "gen9randombattle", "rating": null, "private": 0, "password": null}