{"id": "gen9randombattle-2631768815", "format": "[Gen 9] Random Battle", "players": ["Valentina17", "tttttttttyyygggg"], "log": "|j|\u2606Valentina17\n|j|\u2606tttttttttyyygggg\n|t:|1781436705\n|gametype|singles\n|player|p1|Valentina17|parasollady|1929\n|player|p2|tttttttttyyygggg|101|1922\n|gen|9\n|tier|[Gen 9] Random Battle\n|rated|\n|rule|Species Clause: Limit one of each Pok\u00e9mon\n|rule|HP Percentage Mod: HP is shown in percentages\n|rule|Sleep Clause Mod: Limit one foe put to sleep\n|rule|Illusion Level Mod: Illusion disguises the Pok\u00e9mon's true level\n|\n|t:|1781436705\n|teamsize|p1|6\n|teamsize|p2|6\n|start\n|switch|p1a: Flareon|Flareon, L90, M|263/263\n|switch|p2a: Ursaluna|Ursaluna, L79, M|335/335\n|turn|1\n|inactive|Battle timer is ON: inactive players will automatically lose when time's up. (requested by tttttttttyyygggg)\n|\n|t:|1781436717\n|switch|p1a: Volbeat|Volbeat, L90, M|263/263\n|move|p2a: Ursaluna|Headlong Rush|p1a: Volbeat\n|-resisted|p1a: Volbeat\n|-damage|p1a: Volbeat|187/263\n|-unboost|p2a: Ursaluna|def|1\n|-unboost|p2a: Ursaluna|spd|1\n|\n|-status|p2a: Ursaluna|brn|[from] item: Flame Orb\n|upkeep\n|turn|2\n|\n|t:|1781436725\n|move|p1a: Volbeat|Encore|p2a: Ursaluna\n|-start|p2a: Ursaluna|Encore\n|move|p2a: Ursaluna|Headlong Rush|p1a: Volbeat\n|-resisted|p1a: Volbeat\n|-damage|p1a: Volbeat|58/263\n|-unboost|p2a: Ursaluna|def|1\n|-unboost|p2a: Ursaluna|spd|1\n|\n|-damage|p2a: Ursaluna|315/335 brn|[from] brn\n|upkeep\n|turn|3\n|\n|t:|1781436746\n|switch|p2a: Thundurus|Thundurus, L80, M|258/258\n|move|p1a: Volbeat|Roost|p1a: Volbeat\n|-heal|p1a: Volbeat|190/263\n|-singleturn|p1a: Volbeat|move: Roost\n|\n|upkeep\n|turn|4\n|\n|t:|1781436758\n|move|p2a: Thundurus|Thunderbolt|p1a: Volbeat\n|-damage|p1a: Volbeat|82/263\n|move|p1a: Volbeat|U-turn|p2a: Thundurus\n|-resisted|p2a: Thundurus\n|-damage|p2a: Thundurus|215/258\n|\n|t:|1781436763\n|switch|p1a: Flareon|Flareon, L90, M|263/263|[from] U-turn\n|\n|-status|p1a: Flareon|tox|[from] item: Toxic Orb\n|upkeep\n|turn|5\n|\n|t:|1781436775\n|move|p2a: Thundurus|Thunderbolt|p1a: Flareon\n|-crit|p1a: Flareon\n|-damage|p1a: Flareon|127/263 tox\n|move|p1a: Flareon|Trailblaze|p2a: Thundurus\n|-resisted|p2a: Thundurus\n|-damage|p2a: Thundurus|165/258\n|-boost|p1a: Flareon|spe|1\n|\n|-damage|p1a: Flareon|111/263 tox|[from] psn\n|upkeep\n|turn|6\n|\n|t:|1781436791\n|switch|p2a: Gengar|Gengar, L81, M|230/230\n|move|p1a: Flareon|Facade|p2a: Gengar\n|-immune|p2a: Gengar\n|\n|-damage|p1a: Flareon|79/263 tox|[from] psn\n|upkeep\n|turn|7\n|inactive|tttttttttyyygggg has 120 seconds left.\n|\n|t:|1781436821\n|switch|p2a: Thundurus|Thundurus, L80, M|165/258\n|move|p1a: Flareon|Flare Blitz|p2a: Thundurus\n|-damage|p2a: Thundurus|0 fnt\n|faint|p2a: Thundurus\n|-damage|p1a: Flareon|25/263 tox|[from] Recoil\n|\n|-damage|p1a: Flareon|0 fnt|[from] psn\n|faint|p1a: Flareon\n|upkeep\n|\n|t:|1781436832\n|switch|p2a: Ursaluna|Ursaluna, L79, M|315/335 brn\n|switch|p1a: Volbeat|Volbeat, L90, M|82/263\n|turn|8\n|\n|t:|1781436841\n|move|p1a: Volbeat|U-turn|p2a: Ursaluna\n|-damage|p2a: Ursaluna|251/335 brn\n|\n|t:|1781436847\n|switch|p1a: Kommo-o|Kommo-o, L78, M|245/245|[from] U-turn\n|move|p2a: Ursaluna|Trailblaze|p1a: Kommo-o\n|-resisted|p1a: Kommo-o\n|-damage|p1a: Kommo-o|221/245\n|-boost|p2a: Ursaluna|spe|1\n|\n|-damage|p2a: Ursaluna|231/335 brn|[from] brn\n|upkeep\n|turn|9\n|inactive|tttttttttyyygggg has 120 seconds left.\n|\n|t:|1781436880\n|move|p2a: Ursaluna|Headlong Rush|p1a: Kommo-o\n|-damage|p1a: Kommo-o|47/245\n|-unboost|p2a: Ursaluna|def|1\n|-unboost|p2a: Ursaluna|spd|1\n|move|p1a: Kommo-o|Scale Shot|p2a: Ursaluna\n|-damage|p2a: Ursaluna|195/335 brn\n|-damage|p2a: Ursaluna|161/335 brn\n|-damage|p2a: Ursaluna|128/335 brn\n|-damage|p2a: Ursaluna|88/335 brn\n|-damage|p2a: Ursaluna|51/335 brn\n|-hitcount|p2a: Ursaluna|5\n|-unboost|p1a: Kommo-o|def|1\n|-boost|p1a: Kommo-o|spe|1\n|\n|-damage|p2a: Ursaluna|31/335 brn|[from] brn\n|upkeep\n|turn|10\n|inactive|tttttttttyyygggg has 90 seconds left.\n|\n|t:|1781436900\n|move|p1a: Kommo-o|Iron Head|p2a: Ursaluna\n|-damage|p2a: Ursaluna|0 fnt\n|faint|p2a: Ursaluna\n|\n|upkeep\n|inactive|tttttttttyyygggg has 90 seconds left.\n|\n|t:|1781436925\n|switch|p2a: Leavanny|Leavanny, L86, F|269/269\n|turn|11\n|\n|t:|1781436944\n|move|p1a: Kommo-o|Swords Dance|p1a: Kommo-o\n|-boost|p1a: Kommo-o|atk|2\n|move|p2a: Leavanny|Bullet Seed|p1a: Kommo-o\n|-resisted|p1a: Kommo-o\n|-damage|p1a: Kommo-o|29/245\n|-resisted|p1a: Kommo-o\n|-damage|p1a: Kommo-o|9/245\n|-resisted|p1a: Kommo-o\n|-damage|p1a: Kommo-o|0 fnt\n|faint|p1a: Kommo-o\n|-hitcount|p1: Kommo-o|3\n|\n|upkeep\n|\n|t:|1781436951\n|switch|p1a: Volbeat|Volbeat, L90, M|82/263\n|turn|12\n|\n|t:|1781436965\n|move|p1a: Volbeat|Encore|p2a: Leavanny\n|-start|p2a: Leavanny|Encore\n|move|p2a: Leavanny|Bullet Seed|p1a: Volbeat\n|-resisted|p1a: Volbeat\n|-damage|p1a: Volbeat|66/263\n|-resisted|p1a: Volbeat\n|-damage|p1a: Volbeat|51/263\n|-resisted|p1a: Volbeat\n|-damage|p1a: Volbeat|37/263\n|-resisted|p1a: Volbeat\n|-damage|p1a: Volbeat|23/263\n|-hitcount|p1a: Volbeat|4\n|\n|upkeep\n|turn|13\n|\n|t:|1781436977\n|switch|p2a: Dudunsparce|Dudunsparce-Three-Segment, L83, F|343/343\n|move|p1a: Volbeat|Roost|p1a: Volbeat\n|-heal|p1a: Volbeat|155/263\n|-singleturn|p1a: Volbeat|move: Roost\n|\n|upkeep\n|turn|14\n|\n|t:|1781436989\n|move|p1a: Volbeat|Thunder Wave|p2a: Dudunsparce\n|-status|p2a: Dudunsparce|par\n|cant|p2a: Dudunsparce|par\n|\n|upkeep\n|turn|15\n|\n|t:|1781436995\n|move|p1a: Volbeat|U-turn|p2a: Dudunsparce\n|-damage|p2a: Dudunsparce|262/343 par\n|-ability|p2a: Dudunsparce|Rattled|boost\n|-boost|p2a: Dudunsparce|spe|1\n|\n|t:|1781437003\n|switch|p1a: Passimian|Passimian, L83, M|302/302|[from] U-turn\n|move|p2a: Dudunsparce|Boomburst|p1a: Passimian\n|-damage|p1a: Passimian|110/302\n|\n|-heal|p2a: Dudunsparce|283/343 par|[from] item: Leftovers\n|upkeep\n|turn|16\n|\n|t:|1781437011\n|move|p1a: Passimian|Knock Off|p2a: Dudunsparce\n|-damage|p2a: Dudunsparce|145/343 par\n|-ability|p2a: Dudunsparce|Rattled|boost\n|-boost|p2a: Dudunsparce|spe|1\n|-enditem|p2a: Dudunsparce|Leftovers|[from] move: Knock Off|[of] p1a: Passimian\n|move|p2a: Dudunsparce|Boomburst|p1a: Passimian\n|-damage|p1a: Passimian|0 fnt\n|faint|p1a: Passimian\n|\n|upkeep\n|\n|t:|1781437018\n|switch|p1a: Volbeat|Volbeat, L90, M|155/263\n|turn|17\n|\n|t:|1781437023\n|move|p1a: Volbeat|U-turn|p2a: Dudunsparce\n|-crit|p2a: Dudunsparce\n|-damage|p2a: Dudunsparce|21/343 par\n|-ability|p2a: Dudunsparce|Rattled|boost\n|-boost|p2a: Dudunsparce|spe|1\n|\n|t:|1781437028\n|switch|p1a: Coalossal|Coalossal, L89, M|341/341|[from] U-turn\n|move|p2a: Dudunsparce|Roost|p2a: Dudunsparce\n|-heal|p2a: Dudunsparce|193/343 par\n|-singleturn|p2a: Dudunsparce|move: Roost\n|\n|upkeep\n|turn|18\n|\n|t:|1781437035\n|move|p2a: Dudunsparce|Earthquake|p1a: Coalossal\n|-supereffective|p1a: Coalossal\n|-damage|p1a: Coalossal|141/341\n|move|p1a: Coalossal|Stone Edge|p2a: Dudunsparce\n|-damage|p2a: Dudunsparce|82/343 par\n|\n|upkeep\n|turn|19\n|inactive|tttttttttyyygggg has 120 seconds left.\n|\n|t:|1781437043\n|cant|p2a: Dudunsparce|par\n|move|p1a: Coalossal|Rapid Spin|p2a: Dudunsparce\n|-damage|p2a: Dudunsparce|47/343 par\n|-boost|p1a: Coalossal|spe|1\n|\n|upkeep\n|turn|20\n|\n|t:|1781437049\n|cant|p2a: Dudunsparce|par\n|move|p1a: Coalossal|Overheat|p2a: Dudunsparce\n|-damage|p2a: Dudunsparce|0 fnt\n|-unboost|p1a: Coalossal|spa|2\n|faint|p2a: Dudunsparce\n|\n|upkeep\n|inactive|tttttttttyyygggg has 120 seconds left.\n|\n|t:|1781437070\n|switch|p2a: Gengar|Gengar, L81, M|230/230\n|turn|21\n|\n|t:|1781437074\n|-terastallize|p2a: Gengar|Ghost\n|move|p2a: Gengar|Shadow Ball|p1a: Coalossal\n|-damage|p1a: Coalossal|0 fnt\n|faint|p1a: Coalossal\n|-damage|p2a: Gengar|207/230|[from] item: Life Orb\n|\n|upkeep\n|\n|t:|1781437082\n|switch|p1a: Garganacl|Garganacl, L80, F|291/291\n|turn|22\n|\n|t:|1781437088\n|move|p2a: Gengar|Focus Blast|p1a: Garganacl\n|-supereffective|p1a: Garganacl\n|-damage|p1a: Garganacl|8/291\n|-damage|p2a: Gengar|184/230|[from] item: Life Orb\n|move|p1a: Garganacl|Salt Cure|p2a: Gengar\n|-crit|p2a: Gengar\n|-damage|p2a: Gengar|99/230\n|-start|p2a: Gengar|Salt Cure\n|-start|p1a: Garganacl|Disable|Salt Cure|[from] ability: Cursed Body|[of] p2a: Gengar\n|\n|-heal|p1a: Garganacl|26/291|[from] item: Leftovers\n|-damage|p2a: Gengar|71/230|[from] Salt Cure\n|upkeep\n|turn|23\n|\n|t:|1781437099\n|switch|p1a: Volbeat|Volbeat, L90, M|155/263\n|move|p2a: Gengar|Shadow Ball|p1a: Volbeat\n|-crit|p1a: Volbeat\n|-damage|p1a: Volbeat|0 fnt\n|faint|p1a: Volbeat\n|-damage|p2a: Gengar|48/230|[from] item: Life Orb\n|\n|-damage|p2a: Gengar|20/230|[from] Salt Cure\n|upkeep\n|\n|t:|1781437104\n|switch|p1a: Garganacl|Garganacl, L80, F|26/291\n|turn|24\n|\n|t:|1781437111\n|move|p2a: Gengar|Focus Blast|p1a: Garganacl|[miss]\n|-miss|p2a: Gengar|p1a: Garganacl\n|move|p1a: Garganacl|Recover|p1a: Garganacl\n|-heal|p1a: Garganacl|172/291\n|\n|-heal|p1a: Garganacl|190/291|[from] item: Leftovers\n|-damage|p2a: Gengar|0 fnt|[from] Salt Cure\n|faint|p2a: Gengar\n|upkeep\n|\n|t:|1781437122\n|switch|p2a: Illumise|Illumise, L91, F|266/266\n|turn|25\n|\n|t:|1781437126\n|-terastallize|p1a: Garganacl|Ghost\n|move|p2a: Illumise|Encore|p1a: Garganacl\n|-start|p1a: Garganacl|Encore\n|move|p1a: Garganacl|Recover|p1a: Garganacl\n|-heal|p1a: Garganacl|291/291\n|\n|upkeep\n|turn|26\n|\n|t:|1781437135\n|move|p2a: Illumise|Bug Buzz|p1a: Garganacl\n|-resisted|p1a: Garganacl\n|-damage|p1a: Garganacl|240/291\n|move|p1a: Garganacl|Recover|p1a: Garganacl\n|-heal|p1a: Garganacl|291/291\n|\n|upkeep\n|turn|27\n|\n|t:|1781437149\n|move|p2a: Illumise|Thunder Wave|p1a: Garganacl\n|-immune|p1a: Garganacl|[from] ability: Purifying Salt\n|move|p1a: Garganacl|Recover||[still]\n|-fail|p1a: Garganacl|heal\n|\n|-end|p1a: Garganacl|Encore\n|upkeep\n|turn|28\n|\n|t:|1781437155\n|move|p2a: Illumise|Encore|p1a: Garganacl\n|-start|p1a: Garganacl|Encore\n|move|p1a: Garganacl|Recover||[still]\n|-fail|p1a: Garganacl|heal\n|\n|upkeep\n|turn|29\n|\n|t:|1781437162\n|move|p2a: Illumise|Bug Buzz|p1a: Garganacl\n|-resisted|p1a: Garganacl\n|-damage|p1a: Garganacl|246/291\n|move|p1a: Garganacl|Recover|p1a: Garganacl\n|-heal|p1a: Garganacl|291/291\n|\n|upkeep\n|turn|30\n|\n|t:|1781437171\n|move|p2a: Illumise|Bug Buzz|p1a: Garganacl\n|-resisted|p1a: Garganacl\n|-damage|p1a: Garganacl|241/291\n|move|p1a: Garganacl|Recover|p1a: Garganacl\n|-heal|p1a: Garganacl|291/291\n|\n|-end|p1a: Garganacl|Encore\n|upkeep\n|turn|31\n|\n|t:|1781437176\n|move|p2a: Illumise|Encore|p1a: Garganacl\n|-start|p1a: Garganacl|Encore\n|move|p1a: Garganacl|Recover||[still]\n|-fail|p1a: Garganacl|heal\n|\n|-end|p1a: Garganacl|Encore\n|upkeep\n|turn|32\n|\n|t:|1781437198\n|move|p2a: Illumise|Bug Buzz|p1a: Garganacl\n|-resisted|p1a: Garganacl\n|-damage|p1a: Garganacl|247/291\n|move|p1a: Garganacl|Salt Cure|p2a: Illumise\n|-supereffective|p2a: Illumise\n|-damage|p2a: Illumise|174/266\n|-start|p2a: Illumise|Salt Cure\n|\n|-heal|p1a: Garganacl|265/291|[from] item: Leftovers\n|-damage|p2a: Illumise|141/266|[from] Salt Cure\n|upkeep\n|turn|33\n|\n|t:|1781437205\n|move|p2a: Illumise|Roost|p2a: Illumise\n|-heal|p2a: Illumise|266/266\n|-singleturn|p2a: Illumise|move: Roost\n|move|p1a: Garganacl|Salt Cure|p2a: Illumise\n|-supereffective|p2a: Illumise\n|-damage|p2a: Illumise|186/266\n|\n|-heal|p1a: Garganacl|283/291|[from] item: Leftovers\n|-damage|p2a: Illumise|153/266|[from] Salt Cure\n|upkeep\n|turn|34\n|inactive|Valentina17 has 120 seconds left.\n|\n|t:|1781437234\n|move|p2a: Illumise|Bug Buzz|p1a: Garganacl\n|-resisted|p1a: Garganacl\n|-damage|p1a: Garganacl|239/291\n|move|p1a: Garganacl|Salt Cure|p2a: Illumise\n|-supereffective|p2a: Illumise\n|-damage|p2a: Illumise|69/266\n|\n|-heal|p1a: Garganacl|257/291|[from] item: Leftovers\n|-damage|p2a: Illumise|36/266|[from] Salt Cure\n|upkeep\n|turn|35\n|inactive|Valentina17 has 120 seconds left.\n|\n|t:|1781437253\n|move|p2a: Illumise|Bug Buzz|p1a: Garganacl\n|-resisted|p1a: Garganacl\n|-damage|p1a: Garganacl|209/291\n|move|p1a: Garganacl|Salt Cure|p2a: Illumise\n|-supereffective|p2a: Illumise\n|-damage|p2a: Illumise|0 fnt\n|faint|p2a: Illumise\n|\n|-heal|p1a: Garganacl|227/291|[from] item: Leftovers\n|upkeep\n|\n|t:|1781437258\n|switch|p2a: Leavanny|Leavanny, L86, F|269/269\n|turn|36\n|inactive|Valentina17 has 120 seconds left.\n|\n|t:|1781437276\n|move|p2a: Leavanny|Knock Off|p1a: Garganacl\n|-supereffective|p1a: Garganacl\n|-damage|p1a: Garganacl|117/291\n|-enditem|p1a: Garganacl|Leftovers|[from] move: Knock Off|[of] p2a: Leavanny\n|move|p1a: Garganacl|Salt Cure|p2a: Leavanny\n|-supereffective|p2a: Leavanny\n|-damage|p2a: Leavanny|185/269\n|-start|p2a: Leavanny|Salt Cure\n|\n|-damage|p2a: Leavanny|152/269|[from] Salt Cure\n|upkeep\n|turn|37\n|inactive|Valentina17 has 120 seconds left.\n|\n|t:|1781437284\n|move|p2a: Leavanny|Bullet Seed|p1a: Garganacl\n|-damage|p1a: Garganacl|95/291\n|-damage|p1a: Garganacl|70/291\n|-damage|p1a: Garganacl|45/291\n|-damage|p1a: Garganacl|20/291\n|-hitcount|p1a: Garganacl|4\n|move|p1a: Garganacl|Salt Cure|p2a: Leavanny\n|-supereffective|p2a: Leavanny\n|-damage|p2a: Leavanny|68/269\n|\n|-damage|p2a: Leavanny|35/269|[from] Salt Cure\n|upkeep\n|turn|38\n|\n|t:|1781437291\n|move|p2a: Leavanny|Bullet Seed|p1a: Garganacl\n|-damage|p1a: Garganacl|0 fnt\n|faint|p1a: Garganacl\n|-hitcount|p1: Garganacl|1\n|\n|win|tttttttttyyygggg\n", "uploadtime": 1781436707, "views": 3, "formatid": "gen9randombattle", "rating": null, "private": 0, "password": null}