{"id": "gen9randombattle-2631577100", "format": "[Gen 9] Random Battle", "players": ["bluesun000", "Budgers"], "log": "|j|\u2606bluesun000\n|j|\u2606Budgers\n|t:|1781403680\n|gametype|singles\n|player|p1|bluesun000|palmer|1916\n|player|p2|Budgers|169|1945\n|gen|9\n|tier|[Gen 9] Random Battle\n|rated|\n|rule|Species Clause: Limit one of each Pok\u00e9mon\n|rule|HP Percentage Mod: HP is shown in percentages\n|rule|Sleep Clause Mod: Limit one foe put to sleep\n|rule|Illusion Level Mod: Illusion disguises the Pok\u00e9mon's true level\n|\n|t:|1781403680\n|teamsize|p1|6\n|teamsize|p2|6\n|start\n|switch|p1a: Cacturne|Cacturne, L92, F|278/278\n|switch|p2a: Scizor|Scizor, L79, M|240/240\n|turn|1\n|inactive|Battle timer is ON: inactive players will automatically lose when time's up. (requested by bluesun000)\n|inactive|bluesun000 has 120 seconds left.\n|\n|t:|1781403737\n|switch|p1a: Honchkrow|Honchkrow, L86, F|312/312\n|move|p2a: Scizor|Swords Dance|p2a: Scizor\n|-boost|p2a: Scizor|atk|2\n|\n|upkeep\n|turn|2\n|\n|t:|1781403763\n|switch|p2a: Manaphy|Manaphy, L78|284/284\n|move|p1a: Honchkrow|Thunder Wave|p2a: Manaphy\n|-status|p2a: Manaphy|par\n|\n|upkeep\n|turn|3\n|inactive|bluesun000 has 120 seconds left.\n|\n|t:|1781403781\n|switch|p1a: Empoleon|Empoleon, L84, F|278/278\n|move|p2a: Manaphy|Ice Beam|p1a: Empoleon\n|-resisted|p1a: Empoleon\n|-damage|p1a: Empoleon|265/278\n|\n|-heal|p1a: Empoleon|278/278|[from] item: Leftovers\n|upkeep\n|turn|4\n|\n|t:|1781403786\n|move|p1a: Empoleon|Stealth Rock|p2a: Manaphy\n|-sidestart|p2: Budgers|move: Stealth Rock\n|move|p2a: Manaphy|Energy Ball|p1a: Empoleon\n|-damage|p1a: Empoleon|225/278\n|\n|-heal|p1a: Empoleon|242/278|[from] item: Leftovers\n|upkeep\n|turn|5\n|\n|t:|1781403797\n|switch|p2a: Zekrom|Zekrom, L71|259/259\n|-damage|p2a: Zekrom|227/259|[from] Stealth Rock\n|-ability|p2a: Zekrom|Teravolt\n|move|p1a: Empoleon|Roar|p2a: Zekrom\n|drag|p2a: Kleavor|Kleavor, L78, M|237/237\n|\n|-heal|p1a: Empoleon|259/278|[from] item: Leftovers\n|upkeep\n|turn|6\n|inactive|bluesun000 has 120 seconds left.\n|\n|t:|1781403827\n|move|p2a: Kleavor|Stone Axe|p1a: Empoleon\n|-resisted|p1a: Empoleon\n|-damage|p1a: Empoleon|202/278\n|-sidestart|p1: bluesun000|move: Stealth Rock\n|move|p1a: Empoleon|Surf|p2a: Kleavor\n|-supereffective|p2a: Kleavor\n|-damage|p2a: Kleavor|0 fnt\n|faint|p2a: Kleavor\n|\n|-heal|p1a: Empoleon|219/278|[from] item: Leftovers\n|upkeep\n|\n|t:|1781403832\n|switch|p2a: Zekrom|Zekrom, L71|227/259\n|-damage|p2a: Zekrom|195/259|[from] Stealth Rock\n|-ability|p2a: Zekrom|Teravolt\n|turn|7\n|inactive|bluesun000 has 120 seconds left.\n|\n|t:|1781403861\n|switch|p1a: Toedscruel|Toedscruel, L87, F|281/281\n|-damage|p1a: Toedscruel|264/281|[from] Stealth Rock\n|move|p2a: Zekrom|Bolt Strike|p1a: Toedscruel\n|-immune|p1a: Toedscruel\n|\n|-heal|p1a: Toedscruel|281/281|[from] item: Leftovers\n|-heal|p2a: Zekrom|211/259|[from] item: Leftovers\n|upkeep\n|turn|8\n|\n|t:|1781403868\n|switch|p2a: Manaphy|Manaphy, L78|284/284 par\n|-damage|p2a: Manaphy|249/284 par|[from] Stealth Rock\n|move|p1a: Toedscruel|Rapid Spin|p2a: Manaphy\n|-damage|p2a: Manaphy|220/284 par\n|-boost|p1a: Toedscruel|spe|1\n|-sideend|p1: bluesun000|Stealth Rock|[from] move: Rapid Spin|[of] p1a: Toedscruel\n|\n|-heal|p2a: Manaphy|237/284 par|[from] item: Leftovers\n|upkeep\n|turn|9\n|\n|t:|1781403889\n|switch|p1a: Revavroom|Revavroom, L79, F|256/256\n|cant|p2a: Manaphy|par\n|\n|-heal|p2a: Manaphy|254/284 par|[from] item: Leftovers\n|upkeep\n|turn|10\n|\n|t:|1781403895\n|move|p1a: Revavroom|Shift Gear|p1a: Revavroom\n|-boost|p1a: Revavroom|spe|2\n|-boost|p1a: Revavroom|atk|1\n|cant|p2a: Manaphy|par\n|\n|-heal|p2a: Manaphy|271/284 par|[from] item: Leftovers\n|upkeep\n|turn|11\n|-message|Budgers forfeited.\n|\n|win|bluesun000\n", "inputlog": ">version a8376a258c1d4662feba110a92103f3664a72141\n>start {\"formatid\":\"gen9randombattle\",\"seed\":\"sodium,5a3fc3df44847bfed5780c7c3c313199\",\"rated\":\"Rated battle\"}\n>player p1 {\"name\":\"bluesun000\",\"avatar\":\"palmer\",\"rating\":1916,\"seed\":\"sodium,921fde7f67f9399f107c2d623f38bbe2\"}\n>player p2 {\"name\":\"Budgers\",\"avatar\":\"169\",\"rating\":1945,\"seed\":\"sodium,cc5fe9f095ecd0bcf898a8a2ffbb29b0\"}\n>p1 switch 6\n>p2 move swordsdance\n>p1 move thunderwave\n>p2 switch 3\n>p1 switch 5\n>p2 move icebeam\n>p1 move stealthrock\n>p2 move energyball\n>p1 move roar\n>p2 switch 5\n>p1 move surf\n>p2 move stoneaxe\n>p2 switch 2\n>p1 switch 4\n>p2 move boltstrike\n>p1 move rapidspin\n>p2 switch 5\n>p1 switch 3\n>p2 move icebeam\n>p1 move shiftgear\n>p2 move hydropump\n>forcelose p2", "uploadtime": 1781403682, "views": 4, "formatid": "gen9randombattle", "rating": null, "private": 0, "password": null}