{"id": "gen9randombattle-2631773916", "format": "[Gen 9] Random Battle", "players": ["asdzxc112", "jorgealc_"], "log": "|j|\u2606asdzxc112\n|j|\u2606jorgealc_\n|t:|1781437527\n|gametype|singles\n|player|p1|asdzxc112|2|1657\n|player|p2|jorgealc_|crasherwake|1712\n|gen|9\n|tier|[Gen 9] Random Battle\n|rated|\n|rule|Species Clause: Limit one of each Pok\u00e9mon\n|rule|HP Percentage Mod: HP is shown in percentages\n|rule|Sleep Clause Mod: Limit one foe put to sleep\n|rule|Illusion Level Mod: Illusion disguises the Pok\u00e9mon's true level\n|\n|t:|1781437527\n|teamsize|p1|6\n|teamsize|p2|6\n|start\n|switch|p1a: Houndstone|Houndstone, L86, F|264/264\n|switch|p2a: Torkoal|Torkoal, L88, M|266/266\n|-weather|SunnyDay|[from] ability: Drought|[of] p2a: Torkoal\n|turn|1\n|inactive|Battle timer is ON: inactive players will automatically lose when time's up. (requested by asdzxc112)\n|\n|t:|1781437537\n|switch|p1a: Pachirisu|Pachirisu, L96, F|271/271\n|move|p2a: Torkoal|Stealth Rock|p1a: Pachirisu\n|-sidestart|p1: asdzxc112|move: Stealth Rock\n|\n|-weather|SunnyDay|[upkeep]\n|upkeep\n|turn|2\n|\n|t:|1781437546\n|move|p1a: Pachirisu|Discharge|p2a: Torkoal\n|-damage|p2a: Torkoal|188/266\n|move|p2a: Torkoal|Yawn|p1a: Pachirisu\n|-start|p1a: Pachirisu|move: Yawn|[of] p2a: Torkoal\n|\n|-weather|SunnyDay|[upkeep]\n|upkeep\n|turn|3\n|\n|t:|1781437564\n|move|p1a: Pachirisu|Encore|p2a: Torkoal\n|-start|p2a: Torkoal|Encore\n|move|p2a: Torkoal|Yawn||[still]\n|-fail|p2a: Torkoal\n|\n|-weather|SunnyDay|[upkeep]\n|-end|p1a: Pachirisu|move: Yawn|[silent]\n|-status|p1a: Pachirisu|slp\n|upkeep\n|turn|4\n|\n|t:|1781437578\n|switch|p2a: Houndstone|Houndstone, L86, M|264/264\n|cant|p1a: Pachirisu|slp\n|\n|-weather|SunnyDay|[upkeep]\n|upkeep\n|turn|5\n|\n|t:|1781437586\n|-curestatus|p1a: Pachirisu|slp|[msg]\n|move|p1a: Pachirisu|Discharge|p2a: Houndstone\n|-damage|p2a: Houndstone|203/264\n|-status|p2a: Houndstone|par\n|move|p2a: Houndstone|Poltergeist|p1a: Pachirisu\n|-activate|p1a: Pachirisu|move: Poltergeist|Heavy-Duty Boots\n|-damage|p1a: Pachirisu|135/271\n|\n|-weather|none\n|-heal|p2a: Houndstone|219/264 par|[from] item: Leftovers\n|upkeep\n|turn|6\n|\n|t:|1781437605\n|move|p1a: Pachirisu|Encore|p2a: Houndstone\n|-start|p2a: Houndstone|Encore\n|move|p2a: Houndstone|Poltergeist|p1a: Pachirisu|[miss]\n|-miss|p2a: Houndstone|p1a: Pachirisu\n|\n|-heal|p2a: Houndstone|235/264 par|[from] item: Leftovers\n|upkeep\n|turn|7\n|\n|t:|1781437609\n|move|p1a: Pachirisu|U-turn|p2a: Houndstone\n|-resisted|p2a: Houndstone\n|-damage|p2a: Houndstone|227/264 par\n|c|\u2606jorgealc_|xd\n|\n|t:|1781437617\n|switch|p1a: Gumshoos|Gumshoos, L95, M|321/321|[from] U-turn\n|-damage|p1a: Gumshoos|281/321|[from] Stealth Rock\n|cant|p2a: Houndstone|par\n|\n|-heal|p2a: Houndstone|243/264 par|[from] item: Leftovers\n|upkeep\n|turn|8\n|\n|t:|1781437623\n|switch|p2a: Dachsbun|Dachsbun, L92, F|254/254\n|move|p1a: Gumshoos|Knock Off|p2a: Dachsbun\n|-resisted|p2a: Dachsbun\n|-damage|p2a: Dachsbun|204/254\n|-enditem|p2a: Dachsbun|Leftovers|[from] move: Knock Off|[of] p1a: Gumshoos\n|\n|upkeep\n|turn|9\n|\n|t:|1781437629\n|switch|p1a: Weezing|Weezing-Galar, L86, F|252/252\n|-damage|p1a: Weezing|221/252|[from] Stealth Rock\n|move|p2a: Dachsbun|Wish|p2a: Dachsbun\n|\n|-heal|p1a: Weezing|236/252|[from] item: Leftovers\n|upkeep\n|turn|10\n|\n|t:|1781437642\n|move|p2a: Dachsbun|Protect|p2a: Dachsbun\n|-singleturn|p2a: Dachsbun|Protect\n|move|p1a: Weezing|Gunk Shot|p2a: Dachsbun\n|-activate|p2a: Dachsbun|move: Protect\n|\n|-heal|p2a: Dachsbun|254/254|[from] move: Wish|[wisher] Dachsbun\n|-heal|p1a: Weezing|251/252|[from] item: Leftovers\n|upkeep\n|turn|11\n|\n|t:|1781437645\n|switch|p2a: Iron Crown|Iron Crown, L78|268/268\n|move|p1a: Weezing|Defog|p2a: Iron Crown\n|-unboost|p2a: Iron Crown|evasion|1\n|-sideend|p1: asdzxc112|Stealth Rock|[from] move: Defog|[of] p1a: Weezing\n|\n|-heal|p1a: Weezing|252/252|[from] item: Leftovers\n|upkeep\n|turn|12\n|\n|t:|1781437654\n|switch|p1a: Pachirisu|Pachirisu, L96, F|135/271\n|move|p2a: Iron Crown|Tachyon Cutter|p1a: Pachirisu\n|-resisted|p1a: Pachirisu\n|-damage|p1a: Pachirisu|99/271\n|-resisted|p1a: Pachirisu\n|-damage|p1a: Pachirisu|63/271\n|-hitcount|p1a: Pachirisu|2\n|\n|upkeep\n|turn|13\n|\n|t:|1781437661\n|-end|p2a: Iron Crown|Quark Drive|[silent]\n|switch|p2a: Houndstone|Houndstone, L86, M|243/264 par\n|move|p1a: Pachirisu|Discharge|p2a: Houndstone\n|-damage|p2a: Houndstone|185/264 par\n|\n|-heal|p2a: Houndstone|201/264 par|[from] item: Leftovers\n|upkeep\n|turn|14\n|\n|t:|1781437668\n|move|p1a: Pachirisu|Discharge|p2a: Houndstone\n|-damage|p2a: Houndstone|143/264 par\n|move|p2a: Houndstone|Body Press|p1a: Pachirisu\n|-damage|p1a: Pachirisu|2/271\n|\n|-heal|p2a: Houndstone|159/264 par|[from] item: Leftovers\n|upkeep\n|turn|15\n|\n|t:|1781437674\n|move|p2a: Houndstone|Shadow Sneak|p1a: Pachirisu\n|-damage|p1a: Pachirisu|0 fnt\n|faint|p1a: Pachirisu\n|\n|-heal|p2a: Houndstone|175/264 par|[from] item: Leftovers\n|upkeep\n|\n|t:|1781437677\n|switch|p1a: Houndstone|Houndstone, L86, F|264/264\n|turn|16\n|\n|t:|1781437683\n|move|p1a: Houndstone|Poltergeist|p2a: Houndstone\n|-activate|p2a: Houndstone|move: Poltergeist|Leftovers\n|-supereffective|p2a: Houndstone\n|-damage|p2a: Houndstone|0 fnt\n|faint|p2a: Houndstone\n|\n|upkeep\n|\n|t:|1781437693\n|switch|p2a: Torkoal|Torkoal, L88, M|188/266\n|-weather|SunnyDay|[from] ability: Drought|[of] p2a: Torkoal\n|turn|17\n|\n|t:|1781437709\n|switch|p1a: Gumshoos|Gumshoos, L95, M|281/321\n|move|p2a: Torkoal|Lava Plume|p1a: Gumshoos\n|-damage|p1a: Gumshoos|145/321\n|\n|-weather|SunnyDay|[upkeep]\n|upkeep\n|turn|18\n|\n|t:|1781437719\n|switch|p2a: Dachsbun|Dachsbun, L92, F|254/254\n|move|p1a: Gumshoos|Earthquake|p2a: Dachsbun\n|-damage|p2a: Dachsbun|133/254\n|\n|-weather|SunnyDay|[upkeep]\n|upkeep\n|turn|19\n|\n|t:|1781437724\n|switch|p2a: Vaporeon|Vaporeon, L86, F|364/364\n|switch|p1a: Weezing|Weezing-Galar, L86, F|252/252\n|\n|-weather|SunnyDay|[upkeep]\n|upkeep\n|turn|20\n|\n|t:|1781437735\n|move|p2a: Vaporeon|Wish|p2a: Vaporeon\n|move|p1a: Weezing|Gunk Shot|p2a: Vaporeon\n|-damage|p2a: Vaporeon|208/364\n|-status|p2a: Vaporeon|psn\n|\n|-weather|SunnyDay|[upkeep]\n|-heal|p2a: Vaporeon|230/364 psn|[from] item: Leftovers\n|-damage|p2a: Vaporeon|185/364 psn|[from] psn\n|upkeep\n|turn|21\n|\n|t:|1781437744\n|switch|p1a: Houndstone|Houndstone, L86, F|264/264\n|move|p2a: Vaporeon|Protect||[still]\n|-fail|p2a: Vaporeon\n|\n|-weather|none\n|-heal|p2a: Vaporeon|364/364 psn|[from] move: Wish|[wisher] Vaporeon\n|-damage|p2a: Vaporeon|319/364 psn|[from] psn\n|upkeep\n|turn|22\n|\n|t:|1781437752\n|switch|p1a: Enamorus|Enamorus-Therian, L83, F|259/259\n|move|p2a: Vaporeon|Scald|p1a: Enamorus\n|-damage|p1a: Enamorus|204/259\n|\n|-heal|p2a: Vaporeon|341/364 psn|[from] item: Leftovers\n|-damage|p2a: Vaporeon|296/364 psn|[from] psn\n|upkeep\n|turn|23\n|\n|t:|1781437758\n|move|p1a: Enamorus|Moonblast|p2a: Vaporeon\n|-damage|p2a: Vaporeon|187/364 psn\n|move|p2a: Vaporeon|Roar|p1a: Enamorus\n|drag|p1a: Gumshoos|Gumshoos, L95, M|145/321\n|\n|-heal|p2a: Vaporeon|209/364 psn|[from] item: Leftovers\n|-damage|p2a: Vaporeon|164/364 psn|[from] psn\n|upkeep\n|turn|24\n|\n|t:|1781437765\n|move|p2a: Vaporeon|Wish|p2a: Vaporeon\n|move|p1a: Gumshoos|Double-Edge|p2a: Vaporeon\n|-damage|p2a: Vaporeon|0 fnt\n|faint|p2a: Vaporeon\n|-damage|p1a: Gumshoos|91/321|[from] Recoil\n|\n|upkeep\n|\n|t:|1781437771\n|switch|p2a: Dachsbun|Dachsbun, L92, F|133/254\n|turn|25\n|\n|t:|1781437778\n|switch|p1a: Weezing|Weezing-Galar, L86, F|252/252\n|move|p2a: Dachsbun|Yawn|p1a: Weezing\n|-start|p1a: Weezing|move: Yawn|[of] p2a: Dachsbun\n|\n|-heal|p2a: Dachsbun|254/254|[from] move: Wish|[wisher] Vaporeon\n|upkeep\n|turn|26\n|\n|t:|1781437790\n|switch|p2a: Torkoal|Torkoal, L88, M|188/266\n|-weather|SunnyDay|[from] ability: Drought|[of] p2a: Torkoal\n|switch|p1a: Braviary|Braviary, L85, M|309/309\n|\n|-weather|SunnyDay|[upkeep]\n|upkeep\n|turn|27\n|\n|t:|1781437798\n|switch|p1a: Enamorus|Enamorus-Therian, L83, F|204/259\n|move|p2a: Torkoal|Lava Plume|p1a: Enamorus\n|-damage|p1a: Enamorus|128/259\n|-status|p1a: Enamorus|brn\n|\n|-weather|SunnyDay|[upkeep]\n|-damage|p1a: Enamorus|112/259 brn|[from] brn\n|upkeep\n|turn|28\n|\n|t:|1781437804\n|switch|p2a: Iron Crown|Iron Crown, L78|268/268\n|move|p1a: Enamorus|Earth Power|p2a: Iron Crown\n|-supereffective|p2a: Iron Crown\n|-damage|p2a: Iron Crown|116/268\n|\n|-weather|SunnyDay|[upkeep]\n|-damage|p1a: Enamorus|96/259 brn|[from] brn\n|upkeep\n|turn|29\n|\n|t:|1781437811\n|move|p2a: Iron Crown|Tachyon Cutter|p1a: Enamorus\n|-supereffective|p1a: Enamorus\n|-damage|p1a: Enamorus|0 fnt\n|faint|p1a: Enamorus\n|-hitcount|p1: Enamorus|1\n|\n|-weather|SunnyDay|[upkeep]\n|upkeep\n|\n|t:|1781437818\n|switch|p1a: Houndstone|Houndstone, L86, F|264/264\n|turn|30\n|\n|t:|1781437828\n|-end|p2a: Iron Crown|Quark Drive|[silent]\n|switch|p2a: Torkoal|Torkoal, L88, M|188/266\n|move|p1a: Houndstone|Poltergeist|p2a: Torkoal\n|-activate|p2a: Torkoal|move: Poltergeist|Heavy-Duty Boots\n|-damage|p2a: Torkoal|53/266\n|\n|-weather|none\n|upkeep\n|turn|31\n|\n|t:|1781437832\n|move|p1a: Houndstone|Poltergeist|p2a: Torkoal\n|-activate|p2a: Torkoal|move: Poltergeist|Heavy-Duty Boots\n|-damage|p2a: Torkoal|0 fnt\n|faint|p2a: Torkoal\n|\n|upkeep\n|\n|t:|1781437835\n|switch|p2a: Dachsbun|Dachsbun, L92, F|254/254\n|turn|32\n|\n|t:|1781437838\n|switch|p1a: Weezing|Weezing-Galar, L86, F|252/252\n|move|p2a: Dachsbun|Yawn|p1a: Weezing\n|-start|p1a: Weezing|move: Yawn|[of] p2a: Dachsbun\n|\n|upkeep\n|turn|33\n|\n|t:|1781437845\n|switch|p1a: Braviary|Braviary, L85, M|309/309\n|move|p2a: Dachsbun|Protect||[still]\n|-fail|p2a: Dachsbun\n|\n|upkeep\n|turn|34\n|\n|t:|1781437853\n|move|p2a: Dachsbun|Yawn|p1a: Braviary\n|-start|p1a: Braviary|move: Yawn|[of] p2a: Dachsbun\n|move|p1a: Braviary|Bulk Up|p1a: Braviary\n|-boost|p1a: Braviary|atk|1\n|-boost|p1a: Braviary|def|1\n|\n|upkeep\n|turn|35\n|\n|t:|1781437857\n|switch|p1a: Weezing|Weezing-Galar, L86, F|252/252\n|move|p2a: Dachsbun|Play Rough|p1a: Weezing\n|-resisted|p1a: Weezing\n|-damage|p1a: Weezing|217/252\n|-unboost|p1a: Weezing|atk|1\n|\n|-heal|p1a: Weezing|232/252|[from] item: Leftovers\n|upkeep\n|turn|36\n|\n|t:|1781437864\n|switch|p2a: Iron Crown|Iron Crown, L78|116/268\n|move|p1a: Weezing|Gunk Shot|p2a: Iron Crown\n|-immune|p2a: Iron Crown\n|\n|-heal|p1a: Weezing|247/252|[from] item: Leftovers\n|upkeep\n|turn|37\n|\n|t:|1781437872\n|switch|p1a: Braviary|Braviary, L85, M|309/309\n|move|p2a: Iron Crown|Volt Switch|p1a: Braviary\n|-supereffective|p1a: Braviary\n|-damage|p1a: Braviary|123/309\n|\n|t:|1781437877\n|-end|p2a: Iron Crown|Quark Drive|[silent]\n|switch|p2a: Dachsbun|Dachsbun, L92, F|254/254|[from] Volt Switch\n|\n|upkeep\n|turn|38\n|\n|t:|1781437881\n|move|p2a: Dachsbun|Yawn|p1a: Braviary\n|-start|p1a: Braviary|move: Yawn|[of] p2a: Dachsbun\n|move|p1a: Braviary|Roost|p1a: Braviary\n|-heal|p1a: Braviary|278/309\n|-singleturn|p1a: Braviary|move: Roost\n|\n|upkeep\n|turn|39\n|\n|t:|1781437888\n|switch|p2a: Iron Crown|Iron Crown, L78|116/268\n|switch|p1a: Weezing|Weezing-Galar, L86, F|247/252\n|\n|-heal|p1a: Weezing|252/252|[from] item: Leftovers\n|upkeep\n|turn|40\n|\n|t:|1781437894\n|-terastallize|p1a: Weezing|Steel\n|move|p2a: Iron Crown|Tachyon Cutter|p1a: Weezing\n|-resisted|p1a: Weezing\n|-damage|p1a: Weezing|200/252\n|-resisted|p1a: Weezing\n|-damage|p1a: Weezing|152/252\n|-hitcount|p1a: Weezing|2\n|move|p1a: Weezing|Fire Blast|p2a: Iron Crown\n|-supereffective|p2a: Iron Crown\n|-damage|p2a: Iron Crown|0 fnt\n|faint|p2a: Iron Crown\n|-end|p2a: Iron Crown|Quark Drive|[silent]\n|\n|-heal|p1a: Weezing|167/252|[from] item: Leftovers\n|upkeep\n|\n|t:|1781437898\n|switch|p2a: Keldeo|Keldeo-Resolute, L79|273/273\n|turn|41\n|\n|t:|1781437903\n|switch|p1a: Houndstone|Houndstone, L86, F|264/264\n|move|p2a: Keldeo|Substitute|p2a: Keldeo\n|-start|p2a: Keldeo|Substitute\n|-damage|p2a: Keldeo|205/273\n|\n|-heal|p2a: Keldeo|222/273|[from] item: Leftovers\n|upkeep\n|turn|42\n|\n|t:|1781437910\n|move|p2a: Keldeo|Calm Mind|p2a: Keldeo\n|-boost|p2a: Keldeo|spa|1\n|-boost|p2a: Keldeo|spd|1\n|move|p1a: Houndstone|Play Rough|p2a: Keldeo\n|-supereffective|p2a: Keldeo\n|-end|p2a: Keldeo|Substitute\n|\n|-heal|p2a: Keldeo|239/273|[from] item: Leftovers\n|upkeep\n|turn|43\n|\n|t:|1781437913\n|move|p2a: Keldeo|Substitute|p2a: Keldeo\n|-start|p2a: Keldeo|Substitute\n|-damage|p2a: Keldeo|171/273\n|move|p1a: Houndstone|Play Rough|p2a: Keldeo\n|-supereffective|p2a: Keldeo\n|-end|p2a: Keldeo|Substitute\n|\n|-heal|p2a: Keldeo|188/273|[from] item: Leftovers\n|upkeep\n|turn|44\n|\n|t:|1781437916\n|-terastallize|p2a: Keldeo|Steel\n|move|p2a: Keldeo|Substitute|p2a: Keldeo\n|-start|p2a: Keldeo|Substitute\n|-damage|p2a: Keldeo|120/273\n|move|p1a: Houndstone|Play Rough|p2a: Keldeo\n|-resisted|p2a: Keldeo\n|-activate|p2a: Keldeo|move: Substitute|[damage]\n|\n|-heal|p2a: Keldeo|137/273|[from] item: Leftovers\n|upkeep\n|turn|45\n|\n|t:|1781437923\n|switch|p1a: Braviary|Braviary, L85, M|278/309\n|move|p2a: Keldeo|Surf|p1a: Braviary\n|-damage|p1a: Braviary|104/309\n|\n|-heal|p2a: Keldeo|154/273|[from] item: Leftovers\n|upkeep\n|turn|46\n|\n|t:|1781437928\n|move|p2a: Keldeo|Surf|p1a: Braviary\n|-damage|p1a: Braviary|0 fnt\n|faint|p1a: Braviary\n|\n|-heal|p2a: Keldeo|171/273|[from] item: Leftovers\n|upkeep\n|\n|t:|1781437934\n|switch|p1a: Houndstone|Houndstone, L86, F|264/264\n|turn|47\n|\n|t:|1781437936\n|move|p2a: Keldeo|Surf|p1a: Houndstone\n|-damage|p1a: Houndstone|129/264\n|move|p1a: Houndstone|Poltergeist|p2a: Keldeo\n|-activate|p2a: Keldeo|move: Poltergeist|Leftovers\n|-end|p2a: Keldeo|Substitute\n|\n|-heal|p2a: Keldeo|188/273|[from] item: Leftovers\n|upkeep\n|turn|48\n|\n|t:|1781437944\n|move|p2a: Keldeo|Surf|p1a: Houndstone\n|-damage|p1a: Houndstone|0 fnt\n|faint|p1a: Houndstone\n|\n|-heal|p2a: Keldeo|205/273|[from] item: Leftovers\n|upkeep\n|\n|t:|1781437945\n|switch|p1a: Weezing|Weezing-Galar, L86, F, tera:Steel|167/252\n|turn|49\n|\n|t:|1781437949\n|move|p2a: Keldeo|Substitute|p2a: Keldeo\n|-start|p2a: Keldeo|Substitute\n|-damage|p2a: Keldeo|137/273\n|move|p1a: Weezing|Fire Blast|p2a: Keldeo\n|-supereffective|p2a: Keldeo\n|-crit|p2a: Keldeo\n|-end|p2a: Keldeo|Substitute\n|\n|-heal|p2a: Keldeo|154/273|[from] item: Leftovers\n|-heal|p1a: Weezing|182/252|[from] item: Leftovers\n|upkeep\n|turn|50\n|\n|t:|1781437955\n|move|p2a: Keldeo|Substitute|p2a: Keldeo\n|-start|p2a: Keldeo|Substitute\n|-damage|p2a: Keldeo|86/273\n|move|p1a: Weezing|Fire Blast|p2a: Keldeo\n|-supereffective|p2a: Keldeo\n|-end|p2a: Keldeo|Substitute\n|\n|-heal|p2a: Keldeo|103/273|[from] item: Leftovers\n|-heal|p1a: Weezing|197/252|[from] item: Leftovers\n|upkeep\n|turn|51\n|\n|t:|1781437959\n|move|p2a: Keldeo|Secret Sword|p1a: Weezing\n|-supereffective|p1a: Weezing\n|-damage|p1a: Weezing|0 fnt\n|faint|p1a: Weezing\n|\n|-heal|p2a: Keldeo|120/273|[from] item: Leftovers\n|upkeep\n|-message|asdzxc112 forfeited.\n|\n|win|jorgealc_\n|raw|asdzxc112's rating: 1657 &rarr; <strong>1640</strong><br />(-17 for losing)\n|raw|jorgealc_'s rating: 1712 &rarr; <strong>1729</strong><br />(+17 for winning)\n|l|\u2606asdzxc112\n|player|p1|\n", "inputlog": ">version a8376a258c1d4662feba110a92103f3664a72141\n>start {\"formatid\":\"gen9randombattle\",\"seed\":\"sodium,fdf1bcae27ac1dd25c76e258fb9a94ec\",\"rated\":\"Rated battle\"}\n>player p1 {\"name\":\"asdzxc112\",\"avatar\":\"2\",\"rating\":1657,\"seed\":\"sodium,e75db6247b5be0176eed59ce801a4400\"}\n>player p2 {\"name\":\"jorgealc_\",\"avatar\":\"crasherwake\",\"rating\":1712,\"seed\":\"sodium,799deccbf208d6f2d375174a83804d29\"}\n>p1 switch 4\n>p2 move stealthrock\n>p1 move discharge\n>p2 move yawn\n>p1 move encore\n>p2 move lavaplume\n>p1 move discharge\n>p2 switch 3\n>p1 move discharge\n>p2 move poltergeist\n>p1 move encore\n>p2 move poltergeist\n>p1 move uturn\n>p2 move poltergeist\n>chat \u2606jorgealc_|xd\n>p1 switch 2\n>p1 move knockoff\n>p2 switch 6\n>p1 switch 5\n>p2 move wish\n>p1 move gunkshot\n>p2 move protect\n>p1 move defog\n>p2 switch 4\n>p1 switch 2\n>p2 move tachyoncutter\n>p1 move discharge\n>p2 switch 6\n>p1 move discharge\n>p2 move bodypress\n>p1 move encore\n>p2 move shadowsneak\n>p1 switch 4\n>p1 move poltergeist\n>p2 move poltergeist\n>p2 switch 3\n>p1 switch 5\n>p2 move lavaplume\n>p1 move earthquake\n>p2 switch 4\n>p1 switch 2\n>p2 switch 5\n>p1 move gunkshot\n>p2 move wish\n>p1 switch 5\n>p2 move protect\n>p1 switch 3\n>p2 move scald\n>p1 move moonblast\n>p2 move roar\n>p1 move doubleedge\n>p2 move wish\n>p2 switch 5\n>p1 switch 5\n>p2 move yawn\n>p1 switch 6\n>p2 switch 4\n>p1 switch 2\n>p2 move lavaplume\n>p1 move earthpower\n>p2 switch 6\n>p1 move mysticalfire\n>p2 move tachyoncutter\n>p1 switch 3\n>p1 move poltergeist\n>p2 switch 6\n>p1 move poltergeist\n>p2 move lavaplume\n>p2 switch 4\n>p1 switch 6\n>p2 move yawn\n>p1 switch 2\n>p2 move protect\n>p1 move bulkup\n>p2 move yawn\n>p1 switch 2\n>p2 move playrough\n>p1 move gunkshot\n>p2 switch 6\n>p1 switch 2\n>p2 move voltswitch\n>p2 switch 6\n>p1 move roost\n>p2 move yawn\n>p1 switch 2\n>p2 switch 6\n>p1 move fireblast terastallize\n>p2 move tachyoncutter\n>p2 switch 2\n>p1 switch 6\n>p2 move substitute\n>p1 move playrough\n>p2 move calmmind\n>p1 move playrough\n>p2 move substitute\n>p1 move playrough\n>p2 move substitute terastallize\n>p1 switch 2\n>p2 move surf\n>p1 move closecombat\n>p2 move surf\n>p1 switch 2\n>p1 move poltergeist\n>p2 move surf\n>p1 move poltergeist\n>p2 move surf\n>p1 switch 6\n>p1 move fireblast\n>p2 move substitute\n>p1 move fireblast\n>p2 move substitute\n>p1 move fireblast\n>p2 move secretsword\n>forcelose p1", "uploadtime": 1781437965, "views": 4, "formatid": "gen9randombattle", "rating": 1640, "private": 0, "password": null}