{"id": "gen9randombattle-2631991899", "format": "[Gen 9] Random Battle", "players": ["LewisBavin", "ftaochaphet"], "log": "|j|\u2606LewisBavin\n|j|\u2606ftaochaphet\n|t:|1781463595\n|gametype|singles\n|player|p1|LewisBavin|265|2201\n|player|p2|ftaochaphet|265|2259\n|gen|9\n|tier|[Gen 9] Random Battle\n|rated|\n|rule|Species Clause: Limit one of each Pok\u00e9mon\n|rule|HP Percentage Mod: HP is shown in percentages\n|rule|Sleep Clause Mod: Limit one foe put to sleep\n|rule|Illusion Level Mod: Illusion disguises the Pok\u00e9mon's true level\n|\n|t:|1781463595\n|teamsize|p1|6\n|teamsize|p2|6\n|start\n|switch|p1a: Arceus|Arceus-Flying, L69|279/279\n|switch|p2a: Cramorant|Cramorant, L86, F|261/261\n|turn|1\n|inactive|Battle timer is ON: inactive players will automatically lose when time's up. (requested by LewisBavin)\n|\n|t:|1781463611\n|switch|p2a: Jumpluff|Jumpluff, L87, F|271/271\n|move|p1a: Arceus|Calm Mind|p1a: Arceus\n|-boost|p1a: Arceus|spa|1\n|-boost|p1a: Arceus|spd|1\n|\n|upkeep\n|turn|2\n|\n|t:|1781463617\n|switch|p1a: Wigglytuff|Wigglytuff, L96, M|424/424\n|move|p2a: Jumpluff|Encore||[still]\n|-fail|p2a: Jumpluff\n|\n|upkeep\n|turn|3\n|\n|t:|1781463638\n|move|p2a: Jumpluff|U-turn|p1a: Wigglytuff\n|-resisted|p1a: Wigglytuff\n|-damage|p1a: Wigglytuff|399/424\n|\n|t:|1781463641\n|switch|p2a: Groudon|Groudon, L72|263/263|[from] U-turn\n|-weather|SunnyDay|[from] ability: Drought|[of] p2a: Groudon\n|move|p1a: Wigglytuff|Dazzling Gleam|p2a: Groudon\n|-crit|p2a: Groudon\n|-damage|p2a: Groudon|98/263\n|\n|-weather|SunnyDay|[upkeep]\n|-heal|p2a: Groudon|114/263|[from] item: Leftovers\n|-heal|p1a: Wigglytuff|424/424|[from] item: Leftovers\n|upkeep\n|turn|4\n|\n|t:|1781463662\n|move|p2a: Groudon|Precipice Blades|p1a: Wigglytuff\n|-damage|p1a: Wigglytuff|241/424\n|move|p1a: Wigglytuff|Dazzling Gleam|p2a: Groudon\n|-damage|p2a: Groudon|0 fnt\n|faint|p2a: Groudon\n|\n|-weather|SunnyDay|[upkeep]\n|-heal|p1a: Wigglytuff|267/424|[from] item: Leftovers\n|upkeep\n|inactive|ftaochaphet has 120 seconds left.\n|\n|t:|1781463705\n|switch|p2a: Plusle|Plusle, L95, F|268/268\n|turn|5\n|\n|t:|1781463710\n|switch|p1a: Abomasnow|Abomasnow, L84, F|287/287\n|-weather|Snowscape|[from] ability: Snow Warning|[of] p1a: Abomasnow\n|move|p2a: Plusle|Nasty Plot|p2a: Plusle\n|-boost|p2a: Plusle|spa|2\n|\n|-weather|Snowscape|[upkeep]\n|upkeep\n|turn|6\n|\n|t:|1781463730\n|move|p2a: Plusle|Alluring Voice|p1a: Abomasnow\n|-damage|p1a: Abomasnow|100/287\n|-damage|p2a: Plusle|242/268|[from] item: Life Orb\n|move|p1a: Abomasnow|Aurora Veil|p1a: Abomasnow\n|-sidestart|p1: LewisBavin|move: Aurora Veil\n|\n|-weather|Snowscape|[upkeep]\n|upkeep\n|turn|7\n|\n|t:|1781463737\n|move|p2a: Plusle|Nasty Plot|p2a: Plusle\n|-boost|p2a: Plusle|spa|2\n|move|p1a: Abomasnow|Wood Hammer|p2a: Plusle\n|-damage|p2a: Plusle|67/268\n|-damage|p1a: Abomasnow|42/287|[from] Recoil\n|\n|-weather|Snowscape|[upkeep]\n|upkeep\n|turn|8\n|\n|t:|1781463745\n|move|p2a: Plusle|Thunderbolt|p1a: Abomasnow\n|-resisted|p1a: Abomasnow\n|-crit|p1a: Abomasnow\n|-damage|p1a: Abomasnow|0 fnt\n|faint|p1a: Abomasnow\n|-damage|p2a: Plusle|41/268|[from] item: Life Orb\n|\n|-weather|Snowscape|[upkeep]\n|upkeep\n|\n|t:|1781463753\n|switch|p1a: Decidueye|Decidueye, L88, M|281/281\n|turn|9\n|inactive|ftaochaphet has 90 seconds left.\n|l|\u2606LewisBavin\n|inactive|LewisBavin disconnected and has a minute to reconnect!\n|player|p1|\n|inactive|ftaochaphet has 60 seconds left.\n|j|\u2606LewisBavin\n|inactive|LewisBavin reconnected.\n|player|p1|LewisBavin|265|\n|inactive|ftaochaphet has 30 seconds left.\n|inactive|ftaochaphet has 20 seconds left.\n|inactive|ftaochaphet has 15 seconds left.\n|inactive|ftaochaphet has 10 seconds left.\n|\n|t:|1781463868\n|move|p2a: Plusle|Alluring Voice|p1a: Decidueye\n|-damage|p1a: Decidueye|171/281\n|-damage|p2a: Plusle|15/268|[from] item: Life Orb\n|move|p1a: Decidueye|Spirit Shackle|p2a: Plusle\n|-damage|p2a: Plusle|0 fnt\n|faint|p2a: Plusle\n|-damage|p1a: Decidueye|143/281|[from] item: Life Orb\n|\n|-weather|none\n|upkeep\n|inactive|ftaochaphet has 15 seconds left this turn.\n|inactive|ftaochaphet has 10 seconds left.\n|\n|t:|1781463876\n|switch|p2a: Cramorant|Cramorant, L86, F|261/261\n|turn|10\n|inactive|ftaochaphet has 20 seconds left this turn.\n|inactive|ftaochaphet has 15 seconds left.\n|\n|t:|1781463884\n|move|p2a: Cramorant|Brave Bird|p1a: Decidueye\n|-supereffective|p1a: Decidueye\n|-damage|p1a: Decidueye|7/281\n|-damage|p2a: Cramorant|216/261|[from] Recoil\n|move|p1a: Decidueye|Spirit Shackle|p2a: Cramorant\n|-damage|p2a: Cramorant|31/261\n|-activate|p2a: Cramorant|trapped\n|-damage|p1a: Decidueye|0 fnt|[from] item: Life Orb\n|faint|p1a: Decidueye\n|\n|upkeep\n|\n|t:|1781463896\n|switch|p1a: Arceus|Arceus-Flying, L69|279/279\n|turn|11\n|inactive|ftaochaphet has 30 seconds left this turn.\n|\n|t:|1781463899\n|move|p1a: Arceus|Judgment|p2a: Cramorant\n|-damage|p2a: Cramorant|0 fnt\n|faint|p2a: Cramorant\n|\n|upkeep\n|inactive|ftaochaphet has 30 seconds left.\n|\n|t:|1781463906\n|switch|p2a: Darkrai|Darkrai, L77|234/234\n|turn|12\n|\n|t:|1781463912\n|-terastallize|p1a: Arceus|Steel\n|move|p2a: Darkrai|Nasty Plot|p2a: Darkrai\n|-boost|p2a: Darkrai|spa|2\n|move|p1a: Arceus|Calm Mind|p1a: Arceus\n|-boost|p1a: Arceus|spa|1\n|-boost|p1a: Arceus|spd|1\n|\n|upkeep\n|turn|13\n|\n|t:|1781463921\n|move|p2a: Darkrai|Nasty Plot|p2a: Darkrai\n|-boost|p2a: Darkrai|spa|2\n|move|p1a: Arceus|Judgment|p2a: Darkrai\n|-damage|p2a: Darkrai|81/234\n|\n|-sideend|p1: LewisBavin|move: Aurora Veil\n|upkeep\n|turn|14\n|\n|t:|1781463935\n|move|p2a: Darkrai|Focus Blast|p1a: Arceus\n|-supereffective|p1a: Arceus\n|-damage|p1a: Arceus|0 fnt\n|faint|p1a: Arceus\n|-damage|p2a: Darkrai|58/234|[from] item: Life Orb\n|\n|upkeep\n|\n|t:|1781463941\n|switch|p1a: Dudunsparce|Dudunsparce-Three-Segment, L83, F|343/343\n|turn|15\n|\n|t:|1781463952\n|move|p2a: Darkrai|Dark Pulse|p1a: Dudunsparce\n|-damage|p1a: Dudunsparce|0 fnt\n|faint|p1a: Dudunsparce\n|-damage|p2a: Darkrai|35/234|[from] item: Life Orb\n|\n|upkeep\n|\n|t:|1781463956\n|switch|p1a: Wigglytuff|Wigglytuff, L96, M|267/424\n|turn|16\n|inactive|ftaochaphet has 60 seconds left.\n|\n|t:|1781463982\n|switch|p1a: Drifblim|Drifblim, L86, F|398/398\n|move|p2a: Darkrai|Sludge Bomb|p1a: Drifblim\n|-resisted|p1a: Drifblim\n|-damage|p1a: Drifblim|204/398\n|-status|p1a: Drifblim|psn\n|-damage|p2a: Darkrai|12/234|[from] item: Life Orb\n|\n|-damage|p1a: Drifblim|155/398 psn|[from] psn\n|upkeep\n|turn|17\n|\n|t:|1781463995\n|switch|p2a: Jumpluff|Jumpluff, L87, F|271/271\n|move|p1a: Drifblim|Defog|p2a: Jumpluff\n|-unboost|p2a: Jumpluff|evasion|1\n|\n|-damage|p1a: Drifblim|106/398 psn|[from] psn\n|upkeep\n|turn|18\n|\n|t:|1781464003\n|switch|p1a: Wigglytuff|Wigglytuff, L96, M|267/424\n|move|p2a: Jumpluff|U-turn|p1a: Wigglytuff\n|-resisted|p1a: Wigglytuff\n|-damage|p1a: Wigglytuff|243/424\n|\n|t:|1781464014\n|switch|p2a: Falinks|Falinks, L84|246/246|[from] U-turn\n|\n|-heal|p1a: Wigglytuff|269/424|[from] item: Leftovers\n|upkeep\n|turn|19\n|\n|t:|1781464017\n|move|p2a: Falinks|No Retreat|p2a: Falinks\n|-boost|p2a: Falinks|atk|1\n|-boost|p2a: Falinks|def|1\n|-boost|p2a: Falinks|spa|1\n|-boost|p2a: Falinks|spd|1\n|-boost|p2a: Falinks|spe|1\n|-start|p2a: Falinks|move: No Retreat\n|move|p1a: Wigglytuff|Thunder Wave|p2a: Falinks\n|-status|p2a: Falinks|par\n|\n|-heal|p1a: Wigglytuff|295/424|[from] item: Leftovers\n|upkeep\n|turn|20\n|\n|t:|1781464025\n|move|p1a: Wigglytuff|Protect|p1a: Wigglytuff\n|-singleturn|p1a: Wigglytuff|Protect\n|move|p2a: Falinks|Iron Head|p1a: Wigglytuff\n|-activate|p1a: Wigglytuff|move: Protect\n|\n|-heal|p1a: Wigglytuff|321/424|[from] item: Leftovers\n|upkeep\n|turn|21\n|\n|t:|1781464030\n|switch|p1a: Drifblim|Drifblim, L86, F|106/398 psn\n|move|p2a: Falinks|Iron Head|p1a: Drifblim\n|-damage|p1a: Drifblim|0 fnt\n|-damage|p2a: Falinks|185/246 par|[from] ability: Aftermath|[of] p1a: Drifblim\n|faint|p1a: Drifblim\n|-damage|p2a: Falinks|161/246 par|[from] item: Life Orb\n|\n|upkeep\n|\n|t:|1781464035\n|switch|p1a: Wigglytuff|Wigglytuff, L96, M|321/424\n|turn|22\n|\n|t:|1781464037\n|move|p1a: Wigglytuff|Dazzling Gleam|p2a: Falinks\n|-supereffective|p2a: Falinks\n|-damage|p2a: Falinks|0 fnt\n|faint|p2a: Falinks\n|\n|-heal|p1a: Wigglytuff|347/424|[from] item: Leftovers\n|upkeep\n|\n|t:|1781464041\n|switch|p2a: Darkrai|Darkrai, L77|12/234\n|turn|23\n|\n|t:|1781464044\n|-terastallize|p2a: Darkrai|Poison\n|move|p2a: Darkrai|Sludge Bomb|p1a: Wigglytuff\n|-supereffective|p1a: Wigglytuff\n|-damage|p1a: Wigglytuff|19/424\n|-status|p1a: Wigglytuff|psn\n|-damage|p2a: Darkrai|0 fnt|[from] item: Life Orb\n|faint|p2a: Darkrai\n|move|p1a: Wigglytuff|Wish|p1a: Wigglytuff\n|\n|-heal|p1a: Wigglytuff|45/424 psn|[from] item: Leftovers\n|-damage|p1a: Wigglytuff|0 fnt|[from] psn\n|faint|p1a: Wigglytuff\n|\n|win|ftaochaphet\n", "inputlog": ">version a8376a258c1d4662feba110a92103f3664a72141\n>start {\"formatid\":\"gen9randombattle\",\"seed\":\"sodium,b7ae68404b7841e315f310d059e9806e\",\"rated\":\"Rated battle\"}\n>player p1 {\"name\":\"LewisBavin\",\"avatar\":\"265\",\"rating\":2201,\"seed\":\"sodium,c78a0e7092d72b8f7b0fcd297e98d806\"}\n>player p2 {\"name\":\"ftaochaphet\",\"avatar\":\"265\",\"rating\":2259,\"seed\":\"sodium,7c84276c5d83696a814e6edbb3293b85\"}\n>p1 move calmmind\n>p2 switch 2\n>p1 switch 3\n>p2 move encore\n>p1 move dazzlinggleam\n>p2 move uturn\n>p2 switch 5\n>p1 move dazzlinggleam\n>p2 move precipiceblades\n>p2 switch 6\n>p1 switch 4\n>p2 move nastyplot\n>p1 move auroraveil\n>p2 move alluringvoice\n>p1 move woodhammer\n>p2 move nastyplot\n>p1 move woodhammer\n>p2 move thunderbolt\n>p1 switch 6\n>p1 move spiritshackle\n>p2 move alluringvoice\n>p2 switch 2\n>p1 move spiritshackle\n>p2 move bravebird\n>p1 switch 3\n>p1 move judgment\n>p2 move surf\n>p2 switch 3\n>p1 move calmmind terastallize\n>p2 move nastyplot\n>p1 move judgment\n>p2 move nastyplot\n>p1 move judgment\n>p2 move focusblast\n>p1 switch 2\n>p1 move glare\n>p2 move darkpulse\n>p1 switch 4\n>p1 switch 5\n>p2 move sludgebomb\n>p1 move defog\n>p2 switch 5\n>p1 switch 5\n>p2 move uturn\n>p2 switch 4\n>p1 move thunderwave\n>p2 move noretreat\n>p1 move protect\n>p2 move ironhead\n>p1 switch 5\n>p2 move ironhead\n>p1 switch 5\n>p1 move dazzlinggleam\n>p2 move ironhead\n>p2 switch 5\n>p1 move wish\n>p2 move sludgebomb terastallize", "uploadtime": 1781463597, "views": 5, "formatid": "gen9randombattle", "rating": null, "private": 0, "password": null}