{"id": "gen9randombattle-2631940688", "format": "[Gen 9] Random Battle", "players": ["Shomsnack", "Sekkari-"], "log": "|j|\u203dShomsnack\n|j|\u2606Sekkari-\n|t:|1781457990\n|gametype|singles\n|player|p1|Shomsnack|2|2048\n|player|p2|Sekkari-|102|2136\n|gen|9\n|tier|[Gen 9] Random Battle\n|rated|\n|rule|Species Clause: Limit one of each Pok\u00e9mon\n|rule|HP Percentage Mod: HP is shown in percentages\n|rule|Sleep Clause Mod: Limit one foe put to sleep\n|rule|Illusion Level Mod: Illusion disguises the Pok\u00e9mon's true level\n|\n|t:|1781457990\n|teamsize|p1|6\n|teamsize|p2|6\n|start\n|switch|p1a: Vivillon|Vivillon-Garden, L83, F|268/268\n|switch|p2a: Lumineon|Lumineon, L93, M|279/279\n|turn|1\n|inactive|Battle timer is ON: inactive players will automatically lose when time's up. (requested by Shomsnack)\n|\n|t:|1781458014\n|move|p2a: Lumineon|Ice Beam|p1a: Vivillon\n|-supereffective|p1a: Vivillon\n|-damage|p1a: Vivillon|13/268\n|-damage|p2a: Lumineon|252/279|[from] item: Life Orb\n|move|p1a: Vivillon|Quiver Dance|p1a: Vivillon\n|-boost|p1a: Vivillon|spa|1\n|-boost|p1a: Vivillon|spd|1\n|-boost|p1a: Vivillon|spe|1\n|\n|upkeep\n|turn|2\n|\n|t:|1781458019\n|move|p1a: Vivillon|Sleep Powder|p2a: Lumineon\n|-status|p2a: Lumineon|slp|[from] move: Sleep Powder\n|cant|p2a: Lumineon|slp\n|\n|upkeep\n|turn|3\n|\n|t:|1781458029\n|switch|p2a: Oinkologne|Oinkologne, L92, M|352/352\n|move|p1a: Vivillon|Hurricane|p2a: Oinkologne\n|-damage|p2a: Oinkologne|189/352\n|\n|-heal|p2a: Oinkologne|211/352|[from] item: Leftovers\n|upkeep\n|turn|4\n|\n|t:|1781458033\n|move|p1a: Vivillon|Hurricane|p2a: Oinkologne\n|-damage|p2a: Oinkologne|39/352\n|move|p2a: Oinkologne|Lash Out|p1a: Vivillon\n|-damage|p1a: Vivillon|0 fnt\n|faint|p1a: Vivillon\n|\n|-heal|p2a: Oinkologne|61/352|[from] item: Leftovers\n|upkeep\n|\n|t:|1781458037\n|switch|p1a: Spidops|Spidops, L96, M|271/271\n|turn|5\n|\n|t:|1781458045\n|move|p2a: Oinkologne|Double-Edge|p1a: Spidops\n|-damage|p1a: Spidops|150/271\n|-damage|p2a: Oinkologne|21/352|[from] Recoil\n|move|p1a: Spidops|Sticky Web|p2a: Oinkologne\n|-sidestart|p2: Sekkari-|move: Sticky Web\n|\n|-heal|p2a: Oinkologne|43/352|[from] item: Leftovers\n|upkeep\n|turn|6\n|\n|t:|1781458053\n|move|p2a: Oinkologne|Double-Edge|p1a: Spidops\n|-damage|p1a: Spidops|26/271\n|-damage|p2a: Oinkologne|2/352|[from] Recoil\n|move|p1a: Spidops|Circle Throw|p2a: Oinkologne\n|-supereffective|p2a: Oinkologne\n|-damage|p2a: Oinkologne|0 fnt\n|faint|p2a: Oinkologne\n|\n|upkeep\n|\n|t:|1781458064\n|switch|p2a: Coalossal|Coalossal, L89, F|341/341\n|turn|7\n|\n|t:|1781458075\n|switch|p1a: Samurott|Samurott-Hisui, L77, F|265/265\n|move|p2a: Coalossal|Rapid Spin|p1a: Samurott\n|-damage|p1a: Samurott|224/265\n|-boost|p2a: Coalossal|spe|1\n|-sideend|p2: Sekkari-|Sticky Web|[from] move: Rapid Spin|[of] p2a: Coalossal\n|\n|upkeep\n|turn|8\n|\n|t:|1781458085\n|switch|p2a: Ribombee|Ribombee, L83, M|235/235\n|move|p1a: Samurott|Ceaseless Edge|p2a: Ribombee\n|-resisted|p2a: Ribombee\n|-damage|p2a: Ribombee|134/235\n|-sidestart|p2: Sekkari-|Spikes\n|\n|upkeep\n|turn|9\n|\n|t:|1781458092\n|switch|p1a: Probopass|Probopass, L91, F|257/257\n|move|p2a: Ribombee|Moonblast|p1a: Probopass\n|-resisted|p1a: Probopass\n|-damage|p1a: Probopass|225/257\n|\n|-heal|p1a: Probopass|241/257|[from] item: Leftovers\n|upkeep\n|turn|10\n|\n|t:|1781458094\n|move|p2a: Ribombee|Sticky Web|p1a: Probopass\n|-sidestart|p1: Shomsnack|move: Sticky Web\n|move|p1a: Probopass|Flash Cannon|p2a: Ribombee\n|-supereffective|p2a: Ribombee\n|-damage|p2a: Ribombee|0 fnt\n|faint|p2a: Ribombee\n|\n|-heal|p1a: Probopass|257/257|[from] item: Leftovers\n|upkeep\n|\n|t:|1781458108\n|switch|p2a: Lumineon|Lumineon, L93, M|252/279 slp\n|-damage|p2a: Lumineon|218/279 slp|[from] Spikes\n|turn|11\n|\n|t:|1781458113\n|-curestatus|p2a: Lumineon|slp|[msg]\n|move|p2a: Lumineon|Hydro Pump|p1a: Probopass\n|-supereffective|p1a: Probopass\n|-damage|p1a: Probopass|67/257\n|-damage|p2a: Lumineon|191/279|[from] item: Life Orb\n|move|p1a: Probopass|Body Press|p2a: Lumineon\n|-damage|p2a: Lumineon|101/279\n|\n|-heal|p1a: Probopass|83/257|[from] item: Leftovers\n|upkeep\n|turn|12\n|\n|t:|1781458123\n|move|p2a: Lumineon|Hydro Pump|p1a: Probopass\n|-supereffective|p1a: Probopass\n|-damage|p1a: Probopass|0 fnt\n|faint|p1a: Probopass\n|-damage|p2a: Lumineon|74/279|[from] item: Life Orb\n|\n|upkeep\n|\n|t:|1781458129\n|switch|p1a: Samurott|Samurott-Hisui, L77, F|224/265\n|-activate|p1a: Samurott|move: Sticky Web\n|-unboost|p1a: Samurott|spe|1\n|turn|13\n|\n|t:|1781458136\n|move|p2a: Lumineon|Alluring Voice|p1a: Samurott\n|-supereffective|p1a: Samurott\n|-damage|p1a: Samurott|37/265\n|-damage|p2a: Lumineon|47/279|[from] item: Life Orb\n|move|p1a: Samurott|Ceaseless Edge|p2a: Lumineon|[miss]\n|-miss|p1a: Samurott|p2a: Lumineon\n|\n|upkeep\n|turn|14\n|\n|t:|1781458143\n|switch|p1a: Spidops|Spidops, L96, M|26/271\n|move|p2a: Lumineon|Alluring Voice|p1a: Spidops\n|-damage|p1a: Spidops|0 fnt\n|faint|p1a: Spidops\n|-damage|p2a: Lumineon|20/279|[from] item: Life Orb\n|\n|upkeep\n|\n|t:|1781458149\n|switch|p1a: Samurott|Samurott-Hisui, L77, F|37/265\n|-activate|p1a: Samurott|move: Sticky Web\n|-unboost|p1a: Samurott|spe|1\n|turn|15\n|\n|t:|1781458154\n|move|p1a: Samurott|Sucker Punch||[still]\n|-fail|p1a: Samurott\n|move|p2a: Lumineon|Encore|p1a: Samurott\n|-start|p1a: Samurott|Encore\n|\n|upkeep\n|turn|16\n|\n|t:|1781458158\n|switch|p2a: Coalossal|Coalossal, L89, F|341/341\n|move|p1a: Samurott|Sucker Punch||[still]\n|-fail|p1a: Samurott\n|\n|upkeep\n|turn|17\n|\n|t:|1781458163\n|switch|p1a: Sandy Shocks|Sandy Shocks, L80|267/267\n|move|p2a: Coalossal|Stealth Rock|p1a: Sandy Shocks\n|-sidestart|p1: Shomsnack|move: Stealth Rock\n|\n|upkeep\n|turn|18\n|\n|t:|1781458181\n|move|p1a: Sandy Shocks|Earth Power|p2a: Coalossal\n|-supereffective|p2a: Coalossal\n|-damage|p2a: Coalossal|0 fnt\n|faint|p2a: Coalossal\n|\n|upkeep\n|\n|t:|1781458188\n|switch|p2a: Honchkrow|Honchkrow, L86, M|312/312\n|turn|19\n|\n|t:|1781458193\n|-terastallize|p1a: Sandy Shocks|Electric\n|-terastallize|p2a: Honchkrow|Dark\n|move|p2a: Honchkrow|Sucker Punch|p1a: Sandy Shocks\n|-damage|p1a: Sandy Shocks|141/267\n|move|p1a: Sandy Shocks|Thunderbolt|p2a: Honchkrow\n|-damage|p2a: Honchkrow|120/312\n|\n|upkeep\n|turn|20\n|\n|t:|1781458200\n|move|p2a: Honchkrow|Sucker Punch|p1a: Sandy Shocks\n|-damage|p1a: Sandy Shocks|23/267\n|move|p1a: Sandy Shocks|Thunderbolt|p2a: Honchkrow\n|-damage|p2a: Honchkrow|0 fnt\n|faint|p2a: Honchkrow\n|\n|upkeep\n|\n|t:|1781458204\n|switch|p2a: Girafarig|Girafarig, L89, F|269/269\n|-damage|p2a: Girafarig|236/269|[from] Spikes\n|turn|21\n|\n|t:|1781458207\n|move|p1a: Sandy Shocks|Thunderbolt|p2a: Girafarig\n|-damage|p2a: Girafarig|120/269\n|move|p2a: Girafarig|Psychic|p1a: Sandy Shocks\n|-damage|p1a: Sandy Shocks|0 fnt\n|faint|p1a: Sandy Shocks\n|-end|p1a: Sandy Shocks|Protosynthesis|[silent]\n|\n|upkeep\n|\n|t:|1781458220\n|switch|p1a: Samurott|Samurott-Hisui, L77, F|37/265\n|-activate|p1a: Samurott|move: Sticky Web\n|-unboost|p1a: Samurott|spe|1\n|-damage|p1a: Samurott|4/265|[from] Stealth Rock\n|turn|22\n|\n|t:|1781458224\n|switch|p2a: Lumineon|Lumineon, L93, M|20/279\n|-damage|p2a: Lumineon|0 fnt|[from] Spikes\n|faint|p2a: Lumineon\n|move|p1a: Samurott|Sucker Punch|p2: Lumineon|[notarget]\n|-fail|p1a: Samurott\n|\n|upkeep\n|\n|t:|1781458226\n|switch|p2a: Girafarig|Girafarig, L89, F|120/269\n|-damage|p2a: Girafarig|87/269|[from] Spikes\n|turn|23\n|\n|t:|1781458228\n|switch|p1a: Entei|Entei, L78|307/307\n|-activate|p1a: Entei|move: Sticky Web\n|-unboost|p1a: Entei|spe|1\n|-damage|p1a: Entei|231/307|[from] Stealth Rock\n|move|p2a: Girafarig|Nasty Plot|p2a: Girafarig\n|-boost|p2a: Girafarig|spa|2\n|\n|upkeep\n|turn|24\n|\n|t:|1781458234\n|move|p2a: Girafarig|Psychic|p1a: Entei\n|-damage|p1a: Entei|0 fnt\n|faint|p1a: Entei\n|\n|upkeep\n|\n|t:|1781458235\n|switch|p1a: Samurott|Samurott-Hisui, L77, F|4/265\n|-activate|p1a: Samurott|move: Sticky Web\n|-unboost|p1a: Samurott|spe|1\n|-damage|p1a: Samurott|0 fnt|[from] Stealth Rock\n|faint|p1a: Samurott\n|\n|win|Sekkari-\n", "inputlog": ">version a8376a258c1d4662feba110a92103f3664a72141\n>start {\"formatid\":\"gen9randombattle\",\"seed\":\"sodium,8711dae6051dd895bed80083bb1875bd\",\"rated\":\"Rated battle\"}\n>player p1 {\"name\":\"Shomsnack\",\"avatar\":\"2\",\"rating\":2048,\"seed\":\"sodium,f017c7062b81680251ce758b8913d4fc\"}\n>player p2 {\"name\":\"Sekkari-\",\"avatar\":\"102\",\"rating\":2136,\"seed\":\"sodium,c1df056c478c9e34da787294b91a3239\"}\n>p1 move quiverdance\n>p2 move icebeam\n>p1 move sleeppowder\n>p2 move icebeam\n>p1 move hurricane\n>p2 switch 6\n>p1 move hurricane\n>p2 move lashout\n>p1 switch 2\n>p1 move stickyweb\n>p2 move doubleedge\n>p1 move circlethrow\n>p2 move doubleedge\n>p2 switch 4\n>p1 switch 5\n>p2 move rapidspin\n>p1 move ceaselessedge\n>p2 switch 2\n>p1 switch 4\n>p2 move moonblast\n>p1 move flashcannon\n>p2 move stickyweb\n>p2 switch 6\n>p1 move bodypress\n>p2 move hydropump\n>p1 move thunderwave\n>p2 move hydropump\n>p1 switch 4\n>p1 move ceaselessedge\n>p2 move alluringvoice\n>p1 switch 5\n>p2 move alluringvoice\n>p1 switch 5\n>p1 move suckerpunch\n>p2 move encore\n>p1 move suckerpunch\n>p2 switch 2\n>p1 switch 6\n>p2 move stealthrock\n>p1 move earthpower\n>p2 move rapidspin\n>p2 switch 3\n>p1 move thunderbolt terastallize\n>p2 move suckerpunch terastallize\n>p1 move thunderbolt\n>p2 move suckerpunch\n>p2 switch 5\n>p1 move thunderbolt\n>p2 move psychic\n>p1 switch 6\n>p1 move suckerpunch\n>p2 switch 2\n>p2 switch 2\n>p1 switch 3\n>p2 move nastyplot\n>p1 move sacredfire\n>p2 move psychic\n>p1 switch 3", "uploadtime": 1781457992, "views": 5, "formatid": "gen9randombattle", "rating": null, "private": 0, "password": null}