{"id": "gen9randombattle-2631457207", "format": "[Gen 9] Random Battle", "players": ["schleeby", "fortnitekid1212"], "log": "|j|\u2606schleeby\n|j|\u2606fortnitekid1212\n|t:|1781387009\n|gametype|singles\n|player|p1|schleeby|rosa|1905\n|player|p2|fortnitekid1212|169|1931\n|gen|9\n|tier|[Gen 9] Random Battle\n|rated|\n|rule|Species Clause: Limit one of each Pok\u00e9mon\n|rule|HP Percentage Mod: HP is shown in percentages\n|rule|Sleep Clause Mod: Limit one foe put to sleep\n|rule|Illusion Level Mod: Illusion disguises the Pok\u00e9mon's true level\n|\n|t:|1781387009\n|teamsize|p1|6\n|teamsize|p2|6\n|start\n|switch|p1a: Donphan|Donphan, L84, F|288/288\n|switch|p2a: Decidueye|Decidueye-Hisui, L87, M|295/295\n|turn|1\n|inactive|Battle timer is ON: inactive players will automatically lose when time's up. (requested by fortnitekid1212)\n|\n|t:|1781387017\n|switch|p1a: Toxicroak|Toxicroak, L84, M|277/277\n|move|p2a: Decidueye|Leaf Blade|p1a: Toxicroak\n|-resisted|p1a: Toxicroak\n|-damage|p1a: Toxicroak|208/277\n|\n|upkeep\n|turn|2\n|inactive|fortnitekid1212 has 120 seconds left.\n|\n|t:|1781387056\n|move|p1a: Toxicroak|Gunk Shot|p2a: Decidueye\n|-supereffective|p2a: Decidueye\n|-damage|p2a: Decidueye|0 fnt\n|faint|p2a: Decidueye\n|-damage|p1a: Toxicroak|181/277|[from] item: Life Orb\n|\n|upkeep\n|\n|t:|1781387060\n|switch|p2a: Mesprit|Mesprit, L85|275/275\n|turn|3\n|\n|t:|1781387067\n|switch|p1a: Uxie|Uxie, L83|260/260\n|move|p2a: Mesprit|Psychic Noise|p1a: Uxie\n|-resisted|p1a: Uxie\n|-damage|p1a: Uxie|229/260\n|-start|p1a: Uxie|move: Heal Block\n|\n|upkeep\n|turn|4\n|inactive|fortnitekid1212 has 120 seconds left.\n|\n|t:|1781387100\n|move|p1a: Uxie|Knock Off|p2a: Mesprit\n|-supereffective|p2a: Mesprit\n|-damage|p2a: Mesprit|181/275\n|-enditem|p2a: Mesprit|Leftovers|[from] move: Knock Off|[of] p1a: Uxie\n|move|p2a: Mesprit|Thunder Wave|p1a: Uxie\n|-status|p1a: Uxie|par\n|\n|-end|p1a: Uxie|move: Heal Block\n|upkeep\n|turn|5\n|\n|t:|1781387110\n|move|p2a: Mesprit|Stealth Rock|p1a: Uxie\n|-sidestart|p1: schleeby|move: Stealth Rock\n|move|p1a: Uxie|U-turn|p2a: Mesprit\n|-supereffective|p2a: Mesprit\n|-damage|p2a: Mesprit|115/275\n|\n|t:|1781387120\n|switch|p1a: Toxicroak|Toxicroak, L84, M|181/277|[from] U-turn\n|-damage|p1a: Toxicroak|164/277|[from] Stealth Rock\n|\n|upkeep\n|turn|6\n|\n|t:|1781387132\n|move|p1a: Toxicroak|Gunk Shot|p2a: Mesprit\n|-damage|p2a: Mesprit|0 fnt\n|faint|p2a: Mesprit\n|-damage|p1a: Toxicroak|137/277|[from] item: Life Orb\n|\n|upkeep\n|inactive|fortnitekid1212 has 120 seconds left.\n|\n|t:|1781387142\n|switch|p2a: Flutter Mane|Flutter Mane, L74|203/203\n|turn|7\n|\n|t:|1781387148\n|move|p1a: Toxicroak|Sucker Punch|p2a: Flutter Mane\n|-damage|p2a: Flutter Mane|95/203\n|-damage|p1a: Toxicroak|110/277|[from] item: Life Orb\n|move|p2a: Flutter Mane|Moonblast|p1a: Toxicroak\n|-damage|p1a: Toxicroak|0 fnt\n|faint|p1a: Toxicroak\n|\n|upkeep\n|\n|t:|1781387157\n|switch|p1a: Dudunsparce|Dudunsparce, L83, M|343/343\n|-damage|p1a: Dudunsparce|301/343|[from] Stealth Rock\n|turn|8\n|\n|t:|1781387181\n|move|p2a: Flutter Mane|Moonblast|p1a: Dudunsparce\n|-damage|p1a: Dudunsparce|138/343\n|-unboost|p1a: Dudunsparce|spa|1\n|move|p1a: Dudunsparce|Toxic|p2a: Flutter Mane\n|-status|p2a: Flutter Mane|tox\n|\n|-heal|p1a: Dudunsparce|159/343|[from] item: Leftovers\n|-damage|p2a: Flutter Mane|83/203 tox|[from] psn\n|upkeep\n|turn|9\n|\n|t:|1781387188\n|move|p2a: Flutter Mane|Moonblast|p1a: Dudunsparce\n|-crit|p1a: Dudunsparce\n|-damage|p1a: Dudunsparce|0 fnt\n|faint|p1a: Dudunsparce\n|\n|-damage|p2a: Flutter Mane|59/203 tox|[from] psn\n|upkeep\n|\n|t:|1781387191\n|switch|p1a: Uxie|Uxie, L83|229/260 par\n|-damage|p1a: Uxie|197/260 par|[from] Stealth Rock\n|turn|10\n|\n|t:|1781387212\n|move|p2a: Flutter Mane|Moonblast|p1a: Uxie\n|-damage|p1a: Uxie|79/260 par\n|-unboost|p1a: Uxie|spa|1\n|move|p1a: Uxie|Knock Off|p2a: Flutter Mane\n|-damage|p2a: Flutter Mane|0 fnt\n|-enditem|p2a: Flutter Mane|Choice Specs|[from] move: Knock Off|[of] p1a: Uxie\n|faint|p2a: Flutter Mane\n|-end|p2a: Flutter Mane|Protosynthesis|[silent]\n|\n|-heal|p1a: Uxie|95/260 par|[from] item: Leftovers\n|upkeep\n|\n|t:|1781387224\n|switch|p2a: Raikou|Raikou, L81|278/278\n|-ability|p2a: Raikou|Pressure\n|turn|11\n|\n|t:|1781387243\n|move|p2a: Raikou|Substitute|p2a: Raikou\n|-start|p2a: Raikou|Substitute\n|-damage|p2a: Raikou|209/278\n|move|p1a: Uxie|U-turn|p2a: Raikou\n|-activate|p2a: Raikou|move: Substitute|[damage]\n|\n|t:|1781387245\n|switch|p1a: Latias|Latias, L79, F|256/256|[from] U-turn\n|-damage|p1a: Latias|224/256|[from] Stealth Rock\n|\n|-heal|p2a: Raikou|226/278|[from] item: Leftovers\n|upkeep\n|turn|12\n|\n|t:|1781387257\n|switch|p2a: Rhyperior|Rhyperior, L82, M|323/323\n|move|p1a: Latias|Calm Mind|p1a: Latias\n|-boost|p1a: Latias|spa|1\n|-boost|p1a: Latias|spd|1\n|\n|upkeep\n|turn|13\n|\n|t:|1781387266\n|switch|p1a: Uxie|Uxie, L83|95/260 par\n|-damage|p1a: Uxie|63/260 par|[from] Stealth Rock\n|move|p2a: Rhyperior|Megahorn|p1a: Uxie\n|-supereffective|p1a: Uxie\n|-damage|p1a: Uxie|0 fnt\n|faint|p1a: Uxie\n|\n|upkeep\n|\n|t:|1781387268\n|switch|p1a: Donphan|Donphan, L84, F|288/288\n|-damage|p1a: Donphan|270/288|[from] Stealth Rock\n|turn|14\n|\n|t:|1781387276\n|move|p1a: Donphan|Rapid Spin|p2a: Rhyperior\n|-resisted|p2a: Rhyperior\n|-damage|p2a: Rhyperior|307/323\n|-boost|p1a: Donphan|spe|1\n|-sideend|p1: schleeby|Stealth Rock|[from] move: Rapid Spin|[of] p1a: Donphan\n|move|p2a: Rhyperior|Rock Polish|p2a: Rhyperior\n|-boost|p2a: Rhyperior|spe|2\n|\n|-heal|p1a: Donphan|288/288|[from] item: Leftovers\n|upkeep\n|turn|15\n|\n|t:|1781387283\n|move|p2a: Rhyperior|Earthquake|p1a: Donphan\n|-damage|p1a: Donphan|182/288\n|move|p1a: Donphan|Stealth Rock|p2a: Rhyperior\n|-sidestart|p2: fortnitekid1212|move: Stealth Rock\n|\n|-heal|p1a: Donphan|200/288|[from] item: Leftovers\n|upkeep\n|turn|16\n|\n|t:|1781387294\n|move|p2a: Rhyperior|Earthquake|p1a: Donphan\n|-damage|p1a: Donphan|89/288\n|move|p1a: Donphan|Rapid Spin|p2a: Rhyperior\n|-resisted|p2a: Rhyperior\n|-damage|p2a: Rhyperior|292/323\n|-boost|p1a: Donphan|spe|1\n|\n|-heal|p1a: Donphan|107/288|[from] item: Leftovers\n|upkeep\n|turn|17\n|\n|t:|1781387300\n|move|p1a: Donphan|Rapid Spin|p2a: Rhyperior\n|-resisted|p2a: Rhyperior\n|-damage|p2a: Rhyperior|276/323\n|-boost|p1a: Donphan|spe|1\n|move|p2a: Rhyperior|Earthquake|p1a: Donphan\n|-damage|p1a: Donphan|2/288\n|\n|-heal|p1a: Donphan|20/288|[from] item: Leftovers\n|upkeep\n|turn|18\n|\n|t:|1781387303\n|move|p1a: Donphan|Rapid Spin|p2a: Rhyperior\n|-resisted|p2a: Rhyperior\n|-damage|p2a: Rhyperior|260/323\n|-boost|p1a: Donphan|spe|1\n|move|p2a: Rhyperior|Earthquake|p1a: Donphan\n|-damage|p1a: Donphan|0 fnt\n|faint|p1a: Donphan\n|\n|upkeep\n|\n|t:|1781387304\n|switch|p1a: Latias|Latias, L79, F|224/256\n|turn|19\n|\n|t:|1781387309\n|-terastallize|p1a: Latias|Steel\n|move|p2a: Rhyperior|Megahorn|p1a: Latias|[miss]\n|-miss|p2a: Rhyperior|p1a: Latias\n|move|p1a: Latias|Calm Mind|p1a: Latias\n|-boost|p1a: Latias|spa|1\n|-boost|p1a: Latias|spd|1\n|\n|upkeep\n|turn|20\n|\n|t:|1781387320\n|switch|p2a: Meloetta|Meloetta, L82|298/298\n|-damage|p2a: Meloetta|261/298|[from] Stealth Rock\n|move|p1a: Latias|Calm Mind|p1a: Latias\n|-boost|p1a: Latias|spa|1\n|-boost|p1a: Latias|spd|1\n|\n|upkeep\n|turn|21\n|\n|t:|1781387324\n|move|p1a: Latias|Draco Meteor|p2a: Meloetta\n|-damage|p2a: Meloetta|26/298\n|-unboost|p1a: Latias|spa|2\n|move|p2a: Meloetta|Focus Blast|p1a: Latias|[miss]\n|-miss|p2a: Meloetta|p1a: Latias\n|\n|upkeep\n|turn|22\n|\n|t:|1781387331\n|move|p1a: Latias|Psyshock|p2a: Meloetta\n|-resisted|p2a: Meloetta\n|-damage|p2a: Meloetta|0 fnt\n|faint|p2a: Meloetta\n|\n|upkeep\n|\n|t:|1781387333\n|switch|p2a: Raikou|Raikou, L81|226/278\n|-damage|p2a: Raikou|192/278|[from] Stealth Rock\n|-ability|p2a: Raikou|Pressure\n|turn|23\n|\n|t:|1781387338\n|move|p2a: Raikou|Calm Mind|p2a: Raikou\n|-boost|p2a: Raikou|spa|1\n|-boost|p2a: Raikou|spd|1\n|move|p1a: Latias|Calm Mind|p1a: Latias\n|-boost|p1a: Latias|spa|1\n|-boost|p1a: Latias|spd|1\n|\n|-heal|p2a: Raikou|209/278|[from] item: Leftovers\n|upkeep\n|turn|24\n|\n|t:|1781387340\n|move|p2a: Raikou|Substitute|p2a: Raikou\n|-start|p2a: Raikou|Substitute\n|-damage|p2a: Raikou|140/278\n|move|p1a: Latias|Psyshock|p2a: Raikou\n|-end|p2a: Raikou|Substitute\n|\n|-heal|p2a: Raikou|157/278|[from] item: Leftovers\n|upkeep\n|turn|25\n|\n|t:|1781387341\n|move|p2a: Raikou|Calm Mind|p2a: Raikou\n|-boost|p2a: Raikou|spa|1\n|-boost|p2a: Raikou|spd|1\n|move|p1a: Latias|Psyshock|p2a: Raikou\n|-damage|p2a: Raikou|0 fnt\n|faint|p2a: Raikou\n|\n|upkeep\n|-message|fortnitekid1212 forfeited.\n|\n|win|schleeby\n", "inputlog": ">version a8376a258c1d4662feba110a92103f3664a72141\n>start {\"formatid\":\"gen9randombattle\",\"seed\":\"sodium,baf409f1daef89ce96173b4e4e2dbeb3\",\"rated\":\"Rated battle\"}\n>player p1 {\"name\":\"schleeby\",\"avatar\":\"rosa\",\"rating\":1905,\"seed\":\"sodium,5b2e1eddb93ca86390d4256616ab5b53\"}\n>player p2 {\"name\":\"fortnitekid1212\",\"avatar\":\"169\",\"rating\":1931,\"seed\":\"sodium,f8074c1bddf746bc7531d17dc6471f56\"}\n>p1 switch 2\n>p2 move leafblade\n>p1 move gunkshot\n>p2 move triplearrows\n>p2 switch 6\n>p1 switch 4\n>p2 move psychicnoise\n>p1 move knockoff\n>p2 move thunderwave\n>p1 move uturn\n>p2 move stealthrock\n>p1 switch 4\n>p1 move gunkshot\n>p2 move thunderwave\n>p2 switch 3\n>p1 move suckerpunch\n>p2 move moonblast\n>p1 switch 3\n>p1 move toxic\n>p2 move moonblast\n>p1 move roost\n>p2 move moonblast\n>p1 switch 4\n>p1 move knockoff\n>p2 move moonblast\n>p2 switch 2\n>p1 move uturn\n>p2 move substitute\n>p1 switch 5\n>p1 move calmmind\n>p2 switch 5\n>p1 switch 5\n>p2 move megahorn\n>p1 switch 2\n>p1 move rapidspin\n>p2 move rockpolish\n>p1 move stealthrock\n>p2 move earthquake\n>p1 move rapidspin\n>p2 move earthquake\n>p1 move rapidspin\n>p2 move earthquake\n>p1 move rapidspin\n>p2 move earthquake\n>p1 switch 5\n>p1 move calmmind terastallize\n>p2 move megahorn\n>p1 move calmmind\n>p2 switch 4\n>p1 move dracometeor\n>p2 move focusblast\n>p1 move psyshock\n>p2 move focusblast\n>p2 switch 5\n>p1 move calmmind\n>p2 move calmmind\n>p1 move psyshock\n>p2 move substitute\n>p1 move psyshock\n>p2 move calmmind\n>forcelose p2", "uploadtime": 1781387011, "views": 10, "formatid": "gen9randombattle", "rating": null, "private": 0, "password": null}