{"id": "gen9randombattle-2631519870", "format": "[Gen 9] Random Battle", "players": ["100taka", "lkj47"], "log": "|j|\u2606100taka\n|j|\u2606lkj47\n|t:|1781395783\n|gametype|singles\n|player|p1|100taka|265|1942\n|player|p2|lkj47|hilbert|1904\n|gen|9\n|tier|[Gen 9] Random Battle\n|rated|\n|rule|Species Clause: Limit one of each Pok\u00e9mon\n|rule|HP Percentage Mod: HP is shown in percentages\n|rule|Sleep Clause Mod: Limit one foe put to sleep\n|rule|Illusion Level Mod: Illusion disguises the Pok\u00e9mon's true level\n|\n|t:|1781395783\n|teamsize|p1|6\n|teamsize|p2|6\n|start\n|switch|p1a: Latios|Latios, L78, M|253/253\n|switch|p2a: Politoed|Politoed, L88, F|302/302\n|-weather|RainDance|[from] ability: Drizzle|[of] p2a: Politoed\n|turn|1\n|\n|t:|1781395797\n|move|p1a: Latios|Luster Purge|p2a: Politoed\n|-damage|p2a: Politoed|179/302\n|move|p2a: Politoed|Ice Beam|p1a: Latios\n|-supereffective|p1a: Latios\n|-damage|p1a: Latios|73/253\n|\n|-weather|RainDance|[upkeep]\n|upkeep\n|turn|2\n|\n|t:|1781395805\n|switch|p1a: Forretress|Forretress, L84, F|263/263\n|move|p2a: Politoed|Ice Beam|p1a: Forretress\n|-resisted|p1a: Forretress\n|-damage|p1a: Forretress|198/263\n|\n|-weather|RainDance|[upkeep]\n|-heal|p1a: Forretress|214/263|[from] item: Leftovers\n|upkeep\n|turn|3\n|\n|t:|1781395815\n|switch|p2a: Arceus|Arceus-Ghost, L69|280/280\n|move|p1a: Forretress|Stealth Rock|p2a: Arceus\n|-sidestart|p2: lkj47|move: Stealth Rock\n|\n|-weather|RainDance|[upkeep]\n|-heal|p1a: Forretress|230/263|[from] item: Leftovers\n|upkeep\n|turn|4\n|\n|t:|1781395823\n|switch|p1a: Ludicolo|Ludicolo, L90, M|290/290\n|move|p2a: Arceus|Will-O-Wisp|p1a: Ludicolo\n|-status|p1a: Ludicolo|brn\n|\n|-weather|RainDance|[upkeep]\n|-damage|p1a: Ludicolo|272/290 brn|[from] brn\n|upkeep\n|turn|5\n|\n|t:|1781395844\n|switch|p2a: Slowbro|Slowbro-Galar, L87, M|307/307\n|-damage|p2a: Slowbro|269/307|[from] Stealth Rock\n|move|p1a: Ludicolo|Hydro Pump|p2a: Slowbro|[miss]\n|-miss|p1a: Ludicolo|p2a: Slowbro\n|\n|-weather|none\n|-damage|p1a: Ludicolo|254/290 brn|[from] brn\n|upkeep\n|turn|6\n|\n|t:|1781395852\n|switch|p1a: Latios|Latios, L78, M|73/253\n|switch|p2a: Arceus|Arceus-Ghost, L69|280/280\n|-damage|p2a: Arceus|245/280|[from] Stealth Rock\n|\n|upkeep\n|turn|7\n|\n|t:|1781395861\n|move|p1a: Latios|Luster Purge|p2a: Arceus\n|-damage|p2a: Arceus|121/280\n|move|p2a: Arceus|Judgment|p1a: Latios\n|-supereffective|p1a: Latios\n|-damage|p1a: Latios|0 fnt\n|faint|p1a: Latios\n|\n|upkeep\n|\n|t:|1781395869\n|switch|p1a: Delphox|Delphox, L84, F|263/263\n|turn|8\n|\n|t:|1781395889\n|switch|p2a: Politoed|Politoed, L88, F|179/302\n|-damage|p2a: Politoed|142/302|[from] Stealth Rock\n|-weather|RainDance|[from] ability: Drizzle|[of] p2a: Politoed\n|move|p1a: Delphox|Nasty Plot|p1a: Delphox\n|-boost|p1a: Delphox|spa|2\n|\n|-weather|RainDance|[upkeep]\n|upkeep\n|turn|9\n|\n|t:|1781395897\n|move|p1a: Delphox|Psyshock|p2a: Politoed\n|-damage|p2a: Politoed|0 fnt\n|faint|p2a: Politoed\n|\n|-weather|RainDance|[upkeep]\n|upkeep\n|\n|t:|1781395899\n|switch|p2a: Bisharp|Bisharp, L79, M|232/232\n|-damage|p2a: Bisharp|218/232|[from] Stealth Rock\n|turn|10\n|\n|t:|1781395905\n|switch|p1a: Chesnaught|Chesnaught, L84, F|285/285\n|-terastallize|p2a: Bisharp|Ghost\n|move|p2a: Bisharp|Throat Chop|p1a: Chesnaught\n|-resisted|p1a: Chesnaught\n|-damage|p1a: Chesnaught|250/285\n|-start|p1a: Chesnaught|Throat Chop|[silent]\n|\n|-weather|RainDance|[upkeep]\n|-heal|p1a: Chesnaught|267/285|[from] item: Leftovers\n|upkeep\n|turn|11\n|\n|t:|1781395913\n|switch|p2a: Slowbro|Slowbro-Galar, L87, M|307/307\n|-damage|p2a: Slowbro|269/307|[from] Stealth Rock\n|move|p1a: Chesnaught|Knock Off|p2a: Slowbro\n|-supereffective|p2a: Slowbro\n|-damage|p2a: Slowbro|135/307\n|-damage|p1a: Chesnaught|220/285|[from] item: Rocky Helmet|[of] p2a: Slowbro\n|-enditem|p2a: Slowbro|Rocky Helmet|[from] move: Knock Off|[of] p1a: Chesnaught\n|\n|-weather|RainDance|[upkeep]\n|-heal|p1a: Chesnaught|237/285|[from] item: Leftovers\n|-end|p1a: Chesnaught|Throat Chop|[silent]\n|upkeep\n|turn|12\n|\n|t:|1781395927\n|switch|p1a: Forretress|Forretress, L84, F|230/263\n|move|p2a: Slowbro|Slack Off|p2a: Slowbro\n|-heal|p2a: Slowbro|289/307\n|\n|-weather|none\n|-heal|p1a: Forretress|246/263|[from] item: Leftovers\n|upkeep\n|turn|13\n|\n|t:|1781395933\n|switch|p2a: Bisharp|Bisharp, L79, M, tera:Ghost|218/232\n|-damage|p2a: Bisharp|189/232|[from] Stealth Rock\n|move|p1a: Forretress|Toxic Spikes|p2a: Bisharp\n|-sidestart|p2: lkj47|move: Toxic Spikes\n|\n|-heal|p1a: Forretress|262/263|[from] item: Leftovers\n|upkeep\n|turn|14\n|\n|t:|1781395936\n|switch|p1a: Chesnaught|Chesnaught, L84, F|237/285\n|move|p2a: Bisharp|Stealth Rock|p1a: Chesnaught\n|-sidestart|p1: 100taka|move: Stealth Rock\n|\n|-heal|p1a: Chesnaught|254/285|[from] item: Leftovers\n|upkeep\n|turn|15\n|\n|t:|1781395948\n|switch|p2a: Slowbro|Slowbro-Galar, L87, M|307/307\n|-damage|p2a: Slowbro|269/307|[from] Stealth Rock\n|-sideend|p2: lkj47|move: Toxic Spikes|[of] p2a: Slowbro\n|move|p1a: Chesnaught|Wood Hammer|p2a: Slowbro\n|-resisted|p2a: Slowbro\n|-damage|p2a: Slowbro|202/307\n|-damage|p1a: Chesnaught|232/285|[from] Recoil\n|\n|-heal|p1a: Chesnaught|249/285|[from] item: Leftovers\n|upkeep\n|turn|16\n|\n|t:|1781395983\n|switch|p1a: Forretress|Forretress, L84, F|262/263\n|-damage|p1a: Forretress|230/263|[from] Stealth Rock\n|move|p2a: Slowbro|Psychic|p1a: Forretress\n|-resisted|p1a: Forretress\n|-damage|p1a: Forretress|166/263\n|\n|-heal|p1a: Forretress|182/263|[from] item: Leftovers\n|upkeep\n|turn|17\n|\n|t:|1781395988\n|switch|p2a: Arceus|Arceus-Ghost, L69|121/280\n|-damage|p2a: Arceus|86/280|[from] Stealth Rock\n|move|p1a: Forretress|Toxic Spikes|p2a: Arceus\n|-sidestart|p2: lkj47|move: Toxic Spikes\n|\n|-heal|p1a: Forretress|198/263|[from] item: Leftovers\n|upkeep\n|turn|18\n|\n|t:|1781396004\n|switch|p1a: Delphox|Delphox, L84, F|263/263\n|move|p2a: Arceus|Recover|p2a: Arceus\n|-heal|p2a: Arceus|226/280\n|\n|upkeep\n|turn|19\n|\n|t:|1781396009\n|move|p1a: Delphox|Nasty Plot|p1a: Delphox\n|-boost|p1a: Delphox|spa|2\n|move|p2a: Arceus|Judgment|p1a: Delphox\n|-supereffective|p1a: Delphox\n|-damage|p1a: Delphox|77/263\n|\n|upkeep\n|turn|20\n|\n|t:|1781396046\n|move|p1a: Delphox|Fire Blast|p2a: Arceus\n|-damage|p2a: Arceus|0 fnt\n|faint|p2a: Arceus\n|\n|upkeep\n|\n|t:|1781396048\n|switch|p2a: Bisharp|Bisharp, L79, M, tera:Ghost|189/232\n|-damage|p2a: Bisharp|160/232|[from] Stealth Rock\n|-status|p2a: Bisharp|psn\n|turn|21\n|\n|t:|1781396056\n|switch|p1a: Chesnaught|Chesnaught, L84, F|249/285\n|-damage|p1a: Chesnaught|232/285|[from] Stealth Rock\n|move|p2a: Bisharp|Sucker Punch||[still]\n|-fail|p2a: Bisharp\n|\n|-heal|p1a: Chesnaught|249/285|[from] item: Leftovers\n|-damage|p2a: Bisharp|131/232 psn|[from] psn\n|upkeep\n|turn|22\n|-message|lkj47 forfeited.\n|\n|win|100taka\n|raw|100taka's rating: 1942 &rarr; <strong>1961</strong><br />(+19 for winning)\n|raw|lkj47's rating: 1929 &rarr; <strong>1910</strong><br />(-19 for losing)\n", "inputlog": ">version a8376a258c1d4662feba110a92103f3664a72141\n>start {\"formatid\":\"gen9randombattle\",\"seed\":\"sodium,48e5684db98979b1aeddc3ef40969727\",\"rated\":\"Rated battle\"}\n>player p1 {\"name\":\"100taka\",\"avatar\":\"265\",\"rating\":1942,\"seed\":\"sodium,0435d6f98fb40df1171ef7f8cef772df\"}\n>player p2 {\"name\":\"lkj47\",\"avatar\":\"hilbert\",\"rating\":1904,\"seed\":\"sodium,76408c90f9cf81a5d4b89a8ffe7556e1\"}\n>p1 move lusterpurge\n>p2 move icebeam\n>p1 switch 5\n>p2 move icebeam\n>p1 move stealthrock\n>p2 switch 2\n>p1 switch 2\n>p2 move willowisp\n>p1 move hydropump\n>p2 switch 4\n>p1 switch 5\n>p2 switch 4\n>p1 move lusterpurge\n>p2 move judgment\n>p1 switch 6\n>p1 move nastyplot\n>p2 switch 2\n>p1 move psyshock\n>p2 move weatherball\n>p2 switch 5\n>p1 switch 3\n>p2 move throatchop terastallize\n>p1 move knockoff\n>p2 switch 4\n>p1 switch 2\n>p2 move slackoff\n>p1 move toxicspikes\n>p2 switch 4\n>p1 switch 2\n>p2 move stealthrock\n>p1 move woodhammer\n>p2 switch 4\n>p1 switch 2\n>p2 move psychic\n>p1 move toxicspikes\n>p2 switch 2\n>p1 switch 3\n>p2 move recover\n>p1 move nastyplot\n>p2 move judgment\n>p1 move fireblast\n>p2 move judgment\n>p2 switch 4\n>p1 switch 2\n>p2 move suckerpunch\n>forcelose p2", "uploadtime": 1781395784, "views": 5, "formatid": "gen9randombattle", "rating": 1910, "private": 0, "password": null}