{"id": "gen9randombattle-2631799376", "format": "[Gen 9] Random Battle", "players": ["no calc edzooto", "keskejfoula"], "log": "|j|\u2606no calc edzooto\n|j|\u2606keskejfoula\n|t:|1781441405\n|gametype|singles\n|player|p1|no calc edzooto|169|1703\n|player|p2|keskejfoula|avery|1775\n|gen|9\n|tier|[Gen 9] Random Battle\n|rated|\n|rule|Species Clause: Limit one of each Pok\u00e9mon\n|rule|HP Percentage Mod: HP is shown in percentages\n|rule|Sleep Clause Mod: Limit one foe put to sleep\n|rule|Illusion Level Mod: Illusion disguises the Pok\u00e9mon's true level\n|\n|t:|1781441405\n|teamsize|p1|6\n|teamsize|p2|6\n|start\n|switch|p1a: Sandaconda|Sandaconda, L84, F|258/258\n|switch|p2a: Florges|Florges, L85, F|271/271\n|turn|1\n|\n|t:|1781441430\n|switch|p2a: Serperior|Serperior, L79, F|248/248\n|switch|p1a: Seviper|Seviper, L93, F|287/287\n|\n|upkeep\n|turn|2\n|\n|t:|1781441444\n|switch|p2a: Registeel|Registeel, L81|262/262\n|move|p1a: Seviper|Knock Off|p2a: Registeel\n|-damage|p2a: Registeel|192/262\n|-enditem|p2a: Registeel|Leftovers|[from] move: Knock Off|[of] p1a: Seviper\n|-damage|p1a: Seviper|259/287|[from] item: Life Orb\n|\n|upkeep\n|turn|3\n|\n|t:|1781441459\n|move|p1a: Seviper|Glare|p2a: Registeel\n|-status|p2a: Registeel|par\n|move|p2a: Registeel|Iron Head|p1a: Seviper\n|-damage|p1a: Seviper|181/287\n|\n|upkeep\n|turn|4\n|\n|t:|1781441479\n|switch|p1a: Sandaconda|Sandaconda, L84, F|258/258\n|move|p2a: Registeel|Iron Defense|p2a: Registeel\n|-boost|p2a: Registeel|def|2\n|\n|upkeep\n|turn|5\n|\n|t:|1781441487\n|move|p1a: Sandaconda|Earthquake|p2a: Registeel\n|-supereffective|p2a: Registeel\n|-damage|p2a: Registeel|114/262 par\n|move|p2a: Registeel|Body Press|p1a: Sandaconda\n|-damage|p1a: Sandaconda|146/258\n|\n|-heal|p1a: Sandaconda|162/258|[from] item: Leftovers\n|upkeep\n|turn|6\n|\n|t:|1781441500\n|move|p1a: Sandaconda|Earthquake|p2a: Registeel\n|-supereffective|p2a: Registeel\n|-damage|p2a: Registeel|30/262 par\n|move|p2a: Registeel|Body Press|p1a: Sandaconda\n|-damage|p1a: Sandaconda|38/258\n|\n|-heal|p1a: Sandaconda|54/258|[from] item: Leftovers\n|upkeep\n|turn|7\n|\n|t:|1781441511\n|move|p1a: Sandaconda|Rest|p1a: Sandaconda\n|-status|p1a: Sandaconda|slp|[from] move: Rest\n|-heal|p1a: Sandaconda|258/258 slp|[silent]\n|move|p2a: Registeel|Body Press|p1a: Sandaconda\n|-damage|p1a: Sandaconda|149/258 slp\n|\n|-activate|p1a: Sandaconda|ability: Shed Skin\n|-curestatus|p1a: Sandaconda|slp|[msg]\n|-heal|p1a: Sandaconda|165/258|[from] item: Leftovers\n|upkeep\n|turn|8\n|\n|t:|1781441523\n|move|p1a: Sandaconda|Earthquake|p2a: Registeel\n|-supereffective|p2a: Registeel\n|-damage|p2a: Registeel|0 fnt\n|faint|p2a: Registeel\n|\n|-heal|p1a: Sandaconda|181/258|[from] item: Leftovers\n|upkeep\n|\n|t:|1781441527\n|switch|p2a: Serperior|Serperior, L79, F|248/248\n|turn|9\n|\n|t:|1781441555\n|switch|p1a: Seviper|Seviper, L93, F|181/287\n|move|p2a: Serperior|Substitute|p2a: Serperior\n|-start|p2a: Serperior|Substitute\n|-damage|p2a: Serperior|186/248\n|\n|-heal|p2a: Serperior|201/248|[from] item: Leftovers\n|upkeep\n|turn|10\n|\n|t:|1781441561\n|move|p2a: Serperior|Leech Seed|p1a: Seviper\n|-start|p1a: Seviper|move: Leech Seed\n|move|p1a: Seviper|Gunk Shot|p2a: Serperior\n|-supereffective|p2a: Serperior\n|-damage|p2a: Serperior|0 fnt\n|faint|p2a: Serperior\n|-damage|p1a: Seviper|153/287|[from] item: Life Orb\n|\n|upkeep\n|c|\u2606keskejfoula|Bruh I forgot it has infiltrator\n|\n|t:|1781441599\n|switch|p2a: Tinkaton|Tinkaton, L82, F|274/274\n|-ability|p2a: Tinkaton|Mold Breaker\n|turn|11\n|\n|t:|1781441616\n|switch|p1a: Sandaconda|Sandaconda, L84, F|181/258\n|move|p2a: Tinkaton|Gigaton Hammer|p1a: Sandaconda\n|-damage|p1a: Sandaconda|85/258\n|\n|-heal|p1a: Sandaconda|101/258|[from] item: Leftovers\n|upkeep\n|turn|12\n|\n|t:|1781441632\n|move|p2a: Tinkaton|Swords Dance|p2a: Tinkaton\n|-boost|p2a: Tinkaton|atk|2\n|move|p1a: Sandaconda|Glare|p2a: Tinkaton\n|-status|p2a: Tinkaton|par\n|\n|-heal|p1a: Sandaconda|117/258|[from] item: Leftovers\n|upkeep\n|turn|13\n|\n|t:|1781441637\n|move|p1a: Sandaconda|Earthquake|p2a: Tinkaton\n|-supereffective|p2a: Tinkaton\n|-damage|p2a: Tinkaton|0 fnt\n|faint|p2a: Tinkaton\n|\n|-heal|p1a: Sandaconda|133/258|[from] item: Leftovers\n|upkeep\n|\n|t:|1781441643\n|switch|p2a: Florges|Florges, L85, F|271/271\n|turn|14\n|\n|t:|1781441647\n|move|p2a: Florges|Moonblast|p1a: Sandaconda\n|-damage|p1a: Sandaconda|4/258\n|move|p1a: Sandaconda|Glare|p2a: Florges\n|-status|p2a: Florges|par\n|\n|-heal|p1a: Sandaconda|20/258|[from] item: Leftovers\n|upkeep\n|turn|15\n|\n|t:|1781441654\n|move|p1a: Sandaconda|Earthquake|p2a: Florges\n|-damage|p2a: Florges|132/271 par\n|cant|p2a: Florges|par\n|\n|-heal|p1a: Sandaconda|36/258|[from] item: Leftovers\n|-heal|p2a: Florges|148/271 par|[from] item: Leftovers\n|upkeep\n|turn|16\n|\n|t:|1781441658\n|cant|p2a: Florges|par\n|move|p1a: Sandaconda|Earthquake|p2a: Florges\n|-damage|p2a: Florges|10/271 par\n|\n|-heal|p1a: Sandaconda|52/258|[from] item: Leftovers\n|-heal|p2a: Florges|26/271 par|[from] item: Leftovers\n|upkeep\n|turn|17\n|\n|t:|1781441660\n|move|p1a: Sandaconda|Earthquake|p2a: Florges\n|-damage|p2a: Florges|0 fnt\n|faint|p2a: Florges\n|\n|-heal|p1a: Sandaconda|68/258|[from] item: Leftovers\n|upkeep\n|\n|t:|1781441665\n|switch|p2a: Maushold|Maushold-Four, L76|238/238\n|turn|18\n|\n|t:|1781441670\n|move|p2a: Maushold|Population Bomb|p1a: Sandaconda\n|-damage|p1a: Sandaconda|52/258\n|-damage|p1a: Sandaconda|34/258\n|-damage|p1a: Sandaconda|18/258\n|-damage|p1a: Sandaconda|2/258\n|-damage|p1a: Sandaconda|0 fnt\n|faint|p1a: Sandaconda\n|-hitcount|p1: Sandaconda|5\n|\n|upkeep\n|\n|t:|1781441720\n|switch|p1a: Furret|Furret, L94, F|312/312\n|-item|p2a: Maushold|Wide Lens|[from] ability: Frisk|[of] p1a: Furret\n|turn|19\n|\n|t:|1781441732\n|-terastallize|p2a: Maushold|Ghost\n|move|p1a: Furret|Knock Off|p2a: Maushold\n|-supereffective|p2a: Maushold\n|-damage|p2a: Maushold|0 fnt\n|-enditem|p2a: Maushold|Wide Lens|[from] move: Knock Off|[of] p1a: Furret\n|faint|p2a: Maushold\n|-damage|p1a: Furret|281/312|[from] item: Life Orb\n|\n|upkeep\n|\n|t:|1781441738\n|switch|p2a: Blissey|Blissey, L85, F|572/572\n|turn|20\n|\n|t:|1781441754\n|-terastallize|p1a: Furret|Ghost\n|move|p1a: Furret|Knock Off|p2a: Blissey\n|-damage|p2a: Blissey|287/572\n|-enditem|p2a: Blissey|Leftovers|[from] move: Knock Off|[of] p1a: Furret\n|-damage|p1a: Furret|250/312|[from] item: Life Orb\n|move|p2a: Blissey|Thunder Wave|p1a: Furret\n|-status|p1a: Furret|par\n|\n|upkeep\n|turn|21\n|\n|t:|1781441764\n|move|p2a: Blissey|Stealth Rock|p1a: Furret\n|-sidestart|p1: no calc edzooto|move: Stealth Rock\n|move|p1a: Furret|Tidy Up|p1a: Furret\n|-sideend|p1: no calc edzooto|Stealth Rock\n|-activate|p1a: Furret|move: Tidy Up\n|-boost|p1a: Furret|atk|1\n|-boost|p1a: Furret|spe|1\n|\n|upkeep\n|turn|22\n|\n|t:|1781441769\n|move|p1a: Furret|Brick Break|p2a: Blissey\n|-supereffective|p2a: Blissey\n|-damage|p2a: Blissey|0 fnt\n|faint|p2a: Blissey\n|-damage|p1a: Furret|219/312 par|[from] item: Life Orb\n|\n|win|no calc edzooto\n|raw|no calc edzooto's rating: 1703 &rarr; <strong>1727</strong><br />(+24 for winning)\n|raw|keskejfoula's rating: 1775 &rarr; <strong>1751</strong><br />(-24 for losing)\n", "inputlog": ">version a8376a258c1d4662feba110a92103f3664a72141\n>start {\"formatid\":\"gen9randombattle\",\"seed\":\"sodium,c437dd48e210f90ca62d0f836962747f\",\"rated\":\"Rated battle\"}\n>player p1 {\"name\":\"no calc edzooto\",\"avatar\":\"169\",\"rating\":1703,\"seed\":\"sodium,4ef1c5cc4bf44c5ea816c28bfd25c6c1\"}\n>player p2 {\"name\":\"keskejfoula\",\"avatar\":\"avery\",\"rating\":1775,\"seed\":\"sodium,be054bc94b38de774b6d1cdafcae85af\"}\n>p1 switch 2\n>p2 switch 6\n>p1 move knockoff\n>p2 switch 3\n>p1 move glare\n>p2 move ironhead\n>p1 switch 2\n>p2 move irondefense\n>p1 move earthquake\n>p2 move bodypress\n>p1 move earthquake\n>p2 move bodypress\n>p1 move rest\n>p2 move bodypress\n>p1 move earthquake\n>p2 move bodypress\n>p2 switch 3\n>p1 switch 2\n>p2 move substitute\n>p1 move gunkshot\n>p2 move leechseed\n>chat \u2606keskejfoula|Bruh I forgot it has infiltrator\n>p2 switch 4\n>p1 switch 2\n>p2 move gigatonhammer\n>p1 move glare\n>p2 move swordsdance\n>p1 move earthquake\n>p2 move playrough\n>p2 switch 6\n>p1 move glare\n>p2 move moonblast\n>p1 move earthquake\n>p2 move moonblast\n>p1 move earthquake\n>p2 move protect\n>p1 move earthquake\n>p2 move moonblast\n>p2 switch 5\n>p1 move glare\n>p2 move populationbomb\n>p1 switch 4\n>p1 move knockoff\n>p2 move tidyup terastallize\n>p2 switch 2\n>p1 move knockoff terastallize\n>p2 move thunderwave\n>p1 move tidyup\n>p2 move stealthrock\n>p1 move brickbreak\n>p2 move softboiled", "uploadtime": 1781441771, "views": 6, "formatid": "gen9randombattle", "rating": 1727, "private": 0, "password": null}