{"id": "gen9randombattle-2631589716", "format": "[Gen 9] Random Battle", "players": ["mr clevage", "nickolassbomfim"], "log": "|j|\u2606mr clevage\n|j|\u2606nickolassbomfim\n|t:|1781405416\n|gametype|singles\n|player|p1|mr clevage|blaine|1923\n|player|p2|nickolassbomfim|red-masters|1935\n|gen|9\n|tier|[Gen 9] Random Battle\n|rated|\n|rule|Species Clause: Limit one of each Pok\u00e9mon\n|rule|HP Percentage Mod: HP is shown in percentages\n|rule|Sleep Clause Mod: Limit one foe put to sleep\n|rule|Illusion Level Mod: Illusion disguises the Pok\u00e9mon's true level\n|\n|t:|1781405416\n|teamsize|p1|6\n|teamsize|p2|6\n|start\n|switch|p1a: Empoleon|Empoleon, L84, M|278/278\n|switch|p2a: Mienshao|Mienshao, L83, F|244/244\n|turn|1\n|inactive|Battle timer is ON: inactive players will automatically lose when time's up. (requested by mr clevage)\n|\n|t:|1781405426\n|switch|p1a: Golurk|Golurk, L87|297/297\n|move|p2a: Mienshao|Knock Off|p1a: Golurk\n|-supereffective|p1a: Golurk\n|-damage|p1a: Golurk|137/297\n|-enditem|p1a: Golurk|Choice Band|[from] move: Knock Off|[of] p2a: Mienshao\n|\n|upkeep\n|turn|2\n|\n|t:|1781405435\n|move|p2a: Mienshao|U-turn|p1a: Golurk\n|-resisted|p1a: Golurk\n|-damage|p1a: Golurk|105/297\n|\n|t:|1781405439\n|switch|p2a: Mudsdale|Mudsdale, L83, M|302/302|[from] U-turn\n|move|p1a: Golurk|Poltergeist|p2a: Mudsdale\n|-activate|p2a: Mudsdale|move: Poltergeist|Leftovers\n|-damage|p2a: Mudsdale|158/302\n|-ability|p2a: Mudsdale|Stamina|boost\n|-boost|p2a: Mudsdale|def|1\n|\n|-heal|p2a: Mudsdale|176/302|[from] item: Leftovers\n|upkeep\n|turn|3\n|\n|t:|1781405458\n|move|p1a: Golurk|Poltergeist|p2a: Mudsdale\n|-activate|p2a: Mudsdale|move: Poltergeist|Leftovers\n|-damage|p2a: Mudsdale|88/302\n|-ability|p2a: Mudsdale|Stamina|boost\n|-boost|p2a: Mudsdale|def|1\n|move|p2a: Mudsdale|Stealth Rock|p1a: Golurk\n|-sidestart|p1: mr clevage|move: Stealth Rock\n|\n|-heal|p2a: Mudsdale|106/302|[from] item: Leftovers\n|upkeep\n|turn|4\n|\n|t:|1781405464\n|move|p1a: Golurk|Dynamic Punch|p2a: Mudsdale\n|-damage|p2a: Mudsdale|66/302\n|-start|p2a: Mudsdale|confusion\n|-ability|p2a: Mudsdale|Stamina|boost\n|-boost|p2a: Mudsdale|def|1\n|-activate|p2a: Mudsdale|confusion\n|move|p2a: Mudsdale|Earthquake|p1a: Golurk\n|-damage|p1a: Golurk|0 fnt\n|faint|p1a: Golurk\n|\n|-heal|p2a: Mudsdale|84/302|[from] item: Leftovers\n|upkeep\n|\n|t:|1781405473\n|switch|p1a: Dewgong|Dewgong, L94, F|322/322\n|turn|5\n|\n|t:|1781405479\n|move|p1a: Dewgong|Surf|p2a: Mudsdale\n|-supereffective|p2a: Mudsdale\n|-damage|p2a: Mudsdale|0 fnt\n|faint|p2a: Mudsdale\n|\n|upkeep\n|\n|t:|1781405481\n|switch|p2a: Mienshao|Mienshao, L83, F|244/244\n|turn|6\n|\n|t:|1781405489\n|move|p2a: Mienshao|Knock Off|p1a: Dewgong\n|-damage|p1a: Dewgong|248/322\n|-enditem|p1a: Dewgong|Heavy-Duty Boots|[from] move: Knock Off|[of] p2a: Mienshao\n|move|p1a: Dewgong|Knock Off|p2a: Mienshao\n|-resisted|p2a: Mienshao\n|-damage|p2a: Mienshao|202/244\n|-enditem|p2a: Mienshao|Assault Vest|[from] move: Knock Off|[of] p1a: Dewgong\n|\n|upkeep\n|turn|7\n|\n|t:|1781405498\n|switch|p1a: Pincurchin|Pincurchin, F|258/258\n|-damage|p1a: Pincurchin|226/258|[from] Stealth Rock\n|-fieldstart|move: Electric Terrain|[from] ability: Electric Surge|[of] p1a: Pincurchin\n|move|p2a: Mienshao|Close Combat|p1a: Pincurchin\n|-damage|p1a: Pincurchin|99/258\n|-unboost|p2a: Mienshao|def|1\n|-unboost|p2a: Mienshao|spd|1\n|\n|-heal|p1a: Pincurchin|115/258|[from] item: Leftovers\n|upkeep\n|turn|8\n|\n|t:|1781405502\n|move|p2a: Mienshao|Close Combat|p1a: Pincurchin\n|-damage|p1a: Pincurchin|0 fnt\n|-unboost|p2a: Mienshao|def|1\n|-unboost|p2a: Mienshao|spd|1\n|faint|p1a: Pincurchin\n|\n|upkeep\n|\n|t:|1781405509\n|switch|p1a: Gothitelle|Gothitelle, L90, F|272/272\n|-damage|p1a: Gothitelle|238/272|[from] Stealth Rock\n|turn|9\n|\n|t:|1781405513\n|-terastallize|p1a: Gothitelle|Electric\n|move|p2a: Mienshao|U-turn|p1a: Gothitelle\n|-damage|p1a: Gothitelle|182/272\n|\n|t:|1781405520\n|switch|p2a: Mewtwo|Mewtwo, L72|272/272|[from] U-turn\n|-ability|p2a: Mewtwo|Unnerve\n|move|p1a: Gothitelle|Psychic Noise|p2a: Mewtwo\n|-resisted|p2a: Mewtwo\n|-damage|p2a: Mewtwo|221/272\n|-start|p2a: Mewtwo|move: Heal Block\n|\n|-heal|p1a: Gothitelle|199/272|[from] item: Leftovers\n|upkeep\n|turn|10\n|\n|t:|1781405525\n|move|p2a: Mewtwo|Nasty Plot|p2a: Mewtwo\n|-boost|p2a: Mewtwo|spa|2\n|move|p1a: Gothitelle|Calm Mind|p1a: Gothitelle\n|-boost|p1a: Gothitelle|spa|1\n|-boost|p1a: Gothitelle|spd|1\n|\n|-heal|p1a: Gothitelle|216/272|[from] item: Leftovers\n|-end|p2a: Mewtwo|move: Heal Block\n|upkeep\n|turn|11\n|\n|t:|1781405528\n|move|p2a: Mewtwo|Psystrike|p1a: Gothitelle\n|-damage|p1a: Gothitelle|0 fnt\n|faint|p1a: Gothitelle\n|-damage|p2a: Mewtwo|194/272|[from] item: Life Orb\n|\n|-fieldend|move: Electric Terrain\n|upkeep\n|-message|mr clevage forfeited.\n|\n|win|nickolassbomfim\n", "uploadtime": 1781405418, "views": 3, "formatid": "gen9randombattle", "rating": null, "private": 0, "password": null}