{"id": "gen9randombattle-2631900649", "format": "[Gen 9] Random Battle", "players": ["flaviodssts", "Chicken347"], "log": "|j|\u2606flaviodssts\n|j|\u2606Chicken347\n|t:|1781453616\n|gametype|singles\n|player|p1|flaviodssts|burglar|1969\n|player|p2|Chicken347|101|2023\n|gen|9\n|tier|[Gen 9] Random Battle\n|rated|\n|rule|Species Clause: Limit one of each Pok\u00e9mon\n|rule|HP Percentage Mod: HP is shown in percentages\n|rule|Sleep Clause Mod: Limit one foe put to sleep\n|rule|Illusion Level Mod: Illusion disguises the Pok\u00e9mon's true level\n|\n|t:|1781453616\n|teamsize|p1|6\n|teamsize|p2|6\n|start\n|switch|p1a: Talonflame|Talonflame, L83, F|265/265\n|switch|p2a: Misdreavus|Misdreavus, L90, F|254/254\n|turn|1\n|inactive|Battle timer is ON: inactive players will automatically lose when time's up. (requested by flaviodssts)\n|\n|t:|1781453641\n|move|p1a: Talonflame|Swords Dance|p1a: Talonflame\n|-boost|p1a: Talonflame|atk|2\n|move|p2a: Misdreavus|Shadow Ball|p1a: Talonflame\n|-damage|p1a: Talonflame|165/265\n|\n|upkeep\n|turn|2\n|\n|t:|1781453651\n|switch|p2a: Rotom|Rotom-Fan, L86|226/226\n|move|p1a: Talonflame|Flare Blitz|p2a: Rotom\n|-damage|p2a: Rotom|31/226\n|-damage|p1a: Talonflame|101/265|[from] Recoil\n|\n|upkeep\n|turn|3\n|\n|t:|1781453656\n|move|p1a: Talonflame|Flare Blitz|p2a: Rotom\n|-damage|p2a: Rotom|0 fnt\n|faint|p2a: Rotom\n|-damage|p1a: Talonflame|91/265|[from] Recoil\n|\n|upkeep\n|\n|t:|1781453659\n|switch|p2a: Greninja|Greninja, L80, M|246/246\n|turn|4\n|\n|t:|1781453679\n|switch|p2a: Toucannon|Toucannon, L88, M|284/284\n|move|p1a: Talonflame|Brave Bird|p2a: Toucannon\n|-damage|p2a: Toucannon|29/284\n|-damage|p1a: Talonflame|7/265|[from] Recoil\n|\n|upkeep\n|turn|5\n|\n|t:|1781453694\n|-singleturn|p2a: Toucannon|move: Beak Blast\n|move|p1a: Talonflame|Brave Bird|p2a: Toucannon\n|-damage|p2a: Toucannon|0 fnt\n|faint|p2a: Toucannon\n|-damage|p1a: Talonflame|0 fnt|[from] Recoil\n|faint|p1a: Talonflame\n|\n|upkeep\n|\n|t:|1781453709\n|switch|p1a: Klefki|Klefki, L84, M|233/233\n|switch|p2a: Ninetales|Ninetales-Alola, L78, F|242/242\n|-weather|Snowscape|[from] ability: Snow Warning|[of] p2a: Ninetales\n|turn|6\n|\n|t:|1781453723\n|move|p1a: Klefki|Thunder Wave|p2a: Ninetales\n|-status|p2a: Ninetales|par\n|move|p2a: Ninetales|Aurora Veil|p2a: Ninetales\n|-sidestart|p2: Chicken347|move: Aurora Veil\n|\n|-weather|Snowscape|[upkeep]\n|upkeep\n|turn|7\n|\n|t:|1781453730\n|move|p1a: Klefki|Spikes|p2a: Ninetales\n|-sidestart|p2: Chicken347|Spikes\n|move|p2a: Ninetales|Encore|p1a: Klefki\n|-start|p1a: Klefki|Encore\n|\n|-weather|Snowscape|[upkeep]\n|upkeep\n|turn|8\n|\n|t:|1781453734\n|switch|p2a: Tsareena|Tsareena, L87, F|267/267\n|-damage|p2a: Tsareena|234/267|[from] Spikes\n|move|p1a: Klefki|Spikes|p2a: Tsareena\n|-sidestart|p2: Chicken347|Spikes\n|\n|-weather|Snowscape|[upkeep]\n|upkeep\n|turn|9\n|\n|t:|1781453750\n|switch|p1a: Chesnaught|Chesnaught, L84, M|285/285\n|move|p2a: Tsareena|Rapid Spin|p1a: Chesnaught\n|-damage|p1a: Chesnaught|247/285\n|-boost|p2a: Tsareena|spe|1\n|-sideend|p2: Chicken347|Spikes|[from] move: Rapid Spin|[of] p2a: Tsareena\n|\n|-weather|Snowscape|[upkeep]\n|-heal|p1a: Chesnaught|264/285|[from] item: Leftovers\n|upkeep\n|turn|10\n|\n|t:|1781453765\n|switch|p2a: Misdreavus|Misdreavus, L90, F|254/254\n|move|p1a: Chesnaught|Iron Defense|p1a: Chesnaught\n|-boost|p1a: Chesnaught|def|2\n|\n|-weather|none\n|-heal|p1a: Chesnaught|281/285|[from] item: Leftovers\n|upkeep\n|turn|11\n|\n|t:|1781453770\n|switch|p1a: Klefki|Klefki, L84, M|233/233\n|move|p2a: Misdreavus|Will-O-Wisp|p1a: Klefki\n|-status|p1a: Klefki|brn\n|\n|-damage|p1a: Klefki|219/233 brn|[from] brn\n|upkeep\n|turn|12\n|\n|t:|1781453777\n|switch|p2a: Ninetales|Ninetales-Alola, L78, F|242/242 par\n|-weather|Snowscape|[from] ability: Snow Warning|[of] p2a: Ninetales\n|move|p1a: Klefki|Thunder Wave|p2a: Ninetales\n|-fail|p2a: Ninetales|par\n|\n|-weather|Snowscape|[upkeep]\n|-heal|p1a: Klefki|233/233 brn|[from] item: Leftovers\n|-damage|p1a: Klefki|219/233 brn|[from] brn\n|upkeep\n|turn|13\n|\n|t:|1781453802\n|move|p1a: Klefki|Spikes|p2a: Ninetales\n|-sidestart|p2: Chicken347|Spikes\n|cant|p2a: Ninetales|par\n|\n|-weather|Snowscape|[upkeep]\n|-heal|p1a: Klefki|233/233 brn|[from] item: Leftovers\n|-damage|p1a: Klefki|219/233 brn|[from] brn\n|-sideend|p2: Chicken347|move: Aurora Veil\n|upkeep\n|turn|14\n|\n|t:|1781453807\n|switch|p1a: Golduck|Golduck, L90, M|290/290\n|-ability|p1a: Golduck|Cloud Nine\n|cant|p2a: Ninetales|par\n|\n|-weather|Snowscape|[upkeep]\n|upkeep\n|turn|15\n|\n|t:|1781453830\n|switch|p1a: Minior|Minior-Violet, L79|224/224\n|-formechange|p1a: Minior|Minior-Meteor||[from] ability: Shields Down\n|move|p2a: Ninetales|Moonblast|p1a: Minior\n|-damage|p1a: Minior|143/224\n|\n|-weather|Snowscape|[upkeep]\n|upkeep\n|turn|16\n|\n|t:|1781453839\n|move|p1a: Minior|Shell Smash|p1a: Minior\n|-unboost|p1a: Minior|def|1\n|-unboost|p1a: Minior|spd|1\n|-boost|p1a: Minior|atk|2\n|-boost|p1a: Minior|spa|2\n|-boost|p1a: Minior|spe|2\n|-enditem|p1a: Minior|White Herb\n|-clearnegativeboost|p1a: Minior|[silent]\n|move|p2a: Ninetales|Blizzard|p1a: Minior\n|-supereffective|p1a: Minior\n|-damage|p1a: Minior|0 fnt\n|faint|p1a: Minior\n|\n|-weather|none\n|upkeep\n|-message|flaviodssts forfeited.\n|\n|win|Chicken347\n", "inputlog": ">version a8376a258c1d4662feba110a92103f3664a72141\n>start {\"formatid\":\"gen9randombattle\",\"seed\":\"sodium,85f943a31d78208dd30a830aaf68a557\",\"rated\":\"Rated battle\"}\n>player p1 {\"name\":\"flaviodssts\",\"avatar\":\"burglar\",\"rating\":1969,\"seed\":\"sodium,e7e12302f57308abfab45b3d167ee25e\"}\n>player p2 {\"name\":\"Chicken347\",\"avatar\":\"101\",\"rating\":2023,\"seed\":\"sodium,e84a8206d74bb1df620f511de704df2b\"}\n>p1 move swordsdance\n>p2 move shadowball\n>p1 move flareblitz\n>p2 switch 3\n>p1 move flareblitz\n>p2 move thunderbolt\n>p2 switch 6\n>p1 move bravebird\n>p2 switch 4\n>p1 move bravebird\n>p2 move beakblast\n>p1 switch 6\n>p2 switch 5\n>p1 move thunderwave\n>p2 move auroraveil\n>p1 move spikes\n>p2 move encore\n>p1 move spikes\n>p2 switch 2\n>p1 switch 5\n>p2 move rapidspin\n>p1 move irondefense\n>p2 switch 3\n>p1 switch 5\n>p2 move willowisp\n>p1 move thunderwave\n>p2 switch 2\n>p1 move spikes\n>p2 move blizzard\n>p1 switch 3\n>p2 move encore\n>p1 switch 2\n>p2 move moonblast\n>p1 move shellsmash\n>p2 move blizzard\n>forcelose p1", "uploadtime": 1781453618, "views": 7, "formatid": "gen9randombattle", "rating": null, "private": 0, "password": null}