{"id": "gen9randombattle-2631941618", "format": "[Gen 9] Random Battle", "players": ["F Boogie", "pelele19"], "log": "|j|\u2606F Boogie\n|j|\u2606pelele19\n|t:|1781458097\n|gametype|singles\n|player|p1|F Boogie|veteran-gen4|2130\n|player|p2|pelele19|102|2142\n|gen|9\n|tier|[Gen 9] Random Battle\n|rated|\n|rule|Species Clause: Limit one of each Pok\u00e9mon\n|rule|HP Percentage Mod: HP is shown in percentages\n|rule|Sleep Clause Mod: Limit one foe put to sleep\n|rule|Illusion Level Mod: Illusion disguises the Pok\u00e9mon's true level\n|\n|t:|1781458097\n|teamsize|p1|6\n|teamsize|p2|6\n|start\n|switch|p1a: Ampharos|Ampharos, L88, F|302/302\n|switch|p2a: Poliwrath|Poliwrath, L88, F|302/302\n|turn|1\n|\n|t:|1781458101\n|switch|p2a: Palossand|Palossand, L89, M|296/296\n|move|p1a: Ampharos|Volt Switch|p2a: Palossand\n|-immune|p2a: Palossand\n|\n|upkeep\n|turn|2\n|\n|t:|1781458108\n|switch|p1a: Gogoat|Gogoat, L88, M|360/360\n|move|p2a: Palossand|Stealth Rock|p1a: Gogoat\n|-sidestart|p1: F Boogie|move: Stealth Rock\n|\n|upkeep\n|turn|3\n|\n|t:|1781458116\n|switch|p2a: Girafarig|Girafarig, L89, F|269/269\n|move|p1a: Gogoat|Bulk Up|p1a: Gogoat\n|-boost|p1a: Gogoat|atk|1\n|-boost|p1a: Gogoat|def|1\n|\n|upkeep\n|turn|4\n|\n|t:|1781458120\n|move|p2a: Girafarig|Nasty Plot|p2a: Girafarig\n|-boost|p2a: Girafarig|spa|2\n|move|p1a: Gogoat|Bulk Up|p1a: Gogoat\n|-boost|p1a: Gogoat|atk|1\n|-boost|p1a: Gogoat|def|1\n|\n|upkeep\n|turn|5\n|\n|t:|1781458122\n|move|p2a: Girafarig|Hyper Voice|p1a: Gogoat\n|-damage|p1a: Gogoat|144/360\n|move|p1a: Gogoat|Earthquake|p2a: Girafarig\n|-damage|p2a: Girafarig|144/269\n|\n|-heal|p1a: Gogoat|166/360|[from] item: Leftovers\n|upkeep\n|turn|6\n|\n|t:|1781458128\n|switch|p1a: Kingambit|Kingambit, L74, M|270/270\n|-damage|p1a: Kingambit|254/270|[from] Stealth Rock\n|move|p2a: Girafarig|Hyper Voice|p1a: Kingambit\n|-resisted|p1a: Kingambit\n|-damage|p1a: Kingambit|146/270\n|\n|-heal|p1a: Kingambit|162/270|[from] item: Leftovers\n|upkeep\n|turn|7\n|\n|t:|1781458137\n|-terastallize|p2a: Girafarig|Electric\n|move|p1a: Kingambit|Sucker Punch|p2a: Girafarig\n|-damage|p2a: Girafarig|89/269\n|move|p2a: Girafarig|Thunderbolt|p1a: Kingambit\n|-damage|p1a: Kingambit|0 fnt\n|faint|p1a: Kingambit\n|-end|p1a: Kingambit|fallenundefined|[silent]\n|\n|upkeep\n|\n|t:|1781458142\n|switch|p1a: Cyclizar|Cyclizar, L83, F|252/252\n|turn|8\n|\n|t:|1781458151\n|switch|p2a: Poliwrath|Poliwrath, L88, F|302/302\n|move|p1a: Cyclizar|Rapid Spin|p2a: Poliwrath\n|-damage|p2a: Poliwrath|256/302\n|-boost|p1a: Cyclizar|spe|1\n|-sideend|p1: F Boogie|Stealth Rock|[from] move: Rapid Spin|[of] p1a: Cyclizar\n|\n|upkeep\n|turn|9\n|\n|t:|1781458155\n|move|p1a: Cyclizar|Shed Tail|p1a: Cyclizar\n|-start|p1a: Cyclizar|Substitute|[from] move: Shed Tail\n|-damage|p1a: Cyclizar|126/252\n|\n|t:|1781458157\n|switch|p1a: Gogoat|Gogoat, L88, M|166/360|[from] Shed Tail\n|move|p2a: Poliwrath|Rain Dance|p2a: Poliwrath\n|-weather|RainDance\n|\n|-weather|RainDance|[upkeep]\n|-heal|p1a: Gogoat|188/360|[from] item: Leftovers\n|upkeep\n|turn|10\n|\n|t:|1781458171\n|move|p2a: Poliwrath|Liquidation|p1a: Gogoat\n|-resisted|p1a: Gogoat\n|-end|p1a: Gogoat|Substitute\n|-damage|p2a: Poliwrath|226/302|[from] item: Life Orb\n|move|p1a: Gogoat|Milk Drink|p1a: Gogoat\n|-heal|p1a: Gogoat|360/360\n|\n|-weather|RainDance|[upkeep]\n|upkeep\n|turn|11\n|\n|t:|1781458174\n|switch|p2a: Tornadus|Tornadus-Therian, L79, M|254/254\n|move|p1a: Gogoat|Bulk Up|p1a: Gogoat\n|-boost|p1a: Gogoat|atk|1\n|-boost|p1a: Gogoat|def|1\n|\n|-weather|RainDance|[upkeep]\n|upkeep\n|turn|12\n|\n|t:|1781458178\n|switch|p1a: Ampharos|Ampharos, L88, F|302/302\n|move|p2a: Tornadus|Bleakwind Storm|p1a: Ampharos\n|-resisted|p1a: Ampharos\n|-damage|p1a: Ampharos|268/302\n|\n|-weather|RainDance|[upkeep]\n|upkeep\n|turn|13\n|\n|t:|1781458182\n|switch|p2a: Palossand|Palossand, L89, M|296/296\n|move|p1a: Ampharos|Dragon Tail|p2a: Palossand\n|-damage|p2a: Palossand|268/296\n|drag|p2a: Tornadus|Tornadus-Therian, L79, M|254/254\n|\n|-weather|none\n|upkeep\n|turn|14\n|\n|t:|1781458186\n|switch|p2a: Palossand|Palossand, L89, M|268/296\n|move|p1a: Ampharos|Dazzling Gleam|p2a: Palossand\n|-damage|p2a: Palossand|193/296\n|\n|-heal|p2a: Palossand|211/296|[from] item: Leftovers\n|upkeep\n|turn|15\n|\n|t:|1781458193\n|switch|p1a: Gogoat|Gogoat, L88, M|360/360\n|move|p2a: Palossand|Shadow Ball|p1a: Gogoat\n|-damage|p1a: Gogoat|267/360\n|\n|-heal|p1a: Gogoat|289/360|[from] item: Leftovers\n|-heal|p2a: Palossand|229/296|[from] item: Leftovers\n|upkeep\n|turn|16\n|\n|t:|1781458199\n|switch|p2a: Tornadus|Tornadus-Therian, L79, M|254/254\n|move|p1a: Gogoat|Horn Leech|p2a: Tornadus\n|-resisted|p2a: Tornadus\n|-damage|p2a: Tornadus|203/254\n|-heal|p1a: Gogoat|315/360|[from] drain|[of] p2a: Tornadus\n|\n|-heal|p1a: Gogoat|337/360|[from] item: Leftovers\n|upkeep\n|turn|17\n|inactive|Battle timer is ON: inactive players will automatically lose when time's up. (requested by pelele19)\n|\n|t:|1781458214\n|switch|p1a: Ampharos|Ampharos, L88, F|268/302\n|move|p2a: Tornadus|Knock Off|p1a: Ampharos\n|-damage|p1a: Ampharos|201/302\n|-enditem|p1a: Ampharos|Assault Vest|[from] move: Knock Off|[of] p2a: Tornadus\n|\n|upkeep\n|turn|18\n|\n|t:|1781458219\n|switch|p2a: Palossand|Palossand, L89, M|229/296\n|move|p1a: Ampharos|Dazzling Gleam|p2a: Palossand\n|-damage|p2a: Palossand|154/296\n|\n|-heal|p2a: Palossand|172/296|[from] item: Leftovers\n|upkeep\n|turn|19\n|\n|t:|1781458223\n|switch|p1a: Gogoat|Gogoat, L88, M|337/360\n|move|p2a: Palossand|Shore Up|p2a: Palossand\n|-heal|p2a: Palossand|296/296\n|\n|-heal|p1a: Gogoat|359/360|[from] item: Leftovers\n|upkeep\n|turn|20\n|\n|t:|1781458228\n|switch|p2a: Tornadus|Tornadus-Therian, L79, M|254/254\n|move|p1a: Gogoat|Bulk Up|p1a: Gogoat\n|-boost|p1a: Gogoat|atk|1\n|-boost|p1a: Gogoat|def|1\n|\n|-heal|p1a: Gogoat|360/360|[from] item: Leftovers\n|upkeep\n|turn|21\n|\n|t:|1781458233\n|switch|p1a: Cyclizar|Cyclizar, L83, F|210/252\n|move|p2a: Tornadus|Heat Wave|p1a: Cyclizar\n|-resisted|p1a: Cyclizar\n|-damage|p1a: Cyclizar|166/252\n|\n|upkeep\n|turn|22\n|\n|t:|1781458237\n|move|p1a: Cyclizar|Knock Off|p2a: Tornadus\n|-damage|p2a: Tornadus|185/254\n|-enditem|p2a: Tornadus|Assault Vest|[from] move: Knock Off|[of] p1a: Cyclizar\n|move|p2a: Tornadus|Bleakwind Storm|p1a: Cyclizar\n|-damage|p1a: Cyclizar|39/252\n|\n|upkeep\n|turn|23\n|\n|t:|1781458263\n|switch|p1a: Ampharos|Ampharos, L88, F|201/302\n|move|p2a: Tornadus|Heat Wave|p1a: Ampharos\n|-damage|p1a: Ampharos|143/302\n|\n|upkeep\n|turn|24\n|inactive|pelele19 has 120 seconds left.\n|inactive|pelele19 has 90 seconds left.\n|\n|t:|1781458330\n|switch|p2a: Palossand|Palossand, L89, M|296/296\n|move|p1a: Ampharos|Dragon Tail|p2a: Palossand\n|-damage|p2a: Palossand|265/296\n|drag|p2a: Hypno|Hypno, L95, M|315/315\n|\n|upkeep\n|turn|25\n|\n|t:|1781458336\n|switch|p2a: Palossand|Palossand, L89, M|265/296\n|move|p1a: Ampharos|Volt Switch|p2a: Palossand\n|-immune|p2a: Palossand\n|\n|-heal|p2a: Palossand|283/296|[from] item: Leftovers\n|upkeep\n|turn|26\n|\n|t:|1781458341\n|switch|p1a: Gogoat|Gogoat, L88, M|360/360\n|move|p2a: Palossand|Earth Power|p1a: Gogoat\n|-resisted|p1a: Gogoat\n|-damage|p1a: Gogoat|309/360\n|\n|-heal|p1a: Gogoat|331/360|[from] item: Leftovers\n|-heal|p2a: Palossand|296/296|[from] item: Leftovers\n|upkeep\n|turn|27\n|\n|t:|1781458345\n|switch|p2a: Tornadus|Tornadus-Therian, L79, M|254/254\n|move|p1a: Gogoat|Horn Leech|p2a: Tornadus\n|-resisted|p2a: Tornadus\n|-damage|p2a: Tornadus|202/254\n|-heal|p1a: Gogoat|357/360|[from] drain|[of] p2a: Tornadus\n|\n|-heal|p1a: Gogoat|360/360|[from] item: Leftovers\n|upkeep\n|turn|28\n|\n|t:|1781458351\n|switch|p1a: Ampharos|Ampharos, L88, F|143/302\n|move|p2a: Tornadus|Heat Wave|p1a: Ampharos\n|-damage|p1a: Ampharos|86/302\n|\n|upkeep\n|turn|29\n|inactive|pelele19 has 120 seconds left.\n|inactive|pelele19 has 90 seconds left.\n|inactive|pelele19 has 60 seconds left.\n|inactive|pelele19 has 30 seconds left.\n|inactive|pelele19 has 20 seconds left.\n|inactive|pelele19 has 15 seconds left.\n|inactive|pelele19 has 10 seconds left.\n|inactive|pelele19 has 5 seconds left.\n|-message|pelele19 lost due to inactivity.\n|\n|win|F Boogie\n", "inputlog": ">version a8376a258c1d4662feba110a92103f3664a72141\n>start {\"formatid\":\"gen9randombattle\",\"seed\":\"sodium,989cf2066374f716ca1251ea183ea62f\",\"rated\":\"Rated battle\"}\n>player p1 {\"name\":\"F Boogie\",\"avatar\":\"veteran-gen4\",\"rating\":2130,\"seed\":\"sodium,91fa3447e03dabc418805b0562c47da8\"}\n>player p2 {\"name\":\"pelele19\",\"avatar\":\"102\",\"rating\":2142,\"seed\":\"sodium,07c4406cd66cd72407094ce6256496b5\"}\n>p1 move voltswitch\n>p2 switch 5\n>p1 switch 2\n>p2 move stealthrock\n>p1 move bulkup\n>p2 switch 6\n>p1 move bulkup\n>p2 move nastyplot\n>p1 move earthquake\n>p2 move hypervoice\n>p1 switch 4\n>p2 move hypervoice\n>p1 move suckerpunch\n>p2 move thunderbolt terastallize\n>p1 switch 5\n>p1 move rapidspin\n>p2 switch 5\n>p1 move shedtail\n>p2 move raindance\n>p1 switch 4\n>p1 move milkdrink\n>p2 move liquidation\n>p1 move bulkup\n>p2 switch 3\n>p1 switch 2\n>p2 move bleakwindstorm\n>p1 move dragontail\n>p2 switch 6\n>p1 move dazzlinggleam\n>p2 switch 6\n>p1 switch 2\n>p2 move shadowball\n>p1 move hornleech\n>p2 switch 6\n>p1 switch 2\n>p2 move knockoff\n>p1 move dazzlinggleam\n>p2 switch 6\n>p1 switch 2\n>p2 move shoreup\n>p1 move bulkup\n>p2 switch 6\n>p1 switch 4\n>p2 move heatwave\n>p1 move knockoff\n>p2 move bleakwindstorm\n>p1 switch 2\n>p2 move heatwave\n>p1 move dragontail\n>p2 switch 6\n>p1 move voltswitch\n>p2 switch 4\n>p1 switch 4\n>p2 move earthpower\n>p1 move hornleech\n>p2 switch 6\n>p1 switch 4\n>p2 move heatwave\n>forcelose p2", "uploadtime": 1781458098, "views": 4, "formatid": "gen9randombattle", "rating": null, "private": 0, "password": null}