{"id": "gen9randombattle-2631727449", "format": "[Gen 9] Random Battle", "players": ["FireHowe", "paddyd121"], "log": "|j|\u2606FireHowe\n|j|\u2606paddyd121\n|t:|1781429534\n|gametype|singles\n|player|p1|FireHowe|giovanni|1963\n|player|p2|paddyd121|ethan|1938\n|gen|9\n|tier|[Gen 9] Random Battle\n|rated|\n|rule|Species Clause: Limit one of each Pok\u00e9mon\n|rule|HP Percentage Mod: HP is shown in percentages\n|rule|Sleep Clause Mod: Limit one foe put to sleep\n|rule|Illusion Level Mod: Illusion disguises the Pok\u00e9mon's true level\n|\n|t:|1781429534\n|teamsize|p1|6\n|teamsize|p2|6\n|start\n|switch|p1a: Sableye|Sableye, L88, M|231/231\n|switch|p2a: Araquanid|Araquanid, L82, F|246/246\n|turn|1\n|inactive|Battle timer is ON: inactive players will automatically lose when time's up. (requested by FireHowe)\n|inactive|FireHowe has 120 seconds left.\n|\n|t:|1781429571\n|move|p1a: Sableye|Will-O-Wisp|p2a: Araquanid\n|-immune|p2a: Araquanid|[from] ability: Water Bubble\n|move|p2a: Araquanid|Sticky Web|p1a: Sableye\n|-sidestart|p1: FireHowe|move: Sticky Web\n|\n|upkeep\n|turn|2\n|\n|t:|1781429586\n|switch|p2a: Electivire|Electivire, L84, F|263/263\n|move|p1a: Sableye|Encore||[still]\n|-fail|p1a: Sableye\n|\n|upkeep\n|turn|3\n|\n|t:|1781429589\n|switch|p2a: Araquanid|Araquanid, L82, F|246/246\n|move|p1a: Sableye|Knock Off|p2a: Araquanid\n|-damage|p2a: Araquanid|159/246\n|-enditem|p2a: Araquanid|Heavy-Duty Boots|[from] move: Knock Off|[of] p1a: Sableye\n|\n|upkeep\n|turn|4\n|\n|t:|1781429593\n|switch|p1a: Chesnaught|Chesnaught, L84, M|285/285\n|-activate|p1a: Chesnaught|move: Sticky Web\n|-unboost|p1a: Chesnaught|spe|1\n|move|p2a: Araquanid|Liquidation|p1a: Chesnaught\n|-resisted|p1a: Chesnaught\n|-damage|p1a: Chesnaught|232/285\n|\n|-heal|p1a: Chesnaught|249/285|[from] item: Leftovers\n|upkeep\n|turn|5\n|\n|t:|1781429607\n|switch|p2a: Pecharunt|Pecharunt, L77|262/262\n|move|p1a: Chesnaught|Iron Defense|p1a: Chesnaught\n|-boost|p1a: Chesnaught|def|2\n|\n|-heal|p1a: Chesnaught|266/285|[from] item: Leftovers\n|upkeep\n|turn|6\n|\n|t:|1781429613\n|-terastallize|p1a: Chesnaught|Steel\n|move|p2a: Pecharunt|Nasty Plot|p2a: Pecharunt\n|-boost|p2a: Pecharunt|spa|2\n|move|p1a: Chesnaught|Trailblaze|p2a: Pecharunt\n|-resisted|p2a: Pecharunt\n|-damage|p2a: Pecharunt|244/262\n|-boost|p1a: Chesnaught|spe|1\n|\n|-heal|p2a: Pecharunt|260/262|[from] item: Leftovers\n|-heal|p1a: Chesnaught|283/285|[from] item: Leftovers\n|upkeep\n|turn|7\n|inactive|paddyd121 has 120 seconds left.\n|\n|t:|1781429651\n|switch|p2a: Fezandipiti|Fezandipiti, L82, M|278/278\n|move|p1a: Chesnaught|Trailblaze|p2a: Fezandipiti\n|-resisted|p2a: Fezandipiti\n|-damage|p2a: Fezandipiti|245/278\n|-boost|p1a: Chesnaught|spe|1\n|\n|-heal|p1a: Chesnaught|285/285|[from] item: Leftovers\n|-heal|p2a: Fezandipiti|262/278|[from] item: Leftovers\n|upkeep\n|turn|8\n|inactive|paddyd121 has 120 seconds left.\n|\n|t:|1781429680\n|switch|p2a: Electivire|Electivire, L84, F|263/263\n|move|p1a: Chesnaught|Iron Defense|p1a: Chesnaught\n|-boost|p1a: Chesnaught|def|2\n|\n|upkeep\n|turn|9\n|\n|t:|1781429692\n|move|p1a: Chesnaught|Body Press|p2a: Electivire\n|-damage|p2a: Electivire|0 fnt\n|faint|p2a: Electivire\n|\n|upkeep\n|\n|t:|1781429696\n|switch|p2a: Iron Bundle|Iron Bundle, L78|215/215\n|turn|10\n|\n|t:|1781429703\n|-terastallize|p2a: Iron Bundle|Water\n|move|p2a: Iron Bundle|Hydro Pump|p1a: Chesnaught\n|-damage|p1a: Chesnaught|3/285\n|move|p1a: Chesnaught|Body Press|p2a: Iron Bundle\n|-damage|p2a: Iron Bundle|0 fnt\n|faint|p2a: Iron Bundle\n|-end|p2a: Iron Bundle|Quark Drive|[silent]\n|\n|-heal|p1a: Chesnaught|20/285|[from] item: Leftovers\n|upkeep\n|-message|paddyd121 forfeited.\n|\n|win|FireHowe\n", "uploadtime": 1781429536, "views": 3, "formatid": "gen9randombattle", "rating": null, "private": 0, "password": null}