{"id": "gen9randombattle-2631850645", "format": "[Gen 9] Random Battle", "players": ["Lachrymose", "Vulva zol"], "log": "|j|\u203dLachrymose\n|j|\u2606Vulva zol\n|t:|1781448032\n|gametype|singles\n|player|p1|Lachrymose|2|1978\n|player|p2|Vulva zol|1|2070\n|gen|9\n|tier|[Gen 9] Random Battle\n|rated|\n|rule|Species Clause: Limit one of each Pok\u00e9mon\n|rule|HP Percentage Mod: HP is shown in percentages\n|rule|Sleep Clause Mod: Limit one foe put to sleep\n|rule|Illusion Level Mod: Illusion disguises the Pok\u00e9mon's true level\n|\n|t:|1781448032\n|teamsize|p1|6\n|teamsize|p2|6\n|start\n|switch|p1a: Salamence|Salamence, L77, F|273/273\n|switch|p2a: Gliscor|Gliscor, L76, M|239/239\n|-ability|p1a: Salamence|Intimidate|boost\n|-unboost|p2a: Gliscor|atk|1\n|turn|1\n|inactive|Battle timer is ON: inactive players will automatically lose when time's up. (requested by Vulva zol)\n|\n|t:|1781448041\n|switch|p1a: Gholdengo|Gholdengo, L77|261/261\n|move|p2a: Gliscor|Toxic Spikes|p1a: Gholdengo\n|-sidestart|p1: Lachrymose|move: Toxic Spikes\n|\n|-status|p2a: Gliscor|tox|[from] item: Toxic Orb\n|upkeep\n|turn|2\n|\n|t:|1781448052\n|move|p1a: Gholdengo|Trick|p2a: Gliscor\n|-activate|p1a: Gholdengo|move: Trick|[of] p2a: Gliscor\n|-item|p2a: Gliscor|Choice Scarf|[from] move: Trick\n|-item|p1a: Gholdengo|Toxic Orb|[from] move: Trick\n|move|p2a: Gliscor|Knock Off|p1a: Gholdengo\n|-supereffective|p1a: Gholdengo\n|-damage|p1a: Gholdengo|185/261\n|-enditem|p1a: Gholdengo|Toxic Orb|[from] move: Knock Off|[of] p2a: Gliscor\n|\n|upkeep\n|turn|3\n|\n|t:|1781448062\n|move|p2a: Gliscor|Knock Off|p1a: Gholdengo\n|-supereffective|p1a: Gholdengo\n|-damage|p1a: Gholdengo|133/261\n|move|p1a: Gholdengo|Shadow Ball|p2a: Gliscor\n|-damage|p2a: Gliscor|121/239 tox\n|\n|-heal|p2a: Gliscor|150/239 tox|[from] ability: Poison Heal\n|upkeep\n|turn|4\n|inactive|Vulva zol has 120 seconds left.\n|\n|t:|1781448096\n|switch|p2a: Entei|Entei, L78|307/307\n|move|p1a: Gholdengo|Shadow Ball|p2a: Entei\n|-damage|p2a: Entei|187/307\n|\n|upkeep\n|turn|5\n|\n|t:|1781448108\n|switch|p1a: Vaporeon|Vaporeon, L86, F|364/364\n|-status|p1a: Vaporeon|psn\n|move|p2a: Entei|Sacred Fire|p1a: Vaporeon\n|-resisted|p1a: Vaporeon\n|-damage|p1a: Vaporeon|262/364 psn\n|\n|-heal|p1a: Vaporeon|284/364 psn|[from] item: Leftovers\n|-damage|p1a: Vaporeon|239/364 psn|[from] psn\n|upkeep\n|turn|6\n|\n|t:|1781448121\n|switch|p2a: Lapras|Lapras, L87, F|367/367\n|move|p1a: Vaporeon|Wish|p1a: Vaporeon\n|\n|-heal|p1a: Vaporeon|261/364 psn|[from] item: Leftovers\n|-damage|p1a: Vaporeon|216/364 psn|[from] psn\n|upkeep\n|turn|7\n|inactive|Vulva zol has 120 seconds left.\n|\n|t:|1781448137\n|switch|p1a: Raikou|Raikou, L81|278/278\n|-status|p1a: Raikou|psn\n|-ability|p1a: Raikou|Pressure\n|move|p2a: Lapras|Hydro Pump|p1a: Raikou\n|-damage|p1a: Raikou|119/278 psn\n|\n|-heal|p1a: Raikou|278/278 psn|[from] move: Wish|[wisher] Vaporeon\n|-damage|p1a: Raikou|244/278 psn|[from] psn\n|upkeep\n|turn|8\n|inactive|Vulva zol has 120 seconds left.\n|\n|t:|1781448151\n|switch|p2a: Excadrill|Excadrill, L79, F|303/303\n|-ability|p2a: Excadrill|Mold Breaker\n|move|p1a: Raikou|Thunderbolt|p2a: Excadrill\n|-immune|p2a: Excadrill\n|\n|-heal|p1a: Raikou|261/278 psn|[from] item: Leftovers\n|-damage|p1a: Raikou|227/278 psn|[from] psn\n|upkeep\n|turn|9\n|inactive|Vulva zol has 120 seconds left.\n|\n|t:|1781448163\n|switch|p1a: Salamence|Salamence, L77, F|273/273\n|-ability|p1a: Salamence|Intimidate|boost\n|-unboost|p2a: Excadrill|atk|1\n|move|p2a: Excadrill|Rapid Spin|p1a: Salamence\n|-damage|p1a: Salamence|242/273\n|-boost|p2a: Excadrill|spe|1\n|\n|upkeep\n|turn|10\n|\n|t:|1781448172\n|switch|p2a: Gliscor|Gliscor, L76, M|150/239 tox\n|move|p1a: Salamence|Earthquake|p2a: Gliscor\n|-immune|p2a: Gliscor\n|\n|-heal|p2a: Gliscor|179/239 tox|[from] ability: Poison Heal\n|upkeep\n|turn|11\n|\n|t:|1781448184\n|switch|p1a: Gholdengo|Gholdengo, L77|133/261\n|move|p2a: Gliscor|Knock Off|p1a: Gholdengo\n|-supereffective|p1a: Gholdengo\n|-damage|p1a: Gholdengo|63/261\n|\n|-heal|p2a: Gliscor|208/239 tox|[from] ability: Poison Heal\n|upkeep\n|turn|12\n|\n|t:|1781448192\n|move|p2a: Gliscor|Knock Off|p1a: Gholdengo\n|-supereffective|p1a: Gholdengo\n|-damage|p1a: Gholdengo|0 fnt\n|faint|p1a: Gholdengo\n|\n|-heal|p2a: Gliscor|237/239 tox|[from] ability: Poison Heal\n|upkeep\n|\n|t:|1781448208\n|switch|p1a: Probopass|Probopass, L91, M|257/257\n|turn|13\n|\n|t:|1781448212\n|move|p2a: Gliscor|Knock Off|p1a: Probopass\n|-damage|p1a: Probopass|224/257\n|-enditem|p1a: Probopass|Chesto Berry|[from] move: Knock Off|[of] p2a: Gliscor\n|move|p1a: Probopass|Iron Defense|p1a: Probopass\n|-boost|p1a: Probopass|def|2\n|\n|-heal|p2a: Gliscor|239/239 tox|[from] ability: Poison Heal\n|upkeep\n|turn|14\n|\n|t:|1781448223\n|switch|p2a: Entei|Entei, L78|187/307\n|move|p1a: Probopass|Body Press|p2a: Entei\n|-crit|p2a: Entei\n|-damage|p2a: Entei|0 fnt\n|faint|p2a: Entei\n|\n|upkeep\n|\n|t:|1781448242\n|switch|p2a: Lapras|Lapras, L87, F|367/367\n|turn|15\n|\n|t:|1781448252\n|-terastallize|p1a: Probopass|Fighting\n|move|p2a: Lapras|Sparkling Aria|p1a: Probopass\n|-damage|p1a: Probopass|140/257\n|move|p1a: Probopass|Body Press|p2a: Lapras\n|-supereffective|p2a: Lapras\n|-damage|p2a: Lapras|0 fnt\n|faint|p2a: Lapras\n|\n|upkeep\n|\n|t:|1781448266\n|switch|p2a: Sylveon|Sylveon, L85, F|300/300\n|turn|16\n|\n|t:|1781448282\n|switch|p1a: Vaporeon|Vaporeon, L86, F|216/364 psn\n|move|p2a: Sylveon|Hyper Voice|p1a: Vaporeon\n|-damage|p1a: Vaporeon|102/364 psn\n|\n|-heal|p1a: Vaporeon|124/364 psn|[from] item: Leftovers\n|-damage|p1a: Vaporeon|79/364 psn|[from] psn\n|upkeep\n|turn|17\n|\n|t:|1781448293\n|move|p1a: Vaporeon|Wish|p1a: Vaporeon\n|move|p2a: Sylveon|Hyper Voice|p1a: Vaporeon\n|-damage|p1a: Vaporeon|0 fnt\n|faint|p1a: Vaporeon\n|\n|upkeep\n|\n|t:|1781448304\n|switch|p1a: Lumineon|Lumineon, L93, M|279/279\n|turn|18\n|\n|t:|1781448313\n|move|p1a: Lumineon|Hydro Pump|p2a: Sylveon\n|-damage|p2a: Sylveon|218/300\n|move|p2a: Sylveon|Calm Mind|p2a: Sylveon\n|-boost|p2a: Sylveon|spa|1\n|-boost|p2a: Sylveon|spd|1\n|\n|-heal|p2a: Sylveon|236/300|[from] item: Leftovers\n|upkeep\n|turn|19\n|\n|t:|1781448331\n|move|p1a: Lumineon|Encore|p2a: Sylveon\n|-start|p2a: Sylveon|Encore\n|move|p2a: Sylveon|Calm Mind|p2a: Sylveon\n|-boost|p2a: Sylveon|spa|1\n|-boost|p2a: Sylveon|spd|1\n|\n|-heal|p2a: Sylveon|254/300|[from] item: Leftovers\n|upkeep\n|turn|20\n|\n|t:|1781448340\n|move|p1a: Lumineon|Ice Beam|p2a: Sylveon\n|-damage|p2a: Sylveon|232/300\n|move|p2a: Sylveon|Calm Mind|p2a: Sylveon\n|-boost|p2a: Sylveon|spa|1\n|-boost|p2a: Sylveon|spd|1\n|\n|-heal|p2a: Sylveon|250/300|[from] item: Leftovers\n|upkeep\n|turn|21\n|\n|t:|1781448350\n|move|p1a: Lumineon|Ice Beam|p2a: Sylveon\n|-crit|p2a: Sylveon\n|-damage|p2a: Sylveon|183/300\n|move|p2a: Sylveon|Calm Mind|p2a: Sylveon\n|-boost|p2a: Sylveon|spa|1\n|-boost|p2a: Sylveon|spd|1\n|\n|-heal|p2a: Sylveon|201/300|[from] item: Leftovers\n|-end|p2a: Sylveon|Encore\n|upkeep\n|turn|22\n|\n|t:|1781448361\n|move|p2a: Sylveon|Protect|p2a: Sylveon\n|-singleturn|p2a: Sylveon|Protect\n|move|p1a: Lumineon|Encore|p2a: Sylveon\n|-activate|p2a: Sylveon|move: Protect\n|\n|-heal|p2a: Sylveon|219/300|[from] item: Leftovers\n|upkeep\n|turn|23\n|\n|t:|1781448371\n|move|p1a: Lumineon|Encore|p2a: Sylveon\n|-start|p2a: Sylveon|Encore\n|move|p2a: Sylveon|Protect||[still]\n|-fail|p2a: Sylveon\n|\n|-heal|p2a: Sylveon|237/300|[from] item: Leftovers\n|upkeep\n|turn|24\n|\n|t:|1781448380\n|move|p2a: Sylveon|Protect|p2a: Sylveon\n|-singleturn|p2a: Sylveon|Protect\n|move|p1a: Lumineon|U-turn|p2a: Sylveon\n|-activate|p2a: Sylveon|move: Protect\n|\n|-heal|p2a: Sylveon|255/300|[from] item: Leftovers\n|upkeep\n|turn|25\n|\n|t:|1781448390\n|move|p2a: Sylveon|Protect|p2a: Sylveon\n|-singleturn|p2a: Sylveon|Protect\n|move|p1a: Lumineon|Ice Beam|p2a: Sylveon\n|-activate|p2a: Sylveon|move: Protect\n|\n|-heal|p2a: Sylveon|273/300|[from] item: Leftovers\n|-end|p2a: Sylveon|Encore\n|upkeep\n|turn|26\n|\n|t:|1781448402\n|switch|p2a: Haxorus|Haxorus, L77, M|244/244\n|-ability|p2a: Haxorus|Mold Breaker\n|move|p1a: Lumineon|Encore||[still]\n|-fail|p1a: Lumineon\n|\n|upkeep\n|turn|27\n|\n|t:|1781448420\n|move|p1a: Lumineon|U-turn|p2a: Haxorus\n|-damage|p2a: Haxorus|192/244\n|\n|t:|1781448431\n|switch|p1a: Salamence|Salamence, L77, F|242/273|[from] U-turn\n|-ability|p1a: Salamence|Intimidate|boost\n|-unboost|p2a: Haxorus|atk|1\n|move|p2a: Haxorus|Scale Shot|p1a: Salamence\n|-supereffective|p1a: Salamence\n|-damage|p1a: Salamence|192/273\n|-supereffective|p1a: Salamence\n|-damage|p1a: Salamence|138/273\n|-supereffective|p1a: Salamence\n|-damage|p1a: Salamence|88/273\n|-supereffective|p1a: Salamence\n|-damage|p1a: Salamence|40/273\n|-supereffective|p1a: Salamence\n|-damage|p1a: Salamence|0 fnt\n|faint|p1a: Salamence\n|-hitcount|p1: Salamence|5\n|-unboost|p2a: Haxorus|def|1\n|-boost|p2a: Haxorus|spe|1\n|\n|upkeep\n|\n|t:|1781448451\n|switch|p1a: Probopass|Probopass, L91, M, tera:Fighting|140/257\n|-status|p1a: Probopass|psn\n|turn|28\n|\n|t:|1781448457\n|switch|p2a: Sylveon|Sylveon, L85, F|273/300\n|move|p1a: Probopass|Body Press|p2a: Sylveon\n|-resisted|p2a: Sylveon\n|-damage|p2a: Sylveon|193/300\n|\n|-heal|p2a: Sylveon|211/300|[from] item: Leftovers\n|-damage|p1a: Probopass|108/257 psn|[from] psn\n|upkeep\n|turn|29\n|\n|t:|1781448469\n|move|p2a: Sylveon|Calm Mind|p2a: Sylveon\n|-boost|p2a: Sylveon|spa|1\n|-boost|p2a: Sylveon|spd|1\n|move|p1a: Probopass|Body Press|p2a: Sylveon\n|-resisted|p2a: Sylveon\n|-crit|p2a: Sylveon\n|-damage|p2a: Sylveon|94/300\n|\n|-heal|p2a: Sylveon|112/300|[from] item: Leftovers\n|-damage|p1a: Probopass|76/257 psn|[from] psn\n|upkeep\n|turn|30\n|\n|t:|1781448480\n|move|p2a: Sylveon|Hyper Voice|p1a: Probopass\n|-supereffective|p1a: Probopass\n|-damage|p1a: Probopass|0 fnt\n|faint|p1a: Probopass\n|\n|-heal|p2a: Sylveon|130/300|[from] item: Leftovers\n|upkeep\n|\n|t:|1781448484\n|switch|p1a: Raikou|Raikou, L81|227/278 psn\n|-ability|p1a: Raikou|Pressure\n|turn|31\n|\n|t:|1781448494\n|move|p1a: Raikou|Calm Mind|p1a: Raikou\n|-boost|p1a: Raikou|spa|1\n|-boost|p1a: Raikou|spd|1\n|move|p2a: Sylveon|Hyper Voice|p1a: Raikou\n|-damage|p1a: Raikou|103/278 psn\n|\n|-heal|p1a: Raikou|120/278 psn|[from] item: Leftovers\n|-heal|p2a: Sylveon|148/300|[from] item: Leftovers\n|-damage|p1a: Raikou|86/278 psn|[from] psn\n|upkeep\n|turn|32\n|\n|t:|1781448507\n|move|p2a: Sylveon|Protect|p2a: Sylveon\n|-singleturn|p2a: Sylveon|Protect\n|move|p1a: Raikou|Thunderbolt|p2a: Sylveon\n|-activate|p2a: Sylveon|move: Protect\n|\n|-heal|p1a: Raikou|103/278 psn|[from] item: Leftovers\n|-heal|p2a: Sylveon|166/300|[from] item: Leftovers\n|-damage|p1a: Raikou|69/278 psn|[from] psn\n|upkeep\n|turn|33\n|\n|t:|1781448518\n|move|p1a: Raikou|Thunderbolt|p2a: Sylveon\n|-damage|p2a: Sylveon|88/300\n|move|p2a: Sylveon|Wish|p2a: Sylveon\n|\n|-heal|p1a: Raikou|86/278 psn|[from] item: Leftovers\n|-heal|p2a: Sylveon|106/300|[from] item: Leftovers\n|-damage|p1a: Raikou|52/278 psn|[from] psn\n|upkeep\n|turn|34\n|\n|t:|1781448527\n|switch|p1a: Lumineon|Lumineon, L93, M|279/279\n|move|p2a: Sylveon|Calm Mind|p2a: Sylveon\n|-boost|p2a: Sylveon|spa|1\n|-boost|p2a: Sylveon|spd|1\n|\n|-heal|p2a: Sylveon|256/300|[from] move: Wish|[wisher] Sylveon\n|-heal|p2a: Sylveon|274/300|[from] item: Leftovers\n|upkeep\n|turn|35\n|\n|t:|1781448537\n|move|p2a: Sylveon|Protect|p2a: Sylveon\n|-singleturn|p2a: Sylveon|Protect\n|move|p1a: Lumineon|Encore|p2a: Sylveon\n|-activate|p2a: Sylveon|move: Protect\n|\n|-heal|p2a: Sylveon|292/300|[from] item: Leftovers\n|upkeep\n|turn|36\n|\n|t:|1781448546\n|move|p1a: Lumineon|Encore|p2a: Sylveon\n|-start|p2a: Sylveon|Encore\n|move|p2a: Sylveon|Protect||[still]\n|-fail|p2a: Sylveon\n|\n|-heal|p2a: Sylveon|300/300|[from] item: Leftovers\n|upkeep\n|turn|37\n|\n|t:|1781448557\n|move|p2a: Sylveon|Protect|p2a: Sylveon\n|-singleturn|p2a: Sylveon|Protect\n|move|p1a: Lumineon|U-turn|p2a: Sylveon\n|-activate|p2a: Sylveon|move: Protect\n|\n|upkeep\n|turn|38\n|\n|t:|1781448564\n|move|p2a: Sylveon|Protect|p2a: Sylveon\n|-singleturn|p2a: Sylveon|Protect\n|move|p1a: Lumineon|Ice Beam|p2a: Sylveon\n|-activate|p2a: Sylveon|move: Protect\n|\n|-end|p2a: Sylveon|Encore\n|upkeep\n|turn|39\n|\n|t:|1781448573\n|move|p1a: Lumineon|Encore|p2a: Sylveon\n|-start|p2a: Sylveon|Encore\n|move|p2a: Sylveon|Protect||[still]\n|-fail|p2a: Sylveon\n|\n|upkeep\n|turn|40\n|\n|t:|1781448580\n|move|p2a: Sylveon|Protect|p2a: Sylveon\n|-singleturn|p2a: Sylveon|Protect\n|move|p1a: Lumineon|U-turn|p2a: Sylveon\n|-activate|p2a: Sylveon|move: Protect\n|\n|upkeep\n|turn|41\n|\n|t:|1781448586\n|move|p2a: Sylveon|Protect|p2a: Sylveon\n|-singleturn|p2a: Sylveon|Protect\n|move|p1a: Lumineon|Ice Beam|p2a: Sylveon\n|-activate|p2a: Sylveon|move: Protect\n|\n|-end|p2a: Sylveon|Encore\n|upkeep\n|turn|42\n|\n|t:|1781448595\n|move|p1a: Lumineon|Encore|p2a: Sylveon\n|-start|p2a: Sylveon|Encore\n|move|p2a: Sylveon|Protect||[still]\n|-fail|p2a: Sylveon\n|\n|upkeep\n|turn|43\n|\n|t:|1781448601\n|move|p2a: Sylveon|Protect|p2a: Sylveon\n|-singleturn|p2a: Sylveon|Protect\n|move|p1a: Lumineon|Ice Beam|p2a: Sylveon\n|-activate|p2a: Sylveon|move: Protect\n|\n|upkeep\n|turn|44\n|\n|t:|1781448608\n|move|p2a: Sylveon|Protect|p2a: Sylveon\n|-singleturn|p2a: Sylveon|Protect\n|move|p1a: Lumineon|Ice Beam|p2a: Sylveon\n|-activate|p2a: Sylveon|move: Protect\n|\n|-end|p2a: Sylveon|Encore\n|upkeep\n|turn|45\n|\n|t:|1781448617\n|move|p1a: Lumineon|Ice Beam|p2a: Sylveon\n|-damage|p2a: Sylveon|277/300\n|move|p2a: Sylveon|Calm Mind|p2a: Sylveon\n|-boost|p2a: Sylveon|spa|1\n|-boost|p2a: Sylveon|spd|1\n|\n|-heal|p2a: Sylveon|295/300|[from] item: Leftovers\n|upkeep\n|turn|46\n|\n|t:|1781448626\n|move|p1a: Lumineon|Ice Beam|p2a: Sylveon\n|-crit|p2a: Sylveon\n|-damage|p2a: Sylveon|226/300\n|move|p2a: Sylveon|Hyper Voice|p1a: Lumineon\n|-damage|p1a: Lumineon|0 fnt\n|faint|p1a: Lumineon\n|\n|-heal|p2a: Sylveon|244/300|[from] item: Leftovers\n|upkeep\n|-message|Lachrymose forfeited.\n|\n|win|Vulva zol\n", "inputlog": ">version a8376a258c1d4662feba110a92103f3664a72141\n>start {\"formatid\":\"gen9randombattle\",\"seed\":\"sodium,4271ba3ed87f06d8eb2c7e0e1d34619b\",\"rated\":\"Rated battle\"}\n>player p1 {\"name\":\"Lachrymose\",\"avatar\":\"2\",\"rating\":1978,\"seed\":\"sodium,0b1f2f9793a2c928cfbdad1455854241\"}\n>player p2 {\"name\":\"Vulva zol\",\"avatar\":\"1\",\"rating\":2070,\"seed\":\"sodium,7869becbe24080edff7929e5875dc70e\"}\n>p1 switch 2\n>p2 move toxicspikes\n>p1 move trick\n>p2 move knockoff\n>p1 move shadowball\n>p2 move knockoff\n>p1 move shadowball\n>p2 switch 4\n>p1 switch 3\n>p2 move sacredfire\n>p1 move wish\n>p2 switch 6\n>p1 switch 5\n>p2 move hydropump\n>p1 move thunderbolt\n>p2 switch 2\n>p1 switch 2\n>p2 move rapidspin\n>p1 move earthquake\n>p2 switch 4\n>p1 switch 3\n>p2 move knockoff\n>p1 move makeitrain\n>p2 move knockoff\n>p1 switch 6\n>p1 move irondefense\n>p2 move knockoff\n>p1 move bodypress\n>p2 switch 6\n>p2 switch 2\n>p1 move bodypress terastallize\n>p2 move sparklingaria\n>p2 switch 5\n>p1 switch 5\n>p2 move hypervoice\n>p1 move wish\n>p2 move hypervoice\n>p1 switch 4\n>p1 move hydropump\n>p2 move calmmind\n>p1 move encore\n>p2 move calmmind\n>p1 move icebeam\n>p2 move calmmind\n>p1 move icebeam\n>p2 move calmmind\n>p1 move encore\n>p2 move protect\n>p1 move encore\n>p2 move hypervoice\n>p1 move uturn\n>p2 move protect\n>p1 move icebeam\n>p2 move protect\n>p1 move encore\n>p2 switch 3\n>p1 move uturn\n>p2 move scaleshot\n>p1 switch 3\n>p1 switch 5\n>p1 move bodypress\n>p2 switch 3\n>p1 move bodypress\n>p2 move calmmind\n>p1 move bodypress\n>p2 move hypervoice\n>p1 switch 2\n>p1 move calmmind\n>p2 move hypervoice\n>p1 move thunderbolt\n>p2 move protect\n>p1 move thunderbolt\n>p2 move wish\n>p1 switch 3\n>p2 move calmmind\n>p1 move encore\n>p2 move protect\n>p1 move encore\n>p2 move hypervoice\n>p1 move uturn\n>p2 move protect\n>p1 move icebeam\n>p2 move protect\n>p1 move encore\n>p2 move hypervoice\n>p1 move uturn\n>p2 move protect\n>p1 move icebeam\n>p2 move protect\n>p1 move encore\n>p2 move hypervoice\n>p1 move icebeam\n>p2 move protect\n>p1 move icebeam\n>p2 move protect\n>p1 move icebeam\n>p2 move calmmind\n>p1 move icebeam\n>p2 move hypervoice\n>forcelose p1", "uploadtime": 1781448033, "views": 6, "formatid": "gen9randombattle", "rating": null, "private": 0, "password": null}