{"id": "gen9randombattle-2631657959", "format": "[Gen 9] Random Battle", "players": ["Zurgox", "PineappleCats"], "log": "|j|\u2606Zurgox\n|j|\u2606PineappleCats\n|t:|1781416303\n|gametype|singles\n|player|p1|Zurgox|266|1892\n|player|p2|PineappleCats|giovanni|1911\n|gen|9\n|tier|[Gen 9] Random Battle\n|rated|\n|rule|Species Clause: Limit one of each Pok\u00e9mon\n|rule|HP Percentage Mod: HP is shown in percentages\n|rule|Sleep Clause Mod: Limit one foe put to sleep\n|rule|Illusion Level Mod: Illusion disguises the Pok\u00e9mon's true level\n|\n|t:|1781416303\n|teamsize|p1|6\n|teamsize|p2|6\n|start\n|switch|p1a: Furret|Furret, L94, M|312/312\n|switch|p2a: Galvantula|Galvantula, L82, M|249/249\n|-item|p2a: Galvantula|Focus Sash|[from] ability: Frisk|[of] p1a: Furret\n|turn|1\n|inactive|Battle timer is ON: inactive players will automatically lose when time's up. (requested by PineappleCats)\n|\n|t:|1781416324\n|move|p2a: Galvantula|Thunder|p1a: Furret\n|-damage|p1a: Furret|182/312\n|-status|p1a: Furret|par\n|cant|p1a: Furret|par\n|\n|upkeep\n|turn|2\n|\n|t:|1781416330\n|move|p2a: Galvantula|Bug Buzz|p1a: Furret\n|-damage|p1a: Furret|73/312 par\n|cant|p1a: Furret|par\n|\n|upkeep\n|turn|3\n|\n|t:|1781416335\n|move|p2a: Galvantula|Bug Buzz|p1a: Furret\n|-damage|p1a: Furret|0 fnt\n|faint|p1a: Furret\n|\n|upkeep\n|\n|t:|1781416342\n|switch|p1a: Typhlosion|Typhlosion, L84, F|267/267\n|turn|4\n|\n|t:|1781416346\n|move|p1a: Typhlosion|Eruption|p2a: Galvantula\n|-supereffective|p2a: Galvantula\n|-enditem|p2a: Galvantula|Focus Sash\n|-damage|p2a: Galvantula|1/249\n|move|p2a: Galvantula|Sticky Web|p1a: Typhlosion\n|-sidestart|p1: Zurgox|move: Sticky Web\n|\n|upkeep\n|turn|5\n|\n|t:|1781416353\n|move|p1a: Typhlosion|Eruption|p2a: Galvantula\n|-supereffective|p2a: Galvantula\n|-damage|p2a: Galvantula|0 fnt\n|faint|p2a: Galvantula\n|\n|upkeep\n|\n|t:|1781416357\n|switch|p2a: Hippowdon|Hippowdon, L82, F|311/311\n|-weather|Sandstorm|[from] ability: Sand Stream|[of] p2a: Hippowdon\n|turn|6\n|\n|t:|1781416360\n|-terastallize|p1a: Typhlosion|Fire\n|move|p1a: Typhlosion|Eruption|p2a: Hippowdon\n|-damage|p2a: Hippowdon|13/311\n|move|p2a: Hippowdon|Earthquake|p1a: Typhlosion\n|-supereffective|p1a: Typhlosion\n|-damage|p1a: Typhlosion|31/267\n|\n|-weather|Sandstorm|[upkeep]\n|-damage|p1a: Typhlosion|15/267|[from] Sandstorm\n|upkeep\n|turn|7\n|\n|t:|1781416365\n|move|p1a: Typhlosion|Eruption|p2a: Hippowdon\n|-damage|p2a: Hippowdon|0 fnt\n|faint|p2a: Hippowdon\n|\n|-weather|Sandstorm|[upkeep]\n|-damage|p1a: Typhlosion|0 fnt|[from] Sandstorm\n|faint|p1a: Typhlosion\n|upkeep\n|\n|t:|1781416371\n|switch|p1a: Giratina|Giratina-Origin, L72|335/335\n|switch|p2a: Metagross|Metagross, L79|256/256\n|turn|8\n|\n|t:|1781416375\n|move|p1a: Giratina|Defog|p2a: Metagross\n|-fail|p2a: Metagross|unboost|[from] ability: Clear Body|[of] p2a: Metagross\n|-sideend|p1: Zurgox|Sticky Web|[from] move: Defog|[of] p1a: Giratina\n|move|p2a: Metagross|Knock Off|p1a: Giratina\n|-supereffective|p1a: Giratina\n|-damage|p1a: Giratina|165/335\n|\n|-weather|Sandstorm|[upkeep]\n|-damage|p1a: Giratina|145/335|[from] Sandstorm\n|upkeep\n|turn|9\n|\n|t:|1781416380\n|move|p1a: Giratina|Will-O-Wisp|p2a: Metagross\n|-status|p2a: Metagross|brn\n|move|p2a: Metagross|Knock Off|p1a: Giratina\n|-supereffective|p1a: Giratina\n|-damage|p1a: Giratina|60/335\n|\n|-weather|Sandstorm|[upkeep]\n|-damage|p1a: Giratina|40/335|[from] Sandstorm\n|-damage|p2a: Metagross|240/256 brn|[from] brn\n|upkeep\n|turn|10\n|\n|t:|1781416382\n|move|p1a: Giratina|Poltergeist|p2a: Metagross\n|-activate|p2a: Metagross|move: Poltergeist|Choice Band\n|-supereffective|p2a: Metagross\n|-damage|p2a: Metagross|42/256 brn\n|move|p2a: Metagross|Knock Off|p1a: Giratina\n|-supereffective|p1a: Giratina\n|-damage|p1a: Giratina|0 fnt\n|faint|p1a: Giratina\n|\n|-weather|none\n|-damage|p2a: Metagross|26/256 brn|[from] brn\n|upkeep\n|\n|t:|1781416390\n|switch|p1a: Alcremie|Alcremie-Salted-Cream, L90, F|263/263\n|turn|11\n|\n|t:|1781416392\n|move|p1a: Alcremie|Calm Mind|p1a: Alcremie\n|-boost|p1a: Alcremie|spa|1\n|-boost|p1a: Alcremie|spd|1\n|move|p2a: Metagross|Knock Off|p1a: Alcremie\n|-resisted|p1a: Alcremie\n|-damage|p1a: Alcremie|232/263\n|-enditem|p1a: Alcremie|Leftovers|[from] move: Knock Off|[of] p2a: Metagross\n|\n|-damage|p2a: Metagross|10/256 brn|[from] brn\n|upkeep\n|turn|12\n|\n|t:|1781416401\n|switch|p2a: Torkoal|Torkoal, L88, F|266/266\n|-weather|SunnyDay|[from] ability: Drought|[of] p2a: Torkoal\n|move|p1a: Alcremie|Calm Mind|p1a: Alcremie\n|-boost|p1a: Alcremie|spa|1\n|-boost|p1a: Alcremie|spd|1\n|\n|-weather|SunnyDay|[upkeep]\n|upkeep\n|turn|13\n|\n|t:|1781416406\n|move|p1a: Alcremie|Calm Mind|p1a: Alcremie\n|-boost|p1a: Alcremie|spa|1\n|-boost|p1a: Alcremie|spd|1\n|move|p2a: Torkoal|Earthquake|p1a: Alcremie\n|-damage|p1a: Alcremie|158/263\n|\n|-weather|SunnyDay|[upkeep]\n|upkeep\n|turn|14\n|\n|t:|1781416408\n|move|p1a: Alcremie|Recover|p1a: Alcremie\n|-heal|p1a: Alcremie|263/263\n|move|p2a: Torkoal|Earthquake|p1a: Alcremie\n|-damage|p1a: Alcremie|187/263\n|\n|-weather|SunnyDay|[upkeep]\n|upkeep\n|turn|15\n|\n|t:|1781416410\n|move|p1a: Alcremie|Calm Mind|p1a: Alcremie\n|-boost|p1a: Alcremie|spa|1\n|-boost|p1a: Alcremie|spd|1\n|move|p2a: Torkoal|Earthquake|p1a: Alcremie\n|-damage|p1a: Alcremie|118/263\n|\n|-weather|SunnyDay|[upkeep]\n|upkeep\n|turn|16\n|\n|t:|1781416412\n|move|p1a: Alcremie|Recover|p1a: Alcremie\n|-heal|p1a: Alcremie|250/263\n|move|p2a: Torkoal|Earthquake|p1a: Alcremie\n|-damage|p1a: Alcremie|175/263\n|\n|-weather|none\n|upkeep\n|turn|17\n|\n|t:|1781416414\n|move|p1a: Alcremie|Calm Mind|p1a: Alcremie\n|-boost|p1a: Alcremie|spa|1\n|-boost|p1a: Alcremie|spd|1\n|move|p2a: Torkoal|Earthquake|p1a: Alcremie\n|-damage|p1a: Alcremie|99/263\n|\n|upkeep\n|turn|18\n|\n|t:|1781416419\n|move|p1a: Alcremie|Recover|p1a: Alcremie\n|-heal|p1a: Alcremie|231/263\n|move|p2a: Torkoal|Earthquake|p1a: Alcremie\n|-damage|p1a: Alcremie|155/263\n|\n|upkeep\n|turn|19\n|\n|t:|1781416423\n|move|p1a: Alcremie|Recover|p1a: Alcremie\n|-heal|p1a: Alcremie|263/263\n|move|p2a: Torkoal|Earthquake|p1a: Alcremie\n|-damage|p1a: Alcremie|187/263\n|\n|upkeep\n|turn|20\n|\n|t:|1781416425\n|move|p1a: Alcremie|Calm Mind|p1a: Alcremie\n|-boost|p1a: Alcremie|spa|1\n|-boost|p1a: Alcremie|spd|1\n|move|p2a: Torkoal|Earthquake|p1a: Alcremie\n|-damage|p1a: Alcremie|109/263\n|\n|upkeep\n|turn|21\n|\n|t:|1781416426\n|move|p1a: Alcremie|Recover|p1a: Alcremie\n|-heal|p1a: Alcremie|241/263\n|move|p2a: Torkoal|Earthquake|p1a: Alcremie\n|-damage|p1a: Alcremie|172/263\n|\n|upkeep\n|turn|22\n|\n|t:|1781416429\n|move|p1a: Alcremie|Psyshock|p2a: Torkoal\n|-damage|p2a: Torkoal|61/266\n|move|p2a: Torkoal|Earthquake|p1a: Alcremie\n|-crit|p1a: Alcremie\n|-damage|p1a: Alcremie|68/263\n|\n|upkeep\n|turn|23\n|\n|t:|1781416431\n|move|p1a: Alcremie|Recover|p1a: Alcremie\n|-heal|p1a: Alcremie|200/263\n|move|p2a: Torkoal|Earthquake|p1a: Alcremie\n|-damage|p1a: Alcremie|124/263\n|\n|upkeep\n|turn|24\n|\n|t:|1781416433\n|move|p1a: Alcremie|Recover|p1a: Alcremie\n|-heal|p1a: Alcremie|256/263\n|move|p2a: Torkoal|Earthquake|p1a: Alcremie\n|-damage|p1a: Alcremie|180/263\n|\n|upkeep\n|turn|25\n|\n|t:|1781416437\n|move|p1a: Alcremie|Psyshock|p2a: Torkoal\n|-damage|p2a: Torkoal|0 fnt\n|faint|p2a: Torkoal\n|\n|upkeep\n|\n|t:|1781416439\n|switch|p2a: Metagross|Metagross, L79|10/256 brn\n|turn|26\n|\n|t:|1781416442\n|move|p1a: Alcremie|Recover|p1a: Alcremie\n|-heal|p1a: Alcremie|263/263\n|move|p2a: Metagross|Heavy Slam|p1a: Alcremie\n|-supereffective|p1a: Alcremie\n|-damage|p1a: Alcremie|49/263\n|\n|-damage|p2a: Metagross|0 fnt|[from] brn\n|faint|p2a: Metagross\n|upkeep\n|\n|t:|1781416452\n|switch|p2a: Shaymin|Shaymin-Sky, L73|266/266\n|turn|27\n|\n|t:|1781416456\n|-terastallize|p2a: Shaymin|Steel\n|move|p2a: Shaymin|Air Slash|p1a: Alcremie\n|-damage|p1a: Alcremie|36/263\n|cant|p1a: Alcremie|flinch\n|\n|upkeep\n|turn|28\n|\n|t:|1781416460\n|move|p2a: Shaymin|Air Slash|p1a: Alcremie\n|-damage|p1a: Alcremie|23/263\n|cant|p1a: Alcremie|flinch\n|\n|upkeep\n|turn|29\n|\n|t:|1781416462\n|move|p2a: Shaymin|Air Slash|p1a: Alcremie\n|-damage|p1a: Alcremie|7/263\n|move|p1a: Alcremie|Psyshock|p2a: Shaymin\n|-resisted|p2a: Shaymin\n|-damage|p2a: Shaymin|94/266\n|\n|upkeep\n|turn|30\n|\n|t:|1781416463\n|move|p2a: Shaymin|Air Slash|p1a: Alcremie\n|-damage|p1a: Alcremie|0 fnt\n|faint|p1a: Alcremie\n|\n|upkeep\n|\n|t:|1781416469\n|switch|p1a: Regigigas|Regigigas, L84|322/322\n|-start|p1a: Regigigas|ability: Slow Start\n|turn|31\n|\n|t:|1781416473\n|move|p2a: Shaymin|Synthesis|p2a: Shaymin\n|-heal|p2a: Shaymin|227/266\n|move|p1a: Regigigas|Body Slam|p2a: Shaymin\n|-resisted|p2a: Shaymin\n|-damage|p2a: Shaymin|185/266\n|-status|p2a: Shaymin|par\n|\n|upkeep\n|turn|32\n|\n|t:|1781416480\n|move|p2a: Shaymin|Seed Flare|p1a: Regigigas\n|-damage|p1a: Regigigas|226/322\n|-unboost|p1a: Regigigas|spd|2\n|move|p1a: Regigigas|Knock Off|p2a: Shaymin\n|-damage|p2a: Shaymin|119/266 par\n|-enditem|p2a: Shaymin|Heavy-Duty Boots|[from] move: Knock Off|[of] p1a: Regigigas\n|\n|-heal|p1a: Regigigas|246/322|[from] item: Leftovers\n|upkeep\n|turn|33\n|\n|t:|1781416485\n|move|p1a: Regigigas|Protect|p1a: Regigigas\n|-singleturn|p1a: Regigigas|Protect\n|move|p2a: Shaymin|Seed Flare|p1a: Regigigas\n|-activate|p1a: Regigigas|move: Protect\n|\n|-heal|p1a: Regigigas|266/322|[from] item: Leftovers\n|upkeep\n|turn|34\n|\n|t:|1781416489\n|cant|p2a: Shaymin|par\n|move|p1a: Regigigas|Substitute|p1a: Regigigas\n|-start|p1a: Regigigas|Substitute\n|-damage|p1a: Regigigas|186/322\n|\n|-heal|p1a: Regigigas|206/322|[from] item: Leftovers\n|upkeep\n|turn|35\n|\n|t:|1781416492\n|move|p1a: Regigigas|Protect|p1a: Regigigas\n|-singleturn|p1a: Regigigas|Protect\n|cant|p2a: Shaymin|par\n|\n|-heal|p1a: Regigigas|226/322|[from] item: Leftovers\n|-end|p1a: Regigigas|Slow Start\n|upkeep\n|turn|36\n|\n|t:|1781416497\n|move|p1a: Regigigas|Body Slam|p2a: Shaymin\n|-resisted|p2a: Shaymin\n|-damage|p2a: Shaymin|26/266 par\n|move|p2a: Shaymin|Synthesis|p2a: Shaymin\n|-heal|p2a: Shaymin|159/266 par\n|\n|-heal|p1a: Regigigas|246/322|[from] item: Leftovers\n|upkeep\n|turn|37\n|\n|t:|1781416502\n|move|p1a: Regigigas|Body Slam|p2a: Shaymin\n|-resisted|p2a: Shaymin\n|-damage|p2a: Shaymin|66/266 par\n|cant|p2a: Shaymin|par\n|\n|-heal|p1a: Regigigas|266/322|[from] item: Leftovers\n|upkeep\n|turn|38\n|\n|t:|1781416505\n|move|p1a: Regigigas|Body Slam|p2a: Shaymin\n|-resisted|p2a: Shaymin\n|-damage|p2a: Shaymin|0 fnt\n|faint|p2a: Shaymin\n|\n|-heal|p1a: Regigigas|286/322|[from] item: Leftovers\n|upkeep\n|\n|t:|1781416506\n|switch|p2a: Comfey|Comfey, L85, F|225/225\n|turn|39\n|\n|t:|1781416509\n|move|p2a: Comfey|Calm Mind|p2a: Comfey\n|-boost|p2a: Comfey|spa|1\n|-boost|p2a: Comfey|spd|1\n|move|p1a: Regigigas|Body Slam|p2a: Comfey\n|-damage|p2a: Comfey|83/225\n|-status|p2a: Comfey|par\n|\n|-heal|p1a: Regigigas|306/322|[from] item: Leftovers\n|-heal|p2a: Comfey|97/225 par|[from] item: Leftovers\n|upkeep\n|turn|40\n|\n|t:|1781416510\n|move|p2a: Comfey|Draining Kiss|p1a: Regigigas\n|-end|p1a: Regigigas|Substitute\n|-heal|p2a: Comfey|157/225 par|[from] drain|[of] p1a: Regigigas\n|move|p1a: Regigigas|Body Slam|p2a: Comfey\n|-damage|p2a: Comfey|27/225 par\n|\n|-heal|p1a: Regigigas|322/322|[from] item: Leftovers\n|-heal|p2a: Comfey|41/225 par|[from] item: Leftovers\n|upkeep\n|turn|41\n|\n|t:|1781416513\n|move|p2a: Comfey|Draining Kiss|p1a: Regigigas\n|-damage|p1a: Regigigas|199/322\n|-heal|p2a: Comfey|133/225 par|[from] drain|[of] p1a: Regigigas\n|move|p1a: Regigigas|Body Slam|p2a: Comfey\n|-damage|p2a: Comfey|9/225 par\n|\n|-heal|p1a: Regigigas|219/322|[from] item: Leftovers\n|-heal|p2a: Comfey|23/225 par|[from] item: Leftovers\n|upkeep\n|turn|42\n|\n|t:|1781416516\n|move|p2a: Comfey|Draining Kiss|p1a: Regigigas\n|-damage|p1a: Regigigas|96/322\n|-heal|p2a: Comfey|115/225 par|[from] drain|[of] p1a: Regigigas\n|move|p1a: Regigigas|Body Slam|p2a: Comfey\n|-damage|p2a: Comfey|0 fnt\n|faint|p2a: Comfey\n|\n|win|Zurgox\n|raw|Zurgox's rating: 1892 &rarr; <strong>1913</strong><br />(+21 for winning)\n|raw|PineappleCats's rating: 1911 &rarr; <strong>1890</strong><br />(-21 for losing)\n", "inputlog": ">version a8376a258c1d4662feba110a92103f3664a72141\n>start {\"formatid\":\"gen9randombattle\",\"seed\":\"sodium,977a18795e580add6d003aff3ee151ff\",\"rated\":\"Rated battle\"}\n>player p1 {\"name\":\"Zurgox\",\"avatar\":\"266\",\"rating\":1892,\"seed\":\"sodium,90636b232dcc119e000b4a53434c66bc\"}\n>player p2 {\"name\":\"PineappleCats\",\"avatar\":\"giovanni\",\"rating\":1911,\"seed\":\"sodium,0ef7d98da428a5ba8b6ecd354de29a6d\"}\n>p1 move trick\n>p2 move thunder\n>p1 move doubleedge\n>p2 move bugbuzz\n>p1 move doubleedge\n>p2 move bugbuzz\n>p1 switch 3\n>p1 move eruption\n>p2 move stickyweb\n>p1 move eruption\n>p2 move thunder\n>p2 switch 6\n>p1 move eruption terastallize\n>p2 move earthquake\n>p1 move eruption\n>p2 move slackoff\n>p1 switch 6\n>p2 switch 5\n>p1 move defog\n>p2 move knockoff\n>p1 move willowisp\n>p2 move knockoff\n>p1 move poltergeist\n>p2 move knockoff\n>p1 switch 5\n>p1 move calmmind\n>p2 move knockoff\n>p1 move calmmind\n>p2 switch 3\n>p1 move calmmind\n>p2 move earthquake\n>p1 move recover\n>p2 move earthquake\n>p1 move calmmind\n>p2 move earthquake\n>p1 move recover\n>p2 move earthquake\n>p1 move calmmind\n>p2 move earthquake\n>p1 move recover\n>p2 move earthquake\n>p1 move recover\n>p2 move earthquake\n>p1 move calmmind\n>p2 move earthquake\n>p1 move recover\n>p2 move earthquake\n>p1 move psyshock\n>p2 move earthquake\n>p1 move recover\n>p2 move earthquake\n>p1 move recover\n>p2 move earthquake\n>p1 move psyshock\n>p2 move earthquake\n>p2 switch 3\n>p1 move recover\n>p2 move heavyslam\n>p2 switch 4\n>p1 move alluringvoice\n>p2 move airslash terastallize\n>p1 move psyshock\n>p2 move airslash\n>p1 move psyshock\n>p2 move airslash\n>p1 move psyshock\n>p2 move airslash\n>p1 switch 2\n>p1 move bodyslam\n>p2 move synthesis\n>p1 move knockoff\n>p2 move seedflare\n>p1 move protect\n>p2 move seedflare\n>p1 move substitute\n>p2 move seedflare\n>p1 move protect\n>p2 move airslash\n>p1 move bodyslam\n>p2 move synthesis\n>p1 move bodyslam\n>p2 move earthpower\n>p1 move bodyslam\n>p2 move earthpower\n>p2 switch 2\n>p1 move bodyslam\n>p2 move calmmind\n>p1 move bodyslam\n>p2 move drainingkiss\n>p1 move bodyslam\n>p2 move drainingkiss\n>p1 move bodyslam\n>p2 move drainingkiss", "uploadtime": 1781416516, "views": 4, "formatid": "gen9randombattle", "rating": 1890, "private": 0, "password": null}