{"id": "gen9randombattle-2631587612", "format": "[Gen 9] Random Battle", "players": ["bobforte22", "00000ooo."], "log": "|j|\u2606bobforte22\n|j|\u260600000ooo.\n|t:|1781405124\n|gametype|singles\n|player|p1|bobforte22|1|1429\n|player|p2|00000ooo.|266|1449\n|gen|9\n|tier|[Gen 9] Random Battle\n|rated|\n|rule|Species Clause: Limit one of each Pok\u00e9mon\n|rule|HP Percentage Mod: HP is shown in percentages\n|rule|Sleep Clause Mod: Limit one foe put to sleep\n|rule|Illusion Level Mod: Illusion disguises the Pok\u00e9mon's true level\n|\n|t:|1781405124\n|teamsize|p1|6\n|teamsize|p2|6\n|start\n|switch|p1a: Enamorus|Enamorus, L79, F|247/247\n|switch|p2a: Rillaboom|Rillaboom, L79, M|288/288\n|-fieldstart|move: Grassy Terrain|[from] ability: Grassy Surge|[of] p2a: Rillaboom\n|turn|1\n|inactive|Battle timer is ON: inactive players will automatically lose when time's up. (requested by 00000ooo.)\n|inactive|00000ooo. has 120 seconds left.\n|\n|t:|1781405165\n|switch|p2a: Bellibolt|Bellibolt, L84, M|320/320\n|move|p1a: Enamorus|Substitute|p1a: Enamorus\n|-start|p1a: Enamorus|Substitute\n|-damage|p1a: Enamorus|186/247\n|\n|-heal|p1a: Enamorus|201/247|[from] item: Leftovers\n|upkeep\n|turn|2\n|\n|t:|1781405170\n|move|p1a: Enamorus|Calm Mind|p1a: Enamorus\n|-boost|p1a: Enamorus|spa|1\n|-boost|p1a: Enamorus|spd|1\n|move|p2a: Bellibolt|Thunderbolt|p1a: Enamorus\n|-supereffective|p1a: Enamorus\n|-end|p1a: Enamorus|Substitute\n|\n|-heal|p1a: Enamorus|216/247|[from] item: Leftovers\n|upkeep\n|turn|3\n|\n|t:|1781405175\n|move|p1a: Enamorus|Earth Power|p2a: Bellibolt\n|-supereffective|p2a: Bellibolt\n|-damage|p2a: Bellibolt|108/320\n|-start|p2a: Bellibolt|Charge|Earth Power|[from] ability: Electromorphosis\n|move|p2a: Bellibolt|Thunderbolt|p1a: Enamorus\n|-supereffective|p1a: Enamorus\n|-damage|p1a: Enamorus|0 fnt\n|faint|p1a: Enamorus\n|-end|p2a: Bellibolt|Charge|[silent]\n|\n|-heal|p2a: Bellibolt|128/320|[from] Grassy Terrain\n|-heal|p2a: Bellibolt|148/320|[from] item: Leftovers\n|upkeep\n|\n|t:|1781405202\n|switch|p1a: Toedscruel|Toedscruel, L87, F|281/281\n|turn|4\n|\n|t:|1781405222\n|switch|p2a: Moltres|Moltres-Galar, L79|271/271\n|move|p1a: Toedscruel|Toxic|p2a: Moltres\n|-status|p2a: Moltres|tox\n|\n|-damage|p2a: Moltres|255/271 tox|[from] psn\n|upkeep\n|turn|5\n|\n|t:|1781405233\n|switch|p1a: Cryogonal|Cryogonal, L89|287/287\n|move|p2a: Moltres|Nasty Plot|p2a: Moltres\n|-boost|p2a: Moltres|spa|2\n|\n|-damage|p2a: Moltres|223/271 tox|[from] psn\n|-fieldend|move: Grassy Terrain\n|upkeep\n|turn|6\n|\n|t:|1781405245\n|move|p1a: Cryogonal|Ice Beam|p2a: Moltres\n|-supereffective|p2a: Moltres\n|-damage|p2a: Moltres|55/271 tox\n|-enditem|p2a: Moltres|Weakness Policy\n|-boost|p2a: Moltres|atk|2|[from] item: Weakness Policy\n|-boost|p2a: Moltres|spa|2|[from] item: Weakness Policy\n|-ability|p2a: Moltres|Berserk|boost\n|-boost|p2a: Moltres|spa|1\n|move|p2a: Moltres|Hurricane|p1a: Cryogonal|[miss]\n|-miss|p2a: Moltres|p1a: Cryogonal\n|\n|-damage|p2a: Moltres|7/271 tox|[from] psn\n|upkeep\n|turn|7\n|\n|t:|1781405262\n|move|p1a: Cryogonal|Ice Beam|p2a: Moltres\n|-supereffective|p2a: Moltres\n|-damage|p2a: Moltres|0 fnt\n|faint|p2a: Moltres\n|\n|upkeep\n|\n|t:|1781405267\n|switch|p2a: Flutter Mane|Flutter Mane, L74|203/203\n|turn|8\n|\n|t:|1781405277\n|switch|p1a: Iron Crown|Iron Crown, L78|268/268\n|move|p2a: Flutter Mane|Moonblast|p1a: Iron Crown\n|-resisted|p1a: Iron Crown\n|-damage|p1a: Iron Crown|204/268\n|\n|upkeep\n|turn|9\n|\n|t:|1781405283\n|-end|p2a: Flutter Mane|Protosynthesis|[silent]\n|switch|p2a: Bellibolt|Bellibolt, L84, M|148/320\n|move|p1a: Iron Crown|Tachyon Cutter|p2a: Bellibolt\n|-resisted|p2a: Bellibolt\n|-damage|p2a: Bellibolt|106/320\n|-start|p2a: Bellibolt|Charge|Tachyon Cutter|[from] ability: Electromorphosis\n|-resisted|p2a: Bellibolt\n|-damage|p2a: Bellibolt|62/320\n|-start|p2a: Bellibolt|Charge|Tachyon Cutter|[from] ability: Electromorphosis\n|-hitcount|p2a: Bellibolt|2\n|\n|-heal|p2a: Bellibolt|82/320|[from] item: Leftovers\n|upkeep\n|turn|10\n|\n|t:|1781405289\n|-end|p1a: Iron Crown|Quark Drive|[silent]\n|switch|p1a: Toedscruel|Toedscruel, L87, F|281/281\n|move|p2a: Bellibolt|Slack Off|p2a: Bellibolt\n|-heal|p2a: Bellibolt|242/320\n|\n|-heal|p2a: Bellibolt|262/320|[from] item: Leftovers\n|upkeep\n|turn|11\n|\n|t:|1781405293\n|move|p2a: Bellibolt|Toxic|p1a: Toedscruel\n|-status|p1a: Toedscruel|tox\n|move|p1a: Toedscruel|Toxic|p2a: Bellibolt\n|-status|p2a: Bellibolt|tox\n|\n|-heal|p2a: Bellibolt|282/320 tox|[from] item: Leftovers\n|-damage|p1a: Toedscruel|264/281 tox|[from] psn\n|-damage|p2a: Bellibolt|262/320 tox|[from] psn\n|upkeep\n|turn|12\n|\n|t:|1781405297\n|move|p1a: Toedscruel|Giga Drain|p2a: Bellibolt\n|-damage|p2a: Bellibolt|184/320 tox\n|-heal|p1a: Toedscruel|281/281 tox|[from] drain|[of] p2a: Bellibolt\n|-start|p2a: Bellibolt|Charge|Giga Drain|[from] ability: Electromorphosis\n|move|p2a: Bellibolt|Muddy Water|p1a: Toedscruel\n|-damage|p1a: Toedscruel|227/281 tox\n|\n|-heal|p1a: Toedscruel|244/281 tox|[from] item: Leftovers\n|-heal|p2a: Bellibolt|204/320 tox|[from] item: Leftovers\n|-damage|p1a: Toedscruel|210/281 tox|[from] psn\n|-damage|p2a: Bellibolt|164/320 tox|[from] psn\n|upkeep\n|turn|13\n|\n|t:|1781405300\n|move|p1a: Toedscruel|Giga Drain|p2a: Bellibolt\n|-damage|p2a: Bellibolt|86/320 tox\n|-heal|p1a: Toedscruel|249/281 tox|[from] drain|[of] p2a: Bellibolt\n|-start|p2a: Bellibolt|Charge|Giga Drain|[from] ability: Electromorphosis\n|move|p2a: Bellibolt|Muddy Water|p1a: Toedscruel\n|-damage|p1a: Toedscruel|197/281 tox\n|\n|-heal|p1a: Toedscruel|214/281 tox|[from] item: Leftovers\n|-heal|p2a: Bellibolt|106/320 tox|[from] item: Leftovers\n|-damage|p1a: Toedscruel|163/281 tox|[from] psn\n|-damage|p2a: Bellibolt|46/320 tox|[from] psn\n|upkeep\n|turn|14\n|\n|t:|1781405302\n|move|p1a: Toedscruel|Giga Drain|p2a: Bellibolt\n|-crit|p2a: Bellibolt\n|-damage|p2a: Bellibolt|0 fnt\n|-heal|p1a: Toedscruel|186/281 tox|[from] drain|[of] p2a: Bellibolt\n|faint|p2a: Bellibolt\n|\n|-heal|p1a: Toedscruel|203/281 tox|[from] item: Leftovers\n|-damage|p1a: Toedscruel|135/281 tox|[from] psn\n|upkeep\n|\n|t:|1781405304\n|switch|p2a: Rillaboom|Rillaboom, L79, M|288/288\n|-fieldstart|move: Grassy Terrain|[from] ability: Grassy Surge|[of] p2a: Rillaboom\n|turn|15\n|\n|t:|1781405308\n|move|p2a: Rillaboom|Grassy Glide|p1a: Toedscruel\n|-damage|p1a: Toedscruel|9/281 tox\n|-damage|p2a: Rillaboom|260/288|[from] item: Life Orb\n|move|p1a: Toedscruel|Toxic|p2a: Rillaboom\n|-status|p2a: Rillaboom|tox\n|\n|-heal|p1a: Toedscruel|26/281 tox|[from] Grassy Terrain\n|-heal|p1a: Toedscruel|43/281 tox|[from] item: Leftovers\n|-heal|p2a: Rillaboom|278/288 tox|[from] Grassy Terrain\n|-damage|p1a: Toedscruel|0 fnt|[from] psn\n|faint|p1a: Toedscruel\n|-damage|p2a: Rillaboom|260/288 tox|[from] psn\n|upkeep\n|\n|t:|1781405316\n|switch|p1a: Bombirdier|Bombirdier, L85, F|258/258\n|turn|16\n|\n|t:|1781405339\n|switch|p2a: Hippowdon|Hippowdon, L82, F|311/311\n|-weather|Sandstorm|[from] ability: Sand Stream|[of] p2a: Hippowdon\n|move|p1a: Bombirdier|Brave Bird|p2a: Hippowdon\n|-damage|p2a: Hippowdon|199/311\n|-damage|p1a: Bombirdier|221/258|[from] Recoil\n|\n|-weather|Sandstorm|[upkeep]\n|-damage|p1a: Bombirdier|205/258|[from] Sandstorm\n|-heal|p2a: Hippowdon|218/311|[from] Grassy Terrain\n|-heal|p2a: Hippowdon|237/311|[from] item: Leftovers\n|upkeep\n|turn|17\n|inactive|00000ooo. has 120 seconds left.\n|inactive|00000ooo. has 90 seconds left.\n|\n|t:|1781405397\n|move|p1a: Bombirdier|Knock Off|p2a: Hippowdon\n|-damage|p2a: Hippowdon|152/311\n|-enditem|p2a: Hippowdon|Leftovers|[from] move: Knock Off|[of] p1a: Bombirdier\n|move|p2a: Hippowdon|Curse|p2a: Hippowdon\n|-unboost|p2a: Hippowdon|spe|1\n|-boost|p2a: Hippowdon|atk|1\n|-boost|p2a: Hippowdon|def|1\n|\n|-weather|Sandstorm|[upkeep]\n|-damage|p1a: Bombirdier|189/258|[from] Sandstorm\n|-heal|p2a: Hippowdon|171/311|[from] Grassy Terrain\n|upkeep\n|turn|18\n|inactive|00000ooo. has 90 seconds left.\n|\n|t:|1781405413\n|move|p1a: Bombirdier|Stealth Rock|p2a: Hippowdon\n|-sidestart|p2: 00000ooo.|move: Stealth Rock\n|move|p2a: Hippowdon|Slack Off|p2a: Hippowdon\n|-heal|p2a: Hippowdon|311/311\n|\n|-weather|Sandstorm|[upkeep]\n|-damage|p1a: Bombirdier|173/258|[from] Sandstorm\n|upkeep\n|turn|19\n|\n|t:|1781405420\n|switch|p1a: Reuniclus|Reuniclus, L88, F|337/337\n|move|p2a: Hippowdon|Stone Edge|p1a: Reuniclus\n|-damage|p1a: Reuniclus|209/337\n|\n|-weather|Sandstorm|[upkeep]\n|-heal|p1a: Reuniclus|230/337|[from] Grassy Terrain\n|-fieldend|move: Grassy Terrain\n|upkeep\n|turn|20\n|\n|t:|1781405433\n|move|p1a: Reuniclus|Calm Mind|p1a: Reuniclus\n|-boost|p1a: Reuniclus|spa|1\n|-boost|p1a: Reuniclus|spd|1\n|move|p2a: Hippowdon|Earthquake|p1a: Reuniclus\n|-damage|p1a: Reuniclus|34/337\n|\n|-weather|none\n|upkeep\n|turn|21\n|\n|t:|1781405436\n|move|p1a: Reuniclus|Psyshock|p2a: Hippowdon\n|-damage|p2a: Hippowdon|181/311\n|move|p2a: Hippowdon|Earthquake|p1a: Reuniclus\n|-damage|p1a: Reuniclus|0 fnt\n|faint|p1a: Reuniclus\n|\n|upkeep\n|\n|t:|1781405440\n|switch|p1a: Cryogonal|Cryogonal, L89|287/287\n|turn|22\n|\n|t:|1781405447\n|-terastallize|p2a: Hippowdon|Rock\n|move|p1a: Cryogonal|Ice Beam|p2a: Hippowdon\n|-damage|p2a: Hippowdon|48/311\n|-status|p2a: Hippowdon|frz\n|cant|p2a: Hippowdon|frz\n|\n|upkeep\n|turn|23\n|\n|t:|1781405451\n|move|p1a: Cryogonal|Ice Beam|p2a: Hippowdon\n|-damage|p2a: Hippowdon|0 fnt\n|faint|p2a: Hippowdon\n|\n|upkeep\n|\n|t:|1781405456\n|switch|p2a: Flutter Mane|Flutter Mane, L74|203/203\n|-damage|p2a: Flutter Mane|178/203|[from] Stealth Rock\n|turn|24\n|\n|t:|1781405463\n|switch|p1a: Bombirdier|Bombirdier, L85, F|173/258\n|move|p2a: Flutter Mane|Shadow Ball|p1a: Bombirdier\n|-resisted|p1a: Bombirdier\n|-damage|p1a: Bombirdier|103/258\n|\n|upkeep\n|turn|25\n|\n|t:|1781405466\n|move|p2a: Flutter Mane|Shadow Ball|p1a: Bombirdier\n|-resisted|p1a: Bombirdier\n|-damage|p1a: Bombirdier|32/258\n|move|p1a: Bombirdier|Brave Bird|p2a: Flutter Mane\n|-damage|p2a: Flutter Mane|0 fnt\n|faint|p2a: Flutter Mane\n|-end|p2a: Flutter Mane|Protosynthesis|[silent]\n|-damage|p1a: Bombirdier|0 fnt|[from] Recoil\n|faint|p1a: Bombirdier\n|\n|upkeep\n|\n|t:|1781405475\n|switch|p2a: Rillaboom|Rillaboom, L79, M|260/288 tox\n|switch|p1a: Iron Crown|Iron Crown, L78|204/268\n|-damage|p2a: Rillaboom|224/288 tox|[from] Stealth Rock\n|-fieldstart|move: Grassy Terrain|[from] ability: Grassy Surge|[of] p2a: Rillaboom\n|turn|26\n|\n|t:|1781405479\n|move|p1a: Iron Crown|Psyshock|p2a: Rillaboom\n|-damage|p2a: Rillaboom|82/288 tox\n|move|p2a: Rillaboom|Wood Hammer|p1a: Iron Crown\n|-resisted|p1a: Iron Crown\n|-damage|p1a: Iron Crown|92/268\n|-damage|p2a: Rillaboom|45/288 tox|[from] Recoil\n|-damage|p2a: Rillaboom|17/288 tox|[from] item: Life Orb\n|\n|-heal|p1a: Iron Crown|108/268|[from] Grassy Terrain\n|-heal|p2a: Rillaboom|35/288 tox|[from] Grassy Terrain\n|-damage|p2a: Rillaboom|17/288 tox|[from] psn\n|upkeep\n|turn|27\n|\n|t:|1781405484\n|move|p2a: Rillaboom|Grassy Glide|p1a: Iron Crown\n|-resisted|p1a: Iron Crown\n|-damage|p1a: Iron Crown|55/268\n|-damage|p2a: Rillaboom|0 fnt|[from] item: Life Orb\n|faint|p2a: Rillaboom\n|move|p1a: Iron Crown|Psyshock|p2: Rillaboom|[notarget]\n|-fail|p1a: Iron Crown\n|\n|-heal|p1a: Iron Crown|71/268|[from] Grassy Terrain\n|upkeep\n|\n|t:|1781405487\n|switch|p2a: Maushold|Maushold, L76|238/238\n|-damage|p2a: Maushold|209/238|[from] Stealth Rock\n|turn|28\n|\n|t:|1781405495\n|move|p2a: Maushold|Population Bomb|p1a: Iron Crown\n|-resisted|p1a: Iron Crown\n|-damage|p1a: Iron Crown|61/268\n|-resisted|p1a: Iron Crown\n|-damage|p1a: Iron Crown|49/268\n|-resisted|p1a: Iron Crown\n|-damage|p1a: Iron Crown|37/268\n|-resisted|p1a: Iron Crown\n|-damage|p1a: Iron Crown|26/268\n|-resisted|p1a: Iron Crown\n|-damage|p1a: Iron Crown|16/268\n|-resisted|p1a: Iron Crown\n|-damage|p1a: Iron Crown|6/268\n|-resisted|p1a: Iron Crown\n|-damage|p1a: Iron Crown|0 fnt\n|faint|p1a: Iron Crown\n|-end|p1a: Iron Crown|Quark Drive|[silent]\n|-hitcount|p1: Iron Crown|7\n|\n|-heal|p2a: Maushold|223/238|[from] Grassy Terrain\n|upkeep\n|\n|t:|1781405499\n|switch|p1a: Cryogonal|Cryogonal, L89|287/287\n|turn|29\n|\n|t:|1781405508\n|move|p1a: Cryogonal|Ice Beam|p2a: Maushold\n|-damage|p2a: Maushold|88/238\n|-status|p2a: Maushold|frz\n|cant|p2a: Maushold|frz\n|\n|-heal|p2a: Maushold|102/238 frz|[from] Grassy Terrain\n|upkeep\n|turn|30\n|c|\u260600000ooo.|youve gotta be kidding me\n|\n|t:|1781405520\n|move|p1a: Cryogonal|Ice Beam|p2a: Maushold\n|-damage|p2a: Maushold|0 fnt\n|faint|p2a: Maushold\n|\n|win|bobforte22\n|raw|bobforte22's rating: 1429 &rarr; <strong>1450</strong><br />(+21 for winning)\n|raw|00000ooo.'s rating: 1449 &rarr; <strong>1428</strong><br />(-21 for losing)\n|c|\u260600000ooo.|ggs\n|l|\u260600000ooo.\n|player|p2|\n", "inputlog": ">version a8376a258c1d4662feba110a92103f3664a72141\n>start {\"formatid\":\"gen9randombattle\",\"seed\":\"sodium,ccf7d13d22fa7699e816d6a44390c0c3\",\"rated\":\"Rated battle\"}\n>player p1 {\"name\":\"bobforte22\",\"avatar\":\"1\",\"rating\":1429,\"seed\":\"sodium,a412038d548a2aee46b5b2e9866fef29\"}\n>player p2 {\"name\":\"00000ooo.\",\"avatar\":\"266\",\"rating\":1449,\"seed\":\"sodium,f85db64b6193e6e31a6c4404604d67fa\"}\n>p1 move substitute\n>p2 switch 6\n>p1 move calmmind\n>p2 move thunderbolt\n>p1 move earthpower\n>p2 move thunderbolt\n>p1 switch 5\n>p1 move toxic\n>p2 switch 3\n>p1 switch 6\n>p2 move nastyplot\n>p1 move icebeam\n>p2 move hurricane\n>p1 move icebeam\n>p2 move hurricane\n>p2 switch 5\n>p1 switch 2\n>p2 move moonblast\n>p1 move tachyoncutter\n>p2 switch 3\n>p1 switch 6\n>p2 move slackoff\n>p1 move toxic\n>p2 move toxic\n>p1 move gigadrain\n>p2 move muddywater\n>p1 move gigadrain\n>p2 move muddywater\n>p1 move gigadrain\n>p2 move muddywater\n>p2 switch 6\n>p1 move toxic\n>p2 move grassyglide\n>p1 switch 3\n>p1 move bravebird\n>p2 switch 2\n>p1 move knockoff\n>p2 move curse\n>p1 move stealthrock\n>p2 move slackoff\n>p1 switch 4\n>p2 move stoneedge\n>p1 move calmmind\n>p2 move earthquake\n>p1 move psyshock\n>p2 move earthquake\n>p1 switch 2\n>p1 move icebeam\n>p2 move stoneedge terastallize\n>p1 move icebeam\n>p2 move stoneedge\n>p2 switch 3\n>p1 switch 4\n>p2 move shadowball\n>p1 move bravebird\n>p2 move shadowball\n>p1 switch 6\n>p2 switch 2\n>p1 move psyshock\n>p2 move woodhammer\n>p1 move psyshock\n>p2 move grassyglide\n>p2 switch 4\n>p1 move psyshock\n>p2 move populationbomb\n>p1 switch 4\n>p1 move icebeam\n>p2 move populationbomb\n>chat \u260600000ooo.|youve gotta be kidding me\n>p1 move icebeam\n>p2 move populationbomb", "uploadtime": 1781405544, "views": 4, "formatid": "gen9randombattle", "rating": 1428, "private": 0, "password": null}