{"id": "gen9randombattle-2631428964", "format": "[Gen 9] Random Battle", "players": ["opik8", "RushedRedemption"], "log": "|j|\u2606opik8\n|j|\u2606RushedRedemption\n|t:|1781383539\n|gametype|singles\n|player|p1|opik8|colress|2004\n|player|p2|RushedRedemption|nemona-v|1951\n|gen|9\n|tier|[Gen 9] Random Battle\n|rated|\n|rule|Species Clause: Limit one of each Pok\u00e9mon\n|rule|HP Percentage Mod: HP is shown in percentages\n|rule|Sleep Clause Mod: Limit one foe put to sleep\n|rule|Illusion Level Mod: Illusion disguises the Pok\u00e9mon's true level\n|\n|t:|1781383539\n|teamsize|p1|6\n|teamsize|p2|6\n|start\n|switch|p1a: Bronzong|Bronzong, L88|261/261\n|switch|p2a: Cacturne|Cacturne, L92, M|278/278\n|turn|1\n|inactive|Battle timer is ON: inactive players will automatically lose when time's up. (requested by opik8)\n|\n|t:|1781383559\n|switch|p1a: Zamazenta|Zamazenta-Crowned, L68|238/238\n|-ability|p1a: Zamazenta|Dauntless Shield|boost\n|-boost|p1a: Zamazenta|def|1\n|move|p2a: Cacturne|Knock Off|p1a: Zamazenta\n|-resisted|p1a: Zamazenta\n|-damage|p1a: Zamazenta|207/238\n|-damage|p2a: Cacturne|251/278|[from] item: Life Orb\n|\n|upkeep\n|turn|2\n|\n|t:|1781383570\n|switch|p2a: Scream Tail|Scream Tail, L84|330/330\n|move|p1a: Zamazenta|Iron Defense|p1a: Zamazenta\n|-boost|p1a: Zamazenta|def|2\n|\n|upkeep\n|turn|3\n|\n|t:|1781383578\n|move|p2a: Scream Tail|Thunder Wave|p1a: Zamazenta\n|-status|p1a: Zamazenta|par\n|move|p1a: Zamazenta|Heavy Slam|p2a: Scream Tail\n|-supereffective|p2a: Scream Tail\n|-damage|p2a: Scream Tail|162/330\n|\n|-heal|p2a: Scream Tail|182/330|[from] item: Leftovers\n|upkeep\n|turn|4\n|\n|t:|1781383585\n|move|p2a: Scream Tail|Protect|p2a: Scream Tail\n|-singleturn|p2a: Scream Tail|Protect\n|move|p1a: Zamazenta|Heavy Slam|p2a: Scream Tail\n|-activate|p2a: Scream Tail|move: Protect\n|\n|-heal|p2a: Scream Tail|202/330|[from] item: Leftovers\n|upkeep\n|turn|5\n|\n|t:|1781383588\n|-end|p2a: Scream Tail|Protosynthesis|[silent]\n|switch|p2a: Electivire|Electivire, L84, M|263/263\n|cant|p1a: Zamazenta|par\n|\n|upkeep\n|turn|6\n|\n|t:|1781383606\n|move|p2a: Electivire|Flamethrower|p1a: Zamazenta\n|-supereffective|p1a: Zamazenta\n|-damage|p1a: Zamazenta|69/238 par\n|-damage|p2a: Electivire|237/263|[from] item: Life Orb\n|move|p1a: Zamazenta|Body Press|p2a: Electivire\n|-damage|p2a: Electivire|5/263\n|\n|upkeep\n|turn|7\n|\n|t:|1781383611\n|switch|p1a: Tatsugiri|Tatsugiri, L87, F|260/260\n|move|p2a: Electivire|Flamethrower|p1a: Tatsugiri\n|-resisted|p1a: Tatsugiri\n|-crit|p1a: Tatsugiri\n|-damage|p1a: Tatsugiri|234/260\n|-damage|p2a: Electivire|0 fnt|[from] item: Life Orb\n|faint|p2a: Electivire\n|\n|upkeep\n|inactive|RushedRedemption has 120 seconds left.\n|\n|t:|1781383659\n|switch|p2a: Scream Tail|Scream Tail, L84|202/330\n|turn|8\n|\n|t:|1781383664\n|switch|p1a: Zamazenta|Zamazenta-Crowned, L68|69/238 par\n|move|p2a: Scream Tail|Wish|p2a: Scream Tail\n|\n|-heal|p2a: Scream Tail|222/330|[from] item: Leftovers\n|upkeep\n|turn|9\n|inactive|RushedRedemption has 120 seconds left.\n|\n|t:|1781383672\n|move|p2a: Scream Tail|Dazzling Gleam|p1a: Zamazenta\n|-damage|p1a: Zamazenta|15/238 par\n|move|p1a: Zamazenta|Body Press|p2a: Scream Tail\n|-resisted|p2a: Scream Tail\n|-damage|p2a: Scream Tail|205/330\n|\n|-heal|p2a: Scream Tail|330/330|[from] move: Wish|[wisher] Scream Tail\n|upkeep\n|turn|10\n|\n|t:|1781383677\n|move|p2a: Scream Tail|Dazzling Gleam|p1a: Zamazenta\n|-damage|p1a: Zamazenta|0 fnt\n|faint|p1a: Zamazenta\n|\n|upkeep\n|\n|t:|1781383682\n|switch|p1a: Bronzong|Bronzong, L88|261/261\n|turn|11\n|\n|t:|1781383693\n|-end|p2a: Scream Tail|Protosynthesis|[silent]\n|switch|p2a: Cacturne|Cacturne, L92, M|251/278\n|move|p1a: Bronzong|Iron Defense|p1a: Bronzong\n|-boost|p1a: Bronzong|def|2\n|\n|upkeep\n|turn|12\n|\n|t:|1781383707\n|-terastallize|p2a: Cacturne|Poison\n|move|p2a: Cacturne|Knock Off|p1a: Bronzong\n|-supereffective|p1a: Bronzong\n|-damage|p1a: Bronzong|118/261\n|-enditem|p1a: Bronzong|Leftovers|[from] move: Knock Off|[of] p2a: Cacturne\n|-damage|p2a: Cacturne|224/278|[from] item: Life Orb\n|move|p1a: Bronzong|Body Press|p2a: Cacturne\n|-resisted|p2a: Cacturne\n|-damage|p2a: Cacturne|144/278\n|\n|upkeep\n|turn|13\n|\n|t:|1781383712\n|move|p2a: Cacturne|Swords Dance|p2a: Cacturne\n|-boost|p2a: Cacturne|atk|2\n|move|p1a: Bronzong|Psychic Noise|p2a: Cacturne\n|-supereffective|p2a: Cacturne\n|-damage|p2a: Cacturne|0 fnt\n|faint|p2a: Cacturne\n|\n|upkeep\n|\n|t:|1781383726\n|switch|p2a: Eiscue|Eiscue, L88, F|274/274\n|turn|14\n|\n|t:|1781383729\n|move|p2a: Eiscue|Belly Drum|p2a: Eiscue\n|-damage|p2a: Eiscue|137/274\n|-setboost|p2a: Eiscue|atk|6|[from] move: Belly Drum\n|-enditem|p2a: Eiscue|Sitrus Berry|[eat]\n|-heal|p2a: Eiscue|205/274|[from] item: Sitrus Berry\n|move|p1a: Bronzong|Psychic Noise|p2a: Eiscue\n|-damage|p2a: Eiscue|136/274\n|-start|p2a: Eiscue|move: Heal Block\n|\n|upkeep\n|turn|15\n|\n|t:|1781383735\n|move|p2a: Eiscue|Liquidation|p1a: Bronzong\n|-damage|p1a: Bronzong|29/261\n|-unboost|p1a: Bronzong|def|1\n|move|p1a: Bronzong|Psychic Noise|p2a: Eiscue\n|-damage|p2a: Eiscue|70/274\n|\n|-end|p2a: Eiscue|move: Heal Block\n|upkeep\n|turn|16\n|\n|t:|1781383740\n|move|p2a: Eiscue|Liquidation|p1a: Bronzong\n|-damage|p1a: Bronzong|0 fnt\n|faint|p1a: Bronzong\n|\n|upkeep\n|\n|t:|1781383744\n|switch|p1a: Grumpig|Grumpig, L92, M|297/297\n|turn|17\n|\n|t:|1781383748\n|switch|p2a: Scream Tail|Scream Tail, L84|330/330\n|move|p1a: Grumpig|Psyshock|p2a: Scream Tail\n|-resisted|p2a: Scream Tail\n|-damage|p2a: Scream Tail|290/330\n|\n|-heal|p2a: Scream Tail|310/330|[from] item: Leftovers\n|upkeep\n|turn|18\n|\n|t:|1781383752\n|move|p2a: Scream Tail|Thunder Wave|p1a: Grumpig\n|-status|p1a: Grumpig|par\n|cant|p1a: Grumpig|par\n|\n|-heal|p2a: Scream Tail|330/330|[from] item: Leftovers\n|upkeep\n|turn|19\n|\n|t:|1781383755\n|move|p2a: Scream Tail|Thunder Wave|p1a: Grumpig\n|-fail|p1a: Grumpig|par\n|move|p1a: Grumpig|Nasty Plot|p1a: Grumpig\n|-boost|p1a: Grumpig|spa|2\n|\n|upkeep\n|turn|20\n|\n|t:|1781383760\n|move|p2a: Scream Tail|Dazzling Gleam|p1a: Grumpig\n|-damage|p1a: Grumpig|252/297 par\n|cant|p1a: Grumpig|par\n|\n|-heal|p1a: Grumpig|270/297 par|[from] item: Leftovers\n|upkeep\n|turn|21\n|\n|t:|1781383763\n|move|p2a: Scream Tail|Dazzling Gleam|p1a: Grumpig\n|-damage|p1a: Grumpig|224/297 par\n|move|p1a: Grumpig|Nasty Plot|p1a: Grumpig\n|-boost|p1a: Grumpig|spa|2\n|\n|-heal|p1a: Grumpig|242/297 par|[from] item: Leftovers\n|upkeep\n|turn|22\n|\n|t:|1781383765\n|-end|p2a: Scream Tail|Protosynthesis|[silent]\n|switch|p2a: Eiscue|Eiscue, L88, F|70/274\n|move|p1a: Grumpig|Shadow Ball|p2a: Eiscue\n|-damage|p2a: Eiscue|0 fnt\n|faint|p2a: Eiscue\n|\n|-heal|p1a: Grumpig|260/297 par|[from] item: Leftovers\n|upkeep\n|\n|t:|1781383768\n|switch|p2a: Cloyster|Cloyster, L80, M|211/211\n|turn|23\n|\n|t:|1781383771\n|move|p2a: Cloyster|Rock Blast|p1a: Grumpig\n|-damage|p1a: Grumpig|240/297 par\n|-damage|p1a: Grumpig|222/297 par\n|-damage|p1a: Grumpig|203/297 par\n|-damage|p1a: Grumpig|184/297 par\n|-damage|p1a: Grumpig|164/297 par\n|-hitcount|p1a: Grumpig|5\n|cant|p1a: Grumpig|par\n|\n|-heal|p1a: Grumpig|182/297 par|[from] item: Leftovers\n|upkeep\n|turn|24\n|\n|t:|1781383775\n|move|p2a: Cloyster|Rock Blast|p1a: Grumpig\n|-damage|p1a: Grumpig|163/297 par\n|-damage|p1a: Grumpig|143/297 par\n|-damage|p1a: Grumpig|124/297 par\n|-damage|p1a: Grumpig|104/297 par\n|-damage|p1a: Grumpig|85/297 par\n|-hitcount|p1a: Grumpig|5\n|move|p1a: Grumpig|Earth Power|p2a: Cloyster\n|-crit|p2a: Cloyster\n|-damage|p2a: Cloyster|0 fnt\n|faint|p2a: Cloyster\n|\n|-heal|p1a: Grumpig|103/297 par|[from] item: Leftovers\n|upkeep\n|\n|t:|1781383776\n|switch|p2a: Zacian|Zacian-Crowned, L64|225/225\n|-ability|p2a: Zacian|Intrepid Sword|boost\n|-boost|p2a: Zacian|atk|1\n|turn|25\n|\n|t:|1781383779\n|move|p2a: Zacian|Behemoth Blade|p1a: Grumpig\n|-damage|p1a: Grumpig|0 fnt\n|faint|p1a: Grumpig\n|\n|upkeep\n|\n|t:|1781383783\n|switch|p1a: Gliscor|Gliscor, L76, F|239/239\n|turn|26\n|\n|t:|1781383787\n|move|p1a: Gliscor|Protect|p1a: Gliscor\n|-singleturn|p1a: Gliscor|Protect\n|move|p2a: Zacian|Swords Dance|p2a: Zacian\n|-boost|p2a: Zacian|atk|2\n|\n|-status|p1a: Gliscor|tox|[from] item: Toxic Orb\n|upkeep\n|turn|27\n|\n|t:|1781383791\n|move|p2a: Zacian|Behemoth Blade|p1a: Gliscor\n|-damage|p1a: Gliscor|52/239 tox\n|move|p1a: Gliscor|Earthquake|p2a: Zacian\n|-supereffective|p2a: Zacian\n|-damage|p2a: Zacian|45/225\n|\n|-heal|p1a: Gliscor|81/239 tox|[from] ability: Poison Heal\n|upkeep\n|turn|28\n|\n|t:|1781383797\n|move|p1a: Gliscor|Protect|p1a: Gliscor\n|-singleturn|p1a: Gliscor|Protect\n|move|p2a: Zacian|Behemoth Blade|p1a: Gliscor\n|-activate|p1a: Gliscor|move: Protect\n|\n|-heal|p1a: Gliscor|110/239 tox|[from] ability: Poison Heal\n|upkeep\n|turn|29\n|\n|t:|1781383809\n|switch|p1a: Tatsugiri|Tatsugiri, L87, F|234/260\n|move|p2a: Zacian|Play Rough|p1a: Tatsugiri\n|-supereffective|p1a: Tatsugiri\n|-damage|p1a: Tatsugiri|0 fnt\n|faint|p1a: Tatsugiri\n|\n|upkeep\n|\n|t:|1781383811\n|switch|p1a: Porygon-Z|Porygon-Z, L83|277/277\n|turn|30\n|\n|t:|1781383815\n|switch|p2a: Scream Tail|Scream Tail, L84|330/330\n|-terastallize|p1a: Porygon-Z|Ghost\n|move|p1a: Porygon-Z|Shadow Ball|p2a: Scream Tail\n|-supereffective|p2a: Scream Tail\n|-damage|p2a: Scream Tail|86/330\n|\n|-heal|p2a: Scream Tail|106/330|[from] item: Leftovers\n|upkeep\n|turn|31\n|\n|t:|1781383822\n|move|p1a: Porygon-Z|Shadow Ball|p2a: Scream Tail\n|-supereffective|p2a: Scream Tail\n|-damage|p2a: Scream Tail|0 fnt\n|faint|p2a: Scream Tail\n|-end|p2a: Scream Tail|Protosynthesis|[silent]\n|\n|upkeep\n|-message|RushedRedemption forfeited.\n|\n|win|opik8\n", "inputlog": ">version a8376a258c1d4662feba110a92103f3664a72141\n>start {\"formatid\":\"gen9randombattle\",\"seed\":\"sodium,993bd8c2fc7f360d75f05cf3a6495236\",\"rated\":\"Rated battle\"}\n>player p1 {\"name\":\"opik8\",\"avatar\":\"colress\",\"rating\":2004,\"seed\":\"sodium,3badadf23d26182d1eb3cef2a73f8609\"}\n>player p2 {\"name\":\"RushedRedemption\",\"avatar\":\"nemona-v\",\"rating\":1951,\"seed\":\"sodium,8c6dfecb401ad2a9026c80e1ba03e64f\"}\n>p1 switch 6\n>p2 move knockoff\n>p1 move irondefense\n>p2 switch 4\n>p1 move heavyslam\n>p2 move thunderwave\n>p1 move heavyslam\n>p2 move protect\n>p1 move heavyslam\n>p2 switch 5\n>p1 move bodypress\n>p2 move flamethrower\n>p1 switch 2\n>p2 move flamethrower\n>p2 switch 5\n>p1 switch 2\n>p2 move wish\n>p1 move bodypress\n>p2 move dazzlinggleam\n>p1 move heavyslam\n>p2 move dazzlinggleam\n>p1 switch 6\n>p1 move irondefense\n>p2 switch 4\n>p1 move bodypress\n>p2 move knockoff terastallize\n>p1 move psychicnoise\n>p2 move swordsdance\n>p2 switch 2\n>p1 move psychicnoise\n>p2 move bellydrum\n>p1 move psychicnoise\n>p2 move liquidation\n>p1 move psychicnoise\n>p2 move liquidation\n>p1 switch 4\n>p1 move psyshock\n>p2 switch 4\n>p1 move nastyplot\n>p2 move thunderwave\n>p1 move nastyplot\n>p2 move thunderwave\n>p1 move shadowball\n>p2 move dazzlinggleam\n>p1 move nastyplot\n>p2 move dazzlinggleam\n>p1 move shadowball\n>p2 switch 4\n>p2 switch 6\n>p1 move shadowball\n>p2 move rockblast\n>p1 move earthpower\n>p2 move rockblast\n>p2 switch 3\n>p1 move earthpower\n>p2 move behemothblade\n>p1 switch 3\n>p1 move protect\n>p2 move swordsdance\n>p1 move earthquake\n>p2 move behemothblade\n>p1 move protect\n>p2 move behemothblade\n>p1 switch 2\n>p2 move playrough\n>p1 switch 5\n>p1 move shadowball terastallize\n>p2 switch 4\n>p1 move shadowball\n>p2 move thunderwave\n>forcelose p2", "uploadtime": 1781383541, "views": 10, "formatid": "gen9randombattle", "rating": null, "private": 0, "password": null}