{"id": "gen9randombattle-2631428276", "format": "[Gen 9] Random Battle", "players": ["azztheddicaff", "dopamine zombie"], "log": "|j|\u2606azztheddicaff\n|j|\u2606dopamine zombie\n|t:|1781383455\n|gametype|singles\n|player|p1|azztheddicaff|266|2087\n|player|p2|dopamine zombie|266|2116\n|gen|9\n|tier|[Gen 9] Random Battle\n|rated|\n|rule|Species Clause: Limit one of each Pok\u00e9mon\n|rule|HP Percentage Mod: HP is shown in percentages\n|rule|Sleep Clause Mod: Limit one foe put to sleep\n|rule|Illusion Level Mod: Illusion disguises the Pok\u00e9mon's true level\n|\n|t:|1781383455\n|teamsize|p1|6\n|teamsize|p2|6\n|start\n|switch|p1a: Rabsca|Rabsca, L91, F|284/284\n|switch|p2a: Regirock|Regirock, L83|268/268\n|turn|1\n|inactive|Battle timer is ON: inactive players will automatically lose when time's up. (requested by dopamine zombie)\n|\n|t:|1781383466\n|switch|p1a: Golurk|Golurk, L87|297/297\n|switch|p2a: Palossand|Palossand, L89, F|296/296\n|\n|upkeep\n|turn|2\n|\n|t:|1781383471\n|switch|p2a: Meowscarada|Meowscarada, L78, M|247/247\n|move|p1a: Golurk|Poltergeist|p2a: Meowscarada\n|-activate|p2a: Meowscarada|move: Poltergeist|Choice Band\n|-resisted|p2a: Meowscarada\n|-damage|p2a: Meowscarada|99/247\n|\n|upkeep\n|turn|3\n|\n|t:|1781383480\n|switch|p1a: Duraludon|Duraludon, L82, M|249/249\n|move|p2a: Meowscarada|Knock Off|p1a: Duraludon\n|-start|p2a: Meowscarada|typechange|Dark|[from] ability: Protean\n|-damage|p1a: Duraludon|164/249\n|-enditem|p1a: Duraludon|Eviolite|[from] move: Knock Off|[of] p2a: Meowscarada\n|\n|upkeep\n|turn|4\n|\n|t:|1781383488\n|switch|p2a: Palossand|Palossand, L89, F|296/296\n|move|p1a: Duraludon|Stealth Rock|p2a: Palossand\n|-sidestart|p2: dopamine zombie|move: Stealth Rock\n|\n|upkeep\n|turn|5\n|\n|t:|1781383495\n|move|p1a: Duraludon|Draco Meteor|p2a: Palossand\n|-damage|p2a: Palossand|134/296\n|-unboost|p1a: Duraludon|spa|2\n|move|p2a: Palossand|Earth Power|p1a: Duraludon\n|-supereffective|p1a: Duraludon\n|-damage|p1a: Duraludon|0 fnt\n|faint|p1a: Duraludon\n|\n|-heal|p2a: Palossand|152/296|[from] item: Leftovers\n|upkeep\n|\n|t:|1781383500\n|switch|p1a: Golurk|Golurk, L87|297/297\n|turn|6\n|\n|t:|1781383504\n|move|p1a: Golurk|Poltergeist|p2a: Palossand\n|-activate|p2a: Palossand|move: Poltergeist|Leftovers\n|-supereffective|p2a: Palossand\n|-damage|p2a: Palossand|0 fnt\n|faint|p2a: Palossand\n|\n|upkeep\n|\n|t:|1781383506\n|switch|p2a: Meowscarada|Meowscarada, L78, M|99/247\n|-damage|p2a: Meowscarada|69/247|[from] Stealth Rock\n|turn|7\n|\n|t:|1781383510\n|switch|p1a: Umbreon|Umbreon, L84, F|297/297\n|move|p2a: Meowscarada|Knock Off|p1a: Umbreon\n|-start|p2a: Meowscarada|typechange|Dark|[from] ability: Protean\n|-resisted|p1a: Umbreon\n|-damage|p1a: Umbreon|236/297\n|-enditem|p1a: Umbreon|Leftovers|[from] move: Knock Off|[of] p2a: Meowscarada\n|\n|upkeep\n|turn|8\n|\n|t:|1781383525\n|switch|p2a: Regirock|Regirock, L83|268/268\n|-damage|p2a: Regirock|235/268|[from] Stealth Rock\n|move|p1a: Umbreon|Toxic|p2a: Regirock\n|-status|p2a: Regirock|tox\n|\n|-damage|p2a: Regirock|219/268 tox|[from] psn\n|upkeep\n|turn|9\n|\n|t:|1781383529\n|move|p1a: Umbreon|Foul Play|p2a: Regirock\n|-damage|p2a: Regirock|170/268 tox\n|move|p2a: Regirock|Iron Defense|p2a: Regirock\n|-boost|p2a: Regirock|def|2\n|\n|-damage|p2a: Regirock|138/268 tox|[from] psn\n|upkeep\n|turn|10\n|\n|t:|1781383537\n|switch|p1a: Golurk|Golurk, L87|297/297\n|move|p2a: Regirock|Rest|p2a: Regirock\n|-status|p2a: Regirock|slp|[from] move: Rest\n|-heal|p2a: Regirock|268/268 slp|[silent]\n|-enditem|p2a: Regirock|Chesto Berry|[eat]\n|-curestatus|p2a: Regirock|slp|[msg]\n|\n|upkeep\n|turn|11\n|\n|t:|1781383541\n|move|p1a: Golurk|Earthquake|p2a: Regirock\n|-supereffective|p2a: Regirock\n|-damage|p2a: Regirock|158/268\n|move|p2a: Regirock|Iron Defense|p2a: Regirock\n|-boost|p2a: Regirock|def|2\n|\n|upkeep\n|turn|12\n|\n|t:|1781383545\n|move|p1a: Golurk|Earthquake|p2a: Regirock\n|-supereffective|p2a: Regirock\n|-damage|p2a: Regirock|84/268\n|move|p2a: Regirock|Iron Defense|p2a: Regirock\n|-boost|p2a: Regirock|def|2\n|\n|upkeep\n|turn|13\n|\n|t:|1781383556\n|move|p1a: Golurk|Earthquake|p2a: Regirock\n|-supereffective|p2a: Regirock\n|-damage|p2a: Regirock|30/268\n|move|p2a: Regirock|Rest|p2a: Regirock\n|-status|p2a: Regirock|slp|[from] move: Rest\n|-heal|p2a: Regirock|268/268 slp|[silent]\n|\n|upkeep\n|turn|14\n|\n|t:|1781383559\n|switch|p1a: Rabsca|Rabsca, L91, F|284/284\n|cant|p2a: Regirock|slp\n|\n|upkeep\n|turn|15\n|\n|t:|1781383564\n|move|p1a: Rabsca|Earth Power|p2a: Regirock\n|-supereffective|p2a: Regirock\n|-damage|p2a: Regirock|110/268 slp\n|cant|p2a: Regirock|slp\n|\n|upkeep\n|turn|16\n|\n|t:|1781383576\n|move|p1a: Rabsca|Earth Power|p2a: Regirock\n|-supereffective|p2a: Regirock\n|-damage|p2a: Regirock|0 fnt\n|faint|p2a: Regirock\n|\n|upkeep\n|\n|t:|1781383580\n|switch|p2a: Morpeko|Morpeko, L88, F|245/245\n|turn|17\n|\n|t:|1781383585\n|move|p2a: Morpeko|Rapid Spin|p1a: Rabsca\n|-damage|p1a: Rabsca|250/284\n|-boost|p2a: Morpeko|spe|1\n|-sideend|p2: dopamine zombie|Stealth Rock|[from] move: Rapid Spin|[of] p2a: Morpeko\n|move|p1a: Rabsca|Bug Buzz|p2a: Morpeko\n|-supereffective|p2a: Morpeko\n|-damage|p2a: Morpeko|0 fnt\n|faint|p2a: Morpeko\n|\n|upkeep\n|\n|t:|1781383589\n|switch|p2a: Meowscarada|Meowscarada, L78, M|69/247\n|turn|18\n|\n|t:|1781383592\n|switch|p1a: Umbreon|Umbreon, L84, F|236/297\n|move|p2a: Meowscarada|Knock Off|p1a: Umbreon\n|-start|p2a: Meowscarada|typechange|Dark|[from] ability: Protean\n|-resisted|p1a: Umbreon\n|-damage|p1a: Umbreon|194/297\n|\n|upkeep\n|turn|19\n|\n|t:|1781383595\n|move|p2a: Meowscarada|Knock Off|p1a: Umbreon\n|-resisted|p1a: Umbreon\n|-damage|p1a: Umbreon|155/297\n|move|p1a: Umbreon|Foul Play|p2a: Meowscarada\n|-resisted|p2a: Meowscarada\n|-damage|p2a: Meowscarada|2/247\n|\n|upkeep\n|turn|20\n|\n|t:|1781383598\n|switch|p2a: Tatsugiri|Tatsugiri, L87, F|260/260\n|move|p1a: Umbreon|Wish|p1a: Umbreon\n|\n|upkeep\n|turn|21\n|\n|t:|1781383600\n|move|p2a: Tatsugiri|Nasty Plot|p2a: Tatsugiri\n|-boost|p2a: Tatsugiri|spa|2\n|move|p1a: Umbreon|Toxic|p2a: Tatsugiri\n|-status|p2a: Tatsugiri|tox\n|\n|-heal|p1a: Umbreon|297/297|[from] move: Wish|[wisher] Umbreon\n|-damage|p2a: Tatsugiri|244/260 tox|[from] psn\n|upkeep\n|turn|22\n|\n|t:|1781383604\n|move|p2a: Tatsugiri|Nasty Plot|p2a: Tatsugiri\n|-boost|p2a: Tatsugiri|spa|2\n|move|p1a: Umbreon|Foul Play|p2a: Tatsugiri\n|-damage|p2a: Tatsugiri|165/260 tox\n|\n|-damage|p2a: Tatsugiri|133/260 tox|[from] psn\n|upkeep\n|turn|23\n|\n|t:|1781383611\n|move|p1a: Umbreon|Protect|p1a: Umbreon\n|-singleturn|p1a: Umbreon|Protect\n|move|p2a: Tatsugiri|Draco Meteor|p1a: Umbreon\n|-activate|p1a: Umbreon|move: Protect\n|\n|-damage|p2a: Tatsugiri|85/260 tox|[from] psn\n|upkeep\n|turn|24\n|-message|dopamine zombie forfeited.\n|\n|win|azztheddicaff\n", "inputlog": ">version a8376a258c1d4662feba110a92103f3664a72141\n>start {\"formatid\":\"gen9randombattle\",\"seed\":\"sodium,acba11d78b179ebe102af4352c9d0363\",\"rated\":\"Rated battle\"}\n>player p1 {\"name\":\"azztheddicaff\",\"avatar\":\"266\",\"rating\":2087,\"seed\":\"sodium,b00b5237c5602ea5f484e62745e58b84\"}\n>player p2 {\"name\":\"dopamine zombie\",\"avatar\":\"266\",\"rating\":2116,\"seed\":\"sodium,7d3b9e4fa578e1acc6adc13993a35f73\"}\n>p1 switch 3\n>p2 switch 2\n>p1 move poltergeist\n>p2 switch 3\n>p1 switch 5\n>p2 move knockoff\n>p1 move stealthrock\n>p2 switch 3\n>p1 move dracometeor\n>p2 move earthpower\n>p1 switch 5\n>p1 move poltergeist\n>p2 move shadowball\n>p2 switch 3\n>p1 switch 2\n>p2 move knockoff\n>p1 move toxic\n>p2 switch 2\n>p1 move foulplay\n>p2 move irondefense\n>p1 switch 2\n>p2 move rest\n>p1 move earthquake\n>p2 move irondefense\n>p1 move earthquake\n>p2 move irondefense\n>p1 move earthquake\n>p2 move rest\n>p1 switch 3\n>p2 move stoneedge\n>p1 move earthpower\n>p2 move stoneedge\n>p1 move earthpower\n>p2 move stoneedge\n>p2 switch 4\n>p1 move bugbuzz\n>p2 move rapidspin\n>p2 switch 2\n>p1 switch 2\n>p2 move knockoff\n>p1 move foulplay\n>p2 move knockoff\n>p1 move wish\n>p2 switch 5\n>p1 move toxic\n>p2 move nastyplot\n>p1 move foulplay\n>p2 move nastyplot\n>p1 move protect\n>p2 move dracometeor\n>forcelose p2", "uploadtime": 1781383457, "views": 10, "formatid": "gen9randombattle", "rating": null, "private": 0, "password": null}