{"id": "gen9randombattle-2631857790", "format": "[Gen 9] Random Battle", "players": ["mztmztmzt123", "chichi732"], "log": "|j|\u2606mztmztmzt123\n|j|\u2606chichi732\n|t:|1781448868\n|gametype|singles\n|player|p1|mztmztmzt123|169|2191\n|player|p2|chichi732|169|2125\n|gen|9\n|tier|[Gen 9] Random Battle\n|rated|\n|rule|Species Clause: Limit one of each Pok\u00e9mon\n|rule|HP Percentage Mod: HP is shown in percentages\n|rule|Sleep Clause Mod: Limit one foe put to sleep\n|rule|Illusion Level Mod: Illusion disguises the Pok\u00e9mon's true level\n|\n|t:|1781448868\n|teamsize|p1|6\n|teamsize|p2|6\n|start\n|switch|p1a: Galvantula|Galvantula, L82, F|249/249\n|switch|p2a: Pachirisu|Pachirisu, L96, F|271/271\n|turn|1\n|\n|t:|1781448887\n|move|p2a: Pachirisu|Super Fang|p1a: Galvantula\n|-damage|p1a: Galvantula|125/249\n|move|p1a: Galvantula|Sticky Web|p2a: Pachirisu\n|-sidestart|p2: chichi732|move: Sticky Web\n|\n|upkeep\n|turn|2\n|\n|t:|1781448899\n|move|p2a: Pachirisu|Super Fang|p1a: Galvantula\n|-damage|p1a: Galvantula|63/249\n|move|p1a: Galvantula|Bug Buzz|p2a: Pachirisu\n|-crit|p2a: Pachirisu\n|-damage|p2a: Pachirisu|187/271\n|\n|upkeep\n|turn|3\n|\n|t:|1781448920\n|move|p2a: Pachirisu|Thunderbolt|p1a: Galvantula\n|-resisted|p1a: Galvantula\n|-damage|p1a: Galvantula|12/249\n|move|p1a: Galvantula|Bug Buzz|p2a: Pachirisu\n|-damage|p2a: Pachirisu|136/271\n|\n|upkeep\n|turn|4\n|\n|t:|1781448932\n|move|p2a: Pachirisu|Thunderbolt|p1a: Galvantula\n|-resisted|p1a: Galvantula\n|-damage|p1a: Galvantula|0 fnt\n|faint|p1a: Galvantula\n|\n|upkeep\n|\n|t:|1781448937\n|switch|p1a: Cinccino|Cinccino, L83, M|260/260\n|turn|5\n|\n|t:|1781448944\n|switch|p2a: Heatran|Heatran, L79, F|273/273\n|-item|p2a: Heatran|Air Balloon\n|move|p1a: Cinccino|Tail Slap|p2a: Heatran\n|-resisted|p2a: Heatran\n|-damage|p2a: Heatran|255/273\n|-enditem|p2a: Heatran|Air Balloon\n|-resisted|p2a: Heatran\n|-damage|p2a: Heatran|237/273\n|-resisted|p2a: Heatran\n|-damage|p2a: Heatran|219/273\n|-resisted|p2a: Heatran\n|-damage|p2a: Heatran|202/273\n|-resisted|p2a: Heatran\n|-damage|p2a: Heatran|185/273\n|-hitcount|p2a: Heatran|5\n|\n|upkeep\n|turn|6\n|inactive|Battle timer is ON: inactive players will automatically lose when time's up. (requested by chichi732)\n|\n|t:|1781448973\n|move|p1a: Cinccino|U-turn|p2a: Heatran\n|-resisted|p2a: Heatran\n|-damage|p2a: Heatran|174/273\n|\n|t:|1781448977\n|switch|p1a: Magmortar|Magmortar, L88, F|275/275|[from] U-turn\n|move|p2a: Heatran|Lava Plume|p1a: Magmortar\n|-resisted|p1a: Magmortar\n|-damage|p1a: Magmortar|230/275\n|\n|upkeep\n|turn|7\n|\n|t:|1781448996\n|switch|p2a: Cramorant|Cramorant, L86, F|261/261\n|move|p1a: Magmortar|Scorching Sands|p2a: Cramorant\n|-immune|p2a: Cramorant\n|\n|upkeep\n|turn|8\n|\n|t:|1781449006\n|switch|p1a: Bruxish|Bruxish, L85, F|254/254\n|switch|p2a: Pachirisu|Pachirisu, L96, F|136/271\n|-activate|p2a: Pachirisu|move: Sticky Web\n|-unboost|p2a: Pachirisu|spe|1\n|\n|upkeep\n|turn|9\n|\n|t:|1781449011\n|switch|p2a: Shiftry|Shiftry, L89, M|305/305\n|move|p1a: Bruxish|Psychic Fangs|p2a: Shiftry\n|-immune|p2a: Shiftry\n|\n|upkeep\n|turn|10\n|\n|t:|1781449016\n|switch|p1a: Overqwil|Overqwil, L82, F|274/274\n|-ability|p1a: Overqwil|Intimidate|boost\n|-unboost|p2a: Shiftry|atk|1\n|move|p2a: Shiftry|Knock Off|p1a: Overqwil\n|-resisted|p1a: Overqwil\n|-damage|p1a: Overqwil|240/274\n|-enditem|p1a: Overqwil|Loaded Dice|[from] move: Knock Off|[of] p2a: Shiftry\n|\n|upkeep\n|turn|11\n|\n|t:|1781449023\n|move|p2a: Shiftry|Will-O-Wisp|p1a: Overqwil\n|-status|p1a: Overqwil|brn\n|move|p1a: Overqwil|Swords Dance|p1a: Overqwil\n|-boost|p1a: Overqwil|atk|2\n|\n|-damage|p1a: Overqwil|223/274 brn|[from] brn\n|upkeep\n|turn|12\n|\n|t:|1781449030\n|move|p2a: Shiftry|Defog|p1a: Overqwil\n|-unboost|p1a: Overqwil|evasion|1\n|-sideend|p2: chichi732|Sticky Web|[from] move: Defog|[of] p2a: Shiftry\n|move|p1a: Overqwil|Gunk Shot|p2a: Shiftry\n|-supereffective|p2a: Shiftry\n|-damage|p2a: Shiftry|0 fnt\n|faint|p2a: Shiftry\n|\n|-damage|p1a: Overqwil|206/274 brn|[from] brn\n|upkeep\n|\n|t:|1781449046\n|switch|p2a: Cramorant|Cramorant, L86, F|261/261\n|turn|13\n|\n|t:|1781449056\n|move|p2a: Cramorant|Surf|p1a: Overqwil\n|-formechange|p2a: Cramorant|Cramorant-Gulping|\n|-damage|p1a: Overqwil|89/274 brn\n|move|p1a: Overqwil|Scale Shot|p2a: Cramorant\n|-damage|p2a: Cramorant|235/261\n|-damage|p1a: Overqwil|21/274 brn|[from] ability: Gulp Missile|[of] p2a: Cramorant\n|-unboost|p1a: Overqwil|def|1\n|-formechange|p2a: Cramorant|Cramorant|\n|-damage|p2a: Cramorant|211/261\n|-damage|p2a: Cramorant|183/261\n|-hitcount|p2a: Cramorant|3\n|-unboost|p1a: Overqwil|def|1\n|-boost|p1a: Overqwil|spe|1\n|\n|-damage|p1a: Overqwil|4/274 brn|[from] brn\n|upkeep\n|turn|14\n|\n|t:|1781449067\n|move|p1a: Overqwil|Crunch|p2a: Cramorant\n|-damage|p2a: Cramorant|65/261\n|move|p2a: Cramorant|Surf|p1a: Overqwil\n|-formechange|p2a: Cramorant|Cramorant-Gorging|\n|-damage|p1a: Overqwil|0 fnt\n|faint|p1a: Overqwil\n|\n|upkeep\n|\n|t:|1781449081\n|switch|p1a: Regieleki|Regieleki, L79|256/256\n|turn|15\n|\n|t:|1781449088\n|-terastallize|p2a: Cramorant|Ground\n|move|p1a: Regieleki|Thunderbolt|p2a: Cramorant\n|-immune|p2a: Cramorant\n|move|p2a: Cramorant|Roost|p2a: Cramorant\n|-heal|p2a: Cramorant|196/261\n|\n|upkeep\n|turn|16\n|\n|t:|1781449095\n|move|p1a: Regieleki|Rapid Spin|p2a: Cramorant\n|-damage|p2a: Cramorant|154/261\n|-boost|p1a: Regieleki|spe|1\n|-damage|p1a: Regieleki|192/256|[from] ability: Gulp Missile|[of] p2a: Cramorant\n|-formechange|p2a: Cramorant|Cramorant|\n|move|p2a: Cramorant|Surf|p1a: Regieleki\n|-formechange|p2a: Cramorant|Cramorant-Gulping|\n|-damage|p1a: Regieleki|50/256\n|\n|upkeep\n|turn|17\n|\n|t:|1781449103\n|-terastallize|p1a: Regieleki|Ice\n|move|p1a: Regieleki|Tera Blast|p2a: Cramorant|[anim] Tera Blast Ice\n|-supereffective|p2a: Cramorant\n|-damage|p2a: Cramorant|14/261\n|-damage|p1a: Regieleki|0 fnt|[from] ability: Gulp Missile|[of] p2a: Cramorant\n|-formechange|p2a: Cramorant|Cramorant|\n|faint|p1a: Regieleki\n|move|p2a: Cramorant|Surf|p1: Regieleki|[notarget]\n|-fail|p2a: Cramorant\n|\n|upkeep\n|\n|t:|1781449109\n|switch|p1a: Cinccino|Cinccino, L83, M|260/260\n|turn|18\n|\n|t:|1781449114\n|move|p1a: Cinccino|U-turn|p2a: Cramorant\n|-damage|p2a: Cramorant|0 fnt\n|faint|p2a: Cramorant\n|\n|t:|1781449120\n|switch|p1a: Magmortar|Magmortar, L88, F|230/275|[from] U-turn\n|\n|upkeep\n|\n|t:|1781449136\n|switch|p2a: Pachirisu|Pachirisu, L96, F|136/271\n|turn|19\n|\n|t:|1781449141\n|move|p2a: Pachirisu|Nuzzle|p1a: Magmortar\n|-damage|p1a: Magmortar|209/275\n|-status|p1a: Magmortar|par\n|cant|p1a: Magmortar|par\n|\n|upkeep\n|turn|20\n|\n|t:|1781449146\n|move|p2a: Pachirisu|Super Fang|p1a: Magmortar\n|-damage|p1a: Magmortar|105/275 par\n|move|p1a: Magmortar|Scorching Sands|p2a: Pachirisu\n|-supereffective|p2a: Pachirisu\n|-damage|p2a: Pachirisu|14/271\n|\n|upkeep\n|turn|21\n|\n|t:|1781449149\n|move|p2a: Pachirisu|Thunderbolt|p1a: Magmortar\n|-damage|p1a: Magmortar|39/275 par\n|move|p1a: Magmortar|Scorching Sands|p2a: Pachirisu\n|-supereffective|p2a: Pachirisu\n|-damage|p2a: Pachirisu|0 fnt\n|faint|p2a: Pachirisu\n|\n|upkeep\n|\n|t:|1781449153\n|switch|p2a: Heatran|Heatran, L79, F|174/273\n|turn|22\n|\n|t:|1781449156\n|move|p2a: Heatran|Earth Power|p1a: Magmortar\n|-supereffective|p1a: Magmortar\n|-damage|p1a: Magmortar|0 fnt\n|faint|p1a: Magmortar\n|\n|upkeep\n|\n|t:|1781449158\n|switch|p1a: Bruxish|Bruxish, L85, F|254/254\n|turn|23\n|\n|t:|1781449176\n|switch|p2a: Weezing|Weezing-Galar, L86, M|252/252\n|move|p1a: Bruxish|Swords Dance|p1a: Bruxish\n|-boost|p1a: Bruxish|atk|2\n|\n|upkeep\n|turn|24\n|\n|t:|1781449184\n|move|p1a: Bruxish|Psychic Fangs|p2a: Weezing\n|-supereffective|p2a: Weezing\n|-damage|p2a: Weezing|0 fnt\n|faint|p2a: Weezing\n|-damage|p1a: Bruxish|229/254|[from] item: Life Orb\n|\n|upkeep\n|inactive|chichi732 has 120 seconds left.\n|\n|t:|1781449214\n|switch|p2a: Scyther|Scyther, L82, M|249/249\n|turn|25\n|\n|t:|1781449221\n|switch|p1a: Cinccino|Cinccino, L83, M|260/260\n|move|p2a: Scyther|Bug Bite|p1a: Cinccino\n|-damage|p1a: Cinccino|139/260\n|\n|upkeep\n|turn|26\n|inactive|chichi732 has 120 seconds left.\n|\n|t:|1781449246\n|switch|p2a: Heatran|Heatran, L79, F|174/273\n|move|p1a: Cinccino|Triple Axel|p2a: Heatran\n|-resisted|p2a: Heatran\n|-damage|p2a: Heatran|169/273\n|-resisted|p2a: Heatran\n|-damage|p2a: Heatran|159/273\n|-resisted|p2a: Heatran\n|-damage|p2a: Heatran|144/273\n|-hitcount|p2a: Heatran|3\n|\n|upkeep\n|turn|27\n|inactive|chichi732 has 120 seconds left.\n|\n|t:|1781449256\n|move|p1a: Cinccino|U-turn|p2a: Heatran\n|-resisted|p2a: Heatran\n|-damage|p2a: Heatran|132/273\n|\n|t:|1781449259\n|switch|p1a: Bruxish|Bruxish, L85, F|229/254|[from] U-turn\n|move|p2a: Heatran|Heavy Slam|p1a: Bruxish\n|-resisted|p1a: Bruxish\n|-damage|p1a: Bruxish|164/254\n|\n|upkeep\n|turn|28\n|\n|t:|1781449266\n|switch|p1a: Cinccino|Cinccino, L83, M|139/260\n|move|p2a: Heatran|Stealth Rock|p1a: Cinccino\n|-sidestart|p1: mztmztmzt123|move: Stealth Rock\n|\n|upkeep\n|turn|29\n|c|\u2606mztmztmzt123|?\n|\n|t:|1781449275\n|move|p1a: Cinccino|U-turn|p2a: Heatran\n|-resisted|p2a: Heatran\n|-damage|p2a: Heatran|122/273\n|\n|t:|1781449277\n|switch|p1a: Bruxish|Bruxish, L85, F|164/254|[from] U-turn\n|-damage|p1a: Bruxish|133/254|[from] Stealth Rock\n|move|p2a: Heatran|Lava Plume|p1a: Bruxish\n|-resisted|p1a: Bruxish\n|-crit|p1a: Bruxish\n|-damage|p1a: Bruxish|46/254\n|\n|upkeep\n|turn|30\n|\n|t:|1781449281\n|move|p1a: Bruxish|Wave Crash|p2a: Heatran\n|-supereffective|p2a: Heatran\n|-damage|p2a: Heatran|0 fnt\n|faint|p2a: Heatran\n|-damage|p1a: Bruxish|6/254|[from] Recoil\n|-damage|p1a: Bruxish|0 fnt|[from] item: Life Orb\n|faint|p1a: Bruxish\n|\n|upkeep\n|c|\u2606chichi732|scyther already won in that position\n|\n|t:|1781449293\n|switch|p1a: Cinccino|Cinccino, L83, M|139/260\n|switch|p2a: Scyther|Scyther, L82, M|249/249\n|-damage|p1a: Cinccino|107/260|[from] Stealth Rock\n|turn|31\n|\n|t:|1781449297\n|move|p1a: Cinccino|Triple Axel|p2a: Scyther\n|-supereffective|p2a: Scyther\n|-damage|p2a: Scyther|205/249\n|-supereffective|p2a: Scyther\n|-crit|p2a: Scyther\n|-damage|p2a: Scyther|61/249\n|-supereffective|p2a: Scyther\n|-damage|p2a: Scyther|0 fnt\n|faint|p2a: Scyther\n|-hitcount|p2: Scyther|3\n|\n|win|mztmztmzt123\n", "inputlog": ">version a8376a258c1d4662feba110a92103f3664a72141\n>start {\"formatid\":\"gen9randombattle\",\"seed\":\"sodium,9ad55a76a17ff9f78fe0eb9e7a1002a3\",\"rated\":\"Rated battle\"}\n>player p1 {\"name\":\"mztmztmzt123\",\"avatar\":\"169\",\"rating\":2191,\"seed\":\"sodium,6f138000b84cefae2973cc8732c6932a\"}\n>player p2 {\"name\":\"chichi732\",\"avatar\":\"169\",\"rating\":2125,\"seed\":\"sodium,f404babf29e85689bcc055e8677e5e5a\"}\n>p1 move stickyweb\n>p2 move superfang\n>p1 move bugbuzz\n>p2 move superfang\n>p1 move bugbuzz\n>p2 move thunderbolt\n>p1 move bugbuzz\n>p2 move thunderbolt\n>p1 switch 6\n>p1 move tailslap\n>p2 switch 6\n>p1 move uturn\n>p2 move lavaplume\n>p1 switch 3\n>p1 move scorchingsands\n>p2 switch 3\n>p1 switch 2\n>p2 switch 6\n>p1 move psychicfangs\n>p2 switch 2\n>p1 switch 5\n>p2 move knockoff\n>p1 move swordsdance\n>p2 move willowisp\n>p1 move gunkshot\n>p2 move defog\n>p2 switch 6\n>p1 move scaleshot\n>p2 move surf\n>p1 move crunch\n>p2 move surf\n>p1 switch 4\n>p1 move thunderbolt\n>p2 move roost terastallize\n>p1 move rapidspin\n>p2 move surf\n>p1 move terablast terastallize\n>p2 move surf\n>p1 switch 3\n>p1 move uturn\n>p2 move surf\n>p1 switch 2\n>p2 switch 2\n>p1 move scorchingsands\n>p2 move nuzzle\n>p1 move scorchingsands\n>p2 move superfang\n>p1 move scorchingsands\n>p2 move thunderbolt\n>p2 switch 3\n>p1 move scorchingsands\n>p2 move earthpower\n>p1 switch 5\n>p1 move swordsdance\n>p2 switch 4\n>p1 move psychicfangs\n>p2 move willowisp\n>p2 switch 5\n>p1 switch 2\n>p2 move bugbite\n>p1 move tripleaxel\n>p2 switch 4\n>p1 move uturn\n>p2 move heavyslam\n>p1 switch 2\n>p1 switch 2\n>p2 move stealthrock\n>chat \u2606mztmztmzt123|?\n>p1 move uturn\n>p2 move lavaplume\n>p1 switch 2\n>p1 move wavecrash\n>p2 move lavaplume\n>chat \u2606chichi732|scyther already won in that position\n>p1 switch 2\n>p2 switch 4\n>p1 move tripleaxel\n>p2 move closecombat", "uploadtime": 1781448871, "views": 9, "formatid": "gen9randombattle", "rating": null, "private": 0, "password": null}