{"id": "gen9randombattle-2631855037", "format": "[Gen 9] Random Battle", "players": ["Reconforce", "chichi732"], "log": "|j|\u2606Reconforce\n|j|\u2606chichi732\n|t:|1781448544\n|gametype|singles\n|player|p1|Reconforce|1|2196\n|player|p2|chichi732|169|2142\n|gen|9\n|tier|[Gen 9] Random Battle\n|rated|\n|rule|Species Clause: Limit one of each Pok\u00e9mon\n|rule|HP Percentage Mod: HP is shown in percentages\n|rule|Sleep Clause Mod: Limit one foe put to sleep\n|rule|Illusion Level Mod: Illusion disguises the Pok\u00e9mon's true level\n|\n|t:|1781448544\n|teamsize|p1|6\n|teamsize|p2|6\n|start\n|switch|p1a: Gumshoos|Gumshoos, L95, M|321/321\n|switch|p2a: Arboliva|Arboliva, L91, M|288/288\n|turn|1\n|\n|t:|1781448552\n|move|p2a: Arboliva|Protect|p2a: Arboliva\n|-singleturn|p2a: Arboliva|Protect\n|move|p1a: Gumshoos|U-turn|p2a: Arboliva\n|-activate|p2a: Arboliva|move: Protect\n|\n|upkeep\n|turn|2\n|\n|t:|1781448558\n|move|p1a: Gumshoos|U-turn|p2a: Arboliva\n|-supereffective|p2a: Arboliva\n|-damage|p2a: Arboliva|94/288\n|-enditem|p2a: Arboliva|Sitrus Berry|[eat]\n|-heal|p2a: Arboliva|166/288|[from] item: Sitrus Berry\n|\n|t:|1781448560\n|switch|p1a: Gogoat|Gogoat, L88, F|360/360|[from] U-turn\n|move|p2a: Arboliva|Leech Seed|p1a: Gogoat\n|-ability|p1a: Gogoat|Sap Sipper|boost\n|-boost|p1a: Gogoat|atk|1\n|\n|upkeep\n|turn|3\n|\n|t:|1781448568\n|switch|p2a: Dipplin|Dipplin, L88, F|284/284\n|move|p1a: Gogoat|Bulk Up|p1a: Gogoat\n|-boost|p1a: Gogoat|atk|1\n|-boost|p1a: Gogoat|def|1\n|\n|upkeep\n|turn|4\n|\n|t:|1781448571\n|move|p1a: Gogoat|Earthquake|p2a: Dipplin\n|-resisted|p2a: Dipplin\n|-crit|p2a: Dipplin\n|-damage|p2a: Dipplin|225/284\n|move|p2a: Dipplin|Dragon Tail|p1a: Gogoat\n|-damage|p1a: Gogoat|312/360\n|drag|p1a: Sandslash|Sandslash, L89, F|278/278\n|\n|upkeep\n|turn|5\n|\n|t:|1781448577\n|move|p1a: Sandslash|Spikes|p2a: Dipplin\n|-sidestart|p2: chichi732|Spikes\n|move|p2a: Dipplin|Dragon Pulse|p1a: Sandslash\n|-crit|p1a: Sandslash\n|-damage|p1a: Sandslash|100/278\n|\n|-heal|p1a: Sandslash|117/278|[from] item: Leftovers\n|upkeep\n|turn|6\n|\n|t:|1781448581\n|switch|p1a: Gogoat|Gogoat, L88, F|312/360\n|move|p2a: Dipplin|Giga Drain|p1a: Gogoat\n|-ability|p1a: Gogoat|Sap Sipper|boost\n|-boost|p1a: Gogoat|atk|1\n|\n|-heal|p1a: Gogoat|334/360|[from] item: Leftovers\n|upkeep\n|turn|7\n|\n|t:|1781448584\n|move|p1a: Gogoat|Earthquake|p2a: Dipplin\n|-resisted|p2a: Dipplin\n|-damage|p2a: Dipplin|196/284\n|move|p2a: Dipplin|Dragon Pulse|p1a: Gogoat\n|-damage|p1a: Gogoat|243/360\n|\n|-heal|p1a: Gogoat|265/360|[from] item: Leftovers\n|upkeep\n|turn|8\n|\n|t:|1781448589\n|switch|p1a: Gumshoos|Gumshoos, L95, M|321/321\n|move|p2a: Dipplin|Recover|p2a: Dipplin\n|-heal|p2a: Dipplin|284/284\n|\n|upkeep\n|turn|9\n|\n|t:|1781448594\n|move|p1a: Gumshoos|U-turn|p2a: Dipplin\n|-supereffective|p2a: Dipplin\n|-damage|p2a: Dipplin|160/284\n|\n|t:|1781448596\n|switch|p1a: Gogoat|Gogoat, L88, F|265/360|[from] U-turn\n|move|p2a: Dipplin|Recover|p2a: Dipplin\n|-heal|p2a: Dipplin|284/284\n|\n|-heal|p1a: Gogoat|287/360|[from] item: Leftovers\n|upkeep\n|turn|10\n|\n|t:|1781448599\n|move|p1a: Gogoat|Bulk Up|p1a: Gogoat\n|-boost|p1a: Gogoat|atk|1\n|-boost|p1a: Gogoat|def|1\n|move|p2a: Dipplin|Dragon Tail|p1a: Gogoat\n|-damage|p1a: Gogoat|241/360\n|drag|p1a: Crabominable|Crabominable, L90, F|321/321\n|\n|upkeep\n|turn|11\n|\n|t:|1781448612\n|switch|p2a: Bastiodon|Bastiodon, L89, M|252/252\n|-damage|p2a: Bastiodon|221/252|[from] Spikes\n|move|p1a: Crabominable|Close Combat|p2a: Bastiodon\n|-supereffective|p2a: Bastiodon\n|-damage|p2a: Bastiodon|0 fnt\n|-unboost|p1a: Crabominable|def|1\n|-unboost|p1a: Crabominable|spd|1\n|faint|p2a: Bastiodon\n|\n|upkeep\n|\n|t:|1781448617\n|switch|p2a: Golurk|Golurk, L87|297/297\n|-damage|p2a: Golurk|260/297|[from] Spikes\n|turn|12\n|\n|t:|1781448622\n|switch|p1a: Sandslash|Sandslash, L89, F|117/278\n|move|p2a: Golurk|Earthquake|p1a: Sandslash\n|-damage|p1a: Sandslash|0 fnt\n|faint|p1a: Sandslash\n|-damage|p2a: Golurk|231/297|[from] item: Life Orb\n|\n|upkeep\n|\n|t:|1781448626\n|switch|p1a: Gumshoos|Gumshoos, L95, M|321/321\n|turn|13\n|\n|t:|1781448631\n|move|p2a: Golurk|Earthquake|p1a: Gumshoos\n|-damage|p1a: Gumshoos|117/321\n|-damage|p2a: Golurk|202/297|[from] item: Life Orb\n|move|p1a: Gumshoos|U-turn|p2a: Golurk\n|-resisted|p2a: Golurk\n|-damage|p2a: Golurk|145/297\n|\n|t:|1781448634\n|switch|p1a: Gogoat|Gogoat, L88, F|241/360|[from] U-turn\n|\n|-heal|p1a: Gogoat|263/360|[from] item: Leftovers\n|upkeep\n|turn|14\n|\n|t:|1781448637\n|switch|p2a: Arboliva|Arboliva, L91, M|166/288\n|-damage|p2a: Arboliva|130/288|[from] Spikes\n|move|p1a: Gogoat|Horn Leech|p2a: Arboliva\n|-resisted|p2a: Arboliva\n|-damage|p2a: Arboliva|88/288\n|-heal|p1a: Gogoat|284/360|[from] drain|[of] p2a: Arboliva\n|\n|-heal|p1a: Gogoat|306/360|[from] item: Leftovers\n|-item|p2a: Arboliva|Sitrus Berry|[from] ability: Harvest\n|upkeep\n|-enditem|p2a: Arboliva|Sitrus Berry|[eat]\n|-heal|p2a: Arboliva|160/288|[from] item: Sitrus Berry\n|turn|15\n|\n|t:|1781448641\n|move|p1a: Gogoat|Bulk Up|p1a: Gogoat\n|-boost|p1a: Gogoat|atk|1\n|-boost|p1a: Gogoat|def|1\n|move|p2a: Arboliva|Hyper Voice|p1a: Gogoat\n|-damage|p1a: Gogoat|177/360\n|\n|-heal|p1a: Gogoat|199/360|[from] item: Leftovers\n|upkeep\n|turn|16\n|\n|t:|1781448644\n|move|p1a: Gogoat|Bulk Up|p1a: Gogoat\n|-boost|p1a: Gogoat|atk|1\n|-boost|p1a: Gogoat|def|1\n|move|p2a: Arboliva|Hyper Voice|p1a: Gogoat\n|-damage|p1a: Gogoat|61/360\n|\n|-heal|p1a: Gogoat|83/360|[from] item: Leftovers\n|upkeep\n|turn|17\n|\n|t:|1781448649\n|switch|p2a: Dipplin|Dipplin, L88, F|284/284\n|-damage|p2a: Dipplin|249/284|[from] Spikes\n|move|p1a: Gogoat|Milk Drink|p1a: Gogoat\n|-heal|p1a: Gogoat|263/360\n|\n|-heal|p1a: Gogoat|285/360|[from] item: Leftovers\n|upkeep\n|turn|18\n|\n|t:|1781448651\n|move|p1a: Gogoat|Earthquake|p2a: Dipplin\n|-resisted|p2a: Dipplin\n|-damage|p2a: Dipplin|206/284\n|move|p2a: Dipplin|Dragon Tail|p1a: Gogoat\n|-crit|p1a: Gogoat\n|-damage|p1a: Gogoat|168/360\n|drag|p1a: Espathra|Espathra, L80, F|283/283\n|\n|upkeep\n|turn|19\n|\n|t:|1781448653\n|move|p1a: Espathra|Lumina Crash|p2a: Dipplin\n|-damage|p2a: Dipplin|128/284\n|-unboost|p2a: Dipplin|spd|2\n|move|p2a: Dipplin|Dragon Tail|p1a: Espathra\n|-damage|p1a: Espathra|204/283\n|drag|p1a: Gogoat|Gogoat, L88, F|168/360\n|\n|-heal|p1a: Gogoat|190/360|[from] item: Leftovers\n|upkeep\n|turn|20\n|\n|t:|1781448657\n|move|p1a: Gogoat|Bulk Up|p1a: Gogoat\n|-boost|p1a: Gogoat|atk|1\n|-boost|p1a: Gogoat|def|1\n|move|p2a: Dipplin|Recover|p2a: Dipplin\n|-heal|p2a: Dipplin|270/284\n|\n|-heal|p1a: Gogoat|212/360|[from] item: Leftovers\n|upkeep\n|turn|21\n|\n|t:|1781448667\n|move|p1a: Gogoat|Milk Drink|p1a: Gogoat\n|-heal|p1a: Gogoat|360/360\n|move|p2a: Dipplin|Dragon Tail|p1a: Gogoat\n|-damage|p1a: Gogoat|312/360\n|drag|p1a: Espathra|Espathra, L80, F|204/283\n|\n|upkeep\n|turn|22\n|\n|t:|1781448670\n|move|p1a: Espathra|Lumina Crash|p2a: Dipplin\n|-damage|p2a: Dipplin|93/284\n|-unboost|p2a: Dipplin|spd|2\n|move|p2a: Dipplin|Dragon Tail|p1a: Espathra|[miss]\n|-miss|p2a: Dipplin|p1a: Espathra\n|\n|-ability|p1a: Espathra|Speed Boost|boost\n|-boost|p1a: Espathra|spe|1\n|upkeep\n|turn|23\n|\n|t:|1781448675\n|switch|p2a: Morpeko|Morpeko, L88, M|245/245\n|move|p1a: Espathra|Lumina Crash|p2a: Morpeko\n|-immune|p2a: Morpeko\n|\n|-ability|p1a: Espathra|Speed Boost|boost\n|-boost|p1a: Espathra|spe|1\n|-formechange|p2a: Morpeko|Morpeko-Hangry||[from] ability: Hunger Switch\n|upkeep\n|turn|24\n|\n|t:|1781448680\n|switch|p1a: Crabominable|Crabominable, L90, F|321/321\n|move|p2a: Morpeko|Rapid Spin|p1a: Crabominable\n|-damage|p1a: Crabominable|282/321\n|-boost|p2a: Morpeko|spe|1\n|-sideend|p2: chichi732|Spikes|[from] move: Rapid Spin|[of] p2a: Morpeko\n|\n|-formechange|p2a: Morpeko|Morpeko||[from] ability: Hunger Switch\n|upkeep\n|turn|25\n|\n|t:|1781448685\n|move|p2a: Morpeko|Protect|p2a: Morpeko\n|-singleturn|p2a: Morpeko|Protect\n|move|p1a: Crabominable|Ice Hammer|p2a: Morpeko\n|-activate|p2a: Morpeko|move: Protect\n|\n|-formechange|p2a: Morpeko|Morpeko-Hangry||[from] ability: Hunger Switch\n|upkeep\n|turn|26\n|\n|t:|1781448688\n|move|p2a: Morpeko|Parting Shot|p1a: Crabominable\n|-unboost|p1a: Crabominable|atk|1\n|-unboost|p1a: Crabominable|spa|1\n|\n|t:|1781448690\n|switch|p2a: Wigglytuff|Wigglytuff, L96, F|424/424|[from] Parting Shot\n|move|p1a: Crabominable|Ice Hammer|p2a: Wigglytuff\n|-damage|p2a: Wigglytuff|168/424\n|-unboost|p1a: Crabominable|spe|1\n|\n|-heal|p2a: Wigglytuff|194/424|[from] item: Leftovers\n|upkeep\n|turn|27\n|\n|t:|1781448695\n|move|p2a: Wigglytuff|Wish|p2a: Wigglytuff\n|move|p1a: Crabominable|Ice Hammer|p2a: Wigglytuff\n|-damage|p2a: Wigglytuff|0 fnt\n|-unboost|p1a: Crabominable|spe|1\n|faint|p2a: Wigglytuff\n|\n|upkeep\n|inactive|Battle timer is ON: inactive players will automatically lose when time's up. (requested by Reconforce)\n|inactive|chichi732 has 120 seconds left.\n|\n|t:|1781448821\n|switch|p2a: Golurk|Golurk, L87|145/297\n|turn|28\n|\n|t:|1781448824\n|move|p2a: Golurk|Poltergeist|p1a: Crabominable\n|-activate|p1a: Crabominable|move: Poltergeist|Choice Band\n|-damage|p1a: Crabominable|95/321\n|-damage|p2a: Golurk|116/297|[from] item: Life Orb\n|move|p1a: Crabominable|Ice Hammer|p2a: Golurk\n|-supereffective|p2a: Golurk\n|-damage|p2a: Golurk|0 fnt\n|-unboost|p1a: Crabominable|spe|1\n|faint|p2a: Golurk\n|\n|upkeep\n|\n|t:|1781448828\n|switch|p2a: Morpeko|Morpeko, L88, M|245/245\n|turn|29\n|\n|t:|1781448831\n|switch|p1a: Magnezone|Magnezone, L85|258/258\n|move|p2a: Morpeko|Aura Wheel|p1a: Magnezone\n|-resisted|p1a: Magnezone\n|-damage|p1a: Magnezone|207/258\n|-boost|p2a: Morpeko|spe|1\n|\n|-heal|p1a: Magnezone|223/258|[from] item: Leftovers\n|-formechange|p2a: Morpeko|Morpeko-Hangry||[from] ability: Hunger Switch\n|upkeep\n|turn|30\n|\n|t:|1781448839\n|move|p2a: Morpeko|Parting Shot|p1a: Magnezone\n|-unboost|p1a: Magnezone|atk|1\n|-unboost|p1a: Magnezone|spa|1\n|\n|t:|1781448841\n|switch|p2a: Dipplin|Dipplin, L88, F|93/284|[from] Parting Shot\n|move|p1a: Magnezone|Iron Defense|p1a: Magnezone\n|-boost|p1a: Magnezone|def|2\n|\n|-heal|p1a: Magnezone|239/258|[from] item: Leftovers\n|upkeep\n|turn|31\n|\n|t:|1781448845\n|-terastallize|p1a: Magnezone|Fighting\n|move|p1a: Magnezone|Body Press|p2a: Dipplin\n|-damage|p2a: Dipplin|0 fnt\n|faint|p2a: Dipplin\n|\n|-heal|p1a: Magnezone|255/258|[from] item: Leftovers\n|upkeep\n|\n|t:|1781448848\n|switch|p2a: Arboliva|Arboliva, L91, M|160/288\n|turn|32\n|\n|t:|1781448850\n|-terastallize|p2a: Arboliva|Water\n|move|p1a: Magnezone|Body Press|p2a: Arboliva\n|-damage|p2a: Arboliva|0 fnt\n|faint|p2a: Arboliva\n|\n|-heal|p1a: Magnezone|258/258|[from] item: Leftovers\n|upkeep\n|-message|chichi732 forfeited.\n|\n|win|Reconforce\n", "inputlog": ">version a8376a258c1d4662feba110a92103f3664a72141\n>start {\"formatid\":\"gen9randombattle\",\"seed\":\"sodium,6083045850e763d0d6093f2d2f3816ed\",\"rated\":\"Rated battle\"}\n>player p1 {\"name\":\"Reconforce\",\"avatar\":\"1\",\"rating\":2196,\"seed\":\"sodium,e34a171a72de0f95cc8326abbd622204\"}\n>player p2 {\"name\":\"chichi732\",\"avatar\":\"169\",\"rating\":2142,\"seed\":\"sodium,1e0be203ad227d629f98b92eea5178d1\"}\n>p1 move uturn\n>p2 move protect\n>p1 move uturn\n>p2 move leechseed\n>p1 switch 6\n>p1 move bulkup\n>p2 switch 5\n>p1 move earthquake\n>p2 move dragontail\n>p1 move spikes\n>p2 move dragonpulse\n>p1 switch 5\n>p2 move gigadrain\n>p1 move earthquake\n>p2 move dragonpulse\n>p1 switch 6\n>p2 move recover\n>p1 move uturn\n>p2 move recover\n>p1 switch 6\n>p1 move bulkup\n>p2 move dragontail\n>p1 move closecombat\n>p2 switch 2\n>p2 switch 6\n>p1 switch 5\n>p2 move earthquake\n>p1 switch 6\n>p1 move uturn\n>p2 move earthquake\n>p1 switch 2\n>p1 move hornleech\n>p2 switch 5\n>p1 move bulkup\n>p2 move hypervoice\n>p1 move bulkup\n>p2 move hypervoice\n>p1 move milkdrink\n>p2 switch 2\n>p1 move earthquake\n>p2 move dragontail\n>p1 move luminacrash\n>p2 move dragontail\n>p1 move bulkup\n>p2 move recover\n>p1 move milkdrink\n>p2 move dragontail\n>p1 move luminacrash\n>p2 move dragontail\n>p1 move luminacrash\n>p2 switch 3\n>p1 switch 5\n>p2 move rapidspin\n>p1 move icehammer\n>p2 move protect\n>p1 move icehammer\n>p2 move partingshot\n>p2 switch 4\n>p1 move icehammer\n>p2 move wish\n>p2 switch 5\n>p1 move icehammer\n>p2 move poltergeist\n>p2 switch 4\n>p1 switch 4\n>p2 move aurawheel\n>p1 move irondefense\n>p2 move partingshot\n>p2 switch 3\n>p1 move bodypress terastallize\n>p2 move recover\n>p2 switch 2\n>p1 move bodypress\n>p2 move leechseed terastallize\n>forcelose p2", "uploadtime": 1781448547, "views": 4, "formatid": "gen9randombattle", "rating": null, "private": 0, "password": null}