{"id": "gen9randombattle-2631566384", "format": "[Gen 9] Random Battle", "players": ["UpsideDownTree", "Kabzoul"], "log": "|j|\u2606UpsideDownTree\n|j|\u2606Kabzoul\n|t:|1781402227\n|gametype|singles\n|player|p1|UpsideDownTree|n|1119\n|player|p2|Kabzoul|lady|1111\n|gen|9\n|tier|[Gen 9] Random Battle\n|rated|\n|rule|Species Clause: Limit one of each Pok\u00e9mon\n|rule|HP Percentage Mod: HP is shown in percentages\n|rule|Sleep Clause Mod: Limit one foe put to sleep\n|rule|Illusion Level Mod: Illusion disguises the Pok\u00e9mon's true level\n|\n|t:|1781402227\n|teamsize|p1|6\n|teamsize|p2|6\n|start\n|switch|p1a: Piloswine|Piloswine, L85, F|309/309\n|switch|p2a: Archaludon|Archaludon, L78, F|268/268\n|turn|1\n|\n|t:|1781402246\n|move|p2a: Archaludon|Flash Cannon|p1a: Piloswine\n|-supereffective|p1a: Piloswine\n|-damage|p1a: Piloswine|153/309\n|-unboost|p1a: Piloswine|spd|1\n|move|p1a: Piloswine|Stealth Rock|p2a: Archaludon\n|-sidestart|p2: Kabzoul|move: Stealth Rock\n|\n|upkeep\n|turn|2\n|\n|t:|1781402278\n|move|p2a: Archaludon|Body Press|p1a: Piloswine\n|-supereffective|p1a: Piloswine\n|-damage|p1a: Piloswine|59/309\n|move|p1a: Piloswine|Earthquake|p2a: Archaludon\n|-supereffective|p2a: Archaludon\n|-damage|p2a: Archaludon|88/268\n|-ability|p2a: Archaludon|Stamina|boost\n|-boost|p2a: Archaludon|def|1\n|\n|upkeep\n|turn|3\n|\n|t:|1781402291\n|move|p2a: Archaludon|Body Press|p1a: Piloswine\n|-supereffective|p1a: Piloswine\n|-damage|p1a: Piloswine|0 fnt\n|faint|p1a: Piloswine\n|\n|upkeep\n|\n|t:|1781402297\n|switch|p1a: Coalossal|Coalossal, L89, M|341/341\n|turn|4\n|\n|t:|1781402306\n|move|p2a: Archaludon|Body Press|p1a: Coalossal\n|-supereffective|p1a: Coalossal\n|-damage|p1a: Coalossal|203/341\n|move|p1a: Coalossal|Spikes|p2a: Archaludon\n|-sidestart|p2: Kabzoul|Spikes\n|\n|upkeep\n|turn|5\n|\n|t:|1781402314\n|move|p2a: Archaludon|Body Press|p1a: Coalossal\n|-supereffective|p1a: Coalossal\n|-damage|p1a: Coalossal|53/341\n|move|p1a: Coalossal|Flamethrower|p2a: Archaludon\n|-damage|p2a: Archaludon|4/268\n|-status|p2a: Archaludon|brn\n|-ability|p2a: Archaludon|Stamina|boost\n|-boost|p2a: Archaludon|def|1\n|\n|-damage|p2a: Archaludon|0 fnt|[from] brn\n|faint|p2a: Archaludon\n|upkeep\n|\n|t:|1781402344\n|switch|p2a: Mightyena|Mightyena, L96, F|290/290\n|-damage|p2a: Mightyena|254/290|[from] Stealth Rock\n|-damage|p2a: Mightyena|218/290|[from] Spikes\n|-ability|p2a: Mightyena|Intimidate|boost\n|-unboost|p1a: Coalossal|atk|1\n|turn|6\n|\n|t:|1781402353\n|move|p2a: Mightyena|Sucker Punch||[still]\n|-fail|p2a: Mightyena\n|move|p1a: Coalossal|Spikes|p2a: Mightyena\n|-sidestart|p2: Kabzoul|Spikes\n|\n|upkeep\n|turn|7\n|\n|t:|1781402361\n|move|p2a: Mightyena|Crunch|p1a: Coalossal\n|-damage|p1a: Coalossal|0 fnt\n|faint|p1a: Coalossal\n|\n|upkeep\n|\n|t:|1781402369\n|switch|p1a: Sylveon|Sylveon, L85, F|300/300\n|turn|8\n|\n|t:|1781402375\n|move|p2a: Mightyena|Poison Fang|p1a: Sylveon\n|-supereffective|p1a: Sylveon\n|-damage|p1a: Sylveon|192/300\n|-status|p1a: Sylveon|tox\n|move|p1a: Sylveon|Calm Mind|p1a: Sylveon\n|-boost|p1a: Sylveon|spa|1\n|-boost|p1a: Sylveon|spd|1\n|\n|-heal|p1a: Sylveon|210/300 tox|[from] item: Leftovers\n|-damage|p1a: Sylveon|192/300 tox|[from] psn\n|upkeep\n|turn|9\n|\n|t:|1781402386\n|-terastallize|p2a: Mightyena|Poison\n|move|p2a: Mightyena|Poison Fang|p1a: Sylveon\n|-supereffective|p1a: Sylveon\n|-damage|p1a: Sylveon|0 fnt\n|faint|p1a: Sylveon\n|\n|upkeep\n|\n|t:|1781402398\n|switch|p1a: Girafarig|Girafarig, L89, M|269/269\n|turn|10\n|\n|t:|1781402405\n|move|p2a: Mightyena|Sucker Punch|p1a: Girafarig\n|-supereffective|p1a: Girafarig\n|-damage|p1a: Girafarig|117/269\n|move|p1a: Girafarig|Psyshock|p2a: Mightyena\n|-supereffective|p2a: Mightyena\n|-damage|p2a: Mightyena|24/290\n|\n|upkeep\n|turn|11\n|\n|t:|1781402413\n|move|p2a: Mightyena|Sucker Punch|p1a: Girafarig\n|-supereffective|p1a: Girafarig\n|-damage|p1a: Girafarig|0 fnt\n|faint|p1a: Girafarig\n|\n|upkeep\n|-message|UpsideDownTree forfeited.\n|\n|win|Kabzoul\n|raw|UpsideDownTree's rating: 1119 &rarr; <strong>1093</strong><br />(-26 for losing)\n|raw|Kabzoul's rating: 1111 &rarr; <strong>1137</strong><br />(+26 for winning)\n|l|\u2606UpsideDownTree\n|player|p1|\n", "inputlog": ">version a8376a258c1d4662feba110a92103f3664a72141\n>start {\"formatid\":\"gen9randombattle\",\"seed\":\"sodium,acb8ca5401726e3bc28b9775a63583ca\",\"rated\":\"Rated battle\"}\n>player p1 {\"name\":\"UpsideDownTree\",\"avatar\":\"n\",\"rating\":1119,\"seed\":\"sodium,1a16d7ce9e5c550e9b9e96b9085e066f\"}\n>player p2 {\"name\":\"Kabzoul\",\"avatar\":\"lady\",\"rating\":1111,\"seed\":\"sodium,30828a1aa6ebee4e8c34bc448844069a\"}\n>p1 move stealthrock\n>p2 move flashcannon\n>p1 move earthquake\n>p2 move bodypress\n>p1 move earthquake\n>p2 move bodypress\n>p1 switch 2\n>p1 move spikes\n>p2 move bodypress\n>p1 move flamethrower\n>p2 move bodypress\n>p2 switch 2\n>p1 move spikes\n>p2 move suckerpunch\n>p1 move flamethrower\n>p2 move crunch\n>p1 switch 3\n>p1 move calmmind\n>p2 move poisonfang\n>p1 move hypervoice\n>p2 move poisonfang terastallize\n>p1 switch 4\n>p1 move psyshock\n>p2 move suckerpunch\n>p1 move psyshock\n>p2 move suckerpunch\n>forcelose p1", "uploadtime": 1781402431, "views": 4, "formatid": "gen9randombattle", "rating": 1093, "private": 0, "password": null}