{"id": "gen9randombattle-2632020379", "format": "[Gen 9] Random Battle", "players": ["htran", "NitroFire"], "log": "|j|\u2606htran\n|j|\u2606NitroFire\n|t:|1781466724\n|gametype|singles\n|player|p1|htran|lucas|1943\n|player|p2|NitroFire|170|2003\n|gen|9\n|tier|[Gen 9] Random Battle\n|rated|\n|rule|Species Clause: Limit one of each Pok\u00e9mon\n|rule|HP Percentage Mod: HP is shown in percentages\n|rule|Sleep Clause Mod: Limit one foe put to sleep\n|rule|Illusion Level Mod: Illusion disguises the Pok\u00e9mon's true level\n|\n|t:|1781466724\n|teamsize|p1|6\n|teamsize|p2|6\n|start\n|switch|p1a: Banette|Banette, L93, F|270/270\n|switch|p2a: Cetitan|Cetitan, L82, F|412/412\n|turn|1\n|inactive|Battle timer is ON: inactive players will automatically lose when time's up. (requested by htran)\n|\n|t:|1781466747\n|switch|p2a: Overqwil|Overqwil, L82, F|274/274\n|-ability|p2a: Overqwil|Intimidate|boost\n|-unboost|p1a: Banette|atk|1\n|move|p1a: Banette|Swords Dance|p1a: Banette\n|-boost|p1a: Banette|atk|2\n|\n|upkeep\n|turn|2\n|\n|t:|1781466758\n|switch|p1a: Garchomp|Garchomp, L74, F|282/282\n|move|p2a: Overqwil|Crunch|p1a: Garchomp\n|-damage|p1a: Garchomp|146/282\n|-unboost|p1a: Garchomp|def|1\n|-damage|p2a: Overqwil|240/274|[from] ability: Rough Skin|[of] p1a: Garchomp\n|-damage|p2a: Overqwil|195/274|[from] item: Rocky Helmet|[of] p1a: Garchomp\n|-damage|p2a: Overqwil|168/274|[from] item: Life Orb\n|\n|upkeep\n|turn|3\n|\n|t:|1781466776\n|switch|p2a: Sinistcha|Sinistcha-Masterpiece, L83|254/254\n|move|p1a: Garchomp|Stealth Rock|p2a: Sinistcha\n|-sidestart|p2: NitroFire|move: Stealth Rock\n|\n|upkeep\n|turn|4\n|\n|t:|1781466790\n|switch|p1a: Tentacruel|Tentacruel, L84, M|272/272\n|move|p2a: Sinistcha|Matcha Gotcha|p1a: Tentacruel\n|-crit|p1a: Tentacruel\n|-damage|p1a: Tentacruel|194/272\n|-damage|p2a: Sinistcha|215/254|[from] ability: Liquid Ooze|[of] p1a: Tentacruel\n|-status|p1a: Tentacruel|brn\n|\n|-heal|p2a: Sinistcha|230/254|[from] item: Leftovers\n|-damage|p1a: Tentacruel|177/272 brn|[from] brn\n|upkeep\n|turn|5\n|inactive|NitroFire has 120 seconds left.\n|inactive|NitroFire has 90 seconds left.\n|\n|t:|1781466858\n|move|p1a: Tentacruel|Knock Off|p2a: Sinistcha\n|-supereffective|p2a: Sinistcha\n|-damage|p2a: Sinistcha|183/254\n|-enditem|p2a: Sinistcha|Leftovers|[from] move: Knock Off|[of] p1a: Tentacruel\n|move|p2a: Sinistcha|Calm Mind|p2a: Sinistcha\n|-boost|p2a: Sinistcha|spa|1\n|-boost|p2a: Sinistcha|spd|1\n|\n|-damage|p1a: Tentacruel|160/272 brn|[from] brn\n|upkeep\n|turn|6\n|inactive|NitroFire has 90 seconds left.\n|\n|t:|1781466868\n|move|p1a: Tentacruel|Sludge Bomb|p2a: Sinistcha\n|-damage|p2a: Sinistcha|125/254\n|move|p2a: Sinistcha|Shadow Ball|p1a: Tentacruel\n|-damage|p1a: Tentacruel|78/272 brn\n|-unboost|p1a: Tentacruel|spd|1\n|\n|-damage|p1a: Tentacruel|61/272 brn|[from] brn\n|upkeep\n|turn|7\n|\n|t:|1781466875\n|move|p1a: Tentacruel|Sludge Bomb|p2a: Sinistcha\n|-damage|p2a: Sinistcha|67/254\n|move|p2a: Sinistcha|Strength Sap|p1a: Tentacruel\n|-unboost|p1a: Tentacruel|atk|1\n|-damage|p2a: Sinistcha|0 fnt|[from] ability: Liquid Ooze|[of] p1a: Tentacruel\n|faint|p2a: Sinistcha\n|\n|-damage|p1a: Tentacruel|44/272 brn|[from] brn\n|upkeep\n|inactive|NitroFire has 90 seconds left.\n|\n|t:|1781466888\n|switch|p2a: Miraidon|Miraidon, L65|219/219\n|-damage|p2a: Miraidon|192/219|[from] Stealth Rock\n|turn|8\n|\n|t:|1781466902\n|move|p2a: Miraidon|Bitter Malice|p1a: Tentacruel\n|-damage|p1a: Tentacruel|0 fnt\n|faint|p1a: Tentacruel\n|\n|upkeep\n|\n|t:|1781466913\n|switch|p1a: Haxorus|Haxorus, L77, M|244/244\n|-ability|p1a: Haxorus|Mold Breaker\n|turn|9\n|\n|t:|1781466937\n|move|p2a: Miraidon|Bitter Malice|p1a: Haxorus\n|-damage|p1a: Haxorus|78/244\n|-unboost|p1a: Haxorus|atk|1\n|move|p1a: Haxorus|Dragon Dance|p1a: Haxorus\n|-boost|p1a: Haxorus|atk|1\n|-boost|p1a: Haxorus|spe|1\n|\n|upkeep\n|turn|10\n|\n|t:|1781466949\n|switch|p2a: Overqwil|Overqwil, L82, F|168/274\n|-damage|p2a: Overqwil|134/274|[from] Stealth Rock\n|-ability|p2a: Overqwil|Intimidate|boost\n|-unboost|p1a: Haxorus|atk|1\n|move|p1a: Haxorus|Iron Head|p2a: Overqwil\n|-damage|p2a: Overqwil|87/274\n|\n|upkeep\n|turn|11\n|\n|t:|1781466964\n|move|p1a: Haxorus|Close Combat|p2a: Overqwil\n|-damage|p2a: Overqwil|25/274\n|-unboost|p1a: Haxorus|def|1\n|-unboost|p1a: Haxorus|spd|1\n|move|p2a: Overqwil|Crunch|p1a: Haxorus\n|-damage|p1a: Haxorus|0 fnt\n|faint|p1a: Haxorus\n|-damage|p2a: Overqwil|0 fnt|[from] item: Life Orb\n|faint|p2a: Overqwil\n|\n|upkeep\n|inactive|NitroFire has 90 seconds left.\n|\n|t:|1781467003\n|switch|p1a: Garchomp|Garchomp, L74, F|146/282\n|switch|p2a: Miraidon|Miraidon, L65|238/238\n|-damage|p2a: Miraidon|209/238|[from] Stealth Rock\n|-fieldstart|move: Electric Terrain|[from] ability: Hadron Engine|[of] p2a: Miraidon\n|turn|12\n|\n|t:|1781467008\n|switch|p1a: Slowking|Slowking-Galar, L85, M|300/300\n|move|p2a: Miraidon|Draco Meteor|p1a: Slowking\n|-damage|p1a: Slowking|167/300\n|-unboost|p2a: Miraidon|spa|2\n|\n|upkeep\n|turn|13\n|inactive|NitroFire has 90 seconds left.\n|\n|t:|1781467017\n|switch|p2a: Cetitan|Cetitan, L82, F|412/412\n|-damage|p2a: Cetitan|309/412|[from] Stealth Rock\n|move|p1a: Slowking|Sludge Bomb|p2a: Cetitan\n|-damage|p2a: Cetitan|161/412\n|-status|p2a: Cetitan|psn\n|-enditem|p2a: Cetitan|Sitrus Berry|[eat]\n|-heal|p2a: Cetitan|264/412 psn|[from] item: Sitrus Berry\n|\n|-damage|p2a: Cetitan|213/412 psn|[from] psn\n|upkeep\n|turn|14\n|\n|t:|1781467027\n|switch|p1a: Rotom|Rotom-Wash, L82|216/216\n|move|p2a: Cetitan|Earthquake|p1a: Rotom\n|-immune|p1a: Rotom|[from] ability: Levitate\n|\n|-damage|p2a: Cetitan|162/412 psn|[from] psn\n|upkeep\n|turn|15\n|\n|t:|1781467038\n|switch|p2a: Miraidon|Miraidon, L65|209/238\n|-damage|p2a: Miraidon|180/238|[from] Stealth Rock\n|-activate|p2a: Miraidon|ability: Hadron Engine\n|move|p1a: Rotom|Hydro Pump|p2a: Miraidon\n|-resisted|p2a: Miraidon\n|-damage|p2a: Miraidon|114/238\n|\n|upkeep\n|turn|16\n|\n|t:|1781467052\n|switch|p1a: Slowking|Slowking-Galar, L85, M|267/300\n|move|p2a: Miraidon|Electro Drift|p1a: Slowking\n|-damage|p1a: Slowking|134/300\n|\n|-fieldend|move: Electric Terrain\n|upkeep\n|turn|17\n|\n|t:|1781467069\n|switch|p1a: Garchomp|Garchomp, L74, F|146/282\n|-terastallize|p2a: Miraidon|Electric\n|move|p2a: Miraidon|Electro Drift|p1a: Garchomp\n|-immune|p1a: Garchomp\n|\n|upkeep\n|turn|18\n|\n|t:|1781467077\n|switch|p2a: Cetitan|Cetitan, L82, F|162/412 psn\n|-damage|p2a: Cetitan|59/412 psn|[from] Stealth Rock\n|move|p1a: Garchomp|Spikes|p2a: Cetitan\n|-sidestart|p2: NitroFire|Spikes\n|\n|-damage|p2a: Cetitan|8/412 psn|[from] psn\n|upkeep\n|turn|19\n|\n|t:|1781467082\n|switch|p1a: Rotom|Rotom-Wash, L82|216/216\n|move|p2a: Cetitan|Ice Spinner|p1a: Rotom\n|-resisted|p1a: Rotom\n|-damage|p1a: Rotom|174/216\n|\n|-heal|p1a: Rotom|187/216|[from] item: Leftovers\n|-damage|p2a: Cetitan|0 fnt|[from] psn\n|faint|p2a: Cetitan\n|upkeep\n|\n|t:|1781467088\n|switch|p2a: Vivillon|Vivillon-Icy Snow, L83, M|192/219\n|-damage|p2a: Vivillon|165/219|[from] Stealth Rock\n|-damage|p2a: Vivillon|138/219|[from] Spikes\n|turn|20\n|\n|t:|1781467099\n|move|p2a: Vivillon|Bitter Malice|p1a: Rotom\n|-damage|p1a: Rotom|64/216\n|-unboost|p1a: Rotom|atk|1\n|move|p1a: Rotom|Thunderbolt|p2a: Vivillon\n|-damage|p2a: Vivillon|11/219\n|replace|p2a: Zoroark|Zoroark-Hisui, L80, F\n|-end|p2a: Zoroark|Illusion\n|-hint|Illusion Level Mod is active, so this Pok\u00e9mon's true level was hidden.\n|\n|-heal|p1a: Rotom|77/216|[from] item: Leftovers\n|upkeep\n|turn|21\n|\n|t:|1781467107\n|switch|p1a: Garchomp|Garchomp, L74, F|146/282\n|move|p2a: Zoroark|Bitter Malice|p1a: Garchomp\n|-damage|p1a: Garchomp|0 fnt\n|faint|p1a: Garchomp\n|\n|upkeep\n|\n|t:|1781467120\n|switch|p1a: Slowking|Slowking-Galar, L85, M|234/300\n|turn|22\n|inactive|NitroFire has 120 seconds left.\n|\n|t:|1781467136\n|move|p2a: Zoroark|Bitter Malice|p1a: Slowking\n|-supereffective|p1a: Slowking\n|-damage|p1a: Slowking|82/300\n|-unboost|p1a: Slowking|atk|1\n|move|p1a: Slowking|Surf|p2a: Zoroark\n|-damage|p2a: Zoroark|0 fnt\n|faint|p2a: Zoroark\n|\n|upkeep\n|\n|t:|1781467156\n|switch|p2a: Miraidon|Miraidon, L65, tera:Electric|114/238\n|-damage|p2a: Miraidon|85/238|[from] Stealth Rock\n|-damage|p2a: Miraidon|56/238|[from] Spikes\n|-fieldstart|move: Electric Terrain|[from] ability: Hadron Engine|[of] p2a: Miraidon\n|turn|23\n|\n|t:|1781467162\n|switch|p1a: Rotom|Rotom-Wash, L82|77/216\n|move|p2a: Miraidon|Electro Drift|p1a: Rotom\n|-damage|p1a: Rotom|0 fnt\n|faint|p1a: Rotom\n|\n|upkeep\n|\n|t:|1781467164\n|switch|p1a: Banette|Banette, L93, F|270/270\n|turn|24\n|\n|t:|1781467167\n|-terastallize|p1a: Banette|Ghost\n|move|p1a: Banette|Shadow Sneak|p2a: Miraidon\n|-damage|p2a: Miraidon|0 fnt\n|faint|p2a: Miraidon\n|-damage|p1a: Banette|243/270|[from] item: Life Orb\n|\n|upkeep\n|\n|t:|1781467170\n|switch|p2a: Vivillon|Vivillon-Icy Snow, L83, M|268/268\n|turn|25\n|\n|t:|1781467174\n|move|p2a: Vivillon|Hurricane|p1a: Banette\n|-damage|p1a: Banette|117/270\n|-start|p1a: Banette|confusion\n|-activate|p1a: Banette|confusion\n|move|p1a: Banette|Poltergeist|p2a: Vivillon|[miss]\n|-miss|p1a: Banette|p2a: Vivillon\n|\n|upkeep\n|turn|26\n|\n|t:|1781467180\n|move|p2a: Vivillon|Hurricane|p1a: Banette\n|-damage|p1a: Banette|0 fnt\n|faint|p1a: Banette\n|\n|upkeep\n|-message|htran forfeited.\n|\n|win|NitroFire\n", "inputlog": ">version a8376a258c1d4662feba110a92103f3664a72141\n>start {\"formatid\":\"gen9randombattle\",\"seed\":\"sodium,d38b17face2a88eeae8e4adf55da6eef\",\"rated\":\"Rated battle\"}\n>player p1 {\"name\":\"htran\",\"avatar\":\"lucas\",\"rating\":1943,\"seed\":\"sodium,51f252ad956416ce29944b72c3f997c3\"}\n>player p2 {\"name\":\"NitroFire\",\"avatar\":\"170\",\"rating\":2003,\"seed\":\"sodium,581e685cbf749b5f66b21885a4e5952a\"}\n>p1 move swordsdance\n>p2 switch 2\n>p1 switch 2\n>p2 move crunch\n>p1 move stealthrock\n>p2 switch 4\n>p1 switch 5\n>p2 move matchagotcha\n>p1 move knockoff\n>p2 move calmmind\n>p1 move sludgebomb\n>p2 move shadowball\n>p1 move sludgebomb\n>p2 move strengthsap\n>p2 switch 3\n>p1 move knockoff\n>p2 move bittermalice\n>p1 switch 6\n>p1 move dragondance\n>p2 move bittermalice\n>p1 move ironhead\n>p2 switch 4\n>p1 move closecombat\n>p2 move crunch\n>p1 switch 5\n>p2 switch 6\n>p1 switch 3\n>p2 move dracometeor\n>p1 move sludgebomb\n>p2 switch 2\n>p1 switch 4\n>p2 move earthquake\n>p1 move hydropump\n>p2 switch 2\n>p1 switch 4\n>p2 move electrodrift\n>p1 switch 3\n>p2 move electrodrift terastallize\n>p1 move spikes\n>p2 switch 2\n>p1 switch 4\n>p2 move icespinner\n>p2 switch 4\n>p1 move thunderbolt\n>p2 move bittermalice\n>p1 switch 4\n>p2 move bittermalice\n>p1 switch 3\n>p1 move surf\n>p2 move bittermalice\n>p2 switch 2\n>p1 switch 4\n>p2 move electrodrift\n>p1 switch 2\n>p1 move shadowsneak terastallize\n>p2 move electrodrift\n>p2 switch 5\n>p1 move poltergeist\n>p2 move hurricane\n>p1 move poltergeist\n>p2 move hurricane\n>forcelose p1", "uploadtime": 1781466725, "views": 7, "formatid": "gen9randombattle", "rating": null, "private": 0, "password": null}