{"id": "gen9randombattle-2631583036", "format": "[Gen 9] Random Battle", "players": ["MandoWarrior", "SZSoo"], "log": "|j|\u2606MandoWarrior\n|j|\u2606SZSoo\n|t:|1781404503\n|gametype|singles\n|player|p1|MandoWarrior|giovanni|2089\n|player|p2|SZSoo|swimmer-gen4|2112\n|gen|9\n|tier|[Gen 9] Random Battle\n|rated|\n|rule|Species Clause: Limit one of each Pok\u00e9mon\n|rule|HP Percentage Mod: HP is shown in percentages\n|rule|Sleep Clause Mod: Limit one foe put to sleep\n|rule|Illusion Level Mod: Illusion disguises the Pok\u00e9mon's true level\n|\n|t:|1781404503\n|teamsize|p1|6\n|teamsize|p2|6\n|start\n|switch|p1a: Latios|Latios, L78, M|253/253\n|switch|p2a: Beartic|Beartic, L91, M|321/321\n|turn|1\n|inactive|Battle timer is ON: inactive players will automatically lose when time's up. (requested by MandoWarrior)\n|inactive|SZSoo also wants the timer to be on.\n|\n|t:|1781404527\n|move|p1a: Latios|Flip Turn|p2a: Beartic\n|-damage|p2a: Beartic|284/321\n|\n|t:|1781404529\n|switch|p1a: Jirachi|Jirachi, L80|291/291|[from] Flip Turn\n|move|p2a: Beartic|Icicle Crash|p1a: Jirachi\n|-resisted|p1a: Jirachi\n|-damage|p1a: Jirachi|231/291\n|\n|-heal|p1a: Jirachi|249/291|[from] item: Leftovers\n|upkeep\n|turn|2\n|\n|t:|1781404552\n|switch|p2a: Ursaluna|Ursaluna, L79, M|335/335\n|move|p1a: Jirachi|Stealth Rock|p2a: Ursaluna\n|-sidestart|p2: SZSoo|move: Stealth Rock\n|\n|-heal|p1a: Jirachi|267/291|[from] item: Leftovers\n|-status|p2a: Ursaluna|brn|[from] item: Flame Orb\n|upkeep\n|turn|3\n|\n|t:|1781404565\n|switch|p1a: Hydrapple|Hydrapple, L83, M|312/312\n|move|p2a: Ursaluna|Headlong Rush|p1a: Hydrapple\n|-resisted|p1a: Hydrapple\n|-damage|p1a: Hydrapple|221/312\n|-unboost|p2a: Ursaluna|def|1\n|-unboost|p2a: Ursaluna|spd|1\n|\n|-damage|p2a: Ursaluna|315/335 brn|[from] brn\n|upkeep\n|turn|4\n|\n|t:|1781404569\n|move|p2a: Ursaluna|Facade|p1a: Hydrapple\n|-damage|p1a: Hydrapple|8/312\n|move|p1a: Hydrapple|Giga Drain|p2a: Ursaluna\n|-supereffective|p2a: Ursaluna\n|-damage|p2a: Ursaluna|0 fnt\n|-heal|p1a: Hydrapple|166/312|[from] drain|[of] p2a: Ursaluna\n|faint|p2a: Ursaluna\n|-damage|p1a: Hydrapple|135/312|[from] item: Life Orb\n|\n|upkeep\n|\n|t:|1781404574\n|switch|p2a: Cinderace|Cinderace, L77, F|249/249\n|-damage|p2a: Cinderace|187/249|[from] Stealth Rock\n|turn|5\n|\n|t:|1781404585\n|switch|p1a: Latios|Latios, L78, M|253/253\n|move|p2a: Cinderace|U-turn|p1a: Latios\n|-start|p2a: Cinderace|typechange|Bug|[from] ability: Libero\n|-supereffective|p1a: Latios\n|-damage|p1a: Latios|13/253\n|\n|t:|1781404593\n|switch|p2a: Beartic|Beartic, L91, M|284/321|[from] U-turn\n|\n|upkeep\n|turn|6\n|\n|t:|1781404596\n|switch|p1a: Jirachi|Jirachi, L80|267/291\n|move|p2a: Beartic|Swords Dance|p2a: Beartic\n|-boost|p2a: Beartic|atk|2\n|\n|-heal|p1a: Jirachi|285/291|[from] item: Leftovers\n|upkeep\n|turn|7\n|\n|t:|1781404599\n|move|p1a: Jirachi|Iron Head|p2a: Beartic\n|-supereffective|p2a: Beartic\n|-damage|p2a: Beartic|132/321\n|cant|p2a: Beartic|flinch\n|\n|-heal|p1a: Jirachi|291/291|[from] item: Leftovers\n|upkeep\n|turn|8\n|\n|t:|1781404610\n|move|p2a: Beartic|Aqua Jet|p1a: Jirachi\n|-damage|p1a: Jirachi|205/291\n|move|p1a: Jirachi|Iron Head|p2a: Beartic\n|-supereffective|p2a: Beartic\n|-damage|p2a: Beartic|0 fnt\n|faint|p2a: Beartic\n|\n|-heal|p1a: Jirachi|223/291|[from] item: Leftovers\n|upkeep\n|\n|t:|1781404614\n|switch|p2a: Cinderace|Cinderace, L77, F|187/249\n|-damage|p2a: Cinderace|125/249|[from] Stealth Rock\n|turn|9\n|\n|t:|1781404619\n|switch|p1a: Latios|Latios, L78, M|13/253\n|move|p2a: Cinderace|Pyro Ball|p1a: Latios\n|-resisted|p1a: Latios\n|-damage|p1a: Latios|0 fnt\n|faint|p1a: Latios\n|\n|upkeep\n|\n|t:|1781404622\n|switch|p1a: Darkrai|Darkrai, L77|234/234\n|turn|10\n|\n|t:|1781404630\n|move|p1a: Darkrai|Dark Pulse|p2a: Cinderace\n|-damage|p2a: Cinderace|0 fnt\n|faint|p2a: Cinderace\n|-damage|p1a: Darkrai|211/234|[from] item: Life Orb\n|\n|upkeep\n|\n|t:|1781404658\n|switch|p2a: Oricorio|Oricorio-Sensu, L85, M|266/266\n|turn|11\n|\n|t:|1781404673\n|-terastallize|p2a: Oricorio|Fighting\n|move|p1a: Darkrai|Hypnosis|p2a: Oricorio\n|-status|p2a: Oricorio|slp|[from] move: Hypnosis\n|cant|p2a: Oricorio|slp\n|\n|-damage|p2a: Oricorio|233/266 slp|[from] ability: Bad Dreams|[of] p1a: Darkrai\n|upkeep\n|turn|12\n|\n|t:|1781404684\n|switch|p1a: Fezandipiti|Fezandipiti, L82, M|278/278\n|-curestatus|p2a: Oricorio|slp|[msg]\n|move|p2a: Oricorio|Quiver Dance|p2a: Oricorio\n|-boost|p2a: Oricorio|spa|1\n|-boost|p2a: Oricorio|spd|1\n|-boost|p2a: Oricorio|spe|1\n|\n|upkeep\n|turn|13\n|\n|t:|1781404688\n|move|p2a: Oricorio|Hurricane|p1a: Fezandipiti\n|-damage|p1a: Fezandipiti|139/278\n|move|p1a: Fezandipiti|Play Rough|p2a: Oricorio\n|-supereffective|p2a: Oricorio\n|-damage|p2a: Oricorio|45/266\n|\n|-heal|p1a: Fezandipiti|156/278|[from] item: Leftovers\n|upkeep\n|turn|14\n|\n|t:|1781404695\n|move|p2a: Oricorio|Hurricane|p1a: Fezandipiti\n|-damage|p1a: Fezandipiti|8/278\n|-start|p1a: Fezandipiti|confusion\n|-activate|p1a: Fezandipiti|confusion\n|move|p1a: Fezandipiti|Play Rough|p2a: Oricorio\n|-supereffective|p2a: Oricorio\n|-damage|p2a: Oricorio|0 fnt\n|faint|p2a: Oricorio\n|\n|-heal|p1a: Fezandipiti|25/278|[from] item: Leftovers\n|upkeep\n|\n|t:|1781404701\n|switch|p2a: Spectrier|Spectrier, L75|274/274\n|-damage|p2a: Spectrier|240/274|[from] Stealth Rock\n|turn|15\n|\n|t:|1781404711\n|move|p2a: Spectrier|Shadow Ball|p1a: Fezandipiti\n|-damage|p1a: Fezandipiti|0 fnt\n|faint|p1a: Fezandipiti\n|-ability|p2a: Spectrier|Grim Neigh|boost\n|-boost|p2a: Spectrier|spa|1\n|-damage|p2a: Spectrier|213/274|[from] item: Life Orb\n|\n|upkeep\n|\n|t:|1781404714\n|switch|p1a: Darkrai|Darkrai, L77|211/234\n|turn|16\n|\n|t:|1781404717\n|-terastallize|p1a: Darkrai|Poison\n|move|p2a: Spectrier|Will-O-Wisp|p1a: Darkrai\n|-status|p1a: Darkrai|brn\n|move|p1a: Darkrai|Dark Pulse|p2a: Spectrier\n|-supereffective|p2a: Spectrier\n|-damage|p2a: Spectrier|0 fnt\n|faint|p2a: Spectrier\n|-damage|p1a: Darkrai|188/234 brn|[from] item: Life Orb\n|\n|-damage|p1a: Darkrai|174/234 brn|[from] brn\n|upkeep\n|\n|t:|1781404723\n|switch|p2a: Indeedee|Indeedee-F, L90, F|272/272\n|-damage|p2a: Indeedee|238/272|[from] Stealth Rock\n|-fieldstart|move: Psychic Terrain|[from] ability: Psychic Surge|[of] p2a: Indeedee\n|turn|17\n|\n|t:|1781404726\n|move|p1a: Darkrai|Dark Pulse|p2a: Indeedee\n|-supereffective|p2a: Indeedee\n|-damage|p2a: Indeedee|51/272\n|-damage|p1a: Darkrai|151/234 brn|[from] item: Life Orb\n|move|p2a: Indeedee|Psyshock|p1a: Darkrai\n|-supereffective|p1a: Darkrai\n|-damage|p1a: Darkrai|0 fnt\n|faint|p1a: Darkrai\n|-damage|p2a: Indeedee|24/272|[from] item: Life Orb\n|\n|upkeep\n|\n|t:|1781404729\n|switch|p1a: Jirachi|Jirachi, L80|223/291\n|turn|18\n|\n|t:|1781404733\n|move|p1a: Jirachi|Iron Head|p2a: Indeedee\n|-damage|p2a: Indeedee|0 fnt\n|faint|p2a: Indeedee\n|\n|win|MandoWarrior\n", "inputlog": ">version a8376a258c1d4662feba110a92103f3664a72141\n>start {\"formatid\":\"gen9randombattle\",\"seed\":\"sodium,8eb5d629dc61d60d19cfb3dd35a1d0b0\",\"rated\":\"Rated battle\"}\n>player p1 {\"name\":\"MandoWarrior\",\"avatar\":\"giovanni\",\"rating\":2089,\"seed\":\"sodium,40b20c75047c60f28efaaf7431f2ce38\"}\n>player p2 {\"name\":\"SZSoo\",\"avatar\":\"swimmer-gen4\",\"rating\":2112,\"seed\":\"sodium,3a8a8a7a12582593116fbf5486096262\"}\n>p1 move flipturn\n>p2 move iciclecrash\n>p1 switch 2\n>p1 move stealthrock\n>p2 switch 3\n>p1 switch 4\n>p2 move headlongrush\n>p1 move gigadrain\n>p2 move facade\n>p2 switch 6\n>p1 switch 2\n>p2 move uturn\n>p2 switch 3\n>p1 switch 4\n>p2 move swordsdance\n>p1 move ironhead\n>p2 move earthquake\n>p1 move ironhead\n>p2 move aquajet\n>p2 switch 3\n>p1 switch 4\n>p2 move pyroball\n>p1 switch 6\n>p1 move darkpulse\n>p2 move pyroball\n>p2 switch 4\n>p1 move hypnosis\n>p2 move quiverdance terastallize\n>p1 switch 3\n>p2 move quiverdance\n>p1 move playrough\n>p2 move hurricane\n>p1 move playrough\n>p2 move hurricane\n>p2 switch 5\n>p1 move playrough\n>p2 move shadowball\n>p1 switch 3\n>p1 move darkpulse terastallize\n>p2 move willowisp\n>p2 switch 2\n>p1 move darkpulse\n>p2 move psyshock\n>p1 switch 4\n>p1 move ironhead\n>p2 move hypervoice", "uploadtime": 1781404505, "views": 6, "formatid": "gen9randombattle", "rating": null, "private": 0, "password": null}