{"id": "gen9randombattle-2631999520", "format": "[Gen 9] Random Battle", "players": ["Shaka_gs", "joscake"], "log": "|j|\u2606Shaka_gs\n|j|\u2606joscake\n|t:|1781464434\n|gametype|singles\n|player|p1|Shaka_gs|265|1440\n|player|p2|joscake|ethan|1432\n|gen|9\n|tier|[Gen 9] Random Battle\n|rated|\n|rule|Species Clause: Limit one of each Pok\u00e9mon\n|rule|HP Percentage Mod: HP is shown in percentages\n|rule|Sleep Clause Mod: Limit one foe put to sleep\n|rule|Illusion Level Mod: Illusion disguises the Pok\u00e9mon's true level\n|\n|t:|1781464434\n|teamsize|p1|6\n|teamsize|p2|6\n|start\n|switch|p1a: Mimikyu|Mimikyu, L79, F|216/216\n|switch|p2a: Chi-Yu|Chi-Yu, L77|211/211\n|-ability|p2a: Chi-Yu|Beads of Ruin\n|turn|1\n|inactive|Battle timer is ON: inactive players will automatically lose when time's up. (requested by joscake)\n|\n|t:|1781464452\n|move|p2a: Chi-Yu|Dark Pulse|p1a: Mimikyu\n|-activate|p1a: Mimikyu|ability: Disguise\n|-damage|p1a: Mimikyu|216/216\n|detailschange|p1a: Mimikyu|Mimikyu-Busted, L79, F\n|-damage|p1a: Mimikyu|189/216|[from] pokemon: Mimikyu-Busted\n|move|p1a: Mimikyu|Swords Dance|p1a: Mimikyu\n|-boost|p1a: Mimikyu|atk|2\n|\n|upkeep\n|turn|2\n|\n|t:|1781464463\n|move|p2a: Chi-Yu|Fire Blast|p1a: Mimikyu\n|-damage|p1a: Mimikyu|36/216\n|move|p1a: Mimikyu|Drain Punch|p2a: Chi-Yu\n|-supereffective|p2a: Chi-Yu\n|-damage|p2a: Chi-Yu|0 fnt\n|-heal|p1a: Mimikyu|142/216|[from] drain|[of] p2a: Chi-Yu\n|faint|p2a: Chi-Yu\n|-damage|p1a: Mimikyu|121/216|[from] item: Life Orb\n|\n|upkeep\n|\n|t:|1781464478\n|switch|p2a: Magcargo|Magcargo, L95, M|268/268\n|turn|3\n|\n|t:|1781464487\n|-terastallize|p2a: Magcargo|Grass\n|move|p1a: Mimikyu|Drain Punch|p2a: Magcargo\n|-damage|p2a: Magcargo|189/268\n|-heal|p1a: Mimikyu|161/216|[from] drain|[of] p2a: Magcargo\n|-damage|p1a: Mimikyu|140/216|[from] item: Life Orb\n|move|p2a: Magcargo|Lava Plume|p1a: Mimikyu\n|-damage|p1a: Mimikyu|40/216\n|-status|p1a: Mimikyu|brn\n|\n|-damage|p1a: Mimikyu|27/216 brn|[from] brn\n|upkeep\n|turn|4\n|\n|t:|1781464503\n|move|p1a: Mimikyu|Play Rough|p2a: Magcargo\n|-damage|p2a: Magcargo|119/268\n|-damage|p1a: Mimikyu|6/216 brn|[from] item: Life Orb\n|move|p2a: Magcargo|Recover|p2a: Magcargo\n|-heal|p2a: Magcargo|253/268\n|\n|-damage|p1a: Mimikyu|0 fnt|[from] brn\n|faint|p1a: Mimikyu\n|upkeep\n|\n|t:|1781464522\n|switch|p1a: Palossand|Palossand, L89, M|296/296\n|turn|5\n|\n|t:|1781464532\n|move|p1a: Palossand|Sludge Bomb|p2a: Magcargo\n|-supereffective|p2a: Magcargo\n|-damage|p2a: Magcargo|119/268\n|-status|p2a: Magcargo|psn\n|move|p2a: Magcargo|Yawn|p1a: Palossand\n|-start|p1a: Palossand|move: Yawn|[of] p2a: Magcargo\n|\n|-damage|p2a: Magcargo|86/268 psn|[from] psn\n|upkeep\n|turn|6\n|\n|t:|1781464549\n|switch|p1a: Greninja|Greninja, L80, M|246/246\n|switch|p2a: Whiscash|Whiscash, L88, F|337/337\n|\n|upkeep\n|turn|7\n|\n|t:|1781464560\n|move|p1a: Greninja|Grass Knot|p2a: Whiscash\n|-start|p1a: Greninja|typechange|Grass|[from] ability: Protean\n|-supereffective|p2a: Whiscash\n|-damage|p2a: Whiscash|119/337\n|-damage|p1a: Greninja|222/246|[from] item: Life Orb\n|move|p2a: Whiscash|Dragon Dance|p2a: Whiscash\n|-boost|p2a: Whiscash|atk|1\n|-boost|p2a: Whiscash|spe|1\n|\n|upkeep\n|turn|8\n|\n|t:|1781464571\n|switch|p2a: Magcargo|Magcargo, L95, M, tera:Grass|86/268 psn\n|move|p1a: Greninja|Grass Knot|p2a: Magcargo\n|-resisted|p2a: Magcargo\n|-damage|p2a: Magcargo|34/268 psn\n|-damage|p1a: Greninja|198/246|[from] item: Life Orb\n|\n|-damage|p2a: Magcargo|1/268 psn|[from] psn\n|upkeep\n|turn|9\n|\n|t:|1781464581\n|move|p1a: Greninja|Spikes|p2a: Magcargo\n|-sidestart|p2: joscake|Spikes\n|move|p2a: Magcargo|Lava Plume|p1a: Greninja\n|-supereffective|p1a: Greninja\n|-damage|p1a: Greninja|0 fnt\n|faint|p1a: Greninja\n|\n|-damage|p2a: Magcargo|0 fnt|[from] psn\n|faint|p2a: Magcargo\n|upkeep\n|inactive|Shaka_gs has 120 seconds left.\n|\n|t:|1781464603\n|switch|p1a: Furret|Furret, L94, F|312/312\n|switch|p2a: Whiscash|Whiscash, L88, F|119/337\n|-item|p2a: Whiscash|Life Orb|[from] ability: Frisk|[of] p1a: Furret\n|-damage|p2a: Whiscash|77/337|[from] Spikes\n|turn|10\n|\n|t:|1781464631\n|move|p1a: Furret|Knock Off|p2a: Whiscash\n|-damage|p2a: Whiscash|0 fnt\n|-enditem|p2a: Whiscash|Life Orb|[from] move: Knock Off|[of] p1a: Furret\n|faint|p2a: Whiscash\n|\n|upkeep\n|\n|t:|1781464638\n|switch|p2a: Gurdurr|Gurdurr, L85, M|283/283\n|-damage|p2a: Gurdurr|248/283|[from] Spikes\n|turn|11\n|inactive|Shaka_gs has 120 seconds left.\n|\n|t:|1781464654\n|move|p1a: Furret|Knock Off|p2a: Gurdurr\n|-resisted|p2a: Gurdurr\n|-damage|p2a: Gurdurr|212/283\n|-enditem|p2a: Gurdurr|Eviolite|[from] move: Knock Off|[of] p1a: Furret\n|move|p2a: Gurdurr|Knock Off|p1a: Furret\n|-damage|p1a: Furret|223/312\n|-enditem|p1a: Furret|Choice Band|[from] move: Knock Off|[of] p2a: Gurdurr\n|\n|upkeep\n|turn|12\n|\n|t:|1781464665\n|move|p1a: Furret|U-turn|p2a: Gurdurr\n|-resisted|p2a: Gurdurr\n|-damage|p2a: Gurdurr|187/283\n|\n|t:|1781464668\n|switch|p1a: Palossand|Palossand, L89, M|296/296|[from] U-turn\n|move|p2a: Gurdurr|Bulk Up|p2a: Gurdurr\n|-boost|p2a: Gurdurr|atk|1\n|-boost|p2a: Gurdurr|def|1\n|\n|upkeep\n|turn|13\n|inactive|Shaka_gs has 120 seconds left.\n|\n|t:|1781464679\n|move|p2a: Gurdurr|Knock Off|p1a: Palossand\n|-supereffective|p1a: Palossand\n|-damage|p1a: Palossand|128/296\n|-enditem|p1a: Palossand|Leftovers|[from] move: Knock Off|[of] p2a: Gurdurr\n|move|p1a: Palossand|Earth Power|p2a: Gurdurr\n|-damage|p2a: Gurdurr|31/283\n|\n|upkeep\n|turn|14\n|inactive|Shaka_gs has 120 seconds left.\n|\n|t:|1781464700\n|move|p2a: Gurdurr|Knock Off|p1a: Palossand\n|-supereffective|p1a: Palossand\n|-damage|p1a: Palossand|8/296\n|move|p1a: Palossand|Earth Power|p2a: Gurdurr\n|-damage|p2a: Gurdurr|0 fnt\n|faint|p2a: Gurdurr\n|\n|upkeep\n|\n|t:|1781464712\n|switch|p2a: Haxorus|Haxorus, L77, M|244/244\n|-damage|p2a: Haxorus|214/244|[from] Spikes\n|-ability|p2a: Haxorus|Mold Breaker\n|turn|15\n|\n|t:|1781464718\n|move|p2a: Haxorus|Dragon Dance|p2a: Haxorus\n|-boost|p2a: Haxorus|atk|1\n|-boost|p2a: Haxorus|spe|1\n|move|p1a: Palossand|Shore Up|p1a: Palossand\n|-heal|p1a: Palossand|156/296\n|\n|upkeep\n|turn|16\n|inactive|Shaka_gs has 120 seconds left.\n|\n|t:|1781464726\n|move|p2a: Haxorus|Outrage|p1a: Palossand\n|-damage|p1a: Palossand|0 fnt\n|faint|p1a: Palossand\n|\n|upkeep\n|inactive|Shaka_gs has 120 seconds left.\n|\n|t:|1781464735\n|switch|p1a: Iron Valiant|Iron Valiant, L78|244/244\n|turn|17\n|\n|t:|1781464738\n|move|p2a: Haxorus|Outrage|p1a: Iron Valiant|[from] lockedmove\n|-immune|p1a: Iron Valiant\n|-start|p2a: Haxorus|confusion|[fatigue]\n|-enditem|p2a: Haxorus|Lum Berry|[eat]\n|-end|p2a: Haxorus|confusion\n|move|p1a: Iron Valiant|Swords Dance|p1a: Iron Valiant\n|-boost|p1a: Iron Valiant|atk|2\n|\n|upkeep\n|turn|18\n|\n|t:|1781464756\n|move|p2a: Haxorus|Iron Head|p1a: Iron Valiant\n|-supereffective|p1a: Iron Valiant\n|-damage|p1a: Iron Valiant|26/244\n|move|p1a: Iron Valiant|Knock Off|p2a: Haxorus\n|-damage|p2a: Haxorus|65/244\n|-damage|p1a: Iron Valiant|2/244|[from] item: Life Orb\n|\n|upkeep\n|turn|19\n|inactive|Shaka_gs has 120 seconds left.\n|\n|t:|1781464778\n|-end|p1a: Iron Valiant|Quark Drive|[silent]\n|switch|p1a: Furret|Furret, L94, F|223/312\n|move|p2a: Haxorus|Iron Head|p1a: Furret\n|-damage|p1a: Furret|115/312\n|\n|upkeep\n|turn|20\n|inactive|Shaka_gs has 120 seconds left.\n|\n|t:|1781464803\n|move|p2a: Haxorus|Close Combat|p1a: Furret\n|-supereffective|p1a: Furret\n|-damage|p1a: Furret|0 fnt\n|-unboost|p2a: Haxorus|def|1\n|-unboost|p2a: Haxorus|spd|1\n|faint|p1a: Furret\n|\n|upkeep\n|inactive|Shaka_gs has 120 seconds left.\n|\n|t:|1781464812\n|switch|p1a: Hawlucha|Hawlucha, L80, M|256/256\n|turn|21\n|\n|t:|1781464825\n|move|p2a: Haxorus|Outrage|p1a: Hawlucha\n|-damage|p1a: Hawlucha|16/256\n|move|p1a: Hawlucha|Brave Bird|p2a: Haxorus\n|-damage|p2a: Haxorus|0 fnt\n|faint|p2a: Haxorus\n|-damage|p1a: Hawlucha|0 fnt|[from] Recoil\n|faint|p1a: Hawlucha\n|\n|upkeep\n|inactive|Shaka_gs has 120 seconds left.\n|\n|t:|1781464836\n|switch|p1a: Iron Valiant|Iron Valiant, L78|2/244\n|switch|p2a: Ogerpon|Ogerpon-Wellspring, L76, F|247/247\n|-damage|p2a: Ogerpon|217/247|[from] Spikes\n|turn|22\n|inactive|Shaka_gs has 120 seconds left.\n|\n|t:|1781464853\n|move|p1a: Iron Valiant|Close Combat|p2a: Ogerpon\n|-damage|p2a: Ogerpon|3/247\n|-unboost|p1a: Iron Valiant|def|1\n|-unboost|p1a: Iron Valiant|spd|1\n|-damage|p1a: Iron Valiant|0 fnt|[from] item: Life Orb\n|faint|p1a: Iron Valiant\n|-end|p1a: Iron Valiant|Quark Drive|[silent]\n|\n|win|joscake\n|raw|Shaka_gs's rating: 1440 &rarr; <strong>1420</strong><br />(-20 for losing)\n|raw|joscake's rating: 1432 &rarr; <strong>1452</strong><br />(+20 for winning)\n|l|\u2606Shaka_gs\n|player|p1|\n", "inputlog": ">version a8376a258c1d4662feba110a92103f3664a72141\n>start {\"formatid\":\"gen9randombattle\",\"seed\":\"sodium,b7015d030d5beec9b2f2ab0a80f05edb\",\"rated\":\"Rated battle\"}\n>player p1 {\"name\":\"Shaka_gs\",\"avatar\":\"265\",\"rating\":1440,\"seed\":\"sodium,9c0770dba4deb0fc8df97b3204e7cef0\"}\n>player p2 {\"name\":\"joscake\",\"avatar\":\"ethan\",\"rating\":1432,\"seed\":\"sodium,12e2cb59e66a8f4678f4a002b0724fa6\"}\n>p1 move swordsdance\n>p2 move darkpulse\n>p1 move drainpunch\n>p2 move fireblast\n>p2 switch 4\n>p1 move drainpunch\n>p2 move lavaplume terastallize\n>p1 move playrough\n>p2 move recover\n>p1 switch 6\n>p1 move sludgebomb\n>p2 move yawn\n>p1 switch 3\n>p2 switch 3\n>p1 move grassknot\n>p2 move dragondance\n>p1 move grassknot\n>p2 switch 3\n>p1 move spikes\n>p2 move lavaplume\n>p1 switch 5\n>p2 switch 3\n>p1 move knockoff\n>p2 move liquidation\n>p2 switch 2\n>p1 move knockoff\n>p2 move knockoff\n>p1 move uturn\n>p2 move bulkup\n>p1 switch 3\n>p1 move earthpower\n>p2 move knockoff\n>p1 move earthpower\n>p2 move knockoff\n>p2 switch 5\n>p1 move shoreup\n>p2 move dragondance\n>p1 move earthpower\n>p2 move outrage\n>p1 switch 4\n>p1 move swordsdance\n>p2 move outrage\n>p1 move knockoff\n>p2 move ironhead\n>p1 switch 3\n>p2 move ironhead\n>p1 move doubleedge\n>p2 move closecombat\n>p1 switch 2\n>p1 move bravebird\n>p2 move outrage\n>p1 switch 3\n>p2 switch 6\n>p1 move closecombat\n>p2 move ivycudgel", "uploadtime": 1781464863, "views": 9, "formatid": "gen9randombattle", "rating": 1420, "private": 0, "password": null}