{"id": "gen9randombattle-2631521590", "format": "[Gen 9] Random Battle", "players": ["Neto1003", "enzoo1600"], "log": "|j|\u2606Neto1003\n|j|\u2606enzoo1600\n|inactive|Battle timer is ON: inactive players will automatically lose when time's up.\n|t:|1781396034\n|gametype|singles\n|player|p1|Neto1003|blue|\n|player|p2|enzoo1600|hilbert|\n|gen|9\n|tier|[Gen 9] Random Battle\n|rated|Tournament battle\n|rule|Species Clause: Limit one of each Pok\u00e9mon\n|rule|HP Percentage Mod: HP is shown in percentages\n|rule|Sleep Clause Mod: Limit one foe put to sleep\n|rule|Illusion Level Mod: Illusion disguises the Pok\u00e9mon's true level\n|\n|t:|1781396034\n|teamsize|p1|6\n|teamsize|p2|6\n|start\n|switch|p1a: Heatran|Heatran, L79, F|273/273\n|switch|p2a: Passimian|Passimian, L83, F|302/302\n|-item|p1a: Heatran|Air Balloon\n|turn|1\n|inactive|Neto1003 also wants the timer to be on.\n|c|\u2606enzoo1600|hf\n|j| Banco\u26a0Master129\n|c| Banco\u26a0Master129|pra mim\n|c| Banco\u26a0Master129|?\n|c| Banco\u26a0Master129|obrigado\n|raw|<div class=\"broadcast-red\"><strong>Moderated chat was set to +!</strong><br />Only users of rank + and higher can talk.</div>\n|\n|t:|1781396051\n|move|p2a: Passimian|U-turn|p1a: Heatran\n|-resisted|p1a: Heatran\n|-damage|p1a: Heatran|259/273\n|-enditem|p1a: Heatran|Air Balloon\n|c|\u2606enzoo1600|quieto banco\n|\n|t:|1781396069\n|switch|p2a: Quagsire|Quagsire, L84, M|297/297|[from] U-turn\n|move|p1a: Heatran|Stealth Rock|p2a: Quagsire\n|-sidestart|p2: enzoo1600|move: Stealth Rock\n|\n|upkeep\n|turn|2\n|\n|t:|1781396075\n|switch|p1a: Victreebel|Victreebel, L90, F|290/290\n|move|p2a: Quagsire|Earthquake|p1a: Victreebel\n|-damage|p1a: Victreebel|179/290\n|\n|upkeep\n|turn|3\n|\n|t:|1781396080\n|switch|p2a: Forretress|Forretress, L84, M|263/263\n|-damage|p2a: Forretress|231/263|[from] Stealth Rock\n|move|p1a: Victreebel|Power Whip|p2a: Forretress\n|-resisted|p2a: Forretress\n|-damage|p2a: Forretress|199/263\n|-damage|p1a: Victreebel|150/290|[from] item: Life Orb\n|\n|-heal|p2a: Forretress|215/263|[from] item: Leftovers\n|upkeep\n|turn|4\n|\n|t:|1781396086\n|switch|p1a: Heatran|Heatran, L79, F|259/273\n|move|p2a: Forretress|Volt Switch|p1a: Heatran\n|-damage|p1a: Heatran|227/273\n|\n|t:|1781396102\n|switch|p2a: Dusknoir|Dusknoir, L89, F|225/225|[from] Volt Switch\n|-damage|p2a: Dusknoir|197/225|[from] Stealth Rock\n|\n|-heal|p2a: Dusknoir|211/225|[from] item: Leftovers\n|upkeep\n|turn|5\n|\n|t:|1781396127\n|move|p1a: Heatran|Lava Plume|p2a: Dusknoir\n|-damage|p2a: Dusknoir|147/225\n|move|p2a: Dusknoir|Earthquake|p1a: Heatran\n|-supereffective|p1a: Heatran\n|-damage|p1a: Heatran|0 fnt\n|faint|p1a: Heatran\n|\n|-heal|p2a: Dusknoir|161/225|[from] item: Leftovers\n|upkeep\n|\n|t:|1781396133\n|switch|p1a: Morpeko|Morpeko, L88, F|245/245\n|turn|6\n|\n|t:|1781396141\n|switch|p2a: Quagsire|Quagsire, L84, M|297/297\n|-damage|p2a: Quagsire|279/297|[from] Stealth Rock\n|move|p1a: Morpeko|Knock Off|p2a: Quagsire\n|-damage|p2a: Quagsire|162/297\n|-enditem|p2a: Quagsire|Leftovers|[from] move: Knock Off|[of] p1a: Morpeko\n|\n|-formechange|p1a: Morpeko|Morpeko-Hangry||[from] ability: Hunger Switch\n|upkeep\n|turn|7\n|inactive|Neto1003 has 120 seconds left.\n|\n|t:|1781396187\n|move|p1a: Morpeko|Aura Wheel|p2a: Quagsire\n|-damage|p2a: Quagsire|30/297\n|-boost|p1a: Morpeko|spe|1\n|move|p2a: Quagsire|Recover|p2a: Quagsire\n|-heal|p2a: Quagsire|179/297\n|\n|-formechange|p1a: Morpeko|Morpeko||[from] ability: Hunger Switch\n|upkeep\n|turn|8\n|\n|t:|1781396197\n|switch|p1a: Victreebel|Victreebel, L90, F|150/290\n|move|p2a: Quagsire|Recover|p2a: Quagsire\n|-heal|p2a: Quagsire|297/297\n|\n|upkeep\n|turn|9\n|\n|t:|1781396205\n|switch|p2a: Forretress|Forretress, L84, M|215/263\n|-damage|p2a: Forretress|183/263|[from] Stealth Rock\n|move|p1a: Victreebel|Sunny Day|p1a: Victreebel\n|-weather|SunnyDay\n|\n|-weather|SunnyDay|[upkeep]\n|-heal|p2a: Forretress|199/263|[from] item: Leftovers\n|upkeep\n|turn|10\n|\n|t:|1781396212\n|move|p1a: Victreebel|Weather Ball|p2a: Forretress\n|-supereffective|p2a: Forretress\n|-damage|p2a: Forretress|0 fnt\n|faint|p2a: Forretress\n|-damage|p1a: Victreebel|121/290|[from] item: Life Orb\n|\n|-weather|SunnyDay|[upkeep]\n|upkeep\n|inactive|enzoo1600 has 120 seconds left.\n|\n|t:|1781396246\n|switch|p2a: Passimian|Passimian, L83, F|302/302\n|-damage|p2a: Passimian|284/302|[from] Stealth Rock\n|turn|11\n|inactive|enzoo1600 has 120 seconds left.\n|\n|t:|1781396261\n|move|p1a: Victreebel|Sludge Wave|p2a: Passimian\n|-damage|p2a: Passimian|66/302\n|-damage|p1a: Victreebel|92/290|[from] item: Life Orb\n|move|p2a: Passimian|Gunk Shot|p1a: Victreebel\n|-damage|p1a: Victreebel|0 fnt\n|faint|p1a: Victreebel\n|\n|-weather|SunnyDay|[upkeep]\n|upkeep\n|inactive|Neto1003 has 120 seconds left.\n|\n|t:|1781396279\n|switch|p1a: Gallade|Gallade, L80, M|240/240\n|turn|12\n|\n|t:|1781396290\n|switch|p2a: Dusknoir|Dusknoir, L89, F|161/225\n|-damage|p2a: Dusknoir|133/225|[from] Stealth Rock\n|-item|p1a: Gallade|Choice Scarf|[from] ability: Frisk|[of] p2a: Dusknoir\n|move|p1a: Gallade|Psycho Cut|p2a: Dusknoir\n|-damage|p2a: Dusknoir|45/225\n|\n|-weather|SunnyDay|[upkeep]\n|-heal|p2a: Dusknoir|59/225|[from] item: Leftovers\n|upkeep\n|turn|13\n|\n|t:|1781396299\n|move|p1a: Gallade|Psycho Cut|p2a: Dusknoir\n|-damage|p2a: Dusknoir|0 fnt\n|faint|p2a: Dusknoir\n|\n|-weather|none\n|upkeep\n|inactive|enzoo1600 has 120 seconds left.\n|\n|t:|1781396340\n|switch|p2a: Quagsire|Quagsire, L84, M|297/297\n|-damage|p2a: Quagsire|279/297|[from] Stealth Rock\n|turn|14\n|\n|t:|1781396350\n|switch|p1a: Smeargle|Smeargle, L95, M|258/258\n|move|p2a: Quagsire|Toxic|p1a: Smeargle\n|-status|p1a: Smeargle|tox\n|\n|-damage|p1a: Smeargle|242/258 tox|[from] psn\n|upkeep\n|turn|15\n|\n|t:|1781396370\n|switch|p2a: Sawsbuck|Sawsbuck-Autumn, L88, F|284/284\n|-damage|p2a: Sawsbuck|249/284|[from] Stealth Rock\n|move|p1a: Smeargle|Spore|p2a: Sawsbuck\n|-ability|p2a: Sawsbuck|Sap Sipper|boost\n|-boost|p2a: Sawsbuck|atk|1\n|\n|-damage|p1a: Smeargle|210/258 tox|[from] psn\n|upkeep\n|turn|16\n|\n|t:|1781396379\n|move|p2a: Sawsbuck|Horn Leech|p1a: Smeargle\n|-damage|p1a: Smeargle|0 fnt\n|-heal|p2a: Sawsbuck|284/284|[from] drain|[of] p1a: Smeargle\n|faint|p1a: Smeargle\n|-damage|p2a: Sawsbuck|256/284|[from] item: Life Orb\n|\n|upkeep\n|\n|t:|1781396387\n|switch|p1a: Gallade|Gallade, L80, M|240/240\n|turn|17\n|\n|t:|1781396416\n|switch|p2a: Passimian|Passimian, L83, F|66/302\n|-damage|p2a: Passimian|48/302|[from] Stealth Rock\n|move|p1a: Gallade|Sacred Sword|p2a: Passimian\n|-damage|p2a: Passimian|0 fnt\n|faint|p2a: Passimian\n|\n|upkeep\n|\n|t:|1781396418\n|switch|p2a: Great Tusk|Great Tusk, L77|304/304\n|-damage|p2a: Great Tusk|295/304|[from] Stealth Rock\n|turn|18\n|\n|t:|1781396435\n|switch|p1a: Morpeko|Morpeko, L88, F|245/245\n|move|p2a: Great Tusk|Rapid Spin|p1a: Morpeko\n|-damage|p1a: Morpeko|196/245\n|-boost|p2a: Great Tusk|spe|1\n|-sideend|p2: enzoo1600|Stealth Rock|[from] move: Rapid Spin|[of] p2a: Great Tusk\n|\n|-heal|p2a: Great Tusk|304/304|[from] item: Leftovers\n|-heal|p1a: Morpeko|211/245|[from] item: Leftovers\n|-formechange|p1a: Morpeko|Morpeko-Hangry||[from] ability: Hunger Switch\n|upkeep\n|turn|19\n|\n|t:|1781396442\n|move|p2a: Great Tusk|Bulk Up|p2a: Great Tusk\n|-boost|p2a: Great Tusk|atk|1\n|-boost|p2a: Great Tusk|def|1\n|move|p1a: Morpeko|Knock Off|p2a: Great Tusk\n|-resisted|p2a: Great Tusk\n|-damage|p2a: Great Tusk|272/304\n|-enditem|p2a: Great Tusk|Leftovers|[from] move: Knock Off|[of] p1a: Morpeko\n|\n|-heal|p1a: Morpeko|226/245|[from] item: Leftovers\n|-formechange|p1a: Morpeko|Morpeko||[from] ability: Hunger Switch\n|upkeep\n|turn|20\n|\n|t:|1781396448\n|move|p2a: Great Tusk|Earthquake|p1a: Morpeko\n|-supereffective|p1a: Morpeko\n|-damage|p1a: Morpeko|0 fnt\n|faint|p1a: Morpeko\n|\n|upkeep\n|\n|t:|1781396453\n|switch|p1a: Gallade|Gallade, L80, M|240/240\n|turn|21\n|\n|t:|1781396457\n|move|p2a: Great Tusk|Bulk Up|p2a: Great Tusk\n|-boost|p2a: Great Tusk|atk|1\n|-boost|p2a: Great Tusk|def|1\n|move|p1a: Gallade|Psycho Cut|p2a: Great Tusk\n|-supereffective|p2a: Great Tusk\n|-damage|p2a: Great Tusk|176/304\n|\n|upkeep\n|turn|22\n|\n|t:|1781396461\n|move|p2a: Great Tusk|Earthquake|p1a: Gallade\n|-damage|p1a: Gallade|0 fnt\n|faint|p1a: Gallade\n|\n|upkeep\n|\n|t:|1781396463\n|switch|p1a: Entei|Entei, L78|307/307\n|turn|23\n|\n|t:|1781396469\n|move|p2a: Great Tusk|Earthquake|p1a: Entei\n|-supereffective|p1a: Entei\n|-damage|p1a: Entei|0 fnt\n|faint|p1a: Entei\n|\n|win|enzoo1600\n|n|\u2606Neto1003|neto1003\n|n|\u2606enzoo1600|enzoo1600\n", "inputlog": ">version a8376a258c1d4662feba110a92103f3664a72141\n>start {\"formatid\":\"gen9randombattle\",\"seed\":\"sodium,655e47468dbff9857d5ee66400b0a7fe\",\"rated\":\"Tournament battle\"}\n>player p1 {\"name\":\"Neto1003\",\"avatar\":\"blue\",\"rating\":0,\"seed\":\"sodium,251f527d466c429f40dadd97581a5082\"}\n>player p2 {\"name\":\"enzoo1600\",\"avatar\":\"hilbert\",\"rating\":0,\"seed\":\"sodium,469dcccf0f13d9e4d954e6a2d329cf5b\"}\n>chat \u2606enzoo1600|hf\n>chat  Banco\u26a0Master129|pra mim\n>chat  Banco\u26a0Master129|?\n>chat  Banco\u26a0Master129|obrigado \n>p1 move stealthrock\n>p2 move uturn\n>chat \u2606enzoo1600|quieto banco\n>p2 switch 4\n>p1 switch 2\n>p2 move earthquake\n>p1 move powerwhip\n>p2 switch 3\n>p1 switch 2\n>p2 move voltswitch\n>p2 switch 6\n>p1 move lavaplume\n>p2 move earthquake\n>p1 switch 3\n>p1 move knockoff\n>p2 switch 3\n>p1 move aurawheel\n>p2 move recover\n>p1 switch 2\n>p2 move recover\n>p1 move sunnyday\n>p2 switch 6\n>p1 move weatherball\n>p2 move voltswitch\n>p2 switch 4\n>p1 move sludgewave\n>p2 move gunkshot\n>p1 switch 6\n>p1 move psychocut\n>p2 switch 3\n>p1 move psychocut\n>p2 move willowisp\n>p2 switch 6\n>p1 switch 4\n>p2 move toxic\n>p1 move spore\n>p2 switch 5\n>p1 move populationbomb\n>p2 move hornleech\n>p1 switch 4\n>p1 move sacredsword\n>p2 switch 3\n>p2 switch 2\n>p1 switch 2\n>p2 move rapidspin\n>p1 move knockoff\n>p2 move bulkup\n>p1 move rapidspin\n>p2 move earthquake\n>p1 switch 2\n>p1 move psychocut\n>p2 move bulkup\n>p1 move psychocut\n>p2 move earthquake\n>p1 switch 5\n>p1 move sacredfire\n>p2 move earthquake", "uploadtime": 1781396469, "views": 6, "formatid": "gen9randombattle", "rating": null, "private": 0, "password": null}