{"id": "gen9randombattle-2631412000", "format": "[Gen 9] Random Battle", "players": ["guimario", "xakxa01"], "log": "|j|\u2606guimario\n|j|\u2606xakxa01\n|t:|1781381496\n|gametype|singles\n|player|p1|guimario|ghetsis-gen5bw|1274\n|player|p2|xakxa01|rocketgrunt|1288\n|gen|9\n|tier|[Gen 9] Random Battle\n|rated|\n|rule|Species Clause: Limit one of each Pok\u00e9mon\n|rule|HP Percentage Mod: HP is shown in percentages\n|rule|Sleep Clause Mod: Limit one foe put to sleep\n|rule|Illusion Level Mod: Illusion disguises the Pok\u00e9mon's true level\n|\n|t:|1781381496\n|teamsize|p1|6\n|teamsize|p2|6\n|start\n|switch|p1a: Tentacruel|Tentacruel, L84, F|272/272\n|switch|p2a: Slither Wing|Slither Wing, L81|270/270\n|turn|1\n|inactive|Battle timer is ON: inactive players will automatically lose when time's up. (requested by xakxa01)\n|\n|t:|1781381505\n|move|p1a: Tentacruel|Knock Off|p2a: Slither Wing\n|-resisted|p2a: Slither Wing\n|-damage|p2a: Slither Wing|237/270\n|-enditem|p2a: Slither Wing|Life Orb|[from] move: Knock Off|[of] p1a: Tentacruel\n|move|p2a: Slither Wing|Wild Charge|p1a: Tentacruel\n|-supereffective|p1a: Tentacruel\n|-damage|p1a: Tentacruel|88/272\n|-damage|p2a: Slither Wing|191/270|[from] Recoil\n|\n|upkeep\n|turn|2\n|\n|t:|1781381517\n|move|p1a: Tentacruel|Sludge Bomb|p2a: Slither Wing\n|-damage|p2a: Slither Wing|109/270\n|move|p2a: Slither Wing|Wild Charge|p1a: Tentacruel\n|-supereffective|p1a: Tentacruel\n|-damage|p1a: Tentacruel|0 fnt\n|faint|p1a: Tentacruel\n|-damage|p2a: Slither Wing|87/270|[from] Recoil\n|\n|upkeep\n|\n|t:|1781381532\n|switch|p1a: Skeledirge|Skeledirge, L79, F|294/294\n|turn|3\n|\n|t:|1781381545\n|-end|p2a: Slither Wing|Protosynthesis|[silent]\n|switch|p2a: Blissey|Blissey, L85, F|572/572\n|move|p1a: Skeledirge|Torch Song|p2a: Blissey\n|-damage|p2a: Blissey|514/572\n|-boost|p1a: Skeledirge|spa|1\n|\n|-heal|p2a: Blissey|549/572|[from] item: Leftovers\n|upkeep\n|turn|4\n|\n|t:|1781381562\n|switch|p1a: Hypno|Hypno, L95, M|315/315\n|move|p2a: Blissey|Thunder Wave|p1a: Hypno\n|-status|p1a: Hypno|par\n|\n|-heal|p2a: Blissey|572/572|[from] item: Leftovers\n|upkeep\n|turn|5\n|\n|t:|1781381578\n|switch|p2a: Tropius|Tropius, L91, M|328/328\n|move|p1a: Hypno|Thunder Wave|p2a: Tropius\n|-status|p2a: Tropius|par\n|\n|upkeep\n|turn|6\n|\n|t:|1781381586\n|switch|p1a: Skeledirge|Skeledirge, L79, F|294/294\n|move|p2a: Tropius|Leech Seed|p1a: Skeledirge\n|-start|p1a: Skeledirge|move: Leech Seed\n|\n|-damage|p1a: Skeledirge|258/294|[from] Leech Seed|[of] p2a: Tropius\n|upkeep\n|turn|7\n|\n|t:|1781381594\n|move|p1a: Skeledirge|Torch Song|p2a: Tropius\n|-supereffective|p2a: Tropius\n|-damage|p2a: Tropius|178/328 par\n|-boost|p1a: Skeledirge|spa|1\n|move|p2a: Tropius|Substitute|p2a: Tropius\n|-start|p2a: Tropius|Substitute\n|-damage|p2a: Tropius|96/328 par\n|-enditem|p2a: Tropius|Sitrus Berry|[eat]\n|-heal|p2a: Tropius|178/328 par|[from] item: Sitrus Berry\n|\n|-damage|p1a: Skeledirge|222/294|[from] Leech Seed|[of] p2a: Tropius\n|-heal|p2a: Tropius|214/328 par|[silent]\n|-item|p2a: Tropius|Sitrus Berry|[from] ability: Harvest\n|upkeep\n|turn|8\n|\n|t:|1781381602\n|cant|p2a: Tropius|par\n|move|p1a: Skeledirge|Torch Song|p2a: Tropius\n|-supereffective|p2a: Tropius\n|-damage|p2a: Tropius|0 fnt\n|-boost|p1a: Skeledirge|spa|1\n|faint|p2a: Tropius\n|\n|upkeep\n|\n|t:|1781381618\n|switch|p2a: Ursaluna|Ursaluna, L79, F|335/335\n|turn|9\n|\n|t:|1781381628\n|move|p1a: Skeledirge|Torch Song|p2a: Ursaluna\n|-damage|p2a: Ursaluna|131/335\n|-boost|p1a: Skeledirge|spa|1\n|move|p2a: Ursaluna|Headlong Rush|p1a: Skeledirge\n|-supereffective|p1a: Skeledirge\n|-damage|p1a: Skeledirge|0 fnt\n|-unboost|p2a: Ursaluna|def|1\n|-unboost|p2a: Ursaluna|spd|1\n|faint|p1a: Skeledirge\n|\n|-status|p2a: Ursaluna|brn|[from] item: Flame Orb\n|upkeep\n|\n|t:|1781381636\n|switch|p1a: Deoxys|Deoxys, L74|196/196\n|-ability|p1a: Deoxys|Pressure\n|turn|10\n|\n|t:|1781381646\n|switch|p2a: Blissey|Blissey, L85, F|572/572\n|move|p1a: Deoxys|Knock Off|p2a: Blissey\n|-damage|p2a: Blissey|295/572\n|-enditem|p2a: Blissey|Leftovers|[from] move: Knock Off|[of] p1a: Deoxys\n|-damage|p1a: Deoxys|177/196|[from] item: Life Orb\n|\n|upkeep\n|turn|11\n|\n|t:|1781381659\n|switch|p2a: Slither Wing|Slither Wing, L81|87/270\n|-terastallize|p1a: Deoxys|Normal\n|move|p1a: Deoxys|Extreme Speed|p2a: Slither Wing\n|-damage|p2a: Slither Wing|0 fnt\n|faint|p2a: Slither Wing\n|-end|p2a: Slither Wing|Protosynthesis|[silent]\n|-damage|p1a: Deoxys|158/196|[from] item: Life Orb\n|\n|upkeep\n|\n|t:|1781381683\n|switch|p2a: Azelf|Azelf, L82|257/257\n|turn|12\n|\n|t:|1781381693\n|-terastallize|p2a: Azelf|Dark\n|move|p1a: Deoxys|Knock Off|p2a: Azelf\n|-resisted|p2a: Azelf\n|-damage|p2a: Azelf|195/257\n|-enditem|p2a: Azelf|Life Orb|[from] move: Knock Off|[of] p1a: Deoxys\n|-damage|p1a: Deoxys|139/196|[from] item: Life Orb\n|move|p2a: Azelf|Knock Off|p1a: Deoxys\n|-damage|p1a: Deoxys|0 fnt\n|-enditem|p1a: Deoxys|Life Orb|[from] move: Knock Off|[of] p2a: Azelf\n|faint|p1a: Deoxys\n|\n|upkeep\n|\n|t:|1781381704\n|switch|p1a: Scizor|Scizor, L79, M|240/240\n|turn|13\n|\n|t:|1781381712\n|move|p2a: Azelf|Fire Blast|p1a: Scizor\n|-supereffective|p1a: Scizor\n|-damage|p1a: Scizor|0 fnt\n|faint|p1a: Scizor\n|\n|upkeep\n|\n|t:|1781381716\n|switch|p1a: Zapdos|Zapdos, L78|268/268\n|turn|14\n|\n|t:|1781381723\n|move|p2a: Azelf|Knock Off|p1a: Zapdos\n|-damage|p1a: Zapdos|130/268\n|-enditem|p1a: Zapdos|Heavy-Duty Boots|[from] move: Knock Off|[of] p2a: Azelf\n|move|p1a: Zapdos|Discharge|p2a: Azelf\n|-damage|p2a: Azelf|93/257\n|\n|upkeep\n|turn|15\n|\n|t:|1781381732\n|move|p2a: Azelf|Fire Blast|p1a: Zapdos\n|-damage|p1a: Zapdos|37/268\n|-status|p1a: Zapdos|brn\n|move|p1a: Zapdos|Hurricane|p2a: Azelf|[miss]\n|-miss|p1a: Zapdos|p2a: Azelf\n|\n|-damage|p1a: Zapdos|21/268 brn|[from] brn\n|upkeep\n|turn|16\n|\n|t:|1781381741\n|move|p2a: Azelf|Knock Off|p1a: Zapdos\n|-damage|p1a: Zapdos|0 fnt\n|-status|p2a: Azelf|par|[from] ability: Static|[of] p1a: Zapdos\n|faint|p1a: Zapdos\n|\n|upkeep\n|-message|guimario forfeited.\n|\n|win|xakxa01\n|raw|guimario's rating: 1274 &rarr; <strong>1250</strong><br />(-24 for losing)\n|raw|xakxa01's rating: 1288 &rarr; <strong>1312</strong><br />(+24 for winning)\n|l|\u2606guimario\n|player|p1|\n", "inputlog": ">version a8376a258c1d4662feba110a92103f3664a72141\n>start {\"formatid\":\"gen9randombattle\",\"seed\":\"sodium,8b06c986e6fdfc2bf830f36db806a722\",\"rated\":\"Rated battle\"}\n>player p1 {\"name\":\"guimario\",\"avatar\":\"ghetsis-gen5bw\",\"rating\":1274,\"seed\":\"sodium,088688ceab7233010bf234e41cc110b8\"}\n>player p2 {\"name\":\"xakxa01\",\"avatar\":\"rocketgrunt\",\"rating\":1288,\"seed\":\"sodium,7034a51591211c2ee44acf5dbdc8224a\"}\n>p1 move knockoff\n>p2 move wildcharge\n>p1 move sludgebomb\n>p2 move wildcharge\n>p1 switch 5\n>p1 move torchsong\n>p2 switch 3\n>p1 switch 6\n>p2 move thunderwave\n>p1 move thunderwave\n>p2 switch 5\n>p1 switch 6\n>p2 move leechseed\n>p1 move torchsong\n>p2 move substitute\n>p1 move torchsong\n>p2 move protect\n>p2 switch 2\n>p1 move torchsong\n>p2 move headlongrush\n>p1 switch 2\n>p1 move knockoff\n>p2 switch 5\n>p1 move extremespeed terastallize\n>p2 switch 3\n>p2 switch 6\n>p1 move knockoff\n>p2 move knockoff terastallize\n>p1 switch 3\n>p1 move swordsdance\n>p2 move fireblast\n>p1 switch 4\n>p1 move discharge\n>p2 move knockoff\n>p1 move hurricane\n>p2 move fireblast\n>p1 move hurricane\n>p2 move knockoff\n>forcelose p1", "uploadtime": 1781381756, "views": 9, "formatid": "gen9randombattle", "rating": 1250, "private": 0, "password": null}