{"id": "gen9randombattle-2631369438", "format": "[Gen 9] Random Battle", "players": ["DIAPERABUSER2009", "BartSimpleton"], "log": "|j|\u2606DIAPERABUSER2009\n|j|\u2606BartSimpleton\n|t:|1781376568\n|gametype|singles\n|player|p1|DIAPERABUSER2009|flannery|1897\n|player|p2|BartSimpleton|170|1929\n|gen|9\n|tier|[Gen 9] Random Battle\n|rated|\n|rule|Species Clause: Limit one of each Pok\u00e9mon\n|rule|HP Percentage Mod: HP is shown in percentages\n|rule|Sleep Clause Mod: Limit one foe put to sleep\n|rule|Illusion Level Mod: Illusion disguises the Pok\u00e9mon's true level\n|\n|t:|1781376568\n|teamsize|p1|6\n|teamsize|p2|6\n|start\n|switch|p1a: Jumpluff|Jumpluff, L87, M|271/271\n|switch|p2a: Delphox|Delphox, L84, F|263/263\n|turn|1\n|inactive|Battle timer is ON: inactive players will automatically lose when time's up. (requested by DIAPERABUSER2009)\n|\n|t:|1781376591\n|switch|p1a: Houndoom|Houndoom, L87, M|272/272\n|move|p2a: Delphox|Fire Blast|p1a: Houndoom\n|-start|p1a: Houndoom|ability: Flash Fire\n|\n|upkeep\n|turn|2\n|\n|t:|1781376606\n|switch|p2a: Mimikyu|Mimikyu, L79, F|216/216\n|move|p1a: Houndoom|Nasty Plot|p1a: Houndoom\n|-boost|p1a: Houndoom|spa|2\n|\n|upkeep\n|turn|3\n|\n|t:|1781376617\n|-terastallize|p2a: Mimikyu|Fighting\n|move|p1a: Houndoom|Dark Pulse|p2a: Mimikyu\n|-activate|p2a: Mimikyu|ability: Disguise\n|-damage|p2a: Mimikyu|216/216\n|detailschange|p2a: Mimikyu|Mimikyu-Busted, L79, F, tera:Fighting\n|-damage|p2a: Mimikyu|189/216|[from] pokemon: Mimikyu-Busted\n|move|p2a: Mimikyu|Drain Punch|p1a: Houndoom\n|-supereffective|p1a: Houndoom\n|-damage|p1a: Houndoom|12/272\n|-heal|p2a: Mimikyu|216/216|[from] drain|[of] p1a: Houndoom\n|-damage|p2a: Mimikyu|195/216|[from] item: Life Orb\n|\n|upkeep\n|turn|4\n|\n|t:|1781376626\n|move|p2a: Mimikyu|Shadow Sneak|p1a: Houndoom\n|-resisted|p1a: Houndoom\n|-damage|p1a: Houndoom|0 fnt\n|faint|p1a: Houndoom\n|-damage|p2a: Mimikyu|174/216|[from] item: Life Orb\n|\n|upkeep\n|\n|t:|1781376633\n|switch|p1a: Ogerpon|Ogerpon, L80, F|259/259\n|turn|5\n|\n|t:|1781376653\n|move|p1a: Ogerpon|Swords Dance|p1a: Ogerpon\n|-boost|p1a: Ogerpon|atk|2\n|move|p2a: Mimikyu|Drain Punch|p1a: Ogerpon\n|-damage|p1a: Ogerpon|164/259\n|-heal|p2a: Mimikyu|216/216|[from] drain|[of] p1a: Ogerpon\n|-damage|p2a: Mimikyu|195/216|[from] item: Life Orb\n|\n|upkeep\n|turn|6\n|\n|t:|1781376658\n|move|p1a: Ogerpon|Ivy Cudgel|p2a: Mimikyu\n|-damage|p2a: Mimikyu|0 fnt\n|faint|p2a: Mimikyu\n|-damage|p1a: Ogerpon|139/259|[from] item: Life Orb\n|\n|upkeep\n|\n|t:|1781376671\n|switch|p2a: Toxapex|Toxapex, L82, F|216/216\n|turn|7\n|\n|t:|1781376675\n|-terastallize|p1a: Ogerpon|Grass\n|detailschange|p1a: Ogerpon|Ogerpon-Teal-Tera, L80, F, tera:Grass\n|-ability|p1a: Ogerpon|Embody Aspect (Teal)|boost\n|-boost|p1a: Ogerpon|spe|1\n|move|p1a: Ogerpon|Ivy Cudgel|p2a: Toxapex\n|-damage|p2a: Toxapex|0 fnt\n|faint|p2a: Toxapex\n|-damage|p1a: Ogerpon|114/259|[from] item: Life Orb\n|\n|upkeep\n|\n|t:|1781376685\n|switch|p2a: Flareon|Flareon, L90, F|263/263\n|turn|8\n|\n|t:|1781376688\n|move|p1a: Ogerpon|Superpower|p2a: Flareon\n|-damage|p2a: Flareon|0 fnt\n|-unboost|p1a: Ogerpon|atk|1\n|-unboost|p1a: Ogerpon|def|1\n|faint|p2a: Flareon\n|-damage|p1a: Ogerpon|89/259|[from] item: Life Orb\n|\n|upkeep\n|\n|t:|1781376692\n|switch|p2a: Delphox|Delphox, L84, F|263/263\n|turn|9\n|\n|t:|1781376696\n|move|p1a: Ogerpon|Knock Off|p2a: Delphox\n|-supereffective|p2a: Delphox\n|-damage|p2a: Delphox|0 fnt\n|-enditem|p2a: Delphox|Heavy-Duty Boots|[from] move: Knock Off|[of] p1a: Ogerpon\n|faint|p2a: Delphox\n|-damage|p1a: Ogerpon|64/259|[from] item: Life Orb\n|\n|upkeep\n|\n|t:|1781376698\n|switch|p2a: Bruxish|Bruxish, L85, M|254/254\n|turn|10\n|\n|t:|1781376701\n|move|p1a: Ogerpon|Knock Off|p2a: Bruxish\n|-supereffective|p2a: Bruxish\n|-damage|p2a: Bruxish|0 fnt\n|-enditem|p2a: Bruxish|Life Orb|[from] move: Knock Off|[of] p1a: Ogerpon\n|faint|p2a: Bruxish\n|-damage|p1a: Ogerpon|39/259|[from] item: Life Orb\n|\n|upkeep\n|\n|t:|1781376702\n|switch|p2a: Cinccino|Cinccino, L83, F|260/260\n|turn|11\n|\n|t:|1781376705\n|move|p1a: Ogerpon|Ivy Cudgel|p2a: Cinccino\n|-damage|p2a: Cinccino|0 fnt\n|faint|p2a: Cinccino\n|-damage|p1a: Ogerpon|14/259|[from] item: Life Orb\n|\n|win|DIAPERABUSER2009\n|raw|DIAPERABUSER2009's rating: 1897 &rarr; <strong>1919</strong><br />(+22 for winning)\n|raw|BartSimpleton's rating: 1929 &rarr; <strong>1907</strong><br />(-22 for losing)\n", "uploadtime": 1781376705, "views": 5, "formatid": "gen9randombattle", "rating": 1907, "private": 0, "password": null}