{"id": "gen9randombattle-2631383191", "format": "[Gen 9] Random Battle", "players": ["laloe281088", "nano jump"], "log": "|j|\u2606laloe281088\n|j|\u2606nano jump\n|t:|1781378160\n|gametype|singles\n|player|p1|laloe281088|265|2097\n|player|p2|nano jump|steven-masters|2290\n|gen|9\n|tier|[Gen 9] Random Battle\n|rated|\n|rule|Species Clause: Limit one of each Pok\u00e9mon\n|rule|HP Percentage Mod: HP is shown in percentages\n|rule|Sleep Clause Mod: Limit one foe put to sleep\n|rule|Illusion Level Mod: Illusion disguises the Pok\u00e9mon's true level\n|\n|t:|1781378160\n|teamsize|p1|6\n|teamsize|p2|6\n|start\n|switch|p1a: Munkidori|Munkidori, L79, M|269/269\n|switch|p2a: Virizion|Virizion, L82|283/283\n|turn|1\n|inactive|Battle timer is ON: inactive players will automatically lose when time's up. (requested by nano jump)\n|inactive|laloe281088 has 120 seconds left.\n|\n|t:|1781378200\n|switch|p2a: Probopass|Probopass, L91, M|257/257\n|move|p1a: Munkidori|Fake Out|p2a: Probopass\n|-resisted|p2a: Probopass\n|-damage|p2a: Probopass|254/257\n|\n|-heal|p2a: Probopass|257/257|[from] item: Leftovers\n|upkeep\n|turn|2\n|j| rufoush\n|\n|t:|1781378215\n|move|p1a: Munkidori|U-turn|p2a: Probopass\n|-resisted|p2a: Probopass\n|-damage|p2a: Probopass|246/257\n|\n|t:|1781378221\n|switch|p1a: Lilligant|Lilligant-Hisui, L79, F|240/240|[from] U-turn\n|move|p2a: Probopass|Iron Defense|p2a: Probopass\n|-boost|p2a: Probopass|def|2\n|\n|-heal|p2a: Probopass|257/257|[from] item: Leftovers\n|upkeep\n|turn|3\n|\n|t:|1781378233\n|switch|p2a: Kricketune|Kricketune, L99, F|312/312\n|move|p1a: Lilligant|Sleep Powder|p2a: Kricketune\n|-status|p2a: Kricketune|slp|[from] move: Sleep Powder\n|\n|upkeep\n|turn|4\n|\n|t:|1781378240\n|move|p1a: Lilligant|Victory Dance|p1a: Lilligant\n|-boost|p1a: Lilligant|atk|1\n|-boost|p1a: Lilligant|def|1\n|-boost|p1a: Lilligant|spe|1\n|cant|p2a: Kricketune|slp\n|\n|upkeep\n|turn|5\n|\n|t:|1781378247\n|move|p1a: Lilligant|Close Combat|p2a: Kricketune\n|-resisted|p2a: Kricketune\n|-damage|p2a: Kricketune|138/312 slp\n|-unboost|p1a: Lilligant|def|1\n|-unboost|p1a: Lilligant|spd|1\n|-curestatus|p2a: Kricketune|slp|[msg]\n|move|p2a: Kricketune|Pounce|p1a: Lilligant\n|-damage|p1a: Lilligant|128/240\n|-unboost|p1a: Lilligant|spe|1\n|\n|upkeep\n|turn|6\n|\n|t:|1781378257\n|move|p1a: Lilligant|Close Combat|p2a: Kricketune\n|-resisted|p2a: Kricketune\n|-damage|p2a: Kricketune|0 fnt\n|-unboost|p1a: Lilligant|def|1\n|-unboost|p1a: Lilligant|spd|1\n|faint|p2a: Kricketune\n|\n|upkeep\n|\n|t:|1781378260\n|switch|p2a: Dachsbun|Dachsbun, L92, M|254/254\n|turn|7\n|\n|t:|1781378267\n|switch|p1a: Munkidori|Munkidori, L79, M|269/269\n|move|p2a: Dachsbun|Yawn|p1a: Munkidori\n|-start|p1a: Munkidori|move: Yawn|[of] p2a: Dachsbun\n|\n|upkeep\n|turn|8\n|\n|t:|1781378274\n|move|p2a: Dachsbun|Protect|p2a: Dachsbun\n|-singleturn|p2a: Dachsbun|Protect\n|move|p1a: Munkidori|U-turn|p2a: Dachsbun\n|-activate|p2a: Dachsbun|move: Protect\n|\n|-end|p1a: Munkidori|move: Yawn|[silent]\n|-status|p1a: Munkidori|slp\n|upkeep\n|turn|9\n|\n|t:|1781378282\n|move|p2a: Dachsbun|Play Rough|p1a: Munkidori|[miss]\n|-miss|p2a: Dachsbun|p1a: Munkidori\n|cant|p1a: Munkidori|slp\n|\n|upkeep\n|turn|10\n|\n|t:|1781378288\n|switch|p2a: Probopass|Probopass, L91, M|257/257\n|cant|p1a: Munkidori|slp\n|\n|upkeep\n|turn|11\n|\n|t:|1781378293\n|cant|p1a: Munkidori|slp\n|move|p2a: Probopass|Body Press|p1a: Munkidori\n|-resisted|p1a: Munkidori\n|-damage|p1a: Munkidori|239/269 slp\n|\n|upkeep\n|turn|12\n|\n|t:|1781378300\n|-curestatus|p1a: Munkidori|slp|[msg]\n|move|p1a: Munkidori|U-turn|p2a: Probopass\n|-resisted|p2a: Probopass\n|-damage|p2a: Probopass|245/257\n|\n|t:|1781378304\n|switch|p1a: Vaporeon|Vaporeon, L86, M|364/364|[from] U-turn\n|move|p2a: Probopass|Body Press|p1a: Vaporeon\n|-damage|p1a: Vaporeon|240/364\n|\n|-heal|p1a: Vaporeon|262/364|[from] item: Leftovers\n|-heal|p2a: Probopass|257/257|[from] item: Leftovers\n|upkeep\n|turn|13\n|\n|t:|1781378314\n|switch|p2a: Virizion|Virizion, L82|283/283\n|move|p1a: Vaporeon|Scald|p2a: Virizion\n|-resisted|p2a: Virizion\n|-crit|p2a: Virizion\n|-damage|p2a: Virizion|229/283\n|\n|-heal|p1a: Vaporeon|284/364|[from] item: Leftovers\n|upkeep\n|turn|14\n|\n|t:|1781378324\n|switch|p1a: Munkidori|Munkidori, L79, M|239/269\n|move|p2a: Virizion|Swords Dance|p2a: Virizion\n|-boost|p2a: Virizion|atk|2\n|\n|upkeep\n|turn|15\n|\n|t:|1781378334\n|-terastallize|p2a: Virizion|Rock\n|move|p1a: Munkidori|Fake Out|p2a: Virizion\n|-resisted|p2a: Virizion\n|-damage|p2a: Virizion|216/283\n|cant|p2a: Virizion|flinch\n|\n|upkeep\n|turn|16\n|\n|t:|1781378342\n|move|p2a: Virizion|Stone Edge|p1a: Munkidori\n|-damage|p1a: Munkidori|0 fnt\n|faint|p1a: Munkidori\n|-damage|p2a: Virizion|188/283|[from] item: Life Orb\n|\n|upkeep\n|\n|t:|1781378353\n|switch|p1a: Ditto|Ditto, L87|225/225\n|-transform|p1a: Ditto|p2a: Virizion|[from] ability: Imposter\n|-start|p1a: Ditto|typechange|Grass/Fighting|[silent]\n|turn|17\n|\n|t:|1781378370\n|switch|p2a: Klawf|Klawf, L90, F|272/272\n|move|p1a: Ditto|Leaf Blade|p2a: Klawf\n|-supereffective|p2a: Klawf\n|-damage|p2a: Klawf|0 fnt\n|faint|p2a: Klawf\n|\n|upkeep\n|\n|t:|1781378377\n|switch|p2a: Ninetales|Ninetales-Alola, L78, M|242/242\n|-weather|Snowscape|[from] ability: Snow Warning|[of] p2a: Ninetales\n|turn|18\n|\n|t:|1781378387\n|move|p1a: Ditto|Leaf Blade|p2a: Ninetales\n|-damage|p2a: Ninetales|86/242\n|move|p2a: Ninetales|Aurora Veil|p2a: Ninetales\n|-sidestart|p2: nano jump|move: Aurora Veil\n|\n|-weather|Snowscape|[upkeep]\n|upkeep\n|turn|19\n|\n|t:|1781378398\n|switch|p1a: Vaporeon|Vaporeon, L86, M|284/364\n|switch|p2a: Dachsbun|Dachsbun, L92, M|254/254\n|\n|-weather|Snowscape|[upkeep]\n|-heal|p1a: Vaporeon|306/364|[from] item: Leftovers\n|upkeep\n|turn|20\n|\n|t:|1781378407\n|move|p2a: Dachsbun|Wish|p2a: Dachsbun\n|move|p1a: Vaporeon|Wish|p1a: Vaporeon\n|\n|-weather|Snowscape|[upkeep]\n|-heal|p1a: Vaporeon|328/364|[from] item: Leftovers\n|upkeep\n|turn|21\n|\n|t:|1781378414\n|switch|p2a: Ninetales|Ninetales-Alola, L78, M|86/242\n|switch|p1a: Ditto|Ditto, L87|225/225\n|-transform|p1a: Ditto|p2a: Ninetales|[from] ability: Imposter\n|\n|-weather|Snowscape|[upkeep]\n|-heal|p2a: Ninetales|213/242|[from] move: Wish|[wisher] Dachsbun\n|upkeep\n|turn|22\n|\n|t:|1781378424\n|switch|p2a: Virizion|Virizion, L82, tera:Rock|188/283\n|move|p1a: Ditto|Aurora Veil|p1a: Ditto\n|-sidestart|p1: laloe281088|move: Aurora Veil\n|\n|-weather|none\n|upkeep\n|turn|23\n|\n|t:|1781378431\n|switch|p1a: Vaporeon|Vaporeon, L86, M|328/364\n|move|p2a: Virizion|Close Combat|p1a: Vaporeon\n|-damage|p1a: Vaporeon|234/364\n|-unboost|p2a: Virizion|def|1\n|-unboost|p2a: Virizion|spd|1\n|-damage|p2a: Virizion|160/283|[from] item: Life Orb\n|\n|-heal|p1a: Vaporeon|256/364|[from] item: Leftovers\n|upkeep\n|turn|24\n|\n|t:|1781378442\n|switch|p2a: Dachsbun|Dachsbun, L92, M|254/254\n|move|p1a: Vaporeon|Scald|p2a: Dachsbun\n|-damage|p2a: Dachsbun|204/254\n|-status|p2a: Dachsbun|brn\n|\n|-heal|p2a: Dachsbun|219/254 brn|[from] item: Leftovers\n|-heal|p1a: Vaporeon|278/364|[from] item: Leftovers\n|-damage|p2a: Dachsbun|204/254 brn|[from] brn\n|upkeep\n|turn|25\n|\n|t:|1781378454\n|move|p2a: Dachsbun|Yawn|p1a: Vaporeon\n|-start|p1a: Vaporeon|move: Yawn|[of] p2a: Dachsbun\n|move|p1a: Vaporeon|Wish|p1a: Vaporeon\n|\n|-heal|p2a: Dachsbun|219/254 brn|[from] item: Leftovers\n|-heal|p1a: Vaporeon|300/364|[from] item: Leftovers\n|-damage|p2a: Dachsbun|204/254 brn|[from] brn\n|-sideend|p2: nano jump|move: Aurora Veil\n|upkeep\n|turn|26\n|\n|t:|1781378463\n|switch|p1a: Lilligant|Lilligant-Hisui, L79, F|128/240\n|move|p2a: Dachsbun|Yawn|p1a: Lilligant\n|-start|p1a: Lilligant|move: Yawn|[of] p2a: Dachsbun\n|\n|-heal|p1a: Lilligant|240/240|[from] move: Wish|[wisher] Vaporeon\n|-heal|p2a: Dachsbun|219/254 brn|[from] item: Leftovers\n|-damage|p2a: Dachsbun|204/254 brn|[from] brn\n|-sideend|p1: laloe281088|move: Aurora Veil\n|upkeep\n|turn|27\n|\n|t:|1781378476\n|switch|p2a: Ninetales|Ninetales-Alola, L78, M|213/242\n|-weather|Snowscape|[from] ability: Snow Warning|[of] p2a: Ninetales\n|switch|p1a: Wyrdeer|Wyrdeer, L87, M|321/321\n|-ability|p1a: Wyrdeer|Intimidate|boost\n|-unboost|p2a: Ninetales|atk|1\n|\n|-weather|Snowscape|[upkeep]\n|upkeep\n|turn|28\n|\n|t:|1781378487\n|move|p2a: Ninetales|Aurora Veil|p2a: Ninetales\n|-sidestart|p2: nano jump|move: Aurora Veil\n|move|p1a: Wyrdeer|Body Slam|p2a: Ninetales\n|-damage|p2a: Ninetales|173/242\n|-status|p2a: Ninetales|par\n|\n|-weather|Snowscape|[upkeep]\n|upkeep\n|turn|29\n|\n|t:|1781378497\n|switch|p2a: Probopass|Probopass, L91, M|257/257\n|move|p1a: Wyrdeer|Psychic Noise|p2a: Probopass\n|-resisted|p2a: Probopass\n|-damage|p2a: Probopass|244/257\n|-start|p2a: Probopass|move: Heal Block\n|\n|-weather|Snowscape|[upkeep]\n|upkeep\n|turn|30\n|\n|t:|1781378508\n|move|p1a: Wyrdeer|Earthquake|p2a: Probopass\n|-supereffective|p2a: Probopass\n|-crit|p2a: Probopass\n|-damage|p2a: Probopass|0 fnt\n|faint|p2a: Probopass\n|\n|-weather|Snowscape|[upkeep]\n|upkeep\n|-message|nano jump forfeited.\n|\n|win|laloe281088\n", "inputlog": ">version a8376a258c1d4662feba110a92103f3664a72141\n>start {\"formatid\":\"gen9randombattle\",\"seed\":\"sodium,725fc23944ec1f14ee699418a505e03f\",\"rated\":\"Rated battle\"}\n>player p1 {\"name\":\"laloe281088\",\"avatar\":\"265\",\"rating\":2097,\"seed\":\"sodium,35a6dcf521afdb3770b611632c3087a1\"}\n>player p2 {\"name\":\"nano jump\",\"avatar\":\"steven-masters\",\"rating\":2290,\"seed\":\"sodium,9fd4c91a31de73dfe5a8ee812c963709\"}\n>p1 move fakeout\n>p2 switch 3\n>p1 move uturn\n>p2 move irondefense\n>p1 switch 5\n>p1 move sleeppowder\n>p2 switch 2\n>p1 move victorydance\n>p2 move pounce\n>p1 move closecombat\n>p2 move pounce\n>p1 move closecombat\n>p2 move stickyweb\n>p2 switch 6\n>p1 switch 5\n>p2 move yawn\n>p1 move uturn\n>p2 move protect\n>p1 move uturn\n>p2 move playrough\n>p1 move uturn\n>p2 switch 2\n>p1 move uturn\n>p2 move bodypress\n>p1 move uturn\n>p2 move bodypress\n>p1 switch 3\n>p1 move scald\n>p2 switch 3\n>p1 switch 3\n>p2 move swordsdance\n>p1 move fakeout\n>p2 move stoneedge terastallize\n>p1 move uturn\n>p2 move stoneedge\n>p1 switch 4\n>p1 move leafblade\n>p2 switch 5\n>p2 switch 4\n>p1 move leafblade\n>p2 move auroraveil\n>p1 switch 3\n>p2 switch 2\n>p1 move wish\n>p2 move wish\n>p1 switch 3\n>p2 switch 2\n>p1 move auroraveil\n>p2 switch 5\n>p1 switch 3\n>p2 move closecombat\n>p1 move scald\n>p2 switch 2\n>p1 move wish\n>p2 move yawn\n>p1 switch 5\n>p2 move yawn\n>p1 switch 2\n>p2 switch 5\n>p1 move bodyslam\n>p2 move auroraveil\n>p1 move psychicnoise\n>p2 switch 3\n>p1 move earthquake\n>p2 move bodypress\n>forcelose p2", "uploadtime": 1781378162, "views": 13, "formatid": "gen9randombattle", "rating": null, "private": 0, "password": null}