{"id": "gen9randombattle-2631717697", "format": "[Gen 9] Random Battle", "players": ["bilabong", "Jxyjia"], "log": "|j|\u2606bilabong\n|j|\u2606Jxyjia\n|t:|1781427732\n|gametype|singles\n|player|p1|bilabong|265|1999\n|player|p2|Jxyjia|1|1969\n|gen|9\n|tier|[Gen 9] Random Battle\n|rated|\n|rule|Species Clause: Limit one of each Pok\u00e9mon\n|rule|HP Percentage Mod: HP is shown in percentages\n|rule|Sleep Clause Mod: Limit one foe put to sleep\n|rule|Illusion Level Mod: Illusion disguises the Pok\u00e9mon's true level\n|\n|t:|1781427732\n|teamsize|p1|6\n|teamsize|p2|6\n|start\n|switch|p1a: Volcarona|Volcarona, L77, F|257/257\n|switch|p2a: Scrafty|Scrafty, L83, M|244/244\n|turn|1\n|inactive|Battle timer is ON: inactive players will automatically lose when time's up. (requested by Jxyjia)\n|\n|t:|1781427743\n|move|p1a: Volcarona|Fiery Dance|p2a: Scrafty\n|-damage|p2a: Scrafty|168/244\n|-boost|p1a: Volcarona|spa|1\n|move|p2a: Scrafty|Knock Off|p1a: Volcarona\n|-damage|p1a: Volcarona|134/257\n|-enditem|p1a: Volcarona|Heavy-Duty Boots|[from] move: Knock Off|[of] p2a: Scrafty\n|\n|-heal|p2a: Scrafty|183/244|[from] item: Leftovers\n|upkeep\n|turn|2\n|\n|t:|1781427747\n|switch|p2a: Diancie|Diancie, L82|216/216\n|move|p1a: Volcarona|Fiery Dance|p2a: Diancie\n|-resisted|p2a: Diancie\n|-damage|p2a: Diancie|171/216\n|-boost|p1a: Volcarona|spa|1\n|\n|-heal|p2a: Diancie|184/216|[from] item: Leftovers\n|upkeep\n|turn|3\n|\n|t:|1781427755\n|-terastallize|p1a: Volcarona|Steel\n|move|p1a: Volcarona|Quiver Dance|p1a: Volcarona\n|-boost|p1a: Volcarona|spa|1\n|-boost|p1a: Volcarona|spd|1\n|-boost|p1a: Volcarona|spe|1\n|move|p2a: Diancie|Diamond Storm|p1a: Volcarona\n|-resisted|p1a: Volcarona\n|-damage|p1a: Volcarona|71/257\n|\n|-heal|p2a: Diancie|197/216|[from] item: Leftovers\n|upkeep\n|turn|4\n|\n|t:|1781427767\n|switch|p2a: Fezandipiti|Fezandipiti, L82, M|278/278\n|move|p1a: Volcarona|Giga Drain|p2a: Fezandipiti\n|-resisted|p2a: Fezandipiti\n|-damage|p2a: Fezandipiti|224/278\n|-heal|p1a: Volcarona|98/257|[from] drain|[of] p2a: Fezandipiti\n|\n|-heal|p2a: Fezandipiti|241/278|[from] item: Leftovers\n|upkeep\n|turn|5\n|\n|t:|1781427777\n|move|p1a: Volcarona|Morning Sun|p1a: Volcarona\n|-heal|p1a: Volcarona|226/257\n|move|p2a: Fezandipiti|Beat Up|p1a: Volcarona\n|-damage|p1a: Volcarona|213/257\n|-damage|p1a: Volcarona|201/257\n|-damage|p1a: Volcarona|189/257\n|-damage|p1a: Volcarona|177/257\n|-damage|p1a: Volcarona|164/257\n|-damage|p1a: Volcarona|151/257\n|-hitcount|p1a: Volcarona|6\n|\n|-heal|p2a: Fezandipiti|258/278|[from] item: Leftovers\n|upkeep\n|turn|6\n|\n|t:|1781427785\n|move|p1a: Volcarona|Fiery Dance|p2a: Fezandipiti\n|-damage|p2a: Fezandipiti|80/278\n|move|p2a: Fezandipiti|Beat Up|p1a: Volcarona\n|-crit|p1a: Volcarona\n|-damage|p1a: Volcarona|132/257\n|-damage|p1a: Volcarona|119/257\n|-damage|p1a: Volcarona|108/257\n|-damage|p1a: Volcarona|97/257\n|-damage|p1a: Volcarona|83/257\n|-damage|p1a: Volcarona|72/257\n|-hitcount|p1a: Volcarona|6\n|\n|-heal|p2a: Fezandipiti|97/278|[from] item: Leftovers\n|upkeep\n|turn|7\n|\n|t:|1781427791\n|switch|p2a: Scrafty|Scrafty, L83, M|183/244\n|move|p1a: Volcarona|Morning Sun|p1a: Volcarona\n|-heal|p1a: Volcarona|200/257\n|\n|-heal|p2a: Scrafty|198/244|[from] item: Leftovers\n|upkeep\n|turn|8\n|\n|t:|1781427798\n|move|p1a: Volcarona|Fiery Dance|p2a: Scrafty\n|-damage|p2a: Scrafty|24/244\n|-boost|p1a: Volcarona|spa|1\n|move|p2a: Scrafty|Drain Punch|p1a: Volcarona\n|-supereffective|p1a: Volcarona\n|-damage|p1a: Volcarona|0 fnt\n|-heal|p2a: Scrafty|124/244|[from] drain|[of] p1a: Volcarona\n|faint|p1a: Volcarona\n|\n|-heal|p2a: Scrafty|139/244|[from] item: Leftovers\n|upkeep\n|\n|t:|1781427807\n|switch|p1a: Sylveon|Sylveon, L85, M|300/300\n|turn|9\n|\n|t:|1781427818\n|switch|p2a: Diancie|Diancie, L82|197/216\n|move|p1a: Sylveon|Calm Mind|p1a: Sylveon\n|-boost|p1a: Sylveon|spa|1\n|-boost|p1a: Sylveon|spd|1\n|\n|-heal|p2a: Diancie|210/216|[from] item: Leftovers\n|upkeep\n|turn|10\n|\n|t:|1781427822\n|move|p1a: Sylveon|Hyper Voice|p2a: Diancie\n|-damage|p2a: Diancie|69/216\n|move|p2a: Diancie|Diamond Storm|p1a: Sylveon\n|-damage|p1a: Sylveon|182/300\n|\n|-heal|p1a: Sylveon|200/300|[from] item: Leftovers\n|-heal|p2a: Diancie|82/216|[from] item: Leftovers\n|upkeep\n|turn|11\n|\n|t:|1781427830\n|move|p1a: Sylveon|Hyper Voice|p2a: Diancie\n|-damage|p2a: Diancie|0 fnt\n|faint|p2a: Diancie\n|\n|-heal|p1a: Sylveon|218/300|[from] item: Leftovers\n|upkeep\n|\n|t:|1781427833\n|switch|p2a: Fezandipiti|Fezandipiti, L82, M|97/278\n|turn|12\n|\n|t:|1781427836\n|move|p2a: Fezandipiti|Roost|p2a: Fezandipiti\n|-heal|p2a: Fezandipiti|236/278\n|-singleturn|p2a: Fezandipiti|move: Roost\n|move|p1a: Sylveon|Hyper Voice|p2a: Fezandipiti\n|-resisted|p2a: Fezandipiti\n|-damage|p2a: Fezandipiti|164/278\n|\n|-heal|p2a: Fezandipiti|181/278|[from] item: Leftovers\n|-heal|p1a: Sylveon|236/300|[from] item: Leftovers\n|upkeep\n|turn|13\n|\n|t:|1781427844\n|switch|p1a: Chansey|Chansey, L85, F|564/564\n|move|p2a: Fezandipiti|Gunk Shot|p1a: Chansey|[miss]\n|-miss|p2a: Fezandipiti|p1a: Chansey\n|\n|-heal|p2a: Fezandipiti|198/278|[from] item: Leftovers\n|upkeep\n|turn|14\n|\n|t:|1781427848\n|switch|p2a: Scrafty|Scrafty, L83, M|139/244\n|move|p1a: Chansey|Stealth Rock|p2a: Scrafty\n|-sidestart|p2: Jxyjia|move: Stealth Rock\n|\n|-heal|p2a: Scrafty|154/244|[from] item: Leftovers\n|upkeep\n|turn|15\n|\n|t:|1781427853\n|switch|p1a: Sylveon|Sylveon, L85, M|236/300\n|move|p2a: Scrafty|Knock Off|p1a: Sylveon\n|-resisted|p1a: Sylveon\n|-damage|p1a: Sylveon|176/300\n|-enditem|p1a: Sylveon|Leftovers|[from] move: Knock Off|[of] p2a: Scrafty\n|\n|-heal|p2a: Scrafty|169/244|[from] item: Leftovers\n|upkeep\n|turn|16\n|\n|t:|1781427856\n|switch|p2a: Fezandipiti|Fezandipiti, L82, M|198/278\n|-damage|p2a: Fezandipiti|164/278|[from] Stealth Rock\n|move|p1a: Sylveon|Wish|p1a: Sylveon\n|\n|-heal|p2a: Fezandipiti|181/278|[from] item: Leftovers\n|upkeep\n|turn|17\n|\n|t:|1781427863\n|move|p1a: Sylveon|Protect|p1a: Sylveon\n|-singleturn|p1a: Sylveon|Protect\n|move|p2a: Fezandipiti|Gunk Shot|p1a: Sylveon\n|-activate|p1a: Sylveon|move: Protect\n|\n|-heal|p1a: Sylveon|300/300|[from] move: Wish|[wisher] Sylveon\n|-heal|p2a: Fezandipiti|198/278|[from] item: Leftovers\n|upkeep\n|turn|18\n|\n|t:|1781427872\n|switch|p1a: Terapagos|Terapagos, L77, F|265/265\n|-activate|p1a: Terapagos|ability: Tera Shift\n|detailschange|p1a: Terapagos|Terapagos-Terastal, L77, F\n|-heal|p1a: Terapagos|273/273|[silent]\n|move|p2a: Fezandipiti|Beat Up|p1a: Terapagos\n|-activate|p1a: Terapagos|ability: Tera Shell\n|-resisted|p1a: Terapagos\n|-damage|p1a: Terapagos|269/273\n|-status|p1a: Terapagos|tox|[from] ability: Toxic Chain|[of] p2a: Fezandipiti\n|-resisted|p1a: Terapagos\n|-damage|p1a: Terapagos|265/273 tox\n|-resisted|p1a: Terapagos\n|-damage|p1a: Terapagos|261/273 tox\n|-resisted|p1a: Terapagos\n|-damage|p1a: Terapagos|257/273 tox\n|-resisted|p1a: Terapagos\n|-damage|p1a: Terapagos|253/273 tox\n|-hitcount|p1a: Terapagos|5\n|\n|-heal|p2a: Fezandipiti|215/278|[from] item: Leftovers\n|-damage|p1a: Terapagos|236/273 tox|[from] psn\n|upkeep\n|turn|19\n|\n|t:|1781427880\n|move|p2a: Fezandipiti|Moonblast|p1a: Terapagos\n|-damage|p1a: Terapagos|167/273 tox\n|move|p1a: Terapagos|Earth Power|p2a: Fezandipiti\n|-supereffective|p2a: Fezandipiti\n|-damage|p2a: Fezandipiti|127/278\n|\n|-heal|p2a: Fezandipiti|144/278|[from] item: Leftovers\n|-damage|p1a: Terapagos|133/273 tox|[from] psn\n|upkeep\n|turn|20\n|\n|t:|1781427885\n|move|p2a: Fezandipiti|Roost|p2a: Fezandipiti\n|-heal|p2a: Fezandipiti|278/278\n|-singleturn|p2a: Fezandipiti|move: Roost\n|move|p1a: Terapagos|Rapid Spin|p2a: Fezandipiti\n|-crit|p2a: Fezandipiti\n|-damage|p2a: Fezandipiti|211/278\n|-boost|p1a: Terapagos|spe|1\n|\n|-heal|p2a: Fezandipiti|228/278|[from] item: Leftovers\n|-damage|p1a: Terapagos|82/273 tox|[from] psn\n|upkeep\n|turn|21\n|\n|t:|1781427893\n|move|p1a: Terapagos|Earth Power|p2a: Fezandipiti\n|-supereffective|p2a: Fezandipiti\n|-damage|p2a: Fezandipiti|138/278\n|move|p2a: Fezandipiti|Moonblast|p1a: Terapagos\n|-damage|p1a: Terapagos|15/273 tox\n|-unboost|p1a: Terapagos|spa|1\n|\n|-heal|p2a: Fezandipiti|155/278|[from] item: Leftovers\n|-damage|p1a: Terapagos|0 fnt|[from] psn\n|faint|p1a: Terapagos\n|upkeep\n|\n|t:|1781427904\n|switch|p1a: Chansey|Chansey, L85, F|564/564\n|turn|22\n|\n|t:|1781427907\n|switch|p2a: Scrafty|Scrafty, L83, M|169/244\n|-damage|p2a: Scrafty|154/244|[from] Stealth Rock\n|move|p1a: Chansey|Seismic Toss|p2a: Scrafty\n|-damage|p2a: Scrafty|69/244\n|\n|-heal|p2a: Scrafty|84/244|[from] item: Leftovers\n|upkeep\n|turn|23\n|\n|t:|1781427912\n|switch|p1a: Sylveon|Sylveon, L85, M|300/300\n|move|p2a: Scrafty|Drain Punch|p1a: Sylveon\n|-resisted|p1a: Sylveon\n|-damage|p1a: Sylveon|255/300\n|-heal|p2a: Scrafty|107/244|[from] drain|[of] p1a: Sylveon\n|\n|-heal|p2a: Scrafty|122/244|[from] item: Leftovers\n|upkeep\n|turn|24\n|\n|t:|1781427917\n|move|p1a: Sylveon|Wish|p1a: Sylveon\n|move|p2a: Scrafty|Drain Punch|p1a: Sylveon\n|-resisted|p1a: Sylveon\n|-damage|p1a: Sylveon|210/300\n|-heal|p2a: Scrafty|145/244|[from] drain|[of] p1a: Sylveon\n|\n|-heal|p2a: Scrafty|160/244|[from] item: Leftovers\n|upkeep\n|turn|25\n|\n|t:|1781427928\n|switch|p2a: Fezandipiti|Fezandipiti, L82, M|155/278\n|-damage|p2a: Fezandipiti|121/278|[from] Stealth Rock\n|move|p1a: Sylveon|Hyper Voice|p2a: Fezandipiti\n|-resisted|p2a: Fezandipiti\n|-damage|p2a: Fezandipiti|73/278\n|\n|-heal|p1a: Sylveon|300/300|[from] move: Wish|[wisher] Sylveon\n|-heal|p2a: Fezandipiti|90/278|[from] item: Leftovers\n|upkeep\n|turn|26\n|\n|t:|1781427932\n|switch|p1a: Chansey|Chansey, L85, F|564/564\n|move|p2a: Fezandipiti|Gunk Shot|p1a: Chansey\n|-damage|p1a: Chansey|314/564\n|-status|p1a: Chansey|tox|[from] ability: Toxic Chain|[of] p2a: Fezandipiti\n|\n|-heal|p2a: Fezandipiti|107/278|[from] item: Leftovers\n|-damage|p1a: Chansey|279/564 tox|[from] psn\n|upkeep\n|turn|27\n|\n|t:|1781427943\n|move|p2a: Fezandipiti|Gunk Shot|p1a: Chansey|[miss]\n|-miss|p2a: Fezandipiti|p1a: Chansey\n|move|p1a: Chansey|Soft-Boiled|p1a: Chansey\n|-heal|p1a: Chansey|561/564 tox\n|\n|-heal|p2a: Fezandipiti|124/278|[from] item: Leftovers\n|-damage|p1a: Chansey|491/564 tox|[from] psn\n|upkeep\n|turn|28\n|\n|t:|1781427948\n|move|p2a: Fezandipiti|Gunk Shot|p1a: Chansey\n|-damage|p1a: Chansey|230/564 tox\n|move|p1a: Chansey|Thunder Wave|p2a: Fezandipiti\n|-status|p2a: Fezandipiti|par\n|\n|-heal|p2a: Fezandipiti|141/278 par|[from] item: Leftovers\n|-damage|p1a: Chansey|125/564 tox|[from] psn\n|upkeep\n|turn|29\n|\n|t:|1781427952\n|move|p1a: Chansey|Soft-Boiled|p1a: Chansey\n|-heal|p1a: Chansey|407/564 tox\n|move|p2a: Fezandipiti|Roost|p2a: Fezandipiti\n|-heal|p2a: Fezandipiti|278/278 par\n|-singleturn|p2a: Fezandipiti|move: Roost\n|\n|-damage|p1a: Chansey|267/564 tox|[from] psn\n|upkeep\n|turn|30\n|\n|t:|1781427957\n|move|p1a: Chansey|Soft-Boiled|p1a: Chansey\n|-heal|p1a: Chansey|549/564 tox\n|cant|p2a: Fezandipiti|par\n|\n|-damage|p1a: Chansey|374/564 tox|[from] psn\n|upkeep\n|turn|31\n|j| Poi890\n|\n|t:|1781427967\n|move|p1a: Chansey|Soft-Boiled|p1a: Chansey\n|-heal|p1a: Chansey|564/564 tox\n|cant|p2a: Fezandipiti|par\n|\n|-damage|p1a: Chansey|354/564 tox|[from] psn\n|upkeep\n|turn|32\n|\n|t:|1781427987\n|-curestatus|p1a: Chansey|tox|[from] ability: Natural Cure|[silent]\n|switch|p1a: Kommo-o|Kommo-o, L78, M|245/245\n|move|p2a: Fezandipiti|Beat Up|p1a: Kommo-o\n|-resisted|p1a: Kommo-o\n|-damage|p1a: Kommo-o|241/245\n|-resisted|p1a: Kommo-o\n|-damage|p1a: Kommo-o|237/245\n|-resisted|p1a: Kommo-o\n|-damage|p1a: Kommo-o|233/245\n|-status|p1a: Kommo-o|tox|[from] ability: Toxic Chain|[of] p2a: Fezandipiti\n|-resisted|p1a: Kommo-o\n|-damage|p1a: Kommo-o|229/245 tox\n|-resisted|p1a: Kommo-o\n|-damage|p1a: Kommo-o|225/245 tox\n|-hitcount|p1a: Kommo-o|5\n|\n|-damage|p1a: Kommo-o|210/245 tox|[from] psn\n|upkeep\n|turn|33\n|\n|t:|1781427992\n|switch|p1a: Chansey|Chansey, L85, F|354/564\n|move|p2a: Fezandipiti|Moonblast|p1a: Chansey\n|-damage|p1a: Chansey|311/564\n|-status|p1a: Chansey|tox|[from] ability: Toxic Chain|[of] p2a: Fezandipiti\n|\n|-damage|p1a: Chansey|276/564 tox|[from] psn\n|upkeep\n|turn|34\n|\n|t:|1781427997\n|move|p1a: Chansey|Soft-Boiled|p1a: Chansey\n|-heal|p1a: Chansey|558/564 tox\n|cant|p2a: Fezandipiti|par\n|\n|-damage|p1a: Chansey|488/564 tox|[from] psn\n|upkeep\n|turn|35\n|\n|t:|1781428005\n|-curestatus|p1a: Chansey|tox|[from] ability: Natural Cure|[silent]\n|switch|p1a: Kommo-o|Kommo-o, L78, M|210/245 tox\n|move|p2a: Fezandipiti|Gunk Shot|p1a: Kommo-o|[miss]\n|-miss|p2a: Fezandipiti|p1a: Kommo-o\n|\n|-damage|p1a: Kommo-o|195/245 tox|[from] psn\n|upkeep\n|turn|36\n|\n|t:|1781428012\n|switch|p1a: Chansey|Chansey, L85, F|488/564\n|move|p2a: Fezandipiti|Beat Up|p1a: Chansey\n|-damage|p1a: Chansey|467/564\n|-status|p1a: Chansey|tox|[from] ability: Toxic Chain|[of] p2a: Fezandipiti\n|-damage|p1a: Chansey|444/564 tox\n|-damage|p1a: Chansey|423/564 tox\n|-damage|p1a: Chansey|403/564 tox\n|-damage|p1a: Chansey|382/564 tox\n|-hitcount|p1a: Chansey|5\n|\n|-damage|p1a: Chansey|347/564 tox|[from] psn\n|upkeep\n|turn|37\n|\n|t:|1781428019\n|move|p1a: Chansey|Seismic Toss|p2a: Fezandipiti\n|-damage|p2a: Fezandipiti|193/278 par\n|cant|p2a: Fezandipiti|par\n|\n|-heal|p2a: Fezandipiti|210/278 par|[from] item: Leftovers\n|-damage|p1a: Chansey|277/564 tox|[from] psn\n|upkeep\n|turn|38\n|\n|t:|1781428023\n|move|p1a: Chansey|Soft-Boiled|p1a: Chansey\n|-heal|p1a: Chansey|559/564 tox\n|move|p2a: Fezandipiti|Gunk Shot|p1a: Chansey\n|-damage|p1a: Chansey|318/564 tox\n|\n|-heal|p2a: Fezandipiti|227/278 par|[from] item: Leftovers\n|-damage|p1a: Chansey|213/564 tox|[from] psn\n|upkeep\n|turn|39\n|\n|t:|1781428030\n|-curestatus|p1a: Chansey|tox|[from] ability: Natural Cure|[silent]\n|switch|p1a: Kommo-o|Kommo-o, L78, M|195/245 tox\n|move|p2a: Fezandipiti|Beat Up|p1a: Kommo-o\n|-resisted|p1a: Kommo-o\n|-damage|p1a: Kommo-o|192/245 tox\n|-resisted|p1a: Kommo-o\n|-damage|p1a: Kommo-o|188/245 tox\n|-resisted|p1a: Kommo-o\n|-damage|p1a: Kommo-o|184/245 tox\n|-resisted|p1a: Kommo-o\n|-damage|p1a: Kommo-o|181/245 tox\n|-resisted|p1a: Kommo-o\n|-damage|p1a: Kommo-o|177/245 tox\n|-hitcount|p1a: Kommo-o|5\n|\n|-heal|p2a: Fezandipiti|244/278 par|[from] item: Leftovers\n|-damage|p1a: Kommo-o|162/245 tox|[from] psn\n|upkeep\n|turn|40\n|\n|t:|1781428038\n|switch|p1a: Chansey|Chansey, L85, F|213/564\n|move|p2a: Fezandipiti|Moonblast|p1a: Chansey\n|-damage|p1a: Chansey|168/564\n|-unboost|p1a: Chansey|spa|1\n|\n|-heal|p2a: Fezandipiti|261/278 par|[from] item: Leftovers\n|upkeep\n|turn|41\n|\n|t:|1781428041\n|move|p1a: Chansey|Soft-Boiled|p1a: Chansey\n|-heal|p1a: Chansey|450/564\n|move|p2a: Fezandipiti|Beat Up|p1a: Chansey\n|-damage|p1a: Chansey|429/564\n|-damage|p1a: Chansey|408/564\n|-status|p1a: Chansey|tox|[from] ability: Toxic Chain|[of] p2a: Fezandipiti\n|-crit|p1a: Chansey\n|-damage|p1a: Chansey|379/564 tox\n|-damage|p1a: Chansey|359/564 tox\n|-damage|p1a: Chansey|339/564 tox\n|-hitcount|p1a: Chansey|5\n|\n|-heal|p2a: Fezandipiti|278/278 par|[from] item: Leftovers\n|-damage|p1a: Chansey|304/564 tox|[from] psn\n|upkeep\n|turn|42\n|\n|t:|1781428048\n|move|p1a: Chansey|Soft-Boiled|p1a: Chansey\n|-heal|p1a: Chansey|564/564 tox\n|move|p2a: Fezandipiti|Beat Up|p1a: Chansey\n|-damage|p1a: Chansey|543/564 tox\n|-damage|p1a: Chansey|523/564 tox\n|-damage|p1a: Chansey|503/564 tox\n|-damage|p1a: Chansey|482/564 tox\n|-damage|p1a: Chansey|461/564 tox\n|-hitcount|p1a: Chansey|5\n|\n|-damage|p1a: Chansey|391/564 tox|[from] psn\n|upkeep\n|turn|43\n|\n|t:|1781428051\n|-curestatus|p1a: Chansey|tox|[from] ability: Natural Cure|[silent]\n|switch|p1a: Kommo-o|Kommo-o, L78, M|162/245 tox\n|cant|p2a: Fezandipiti|par\n|\n|-damage|p1a: Kommo-o|147/245 tox|[from] psn\n|upkeep\n|turn|44\n|\n|t:|1781428055\n|move|p1a: Kommo-o|Boomburst|p2a: Fezandipiti\n|-damage|p2a: Fezandipiti|210/278 par\n|-enditem|p1a: Kommo-o|Throat Spray\n|-boost|p1a: Kommo-o|spa|1|[from] item: Throat Spray\n|move|p2a: Fezandipiti|Moonblast|p1a: Kommo-o\n|-supereffective|p1a: Kommo-o\n|-damage|p1a: Kommo-o|0 fnt\n|faint|p1a: Kommo-o\n|\n|-heal|p2a: Fezandipiti|227/278 par|[from] item: Leftovers\n|upkeep\n|\n|t:|1781428063\n|switch|p1a: Chansey|Chansey, L85, F|391/564\n|turn|45\n|\n|t:|1781428066\n|move|p1a: Chansey|Seismic Toss|p2a: Fezandipiti\n|-damage|p2a: Fezandipiti|142/278 par\n|cant|p2a: Fezandipiti|par\n|\n|-heal|p2a: Fezandipiti|159/278 par|[from] item: Leftovers\n|upkeep\n|turn|46\n|\n|t:|1781428069\n|move|p1a: Chansey|Seismic Toss|p2a: Fezandipiti\n|-damage|p2a: Fezandipiti|74/278 par\n|cant|p2a: Fezandipiti|par\n|\n|-heal|p2a: Fezandipiti|91/278 par|[from] item: Leftovers\n|upkeep\n|turn|47\n|\n|t:|1781428072\n|move|p1a: Chansey|Seismic Toss|p2a: Fezandipiti\n|-damage|p2a: Fezandipiti|6/278 par\n|cant|p2a: Fezandipiti|par\n|\n|-heal|p2a: Fezandipiti|23/278 par|[from] item: Leftovers\n|upkeep\n|turn|48\n|\n|t:|1781428076\n|move|p1a: Chansey|Seismic Toss|p2a: Fezandipiti\n|-damage|p2a: Fezandipiti|0 fnt\n|faint|p2a: Fezandipiti\n|\n|upkeep\n|\n|t:|1781428079\n|switch|p2a: Scrafty|Scrafty, L83, M|160/244\n|-damage|p2a: Scrafty|145/244|[from] Stealth Rock\n|turn|49\n|\n|t:|1781428082\n|switch|p2a: Grafaiai|Grafaiai, L86, M|249/249\n|-damage|p2a: Grafaiai|218/249|[from] Stealth Rock\n|switch|p1a: Sylveon|Sylveon, L85, M|300/300\n|\n|upkeep\n|turn|50\n|\n|t:|1781428090\n|switch|p1a: Chansey|Chansey, L85, F|391/564\n|move|p2a: Grafaiai|Swords Dance|p2a: Grafaiai\n|-boost|p2a: Grafaiai|atk|2\n|\n|upkeep\n|turn|51\n|\n|t:|1781428094\n|move|p2a: Grafaiai|Gunk Shot|p1a: Chansey|[miss]\n|-miss|p2a: Grafaiai|p1a: Chansey\n|move|p1a: Chansey|Thunder Wave|p2a: Grafaiai\n|-status|p2a: Grafaiai|par\n|\n|upkeep\n|turn|52\n|\n|t:|1781428098\n|move|p1a: Chansey|Seismic Toss|p2a: Grafaiai\n|-damage|p2a: Grafaiai|133/249 par\n|move|p2a: Grafaiai|Gunk Shot|p1a: Chansey\n|-damage|p1a: Chansey|0 fnt\n|faint|p1a: Chansey\n|-damage|p2a: Grafaiai|109/249 par|[from] item: Life Orb\n|\n|upkeep\n|\n|t:|1781428109\n|switch|p1a: Tatsugiri|Tatsugiri, L87, M|260/260\n|turn|53\n|\n|t:|1781428121\n|move|p1a: Tatsugiri|Draco Meteor|p2a: Grafaiai\n|-damage|p2a: Grafaiai|0 fnt\n|-unboost|p1a: Tatsugiri|spa|2\n|faint|p2a: Grafaiai\n|\n|upkeep\n|\n|t:|1781428125\n|switch|p2a: Gastrodon|Gastrodon-East, L86, M|331/331\n|-damage|p2a: Gastrodon|311/331|[from] Stealth Rock\n|turn|54\n|\n|t:|1781428131\n|switch|p1a: Sylveon|Sylveon, L85, M|300/300\n|move|p2a: Gastrodon|Earthquake|p1a: Sylveon\n|-damage|p1a: Sylveon|182/300\n|\n|-heal|p2a: Gastrodon|331/331|[from] item: Leftovers\n|upkeep\n|turn|55\n|\n|t:|1781428135\n|switch|p2a: Calyrex|Calyrex, L93|337/337\n|-ability|p2a: Calyrex|Unnerve\n|-damage|p2a: Calyrex|295/337|[from] Stealth Rock\n|move|p1a: Sylveon|Wish|p1a: Sylveon\n|\n|-heal|p2a: Calyrex|316/337|[from] item: Leftovers\n|upkeep\n|turn|56\n|\n|t:|1781428144\n|move|p2a: Calyrex|Psyshock|p1a: Sylveon\n|-damage|p1a: Sylveon|71/300\n|move|p1a: Sylveon|Hyper Voice|p2a: Calyrex\n|-damage|p2a: Calyrex|178/337\n|\n|-heal|p1a: Sylveon|221/300|[from] move: Wish|[wisher] Sylveon\n|-heal|p2a: Calyrex|199/337|[from] item: Leftovers\n|upkeep\n|turn|57\n|\n|t:|1781428153\n|-terastallize|p2a: Calyrex|Steel\n|move|p2a: Calyrex|Psyshock|p1a: Sylveon\n|-damage|p1a: Sylveon|119/300\n|move|p1a: Sylveon|Wish|p1a: Sylveon\n|\n|-heal|p2a: Calyrex|220/337|[from] item: Leftovers\n|upkeep\n|turn|58\n|\n|t:|1781428171\n|move|p2a: Calyrex|Giga Drain|p1a: Sylveon\n|-damage|p1a: Sylveon|59/300\n|-heal|p2a: Calyrex|250/337|[from] drain|[of] p1a: Sylveon\n|move|p1a: Sylveon|Hyper Voice|p2a: Calyrex\n|-resisted|p2a: Calyrex\n|-damage|p2a: Calyrex|184/337\n|\n|-heal|p1a: Sylveon|209/300|[from] move: Wish|[wisher] Sylveon\n|-heal|p2a: Calyrex|205/337|[from] item: Leftovers\n|upkeep\n|turn|59\n|\n|t:|1781428185\n|move|p2a: Calyrex|Psyshock|p1a: Sylveon\n|-damage|p1a: Sylveon|100/300\n|move|p1a: Sylveon|Wish|p1a: Sylveon\n|\n|-heal|p2a: Calyrex|226/337|[from] item: Leftovers\n|upkeep\n|turn|60\n|\n|t:|1781428193\n|move|p1a: Sylveon|Protect|p1a: Sylveon\n|-singleturn|p1a: Sylveon|Protect\n|move|p2a: Calyrex|Encore|p1a: Sylveon\n|-activate|p1a: Sylveon|move: Protect\n|\n|-heal|p1a: Sylveon|250/300|[from] move: Wish|[wisher] Sylveon\n|-heal|p2a: Calyrex|247/337|[from] item: Leftovers\n|upkeep\n|turn|61\n|\n|t:|1781428202\n|move|p2a: Calyrex|Giga Drain|p1a: Sylveon\n|-damage|p1a: Sylveon|184/300\n|-heal|p2a: Calyrex|280/337|[from] drain|[of] p1a: Sylveon\n|move|p1a: Sylveon|Wish|p1a: Sylveon\n|\n|-heal|p2a: Calyrex|301/337|[from] item: Leftovers\n|upkeep\n|turn|62\n|\n|t:|1781428209\n|switch|p1a: Tatsugiri|Tatsugiri, L87, M|260/260\n|move|p2a: Calyrex|Encore||[still]\n|-fail|p2a: Calyrex\n|\n|-heal|p2a: Calyrex|322/337|[from] item: Leftovers\n|upkeep\n|turn|63\n|\n|t:|1781428216\n|move|p2a: Calyrex|Psyshock|p1a: Tatsugiri\n|-damage|p1a: Tatsugiri|149/260\n|move|p1a: Tatsugiri|Rapid Spin|p2a: Calyrex\n|-resisted|p2a: Calyrex\n|-damage|p2a: Calyrex|311/337\n|-boost|p1a: Tatsugiri|spe|1\n|\n|-heal|p2a: Calyrex|332/337|[from] item: Leftovers\n|upkeep\n|turn|64\n|\n|t:|1781428221\n|switch|p2a: Gastrodon|Gastrodon-East, L86, M|331/331\n|-damage|p2a: Gastrodon|311/331|[from] Stealth Rock\n|move|p1a: Tatsugiri|Surf|p2a: Gastrodon\n|-ability|p2a: Gastrodon|Storm Drain|boost\n|-boost|p2a: Gastrodon|spa|1\n|\n|-heal|p2a: Gastrodon|331/331|[from] item: Leftovers\n|upkeep\n|turn|65\n|\n|t:|1781428225\n|move|p1a: Tatsugiri|Nasty Plot|p1a: Tatsugiri\n|-boost|p1a: Tatsugiri|spa|2\n|move|p2a: Gastrodon|Earthquake|p1a: Tatsugiri\n|-damage|p1a: Tatsugiri|32/260\n|\n|upkeep\n|turn|66\n|\n|t:|1781428228\n|move|p1a: Tatsugiri|Draco Meteor|p2a: Gastrodon\n|-damage|p2a: Gastrodon|0 fnt\n|-unboost|p1a: Tatsugiri|spa|2\n|faint|p2a: Gastrodon\n|\n|upkeep\n|\n|t:|1781428236\n|switch|p2a: Scrafty|Scrafty, L83, M|145/244\n|-damage|p2a: Scrafty|130/244|[from] Stealth Rock\n|turn|67\n|\n|t:|1781428241\n|switch|p1a: Sylveon|Sylveon, L85, M|184/300\n|move|p2a: Scrafty|Drain Punch|p1a: Sylveon\n|-resisted|p1a: Sylveon\n|-crit|p1a: Sylveon\n|-damage|p1a: Sylveon|115/300\n|-heal|p2a: Scrafty|165/244|[from] drain|[of] p1a: Sylveon\n|\n|-heal|p2a: Scrafty|180/244|[from] item: Leftovers\n|upkeep\n|turn|68\n|\n|t:|1781428247\n|move|p1a: Sylveon|Wish|p1a: Sylveon\n|move|p2a: Scrafty|Drain Punch|p1a: Sylveon\n|-resisted|p1a: Sylveon\n|-damage|p1a: Sylveon|70/300\n|-heal|p2a: Scrafty|203/244|[from] drain|[of] p1a: Sylveon\n|\n|-heal|p2a: Scrafty|218/244|[from] item: Leftovers\n|upkeep\n|turn|69\n|\n|t:|1781428263\n|switch|p2a: Calyrex|Calyrex, L93, tera:Steel|332/337\n|-ability|p2a: Calyrex|Unnerve\n|-damage|p2a: Calyrex|311/337|[from] Stealth Rock\n|move|p1a: Sylveon|Calm Mind|p1a: Sylveon\n|-boost|p1a: Sylveon|spa|1\n|-boost|p1a: Sylveon|spd|1\n|\n|-heal|p1a: Sylveon|220/300|[from] move: Wish|[wisher] Sylveon\n|-heal|p2a: Calyrex|332/337|[from] item: Leftovers\n|upkeep\n|turn|70\n|\n|t:|1781428278\n|switch|p1a: Tatsugiri|Tatsugiri, L87, M|32/260\n|move|p2a: Calyrex|Encore||[still]\n|-fail|p2a: Calyrex\n|\n|-heal|p2a: Calyrex|337/337|[from] item: Leftovers\n|upkeep\n|turn|71\n|\n|t:|1781428285\n|switch|p1a: Sylveon|Sylveon, L85, M|220/300\n|move|p2a: Calyrex|Body Press|p1a: Sylveon\n|-resisted|p1a: Sylveon\n|-damage|p1a: Sylveon|182/300\n|\n|upkeep\n|turn|72\n|\n|t:|1781428294\n|move|p2a: Calyrex|Psyshock|p1a: Sylveon\n|-damage|p1a: Sylveon|76/300\n|move|p1a: Sylveon|Wish|p1a: Sylveon\n|\n|upkeep\n|turn|73\n|\n|t:|1781428299\n|move|p1a: Sylveon|Protect|p1a: Sylveon\n|-singleturn|p1a: Sylveon|Protect\n|move|p2a: Calyrex|Body Press|p1a: Sylveon\n|-activate|p1a: Sylveon|move: Protect\n|\n|-heal|p1a: Sylveon|226/300|[from] move: Wish|[wisher] Sylveon\n|upkeep\n|turn|74\n|\n|t:|1781428304\n|move|p2a: Calyrex|Encore|p1a: Sylveon\n|-start|p1a: Sylveon|Encore\n|move|p1a: Sylveon|Protect||[still]\n|-fail|p1a: Sylveon\n|\n|upkeep\n|turn|75\n|\n|t:|1781428309\n|move|p1a: Sylveon|Protect|p1a: Sylveon\n|-singleturn|p1a: Sylveon|Protect\n|move|p2a: Calyrex|Body Press|p1a: Sylveon\n|-activate|p1a: Sylveon|move: Protect\n|\n|upkeep\n|turn|76\n|\n|t:|1781428321\n|switch|p1a: Tatsugiri|Tatsugiri, L87, M|32/260\n|move|p2a: Calyrex|Psyshock|p1a: Tatsugiri\n|-damage|p1a: Tatsugiri|0 fnt\n|faint|p1a: Tatsugiri\n|\n|upkeep\n|\n|t:|1781428324\n|switch|p1a: Sylveon|Sylveon, L85, M|226/300\n|turn|77\n|\n|t:|1781428330\n|move|p2a: Calyrex|Body Press|p1a: Sylveon\n|-resisted|p1a: Sylveon\n|-damage|p1a: Sylveon|191/300\n|move|p1a: Sylveon|Hyper Voice|p2a: Calyrex\n|-resisted|p2a: Calyrex\n|-damage|p2a: Calyrex|272/337\n|\n|-heal|p2a: Calyrex|293/337|[from] item: Leftovers\n|upkeep\n|turn|78\n|\n|t:|1781428336\n|move|p2a: Calyrex|Psyshock|p1a: Sylveon\n|-damage|p1a: Sylveon|83/300\n|move|p1a: Sylveon|Wish|p1a: Sylveon\n|\n|-heal|p2a: Calyrex|314/337|[from] item: Leftovers\n|upkeep\n|turn|79\n|\n|t:|1781428342\n|move|p1a: Sylveon|Protect|p1a: Sylveon\n|-singleturn|p1a: Sylveon|Protect\n|move|p2a: Calyrex|Body Press|p1a: Sylveon\n|-activate|p1a: Sylveon|move: Protect\n|\n|-heal|p1a: Sylveon|233/300|[from] move: Wish|[wisher] Sylveon\n|-heal|p2a: Calyrex|335/337|[from] item: Leftovers\n|upkeep\n|turn|80\n|\n|t:|1781428348\n|move|p2a: Calyrex|Encore|p1a: Sylveon\n|-start|p1a: Sylveon|Encore\n|move|p1a: Sylveon|Protect||[still]\n|-fail|p1a: Sylveon\n|\n|-heal|p2a: Calyrex|337/337|[from] item: Leftovers\n|upkeep\n|turn|81\n|\n|t:|1781428352\n|move|p1a: Sylveon|Protect|p1a: Sylveon\n|-singleturn|p1a: Sylveon|Protect\n|move|p2a: Calyrex|Body Press|p1a: Sylveon\n|-activate|p1a: Sylveon|move: Protect\n|\n|upkeep\n|turn|82\n|\n|t:|1781428356\n|move|p1a: Sylveon|Protect||[still]\n|-fail|p1a: Sylveon\n|move|p2a: Calyrex|Psyshock|p1a: Sylveon\n|-damage|p1a: Sylveon|121/300\n|\n|-end|p1a: Sylveon|Encore\n|upkeep\n|turn|83\n|\n|t:|1781428361\n|move|p1a: Sylveon|Protect|p1a: Sylveon\n|-singleturn|p1a: Sylveon|Protect\n|move|p2a: Calyrex|Encore|p1a: Sylveon\n|-activate|p1a: Sylveon|move: Protect\n|\n|upkeep\n|turn|84\n|\n|t:|1781428365\n|move|p2a: Calyrex|Encore|p1a: Sylveon\n|-start|p1a: Sylveon|Encore\n|move|p1a: Sylveon|Protect||[still]\n|-fail|p1a: Sylveon\n|\n|upkeep\n|turn|85\n|\n|t:|1781428380\n|move|p1a: Sylveon|Protect|p1a: Sylveon\n|-singleturn|p1a: Sylveon|Protect\n|move|p2a: Calyrex|Body Press|p1a: Sylveon\n|-activate|p1a: Sylveon|move: Protect\n|\n|upkeep\n|turn|86\n|\n|t:|1781428385\n|move|p1a: Sylveon|Protect||[still]\n|-fail|p1a: Sylveon\n|move|p2a: Calyrex|Psyshock|p1a: Sylveon\n|-damage|p1a: Sylveon|18/300\n|\n|-end|p1a: Sylveon|Encore\n|upkeep\n|turn|87\n|\n|t:|1781428389\n|move|p2a: Calyrex|Giga Drain|p1a: Sylveon\n|-damage|p1a: Sylveon|0 fnt\n|faint|p1a: Sylveon\n|\n|win|Jxyjia\n|raw|bilabong's rating: 1999 &rarr; <strong>1977</strong><br />(-22 for losing)\n|raw|Jxyjia's rating: 1969 &rarr; <strong>1991</strong><br />(+22 for winning)\n", "inputlog": ">version a8376a258c1d4662feba110a92103f3664a72141\n>start {\"formatid\":\"gen9randombattle\",\"seed\":\"sodium,688dc5b04ad515e8a3039f219d0ae2d7\",\"rated\":\"Rated battle\"}\n>player p1 {\"name\":\"bilabong\",\"avatar\":\"265\",\"rating\":1999,\"seed\":\"sodium,65fe0cc2327e79678fa5c71711ce70f5\"}\n>player p2 {\"name\":\"Jxyjia\",\"avatar\":\"1\",\"rating\":1969,\"seed\":\"sodium,82b4ba45a8080e3f8a965e1278b907ca\"}\n>p1 move fierydance\n>p2 move knockoff\n>p1 move fierydance\n>p2 switch 4\n>p1 move quiverdance terastallize\n>p2 move diamondstorm\n>p1 move gigadrain\n>p2 switch 5\n>p1 move morningsun\n>p2 move beatup\n>p1 move fierydance\n>p2 move beatup\n>p1 move morningsun\n>p2 switch 4\n>p1 move fierydance\n>p2 move drainpunch\n>p1 switch 2\n>p1 move calmmind\n>p2 switch 5\n>p1 move hypervoice\n>p2 move diamondstorm\n>p1 move hypervoice\n>p2 move diamondstorm\n>p2 switch 4\n>p1 move hypervoice\n>p2 move roost\n>p1 switch 6\n>p2 move gunkshot\n>p1 move stealthrock\n>p2 switch 5\n>p1 switch 6\n>p2 move knockoff\n>p1 move wish\n>p2 switch 5\n>p1 move protect\n>p2 move gunkshot\n>p1 switch 3\n>p2 move beatup\n>p1 move earthpower\n>p2 move moonblast\n>p1 move rapidspin\n>p2 move roost\n>p1 move earthpower\n>p2 move moonblast\n>p1 switch 6\n>p1 move seismictoss\n>p2 switch 5\n>p1 switch 3\n>p2 move drainpunch\n>p1 move wish\n>p2 move drainpunch\n>p1 move hypervoice\n>p2 switch 5\n>p1 switch 3\n>p2 move gunkshot\n>p1 move softboiled\n>p2 move gunkshot\n>p1 move thunderwave\n>p2 move gunkshot\n>p1 move softboiled\n>p2 move roost\n>p1 move softboiled\n>p2 move moonblast\n>p1 move softboiled\n>p2 move beatup\n>p1 switch 4\n>p2 move beatup\n>p1 switch 4\n>p2 move moonblast\n>p1 move softboiled\n>p2 move gunkshot\n>p1 switch 4\n>p2 move gunkshot\n>p1 switch 4\n>p2 move beatup\n>p1 move seismictoss\n>p2 move moonblast\n>p1 move softboiled\n>p2 move gunkshot\n>p1 switch 4\n>p2 move beatup\n>p1 switch 4\n>p2 move moonblast\n>p1 move softboiled\n>p2 move beatup\n>p1 move softboiled\n>p2 move beatup\n>p1 switch 4\n>p2 move moonblast\n>p1 move boomburst\n>p2 move moonblast\n>p1 switch 4\n>p1 move seismictoss\n>p2 move beatup\n>p1 move seismictoss\n>p2 move roost\n>p1 move seismictoss\n>p2 move roost\n>p1 move seismictoss\n>p2 move roost\n>p2 switch 5\n>p1 switch 3\n>p2 switch 2\n>p1 switch 3\n>p2 move swordsdance\n>p1 move thunderwave\n>p2 move gunkshot\n>p1 move seismictoss\n>p2 move gunkshot\n>p1 switch 5\n>p1 move dracometeor\n>p2 move knockoff\n>p2 switch 3\n>p1 switch 3\n>p2 move earthquake\n>p1 move wish\n>p2 switch 6\n>p1 move hypervoice\n>p2 move psyshock\n>p1 move wish\n>p2 move psyshock terastallize\n>p1 move hypervoice\n>p2 move gigadrain\n>p1 move wish\n>p2 move psyshock\n>p1 move protect\n>p2 move encore\n>p1 move wish\n>p2 move gigadrain\n>p1 switch 3\n>p2 move encore\n>p1 move rapidspin\n>p2 move psyshock\n>p1 move surf\n>p2 switch 6\n>p1 move nastyplot\n>p2 move earthquake\n>p1 move dracometeor\n>p2 move recover\n>p2 switch 2\n>p1 switch 3\n>p2 move drainpunch\n>p1 move wish\n>p2 move drainpunch\n>p1 move calmmind\n>p2 switch 6\n>p1 switch 3\n>p2 move encore\n>p1 switch 3\n>p2 move bodypress\n>p1 move wish\n>p2 move psyshock\n>p1 move protect\n>p2 move bodypress\n>p1 move hypervoice\n>p2 move encore\n>p1 move protect\n>p2 move bodypress\n>p1 switch 3\n>p2 move psyshock\n>p1 switch 3\n>p1 move hypervoice\n>p2 move bodypress\n>p1 move wish\n>p2 move psyshock\n>p1 move protect\n>p2 move bodypress\n>p1 move wish\n>p2 move encore\n>p1 move protect\n>p2 move bodypress\n>p1 move protect\n>p2 move psyshock\n>p1 move protect\n>p2 move encore\n>p1 move wish\n>p2 move encore\n>p1 move protect\n>p2 move bodypress\n>p1 move protect\n>p2 move psyshock\n>p1 move wish\n>p2 move gigadrain", "uploadtime": 1781427733, "views": 5, "formatid": "gen9randombattle", "rating": 1977, "private": 0, "password": null}