{"id": "gen9randombattle-2631563377", "format": "[Gen 9] Random Battle", "players": ["EK Mike in abyss", "Bigoleg"], "log": "|j|\u2606EK Mike in abyss\n|j|\u2606Bigoleg\n|t:|1781401832\n|gametype|singles\n|player|p1|EK Mike in abyss|iono|2088\n|player|p2|Bigoleg|169|2141\n|gen|9\n|tier|[Gen 9] Random Battle\n|rated|\n|rule|Species Clause: Limit one of each Pok\u00e9mon\n|rule|HP Percentage Mod: HP is shown in percentages\n|rule|Sleep Clause Mod: Limit one foe put to sleep\n|rule|Illusion Level Mod: Illusion disguises the Pok\u00e9mon's true level\n|\n|t:|1781401832\n|teamsize|p1|6\n|teamsize|p2|6\n|start\n|switch|p1a: Arboliva|Arboliva, L91, M|290/290\n|switch|p2a: Rayquaza|Rayquaza, L72|270/270\n|-ability|p2a: Rayquaza|Air Lock\n|turn|1\n|inactive|Battle timer is ON: inactive players will automatically lose when time's up. (requested by Bigoleg)\n|\n|t:|1781401840\n|move|p2a: Rayquaza|U-turn|p1a: Arboliva\n|-supereffective|p1a: Arboliva\n|-crit|p1a: Arboliva\n|-damage|p1a: Arboliva|90/290\n|-fieldstart|move: Grassy Terrain|[from] ability: Seed Sower|[of] p1a: Arboliva\n|\n|t:|1781401844\n|switch|p2a: Vespiquen|Vespiquen, L99, F|299/299|[from] U-turn\n|-ability|p2a: Vespiquen|Pressure\n|move|p1a: Arboliva|Hyper Voice|p2a: Vespiquen\n|-damage|p2a: Vespiquen|188/299\n|\n|-heal|p1a: Arboliva|108/290|[from] Grassy Terrain\n|-heal|p1a: Arboliva|126/290|[from] item: Leftovers\n|upkeep\n|turn|2\n|\n|t:|1781401849\n|switch|p1a: Banette|Banette, L93, M|270/270\n|move|p2a: Vespiquen|Toxic|p1a: Banette\n|-status|p1a: Banette|tox\n|\n|-damage|p1a: Banette|254/270 tox|[from] psn\n|upkeep\n|turn|3\n|\n|t:|1781401855\n|move|p1a: Banette|Poltergeist|p2a: Vespiquen\n|-activate|p2a: Vespiquen|move: Poltergeist|Heavy-Duty Boots\n|-damage|p2a: Vespiquen|27/299\n|-damage|p1a: Banette|227/270 tox|[from] item: Life Orb\n|move|p2a: Vespiquen|U-turn|p1a: Banette\n|-resisted|p1a: Banette\n|-crit|p1a: Banette\n|-damage|p1a: Banette|149/270 tox\n|\n|t:|1781401873\n|switch|p2a: Hypno|Hypno, L95, F|315/315|[from] U-turn\n|\n|-heal|p1a: Banette|165/270 tox|[from] Grassy Terrain\n|-damage|p1a: Banette|133/270 tox|[from] psn\n|upkeep\n|turn|4\n|\n|t:|1781401900\n|switch|p2a: Umbreon|Umbreon, L84, F|297/297\n|move|p1a: Banette|Shadow Sneak|p2a: Umbreon\n|-resisted|p2a: Umbreon\n|-damage|p2a: Umbreon|262/297\n|-damage|p1a: Banette|106/270 tox|[from] item: Life Orb\n|\n|-heal|p1a: Banette|122/270 tox|[from] Grassy Terrain\n|-heal|p2a: Umbreon|280/297|[from] Grassy Terrain\n|-heal|p2a: Umbreon|297/297|[from] item: Leftovers\n|-damage|p1a: Banette|74/270 tox|[from] psn\n|upkeep\n|turn|5\n|\n|t:|1781401911\n|move|p2a: Umbreon|Protect|p2a: Umbreon\n|-singleturn|p2a: Umbreon|Protect\n|move|p1a: Banette|Thunder Wave|p2a: Umbreon\n|-activate|p2a: Umbreon|move: Protect\n|\n|-heal|p1a: Banette|90/270 tox|[from] Grassy Terrain\n|-damage|p1a: Banette|26/270 tox|[from] psn\n|-fieldend|move: Grassy Terrain\n|upkeep\n|turn|6\n|\n|t:|1781401918\n|switch|p2a: Vespiquen|Vespiquen, L99, F|27/299\n|-ability|p2a: Vespiquen|Pressure\n|move|p1a: Banette|Thunder Wave|p2a: Vespiquen\n|-status|p2a: Vespiquen|par\n|\n|-damage|p1a: Banette|0 fnt|[from] psn\n|faint|p1a: Banette\n|upkeep\n|\n|t:|1781401930\n|switch|p1a: Arboliva|Arboliva, L91, M|126/290\n|turn|7\n|\n|t:|1781401935\n|move|p1a: Arboliva|Hyper Voice|p2a: Vespiquen\n|-damage|p2a: Vespiquen|0 fnt\n|faint|p2a: Vespiquen\n|\n|-heal|p1a: Arboliva|144/290|[from] item: Leftovers\n|upkeep\n|\n|t:|1781401941\n|switch|p2a: Hypno|Hypno, L95, F|315/315\n|turn|8\n|\n|t:|1781401969\n|move|p2a: Hypno|Toxic|p1a: Arboliva\n|-status|p1a: Arboliva|tox\n|move|p1a: Arboliva|Energy Ball|p2a: Hypno\n|-damage|p2a: Hypno|216/315\n|\n|-heal|p2a: Hypno|235/315|[from] item: Leftovers\n|-heal|p1a: Arboliva|162/290 tox|[from] item: Leftovers\n|-damage|p1a: Arboliva|144/290 tox|[from] psn\n|upkeep\n|turn|9\n|\n|t:|1781401975\n|move|p2a: Hypno|Protect|p2a: Hypno\n|-singleturn|p2a: Hypno|Protect\n|move|p1a: Arboliva|Energy Ball|p2a: Hypno\n|-activate|p2a: Hypno|move: Protect\n|\n|-heal|p2a: Hypno|254/315|[from] item: Leftovers\n|-heal|p1a: Arboliva|162/290 tox|[from] item: Leftovers\n|-damage|p1a: Arboliva|126/290 tox|[from] psn\n|upkeep\n|turn|10\n|\n|t:|1781401978\n|move|p2a: Hypno|Psychic Noise|p1a: Arboliva\n|-damage|p1a: Arboliva|62/290 tox\n|-start|p1a: Arboliva|move: Heal Block\n|-fieldstart|move: Grassy Terrain|[from] ability: Seed Sower|[of] p1a: Arboliva\n|move|p1a: Arboliva|Energy Ball|p2a: Hypno\n|-damage|p2a: Hypno|119/315\n|-unboost|p2a: Hypno|spd|1\n|\n|-heal|p2a: Hypno|138/315|[from] Grassy Terrain\n|-heal|p2a: Hypno|157/315|[from] item: Leftovers\n|-damage|p1a: Arboliva|8/290 tox|[from] psn\n|upkeep\n|turn|11\n|\n|t:|1781401985\n|move|p2a: Hypno|Protect|p2a: Hypno\n|-singleturn|p2a: Hypno|Protect\n|move|p1a: Arboliva|Energy Ball|p2a: Hypno\n|-activate|p2a: Hypno|move: Protect\n|\n|-heal|p2a: Hypno|176/315|[from] Grassy Terrain\n|-heal|p2a: Hypno|195/315|[from] item: Leftovers\n|-damage|p1a: Arboliva|0 fnt|[from] psn\n|faint|p1a: Arboliva\n|upkeep\n|\n|t:|1781401990\n|switch|p1a: Greninja|Greninja, L80, M|246/246\n|turn|12\n|\n|t:|1781401997\n|switch|p2a: Umbreon|Umbreon, L84, F|297/297\n|move|p1a: Greninja|Gunk Shot|p2a: Umbreon\n|-start|p1a: Greninja|typechange|Poison|[from] ability: Protean\n|-damage|p2a: Umbreon|175/297\n|-damage|p1a: Greninja|222/246|[from] item: Life Orb\n|\n|-heal|p1a: Greninja|237/246|[from] Grassy Terrain\n|-heal|p2a: Umbreon|193/297|[from] Grassy Terrain\n|-heal|p2a: Umbreon|211/297|[from] item: Leftovers\n|upkeep\n|turn|13\n|\n|t:|1781402003\n|move|p1a: Greninja|Gunk Shot|p2a: Umbreon\n|-damage|p2a: Umbreon|93/297\n|-status|p2a: Umbreon|psn\n|-activate|p2a: Umbreon|ability: Synchronize\n|-immune|p1a: Greninja\n|-damage|p1a: Greninja|213/246|[from] item: Life Orb\n|move|p2a: Umbreon|Wish|p2a: Umbreon\n|\n|-heal|p1a: Greninja|228/246|[from] Grassy Terrain\n|-heal|p2a: Umbreon|111/297 psn|[from] Grassy Terrain\n|-heal|p2a: Umbreon|129/297 psn|[from] item: Leftovers\n|-damage|p2a: Umbreon|92/297 psn|[from] psn\n|upkeep\n|turn|14\n|\n|t:|1781402010\n|switch|p1a: Iron Valiant|Iron Valiant, L78|244/244\n|move|p2a: Umbreon|Protect||[still]\n|-fail|p2a: Umbreon\n|\n|-heal|p2a: Umbreon|240/297 psn|[from] move: Wish|[wisher] Umbreon\n|-heal|p2a: Umbreon|258/297 psn|[from] Grassy Terrain\n|-heal|p2a: Umbreon|276/297 psn|[from] item: Leftovers\n|-damage|p2a: Umbreon|239/297 psn|[from] psn\n|-fieldend|move: Grassy Terrain\n|upkeep\n|turn|15\n|\n|t:|1781402017\n|move|p1a: Iron Valiant|Knock Off|p2a: Umbreon\n|-resisted|p2a: Umbreon\n|-damage|p2a: Umbreon|199/297 psn\n|-enditem|p2a: Umbreon|Leftovers|[from] move: Knock Off|[of] p1a: Iron Valiant\n|-damage|p1a: Iron Valiant|220/244|[from] item: Life Orb\n|move|p2a: Umbreon|Toxic|p1a: Iron Valiant\n|-status|p1a: Iron Valiant|tox\n|\n|-damage|p1a: Iron Valiant|205/244 tox|[from] psn\n|-damage|p2a: Umbreon|162/297 psn|[from] psn\n|upkeep\n|turn|16\n|\n|t:|1781402022\n|move|p1a: Iron Valiant|Moonblast|p2a: Umbreon\n|-supereffective|p2a: Umbreon\n|-damage|p2a: Umbreon|0 fnt\n|faint|p2a: Umbreon\n|-damage|p1a: Iron Valiant|181/244 tox|[from] item: Life Orb\n|\n|-damage|p1a: Iron Valiant|151/244 tox|[from] psn\n|upkeep\n|\n|t:|1781402025\n|switch|p2a: Primarina|Primarina, L83, F|268/268\n|turn|17\n|\n|t:|1781402030\n|-end|p1a: Iron Valiant|Quark Drive|[silent]\n|switch|p1a: Vileplume|Vileplume, L85, F|266/266\n|move|p2a: Primarina|Moonblast|p1a: Vileplume\n|-resisted|p1a: Vileplume\n|-damage|p1a: Vileplume|210/266\n|-unboost|p1a: Vileplume|spa|1\n|\n|-heal|p1a: Vileplume|226/266|[from] item: Leftovers\n|upkeep\n|turn|18\n|\n|t:|1781402035\n|switch|p2a: Hypno|Hypno, L95, F|195/315\n|move|p1a: Vileplume|Sludge Bomb|p2a: Hypno\n|-damage|p2a: Hypno|140/315\n|\n|-heal|p2a: Hypno|159/315|[from] item: Leftovers\n|-heal|p1a: Vileplume|242/266|[from] item: Leftovers\n|upkeep\n|turn|19\n|\n|t:|1781402046\n|switch|p1a: Greninja|Greninja, L80, M|228/246\n|move|p2a: Hypno|Toxic|p1a: Greninja\n|-status|p1a: Greninja|tox\n|\n|-heal|p2a: Hypno|178/315|[from] item: Leftovers\n|-damage|p1a: Greninja|213/246 tox|[from] psn\n|upkeep\n|turn|20\n|\n|t:|1781402051\n|move|p2a: Hypno|Protect|p2a: Hypno\n|-singleturn|p2a: Hypno|Protect\n|move|p1a: Greninja|Dark Pulse|p2a: Hypno\n|-start|p1a: Greninja|typechange|Dark|[from] ability: Protean\n|-activate|p2a: Hypno|move: Protect\n|\n|-heal|p2a: Hypno|197/315|[from] item: Leftovers\n|-damage|p1a: Greninja|183/246 tox|[from] psn\n|upkeep\n|turn|21\n|\n|t:|1781402058\n|switch|p2a: Primarina|Primarina, L83, F|268/268\n|move|p1a: Greninja|Dark Pulse|p2a: Primarina\n|-resisted|p2a: Primarina\n|-damage|p2a: Primarina|223/268\n|-damage|p1a: Greninja|159/246 tox|[from] item: Life Orb\n|\n|-heal|p2a: Primarina|239/268|[from] item: Leftovers\n|-damage|p1a: Greninja|114/246 tox|[from] psn\n|upkeep\n|turn|22\n|\n|t:|1781402062\n|switch|p2a: Hypno|Hypno, L95, F|197/315\n|move|p1a: Greninja|Dark Pulse|p2a: Hypno\n|-supereffective|p2a: Hypno\n|-damage|p2a: Hypno|41/315\n|-damage|p1a: Greninja|90/246 tox|[from] item: Life Orb\n|\n|-heal|p2a: Hypno|60/315|[from] item: Leftovers\n|-damage|p1a: Greninja|30/246 tox|[from] psn\n|upkeep\n|turn|23\n|\n|t:|1781402079\n|move|p2a: Hypno|Protect|p2a: Hypno\n|-singleturn|p2a: Hypno|Protect\n|move|p1a: Greninja|Dark Pulse|p2a: Hypno\n|-activate|p2a: Hypno|move: Protect\n|\n|-heal|p2a: Hypno|79/315|[from] item: Leftovers\n|-damage|p1a: Greninja|0 fnt|[from] psn\n|faint|p1a: Greninja\n|upkeep\n|\n|t:|1781402082\n|switch|p1a: Iron Valiant|Iron Valiant, L78|151/244 tox\n|turn|24\n|\n|t:|1781402086\n|switch|p2a: Primarina|Primarina, L83, F|239/268\n|move|p1a: Iron Valiant|Moonblast|p2a: Primarina\n|-damage|p2a: Primarina|136/268\n|-damage|p1a: Iron Valiant|127/244 tox|[from] item: Life Orb\n|\n|-heal|p2a: Primarina|152/268|[from] item: Leftovers\n|-damage|p1a: Iron Valiant|112/244 tox|[from] psn\n|upkeep\n|turn|25\n|\n|t:|1781402095\n|move|p1a: Iron Valiant|Moonblast|p2a: Primarina\n|-damage|p2a: Primarina|39/268\n|-unboost|p2a: Primarina|spa|1\n|-damage|p1a: Iron Valiant|88/244 tox|[from] item: Life Orb\n|move|p2a: Primarina|Moonblast|p1a: Iron Valiant\n|-supereffective|p1a: Iron Valiant\n|-damage|p1a: Iron Valiant|0 fnt\n|faint|p1a: Iron Valiant\n|-end|p1a: Iron Valiant|Quark Drive|[silent]\n|\n|-heal|p2a: Primarina|55/268|[from] item: Leftovers\n|upkeep\n|\n|t:|1781402102\n|switch|p1a: Vileplume|Vileplume, L85, F|242/266\n|turn|26\n|\n|t:|1781402105\n|move|p2a: Primarina|Psychic Noise|p1a: Vileplume\n|-resisted|p1a: Vileplume\n|-damage|p1a: Vileplume|212/266\n|-start|p1a: Vileplume|move: Heal Block\n|cant|p1a: Vileplume|move: Heal Block|Giga Drain\n|\n|-heal|p2a: Primarina|71/268|[from] item: Leftovers\n|upkeep\n|turn|27\n|\n|t:|1781402113\n|move|p2a: Primarina|Moonblast|p1a: Vileplume\n|-resisted|p1a: Vileplume\n|-damage|p1a: Vileplume|174/266\n|move|p1a: Vileplume|Sludge Bomb|p2a: Primarina\n|-supereffective|p2a: Primarina\n|-damage|p2a: Primarina|0 fnt\n|faint|p2a: Primarina\n|\n|-end|p1a: Vileplume|move: Heal Block\n|upkeep\n|\n|t:|1781402115\n|switch|p2a: Hypno|Hypno, L95, F|79/315\n|turn|28\n|\n|t:|1781402124\n|-terastallize|p1a: Vileplume|Water\n|move|p2a: Hypno|Protect|p2a: Hypno\n|-singleturn|p2a: Hypno|Protect\n|move|p1a: Vileplume|Sleep Powder|p2a: Hypno\n|-activate|p2a: Hypno|move: Protect\n|\n|-heal|p2a: Hypno|98/315|[from] item: Leftovers\n|-heal|p1a: Vileplume|190/266|[from] item: Leftovers\n|upkeep\n|turn|29\n|\n|t:|1781402127\n|move|p2a: Hypno|Toxic|p1a: Vileplume\n|-status|p1a: Vileplume|tox\n|move|p1a: Vileplume|Sleep Powder|p2a: Hypno|[miss]\n|-miss|p1a: Vileplume|p2a: Hypno\n|\n|-heal|p2a: Hypno|117/315|[from] item: Leftovers\n|-heal|p1a: Vileplume|206/266 tox|[from] item: Leftovers\n|-damage|p1a: Vileplume|190/266 tox|[from] psn\n|upkeep\n|turn|30\n|\n|t:|1781402133\n|move|p2a: Hypno|Protect|p2a: Hypno\n|-singleturn|p2a: Hypno|Protect\n|move|p1a: Vileplume|Sludge Bomb|p2a: Hypno\n|-activate|p2a: Hypno|move: Protect\n|\n|-heal|p2a: Hypno|136/315|[from] item: Leftovers\n|-heal|p1a: Vileplume|206/266 tox|[from] item: Leftovers\n|-damage|p1a: Vileplume|174/266 tox|[from] psn\n|upkeep\n|turn|31\n|\n|t:|1781402136\n|move|p2a: Hypno|Psychic Noise|p1a: Vileplume\n|-damage|p1a: Vileplume|89/266 tox\n|-start|p1a: Vileplume|move: Heal Block\n|move|p1a: Vileplume|Sludge Bomb|p2a: Hypno\n|-damage|p2a: Hypno|60/315\n|\n|-heal|p2a: Hypno|79/315|[from] item: Leftovers\n|-damage|p1a: Vileplume|41/266 tox|[from] psn\n|upkeep\n|turn|32\n|\n|t:|1781402138\n|move|p2a: Hypno|Protect|p2a: Hypno\n|-singleturn|p2a: Hypno|Protect\n|move|p1a: Vileplume|Sludge Bomb|p2a: Hypno\n|-activate|p2a: Hypno|move: Protect\n|\n|-heal|p2a: Hypno|98/315|[from] item: Leftovers\n|-damage|p1a: Vileplume|0 fnt|[from] psn\n|faint|p1a: Vileplume\n|upkeep\n|\n|t:|1781402139\n|switch|p1a: Dragonite|Dragonite, L74, F|257/257\n|turn|33\n|-message|EK Mike in abyss forfeited.\n|\n|win|Bigoleg\n", "inputlog": ">version a8376a258c1d4662feba110a92103f3664a72141\n>start {\"formatid\":\"gen9randombattle\",\"seed\":\"sodium,dc65e33dd10a2e161fce5857d5e6aad1\",\"rated\":\"Rated battle\"}\n>player p1 {\"name\":\"EK Mike in abyss\",\"avatar\":\"iono\",\"rating\":2088,\"seed\":\"sodium,ae5b56aaef6f655b59d97a6fea4cffb7\"}\n>player p2 {\"name\":\"Bigoleg\",\"avatar\":\"169\",\"rating\":2141,\"seed\":\"sodium,05cfb724d2831eb584cd8d9e99bab687\"}\n>p1 move hypervoice\n>p2 move uturn\n>p2 switch 2\n>p1 switch 4\n>p2 move toxic\n>p1 move poltergeist\n>p2 move uturn\n>p2 switch 5\n>p1 move shadowsneak\n>p2 switch 6\n>p1 move thunderwave\n>p2 move protect\n>p1 move thunderwave\n>p2 switch 5\n>p1 switch 4\n>p1 move hypervoice\n>p2 move airslash\n>p2 switch 6\n>p1 move energyball\n>p2 move toxic\n>p1 move energyball\n>p2 move protect\n>p1 move energyball\n>p2 move psychicnoise\n>p1 move energyball\n>p2 move protect\n>p1 switch 3\n>p1 move gunkshot\n>p2 switch 5\n>p1 move gunkshot\n>p2 move wish\n>p1 switch 6\n>p2 move protect\n>p1 move knockoff\n>p2 move toxic\n>p1 move moonblast\n>p2 move foulplay\n>p2 switch 3\n>p1 switch 5\n>p2 move moonblast\n>p1 move sludgebomb\n>p2 switch 5\n>p1 switch 6\n>p2 move toxic\n>p1 move darkpulse\n>p2 move protect\n>p1 move darkpulse\n>p2 switch 5\n>p1 move darkpulse\n>p2 switch 5\n>p1 move darkpulse\n>p2 move protect\n>p1 switch 5\n>p1 move moonblast\n>p2 switch 5\n>p1 move moonblast\n>p2 move moonblast\n>p1 switch 6\n>p1 move gigadrain\n>p2 move psychicnoise\n>p1 move sludgebomb\n>p2 move moonblast\n>p2 switch 5\n>p1 move sleeppowder terastallize\n>p2 move protect\n>p1 move sleeppowder\n>p2 move toxic\n>p1 move sludgebomb\n>p2 move protect\n>p1 move sludgebomb\n>p2 move psychicnoise\n>p1 move sludgebomb\n>p2 move protect\n>p1 switch 2\n>forcelose p1", "uploadtime": 1781401834, "views": 6, "formatid": "gen9randombattle", "rating": null, "private": 0, "password": null}