{"id": "gen9randombattle-2631860226", "format": "[Gen 9] Random Battle", "players": ["SSlimeyy", "lopunny luvr"], "log": "|j|\u2606SSlimeyy\n|j|\u2606lopunny luvr\n|t:|1781449157\n|gametype|singles\n|player|p1|SSlimeyy|170|2176\n|player|p2|lopunny luvr|sailor|2115\n|gen|9\n|tier|[Gen 9] Random Battle\n|rated|\n|rule|Species Clause: Limit one of each Pok\u00e9mon\n|rule|HP Percentage Mod: HP is shown in percentages\n|rule|Sleep Clause Mod: Limit one foe put to sleep\n|rule|Illusion Level Mod: Illusion disguises the Pok\u00e9mon's true level\n|\n|t:|1781449157\n|teamsize|p1|6\n|teamsize|p2|6\n|start\n|switch|p1a: Dialga|Dialga-Origin, L73|266/266\n|switch|p2a: Wyrdeer|Wyrdeer, L87, M|321/321\n|-ability|p1a: Dialga|Pressure\n|-ability|p2a: Wyrdeer|Intimidate|boost\n|-unboost|p1a: Dialga|atk|1\n|turn|1\n|j| Rabiesdfsdf\n|inactive|Battle timer is ON: inactive players will automatically lose when time's up. (requested by SSlimeyy)\n|j| PokemonCestDur\n|\n|t:|1781449185\n|move|p1a: Dialga|Thunder Wave|p2a: Wyrdeer\n|-status|p2a: Wyrdeer|par\n|cant|p2a: Wyrdeer|par\n|\n|upkeep\n|turn|2\n|\n|t:|1781449191\n|move|p1a: Dialga|Stealth Rock|p2a: Wyrdeer\n|-sidestart|p2: lopunny luvr|move: Stealth Rock\n|move|p2a: Wyrdeer|Thunder Wave|p1a: Dialga\n|-status|p1a: Dialga|par\n|\n|upkeep\n|turn|3\n|\n|t:|1781449211\n|move|p1a: Dialga|Flash Cannon|p2a: Wyrdeer\n|-damage|p2a: Wyrdeer|210/321 par\n|move|p2a: Wyrdeer|Earthquake|p1a: Dialga\n|-supereffective|p1a: Dialga\n|-damage|p1a: Dialga|124/266 par\n|\n|-heal|p2a: Wyrdeer|230/321 par|[from] item: Leftovers\n|upkeep\n|turn|4\n|\n|t:|1781449215\n|move|p1a: Dialga|Flash Cannon|p2a: Wyrdeer\n|-damage|p2a: Wyrdeer|104/321 par\n|move|p2a: Wyrdeer|Earthquake|p1a: Dialga\n|-supereffective|p1a: Dialga\n|-damage|p1a: Dialga|0 fnt\n|faint|p1a: Dialga\n|\n|-heal|p2a: Wyrdeer|124/321 par|[from] item: Leftovers\n|upkeep\n|\n|t:|1781449219\n|switch|p1a: Mamoswine|Mamoswine, L81, F|311/311\n|turn|5\n|\n|t:|1781449241\n|move|p1a: Mamoswine|Knock Off|p2a: Wyrdeer\n|-supereffective|p2a: Wyrdeer\n|-damage|p2a: Wyrdeer|0 fnt\n|-enditem|p2a: Wyrdeer|Leftovers|[from] move: Knock Off|[of] p1a: Mamoswine\n|faint|p2a: Wyrdeer\n|\n|upkeep\n|\n|t:|1781449250\n|switch|p2a: Samurott|Samurott-Hisui, L77, M|265/265\n|-damage|p2a: Samurott|232/265|[from] Stealth Rock\n|turn|6\n|\n|t:|1781449255\n|switch|p1a: Keldeo|Keldeo-Resolute, L79|273/273\n|move|p2a: Samurott|Ceaseless Edge|p1a: Keldeo\n|-resisted|p1a: Keldeo\n|-damage|p1a: Keldeo|194/273\n|-ability|p1a: Keldeo|Justified|boost\n|-boost|p1a: Keldeo|atk|1\n|-sidestart|p1: SSlimeyy|Spikes\n|\n|upkeep\n|turn|7\n|inactive|lopunny luvr has 120 seconds left.\n|\n|t:|1781449297\n|switch|p2a: Jirachi|Jirachi, L80|291/291\n|-damage|p2a: Jirachi|273/291|[from] Stealth Rock\n|move|p1a: Keldeo|Calm Mind|p1a: Keldeo\n|-boost|p1a: Keldeo|spa|1\n|-boost|p1a: Keldeo|spd|1\n|\n|-heal|p2a: Jirachi|291/291|[from] item: Leftovers\n|upkeep\n|turn|8\n|inactive|lopunny luvr has 90 seconds left.\n|\n|t:|1781449342\n|move|p1a: Keldeo|Secret Sword|p2a: Jirachi\n|-damage|p2a: Jirachi|122/291\n|-damage|p1a: Keldeo|167/273|[from] item: Life Orb\n|move|p2a: Jirachi|Iron Head|p1a: Keldeo\n|-resisted|p1a: Keldeo\n|-damage|p1a: Keldeo|125/273\n|\n|-heal|p2a: Jirachi|140/291|[from] item: Leftovers\n|upkeep\n|turn|9\n|\n|t:|1781449347\n|move|p1a: Keldeo|Secret Sword|p2a: Jirachi\n|-damage|p2a: Jirachi|0 fnt\n|faint|p2a: Jirachi\n|-damage|p1a: Keldeo|98/273|[from] item: Life Orb\n|\n|upkeep\n|\n|t:|1781449358\n|switch|p2a: Wugtrio|Wugtrio, L91, M|212/212\n|-damage|p2a: Wugtrio|186/212|[from] Stealth Rock\n|turn|10\n|\n|t:|1781449372\n|move|p1a: Keldeo|Vacuum Wave|p2a: Wugtrio\n|-damage|p2a: Wugtrio|91/212\n|-damage|p1a: Keldeo|71/273|[from] item: Life Orb\n|move|p2a: Wugtrio|Stomping Tantrum|p1a: Keldeo\n|-damage|p1a: Keldeo|0 fnt\n|faint|p1a: Keldeo\n|\n|upkeep\n|\n|t:|1781449377\n|switch|p1a: Flapple|Flapple, L88, M|266/266\n|-damage|p1a: Flapple|233/266|[from] Spikes\n|turn|11\n|inactive|lopunny luvr has 90 seconds left.\n|inactive|lopunny luvr has 60 seconds left.\n|\n|t:|1781449413\n|switch|p2a: Umbreon|Umbreon, L84, F|297/297\n|-damage|p2a: Umbreon|260/297|[from] Stealth Rock\n|move|p1a: Flapple|Grav Apple|p2a: Umbreon\n|-damage|p2a: Umbreon|52/297\n|-unboost|p2a: Umbreon|def|1\n|\n|-heal|p2a: Umbreon|70/297|[from] item: Leftovers\n|upkeep\n|turn|12\n|\n|t:|1781449419\n|move|p1a: Flapple|Grav Apple|p2a: Umbreon\n|-damage|p2a: Umbreon|0 fnt\n|faint|p2a: Umbreon\n|\n|upkeep\n|inactive|lopunny luvr has 60 seconds left.\n|\n|t:|1781449440\n|switch|p2a: Eiscue|Eiscue, L88, M|274/274\n|-damage|p2a: Eiscue|206/274|[from] Stealth Rock\n|turn|13\n|\n|t:|1781449449\n|switch|p1a: Jolteon|Jolteon, L84, F|246/246\n|-damage|p1a: Jolteon|216/246|[from] Spikes\n|move|p2a: Eiscue|Belly Drum|p2a: Eiscue\n|-damage|p2a: Eiscue|69/274\n|-setboost|p2a: Eiscue|atk|6|[from] move: Belly Drum\n|-enditem|p2a: Eiscue|Sitrus Berry|[eat]\n|-heal|p2a: Eiscue|137/274|[from] item: Sitrus Berry\n|\n|upkeep\n|turn|14\n|inactive|lopunny luvr has 60 seconds left.\n|\n|t:|1781449463\n|move|p1a: Jolteon|Thunderbolt|p2a: Eiscue\n|-damage|p2a: Eiscue|19/274\n|-damage|p1a: Jolteon|192/246|[from] item: Life Orb\n|move|p2a: Eiscue|Liquidation|p1a: Jolteon\n|-damage|p1a: Jolteon|0 fnt\n|faint|p1a: Jolteon\n|\n|upkeep\n|\n|t:|1781449468\n|switch|p1a: Garganacl|Garganacl, L80, M|291/291\n|-damage|p1a: Garganacl|255/291|[from] Spikes\n|turn|15\n|\n|t:|1781449483\n|-terastallize|p1a: Garganacl|Ghost\n|move|p2a: Eiscue|Ice Spinner|p1a: Garganacl\n|-damage|p1a: Garganacl|11/291\n|move|p1a: Garganacl|Salt Cure|p2a: Eiscue\n|-activate|p2a: Eiscue|ability: Ice Face\n|-damage|p2a: Eiscue|19/274\n|-start|p2a: Eiscue|Salt Cure\n|detailschange|p2a: Eiscue|Eiscue-Noice, L88, M\n|\n|-heal|p1a: Garganacl|29/291|[from] item: Leftovers\n|-damage|p2a: Eiscue|0 fnt|[from] Salt Cure\n|faint|p2a: Eiscue\n|upkeep\n|inactive|lopunny luvr has 60 seconds left.\n|\n|t:|1781449493\n|switch|p2a: Samurott|Samurott-Hisui, L77, M|232/265\n|-damage|p2a: Samurott|199/265|[from] Stealth Rock\n|turn|16\n|\n|t:|1781449498\n|move|p2a: Samurott|Ceaseless Edge|p1a: Garganacl\n|-supereffective|p1a: Garganacl\n|-damage|p1a: Garganacl|0 fnt\n|-sidestart|p1: SSlimeyy|Spikes\n|faint|p1a: Garganacl\n|\n|upkeep\n|\n|t:|1781449508\n|switch|p1a: Mamoswine|Mamoswine, L81, F|311/311\n|-damage|p1a: Mamoswine|260/311|[from] Spikes\n|turn|17\n|inactive|lopunny luvr has 60 seconds left.\n|\n|t:|1781449550\n|switch|p2a: Wugtrio|Wugtrio, L91, M|91/212\n|-damage|p2a: Wugtrio|65/212|[from] Stealth Rock\n|move|p1a: Mamoswine|Earthquake|p2a: Wugtrio\n|-damage|p2a: Wugtrio|0 fnt\n|faint|p2a: Wugtrio\n|\n|upkeep\n|\n|t:|1781449552\n|switch|p2a: Samurott|Samurott-Hisui, L77, M|199/265\n|-damage|p2a: Samurott|166/265|[from] Stealth Rock\n|turn|18\n|\n|t:|1781449557\n|move|p1a: Mamoswine|Earthquake|p2a: Samurott\n|-damage|p2a: Samurott|0 fnt\n|faint|p2a: Samurott\n|\n|win|SSlimeyy\n", "uploadtime": 1781449159, "views": 7, "formatid": "gen9randombattle", "rating": null, "private": 0, "password": null}