{"id": "gen9randombattle-2631798106", "format": "[Gen 9] Random Battle", "players": ["brick tamland", "UTJUTJ"], "log": "|j|\u2606brick tamland\n|j|\u2606UTJUTJ\n|t:|1781441219\n|gametype|singles\n|player|p1|brick tamland|170|1915\n|player|p2|UTJUTJ|101|1983\n|gen|9\n|tier|[Gen 9] Random Battle\n|rated|\n|rule|Species Clause: Limit one of each Pok\u00e9mon\n|rule|HP Percentage Mod: HP is shown in percentages\n|rule|Sleep Clause Mod: Limit one foe put to sleep\n|rule|Illusion Level Mod: Illusion disguises the Pok\u00e9mon's true level\n|\n|t:|1781441219\n|teamsize|p1|6\n|teamsize|p2|6\n|start\n|switch|p1a: Mienshao|Mienshao, L83, M|244/244\n|switch|p2a: Whiscash|Whiscash, L88, F|337/337\n|turn|1\n|\n|t:|1781441230\n|move|p1a: Mienshao|Fake Out|p2a: Whiscash\n|-damage|p2a: Whiscash|299/337\n|cant|p2a: Whiscash|flinch\n|\n|-heal|p2a: Whiscash|320/337|[from] item: Leftovers\n|upkeep\n|turn|2\n|\n|t:|1781441234\n|move|p1a: Mienshao|Knock Off|p2a: Whiscash\n|-damage|p2a: Whiscash|235/337\n|-enditem|p2a: Whiscash|Leftovers|[from] move: Knock Off|[of] p1a: Mienshao\n|move|p2a: Whiscash|Stealth Rock|p1a: Mienshao\n|-sidestart|p1: brick tamland|move: Stealth Rock\n|\n|upkeep\n|turn|3\n|\n|t:|1781441247\n|move|p1a: Mienshao|Close Combat|p2a: Whiscash\n|-damage|p2a: Whiscash|75/337\n|-unboost|p1a: Mienshao|def|1\n|-unboost|p1a: Mienshao|spd|1\n|move|p2a: Whiscash|Earthquake|p1a: Mienshao\n|-damage|p1a: Mienshao|33/244\n|\n|upkeep\n|turn|4\n|\n|t:|1781441254\n|switch|p2a: Dedenne|Dedenne, L88, M|261/261\n|move|p1a: Mienshao|Close Combat|p2a: Dedenne\n|-resisted|p2a: Dedenne\n|-damage|p2a: Dedenne|163/261\n|-unboost|p1a: Mienshao|def|1\n|-unboost|p1a: Mienshao|spd|1\n|\n|upkeep\n|turn|5\n|\n|t:|1781441275\n|switch|p1a: Quagsire|Quagsire, L84, M|297/297\n|-damage|p1a: Quagsire|279/297|[from] Stealth Rock\n|move|p2a: Dedenne|U-turn|p1a: Quagsire\n|-damage|p1a: Quagsire|242/297\n|\n|t:|1781441283\n|switch|p2a: Virizion|Virizion, L82|283/283|[from] U-turn\n|\n|-heal|p1a: Quagsire|260/297|[from] item: Leftovers\n|upkeep\n|turn|6\n|\n|t:|1781441294\n|switch|p1a: Scream Tail|Scream Tail, L84|330/330\n|-damage|p1a: Scream Tail|289/330|[from] Stealth Rock\n|move|p2a: Virizion|Leaf Blade|p1a: Scream Tail\n|-damage|p1a: Scream Tail|192/330\n|-damage|p2a: Virizion|255/283|[from] item: Life Orb\n|\n|-heal|p1a: Scream Tail|212/330|[from] item: Leftovers\n|upkeep\n|turn|7\n|\n|t:|1781441306\n|switch|p2a: Copperajah|Copperajah, L86, F|349/349\n|move|p1a: Scream Tail|Wish|p1a: Scream Tail\n|\n|-heal|p1a: Scream Tail|232/330|[from] item: Leftovers\n|upkeep\n|turn|8\n|\n|t:|1781441318\n|-end|p1a: Scream Tail|Protosynthesis|[silent]\n|switch|p1a: Quagsire|Quagsire, L84, M|260/297\n|-damage|p1a: Quagsire|242/297|[from] Stealth Rock\n|move|p2a: Copperajah|Heavy Slam|p1a: Quagsire\n|-resisted|p1a: Quagsire\n|-damage|p1a: Quagsire|108/297\n|\n|-heal|p1a: Quagsire|273/297|[from] move: Wish|[wisher] Scream Tail\n|-heal|p1a: Quagsire|291/297|[from] item: Leftovers\n|upkeep\n|turn|9\n|\n|t:|1781441322\n|switch|p2a: Virizion|Virizion, L82|255/283\n|move|p1a: Quagsire|Spikes|p2a: Virizion\n|-sidestart|p2: UTJUTJ|Spikes\n|\n|-heal|p1a: Quagsire|297/297|[from] item: Leftovers\n|upkeep\n|turn|10\n|\n|t:|1781441326\n|switch|p1a: Scream Tail|Scream Tail, L84|232/330\n|-damage|p1a: Scream Tail|191/330|[from] Stealth Rock\n|move|p2a: Virizion|Leaf Blade|p1a: Scream Tail\n|-damage|p1a: Scream Tail|84/330\n|-damage|p2a: Virizion|227/283|[from] item: Life Orb\n|\n|-heal|p1a: Scream Tail|104/330|[from] item: Leftovers\n|upkeep\n|turn|11\n|\n|t:|1781441335\n|move|p1a: Scream Tail|Protect|p1a: Scream Tail\n|-singleturn|p1a: Scream Tail|Protect\n|move|p2a: Virizion|Swords Dance|p2a: Virizion\n|-boost|p2a: Virizion|atk|2\n|\n|-heal|p1a: Scream Tail|124/330|[from] item: Leftovers\n|upkeep\n|turn|12\n|\n|t:|1781441338\n|switch|p2a: Copperajah|Copperajah, L86, F|349/349\n|-damage|p2a: Copperajah|306/349|[from] Spikes\n|move|p1a: Scream Tail|Encore||[still]\n|-fail|p1a: Scream Tail\n|\n|-heal|p1a: Scream Tail|144/330|[from] item: Leftovers\n|upkeep\n|turn|13\n|\n|t:|1781441350\n|-end|p1a: Scream Tail|Protosynthesis|[silent]\n|switch|p1a: Quagsire|Quagsire, L84, M|297/297\n|-damage|p1a: Quagsire|279/297|[from] Stealth Rock\n|move|p2a: Copperajah|Knock Off|p1a: Quagsire\n|-crit|p1a: Quagsire\n|-damage|p1a: Quagsire|87/297\n|-enditem|p1a: Quagsire|Leftovers|[from] move: Knock Off|[of] p2a: Copperajah\n|\n|upkeep\n|turn|14\n|\n|t:|1781441361\n|switch|p2a: Whiscash|Whiscash, L88, F|75/337\n|-damage|p2a: Whiscash|33/337|[from] Spikes\n|move|p1a: Quagsire|Recover|p1a: Quagsire\n|-heal|p1a: Quagsire|236/297\n|\n|upkeep\n|turn|15\n|\n|t:|1781441370\n|move|p2a: Whiscash|Hydro Pump|p1a: Quagsire\n|-damage|p1a: Quagsire|104/297\n|move|p1a: Quagsire|Earthquake|p2a: Whiscash\n|-damage|p2a: Whiscash|0 fnt\n|faint|p2a: Whiscash\n|\n|upkeep\n|\n|t:|1781441382\n|switch|p2a: Virizion|Virizion, L82|227/283\n|-damage|p2a: Virizion|192/283|[from] Spikes\n|turn|16\n|\n|t:|1781441389\n|switch|p1a: Scream Tail|Scream Tail, L84|144/330\n|-damage|p1a: Scream Tail|103/330|[from] Stealth Rock\n|move|p2a: Virizion|Leaf Blade|p1a: Scream Tail\n|-damage|p1a: Scream Tail|0 fnt\n|faint|p1a: Scream Tail\n|-end|p1a: Scream Tail|Protosynthesis|[silent]\n|-damage|p2a: Virizion|164/283|[from] item: Life Orb\n|\n|upkeep\n|\n|t:|1781441394\n|switch|p1a: Luxray|Luxray, L88, M|284/284\n|-damage|p1a: Luxray|249/284|[from] Stealth Rock\n|-ability|p1a: Luxray|Intimidate|boost\n|-unboost|p2a: Virizion|atk|1\n|turn|17\n|\n|t:|1781441422\n|switch|p2a: Regigigas|Regigigas, L84|322/322\n|-damage|p2a: Regigigas|282/322|[from] Spikes\n|-start|p2a: Regigigas|ability: Slow Start\n|move|p1a: Luxray|Play Rough|p2a: Regigigas\n|-damage|p2a: Regigigas|218/322\n|-unboost|p2a: Regigigas|atk|1\n|\n|-heal|p2a: Regigigas|238/322|[from] item: Leftovers\n|upkeep\n|turn|18\n|\n|t:|1781441464\n|move|p1a: Luxray|Volt Switch|p2a: Regigigas\n|-damage|p2a: Regigigas|172/322\n|\n|t:|1781441466\n|switch|p1a: Quagsire|Quagsire, L84, M|104/297|[from] Volt Switch\n|-damage|p1a: Quagsire|86/297|[from] Stealth Rock\n|move|p2a: Regigigas|Body Slam|p1a: Quagsire\n|-damage|p1a: Quagsire|16/297\n|\n|-heal|p2a: Regigigas|192/322|[from] item: Leftovers\n|upkeep\n|turn|19\n|\n|t:|1781441472\n|move|p2a: Regigigas|Body Slam|p1a: Quagsire\n|-damage|p1a: Quagsire|0 fnt\n|faint|p1a: Quagsire\n|\n|-heal|p2a: Regigigas|212/322|[from] item: Leftovers\n|upkeep\n|\n|t:|1781441473\n|switch|p1a: Mienshao|Mienshao, L83, M|114/244\n|-damage|p1a: Mienshao|99/244|[from] Stealth Rock\n|turn|20\n|\n|t:|1781441496\n|switch|p2a: Dondozo|Dondozo, L78, F|362/362\n|-damage|p2a: Dondozo|317/362|[from] Spikes\n|move|p1a: Mienshao|Knock Off|p2a: Dondozo\n|-damage|p2a: Dondozo|249/362\n|-enditem|p2a: Dondozo|Leftovers|[from] move: Knock Off|[of] p1a: Mienshao\n|\n|upkeep\n|turn|21\n|\n|t:|1781441504\n|move|p1a: Mienshao|U-turn|p2a: Dondozo\n|-damage|p2a: Dondozo|197/362\n|\n|t:|1781441506\n|switch|p1a: Magnezone|Magnezone, L85|258/258|[from] U-turn\n|-damage|p1a: Magnezone|242/258|[from] Stealth Rock\n|move|p2a: Dondozo|Wave Crash|p1a: Magnezone\n|-damage|p1a: Magnezone|148/258\n|-damage|p2a: Dondozo|166/362|[from] Recoil\n|\n|upkeep\n|turn|22\n|\n|t:|1781441513\n|switch|p2a: Dedenne|Dedenne, L88, M|163/261\n|-damage|p2a: Dedenne|131/261|[from] Spikes\n|move|p1a: Magnezone|Discharge|p2a: Dedenne\n|-resisted|p2a: Dedenne\n|-damage|p2a: Dedenne|44/261\n|-enditem|p2a: Dedenne|Sitrus Berry|[eat]\n|-heal|p2a: Dedenne|109/261|[from] item: Sitrus Berry\n|-heal|p2a: Dedenne|196/261|[from] ability: Cheek Pouch\n|\n|upkeep\n|turn|23\n|\n|t:|1781441522\n|move|p2a: Dedenne|Thunderbolt|p1a: Magnezone\n|-resisted|p1a: Magnezone\n|-damage|p1a: Magnezone|117/258\n|move|p1a: Magnezone|Flash Cannon|p2a: Dedenne\n|-damage|p2a: Dedenne|40/261\n|\n|upkeep\n|turn|24\n|\n|t:|1781441529\n|move|p2a: Dedenne|U-turn|p1a: Magnezone\n|-resisted|p1a: Magnezone\n|-damage|p1a: Magnezone|101/258\n|\n|t:|1781441540\n|switch|p2a: Copperajah|Copperajah, L86, F|306/349|[from] U-turn\n|-damage|p2a: Copperajah|263/349|[from] Spikes\n|move|p1a: Magnezone|Volt Switch|p2a: Copperajah\n|-damage|p2a: Copperajah|106/349\n|\n|t:|1781441548\n|switch|p1a: Mienshao|Mienshao, L83, M|180/244|[from] Volt Switch\n|-damage|p1a: Mienshao|165/244|[from] Stealth Rock\n|\n|upkeep\n|turn|25\n|\n|t:|1781441557\n|move|p1a: Mienshao|Fake Out|p2a: Copperajah\n|-resisted|p2a: Copperajah\n|-damage|p2a: Copperajah|85/349\n|cant|p2a: Copperajah|flinch\n|\n|upkeep\n|turn|26\n|\n|t:|1781441561\n|move|p1a: Mienshao|Close Combat|p2a: Copperajah\n|-supereffective|p2a: Copperajah\n|-damage|p2a: Copperajah|0 fnt\n|-unboost|p1a: Mienshao|def|1\n|-unboost|p1a: Mienshao|spd|1\n|faint|p2a: Copperajah\n|\n|upkeep\n|\n|t:|1781441573\n|switch|p2a: Virizion|Virizion, L82|164/283\n|-damage|p2a: Virizion|129/283|[from] Spikes\n|turn|27\n|\n|t:|1781441581\n|move|p2a: Virizion|Close Combat|p1a: Mienshao\n|-damage|p1a: Mienshao|0 fnt\n|-unboost|p2a: Virizion|def|1\n|-unboost|p2a: Virizion|spd|1\n|faint|p1a: Mienshao\n|-damage|p2a: Virizion|101/283|[from] item: Life Orb\n|\n|upkeep\n|\n|t:|1781441582\n|switch|p1a: Luxray|Luxray, L88, M|249/284\n|-damage|p1a: Luxray|214/284|[from] Stealth Rock\n|-ability|p1a: Luxray|Intimidate|boost\n|-unboost|p2a: Virizion|atk|1\n|turn|28\n|\n|t:|1781441609\n|switch|p2a: Dedenne|Dedenne, L88, M|40/261\n|-damage|p2a: Dedenne|8/261|[from] Spikes\n|move|p1a: Luxray|Play Rough|p2a: Dedenne\n|-damage|p2a: Dedenne|0 fnt\n|faint|p2a: Dedenne\n|\n|upkeep\n|\n|t:|1781441621\n|switch|p2a: Regigigas|Regigigas, L84|212/322\n|-damage|p2a: Regigigas|172/322|[from] Spikes\n|-start|p2a: Regigigas|ability: Slow Start\n|turn|29\n|\n|t:|1781441629\n|move|p1a: Luxray|Volt Switch|p2a: Regigigas\n|-damage|p2a: Regigigas|105/322\n|\n|t:|1781441630\n|switch|p1a: Magnezone|Magnezone, L85|101/258|[from] Volt Switch\n|-damage|p1a: Magnezone|85/258|[from] Stealth Rock\n|move|p2a: Regigigas|Rest|p2a: Regigigas\n|-status|p2a: Regigigas|slp|[from] move: Rest\n|-heal|p2a: Regigigas|322/322 slp|[silent]\n|\n|upkeep\n|turn|30\n|\n|t:|1781441636\n|move|p1a: Magnezone|Discharge|p2a: Regigigas\n|-damage|p2a: Regigigas|228/322 slp\n|cant|p2a: Regigigas|slp\n|move|p2a: Regigigas|Sleep Talk|p2a: Regigigas\n|move|p2a: Regigigas|Knock Off|p1a: Magnezone|[from] move: Sleep Talk\n|-damage|p1a: Magnezone|40/258\n|-enditem|p1a: Magnezone|Assault Vest|[from] move: Knock Off|[of] p2a: Regigigas\n|\n|-heal|p2a: Regigigas|248/322 slp|[from] item: Leftovers\n|upkeep\n|turn|31\n|\n|t:|1781441639\n|move|p1a: Magnezone|Body Press|p2a: Regigigas\n|-supereffective|p2a: Regigigas\n|-damage|p2a: Regigigas|132/322 slp\n|cant|p2a: Regigigas|slp\n|move|p2a: Regigigas|Sleep Talk|p2a: Regigigas\n|move|p2a: Regigigas|Rest||[from] move: Sleep Talk|[still]\n|-fail|p2a: Regigigas\n|\n|-heal|p2a: Regigigas|152/322 slp|[from] item: Leftovers\n|upkeep\n|turn|32\n|\n|t:|1781441651\n|move|p1a: Magnezone|Body Press|p2a: Regigigas\n|-supereffective|p2a: Regigigas\n|-damage|p2a: Regigigas|40/322 slp\n|-curestatus|p2a: Regigigas|slp|[msg]\n|move|p2a: Regigigas|Rest|p2a: Regigigas\n|-status|p2a: Regigigas|slp|[from] move: Rest\n|-heal|p2a: Regigigas|322/322 slp|[silent]\n|\n|upkeep\n|turn|33\n|\n|t:|1781441655\n|move|p1a: Magnezone|Body Press|p2a: Regigigas\n|-supereffective|p2a: Regigigas\n|-damage|p2a: Regigigas|198/322 slp\n|cant|p2a: Regigigas|slp\n|move|p2a: Regigigas|Sleep Talk|p2a: Regigigas\n|move|p2a: Regigigas|Body Slam|p1a: Magnezone|[from] move: Sleep Talk\n|-resisted|p1a: Magnezone\n|-damage|p1a: Magnezone|14/258\n|\n|-heal|p2a: Regigigas|218/322 slp|[from] item: Leftovers\n|-end|p2a: Regigigas|Slow Start\n|upkeep\n|turn|34\n|\n|t:|1781441662\n|cant|p2a: Regigigas|slp\n|move|p2a: Regigigas|Sleep Talk|p2a: Regigigas\n|move|p2a: Regigigas|Knock Off|p1a: Magnezone|[from] move: Sleep Talk\n|-damage|p1a: Magnezone|0 fnt\n|faint|p1a: Magnezone\n|\n|-heal|p2a: Regigigas|238/322 slp|[from] item: Leftovers\n|upkeep\n|\n|t:|1781441664\n|switch|p1a: Terrakion|Terrakion, L79|273/273\n|-damage|p1a: Terrakion|256/273|[from] Stealth Rock\n|turn|35\n|\n|t:|1781441699\n|-terastallize|p2a: Regigigas|Ghost\n|-terastallize|p1a: Terrakion|Ground\n|-curestatus|p2a: Regigigas|slp|[msg]\n|move|p2a: Regigigas|Body Slam|p1a: Terrakion\n|-damage|p1a: Terrakion|106/273\n|move|p1a: Terrakion|Earthquake|p2a: Regigigas\n|-crit|p2a: Regigigas\n|-damage|p2a: Regigigas|6/322\n|\n|-heal|p2a: Regigigas|26/322|[from] item: Leftovers\n|upkeep\n|turn|36\n|\n|t:|1781441710\n|move|p1a: Terrakion|Earthquake|p2a: Regigigas\n|-damage|p2a: Regigigas|0 fnt\n|faint|p2a: Regigigas\n|-end|p2a: Regigigas|Slow Start|[silent]\n|\n|upkeep\n|\n|t:|1781441713\n|switch|p2a: Virizion|Virizion, L82|101/283\n|-damage|p2a: Virizion|66/283|[from] Spikes\n|turn|37\n|\n|t:|1781441723\n|move|p2a: Virizion|Close Combat|p1a: Terrakion\n|-damage|p1a: Terrakion|0 fnt\n|-unboost|p2a: Virizion|def|1\n|-unboost|p2a: Virizion|spd|1\n|faint|p1a: Terrakion\n|-damage|p2a: Virizion|38/283|[from] item: Life Orb\n|\n|upkeep\n|\n|t:|1781441725\n|switch|p1a: Luxray|Luxray, L88, M|214/284\n|-damage|p1a: Luxray|179/284|[from] Stealth Rock\n|-ability|p1a: Luxray|Intimidate|boost\n|-unboost|p2a: Virizion|atk|1\n|turn|38\n|\n|t:|1781441733\n|switch|p2a: Dondozo|Dondozo, L78, F|166/362\n|-damage|p2a: Dondozo|121/362|[from] Spikes\n|move|p1a: Luxray|Wild Charge|p2a: Dondozo\n|-supereffective|p2a: Dondozo\n|-damage|p2a: Dondozo|0 fnt\n|faint|p2a: Dondozo\n|-damage|p1a: Luxray|149/284|[from] Recoil\n|\n|upkeep\n|\n|t:|1781441739\n|switch|p2a: Virizion|Virizion, L82|38/283\n|-damage|p2a: Virizion|3/283|[from] Spikes\n|turn|39\n|\n|t:|1781441743\n|move|p2a: Virizion|Close Combat|p1a: Luxray\n|-damage|p1a: Luxray|0 fnt\n|-unboost|p2a: Virizion|def|1\n|-unboost|p2a: Virizion|spd|1\n|faint|p1a: Luxray\n|-damage|p2a: Virizion|0 fnt|[from] item: Life Orb\n|faint|p2a: Virizion\n|\n|win|UTJUTJ\n", "inputlog": ">version a8376a258c1d4662feba110a92103f3664a72141\n>start {\"formatid\":\"gen9randombattle\",\"seed\":\"sodium,0af550b17d69453cd4d431db6cce706c\",\"rated\":\"Rated battle\"}\n>player p1 {\"name\":\"brick tamland\",\"avatar\":\"170\",\"rating\":1915,\"seed\":\"sodium,6730a2fe7203940f64913f250fcd36da\"}\n>player p2 {\"name\":\"UTJUTJ\",\"avatar\":\"101\",\"rating\":1983,\"seed\":\"sodium,cd04eeadaea5d611d6b7c34baad9881b\"}\n>p1 move fakeout\n>p2 move earthquake\n>p1 move knockoff\n>p2 move stealthrock\n>p1 move closecombat\n>p2 move earthquake\n>p1 move closecombat\n>p2 switch 6\n>p1 switch 2\n>p2 move uturn\n>p2 switch 5\n>p1 switch 5\n>p2 move leafblade\n>p1 move wish\n>p2 switch 3\n>p1 switch 5\n>p2 move heavyslam\n>p1 move spikes\n>p2 switch 3\n>p1 switch 5\n>p2 move leafblade\n>p1 move protect\n>p2 move swordsdance\n>p1 move encore\n>p2 switch 3\n>p1 switch 5\n>p2 move knockoff\n>p1 move recover\n>p2 switch 6\n>p1 move earthquake\n>p2 move hydropump\n>p2 switch 3\n>p1 switch 5\n>p2 move leafblade\n>p1 switch 6\n>p1 move playrough\n>p2 switch 2\n>p1 move voltswitch\n>p2 move bodyslam\n>p1 switch 5\n>p1 move toxic\n>p2 move bodyslam\n>p1 switch 2\n>p1 move knockoff\n>p2 switch 4\n>p1 move uturn\n>p2 move wavecrash\n>p1 switch 4\n>p1 move discharge\n>p2 switch 5\n>p1 move flashcannon\n>p2 move thunderbolt\n>p1 move voltswitch\n>p2 move uturn\n>p2 switch 6\n>p1 switch 4\n>p1 move fakeout\n>p2 move heavyslam\n>p1 move closecombat\n>p2 move heavyslam\n>p2 switch 2\n>p1 move closecombat\n>p2 move closecombat\n>p1 switch 5\n>p1 move playrough\n>p2 switch 6\n>p2 switch 4\n>p1 move voltswitch\n>p2 move rest\n>p1 switch 4\n>p1 move discharge\n>p2 move sleeptalk\n>p1 move bodypress\n>p2 move sleeptalk\n>p1 move bodypress\n>p2 move rest\n>p1 move bodypress\n>p2 move sleeptalk\n>p1 move bodypress\n>p2 move sleeptalk\n>p1 switch 3\n>p1 move earthquake terastallize\n>p2 move bodyslam terastallize\n>p1 move earthquake\n>p2 move bodyslam\n>p2 switch 6\n>p1 move earthquake\n>p2 move closecombat\n>p1 switch 4\n>p1 move wildcharge\n>p2 switch 5\n>p2 switch 5\n>p1 move voltswitch\n>p2 move closecombat", "uploadtime": 1781441221, "views": 8, "formatid": "gen9randombattle", "rating": null, "private": 0, "password": null}