{"id": "gen9randombattle-2631715788", "format": "[Gen 9] Random Battle", "players": ["bilabong", "Davide070701"], "log": "|j|\u2606bilabong\n|j|\u2606Davide070701\n|t:|1781427364\n|gametype|singles\n|player|p1|bilabong|265|1992\n|player|p2|Davide070701|170|2022\n|gen|9\n|tier|[Gen 9] Random Battle\n|rated|\n|rule|Species Clause: Limit one of each Pok\u00e9mon\n|rule|HP Percentage Mod: HP is shown in percentages\n|rule|Sleep Clause Mod: Limit one foe put to sleep\n|rule|Illusion Level Mod: Illusion disguises the Pok\u00e9mon's true level\n|\n|t:|1781427364\n|teamsize|p1|6\n|teamsize|p2|6\n|start\n|switch|p1a: Greedent|Greedent, L86, F|347/347\n|switch|p2a: Veluza|Veluza, L85, M|292/292\n|turn|1\n|\n|t:|1781427391\n|move|p2a: Veluza|Fillet Away|p2a: Veluza\n|-boost|p2a: Veluza|atk|2\n|-boost|p2a: Veluza|spa|2\n|-boost|p2a: Veluza|spe|2\n|-damage|p2a: Veluza|146/292\n|-enditem|p2a: Veluza|Sitrus Berry|[eat]\n|-heal|p2a: Veluza|219/292|[from] item: Sitrus Berry\n|move|p1a: Greedent|Knock Off|p2a: Veluza\n|-supereffective|p2a: Veluza\n|-damage|p2a: Veluza|115/292\n|\n|upkeep\n|turn|2\n|inactive|Battle timer is ON: inactive players will automatically lose when time's up. (requested by Davide070701)\n|\n|t:|1781427404\n|move|p2a: Veluza|Aqua Cutter|p1a: Greedent\n|-damage|p1a: Greedent|116/347\n|-enditem|p1a: Greedent|Sitrus Berry|[eat]\n|-heal|p1a: Greedent|202/347|[from] item: Sitrus Berry\n|-heal|p1a: Greedent|317/347|[from] ability: Cheek Pouch\n|move|p1a: Greedent|Double-Edge|p2a: Veluza\n|-damage|p2a: Veluza|0 fnt\n|faint|p2a: Veluza\n|-damage|p1a: Greedent|279/347|[from] Recoil\n|\n|upkeep\n|\n|t:|1781427409\n|switch|p2a: Hitmonchan|Hitmonchan, L87, M|229/229\n|turn|3\n|\n|t:|1781427417\n|switch|p1a: Sylveon|Sylveon, L85, M|300/300\n|move|p2a: Hitmonchan|Bulk Up|p2a: Hitmonchan\n|-boost|p2a: Hitmonchan|atk|1\n|-boost|p2a: Hitmonchan|def|1\n|\n|upkeep\n|turn|4\n|\n|t:|1781427424\n|-terastallize|p2a: Hitmonchan|Steel\n|move|p2a: Hitmonchan|Poison Jab|p1a: Sylveon\n|-supereffective|p1a: Sylveon\n|-damage|p1a: Sylveon|84/300\n|move|p1a: Sylveon|Hyper Voice|p2a: Hitmonchan\n|-resisted|p2a: Hitmonchan\n|-damage|p2a: Hitmonchan|179/229\n|\n|-heal|p2a: Hitmonchan|193/229|[from] item: Leftovers\n|-heal|p1a: Sylveon|102/300|[from] item: Leftovers\n|upkeep\n|turn|5\n|\n|t:|1781427436\n|move|p2a: Hitmonchan|Drain Punch|p1a: Sylveon\n|-resisted|p1a: Sylveon\n|-damage|p1a: Sylveon|4/300\n|-heal|p2a: Hitmonchan|229/229|[from] drain|[of] p1a: Sylveon\n|move|p1a: Sylveon|Hyper Voice|p2a: Hitmonchan\n|-resisted|p2a: Hitmonchan\n|-damage|p2a: Hitmonchan|179/229\n|\n|-heal|p2a: Hitmonchan|193/229|[from] item: Leftovers\n|-heal|p1a: Sylveon|22/300|[from] item: Leftovers\n|upkeep\n|turn|6\n|\n|t:|1781427442\n|move|p2a: Hitmonchan|Drain Punch|p1a: Sylveon\n|-resisted|p1a: Sylveon\n|-damage|p1a: Sylveon|0 fnt\n|-heal|p2a: Hitmonchan|204/229|[from] drain|[of] p1a: Sylveon\n|faint|p1a: Sylveon\n|\n|-heal|p2a: Hitmonchan|218/229|[from] item: Leftovers\n|upkeep\n|\n|t:|1781427446\n|switch|p1a: Houndoom|Houndoom, L87, F|272/272\n|turn|7\n|\n|t:|1781427455\n|move|p1a: Houndoom|Fire Blast|p2a: Hitmonchan\n|-supereffective|p2a: Hitmonchan\n|-damage|p2a: Hitmonchan|0 fnt\n|faint|p2a: Hitmonchan\n|\n|upkeep\n|\n|t:|1781427461\n|switch|p2a: Arceus|Arceus-Dark, L71|288/288\n|turn|8\n|\n|t:|1781427467\n|move|p1a: Houndoom|Nasty Plot|p1a: Houndoom\n|-boost|p1a: Houndoom|spa|2\n|move|p2a: Arceus|Calm Mind|p2a: Arceus\n|-boost|p2a: Arceus|spa|1\n|-boost|p2a: Arceus|spd|1\n|\n|upkeep\n|turn|9\n|\n|t:|1781427471\n|move|p1a: Houndoom|Fire Blast|p2a: Arceus\n|-crit|p2a: Arceus\n|-damage|p2a: Arceus|0 fnt\n|faint|p2a: Arceus\n|\n|upkeep\n|\n|t:|1781427474\n|switch|p2a: Squawkabilly|Squawkabilly-Blue, L85, M|278/278\n|turn|10\n|\n|t:|1781427478\n|move|p1a: Houndoom|Fire Blast|p2a: Squawkabilly\n|-damage|p2a: Squawkabilly|0 fnt\n|faint|p2a: Squawkabilly\n|\n|upkeep\n|-message|Davide070701 forfeited.\n|\n|win|bilabong\n|raw|bilabong's rating: 1992 &rarr; <strong>2014</strong><br />(+22 for winning)\n|raw|Davide070701's rating: 2022 &rarr; <strong>2000</strong><br />(-22 for losing)\n|l|\u2606Davide070701\n|player|p2|\n", "inputlog": ">version a8376a258c1d4662feba110a92103f3664a72141\n>start {\"formatid\":\"gen9randombattle\",\"seed\":\"sodium,aade2028d26ca095b2459d3a15ea13bc\",\"rated\":\"Rated battle\"}\n>player p1 {\"name\":\"bilabong\",\"avatar\":\"265\",\"rating\":1992,\"seed\":\"sodium,7d52c97bcb0135f13231aa88341bb1ed\"}\n>player p2 {\"name\":\"Davide070701\",\"avatar\":\"170\",\"rating\":2022,\"seed\":\"sodium,4183f9fd666c24cc60b89aac38fd3260\"}\n>p1 move knockoff\n>p2 move filletaway\n>p1 move doubleedge\n>p2 move aquacutter\n>p2 switch 4\n>p1 switch 2\n>p2 move bulkup\n>p1 move hypervoice\n>p2 move poisonjab terastallize\n>p1 move hypervoice\n>p2 move drainpunch\n>p1 move hypervoice\n>p2 move drainpunch\n>p1 switch 3\n>p1 move fireblast\n>p2 move drainpunch\n>p2 switch 2\n>p1 move nastyplot\n>p2 move calmmind\n>p1 move fireblast\n>p2 move calmmind\n>p2 switch 6\n>p1 move fireblast\n>p2 move facade\n>forcelose p2", "uploadtime": 1781427366, "views": 6, "formatid": "gen9randombattle", "rating": 2000, "private": 0, "password": null}