{"id": "gen9randombattle-2631728624", "format": "[Gen 9] Random Battle", "players": ["symitry", "marrickchill"], "log": "|j|\u2606symitry\n|j|\u2606marrickchill\n|t:|1781429746\n|gametype|singles\n|player|p1|symitry|102|2046\n|player|p2|marrickchill|266|2074\n|gen|9\n|tier|[Gen 9] Random Battle\n|rated|\n|rule|Species Clause: Limit one of each Pok\u00e9mon\n|rule|HP Percentage Mod: HP is shown in percentages\n|rule|Sleep Clause Mod: Limit one foe put to sleep\n|rule|Illusion Level Mod: Illusion disguises the Pok\u00e9mon's true level\n|\n|t:|1781429746\n|teamsize|p1|6\n|teamsize|p2|6\n|start\n|switch|p1a: Hitmontop|Hitmontop, L88, M|231/231\n|switch|p2a: Mandibuzz|Mandibuzz, L85, F|326/326\n|-ability|p1a: Hitmontop|Intimidate|boost\n|-unboost|p2a: Mandibuzz|atk|1\n|turn|1\n|\n|t:|1781429753\n|move|p2a: Mandibuzz|Brave Bird|p1a: Hitmontop\n|-supereffective|p1a: Hitmontop\n|-damage|p1a: Hitmontop|117/231\n|-damage|p2a: Mandibuzz|288/326|[from] Recoil\n|move|p1a: Hitmontop|Close Combat|p2a: Mandibuzz\n|-damage|p2a: Mandibuzz|170/326\n|-unboost|p1a: Hitmontop|def|1\n|-unboost|p1a: Hitmontop|spd|1\n|\n|upkeep\n|turn|2\n|\n|t:|1781429765\n|switch|p1a: Minior|Minior-Indigo, L79|224/224\n|-formechange|p1a: Minior|Minior-Meteor||[from] ability: Shields Down\n|move|p2a: Mandibuzz|Knock Off|p1a: Minior\n|-damage|p1a: Minior|175/224\n|-enditem|p1a: Minior|White Herb|[from] move: Knock Off|[of] p2a: Mandibuzz\n|\n|upkeep\n|turn|3\n|\n|t:|1781429772\n|switch|p2a: Greninja|Greninja, L80, M|246/246\n|move|p1a: Minior|Shell Smash|p1a: Minior\n|-unboost|p1a: Minior|def|1\n|-unboost|p1a: Minior|spd|1\n|-boost|p1a: Minior|atk|2\n|-boost|p1a: Minior|spa|2\n|-boost|p1a: Minior|spe|2\n|\n|upkeep\n|turn|4\n|\n|t:|1781429785\n|move|p1a: Minior|Acrobatics|p2a: Greninja\n|-damage|p2a: Greninja|45/246\n|move|p2a: Greninja|Ice Beam|p1a: Minior\n|-supereffective|p1a: Minior\n|-damage|p1a: Minior|0 fnt\n|faint|p1a: Minior\n|-ability|p2a: Greninja|Battle Bond|boost\n|-boost|p2a: Greninja|atk|1\n|-boost|p2a: Greninja|spa|1\n|-boost|p2a: Greninja|spe|1\n|-activate|p2a: Greninja|ability: Battle Bond\n|-damage|p2a: Greninja|21/246|[from] item: Life Orb\n|\n|upkeep\n|\n|t:|1781429788\n|switch|p1a: Hitmontop|Hitmontop, L88, M|117/231\n|-ability|p1a: Hitmontop|Intimidate|boost\n|-unboost|p2a: Greninja|atk|1\n|turn|5\n|\n|t:|1781429793\n|switch|p2a: Mandibuzz|Mandibuzz, L85, F|170/326\n|move|p1a: Hitmontop|Sucker Punch||[still]\n|-fail|p1a: Hitmontop\n|\n|upkeep\n|turn|6\n|\n|t:|1781429810\n|move|p2a: Mandibuzz|Brave Bird|p1a: Hitmontop\n|-supereffective|p1a: Hitmontop\n|-damage|p1a: Hitmontop|0 fnt\n|faint|p1a: Hitmontop\n|-damage|p2a: Mandibuzz|131/326|[from] Recoil\n|\n|upkeep\n|\n|t:|1781429817\n|switch|p1a: Deoxys|Deoxys-Speed, L82|216/216\n|-ability|p1a: Deoxys|Pressure\n|turn|7\n|\n|t:|1781429823\n|-terastallize|p1a: Deoxys|Fighting\n|move|p1a: Deoxys|Focus Blast|p2a: Mandibuzz\n|-damage|p2a: Mandibuzz|0 fnt\n|faint|p2a: Mandibuzz\n|-damage|p1a: Deoxys|195/216|[from] item: Life Orb\n|\n|upkeep\n|\n|t:|1781429827\n|switch|p2a: Florges|Florges-Yellow, L85, F|271/271\n|turn|8\n|\n|t:|1781429830\n|switch|p1a: Okidogi|Okidogi, L77, M|262/262\n|move|p2a: Florges|Moonblast|p1a: Okidogi\n|-damage|p1a: Okidogi|174/262\n|-unboost|p1a: Okidogi|spa|1\n|\n|upkeep\n|turn|9\n|\n|t:|1781429838\n|switch|p2a: Greninja|Greninja, L80, M|21/246\n|move|p1a: Okidogi|Gunk Shot|p2a: Greninja\n|-damage|p2a: Greninja|0 fnt\n|faint|p2a: Greninja\n|\n|upkeep\n|\n|t:|1781429840\n|switch|p2a: Noctowl|Noctowl, L95, M|344/344\n|turn|10\n|\n|t:|1781429847\n|switch|p1a: Araquanid|Araquanid, L82, F|246/246\n|move|p2a: Noctowl|Hurricane|p1a: Araquanid\n|-supereffective|p1a: Araquanid\n|-damage|p1a: Araquanid|42/246\n|\n|upkeep\n|turn|11\n|\n|t:|1781429850\n|move|p2a: Noctowl|Hyper Voice|p1a: Araquanid\n|-damage|p1a: Araquanid|0 fnt\n|faint|p1a: Araquanid\n|\n|upkeep\n|\n|t:|1781429859\n|switch|p1a: Regigigas|Regigigas, L84|322/322\n|-start|p1a: Regigigas|ability: Slow Start\n|turn|12\n|\n|t:|1781429863\n|switch|p2a: Magcargo|Magcargo, L95, M|268/268\n|move|p1a: Regigigas|Body Slam|p2a: Magcargo\n|-resisted|p2a: Magcargo\n|-damage|p2a: Magcargo|242/268\n|\n|upkeep\n|turn|13\n|\n|t:|1781429868\n|move|p2a: Magcargo|Lava Plume|p1a: Regigigas\n|-damage|p1a: Regigigas|231/322\n|-status|p1a: Regigigas|brn\n|move|p1a: Regigigas|Knock Off|p2a: Magcargo\n|-damage|p2a: Magcargo|225/268\n|-enditem|p2a: Magcargo|Heavy-Duty Boots|[from] move: Knock Off|[of] p1a: Regigigas\n|\n|-heal|p1a: Regigigas|251/322 brn|[from] item: Leftovers\n|-damage|p1a: Regigigas|231/322 brn|[from] brn\n|upkeep\n|turn|14\n|\n|t:|1781429872\n|switch|p2a: Meganium|Meganium, L90, M|290/290\n|move|p1a: Regigigas|Rest|p1a: Regigigas\n|-status|p1a: Regigigas|slp|[from] move: Rest\n|-heal|p1a: Regigigas|322/322 slp|[silent]\n|\n|upkeep\n|turn|15\n|\n|t:|1781429893\n|move|p2a: Meganium|Knock Off|p1a: Regigigas\n|-damage|p1a: Regigigas|265/322 slp\n|-enditem|p1a: Regigigas|Leftovers|[from] move: Knock Off|[of] p2a: Meganium\n|cant|p1a: Regigigas|slp\n|move|p1a: Regigigas|Sleep Talk|p1a: Regigigas\n|move|p1a: Regigigas|Body Slam|p2a: Meganium|[from] move: Sleep Talk\n|-damage|p2a: Meganium|232/290\n|-status|p2a: Meganium|par\n|\n|-heal|p2a: Meganium|250/290 par|[from] item: Leftovers\n|upkeep\n|turn|16\n|\n|t:|1781429896\n|cant|p1a: Regigigas|slp\n|move|p1a: Regigigas|Sleep Talk|p1a: Regigigas\n|move|p1a: Regigigas|Body Slam|p2a: Meganium|[from] move: Sleep Talk\n|-damage|p2a: Meganium|196/290 par\n|move|p2a: Meganium|Dragon Tail|p1a: Regigigas\n|-damage|p1a: Regigigas|227/322 slp\n|drag|p1a: Deoxys|Deoxys-Speed, L82, tera:Fighting|195/216\n|-ability|p1a: Deoxys|Pressure\n|\n|-heal|p2a: Meganium|214/290 par|[from] item: Leftovers\n|upkeep\n|turn|17\n|\n|t:|1781429909\n|move|p1a: Deoxys|Nasty Plot|p1a: Deoxys\n|-boost|p1a: Deoxys|spa|2\n|move|p2a: Meganium|Dragon Tail|p1a: Deoxys\n|-damage|p1a: Deoxys|153/216\n|drag|p1a: Okidogi|Okidogi, L77, M|174/262\n|\n|-heal|p2a: Meganium|232/290 par|[from] item: Leftovers\n|upkeep\n|turn|18\n|\n|t:|1781429914\n|move|p1a: Okidogi|Gunk Shot|p2a: Meganium\n|-supereffective|p2a: Meganium\n|-damage|p2a: Meganium|8/290 par\n|move|p2a: Meganium|Dragon Tail|p1a: Okidogi\n|-damage|p1a: Okidogi|136/262\n|drag|p1a: Deoxys|Deoxys-Speed, L82, tera:Fighting|153/216\n|-ability|p1a: Deoxys|Pressure\n|\n|-heal|p2a: Meganium|26/290 par|[from] item: Leftovers\n|upkeep\n|turn|19\n|\n|t:|1781429918\n|move|p1a: Deoxys|Nasty Plot|p1a: Deoxys\n|-boost|p1a: Deoxys|spa|2\n|move|p2a: Meganium|Dragon Tail|p1a: Deoxys\n|-damage|p1a: Deoxys|113/216\n|drag|p1a: Regigigas|Regigigas, L84|227/322 slp\n|-start|p1a: Regigigas|ability: Slow Start\n|\n|-heal|p2a: Meganium|44/290 par|[from] item: Leftovers\n|upkeep\n|turn|20\n|\n|t:|1781429924\n|-curestatus|p1a: Regigigas|slp|[msg]\n|move|p1a: Regigigas|Sleep Talk||[still]\n|-fail|p1a: Regigigas\n|move|p2a: Meganium|Dragon Tail|p1a: Regigigas\n|-damage|p1a: Regigigas|191/322\n|drag|p1a: Okidogi|Okidogi, L77, M|136/262\n|\n|-heal|p2a: Meganium|62/290 par|[from] item: Leftovers\n|upkeep\n|turn|21\n|\n|t:|1781429932\n|move|p1a: Okidogi|Drain Punch|p2a: Meganium\n|-damage|p2a: Meganium|0 fnt\n|-heal|p1a: Okidogi|167/262|[from] drain|[of] p2a: Meganium\n|faint|p2a: Meganium\n|\n|upkeep\n|\n|t:|1781429936\n|switch|p2a: Noctowl|Noctowl, L95, M|344/344\n|turn|22\n|\n|t:|1781429949\n|switch|p1a: Regigigas|Regigigas, L84|191/322\n|-start|p1a: Regigigas|ability: Slow Start\n|move|p2a: Noctowl|Hurricane|p1a: Regigigas\n|-damage|p1a: Regigigas|79/322\n|\n|upkeep\n|turn|23\n|\n|t:|1781429954\n|move|p2a: Noctowl|Hurricane|p1a: Regigigas|[miss]\n|-miss|p2a: Noctowl|p1a: Regigigas\n|move|p1a: Regigigas|Rest|p1a: Regigigas\n|-status|p1a: Regigigas|slp|[from] move: Rest\n|-heal|p1a: Regigigas|322/322 slp|[silent]\n|\n|upkeep\n|turn|24\n|\n|t:|1781429961\n|move|p2a: Noctowl|Calm Mind|p2a: Noctowl\n|-boost|p2a: Noctowl|spa|1\n|-boost|p2a: Noctowl|spd|1\n|cant|p1a: Regigigas|slp\n|move|p1a: Regigigas|Sleep Talk|p1a: Regigigas\n|move|p1a: Regigigas|Knock Off|p2a: Noctowl|[from] move: Sleep Talk\n|-damage|p2a: Noctowl|279/344\n|-enditem|p2a: Noctowl|Heavy-Duty Boots|[from] move: Knock Off|[of] p1a: Regigigas\n|\n|upkeep\n|turn|25\n|\n|t:|1781429964\n|move|p2a: Noctowl|Hurricane|p1a: Regigigas\n|-damage|p1a: Regigigas|154/322 slp\n|cant|p1a: Regigigas|slp\n|move|p1a: Regigigas|Sleep Talk|p1a: Regigigas\n|move|p1a: Regigigas|Body Slam|p2a: Noctowl|[from] move: Sleep Talk\n|-damage|p2a: Noctowl|194/344\n|-status|p2a: Noctowl|par\n|\n|upkeep\n|turn|26\n|\n|t:|1781429970\n|-curestatus|p1a: Regigigas|slp|[msg]\n|move|p1a: Regigigas|Body Slam|p2a: Noctowl\n|-crit|p2a: Noctowl\n|-damage|p2a: Noctowl|53/344 par\n|move|p2a: Noctowl|Hurricane|p1a: Regigigas\n|-damage|p1a: Regigigas|0 fnt\n|faint|p1a: Regigigas\n|-end|p1a: Regigigas|Slow Start|[silent]\n|\n|upkeep\n|\n|t:|1781429974\n|switch|p1a: Okidogi|Okidogi, L77, M|167/262\n|turn|27\n|\n|t:|1781429978\n|move|p1a: Okidogi|Drain Punch|p2a: Noctowl\n|-damage|p2a: Noctowl|0 fnt\n|-heal|p1a: Okidogi|194/262|[from] drain|[of] p2a: Noctowl\n|faint|p2a: Noctowl\n|\n|upkeep\n|\n|t:|1781429981\n|switch|p2a: Florges|Florges-Yellow, L85, F|271/271\n|turn|28\n|\n|t:|1781429989\n|move|p2a: Florges|Calm Mind|p2a: Florges\n|-boost|p2a: Florges|spa|1\n|-boost|p2a: Florges|spd|1\n|move|p1a: Okidogi|Gunk Shot|p2a: Florges\n|-supereffective|p2a: Florges\n|-damage|p2a: Florges|0 fnt\n|faint|p2a: Florges\n|\n|upkeep\n|-message|marrickchill forfeited.\n|\n|win|symitry\n|raw|symitry's rating: 2027 &rarr; <strong>2050</strong><br />(+23 for winning)\n|raw|marrickchill's rating: 2074 &rarr; <strong>2051</strong><br />(-23 for losing)\n", "inputlog": ">version a8376a258c1d4662feba110a92103f3664a72141\n>start {\"formatid\":\"gen9randombattle\",\"seed\":\"sodium,9908ee2562a70eca85e12d44042acdd4\",\"rated\":\"Rated battle\"}\n>player p1 {\"name\":\"symitry\",\"avatar\":\"102\",\"rating\":2046,\"seed\":\"sodium,c0003775b1afbc8b221dd97c2d1ec14a\"}\n>player p2 {\"name\":\"marrickchill\",\"avatar\":\"266\",\"rating\":2074,\"seed\":\"sodium,3ec1b9fc3a54bb93fa45f896c0998010\"}\n>p1 move closecombat\n>p2 move bravebird\n>p1 switch 5\n>p2 move knockoff\n>p1 move shellsmash\n>p2 switch 3\n>p1 move acrobatics\n>p2 move icebeam\n>p1 switch 5\n>p1 move suckerpunch\n>p2 switch 3\n>p1 move rapidspin\n>p2 move bravebird\n>p1 switch 4\n>p1 move focusblast terastallize\n>p2 move knockoff\n>p2 switch 4\n>p1 switch 2\n>p2 move moonblast\n>p1 move gunkshot\n>p2 switch 3\n>p2 switch 2\n>p1 switch 6\n>p2 move hurricane\n>p1 move stickyweb\n>p2 move hypervoice\n>p1 switch 3\n>p1 move bodyslam\n>p2 switch 6\n>p1 move knockoff\n>p2 move lavaplume\n>p1 move rest\n>p2 switch 5\n>p1 move sleeptalk\n>p2 move knockoff\n>p1 move sleeptalk\n>p2 move dragontail\n>p1 move nastyplot\n>p2 move dragontail\n>p1 move gunkshot\n>p2 move dragontail\n>p1 move nastyplot\n>p2 move dragontail\n>p1 move sleeptalk\n>p2 move dragontail\n>p1 move drainpunch\n>p2 move dragontail\n>p2 switch 6\n>p1 switch 6\n>p2 move hurricane\n>p1 move rest\n>p2 move hurricane\n>p1 move sleeptalk\n>p2 move calmmind\n>p1 move sleeptalk\n>p2 move hurricane\n>p1 move bodyslam\n>p2 move hurricane\n>p1 switch 6\n>p1 move drainpunch\n>p2 move hypervoice\n>p2 switch 3\n>p1 move gunkshot\n>p2 move calmmind\n>forcelose p2", "uploadtime": 1781429748, "views": 10, "formatid": "gen9randombattle", "rating": 2050, "private": 0, "password": null}