{"id": "gen9randombattle-2631914249", "format": "[Gen 9] Random Battle", "players": ["Marino_elmarinador", "pokemongoldead"], "log": "|j|\u2606Marino_elmarinador\n|j|\u2606pokemongoldead\n|t:|1781455081\n|gametype|singles\n|player|p1|Marino_elmarinador|depotagent|\n|player|p2|pokemongoldead|ethan|\n|gen|9\n|tier|[Gen 9] Random Battle\n|rule|Species Clause: Limit one of each Pok\u00e9mon\n|rule|HP Percentage Mod: HP is shown in percentages\n|rule|Sleep Clause Mod: Limit one foe put to sleep\n|rule|Illusion Level Mod: Illusion disguises the Pok\u00e9mon's true level\n|\n|t:|1781455081\n|teamsize|p1|6\n|teamsize|p2|6\n|start\n|switch|p1a: Sunflora|Sunflora, F|312/312\n|switch|p2a: Seviper|Seviper, L93, M|287/287\n|turn|1\n|\n|t:|1781455107\n|move|p2a: Seviper|Gunk Shot|p1a: Sunflora\n|-supereffective|p1a: Sunflora\n|-damage|p1a: Sunflora|0 fnt\n|faint|p1a: Sunflora\n|\n|upkeep\n|\n|t:|1781455112\n|switch|p1a: Sudowoodo|Sudowoodo, L94, F|284/284\n|turn|2\n|\n|t:|1781455120\n|move|p2a: Seviper|Earthquake|p1a: Sudowoodo\n|-supereffective|p1a: Sudowoodo\n|-damage|p1a: Sudowoodo|142/284\n|move|p1a: Sudowoodo|Earthquake|p2a: Seviper\n|-supereffective|p2a: Seviper\n|-damage|p2a: Seviper|0 fnt\n|faint|p2a: Seviper\n|\n|upkeep\n|\n|t:|1781455127\n|switch|p2a: Leavanny|Leavanny, L86, F|269/269\n|turn|3\n|\n|t:|1781455138\n|switch|p1a: Bombirdier|Bombirdier, L85, F|258/258\n|move|p2a: Leavanny|Leaf Blade|p1a: Bombirdier\n|-resisted|p1a: Bombirdier\n|-damage|p1a: Bombirdier|202/258\n|\n|upkeep\n|turn|4\n|\n|t:|1781455149\n|switch|p2a: Iron Thorns|Iron Thorns, L83|302/302\n|-enditem|p2a: Iron Thorns|Booster Energy\n|-activate|p2a: Iron Thorns|ability: Quark Drive|[fromitem]\n|-start|p2a: Iron Thorns|quarkdriveatk\n|move|p1a: Bombirdier|Knock Off|p2a: Iron Thorns\n|-damage|p2a: Iron Thorns|238/302\n|\n|upkeep\n|turn|5\n|\n|t:|1781455165\n|switch|p1a: Girafarig|Girafarig, L89, F|269/269\n|move|p2a: Iron Thorns|Stone Edge|p1a: Girafarig|[miss]\n|-miss|p2a: Iron Thorns|p1a: Girafarig\n|\n|upkeep\n|turn|6\n|\n|t:|1781455182\n|move|p1a: Girafarig|Nasty Plot|p1a: Girafarig\n|-boost|p1a: Girafarig|spa|2\n|move|p2a: Iron Thorns|Earthquake|p1a: Girafarig\n|-damage|p1a: Girafarig|178/269\n|\n|upkeep\n|turn|7\n|\n|t:|1781455190\n|-end|p2a: Iron Thorns|Quark Drive|[silent]\n|switch|p2a: Leavanny|Leavanny, L86, F|269/269\n|move|p1a: Girafarig|Psyshock|p2a: Leavanny\n|-damage|p2a: Leavanny|74/269\n|\n|upkeep\n|turn|8\n|\n|t:|1781455197\n|move|p2a: Leavanny|Lunge|p1a: Girafarig\n|-supereffective|p1a: Girafarig\n|-damage|p1a: Girafarig|0 fnt\n|faint|p1a: Girafarig\n|\n|upkeep\n|\n|t:|1781455204\n|switch|p1a: Bombirdier|Bombirdier, L85, F|202/258\n|turn|9\n|\n|t:|1781455207\n|switch|p2a: Iron Thorns|Iron Thorns, L83|238/302\n|move|p1a: Bombirdier|Brave Bird|p2a: Iron Thorns\n|-resisted|p2a: Iron Thorns\n|-damage|p2a: Iron Thorns|209/302\n|-damage|p1a: Bombirdier|192/258|[from] Recoil\n|\n|upkeep\n|turn|10\n|\n|t:|1781455215\n|move|p1a: Bombirdier|Sucker Punch|p2a: Iron Thorns\n|-damage|p2a: Iron Thorns|134/302\n|move|p2a: Iron Thorns|Stone Edge|p1a: Bombirdier\n|-supereffective|p1a: Bombirdier\n|-damage|p1a: Bombirdier|0 fnt\n|faint|p1a: Bombirdier\n|\n|upkeep\n|\n|t:|1781455223\n|switch|p1a: Sudowoodo|Sudowoodo, L94, F|142/284\n|turn|11\n|\n|t:|1781455225\n|move|p2a: Iron Thorns|Earthquake|p1a: Sudowoodo\n|-supereffective|p1a: Sudowoodo\n|-damage|p1a: Sudowoodo|12/284\n|move|p1a: Sudowoodo|Earthquake|p2a: Iron Thorns\n|-supereffective|p2a: Iron Thorns\n|-damage|p2a: Iron Thorns|0 fnt\n|faint|p2a: Iron Thorns\n|-end|p2a: Iron Thorns|Quark Drive|[silent]\n|\n|upkeep\n|\n|t:|1781455229\n|switch|p2a: Leavanny|Leavanny, L86, F|74/269\n|turn|12\n|\n|t:|1781455236\n|switch|p1a: Uxie|Uxie, L83|260/260\n|move|p2a: Leavanny|Leaf Blade|p1a: Uxie\n|-damage|p1a: Uxie|185/260\n|\n|-heal|p1a: Uxie|201/260|[from] item: Leftovers\n|upkeep\n|turn|13\n|\n|t:|1781455245\n|move|p2a: Leavanny|Lunge|p1a: Uxie\n|-supereffective|p1a: Uxie\n|-damage|p1a: Uxie|0 fnt\n|faint|p1a: Uxie\n|\n|upkeep\n|\n|t:|1781455250\n|switch|p1a: Oricorio|Oricorio, L84, F|263/263\n|turn|14\n|\n|t:|1781455260\n|switch|p2a: Fezandipiti|Fezandipiti, L82, M|278/278\n|move|p1a: Oricorio|Quiver Dance|p1a: Oricorio\n|-boost|p1a: Oricorio|spa|1\n|-boost|p1a: Oricorio|spd|1\n|-boost|p1a: Oricorio|spe|1\n|\n|upkeep\n|turn|15\n|\n|t:|1781455274\n|-terastallize|p1a: Oricorio|Ground\n|move|p1a: Oricorio|Revelation Dance|p2a: Fezandipiti\n|-supereffective|p2a: Fezandipiti\n|-damage|p2a: Fezandipiti|36/278\n|move|p2a: Fezandipiti|Gunk Shot|p1a: Oricorio\n|-resisted|p1a: Oricorio\n|-damage|p1a: Oricorio|198/263\n|\n|-heal|p2a: Fezandipiti|53/278|[from] item: Leftovers\n|upkeep\n|turn|16\n|\n|t:|1781455283\n|move|p1a: Oricorio|Revelation Dance|p2a: Fezandipiti\n|-supereffective|p2a: Fezandipiti\n|-damage|p2a: Fezandipiti|0 fnt\n|faint|p2a: Fezandipiti\n|\n|upkeep\n|\n|t:|1781455288\n|switch|p2a: Leavanny|Leavanny, L86, F|74/269\n|turn|17\n|\n|t:|1781455293\n|move|p1a: Oricorio|Hurricane|p2a: Leavanny|[miss]\n|-miss|p1a: Oricorio|p2a: Leavanny\n|move|p2a: Leavanny|Leaf Blade|p1a: Oricorio\n|-supereffective|p1a: Oricorio\n|-damage|p1a: Oricorio|0 fnt\n|faint|p1a: Oricorio\n|\n|upkeep\n|\n|t:|1781455299\n|switch|p1a: Sudowoodo|Sudowoodo, L94, F|12/284\n|turn|18\n|\n|t:|1781455303\n|move|p2a: Leavanny|Leaf Blade|p1a: Sudowoodo\n|-supereffective|p1a: Sudowoodo\n|-damage|p1a: Sudowoodo|0 fnt\n|faint|p1a: Sudowoodo\n|\n|win|pokemongoldead\n|l|\u2606Marino_elmarinador\n|player|p1|\n", "inputlog": ">version a8376a258c1d4662feba110a92103f3664a72141\n>start {\"formatid\":\"gen9randombattle\",\"seed\":\"sodium,3ec2378626c2602dca2f4fff137b7658\"}\n>player p1 {\"name\":\"Marino_elmarinador\",\"avatar\":\"depotagent\",\"rating\":0,\"seed\":\"sodium,f9e1c1f7eaefd98c3e47f0e2e12b7440\"}\n>player p2 {\"name\":\"pokemongoldead\",\"avatar\":\"ethan\",\"rating\":0,\"seed\":\"sodium,81dad7a342587a593a61d81ba3a12a2e\"}\n>p1 move earthpower\n>p2 move gunkshot\n>p1 switch 6\n>p1 move earthquake\n>p2 move earthquake\n>p2 switch 4\n>p1 switch 3\n>p2 move leafblade\n>p1 move knockoff\n>p2 switch 6\n>p1 switch 4\n>p2 move stoneedge\n>p1 move nastyplot\n>p2 move earthquake\n>p1 move psyshock\n>p2 switch 6\n>p1 move psyshock\n>p2 move lunge\n>p1 switch 4\n>p1 move bravebird\n>p2 switch 6\n>p1 move suckerpunch\n>p2 move stoneedge\n>p1 switch 3\n>p1 move earthquake\n>p2 move earthquake\n>p2 switch 6\n>p1 switch 5\n>p2 move leafblade\n>p1 move thunderwave\n>p2 move lunge\n>p1 switch 2\n>p1 move quiverdance\n>p2 switch 2\n>p1 move revelationdance terastallize\n>p2 move gunkshot\n>p1 move revelationdance\n>p2 move playrough\n>p2 switch 2\n>p1 move hurricane\n>p2 move leafblade\n>p1 switch 5\n>p1 move headsmash\n>p2 move leafblade", "uploadtime": 1781455312, "views": 4, "formatid": "gen9randombattle", "rating": null, "private": 0, "password": null}