{"id": "gen9randombattle-2631383366", "format": "[Gen 9] Random Battle", "players": ["mouss", "good pork"], "log": "|j|\u2606mouss\n|j|\u2606good pork\n|t:|1781378178\n|gametype|singles\n|player|p1|mouss|marshal|1919\n|player|p2|good pork|266|1949\n|gen|9\n|tier|[Gen 9] Random Battle\n|rated|\n|rule|Species Clause: Limit one of each Pok\u00e9mon\n|rule|HP Percentage Mod: HP is shown in percentages\n|rule|Sleep Clause Mod: Limit one foe put to sleep\n|rule|Illusion Level Mod: Illusion disguises the Pok\u00e9mon's true level\n|\n|t:|1781378178\n|teamsize|p1|6\n|teamsize|p2|6\n|start\n|switch|p1a: Bruxish|Bruxish, L85, F|254/254\n|switch|p2a: Bronzong|Bronzong, L88|261/261\n|turn|1\n|\n|t:|1781378190\n|switch|p2a: Koraidon|Koraidon, L64|235/235\n|-weather|SunnyDay|[from] ability: Orichalcum Pulse|[of] p2a: Koraidon\n|-activate|p2a: Koraidon|Orichalcum Pulse|[source]\n|move|p1a: Bruxish|Swords Dance|p1a: Bruxish\n|-boost|p1a: Bruxish|atk|2\n|\n|-weather|SunnyDay|[upkeep]\n|upkeep\n|turn|2\n|\n|t:|1781378199\n|move|p2a: Koraidon|U-turn|p1a: Bruxish\n|-supereffective|p1a: Bruxish\n|-damage|p1a: Bruxish|88/254\n|\n|t:|1781378202\n|switch|p2a: Kingambit|Kingambit, L74, F|270/270|[from] U-turn\n|move|p1a: Bruxish|Psychic Fangs|p2a: Kingambit\n|-immune|p2a: Kingambit\n|\n|-weather|SunnyDay|[upkeep]\n|upkeep\n|turn|3\n|\n|t:|1781378209\n|move|p1a: Bruxish|Wave Crash|p2a: Kingambit\n|-damage|p2a: Kingambit|118/270\n|-damage|p1a: Bruxish|38/254|[from] Recoil\n|-damage|p1a: Bruxish|13/254|[from] item: Life Orb\n|move|p2a: Kingambit|Kowtow Cleave|p1a: Bruxish\n|-supereffective|p1a: Bruxish\n|-damage|p1a: Bruxish|0 fnt\n|faint|p1a: Bruxish\n|\n|-weather|SunnyDay|[upkeep]\n|-heal|p2a: Kingambit|134/270|[from] item: Leftovers\n|upkeep\n|\n|t:|1781378216\n|switch|p1a: Blaziken|Blaziken, L76, F|247/247\n|turn|4\n|\n|t:|1781378222\n|-end|p2a: Kingambit|fallenundefined|[silent]\n|switch|p2a: Dondozo|Dondozo, L78, F|362/362\n|move|p1a: Blaziken|Swords Dance|p1a: Blaziken\n|-boost|p1a: Blaziken|atk|2\n|\n|-weather|SunnyDay|[upkeep]\n|-ability|p1a: Blaziken|Speed Boost|boost\n|-boost|p1a: Blaziken|spe|1\n|upkeep\n|turn|5\n|\n|t:|1781378248\n|move|p1a: Blaziken|Knock Off|p2a: Dondozo\n|-crit|p2a: Dondozo\n|-damage|p2a: Dondozo|237/362\n|-enditem|p2a: Dondozo|Leftovers|[from] move: Knock Off|[of] p1a: Blaziken\n|-damage|p1a: Blaziken|223/247|[from] item: Life Orb\n|move|p2a: Dondozo|Wave Crash|p1a: Blaziken\n|-supereffective|p1a: Blaziken\n|-damage|p1a: Blaziken|67/247\n|-damage|p2a: Dondozo|186/362|[from] Recoil\n|\n|-weather|none\n|-ability|p1a: Blaziken|Speed Boost|boost\n|-boost|p1a: Blaziken|spe|1\n|upkeep\n|turn|6\n|\n|t:|1781378259\n|move|p1a: Blaziken|Close Combat|p2a: Dondozo\n|-damage|p2a: Dondozo|37/362\n|-unboost|p1a: Blaziken|def|1\n|-unboost|p1a: Blaziken|spd|1\n|-damage|p1a: Blaziken|43/247|[from] item: Life Orb\n|move|p2a: Dondozo|Rest|p2a: Dondozo\n|-status|p2a: Dondozo|slp|[from] move: Rest\n|-heal|p2a: Dondozo|362/362 slp|[silent]\n|\n|-ability|p1a: Blaziken|Speed Boost|boost\n|-boost|p1a: Blaziken|spe|1\n|upkeep\n|turn|7\n|\n|t:|1781378269\n|switch|p1a: Iron Leaves|Iron Leaves, L80|275/275\n|cant|p2a: Dondozo|slp\n|move|p2a: Dondozo|Sleep Talk|p2a: Dondozo\n|move|p2a: Dondozo|Wave Crash|p1a: Iron Leaves|[from] move: Sleep Talk\n|-resisted|p1a: Iron Leaves\n|-damage|p1a: Iron Leaves|211/275\n|-damage|p2a: Dondozo|341/362 slp|[from] Recoil\n|\n|upkeep\n|turn|8\n|\n|t:|1781378276\n|switch|p2a: Bronzong|Bronzong, L88|261/261\n|move|p1a: Iron Leaves|Leaf Blade|p2a: Bronzong\n|-resisted|p2a: Bronzong\n|-crit|p2a: Bronzong\n|-damage|p2a: Bronzong|171/261\n|\n|upkeep\n|turn|9\n|\n|t:|1781378284\n|move|p1a: Iron Leaves|Leaf Blade|p2a: Bronzong\n|-resisted|p2a: Bronzong\n|-damage|p2a: Bronzong|104/261\n|move|p2a: Bronzong|Iron Defense|p2a: Bronzong\n|-boost|p2a: Bronzong|def|2\n|\n|upkeep\n|turn|10\n|\n|t:|1781378290\n|move|p1a: Iron Leaves|Leaf Blade|p2a: Bronzong\n|-resisted|p2a: Bronzong\n|-damage|p2a: Bronzong|70/261\n|move|p2a: Bronzong|Rest|p2a: Bronzong\n|-status|p2a: Bronzong|slp|[from] move: Rest\n|-heal|p2a: Bronzong|261/261 slp|[silent]\n|-enditem|p2a: Bronzong|Chesto Berry|[eat]\n|-curestatus|p2a: Bronzong|slp|[msg]\n|\n|upkeep\n|turn|11\n|\n|t:|1781378307\n|move|p1a: Iron Leaves|Leaf Blade|p2a: Bronzong\n|-resisted|p2a: Bronzong\n|-damage|p2a: Bronzong|227/261\n|move|p2a: Bronzong|Iron Defense|p2a: Bronzong\n|-boost|p2a: Bronzong|def|2\n|\n|upkeep\n|turn|12\n|\n|t:|1781378310\n|move|p1a: Iron Leaves|Leaf Blade|p2a: Bronzong\n|-resisted|p2a: Bronzong\n|-damage|p2a: Bronzong|206/261\n|move|p2a: Bronzong|Body Press|p1a: Iron Leaves\n|-resisted|p1a: Iron Leaves\n|-damage|p1a: Iron Leaves|92/275\n|\n|upkeep\n|turn|13\n|\n|t:|1781378313\n|move|p1a: Iron Leaves|Leaf Blade|p2a: Bronzong\n|-resisted|p2a: Bronzong\n|-damage|p2a: Bronzong|183/261\n|move|p2a: Bronzong|Body Press|p1a: Iron Leaves\n|-resisted|p1a: Iron Leaves\n|-damage|p1a: Iron Leaves|0 fnt\n|faint|p1a: Iron Leaves\n|-end|p1a: Iron Leaves|Quark Drive|[silent]\n|\n|upkeep\n|l|\u2606good pork\n|player|p2|\n|j|\u2606good pork\n|player|p2|good pork|266|\n|\n|t:|1781378336\n|switch|p1a: Lucario|Lucario, L84, F|255/255\n|turn|14\n|\n|t:|1781378340\n|-terastallize|p1a: Lucario|Fighting\n|move|p1a: Lucario|Aura Sphere|p2a: Bronzong\n|-damage|p2a: Bronzong|40/261\n|-damage|p1a: Lucario|230/255|[from] item: Life Orb\n|move|p2a: Bronzong|Body Press|p1a: Lucario\n|-damage|p1a: Lucario|0 fnt\n|faint|p1a: Lucario\n|\n|upkeep\n|\n|t:|1781378348\n|switch|p1a: Iron Thorns|Iron Thorns, L83|302/302\n|turn|15\n|\n|t:|1781378350\n|move|p1a: Iron Thorns|Volt Switch|p2a: Bronzong\n|-damage|p2a: Bronzong|0 fnt\n|faint|p2a: Bronzong\n|inactive|Battle timer is ON: inactive players will automatically lose when time's up. (requested by good pork)\n|\n|t:|1781378379\n|-end|p1a: Iron Thorns|Quark Drive|[silent]\n|switch|p1a: Blaziken|Blaziken, L76, F|43/247|[from] Volt Switch\n|\n|upkeep\n|\n|t:|1781378382\n|switch|p2a: Koraidon|Koraidon, L64|235/235\n|-weather|SunnyDay|[from] ability: Orichalcum Pulse|[of] p2a: Koraidon\n|-activate|p2a: Koraidon|Orichalcum Pulse|[source]\n|turn|16\n|\n|t:|1781378394\n|move|p2a: Koraidon|Close Combat|p1a: Blaziken\n|-damage|p1a: Blaziken|0 fnt\n|-unboost|p2a: Koraidon|def|1\n|-unboost|p2a: Koraidon|spd|1\n|faint|p1a: Blaziken\n|\n|-weather|SunnyDay|[upkeep]\n|upkeep\n|\n|t:|1781378400\n|switch|p1a: Iron Thorns|Iron Thorns, L83|302/302\n|turn|17\n|\n|t:|1781378405\n|move|p2a: Koraidon|Close Combat|p1a: Iron Thorns\n|-supereffective|p1a: Iron Thorns\n|-damage|p1a: Iron Thorns|0 fnt\n|-unboost|p2a: Koraidon|def|1\n|-unboost|p2a: Koraidon|spd|1\n|faint|p1a: Iron Thorns\n|-end|p1a: Iron Thorns|Quark Drive|[silent]\n|\n|-weather|SunnyDay|[upkeep]\n|upkeep\n|\n|t:|1781378408\n|switch|p1a: Chansey|Chansey, L85, F|564/564\n|turn|18\n|c|\u2606good pork|Gg\n|\n|t:|1781378412\n|move|p2a: Koraidon|Close Combat|p1a: Chansey\n|-supereffective|p1a: Chansey\n|-damage|p1a: Chansey|0 fnt\n|-unboost|p2a: Koraidon|def|1\n|-unboost|p2a: Koraidon|spd|1\n|faint|p1a: Chansey\n|\n|win|good pork\n", "inputlog": ">version a8376a258c1d4662feba110a92103f3664a72141\n>start {\"formatid\":\"gen9randombattle\",\"seed\":\"sodium,ae83583327604ffb7929c77294d0dc6b\",\"rated\":\"Rated battle\"}\n>player p1 {\"name\":\"mouss\",\"avatar\":\"marshal\",\"rating\":1919,\"seed\":\"sodium,c4472bb4d1e043fb79582b162b81f5da\"}\n>player p2 {\"name\":\"good pork\",\"avatar\":\"266\",\"rating\":1949,\"seed\":\"sodium,836835278f0ce62f28ddad2b798602e8\"}\n>p1 move swordsdance\n>p2 switch 5\n>p1 move psychicfangs\n>p2 move uturn\n>p2 switch 3\n>p1 move wavecrash\n>p2 move kowtowcleave\n>p1 switch 6\n>p1 move swordsdance\n>p2 switch 2\n>p1 move knockoff\n>p2 move wavecrash\n>p1 move closecombat\n>p2 move rest\n>p1 switch 2\n>p2 move sleeptalk\n>p1 move leafblade\n>p2 switch 5\n>p1 move leafblade\n>p2 move irondefense\n>p1 move leafblade\n>p2 move rest\n>p1 move leafblade\n>p2 move irondefense\n>p1 move leafblade\n>p2 move bodypress\n>p1 move leafblade\n>p2 move bodypress\n>p1 switch 3\n>p1 move aurasphere terastallize\n>p2 move bodypress\n>p1 switch 4\n>p1 move voltswitch\n>p2 move bodypress\n>p1 switch 2\n>p2 switch 3\n>p1 move closecombat\n>p2 move closecombat\n>p1 switch 2\n>p1 move wildcharge\n>p2 move closecombat\n>p1 switch 5\n>chat \u2606good pork|Gg\n>p1 move thunderwave\n>p2 move closecombat", "uploadtime": 1781378181, "views": 13, "formatid": "gen9randombattle", "rating": null, "private": 0, "password": null}