{"id": "gen9randombattle-2632019899", "format": "[Gen 9] Random Battle", "players": ["Seifzilla", "Basic-Burger"], "log": "|j|\u2606Seifzilla\n|j|\u2606Basic-Burger\n|t:|1781466672\n|gametype|singles\n|player|p1|Seifzilla|2|1471\n|player|p2|Basic-Burger|artist|1470\n|gen|9\n|tier|[Gen 9] Random Battle\n|rated|\n|rule|Species Clause: Limit one of each Pok\u00e9mon\n|rule|HP Percentage Mod: HP is shown in percentages\n|rule|Sleep Clause Mod: Limit one foe put to sleep\n|rule|Illusion Level Mod: Illusion disguises the Pok\u00e9mon's true level\n|\n|t:|1781466672\n|teamsize|p1|6\n|teamsize|p2|6\n|start\n|switch|p1a: Raikou|Raikou, L81|278/278\n|switch|p2a: Falinks|Falinks, L84|246/246\n|-ability|p1a: Raikou|Pressure\n|turn|1\n|inactive|Battle timer is ON: inactive players will automatically lose when time's up. (requested by Basic-Burger)\n|inactive|Seifzilla also wants the timer to be on.\n|\n|t:|1781466687\n|switch|p2a: Minun|Minun, L95, M|268/268\n|move|p1a: Raikou|Volt Switch|p2a: Minun\n|-immune|p2a: Minun|[from] ability: Volt Absorb\n|\n|upkeep\n|turn|2\n|\n|t:|1781466713\n|switch|p1a: Kilowattrel|Kilowattrel, L83, M|252/252\n|move|p2a: Minun|Nasty Plot|p2a: Minun\n|-boost|p2a: Minun|spa|2\n|\n|upkeep\n|turn|3\n|\n|t:|1781466718\n|move|p1a: Kilowattrel|Hurricane|p2a: Minun\n|-resisted|p2a: Minun\n|-damage|p2a: Minun|213/268\n|move|p2a: Minun|Alluring Voice|p1a: Kilowattrel\n|-damage|p1a: Kilowattrel|31/252\n|-damage|p2a: Minun|187/268|[from] item: Life Orb\n|\n|upkeep\n|turn|4\n|\n|t:|1781466727\n|move|p1a: Kilowattrel|U-turn|p2a: Minun\n|-damage|p2a: Minun|136/268\n|\n|t:|1781466736\n|switch|p1a: Whimsicott|Whimsicott, L84, F|238/238|[from] U-turn\n|move|p2a: Minun|Alluring Voice|p1a: Whimsicott\n|-damage|p1a: Whimsicott|60/238\n|-damage|p2a: Minun|110/268|[from] item: Life Orb\n|\n|-heal|p1a: Whimsicott|74/238|[from] item: Leftovers\n|upkeep\n|turn|5\n|\n|t:|1781466754\n|switch|p2a: Hypno|Hypno, L95, F|315/315\n|move|p1a: Whimsicott|Moonblast|p2a: Hypno\n|-damage|p2a: Hypno|248/315\n|\n|-heal|p1a: Whimsicott|88/238|[from] item: Leftovers\n|-heal|p2a: Hypno|267/315|[from] item: Leftovers\n|upkeep\n|turn|6\n|\n|t:|1781466760\n|move|p1a: Whimsicott|Substitute|p1a: Whimsicott\n|-start|p1a: Whimsicott|Substitute\n|-damage|p1a: Whimsicott|29/238\n|move|p2a: Hypno|Psychic Noise|p1a: Whimsicott\n|-damage|p1a: Whimsicott|0 fnt\n|faint|p1a: Whimsicott\n|\n|-heal|p2a: Hypno|286/315|[from] item: Leftovers\n|upkeep\n|\n|t:|1781466779\n|switch|p1a: Kilowattrel|Kilowattrel, L83, M|31/252\n|turn|7\n|\n|t:|1781466784\n|move|p2a: Hypno|Protect|p2a: Hypno\n|-singleturn|p2a: Hypno|Protect\n|move|p1a: Kilowattrel|Roost|p1a: Kilowattrel\n|-heal|p1a: Kilowattrel|157/252\n|-singleturn|p1a: Kilowattrel|move: Roost\n|\n|-heal|p2a: Hypno|305/315|[from] item: Leftovers\n|upkeep\n|turn|8\n|\n|t:|1781466787\n|move|p1a: Kilowattrel|U-turn|p2a: Hypno\n|-supereffective|p2a: Hypno\n|-damage|p2a: Hypno|229/315\n|\n|t:|1781466791\n|switch|p1a: Basculin|Basculin-Blue-Striped, L86, M|261/261|[from] U-turn\n|move|p2a: Hypno|Toxic|p1a: Basculin\n|-status|p1a: Basculin|tox\n|\n|-heal|p2a: Hypno|248/315|[from] item: Leftovers\n|-damage|p1a: Basculin|245/261 tox|[from] psn\n|upkeep\n|turn|9\n|\n|t:|1781466799\n|switch|p2a: Umbreon|Umbreon, L84, M|297/297\n|move|p1a: Basculin|Double-Edge|p2a: Umbreon\n|-damage|p2a: Umbreon|186/297\n|-damage|p1a: Basculin|208/261 tox|[from] Recoil\n|\n|-heal|p2a: Umbreon|204/297|[from] item: Leftovers\n|-damage|p1a: Basculin|176/261 tox|[from] psn\n|upkeep\n|turn|10\n|-message|Seifzilla forfeited.\n|\n|win|Basic-Burger\n|raw|Seifzilla's rating: 1471 &rarr; <strong>1451</strong><br />(-20 for losing)\n|raw|Basic-Burger's rating: 1470 &rarr; <strong>1490</strong><br />(+20 for winning)\n|l|\u2606Seifzilla\n|player|p1|\n", "inputlog": ">version a8376a258c1d4662feba110a92103f3664a72141\n>start {\"formatid\":\"gen9randombattle\",\"seed\":\"sodium,e266bde35db3162fb5876e0f807468a0\",\"rated\":\"Rated battle\"}\n>player p1 {\"name\":\"Seifzilla\",\"avatar\":\"2\",\"rating\":1471,\"seed\":\"sodium,f7f5c53824b874cf73ca3a5905ba149d\"}\n>player p2 {\"name\":\"Basic-Burger\",\"avatar\":\"artist\",\"rating\":1470,\"seed\":\"sodium,9bd7c1d544038df2820372813f3c85ca\"}\n>p1 move voltswitch\n>p2 switch 5\n>p1 switch 4\n>p2 move nastyplot\n>p1 move hurricane\n>p2 move alluringvoice\n>p1 move uturn\n>p2 move alluringvoice\n>p1 switch 3\n>p1 move moonblast\n>p2 switch 2\n>p1 move substitute\n>p2 move psychicnoise\n>p1 switch 3\n>p1 move roost\n>p2 move protect\n>p1 move uturn\n>p2 move toxic\n>p1 switch 6\n>p1 move doubleedge\n>p2 switch 6\n>forcelose p1", "uploadtime": 1781466812, "views": 4, "formatid": "gen9randombattle", "rating": 1451, "private": 0, "password": null}