{"id": "gen9randombattle-2631389018", "format": "[Gen 9] Random Battle", "players": ["aarsje", "DikkeBende"], "log": "|j|\u2606aarsje\n|j|\u2606DikkeBende\n|t:|1781378836\n|gametype|singles\n|player|p1|aarsje|li|2099\n|player|p2|DikkeBende|biker-gen4|2194\n|gen|9\n|tier|[Gen 9] Random Battle\n|rated|\n|rule|Species Clause: Limit one of each Pok\u00e9mon\n|rule|HP Percentage Mod: HP is shown in percentages\n|rule|Sleep Clause Mod: Limit one foe put to sleep\n|rule|Illusion Level Mod: Illusion disguises the Pok\u00e9mon's true level\n|\n|t:|1781378836\n|teamsize|p1|6\n|teamsize|p2|6\n|start\n|switch|p1a: Armarouge|Armarouge, L80, M|267/267\n|switch|p2a: Manaphy|Manaphy, L78|284/284\n|turn|1\n|inactive|Battle timer is ON: inactive players will automatically lose when time's up. (requested by DikkeBende)\n|inactive|aarsje has 120 seconds left.\n|\n|t:|1781378877\n|move|p2a: Manaphy|Surf|p1a: Armarouge\n|-supereffective|p1a: Armarouge\n|-damage|p1a: Armarouge|57/267\n|move|p1a: Armarouge|Energy Ball|p2a: Manaphy\n|-supereffective|p2a: Manaphy\n|-crit|p2a: Manaphy\n|-damage|p2a: Manaphy|0 fnt\n|faint|p2a: Manaphy\n|\n|upkeep\n|\n|t:|1781378890\n|switch|p2a: Leafeon|Leafeon, L88, M|258/258\n|turn|2\n|\n|t:|1781378905\n|switch|p1a: Tinkaton|Tinkaton, L82, F|274/274\n|-ability|p1a: Tinkaton|Mold Breaker\n|move|p2a: Leafeon|Knock Off|p1a: Tinkaton\n|-resisted|p1a: Tinkaton\n|-damage|p1a: Tinkaton|213/274\n|-enditem|p1a: Tinkaton|Leftovers|[from] move: Knock Off|[of] p2a: Leafeon\n|-damage|p2a: Leafeon|233/258|[from] item: Life Orb\n|\n|upkeep\n|turn|3\n|\n|t:|1781378917\n|switch|p2a: Toxapex|Toxapex, L82, F|216/216\n|move|p1a: Tinkaton|Swords Dance|p1a: Tinkaton\n|-boost|p1a: Tinkaton|atk|2\n|\n|upkeep\n|turn|4\n|\n|t:|1781378932\n|switch|p1a: Raikou|Raikou, L81|278/278\n|-ability|p1a: Raikou|Pressure\n|move|p2a: Toxapex|Toxic Spikes|p1a: Raikou\n|-sidestart|p1: aarsje|move: Toxic Spikes\n|\n|upkeep\n|turn|5\n|\n|t:|1781378946\n|switch|p2a: Slowking|Slowking-Galar, L85, M|300/300\n|move|p1a: Raikou|Substitute|p1a: Raikou\n|-start|p1a: Raikou|Substitute\n|-damage|p1a: Raikou|209/278\n|\n|-heal|p1a: Raikou|226/278|[from] item: Leftovers\n|upkeep\n|turn|6\n|\n|t:|1781378956\n|move|p1a: Raikou|Calm Mind|p1a: Raikou\n|-boost|p1a: Raikou|spa|1\n|-boost|p1a: Raikou|spd|1\n|move|p2a: Slowking|Psychic Noise|p1a: Raikou\n|-damage|p1a: Raikou|166/278\n|-start|p1a: Raikou|move: Heal Block\n|\n|upkeep\n|turn|7\n|\n|t:|1781378967\n|move|p1a: Raikou|Calm Mind|p1a: Raikou\n|-boost|p1a: Raikou|spa|1\n|-boost|p1a: Raikou|spd|1\n|move|p2a: Slowking|Psychic Noise|p1a: Raikou\n|-damage|p1a: Raikou|120/278\n|\n|-end|p1a: Raikou|move: Heal Block\n|upkeep\n|turn|8\n|\n|t:|1781378975\n|move|p1a: Raikou|Thunderbolt|p2a: Slowking\n|-damage|p2a: Slowking|183/300\n|move|p2a: Slowking|Psychic Noise|p1a: Raikou\n|-damage|p1a: Raikou|78/278\n|-start|p1a: Raikou|move: Heal Block\n|\n|upkeep\n|turn|9\n|\n|t:|1781378984\n|move|p1a: Raikou|Thunderbolt|p2a: Slowking\n|-damage|p2a: Slowking|66/300\n|move|p2a: Slowking|Psychic Noise|p1a: Raikou\n|-damage|p1a: Raikou|38/278\n|\n|-end|p1a: Raikou|move: Heal Block\n|upkeep\n|turn|10\n|\n|t:|1781378995\n|switch|p2a: Leafeon|Leafeon, L88, M|233/258\n|move|p1a: Raikou|Thunderbolt|p2a: Leafeon\n|-resisted|p2a: Leafeon\n|-damage|p2a: Leafeon|116/258\n|\n|-heal|p1a: Raikou|55/278|[from] item: Leftovers\n|upkeep\n|turn|11\n|\n|t:|1781379004\n|move|p1a: Raikou|Thunderbolt|p2a: Leafeon\n|-resisted|p2a: Leafeon\n|-damage|p2a: Leafeon|0 fnt\n|faint|p2a: Leafeon\n|\n|-heal|p1a: Raikou|72/278|[from] item: Leftovers\n|upkeep\n|\n|t:|1781379028\n|switch|p2a: Slowking|Slowking-Galar, L85, M|166/300\n|turn|12\n|\n|t:|1781379034\n|move|p1a: Raikou|Thunderbolt|p2a: Slowking\n|-damage|p2a: Slowking|57/300\n|move|p2a: Slowking|Psychic Noise|p1a: Raikou\n|-damage|p1a: Raikou|29/278\n|-start|p1a: Raikou|move: Heal Block\n|\n|upkeep\n|turn|13\n|\n|t:|1781379043\n|switch|p2a: Hawlucha|Hawlucha, L80, M|256/256\n|move|p1a: Raikou|Thunderbolt|p2a: Hawlucha\n|-supereffective|p2a: Hawlucha\n|-damage|p2a: Hawlucha|0 fnt\n|faint|p2a: Hawlucha\n|\n|-end|p1a: Raikou|move: Heal Block\n|upkeep\n|\n|t:|1781379045\n|switch|p2a: Slowking|Slowking-Galar, L85, M|157/300\n|turn|14\n|\n|t:|1781379050\n|move|p1a: Raikou|Thunderbolt|p2a: Slowking\n|-damage|p2a: Slowking|42/300\n|move|p2a: Slowking|Psychic Noise|p1a: Raikou\n|-damage|p1a: Raikou|0 fnt\n|faint|p1a: Raikou\n|\n|upkeep\n|\n|t:|1781379064\n|switch|p1a: Gliscor|Gliscor, L76, F|239/239\n|turn|15\n|\n|t:|1781379075\n|switch|p2a: Calyrex|Calyrex-Ice, L72|263/263\n|-ability|p2a: Calyrex|As One\n|-ability|p2a: Calyrex|Unnerve\n|move|p1a: Gliscor|Earthquake|p2a: Calyrex\n|-damage|p2a: Calyrex|200/263\n|\n|-status|p1a: Gliscor|tox|[from] item: Toxic Orb\n|upkeep\n|turn|16\n|inactive|aarsje has 120 seconds left.\n|\n|t:|1781379109\n|-terastallize|p1a: Gliscor|Water\n|move|p1a: Gliscor|Knock Off|p2a: Calyrex\n|-supereffective|p2a: Calyrex\n|-damage|p2a: Calyrex|108/263\n|-enditem|p2a: Calyrex|Weakness Policy\n|-boost|p2a: Calyrex|atk|2|[from] item: Weakness Policy\n|-boost|p2a: Calyrex|spa|2|[from] item: Weakness Policy\n|move|p2a: Calyrex|Agility|p2a: Calyrex\n|-boost|p2a: Calyrex|spe|2\n|\n|upkeep\n|turn|17\n|inactive|aarsje has 120 seconds left.\n|\n|t:|1781379134\n|-terastallize|p2a: Calyrex|Fighting\n|move|p2a: Calyrex|Close Combat|p1a: Gliscor\n|-damage|p1a: Gliscor|0 fnt\n|-unboost|p2a: Calyrex|def|1\n|-unboost|p2a: Calyrex|spd|1\n|faint|p1a: Gliscor\n|-ability|p2a: Calyrex|Chilling Neigh|boost\n|-boost|p2a: Calyrex|atk|1\n|\n|upkeep\n|\n|t:|1781379144\n|switch|p1a: Dragapult|Dragapult, L77, M|262/262\n|turn|18\n|\n|t:|1781379152\n|switch|p2a: Toxapex|Toxapex, L82, F|216/216\n|move|p1a: Dragapult|Dragon Darts|p2a: Toxapex\n|-damage|p2a: Toxapex|180/216\n|-anim|p1a: Dragapult|Dragon Darts|p2a: Toxapex\n|-damage|p2a: Toxapex|146/216\n|\n|-heal|p2a: Toxapex|159/216|[from] item: Leftovers\n|upkeep\n|turn|19\n|\n|t:|1781379160\n|move|p1a: Dragapult|Will-O-Wisp|p2a: Toxapex\n|-status|p2a: Toxapex|brn\n|move|p2a: Toxapex|Liquidation|p1a: Dragapult\n|-resisted|p1a: Dragapult\n|-damage|p1a: Dragapult|243/262\n|\n|-heal|p2a: Toxapex|172/216 brn|[from] item: Leftovers\n|-damage|p2a: Toxapex|159/216 brn|[from] brn\n|upkeep\n|turn|20\n|-message|DikkeBende forfeited.\n|\n|win|aarsje\n", "inputlog": ">version a8376a258c1d4662feba110a92103f3664a72141\n>start {\"formatid\":\"gen9randombattle\",\"seed\":\"sodium,90f8fce252f66f41aa47be3748e8c438\",\"rated\":\"Rated battle\"}\n>player p1 {\"name\":\"aarsje\",\"avatar\":\"li\",\"rating\":2099,\"seed\":\"sodium,aa2e8f6aa785ecb2f4f7933380d3e248\"}\n>player p2 {\"name\":\"DikkeBende\",\"avatar\":\"biker-gen4\",\"rating\":2194,\"seed\":\"sodium,fdc91c45b6a8aae2912b815234319460\"}\n>p1 move energyball\n>p2 move surf\n>p2 switch 4\n>p1 switch 6\n>p2 move knockoff\n>p1 move swordsdance\n>p2 switch 5\n>p1 switch 5\n>p2 move toxicspikes\n>p1 move substitute\n>p2 switch 6\n>p1 move calmmind\n>p2 move psychicnoise\n>p1 move calmmind\n>p2 move psychicnoise\n>p1 move thunderbolt\n>p2 move psychicnoise\n>p1 move thunderbolt\n>p2 move psychicnoise\n>p1 move thunderbolt\n>p2 switch 5\n>p1 move thunderbolt\n>p2 move leafblade\n>p2 switch 5\n>p1 move thunderbolt\n>p2 move psychicnoise\n>p1 move thunderbolt\n>p2 switch 3\n>p2 switch 3\n>p1 move thunderbolt\n>p2 move psychicnoise\n>p1 switch 4\n>p1 move earthquake\n>p2 switch 2\n>p1 move knockoff terastallize\n>p2 move agility\n>p1 move knockoff\n>p2 move closecombat terastallize\n>p1 switch 3\n>p1 move dragondarts\n>p2 switch 6\n>p1 move willowisp\n>p2 move liquidation\n>forcelose p2", "uploadtime": 1781378838, "views": 8, "formatid": "gen9randombattle", "rating": null, "private": 0, "password": null}