{"id": "gen9randombattle-2631420449", "format": "[Gen 9] Random Battle", "players": ["WhatEver2102", "Luigicat117"], "log": "|j|\u2606WhatEver2102\n|j|\u2606Luigicat117\n|t:|1781382510\n|gametype|singles\n|player|p1|WhatEver2102|juan|2006\n|player|p2|Luigicat117|acetrainer-gen7|1961\n|gen|9\n|tier|[Gen 9] Random Battle\n|rated|\n|rule|Species Clause: Limit one of each Pok\u00e9mon\n|rule|HP Percentage Mod: HP is shown in percentages\n|rule|Sleep Clause Mod: Limit one foe put to sleep\n|rule|Illusion Level Mod: Illusion disguises the Pok\u00e9mon's true level\n|\n|t:|1781382510\n|teamsize|p1|6\n|teamsize|p2|6\n|start\n|switch|p1a: Iron Jugulis|Iron Jugulis, L77|271/271\n|switch|p2a: Orthworm|Orthworm, L88, M|266/266\n|turn|1\n|inactive|Battle timer is ON: inactive players will automatically lose when time's up. (requested by Luigicat117)\n|\n|t:|1781382529\n|move|p1a: Iron Jugulis|Dark Pulse|p2a: Orthworm\n|-damage|p2a: Orthworm|163/266\n|cant|p2a: Orthworm|flinch\n|\n|upkeep\n|turn|2\n|\n|t:|1781382538\n|move|p1a: Iron Jugulis|Dark Pulse|p2a: Orthworm\n|-damage|p2a: Orthworm|51/266\n|move|p2a: Orthworm|Rest|p2a: Orthworm\n|-status|p2a: Orthworm|slp|[from] move: Rest\n|-heal|p2a: Orthworm|266/266 slp|[silent]\n|-enditem|p2a: Orthworm|Chesto Berry|[eat]\n|-curestatus|p2a: Orthworm|slp|[msg]\n|\n|upkeep\n|turn|3\n|\n|t:|1781382556\n|-end|p1a: Iron Jugulis|Quark Drive|[silent]\n|switch|p1a: Meowstic|Meowstic, L89, M|277/277\n|switch|p2a: Conkeldurr|Conkeldurr, L80, M|299/299\n|\n|-status|p2a: Conkeldurr|brn|[from] item: Flame Orb\n|upkeep\n|turn|4\n|\n|t:|1781382565\n|switch|p2a: Spiritomb|Spiritomb, L89, F|234/234\n|move|p1a: Meowstic|Reflect|p1a: Meowstic\n|-sidestart|p1: WhatEver2102|Reflect\n|\n|upkeep\n|turn|5\n|\n|t:|1781382577\n|switch|p1a: Meloetta|Meloetta, L82|298/298\n|move|p2a: Spiritomb|Poltergeist|p1a: Meloetta\n|-immune|p1a: Meloetta\n|\n|upkeep\n|turn|6\n|\n|t:|1781382596\n|switch|p1a: Iron Jugulis|Iron Jugulis, L77|271/271\n|move|p2a: Spiritomb|Foul Play|p1a: Iron Jugulis\n|-resisted|p1a: Iron Jugulis\n|-damage|p1a: Iron Jugulis|234/271\n|\n|upkeep\n|turn|7\n|\n|t:|1781382601\n|move|p1a: Iron Jugulis|Meteor Beam||[still]\n|-prepare|p1a: Iron Jugulis|Meteor Beam\n|-boost|p1a: Iron Jugulis|spa|1\n|-enditem|p1a: Iron Jugulis|Power Herb\n|-anim|p1a: Iron Jugulis|Meteor Beam|p2a: Spiritomb\n|-damage|p2a: Spiritomb|132/234\n|move|p2a: Spiritomb|Pain Split|p1a: Iron Jugulis\n|-sethp|p1a: Iron Jugulis|183/271|[from] move: Pain Split|[silent]\n|-sethp|p2a: Spiritomb|183/234|[from] move: Pain Split\n|\n|-heal|p2a: Spiritomb|197/234|[from] item: Leftovers\n|upkeep\n|turn|8\n|\n|t:|1781382609\n|move|p1a: Iron Jugulis|Dark Pulse|p2a: Spiritomb\n|-damage|p2a: Spiritomb|92/234\n|move|p2a: Spiritomb|Pain Split|p1a: Iron Jugulis\n|-sethp|p1a: Iron Jugulis|137/271|[from] move: Pain Split|[silent]\n|-sethp|p2a: Spiritomb|137/234|[from] move: Pain Split\n|\n|-heal|p2a: Spiritomb|151/234|[from] item: Leftovers\n|upkeep\n|turn|9\n|\n|t:|1781382617\n|move|p1a: Iron Jugulis|Dark Pulse|p2a: Spiritomb\n|-damage|p2a: Spiritomb|52/234\n|move|p2a: Spiritomb|Pain Split|p1a: Iron Jugulis\n|-sethp|p1a: Iron Jugulis|94/271|[from] move: Pain Split|[silent]\n|-sethp|p2a: Spiritomb|94/234|[from] move: Pain Split\n|\n|-heal|p2a: Spiritomb|108/234|[from] item: Leftovers\n|upkeep\n|turn|10\n|\n|t:|1781382623\n|move|p1a: Iron Jugulis|Dark Pulse|p2a: Spiritomb\n|-damage|p2a: Spiritomb|8/234\n|move|p2a: Spiritomb|Pain Split|p1a: Iron Jugulis\n|-sethp|p1a: Iron Jugulis|51/271|[from] move: Pain Split|[silent]\n|-sethp|p2a: Spiritomb|51/234|[from] move: Pain Split\n|\n|-heal|p2a: Spiritomb|65/234|[from] item: Leftovers\n|upkeep\n|turn|11\n|\n|t:|1781382638\n|move|p2a: Spiritomb|Shadow Sneak|p1a: Iron Jugulis\n|-resisted|p1a: Iron Jugulis\n|-damage|p1a: Iron Jugulis|24/271\n|move|p1a: Iron Jugulis|Dark Pulse|p2a: Spiritomb\n|-damage|p2a: Spiritomb|0 fnt\n|faint|p2a: Spiritomb\n|\n|-sideend|p1: WhatEver2102|Reflect\n|upkeep\n|\n|t:|1781382641\n|switch|p2a: Sceptile|Sceptile, L87, M|264/264\n|turn|12\n|\n|t:|1781382644\n|move|p2a: Sceptile|Leaf Blade|p1a: Iron Jugulis\n|-resisted|p1a: Iron Jugulis\n|-damage|p1a: Iron Jugulis|0 fnt\n|faint|p1a: Iron Jugulis\n|-end|p1a: Iron Jugulis|Quark Drive|[silent]\n|-damage|p2a: Sceptile|238/264|[from] item: Life Orb\n|\n|upkeep\n|\n|t:|1781382660\n|switch|p1a: Meowstic|Meowstic, L89, M|277/277\n|turn|13\n|inactive|Luigicat117 has 120 seconds left.\n|\n|t:|1781382697\n|switch|p2a: Orthworm|Orthworm, L88, M|266/266\n|move|p1a: Meowstic|Reflect|p1a: Meowstic\n|-sidestart|p1: WhatEver2102|Reflect\n|\n|upkeep\n|turn|14\n|inactive|WhatEver2102 has 120 seconds left.\n|inactive|WhatEver2102 has 90 seconds left.\n|inactive|WhatEver2102 has 60 seconds left.\n|inactive|WhatEver2102 has 30 seconds left.\n|inactive|WhatEver2102 has 20 seconds left.\n|inactive|WhatEver2102 has 15 seconds left.\n|inactive|WhatEver2102 has 10 seconds left.\n|inactive|WhatEver2102 has 5 seconds left.\n|-message|WhatEver2102 lost due to inactivity.\n|\n|win|Luigicat117\n", "uploadtime": 1781382512, "views": 7, "formatid": "gen9randombattle", "rating": null, "private": 0, "password": null}