{"id": "gen9randombattle-2631624384", "format": "[Gen 9] Random Battle", "players": ["lalo's pollos", "bonbonbo"], "log": "|j|\u2606lalo's pollos\n|j|\u2606bonbonbo\n|t:|1781410638\n|gametype|singles\n|player|p1|lalo's pollos|1|1963\n|player|p2|bonbonbo|170|1932\n|gen|9\n|tier|[Gen 9] Random Battle\n|rated|\n|rule|Species Clause: Limit one of each Pok\u00e9mon\n|rule|HP Percentage Mod: HP is shown in percentages\n|rule|Sleep Clause Mod: Limit one foe put to sleep\n|rule|Illusion Level Mod: Illusion disguises the Pok\u00e9mon's true level\n|\n|t:|1781410638\n|teamsize|p1|6\n|teamsize|p2|6\n|start\n|switch|p1a: Whiscash|Whiscash, L88, F|337/337\n|switch|p2a: Darkrai|Darkrai, L77|234/234\n|turn|1\n|\n|t:|1781410683\n|move|p2a: Darkrai|Hypnosis|p1a: Whiscash|[miss]\n|-miss|p2a: Darkrai|p1a: Whiscash\n|move|p1a: Whiscash|Dragon Dance|p1a: Whiscash\n|-boost|p1a: Whiscash|atk|1\n|-boost|p1a: Whiscash|spe|1\n|\n|upkeep\n|turn|2\n|\n|t:|1781410689\n|move|p2a: Darkrai|Hypnosis|p1a: Whiscash\n|-status|p1a: Whiscash|slp|[from] move: Hypnosis\n|cant|p1a: Whiscash|slp\n|\n|-damage|p1a: Whiscash|295/337 slp|[from] ability: Bad Dreams|[of] p2a: Darkrai\n|upkeep\n|turn|3\n|\n|t:|1781410692\n|switch|p2a: Electrode|Electrode-Hisui, L87|246/246\n|cant|p1a: Whiscash|slp\n|\n|upkeep\n|turn|4\n|\n|t:|1781410705\n|switch|p1a: Wyrdeer|Wyrdeer, L87, M|321/321\n|-ability|p1a: Wyrdeer|Intimidate|boost\n|-unboost|p2a: Electrode|atk|1\n|move|p2a: Electrode|Giga Drain|p1a: Wyrdeer\n|-damage|p1a: Wyrdeer|220/321\n|-damage|p2a: Electrode|222/246|[from] item: Life Orb\n|\n|-heal|p1a: Wyrdeer|240/321|[from] item: Leftovers\n|upkeep\n|turn|5\n|\n|t:|1781410727\n|move|p2a: Electrode|Thunderbolt|p1a: Wyrdeer\n|-damage|p1a: Wyrdeer|115/321\n|-damage|p2a: Electrode|198/246|[from] item: Life Orb\n|move|p1a: Wyrdeer|Megahorn|p2a: Electrode\n|-supereffective|p2a: Electrode\n|-damage|p2a: Electrode|0 fnt\n|faint|p2a: Electrode\n|\n|-heal|p1a: Wyrdeer|135/321|[from] item: Leftovers\n|upkeep\n|\n|t:|1781410736\n|switch|p2a: Heracross|Heracross, L80, F|259/259\n|turn|6\n|\n|t:|1781410743\n|move|p2a: Heracross|Knock Off|p1a: Wyrdeer\n|-supereffective|p1a: Wyrdeer\n|-damage|p1a: Wyrdeer|0 fnt\n|-enditem|p1a: Wyrdeer|Leftovers|[from] move: Knock Off|[of] p2a: Heracross\n|faint|p1a: Wyrdeer\n|-ability|p2a: Heracross|Moxie|boost\n|-boost|p2a: Heracross|atk|1\n|\n|upkeep\n|\n|t:|1781410753\n|switch|p1a: Toxicroak|Toxicroak, L84, F|277/277\n|turn|7\n|\n|t:|1781410763\n|switch|p2a: Magmortar|Magmortar, L88, F|275/275\n|move|p1a: Toxicroak|Gunk Shot|p2a: Magmortar\n|-damage|p2a: Magmortar|19/275\n|\n|upkeep\n|turn|8\n|\n|t:|1781410774\n|switch|p1a: Whiscash|Whiscash, L88, F|295/337 slp\n|move|p2a: Magmortar|Will-O-Wisp||[still]\n|-fail|p2a: Magmortar\n|\n|upkeep\n|turn|9\n|\n|t:|1781410782\n|switch|p2a: Darkrai|Darkrai, L77|234/234\n|-curestatus|p1a: Whiscash|slp|[msg]\n|move|p1a: Whiscash|Dragon Dance|p1a: Whiscash\n|-boost|p1a: Whiscash|atk|1\n|-boost|p1a: Whiscash|spe|1\n|\n|upkeep\n|turn|10\n|\n|t:|1781410787\n|move|p2a: Darkrai|Hypnosis|p1a: Whiscash|[miss]\n|-miss|p2a: Darkrai|p1a: Whiscash\n|move|p1a: Whiscash|Dragon Dance|p1a: Whiscash\n|-boost|p1a: Whiscash|atk|1\n|-boost|p1a: Whiscash|spe|1\n|\n|upkeep\n|turn|11\n|-message|bonbonbo forfeited.\n|\n|win|lalo's pollos\n|raw|lalo&apos;s pollos's rating: 1963 &rarr; <strong>1981</strong><br />(+18 for winning)\n|raw|bonbonbo's rating: 1932 &rarr; <strong>1914</strong><br />(-18 for losing)\n", "uploadtime": 1781410640, "views": 4, "formatid": "gen9randombattle", "rating": 1914, "private": 0, "password": null}