{"id": "gen9randombattle-2631811706", "format": "[Gen 9] Random Battle", "players": ["falsetactician", "Blueberry186"], "log": "|j|\u2606falsetactician\n|j|\u2606Blueberry186\n|t:|1781443154\n|gametype|singles\n|player|p1|falsetactician|proton|1344\n|player|p2|Blueberry186|marlon|1317\n|gen|9\n|tier|[Gen 9] Random Battle\n|rated|\n|rule|Species Clause: Limit one of each Pok\u00e9mon\n|rule|HP Percentage Mod: HP is shown in percentages\n|rule|Sleep Clause Mod: Limit one foe put to sleep\n|rule|Illusion Level Mod: Illusion disguises the Pok\u00e9mon's true level\n|\n|t:|1781443154\n|teamsize|p1|6\n|teamsize|p2|6\n|start\n|switch|p1a: Gyarados|Gyarados, L79, F|280/280\n|switch|p2a: Palkia|Palkia, L75|259/259\n|-ability|p2a: Palkia|Pressure\n|turn|1\n|\n|t:|1781443168\n|move|p2a: Palkia|Draco Meteor|p1a: Gyarados\n|-damage|p1a: Gyarados|93/280\n|-unboost|p2a: Palkia|spa|2\n|move|p1a: Gyarados|Dragon Dance|p1a: Gyarados\n|-boost|p1a: Gyarados|atk|1\n|-boost|p1a: Gyarados|spe|1\n|\n|upkeep\n|turn|2\n|\n|t:|1781443181\n|move|p1a: Gyarados|Earthquake|p2a: Palkia\n|-damage|p2a: Palkia|143/259\n|move|p2a: Palkia|Thunder Wave|p1a: Gyarados\n|-status|p1a: Gyarados|par\n|\n|upkeep\n|turn|3\n|\n|t:|1781443205\n|switch|p2a: Luxray|Luxray, L88, M|284/284\n|-ability|p2a: Luxray|Intimidate|boost\n|-unboost|p1a: Gyarados|atk|1\n|move|p1a: Gyarados|Earthquake|p2a: Luxray\n|-supereffective|p2a: Luxray\n|-crit|p2a: Luxray\n|-damage|p2a: Luxray|56/284\n|\n|upkeep\n|turn|4\n|\n|t:|1781443214\n|move|p2a: Luxray|Volt Switch|p1a: Gyarados\n|-supereffective|p1a: Gyarados\n|-damage|p1a: Gyarados|0 fnt\n|faint|p1a: Gyarados\n|\n|t:|1781443217\n|switch|p2a: Palkia|Palkia, L75|143/259|[from] Volt Switch\n|-ability|p2a: Palkia|Pressure\n|\n|upkeep\n|\n|t:|1781443227\n|switch|p1a: Persian|Persian, L92, M|269/269\n|turn|5\n|\n|t:|1781443236\n|move|p1a: Persian|Fake Out|p2a: Palkia\n|-damage|p2a: Palkia|73/259\n|cant|p2a: Palkia|flinch\n|\n|upkeep\n|turn|6\n|\n|t:|1781443241\n|move|p1a: Persian|Double-Edge|p2a: Palkia\n|-damage|p2a: Palkia|0 fnt\n|faint|p2a: Palkia\n|-damage|p1a: Persian|245/269|[from] Recoil\n|\n|upkeep\n|inactive|Battle timer is ON: inactive players will automatically lose when time's up. (requested by falsetactician)\n|\n|t:|1781443279\n|switch|p2a: Oranguru|Oranguru, L92, F|315/315\n|turn|7\n|\n|t:|1781443286\n|move|p1a: Persian|Knock Off|p2a: Oranguru\n|-supereffective|p2a: Oranguru\n|-damage|p2a: Oranguru|195/315\n|-enditem|p2a: Oranguru|Choice Specs|[from] move: Knock Off|[of] p1a: Persian\n|move|p2a: Oranguru|Trick|p1a: Persian\n|-activate|p2a: Oranguru|move: Trick|[of] p1a: Persian\n|-enditem|p1a: Persian|Silk Scarf|[silent]|[from] move: Trick\n|-item|p2a: Oranguru|Silk Scarf|[from] move: Trick\n|\n|upkeep\n|turn|8\n|\n|t:|1781443301\n|move|p1a: Persian|Knock Off|p2a: Oranguru\n|-supereffective|p2a: Oranguru\n|-damage|p2a: Oranguru|65/315\n|-enditem|p2a: Oranguru|Silk Scarf|[from] move: Knock Off|[of] p1a: Persian\n|move|p2a: Oranguru|Focus Blast|p1a: Persian|[miss]\n|-miss|p2a: Oranguru|p1a: Persian\n|\n|upkeep\n|turn|9\n|\n|t:|1781443311\n|move|p1a: Persian|Double-Edge|p2a: Oranguru\n|-damage|p2a: Oranguru|0 fnt\n|faint|p2a: Oranguru\n|-damage|p1a: Persian|224/269|[from] Recoil\n|\n|upkeep\n|\n|t:|1781443318\n|switch|p2a: Poliwrath|Poliwrath, L88, F|302/302\n|turn|10\n|\n|t:|1781443326\n|move|p1a: Persian|Knock Off|p2a: Poliwrath\n|-resisted|p2a: Poliwrath\n|-damage|p2a: Poliwrath|272/302\n|-enditem|p2a: Poliwrath|Life Orb|[from] move: Knock Off|[of] p1a: Persian\n|move|p2a: Poliwrath|Rain Dance|p2a: Poliwrath\n|-weather|RainDance\n|\n|-weather|RainDance|[upkeep]\n|upkeep\n|turn|11\n|\n|t:|1781443333\n|move|p2a: Poliwrath|Close Combat|p1a: Persian\n|-supereffective|p1a: Persian\n|-crit|p1a: Persian\n|-damage|p1a: Persian|0 fnt\n|-unboost|p2a: Poliwrath|def|1\n|-unboost|p2a: Poliwrath|spd|1\n|faint|p1a: Persian\n|\n|-weather|RainDance|[upkeep]\n|upkeep\n|\n|t:|1781443347\n|switch|p1a: Munkidori|Munkidori, L79, M|269/269\n|turn|12\n|\n|t:|1781443351\n|move|p2a: Poliwrath|Knock Off|p1a: Munkidori\n|-supereffective|p1a: Munkidori\n|-damage|p1a: Munkidori|71/269\n|-enditem|p1a: Munkidori|Assault Vest|[from] move: Knock Off|[of] p2a: Poliwrath\n|move|p1a: Munkidori|Psychic Noise|p2a: Poliwrath\n|-supereffective|p2a: Poliwrath\n|-damage|p2a: Poliwrath|12/302\n|-start|p2a: Poliwrath|move: Heal Block\n|\n|-weather|RainDance|[upkeep]\n|upkeep\n|turn|13\n|\n|t:|1781443364\n|move|p2a: Poliwrath|Liquidation|p1a: Munkidori\n|-damage|p1a: Munkidori|0 fnt\n|faint|p1a: Munkidori\n|\n|-weather|RainDance|[upkeep]\n|-end|p2a: Poliwrath|move: Heal Block\n|upkeep\n|c|\u2606Blueberry186|POLIWRATH THE GOAT\n|\n|t:|1781443373\n|switch|p1a: Roaring Moon|Roaring Moon, L72|270/270\n|turn|14\n|\n|t:|1781443376\n|move|p2a: Poliwrath|Close Combat|p1a: Roaring Moon\n|-supereffective|p1a: Roaring Moon\n|-damage|p1a: Roaring Moon|0 fnt\n|-unboost|p2a: Poliwrath|def|1\n|-unboost|p2a: Poliwrath|spd|1\n|faint|p1a: Roaring Moon\n|-end|p1a: Roaring Moon|Protosynthesis|[silent]\n|\n|-weather|none\n|upkeep\n|\n|t:|1781443384\n|switch|p1a: Sandy Shocks|Sandy Shocks, L80|267/267\n|turn|15\n|\n|t:|1781443394\n|switch|p2a: Landorus|Landorus, L75, M|257/257\n|move|p1a: Sandy Shocks|Earth Power|p2a: Landorus\n|-immune|p2a: Landorus\n|\n|upkeep\n|turn|16\n|\n|t:|1781443403\n|-end|p1a: Sandy Shocks|Protosynthesis|[silent]\n|switch|p1a: Drednaw|Drednaw, L81, M|278/278\n|move|p2a: Landorus|Stealth Rock|p1a: Drednaw\n|-sidestart|p1: falsetactician|move: Stealth Rock\n|\n|upkeep\n|turn|17\n|\n|t:|1781443410\n|move|p2a: Landorus|Earth Power|p1a: Drednaw\n|-supereffective|p1a: Drednaw\n|-damage|p1a: Drednaw|0 fnt\n|faint|p1a: Drednaw\n|\n|upkeep\n|\n|t:|1781443419\n|switch|p1a: Sandy Shocks|Sandy Shocks, L80|267/267\n|turn|18\n|-message|falsetactician forfeited.\n|\n|win|Blueberry186\n|raw|falsetactician's rating: 1344 &rarr; <strong>1322</strong><br />(-22 for losing)\n|raw|Blueberry186's rating: 1317 &rarr; <strong>1339</strong><br />(+22 for winning)\n|l|\u2606falsetactician\n|player|p1|\n", "uploadtime": 1781443431, "views": 2, "formatid": "gen9randombattle", "rating": 1322, "private": 0, "password": null}