{"id": "gen9randombattle-2631705279", "format": "[Gen 9] Random Battle", "players": ["YUNGCORV", "duusijfig"], "log": "|badge|p2|bronze|gen9randombattle|100-9\n|uhtml|medal-msg|<div class=\"broadcast-blue\">Curious what those medals under the avatar are? PS now has Ladder Seasons! For more information, check out the <a href=\"https://www.smogon.com/forums/threads/3740067/\">thread on Smogon.</a></div>\n|j|\u2606YUNGCORV\n|j|\u2606duusijfig\n|t:|1781425379\n|gametype|singles\n|player|p1|YUNGCORV|170|2139\n|player|p2|duusijfig|2|2359\n|gen|9\n|tier|[Gen 9] Random Battle\n|rated|\n|rule|Species Clause: Limit one of each Pok\u00e9mon\n|rule|HP Percentage Mod: HP is shown in percentages\n|rule|Sleep Clause Mod: Limit one foe put to sleep\n|rule|Illusion Level Mod: Illusion disguises the Pok\u00e9mon's true level\n|\n|t:|1781425379\n|teamsize|p1|6\n|teamsize|p2|6\n|start\n|switch|p1a: Swalot|Swalot, L90, M|326/326\n|switch|p2a: Blastoise|Blastoise, L80, M|258/258\n|turn|1\n|inactive|Battle timer is ON: inactive players will automatically lose when time's up. (requested by duusijfig)\n|j| buildful\n|\n|t:|1781425390\n|switch|p2a: Clodsire|Clodsire, L81, F|343/343\n|move|p1a: Swalot|Gunk Shot|p2a: Clodsire\n|-resisted|p2a: Clodsire\n|-damage|p2a: Clodsire|303/343\n|\n|-heal|p2a: Clodsire|324/343|[from] item: Leftovers\n|upkeep\n|turn|2\n|\n|t:|1781425414\n|switch|p1a: Iron Bundle|Iron Bundle, L78|215/215\n|switch|p2a: Bombirdier|Bombirdier, L85, F|258/258\n|\n|upkeep\n|turn|3\n|\n|t:|1781425424\n|switch|p2a: Skuntank|Skuntank, L84, F|310/310\n|move|p1a: Iron Bundle|Freeze-Dry|p2a: Skuntank\n|-damage|p2a: Skuntank|213/310\n|\n|upkeep\n|turn|4\n|l| buildful\n|\n|t:|1781425448\n|-end|p1a: Iron Bundle|Quark Drive|[silent]\n|switch|p1a: Emboar|Emboar, L84, F|322/322\n|move|p2a: Skuntank|Knock Off|p1a: Emboar\n|-resisted|p1a: Emboar\n|-damage|p1a: Emboar|244/322\n|-enditem|p1a: Emboar|Leftovers|[from] move: Knock Off|[of] p2a: Skuntank\n|-damage|p2a: Skuntank|182/310|[from] item: Life Orb\n|\n|upkeep\n|turn|5\n|\n|t:|1781425458\n|move|p2a: Skuntank|Gunk Shot|p1a: Emboar\n|-damage|p1a: Emboar|41/322\n|-status|p1a: Emboar|psn\n|-damage|p2a: Skuntank|151/310|[from] item: Life Orb\n|move|p1a: Emboar|Trailblaze|p2a: Skuntank\n|-resisted|p2a: Skuntank\n|-damage|p2a: Skuntank|126/310\n|-boost|p1a: Emboar|spe|1\n|\n|-damage|p1a: Emboar|1/322 psn|[from] psn\n|upkeep\n|turn|6\n|\n|t:|1781425473\n|move|p1a: Emboar|Drain Punch|p2a: Skuntank\n|-damage|p2a: Skuntank|3/310\n|-heal|p1a: Emboar|63/322 psn|[from] drain|[of] p2a: Skuntank\n|move|p2a: Skuntank|Knock Off|p1a: Emboar\n|-resisted|p1a: Emboar\n|-damage|p1a: Emboar|10/322 psn\n|-damage|p2a: Skuntank|0 fnt|[from] item: Life Orb\n|faint|p2a: Skuntank\n|\n|-damage|p1a: Emboar|0 fnt|[from] psn\n|faint|p1a: Emboar\n|upkeep\n|inactive|YUNGCORV has 120 seconds left.\n|\n|t:|1781425494\n|switch|p2a: Raikou|Raikou, L81|278/278\n|switch|p1a: Iron Bundle|Iron Bundle, L78|215/215\n|-ability|p2a: Raikou|Pressure\n|turn|7\n|\n|t:|1781425503\n|move|p1a: Iron Bundle|Flip Turn|p2a: Raikou\n|-damage|p2a: Raikou|220/278\n|\n|t:|1781425505\n|-end|p1a: Iron Bundle|Quark Drive|[silent]\n|switch|p1a: Swalot|Swalot, L90, M|326/326|[from] Flip Turn\n|move|p2a: Raikou|Calm Mind|p2a: Raikou\n|-boost|p2a: Raikou|spa|1\n|-boost|p2a: Raikou|spd|1\n|\n|-heal|p2a: Raikou|237/278|[from] item: Leftovers\n|upkeep\n|turn|8\n|inactive|YUNGCORV has 120 seconds left.\n|\n|t:|1781425519\n|move|p2a: Raikou|Thunderbolt|p1a: Swalot\n|-damage|p1a: Swalot|175/326\n|move|p1a: Swalot|Earthquake|p2a: Raikou\n|-supereffective|p2a: Raikou\n|-damage|p2a: Raikou|81/278\n|\n|-heal|p2a: Raikou|98/278|[from] item: Leftovers\n|-heal|p1a: Swalot|195/326|[from] item: Leftovers\n|upkeep\n|turn|9\n|inactive|YUNGCORV has 120 seconds left.\n|\n|t:|1781425531\n|move|p2a: Raikou|Scald|p1a: Swalot\n|-damage|p1a: Swalot|100/326\n|move|p1a: Swalot|Gunk Shot|p2a: Raikou\n|-damage|p2a: Raikou|0 fnt\n|faint|p2a: Raikou\n|\n|-heal|p1a: Swalot|120/326|[from] item: Leftovers\n|upkeep\n|\n|t:|1781425536\n|switch|p2a: Bombirdier|Bombirdier, L85, F|258/258\n|turn|10\n|\n|t:|1781425544\n|move|p2a: Bombirdier|Brave Bird|p1a: Swalot\n|-damage|p1a: Swalot|0 fnt\n|faint|p1a: Swalot\n|-damage|p2a: Bombirdier|218/258|[from] Recoil\n|\n|upkeep\n|\n|t:|1781425551\n|switch|p1a: Iron Bundle|Iron Bundle, L78|215/215\n|turn|11\n|\n|t:|1781425558\n|move|p1a: Iron Bundle|Freeze-Dry|p2a: Bombirdier\n|-supereffective|p2a: Bombirdier\n|-damage|p2a: Bombirdier|54/258\n|move|p2a: Bombirdier|Knock Off|p1a: Iron Bundle\n|-crit|p1a: Iron Bundle\n|-damage|p1a: Iron Bundle|68/215\n|-enditem|p1a: Iron Bundle|Heavy-Duty Boots|[from] move: Knock Off|[of] p2a: Bombirdier\n|\n|upkeep\n|turn|12\n|\n|t:|1781425568\n|move|p1a: Iron Bundle|Freeze-Dry|p2a: Bombirdier\n|-supereffective|p2a: Bombirdier\n|-damage|p2a: Bombirdier|0 fnt\n|faint|p2a: Bombirdier\n|\n|upkeep\n|\n|t:|1781425572\n|switch|p2a: Clodsire|Clodsire, L81, F|324/343\n|turn|13\n|\n|t:|1781425578\n|move|p1a: Iron Bundle|Hydro Pump|p2a: Clodsire\n|-heal|p2a: Clodsire|343/343|[from] ability: Water Absorb|[of] p1a: Iron Bundle\n|move|p2a: Clodsire|Poison Jab|p1a: Iron Bundle\n|-damage|p1a: Iron Bundle|11/215\n|-status|p1a: Iron Bundle|psn\n|\n|-damage|p1a: Iron Bundle|0 fnt|[from] psn\n|faint|p1a: Iron Bundle\n|-end|p1a: Iron Bundle|Quark Drive|[silent]\n|upkeep\n|\n|t:|1781425589\n|switch|p1a: Drifblim|Drifblim, L86, F|396/396\n|turn|14\n|\n|t:|1781425599\n|switch|p2a: Blastoise|Blastoise, L80, M|258/258\n|move|p1a: Drifblim|Calm Mind|p1a: Drifblim\n|-boost|p1a: Drifblim|spa|1\n|-boost|p1a: Drifblim|spd|1\n|\n|upkeep\n|turn|15\n|\n|t:|1781425606\n|move|p1a: Drifblim|Calm Mind|p1a: Drifblim\n|-boost|p1a: Drifblim|spa|1\n|-boost|p1a: Drifblim|spd|1\n|move|p2a: Blastoise|Shell Smash|p2a: Blastoise\n|-unboost|p2a: Blastoise|def|1\n|-unboost|p2a: Blastoise|spd|1\n|-boost|p2a: Blastoise|atk|2\n|-boost|p2a: Blastoise|spa|2\n|-boost|p2a: Blastoise|spe|2\n|-enditem|p2a: Blastoise|White Herb\n|-clearnegativeboost|p2a: Blastoise|[silent]\n|\n|upkeep\n|turn|16\n|\n|t:|1781425619\n|move|p2a: Blastoise|Shell Smash|p2a: Blastoise\n|-unboost|p2a: Blastoise|def|1\n|-unboost|p2a: Blastoise|spd|1\n|-boost|p2a: Blastoise|atk|2\n|-boost|p2a: Blastoise|spa|2\n|-boost|p2a: Blastoise|spe|2\n|move|p1a: Drifblim|Shadow Ball|p2a: Blastoise\n|-damage|p2a: Blastoise|36/258\n|\n|upkeep\n|turn|17\n|\n|t:|1781425636\n|-terastallize|p2a: Blastoise|Water\n|move|p2a: Blastoise|Hydro Pump|p1a: Drifblim\n|-damage|p1a: Drifblim|0 fnt\n|faint|p1a: Drifblim\n|\n|upkeep\n|l|\u2606YUNGCORV\n|inactive|YUNGCORV disconnected and has a minute to reconnect!\n|player|p1|\n|inactive|YUNGCORV has 30 seconds to reconnect!\n|inactive|YUNGCORV has 20 seconds to reconnect!\n|inactive|YUNGCORV has 15 seconds to reconnect!\n|inactive|YUNGCORV has 10 seconds to reconnect!\n|inactive|YUNGCORV has 5 seconds to reconnect!\n|-message|YUNGCORV lost due to inactivity.\n|\n|win|duusijfig\n|raw|YUNGCORV's rating: 2139 &rarr; <strong>2130</strong><br />(-9 for losing)\n|raw|duusijfig's rating: 2359 &rarr; <strong>2368</strong><br />(+9 for winning)\n", "uploadtime": 1781425381, "views": 4, "formatid": "gen9randombattle", "rating": 2130, "private": 0, "password": null}