{"id": "gen9randombattle-2631825760", "format": "[Gen 9] Random Battle", "players": ["magictac1", "nazcastorm"], "log": "|j|\u2606magictac1\n|j|\u2606nazcastorm\n|t:|1781445006\n|gametype|singles\n|player|p1|magictac1|266|1911\n|player|p2|nazcastorm|chuck|1841\n|gen|9\n|tier|[Gen 9] Random Battle\n|rated|\n|rule|Species Clause: Limit one of each Pok\u00e9mon\n|rule|HP Percentage Mod: HP is shown in percentages\n|rule|Sleep Clause Mod: Limit one foe put to sleep\n|rule|Illusion Level Mod: Illusion disguises the Pok\u00e9mon's true level\n|\n|t:|1781445006\n|teamsize|p1|6\n|teamsize|p2|6\n|start\n|switch|p1a: Grimmsnarl|Grimmsnarl, L83, M|293/293\n|switch|p2a: Coalossal|Coalossal, L89, M|341/341\n|turn|1\n|inactive|Battle timer is ON: inactive players will automatically lose when time's up. (requested by magictac1)\n|\n|t:|1781445037\n|move|p1a: Grimmsnarl|Parting Shot|p2a: Coalossal\n|-unboost|p2a: Coalossal|atk|1\n|-unboost|p2a: Coalossal|spa|1\n|\n|t:|1781445040\n|switch|p1a: Iron Treads|Iron Treads, L77|265/265|[from] Parting Shot\n|move|p2a: Coalossal|Spikes|p1a: Iron Treads\n|-sidestart|p1: magictac1|Spikes\n|\n|upkeep\n|turn|2\n|\n|t:|1781445060\n|switch|p2a: Greedent|Greedent, L86, M|347/347\n|move|p1a: Iron Treads|Rapid Spin|p2a: Greedent\n|-damage|p2a: Greedent|315/347\n|-boost|p1a: Iron Treads|spe|1\n|-sideend|p1: magictac1|Spikes|[from] move: Rapid Spin|[of] p1a: Iron Treads\n|\n|upkeep\n|turn|3\n|\n|t:|1781445067\n|move|p1a: Iron Treads|Knock Off|p2a: Greedent\n|-damage|p2a: Greedent|256/347\n|-enditem|p2a: Greedent|Sitrus Berry|[from] move: Knock Off|[of] p1a: Iron Treads\n|move|p2a: Greedent|Earthquake|p1a: Iron Treads\n|-supereffective|p1a: Iron Treads\n|-damage|p1a: Iron Treads|131/265\n|\n|upkeep\n|turn|4\n|\n|t:|1781445075\n|-end|p1a: Iron Treads|Quark Drive|[silent]\n|switch|p1a: Iron Hands|Iron Hands, L79|373/373\n|move|p2a: Greedent|Earthquake|p1a: Iron Hands\n|-supereffective|p1a: Iron Hands\n|-damage|p1a: Iron Hands|229/373\n|\n|-heal|p1a: Iron Hands|252/373|[from] item: Leftovers\n|upkeep\n|turn|5\n|\n|t:|1781445083\n|switch|p2a: Medicham|Medicham, L86, F|243/243\n|move|p1a: Iron Hands|Swords Dance|p1a: Iron Hands\n|-boost|p1a: Iron Hands|atk|2\n|\n|-heal|p1a: Iron Hands|275/373|[from] item: Leftovers\n|upkeep\n|turn|6\n|\n|t:|1781445088\n|-end|p1a: Iron Hands|Quark Drive|[silent]\n|switch|p1a: Grimmsnarl|Grimmsnarl, L83, M|293/293\n|move|p2a: Medicham|Zen Headbutt|p1a: Grimmsnarl\n|-immune|p1a: Grimmsnarl\n|\n|upkeep\n|turn|7\n|\n|t:|1781445097\n|switch|p2a: Coalossal|Coalossal, L89, M|341/341\n|move|p1a: Grimmsnarl|Parting Shot|p2a: Coalossal\n|-unboost|p2a: Coalossal|atk|1\n|-unboost|p2a: Coalossal|spa|1\n|\n|t:|1781445105\n|switch|p1a: Iron Treads|Iron Treads, L77|131/265|[from] Parting Shot\n|\n|upkeep\n|turn|8\n|\n|t:|1781445112\n|switch|p2a: Greedent|Greedent, L86, M|256/347\n|move|p1a: Iron Treads|Earthquake|p2a: Greedent\n|-damage|p2a: Greedent|171/347\n|\n|upkeep\n|turn|9\n|\n|t:|1781445117\n|-end|p1a: Iron Treads|Quark Drive|[silent]\n|switch|p1a: Iron Hands|Iron Hands, L79|275/373\n|move|p2a: Greedent|Earthquake|p1a: Iron Hands\n|-supereffective|p1a: Iron Hands\n|-damage|p1a: Iron Hands|151/373\n|\n|-heal|p1a: Iron Hands|174/373|[from] item: Leftovers\n|upkeep\n|turn|10\n|\n|t:|1781445123\n|move|p1a: Iron Hands|Drain Punch|p2a: Greedent\n|-supereffective|p2a: Greedent\n|-damage|p2a: Greedent|7/347\n|-heal|p1a: Iron Hands|256/373|[from] drain|[of] p2a: Greedent\n|move|p2a: Greedent|Double-Edge|p1a: Iron Hands\n|-damage|p1a: Iron Hands|132/373\n|-damage|p2a: Greedent|0 fnt|[from] Recoil\n|faint|p2a: Greedent\n|\n|-heal|p1a: Iron Hands|155/373|[from] item: Leftovers\n|upkeep\n|\n|t:|1781445127\n|switch|p2a: Medicham|Medicham, L86, F|243/243\n|turn|11\n|\n|t:|1781445136\n|-end|p1a: Iron Hands|Quark Drive|[silent]\n|switch|p1a: Enamorus|Enamorus-Therian, L83, F|259/259\n|move|p2a: Medicham|Close Combat|p1a: Enamorus\n|-resisted|p1a: Enamorus\n|-damage|p1a: Enamorus|199/259\n|-unboost|p2a: Medicham|def|1\n|-unboost|p2a: Medicham|spd|1\n|\n|upkeep\n|turn|12\n|\n|t:|1781445140\n|switch|p2a: Swalot|Swalot, L90, M|326/326\n|move|p1a: Enamorus|Agility|p1a: Enamorus\n|-boost|p1a: Enamorus|spe|2\n|\n|upkeep\n|turn|13\n|\n|t:|1781445146\n|-terastallize|p1a: Enamorus|Ground\n|move|p1a: Enamorus|Earth Power|p2a: Swalot\n|-supereffective|p2a: Swalot\n|-damage|p2a: Swalot|68/326\n|move|p2a: Swalot|Thunder Wave|p1a: Enamorus\n|-immune|p1a: Enamorus\n|\n|-heal|p2a: Swalot|88/326|[from] item: Leftovers\n|upkeep\n|turn|14\n|\n|t:|1781445151\n|move|p1a: Enamorus|Earth Power|p2a: Swalot\n|-supereffective|p2a: Swalot\n|-damage|p2a: Swalot|0 fnt\n|faint|p2a: Swalot\n|\n|upkeep\n|\n|t:|1781445154\n|switch|p2a: Azumarill|Azumarill, L82, F|298/298\n|turn|15\n|\n|t:|1781445165\n|move|p1a: Enamorus|Earth Power|p2a: Azumarill\n|-damage|p2a: Azumarill|154/298\n|move|p2a: Azumarill|Liquidation|p1a: Enamorus\n|-supereffective|p1a: Enamorus\n|-damage|p1a: Enamorus|25/259\n|-enditem|p1a: Enamorus|Weakness Policy\n|-boost|p1a: Enamorus|atk|2|[from] item: Weakness Policy\n|-boost|p1a: Enamorus|spa|2|[from] item: Weakness Policy\n|\n|upkeep\n|turn|16\n|\n|t:|1781445170\n|move|p2a: Azumarill|Aqua Jet|p1a: Enamorus\n|-supereffective|p1a: Enamorus\n|-crit|p1a: Enamorus\n|-damage|p1a: Enamorus|0 fnt\n|faint|p1a: Enamorus\n|\n|upkeep\n|\n|t:|1781445186\n|switch|p1a: Drednaw|Drednaw, L81, F|278/278\n|turn|17\n|inactive|nazcastorm has 120 seconds left.\n|\n|t:|1781445217\n|move|p1a: Drednaw|Shell Smash|p1a: Drednaw\n|-unboost|p1a: Drednaw|def|1\n|-unboost|p1a: Drednaw|spd|1\n|-boost|p1a: Drednaw|atk|2\n|-boost|p1a: Drednaw|spa|2\n|-boost|p1a: Drednaw|spe|2\n|-enditem|p1a: Drednaw|White Herb\n|-clearnegativeboost|p1a: Drednaw|[silent]\n|move|p2a: Azumarill|Liquidation|p1a: Drednaw\n|-damage|p1a: Drednaw|164/278\n|\n|upkeep\n|turn|18\n|\n|t:|1781445224\n|move|p2a: Azumarill|Aqua Jet|p1a: Drednaw\n|-damage|p1a: Drednaw|116/278\n|move|p1a: Drednaw|Stone Edge|p2a: Azumarill\n|-damage|p2a: Azumarill|0 fnt\n|faint|p2a: Azumarill\n|\n|upkeep\n|inactive|nazcastorm has 120 seconds left.\n|\n|t:|1781445255\n|switch|p2a: Victreebel|Victreebel, L90, M|290/290\n|turn|19\n|\n|t:|1781445268\n|move|p1a: Drednaw|Crunch|p2a: Victreebel\n|-damage|p2a: Victreebel|85/290\n|-unboost|p2a: Victreebel|def|1\n|move|p2a: Victreebel|Power Whip|p1a: Drednaw\n|-supereffective|p1a: Drednaw\n|-damage|p1a: Drednaw|0 fnt\n|faint|p1a: Drednaw\n|-damage|p2a: Victreebel|56/290|[from] item: Life Orb\n|\n|upkeep\n|\n|t:|1781445273\n|switch|p1a: Iron Treads|Iron Treads, L77|131/265\n|turn|20\n|\n|t:|1781445277\n|move|p2a: Victreebel|Sucker Punch|p1a: Iron Treads\n|-damage|p1a: Iron Treads|61/265\n|-damage|p2a: Victreebel|27/290|[from] item: Life Orb\n|move|p1a: Iron Treads|Earthquake|p2a: Victreebel\n|-damage|p2a: Victreebel|0 fnt\n|faint|p2a: Victreebel\n|\n|upkeep\n|\n|t:|1781445280\n|switch|p2a: Medicham|Medicham, L86, F|243/243\n|turn|21\n|\n|t:|1781445293\n|move|p1a: Iron Treads|Iron Head|p2a: Medicham\n|-damage|p2a: Medicham|159/243\n|move|p2a: Medicham|Close Combat|p1a: Iron Treads\n|-supereffective|p1a: Iron Treads\n|-damage|p1a: Iron Treads|0 fnt\n|-unboost|p2a: Medicham|def|1\n|-unboost|p2a: Medicham|spd|1\n|faint|p1a: Iron Treads\n|-end|p1a: Iron Treads|Quark Drive|[silent]\n|\n|upkeep\n|\n|t:|1781445298\n|switch|p1a: Reuniclus|Reuniclus, L88, M|337/337\n|turn|22\n|\n|t:|1781445303\n|switch|p2a: Coalossal|Coalossal, L89, M|341/341\n|move|p1a: Reuniclus|Focus Blast|p2a: Coalossal\n|-supereffective|p2a: Coalossal\n|-damage|p2a: Coalossal|50/341\n|\n|upkeep\n|turn|23\n|\n|t:|1781445311\n|switch|p1a: Iron Hands|Iron Hands, L79|155/373\n|move|p2a: Coalossal|Spikes|p1a: Iron Hands\n|-sidestart|p1: magictac1|Spikes\n|\n|-heal|p1a: Iron Hands|178/373|[from] item: Leftovers\n|upkeep\n|turn|24\n|\n|t:|1781445315\n|move|p1a: Iron Hands|Drain Punch|p2a: Coalossal\n|-supereffective|p2a: Coalossal\n|-damage|p2a: Coalossal|0 fnt\n|-heal|p1a: Iron Hands|203/373|[from] drain|[of] p2a: Coalossal\n|-status|p1a: Iron Hands|brn|[from] ability: Flame Body|[of] p2a: Coalossal\n|faint|p2a: Coalossal\n|\n|-heal|p1a: Iron Hands|226/373 brn|[from] item: Leftovers\n|-damage|p1a: Iron Hands|203/373 brn|[from] brn\n|upkeep\n|\n|t:|1781445317\n|switch|p2a: Medicham|Medicham, L86, F|159/243\n|turn|25\n|\n|t:|1781445319\n|-terastallize|p2a: Medicham|Fighting\n|move|p2a: Medicham|Close Combat|p1a: Iron Hands\n|-damage|p1a: Iron Hands|0 fnt\n|-unboost|p2a: Medicham|def|1\n|-unboost|p2a: Medicham|spd|1\n|faint|p1a: Iron Hands\n|-end|p1a: Iron Hands|Quark Drive|[silent]\n|\n|upkeep\n|\n|t:|1781445322\n|switch|p1a: Reuniclus|Reuniclus, L88, M|337/337\n|turn|26\n|\n|t:|1781445324\n|move|p2a: Medicham|Close Combat|p1a: Reuniclus\n|-resisted|p1a: Reuniclus\n|-damage|p1a: Reuniclus|146/337\n|-unboost|p2a: Medicham|def|1\n|-unboost|p2a: Medicham|spd|1\n|move|p1a: Reuniclus|Psyshock|p2a: Medicham\n|-supereffective|p2a: Medicham\n|-damage|p2a: Medicham|0 fnt\n|faint|p2a: Medicham\n|\n|win|magictac1\n|raw|magictac1's rating: 1911 &rarr; <strong>1927</strong><br />(+16 for winning)\n|raw|nazcastorm's rating: 1841 &rarr; <strong>1825</strong><br />(-16 for losing)\n", "inputlog": ">version a8376a258c1d4662feba110a92103f3664a72141\n>start {\"formatid\":\"gen9randombattle\",\"seed\":\"sodium,65381f160c43cfe4e4370cd75c45a365\",\"rated\":\"Rated battle\"}\n>player p1 {\"name\":\"magictac1\",\"avatar\":\"266\",\"rating\":1911,\"seed\":\"sodium,f096fbdf24abf8db267da7607afdccb8\"}\n>player p2 {\"name\":\"nazcastorm\",\"avatar\":\"chuck\",\"rating\":1841,\"seed\":\"sodium,62fa3ce7f06837ef4cf4de8a840900b5\"}\n>p1 move partingshot\n>p2 move spikes\n>p1 switch 5\n>p1 move rapidspin\n>p2 switch 3\n>p1 move knockoff\n>p2 move earthquake\n>p1 switch 4\n>p2 move earthquake\n>p1 move swordsdance\n>p2 switch 6\n>p1 switch 5\n>p2 move zenheadbutt\n>p1 move partingshot\n>p2 switch 3\n>p1 switch 4\n>p1 move earthquake\n>p2 switch 6\n>p1 switch 5\n>p2 move earthquake\n>p1 move drainpunch\n>p2 move doubleedge\n>p2 switch 3\n>p1 switch 6\n>p2 move closecombat\n>p1 move agility\n>p2 switch 5\n>p1 move earthpower terastallize\n>p2 move thunderwave\n>p1 move earthpower\n>p2 move sludgebomb\n>p2 switch 2\n>p1 move earthpower\n>p2 move liquidation\n>p1 move earthpower\n>p2 move aquajet\n>p1 switch 3\n>p1 move shellsmash\n>p2 move liquidation\n>p1 move stoneedge\n>p2 move aquajet\n>p2 switch 4\n>p1 move crunch\n>p2 move powerwhip\n>p1 switch 5\n>p1 move earthquake\n>p2 move suckerpunch\n>p2 switch 5\n>p1 move ironhead\n>p2 move closecombat\n>p1 switch 2\n>p1 move focusblast\n>p2 switch 6\n>p1 switch 6\n>p2 move spikes\n>p1 move drainpunch\n>p2 move overheat\n>p2 switch 6\n>p1 move thunderpunch\n>p2 move closecombat terastallize\n>p1 switch 6\n>p1 move psyshock\n>p2 move closecombat", "uploadtime": 1781445324, "views": 6, "formatid": "gen9randombattle", "rating": 1825, "private": 0, "password": null}