{"id": "gen9randombattle-2631771731", "format": "[Gen 9] Random Battle", "players": ["looner-drive", "Tuki VN"], "log": "|j|\u2606looner-drive\n|j|\u2606Tuki VN\n|t:|1781437178\n|gametype|singles\n|player|p1|looner-drive|266|1919\n|player|p2|Tuki VN|lance-gen1rb|1979\n|gen|9\n|tier|[Gen 9] Random Battle\n|rated|\n|rule|Species Clause: Limit one of each Pok\u00e9mon\n|rule|HP Percentage Mod: HP is shown in percentages\n|rule|Sleep Clause Mod: Limit one foe put to sleep\n|rule|Illusion Level Mod: Illusion disguises the Pok\u00e9mon's true level\n|\n|t:|1781437178\n|teamsize|p1|6\n|teamsize|p2|6\n|start\n|switch|p1a: Kyogre|Kyogre, L71|259/259\n|switch|p2a: Corviknight|Corviknight, L80, F|288/288\n|-weather|RainDance|[from] ability: Drizzle|[of] p1a: Kyogre\n|-ability|p2a: Corviknight|Pressure\n|turn|1\n|\n|t:|1781437195\n|switch|p2a: Kingdra|Kingdra, L84, M|263/263\n|move|p1a: Kyogre|Water Spout|p2a: Kingdra\n|-resisted|p2a: Kingdra\n|-damage|p2a: Kingdra|208/263\n|\n|-weather|RainDance|[upkeep]\n|upkeep\n|turn|2\n|\n|t:|1781437202\n|switch|p1a: Hariyama|Hariyama, L87, M|392/392\n|move|p2a: Kingdra|Dragon Dance|p2a: Kingdra\n|-boost|p2a: Kingdra|atk|1\n|-boost|p2a: Kingdra|spe|1\n|\n|-weather|RainDance|[upkeep]\n|upkeep\n|turn|3\n|\n|t:|1781437207\n|move|p2a: Kingdra|Wave Crash|p1a: Hariyama\n|-damage|p1a: Hariyama|22/392\n|-damage|p2a: Kingdra|86/263|[from] Recoil\n|move|p1a: Hariyama|Close Combat|p2a: Kingdra\n|-damage|p2a: Kingdra|0 fnt\n|-unboost|p1a: Hariyama|def|1\n|-unboost|p1a: Hariyama|spd|1\n|faint|p2a: Kingdra\n|\n|-weather|RainDance|[upkeep]\n|upkeep\n|\n|t:|1781437218\n|switch|p2a: Moltres|Moltres-Galar, L79|271/271\n|turn|4\n|\n|t:|1781437222\n|move|p2a: Moltres|Hurricane|p1a: Hariyama\n|-supereffective|p1a: Hariyama\n|-damage|p1a: Hariyama|0 fnt\n|faint|p1a: Hariyama\n|\n|-weather|RainDance|[upkeep]\n|upkeep\n|\n|t:|1781437229\n|switch|p1a: Florges|Florges-Orange, L85, F|271/271\n|turn|5\n|\n|t:|1781437236\n|switch|p2a: Corviknight|Corviknight, L80, F|288/288\n|-ability|p2a: Corviknight|Pressure\n|switch|p1a: Ceruledge|Ceruledge, L78, F|245/245\n|\n|-weather|none\n|upkeep\n|turn|6\n|\n|t:|1781437245\n|switch|p2a: Moltres|Moltres-Galar, L79|271/271\n|move|p1a: Ceruledge|Bitter Blade|p2a: Moltres\n|-damage|p2a: Moltres|166/271\n|\n|upkeep\n|turn|7\n|\n|t:|1781437251\n|switch|p1a: Florges|Florges-Orange, L85, F|271/271\n|move|p2a: Moltres|Nasty Plot|p2a: Moltres\n|-boost|p2a: Moltres|spa|2\n|\n|upkeep\n|turn|8\n|\n|t:|1781437255\n|move|p2a: Moltres|Hurricane|p1a: Florges|[miss]\n|-miss|p2a: Moltres|p1a: Florges\n|move|p1a: Florges|Moonblast|p2a: Moltres\n|-supereffective|p2a: Moltres\n|-damage|p2a: Moltres|0 fnt\n|faint|p2a: Moltres\n|\n|upkeep\n|\n|t:|1781437266\n|switch|p2a: Arceus|Arceus-Rock, L74|300/300\n|turn|9\n|\n|t:|1781437283\n|move|p2a: Arceus|Dragon Dance|p2a: Arceus\n|-boost|p2a: Arceus|atk|1\n|-boost|p2a: Arceus|spe|1\n|move|p1a: Florges|Moonblast|p2a: Arceus\n|-crit|p2a: Arceus\n|-damage|p2a: Arceus|153/300\n|\n|upkeep\n|turn|10\n|\n|t:|1781437294\n|move|p2a: Arceus|Dragon Dance|p2a: Arceus\n|-boost|p2a: Arceus|atk|1\n|-boost|p2a: Arceus|spe|1\n|move|p1a: Florges|Moonblast|p2a: Arceus\n|-damage|p2a: Arceus|44/300\n|-unboost|p2a: Arceus|spa|1\n|\n|upkeep\n|turn|11\n|\n|t:|1781437301\n|move|p2a: Arceus|Recover|p2a: Arceus\n|-heal|p2a: Arceus|194/300\n|move|p1a: Florges|Moonblast|p2a: Arceus\n|-damage|p2a: Arceus|91/300\n|\n|upkeep\n|turn|12\n|\n|t:|1781437314\n|-terastallize|p2a: Arceus|Ground\n|move|p2a: Arceus|Recover|p2a: Arceus\n|-heal|p2a: Arceus|241/300\n|move|p1a: Florges|Moonblast|p2a: Arceus\n|-damage|p2a: Arceus|147/300\n|-unboost|p2a: Arceus|spa|1\n|\n|upkeep\n|turn|13\n|\n|t:|1781437328\n|move|p2a: Arceus|Dragon Dance|p2a: Arceus\n|-boost|p2a: Arceus|atk|1\n|-boost|p2a: Arceus|spe|1\n|move|p1a: Florges|Moonblast|p2a: Arceus\n|-damage|p2a: Arceus|42/300\n|-unboost|p2a: Arceus|spa|1\n|\n|upkeep\n|turn|14\n|\n|t:|1781437332\n|switch|p1a: Bastiodon|Bastiodon, L89, M|252/252\n|move|p2a: Arceus|Recover|p2a: Arceus\n|-heal|p2a: Arceus|192/300\n|\n|upkeep\n|turn|15\n|\n|t:|1781437337\n|-terastallize|p1a: Bastiodon|Fighting\n|move|p2a: Arceus|Earthquake|p1a: Bastiodon\n|-crit|p1a: Bastiodon\n|-damage|p1a: Bastiodon|47/252\n|move|p1a: Bastiodon|Iron Defense|p1a: Bastiodon\n|-boost|p1a: Bastiodon|def|2\n|\n|upkeep\n|turn|16\n|\n|t:|1781437344\n|move|p2a: Arceus|Earthquake|p1a: Bastiodon\n|-damage|p1a: Bastiodon|0 fnt\n|faint|p1a: Bastiodon\n|\n|upkeep\n|-message|looner-drive forfeited.\n|\n|win|Tuki VN\n", "inputlog": ">version a8376a258c1d4662feba110a92103f3664a72141\n>start {\"formatid\":\"gen9randombattle\",\"seed\":\"sodium,2a4348c0e00e2fc1ea69c6c00fa1a5dc\",\"rated\":\"Rated battle\"}\n>player p1 {\"name\":\"looner-drive\",\"avatar\":\"266\",\"rating\":1919,\"seed\":\"sodium,1f96f42f1786ea5a2b008120a6178d01\"}\n>player p2 {\"name\":\"Tuki VN\",\"avatar\":\"lance-gen1rb\",\"rating\":1979,\"seed\":\"sodium,0f6cbdb39eb73294ad760a8ce3576231\"}\n>p1 move waterspout\n>p2 switch 4\n>p1 switch 6\n>p2 move dragondance\n>p1 move closecombat\n>p2 move wavecrash\n>p2 switch 6\n>p1 move knockoff\n>p2 move hurricane\n>p1 switch 2\n>p1 switch 4\n>p2 switch 4\n>p1 move bitterblade\n>p2 switch 4\n>p1 switch 4\n>p2 move nastyplot\n>p1 move moonblast\n>p2 move hurricane\n>p2 switch 3\n>p1 move moonblast\n>p2 move dragondance\n>p1 move moonblast\n>p2 move dragondance\n>p1 move moonblast\n>p2 move recover\n>p1 move moonblast\n>p2 move recover terastallize\n>p1 move moonblast\n>p2 move dragondance\n>p1 switch 5\n>p2 move recover\n>p1 move irondefense terastallize\n>p2 move earthquake\n>p1 move rest\n>p2 move earthquake\n>forcelose p1", "uploadtime": 1781437180, "views": 4, "formatid": "gen9randombattle", "rating": null, "private": 0, "password": null}