{"id": "gen9randombattle-2631535688", "format": "[Gen 9] Random Battle", "players": ["hotdragon20", "stonecold truecel"], "log": "|j|\u2606hotdragon20\n|j|\u2606stonecold truecel\n|t:|1781397984\n|gametype|singles\n|player|p1|hotdragon20|170|1995\n|player|p2|stonecold truecel|unknown|1942\n|gen|9\n|tier|[Gen 9] Random Battle\n|rated|\n|rule|Species Clause: Limit one of each Pok\u00e9mon\n|rule|HP Percentage Mod: HP is shown in percentages\n|rule|Sleep Clause Mod: Limit one foe put to sleep\n|rule|Illusion Level Mod: Illusion disguises the Pok\u00e9mon's true level\n|\n|t:|1781397984\n|teamsize|p1|6\n|teamsize|p2|6\n|start\n|switch|p1a: Inteleon|Inteleon, L81, F|246/246\n|switch|p2a: Arceus|Arceus, L68|276/276\n|turn|1\n|inactive|Battle timer is ON: inactive players will automatically lose when time's up. (requested by stonecold truecel)\n|\n|t:|1781398005\n|move|p1a: Inteleon|Scald|p2a: Arceus\n|-damage|p2a: Arceus|149/276\n|move|p2a: Arceus|Swords Dance|p2a: Arceus\n|-boost|p2a: Arceus|atk|2\n|\n|-heal|p2a: Arceus|166/276|[from] item: Leftovers\n|upkeep\n|turn|2\n|\n|t:|1781398018\n|switch|p1a: Sudowoodo|Sudowoodo, L94, M|284/284\n|move|p2a: Arceus|Swords Dance|p2a: Arceus\n|-boost|p2a: Arceus|atk|2\n|\n|-heal|p2a: Arceus|183/276|[from] item: Leftovers\n|upkeep\n|turn|3\n|\n|t:|1781398043\n|move|p2a: Arceus|Recover|p2a: Arceus\n|-heal|p2a: Arceus|276/276\n|move|p1a: Sudowoodo|Head Smash|p2a: Arceus\n|-damage|p2a: Arceus|0 fnt\n|faint|p2a: Arceus\n|\n|upkeep\n|\n|t:|1781398051\n|switch|p2a: Ursaluna|Ursaluna, L79, M|335/335\n|turn|4\n|\n|t:|1781398059\n|move|p2a: Ursaluna|Swords Dance|p2a: Ursaluna\n|-boost|p2a: Ursaluna|atk|2\n|move|p1a: Sudowoodo|Head Smash|p2a: Ursaluna\n|-resisted|p2a: Ursaluna\n|-damage|p2a: Ursaluna|203/335\n|\n|-status|p2a: Ursaluna|brn|[from] item: Flame Orb\n|upkeep\n|turn|5\n|inactive|hotdragon20 has 120 seconds left.\n|\n|t:|1781398092\n|move|p2a: Ursaluna|Headlong Rush|p1a: Sudowoodo\n|-supereffective|p1a: Sudowoodo\n|-damage|p1a: Sudowoodo|0 fnt\n|-unboost|p2a: Ursaluna|def|1\n|-unboost|p2a: Ursaluna|spd|1\n|faint|p1a: Sudowoodo\n|\n|-damage|p2a: Ursaluna|183/335 brn|[from] brn\n|upkeep\n|inactive|hotdragon20 has 120 seconds left.\n|\n|t:|1781398098\n|switch|p1a: Inteleon|Inteleon, L81, F|246/246\n|turn|6\n|\n|t:|1781398108\n|move|p1a: Inteleon|Ice Beam|p2a: Ursaluna\n|-supereffective|p2a: Ursaluna\n|-damage|p2a: Ursaluna|0 fnt\n|faint|p2a: Ursaluna\n|\n|upkeep\n|\n|t:|1781398112\n|switch|p2a: Houndoom|Houndoom, L87, M|272/272\n|turn|7\n|\n|t:|1781398120\n|switch|p1a: Camerupt|Camerupt, L91, M|275/275\n|move|p2a: Houndoom|Dark Pulse|p1a: Camerupt\n|-damage|p1a: Camerupt|179/275\n|\n|-heal|p1a: Camerupt|196/275|[from] item: Leftovers\n|upkeep\n|turn|8\n|\n|t:|1781398136\n|switch|p2a: Koraidon|Koraidon, L64|235/235\n|-weather|SunnyDay|[from] ability: Orichalcum Pulse|[of] p2a: Koraidon\n|-activate|p2a: Koraidon|Orichalcum Pulse|[source]\n|move|p1a: Camerupt|Stealth Rock|p2a: Koraidon\n|-sidestart|p2: stonecold truecel|move: Stealth Rock\n|\n|-weather|SunnyDay|[upkeep]\n|-heal|p1a: Camerupt|213/275|[from] item: Leftovers\n|upkeep\n|turn|9\n|\n|t:|1781398153\n|move|p2a: Koraidon|Outrage|p1a: Camerupt\n|-damage|p1a: Camerupt|2/275\n|move|p1a: Camerupt|Will-O-Wisp|p2a: Koraidon\n|-status|p2a: Koraidon|brn\n|\n|-weather|SunnyDay|[upkeep]\n|-heal|p1a: Camerupt|19/275|[from] item: Leftovers\n|-damage|p2a: Koraidon|221/235 brn|[from] brn\n|upkeep\n|turn|10\n|\n|t:|1781398161\n|move|p2a: Koraidon|Outrage|p1a: Camerupt|[from] lockedmove\n|-damage|p1a: Camerupt|0 fnt\n|faint|p1a: Camerupt\n|\n|-weather|SunnyDay|[upkeep]\n|-damage|p2a: Koraidon|207/235 brn|[from] brn\n|upkeep\n|\n|t:|1781398169\n|switch|p1a: Inteleon|Inteleon, L81, F|246/246\n|turn|11\n|\n|t:|1781398181\n|move|p1a: Inteleon|Ice Beam|p2a: Koraidon\n|-supereffective|p2a: Koraidon\n|-damage|p2a: Koraidon|0 fnt\n|faint|p2a: Koraidon\n|\n|-weather|SunnyDay|[upkeep]\n|upkeep\n|\n|t:|1781398186\n|switch|p2a: Houndoom|Houndoom, L87, M|272/272\n|turn|12\n|\n|t:|1781398192\n|switch|p1a: Gouging Fire|Gouging Fire, L74|277/277\n|-activate|p1a: Gouging Fire|ability: Protosynthesis\n|-start|p1a: Gouging Fire|protosynthesisdef\n|move|p2a: Houndoom|Fire Blast|p1a: Gouging Fire|[miss]\n|-miss|p2a: Houndoom|p1a: Gouging Fire\n|\n|-weather|none\n|-end|p1a: Gouging Fire|Protosynthesis\n|upkeep\n|turn|13\n|\n|t:|1781398201\n|-terastallize|p2a: Houndoom|Dark\n|move|p2a: Houndoom|Dark Pulse|p1a: Gouging Fire\n|-damage|p1a: Gouging Fire|129/277\n|move|p1a: Gouging Fire|Dragon Dance|p1a: Gouging Fire\n|-boost|p1a: Gouging Fire|atk|1\n|-boost|p1a: Gouging Fire|spe|1\n|\n|upkeep\n|turn|14\n|\n|t:|1781398207\n|move|p1a: Gouging Fire|Outrage|p2a: Houndoom\n|-damage|p2a: Houndoom|26/272\n|move|p2a: Houndoom|Dark Pulse|p1a: Gouging Fire\n|-damage|p1a: Gouging Fire|0 fnt\n|faint|p1a: Gouging Fire\n|-end|p1a: Gouging Fire|Protosynthesis|[silent]\n|\n|upkeep\n|\n|t:|1781398210\n|switch|p1a: Inteleon|Inteleon, L81, F|246/246\n|turn|15\n|\n|t:|1781398213\n|move|p1a: Inteleon|U-turn|p2a: Houndoom\n|-supereffective|p2a: Houndoom\n|-damage|p2a: Houndoom|0 fnt\n|faint|p2a: Houndoom\n|\n|t:|1781398226\n|switch|p1a: Koraidon|Koraidon, L64|235/235|[from] U-turn\n|-weather|SunnyDay|[from] ability: Orichalcum Pulse|[of] p1a: Koraidon\n|-activate|p1a: Koraidon|Orichalcum Pulse|[source]\n|\n|-weather|SunnyDay|[upkeep]\n|upkeep\n|\n|t:|1781398231\n|switch|p2a: Yanmega|Yanmega, L82, F|275/275\n|turn|16\n|\n|t:|1781398236\n|move|p2a: Yanmega|Protect|p2a: Yanmega\n|-singleturn|p2a: Yanmega|Protect\n|move|p1a: Koraidon|Flare Blitz|p2a: Yanmega\n|-activate|p2a: Yanmega|move: Protect\n|\n|-weather|SunnyDay|[upkeep]\n|-ability|p2a: Yanmega|Speed Boost|boost\n|-boost|p2a: Yanmega|spe|1\n|upkeep\n|turn|17\n|\n|t:|1781398243\n|move|p2a: Yanmega|Air Slash|p1a: Koraidon\n|-supereffective|p1a: Koraidon\n|-damage|p1a: Koraidon|37/235\n|move|p1a: Koraidon|Flare Blitz|p2a: Yanmega\n|-supereffective|p2a: Yanmega\n|-damage|p2a: Yanmega|0 fnt\n|faint|p2a: Yanmega\n|-damage|p1a: Koraidon|0 fnt|[from] Recoil\n|faint|p1a: Koraidon\n|\n|-weather|SunnyDay|[upkeep]\n|upkeep\n|\n|t:|1781398247\n|switch|p1a: Cloyster|Cloyster, L80, M|211/211\n|switch|p2a: Swampert|Swampert, L83, F|302/302\n|-damage|p2a: Swampert|284/302|[from] Stealth Rock\n|turn|18\n|\n|t:|1781398253\n|move|p1a: Cloyster|Icicle Spear|p2a: Swampert\n|-damage|p2a: Swampert|259/302\n|-damage|p2a: Swampert|232/302\n|-damage|p2a: Swampert|208/302\n|-damage|p2a: Swampert|184/302\n|-damage|p2a: Swampert|160/302\n|-hitcount|p2a: Swampert|5\n|move|p2a: Swampert|Roar|p1a: Cloyster\n|drag|p1a: Inteleon|Inteleon, L81, F|246/246\n|\n|-weather|SunnyDay|[upkeep]\n|-heal|p2a: Swampert|178/302|[from] item: Leftovers\n|upkeep\n|turn|19\n|l|\u2606stonecold truecel\n|inactive|stonecold truecel disconnected and has a minute to reconnect!\n|player|p2|\n|inactive|stonecold truecel has 30 seconds to reconnect!\n|inactive|stonecold truecel has 20 seconds to reconnect!\n|inactive|stonecold truecel has 15 seconds to reconnect!\n|inactive|stonecold truecel has 10 seconds to reconnect!\n|inactive|stonecold truecel has 5 seconds to reconnect!\n|-message|stonecold truecel lost due to inactivity.\n|\n|win|hotdragon20\n", "inputlog": ">version a8376a258c1d4662feba110a92103f3664a72141\n>start {\"formatid\":\"gen9randombattle\",\"seed\":\"sodium,6fc9fcb40d895ef2f444922dae79dd1c\",\"rated\":\"Rated battle\"}\n>player p1 {\"name\":\"hotdragon20\",\"avatar\":\"170\",\"rating\":1995,\"seed\":\"sodium,3942445ebd054bc9ead5217af7dafa54\"}\n>player p2 {\"name\":\"stonecold truecel\",\"avatar\":\"unknown\",\"rating\":1942,\"seed\":\"sodium,76d62ad487d48d203c0ceeba58646ae7\"}\n>p1 move scald\n>p2 move swordsdance\n>p1 switch 3\n>p2 move swordsdance\n>p1 move headsmash\n>p2 move recover\n>p2 switch 2\n>p1 move headsmash\n>p2 move swordsdance\n>p1 move headsmash\n>p2 move headlongrush\n>p1 switch 3\n>p1 move icebeam\n>p2 move headlongrush\n>p2 switch 6\n>p1 switch 2\n>p2 move darkpulse\n>p1 move stealthrock\n>p2 switch 5\n>p1 move willowisp\n>p2 move outrage\n>p1 move overheat\n>p2 move outrage\n>p1 switch 2\n>p1 move icebeam\n>p2 move outrage\n>p2 switch 5\n>p1 switch 4\n>p2 move fireblast\n>p1 move dragondance\n>p2 move darkpulse terastallize\n>p1 move outrage\n>p2 move darkpulse\n>p1 switch 4\n>p1 move uturn\n>p2 move darkpulse\n>p1 switch 5\n>p2 switch 4\n>p1 move flareblitz\n>p2 move protect\n>p1 move flareblitz\n>p2 move airslash\n>p1 switch 6\n>p2 switch 3\n>p1 move iciclespear\n>p2 move roar\n>forcelose p2", "uploadtime": 1781397986, "views": 4, "formatid": "gen9randombattle", "rating": null, "private": 0, "password": null}