{"id": "gen9randombattle-2631606641", "format": "[Gen 9] Random Battle", "players": ["azztheddicaff", "SZSoo"], "log": "|j|\u2606azztheddicaff\n|j|\u2606SZSoo\n|t:|1781407913\n|gametype|singles\n|player|p1|azztheddicaff|265|2039\n|player|p2|SZSoo|swimmer-gen4|2068\n|gen|9\n|tier|[Gen 9] Random Battle\n|rated|\n|rule|Species Clause: Limit one of each Pok\u00e9mon\n|rule|HP Percentage Mod: HP is shown in percentages\n|rule|Sleep Clause Mod: Limit one foe put to sleep\n|rule|Illusion Level Mod: Illusion disguises the Pok\u00e9mon's true level\n|\n|t:|1781407913\n|teamsize|p1|6\n|teamsize|p2|6\n|start\n|switch|p1a: Cinccino|Cinccino, L83, M|260/260\n|switch|p2a: Solgaleo|Solgaleo, L74|325/325\n|turn|1\n|inactive|Battle timer is ON: inactive players will automatically lose when time's up. (requested by SZSoo)\n|\n|t:|1781407926\n|move|p1a: Cinccino|U-turn|p2a: Solgaleo\n|-damage|p2a: Solgaleo|277/325\n|\n|t:|1781407929\n|switch|p1a: Dialga|Dialga-Origin, L73|266/266|[from] U-turn\n|-ability|p1a: Dialga|Pressure\n|move|p2a: Solgaleo|Knock Off|p1a: Dialga\n|-damage|p1a: Dialga|227/266\n|\n|upkeep\n|turn|2\n|\n|t:|1781407944\n|switch|p2a: Pachirisu|Pachirisu, L96, F|271/271\n|move|p1a: Dialga|Stealth Rock|p2a: Pachirisu\n|-sidestart|p2: SZSoo|move: Stealth Rock\n|\n|upkeep\n|turn|3\n|\n|t:|1781407954\n|switch|p1a: Rhyperior|Rhyperior, L82, F|323/323\n|move|p2a: Pachirisu|Super Fang|p1a: Rhyperior\n|-damage|p1a: Rhyperior|162/323\n|\n|upkeep\n|turn|4\n|\n|t:|1781407958\n|move|p2a: Pachirisu|U-turn|p1a: Rhyperior\n|-damage|p1a: Rhyperior|131/323\n|\n|t:|1781407965\n|switch|p2a: Venusaur|Venusaur, L84, F|272/272|[from] U-turn\n|-damage|p2a: Venusaur|238/272|[from] Stealth Rock\n|move|p1a: Rhyperior|Earthquake|p2a: Venusaur\n|-damage|p2a: Venusaur|96/272\n|\n|-heal|p2a: Venusaur|113/272|[from] item: Leftovers\n|upkeep\n|turn|5\n|\n|t:|1781407971\n|switch|p1a: Dialga|Dialga-Origin, L73|227/266\n|-ability|p1a: Dialga|Pressure\n|move|p2a: Venusaur|Synthesis|p2a: Venusaur\n|-heal|p2a: Venusaur|249/272\n|\n|-heal|p2a: Venusaur|266/272|[from] item: Leftovers\n|upkeep\n|turn|6\n|\n|t:|1781407977\n|move|p2a: Venusaur|Earth Power|p1a: Dialga\n|-supereffective|p1a: Dialga\n|-damage|p1a: Dialga|115/266\n|move|p1a: Dialga|Fire Blast|p2a: Venusaur|[miss]\n|-miss|p1a: Dialga|p2a: Venusaur\n|\n|-heal|p2a: Venusaur|272/272|[from] item: Leftovers\n|upkeep\n|turn|7\n|\n|t:|1781407983\n|switch|p1a: Cinccino|Cinccino, L83, M|260/260\n|move|p2a: Venusaur|Earth Power|p1a: Cinccino\n|-damage|p1a: Cinccino|171/260\n|\n|upkeep\n|turn|8\n|\n|t:|1781407990\n|switch|p2a: Gholdengo|Gholdengo, L77|261/261\n|-damage|p2a: Gholdengo|245/261|[from] Stealth Rock\n|move|p1a: Cinccino|Triple Axel|p2a: Gholdengo\n|-resisted|p2a: Gholdengo\n|-damage|p2a: Gholdengo|234/261\n|-resisted|p2a: Gholdengo\n|-damage|p2a: Gholdengo|212/261\n|-resisted|p2a: Gholdengo\n|-damage|p2a: Gholdengo|181/261\n|-hitcount|p2a: Gholdengo|3\n|\n|-heal|p2a: Gholdengo|197/261|[from] item: Leftovers\n|upkeep\n|turn|9\n|\n|t:|1781408006\n|move|p1a: Cinccino|U-turn|p2a: Gholdengo\n|-resisted|p2a: Gholdengo\n|-damage|p2a: Gholdengo|184/261\n|\n|t:|1781408013\n|switch|p1a: Florges|Florges-White, L85, F|271/271|[from] U-turn\n|move|p2a: Gholdengo|Make It Rain|p1a: Florges\n|-supereffective|p1a: Florges\n|-damage|p1a: Florges|95/271\n|-unboost|p2a: Gholdengo|spa|1\n|\n|-heal|p1a: Florges|111/271|[from] item: Leftovers\n|-heal|p2a: Gholdengo|200/261|[from] item: Leftovers\n|upkeep\n|turn|10\n|\n|t:|1781408019\n|-terastallize|p1a: Florges|Ground\n|move|p1a: Florges|Synthesis|p1a: Florges\n|-heal|p1a: Florges|246/271\n|move|p2a: Gholdengo|Nasty Plot|p2a: Gholdengo\n|-boost|p2a: Gholdengo|spa|2\n|\n|-heal|p1a: Florges|262/271|[from] item: Leftovers\n|-heal|p2a: Gholdengo|216/261|[from] item: Leftovers\n|upkeep\n|turn|11\n|\n|t:|1781408027\n|switch|p2a: Pachirisu|Pachirisu, L96, F|271/271\n|move|p1a: Florges|Tera Blast|p2a: Pachirisu|[anim] Tera Blast Ground\n|-supereffective|p2a: Pachirisu\n|-damage|p2a: Pachirisu|89/271\n|\n|-heal|p1a: Florges|271/271|[from] item: Leftovers\n|upkeep\n|turn|12\n|\n|t:|1781408044\n|switch|p1a: Rhyperior|Rhyperior, L82, F|131/323\n|move|p2a: Pachirisu|Encore||[still]\n|-fail|p2a: Pachirisu\n|\n|upkeep\n|turn|13\n|\n|t:|1781408052\n|move|p2a: Pachirisu|U-turn|p1a: Rhyperior\n|-crit|p1a: Rhyperior\n|-damage|p1a: Rhyperior|89/323\n|\n|t:|1781408055\n|switch|p2a: Gholdengo|Gholdengo, L77|216/261|[from] U-turn\n|-damage|p2a: Gholdengo|200/261|[from] Stealth Rock\n|move|p1a: Rhyperior|Earthquake|p2a: Gholdengo\n|-supereffective|p2a: Gholdengo\n|-damage|p2a: Gholdengo|0 fnt\n|faint|p2a: Gholdengo\n|\n|upkeep\n|\n|t:|1781408057\n|switch|p2a: Venusaur|Venusaur, L84, F|272/272\n|-damage|p2a: Venusaur|238/272|[from] Stealth Rock\n|turn|14\n|\n|t:|1781408064\n|move|p2a: Venusaur|Earth Power|p1a: Rhyperior\n|-supereffective|p1a: Rhyperior\n|-damage|p1a: Rhyperior|0 fnt\n|faint|p1a: Rhyperior\n|\n|-heal|p2a: Venusaur|255/272|[from] item: Leftovers\n|upkeep\n|\n|t:|1781408067\n|switch|p1a: Cinccino|Cinccino, L83, M|171/260\n|turn|15\n|\n|t:|1781408075\n|switch|p2a: Solgaleo|Solgaleo, L74|277/325\n|-damage|p2a: Solgaleo|257/325|[from] Stealth Rock\n|move|p1a: Cinccino|Triple Axel|p2a: Solgaleo\n|-resisted|p2a: Solgaleo\n|-crit|p2a: Solgaleo\n|-damage|p2a: Solgaleo|240/325\n|-resisted|p2a: Solgaleo\n|-damage|p2a: Solgaleo|219/325\n|-resisted|p2a: Solgaleo\n|-damage|p2a: Solgaleo|191/325\n|-hitcount|p2a: Solgaleo|3\n|\n|upkeep\n|turn|16\n|\n|t:|1781408080\n|move|p1a: Cinccino|U-turn|p2a: Solgaleo\n|-damage|p2a: Solgaleo|140/325\n|\n|t:|1781408082\n|switch|p1a: Dialga|Dialga-Origin, L73|115/266|[from] U-turn\n|-ability|p1a: Dialga|Pressure\n|move|p2a: Solgaleo|Flame Charge|p1a: Dialga\n|-damage|p1a: Dialga|82/266\n|-boost|p2a: Solgaleo|spe|1\n|\n|upkeep\n|turn|17\n|\n|t:|1781408091\n|move|p2a: Solgaleo|Knock Off|p1a: Dialga\n|-damage|p1a: Dialga|37/266\n|move|p1a: Dialga|Fire Blast|p2a: Solgaleo\n|-supereffective|p2a: Solgaleo\n|-damage|p2a: Solgaleo|0 fnt\n|faint|p2a: Solgaleo\n|\n|upkeep\n|\n|t:|1781408104\n|switch|p2a: Lumineon|Lumineon, L93, F|279/279\n|turn|18\n|\n|t:|1781408117\n|move|p2a: Lumineon|Ice Beam|p1a: Dialga\n|-damage|p1a: Dialga|0 fnt\n|faint|p1a: Dialga\n|\n|upkeep\n|\n|t:|1781408118\n|switch|p1a: Cinccino|Cinccino, L83, M|171/260\n|turn|19\n|\n|t:|1781408134\n|switch|p2a: Pachirisu|Pachirisu, L96, F|89/271\n|move|p1a: Cinccino|Bullet Seed|p2a: Pachirisu\n|-damage|p2a: Pachirisu|59/271\n|-damage|p2a: Pachirisu|31/271\n|-damage|p2a: Pachirisu|2/271\n|-damage|p2a: Pachirisu|0 fnt\n|faint|p2a: Pachirisu\n|-hitcount|p2: Pachirisu|4\n|\n|upkeep\n|\n|t:|1781408142\n|switch|p2a: Alcremie|Alcremie-Salted-Cream, L90, F|263/263\n|-damage|p2a: Alcremie|231/263|[from] Stealth Rock\n|turn|20\n|\n|t:|1781408156\n|-terastallize|p2a: Alcremie|Poison\n|move|p1a: Cinccino|Tail Slap|p2a: Alcremie\n|-damage|p2a: Alcremie|194/263\n|-damage|p2a: Alcremie|155/263\n|-damage|p2a: Alcremie|112/263\n|-damage|p2a: Alcremie|73/263\n|-damage|p2a: Alcremie|33/263\n|-hitcount|p2a: Alcremie|5\n|move|p2a: Alcremie|Alluring Voice|p1a: Cinccino\n|-damage|p1a: Cinccino|30/260\n|\n|-heal|p2a: Alcremie|49/263|[from] item: Leftovers\n|upkeep\n|turn|21\n|\n|t:|1781408178\n|move|p1a: Cinccino|Tail Slap|p2a: Alcremie\n|-damage|p2a: Alcremie|9/263\n|-damage|p2a: Alcremie|0 fnt\n|faint|p2a: Alcremie\n|-hitcount|p2: Alcremie|2\n|\n|upkeep\n|\n|t:|1781408180\n|switch|p2a: Lumineon|Lumineon, L93, F|279/279\n|turn|22\n|\n|t:|1781408182\n|move|p1a: Cinccino|Bullet Seed|p2a: Lumineon\n|-supereffective|p2a: Lumineon\n|-damage|p2a: Lumineon|227/279\n|-supereffective|p2a: Lumineon\n|-crit|p2a: Lumineon\n|-damage|p2a: Lumineon|147/279\n|-supereffective|p2a: Lumineon\n|-damage|p2a: Lumineon|99/279\n|-supereffective|p2a: Lumineon\n|-damage|p2a: Lumineon|45/279\n|-hitcount|p2a: Lumineon|4\n|move|p2a: Lumineon|Ice Beam|p1a: Cinccino\n|-damage|p1a: Cinccino|0 fnt\n|faint|p1a: Cinccino\n|\n|upkeep\n|\n|t:|1781408194\n|switch|p1a: Conkeldurr|Conkeldurr, L80, F|299/299\n|turn|23\n|\n|t:|1781408197\n|move|p1a: Conkeldurr|Mach Punch|p2a: Lumineon\n|-damage|p2a: Lumineon|0 fnt\n|faint|p2a: Lumineon\n|\n|-status|p1a: Conkeldurr|brn|[from] item: Flame Orb\n|upkeep\n|-message|SZSoo forfeited.\n|\n|win|azztheddicaff\n", "uploadtime": 1781407915, "views": 3, "formatid": "gen9randombattle", "rating": null, "private": 0, "password": null}