{"id": "gen9randombattle-2631575857", "format": "[Gen 9] Random Battle", "players": ["imt1r3d", "Abober"], "log": "|j|\u2606imt1r3d\n|j|\u2606Abober\n|t:|1781403503\n|gametype|singles\n|player|p1|imt1r3d|170|1539\n|player|p2|Abober|miku-flying|1499\n|gen|9\n|tier|[Gen 9] Random Battle\n|rated|\n|rule|Species Clause: Limit one of each Pok\u00e9mon\n|rule|HP Percentage Mod: HP is shown in percentages\n|rule|Sleep Clause Mod: Limit one foe put to sleep\n|rule|Illusion Level Mod: Illusion disguises the Pok\u00e9mon's true level\n|\n|t:|1781403503\n|teamsize|p1|6\n|teamsize|p2|6\n|start\n|switch|p1a: Entei|Entei, L78|307/307\n|switch|p2a: Gengar|Gengar, L81, F|230/230\n|turn|1\n|inactive|Battle timer is ON: inactive players will automatically lose when time's up. (requested by imt1r3d)\n|\n|t:|1781403520\n|switch|p2a: Slowking|Slowking, L88, M|310/310\n|switch|p1a: Darkrai|Darkrai, L77|234/234\n|\n|upkeep\n|turn|2\n|\n|t:|1781403537\n|move|p1a: Darkrai|Nasty Plot|p1a: Darkrai\n|-boost|p1a: Darkrai|spa|2\n|-prepare|p2a: Slowking|Chilly Reception|[premajor]\n|move|p2a: Slowking|Chilly Reception|p2a: Slowking\n|-weather|Snowscape\n|\n|t:|1781403544\n|switch|p2a: Persian|Persian-Alola, L86, F|252/252|[from] Chilly Reception\n|\n|-weather|Snowscape|[upkeep]\n|upkeep\n|turn|3\n|\n|t:|1781403550\n|move|p2a: Persian|Thunder Wave|p1a: Darkrai\n|-status|p1a: Darkrai|par\n|move|p1a: Darkrai|Sludge Bomb|p2a: Persian\n|-damage|p2a: Persian|94/252\n|\n|-weather|Snowscape|[upkeep]\n|upkeep\n|turn|4\n|\n|t:|1781403561\n|move|p2a: Persian|Knock Off|p1a: Darkrai\n|-resisted|p1a: Darkrai\n|-damage|p1a: Darkrai|194/234 par\n|-enditem|p1a: Darkrai|Leftovers|[from] move: Knock Off|[of] p2a: Persian\n|move|p1a: Darkrai|Sludge Bomb|p2a: Persian\n|-damage|p2a: Persian|0 fnt\n|faint|p2a: Persian\n|\n|-weather|Snowscape|[upkeep]\n|upkeep\n|\n|t:|1781403565\n|switch|p2a: Mamoswine|Mamoswine, L81, M|311/311\n|turn|5\n|\n|t:|1781403571\n|move|p2a: Mamoswine|Earthquake|p1a: Darkrai\n|-damage|p1a: Darkrai|0 fnt\n|faint|p1a: Darkrai\n|\n|-weather|Snowscape|[upkeep]\n|upkeep\n|inactive|imt1r3d has 120 seconds left.\n|\n|t:|1781403604\n|switch|p1a: Gothitelle|Gothitelle, L90, F|272/272\n|turn|6\n|\n|t:|1781403623\n|move|p1a: Gothitelle|Focus Blast|p2a: Mamoswine\n|-supereffective|p2a: Mamoswine\n|-damage|p2a: Mamoswine|53/311\n|move|p2a: Mamoswine|Earthquake|p1a: Gothitelle\n|-damage|p1a: Gothitelle|98/272\n|\n|-weather|none\n|upkeep\n|turn|7\n|\n|t:|1781403634\n|move|p1a: Gothitelle|Focus Blast|p2a: Mamoswine\n|-supereffective|p2a: Mamoswine\n|-damage|p2a: Mamoswine|0 fnt\n|faint|p2a: Mamoswine\n|\n|upkeep\n|\n|t:|1781403643\n|switch|p2a: Gengar|Gengar, L81, F|230/230\n|turn|8\n|\n|t:|1781403653\n|switch|p1a: Electivire|Electivire, L84, F|263/263\n|move|p2a: Gengar|Sludge Wave|p1a: Electivire\n|-damage|p1a: Electivire|103/263\n|-damage|p2a: Gengar|207/230|[from] item: Life Orb\n|\n|upkeep\n|turn|9\n|\n|t:|1781403660\n|move|p1a: Electivire|Earthquake|p2a: Gengar\n|-supereffective|p2a: Gengar\n|-damage|p2a: Gengar|0 fnt\n|faint|p2a: Gengar\n|\n|upkeep\n|\n|t:|1781403663\n|switch|p2a: Oricorio|Oricorio, L84, M|263/263\n|turn|10\n|\n|t:|1781403668\n|switch|p1a: Volbeat|Volbeat, L90, M|263/263\n|move|p2a: Oricorio|Quiver Dance|p2a: Oricorio\n|-boost|p2a: Oricorio|spa|1\n|-boost|p2a: Oricorio|spd|1\n|-boost|p2a: Oricorio|spe|1\n|\n|upkeep\n|turn|11\n|\n|t:|1781403672\n|switch|p2a: Heatran|Heatran, L79, F|273/273\n|-item|p2a: Heatran|Air Balloon\n|move|p1a: Volbeat|Encore||[still]\n|-fail|p1a: Volbeat\n|\n|upkeep\n|turn|12\n|\n|t:|1781403677\n|move|p1a: Volbeat|U-turn|p2a: Heatran\n|-resisted|p2a: Heatran\n|-damage|p2a: Heatran|258/273\n|-enditem|p2a: Heatran|Air Balloon\n|\n|t:|1781403683\n|switch|p1a: Gothitelle|Gothitelle, L90, F|98/272|[from] U-turn\n|move|p2a: Heatran|Lava Plume|p1a: Gothitelle\n|-damage|p1a: Gothitelle|16/272\n|-status|p1a: Gothitelle|brn\n|\n|-damage|p1a: Gothitelle|0 fnt|[from] brn\n|faint|p1a: Gothitelle\n|upkeep\n|inactive|imt1r3d has 120 seconds left.\n|\n|t:|1781403720\n|switch|p1a: Entei|Entei, L78|307/307\n|turn|13\n|\n|t:|1781403732\n|switch|p2a: Oricorio|Oricorio, L84, M|263/263\n|move|p1a: Entei|Stomping Tantrum|p2a: Oricorio\n|-immune|p2a: Oricorio\n|\n|upkeep\n|turn|14\n|\n|t:|1781403738\n|switch|p1a: Electivire|Electivire, L84, F|103/263\n|move|p2a: Oricorio|Hurricane|p1a: Electivire|[miss]\n|-miss|p2a: Oricorio|p1a: Electivire\n|\n|upkeep\n|turn|15\n|\n|t:|1781403746\n|switch|p2a: Heatran|Heatran, L79, F|258/273\n|move|p1a: Electivire|Supercell Slam|p2a: Heatran\n|-damage|p2a: Heatran|137/273\n|\n|upkeep\n|turn|16\n|\n|t:|1781403751\n|move|p1a: Electivire|Supercell Slam|p2a: Heatran\n|-damage|p2a: Heatran|26/273\n|move|p2a: Heatran|Lava Plume|p1a: Electivire\n|-damage|p1a: Electivire|3/263\n|\n|upkeep\n|turn|17\n|\n|t:|1781403757\n|move|p1a: Electivire|Supercell Slam|p2a: Heatran\n|-damage|p2a: Heatran|0 fnt\n|faint|p2a: Heatran\n|\n|upkeep\n|\n|t:|1781403759\n|switch|p2a: Oricorio|Oricorio, L84, M|263/263\n|turn|18\n|\n|t:|1781403763\n|-terastallize|p2a: Oricorio|Ground\n|move|p1a: Electivire|Supercell Slam|p2a: Oricorio\n|-immune|p2a: Oricorio\n|-damage|p1a: Electivire|0 fnt|[from] supercellslam\n|faint|p1a: Electivire\n|move|p2a: Oricorio|Quiver Dance|p2a: Oricorio\n|-boost|p2a: Oricorio|spa|1\n|-boost|p2a: Oricorio|spd|1\n|-boost|p2a: Oricorio|spe|1\n|\n|upkeep\n|\n|t:|1781403766\n|switch|p1a: Volbeat|Volbeat, L90, M|263/263\n|turn|19\n|\n|t:|1781403771\n|switch|p2a: Slowking|Slowking, L88, M|310/310\n|move|p1a: Volbeat|Encore||[still]\n|-fail|p1a: Volbeat\n|\n|upkeep\n|turn|20\n|\n|t:|1781403775\n|move|p1a: Volbeat|Thunder Wave|p2a: Slowking|[miss]\n|-miss|p1a: Volbeat|p2a: Slowking\n|move|p2a: Slowking|Future Sight|p1a: Volbeat\n|-start|p2a: Slowking|move: Future Sight\n|\n|upkeep\n|turn|21\n|\n|t:|1781403779\n|move|p1a: Volbeat|Thunder Wave|p2a: Slowking\n|-status|p2a: Slowking|par\n|move|p2a: Slowking|Scald|p1a: Volbeat\n|-damage|p1a: Volbeat|173/263\n|\n|upkeep\n|turn|22\n|\n|t:|1781403786\n|move|p1a: Volbeat|U-turn|p2a: Slowking\n|-supereffective|p2a: Slowking\n|-damage|p2a: Slowking|178/310 par\n|\n|t:|1781403788\n|switch|p1a: Gholdengo|Gholdengo, L77|261/261|[from] U-turn\n|cant|p2a: Slowking|par\n|\n|-end|p1a: Gholdengo|move: Future Sight\n|-resisted|p1a: Gholdengo\n|-damage|p1a: Gholdengo|191/261\n|-heal|p1a: Gholdengo|207/261|[from] item: Leftovers\n|upkeep\n|turn|23\n|\n|t:|1781403794\n|move|p1a: Gholdengo|Shadow Ball|p2a: Slowking\n|-supereffective|p2a: Slowking\n|-damage|p2a: Slowking|38/310 par\n|-prepare|p2a: Slowking|Chilly Reception|[premajor]\n|move|p2a: Slowking|Chilly Reception|p2a: Slowking\n|-weather|Snowscape\n|\n|t:|1781403797\n|switch|p2a: Oricorio|Oricorio, L84, M, tera:Ground|263/263|[from] Chilly Reception\n|\n|-weather|Snowscape|[upkeep]\n|-heal|p1a: Gholdengo|223/261|[from] item: Leftovers\n|upkeep\n|turn|24\n|inactive|imt1r3d has 120 seconds left.\n|\n|t:|1781403836\n|move|p2a: Oricorio|Revelation Dance|p1a: Gholdengo\n|-supereffective|p1a: Gholdengo\n|-damage|p1a: Gholdengo|7/261\n|move|p1a: Gholdengo|Make It Rain|p2a: Oricorio\n|-crit|p2a: Oricorio\n|-damage|p2a: Oricorio|20/263\n|-unboost|p1a: Gholdengo|spa|1\n|\n|-weather|Snowscape|[upkeep]\n|-heal|p1a: Gholdengo|23/261|[from] item: Leftovers\n|upkeep\n|turn|25\n|inactive|imt1r3d has 120 seconds left.\n|\n|t:|1781403846\n|move|p2a: Oricorio|Roost|p2a: Oricorio\n|-heal|p2a: Oricorio|152/263\n|move|p1a: Gholdengo|Make It Rain|p2a: Oricorio\n|-damage|p2a: Oricorio|47/263\n|-unboost|p1a: Gholdengo|spa|1\n|\n|-weather|Snowscape|[upkeep]\n|-heal|p1a: Gholdengo|39/261|[from] item: Leftovers\n|upkeep\n|turn|26\n|inactive|imt1r3d has 120 seconds left.\n|\n|t:|1781403884\n|move|p2a: Oricorio|Roost|p2a: Oricorio\n|-heal|p2a: Oricorio|179/263\n|move|p1a: Gholdengo|Make It Rain|p2a: Oricorio\n|-damage|p2a: Oricorio|103/263\n|-unboost|p1a: Gholdengo|spa|1\n|\n|-weather|Snowscape|[upkeep]\n|-heal|p1a: Gholdengo|55/261|[from] item: Leftovers\n|upkeep\n|turn|27\n|\n|t:|1781403889\n|switch|p1a: Volbeat|Volbeat, L90, M|173/263\n|move|p2a: Oricorio|Roost|p2a: Oricorio\n|-heal|p2a: Oricorio|235/263\n|\n|-weather|none\n|upkeep\n|turn|28\n|\n|t:|1781403891\n|switch|p2a: Slowking|Slowking, L88, M|141/310 par\n|move|p1a: Volbeat|Encore||[still]\n|-fail|p1a: Volbeat\n|\n|upkeep\n|turn|29\n|inactive|imt1r3d has 120 seconds left.\n|\n|t:|1781403897\n|move|p1a: Volbeat|Roost|p1a: Volbeat\n|-heal|p1a: Volbeat|263/263\n|-singleturn|p1a: Volbeat|move: Roost\n|-prepare|p2a: Slowking|Chilly Reception|[premajor]\n|move|p2a: Slowking|Chilly Reception|p2a: Slowking\n|-weather|Snowscape\n|\n|t:|1781403899\n|switch|p2a: Oricorio|Oricorio, L84, M, tera:Ground|235/263|[from] Chilly Reception\n|\n|-weather|Snowscape|[upkeep]\n|upkeep\n|turn|30\n|\n|t:|1781403911\n|move|p1a: Volbeat|Encore||[still]\n|-fail|p1a: Volbeat\n|move|p2a: Oricorio|Hurricane|p1a: Volbeat|[miss]\n|-miss|p2a: Oricorio|p1a: Volbeat\n|\n|-weather|Snowscape|[upkeep]\n|upkeep\n|turn|31\n|\n|t:|1781403918\n|switch|p1a: Gholdengo|Gholdengo, L77|55/261\n|move|p2a: Oricorio|Hurricane|p1a: Gholdengo\n|-resisted|p1a: Gholdengo\n|-damage|p1a: Gholdengo|0 fnt\n|faint|p1a: Gholdengo\n|\n|-weather|Snowscape|[upkeep]\n|upkeep\n|\n|t:|1781403923\n|switch|p1a: Entei|Entei, L78|307/307\n|turn|32\n|\n|t:|1781403934\n|switch|p2a: Slowking|Slowking, L88, M|244/310 par\n|-terastallize|p1a: Entei|Normal\n|move|p1a: Entei|Extreme Speed|p2a: Slowking\n|-damage|p2a: Slowking|123/310 par\n|\n|-weather|Snowscape|[upkeep]\n|upkeep\n|turn|33\n|\n|t:|1781403942\n|move|p1a: Entei|Extreme Speed|p2a: Slowking\n|-damage|p2a: Slowking|3/310 par\n|cant|p2a: Slowking|par\n|\n|-weather|none\n|upkeep\n|turn|34\n|\n|t:|1781403952\n|move|p1a: Entei|Extreme Speed|p2a: Slowking\n|-damage|p2a: Slowking|0 fnt\n|faint|p2a: Slowking\n|\n|upkeep\n|\n|t:|1781403953\n|switch|p2a: Oricorio|Oricorio, L84, M, tera:Ground|235/263\n|turn|35\n|\n|t:|1781403958\n|move|p1a: Entei|Extreme Speed|p2a: Oricorio\n|-damage|p2a: Oricorio|73/263\n|move|p2a: Oricorio|Hurricane|p1a: Entei\n|-damage|p1a: Entei|165/307\n|-start|p1a: Entei|confusion\n|\n|upkeep\n|turn|36\n|\n|t:|1781403964\n|switch|p1a: Volbeat|Volbeat, L90, M|263/263\n|move|p2a: Oricorio|Roost|p2a: Oricorio\n|-heal|p2a: Oricorio|205/263\n|\n|upkeep\n|turn|37\n|\n|t:|1781403968\n|move|p1a: Volbeat|Encore|p2a: Oricorio\n|-start|p2a: Oricorio|Encore\n|move|p2a: Oricorio|Roost|p2a: Oricorio\n|-heal|p2a: Oricorio|263/263\n|\n|upkeep\n|turn|38\n|\n|t:|1781403972\n|move|p2a: Oricorio|Roost||[still]\n|-fail|p2a: Oricorio|heal\n|move|p1a: Volbeat|U-turn|p2a: Oricorio\n|-damage|p2a: Oricorio|178/263\n|\n|t:|1781403974\n|switch|p1a: Entei|Entei, L78, tera:Normal|165/307|[from] U-turn\n|\n|upkeep\n|turn|39\n|\n|t:|1781403976\n|move|p1a: Entei|Extreme Speed|p2a: Oricorio\n|-damage|p2a: Oricorio|21/263\n|move|p2a: Oricorio|Roost|p2a: Oricorio\n|-heal|p2a: Oricorio|153/263\n|\n|-end|p2a: Oricorio|Encore\n|upkeep\n|turn|40\n|\n|t:|1781403984\n|move|p1a: Entei|Extreme Speed|p2a: Oricorio\n|-damage|p2a: Oricorio|11/263\n|move|p2a: Oricorio|Hurricane|p1a: Entei\n|-damage|p1a: Entei|11/307\n|-start|p1a: Entei|confusion\n|\n|upkeep\n|turn|41\n|\n|t:|1781403993\n|-activate|p1a: Entei|confusion\n|-damage|p1a: Entei|0 fnt|[from] confusion\n|faint|p1a: Entei\n|move|p2a: Oricorio|Revelation Dance|p1: Entei|[notarget]\n|-fail|p2a: Oricorio\n|\n|upkeep\n|\n|t:|1781403996\n|switch|p1a: Volbeat|Volbeat, L90, M|263/263\n|turn|42\n|\n|t:|1781404002\n|move|p2a: Oricorio|Roost|p2a: Oricorio\n|-heal|p2a: Oricorio|143/263\n|move|p1a: Volbeat|U-turn|p2a: Oricorio\n|-damage|p2a: Oricorio|58/263\n|\n|upkeep\n|turn|43\n|\n|t:|1781404006\n|move|p1a: Volbeat|Encore||[still]\n|-fail|p1a: Volbeat\n|move|p2a: Oricorio|Hurricane|p1a: Volbeat\n|-supereffective|p1a: Volbeat\n|-damage|p1a: Volbeat|23/263\n|\n|upkeep\n|turn|44\n|\n|t:|1781404010\n|move|p2a: Oricorio|Revelation Dance|p1a: Volbeat\n|-resisted|p1a: Volbeat\n|-damage|p1a: Volbeat|0 fnt\n|faint|p1a: Volbeat\n|\n|win|Abober\n|raw|imt1r3d's rating: 1539 &rarr; <strong>1517</strong><br />(-22 for losing)\n|raw|Abober's rating: 1499 &rarr; <strong>1521</strong><br />(+22 for winning)\n", "inputlog": ">version a8376a258c1d4662feba110a92103f3664a72141\n>start {\"formatid\":\"gen9randombattle\",\"seed\":\"sodium,a67221dd0c937ec37e0067b65c61bcc9\",\"rated\":\"Rated battle\"}\n>player p1 {\"name\":\"imt1r3d\",\"avatar\":\"170\",\"rating\":1539,\"seed\":\"sodium,6a8d340b045967913e6e146606ec94e9\"}\n>player p2 {\"name\":\"Abober\",\"avatar\":\"miku-flying\",\"rating\":1499,\"seed\":\"sodium,9a7c119ca7f09e83a47bc02e23c15553\"}\n>p1 switch 4\n>p2 switch 2\n>p1 move nastyplot\n>p2 move chillyreception\n>p2 switch 4\n>p1 move sludgebomb\n>p2 move thunderwave\n>p1 move sludgebomb\n>p2 move knockoff\n>p2 switch 6\n>p1 move darkpulse\n>p2 move earthquake\n>p1 switch 5\n>p1 move focusblast\n>p2 move earthquake\n>p1 move focusblast\n>p2 move earthquake\n>p2 switch 2\n>p1 switch 3\n>p2 move sludgewave\n>p1 move earthquake\n>p2 move shadowball\n>p2 switch 3\n>p1 switch 6\n>p2 move quiverdance\n>p1 move encore\n>p2 switch 5\n>p1 move uturn\n>p2 move lavaplume\n>p1 switch 3\n>p1 switch 4\n>p1 move stompingtantrum\n>p2 switch 5\n>p1 switch 6\n>p2 move hurricane\n>p1 move supercellslam\n>p2 switch 5\n>p1 move supercellslam\n>p2 move lavaplume\n>p1 move supercellslam\n>p2 move lavaplume\n>p2 switch 5\n>p1 move supercellslam\n>p2 move quiverdance terastallize\n>p1 switch 3\n>p1 move encore\n>p2 switch 4\n>p1 move thunderwave\n>p2 move futuresight\n>p1 move thunderwave\n>p2 move scald\n>p1 move uturn\n>p2 move scald\n>p1 switch 2\n>p1 move shadowball\n>p2 move chillyreception\n>p2 switch 4\n>p1 move makeitrain\n>p2 move revelationdance\n>p1 move makeitrain\n>p2 move roost\n>p1 move makeitrain\n>p2 move roost\n>p1 switch 2\n>p2 move roost\n>p1 move encore\n>p2 switch 4\n>p1 move roost\n>p2 move chillyreception\n>p2 switch 4\n>p1 move encore\n>p2 move hurricane\n>p1 switch 2\n>p2 move hurricane\n>p1 switch 6\n>p1 move extremespeed terastallize\n>p2 switch 4\n>p1 move extremespeed\n>p2 move scald\n>p1 move extremespeed\n>p2 move slackoff\n>p2 switch 4\n>p1 move extremespeed\n>p2 move hurricane\n>p1 switch 2\n>p2 move roost\n>p1 move encore\n>p2 move hurricane\n>p1 move uturn\n>p2 move roost\n>p1 switch 2\n>p1 move extremespeed\n>p2 move roost\n>p1 move extremespeed\n>p2 move hurricane\n>p1 move extremespeed\n>p2 move revelationdance\n>p1 switch 2\n>p1 move uturn\n>p2 move roost\n>p1 move encore\n>p2 move hurricane\n>p1 move uturn\n>p2 move revelationdance", "uploadtime": 1781404013, "views": 27, "formatid": "gen9randombattle", "rating": 1517, "private": 0, "password": null}