{"id": "gen9randombattle-2631457702", "format": "[Gen 9] Random Battle", "players": ["jfer4", "wellingtj"], "log": "|j|\u2606jfer4\n|j|\u2606wellingtj\n|t:|1781387071\n|gametype|singles\n|player|p1|jfer4|169|2002\n|player|p2|wellingtj|lusamine-nihilego|1952\n|gen|9\n|tier|[Gen 9] Random Battle\n|rated|\n|rule|Species Clause: Limit one of each Pok\u00e9mon\n|rule|HP Percentage Mod: HP is shown in percentages\n|rule|Sleep Clause Mod: Limit one foe put to sleep\n|rule|Illusion Level Mod: Illusion disguises the Pok\u00e9mon's true level\n|\n|t:|1781387071\n|teamsize|p1|6\n|teamsize|p2|6\n|start\n|switch|p1a: Scrafty|Scrafty, L83, F|244/244\n|switch|p2a: Houndstone|Houndstone, L86, F|264/264\n|turn|1\n|\n|t:|1781387091\n|move|p2a: Houndstone|Play Rough|p1a: Scrafty\n|-supereffective|p1a: Scrafty\n|-damage|p1a: Scrafty|16/244\n|move|p1a: Scrafty|Knock Off|p2a: Houndstone\n|-supereffective|p2a: Houndstone\n|-damage|p2a: Houndstone|177/264\n|-enditem|p2a: Houndstone|Assault Vest|[from] move: Knock Off|[of] p1a: Scrafty\n|\n|-heal|p1a: Scrafty|31/244|[from] item: Leftovers\n|upkeep\n|turn|2\n|\n|t:|1781387119\n|switch|p1a: Venomoth|Venomoth, L84, F|255/255\n|move|p2a: Houndstone|Body Press|p1a: Venomoth\n|-resisted|p1a: Venomoth\n|-damage|p1a: Venomoth|235/255\n|\n|upkeep\n|turn|3\n|\n|t:|1781387130\n|switch|p2a: Whimsicott|Whimsicott, L84, F|238/238\n|move|p1a: Venomoth|Sleep Powder|p2a: Whimsicott\n|-immune|p2a: Whimsicott\n|\n|upkeep\n|turn|4\n|\n|t:|1781387134\n|move|p2a: Whimsicott|Encore|p1a: Venomoth\n|-start|p1a: Venomoth|Encore\n|move|p1a: Venomoth|Sleep Powder|p2a: Whimsicott\n|-immune|p2a: Whimsicott\n|\n|upkeep\n|turn|5\n|\n|t:|1781387139\n|switch|p1a: Incineroar|Incineroar, L82, F|290/290\n|-ability|p1a: Incineroar|Intimidate|boost\n|-unboost|p2a: Whimsicott|atk|1\n|move|p2a: Whimsicott|Stun Spore|p1a: Incineroar\n|-hint|Since gen 7, Dark is immune to Prankster moves.\n|-immune|p1a: Incineroar\n|\n|upkeep\n|turn|6\n|\n|t:|1781387143\n|move|p2a: Whimsicott|U-turn|p1a: Incineroar\n|-crit|p1a: Incineroar\n|-damage|p1a: Incineroar|230/290\n|\n|t:|1781387157\n|switch|p2a: Sandaconda|Sandaconda, L84, F|258/258|[from] U-turn\n|move|p1a: Incineroar|Parting Shot|p2a: Sandaconda\n|-unboost|p2a: Sandaconda|atk|1\n|-unboost|p2a: Sandaconda|spa|1\n|\n|t:|1781387166\n|switch|p1a: Venomoth|Venomoth, L84, F|235/255|[from] Parting Shot\n|\n|upkeep\n|turn|7\n|\n|t:|1781387171\n|move|p1a: Venomoth|Sludge Wave|p2a: Sandaconda\n|-resisted|p2a: Sandaconda\n|-damage|p2a: Sandaconda|144/258\n|move|p2a: Sandaconda|Glare|p1a: Venomoth\n|-status|p1a: Venomoth|par\n|\n|-heal|p2a: Sandaconda|160/258|[from] item: Leftovers\n|upkeep\n|turn|8\n|\n|t:|1781387178\n|move|p2a: Sandaconda|Stone Edge|p1a: Venomoth\n|-supereffective|p1a: Venomoth\n|-damage|p1a: Venomoth|97/255 par\n|move|p1a: Venomoth|Quiver Dance|p1a: Venomoth\n|-boost|p1a: Venomoth|spa|1\n|-boost|p1a: Venomoth|spd|1\n|-boost|p1a: Venomoth|spe|1\n|\n|-heal|p2a: Sandaconda|176/258|[from] item: Leftovers\n|upkeep\n|turn|9\n|inactive|Battle timer is ON: inactive players will automatically lose when time's up. (requested by jfer4)\n|\n|t:|1781387186\n|switch|p1a: Incineroar|Incineroar, L82, F|230/290\n|-ability|p1a: Incineroar|Intimidate|boost\n|-unboost|p2a: Sandaconda|atk|1\n|move|p2a: Sandaconda|Stone Edge|p1a: Incineroar|[miss]\n|-miss|p2a: Sandaconda|p1a: Incineroar\n|\n|-heal|p2a: Sandaconda|192/258|[from] item: Leftovers\n|upkeep\n|turn|10\n|\n|t:|1781387195\n|move|p2a: Sandaconda|Stealth Rock|p1a: Incineroar\n|-sidestart|p1: jfer4|move: Stealth Rock\n|move|p1a: Incineroar|Knock Off|p2a: Sandaconda\n|-damage|p2a: Sandaconda|102/258\n|-enditem|p2a: Sandaconda|Leftovers|[from] move: Knock Off|[of] p1a: Incineroar\n|\n|upkeep\n|turn|11\n|\n|t:|1781387201\n|move|p2a: Sandaconda|Glare|p1a: Incineroar\n|-status|p1a: Incineroar|par\n|cant|p1a: Incineroar|par\n|\n|upkeep\n|turn|12\n|\n|t:|1781387211\n|switch|p2a: Cobalion|Cobalion, L80|277/277\n|cant|p1a: Incineroar|par\n|\n|upkeep\n|turn|13\n|\n|t:|1781387219\n|move|p2a: Cobalion|Calm Mind|p2a: Cobalion\n|-boost|p2a: Cobalion|spa|1\n|-boost|p2a: Cobalion|spd|1\n|move|p1a: Incineroar|Flare Blitz|p2a: Cobalion\n|-supereffective|p2a: Cobalion\n|-damage|p2a: Cobalion|77/277\n|-damage|p1a: Incineroar|164/290 par|[from] Recoil\n|\n|-heal|p2a: Cobalion|94/277|[from] item: Leftovers\n|upkeep\n|turn|14\n|\n|t:|1781387226\n|switch|p1a: Venomoth|Venomoth, L84, F|97/255 par\n|move|p2a: Cobalion|Aura Sphere|p1a: Venomoth\n|-resisted|p1a: Venomoth\n|-damage|p1a: Venomoth|67/255 par\n|\n|-heal|p2a: Cobalion|111/277|[from] item: Leftovers\n|upkeep\n|turn|15\n|\n|t:|1781387231\n|move|p2a: Cobalion|Flash Cannon|p1a: Venomoth\n|-damage|p1a: Venomoth|0 fnt\n|faint|p1a: Venomoth\n|\n|-heal|p2a: Cobalion|128/277|[from] item: Leftovers\n|upkeep\n|\n|t:|1781387235\n|switch|p1a: Tsareena|Tsareena, L87, F|267/267\n|-damage|p1a: Tsareena|234/267|[from] Stealth Rock\n|turn|16\n|\n|t:|1781387243\n|switch|p2a: Houndstone|Houndstone, L86, F|177/264\n|move|p1a: Tsareena|Rapid Spin|p2a: Houndstone\n|-immune|p2a: Houndstone\n|\n|upkeep\n|turn|17\n|\n|t:|1781387248\n|move|p1a: Tsareena|Power Whip|p2a: Houndstone\n|-damage|p2a: Houndstone|105/264\n|move|p2a: Houndstone|Poltergeist|p1a: Tsareena\n|-activate|p1a: Tsareena|move: Poltergeist|Assault Vest\n|-damage|p1a: Tsareena|114/267\n|\n|upkeep\n|turn|18\n|\n|t:|1781387256\n|move|p1a: Tsareena|Power Whip|p2a: Houndstone|[miss]\n|-miss|p1a: Tsareena|p2a: Houndstone\n|move|p2a: Houndstone|Poltergeist|p1a: Tsareena\n|-activate|p1a: Tsareena|move: Poltergeist|Assault Vest\n|-damage|p1a: Tsareena|9/267\n|\n|upkeep\n|turn|19\n|\n|t:|1781387263\n|move|p1a: Tsareena|Power Whip|p2a: Houndstone|[miss]\n|-miss|p1a: Tsareena|p2a: Houndstone\n|move|p2a: Houndstone|Body Press|p1a: Tsareena\n|-damage|p1a: Tsareena|0 fnt\n|faint|p1a: Tsareena\n|\n|upkeep\n|\n|t:|1781387275\n|switch|p1a: Swalot|Swalot, L90, M|326/326\n|-damage|p1a: Swalot|286/326|[from] Stealth Rock\n|turn|20\n|\n|t:|1781387282\n|move|p2a: Houndstone|Poltergeist|p1a: Swalot\n|-activate|p1a: Swalot|move: Poltergeist|Assault Vest\n|-damage|p1a: Swalot|172/326\n|move|p1a: Swalot|Earthquake|p2a: Houndstone\n|-damage|p2a: Houndstone|43/264\n|\n|upkeep\n|turn|21\n|\n|t:|1781387288\n|move|p2a: Houndstone|Poltergeist|p1a: Swalot\n|-activate|p1a: Swalot|move: Poltergeist|Assault Vest\n|-damage|p1a: Swalot|55/326\n|move|p1a: Swalot|Ice Beam|p2a: Houndstone\n|-damage|p2a: Houndstone|0 fnt\n|faint|p2a: Houndstone\n|\n|upkeep\n|\n|t:|1781387297\n|switch|p2a: Sandaconda|Sandaconda, L84, F|102/258\n|turn|22\n|\n|t:|1781387301\n|move|p2a: Sandaconda|Earthquake|p1a: Swalot\n|-supereffective|p1a: Swalot\n|-damage|p1a: Swalot|0 fnt\n|faint|p1a: Swalot\n|\n|upkeep\n|\n|t:|1781387305\n|switch|p1a: Incineroar|Incineroar, L82, F|164/290 par\n|-ability|p1a: Incineroar|Intimidate|boost\n|-unboost|p2a: Sandaconda|atk|1\n|turn|23\n|\n|t:|1781387309\n|move|p2a: Sandaconda|Earthquake|p1a: Incineroar\n|-supereffective|p1a: Incineroar\n|-crit|p1a: Incineroar\n|-damage|p1a: Incineroar|0 fnt\n|faint|p1a: Incineroar\n|\n|upkeep\n|\n|t:|1781387311\n|switch|p1a: Misdreavus|Misdreavus, L90, F|254/254\n|-damage|p1a: Misdreavus|223/254|[from] Stealth Rock\n|turn|24\n|\n|t:|1781387318\n|move|p1a: Misdreavus|Will-O-Wisp|p2a: Sandaconda\n|-status|p2a: Sandaconda|brn\n|move|p2a: Sandaconda|Glare|p1a: Misdreavus\n|-status|p1a: Misdreavus|par\n|\n|-damage|p2a: Sandaconda|86/258 brn|[from] brn\n|upkeep\n|turn|25\n|\n|t:|1781387326\n|move|p2a: Sandaconda|Stone Edge|p1a: Misdreavus\n|-damage|p1a: Misdreavus|202/254 par\n|move|p1a: Misdreavus|Calm Mind|p1a: Misdreavus\n|-boost|p1a: Misdreavus|spa|1\n|-boost|p1a: Misdreavus|spd|1\n|\n|-damage|p2a: Sandaconda|70/258 brn|[from] brn\n|upkeep\n|turn|26\n|\n|t:|1781387331\n|switch|p2a: Whimsicott|Whimsicott, L84, F|238/238\n|move|p1a: Misdreavus|Shadow Ball|p2a: Whimsicott\n|-damage|p2a: Whimsicott|102/238\n|\n|upkeep\n|turn|27\n|\n|t:|1781387341\n|move|p2a: Whimsicott|U-turn|p1a: Misdreavus\n|-resisted|p1a: Misdreavus\n|-damage|p1a: Misdreavus|188/254 par\n|\n|t:|1781387345\n|switch|p2a: Sandaconda|Sandaconda, L84, F|70/258 brn|[from] U-turn\n|cant|p1a: Misdreavus|par\n|\n|-damage|p2a: Sandaconda|54/258 brn|[from] brn\n|upkeep\n|turn|28\n|\n|t:|1781387351\n|switch|p2a: Whimsicott|Whimsicott, L84, F|102/238\n|move|p1a: Misdreavus|Draining Kiss|p2a: Whimsicott\n|-damage|p2a: Whimsicott|42/238\n|-heal|p1a: Misdreavus|233/254 par|[from] drain|[of] p2a: Whimsicott\n|\n|upkeep\n|turn|29\n|\n|t:|1781387362\n|-terastallize|p2a: Whimsicott|Poison\n|move|p2a: Whimsicott|Encore|p1a: Misdreavus\n|-start|p1a: Misdreavus|Encore\n|move|p1a: Misdreavus|Draining Kiss|p2a: Whimsicott\n|-resisted|p2a: Whimsicott\n|-damage|p2a: Whimsicott|12/238\n|-heal|p1a: Misdreavus|254/254 par|[from] drain|[of] p2a: Whimsicott\n|\n|upkeep\n|turn|30\n|\n|t:|1781387370\n|move|p2a: Whimsicott|U-turn|p1a: Misdreavus\n|-resisted|p1a: Misdreavus\n|-damage|p1a: Misdreavus|238/254 par\n|\n|t:|1781387372\n|switch|p2a: Scovillain|Scovillain, L91, F|266/266|[from] U-turn\n|move|p1a: Misdreavus|Draining Kiss|p2a: Scovillain\n|-resisted|p2a: Scovillain\n|-damage|p2a: Scovillain|235/266\n|-heal|p1a: Misdreavus|254/254 par|[from] drain|[of] p2a: Scovillain\n|\n|-heal|p2a: Scovillain|251/266|[from] item: Leftovers\n|upkeep\n|turn|31\n|\n|t:|1781387382\n|move|p2a: Scovillain|Leech Seed|p1a: Misdreavus\n|-start|p1a: Misdreavus|move: Leech Seed\n|move|p1a: Misdreavus|Draining Kiss|p2a: Scovillain\n|-resisted|p2a: Scovillain\n|-damage|p2a: Scovillain|220/266\n|\n|-heal|p2a: Scovillain|236/266|[from] item: Leftovers\n|-damage|p1a: Misdreavus|223/254 par|[from] Leech Seed|[of] p2a: Scovillain\n|-heal|p2a: Scovillain|266/266|[silent]\n|-end|p1a: Misdreavus|Encore\n|upkeep\n|turn|32\n|\n|t:|1781387391\n|move|p2a: Scovillain|Protect|p2a: Scovillain\n|-singleturn|p2a: Scovillain|Protect\n|move|p1a: Misdreavus|Shadow Ball|p2a: Scovillain\n|-activate|p2a: Scovillain|move: Protect\n|\n|-damage|p1a: Misdreavus|192/254 par|[from] Leech Seed|[of] p2a: Scovillain\n|upkeep\n|turn|33\n|\n|t:|1781387401\n|switch|p1a: Scrafty|Scrafty, L83, F|31/244\n|-damage|p1a: Scrafty|16/244|[from] Stealth Rock\n|move|p2a: Scovillain|Substitute|p2a: Scovillain\n|-start|p2a: Scovillain|Substitute\n|-damage|p2a: Scovillain|200/266\n|\n|-heal|p2a: Scovillain|216/266|[from] item: Leftovers\n|-heal|p1a: Scrafty|31/244|[from] item: Leftovers\n|upkeep\n|turn|34\n|-message|jfer4 forfeited.\n|\n|win|wellingtj\n", "inputlog": ">version a8376a258c1d4662feba110a92103f3664a72141\n>start {\"formatid\":\"gen9randombattle\",\"seed\":\"sodium,763d7c286ad75498a8190d73f4a5b59f\",\"rated\":\"Rated battle\"}\n>player p1 {\"name\":\"jfer4\",\"avatar\":\"169\",\"rating\":2002,\"seed\":\"sodium,a7c0522e086d6f58ba61573cbc83ec2e\"}\n>player p2 {\"name\":\"wellingtj\",\"avatar\":\"lusamine-nihilego\",\"rating\":1952,\"seed\":\"sodium,d9423ff011e60c417e9aa26b3629ab86\"}\n>p1 move knockoff\n>p2 move playrough\n>p1 switch 4\n>p2 move bodypress\n>p1 move sleeppowder\n>p2 switch 2\n>p1 move sludgewave\n>p2 move encore\n>p1 switch 6\n>p2 move stunspore\n>p1 move partingshot\n>p2 move uturn\n>p2 switch 5\n>p1 switch 6\n>p1 move sludgewave\n>p2 move glare\n>p1 move quiverdance\n>p2 move stoneedge\n>p1 switch 6\n>p2 move stoneedge\n>p1 move knockoff\n>p2 move stealthrock\n>p1 move flareblitz\n>p2 move glare\n>p1 move flareblitz\n>p2 switch 3\n>p1 move flareblitz\n>p2 move calmmind\n>p1 switch 6\n>p2 move aurasphere\n>p1 move sleeppowder\n>p2 move flashcannon\n>p1 switch 3\n>p1 move rapidspin\n>p2 switch 2\n>p1 move powerwhip\n>p2 move poltergeist\n>p1 move powerwhip\n>p2 move poltergeist\n>p1 move powerwhip\n>p2 move bodypress\n>p1 switch 2\n>p1 move earthquake\n>p2 move poltergeist\n>p1 move icebeam\n>p2 move poltergeist\n>p2 switch 3\n>p1 move icebeam\n>p2 move earthquake\n>p1 switch 6\n>p1 move flareblitz\n>p2 move earthquake\n>p1 switch 5\n>p1 move willowisp\n>p2 move glare\n>p1 move calmmind\n>p2 move stoneedge\n>p1 move shadowball\n>p2 switch 5\n>p1 move shadowball\n>p2 move uturn\n>p2 switch 5\n>p1 move drainingkiss\n>p2 switch 5\n>p1 move drainingkiss\n>p2 move encore terastallize\n>p1 move drainingkiss\n>p2 move uturn\n>p2 switch 4\n>p1 move drainingkiss\n>p2 move leechseed\n>p1 move shadowball\n>p2 move protect\n>p1 switch 4\n>p2 move substitute\n>forcelose p1", "uploadtime": 1781387072, "views": 5, "formatid": "gen9randombattle", "rating": null, "private": 0, "password": null}