{"id": "gen9randombattle-2631907636", "format": "[Gen 9] Random Battle", "players": ["I Am The Shaman", "DikkeBende"], "log": "|j|\u2606I Am The Shaman\n|j|\u2606DikkeBende\n|t:|1781454377\n|gametype|singles\n|player|p1|I Am The Shaman|rood|2178\n|player|p2|DikkeBende|biker-gen4|2206\n|gen|9\n|tier|[Gen 9] Random Battle\n|rated|\n|rule|Species Clause: Limit one of each Pok\u00e9mon\n|rule|HP Percentage Mod: HP is shown in percentages\n|rule|Sleep Clause Mod: Limit one foe put to sleep\n|rule|Illusion Level Mod: Illusion disguises the Pok\u00e9mon's true level\n|\n|t:|1781454377\n|teamsize|p1|6\n|teamsize|p2|6\n|start\n|switch|p1a: Rayquaza|Rayquaza, L72|270/270\n|switch|p2a: Wo-Chien|Wo-Chien, L83|277/277\n|-ability|p1a: Rayquaza|Air Lock\n|-ability|p2a: Wo-Chien|Tablets of Ruin\n|turn|1\n|inactive|Battle timer is ON: inactive players will automatically lose when time's up. (requested by DikkeBende)\n|inactive|I Am The Shaman also wants the timer to be on.\n|\n|t:|1781454400\n|switch|p2a: Wyrdeer|Wyrdeer, L87, M|321/321\n|-ability|p2a: Wyrdeer|Intimidate|boost\n|-unboost|p1a: Rayquaza|atk|1\n|move|p1a: Rayquaza|Dragon Dance|p1a: Rayquaza\n|-boost|p1a: Rayquaza|atk|1\n|-boost|p1a: Rayquaza|spe|1\n|\n|upkeep\n|turn|2\n|\n|t:|1781454420\n|switch|p1a: Banette|Banette, L93, F|270/270\n|move|p2a: Wyrdeer|Body Slam|p1a: Banette\n|-immune|p1a: Banette\n|\n|upkeep\n|turn|3\n|\n|t:|1781454430\n|move|p1a: Banette|Swords Dance|p1a: Banette\n|-boost|p1a: Banette|atk|2\n|move|p2a: Wyrdeer|Psychic Noise|p1a: Banette\n|-crit|p1a: Banette\n|-damage|p1a: Banette|102/270\n|-start|p1a: Banette|move: Heal Block\n|\n|upkeep\n|turn|4\n|\n|t:|1781454449\n|switch|p2a: Arbok|Arbok, L87, M|246/246\n|-ability|p2a: Arbok|Intimidate|boost\n|-unboost|p1a: Banette|atk|1\n|move|p1a: Banette|Gunk Shot|p2a: Arbok\n|-resisted|p2a: Arbok\n|-damage|p2a: Arbok|108/246\n|-damage|p1a: Banette|75/270|[from] item: Life Orb\n|\n|-heal|p2a: Arbok|123/246|[from] item: Leftovers\n|-end|p1a: Banette|move: Heal Block\n|upkeep\n|turn|5\n|\n|t:|1781454455\n|move|p2a: Arbok|Sucker Punch|p1a: Banette\n|-supereffective|p1a: Banette\n|-damage|p1a: Banette|0 fnt\n|faint|p1a: Banette\n|\n|-heal|p2a: Arbok|138/246|[from] item: Leftovers\n|upkeep\n|\n|t:|1781454478\n|switch|p1a: Palafin|Palafin, L77, F|281/281\n|turn|6\n|\n|t:|1781454491\n|detailschange|p1a: Palafin|Palafin-Hero, L77, F\n|switch|p1a: Swalot|Swalot, L90, F|326/326\n|move|p2a: Arbok|Gunk Shot|p1a: Swalot\n|-resisted|p1a: Swalot\n|-damage|p1a: Swalot|266/326\n|\n|-heal|p2a: Arbok|153/246|[from] item: Leftovers\n|-heal|p1a: Swalot|286/326|[from] item: Leftovers\n|upkeep\n|turn|7\n|\n|t:|1781454511\n|move|p2a: Arbok|Coil|p2a: Arbok\n|-boost|p2a: Arbok|atk|1\n|-boost|p2a: Arbok|def|1\n|-boost|p2a: Arbok|accuracy|1\n|move|p1a: Swalot|Earthquake|p2a: Arbok\n|-supereffective|p2a: Arbok\n|-damage|p2a: Arbok|49/246\n|\n|-heal|p2a: Arbok|64/246|[from] item: Leftovers\n|-heal|p1a: Swalot|306/326|[from] item: Leftovers\n|upkeep\n|turn|8\n|\n|t:|1781454517\n|move|p2a: Arbok|Earthquake|p1a: Swalot\n|-supereffective|p1a: Swalot\n|-damage|p1a: Swalot|94/326\n|move|p1a: Swalot|Earthquake|p2a: Arbok\n|-supereffective|p2a: Arbok\n|-damage|p2a: Arbok|0 fnt\n|faint|p2a: Arbok\n|\n|-heal|p1a: Swalot|114/326|[from] item: Leftovers\n|upkeep\n|\n|t:|1781454521\n|switch|p2a: Wyrdeer|Wyrdeer, L87, M|321/321\n|-ability|p2a: Wyrdeer|Intimidate|boost\n|-unboost|p1a: Swalot|atk|1\n|turn|9\n|inactive|I Am The Shaman has 120 seconds left.\n|\n|t:|1781454570\n|switch|p1a: Dachsbun|Dachsbun, L92, F|254/254\n|move|p2a: Wyrdeer|Psychic Noise|p1a: Dachsbun\n|-damage|p1a: Dachsbun|172/254\n|-start|p1a: Dachsbun|move: Heal Block\n|\n|upkeep\n|turn|10\n|\n|t:|1781454575\n|move|p1a: Dachsbun|Yawn|p2a: Wyrdeer\n|-start|p2a: Wyrdeer|move: Yawn|[of] p1a: Dachsbun\n|move|p2a: Wyrdeer|Body Slam|p1a: Dachsbun\n|-damage|p1a: Dachsbun|102/254\n|-status|p1a: Dachsbun|par\n|\n|-end|p1a: Dachsbun|move: Heal Block\n|upkeep\n|turn|11\n|inactive|I Am The Shaman has 120 seconds left.\n|\n|t:|1781454586\n|switch|p2a: Basculin|Basculin, L86, F|261/261\n|move|p1a: Dachsbun|Wish|p1a: Dachsbun\n|\n|-heal|p1a: Dachsbun|117/254 par|[from] item: Leftovers\n|upkeep\n|turn|12\n|inactive|I Am The Shaman has 120 seconds left.\n|\n|t:|1781454601\n|switch|p1a: Palafin|Palafin-Hero, L77, F|281/281\n|-activate|p1a: Palafin|ability: Zero to Hero\n|move|p2a: Basculin|Flip Turn|p1a: Palafin\n|-resisted|p1a: Palafin\n|-damage|p1a: Palafin|219/281\n|\n|t:|1781454609\n|switch|p2a: Wyrdeer|Wyrdeer, L87, M|321/321|[from] Flip Turn\n|-ability|p2a: Wyrdeer|Intimidate|boost\n|-unboost|p1a: Palafin|atk|1\n|\n|-heal|p1a: Palafin|281/281|[from] move: Wish|[wisher] Dachsbun\n|upkeep\n|turn|13\n|\n|t:|1781454614\n|move|p1a: Palafin|Bulk Up|p1a: Palafin\n|-boost|p1a: Palafin|atk|1\n|-boost|p1a: Palafin|def|1\n|move|p2a: Wyrdeer|Body Slam|p1a: Palafin\n|-damage|p1a: Palafin|215/281\n|\n|-heal|p1a: Palafin|232/281|[from] item: Leftovers\n|upkeep\n|turn|14\n|\n|t:|1781454625\n|move|p1a: Palafin|Bulk Up|p1a: Palafin\n|-boost|p1a: Palafin|atk|1\n|-boost|p1a: Palafin|def|1\n|move|p2a: Wyrdeer|Psychic Noise|p1a: Palafin\n|-damage|p1a: Palafin|141/281\n|-start|p1a: Palafin|move: Heal Block\n|\n|upkeep\n|turn|15\n|\n|t:|1781454632\n|move|p1a: Palafin|Bulk Up|p1a: Palafin\n|-boost|p1a: Palafin|atk|1\n|-boost|p1a: Palafin|def|1\n|move|p2a: Wyrdeer|Psychic Noise|p1a: Palafin\n|-damage|p1a: Palafin|48/281\n|\n|-end|p1a: Palafin|move: Heal Block\n|upkeep\n|turn|16\n|\n|t:|1781454641\n|move|p1a: Palafin|Drain Punch|p2a: Wyrdeer\n|-damage|p2a: Wyrdeer|170/321\n|-heal|p1a: Palafin|124/281|[from] drain|[of] p2a: Wyrdeer\n|move|p2a: Wyrdeer|Psychic Noise|p1a: Palafin\n|-damage|p1a: Palafin|18/281\n|-start|p1a: Palafin|move: Heal Block\n|\n|upkeep\n|turn|17\n|\n|t:|1781454653\n|move|p1a: Palafin|Jet Punch|p2a: Wyrdeer\n|-damage|p2a: Wyrdeer|0 fnt\n|faint|p2a: Wyrdeer\n|\n|-end|p1a: Palafin|move: Heal Block\n|upkeep\n|\n|t:|1781454658\n|switch|p2a: Basculin|Basculin, L86, F|261/261\n|turn|18\n|\n|t:|1781454670\n|move|p1a: Palafin|Jet Punch|p2a: Basculin\n|-resisted|p2a: Basculin\n|-damage|p2a: Basculin|167/261\n|move|p2a: Basculin|Flip Turn|p1a: Palafin\n|-resisted|p1a: Palafin\n|-damage|p1a: Palafin|0 fnt\n|faint|p1a: Palafin\n|\n|t:|1781454687\n|switch|p2a: Breloom|Breloom, L83, M|235/235|[from] Flip Turn\n|\n|upkeep\n|\n|t:|1781454704\n|switch|p1a: Swalot|Swalot, L90, F|114/326\n|turn|19\n|\n|t:|1781454709\n|move|p2a: Breloom|Spore|p1a: Swalot\n|-status|p1a: Swalot|slp|[from] move: Spore\n|cant|p1a: Swalot|slp\n|\n|-heal|p1a: Swalot|134/326 slp|[from] item: Leftovers\n|upkeep\n|turn|20\n|\n|t:|1781454714\n|move|p2a: Breloom|Rock Tomb|p1a: Swalot\n|-damage|p1a: Swalot|27/326 slp\n|-unboost|p1a: Swalot|spe|1\n|-damage|p2a: Breloom|212/235|[from] item: Life Orb\n|cant|p1a: Swalot|slp\n|\n|-heal|p1a: Swalot|47/326 slp|[from] item: Leftovers\n|upkeep\n|turn|21\n|\n|t:|1781454729\n|switch|p1a: Dachsbun|Dachsbun, L92, F|117/254 par\n|move|p2a: Breloom|Bullet Seed|p1a: Dachsbun\n|-damage|p1a: Dachsbun|73/254 par\n|-damage|p1a: Dachsbun|29/254 par\n|-hitcount|p1a: Dachsbun|2\n|-damage|p2a: Breloom|189/235|[from] item: Life Orb\n|\n|-heal|p1a: Dachsbun|44/254 par|[from] item: Leftovers\n|upkeep\n|turn|22\n|\n|t:|1781454739\n|move|p2a: Breloom|Bullet Seed|p1a: Dachsbun\n|-damage|p1a: Dachsbun|0 fnt\n|faint|p1a: Dachsbun\n|-hitcount|p1: Dachsbun|1\n|-damage|p2a: Breloom|166/235|[from] item: Life Orb\n|\n|upkeep\n|\n|t:|1781454748\n|switch|p1a: Braviary|Braviary-Hisui, L85, M|326/326\n|turn|23\n|\n|t:|1781454761\n|-terastallize|p2a: Breloom|Rock\n|move|p2a: Breloom|Rock Tomb|p1a: Braviary\n|-supereffective|p1a: Braviary\n|-damage|p1a: Braviary|0 fnt\n|faint|p1a: Braviary\n|-damage|p2a: Breloom|143/235|[from] item: Life Orb\n|\n|upkeep\n|\n|t:|1781454766\n|switch|p1a: Rayquaza|Rayquaza, L72|270/270\n|-ability|p1a: Rayquaza|Air Lock\n|turn|24\n|\n|t:|1781454773\n|move|p2a: Breloom|Mach Punch|p1a: Rayquaza\n|-resisted|p1a: Rayquaza\n|-damage|p1a: Rayquaza|206/270\n|-damage|p2a: Breloom|120/235|[from] item: Life Orb\n|move|p1a: Rayquaza|Earthquake|p2a: Breloom\n|-supereffective|p2a: Breloom\n|-damage|p2a: Breloom|0 fnt\n|faint|p2a: Breloom\n|\n|upkeep\n|\n|t:|1781454779\n|switch|p2a: Typhlosion|Typhlosion, L84, F|267/267\n|turn|25\n|\n|t:|1781454795\n|move|p2a: Typhlosion|Eruption|p1a: Rayquaza\n|-resisted|p1a: Rayquaza\n|-damage|p1a: Rayquaza|60/270\n|move|p1a: Rayquaza|Dragon Dance|p1a: Rayquaza\n|-boost|p1a: Rayquaza|atk|1\n|-boost|p1a: Rayquaza|spe|1\n|\n|upkeep\n|turn|26\n|\n|t:|1781454808\n|switch|p2a: Wo-Chien|Wo-Chien, L83|277/277\n|-ability|p2a: Wo-Chien|Tablets of Ruin\n|-terastallize|p1a: Rayquaza|Flying\n|move|p1a: Rayquaza|Dragon Ascent|p2a: Wo-Chien\n|-supereffective|p2a: Wo-Chien\n|-damage|p2a: Wo-Chien|0 fnt\n|-unboost|p1a: Rayquaza|def|1\n|-unboost|p1a: Rayquaza|spd|1\n|faint|p2a: Wo-Chien\n|\n|upkeep\n|\n|t:|1781454813\n|switch|p2a: Basculin|Basculin, L86, F|167/261\n|turn|27\n|\n|t:|1781454822\n|move|p2a: Basculin|Aqua Jet|p1a: Rayquaza\n|-damage|p1a: Rayquaza|0 fnt\n|faint|p1a: Rayquaza\n|\n|upkeep\n|-message|I Am The Shaman forfeited.\n|\n|win|DikkeBende\n", "inputlog": ">version a8376a258c1d4662feba110a92103f3664a72141\n>start {\"formatid\":\"gen9randombattle\",\"seed\":\"sodium,adbc46b59341148125e5e8bc8e479fc2\",\"rated\":\"Rated battle\"}\n>player p1 {\"name\":\"I Am The Shaman\",\"avatar\":\"rood\",\"rating\":2178,\"seed\":\"sodium,9149223a77043b171f56fcd9a29a1f93\"}\n>player p2 {\"name\":\"DikkeBende\",\"avatar\":\"biker-gen4\",\"rating\":2206,\"seed\":\"sodium,61a0067ddccac16a2de7628898eaf7ad\"}\n>p1 move dragondance\n>p2 switch 4\n>p1 switch 2\n>p2 move bodyslam\n>p1 move swordsdance\n>p2 move psychicnoise\n>p1 move gunkshot\n>p2 switch 2\n>p1 move shadowsneak\n>p2 move suckerpunch\n>p1 switch 6\n>p1 switch 4\n>p2 move gunkshot\n>p1 move earthquake\n>p2 move coil\n>p1 move earthquake\n>p2 move earthquake\n>p2 switch 2\n>p1 switch 3\n>p2 move psychicnoise\n>p1 move yawn\n>p2 move bodyslam\n>p1 move wish\n>p2 switch 3\n>p1 switch 4\n>p2 move flipturn\n>p2 switch 3\n>p1 move bulkup\n>p2 move bodyslam\n>p1 move bulkup\n>p2 move psychicnoise\n>p1 move bulkup\n>p2 move psychicnoise\n>p1 move drainpunch\n>p2 move psychicnoise\n>p1 move jetpunch\n>p2 move psychicnoise\n>p2 switch 3\n>p1 move jetpunch\n>p2 move flipturn\n>p2 switch 6\n>p1 switch 3\n>p1 move gunkshot\n>p2 move spore\n>p1 move gunkshot\n>p2 move rocktomb\n>p1 switch 4\n>p2 move bulletseed\n>p1 move playrough\n>p2 move bulletseed\n>p1 switch 5\n>p1 move agility\n>p2 move rocktomb terastallize\n>p1 switch 2\n>p1 move earthquake\n>p2 move machpunch\n>p2 switch 5\n>p1 move dragondance\n>p2 move eruption\n>p1 move dragonascent terastallize\n>p2 switch 4\n>p2 switch 6\n>p1 move dragonascent\n>p2 move aquajet\n>forcelose p1", "uploadtime": 1781454379, "views": 9, "formatid": "gen9randombattle", "rating": null, "private": 0, "password": null}