{"id": "gen9randombattle-2631911877", "format": "[Gen 9] Random Battle", "players": ["tomlette2", "AnonimoEnLadder"], "log": "|j|\u2606tomlette2\n|j|\u2606AnonimoEnLadder\n|t:|1781454826\n|gametype|singles\n|player|p1|tomlette2|169|1833\n|player|p2|AnonimoEnLadder|170|1777\n|gen|9\n|tier|[Gen 9] Random Battle\n|rated|\n|rule|Species Clause: Limit one of each Pok\u00e9mon\n|rule|HP Percentage Mod: HP is shown in percentages\n|rule|Sleep Clause Mod: Limit one foe put to sleep\n|rule|Illusion Level Mod: Illusion disguises the Pok\u00e9mon's true level\n|\n|t:|1781454826\n|teamsize|p1|6\n|teamsize|p2|6\n|start\n|switch|p1a: Tropius|Tropius, L91, M|328/328\n|switch|p2a: Tentacruel|Tentacruel, L84, F|272/272\n|turn|1\n|inactive|Battle timer is ON: inactive players will automatically lose when time's up. (requested by AnonimoEnLadder)\n|\n|t:|1781454837\n|switch|p1a: Overqwil|Overqwil, L82, F|274/274\n|-ability|p1a: Overqwil|Intimidate|boost\n|-unboost|p2a: Tentacruel|atk|1\n|move|p2a: Tentacruel|Sludge Bomb|p1a: Overqwil\n|-resisted|p1a: Overqwil\n|-damage|p1a: Overqwil|226/274\n|\n|upkeep\n|turn|2\n|\n|t:|1781454857\n|move|p2a: Tentacruel|Flip Turn|p1a: Overqwil\n|-damage|p1a: Overqwil|193/274\n|\n|t:|1781454861\n|switch|p2a: Furret|Furret, L94, F|312/312|[from] Flip Turn\n|-item|p1a: Overqwil|Choice Band|[from] ability: Frisk|[of] p2a: Furret\n|move|p1a: Overqwil|Crunch|p2a: Furret\n|-crit|p2a: Furret\n|-damage|p2a: Furret|78/312\n|\n|upkeep\n|turn|3\n|\n|t:|1781454869\n|switch|p1a: Luxray|Luxray, L88, F|284/284\n|-ability|p1a: Luxray|Intimidate|boost\n|-unboost|p2a: Furret|atk|1\n|move|p2a: Furret|Double-Edge|p1a: Luxray\n|-damage|p1a: Luxray|171/284\n|-damage|p2a: Furret|41/312|[from] Recoil\n|-damage|p2a: Furret|10/312|[from] item: Life Orb\n|\n|upkeep\n|turn|4\n|\n|t:|1781454889\n|move|p2a: Furret|Knock Off|p1a: Luxray\n|-damage|p1a: Luxray|111/284\n|-enditem|p1a: Luxray|Assault Vest|[from] move: Knock Off|[of] p2a: Furret\n|-damage|p2a: Furret|0 fnt|[from] item: Life Orb\n|faint|p2a: Furret\n|move|p1a: Luxray|Volt Switch|p2: Furret|[notarget]\n|-fail|p1a: Luxray\n|\n|upkeep\n|\n|t:|1781454899\n|switch|p2a: Stonjourner|Stonjourner, L91, F|330/330\n|turn|5\n|\n|t:|1781454904\n|move|p2a: Stonjourner|Stealth Rock|p1a: Luxray\n|-sidestart|p1: tomlette2|move: Stealth Rock\n|move|p1a: Luxray|Volt Switch|p2a: Stonjourner\n|-damage|p2a: Stonjourner|147/330\n|\n|t:|1781454913\n|switch|p1a: Overqwil|Overqwil, L82, F|193/274|[from] Volt Switch\n|-damage|p1a: Overqwil|159/274|[from] Stealth Rock\n|-ability|p1a: Overqwil|Intimidate|boost\n|-unboost|p2a: Stonjourner|atk|1\n|\n|upkeep\n|turn|6\n|\n|t:|1781454922\n|move|p1a: Overqwil|Liquidation|p2a: Stonjourner\n|-supereffective|p2a: Stonjourner\n|-damage|p2a: Stonjourner|9/330\n|-unboost|p2a: Stonjourner|def|1\n|move|p2a: Stonjourner|Earthquake|p1a: Overqwil\n|-supereffective|p1a: Overqwil\n|-crit|p1a: Overqwil\n|-damage|p1a: Overqwil|0 fnt\n|faint|p1a: Overqwil\n|-damage|p2a: Stonjourner|0 fnt|[from] item: Life Orb\n|faint|p2a: Stonjourner\n|\n|upkeep\n|\n|t:|1781454932\n|switch|p1a: Swalot|Swalot, L90, M|326/326\n|switch|p2a: Tentacruel|Tentacruel, L84, F|272/272\n|-damage|p1a: Swalot|286/326|[from] Stealth Rock\n|turn|7\n|\n|t:|1781454942\n|move|p2a: Tentacruel|Flip Turn|p1a: Swalot\n|-damage|p1a: Swalot|237/326\n|\n|t:|1781454946\n|switch|p2a: Crabominable|Crabominable, L90, M|321/321|[from] Flip Turn\n|move|p1a: Swalot|Earthquake|p2a: Crabominable\n|-damage|p2a: Crabominable|246/321\n|\n|-heal|p1a: Swalot|257/326|[from] item: Leftovers\n|upkeep\n|turn|8\n|\n|t:|1781454955\n|move|p1a: Swalot|Sludge Bomb|p2a: Crabominable\n|-damage|p2a: Crabominable|180/321\n|-status|p2a: Crabominable|psn\n|move|p2a: Crabominable|Knock Off|p1a: Swalot\n|-crit|p1a: Swalot\n|-damage|p1a: Swalot|101/326\n|-enditem|p1a: Swalot|Leftovers|[from] move: Knock Off|[of] p2a: Crabominable\n|\n|-damage|p2a: Crabominable|140/321 psn|[from] psn\n|upkeep\n|turn|9\n|\n|t:|1781454967\n|move|p1a: Swalot|Protect|p1a: Swalot\n|-singleturn|p1a: Swalot|Protect\n|move|p2a: Crabominable|Earthquake|p1a: Swalot\n|-activate|p1a: Swalot|move: Protect\n|\n|-damage|p2a: Crabominable|100/321 psn|[from] psn\n|upkeep\n|turn|10\n|\n|t:|1781454977\n|move|p1a: Swalot|Earthquake|p2a: Crabominable\n|-damage|p2a: Crabominable|33/321 psn\n|move|p2a: Crabominable|Ice Hammer|p1a: Swalot\n|-damage|p1a: Swalot|0 fnt\n|-unboost|p2a: Crabominable|spe|1\n|faint|p1a: Swalot\n|\n|-damage|p2a: Crabominable|0 fnt|[from] psn\n|faint|p2a: Crabominable\n|upkeep\n|\n|t:|1781454992\n|switch|p1a: Regigigas|Regigigas, L84|322/322\n|switch|p2a: Tentacruel|Tentacruel, L84, F|272/272\n|-damage|p1a: Regigigas|282/322|[from] Stealth Rock\n|-start|p1a: Regigigas|ability: Slow Start\n|turn|11\n|\n|t:|1781455005\n|move|p2a: Tentacruel|Flip Turn|p1a: Regigigas\n|-damage|p1a: Regigigas|237/322\n|\n|t:|1781455028\n|switch|p2a: Eelektross|Eelektross, L87, F|290/290|[from] Flip Turn\n|move|p1a: Regigigas|Body Slam|p2a: Eelektross\n|-damage|p2a: Eelektross|224/290\n|\n|-heal|p2a: Eelektross|242/290|[from] item: Leftovers\n|-heal|p1a: Regigigas|257/322|[from] item: Leftovers\n|upkeep\n|turn|12\n|\n|t:|1781455045\n|switch|p1a: Mew|Mew, L82|298/298\n|-damage|p1a: Mew|261/298|[from] Stealth Rock\n|move|p2a: Eelektross|Coil|p2a: Eelektross\n|-boost|p2a: Eelektross|atk|1\n|-boost|p2a: Eelektross|def|1\n|-boost|p2a: Eelektross|accuracy|1\n|\n|-heal|p2a: Eelektross|260/290|[from] item: Leftovers\n|upkeep\n|turn|13\n|\n|t:|1781455052\n|move|p1a: Mew|Nasty Plot|p1a: Mew\n|-boost|p1a: Mew|spa|2\n|move|p2a: Eelektross|Coil|p2a: Eelektross\n|-boost|p2a: Eelektross|atk|1\n|-boost|p2a: Eelektross|def|1\n|-boost|p2a: Eelektross|accuracy|1\n|\n|-heal|p2a: Eelektross|278/290|[from] item: Leftovers\n|upkeep\n|turn|14\n|\n|t:|1781455065\n|move|p1a: Mew|Psychic|p2a: Eelektross\n|-damage|p2a: Eelektross|36/290\n|-unboost|p2a: Eelektross|spd|1\n|-damage|p1a: Mew|232/298|[from] item: Life Orb\n|move|p2a: Eelektross|Knock Off|p1a: Mew\n|-supereffective|p1a: Mew\n|-damage|p1a: Mew|0 fnt\n|-enditem|p1a: Mew|Life Orb|[from] move: Knock Off|[of] p2a: Eelektross\n|faint|p1a: Mew\n|\n|-heal|p2a: Eelektross|54/290|[from] item: Leftovers\n|upkeep\n|\n|t:|1781455071\n|switch|p1a: Luxray|Luxray, L88, F|111/284\n|-damage|p1a: Luxray|76/284|[from] Stealth Rock\n|-ability|p1a: Luxray|Intimidate|boost\n|-unboost|p2a: Eelektross|atk|1\n|turn|15\n|\n|t:|1781455101\n|move|p1a: Luxray|Play Rough|p2a: Eelektross\n|-damage|p2a: Eelektross|14/290\n|-unboost|p2a: Eelektross|atk|1\n|move|p2a: Eelektross|Drain Punch|p1a: Luxray\n|-damage|p1a: Luxray|5/284\n|-heal|p2a: Eelektross|50/290|[from] drain|[of] p1a: Luxray\n|\n|-heal|p2a: Eelektross|68/290|[from] item: Leftovers\n|upkeep\n|turn|16\n|\n|t:|1781455128\n|move|p1a: Luxray|Volt Switch|p2a: Eelektross\n|-resisted|p2a: Eelektross\n|-damage|p2a: Eelektross|0 fnt\n|faint|p2a: Eelektross\n|\n|t:|1781455132\n|switch|p1a: Regigigas|Regigigas, L84|257/322|[from] Volt Switch\n|-damage|p1a: Regigigas|217/322|[from] Stealth Rock\n|-start|p1a: Regigigas|ability: Slow Start\n|\n|-heal|p1a: Regigigas|237/322|[from] item: Leftovers\n|upkeep\n|\n|t:|1781455146\n|switch|p2a: Dipplin|Dipplin, L88, M|284/284\n|turn|17\n|\n|t:|1781455155\n|move|p2a: Dipplin|Dragon Pulse|p1a: Regigigas\n|-damage|p1a: Regigigas|161/322\n|move|p1a: Regigigas|Body Slam|p2a: Dipplin\n|-damage|p2a: Dipplin|251/284\n|-status|p2a: Dipplin|par\n|\n|-heal|p1a: Regigigas|181/322|[from] item: Leftovers\n|upkeep\n|turn|18\n|\n|t:|1781455161\n|move|p1a: Regigigas|Body Slam|p2a: Dipplin\n|-damage|p2a: Dipplin|217/284 par\n|move|p2a: Dipplin|Dragon Tail|p1a: Regigigas\n|-damage|p1a: Regigigas|130/322\n|drag|p1a: Luxray|Luxray, L88, F|5/284\n|-damage|p1a: Luxray|0 fnt|[from] Stealth Rock\n|faint|p1a: Luxray\n|\n|upkeep\n|\n|t:|1781455168\n|switch|p1a: Regigigas|Regigigas, L84|130/322\n|-damage|p1a: Regigigas|90/322|[from] Stealth Rock\n|-start|p1a: Regigigas|ability: Slow Start\n|turn|19\n|\n|t:|1781455190\n|move|p1a: Regigigas|Rest|p1a: Regigigas\n|-status|p1a: Regigigas|slp|[from] move: Rest\n|-heal|p1a: Regigigas|322/322 slp|[silent]\n|move|p2a: Dipplin|Dragon Pulse|p1a: Regigigas\n|-damage|p1a: Regigigas|235/322 slp\n|\n|-heal|p1a: Regigigas|255/322 slp|[from] item: Leftovers\n|upkeep\n|turn|20\n|\n|t:|1781455196\n|cant|p1a: Regigigas|slp\n|move|p1a: Regigigas|Sleep Talk|p1a: Regigigas\n|move|p1a: Regigigas|Body Slam|p2a: Dipplin|[from] move: Sleep Talk\n|-damage|p2a: Dipplin|178/284 par\n|move|p2a: Dipplin|Dragon Pulse|p1a: Regigigas\n|-damage|p1a: Regigigas|165/322 slp\n|\n|-heal|p1a: Regigigas|185/322 slp|[from] item: Leftovers\n|upkeep\n|turn|21\n|\n|t:|1781455208\n|cant|p1a: Regigigas|slp\n|move|p1a: Regigigas|Sleep Talk|p1a: Regigigas\n|move|p1a: Regigigas|Rest||[from] move: Sleep Talk|[still]\n|-fail|p1a: Regigigas\n|cant|p2a: Dipplin|par\n|\n|-heal|p1a: Regigigas|205/322 slp|[from] item: Leftovers\n|upkeep\n|turn|22\n|\n|t:|1781455218\n|-curestatus|p1a: Regigigas|slp|[msg]\n|move|p1a: Regigigas|Body Slam|p2a: Dipplin\n|-damage|p2a: Dipplin|141/284 par\n|move|p2a: Dipplin|Dragon Tail|p1a: Regigigas\n|-damage|p1a: Regigigas|154/322\n|drag|p1a: Tropius|Tropius, L91, M|328/328\n|-damage|p1a: Tropius|246/328|[from] Stealth Rock\n|\n|upkeep\n|turn|23\n|\n|t:|1781455229\n|-terastallize|p2a: Dipplin|Steel\n|move|p1a: Tropius|Dragon Dance|p1a: Tropius\n|-boost|p1a: Tropius|atk|1\n|-boost|p1a: Tropius|spe|1\n|move|p2a: Dipplin|Dragon Tail|p1a: Tropius\n|-damage|p1a: Tropius|183/328\n|drag|p1a: Regigigas|Regigigas, L84|154/322\n|-damage|p1a: Regigigas|114/322|[from] Stealth Rock\n|-start|p1a: Regigigas|ability: Slow Start\n|\n|-heal|p1a: Regigigas|134/322|[from] item: Leftovers\n|upkeep\n|turn|24\n|\n|t:|1781455240\n|move|p1a: Regigigas|Body Slam|p2a: Dipplin\n|-resisted|p2a: Dipplin\n|-damage|p2a: Dipplin|123/284 par\n|cant|p2a: Dipplin|par\n|\n|-heal|p1a: Regigigas|154/322|[from] item: Leftovers\n|upkeep\n|turn|25\n|\n|t:|1781455246\n|move|p1a: Regigigas|Rest|p1a: Regigigas\n|-status|p1a: Regigigas|slp|[from] move: Rest\n|-heal|p1a: Regigigas|322/322 slp|[silent]\n|move|p2a: Dipplin|Recover|p2a: Dipplin\n|-heal|p2a: Dipplin|265/284 par\n|\n|upkeep\n|turn|26\n|\n|t:|1781455251\n|cant|p1a: Regigigas|slp\n|move|p1a: Regigigas|Sleep Talk|p1a: Regigigas\n|move|p1a: Regigigas|Knock Off|p2a: Dipplin|[from] move: Sleep Talk\n|-damage|p2a: Dipplin|238/284 par\n|-activate|p2a: Dipplin|ability: Sticky Hold\n|move|p2a: Dipplin|Dragon Tail|p1a: Regigigas\n|-damage|p1a: Regigigas|270/322 slp\n|drag|p1a: Tropius|Tropius, L91, M|183/328\n|-damage|p1a: Tropius|101/328|[from] Stealth Rock\n|-enditem|p1a: Tropius|Sitrus Berry|[eat]\n|-heal|p1a: Tropius|183/328|[from] item: Sitrus Berry\n|\n|-item|p1a: Tropius|Sitrus Berry|[from] ability: Harvest\n|upkeep\n|turn|27\n|\n|t:|1781455257\n|move|p1a: Tropius|Earthquake|p2a: Dipplin\n|-supereffective|p2a: Dipplin\n|-damage|p2a: Dipplin|170/284 par\n|move|p2a: Dipplin|Dragon Pulse|p1a: Tropius\n|-damage|p1a: Tropius|93/328\n|-enditem|p1a: Tropius|Sitrus Berry|[eat]\n|-heal|p1a: Tropius|175/328|[from] item: Sitrus Berry\n|\n|upkeep\n|turn|28\n|\n|t:|1781455267\n|move|p1a: Tropius|Dragon Dance|p1a: Tropius\n|-boost|p1a: Tropius|atk|1\n|-boost|p1a: Tropius|spe|1\n|move|p2a: Dipplin|Dragon Tail|p1a: Tropius\n|-damage|p1a: Tropius|115/328\n|drag|p1a: Regigigas|Regigigas, L84|270/322 slp\n|-damage|p1a: Regigigas|230/322 slp|[from] Stealth Rock\n|-start|p1a: Regigigas|ability: Slow Start\n|\n|-heal|p1a: Regigigas|250/322 slp|[from] item: Leftovers\n|upkeep\n|turn|29\n|\n|t:|1781455271\n|cant|p1a: Regigigas|slp\n|move|p2a: Dipplin|Giga Drain|p1a: Regigigas\n|-damage|p1a: Regigigas|174/322 slp\n|-heal|p2a: Dipplin|208/284 par|[from] drain|[of] p1a: Regigigas\n|\n|-heal|p1a: Regigigas|194/322 slp|[from] item: Leftovers\n|upkeep\n|turn|30\n|\n|t:|1781455291\n|-curestatus|p1a: Regigigas|slp|[msg]\n|move|p1a: Regigigas|Body Slam|p2a: Dipplin\n|-resisted|p2a: Dipplin\n|-damage|p2a: Dipplin|190/284 par\n|move|p2a: Dipplin|Dragon Pulse|p1a: Regigigas\n|-damage|p1a: Regigigas|115/322\n|\n|-heal|p1a: Regigigas|135/322|[from] item: Leftovers\n|upkeep\n|turn|31\n|\n|t:|1781455301\n|move|p1a: Regigigas|Rest|p1a: Regigigas\n|-status|p1a: Regigigas|slp|[from] move: Rest\n|-heal|p1a: Regigigas|322/322 slp|[silent]\n|move|p2a: Dipplin|Dragon Tail|p1a: Regigigas\n|-damage|p1a: Regigigas|271/322 slp\n|drag|p1a: Tropius|Tropius, L91, M|115/328\n|-damage|p1a: Tropius|33/328|[from] Stealth Rock\n|\n|-item|p1a: Tropius|Sitrus Berry|[from] ability: Harvest\n|upkeep\n|-enditem|p1a: Tropius|Sitrus Berry|[eat]\n|-heal|p1a: Tropius|115/328|[from] item: Sitrus Berry\n|turn|32\n|\n|t:|1781455314\n|move|p1a: Tropius|Earthquake|p2a: Dipplin\n|-supereffective|p2a: Dipplin\n|-damage|p2a: Dipplin|124/284 par\n|move|p2a: Dipplin|Dragon Tail|p1a: Tropius\n|-damage|p1a: Tropius|57/328\n|drag|p1a: Regigigas|Regigigas, L84|271/322 slp\n|-damage|p1a: Regigigas|231/322 slp|[from] Stealth Rock\n|-start|p1a: Regigigas|ability: Slow Start\n|\n|-heal|p1a: Regigigas|251/322 slp|[from] item: Leftovers\n|upkeep\n|turn|33\n|\n|t:|1781455321\n|cant|p1a: Regigigas|slp\n|move|p1a: Regigigas|Sleep Talk|p1a: Regigigas\n|move|p1a: Regigigas|Rest||[from] move: Sleep Talk|[still]\n|-fail|p1a: Regigigas\n|cant|p2a: Dipplin|par\n|\n|-heal|p1a: Regigigas|271/322 slp|[from] item: Leftovers\n|upkeep\n|turn|34\n|\n|t:|1781455329\n|cant|p1a: Regigigas|slp\n|move|p1a: Regigigas|Sleep Talk|p1a: Regigigas\n|move|p1a: Regigigas|Rest||[from] move: Sleep Talk|[still]\n|-fail|p1a: Regigigas\n|cant|p2a: Dipplin|par\n|\n|-heal|p1a: Regigigas|291/322 slp|[from] item: Leftovers\n|upkeep\n|turn|35\n|\n|t:|1781455334\n|-curestatus|p1a: Regigigas|slp|[msg]\n|move|p1a: Regigigas|Body Slam|p2a: Dipplin\n|-resisted|p2a: Dipplin\n|-crit|p2a: Dipplin\n|-damage|p2a: Dipplin|97/284 par\n|move|p2a: Dipplin|Giga Drain|p1a: Regigigas\n|-damage|p1a: Regigigas|221/322\n|-heal|p2a: Dipplin|132/284 par|[from] drain|[of] p1a: Regigigas\n|\n|-heal|p1a: Regigigas|241/322|[from] item: Leftovers\n|upkeep\n|turn|36\n|\n|t:|1781455341\n|move|p1a: Regigigas|Body Slam|p2a: Dipplin\n|-resisted|p2a: Dipplin\n|-damage|p2a: Dipplin|113/284 par\n|move|p2a: Dipplin|Recover|p2a: Dipplin\n|-heal|p2a: Dipplin|255/284 par\n|\n|-heal|p1a: Regigigas|261/322|[from] item: Leftovers\n|upkeep\n|turn|37\n|\n|t:|1781455347\n|move|p1a: Regigigas|Body Slam|p2a: Dipplin\n|-resisted|p2a: Dipplin\n|-damage|p2a: Dipplin|238/284 par\n|move|p2a: Dipplin|Dragon Tail|p1a: Regigigas\n|-damage|p1a: Regigigas|213/322\n|drag|p1a: Tropius|Tropius, L91, M|57/328\n|-damage|p1a: Tropius|0 fnt|[from] Stealth Rock\n|faint|p1a: Tropius\n|\n|upkeep\n|\n|t:|1781455358\n|switch|p1a: Regigigas|Regigigas, L84|213/322\n|-damage|p1a: Regigigas|173/322|[from] Stealth Rock\n|-start|p1a: Regigigas|ability: Slow Start\n|turn|38\n|\n|t:|1781455368\n|move|p1a: Regigigas|Body Slam|p2a: Dipplin\n|-resisted|p2a: Dipplin\n|-damage|p2a: Dipplin|221/284 par\n|move|p2a: Dipplin|Giga Drain|p1a: Regigigas\n|-damage|p1a: Regigigas|101/322\n|-heal|p2a: Dipplin|257/284 par|[from] drain|[of] p1a: Regigigas\n|\n|-heal|p1a: Regigigas|121/322|[from] item: Leftovers\n|upkeep\n|turn|39\n|\n|t:|1781455388\n|move|p1a: Regigigas|Body Slam|p2a: Dipplin\n|-resisted|p2a: Dipplin\n|-crit|p2a: Dipplin\n|-damage|p2a: Dipplin|230/284 par\n|move|p2a: Dipplin|Dragon Pulse|p1a: Regigigas\n|-damage|p1a: Regigigas|45/322\n|\n|-heal|p1a: Regigigas|65/322|[from] item: Leftovers\n|upkeep\n|turn|40\n|\n|t:|1781455392\n|move|p1a: Regigigas|Rest|p1a: Regigigas\n|-status|p1a: Regigigas|slp|[from] move: Rest\n|-heal|p1a: Regigigas|322/322 slp|[silent]\n|move|p2a: Dipplin|Dragon Pulse|p1a: Regigigas\n|-damage|p1a: Regigigas|232/322 slp\n|\n|-heal|p1a: Regigigas|252/322 slp|[from] item: Leftovers\n|upkeep\n|turn|41\n|\n|t:|1781455395\n|cant|p1a: Regigigas|slp\n|move|p2a: Dipplin|Dragon Pulse|p1a: Regigigas\n|-damage|p1a: Regigigas|174/322 slp\n|\n|-heal|p1a: Regigigas|194/322 slp|[from] item: Leftovers\n|upkeep\n|turn|42\n|\n|t:|1781455399\n|cant|p1a: Regigigas|slp\n|move|p2a: Dipplin|Giga Drain|p1a: Regigigas\n|-damage|p1a: Regigigas|122/322 slp\n|-heal|p2a: Dipplin|266/284 par|[from] drain|[of] p1a: Regigigas\n|\n|-heal|p1a: Regigigas|142/322 slp|[from] item: Leftovers\n|-end|p1a: Regigigas|Slow Start\n|upkeep\n|turn|43\n|\n|t:|1781455404\n|-curestatus|p1a: Regigigas|slp|[msg]\n|move|p1a: Regigigas|Knock Off|p2a: Dipplin\n|-damage|p2a: Dipplin|214/284 par\n|-activate|p2a: Dipplin|ability: Sticky Hold\n|move|p2a: Dipplin|Giga Drain|p1a: Regigigas\n|-crit|p1a: Regigigas\n|-damage|p1a: Regigigas|36/322\n|-heal|p2a: Dipplin|267/284 par|[from] drain|[of] p1a: Regigigas\n|\n|-heal|p1a: Regigigas|56/322|[from] item: Leftovers\n|upkeep\n|turn|44\n|\n|t:|1781455421\n|move|p1a: Regigigas|Rest|p1a: Regigigas\n|-status|p1a: Regigigas|slp|[from] move: Rest\n|-heal|p1a: Regigigas|322/322 slp|[silent]\n|cant|p2a: Dipplin|par\n|\n|upkeep\n|turn|45\n|\n|t:|1781455427\n|cant|p1a: Regigigas|slp\n|move|p2a: Dipplin|Dragon Tail|p1a: Regigigas\n|-damage|p1a: Regigigas|267/322 slp\n|\n|-heal|p1a: Regigigas|287/322 slp|[from] item: Leftovers\n|upkeep\n|turn|46\n|\n|t:|1781455435\n|cant|p1a: Regigigas|slp\n|move|p2a: Dipplin|Dragon Pulse|p1a: Regigigas\n|-damage|p1a: Regigigas|199/322 slp\n|\n|-heal|p1a: Regigigas|219/322 slp|[from] item: Leftovers\n|upkeep\n|turn|47\n|\n|t:|1781455439\n|-curestatus|p1a: Regigigas|slp|[msg]\n|move|p1a: Regigigas|Knock Off|p2a: Dipplin\n|-damage|p2a: Dipplin|209/284 par\n|-activate|p2a: Dipplin|ability: Sticky Hold\n|move|p2a: Dipplin|Dragon Pulse|p1a: Regigigas\n|-damage|p1a: Regigigas|143/322\n|\n|-heal|p1a: Regigigas|163/322|[from] item: Leftovers\n|upkeep\n|turn|48\n|inactive|AnonimoEnLadder has 120 seconds left.\n|\n|t:|1781455477\n|move|p1a: Regigigas|Knock Off|p2a: Dipplin\n|-damage|p2a: Dipplin|152/284 par\n|-activate|p2a: Dipplin|ability: Sticky Hold\n|move|p2a: Dipplin|Giga Drain|p1a: Regigigas\n|-damage|p1a: Regigigas|96/322\n|-heal|p2a: Dipplin|186/284 par|[from] drain|[of] p1a: Regigigas\n|\n|-heal|p1a: Regigigas|116/322|[from] item: Leftovers\n|upkeep\n|turn|49\n|\n|t:|1781455480\n|move|p1a: Regigigas|Knock Off|p2a: Dipplin\n|-damage|p2a: Dipplin|129/284 par\n|-activate|p2a: Dipplin|ability: Sticky Hold\n|cant|p2a: Dipplin|par\n|\n|-heal|p1a: Regigigas|136/322|[from] item: Leftovers\n|upkeep\n|turn|50\n|\n|t:|1781455485\n|move|p1a: Regigigas|Knock Off|p2a: Dipplin\n|-damage|p2a: Dipplin|78/284 par\n|-activate|p2a: Dipplin|ability: Sticky Hold\n|move|p2a: Dipplin|Recover|p2a: Dipplin\n|-heal|p2a: Dipplin|220/284 par\n|\n|-heal|p1a: Regigigas|156/322|[from] item: Leftovers\n|upkeep\n|turn|51\n|\n|t:|1781455490\n|move|p1a: Regigigas|Knock Off|p2a: Dipplin\n|-damage|p2a: Dipplin|167/284 par\n|-activate|p2a: Dipplin|ability: Sticky Hold\n|move|p2a: Dipplin|Dragon Pulse|p1a: Regigigas\n|-damage|p1a: Regigigas|74/322\n|\n|-heal|p1a: Regigigas|94/322|[from] item: Leftovers\n|upkeep\n|turn|52\n|\n|t:|1781455496\n|move|p1a: Regigigas|Knock Off|p2a: Dipplin\n|-damage|p2a: Dipplin|110/284 par\n|-activate|p2a: Dipplin|ability: Sticky Hold\n|move|p2a: Dipplin|Dragon Pulse|p1a: Regigigas\n|-damage|p1a: Regigigas|13/322\n|\n|-heal|p1a: Regigigas|33/322|[from] item: Leftovers\n|upkeep\n|turn|53\n|\n|t:|1781455504\n|move|p1a: Regigigas|Knock Off|p2a: Dipplin\n|-damage|p2a: Dipplin|55/284 par\n|-activate|p2a: Dipplin|ability: Sticky Hold\n|move|p2a: Dipplin|Recover|p2a: Dipplin\n|-heal|p2a: Dipplin|197/284 par\n|\n|-heal|p1a: Regigigas|53/322|[from] item: Leftovers\n|upkeep\n|turn|54\n|\n|t:|1781455509\n|move|p1a: Regigigas|Rest|p1a: Regigigas\n|-status|p1a: Regigigas|slp|[from] move: Rest\n|-heal|p1a: Regigigas|322/322 slp|[silent]\n|move|p2a: Dipplin|Dragon Pulse|p1a: Regigigas\n|-damage|p1a: Regigigas|238/322 slp\n|\n|-heal|p1a: Regigigas|258/322 slp|[from] item: Leftovers\n|upkeep\n|turn|55\n|\n|t:|1781455512\n|cant|p1a: Regigigas|slp\n|move|p2a: Dipplin|Dragon Tail|p1a: Regigigas\n|-damage|p1a: Regigigas|204/322 slp\n|\n|-heal|p1a: Regigigas|224/322 slp|[from] item: Leftovers\n|upkeep\n|turn|56\n|\n|t:|1781455521\n|cant|p1a: Regigigas|slp\n|move|p2a: Dipplin|Dragon Tail|p1a: Regigigas\n|-damage|p1a: Regigigas|170/322 slp\n|\n|-heal|p1a: Regigigas|190/322 slp|[from] item: Leftovers\n|upkeep\n|turn|57\n|\n|t:|1781455541\n|-curestatus|p1a: Regigigas|slp|[msg]\n|move|p1a: Regigigas|Knock Off|p2a: Dipplin\n|-damage|p2a: Dipplin|145/284 par\n|-activate|p2a: Dipplin|ability: Sticky Hold\n|cant|p2a: Dipplin|par\n|\n|-heal|p1a: Regigigas|210/322|[from] item: Leftovers\n|upkeep\n|turn|58\n|\n|t:|1781455545\n|move|p1a: Regigigas|Knock Off|p2a: Dipplin\n|-damage|p2a: Dipplin|89/284 par\n|-activate|p2a: Dipplin|ability: Sticky Hold\n|move|p2a: Dipplin|Recover|p2a: Dipplin\n|-heal|p2a: Dipplin|231/284 par\n|\n|-heal|p1a: Regigigas|230/322|[from] item: Leftovers\n|upkeep\n|turn|59\n|\n|t:|1781455548\n|move|p1a: Regigigas|Knock Off|p2a: Dipplin\n|-damage|p2a: Dipplin|176/284 par\n|-activate|p2a: Dipplin|ability: Sticky Hold\n|move|p2a: Dipplin|Dragon Pulse|p1a: Regigigas\n|-damage|p1a: Regigigas|154/322\n|\n|-heal|p1a: Regigigas|174/322|[from] item: Leftovers\n|upkeep\n|turn|60\n|\n|t:|1781455551\n|move|p1a: Regigigas|Knock Off|p2a: Dipplin\n|-damage|p2a: Dipplin|124/284 par\n|-activate|p2a: Dipplin|ability: Sticky Hold\n|move|p2a: Dipplin|Dragon Pulse|p1a: Regigigas\n|-damage|p1a: Regigigas|95/322\n|\n|-heal|p1a: Regigigas|115/322|[from] item: Leftovers\n|upkeep\n|turn|61\n|\n|t:|1781455556\n|move|p1a: Regigigas|Knock Off|p2a: Dipplin\n|-damage|p2a: Dipplin|70/284 par\n|-activate|p2a: Dipplin|ability: Sticky Hold\n|move|p2a: Dipplin|Giga Drain|p1a: Regigigas\n|-damage|p1a: Regigigas|46/322\n|-heal|p2a: Dipplin|105/284 par|[from] drain|[of] p1a: Regigigas\n|\n|-heal|p1a: Regigigas|66/322|[from] item: Leftovers\n|upkeep\n|turn|62\n|\n|t:|1781455561\n|move|p1a: Regigigas|Rest|p1a: Regigigas\n|-status|p1a: Regigigas|slp|[from] move: Rest\n|-heal|p1a: Regigigas|322/322 slp|[silent]\n|cant|p2a: Dipplin|par\n|\n|upkeep\n|turn|63\n|\n|t:|1781455566\n|cant|p1a: Regigigas|slp\n|cant|p2a: Dipplin|par\n|\n|upkeep\n|turn|64\n|\n|t:|1781455569\n|cant|p1a: Regigigas|slp\n|move|p2a: Dipplin|Recover|p2a: Dipplin\n|-heal|p2a: Dipplin|247/284 par\n|\n|upkeep\n|turn|65\n|\n|t:|1781455573\n|-curestatus|p1a: Regigigas|slp|[msg]\n|move|p1a: Regigigas|Knock Off|p2a: Dipplin\n|-damage|p2a: Dipplin|190/284 par\n|-activate|p2a: Dipplin|ability: Sticky Hold\n|move|p2a: Dipplin|Dragon Tail|p1a: Regigigas\n|-damage|p1a: Regigigas|268/322\n|\n|-heal|p1a: Regigigas|288/322|[from] item: Leftovers\n|upkeep\n|turn|66\n|\n|t:|1781455576\n|move|p1a: Regigigas|Knock Off|p2a: Dipplin\n|-damage|p2a: Dipplin|131/284 par\n|-activate|p2a: Dipplin|ability: Sticky Hold\n|move|p2a: Dipplin|Dragon Pulse|p1a: Regigigas\n|-damage|p1a: Regigigas|210/322\n|\n|-heal|p1a: Regigigas|230/322|[from] item: Leftovers\n|upkeep\n|turn|67\n|\n|t:|1781455579\n|move|p1a: Regigigas|Knock Off|p2a: Dipplin\n|-damage|p2a: Dipplin|73/284 par\n|-activate|p2a: Dipplin|ability: Sticky Hold\n|cant|p2a: Dipplin|par\n|\n|-heal|p1a: Regigigas|250/322|[from] item: Leftovers\n|upkeep\n|turn|68\n|\n|t:|1781455583\n|move|p1a: Regigigas|Knock Off|p2a: Dipplin\n|-damage|p2a: Dipplin|17/284 par\n|-activate|p2a: Dipplin|ability: Sticky Hold\n|move|p2a: Dipplin|Recover|p2a: Dipplin\n|-heal|p2a: Dipplin|159/284 par\n|\n|-heal|p1a: Regigigas|270/322|[from] item: Leftovers\n|upkeep\n|turn|69\n|\n|t:|1781455586\n|move|p1a: Regigigas|Knock Off|p2a: Dipplin\n|-damage|p2a: Dipplin|99/284 par\n|-activate|p2a: Dipplin|ability: Sticky Hold\n|move|p2a: Dipplin|Recover|p2a: Dipplin\n|-heal|p2a: Dipplin|241/284 par\n|\n|-heal|p1a: Regigigas|290/322|[from] item: Leftovers\n|upkeep\n|turn|70\n|\n|t:|1781455589\n|move|p1a: Regigigas|Knock Off|p2a: Dipplin\n|-damage|p2a: Dipplin|183/284 par\n|-activate|p2a: Dipplin|ability: Sticky Hold\n|cant|p2a: Dipplin|par\n|\n|-heal|p1a: Regigigas|310/322|[from] item: Leftovers\n|upkeep\n|turn|71\n|\n|t:|1781455592\n|move|p1a: Regigigas|Knock Off|p2a: Dipplin\n|-damage|p2a: Dipplin|125/284 par\n|-activate|p2a: Dipplin|ability: Sticky Hold\n|move|p2a: Dipplin|Giga Drain|p1a: Regigigas\n|-damage|p1a: Regigigas|243/322\n|-heal|p2a: Dipplin|159/284 par|[from] drain|[of] p1a: Regigigas\n|\n|-heal|p1a: Regigigas|263/322|[from] item: Leftovers\n|upkeep\n|turn|72\n|\n|t:|1781455595\n|move|p1a: Regigigas|Knock Off|p2a: Dipplin\n|-damage|p2a: Dipplin|99/284 par\n|-activate|p2a: Dipplin|ability: Sticky Hold\n|cant|p2a: Dipplin|par\n|\n|-heal|p1a: Regigigas|283/322|[from] item: Leftovers\n|upkeep\n|turn|73\n|\n|t:|1781455598\n|move|p1a: Regigigas|Knock Off|p2a: Dipplin\n|-damage|p2a: Dipplin|44/284 par\n|-activate|p2a: Dipplin|ability: Sticky Hold\n|cant|p2a: Dipplin|par\n|\n|-heal|p1a: Regigigas|303/322|[from] item: Leftovers\n|upkeep\n|turn|74\n|\n|t:|1781455603\n|move|p1a: Regigigas|Knock Off|p2a: Dipplin\n|-damage|p2a: Dipplin|0 fnt\n|-enditem|p2a: Dipplin|Eviolite|[from] move: Knock Off|[of] p1a: Regigigas\n|faint|p2a: Dipplin\n|\n|-heal|p1a: Regigigas|322/322|[from] item: Leftovers\n|upkeep\n|\n|t:|1781455607\n|switch|p2a: Tentacruel|Tentacruel, L84, F|272/272\n|turn|75\n|\n|t:|1781455610\n|move|p1a: Regigigas|Body Slam|p2a: Tentacruel\n|-damage|p2a: Tentacruel|95/272\n|-status|p2a: Tentacruel|par\n|cant|p2a: Tentacruel|par\n|\n|upkeep\n|turn|76\n|\n|t:|1781455613\n|move|p1a: Regigigas|Body Slam|p2a: Tentacruel\n|-damage|p2a: Tentacruel|0 fnt\n|faint|p2a: Tentacruel\n|\n|win|tomlette2\n|raw|tomlette2's rating: 1866 &rarr; <strong>1881</strong><br />(+15 for winning)\n|raw|AnonimoEnLadder's rating: 1774 &rarr; <strong>1759</strong><br />(-15 for losing)\n|c|\u2606AnonimoEnLadder|lol\n|l|\u2606AnonimoEnLadder\n|player|p2|\n", "inputlog": ">version a8376a258c1d4662feba110a92103f3664a72141\n>start {\"formatid\":\"gen9randombattle\",\"seed\":\"sodium,788f2c9aacbb97fee5d68b326367e0b2\",\"rated\":\"Rated battle\"}\n>player p1 {\"name\":\"tomlette2\",\"avatar\":\"169\",\"rating\":1833,\"seed\":\"sodium,9bc1aa473f6a66799411c5bad03f62ed\"}\n>player p2 {\"name\":\"AnonimoEnLadder\",\"avatar\":\"170\",\"rating\":1777,\"seed\":\"sodium,f5a026a7b0ba26bb299ee3dcb2ddb3ff\"}\n>p1 switch 4\n>p2 move sludgebomb\n>p1 move crunch\n>p2 move flipturn\n>p2 switch 4\n>p1 switch 5\n>p2 move doubleedge\n>p1 move voltswitch\n>p2 move knockoff\n>p2 switch 2\n>p1 move voltswitch\n>p2 move stealthrock\n>p1 switch 5\n>p1 move liquidation\n>p2 move earthquake\n>p1 switch 2\n>p2 switch 4\n>p1 move earthquake\n>p2 move flipturn\n>p2 switch 6\n>p1 move sludgebomb\n>p2 move knockoff\n>p1 move protect\n>p2 move earthquake\n>p1 move earthquake\n>p2 move icehammer\n>p1 switch 6\n>p2 switch 6\n>p1 move bodyslam\n>p2 move flipturn\n>p2 switch 3\n>p1 switch 3\n>p2 move coil\n>p1 move nastyplot\n>p2 move coil\n>p1 move psychic\n>p2 move knockoff\n>p1 switch 5\n>p1 move playrough\n>p2 move drainpunch\n>p1 move voltswitch\n>p2 move drainpunch\n>p1 switch 3\n>p2 switch 5\n>p1 move bodyslam\n>p2 move dragonpulse\n>p1 move bodyslam\n>p2 move dragontail\n>p1 switch 3\n>p1 move rest\n>p2 move dragonpulse\n>p1 move sleeptalk\n>p2 move dragonpulse\n>p1 move sleeptalk\n>p2 move dragontail\n>p1 move bodyslam\n>p2 move dragontail\n>p1 move dragondance\n>p2 move dragontail terastallize\n>p1 move bodyslam\n>p2 move dragonpulse\n>p1 move rest\n>p2 move recover\n>p1 move sleeptalk\n>p2 move dragontail\n>p1 move earthquake\n>p2 move dragonpulse\n>p1 move dragondance\n>p2 move dragontail\n>p1 move bodyslam\n>p2 move gigadrain\n>p1 move bodyslam\n>p2 move dragonpulse\n>p1 move rest\n>p2 move dragontail\n>p1 move earthquake\n>p2 move dragontail\n>p1 move sleeptalk\n>p2 move gigadrain\n>p1 move sleeptalk\n>p2 move gigadrain\n>p1 move bodyslam\n>p2 move gigadrain\n>p1 move bodyslam\n>p2 move recover\n>p1 move bodyslam\n>p2 move dragontail\n>p1 switch 4\n>p1 move bodyslam\n>p2 move gigadrain\n>p1 move bodyslam\n>p2 move dragonpulse\n>p1 move rest\n>p2 move dragonpulse\n>p1 move bodyslam\n>p2 move dragonpulse\n>p1 move bodyslam\n>p2 move gigadrain\n>p1 move knockoff\n>p2 move gigadrain\n>p1 move rest\n>p2 move gigadrain\n>p1 move bodyslam\n>p2 move dragontail\n>p1 move bodyslam\n>p2 move dragonpulse\n>p1 move knockoff\n>p2 move dragonpulse\n>p1 move knockoff\n>p2 move gigadrain\n>p1 move knockoff\n>p2 move dragonpulse\n>p1 move knockoff\n>p2 move recover\n>p1 move knockoff\n>p2 move dragonpulse\n>p1 move knockoff\n>p2 move dragonpulse\n>p1 move knockoff\n>p2 move recover\n>p1 move rest\n>p2 move dragonpulse\n>p1 move bodyslam\n>p2 move dragontail\n>p1 move bodyslam\n>p2 move dragontail\n>p1 move knockoff\n>p2 move dragonpulse\n>p1 move knockoff\n>p2 move recover\n>p1 move knockoff\n>p2 move dragonpulse\n>p1 move knockoff\n>p2 move dragonpulse\n>p1 move knockoff\n>p2 move gigadrain\n>p1 move rest\n>p2 move dragonpulse\n>p1 move bodyslam\n>p2 move recover\n>p1 move bodyslam\n>p2 move recover\n>p1 move knockoff\n>p2 move dragontail\n>p1 move knockoff\n>p2 move dragonpulse\n>p1 move knockoff\n>p2 move recover\n>p1 move knockoff\n>p2 move recover\n>p1 move knockoff\n>p2 move recover\n>p1 move knockoff\n>p2 move dragontail\n>p1 move knockoff\n>p2 move gigadrain\n>p1 move knockoff\n>p2 move gigadrain\n>p1 move knockoff\n>p2 move gigadrain\n>p1 move knockoff\n>p2 move gigadrain\n>p2 switch 3\n>p1 move bodyslam\n>p2 move sludgebomb\n>p1 move bodyslam\n>p2 move sludgebomb", "uploadtime": 1781455622, "views": 3, "formatid": "gen9randombattle", "rating": 1759, "private": 0, "password": null, "player_dets": [{"name": "tomlette2", "avatar": "169", "rating": 1833, "seed": "sodium,9bc1aa473f6a66799411c5bad03f62ed"}, {"name": "AnonimoEnLadder", "avatar": "170", "rating": 1777, "seed": "sodium,f5a026a7b0ba26bb299ee3dcb2ddb3ff"}], "teams_full": [{"Tropius": {"name": "Tropius", "species": "Tropius", "speciesId": "tropius", "gender": "M", "shiny": false, "level": 91, "moves": ["leafblade", "earthquake", "dragondance", "dualwingbeat"], "ability": "Harvest", "evs": {"hp": 85, "atk": 85, "def": 85, "spa": 85, "spd": 85, "spe": 85}, "ivs": {"hp": 31, "atk": 31, "def": 31, "spa": 31, "spd": 31, "spe": 31}, "item": "Sitrus Berry", "teraType": "Ground", "role": "Setup Sweeper", "bvs": {"hp": 99, "atk": 68, "def": 83, "spa": 72, "spd": 87, "spe": 51}, "stats": {"hp": 328, "atk": 176, "def": 203, "spa": 183, "spd": 210, "spe": 145}, "types": ["Grass", "Flying"]}, "Swalot": {"name": "Swalot", "species": "Swalot", "speciesId": "swalot", "gender": "M", "shiny": false, "level": 90, "moves": ["sludgebomb", "protect", "toxic", "earthquake"], "ability": "Liquid Ooze", "evs": {"hp": 85, "atk": 85, "def": 85, "spa": 85, "spd": 85, "spe": 85}, "ivs": {"hp": 31, "atk": 31, "def": 31, "spa": 31, "spd": 31, "spe": 31}, "item": "Leftovers", "teraType": "Ground", "role": "Bulky Support", "bvs": {"hp": 100, "atk": 73, "def": 83, "spa": 73, "spd": 83, "spe": 55}, "stats": {"hp": 326, "atk": 183, "def": 201, "spa": 183, "spd": 201, "spe": 150}, "types": ["Poison"]}, "Mew": {"name": "Mew", "species": "Mew", "speciesId": "mew", "gender": "N", "shiny": false, "level": 82, "moves": ["psychic", "nastyplot", "aurasphere", "earthpower"], "ability": "Synchronize", "evs": {"hp": 85, "atk": 0, "def": 85, "spa": 85, "spd": 85, "spe": 85}, "ivs": {"hp": 31, "atk": 0, "def": 31, "spa": 31, "spd": 31, "spe": 31}, "item": "Life Orb", "teraType": "Fighting", "role": "Fast Bulky Setup", "bvs": {"hp": 100, "atk": 100, "def": 100, "spa": 100, "spd": 100, "spe": 100}, "stats": {"hp": 298, "atk": 169, "def": 211, "spa": 211, "spd": 211, "spe": 211}, "types": ["Psychic"]}, "Overqwil": {"name": "Overqwil", "species": "Overqwil", "speciesId": "overqwil", "gender": "F", "shiny": false, "level": 82, "moves": ["gunkshot", "crunch", "liquidation", "aquajet"], "ability": "Intimidate", "evs": {"hp": 85, "atk": 85, "def": 85, "spa": 85, "spd": 85, "spe": 85}, "ivs": {"hp": 31, "atk": 31, "def": 31, "spa": 31, "spd": 31, "spe": 31}, "item": "Choice Band", "teraType": "Water", "role": "Fast Attacker", "bvs": {"hp": 85, "atk": 115, "def": 95, "spa": 65, "spd": 65, "spe": 85}, "stats": {"hp": 274, "atk": 236, "def": 203, "spa": 154, "spd": 154, "spe": 187}, "types": ["Dark", "Poison"]}, "Luxray": {"name": "Luxray", "species": "Luxray", "speciesId": "luxray", "gender": "F", "shiny": false, "level": 88, "moves": ["playrough", "voltswitch", "throatchop", "wildcharge"], "ability": "Intimidate", "evs": {"hp": 85, "atk": 85, "def": 85, "spa": 85, "spd": 85, "spe": 85}, "ivs": {"hp": 31, "atk": 31, "def": 31, "spa": 31, "spd": 31, "spe": 31}, "item": "Assault Vest", "teraType": "Fairy", "role": "AV Pivot", "bvs": {"hp": 80, "atk": 120, "def": 79, "spa": 95, "spd": 79, "spe": 70}, "stats": {"hp": 284, "atk": 261, "def": 189, "spa": 217, "spd": 189, "spe": 173}, "types": ["Electric"]}, "Regigigas": {"name": "Regigigas", "species": "Regigigas", "speciesId": "regigigas", "gender": "N", "shiny": false, "level": 84, "moves": ["bodyslam", "rest", "knockoff", "sleeptalk"], "ability": "Slow Start", "evs": {"hp": 85, "atk": 85, "def": 85, "spa": 85, "spd": 85, "spe": 85}, "ivs": {"hp": 31, "atk": 31, "def": 31, "spa": 31, "spd": 31, "spe": 31}, "item": "Leftovers", "teraType": "Ghost", "role": "Bulky Support", "bvs": {"hp": 110, "atk": 160, "def": 110, "spa": 80, "spd": 110, "spe": 100}, "stats": {"hp": 322, "atk": 317, "def": 233, "spa": 183, "spd": 233, "spe": 216}, "types": ["Normal"]}}, {"Tentacruel": {"name": "Tentacruel", "species": "Tentacruel", "speciesId": "tentacruel", "gender": "F", "shiny": false, "level": 84, "moves": ["flipturn", "sludgebomb", "surf", "rapidspin"], "ability": "Liquid Ooze", "evs": {"hp": 85, "atk": 85, "def": 85, "spa": 85, "spd": 85, "spe": 85}, "ivs": {"hp": 31, "atk": 31, "def": 31, "spa": 31, "spd": 31, "spe": 31}, "item": "Assault Vest", "teraType": "Flying", "role": "Bulky Support", "bvs": {"hp": 80, "atk": 70, "def": 65, "spa": 80, "spd": 120, "spe": 100}, "stats": {"hp": 272, "atk": 166, "def": 157, "spa": 183, "spd": 250, "spe": 216}, "types": ["Water", "Poison"]}, "Stonjourner": {"name": "Stonjourner", "species": "Stonjourner", "speciesId": "stonjourner", "gender": "F", "shiny": false, "level": 91, "moves": ["stoneedge", "stealthrock", "heatcrash", "earthquake"], "ability": "Power Spot", "evs": {"hp": 85, "atk": 85, "def": 85, "spa": 85, "spd": 85, "spe": 85}, "ivs": {"hp": 31, "atk": 31, "def": 31, "spa": 31, "spd": 31, "spe": 31}, "item": "Life Orb", "teraType": "Ground", "role": "Fast Attacker", "bvs": {"hp": 100, "atk": 125, "def": 135, "spa": 20, "spd": 20, "spe": 70}, "stats": {"hp": 330, "atk": 279, "def": 298, "spa": 88, "spd": 88, "spe": 179}, "types": ["Rock"]}, "Eelektross": {"name": "Eelektross", "species": "Eelektross", "speciesId": "eelektross", "gender": "F", "shiny": false, "level": 87, "moves": ["drainpunch", "coil", "knockoff", "supercellslam"], "ability": "Levitate", "evs": {"hp": 85, "atk": 85, "def": 85, "spa": 85, "spd": 85, "spe": 85}, "ivs": {"hp": 31, "atk": 31, "def": 31, "spa": 31, "spd": 31, "spe": 31}, "item": "Leftovers", "teraType": "Fighting", "role": "Bulky Setup", "bvs": {"hp": 85, "atk": 115, "def": 80, "spa": 105, "spd": 80, "spe": 50}, "stats": {"hp": 290, "atk": 250, "def": 189, "spa": 232, "spd": 189, "spe": 137}, "types": ["Electric"]}, "Furret": {"name": "Furret", "species": "Furret", "speciesId": "furret", "gender": "F", "shiny": false, "level": 94, "moves": ["tidyup", "doubleedge", "knockoff", "brickbreak"], "ability": "Frisk", "evs": {"hp": 85, "atk": 85, "def": 85, "spa": 85, "spd": 85, "spe": 85}, "ivs": {"hp": 31, "atk": 31, "def": 31, "spa": 31, "spd": 31, "spe": 31}, "item": "Life Orb", "teraType": "Normal", "role": "Setup Sweeper", "bvs": {"hp": 85, "atk": 76, "def": 64, "spa": 45, "spd": 55, "spe": 90}, "stats": {"hp": 312, "atk": 196, "def": 174, "spa": 138, "spd": 157, "spe": 223}, "types": ["Normal"]}, "Dipplin": {"name": "Dipplin", "species": "Dipplin", "speciesId": "dipplin", "gender": "M", "shiny": false, "level": 88, "moves": ["dragontail", "dragonpulse", "gigadrain", "recover"], "ability": "Sticky Hold", "evs": {"hp": 85, "atk": 85, "def": 85, "spa": 85, "spd": 85, "spe": 85}, "ivs": {"hp": 31, "atk": 31, "def": 31, "spa": 31, "spd": 31, "spe": 31}, "item": "Eviolite", "teraType": "Steel", "role": "Bulky Attacker", "bvs": {"hp": 80, "atk": 80, "def": 110, "spa": 95, "spd": 80, "spe": 40}, "stats": {"hp": 284, "atk": 191, "def": 244, "spa": 217, "spd": 191, "spe": 121}, "types": ["Grass", "Dragon"]}, "Crabominable": {"name": "Crabominable", "species": "Crabominable", "speciesId": "crabominable", "gender": "M", "shiny": false, "level": 90, "moves": ["icehammer", "knockoff", "earthquake", "drainpunch"], "ability": "Iron Fist", "evs": {"hp": 85, "atk": 85, "def": 85, "spa": 85, "spd": 85, "spe": 85}, "ivs": {"hp": 31, "atk": 31, "def": 31, "spa": 31, "spd": 31, "spe": 31}, "item": "Assault Vest", "teraType": "Ground", "role": "AV Pivot", "bvs": {"hp": 97, "atk": 132, "def": 77, "spa": 62, "spd": 67, "spe": 43}, "stats": {"hp": 321, "atk": 289, "def": 190, "spa": 163, "spd": 172, "spe": 129}, "types": ["Fighting", "Ice"]}}]}