{"id": "gen9randombattle-2631429875", "format": "[Gen 9] Random Battle", "players": ["Salazzle Dazzle 1", "Fortre"], "log": "|j|\u2606Salazzle Dazzle 1\n|j|\u2606Fortre\n|t:|1781383650\n|gametype|singles\n|player|p1|Salazzle Dazzle 1|lenora|1955\n|player|p2|Fortre|1|1971\n|gen|9\n|tier|[Gen 9] Random Battle\n|rated|\n|rule|Species Clause: Limit one of each Pok\u00e9mon\n|rule|HP Percentage Mod: HP is shown in percentages\n|rule|Sleep Clause Mod: Limit one foe put to sleep\n|rule|Illusion Level Mod: Illusion disguises the Pok\u00e9mon's true level\n|\n|t:|1781383650\n|teamsize|p1|6\n|teamsize|p2|6\n|start\n|switch|p1a: Maushold|Maushold-Four, L76|238/238\n|switch|p2a: Typhlosion|Typhlosion-Hisui, L83, M|257/257\n|turn|1\n|\n|t:|1781383663\n|move|p1a: Maushold|Bite|p2a: Typhlosion\n|-supereffective|p2a: Typhlosion\n|-damage|p2a: Typhlosion|167/257\n|move|p2a: Typhlosion|Fire Blast|p1a: Maushold\n|-damage|p1a: Maushold|63/238\n|-status|p1a: Maushold|brn\n|\n|-damage|p1a: Maushold|49/238 brn|[from] brn\n|upkeep\n|turn|2\n|\n|t:|1781383673\n|move|p1a: Maushold|Bite|p2a: Typhlosion\n|-supereffective|p2a: Typhlosion\n|-damage|p2a: Typhlosion|120/257\n|move|p2a: Typhlosion|Calm Mind|p2a: Typhlosion\n|-boost|p2a: Typhlosion|spa|1\n|-boost|p2a: Typhlosion|spd|1\n|\n|-damage|p1a: Maushold|35/238 brn|[from] brn\n|upkeep\n|turn|3\n|\n|t:|1781383676\n|move|p1a: Maushold|Bite|p2a: Typhlosion\n|-supereffective|p2a: Typhlosion\n|-damage|p2a: Typhlosion|74/257\n|move|p2a: Typhlosion|Fire Blast|p1a: Maushold\n|-damage|p1a: Maushold|0 fnt\n|faint|p1a: Maushold\n|\n|upkeep\n|\n|t:|1781383683\n|switch|p1a: Slaking|Slaking, L84, M|389/389\n|turn|4\n|\n|t:|1781383694\n|switch|p2a: Spiritomb|Spiritomb, L89, M|234/234\n|move|p1a: Slaking|Knock Off|p2a: Spiritomb\n|-damage|p2a: Spiritomb|103/234\n|-enditem|p2a: Spiritomb|Leftovers|[from] move: Knock Off|[of] p1a: Slaking\n|\n|upkeep\n|turn|5\n|\n|t:|1781383702\n|switch|p1a: Clefable|Clefable, L83, F|293/293\n|move|p2a: Spiritomb|Will-O-Wisp|p1a: Clefable\n|-status|p1a: Clefable|brn\n|\n|upkeep\n|turn|6\n|\n|t:|1781383735\n|move|p1a: Clefable|Moonblast|p2a: Spiritomb\n|-supereffective|p2a: Spiritomb\n|-damage|p2a: Spiritomb|0 fnt\n|faint|p2a: Spiritomb\n|\n|upkeep\n|\n|t:|1781383743\n|switch|p2a: Typhlosion|Typhlosion-Hisui, L83, M|74/257\n|turn|7\n|\n|t:|1781383748\n|move|p2a: Typhlosion|Fire Blast|p1a: Clefable\n|-damage|p1a: Clefable|79/293 brn\n|move|p1a: Clefable|Thunder Wave|p2a: Typhlosion\n|-status|p2a: Typhlosion|par\n|\n|upkeep\n|turn|8\n|\n|t:|1781383754\n|move|p1a: Clefable|Moonlight|p1a: Clefable\n|-heal|p1a: Clefable|225/293 brn\n|move|p2a: Typhlosion|Fire Blast|p1a: Clefable\n|-damage|p1a: Clefable|11/293 brn\n|\n|upkeep\n|turn|9\n|\n|t:|1781383759\n|move|p1a: Clefable|Moonblast|p2a: Typhlosion\n|-resisted|p2a: Typhlosion\n|-crit|p2a: Typhlosion\n|-damage|p2a: Typhlosion|0 fnt\n|faint|p2a: Typhlosion\n|\n|upkeep\n|\n|t:|1781383762\n|switch|p2a: Luxray|Luxray, L88, M|283/283\n|turn|10\n|\n|t:|1781383770\n|move|p2a: Luxray|Trailblaze|p1a: Clefable\n|-damage|p1a: Clefable|0 fnt\n|-boost|p2a: Luxray|spe|1\n|faint|p1a: Clefable\n|\n|-status|p2a: Luxray|brn|[from] item: Flame Orb\n|upkeep\n|\n|t:|1781383775\n|switch|p1a: Hippowdon|Hippowdon, L82, F|311/311\n|-weather|Sandstorm|[from] ability: Sand Stream|[of] p1a: Hippowdon\n|turn|11\n|\n|t:|1781383780\n|switch|p2a: Toucannon|Toucannon, L88, F|284/284\n|move|p1a: Hippowdon|Earthquake|p2a: Toucannon\n|-immune|p2a: Toucannon\n|\n|-weather|Sandstorm|[upkeep]\n|-damage|p2a: Toucannon|267/284|[from] Sandstorm\n|upkeep\n|turn|12\n|\n|t:|1781383789\n|switch|p1a: Bronzong|Bronzong, L88|261/261\n|move|p2a: Toucannon|Boomburst|p1a: Bronzong\n|-resisted|p1a: Bronzong\n|-damage|p1a: Bronzong|209/261\n|\n|-weather|Sandstorm|[upkeep]\n|-damage|p2a: Toucannon|250/284|[from] Sandstorm\n|-heal|p1a: Bronzong|225/261|[from] item: Leftovers\n|upkeep\n|turn|13\n|\n|t:|1781383806\n|switch|p2a: Wyrdeer|Wyrdeer, L87, M|321/321\n|-ability|p2a: Wyrdeer|Intimidate|boost\n|-unboost|p1a: Bronzong|atk|1\n|move|p1a: Bronzong|Psychic|p2a: Wyrdeer\n|-resisted|p2a: Wyrdeer\n|-damage|p2a: Wyrdeer|270/321\n|\n|-weather|Sandstorm|[upkeep]\n|-damage|p2a: Wyrdeer|250/321|[from] Sandstorm\n|-heal|p2a: Wyrdeer|270/321|[from] item: Leftovers\n|-heal|p1a: Bronzong|241/261|[from] item: Leftovers\n|upkeep\n|turn|14\n|\n|t:|1781383813\n|switch|p1a: Hippowdon|Hippowdon, L82, F|311/311\n|move|p2a: Wyrdeer|Thunder Wave|p1a: Hippowdon\n|-immune|p1a: Hippowdon\n|\n|-weather|Sandstorm|[upkeep]\n|-damage|p2a: Wyrdeer|250/321|[from] Sandstorm\n|-heal|p2a: Wyrdeer|270/321|[from] item: Leftovers\n|upkeep\n|turn|15\n|\n|t:|1781383819\n|move|p2a: Wyrdeer|Psychic Noise|p1a: Hippowdon\n|-damage|p1a: Hippowdon|202/311\n|-start|p1a: Hippowdon|move: Heal Block\n|move|p1a: Hippowdon|Stealth Rock|p2a: Wyrdeer\n|-sidestart|p2: Fortre|move: Stealth Rock\n|\n|-weather|none\n|-heal|p2a: Wyrdeer|290/321|[from] item: Leftovers\n|upkeep\n|turn|16\n|\n|t:|1781383829\n|move|p2a: Wyrdeer|Psychic Noise|p1a: Hippowdon\n|-damage|p1a: Hippowdon|88/311\n|move|p1a: Hippowdon|Earthquake|p2a: Wyrdeer\n|-damage|p2a: Wyrdeer|166/321\n|\n|-heal|p2a: Wyrdeer|186/321|[from] item: Leftovers\n|-end|p1a: Hippowdon|move: Heal Block\n|upkeep\n|turn|17\n|\n|t:|1781383837\n|switch|p1a: Bronzong|Bronzong, L88|241/261\n|move|p2a: Wyrdeer|Psychic Noise|p1a: Bronzong\n|-resisted|p1a: Bronzong\n|-damage|p1a: Bronzong|223/261\n|-start|p1a: Bronzong|move: Heal Block\n|\n|-heal|p2a: Wyrdeer|206/321|[from] item: Leftovers\n|upkeep\n|turn|18\n|\n|t:|1781383845\n|move|p2a: Wyrdeer|Body Slam|p1a: Bronzong\n|-resisted|p1a: Bronzong\n|-damage|p1a: Bronzong|182/261\n|-status|p1a: Bronzong|par\n|move|p1a: Bronzong|Iron Head|p2a: Wyrdeer\n|-damage|p2a: Wyrdeer|110/321\n|\n|-heal|p2a: Wyrdeer|130/321|[from] item: Leftovers\n|-end|p1a: Bronzong|move: Heal Block\n|upkeep\n|turn|19\n|\n|t:|1781383852\n|switch|p2a: Luxray|Luxray, L88, M|283/283 brn\n|-damage|p2a: Luxray|248/283 brn|[from] Stealth Rock\n|cant|p1a: Bronzong|par\n|\n|-heal|p1a: Bronzong|198/261 par|[from] item: Leftovers\n|-damage|p2a: Luxray|231/283 brn|[from] brn\n|upkeep\n|turn|20\n|\n|t:|1781383857\n|move|p2a: Luxray|Supercell Slam|p1a: Bronzong\n|-damage|p1a: Bronzong|39/261 par\n|move|p1a: Bronzong|Earthquake|p2a: Luxray\n|-supereffective|p2a: Luxray\n|-damage|p2a: Luxray|91/283 brn\n|\n|-heal|p1a: Bronzong|55/261 par|[from] item: Leftovers\n|-damage|p2a: Luxray|74/283 brn|[from] brn\n|upkeep\n|turn|21\n|\n|t:|1781383864\n|move|p2a: Luxray|Facade|p1a: Bronzong\n|-resisted|p1a: Bronzong\n|-crit|p1a: Bronzong\n|-damage|p1a: Bronzong|0 fnt\n|faint|p1a: Bronzong\n|\n|-damage|p2a: Luxray|57/283 brn|[from] brn\n|upkeep\n|\n|t:|1781383870\n|switch|p1a: Victreebel|Victreebel, L90, F|290/290\n|turn|22\n|\n|t:|1781383881\n|switch|p2a: Wyrdeer|Wyrdeer, L87, M|130/321\n|-damage|p2a: Wyrdeer|90/321|[from] Stealth Rock\n|-ability|p2a: Wyrdeer|Intimidate|boost\n|-unboost|p1a: Victreebel|atk|1\n|move|p1a: Victreebel|Sludge Wave|p2a: Wyrdeer\n|-damage|p2a: Wyrdeer|0 fnt\n|faint|p2a: Wyrdeer\n|-damage|p1a: Victreebel|261/290|[from] item: Life Orb\n|\n|upkeep\n|\n|t:|1781383887\n|switch|p2a: Toucannon|Toucannon, L88, F|250/284\n|turn|23\n|\n|t:|1781383891\n|switch|p1a: Hippowdon|Hippowdon, L82, F|88/311\n|-weather|Sandstorm|[from] ability: Sand Stream|[of] p1a: Hippowdon\n|-singleturn|p2a: Toucannon|move: Beak Blast\n|move|p2a: Toucannon|Beak Blast|p1a: Hippowdon\n|-damage|p1a: Hippowdon|0 fnt\n|faint|p1a: Hippowdon\n|\n|-weather|Sandstorm|[upkeep]\n|-damage|p2a: Toucannon|233/284|[from] Sandstorm\n|upkeep\n|\n|t:|1781383902\n|switch|p1a: Victreebel|Victreebel, L90, F|261/290\n|turn|24\n|\n|t:|1781383913\n|-singleturn|p2a: Toucannon|move: Beak Blast\n|move|p1a: Victreebel|Weather Ball|p2a: Toucannon\n|-supereffective|p2a: Toucannon\n|-damage|p2a: Toucannon|0 fnt\n|faint|p2a: Toucannon\n|-damage|p1a: Victreebel|232/290|[from] item: Life Orb\n|\n|-weather|Sandstorm|[upkeep]\n|-damage|p1a: Victreebel|214/290|[from] Sandstorm\n|upkeep\n|\n|t:|1781383921\n|switch|p2a: Zacian|Zacian, L69|241/241\n|-damage|p2a: Zacian|211/241|[from] Stealth Rock\n|-ability|p2a: Zacian|Intrepid Sword|boost\n|-boost|p2a: Zacian|atk|1\n|turn|25\n|\n|t:|1781383928\n|-terastallize|p2a: Zacian|Fighting\n|-terastallize|p1a: Victreebel|Fire\n|move|p2a: Zacian|Crunch|p1a: Victreebel\n|-crit|p1a: Victreebel\n|-damage|p1a: Victreebel|54/290\n|-unboost|p1a: Victreebel|def|1\n|-damage|p2a: Zacian|187/241|[from] item: Life Orb\n|move|p1a: Victreebel|Sunny Day|p1a: Victreebel\n|-weather|SunnyDay\n|\n|-weather|SunnyDay|[upkeep]\n|upkeep\n|turn|26\n|\n|t:|1781383941\n|switch|p2a: Luxray|Luxray, L88, M|57/283 brn\n|-damage|p2a: Luxray|22/283 brn|[from] Stealth Rock\n|move|p1a: Victreebel|Weather Ball|p2a: Luxray\n|-damage|p2a: Luxray|0 fnt\n|faint|p2a: Luxray\n|-damage|p1a: Victreebel|25/290|[from] item: Life Orb\n|\n|-weather|SunnyDay|[upkeep]\n|upkeep\n|\n|t:|1781383943\n|switch|p2a: Zacian|Zacian, L69, tera:Fighting|187/241\n|-damage|p2a: Zacian|172/241|[from] Stealth Rock\n|turn|27\n|\n|t:|1781383946\n|move|p1a: Victreebel|Weather Ball|p2a: Zacian\n|-damage|p2a: Zacian|0 fnt\n|faint|p2a: Zacian\n|-damage|p1a: Victreebel|0 fnt|[from] item: Life Orb\n|faint|p1a: Victreebel\n|\n|win|Salazzle Dazzle 1\n", "inputlog": ">version a8376a258c1d4662feba110a92103f3664a72141\n>start {\"formatid\":\"gen9randombattle\",\"seed\":\"sodium,a6ce9110413869c04dca96e38c1974ea\",\"rated\":\"Rated battle\"}\n>player p1 {\"name\":\"Salazzle Dazzle 1\",\"avatar\":\"lenora\",\"rating\":1955,\"seed\":\"sodium,30aa5f22ac99f8b76d215c132e964796\"}\n>player p2 {\"name\":\"Fortre\",\"avatar\":\"1\",\"rating\":1971,\"seed\":\"sodium,8b2785b66f295d03ce2ed32e52b18582\"}\n>p1 move bite\n>p2 move fireblast\n>p1 move bite\n>p2 move calmmind\n>p1 move bite\n>p2 move fireblast\n>p1 switch 3\n>p1 move knockoff\n>p2 switch 3\n>p1 switch 4\n>p2 move willowisp\n>p1 move moonblast\n>p2 move poltergeist\n>p2 switch 3\n>p1 move thunderwave\n>p2 move fireblast\n>p1 move moonlight\n>p2 move fireblast\n>p1 move moonblast\n>p2 move fireblast\n>p2 switch 6\n>p1 move moonblast\n>p2 move trailblaze\n>p1 switch 2\n>p1 move earthquake\n>p2 switch 5\n>p1 switch 6\n>p2 move boomburst\n>p1 move psychic\n>p2 switch 2\n>p1 switch 6\n>p2 move thunderwave\n>p1 move stealthrock\n>p2 move psychicnoise\n>p1 move earthquake\n>p2 move psychicnoise\n>p1 switch 6\n>p2 move psychicnoise\n>p1 move ironhead\n>p2 move bodyslam\n>p1 move ironhead\n>p2 switch 5\n>p1 move earthquake\n>p2 move supercellslam\n>p1 move psychic\n>p2 move facade\n>p1 switch 5\n>p1 move sludgewave\n>p2 switch 5\n>p2 switch 2\n>p1 switch 6\n>p2 move beakblast\n>p1 switch 6\n>p1 move weatherball\n>p2 move beakblast\n>p2 switch 4\n>p1 move sunnyday terastallize\n>p2 move crunch terastallize\n>p1 move weatherball\n>p2 switch 5\n>p2 switch 5\n>p1 move weatherball\n>p2 move swordsdance", "uploadtime": 1781383651, "views": 9, "formatid": "gen9randombattle", "rating": null, "private": 0, "password": null}