{"id": "gen9randombattle-2631887652", "format": "[Gen 9] Random Battle", "players": ["Ggs1237", "Crysys1"], "log": "|j|\u2606Ggs1237\n|j|\u2606Crysys1\n|t:|1781452219\n|gametype|singles\n|player|p1|Ggs1237|linebacker|2179\n|player|p2|Crysys1|265|2308\n|gen|9\n|tier|[Gen 9] Random Battle\n|rated|\n|rule|Species Clause: Limit one of each Pok\u00e9mon\n|rule|HP Percentage Mod: HP is shown in percentages\n|rule|Sleep Clause Mod: Limit one foe put to sleep\n|rule|Illusion Level Mod: Illusion disguises the Pok\u00e9mon's true level\n|\n|t:|1781452219\n|teamsize|p1|6\n|teamsize|p2|6\n|start\n|switch|p1a: Veluza|Veluza, L85, M|292/292\n|switch|p2a: Plusle|Plusle, L95, M|268/268\n|turn|1\n|inactive|Battle timer is ON: inactive players will automatically lose when time's up. (requested by Ggs1237)\n|\n|t:|1781452229\n|switch|p1a: Bellossom|Bellossom, L84, F|263/263\n|move|p2a: Plusle|Thunderbolt|p1a: Bellossom\n|-resisted|p1a: Bellossom\n|-damage|p1a: Bellossom|201/263\n|-damage|p2a: Plusle|242/268|[from] item: Life Orb\n|\n|-heal|p1a: Bellossom|217/263|[from] item: Leftovers\n|upkeep\n|turn|2\n|\n|t:|1781452236\n|switch|p2a: Cramorant|Cramorant, L86, F|261/261\n|move|p1a: Bellossom|Giga Drain|p2a: Cramorant\n|-damage|p2a: Cramorant|197/261\n|-heal|p1a: Bellossom|249/263|[from] drain|[of] p2a: Cramorant\n|\n|-heal|p1a: Bellossom|263/263|[from] item: Leftovers\n|upkeep\n|turn|3\n|\n|t:|1781452241\n|switch|p1a: Pincurchin|Pincurchin, F|258/258\n|-fieldstart|move: Electric Terrain|[from] ability: Electric Surge|[of] p1a: Pincurchin\n|move|p2a: Cramorant|Brave Bird|p1a: Pincurchin\n|-resisted|p1a: Pincurchin\n|-damage|p1a: Pincurchin|210/258\n|-damage|p2a: Cramorant|181/261|[from] Recoil\n|\n|-heal|p1a: Pincurchin|226/258|[from] item: Leftovers\n|upkeep\n|turn|4\n|\n|t:|1781452248\n|switch|p2a: Groudon|Groudon, L72|263/263\n|-weather|SunnyDay|[from] ability: Drought|[of] p2a: Groudon\n|move|p1a: Pincurchin|Liquidation|p2a: Groudon\n|-supereffective|p2a: Groudon\n|-damage|p2a: Groudon|199/263\n|\n|-weather|SunnyDay|[upkeep]\n|-heal|p2a: Groudon|215/263|[from] item: Leftovers\n|-heal|p1a: Pincurchin|242/258|[from] item: Leftovers\n|upkeep\n|turn|5\n|\n|t:|1781452256\n|switch|p1a: Sinistcha|Sinistcha, L83|254/254\n|move|p2a: Groudon|Heat Crash|p1a: Sinistcha\n|-supereffective|p1a: Sinistcha\n|-damage|p1a: Sinistcha|142/254\n|\n|-weather|SunnyDay|[upkeep]\n|-heal|p2a: Groudon|231/263|[from] item: Leftovers\n|-heal|p1a: Sinistcha|157/254|[from] item: Leftovers\n|upkeep\n|turn|6\n|\n|t:|1781452264\n|switch|p2a: Umbreon|Umbreon, L84, M|297/297\n|move|p1a: Sinistcha|Strength Sap|p2a: Umbreon\n|-unboost|p2a: Umbreon|atk|1\n|-heal|p1a: Sinistcha|254/254\n|\n|-weather|SunnyDay|[upkeep]\n|upkeep\n|turn|7\n|\n|t:|1781452275\n|-terastallize|p1a: Sinistcha|Steel\n|move|p1a: Sinistcha|Calm Mind|p1a: Sinistcha\n|-boost|p1a: Sinistcha|spa|1\n|-boost|p1a: Sinistcha|spd|1\n|move|p2a: Umbreon|Toxic|p1a: Sinistcha\n|-immune|p1a: Sinistcha\n|\n|-weather|SunnyDay|[upkeep]\n|-fieldend|move: Electric Terrain\n|upkeep\n|turn|8\n|\n|t:|1781452283\n|switch|p2a: Falinks|Falinks, L84|246/246\n|move|p1a: Sinistcha|Matcha Gotcha|p2a: Falinks\n|-damage|p2a: Falinks|33/246\n|\n|-weather|none\n|upkeep\n|turn|9\n|\n|t:|1781452291\n|switch|p1a: Pincurchin|Pincurchin, F|242/258\n|-fieldstart|move: Electric Terrain|[from] ability: Electric Surge|[of] p1a: Pincurchin\n|move|p2a: Falinks|No Retreat|p2a: Falinks\n|-boost|p2a: Falinks|atk|1\n|-boost|p2a: Falinks|def|1\n|-boost|p2a: Falinks|spa|1\n|-boost|p2a: Falinks|spd|1\n|-boost|p2a: Falinks|spe|1\n|-start|p2a: Falinks|move: No Retreat\n|\n|-heal|p1a: Pincurchin|258/258|[from] item: Leftovers\n|upkeep\n|turn|10\n|\n|t:|1781452298\n|move|p2a: Falinks|Close Combat|p1a: Pincurchin\n|-damage|p1a: Pincurchin|70/258\n|-unboost|p2a: Falinks|def|1\n|-unboost|p2a: Falinks|spd|1\n|-damage|p2a: Falinks|9/246|[from] item: Life Orb\n|move|p1a: Pincurchin|Zing Zap|p2a: Falinks\n|-damage|p2a: Falinks|0 fnt\n|faint|p2a: Falinks\n|\n|-heal|p1a: Pincurchin|86/258|[from] item: Leftovers\n|upkeep\n|\n|t:|1781452315\n|switch|p2a: Groudon|Groudon, L72|231/263\n|-weather|SunnyDay|[from] ability: Drought|[of] p2a: Groudon\n|turn|11\n|\n|t:|1781452321\n|move|p2a: Groudon|Precipice Blades|p1a: Pincurchin\n|-supereffective|p1a: Pincurchin\n|-damage|p1a: Pincurchin|0 fnt\n|faint|p1a: Pincurchin\n|\n|-weather|SunnyDay|[upkeep]\n|-heal|p2a: Groudon|247/263|[from] item: Leftovers\n|upkeep\n|\n|t:|1781452323\n|switch|p1a: Bellossom|Bellossom, L84, F|263/263\n|turn|12\n|\n|t:|1781452328\n|-terastallize|p2a: Groudon|Fire\n|move|p1a: Bellossom|Quiver Dance|p1a: Bellossom\n|-boost|p1a: Bellossom|spa|1\n|-boost|p1a: Bellossom|spd|1\n|-boost|p1a: Bellossom|spe|1\n|move|p2a: Groudon|Heat Crash|p1a: Bellossom\n|-supereffective|p1a: Bellossom\n|-damage|p1a: Bellossom|0 fnt\n|faint|p1a: Bellossom\n|\n|-weather|SunnyDay|[upkeep]\n|-heal|p2a: Groudon|263/263|[from] item: Leftovers\n|upkeep\n|\n|t:|1781452334\n|switch|p1a: Dunsparce|Dunsparce, L86, M|312/312\n|turn|13\n|\n|t:|1781452342\n|switch|p2a: Umbreon|Umbreon, L84, M|297/297\n|move|p1a: Dunsparce|Coil|p1a: Dunsparce\n|-boost|p1a: Dunsparce|atk|1\n|-boost|p1a: Dunsparce|def|1\n|-boost|p1a: Dunsparce|accuracy|1\n|\n|-weather|SunnyDay|[upkeep]\n|-fieldend|move: Electric Terrain\n|upkeep\n|turn|14\n|\n|t:|1781452352\n|switch|p2a: Victreebel|Victreebel, L90, M|290/290\n|switch|p1a: Sinistcha|Sinistcha, L83, tera:Steel|254/254\n|\n|-weather|SunnyDay|[upkeep]\n|upkeep\n|turn|15\n|\n|t:|1781452359\n|move|p2a: Victreebel|Weather Ball|p1a: Sinistcha\n|-supereffective|p1a: Sinistcha\n|-damage|p1a: Sinistcha|82/254\n|-damage|p2a: Victreebel|261/290|[from] item: Life Orb\n|move|p1a: Sinistcha|Calm Mind|p1a: Sinistcha\n|-boost|p1a: Sinistcha|spa|1\n|-boost|p1a: Sinistcha|spd|1\n|\n|-weather|none\n|-heal|p1a: Sinistcha|97/254|[from] item: Leftovers\n|upkeep\n|turn|16\n|\n|t:|1781452369\n|move|p2a: Victreebel|Sunny Day|p2a: Victreebel\n|-weather|SunnyDay\n|move|p1a: Sinistcha|Strength Sap|p2a: Victreebel\n|-unboost|p2a: Victreebel|atk|1\n|-heal|p1a: Sinistcha|254/254\n|\n|-weather|SunnyDay|[upkeep]\n|upkeep\n|turn|17\n|\n|t:|1781452374\n|move|p2a: Victreebel|Weather Ball|p1a: Sinistcha\n|-supereffective|p1a: Sinistcha\n|-damage|p1a: Sinistcha|132/254\n|-damage|p2a: Victreebel|232/290|[from] item: Life Orb\n|move|p1a: Sinistcha|Shadow Ball|p2a: Victreebel\n|-damage|p2a: Victreebel|58/290\n|\n|-weather|SunnyDay|[upkeep]\n|-heal|p1a: Sinistcha|147/254|[from] item: Leftovers\n|upkeep\n|turn|18\n|\n|t:|1781452382\n|move|p2a: Victreebel|Weather Ball|p1a: Sinistcha\n|-supereffective|p1a: Sinistcha\n|-damage|p1a: Sinistcha|27/254\n|-damage|p2a: Victreebel|29/290|[from] item: Life Orb\n|move|p1a: Sinistcha|Strength Sap|p2a: Victreebel\n|-unboost|p2a: Victreebel|atk|1\n|-heal|p1a: Sinistcha|187/254\n|\n|-weather|SunnyDay|[upkeep]\n|-heal|p1a: Sinistcha|202/254|[from] item: Leftovers\n|upkeep\n|turn|19\n|\n|t:|1781452385\n|move|p2a: Victreebel|Weather Ball|p1a: Sinistcha\n|-supereffective|p1a: Sinistcha\n|-damage|p1a: Sinistcha|82/254\n|-damage|p2a: Victreebel|0 fnt|[from] item: Life Orb\n|faint|p2a: Victreebel\n|move|p1a: Sinistcha|Strength Sap|p2: Victreebel|[notarget]\n|-fail|p1a: Sinistcha\n|\n|-weather|SunnyDay|[upkeep]\n|-heal|p1a: Sinistcha|97/254|[from] item: Leftovers\n|upkeep\n|\n|t:|1781452389\n|switch|p2a: Groudon|Groudon, L72, tera:Fire|263/263\n|turn|20\n|\n|t:|1781452394\n|switch|p1a: Palkia|Palkia-Origin, L72|249/249\n|-ability|p1a: Palkia|Pressure\n|move|p2a: Groudon|Heat Crash|p1a: Palkia\n|-resisted|p1a: Palkia\n|-damage|p1a: Palkia|233/249\n|\n|-weather|none\n|upkeep\n|turn|21\n|\n|t:|1781452401\n|switch|p2a: Cramorant|Cramorant, L86, F|181/261\n|move|p1a: Palkia|Hydro Pump|p2a: Cramorant\n|-resisted|p2a: Cramorant\n|-damage|p2a: Cramorant|115/261\n|\n|upkeep\n|turn|22\n|\n|t:|1781452407\n|move|p1a: Palkia|Draco Meteor|p2a: Cramorant|[miss]\n|-miss|p1a: Palkia|p2a: Cramorant\n|move|p2a: Cramorant|Roost|p2a: Cramorant\n|-heal|p2a: Cramorant|246/261\n|-singleturn|p2a: Cramorant|move: Roost\n|\n|upkeep\n|turn|23\n|\n|t:|1781452417\n|switch|p1a: Veluza|Veluza, L85, M|292/292\n|move|p2a: Cramorant|Surf|p1a: Veluza\n|-formechange|p2a: Cramorant|Cramorant-Gulping|\n|-resisted|p1a: Veluza\n|-damage|p1a: Veluza|241/292\n|\n|upkeep\n|turn|24\n|\n|t:|1781452420\n|move|p2a: Cramorant|Brave Bird|p1a: Veluza\n|-damage|p1a: Veluza|108/292\n|-enditem|p1a: Veluza|Sitrus Berry|[eat]\n|-heal|p1a: Veluza|181/292|[from] item: Sitrus Berry\n|-damage|p2a: Cramorant|202/261|[from] Recoil\n|move|p1a: Veluza|Fillet Away|p1a: Veluza\n|-boost|p1a: Veluza|atk|2\n|-boost|p1a: Veluza|spa|2\n|-boost|p1a: Veluza|spe|2\n|-damage|p1a: Veluza|35/292\n|\n|upkeep\n|turn|25\n|\n|t:|1781452426\n|move|p1a: Veluza|Psycho Cut|p2a: Cramorant\n|-damage|p2a: Cramorant|0 fnt\n|-damage|p1a: Veluza|0 fnt|[from] ability: Gulp Missile|[of] p2a: Cramorant\n|-formechange|p2a: Cramorant|Cramorant|\n|faint|p2a: Cramorant\n|faint|p1a: Veluza\n|\n|upkeep\n|\n|t:|1781452441\n|switch|p2a: Plusle|Plusle, L95, M|242/268\n|switch|p1a: Dunsparce|Dunsparce, L86, M|312/312\n|turn|26\n|\n|t:|1781452445\n|switch|p2a: Umbreon|Umbreon, L84, M|297/297\n|move|p1a: Dunsparce|Earthquake|p2a: Umbreon\n|-damage|p2a: Umbreon|252/297\n|\n|-heal|p2a: Umbreon|270/297|[from] item: Leftovers\n|upkeep\n|turn|27\n|\n|t:|1781452449\n|switch|p1a: Sinistcha|Sinistcha, L83, tera:Steel|97/254\n|move|p2a: Umbreon|Wish|p2a: Umbreon\n|\n|-heal|p1a: Sinistcha|112/254|[from] item: Leftovers\n|-heal|p2a: Umbreon|288/297|[from] item: Leftovers\n|upkeep\n|turn|28\n|\n|t:|1781452457\n|switch|p2a: Groudon|Groudon, L72, tera:Fire|263/263\n|-weather|SunnyDay|[from] ability: Drought|[of] p2a: Groudon\n|move|p1a: Sinistcha|Strength Sap|p2a: Groudon\n|-unboost|p2a: Groudon|atk|1\n|-heal|p1a: Sinistcha|254/254\n|\n|-weather|SunnyDay|[upkeep]\n|upkeep\n|turn|29\n|\n|t:|1781452463\n|move|p2a: Groudon|Thunder Wave|p1a: Sinistcha\n|-status|p1a: Sinistcha|par\n|move|p1a: Sinistcha|Strength Sap|p2a: Groudon\n|-unboost|p2a: Groudon|atk|1\n|\n|-weather|SunnyDay|[upkeep]\n|upkeep\n|turn|30\n|\n|t:|1781452467\n|switch|p2a: Plusle|Plusle, L95, M|242/268\n|move|p1a: Sinistcha|Calm Mind|p1a: Sinistcha\n|-boost|p1a: Sinistcha|spa|1\n|-boost|p1a: Sinistcha|spd|1\n|\n|-weather|SunnyDay|[upkeep]\n|upkeep\n|turn|31\n|\n|t:|1781452472\n|switch|p2a: Groudon|Groudon, L72, tera:Fire|263/263\n|switch|p1a: Dunsparce|Dunsparce, L86, M|312/312\n|\n|-weather|SunnyDay|[upkeep]\n|upkeep\n|turn|32\n|\n|t:|1781452480\n|switch|p2a: Umbreon|Umbreon, L84, M|288/297\n|switch|p1a: Sinistcha|Sinistcha, L83, tera:Steel|254/254 par\n|\n|-weather|none\n|-heal|p2a: Umbreon|297/297|[from] item: Leftovers\n|upkeep\n|turn|33\n|\n|t:|1781452488\n|move|p2a: Umbreon|Wish|p2a: Umbreon\n|move|p1a: Sinistcha|Strength Sap|p2a: Umbreon\n|-unboost|p2a: Umbreon|atk|1\n|\n|upkeep\n|turn|34\n|\n|t:|1781452492\n|switch|p2a: Plusle|Plusle, L95, M|242/268\n|cant|p1a: Sinistcha|par\n|\n|-heal|p2a: Plusle|268/268|[from] move: Wish|[wisher] Umbreon\n|upkeep\n|turn|35\n|\n|t:|1781452495\n|move|p2a: Plusle|Nasty Plot|p2a: Plusle\n|-boost|p2a: Plusle|spa|2\n|move|p1a: Sinistcha|Calm Mind|p1a: Sinistcha\n|-boost|p1a: Sinistcha|spa|1\n|-boost|p1a: Sinistcha|spd|1\n|\n|upkeep\n|turn|36\n|\n|t:|1781452498\n|move|p2a: Plusle|Nasty Plot|p2a: Plusle\n|-boost|p2a: Plusle|spa|2\n|move|p1a: Sinistcha|Matcha Gotcha|p2a: Plusle|[miss]\n|-miss|p1a: Sinistcha|p2a: Plusle\n|\n|upkeep\n|turn|37\n|-message|Ggs1237 forfeited.\n|\n|win|Crysys1\n", "inputlog": ">version a8376a258c1d4662feba110a92103f3664a72141\n>start {\"formatid\":\"gen9randombattle\",\"seed\":\"sodium,a70e8311bb747fc19ac49b82154e8fc8\",\"rated\":\"Rated battle\"}\n>player p1 {\"name\":\"Ggs1237\",\"avatar\":\"linebacker\",\"rating\":2179,\"seed\":\"sodium,517cbfd3ca06f160ad9e192032b4585e\"}\n>player p2 {\"name\":\"Crysys1\",\"avatar\":\"265\",\"rating\":2308,\"seed\":\"sodium,1713cf0803e607bc9eee943a542b5c06\"}\n>p1 switch 2\n>p2 move thunderbolt\n>p1 move gigadrain\n>p2 switch 4\n>p1 switch 5\n>p2 move bravebird\n>p1 move liquidation\n>p2 switch 2\n>p1 switch 6\n>p2 move heatcrash\n>p1 move strengthsap\n>p2 switch 5\n>p1 move calmmind terastallize\n>p2 move toxic\n>p1 move matchagotcha\n>p2 switch 3\n>p1 switch 6\n>p2 move noretreat\n>p1 move zingzap\n>p2 move closecombat\n>p2 switch 5\n>p1 move recover\n>p2 move precipiceblades\n>p1 switch 5\n>p1 move quiverdance\n>p2 move heatcrash terastallize\n>p1 switch 4\n>p1 move coil\n>p2 switch 3\n>p1 switch 6\n>p2 switch 6\n>p1 move calmmind\n>p2 move weatherball\n>p1 move strengthsap\n>p2 move sunnyday\n>p1 move shadowball\n>p2 move weatherball\n>p1 move strengthsap\n>p2 move weatherball\n>p1 move strengthsap\n>p2 move weatherball\n>p2 switch 3\n>p1 switch 3\n>p2 move heatcrash\n>p1 move hydropump\n>p2 switch 2\n>p1 move dracometeor\n>p2 move roost\n>p1 switch 2\n>p2 move surf\n>p1 move filletaway\n>p2 move bravebird\n>p1 move psychocut\n>p2 move roost\n>p1 switch 6\n>p2 switch 4\n>p1 move earthquake\n>p2 switch 6\n>p1 switch 3\n>p2 move wish\n>p1 move strengthsap\n>p2 switch 2\n>p1 move strengthsap\n>p2 move thunderwave\n>p1 move calmmind\n>p2 switch 6\n>p1 switch 3\n>p2 switch 6\n>p1 switch 3\n>p2 switch 2\n>p1 move strengthsap\n>p2 move wish\n>p1 move strengthsap\n>p2 switch 6\n>p1 move calmmind\n>p2 move nastyplot\n>p1 move matchagotcha\n>p2 move nastyplot\n>forcelose p1", "uploadtime": 1781452221, "views": 8, "formatid": "gen9randombattle", "rating": null, "private": 0, "password": null}