{"id": "gen9randombattle-2631567263", "format": "[Gen 9] Random Battle", "players": ["mastasefkillah", "Elite 4 Waally"], "log": "|j|\u2606mastasefkillah\n|j|\u2606Elite 4 Waally\n|t:|1781402344\n|gametype|singles\n|player|p1|mastasefkillah|alder|1901\n|player|p2|Elite 4 Waally|wally|1928\n|gen|9\n|tier|[Gen 9] Random Battle\n|rated|\n|rule|Species Clause: Limit one of each Pok\u00e9mon\n|rule|HP Percentage Mod: HP is shown in percentages\n|rule|Sleep Clause Mod: Limit one foe put to sleep\n|rule|Illusion Level Mod: Illusion disguises the Pok\u00e9mon's true level\n|\n|t:|1781402344\n|teamsize|p1|6\n|teamsize|p2|6\n|start\n|switch|p1a: Yanmega|Yanmega, L82, M|275/275\n|switch|p2a: Milotic|Milotic, L83, F|293/293\n|turn|1\n|inactive|Battle timer is ON: inactive players will automatically lose when time's up. (requested by mastasefkillah)\n|inactive|Elite 4 Waally has 120 seconds left.\n|\n|t:|1781402378\n|switch|p1a: Wo-Chien|Wo-Chien, L83|277/277\n|-ability|p1a: Wo-Chien|Tablets of Ruin\n|move|p2a: Milotic|Scald|p1a: Wo-Chien\n|-resisted|p1a: Wo-Chien\n|-damage|p1a: Wo-Chien|244/277\n|\n|-heal|p1a: Wo-Chien|261/277|[from] item: Leftovers\n|upkeep\n|turn|2\n|\n|t:|1781402390\n|switch|p2a: Arceus|Arceus-Grass, L73|296/296\n|move|p1a: Wo-Chien|Knock Off|p2a: Arceus\n|-damage|p2a: Arceus|242/296\n|\n|-heal|p1a: Wo-Chien|277/277|[from] item: Leftovers\n|upkeep\n|turn|3\n|\n|t:|1781402403\n|switch|p1a: Salazzle|Salazzle, L83, F|249/249\n|move|p2a: Arceus|Calm Mind|p2a: Arceus\n|-boost|p2a: Arceus|spa|1\n|-boost|p2a: Arceus|spd|1\n|\n|upkeep\n|turn|4\n|\n|t:|1781402409\n|switch|p2a: Pelipper|Pelipper, L86, M|243/243\n|-weather|RainDance|[from] ability: Drizzle|[of] p2a: Pelipper\n|move|p1a: Salazzle|Substitute|p1a: Salazzle\n|-start|p1a: Salazzle|Substitute\n|-damage|p1a: Salazzle|187/249\n|\n|-weather|RainDance|[upkeep]\n|-heal|p1a: Salazzle|202/249|[from] item: Leftovers\n|upkeep\n|turn|5\n|\n|t:|1781402419\n|move|p1a: Salazzle|Toxic|p2a: Pelipper\n|-status|p2a: Pelipper|tox\n|move|p2a: Pelipper|Weather Ball|p1a: Salazzle\n|-supereffective|p1a: Salazzle\n|-end|p1a: Salazzle|Substitute\n|\n|-weather|RainDance|[upkeep]\n|-heal|p1a: Salazzle|217/249|[from] item: Leftovers\n|-damage|p2a: Pelipper|228/243 tox|[from] psn\n|upkeep\n|turn|6\n|inactive|Elite 4 Waally has 120 seconds left.\n|\n|t:|1781402449\n|switch|p2a: Koraidon|Koraidon, L64|235/235\n|-weather|SunnyDay|[from] ability: Orichalcum Pulse|[of] p2a: Koraidon\n|-activate|p2a: Koraidon|Orichalcum Pulse|[source]\n|move|p1a: Salazzle|Substitute|p1a: Salazzle\n|-start|p1a: Salazzle|Substitute\n|-damage|p1a: Salazzle|155/249\n|\n|-weather|SunnyDay|[upkeep]\n|-heal|p1a: Salazzle|170/249|[from] item: Leftovers\n|upkeep\n|turn|7\n|\n|t:|1781402470\n|move|p1a: Salazzle|Protect|p1a: Salazzle\n|-singleturn|p1a: Salazzle|Protect\n|move|p2a: Koraidon|Scale Shot|p1a: Salazzle\n|-activate|p1a: Salazzle|move: Protect\n|\n|-weather|SunnyDay|[upkeep]\n|-heal|p1a: Salazzle|185/249|[from] item: Leftovers\n|upkeep\n|turn|8\n|\n|t:|1781402478\n|move|p1a: Salazzle|Toxic|p2a: Koraidon\n|-status|p2a: Koraidon|tox\n|move|p2a: Koraidon|Scale Shot|p1a: Salazzle\n|-activate|p1a: Salazzle|move: Substitute|[damage]\n|-end|p1a: Salazzle|Substitute\n|-damage|p1a: Salazzle|146/249\n|-damage|p1a: Salazzle|107/249\n|-damage|p1a: Salazzle|70/249\n|-hitcount|p1a: Salazzle|5\n|-unboost|p2a: Koraidon|def|1\n|-boost|p2a: Koraidon|spe|1\n|\n|-weather|SunnyDay|[upkeep]\n|-heal|p1a: Salazzle|85/249|[from] item: Leftovers\n|-damage|p2a: Koraidon|221/235 tox|[from] psn\n|upkeep\n|turn|9\n|\n|t:|1781402494\n|switch|p1a: Scream Tail|Scream Tail, L84|330/330\n|-activate|p1a: Scream Tail|ability: Protosynthesis\n|-start|p1a: Scream Tail|protosynthesisspd\n|move|p2a: Koraidon|Swords Dance|p2a: Koraidon\n|-boost|p2a: Koraidon|atk|2\n|\n|-weather|SunnyDay|[upkeep]\n|-damage|p2a: Koraidon|193/235 tox|[from] psn\n|upkeep\n|turn|10\n|\n|t:|1781402506\n|move|p2a: Koraidon|Flare Blitz|p1a: Scream Tail\n|-damage|p1a: Scream Tail|85/330\n|-status|p1a: Scream Tail|brn\n|-damage|p2a: Koraidon|112/235 tox|[from] Recoil\n|move|p1a: Scream Tail|Dazzling Gleam|p2a: Koraidon\n|-supereffective|p2a: Koraidon\n|-damage|p2a: Koraidon|0 fnt\n|faint|p2a: Koraidon\n|\n|-weather|none\n|-end|p1a: Scream Tail|Protosynthesis\n|-heal|p1a: Scream Tail|105/330 brn|[from] item: Leftovers\n|-damage|p1a: Scream Tail|85/330 brn|[from] brn\n|upkeep\n|\n|t:|1781402516\n|switch|p2a: Ambipom|Ambipom, L84, M|263/263\n|turn|11\n|\n|t:|1781402529\n|move|p2a: Ambipom|Double-Edge|p1a: Scream Tail\n|-damage|p1a: Scream Tail|0 fnt\n|faint|p1a: Scream Tail\n|-end|p1a: Scream Tail|Protosynthesis|[silent]\n|-damage|p2a: Ambipom|235/263|[from] Recoil\n|\n|upkeep\n|\n|t:|1781402541\n|switch|p1a: Entei|Entei, L78|307/307\n|turn|12\n|\n|t:|1781402558\n|switch|p2a: Pelipper|Pelipper, L86, M|228/243 tox\n|-weather|RainDance|[from] ability: Drizzle|[of] p2a: Pelipper\n|move|p1a: Entei|Sacred Fire|p2a: Pelipper\n|-resisted|p2a: Pelipper\n|-damage|p2a: Pelipper|192/243 tox\n|\n|-weather|RainDance|[upkeep]\n|-damage|p2a: Pelipper|177/243 tox|[from] psn\n|upkeep\n|turn|13\n|\n|t:|1781402574\n|switch|p1a: Politoed|Politoed, L88, F|302/302\n|move|p2a: Pelipper|U-turn|p1a: Politoed\n|-damage|p1a: Politoed|268/302\n|\n|t:|1781402593\n|switch|p2a: Milotic|Milotic, L83, F|293/293|[from] U-turn\n|\n|-weather|RainDance|[upkeep]\n|upkeep\n|turn|14\n|inactive|Elite 4 Waally has 120 seconds left.\n|inactive|Elite 4 Waally has 90 seconds left.\n|inactive|Elite 4 Waally has 60 seconds left.\n|inactive|Elite 4 Waally has 30 seconds left.\n|inactive|Elite 4 Waally has 20 seconds left.\n|inactive|Elite 4 Waally has 15 seconds left.\n|inactive|Elite 4 Waally has 10 seconds left.\n|inactive|Elite 4 Waally has 5 seconds left.\n|-message|Elite 4 Waally lost due to inactivity.\n|\n|win|mastasefkillah\n", "inputlog": ">version a8376a258c1d4662feba110a92103f3664a72141\n>start {\"formatid\":\"gen9randombattle\",\"seed\":\"sodium,042d797da0df71620d3695b8a62a3551\",\"rated\":\"Rated battle\"}\n>player p1 {\"name\":\"mastasefkillah\",\"avatar\":\"alder\",\"rating\":1901,\"seed\":\"sodium,3bfe732551f8bcbed0b89197df3deb06\"}\n>player p2 {\"name\":\"Elite 4 Waally\",\"avatar\":\"wally\",\"rating\":1928,\"seed\":\"sodium,22235fa715a3be7556ca749989dffad7\"}\n>p1 switch 2\n>p2 move scald\n>p1 move knockoff\n>p2 switch 2\n>p1 switch 4\n>p2 move calmmind\n>p1 move substitute\n>p2 switch 3\n>p1 move toxic\n>p2 move weatherball\n>p1 move substitute\n>p2 switch 5\n>p1 move protect\n>p2 move scaleshot\n>p1 move toxic\n>p2 move scaleshot\n>p1 switch 6\n>p2 move swordsdance\n>p1 move dazzlinggleam\n>p2 move flareblitz\n>p2 switch 4\n>p1 move wish\n>p2 move doubleedge\n>p1 switch 3\n>p1 move sacredfire\n>p2 switch 5\n>p1 switch 5\n>p2 move uturn\n>p2 switch 2\n>forcelose p2", "uploadtime": 1781402345, "views": 5, "formatid": "gen9randombattle", "rating": null, "private": 0, "password": null}