{"id": "gen9randombattle-2631982690", "format": "[Gen 9] Random Battle", "players": ["Puppebaerbel2", "NYCHomo"], "log": "|j|\u2606Puppebaerbel2\n|j|\u2606NYCHomo\n|t:|1781462575\n|gametype|singles\n|player|p1|Puppebaerbel2|265|1945\n|player|p2|NYCHomo|101|1903\n|gen|9\n|tier|[Gen 9] Random Battle\n|rated|\n|rule|Species Clause: Limit one of each Pok\u00e9mon\n|rule|HP Percentage Mod: HP is shown in percentages\n|rule|Sleep Clause Mod: Limit one foe put to sleep\n|rule|Illusion Level Mod: Illusion disguises the Pok\u00e9mon's true level\n|\n|t:|1781462575\n|teamsize|p1|6\n|teamsize|p2|6\n|start\n|switch|p1a: Goodra|Goodra, L85, M|292/292\n|switch|p2a: Sawsbuck|Sawsbuck-Autumn, L88, M|284/284\n|turn|1\n|inactive|Battle timer is ON: inactive players will automatically lose when time's up. (requested by NYCHomo)\n|\n|t:|1781462595\n|move|p2a: Sawsbuck|Swords Dance|p2a: Sawsbuck\n|-boost|p2a: Sawsbuck|atk|2\n|move|p1a: Goodra|Sludge Bomb|p2a: Sawsbuck\n|-supereffective|p2a: Sawsbuck\n|-damage|p2a: Sawsbuck|120/284\n|\n|upkeep\n|turn|2\n|\n|t:|1781462604\n|switch|p1a: Revavroom|Revavroom, L79, F|256/256\n|-terastallize|p2a: Sawsbuck|Normal\n|move|p2a: Sawsbuck|Headbutt|p1a: Revavroom\n|-resisted|p1a: Revavroom\n|-damage|p1a: Revavroom|104/256\n|-damage|p2a: Sawsbuck|92/284|[from] item: Life Orb\n|\n|upkeep\n|turn|3\n|\n|t:|1781462610\n|switch|p1a: Virizion|Virizion, L82|283/283\n|move|p2a: Sawsbuck|Horn Leech|p1a: Virizion\n|-resisted|p1a: Virizion\n|-damage|p1a: Virizion|137/283\n|-heal|p2a: Sawsbuck|165/284|[from] drain|[of] p1a: Virizion\n|-damage|p2a: Sawsbuck|137/284|[from] item: Life Orb\n|\n|upkeep\n|turn|4\n|\n|t:|1781462615\n|move|p1a: Virizion|Close Combat|p2a: Sawsbuck\n|-supereffective|p2a: Sawsbuck\n|-damage|p2a: Sawsbuck|0 fnt\n|-unboost|p1a: Virizion|def|1\n|-unboost|p1a: Virizion|spd|1\n|faint|p2a: Sawsbuck\n|-damage|p1a: Virizion|109/283|[from] item: Life Orb\n|\n|upkeep\n|\n|t:|1781462638\n|switch|p2a: Flygon|Flygon, L82, M|265/265\n|turn|5\n|\n|t:|1781462646\n|move|p1a: Virizion|Close Combat|p2a: Flygon\n|-damage|p2a: Flygon|100/265\n|-unboost|p1a: Virizion|def|1\n|-unboost|p1a: Virizion|spd|1\n|-damage|p1a: Virizion|81/283|[from] item: Life Orb\n|move|p2a: Flygon|Dragon Dance|p2a: Flygon\n|-boost|p2a: Flygon|atk|1\n|-boost|p2a: Flygon|spe|1\n|\n|upkeep\n|turn|6\n|\n|t:|1781462655\n|switch|p1a: Revavroom|Revavroom, L79, F|104/256\n|move|p2a: Flygon|Earthquake|p1a: Revavroom\n|-supereffective|p1a: Revavroom\n|-damage|p1a: Revavroom|0 fnt\n|faint|p1a: Revavroom\n|\n|upkeep\n|\n|t:|1781462664\n|switch|p1a: Politoed|Politoed, L88, M|302/302\n|-weather|RainDance|[from] ability: Drizzle|[of] p1a: Politoed\n|turn|7\n|\n|t:|1781462666\n|move|p2a: Flygon|Outrage|p1a: Politoed\n|-damage|p1a: Politoed|100/302\n|move|p1a: Politoed|Ice Beam|p2a: Flygon\n|-supereffective|p2a: Flygon\n|-damage|p2a: Flygon|0 fnt\n|faint|p2a: Flygon\n|\n|-weather|RainDance|[upkeep]\n|-heal|p1a: Politoed|118/302|[from] item: Leftovers\n|upkeep\n|\n|t:|1781462673\n|switch|p2a: Whimsicott|Whimsicott, L84, F|238/238\n|turn|8\n|\n|t:|1781462685\n|switch|p2a: Magmortar|Magmortar, L88, F|275/275\n|move|p1a: Politoed|Ice Beam|p2a: Magmortar\n|-resisted|p2a: Magmortar\n|-damage|p2a: Magmortar|243/275\n|\n|-weather|RainDance|[upkeep]\n|-heal|p1a: Politoed|136/302|[from] item: Leftovers\n|upkeep\n|turn|9\n|\n|t:|1781462695\n|switch|p1a: Virizion|Virizion, L82|81/283\n|move|p2a: Magmortar|Thunderbolt|p1a: Virizion\n|-resisted|p1a: Virizion\n|-damage|p1a: Virizion|51/283\n|\n|-weather|RainDance|[upkeep]\n|upkeep\n|turn|10\n|\n|t:|1781462702\n|switch|p2a: Whimsicott|Whimsicott, L84, F|238/238\n|move|p1a: Virizion|Stone Edge|p2a: Whimsicott\n|-damage|p2a: Whimsicott|155/238\n|-damage|p1a: Virizion|23/283|[from] item: Life Orb\n|\n|-weather|RainDance|[upkeep]\n|-heal|p2a: Whimsicott|169/238|[from] item: Leftovers\n|upkeep\n|turn|11\n|\n|t:|1781462710\n|move|p2a: Whimsicott|Moonblast|p1a: Virizion\n|-supereffective|p1a: Virizion\n|-damage|p1a: Virizion|0 fnt\n|faint|p1a: Virizion\n|\n|-weather|none\n|-heal|p2a: Whimsicott|183/238|[from] item: Leftovers\n|upkeep\n|\n|t:|1781462717\n|switch|p1a: Reshiram|Reshiram, L76|277/277\n|-ability|p1a: Reshiram|Turboblaze\n|turn|12\n|\n|t:|1781462721\n|move|p2a: Whimsicott|Substitute|p2a: Whimsicott\n|-start|p2a: Whimsicott|Substitute\n|-damage|p2a: Whimsicott|124/238\n|move|p1a: Reshiram|Flare Blitz|p2a: Whimsicott\n|-supereffective|p2a: Whimsicott\n|-end|p2a: Whimsicott|Substitute\n|-damage|p1a: Reshiram|258/277|[from] Recoil|[of] p2a: Whimsicott\n|\n|-heal|p2a: Whimsicott|138/238|[from] item: Leftovers\n|upkeep\n|turn|13\n|inactive|NYCHomo has 120 seconds left.\n|\n|t:|1781462755\n|switch|p2a: Pincurchin|Pincurchin, F|258/258\n|-fieldstart|move: Electric Terrain|[from] ability: Electric Surge|[of] p2a: Pincurchin\n|move|p1a: Reshiram|Flare Blitz|p2a: Pincurchin\n|-damage|p2a: Pincurchin|164/258\n|-damage|p1a: Reshiram|227/277|[from] Recoil\n|\n|-heal|p2a: Pincurchin|180/258|[from] item: Leftovers\n|upkeep\n|turn|14\n|\n|t:|1781462763\n|switch|p1a: Politoed|Politoed, L88, M|136/302\n|-weather|RainDance|[from] ability: Drizzle|[of] p1a: Politoed\n|move|p2a: Pincurchin|Curse|p2a: Pincurchin\n|-unboost|p2a: Pincurchin|spe|1\n|-boost|p2a: Pincurchin|atk|1\n|-boost|p2a: Pincurchin|def|1\n|\n|-weather|RainDance|[upkeep]\n|-heal|p1a: Politoed|154/302|[from] item: Leftovers\n|-heal|p2a: Pincurchin|196/258|[from] item: Leftovers\n|upkeep\n|turn|15\n|\n|t:|1781462769\n|move|p1a: Politoed|Surf|p2a: Pincurchin\n|-damage|p2a: Pincurchin|73/258\n|move|p2a: Pincurchin|Zing Zap|p1a: Politoed\n|-supereffective|p1a: Politoed\n|-damage|p1a: Politoed|0 fnt\n|faint|p1a: Politoed\n|\n|-weather|RainDance|[upkeep]\n|-heal|p2a: Pincurchin|89/258|[from] item: Leftovers\n|upkeep\n|\n|t:|1781462772\n|switch|p1a: Samurott|Samurott, L88, F|310/310\n|turn|16\n|\n|t:|1781462776\n|move|p1a: Samurott|Liquidation|p2a: Pincurchin\n|-damage|p2a: Pincurchin|0 fnt\n|faint|p2a: Pincurchin\n|-damage|p1a: Samurott|279/310|[from] item: Life Orb\n|\n|-weather|RainDance|[upkeep]\n|upkeep\n|\n|t:|1781462783\n|switch|p2a: Barraskewda|Barraskewda, L81, F|231/231\n|turn|17\n|\n|t:|1781462789\n|switch|p1a: Goodra|Goodra, L85, M|292/292\n|move|p2a: Barraskewda|Flip Turn|p1a: Goodra\n|-resisted|p1a: Goodra\n|-damage|p1a: Goodra|204/292\n|\n|t:|1781462791\n|switch|p2a: Whimsicott|Whimsicott, L84, F|138/238|[from] Flip Turn\n|\n|-weather|RainDance|[upkeep]\n|-heal|p2a: Whimsicott|152/238|[from] item: Leftovers\n|-fieldend|move: Electric Terrain\n|upkeep\n|turn|18\n|\n|t:|1781462795\n|move|p2a: Whimsicott|Moonblast|p1a: Goodra\n|-supereffective|p1a: Goodra\n|-damage|p1a: Goodra|126/292\n|move|p1a: Goodra|Sludge Bomb|p2a: Whimsicott\n|-supereffective|p2a: Whimsicott\n|-damage|p2a: Whimsicott|0 fnt\n|faint|p2a: Whimsicott\n|\n|-weather|none\n|upkeep\n|\n|t:|1781462801\n|switch|p2a: Magmortar|Magmortar, L88, F|243/275\n|turn|19\n|\n|t:|1781462806\n|move|p2a: Magmortar|Knock Off|p1a: Goodra\n|-damage|p1a: Goodra|39/292\n|-enditem|p1a: Goodra|Assault Vest|[from] move: Knock Off|[of] p2a: Magmortar\n|move|p1a: Goodra|Draco Meteor|p2a: Magmortar\n|-damage|p2a: Magmortar|96/275\n|-unboost|p1a: Goodra|spa|2\n|\n|upkeep\n|turn|20\n|\n|t:|1781462815\n|move|p2a: Magmortar|Knock Off|p1a: Goodra\n|-damage|p1a: Goodra|0 fnt\n|faint|p1a: Goodra\n|\n|upkeep\n|\n|t:|1781462819\n|switch|p1a: Samurott|Samurott, L88, F|279/310\n|turn|21\n|\n|t:|1781462829\n|move|p2a: Magmortar|Thunderbolt|p1a: Samurott\n|-supereffective|p1a: Samurott\n|-damage|p1a: Samurott|91/310\n|move|p1a: Samurott|Liquidation|p2a: Magmortar\n|-supereffective|p2a: Magmortar\n|-damage|p2a: Magmortar|0 fnt\n|faint|p2a: Magmortar\n|-damage|p1a: Samurott|60/310|[from] item: Life Orb\n|\n|upkeep\n|\n|t:|1781462834\n|switch|p2a: Barraskewda|Barraskewda, L81, F|231/231\n|turn|22\n|\n|t:|1781462841\n|move|p2a: Barraskewda|Waterfall|p1a: Samurott\n|-resisted|p1a: Samurott\n|-damage|p1a: Samurott|0 fnt\n|faint|p1a: Samurott\n|\n|upkeep\n|\n|t:|1781462846\n|switch|p1a: Reshiram|Reshiram, L76|227/277\n|-ability|p1a: Reshiram|Turboblaze\n|turn|23\n|\n|t:|1781462851\n|move|p2a: Barraskewda|Waterfall|p1a: Reshiram\n|-damage|p1a: Reshiram|95/277\n|move|p1a: Reshiram|Dragon Dance|p1a: Reshiram\n|-boost|p1a: Reshiram|atk|1\n|-boost|p1a: Reshiram|spe|1\n|\n|upkeep\n|turn|24\n|\n|t:|1781462855\n|move|p1a: Reshiram|Outrage|p2a: Barraskewda\n|-damage|p2a: Barraskewda|0 fnt\n|faint|p2a: Barraskewda\n|\n|win|Puppebaerbel2\n", "inputlog": ">version a8376a258c1d4662feba110a92103f3664a72141\n>start {\"formatid\":\"gen9randombattle\",\"seed\":\"sodium,a13010f0196e5d266e91e23ccda44e26\",\"rated\":\"Rated battle\"}\n>player p1 {\"name\":\"Puppebaerbel2\",\"avatar\":\"265\",\"rating\":1945,\"seed\":\"sodium,fa112fa53d234961a670a8e8544597f0\"}\n>player p2 {\"name\":\"NYCHomo\",\"avatar\":\"101\",\"rating\":1903,\"seed\":\"sodium,f055a04ddb90a7a12c1f6278028f0fa2\"}\n>p1 move sludgebomb\n>p2 move swordsdance\n>p1 switch 5\n>p2 move headbutt terastallize\n>p1 switch 6\n>p2 move hornleech\n>p1 move closecombat\n>p2 move headbutt\n>p2 switch 2\n>p1 move closecombat\n>p2 move dragondance\n>p1 switch 6\n>p2 move earthquake\n>p1 switch 2\n>p1 move icebeam\n>p2 move outrage\n>p2 switch 5\n>p1 move icebeam\n>p2 switch 4\n>p1 switch 6\n>p2 move thunderbolt\n>p1 move stoneedge\n>p2 switch 4\n>p1 move leafblade\n>p2 move moonblast\n>p1 switch 4\n>p1 move flareblitz\n>p2 move substitute\n>p1 move flareblitz\n>p2 switch 6\n>p1 switch 6\n>p2 move curse\n>p1 move surf\n>p2 move zingzap\n>p1 switch 3\n>p1 move liquidation\n>p2 move recover\n>p2 switch 3\n>p1 switch 5\n>p2 move flipturn\n>p2 switch 6\n>p1 move sludgebomb\n>p2 move moonblast\n>p2 switch 4\n>p1 move dracometeor\n>p2 move knockoff\n>p1 move knockoff\n>p2 move knockoff\n>p1 switch 5\n>p1 move liquidation\n>p2 move thunderbolt\n>p2 switch 6\n>p1 move sacredsword\n>p2 move waterfall\n>p1 switch 6\n>p1 move dragondance\n>p2 move waterfall\n>p1 move outrage\n>p2 move waterfall", "uploadtime": 1781462577, "views": 6, "formatid": "gen9randombattle", "rating": null, "private": 0, "password": null}