{"id": "gen9randombattle-2631698896", "format": "[Gen 9] Random Battle", "players": ["Hunrito", "regu2"], "log": "|j|\u2606Hunrito\n|j|\u2606regu2\n|t:|1781424156\n|gametype|singles\n|player|p1|Hunrito|170|1974\n|player|p2|regu2|2|1995\n|gen|9\n|tier|[Gen 9] Random Battle\n|rated|\n|rule|Species Clause: Limit one of each Pok\u00e9mon\n|rule|HP Percentage Mod: HP is shown in percentages\n|rule|Sleep Clause Mod: Limit one foe put to sleep\n|rule|Illusion Level Mod: Illusion disguises the Pok\u00e9mon's true level\n|\n|t:|1781424156\n|teamsize|p1|6\n|teamsize|p2|6\n|start\n|switch|p1a: Espeon|Espeon, L84, M|246/246\n|switch|p2a: Spiritomb|Spiritomb, L89, M|234/234\n|turn|1\n|inactive|Battle timer is ON: inactive players will automatically lose when time's up. (requested by regu2)\n|inactive|Hunrito also wants the timer to be on.\n|\n|t:|1781424171\n|move|p1a: Espeon|Alluring Voice|p2a: Spiritomb\n|-supereffective|p2a: Spiritomb\n|-damage|p2a: Spiritomb|46/234\n|move|p2a: Spiritomb|Poltergeist|p1a: Espeon\n|-activate|p1a: Espeon|move: Poltergeist|Choice Specs\n|-supereffective|p1a: Espeon\n|-damage|p1a: Espeon|0 fnt\n|faint|p1a: Espeon\n|\n|-heal|p2a: Spiritomb|60/234|[from] item: Leftovers\n|upkeep\n|\n|t:|1781424181\n|switch|p1a: Ampharos|Ampharos, L88, F|302/302\n|turn|2\n|\n|t:|1781424185\n|move|p2a: Spiritomb|Sucker Punch|p1a: Ampharos\n|-damage|p1a: Ampharos|229/302\n|-status|p2a: Spiritomb|par|[from] ability: Static|[of] p1a: Ampharos\n|move|p1a: Ampharos|Dazzling Gleam|p2a: Spiritomb\n|-supereffective|p2a: Spiritomb\n|-damage|p2a: Spiritomb|0 fnt\n|faint|p2a: Spiritomb\n|\n|upkeep\n|\n|t:|1781424197\n|switch|p2a: Staraptor|Staraptor, L79, M|263/263\n|turn|3\n|\n|t:|1781424203\n|move|p2a: Staraptor|Double-Edge|p1a: Ampharos\n|-damage|p1a: Ampharos|0 fnt\n|faint|p1a: Ampharos\n|-damage|p2a: Staraptor|187/263|[from] Recoil\n|\n|upkeep\n|\n|t:|1781424209\n|switch|p1a: Entei|Entei, L78|307/307\n|turn|4\n|\n|t:|1781424212\n|move|p2a: Staraptor|Double-Edge|p1a: Entei\n|-damage|p1a: Entei|24/307\n|-damage|p2a: Staraptor|94/263|[from] Recoil\n|move|p1a: Entei|Sacred Fire|p2a: Staraptor\n|-damage|p2a: Staraptor|0 fnt\n|faint|p2a: Staraptor\n|\n|upkeep\n|\n|t:|1781424220\n|switch|p2a: Volcanion|Volcanion, L79|255/255\n|turn|5\n|\n|t:|1781424226\n|switch|p1a: Hoopa|Hoopa-Unbound, L80|259/259\n|move|p2a: Volcanion|Steam Eruption|p1a: Hoopa\n|-damage|p1a: Hoopa|166/259\n|-status|p1a: Hoopa|brn\n|\n|-damage|p1a: Hoopa|150/259 brn|[from] brn\n|upkeep\n|turn|6\n|\n|t:|1781424234\n|switch|p2a: Cacturne|Cacturne, L92, M|278/278\n|move|p1a: Hoopa|Psychic|p2a: Cacturne\n|-immune|p2a: Cacturne\n|\n|-damage|p1a: Hoopa|134/259 brn|[from] brn\n|upkeep\n|turn|7\n|\n|t:|1781424237\n|switch|p1a: Kricketune|Kricketune, L99, M|312/312\n|move|p2a: Cacturne|Knock Off|p1a: Kricketune\n|-damage|p1a: Kricketune|69/312\n|-enditem|p1a: Kricketune|Heavy-Duty Boots|[from] move: Knock Off|[of] p2a: Cacturne\n|-damage|p2a: Cacturne|251/278|[from] item: Life Orb\n|\n|upkeep\n|turn|8\n|\n|t:|1781424243\n|move|p2a: Cacturne|Sucker Punch||[still]\n|-fail|p2a: Cacturne\n|move|p1a: Kricketune|Sticky Web|p2a: Cacturne\n|-sidestart|p2: regu2|move: Sticky Web\n|\n|upkeep\n|turn|9\n|\n|t:|1781424245\n|move|p2a: Cacturne|Sucker Punch||[still]\n|-fail|p2a: Cacturne\n|move|p1a: Kricketune|Taunt|p2a: Cacturne\n|-start|p2a: Cacturne|move: Taunt\n|\n|upkeep\n|turn|10\n|\n|t:|1781424247\n|move|p2a: Cacturne|Sucker Punch|p1a: Kricketune\n|-damage|p1a: Kricketune|0 fnt\n|faint|p1a: Kricketune\n|-damage|p2a: Cacturne|224/278|[from] item: Life Orb\n|\n|upkeep\n|\n|t:|1781424256\n|switch|p1a: Cetitan|Cetitan, L82, F|413/413\n|turn|11\n|\n|t:|1781424259\n|-terastallize|p2a: Cacturne|Dark\n|move|p1a: Cetitan|Icicle Crash|p2a: Cacturne|[miss]\n|-miss|p1a: Cetitan|p2a: Cacturne\n|move|p2a: Cacturne|Knock Off|p1a: Cetitan\n|-damage|p1a: Cetitan|124/413\n|-enditem|p1a: Cetitan|Life Orb|[from] move: Knock Off|[of] p2a: Cacturne\n|-damage|p2a: Cacturne|197/278|[from] item: Life Orb\n|\n|upkeep\n|turn|12\n|-message|Hunrito forfeited.\n|\n|win|regu2\n|raw|Hunrito's rating: 1974 &rarr; <strong>1955</strong><br />(-19 for losing)\n|raw|regu2's rating: 1995 &rarr; <strong>2014</strong><br />(+19 for winning)\n", "inputlog": ">version a8376a258c1d4662feba110a92103f3664a72141\n>start {\"formatid\":\"gen9randombattle\",\"seed\":\"sodium,cb0352cab9f2f4136c2057959901d6e1\",\"rated\":\"Rated battle\"}\n>player p1 {\"name\":\"Hunrito\",\"avatar\":\"170\",\"rating\":1974,\"seed\":\"sodium,fab831eacac5d5d7584260e00b326e40\"}\n>player p2 {\"name\":\"regu2\",\"avatar\":\"2\",\"rating\":1995,\"seed\":\"sodium,ead4f2deb620ceca0f87fa8853c67ad4\"}\n>p1 move alluringvoice\n>p2 move poltergeist\n>p1 switch 6\n>p1 move dazzlinggleam\n>p2 move suckerpunch\n>p2 switch 4\n>p1 move dazzlinggleam\n>p2 move doubleedge\n>p1 switch 2\n>p1 move sacredfire\n>p2 move doubleedge\n>p2 switch 5\n>p1 switch 3\n>p2 move steameruption\n>p1 move psychic\n>p2 switch 3\n>p1 switch 5\n>p2 move knockoff\n>p1 move stickyweb\n>p2 move suckerpunch\n>p1 move taunt\n>p2 move suckerpunch\n>p1 move pounce\n>p2 move suckerpunch\n>p1 switch 4\n>p1 move iciclecrash\n>p2 move knockoff terastallize\n>forcelose p1", "uploadtime": 1781424265, "views": 6, "formatid": "gen9randombattle", "rating": 1955, "private": 0, "password": null}