{"id": "gen9randombattle-2631510026", "format": "[Gen 9] Random Battle", "players": ["MasterRumba", "WumboMumboJumbo"], "log": "|j|\u2606MasterRumba\n|j|\u2606WumboMumboJumbo\n|t:|1781394347\n|gametype|singles\n|player|p1|MasterRumba|266|2175\n|player|p2|WumboMumboJumbo|265|2112\n|gen|9\n|tier|[Gen 9] Random Battle\n|rated|\n|rule|Species Clause: Limit one of each Pok\u00e9mon\n|rule|HP Percentage Mod: HP is shown in percentages\n|rule|Sleep Clause Mod: Limit one foe put to sleep\n|rule|Illusion Level Mod: Illusion disguises the Pok\u00e9mon's true level\n|\n|t:|1781394347\n|teamsize|p1|6\n|teamsize|p2|6\n|start\n|switch|p1a: Forretress|Forretress, L84, F|263/263\n|switch|p2a: Swanna|Swanna, L89, F|278/278\n|turn|1\n|inactive|Battle timer is ON: inactive players will automatically lose when time's up. (requested by MasterRumba)\n|\n|t:|1781394367\n|move|p2a: Swanna|Hydro Pump|p1a: Forretress\n|-damage|p1a: Forretress|98/263\n|move|p1a: Forretress|Volt Switch|p2a: Swanna\n|-supereffective|p2a: Swanna\n|-crit|p2a: Swanna\n|-damage|p2a: Swanna|38/278\n|\n|t:|1781394375\n|switch|p1a: Pecharunt|Pecharunt, L77|262/262|[from] Volt Switch\n|\n|upkeep\n|turn|2\n|\n|t:|1781394381\n|switch|p2a: Iron Crown|Iron Crown, L78|268/268\n|move|p1a: Pecharunt|Malignant Chain|p2a: Iron Crown\n|-immune|p2a: Iron Crown\n|\n|upkeep\n|turn|3\n|\n|t:|1781394398\n|switch|p1a: Forretress|Forretress, L84, F|98/263\n|move|p2a: Iron Crown|Calm Mind|p2a: Iron Crown\n|-boost|p2a: Iron Crown|spa|1\n|-boost|p2a: Iron Crown|spd|1\n|\n|-heal|p1a: Forretress|114/263|[from] item: Leftovers\n|upkeep\n|turn|4\n|\n|t:|1781394407\n|move|p2a: Iron Crown|Psyshock|p1a: Forretress\n|-resisted|p1a: Forretress\n|-damage|p1a: Forretress|66/263\n|move|p1a: Forretress|Volt Switch|p2a: Iron Crown\n|-damage|p2a: Iron Crown|245/268\n|\n|t:|1781394414\n|switch|p1a: Reshiram|Reshiram, L76|277/277|[from] Volt Switch\n|-ability|p1a: Reshiram|Turboblaze\n|\n|-heal|p2a: Iron Crown|261/268|[from] item: Leftovers\n|upkeep\n|turn|5\n|\n|t:|1781394427\n|move|p2a: Iron Crown|Psyshock|p1a: Reshiram\n|-damage|p1a: Reshiram|141/277\n|move|p1a: Reshiram|Flare Blitz|p2a: Iron Crown\n|-supereffective|p2a: Iron Crown\n|-damage|p2a: Iron Crown|21/268\n|-damage|p1a: Reshiram|62/277|[from] Recoil\n|\n|-heal|p2a: Iron Crown|37/268|[from] item: Leftovers\n|upkeep\n|turn|6\n|\n|t:|1781394434\n|move|p2a: Iron Crown|Psyshock|p1a: Reshiram\n|-damage|p1a: Reshiram|0 fnt\n|faint|p1a: Reshiram\n|\n|-heal|p2a: Iron Crown|53/268|[from] item: Leftovers\n|upkeep\n|inactive|MasterRumba has 120 seconds left.\n|\n|t:|1781394474\n|switch|p1a: Toucannon|Toucannon, L88, M|284/284\n|turn|7\n|\n|t:|1781394477\n|-singleturn|p1a: Toucannon|move: Beak Blast\n|move|p2a: Iron Crown|Tachyon Cutter|p1a: Toucannon\n|-damage|p1a: Toucannon|194/284\n|-damage|p1a: Toucannon|98/284\n|-hitcount|p1a: Toucannon|2\n|move|p1a: Toucannon|Beak Blast|p2a: Iron Crown\n|-resisted|p2a: Iron Crown\n|-damage|p2a: Iron Crown|0 fnt\n|faint|p2a: Iron Crown\n|-end|p2a: Iron Crown|Quark Drive|[silent]\n|\n|upkeep\n|\n|t:|1781394489\n|switch|p2a: Swanna|Swanna, L89, F|38/278\n|turn|8\n|\n|t:|1781394507\n|switch|p1a: Pecharunt|Pecharunt, L77|262/262\n|move|p2a: Swanna|Hydro Pump|p1a: Pecharunt|[miss]\n|-miss|p2a: Swanna|p1a: Pecharunt\n|\n|upkeep\n|turn|9\n|\n|t:|1781394516\n|move|p2a: Swanna|Hydro Pump|p1a: Pecharunt\n|-damage|p1a: Pecharunt|135/262\n|move|p1a: Pecharunt|Shadow Ball|p2a: Swanna\n|-crit|p2a: Swanna\n|-damage|p2a: Swanna|0 fnt\n|faint|p2a: Swanna\n|\n|upkeep\n|\n|t:|1781394518\n|switch|p2a: Salazzle|Salazzle, L83, F|249/249\n|turn|10\n|\n|t:|1781394527\n|move|p2a: Salazzle|Nasty Plot|p2a: Salazzle\n|-boost|p2a: Salazzle|spa|2\n|move|p1a: Pecharunt|Parting Shot|p2a: Salazzle\n|-unboost|p2a: Salazzle|atk|1\n|-unboost|p2a: Salazzle|spa|1\n|\n|t:|1781394547\n|switch|p1a: Glastrier|Glastrier, L86|312/312|[from] Parting Shot\n|\n|upkeep\n|turn|11\n|\n|t:|1781394550\n|move|p2a: Salazzle|Fire Blast|p1a: Glastrier\n|-supereffective|p1a: Glastrier\n|-damage|p1a: Glastrier|0 fnt\n|faint|p1a: Glastrier\n|\n|upkeep\n|\n|t:|1781394559\n|switch|p1a: Toucannon|Toucannon, L88, M|98/284\n|turn|12\n|\n|t:|1781394569\n|-terastallize|p1a: Toucannon|Steel\n|-singleturn|p1a: Toucannon|move: Beak Blast\n|move|p2a: Salazzle|Sludge Wave|p1a: Toucannon\n|-immune|p1a: Toucannon\n|move|p1a: Toucannon|Beak Blast|p2a: Salazzle\n|-damage|p2a: Salazzle|59/249\n|\n|upkeep\n|turn|13\n|\n|t:|1781394577\n|move|p2a: Salazzle|Fire Blast|p1a: Toucannon\n|-supereffective|p1a: Toucannon\n|-damage|p1a: Toucannon|0 fnt\n|faint|p1a: Toucannon\n|\n|upkeep\n|\n|t:|1781394582\n|switch|p1a: Carbink|Carbink, L90|236/236\n|turn|14\n|\n|t:|1781394585\n|move|p2a: Salazzle|Sludge Wave|p1a: Carbink\n|-damage|p1a: Carbink|133/236\n|move|p1a: Carbink|Body Press|p2a: Salazzle\n|-resisted|p2a: Salazzle\n|-crit|p2a: Salazzle\n|-damage|p2a: Salazzle|0 fnt\n|faint|p2a: Salazzle\n|\n|upkeep\n|\n|t:|1781394589\n|switch|p2a: Leafeon|Leafeon, L88, F|258/258\n|turn|15\n|\n|t:|1781394603\n|move|p2a: Leafeon|Swords Dance|p2a: Leafeon\n|-boost|p2a: Leafeon|atk|2\n|move|p1a: Carbink|Rest|p1a: Carbink\n|-status|p1a: Carbink|slp|[from] move: Rest\n|-heal|p1a: Carbink|236/236 slp|[silent]\n|-enditem|p1a: Carbink|Chesto Berry|[eat]\n|-curestatus|p1a: Carbink|slp|[msg]\n|\n|upkeep\n|turn|16\n|\n|t:|1781394608\n|move|p2a: Leafeon|Leaf Blade|p1a: Carbink\n|-supereffective|p1a: Carbink\n|-damage|p1a: Carbink|0 fnt\n|faint|p1a: Carbink\n|\n|upkeep\n|\n|t:|1781394611\n|switch|p1a: Pecharunt|Pecharunt, L77|135/262\n|turn|17\n|-message|MasterRumba forfeited.\n|\n|win|WumboMumboJumbo\n", "inputlog": ">version a8376a258c1d4662feba110a92103f3664a72141\n>start {\"formatid\":\"gen9randombattle\",\"seed\":\"sodium,ca4f5f282e01132e5586ae7d44e9fcbe\",\"rated\":\"Rated battle\"}\n>player p1 {\"name\":\"MasterRumba\",\"avatar\":\"266\",\"rating\":2175,\"seed\":\"sodium,afaddf7c0fcf22d3f9390adbc1271fc1\"}\n>player p2 {\"name\":\"WumboMumboJumbo\",\"avatar\":\"265\",\"rating\":2112,\"seed\":\"sodium,539517fa762403f57597f51585919721\"}\n>p1 move voltswitch\n>p2 move hydropump\n>p1 switch 6\n>p1 move malignantchain\n>p2 switch 5\n>p1 switch 6\n>p2 move calmmind\n>p1 move voltswitch\n>p2 move psyshock\n>p1 switch 3\n>p1 move flareblitz\n>p2 move psyshock\n>p1 move flareblitz\n>p2 move psyshock\n>p1 switch 5\n>p1 move beakblast\n>p2 move tachyoncutter\n>p2 switch 5\n>p1 switch 6\n>p2 move hydropump\n>p1 move shadowball\n>p2 move hydropump\n>p2 switch 6\n>p1 move partingshot\n>p2 move nastyplot\n>p1 switch 4\n>p1 move highhorsepower\n>p2 move fireblast\n>p1 switch 6\n>p1 move beakblast terastallize\n>p2 move sludgewave\n>p1 move boomburst\n>p2 move fireblast\n>p1 switch 2\n>p1 move bodypress\n>p2 move sludgewave\n>p2 switch 3\n>p1 move rest\n>p2 move swordsdance\n>p1 move moonblast\n>p2 move leafblade\n>p1 switch 4\n>forcelose p1", "uploadtime": 1781394350, "views": 6, "formatid": "gen9randombattle", "rating": null, "private": 0, "password": null}