{"id": "gen9randombattle-2631878888", "format": "[Gen 9] Random Battle", "players": ["xand69", "Blackflameds"], "log": "|j|\u2606xand69\n|j|\u2606Blackflameds\n|t:|1781451241\n|gametype|singles\n|player|p1|xand69|170|1593\n|player|p2|Blackflameds|gentleman-gen4|1581\n|gen|9\n|tier|[Gen 9] Random Battle\n|rated|\n|rule|Species Clause: Limit one of each Pok\u00e9mon\n|rule|HP Percentage Mod: HP is shown in percentages\n|rule|Sleep Clause Mod: Limit one foe put to sleep\n|rule|Illusion Level Mod: Illusion disguises the Pok\u00e9mon's true level\n|\n|t:|1781451241\n|teamsize|p1|6\n|teamsize|p2|6\n|start\n|switch|p1a: Palossand|Palossand, L89, F|296/296\n|switch|p2a: Perrserker|Perrserker, L89, F|269/269\n|turn|1\n|inactive|Battle timer is ON: inactive players will automatically lose when time's up. (requested by xand69)\n|inactive|Blackflameds has 120 seconds left.\n|\n|t:|1781451287\n|move|p2a: Perrserker|Knock Off|p1a: Palossand\n|-supereffective|p1a: Palossand\n|-damage|p1a: Palossand|54/296\n|-enditem|p1a: Palossand|Leftovers|[from] move: Knock Off|[of] p2a: Perrserker\n|-damage|p2a: Perrserker|243/269|[from] item: Life Orb\n|move|p1a: Palossand|Earth Power|p2a: Perrserker\n|-supereffective|p2a: Perrserker\n|-damage|p2a: Perrserker|0 fnt\n|faint|p2a: Perrserker\n|\n|upkeep\n|\n|t:|1781451293\n|switch|p2a: Raikou|Raikou, L81|278/278\n|-ability|p2a: Raikou|Pressure\n|turn|2\n|\n|t:|1781451296\n|move|p2a: Raikou|Scald|p1a: Palossand\n|-supereffective|p1a: Palossand\n|-damage|p1a: Palossand|0 fnt\n|faint|p1a: Palossand\n|\n|upkeep\n|\n|t:|1781451305\n|switch|p1a: Dudunsparce|Dudunsparce-Three-Segment, L83, M|343/343\n|turn|3\n|\n|t:|1781451310\n|move|p2a: Raikou|Substitute|p2a: Raikou\n|-start|p2a: Raikou|Substitute\n|-damage|p2a: Raikou|209/278\n|move|p1a: Dudunsparce|Earthquake|p2a: Raikou\n|-supereffective|p2a: Raikou\n|-end|p2a: Raikou|Substitute\n|\n|-heal|p2a: Raikou|226/278|[from] item: Leftovers\n|upkeep\n|turn|4\n|\n|t:|1781451315\n|switch|p2a: Phione|Phione, L91|293/293\n|move|p1a: Dudunsparce|Boomburst|p2a: Phione\n|-damage|p2a: Phione|154/293\n|\n|-heal|p2a: Phione|172/293|[from] item: Leftovers\n|upkeep\n|turn|5\n|\n|t:|1781451318\n|move|p2a: Phione|Scald|p1a: Dudunsparce\n|-damage|p1a: Dudunsparce|244/343\n|move|p1a: Dudunsparce|Boomburst|p2a: Phione\n|-damage|p2a: Phione|36/293\n|\n|-heal|p2a: Phione|54/293|[from] item: Leftovers\n|-heal|p1a: Dudunsparce|265/343|[from] item: Leftovers\n|upkeep\n|turn|6\n|\n|t:|1781451323\n|move|p2a: Phione|Scald|p1a: Dudunsparce\n|-damage|p1a: Dudunsparce|174/343\n|move|p1a: Dudunsparce|Boomburst|p2a: Phione\n|-damage|p2a: Phione|0 fnt\n|faint|p2a: Phione\n|\n|-heal|p1a: Dudunsparce|195/343|[from] item: Leftovers\n|upkeep\n|\n|t:|1781451326\n|switch|p2a: Regidrago|Regidrago, L77|435/435\n|turn|7\n|\n|t:|1781451329\n|move|p2a: Regidrago|Dragon Energy|p1a: Dudunsparce\n|-damage|p1a: Dudunsparce|0 fnt\n|faint|p1a: Dudunsparce\n|\n|upkeep\n|\n|t:|1781451335\n|switch|p1a: Chesnaught|Chesnaught, L84, M|285/285\n|turn|8\n|\n|t:|1781451343\n|-terastallize|p2a: Regidrago|Dragon\n|move|p2a: Regidrago|Dragon Energy|p1a: Chesnaught\n|-damage|p1a: Chesnaught|0 fnt\n|faint|p1a: Chesnaught\n|\n|upkeep\n|\n|t:|1781451349\n|switch|p1a: Terapagos|Terapagos, L77, F|265/265\n|-activate|p1a: Terapagos|ability: Tera Shift\n|detailschange|p1a: Terapagos|Terapagos-Terastal, L77, F\n|-heal|p1a: Terapagos|273/273|[silent]\n|turn|9\n|\n|t:|1781451357\n|switch|p2a: Snorlax|Snorlax, L82, M|397/397\n|-terastallize|p1a: Terapagos|Stellar\n|detailschange|p1a: Terapagos|Terapagos-Stellar, L77, F, tera:Stellar\n|-heal|p1a: Terapagos|373/373|[silent]\n|move|p1a: Terapagos|Tera Starstorm|p2a: Snorlax\n|-damage|p2a: Snorlax|297/397\n|\n|upkeep\n|turn|10\n|\n|t:|1781451362\n|switch|p1a: Swanna|Swanna, L89, M|278/278\n|move|p2a: Snorlax|Body Slam|p1a: Swanna\n|-damage|p1a: Swanna|167/278\n|-status|p1a: Swanna|par\n|\n|upkeep\n|turn|11\n|\n|t:|1781451367\n|move|p1a: Swanna|Brave Bird|p2a: Snorlax\n|-damage|p2a: Snorlax|125/397\n|-damage|p1a: Swanna|110/278 par|[from] Recoil\n|move|p2a: Snorlax|Body Slam|p1a: Swanna\n|-damage|p1a: Swanna|0 fnt\n|faint|p1a: Swanna\n|\n|upkeep\n|\n|t:|1781451371\n|switch|p1a: Tornadus|Tornadus, L82, M|264/264\n|turn|12\n|\n|t:|1781451373\n|move|p1a: Tornadus|Bleakwind Storm|p2a: Snorlax|[miss]\n|-miss|p1a: Tornadus|p2a: Snorlax\n|move|p2a: Snorlax|Body Slam|p1a: Tornadus\n|-damage|p1a: Tornadus|144/264\n|-status|p1a: Tornadus|par\n|\n|upkeep\n|turn|13\n|\n|t:|1781451375\n|move|p1a: Tornadus|Bleakwind Storm|p2a: Snorlax|[miss]\n|-miss|p1a: Tornadus|p2a: Snorlax\n|move|p2a: Snorlax|Rest|p2a: Snorlax\n|-status|p2a: Snorlax|slp|[from] move: Rest\n|-heal|p2a: Snorlax|397/397 slp|[silent]\n|-enditem|p2a: Snorlax|Chesto Berry|[eat]\n|-curestatus|p2a: Snorlax|slp|[msg]\n|\n|upkeep\n|turn|14\n|\n|t:|1781451378\n|move|p1a: Tornadus|Bleakwind Storm|p2a: Snorlax|[miss]\n|-miss|p1a: Tornadus|p2a: Snorlax\n|move|p2a: Snorlax|Body Slam|p1a: Tornadus\n|-damage|p1a: Tornadus|33/264 par\n|\n|upkeep\n|turn|15\n|c|\u2606xand69|?\n|\n|t:|1781451383\n|cant|p1a: Tornadus|par\n|move|p2a: Snorlax|Body Slam|p1a: Tornadus\n|-damage|p1a: Tornadus|0 fnt\n|faint|p1a: Tornadus\n|\n|upkeep\n|\n|t:|1781451386\n|switch|p1a: Terapagos|Terapagos-Stellar, L77, F, tera:Stellar|373/373\n|turn|16\n|\n|t:|1781451388\n|move|p1a: Terapagos|Calm Mind|p1a: Terapagos\n|-boost|p1a: Terapagos|spa|1\n|-boost|p1a: Terapagos|spd|1\n|move|p2a: Snorlax|Body Slam|p1a: Terapagos\n|-damage|p1a: Terapagos|289/373\n|\n|upkeep\n|turn|17\n|\n|t:|1781451391\n|move|p1a: Terapagos|Tera Starstorm|p2a: Snorlax\n|-damage|p2a: Snorlax|255/397\n|move|p2a: Snorlax|Body Slam|p1a: Terapagos\n|-damage|p1a: Terapagos|201/373\n|\n|upkeep\n|turn|18\n|\n|t:|1781451393\n|move|p1a: Terapagos|Calm Mind|p1a: Terapagos\n|-boost|p1a: Terapagos|spa|1\n|-boost|p1a: Terapagos|spd|1\n|move|p2a: Snorlax|Body Slam|p1a: Terapagos\n|-damage|p1a: Terapagos|116/373\n|-status|p1a: Terapagos|par\n|\n|upkeep\n|turn|19\n|\n|t:|1781451396\n|move|p2a: Snorlax|Body Slam|p1a: Terapagos\n|-damage|p1a: Terapagos|29/373 par\n|cant|p1a: Terapagos|par\n|\n|upkeep\n|turn|20\n|\n|t:|1781451398\n|move|p2a: Snorlax|Body Slam|p1a: Terapagos\n|-damage|p1a: Terapagos|0 fnt\n|faint|p1a: Terapagos\n|detailschange|p1: Terapagos|Terapagos, L77, F|[silent]\n|\n|win|Blackflameds\n|raw|xand69's rating: 1593 &rarr; <strong>1572</strong><br />(-21 for losing)\n|raw|Blackflameds's rating: 1581 &rarr; <strong>1602</strong><br />(+21 for winning)\n|l|\u2606xand69\n|player|p1|\n", "uploadtime": 1781451404, "views": 4, "formatid": "gen9randombattle", "rating": 1572, "private": 0, "password": null}