{"id": "gen9randombattle-2631871177", "format": "[Gen 9] Random Battle", "players": ["Hunrito", "69latrikpelo69"], "log": "|j|\u2606Hunrito\n|j|\u260669latrikpelo69\n|t:|1781450375\n|gametype|singles\n|player|p1|Hunrito|102|1963\n|player|p2|69latrikpelo69|pokemaniac|1965\n|gen|9\n|tier|[Gen 9] Random Battle\n|rated|\n|rule|Species Clause: Limit one of each Pok\u00e9mon\n|rule|HP Percentage Mod: HP is shown in percentages\n|rule|Sleep Clause Mod: Limit one foe put to sleep\n|rule|Illusion Level Mod: Illusion disguises the Pok\u00e9mon's true level\n|\n|t:|1781450375\n|teamsize|p1|6\n|teamsize|p2|6\n|start\n|switch|p1a: Amoonguss|Amoonguss, L82, M|321/321\n|switch|p2a: Sudowoodo|Sudowoodo, L94, M|284/284\n|turn|1\n|inactive|Battle timer is ON: inactive players will automatically lose when time's up. (requested by Hunrito)\n|\n|t:|1781450391\n|move|p2a: Sudowoodo|Stealth Rock|p1a: Amoonguss\n|-sidestart|p1: Hunrito|move: Stealth Rock\n|move|p1a: Amoonguss|Giga Drain|p2a: Sudowoodo\n|-supereffective|p2a: Sudowoodo\n|-crit|p2a: Sudowoodo\n|-damage|p2a: Sudowoodo|72/284\n|\n|-heal|p2a: Sudowoodo|89/284|[from] item: Leftovers\n|upkeep\n|turn|2\n|\n|t:|1781450395\n|move|p2a: Sudowoodo|Head Smash|p1a: Amoonguss\n|-damage|p1a: Amoonguss|87/321\n|move|p1a: Amoonguss|Giga Drain|p2a: Sudowoodo\n|-supereffective|p2a: Sudowoodo\n|-damage|p2a: Sudowoodo|0 fnt\n|-heal|p1a: Amoonguss|132/321|[from] drain|[of] p2a: Sudowoodo\n|faint|p2a: Sudowoodo\n|\n|-heal|p1a: Amoonguss|152/321|[from] item: Leftovers\n|upkeep\n|\n|t:|1781450404\n|switch|p2a: Noctowl|Noctowl, L95, M|344/344\n|turn|3\n|\n|t:|1781450411\n|switch|p1a: Cramorant|Cramorant, L86, F|261/261\n|move|p2a: Noctowl|Nasty Plot|p2a: Noctowl\n|-boost|p2a: Noctowl|spa|2\n|\n|upkeep\n|turn|4\n|\n|t:|1781450419\n|move|p1a: Cramorant|Surf|p2a: Noctowl\n|-formechange|p1a: Cramorant|Cramorant-Gulping|\n|-damage|p2a: Noctowl|274/344\n|move|p2a: Noctowl|Nasty Plot|p2a: Noctowl\n|-boost|p2a: Noctowl|spa|2\n|\n|upkeep\n|turn|5\n|\n|t:|1781450426\n|move|p1a: Cramorant|Defog|p2a: Noctowl\n|-unboost|p2a: Noctowl|evasion|1\n|-sideend|p1: Hunrito|Stealth Rock|[from] move: Defog|[of] p1a: Cramorant\n|move|p2a: Noctowl|Roost|p2a: Noctowl\n|-heal|p2a: Noctowl|344/344\n|-singleturn|p2a: Noctowl|move: Roost\n|\n|upkeep\n|turn|6\n|\n|t:|1781450431\n|move|p1a: Cramorant|Brave Bird|p2a: Noctowl\n|-damage|p2a: Noctowl|188/344\n|-damage|p1a: Cramorant|210/261|[from] Recoil\n|move|p2a: Noctowl|Hyper Voice|p1a: Cramorant\n|-damage|p1a: Cramorant|0 fnt\n|-damage|p2a: Noctowl|102/344|[from] ability: Gulp Missile|[of] p1a: Cramorant\n|-unboost|p2a: Noctowl|def|1\n|-formechange|p1a: Cramorant|Cramorant|\n|faint|p1a: Cramorant\n|\n|upkeep\n|\n|t:|1781450438\n|switch|p1a: Mamoswine|Mamoswine, L81, F|311/311\n|turn|7\n|\n|t:|1781450449\n|switch|p2a: Metagross|Metagross, L79|256/256\n|move|p1a: Mamoswine|Ice Shard|p2a: Metagross\n|-resisted|p2a: Metagross\n|-damage|p2a: Metagross|226/256\n|\n|upkeep\n|turn|8\n|\n|t:|1781450454\n|switch|p1a: Landorus|Landorus, L75, M|257/257\n|move|p2a: Metagross|Agility|p2a: Metagross\n|-boost|p2a: Metagross|spe|2\n|\n|upkeep\n|turn|9\n|\n|t:|1781450474\n|move|p2a: Metagross|Heavy Slam|p1a: Landorus\n|-damage|p1a: Landorus|110/257\n|move|p1a: Landorus|Focus Blast|p2a: Metagross\n|-damage|p2a: Metagross|75/256\n|\n|upkeep\n|turn|10\n|\n|t:|1781450485\n|move|p2a: Metagross|Heavy Slam|p1a: Landorus\n|-damage|p1a: Landorus|0 fnt\n|faint|p1a: Landorus\n|\n|upkeep\n|\n|t:|1781450494\n|switch|p1a: Amoonguss|Amoonguss, L82, M|259/321\n|turn|11\n|\n|t:|1781450501\n|-terastallize|p1a: Amoonguss|Water\n|move|p2a: Metagross|Psychic Fangs|p1a: Amoonguss\n|-damage|p1a: Amoonguss|139/321\n|move|p1a: Amoonguss|Spore|p2a: Metagross\n|-status|p2a: Metagross|slp|[from] move: Spore\n|\n|-heal|p1a: Amoonguss|159/321|[from] item: Leftovers\n|upkeep\n|turn|12\n|\n|t:|1781450511\n|switch|p2a: Noctowl|Noctowl, L95, M|102/344\n|move|p1a: Amoonguss|Stomping Tantrum|p2a: Noctowl\n|-immune|p2a: Noctowl\n|\n|-heal|p1a: Amoonguss|179/321|[from] item: Leftovers\n|upkeep\n|turn|13\n|\n|t:|1781450517\n|switch|p1a: Mamoswine|Mamoswine, L81, F|311/311\n|move|p2a: Noctowl|Roost|p2a: Noctowl\n|-heal|p2a: Noctowl|274/344\n|-singleturn|p2a: Noctowl|move: Roost\n|\n|upkeep\n|turn|14\n|\n|t:|1781450534\n|switch|p2a: Metagross|Metagross, L79|75/256 slp\n|move|p1a: Mamoswine|Icicle Crash|p2a: Metagross|[miss]\n|-miss|p1a: Mamoswine|p2a: Metagross\n|\n|upkeep\n|turn|15\n|\n|t:|1781450545\n|switch|p2a: Noctowl|Noctowl, L95, M|274/344\n|move|p1a: Mamoswine|Icicle Crash|p2a: Noctowl|[miss]\n|-miss|p1a: Mamoswine|p2a: Noctowl\n|\n|upkeep\n|turn|16\n|\n|t:|1781450550\n|switch|p2a: Metagross|Metagross, L79|75/256 slp\n|move|p1a: Mamoswine|Icicle Crash|p2a: Metagross\n|-resisted|p2a: Metagross\n|-damage|p2a: Metagross|18/256 slp\n|\n|upkeep\n|turn|17\n|\n|t:|1781450553\n|move|p1a: Mamoswine|Icicle Crash|p2a: Metagross\n|-resisted|p2a: Metagross\n|-damage|p2a: Metagross|0 fnt\n|faint|p2a: Metagross\n|\n|upkeep\n|\n|t:|1781450559\n|switch|p2a: Scrafty|Scrafty, L83, F|244/244\n|-ability|p2a: Scrafty|Intimidate|boost\n|-unboost|p1a: Mamoswine|atk|1\n|turn|18\n|\n|t:|1781450564\n|switch|p1a: Amoonguss|Amoonguss, L82, M, tera:Water|286/321\n|move|p2a: Scrafty|Dragon Dance|p2a: Scrafty\n|-boost|p2a: Scrafty|atk|1\n|-boost|p2a: Scrafty|spe|1\n|\n|-heal|p1a: Amoonguss|306/321|[from] item: Leftovers\n|upkeep\n|turn|19\n|\n|t:|1781450571\n|move|p2a: Scrafty|Dragon Dance|p2a: Scrafty\n|-boost|p2a: Scrafty|atk|1\n|-boost|p2a: Scrafty|spe|1\n|move|p1a: Amoonguss|Spore|p2a: Scrafty\n|-status|p2a: Scrafty|slp|[from] move: Spore\n|\n|-heal|p1a: Amoonguss|321/321|[from] item: Leftovers\n|upkeep\n|turn|20\n|\n|t:|1781450574\n|cant|p2a: Scrafty|slp\n|move|p1a: Amoonguss|Giga Drain|p2a: Scrafty\n|-damage|p2a: Scrafty|189/244 slp\n|\n|-heal|p2a: Scrafty|204/244 slp|[from] item: Leftovers\n|upkeep\n|turn|21\n|\n|t:|1781450577\n|switch|p1a: Mamoswine|Mamoswine, L81, F|311/311\n|cant|p2a: Scrafty|slp\n|\n|-heal|p2a: Scrafty|219/244 slp|[from] item: Leftovers\n|upkeep\n|turn|22\n|\n|t:|1781450584\n|-curestatus|p2a: Scrafty|slp|[msg]\n|move|p2a: Scrafty|Dragon Dance|p2a: Scrafty\n|-boost|p2a: Scrafty|atk|1\n|-boost|p2a: Scrafty|spe|1\n|move|p1a: Mamoswine|Icicle Crash|p2a: Scrafty\n|-damage|p2a: Scrafty|77/244\n|\n|-heal|p2a: Scrafty|92/244|[from] item: Leftovers\n|upkeep\n|turn|23\n|\n|t:|1781450593\n|switch|p1a: Falinks|Falinks, L84|246/246\n|move|p2a: Scrafty|Drain Punch|p1a: Falinks\n|-damage|p1a: Falinks|87/246\n|-heal|p2a: Scrafty|172/244|[from] drain|[of] p1a: Falinks\n|\n|-heal|p2a: Scrafty|187/244|[from] item: Leftovers\n|upkeep\n|turn|24\n|\n|t:|1781450600\n|move|p2a: Scrafty|Drain Punch|p1a: Falinks\n|-damage|p1a: Falinks|0 fnt\n|-heal|p2a: Scrafty|231/244|[from] drain|[of] p1a: Falinks\n|faint|p1a: Falinks\n|\n|-heal|p2a: Scrafty|244/244|[from] item: Leftovers\n|upkeep\n|\n|t:|1781450601\n|switch|p1a: Amoonguss|Amoonguss, L82, M, tera:Water|321/321\n|turn|25\n|\n|t:|1781450604\n|move|p2a: Scrafty|Knock Off|p1a: Amoonguss\n|-damage|p1a: Amoonguss|54/321\n|-enditem|p1a: Amoonguss|Leftovers|[from] move: Knock Off|[of] p2a: Scrafty\n|move|p1a: Amoonguss|Spore|p2a: Scrafty\n|-status|p2a: Scrafty|slp|[from] move: Spore\n|\n|upkeep\n|turn|26\n|\n|t:|1781450606\n|switch|p1a: Serperior|Serperior, L79, F|248/248\n|cant|p2a: Scrafty|slp\n|\n|upkeep\n|turn|27\n|\n|t:|1781450614\n|-terastallize|p2a: Scrafty|Poison\n|cant|p2a: Scrafty|slp\n|move|p1a: Serperior|Leaf Storm|p2a: Scrafty\n|-resisted|p2a: Scrafty\n|-damage|p2a: Scrafty|193/244 slp\n|-boost|p1a: Serperior|spa|2\n|-damage|p1a: Serperior|224/248|[from] item: Life Orb\n|\n|-heal|p2a: Scrafty|208/244 slp|[from] item: Leftovers\n|upkeep\n|turn|28\n|\n|t:|1781450618\n|cant|p2a: Scrafty|slp\n|move|p1a: Serperior|Dragon Pulse|p2a: Scrafty\n|-damage|p2a: Scrafty|121/244 slp\n|-damage|p1a: Serperior|200/248|[from] item: Life Orb\n|\n|-heal|p2a: Scrafty|136/244 slp|[from] item: Leftovers\n|upkeep\n|turn|29\n|\n|t:|1781450620\n|-curestatus|p2a: Scrafty|slp|[msg]\n|move|p2a: Scrafty|Poison Jab|p1a: Serperior\n|-supereffective|p1a: Serperior\n|-damage|p1a: Serperior|0 fnt\n|faint|p1a: Serperior\n|\n|-heal|p2a: Scrafty|151/244|[from] item: Leftovers\n|upkeep\n|\n|t:|1781450623\n|switch|p1a: Mamoswine|Mamoswine, L81, F|311/311\n|turn|30\n|\n|t:|1781450626\n|move|p2a: Scrafty|Drain Punch|p1a: Mamoswine\n|-supereffective|p1a: Mamoswine\n|-damage|p1a: Mamoswine|0 fnt\n|-heal|p2a: Scrafty|244/244|[from] drain|[of] p1a: Mamoswine\n|faint|p1a: Mamoswine\n|\n|upkeep\n|-message|Hunrito forfeited.\n|\n|win|69latrikpelo69\n", "inputlog": ">version a8376a258c1d4662feba110a92103f3664a72141\n>start {\"formatid\":\"gen9randombattle\",\"seed\":\"sodium,b75e536b47c604f151f70938c28a0d7c\",\"rated\":\"Rated battle\"}\n>player p1 {\"name\":\"Hunrito\",\"avatar\":\"102\",\"rating\":1963,\"seed\":\"sodium,46bae7b59d29718e0ff33a01c2bc04c6\"}\n>player p2 {\"name\":\"69latrikpelo69\",\"avatar\":\"pokemaniac\",\"rating\":1965,\"seed\":\"sodium,f75cdfa2c68dd91459bfdb84dcd35828\"}\n>p1 move gigadrain\n>p2 move stealthrock\n>p1 move gigadrain\n>p2 move headsmash\n>p2 switch 6\n>p1 switch 6\n>p2 move nastyplot\n>p1 move surf\n>p2 move nastyplot\n>p1 move defog\n>p2 move roost\n>p1 move bravebird\n>p2 move hypervoice\n>p1 switch 5\n>p1 move iceshard\n>p2 switch 4\n>p1 switch 3\n>p2 move agility\n>p1 move focusblast\n>p2 move heavyslam\n>p1 move earthpower\n>p2 move heavyslam\n>p1 switch 6\n>p1 move spore terastallize\n>p2 move psychicfangs\n>p1 move stompingtantrum\n>p2 switch 4\n>p1 switch 3\n>p2 move roost\n>p1 move iciclecrash\n>p2 switch 4\n>p1 move iciclecrash\n>p2 switch 4\n>p1 move iciclecrash\n>p2 switch 4\n>p1 move iciclecrash\n>p2 move heavyslam\n>p2 switch 5\n>p1 switch 3\n>p2 move dragondance\n>p1 move spore\n>p2 move dragondance\n>p1 move gigadrain\n>p2 move dragondance\n>p1 switch 3\n>p2 move dragondance\n>p1 move iciclecrash\n>p2 move dragondance\n>p1 switch 4\n>p2 move drainpunch\n>p1 move closecombat\n>p2 move drainpunch\n>p1 switch 3\n>p1 move spore\n>p2 move knockoff\n>p1 switch 2\n>p2 move dragondance\n>p1 move leafstorm\n>p2 move poisonjab terastallize\n>p1 move dragonpulse\n>p2 move poisonjab\n>p1 move dragonpulse\n>p2 move poisonjab\n>p1 switch 4\n>p1 move earthquake\n>p2 move drainpunch\n>forcelose p1", "uploadtime": 1781450377, "views": 5, "formatid": "gen9randombattle", "rating": null, "private": 0, "password": null}