{"id": "gen9randombattle-2631841019", "format": "[Gen 9] Random Battle", "players": ["shwaaaa 421", "AmroE13"], "log": "|j|\u2606shwaaaa 421\n|j|\u2606AmroE13\n|t:|1781446874\n|gametype|singles\n|player|p1|shwaaaa 421|1|1939\n|player|p2|AmroE13|266|1990\n|gen|9\n|tier|[Gen 9] Random Battle\n|rated|\n|rule|Species Clause: Limit one of each Pok\u00e9mon\n|rule|HP Percentage Mod: HP is shown in percentages\n|rule|Sleep Clause Mod: Limit one foe put to sleep\n|rule|Illusion Level Mod: Illusion disguises the Pok\u00e9mon's true level\n|\n|t:|1781446874\n|teamsize|p1|6\n|teamsize|p2|6\n|start\n|switch|p1a: Infernape|Infernape, L82, F|259/259\n|switch|p2a: Revavroom|Revavroom, L79, M|256/256\n|turn|1\n|inactive|Battle timer is ON: inactive players will automatically lose when time's up. (requested by shwaaaa 421)\n|\n|t:|1781446895\n|move|p1a: Infernape|Knock Off|p2a: Revavroom\n|-damage|p2a: Revavroom|156/256\n|-enditem|p2a: Revavroom|Life Orb|[from] move: Knock Off|[of] p1a: Infernape\n|-damage|p1a: Infernape|234/259|[from] item: Life Orb\n|move|p2a: Revavroom|Shift Gear|p2a: Revavroom\n|-boost|p2a: Revavroom|spe|2\n|-boost|p2a: Revavroom|atk|1\n|\n|upkeep\n|turn|2\n|\n|t:|1781446909\n|move|p2a: Revavroom|High Horsepower|p1a: Infernape\n|-supereffective|p1a: Infernape\n|-damage|p1a: Infernape|0 fnt\n|faint|p1a: Infernape\n|\n|upkeep\n|\n|t:|1781446918\n|switch|p1a: Golduck|Golduck, L90, M|290/290\n|-ability|p1a: Golduck|Cloud Nine\n|turn|3\n|\n|t:|1781446922\n|move|p2a: Revavroom|Gunk Shot|p1a: Golduck\n|-damage|p1a: Golduck|85/290\n|move|p1a: Golduck|Hydro Pump|p2a: Revavroom\n|-damage|p2a: Revavroom|0 fnt\n|faint|p2a: Revavroom\n|\n|upkeep\n|\n|t:|1781446937\n|switch|p2a: Virizion|Virizion, L82|283/283\n|turn|4\n|\n|t:|1781446943\n|switch|p1a: Minun|Minun, L95, F|268/268\n|move|p2a: Virizion|Swords Dance|p2a: Virizion\n|-boost|p2a: Virizion|atk|2\n|\n|upkeep\n|turn|5\n|\n|t:|1781446949\n|switch|p2a: Zebstrika|Zebstrika, L87, F|272/272\n|move|p1a: Minun|Nasty Plot|p1a: Minun\n|-boost|p1a: Minun|spa|2\n|\n|upkeep\n|turn|6\n|\n|t:|1781446958\n|-terastallize|p1a: Minun|Fairy\n|move|p2a: Zebstrika|High Horsepower|p1a: Minun\n|-damage|p1a: Minun|137/268\n|-damage|p2a: Zebstrika|245/272|[from] item: Life Orb\n|move|p1a: Minun|Alluring Voice|p2a: Zebstrika\n|-damage|p2a: Zebstrika|0 fnt\n|faint|p2a: Zebstrika\n|-damage|p1a: Minun|111/268|[from] item: Life Orb\n|\n|upkeep\n|\n|t:|1781446970\n|switch|p2a: Crawdaunt|Crawdaunt, L84, F|243/243\n|turn|7\n|\n|t:|1781446975\n|move|p2a: Crawdaunt|Aqua Jet|p1a: Minun\n|-damage|p1a: Minun|0 fnt\n|faint|p1a: Minun\n|-damage|p2a: Crawdaunt|219/243|[from] item: Life Orb\n|\n|upkeep\n|\n|t:|1781446979\n|switch|p1a: Serperior|Serperior, L79, F|248/248\n|turn|8\n|\n|t:|1781447002\n|switch|p2a: Virizion|Virizion, L82|283/283\n|move|p1a: Serperior|Leaf Storm|p2a: Virizion\n|-resisted|p2a: Virizion\n|-damage|p2a: Virizion|241/283\n|-boost|p1a: Serperior|spa|2\n|\n|upkeep\n|turn|9\n|\n|t:|1781447013\n|move|p2a: Virizion|Close Combat|p1a: Serperior\n|-damage|p1a: Serperior|88/248\n|-unboost|p2a: Virizion|def|1\n|-unboost|p2a: Virizion|spd|1\n|-damage|p2a: Virizion|213/283|[from] item: Life Orb\n|move|p1a: Serperior|Substitute|p1a: Serperior\n|-start|p1a: Serperior|Substitute\n|-damage|p1a: Serperior|26/248\n|\n|-heal|p1a: Serperior|41/248|[from] item: Leftovers\n|upkeep\n|turn|10\n|\n|t:|1781447029\n|move|p1a: Serperior|Dragon Pulse|p2a: Virizion\n|-damage|p2a: Virizion|109/283\n|move|p2a: Virizion|Close Combat|p1a: Serperior\n|-end|p1a: Serperior|Substitute\n|-unboost|p2a: Virizion|def|1\n|-unboost|p2a: Virizion|spd|1\n|-damage|p2a: Virizion|81/283|[from] item: Life Orb\n|\n|-heal|p1a: Serperior|56/248|[from] item: Leftovers\n|upkeep\n|turn|11\n|\n|t:|1781447040\n|move|p1a: Serperior|Dragon Pulse|p2a: Virizion\n|-damage|p2a: Virizion|0 fnt\n|faint|p2a: Virizion\n|\n|-heal|p1a: Serperior|71/248|[from] item: Leftovers\n|upkeep\n|\n|t:|1781447043\n|switch|p2a: Crawdaunt|Crawdaunt, L84, F|219/243\n|turn|12\n|\n|t:|1781447050\n|-terastallize|p2a: Crawdaunt|Water\n|move|p2a: Crawdaunt|Aqua Jet|p1a: Serperior\n|-resisted|p1a: Serperior\n|-damage|p1a: Serperior|24/248\n|-damage|p2a: Crawdaunt|195/243|[from] item: Life Orb\n|move|p1a: Serperior|Leaf Storm|p2a: Crawdaunt\n|-supereffective|p2a: Crawdaunt\n|-damage|p2a: Crawdaunt|0 fnt\n|-boost|p1a: Serperior|spa|2\n|faint|p2a: Crawdaunt\n|\n|-heal|p1a: Serperior|39/248|[from] item: Leftovers\n|upkeep\n|\n|t:|1781447057\n|switch|p2a: Shiftry|Shiftry, L89, M|305/305\n|turn|13\n|\n|t:|1781447070\n|move|p1a: Serperior|Substitute|p1a: Serperior\n|-fail|p1a: Serperior|move: Substitute|[weak]\n|move|p2a: Shiftry|Tailwind|p2a: Shiftry\n|-sidestart|p2: AmroE13|move: Tailwind\n|-ability|p2a: Shiftry|Wind Rider|boost\n|-boost|p2a: Shiftry|atk|1\n|\n|-heal|p1a: Serperior|54/248|[from] item: Leftovers\n|upkeep\n|turn|14\n|\n|t:|1781447079\n|move|p2a: Shiftry|Knock Off|p1a: Serperior\n|-damage|p1a: Serperior|0 fnt\n|-enditem|p1a: Serperior|Leftovers|[from] move: Knock Off|[of] p2a: Shiftry\n|faint|p1a: Serperior\n|-damage|p2a: Shiftry|275/305|[from] item: Life Orb\n|\n|upkeep\n|\n|t:|1781447083\n|switch|p1a: Cetitan|Cetitan, L82, F|413/413\n|turn|15\n|\n|t:|1781447088\n|move|p2a: Shiftry|Low Kick|p1a: Cetitan\n|-supereffective|p1a: Cetitan\n|-damage|p1a: Cetitan|0 fnt\n|faint|p1a: Cetitan\n|-damage|p2a: Shiftry|245/305|[from] item: Life Orb\n|\n|upkeep\n|\n|t:|1781447092\n|switch|p1a: Golduck|Golduck, L90, M|85/290\n|-ability|p1a: Golduck|Cloud Nine\n|turn|16\n|\n|t:|1781447096\n|move|p2a: Shiftry|Leaf Blade|p1a: Golduck\n|-supereffective|p1a: Golduck\n|-crit|p1a: Golduck\n|-damage|p1a: Golduck|0 fnt\n|faint|p1a: Golduck\n|-damage|p2a: Shiftry|215/305|[from] item: Life Orb\n|\n|-sideend|p2: AmroE13|move: Tailwind\n|upkeep\n|\n|t:|1781447099\n|switch|p1a: Toxtricity|Toxtricity, L82, F|257/257\n|turn|17\n|\n|t:|1781447124\n|move|p2a: Shiftry|Knock Off|p1a: Toxtricity\n|-damage|p1a: Toxtricity|0 fnt\n|-enditem|p1a: Toxtricity|Choice Specs|[from] move: Knock Off|[of] p2a: Shiftry\n|faint|p1a: Toxtricity\n|-damage|p2a: Shiftry|185/305|[from] item: Life Orb\n|\n|win|AmroE13\n|raw|shwaaaa 421's rating: 1939 &rarr; <strong>1922</strong><br />(-17 for losing)\n|raw|AmroE13's rating: 1990 &rarr; <strong>2007</strong><br />(+17 for winning)\n|l|\u2606shwaaaa 421\n|player|p1|\n", "uploadtime": 1781446877, "views": 4, "formatid": "gen9randombattle", "rating": 1922, "private": 0, "password": null}