{"id": "gen9randombattle-2631405916", "format": "[Gen 9] Random Battle", "players": ["lucas53674", "yes eye on1"], "log": "|j|\u2606lucas53674\n|j|\u2606yes eye on1\n|t:|1781380767\n|gametype|singles\n|player|p1|lucas53674|n|1284\n|player|p2|yes eye on1|101|1266\n|gen|9\n|tier|[Gen 9] Random Battle\n|rated|\n|rule|Species Clause: Limit one of each Pok\u00e9mon\n|rule|HP Percentage Mod: HP is shown in percentages\n|rule|Sleep Clause Mod: Limit one foe put to sleep\n|rule|Illusion Level Mod: Illusion disguises the Pok\u00e9mon's true level\n|\n|t:|1781380767\n|teamsize|p1|6\n|teamsize|p2|6\n|start\n|switch|p1a: Granbull|Granbull, L88, M|302/302\n|switch|p2a: Mismagius|Mismagius, L86, M|243/243\n|-ability|p1a: Granbull|Intimidate|boost\n|-unboost|p2a: Mismagius|atk|1\n|turn|1\n|\n|t:|1781380788\n|move|p2a: Mismagius|Shadow Ball|p1a: Granbull\n|-damage|p1a: Granbull|131/302\n|move|p1a: Granbull|Play Rough|p2a: Mismagius\n|-damage|p2a: Mismagius|96/243\n|\n|-heal|p1a: Granbull|149/302|[from] item: Leftovers\n|upkeep\n|turn|2\n|\n|t:|1781380804\n|move|p2a: Mismagius|Shadow Ball|p1a: Granbull\n|-damage|p1a: Granbull|0 fnt\n|faint|p1a: Granbull\n|\n|upkeep\n|\n|t:|1781380819\n|switch|p1a: Jumpluff|Jumpluff, L87, M|271/271\n|turn|3\n|inactive|Battle timer is ON: inactive players will automatically lose when time's up. (requested by yes eye on1)\n|\n|t:|1781380826\n|move|p1a: Jumpluff|Acrobatics|p2a: Mismagius\n|-damage|p2a: Mismagius|0 fnt\n|faint|p2a: Mismagius\n|\n|upkeep\n|inactiveoff|Battle timer is now OFF.\n|\n|t:|1781380843\n|switch|p2a: Pecharunt|Pecharunt, L77|262/262\n|turn|4\n|\n|t:|1781380854\n|move|p1a: Jumpluff|Sleep Powder|p2a: Pecharunt\n|-status|p2a: Pecharunt|slp|[from] move: Sleep Powder\n|cant|p2a: Pecharunt|slp\n|\n|upkeep\n|turn|5\n|\n|t:|1781380862\n|move|p1a: Jumpluff|Strength Sap|p2a: Pecharunt\n|-unboost|p2a: Pecharunt|atk|1\n|cant|p2a: Pecharunt|slp\n|\n|upkeep\n|turn|6\n|\n|t:|1781380867\n|move|p1a: Jumpluff|Acrobatics|p2a: Pecharunt\n|-damage|p2a: Pecharunt|204/262 slp\n|cant|p2a: Pecharunt|slp\n|\n|-heal|p2a: Pecharunt|220/262 slp|[from] item: Leftovers\n|upkeep\n|turn|7\n|\n|t:|1781380877\n|move|p1a: Jumpluff|Strength Sap|p2a: Pecharunt\n|-unboost|p2a: Pecharunt|atk|1\n|-curestatus|p2a: Pecharunt|slp|[msg]\n|move|p2a: Pecharunt|Malignant Chain|p1a: Jumpluff\n|-supereffective|p1a: Jumpluff\n|-damage|p1a: Jumpluff|131/271\n|\n|-heal|p2a: Pecharunt|236/262|[from] item: Leftovers\n|upkeep\n|turn|8\n|\n|t:|1781380890\n|move|p1a: Jumpluff|Sleep Powder|p2a: Pecharunt\n|-status|p2a: Pecharunt|slp|[from] move: Sleep Powder\n|cant|p2a: Pecharunt|slp\n|\n|-heal|p2a: Pecharunt|252/262 slp|[from] item: Leftovers\n|upkeep\n|turn|9\n|\n|t:|1781380914\n|switch|p1a: Rhyperior|Rhyperior, L82, M|323/323\n|cant|p2a: Pecharunt|slp\n|\n|-heal|p2a: Pecharunt|262/262 slp|[from] item: Leftovers\n|upkeep\n|turn|10\n|\n|t:|1781380926\n|switch|p2a: Dipplin|Dipplin, L88, F|284/284\n|move|p1a: Rhyperior|Earthquake|p2a: Dipplin\n|-resisted|p2a: Dipplin\n|-damage|p2a: Dipplin|250/284\n|\n|upkeep\n|turn|11\n|\n|t:|1781380933\n|move|p1a: Rhyperior|Ice Punch|p2a: Dipplin\n|-supereffective|p2a: Dipplin\n|-damage|p2a: Dipplin|106/284\n|move|p2a: Dipplin|Dragon Tail|p1a: Rhyperior\n|-crit|p1a: Rhyperior\n|-damage|p1a: Rhyperior|254/323\n|drag|p1a: Keldeo|Keldeo-Resolute, L79|273/273\n|\n|upkeep\n|turn|12\n|\n|t:|1781380952\n|move|p1a: Keldeo|Substitute|p1a: Keldeo\n|-start|p1a: Keldeo|Substitute\n|-damage|p1a: Keldeo|205/273\n|move|p2a: Dipplin|Giga Drain|p1a: Keldeo\n|-supereffective|p1a: Keldeo\n|-end|p1a: Keldeo|Substitute\n|-heal|p2a: Dipplin|140/284|[from] drain|[of] p1a: Keldeo\n|\n|-heal|p1a: Keldeo|222/273|[from] item: Leftovers\n|upkeep\n|turn|13\n|\n|t:|1781380965\n|move|p1a: Keldeo|Secret Sword|p2a: Dipplin\n|-damage|p2a: Dipplin|83/284\n|move|p2a: Dipplin|Giga Drain|p1a: Keldeo\n|-supereffective|p1a: Keldeo\n|-damage|p1a: Keldeo|54/273\n|-heal|p2a: Dipplin|167/284|[from] drain|[of] p1a: Keldeo\n|\n|-heal|p1a: Keldeo|71/273|[from] item: Leftovers\n|upkeep\n|turn|14\n|\n|t:|1781380978\n|switch|p1a: Skeledirge|Skeledirge, L79, F|294/294\n|move|p2a: Dipplin|Giga Drain|p1a: Skeledirge\n|-resisted|p1a: Skeledirge\n|-crit|p1a: Skeledirge\n|-damage|p1a: Skeledirge|222/294\n|-heal|p2a: Dipplin|203/284|[from] drain|[of] p1a: Skeledirge\n|\n|upkeep\n|turn|15\n|l|\u2606yes eye on1\n|player|p2|\n|j|\u2606yes eye on1\n|player|p2|yes eye on1|101|\n|\n|t:|1781381060\n|switch|p2a: Arceus|Arceus-Rock, L74|300/300\n|move|p1a: Skeledirge|Torch Song|p2a: Arceus\n|-resisted|p2a: Arceus\n|-crit|p2a: Arceus\n|-damage|p2a: Arceus|249/300\n|-boost|p1a: Skeledirge|spa|1\n|\n|upkeep\n|turn|16\n|\n|t:|1781381075\n|move|p2a: Arceus|Stone Edge|p1a: Skeledirge\n|-supereffective|p1a: Skeledirge\n|-damage|p1a: Skeledirge|0 fnt\n|faint|p1a: Skeledirge\n|\n|upkeep\n|\n|t:|1781381084\n|switch|p1a: Keldeo|Keldeo-Resolute, L79|71/273\n|turn|17\n|\n|t:|1781381094\n|move|p2a: Arceus|Earthquake|p1a: Keldeo\n|-damage|p1a: Keldeo|1/273\n|move|p1a: Keldeo|Secret Sword|p2a: Arceus\n|-supereffective|p2a: Arceus\n|-damage|p2a: Arceus|67/300\n|\n|-heal|p1a: Keldeo|18/273|[from] item: Leftovers\n|upkeep\n|turn|18\n|\n|t:|1781381107\n|switch|p2a: Pecharunt|Pecharunt, L77|262/262 slp\n|move|p1a: Keldeo|Surf|p2a: Pecharunt\n|-damage|p2a: Pecharunt|154/262 slp\n|\n|-heal|p1a: Keldeo|35/273|[from] item: Leftovers\n|-heal|p2a: Pecharunt|170/262 slp|[from] item: Leftovers\n|upkeep\n|turn|19\n|\n|t:|1781381118\n|move|p1a: Keldeo|Surf|p2a: Pecharunt\n|-damage|p2a: Pecharunt|62/262 slp\n|-curestatus|p2a: Pecharunt|slp|[msg]\n|move|p2a: Pecharunt|Parting Shot|p1a: Keldeo\n|-unboost|p1a: Keldeo|atk|1\n|-unboost|p1a: Keldeo|spa|1\n|\n|t:|1781381127\n|switch|p2a: Arceus|Arceus-Rock, L74|67/300|[from] Parting Shot\n|\n|-heal|p1a: Keldeo|52/273|[from] item: Leftovers\n|upkeep\n|turn|20\n|\n|t:|1781381135\n|move|p2a: Arceus|Earthquake|p1a: Keldeo\n|-damage|p1a: Keldeo|0 fnt\n|faint|p1a: Keldeo\n|\n|upkeep\n|\n|t:|1781381140\n|switch|p1a: Jumpluff|Jumpluff, L87, M|131/271\n|turn|21\n|\n|t:|1781381150\n|move|p1a: Jumpluff|Sleep Powder|p2a: Arceus|[miss]\n|-miss|p1a: Jumpluff|p2a: Arceus\n|move|p2a: Arceus|Recover|p2a: Arceus\n|-heal|p2a: Arceus|217/300\n|\n|upkeep\n|turn|22\n|\n|t:|1781381157\n|move|p1a: Jumpluff|Sleep Powder|p2a: Arceus\n|-status|p2a: Arceus|slp|[from] move: Sleep Powder\n|cant|p2a: Arceus|slp\n|\n|upkeep\n|turn|23\n|\n|t:|1781381162\n|switch|p2a: Pecharunt|Pecharunt, L77|62/262\n|move|p1a: Jumpluff|Acrobatics|p2a: Pecharunt\n|-damage|p2a: Pecharunt|8/262\n|\n|-heal|p2a: Pecharunt|24/262|[from] item: Leftovers\n|upkeep\n|turn|24\n|\n|t:|1781381170\n|move|p1a: Jumpluff|Acrobatics|p2a: Pecharunt\n|-damage|p2a: Pecharunt|0 fnt\n|faint|p2a: Pecharunt\n|\n|upkeep\n|\n|t:|1781381175\n|switch|p2a: Noctowl|Noctowl, L95, F|344/344\n|turn|25\n|\n|t:|1781381184\n|move|p1a: Jumpluff|Sleep Powder|p2a: Noctowl\n|-message|Sleep Clause Mod activated.\n|-hint|Sleep Clause Mod prevents players from putting more than one of their opponent's Pok\u00e9mon to sleep at a time\n|move|p2a: Noctowl|Calm Mind|p2a: Noctowl\n|-boost|p2a: Noctowl|spa|1\n|-boost|p2a: Noctowl|spd|1\n|\n|upkeep\n|turn|26\n|\n|t:|1781381195\n|move|p1a: Jumpluff|Encore|p2a: Noctowl\n|-start|p2a: Noctowl|Encore\n|move|p2a: Noctowl|Calm Mind|p2a: Noctowl\n|-boost|p2a: Noctowl|spa|1\n|-boost|p2a: Noctowl|spd|1\n|\n|upkeep\n|turn|27\n|l|\u2606yes eye on1\n|player|p2|\n|j|\u2606yes eye on1\n|player|p2|yes eye on1|101|\n|\n|t:|1781381240\n|switch|p1a: Rhyperior|Rhyperior, L82, M|254/323\n|move|p2a: Noctowl|Calm Mind|p2a: Noctowl\n|-boost|p2a: Noctowl|spa|1\n|-boost|p2a: Noctowl|spd|1\n|\n|upkeep\n|turn|28\n|\n|t:|1781381252\n|move|p2a: Noctowl|Calm Mind|p2a: Noctowl\n|-boost|p2a: Noctowl|spa|1\n|-boost|p2a: Noctowl|spd|1\n|move|p1a: Rhyperior|Stone Edge|p2a: Noctowl\n|-supereffective|p2a: Noctowl\n|-damage|p2a: Noctowl|20/344\n|\n|-end|p2a: Noctowl|Encore\n|upkeep\n|turn|29\n|l|\u2606yes eye on1\n|player|p2|\n|j|\u2606yes eye on1\n|player|p2|yes eye on1|101|\n|\n|t:|1781381287\n|move|p2a: Noctowl|Roost|p2a: Noctowl\n|-heal|p2a: Noctowl|192/344\n|-singleturn|p2a: Noctowl|move: Roost\n|move|p1a: Rhyperior|Stone Edge|p2a: Noctowl\n|-damage|p2a: Noctowl|30/344\n|\n|upkeep\n|turn|30\n|\n|t:|1781381301\n|move|p2a: Noctowl|Roost|p2a: Noctowl\n|-heal|p2a: Noctowl|202/344\n|-singleturn|p2a: Noctowl|move: Roost\n|move|p1a: Rhyperior|Stone Edge|p2a: Noctowl\n|-damage|p2a: Noctowl|19/344\n|\n|upkeep\n|turn|31\n|l|\u2606yes eye on1\n|player|p2|\n|inactive|Battle timer is ON: inactive players will automatically lose when time's up. (requested by lucas53674)\n|j|\u2606yes eye on1\n|inactive|yes eye on1 reconnected and has 150 seconds left.\n|player|p2|yes eye on1|101|\n|\n|t:|1781381433\n|move|p2a: Noctowl|Roost|p2a: Noctowl\n|-heal|p2a: Noctowl|191/344\n|-singleturn|p2a: Noctowl|move: Roost\n|move|p1a: Rhyperior|Stone Edge|p2a: Noctowl\n|-damage|p2a: Noctowl|29/344\n|\n|upkeep\n|turn|32\n|\n|t:|1781381445\n|move|p2a: Noctowl|Hyper Voice|p1a: Rhyperior\n|-resisted|p1a: Rhyperior\n|-damage|p1a: Rhyperior|0 fnt\n|faint|p1a: Rhyperior\n|\n|upkeep\n|\n|t:|1781381450\n|switch|p1a: Wyrdeer|Wyrdeer, L87, M|321/321\n|-ability|p1a: Wyrdeer|Intimidate|boost\n|-unboost|p2a: Noctowl|atk|1\n|turn|33\n|\n|t:|1781381466\n|move|p2a: Noctowl|Roost|p2a: Noctowl\n|-heal|p2a: Noctowl|201/344\n|-singleturn|p2a: Noctowl|move: Roost\n|move|p1a: Wyrdeer|Megahorn|p2a: Noctowl\n|-damage|p2a: Noctowl|74/344\n|\n|upkeep\n|turn|34\n|\n|t:|1781381477\n|move|p2a: Noctowl|Hyper Voice|p1a: Wyrdeer\n|-damage|p1a: Wyrdeer|0 fnt\n|faint|p1a: Wyrdeer\n|\n|upkeep\n|\n|t:|1781381484\n|switch|p1a: Jumpluff|Jumpluff, L87, M|131/271\n|turn|35\n|\n|t:|1781381490\n|move|p1a: Jumpluff|Sleep Powder|p2a: Noctowl\n|-message|Sleep Clause Mod activated.\n|-hint|Sleep Clause Mod prevents players from putting more than one of their opponent's Pok\u00e9mon to sleep at a time\n|move|p2a: Noctowl|Hyper Voice|p1a: Jumpluff\n|-damage|p1a: Jumpluff|0 fnt\n|faint|p1a: Jumpluff\n|\n|win|yes eye on1\n|raw|lucas53674's rating: 1284 &rarr; <strong>1258</strong><br />(-26 for losing)\n|raw|yes eye on1's rating: 1266 &rarr; <strong>1292</strong><br />(+26 for winning)\n", "inputlog": ">version a8376a258c1d4662feba110a92103f3664a72141\n>start {\"formatid\":\"gen9randombattle\",\"seed\":\"sodium,e9111b0e349b74c840bc4ef8ab90f5e0\",\"rated\":\"Rated battle\"}\n>player p1 {\"name\":\"lucas53674\",\"avatar\":\"n\",\"rating\":1284,\"seed\":\"sodium,ba6873e750321c67214b4166c45a400f\"}\n>player p2 {\"name\":\"yes eye on1\",\"avatar\":\"101\",\"rating\":1266,\"seed\":\"sodium,aceb2813623e1684e73c069525ba1f35\"}\n>p1 move playrough\n>p2 move shadowball\n>p1 move playrough\n>p2 move shadowball\n>p1 switch 5\n>p1 move acrobatics\n>p2 move shadowball\n>p2 switch 6\n>p1 move sleeppowder\n>p2 move malignantchain\n>p1 move strengthsap\n>p2 move malignantchain\n>p1 move acrobatics\n>p2 move malignantchain\n>p1 move strengthsap\n>p2 move malignantchain\n>p1 move sleeppowder\n>p2 move malignantchain\n>p1 switch 4\n>p2 move malignantchain\n>p1 move earthquake\n>p2 switch 2\n>p1 move icepunch\n>p2 move dragontail\n>p1 move substitute\n>p2 move gigadrain\n>p1 move secretsword\n>p2 move gigadrain\n>p1 switch 6\n>p2 move gigadrain\n>p1 move torchsong\n>p2 switch 5\n>p1 move shadowball\n>p2 move stoneedge\n>p1 switch 6\n>p1 move secretsword\n>p2 move earthquake\n>p1 move surf\n>p2 switch 2\n>p1 move surf\n>p2 move partingshot\n>p2 switch 2\n>p1 move surf\n>p2 move earthquake\n>p1 switch 4\n>p1 move sleeppowder\n>p2 move recover\n>p1 move sleeppowder\n>p2 move stoneedge\n>p1 move acrobatics\n>p2 switch 2\n>p1 move acrobatics\n>p2 move recover\n>p2 switch 3\n>p1 move sleeppowder\n>p2 move calmmind\n>p1 move encore\n>p2 move calmmind\n>p1 switch 3\n>p2 move calmmind\n>p1 move stoneedge\n>p2 move calmmind\n>p1 move stoneedge\n>p2 move roost\n>p1 move stoneedge\n>p2 move roost\n>p1 move stoneedge\n>p2 move roost\n>p1 move stoneedge\n>p2 move hypervoice\n>p1 switch 2\n>p1 move megahorn\n>p2 move roost\n>p1 move psychicnoise\n>p2 move hypervoice\n>p1 switch 3\n>p1 move sleeppowder\n>p2 move hypervoice", "uploadtime": 1781381495, "views": 8, "formatid": "gen9randombattle", "rating": 1258, "private": 0, "password": null}