{"id": "gen9randombattle-2631726603", "format": "[Gen 9] Random Battle", "players": ["nhm11", "seraf11"], "log": "|j|\u2606nhm11\n|j|\u2606seraf11\n|t:|1781429383\n|gametype|singles\n|player|p1|nhm11|cynthia|1215\n|player|p2|seraf11|rocketgrunt|1170\n|gen|9\n|tier|[Gen 9] Random Battle\n|rated|\n|rule|Species Clause: Limit one of each Pok\u00e9mon\n|rule|HP Percentage Mod: HP is shown in percentages\n|rule|Sleep Clause Mod: Limit one foe put to sleep\n|rule|Illusion Level Mod: Illusion disguises the Pok\u00e9mon's true level\n|\n|t:|1781429383\n|teamsize|p1|6\n|teamsize|p2|6\n|start\n|switch|p1a: Drifblim|Drifblim, L86, F|396/396\n|switch|p2a: Braviary|Braviary, L85, M|309/309\n|turn|1\n|\n|t:|1781429418\n|switch|p2a: Lokix|Lokix, L82, M|251/251\n|move|p1a: Drifblim|Calm Mind|p1a: Drifblim\n|-boost|p1a: Drifblim|spa|1\n|-boost|p1a: Drifblim|spd|1\n|\n|upkeep\n|turn|2\n|\n|t:|1781429437\n|move|p2a: Lokix|Knock Off|p1a: Drifblim\n|-supereffective|p1a: Drifblim\n|-damage|p1a: Drifblim|6/396\n|-enditem|p1a: Drifblim|Sitrus Berry|[from] move: Knock Off|[of] p2a: Lokix\n|-damage|p2a: Lokix|226/251|[from] item: Life Orb\n|move|p1a: Drifblim|Air Slash|p2a: Lokix\n|-supereffective|p2a: Lokix\n|-crit|p2a: Lokix\n|-damage|p2a: Lokix|0 fnt\n|faint|p2a: Lokix\n|\n|upkeep\n|\n|t:|1781429468\n|switch|p2a: Archaludon|Archaludon, L78, M|268/268\n|turn|3\n|\n|t:|1781429478\n|move|p1a: Drifblim|Strength Sap|p2a: Archaludon\n|-unboost|p2a: Archaludon|atk|1\n|-heal|p1a: Drifblim|215/396\n|move|p2a: Archaludon|Iron Head|p1a: Drifblim\n|-damage|p1a: Drifblim|130/396\n|\n|upkeep\n|turn|4\n|inactive|Battle timer is ON: inactive players will automatically lose when time's up. (requested by nhm11)\n|\n|t:|1781429497\n|move|p1a: Drifblim|Strength Sap|p2a: Archaludon\n|-unboost|p2a: Archaludon|atk|1\n|-heal|p1a: Drifblim|269/396\n|move|p2a: Archaludon|Swords Dance|p2a: Archaludon\n|-boost|p2a: Archaludon|atk|2\n|\n|upkeep\n|turn|5\n|\n|t:|1781429523\n|move|p1a: Drifblim|Strength Sap|p2a: Archaludon\n|-unboost|p2a: Archaludon|atk|1\n|-heal|p1a: Drifblim|396/396\n|move|p2a: Archaludon|Swords Dance|p2a: Archaludon\n|-boost|p2a: Archaludon|atk|2\n|\n|upkeep\n|turn|6\n|\n|t:|1781429542\n|move|p1a: Drifblim|Air Slash|p2a: Archaludon\n|-resisted|p2a: Archaludon\n|-damage|p2a: Archaludon|191/268\n|-ability|p2a: Archaludon|Stamina|boost\n|-boost|p2a: Archaludon|def|1\n|move|p2a: Archaludon|Swords Dance|p2a: Archaludon\n|-boost|p2a: Archaludon|atk|2\n|\n|upkeep\n|turn|7\n|\n|t:|1781429554\n|move|p1a: Drifblim|Air Slash|p2a: Archaludon\n|-resisted|p2a: Archaludon\n|-damage|p2a: Archaludon|113/268\n|-ability|p2a: Archaludon|Stamina|boost\n|-boost|p2a: Archaludon|def|1\n|move|p2a: Archaludon|Outrage|p1a: Drifblim\n|-crit|p1a: Drifblim\n|-damage|p1a: Drifblim|0 fnt\n|faint|p1a: Drifblim\n|\n|upkeep\n|inactive|nhm11 has 120 seconds left.\n|\n|t:|1781429581\n|switch|p1a: Scovillain|Scovillain, L91, F|266/266\n|turn|8\n|inactive|nhm11 has 120 seconds left.\n|\n|t:|1781429594\n|move|p1a: Scovillain|Flamethrower|p2a: Archaludon\n|-damage|p2a: Archaludon|0 fnt\n|faint|p2a: Archaludon\n|\n|upkeep\n|inactive|seraf11 has 120 seconds left.\n|\n|t:|1781429629\n|switch|p2a: Braviary|Braviary, L85, M|309/309\n|turn|9\n|\n|t:|1781429641\n|switch|p1a: Drednaw|Drednaw, L81, F|278/278\n|move|p2a: Braviary|Brave Bird|p1a: Drednaw\n|-resisted|p1a: Drednaw\n|-damage|p1a: Drednaw|193/278\n|-damage|p2a: Braviary|281/309|[from] Recoil\n|\n|upkeep\n|turn|10\n|inactive|nhm11 has 120 seconds left.\n|\n|t:|1781429658\n|-terastallize|p2a: Braviary|Fighting\n|move|p2a: Braviary|Bulk Up|p2a: Braviary\n|-boost|p2a: Braviary|atk|1\n|-boost|p2a: Braviary|def|1\n|move|p1a: Drednaw|Stone Edge|p2a: Braviary\n|-resisted|p2a: Braviary\n|-damage|p2a: Braviary|236/309\n|\n|upkeep\n|turn|11\n|inactive|nhm11 has 120 seconds left.\n|\n|t:|1781429696\n|switch|p1a: Dragalge|Dragalge, L88, F|258/258\n|move|p2a: Braviary|Bulk Up|p2a: Braviary\n|-boost|p2a: Braviary|atk|1\n|-boost|p2a: Braviary|def|1\n|\n|upkeep\n|turn|12\n|\n|t:|1781429708\n|move|p2a: Braviary|Brave Bird|p1a: Dragalge\n|-damage|p1a: Dragalge|0 fnt\n|faint|p1a: Dragalge\n|-damage|p2a: Braviary|151/309|[from] Recoil\n|\n|upkeep\n|-message|nhm11 forfeited.\n|\n|win|seraf11\n|raw|nhm11's rating: 1215 &rarr; <strong>1187</strong><br />(-28 for losing)\n|raw|seraf11's rating: 1170 &rarr; <strong>1198</strong><br />(+28 for winning)\n|l|\u2606nhm11\n|player|p1|\n", "inputlog": ">version a8376a258c1d4662feba110a92103f3664a72141\n>start {\"formatid\":\"gen9randombattle\",\"seed\":\"sodium,977e78c4da93f13753cccb3400c5a048\",\"rated\":\"Rated battle\"}\n>player p1 {\"name\":\"nhm11\",\"avatar\":\"cynthia\",\"rating\":1215,\"seed\":\"sodium,1a668c013305630775794fc66856afeb\"}\n>player p2 {\"name\":\"seraf11\",\"avatar\":\"rocketgrunt\",\"rating\":1170,\"seed\":\"sodium,5254e1024b49189952b965e3832c3840\"}\n>p1 move calmmind\n>p2 switch 3\n>p1 move airslash\n>p2 move knockoff\n>p2 switch 5\n>p1 move strengthsap\n>p2 move ironhead\n>p1 move strengthsap\n>p2 move swordsdance\n>p1 move strengthsap\n>p2 move swordsdance\n>p1 move airslash\n>p2 move swordsdance\n>p1 move airslash\n>p2 move outrage\n>p1 switch 6\n>p1 move flamethrower\n>p2 move outrage\n>p2 switch 3\n>p1 switch 3\n>p2 move bravebird\n>p1 move stoneedge\n>p2 move bulkup terastallize\n>p1 switch 4\n>p2 move bulkup\n>p1 move dragontail\n>p2 move bravebird\n>forcelose p1", "uploadtime": 1781429721, "views": 13, "formatid": "gen9randombattle", "rating": 1187, "private": 0, "password": null}