{"id": "gen9randombattle-2631736326", "format": "[Gen 9] Random Battle", "players": ["079206025404h", "UrMom'sANiceLady"], "log": "|j|\u2606079206025404h\n|j|\u2606UrMom'sANiceLady\n|t:|1781431135\n|gametype|singles\n|player|p1|079206025404h|2|1893\n|player|p2|UrMom'sANiceLady|dahlia|1834\n|gen|9\n|tier|[Gen 9] Random Battle\n|rated|\n|rule|Species Clause: Limit one of each Pok\u00e9mon\n|rule|HP Percentage Mod: HP is shown in percentages\n|rule|Sleep Clause Mod: Limit one foe put to sleep\n|rule|Illusion Level Mod: Illusion disguises the Pok\u00e9mon's true level\n|\n|t:|1781431135\n|teamsize|p1|6\n|teamsize|p2|6\n|start\n|switch|p1a: Volcarona|Volcarona, L77, M|257/257\n|switch|p2a: Gliscor|Gliscor, L76, F|239/239\n|turn|1\n|inactive|Battle timer is ON: inactive players will automatically lose when time's up. (requested by UrMom'sANiceLady)\n|\n|t:|1781431157\n|switch|p1a: Phione|Phione, L91|293/293\n|switch|p2a: Araquanid|Araquanid, L82, F|246/246\n|\n|upkeep\n|turn|2\n|\n|t:|1781431186\n|switch|p1a: Polteageist|Polteageist-Antique, L78|222/222\n|move|p2a: Araquanid|Sticky Web|p1a: Polteageist\n|-sidestart|p1: 079206025404h|move: Sticky Web\n|\n|upkeep\n|turn|3\n|\n|t:|1781431191\n|move|p1a: Polteageist|Shell Smash|p1a: Polteageist\n|-unboost|p1a: Polteageist|def|1\n|-unboost|p1a: Polteageist|spd|1\n|-boost|p1a: Polteageist|atk|2\n|-boost|p1a: Polteageist|spa|2\n|-boost|p1a: Polteageist|spe|2\n|-enditem|p1a: Polteageist|White Herb\n|-clearnegativeboost|p1a: Polteageist|[silent]\n|move|p2a: Araquanid|Liquidation|p1a: Polteageist\n|-damage|p1a: Polteageist|44/222\n|\n|upkeep\n|turn|4\n|\n|t:|1781431203\n|move|p1a: Polteageist|Strength Sap|p2a: Araquanid\n|-unboost|p2a: Araquanid|atk|1\n|-heal|p1a: Polteageist|206/222\n|move|p2a: Araquanid|Liquidation|p1a: Polteageist\n|-damage|p1a: Polteageist|86/222\n|\n|upkeep\n|turn|5\n|\n|t:|1781431212\n|move|p1a: Polteageist|Strength Sap|p2a: Araquanid\n|-unboost|p2a: Araquanid|atk|1\n|-heal|p1a: Polteageist|194/222\n|move|p2a: Araquanid|Hydro Pump|p1a: Polteageist\n|-damage|p1a: Polteageist|73/222\n|\n|upkeep\n|turn|6\n|\n|t:|1781431223\n|move|p1a: Polteageist|Stored Power|p2a: Araquanid\n|-damage|p2a: Araquanid|71/246\n|move|p2a: Araquanid|Hydro Pump|p1a: Polteageist\n|-crit|p1a: Polteageist\n|-damage|p1a: Polteageist|0 fnt\n|faint|p1a: Polteageist\n|\n|upkeep\n|\n|t:|1781431234\n|switch|p1a: Pikachu|Pikachu-Hoenn, L93, F|216/216\n|-activate|p1a: Pikachu|move: Sticky Web\n|-unboost|p1a: Pikachu|spe|1\n|turn|7\n|\n|t:|1781431244\n|switch|p2a: Terrakion|Terrakion, L79|273/273\n|move|p1a: Pikachu|Surf|p2a: Terrakion\n|-supereffective|p2a: Terrakion\n|-damage|p2a: Terrakion|51/273\n|\n|upkeep\n|turn|8\n|\n|t:|1781431251\n|move|p2a: Terrakion|Earthquake|p1a: Pikachu\n|-supereffective|p1a: Pikachu\n|-damage|p1a: Pikachu|0 fnt\n|faint|p1a: Pikachu\n|-damage|p2a: Terrakion|24/273|[from] item: Life Orb\n|\n|upkeep\n|\n|t:|1781431261\n|switch|p1a: Phione|Phione, L91|293/293\n|-activate|p1a: Phione|move: Sticky Web\n|-unboost|p1a: Phione|spe|1\n|turn|9\n|\n|t:|1781431266\n|move|p2a: Terrakion|Close Combat|p1a: Phione\n|-damage|p1a: Phione|108/293\n|-unboost|p2a: Terrakion|def|1\n|-unboost|p2a: Terrakion|spd|1\n|-damage|p2a: Terrakion|0 fnt|[from] item: Life Orb\n|faint|p2a: Terrakion\n|move|p1a: Phione|Scald|p2: Terrakion|[notarget]\n|-fail|p1a: Phione\n|\n|-heal|p1a: Phione|126/293|[from] item: Leftovers\n|upkeep\n|\n|t:|1781431270\n|switch|p2a: Araquanid|Araquanid, L82, F|71/246\n|turn|10\n|\n|t:|1781431278\n|move|p1a: Phione|Scald|p2a: Araquanid\n|-resisted|p2a: Araquanid\n|-damage|p2a: Araquanid|41/246\n|move|p2a: Araquanid|Leech Life|p1a: Phione\n|-damage|p1a: Phione|63/293\n|-heal|p2a: Araquanid|73/246|[from] drain|[of] p1a: Phione\n|\n|-heal|p1a: Phione|81/293|[from] item: Leftovers\n|upkeep\n|turn|11\n|\n|t:|1781431288\n|move|p1a: Phione|Rest|p1a: Phione\n|-status|p1a: Phione|slp|[from] move: Rest\n|-heal|p1a: Phione|293/293 slp|[silent]\n|move|p2a: Araquanid|Leech Life|p1a: Phione\n|-damage|p1a: Phione|233/293 slp\n|-heal|p2a: Araquanid|103/246|[from] drain|[of] p1a: Phione\n|\n|-heal|p1a: Phione|251/293 slp|[from] item: Leftovers\n|upkeep\n|turn|12\n|\n|t:|1781431298\n|cant|p1a: Phione|slp\n|move|p1a: Phione|Sleep Talk|p1a: Phione\n|move|p1a: Phione|Rest||[from] move: Sleep Talk|[still]\n|-fail|p1a: Phione\n|move|p2a: Araquanid|Leech Life|p1a: Phione\n|-damage|p1a: Phione|190/293 slp\n|-heal|p2a: Araquanid|134/246|[from] drain|[of] p1a: Phione\n|\n|-heal|p1a: Phione|208/293 slp|[from] item: Leftovers\n|upkeep\n|turn|13\n|\n|t:|1781431308\n|cant|p1a: Phione|slp\n|move|p1a: Phione|Sleep Talk|p1a: Phione\n|move|p1a: Phione|Rest||[from] move: Sleep Talk|[still]\n|-fail|p1a: Phione\n|move|p2a: Araquanid|Leech Life|p1a: Phione\n|-damage|p1a: Phione|144/293 slp\n|-heal|p2a: Araquanid|166/246|[from] drain|[of] p1a: Phione\n|\n|-heal|p1a: Phione|162/293 slp|[from] item: Leftovers\n|upkeep\n|turn|14\n|\n|t:|1781431319\n|-curestatus|p1a: Phione|slp|[msg]\n|move|p1a: Phione|Take Heart|p1a: Phione\n|-boost|p1a: Phione|spa|1\n|-boost|p1a: Phione|spd|1\n|move|p2a: Araquanid|Liquidation|p1a: Phione\n|-resisted|p1a: Phione\n|-damage|p1a: Phione|95/293\n|-unboost|p1a: Phione|def|1\n|\n|-heal|p1a: Phione|113/293|[from] item: Leftovers\n|upkeep\n|turn|15\n|\n|t:|1781431330\n|move|p1a: Phione|Rest|p1a: Phione\n|-status|p1a: Phione|slp|[from] move: Rest\n|-heal|p1a: Phione|293/293 slp|[silent]\n|move|p2a: Araquanid|Leech Life|p1a: Phione\n|-damage|p1a: Phione|203/293 slp\n|-heal|p2a: Araquanid|211/246|[from] drain|[of] p1a: Phione\n|\n|-heal|p1a: Phione|221/293 slp|[from] item: Leftovers\n|upkeep\n|turn|16\n|\n|t:|1781431340\n|cant|p1a: Phione|slp\n|move|p1a: Phione|Sleep Talk|p1a: Phione\n|move|p1a: Phione|Rest||[from] move: Sleep Talk|[still]\n|-fail|p1a: Phione\n|move|p2a: Araquanid|Liquidation|p1a: Phione\n|-resisted|p1a: Phione\n|-damage|p1a: Phione|122/293 slp\n|-unboost|p1a: Phione|def|1\n|\n|-heal|p1a: Phione|140/293 slp|[from] item: Leftovers\n|upkeep\n|turn|17\n|c|\u2606079206025404h|good game\n|\n|t:|1781431356\n|switch|p1a: Gengar|Gengar, L81, M|230/230\n|-activate|p1a: Gengar|move: Sticky Web\n|-unboost|p1a: Gengar|spe|1\n|move|p2a: Araquanid|Leech Life|p1a: Gengar\n|-resisted|p1a: Gengar\n|-damage|p1a: Gengar|207/230\n|-heal|p2a: Araquanid|223/246|[from] drain|[of] p1a: Gengar\n|-start|p2a: Araquanid|Disable|Leech Life|[from] ability: Cursed Body|[of] p1a: Gengar\n|\n|upkeep\n|turn|18\n|\n|t:|1781431367\n|move|p1a: Gengar|Sludge Wave|p2a: Araquanid\n|-damage|p2a: Araquanid|113/246\n|-damage|p1a: Gengar|184/230|[from] item: Life Orb\n|move|p2a: Araquanid|Liquidation|p1a: Gengar\n|-damage|p1a: Gengar|0 fnt\n|faint|p1a: Gengar\n|\n|upkeep\n|\n|t:|1781431375\n|switch|p1a: Phione|Phione, L91|140/293 slp\n|-activate|p1a: Phione|move: Sticky Web\n|-unboost|p1a: Phione|spe|1\n|turn|19\n|\n|t:|1781431380\n|cant|p1a: Phione|slp\n|move|p1a: Phione|Sleep Talk|p1a: Phione\n|move|p1a: Phione|Take Heart|p1a: Phione|[from] move: Sleep Talk\n|-boost|p1a: Phione|spa|1\n|-boost|p1a: Phione|spd|1\n|-curestatus|p1a: Phione|slp|[msg]\n|move|p2a: Araquanid|Liquidation|p1a: Phione\n|-resisted|p1a: Phione\n|-crit|p1a: Phione\n|-damage|p1a: Phione|32/293\n|\n|-heal|p1a: Phione|50/293|[from] item: Leftovers\n|upkeep\n|turn|20\n|\n|t:|1781431392\n|move|p1a: Phione|Rest|p1a: Phione\n|-status|p1a: Phione|slp|[from] move: Rest\n|-heal|p1a: Phione|293/293 slp|[silent]\n|move|p2a: Araquanid|Liquidation|p1a: Phione\n|-resisted|p1a: Phione\n|-damage|p1a: Phione|229/293 slp\n|\n|-heal|p1a: Phione|247/293 slp|[from] item: Leftovers\n|-end|p2a: Araquanid|Disable\n|upkeep\n|turn|21\n|\n|t:|1781431402\n|cant|p1a: Phione|slp\n|move|p1a: Phione|Sleep Talk|p1a: Phione\n|move|p1a: Phione|Take Heart|p1a: Phione|[from] move: Sleep Talk\n|-boost|p1a: Phione|spa|1\n|-boost|p1a: Phione|spd|1\n|-curestatus|p1a: Phione|slp|[msg]\n|move|p2a: Araquanid|Liquidation|p1a: Phione\n|-resisted|p1a: Phione\n|-damage|p1a: Phione|181/293\n|\n|-heal|p1a: Phione|199/293|[from] item: Leftovers\n|upkeep\n|turn|22\n|\n|t:|1781431415\n|move|p1a: Phione|Scald|p2a: Araquanid\n|-resisted|p2a: Araquanid\n|-damage|p2a: Araquanid|50/246\n|move|p2a: Araquanid|Liquidation|p1a: Phione\n|-resisted|p1a: Phione\n|-damage|p1a: Phione|128/293\n|-unboost|p1a: Phione|def|1\n|\n|-heal|p1a: Phione|146/293|[from] item: Leftovers\n|upkeep\n|turn|23\n|\n|t:|1781431426\n|move|p1a: Phione|Rest|p1a: Phione\n|-status|p1a: Phione|slp|[from] move: Rest\n|-heal|p1a: Phione|293/293 slp|[silent]\n|move|p2a: Araquanid|Leech Life|p1a: Phione\n|-damage|p1a: Phione|202/293 slp\n|-heal|p2a: Araquanid|96/246|[from] drain|[of] p1a: Phione\n|\n|-heal|p1a: Phione|220/293 slp|[from] item: Leftovers\n|upkeep\n|turn|24\n|\n|t:|1781431440\n|cant|p1a: Phione|slp\n|move|p1a: Phione|Sleep Talk|p1a: Phione\n|move|p1a: Phione|Take Heart|p1a: Phione|[from] move: Sleep Talk\n|-boost|p1a: Phione|spa|1\n|-boost|p1a: Phione|spd|1\n|-curestatus|p1a: Phione|slp|[msg]\n|move|p2a: Araquanid|Leech Life|p1a: Phione\n|-damage|p1a: Phione|132/293\n|-heal|p2a: Araquanid|140/246|[from] drain|[of] p1a: Phione\n|\n|-heal|p1a: Phione|150/293|[from] item: Leftovers\n|upkeep\n|turn|25\n|\n|t:|1781431453\n|move|p1a: Phione|Rest|p1a: Phione\n|-status|p1a: Phione|slp|[from] move: Rest\n|-heal|p1a: Phione|293/293 slp|[silent]\n|move|p2a: Araquanid|Leech Life|p1a: Phione\n|-damage|p1a: Phione|196/293 slp\n|-heal|p2a: Araquanid|189/246|[from] drain|[of] p1a: Phione\n|\n|-heal|p1a: Phione|214/293 slp|[from] item: Leftovers\n|upkeep\n|turn|26\n|c|\u2606UrMom'sANiceLady|Bro, let me just tell you that I have a\n|c|\u2606UrMom'sANiceLady|!dt Orgepon Wellspring\n'Orgepon Wellspring' has no exact match. Approximate match:\n|c|\u2606UrMom'sANiceLady|/raw <div class=\"message\"><ul class=\"utilichart\"><li class=\"result\"><span class=\"col numcol\">OU</span> <span class=\"col iconcol\"><psicon pokemon=\"ogerponwellspring\"/></span> <span class=\"col pokemonnamecol\" style=\"white-space:nowrap\"><a href=\"https://dex.pokemonshowdown.com/pokemon/ogerponwellspring\" target=\"_blank\">Ogerpon-Wellspring</a></span> <span class=\"col typecol\"><img src=\"https://play.pokemonshowdown.com/sprites/types/Grass.png\" alt=\"Grass\" height=\"14\" width=\"32\"><img src=\"https://play.pokemonshowdown.com/sprites/types/Water.png\" alt=\"Water\" height=\"14\" width=\"32\"></span> <span style=\"float:left;min-height:26px\"><span class=\"col abilitycol\">Water Absorb</span><span class=\"col abilitycol\"></span></span><span style=\"float:left;min-height:26px\"><span class=\"col statcol\"><em>HP</em><br />80</span> <span class=\"col statcol\"><em>Atk</em><br />120</span> <span class=\"col statcol\"><em>Def</em><br />84</span> <span class=\"col statcol\"><em>SpA</em><br />60</span> <span class=\"col statcol\"><em>SpD</em><br />96</span> <span class=\"col statcol\"><em>Spe</em><br />110</span> <span class=\"col bstcol\"><em>BST<br />550</em></span> </span></li><li style=\"clear:both\"></li></ul></div>\n|c|\u2606UrMom'sANiceLady|/raw <font size=\"1\"><font color=\"#686868\">Dex#:</font> 1017&nbsp;|&ThickSpace;<font color=\"#686868\">Gen:</font> 9&nbsp;|&ThickSpace;<font color=\"#686868\">Height:</font> 1.2 m&nbsp;|&ThickSpace;<font color=\"#686868\">Weight:</font> 39.8 kg <em>(60 BP)</em>&nbsp;|&ThickSpace;<font color=\"#686868\">Dex Colour:</font> Blue&nbsp;|&ThickSpace;<font color=\"#686868\">Egg Group(s):</font> Undiscovered&nbsp;|&ThickSpace;<font color=\"#686868\">Does Not Evolve</font></font>\n\n|\n|t:|1781431475\n|cant|p1a: Phione|slp\n|move|p1a: Phione|Sleep Talk|p1a: Phione\n|move|p1a: Phione|Take Heart|p1a: Phione|[from] move: Sleep Talk\n|-boost|p1a: Phione|spa|1\n|-boost|p1a: Phione|spd|1\n|-curestatus|p1a: Phione|slp|[msg]\n|move|p2a: Araquanid|Liquidation|p1a: Phione\n|-resisted|p1a: Phione\n|-damage|p1a: Phione|113/293\n|\n|-heal|p1a: Phione|131/293|[from] item: Leftovers\n|upkeep\n|turn|27\n|\n|t:|1781431486\n|move|p1a: Phione|Scald|p2a: Araquanid\n|-resisted|p2a: Araquanid\n|-damage|p2a: Araquanid|90/246\n|move|p2a: Araquanid|Leech Life|p1a: Phione\n|-damage|p1a: Phione|34/293\n|-heal|p2a: Araquanid|139/246|[from] drain|[of] p1a: Phione\n|\n|-heal|p1a: Phione|52/293|[from] item: Leftovers\n|upkeep\n|turn|28\n|\n|t:|1781431500\n|move|p1a: Phione|Rest|p1a: Phione\n|-status|p1a: Phione|slp|[from] move: Rest\n|-heal|p1a: Phione|293/293 slp|[silent]\n|move|p2a: Araquanid|Leech Life|p1a: Phione\n|-damage|p1a: Phione|194/293 slp\n|-heal|p2a: Araquanid|189/246|[from] drain|[of] p1a: Phione\n|\n|-heal|p1a: Phione|212/293 slp|[from] item: Leftovers\n|upkeep\n|turn|29\n|\n|t:|1781431510\n|switch|p2a: Ogerpon|Ogerpon-Wellspring, L76, F|247/247\n|cant|p1a: Phione|slp\n|move|p1a: Phione|Sleep Talk|p1a: Phione\n|move|p1a: Phione|Scald|p2a: Ogerpon|[from] move: Sleep Talk\n|-immune|p2a: Ogerpon|[from] ability: Water Absorb\n|\n|-heal|p1a: Phione|230/293 slp|[from] item: Leftovers\n|upkeep\n|turn|30\n|c|\u2606UrMom'sANiceLady|I will make you believe me.\n|\n|t:|1781431520\n|switch|p1a: Wo-Chien|Wo-Chien, L83|277/277\n|-activate|p1a: Wo-Chien|move: Sticky Web\n|-unboost|p1a: Wo-Chien|spe|1\n|-ability|p1a: Wo-Chien|Tablets of Ruin\n|move|p2a: Ogerpon|Swords Dance|p2a: Ogerpon\n|-boost|p2a: Ogerpon|atk|2\n|\n|upkeep\n|turn|31\n|\n|t:|1781431532\n|switch|p2a: Gliscor|Gliscor, L76, F|239/239\n|move|p1a: Wo-Chien|Knock Off|p2a: Gliscor\n|-damage|p2a: Gliscor|163/239\n|-enditem|p2a: Gliscor|Toxic Orb|[from] move: Knock Off|[of] p1a: Wo-Chien\n|\n|upkeep\n|turn|32\n|\n|t:|1781431539\n|move|p2a: Gliscor|Toxic Spikes|p1a: Wo-Chien\n|-sidestart|p1: 079206025404h|move: Toxic Spikes\n|move|p1a: Wo-Chien|Giga Drain|p2a: Gliscor\n|-damage|p2a: Gliscor|75/239\n|\n|upkeep\n|turn|33\n|\n|t:|1781431545\n|move|p2a: Gliscor|Knock Off|p1a: Wo-Chien\n|-resisted|p1a: Wo-Chien\n|-damage|p1a: Wo-Chien|258/277\n|-enditem|p1a: Wo-Chien|Leftovers|[from] move: Knock Off|[of] p2a: Gliscor\n|move|p1a: Wo-Chien|Giga Drain|p2a: Gliscor\n|-damage|p2a: Gliscor|0 fnt\n|-heal|p1a: Wo-Chien|277/277|[from] drain|[of] p2a: Gliscor\n|faint|p2a: Gliscor\n|\n|upkeep\n|\n|t:|1781431548\n|switch|p2a: Araquanid|Araquanid, L82, F|189/246\n|turn|34\n|\n|t:|1781431557\n|switch|p1a: Phione|Phione, L91|230/293 slp\n|-activate|p1a: Phione|move: Sticky Web\n|-unboost|p1a: Phione|spe|1\n|move|p2a: Araquanid|Leech Life|p1a: Phione\n|-damage|p1a: Phione|164/293 slp\n|-heal|p2a: Araquanid|222/246|[from] drain|[of] p1a: Phione\n|\n|-heal|p1a: Phione|182/293 slp|[from] item: Leftovers\n|upkeep\n|turn|35\n|\n|t:|1781431568\n|switch|p2a: Pecharunt|Pecharunt, L77|262/262\n|cant|p1a: Phione|slp\n|move|p1a: Phione|Sleep Talk|p1a: Phione\n|move|p1a: Phione|Rest||[from] move: Sleep Talk|[still]\n|-fail|p1a: Phione\n|\n|-heal|p1a: Phione|200/293 slp|[from] item: Leftovers\n|upkeep\n|turn|36\n|\n|t:|1781431579\n|move|p2a: Pecharunt|Nasty Plot|p2a: Pecharunt\n|-boost|p2a: Pecharunt|spa|2\n|-curestatus|p1a: Phione|slp|[msg]\n|move|p1a: Phione|Take Heart|p1a: Phione\n|-boost|p1a: Phione|spa|1\n|-boost|p1a: Phione|spd|1\n|\n|-heal|p1a: Phione|218/293|[from] item: Leftovers\n|upkeep\n|turn|37\n|\n|t:|1781431588\n|move|p2a: Pecharunt|Malignant Chain|p1a: Phione\n|-damage|p1a: Phione|115/293\n|move|p1a: Phione|Take Heart|p1a: Phione\n|-boost|p1a: Phione|spa|1\n|-boost|p1a: Phione|spd|1\n|\n|-heal|p1a: Phione|133/293|[from] item: Leftovers\n|upkeep\n|turn|38\n|\n|t:|1781431598\n|move|p2a: Pecharunt|Malignant Chain|p1a: Phione\n|-damage|p1a: Phione|51/293\n|move|p1a: Phione|Scald|p2a: Pecharunt\n|-damage|p2a: Pecharunt|70/262\n|\n|-heal|p2a: Pecharunt|86/262|[from] item: Leftovers\n|-heal|p1a: Phione|69/293|[from] item: Leftovers\n|upkeep\n|turn|39\n|\n|t:|1781431606\n|move|p2a: Pecharunt|Malignant Chain|p1a: Phione\n|-damage|p1a: Phione|0 fnt\n|faint|p1a: Phione\n|\n|-heal|p2a: Pecharunt|102/262|[from] item: Leftovers\n|upkeep\n|\n|t:|1781431612\n|switch|p1a: Wo-Chien|Wo-Chien, L83|277/277\n|-activate|p1a: Wo-Chien|move: Sticky Web\n|-unboost|p1a: Wo-Chien|spe|1\n|-status|p1a: Wo-Chien|psn\n|-ability|p1a: Wo-Chien|Tablets of Ruin\n|turn|40\n|\n|t:|1781431619\n|move|p2a: Pecharunt|Malignant Chain|p1a: Wo-Chien\n|-supereffective|p1a: Wo-Chien\n|-damage|p1a: Wo-Chien|29/277 psn\n|move|p1a: Wo-Chien|Knock Off|p2a: Pecharunt\n|-supereffective|p2a: Pecharunt\n|-damage|p2a: Pecharunt|0 fnt\n|-enditem|p2a: Pecharunt|Leftovers|[from] move: Knock Off|[of] p1a: Wo-Chien\n|faint|p2a: Pecharunt\n|\n|-damage|p1a: Wo-Chien|0 fnt|[from] psn\n|faint|p1a: Wo-Chien\n|upkeep\n|\n|t:|1781431636\n|switch|p2a: Ogerpon|Ogerpon-Wellspring, L76, F|247/247\n|switch|p1a: Volcarona|Volcarona, L77, M|257/257\n|turn|41\n|\n|t:|1781431643\n|-terastallize|p2a: Ogerpon|Water\n|detailschange|p2a: Ogerpon|Ogerpon-Wellspring-Tera, L76, F, tera:Water\n|-ability|p2a: Ogerpon|Embody Aspect (Wellspring)|boost\n|-boost|p2a: Ogerpon|spd|1\n|-terastallize|p1a: Volcarona|Grass\n|move|p2a: Ogerpon|Swords Dance|p2a: Ogerpon\n|-boost|p2a: Ogerpon|atk|2\n|move|p1a: Volcarona|Quiver Dance|p1a: Volcarona\n|-boost|p1a: Volcarona|spa|1\n|-boost|p1a: Volcarona|spd|1\n|-boost|p1a: Volcarona|spe|1\n|\n|upkeep\n|turn|42\n|\n|t:|1781431655\n|move|p1a: Volcarona|Quiver Dance|p1a: Volcarona\n|-boost|p1a: Volcarona|spa|1\n|-boost|p1a: Volcarona|spd|1\n|-boost|p1a: Volcarona|spe|1\n|move|p2a: Ogerpon|Knock Off|p1a: Volcarona\n|-damage|p1a: Volcarona|32/257\n|-enditem|p1a: Volcarona|Heavy-Duty Boots|[from] move: Knock Off|[of] p2a: Ogerpon\n|\n|upkeep\n|turn|43\n|\n|t:|1781431665\n|move|p1a: Volcarona|Giga Drain|p2a: Ogerpon\n|-supereffective|p2a: Ogerpon\n|-damage|p2a: Ogerpon|5/247\n|-heal|p1a: Volcarona|153/257|[from] drain|[of] p2a: Ogerpon\n|move|p2a: Ogerpon|Knock Off|p1a: Volcarona\n|-damage|p1a: Volcarona|9/257\n|\n|upkeep\n|turn|44\n|\n|t:|1781431672\n|move|p1a: Volcarona|Giga Drain|p2a: Ogerpon\n|-supereffective|p2a: Ogerpon\n|-damage|p2a: Ogerpon|0 fnt\n|-heal|p1a: Volcarona|12/257|[from] drain|[of] p2a: Ogerpon\n|faint|p2a: Ogerpon\n|detailschange|p2: Ogerpon|Ogerpon-Wellspring, L76, F|[silent]\n|\n|upkeep\n|\n|t:|1781431677\n|switch|p2a: Araquanid|Araquanid, L82, F|222/246\n|turn|45\n|\n|t:|1781431681\n|move|p1a: Volcarona|Giga Drain|p2a: Araquanid\n|-damage|p2a: Araquanid|104/246\n|-heal|p1a: Volcarona|71/257|[from] drain|[of] p2a: Araquanid\n|move|p2a: Araquanid|Leech Life|p1a: Volcarona\n|-supereffective|p1a: Volcarona\n|-damage|p1a: Volcarona|0 fnt\n|-heal|p2a: Araquanid|140/246|[from] drain|[of] p1a: Volcarona\n|faint|p1a: Volcarona\n|\n|win|UrMom'sANiceLady\n|raw|079206025404h's rating: 1893 &rarr; <strong>1870</strong><br />(-23 for losing)\n|raw|UrMom&apos;sANiceLady's rating: 1834 &rarr; <strong>1857</strong><br />(+23 for winning)\n|c|\u2606UrMom'sANiceLady|What a waste of time.\n|l|\u2606079206025404h\n|player|p1|\n|c|\u2606UrMom'sANiceLady|Gg.\n", "inputlog": ">version a8376a258c1d4662feba110a92103f3664a72141\n>start {\"formatid\":\"gen9randombattle\",\"seed\":\"sodium,dc9a72298adaf39e0fb470a1b2266764\",\"rated\":\"Rated battle\"}\n>player p1 {\"name\":\"079206025404h\",\"avatar\":\"2\",\"rating\":1893,\"seed\":\"sodium,adbe1439d645c23ef11923f129564afb\"}\n>player p2 {\"name\":\"UrMom'sANiceLady\",\"avatar\":\"dahlia\",\"rating\":1834,\"seed\":\"sodium,3256ccfe19629d98fcadb3f784c75e2a\"}\n>p1 switch 3\n>p2 switch 6\n>p1 switch 6\n>p2 move stickyweb\n>p1 move shellsmash\n>p2 move liquidation\n>p1 move strengthsap\n>p2 move liquidation\n>p1 move strengthsap\n>p2 move hydropump\n>p1 move storedpower\n>p2 move hydropump\n>p1 switch 2\n>p1 move surf\n>p2 switch 4\n>p1 move surf\n>p2 move earthquake\n>p1 switch 6\n>p1 move scald\n>p2 move closecombat\n>p2 switch 4\n>p1 move scald\n>p2 move leechlife\n>p1 move rest\n>p2 move leechlife\n>p1 move sleeptalk\n>p2 move leechlife\n>p1 move sleeptalk\n>p2 move leechlife\n>p1 move takeheart\n>p2 move liquidation\n>p1 move rest\n>p2 move leechlife\n>p1 move sleeptalk\n>p2 move liquidation\n>chat \u2606079206025404h|good game\n>p1 switch 4\n>p2 move leechlife\n>p1 move sludgewave\n>p2 move liquidation\n>p1 switch 4\n>p1 move sleeptalk\n>p2 move liquidation\n>p1 move rest\n>p2 move liquidation\n>p1 move sleeptalk\n>p2 move liquidation\n>p1 move scald\n>p2 move liquidation\n>p1 move rest\n>p2 move leechlife\n>p1 move sleeptalk\n>p2 move leechlife\n>p1 move rest\n>p2 move leechlife\n>chat \u2606UrMom'sANiceLady|Bro, let me just tell you that I have a\n>chat \u2606UrMom'sANiceLady|!dt Orgepon Wellspring\n>p1 move sleeptalk\n>p2 move liquidation\n>p1 move scald\n>p2 move leechlife\n>p1 move rest\n>p2 move leechlife\n>p1 move sleeptalk\n>p2 switch 3\n>chat \u2606UrMom'sANiceLady|I will make you believe me.\n>p1 switch 5\n>p2 move swordsdance\n>p1 move knockoff\n>p2 switch 6\n>p1 move gigadrain\n>p2 move toxicspikes\n>p1 move gigadrain\n>p2 move knockoff\n>p2 switch 3\n>p1 switch 5\n>p2 move leechlife\n>p1 move sleeptalk\n>p2 switch 2\n>p1 move takeheart\n>p2 move nastyplot\n>p1 move takeheart\n>p2 move malignantchain\n>p1 move scald\n>p2 move malignantchain\n>p1 move rest\n>p2 move malignantchain\n>p1 switch 5\n>p1 move knockoff\n>p2 move malignantchain\n>p1 switch 3\n>p2 switch 6\n>p1 move quiverdance terastallize\n>p2 move swordsdance terastallize\n>p1 move quiverdance\n>p2 move knockoff\n>p1 move gigadrain\n>p2 move knockoff\n>p1 move gigadrain\n>p2 move knockoff\n>p2 switch 2\n>p1 move gigadrain\n>p2 move leechlife", "uploadtime": 1781431697, "views": 19, "formatid": "gen9randombattle", "rating": 1857, "private": 0, "password": null}