{"id": "gen9randombattle-2631746683", "format": "[Gen 9] Random Battle", "players": ["Schibi", "Flappell Roan"], "log": "|j|\u2606Schibi\n|j|\u2606Flappell Roan\n|t:|1781432963\n|gametype|singles\n|player|p1|Schibi|2|1990\n|player|p2|Flappell Roan|skyla|1987\n|gen|9\n|tier|[Gen 9] Random Battle\n|rated|\n|rule|Species Clause: Limit one of each Pok\u00e9mon\n|rule|HP Percentage Mod: HP is shown in percentages\n|rule|Sleep Clause Mod: Limit one foe put to sleep\n|rule|Illusion Level Mod: Illusion disguises the Pok\u00e9mon's true level\n|\n|t:|1781432963\n|teamsize|p1|6\n|teamsize|p2|6\n|start\n|switch|p1a: Rhyperior|Rhyperior, L82, M|323/323\n|switch|p2a: Mew|Mew, L82|298/298\n|turn|1\n|inactive|Battle timer is ON: inactive players will automatically lose when time's up. (requested by Flappell Roan)\n|\n|t:|1781432976\n|move|p2a: Mew|Knock Off|p1a: Rhyperior\n|-damage|p1a: Rhyperior|269/323\n|-enditem|p1a: Rhyperior|Assault Vest|[from] move: Knock Off|[of] p2a: Mew\n|move|p1a: Rhyperior|Megahorn|p2a: Mew\n|-supereffective|p2a: Mew\n|-damage|p2a: Mew|110/298\n|\n|-heal|p2a: Mew|128/298|[from] item: Leftovers\n|upkeep\n|turn|2\n|\n|t:|1781432986\n|move|p2a: Mew|Toxic Spikes|p1a: Rhyperior\n|-sidestart|p1: Schibi|move: Toxic Spikes\n|move|p1a: Rhyperior|Megahorn|p2a: Mew\n|-supereffective|p2a: Mew\n|-damage|p2a: Mew|0 fnt\n|faint|p2a: Mew\n|\n|upkeep\n|\n|t:|1781432996\n|switch|p2a: Quagsire|Quagsire, L84, M|297/297\n|turn|3\n|\n|t:|1781433006\n|move|p1a: Rhyperior|Earthquake|p2a: Quagsire\n|-crit|p2a: Quagsire\n|-damage|p2a: Quagsire|77/297\n|move|p2a: Quagsire|Spikes|p1a: Rhyperior\n|-sidestart|p1: Schibi|Spikes\n|\n|-heal|p2a: Quagsire|95/297|[from] item: Leftovers\n|upkeep\n|turn|4\n|\n|t:|1781433014\n|move|p1a: Rhyperior|Earthquake|p2a: Quagsire\n|-damage|p2a: Quagsire|0 fnt\n|faint|p2a: Quagsire\n|\n|upkeep\n|\n|t:|1781433020\n|switch|p2a: Whimsicott|Whimsicott, L84, F|238/238\n|turn|5\n|\n|t:|1781433024\n|move|p2a: Whimsicott|Encore|p1a: Rhyperior\n|-start|p1a: Rhyperior|Encore\n|move|p1a: Rhyperior|Earthquake|p2a: Whimsicott\n|-resisted|p2a: Whimsicott\n|-damage|p2a: Whimsicott|168/238\n|\n|-heal|p2a: Whimsicott|182/238|[from] item: Leftovers\n|upkeep\n|turn|6\n|\n|t:|1781433032\n|switch|p1a: Munkidori|Munkidori, L79, M|269/269\n|-sideend|p1: Schibi|move: Toxic Spikes|[of] p1a: Munkidori\n|-damage|p1a: Munkidori|236/269|[from] Spikes\n|move|p2a: Whimsicott|Giga Drain|p1a: Munkidori\n|-resisted|p1a: Munkidori\n|-damage|p1a: Munkidori|204/269\n|-heal|p2a: Whimsicott|198/238|[from] drain|[of] p1a: Munkidori\n|\n|-heal|p2a: Whimsicott|212/238|[from] item: Leftovers\n|upkeep\n|turn|7\n|\n|t:|1781433047\n|switch|p2a: Toxicroak|Toxicroak, L84, M|277/277\n|move|p1a: Munkidori|U-turn|p2a: Toxicroak\n|-resisted|p2a: Toxicroak\n|-damage|p2a: Toxicroak|265/277\n|\n|t:|1781433053\n|switch|p1a: Rhyperior|Rhyperior, L82, M|269/323|[from] U-turn\n|-damage|p1a: Rhyperior|229/323|[from] Spikes\n|\n|upkeep\n|turn|8\n|\n|t:|1781433059\n|move|p2a: Toxicroak|Close Combat|p1a: Rhyperior\n|-supereffective|p1a: Rhyperior\n|-damage|p1a: Rhyperior|0 fnt\n|-unboost|p2a: Toxicroak|def|1\n|-unboost|p2a: Toxicroak|spd|1\n|faint|p1a: Rhyperior\n|\n|upkeep\n|\n|t:|1781433070\n|switch|p1a: Eiscue|Eiscue, L88, M|274/274\n|-damage|p1a: Eiscue|240/274|[from] Spikes\n|turn|9\n|\n|t:|1781433075\n|switch|p2a: Whimsicott|Whimsicott, L84, F|212/238\n|move|p1a: Eiscue|Ice Spinner|p2a: Whimsicott\n|-supereffective|p2a: Whimsicott\n|-damage|p2a: Whimsicott|36/238\n|\n|-heal|p2a: Whimsicott|50/238|[from] item: Leftovers\n|upkeep\n|turn|10\n|\n|t:|1781433091\n|switch|p1a: Munkidori|Munkidori, L79, M|204/269\n|-damage|p1a: Munkidori|171/269|[from] Spikes\n|move|p2a: Whimsicott|Stun Spore|p1a: Munkidori\n|-status|p1a: Munkidori|par\n|\n|-heal|p2a: Whimsicott|64/238|[from] item: Leftovers\n|upkeep\n|turn|11\n|\n|t:|1781433101\n|switch|p2a: Weavile|Weavile, L79, F|239/239\n|move|p1a: Munkidori|Psyshock|p2a: Weavile\n|-immune|p2a: Weavile\n|\n|upkeep\n|turn|12\n|\n|t:|1781433109\n|switch|p1a: Eiscue|Eiscue, L88, M|240/274\n|-damage|p1a: Eiscue|206/274|[from] Spikes\n|move|p2a: Weavile|Triple Axel|p1a: Eiscue\n|-activate|p1a: Eiscue|ability: Ice Face\n|-damage|p1a: Eiscue|206/274\n|detailschange|p1a: Eiscue|Eiscue-Noice, L88, M\n|-resisted|p1a: Eiscue\n|-damage|p1a: Eiscue|169/274\n|-resisted|p1a: Eiscue\n|-damage|p1a: Eiscue|114/274\n|-enditem|p1a: Eiscue|Sitrus Berry|[eat]\n|-heal|p1a: Eiscue|182/274|[from] item: Sitrus Berry\n|-hitcount|p1a: Eiscue|3\n|\n|upkeep\n|turn|13\n|\n|t:|1781433128\n|switch|p2a: Whimsicott|Whimsicott, L84, F|64/238\n|move|p1a: Eiscue|Ice Spinner|p2a: Whimsicott\n|-supereffective|p2a: Whimsicott\n|-damage|p2a: Whimsicott|0 fnt\n|faint|p2a: Whimsicott\n|\n|upkeep\n|\n|t:|1781433144\n|switch|p2a: Toxicroak|Toxicroak, L84, M|265/277\n|turn|14\n|\n|t:|1781433147\n|move|p1a: Eiscue|Zen Headbutt|p2a: Toxicroak\n|-supereffective|p2a: Toxicroak\n|-damage|p2a: Toxicroak|0 fnt\n|faint|p2a: Toxicroak\n|\n|upkeep\n|\n|t:|1781433153\n|switch|p2a: Weavile|Weavile, L79, F|239/239\n|turn|15\n|\n|t:|1781433158\n|move|p1a: Eiscue|Liquidation|p2a: Weavile\n|-damage|p2a: Weavile|161/239\n|-unboost|p2a: Weavile|def|1\n|move|p2a: Weavile|Triple Axel|p1a: Eiscue\n|-resisted|p1a: Eiscue\n|-damage|p1a: Eiscue|163/274\n|-resisted|p1a: Eiscue\n|-damage|p1a: Eiscue|128/274\n|-resisted|p1a: Eiscue\n|-damage|p1a: Eiscue|74/274\n|-hitcount|p1a: Eiscue|3\n|\n|upkeep\n|turn|16\n|\n|t:|1781433169\n|move|p1a: Eiscue|Liquidation|p2a: Weavile\n|-damage|p2a: Weavile|40/239\n|move|p2a: Weavile|Triple Axel|p1a: Eiscue\n|-resisted|p1a: Eiscue\n|-damage|p1a: Eiscue|56/274\n|-resisted|p1a: Eiscue\n|-damage|p1a: Eiscue|22/274\n|-resisted|p1a: Eiscue\n|-damage|p1a: Eiscue|0 fnt\n|faint|p1a: Eiscue\n|-hitcount|p1: Eiscue|3\n|\n|upkeep\n|\n|t:|1781433182\n|switch|p1a: Kingambit|Kingambit, L74, F|270/270\n|-damage|p1a: Kingambit|237/270|[from] Spikes\n|-activate|p1a: Kingambit|ability: Supreme Overlord\n|-start|p1a: Kingambit|fallen2|[silent]\n|turn|17\n|\n|t:|1781433188\n|switch|p2a: Passimian|Passimian, L83, M|302/302\n|move|p1a: Kingambit|Kowtow Cleave|p2a: Passimian\n|-resisted|p2a: Passimian\n|-damage|p2a: Passimian|247/302\n|\n|-heal|p1a: Kingambit|253/270|[from] item: Leftovers\n|upkeep\n|turn|18\n|\n|t:|1781433199\n|-end|p1a: Kingambit|fallen2|[silent]\n|switch|p1a: Munkidori|Munkidori, L79, M|171/269 par\n|-damage|p1a: Munkidori|138/269 par|[from] Spikes\n|move|p2a: Passimian|Knock Off|p1a: Munkidori\n|-supereffective|p1a: Munkidori\n|-damage|p1a: Munkidori|0 fnt\n|-enditem|p1a: Munkidori|Choice Specs|[from] move: Knock Off|[of] p2a: Passimian\n|faint|p1a: Munkidori\n|\n|upkeep\n|\n|t:|1781433205\n|switch|p1a: Meganium|Meganium, L90, F|290/290\n|-damage|p1a: Meganium|254/290|[from] Spikes\n|turn|19\n|\n|t:|1781433213\n|move|p1a: Meganium|Energy Ball|p2a: Passimian\n|-damage|p2a: Passimian|108/302\n|move|p2a: Passimian|Knock Off|p1a: Meganium\n|-damage|p1a: Meganium|154/290\n|-enditem|p1a: Meganium|Leftovers|[from] move: Knock Off|[of] p2a: Passimian\n|\n|upkeep\n|turn|20\n|-message|Flappell Roan forfeited.\n|\n|win|Schibi\n", "inputlog": ">version a8376a258c1d4662feba110a92103f3664a72141\n>start {\"formatid\":\"gen9randombattle\",\"seed\":\"sodium,19742990aa788dd0f086f5b14713297e\",\"rated\":\"Rated battle\"}\n>player p1 {\"name\":\"Schibi\",\"avatar\":\"2\",\"rating\":1990,\"seed\":\"sodium,b6ff4a0e7c212dda771885e13a5e12ee\"}\n>player p2 {\"name\":\"Flappell Roan\",\"avatar\":\"skyla\",\"rating\":1987,\"seed\":\"sodium,3377a766b6442ad8d4a96b4197a83504\"}\n>p1 move megahorn\n>p2 move knockoff\n>p1 move megahorn\n>p2 move toxicspikes\n>p2 switch 2\n>p1 move earthquake\n>p2 move spikes\n>p1 move earthquake\n>p2 move earthquake\n>p2 switch 4\n>p1 move megahorn\n>p2 move encore\n>p1 switch 2\n>p2 move gigadrain\n>p1 move uturn\n>p2 switch 5\n>p1 switch 2\n>p1 move earthquake\n>p2 move closecombat\n>p1 switch 6\n>p1 move icespinner\n>p2 switch 5\n>p1 switch 2\n>p2 move stunspore\n>p1 move psyshock\n>p2 switch 6\n>p1 switch 2\n>p2 move tripleaxel\n>p1 move icespinner\n>p2 switch 6\n>p2 switch 5\n>p1 move zenheadbutt\n>p2 move gunkshot\n>p2 switch 6\n>p1 move liquidation\n>p2 move tripleaxel\n>p1 move liquidation\n>p2 move tripleaxel\n>p1 switch 3\n>p1 move kowtowcleave\n>p2 switch 3\n>p1 switch 2\n>p2 move knockoff\n>p1 switch 4\n>p1 move energyball\n>p2 move knockoff\n>forcelose p2", "uploadtime": 1781432965, "views": 5, "formatid": "gen9randombattle", "rating": null, "private": 0, "password": null}