{"id": "gen9randombattle-2632004334", "format": "[Gen 9] Random Battle", "players": ["marper8", "bilabong"], "log": "|j|\u2606marper8\n|j|\u2606bilabong\n|t:|1781464961\n|gametype|singles\n|player|p1|marper8|265|2010\n|player|p2|bilabong|1|1997\n|gen|9\n|tier|[Gen 9] Random Battle\n|rated|\n|rule|Species Clause: Limit one of each Pok\u00e9mon\n|rule|HP Percentage Mod: HP is shown in percentages\n|rule|Sleep Clause Mod: Limit one foe put to sleep\n|rule|Illusion Level Mod: Illusion disguises the Pok\u00e9mon's true level\n|\n|t:|1781464961\n|teamsize|p1|6\n|teamsize|p2|6\n|start\n|switch|p1a: Urshifu|Urshifu-Rapid-Strike, L75, M|274/274\n|switch|p2a: Iron Leaves|Iron Leaves, L80|275/275\n|turn|1\n|inactive|Battle timer is ON: inactive players will automatically lose when time's up. (requested by marper8)\n|\n|t:|1781464972\n|-end|p2a: Iron Leaves|Quark Drive|[silent]\n|switch|p2a: Corviknight|Corviknight, L80, F|288/288\n|-ability|p2a: Corviknight|Pressure\n|switch|p1a: Goodra|Goodra, L85, F|292/292\n|\n|upkeep\n|turn|2\n|\n|t:|1781464981\n|switch|p2a: Chansey|Chansey, L85, F|564/564\n|move|p1a: Goodra|Scald|p2a: Chansey\n|-crit|p2a: Chansey\n|-damage|p2a: Chansey|508/564\n|\n|upkeep\n|turn|3\n|\n|t:|1781464984\n|switch|p1a: Tentacruel|Tentacruel, L84, F|272/272\n|move|p2a: Chansey|Stealth Rock|p1a: Tentacruel\n|-sidestart|p1: marper8|move: Stealth Rock\n|\n|upkeep\n|turn|4\n|\n|t:|1781464990\n|switch|p2a: Banette|Banette, L93, M|270/270\n|move|p1a: Tentacruel|Knock Off|p2a: Banette\n|-supereffective|p2a: Banette\n|-damage|p2a: Banette|154/270\n|-enditem|p2a: Banette|Life Orb|[from] move: Knock Off|[of] p1a: Tentacruel\n|\n|upkeep\n|turn|5\n|\n|t:|1781464995\n|move|p1a: Tentacruel|Surf|p2a: Banette\n|-damage|p2a: Banette|64/270\n|-start|p1a: Tentacruel|Disable|Surf|[from] ability: Cursed Body|[of] p2a: Banette\n|move|p2a: Banette|Poltergeist|p1a: Tentacruel\n|-activate|p1a: Tentacruel|move: Poltergeist|Assault Vest\n|-damage|p1a: Tentacruel|70/272\n|\n|upkeep\n|turn|6\n|\n|t:|1781465002\n|move|p2a: Banette|Shadow Sneak|p1a: Tentacruel\n|-damage|p1a: Tentacruel|1/272\n|move|p1a: Tentacruel|Knock Off|p2a: Banette\n|-supereffective|p2a: Banette\n|-damage|p2a: Banette|0 fnt\n|faint|p2a: Banette\n|\n|upkeep\n|\n|t:|1781465018\n|switch|p2a: Corviknight|Corviknight, L80, F|288/288\n|-ability|p2a: Corviknight|Pressure\n|turn|7\n|\n|t:|1781465023\n|move|p1a: Tentacruel|Rapid Spin|p2a: Corviknight\n|-resisted|p2a: Corviknight\n|-damage|p2a: Corviknight|276/288\n|-boost|p1a: Tentacruel|spe|1\n|-damage|p1a: Tentacruel|0 fnt|[from] item: Rocky Helmet|[of] p2a: Corviknight\n|faint|p1a: Tentacruel\n|move|p2a: Corviknight|U-turn|p1: Tentacruel|[notarget]\n|-fail|p2a: Corviknight\n|\n|upkeep\n|\n|t:|1781465029\n|switch|p1a: Jolteon|Jolteon, L84, F|246/246\n|-damage|p1a: Jolteon|216/246|[from] Stealth Rock\n|turn|8\n|\n|t:|1781465036\n|switch|p1a: Urshifu|Urshifu-Rapid-Strike, L75, M|274/274\n|-damage|p1a: Urshifu|257/274|[from] Stealth Rock\n|switch|p2a: Chansey|Chansey, L85, F|508/564\n|\n|upkeep\n|turn|9\n|\n|t:|1781465038\n|switch|p2a: Corviknight|Corviknight, L80, F|276/288\n|-ability|p2a: Corviknight|Pressure\n|move|p1a: Urshifu|Swords Dance|p1a: Urshifu\n|-boost|p1a: Urshifu|atk|2\n|\n|upkeep\n|turn|10\n|\n|t:|1781465042\n|move|p1a: Urshifu|Close Combat|p2a: Corviknight\n|-damage|p2a: Corviknight|0 fnt\n|-unboost|p1a: Urshifu|def|1\n|-unboost|p1a: Urshifu|spd|1\n|-damage|p1a: Urshifu|212/274|[from] item: Rocky Helmet|[of] p2a: Corviknight\n|faint|p2a: Corviknight\n|-damage|p1a: Urshifu|185/274|[from] item: Life Orb\n|\n|upkeep\n|\n|t:|1781465052\n|switch|p2a: Iron Leaves|Iron Leaves, L80|275/275\n|turn|11\n|\n|t:|1781465062\n|switch|p1a: Goodra|Goodra, L85, F|292/292\n|-damage|p1a: Goodra|256/292|[from] Stealth Rock\n|move|p2a: Iron Leaves|Close Combat|p1a: Goodra\n|-damage|p1a: Goodra|112/292\n|-unboost|p2a: Iron Leaves|def|1\n|-unboost|p2a: Iron Leaves|spd|1\n|-damage|p2a: Iron Leaves|248/275|[from] item: Life Orb\n|\n|upkeep\n|turn|12\n|\n|t:|1781465067\n|move|p2a: Iron Leaves|Close Combat|p1a: Goodra\n|-damage|p1a: Goodra|0 fnt\n|-unboost|p2a: Iron Leaves|def|1\n|-unboost|p2a: Iron Leaves|spd|1\n|faint|p1a: Goodra\n|-damage|p2a: Iron Leaves|221/275|[from] item: Life Orb\n|\n|upkeep\n|\n|t:|1781465071\n|switch|p1a: Jolteon|Jolteon, L84, F|216/246\n|-damage|p1a: Jolteon|186/246|[from] Stealth Rock\n|turn|13\n|\n|t:|1781465083\n|-end|p2a: Iron Leaves|Quark Drive|[silent]\n|switch|p2a: Chansey|Chansey, L85, F|508/564\n|move|p1a: Jolteon|Substitute|p1a: Jolteon\n|-start|p1a: Jolteon|Substitute\n|-damage|p1a: Jolteon|125/246\n|\n|-heal|p1a: Jolteon|140/246|[from] item: Leftovers\n|upkeep\n|turn|14\n|\n|t:|1781465086\n|move|p1a: Jolteon|Thunderbolt|p2a: Chansey\n|-damage|p2a: Chansey|441/564\n|move|p2a: Chansey|Seismic Toss|p1a: Jolteon\n|-end|p1a: Jolteon|Substitute\n|\n|-heal|p1a: Jolteon|155/246|[from] item: Leftovers\n|upkeep\n|turn|15\n|\n|t:|1781465092\n|switch|p1a: Abomasnow|Abomasnow, L84, M|287/287\n|-damage|p1a: Abomasnow|216/287|[from] Stealth Rock\n|-weather|Snowscape|[from] ability: Snow Warning|[of] p1a: Abomasnow\n|move|p2a: Chansey|Seismic Toss|p1a: Abomasnow\n|-damage|p1a: Abomasnow|131/287\n|\n|-weather|Snowscape|[upkeep]\n|upkeep\n|turn|16\n|\n|t:|1781465102\n|move|p1a: Abomasnow|Aurora Veil|p1a: Abomasnow\n|-sidestart|p1: marper8|move: Aurora Veil\n|move|p2a: Chansey|Thunder Wave|p1a: Abomasnow\n|-status|p1a: Abomasnow|par\n|\n|-weather|Snowscape|[upkeep]\n|upkeep\n|turn|17\n|\n|t:|1781465106\n|move|p2a: Chansey|Seismic Toss|p1a: Abomasnow\n|-damage|p1a: Abomasnow|46/287 par\n|move|p1a: Abomasnow|Earthquake|p2a: Chansey\n|-damage|p2a: Chansey|291/564\n|\n|-weather|Snowscape|[upkeep]\n|upkeep\n|turn|18\n|\n|t:|1781465109\n|move|p2a: Chansey|Soft-Boiled|p2a: Chansey\n|-heal|p2a: Chansey|564/564\n|move|p1a: Abomasnow|Blizzard|p2a: Chansey\n|-damage|p2a: Chansey|500/564\n|\n|-weather|Snowscape|[upkeep]\n|upkeep\n|turn|19\n|\n|t:|1781465112\n|move|p2a: Chansey|Seismic Toss|p1a: Abomasnow\n|-damage|p1a: Abomasnow|0 fnt\n|faint|p1a: Abomasnow\n|\n|-weather|none\n|upkeep\n|\n|t:|1781465113\n|switch|p1a: Urshifu|Urshifu-Rapid-Strike, L75, M|185/274\n|-damage|p1a: Urshifu|168/274|[from] Stealth Rock\n|turn|20\n|\n|t:|1781465125\n|switch|p2a: Gholdengo|Gholdengo, L77|261/261\n|move|p1a: Urshifu|Close Combat|p2a: Gholdengo\n|-immune|p2a: Gholdengo\n|\n|upkeep\n|turn|21\n|\n|t:|1781465129\n|move|p1a: Urshifu|Swords Dance|p1a: Urshifu\n|-boost|p1a: Urshifu|atk|2\n|move|p2a: Gholdengo|Thunder Wave|p1a: Urshifu|[miss]\n|-miss|p2a: Gholdengo|p1a: Urshifu\n|\n|upkeep\n|turn|22\n|\n|t:|1781465139\n|move|p1a: Urshifu|Surging Strikes|p2a: Gholdengo\n|-crit|p2a: Gholdengo\n|-damage|p2a: Gholdengo|140/261\n|-crit|p2a: Gholdengo\n|-damage|p2a: Gholdengo|27/261\n|-crit|p2a: Gholdengo\n|-damage|p2a: Gholdengo|0 fnt\n|faint|p2a: Gholdengo\n|-hitcount|p2: Gholdengo|3\n|-damage|p1a: Urshifu|141/274|[from] item: Life Orb\n|\n|upkeep\n|\n|t:|1781465146\n|switch|p2a: Iron Leaves|Iron Leaves, L80|221/275\n|turn|23\n|\n|t:|1781465148\n|move|p2a: Iron Leaves|Leaf Blade|p1a: Urshifu\n|-supereffective|p1a: Urshifu\n|-crit|p1a: Urshifu\n|-damage|p1a: Urshifu|0 fnt\n|faint|p1a: Urshifu\n|-damage|p2a: Iron Leaves|194/275|[from] item: Life Orb\n|\n|-sideend|p1: marper8|move: Aurora Veil\n|upkeep\n|\n|t:|1781465152\n|switch|p1a: Jolteon|Jolteon, L84, F|155/246\n|-damage|p1a: Jolteon|125/246|[from] Stealth Rock\n|turn|24\n|\n|t:|1781465158\n|-end|p2a: Iron Leaves|Quark Drive|[silent]\n|switch|p2a: Chansey|Chansey, L85, F|500/564\n|move|p1a: Jolteon|Substitute|p1a: Jolteon\n|-start|p1a: Jolteon|Substitute\n|-damage|p1a: Jolteon|64/246\n|\n|-heal|p1a: Jolteon|79/246|[from] item: Leftovers\n|upkeep\n|turn|25\n|\n|t:|1781465161\n|move|p1a: Jolteon|Thunderbolt|p2a: Chansey\n|-damage|p2a: Chansey|434/564\n|move|p2a: Chansey|Seismic Toss|p1a: Jolteon\n|-end|p1a: Jolteon|Substitute\n|\n|-heal|p1a: Jolteon|94/246|[from] item: Leftovers\n|upkeep\n|turn|26\n|\n|t:|1781465173\n|switch|p1a: Smeargle|Smeargle, L95, M|258/258\n|-damage|p1a: Smeargle|226/258|[from] Stealth Rock\n|move|p2a: Chansey|Seismic Toss|p1a: Smeargle\n|-damage|p1a: Smeargle|141/258\n|\n|upkeep\n|turn|27\n|\n|t:|1781465184\n|move|p1a: Smeargle|Spore|p2a: Chansey\n|-status|p2a: Chansey|slp|[from] move: Spore\n|cant|p2a: Chansey|slp\n|\n|upkeep\n|turn|28\n|\n|t:|1781465188\n|move|p1a: Smeargle|Shell Smash|p1a: Smeargle\n|-unboost|p1a: Smeargle|def|1\n|-unboost|p1a: Smeargle|spd|1\n|-boost|p1a: Smeargle|atk|2\n|-boost|p1a: Smeargle|spa|2\n|-boost|p1a: Smeargle|spe|2\n|cant|p2a: Chansey|slp\n|\n|upkeep\n|turn|29\n|\n|t:|1781465194\n|move|p1a: Smeargle|Population Bomb|p2a: Chansey\n|-damage|p2a: Chansey|359/564 slp\n|-damage|p2a: Chansey|287/564 slp\n|-damage|p2a: Chansey|208/564 slp\n|-crit|p2a: Chansey\n|-damage|p2a: Chansey|108/564 slp\n|-damage|p2a: Chansey|29/564 slp\n|-damage|p2a: Chansey|0 fnt\n|faint|p2a: Chansey\n|-hitcount|p2: Chansey|6\n|\n|upkeep\n|\n|t:|1781465199\n|switch|p2a: Porygon2|Porygon2, L81|270/270\n|-ability|p2a: Porygon2|Download|boost\n|-boost|p2a: Porygon2|atk|1\n|turn|30\n|\n|t:|1781465208\n|move|p1a: Smeargle|Spore|p2a: Porygon2\n|-status|p2a: Porygon2|slp|[from] move: Spore\n|cant|p2a: Porygon2|slp\n|\n|upkeep\n|turn|31\n|\n|t:|1781465210\n|move|p1a: Smeargle|Population Bomb|p2a: Porygon2\n|-damage|p2a: Porygon2|246/270 slp\n|-damage|p2a: Porygon2|222/270 slp\n|-damage|p2a: Porygon2|200/270 slp\n|-damage|p2a: Porygon2|179/270 slp\n|-damage|p2a: Porygon2|155/270 slp\n|-damage|p2a: Porygon2|130/270 slp\n|-damage|p2a: Porygon2|106/270 slp\n|-damage|p2a: Porygon2|84/270 slp\n|-damage|p2a: Porygon2|62/270 slp\n|-damage|p2a: Porygon2|38/270 slp\n|-hitcount|p2a: Porygon2|10\n|-curestatus|p2a: Porygon2|slp|[msg]\n|move|p2a: Porygon2|Tera Blast|p1a: Smeargle\n|-damage|p1a: Smeargle|0 fnt\n|faint|p1a: Smeargle\n|\n|upkeep\n|\n|t:|1781465215\n|switch|p1a: Jolteon|Jolteon, L84, F|94/246\n|-damage|p1a: Jolteon|64/246|[from] Stealth Rock\n|turn|32\n|\n|t:|1781465218\n|move|p1a: Jolteon|Thunderbolt|p2a: Porygon2\n|-damage|p2a: Porygon2|0 fnt\n|faint|p2a: Porygon2\n|\n|-heal|p1a: Jolteon|79/246|[from] item: Leftovers\n|upkeep\n|\n|t:|1781465220\n|switch|p2a: Iron Leaves|Iron Leaves, L80|194/275\n|turn|33\n|\n|t:|1781465226\n|-terastallize|p2a: Iron Leaves|Fighting\n|move|p1a: Jolteon|Substitute|p1a: Jolteon\n|-start|p1a: Jolteon|Substitute\n|-damage|p1a: Jolteon|18/246\n|move|p2a: Iron Leaves|Close Combat|p1a: Jolteon\n|-end|p1a: Jolteon|Substitute\n|-unboost|p2a: Iron Leaves|def|1\n|-unboost|p2a: Iron Leaves|spd|1\n|-damage|p2a: Iron Leaves|167/275|[from] item: Life Orb\n|\n|-heal|p1a: Jolteon|33/246|[from] item: Leftovers\n|upkeep\n|turn|34\n|\n|t:|1781465231\n|move|p1a: Jolteon|Thunderbolt|p2a: Iron Leaves\n|-damage|p2a: Iron Leaves|38/275\n|-status|p2a: Iron Leaves|par\n|cant|p2a: Iron Leaves|par\n|\n|-heal|p1a: Jolteon|48/246|[from] item: Leftovers\n|upkeep\n|turn|35\n|\n|t:|1781465236\n|move|p1a: Jolteon|Thunderbolt|p2a: Iron Leaves\n|-damage|p2a: Iron Leaves|0 fnt\n|faint|p2a: Iron Leaves\n|-end|p2a: Iron Leaves|Quark Drive|[silent]\n|\n|win|marper8\n|raw|marper8's rating: 2010 &rarr; <strong>2029</strong><br />(+19 for winning)\n|raw|bilabong's rating: 1997 &rarr; <strong>1978</strong><br />(-19 for losing)\n", "inputlog": ">version a8376a258c1d4662feba110a92103f3664a72141\n>start {\"formatid\":\"gen9randombattle\",\"seed\":\"sodium,04043b35f24bebe0627d41b246ec4c69\",\"rated\":\"Rated battle\"}\n>player p1 {\"name\":\"marper8\",\"avatar\":\"265\",\"rating\":2010,\"seed\":\"sodium,790845f752f5b9acfa72a6b7168f5273\"}\n>player p2 {\"name\":\"bilabong\",\"avatar\":\"1\",\"rating\":1997,\"seed\":\"sodium,855ba91213c6b183aed33c1a7f3f7468\"}\n>p1 switch 6\n>p2 switch 6\n>p1 move scald\n>p2 switch 5\n>p1 switch 2\n>p2 move stealthrock\n>p1 move knockoff\n>p2 switch 3\n>p1 move surf\n>p2 move poltergeist\n>p1 move knockoff\n>p2 move shadowsneak\n>p2 switch 5\n>p1 move rapidspin\n>p2 move uturn\n>p1 switch 5\n>p1 switch 6\n>p2 switch 3\n>p1 move swordsdance\n>p2 switch 3\n>p1 move closecombat\n>p2 move bravebird\n>p2 switch 6\n>p1 switch 2\n>p2 move closecombat\n>p1 move dracometeor\n>p2 move closecombat\n>p1 switch 6\n>p1 move substitute\n>p2 switch 3\n>p1 move thunderbolt\n>p2 move seismictoss\n>p1 switch 4\n>p2 move seismictoss\n>p1 move auroraveil\n>p2 move thunderwave\n>p1 move earthquake\n>p2 move seismictoss\n>p1 move blizzard\n>p2 move softboiled\n>p1 move blizzard\n>p2 move seismictoss\n>p1 switch 2\n>p1 move closecombat\n>p2 switch 2\n>p1 move swordsdance\n>p2 move thunderwave\n>p1 move surgingstrikes\n>p2 move thunderwave\n>p2 switch 3\n>p1 move surgingstrikes\n>p2 move leafblade\n>p1 switch 4\n>p1 move substitute\n>p2 switch 2\n>p1 move thunderbolt\n>p2 move seismictoss\n>p1 switch 3\n>p2 move seismictoss\n>p1 move spore\n>p2 move seismictoss\n>p1 move shellsmash\n>p2 move seismictoss\n>p1 move populationbomb\n>p2 move seismictoss\n>p2 switch 4\n>p1 move spore\n>p2 move terablast\n>p1 move populationbomb\n>p2 move terablast\n>p1 switch 3\n>p1 move thunderbolt\n>p2 move terablast\n>p2 switch 2\n>p1 move substitute\n>p2 move closecombat terastallize\n>p1 move thunderbolt\n>p2 move leafblade\n>p1 move thunderbolt\n>p2 move leafblade", "uploadtime": 1781464963, "views": 12, "formatid": "gen9randombattle", "rating": 1978, "private": 0, "password": null}