{"id": "gen9randombattle-2631886912", "format": "[Gen 9] Random Battle", "players": ["Rheny", "jao mile"], "log": "|j|\u2606Rheny\n|j|\u2606jao mile\n|t:|1781452139\n|gametype|singles\n|player|p1|Rheny|miku-ghost|1976\n|player|p2|jao mile|266|1919\n|gen|9\n|tier|[Gen 9] Random Battle\n|rated|\n|rule|Species Clause: Limit one of each Pok\u00e9mon\n|rule|HP Percentage Mod: HP is shown in percentages\n|rule|Sleep Clause Mod: Limit one foe put to sleep\n|rule|Illusion Level Mod: Illusion disguises the Pok\u00e9mon's true level\n|\n|t:|1781452139\n|teamsize|p1|6\n|teamsize|p2|6\n|start\n|switch|p1a: Jumpluff|Jumpluff, L87, F|271/271\n|switch|p2a: Jirachi|Jirachi, L80|291/291\n|turn|1\n|\n|t:|1781452147\n|move|p2a: Jirachi|U-turn|p1a: Jumpluff\n|-damage|p1a: Jumpluff|221/271\n|\n|t:|1781452152\n|switch|p2a: Iron Moth|Iron Moth, L78|253/253|[from] U-turn\n|move|p1a: Jumpluff|Substitute|p1a: Jumpluff\n|-start|p1a: Jumpluff|Substitute\n|-damage|p1a: Jumpluff|154/271\n|\n|upkeep\n|turn|2\n|\n|t:|1781452161\n|move|p1a: Jumpluff|Leech Seed|p2a: Iron Moth\n|-start|p2a: Iron Moth|move: Leech Seed\n|move|p2a: Iron Moth|Fiery Dance|p1a: Jumpluff\n|-supereffective|p1a: Jumpluff\n|-end|p1a: Jumpluff|Substitute\n|\n|-damage|p2a: Iron Moth|222/253|[from] Leech Seed|[of] p1a: Jumpluff\n|-heal|p1a: Jumpluff|185/271|[silent]\n|upkeep\n|turn|3\n|\n|t:|1781452170\n|-end|p2a: Iron Moth|Quark Drive|[silent]\n|switch|p2a: Jirachi|Jirachi, L80|291/291\n|move|p1a: Jumpluff|Substitute|p1a: Jumpluff\n|-start|p1a: Jumpluff|Substitute\n|-damage|p1a: Jumpluff|118/271\n|\n|upkeep\n|turn|4\n|\n|t:|1781452176\n|move|p2a: Jirachi|Iron Head|p1a: Jumpluff\n|-end|p1a: Jumpluff|Substitute\n|move|p1a: Jumpluff|Strength Sap|p2a: Jirachi\n|-unboost|p2a: Jirachi|atk|1\n|-heal|p1a: Jumpluff|271/271\n|\n|upkeep\n|turn|5\n|\n|t:|1781452188\n|switch|p2a: Dragapult|Dragapult, L77, F|262/262\n|move|p1a: Jumpluff|Leech Seed|p2a: Dragapult|[miss]\n|-miss|p1a: Jumpluff|p2a: Dragapult\n|\n|upkeep\n|turn|6\n|\n|t:|1781452196\n|move|p2a: Dragapult|Dragon Dance|p2a: Dragapult\n|-boost|p2a: Dragapult|atk|1\n|-boost|p2a: Dragapult|spe|1\n|move|p1a: Jumpluff|Acrobatics|p2a: Dragapult\n|-damage|p2a: Dragapult|159/262\n|\n|upkeep\n|turn|7\n|inactive|Battle timer is ON: inactive players will automatically lose when time's up. (requested by jao mile)\n|\n|t:|1781452209\n|switch|p1a: Sandaconda|Sandaconda, L84, F|258/258\n|move|p2a: Dragapult|Fire Blast|p1a: Sandaconda\n|-damage|p1a: Sandaconda|154/258\n|-damage|p2a: Dragapult|133/262|[from] item: Life Orb\n|\n|upkeep\n|turn|8\n|\n|t:|1781452214\n|move|p2a: Dragapult|Dragon Darts|p1a: Sandaconda\n|-damage|p1a: Sandaconda|75/258\n|-anim|p2a: Dragapult|Dragon Darts|p1a: Sandaconda\n|-damage|p1a: Sandaconda|0 fnt\n|faint|p1a: Sandaconda\n|-damage|p2a: Dragapult|107/262|[from] item: Life Orb\n|\n|upkeep\n|\n|t:|1781452222\n|switch|p1a: Tyranitar|Tyranitar, L78, M|284/284\n|-weather|Sandstorm|[from] ability: Sand Stream|[of] p1a: Tyranitar\n|turn|9\n|\n|t:|1781452230\n|move|p2a: Dragapult|Dragon Darts|p1a: Tyranitar\n|-damage|p1a: Tyranitar|197/284\n|-anim|p2a: Dragapult|Dragon Darts|p1a: Tyranitar\n|-damage|p1a: Tyranitar|103/284\n|-damage|p2a: Dragapult|81/262|[from] item: Life Orb\n|move|p1a: Tyranitar|Knock Off|p2a: Dragapult\n|-supereffective|p2a: Dragapult\n|-damage|p2a: Dragapult|0 fnt\n|-enditem|p2a: Dragapult|Life Orb|[from] move: Knock Off|[of] p1a: Tyranitar\n|faint|p2a: Dragapult\n|\n|-weather|Sandstorm|[upkeep]\n|upkeep\n|\n|t:|1781452247\n|switch|p2a: Annihilape|Annihilape, L76, M|292/292\n|turn|10\n|\n|t:|1781452262\n|move|p2a: Annihilape|Bulk Up|p2a: Annihilape\n|-boost|p2a: Annihilape|atk|1\n|-boost|p2a: Annihilape|def|1\n|move|p1a: Tyranitar|Dragon Dance|p1a: Tyranitar\n|-boost|p1a: Tyranitar|atk|1\n|-boost|p1a: Tyranitar|spe|1\n|\n|-weather|Sandstorm|[upkeep]\n|-damage|p2a: Annihilape|274/292|[from] Sandstorm\n|upkeep\n|turn|11\n|\n|t:|1781452267\n|move|p1a: Tyranitar|Knock Off|p2a: Annihilape\n|-damage|p2a: Annihilape|129/292\n|-enditem|p2a: Annihilape|Chesto Berry|[from] move: Knock Off|[of] p1a: Tyranitar\n|move|p2a: Annihilape|Drain Punch|p1a: Tyranitar\n|-supereffective|p1a: Tyranitar\n|-damage|p1a: Tyranitar|0 fnt\n|-heal|p2a: Annihilape|181/292|[from] drain|[of] p1a: Tyranitar\n|faint|p1a: Tyranitar\n|\n|-weather|Sandstorm|[upkeep]\n|-damage|p2a: Annihilape|163/292|[from] Sandstorm\n|upkeep\n|\n|t:|1781452273\n|switch|p1a: Jumpluff|Jumpluff, L87, F|271/271\n|turn|12\n|\n|t:|1781452284\n|-terastallize|p2a: Annihilape|Ghost\n|move|p1a: Jumpluff|Leech Seed|p2a: Annihilape\n|-start|p2a: Annihilape|move: Leech Seed\n|move|p2a: Annihilape|Rage Fist|p1a: Jumpluff\n|-damage|p1a: Jumpluff|61/271\n|\n|-weather|Sandstorm|[upkeep]\n|-damage|p1a: Jumpluff|45/271|[from] Sandstorm\n|-damage|p2a: Annihilape|145/292|[from] Sandstorm\n|-damage|p2a: Annihilape|109/292|[from] Leech Seed|[of] p1a: Jumpluff\n|-heal|p1a: Jumpluff|81/271|[silent]\n|upkeep\n|turn|13\n|\n|t:|1781452293\n|move|p1a: Jumpluff|Substitute|p1a: Jumpluff\n|-start|p1a: Jumpluff|Substitute\n|-damage|p1a: Jumpluff|14/271\n|move|p2a: Annihilape|Rage Fist|p1a: Jumpluff\n|-end|p1a: Jumpluff|Substitute\n|\n|-weather|none\n|-damage|p2a: Annihilape|73/292|[from] Leech Seed|[of] p1a: Jumpluff\n|-heal|p1a: Jumpluff|50/271|[silent]\n|upkeep\n|turn|14\n|\n|t:|1781452298\n|move|p1a: Jumpluff|Strength Sap|p2a: Annihilape\n|-unboost|p2a: Annihilape|atk|1\n|-ability|p2a: Annihilape|Defiant|boost\n|-boost|p2a: Annihilape|atk|2\n|-heal|p1a: Jumpluff|271/271\n|move|p2a: Annihilape|Rage Fist|p1a: Jumpluff\n|-damage|p1a: Jumpluff|0 fnt\n|faint|p1a: Jumpluff\n|\n|upkeep\n|\n|t:|1781452311\n|switch|p1a: Charizard|Charizard, L85, F|271/271\n|turn|15\n|\n|t:|1781452316\n|switch|p2a: Cramorant|Cramorant, L86, F|261/261\n|move|p1a: Charizard|Flare Blitz|p2a: Cramorant\n|-resisted|p2a: Cramorant\n|-damage|p2a: Cramorant|186/261\n|-damage|p1a: Charizard|246/271|[from] Recoil\n|\n|upkeep\n|turn|16\n|\n|t:|1781452325\n|switch|p1a: Brute Bonnet|Brute Bonnet, L80|309/309\n|move|p2a: Cramorant|Surf|p1a: Brute Bonnet\n|-formechange|p2a: Cramorant|Cramorant-Gulping|\n|-resisted|p1a: Brute Bonnet\n|-damage|p1a: Brute Bonnet|266/309\n|\n|-heal|p1a: Brute Bonnet|285/309|[from] item: Leftovers\n|upkeep\n|turn|17\n|\n|t:|1781452332\n|switch|p2a: Annihilape|Annihilape, L76, M, tera:Ghost|73/292\n|move|p1a: Brute Bonnet|Sucker Punch||[still]\n|-fail|p1a: Brute Bonnet\n|\n|-heal|p1a: Brute Bonnet|304/309|[from] item: Leftovers\n|upkeep\n|turn|18\n|\n|t:|1781452339\n|move|p2a: Annihilape|Rest|p2a: Annihilape\n|-status|p2a: Annihilape|slp|[from] move: Rest\n|-heal|p2a: Annihilape|292/292 slp|[silent]\n|move|p1a: Brute Bonnet|Spore|p2a: Annihilape\n|-fail|p2a: Annihilape|slp\n|\n|-heal|p1a: Brute Bonnet|309/309|[from] item: Leftovers\n|upkeep\n|turn|19\n|\n|t:|1781452344\n|switch|p2a: Ho-Oh|Ho-Oh, L71|268/268\n|move|p1a: Brute Bonnet|Crunch|p2a: Ho-Oh\n|-damage|p2a: Ho-Oh|156/268\n|-unboost|p2a: Ho-Oh|def|1\n|\n|upkeep\n|turn|20\n|\n|t:|1781452359\n|switch|p2a: Cramorant|Cramorant, L86, F|186/261\n|-end|p1a: Brute Bonnet|Protosynthesis|[silent]\n|switch|p1a: Charizard|Charizard, L85, F|246/271\n|\n|upkeep\n|turn|21\n|\n|t:|1781452364\n|switch|p1a: Cobalion|Cobalion, L80|277/277\n|move|p2a: Cramorant|Surf|p1a: Cobalion\n|-formechange|p2a: Cramorant|Cramorant-Gulping|\n|-damage|p1a: Cobalion|166/277\n|\n|upkeep\n|turn|22\n|\n|t:|1781452370\n|switch|p2a: Jirachi|Jirachi, L80|291/291\n|move|p1a: Cobalion|Stone Edge|p2a: Jirachi|[miss]\n|-miss|p1a: Cobalion|p2a: Jirachi\n|\n|upkeep\n|turn|23\n|\n|t:|1781452375\n|move|p2a: Jirachi|U-turn|p1a: Cobalion\n|-resisted|p1a: Cobalion\n|-damage|p1a: Cobalion|158/277\n|\n|t:|1781452377\n|switch|p2a: Cramorant|Cramorant, L86, F|186/261|[from] U-turn\n|move|p1a: Cobalion|Close Combat|p2a: Cramorant\n|-resisted|p2a: Cramorant\n|-crit|p2a: Cramorant\n|-damage|p2a: Cramorant|31/261\n|-unboost|p1a: Cobalion|def|1\n|-unboost|p1a: Cobalion|spd|1\n|-damage|p1a: Cobalion|131/277|[from] item: Life Orb\n|\n|upkeep\n|turn|24\n|\n|t:|1781452383\n|switch|p2a: Jirachi|Jirachi, L80|291/291\n|move|p1a: Cobalion|Swords Dance|p1a: Cobalion\n|-boost|p1a: Cobalion|atk|2\n|\n|upkeep\n|turn|25\n|\n|t:|1781452397\n|move|p2a: Jirachi|U-turn|p1a: Cobalion\n|-resisted|p1a: Cobalion\n|-damage|p1a: Cobalion|117/277\n|\n|t:|1781452400\n|switch|p2a: Annihilape|Annihilape, L76, M, tera:Ghost|292/292 slp|[from] U-turn\n|move|p1a: Cobalion|Close Combat|p2a: Annihilape\n|-immune|p2a: Annihilape\n|\n|upkeep\n|turn|26\n|\n|t:|1781452406\n|switch|p2a: Jirachi|Jirachi, L80|291/291\n|move|p1a: Cobalion|Iron Head|p2a: Jirachi\n|-resisted|p2a: Jirachi\n|-damage|p2a: Jirachi|208/291\n|-damage|p1a: Cobalion|90/277|[from] item: Life Orb\n|\n|upkeep\n|turn|27\n|\n|t:|1781452410\n|move|p2a: Jirachi|Psychic|p1a: Cobalion\n|-damage|p1a: Cobalion|0 fnt\n|faint|p1a: Cobalion\n|\n|upkeep\n|\n|t:|1781452413\n|switch|p1a: Brute Bonnet|Brute Bonnet, L80|309/309\n|turn|28\n|\n|t:|1781452420\n|switch|p2a: Annihilape|Annihilape, L76, M, tera:Ghost|292/292 slp\n|move|p1a: Brute Bonnet|Crunch|p2a: Annihilape\n|-supereffective|p2a: Annihilape\n|-damage|p2a: Annihilape|82/292 slp\n|\n|upkeep\n|turn|29\n|\n|t:|1781452425\n|cant|p2a: Annihilape|slp\n|move|p1a: Brute Bonnet|Crunch|p2a: Annihilape\n|-supereffective|p2a: Annihilape\n|-damage|p2a: Annihilape|0 fnt\n|faint|p2a: Annihilape\n|\n|upkeep\n|\n|t:|1781452427\n|switch|p2a: Cramorant|Cramorant, L86, F|31/261\n|turn|30\n|\n|t:|1781452429\n|move|p1a: Brute Bonnet|Sucker Punch||[still]\n|-fail|p1a: Brute Bonnet\n|move|p2a: Cramorant|Roost|p2a: Cramorant\n|-heal|p2a: Cramorant|162/261\n|-singleturn|p2a: Cramorant|move: Roost\n|\n|upkeep\n|turn|31\n|\n|t:|1781452436\n|move|p2a: Cramorant|Brave Bird|p1a: Brute Bonnet\n|-supereffective|p1a: Brute Bonnet\n|-damage|p1a: Brute Bonnet|97/309\n|-damage|p2a: Cramorant|92/261|[from] Recoil\n|move|p1a: Brute Bonnet|Spore|p2a: Cramorant\n|-status|p2a: Cramorant|slp|[from] move: Spore\n|\n|-heal|p1a: Brute Bonnet|116/309|[from] item: Leftovers\n|upkeep\n|turn|32\n|\n|t:|1781452443\n|switch|p2a: Ho-Oh|Ho-Oh, L71|245/268\n|move|p1a: Brute Bonnet|Crunch|p2a: Ho-Oh\n|-damage|p2a: Ho-Oh|140/268\n|-unboost|p2a: Ho-Oh|def|1\n|\n|-heal|p1a: Brute Bonnet|135/309|[from] item: Leftovers\n|upkeep\n|turn|33\n|\n|t:|1781452450\n|move|p2a: Ho-Oh|Sacred Fire|p1a: Brute Bonnet|[miss]\n|-miss|p2a: Ho-Oh|p1a: Brute Bonnet\n|move|p1a: Brute Bonnet|Crunch|p2a: Ho-Oh\n|-damage|p2a: Ho-Oh|0 fnt\n|faint|p2a: Ho-Oh\n|\n|-heal|p1a: Brute Bonnet|154/309|[from] item: Leftovers\n|upkeep\n|c|\u2606jao mile|Sure\n|\n|t:|1781452456\n|switch|p2a: Iron Moth|Iron Moth, L78|222/253\n|turn|34\n|\n|t:|1781452462\n|-end|p1a: Brute Bonnet|Protosynthesis|[silent]\n|switch|p1a: Charizard|Charizard, L85, F|246/271\n|move|p2a: Iron Moth|Fiery Dance|p1a: Charizard\n|-resisted|p1a: Charizard\n|-damage|p1a: Charizard|192/271\n|-boost|p2a: Iron Moth|spa|1\n|\n|upkeep\n|turn|35\n|\n|t:|1781452470\n|-end|p2a: Iron Moth|Quark Drive|[silent]\n|switch|p2a: Cramorant|Cramorant, L86, F|92/261 slp\n|move|p1a: Charizard|Earthquake|p2a: Cramorant\n|-immune|p2a: Cramorant\n|\n|upkeep\n|turn|36\n|\n|t:|1781452475\n|move|p1a: Charizard|Dragon Dance|p1a: Charizard\n|-boost|p1a: Charizard|atk|1\n|-boost|p1a: Charizard|spe|1\n|cant|p2a: Cramorant|slp\n|\n|upkeep\n|turn|37\n|\n|t:|1781452480\n|move|p1a: Charizard|Flare Blitz|p2a: Cramorant\n|-resisted|p2a: Cramorant\n|-damage|p2a: Cramorant|0 fnt\n|faint|p2a: Cramorant\n|-damage|p1a: Charizard|162/271|[from] Recoil\n|\n|upkeep\n|c|\u2606jao mile|So fucking lucky\n|c|\u2606Rheny|GG. you had great reads. unfortunate\n|-message|jao mile forfeited.\n|\n|win|Rheny\n", "uploadtime": 1781452141, "views": 8, "formatid": "gen9randombattle", "rating": null, "private": 0, "password": null}