{"id": "gen9randombattle-2631829339", "format": "[Gen 9] Random Battle", "players": ["MakotoV7", "YveltalNL"], "log": "|j|\u2606MakotoV7\n|j|\u2606YveltalNL\n|t:|1781445456\n|gametype|singles\n|player|p1|MakotoV7|steven|2105\n|player|p2|YveltalNL|#yveltalnl|2207\n|gen|9\n|tier|[Gen 9] Random Battle\n|rated|\n|rule|Species Clause: Limit one of each Pok\u00e9mon\n|rule|HP Percentage Mod: HP is shown in percentages\n|rule|Sleep Clause Mod: Limit one foe put to sleep\n|rule|Illusion Level Mod: Illusion disguises the Pok\u00e9mon's true level\n|\n|t:|1781445456\n|teamsize|p1|6\n|teamsize|p2|6\n|start\n|switch|p1a: Whiscash|Whiscash, L88, M|337/337\n|switch|p2a: Perrserker|Perrserker, L89, F|269/269\n|turn|1\n|inactive|Battle timer is ON: inactive players will automatically lose when time's up. (requested by MakotoV7)\n|\n|t:|1781445475\n|move|p1a: Whiscash|Dragon Dance|p1a: Whiscash\n|-boost|p1a: Whiscash|atk|1\n|-boost|p1a: Whiscash|spe|1\n|move|p2a: Perrserker|Close Combat|p1a: Whiscash\n|-damage|p1a: Whiscash|128/337\n|-unboost|p2a: Perrserker|def|1\n|-unboost|p2a: Perrserker|spd|1\n|-damage|p2a: Perrserker|243/269|[from] item: Life Orb\n|\n|upkeep\n|turn|2\n|\n|t:|1781445495\n|move|p1a: Whiscash|Earthquake|p2a: Perrserker\n|-supereffective|p2a: Perrserker\n|-damage|p2a: Perrserker|0 fnt\n|faint|p2a: Perrserker\n|-damage|p1a: Whiscash|95/337|[from] item: Life Orb\n|\n|upkeep\n|\n|t:|1781445498\n|switch|p2a: Dragapult|Dragapult, L77, F|262/262\n|turn|3\n|\n|t:|1781445505\n|switch|p1a: Kingambit|Kingambit, L74, F|270/270\n|move|p2a: Dragapult|Dragon Darts|p1a: Kingambit\n|-resisted|p1a: Kingambit\n|-crit|p1a: Kingambit\n|-damage|p1a: Kingambit|227/270\n|-anim|p2a: Dragapult|Dragon Darts|p1a: Kingambit\n|-resisted|p1a: Kingambit\n|-damage|p1a: Kingambit|196/270\n|-damage|p2a: Dragapult|236/262|[from] item: Life Orb\n|\n|-heal|p1a: Kingambit|212/270|[from] item: Leftovers\n|upkeep\n|turn|4\n|\n|t:|1781445510\n|switch|p2a: Regice|Regice, L88|284/284\n|move|p1a: Kingambit|Swords Dance|p1a: Kingambit\n|-boost|p1a: Kingambit|atk|2\n|\n|-heal|p1a: Kingambit|228/270|[from] item: Leftovers\n|upkeep\n|turn|5\n|\n|t:|1781445513\n|move|p2a: Regice|Body Press|p1a: Kingambit\n|-supereffective|p1a: Kingambit\n|-damage|p1a: Kingambit|0 fnt\n|faint|p1a: Kingambit\n|-end|p1a: Kingambit|fallenundefined|[silent]\n|\n|upkeep\n|\n|t:|1781445517\n|switch|p1a: Mienshao|Mienshao, L83, F|244/244\n|turn|6\n|\n|t:|1781445523\n|move|p1a: Mienshao|Knock Off|p2a: Regice\n|-damage|p2a: Regice|184/284\n|-enditem|p2a: Regice|Heavy-Duty Boots|[from] move: Knock Off|[of] p1a: Mienshao\n|-damage|p1a: Mienshao|220/244|[from] item: Life Orb\n|move|p2a: Regice|Thunder Wave|p1a: Mienshao\n|-status|p1a: Mienshao|par\n|\n|upkeep\n|turn|7\n|\n|t:|1781445533\n|switch|p2a: Gengar|Gengar, L81, M|230/230\n|move|p1a: Mienshao|Close Combat|p2a: Gengar\n|-immune|p2a: Gengar\n|\n|upkeep\n|turn|8\n|\n|t:|1781445537\n|move|p2a: Gengar|Sludge Wave|p1a: Mienshao\n|-damage|p1a: Mienshao|20/244 par\n|-damage|p2a: Gengar|207/230|[from] item: Life Orb\n|move|p1a: Mienshao|Knock Off|p2a: Gengar\n|-supereffective|p2a: Gengar\n|-damage|p2a: Gengar|0 fnt\n|-start|p1a: Mienshao|Disable|Knock Off|[from] ability: Cursed Body|[of] p2a: Gengar\n|-enditem|p2a: Gengar|Life Orb|[from] move: Knock Off|[of] p1a: Mienshao\n|faint|p2a: Gengar\n|-damage|p1a: Mienshao|0 fnt|[from] item: Life Orb\n|faint|p1a: Mienshao\n|\n|upkeep\n|\n|t:|1781445546\n|switch|p2a: Tauros|Tauros, L82, M|257/257\n|switch|p1a: Pincurchin|Pincurchin, F|258/258\n|-fieldstart|move: Electric Terrain|[from] ability: Electric Surge|[of] p1a: Pincurchin\n|turn|9\n|\n|t:|1781445551\n|move|p2a: Tauros|Earthquake|p1a: Pincurchin\n|-supereffective|p1a: Pincurchin\n|-damage|p1a: Pincurchin|118/258\n|-damage|p2a: Tauros|232/257|[from] item: Life Orb\n|move|p1a: Pincurchin|Curse|p1a: Pincurchin\n|-unboost|p1a: Pincurchin|spe|1\n|-boost|p1a: Pincurchin|atk|1\n|-boost|p1a: Pincurchin|def|1\n|\n|-heal|p1a: Pincurchin|134/258|[from] item: Leftovers\n|upkeep\n|turn|10\n|\n|t:|1781445563\n|move|p2a: Tauros|Earthquake|p1a: Pincurchin\n|-supereffective|p1a: Pincurchin\n|-damage|p1a: Pincurchin|35/258\n|-damage|p2a: Tauros|207/257|[from] item: Life Orb\n|move|p1a: Pincurchin|Recover|p1a: Pincurchin\n|-heal|p1a: Pincurchin|164/258\n|\n|-heal|p1a: Pincurchin|180/258|[from] item: Leftovers\n|upkeep\n|turn|11\n|\n|t:|1781445566\n|move|p2a: Tauros|Earthquake|p1a: Pincurchin\n|-supereffective|p1a: Pincurchin\n|-damage|p1a: Pincurchin|89/258\n|-damage|p2a: Tauros|182/257|[from] item: Life Orb\n|move|p1a: Pincurchin|Recover|p1a: Pincurchin\n|-heal|p1a: Pincurchin|218/258\n|\n|-heal|p1a: Pincurchin|234/258|[from] item: Leftovers\n|upkeep\n|turn|12\n|\n|t:|1781445571\n|move|p2a: Tauros|Earthquake|p1a: Pincurchin\n|-supereffective|p1a: Pincurchin\n|-damage|p1a: Pincurchin|133/258\n|-damage|p2a: Tauros|157/257|[from] item: Life Orb\n|move|p1a: Pincurchin|Curse|p1a: Pincurchin\n|-unboost|p1a: Pincurchin|spe|1\n|-boost|p1a: Pincurchin|atk|1\n|-boost|p1a: Pincurchin|def|1\n|\n|-heal|p1a: Pincurchin|149/258|[from] item: Leftovers\n|upkeep\n|turn|13\n|\n|t:|1781445574\n|move|p2a: Tauros|Earthquake|p1a: Pincurchin\n|-supereffective|p1a: Pincurchin\n|-damage|p1a: Pincurchin|76/258\n|-damage|p2a: Tauros|132/257|[from] item: Life Orb\n|move|p1a: Pincurchin|Recover|p1a: Pincurchin\n|-heal|p1a: Pincurchin|205/258\n|\n|-heal|p1a: Pincurchin|221/258|[from] item: Leftovers\n|-fieldend|move: Electric Terrain\n|upkeep\n|turn|14\n|\n|t:|1781445577\n|move|p2a: Tauros|Earthquake|p1a: Pincurchin\n|-supereffective|p1a: Pincurchin\n|-damage|p1a: Pincurchin|153/258\n|-damage|p2a: Tauros|107/257|[from] item: Life Orb\n|move|p1a: Pincurchin|Curse|p1a: Pincurchin\n|-unboost|p1a: Pincurchin|spe|1\n|-boost|p1a: Pincurchin|atk|1\n|-boost|p1a: Pincurchin|def|1\n|\n|-heal|p1a: Pincurchin|169/258|[from] item: Leftovers\n|upkeep\n|turn|15\n|n|!YveltalNL|yveltalnl\n|\n|t:|1781445599\n|move|p2a: Tauros|Body Slam|p1a: Pincurchin\n|-crit|p1a: Pincurchin\n|-damage|p1a: Pincurchin|4/258\n|move|p1a: Pincurchin|Recover|p1a: Pincurchin\n|-heal|p1a: Pincurchin|133/258\n|\n|-heal|p1a: Pincurchin|149/258|[from] item: Leftovers\n|upkeep\n|turn|16\n|\n|t:|1781445603\n|move|p2a: Tauros|Earthquake|p1a: Pincurchin\n|-supereffective|p1a: Pincurchin\n|-damage|p1a: Pincurchin|89/258\n|-damage|p2a: Tauros|82/257|[from] item: Life Orb\n|move|p1a: Pincurchin|Recover|p1a: Pincurchin\n|-heal|p1a: Pincurchin|218/258\n|\n|-heal|p1a: Pincurchin|234/258|[from] item: Leftovers\n|upkeep\n|turn|17\n|\n|t:|1781445606\n|move|p2a: Tauros|Earthquake|p1a: Pincurchin\n|-supereffective|p1a: Pincurchin\n|-damage|p1a: Pincurchin|179/258\n|-damage|p2a: Tauros|57/257|[from] item: Life Orb\n|move|p1a: Pincurchin|Curse|p1a: Pincurchin\n|-unboost|p1a: Pincurchin|spe|1\n|-boost|p1a: Pincurchin|atk|1\n|-boost|p1a: Pincurchin|def|1\n|\n|-heal|p1a: Pincurchin|195/258|[from] item: Leftovers\n|upkeep\n|turn|18\n|\n|t:|1781445609\n|move|p2a: Tauros|Body Slam|p1a: Pincurchin\n|-damage|p1a: Pincurchin|155/258\n|move|p1a: Pincurchin|Recover|p1a: Pincurchin\n|-heal|p1a: Pincurchin|258/258\n|\n|upkeep\n|turn|19\n|\n|t:|1781445612\n|move|p2a: Tauros|Earthquake|p1a: Pincurchin\n|-supereffective|p1a: Pincurchin\n|-damage|p1a: Pincurchin|206/258\n|-damage|p2a: Tauros|32/257|[from] item: Life Orb\n|move|p1a: Pincurchin|Liquidation|p2a: Tauros\n|-damage|p2a: Tauros|0 fnt\n|faint|p2a: Tauros\n|\n|-heal|p1a: Pincurchin|222/258|[from] item: Leftovers\n|upkeep\n|\n|t:|1781445616\n|switch|p2a: Regice|Regice, L88|184/284\n|turn|20\n|\n|t:|1781445619\n|move|p2a: Regice|Ice Beam|p1a: Pincurchin\n|-damage|p1a: Pincurchin|129/258\n|-status|p1a: Pincurchin|frz\n|cant|p1a: Pincurchin|frz\n|\n|-heal|p1a: Pincurchin|145/258 frz|[from] item: Leftovers\n|upkeep\n|turn|21\n|\n|t:|1781445623\n|move|p2a: Regice|Ice Beam|p1a: Pincurchin\n|-damage|p1a: Pincurchin|51/258 frz\n|-curestatus|p1a: Pincurchin|frz|[msg]\n|move|p1a: Pincurchin|Zing Zap|p2a: Regice\n|-damage|p2a: Regice|0 fnt\n|faint|p2a: Regice\n|\n|-heal|p1a: Pincurchin|67/258|[from] item: Leftovers\n|upkeep\n|\n|t:|1781445627\n|switch|p2a: Dragapult|Dragapult, L77, F|236/262\n|turn|22\n|\n|t:|1781445630\n|move|p2a: Dragapult|Fire Blast|p1a: Pincurchin|[miss]\n|-miss|p2a: Dragapult|p1a: Pincurchin\n|move|p1a: Pincurchin|Recover|p1a: Pincurchin\n|-heal|p1a: Pincurchin|196/258\n|\n|-heal|p1a: Pincurchin|212/258|[from] item: Leftovers\n|upkeep\n|turn|23\n|-message|YveltalNL forfeited.\n|\n|win|MakotoV7\n", "uploadtime": 1781445458, "views": 6, "formatid": "gen9randombattle", "rating": null, "private": 0, "password": null}