{"id": "gen9randombattle-2631460801", "format": "[Gen 9] Random Battle", "players": ["draco misses", "A ninja kiwi"], "log": "|j|\u2606draco misses\n|j|\u2606A ninja kiwi\n|t:|1781387473\n|gametype|singles\n|player|p1|draco misses|101|2074\n|player|p2|A ninja kiwi|koga|2144\n|gen|9\n|tier|[Gen 9] Random Battle\n|rated|\n|rule|Species Clause: Limit one of each Pok\u00e9mon\n|rule|HP Percentage Mod: HP is shown in percentages\n|rule|Sleep Clause Mod: Limit one foe put to sleep\n|rule|Illusion Level Mod: Illusion disguises the Pok\u00e9mon's true level\n|\n|t:|1781387473\n|teamsize|p1|6\n|teamsize|p2|6\n|start\n|switch|p1a: Bellibolt|Bellibolt, L84, M|320/320\n|switch|p2a: Minun|Minun, L95, F|268/268\n|turn|1\n|inactive|Battle timer is ON: inactive players will automatically lose when time's up. (requested by A ninja kiwi)\n|\n|t:|1781387485\n|move|p2a: Minun|Nasty Plot|p2a: Minun\n|-boost|p2a: Minun|spa|2\n|move|p1a: Bellibolt|Toxic|p2a: Minun\n|-status|p2a: Minun|tox\n|\n|-damage|p2a: Minun|252/268 tox|[from] psn\n|upkeep\n|turn|2\n|\n|t:|1781387494\n|move|p2a: Minun|Nasty Plot|p2a: Minun\n|-boost|p2a: Minun|spa|2\n|move|p1a: Bellibolt|Muddy Water|p2a: Minun\n|-damage|p2a: Minun|194/268 tox\n|\n|-damage|p2a: Minun|162/268 tox|[from] psn\n|upkeep\n|turn|3\n|\n|t:|1781387500\n|move|p2a: Minun|Grass Knot|p1a: Bellibolt\n|-damage|p1a: Bellibolt|35/320\n|-start|p1a: Bellibolt|Charge|Grass Knot|[from] ability: Electromorphosis\n|-damage|p2a: Minun|136/268 tox|[from] item: Life Orb\n|move|p1a: Bellibolt|Muddy Water|p2a: Minun|[miss]\n|-miss|p1a: Bellibolt|p2a: Minun\n|\n|-heal|p1a: Bellibolt|55/320|[from] item: Leftovers\n|-damage|p2a: Minun|88/268 tox|[from] psn\n|upkeep\n|turn|4\n|\n|t:|1781387510\n|move|p2a: Minun|Thunderbolt|p1a: Bellibolt\n|-resisted|p1a: Bellibolt\n|-damage|p1a: Bellibolt|0 fnt\n|faint|p1a: Bellibolt\n|-damage|p2a: Minun|62/268 tox|[from] item: Life Orb\n|\n|-damage|p2a: Minun|0 fnt|[from] psn\n|faint|p2a: Minun\n|upkeep\n|\n|t:|1781387522\n|switch|p2a: Reshiram|Reshiram, L76|277/277\n|switch|p1a: Ambipom|Ambipom, L84, F|263/263\n|-ability|p2a: Reshiram|Turboblaze\n|turn|5\n|\n|t:|1781387531\n|move|p1a: Ambipom|Double-Edge|p2a: Reshiram\n|-crit|p2a: Reshiram\n|-damage|p2a: Reshiram|4/277\n|-damage|p1a: Ambipom|173/263|[from] Recoil\n|move|p2a: Reshiram|Will-O-Wisp|p1a: Ambipom\n|-status|p1a: Ambipom|brn\n|\n|-damage|p1a: Ambipom|157/263 brn|[from] brn\n|upkeep\n|turn|6\n|\n|t:|1781387548\n|switch|p2a: Vileplume|Vileplume, L85, M|266/266\n|move|p1a: Ambipom|Double-Edge|p2a: Vileplume\n|-damage|p2a: Vileplume|169/266\n|-damage|p1a: Ambipom|125/263 brn|[from] Recoil\n|\n|-heal|p2a: Vileplume|185/266|[from] item: Leftovers\n|-damage|p1a: Ambipom|109/263 brn|[from] brn\n|upkeep\n|turn|7\n|\n|t:|1781387566\n|switch|p1a: Zarude|Zarude-Dada, L77|288/288\n|move|p2a: Vileplume|Strength Sap|p1a: Zarude\n|-unboost|p1a: Zarude|atk|1\n|-heal|p2a: Vileplume|266/266\n|\n|upkeep\n|turn|8\n|\n|t:|1781387584\n|move|p1a: Zarude|Knock Off|p2a: Vileplume\n|-crit|p2a: Vileplume\n|-damage|p2a: Vileplume|20/266\n|-enditem|p2a: Vileplume|Leftovers|[from] move: Knock Off|[of] p1a: Zarude\n|move|p2a: Vileplume|Sludge Bomb|p1a: Zarude\n|-supereffective|p1a: Zarude\n|-damage|p1a: Zarude|76/288\n|\n|upkeep\n|turn|9\n|\n|t:|1781387599\n|move|p1a: Zarude|Knock Off|p2a: Vileplume\n|-damage|p2a: Vileplume|0 fnt\n|faint|p2a: Vileplume\n|\n|upkeep\n|\n|t:|1781387602\n|switch|p2a: Heracross|Heracross, L80, F|259/259\n|turn|10\n|\n|t:|1781387613\n|switch|p1a: Sandy Shocks|Sandy Shocks, L80|267/267\n|move|p2a: Heracross|Close Combat|p1a: Sandy Shocks\n|-damage|p1a: Sandy Shocks|120/267\n|-unboost|p2a: Heracross|def|1\n|-unboost|p2a: Heracross|spd|1\n|\n|upkeep\n|turn|11\n|\n|t:|1781387619\n|move|p2a: Heracross|Close Combat|p1a: Sandy Shocks\n|-damage|p1a: Sandy Shocks|0 fnt\n|-unboost|p2a: Heracross|def|1\n|-unboost|p2a: Heracross|spd|1\n|faint|p1a: Sandy Shocks\n|-end|p1a: Sandy Shocks|Protosynthesis|[silent]\n|-ability|p2a: Heracross|Moxie|boost\n|-boost|p2a: Heracross|atk|1\n|\n|upkeep\n|\n|t:|1781387628\n|switch|p1a: Gastrodon|Gastrodon, L86, M|331/331\n|turn|12\n|\n|t:|1781387642\n|switch|p2a: Passimian|Passimian, L83, F|302/302\n|-terastallize|p1a: Gastrodon|Poison\n|move|p1a: Gastrodon|Surf|p2a: Passimian\n|-damage|p2a: Passimian|176/302\n|\n|upkeep\n|turn|13\n|\n|t:|1781387655\n|move|p2a: Passimian|Knock Off|p1a: Gastrodon\n|-damage|p1a: Gastrodon|180/331\n|-enditem|p1a: Gastrodon|Leftovers|[from] move: Knock Off|[of] p2a: Passimian\n|move|p1a: Gastrodon|Surf|p2a: Passimian\n|-damage|p2a: Passimian|58/302\n|\n|upkeep\n|turn|14\n|\n|t:|1781387660\n|switch|p2a: Reshiram|Reshiram, L76|4/277\n|-ability|p2a: Reshiram|Turboblaze\n|move|p1a: Gastrodon|Recover|p1a: Gastrodon\n|-heal|p1a: Gastrodon|331/331\n|\n|upkeep\n|turn|15\n|\n|t:|1781387667\n|move|p2a: Reshiram|Will-O-Wisp|p1a: Gastrodon\n|-status|p1a: Gastrodon|brn\n|move|p1a: Gastrodon|Surf|p2a: Reshiram\n|-damage|p2a: Reshiram|0 fnt\n|faint|p2a: Reshiram\n|\n|-damage|p1a: Gastrodon|311/331 brn|[from] brn\n|upkeep\n|\n|t:|1781387670\n|switch|p2a: Passimian|Passimian, L83, F|58/302\n|turn|16\n|\n|t:|1781387686\n|switch|p1a: Ambipom|Ambipom, L84, F|109/263 brn\n|move|p2a: Passimian|Earthquake|p1a: Ambipom\n|-damage|p1a: Ambipom|0 fnt\n|faint|p1a: Ambipom\n|\n|upkeep\n|\n|t:|1781387691\n|switch|p1a: Zarude|Zarude-Dada, L77|76/288\n|turn|17\n|\n|t:|1781387702\n|move|p1a: Zarude|Knock Off|p2a: Passimian\n|-resisted|p2a: Passimian\n|-damage|p2a: Passimian|0 fnt\n|-enditem|p2a: Passimian|Choice Band|[from] move: Knock Off|[of] p1a: Zarude\n|faint|p2a: Passimian\n|\n|upkeep\n|\n|t:|1781387704\n|switch|p2a: Heracross|Heracross, L80, F|259/259\n|turn|18\n|\n|t:|1781387715\n|switch|p1a: Gastrodon|Gastrodon, L86, M, tera:Poison|311/331 brn\n|move|p2a: Heracross|Close Combat|p1a: Gastrodon\n|-resisted|p1a: Gastrodon\n|-damage|p1a: Gastrodon|227/331 brn\n|-unboost|p2a: Heracross|def|1\n|-unboost|p2a: Heracross|spd|1\n|\n|-damage|p1a: Gastrodon|207/331 brn|[from] brn\n|upkeep\n|turn|19\n|\n|t:|1781387741\n|switch|p2a: Typhlosion|Typhlosion-Hisui, L83, M|257/257\n|move|p1a: Gastrodon|Surf|p2a: Typhlosion\n|-supereffective|p2a: Typhlosion\n|-damage|p2a: Typhlosion|41/257\n|\n|-damage|p1a: Gastrodon|187/331 brn|[from] brn\n|upkeep\n|turn|20\n|\n|t:|1781387755\n|move|p2a: Typhlosion|Fire Blast|p1a: Gastrodon\n|-damage|p1a: Gastrodon|0 fnt\n|faint|p1a: Gastrodon\n|\n|upkeep\n|\n|t:|1781387764\n|switch|p1a: Zarude|Zarude-Dada, L77|76/288\n|turn|21\n|\n|t:|1781387769\n|move|p1a: Zarude|Knock Off|p2a: Typhlosion\n|-supereffective|p2a: Typhlosion\n|-damage|p2a: Typhlosion|0 fnt\n|-enditem|p2a: Typhlosion|Heavy-Duty Boots|[from] move: Knock Off|[of] p1a: Zarude\n|faint|p2a: Typhlosion\n|\n|upkeep\n|\n|t:|1781387771\n|switch|p2a: Heracross|Heracross, L80, F|259/259\n|turn|22\n|\n|t:|1781387773\n|move|p2a: Heracross|Close Combat|p1a: Zarude\n|-supereffective|p1a: Zarude\n|-damage|p1a: Zarude|0 fnt\n|-unboost|p2a: Heracross|def|1\n|-unboost|p2a: Heracross|spd|1\n|faint|p1a: Zarude\n|-ability|p2a: Heracross|Moxie|boost\n|-boost|p2a: Heracross|atk|1\n|\n|upkeep\n|-message|draco misses forfeited.\n|\n|win|A ninja kiwi\n", "inputlog": ">version a8376a258c1d4662feba110a92103f3664a72141\n>start {\"formatid\":\"gen9randombattle\",\"seed\":\"sodium,3e53b57a231c7f477ec3e3cf2b37cac6\",\"rated\":\"Rated battle\"}\n>player p1 {\"name\":\"draco misses\",\"avatar\":\"101\",\"rating\":2074,\"seed\":\"sodium,8df4e70c621f684a3ccb0314f74104b9\"}\n>player p2 {\"name\":\"A ninja kiwi\",\"avatar\":\"koga\",\"rating\":2144,\"seed\":\"sodium,9b04661a89892f41860da4360d2a907f\"}\n>p1 move toxic\n>p2 move nastyplot\n>p1 move muddywater\n>p2 move nastyplot\n>p1 move muddywater\n>p2 move grassknot\n>p1 move slackoff\n>p2 move thunderbolt\n>p1 switch 3\n>p2 switch 4\n>p1 move doubleedge\n>p2 move willowisp\n>p1 move doubleedge\n>p2 switch 5\n>p1 switch 4\n>p2 move strengthsap\n>p1 move knockoff\n>p2 move sludgebomb\n>p1 move knockoff\n>p2 move strengthsap\n>p2 switch 3\n>p1 switch 5\n>p2 move closecombat\n>p1 move thunderbolt\n>p2 move closecombat\n>p1 switch 6\n>p1 move surf terastallize\n>p2 switch 6\n>p1 move surf\n>p2 move knockoff\n>p1 move recover\n>p2 switch 5\n>p1 move surf\n>p2 move willowisp\n>p2 switch 5\n>p1 switch 4\n>p2 move earthquake\n>p1 switch 5\n>p1 move knockoff\n>p2 move earthquake\n>p2 switch 6\n>p1 switch 4\n>p2 move closecombat\n>p1 move surf\n>p2 switch 2\n>p1 move surf\n>p2 move fireblast\n>p1 switch 4\n>p1 move knockoff\n>p2 move fireblast\n>p2 switch 2\n>p1 move knockoff\n>p2 move closecombat\n>forcelose p1", "uploadtime": 1781387475, "views": 7, "formatid": "gen9randombattle", "rating": null, "private": 0, "password": null}