{"id": "gen9randombattle-2631956947", "format": "[Gen 9] Random Battle", "players": ["spencomatic", "RedDudeN64"], "log": "|j|\u2606spencomatic\n|j|\u2606RedDudeN64\n|t:|1781459782\n|gametype|singles\n|player|p1|spencomatic|170|2114\n|player|p2|RedDudeN64|red|2145\n|gen|9\n|tier|[Gen 9] Random Battle\n|rated|\n|rule|Species Clause: Limit one of each Pok\u00e9mon\n|rule|HP Percentage Mod: HP is shown in percentages\n|rule|Sleep Clause Mod: Limit one foe put to sleep\n|rule|Illusion Level Mod: Illusion disguises the Pok\u00e9mon's true level\n|\n|t:|1781459782\n|teamsize|p1|6\n|teamsize|p2|6\n|start\n|switch|p1a: Ursaring|Ursaring, L84, M|288/288\n|switch|p2a: Eiscue|Eiscue, L88, M|274/274\n|turn|1\n|inactive|Battle timer is ON: inactive players will automatically lose when time's up. (requested by spencomatic)\n|\n|t:|1781459810\n|switch|p1a: Galvantula|Galvantula, L82, F|249/249\n|switch|p2a: Giratina|Giratina, L75|349/349\n|-ability|p2a: Giratina|Pressure\n|\n|upkeep\n|turn|2\n|\n|t:|1781459816\n|move|p1a: Galvantula|Sticky Web|p2a: Giratina\n|-sidestart|p2: RedDudeN64|move: Sticky Web\n|move|p2a: Giratina|Will-O-Wisp|p1a: Galvantula\n|-status|p1a: Galvantula|brn\n|\n|-damage|p1a: Galvantula|234/249 brn|[from] brn\n|upkeep\n|turn|3\n|\n|t:|1781459818\n|move|p1a: Galvantula|Thunder|p2a: Giratina\n|-resisted|p2a: Giratina\n|-damage|p2a: Giratina|301/349\n|-status|p2a: Giratina|par\n|cant|p2a: Giratina|par\n|\n|-heal|p2a: Giratina|322/349 par|[from] item: Leftovers\n|-damage|p1a: Galvantula|219/249 brn|[from] brn\n|upkeep\n|turn|4\n|\n|t:|1781459823\n|switch|p1a: Ursaring|Ursaring, L84, M|288/288\n|cant|p2a: Giratina|par\n|\n|-heal|p2a: Giratina|343/349 par|[from] item: Leftovers\n|-status|p1a: Ursaring|tox|[from] item: Toxic Orb\n|upkeep\n|turn|5\n|\n|t:|1781459826\n|move|p1a: Ursaring|Crunch|p2a: Giratina\n|-supereffective|p2a: Giratina\n|-damage|p2a: Giratina|227/349 par\n|move|p2a: Giratina|Defog|p1a: Ursaring\n|-unboost|p1a: Ursaring|evasion|1\n|-sideend|p2: RedDudeN64|Sticky Web|[from] move: Defog|[of] p2a: Giratina\n|\n|-heal|p2a: Giratina|248/349 par|[from] item: Leftovers\n|-damage|p1a: Ursaring|270/288 tox|[from] psn\n|upkeep\n|turn|6\n|\n|t:|1781459832\n|switch|p2a: Scyther|Scyther, L82, M|249/249\n|move|p1a: Ursaring|Swords Dance|p1a: Ursaring\n|-boost|p1a: Ursaring|atk|2\n|\n|-damage|p1a: Ursaring|234/288 tox|[from] psn\n|upkeep\n|turn|7\n|\n|t:|1781459841\n|move|p2a: Scyther|Close Combat|p1a: Ursaring\n|-supereffective|p1a: Ursaring\n|-damage|p1a: Ursaring|48/288 tox\n|-unboost|p2a: Scyther|def|1\n|-unboost|p2a: Scyther|spd|1\n|move|p1a: Ursaring|Facade|p2a: Scyther\n|-damage|p2a: Scyther|0 fnt\n|faint|p2a: Scyther\n|\n|-damage|p1a: Ursaring|0 fnt|[from] psn\n|faint|p1a: Ursaring\n|upkeep\n|\n|t:|1781459850\n|switch|p2a: Chi-Yu|Chi-Yu, L77|211/211\n|switch|p1a: Registeel|Registeel, L81|262/262\n|-ability|p2a: Chi-Yu|Beads of Ruin\n|turn|8\n|\n|t:|1781459855\n|move|p2a: Chi-Yu|Fire Blast|p1a: Registeel\n|-supereffective|p1a: Registeel\n|-damage|p1a: Registeel|14/262\n|move|p1a: Registeel|Thunder Wave|p2a: Chi-Yu|[miss]\n|-miss|p1a: Registeel|p2a: Chi-Yu\n|\n|-heal|p1a: Registeel|30/262|[from] item: Leftovers\n|upkeep\n|turn|9\n|\n|t:|1781459858\n|move|p2a: Chi-Yu|Dark Pulse|p1a: Registeel\n|-damage|p1a: Registeel|0 fnt\n|faint|p1a: Registeel\n|\n|upkeep\n|\n|t:|1781459860\n|switch|p1a: Iron Jugulis|Iron Jugulis, L77|271/271\n|turn|10\n|\n|t:|1781459869\n|switch|p2a: Empoleon|Empoleon, L84, M|278/278\n|move|p1a: Iron Jugulis|Earth Power|p2a: Empoleon\n|-supereffective|p2a: Empoleon\n|-damage|p2a: Empoleon|110/278\n|\n|-heal|p2a: Empoleon|127/278|[from] item: Leftovers\n|upkeep\n|turn|11\n|\n|t:|1781459873\n|switch|p2a: Giratina|Giratina, L75|248/349 par\n|-ability|p2a: Giratina|Pressure\n|move|p1a: Iron Jugulis|Earth Power|p2a: Giratina\n|-damage|p2a: Giratina|158/349 par\n|\n|-heal|p2a: Giratina|179/349 par|[from] item: Leftovers\n|upkeep\n|turn|12\n|\n|t:|1781459878\n|move|p1a: Iron Jugulis|Earth Power|p2a: Giratina\n|-damage|p2a: Giratina|97/349 par\n|move|p2a: Giratina|Rest|p2a: Giratina\n|-status|p2a: Giratina|slp|[from] move: Rest\n|-heal|p2a: Giratina|349/349 slp|[silent]\n|\n|upkeep\n|turn|13\n|\n|t:|1781459881\n|-end|p1a: Iron Jugulis|Quark Drive|[silent]\n|switch|p1a: Shiftry|Shiftry, L89, M|305/305\n|cant|p2a: Giratina|slp\n|\n|upkeep\n|turn|14\n|\n|t:|1781459886\n|switch|p2a: Chi-Yu|Chi-Yu, L77|211/211\n|-ability|p2a: Chi-Yu|Beads of Ruin\n|move|p1a: Shiftry|Knock Off|p2a: Chi-Yu\n|-resisted|p2a: Chi-Yu\n|-damage|p2a: Chi-Yu|115/211\n|-enditem|p2a: Chi-Yu|Heavy-Duty Boots|[from] move: Knock Off|[of] p1a: Shiftry\n|-damage|p1a: Shiftry|275/305|[from] item: Life Orb\n|\n|upkeep\n|turn|15\n|\n|t:|1781459890\n|move|p2a: Chi-Yu|Fire Blast|p1a: Shiftry\n|-supereffective|p1a: Shiftry\n|-damage|p1a: Shiftry|0 fnt\n|faint|p1a: Shiftry\n|\n|upkeep\n|\n|t:|1781459891\n|switch|p1a: Iron Jugulis|Iron Jugulis, L77|271/271\n|turn|16\n|\n|t:|1781459897\n|move|p1a: Iron Jugulis|Hurricane|p2a: Chi-Yu\n|-damage|p2a: Chi-Yu|0 fnt\n|faint|p2a: Chi-Yu\n|\n|upkeep\n|\n|t:|1781459901\n|switch|p2a: Empoleon|Empoleon, L84, M|127/278\n|turn|17\n|\n|t:|1781459913\n|-end|p1a: Iron Jugulis|Quark Drive|[silent]\n|switch|p1a: Galvantula|Galvantula, L82, F|219/249 brn\n|move|p2a: Empoleon|Roost|p2a: Empoleon\n|-heal|p2a: Empoleon|266/278\n|-singleturn|p2a: Empoleon|move: Roost\n|\n|-heal|p2a: Empoleon|278/278|[from] item: Leftovers\n|-damage|p1a: Galvantula|204/249 brn|[from] brn\n|upkeep\n|turn|18\n|l|\u2606spencomatic\n|inactive|spencomatic disconnected and has a minute to reconnect!\n|player|p1|\n|\n|t:|1781459937\n|move|p1a: Galvantula|Sticky Web|p2a: Empoleon\n|-sidestart|p2: RedDudeN64|move: Sticky Web\n|move|p2a: Empoleon|Surf|p1a: Galvantula\n|-damage|p1a: Galvantula|57/249 brn\n|\n|-damage|p1a: Galvantula|42/249 brn|[from] brn\n|upkeep\n|turn|19\n|j|\u2606spencomatic\n|inactive|spencomatic reconnected and has 145 seconds left.\n|player|p1|spencomatic|170|\n|l|\u2606spencomatic\n|inactive|spencomatic disconnected and has a minute to reconnect!\n|player|p1|\n|j|\u2606spencomatic\n|inactive|spencomatic reconnected and has 135 seconds left.\n|player|p1|spencomatic|170|\n|\n|t:|1781459956\n|switch|p2a: Giratina|Giratina, L75|349/349 slp\n|-activate|p2a: Giratina|move: Sticky Web\n|-unboost|p2a: Giratina|spe|1\n|-ability|p2a: Giratina|Pressure\n|move|p1a: Galvantula|Thunder|p2a: Giratina\n|-resisted|p2a: Giratina\n|-damage|p2a: Giratina|304/349 slp\n|\n|-heal|p2a: Giratina|325/349 slp|[from] item: Leftovers\n|-damage|p1a: Galvantula|27/249 brn|[from] brn\n|upkeep\n|turn|20\n|\n|t:|1781459962\n|switch|p1a: Iron Jugulis|Iron Jugulis, L77|271/271\n|cant|p2a: Giratina|slp\n|\n|-heal|p2a: Giratina|346/349 slp|[from] item: Leftovers\n|upkeep\n|turn|21\n|\n|t:|1781459974\n|switch|p2a: Empoleon|Empoleon, L84, M|278/278\n|-activate|p2a: Empoleon|move: Sticky Web\n|-unboost|p2a: Empoleon|spe|1\n|-ability|p2a: Empoleon|Competitive|boost\n|-boost|p2a: Empoleon|spa|2\n|move|p1a: Iron Jugulis|Dark Pulse|p2a: Empoleon\n|-damage|p2a: Empoleon|158/278\n|\n|-heal|p2a: Empoleon|175/278|[from] item: Leftovers\n|upkeep\n|turn|22\n|\n|t:|1781459977\n|move|p1a: Iron Jugulis|Dark Pulse|p2a: Empoleon\n|-damage|p2a: Empoleon|60/278\n|move|p2a: Empoleon|Surf|p1a: Iron Jugulis\n|-damage|p1a: Iron Jugulis|34/271\n|\n|-heal|p2a: Empoleon|77/278|[from] item: Leftovers\n|upkeep\n|turn|23\n|\n|t:|1781459982\n|move|p1a: Iron Jugulis|Dark Pulse|p2a: Empoleon\n|-damage|p2a: Empoleon|0 fnt\n|faint|p2a: Empoleon\n|\n|upkeep\n|\n|t:|1781459986\n|switch|p2a: Feraligatr|Feraligatr, L79, M|264/264\n|-activate|p2a: Feraligatr|move: Sticky Web\n|-unboost|p2a: Feraligatr|spe|1\n|turn|24\n|\n|t:|1781459990\n|move|p1a: Iron Jugulis|Dark Pulse|p2a: Feraligatr\n|-damage|p2a: Feraligatr|134/264\n|move|p2a: Feraligatr|Ice Punch|p1a: Iron Jugulis\n|-supereffective|p1a: Iron Jugulis\n|-damage|p1a: Iron Jugulis|0 fnt\n|faint|p1a: Iron Jugulis\n|-end|p1a: Iron Jugulis|Quark Drive|[silent]\n|\n|upkeep\n|\n|t:|1781459993\n|switch|p1a: Galvantula|Galvantula, L82, F|27/249 brn\n|turn|25\n|\n|t:|1781459998\n|switch|p2a: Giratina|Giratina, L75|346/349 slp\n|-activate|p2a: Giratina|move: Sticky Web\n|-unboost|p2a: Giratina|spe|1\n|-ability|p2a: Giratina|Pressure\n|move|p1a: Galvantula|Thunder|p2a: Giratina\n|-resisted|p2a: Giratina\n|-damage|p2a: Giratina|297/349 slp\n|\n|-heal|p2a: Giratina|318/349 slp|[from] item: Leftovers\n|-damage|p1a: Galvantula|12/249 brn|[from] brn\n|upkeep\n|turn|26\n|\n|t:|1781460002\n|move|p1a: Galvantula|Bug Buzz|p2a: Giratina\n|-resisted|p2a: Giratina\n|-damage|p2a: Giratina|279/349 slp\n|-curestatus|p2a: Giratina|slp|[msg]\n|move|p2a: Giratina|Defog|p1a: Galvantula\n|-unboost|p1a: Galvantula|evasion|1\n|-sideend|p2: RedDudeN64|Sticky Web|[from] move: Defog|[of] p2a: Giratina\n|\n|-heal|p2a: Giratina|300/349|[from] item: Leftovers\n|-damage|p1a: Galvantula|0 fnt|[from] brn\n|faint|p1a: Galvantula\n|upkeep\n|\n|t:|1781460003\n|switch|p1a: Deoxys|Deoxys-Defense, L84|221/221\n|-ability|p1a: Deoxys|Pressure\n|turn|27\n|\n|t:|1781460009\n|switch|p2a: Eiscue|Eiscue, L88, M|274/274\n|move|p1a: Deoxys|Cosmic Power|p1a: Deoxys\n|-boost|p1a: Deoxys|def|1\n|-boost|p1a: Deoxys|spd|1\n|\n|upkeep\n|turn|28\n|\n|t:|1781460012\n|move|p1a: Deoxys|Cosmic Power|p1a: Deoxys\n|-boost|p1a: Deoxys|def|1\n|-boost|p1a: Deoxys|spd|1\n|move|p2a: Eiscue|Belly Drum|p2a: Eiscue\n|-damage|p2a: Eiscue|137/274\n|-setboost|p2a: Eiscue|atk|6|[from] move: Belly Drum\n|-enditem|p2a: Eiscue|Sitrus Berry|[eat]\n|-heal|p2a: Eiscue|205/274|[from] item: Sitrus Berry\n|\n|upkeep\n|turn|29\n|\n|t:|1781460015\n|-terastallize|p1a: Deoxys|Steel\n|move|p1a: Deoxys|Cosmic Power|p1a: Deoxys\n|-boost|p1a: Deoxys|def|1\n|-boost|p1a: Deoxys|spd|1\n|move|p2a: Eiscue|Ice Spinner|p1a: Deoxys\n|-resisted|p1a: Deoxys\n|-damage|p1a: Deoxys|181/221\n|\n|-heal|p1a: Deoxys|194/221|[from] item: Leftovers\n|upkeep\n|turn|30\n|\n|t:|1781460019\n|-terastallize|p2a: Eiscue|Water\n|move|p1a: Deoxys|Stored Power|p2a: Eiscue\n|-damage|p2a: Eiscue|96/274\n|move|p2a: Eiscue|Liquidation|p1a: Deoxys\n|-damage|p1a: Deoxys|106/221\n|\n|-heal|p1a: Deoxys|119/221|[from] item: Leftovers\n|upkeep\n|turn|31\n|\n|t:|1781460021\n|move|p1a: Deoxys|Stored Power|p2a: Eiscue\n|-damage|p2a: Eiscue|0 fnt\n|faint|p2a: Eiscue\n|\n|-heal|p1a: Deoxys|132/221|[from] item: Leftovers\n|upkeep\n|-message|RedDudeN64 forfeited.\n|\n|win|spencomatic\n", "inputlog": ">version a8376a258c1d4662feba110a92103f3664a72141\n>start {\"formatid\":\"gen9randombattle\",\"seed\":\"sodium,6155b2492d65807d47be1a87c9ee23bf\",\"rated\":\"Rated battle\"}\n>player p1 {\"name\":\"spencomatic\",\"avatar\":\"170\",\"rating\":2114,\"seed\":\"sodium,15740eda9973b40a0f8a618b1498530c\"}\n>player p2 {\"name\":\"RedDudeN64\",\"avatar\":\"red\",\"rating\":2145,\"seed\":\"sodium,61b4d999d561c7f17ea0de6369222500\"}\n>p1 switch 5\n>p2 switch 3\n>p1 move stickyweb\n>p2 move willowisp\n>p1 move thunder\n>p2 move shadowball\n>p1 switch 5\n>p2 move shadowball\n>p1 move crunch\n>p2 move defog\n>p1 move swordsdance\n>p2 switch 5\n>p1 move facade\n>p2 move closecombat\n>p1 switch 4\n>p2 switch 6\n>p1 move thunderwave\n>p2 move fireblast\n>p1 move bodypress\n>p2 move darkpulse\n>p1 switch 3\n>p1 move earthpower\n>p2 switch 2\n>p1 move earthpower\n>p2 switch 5\n>p1 move earthpower\n>p2 move rest\n>p1 switch 2\n>p2 move willowisp\n>p1 move knockoff\n>p2 switch 2\n>p1 move tailwind\n>p2 move fireblast\n>p1 switch 2\n>p1 move hurricane\n>p2 move fireblast\n>p2 switch 5\n>p1 switch 5\n>p2 move roost\n>p1 move stickyweb\n>p2 move surf\n>p1 move thunder\n>p2 switch 2\n>p1 switch 5\n>p2 move shadowball\n>p1 move darkpulse\n>p2 switch 2\n>p1 move darkpulse\n>p2 move surf\n>p1 move darkpulse\n>p2 move surf\n>p2 switch 4\n>p1 move darkpulse\n>p2 move icepunch\n>p1 switch 5\n>p1 move thunder\n>p2 switch 2\n>p1 move bugbuzz\n>p2 move defog\n>p1 switch 6\n>p1 move cosmicpower\n>p2 switch 3\n>p1 move cosmicpower\n>p2 move bellydrum\n>p1 move cosmicpower terastallize\n>p2 move icespinner\n>p1 move storedpower\n>p2 move liquidation terastallize\n>p1 move storedpower\n>p2 move liquidation\n>forcelose p2", "uploadtime": 1781459784, "views": 6, "formatid": "gen9randombattle", "rating": null, "private": 0, "password": null}