{"id": "gen9randombattle-2631526542", "format": "[Gen 9] Random Battle", "players": ["TheFineMantine", "SoCapable"], "log": "|j|\u2606TheFineMantine\n|j|\u2606SoCapable\n|t:|1781396719\n|gametype|singles\n|player|p1|TheFineMantine|sordward|2214\n|player|p2|SoCapable|silver|2170\n|gen|9\n|tier|[Gen 9] Random Battle\n|rated|\n|rule|Species Clause: Limit one of each Pok\u00e9mon\n|rule|HP Percentage Mod: HP is shown in percentages\n|rule|Sleep Clause Mod: Limit one foe put to sleep\n|rule|Illusion Level Mod: Illusion disguises the Pok\u00e9mon's true level\n|\n|t:|1781396719\n|teamsize|p1|6\n|teamsize|p2|6\n|start\n|switch|p1a: Crabominable|Crabominable, L90, F|321/321\n|switch|p2a: Luvdisc|Luvdisc, M|247/247\n|turn|1\n|j| rufoush\n|\n|t:|1781396774\n|move|p2a: Luvdisc|Substitute|p2a: Luvdisc\n|-start|p2a: Luvdisc|Substitute\n|-damage|p2a: Luvdisc|186/247\n|move|p1a: Crabominable|Earthquake|p2a: Luvdisc\n|-crit|p2a: Luvdisc\n|-end|p2a: Luvdisc|Substitute\n|\n|upkeep\n|turn|2\n|inactive|Battle timer is ON: inactive players will automatically lose when time's up. (requested by TheFineMantine)\n|inactive|SoCapable has 120 seconds left.\n|inactive|SoCapable has 90 seconds left.\n|\n|t:|1781396850\n|move|p2a: Luvdisc|Surf|p1a: Crabominable\n|-damage|p1a: Crabominable|263/321\n|move|p1a: Crabominable|Knock Off|p2a: Luvdisc\n|-damage|p2a: Luvdisc|77/247\n|-enditem|p2a: Luvdisc|Heavy-Duty Boots|[from] move: Knock Off|[of] p1a: Crabominable\n|\n|upkeep\n|turn|3\n|\n|t:|1781396876\n|move|p2a: Luvdisc|Substitute|p2a: Luvdisc\n|-start|p2a: Luvdisc|Substitute\n|-damage|p2a: Luvdisc|16/247\n|move|p1a: Crabominable|Drain Punch|p2a: Luvdisc\n|-end|p2a: Luvdisc|Substitute\n|-heal|p1a: Crabominable|294/321|[from] drain|[of] p2a: Luvdisc\n|\n|upkeep\n|turn|4\n|\n|t:|1781396886\n|move|p2a: Luvdisc|Endeavor|p1a: Crabominable\n|-damage|p1a: Crabominable|16/321\n|move|p1a: Crabominable|Drain Punch|p2a: Luvdisc\n|-damage|p2a: Luvdisc|0 fnt\n|-heal|p1a: Crabominable|24/321|[from] drain|[of] p2a: Luvdisc\n|faint|p2a: Luvdisc\n|\n|upkeep\n|\n|t:|1781396891\n|switch|p2a: Hypno|Hypno, L95, M|315/315\n|turn|5\n|\n|t:|1781396912\n|move|p2a: Hypno|Knock Off|p1a: Crabominable\n|-resisted|p1a: Crabominable\n|-damage|p1a: Crabominable|0 fnt\n|-enditem|p1a: Crabominable|Assault Vest|[from] move: Knock Off|[of] p2a: Hypno\n|faint|p1a: Crabominable\n|\n|upkeep\n|\n|t:|1781396918\n|switch|p1a: Lumineon|Lumineon, L93, M|279/279\n|turn|6\n|\n|t:|1781396933\n|move|p1a: Lumineon|U-turn|p2a: Hypno\n|-supereffective|p2a: Hypno\n|-crit|p2a: Hypno\n|-damage|p2a: Hypno|155/315\n|inactive|TheFineMantine has 120 seconds left.\n|\n|t:|1781396969\n|switch|p1a: Dugtrio|Dugtrio, L84, F|196/196|[from] U-turn\n|move|p2a: Hypno|Thunder Wave|p1a: Dugtrio\n|-immune|p1a: Dugtrio\n|\n|-heal|p2a: Hypno|174/315|[from] item: Leftovers\n|upkeep\n|turn|7\n|\n|t:|1781396979\n|move|p1a: Dugtrio|Throat Chop|p2a: Hypno\n|-supereffective|p2a: Hypno\n|-damage|p2a: Hypno|0 fnt\n|faint|p2a: Hypno\n|\n|upkeep\n|\n|t:|1781396986\n|switch|p2a: Komala|Komala, L88, M|258/258\n|-ability|p2a: Komala|Comatose\n|turn|8\n|inactive|TheFineMantine has 120 seconds left.\n|\n|t:|1781396999\n|switch|p1a: Infernape|Infernape, L82, F|259/259\n|move|p2a: Komala|Knock Off|p1a: Infernape\n|-resisted|p1a: Infernape\n|-damage|p1a: Infernape|203/259\n|-enditem|p1a: Infernape|Life Orb|[from] move: Knock Off|[of] p2a: Komala\n|\n|upkeep\n|turn|9\n|inactive|TheFineMantine has 120 seconds left.\n|\n|t:|1781397027\n|switch|p2a: Pelipper|Pelipper, L86, F|243/243\n|-weather|RainDance|[from] ability: Drizzle|[of] p2a: Pelipper\n|move|p1a: Infernape|Swords Dance|p1a: Infernape\n|-boost|p1a: Infernape|atk|2\n|\n|-weather|RainDance|[upkeep]\n|upkeep\n|turn|10\n|\n|t:|1781397049\n|move|p1a: Infernape|Stone Edge|p2a: Pelipper\n|-supereffective|p2a: Pelipper\n|-damage|p2a: Pelipper|0 fnt\n|faint|p2a: Pelipper\n|\n|-weather|RainDance|[upkeep]\n|upkeep\n|\n|t:|1781397053\n|switch|p2a: Deoxys|Deoxys-Speed, L82|216/216\n|-ability|p2a: Deoxys|Pressure\n|turn|11\n|inactive|TheFineMantine has 120 seconds left.\n|\n|t:|1781397071\n|switch|p1a: Chimecho|Chimecho, L93, M|290/290\n|move|p2a: Deoxys|Psycho Boost|p1a: Chimecho\n|-resisted|p1a: Chimecho\n|-damage|p1a: Chimecho|215/290\n|-unboost|p2a: Deoxys|spa|2\n|-damage|p2a: Deoxys|195/216|[from] item: Life Orb\n|\n|-weather|RainDance|[upkeep]\n|-heal|p1a: Chimecho|233/290|[from] item: Leftovers\n|upkeep\n|turn|12\n|\n|t:|1781397083\n|switch|p2a: Komala|Komala, L88, M|258/258\n|-ability|p2a: Komala|Comatose\n|move|p1a: Chimecho|Recover|p1a: Chimecho\n|-heal|p1a: Chimecho|290/290\n|\n|-weather|RainDance|[upkeep]\n|upkeep\n|turn|13\n|inactive|TheFineMantine has 120 seconds left.\n|\n|t:|1781397114\n|switch|p1a: Dugtrio|Dugtrio, L84, F|196/196\n|move|p2a: Komala|Rapid Spin|p1a: Dugtrio\n|-damage|p1a: Dugtrio|100/196\n|-boost|p2a: Komala|spe|1\n|\n|-weather|none\n|upkeep\n|turn|14\n|\n|t:|1781397142\n|move|p1a: Dugtrio|Earthquake|p2a: Komala\n|-damage|p2a: Komala|65/258\n|move|p2a: Komala|Rapid Spin|p1a: Dugtrio\n|-damage|p1a: Dugtrio|4/196\n|-boost|p2a: Komala|spe|1\n|\n|upkeep\n|turn|15\n|\n|t:|1781397150\n|move|p2a: Komala|Body Slam|p1a: Dugtrio\n|-damage|p1a: Dugtrio|0 fnt\n|faint|p1a: Dugtrio\n|\n|upkeep\n|inactive|TheFineMantine has 90 seconds left.\n|\n|t:|1781397203\n|switch|p1a: Lumineon|Lumineon, L93, M|279/279\n|turn|16\n|\n|t:|1781397211\n|move|p2a: Komala|Body Slam|p1a: Lumineon\n|-damage|p1a: Lumineon|155/279\n|move|p1a: Lumineon|Hydro Pump|p2a: Komala\n|-damage|p2a: Komala|0 fnt\n|faint|p2a: Komala\n|\n|upkeep\n|\n|t:|1781397219\n|switch|p2a: Deoxys|Deoxys-Speed, L82|195/216\n|-ability|p2a: Deoxys|Pressure\n|turn|17\n|inactive|TheFineMantine has 90 seconds left.\n|\n|t:|1781397245\n|move|p2a: Deoxys|Nasty Plot|p2a: Deoxys\n|-boost|p2a: Deoxys|spa|2\n|move|p1a: Lumineon|U-turn|p2a: Deoxys\n|-supereffective|p2a: Deoxys\n|-damage|p2a: Deoxys|101/216\n|\n|t:|1781397249\n|switch|p1a: Chimecho|Chimecho, L93, M|290/290|[from] U-turn\n|\n|upkeep\n|turn|18\n|\n|t:|1781397269\n|-terastallize|p2a: Deoxys|Dark\n|move|p2a: Deoxys|Dark Pulse|p1a: Chimecho\n|-supereffective|p1a: Chimecho\n|-damage|p1a: Chimecho|0 fnt\n|faint|p1a: Chimecho\n|-damage|p2a: Deoxys|80/216|[from] item: Life Orb\n|\n|upkeep\n|\n|t:|1781397280\n|switch|p1a: Infernape|Infernape, L82, F|203/259\n|turn|19\n|\n|t:|1781397283\n|switch|p1a: Iron Boulder|Iron Boulder, L77|265/265\n|move|p2a: Deoxys|Psycho Boost|p1a: Iron Boulder\n|-resisted|p1a: Iron Boulder\n|-damage|p1a: Iron Boulder|110/265\n|-unboost|p2a: Deoxys|spa|2\n|-damage|p2a: Deoxys|59/216|[from] item: Life Orb\n|\n|upkeep\n|turn|20\n|\n|t:|1781397291\n|-end|p1a: Iron Boulder|Quark Drive|[silent]\n|switch|p1a: Infernape|Infernape, L82, F|203/259\n|move|p2a: Deoxys|Dark Pulse|p1a: Infernape\n|-resisted|p1a: Infernape\n|-damage|p1a: Infernape|145/259\n|-damage|p2a: Deoxys|38/216|[from] item: Life Orb\n|\n|upkeep\n|turn|21\n|\n|t:|1781397301\n|switch|p2a: Eternatus|Eternatus, L69|308/308\n|-ability|p2a: Eternatus|Pressure\n|move|p1a: Infernape|Flare Blitz|p2a: Eternatus\n|-resisted|p2a: Eternatus\n|-damage|p2a: Eternatus|241/308\n|-damage|p1a: Infernape|123/259|[from] Recoil\n|\n|upkeep\n|turn|22\n|\n|t:|1781397307\n|switch|p1a: Iron Boulder|Iron Boulder, L77|110/265\n|move|p2a: Eternatus|Dynamax Cannon|p1a: Iron Boulder\n|-damage|p1a: Iron Boulder|23/265\n|\n|upkeep\n|turn|23\n|\n|t:|1781397320\n|switch|p2a: Deoxys|Deoxys-Speed, L82, tera:Dark|38/216\n|-ability|p2a: Deoxys|Pressure\n|move|p1a: Iron Boulder|Mighty Cleave|p2a: Deoxys\n|-damage|p2a: Deoxys|0 fnt\n|faint|p2a: Deoxys\n|-damage|p1a: Iron Boulder|0 fnt|[from] item: Life Orb\n|faint|p1a: Iron Boulder\n|-end|p1a: Iron Boulder|Quark Drive|[silent]\n|\n|upkeep\n|\n|t:|1781397324\n|switch|p2a: Eternatus|Eternatus, L69|241/308\n|switch|p1a: Lumineon|Lumineon, L93, M|155/279\n|-ability|p2a: Eternatus|Pressure\n|turn|24\n|\n|t:|1781397328\n|move|p1a: Lumineon|Ice Beam|p2a: Eternatus\n|-supereffective|p2a: Eternatus\n|-damage|p2a: Eternatus|113/308\n|move|p2a: Eternatus|Meteor Beam||[still]\n|-prepare|p2a: Eternatus|Meteor Beam\n|-boost|p2a: Eternatus|spa|1\n|-enditem|p2a: Eternatus|Power Herb\n|-anim|p2a: Eternatus|Meteor Beam|p1a: Lumineon\n|-damage|p1a: Lumineon|47/279\n|\n|upkeep\n|turn|25\n|\n|t:|1781397336\n|move|p1a: Lumineon|Ice Beam|p2a: Eternatus\n|-supereffective|p2a: Eternatus\n|-damage|p2a: Eternatus|0 fnt\n|faint|p2a: Eternatus\n|\n|win|TheFineMantine\n", "inputlog": ">version a8376a258c1d4662feba110a92103f3664a72141\n>start {\"formatid\":\"gen9randombattle\",\"seed\":\"sodium,ebf9ddf70c31cee4cf06eef5729f1496\",\"rated\":\"Rated battle\"}\n>player p1 {\"name\":\"TheFineMantine\",\"avatar\":\"sordward\",\"rating\":2214,\"seed\":\"sodium,2ba287ad300a1d543949a303627f373a\"}\n>player p2 {\"name\":\"SoCapable\",\"avatar\":\"silver\",\"rating\":2170,\"seed\":\"sodium,920319bee954eda4ec69eda9f1a6bf85\"}\n>p1 move earthquake\n>p2 move substitute\n>p1 move knockoff\n>p2 move surf\n>p1 move drainpunch\n>p2 move substitute\n>p1 move drainpunch\n>p2 move endeavor\n>p2 switch 2\n>p1 move knockoff\n>p2 move knockoff\n>p1 switch 5\n>p1 move uturn\n>p2 move thunderwave\n>p1 switch 6\n>p1 move throatchop\n>p2 move knockoff\n>p2 switch 6\n>p1 switch 3\n>p2 move knockoff\n>p1 move swordsdance\n>p2 switch 3\n>p1 move stoneedge\n>p2 move hurricane\n>p2 switch 5\n>p1 switch 2\n>p2 move psychoboost\n>p1 move recover\n>p2 switch 3\n>p1 switch 3\n>p2 move rapidspin\n>p1 move earthquake\n>p2 move rapidspin\n>p1 move earthquake\n>p2 move bodyslam\n>p1 switch 6\n>p1 move hydropump\n>p2 move bodyslam\n>p2 switch 3\n>p1 move uturn\n>p2 move nastyplot\n>p1 switch 3\n>p1 move dazzlinggleam\n>p2 move darkpulse terastallize\n>p1 switch 2\n>p1 switch 4\n>p2 move psychoboost\n>p1 switch 4\n>p2 move darkpulse\n>p1 move flareblitz\n>p2 switch 4\n>p1 switch 4\n>p2 move dynamaxcannon\n>p1 move mightycleave\n>p2 switch 4\n>p1 switch 3\n>p2 switch 4\n>p1 move icebeam\n>p2 move meteorbeam\n>p1 move icebeam\n>p2 move sludgebomb", "uploadtime": 1781396721, "views": 7, "formatid": "gen9randombattle", "rating": null, "private": 0, "password": null}