{"id": "gen9randombattle-2631658194", "format": "[Gen 9] Random Battle", "players": ["personanongrattata", "nardodick"], "log": "|badge|p2|bronze|gen9randombattle|100-9\n|uhtml|medal-msg|<div class=\"broadcast-blue\">Curious what those medals under the avatar are? PS now has Ladder Seasons! For more information, check out the <a href=\"https://www.smogon.com/forums/threads/3740067/\">thread on Smogon.</a></div>\n|j|\u2606personanongrattata\n|j|\u2606nardodick\n|t:|1781416345\n|gametype|singles\n|player|p1|personanongrattata|youngster-gen4dp|2092\n|player|p2|nardodick|102|2333\n|gen|9\n|tier|[Gen 9] Random Battle\n|rated|\n|rule|Species Clause: Limit one of each Pok\u00e9mon\n|rule|HP Percentage Mod: HP is shown in percentages\n|rule|Sleep Clause Mod: Limit one foe put to sleep\n|rule|Illusion Level Mod: Illusion disguises the Pok\u00e9mon's true level\n|\n|t:|1781416345\n|teamsize|p1|6\n|teamsize|p2|6\n|start\n|switch|p1a: Flamigo|Flamigo, L82, M|269/269\n|switch|p2a: Hitmonchan|Hitmonchan, L87, M|229/229\n|turn|1\n|inactive|Battle timer is ON: inactive players will automatically lose when time's up. (requested by nardodick)\n|inactive|personanongrattata also wants the timer to be on.\n|inactive|nardodick has 120 seconds left.\n|\n|t:|1781416381\n|switch|p2a: Mewtwo|Mewtwo, L72|272/272\n|-ability|p2a: Mewtwo|Unnerve\n|move|p1a: Flamigo|U-turn|p2a: Mewtwo\n|-supereffective|p2a: Mewtwo\n|-damage|p2a: Mewtwo|104/272\n|\n|t:|1781416388\n|switch|p1a: Cinccino|Cinccino, L83, F|260/260|[from] U-turn\n|\n|upkeep\n|turn|2\n|inactive|nardodick has 120 seconds left.\n|\n|t:|1781416422\n|move|p1a: Cinccino|U-turn|p2a: Mewtwo\n|-supereffective|p2a: Mewtwo\n|-damage|p2a: Mewtwo|0 fnt\n|faint|p2a: Mewtwo\n|\n|t:|1781416425\n|switch|p1a: Flamigo|Flamigo, L82, M|269/269|[from] U-turn\n|\n|upkeep\n|inactive|nardodick has 120 seconds left.\n|inactive|nardodick has 90 seconds left.\n|\n|t:|1781416475\n|switch|p2a: Glaceon|Glaceon, L94, F|275/275\n|turn|3\n|\n|t:|1781416479\n|move|p2a: Glaceon|Protect|p2a: Glaceon\n|-singleturn|p2a: Glaceon|Protect\n|move|p1a: Flamigo|U-turn|p2a: Glaceon\n|-activate|p2a: Glaceon|move: Protect\n|\n|upkeep\n|turn|4\n|\n|t:|1781416484\n|move|p1a: Flamigo|U-turn|p2a: Glaceon\n|-damage|p2a: Glaceon|211/275\n|\n|t:|1781416487\n|switch|p1a: Bronzong|Bronzong, L88|261/261|[from] U-turn\n|move|p2a: Glaceon|Freeze-Dry|p1a: Bronzong\n|-resisted|p1a: Bronzong\n|-damage|p1a: Bronzong|219/261\n|\n|upkeep\n|turn|5\n|\n|t:|1781416493\n|switch|p2a: Scrafty|Scrafty, L83, F|244/244\n|move|p1a: Bronzong|Body Press|p2a: Scrafty\n|-supereffective|p2a: Scrafty\n|-damage|p2a: Scrafty|124/244\n|\n|-heal|p2a: Scrafty|139/244|[from] item: Leftovers\n|upkeep\n|turn|6\n|\n|t:|1781416497\n|switch|p1a: Flamigo|Flamigo, L82, M|269/269\n|move|p2a: Scrafty|Bulk Up|p2a: Scrafty\n|-boost|p2a: Scrafty|atk|1\n|-boost|p2a: Scrafty|def|1\n|\n|-heal|p2a: Scrafty|154/244|[from] item: Leftovers\n|upkeep\n|turn|7\n|inactive|nardodick has 120 seconds left.\n|\n|t:|1781416508\n|-terastallize|p2a: Scrafty|Poison\n|move|p1a: Flamigo|U-turn|p2a: Scrafty\n|-resisted|p2a: Scrafty\n|-damage|p2a: Scrafty|133/244\n|\n|t:|1781416524\n|switch|p1a: Bronzong|Bronzong, L88|219/261|[from] U-turn\n|move|p2a: Scrafty|Bulk Up|p2a: Scrafty\n|-boost|p2a: Scrafty|atk|1\n|-boost|p2a: Scrafty|def|1\n|\n|-heal|p2a: Scrafty|148/244|[from] item: Leftovers\n|upkeep\n|turn|8\n|\n|t:|1781416533\n|move|p2a: Scrafty|Knock Off|p1a: Bronzong\n|-supereffective|p1a: Bronzong\n|-damage|p1a: Bronzong|0 fnt\n|-enditem|p1a: Bronzong|Chesto Berry|[from] move: Knock Off|[of] p2a: Scrafty\n|faint|p1a: Bronzong\n|\n|-heal|p2a: Scrafty|163/244|[from] item: Leftovers\n|upkeep\n|\n|t:|1781416535\n|switch|p1a: Azelf|Azelf, L82|257/257\n|turn|9\n|inactive|nardodick has 120 seconds left.\n|\n|t:|1781416572\n|move|p1a: Azelf|Psychic|p2a: Scrafty\n|-supereffective|p2a: Scrafty\n|-damage|p2a: Scrafty|0 fnt\n|faint|p2a: Scrafty\n|-damage|p1a: Azelf|232/257|[from] item: Life Orb\n|\n|upkeep\n|\n|t:|1781416579\n|switch|p2a: Glaceon|Glaceon, L94, F|211/275\n|turn|10\n|\n|t:|1781416583\n|move|p1a: Azelf|Nasty Plot|p1a: Azelf\n|-boost|p1a: Azelf|spa|2\n|move|p2a: Glaceon|Freeze-Dry|p1a: Azelf\n|-damage|p1a: Azelf|102/257\n|\n|upkeep\n|turn|11\n|inactive|nardodick has 120 seconds left.\n|\n|t:|1781416600\n|move|p1a: Azelf|Fire Blast|p2a: Glaceon\n|-supereffective|p2a: Glaceon\n|-damage|p2a: Glaceon|0 fnt\n|faint|p2a: Glaceon\n|-damage|p1a: Azelf|77/257|[from] item: Life Orb\n|\n|upkeep\n|\n|t:|1781416619\n|switch|p2a: Tsareena|Tsareena, L87, F|267/267\n|turn|12\n|\n|t:|1781416623\n|move|p2a: Tsareena|U-turn|p1a: Azelf\n|-supereffective|p1a: Azelf\n|-damage|p1a: Azelf|0 fnt\n|faint|p1a: Azelf\n|\n|t:|1781416624\n|switch|p2a: Hitmonchan|Hitmonchan, L87, M|229/229|[from] U-turn\n|\n|upkeep\n|\n|t:|1781416627\n|switch|p1a: Flamigo|Flamigo, L82, M|269/269\n|turn|13\n|inactive|nardodick has 120 seconds left.\n|\n|t:|1781416650\n|move|p1a: Flamigo|Brave Bird|p2a: Hitmonchan\n|-supereffective|p2a: Hitmonchan\n|-damage|p2a: Hitmonchan|0 fnt\n|faint|p2a: Hitmonchan\n|-damage|p1a: Flamigo|193/269|[from] Recoil\n|\n|upkeep\n|\n|t:|1781416653\n|switch|p2a: Tsareena|Tsareena, L87, F|267/267\n|turn|14\n|\n|t:|1781416662\n|move|p2a: Tsareena|Triple Axel|p1a: Flamigo\n|-supereffective|p1a: Flamigo\n|-damage|p1a: Flamigo|147/269\n|-hitcount|p1a: Flamigo|1\n|move|p1a: Flamigo|Brave Bird|p2a: Tsareena\n|-supereffective|p2a: Tsareena\n|-damage|p2a: Tsareena|0 fnt\n|faint|p2a: Tsareena\n|-damage|p1a: Flamigo|59/269|[from] Recoil\n|\n|upkeep\n|\n|t:|1781416677\n|switch|p2a: Blastoise|Blastoise, L80, F|258/258\n|turn|15\n|\n|t:|1781416679\n|move|p1a: Flamigo|Brave Bird|p2a: Blastoise\n|-damage|p2a: Blastoise|50/258\n|-damage|p1a: Flamigo|0 fnt|[from] Recoil\n|faint|p1a: Flamigo\n|move|p2a: Blastoise|Shell Smash|p2a: Blastoise\n|-unboost|p2a: Blastoise|def|1\n|-unboost|p2a: Blastoise|spd|1\n|-boost|p2a: Blastoise|atk|2\n|-boost|p2a: Blastoise|spa|2\n|-boost|p2a: Blastoise|spe|2\n|-enditem|p2a: Blastoise|White Herb\n|-clearnegativeboost|p2a: Blastoise|[silent]\n|\n|upkeep\n|\n|t:|1781416684\n|switch|p1a: Cinccino|Cinccino, L83, F|260/260\n|turn|16\n|inactive|nardodick has 120 seconds left.\n|inactive|nardodick has 90 seconds left.\n|\n|t:|1781416745\n|move|p2a: Blastoise|Hydro Pump|p1a: Cinccino\n|-damage|p1a: Cinccino|0 fnt\n|faint|p1a: Cinccino\n|\n|upkeep\n|\n|t:|1781416748\n|switch|p1a: Golem|Golem-Alola, L93, F|300/300\n|turn|17\n|inactive|nardodick has 90 seconds left.\n|\n|t:|1781416763\n|move|p2a: Blastoise|Hydro Pump|p1a: Golem\n|-supereffective|p1a: Golem\n|-damage|p1a: Golem|0 fnt\n|faint|p1a: Golem\n|\n|upkeep\n|\n|t:|1781416765\n|switch|p1a: Azumarill|Azumarill, L82, M|298/298\n|turn|18\n|\n|t:|1781416769\n|-terastallize|p1a: Azumarill|Water\n|move|p1a: Azumarill|Aqua Jet|p2a: Blastoise\n|-resisted|p2a: Blastoise\n|-damage|p2a: Blastoise|18/258\n|move|p2a: Blastoise|Ice Beam|p1a: Azumarill\n|-resisted|p1a: Azumarill\n|-damage|p1a: Azumarill|236/298\n|\n|upkeep\n|turn|19\n|\n|t:|1781416774\n|move|p1a: Azumarill|Aqua Jet|p2a: Blastoise\n|-resisted|p2a: Blastoise\n|-damage|p2a: Blastoise|0 fnt\n|faint|p2a: Blastoise\n|\n|win|personanongrattata\n", "inputlog": ">version a8376a258c1d4662feba110a92103f3664a72141\n>start {\"formatid\":\"gen9randombattle\",\"seed\":\"sodium,a8acdb97c074e290cca12c5f01a6d916\",\"rated\":\"Rated battle\"}\n>player p1 {\"name\":\"personanongrattata\",\"avatar\":\"youngster-gen4dp\",\"rating\":2092,\"seed\":\"sodium,292135fe1135f9210bc3977f26065863\"}\n>player p2 {\"name\":\"nardodick\",\"avatar\":\"102\",\"rating\":2333,\"seed\":\"sodium,97384f673de6df344d5339478a7544a3\"}\n>p1 move uturn\n>p2 switch 6\n>p1 switch 3\n>p1 move uturn\n>p2 move psystrike\n>p1 switch 3\n>p2 switch 5\n>p1 move uturn\n>p2 move protect\n>p1 move uturn\n>p2 move freezedry\n>p1 switch 5\n>p1 move bodypress\n>p2 switch 4\n>p1 switch 5\n>p2 move bulkup\n>p1 move uturn\n>p2 move bulkup terastallize\n>p1 switch 5\n>p1 move irondefense\n>p2 move knockoff\n>p1 switch 4\n>p1 move psychic\n>p2 move knockoff\n>p2 switch 4\n>p1 move nastyplot\n>p2 move freezedry\n>p1 move fireblast\n>p2 move freezedry\n>p2 switch 3\n>p1 move psychic\n>p2 move uturn\n>p2 switch 6\n>p1 switch 5\n>p1 move bravebird\n>p2 move drainpunch\n>p2 switch 6\n>p1 move bravebird\n>p2 move tripleaxel\n>p2 switch 2\n>p1 move bravebird\n>p2 move shellsmash\n>p1 switch 3\n>p1 move bulletseed\n>p2 move hydropump\n>p1 switch 6\n>p1 move doubleedge\n>p2 move hydropump\n>p1 switch 2\n>p1 move aquajet terastallize\n>p2 move icebeam\n>p1 move aquajet\n>p2 move icebeam", "uploadtime": 1781416347, "views": 8, "formatid": "gen9randombattle", "rating": null, "private": 0, "password": null}