{"id": "gen9randombattle-2631800379", "format": "[Gen 9] Random Battle", "players": ["PaypalPotato", "lizhixian"], "log": "|j|\u2606PaypalPotato\n|j|\u2606lizhixian\n|t:|1781441547\n|gametype|singles\n|player|p1|PaypalPotato|hilda|1029\n|player|p2|lizhixian|265|1054\n|gen|9\n|tier|[Gen 9] Random Battle\n|rated|\n|rule|Species Clause: Limit one of each Pok\u00e9mon\n|rule|HP Percentage Mod: HP is shown in percentages\n|rule|Sleep Clause Mod: Limit one foe put to sleep\n|rule|Illusion Level Mod: Illusion disguises the Pok\u00e9mon's true level\n|\n|t:|1781441547\n|teamsize|p1|6\n|teamsize|p2|6\n|start\n|switch|p1a: Weezing|Weezing, L88, F|258/258\n|switch|p2a: Dunsparce|Dunsparce, L86, M|312/312\n|turn|1\n|\n|t:|1781441559\n|move|p1a: Weezing|Toxic Spikes|p2a: Dunsparce\n|-sidestart|p2: lizhixian|move: Toxic Spikes\n|move|p2a: Dunsparce|Coil|p2a: Dunsparce\n|-boost|p2a: Dunsparce|atk|1\n|-boost|p2a: Dunsparce|def|1\n|-boost|p2a: Dunsparce|accuracy|1\n|\n|upkeep\n|turn|2\n|\n|t:|1781441571\n|move|p1a: Weezing|Fire Blast|p2a: Dunsparce\n|-damage|p2a: Dunsparce|249/312\n|move|p2a: Dunsparce|Coil|p2a: Dunsparce\n|-boost|p2a: Dunsparce|atk|1\n|-boost|p2a: Dunsparce|def|1\n|-boost|p2a: Dunsparce|accuracy|1\n|\n|upkeep\n|turn|3\n|\n|t:|1781441584\n|move|p1a: Weezing|Sludge Bomb|p2a: Dunsparce\n|-crit|p2a: Dunsparce\n|-damage|p2a: Dunsparce|129/312\n|move|p2a: Dunsparce|Coil|p2a: Dunsparce\n|-boost|p2a: Dunsparce|atk|1\n|-boost|p2a: Dunsparce|def|1\n|-boost|p2a: Dunsparce|accuracy|1\n|\n|upkeep\n|turn|4\n|\n|t:|1781441593\n|move|p1a: Weezing|Sludge Bomb|p2a: Dunsparce\n|-damage|p2a: Dunsparce|53/312\n|move|p2a: Dunsparce|Roost|p2a: Dunsparce\n|-heal|p2a: Dunsparce|209/312\n|-singleturn|p2a: Dunsparce|move: Roost\n|\n|upkeep\n|turn|5\n|\n|t:|1781441602\n|move|p1a: Weezing|Sludge Bomb|p2a: Dunsparce\n|-damage|p2a: Dunsparce|130/312\n|-status|p2a: Dunsparce|psn\n|move|p2a: Dunsparce|Body Slam|p1a: Weezing\n|-damage|p1a: Weezing|110/258\n|\n|-heal|p1a: Weezing|126/258|[from] item: Leftovers\n|-damage|p2a: Dunsparce|91/312 psn|[from] psn\n|upkeep\n|turn|6\n|\n|t:|1781441613\n|move|p1a: Weezing|Sludge Bomb|p2a: Dunsparce\n|-damage|p2a: Dunsparce|16/312 psn\n|move|p2a: Dunsparce|Roost|p2a: Dunsparce\n|-heal|p2a: Dunsparce|172/312 psn\n|-singleturn|p2a: Dunsparce|move: Roost\n|\n|-heal|p1a: Weezing|142/258|[from] item: Leftovers\n|-damage|p2a: Dunsparce|133/312 psn|[from] psn\n|upkeep\n|turn|7\n|\n|t:|1781441623\n|move|p1a: Weezing|Sludge Bomb|p2a: Dunsparce\n|-damage|p2a: Dunsparce|57/312 psn\n|move|p2a: Dunsparce|Roost|p2a: Dunsparce\n|-heal|p2a: Dunsparce|213/312 psn\n|-singleturn|p2a: Dunsparce|move: Roost\n|\n|-heal|p1a: Weezing|158/258|[from] item: Leftovers\n|-damage|p2a: Dunsparce|174/312 psn|[from] psn\n|upkeep\n|turn|8\n|inactive|Battle timer is ON: inactive players will automatically lose when time's up. (requested by lizhixian)\n|\n|t:|1781441633\n|move|p1a: Weezing|Sludge Bomb|p2a: Dunsparce\n|-damage|p2a: Dunsparce|93/312 psn\n|move|p2a: Dunsparce|Roost|p2a: Dunsparce\n|-heal|p2a: Dunsparce|249/312 psn\n|-singleturn|p2a: Dunsparce|move: Roost\n|\n|-heal|p1a: Weezing|174/258|[from] item: Leftovers\n|-damage|p2a: Dunsparce|210/312 psn|[from] psn\n|upkeep\n|turn|9\n|\n|t:|1781441644\n|move|p1a: Weezing|Sludge Bomb|p2a: Dunsparce\n|-damage|p2a: Dunsparce|131/312 psn\n|move|p2a: Dunsparce|Body Slam|p1a: Weezing\n|-damage|p1a: Weezing|26/258\n|-status|p1a: Weezing|par\n|\n|-heal|p1a: Weezing|42/258 par|[from] item: Leftovers\n|-damage|p2a: Dunsparce|92/312 psn|[from] psn\n|upkeep\n|turn|10\n|\n|t:|1781441661\n|move|p2a: Dunsparce|Roost|p2a: Dunsparce\n|-heal|p2a: Dunsparce|248/312 psn\n|-singleturn|p2a: Dunsparce|move: Roost\n|move|p1a: Weezing|Sludge Bomb|p2a: Dunsparce\n|-damage|p2a: Dunsparce|172/312 psn\n|\n|-heal|p1a: Weezing|58/258 par|[from] item: Leftovers\n|-damage|p2a: Dunsparce|133/312 psn|[from] psn\n|upkeep\n|turn|11\n|\n|t:|1781441671\n|move|p2a: Dunsparce|Roost|p2a: Dunsparce\n|-heal|p2a: Dunsparce|289/312 psn\n|-singleturn|p2a: Dunsparce|move: Roost\n|move|p1a: Weezing|Sludge Bomb|p2a: Dunsparce\n|-damage|p2a: Dunsparce|208/312 psn\n|\n|-heal|p1a: Weezing|74/258 par|[from] item: Leftovers\n|-damage|p2a: Dunsparce|169/312 psn|[from] psn\n|upkeep\n|turn|12\n|\n|t:|1781441681\n|move|p2a: Dunsparce|Body Slam|p1a: Weezing\n|-crit|p1a: Weezing\n|-damage|p1a: Weezing|0 fnt\n|faint|p1a: Weezing\n|\n|-damage|p2a: Dunsparce|130/312 psn|[from] psn\n|upkeep\n|\n|t:|1781441705\n|switch|p1a: Articuno|Articuno-Galar, L84|288/288\n|turn|13\n|\n|t:|1781441712\n|move|p1a: Articuno|Freezing Glare|p2a: Dunsparce\n|-damage|p2a: Dunsparce|28/312 psn\n|move|p2a: Dunsparce|Body Slam|p1a: Articuno\n|-damage|p1a: Articuno|86/288\n|-status|p1a: Articuno|par\n|\n|-damage|p2a: Dunsparce|0 fnt|[from] psn\n|faint|p2a: Dunsparce\n|upkeep\n|inactive|lizhixian has 120 seconds left.\n|\n|t:|1781441743\n|switch|p2a: Chi-Yu|Chi-Yu, L77|211/211\n|-ability|p2a: Chi-Yu|Beads of Ruin\n|turn|14\n|\n|t:|1781441762\n|switch|p1a: Porygon2|Porygon2, L81|270/270\n|-ability|p1a: Porygon2|Download|boost\n|-boost|p1a: Porygon2|atk|1\n|move|p2a: Chi-Yu|Nasty Plot|p2a: Chi-Yu\n|-boost|p2a: Chi-Yu|spa|2\n|\n|upkeep\n|turn|15\n|inactive|lizhixian has 120 seconds left.\n|\n|t:|1781441782\n|-terastallize|p1a: Porygon2|Fairy\n|move|p2a: Chi-Yu|Dark Pulse|p1a: Porygon2\n|-resisted|p1a: Porygon2\n|-damage|p1a: Porygon2|195/270\n|move|p1a: Porygon2|Tera Blast|p2a: Chi-Yu|[anim] Tera Blast Fairy\n|-damage|p2a: Chi-Yu|99/211\n|\n|upkeep\n|turn|16\n|\n|t:|1781441795\n|-terastallize|p2a: Chi-Yu|Fire\n|move|p2a: Chi-Yu|Fire Blast|p1a: Porygon2|[miss]\n|-miss|p2a: Chi-Yu|p1a: Porygon2\n|move|p1a: Porygon2|Tera Blast|p2a: Chi-Yu|[anim] Tera Blast Fairy\n|-resisted|p2a: Chi-Yu\n|-damage|p2a: Chi-Yu|44/211\n|\n|upkeep\n|turn|17\n|\n|t:|1781441807\n|move|p2a: Chi-Yu|Fire Blast|p1a: Porygon2\n|-damage|p1a: Porygon2|0 fnt\n|faint|p1a: Porygon2\n|\n|upkeep\n|\n|t:|1781441820\n|switch|p1a: Rhyperior|Rhyperior, L82, F|323/323\n|turn|18\n|\n|t:|1781441829\n|move|p2a: Chi-Yu|Psychic|p1a: Rhyperior\n|-damage|p1a: Rhyperior|49/323\n|move|p1a: Rhyperior|Earthquake|p2a: Chi-Yu\n|-supereffective|p2a: Chi-Yu\n|-damage|p2a: Chi-Yu|0 fnt\n|faint|p2a: Chi-Yu\n|\n|upkeep\n|\n|t:|1781441848\n|switch|p2a: Blastoise|Blastoise, L80, M|258/258\n|-status|p2a: Blastoise|psn\n|turn|19\n|\n|t:|1781441864\n|switch|p1a: Venomoth|Venomoth, L84, M|255/255\n|move|p2a: Blastoise|Ice Beam|p1a: Venomoth\n|-damage|p1a: Venomoth|199/255\n|-status|p1a: Venomoth|frz\n|\n|-damage|p2a: Blastoise|226/258 psn|[from] psn\n|upkeep\n|turn|20\n|\n|t:|1781441875\n|switch|p1a: Articuno|Articuno-Galar, L84|86/288 par\n|move|p2a: Blastoise|Shell Smash|p2a: Blastoise\n|-unboost|p2a: Blastoise|def|1\n|-unboost|p2a: Blastoise|spd|1\n|-boost|p2a: Blastoise|atk|2\n|-boost|p2a: Blastoise|spa|2\n|-boost|p2a: Blastoise|spe|2\n|-enditem|p2a: Blastoise|White Herb\n|-clearnegativeboost|p2a: Blastoise|[silent]\n|\n|-damage|p2a: Blastoise|194/258 psn|[from] psn\n|upkeep\n|turn|21\n|\n|t:|1781441893\n|move|p2a: Blastoise|Ice Beam|p1a: Articuno\n|-supereffective|p1a: Articuno\n|-damage|p1a: Articuno|0 fnt\n|faint|p1a: Articuno\n|\n|-damage|p2a: Blastoise|162/258 psn|[from] psn\n|upkeep\n|\n|t:|1781441898\n|switch|p1a: Venomoth|Venomoth, L84, M|199/255 frz\n|turn|22\n|\n|t:|1781441904\n|move|p2a: Blastoise|Hydro Pump|p1a: Venomoth\n|-damage|p1a: Venomoth|0 fnt\n|faint|p1a: Venomoth\n|\n|-damage|p2a: Blastoise|130/258 psn|[from] psn\n|upkeep\n|\n|t:|1781441912\n|switch|p1a: Mandibuzz|Mandibuzz, L85, F|326/326\n|turn|23\n|\n|t:|1781441920\n|move|p2a: Blastoise|Ice Beam|p1a: Mandibuzz\n|-supereffective|p1a: Mandibuzz\n|-damage|p1a: Mandibuzz|126/326\n|-status|p1a: Mandibuzz|frz\n|-curestatus|p1a: Mandibuzz|frz|[msg]\n|move|p1a: Mandibuzz|Defog|p2a: Blastoise\n|-unboost|p2a: Blastoise|evasion|1\n|-sideend|p2: lizhixian|Toxic Spikes|[from] move: Defog|[of] p1a: Mandibuzz\n|\n|-damage|p2a: Blastoise|98/258 psn|[from] psn\n|upkeep\n|turn|24\n|\n|t:|1781441933\n|move|p2a: Blastoise|Ice Beam|p1a: Mandibuzz\n|-supereffective|p1a: Mandibuzz\n|-damage|p1a: Mandibuzz|0 fnt\n|faint|p1a: Mandibuzz\n|\n|-damage|p2a: Blastoise|66/258 psn|[from] psn\n|upkeep\n|\n|t:|1781441941\n|switch|p1a: Rhyperior|Rhyperior, L82, F|49/323\n|turn|25\n|\n|t:|1781441947\n|move|p2a: Blastoise|Ice Beam|p1a: Rhyperior\n|-supereffective|p1a: Rhyperior\n|-damage|p1a: Rhyperior|0 fnt\n|faint|p1a: Rhyperior\n|\n|win|lizhixian\n|raw|PaypalPotato's rating: 1029 &rarr; <strong>1016</strong><br />(-13 for losing)\n|raw|lizhixian's rating: 1054 &rarr; <strong>1084</strong><br />(+30 for winning)\n|l|\u2606PaypalPotato\n|player|p1|\n", "inputlog": ">version a8376a258c1d4662feba110a92103f3664a72141\n>start {\"formatid\":\"gen9randombattle\",\"seed\":\"sodium,ee44c30f5d5419cadf77072e358a3ad3\",\"rated\":\"Rated battle\"}\n>player p1 {\"name\":\"PaypalPotato\",\"avatar\":\"hilda\",\"rating\":1029,\"seed\":\"sodium,8a8b221c73d8708358024d0f5438571c\"}\n>player p2 {\"name\":\"lizhixian\",\"avatar\":\"265\",\"rating\":1054,\"seed\":\"sodium,784cabb08c94ecff42a7ec786963cb02\"}\n>p1 move toxicspikes\n>p2 move coil\n>p1 move fireblast\n>p2 move coil\n>p1 move sludgebomb\n>p2 move coil\n>p1 move sludgebomb\n>p2 move roost\n>p1 move sludgebomb\n>p2 move bodyslam\n>p1 move sludgebomb\n>p2 move roost\n>p1 move sludgebomb\n>p2 move roost\n>p1 move sludgebomb\n>p2 move roost\n>p1 move sludgebomb\n>p2 move bodyslam\n>p1 move sludgebomb\n>p2 move roost\n>p1 move sludgebomb\n>p2 move roost\n>p1 move painsplit\n>p2 move bodyslam\n>p1 switch 3\n>p1 move freezingglare\n>p2 move bodyslam\n>p2 switch 5\n>p1 switch 2\n>p2 move nastyplot\n>p1 move terablast terastallize\n>p2 move darkpulse\n>p1 move terablast\n>p2 move fireblast terastallize\n>p1 move shadowball\n>p2 move fireblast\n>p1 switch 5\n>p1 move earthquake\n>p2 move psychic\n>p2 switch 6\n>p1 switch 6\n>p2 move icebeam\n>p1 switch 2\n>p2 move shellsmash\n>p1 move recover\n>p2 move icebeam\n>p1 switch 2\n>p1 move quiverdance\n>p2 move hydropump\n>p1 switch 4\n>p1 move defog\n>p2 move icebeam\n>p1 move roost\n>p2 move icebeam\n>p1 switch 6\n>p1 move icepunch\n>p2 move icebeam", "uploadtime": 1781441956, "views": 5, "formatid": "gen9randombattle", "rating": 1016, "private": 0, "password": null}